filing_date,code,fiscal_year_end,quarterly_period,net_sales,net_sales_change,revenue,revenue_change,operating_revenue,operating_revenue_change,operating_profit,operating_profit_change,ordinary_profit,ordinary_profit_change,net_income,net_income_of_parent,net_income_change,eps,diluted_eps,roe,roa,operating_profit_to_net_sales,operating_profit_to_revenue,total_assets,net_assets,equity_ratio,bps,owner_equity,operating_cash_flow,investing_cash_flow,financing_cash_flow,cash,dividend_per_share,payout_ratio,commemorative_dividend,extra_dividend,number_of_shares,number_of_treqsury_shares,avg_number_of_shares,is_consolidated,is_forecast,duration,period_start,period_end,period_pos
2015-05-13,54580,2015-03-31,,9978000000,-0.023,,,,,518000000,0.652,412000000,1.312,361000000,,0.138,12.04,,0.240,0.044,0.052,,9238000000,1702000000,0.184,56.70,1702000000,1021000000,-188000000,-664000000,1327000000,,,,,,,,true,false,12,2014-04-01,2015-03-31,0
2015-05-13,54580,2014-03-31,,10210000000,0.047,,,,,314000000,,178000000,,317000000,,,10.57,,0.270,0.018,0.031,,9472000000,1309000000,0.138,43.59,1309000000,482000000,371000000,-1048000000,1158000000,,,,,,,,true,false,12,2013-04-01,2014-03-31,-1
2015-05-13,54580,2016-03-31,,4750000000,-0.049,,,,,145000000,-0.515,110000000,-0.514,,90000000,,3.00,,,,,,,,,,,,,,,,,,,,,,true,true,6,2015-04-01,2015-09-30,1
2015-05-13,54580,2016-03-31,,9700000000,-0.028,,,,,360000000,-0.306,290000000,-0.297,,240000000,,7.99,,,,,,,,,,,,,,,,,,,,,,true,true,12,2015-04-01,2016-03-31,1
2015-05-13,54580,2015-03-31,,6401000000,0.059,,,,,438000000,0.529,344000000,0.904,324000000,,,10.79,,,,,,7402000000,1450000000,0.196,48.30,1450000000,,,,,0.00,,,,30080000,50374,30029678,false,false,12,2014-04-01,2015-03-31,0
2015-05-13,54580,2014-03-31,,6046000000,0.016,,,,,286000000,,180000000,,-241000000,,,-8.05,,,,,,7725000000,1116000000,0.145,37.18,1116000000,,,,,0.00,,,,30080000,50266,30030284,false,false,12,2013-04-01,2014-03-31,-1
2015-05-13,54580,2016-03-31,,2900000000,-0.111,,,,,125000000,-0.459,90000000,-0.453,80000000,,-0.441,2.66,,,,,,,,,,,,,,,,,,,,,,false,true,6,2015-04-01,2015-09-30,1
2015-05-13,54580,2016-03-31,,6000000000,-0.063,,,,,320000000,-0.270,250000000,-0.274,220000000,,-0.321,7.33,,,,,,,,,,,,,,,0.00,,,,,,,false,true,12,2015-04-01,2016-03-31,1
2015-07-31,54580,2016-03-31,1,2312000000,-0.067,,,,,84000000,-0.310,69000000,-0.275,,54000000,,1.81,,,,,,8804000000,1759000000,0.200,58.58,1759000000,,,,,,,,,,,,true,false,3,2015-04-01,2015-06-30,0
2015-07-31,54580,2015-03-31,1,2477000000,0.022,,,,,123000000,1.007,95000000,2.241,,75000000,,2.52,,,,,,,,,,,,,,,,,,,,,,true,false,3,2014-04-01,2014-06-30,-1
2015-07-31,54580,2016-03-31,1,4750000000,-0.049,,,,,145000000,-0.515,110000000,-0.514,,90000000,,3.00,,,,,,,,,,,,,,,,,,,,,,true,true,6,2015-04-01,2015-09-30,0
2015-07-31,54580,2016-03-31,1,9700000000,-0.028,,,,,360000000,-0.306,290000000,-0.297,,240000000,,7.99,,,,,,,,,,,,,,,,,,,,,,true,true,12,2015-04-01,2016-03-31,0
2015-07-31,54580,2015-03-31,1,,,,,,,,,,,,,,,,,,,,9238000000,1702000000,0.184,56.70,1702000000,,,,,,,,,,,,true,false,12,2014-04-01,2015-03-31,-1
2015-07-31,54580,2015-03-31,1,,,,,,,,,,,,,,,,,,,,,,,,,,,,,0.00,,,,30080000,50374,,false,false,12,2014-04-01,2015-03-31,-1
2015-07-31,54580,2016-03-31,1,,,,,,,,,,,,,,,,,,,,,,,,,,,,,0.00,,,,,,,false,true,12,2015-04-01,2016-03-31,0
2015-07-31,54580,2016-03-31,1,,,,,,,,,,,,,,,,,,,,,,,,,,,,,,,,,30080000,50374,30029626,false,false,3,2015-04-01,2015-06-30,0
2015-07-31,54580,2015-03-31,1,,,,,,,,,,,,,,,,,,,,,,,,,,,,,,,,,,,30029734,false,false,3,2014-04-01,2014-06-30,-1
2015-10-30,54580,2016-03-31,2,4692000000,-0.061,,,,,159000000,-0.467,125000000,-0.447,,153000000,,5.10,,,,,,8683000000,1858000000,0.214,61.88,1858000000,,,,,,,,,,,,true,false,6,2015-04-01,2015-09-30,0
2015-10-30,54580,2015-03-31,2,4995000000,0.013,,,,,298000000,1.790,226000000,4.726,,181000000,,6.03,,,,,,,,,,,,,,,,,,,,,,true,false,6,2014-04-01,2014-09-30,-1
2015-10-30,54580,2016-03-31,2,9700000000,-0.028,,,,,360000000,-0.306,290000000,-0.297,,280000000,,9.32,,,,,,,,,,,,,,,,,,,,,,true,true,12,2015-04-01,2016-03-31,0
2015-10-30,54580,2015-03-31,2,,,,,,,,,,,,,,,,,,,,9238000000,1702000000,0.184,56.70,1702000000,,,,,,,,,,,,true,false,12,2014-04-01,2015-03-31,-1
2015-10-30,54580,2015-03-31,2,,,,,,,,,,,,,,,,,,,,,,,,,,,,,0.00,,,,30080000,50374,,false,false,12,2014-04-01,2015-03-31,-1
2015-10-30,54580,2016-03-31,2,,,,,,,,,,,,,,,,,,,,,,,,,,,,,0.00,,,,,,,false,false,12,2015-04-01,2016-03-31,0
2015-10-30,54580,2016-03-31,2,,,,,,,,,,,,,,,,,,,,,,,,,,,,,,,,,30080000,50374,30029626,false,false,6,2015-04-01,2015-09-30,0
2015-10-30,54580,2015-03-31,2,,,,,,,,,,,,,,,,,,,,,,,,,,,,,,,,,,,30029713,false,false,6,2014-04-01,2014-09-30,-1
2016-01-29,54580,2016-03-31,3,6928000000,-0.087,,,,,218000000,-0.511,169000000,-0.528,,189000000,,6.31,,,,,,8850000000,1894000000,0.214,63.09,1894000000,,,,,,,,,,,,true,false,9,2015-04-01,2015-12-31,0
2016-01-29,54580,2015-03-31,3,7589000000,-0.003,,,,,446000000,1.093,359000000,2.229,,302000000,,10.08,,,,,,,,,,,,,,,,,,,,,,true,false,9,2014-04-01,2014-12-31,-1
2016-01-29,54580,2016-03-31,3,9100000000,-0.088,,,,,250000000,-0.518,190000000,-0.539,,200000000,,6.66,,,,,,,,,,,,,,,,,,,,,,true,true,12,2015-04-01,2016-03-31,0
2016-01-29,54580,2015-03-31,3,,,,,,,,,,,,,,,,,,,,9238000000,1702000000,0.184,56.70,1702000000,,,,,,,,,,,,true,false,12,2014-04-01,2015-03-31,-1
2016-01-29,54580,2015-03-31,3,,,,,,,,,,,,,,,,,,,,,,,,,,,,,0.00,,,,30080000,50374,,false,false,12,2014-04-01,2015-03-31,-1
2016-01-29,54580,2016-03-31,3,,,,,,,,,,,,,,,,,,,,,,,,,,,,,0.00,,,,,,,false,false,12,2015-04-01,2016-03-31,0
2016-01-29,54580,2016-03-31,3,,,,,,,,,,,,,,,,,,,,,,,,,,,,,0.00,,,,,,,false,true,12,2015-04-01,2016-03-31,0
2016-01-29,54580,2016-03-31,3,,,,,,,,,,,,,,,,,,,,,,,,,,,,,,,,,30080000,50374,30029626,false,false,9,2015-04-01,2015-12-31,0
2016-01-29,54580,2015-03-31,3,,,,,,,,,,,,,,,,,,,,,,,,,,,,,,,,,,,30029693,false,false,9,2014-04-01,2014-12-31,-1
2016-01-29,54580,2016-03-31,,9100000000,-0.062,,,,,250000000,-0.306,190000000,-0.345,,200000000,,6.66,,,,,,,,,,,,,,,,,,,,,,true,true,12,2015-04-01,2016-03-31,0
2016-01-29,54580,2015-03-31,,9978000000,,,,,,518000000,,412000000,,,361000000,,12.04,,,,,,,,,,,,,,,,,,,,,,true,false,12,2014-04-01,2015-03-31,-1
2016-01-29,54580,2016-03-31,,5500000000,-0.083,,,,,220000000,-0.313,170000000,-0.320,190000000,,-0.269,6.33,,,,,,,,,,,,,,,0.00,,,,,,,false,true,12,2015-04-01,2016-03-31,0
2016-01-29,54580,2015-03-31,,6401000000,,,,,,438000000,,344000000,,324000000,,,10.79,,,,,,,,,,,,,,,0.00,,,,,,,false,false,12,2014-04-01,2015-03-31,-1
2016-01-29,54580,2016-03-31,,,,,,,,,,,,,,,,,,,,,,,,,,,,,,0.00,,,,,,,false,false,12,2015-04-01,2016-03-31,0
2016-05-13,54580,2016-03-31,,9079000000,-0.090,,,,,281000000,-0.458,211000000,-0.487,,226000000,,7.54,,0.126,0.024,0.031,,8036000000,1887000000,0.235,62.85,1887000000,599000000,225000000,-937000000,1214000000,,,,,,,,true,false,12,2015-04-01,2016-03-31,0
2016-05-13,54580,2015-03-31,,9978000000,-0.023,,,,,518000000,0.652,412000000,1.312,,361000000,,12.04,,0.240,0.044,0.052,,9238000000,1702000000,0.184,56.70,1702000000,1021000000,-188000000,-664000000,1327000000,,,,,,,,true,false,12,2014-04-01,2015-03-31,-1
2016-05-13,54580,2017-03-31,,4400000000,-0.062,,,,,100000000,-0.372,70000000,-0.441,,50000000,,1.67,,,,,,,,,,,,,,,,,,,,,,true,true,6,2016-04-01,2016-09-30,1
2016-05-13,54580,2017-03-31,,9100000000,0.002,,,,,280000000,-0.004,220000000,0.040,,170000000,,5.66,,,,,,,,,,,,,,,,,,,,,,true,true,12,2016-04-01,2017-03-31,1
2016-05-13,54580,2016-03-31,,5533000000,-0.136,,,,,253000000,-0.422,198000000,-0.422,222000000,,-0.312,7.43,,,,,,6594000000,1671000000,0.253,55.66,1671000000,,,,,0.00,,,,30080000,51544,30029506,false,false,12,2015-04-01,2016-03-31,0
2016-05-13,54580,2015-03-31,,6401000000,0.059,,,,,438000000,0.529,344000000,0.904,324000000,,,10.79,,,,,,7402000000,1450000000,0.196,48.30,1450000000,,,,,0.00,,,,30080000,50374,30029678,false,false,12,2014-04-01,2015-03-31,-1
2016-05-13,54580,2017-03-31,,,,,,,,,,,,,,,,,,,,,,,,,,,,,,0.00,,,,,,,false,true,12,2016-04-01,2017-03-31,1
2016-07-29,54580,2017-03-31,1,2161000000,-0.065,,,,,71000000,-0.162,56000000,-0.183,,51000000,,1.72,,,,,,8308000000,1939000000,0.233,64.60,1939000000,,,,,,,,,,,,true,false,3,2016-04-01,2016-06-30,0
2016-07-29,54580,2016-03-31,1,2312000000,-0.067,,,,,84000000,-0.310,69000000,-0.275,,54000000,,1.81,,,,,,,,,,,,,,,,,,,,,,true,false,3,2015-04-01,2015-06-30,-1
2016-07-29,54580,2017-03-31,1,4400000000,-0.062,,,,,100000000,-0.372,70000000,-0.441,,50000000,,1.67,,,,,,,,,,,,,,,,,,,,,,true,true,6,2016-04-01,2016-09-30,0
2016-07-29,54580,2017-03-31,1,9100000000,0.002,,,,,280000000,-0.004,220000000,0.040,,170000000,,5.66,,,,,,,,,,,,,,,,,,,,,,true,true,12,2016-04-01,2017-03-31,0
2016-07-29,54580,2016-03-31,1,,,,,,,,,,,,,,,,,,,,8036000000,1887000000,0.235,62.85,1887000000,,,,,,,,,,,,true,false,12,2015-04-01,2016-03-31,-1
2016-07-29,54580,2016-03-31,1,,,,,,,,,,,,,,,,,,,,,,,,,,,,,0.00,,,,30080000,51544,,false,false,12,2015-04-01,2016-03-31,-1
2016-07-29,54580,2017-03-31,1,,,,,,,,,,,,,,,,,,,,,,,,,,,,,0.00,,,,,,,false,true,12,2016-04-01,2017-03-31,0
2016-07-29,54580,2017-03-31,1,,,,,,,,,,,,,,,,,,,,,,,,,,,,,,,,,30080000,52044,30028206,false,false,3,2016-04-01,2016-06-30,0
2016-07-29,54580,2016-03-31,1,,,,,,,,,,,,,,,,,,,,,,,,,,,,,,,,,,,30029626,false,false,3,2015-04-01,2015-06-30,-1
2016-10-31,54580,2017-03-31,2,4275000000,-0.089,,,,,164000000,0.035,135000000,0.079,,101000000,,3.39,,,,,,7908000000,1992000000,0.252,66.36,1992000000,,,,,,,,,,,,true,false,6,2016-04-01,2016-09-30,0
2016-10-31,54580,2016-03-31,2,4692000000,-0.061,,,,,159000000,-0.467,125000000,-0.447,,153000000,,5.10,,,,,,,,,,,,,,,,,,,,,,true,false,6,2015-04-01,2015-09-30,-1
2016-10-31,54580,2017-03-31,2,8800000000,-0.031,,,,,330000000,0.174,280000000,0.324,,210000000,,6.99,,,,,,,,,,,,,,,,,,,,,,true,true,12,2016-04-01,2017-03-31,0
2016-10-31,54580,2016-03-31,2,,,,,,,,,,,,,,,,,,,,8036000000,1887000000,0.235,62.85,1887000000,,,,,,,,,,,,true,false,12,2015-04-01,2016-03-31,-1
2016-10-31,54580,2016-03-31,2,,,,,,,,,,,,,,,,,,,,,,,,,,,,,0.00,,,,30080000,51544,,false,false,12,2015-04-01,2016-03-31,-1
2016-10-31,54580,2017-03-31,2,,,,,,,,,,,,,,,,,,,,,,,,,,,,,0.00,,,,,,,false,false,12,2016-04-01,2017-03-31,0
2016-10-31,54580,2017-03-31,2,,,,,,,,,,,,,,,,,,,,,,,,,,,,,,,,,30080000,52104,30028082,false,false,6,2016-04-01,2016-09-30,0
2016-10-31,54580,2016-03-31,2,,,,,,,,,,,,,,,,,,,,,,,,,,,,,,,,,,,30029626,false,false,6,2015-04-01,2015-09-30,-1
2017-01-31,54580,2017-03-31,3,6566000000,-0.052,,,,,265000000,0.218,226000000,0.335,,382000000,,12.75,,,,,,8239000000,2277000000,0.276,75.84,2277000000,,,,,,,,,,,,true,false,9,2016-04-01,2016-12-31,0
2017-01-31,54580,2016-03-31,3,6928000000,-0.087,,,,,218000000,-0.511,169000000,-0.528,,189000000,,6.31,,,,,,,,,,,,,,,,,,,,,,true,false,9,2015-04-01,2015-12-31,-1
2017-01-31,54580,2017-03-31,3,8800000000,-0.031,,,,,330000000,0.174,280000000,0.324,,420000000,,13.99,,,,,,,,,,,,,,,,,,,,,,true,true,12,2016-04-01,2017-03-31,0
2017-01-31,54580,2016-03-31,3,,,,,,,,,,,,,,,,,,,,8036000000,1887000000,0.235,62.85,1887000000,,,,,,,,,,,,true,false,12,2015-04-01,2016-03-31,-1
2017-01-31,54580,2016-03-31,3,,,,,,,,,,,,,,,,,,,,,,,,,,,,,0.00,,,,30080000,51544,,false,false,12,2015-04-01,2016-03-31,-1
2017-01-31,54580,2017-03-31,3,,,,,,,,,,,,,,,,,,,,,,,,,,,,,0.00,,,,,,,false,false,12,2016-04-01,2017-03-31,0
2017-01-31,54580,2017-03-31,3,,,,,,,,,,,,,,,,,,,,,,,,,,,,,0.00,,,,,,,false,true,12,2016-04-01,2017-03-31,0
2017-01-31,54580,2017-03-31,3,,,,,,,,,,,,,,,,,,,,,,,,,,,,,,,,,30080000,52104,30028026,false,false,9,2016-04-01,2016-12-31,0
2017-01-31,54580,2016-03-31,3,,,,,,,,,,,,,,,,,,,,,,,,,,,,,,,,,,,30029626,false,false,9,2015-04-01,2015-12-31,-1
2017-01-31,54580,2017-03-31,,8800000000,0.000,,,,,330000000,0.000,280000000,0.000,,420000000,,13.99,,,,,,,,,,,,,,,,,,,,,,true,true,12,2016-04-01,2017-03-31,0
2017-01-31,54580,2016-03-31,,9079000000,,,,,,281000000,,211000000,,,226000000,,7.54,,,,,,,,,,,,,,,,,,,,,,true,false,12,2015-04-01,2016-03-31,-1
2017-01-31,54580,2017-03-31,,,,,,,,,,,,,,,,,,,,,,,,,,,,,,0.00,,,,,,,false,true,12,2016-04-01,2017-03-31,0
2017-01-31,54580,2017-03-31,,,,,,,,,,,,,,,,,,,,,,,,,,,,,,0.00,,,,,,,false,false,12,2016-04-01,2017-03-31,0
2017-01-31,54580,2016-03-31,,,,,,,,,,,,,,,,,,,,,,,,,,,,,,0.00,,,,,,,false,false,12,2015-04-01,2016-03-31,-1
2017-05-12,54580,2017-03-31,,9032000000,-0.005,,,,,422000000,0.502,374000000,0.769,,428000000,,14.28,,0.204,0.047,0.047,,7942000000,2317000000,0.292,77.18,2317000000,791000000,225000000,-1085000000,1146000000,,,,,,,,true,false,12,2016-04-01,2017-03-31,0
2017-05-12,54580,2016-03-31,,9079000000,-0.090,,,,,281000000,-0.458,211000000,-0.487,,226000000,,7.54,,0.126,0.024,0.031,,8036000000,1887000000,0.235,62.85,1887000000,599000000,225000000,-937000000,1214000000,,,,,,,,true,false,12,2015-04-01,2016-03-31,-1
2017-05-12,54580,2018-03-31,,4700000000,0.099,,,,,200000000,0.213,180000000,0.332,,140000000,,4.66,,,,,,,,,,,,,,,,,,,,,,true,true,6,2017-04-01,2017-09-30,1
2017-05-12,54580,2018-03-31,,9600000000,0.063,,,,,410000000,-0.029,380000000,0.016,,300000000,,9.99,,,,,,,,,,,,,,,,,,,,,,true,true,12,2017-04-01,2018-03-31,1
2017-05-12,54580,2017-03-31,,5260000000,-0.049,,,,,339000000,0.339,310000000,0.562,394000000,,0.769,13.13,,,,,,6203000000,2066000000,0.333,68.83,2066000000,,,,,0.00,,,,30080000,52104,30027996,false,false,12,2016-04-01,2017-03-31,0
2017-05-12,54580,2016-03-31,,5533000000,-0.136,,,,,253000000,-0.422,198000000,-0.422,222000000,,-0.312,7.43,,,,,,6594000000,1671000000,0.253,55.66,1671000000,,,,,0.00,,,,30080000,51544,30029506,false,false,12,2015-04-01,2016-03-31,-1
2017-05-12,54580,2018-03-31,,,,,,,,,,,,,,,,,,,,,,,,,,,,,,0.00,,,,,,,false,true,12,2017-04-01,2018-03-31,1
2017-07-31,54580,2018-03-31,1,2552000000,0.181,,,,,177000000,1.501,130000000,1.304,,93000000,,3.11,,,,,,8177000000,2414000000,0.295,80.40,2414000000,,,,,,,,,,,,true,false,3,2017-04-01,2017-06-30,0
2017-07-31,54580,2017-03-31,1,2161000000,-0.065,,,,,71000000,-0.162,56000000,-0.183,,51000000,,1.72,,,,,,,,,,,,,,,,,,,,,,true,false,3,2016-04-01,2016-06-30,-1
2017-07-31,54580,2018-03-31,1,5000000000,0.169,,,,,250000000,0.516,180000000,0.332,,140000000,,46.62,,,,,,,,,,,,,,,,,,,,,,true,true,6,2017-04-01,2017-09-30,0
2017-07-31,54580,2018-03-31,1,10000000000,0.107,,,,,460000000,0.089,380000000,0.016,,300000000,,99.91,,,,,,,,,,,,,,,,,,,,,,true,true,12,2017-04-01,2018-03-31,0
2017-07-31,54580,2017-03-31,1,,,,,,,,,,,,,,,,,,,,7942000000,2317000000,0.292,77.18,2317000000,,,,,,,,,,,,true,false,12,2016-04-01,2017-03-31,-1
2017-07-31,54580,2017-03-31,1,,,,,,,,,,,,,,,,,,,,,,,,,,,,,0.00,,,,30080000,52104,,false,false,12,2016-04-01,2017-03-31,-1
2017-07-31,54580,2018-03-31,1,,,,,,,,,,,,,,,,,,,,,,,,,,,,,0.00,,,,,,,false,true,12,2017-04-01,2018-03-31,0
2017-07-31,54580,2018-03-31,1,,,,,,,,,,,,,,,,,,,,,,,,,,,,,,,,,30080000,52104,30027896,false,false,3,2017-04-01,2017-06-30,0
2017-07-31,54580,2017-03-31,1,,,,,,,,,,,,,,,,,,,,,,,,,,,,,,,,,,,30028206,false,false,3,2016-04-01,2016-06-30,-1
2017-07-31,54580,2018-03-31,,5000000000,0.064,,,,,250000000,0.250,180000000,0.000,,140000000,,46.62,,,,,,,,,,,,,,,,,,,,,,true,true,6,2017-04-01,2017-09-30,0
2017-07-31,54580,2017-03-31,,4275000000,,,,,,164000000,,135000000,,,101000000,,3.39,,,,,,,,,,,,,,,,,,,,,,true,false,6,2016-04-01,2016-09-30,-1
2017-07-31,54580,2018-03-31,,10000000000,0.042,,,,,460000000,0.122,380000000,0.000,,300000000,,99.91,,,,,,,,,,,,,,,,,,,,,,true,true,12,2017-04-01,2018-03-31,0
2017-07-31,54580,2017-03-31,,9032000000,,,,,,422000000,,374000000,,,428000000,,14.28,,,,,,,,,,,,,,,,,,,,,,true,false,12,2016-04-01,2017-03-31,-1
2017-10-31,54580,2018-03-31,2,5152000000,0.205,,,,,287000000,0.747,232000000,0.717,,174000000,,58.26,,,,,,8171000000,2498000000,0.306,832.19,2498000000,,,,,,,,,,,,true,false,6,2017-04-01,2017-09-30,0
2017-10-31,54580,2017-03-31,2,4275000000,-0.089,,,,,164000000,0.035,135000000,0.079,,101000000,,33.94,,,,,,,,,,,,,,,,,,,,,,true,false,6,2016-04-01,2016-09-30,-1
2017-10-31,54580,2018-03-31,2,10400000000,0.151,,,,,550000000,0.303,480000000,0.283,,380000000,,126.55,,,,,,,,,,,,,,,,,,,,,,true,true,12,2017-04-01,2018-03-31,0
2017-10-31,54580,2017-03-31,2,,,,,,,,,,,,,,,,,,,,7942000000,2317000000,0.292,771.79,2317000000,,,,,,,,,,,,true,false,12,2016-04-01,2017-03-31,-1
2017-10-31,54580,2017-03-31,2,,,,,,,,,,,,,,,,,,,,,,,,,,,,,0.00,,,,3008000,5210,,false,false,12,2016-04-01,2017-03-31,-1
2017-10-31,54580,2018-03-31,2,,,,,,,,,,,,,,,,,,,,,,,,,,,,,0.00,,,,,,,false,false,12,2017-04-01,2018-03-31,0
2017-10-31,54580,2018-03-31,2,,,,,,,,,,,,,,,,,,,,,,,,,,,,,,,,,3008000,5210,3002790,false,false,6,2017-04-01,2017-09-30,0
2017-10-31,54580,2017-03-31,2,,,,,,,,,,,,,,,,,,,,,,,,,,,,,,,,,,,3002808,false,false,6,2016-04-01,2016-09-30,-1
2018-01-31,54580,2018-03-31,3,7861000000,0.197,,,,,424000000,0.597,361000000,0.599,,280000000,,93.32,,,,,,8096000000,2607000000,0.322,868.41,2607000000,,,,,,,,,,,,true,false,9,2017-04-01,2017-12-31,0
2018-01-31,54580,2017-03-31,3,6566000000,-0.052,,,,,265000000,0.218,226000000,0.335,,382000000,,127.51,,,,,,,,,,,,,,,,,,,,,,true,false,9,2016-04-01,2016-12-31,-1
2018-01-31,54580,2018-03-31,3,10400000000,0.151,,,,,550000000,0.303,480000000,0.283,,380000000,,126.55,,,,,,,,,,,,,,,,,,,,,,true,true,12,2017-04-01,2018-03-31,0
2018-01-31,54580,2017-03-31,3,,,,,,,,,,,,,,,,,,,,7942000000,2317000000,0.292,771.79,2317000000,,,,,,,,,,,,true,false,12,2016-04-01,2017-03-31,-1
2018-01-31,54580,2017-03-31,3,,,,,,,,,,,,,,,,,,,,,,,,,,,,,0.00,,,,3008000,5210,,false,false,12,2016-04-01,2017-03-31,-1
2018-01-31,54580,2018-03-31,3,,,,,,,,,,,,,,,,,,,,,,,,,,,,,0.00,,,,,,,false,false,12,2017-04-01,2018-03-31,0
2018-01-31,54580,2018-03-31,3,,,,,,,,,,,,,,,,,,,,,,,,,,,,,20.00,,,,,,,false,true,12,2017-04-01,2018-03-31,0
2018-01-31,54580,2018-03-31,3,,,,,,,,,,,,,,,,,,,,,,,,,,,,,,,,,3008000,5400,3002747,false,false,9,2017-04-01,2017-12-31,0
2018-01-31,54580,2017-03-31,3,,,,,,,,,,,,,,,,,,,,,,,,,,,,,,,,,,,3002802,false,false,9,2016-04-01,2016-12-31,-1
,54580,2018-03-31,,,,,,,,,,,,,,,,,,,,,,,,,,,,,,20.00,,,,,,,false,true,12,2017-04-01,2018-03-31,0
,54580,2018-03-31,,,,,,,,,,,,,,,,,,,,,,,,,,,,,,0.00,,,,,,,false,false,12,2017-04-01,2018-03-31,0
,54580,2017-03-31,,,,,,,,,,,,,,,,,,,,,,,,,,,,,,0.00,,,,,,,false,false,12,2016-04-01,2017-03-31,-1
2018-05-11,54580,2018-03-31,,10539000000,0.167,,,,,556000000,0.317,499000000,0.335,,405000000,,134.96,,0.161,0.062,0.053,,8232000000,2710000000,0.329,902.86,2710000000,990000000,-136000000,-788000000,1211000000,,0.148,,,,,,true,false,12,2017-04-01,2018-03-31,0
2018-05-11,54580,2017-03-31,,9032000000,-0.005,,,,,422000000,0.502,374000000,0.769,,428000000,,142.82,,0.204,0.047,0.047,,7942000000,2317000000,0.292,771.79,2317000000,791000000,225000000,-1085000000,1146000000,,,,,,,,true,false,12,2016-04-01,2017-03-31,-1
2018-05-11,54580,2019-03-31,,5400000000,0.048,,,,,220000000,-0.236,210000000,-0.095,,170000000,,56.62,,,,,,,,,,,,,,,,,,,,,,true,true,6,2018-04-01,2018-09-30,1
2018-05-11,54580,2019-03-31,,11000000000,0.044,,,,,560000000,0.007,540000000,0.082,,430000000,,143.21,,,,,,,,,,,,,,,,,,,,,,true,true,12,2018-04-01,2019-03-31,1
2018-05-11,54580,2018-03-31,,5962000000,0.133,,,,,425000000,0.254,384000000,0.238,337000000,,-0.144,112.45,,,,,,6298000000,2407000000,0.382,801.68,2407000000,,,,,20.00,,,,3008000,5521,3002704,false,false,12,2017-04-01,2018-03-31,0
2018-05-11,54580,2017-03-31,,5260000000,-0.049,,,,,339000000,0.339,310000000,0.562,394000000,,0.769,131.34,,,,,,6203000000,2066000000,0.333,688.27,2066000000,,,,,0.00,,,,3008000,5210,3002800,false,false,12,2016-04-01,2017-03-31,-1
2018-07-31,54580,2019-03-31,1,2816000000,0.103,,,,,137000000,-0.225,133000000,0.022,,107000000,,35.86,,,,,,8279000000,2760000000,0.333,919.51,2760000000,,,,,,,,,,,,true,false,3,2018-04-01,2018-06-30,0
2018-07-31,54580,2018-03-31,1,2552000000,0.181,,,,,177000000,1.501,130000000,1.304,,93000000,,31.10,,,,,,,,,,,,,,,,,,,,,,true,false,3,2017-04-01,2017-06-30,-1
2018-07-31,54580,2019-03-31,1,5400000000,0.048,,,,,220000000,-0.236,210000000,-0.095,,170000000,,56.62,,,,,,,,,,,,,,,,,,,,,,true,true,6,2018-04-01,2018-09-30,0
2018-07-31,54580,2019-03-31,1,11000000000,0.044,,,,,560000000,0.007,540000000,0.082,,430000000,,143.21,,,,,,,,,,,,,,,,,,,,,,true,true,12,2018-04-01,2019-03-31,0
2018-07-31,54580,2018-03-31,1,,,,,,,,,,,,,,,,,,,,8228000000,2710000000,0.329,902.86,2710000000,,,,,,,,,,,,true,false,12,2017-04-01,2018-03-31,-1
2018-07-31,54580,2018-03-31,1,,,,,,,,,,,,,,,,,,,,,,,,,,,,,20.00,,,,3008000,5521,,false,false,12,2017-04-01,2018-03-31,-1
2018-07-31,54580,2019-03-31,1,,,,,,,,,,,,,,,,,,,,,,,,,,,,,0.00,,,,,,,false,true,12,2018-04-01,2019-03-31,0
2018-07-31,54580,2019-03-31,1,,,,,,,,,,,,,,,,,,,,,,,,,,,,,,,,,3008000,5521,3002479,false,false,3,2018-04-01,2018-06-30,0
2018-07-31,54580,2018-03-31,1,,,,,,,,,,,,,,,,,,,,,,,,,,,,,,,,,,,3002790,false,false,3,2017-04-01,2017-06-30,-1
2018-10-31,54580,2019-03-31,2,5564000000,0.080,,,,,271000000,-0.056,266000000,0.148,,216000000,,72.10,,,,,,8118000000,2871000000,0.354,956.30,2871000000,,,,,,,,,,,,true,false,6,2018-04-01,2018-09-30,0
2018-10-31,54580,2018-03-31,2,5152000000,0.205,,,,,287000000,0.747,232000000,0.717,,174000000,,58.26,,,,,,,,,,,,,,,,,,,,,,true,false,6,2017-04-01,2017-09-30,-1
2018-10-31,54580,2019-03-31,2,11000000000,0.044,,,,,560000000,0.007,540000000,0.082,,430000000,,143.21,,,,,,,,,,,,,,,,,,,,,,true,true,12,2018-04-01,2019-03-31,0
2018-10-31,54580,2018-03-31,2,,,,,,,,,,,,,,,,,,,,8228000000,2710000000,0.329,902.86,2710000000,,,,,,,,,,,,true,false,12,2017-04-01,2018-03-31,-1
2018-10-31,54580,2018-03-31,2,,,,,,,,,,,,,,,,,,,,,,,,,,,,,20.00,,,,3008000,5521,,false,false,12,2017-04-01,2018-03-31,-1
2018-10-31,54580,2019-03-31,2,,,,,,,,,,,,,,,,,,,,,,,,,,,,,0.00,,,,,,,false,false,12,2018-04-01,2019-03-31,0
2018-10-31,54580,2019-03-31,2,,,,,,,,,,,,,,,,,,,,,,,,,,,,,20.00,,,,,,,false,true,12,2018-04-01,2019-03-31,0
2018-10-31,54580,2019-03-31,2,,,,,,,,,,,,,,,,,,,,,,,,,,,,,,,,,3008000,5553,3002465,false,false,6,2018-04-01,2018-09-30,0
2018-10-31,54580,2018-03-31,2,,,,,,,,,,,,,,,,,,,,,,,,,,,,,,,,,,,3002790,false,false,6,2017-04-01,2017-09-30,-1
,54580,2019-03-31,,,,,,,,,,,,,,,,,,,,,,,,,,,,,,20.00,,,,,,,false,true,12,2018-04-01,2019-03-31,0
,54580,2019-03-31,,,,,,,,,,,,,,,,,,,,,,,,,,,,,,0.00,,,,,,,false,false,12,2018-04-01,2019-03-31,0
,54580,2018-03-31,,,,,,,,,,,,,,,,,,,,,,,,,,,,,,20.00,,,,,,,false,false,12,2017-04-01,2018-03-31,-1
2019-01-31,54580,2019-03-31,3,8365000000,0.064,,,,,425000000,0.001,415000000,0.147,,311000000,,103.89,,,,,,7963000000,2966000000,0.373,988.02,2966000000,,,,,,,,,,,,true,false,9,2018-04-01,2018-12-31,0
2019-01-31,54580,2018-03-31,3,7861000000,0.197,,,,,424000000,0.597,361000000,0.599,,280000000,,93.32,,,,,,,,,,,,,,,,,,,,,,true,false,9,2017-04-01,2017-12-31,-1
2019-01-31,54580,2019-03-31,3,11000000000,0.044,,,,,560000000,0.007,540000000,0.082,,430000000,,143.21,,,,,,,,,,,,,,,,,,,,,,true,true,12,2018-04-01,2019-03-31,0
2019-01-31,54580,2018-03-31,3,,,,,,,,,,,,,,,,,,,,8228000000,2710000000,0.329,902.86,2710000000,,,,,,,,,,,,true,false,12,2017-04-01,2018-03-31,-1
2019-01-31,54580,2018-03-31,3,,,,,,,,,,,,,,,,,,,,,,,,,,,,,20.00,,,,3008000,5521,,false,false,12,2017-04-01,2018-03-31,-1
2019-01-31,54580,2019-03-31,3,,,,,,,,,,,,,,,,,,,,,,,,,,,,,0.00,,,,,,,false,false,12,2018-04-01,2019-03-31,0
2019-01-31,54580,2019-03-31,3,,,,,,,,,,,,,,,,,,,,,,,,,,,,,20.00,,,,,,,false,true,12,2018-04-01,2019-03-31,0
2019-01-31,54580,2019-03-31,3,,,,,,,,,,,,,,,,,,,,,,,,,,,,,,,,,3008000,5553,3002460,false,false,9,2018-04-01,2018-12-31,0
2019-01-31,54580,2018-03-31,3,,,,,,,,,,,,,,,,,,,,,,,,,,,,,,,,,,,3002747,false,false,9,2017-04-01,2017-12-31,-1
2019-05-10,54580,2019-03-31,,10990000000,0.043,,,,,551000000,-0.008,537000000,0.077,,423000000,,141.03,,0.146,0.067,0.050,,7755000000,3104000000,0.400,1034.15,3104000000,691000000,-30000000,-568000000,1303000000,,0.142,,,,,,true,false,12,2018-04-01,2019-03-31,0
2019-05-10,54580,2018-03-31,,10539000000,0.167,,,,,556000000,0.317,499000000,0.335,,405000000,,134.96,,0.161,0.062,0.053,,8228000000,2710000000,0.329,902.86,2710000000,990000000,-136000000,-788000000,1211000000,,0.148,,,,,,true,false,12,2017-04-01,2018-03-31,-1
2019-05-10,54580,2020-03-31,,5200000000,-0.066,,,,,180000000,-0.338,170000000,-0.362,,120000000,,39.97,,,,,,,,,,,,,,,,,,,,,,true,true,6,2019-04-01,2019-09-30,1
2019-05-10,54580,2020-03-31,,11300000000,0.028,,,,,560000000,0.015,540000000,0.004,,430000000,,143.22,,,,,,,,,,,,,,,,,,,,,,true,true,12,2019-04-01,2020-03-31,1
2019-05-10,54580,2018-03-31,,,,,,,,,,,,,,,,,,,,,,,,,,,,,,20.00,,,,3008000,5521,3002704,false,false,12,2017-04-01,2018-03-31,-1
2019-05-10,54580,2019-03-31,,,,,,,,,,,,,,,,,,,,,,,,,,,,,,20.00,,,,3008000,5588,3002454,false,false,12,2018-04-01,2019-03-31,0
2019-05-10,54580,2020-03-31,,,,,,,,,,,,,,,,,,,,,,,,,,,,,,0.00,,,,,,,false,true,12,2019-04-01,2020-03-31,1
2019-07-31,54580,2020-03-31,1,2364000000,-0.160,,,,,33000000,-0.755,30000000,-0.769,,24000000,,8.01,,,,,,7312000000,3070000000,0.420,1022.79,3070000000,,,,,,,,,,,,true,false,3,2019-04-01,2019-06-30,0
2019-07-31,54580,2019-03-31,1,2816000000,0.103,,,,,137000000,-0.225,133000000,0.022,,107000000,,35.86,,,,,,,,,,,,,,,,,,,,,,true,false,3,2018-04-01,2018-06-30,-1
2019-07-31,54580,2020-03-31,1,5200000000,-0.066,,,,,180000000,-0.338,170000000,-0.362,,120000000,,39.97,,,,,,,,,,,,,,,,,,,,,,true,true,6,2019-04-01,2019-09-30,0
2019-07-31,54580,2020-03-31,1,11300000000,0.028,,,,,560000000,0.015,540000000,0.004,,430000000,,143.22,,,,,,,,,,,,,,,,,,,,,,true,true,12,2019-04-01,2020-03-31,0
2019-07-31,54580,2019-03-31,1,,,,,,,,,,,,,,,,,,,,7755000000,3104000000,0.400,1034.15,3104000000,,,,,,,,,,,,true,false,12,2018-04-01,2019-03-31,-1
2019-07-31,54580,2019-03-31,1,,,,,,,,,,,,,,,,,,,,,,,,,,,,,20.00,,,,3008000,5588,,false,false,12,2018-04-01,2019-03-31,-1
2019-07-31,54580,2020-03-31,1,,,,,,,,,,,,,,,,,,,,,,,,,,,,,0.00,,,,,,,false,true,12,2019-04-01,2020-03-31,0
2019-07-31,54580,2020-03-31,1,,,,,,,,,,,,,,,,,,,,,,,,,,,,,,,,,3008000,5628,3002382,false,false,3,2019-04-01,2019-06-30,0
2019-07-31,54580,2019-03-31,1,,,,,,,,,,,,,,,,,,,,,,,,,,,,,,,,,,,3002479,false,false,3,2018-04-01,2018-06-30,-1
2019-10-28,54580,2020-03-31,,4773000000,-0.082,,,,,78000000,-0.567,74000000,-0.565,,16000000,,5.33,,,,,,,,,,,,,,,,,,,,,,true,true,6,2019-04-01,2019-09-30,0
2019-10-28,54580,2019-03-31,,5564000000,,,,,,271000000,,266000000,,,216000000,,72.10,,,,,,,,,,,,,,,,,,,,,,true,false,6,2018-04-01,2018-09-30,-1
2019-10-28,54580,2020-03-31,,10000000000,-0.115,,,,,260000000,-0.536,250000000,-0.537,,150000000,,49.96,,,,,,,,,,,,,,,,,,,,,,true,true,12,2019-04-01,2020-03-31,0
2019-10-28,54580,2019-03-31,,10990000000,,,,,,551000000,,537000000,,,423000000,,141.03,,,,,,,,,,,,,,,,,,,,,,true,false,12,2018-04-01,2019-03-31,-1
2019-10-28,54580,2020-03-31,,,,,,,,,,,,,,,,,,,,,,,,,,,,,,10.00,,,,,,,false,true,12,2019-04-01,2020-03-31,0
2019-10-28,54580,2020-03-31,,,,,,,,,,,,,,,,,,,,,,,,,,,,,,0.00,,,,,,,false,false,12,2019-04-01,2020-03-31,0
2019-10-28,54580,2019-03-31,,,,,,,,,,,,,,,,,,,,,,,,,,,,,,20.00,,,,,,,false,false,12,2018-04-01,2019-03-31,-1
2019-10-31,54580,2020-03-31,2,4773000000,-0.142,,,,,78000000,-0.710,74000000,-0.722,,16000000,,5.65,,,,,,7065000000,3066000000,0.434,1021.23,3066000000,,,,,,,,,,,,true,false,6,2019-04-01,2019-09-30,0
2019-10-31,54580,2019-03-31,2,5564000000,0.080,,,,,271000000,-0.056,266000000,0.148,,216000000,,72.10,,,,,,,,,,,,,,,,,,,,,,true,false,6,2018-04-01,2018-09-30,-1
2019-10-31,54580,2020-03-31,2,10000000000,-0.090,,,,,260000000,-0.529,250000000,-0.535,,150000000,,49.96,,,,,,,,,,,,,,,,,,,,,,true,true,12,2019-04-01,2020-03-31,0
2019-10-31,54580,2019-03-31,2,,,,,,,,,,,,,,,,,,,,7755000000,3104000000,0.400,1034.15,3104000000,,,,,,,,,,,,true,false,12,2018-04-01,2019-03-31,-1
2019-10-31,54580,2019-03-31,2,,,,,,,,,,,,,,,,,,,,,,,,,,,,,20.00,,,,3008000,5588,,false,false,12,2018-04-01,2019-03-31,-1
2019-10-31,54580,2020-03-31,2,,,,,,,,,,,,,,,,,,,,,,,,,,,,,0.00,,,,,,,false,false,12,2019-04-01,2020-03-31,0
2019-10-31,54580,2020-03-31,2,,,,,,,,,,,,,,,,,,,,,,,,,,,,,10.00,,,,,,,false,true,12,2019-04-01,2020-03-31,0
2019-10-31,54580,2020-03-31,2,,,,,,,,,,,,,,,,,,,,,,,,,,,,,,,,,3008000,5628,3002378,false,false,6,2019-04-01,2019-09-30,0
2019-10-31,54580,2019-03-31,2,,,,,,,,,,,,,,,,,,,,,,,,,,,,,,,,,,,3002465,false,false,6,2018-04-01,2018-09-30,-1
2020-01-31,54580,2020-03-31,3,7271000000,-0.131,,,,,120000000,-0.716,114000000,-0.725,,30000000,,10.28,,,,,,7268000000,3083000000,0.424,1027.15,3083000000,,,,,,,,,,,,true,false,9,2019-04-01,2019-12-31,0
2020-01-31,54580,2019-03-31,3,8365000000,0.064,,,,,425000000,0.001,415000000,0.147,,311000000,,103.89,,,,,,,,,,,,,,,,,,,,,,true,false,9,2018-04-01,2018-12-31,-1
2020-01-31,54580,2020-03-31,3,10000000000,-0.090,,,,,260000000,-0.529,250000000,-0.535,,150000000,,49.96,,,,,,,,,,,,,,,,,,,,,,true,true,12,2019-04-01,2020-03-31,0
2020-01-31,54580,2019-03-31,3,,,,,,,,,,,,,,,,,,,,7755000000,3104000000,0.400,1034.15,3104000000,,,,,,,,,,,,true,false,12,2018-04-01,2019-03-31,-1
2020-01-31,54580,2019-03-31,3,,,,,,,,,,,,,,,,,,,,,,,,,,,,,20.00,,,,3008000,5588,,false,false,12,2018-04-01,2019-03-31,-1
2020-01-31,54580,2020-03-31,3,,,,,,,,,,,,,,,,,,,,,,,,,,,,,0.00,,,,,,,false,false,12,2019-04-01,2020-03-31,0
2020-01-31,54580,2020-03-31,3,,,,,,,,,,,,,,,,,,,,,,,,,,,,,10.00,,,,,,,false,true,12,2019-04-01,2020-03-31,0
2020-01-31,54580,2020-03-31,3,,,,,,,,,,,,,,,,,,,,,,,,,,,,,,,,,3008000,5628,3002376,false,false,9,2019-04-01,2019-12-31,0
2020-01-31,54580,2019-03-31,3,,,,,,,,,,,,,,,,,,,,,,,,,,,,,,,,,,,3002460,false,false,9,2018-04-01,2018-12-31,-1
2020-04-16,54580,2020-03-31,,9680000000,-0.032,,,,,220000000,-0.154,210000000,-0.160,,75000000,,25.00,,,,,,,,,,,,,,,,,,,,,,true,true,12,2019-04-01,2020-03-31,0
2020-04-16,54580,2019-03-31,,10990000000,,,,,,551000000,,537000000,,,423000000,,141.03,,,,,,,,,,,,,,,,,,,,,,true,false,12,2018-04-01,2019-03-31,-1
2020-05-22,54580,2020-03-31,,9679000000,-0.119,,,,,219000000,-0.602,210000000,-0.608,,76000000,,25.56,,0.025,0.029,0.023,,7378000000,3119000000,0.423,1038.90,3119000000,205000000,-150000000,-320000000,1037000000,,0.391,,,,,,true,false,12,2019-04-01,2020-03-31,0
2020-05-22,54580,2019-03-31,,10990000000,0.043,,,,,551000000,-0.008,537000000,0.077,,423000000,,141.03,,0.146,0.067,0.050,,7755000000,3104000000,0.400,1034.15,3104000000,691000000,-30000000,-568000000,1303000000,,0.142,,,,,,true,false,12,2018-04-01,2019-03-31,-1
2020-05-22,54580,2020-03-31,,5211000000,-0.153,,,,,109000000,-0.745,115000000,-0.734,24000000,,-0.931,8.12,,,,,,5307000000,2661000000,0.502,886.57,2661000000,,,,,10.00,,,,3008000,5628,3002375,false,false,12,2019-04-01,2020-03-31,0
2020-05-22,54580,2019-03-31,,6153000000,0.032,,,,,431000000,0.015,434000000,0.130,355000000,,0.054,118.54,,,,,,6012000000,2698000000,0.449,898.89,2698000000,,,,,20.00,,,,3008000,5588,3002454,false,false,12,2018-04-01,2019-03-31,-1
2020-05-22,54580,2021-03-31,,,,,,,,,,,,,,,,,,,,,,,,,,,,,,0.00,,,,,,,false,true,12,2020-04-01,2021-03-31,1
2020-07-31,54580,2021-03-31,1,1833000000,-0.225,,,,,-82000000,,-83000000,,,-90000000,,-30.15,,,,,,6819000000,3001000000,0.440,999.70,3001000000,,,,,,,,,,,,true,false,3,2020-04-01,2020-06-30,0
2020-07-31,54580,2020-03-31,1,2364000000,-0.160,,,,,33000000,-0.755,30000000,-0.769,,24000000,,8.01,,,,,,,,,,,,,,,,,,,,,,true,false,3,2019-04-01,2019-06-30,-1
2020-07-31,54580,2020-03-31,1,,,,,,,,,,,,,,,,,,,,7378000000,3119000000,0.423,1038.90,3119000000,,,,,,,,,,,,true,false,12,2019-04-01,2020-03-31,-1
2020-07-31,54580,2020-03-31,1,,,,,,,,,,,,,,,,,,,,,,,,,,,,,10.00,,,,3008000,5628,,false,false,12,2019-04-01,2020-03-31,-1
2020-07-31,54580,2021-03-31,1,,,,,,,,,,,,,,,,,,,,,,,,,,,,,0.00,,,,,,,false,true,12,2020-04-01,2021-03-31,0
2020-07-31,54580,2021-03-31,1,,,,,,,,,,,,,,,,,,,,,,,,,,,,,,,,,3008000,5628,3002372,false,false,3,2020-04-01,2020-06-30,0
2020-07-31,54580,2020-03-31,1,,,,,,,,,,,,,,,,,,,,,,,,,,,,,,,,,,,3002382,false,false,3,2019-04-01,2019-06-30,-1
2020-10-21,54580,2021-03-31,,3655000000,,,,,,-147000000,,-133000000,,-141000000,,,-46.96,,,,,,,,,,,,,,,,,,,,,,true,true,6,2020-04-01,2020-09-30,0
2020-10-21,54580,2020-03-31,,4773000000,,,,,,78000000,,74000000,,16000000,,,5.65,,,,,,,,,,,,,,,,,,,,,,true,false,6,2019-04-01,2019-09-30,-1
2020-10-21,54580,2021-03-31,,8100000000,,,,,,-60000000,,-20000000,,,-40000000,,-13.32,,,,,,,,,,,,,,,,,,,,,,true,true,12,2020-04-01,2021-03-31,0
2020-10-21,54580,2020-03-31,,9679000000,,,,,,219000000,,210000000,,,76000000,,25.56,,,,,,,,,,,,,,,,,,,,,,true,false,12,2019-04-01,2020-03-31,-1
2020-10-21,54580,2021-03-31,,,,,,,,,,,,,,,,,,,,,,,,,,,,,,0.00,,,,,,,false,true,12,2020-04-01,2021-03-31,0
2020-10-21,54580,2021-03-31,,,,,,,,,,,,,,,,,,,,,,,,,,,,,,0.00,,,,,,,false,false,12,2020-04-01,2021-03-31,0
2020-10-21,54580,2020-03-31,,,,,,,,,,,,,,,,,,,,,,,,,,,,,,10.00,,,,,,,false,false,12,2019-04-01,2020-03-31,-1
2020-10-30,54580,2021-03-31,2,3655000000,-0.234,,,,,-146000000,,-132000000,,,-140000000,,-46.86,,,,,,6565000000,2953000000,0.450,983.57,2953000000,,,,,,,,,,,,true,false,6,2020-04-01,2020-09-30,0
2020-10-30,54580,2020-03-31,2,4773000000,-0.142,,,,,78000000,-0.710,74000000,-0.722,,16000000,,5.65,,,,,,,,,,,,,,,,,,,,,,true,false,6,2019-04-01,2019-09-30,-1
2020-10-30,54580,2021-03-31,2,8100000000,-0.163,,,,,-60000000,,-20000000,,,-40000000,,-13.32,,,,,,,,,,,,,,,,,,,,,,true,true,12,2020-04-01,2021-03-31,0
2020-10-30,54580,2020-03-31,2,,,,,,,,,,,,,,,,,,,,7378000000,3119000000,0.423,1038.90,3119000000,,,,,,,,,,,,true,false,12,2019-04-01,2020-03-31,-1
2020-10-30,54580,2020-03-31,2,,,,,,,,,,,,,,,,,,,,,,,,,,,,,10.00,,,,3008000,5628,,false,false,12,2019-04-01,2020-03-31,-1
2020-10-30,54580,2021-03-31,2,,,,,,,,,,,,,,,,,,,,,,,,,,,,,0.00,,,,,,,false,false,12,2020-04-01,2021-03-31,0
2020-10-30,54580,2021-03-31,2,,,,,,,,,,,,,,,,,,,,,,,,,,,,,0.00,,,,,,,false,true,12,2020-04-01,2021-03-31,0
2020-10-30,54580,2021-03-31,2,,,,,,,,,,,,,,,,,,,,,,,,,,,,,,,,,3008000,5628,3002372,false,false,6,2020-04-01,2020-09-30,0
2020-10-30,54580,2020-03-31,2,,,,,,,,,,,,,,,,,,,,,,,,,,,,,,,,,,,3002378,false,false,6,2019-04-01,2019-09-30,-1
2021-01-29,54580,2021-03-31,3,6088000000,-0.163,,,,,-84000000,,-45000000,,,-61000000,,-20.54,,,,,,6943000000,3034000000,0.437,1010.66,3034000000,,,,,,,,,,,,true,false,9,2020-04-01,2020-12-31,0
2021-01-29,54580,2020-03-31,3,7271000000,-0.131,,,,,120000000,-0.716,114000000,-0.725,,30000000,,10.28,,,,,,,,,,,,,,,,,,,,,,true,false,9,2019-04-01,2019-12-31,-1
2021-01-29,54580,2021-03-31,3,8560000000,-0.116,,,,,20000000,-0.909,60000000,-0.715,,40000000,,13.32,,,,,,,,,,,,,,,,,,,,,,true,true,12,2020-04-01,2021-03-31,0
2021-01-29,54580,2020-03-31,3,,,,,,,,,,,,,,,,,,,,7378000000,3119000000,0.423,1038.90,3119000000,,,,,,,,,,,,true,false,12,2019-04-01,2020-03-31,-1
2021-01-29,54580,2020-03-31,3,,,,,,,,,,,,,,,,,,,,,,,,,,,,,10.00,,,,3008000,5628,,false,false,12,2019-04-01,2020-03-31,-1
2021-01-29,54580,2021-03-31,3,,,,,,,,,,,,,,,,,,,,,,,,,,,,,0.00,,,,,,,false,false,12,2020-04-01,2021-03-31,0
2021-01-29,54580,2021-03-31,3,,,,,,,,,,,,,,,,,,,,,,,,,,,,,10.00,,,,,,,false,true,12,2020-04-01,2021-03-31,0
2021-01-29,54580,2021-03-31,3,,,,,,,,,,,,,,,,,,,,,,,,,,,,,,,,,3008000,5660,3002362,false,false,9,2020-04-01,2020-12-31,0
2021-01-29,54580,2020-03-31,3,,,,,,,,,,,,,,,,,,,,,,,,,,,,,,,,,,,3002376,false,false,9,2019-04-01,2019-12-31,-1
2021-01-29,54580,2021-03-31,,8560000000,0.057,,,,,20000000,,60000000,,,40000000,,13.32,,,,,,,,,,,,,,,,,,,,,,true,true,12,2020-04-01,2021-03-31,0
2021-01-29,54580,2020-03-31,,9679000000,,,,,,219000000,,210000000,,,76000000,,25.56,,,,,,,,,,,,,,,,,,,,,,true,false,12,2019-04-01,2020-03-31,-1
2021-01-29,54580,2021-03-31,,,,,,,,,,,,,,,,,,,,,,,,,,,,,,10.00,,,,,,,false,true,12,2020-04-01,2021-03-31,0
2021-01-29,54580,2021-03-31,,,,,,,,,,,,,,,,,,,,,,,,,,,,,,0.00,,,,,,,false,false,12,2020-04-01,2021-03-31,0
2021-01-29,54580,2020-03-31,,,,,,,,,,,,,,,,,,,,,,,,,,,,,,10.00,,,,,,,false,false,12,2019-04-01,2020-03-31,-1
2021-05-13,54580,2021-03-31,,8730000000,-0.098,,,,,60000000,-0.726,111000000,-0.472,,134000000,,44.65,,0.042,0.015,0.007,,7310000000,3240000000,0.443,1079.17,3240000000,381000000,-170000000,9000000,1257000000,,0.224,,,,,,true,false,12,2020-04-01,2021-03-31,0
2021-05-13,54580,2020-03-31,,9679000000,-0.119,,,,,219000000,-0.602,210000000,-0.608,,76000000,,25.56,,0.025,0.029,0.023,,7378000000,3119000000,0.423,1038.90,3119000000,205000000,-150000000,-320000000,1037000000,,0.391,,,,,,true,false,12,2019-04-01,2020-03-31,-1
2021-05-13,54580,2021-03-31,,4641000000,-0.109,,,,,-13000000,,64000000,-0.440,112000000,,3.615,37.49,,,,,,5544000000,2745000000,0.495,914.35,2745000000,,,,,10.00,,,,3008000,5660,3002357,false,false,12,2020-04-01,2021-03-31,0
2021-05-13,54580,2020-03-31,,5211000000,-0.153,,,,,109000000,-0.745,115000000,-0.734,24000000,,-0.931,8.12,,,,,,5307000000,2661000000,0.502,886.57,2661000000,,,,,10.00,,,,3008000,5628,3002375,false,false,12,2019-04-01,2020-03-31,-1
2021-05-13,54580,2022-03-31,,,,,,,,,,,,,,,,,,,,,,,,,,,,,,0.00,,,,,,,false,true,12,2021-04-01,2022-03-31,1
2021-07-30,54580,2022-03-31,1,2608000000,0.423,,,,,145000000,,150000000,,,147000000,,49.27,,,,,,7973000000,3353000000,0.421,1117.03,3353000000,,,,,,,,,,,,true,false,3,2021-04-01,2021-06-30,0
2021-07-30,54580,2021-03-31,1,1833000000,-0.225,,,,,-82000000,,-83000000,,,-90000000,,-30.15,,,,,,,,,,,,,,,,,,,,,,true,false,3,2020-04-01,2020-06-30,-1
2021-07-30,54580,2022-03-31,1,5100000000,0.395,,,,,230000000,,230000000,,,210000000,,69.81,,,,,,,,,,,,,,,,,,,,,,true,true,6,2021-04-01,2021-09-30,0
2021-07-30,54580,2022-03-31,1,10300000000,0.180,,,,,440000000,6.308,430000000,2.860,,370000000,,123.01,,,,,,,,,,,,,,,,,,,,,,true,true,12,2021-04-01,2022-03-31,0
2021-07-30,54580,2021-03-31,1,,,,,,,,,,,,,,,,,,,,7310000000,3240000000,0.443,1079.17,3240000000,,,,,,,,,,,,true,false,12,2020-04-01,2021-03-31,-1
2021-07-30,54580,2021-03-31,1,,,,,,,,,,,,,,,,,,,,,,,,,,,,,10.00,,,,3008000,5660,,false,false,12,2020-04-01,2021-03-31,-1
2021-07-30,54580,2022-03-31,1,,,,,,,,,,,,,,,,,,,,,,,,,,,,,0.00,,,,,,,false,true,12,2021-04-01,2022-03-31,0
2021-07-30,54580,2022-03-31,1,,,,,,,,,,,,,,,,,,,,,,,,,,,,,,,,,3008000,5700,3002320,false,false,3,2021-04-01,2021-06-30,0
2021-07-30,54580,2021-03-31,1,,,,,,,,,,,,,,,,,,,,,,,,,,,,,,,,,,,3002372,false,false,3,2020-04-01,2020-06-30,-1
2021-07-30,54580,2022-03-31,,5100000000,,,,,,230000000,,230000000,,210000000,,,69.81,,,,,,,,,,,,,,,,,,,,,,true,true,6,2021-04-01,2021-09-30,0
2021-07-30,54580,2021-03-31,,3655000000,,,,,,-146000000,,-132000000,,-140000000,,,-46.86,,,,,,,,,,,,,,,,,,,,,,true,false,6,2020-04-01,2020-09-30,-1
2021-07-30,54580,2022-03-31,,10300000000,,,,,,440000000,,430000000,,,370000000,,123.01,,,,,,,,,,,,,,,,,,,,,,true,true,12,2021-04-01,2022-03-31,0
2021-07-30,54580,2021-03-31,,8730000000,,,,,,60000000,,111000000,,,134000000,,44.65,,,,,,,,,,,,,,,,,,,,,,true,false,12,2020-04-01,2021-03-31,-1
2021-10-29,5458,2022-03-31,2,5269000000,0.441,,,,,384000000,,395000000,,,325000000,,108.32,,,,,,8456000000,3535000000,0.418,1177.47,3535000000,,,,,,,,,,,,true,false,6,2021-04-01,2021-09-30,0
2021-10-29,5458,2021-03-31,2,3655000000,-0.234,,,,,-146000000,,-132000000,,,-140000000,,-46.86,,,,,,,,,,,,,,,,,,,,,,true,false,6,2020-04-01,2020-09-30,-1
2021-10-29,5458,2022-03-31,2,10600000000,0.214,,,,,600000000,8.965,590000000,4.296,,480000000,,159.87,,,,,,,,,,,,,,,,,,,,,,true,true,12,2021-04-01,2022-03-31,0
2021-10-29,5458,2021-03-31,2,,,,,,,,,,,,,,,,,,,,7310000000,3240000000,0.443,1079.17,3240000000,,,,,,,,,,,,true,false,12,2020-04-01,2021-03-31,-1
2021-10-29,5458,2021-03-31,2,,,,,,,,,,,,,,,,,,,,,,,,,,,,,10.00,,,,3008000,5660,,false,false,12,2020-04-01,2021-03-31,-1
2021-10-29,5458,2022-03-31,2,,,,,,,,,,,,,,,,,,,,,,,,,,,,,0.00,,,,,,,false,false,12,2021-04-01,2022-03-31,0
2021-10-29,5458,2022-03-31,2,,,,,,,,,,,,,,,,,,,,,,,,,,,,,25.00,,,,,,,false,true,12,2021-04-01,2022-03-31,0
2021-10-29,5458,2022-03-31,2,,,,,,,,,,,,,,,,,,,,,,,,,,,,,,,,,3008000,5709,3002308,false,false,6,2021-04-01,2021-09-30,0
2021-10-29,5458,2021-03-31,2,,,,,,,,,,,,,,,,,,,,,,,,,,,,,,,,,,,3002372,false,false,6,2020-04-01,2020-09-30,-1
2022-01-31,5458,2022-03-31,3,8022000000,0.317,,,,,629000000,,640000000,,,510000000,,170.19,,,,,,8752000000,3722000000,0.425,1239.77,3722000000,,,,,,,,,,,,true,false,9,2021-04-01,2021-12-31,0
2022-01-31,5458,2021-03-31,3,6088000000,-0.163,,,,,-84000000,,-45000000,,,-61000000,,-20.54,,,,,,,,,,,,,,,,,,,,,,true,false,9,2020-04-01,2020-12-31,-1
2022-01-31,5458,2022-03-31,3,10900000000,0.249,,,,,730000000,,730000000,5.552,,580000000,,193.18,,,,,,,,,,,,,,,,,,,,,,true,true,12,2021-04-01,2022-03-31,0
2022-01-31,5458,2021-03-31,3,,,,,,,,,,,,,,,,,,,,7310000000,3240000000,0.443,1079.17,3240000000,,,,,,,,,,,,true,false,12,2020-04-01,2021-03-31,-1
2022-01-31,5458,2021-03-31,3,,,,,,,,,,,,,,,,,,,,,,,,,,,,,10.00,,,,3008000,5660,,false,false,12,2020-04-01,2021-03-31,-1
2022-01-31,5458,2022-03-31,3,,,,,,,,,,,,,,,,,,,,,,,,,,,,,0.00,,,,,,,false,false,12,2021-04-01,2022-03-31,0
2022-01-31,5458,2022-03-31,3,,,,,,,,,,,,,,,,,,,,,,,,,,,,,35.00,,,,,,,false,true,12,2021-04-01,2022-03-31,0
2022-01-31,5458,2022-03-31,3,,,,,,,,,,,,,,,,,,,,,,,,,,,,,,,,,3008000,5709,3002303,false,false,9,2021-04-01,2021-12-31,0
2022-01-31,5458,2021-03-31,3,,,,,,,,,,,,,,,,,,,,,,,,,,,,,,,,,,,3002362,false,false,9,2020-04-01,2020-12-31,-1
2022-05-13,5458,2022-03-31,,10830000000,0.241,,,,,796000000,,807000000,6.251,,647000000,,215.80,,0.182,0.102,0.074,,8486000000,3898000000,0.459,1298.36,3898000000,944000000,-91000000,-370000000,1739000000,,0.162,,,,,,true,false,12,2021-04-01,2022-03-31,0
2022-05-13,5458,2021-03-31,,8730000000,-0.098,,,,,60000000,-0.726,111000000,-0.472,,134000000,,44.65,,0.042,0.015,0.007,,7310000000,3240000000,0.443,1079.17,3240000000,381000000,-170000000,9000000,1257000000,,0.224,,,,,,true,false,12,2020-04-01,2021-03-31,-1
2022-05-13,5458,2022-03-31,,5892000000,0.270,,,,,489000000,,511000000,6.896,460000000,,3.088,153.29,,,,,,5964000000,3175000000,0.532,1057.77,3175000000,,,,,35.00,,,,3008000,5741,3002295,false,false,12,2021-04-01,2022-03-31,0
2022-05-13,5458,2021-03-31,,4641000000,-0.109,,,,,-13000000,,64000000,-0.440,112000000,,3.615,37.49,,,,,,5544000000,2745000000,0.495,914.35,2745000000,,,,,10.00,,,,3008000,5660,3002357,false,false,12,2020-04-01,2021-03-31,-1
2022-05-13,5458,2023-03-31,,,,,,,,,,,,,,,,,,,,,,,,,,,,,,0.00,,,,,,,false,true,12,2022-04-01,2023-03-31,1
2022-07-29,5458,2023-03-31,1,3047000000,0.168,,,,,302000000,1.076,301000000,1.006,,222000000,,74.27,,,,,,8498000000,4014000000,0.472,1337.22,4014000000,,,,,,,,,,,,true,false,3,2022-04-01,2022-06-30,0
2022-07-29,5458,2022-03-31,1,2608000000,0.423,,,,,145000000,,150000000,,,147000000,,49.27,,,,,,,,,,,,,,,,,,,,,,true,false,3,2021-04-01,2021-06-30,-1
2022-07-29,5458,2022-03-31,1,,,,,,,,,,,,,,,,,,,,8486000000,3898000000,0.459,1298.36,3898000000,,,,,,,,,,,,true,false,12,2021-04-01,2022-03-31,-1
2022-07-29,5458,2022-03-31,1,,,,,,,,,,,,,,,,,,,,,,,,,,,,,35.00,,,,3008000,5741,,false,false,12,2021-04-01,2022-03-31,-1
2022-07-29,5458,2023-03-31,1,,,,,,,,,,,,,,,,,,,,,,,,,,,,,0.00,,,,,,,false,true,12,2022-04-01,2023-03-31,0
2022-07-29,5458,2023-03-31,1,,,,,,,,,,,,,,,,,,,,,,,,,,,,,,,,,3008000,5741,3002259,false,false,3,2022-04-01,2022-06-30,0
2022-07-29,5458,2022-03-31,1,,,,,,,,,,,,,,,,,,,,,,,,,,,,,,,,,,,3002320,false,false,3,2021-04-01,2021-06-30,-1
2022-10-31,5458,2023-03-31,2,5917000000,0.123,,,,,442000000,0.149,441000000,0.117,,288000000,,96.10,,,,,,8890000000,4079000000,0.459,1358.69,4079000000,,,,,,,,,,,,true,false,6,2022-04-01,2022-09-30,0
2022-10-31,5458,2022-03-31,2,5269000000,0.441,,,,,384000000,,395000000,,,325000000,,108.32,,,,,,,,,,,,,,,,,,,,,,true,false,6,2021-04-01,2021-09-30,-1
2022-10-31,5458,2023-03-31,2,12420000000,0.147,,,,,630000000,-0.209,620000000,-0.232,,450000000,,149.60,,,,,,,,,,,,,,,,,,,,,,true,true,12,2022-04-01,2023-03-31,0
2022-10-31,5458,2022-03-31,2,,,,,,,,,,,,,,,,,,,,8486000000,3898000000,0.459,1298.36,3898000000,,,,,,,,,,,,true,false,12,2021-04-01,2022-03-31,-1
2022-10-31,5458,2022-03-31,2,,,,,,,,,,,,,,,,,,,,,,,,,,,,,35.00,,,,3008000,5741,,false,false,12,2021-04-01,2022-03-31,-1
2022-10-31,5458,2023-03-31,2,,,,,,,,,,,,,,,,,,,,,,,,,,,,,0.00,,,,,,,false,false,12,2022-04-01,2023-03-31,0
2022-10-31,5458,2023-03-31,2,,,,,,,,,,,,,,,,,,,,,,,,,,,,,35.00,,,,,,,false,true,12,2022-04-01,2023-03-31,0
2022-10-31,5458,2023-03-31,2,,,,,,,,,,,,,,,,,,,,,,,,,,,,,,,,,3008000,5781,3002253,false,false,6,2022-04-01,2022-09-30,0
2022-10-31,5458,2022-03-31,2,,,,,,,,,,,,,,,,,,,,,,,,,,,,,,,,,,,3002308,false,false,6,2021-04-01,2021-09-30,-1
2023-01-31,5458,2023-03-31,3,8949000000,0.116,,,,,626000000,-0.006,628000000,-0.019,,392000000,,130.59,,,,,,9426000000,4182000000,0.444,1393.10,4182000000,,,,,,,,,,,,true,false,9,2022-04-01,2022-12-31,0
2023-01-31,5458,2022-03-31,3,8022000000,0.317,,,,,629000000,,640000000,,,510000000,,170.19,,,,,,,,,,,,,,,,,,,,,,true,false,9,2021-04-01,2021-12-31,-1
2023-01-31,5458,2023-03-31,3,11950000000,0.103,,,,,700000000,-0.121,700000000,-0.133,,450000000,,149.60,,,,,,,,,,,,,,,,,,,,,,true,true,12,2022-04-01,2023-03-31,0
2023-01-31,5458,2022-03-31,3,,,,,,,,,,,,,,,,,,,,8486000000,3898000000,0.459,1298.36,3898000000,,,,,,,,,,,,true,false,12,2021-04-01,2022-03-31,-1
2023-01-31,5458,2022-03-31,3,,,,,,,,,,,,,,,,,,,,,,,,,,,,,35.00,,,,3008000,5741,,false,false,12,2021-04-01,2022-03-31,-1
2023-01-31,5458,2023-03-31,3,,,,,,,,,,,,,,,,,,,,,,,,,,,,,0.00,,,,,,,false,false,12,2022-04-01,2023-03-31,0
2023-01-31,5458,2023-03-31,3,,,,,,,,,,,,,,,,,,,,,,,,,,,,,35.00,,,,,,,false,true,12,2022-04-01,2023-03-31,0
2023-01-31,5458,2023-03-31,3,,,,,,,,,,,,,,,,,,,,,,,,,,,,,,,,,3008000,5781,3002243,false,false,9,2022-04-01,2022-12-31,0
2023-01-31,5458,2022-03-31,3,,,,,,,,,,,,,,,,,,,,,,,,,,,,,,,,,,,3002303,false,false,9,2021-04-01,2021-12-31,-1
2023-05-12,5458,2023-03-31,,12236000000,0.130,,,,,775000000,-0.026,779000000,-0.036,,523000000,,174.31,,0.127,0.090,0.063,,8846000000,4314000000,0.488,1437.15,4314000000,-423000000,-113000000,-105000000,1097000000,,0.201,,,,,,true,false,12,2022-04-01,2023-03-31,0
2023-05-12,5458,2022-03-31,,10830000000,0.241,,,,,796000000,,807000000,6.251,,647000000,,215.80,,0.182,0.102,0.074,,8486000000,3898000000,0.459,1298.36,3898000000,944000000,-91000000,-370000000,1739000000,,0.162,,,,,,true,false,12,2021-04-01,2022-03-31,-1
2023-05-12,5458,2023-03-31,,6235000000,0.058,,,,,330000000,-0.324,356000000,-0.304,257000000,,-0.441,85.62,,,,,,6017000000,3329000000,0.553,1108.96,3329000000,,,,,35.00,,,,3008000,5781,3002237,false,false,12,2022-04-01,2023-03-31,0
2023-05-12,5458,2022-03-31,,5892000000,0.270,,,,,489000000,,511000000,6.896,460000000,,3.088,153.29,,,,,,5964000000,3175000000,0.532,1057.77,3175000000,,,,,35.00,,,,3008000,5741,3002295,false,false,12,2021-04-01,2022-03-31,-1
2023-05-12,5458,2024-03-31,,,,,,,,,,,,,,,,,,,,,,,,,,,,,,0.00,,,,,,,false,true,12,2023-04-01,2024-03-31,1
2023-07-31,5458,2024-03-31,1,3117000000,0.023,,,,,72000000,-0.761,77000000,-0.742,,45000000,,15.01,,,,,,8890000000,4254000000,0.479,1417.15,4254000000,,,,,,,,,,,,true,false,3,2023-04-01,2023-06-30,0
2023-07-31,5458,2023-03-31,1,3047000000,0.168,,,,,302000000,1.076,301000000,1.006,,222000000,,74.27,,,,,,,,,,,,,,,,,,,,,,true,false,3,2022-04-01,2022-06-30,-1
2023-07-31,5458,2023-03-31,1,,,,,,,,,,,,,,,,,,,,8846000000,4314000000,0.488,1437.15,4314000000,,,,,,,,,,,,true,false,12,2022-04-01,2023-03-31,-1
2023-07-31,5458,2023-03-31,1,,,,,,,,,,,,,,,,,,,,,,,,,,,,,35.00,,,,3008000,5781,,false,false,12,2022-04-01,2023-03-31,-1
2023-07-31,5458,2024-03-31,1,,,,,,,,,,,,,,,,,,,,,,,,,,,,,0.00,,,,,,,false,true,12,2023-04-01,2024-03-31,0
2023-07-31,5458,2024-03-31,1,,,,,,,,,,,,,,,,,,,,,,,,,,,,,,,,,3008000,5781,3002219,false,false,3,2023-04-01,2023-06-30,0
2023-07-31,5458,2023-03-31,1,,,,,,,,,,,,,,,,,,,,,,,,,,,,,,,,,,,3002259,false,false,3,2022-04-01,2022-06-30,-1
2023-10-31,5458,2024-03-31,2,6019000000,0.017,,,,,152000000,-0.655,156000000,-0.645,,88000000,,29.48,,,,,,9338000000,4298000000,0.460,1431.75,4298000000,,,,,,,,,,,,true,false,6,2023-04-01,2023-09-30,0
2023-10-31,5458,2023-03-31,2,5917000000,0.123,,,,,442000000,0.149,441000000,0.117,,288000000,,96.10,,,,,,,,,,,,,,,,,,,,,,true,false,6,2022-04-01,2022-09-30,-1
2023-10-31,5458,2024-03-31,2,11110000000,-0.092,,,,,350000000,-0.549,350000000,-0.551,,230000000,,76.61,,,,,,,,,,,,,,,,,,,,,,true,true,12,2023-04-01,2024-03-31,0
2023-10-31,5458,2023-03-31,2,,,,,,,,,,,,,,,,,,,,8846000000,4314000000,0.488,1437.15,4314000000,,,,,,,,,,,,true,false,12,2022-04-01,2023-03-31,-1
2023-10-31,5458,2023-03-31,2,,,,,,,,,,,,,,,,,,,,,,,,,,,,,35.00,,,,3008000,5781,,false,false,12,2022-04-01,2023-03-31,-1
2023-10-31,5458,2024-03-31,2,,,,,,,,,,,,,,,,,,,,,,,,,,,,,0.00,,,,,,,false,false,12,2023-04-01,2024-03-31,0
2023-10-31,5458,2024-03-31,2,,,,,,,,,,,,,,,,,,,,,,,,,,,,,35.00,,,,,,,false,true,12,2023-04-01,2024-03-31,0
2023-10-31,5458,2024-03-31,2,,,,,,,,,,,,,,,,,,,,,,,,,,,,,,,,,3008000,5781,3002219,false,false,6,2023-04-01,2023-09-30,0
2023-10-31,5458,2023-03-31,2,,,,,,,,,,,,,,,,,,,,,,,,,,,,,,,,,,,3002253,false,false,6,2022-04-01,2022-09-30,-1
2024-01-31,5458,2024-03-31,3,9151000000,0.023,,,,,263000000,-0.580,269000000,-0.570,,165000000,,55.18,,,,,,9221000000,4374000000,0.474,1457.24,4374000000,,,,,,,,,,,,true,false,9,2023-04-01,2023-12-31,0
2024-01-31,5458,2023-03-31,3,8949000000,0.116,,,,,626000000,-0.006,628000000,-0.019,,392000000,,130.59,,,,,,,,,,,,,,,,,,,,,,true,false,9,2022-04-01,2022-12-31,-1
2024-01-31,5458,2024-03-31,3,11110000000,-0.092,,,,,350000000,-0.549,350000000,-0.551,,230000000,,76.61,,,,,,,,,,,,,,,,,,,,,,true,true,12,2023-04-01,2024-03-31,0
2024-01-31,5458,2023-03-31,3,,,,,,,,,,,,,,,,,,,,8846000000,4314000000,0.488,1437.15,4314000000,,,,,,,,,,,,true,false,12,2022-04-01,2023-03-31,-1
2024-01-31,5458,2023-03-31,3,,,,,,,,,,,,,,,,,,,,,,,,,,,,,35.00,,,,3008000,5781,,false,false,12,2022-04-01,2023-03-31,-1
2024-01-31,5458,2024-03-31,3,,,,,,,,,,,,,,,,,,,,,,,,,,,,,0.00,,,,,,,false,false,12,2023-04-01,2024-03-31,0
2024-01-31,5458,2024-03-31,3,,,,,,,,,,,,,,,,,,,,,,,,,,,,,35.00,,,,,,,false,true,12,2023-04-01,2024-03-31,0
2024-01-31,5458,2024-03-31,3,,,,,,,,,,,,,,,,,,,,,,,,,,,,,,,,,3008000,5813,3002216,false,false,9,2023-04-01,2023-12-31,0
2024-01-31,5458,2023-03-31,3,,,,,,,,,,,,,,,,,,,,,,,,,,,,,,,,,,,3002243,false,false,9,2022-04-01,2022-12-31,-1
2024-05-13,5458,2024-03-31,,12181000000,-0.005,,,,,389000000,-0.497,395000000,-0.493,,234000000,,78.18,,0.054,0.043,0.032,,9659000000,4406000000,0.456,1467.88,4406000000,910000000,-246000000,-105000000,1656000000,,0.448,,,,,,true,false,12,2023-04-01,2024-03-31,0
2024-05-13,5458,2023-03-31,,12236000000,0.130,,,,,775000000,-0.026,779000000,-0.036,,523000000,,174.31,,0.127,0.090,0.063,,8846000000,4314000000,0.488,1437.15,4314000000,-414000000,-122000000,-105000000,1097000000,,0.201,,,,,,true,false,12,2022-04-01,2023-03-31,-1
2024-05-13,5458,2025-03-31,,14080000000,0.156,,,,,550000000,0.411,550000000,0.391,,360000000,,119.91,,,,,,,,,,,,,,,,0.334,,,,,,true,true,12,2024-04-01,2025-03-31,1
2024-05-13,5458,2024-03-31,,6258000000,0.004,,,,,68000000,-0.792,97000000,-0.726,51000000,,-0.801,17.07,,,,,,6559000000,3280000000,0.500,1092.82,3280000000,,,,,35.00,,,,3008000,5813,3002209,false,false,12,2023-04-01,2024-03-31,0
2024-05-13,5458,2023-03-31,,6235000000,0.058,,,,,330000000,-0.324,356000000,-0.304,257000000,,-0.441,85.62,,,,,,6017000000,3329000000,0.553,1108.96,3329000000,,,,,35.00,,,,3008000,5781,3002237,false,false,12,2022-04-01,2023-03-31,-1
2024-05-13,5458,2025-03-31,,,,,,,,,,,,,,,,,,,,,,,,,,,,,,40.00,,,,,,,false,true,12,2024-04-01,2025-03-31,1
2024-08-08,5458,2025-03-31,1,2992000000,-0.040,,,,,122000000,0.694,126000000,0.627,,75000000,,25.22,,,,,,9564000000,4379000000,0.458,1458.68,4379000000,,,,,,,,,,,,true,false,3,2024-04-01,2024-06-30,0
2024-08-08,5458,2024-03-31,1,3117000000,0.023,,,,,72000000,-0.761,77000000,-0.742,,45000000,,15.01,,,,,,,,,,,,,,,,,,,,,,true,false,3,2023-04-01,2023-06-30,-1
2024-08-08,5458,2025-03-31,1,14080000000,0.156,,,,,550000000,0.411,550000000,0.391,,360000000,,119.91,,,,,,,,,,,,,,,,,,,,,,true,true,12,2024-04-01,2025-03-31,0
2024-08-08,5458,2024-03-31,1,,,,,,,,,,,,,,,,,,,,9659000000,4406000000,0.456,1467.88,4406000000,,,,,,,,,,,,true,false,12,2023-04-01,2024-03-31,-1
2024-08-08,5458,2024-03-31,1,,,,,,,,,,,,,,,,,,,,,,,,,,,,,35.00,,,,3008000,5813,,false,false,12,2023-04-01,2024-03-31,-1
2024-08-08,5458,2025-03-31,1,,,,,,,,,,,,,,,,,,,,,,,,,,,,,40.00,,,,,,,false,true,12,2024-04-01,2025-03-31,0
2024-08-08,5458,2025-03-31,1,,,,,,,,,,,,,,,,,,,,,,,,,,,,,,,,,3008000,5813,3002187,false,false,3,2024-04-01,2024-06-30,0
2024-08-08,5458,2024-03-31,1,,,,,,,,,,,,,,,,,,,,,,,,,,,,,,,,,,,3002219,false,false,3,2023-04-01,2023-06-30,-1
2024-10-31,5458,2025-03-31,2,6015000000,-0.001,,,,,264000000,0.731,268000000,0.711,,178000000,,59.50,,,,,,9644000000,4481000000,0.465,1492.90,4481000000,,,,,,,,,,,,true,false,6,2024-04-01,2024-09-30,0
2024-10-31,5458,2024-03-31,2,6019000000,0.017,,,,,152000000,-0.655,156000000,-0.645,,88000000,,29.48,,,,,,,,,,,,,,,,,,,,,,true,false,6,2023-04-01,2023-09-30,-1
2024-10-31,5458,2025-03-31,2,14080000000,0.156,,,,,550000000,0.411,550000000,0.391,,360000000,,119.91,,,,,,,,,,,,,,,,,,,,,,true,true,12,2024-04-01,2025-03-31,0
2024-10-31,5458,2024-03-31,2,,,,,,,,,,,,,,,,,,,,9659000000,4406000000,0.456,1467.88,4406000000,,,,,,,,,,,,true,false,12,2023-04-01,2024-03-31,-1
2024-10-31,5458,2024-03-31,2,,,,,,,,,,,,,,,,,,,,,,,,,,,,,35.00,,,,3008000,5813,,false,false,12,2023-04-01,2024-03-31,-1
2024-10-31,5458,2025-03-31,2,,,,,,,,,,,,,,,,,,,,,,,,,,,,,0.00,,,,,,,false,false,12,2024-04-01,2025-03-31,0
2024-10-31,5458,2025-03-31,2,,,,,,,,,,,,,,,,,,,,,,,,,,,,,40.00,,,,,,,false,true,12,2024-04-01,2025-03-31,0
2024-10-31,5458,2025-03-31,2,,,,,,,,,,,,,,,,,,,,,,,,,,,,,,,,,3008000,5813,3002187,false,false,6,2024-04-01,2024-09-30,0
2024-10-31,5458,2024-03-31,2,,,,,,,,,,,,,,,,,,,,,,,,,,,,,,,,,,,3002219,false,false,6,2023-04-01,2023-09-30,-1
2025-02-07,5458,2025-03-31,3,9001000000,-0.016,,,,,360000000,0.369,371000000,0.376,,241000000,,80.60,,,,,,9873000000,4546000000,0.460,1514.40,4546000000,,,,,,,,,,,,true,false,9,2024-04-01,2024-12-31,0
2025-02-07,5458,2024-03-31,3,9151000000,0.023,,,,,263000000,-0.580,269000000,-0.570,,165000000,,55.18,,,,,,,,,,,,,,,,,,,,,,true,false,9,2023-04-01,2023-12-31,-1
2025-02-07,5458,2025-03-31,3,14080000000,0.156,,,,,550000000,0.411,550000000,0.391,,360000000,,119.91,,,,,,,,,,,,,,,,,,,,,,true,true,12,2024-04-01,2025-03-31,0
2025-02-07,5458,2024-03-31,3,,,,,,,,,,,,,,,,,,,,9659000000,4406000000,0.456,1467.88,4406000000,,,,,,,,,,,,true,false,12,2023-04-01,2024-03-31,-1
2025-02-07,5458,2024-03-31,3,,,,,,,,,,,,,,,,,,,,,,,,,,,,,35.00,,,,3008000,5813,,false,false,12,2023-04-01,2024-03-31,-1
2025-02-07,5458,2025-03-31,3,,,,,,,,,,,,,,,,,,,,,,,,,,,,,0.00,,,,,,,false,false,12,2024-04-01,2025-03-31,0
2025-02-07,5458,2025-03-31,3,,,,,,,,,,,,,,,,,,,,,,,,,,,,,40.00,,,,,,,false,true,12,2024-04-01,2025-03-31,0
2025-02-07,5458,2025-03-31,3,,,,,,,,,,,,,,,,,,,,,,,,,,,,,,,,,3008000,5813,3002187,false,false,9,2024-04-01,2024-12-31,0
2025-02-07,5458,2024-03-31,3,,,,,,,,,,,,,,,,,,,,,,,,,,,,,,,,,,,3002216,false,false,9,2023-04-01,2023-12-31,-1
2025-04-23,54580,2025-03-31,,12100000000,-0.141,,,,,512000000,-0.069,521000000,-0.053,,333000000,,111.00,,,,,,,,,,,,,,,,,,,,,,true,true,12,2024-04-01,2025-03-31,0
2025-04-23,54580,2024-03-31,,12181000000,,,,,,389000000,,395000000,,,234000000,,78.18,,,,,,,,,,,,,,,,,,,,,,true,false,12,2023-04-01,2024-03-31,-1
2025-05-13,5458,2025-03-31,,12100000000,-0.007,,,,,512000000,0.313,521000000,0.319,,333000000,,111.00,,0.073,0.056,0.042,,9046000000,4736000000,0.524,1577.63,4736000000,39000000,-272000000,-105000000,1318000000,,0.360,,,,,,true,false,12,2024-04-01,2025-03-31,0
2025-05-13,5458,2024-03-31,,12181000000,-0.005,,,,,389000000,-0.497,395000000,-0.493,,234000000,,78.18,,0.054,0.043,0.032,,9659000000,4406000000,0.456,1467.88,4406000000,910000000,-246000000,-105000000,1656000000,,0.448,,,,,,true,false,12,2023-04-01,2024-03-31,-1
2025-05-13,5458,2026-03-31,,6090000000,0.012,,,,,80000000,-0.697,75000000,-0.720,,30000000,,9.99,,,,,,,,,,,,,,,,,,,,,,true,true,6,2025-04-01,2025-09-30,1
2025-05-13,5458,2026-03-31,,12390000000,0.024,,,,,510000000,-0.004,500000000,-0.041,,330000000,,109.92,,,,,,,,,,,,,,,,0.364,,,,,,true,true,12,2025-04-01,2026-03-31,1
2025-05-13,5458,2025-03-31,,6416000000,0.025,,,,,179000000,1.610,206000000,1.116,138000000,,1.695,46.00,,,,,,6081000000,3310000000,0.544,1102.76,3310000000,,,,,40.00,,,,3008000,5853,3002184,false,false,12,2024-04-01,2025-03-31,0
2025-05-13,5458,2024-03-31,,6258000000,0.004,,,,,68000000,-0.792,97000000,-0.726,51000000,,-0.801,17.07,,,,,,6559000000,3280000000,0.500,1092.82,3280000000,,,,,35.00,,,,3008000,5813,3002209,false,false,12,2023-04-01,2024-03-31,-1
2025-05-13,5458,2026-03-31,,,,,,,,,,,,,,,,,,,,,,,,,,,,,,40.00,,,,,,,false,true,12,2025-04-01,2026-03-31,1
