filing_date,code,fiscal_year_end,quarterly_period,net_sales,net_sales_change,revenue,revenue_change,operating_revenue,operating_revenue_change,operating_profit,operating_profit_change,ordinary_profit,ordinary_profit_change,net_income,net_income_of_parent,net_income_change,eps,diluted_eps,roe,roa,operating_profit_to_net_sales,operating_profit_to_revenue,total_assets,net_assets,equity_ratio,bps,owner_equity,operating_cash_flow,investing_cash_flow,financing_cash_flow,cash,dividend_per_share,payout_ratio,commemorative_dividend,extra_dividend,number_of_shares,number_of_treqsury_shares,avg_number_of_shares,is_consolidated,is_forecast,duration,period_start,period_end,period_pos
2015-05-08,54640,2015-03-31,,40316000000,0.029,,,,,3253000000,-0.015,3499000000,0.016,2317000000,,-0.010,55.98,,0.080,0.077,0.081,,47034000000,30694000000,0.650,738.32,30564000000,1146000000,-1113000000,-943000000,1269000000,,0.179,,,,,,true,false,12,2014-04-01,2015-03-31,0
2015-05-08,54640,2014-03-31,,39184000000,0.045,,,,,3302000000,0.460,3445000000,0.468,2340000000,,1.736,56.51,,0.088,0.079,0.084,,44423000000,27968000000,0.627,672.18,27832000000,2152000000,-2332000000,-937000000,2098000000,,0.177,,,,,,true,false,12,2013-04-01,2014-03-31,-1
2015-05-08,54640,2016-03-31,,19500000000,-0.006,,,,,1250000000,-0.250,1300000000,-0.257,900000000,,-0.195,21.74,,,,,,,,,,,,,,,,,,,,,,true,true,6,2015-04-01,2015-09-30,1
2015-05-08,54640,2016-03-31,,40000000000,-0.008,,,,,2900000000,-0.109,3000000000,-0.143,2100000000,,-0.094,50.72,,,,,,,,,,,,,,,,0.197,,,,,,true,true,12,2015-04-01,2016-03-31,1
2015-05-08,54640,2015-03-31,,39716000000,0.023,,,,,3242000000,0.043,3775000000,0.098,2545000000,,0.084,61.48,,,,,,44823000000,29131000000,0.650,703.72,29131000000,,,,,10.00,,,,41407404,10731,41402235,false,false,12,2014-04-01,2015-03-31,0
2015-05-08,54640,2014-03-31,,38804000000,0.044,,,,,3107000000,0.510,3436000000,0.611,2348000000,,1.736,56.69,,,,,,42252000000,26712000000,0.632,645.13,26712000000,,,,,10.00,,,,41407404,999,41419026,false,false,12,2013-04-01,2014-03-31,-1
2015-05-08,54640,2016-03-31,,19500000000,-0.008,,,,,,,1300000000,-0.352,900000000,,-0.356,21.74,,,,,,,,,,,,,,,,,,,,,,false,true,6,2015-04-01,2015-09-30,1
2015-05-08,54640,2016-03-31,,40000000000,0.007,,,,,,,3000000000,-0.205,2100000000,,-0.175,50.72,,,,,,,,,,,,,,,10.00,,,,,,,false,true,12,2015-04-01,2016-03-31,1
2015-07-31,54640,2016-03-31,1,9794000000,0.011,,,,,596000000,-0.214,659000000,-0.134,,668000000,,16.15,,,,,,46392000000,31190000000,0.670,750.42,31064000000,,,,,,,,,,,,true,false,3,2015-04-01,2015-06-30,0
2015-07-31,54640,2015-03-31,1,9689000000,0.073,,,,,759000000,-0.044,761000000,-0.131,,518000000,,12.53,,,,,,,,,,,,,,,,,,,,,,true,false,3,2014-04-01,2014-06-30,-1
2015-07-31,54640,2016-03-31,1,19500000000,-0.006,,,,,1250000000,-0.250,1300000000,-0.257,,900000000,,21.74,,,,,,,,,,,,,,,,,,,,,,true,true,6,2015-04-01,2015-09-30,0
2015-07-31,54640,2016-03-31,1,40000000000,-0.008,,,,,2900000000,-0.109,3000000000,-0.143,,2100000000,,50.72,,,,,,,,,,,,,,,,,,,,,,true,true,12,2015-04-01,2016-03-31,0
2015-07-31,54640,2015-03-31,1,,,,,,,,,,,,,,,,,,,,47034000000,30694000000,0.650,738.32,30564000000,,,,,,,,,,,,true,false,12,2014-04-01,2015-03-31,-1
2015-07-31,54640,2015-03-31,1,,,,,,,,,,,,,,,,,,,,,,,,,,,,,10.00,,,,41407404,10731,,false,false,12,2014-04-01,2015-03-31,-1
2015-07-31,54640,2016-03-31,1,,,,,,,,,,,,,,,,,,,,,,,,,,,,,10.00,,,,,,,false,true,12,2015-04-01,2016-03-31,0
2015-07-31,54640,2016-03-31,1,,,,,,,,,,,,,,,,,,,,,,,,,,,,,,,,,41407404,11161,41396373,false,false,3,2015-04-01,2015-06-30,0
2015-07-31,54640,2015-03-31,1,,,,,,,,,,,,,,,,,,,,,,,,,,,,,,,,,,,41406130,false,false,3,2014-04-01,2014-06-30,-1
2015-10-30,54640,2016-03-31,2,19524000000,-0.005,,,,,1086000000,-0.348,1129000000,-0.354,,995000000,,24.04,,,,,,45551000000,31181000000,0.682,750.43,31064000000,,,,,,,,,,,,true,false,6,2015-04-01,2015-09-30,0
2015-10-30,54640,2015-03-31,2,19620000000,0.074,,,,,1665000000,0.044,1749000000,0.042,,1118000000,,27.01,,,,,,,,,,,,,,,,,,,,,,true,false,6,2014-04-01,2014-09-30,-1
2015-10-30,54640,2016-03-31,2,39000000000,-0.033,,,,,2300000000,-0.293,2400000000,-0.314,,1800000000,,43.48,,,,,,,,,,,,,,,,,,,,,,true,true,12,2015-04-01,2016-03-31,0
2015-10-30,54640,2015-03-31,2,,,,,,,,,,,,,,,,,,,,47034000000,30694000000,0.650,738.32,30564000000,,,,,,,,,,,,true,false,12,2014-04-01,2015-03-31,-1
2015-10-30,54640,2015-03-31,2,,,,,,,,,,,,,,,,,,,,,,,,,,,,,10.00,,,,41407404,10731,,false,false,12,2014-04-01,2015-03-31,-1
2015-10-30,54640,2016-03-31,2,,,,,,,,,,,,,,,,,,,,,,,,,,,,,5.00,,,,,,,false,false,12,2015-04-01,2016-03-31,0
2015-10-30,54640,2016-03-31,2,,,,,,,,,,,,,,,,,,,,,,,,,,,,,10.00,,,,,,,false,true,12,2015-04-01,2016-03-31,0
2015-10-30,54640,2016-03-31,2,,,,,,,,,,,,,,,,,,,,,,,,,,,,,,,,,41407404,12627,41395975,false,false,6,2015-04-01,2015-09-30,0
2015-10-30,54640,2015-03-31,2,,,,,,,,,,,,,,,,,,,,,,,,,,,,,,,,,,,41405011,false,false,6,2014-04-01,2014-09-30,-1
2015-10-30,54640,2016-03-31,,39000000000,-0.025,,,,,2300000000,-0.207,2400000000,-0.200,,1800000000,,43.48,,,,,,,,,,,,,,,,,,,,,,true,true,12,2015-04-01,2016-03-31,0
2015-10-30,54640,2015-03-31,,40316000000,,,,,,3253000000,,3499000000,,,2317000000,,55.98,,,,,,,,,,,,,,,,,,,,,,true,false,12,2014-04-01,2015-03-31,-1
2015-10-30,54640,2016-03-31,,38000000000,-0.050,,,,,,,2450000000,-0.183,1850000000,,-0.119,44.69,,,,,,,,,,,,,,,,,,,,,,false,true,12,2015-04-01,2016-03-31,0
2015-10-30,54640,2015-03-31,,39716000000,,,,,,,,3775000000,,2545000000,,,61.48,,,,,,,,,,,,,,,,,,,,,,false,false,12,2014-04-01,2015-03-31,-1
2016-01-29,54640,2016-03-31,3,29511000000,-0.011,,,,,1591000000,-0.374,1667000000,-0.395,,1404000000,,33.93,,,,,,45314000000,31454000000,0.692,757.14,31340000000,,,,,,,,,,,,true,false,9,2015-04-01,2015-12-31,0
2016-01-29,54640,2015-03-31,3,29843000000,0.051,,,,,2543000000,0.060,2756000000,0.089,,1763000000,,42.60,,,,,,,,,,,,,,,,,,,,,,true,false,9,2014-04-01,2014-12-31,-1
2016-01-29,54640,2016-03-31,3,39000000000,-0.033,,,,,2300000000,-0.293,2400000000,-0.314,,1800000000,,43.48,,,,,,,,,,,,,,,,,,,,,,true,true,12,2015-04-01,2016-03-31,0
2016-01-29,54640,2015-03-31,3,,,,,,,,,,,,,,,,,,,,47034000000,30694000000,0.650,738.32,30564000000,,,,,,,,,,,,true,false,12,2014-04-01,2015-03-31,-1
2016-01-29,54640,2015-03-31,3,,,,,,,,,,,,,,,,,,,,,,,,,,,,,10.00,,,,41407404,10731,,false,false,12,2014-04-01,2015-03-31,-1
2016-01-29,54640,2016-03-31,3,,,,,,,,,,,,,,,,,,,,,,,,,,,,,5.00,,,,,,,false,false,12,2015-04-01,2016-03-31,0
2016-01-29,54640,2016-03-31,3,,,,,,,,,,,,,,,,,,,,,,,,,,,,,10.00,,,,,,,false,true,12,2015-04-01,2016-03-31,0
2016-01-29,54640,2016-03-31,3,,,,,,,,,,,,,,,,,,,,,,,,,,,,,,,,,41407404,14226,41395434,false,false,9,2015-04-01,2015-12-31,0
2016-01-29,54640,2015-03-31,3,,,,,,,,,,,,,,,,,,,,,,,,,,,,,,,,,,,41403722,false,false,9,2014-04-01,2014-12-31,-1
2016-05-09,54640,2016-03-31,,39454000000,-0.021,,,,,2261000000,-0.305,2238000000,-0.360,,1773000000,,42.90,,0.057,0.049,0.057,,44319000000,31240000000,0.703,763.25,31134000000,992000000,-10000000,-677000000,1551000000,,0.233,,,,,,true,false,12,2015-04-01,2016-03-31,0
2016-05-09,54640,2015-03-31,,40316000000,0.029,,,,,3253000000,-0.015,3499000000,0.016,,2317000000,,55.98,,0.080,0.077,0.081,,47034000000,30694000000,0.650,738.32,30564000000,1146000000,-1113000000,-943000000,1269000000,,0.179,,,,,,true,false,12,2014-04-01,2015-03-31,-1
2016-05-09,54640,2017-03-31,,19000000000,-0.027,,,,,1050000000,-0.034,1100000000,-0.026,,550000000,,13.48,,,,,,,,,,,,,,,,,,,,,,true,true,6,2016-04-01,2016-09-30,1
2016-05-09,54640,2017-03-31,,40000000000,0.014,,,,,2400000000,0.061,2500000000,0.117,,1500000000,,36.77,,,,,,,,,,,,,,,,0.272,,,,,,true,true,12,2016-04-01,2017-03-31,1
2016-05-09,54640,2016-03-31,,38309000000,-0.035,,,,,2101000000,-0.352,2258000000,-0.402,1721000000,,-0.324,41.64,,,,,,42273000000,29888000000,0.707,732.69,29888000000,,,,,10.00,,,,41407404,615116,41335268,false,false,12,2015-04-01,2016-03-31,0
2016-05-09,54640,2015-03-31,,39716000000,0.023,,,,,3242000000,0.043,3775000000,0.098,2545000000,,0.084,61.48,,,,,,44823000000,29131000000,0.650,703.72,29131000000,,,,,10.00,,,,41407404,10731,41402235,false,false,12,2014-04-01,2015-03-31,-1
2016-05-09,54640,2017-03-31,,18100000000,-0.047,,,,,,,1100000000,-0.088,550000000,,-0.473,13.48,,,,,,,,,,,,,,,,,,,,,,false,true,6,2016-04-01,2016-09-30,1
2016-05-09,54640,2017-03-31,,38200000000,-0.003,,,,,,,2500000000,0.107,1500000000,,-0.129,36.77,,,,,,,,,,,,,,,10.00,,,,,,,false,true,12,2016-04-01,2017-03-31,1
2016-07-29,54640,2017-03-31,1,9155000000,-0.065,,,,,778000000,0.304,679000000,0.030,,151000000,,3.70,,,,,,43997000000,30998000000,0.702,757.62,30905000000,,,,,,,,,,,,true,false,3,2016-04-01,2016-06-30,0
2016-07-29,54640,2016-03-31,1,9794000000,0.011,,,,,596000000,-0.214,659000000,-0.134,,668000000,,16.15,,,,,,,,,,,,,,,,,,,,,,true,false,3,2015-04-01,2015-06-30,-1
2016-07-29,54640,2017-03-31,1,19000000000,-0.027,,,,,1050000000,-0.034,1100000000,-0.026,,550000000,,13.48,,,,,,,,,,,,,,,,,,,,,,true,true,6,2016-04-01,2016-09-30,0
2016-07-29,54640,2017-03-31,1,40000000000,0.014,,,,,2400000000,0.061,2500000000,0.117,,1500000000,,183.85,,,,,,,,,,,,,,,,,,,,,,true,true,12,2016-04-01,2017-03-31,0
2016-07-29,54640,2016-03-31,1,,,,,,,,,,,,,,,,,,,,44319000000,31240000000,0.703,763.25,31134000000,,,,,,,,,,,,true,false,12,2015-04-01,2016-03-31,-1
2016-07-29,54640,2016-03-31,1,,,,,,,,,,,,,,,,,,,,,,,,,,,,,10.00,,,,41407404,615116,,false,false,12,2015-04-01,2016-03-31,-1
2016-07-29,54640,2017-03-31,1,,,,,,,,,,,,,,,,,,,,,,,,,,,,,25.00,,,,,,,false,true,12,2016-04-01,2017-03-31,0
2016-07-29,54640,2017-03-31,1,,,,,,,,,,,,,,,,,,,,,,,,,,,,,,,,,41407404,615116,40792288,false,false,3,2016-04-01,2016-06-30,0
2016-07-29,54640,2016-03-31,1,,,,,,,,,,,,,,,,,,,,,,,,,,,,,,,,,,,41396373,false,false,3,2015-04-01,2015-06-30,-1
,54640,2017-03-31,,,,,,,,,,,,,,,,,,,,,,,,,,,,,,25.00,,,,,,,false,true,12,2016-04-01,2017-03-31,0
,54640,2016-03-31,,,,,,,,,,,,,,,,,,,,,,,,,,,,,,10.00,,,,,,,false,false,12,2015-04-01,2016-03-31,-1
2016-10-25,54640,2017-03-31,,18400000000,-0.032,,,,,1600000000,0.524,1500000000,0.364,,800000000,,98.05,,,,,,,,,,,,,,,,,,,,,,true,true,6,2016-04-01,2016-09-30,0
2016-10-25,54640,2016-03-31,,19524000000,,,,,,1086000000,,1129000000,,,995000000,,120.23,,,,,,,,,,,,,,,,,,,,,,true,false,6,2015-04-01,2015-09-30,-1
2016-10-25,54640,2017-03-31,,38500000000,-0.038,,,,,3350000000,0.396,3300000000,0.320,,2000000000,,245.14,,,,,,,,,,,,,,,,,,,,,,true,true,12,2016-04-01,2017-03-31,0
2016-10-25,54640,2016-03-31,,39454000000,,,,,,2261000000,,2238000000,,,1773000000,,214.53,,,,,,,,,,,,,,,,,,,,,,true,false,12,2015-04-01,2016-03-31,-1
2016-10-25,54640,2017-03-31,,17600000000,-0.028,,,,,,,1500000000,0.364,800000000,,0.455,98.05,,,,,,,,,,,,,,,,,,,,,,false,true,6,2016-04-01,2016-09-30,0
2016-10-25,54640,2016-03-31,,18997000000,,,,,,,,1205000000,,1044000000,,,126.10,,,,,,,,,,,,,,,,,,,,,,false,false,6,2015-04-01,2015-09-30,-1
2016-10-25,54640,2017-03-31,,37000000000,-0.031,,,,,,,3300000000,0.320,2000000000,,0.333,245.14,,,,,,,,,,,,,,,,,,,,,,false,true,12,2016-04-01,2017-03-31,0
2016-10-25,54640,2016-03-31,,38309000000,,,,,,,,2258000000,,1721000000,,,208.23,,,,,,,,,,,,,,,,,,,,,,false,false,12,2015-04-01,2016-03-31,-1
2016-10-31,54640,2017-03-31,2,18429000000,-0.056,,,,,1631000000,0.501,1531000000,0.356,,795000000,,97.45,0.00,,,,,44198000000,31717000000,0.716,3876.77,31628000000,,,,,,,,,,,,true,false,6,2016-04-01,2016-09-30,0
2016-10-31,54640,2016-03-31,2,19524000000,-0.005,,,,,1086000000,-0.348,1129000000,-0.354,,995000000,,120.23,0.00,,,,,,,,,,,,,,,,,,,,,true,false,6,2015-04-01,2015-09-30,-1
2016-10-31,54640,2017-03-31,2,38500000000,-0.024,,,,,3350000000,0.481,3300000000,0.474,,2000000000,,245.14,,,,,,,,,,,,,,,,,,,,,,true,true,12,2016-04-01,2017-03-31,0
2016-10-31,54640,2016-03-31,2,,,,,,,,,,,,,,,,,,,,44319000000,31240000000,0.703,3816.26,31134000000,,,,,,,,,,,,true,false,12,2015-04-01,2016-03-31,-1
2016-10-31,54640,2016-03-31,2,,,,,,,,,,,,,,,,,,,,,,,,,,,,,10.00,,,,8281480,123023,,false,false,12,2015-04-01,2016-03-31,-1
2016-10-31,54640,2017-03-31,2,,,,,,,,,,,,,,,,,,,,,,,,,,,,,5.00,,,,,,,false,false,12,2016-04-01,2017-03-31,0
2016-10-31,54640,2017-03-31,2,,,,,,,,,,,,,,,,,,,,,,,,,,,,,0.00,,,,,,,false,true,12,2016-04-01,2017-03-31,0
2016-10-31,54640,2017-03-31,2,,,,,,,,,,,,,,,,,,,,,,,,,,,,,,,,,8281480,123073,8158442,false,false,6,2016-04-01,2016-09-30,0
2016-10-31,54640,2016-03-31,2,,,,,,,,,,,,,,,,,,,,,,,,,,,,,,,,,,,8279194,false,false,6,2015-04-01,2015-09-30,-1
2017-01-31,54640,2017-03-31,3,28592000000,-0.031,,,,,2740000000,0.722,2913000000,0.747,,1697000000,,208.12,,,,,,46634000000,32837000000,0.702,4012.88,32737000000,,,,,,,,,,,,true,false,9,2016-04-01,2016-12-31,0
2017-01-31,54640,2016-03-31,3,29511000000,-0.011,,,,,1591000000,-0.374,1667000000,-0.395,,1404000000,,169.66,,,,,,,,,,,,,,,,,,,,,,true,false,9,2015-04-01,2015-12-31,-1
2017-01-31,54640,2017-03-31,3,38500000000,-0.024,,,,,3350000000,0.481,3300000000,0.474,,2000000000,,245.14,,,,,,,,,,,,,,,,,,,,,,true,true,12,2016-04-01,2017-03-31,0
2017-01-31,54640,2016-03-31,3,,,,,,,,,,,,,,,,,,,,44319000000,31240000000,0.703,3816.26,31134000000,,,,,,,,,,,,true,false,12,2015-04-01,2016-03-31,-1
2017-01-31,54640,2016-03-31,3,,,,,,,,,,,,,,,,,,,,,,,,,,,,,10.00,,,,8281480,123023,,false,false,12,2015-04-01,2016-03-31,-1
2017-01-31,54640,2017-03-31,3,,,,,,,,,,,,,,,,,,,,,,,,,,,,,5.00,,,,,,,false,false,12,2016-04-01,2017-03-31,0
2017-01-31,54640,2017-03-31,3,,,,,,,,,,,,,,,,,,,,,,,,,,,,,25.00,,,,,,,false,true,12,2016-04-01,2017-03-31,0
2017-01-31,54640,2017-03-31,3,,,,,,,,,,,,,,,,,,,,,,,,,,,,,,,,,8281480,123381,8158355,false,false,9,2016-04-01,2016-12-31,0
2017-01-31,54640,2016-03-31,3,,,,,,,,,,,,,,,,,,,,,,,,,,,,,,,,,,,8279086,false,false,9,2015-04-01,2015-12-31,-1
2017-04-28,54640,2017-03-31,,39040000000,0.014,,,,,4125000000,0.231,4275000000,0.296,,2220000000,,272.54,,,,,,,,,,,,,,,,,,,,,,true,true,12,2016-04-01,2017-03-31,0
2017-04-28,54640,2016-03-31,,39454000000,,,,,,2261000000,,2238000000,,,1773000000,,214.53,,,,,,,,,,,,,,,,,,,,,,true,false,12,2015-04-01,2016-03-31,-1
2017-04-28,54640,2017-03-31,,37375000000,0.010,,,,,,,4320000000,0.309,2020000000,,0.010,247.99,,,,,,,,,,,,,,,,,,,,,,false,true,12,2016-04-01,2017-03-31,0
2017-04-28,54640,2016-03-31,,38309000000,,,,,,,,2258000000,,1721000000,,,208.23,,,,,,,,,,,,,,,,,,,,,,false,false,12,2015-04-01,2016-03-31,-1
2017-05-08,54640,2017-03-31,,39042000000,-0.010,,,,,4125000000,0.824,4276000000,0.910,,2222000000,,272.86,,0.069,0.094,0.106,,46591000000,33116000000,0.710,4096.76,33079000000,3640000000,-819000000,-1180000000,3195000000,,0.183,,,,,,true,false,12,2016-04-01,2017-03-31,0
2017-05-08,54640,2016-03-31,,39454000000,-0.021,,,,,2261000000,-0.305,2238000000,-0.360,,1773000000,,214.53,,0.057,0.049,0.057,,44319000000,31240000000,0.703,3816.26,31134000000,992000000,-10000000,-677000000,1551000000,,0.233,,,,,,true,false,12,2015-04-01,2016-03-31,-1
2017-05-08,54640,2018-03-31,,19400000000,0.053,,,,,1850000000,0.134,1900000000,0.241,,1300000000,,161.00,,,,,,,,,,,,,,,,,,,,,,true,true,6,2017-04-01,2017-09-30,1
2017-05-08,54640,2018-03-31,,40000000000,0.025,,,,,3700000000,-0.103,3800000000,-0.111,,2700000000,,334.38,,,,,,,,,,,,,,,,0.150,,,,,,true,true,12,2017-04-01,2018-03-31,1
2017-05-08,54640,2017-03-31,,37375000000,-0.024,,,,,4035000000,0.920,4321000000,0.914,2022000000,,0.175,248.35,,,,,,44423000000,31532000000,0.710,3905.23,31532000000,,,,,25.00,,,,8074580,87,8145434,false,false,12,2016-04-01,2017-03-31,0
2017-05-08,54640,2016-03-31,,38309000000,-0.035,,,,,2101000000,-0.352,2258000000,-0.402,1721000000,,-0.324,208.23,,,,,,42273000000,29888000000,0.707,3663.49,29888000000,,,,,10.00,,,,8281480,123023,8267053,false,false,12,2015-04-01,2016-03-31,-1
2017-05-08,54640,2018-03-31,,18400000000,0.045,,,,,,,1900000000,0.250,1300000000,,0.623,161.00,,,,,,,,,,,,,,,,,,,,,,false,true,6,2017-04-01,2017-09-30,1
2017-05-08,54640,2018-03-31,,38000000000,0.017,,,,,,,3800000000,-0.121,2700000000,,0.335,334.38,,,,,,,,,,,,,,,50.00,,,,,,,false,true,12,2017-04-01,2018-03-31,1
2017-07-31,54640,2018-03-31,1,9896000000,0.081,,,,,1254000000,0.612,1299000000,0.911,,892000000,,110.48,,,,,,47975000000,33885000000,0.706,4192.65,33853000000,,,,,,,,,,,,true,false,3,2017-04-01,2017-06-30,0
2017-07-31,54640,2017-03-31,1,9155000000,-0.065,,,,,778000000,0.304,679000000,0.030,,151000000,,18.51,,,,,,,,,,,,,,,,,,,,,,true,false,3,2016-04-01,2016-06-30,-1
2017-07-31,54640,2018-03-31,1,19400000000,0.053,,,,,1850000000,0.134,1900000000,0.241,,1300000000,,161.00,,,,,,,,,,,,,,,,,,,,,,true,true,6,2017-04-01,2017-09-30,0
2017-07-31,54640,2018-03-31,1,40000000000,0.025,,,,,3700000000,-0.103,3800000000,-0.111,,2700000000,,334.38,,,,,,,,,,,,,,,,,,,,,,true,true,12,2017-04-01,2018-03-31,0
2017-07-31,54640,2017-03-31,1,,,,,,,,,,,,,,,,,,,,46591000000,33116000000,0.710,4096.76,33079000000,,,,,,,,,,,,true,false,12,2016-04-01,2017-03-31,-1
2017-07-31,54640,2017-03-31,1,,,,,,,,,,,,,,,,,,,,,,,,,,,,,25.00,,,,8074580,87,,false,false,12,2016-04-01,2017-03-31,-1
2017-07-31,54640,2018-03-31,1,,,,,,,,,,,,,,,,,,,,,,,,,,,,,50.00,,,,,,,false,true,12,2017-04-01,2018-03-31,0
2017-07-31,54640,2018-03-31,1,,,,,,,,,,,,,,,,,,,,,,,,,,,,,,,,,8074580,115,8074486,false,false,3,2017-04-01,2017-06-30,0
2017-07-31,54640,2017-03-31,1,,,,,,,,,,,,,,,,,,,,,,,,,,,,,,,,,,,8158457,false,false,3,2016-04-01,2016-06-30,-1
2017-10-25,54640,2018-03-31,,20140000000,0.038,,,,,2460000000,0.330,2580000000,0.358,,1780000000,,220.44,,,,,,,,,,,,,,,,,,,,,,true,true,6,2017-04-01,2017-09-30,0
2017-10-25,54640,2017-03-31,,18429000000,,,,,,1631000000,,1531000000,,,795000000,,97.45,,,,,,,,,,,,,,,,,,,,,,true,false,6,2016-04-01,2016-09-30,-1
2017-10-25,54640,2018-03-31,,41000000000,0.025,,,,,4600000000,0.243,4800000000,0.263,,3400000000,,421.08,,,,,,,,,,,,,,,,,,,,,,true,true,12,2017-04-01,2018-03-31,0
2017-10-25,54640,2017-03-31,,39042000000,,,,,,4125000000,,4276000000,,,2222000000,,272.86,,,,,,,,,,,,,,,,,,,,,,true,false,12,2016-04-01,2017-03-31,-1
2017-10-25,54640,2018-03-31,,19330000000,0.051,,,,,,,2590000000,0.363,1860000000,,0.431,230.35,,,,,,,,,,,,,,,,,,,,,,false,true,6,2017-04-01,2017-09-30,0
2017-10-25,54640,2017-03-31,,17600000000,,,,,,,,1520000000,,800000000,,,98.15,,,,,,,,,,,,,,,,,,,,,,false,false,6,2016-04-01,2016-09-30,-1
2017-10-25,54640,2018-03-31,,39200000000,0.032,,,,,,,4800000000,0.263,3400000000,,0.259,421.08,,,,,,,,,,,,,,,,,,,,,,false,true,12,2017-04-01,2018-03-31,0
2017-10-25,54640,2017-03-31,,37375000000,,,,,,,,4321000000,,2022000000,,,248.35,,,,,,,,,,,,,,,,,,,,,,false,false,12,2016-04-01,2017-03-31,-1
2017-10-31,54640,2018-03-31,2,20149000000,0.093,,,,,2468000000,0.513,2584000000,0.688,,1780000000,,220.54,,,,,,50045000000,34841000000,0.696,4311.27,34810000000,,,,,,,,,,,,true,false,6,2017-04-01,2017-09-30,0
2017-10-31,54640,2017-03-31,2,18429000000,-0.056,,,,,1631000000,0.501,1531000000,0.356,,795000000,,97.45,,,,,,,,,,,,,,,,,,,,,,true,false,6,2016-04-01,2016-09-30,-1
2017-10-31,54640,2018-03-31,2,41000000000,0.050,,,,,4600000000,0.115,4800000000,0.122,,3400000000,,421.08,,,,,,,,,,,,,,,,,,,,,,true,true,12,2017-04-01,2018-03-31,0
2017-10-31,54640,2017-03-31,2,,,,,,,,,,,,,,,,,,,,46591000000,33116000000,0.710,4096.76,33079000000,,,,,,,,,,,,true,false,12,2016-04-01,2017-03-31,-1
2017-10-31,54640,2017-03-31,2,,,,,,,,,,,,,,,,,,,,,,,,,,,,,25.00,,,,8074580,87,,false,false,12,2016-04-01,2017-03-31,-1
2017-10-31,54640,2018-03-31,2,,,,,,,,,,,,,,,,,,,,,,,,,,,,,25.00,,,,,,,false,false,12,2017-04-01,2018-03-31,0
2017-10-31,54640,2018-03-31,2,,,,,,,,,,,,,,,,,,,,,,,,,,,,,50.00,,,,,,,false,true,12,2017-04-01,2018-03-31,0
2017-10-31,54640,2018-03-31,2,,,,,,,,,,,,,,,,,,,,,,,,,,,,,,,,,8074580,328,8074422,false,false,6,2017-04-01,2017-09-30,0
2017-10-31,54640,2017-03-31,2,,,,,,,,,,,,,,,,,,,,,,,,,,,,,,,,,,,8158442,false,false,6,2016-04-01,2016-09-30,-1
2018-01-31,54640,2018-03-31,3,31033000000,0.085,,,,,3769000000,0.376,3956000000,0.358,,2796000000,,346.34,,,,,,50164000000,35856000000,0.714,4437.19,35826000000,,,,,,,,,,,,true,false,9,2017-04-01,2017-12-31,0
2018-01-31,54640,2017-03-31,3,28592000000,-0.031,,,,,2740000000,0.722,2913000000,0.747,,1697000000,,208.12,,,,,,,,,,,,,,,,,,,,,,true,false,9,2016-04-01,2016-12-31,-1
2018-01-31,54640,2018-03-31,3,41000000000,0.050,,,,,4600000000,0.115,4800000000,0.122,,3400000000,,421.08,,,,,,,,,,,,,,,,,,,,,,true,true,12,2017-04-01,2018-03-31,0
2018-01-31,54640,2017-03-31,3,,,,,,,,,,,,,,,,,,,,46591000000,33116000000,0.710,4096.76,33079000000,,,,,,,,,,,,true,false,12,2016-04-01,2017-03-31,-1
2018-01-31,54640,2017-03-31,3,,,,,,,,,,,,,,,,,,,,,,,,,,,,,25.00,,,,8074580,87,,false,false,12,2016-04-01,2017-03-31,-1
2018-01-31,54640,2018-03-31,3,,,,,,,,,,,,,,,,,,,,,,,,,,,,,25.00,,,,,,,false,false,12,2017-04-01,2018-03-31,0
2018-01-31,54640,2018-03-31,3,,,,,,,,,,,,,,,,,,,,,,,,,,,,,50.00,,,,,,,false,true,12,2017-04-01,2018-03-31,0
2018-01-31,54640,2018-03-31,3,,,,,,,,,,,,,,,,,,,,,,,,,,,,,,,,,8074580,526,8074327,false,false,9,2017-04-01,2017-12-31,0
2018-01-31,54640,2017-03-31,3,,,,,,,,,,,,,,,,,,,,,,,,,,,,,,,,,,,8158355,false,false,9,2016-04-01,2016-12-31,-1
,54640,2018-03-31,,,,,,,,,,,,,,,,,,,,,,,,,,,,,,55.00,,,,,,,false,true,12,2017-04-01,2018-03-31,0
,54640,2018-03-31,,,,,,,,,,,,,,,,,,,,,,,,,,,,,,25.00,,,,,,,false,false,12,2017-04-01,2018-03-31,0
,54640,2017-03-31,,,,,,,,,,,,,,,,,,,,,,,,,,,,,,25.00,,,,,,,false,false,12,2016-04-01,2017-03-31,-1
2018-05-08,54640,2018-03-31,,42214000000,0.081,,,,,5172000000,0.254,5302000000,0.240,,3707000000,,460.31,,0.107,0.108,0.123,,51203000000,36179000000,0.706,4547.77,36152000000,3782000000,-1386000000,-1080000000,4472000000,,0.119,,,,,,true,false,12,2017-04-01,2018-03-31,0
2018-05-08,54640,2017-03-31,,39042000000,-0.010,,,,,4125000000,0.824,4276000000,0.910,,2222000000,,272.86,,0.069,0.094,0.106,,46591000000,33116000000,0.710,4096.76,33079000000,3640000000,-819000000,-1180000000,3195000000,,0.183,,,,,,true,false,12,2016-04-01,2017-03-31,-1
2018-05-08,54640,2019-03-31,,21000000000,0.042,,,,,2300000000,-0.068,2400000000,-0.071,,1700000000,,213.85,,,,,,,,,,,,,,,,,,,,,,true,true,6,2018-04-01,2018-09-30,1
2018-05-08,54640,2019-03-31,,43000000000,0.019,,,,,4800000000,-0.072,5000000000,-0.057,,3500000000,,440.27,,,,,,,,,,,,,,,,0.136,,,,,,true,true,12,2018-04-01,2019-03-31,1
2018-05-08,54640,2018-03-31,,40642000000,0.087,,,,,5009000000,0.242,5294000000,0.225,3849000000,,0.903,477.90,,,,,,49140000000,34697000000,0.706,4364.70,34697000000,,,,,55.00,,,,7949580,93,8055104,false,false,12,2017-04-01,2018-03-31,0
2018-05-08,54640,2017-03-31,,37375000000,-0.024,,,,,4035000000,0.920,4321000000,0.914,2022000000,,0.175,248.35,,,,,,44423000000,31532000000,0.710,3905.23,31532000000,,,,,25.00,,,,8074580,87,8145434,false,false,12,2016-04-01,2017-03-31,-1
2018-05-08,54640,2019-03-31,,20000000000,0.035,,,,,,,2400000000,-0.075,1700000000,,-0.091,213.85,,,,,,,,,,,,,,,,,,,,,,false,true,6,2018-04-01,2018-09-30,1
2018-05-08,54640,2019-03-31,,41000000000,0.009,,,,,,,5000000000,-0.056,3500000000,,-0.091,440.27,,,,,,,,,,,,,,,60.00,,,,,,,false,true,12,2018-04-01,2019-03-31,1
2018-07-31,54640,2019-03-31,1,10850000000,0.096,,,,,1318000000,0.051,1483000000,0.142,,1002000000,,126.07,,,,,,51653000000,36843000000,0.713,4631.58,36818000000,,,,,,,,,,,,true,false,3,2018-04-01,2018-06-30,0
2018-07-31,54640,2018-03-31,1,9896000000,0.081,,,,,1254000000,0.612,1299000000,0.911,,892000000,,110.48,,,,,,,,,,,,,,,,,,,,,,true,false,3,2017-04-01,2017-06-30,-1
2018-07-31,54640,2019-03-31,1,21000000000,0.042,,,,,2300000000,-0.068,2400000000,-0.071,,1700000000,,213.85,,,,,,,,,,,,,,,,,,,,,,true,true,6,2018-04-01,2018-09-30,0
2018-07-31,54640,2019-03-31,1,43000000000,0.019,,,,,4800000000,-0.072,5000000000,-0.057,,3500000000,,440.27,,,,,,,,,,,,,,,,,,,,,,true,true,12,2018-04-01,2019-03-31,0
2018-07-31,54640,2018-03-31,1,,,,,,,,,,,,,,,,,,,,50999000000,36179000000,0.709,4547.77,36152000000,,,,,,,,,,,,true,false,12,2017-04-01,2018-03-31,-1
2018-07-31,54640,2018-03-31,1,,,,,,,,,,,,,,,,,,,,,,,,,,,,,55.00,,,,7949580,93,,false,false,12,2017-04-01,2018-03-31,-1
2018-07-31,54640,2019-03-31,1,,,,,,,,,,,,,,,,,,,,,,,,,,,,,60.00,,,,,,,false,true,12,2018-04-01,2019-03-31,0
2018-07-31,54640,2019-03-31,1,,,,,,,,,,,,,,,,,,,,,,,,,,,,,,,,,7949580,156,7949452,false,false,3,2018-04-01,2018-06-30,0
2018-07-31,54640,2018-03-31,1,,,,,,,,,,,,,,,,,,,,,,,,,,,,,,,,,,,8074486,false,false,3,2017-04-01,2017-06-30,-1
2018-10-31,54640,2019-03-31,2,21545000000,0.069,,,,,2373000000,-0.039,2628000000,0.017,,1781000000,,224.05,,,,,,52738000000,37767000000,0.716,4747.94,37743000000,,,,,,,,,,,,true,false,6,2018-04-01,2018-09-30,0
2018-10-31,54640,2018-03-31,2,20149000000,0.093,,,,,2468000000,0.513,2584000000,0.688,,1780000000,,220.54,,,,,,,,,,,,,,,,,,,,,,true,false,6,2017-04-01,2017-09-30,-1
2018-10-31,54640,2019-03-31,2,43000000000,0.019,,,,,4800000000,-0.072,5000000000,-0.057,,3500000000,,440.28,,,,,,,,,,,,,,,,,,,,,,true,true,12,2018-04-01,2019-03-31,0
2018-10-31,54640,2018-03-31,2,,,,,,,,,,,,,,,,,,,,50999000000,36179000000,0.709,4547.77,36152000000,,,,,,,,,,,,true,false,12,2017-04-01,2018-03-31,-1
2018-10-31,54640,2018-03-31,2,,,,,,,,,,,,,,,,,,,,,,,,,,,,,55.00,,,,7949580,93,,false,false,12,2017-04-01,2018-03-31,-1
2018-10-31,54640,2019-03-31,2,,,,,,,,,,,,,,,,,,,,,,,,,,,,,30.00,,,,,,,false,false,12,2018-04-01,2019-03-31,0
2018-10-31,54640,2019-03-31,2,,,,,,,,,,,,,,,,,,,,,,,,,,,,,60.00,,,,,,,false,true,12,2018-04-01,2019-03-31,0
2018-10-31,54640,2019-03-31,2,,,,,,,,,,,,,,,,,,,,,,,,,,,,,,,,,7949580,252,7949412,false,false,6,2018-04-01,2018-09-30,0
2018-10-31,54640,2018-03-31,2,,,,,,,,,,,,,,,,,,,,,,,,,,,,,,,,,,,8074422,false,false,6,2017-04-01,2017-09-30,-1
2019-01-31,54640,2019-03-31,3,33277000000,0.072,,,,,3659000000,-0.029,3962000000,0.002,,2682000000,,338.30,,,,,,52462000000,37669000000,0.718,4794.71,37645000000,,,,,,,,,,,,true,false,9,2018-04-01,2018-12-31,0
2019-01-31,54640,2018-03-31,3,31033000000,0.085,,,,,3769000000,0.376,3956000000,0.358,,2796000000,,346.34,,,,,,,,,,,,,,,,,,,,,,true,false,9,2017-04-01,2017-12-31,-1
2019-01-31,54640,2019-03-31,3,43000000000,0.019,,,,,4800000000,-0.072,5000000000,-0.057,,3500000000,,441.37,,,,,,,,,,,,,,,,,,,,,,true,true,12,2018-04-01,2019-03-31,0
2019-01-31,54640,2018-03-31,3,,,,,,,,,,,,,,,,,,,,50999000000,36179000000,0.709,4547.77,36152000000,,,,,,,,,,,,true,false,12,2017-04-01,2018-03-31,-1
2019-01-31,54640,2018-03-31,3,,,,,,,,,,,,,,,,,,,,,,,,,,,,,55.00,,,,7949580,93,,false,false,12,2017-04-01,2018-03-31,-1
2019-01-31,54640,2019-03-31,3,,,,,,,,,,,,,,,,,,,,,,,,,,,,,30.00,,,,,,,false,false,12,2018-04-01,2019-03-31,0
2019-01-31,54640,2019-03-31,3,,,,,,,,,,,,,,,,,,,,,,,,,,,,,90.00,,,,,,,false,true,12,2018-04-01,2019-03-31,0
2019-01-31,54640,2019-03-31,3,,,,,,,,,,,,,,,,,,,,,,,,,,,,,,,,,7949580,98110,7929826,false,false,9,2018-04-01,2018-12-31,0
2019-01-31,54640,2018-03-31,3,,,,,,,,,,,,,,,,,,,,,,,,,,,,,,,,,,,8074327,false,false,9,2017-04-01,2017-12-31,-1
2019-05-09,54640,2019-03-31,,44012000000,0.043,,,,,4668000000,-0.098,5047000000,-0.048,,3410000000,,431.08,,0.091,0.097,0.106,,53569000000,38461000000,0.717,4895.34,38435000000,4044000000,-948000000,-847000000,6752000000,,0.209,,,,,,true,false,12,2018-04-01,2019-03-31,0
2019-05-09,54640,2018-03-31,,42214000000,0.081,,,,,5172000000,0.254,5302000000,0.240,,3707000000,,460.31,,0.107,0.108,0.123,,50999000000,36179000000,0.709,4547.77,36152000000,3782000000,-1386000000,-1080000000,4472000000,,0.119,,,,,,true,false,12,2017-04-01,2018-03-31,-1
2019-05-09,54640,2020-03-31,,21000000000,-0.025,,,,,1650000000,-0.305,1800000000,-0.315,,1250000000,,159.20,,,,,,,,,,,,,,,,,,,,,,true,true,6,2019-04-01,2019-09-30,1
2019-05-09,54640,2020-03-31,,43000000000,-0.023,,,,,3600000000,-0.229,3800000000,-0.247,,2650000000,,337.51,,,,,,,,,,,,,,,,0.178,,,,,,true,true,12,2019-04-01,2020-03-31,1
2019-05-09,54640,2019-03-31,,42248000000,0.040,,,,,4524000000,-0.097,5043000000,-0.047,3436000000,,-0.107,434.30,,,,,,51468000000,37017000000,0.719,4714.70,37017000000,,,,,90.00,,,,7949580,98154,7911735,false,false,12,2018-04-01,2019-03-31,0
2019-05-09,54640,2018-03-31,,40642000000,0.087,,,,,5009000000,0.242,5294000000,0.225,3849000000,,0.903,477.90,,,,,,48952000000,34697000000,0.709,4364.70,34697000000,,,,,55.00,,,,7949580,93,8055104,false,false,12,2017-04-01,2018-03-31,-1
2019-05-09,54640,2020-03-31,,20000000000,-0.031,,,,,,,1800000000,-0.317,1250000000,,-0.306,159.20,,,,,,,,,,,,,,,,,,,,,,false,true,6,2019-04-01,2019-09-30,1
2019-05-09,54640,2020-03-31,,41000000000,-0.030,,,,,,,3800000000,-0.247,2650000000,,-0.229,337.51,,,,,,,,,,,,,,,60.00,,,,,,,false,true,12,2019-04-01,2020-03-31,1
2019-07-31,54640,2020-03-31,1,10418000000,-0.040,,,,,921000000,-0.301,952000000,-0.358,,660000000,,84.17,,,,,,52598000000,38587000000,0.733,4911.50,38562000000,,,,,,,,,,,,true,false,3,2019-04-01,2019-06-30,0
2019-07-31,54640,2019-03-31,1,10850000000,0.096,,,,,1318000000,0.051,1483000000,0.142,,1002000000,,126.07,,,,,,,,,,,,,,,,,,,,,,true,false,3,2018-04-01,2018-06-30,-1
2019-07-31,54640,2020-03-31,1,21000000000,-0.025,,,,,1650000000,-0.305,1800000000,-0.315,,1250000000,,159.20,,,,,,,,,,,,,,,,,,,,,,true,true,6,2019-04-01,2019-09-30,0
2019-07-31,54640,2020-03-31,1,43000000000,-0.023,,,,,3600000000,-0.229,3800000000,-0.247,,2650000000,,337.51,,,,,,,,,,,,,,,,,,,,,,true,true,12,2019-04-01,2020-03-31,0
2019-07-31,54640,2019-03-31,1,,,,,,,,,,,,,,,,,,,,53569000000,38461000000,0.717,4895.34,38435000000,,,,,,,,,,,,true,false,12,2018-04-01,2019-03-31,-1
2019-07-31,54640,2019-03-31,1,,,,,,,,,,,,,,,,,,,,,,,,,,,,,90.00,,,,7949580,98154,,false,false,12,2018-04-01,2019-03-31,-1
2019-07-31,54640,2020-03-31,1,,,,,,,,,,,,,,,,,,,,,,,,,,,,,60.00,,,,,,,false,true,12,2019-04-01,2020-03-31,0
2019-07-31,54640,2020-03-31,1,,,,,,,,,,,,,,,,,,,,,,,,,,,,,,,,,7949580,98185,7851402,false,false,3,2019-04-01,2019-06-30,0
2019-07-31,54640,2019-03-31,1,,,,,,,,,,,,,,,,,,,,,,,,,,,,,,,,,,,7949452,false,false,3,2018-04-01,2018-06-30,-1
2019-10-31,54640,2020-03-31,2,20934000000,-0.028,,,,,1865000000,-0.214,1948000000,-0.258,,1604000000,,204.10,,,,,,53324000000,39673000000,0.744,5009.17,39647000000,,,,,,,,,,,,true,false,6,2019-04-01,2019-09-30,0
2019-10-31,54640,2019-03-31,2,21545000000,0.069,,,,,2373000000,-0.039,2628000000,0.017,,1781000000,,224.05,,,,,,,,,,,,,,,,,,,,,,true,false,6,2018-04-01,2018-09-30,-1
2019-10-31,54640,2020-03-31,2,43000000000,-0.023,,,,,3600000000,-0.229,3800000000,-0.247,,2650000000,,337.12,,,,,,,,,,,,,,,,,,,,,,true,true,12,2019-04-01,2020-03-31,0
2019-10-31,54640,2019-03-31,2,,,,,,,,,,,,,,,,,,,,53569000000,38461000000,0.717,4895.34,38435000000,,,,,,,,,,,,true,false,12,2018-04-01,2019-03-31,-1
2019-10-31,54640,2019-03-31,2,,,,,,,,,,,,,,,,,,,,,,,,,,,,,90.00,,,,7949580,98154,,false,false,12,2018-04-01,2019-03-31,-1
2019-10-31,54640,2020-03-31,2,,,,,,,,,,,,,,,,,,,,,,,,,,,,,30.00,,,,,,,false,false,12,2019-04-01,2020-03-31,0
2019-10-31,54640,2020-03-31,2,,,,,,,,,,,,,,,,,,,,,,,,,,,,,60.00,,,,,,,false,true,12,2019-04-01,2020-03-31,0
2019-10-31,54640,2020-03-31,2,,,,,,,,,,,,,,,,,,,,,,,,,,,,,,,,,7949580,34628,7860476,false,false,6,2019-04-01,2019-09-30,0
2019-10-31,54640,2019-03-31,2,,,,,,,,,,,,,,,,,,,,,,,,,,,,,,,,,,,7949412,false,false,6,2018-04-01,2018-09-30,-1
2020-01-31,54640,2020-03-31,3,32095000000,-0.036,,,,,2919000000,-0.202,3088000000,-0.221,,2395000000,,304.12,,,,,,54843000000,40467000000,0.737,5109.43,40439000000,,,,,,,,,,,,true,false,9,2019-04-01,2019-12-31,0
2020-01-31,54640,2019-03-31,3,33277000000,0.072,,,,,3659000000,-0.029,3962000000,0.002,,2682000000,,338.30,,,,,,,,,,,,,,,,,,,,,,true,false,9,2018-04-01,2018-12-31,-1
2020-01-31,54640,2020-03-31,3,43000000000,-0.023,,,,,3600000000,-0.229,3800000000,-0.247,,2650000000,,336.43,,,,,,,,,,,,,,,,,,,,,,true,true,12,2019-04-01,2020-03-31,0
2020-01-31,54640,2019-03-31,3,,,,,,,,,,,,,,,,,,,,53569000000,38461000000,0.717,4895.34,38435000000,,,,,,,,,,,,true,false,12,2018-04-01,2019-03-31,-1
2020-01-31,54640,2019-03-31,3,,,,,,,,,,,,,,,,,,,,,,,,,,,,,90.00,,,,7949580,98154,,false,false,12,2018-04-01,2019-03-31,-1
2020-01-31,54640,2020-03-31,3,,,,,,,,,,,,,,,,,,,,,,,,,,,,,30.00,,,,,,,false,false,12,2019-04-01,2020-03-31,0
2020-01-31,54640,2020-03-31,3,,,,,,,,,,,,,,,,,,,,,,,,,,,,,90.00,,,,,,,false,true,12,2019-04-01,2020-03-31,0
2020-01-31,54640,2020-03-31,3,,,,,,,,,,,,,,,,,,,,,,,,,,,,,,,,,7949580,34903,7876772,false,false,9,2019-04-01,2019-12-31,0
2020-01-31,54640,2019-03-31,3,,,,,,,,,,,,,,,,,,,,,,,,,,,,,,,,,,,7929826,false,false,9,2018-04-01,2018-12-31,-1
,54640,2020-03-31,,,,,,,,,,,,,,,,,,,,,,,,,,,,,,90.00,,,,,,,false,true,12,2019-04-01,2020-03-31,0
,54640,2020-03-31,,,,,,,,,,,,,,,,,,,,,,,,,,,,,,30.00,,,,,,,false,false,12,2019-04-01,2020-03-31,0
,54640,2019-03-31,,,,,,,,,,,,,,,,,,,,,,,,,,,,,,90.00,,,,,,,false,false,12,2018-04-01,2019-03-31,-1
2020-05-15,54640,2020-03-31,,42160000000,-0.042,,,,,3805000000,-0.185,3978000000,-0.212,,2968000000,,376.99,,0.075,0.074,0.090,,54118000000,40293000000,0.744,5131.39,40267000000,3850000000,-674000000,-979000000,8944000000,,0.239,,,,,,true,false,12,2019-04-01,2020-03-31,0
2020-05-15,54640,2019-03-31,,44012000000,0.043,,,,,4668000000,-0.098,5047000000,-0.048,,3410000000,,431.08,,0.091,0.097,0.106,,53569000000,38461000000,0.717,4895.34,38435000000,4044000000,-948000000,-847000000,6752000000,,0.209,,,,,,true,false,12,2018-04-01,2019-03-31,-1
2020-05-15,54640,2020-03-31,,40444000000,-0.043,,,,,3671000000,-0.189,3867000000,-0.233,2864000000,,-0.166,363.76,,,,,,52232000000,38952000000,0.746,4963.85,38952000000,,,,,90.00,,,,7949580,102333,7875096,false,false,12,2019-04-01,2020-03-31,0
2020-05-15,54640,2019-03-31,,42248000000,0.040,,,,,4524000000,-0.097,5043000000,-0.047,3436000000,,-0.107,434.30,,,,,,51468000000,37017000000,0.719,4714.70,37017000000,,,,,90.00,,,,7949580,98154,7911735,false,false,12,2018-04-01,2019-03-31,-1
2020-07-31,54640,2021-03-31,1,7910000000,-0.241,,,,,495000000,-0.462,660000000,-0.306,,436000000,,55.64,,,,,,52290000000,40355000000,0.771,5139.55,40330000000,,,,,,,,,,,,true,false,3,2020-04-01,2020-06-30,0
2020-07-31,54640,2020-03-31,1,10418000000,-0.040,,,,,921000000,-0.301,952000000,-0.358,,660000000,,84.17,,,,,,,,,,,,,,,,,,,,,,true,false,3,2019-04-01,2019-06-30,-1
2020-07-31,54640,2021-03-31,1,15700000000,-0.250,,,,,950000000,-0.491,1000000000,-0.487,,800000000,,101.94,,,,,,,,,,,,,,,,,,,,,,true,true,6,2020-04-01,2020-09-30,0
2020-07-31,54640,2021-03-31,1,32700000000,-0.224,,,,,2200000000,-0.422,2300000000,-0.422,,1700000000,,216.63,,,,,,,,,,,,,,,,,,,,,,true,true,12,2020-04-01,2021-03-31,0
2020-07-31,54640,2020-03-31,1,,,,,,,,,,,,,,,,,,,,54118000000,40293000000,0.744,5131.39,40267000000,,,,,,,,,,,,true,false,12,2019-04-01,2020-03-31,-1
2020-07-31,54640,2020-03-31,1,,,,,,,,,,,,,,,,,,,,,,,,,,,,,90.00,,,,7949580,102333,,false,false,12,2019-04-01,2020-03-31,-1
2020-07-31,54640,2021-03-31,1,,,,,,,,,,,,,,,,,,,,,,,,,,,,,60.00,,,,,,,false,true,12,2020-04-01,2021-03-31,0
2020-07-31,54640,2021-03-31,1,,,,,,,,,,,,,,,,,,,,,,,,,,,,,,,,,7949580,102468,7847170,false,false,3,2020-04-01,2020-06-30,0
2020-07-31,54640,2020-03-31,1,,,,,,,,,,,,,,,,,,,,,,,,,,,,,,,,,,,7851402,false,false,3,2019-04-01,2019-06-30,-1
2020-07-31,54640,2021-03-31,,15700000000,,,,,,950000000,,1000000000,,,800000000,,101.94,,,,,,,,,,,,,,,,,,,,,,true,true,6,2020-04-01,2020-09-30,0
2020-07-31,54640,2020-03-31,,20934000000,,,,,,1865000000,,1948000000,,,1604000000,,204.10,,,,,,,,,,,,,,,,,,,,,,true,false,6,2019-04-01,2019-09-30,-1
2020-07-31,54640,2021-03-31,,32700000000,,,,,,2200000000,,2300000000,,,1700000000,,216.64,,,,,,,,,,,,,,,,,,,,,,true,true,12,2020-04-01,2021-03-31,0
2020-07-31,54640,2020-03-31,,42160000000,,,,,,3805000000,,3978000000,,,2968000000,,376.99,,,,,,,,,,,,,,,,,,,,,,true,false,12,2019-04-01,2020-03-31,-1
2020-07-31,54640,2021-03-31,,15400000000,,,,,,,,1050000000,,800000000,,,101.94,,,,,,,,,,,,,,,,,,,,,,false,true,6,2020-04-01,2020-09-30,0
2020-07-31,54640,2020-03-31,,20013000000,,,,,,,,1932000000,,1594000000,,,202.80,,,,,,,,,,,,,,,,,,,,,,false,false,6,2019-04-01,2019-09-30,-1
2020-07-31,54640,2021-03-31,,32000000000,,,,,,,,2400000000,,1700000000,,,216.64,,,,,,,,,,,,,,,60.00,,,,,,,false,true,12,2020-04-01,2021-03-31,0
2020-07-31,54640,2020-03-31,,40444000000,,,,,,,,3867000000,,2864000000,,,363.76,,,,,,,,,,,,,,,90.00,,,,,,,false,false,12,2019-04-01,2020-03-31,-1
2020-10-30,54640,2021-03-31,2,16095000000,-0.231,,,,,974000000,-0.478,1198000000,-0.385,,914000000,,116.55,,,,,,52015000000,40787000000,0.784,5195.03,40764000000,,,,,,,,,,,,true,false,6,2020-04-01,2020-09-30,0
2020-10-30,54640,2020-03-31,2,20934000000,-0.028,,,,,1865000000,-0.214,1948000000,-0.258,,1604000000,,204.10,,,,,,,,,,,,,,,,,,,,,,true,false,6,2019-04-01,2019-09-30,-1
2020-10-30,54640,2021-03-31,2,32700000000,-0.224,,,,,2200000000,-0.422,2300000000,-0.422,,1700000000,,216.64,,,,,,,,,,,,,,,,,,,,,,true,true,12,2020-04-01,2021-03-31,0
2020-10-30,54640,2020-03-31,2,,,,,,,,,,,,,,,,,,,,54118000000,40293000000,0.744,5131.39,40267000000,,,,,,,,,,,,true,false,12,2019-04-01,2020-03-31,-1
2020-10-30,54640,2020-03-31,2,,,,,,,,,,,,,,,,,,,,,,,,,,,,,90.00,,,,7949580,102333,,false,false,12,2019-04-01,2020-03-31,-1
2020-10-30,54640,2021-03-31,2,,,,,,,,,,,,,,,,,,,,,,,,,,,,,30.00,,,,,,,false,false,12,2020-04-01,2021-03-31,0
2020-10-30,54640,2021-03-31,2,,,,,,,,,,,,,,,,,,,,,,,,,,,,,60.00,,,,,,,false,true,12,2020-04-01,2021-03-31,0
2020-10-30,54640,2021-03-31,2,,,,,,,,,,,,,,,,,,,,,,,,,,,,,,,,,7949580,102810,7847033,false,false,6,2020-04-01,2020-09-30,0
2020-10-30,54640,2020-03-31,2,,,,,,,,,,,,,,,,,,,,,,,,,,,,,,,,,,,7860476,false,false,6,2019-04-01,2019-09-30,-1
2021-01-29,54640,2021-03-31,3,25571000000,-0.203,,,,,1848000000,-0.367,2146000000,-0.305,,1577000000,,201.02,,,,,,54340000000,41508000000,0.763,5287.13,41485000000,,,,,,,,,,,,true,false,9,2020-04-01,2020-12-31,0
2021-01-29,54640,2020-03-31,3,32095000000,-0.036,,,,,2919000000,-0.202,3088000000,-0.221,,2395000000,,304.12,,,,,,,,,,,,,,,,,,,,,,true,false,9,2019-04-01,2019-12-31,-1
2021-01-29,54640,2021-03-31,3,32700000000,-0.224,,,,,2200000000,-0.422,2300000000,-0.422,,1700000000,,216.64,,,,,,,,,,,,,,,,,,,,,,true,true,12,2020-04-01,2021-03-31,0
2021-01-29,54640,2020-03-31,3,,,,,,,,,,,,,,,,,,,,54118000000,40293000000,0.744,5131.39,40267000000,,,,,,,,,,,,true,false,12,2019-04-01,2020-03-31,-1
2021-01-29,54640,2020-03-31,3,,,,,,,,,,,,,,,,,,,,,,,,,,,,,90.00,,,,7949580,102333,,false,false,12,2019-04-01,2020-03-31,-1
2021-01-29,54640,2021-03-31,3,,,,,,,,,,,,,,,,,,,,,,,,,,,,,30.00,,,,,,,false,false,12,2020-04-01,2021-03-31,0
2021-01-29,54640,2021-03-31,3,,,,,,,,,,,,,,,,,,,,,,,,,,,,,60.00,,,,,,,false,true,12,2020-04-01,2021-03-31,0
2021-01-29,54640,2021-03-31,3,,,,,,,,,,,,,,,,,,,,,,,,,,,,,,,,,7949580,103115,7876914,false,false,9,2020-04-01,2020-12-31,0
2021-01-29,54640,2020-03-31,3,,,,,,,,,,,,,,,,,,,,,,,,,,,,,,,,,,,7876772,false,false,9,2019-04-01,2019-12-31,-1
2021-03-12,54640,2021-03-31,,35000000000,0.070,,,,,2800000000,0.273,3300000000,0.435,,2400000000,,305.87,,,,,,,,,,,,,,,,,,,,,,true,true,12,2020-04-01,2021-03-31,0
2021-03-12,54640,2020-03-31,,42160000000,,,,,,3805000000,,3978000000,,,2968000000,,376.99,,,,,,,,,,,,,,,,,,,,,,true,false,12,2019-04-01,2020-03-31,-1
2021-03-12,54640,2021-03-31,,34000000000,0.063,,,,,,,3300000000,0.375,2400000000,,0.412,305.87,,,,,,,,,,,,,,,90.00,,,,,,,false,true,12,2020-04-01,2021-03-31,0
2021-03-12,54640,2020-03-31,,40444000000,,,,,,,,3867000000,,2864000000,,,363.76,,,,,,,,,,,,,,,90.00,,,,,,,false,false,12,2019-04-01,2020-03-31,-1
2021-03-12,54640,2021-03-31,,,,,,,,,,,,,,,,,,,,,,,,,,,,,,30.00,,,,,,,false,false,12,2020-04-01,2021-03-31,0
2021-05-10,54640,2021-03-31,,35112000000,-0.167,,,,,2928000000,-0.230,3427000000,-0.139,,2477000000,,315.69,,0.060,0.062,0.083,,56175000000,42893000000,0.763,5463.49,42867000000,3902000000,-1258000000,-553000000,11053000000,,0.285,,,,,,true,false,12,2020-04-01,2021-03-31,0
2021-05-10,54640,2020-03-31,,42160000000,-0.042,,,,,3805000000,-0.185,3978000000,-0.212,,2968000000,,376.99,,0.075,0.074,0.090,,54118000000,40293000000,0.744,5131.39,40267000000,3850000000,-674000000,-979000000,8944000000,,0.239,,,,,,true,false,12,2019-04-01,2020-03-31,-1
2021-05-10,54640,2022-03-31,,17700000000,0.100,,,,,1500000000,0.540,1600000000,0.335,1200000000,,0.312,152.93,,,,,,,,,,,,,,,,,,,,,,true,true,6,2021-04-01,2021-09-30,1
2021-05-10,54640,2022-03-31,,36500000000,0.040,,,,,3200000000,0.093,3400000000,-0.008,2500000000,,0.009,318.62,,,,,,,,,,,,,,,,0.282,,,,,,true,true,12,2021-04-01,2022-03-31,1
2021-05-10,54640,2021-03-31,,34144000000,-0.156,,,,,2877000000,-0.216,3482000000,-0.100,2544000000,,-0.112,324.29,,,,,,54085000000,41351000000,0.765,5270.19,41351000000,,,,,90.00,,,,7846480,231,7846791,false,false,12,2020-04-01,2021-03-31,0
2021-05-10,54640,2020-03-31,,40444000000,-0.043,,,,,3671000000,-0.189,3867000000,-0.233,2864000000,,-0.166,363.76,,,,,,52232000000,38952000000,0.746,4963.85,38952000000,,,,,90.00,,,,7949580,102333,7875096,false,false,12,2019-04-01,2020-03-31,-1
2021-05-10,54640,2022-03-31,,17100000000,0.087,,,,,,,1600000000,0.176,1200000000,,0.115,152.93,,,,,,,,,,,,,,,,,,,,,,false,true,6,2021-04-01,2021-09-30,1
2021-05-10,54640,2022-03-31,,35300000000,0.034,,,,,,,3300000000,-0.052,2500000000,,-0.018,318.62,,,,,,,,,,,,,,,90.00,,,,,,,false,true,12,2021-04-01,2022-03-31,1
2021-07-30,54640,2022-03-31,1,9706000000,0.227,,,,,1214000000,1.451,1295000000,0.960,,1022000000,,130.36,,,,,,56614000000,43299000000,0.764,5515.07,43272000000,,,,,,,,,,,,true,false,3,2021-04-01,2021-06-30,0
2021-07-30,54640,2021-03-31,1,7910000000,-0.241,,,,,495000000,-0.462,660000000,-0.306,,436000000,,55.64,,,,,,,,,,,,,,,,,,,,,,true,false,3,2020-04-01,2020-06-30,-1
2021-07-30,54640,2022-03-31,1,17700000000,0.100,,,,,1500000000,0.540,1600000000,0.335,,1200000000,,152.93,,,,,,,,,,,,,,,,,,,,,,true,true,6,2021-04-01,2021-09-30,0
2021-07-30,54640,2022-03-31,1,36500000000,0.040,,,,,3200000000,0.093,3400000000,-0.008,,2500000000,,318.62,,,,,,,,,,,,,,,,,,,,,,true,true,12,2021-04-01,2022-03-31,0
2021-07-30,54640,2021-03-31,1,,,,,,,,,,,,,,,,,,,,56175000000,42893000000,0.763,5463.49,42867000000,,,,,,,,,,,,true,false,12,2020-04-01,2021-03-31,-1
2021-07-30,54640,2021-03-31,1,,,,,,,,,,,,,,,,,,,,,,,,,,,,,90.00,,,,7846480,231,,false,false,12,2020-04-01,2021-03-31,-1
2021-07-30,54640,2022-03-31,1,,,,,,,,,,,,,,,,,,,,,,,,,,,,,90.00,,,,,,,false,true,12,2021-04-01,2022-03-31,0
2021-07-30,54640,2022-03-31,1,,,,,,,,,,,,,,,,,,,,,,,,,,,,,,,,,7846480,232,7846248,false,false,3,2021-04-01,2021-06-30,0
2021-07-30,54640,2021-03-31,1,,,,,,,,,,,,,,,,,,,,,,,,,,,,,,,,,,,7847170,false,false,3,2020-04-01,2020-06-30,-1
2021-10-22,54640,2022-03-31,,20000000000,0.130,,,,,2700000000,0.800,2900000000,0.813,,2200000000,,280.38,,,,,,,,,,,,,,,,,,,,,,true,true,6,2021-04-01,2021-09-30,0
2021-10-22,54640,2021-03-31,,16095000000,,,,,,974000000,,1198000000,,,914000000,,116.56,,,,,,,,,,,,,,,,,,,,,,true,false,6,2020-04-01,2020-09-30,-1
2021-10-22,54640,2022-03-31,,40900000000,0.121,,,,,5400000000,0.688,5500000000,0.618,,3700000000,,471.56,,,,,,,,,,,,,,,,,,,,,,true,true,12,2021-04-01,2022-03-31,0
2021-10-22,54640,2021-03-31,,35112000000,,,,,,2928000000,,3427000000,,,2477000000,,315.69,,,,,,,,,,,,,,,,,,,,,,true,false,12,2020-04-01,2021-03-31,-1
2021-10-22,54640,2022-03-31,,19300000000,0.129,,,,,,,2900000000,0.813,2100000000,,0.750,267.64,,,,,,,,,,,,,,,,,,,,,,false,true,6,2021-04-01,2021-09-30,0
2021-10-22,54640,2021-03-31,,15727000000,,,,,,,,1360000000,,1076000000,,,137.15,,,,,,,,,,,,,,,,,,,,,,false,false,6,2020-04-01,2020-09-30,-1
2021-10-22,54640,2022-03-31,,39600000000,0.122,,,,,,,5500000000,0.667,3700000000,,0.480,471.56,,,,,,,,,,,,,,,,,,,,,,false,true,12,2021-04-01,2022-03-31,0
2021-10-22,54640,2021-03-31,,34144000000,,,,,,,,3482000000,,2544000000,,,324.29,,,,,,,,,,,,,,,,,,,,,,false,false,12,2020-04-01,2021-03-31,-1
2021-10-29,54640,2022-03-31,2,20080000000,0.248,,,,,2785000000,1.858,2967000000,1.476,,2209000000,,281.61,,,,,,58888000000,44604000000,0.757,5681.16,44575000000,,,,,,,,,,,,true,false,6,2021-04-01,2021-09-30,0
2021-10-29,54640,2021-03-31,2,16095000000,-0.231,,,,,974000000,-0.478,1198000000,-0.385,,914000000,,116.55,,,,,,,,,,,,,,,,,,,,,,true,false,6,2020-04-01,2020-09-30,-1
2021-10-29,54640,2022-03-31,2,40900000000,0.165,,,,,5400000000,0.844,5500000000,0.605,,3700000000,,471.56,,,,,,,,,,,,,,,,,,,,,,true,true,12,2021-04-01,2022-03-31,0
2021-10-29,54640,2021-03-31,2,,,,,,,,,,,,,,,,,,,,56175000000,42893000000,0.763,5463.49,42867000000,,,,,,,,,,,,true,false,12,2020-04-01,2021-03-31,-1
2021-10-29,54640,2021-03-31,2,,,,,,,,,,,,,,,,,,,,,,,,,,,,,90.00,,,,7846480,231,,false,false,12,2020-04-01,2021-03-31,-1
2021-10-29,54640,2022-03-31,2,,,,,,,,,,,,,,,,,,,,,,,,,,,,,30.00,,,,,,,false,false,12,2021-04-01,2022-03-31,0
2021-10-29,54640,2022-03-31,2,,,,,,,,,,,,,,,,,,,,,,,,,,,,,90.00,,,,,,,false,true,12,2021-04-01,2022-03-31,0
2021-10-29,54640,2022-03-31,2,,,,,,,,,,,,,,,,,,,,,,,,,,,,,,,,,7846480,343,7846217,false,false,6,2021-04-01,2021-09-30,0
2021-10-29,54640,2021-03-31,2,,,,,,,,,,,,,,,,,,,,,,,,,,,,,,,,,,,7847033,false,false,6,2020-04-01,2020-09-30,-1
2022-01-31,54640,2022-03-31,3,31473000000,0.231,,,,,4384000000,1.373,4680000000,1.180,,3334000000,,425.01,,,,,,61251000000,45381000000,0.740,5780.10,45350000000,,,,,,,,,,,,true,false,9,2021-04-01,2021-12-31,0
2022-01-31,54640,2021-03-31,3,25571000000,-0.203,,,,,1848000000,-0.367,2146000000,-0.305,,1577000000,,201.02,,,,,,,,,,,,,,,,,,,,,,true,false,9,2020-04-01,2020-12-31,-1
2022-01-31,54640,2022-03-31,3,40900000000,0.165,,,,,5400000000,0.844,5500000000,0.605,,3700000000,,471.56,,,,,,,,,,,,,,,,,,,,,,true,true,12,2021-04-01,2022-03-31,0
2022-01-31,54640,2021-03-31,3,,,,,,,,,,,,,,,,,,,,56175000000,42893000000,0.763,5463.49,42867000000,,,,,,,,,,,,true,false,12,2020-04-01,2021-03-31,-1
2022-01-31,54640,2021-03-31,3,,,,,,,,,,,,,,,,,,,,,,,,,,,,,90.00,,,,7846480,231,,false,false,12,2020-04-01,2021-03-31,-1
2022-01-31,54640,2022-03-31,3,,,,,,,,,,,,,,,,,,,,,,,,,,,,,30.00,,,,,,,false,false,12,2021-04-01,2022-03-31,0
2022-01-31,54640,2022-03-31,3,,,,,,,,,,,,,,,,,,,,,,,,,,,,,90.00,,,,,,,false,true,12,2021-04-01,2022-03-31,0
2022-01-31,54640,2022-03-31,3,,,,,,,,,,,,,,,,,,,,,,,,,,,,,,,,,7846480,528,7846162,false,false,9,2021-04-01,2021-12-31,0
2022-01-31,54640,2021-03-31,3,,,,,,,,,,,,,,,,,,,,,,,,,,,,,,,,,,,7846914,false,false,9,2020-04-01,2020-12-31,-1
,54640,2022-03-31,,,,,,,,,,,,,,,,,,,,,,,,,,,,,,130.00,,,,,,,false,true,12,2021-04-01,2022-03-31,0
,54640,2022-03-31,,,,,,,,,,,,,,,,,,,,,,,,,,,,,,30.00,,,,,,,false,false,12,2021-04-01,2022-03-31,0
,54640,2021-03-31,,,,,,,,,,,,,,,,,,,,,,,,,,,,,,90.00,,,,,,,false,false,12,2020-04-01,2021-03-31,-1
2022-05-10,54640,2022-03-31,,43076000000,0.227,,,,,5683000000,0.940,6148000000,0.794,,4320000000,,551.47,,0.097,0.104,0.132,,62527000000,46311000000,0.740,5958.67,46275000000,4997000000,-1484000000,-1000000000,13580000000,,0.236,,,,,,true,false,12,2021-04-01,2022-03-31,0
2022-05-10,54640,2021-03-31,,35112000000,-0.167,,,,,2928000000,-0.230,3427000000,-0.139,,2477000000,,315.69,,0.060,0.062,0.083,,56175000000,42893000000,0.763,5463.49,42867000000,3902000000,-1258000000,-553000000,11053000000,,0.285,,,,,,true,false,12,2020-04-01,2021-03-31,-1
2022-05-10,54640,2023-03-31,,22000000000,0.096,,,,,2100000000,-0.246,2200000000,-0.259,1500000000,,-0.321,193.14,,,,,,,,,,,,,,,,,,,,,,true,true,6,2022-04-01,2022-09-30,1
2022-05-10,54640,2023-03-31,,45000000000,0.045,,,,,4600000000,-0.191,4800000000,-0.219,3400000000,,-0.213,437.79,,,,,,,,,,,,,,,,0.297,,,,,,true,true,12,2022-04-01,2023-03-31,1
2022-05-10,54640,2022-03-31,,41487000000,0.215,,,,,5494000000,0.909,6086000000,0.748,4338000000,,0.705,553.75,,,,,,60321000000,44700000000,0.741,5755.79,44700000000,,,,,130.00,,,,7766380,230,7833851,false,false,12,2021-04-01,2022-03-31,0
2022-05-10,54640,2021-03-31,,34144000000,-0.156,,,,,2877000000,-0.216,3482000000,-0.100,2544000000,,-0.112,324.29,,,,,,54085000000,41351000000,0.765,5270.19,41351000000,,,,,90.00,,,,7846480,231,7846791,false,false,12,2020-04-01,2021-03-31,-1
2022-05-10,54640,2023-03-31,,21500000000,0.111,,,,,,,2200000000,-0.250,1500000000,,-0.311,193.14,,,,,,,,,,,,,,,,,,,,,,false,true,6,2022-04-01,2022-09-30,1
2022-05-10,54640,2023-03-31,,44000000000,0.061,,,,,,,4700000000,-0.228,3300000000,,-0.239,424.92,,,,,,,,,,,,,,,130.00,,,,,,,false,true,12,2022-04-01,2023-03-31,1
2022-07-29,54640,2023-03-31,1,12115000000,0.248,,,,,1467000000,0.208,1696000000,0.309,,1178000000,,151.80,,,,,,63235000000,46719000000,0.738,6010.72,46678000000,,,,,,,,,,,,true,false,3,2022-04-01,2022-06-30,0
2022-07-29,54640,2022-03-31,1,9706000000,0.227,,,,,1214000000,1.451,1295000000,0.960,,1022000000,,130.36,,,,,,,,,,,,,,,,,,,,,,true,false,3,2021-04-01,2021-06-30,-1
2022-07-29,54640,2023-03-31,1,22000000000,0.096,,,,,2100000000,-0.246,2200000000,-0.259,,1500000000,,193.15,,,,,,,,,,,,,,,,,,,,,,true,true,6,2022-04-01,2022-09-30,0
2022-07-29,54640,2023-03-31,1,45000000000,0.045,,,,,4600000000,-0.191,4800000000,-0.219,,3400000000,,437.79,,,,,,,,,,,,,,,,,,,,,,true,true,12,2022-04-01,2023-03-31,0
2022-07-29,54640,2022-03-31,1,,,,,,,,,,,,,,,,,,,,62527000000,46311000000,0.740,5958.67,46275000000,,,,,,,,,,,,true,false,12,2021-04-01,2022-03-31,-1
2022-07-29,54640,2022-03-31,1,,,,,,,,,,,,,,,,,,,,,,,,,,,,,130.00,,,,7766380,230,,false,false,12,2021-04-01,2022-03-31,-1
2022-07-29,54640,2023-03-31,1,,,,,,,,,,,,,,,,,,,,,,,,,,,,,130.00,,,,,,,false,true,12,2022-04-01,2023-03-31,0
2022-07-29,54640,2023-03-31,1,,,,,,,,,,,,,,,,,,,,,,,,,,,,,,,,,7766380,446,7766088,false,false,3,2022-04-01,2022-06-30,0
2022-07-29,54640,2022-03-31,1,,,,,,,,,,,,,,,,,,,,,,,,,,,,,,,,,,,7846248,false,false,3,2021-04-01,2021-06-30,-1
2022-10-24,54640,2023-03-31,,24000000000,0.091,,,,,3400000000,0.619,3700000000,0.682,,2600000000,,334.80,,,,,,,,,,,,,,,,,,,,,,true,true,6,2022-04-01,2022-09-30,0
2022-10-24,54640,2022-03-31,,20080000000,,,,,,2785000000,,2967000000,,,2209000000,,281.61,,,,,,,,,,,,,,,,,,,,,,true,false,6,2021-04-01,2021-09-30,-1
2022-10-24,54640,2023-03-31,,48400000000,0.076,,,,,5600000000,0.217,6000000000,0.250,,4200000000,,540.84,,,,,,,,,,,,,,,,,,,,,,true,true,12,2022-04-01,2023-03-31,0
2022-10-24,54640,2022-03-31,,43076000000,,,,,,5683000000,,6148000000,,,4320000000,,551.47,,,,,,,,,,,,,,,,,,,,,,true,false,12,2021-04-01,2022-03-31,-1
2022-10-24,54640,2023-03-31,,23000000000,0.070,,,,,,,3700000000,0.682,2500000000,,0.667,321.93,,,,,,,,,,,,,,,,,,,,,,false,true,6,2022-04-01,2022-09-30,0
2022-10-24,54640,2022-03-31,,19356000000,,,,,,,,2934000000,,2177000000,,,277.55,,,,,,,,,,,,,,,,,,,,,,false,false,6,2021-04-01,2021-09-30,-1
2022-10-24,54640,2023-03-31,,46400000000,0.055,,,,,,,5900000000,0.255,4200000000,,0.273,540.84,,,,,,,,,,,,,,,,,,,,,,false,true,12,2022-04-01,2023-03-31,0
2022-10-24,54640,2022-03-31,,41487000000,,,,,,,,6086000000,,4338000000,,,553.75,,,,,,,,,,,,,,,,,,,,,,false,false,12,2021-04-01,2022-03-31,-1
2022-10-31,54640,2023-03-31,2,24011000000,0.196,,,,,3389000000,0.217,3746000000,0.263,,2614000000,,336.59,,,,,,64763000000,48235000000,0.744,6205.50,48189000000,,,,,,,,,,,,true,false,6,2022-04-01,2022-09-30,0
2022-10-31,54640,2022-03-31,2,20080000000,0.248,,,,,2785000000,1.858,2967000000,1.476,,2209000000,,281.61,,,,,,,,,,,,,,,,,,,,,,true,false,6,2021-04-01,2021-09-30,-1
2022-10-31,54640,2023-03-31,2,48400000000,0.124,,,,,5600000000,-0.015,6000000000,-0.024,,4200000000,,540.84,,,,,,,,,,,,,,,,,,,,,,true,true,12,2022-04-01,2023-03-31,0
2022-10-31,54640,2022-03-31,2,,,,,,,,,,,,,,,,,,,,62527000000,46311000000,0.740,5958.67,46275000000,,,,,,,,,,,,true,false,12,2021-04-01,2022-03-31,-1
2022-10-31,54640,2022-03-31,2,,,,,,,,,,,,,,,,,,,,,,,,,,,,,130.00,,,,7766380,230,,false,false,12,2021-04-01,2022-03-31,-1
2022-10-31,54640,2023-03-31,2,,,,,,,,,,,,,,,,,,,,,,,,,,,,,40.00,,,,,,,false,false,12,2022-04-01,2023-03-31,0
2022-10-31,54640,2023-03-31,2,,,,,,,,,,,,,,,,,,,,,,,,,,,,,130.00,,,,,,,false,true,12,2022-04-01,2023-03-31,0
2022-10-31,54640,2023-03-31,2,,,,,,,,,,,,,,,,,,,,,,,,,,,,,,,,,7766380,764,7765914,false,false,6,2022-04-01,2022-09-30,0
2022-10-31,54640,2022-03-31,2,,,,,,,,,,,,,,,,,,,,,,,,,,,,,,,,,,,7846217,false,false,6,2021-04-01,2021-09-30,-1
2023-01-31,54640,2023-03-31,3,36283000000,0.153,,,,,5227000000,0.192,5560000000,0.188,,3933000000,,506.45,,,,,,64787000000,49469000000,0.763,6365.04,49425000000,,,,,,,,,,,,true,false,9,2022-04-01,2022-12-31,0
2023-01-31,54640,2022-03-31,3,31473000000,0.231,,,,,4384000000,1.373,4680000000,1.180,,3334000000,,425.01,,,,,,,,,,,,,,,,,,,,,,true,false,9,2021-04-01,2021-12-31,-1
2023-01-31,54640,2023-03-31,3,48400000000,0.124,,,,,5600000000,-0.015,6000000000,-0.024,,4200000000,,540.83,,,,,,,,,,,,,,,,,,,,,,true,true,12,2022-04-01,2023-03-31,0
2023-01-31,54640,2022-03-31,3,,,,,,,,,,,,,,,,,,,,62527000000,46311000000,0.740,5958.67,46275000000,,,,,,,,,,,,true,false,12,2021-04-01,2022-03-31,-1
2023-01-31,54640,2022-03-31,3,,,,,,,,,,,,,,,,,,,,,,,,,,,,,130.00,,,,7766380,230,,false,false,12,2021-04-01,2022-03-31,-1
2023-01-31,54640,2023-03-31,3,,,,,,,,,,,,,,,,,,,,,,,,,,,,,40.00,,,,,,,false,false,12,2022-04-01,2023-03-31,0
2023-01-31,54640,2023-03-31,3,,,,,,,,,,,,,,,,,,,,,,,,,,,,,130.00,,,,,,,false,true,12,2022-04-01,2023-03-31,0
2023-01-31,54640,2023-03-31,3,,,,,,,,,,,,,,,,,,,,,,,,,,,,,,,,,7766380,1251,7765750,false,false,9,2022-04-01,2022-12-31,0
2023-01-31,54640,2022-03-31,3,,,,,,,,,,,,,,,,,,,,,,,,,,,,,,,,,,,7846162,false,false,9,2021-04-01,2021-12-31,-1
2023-03-17,54640,2023-03-31,,48600000000,0.004,,,,,6600000000,0.179,7000000000,0.167,,5000000000,,643.86,,,,,,,,,,,,,,,,,,,,,,true,true,12,2022-04-01,2023-03-31,0
2023-03-17,54640,2022-03-31,,43076000000,,,,,,5683000000,,6148000000,,,4320000000,,551.47,,,,,,,,,,,,,,,,,,,,,,true,false,12,2021-04-01,2022-03-31,-1
2023-03-17,54640,2023-03-31,,46600000000,0.004,,,,,,,6800000000,0.153,4700000000,,0.119,605.23,,,,,,,,,,,,,,,180.00,,,,,,,false,true,12,2022-04-01,2023-03-31,0
2023-03-17,54640,2022-03-31,,41487000000,,,,,,,,6086000000,,4338000000,,,553.75,,,,,,,,,,,,,,,130.00,,,,,,,false,false,12,2021-04-01,2022-03-31,-1
2023-03-17,54640,2023-03-31,,,,,,,,,,,,,,,,,,,,,,,,,,,,,,40.00,,,,,,,false,false,12,2022-04-01,2023-03-31,0
2023-05-10,54640,2023-03-31,,48712000000,0.131,,,,,6734000000,0.185,7177000000,0.167,,5290000000,,681.33,,0.109,0.112,0.138,,65761000000,50732000000,0.771,6527.42,50685000000,2299000000,-427000000,-1129000000,14329000000,,0.264,,,,,,true,false,12,2022-04-01,2023-03-31,0
2023-05-10,54640,2022-03-31,,43076000000,0.227,,,,,5683000000,0.940,6148000000,0.794,,4320000000,,551.47,,0.097,0.104,0.132,,62527000000,46311000000,0.740,5958.67,46275000000,4997000000,-1484000000,-1000000000,13580000000,,0.236,,,,,,true,false,12,2021-04-01,2022-03-31,-1
2023-05-10,54640,2024-03-31,,22000000000,-0.084,,,,,2300000000,-0.321,2400000000,-0.359,1700000000,,-0.350,218.93,,,,,,,,,,,,,,,,,,,,,,true,true,6,2023-04-01,2023-09-30,1
2023-05-10,54640,2024-03-31,,45000000000,-0.076,,,,,4500000000,-0.332,4800000000,-0.331,3400000000,,-0.357,437.86,,,,,,,,,,,,,,,,0.297,,,,,,true,true,12,2023-04-01,2024-03-31,1
2023-05-10,54640,2023-03-31,,46357000000,0.117,,,,,6508000000,0.185,7061000000,0.160,4996000000,,0.152,643.46,,,,,,63087000000,48860000000,0.774,6292.46,48860000000,,,,,180.00,,,,7766380,1395,7765575,false,false,12,2022-04-01,2023-03-31,0
2023-05-10,54640,2022-03-31,,41487000000,0.215,,,,,5494000000,0.909,6086000000,0.748,4338000000,,0.705,553.75,,,,,,60321000000,44700000000,0.741,5755.79,44700000000,,,,,130.00,,,,7766380,230,7833851,false,false,12,2021-04-01,2022-03-31,-1
2023-05-10,54640,2024-03-31,,21000000000,-0.087,,,,,,,2300000000,-0.382,1600000000,,-0.383,206.05,,,,,,,,,,,,,,,,,,,,,,false,true,6,2023-04-01,2023-09-30,1
2023-05-10,54640,2024-03-31,,43000000000,-0.072,,,,,,,4600000000,-0.349,3200000000,,-0.360,412.10,,,,,,,,,,,,,,,130.00,,,,,,,false,true,12,2023-04-01,2024-03-31,1
2023-07-31,54640,2024-03-31,1,12053000000,-0.005,,,,,1489000000,0.015,1735000000,0.023,,1227000000,,158.08,,,,,,65905000000,51324000000,0.778,6602.95,51270000000,,,,,,,,,,,,true,false,3,2023-04-01,2023-06-30,0
2023-07-31,54640,2023-03-31,1,12115000000,0.248,,,,,1467000000,0.208,1696000000,0.309,,1178000000,,151.80,,,,,,,,,,,,,,,,,,,,,,true,false,3,2022-04-01,2022-06-30,-1
2023-07-31,54640,2024-03-31,1,22000000000,-0.084,,,,,2300000000,-0.321,2400000000,-0.359,,1700000000,,218.93,,,,,,,,,,,,,,,,,,,,,,true,true,6,2023-04-01,2023-09-30,0
2023-07-31,54640,2024-03-31,1,45000000000,-0.076,,,,,4500000000,-0.332,4800000000,-0.331,,3400000000,,437.86,,,,,,,,,,,,,,,,,,,,,,true,true,12,2023-04-01,2024-03-31,0
2023-07-31,54640,2023-03-31,1,,,,,,,,,,,,,,,,,,,,65761000000,50732000000,0.771,6527.42,60685000000,,,,,,,,,,,,true,false,12,2022-04-01,2023-03-31,-1
2023-07-31,54640,2023-03-31,1,,,,,,,,,,,,,,,,,,,,,,,,,,,,,180.00,,,,7766380,1395,,false,false,12,2022-04-01,2023-03-31,-1
2023-07-31,54640,2024-03-31,1,,,,,,,,,,,,,,,,,,,,,,,,,,,,,130.00,,,,,,,false,true,12,2023-04-01,2024-03-31,0
2023-07-31,54640,2024-03-31,1,,,,,,,,,,,,,,,,,,,,,,,,,,,,,,,,,7766380,1635,7764915,false,false,3,2023-04-01,2023-06-30,0
2023-07-31,54640,2023-03-31,1,,,,,,,,,,,,,,,,,,,,,,,,,,,,,,,,,,,7766088,false,false,3,2022-04-01,2022-06-30,-1
2023-10-23,54640,2024-03-31,,23900000000,0.086,,,,,2900000000,0.261,3200000000,0.333,,2300000000,,296.22,,,,,,,,,,,,,,,,,,,,,,true,true,6,2023-04-01,2023-09-30,0
2023-10-23,54640,2023-03-31,,24011000000,,,,,,3389000000,,3746000000,,,2614000000,,336.59,,,,,,,,,,,,,,,,,,,,,,true,false,6,2022-04-01,2022-09-30,-1
2023-10-23,54640,2024-03-31,,47000000000,0.044,,,,,5600000000,0.244,5800000000,0.208,,4000000000,,515.16,,,,,,,,,,,,,,,,,,,,,,true,true,12,2023-04-01,2024-03-31,0
2023-10-23,54640,2023-03-31,,48712000000,,,,,,6734000000,,7177000000,,,5290000000,,681.33,,,,,,,,,,,,,,,,,,,,,,true,false,12,2022-04-01,2023-03-31,-1
2023-10-23,54640,2024-03-31,,22700000000,0.081,,,,,,,3200000000,0.391,2300000000,,0.438,296.22,,,,,,,,,,,,,,,,,,,,,,false,true,6,2023-04-01,2023-09-30,0
2023-10-23,54640,2023-03-31,,23004000000,,,,,,,,3723000000,,2593000000,,,333.95,,,,,,,,,,,,,,,,,,,,,,false,false,6,2022-04-01,2022-09-30,-1
2023-10-23,54640,2024-03-31,,45000000000,0.047,,,,,,,5600000000,0.217,3800000000,,0.188,489.40,,,,,,,,,,,,,,,170.00,,,,,,,false,true,12,2023-04-01,2024-03-31,0
2023-10-23,54640,2023-03-31,,46357000000,,,,,,,,7061000000,,4996000000,,,643.46,,,,,,,,,,,,,,,180.00,,,,,,,false,false,12,2022-04-01,2023-03-31,-1
2023-10-31,54640,2024-03-31,2,23936000000,-0.003,,,,,2973000000,-0.123,3292000000,-0.121,,2382000000,,306.89,,,,,,68166000000,52682000000,0.772,6777.83,52626000000,,,,,,,,,,,,true,false,6,2023-04-01,2023-09-30,0
2023-10-31,54640,2023-03-31,2,24011000000,0.196,,,,,3389000000,0.217,3746000000,0.263,,2614000000,,336.59,,,,,,,,,,,,,,,,,,,,,,true,false,6,2022-04-01,2022-09-30,-1
2023-10-31,54640,2024-03-31,2,47000000000,-0.035,,,,,5600000000,-0.168,5800000000,-0.192,,4000000000,,515.14,,,,,,,,,,,,,,,,,,,,,,true,true,12,2023-04-01,2024-03-31,0
2023-10-31,54640,2023-03-31,2,,,,,,,,,,,,,,,,,,,,65761000000,50732000000,0.771,6527.42,50685000000,,,,,,,,,,,,true,false,12,2022-04-01,2023-03-31,-1
2023-10-31,54640,2023-03-31,2,,,,,,,,,,,,,,,,,,,,,,,,,,,,,180.00,,,,7766380,1395,,false,false,12,2022-04-01,2023-03-31,-1
2023-10-31,54640,2024-03-31,2,,,,,,,,,,,,,,,,,,,,,,,,,,,,,80.00,,,,,,,false,false,12,2023-04-01,2024-03-31,0
2023-10-31,54640,2024-03-31,2,,,,,,,,,,,,,,,,,,,,,,,,,,,,,170.00,,,,,,,false,true,12,2023-04-01,2024-03-31,0
2023-10-31,54640,2024-03-31,2,,,,,,,,,,,,,,,,,,,,,,,,,,,,,,,,,7766380,1909,7764798,false,false,6,2023-04-01,2023-09-30,0
2023-10-31,54640,2023-03-31,2,,,,,,,,,,,,,,,,,,,,,,,,,,,,,,,,,,,7765914,false,false,6,2022-04-01,2022-09-30,-1
2024-01-31,54640,2024-03-31,3,36370000000,0.002,,,,,4600000000,-0.120,4960000000,-0.108,,3544000000,,456.47,,,,,,68261000000,53005000000,0.776,6820.04,52950000000,,,,,,,,,,,,true,false,9,2023-04-01,2023-12-31,0
2024-01-31,54640,2023-03-31,3,36283000000,0.153,,,,,5227000000,0.192,5560000000,0.188,,3933000000,,506.45,,,,,,,,,,,,,,,,,,,,,,true,false,9,2022-04-01,2022-12-31,-1
2024-01-31,54640,2024-03-31,3,47000000000,-0.035,,,,,5600000000,-0.168,5800000000,-0.192,,4000000000,,515.15,,,,,,,,,,,,,,,,,,,,,,true,true,12,2023-04-01,2024-03-31,0
2024-01-31,54640,2023-03-31,3,,,,,,,,,,,,,,,,,,,,65761000000,50732000000,0.771,6527.42,50685000000,,,,,,,,,,,,true,false,12,2022-04-01,2023-03-31,-1
2024-01-31,54640,2023-03-31,3,,,,,,,,,,,,,,,,,,,,,,,,,,,,,180.00,,,,7766380,1395,,false,false,12,2022-04-01,2023-03-31,-1
2024-01-31,54640,2024-03-31,3,,,,,,,,,,,,,,,,,,,,,,,,,,,,,80.00,,,,,,,false,false,12,2023-04-01,2024-03-31,0
2024-01-31,54640,2024-03-31,3,,,,,,,,,,,,,,,,,,,,,,,,,,,,,170.00,,,,,,,false,true,12,2023-04-01,2024-03-31,0
2024-01-31,54640,2024-03-31,3,,,,,,,,,,,,,,,,,,,,,,,,,,,,,,,,,7766380,2384,7764620,false,false,9,2023-04-01,2023-12-31,0
2024-01-31,54640,2023-03-31,3,,,,,,,,,,,,,,,,,,,,,,,,,,,,,,,,,,,7765750,false,false,9,2022-04-01,2022-12-31,-1
2024-03-15,54640,2024-03-31,,48000000000,0.021,,,,,6000000000,0.071,6400000000,0.103,,4600000000,,592.48,,,,,,,,,,,,,,,,,,,,,,true,true,12,2023-04-01,2024-03-31,0
2024-03-15,54640,2023-03-31,,48712000000,,,,,,6734000000,,7177000000,,,5290000000,,681.33,,,,,,,,,,,,,,,,,,,,,,true,false,12,2022-04-01,2023-03-31,-1
2024-03-15,54640,2024-03-31,,46000000000,0.022,,,,,,,6200000000,0.107,4400000000,,0.158,566.72,,,,,,,,,,,,,,,230.00,,,,,,,false,true,12,2023-04-01,2024-03-31,0
2024-03-15,54640,2023-03-31,,46357000000,,,,,,,,7061000000,,4996000000,,,643.46,,,,,,,,,,,,,,,180.00,,,,,,,false,false,12,2022-04-01,2023-03-31,-1
2024-03-15,54640,2024-03-31,,,,,,,,,,,,,,,,,,,,,,,,,,,,,,80.00,,,,,,,false,false,12,2023-04-01,2024-03-31,0
2024-05-10,54640,2024-03-31,,47898000000,-0.017,,,,,5896000000,-0.124,6393000000,-0.109,,4519000000,,582.08,,0.086,0.094,0.123,,70304000000,54605000000,0.776,7026.29,54548000000,6638000000,-1009000000,-1643000000,18362000000,,0.395,,,,,,true,false,12,2023-04-01,2024-03-31,0
2024-05-10,54640,2023-03-31,,48712000000,0.131,,,,,6734000000,0.185,7177000000,0.167,,5290000000,,681.33,,0.109,0.112,0.138,,65761000000,50732000000,0.771,6527.42,50685000000,2299000000,-427000000,-1129000000,14329000000,,0.264,,,,,,true,false,12,2022-04-01,2023-03-31,-1
2024-05-10,54640,2025-03-31,,22000000000,-0.081,,,,,2400000000,-0.193,2500000000,-0.241,,1700000000,,218.97,,,,,,,,,,,,,,,,,,,,,,true,true,6,2024-04-01,2024-09-30,1
2024-05-10,54640,2025-03-31,,45000000000,-0.061,,,,,4700000000,-0.203,5000000000,-0.218,,3500000000,,450.83,,,,,,,,,,,,,,,,0.399,,,,,,true,true,12,2024-04-01,2025-03-31,1
2024-05-10,54640,2024-03-31,,45525000000,-0.018,,,,,5653000000,-0.131,6317000000,-0.105,4482000000,,-0.103,577.30,,,,,,67372000000,52325000000,0.777,6740.01,52325000000,,,,,230.00,,,,7766380,2957,7764397,false,false,12,2023-04-01,2024-03-31,0
2024-05-10,54640,2023-03-31,,46357000000,0.117,,,,,6508000000,0.185,7061000000,0.160,4996000000,,0.152,643.46,,,,,,63087000000,48860000000,0.774,6292.46,48860000000,,,,,180.00,,,,7766380,1395,7765575,false,false,12,2022-04-01,2023-03-31,-1
2024-05-10,54640,2025-03-31,,21000000000,-0.076,,,,,,,2500000000,-0.232,1700000000,,-0.277,218.97,,,,,,,,,,,,,,,,,,,,,,false,true,6,2024-04-01,2024-09-30,1
2024-05-10,54640,2025-03-31,,43000000000,-0.055,,,,,,,5000000000,-0.209,3500000000,,-0.219,450.83,,,,,,,,,,,,,,,180.00,,,,,,,false,true,12,2024-04-01,2025-03-31,1
2024-07-31,54640,2025-03-31,1,11446000000,-0.050,,,,,1410000000,-0.052,1565000000,-0.098,,1086000000,,139.94,,,,,,70159000000,54694000000,0.779,7037.57,54633000000,,,,,,,,,,,,true,false,3,2024-04-01,2024-06-30,0
2024-07-31,54640,2024-03-31,1,12053000000,-0.005,,,,,1489000000,0.015,1735000000,0.023,,1227000000,,158.08,,,,,,,,,,,,,,,,,,,,,,true,false,3,2023-04-01,2023-06-30,-1
2024-07-31,54640,2025-03-31,1,22000000000,-0.081,,,,,2400000000,-0.193,2500000000,-0.241,,1700000000,,218.97,,,,,,,,,,,,,,,,,,,,,,true,true,6,2024-04-01,2024-09-30,0
2024-07-31,54640,2025-03-31,1,45000000000,-0.061,,,,,4700000000,-0.203,5000000000,-0.218,,3500000000,,450.83,,,,,,,,,,,,,,,,,,,,,,true,true,12,2024-04-01,2025-03-31,0
2024-07-31,54640,2024-03-31,1,,,,,,,,,,,,,,,,,,,,70304000000,54605000000,0.776,7026.29,54548000000,,,,,,,,,,,,true,false,12,2023-04-01,2024-03-31,-1
2024-07-31,54640,2024-03-31,1,,,,,,,,,,,,,,,,,,,,,,,,,,,,,230.00,,,,7766380,2957,,false,false,12,2023-04-01,2024-03-31,-1
2024-07-31,54640,2025-03-31,1,,,,,,,,,,,,,,,,,,,,,,,,,,,,,180.00,,,,,,,false,true,12,2024-04-01,2025-03-31,0
2024-07-31,54640,2025-03-31,1,,,,,,,,,,,,,,,,,,,,,,,,,,,,,,,,,7766380,3307,7763223,false,false,3,2024-04-01,2024-06-30,0
2024-07-31,54640,2024-03-31,1,,,,,,,,,,,,,,,,,,,,,,,,,,,,,,,,,,,7764915,false,false,3,2023-04-01,2023-06-30,-1
2024-10-31,54640,2025-03-31,2,22829000000,-0.046,,,,,2810000000,-0.055,2957000000,-0.102,,2079000000,,268.12,,,,,,70015000000,54980000000,0.784,7116.28,54923000000,,,,,,,,,,,,true,false,6,2024-04-01,2024-09-30,0
2024-10-31,54640,2024-03-31,2,23936000000,-0.003,,,,,2973000000,-0.123,3292000000,-0.121,,2382000000,,306.89,,,,,,,,,,,,,,,,,,,,,,true,false,6,2023-04-01,2023-09-30,-1
2024-10-31,54640,2025-03-31,2,45000000000,-0.061,,,,,4700000000,-0.203,5000000000,-0.218,,3500000000,,450.83,,,,,,,,,,,,,,,,,,,,,,true,true,12,2024-04-01,2025-03-31,0
2024-10-31,54640,2024-03-31,2,,,,,,,,,,,,,,,,,,,,70304000000,54605000000,0.776,7026.29,54548000000,,,,,,,,,,,,true,false,12,2023-04-01,2024-03-31,-1
2024-10-31,54640,2024-03-31,2,,,,,,,,,,,,,,,,,,,,,,,,,,,,,230.00,,,,7766380,2957,,false,false,12,2023-04-01,2024-03-31,-1
2024-10-31,54640,2025-03-31,2,,,,,,,,,,,,,,,,,,,,,,,,,,,,,80.00,,,,,,,false,false,12,2024-04-01,2025-03-31,0
2024-10-31,54640,2025-03-31,2,,,,,,,,,,,,,,,,,,,,,,,,,,,,,180.00,,,,,,,false,true,12,2024-04-01,2025-03-31,0
2024-10-31,54640,2025-03-31,2,,,,,,,,,,,,,,,,,,,,,,,,,,,,,,,,,7766380,48425,7756705,false,false,6,2024-04-01,2024-09-30,0
2024-10-31,54640,2024-03-31,2,,,,,,,,,,,,,,,,,,,,,,,,,,,,,,,,,,,7764798,false,false,6,2023-04-01,2023-09-30,-1
2025-01-31,54640,2025-03-31,3,34880000000,-0.041,,,,,4290000000,-0.067,4602000000,-0.072,,3279000000,,423.48,,,,,,71030000000,55663000000,0.783,7204.16,55601000000,,,,,,,,,,,,true,false,9,2024-04-01,2024-12-31,0
2025-01-31,54640,2024-03-31,3,36370000000,0.002,,,,,4600000000,-0.120,4960000000,-0.108,,3544000000,,456.47,,,,,,,,,,,,,,,,,,,,,,true,false,9,2023-04-01,2023-12-31,-1
2025-01-31,54640,2025-03-31,3,45000000000,-0.061,,,,,4700000000,-0.203,5000000000,-0.218,,3500000000,,451.89,,,,,,,,,,,,,,,,,,,,,,true,true,12,2024-04-01,2025-03-31,0
2025-01-31,54640,2024-03-31,3,,,,,,,,,,,,,,,,,,,,70304000000,54605000000,0.776,7026.29,54548000000,,,,,,,,,,,,true,false,12,2023-04-01,2024-03-31,-1
2025-01-31,54640,2024-03-31,3,,,,,,,,,,,,,,,,,,,,,,,,,,,,,230.00,,,,7766380,2957,,false,false,12,2023-04-01,2024-03-31,-1
2025-01-31,54640,2025-03-31,3,,,,,,,,,,,,,,,,,,,,,,,,,,,,,80.00,,,,,,,false,false,12,2024-04-01,2025-03-31,0
2025-01-31,54640,2025-03-31,3,,,,,,,,,,,,,,,,,,,,,,,,,,,,,180.00,,,,,,,false,true,12,2024-04-01,2025-03-31,0
2025-01-31,54640,2025-03-31,3,,,,,,,,,,,,,,,,,,,,,,,,,,,,,,,,,7766380,48425,7745080,false,false,9,2024-04-01,2024-12-31,0
2025-01-31,54640,2024-03-31,3,,,,,,,,,,,,,,,,,,,,,,,,,,,,,,,,,,,7764620,false,false,9,2023-04-01,2023-12-31,-1
2025-03-14,54640,2025-03-31,,46300000000,0.029,,,,,5400000000,0.149,5700000000,0.140,4000000000,,0.143,526.77,,,,,,,,,,,,,,,,,,,,,,true,true,12,2024-04-01,2025-03-31,0
2025-03-14,54640,2024-03-31,,47898000000,,,,,,5896000000,,6393000000,,4519000000,,,582.08,,,,,,,,,,,,,,,,,,,,,,true,false,12,2023-04-01,2024-03-31,-1
2025-03-14,54640,2025-03-31,,44300000000,0.030,,,,,,,5600000000,0.120,3900000000,,0.114,513.60,,,,,,,,,,,,,,,210.00,,,,,,,false,true,12,2024-04-01,2025-03-31,0
2025-03-14,54640,2024-03-31,,45525000000,,,,,,,,6317000000,,4482000000,,,577.30,,,,,,,,,,,,,,,230.00,,,,,,,false,false,12,2023-04-01,2024-03-31,-1
2025-03-14,54640,2025-03-31,,,,,,,,,,,,,,,,,,,,,,,,,,,,,,80.00,,,,,,,false,false,12,2024-04-01,2025-03-31,0
2025-05-09,54640,2025-03-31,,46141000000,-0.037,,,,,5396000000,-0.085,5722000000,-0.105,,4128000000,,106.95,,0.075,0.082,0.117,,69842000000,55572000000,0.795,1462.20,55514000000,4058000000,-3843000000,-2617000000,15933000000,,0.393,,,,,,true,false,12,2024-04-01,2025-03-31,0
2025-05-09,54640,2024-03-31,,47898000000,-0.017,,,,,5896000000,-0.124,6393000000,-0.109,,4519000000,,116.41,,0.086,0.094,0.123,,70304000000,54605000000,0.776,1405.25,54548000000,6638000000,-1009000000,-1643000000,18362000000,,0.395,,,,,,true,false,12,2023-04-01,2024-03-31,-1
2025-05-09,54640,2026-03-31,,22300000000,-0.023,,,,,2200000000,-0.217,2300000000,-0.222,,1600000000,,42.14,,,,,,,,,,,,,,,,,,,,,,true,true,6,2025-04-01,2025-09-30,1
2025-05-09,54640,2026-03-31,,45800000000,-0.007,,,,,4600000000,-0.148,4800000000,-0.161,,3400000000,,89.55,,,,,,,,,,,,,,,,0.402,,,,,,true,true,12,2025-04-01,2026-03-31,1
2025-05-09,54640,2025-03-31,,44042000000,-0.033,,,,,5307000000,-0.061,5779000000,-0.085,4154000000,,-0.073,107.63,,,,,,67259000000,53470000000,0.795,1408.35,53470000000,,,,,210.00,,,,38831900,865275,38598235,false,false,12,2024-04-01,2025-03-31,0
2025-05-09,54640,2024-03-31,,45525000000,-0.018,,,,,5653000000,-0.131,6317000000,-0.105,4482000000,,-0.103,115.46,,,,,,67372000000,52325000000,0.777,1348.00,52325000000,,,,,230.00,,,,38831900,14785,38821985,false,false,12,2023-04-01,2024-03-31,-1
2025-05-09,54640,2026-03-31,,21300000000,-0.020,,,,,,,2300000000,-0.220,1600000000,,-0.222,42.14,,,,,,,,,,,,,,,,,,,,,,false,true,6,2025-04-01,2025-09-30,1
2025-05-09,54640,2026-03-31,,43800000000,-0.006,,,,,,,4800000000,-0.169,3400000000,,-0.182,89.55,,,,,,,,,,,,,,,36.00,,,,,,,false,true,12,2025-04-01,2026-03-31,1
2025-07-31,54640,2026-03-31,1,10966000000,-0.042,,,,,1082000000,-0.233,1245000000,-0.205,,860000000,,22.67,,,,,,70029000000,55432000000,0.791,1458.42,55375000000,,,,,,,,,,,,true,false,3,2025-04-01,2025-06-30,0
2025-07-31,54640,2025-03-31,1,11446000000,-0.050,,,,,1410000000,-0.052,1565000000,-0.098,,1086000000,,27.98,,,,,,,,,,,,,,,,,,,,,,true,false,3,2024-04-01,2024-06-30,-1
2025-07-31,54640,2026-03-31,1,22300000000,-0.023,,,,,2200000000,-0.217,2300000000,-0.222,,1600000000,,42.14,,,,,,,,,,,,,,,,,,,,,,true,true,6,2025-04-01,2025-09-30,0
2025-07-31,54640,2026-03-31,1,45800000000,-0.007,,,,,4600000000,-0.148,4800000000,-0.161,,3400000000,,89.55,,,,,,,,,,,,,,,,,,,,,,true,true,12,2025-04-01,2026-03-31,0
2025-07-31,54640,2025-03-31,1,,,,,,,,,,,,,,,,,,,,69842000000,55572000000,0.795,1462.20,55514000000,,,,,,,,,,,,true,false,12,2024-04-01,2025-03-31,-1
2025-07-31,54640,2025-03-31,1,,,,,,,,,,,,,,,,,,,,,,,,,,,,,210.00,,,,38831900,865275,,false,false,12,2024-04-01,2025-03-31,-1
2025-07-31,54640,2026-03-31,1,,,,,,,,,,,,,,,,,,,,,,,,,,,,,36.00,,,,,,,false,true,12,2025-04-01,2026-03-31,0
2025-07-31,54640,2026-03-31,1,,,,,,,,,,,,,,,,,,,,,,,,,,,,,,,,,38831900,862245,37967382,false,false,3,2025-04-01,2025-06-30,0
2025-07-31,54640,2025-03-31,1,,,,,,,,,,,,,,,,,,,,,,,,,,,,,,,,,,,38816115,false,false,3,2024-04-01,2024-06-30,-1
