filing_date,code,fiscal_year_end,quarterly_period,net_sales,net_sales_change,revenue,revenue_change,operating_revenue,operating_revenue_change,operating_profit,operating_profit_change,ordinary_profit,ordinary_profit_change,net_income,net_income_of_parent,net_income_change,eps,diluted_eps,roe,roa,operating_profit_to_net_sales,operating_profit_to_revenue,total_assets,net_assets,equity_ratio,bps,owner_equity,operating_cash_flow,investing_cash_flow,financing_cash_flow,cash,dividend_per_share,payout_ratio,commemorative_dividend,extra_dividend,number_of_shares,number_of_treqsury_shares,avg_number_of_shares,is_consolidated,is_forecast,duration,period_start,period_end,period_pos
2015-07-28,54710,2016-03-31,1,116705000000,-0.026,,,,,3967000000,-0.050,4240000000,-0.073,,1788000000,,4.12,,,,,,589602000000,297310000000,0.441,,259795000000,,,,,,,,,,,,true,false,3,2015-04-01,2015-06-30,0
2015-07-28,54710,2015-03-31,1,119819000000,0.091,,,,,4177000000,-0.175,4572000000,-0.195,,2582000000,,5.95,,,,,,,,,,,,,,,,,,,,,,true,false,3,2014-04-01,2014-06-30,-1
2015-07-28,54710,2016-03-31,1,242000000000,0.013,,,,,11000000000,0.270,12000000000,0.241,,7500000000,,17.29,,,,,,,,,,,,,,,,,,,,,,true,true,6,2015-04-01,2015-09-30,0
2015-07-28,54710,2016-03-31,1,500000000000,0.034,,,,,27000000000,0.323,29000000000,0.335,,19000000000,,43.81,,,,,,,,,,,,,,,,,,,,,,true,true,12,2015-04-01,2016-03-31,0
2015-07-28,54710,2015-03-31,1,,,,,,,,,,,,,,,,,,,,588590000000,292405000000,0.435,,256021000000,,,,,,,,,,,,true,false,12,2014-04-01,2015-03-31,-1
2015-07-28,54710,2015-03-31,1,,,,,,,,,,,,,,,,,,,,,,,,,,,,,6.50,,,,434487693,805395,,false,false,12,2014-04-01,2015-03-31,-1
2015-07-28,54710,2016-03-31,1,,,,,,,,,,,,,,,,,,,,,,,,,,,,,10.00,,,,,,,false,true,12,2015-04-01,2016-03-31,0
2015-07-28,54710,2016-03-31,1,,,,,,,,,,,,,,,,,,,,,,,,,,,,,,,,,434487693,811391,433679263,false,false,3,2015-04-01,2015-06-30,0
2015-07-28,54710,2015-03-31,1,,,,,,,,,,,,,,,,,,,,,,,,,,,,,,,,,,,433703100,false,false,3,2014-04-01,2014-06-30,-1
2015-09-30,54710,2016-03-31,,232000000000,-0.041,,,,,9500000000,-0.136,10500000000,-0.125,,1500000000,,3.46,,,,,,,,,,,,,,,,,,,,,,true,true,6,2015-04-01,2015-09-30,0
2015-09-30,54710,2015-03-31,,238917000000,,,,,,8664000000,,9670000000,,,4116000000,,9.49,,,,,,,,,,,,,,,,,,,,,,true,false,6,2014-04-01,2014-09-30,-1
2015-10-30,54710,2016-03-31,2,233832000000,-0.021,,,,,10757000000,0.242,11431000000,0.182,,2037000000,,4.70,,,,,,567439000000,288034000000,0.441,,250254000000,,,,,,,,,,,,true,false,6,2015-04-01,2015-09-30,0
2015-10-30,54710,2015-03-31,2,238917000000,0.076,,,,,8664000000,-0.180,9670000000,-0.124,,4116000000,,9.49,,,,,,,,,,,,,,,,,,,,,,true,false,6,2014-04-01,2014-09-30,-1
2015-10-30,54710,2016-03-31,2,464000000000,-0.041,,,,,26000000000,0.274,26500000000,0.220,,14000000000,,32.28,,,,,,,,,,,,,,,,,,,,,,true,true,12,2015-04-01,2016-03-31,0
2015-10-30,54710,2015-03-31,2,,,,,,,,,,,,,,,,,,,,588590000000,292405000000,0.435,,256021000000,,,,,,,,,,,,true,false,12,2014-04-01,2015-03-31,-1
2015-10-30,54710,2015-03-31,2,,,,,,,,,,,,,,,,,,,,,,,,,,,,,6.50,,,,434487693,805395,,false,false,12,2014-04-01,2015-03-31,-1
2015-10-30,54710,2016-03-31,2,,,,,,,,,,,,,,,,,,,,,,,,,,,,,5.00,,,,,,,false,false,12,2015-04-01,2016-03-31,0
2015-10-30,54710,2016-03-31,2,,,,,,,,,,,,,,,,,,,,,,,,,,,,,10.00,,,,,,,false,true,12,2015-04-01,2016-03-31,0
2015-10-30,54710,2016-03-31,2,,,,,,,,,,,,,,,,,,,,,,,,,,,,,,,,,434487693,818326,433675505,false,false,6,2015-04-01,2015-09-30,0
2015-10-30,54710,2015-03-31,2,,,,,,,,,,,,,,,,,,,,,,,,,,,,,,,,,,,433699343,false,false,6,2014-04-01,2014-09-30,-1
2016-01-29,54710,2016-03-31,3,345953000000,-0.042,,,,,17595000000,0.251,18466000000,0.130,,6564000000,,15.15,,,,,,569461000000,290596000000,0.444,,252821000000,,,,,,,,,,,,true,false,9,2015-04-01,2015-12-31,0
2016-01-29,54710,2015-03-31,3,361285000000,0.075,,,,,14063000000,-0.048,16340000000,0.022,,9301000000,,21.45,,,,,,,,,,,,,,,,,,,,,,true,false,9,2014-04-01,2014-12-31,-1
2016-01-29,54710,2016-03-31,3,464000000000,-0.041,,,,,26000000000,0.274,26500000000,0.220,,14000000000,,32.31,,,,,,,,,,,,,,,,,,,,,,true,true,12,2015-04-01,2016-03-31,0
2016-01-29,54710,2015-03-31,3,,,,,,,,,,,,,,,,,,,,588590000000,292405000000,0.435,,256021000000,,,,,,,,,,,,true,false,12,2014-04-01,2015-03-31,-1
2016-01-29,54710,2015-03-31,3,,,,,,,,,,,,,,,,,,,,,,,,,,,,,6.50,,,,434487693,805395,,false,false,12,2014-04-01,2015-03-31,-1
2016-01-29,54710,2016-03-31,3,,,,,,,,,,,,,,,,,,,,,,,,,,,,,5.00,,,,,,,false,false,12,2015-04-01,2016-03-31,0
2016-01-29,54710,2016-03-31,3,,,,,,,,,,,,,,,,,,,,,,,,,,,,,10.00,,,,,,,false,true,12,2015-04-01,2016-03-31,0
2016-01-29,54710,2016-03-31,3,,,,,,,,,,,,,,,,,,,,,,,,,,,,,,,,,434487693,4895045,433247615,false,false,9,2015-04-01,2015-12-31,0
2016-01-29,54710,2015-03-31,3,,,,,,,,,,,,,,,,,,,,,,,,,,,,,,,,,,,433695962,false,false,9,2014-04-01,2014-12-31,-1
2016-03-30,54710,2016-03-31,,457000000000,-0.015,,,,,23500000000,-0.096,24500000000,-0.075,,6000000000,,13.89,,,,,,,,,,,,,,,,,,,,,,true,true,12,2015-04-01,2016-03-31,0
2016-03-30,54710,2015-03-31,,483633000000,,,,,,20408000000,,21729000000,,,10886000000,,25.10,,,,,,,,,,,,,,,,,,,,,,true,false,12,2014-04-01,2015-03-31,-1
2016-03-30,54710,2016-03-31,,,,,,,,,,,,,,,,,,,,,,,,,,,,,,7.50,,,,,,,false,true,12,2015-04-01,2016-03-31,0
2016-03-30,54710,2016-03-31,,,,,,,,,,,,,,,,,,,,,,,,,,,,,,5.00,,,,,,,false,false,12,2015-04-01,2016-03-31,0
2016-03-30,54710,2015-03-31,,,,,,,,,,,,,,,,,,,,,,,,,,,,,,6.50,,,,,,,false,false,12,2014-04-01,2015-03-31,-1
2016-04-28,54710,2016-03-31,,460577000000,-0.048,,,,,24432000000,0.197,25108000000,0.155,,6746000000,,15.62,,0.028,0.045,0.053,,535675000000,268345000000,0.435,545.26,232832000000,45731000000,-23164000000,-20164000000,33773000000,,0.480,,,,,,true,false,12,2015-04-01,2016-03-31,0
2016-04-28,54710,2015-03-31,,483633000000,0.057,,,,,20408000000,0.075,21729000000,0.071,,10886000000,,25.10,,0.045,0.038,0.042,,588590000000,292405000000,0.435,590.34,256021000000,25739000000,-32178000000,-2792000000,31776000000,,0.259,,,,,,true,false,12,2014-04-01,2015-03-31,-1
2016-04-28,54710,2017-03-31,,217000000000,-0.072,,,,,8200000000,-0.238,8600000000,-0.248,,5500000000,,12.88,,,,,,,,,,,,,,,,,,,,,,true,true,6,2016-04-01,2016-09-30,1
2016-04-28,54710,2017-03-31,,450000000000,-0.023,,,,,22000000000,-0.100,23000000000,-0.084,,15000000000,,35.13,,,,,,,,,,,,,,,,0.228,,,,,,true,true,12,2016-04-01,2017-03-31,1
2016-04-28,54710,2016-03-31,,280748000000,-0.067,,,,,13013000000,0.404,15542000000,0.304,5605000000,,0.288,12.98,,,,,,365379000000,158536000000,0.434,371.18,158536000000,,,,,7.50,,,,434487693,7473866,431829946,false,false,12,2015-04-01,2016-03-31,0
2016-04-28,54710,2015-03-31,,300752000000,0.064,,,,,9270000000,0.100,11922000000,0.140,4351000000,,-0.441,10.03,,,,,,398922000000,170550000000,0.428,393.17,170550000000,,,,,6.50,,,,434487693,805395,433692310,false,false,12,2014-04-01,2015-03-31,-1
2016-04-28,54710,2017-03-31,,,,,,,,,,,,,,,,,,,,,,,,,,,,,,8.00,,,,,,,false,true,12,2016-04-01,2017-03-31,1
2016-07-29,54710,2017-03-31,1,106156000000,-0.090,,,,,4090000000,0.031,3946000000,-0.069,,2328000000,,5.46,,,,,,521026000000,262924000000,0.437,,227675000000,,,,,,,,,,,,true,false,3,2016-04-01,2016-06-30,0
2016-07-29,54710,2016-03-31,1,116705000000,-0.026,,,,,3967000000,-0.050,4240000000,-0.073,,1788000000,,4.12,,,,,,,,,,,,,,,,,,,,,,true,false,3,2015-04-01,2015-06-30,-1
2016-07-29,54710,2017-03-31,1,217000000000,-0.072,,,,,8200000000,-0.238,8600000000,-0.248,,5500000000,,12.90,,,,,,,,,,,,,,,,,,,,,,true,true,6,2016-04-01,2016-09-30,0
2016-07-29,54710,2017-03-31,1,450000000000,-0.023,,,,,22000000000,-0.100,23000000000,-0.084,,15000000000,,35.17,,,,,,,,,,,,,,,,,,,,,,true,true,12,2016-04-01,2017-03-31,0
2016-07-29,54710,2016-03-31,1,,,,,,,,,,,,,,,,,,,,535675000000,268345000000,0.435,,232832000000,,,,,,,,,,,,true,false,12,2015-04-01,2016-03-31,-1
2016-07-29,54710,2016-03-31,1,,,,,,,,,,,,,,,,,,,,,,,,,,,,,7.50,,,,434487693,7473866,,false,false,12,2015-04-01,2016-03-31,-1
2016-07-29,54710,2017-03-31,1,,,,,,,,,,,,,,,,,,,,,,,,,,,,,8.00,,,,,,,false,true,12,2016-04-01,2017-03-31,0
2016-07-29,54710,2017-03-31,1,,,,,,,,,,,,,,,,,,,,,,,,,,,,,,,,,434487693,10867937,426448025,false,false,3,2016-04-01,2016-06-30,0
2016-07-29,54710,2016-03-31,1,,,,,,,,,,,,,,,,,,,,,,,,,,,,,,,,,,,433679263,false,false,3,2015-04-01,2015-06-30,-1
2016-10-31,54710,2017-03-31,2,213010000000,-0.089,,,,,9643000000,-0.104,9023000000,-0.211,,5363000000,,12.69,,,,,,523304000000,266991000000,0.443,,231600000000,,,,,,,,,,,,true,false,6,2016-04-01,2016-09-30,0
2016-10-31,54710,2016-03-31,2,233832000000,-0.021,,,,,10757000000,0.242,11431000000,0.182,,2037000000,,4.70,,,,,,,,,,,,,,,,,,,,,,true,false,6,2015-04-01,2015-09-30,-1
2016-10-31,54710,2017-03-31,2,435000000000,-0.056,,,,,21000000000,-0.140,21000000000,-0.164,,13500000000,,31.93,,,,,,,,,,,,,,,,,,,,,,true,true,12,2016-04-01,2017-03-31,0
2016-10-31,54710,2016-03-31,2,,,,,,,,,,,,,,,,,,,,535675000000,268345000000,0.435,,232832000000,,,,,,,,,,,,true,false,12,2015-04-01,2016-03-31,-1
2016-10-31,54710,2016-03-31,2,,,,,,,,,,,,,,,,,,,,,,,,,,,,,7.50,,,,434487693,7473866,,false,false,12,2015-04-01,2016-03-31,-1
2016-10-31,54710,2017-03-31,2,,,,,,,,,,,,,,,,,,,,,,,,,,,,,4.00,,,,,,,false,false,12,2016-04-01,2017-03-31,0
2016-10-31,54710,2017-03-31,2,,,,,,,,,,,,,,,,,,,,,,,,,,,,,8.00,,,,,,,false,true,12,2016-04-01,2017-03-31,0
2016-10-31,54710,2017-03-31,2,,,,,,,,,,,,,,,,,,,,,,,,,,,,,,,,,434487693,17481498,422814958,false,false,6,2016-04-01,2016-09-30,0
2016-10-31,54710,2016-03-31,2,,,,,,,,,,,,,,,,,,,,,,,,,,,,,,,,,,,433675505,false,false,6,2015-04-01,2015-09-30,-1
2016-10-31,54710,2017-03-31,,435000000000,-0.033,,,,,21000000000,-0.045,21000000000,-0.087,,13500000000,,31.93,,,,,,,,,,,,,,,,,,,,,,true,true,12,2016-04-01,2017-03-31,0
2016-10-31,54710,2016-03-31,,460577000000,,,,,,24432000000,,25108000000,,,6746000000,,15.62,,,,,,,,,,,,,,,,,,,,,,true,false,12,2015-04-01,2016-03-31,-1
2017-01-31,54710,2017-03-31,3,323536000000,-0.065,,,,,17631000000,0.002,18326000000,-0.008,,10888000000,,25.68,,,,,,545882000000,278975000000,0.456,,248890000000,,,,,,,,,,,,true,false,9,2016-04-01,2016-12-31,0
2017-01-31,54710,2016-03-31,3,345953000000,-0.042,,,,,17595000000,0.251,18466000000,0.130,,6564000000,,15.15,,,,,,,,,,,,,,,,,,,,,,true,false,9,2015-04-01,2015-12-31,-1
2017-01-31,54710,2017-03-31,3,435000000000,-0.056,,,,,21000000000,-0.140,21000000000,-0.164,,13500000000,,31.84,,,,,,,,,,,,,,,,,,,,,,true,true,12,2016-04-01,2017-03-31,0
2017-01-31,54710,2016-03-31,3,,,,,,,,,,,,,,,,,,,,535675000000,268345000000,0.435,,232832000000,,,,,,,,,,,,true,false,12,2015-04-01,2016-03-31,-1
2017-01-31,54710,2016-03-31,3,,,,,,,,,,,,,,,,,,,,,,,,,,,,,7.50,,,,434487693,7473866,,false,false,12,2015-04-01,2016-03-31,-1
2017-01-31,54710,2017-03-31,3,,,,,,,,,,,,,,,,,,,,,,,,,,,,,4.00,,,,,,,false,false,12,2016-04-01,2017-03-31,0
2017-01-31,54710,2017-03-31,3,,,,,,,,,,,,,,,,,,,,,,,,,,,,,8.00,,,,,,,false,true,12,2016-04-01,2017-03-31,0
2017-01-31,54710,2017-03-31,3,,,,,,,,,,,,,,,,,,,,,,,,,,,,,,,,,434487693,7394504,423967141,false,false,9,2016-04-01,2016-12-31,0
2017-01-31,54710,2016-03-31,3,,,,,,,,,,,,,,,,,,,,,,,,,,,,,,,,,,,433247615,false,false,9,2015-04-01,2015-12-31,-1
2017-04-27,54710,2017-03-31,,445122000000,-0.034,,,,,25513000000,0.044,26373000000,0.050,,16386000000,,38.59,,0.067,0.048,0.057,,574169000000,290501000000,0.453,609.47,259851000000,28390000000,-26449000000,-1843000000,33685000000,,0.259,,,,,,true,false,12,2016-04-01,2017-03-31,0
2017-04-27,54710,2016-03-31,,460577000000,-0.048,,,,,24432000000,0.197,25108000000,0.155,,6746000000,,15.62,,0.028,0.045,0.053,,535675000000,268345000000,0.435,545.26,232832000000,45731000000,-23164000000,-20164000000,33773000000,,0.480,,,,,,true,false,12,2015-04-01,2016-03-31,-1
2017-04-27,54710,2018-03-31,,237000000000,0.113,,,,,14500000000,0.504,15000000000,0.662,,10000000000,,23.45,,,,,,,,,,,,,,,,,,,,,,true,true,6,2017-04-01,2017-09-30,1
2017-04-27,54710,2018-03-31,,480000000000,0.078,,,,,30000000000,0.176,31000000000,0.175,,20000000000,,46.91,,,,,,,,,,,,,,,,0.213,,,,,,true,true,12,2017-04-01,2018-03-31,1
2017-04-27,54710,2017-03-31,,267768000000,-0.046,,,,,14111000000,0.084,17898000000,0.152,15531000000,,1.771,36.57,,,,,,400404000000,178570000000,0.446,418.71,178570000000,,,,,10.00,,,,434487693,8133431,424595137,false,false,12,2016-04-01,2017-03-31,0
2017-04-27,54710,2016-03-31,,280748000000,-0.067,,,,,13013000000,0.404,15542000000,0.304,5605000000,,0.288,12.98,,,,,,365379000000,158536000000,0.434,371.18,158536000000,,,,,7.50,,,,434487693,7473866,431829946,false,false,12,2015-04-01,2016-03-31,-1
2017-04-27,54710,2018-03-31,,,,,,,,,,,,,,,,,,,,,,,,,,,,,,10.00,,,,,,,false,true,12,2017-04-01,2018-03-31,1
,54710,2018-03-31,,,,,,,,,,,,,,,,,,,,,,,,,,,,,,50.00,,,,,,,false,true,12,2017-04-01,2018-03-31,0
,54710,2017-03-31,,,,,,,,,,,,,,,,,,,,,,,,,,,,,,10.00,,,,,,,false,false,12,2016-04-01,2017-03-31,-1
2017-07-27,54710,2018-03-31,1,119133000000,0.122,,,,,9049000000,1.212,9301000000,1.357,,5786000000,,13.57,,,,,,592479000000,292871000000,0.442,,261842000000,,,,,,,,,,,,true,false,3,2017-04-01,2017-06-30,0
2017-07-27,54710,2017-03-31,1,106156000000,-0.090,,,,,4090000000,0.031,3946000000,-0.069,,2328000000,,5.46,,,,,,,,,,,,,,,,,,,,,,true,false,3,2016-04-01,2016-06-30,-1
2017-07-27,54710,2018-03-31,1,237000000000,0.113,,,,,14500000000,0.504,15000000000,0.662,,10000000000,,23.45,,,,,,,,,,,,,,,,,,,,,,true,true,6,2017-04-01,2017-09-30,0
2017-07-27,54710,2018-03-31,1,480000000000,0.078,,,,,30000000000,0.176,31000000000,0.175,,20000000000,,469.10,,,,,,,,,,,,,,,,,,,,,,true,true,12,2017-04-01,2018-03-31,0
2017-07-27,54710,2017-03-31,1,,,,,,,,,,,,,,,,,,,,574169000000,290501000000,0.453,,259851000000,,,,,,,,,,,,true,false,12,2016-04-01,2017-03-31,-1
2017-07-27,54710,2017-03-31,1,,,,,,,,,,,,,,,,,,,,,,,,,,,,,10.00,,,,434487693,8133431,,false,false,12,2016-04-01,2017-03-31,-1
2017-07-27,54710,2018-03-31,1,,,,,,,,,,,,,,,,,,,,,,,,,,,,,50.00,,,,,,,false,true,12,2017-04-01,2018-03-31,0
2017-07-27,54710,2018-03-31,1,,,,,,,,,,,,,,,,,,,,,,,,,,,,,,,,,434487693,8135590,426353088,false,false,3,2017-04-01,2017-06-30,0
2017-07-27,54710,2017-03-31,1,,,,,,,,,,,,,,,,,,,,,,,,,,,,,,,,,,,426448025,false,false,3,2016-04-01,2016-06-30,-1
2017-10-31,54710,2018-03-31,2,241119000000,0.132,,,,,18726000000,0.942,18320000000,1.030,,11890000000,,278.88,,,,,,614828000000,306257000000,0.446,,274221000000,,,,,,,,,,,,true,false,6,2017-04-01,2017-09-30,0
2017-10-31,54710,2017-03-31,2,213010000000,-0.089,,,,,9643000000,-0.104,9023000000,-0.211,,5363000000,,126.86,,,,,,,,,,,,,,,,,,,,,,true,false,6,2016-04-01,2016-09-30,-1
2017-10-31,54710,2018-03-31,2,496000000000,0.114,,,,,36000000000,0.411,36000000000,0.365,,23000000000,,539.46,,,,,,,,,,,,,,,,,,,,,,true,true,12,2017-04-01,2018-03-31,0
2017-10-31,54710,2017-03-31,2,,,,,,,,,,,,,,,,,,,,574169000000,290501000000,0.453,,259851000000,,,,,,,,,,,,true,false,12,2016-04-01,2017-03-31,-1
2017-10-31,54710,2017-03-31,2,,,,,,,,,,,,,,,,,,,,,,,,,,,,,10.00,,,,43448769,813343,,false,false,12,2016-04-01,2017-03-31,-1
2017-10-31,54710,2018-03-31,2,,,,,,,,,,,,,,,,,,,,,,,,,,,,,6.00,,,,,,,false,false,12,2017-04-01,2018-03-31,0
2017-10-31,54710,2018-03-31,2,,,,,,,,,,,,,,,,,,,,,,,,,,,,,60.00,,,,,,,false,true,12,2017-04-01,2018-03-31,0
2017-10-31,54710,2018-03-31,2,,,,,,,,,,,,,,,,,,,,,,,,,,,,,,,,,43448769,814406,42634986,false,false,6,2017-04-01,2017-09-30,0
2017-10-31,54710,2017-03-31,2,,,,,,,,,,,,,,,,,,,,,,,,,,,,,,,,,,,42281495,false,false,6,2016-04-01,2016-09-30,-1
2017-10-31,54710,2018-03-31,,496000000000,0.033,,,,,36000000000,0.200,36000000000,0.161,,23000000000,,539.46,,,,,,,,,,,,,,,,,,,,,,true,true,12,2017-04-01,2018-03-31,0
2017-10-31,54710,2017-03-31,,445122000000,,,,,,25513000000,,26373000000,,,16386000000,,385.92,,,,,,,,,,,,,,,,,,,,,,true,false,12,2016-04-01,2017-03-31,-1
2018-01-30,54710,2018-03-31,3,370846000000,0.146,,,,,27871000000,0.581,28200000000,0.539,,18306000000,,429.38,,,,,,636324000000,318385000000,0.450,,286134000000,,,,,,,,,,,,true,false,9,2017-04-01,2017-12-31,0
2018-01-30,54710,2017-03-31,3,323536000000,-0.065,,,,,17631000000,0.002,18326000000,-0.008,,10888000000,,256.83,,,,,,,,,,,,,,,,,,,,,,true,false,9,2016-04-01,2016-12-31,-1
2018-01-30,54710,2018-03-31,3,496000000000,0.114,,,,,36000000000,0.411,36000000000,0.365,,23000000000,,539.48,,,,,,,,,,,,,,,,,,,,,,true,true,12,2017-04-01,2018-03-31,0
2018-01-30,54710,2017-03-31,3,,,,,,,,,,,,,,,,,,,,574169000000,290501000000,0.453,,259851000000,,,,,,,,,,,,true,false,12,2016-04-01,2017-03-31,-1
2018-01-30,54710,2017-03-31,3,,,,,,,,,,,,,,,,,,,,,,,,,,,,,10.00,,,,43448769,813343,,false,false,12,2016-04-01,2017-03-31,-1
2018-01-30,54710,2018-03-31,3,,,,,,,,,,,,,,,,,,,,,,,,,,,,,6.00,,,,,,,false,false,12,2017-04-01,2018-03-31,0
2018-01-30,54710,2018-03-31,3,,,,,,,,,,,,,,,,,,,,,,,,,,,,,60.00,,,,,,,false,true,12,2017-04-01,2018-03-31,0
2018-01-30,54710,2018-03-31,3,,,,,,,,,,,,,,,,,,,,,,,,,,,,,,,,,43448769,817408,42633961,false,false,9,2017-04-01,2017-12-31,0
2018-01-30,54710,2017-03-31,3,,,,,,,,,,,,,,,,,,,,,,,,,,,,,,,,,,,42396714,false,false,9,2016-04-01,2016-12-31,-1
2018-04-27,54710,2018-03-31,,505219000000,0.135,,,,,36218000000,0.420,36130000000,0.370,,23920000000,,561.08,,0.088,0.059,0.072,,645041000000,316409000000,0.441,6672.02,284435000000,31043000000,-30215000000,5477000000,40259000000,,0.214,,,,,,true,false,12,2017-04-01,2018-03-31,0
2018-04-27,54710,2017-03-31,,445122000000,-0.034,,,,,25513000000,0.044,26373000000,0.050,,16386000000,,385.92,,0.067,0.048,0.057,,574169000000,290501000000,0.453,6094.74,259851000000,28390000000,-26449000000,-1843000000,33685000000,,0.259,,,,,,true,false,12,2016-04-01,2017-03-31,-1
2018-04-27,54710,2019-03-31,,265000000000,0.099,,,,,15500000000,-0.172,16000000000,-0.127,,10000000000,,234.57,,,,,,,,,,,,,,,,,,,,,,true,true,6,2018-04-01,2018-09-30,1
2018-04-27,54710,2019-03-31,,550000000000,0.089,,,,,36500000000,0.008,37000000000,0.024,,24000000000,,562.97,,,,,,,,,,,,,,,,0.231,,,,,,true,true,12,2018-04-01,2019-03-31,1
2018-04-27,54710,2018-03-31,,307746000000,0.149,,,,,18192000000,0.289,21172000000,0.183,14942000000,,-0.038,350.38,,,,,,445384000000,194592000000,0.437,4563.28,194592000000,,,,,60.00,,,,43448769,817706,42633279,false,false,12,2017-04-01,2018-03-31,0
2018-04-27,54710,2017-03-31,,267768000000,-0.046,,,,,14111000000,0.084,17898000000,0.152,15531000000,,1.771,365.70,,,,,,400404000000,178570000000,0.446,4187.10,178570000000,,,,,10.00,,,,43448769,813343,42459513,false,false,12,2016-04-01,2017-03-31,-1
2018-04-27,54710,2019-03-31,,,,,,,,,,,,,,,,,,,,,,,,,,,,,,130.00,,,,,,,false,true,12,2018-04-01,2019-03-31,1
2018-07-27,54710,2019-03-31,1,135431000000,0.137,,,,,8538000000,-0.056,9431000000,0.014,,5660000000,,132.78,,,,,,644716000000,314585000000,0.438,,282614000000,,,,,,,,,,,,true,false,3,2018-04-01,2018-06-30,0
2018-07-27,54710,2018-03-31,1,119133000000,0.122,,,,,9049000000,1.212,9301000000,1.357,,5786000000,,135.73,,,,,,,,,,,,,,,,,,,,,,true,false,3,2017-04-01,2017-06-30,-1
2018-07-27,54710,2019-03-31,1,265000000000,0.099,,,,,15500000000,-0.172,16000000000,-0.127,,10000000000,,234.57,,,,,,,,,,,,,,,,,,,,,,true,true,6,2018-04-01,2018-09-30,0
2018-07-27,54710,2019-03-31,1,550000000000,0.089,,,,,36500000000,0.008,37000000000,0.024,,24000000000,,562.97,,,,,,,,,,,,,,,,,,,,,,true,true,12,2018-04-01,2019-03-31,0
2018-07-27,54710,2018-03-31,1,,,,,,,,,,,,,,,,,,,,642021000000,316409000000,0.443,,284435000000,,,,,,,,,,,,true,false,12,2017-04-01,2018-03-31,-1
2018-07-27,54710,2018-03-31,1,,,,,,,,,,,,,,,,,,,,,,,,,,,,,60.00,,,,43448769,817706,,false,false,12,2017-04-01,2018-03-31,-1
2018-07-27,54710,2019-03-31,1,,,,,,,,,,,,,,,,,,,,,,,,,,,,,130.00,,,,,,,false,true,12,2018-04-01,2019-03-31,0
2018-07-27,54710,2019-03-31,1,,,,,,,,,,,,,,,,,,,,,,,,,,,,,,,,,43448769,817884,42630976,false,false,3,2018-04-01,2018-06-30,0
2018-07-27,54710,2018-03-31,1,,,,,,,,,,,,,,,,,,,,,,,,,,,,,,,,,,,42635308,false,false,3,2017-04-01,2017-06-30,-1
2018-10-31,54710,2019-03-31,2,269643000000,0.118,,,,,16752000000,-0.105,17569000000,-0.041,,10759000000,,252.38,,,,,,661998000000,324433000000,0.441,,291948000000,,,,,,,,,,,,true,false,6,2018-04-01,2018-09-30,0
2018-10-31,54710,2018-03-31,2,241119000000,0.132,,,,,18726000000,0.942,18320000000,1.030,,11890000000,,278.88,,,,,,,,,,,,,,,,,,,,,,true,false,6,2017-04-01,2017-09-30,-1
2018-10-31,54710,2019-03-31,2,551000000000,0.091,,,,,35000000000,-0.034,36000000000,-0.004,,22000000000,,516.06,,,,,,,,,,,,,,,,,,,,,,true,true,12,2018-04-01,2019-03-31,0
2018-10-31,54710,2018-03-31,2,,,,,,,,,,,,,,,,,,,,642021000000,316409000000,0.443,,284435000000,,,,,,,,,,,,true,false,12,2017-04-01,2018-03-31,-1
2018-10-31,54710,2018-03-31,2,,,,,,,,,,,,,,,,,,,,,,,,,,,,,60.00,,,,43448769,817706,,false,false,12,2017-04-01,2018-03-31,-1
2018-10-31,54710,2019-03-31,2,,,,,,,,,,,,,,,,,,,,,,,,,,,,,65.00,,,,,,,false,false,12,2018-04-01,2019-03-31,0
2018-10-31,54710,2019-03-31,2,,,,,,,,,,,,,,,,,,,,,,,,,,,,,130.00,,,,,,,false,true,12,2018-04-01,2019-03-31,0
2018-10-31,54710,2019-03-31,2,,,,,,,,,,,,,,,,,,,,,,,,,,,,,,,,,43448769,818459,42630727,false,false,6,2018-04-01,2018-09-30,0
2018-10-31,54710,2018-03-31,2,,,,,,,,,,,,,,,,,,,,,,,,,,,,,,,,,,,42634986,false,false,6,2017-04-01,2017-09-30,-1
2018-10-29,54710,2019-03-31,,551000000000,0.002,,,,,35000000000,-0.041,36000000000,-0.027,,22000000000,,516.06,,,,,,,,,,,,,,,,,,,,,,true,true,12,2018-04-01,2019-03-31,0
2018-10-29,54710,2018-03-31,,505219000000,,,,,,36218000000,,36130000000,,,23920000000,,561.08,,,,,,,,,,,,,,,,,,,,,,true,false,12,2017-04-01,2018-03-31,-1
2019-01-30,54710,2019-03-31,3,411422000000,0.109,,,,,25963000000,-0.068,26862000000,-0.047,,16740000000,,392.68,,,,,,653935000000,316957000000,0.435,,284517000000,,,,,,,,,,,,true,false,9,2018-04-01,2018-12-31,0
2019-01-30,54710,2018-03-31,3,370846000000,0.146,,,,,27871000000,0.581,28200000000,0.539,,18306000000,,429.38,,,,,,,,,,,,,,,,,,,,,,true,false,9,2017-04-01,2017-12-31,-1
2019-01-30,54710,2019-03-31,3,551000000000,0.091,,,,,35000000000,-0.034,36000000000,-0.004,,22000000000,,516.06,,,,,,,,,,,,,,,,,,,,,,true,true,12,2018-04-01,2019-03-31,0
2019-01-30,54710,2018-03-31,3,,,,,,,,,,,,,,,,,,,,642021000000,316409000000,0.443,,284435000000,,,,,,,,,,,,true,false,12,2017-04-01,2018-03-31,-1
2019-01-30,54710,2018-03-31,3,,,,,,,,,,,,,,,,,,,,,,,,,,,,,60.00,,,,43448769,817706,,false,false,12,2017-04-01,2018-03-31,-1
2019-01-30,54710,2019-03-31,3,,,,,,,,,,,,,,,,,,,,,,,,,,,,,65.00,,,,,,,false,false,12,2018-04-01,2019-03-31,0
2019-01-30,54710,2019-03-31,3,,,,,,,,,,,,,,,,,,,,,,,,,,,,,130.00,,,,,,,false,true,12,2018-04-01,2019-03-31,0
2019-01-30,54710,2019-03-31,3,,,,,,,,,,,,,,,,,,,,,,,,,,,,,,,,,43448769,818884,42630526,false,false,9,2018-04-01,2018-12-31,0
2019-01-30,54710,2018-03-31,3,,,,,,,,,,,,,,,,,,,,,,,,,,,,,,,,,,,42633961,false,false,9,2017-04-01,2017-12-31,-1
2019-04-26,54710,2019-03-31,,543255000000,0.075,,,,,33815000000,-0.066,34343000000,-0.049,,21182000000,,496.88,,0.074,0.053,0.062,,650697000000,318140000000,0.439,6697.44,285508000000,28114000000,-33707000000,5589000000,40728000000,,0.262,,,,,,true,false,12,2018-04-01,2019-03-31,0
2019-04-26,54710,2018-03-31,,505219000000,0.135,,,,,36218000000,0.420,36130000000,0.370,,23920000000,,561.08,,0.088,0.059,0.072,,642021000000,316409000000,0.443,6672.02,284435000000,31043000000,-30215000000,5477000000,40259000000,,0.214,,,,,,true,false,12,2017-04-01,2018-03-31,-1
2019-04-26,54710,2020-03-31,,260000000000,-0.036,,,,,13500000000,-0.194,13500000000,-0.232,,12000000000,,281.50,,,,,,,,,,,,,,,,,,,,,,true,true,6,2019-04-01,2019-09-30,1
2019-04-26,54710,2020-03-31,,530000000000,-0.024,,,,,31000000000,-0.083,31500000000,-0.083,,24000000000,,562.99,,,,,,,,,,,,,,,,0.213,,,,,,true,true,12,2019-04-01,2020-03-31,1
2019-04-26,54710,2019-03-31,,340813000000,0.107,,,,,19146000000,0.052,24393000000,0.152,15912000000,,0.065,373.17,,,,,,455577000000,195486000000,0.429,4584.39,195486000000,,,,,130.00,,,,43448769,819275,42630293,false,false,12,2018-04-01,2019-03-31,0
2019-04-26,54710,2018-03-31,,307746000000,0.149,,,,,18192000000,0.289,21172000000,0.183,14942000000,,-0.038,350.38,,,,,,443557000000,194592000000,0.439,4563.28,194592000000,,,,,60.00,,,,43448769,817706,42633279,false,false,12,2017-04-01,2018-03-31,-1
2019-04-26,54710,2020-03-31,,,,,,,,,,,,,,,,,,,,,,,,,,,,,,120.00,,,,,,,false,true,12,2019-04-01,2020-03-31,1
2019-07-26,54710,2020-03-31,1,127721000000,-0.057,,,,,6365000000,-0.255,6527000000,-0.308,,9488000000,,222.58,,,,,,652253000000,327654000000,0.449,,292729000000,,,,,,,,,,,,true,false,3,2019-04-01,2019-06-30,0
2019-07-26,54710,2019-03-31,1,135431000000,0.137,,,,,8538000000,-0.056,9431000000,0.014,,5660000000,,132.78,,,,,,,,,,,,,,,,,,,,,,true,false,3,2018-04-01,2018-06-30,-1
2019-07-26,54710,2020-03-31,1,260000000000,-0.036,,,,,13500000000,-0.194,13500000000,-0.232,,12000000000,,281.50,,,,,,,,,,,,,,,,,,,,,,true,true,6,2019-04-01,2019-09-30,0
2019-07-26,54710,2020-03-31,1,530000000000,-0.024,,,,,31000000000,-0.083,31500000000,-0.083,,24000000000,,562.99,,,,,,,,,,,,,,,,,,,,,,true,true,12,2019-04-01,2020-03-31,0
2019-07-26,54710,2019-03-31,1,,,,,,,,,,,,,,,,,,,,650697000000,318140000000,0.439,,285508000000,,,,,,,,,,,,true,false,12,2018-04-01,2019-03-31,-1
2019-07-26,54710,2019-03-31,1,,,,,,,,,,,,,,,,,,,,,,,,,,,,,130.00,,,,43448769,819275,,false,false,12,2018-04-01,2019-03-31,-1
2019-07-26,54710,2020-03-31,1,,,,,,,,,,,,,,,,,,,,,,,,,,,,,120.00,,,,,,,false,true,12,2019-04-01,2020-03-31,0
2019-07-26,54710,2020-03-31,1,,,,,,,,,,,,,,,,,,,,,,,,,,,,,,,,,43448769,819488,42629424,false,false,3,2019-04-01,2019-06-30,0
2019-07-26,54710,2019-03-31,1,,,,,,,,,,,,,,,,,,,,,,,,,,,,,,,,,,,42630976,false,false,3,2018-04-01,2018-06-30,-1
2019-10-31,54710,2020-03-31,2,252476000000,-0.064,,,,,13711000000,-0.182,13711000000,-0.220,,11257000000,,264.08,,,,,,651112000000,328419000000,0.450,,293276000000,,,,,,,,,,,,true,false,6,2019-04-01,2019-09-30,0
2019-10-31,54710,2019-03-31,2,269643000000,0.118,,,,,16752000000,-0.105,17569000000,-0.041,,10759000000,,252.38,,,,,,,,,,,,,,,,,,,,,,true,false,6,2018-04-01,2018-09-30,-1
2019-10-31,54710,2020-03-31,2,493000000000,-0.093,,,,,29000000000,-0.142,29000000000,-0.156,,21500000000,,504.35,,,,,,,,,,,,,,,,,,,,,,true,true,12,2019-04-01,2020-03-31,0
2019-10-31,54710,2019-03-31,2,,,,,,,,,,,,,,,,,,,,650697000000,318140000000,0.439,,285508000000,,,,,,,,,,,,true,false,12,2018-04-01,2019-03-31,-1
2019-10-31,54710,2019-03-31,2,,,,,,,,,,,,,,,,,,,,,,,,,,,,,130.00,,,,43448769,819275,,false,false,12,2018-04-01,2019-03-31,-1
2019-10-31,54710,2020-03-31,2,,,,,,,,,,,,,,,,,,,,,,,,,,,,,55.00,,,,,,,false,false,12,2019-04-01,2020-03-31,0
2019-10-31,54710,2020-03-31,2,,,,,,,,,,,,,,,,,,,,,,,,,,,,,120.00,,,,,,,false,true,12,2019-04-01,2020-03-31,0
2019-10-31,54710,2020-03-31,2,,,,,,,,,,,,,,,,,,,,,,,,,,,,,,,,,43448769,819720,42629272,false,false,6,2019-04-01,2019-09-30,0
2019-10-31,54710,2019-03-31,2,,,,,,,,,,,,,,,,,,,,,,,,,,,,,,,,,,,42630727,false,false,6,2018-04-01,2018-09-30,-1
2019-10-31,54710,2020-03-31,,493000000000,-0.070,,,,,29000000000,-0.065,29000000000,-0.079,,21500000000,,504.35,,,,,,,,,,,,,,,,,,,,,,true,true,12,2019-04-01,2020-03-31,0
2019-10-31,54710,2019-03-31,,543255000000,,,,,,33815000000,,34343000000,,,21182000000,,496.88,,,,,,,,,,,,,,,,,,,,,,true,false,12,2018-04-01,2019-03-31,-1
2020-01-31,54710,2020-03-31,3,373560000000,-0.092,,,,,20953000000,-0.193,21390000000,-0.204,,16152000000,,378.90,,,,,,658248000000,334772000000,0.455,,299367000000,,,,,,,,,,,,true,false,9,2019-04-01,2019-12-31,0
2020-01-31,54710,2019-03-31,3,411422000000,0.109,,,,,25963000000,-0.068,26862000000,-0.047,,16740000000,,392.68,,,,,,,,,,,,,,,,,,,,,,true,false,9,2018-04-01,2018-12-31,-1
2020-01-31,54710,2020-03-31,3,493000000000,-0.093,,,,,29000000000,-0.142,29000000000,-0.156,,21500000000,,504.35,,,,,,,,,,,,,,,,,,,,,,true,true,12,2019-04-01,2020-03-31,0
2020-01-31,54710,2019-03-31,3,,,,,,,,,,,,,,,,,,,,650697000000,318140000000,0.439,,285508000000,,,,,,,,,,,,true,false,12,2018-04-01,2019-03-31,-1
2020-01-31,54710,2019-03-31,3,,,,,,,,,,,,,,,,,,,,,,,,,,,,,130.00,,,,43448769,819275,,false,false,12,2018-04-01,2019-03-31,-1
2020-01-31,54710,2020-03-31,3,,,,,,,,,,,,,,,,,,,,,,,,,,,,,55.00,,,,,,,false,false,12,2019-04-01,2020-03-31,0
2020-01-31,54710,2020-03-31,3,,,,,,,,,,,,,,,,,,,,,,,,,,,,,120.00,,,,,,,false,true,12,2019-04-01,2020-03-31,0
2020-01-31,54710,2020-03-31,3,,,,,,,,,,,,,,,,,,,,,,,,,,,,,,,,,43448769,820077,42629153,false,false,9,2019-04-01,2019-12-31,0
2020-01-31,54710,2019-03-31,3,,,,,,,,,,,,,,,,,,,,,,,,,,,,,,,,,,,42630526,false,false,9,2018-04-01,2018-12-31,-1
2020-05-15,54710,2020-03-31,,490421000000,-0.097,,,,,24768000000,-0.268,24298000000,-0.292,,10987000000,,257.76,,0.039,0.038,0.051,,625899000000,309136000000,0.437,6417.37,273561000000,41033000000,-39326000000,10526000000,57843000000,,0.272,,,,,,true,false,12,2019-04-01,2020-03-31,0
2020-05-15,54710,2019-03-31,,543255000000,0.075,,,,,33815000000,-0.066,34343000000,-0.049,,21182000000,,496.88,,0.074,0.053,0.062,,650697000000,318140000000,0.439,6697.44,285508000000,28114000000,-33707000000,5589000000,40728000000,,0.262,,,,,,true,false,12,2018-04-01,2019-03-31,-1
2020-05-15,54710,2021-03-31,,180000000000,-0.287,,,,,-3000000000,,-2000000000,,,-2500000000,,-58.65,,,,,,,,,,,,,,,,,,,,,,true,true,6,2020-04-01,2020-09-30,1
2020-05-15,54710,2020-03-31,,304819000000,-0.106,,,,,16792000000,-0.123,21049000000,-0.137,11483000000,,-0.278,269.31,,,,,,434175000000,189484000000,0.436,4443.78,189484000000,,,,,70.00,,,,43448769,820446,42628998,false,false,12,2019-04-01,2020-03-31,0
2020-05-15,54710,2019-03-31,,340813000000,0.107,,,,,19146000000,0.052,24393000000,0.152,15912000000,,0.065,373.17,,,,,,455577000000,195486000000,0.429,4584.39,195486000000,,,,,130.00,,,,43448769,819275,42630293,false,false,12,2018-04-01,2019-03-31,-1
2020-07-28,54710,2021-03-31,1,88789000000,-0.305,,,,,-2431000000,,-1667000000,,,-1553000000,,-36.45,,,,,,650765000000,310462000000,0.423,,275335000000,,,,,,,,,,,,true,false,3,2020-04-01,2020-06-30,0
2020-07-28,54710,2020-03-31,1,127721000000,-0.057,,,,,6365000000,-0.255,6527000000,-0.308,,9488000000,,222.58,,,,,,,,,,,,,,,,,,,,,,true,false,3,2019-04-01,2019-06-30,-1
2020-07-28,54710,2021-03-31,1,170000000000,-0.327,,,,,-7000000000,,-6000000000,,,-3000000000,,-70.38,,,,,,,,,,,,,,,,,,,,,,true,true,6,2020-04-01,2020-09-30,0
2020-07-28,54710,2020-03-31,1,,,,,,,,,,,,,,,,,,,,625899000000,309136000000,0.437,,273561000000,,,,,,,,,,,,true,false,12,2019-04-01,2020-03-31,-1
2020-07-28,54710,2020-03-31,1,,,,,,,,,,,,,,,,,,,,,,,,,,,,,70.00,,,,43448769,820446,,false,false,12,2019-04-01,2020-03-31,-1
2020-07-28,54710,2021-03-31,1,,,,,,,,,,,,,,,,,,,,,,,,,,,,,,,,,43448769,820531,42628254,false,false,3,2020-04-01,2020-06-30,0
2020-07-28,54710,2020-03-31,1,,,,,,,,,,,,,,,,,,,,,,,,,,,,,,,,,,,42629424,false,false,3,2019-04-01,2019-06-30,-1
2020-07-28,54710,2021-03-31,,170000000000,-0.056,,,,,-7000000000,,-6000000000,,,-3000000000,,-70.38,,,,,,,,,,,,,,,,,,,,,,true,true,6,2020-04-01,2020-09-30,0
2020-07-28,54710,2020-03-31,,252476000000,,,,,,13711000000,,13711000000,,,11257000000,,264.08,,,,,,,,,,,,,,,,,,,,,,true,false,6,2019-04-01,2019-09-30,-1
2020-10-30,54710,2021-03-31,2,179490000000,-0.289,,,,,-3531000000,,-2112000000,,,-2318000000,,-54.39,,,,,,621997000000,312050000000,0.445,,276815000000,,,,,,,,,,,,true,false,6,2020-04-01,2020-09-30,0
2020-10-30,54710,2020-03-31,2,252476000000,-0.064,,,,,13711000000,-0.182,13711000000,-0.220,,11257000000,,264.08,,,,,,,,,,,,,,,,,,,,,,true,false,6,2019-04-01,2019-09-30,-1
2020-10-30,54710,2021-03-31,2,390000000000,-0.205,,,,,2000000000,-0.919,3500000000,-0.856,,500000000,,11.73,,,,,,,,,,,,,,,,,,,,,,true,true,12,2020-04-01,2021-03-31,0
2020-10-30,54710,2020-03-31,2,,,,,,,,,,,,,,,,,,,,625899000000,309136000000,0.437,,273561000000,,,,,,,,,,,,true,false,12,2019-04-01,2020-03-31,-1
2020-10-30,54710,2020-03-31,2,,,,,,,,,,,,,,,,,,,,,,,,,,,,,70.00,,,,43448769,820446,,false,false,12,2019-04-01,2020-03-31,-1
2020-10-30,54710,2021-03-31,2,,,,,,,,,,,,,,,,,,,,,,,,,,,,,10.00,,,,,,,false,false,12,2020-04-01,2021-03-31,0
2020-10-30,54710,2021-03-31,2,,,,,,,,,,,,,,,,,,,,,,,,,,,,,20.00,,,,,,,false,true,12,2020-04-01,2021-03-31,0
2020-10-30,54710,2021-03-31,2,,,,,,,,,,,,,,,,,,,,,,,,,,,,,,,,,43448769,820787,42628168,false,false,6,2020-04-01,2020-09-30,0
2020-10-30,54710,2020-03-31,2,,,,,,,,,,,,,,,,,,,,,,,,,,,,,,,,,,,42629272,false,false,6,2019-04-01,2019-09-30,-1
2021-01-29,54710,2021-03-31,3,287127000000,-0.231,,,,,1861000000,-0.911,4102000000,-0.808,,1623000000,,38.08,,,,,,633967000000,323189000000,0.454,,287531000000,,,,,,,,,,,,true,false,9,2020-04-01,2020-12-31,0
2021-01-29,54710,2020-03-31,3,373560000000,-0.092,,,,,20953000000,-0.193,21390000000,-0.204,,16152000000,,378.90,,,,,,,,,,,,,,,,,,,,,,true,false,9,2019-04-01,2019-12-31,-1
2021-01-29,54710,2021-03-31,3,400000000000,-0.184,,,,,6000000000,-0.758,7500000000,-0.691,,3500000000,,82.11,,,,,,,,,,,,,,,,,,,,,,true,true,12,2020-04-01,2021-03-31,0
2021-01-29,54710,2020-03-31,3,,,,,,,,,,,,,,,,,,,,625899000000,309136000000,0.437,,273561000000,,,,,,,,,,,,true,false,12,2019-04-01,2020-03-31,-1
2021-01-29,54710,2020-03-31,3,,,,,,,,,,,,,,,,,,,,,,,,,,,,,70.00,,,,43448769,820446,,false,false,12,2019-04-01,2020-03-31,-1
2021-01-29,54710,2021-03-31,3,,,,,,,,,,,,,,,,,,,,,,,,,,,,,10.00,,,,,,,false,false,12,2020-04-01,2021-03-31,0
2021-01-29,54710,2021-03-31,3,,,,,,,,,,,,,,,,,,,,,,,,,,,,,20.00,,,,,,,false,true,12,2020-04-01,2021-03-31,0
2021-01-29,54710,2021-03-31,3,,,,,,,,,,,,,,,,,,,,,,,,,,,,,,,,,43448769,821253,42628064,false,false,9,2020-04-01,2020-12-31,0
2021-01-29,54710,2020-03-31,3,,,,,,,,,,,,,,,,,,,,,,,,,,,,,,,,,,,42629153,false,false,9,2019-04-01,2019-12-31,-1
2021-01-29,54710,2021-03-31,,400000000000,0.026,,,,,6000000000,2.000,7500000000,1.143,3500000000,,6.000,82.11,,,,,,,,,,,,,,,,,,,,,,true,true,12,2020-04-01,2021-03-31,0
2021-01-29,54710,2020-03-31,,490421000000,,,,,,24768000000,,24298000000,,10987000000,,,257.76,,,,,,,,,,,,,,,,,,,,,,true,false,12,2019-04-01,2020-03-31,-1
2021-04-30,54710,2021-03-31,,412722000000,-0.158,,,,,10070000000,-0.593,12642000000,-0.480,,4516000000,,105.96,,0.016,0.020,0.024,,665506000000,339353000000,0.456,7111.48,303143000000,33766000000,-29395000000,2999000000,65558000000,,0.330,,,,,,true,false,12,2020-04-01,2021-03-31,0
2021-04-30,54710,2020-03-31,,490421000000,-0.097,,,,,24768000000,-0.268,24298000000,-0.292,,10987000000,,257.76,,0.039,0.038,0.051,,625899000000,309136000000,0.437,6417.37,273561000000,41033000000,-39326000000,10526000000,57843000000,,0.272,,,,,,true,false,12,2019-04-01,2020-03-31,-1
2021-04-30,54710,2022-03-31,,255000000000,0.421,,,,,18000000000,,18500000000,,,11500000000,,269.78,,,,,,,,,,,,,,,,,,,,,,true,true,6,2021-04-01,2021-09-30,1
2021-04-30,54710,2022-03-31,,500000000000,0.211,,,,,35000000000,2.476,36000000000,1.848,,23500000000,,551.29,,,,,,,,,,,,,,,,0.272,,,,,,true,true,12,2021-04-01,2022-03-31,1
2021-04-30,54710,2021-03-31,,245504000000,-0.195,,,,,5073000000,-0.698,9001000000,-0.572,6335000000,,-0.448,148.58,,,,,,472864000000,215387000000,0.455,5051.36,215387000000,,,,,35.00,,,,43448769,821449,42627902,false,false,12,2020-04-01,2021-03-31,0
2021-04-30,54710,2020-03-31,,304819000000,-0.106,,,,,16792000000,-0.123,21049000000,-0.137,11483000000,,-0.278,269.31,,,,,,434175000000,189484000000,0.436,4443.78,189484000000,,,,,70.00,,,,43448769,820446,42628998,false,false,12,2019-04-01,2020-03-31,-1
2021-04-30,54710,2022-03-31,,,,,,,,,,,,,,,,,,,,,,,,,,,,,,150.00,,,,,,,false,true,12,2021-04-01,2022-03-31,1
2021-07-28,54710,2022-03-31,1,131239000000,0.478,,,,,10505000000,,11824000000,,,7628000000,,178.95,,,,,,670932000000,348191000000,0.464,,311163000000,,,,,,,,,,,,true,false,3,2021-04-01,2021-06-30,0
2021-07-28,54710,2021-03-31,1,88789000000,-0.305,,,,,-2431000000,,-1667000000,,,-1553000000,,-36.45,,,,,,,,,,,,,,,,,,,,,,true,false,3,2020-04-01,2020-06-30,-1
2021-07-28,54710,2022-03-31,1,255000000000,0.421,,,,,18000000000,,18500000000,,,11500000000,,269.78,,,,,,,,,,,,,,,,,,,,,,true,true,6,2021-04-01,2021-09-30,0
2021-07-28,54710,2022-03-31,1,500000000000,0.211,,,,,35000000000,2.476,36000000000,1.848,,23500000000,,551.29,,,,,,,,,,,,,,,,,,,,,,true,true,12,2021-04-01,2022-03-31,0
2021-07-28,54710,2021-03-31,1,,,,,,,,,,,,,,,,,,,,665506000000,339353000000,0.456,,303143000000,,,,,,,,,,,,true,false,12,2020-04-01,2021-03-31,-1
2021-07-28,54710,2021-03-31,1,,,,,,,,,,,,,,,,,,,,,,,,,,,,,35.00,,,,43448769,821449,,false,false,12,2020-04-01,2021-03-31,-1
2021-07-28,54710,2022-03-31,1,,,,,,,,,,,,,,,,,,,,,,,,,,,,,150.00,,,,,,,false,true,12,2021-04-01,2022-03-31,0
2021-07-28,54710,2022-03-31,1,,,,,,,,,,,,,,,,,,,,,,,,,,,,,,,,,43448769,821586,42627247,false,false,3,2021-04-01,2021-06-30,0
2021-07-28,54710,2021-03-31,1,,,,,,,,,,,,,,,,,,,,,,,,,,,,,,,,,,,42628254,false,false,3,2020-04-01,2020-06-30,-1
2021-10-28,54710,2022-03-31,2,255224000000,0.422,,,,,19156000000,,20556000000,,,12840000000,,301.22,,,,,,686373000000,352599000000,0.460,,315674000000,,,,,,,,,,,,true,false,6,2021-04-01,2021-09-30,0
2021-10-28,54710,2021-03-31,2,179490000000,-0.289,,,,,-3531000000,,-2112000000,,,-2318000000,,-54.39,,,,,,,,,,,,,,,,,,,,,,true,false,6,2020-04-01,2020-09-30,-1
2021-10-28,54710,2022-03-31,2,520000000000,0.260,,,,,31000000000,2.078,33000000000,1.610,,22000000000,,516.10,,,,,,,,,,,,,,,,,,,,,,true,true,12,2021-04-01,2022-03-31,0
2021-10-28,54710,2021-03-31,2,,,,,,,,,,,,,,,,,,,,665506000000,339353000000,0.456,,303143000000,,,,,,,,,,,,true,false,12,2020-04-01,2021-03-31,-1
2021-10-28,54710,2021-03-31,2,,,,,,,,,,,,,,,,,,,,,,,,,,,,,35.00,,,,43448769,821449,,false,false,12,2020-04-01,2021-03-31,-1
2021-10-28,54710,2022-03-31,2,,,,,,,,,,,,,,,,,,,,,,,,,,,,,80.00,,,,,,,false,false,12,2021-04-01,2022-03-31,0
2021-10-28,54710,2022-03-31,2,,,,,,,,,,,,,,,,,,,,,,,,,,,,,160.00,,,,,,,false,true,12,2021-04-01,2022-03-31,0
2021-10-28,54710,2022-03-31,2,,,,,,,,,,,,,,,,,,,,,,,,,,,,,,,,,43448769,821845,42627149,false,false,6,2021-04-01,2021-09-30,0
2021-10-28,54710,2021-03-31,2,,,,,,,,,,,,,,,,,,,,,,,,,,,,,,,,,,,42628168,false,false,6,2020-04-01,2020-09-30,-1
2022-01-31,54710,2022-03-31,3,390499000000,0.360,,,,,28914000000,,31174000000,6.599,,22203000000,,520.87,,,,,,710492000000,359247000000,0.453,,321920000000,,,,,,,,,,,,true,false,9,2021-04-01,2021-12-31,0
2022-01-31,54710,2021-03-31,3,287127000000,-0.231,,,,,1861000000,-0.911,4102000000,-0.808,,1623000000,,38.08,,,,,,,,,,,,,,,,,,,,,,true,false,9,2020-04-01,2020-12-31,-1
2022-01-31,54710,2022-03-31,3,530000000000,0.284,,,,,35000000000,2.476,37000000000,1.927,,26000000000,,609.94,,,,,,,,,,,,,,,,,,,,,,true,true,12,2021-04-01,2022-03-31,0
2022-01-31,54710,2021-03-31,3,,,,,,,,,,,,,,,,,,,,665506000000,339353000000,0.456,,303143000000,,,,,,,,,,,,true,false,12,2020-04-01,2021-03-31,-1
2022-01-31,54710,2021-03-31,3,,,,,,,,,,,,,,,,,,,,,,,,,,,,,35.00,,,,43448769,821449,,false,false,12,2020-04-01,2021-03-31,-1
2022-01-31,54710,2022-03-31,3,,,,,,,,,,,,,,,,,,,,,,,,,,,,,80.00,,,,,,,false,false,12,2021-04-01,2022-03-31,0
2022-01-31,54710,2022-03-31,3,,,,,,,,,,,,,,,,,,,,,,,,,,,,,180.00,,,,,,,false,true,12,2021-04-01,2022-03-31,0
2022-01-31,54710,2022-03-31,3,,,,,,,,,,,,,,,,,,,,,,,,,,,,,,,,,43448769,822029,42627056,false,false,9,2021-04-01,2021-12-31,0
2022-01-31,54710,2021-03-31,3,,,,,,,,,,,,,,,,,,,,,,,,,,,,,,,,,,,42628064,false,false,9,2020-04-01,2020-12-31,-1
2022-04-28,54710,2022-03-31,,529667000000,0.283,,,,,36982000000,2.672,39200000000,2.101,,26894000000,,630.94,,0.085,0.056,0.070,,728187000000,365004000000,0.453,7734.92,329713000000,-16684000000,-14568000000,19402000000,55644000000,,0.285,,,,,,true,false,12,2021-04-01,2022-03-31,0
2022-04-28,54710,2021-03-31,,412722000000,-0.158,,,,,10070000000,-0.593,12642000000,-0.480,,4516000000,,105.96,,0.016,0.020,0.024,,665506000000,339353000000,0.456,7111.48,303143000000,33766000000,-29395000000,2999000000,65558000000,,0.330,,,,,,true,false,12,2020-04-01,2021-03-31,-1
2022-04-28,54710,2023-03-31,,280000000000,0.097,,,,,11500000000,-0.400,12000000000,-0.416,,9000000000,,211.14,,,,,,,,,,,,,,,,,,,,,,true,true,6,2022-04-01,2022-09-30,1
2022-04-28,54710,2023-03-31,,600000000000,0.133,,,,,34000000000,-0.081,35000000000,-0.107,,25000000000,,586.49,,,,,,,,,,,,,,,,0.307,,,,,,true,true,12,2022-04-01,2023-03-31,1
2022-04-28,54710,2022-03-31,,343692000000,0.400,,,,,19353000000,2.815,24250000000,1.694,21539000000,,2.400,505.15,,,,,,512132000000,227844000000,0.445,5343.60,227844000000,,,,,180.00,,,,43448769,822129,42626963,false,false,12,2021-04-01,2022-03-31,0
2022-04-28,54710,2021-03-31,,245504000000,-0.195,,,,,5073000000,-0.698,9001000000,-0.572,6335000000,,-0.448,148.58,,,,,,472864000000,215387000000,0.455,5051.36,215387000000,,,,,35.00,,,,43448769,821449,42627902,false,false,12,2020-04-01,2021-03-31,-1
2022-04-28,54710,2023-03-31,,,,,,,,,,,,,,,,,,,,,,,,,,,,,,180.00,,,,,,,false,true,12,2022-04-01,2023-03-31,1
2022-07-29,54710,2023-03-31,1,137682000000,0.049,,,,,10190000000,-0.030,11339000000,-0.041,,9857000000,,231.26,,,,,,758185000000,371858000000,0.443,,335784000000,,,,,,,,,,,,true,false,3,2022-04-01,2022-06-30,0
2022-07-29,54710,2022-03-31,1,131239000000,0.478,,,,,10505000000,,11824000000,,,7628000000,,178.95,,,,,,,,,,,,,,,,,,,,,,true,false,3,2021-04-01,2021-06-30,-1
2022-07-29,54710,2023-03-31,1,280000000000,0.097,,,,,19500000000,0.018,20000000000,-0.027,,15500000000,,363.62,,,,,,,,,,,,,,,,,,,,,,true,true,6,2022-04-01,2022-09-30,0
2022-07-29,54710,2023-03-31,1,600000000000,0.133,,,,,34000000000,-0.081,35000000000,-0.107,,25000000000,,586.49,,,,,,,,,,,,,,,,,,,,,,true,true,12,2022-04-01,2023-03-31,0
2022-07-29,54710,2022-03-31,1,,,,,,,,,,,,,,,,,,,,728187000000,365004000000,0.453,,329713000000,,,,,,,,,,,,true,false,12,2021-04-01,2022-03-31,-1
2022-07-29,54710,2022-03-31,1,,,,,,,,,,,,,,,,,,,,,,,,,,,,,180.00,,,,43448769,822129,,false,false,12,2021-04-01,2022-03-31,-1
2022-07-29,54710,2023-03-31,1,,,,,,,,,,,,,,,,,,,,,,,,,,,,,180.00,,,,,,,false,true,12,2022-04-01,2023-03-31,0
2022-07-29,54710,2023-03-31,1,,,,,,,,,,,,,,,,,,,,,,,,,,,,,,,,,43448769,822282,42626569,false,false,3,2022-04-01,2022-06-30,0
2022-07-29,54710,2022-03-31,1,,,,,,,,,,,,,,,,,,,,,,,,,,,,,,,,,,,42627247,false,false,3,2021-04-01,2021-06-30,-1
2022-07-29,54710,2023-03-31,,280000000000,0.000,,,,,19500000000,0.696,20000000000,0.667,15500000000,,0.722,363.62,,,,,,,,,,,,,,,,,,,,,,true,true,6,2022-04-01,2022-09-30,0
2022-07-29,54710,2022-03-31,,255224000000,,,,,,19156000000,,20556000000,,12840000000,,,301.22,,,,,,,,,,,,,,,,,,,,,,true,false,6,2021-04-01,2021-09-30,-1
2022-10-28,54710,2023-03-31,2,281857000000,0.104,,,,,23225000000,0.212,24092000000,0.172,,18294000000,,429.18,,,,,,757206000000,379499000000,0.453,,343043000000,,,,,,,,,,,,true,false,6,2022-04-01,2022-09-30,0
2022-10-28,54710,2022-03-31,2,255224000000,0.422,,,,,19156000000,,20556000000,,,12840000000,,301.22,,,,,,,,,,,,,,,,,,,,,,true,false,6,2021-04-01,2021-09-30,-1
2022-10-28,54710,2023-03-31,2,570000000000,0.076,,,,,45000000000,0.217,46000000000,0.173,,34000000000,,797.63,,,,,,,,,,,,,,,,,,,,,,true,true,12,2022-04-01,2023-03-31,0
2022-10-28,54710,2022-03-31,2,,,,,,,,,,,,,,,,,,,,728187000000,365004000000,0.453,,329713000000,,,,,,,,,,,,true,false,12,2021-04-01,2022-03-31,-1
2022-10-28,54710,2022-03-31,2,,,,,,,,,,,,,,,,,,,,,,,,,,,,,180.00,,,,43448769,822129,,false,false,12,2021-04-01,2022-03-31,-1
2022-10-28,54710,2023-03-31,2,,,,,,,,,,,,,,,,,,,,,,,,,,,,,100.00,,,,,,,false,false,12,2022-04-01,2023-03-31,0
2022-10-28,54710,2023-03-31,2,,,,,,,,,,,,,,,,,,,,,,,,,,,,,200.00,,,,,,,false,true,12,2022-04-01,2023-03-31,0
2022-10-28,54710,2023-03-31,2,,,,,,,,,,,,,,,,,,,,,,,,,,,,,,,,,43448769,822299,42626523,false,false,6,2022-04-01,2022-09-30,0
2022-10-28,54710,2022-03-31,2,,,,,,,,,,,,,,,,,,,,,,,,,,,,,,,,,,,42627149,false,false,6,2021-04-01,2021-09-30,-1
2023-01-30,54710,2023-03-31,3,434726000000,0.113,,,,,37654000000,0.302,39094000000,0.254,,28186000000,,661.25,,,,,,788167000000,387037000000,0.445,,350769000000,,,,,,,,,,,,true,false,9,2022-04-01,2022-12-31,0
2023-01-30,54710,2022-03-31,3,390499000000,0.360,,,,,28914000000,,31174000000,6.599,,22203000000,,520.87,,,,,,,,,,,,,,,,,,,,,,true,false,9,2021-04-01,2021-12-31,-1
2023-01-30,54710,2023-03-31,3,570000000000,0.076,,,,,45000000000,0.217,46000000000,0.173,,34000000000,,797.63,,,,,,,,,,,,,,,,,,,,,,true,true,12,2022-04-01,2023-03-31,0
2023-01-30,54710,2022-03-31,3,,,,,,,,,,,,,,,,,,,,728187000000,365004000000,0.453,,329713000000,,,,,,,,,,,,true,false,12,2021-04-01,2022-03-31,-1
2023-01-30,54710,2022-03-31,3,,,,,,,,,,,,,,,,,,,,,,,,,,,,,180.00,,,,43448769,822129,,false,false,12,2021-04-01,2022-03-31,-1
2023-01-30,54710,2023-03-31,3,,,,,,,,,,,,,,,,,,,,,,,,,,,,,100.00,,,,,,,false,false,12,2022-04-01,2023-03-31,0
2023-01-30,54710,2023-03-31,3,,,,,,,,,,,,,,,,,,,,,,,,,,,,,200.00,,,,,,,false,true,12,2022-04-01,2023-03-31,0
2023-01-30,54710,2023-03-31,3,,,,,,,,,,,,,,,,,,,,,,,,,,,,,,,,,43448769,822826,42626419,false,false,9,2022-04-01,2022-12-31,0
2023-01-30,54710,2022-03-31,3,,,,,,,,,,,,,,,,,,,,,,,,,,,,,,,,,,,42627056,false,false,9,2021-04-01,2021-12-31,-1
2023-04-28,54710,2023-03-31,,578564000000,0.092,,,,,46986000000,0.271,48122000000,0.228,,36438000000,,854.83,,0.104,0.064,0.081,,773851000000,405479000000,0.476,8650.15,368718000000,22634000000,-20084000000,-2668000000,56488000000,,0.269,,,,,,true,false,12,2022-04-01,2023-03-31,0
2023-04-28,54710,2022-03-31,,529667000000,0.283,,,,,36982000000,2.672,39200000000,2.101,,26894000000,,630.94,,0.085,0.056,0.070,,728187000000,365004000000,0.453,7734.92,329713000000,-16684000000,-14568000000,19402000000,55644000000,,0.285,,,,,,true,false,12,2021-04-01,2022-03-31,-1
2023-04-28,54710,2024-03-31,,290000000000,0.029,,,,,19000000000,-0.182,20000000000,-0.170,,13000000000,,304.98,,,,,,,,,,,,,,,,,,,,,,true,true,6,2023-04-01,2023-09-30,1
2023-04-28,54710,2024-03-31,,600000000000,0.037,,,,,47000000000,0.000,48500000000,0.008,,32000000000,,750.72,,,,,,,,,,,,,,,,0.306,,,,,,true,true,12,2023-04-01,2024-03-31,1
2023-04-28,54710,2023-03-31,,395607000000,0.151,,,,,28918000000,0.494,35961000000,0.483,28073000000,,0.303,658.42,,,,,,536412000000,250286000000,0.467,5870.06,250286000000,,,,,230.00,,,,43448769,823128,42626275,false,false,12,2022-04-01,2023-03-31,0
2023-04-28,54710,2022-03-31,,343692000000,0.400,,,,,19353000000,2.815,24250000000,1.694,21539000000,,2.400,505.15,,,,,,512132000000,227844000000,0.445,5343.60,227844000000,,,,,180.00,,,,43448769,822129,42626963,false,false,12,2021-04-01,2022-03-31,-1
2023-04-28,54710,2024-03-31,,,,,,,,,,,,,,,,,,,,,,,,,,,,,,230.00,,,,,,,false,true,12,2023-04-01,2024-03-31,1
2023-07-28,54710,2024-03-31,1,141938000000,0.031,,,,,7979000000,-0.217,9691000000,-0.145,,6315000000,,148.17,,,,,,786233000000,416267000000,0.482,,379127000000,,,,,,,,,,,,true,false,3,2023-04-01,2023-06-30,0
2023-07-28,54710,2023-03-31,1,137682000000,0.049,,,,,10190000000,-0.030,11339000000,-0.041,,9857000000,,231.26,,,,,,,,,,,,,,,,,,,,,,true,false,3,2022-04-01,2022-06-30,-1
2023-07-28,54710,2024-03-31,1,290000000000,0.029,,,,,19000000000,-0.182,20000000000,-0.170,,13000000000,,304.98,,,,,,,,,,,,,,,,,,,,,,true,true,6,2023-04-01,2023-09-30,0
2023-07-28,54710,2024-03-31,1,600000000000,0.037,,,,,47000000000,0.000,48500000000,0.008,,32000000000,,750.72,,,,,,,,,,,,,,,,,,,,,,true,true,12,2023-04-01,2024-03-31,0
2023-07-28,54710,2023-03-31,1,,,,,,,,,,,,,,,,,,,,773851000000,405479000000,0.476,,368718000000,,,,,,,,,,,,true,false,12,2022-04-01,2023-03-31,-1
2023-07-28,54710,2023-03-31,1,,,,,,,,,,,,,,,,,,,,,,,,,,,,,230.00,,,,43448769,823128,,false,false,12,2022-04-01,2023-03-31,-1
2023-07-28,54710,2024-03-31,1,,,,,,,,,,,,,,,,,,,,,,,,,,,,,230.00,,,,,,,false,true,12,2023-04-01,2024-03-31,0
2023-07-28,54710,2024-03-31,1,,,,,,,,,,,,,,,,,,,,,,,,,,,,,,,,,43448769,823394,42625502,false,false,3,2023-04-01,2023-06-30,0
2023-07-28,54710,2023-03-31,1,,,,,,,,,,,,,,,,,,,,,,,,,,,,,,,,,,,42626569,false,false,3,2022-04-01,2022-06-30,-1
2023-10-30,54710,2024-03-31,2,288594000000,0.024,,,,,19003000000,-0.182,21083000000,-0.125,,11465000000,,268.99,,,,,,794523000000,428817000000,0.492,,390894000000,,,,,,,,,,,,true,false,6,2023-04-01,2023-09-30,0
2023-10-30,54710,2023-03-31,2,281857000000,0.104,,,,,23225000000,0.212,24092000000,0.172,,18294000000,,429.18,,,,,,,,,,,,,,,,,,,,,,true,false,6,2022-04-01,2022-09-30,-1
2023-10-30,54710,2024-03-31,2,600000000000,0.037,,,,,47000000000,0.000,48500000000,0.008,,32000000000,,150.14,,,,,,,,,,,,,,,,,,,,,,true,true,12,2023-04-01,2024-03-31,0
2023-10-30,54710,2023-03-31,2,,,,,,,,,,,,,,,,,,,,773851000000,405479000000,0.476,,368718000000,,,,,,,,,,,,true,false,12,2022-04-01,2023-03-31,-1
2023-10-30,54710,2023-03-31,2,,,,,,,,,,,,,,,,,,,,,,,,,,,,,230.00,,,,43448769,823128,,false,false,12,2022-04-01,2023-03-31,-1
2023-10-30,54710,2024-03-31,2,,,,,,,,,,,,,,,,,,,,,,,,,,,,,100.00,,,,,,,false,false,12,2023-04-01,2024-03-31,0
2023-10-30,54710,2024-03-31,2,,,,,,,,,,,,,,,,,,,,,,,,,,,,,26.00,,,,,,,false,true,12,2023-04-01,2024-03-31,0
2023-10-30,54710,2024-03-31,2,,,,,,,,,,,,,,,,,,,,,,,,,,,,,,,,,43448769,823836,42625353,false,false,6,2023-04-01,2023-09-30,0
2023-10-30,54710,2023-03-31,2,,,,,,,,,,,,,,,,,,,,,,,,,,,,,,,,,,,42626523,false,false,6,2022-04-01,2022-09-30,-1
2024-01-31,54710,2024-03-31,3,438363000000,0.008,,,,,33051000000,-0.122,35358000000,-0.096,,20738000000,,97.31,,,,,,796918000000,429521000000,0.491,,391673000000,,,,,,,,,,,,true,false,9,2023-04-01,2023-12-31,0
2024-01-31,54710,2023-03-31,3,434726000000,0.113,,,,,37654000000,0.302,39094000000,0.254,,28186000000,,132.25,,,,,,,,,,,,,,,,,,,,,,true,false,9,2022-04-01,2022-12-31,-1
2024-01-31,54710,2024-03-31,3,600000000000,0.037,,,,,47000000000,0.000,48500000000,0.008,,32000000000,,150.14,,,,,,,,,,,,,,,,,,,,,,true,true,12,2023-04-01,2024-03-31,0
2024-01-31,54710,2023-03-31,3,,,,,,,,,,,,,,,,,,,,773851000000,405479000000,0.476,,368718000000,,,,,,,,,,,,true,false,12,2022-04-01,2023-03-31,-1
2024-01-31,54710,2023-03-31,3,,,,,,,,,,,,,,,,,,,,,,,,,,,,,230.00,,,,217243845,4115640,,false,false,12,2022-04-01,2023-03-31,-1
2024-01-31,54710,2024-03-31,3,,,,,,,,,,,,,,,,,,,,,,,,,,,,,100.00,,,,,,,false,false,12,2023-04-01,2024-03-31,0
2024-01-31,54710,2024-03-31,3,,,,,,,,,,,,,,,,,,,,,,,,,,,,,26.00,,,,,,,false,true,12,2023-04-01,2024-03-31,0
2024-01-31,54710,2024-03-31,3,,,,,,,,,,,,,,,,,,,,,,,,,,,,,,,,,217243845,4120060,213125981,false,false,9,2023-04-01,2023-12-31,0
2024-01-31,54710,2023-03-31,3,,,,,,,,,,,,,,,,,,,,,,,,,,,,,,,,,,,213132095,false,false,9,2022-04-01,2022-12-31,-1
2024-05-10,54710,2024-03-31,,581287000000,0.005,,,,,42113000000,-0.104,45031000000,-0.064,,49759000000,,233.47,,0.125,0.058,0.072,,787517000000,467687000000,0.544,2009.91,428359000000,58657000000,16777000000,-71810000000,62264000000,,0.197,,,,,,true,false,12,2023-04-01,2024-03-31,0
2024-05-10,54710,2023-03-31,,578564000000,0.092,,,,,46986000000,0.271,48122000000,0.228,,36438000000,,170.97,,0.104,0.064,0.081,,773851000000,405479000000,0.476,1730.03,368718000000,22634000000,-20084000000,-2668000000,56488000000,,0.269,,,,,,true,false,12,2022-04-01,2023-03-31,-1
2024-05-10,54710,2024-03-31,,386646000000,-0.023,,,,,26313000000,-0.090,42497000000,0.182,50893000000,,0.813,238.73,,,,,,537383000000,294949000000,0.549,1383.54,294949000000,,,,,26.00,,,,217243845,4120540,213125393,false,false,12,2023-04-01,2024-03-31,0
2024-05-10,54710,2023-03-31,,395607000000,0.151,,,,,28918000000,0.494,35961000000,0.483,28073000000,,0.303,131.68,,,,,,536412000000,250286000000,0.467,1174.01,250286000000,,,,,230.00,,,,217243845,4115640,213131375,false,false,12,2022-04-01,2023-03-31,-1
2024-05-10,54710,2025-03-31,,,,,,,,22000000000,,,,,15000000000,,70.38,,,,,,,,,,,,,,,,,,,,,,true,true,6,2024-04-01,2024-09-30,1
2024-05-10,54710,2025-03-31,,,,,,,,48000000000,,,,,33000000000,,154.84,,,,,,,,,,,,,,,,0.304,,,,,,true,true,12,2024-04-01,2025-03-31,1
2024-05-10,54710,2025-03-31,,,,,,,,,,,,,,,,,,,,,,,,,,,,,,47.00,,,,,,,false,true,12,2024-04-01,2025-03-31,1
2024-06-26,5471,2024-03-31,,,,,,,,42250000000,-0.155,,,,30555000000,,143.37,143.35,,,,,788734000000,,,,,50239000000,13618000000,-76484000000,,,0.321,,,,,,true,false,12,2023-04-01,2024-03-31,0
2024-06-26,5471,2023-03-31,,,,,,,,50025000000,,,,,36301000000,,170.32,170.32,,,,,772361000000,,,,,27907000000,-23902000000,-4105000000,,,0.270,,,,,,true,false,12,2022-04-01,2023-03-31,-1
2024-06-26,5471,2025-03-31,,,,,,,,22000000000,,,,,15000000000,,70.38,,,,,,,,,,,,,,,,,,,,,,true,true,6,2024-04-01,2024-09-30,1
2024-06-26,5471,2025-03-31,,,,,,,,48000000000,0.136,,,,33000000000,,154.84,,,,,,,,,,,,,,,,0.304,,,,,,true,true,12,2024-04-01,2025-03-31,1
2024-06-26,5471,2023-03-31,,,,,,,,,,,,,,,,,,,,,,,,,,,,,,230.00,,,,217243845,4115640,213131375,false,false,12,2022-04-01,2023-03-31,-1
2024-06-26,5471,2024-03-31,,,,,,,,,,,,,,,,,,,,,,,,,,,,,,26.00,,,,217243845,4120540,213125393,false,false,12,2023-04-01,2024-03-31,0
2024-06-26,5471,2025-03-31,,,,,,,,,,,,,,,,,,,,,,,,,,,,,,47.00,,,,,,,false,true,12,2024-04-01,2025-03-31,1
2024-07-29,5471,2025-03-31,1,,,,,,,10067000000,0.152,,,,6776000000,,31.80,31.78,,,,,806792000000,,,,,,,,,,,,,,,,true,false,3,2024-04-01,2024-06-30,0
2024-07-29,5471,2024-03-31,1,,,,,,,8739000000,,,,,6528000000,,30.63,30.63,,,,,,,,,,,,,,,,,,,,,true,false,3,2023-04-01,2023-06-30,-1
2024-07-29,5471,2025-03-31,1,,,,,,,22000000000,,,,,15000000000,,70.38,,,,,,,,,,,,,,,,,,,,,,true,true,6,2024-04-01,2024-09-30,0
2024-07-29,5471,2025-03-31,1,,,,,,,48000000000,0.136,,,,33000000000,,154.84,,,,,,,,,,,,,,,,,,,,,,true,true,12,2024-04-01,2025-03-31,0
2024-07-29,5471,2024-03-31,1,,,,,,,,,,,,,,,,,,,,788734000000,,,,,,,,,,,,,,,,true,false,12,2023-04-01,2024-03-31,-1
2024-07-29,5471,2024-03-31,1,,,,,,,,,,,,,,,,,,,,,,,,,,,,,26.00,,,,217243845,4120540,,false,false,12,2023-04-01,2024-03-31,-1
2024-07-29,5471,2025-03-31,1,,,,,,,,,,,,,,,,,,,,,,,,,,,,,47.00,,,,,,,false,true,12,2024-04-01,2025-03-31,0
2024-07-29,5471,2025-03-31,1,,,,,,,,,,,,,,,,,,,,,,,,,,,,,,,,,217243845,4120823,213123139,false,false,3,2024-04-01,2024-06-30,0
2024-07-29,5471,2024-03-31,1,,,,,,,,,,,,,,,,,,,,,,,,,,,,,,,,,,,213127511,false,false,3,2023-04-01,2023-06-30,-1
2024-10-30,5471,2025-03-31,2,,,,,,,18258000000,0.032,,,,12152000000,,57.01,56.99,,,,,794051000000,,,,,,,,,,,,,,,,true,false,6,2024-04-01,2024-09-30,0
2024-10-30,5471,2024-03-31,2,,,,,,,17695000000,,,,,11757000000,,55.17,55.16,,,,,,,,,,,,,,,,,,,,,true,false,6,2023-04-01,2023-09-30,-1
2024-10-30,5471,2025-03-31,2,,,,,,,40000000000,-0.053,,,,28000000000,,131.36,,,,,,,,,,,,,,,,,,,,,,true,true,12,2024-04-01,2025-03-31,0
2024-10-30,5471,2024-03-31,2,,,,,,,,,,,,,,,,,,,,788734000000,,,,,,,,,,,,,,,,true,false,12,2023-04-01,2024-03-31,-1
2024-10-30,5471,2024-03-31,2,,,,,,,,,,,,,,,,,,,,,,,,,,,,,26.00,,,,217243845,4120540,,false,false,12,2023-04-01,2024-03-31,-1
2024-10-30,5471,2025-03-31,2,,,,,,,,,,,,,,,,,,,,,,,,,,,,,21.00,,,,,,,false,false,12,2024-04-01,2025-03-31,0
2024-10-30,5471,2025-03-31,2,,,,,,,,,,,,,,,,,,,,,,,,,,,,,47.00,,,,,,,false,true,12,2024-04-01,2025-03-31,0
2024-10-30,5471,2025-03-31,2,,,,,,,,,,,,,,,,,,,,,,,,,,,,,,,,,217243845,4015393,213150267,false,false,6,2024-04-01,2024-09-30,0
2024-10-30,5471,2024-03-31,2,,,,,,,,,,,,,,,,,,,,,,,,,,,,,,,,,,,213126766,false,false,6,2023-04-01,2023-09-30,-1
2025-01-31,5471,2025-03-31,3,,,,,,,34070000000,-0.106,,,,23170000000,,109.32,109.29,,,,,820669000000,,,,,,,,,,,,,,,,true,false,9,2024-04-01,2024-12-31,0
2025-01-31,5471,2024-03-31,3,,,,,,,38128000000,,,,,28729000000,,134.80,134.79,,,,,,,,,,,,,,,,,,,,,true,false,9,2023-04-01,2023-12-31,-1
2025-01-31,5471,2025-03-31,3,,,,,,,40000000000,-0.053,,,,28000000000,,133.07,,,,,,,,,,,,,,,,,,,,,,true,true,12,2024-04-01,2025-03-31,0
2025-01-31,5471,2024-03-31,3,,,,,,,,,,,,,,,,,,,,788734000000,,,,,,,,,,,,,,,,true,false,12,2023-04-01,2024-03-31,-1
2025-01-31,5471,2024-03-31,3,,,,,,,,,,,,,,,,,,,,,,,,,,,,,26.00,,,,217243845,4120540,,false,false,12,2023-04-01,2024-03-31,-1
2025-01-31,5471,2025-03-31,3,,,,,,,,,,,,,,,,,,,,,,,,,,,,,21.00,,,,,,,false,false,12,2024-04-01,2025-03-31,0
2025-01-31,5471,2025-03-31,3,,,,,,,,,,,,,,,,,,,,,,,,,,,,,47.00,,,,,,,false,true,12,2024-04-01,2025-03-31,0
2025-01-31,5471,2025-03-31,3,,,,,,,,,,,,,,,,,,,,,,,,,,,,,,,,,217243845,11414783,211943113,false,false,9,2024-04-01,2024-12-31,0
2025-01-31,5471,2024-03-31,3,,,,,,,,,,,,,,,,,,,,,,,,,,,,,,,,,,,213125981,false,false,9,2023-04-01,2023-12-31,-1
2025-05-08,5471,2025-03-31,,385260000000,-0.004,,,,,30488000000,0.159,36674000000,-0.137,34993000000,,-0.312,166.26,,,,,,528616000000,301516000000,0.570,1464.46,301516000000,,,,,47.00,,,,217243845,11415081,210414548,false,false,12,2024-04-01,2025-03-31,0
2025-05-08,5471,2024-03-31,,386646000000,-0.023,,,,,26313000000,-0.090,42497000000,0.182,50893000000,,0.813,238.73,,,,,,537383000000,294949000000,0.549,1383.54,294949000000,,,,,26.00,,,,217243845,4120540,213125393,false,false,12,2023-04-01,2024-03-31,-1
2025-05-08,5471,2025-03-31,,,,,,,,39408000000,-0.067,,,,28314000000,,134.57,134.53,,,,,782974000000,,,,,53516000000,-15586000000,-22715000000,,,0.349,,,,,,true,false,12,2024-04-01,2025-03-31,0
2025-05-08,5471,2024-03-31,,,,,,,,42250000000,-0.155,,,,30555000000,,143.37,143.35,,,,,788734000000,,,,,50239000000,13618000000,-76484000000,,,0.321,,,,,,true,false,12,2023-04-01,2024-03-31,-1
2025-05-08,5471,2026-03-31,,,,,,,,12500000000,-0.315,,,,8000000000,,38.87,,,,,,,,,,,,,,,,,,,,,,true,true,6,2025-04-01,2025-09-30,1
2025-05-08,5471,2026-03-31,,,,,,,,,,,,,,,,,,,,,,,,,,,,,,16.00,,,,,,,false,true,12,2025-04-01,2026-03-31,1
