filing_date,code,fiscal_year_end,quarterly_period,net_sales,net_sales_change,revenue,revenue_change,operating_revenue,operating_revenue_change,operating_profit,operating_profit_change,ordinary_profit,ordinary_profit_change,net_income,net_income_of_parent,net_income_change,eps,diluted_eps,roe,roa,operating_profit_to_net_sales,operating_profit_to_revenue,total_assets,net_assets,equity_ratio,bps,owner_equity,operating_cash_flow,investing_cash_flow,financing_cash_flow,cash,dividend_per_share,payout_ratio,commemorative_dividend,extra_dividend,number_of_shares,number_of_treqsury_shares,avg_number_of_shares,is_consolidated,is_forecast,duration,period_start,period_end,period_pos
2015-07-29,54760,2016-03-31,1,9867000000,-0.018,,,,,550000000,2.032,592000000,1.874,,543000000,,3.71,,,,,,41119000000,18951000000,0.461,129.28,18951000000,,,,,,,,,,,,true,false,3,2015-04-01,2015-06-30,0
2015-07-29,54760,2015-03-31,1,10045000000,0.087,,,,,181000000,1.117,206000000,1.478,,320000000,,2.19,,,,,,,,,,,,,,,,,,,,,,true,false,3,2014-04-01,2014-06-30,-1
2015-07-29,54760,2016-03-31,1,19620000000,-0.047,,,,,740000000,0.826,780000000,0.846,,640000000,,4.37,,,,,,,,,,,,,,,,,,,,,,true,true,6,2015-04-01,2015-09-30,0
2015-07-29,54760,2016-03-31,1,41650000000,0.021,,,,,1450000000,0.161,1500000000,0.126,,1280000000,,8.73,,,,,,,,,,,,,,,,,,,,,,true,true,12,2015-04-01,2016-03-31,0
2015-07-29,54760,2015-03-31,1,,,,,,,,,,,,,,,,,,,,40882000000,18659000000,0.456,127.29,18659000000,,,,,,,,,,,,true,false,12,2014-04-01,2015-03-31,-1
2015-07-29,54760,2015-03-31,1,,,,,,,,,,,,,,,,,,,,,,,,,,,,,2.00,,,,146876174,279959,,false,false,12,2014-04-01,2015-03-31,-1
2015-07-29,54760,2016-03-31,1,,,,,,,,,,,,,,,,,,,,,,,,,,,,,,,,,146876174,280459,146595940,false,false,3,2015-04-01,2015-06-30,0
2015-07-29,54760,2015-03-31,1,,,,,,,,,,,,,,,,,,,,,,,,,,,,,,,,,,,146601835,false,false,3,2014-04-01,2014-06-30,-1
2015-10-30,54760,2016-03-31,2,19476000000,-0.054,,,,,761000000,0.880,818000000,0.937,,647000000,,4.42,,,,,,40358000000,18993000000,0.471,129.57,18993000000,,,,,,,,,,,,true,false,6,2015-04-01,2015-09-30,0
2015-10-30,54760,2015-03-31,2,20586000000,0.086,,,,,405000000,,422000000,,,595000000,,4.06,,,,,,,,,,,,,,,,,,,,,,true,false,6,2014-04-01,2014-09-30,-1
2015-10-30,54760,2016-03-31,2,39000000000,-0.044,,,,,1260000000,0.009,1360000000,0.021,,1080000000,,7.37,,,,,,,,,,,,,,,,,,,,,,true,true,12,2015-04-01,2016-03-31,0
2015-10-30,54760,2015-03-31,2,,,,,,,,,,,,,,,,,,,,40882000000,18659000000,0.456,127.29,18659000000,,,,,,,,,,,,true,false,12,2014-04-01,2015-03-31,-1
2015-10-30,54760,2015-03-31,2,,,,,,,,,,,,,,,,,,,,,,,,,,,,,2.0,,,,146876174,279959,,false,false,12,2014-04-01,2015-03-31,-1
2015-10-30,54760,2016-03-31,2,,,,,,,,,,,,,,,,,,,,,,,,,,,,,0.00,,,,,,,false,false,12,2015-04-01,2016-03-31,0
2015-10-30,54760,2016-03-31,2,,,,,,,,,,,,,,,,,,,,,,,,,,,,,,,,,146876174,285754,146594133,false,false,6,2015-04-01,2015-09-30,0
2015-10-30,54760,2015-03-31,2,,,,,,,,,,,,,,,,,,,,,,,,,,,,,,,,,,,146601373,false,false,6,2014-04-01,2014-09-30,-1
2016-02-05,54760,2016-03-31,3,28743000000,-0.068,,,,,1111000000,0.169,1202000000,0.206,,813000000,,5.55,,,,,,39710000000,19203000000,0.484,131.00,19203000000,,,,,,,,,,,,true,false,9,2015-04-01,2015-12-31,0
2016-02-05,54760,2015-03-31,3,30832000000,0.063,,,,,950000000,,996000000,,,1085000000,,7.41,,,,,,,,,,,,,,,,,,,,,,true,false,9,2014-04-01,2014-12-31,-1
2016-02-05,54760,2016-03-31,3,39000000000,-0.044,,,,,1260000000,0.009,1360000000,0.021,,1080000000,,7.37,,,,,,,,,,,,,,,,,,,,,,true,true,12,2015-04-01,2016-03-31,0
2016-02-05,54760,2015-03-31,3,,,,,,,,,,,,,,,,,,,,40882000000,18659000000,0.456,127.29,18659000000,,,,,,,,,,,,true,false,12,2014-04-01,2015-03-31,-1
2016-02-05,54760,2015-03-31,3,,,,,,,,,,,,,,,,,,,,,,,,,,,,,2.00,,,,146876174,279959,,false,false,12,2014-04-01,2015-03-31,-1
2016-02-05,54760,2016-03-31,3,,,,,,,,,,,,,,,,,,,,,,,,,,,,,0.00,,,,,,,false,false,12,2015-04-01,2016-03-31,0
2016-02-05,54760,2016-03-31,3,,,,,,,,,,,,,,,,,,,,,,,,,,,,,1.50,,,,,,,false,true,12,2015-04-01,2016-03-31,0
2016-02-05,54760,2016-03-31,3,,,,,,,,,,,,,,,,,,,,,,,,,,,,,,,,,146876174,289464,146592398,false,false,9,2015-04-01,2015-12-31,0
2016-02-05,54760,2015-03-31,3,,,,,,,,,,,,,,,,,,,,,,,,,,,,,,,,,,,146600653,false,false,9,2014-04-01,2014-12-31,-1
,54760,2016-03-31,,,,,,,,,,,,,,,,,,,,,,,,,,,,,,1.50,,,,,,,false,true,12,2015-04-01,2016-03-31,0
,54760,2016-03-31,,,,,,,,,,,,,,,,,,,,,,,,,,,,,,0.00,,,,,,,false,false,12,2015-04-01,2016-03-31,0
,54760,2015-03-31,,,,,,,,,,,,,,,,,,,,,,,,,,,,,,2.00,,,,,,,false,false,12,2014-04-01,2015-03-31,-1
2016-04-28,54760,2016-03-31,,38252000000,-0.063,,,,,1331000000,0.066,1475000000,0.108,,1046000000,,7.14,,0.055,0.037,0.035,,39955000000,19472000000,0.487,132.84,19472000000,2207000000,-1119000000,-507000000,1036000000,,0.210,,,,,,true,false,12,2015-04-01,2016-03-31,0
2016-04-28,54760,2015-03-31,,40805000000,0.058,,,,,1249000000,,1331000000,,,1398000000,,9.54,,0.080,0.033,0.031,,40882000000,18659000000,0.456,127.29,18659000000,1761000000,-1035000000,-1042000000,456000000,,0.210,,,,,,true,false,12,2014-04-01,2015-03-31,-1
2016-04-28,54760,2017-03-31,,17800000000,-0.086,,,,,220000000,-0.711,230000000,-0.719,,230000000,,1.57,,,,,,,,,,,,,,,,,,,,,,true,true,6,2016-04-01,2016-09-30,1
2016-04-28,54760,2017-03-31,,36500000000,-0.046,,,,,960000000,-0.279,1030000000,-0.302,,920000000,,6.28,,,,,,,,,,,,,,,,,,,,,,true,true,12,2016-04-01,2017-03-31,1
2016-04-28,54760,2016-03-31,,25279000000,-0.084,,,,,672000000,-0.213,919000000,-0.141,652000000,,-0.464,4.45,,,,,,32723000000,19245000000,0.588,131.29,19245000000,,,,,1.50,,,,146876174,290364,146590932,false,false,12,2015-04-01,2016-03-31,0
2016-04-28,54760,2015-03-31,,27605000000,0.108,,,,,854000000,,1070000000,,1216000000,,,8.30,,,,,,33735000000,18883000000,0.560,128.81,18883000000,,,,,2.00,,,,146876174,279959,146599775,false,false,12,2014-04-01,2015-03-31,-1
2016-07-29,54760,2017-03-31,1,8989000000,-0.089,,,,,87000000,-0.842,150000000,-0.746,,191000000,,1.31,,,,,,39725000000,19424000000,0.489,132.51,19424000000,,,,,,,,,,,,true,false,3,2016-04-01,2016-06-30,0
2016-07-29,54760,2016-03-31,1,9867000000,-0.018,,,,,550000000,2.032,592000000,1.874,,543000000,,3.71,,,,,,,,,,,,,,,,,,,,,,true,false,3,2015-04-01,2015-06-30,-1
2016-07-29,54760,2017-03-31,1,17800000000,-0.086,,,,,220000000,-0.711,230000000,-0.719,,230000000,,1.57,,,,,,,,,,,,,,,,,,,,,,true,true,6,2016-04-01,2016-09-30,0
2016-07-29,54760,2017-03-31,1,36500000000,-0.046,,,,,960000000,-0.279,1030000000,-0.302,,920000000,,6.28,,,,,,,,,,,,,,,,,,,,,,true,true,12,2016-04-01,2017-03-31,0
2016-07-29,54760,2016-03-31,1,,,,,,,,,,,,,,,,,,,,39955000000,19472000000,0.487,132.84,19472000000,,,,,,,,,,,,true,false,12,2015-04-01,2016-03-31,-1
2016-07-29,54760,2016-03-31,1,,,,,,,,,,,,,,,,,,,,,,,,,,,,,1.50,,,,146876174,290364,,false,false,12,2015-04-01,2016-03-31,-1
2016-07-29,54760,2017-03-31,1,,,,,,,,,,,,,,,,,,,,,,,,,,,,,,,,,146876174,290766,146585660,false,false,3,2016-04-01,2016-06-30,0
2016-07-29,54760,2016-03-31,1,,,,,,,,,,,,,,,,,,,,,,,,,,,,,,,,,,,146595940,false,false,3,2015-04-01,2015-06-30,-1
2016-10-28,54760,2017-03-31,2,17732000000,-0.090,,,,,241000000,-0.684,308000000,-0.623,,227000000,,1.55,,,,,,39062000000,19520000000,0.500,133.17,19520000000,,,,,,,,,,,,true,false,6,2016-04-01,2016-09-30,0
2016-10-28,54760,2016-03-31,2,19476000000,-0.054,,,,,761000000,0.880,818000000,0.937,,647000000,,4.42,,,,,,,,,,,,,,,,,,,,,,true,false,6,2015-04-01,2015-09-30,-1
2016-10-28,54760,2017-03-31,2,35900000000,-0.061,,,,,790000000,-0.407,910000000,-0.383,,710000000,,4.84,,,,,,,,,,,,,,,,,,,,,,true,true,12,2016-04-01,2017-03-31,0
2016-10-28,54760,2016-03-31,2,,,,,,,,,,,,,,,,,,,,39955000000,19472000000,0.487,132.84,19472000000,,,,,,,,,,,,true,false,12,2015-04-01,2016-03-31,-1
2016-10-28,54760,2016-03-31,2,,,,,,,,,,,,,,,,,,,,,,,,,,,,,1.50,,,,146876174,290364,,false,false,12,2015-04-01,2016-03-31,-1
2016-10-28,54760,2017-03-31,2,,,,,,,,,,,,,,,,,,,,,,,,,,,,,0.00,,,,,,,false,false,12,2016-04-01,2017-03-31,0
2016-10-28,54760,2017-03-31,2,,,,,,,,,,,,,,,,,,,,,,,,,,,,,,,,,146876174,292866,146585023,false,false,6,2016-04-01,2016-09-30,0
2016-10-28,54760,2016-03-31,2,,,,,,,,,,,,,,,,,,,,,,,,,,,,,,,,,,,146594133,false,false,6,2015-04-01,2015-09-30,-1
2016-10-28,54760,2017-03-31,,17732000000,-0.004,,,,,241000000,0.096,308000000,0.342,,227000000,,1.55,,,,,,,,,,,,,,,,,,,,,,true,true,6,2016-04-01,2016-09-30,0
2016-10-28,54760,2016-03-31,,19476000000,,,,,,761000000,,818000000,,,647000000,,4.42,,,,,,,,,,,,,,,,,,,,,,true,false,6,2015-04-01,2015-09-30,-1
2017-02-02,54760,2017-03-31,3,26887000000,-0.065,,,,,476000000,-0.572,594000000,-0.506,,364000000,,2.49,,,,,,39795000000,19751000000,0.496,134.75,19751000000,,,,,,,,,,,,true,false,9,2016-04-01,2016-12-31,0
2017-02-02,54760,2016-03-31,3,28743000000,-0.068,,,,,1111000000,0.169,1202000000,0.206,,813000000,,5.55,,,,,,,,,,,,,,,,,,,,,,true,false,9,2015-04-01,2015-12-31,-1
2017-02-02,54760,2017-03-31,3,35900000000,-0.061,,,,,790000000,-0.407,910000000,-0.383,,710000000,,4.84,,,,,,,,,,,,,,,,,,,,,,true,true,12,2016-04-01,2017-03-31,0
2017-02-02,54760,2016-03-31,3,,,,,,,,,,,,,,,,,,,,39955000000,19472000000,0.487,132.84,19472000000,,,,,,,,,,,,true,false,12,2015-04-01,2016-03-31,-1
2017-02-02,54760,2016-03-31,3,,,,,,,,,,,,,,,,,,,,,,,,,,,,,1.50,,,,146876174,290364,,false,false,12,2015-04-01,2016-03-31,-1
2017-02-02,54760,2017-03-31,3,,,,,,,,,,,,,,,,,,,,,,,,,,,,,0.00,,,,,,,false,false,12,2016-04-01,2017-03-31,0
2017-02-02,54760,2017-03-31,3,,,,,,,,,,,,,,,,,,,,,,,,,,,,,,,,,146876174,295715,146584040,false,false,9,2016-04-01,2016-12-31,0
2017-02-02,54760,2016-03-31,3,,,,,,,,,,,,,,,,,,,,,,,,,,,,,,,,,,,146592398,false,false,9,2015-04-01,2015-12-31,-1
2017-04-28,54760,2017-03-31,,36337000000,-0.050,,,,,671000000,-0.496,836000000,-0.433,,688000000,,4.70,,0.035,0.021,0.018,,40551000000,20058000000,0.495,136.85,20058000000,2539000000,-1889000000,-170000000,1516000000,,0.319,,,,,,true,false,12,2016-04-01,2017-03-31,0
2017-04-28,54760,2016-03-31,,38252000000,-0.063,,,,,1331000000,0.066,1475000000,0.108,,1046000000,,7.14,,0.055,0.037,0.035,,39955000000,19472000000,0.487,132.84,19472000000,2207000000,-1119000000,-507000000,1036000000,,0.210,,,,,,true,false,12,2015-04-01,2016-03-31,-1
2017-04-28,54760,2018-03-31,,19500000000,0.100,,,,,400000000,0.659,410000000,0.329,,300000000,,2.05,,,,,,,,,,,,,,,,,,,,,,true,true,6,2017-04-01,2017-09-30,1
2017-04-28,54760,2018-03-31,,39400000000,0.084,,,,,1000000000,0.489,1050000000,0.255,,750000000,,5.12,,,,,,,,,,,,,,,,,,,,,,true,true,12,2017-04-01,2018-03-31,1
2017-04-28,54760,2017-03-31,,22988000000,-0.091,,,,,-195000000,,67000000,-0.927,214000000,,-0.672,1.46,,,,,,32464000000,19318000000,0.595,131.79,19318000000,,,,,1.50,,,,146876174,296865,146583010,false,false,12,2016-04-01,2017-03-31,0
2017-04-28,54760,2016-03-31,,25279000000,-0.084,,,,,672000000,-0.213,919000000,-0.141,652000000,,-0.464,4.45,,,,,,32723000000,19245000000,0.588,131.29,19245000000,,,,,1.50,,,,146876174,290364,146590932,false,false,12,2015-04-01,2016-03-31,-1
,54760,2017-03-31,,,,,,,,,,,,,,,,,,,,,,,,,,,,,,1.50,,,,,,,false,true,12,2016-04-01,2017-03-31,0
,54760,2017-03-31,,,,,,,,,,,,,,,,,,,,,,,,,,,,,,0.00,,,,,,,false,false,12,2016-04-01,2017-03-31,0
,54760,2016-03-31,,,,,,,,,,,,,,,,,,,,,,,,,,,,,,1.50,,,,,,,false,false,12,2015-04-01,2016-03-31,-1
2017-07-28,54760,2018-03-31,1,10014000000,0.114,,,,,519000000,4.970,543000000,2.611,,493000000,,3.37,,,,,,41905000000,20371000000,0.486,138.98,20371000000,,,,,,,,,,,,true,false,3,2017-04-01,2017-06-30,0
2017-07-28,54760,2017-03-31,1,8989000000,-0.089,,,,,87000000,-0.842,150000000,-0.746,,191000000,,1.31,,,,,,,,,,,,,,,,,,,,,,true,false,3,2016-04-01,2016-06-30,-1
2017-07-28,54760,2018-03-31,1,20000000000,0.128,,,,,680000000,1.820,700000000,1.269,,600000000,,40.93,,,,,,,,,,,,,,,,,,,,,,true,true,6,2017-04-01,2017-09-30,0
2017-07-28,54760,2018-03-31,1,39900000000,0.098,,,,,1280000000,0.906,1340000000,0.602,,1050000000,,71.63,,,,,,,,,,,,,,,,,,,,,,true,true,12,2017-04-01,2018-03-31,0
2017-07-28,54760,2017-03-31,1,,,,,,,,,,,,,,,,,,,,40551000000,20058000000,0.495,136.85,20058000000,,,,,,,,,,,,true,false,12,2016-04-01,2017-03-31,-1
2017-07-28,54760,2017-03-31,1,,,,,,,,,,,,,,,,,,,,,,,,,,,,,1.50,,,,146876174,296865,,false,false,12,2016-04-01,2017-03-31,-1
2017-07-28,54760,2018-03-31,1,,,,,,,,,,,,,,,,,,,,,,,,,,,,,,,,,146876174,298215,146578697,false,false,3,2017-04-01,2017-06-30,0
2017-07-28,54760,2017-03-31,1,,,,,,,,,,,,,,,,,,,,,,,,,,,,,,,,,,,146585660,false,false,3,2016-04-01,2016-06-30,-1
2017-07-28,54760,2018-03-31,,20000000000,0.026,,,,,680000000,0.700,700000000,0.707,,600000000,,40.93,,,,,,,,,,,,,,,,,,,,,,true,true,6,2017-04-01,2017-09-30,0
2017-07-28,54760,2017-03-31,,17732000000,,,,,,241000000,,308000000,,,227000000,,1.55,,,,,,,,,,,,,,,,,,,,,,true,false,6,2016-04-01,2016-09-30,-1
2017-07-28,54760,2018-03-31,,39900000000,0.013,,,,,1280000000,0.280,1340000000,0.276,,1050000000,,71.63,,,,,,,,,,,,,,,,,,,,,,true,true,12,2017-04-01,2018-03-31,0
2017-07-28,54760,2017-03-31,,36337000000,,,,,,671000000,,836000000,,,688000000,,4.70,,,,,,,,,,,,,,,,,,,,,,true,false,12,2016-04-01,2017-03-31,-1
2017-10-30,54760,2018-03-31,2,19758000000,0.114,,,,,743000000,2.084,775000000,1.513,,621000000,,42.37,,,,,,42163000000,20541000000,0.487,1401.43,20541000000,,,,,,,,,,,,true,false,6,2017-04-01,2017-09-30,0
2017-10-30,54760,2017-03-31,2,17732000000,-0.090,,,,,241000000,-0.684,308000000,-0.623,,227000000,,15.55,,,,,,,,,,,,,,,,,,,,,,true,false,6,2016-04-01,2016-09-30,-1
2017-10-30,54760,2018-03-31,2,40100000000,0.104,,,,,1430000000,1.130,1500000000,0.793,,1180000000,,80.50,,,,,,,,,,,,,,,,,,,,,,true,true,12,2017-04-01,2018-03-31,0
2017-10-30,54760,2017-03-31,2,,,,,,,,,,,,,,,,,,,,40551000000,20058000000,0.495,1368.46,20058000000,,,,,,,,,,,,true,false,12,2016-04-01,2017-03-31,-1
2017-10-30,54760,2017-03-31,2,,,,,,,,,,,,,,,,,,,,,,,,,,,,,1.50,,,,14687617,29686,,false,false,12,2016-04-01,2017-03-31,-1
2017-10-30,54760,2018-03-31,2,,,,,,,,,,,,,,,,,,,,,,,,,,,,,0.00,,,,,,,false,false,12,2017-04-01,2018-03-31,0
2017-10-30,54760,2018-03-31,2,,,,,,,,,,,,,,,,,,,,,,,,,,,,,,,,,14687617,29976,14657788,false,false,6,2017-04-01,2017-09-30,0
2017-10-30,54760,2017-03-31,2,,,,,,,,,,,,,,,,,,,,,,,,,,,,,,,,,,,14658502,false,false,6,2016-04-01,2016-09-30,-1
2018-02-01,54760,2018-03-31,3,29637000000,0.102,,,,,971000000,1.040,1037000000,0.745,,666000000,,45.48,,,,,,42683000000,20645000000,0.484,1408.56,20645000000,,,,,,,,,,,,true,false,9,2017-04-01,2017-12-31,0
2018-02-01,54760,2017-03-31,3,26887000000,-0.065,,,,,476000000,-0.572,594000000,-0.506,,364000000,,24.89,,,,,,,,,,,,,,,,,,,,,,true,false,9,2016-04-01,2016-12-31,-1
2018-02-01,54760,2018-03-31,3,40000000000,0.101,,,,,1000000000,0.489,1100000000,0.315,,770000000,,52.53,,,,,,,,,,,,,,,,,,,,,,true,true,12,2017-04-01,2018-03-31,0
2018-02-01,54760,2017-03-31,3,,,,,,,,,,,,,,,,,,,,40551000000,20058000000,0.495,1368.46,20058000000,,,,,,,,,,,,true,false,12,2016-04-01,2017-03-31,-1
2018-02-01,54760,2017-03-31,3,,,,,,,,,,,,,,,,,,,,,,,,,,,,,1.50,,,,14687617,29686,,false,false,12,2016-04-01,2017-03-31,-1
2018-02-01,54760,2018-03-31,3,,,,,,,,,,,,,,,,,,,,,,,,,,,,,0.00,,,,,,,false,false,12,2017-04-01,2018-03-31,0
2018-02-01,54760,2018-03-31,3,,,,,,,,,,,,,,,,,,,,,,,,,,,,,15.00,,,,,,,false,true,12,2017-04-01,2018-03-31,0
2018-02-01,54760,2018-03-31,3,,,,,,,,,,,,,,,,,,,,,,,,,,,,,,,,,14687617,30607,14657581,false,false,9,2017-04-01,2017-12-31,0
2018-02-01,54760,2017-03-31,3,,,,,,,,,,,,,,,,,,,,,,,,,,,,,,,,,,,14658404,false,false,9,2016-04-01,2016-12-31,-1
2018-02-01,54760,2018-03-31,,40000000000,-0.002,,,,,1000000000,-0.301,1100000000,-0.267,,770000000,,52.53,,,,,,,,,,,,,,,,,,,,,,true,true,12,2017-04-01,2018-03-31,0
2018-02-01,54760,2017-03-31,,36337000000,,,,,,671000000,,836000000,,,688000000,,46.95,,,,,,,,,,,,,,,,,,,,,,true,false,12,2016-04-01,2017-03-31,-1
2018-02-01,54760,2018-03-31,,,,,,,,,,,,,,,,,,,,,,,,,,,,,,15.00,,,,,,,false,true,12,2017-04-01,2018-03-31,0
2018-02-01,54760,2018-03-31,,,,,,,,,,,,,,,,,,,,,,,,,,,,,,0.00,,,,,,,false,false,12,2017-04-01,2018-03-31,0
2018-02-01,54760,2017-03-31,,,,,,,,,,,,,,,,,,,,,,,,,,,,,,1.50,,,,,,,false,false,12,2016-04-01,2017-03-31,-1
2018-04-27,54760,2018-03-31,,39445000000,0.086,,,,,1148000000,0.710,1284000000,0.535,,856000000,,58.46,,0.042,0.030,0.029,,44355000000,20822000000,0.469,1420.69,20822000000,1498000000,-3143000000,635000000,507000000,,0.257,,,,,,true,false,12,2017-04-01,2018-03-31,0
2018-04-27,54760,2017-03-31,,36337000000,-0.050,,,,,671000000,-0.496,836000000,-0.433,,688000000,,46.95,,0.035,0.021,0.018,,40551000000,20058000000,0.495,1368.46,20058000000,2539000000,-1889000000,-170000000,1516000000,,0.319,,,,,,true,false,12,2016-04-01,2017-03-31,-1
2018-04-27,54760,2019-03-31,,21300000000,0.078,,,,,470000000,-0.368,470000000,-0.394,,320000000,,21.83,,,,,,,,,,,,,,,,,,,,,,true,true,6,2018-04-01,2018-09-30,1
2018-04-27,54760,2019-03-31,,43500000000,0.103,,,,,1000000000,-0.129,1040000000,-0.190,,620000000,,42.30,,,,,,,,,,,,,,,,,,,,,,true,true,12,2018-04-01,2019-03-31,1
2018-04-27,54760,2018-03-31,,24609000000,0.071,,,,,305000000,,573000000,7.555,467000000,,1.186,31.92,,,,,,35194000000,19633000000,0.558,1339.53,19633000000,,,,,15.00,,,,14687617,30717,14657429,false,false,12,2017-04-01,2018-03-31,0
2018-04-27,54760,2017-03-31,,22988000000,-0.091,,,,,-195000000,,67000000,-0.927,214000000,,-0.672,14.60,,,,,,32464000000,19318000000,0.595,1317.93,19318000000,,,,,1.50,,,,14687617,29686,14658301,false,false,12,2016-04-01,2017-03-31,-1
2018-07-30,54760,2019-03-31,1,10519000000,0.050,,,,,328000000,-0.368,358000000,-0.340,,333000000,,22.73,,,,,,46156000000,20919000000,0.453,1427.30,20919000000,,,,,,,,,,,,true,false,3,2018-04-01,2018-06-30,0
2018-07-30,54760,2018-03-31,1,10014000000,0.114,,,,,519000000,4.970,543000000,2.611,,493000000,,33.65,,,,,,,,,,,,,,,,,,,,,,true,false,3,2017-04-01,2017-06-30,-1
2018-07-30,54760,2019-03-31,1,21300000000,0.078,,,,,470000000,-0.368,470000000,-0.394,,320000000,,21.83,,,,,,,,,,,,,,,,,,,,,,true,true,6,2018-04-01,2018-09-30,0
2018-07-30,54760,2019-03-31,1,43500000000,0.103,,,,,1000000000,-0.129,1040000000,-0.190,,620000000,,42.30,,,,,,,,,,,,,,,,,,,,,,true,true,12,2018-04-01,2019-03-31,0
2018-07-30,54760,2018-03-31,1,,,,,,,,,,,,,,,,,,,,44297000000,20822000000,0.470,1420.69,20822000000,,,,,,,,,,,,true,false,12,2017-04-01,2018-03-31,-1
2018-07-30,54760,2018-03-31,1,,,,,,,,,,,,,,,,,,,,,,,,,,,,,15.00,,,,14687617,30717,,false,false,12,2017-04-01,2018-03-31,-1
2018-07-30,54760,2019-03-31,1,,,,,,,,,,,,,,,,,,,,,,,,,,,,,,,,,14687617,30757,14656882,false,false,3,2018-04-01,2018-06-30,0
2018-07-30,54760,2018-03-31,1,,,,,,,,,,,,,,,,,,,,,,,,,,,,,,,,,,,14657869,false,false,3,2017-04-01,2017-06-30,-1
2018-10-30,54760,2019-03-31,2,20605000000,0.043,,,,,428000000,-0.423,460000000,-0.406,,238000000,,16.27,,,,,,46610000000,20868000000,0.448,1423.81,20868000000,,,,,,,,,,,,true,false,6,2018-04-01,2018-09-30,0
2018-10-30,54760,2018-03-31,2,19758000000,0.114,,,,,743000000,2.084,775000000,1.513,,621000000,,42.37,,,,,,,,,,,,,,,,,,,,,,true,false,6,2017-04-01,2017-09-30,-1
2018-10-30,54760,2019-03-31,2,43500000000,0.103,,,,,1000000000,-0.129,1040000000,-0.190,,490000000,,33.43,,,,,,,,,,,,,,,,,,,,,,true,true,12,2018-04-01,2019-03-31,0
2018-10-30,54760,2018-03-31,2,,,,,,,,,,,,,,,,,,,,44297000000,20822000000,0.470,1420.69,20822000000,,,,,,,,,,,,true,false,12,2017-04-01,2018-03-31,-1
2018-10-30,54760,2018-03-31,2,,,,,,,,,,,,,,,,,,,,,,,,,,,,,15.00,,,,14687617,30717,,false,false,12,2017-04-01,2018-03-31,-1
2018-10-30,54760,2019-03-31,2,,,,,,,,,,,,,,,,,,,,,,,,,,,,,0.00,,,,,,,false,false,12,2018-04-01,2019-03-31,0
2018-10-30,54760,2019-03-31,2,,,,,,,,,,,,,,,,,,,,,,,,,,,,,,,,,14687617,30918,14656833,false,false,6,2018-04-01,2018-09-30,0
2018-10-30,54760,2018-03-31,2,,,,,,,,,,,,,,,,,,,,,,,,,,,,,,,,,,,14657788,false,false,6,2017-04-01,2017-09-30,-1
2019-02-01,54760,2019-03-31,3,31104000000,0.049,,,,,632000000,-0.348,705000000,-0.320,,216000000,,14.80,,,,,,47574000000,20681000000,0.435,1411.07,20681000000,,,,,,,,,,,,true,false,9,2018-04-01,2018-12-31,0
2019-02-01,54760,2018-03-31,3,29637000000,0.102,,,,,971000000,1.040,1037000000,0.745,,666000000,,45.48,,,,,,,,,,,,,,,,,,,,,,true,false,9,2017-04-01,2017-12-31,-1
2019-02-01,54760,2019-03-31,3,41500000000,0.052,,,,,640000000,-0.443,750000000,-0.416,,210000000,,14.33,,,,,,,,,,,,,,,,,,,,,,true,true,12,2018-04-01,2019-03-31,0
2019-02-01,54760,2018-03-31,3,,,,,,,,,,,,,,,,,,,,44297000000,20822000000,0.470,1420.69,20822000000,,,,,,,,,,,,true,false,12,2017-04-01,2018-03-31,-1
2019-02-01,54760,2018-03-31,3,,,,,,,,,,,,,,,,,,,,,,,,,,,,,15.00,,,,14687617,30717,,false,false,12,2017-04-01,2018-03-31,-1
2019-02-01,54760,2019-03-31,3,,,,,,,,,,,,,,,,,,,,,,,,,,,,,0.00,,,,,,,false,false,12,2018-04-01,2019-03-31,0
2019-02-01,54760,2019-03-31,3,,,,,,,,,,,,,,,,,,,,,,,,,,,,,,,,,14687617,31177,14656753,false,false,9,2018-04-01,2018-12-31,0
2019-02-01,54760,2018-03-31,3,,,,,,,,,,,,,,,,,,,,,,,,,,,,,,,,,,,14657581,false,false,9,2017-04-01,2017-12-31,-1
2019-02-01,54760,2019-03-31,,41500000000,-0.046,,,,,640000000,-0.360,750000000,-0.279,,210000000,,14.33,,,,,,,,,,,,,,,,,,,,,,true,true,12,2018-04-01,2019-03-31,0
2019-02-01,54760,2018-03-31,,39445000000,,,,,,1148000000,,1284000000,,,856000000,,58.46,,,,,,,,,,,,,,,,,,,,,,true,false,12,2017-04-01,2018-03-31,-1
2019-04-26,54760,2019-03-31,,41317000000,0.047,,,,,748000000,-0.348,846000000,-0.341,,244000000,,16.67,,0.012,0.018,0.018,,48016000000,20688000000,0.431,1411.58,20688000000,-285000000,-3278000000,3320000000,264000000,,0.900,,,,,,true,false,12,2018-04-01,2019-03-31,0
2019-04-26,54760,2018-03-31,,39445000000,0.086,,,,,1148000000,0.710,1284000000,0.535,,856000000,,58.46,,0.042,0.030,0.029,,44297000000,20822000000,0.470,1420.69,20822000000,1498000000,-3143000000,635000000,507000000,,0.257,,,,,,true,false,12,2017-04-01,2018-03-31,-1
2019-04-26,54760,2020-03-31,,21000000000,0.019,,,,,-270000000,,-280000000,,,-260000000,,-17.74,,,,,,,,,,,,,,,,,,,,,,true,true,6,2019-04-01,2019-09-30,1
2019-04-26,54760,2020-03-31,,43300000000,0.048,,,,,220000000,-0.706,230000000,-0.728,,220000000,,15.01,,,,,,,,,,,,,,,,,,,,,,true,true,12,2019-04-01,2020-03-31,1
2019-04-26,54760,2019-03-31,,25920000000,0.053,,,,,48000000,-0.841,269000000,-0.530,-84000000,,,-5.75,,,,,,38522000000,19187000000,0.498,1309.15,19187000000,,,,,15.00,,,,14687617,31317,14656659,false,false,12,2018-04-01,2019-03-31,0
2019-04-26,54760,2018-03-31,,24609000000,0.071,,,,,305000000,,573000000,7.555,467000000,,1.186,31.92,,,,,,35129000000,19633000000,0.559,1339.53,19633000000,,,,,15.00,,,,14687617,30717,14657429,false,false,12,2017-04-01,2018-03-31,-1
,54760,2019-03-31,,,,,,,,,,,,,,,,,,,,,,,,,,,,,,15.00,,,,,,,false,true,12,2018-04-01,2019-03-31,0
,54760,2019-03-31,,,,,,,,,,,,,,,,,,,,,,,,,,,,,,0.00,,,,,,,false,false,12,2018-04-01,2019-03-31,0
,54760,2018-03-31,,,,,,,,,,,,,,,,,,,,,,,,,,,,,,15.00,,,,,,,false,false,12,2017-04-01,2018-03-31,-1
2019-07-31,54760,2020-03-31,1,9659000000,-0.082,,,,,-248000000,,-203000000,,,-309000000,,-21.12,,,,,,48072000000,20152000000,0.419,1375.00,20152000000,,,,,,,,,,,,true,false,3,2019-04-01,2019-06-30,0
2019-07-31,54760,2019-03-31,1,10519000000,0.050,,,,,328000000,-0.368,358000000,-0.340,,333000000,,22.73,,,,,,,,,,,,,,,,,,,,,,true,false,3,2018-04-01,2018-06-30,-1
2019-07-31,54760,2020-03-31,1,19800000000,-0.039,,,,,-540000000,,-510000000,,,-530000000,,-36.16,,,,,,,,,,,,,,,,,,,,,,true,true,6,2019-04-01,2019-09-30,0
2019-07-31,54760,2020-03-31,1,42100000000,0.019,,,,,-50000000,,0,-1.000,,-50000000,,-3.41,,,,,,,,,,,,,,,,,,,,,,true,true,12,2019-04-01,2020-03-31,0
2019-07-31,54760,2019-03-31,1,,,,,,,,,,,,,,,,,,,,48016000000,20688000000,0.431,1411.58,20688000000,,,,,,,,,,,,true,false,12,2018-04-01,2019-03-31,-1
2019-07-31,54760,2019-03-31,1,,,,,,,,,,,,,,,,,,,,,,,,,,,,,15.00,,,,14687617,31317,,false,false,12,2018-04-01,2019-03-31,-1
2019-07-31,54760,2020-03-31,1,,,,,,,,,,,,,,,,,,,,,,,,,,,,,,,,,14687617,31317,14656300,false,false,3,2019-04-01,2019-06-30,0
2019-07-31,54760,2019-03-31,1,,,,,,,,,,,,,,,,,,,,,,,,,,,,,,,,,,,14656882,false,false,3,2018-04-01,2018-06-30,-1
2019-07-31,54760,2020-03-31,,19800000000,-0.057,,,,,-540000000,,-510000000,,,-530000000,,-36.16,,,,,,,,,,,,,,,,,,,,,,true,true,6,2019-04-01,2019-09-30,0
2019-07-31,54760,2019-03-31,,20605000000,,,,,,428000000,,460000000,,,238000000,,16.27,,,,,,,,,,,,,,,,,,,,,,true,false,6,2018-04-01,2018-09-30,-1
2019-07-31,54760,2020-03-31,,42100000000,-0.028,,,,,-50000000,,0,-1.000,,-50000000,,-3.41,,,,,,,,,,,,,,,,,,,,,,true,true,12,2019-04-01,2020-03-31,0
2019-07-31,54760,2019-03-31,,41317000000,,,,,,748000000,,846000000,,,244000000,,16.67,,,,,,,,,,,,,,,,,,,,,,true,false,12,2018-04-01,2019-03-31,-1
2019-10-31,54760,2020-03-31,2,19059000000,-0.075,,,,,-726000000,,-689000000,,,-771000000,,-52.67,,,,,,46371000000,19702000000,0.425,1344.32,19702000000,,,,,,,,,,,,true,false,6,2019-04-01,2019-09-30,0
2019-10-31,54760,2019-03-31,2,20605000000,0.043,,,,,428000000,-0.423,460000000,-0.406,,238000000,,16.27,,,,,,,,,,,,,,,,,,,,,,true,false,6,2018-04-01,2018-09-30,-1
2019-10-31,54760,2020-03-31,2,40000000000,-0.032,,,,,-410000000,,-340000000,,,-450000000,,-30.70,,,,,,,,,,,,,,,,,,,,,,true,true,12,2019-04-01,2020-03-31,0
2019-10-31,54760,2019-03-31,2,,,,,,,,,,,,,,,,,,,,48016000000,20688000000,0.431,1411.58,20688000000,,,,,,,,,,,,true,false,12,2018-04-01,2019-03-31,-1
2019-10-31,54760,2019-03-31,2,,,,,,,,,,,,,,,,,,,,,,,,,,,,,15.00,,,,14687617,31317,,false,false,12,2018-04-01,2019-03-31,-1
2019-10-31,54760,2020-03-31,2,,,,,,,,,,,,,,,,,,,,,,,,,,,,,0.00,,,,,,,false,false,12,2019-04-01,2020-03-31,0
2019-10-31,54760,2020-03-31,2,,,,,,,,,,,,,,,,,,,,,,,,,,,,,,,,,14687617,31397,14656271,false,false,6,2019-04-01,2019-09-30,0
2019-10-31,54760,2019-03-31,2,,,,,,,,,,,,,,,,,,,,,,,,,,,,,,,,,,,14656833,false,false,6,2018-04-01,2018-09-30,-1
2019-10-31,54760,2020-03-31,,19059000000,-0.037,,,,,-726000000,,-689000000,,,-771000000,,-52.67,,,,,,,,,,,,,,,,,,,,,,true,true,6,2019-04-01,2019-09-30,0
2019-10-31,54760,2019-03-31,,20605000000,,,,,,428000000,,460000000,,,238000000,,16.27,,,,,,,,,,,,,,,,,,,,,,true,false,6,2018-04-01,2018-09-30,-1
2019-10-31,54760,2020-03-31,,40000000000,-0.050,,,,,-410000000,,-340000000,,,-450000000,,-30.70,,,,,,,,,,,,,,,,,,,,,,true,true,12,2019-04-01,2020-03-31,0
2019-10-31,54760,2019-03-31,,41317000000,,,,,,748000000,,846000000,,,244000000,,16.67,,,,,,,,,,,,,,,,,,,,,,true,false,12,2018-04-01,2019-03-31,-1
2020-02-04,54760,2020-03-31,3,28207000000,-0.093,,,,,-870000000,,-822000000,,,-1065000000,,-72.72,,,,,,46432000000,19447000000,0.419,1326.92,19447000000,,,,,,,,,,,,true,false,9,2019-04-01,2019-12-31,0
2020-02-04,54760,2019-03-31,3,31104000000,0.049,,,,,632000000,-0.348,705000000,-0.320,,216000000,,14.80,,,,,,,,,,,,,,,,,,,,,,true,false,9,2018-04-01,2018-12-31,-1
2020-02-04,54760,2020-03-31,3,37300000000,-0.097,,,,,-100000000,,-30000000,,,-130000000,,-8.87,,,,,,,,,,,,,,,,,,,,,,true,true,12,2019-04-01,2020-03-31,0
2020-02-04,54760,2019-03-31,3,,,,,,,,,,,,,,,,,,,,48016000000,20688000000,0.431,1411.58,20688000000,,,,,,,,,,,,true,false,12,2018-04-01,2019-03-31,-1
2020-02-04,54760,2019-03-31,3,,,,,,,,,,,,,,,,,,,,,,,,,,,,,15.00,,,,14687617,31317,,false,false,12,2018-04-01,2019-03-31,-1
2020-02-04,54760,2020-03-31,3,,,,,,,,,,,,,,,,,,,,,,,,,,,,,0.00,,,,,,,false,false,12,2019-04-01,2020-03-31,0
2020-02-04,54760,2020-03-31,3,,,,,,,,,,,,,,,,,,,,,,,,,,,,,0.00,,,,,,,false,true,12,2019-04-01,2020-03-31,0
2020-02-04,54760,2020-03-31,3,,,,,,,,,,,,,,,,,,,,,,,,,,,,,,,,,14687617,31527,14656234,false,false,9,2019-04-01,2019-12-31,0
2020-02-04,54760,2019-03-31,3,,,,,,,,,,,,,,,,,,,,,,,,,,,,,,,,,,,14656753,false,false,9,2018-04-01,2018-12-31,-1
2020-02-04,54760,2020-03-31,,37300000000,-0.068,,,,,-100000000,,-30000000,,,-130000000,,-8.87,,,,,,,,,,,,,,,,,,,,,,true,true,12,2019-04-01,2020-03-31,0
2020-02-04,54760,2019-03-31,,41317000000,,,,,,748000000,,846000000,,,244000000,,16.67,,,,,,,,,,,,,,,,,,,,,,true,false,12,2018-04-01,2019-03-31,-1
2020-02-04,54760,2020-03-31,,,,,,,,,,,,,,,,,,,,,,,,,,,,,,0.00,,,,,,,false,true,12,2019-04-01,2020-03-31,0
2020-02-04,54760,2020-03-31,,,,,,,,,,,,,,,,,,,,,,,,,,,,,,0.00,,,,,,,false,false,12,2019-04-01,2020-03-31,0
2020-02-04,54760,2019-03-31,,,,,,,,,,,,,,,,,,,,,,,,,,,,,,15.00,,,,,,,false,false,12,2018-04-01,2019-03-31,-1
2020-05-08,54760,2020-03-31,,37287000000,-0.098,,,,,-5000000,,62000000,-0.927,,-49000000,,-3.36,,-0.002,0.001,-0.000,,47222000000,21202000000,0.449,1446.70,21202000000,1737000000,-3036000000,1301000000,266000000,,,,,,,,true,false,12,2019-04-01,2020-03-31,0
2020-05-08,54760,2019-03-31,,41317000000,0.047,,,,,748000000,-0.348,846000000,-0.341,,244000000,,16.67,,0.012,0.018,0.018,,48016000000,20688000000,0.431,1411.58,20688000000,-285000000,-3278000000,3320000000,264000000,,0.900,,,,,,true,false,12,2018-04-01,2019-03-31,-1
2020-05-08,54760,2020-03-31,,24327000000,-0.061,,,,,-266000000,,180000000,-0.332,245000000,,,16.76,,,,,,38658000000,19966000000,0.516,1362.34,19966000000,,,,,0.00,,,,14687617,31577,14656192,false,false,12,2019-04-01,2020-03-31,0
2020-05-08,54760,2019-03-31,,25920000000,0.053,,,,,48000000,-0.841,269000000,-0.530,-84000000,,,-5.75,,,,,,38522000000,19187000000,0.498,1309.15,19187000000,,,,,15.00,,,,14687617,31317,14656659,false,false,12,2018-04-01,2019-03-31,-1
2020-05-08,54760,2020-03-31,,37287000000,-0.000,,,,,-5000000,,62000000,,,-49000000,,-3.36,,,,,,,,,,,,,,,,,,,,,,true,true,12,2019-04-01,2020-03-31,0
2020-05-08,54760,2019-03-31,,41317000000,,,,,,748000000,,846000000,,,244000000,,16.67,,,,,,,,,,,,,,,,,,,,,,true,false,12,2018-04-01,2019-03-31,-1
2020-07-31,54760,2021-03-31,1,7536000000,-0.220,,,,,-358000000,,-263000000,,,2200000000,,150.14,,,,,,46534000000,23443000000,0.504,1599.56,23443000000,,,,,,,,,,,,true,false,3,2020-04-01,2020-06-30,0
2020-07-31,54760,2020-03-31,1,9659000000,-0.082,,,,,-248000000,,-203000000,,,-309000000,,-21.12,,,,,,,,,,,,,,,,,,,,,,true,false,3,2019-04-01,2019-06-30,-1
2020-07-31,54760,2021-03-31,1,14000000000,-0.265,,,,,-1200000000,,-1000000000,,,1600000000,,109.17,,,,,,,,,,,,,,,,,,,,,,true,true,6,2020-04-01,2020-09-30,0
2020-07-31,54760,2020-03-31,1,,,,,,,,,,,,,,,,,,,,47222000000,21202000000,0.449,1446.70,21202000000,,,,,,,,,,,,true,false,12,2019-04-01,2020-03-31,-1
2020-07-31,54760,2020-03-31,1,,,,,,,,,,,,,,,,,,,,,,,,,,,,,0.00,,,,14687617,31577,,false,false,12,2019-04-01,2020-03-31,-1
2020-07-31,54760,2021-03-31,1,,,,,,,,,,,,,,,,,,,,,,,,,,,,,0.00,,,,,,,false,true,12,2020-04-01,2021-03-31,0
2020-07-31,54760,2021-03-31,1,,,,,,,,,,,,,,,,,,,,,,,,,,,,,,,,,14687617,31617,14656010,false,false,3,2020-04-01,2020-06-30,0
2020-07-31,54760,2020-03-31,1,,,,,,,,,,,,,,,,,,,,,,,,,,,,,,,,,,,14656300,false,false,3,2019-04-01,2019-06-30,-1
2020-07-31,54760,2021-03-31,,14000000000,,,,,,-1200000000,,-1000000000,,,1600000000,,109.17,,,,,,,,,,,,,,,,,,,,,,true,true,6,2020-04-01,2020-09-30,0
2020-07-31,54760,2020-03-31,,19059000000,,,,,,-726000000,,-689000000,,,-771000000,,-52.67,,,,,,,,,,,,,,,,,,,,,,true,false,6,2019-04-01,2019-09-30,-1
2020-07-31,54760,2021-03-31,,,,,,,,,,,,,,,,,,,,,,,,,,,,,,0.00,,,,,,,false,true,12,2020-04-01,2021-03-31,0
2020-07-31,54760,2020-03-31,,,,,,,,,,,,,,,,,,,,,,,,,,,,,,0.00,,,,,,,false,false,12,2019-04-01,2020-03-31,-1
2020-10-30,54760,2021-03-31,2,14520000000,-0.238,,,,,-1491000000,,-1288000000,,,1246000000,,85.03,,,,,,44557000000,22525000000,0.506,1536.96,22525000000,,,,,,,,,,,,true,false,6,2020-04-01,2020-09-30,0
2020-10-30,54760,2020-03-31,2,19059000000,-0.075,,,,,-726000000,,-689000000,,,-771000000,,-52.67,,,,,,,,,,,,,,,,,,,,,,true,false,6,2019-04-01,2019-09-30,-1
2020-10-30,54760,2021-03-31,2,29200000000,-0.217,,,,,-2500000000,,-2200000000,,,300000000,,20.47,,,,,,,,,,,,,,,,,,,,,,true,true,12,2020-04-01,2021-03-31,0
2020-10-30,54760,2020-03-31,2,,,,,,,,,,,,,,,,,,,,47222000000,21202000000,0.449,1446.70,21202000000,,,,,,,,,,,,true,false,12,2019-04-01,2020-03-31,-1
2020-10-30,54760,2020-03-31,2,,,,,,,,,,,,,,,,,,,,,,,,,,,,,0.00,,,,14687617,31577,,false,false,12,2019-04-01,2020-03-31,-1
2020-10-30,54760,2021-03-31,2,,,,,,,,,,,,,,,,,,,,,,,,,,,,,0.00,,,,,,,false,false,12,2020-04-01,2021-03-31,0
2020-10-30,54760,2021-03-31,2,,,,,,,,,,,,,,,,,,,,,,,,,,,,,,,,,14687617,31781,14655950,false,false,6,2020-04-01,2020-09-30,0
2020-10-30,54760,2020-03-31,2,,,,,,,,,,,,,,,,,,,,,,,,,,,,,,,,,,,14656271,false,false,6,2019-04-01,2019-09-30,-1
2020-10-30,54760,2021-03-31,,29200000000,,,,,,-2500000000,,-2200000000,,,300000000,,20.47,,,,,,,,,,,,,,,,,,,,,,true,true,12,2020-04-01,2021-03-31,0
2020-10-30,54760,2020-03-31,,37287000000,,,,,,-5000000,,62000000,,,-49000000,,-3.36,,,,,,,,,,,,,,,,,,,,,,true,false,12,2019-04-01,2020-03-31,-1
2021-02-02,54760,2021-03-31,3,22477000000,-0.203,,,,,-1909000000,,-1630000000,,,844000000,,57.62,,,,,,44724000000,22108000000,0.494,1508.51,22108000000,,,,,,,,,,,,true,false,9,2020-04-01,2020-12-31,0
2021-02-02,54760,2020-03-31,3,28207000000,-0.093,,,,,-870000000,,-822000000,,,-1065000000,,-72.72,,,,,,,,,,,,,,,,,,,,,,true,false,9,2019-04-01,2019-12-31,-1
2021-02-02,54760,2021-03-31,3,30900000000,-0.171,,,,,-2500000000,,-2200000000,,,300000000,,20.47,,,,,,,,,,,,,,,,,,,,,,true,true,12,2020-04-01,2021-03-31,0
2021-02-02,54760,2020-03-31,3,,,,,,,,,,,,,,,,,,,,47222000000,21202000000,0.449,1446.70,21202000000,,,,,,,,,,,,true,false,12,2019-04-01,2020-03-31,-1
2021-02-02,54760,2020-03-31,3,,,,,,,,,,,,,,,,,,,,,,,,,,,,,0.00,,,,14687617,31577,,false,false,12,2019-04-01,2020-03-31,-1
2021-02-02,54760,2021-03-31,3,,,,,,,,,,,,,,,,,,,,,,,,,,,,,0.00,,,,,,,false,false,12,2020-04-01,2021-03-31,0
2021-02-02,54760,2021-03-31,3,,,,,,,,,,,,,,,,,,,,,,,,,,,,,0.00,,,,,,,false,true,12,2020-04-01,2021-03-31,0
2021-02-02,54760,2021-03-31,3,,,,,,,,,,,,,,,,,,,,,,,,,,,,,,,,,14687617,31893,14655900,false,false,9,2020-04-01,2020-12-31,0
2021-02-02,54760,2020-03-31,3,,,,,,,,,,,,,,,,,,,,,,,,,,,,,,,,,,,14656234,false,false,9,2019-04-01,2019-12-31,-1
,54760,2021-03-31,,,,,,,,,,,,,,,,,,,,,,,,,,,,,,0.00,,,,,,,false,true,12,2020-04-01,2021-03-31,0
,54760,2021-03-31,,,,,,,,,,,,,,,,,,,,,,,,,,,,,,0.00,,,,,,,false,false,12,2020-04-01,2021-03-31,0
,54760,2020-03-31,,,,,,,,,,,,,,,,,,,,,,,,,,,,,,0.00,,,,,,,false,false,12,2019-04-01,2020-03-31,-1
2021-05-11,54760,2021-03-31,,31516000000,-0.155,,,,,-2071000000,,-1763000000,,,-6445000000,,-439.80,,-0.358,-0.042,-0.066,,37345000000,14843000000,0.397,1012.82,14843000000,1012000000,2413000000,-2759000000,932000000,,,,,,,,true,false,12,2020-04-01,2021-03-31,0
2021-05-11,54760,2020-03-31,,37287000000,-0.098,,,,,-5000000,,62000000,-0.927,,-49000000,,-3.36,,-0.002,0.001,-0.000,,47222000000,21202000000,0.449,1446.70,21202000000,1737000000,-3036000000,1301000000,266000000,,,,,,,,true,false,12,2019-04-01,2020-03-31,-1
2021-05-11,54760,2022-03-31,,19500000000,0.343,,,,,180000000,,150000000,,,70000000,,4.78,,,,,,,,,,,,,,,,,,,,,,true,true,6,2021-04-01,2021-09-30,1
2021-05-11,54760,2022-03-31,,39000000000,0.237,,,,,700000000,,600000000,,,500000000,,34.12,,,,,,,,,,,,,,,,,,,,,,true,true,12,2021-04-01,2022-03-31,1
2021-05-11,54760,2021-03-31,,20085000000,-0.174,,,,,-1681000000,,-1452000000,,-6106000000,,,-416.65,,,,,,29041000000,13952000000,0.480,952.03,13952000000,,,,,0.00,,,,14687617,31975,14655845,false,false,12,2020-04-01,2021-03-31,0
2021-05-11,54760,2020-03-31,,24327000000,-0.061,,,,,-266000000,,180000000,-0.332,245000000,,,16.76,,,,,,38658000000,19966000000,0.516,1362.34,19966000000,,,,,0.00,,,,14687617,31577,14656192,false,false,12,2019-04-01,2020-03-31,-1
2021-08-02,54760,2022-03-31,1,10264000000,0.362,,,,,374000000,,405000000,,,301000000,,20.58,,,,,,37451000000,15140000000,0.404,1033.09,15140000000,,,,,,,,,,,,true,false,3,2021-04-01,2021-06-30,0
2021-08-02,54760,2021-03-31,1,7536000000,-0.220,,,,,-358000000,,-263000000,,,2200000000,,150.14,,,,,,,,,,,,,,,,,,,,,,true,false,3,2020-04-01,2020-06-30,-1
2021-08-02,54760,2022-03-31,1,19500000000,0.343,,,,,180000000,,150000000,,,70000000,,4.78,,,,,,,,,,,,,,,,,,,,,,true,true,6,2021-04-01,2021-09-30,0
2021-08-02,54760,2022-03-31,1,39000000000,0.237,,,,,700000000,,600000000,,,500000000,,34.12,,,,,,,,,,,,,,,,,,,,,,true,true,12,2021-04-01,2022-03-31,0
2021-08-02,54760,2021-03-31,1,,,,,,,,,,,,,,,,,,,,37345000000,14843000000,0.397,1012.82,14843000000,,,,,,,,,,,,true,false,12,2020-04-01,2021-03-31,-1
2021-08-02,54760,2021-03-31,1,,,,,,,,,,,,,,,,,,,,,,,,,,,,,0.00,,,,14687617,31975,,false,false,12,2020-04-01,2021-03-31,-1
2021-08-02,54760,2022-03-31,1,,,,,,,,,,,,,,,,,,,,,,,,,,,,,0.00,,,,,,,false,true,12,2021-04-01,2022-03-31,0
2021-08-02,54760,2022-03-31,1,,,,,,,,,,,,,,,,,,,,,,,,,,,,,,,,,14687617,32102,14655569,false,false,3,2021-04-01,2021-06-30,0
2021-08-02,54760,2021-03-31,1,,,,,,,,,,,,,,,,,,,,,,,,,,,,,,,,,,,14656010,false,false,3,2020-04-01,2020-06-30,-1
,54760,2022-03-31,,,,,,,,,,,,,,,,,,,,,,,,,,,,,,0.00,,,,,,,false,true,12,2021-04-01,2022-03-31,0
,54760,2021-03-31,,,,,,,,,,,,,,,,,,,,,,,,,,,,,,0.00,,,,,,,false,false,12,2020-04-01,2021-03-31,-1
2021-10-29,5476,2022-03-31,2,20185000000,0.390,,,,,216000000,,230000000,,,180000000,,12.32,,,,,,37022000000,15029000000,0.406,1025.53,15029000000,,,,,,,,,,,,true,false,6,2021-04-01,2021-09-30,0
2021-10-29,5476,2021-03-31,2,14520000000,-0.238,,,,,-1491000000,,-1288000000,,,1246000000,,85.03,,,,,,,,,,,,,,,,,,,,,,true,false,6,2020-04-01,2020-09-30,-1
2021-10-29,5476,2022-03-31,2,42000000000,0.333,,,,,700000000,,600000000,,,500000000,,34.12,,,,,,,,,,,,,,,,,,,,,,true,true,12,2021-04-01,2022-03-31,0
2021-10-29,5476,2021-03-31,2,,,,,,,,,,,,,,,,,,,,37345000000,14843000000,0.397,1012.82,14843000000,,,,,,,,,,,,true,false,12,2020-04-01,2021-03-31,-1
2021-10-29,5476,2021-03-31,2,,,,,,,,,,,,,,,,,,,,,,,,,,,,,0.00,,,,14687617,31975,,false,false,12,2020-04-01,2021-03-31,-1
2021-10-29,5476,2022-03-31,2,,,,,,,,,,,,,,,,,,,,,,,,,,,,,0.00,,,,,,,false,false,12,2021-04-01,2022-03-31,0
2021-10-29,5476,2022-03-31,2,,,,,,,,,,,,,,,,,,,,,,,,,,,,,,,,,14687617,32222,14655509,false,false,6,2021-04-01,2021-09-30,0
2021-10-29,5476,2021-03-31,2,,,,,,,,,,,,,,,,,,,,,,,,,,,,,,,,,,,14655950,false,false,6,2020-04-01,2020-09-30,-1
2022-02-03,5476,2022-03-31,3,30857000000,0.373,,,,,375000000,,412000000,,,132000000,,9.02,,,,,,38664000000,14979000000,0.387,1022.12,14979000000,,,,,,,,,,,,true,false,9,2021-04-01,2021-12-31,0
2022-02-03,5476,2021-03-31,3,22477000000,-0.203,,,,,-1909000000,,-1630000000,,,844000000,,57.62,,,,,,,,,,,,,,,,,,,,,,true,false,9,2020-04-01,2020-12-31,-1
2022-02-03,5476,2022-03-31,3,42000000000,0.333,,,,,500000000,,500000000,,,400000000,,27.29,,,,,,,,,,,,,,,,,,,,,,true,true,12,2021-04-01,2022-03-31,0
2022-02-03,5476,2021-03-31,3,,,,,,,,,,,,,,,,,,,,37345000000,14843000000,0.397,1012.82,14843000000,,,,,,,,,,,,true,false,12,2020-04-01,2021-03-31,-1
2022-02-03,5476,2021-03-31,3,,,,,,,,,,,,,,,,,,,,,,,,,,,,,0.00,,,,14687617,31975,,false,false,12,2020-04-01,2021-03-31,-1
2022-02-03,5476,2022-03-31,3,,,,,,,,,,,,,,,,,,,,,,,,,,,,,0.00,,,,,,,false,false,12,2021-04-01,2022-03-31,0
2022-02-03,5476,2022-03-31,3,,,,,,,,,,,,,,,,,,,,,,,,,,,,,,,,,14687617,32364,14655446,false,false,9,2021-04-01,2021-12-31,0
2022-02-03,5476,2021-03-31,3,,,,,,,,,,,,,,,,,,,,,,,,,,,,,,,,,,,14655900,false,false,9,2020-04-01,2020-12-31,-1
2022-04-28,5476,2022-03-31,,41714000000,0.324,,,,,530000000,,583000000,,,417000000,,28.50,,0.028,0.015,0.013,,39335000000,15259000000,0.388,1041.20,15259000000,481000000,-567000000,-676000000,169000000,,,,,,,,true,false,12,2021-04-01,2022-03-31,0
2022-04-28,5476,2021-03-31,,31516000000,-0.155,,,,,-2071000000,,-1763000000,,,-6445000000,,-439.80,,-0.358,-0.042,-0.066,,37345000000,14843000000,0.397,1012.82,14843000000,1012000000,2413000000,-2759000000,932000000,,,,,,,,true,false,12,2020-04-01,2021-03-31,-1
2022-04-28,5476,2023-03-31,,23500000000,0.164,,,,,0,,-100000000,,,-100000000,,-6.82,,,,,,,,,,,,,,,,,,,,,,true,true,6,2022-04-01,2022-09-30,1
2022-04-28,5476,2023-03-31,,50000000000,0.199,,,,,600000000,0.131,500000000,-0.143,,400000000,,27.29,,,,,,,,,,,,,,,,,,,,,,true,true,12,2022-04-01,2023-03-31,1
2022-04-28,5476,2022-03-31,,27794000000,0.384,,,,,376000000,,505000000,,66000000,,,4.55,,,,,,30822000000,14006000000,0.454,955.73,14006000000,,,,,0.00,,,,14687617,32384,14655397,false,false,12,2021-04-01,2022-03-31,0
2022-04-28,5476,2021-03-31,,20085000000,-0.174,,,,,-1681000000,,-1452000000,,-6106000000,,,-416.65,,,,,,29041000000,13952000000,0.480,952.03,13952000000,,,,,0.00,,,,14687617,31975,14655845,false,false,12,2020-04-01,2021-03-31,-1
2022-08-02,5476,2023-03-31,1,11261000000,0.097,,,,,276000000,-0.262,304000000,-0.247,,286000000,,19.52,,,,,,42662000000,15557000000,0.365,1061.57,15557000000,,,,,,,,,,,,true,false,3,2022-04-01,2022-06-30,0
2022-08-02,5476,2022-03-31,1,10264000000,0.362,,,,,374000000,,405000000,,,301000000,,20.58,,,,,,,,,,,,,,,,,,,,,,true,false,3,2021-04-01,2021-06-30,-1
2022-08-02,5476,2023-03-31,1,23000000000,0.139,,,,,400000000,0.848,300000000,0.303,,300000000,,20.47,,,,,,,,,,,,,,,,,,,,,,true,true,6,2022-04-01,2022-09-30,0
2022-08-02,5476,2023-03-31,1,48000000000,0.151,,,,,600000000,0.131,500000000,-0.143,,400000000,,27.29,,,,,,,,,,,,,,,,,,,,,,true,true,12,2022-04-01,2023-03-31,0
2022-08-02,5476,2022-03-31,1,,,,,,,,,,,,,,,,,,,,39335000000,15259000000,0.388,1041.20,15259000000,,,,,,,,,,,,true,false,12,2021-04-01,2022-03-31,-1
2022-08-02,5476,2022-03-31,1,,,,,,,,,,,,,,,,,,,,,,,,,,,,,0.00,,,,14687617,32384,,false,false,12,2021-04-01,2022-03-31,-1
2022-08-02,5476,2023-03-31,1,,,,,,,,,,,,,,,,,,,,,,,,,,,,,0.00,,,,,,,false,true,12,2022-04-01,2023-03-31,0
2022-08-02,5476,2023-03-31,1,,,,,,,,,,,,,,,,,,,,,,,,,,,,,,,,,14687617,32415,14655218,false,false,3,2022-04-01,2022-06-30,0
2022-08-02,5476,2022-03-31,1,,,,,,,,,,,,,,,,,,,,,,,,,,,,,,,,,,,14655569,false,false,3,2021-04-01,2021-06-30,-1
2022-10-31,5476,2023-03-31,2,22722000000,0.126,,,,,592000000,1.739,605000000,1.631,,458000000,,31.27,,,,,,42561000000,15707000000,0.369,1071.82,15707000000,,,,,,,,,,,,true,false,6,2022-04-01,2022-09-30,0
2022-10-31,5476,2022-03-31,2,20185000000,0.390,,,,,216000000,,230000000,,,180000000,,12.32,,,,,,,,,,,,,,,,,,,,,,true,false,6,2021-04-01,2021-09-30,-1
2022-10-31,5476,2023-03-31,2,46000000000,0.103,,,,,500000000,-0.057,500000000,-0.143,,400000000,,27.29,,,,,,,,,,,,,,,,,,,,,,true,true,12,2022-04-01,2023-03-31,0
2022-10-31,5476,2022-03-31,2,,,,,,,,,,,,,,,,,,,,39335000000,15259000000,0.388,1041.20,15259000000,,,,,,,,,,,,true,false,12,2021-04-01,2022-03-31,-1
2022-10-31,5476,2022-03-31,2,,,,,,,,,,,,,,,,,,,,,,,,,,,,,0.00,,,,14687617,32384,,false,false,12,2021-04-01,2022-03-31,-1
2022-10-31,5476,2023-03-31,2,,,,,,,,,,,,,,,,,,,,,,,,,,,,,0.00,,,,,,,false,false,12,2022-04-01,2023-03-31,0
2022-10-31,5476,2023-03-31,2,,,,,,,,,,,,,,,,,,,,,,,,,,,,,,,,,14687617,32445,14655202,false,false,6,2022-04-01,2022-09-30,0
2022-10-31,5476,2022-03-31,2,,,,,,,,,,,,,,,,,,,,,,,,,,,,,,,,,,,14655509,false,false,6,2021-04-01,2021-09-30,-1
2023-02-02,5476,2023-03-31,3,33988000000,0.101,,,,,1002000000,1.672,1024000000,1.483,,36000000,,2.52,,,,,,42505000000,15309000000,0.360,1044.63,15309000000,,,,,,,,,,,,true,false,9,2022-04-01,2022-12-31,0
2023-02-02,5476,2022-03-31,3,30857000000,0.373,,,,,375000000,,412000000,,,132000000,,9.02,,,,,,,,,,,,,,,,,,,,,,true,false,9,2021-04-01,2021-12-31,-1
2023-02-02,5476,2023-03-31,3,44000000000,0.055,,,,,700000000,0.320,700000000,0.199,,-200000000,,-13.65,,,,,,,,,,,,,,,,,,,,,,true,true,12,2022-04-01,2023-03-31,0
2023-02-02,5476,2022-03-31,3,,,,,,,,,,,,,,,,,,,,39335000000,15259000000,0.388,1041.20,15259000000,,,,,,,,,,,,true,false,12,2021-04-01,2022-03-31,-1
2023-02-02,5476,2022-03-31,3,,,,,,,,,,,,,,,,,,,,,,,,,,,,,0.00,,,,14687617,32384,,false,false,12,2021-04-01,2022-03-31,-1
2023-02-02,5476,2023-03-31,3,,,,,,,,,,,,,,,,,,,,,,,,,,,,,0.00,,,,,,,false,false,12,2022-04-01,2023-03-31,0
2023-02-02,5476,2023-03-31,3,,,,,,,,,,,,,,,,,,,,,,,,,,,,,,,,,14687617,32605,14655167,false,false,9,2022-04-01,2022-12-31,0
2023-02-02,5476,2022-03-31,3,,,,,,,,,,,,,,,,,,,,,,,,,,,,,,,,,,,14655446,false,false,9,2021-04-01,2021-12-31,-1
2023-02-02,54760,2023-03-31,,44000000000,-0.043,,,,,700000000,0.400,700000000,0.400,,-200000000,,-13.65,,,,,,,,,,,,,,,,,,,,,,true,true,12,2022-04-01,2023-03-31,0
2023-02-02,54760,2022-03-31,,41714000000,,,,,,530000000,,583000000,,,417000000,,28.50,,,,,,,,,,,,,,,,,,,,,,true,false,12,2021-04-01,2022-03-31,-1
2023-04-28,5476,2023-03-31,,44551000000,0.068,,,,,821000000,0.549,866000000,0.484,,-150000000,,-10.30,,-0.010,0.021,0.018,,41998000000,15136000000,0.360,1032.83,15136000000,-985000000,-354000000,1899000000,728000000,,,,,,,,true,false,12,2022-04-01,2023-03-31,0
2023-04-28,5476,2022-03-31,,41714000000,0.324,,,,,530000000,,583000000,,,417000000,,28.50,,0.028,0.015,0.013,,39335000000,15259000000,0.388,1041.20,15259000000,481000000,-567000000,-676000000,169000000,,,,,,,,true,false,12,2021-04-01,2022-03-31,-1
2023-04-28,5476,2024-03-31,,19000000000,-0.164,,,,,-500000000,,-500000000,,,,,,,,,,,,,,,,,,,,,,,,,,,true,true,6,2023-04-01,2023-09-30,1
2023-04-28,5476,2024-03-31,,43000000000,-0.035,,,,,0,-1.000,0,-1.000,,,,,,,,,,,,,,,,,,,,,,,,,,true,true,12,2023-04-01,2024-03-31,1
2023-04-28,5476,2023-03-31,,30039000000,0.081,,,,,827000000,1.197,917000000,0.814,798000000,,,54.46,,,,,,33092000000,14807000000,0.447,1010.38,14807000000,,,,,5.00,,,,14687617,32615,14655129,false,false,12,2022-04-01,2023-03-31,0
2023-04-28,5476,2022-03-31,,27794000000,0.384,,,,,376000000,,505000000,,66000000,,,4.55,,,,,,30822000000,14006000000,0.454,955.73,14006000000,,,,,0.00,,,,14687617,32384,14655397,false,false,12,2021-04-01,2022-03-31,-1
,54760,2023-03-31,,,,,,,,,,,,,,,,,,,,,,,,,,,,,,5.00,,,,,,,false,true,12,2022-04-01,2023-03-31,0
,54760,2023-03-31,,,,,,,,,,,,,,,,,,,,,,,,,,,,,,0.00,,,,,,,false,false,12,2022-04-01,2023-03-31,0
,54760,2022-03-31,,,,,,,,,,,,,,,,,,,,,,,,,,,,,,0.00,,,,,,,false,false,12,2021-04-01,2022-03-31,-1
2023-08-02,5476,2024-03-31,1,9732000000,-0.136,,,,,-128000000,,-109000000,,,786000000,,53.65,,,,,,42678000000,15908000000,0.373,1085.51,15908000000,,,,,,,,,,,,true,false,3,2023-04-01,2023-06-30,0
2023-08-02,5476,2023-03-31,1,11261000000,0.097,,,,,276000000,-0.262,304000000,-0.247,,286000000,,19.52,,,,,,,,,,,,,,,,,,,,,,true,false,3,2022-04-01,2022-06-30,-1
2023-08-02,5476,2024-03-31,1,19000000000,-0.164,,,,,-500000000,,-500000000,,,7000000000,,477.65,,,,,,,,,,,,,,,,,,,,,,true,true,6,2023-04-01,2023-09-30,0
2023-08-02,5476,2024-03-31,1,42000000000,-0.057,,,,,0,-1.000,0,-1.000,,7500000000,,511.77,,,,,,,,,,,,,,,,,,,,,,true,true,12,2023-04-01,2024-03-31,0
2023-08-02,5476,2023-03-31,1,,,,,,,,,,,,,,,,,,,,41998000000,15136000000,0.360,1032.83,15136000000,,,,,,,,,,,,true,false,12,2022-04-01,2023-03-31,-1
2023-08-02,5476,2023-03-31,1,,,,,,,,,,,,,,,,,,,,,,,,,,,,,5.00,,,,14687617,32615,,false,false,12,2022-04-01,2023-03-31,-1
2023-08-02,5476,2024-03-31,1,,,,,,,,,,,,,,,,,,,,,,,,,,,,,,,,,14687617,32645,14654987,false,false,3,2023-04-01,2023-06-30,0
2023-08-02,5476,2023-03-31,1,,,,,,,,,,,,,,,,,,,,,,,,,,,,,,,,,,,14655218,false,false,3,2022-04-01,2022-06-30,-1
2023-08-02,54760,2024-03-31,,19000000000,,,,,,-500000000,,-500000000,,,7000000000,,477.65,,,,,,,,,,,,,,,,,,,,,,true,true,6,2023-04-01,2023-09-30,0
2023-08-02,54760,2023-03-31,,22722000000,,,,,,592000000,,605000000,,,458000000,,31.27,,,,,,,,,,,,,,,,,,,,,,true,false,6,2022-04-01,2022-09-30,-1
2023-08-02,54760,2024-03-31,,42000000000,-0.023,,,,,0,,0,,,7500000000,,511.77,,,,,,,,,,,,,,,,,,,,,,true,true,12,2023-04-01,2024-03-31,0
2023-08-02,54760,2023-03-31,,44551000000,,,,,,821000000,,866000000,,,-150000000,,-10.30,,,,,,,,,,,,,,,,,,,,,,true,false,12,2022-04-01,2023-03-31,-1
2023-10-31,5476,2024-03-31,2,19144000000,-0.157,,,,,-656000000,,-660000000,,,7308000000,,498.69,,,,,,39742000000,22426000000,0.564,1530.34,22426000000,,,,,,,,,,,,true,false,6,2023-04-01,2023-09-30,0
2023-10-31,5476,2023-03-31,2,22722000000,0.126,,,,,592000000,1.739,605000000,1.631,,458000000,,31.27,,,,,,,,,,,,,,,,,,,,,,true,false,6,2022-04-01,2022-09-30,-1
2023-10-31,5476,2024-03-31,2,41000000000,-0.080,,,,,-250000000,,-200000000,,,7650000000,,522.02,,,,,,,,,,,,,,,,,,,,,,true,true,12,2023-04-01,2024-03-31,0
2023-10-31,5476,2023-03-31,2,,,,,,,,,,,,,,,,,,,,41998000000,15136000000,0.360,1032.83,15136000000,,,,,,,,,,,,true,false,12,2022-04-01,2023-03-31,-1
2023-10-31,5476,2023-03-31,2,,,,,,,,,,,,,,,,,,,,,,,,,,,,,5.00,,,,14687617,32615,,false,false,12,2022-04-01,2023-03-31,-1
2023-10-31,5476,2024-03-31,2,,,,,,,,,,,,,,,,,,,,,,,,,,,,,0.00,,,,,,,false,false,12,2023-04-01,2024-03-31,0
2023-10-31,5476,2024-03-31,2,,,,,,,,,,,,,,,,,,,,,,,,,,,,,,,,,14687617,33075,14654841,false,false,6,2023-04-01,2023-09-30,0
2023-10-31,5476,2023-03-31,2,,,,,,,,,,,,,,,,,,,,,,,,,,,,,,,,,,,14655202,false,false,6,2022-04-01,2022-09-30,-1
2024-02-02,5476,2024-03-31,3,27838000000,-0.181,,,,,-1127000000,,-1096000000,,,6875000000,,469.16,,,,,,38983000000,21970000000,0.564,1499.25,21970000000,,,,,,,,,,,,true,false,9,2023-04-01,2023-12-31,0
2024-02-02,5476,2023-03-31,3,33988000000,0.101,,,,,1002000000,1.672,1024000000,1.483,,36000000,,2.52,,,,,,,,,,,,,,,,,,,,,,true,false,9,2022-04-01,2022-12-31,-1
2024-02-02,5476,2024-03-31,3,37000000000,-0.170,,,,,-1350000000,,-1300000000,,,6600000000,,450.37,,,,,,,,,,,,,,,,,,,,,,true,true,12,2023-04-01,2024-03-31,0
2024-02-02,5476,2023-03-31,3,,,,,,,,,,,,,,,,,,,,41998000000,15136000000,0.360,1032.83,15136000000,,,,,,,,,,,,true,false,12,2022-04-01,2023-03-31,-1
2024-02-02,5476,2023-03-31,3,,,,,,,,,,,,,,,,,,,,,,,,,,,,,5.00,,,,14687617,32615,,false,false,12,2022-04-01,2023-03-31,-1
2024-02-02,5476,2024-03-31,3,,,,,,,,,,,,,,,,,,,,,,,,,,,,,0.00,,,,,,,false,false,12,2023-04-01,2024-03-31,0
2024-02-02,5476,2024-03-31,3,,,,,,,,,,,,,,,,,,,,,,,,,,,,,,,,,14687617,33145,14654741,false,false,9,2023-04-01,2023-12-31,0
2024-02-02,5476,2023-03-31,3,,,,,,,,,,,,,,,,,,,,,,,,,,,,,,,,,,,14655167,false,false,9,2022-04-01,2022-12-31,-1
2024-02-02,54760,2024-03-31,,37000000000,-0.098,,,,,-1350000000,-4.400,-1300000000,-5.500,,6600000000,,450.37,,,,,,,,,,,,,,,,,,,,,,true,true,12,2023-04-01,2024-03-31,0
2024-02-02,54760,2023-03-31,,44551000000,,,,,,821000000,,866000000,,,-150000000,,-10.30,,,,,,,,,,,,,,,,,,,,,,true,false,12,2022-04-01,2023-03-31,-1
2024-04-26,5476,2024-03-31,,36614000000,-0.178,,,,,-1635000000,,-1585000000,,,6612000000,,451.21,,0.358,-0.039,-0.045,,38958000000,21768000000,0.559,1485.48,21768000000,-2329000000,10580000000,-8150000000,830000000,,0.111,,,,,,true,false,12,2023-04-01,2024-03-31,0
2024-04-26,5476,2023-03-31,,44551000000,0.068,,,,,821000000,0.549,866000000,0.484,,-150000000,,-10.30,,-0.010,0.021,0.018,,41998000000,15136000000,0.360,1032.83,15136000000,-985000000,-354000000,1899000000,728000000,,,,,,,,true,false,12,2022-04-01,2023-03-31,-1
2024-04-26,5476,2025-03-31,,19000000000,-0.008,,,,,0,,0,,,0,,0.00,,,,,,,,,,,,,,,,,,,,,,true,true,6,2024-04-01,2024-09-30,1
2024-04-26,5476,2025-03-31,,40000000000,0.092,,,,,650000000,,700000000,,,550000000,,37.53,,,,,,,,,,,,,,,,,,,,,,true,true,12,2024-04-01,2025-03-31,1
2024-04-26,5476,2024-03-31,,25218000000,-0.160,,,,,-1045000000,,4551000000,3.960,5259000000,,5.590,358.90,,,,,,32675000000,20031000000,0.613,1366.95,20031000000,,,,,50.00,,,,14687617,33229,14654668,false,false,12,2023-04-01,2024-03-31,0
2024-04-26,5476,2023-03-31,,30039000000,0.081,,,,,827000000,1.197,917000000,0.814,798000000,,,54.46,,,,,,33092000000,14807000000,0.447,1010.38,14807000000,,,,,5.00,,,,14687617,32615,14655129,false,false,12,2022-04-01,2023-03-31,-1
,54760,2024-03-31,,,,,,,,,,,,,,,,,,,,,,,,,,,,,,50.00,,,,,,,false,true,12,2023-04-01,2024-03-31,0
,54760,2024-03-31,,,,,,,,,,,,,,,,,,,,,,,,,,,,,,0.00,,,,,,,false,false,12,2023-04-01,2024-03-31,0
,54760,2023-03-31,,,,,,,,,,,,,,,,,,,,,,,,,,,,,,5.00,,,,,,,false,false,12,2022-04-01,2023-03-31,-1
2024-08-02,5476,2025-03-31,1,8870000000,-0.089,,,,,-442000000,,-406000000,,,-331000000,,-22.63,,,,,,38648000000,20703000000,0.536,1412.80,20703000000,,,,,,,,,,,,true,false,3,2024-04-01,2024-06-30,0
2024-08-02,5476,2024-03-31,1,9732000000,-0.136,,,,,-128000000,,-109000000,,,786000000,,53.65,,,,,,,,,,,,,,,,,,,,,,true,false,3,2023-04-01,2023-06-30,-1
2024-08-02,5476,2025-03-31,1,18000000000,-0.060,,,,,-350000000,,-300000000,,,-350000000,,-23.88,,,,,,,,,,,,,,,,,,,,,,true,true,6,2024-04-01,2024-09-30,0
2024-08-02,5476,2025-03-31,1,40000000000,0.092,,,,,300000000,,400000000,,,250000000,,17.06,,,,,,,,,,,,,,,,,,,,,,true,true,12,2024-04-01,2025-03-31,0
2024-08-02,5476,2024-03-31,1,,,,,,,,,,,,,,,,,,,,38958000000,21768000000,0.559,1485.48,21768000000,,,,,,,,,,,,true,false,12,2023-04-01,2024-03-31,-1
2024-08-02,5476,2024-03-31,1,,,,,,,,,,,,,,,,,,,,,,,,,,,,,50.00,,,,14687617,33229,,false,false,12,2023-04-01,2024-03-31,-1
2024-08-02,5476,2025-03-31,1,,,,,,,,,,,,,,,,,,,,,,,,,,,,,0.00,,,,,,,false,true,12,2024-04-01,2025-03-31,0
2024-08-02,5476,2025-03-31,1,,,,,,,,,,,,,,,,,,,,,,,,,,,,,,,,,14687617,33299,14654351,false,false,3,2024-04-01,2024-06-30,0
2024-08-02,5476,2024-03-31,1,,,,,,,,,,,,,,,,,,,,,,,,,,,,,,,,,,,14654987,false,false,3,2023-04-01,2023-06-30,-1
2024-08-02,54760,2025-03-31,,18000000000,-0.053,,,,,-350000000,,-300000000,,,-350000000,,-23.88,,,,,,,,,,,,,,,,,,,,,,true,true,6,2024-04-01,2024-09-30,0
2024-08-02,54760,2024-03-31,,19144000000,,,,,,-656000000,,-660000000,,,7308000000,,498.69,,,,,,,,,,,,,,,,,,,,,,true,false,6,2023-04-01,2023-09-30,-1
2024-08-02,54760,2025-03-31,,40000000000,,,,,,300000000,-0.538,400000000,-0.429,,250000000,,17.06,,,,,,,,,,,,,,,,,,,,,,true,true,12,2024-04-01,2025-03-31,0
2024-08-02,54760,2024-03-31,,36614000000,,,,,,-1635000000,,-1585000000,,,6612000000,,451.21,,,,,,,,,,,,,,,,,,,,,,true,false,12,2023-04-01,2024-03-31,-1
2024-11-01,5476,2025-03-31,2,18179000000,-0.050,,,,,-607000000,,-579000000,,,-589000000,,-40.24,,,,,,38011000000,20415000000,0.537,1393.14,20415000000,,,,,,,,,,,,true,false,6,2024-04-01,2024-09-30,0
2024-11-01,5476,2024-03-31,2,19144000000,-0.157,,,,,-656000000,,-660000000,,,7308000000,,498.69,,,,,,,,,,,,,,,,,,,,,,true,false,6,2023-04-01,2023-09-30,-1
2024-11-01,5476,2025-03-31,2,39000000000,0.065,,,,,150000000,,200000000,,,100000000,,6.82,,,,,,,,,,,,,,,,,,,,,,true,true,12,2024-04-01,2025-03-31,0
2024-11-01,5476,2024-03-31,2,,,,,,,,,,,,,,,,,,,,38958000000,21768000000,0.559,1485.48,21768000000,,,,,,,,,,,,true,false,12,2023-04-01,2024-03-31,-1
2024-11-01,5476,2024-03-31,2,,,,,,,,,,,,,,,,,,,,,,,,,,,,,50.00,,,,14687617,33229,,false,false,12,2023-04-01,2024-03-31,-1
2024-11-01,5476,2025-03-31,2,,,,,,,,,,,,,,,,,,,,,,,,,,,,,0.00,,,,,,,false,false,12,2024-04-01,2025-03-31,0
2024-11-01,5476,2025-03-31,2,,,,,,,,,,,,,,,,,,,,,,,,,,,,,,,,,14687617,33519,14654275,false,false,6,2024-04-01,2024-09-30,0
2024-11-01,5476,2024-03-31,2,,,,,,,,,,,,,,,,,,,,,,,,,,,,,,,,,,,14654841,false,false,6,2023-04-01,2023-09-30,-1
2025-02-04,5476,2025-03-31,3,27547000000,-0.010,,,,,-644000000,,-594000000,,,-734000000,,-50.15,,,,,,39553000000,20277000000,0.513,1383.75,20277000000,,,,,,,,,,,,true,false,9,2024-04-01,2024-12-31,0
2025-02-04,5476,2024-03-31,3,27838000000,-0.181,,,,,-1127000000,,-1096000000,,,6875000000,,469.16,,,,,,,,,,,,,,,,,,,,,,true,false,9,2023-04-01,2023-12-31,-1
2025-02-04,5476,2025-03-31,3,38500000000,0.052,,,,,-600000000,,-550000000,,,-650000000,,-44.36,,,,,,,,,,,,,,,,,,,,,,true,true,12,2024-04-01,2025-03-31,0
2025-02-04,5476,2024-03-31,3,,,,,,,,,,,,,,,,,,,,38958000000,21768000000,0.559,1485.48,21768000000,,,,,,,,,,,,true,false,12,2023-04-01,2024-03-31,-1
2025-02-04,5476,2024-03-31,3,,,,,,,,,,,,,,,,,,,,,,,,,,,,,50.00,,,,14687617,33229,,false,false,12,2023-04-01,2024-03-31,-1
2025-02-04,5476,2025-03-31,3,,,,,,,,,,,,,,,,,,,,,,,,,,,,,0.00,,,,,,,false,false,12,2024-04-01,2025-03-31,0
2025-02-04,5476,2025-03-31,3,,,,,,,,,,,,,,,,,,,,,,,,,,,,,0.00,,,,,,,false,true,12,2024-04-01,2025-03-31,0
2025-02-04,5476,2025-03-31,3,,,,,,,,,,,,,,,,,,,,,,,,,,,,,,,,,14687617,33625,14654196,false,false,9,2024-04-01,2024-12-31,0
2025-02-04,5476,2024-03-31,3,,,,,,,,,,,,,,,,,,,,,,,,,,,,,,,,,,,14654741,false,false,9,2023-04-01,2023-12-31,-1
2025-02-04,54760,2025-03-31,,38500000000,-0.013,,,,,-600000000,,-550000000,,,-650000000,,-44.36,,,,,,,,,,,,,,,,,,,,,,true,true,12,2024-04-01,2025-03-31,0
2025-02-04,54760,2024-03-31,,36614000000,,,,,,-1635000000,,-1585000000,,,6612000000,,451.21,,,,,,,,,,,,,,,,,,,,,,true,false,12,2023-04-01,2024-03-31,-1
2025-02-04,54760,2025-03-31,,,,,,,,,,,,,,,,,,,,,,,,,,,,,,0.00,,,,,,,false,true,12,2024-04-01,2025-03-31,0
2025-02-04,54760,2025-03-31,,,,,,,,,,,,,,,,,,,,,,,,,,,,,,0.00,,,,,,,false,false,12,2024-04-01,2025-03-31,0
2025-02-04,54760,2024-03-31,,,,,,,,,,,,,,,,,,,,,,,,,,,,,,50.00,,,,,,,false,false,12,2023-04-01,2024-03-31,-1
2025-05-12,5476,2025-03-31,,36774000000,0.004,,,,,-787000000,,-728000000,,,-7738000000,,-528.09,,-0.437,-0.020,-0.021,,32123000000,13661000000,0.425,932.30,13661000000,-4109000000,-846000000,4329000000,204000000,,,,,,,,true,false,12,2024-04-01,2025-03-31,0
2025-05-12,5476,2024-03-31,,36614000000,-0.178,,,,,-1635000000,,-1585000000,,,6612000000,,451.21,,0.358,-0.039,-0.045,,38958000000,21768000000,0.559,1485.48,21768000000,-2329000000,10580000000,-8150000000,830000000,,0.111,,,,,,true,false,12,2023-04-01,2024-03-31,-1
2025-05-12,5476,2025-03-31,,25673000000,0.018,,,,,-727000000,,-601000000,,-7194000000,,,-490.98,,,,,,25487000000,12082000000,0.474,824.56,12082000000,,,,,0.00,,,,14687617,33685,14654143,false,false,12,2024-04-01,2025-03-31,0
2025-05-12,5476,2024-03-31,,25218000000,-0.160,,,,,-1045000000,,4551000000,3.960,5259000000,,5.590,358.90,,,,,,32675000000,20031000000,0.613,1366.95,20031000000,,,,,50.00,,,,14687617,33229,14654668,false,false,12,2023-04-01,2024-03-31,-1
