filing_date,code,fiscal_year_end,quarterly_period,net_sales,net_sales_change,revenue,revenue_change,operating_revenue,operating_revenue_change,operating_profit,operating_profit_change,ordinary_profit,ordinary_profit_change,net_income,net_income_of_parent,net_income_change,eps,diluted_eps,roe,roa,operating_profit_to_net_sales,operating_profit_to_revenue,total_assets,net_assets,equity_ratio,bps,owner_equity,operating_cash_flow,investing_cash_flow,financing_cash_flow,cash,dividend_per_share,payout_ratio,commemorative_dividend,extra_dividend,number_of_shares,number_of_treqsury_shares,avg_number_of_shares,is_consolidated,is_forecast,duration,period_start,period_end,period_pos
2015-07-31,54820,2016-03-31,1,58038000000,-0.026,,,,,3344000000,0.418,3624000000,0.493,,2212000000,,11.25,11.24,,,,,272413000000,163777000000,0.570,,155333000000,,,,,,,,,,,,true,false,3,2015-04-01,2015-06-30,0
2015-07-31,54820,2015-03-31,1,59614000000,0.011,,,,,2359000000,-0.341,2427000000,-0.376,,968000000,,4.93,4.93,,,,,,,,,,,,,,,,,,,,,true,false,3,2014-04-01,2014-06-30,-1
2015-07-31,54820,2016-03-31,1,117000000000,-0.017,,,,,5200000000,0.130,5100000000,0.063,,3200000000,,16.27,,,,,,,,,,,,,,,,,,,,,,true,true,6,2015-04-01,2015-09-30,0
2015-07-31,54820,2016-03-31,1,243700000000,0.013,,,,,11000000000,0.036,10400000000,-0.067,,6600000000,,33.55,,,,,,,,,,,,,,,,,,,,,,true,true,12,2015-04-01,2016-03-31,0
2015-07-31,54820,2015-03-31,1,,,,,,,,,,,,,,,,,,,,268064000000,161669000000,0.572,,153316000000,,,,,,,,,,,,true,false,12,2014-04-01,2015-03-31,-1
2015-07-31,54820,2015-03-31,1,,,,,,,,,,,,,,,,,,,,,,,,,,,,,10.00,,,,198866751,2157793,,false,false,12,2014-04-01,2015-03-31,-1
2015-07-31,54820,2016-03-31,1,,,,,,,,,,,,,,,,,,,,,,,,,,,,,10.00,,,,,,,false,true,12,2015-04-01,2016-03-31,0
2015-07-31,54820,2016-03-31,1,,,,,,,,,,,,,,,,,,,,,,,,,,,,,,,,,198866751,2132898,196721405,false,false,3,2015-04-01,2015-06-30,0
2015-07-31,54820,2015-03-31,1,,,,,,,,,,,,,,,,,,,,,,,,,,,,,,,,,,,196684353,false,false,3,2014-04-01,2014-06-30,-1
2015-10-30,54820,2016-03-31,2,112205000000,-0.058,,,,,6037000000,0.311,6149000000,0.281,,3822000000,,19.43,19.42,,,,,268219000000,163175000000,0.577,,154644000000,,,,,,,,,,,,true,false,6,2015-04-01,2015-09-30,0
2015-10-30,54820,2015-03-31,2,119064000000,0.004,,,,,4603000000,-0.195,4798000000,-0.190,,2395000000,,12.18,12.18,,,,,,,,,,,,,,,,,,,,,true,false,6,2014-04-01,2014-09-30,-1
2015-10-30,54820,2016-03-31,2,220800000000,-0.082,,,,,12000000000,0.130,11400000000,0.023,,7000000000,,35.58,,,,,,,,,,,,,,,,,,,,,,true,true,12,2015-04-01,2016-03-31,0
2015-10-30,54820,2015-03-31,2,,,,,,,,,,,,,,,,,,,,268064000000,161669000000,0.572,,153316000000,,,,,,,,,,,,true,false,12,2014-04-01,2015-03-31,-1
2015-10-30,54820,2015-03-31,2,,,,,,,,,,,,,,,,,,,,,,,,,,,,,10.00,,,,198866751,2157793,,false,false,12,2014-04-01,2015-03-31,-1
2015-10-30,54820,2016-03-31,2,,,,,,,,,,,,,,,,,,,,,,,,,,,,,5.00,,,,,,,false,false,12,2015-04-01,2016-03-31,0
2015-10-30,54820,2016-03-31,2,,,,,,,,,,,,,,,,,,,,,,,,,,,,,10.00,,,,,,,false,true,12,2015-04-01,2016-03-31,0
2015-10-30,54820,2016-03-31,2,,,,,,,,,,,,,,,,,,,,,,,,,,,,,,,,,198866751,2087899,196745311,false,false,6,2015-04-01,2015-09-30,0
2015-10-30,54820,2015-03-31,2,,,,,,,,,,,,,,,,,,,,,,,,,,,,,,,,,,,196685192,false,false,6,2014-04-01,2014-09-30,-1
2015-10-30,54820,2016-03-31,,220800000000,-0.094,,,,,12000000000,0.091,11400000000,0.096,,7000000000,,35.58,,,,,,,,,,,,,,,,,,,,,,true,true,12,2015-04-01,2016-03-31,0
2015-10-30,54820,2015-03-31,,240647000000,,,,,,10616000000,,11141000000,,,6023000000,,30.62,,,,,,,,,,,,,,,,,,,,,,true,false,12,2014-04-01,2015-03-31,-1
2015-10-30,54820,2016-03-31,,169000000000,-0.080,,,,,9800000000,0.181,9800000000,0.167,7000000000,,0.167,35.58,,,,,,,,,,,,,,,,,,,,,,false,true,12,2015-04-01,2016-03-31,0
2015-10-30,54820,2015-03-31,,186433000000,,,,,,8240000000,,9385000000,,5839000000,,,29.69,,,,,,,,,,,,,,,,,,,,,,false,false,12,2014-04-01,2015-03-31,-1
2016-02-03,54820,2016-03-31,3,167341000000,-0.068,,,,,9738000000,0.234,9893000000,0.154,,6308000000,,32.06,32.05,,,,,270556000000,164275000000,0.576,,155839000000,,,,,,,,,,,,true,false,9,2015-04-01,2015-12-31,0
2016-02-03,54820,2015-03-31,3,179607000000,0.012,,,,,7889000000,-0.049,8570000000,-0.022,,4816000000,,24.49,24.49,,,,,,,,,,,,,,,,,,,,,true,false,9,2014-04-01,2014-12-31,-1
2016-02-03,54820,2015-03-31,3,,,,,,,,,,,,,,,,,,,,268064000000,161669000000,0.572,,153316000000,,,,,,,,,,,,true,false,12,2014-04-01,2015-03-31,-1
2016-02-03,54820,2015-03-31,3,,,,,,,,,,,,,,,,,,,,,,,,,,,,,10.00,,,,198866751,2157793,,false,false,12,2014-04-01,2015-03-31,-1
2016-02-03,54820,2016-03-31,3,,,,,,,,,,,,,,,,,,,,,,,,,,,,,5.00,,,,,,,false,false,12,2015-04-01,2016-03-31,0
2016-02-03,54820,2016-03-31,3,,,,,,,,,,,,,,,,,,,,,,,,,,,,,,,,,198866751,2088082,196755327,false,false,9,2015-04-01,2015-12-31,0
2016-02-03,54820,2015-03-31,3,,,,,,,,,,,,,,,,,,,,,,,,,,,,,,,,,,,196685344,false,false,9,2014-04-01,2014-12-31,-1
2016-02-03,54820,2016-03-31,,220800000000,,,,,,12000000000,,11400000000,,,7000000000,,35.58,,,,,,,,,,,,,,,,,,,,,,true,true,12,2015-04-01,2016-03-31,0
2016-02-03,54820,2015-03-31,,240647000000,,,,,,10616000000,,11141000000,,,6023000000,,30.62,,,,,,,,,,,,,,,,,,,,,,true,false,12,2014-04-01,2015-03-31,-1
2016-02-03,54820,2016-03-31,,169000000000,,,,,,9800000000,,9800000000,,7000000000,,,35.58,,,,,,,,,,,,,,,10.00,,,,,,,false,true,12,2015-04-01,2016-03-31,0
2016-02-03,54820,2015-03-31,,186433000000,,,,,,8240000000,,9385000000,,5839000000,,,29.69,,,,,,,,,,,,,,,10.00,,,,,,,false,false,12,2014-04-01,2015-03-31,-1
2016-02-03,54820,2016-03-31,,,,,,,,,,,,,,,,,,,,,,,,,,,,,,5.00,,,,,,,false,false,12,2015-04-01,2016-03-31,0
2016-03-22,54820,2016-03-31,,214900000000,,,,,,3500000000,,3400000000,,-1800000000,,,-9.15,,,,,,,,,,,,,,,,,,,,,,true,true,12,2015-04-01,2016-03-31,0
2016-03-22,54820,2015-03-31,,240647000000,,,,,,10616000000,,11141000000,,6023000000,,,30.62,,,,,,,,,,,,,,,,,,,,,,true,false,12,2014-04-01,2015-03-31,-1
2016-03-22,54820,2016-03-31,,161900000000,,,,,,2000000000,,2600000000,,-1400000000,,,-7.12,,,,,,,,,,,,,,,,,,,,,,false,true,12,2015-04-01,2016-03-31,0
2016-03-22,54820,2015-03-31,,186433000000,,,,,,8240000000,,9385000000,,5839000000,,,29.69,,,,,,,,,,,,,,,,,,,,,,false,false,12,2014-04-01,2015-03-31,-1
2016-04-28,54820,2016-03-31,,214120000000,-0.110,,,,,5883000000,-0.446,5835000000,-0.476,,20000000,,0.10,0.10,0.000,0.022,0.027,,251760000000,147534000000,0.553,708.02,139344000000,25193000000,-12122000000,-9466000000,35628000000,,,,,,,,true,false,12,2015-04-01,2016-03-31,0
2016-04-28,54820,2015-03-31,,240647000000,0.014,,,,,10616000000,0.103,11141000000,0.136,,6023000000,,30.62,30.62,0.041,0.043,0.044,,268064000000,161669000000,0.572,779.41,153316000000,19336000000,-13565000000,-10158000000,32505000000,,0.327,,,,,,true,false,12,2014-04-01,2015-03-31,-1
2016-04-28,54820,2017-03-31,,102600000000,-0.086,,,,,3800000000,-0.371,3400000000,-0.447,,2200000000,,11.18,,,,,,,,,,,,,,,,,,,,,,true,true,6,2016-04-01,2016-09-30,1
2016-04-28,54820,2017-03-31,,213600000000,-0.002,,,,,12000000000,1.039,11500000000,0.971,,7500000000,,38.11,,,,,,,,,,,,,,,,0.262,,,,,,true,true,12,2016-04-01,2017-03-31,1
2016-04-28,54820,2016-03-31,,160304000000,-0.140,,,,,4045000000,-0.509,4664000000,-0.503,277000000,,-0.952,1.41,1.41,,,,,207352000000,123977000000,0.598,629.87,123962000000,,,,,10.00,,,,198866751,2059583,196762883,false,false,12,2015-04-01,2016-03-31,0
2016-04-28,54820,2015-03-31,,186433000000,0.004,,,,,8240000000,0.335,9385000000,0.357,5839000000,,0.233,29.69,29.68,,,,,210844000000,127939000000,0.607,650.20,127900000000,,,,,10.00,,,,198866751,2157793,196687093,false,false,12,2014-04-01,2015-03-31,-1
2016-04-28,54820,2017-03-31,,77700000000,-0.094,,,,,3000000000,-0.353,3000000000,-0.426,2400000000,,-0.343,12.19,,,,,,,,,,,,,,,,,,,,,,false,true,6,2016-04-01,2016-09-30,1
2016-04-28,54820,2017-03-31,,160600000000,0.002,,,,,10000000000,1.472,10000000000,1.144,7400000000,,,37.60,,,,,,,,,,,,,,,10.00,,,,,,,false,true,12,2016-04-01,2017-03-31,1
2016-04-28,54820,2016-03-31,,214120000000,-0.004,,,,,5883000000,0.681,5835000000,0.716,,20000000,,0.10,,,,,,,,,,,,,,,,,,,,,,true,true,12,2015-04-01,2016-03-31,0
2016-04-28,54820,2015-03-31,,240647000000,,,,,,10616000000,,11141000000,,,6023000000,,30.62,,,,,,,,,,,,,,,,,,,,,,true,false,12,2014-04-01,2015-03-31,-1
2016-04-28,54820,2016-03-31,,160304000000,-0.010,,,,,4045000000,1.023,4664000000,0.794,277000000,,,1.41,,,,,,,,,,,,,,,10.00,,,,,,,false,true,12,2015-04-01,2016-03-31,0
2016-04-28,54820,2015-03-31,,186433000000,,,,,,8240000000,,9385000000,,5839000000,,,29.69,,,,,,,,,,,,,,,10.00,,,,,,,false,false,12,2014-04-01,2015-03-31,-1
2016-04-28,54820,2016-03-31,,,,,,,,,,,,,,,,,,,,,,,,,,,,,,5.00,,,,,,,false,false,12,2015-04-01,2016-03-31,0
,54820,2017-03-31,,,,,,,,,,,,,,,,,,,,,,,,,,,,,,50.00,,,,,,,false,true,12,2016-04-01,2017-03-31,0
,54820,2016-03-31,,,,,,,,,,,,,,,,,,,,,,,,,,,,,,10.00,,,,,,,false,false,12,2015-04-01,2016-03-31,-1
2016-07-29,54820,2017-03-31,1,51962000000,-0.105,,,,,2945000000,-0.119,2625000000,-0.276,,1890000000,,9.60,9.60,,,,,242243000000,143537000000,0.561,,135991000000,,,,,,,,,,,,true,false,3,2016-04-01,2016-06-30,0
2016-07-29,54820,2016-03-31,1,58038000000,-0.026,,,,,3344000000,0.418,3624000000,0.493,,2212000000,,11.25,11.24,,,,,,,,,,,,,,,,,,,,,true,false,3,2015-04-01,2015-06-30,-1
2016-07-29,54820,2017-03-31,1,102600000000,-0.086,,,,,3800000000,-0.371,3400000000,-0.447,,2200000000,,11.18,,,,,,,,,,,,,,,,,,,,,,true,true,6,2016-04-01,2016-09-30,0
2016-07-29,54820,2017-03-31,1,213600000000,-0.002,,,,,12000000000,1.039,11500000000,0.971,,7500000000,,381.08,,,,,,,,,,,,,,,,,,,,,,true,true,12,2016-04-01,2017-03-31,0
2016-07-29,54820,2016-03-31,1,,,,,,,,,,,,,,,,,,,,251760000000,147534000000,0.553,,139344000000,,,,,,,,,,,,true,false,12,2015-04-01,2016-03-31,-1
2016-07-29,54820,2016-03-31,1,,,,,,,,,,,,,,,,,,,,,,,,,,,,,10.00,,,,198866751,2059583,,false,false,12,2015-04-01,2016-03-31,-1
2016-07-29,54820,2017-03-31,1,,,,,,,,,,,,,,,,,,,,,,,,,,,,,50.00,,,,,,,false,true,12,2016-04-01,2017-03-31,0
2016-07-29,54820,2017-03-31,1,,,,,,,,,,,,,,,,,,,,,,,,,,,,,,,,,198866751,2054994,196808315,false,false,3,2016-04-01,2016-06-30,0
2016-07-29,54820,2016-03-31,1,,,,,,,,,,,,,,,,,,,,,,,,,,,,,,,,,,,196721405,false,false,3,2015-04-01,2015-06-30,-1
2016-10-28,54820,2017-03-31,2,103024000000,-0.082,,,,,5798000000,-0.039,5395000000,-0.123,,3713000000,,188.70,188.67,,,,,239482000000,146390000000,0.580,,138797000000,,,,,,,,,,,,true,false,6,2016-04-01,2016-09-30,0
2016-10-28,54820,2016-03-31,2,112205000000,-0.058,,,,,6037000000,0.311,6149000000,0.281,,3822000000,,194.29,194.21,,,,,,,,,,,,,,,,,,,,,true,false,6,2015-04-01,2015-09-30,-1
2016-10-28,54820,2017-03-31,2,208600000000,-0.026,,,,,12000000000,1.039,11500000000,0.971,,7500000000,,381.08,,,,,,,,,,,,,,,,,,,,,,true,true,12,2016-04-01,2017-03-31,0
2016-10-28,54820,2016-03-31,2,,,,,,,,,,,,,,,,,,,,251760000000,147534000000,0.553,,139344000000,,,,,,,,,,,,true,false,12,2015-04-01,2016-03-31,-1
2016-10-28,54820,2016-03-31,2,,,,,,,,,,,,,,,,,,,,,,,,,,,,,10.00,,,,19886675,205958,,false,false,12,2015-04-01,2016-03-31,-1
2016-10-28,54820,2017-03-31,2,,,,,,,,,,,,,,,,,,,,,,,,,,,,,5.00,,,,,,,false,false,12,2016-04-01,2017-03-31,0
2016-10-28,54820,2017-03-31,2,,,,,,,,,,,,,,,,,,,,,,,,,,,,,50.00,,,,,,,false,true,12,2016-04-01,2017-03-31,0
2016-10-28,54820,2017-03-31,2,,,,,,,,,,,,,,,,,,,,,,,,,,,,,,,,,19886675,204509,19681261,false,false,6,2016-04-01,2016-09-30,0
2016-10-28,54820,2016-03-31,2,,,,,,,,,,,,,,,,,,,,,,,,,,,,,,,,,,,19674531,false,false,6,2015-04-01,2015-09-30,-1
2016-10-28,54820,2017-03-31,,103024000000,0.004,,,,,5798000000,0.526,5395000000,0.587,3713000000,,0.688,188.70,,,,,,,,,,,,,,,,,,,,,,true,true,6,2016-04-01,2016-09-30,0
2016-10-28,54820,2016-03-31,,112205000000,,,,,,6037000000,,6149000000,,3822000000,,,194.29,,,,,,,,,,,,,,,,,,,,,,true,false,6,2015-04-01,2015-09-30,-1
2016-10-28,54820,2017-03-31,,208600000000,-0.023,,,,,12000000000,,11500000000,,7500000000,,,381.08,,,,,,,,,,,,,,,,,,,,,,true,true,12,2016-04-01,2017-03-31,0
2016-10-28,54820,2016-03-31,,214120000000,,,,,,5883000000,,5835000000,,20000000,,,1.02,,,,,,,,,,,,,,,,,,,,,,true,false,12,2015-04-01,2016-03-31,-1
2016-10-28,54820,2017-03-31,,79898000000,0.028,,,,,4551000000,0.517,4373000000,0.458,3604000000,,0.502,183.13,,,,,,,,,,,,,,,,,,,,,,false,true,6,2016-04-01,2016-09-30,0
2016-10-28,54820,2016-03-31,,85760000000,,,,,,4639000000,,5228000000,,3651000000,,,185.59,,,,,,,,,,,,,,,,,,,,,,false,false,6,2015-04-01,2015-09-30,-1
2016-10-28,54820,2017-03-31,,162600000000,0.012,,,,,10000000000,,10000000000,,7400000000,,,376.00,,,,,,,,,,,,,,,,,,,,,,false,true,12,2016-04-01,2017-03-31,0
2016-10-28,54820,2016-03-31,,160304000000,,,,,,4045000000,,4664000000,,277000000,,,14.12,,,,,,,,,,,,,,,,,,,,,,false,false,12,2015-04-01,2016-03-31,-1
2017-01-23,54820,2017-03-31,,210900000000,0.011,,,,,6500000000,-0.458,6000000000,-0.478,4400000000,,-0.413,223.55,,,,,,,,,,,,,,,,,,,,,,true,true,12,2016-04-01,2017-03-31,0
2017-01-23,54820,2016-03-31,,214120000000,,,,,,5883000000,,5835000000,,20000000,,,1.02,,,,,,,,,,,,,,,,,,,,,,true,false,12,2015-04-01,2016-03-31,-1
2017-01-23,54820,2017-03-31,,163700000000,0.007,,,,,4500000000,-0.550,4500000000,-0.550,4400000000,,-0.405,223.55,,,,,,,,,,,,,,,,,,,,,,false,true,12,2016-04-01,2017-03-31,0
2017-01-23,54820,2016-03-31,,160304000000,,,,,,4045000000,,4664000000,,277000000,,,14.12,,,,,,,,,,,,,,,,,,,,,,false,false,12,2015-04-01,2016-03-31,-1
2017-02-02,54820,2017-03-31,3,156737000000,-0.063,,,,,4500000000,-0.538,4327000000,-0.563,,3402000000,,172.88,172.85,,,,,270085000000,148933000000,0.521,,140721000000,,,,,,,,,,,,true,false,9,2016-04-01,2016-12-31,0
2017-02-02,54820,2016-03-31,3,167341000000,-0.068,,,,,9738000000,0.234,9893000000,0.154,,6308000000,,320.61,320.49,,,,,,,,,,,,,,,,,,,,,true,false,9,2015-04-01,2015-12-31,-1
2017-02-02,54820,2017-03-31,3,210900000000,-0.015,,,,,6500000000,0.105,6000000000,0.028,,4400000000,,223.55,,,,,,,,,,,,,,,,,,,,,,true,true,12,2016-04-01,2017-03-31,0
2017-02-02,54820,2016-03-31,3,,,,,,,,,,,,,,,,,,,,251760000000,147534000000,0.553,,139344000000,,,,,,,,,,,,true,false,12,2015-04-01,2016-03-31,-1
2017-02-02,54820,2016-03-31,3,,,,,,,,,,,,,,,,,,,,,,,,,,,,,10.00,,,,19886675,205958,,false,false,12,2015-04-01,2016-03-31,-1
2017-02-02,54820,2017-03-31,3,,,,,,,,,,,,,,,,,,,,,,,,,,,,,5.00,,,,,,,false,false,12,2016-04-01,2017-03-31,0
2017-02-02,54820,2017-03-31,3,,,,,,,,,,,,,,,,,,,,,,,,,,,,,50.00,,,,,,,false,true,12,2016-04-01,2017-03-31,0
2017-02-02,54820,2017-03-31,3,,,,,,,,,,,,,,,,,,,,,,,,,,,,,,,,,19886675,203651,19681753,false,false,9,2016-04-01,2016-12-31,0
2017-02-02,54820,2016-03-31,3,,,,,,,,,,,,,,,,,,,,,,,,,,,,,,,,,,,19675532,false,false,9,2015-04-01,2015-12-31,-1
2017-04-28,54820,2017-03-31,,212837000000,-0.006,,,,,7218000000,0.227,6863000000,0.176,,5084000000,,258.34,258.31,0.036,0.026,0.034,,273107000000,151273000000,0.524,7266.42,143024000000,13350000000,-19677000000,15231000000,44732000000,,0.387,,,,,,true,false,12,2016-04-01,2017-03-31,0
2017-04-28,54820,2016-03-31,,214120000000,-0.110,,,,,5883000000,-0.446,5835000000,-0.476,,20000000,,1.02,1.02,0.000,0.022,0.027,,251760000000,147534000000,0.553,7080.24,139344000000,25193000000,-12122000000,-9466000000,35628000000,,,,,,,,true,false,12,2015-04-01,2016-03-31,-1
2017-04-28,54820,2018-03-31,,109800000000,0.066,,,,,4300000000,-0.258,4400000000,-0.184,,2800000000,,142.25,,,,,,,,,,,,,,,,,,,,,,true,true,6,2017-04-01,2017-09-30,1
2017-04-28,54820,2018-03-31,,223700000000,0.051,,,,,10000000000,0.385,9500000000,0.384,,6400000000,,325.15,,,,,,,,,,,,,,,,0.308,,,,,,true,true,12,2017-04-01,2018-03-31,1
2017-04-28,54820,2017-03-31,,165015000000,0.029,,,,,5191000000,0.283,5122000000,0.098,4990000000,,,253.58,253.54,,,,,231768000000,128379000000,0.554,6522.01,128372000000,,,,,50.00,,,,19886675,203666,19682044,false,false,12,2016-04-01,2017-03-31,0
2017-04-28,54820,2016-03-31,,160304000000,-0.140,,,,,4045000000,-0.509,4664000000,-0.503,277000000,,-0.952,14.12,14.11,,,,,207352000000,123977000000,0.598,6298.68,123962000000,,,,,10.00,,,,19886675,205958,19676288,false,false,12,2015-04-01,2016-03-31,-1
2017-04-28,54820,2018-03-31,,87900000000,0.100,,,,,3200000000,-0.297,3600000000,-0.177,2800000000,,-0.223,142.25,,,,,,,,,,,,,,,,,,,,,,false,true,6,2017-04-01,2017-09-30,1
2017-04-28,54820,2018-03-31,,179600000000,0.088,,,,,7500000000,0.445,7500000000,0.464,5800000000,,0.162,294.67,,,,,,,,,,,,,,,100.00,,,,,,,false,true,12,2017-04-01,2018-03-31,1
2017-07-28,54820,2018-03-31,1,56401000000,0.085,,,,,3977000000,0.351,4035000000,0.537,,3119000000,,158.47,158.46,,,,,259452000000,153916000000,0.561,,145542000000,,,,,,,,,,,,true,false,3,2017-04-01,2017-06-30,0
2017-07-28,54820,2017-03-31,1,51962000000,-0.105,,,,,2945000000,-0.119,2625000000,-0.276,,1890000000,,96.03,96.02,,,,,,,,,,,,,,,,,,,,,true,false,3,2016-04-01,2016-06-30,-1
2017-07-28,54820,2018-03-31,1,111400000000,0.081,,,,,6600000000,0.138,6600000000,0.223,,4600000000,,233.70,,,,,,,,,,,,,,,,,,,,,,true,true,6,2017-04-01,2017-09-30,0
2017-07-28,54820,2018-03-31,1,223700000000,0.051,,,,,10000000000,0.385,9500000000,0.384,,6400000000,,325.15,,,,,,,,,,,,,,,,,,,,,,true,true,12,2017-04-01,2018-03-31,0
2017-07-28,54820,2017-03-31,1,,,,,,,,,,,,,,,,,,,,273107000000,151273000000,0.524,,143024000000,,,,,,,,,,,,true,false,12,2016-04-01,2017-03-31,-1
2017-07-28,54820,2017-03-31,1,,,,,,,,,,,,,,,,,,,,,,,,,,,,,50.00,,,,19886675,203666,,false,false,12,2016-04-01,2017-03-31,-1
2017-07-28,54820,2018-03-31,1,,,,,,,,,,,,,,,,,,,,,,,,,,,,,100.00,,,,,,,false,true,12,2017-04-01,2018-03-31,0
2017-07-28,54820,2018-03-31,1,,,,,,,,,,,,,,,,,,,,,,,,,,,,,,,,,19886675,203178,19683125,false,false,3,2017-04-01,2017-06-30,0
2017-07-28,54820,2017-03-31,1,,,,,,,,,,,,,,,,,,,,,,,,,,,,,,,,,,,19680832,false,false,3,2016-04-01,2016-06-30,-1
2017-07-28,54820,2018-03-31,,111400000000,0.015,,,,,6600000000,0.535,6600000000,0.500,,4600000000,,233.70,,,,,,,,,,,,,,,,,,,,,,true,true,6,2017-04-01,2017-09-30,0
2017-07-28,54820,2017-03-31,,103024000000,,,,,,5798000000,,5395000000,,,3713000000,,188.70,,,,,,,,,,,,,,,,,,,,,,true,false,6,2016-04-01,2016-09-30,-1
2017-07-28,54820,2018-03-31,,88100000000,0.002,,,,,5500000000,0.719,6000000000,0.667,5000000000,,0.786,254.02,,,,,,,,,,,,,,,,,,,,,,false,true,6,2017-04-01,2017-09-30,0
2017-07-28,54820,2017-03-31,,79898000000,,,,,,4551000000,,4373000000,,3604000000,,,183.13,,,,,,,,,,,,,,,,,,,,,,false,false,6,2016-04-01,2016-09-30,-1
2017-10-31,54820,2018-03-31,2,113822000000,0.105,,,,,7045000000,0.215,7268000000,0.347,,5172000000,,262.81,262.80,,,,,264540000000,157063000000,0.561,,148512000000,,,,,,,,,,,,true,false,6,2017-04-01,2017-09-30,0
2017-10-31,54820,2017-03-31,2,103024000000,-0.082,,,,,5798000000,-0.039,5395000000,-0.123,,3713000000,,188.70,188.67,,,,,,,,,,,,,,,,,,,,,true,false,6,2016-04-01,2016-09-30,-1
2017-10-31,54820,2018-03-31,2,230600000000,0.083,,,,,10000000000,0.385,9500000000,0.384,,6400000000,,325.15,,,,,,,,,,,,,,,,,,,,,,true,true,12,2017-04-01,2018-03-31,0
2017-10-31,54820,2017-03-31,2,,,,,,,,,,,,,,,,,,,,273107000000,151273000000,0.524,,143024000000,,,,,,,,,,,,true,false,12,2016-04-01,2017-03-31,-1
2017-10-31,54820,2017-03-31,2,,,,,,,,,,,,,,,,,,,,,,,,,,,,,50.00,,,,19886675,203666,,false,false,12,2016-04-01,2017-03-31,-1
2017-10-31,54820,2018-03-31,2,,,,,,,,,,,,,,,,,,,,,,,,,,,,,50.00,,,,,,,false,false,12,2017-04-01,2018-03-31,0
2017-10-31,54820,2018-03-31,2,,,,,,,,,,,,,,,,,,,,,,,,,,,,,100.00,,,,,,,false,true,12,2017-04-01,2018-03-31,0
2017-10-31,54820,2018-03-31,2,,,,,,,,,,,,,,,,,,,,,,,,,,,,,,,,,19886675,203278,19683256,false,false,6,2017-04-01,2017-09-30,0
2017-10-31,54820,2017-03-31,2,,,,,,,,,,,,,,,,,,,,,,,,,,,,,,,,,,,19681261,false,false,6,2016-04-01,2016-09-30,-1
2018-02-02,54820,2018-03-31,3,173937000000,0.110,,,,,9828000000,1.184,10287000000,1.377,,7314000000,,371.61,371.60,,,,,272695000000,159964000000,0.554,,151126000000,,,,,,,,,,,,true,false,9,2017-04-01,2017-12-31,0
2018-02-02,54820,2017-03-31,3,156737000000,-0.063,,,,,4500000000,-0.538,4327000000,-0.563,,3402000000,,172.88,172.85,,,,,,,,,,,,,,,,,,,,,true,false,9,2016-04-01,2016-12-31,-1
2018-02-02,54820,2018-03-31,3,233300000000,0.096,,,,,11000000000,0.524,11000000000,0.603,,7500000000,,381.03,,,,,,,,,,,,,,,,,,,,,,true,true,12,2017-04-01,2018-03-31,0
2018-02-02,54820,2017-03-31,3,,,,,,,,,,,,,,,,,,,,273107000000,151273000000,0.524,,143024000000,,,,,,,,,,,,true,false,12,2016-04-01,2017-03-31,-1
2018-02-02,54820,2017-03-31,3,,,,,,,,,,,,,,,,,,,,,,,,,,,,,50.00,,,,19886675,203666,,false,false,12,2016-04-01,2017-03-31,-1
2018-02-02,54820,2018-03-31,3,,,,,,,,,,,,,,,,,,,,,,,,,,,,,50.00,,,,,,,false,false,12,2017-04-01,2018-03-31,0
2018-02-02,54820,2018-03-31,3,,,,,,,,,,,,,,,,,,,,,,,,,,,,,100.00,,,,,,,false,true,12,2017-04-01,2018-03-31,0
2018-02-02,54820,2018-03-31,3,,,,,,,,,,,,,,,,,,,,,,,,,,,,,,,,,19886675,203357,19683282,false,false,9,2017-04-01,2017-12-31,0
2018-02-02,54820,2017-03-31,3,,,,,,,,,,,,,,,,,,,,,,,,,,,,,,,,,,,19681753,false,false,9,2016-04-01,2016-12-31,-1
2018-04-27,54820,2018-03-31,,236237000000,0.110,,,,,11813000000,0.637,11774000000,0.716,,8182000000,,415.71,415.71,0.055,0.043,0.050,,277847000000,160806000000,0.547,7716.77,151891000000,13164000000,-20954000000,-9509000000,27439000000,,0.289,,,,,,true,false,12,2017-04-01,2018-03-31,0
2018-04-27,54820,2017-03-31,,212837000000,-0.006,,,,,7218000000,0.227,6863000000,0.176,,5084000000,,258.34,258.31,0.036,0.026,0.034,,273107000000,151273000000,0.524,7266.42,143024000000,13350000000,-19677000000,15231000000,44732000000,,0.387,,,,,,true,false,12,2016-04-01,2017-03-31,-1
2018-04-27,54820,2019-03-31,,121800000000,0.070,,,,,5900000000,-0.163,5800000000,-0.202,,3900000000,,198.14,,,,,,,,,,,,,,,,,,,,,,true,true,6,2018-04-01,2018-09-30,1
2018-04-27,54820,2019-03-31,,250800000000,0.062,,,,,12000000000,0.016,12000000000,0.019,,7700000000,,391.20,,,,,,,,,,,,,,,,0.307,,,,,,true,true,12,2018-04-01,2019-03-31,1
2018-04-27,54820,2018-03-31,,184595000000,0.119,,,,,8018000000,0.545,8731000000,0.705,7010000000,,0.405,356.19,356.18,,,,,231400000000,134264000000,0.580,6821.27,134264000000,,,,,120.00,,,,19886675,203416,19683285,false,false,12,2017-04-01,2018-03-31,0
2018-04-27,54820,2017-03-31,,165015000000,0.029,,,,,5191000000,0.283,5122000000,0.098,4990000000,,,253.58,253.54,,,,,231768000000,128379000000,0.554,6522.01,128372000000,,,,,50.00,,,,19886675,203666,19682044,false,false,12,2016-04-01,2017-03-31,-1
2018-04-27,54820,2019-03-31,,97700000000,0.098,,,,,3500000000,-0.364,4200000000,-0.348,3200000000,,-0.390,162.57,,,,,,,,,,,,,,,,,,,,,,false,true,6,2018-04-01,2018-09-30,1
2018-04-27,54820,2019-03-31,,201900000000,0.094,,,,,7000000000,-0.127,7500000000,-0.141,5600000000,,-0.201,284.51,,,,,,,,,,,,,,,120.00,,,,,,,false,true,12,2018-04-01,2019-03-31,1
2018-07-31,54820,2019-03-31,1,61713000000,0.094,,,,,2701000000,-0.321,2951000000,-0.269,,1706000000,,86.70,,,,,,279273000000,161002000000,0.544,,152001000000,,,,,,,,,,,,true,false,3,2018-04-01,2018-06-30,0
2018-07-31,54820,2018-03-31,1,56401000000,0.085,,,,,3977000000,0.351,4035000000,0.537,,3119000000,,158.47,158.46,,,,,,,,,,,,,,,,,,,,,true,false,3,2017-04-01,2017-06-30,-1
2018-07-31,54820,2019-03-31,1,121800000000,0.070,,,,,5900000000,-0.163,5800000000,-0.202,,3900000000,,198.14,,,,,,,,,,,,,,,,,,,,,,true,true,6,2018-04-01,2018-09-30,0
2018-07-31,54820,2019-03-31,1,250800000000,0.062,,,,,12000000000,0.016,12000000000,0.019,,7700000000,,391.20,,,,,,,,,,,,,,,,,,,,,,true,true,12,2018-04-01,2019-03-31,0
2018-07-31,54820,2018-03-31,1,,,,,,,,,,,,,,,,,,,,275315000000,160806000000,0.552,,151891000000,,,,,,,,,,,,true,false,12,2017-04-01,2018-03-31,-1
2018-07-31,54820,2018-03-31,1,,,,,,,,,,,,,,,,,,,,,,,,,,,,,120.00,,,,19886675,203416,,false,false,12,2017-04-01,2018-03-31,-1
2018-07-31,54820,2019-03-31,1,,,,,,,,,,,,,,,,,,,,,,,,,,,,,120.00,,,,,,,false,true,12,2018-04-01,2019-03-31,0
2018-07-31,54820,2019-03-31,1,,,,,,,,,,,,,,,,,,,,,,,,,,,,,,,,,19886675,203464,19683230,false,false,3,2018-04-01,2018-06-30,0
2018-07-31,54820,2018-03-31,1,,,,,,,,,,,,,,,,,,,,,,,,,,,,,,,,,,,19683125,false,false,3,2017-04-01,2017-06-30,-1
2018-10-31,54820,2019-03-31,2,123721000000,0.087,,,,,5590000000,-0.207,5859000000,-0.194,,3705000000,,188.26,,,,,,282791000000,164008000000,0.549,,155145000000,,,,,,,,,,,,true,false,6,2018-04-01,2018-09-30,0
2018-10-31,54820,2018-03-31,2,113822000000,0.105,,,,,7045000000,0.215,7268000000,0.347,,5172000000,,262.81,262.80,,,,,,,,,,,,,,,,,,,,,true,false,6,2017-04-01,2017-09-30,-1
2018-10-31,54820,2019-03-31,2,255100000000,0.080,,,,,10000000000,-0.154,10000000000,-0.151,,6500000000,,330.23,,,,,,,,,,,,,,,,,,,,,,true,true,12,2018-04-01,2019-03-31,0
2018-10-31,54820,2018-03-31,2,,,,,,,,,,,,,,,,,,,,275315000000,160806000000,0.552,,151891000000,,,,,,,,,,,,true,false,12,2017-04-01,2018-03-31,-1
2018-10-31,54820,2018-03-31,2,,,,,,,,,,,,,,,,,,,,,,,,,,,,,120.00,,,,19886675,203416,,false,false,12,2017-04-01,2018-03-31,-1
2018-10-31,54820,2019-03-31,2,,,,,,,,,,,,,,,,,,,,,,,,,,,,,60.00,,,,,,,false,false,12,2018-04-01,2019-03-31,0
2018-10-31,54820,2019-03-31,2,,,,,,,,,,,,,,,,,,,,,,,,,,,,,120.00,,,,,,,false,true,12,2018-04-01,2019-03-31,0
2018-10-31,54820,2019-03-31,2,,,,,,,,,,,,,,,,,,,,,,,,,,,,,,,,,19886675,203493,19683214,false,false,6,2018-04-01,2018-09-30,0
2018-10-31,54820,2018-03-31,2,,,,,,,,,,,,,,,,,,,,,,,,,,,,,,,,,,,19683256,false,false,6,2017-04-01,2017-09-30,-1
2019-02-01,54820,2019-03-31,3,189348000000,0.089,,,,,7938000000,-0.192,8241000000,-0.199,,5248000000,,266.63,,,,,,284665000000,161480000000,0.536,,152575000000,,,,,,,,,,,,true,false,9,2018-04-01,2018-12-31,0
2019-02-01,54820,2018-03-31,3,173937000000,0.110,,,,,9828000000,1.184,10287000000,1.377,,7314000000,,371.61,371.60,,,,,,,,,,,,,,,,,,,,,true,false,9,2017-04-01,2017-12-31,-1
2019-02-01,54820,2019-03-31,3,255100000000,0.080,,,,,10000000000,-0.154,10000000000,-0.151,,6500000000,,330.23,,,,,,,,,,,,,,,,,,,,,,true,true,12,2018-04-01,2019-03-31,0
2019-02-01,54820,2018-03-31,3,,,,,,,,,,,,,,,,,,,,275315000000,160806000000,0.552,,151891000000,,,,,,,,,,,,true,false,12,2017-04-01,2018-03-31,-1
2019-02-01,54820,2018-03-31,3,,,,,,,,,,,,,,,,,,,,,,,,,,,,,120.00,,,,19886675,203416,,false,false,12,2017-04-01,2018-03-31,-1
2019-02-01,54820,2019-03-31,3,,,,,,,,,,,,,,,,,,,,,,,,,,,,,60.00,,,,,,,false,false,12,2018-04-01,2019-03-31,0
2019-02-01,54820,2019-03-31,3,,,,,,,,,,,,,,,,,,,,,,,,,,,,,120.00,,,,,,,false,true,12,2018-04-01,2019-03-31,0
2019-02-01,54820,2019-03-31,3,,,,,,,,,,,,,,,,,,,,,,,,,,,,,,,,,19886675,203585,19683188,false,false,9,2018-04-01,2018-12-31,0
2019-02-01,54820,2018-03-31,3,,,,,,,,,,,,,,,,,,,,,,,,,,,,,,,,,,,19683282,false,false,9,2017-04-01,2017-12-31,-1
2019-04-26,54820,2019-03-31,,257315000000,0.089,,,,,11119000000,-0.059,11324000000,-0.038,,6503000000,,330.38,,0.043,0.040,0.043,,290294000000,161889000000,0.526,7754.80,152638000000,13580000000,-19765000000,9035000000,30312000000,,0.363,,,,,,true,false,12,2018-04-01,2019-03-31,0
2019-04-26,54820,2018-03-31,,236237000000,0.110,,,,,11813000000,0.637,11774000000,0.716,,8182000000,,415.71,415.71,0.055,0.043,0.050,,275315000000,160806000000,0.552,7716.77,151891000000,13164000000,-20954000000,-9509000000,27439000000,,0.289,,,,,,true,false,12,2017-04-01,2018-03-31,-1
2019-04-26,54820,2020-03-31,,128400000000,0.038,,,,,4800000000,-0.141,4800000000,-0.181,,3000000000,,152.42,,,,,,,,,,,,,,,,,,,,,,true,true,6,2019-04-01,2019-09-30,1
2019-04-26,54820,2020-03-31,,262000000000,0.018,,,,,10000000000,-0.101,10000000000,-0.117,,6100000000,,309.91,,,,,,,,,,,,,,,,0.387,,,,,,true,true,12,2019-04-01,2020-03-31,1
2019-04-26,54820,2019-03-31,,203070000000,0.100,,,,,5857000000,-0.270,7342000000,-0.159,3438000000,,-0.510,174.68,,,,,,244533000000,133610000000,0.546,6788.11,133610000000,,,,,120.00,,,,19886675,203634,19683160,false,false,12,2018-04-01,2019-03-31,0
2019-04-26,54820,2018-03-31,,184595000000,0.119,,,,,8018000000,0.545,8731000000,0.705,7010000000,,0.405,356.19,356.18,,,,,230446000000,134264000000,0.583,6821.27,134264000000,,,,,120.00,,,,19886675,203416,19683285,false,false,12,2017-04-01,2018-03-31,-1
2019-04-26,54820,2020-03-31,,,,,,,,,,,,,,,,,,,,,,,,,,,,,,120.00,,,,,,,false,true,12,2019-04-01,2020-03-31,1
2019-07-31,54820,2020-03-31,1,63865000000,0.035,,,,,2987000000,0.106,3026000000,0.025,,1769000000,,89.89,,,,,,286968000000,161808000000,0.532,,152642000000,,,,,,,,,,,,true,false,3,2019-04-01,2019-06-30,0
2019-07-31,54820,2019-03-31,1,61713000000,0.094,,,,,2701000000,-0.321,2951000000,-0.269,,1706000000,,86.70,,,,,,,,,,,,,,,,,,,,,,true,false,3,2018-04-01,2018-06-30,-1
2019-07-31,54820,2020-03-31,1,124900000000,0.010,,,,,4800000000,-0.141,4800000000,-0.181,,3000000000,,152.42,,,,,,,,,,,,,,,,,,,,,,true,true,6,2019-04-01,2019-09-30,0
2019-07-31,54820,2020-03-31,1,252200000000,-0.020,,,,,10000000000,-0.101,10000000000,-0.117,,6100000000,,309.91,,,,,,,,,,,,,,,,,,,,,,true,true,12,2019-04-01,2020-03-31,0
2019-07-31,54820,2019-03-31,1,,,,,,,,,,,,,,,,,,,,290294000000,161889000000,0.526,,152638000000,,,,,,,,,,,,true,false,12,2018-04-01,2019-03-31,-1
2019-07-31,54820,2019-03-31,1,,,,,,,,,,,,,,,,,,,,,,,,,,,,,120.00,,,,19886675,203634,,false,false,12,2018-04-01,2019-03-31,-1
2019-07-31,54820,2020-03-31,1,,,,,,,,,,,,,,,,,,,,,,,,,,,,,120.00,,,,,,,false,true,12,2019-04-01,2020-03-31,0
2019-07-31,54820,2020-03-31,1,,,,,,,,,,,,,,,,,,,,,,,,,,,,,,,,,19886675,203749,19682970,false,false,3,2019-04-01,2019-06-30,0
2019-07-31,54820,2019-03-31,1,,,,,,,,,,,,,,,,,,,,,,,,,,,,,,,,,,,19683230,false,false,3,2018-04-01,2018-06-30,-1
2019-10-31,54820,2020-03-31,2,124799000000,0.009,,,,,5963000000,0.067,6014000000,0.026,,3943000000,,200.35,,,,,,281594000000,163041000000,0.548,,154418000000,,,,,,,,,,,,true,false,6,2019-04-01,2019-09-30,0
2019-10-31,54820,2019-03-31,2,123721000000,0.087,,,,,5590000000,-0.207,5859000000,-0.194,,3705000000,,188.26,,,,,,,,,,,,,,,,,,,,,,true,false,6,2018-04-01,2018-09-30,-1
2019-10-31,54820,2020-03-31,2,250000000000,-0.028,,,,,12000000000,0.079,12000000000,0.060,,7700000000,,391.20,,,,,,,,,,,,,,,,,,,,,,true,true,12,2019-04-01,2020-03-31,0
2019-10-31,54820,2019-03-31,2,,,,,,,,,,,,,,,,,,,,290294000000,161889000000,0.526,,152638000000,,,,,,,,,,,,true,false,12,2018-04-01,2019-03-31,-1
2019-10-31,54820,2019-03-31,2,,,,,,,,,,,,,,,,,,,,,,,,,,,,,120.00,,,,19886675,203634,,false,false,12,2018-04-01,2019-03-31,-1
2019-10-31,54820,2020-03-31,2,,,,,,,,,,,,,,,,,,,,,,,,,,,,,60.00,,,,,,,false,false,12,2019-04-01,2020-03-31,0
2019-10-31,54820,2020-03-31,2,,,,,,,,,,,,,,,,,,,,,,,,,,,,,120.00,,,,,,,false,true,12,2019-04-01,2020-03-31,0
2019-10-31,54820,2020-03-31,2,,,,,,,,,,,,,,,,,,,,,,,,,,,,,,,,,19886675,203780,19682946,false,false,6,2019-04-01,2019-09-30,0
2019-10-31,54820,2019-03-31,2,,,,,,,,,,,,,,,,,,,,,,,,,,,,,,,,,,,19683214,false,false,6,2018-04-01,2018-09-30,-1
2019-10-31,54820,2020-03-31,,124799000000,-0.001,,,,,5963000000,0.242,6014000000,0.253,,3943000000,,200.35,,,,,,,,,,,,,,,,,,,,,,true,true,6,2019-04-01,2019-09-30,0
2019-10-31,54820,2019-03-31,,123721000000,,,,,,5590000000,,5859000000,,,3705000000,,188.26,,,,,,,,,,,,,,,,,,,,,,true,false,6,2018-04-01,2018-09-30,-1
2020-01-31,54820,2020-03-31,3,185265000000,-0.022,,,,,10064000000,0.268,10244000000,0.243,,6868000000,,348.94,,,,,,286237000000,165834000000,0.548,,156825000000,,,,,,,,,,,,true,false,9,2019-04-01,2019-12-31,0
2020-01-31,54820,2019-03-31,3,189348000000,0.089,,,,,7938000000,-0.192,8241000000,-0.199,,5248000000,,266.63,,,,,,,,,,,,,,,,,,,,,,true,false,9,2018-04-01,2018-12-31,-1
2020-01-31,54820,2020-03-31,3,244000000000,-0.052,,,,,12000000000,0.079,12000000000,0.060,,7700000000,,391.20,,,,,,,,,,,,,,,,,,,,,,true,true,12,2019-04-01,2020-03-31,0
2020-01-31,54820,2019-03-31,3,,,,,,,,,,,,,,,,,,,,290294000000,161889000000,0.526,,152638000000,,,,,,,,,,,,true,false,12,2018-04-01,2019-03-31,-1
2020-01-31,54820,2019-03-31,3,,,,,,,,,,,,,,,,,,,,,,,,,,,,,120.00,,,,19886675,203634,,false,false,12,2018-04-01,2019-03-31,-1
2020-01-31,54820,2020-03-31,3,,,,,,,,,,,,,,,,,,,,,,,,,,,,,60.00,,,,,,,false,false,12,2019-04-01,2020-03-31,0
2020-01-31,54820,2020-03-31,3,,,,,,,,,,,,,,,,,,,,,,,,,,,,,120.00,,,,,,,false,true,12,2019-04-01,2020-03-31,0
2020-01-31,54820,2020-03-31,3,,,,,,,,,,,,,,,,,,,,,,,,,,,,,,,,,19886675,203861,19682915,false,false,9,2019-04-01,2019-12-31,0
2020-01-31,54820,2019-03-31,3,,,,,,,,,,,,,,,,,,,,,,,,,,,,,,,,,,,19683188,false,false,9,2018-04-01,2018-12-31,-1
2020-04-30,54820,2020-03-31,,242262000000,-0.059,,,,,13901000000,0.250,13776000000,0.217,,8543000000,,434.05,,0.056,0.048,0.057,,280380000000,163691000000,0.552,7857.00,154647000000,36308000000,-24517000000,-3290000000,38276000000,,0.300,,,,,,true,false,12,2019-04-01,2020-03-31,0
2020-04-30,54820,2019-03-31,,257315000000,0.089,,,,,11119000000,-0.059,11324000000,-0.038,,6503000000,,330.38,,0.043,0.040,0.043,,290294000000,161889000000,0.526,7754.80,152638000000,13580000000,-19765000000,9035000000,30312000000,,0.363,,,,,,true,false,12,2018-04-01,2019-03-31,-1
2020-04-30,54820,2020-03-31,,191768000000,-0.056,,,,,8661000000,0.479,10345000000,0.409,7449000000,,1.167,378.48,,,,,,239031000000,135997000000,0.569,6909.46,135997000000,,,,,130.00,,,,19886675,203861,19682891,false,false,12,2019-04-01,2020-03-31,0
2020-04-30,54820,2019-03-31,,203070000000,0.100,,,,,5857000000,-0.270,7342000000,-0.159,3438000000,,-0.510,174.68,,,,,,244533000000,133610000000,0.546,6788.11,133610000000,,,,,120.00,,,,19886675,203634,19683160,false,false,12,2018-04-01,2019-03-31,-1
2020-07-31,54820,2021-03-31,1,36214000000,-0.433,,,,,-2678000000,,-2611000000,,,-1963000000,,-99.76,,,,,,267425000000,161989000000,0.572,,152926000000,,,,,,,,,,,,true,false,3,2020-04-01,2020-06-30,0
2020-07-31,54820,2020-03-31,1,63865000000,0.035,,,,,2987000000,0.106,3026000000,0.025,,1769000000,,89.89,,,,,,,,,,,,,,,,,,,,,,true,false,3,2019-04-01,2019-06-30,-1
2020-07-31,54820,2021-03-31,1,81000000000,-0.351,,,,,-5500000000,,-5500000000,,,-4000000000,,-203.22,,,,,,,,,,,,,,,,,,,,,,true,true,6,2020-04-01,2020-09-30,0
2020-07-31,54820,2021-03-31,1,196000000000,-0.191,,,,,500000000,-0.964,500000000,-0.964,,0,,0.00,,,,,,,,,,,,,,,,,,,,,,true,true,12,2020-04-01,2021-03-31,0
2020-07-31,54820,2020-03-31,1,,,,,,,,,,,,,,,,,,,,280380000000,163691000000,0.552,,154647000000,,,,,,,,,,,,true,false,12,2019-04-01,2020-03-31,-1
2020-07-31,54820,2020-03-31,1,,,,,,,,,,,,,,,,,,,,,,,,,,,,,130.00,,,,19886675,203861,,false,false,12,2019-04-01,2020-03-31,-1
2020-07-31,54820,2021-03-31,1,,,,,,,,,,,,,,,,,,,,,,,,,,,,,0.00,,,,,,,false,true,12,2020-04-01,2021-03-31,0
2020-07-31,54820,2021-03-31,1,,,,,,,,,,,,,,,,,,,,,,,,,,,,,,,,,19886675,203916,19682786,false,false,3,2020-04-01,2020-06-30,0
2020-07-31,54820,2020-03-31,1,,,,,,,,,,,,,,,,,,,,,,,,,,,,,,,,,,,19682970,false,false,3,2019-04-01,2019-06-30,-1
2020-07-31,54820,2021-03-31,,81000000000,,,,,,-5500000000,,-5500000000,,-4000000000,,,-203.22,,,,,,,,,,,,,,,,,,,,,,true,true,6,2020-04-01,2020-09-30,0
2020-07-31,54820,2020-03-31,,124799000000,,,,,,5963000000,,6014000000,,3943000000,,,200.35,,,,,,,,,,,,,,,,,,,,,,true,false,6,2019-04-01,2019-09-30,-1
2020-07-31,54820,2021-03-31,,196000000000,,,,,,500000000,,500000000,,0,,,0.00,,,,,,,,,,,,,,,,,,,,,,true,true,12,2020-04-01,2021-03-31,0
2020-07-31,54820,2020-03-31,,242262000000,,,,,,13901000000,,13776000000,,8543000000,,,434.05,,,,,,,,,,,,,,,,,,,,,,true,false,12,2019-04-01,2020-03-31,-1
2020-07-31,54820,2021-03-31,,,,,,,,,,,,,,,,,,,,,,,,,,,,,,0.00,,,,,,,false,true,12,2020-04-01,2021-03-31,0
2020-07-31,54820,2020-03-31,,,,,,,,,,,,,,,,,,,,,,,,,,,,,,130.00,,,,,,,false,false,12,2019-04-01,2020-03-31,-1
2020-10-29,54820,2021-03-31,2,84830000000,-0.320,,,,,-2708000000,,-2308000000,,,-1774000000,,-90.10,,,,,,292196000000,162721000000,0.526,,153762000000,,,,,,,,,,,,true,false,6,2020-04-01,2020-09-30,0
2020-10-29,54820,2020-03-31,2,124799000000,0.009,,,,,5963000000,0.067,6014000000,0.026,,3943000000,,200.35,,,,,,,,,,,,,,,,,,,,,,true,false,6,2019-04-01,2019-09-30,-1
2020-10-29,54820,2021-03-31,2,197000000000,-0.187,,,,,1500000000,-0.892,2000000000,-0.855,,1000000000,,50.79,,,,,,,,,,,,,,,,,,,,,,true,true,12,2020-04-01,2021-03-31,0
2020-10-29,54820,2020-03-31,2,,,,,,,,,,,,,,,,,,,,280380000000,163691000000,0.552,,154647000000,,,,,,,,,,,,true,false,12,2019-04-01,2020-03-31,-1
2020-10-29,54820,2020-03-31,2,,,,,,,,,,,,,,,,,,,,,,,,,,,,,130.00,,,,19886675,203861,,false,false,12,2019-04-01,2020-03-31,-1
2020-10-29,54820,2021-03-31,2,,,,,,,,,,,,,,,,,,,,,,,,,,,,,0.00,,,,,,,false,false,12,2020-04-01,2021-03-31,0
2020-10-29,54820,2021-03-31,2,,,,,,,,,,,,,,,,,,,,,,,,,,,,,,,,,19886675,185435,19690741,false,false,6,2020-04-01,2020-09-30,0
2020-10-29,54820,2020-03-31,2,,,,,,,,,,,,,,,,,,,,,,,,,,,,,,,,,,,19682946,false,false,6,2019-04-01,2019-09-30,-1
2021-02-02,54820,2021-03-31,3,144126000000,-0.222,,,,,860000000,-0.914,1354000000,-0.868,,857000000,,43.52,,,,,,298455000000,167254000000,0.529,,157920000000,,,,,,,,,,,,true,false,9,2020-04-01,2020-12-31,0
2021-02-02,54820,2020-03-31,3,185265000000,-0.022,,,,,10064000000,0.268,10244000000,0.243,,6868000000,,348.94,,,,,,,,,,,,,,,,,,,,,,true,false,9,2019-04-01,2019-12-31,-1
2021-02-02,54820,2021-03-31,3,201500000000,-0.168,,,,,1500000000,-0.892,2000000000,-0.855,,1000000000,,50.79,,,,,,,,,,,,,,,,,,,,,,true,true,12,2020-04-01,2021-03-31,0
2021-02-02,54820,2020-03-31,3,,,,,,,,,,,,,,,,,,,,280380000000,163691000000,0.552,,154647000000,,,,,,,,,,,,true,false,12,2019-04-01,2020-03-31,-1
2021-02-02,54820,2020-03-31,3,,,,,,,,,,,,,,,,,,,,,,,,,,,,,130.00,,,,19886675,203861,,false,false,12,2019-04-01,2020-03-31,-1
2021-02-02,54820,2021-03-31,3,,,,,,,,,,,,,,,,,,,,,,,,,,,,,0.00,,,,,,,false,false,12,2020-04-01,2021-03-31,0
2021-02-02,54820,2021-03-31,3,,,,,,,,,,,,,,,,,,,,,,,,,,,,,15.00,,,,,,,false,true,12,2020-04-01,2021-03-31,0
2021-02-02,54820,2021-03-31,3,,,,,,,,,,,,,,,,,,,,,,,,,,,,,,,,,19886675,185445,19693887,false,false,9,2020-04-01,2020-12-31,0
2021-02-02,54820,2020-03-31,3,,,,,,,,,,,,,,,,,,,,,,,,,,,,,,,,,,,19682915,false,false,9,2019-04-01,2019-12-31,-1
,54820,2021-03-31,,,,,,,,,,,,,,,,,,,,,,,,,,,,,,15.00,,,,,,,false,true,12,2020-04-01,2021-03-31,0
,54820,2021-03-31,,,,,,,,,,,,,,,,,,,,,,,,,,,,,,0.00,,,,,,,false,false,12,2020-04-01,2021-03-31,0
,54820,2020-03-31,,,,,,,,,,,,,,,,,,,,,,,,,,,,,,130.00,,,,,,,false,false,12,2019-04-01,2020-03-31,-1
2021-03-23,54820,2021-03-31,,203500000000,0.010,,,,,3000000000,1.000,3300000000,0.650,2500000000,,1.500,126.94,,,,,,,,,,,,,,,,,,,,,,true,true,12,2020-04-01,2021-03-31,0
2021-03-23,54820,2020-03-31,,242262000000,,,,,,13901000000,,13776000000,,8543000000,,,434.05,,,,,,,,,,,,,,,,,,,,,,true,false,12,2019-04-01,2020-03-31,-1
2021-03-23,54820,2021-03-31,,,,,,,,,,,,,,,,,,,,,,,,,,,,,,35.00,,,,,,,false,true,12,2020-04-01,2021-03-31,0
2021-03-23,54820,2021-03-31,,,,,,,,,,,,,,,,,,,,,,,,,,,,,,0.00,,,,,,,false,false,12,2020-04-01,2021-03-31,0
2021-03-23,54820,2020-03-31,,,,,,,,,,,,,,,,,,,,,,,,,,,,,,130.00,,,,,,,false,false,12,2019-04-01,2020-03-31,-1
2021-04-28,54820,2021-03-31,,204908000000,-0.154,,,,,3563000000,-0.744,4248000000,-0.692,,3049000000,,154.82,,0.019,0.015,0.017,,305464000000,172625000000,0.533,8259.46,162720000000,14793000000,-13834000000,14168000000,54163000000,,0.291,,,,,,true,false,12,2020-04-01,2021-03-31,0
2021-04-28,54820,2020-03-31,,242262000000,-0.059,,,,,13901000000,0.250,13776000000,0.217,,8543000000,,434.05,,0.056,0.048,0.057,,280380000000,163691000000,0.552,7857.00,154647000000,36308000000,-24517000000,-3290000000,38276000000,,0.300,,,,,,true,false,12,2019-04-01,2020-03-31,-1
2021-04-28,54820,2022-03-31,,118000000000,0.391,,,,,3200000000,,3000000000,,,1800000000,,91.37,,,,,,,,,,,,,,,,,,,,,,true,true,6,2021-04-01,2021-09-30,1
2021-04-28,54820,2022-03-31,,245000000000,0.196,,,,,10000000000,1.806,9500000000,1.236,,5700000000,,289.32,,,,,,,,,,,,,,,,0.311,,,,,,true,true,12,2021-04-01,2022-03-31,1
2021-04-28,54820,2021-03-31,,161541000000,-0.158,,,,,-460000000,,1693000000,-0.836,2616000000,,-0.649,132.84,,,,,,264633000000,142627000000,0.539,7239.55,142627000000,,,,,45.00,,,,19886675,185540,19695560,false,false,12,2020-04-01,2021-03-31,0
2021-04-28,54820,2020-03-31,,191768000000,-0.056,,,,,8661000000,0.479,10345000000,0.409,7449000000,,1.167,378.48,,,,,,239031000000,135997000000,0.569,6909.46,135997000000,,,,,130.00,,,,19886675,203861,19682891,false,false,12,2019-04-01,2020-03-31,-1
2021-04-28,54820,2022-03-31,,,,,,,,,,,,,,,,,,,,,,,,,,,,,,90.00,,,,,,,false,true,12,2021-04-01,2022-03-31,1
2021-04-28,54820,2021-03-31,,204908000000,-0.154,,,,,3563000000,-0.744,4248000000,-0.692,,3049000000,,154.82,,0.019,0.014,0.017,,314040000000,179716000000,0.541,8619.39,169811000000,14793000000,-13834000000,14168000000,54163000000,,0.291,,,,,,true,false,12,2020-04-01,2021-03-31,0
2021-04-28,54820,2020-03-31,,242262000000,-0.059,,,,,13901000000,0.250,13776000000,0.217,,8543000000,,434.05,,0.056,0.048,0.057,,280380000000,163691000000,0.552,7857.00,154647000000,36308000000,-24517000000,-3290000000,38276000000,,0.300,,,,,,true,false,12,2019-04-01,2020-03-31,-1
2021-04-28,54820,2022-03-31,,118000000000,0.391,,,,,3200000000,,3000000000,,,1800000000,,91.37,,,,,,,,,,,,,,,,,,,,,,true,true,6,2021-04-01,2021-09-30,1
2021-04-28,54820,2022-03-31,,245000000000,0.196,,,,,10000000000,1.806,9500000000,1.236,,5700000000,,289.32,,,,,,,,,,,,,,,,0.311,,,,,,true,true,12,2021-04-01,2022-03-31,1
2021-04-28,54820,2021-03-31,,161541000000,-0.158,,,,,-460000000,,1693000000,-0.836,2616000000,,-0.649,132.84,,,,,,264633000000,142627000000,0.539,7239.55,142627000000,,,,,45.00,,,,19886675,185540,19695560,false,false,12,2020-04-01,2021-03-31,0
2021-04-28,54820,2020-03-31,,191768000000,-0.056,,,,,8661000000,0.479,10345000000,0.409,7449000000,,1.167,378.48,,,,,,239031000000,135997000000,0.569,6909.46,135997000000,,,,,130.00,,,,19886675,203861,19682891,false,false,12,2019-04-01,2020-03-31,-1
2021-04-28,54820,2022-03-31,,,,,,,,,,,,,,,,,,,,,,,,,,,,,,90.00,,,,,,,false,true,12,2021-04-01,2022-03-31,1
2021-07-30,54820,2022-03-31,1,61566000000,0.700,,,,,2538000000,,2621000000,,,1195000000,,60.68,,,,,,314731000000,180836000000,0.542,,170685000000,,,,,,,,,,,,true,false,3,2021-04-01,2021-06-30,0
2021-07-30,54820,2021-03-31,1,36214000000,-0.433,,,,,-2678000000,,-2611000000,,,-1963000000,,-99.76,,,,,,,,,,,,,,,,,,,,,,true,false,3,2020-04-01,2020-06-30,-1
2021-07-30,54820,2022-03-31,1,124500000000,0.468,,,,,2200000000,,2100000000,,,700000000,,35.53,,,,,,,,,,,,,,,,,,,,,,true,true,6,2021-04-01,2021-09-30,0
2021-07-30,54820,2022-03-31,1,257000000000,0.254,,,,,5000000000,0.403,4500000000,0.059,,2000000000,,101.52,,,,,,,,,,,,,,,,,,,,,,true,true,12,2021-04-01,2022-03-31,0
2021-07-30,54820,2021-03-31,1,,,,,,,,,,,,,,,,,,,,314040000000,179716000000,0.541,,169811000000,,,,,,,,,,,,true,false,12,2020-04-01,2021-03-31,-1
2021-07-30,54820,2021-03-31,1,,,,,,,,,,,,,,,,,,,,,,,,,,,,,45.00,,,,19886675,185540,,false,false,12,2020-04-01,2021-03-31,-1
2021-07-30,54820,2022-03-31,1,,,,,,,,,,,,,,,,,,,,,,,,,,,,,45.00,,,,,,,false,true,12,2021-04-01,2022-03-31,0
2021-07-30,54820,2022-03-31,1,,,,,,,,,,,,,,,,,,,,,,,,,,,,,,,,,19886675,185560,19701120,false,false,3,2021-04-01,2021-06-30,0
2021-07-30,54820,2021-03-31,1,,,,,,,,,,,,,,,,,,,,,,,,,,,,,,,,,,,19682786,false,false,3,2020-04-01,2020-06-30,-1
2021-07-30,54820,2022-03-31,,124500000000,0.055,,,,,2200000000,-0.313,2100000000,-0.300,700000000,,-0.611,35.53,,,,,,,,,,,,,,,,,,,,,,true,true,6,2021-04-01,2021-09-30,0
2021-07-30,54820,2021-03-31,,84830000000,,,,,,-2708000000,,-2308000000,,-1774000000,,,-90.10,,,,,,,,,,,,,,,,,,,,,,true,false,6,2020-04-01,2020-09-30,-1
2021-07-30,54820,2022-03-31,,257000000000,0.049,,,,,5000000000,-0.500,4500000000,-0.526,2000000000,,-0.649,101.52,,,,,,,,,,,,,,,,,,,,,,true,true,12,2021-04-01,2022-03-31,0
2021-07-30,54820,2021-03-31,,204908000000,,,,,,3563000000,,4248000000,,3049000000,,,154.82,,,,,,,,,,,,,,,,,,,,,,true,false,12,2020-04-01,2021-03-31,-1
2021-07-30,54820,2022-03-31,,,,,,,,,,,,,,,,,,,,,,,,,,,,,,45.00,,,,,,,false,true,12,2021-04-01,2022-03-31,0
2021-07-30,54820,2021-03-31,,,,,,,,,,,,,,,,,,,,,,,,,,,,,,45.00,,,,,,,false,false,12,2020-04-01,2021-03-31,-1
2021-10-29,54820,2022-03-31,2,123005000000,0.450,,,,,2796000000,,2892000000,,,1210000000,,61.41,,,,,,312886000000,179697000000,0.543,,169987000000,,,,,,,,,,,,true,false,6,2021-04-01,2021-09-30,0
2021-10-29,54820,2021-03-31,2,84830000000,-0.320,,,,,-2708000000,,-2308000000,,,-1774000000,,-90.10,,,,,,,,,,,,,,,,,,,,,,true,false,6,2020-04-01,2020-09-30,-1
2021-10-29,54820,2022-03-31,2,262000000000,0.279,,,,,5000000000,0.403,4500000000,0.059,,2000000000,,101.52,,,,,,,,,,,,,,,,,,,,,,true,true,12,2021-04-01,2022-03-31,0
2021-10-29,54820,2021-03-31,2,,,,,,,,,,,,,,,,,,,,314040000000,179716000000,0.541,,169811000000,,,,,,,,,,,,true,false,12,2020-04-01,2021-03-31,-1
2021-10-29,54820,2021-03-31,2,,,,,,,,,,,,,,,,,,,,,,,,,,,,,45.00,,,,19886675,185540,,false,false,12,2020-04-01,2021-03-31,-1
2021-10-29,54820,2022-03-31,2,,,,,,,,,,,,,,,,,,,,,,,,,,,,,20.00,,,,,,,false,false,12,2021-04-01,2022-03-31,0
2021-10-29,54820,2022-03-31,2,,,,,,,,,,,,,,,,,,,,,,,,,,,,,45.00,,,,,,,false,true,12,2021-04-01,2022-03-31,0
2021-10-29,54820,2022-03-31,2,,,,,,,,,,,,,,,,,,,,,,,,,,,,,,,,,19886675,174354,19705920,false,false,6,2021-04-01,2021-09-30,0
2021-10-29,54820,2021-03-31,2,,,,,,,,,,,,,,,,,,,,,,,,,,,,,,,,,,,19690741,false,false,6,2020-04-01,2020-09-30,-1
2022-02-02,54820,2022-03-31,3,190565000000,0.322,,,,,2699000000,2.136,3133000000,1.314,,1151000000,,58.44,,,,,,311825000000,180116000000,0.545,,169971000000,,,,,,,,,,,,true,false,9,2021-04-01,2021-12-31,0
2022-02-02,54820,2021-03-31,3,144126000000,-0.222,,,,,860000000,-0.914,1354000000,-0.868,,857000000,,43.52,,,,,,,,,,,,,,,,,,,,,,true,false,9,2020-04-01,2020-12-31,-1
2022-02-02,54820,2022-03-31,3,262000000000,0.279,,,,,4000000000,0.122,4000000000,-0.059,,1500000000,,76.11,,,,,,,,,,,,,,,,,,,,,,true,true,12,2021-04-01,2022-03-31,0
2022-02-02,54820,2021-03-31,3,,,,,,,,,,,,,,,,,,,,314040000000,179716000000,0.541,,169811000000,,,,,,,,,,,,true,false,12,2020-04-01,2021-03-31,-1
2022-02-02,54820,2021-03-31,3,,,,,,,,,,,,,,,,,,,,,,,,,,,,,45.00,,,,19886675,185540,,false,false,12,2020-04-01,2021-03-31,-1
2022-02-02,54820,2022-03-31,3,,,,,,,,,,,,,,,,,,,,,,,,,,,,,20.00,,,,,,,false,false,12,2021-04-01,2022-03-31,0
2022-02-02,54820,2022-03-31,3,,,,,,,,,,,,,,,,,,,,,,,,,,,,,45.00,,,,,,,false,true,12,2021-04-01,2022-03-31,0
2022-02-02,54820,2022-03-31,3,,,,,,,,,,,,,,,,,,,,,,,,,,,,,,,,,19886675,174428,19707826,false,false,9,2021-04-01,2021-12-31,0
2022-02-02,54820,2021-03-31,3,,,,,,,,,,,,,,,,,,,,,,,,,,,,,,,,,,,19693887,false,false,9,2020-04-01,2020-12-31,-1
2022-03-22,54820,2022-03-31,,260000000000,-0.008,,,,,2000000000,-0.500,2000000000,-0.500,300000000,,-0.800,15.22,,,,,,,,,,,,,,,,,,,,,,true,true,12,2021-04-01,2022-03-31,0
2022-03-22,54820,2021-03-31,,204908000000,,,,,,3563000000,,4248000000,,3049000000,,,154.82,,,,,,,,,,,,,,,,,,,,,,true,false,12,2020-04-01,2021-03-31,-1
2022-03-22,54820,2022-03-31,,,,,,,,,,,,,,,,,,,,,,,,,,,,,,30.00,,,,,,,false,true,12,2021-04-01,2022-03-31,0
2022-03-22,54820,2022-03-31,,,,,,,,,,,,,,,,,,,,,,,,,,,,,,20.00,,,,,,,false,false,12,2021-04-01,2022-03-31,0
2022-03-22,54820,2021-03-31,,,,,,,,,,,,,,,,,,,,,,,,,,,,,,45.00,,,,,,,false,false,12,2020-04-01,2021-03-31,-1
2022-04-28,54820,2022-03-31,,260138000000,0.270,,,,,2806000000,-0.212,3508000000,-0.174,,933000000,,47.38,,0.005,0.011,0.011,,323866000000,186904000000,0.543,8928.03,175990000000,3895000000,-14886000000,-11330000000,32866000000,,0.633,,,,,,true,false,12,2021-04-01,2022-03-31,0
2022-04-28,54820,2021-03-31,,204908000000,-0.154,,,,,3563000000,-0.744,4248000000,-0.692,,3049000000,,154.82,,0.019,0.014,0.017,,314040000000,179716000000,0.541,8619.39,169811000000,14793000000,-13834000000,14168000000,54163000000,,0.291,,,,,,true,false,12,2020-04-01,2021-03-31,-1
2022-04-28,54820,2022-03-31,,211262000000,0.308,,,,,-2712000000,,-582000000,,-667000000,,,-33.87,,,,,,261312000000,139938000000,0.536,7099.09,139938000000,,,,,30.00,,,,19886675,174498,19708839,false,false,12,2021-04-01,2022-03-31,0
2022-04-28,54820,2021-03-31,,161541000000,-0.158,,,,,-460000000,,1693000000,-0.836,2616000000,,-0.649,132.84,,,,,,264633000000,142627000000,0.539,7239.55,142627000000,,,,,45.00,,,,19886675,185540,19695560,false,false,12,2020-04-01,2021-03-31,-1
2022-04-28,54820,2023-03-31,,,,,,,,1000000000,,,,,0,,0.00,,,,,,,,,,,,,,,,,,,,,,true,true,12,2022-04-01,2023-03-31,1
2022-06-22,54820,2022-03-31,,211262000000,0.308,,,,,-2712000000,,-582000000,,-667000000,,,-33.87,,,,,,261312000000,139938000000,0.536,7099.09,139938000000,,,,,30.00,,,,19886675,174498,19708839,false,false,12,2021-04-01,2022-03-31,0
2022-06-22,54820,2021-03-31,,161541000000,-0.158,,,,,-460000000,,1693000000,-0.836,2616000000,,-0.649,132.84,,,,,,264633000000,142627000000,0.539,7239.55,142627000000,,,,,45.00,,,,19886675,185540,19695560,false,false,12,2020-04-01,2021-03-31,-1
2022-06-22,54820,2022-03-31,,,,,,,,2139000000,-0.598,,,,1089000000,,55.29,55.29,,,,,364400000000,,,,,5210000000,-15542000000,-11987000000,,,0.543,,,,,,true,false,12,2021-04-01,2022-03-31,0
2022-06-22,54820,2021-03-31,,,,,,,,5317000000,,,,,3136000000,,159.25,159.25,,,,,353043000000,,,,,15896000000,-14247000000,13479000000,,,0.283,,,,,,true,false,12,2020-04-01,2021-03-31,-1
2022-06-22,54820,2023-03-31,,,,,,,,1000000000,-0.533,,,,0,,0.00,,,,,,,,,,,,,,,,,,,,,,true,true,12,2022-04-01,2023-03-31,1
2022-07-29,54820,2023-03-31,1,,,,,,,-1186000000,,,,,-547000000,,-27.79,-27.79,,,,,386211000000,,,,,,,,,,,,,,,,true,false,3,2022-04-01,2022-06-30,0
2022-07-29,54820,2022-03-31,1,,,,,,,2185000000,,,,,1381000000,,70.12,70.12,,,,,,,,,,,,,,,,,,,,,true,false,3,2021-04-01,2021-06-30,-1
2022-07-29,54820,2023-03-31,1,,,,,,,0,-1.000,,,,0,,0.00,,,,,,,,,,,,,,,,,,,,,,true,true,6,2022-04-01,2022-09-30,0
2022-07-29,54820,2023-03-31,1,,,,,,,1000000000,-0.533,,,,0,,0.00,,,,,,,,,,,,,,,,,,,,,,true,true,12,2022-04-01,2023-03-31,0
2022-07-29,54820,2022-03-31,1,,,,,,,,,,,,,,,,,,,,364400000000,,,,,,,,,,,,,,,,true,false,12,2021-04-01,2022-03-31,-1
2022-07-29,54820,2022-03-31,1,,,,,,,,,,,,,,,,,,,,,,,,,,,,,30.00,,,,19886675,174498,,false,false,12,2021-04-01,2022-03-31,-1
2022-07-29,54820,2023-03-31,1,,,,,,,,,,,,,,,,,,,,,,,,,,,,,,,,,19886675,174538,19712167,false,false,3,2022-04-01,2022-06-30,0
2022-07-29,54820,2022-03-31,1,,,,,,,,,,,,,,,,,,,,,,,,,,,,,,,,,,,19701120,false,false,3,2021-04-01,2021-06-30,-1
2022-10-28,54820,2023-03-31,2,,,,,,,291000000,-0.900,,,,223000000,,11.33,11.33,,,,,386039000000,,,,,,,,,,,,,,,,true,false,6,2022-04-01,2022-09-30,0
2022-10-28,54820,2022-03-31,2,,,,,,,2907000000,,,,,1726000000,,87.59,87.59,,,,,,,,,,,,,,,,,,,,,true,false,6,2021-04-01,2021-09-30,-1
2022-10-28,54820,2023-03-31,2,,,,,,,3000000000,0.402,,,,1900000000,,96.31,,,,,,,,,,,,,,,,,,,,,,true,true,12,2022-04-01,2023-03-31,0
2022-10-28,54820,2022-03-31,2,,,,,,,,,,,,,,,,,,,,364400000000,,,,,,,,,,,,,,,,true,false,12,2021-04-01,2022-03-31,-1
2022-10-28,54820,2022-03-31,2,,,,,,,,,,,,,,,,,,,,,,,,,,,,,30.00,,,,19886675,174498,,false,false,12,2021-04-01,2022-03-31,-1
2022-10-28,54820,2023-03-31,2,,,,,,,,,,,,,,,,,,,,,,,,,,,,,10.00,,,,,,,false,false,12,2022-04-01,2023-03-31,0
2022-10-28,54820,2023-03-31,2,,,,,,,,,,,,,,,,,,,,,,,,,,,,,30.00,,,,,,,false,true,12,2022-04-01,2023-03-31,0
2022-10-28,54820,2023-03-31,2,,,,,,,,,,,,,,,,,,,,,,,,,,,,,,,,,19886675,158868,19718870,false,false,6,2022-04-01,2022-09-30,0
2022-10-28,54820,2022-03-31,2,,,,,,,,,,,,,,,,,,,,,,,,,,,,,,,,,,,19705920,false,false,6,2021-04-01,2021-09-30,-1
2023-02-03,54820,2023-03-31,3,,,,,,,604000000,-0.826,,,,213000000,,10.83,10.83,,,,,383443000000,,,,,,,,,,,,,,,,true,false,9,2022-04-01,2022-12-31,0
2023-02-03,54820,2022-03-31,3,,,,,,,3473000000,,,,,2095000000,,106.31,106.31,,,,,,,,,,,,,,,,,,,,,true,false,9,2021-04-01,2021-12-31,-1
2023-02-03,54820,2023-03-31,3,,,,,,,0,-1.000,,,,0,,0.00,,,,,,,,,,,,,,,,,,,,,,true,true,12,2022-04-01,2023-03-31,0
2023-02-03,54820,2022-03-31,3,,,,,,,,,,,,,,,,,,,,364400000000,,,,,,,,,,,,,,,,true,false,12,2021-04-01,2022-03-31,-1
2023-02-03,54820,2022-03-31,3,,,,,,,,,,,,,,,,,,,,,,,,,,,,,30.00,,,,19886675,174498,,false,false,12,2021-04-01,2022-03-31,-1
2023-02-03,54820,2023-03-31,3,,,,,,,,,,,,,,,,,,,,,,,,,,,,,10.00,,,,,,,false,false,12,2022-04-01,2023-03-31,0
2023-02-03,54820,2023-03-31,3,,,,,,,,,,,,,,,,,,,,,,,,,,,,,,,,,19886675,158902,19721544,false,false,9,2022-04-01,2022-12-31,0
2023-02-03,54820,2022-03-31,3,,,,,,,,,,,,,,,,,,,,,,,,,,,,,,,,,,,19707826,false,false,9,2021-04-01,2021-12-31,-1
2023-04-27,54820,2023-03-31,,225106000000,0.066,,,,,-2216000000,,1082000000,,1317000000,,,66.78,,,,,,282271000000,141936000000,0.503,7194.74,141936000000,,,,,30.00,,,,19886675,158902,19722982,false,false,12,2022-04-01,2023-03-31,0
2023-04-27,54820,2022-03-31,,211262000000,0.308,,,,,-2712000000,,-582000000,,-667000000,,,-33.87,,,,,,261312000000,139938000000,0.536,7099.09,139938000000,,,,,30.00,,,,19886675,174498,19708839,false,false,12,2021-04-01,2022-03-31,-1
2023-04-27,54820,2023-03-31,,,,,,,,3260000000,0.524,,,,1610000000,,81.65,81.65,,,,,385449000000,,,,,13028000000,-15958000000,16998000000,,,0.367,,,,,,true,false,12,2022-04-01,2023-03-31,0
2023-04-27,54820,2022-03-31,,,,,,,,2139000000,-0.598,,,,1089000000,,55.29,55.29,,,,,364400000000,,,,,5210000000,-15542000000,-11987000000,,,0.543,,,,,,true,false,12,2021-04-01,2022-03-31,-1
2023-04-27,54820,2024-03-31,,,,,,,,1000000000,2.428,,,,500000000,,25.34,,,,,,,,,,,,,,,,,,,,,,true,true,6,2023-04-01,2023-09-30,1
2023-04-27,54820,2024-03-31,,,,,,,,5000000000,0.534,,,,3000000000,,152.07,,,,,,,,,,,,,,,,0.329,,,,,,true,true,12,2023-04-01,2024-03-31,1
2023-04-27,54820,2024-03-31,,,,,,,,,,,,,,,,,,,,,,,,,,,,,,50.00,,,,,,,false,true,12,2023-04-01,2024-03-31,1
2023-07-28,54820,2024-03-31,1,,,,,,,3067000000,,,,,2277000000,,115.43,115.43,,,,,383890000000,,,,,,,,,,,,,,,,true,false,3,2023-04-01,2023-06-30,0
2023-07-28,54820,2023-03-31,1,,,,,,,-1186000000,,,,,-547000000,,-27.79,-27.79,,,,,,,,,,,,,,,,,,,,,true,false,3,2022-04-01,2022-06-30,-1
2023-07-28,54820,2024-03-31,1,,,,,,,4000000000,,,,,3000000000,,152.18,,,,,,,,,,,,,,,,,,,,,,true,true,6,2023-04-01,2023-09-30,0
2023-07-28,54820,2024-03-31,1,,,,,,,8000000000,1.454,,,,5000000000,,253.64,,,,,,,,,,,,,,,,,,,,,,true,true,12,2023-04-01,2024-03-31,0
2023-07-28,54820,2023-03-31,1,,,,,,,,,,,,,,,,,,,,385449000000,,,,,,,,,,,,,,,,true,false,12,2022-04-01,2023-03-31,-1
2023-07-28,54820,2023-03-31,1,,,,,,,,,,,,,,,,,,,,,,,,,,,,,30.00,,,,19886675,158902,,false,false,12,2022-04-01,2023-03-31,-1
2023-07-28,54820,2024-03-31,1,,,,,,,,,,,,,,,,,,,,,,,,,,,,,80.00,,,,,,,false,true,12,2023-04-01,2024-03-31,0
2023-07-28,54820,2024-03-31,1,,,,,,,,,,,,,,,,,,,,,,,,,,,,,,,,,19886675,158988,19727751,false,false,3,2023-04-01,2023-06-30,0
2023-07-28,54820,2023-03-31,1,,,,,,,,,,,,,,,,,,,,,,,,,,,,,,,,,,,19712167,false,false,3,2022-04-01,2022-06-30,-1
2023-10-31,54820,2024-03-31,2,,,,,,,4722000000,,,,,3254000000,,164.91,164.91,,,,,390791000000,,,,,,,,,,,,,,,,true,false,6,2023-04-01,2023-09-30,0
2023-10-31,54820,2023-03-31,2,,,,,,,291000000,-0.900,,,,223000000,,11.33,11.33,,,,,,,,,,,,,,,,,,,,,true,false,6,2022-04-01,2022-09-30,-1
2023-10-31,54820,2024-03-31,2,,,,,,,8700000000,1.669,,,,5200000000,,263.50,,,,,,,,,,,,,,,,,,,,,,true,true,12,2023-04-01,2024-03-31,0
2023-10-31,54820,2023-03-31,2,,,,,,,,,,,,,,,,,,,,385449000000,,,,,,,,,,,,,,,,true,false,12,2022-04-01,2023-03-31,-1
2023-10-31,54820,2023-03-31,2,,,,,,,,,,,,,,,,,,,,,,,,,,,,,30.00,,,,19886675,158902,,false,false,12,2022-04-01,2023-03-31,-1
2023-10-31,54820,2024-03-31,2,,,,,,,,,,,,,,,,,,,,,,,,,,,,,40.00,,,,,,,false,false,12,2023-04-01,2024-03-31,0
2023-10-31,54820,2024-03-31,2,,,,,,,,,,,,,,,,,,,,,,,,,,,,,80.00,,,,,,,false,true,12,2023-04-01,2024-03-31,0
2023-10-31,54820,2024-03-31,2,,,,,,,,,,,,,,,,,,,,,,,,,,,,,,,,,19886675,144280,19734031,false,false,6,2023-04-01,2023-09-30,0
2023-10-31,54820,2023-03-31,2,,,,,,,,,,,,,,,,,,,,,,,,,,,,,,,,,,,19718870,false,false,6,2022-04-01,2022-09-30,-1
2024-02-02,54820,2024-03-31,3,,,,,,,9104000000,,,,,6113000000,,309.77,309.77,,,,,384816000000,,,,,,,,,,,,,,,,true,false,9,2023-04-01,2023-12-31,0
2024-02-02,54820,2023-03-31,3,,,,,,,604000000,-0.826,,,,213000000,,10.83,10.83,,,,,,,,,,,,,,,,,,,,,true,false,9,2022-04-01,2022-12-31,-1
2024-02-02,54820,2024-03-31,3,,,,,,,8700000000,1.669,,,,5200000000,,263.50,,,,,,,,,,,,,,,,,,,,,,true,true,12,2023-04-01,2024-03-31,0
2024-02-02,54820,2023-03-31,3,,,,,,,,,,,,,,,,,,,,385449000000,,,,,,,,,,,,,,,,true,false,12,2022-04-01,2023-03-31,-1
2024-02-02,54820,2023-03-31,3,,,,,,,,,,,,,,,,,,,,,,,,,,,,,30.00,,,,19886675,158902,,false,false,12,2022-04-01,2023-03-31,-1
2024-02-02,54820,2024-03-31,3,,,,,,,,,,,,,,,,,,,,,,,,,,,,,40.00,,,,,,,false,false,12,2023-04-01,2024-03-31,0
2024-02-02,54820,2024-03-31,3,,,,,,,,,,,,,,,,,,,,,,,,,,,,,80.00,,,,,,,false,true,12,2023-04-01,2024-03-31,0
2024-02-02,54820,2024-03-31,3,,,,,,,,,,,,,,,,,,,,,,,,,,,,,,,,,19886675,144421,19736501,false,false,9,2023-04-01,2023-12-31,0
2024-02-02,54820,2023-03-31,3,,,,,,,,,,,,,,,,,,,,,,,,,,,,,,,,,,,19721544,false,false,9,2022-04-01,2022-12-31,-1
2024-04-26,54820,2024-03-31,,230722000000,0.025,,,,,6348000000,,9410000000,7.696,7532000000,,4.719,381.60,,,,,,290416000000,154967000000,0.534,7849.57,154967000000,,,,,100.00,,,,19886675,144468,19737822,false,false,12,2023-04-01,2024-03-31,0
2024-04-26,54820,2023-03-31,,225106000000,0.066,,,,,-2216000000,,1082000000,,1317000000,,,66.78,,,,,,282271000000,141936000000,0.503,7194.74,141936000000,,,,,30.00,,,,19886675,158902,19722982,false,false,12,2022-04-01,2023-03-31,-1
2024-04-26,54820,2024-03-31,,,,,,,,10372000000,2.182,,,,6593000000,,334.03,334.03,,,,,443108000000,,,,,33817000000,-18895000000,-16283000000,,,0.299,,,,,,true,false,12,2023-04-01,2024-03-31,0
2024-04-26,54820,2023-03-31,,,,,,,,3260000000,0.524,,,,1610000000,,81.65,81.65,,,,,385449000000,,,,,13028000000,-15958000000,16998000000,,,0.367,,,,,,true,false,12,2022-04-01,2023-03-31,-1
2024-04-26,54820,2025-03-31,,,,,,,,1300000000,-0.725,,,,300000000,,15.20,,,,,,,,,,,,,,,,,,,,,,true,true,6,2024-04-01,2024-09-30,1
2024-04-26,54820,2025-03-31,,,,,,,,7000000000,-0.325,,,,3700000000,,187.42,,,,,,,,,,,,,,,,0.374,,,,,,true,true,12,2024-04-01,2025-03-31,1
2024-04-26,54820,2025-03-31,,,,,,,,,,,,,,,,,,,,,,,,,,,,,,70.00,,,,,,,false,true,12,2024-04-01,2025-03-31,1
2024-07-31,54820,2025-03-31,1,,,,,,,1485000000,-0.516,,,,1122000000,,56.87,56.87,,,,,446455000000,,,,,,,,,,,,,,,,true,false,3,2024-04-01,2024-06-30,0
2024-07-31,54820,2024-03-31,1,,,,,,,3067000000,,,,,2277000000,,115.43,115.43,,,,,,,,,,,,,,,,,,,,,true,false,3,2023-04-01,2023-06-30,-1
2024-07-31,54820,2025-03-31,1,,,,,,,1300000000,-0.725,,,,300000000,,15.20,,,,,,,,,,,,,,,,,,,,,,true,true,6,2024-04-01,2024-09-30,0
2024-07-31,54820,2025-03-31,1,,,,,,,7000000000,-0.325,,,,3700000000,,187.42,,,,,,,,,,,,,,,,,,,,,,true,true,12,2024-04-01,2025-03-31,0
2024-07-31,54820,2024-03-31,1,,,,,,,,,,,,,,,,,,,,443108000000,,,,,,,,,,,,,,,,true,false,12,2023-04-01,2024-03-31,-1
2024-07-31,54820,2024-03-31,1,,,,,,,,,,,,,,,,,,,,,,,,,,,,,100.00,,,,19886675,144468,,false,false,12,2023-04-01,2024-03-31,-1
2024-07-31,54820,2025-03-31,1,,,,,,,,,,,,,,,,,,,,,,,,,,,,,70.00,,,,,,,false,true,12,2024-04-01,2025-03-31,0
2024-07-31,54820,2025-03-31,1,,,,,,,,,,,,,,,,,,,,,,,,,,,,,,,,,19886675,144498,19742192,false,false,3,2024-04-01,2024-06-30,0
2024-07-31,54820,2024-03-31,1,,,,,,,,,,,,,,,,,,,,,,,,,,,,,,,,,,,19727751,false,false,3,2023-04-01,2023-06-30,-1
2024-10-31,54820,2025-03-31,2,,,,,,,3298000000,-0.302,,,,1683000000,,85.23,85.23,,,,,431093000000,,,,,,,,,,,,,,,,true,false,6,2024-04-01,2024-09-30,0
2024-10-31,54820,2024-03-31,2,,,,,,,4722000000,,,,,3254000000,,164.91,164.91,,,,,,,,,,,,,,,,,,,,,true,false,6,2023-04-01,2023-09-30,-1
2024-10-31,54820,2025-03-31,2,,,,,,,10000000000,-0.036,,,,6400000000,,324.11,,,,,,,,,,,,,,,,,,,,,,true,true,12,2024-04-01,2025-03-31,0
2024-10-31,54820,2024-03-31,2,,,,,,,,,,,,,,,,,,,,443108000000,,,,,,,,,,,,,,,,true,false,12,2023-04-01,2024-03-31,-1
2024-10-31,54820,2024-03-31,2,,,,,,,,,,,,,,,,,,,,,,,,,,,,,100.00,,,,19886675,144468,,false,false,12,2023-04-01,2024-03-31,-1
2024-10-31,54820,2025-03-31,2,,,,,,,,,,,,,,,,,,,,,,,,,,,,,70.00,,,,,,,false,false,12,2024-04-01,2025-03-31,0
2024-10-31,54820,2025-03-31,2,,,,,,,,,,,,,,,,,,,,,,,,,,,,,140.00,,,,,,,false,true,12,2024-04-01,2025-03-31,0
2024-10-31,54820,2025-03-31,2,,,,,,,,,,,,,,,,,,,,,,,,,,,,,,,,,19886675,135284,19746142,false,false,6,2024-04-01,2024-09-30,0
2024-10-31,54820,2024-03-31,2,,,,,,,,,,,,,,,,,,,,,,,,,,,,,,,,,,,19734031,false,false,6,2023-04-01,2023-09-30,-1
2025-01-31,54820,2025-03-31,3,,,,,,,7707000000,-0.153,,,,5658000000,,286.56,286.56,,,,,438225000000,,,,,,,,,,,,,,,,true,false,9,2024-04-01,2024-12-31,0
2025-01-31,54820,2024-03-31,3,,,,,,,9104000000,,,,,6113000000,,309.77,309.77,,,,,,,,,,,,,,,,,,,,,true,false,9,2023-04-01,2023-12-31,-1
2025-01-31,54820,2025-03-31,3,,,,,,,10000000000,-0.036,,,,6400000000,,324.11,,,,,,,,,,,,,,,,,,,,,,true,true,12,2024-04-01,2025-03-31,0
2025-01-31,54820,2024-03-31,3,,,,,,,,,,,,,,,,,,,,443108000000,,,,,,,,,,,,,,,,true,false,12,2023-04-01,2024-03-31,-1
2025-01-31,54820,2024-03-31,3,,,,,,,,,,,,,,,,,,,,,,,,,,,,,100.00,,,,19886675,144468,,false,false,12,2023-04-01,2024-03-31,-1
2025-01-31,54820,2025-03-31,3,,,,,,,,,,,,,,,,,,,,,,,,,,,,,70.00,,,,,,,false,false,12,2024-04-01,2025-03-31,0
2025-01-31,54820,2025-03-31,3,,,,,,,,,,,,,,,,,,,,,,,,,,,,,140.00,,,,,,,false,true,12,2024-04-01,2025-03-31,0
2025-01-31,54820,2025-03-31,3,,,,,,,,,,,,,,,,,,,,,,,,,,,,,,,,,19886675,135341,19747704,false,false,9,2024-04-01,2024-12-31,0
2025-01-31,54820,2024-03-31,3,,,,,,,,,,,,,,,,,,,,,,,,,,,,,,,,,,,19736501,false,false,9,2023-04-01,2023-12-31,-1
2025-04-25,54820,2025-03-31,,231653000000,0.004,,,,,10502000000,0.654,13233000000,0.406,12804000000,,0.700,651.68,,,,,,273611000000,155709000000,0.569,8151.82,155709000000,,,,,160.00,,,,19109187,8000,19648521,false,false,12,2024-04-01,2025-03-31,0
2025-04-25,54820,2024-03-31,,230722000000,0.025,,,,,6348000000,,9410000000,7.696,7532000000,,4.719,381.60,,,,,,290416000000,154967000000,0.534,7849.57,154967000000,,,,,100.00,,,,19886675,144468,19737822,false,false,12,2023-04-01,2024-03-31,-1
2025-04-25,54820,2025-03-31,,,,,,,,12016000000,0.159,,,,7820000000,,398.02,398.02,,,,,400063000000,,,,,25354000000,-17918000000,-17674000000,,,0.402,,,,,,true,false,12,2024-04-01,2025-03-31,0
2025-04-25,54820,2024-03-31,,,,,,,,10372000000,2.182,,,,6593000000,,334.03,334.03,,,,,443108000000,,,,,33817000000,-18895000000,-16283000000,,,0.299,,,,,,true,false,12,2023-04-01,2024-03-31,-1
2025-04-25,54820,2026-03-31,,,,,,,,4200000000,0.273,,,,2900000000,,151.82,,,,,,,,,,,,,,,,,,,,,,true,true,6,2025-04-01,2025-09-30,1
2025-04-25,54820,2026-03-31,,,,,,,,14000000000,0.165,,,,9500000000,,497.35,,,,,,,,,,,,,,,,0.929,,,,,,true,true,12,2025-04-01,2026-03-31,1
2025-04-25,54820,2026-03-31,,,,,,,,,,,,,,,,,,,,,,,,,,,,,,462.00,,,,,,,false,true,12,2025-04-01,2026-03-31,1
,54820,2026-03-31,,,,,,,,,,,,,,,,,,,,,,,,,,,,,,115.50,,,,,,,false,true,12,2025-04-01,2026-03-31,0
,54820,2025-03-31,,,,,,,,,,,,,,,,,,,,,,,,,,,,,,160.00,,,,,,,false,false,12,2024-04-01,2025-03-31,-1
2025-07-31,54820,2026-03-31,1,,,,,,,4528000000,2.048,,,,3568000000,,50.83,50.83,,,,,392306000000,,,,,,,,,,,,,,,,true,false,3,2025-04-01,2025-06-30,0
2025-07-31,54820,2025-03-31,1,,,,,,,1485000000,-0.516,,,,1122000000,,14.22,14.22,,,,,,,,,,,,,,,,,,,,,true,false,3,2024-04-01,2024-06-30,-1
2025-07-31,54820,2026-03-31,1,,,,,,,6000000000,0.819,,,,4400000000,,65.14,,,,,,,,,,,,,,,,,,,,,,true,true,6,2025-04-01,2025-09-30,0
2025-07-31,54820,2026-03-31,1,,,,,,,14000000000,0.165,,,,9500000000,,144.13,,,,,,,,,,,,,,,,,,,,,,true,true,12,2025-04-01,2026-03-31,0
2025-07-31,54820,2025-03-31,1,,,,,,,,,,,,,,,,,,,,400063000000,,,,,,,,,,,,,,,,true,false,12,2024-04-01,2025-03-31,-1
2025-07-31,54820,2025-03-31,1,,,,,,,,,,,,,,,,,,,,,,,,,,,,,160.00,,,,76436748,32000,,false,false,12,2024-04-01,2025-03-31,-1
2025-07-31,54820,2026-03-31,1,,,,,,,,,,,,,,,,,,,,,,,,,,,,,134.00,,,,,,,false,true,12,2025-04-01,2026-03-31,0
2025-07-31,54820,2026-03-31,1,,,,,,,,,,,,,,,,,,,,,,,,,,,,,,,,,76436748,12432432,70204468,false,false,3,2025-04-01,2025-06-30,0
2025-07-31,54820,2025-03-31,1,,,,,,,,,,,,,,,,,,,,,,,,,,,,,,,,,,,78968768,false,false,3,2024-04-01,2024-06-30,-1
