filing_date,code,fiscal_year_end,quarterly_period,net_sales,net_sales_change,revenue,revenue_change,operating_revenue,operating_revenue_change,operating_profit,operating_profit_change,ordinary_profit,ordinary_profit_change,net_income,net_income_of_parent,net_income_change,eps,diluted_eps,roe,roa,operating_profit_to_net_sales,operating_profit_to_revenue,total_assets,net_assets,equity_ratio,bps,owner_equity,operating_cash_flow,investing_cash_flow,financing_cash_flow,cash,dividend_per_share,payout_ratio,commemorative_dividend,extra_dividend,number_of_shares,number_of_treqsury_shares,avg_number_of_shares,is_consolidated,is_forecast,duration,period_start,period_end,period_pos
2015-05-11,54840,2015-03-31,,18566000000,0.100,,,,,1867000000,0.362,2129000000,0.440,1080000000,,0.209,143.53,,0.063,0.088,0.101,,25419000000,17840000000,0.702,2369.55,17840000000,1718000000,-1812000000,-90000000,4139000000,,0.098,,,,,,true,false,12,2014-04-01,2015-03-31,0
2015-05-11,54840,2014-03-31,,16873000000,0.008,,,,,1370000000,0.383,1478000000,0.228,893000000,,0.283,118.71,,0.055,0.065,0.081,,23170000000,16581000000,0.716,2202.31,16581000000,1753000000,-1111000000,-83000000,4266000000,,0.101,,,,,,true,false,12,2013-04-01,2014-03-31,-1
2015-05-11,54840,2016-03-31,,9500000000,0.067,,,,,890000000,-0.038,950000000,-0.086,,640000000,,85.00,,,,,,,,,,,,,,,,,,,,,,true,true,6,2015-04-01,2015-09-30,1
2015-05-11,54840,2016-03-31,,19100000000,0.029,,,,,1780000000,-0.047,1850000000,-0.131,,1250000000,,166.02,,,,,,,,,,,,,,,,0.096,,,,,,true,true,12,2015-04-01,2016-03-31,1
2015-05-11,54840,2015-03-31,,15849000000,0.093,,,,,1178000000,0.673,1415000000,0.724,247000000,,-0.556,32.83,,,,,,16084000000,13152000000,0.818,1746.90,13152000000,,,,,14.00,,,,7550000,20923,7529151,false,false,12,2014-04-01,2015-03-31,0
2015-05-11,54840,2014-03-31,,14497000000,-0.006,,,,,704000000,0.912,820000000,0.516,557000000,,0.580,74.00,,,,,,14935000000,12820000000,0.858,1702.81,12820000000,,,,,12.00,,,,7550000,20774,7529226,false,false,12,2013-04-01,2014-03-31,-1
2015-05-11,54840,2016-03-31,,,,,,,,,,,,,,,,,,,,,,,,,,,,,,16.00,,,,,,,false,true,12,2015-04-01,2016-03-31,1
2015-07-30,54840,2016-03-31,1,4505000000,0.029,,,,,430000000,-0.067,430000000,-0.098,,260000000,,34.56,,,,,,25020000000,18052000000,0.721,2397.67,18052000000,,,,,,,,,,,,true,false,3,2015-04-01,2015-06-30,0
2015-07-30,54840,2015-03-31,1,4380000000,0.086,,,,,461000000,0.376,477000000,0.237,,299000000,,39.81,,,,,,,,,,,,,,,,,,,,,,true,false,3,2014-04-01,2014-06-30,-1
2015-07-30,54840,2016-03-31,1,9500000000,0.067,,,,,890000000,-0.038,950000000,-0.086,,640000000,,85.00,,,,,,,,,,,,,,,,,,,,,,true,true,6,2015-04-01,2015-09-30,0
2015-07-30,54840,2016-03-31,1,19100000000,0.029,,,,,1780000000,-0.047,1850000000,-0.131,,1250000000,,166.02,,,,,,,,,,,,,,,,,,,,,,true,true,12,2015-04-01,2016-03-31,0
2015-07-30,54840,2015-03-31,1,,,,,,,,,,,,,,,,,,,,25419000000,17840000000,0.702,2369.55,17840000000,,,,,,,,,,,,true,false,12,2014-04-01,2015-03-31,-1
2015-07-30,54840,2015-03-31,1,,,,,,,,,,,,,,,,,,,,,,,,,,,,,14.00,,,,7550000,20923,,false,false,12,2014-04-01,2015-03-31,-1
2015-07-30,54840,2016-03-31,1,,,,,,,,,,,,,,,,,,,,,,,,,,,,,16.00,,,,,,,false,true,12,2015-04-01,2016-03-31,0
2015-07-30,54840,2016-03-31,1,,,,,,,,,,,,,,,,,,,,,,,,,,,,,,,,,7550000,20923,7529077,false,false,3,2015-04-01,2015-06-30,0
2015-07-30,54840,2015-03-31,1,,,,,,,,,,,,,,,,,,,,,,,,,,,,,,,,,,,7529226,false,false,3,2014-04-01,2014-06-30,-1
2015-10-28,54840,2016-03-31,,9060000000,-0.046,,,,,810000000,-0.090,710000000,-0.253,,430000000,,57.11,,,,,,,,,,,,,,,,,,,,,,true,true,6,2015-04-01,2015-09-30,0
2015-10-28,54840,2015-03-31,,8900000000,,,,,,925000000,,1039000000,,,681000000,,90.45,,,,,,,,,,,,,,,,,,,,,,true,false,6,2014-04-01,2014-09-30,-1
2015-10-28,54840,2016-03-31,,17900000000,-0.063,,,,,1450000000,-0.185,1300000000,-0.297,,800000000,,106.25,,,,,,,,,,,,,,,,,,,,,,true,true,12,2015-04-01,2016-03-31,0
2015-10-28,54840,2015-03-31,,18566000000,,,,,,1867000000,,2129000000,,,1080000000,,143.53,,,,,,,,,,,,,,,,,,,,,,true,false,12,2014-04-01,2015-03-31,-1
2015-10-29,54840,2016-03-31,2,9062000000,0.018,,,,,816000000,-0.117,718000000,-0.308,,438000000,,58.27,,,,,,25134000000,18086000000,0.720,2402.27,18086000000,,,,,,,,,,,,true,false,6,2015-04-01,2015-09-30,0
2015-10-29,54840,2015-03-31,2,8900000000,0.086,,,,,925000000,0.466,1039000000,0.504,,681000000,,90.45,,,,,,,,,,,,,,,,,,,,,,true,false,6,2014-04-01,2014-09-30,-1
2015-10-29,54840,2016-03-31,2,17900000000,-0.036,,,,,1450000000,-0.223,1300000000,-0.389,,800000000,,106.25,,,,,,,,,,,,,,,,,,,,,,true,true,12,2015-04-01,2016-03-31,0
2015-10-29,54840,2015-03-31,2,,,,,,,,,,,,,,,,,,,,25419000000,17840000000,0.702,2369.55,17840000000,,,,,,,,,,,,true,false,12,2014-04-01,2015-03-31,-1
2015-10-29,54840,2015-03-31,2,,,,,,,,,,,,,,,,,,,,,,,,,,,,,14.00,,,,7550000,20923,,false,false,12,2014-04-01,2015-03-31,-1
2015-10-29,54840,2016-03-31,2,,,,,,,,,,,,,,,,,,,,,,,,,,,,,8.00,,,,,,,false,false,12,2015-04-01,2016-03-31,0
2015-10-29,54840,2016-03-31,2,,,,,,,,,,,,,,,,,,,,,,,,,,,,,16.00,,,,,,,false,true,12,2015-04-01,2016-03-31,0
2015-10-29,54840,2016-03-31,2,,,,,,,,,,,,,,,,,,,,,,,,,,,,,,,,,7550000,20923,7529077,false,false,6,2015-04-01,2015-09-30,0
2015-10-29,54840,2015-03-31,2,,,,,,,,,,,,,,,,,,,,,,,,,,,,,,,,,,,7529198,false,false,6,2014-04-01,2014-09-30,-1
2016-01-28,54840,2016-03-31,3,13325000000,-0.018,,,,,1186000000,-0.135,1129000000,-0.297,,695000000,,92.36,,,,,,24963000000,18328000000,0.734,2434.39,18328000000,,,,,,,,,,,,true,false,9,2015-04-01,2015-12-31,0
2016-01-28,54840,2015-03-31,3,13575000000,0.078,,,,,1371000000,0.355,1607000000,0.437,,1042000000,,138.45,,,,,,,,,,,,,,,,,,,,,,true,false,9,2014-04-01,2014-12-31,-1
2016-01-28,54840,2016-03-31,3,17900000000,-0.036,,,,,1450000000,-0.223,1300000000,-0.389,,800000000,,106.25,,,,,,,,,,,,,,,,,,,,,,true,true,12,2015-04-01,2016-03-31,0
2016-01-28,54840,2015-03-31,3,,,,,,,,,,,,,,,,,,,,25419000000,17840000000,0.702,2369.55,17840000000,,,,,,,,,,,,true,false,12,2014-04-01,2015-03-31,-1
2016-01-28,54840,2015-03-31,3,,,,,,,,,,,,,,,,,,,,,,,,,,,,,14.00,,,,7550000,20923,,false,false,12,2014-04-01,2015-03-31,-1
2016-01-28,54840,2016-03-31,3,,,,,,,,,,,,,,,,,,,,,,,,,,,,,8.00,,,,,,,false,false,12,2015-04-01,2016-03-31,0
2016-01-28,54840,2016-03-31,3,,,,,,,,,,,,,,,,,,,,,,,,,,,,,16.00,,,,,,,false,true,12,2015-04-01,2016-03-31,0
2016-01-28,54840,2016-03-31,3,,,,,,,,,,,,,,,,,,,,,,,,,,,,,,,,,7550000,20923,7529077,false,false,9,2015-04-01,2015-12-31,0
2016-01-28,54840,2015-03-31,3,,,,,,,,,,,,,,,,,,,,,,,,,,,,,,,,,,,7529172,false,false,9,2014-04-01,2014-12-31,-1
2016-03-30,54840,2016-03-31,,17700000000,-0.011,,,,,1490000000,0.028,1430000000,0.100,,320000000,,42.50,,,,,,,,,,,,,,,,,,,,,,true,true,12,2015-04-01,2016-03-31,0
2016-03-30,54840,2015-03-31,,18566000000,,,,,,1867000000,,2129000000,,,1080000000,,143.53,,,,,,,,,,,,,,,,,,,,,,true,false,12,2014-04-01,2015-03-31,-1
2016-03-30,54840,2016-03-31,,14800000000,,,,,,800000000,,860000000,,-290000000,,,-38.52,,,,,,,,,,,,,,,,,,,,,,false,true,12,2015-04-01,2016-03-31,0
2016-03-30,54840,2015-03-31,,15849000000,,,,,,1178000000,,1415000000,,247000000,,,32.83,,,,,,,,,,,,,,,,,,,,,,false,false,12,2014-04-01,2015-03-31,-1
2016-05-11,54840,2016-03-31,,17814000000,-0.041,,,,,1595000000,-0.146,1532000000,-0.280,,375000000,,49.85,,0.021,0.061,0.090,,24801000000,17893000000,0.721,2376.65,17893000000,1690000000,-914000000,-121000000,4784000000,,0.321,,,,,,true,false,12,2015-04-01,2016-03-31,0
2016-05-11,54840,2015-03-31,,18566000000,0.100,,,,,1867000000,0.362,2129000000,0.440,,1080000000,,143.53,,0.063,0.088,0.101,,25419000000,17840000000,0.702,2369.55,17840000000,1718000000,-1812000000,-90000000,4139000000,,0.098,,,,,,true,false,12,2014-04-01,2015-03-31,-1
2016-05-11,54840,2017-03-31,,8900000000,-0.018,,,,,930000000,0.139,870000000,0.210,,600000000,,79.69,,,,,,,,,,,,,,,,,,,,,,true,true,6,2016-04-01,2016-09-30,1
2016-05-11,54840,2017-03-31,,17800000000,-0.001,,,,,1790000000,0.122,1760000000,0.149,,1250000000,,166.02,,,,,,,,,,,,,,,,0.120,,,,,,true,true,12,2016-04-01,2017-03-31,1
2016-05-11,54840,2016-03-31,,14965000000,-0.056,,,,,900000000,-0.236,958000000,-0.323,-245000000,,,-32.61,,,,,,14921000000,12629000000,0.846,1677.43,12629000000,,,,,16.00,,,,7550000,20923,7529077,false,false,12,2015-04-01,2016-03-31,0
2016-05-11,54840,2015-03-31,,15849000000,0.093,,,,,1178000000,0.673,1415000000,0.724,247000000,,-0.556,32.83,,,,,,16084000000,13152000000,0.818,1746.90,13152000000,,,,,14.00,,,,7550000,20923,7529151,false,false,12,2014-04-01,2015-03-31,-1
2016-05-11,54840,2017-03-31,,,,,,,,,,,,,,,,,,,,,,,,,,,,,,20.00,,,,,,,false,true,12,2016-04-01,2017-03-31,1
2016-07-28,54840,2017-03-31,1,4506000000,0.000,,,,,548000000,0.273,466000000,0.083,,285000000,,37.89,,,,,,24717000000,18096000000,0.732,2403.51,18096000000,,,,,,,,,,,,true,false,3,2016-04-01,2016-06-30,0
2016-07-28,54840,2016-03-31,1,4505000000,0.029,,,,,430000000,-0.067,430000000,-0.098,,260000000,,34.56,,,,,,,,,,,,,,,,,,,,,,true,false,3,2015-04-01,2015-06-30,-1
2016-07-28,54840,2017-03-31,1,8900000000,-0.018,,,,,930000000,0.139,870000000,0.210,,600000000,,79.69,,,,,,,,,,,,,,,,,,,,,,true,true,6,2016-04-01,2016-09-30,0
2016-07-28,54840,2017-03-31,1,17800000000,-0.001,,,,,1790000000,0.122,1760000000,0.149,,1250000000,,166.02,,,,,,,,,,,,,,,,,,,,,,true,true,12,2016-04-01,2017-03-31,0
2016-07-28,54840,2016-03-31,1,,,,,,,,,,,,,,,,,,,,24801000000,17893000000,0.721,2376.65,17893000000,,,,,,,,,,,,true,false,12,2015-04-01,2016-03-31,-1
2016-07-28,54840,2016-03-31,1,,,,,,,,,,,,,,,,,,,,,,,,,,,,,16.00,,,,7550000,20923,,false,false,12,2015-04-01,2016-03-31,-1
2016-07-28,54840,2017-03-31,1,,,,,,,,,,,,,,,,,,,,,,,,,,,,,20.00,,,,,,,false,true,12,2016-04-01,2017-03-31,0
2016-07-28,54840,2017-03-31,1,,,,,,,,,,,,,,,,,,,,,,,,,,,,,,,,,7550000,20923,7529077,false,false,3,2016-04-01,2016-06-30,0
2016-07-28,54840,2016-03-31,1,,,,,,,,,,,,,,,,,,,,,,,,,,,,,,,,,,,7529077,false,false,3,2015-04-01,2015-06-30,-1
2016-10-28,54840,2017-03-31,2,9113000000,0.006,,,,,1093000000,0.339,1011000000,0.407,,636000000,,84.49,,,,,,25506000000,18493000000,0.725,2456.28,18493000000,,,,,,,,,,,,true,false,6,2016-04-01,2016-09-30,0
2016-10-28,54840,2016-03-31,2,9062000000,0.018,,,,,816000000,-0.117,718000000,-0.308,,438000000,,58.27,,,,,,,,,,,,,,,,,,,,,,true,false,6,2015-04-01,2015-09-30,-1
2016-10-28,54840,2017-03-31,2,17800000000,-0.001,,,,,1790000000,0.122,1760000000,0.149,,1250000000,,166.02,,,,,,,,,,,,,,,,,,,,,,true,true,12,2016-04-01,2017-03-31,0
2016-10-28,54840,2016-03-31,2,,,,,,,,,,,,,,,,,,,,24801000000,17893000000,0.721,2376.65,17893000000,,,,,,,,,,,,true,false,12,2015-04-01,2016-03-31,-1
2016-10-28,54840,2016-03-31,2,,,,,,,,,,,,,,,,,,,,,,,,,,,,,16.00,,,,7550000,20923,,false,false,12,2015-04-01,2016-03-31,-1
2016-10-28,54840,2017-03-31,2,,,,,,,,,,,,,,,,,,,,,,,,,,,,,10.00,,,,,,,false,false,12,2016-04-01,2017-03-31,0
2016-10-28,54840,2017-03-31,2,,,,,,,,,,,,,,,,,,,,,,,,,,,,,20.00,,,,,,,false,true,12,2016-04-01,2017-03-31,0
2016-10-28,54840,2017-03-31,2,,,,,,,,,,,,,,,,,,,,,,,,,,,,,,,,,7550000,20923,7529077,false,false,6,2016-04-01,2016-09-30,0
2016-10-28,54840,2016-03-31,2,,,,,,,,,,,,,,,,,,,,,,,,,,,,,,,,,,,7529077,false,false,6,2015-04-01,2015-09-30,-1
2017-01-30,54840,2017-03-31,3,13859000000,0.040,,,,,1664000000,0.403,1728000000,0.530,,1165000000,,154.74,,,,,,25819000000,19046000000,0.738,2529.68,19046000000,,,,,,,,,,,,true,false,9,2016-04-01,2016-12-31,0
2017-01-30,54840,2016-03-31,3,13325000000,-0.018,,,,,1186000000,-0.135,1129000000,-0.297,,695000000,,92.36,,,,,,,,,,,,,,,,,,,,,,true,false,9,2015-04-01,2015-12-31,-1
2017-01-30,54840,2017-03-31,3,17800000000,-0.001,,,,,1790000000,0.122,1760000000,0.149,,1250000000,,166.02,,,,,,,,,,,,,,,,,,,,,,true,true,12,2016-04-01,2017-03-31,0
2017-01-30,54840,2016-03-31,3,,,,,,,,,,,,,,,,,,,,24801000000,17893000000,0.721,2376.65,17893000000,,,,,,,,,,,,true,false,12,2015-04-01,2016-03-31,-1
2017-01-30,54840,2016-03-31,3,,,,,,,,,,,,,,,,,,,,,,,,,,,,,16.00,,,,7550000,20923,,false,false,12,2015-04-01,2016-03-31,-1
2017-01-30,54840,2017-03-31,3,,,,,,,,,,,,,,,,,,,,,,,,,,,,,10.00,,,,,,,false,false,12,2016-04-01,2017-03-31,0
2017-01-30,54840,2017-03-31,3,,,,,,,,,,,,,,,,,,,,,,,,,,,,,20.00,,,,,,,false,true,12,2016-04-01,2017-03-31,0
2017-01-30,54840,2017-03-31,3,,,,,,,,,,,,,,,,,,,,,,,,,,,,,,,,,7550000,20923,7529077,false,false,9,2016-04-01,2016-12-31,0
2017-01-30,54840,2016-03-31,3,,,,,,,,,,,,,,,,,,,,,,,,,,,,,,,,,,,7529077,false,false,9,2015-04-01,2015-12-31,-1
2017-04-27,54840,2017-03-31,,18700000000,0.051,,,,,2260000000,0.263,2340000000,0.330,,1640000000,,217.82,,,,,,,,,,,,,,,,,,,,,,true,true,12,2016-04-01,2017-03-31,0
2017-04-27,54840,2016-03-31,,17814000000,,,,,,1595000000,,1532000000,,,375000000,,49.85,,,,,,,,,,,,,,,,,,,,,,true,false,12,2015-04-01,2016-03-31,-1
2017-04-27,54840,2017-03-31,,15660000000,,,,,,1330000000,,1480000000,,1050000000,,,139.46,,,,,,,,,,,,,,,22.00,,,,,,,false,true,12,2016-04-01,2017-03-31,0
2017-04-27,54840,2016-03-31,,14965000000,,,,,,900000000,,958000000,,-245000000,,,-32.61,,,,,,,,,,,,,,,16.00,,,,,,,false,false,12,2015-04-01,2016-03-31,-1
2017-04-27,54840,2017-03-31,,,,,,,,,,,,,,,,,,,,,,,,,,,,,,10.00,,,,,,,false,false,12,2016-04-01,2017-03-31,0
2017-05-11,54840,2017-03-31,,18709000000,0.050,,,,,2266000000,0.421,2347000000,0.532,,1649000000,,219.10,,0.088,0.091,0.121,,26763000000,19469000000,0.727,2585.97,19469000000,2611000000,-2046000000,-137000000,5214000000,,0.100,,,,,,true,false,12,2016-04-01,2017-03-31,0
2017-05-11,54840,2016-03-31,,17814000000,-0.041,,,,,1595000000,-0.146,1532000000,-0.280,,375000000,,49.85,,0.021,0.061,0.090,,24801000000,17893000000,0.721,2376.65,17893000000,1690000000,-914000000,-121000000,4784000000,,0.321,,,,,,true,false,12,2015-04-01,2016-03-31,-1
2017-05-11,54840,2018-03-31,,9600000000,0.053,,,,,1030000000,-0.059,980000000,-0.032,,680000000,,90.32,,,,,,,,,,,,,,,,,,,,,,true,true,6,2017-04-01,2017-09-30,1
2017-05-11,54840,2018-03-31,,19100000000,0.021,,,,,1690000000,-0.254,1630000000,-0.306,,1120000000,,148.76,,,,,,,,,,,,,,,,0.155,,,,,,true,true,12,2017-04-01,2018-03-31,1
2017-05-11,54840,2017-03-31,,15660000000,0.046,,,,,1331000000,0.479,1483000000,0.548,1052000000,,,139.81,,,,,,16297000000,13614000000,0.835,1808.22,13614000000,,,,,22.00,,,,7550000,20923,7529077,false,false,12,2016-04-01,2017-03-31,0
2017-05-11,54840,2016-03-31,,14965000000,-0.056,,,,,900000000,-0.236,958000000,-0.323,-245000000,,,-32.61,,,,,,14921000000,12629000000,0.846,1677.43,12629000000,,,,,16.00,,,,7550000,20923,7529077,false,false,12,2015-04-01,2016-03-31,-1
2017-05-11,54840,2018-03-31,,,,,,,,,,,,,,,,,,,,,,,,,,,,,,23.00,,,,,,,false,true,12,2017-04-01,2018-03-31,1
2017-07-28,54840,2018-03-31,1,5064000000,0.124,,,,,686000000,0.252,715000000,0.533,,517000000,,68.76,,,,,,25675000000,19914000000,0.776,2645.05,19914000000,,,,,,,,,,,,true,false,3,2017-04-01,2017-06-30,0
2017-07-28,54840,2017-03-31,1,4506000000,0.000,,,,,548000000,0.273,466000000,0.083,,285000000,,37.89,,,,,,,,,,,,,,,,,,,,,,true,false,3,2016-04-01,2016-06-30,-1
2017-07-28,54840,2018-03-31,1,9600000000,0.053,,,,,1030000000,-0.059,980000000,-0.032,,680000000,,90.32,,,,,,,,,,,,,,,,,,,,,,true,true,6,2017-04-01,2017-09-30,0
2017-07-28,54840,2018-03-31,1,19100000000,0.021,,,,,1690000000,-0.254,1630000000,-0.306,,1120000000,,148.76,,,,,,,,,,,,,,,,,,,,,,true,true,12,2017-04-01,2018-03-31,0
2017-07-28,54840,2017-03-31,1,,,,,,,,,,,,,,,,,,,,26763000000,19469000000,0.727,2585.97,19469000000,,,,,,,,,,,,true,false,12,2016-04-01,2017-03-31,-1
2017-07-28,54840,2017-03-31,1,,,,,,,,,,,,,,,,,,,,,,,,,,,,,22.00,,,,7550000,20923,,false,false,12,2016-04-01,2017-03-31,-1
2017-07-28,54840,2018-03-31,1,,,,,,,,,,,,,,,,,,,,,,,,,,,,,23.00,,,,,,,false,true,12,2017-04-01,2018-03-31,0
2017-07-28,54840,2018-03-31,1,,,,,,,,,,,,,,,,,,,,,,,,,,,,,,,,,7550000,20923,7529077,false,false,3,2017-04-01,2017-06-30,0
2017-07-28,54840,2017-03-31,1,,,,,,,,,,,,,,,,,,,,,,,,,,,,,,,,,,,7529077,false,false,3,2016-04-01,2016-06-30,-1
2017-10-27,54840,2018-03-31,,9970000000,0.039,,,,,1300000000,0.262,1380000000,0.408,,970000000,,128.83,,,,,,,,,,,,,,,,,,,,,,true,true,6,2017-04-01,2017-09-30,0
2017-10-27,54840,2017-03-31,,9113000000,,,,,,1093000000,,1011000000,,,636000000,,84.49,,,,,,,,,,,,,,,,,,,,,,true,false,6,2016-04-01,2016-09-30,-1
2017-10-27,54840,2018-03-31,,20100000000,0.052,,,,,2090000000,0.237,2090000000,0.282,,1470000000,,195.24,,,,,,,,,,,,,,,,,,,,,,true,true,12,2017-04-01,2018-03-31,0
2017-10-27,54840,2017-03-31,,18709000000,,,,,,2266000000,,2347000000,,,1649000000,,219.10,,,,,,,,,,,,,,,,,,,,,,true,false,12,2016-04-01,2017-03-31,-1
2017-10-27,54840,2018-03-31,,,,,,,,,,,,,,,,,,,,,,,,,,,,,,25.00,,,,,,,false,true,12,2017-04-01,2018-03-31,0
2017-10-27,54840,2017-03-31,,,,,,,,,,,,,,,,,,,,,,,,,,,,,,22.00,,,,,,,false,false,12,2016-04-01,2017-03-31,-1
2017-10-30,54840,2018-03-31,2,9974000000,0.095,,,,,1308000000,0.196,1382000000,0.367,,978000000,,129.99,,,,,,26615000000,20427000000,0.767,2713.14,20427000000,,,,,,,,,,,,true,false,6,2017-04-01,2017-09-30,0
2017-10-30,54840,2017-03-31,2,9113000000,0.006,,,,,1093000000,0.339,1011000000,0.407,,636000000,,84.49,,,,,,,,,,,,,,,,,,,,,,true,false,6,2016-04-01,2016-09-30,-1
2017-10-30,54840,2018-03-31,2,20100000000,0.074,,,,,2090000000,-0.078,2090000000,-0.110,,1470000000,,195.24,,,,,,,,,,,,,,,,,,,,,,true,true,12,2017-04-01,2018-03-31,0
2017-10-30,54840,2017-03-31,2,,,,,,,,,,,,,,,,,,,,26763000000,19469000000,0.727,2585.97,19469000000,,,,,,,,,,,,true,false,12,2016-04-01,2017-03-31,-1
2017-10-30,54840,2017-03-31,2,,,,,,,,,,,,,,,,,,,,,,,,,,,,,22.00,,,,7550000,20923,,false,false,12,2016-04-01,2017-03-31,-1
2017-10-30,54840,2018-03-31,2,,,,,,,,,,,,,,,,,,,,,,,,,,,,,13.00,,,,,,,false,false,12,2017-04-01,2018-03-31,0
2017-10-30,54840,2018-03-31,2,,,,,,,,,,,,,,,,,,,,,,,,,,,,,25.00,,,,,,,false,true,12,2017-04-01,2018-03-31,0
2017-10-30,54840,2018-03-31,2,,,,,,,,,,,,,,,,,,,,,,,,,,,,,,,,,7550000,20959,7529062,false,false,6,2017-04-01,2017-09-30,0
2017-10-30,54840,2017-03-31,2,,,,,,,,,,,,,,,,,,,,,,,,,,,,,,,,,,,7529077,false,false,6,2016-04-01,2016-09-30,-1
2018-01-30,54840,2018-03-31,3,15337000000,0.107,,,,,1961000000,0.179,2071000000,0.199,,1472000000,,195.56,,,,,,25963000000,20935000000,0.806,2780.66,20935000000,,,,,,,,,,,,true,false,9,2017-04-01,2017-12-31,0
2018-01-30,54840,2017-03-31,3,13859000000,0.040,,,,,1664000000,0.403,1728000000,0.530,,1165000000,,154.74,,,,,,,,,,,,,,,,,,,,,,true,false,9,2016-04-01,2016-12-31,-1
2018-01-30,54840,2018-03-31,3,20200000000,0.080,,,,,2400000000,0.059,2460000000,0.048,,1750000000,,232.43,,,,,,,,,,,,,,,,,,,,,,true,true,12,2017-04-01,2018-03-31,0
2018-01-30,54840,2017-03-31,3,,,,,,,,,,,,,,,,,,,,26763000000,19469000000,0.727,2585.97,19469000000,,,,,,,,,,,,true,false,12,2016-04-01,2017-03-31,-1
2018-01-30,54840,2017-03-31,3,,,,,,,,,,,,,,,,,,,,,,,,,,,,,22.00,,,,7550000,20923,,false,false,12,2016-04-01,2017-03-31,-1
2018-01-30,54840,2018-03-31,3,,,,,,,,,,,,,,,,,,,,,,,,,,,,,13.00,,,,,,,false,false,12,2017-04-01,2018-03-31,0
2018-01-30,54840,2018-03-31,3,,,,,,,,,,,,,,,,,,,,,,,,,,,,,25.00,,,,,,,false,true,12,2017-04-01,2018-03-31,0
2018-01-30,54840,2018-03-31,3,,,,,,,,,,,,,,,,,,,,,,,,,,,,,,,,,7550000,21041,7529038,false,false,9,2017-04-01,2017-12-31,0
2018-01-30,54840,2017-03-31,3,,,,,,,,,,,,,,,,,,,,,,,,,,,,,,,,,,,7529077,false,false,9,2016-04-01,2016-12-31,-1
2018-04-26,54840,2018-03-31,,20400000000,0.010,,,,,2540000000,0.058,2660000000,0.081,,1900000000,,252.36,,,,,,,,,,,,,,,,,,,,,,true,true,12,2017-04-01,2018-03-31,0
2018-04-26,54840,2017-03-31,,18709000000,,,,,,2266000000,,2347000000,,,1649000000,,219.10,,,,,,,,,,,,,,,,,,,,,,true,false,12,2016-04-01,2017-03-31,-1
2018-04-26,54840,2018-03-31,,17100000000,,,,,,1770000000,,1960000000,,1440000000,,,191.26,,,,,,,,,,,,,,,27.00,,,,,,,false,true,12,2017-04-01,2018-03-31,0
2018-04-26,54840,2017-03-31,,15660000000,,,,,,1331000000,,1483000000,,1052000000,,,139.81,,,,,,,,,,,,,,,22.00,,,,,,,false,false,12,2016-04-01,2017-03-31,-1
2018-04-26,54840,2018-03-31,,,,,,,,,,,,,,,,,,,,,,,,,,,,,,13.00,,,,,,,false,false,12,2017-04-01,2018-03-31,0
2018-05-10,54840,2018-03-31,,20411000000,0.091,,,,,2547000000,0.124,2667000000,0.136,,1905000000,,253.04,,0.094,0.100,0.125,,26678000000,21155000000,0.793,2809.94,21155000000,2620000000,-2441000000,-190000000,5103000000,,0.107,,,,,,true,false,12,2017-04-01,2018-03-31,0
2018-05-10,54840,2017-03-31,,18709000000,0.050,,,,,2266000000,0.421,2347000000,0.532,,1649000000,,219.10,,0.088,0.091,0.121,,26763000000,19469000000,0.727,2585.97,19469000000,2611000000,-2046000000,-137000000,5214000000,,0.100,,,,,,true,false,12,2016-04-01,2017-03-31,-1
2018-05-10,54840,2019-03-31,,10000000000,0.003,,,,,1200000000,-0.083,1220000000,-0.118,,850000000,,112.90,,,,,,,,,,,,,,,,,,,,,,true,true,6,2018-04-01,2018-09-30,1
2018-05-10,54840,2019-03-31,,20100000000,-0.015,,,,,2340000000,-0.082,2320000000,-0.130,,1630000000,,216.50,,,,,,,,,,,,,,,,0.111,,,,,,true,true,12,2018-04-01,2019-03-31,1
2018-05-10,54840,2018-03-31,,17100000000,0.092,,,,,1779000000,0.337,1964000000,0.325,1449000000,,0.377,192.53,,,,,,17805000000,14955000000,0.840,1986.43,14955000000,,,,,27.00,,,,7550000,21041,7529019,false,false,12,2017-04-01,2018-03-31,0
2018-05-10,54840,2017-03-31,,15660000000,0.046,,,,,1331000000,0.479,1483000000,0.548,1052000000,,,139.81,,,,,,16297000000,13614000000,0.835,1808.22,13614000000,,,,,22.00,,,,7550000,20923,7529077,false,false,12,2016-04-01,2017-03-31,-1
2018-05-10,54840,2019-03-31,,,,,,,,,,,,,,,,,,,,,,,,,,,,,,24.00,,,,,,,false,true,12,2018-04-01,2019-03-31,1
2018-07-30,54840,2019-03-31,1,5093000000,0.006,,,,,577000000,-0.159,585000000,-0.182,,399000000,,53.01,,,,,,26321000000,21423000000,0.814,,21423000000,,,,,,,,,,,,true,false,3,2018-04-01,2018-06-30,0
2018-07-30,54840,2018-03-31,1,5064000000,0.124,,,,,686000000,0.252,715000000,0.533,,517000000,,68.76,,,,,,,,,,,,,,,,,,,,,,true,false,3,2017-04-01,2017-06-30,-1
2018-07-30,54840,2019-03-31,1,10000000000,0.003,,,,,1200000000,-0.083,1220000000,-0.118,,850000000,,112.90,,,,,,,,,,,,,,,,,,,,,,true,true,6,2018-04-01,2018-09-30,0
2018-07-30,54840,2019-03-31,1,20100000000,-0.015,,,,,2340000000,-0.082,2320000000,-0.130,,1630000000,,216.50,,,,,,,,,,,,,,,,,,,,,,true,true,12,2018-04-01,2019-03-31,0
2018-07-30,54840,2018-03-31,1,,,,,,,,,,,,,,,,,,,,26640000000,21155000000,0.794,,21155000000,,,,,,,,,,,,true,false,12,2017-04-01,2018-03-31,-1
2018-07-30,54840,2018-03-31,1,,,,,,,,,,,,,,,,,,,,,,,,,,,,,27.00,,,,7550000,21041,,false,false,12,2017-04-01,2018-03-31,-1
2018-07-30,54840,2019-03-31,1,,,,,,,,,,,,,,,,,,,,,,,,,,,,,24.00,,,,,,,false,true,12,2018-04-01,2019-03-31,0
2018-07-30,54840,2019-03-31,1,,,,,,,,,,,,,,,,,,,,,,,,,,,,,,,,,7550000,21041,7528959,false,false,3,2018-04-01,2018-06-30,0
2018-07-30,54840,2018-03-31,1,,,,,,,,,,,,,,,,,,,,,,,,,,,,,,,,,,,7529077,false,false,3,2017-04-01,2017-06-30,-1
2018-10-30,54840,2019-03-31,2,10071000000,0.010,,,,,1141000000,-0.128,1205000000,-0.128,,839000000,,111.50,,,,,,27148000000,21890000000,0.806,,21890000000,,,,,,,,,,,,true,false,6,2018-04-01,2018-09-30,0
2018-10-30,54840,2018-03-31,2,9974000000,0.095,,,,,1308000000,0.196,1382000000,0.367,,978000000,,129.99,,,,,,,,,,,,,,,,,,,,,,true,false,6,2017-04-01,2017-09-30,-1
2018-10-30,54840,2019-03-31,2,20100000000,-0.015,,,,,2340000000,-0.082,2320000000,-0.130,,1630000000,,216.50,,,,,,,,,,,,,,,,,,,,,,true,true,12,2018-04-01,2019-03-31,0
2018-10-30,54840,2018-03-31,2,,,,,,,,,,,,,,,,,,,,26640000000,21155000000,0.794,,21155000000,,,,,,,,,,,,true,false,12,2017-04-01,2018-03-31,-1
2018-10-30,54840,2018-03-31,2,,,,,,,,,,,,,,,,,,,,,,,,,,,,,27.00,,,,7550000,21041,,false,false,12,2017-04-01,2018-03-31,-1
2018-10-30,54840,2019-03-31,2,,,,,,,,,,,,,,,,,,,,,,,,,,,,,12.00,,,,,,,false,false,12,2018-04-01,2019-03-31,0
2018-10-30,54840,2019-03-31,2,,,,,,,,,,,,,,,,,,,,,,,,,,,,,24.00,,,,,,,false,true,12,2018-04-01,2019-03-31,0
2018-10-30,54840,2019-03-31,2,,,,,,,,,,,,,,,,,,,,,,,,,,,,,,,,,7550000,21041,7528959,false,false,6,2018-04-01,2018-09-30,0
2018-10-30,54840,2018-03-31,2,,,,,,,,,,,,,,,,,,,,,,,,,,,,,,,,,,,7529062,false,false,6,2017-04-01,2017-09-30,-1
2019-01-30,54840,2019-03-31,3,15154000000,-0.012,,,,,1640000000,-0.164,1699000000,-0.179,,1196000000,,158.98,,,,,,26862000000,21997000000,0.819,,21997000000,,,,,,,,,,,,true,false,9,2018-04-01,2018-12-31,0
2019-01-30,54840,2018-03-31,3,15337000000,0.107,,,,,1961000000,0.179,2071000000,0.199,,1472000000,,195.56,,,,,,,,,,,,,,,,,,,,,,true,false,9,2017-04-01,2017-12-31,-1
2019-01-30,54840,2019-03-31,3,20100000000,-0.015,,,,,2340000000,-0.082,2320000000,-0.130,,1630000000,,216.50,,,,,,,,,,,,,,,,,,,,,,true,true,12,2018-04-01,2019-03-31,0
2019-01-30,54840,2018-03-31,3,,,,,,,,,,,,,,,,,,,,26640000000,21155000000,0.794,,21155000000,,,,,,,,,,,,true,false,12,2017-04-01,2018-03-31,-1
2019-01-30,54840,2018-03-31,3,,,,,,,,,,,,,,,,,,,,,,,,,,,,,27.00,,,,7550000,21041,,false,false,12,2017-04-01,2018-03-31,-1
2019-01-30,54840,2019-03-31,3,,,,,,,,,,,,,,,,,,,,,,,,,,,,,12.00,,,,,,,false,false,12,2018-04-01,2019-03-31,0
2019-01-30,54840,2019-03-31,3,,,,,,,,,,,,,,,,,,,,,,,,,,,,,24.00,,,,,,,false,true,12,2018-04-01,2019-03-31,0
2019-01-30,54840,2019-03-31,3,,,,,,,,,,,,,,,,,,,,,,,,,,,,,,,,,7550000,21041,7528959,false,false,9,2018-04-01,2018-12-31,0
2019-01-30,54840,2018-03-31,3,,,,,,,,,,,,,,,,,,,,,,,,,,,,,,,,,,,7529038,false,false,9,2017-04-01,2017-12-31,-1
2019-05-14,54840,2019-03-31,,20228000000,-0.009,,,,,2190000000,-0.140,2262000000,-0.152,,1606000000,,213.38,,0.074,0.083,0.108,,27604000000,22463000000,0.814,2983.66,22463000000,1638000000,-999000000,-197000000,5550000000,,0.112,,,,,,true,false,12,2018-04-01,2019-03-31,0
2019-05-14,54840,2018-03-31,,20411000000,0.091,,,,,2547000000,0.124,2667000000,0.136,,1905000000,,253.04,,0.094,0.100,0.125,,26640000000,21155000000,0.794,2809.94,21155000000,2620000000,-2441000000,-190000000,5103000000,,0.107,,,,,,true,false,12,2017-04-01,2018-03-31,-1
2019-05-14,54840,2020-03-31,,10100000000,0.003,,,,,1000000000,-0.124,980000000,-0.187,,680000000,,90.32,,,,,,,,,,,,,,,,,,,,,,true,true,6,2019-04-01,2019-09-30,1
2019-05-14,54840,2020-03-31,,20300000000,0.004,,,,,1980000000,-0.096,1970000000,-0.129,,1400000000,,185.95,,,,,,,,,,,,,,,,0.140,,,,,,true,true,12,2019-04-01,2020-03-31,1
2019-05-14,54840,2019-03-31,,17071000000,-0.002,,,,,1405000000,-0.210,1512000000,-0.230,1133000000,,-0.218,150.51,,,,,,18174000000,15802000000,0.869,2098.92,15802000000,,,,,24.00,,,,7550000,21041,7528959,false,false,12,2018-04-01,2019-03-31,0
2019-05-14,54840,2018-03-31,,17100000000,0.092,,,,,1779000000,0.337,1964000000,0.325,1449000000,,0.377,192.53,,,,,,17767000000,14955000000,0.842,1986.43,14955000000,,,,,27.00,,,,7550000,21041,7529019,false,false,12,2017-04-01,2018-03-31,-1
2019-05-14,54840,2020-03-31,,,,,,,,,,,,,,,,,,,,,,,,,,,,,,26.00,,,,,,,false,true,12,2019-04-01,2020-03-31,1
2019-07-30,54840,2020-03-31,1,5262000000,0.033,,,,,476000000,-0.174,497000000,-0.151,,350000000,,46.60,,,,,,27635000000,22694000000,0.821,,22694000000,,,,,,,,,,,,true,false,3,2019-04-01,2019-06-30,0
2019-07-30,54840,2019-03-31,1,5093000000,0.006,,,,,577000000,-0.159,585000000,-0.182,,399000000,,53.01,,,,,,,,,,,,,,,,,,,,,,true,false,3,2018-04-01,2018-06-30,-1
2019-07-30,54840,2020-03-31,1,10100000000,0.003,,,,,1000000000,-0.124,980000000,-0.187,,680000000,,90.32,,,,,,,,,,,,,,,,,,,,,,true,true,6,2019-04-01,2019-09-30,0
2019-07-30,54840,2020-03-31,1,20300000000,0.004,,,,,1980000000,-0.096,1970000000,-0.129,,1400000000,,185.95,,,,,,,,,,,,,,,,,,,,,,true,true,12,2019-04-01,2020-03-31,0
2019-07-30,54840,2019-03-31,1,,,,,,,,,,,,,,,,,,,,27604000000,22463000000,0.814,,22463000000,,,,,,,,,,,,true,false,12,2018-04-01,2019-03-31,-1
2019-07-30,54840,2019-03-31,1,,,,,,,,,,,,,,,,,,,,,,,,,,,,,24.00,,,,7550000,21041,,false,false,12,2018-04-01,2019-03-31,-1
2019-07-30,54840,2020-03-31,1,,,,,,,,,,,,,,,,,,,,,,,,,,,,,26.00,,,,,,,false,true,12,2019-04-01,2020-03-31,0
2019-07-30,54840,2020-03-31,1,,,,,,,,,,,,,,,,,,,,,,,,,,,,,,,,,7550000,21041,7528959,false,false,3,2019-04-01,2019-06-30,0
2019-07-30,54840,2019-03-31,1,,,,,,,,,,,,,,,,,,,,,,,,,,,,,,,,,,,7528959,false,false,3,2018-04-01,2018-06-30,-1
2019-10-30,54840,2020-03-31,2,10365000000,0.029,,,,,1003000000,-0.120,1037000000,-0.139,,747000000,,99.31,,,,,,28404000000,23119000000,0.814,,23119000000,,,,,,,,,,,,true,false,6,2019-04-01,2019-09-30,0
2019-10-30,54840,2019-03-31,2,10071000000,0.010,,,,,1141000000,-0.128,1205000000,-0.128,,839000000,,111.50,,,,,,,,,,,,,,,,,,,,,,true,false,6,2018-04-01,2018-09-30,-1
2019-10-30,54840,2020-03-31,2,20300000000,0.004,,,,,1980000000,-0.096,1970000000,-0.129,,1400000000,,185.95,,,,,,,,,,,,,,,,,,,,,,true,true,12,2019-04-01,2020-03-31,0
2019-10-30,54840,2019-03-31,2,,,,,,,,,,,,,,,,,,,,27604000000,22463000000,0.814,,22463000000,,,,,,,,,,,,true,false,12,2018-04-01,2019-03-31,-1
2019-10-30,54840,2019-03-31,2,,,,,,,,,,,,,,,,,,,,,,,,,,,,,24.00,,,,7550000,21041,,false,false,12,2018-04-01,2019-03-31,-1
2019-10-30,54840,2020-03-31,2,,,,,,,,,,,,,,,,,,,,,,,,,,,,,13.00,,,,,,,false,false,12,2019-04-01,2020-03-31,0
2019-10-30,54840,2020-03-31,2,,,,,,,,,,,,,,,,,,,,,,,,,,,,,26.00,,,,,,,false,true,12,2019-04-01,2020-03-31,0
2019-10-30,54840,2020-03-31,2,,,,,,,,,,,,,,,,,,,,,,,,,,,,,,,,,7550000,21041,7528959,false,false,6,2019-04-01,2019-09-30,0
2019-10-30,54840,2019-03-31,2,,,,,,,,,,,,,,,,,,,,,,,,,,,,,,,,,,,7528959,false,false,6,2018-04-01,2018-09-30,-1
2020-01-30,54840,2020-03-31,3,15106000000,-0.003,,,,,1495000000,-0.088,1580000000,-0.070,,1149000000,,152.72,,,,,,28465000000,23490000000,0.825,,23490000000,,,,,,,,,,,,true,false,9,2019-04-01,2019-12-31,0
2020-01-30,54840,2019-03-31,3,15154000000,-0.012,,,,,1640000000,-0.164,1699000000,-0.179,,1196000000,,158.98,,,,,,,,,,,,,,,,,,,,,,true,false,9,2018-04-01,2018-12-31,-1
2020-01-30,54840,2020-03-31,3,20300000000,0.004,,,,,1980000000,-0.096,1970000000,-0.129,,1400000000,,185.95,,,,,,,,,,,,,,,,,,,,,,true,true,12,2019-04-01,2020-03-31,0
2020-01-30,54840,2019-03-31,3,,,,,,,,,,,,,,,,,,,,27604000000,22463000000,0.814,,22463000000,,,,,,,,,,,,true,false,12,2018-04-01,2019-03-31,-1
2020-01-30,54840,2019-03-31,3,,,,,,,,,,,,,,,,,,,,,,,,,,,,,24.00,,,,7550000,21041,,false,false,12,2018-04-01,2019-03-31,-1
2020-01-30,54840,2020-03-31,3,,,,,,,,,,,,,,,,,,,,,,,,,,,,,13.00,,,,,,,false,false,12,2019-04-01,2020-03-31,0
2020-01-30,54840,2020-03-31,3,,,,,,,,,,,,,,,,,,,,,,,,,,,,,26.00,,,,,,,false,true,12,2019-04-01,2020-03-31,0
2020-01-30,54840,2020-03-31,3,,,,,,,,,,,,,,,,,,,,,,,,,,,,,,,,,7550000,21041,7528959,false,false,9,2019-04-01,2019-12-31,0
2020-01-30,54840,2019-03-31,3,,,,,,,,,,,,,,,,,,,,,,,,,,,,,,,,,,,7528959,false,false,9,2018-04-01,2018-12-31,-1
2020-05-14,54840,2020-03-31,,19531000000,-0.034,,,,,1946000000,-0.111,1998000000,-0.117,,1459000000,,193.88,,0.063,0.071,0.100,,28762000000,23582000000,0.820,3132.31,23582000000,2373000000,-2060000000,-189000000,5642000000,,0.134,,,,,,true,false,12,2019-04-01,2020-03-31,0
2020-05-14,54840,2019-03-31,,20228000000,-0.009,,,,,2190000000,-0.140,2262000000,-0.152,,1606000000,,213.38,,0.074,0.083,0.108,,27604000000,22463000000,0.814,2983.66,22463000000,1638000000,-999000000,-197000000,5550000000,,0.112,,,,,,true,false,12,2018-04-01,2019-03-31,-1
2020-05-14,54840,2020-03-31,,16410000000,-0.039,,,,,1130000000,-0.196,1216000000,-0.196,935000000,,-0.175,124.19,,,,,,18755000000,16496000000,0.880,2191.10,16496000000,,,,,26.00,,,,7550000,21071,7528954,false,false,12,2019-04-01,2020-03-31,0
2020-05-14,54840,2019-03-31,,17071000000,-0.002,,,,,1405000000,-0.210,1512000000,-0.230,1133000000,,-0.218,150.51,,,,,,18174000000,15802000000,0.869,2098.92,15802000000,,,,,24.00,,,,7550000,21041,7528959,false,false,12,2018-04-01,2019-03-31,-1
2020-07-30,54840,2021-03-31,1,3616000000,-0.313,,,,,171000000,-0.640,253000000,-0.490,,162000000,,21.54,,,,,,28241000000,23703000000,0.839,,23703000000,,,,,,,,,,,,true,false,3,2020-04-01,2020-06-30,0
2020-07-30,54840,2020-03-31,1,5262000000,0.033,,,,,476000000,-0.174,497000000,-0.151,,350000000,,46.60,,,,,,,,,,,,,,,,,,,,,,true,false,3,2019-04-01,2019-06-30,-1
2020-07-30,54840,2021-03-31,1,7000000000,-0.325,,,,,260000000,-0.741,330000000,-0.682,,200000000,,26.56,,,,,,,,,,,,,,,,,,,,,,true,true,6,2020-04-01,2020-09-30,0
2020-07-30,54840,2020-03-31,1,,,,,,,,,,,,,,,,,,,,28762000000,23582000000,0.820,,23582000000,,,,,,,,,,,,true,false,12,2019-04-01,2020-03-31,-1
2020-07-30,54840,2020-03-31,1,,,,,,,,,,,,,,,,,,,,,,,,,,,,,26.00,,,,7550000,21071,,false,false,12,2019-04-01,2020-03-31,-1
2020-07-30,54840,2021-03-31,1,,,,,,,,,,,,,,,,,,,,,,,,,,,,,4.00,,,,,,,false,true,12,2020-04-01,2021-03-31,0
2020-07-30,54840,2021-03-31,1,,,,,,,,,,,,,,,,,,,,,,,,,,,,,,,,,7550000,21071,7528929,false,false,3,2020-04-01,2020-06-30,0
2020-07-30,54840,2020-03-31,1,,,,,,,,,,,,,,,,,,,,,,,,,,,,,,,,,,,7528959,false,false,3,2019-04-01,2019-06-30,-1
2020-10-29,54840,2021-03-31,2,7212000000,-0.304,,,,,425000000,-0.576,552000000,-0.468,,389000000,,51.74,,,,,,28493000000,23947000000,0.840,,23947000000,,,,,,,,,,,,true,false,6,2020-04-01,2020-09-30,0
2020-10-29,54840,2020-03-31,2,10365000000,0.029,,,,,1003000000,-0.120,1037000000,-0.139,,747000000,,99.31,,,,,,,,,,,,,,,,,,,,,,true,false,6,2019-04-01,2019-09-30,-1
2020-10-29,54840,2021-03-31,2,15100000000,-0.227,,,,,960000000,-0.507,1090000000,-0.455,,780000000,,103.60,,,,,,,,,,,,,,,,,,,,,,true,true,12,2020-04-01,2021-03-31,0
2020-10-29,54840,2020-03-31,2,,,,,,,,,,,,,,,,,,,,28762000000,23582000000,0.820,,23582000000,,,,,,,,,,,,true,false,12,2019-04-01,2020-03-31,-1
2020-10-29,54840,2020-03-31,2,,,,,,,,,,,,,,,,,,,,,,,,,,,,,26.00,,,,7550000,21071,,false,false,12,2019-04-01,2020-03-31,-1
2020-10-29,54840,2021-03-31,2,,,,,,,,,,,,,,,,,,,,,,,,,,,,,7.00,,,,,,,false,false,12,2020-04-01,2021-03-31,0
2020-10-29,54840,2021-03-31,2,,,,,,,,,,,,,,,,,,,,,,,,,,,,,14.00,,,,,,,false,true,12,2020-04-01,2021-03-31,0
2020-10-29,54840,2021-03-31,2,,,,,,,,,,,,,,,,,,,,,,,,,,,,,,,,,7550000,21071,7528929,false,false,6,2020-04-01,2020-09-30,0
2020-10-29,54840,2020-03-31,2,,,,,,,,,,,,,,,,,,,,,,,,,,,,,,,,,,,7528959,false,false,6,2019-04-01,2019-09-30,-1
2021-01-28,54840,2021-03-31,3,11309000000,-0.251,,,,,872000000,-0.417,1040000000,-0.342,,688000000,,91.45,,,,,,29049000000,24240000000,0.834,,24240000000,,,,,,,,,,,,true,false,9,2020-04-01,2020-12-31,0
2021-01-28,54840,2020-03-31,3,15106000000,-0.003,,,,,1495000000,-0.088,1580000000,-0.070,,1149000000,,152.72,,,,,,,,,,,,,,,,,,,,,,true,false,9,2019-04-01,2019-12-31,-1
2021-01-28,54840,2021-03-31,3,15100000000,-0.227,,,,,960000000,-0.507,1090000000,-0.455,,780000000,,103.60,,,,,,,,,,,,,,,,,,,,,,true,true,12,2020-04-01,2021-03-31,0
2021-01-28,54840,2020-03-31,3,,,,,,,,,,,,,,,,,,,,28762000000,23582000000,0.820,,23582000000,,,,,,,,,,,,true,false,12,2019-04-01,2020-03-31,-1
2021-01-28,54840,2020-03-31,3,,,,,,,,,,,,,,,,,,,,,,,,,,,,,26.00,,,,7550000,21071,,false,false,12,2019-04-01,2020-03-31,-1
2021-01-28,54840,2021-03-31,3,,,,,,,,,,,,,,,,,,,,,,,,,,,,,7.00,,,,,,,false,false,12,2020-04-01,2021-03-31,0
2021-01-28,54840,2021-03-31,3,,,,,,,,,,,,,,,,,,,,,,,,,,,,,14.00,,,,,,,false,true,12,2020-04-01,2021-03-31,0
2021-01-28,54840,2021-03-31,3,,,,,,,,,,,,,,,,,,,,,,,,,,,,,,,,,7550000,21071,7528929,false,false,9,2020-04-01,2020-12-31,0
2021-01-28,54840,2020-03-31,3,,,,,,,,,,,,,,,,,,,,,,,,,,,,,,,,,,,7528959,false,false,9,2019-04-01,2019-12-31,-1
2021-03-30,54840,2021-03-31,,16100000000,0.066,,,,,1370000000,0.427,1550000000,0.422,,400000000,,53.13,,,,,,,,,,,,,,,,,,,,,,true,true,12,2020-04-01,2021-03-31,0
2021-03-30,54840,2020-03-31,,19531000000,,,,,,1946000000,,1998000000,,,1459000000,,193.88,,,,,,,,,,,,,,,,,,,,,,true,false,12,2019-04-01,2020-03-31,-1
2021-03-30,54840,2021-03-31,,13100000000,,,,,,780000000,,1000000000,,-530000000,,,-70.40,,,,,,,,,,,,,,,,,,,,,,false,true,12,2020-04-01,2021-03-31,0
2021-03-30,54840,2020-03-31,,16410000000,,,,,,1130000000,,1216000000,,935000000,,,124.19,,,,,,,,,,,,,,,,,,,,,,false,false,12,2019-04-01,2020-03-31,-1
2021-05-14,54840,2021-03-31,,16186000000,-0.171,,,,,1347000000,-0.308,1539000000,-0.230,,427000000,,56.73,,0.018,0.053,0.083,,29786000000,24165000000,0.811,3209.66,24165000000,1633000000,-1733000000,-152000000,5428000000,,0.282,,,,,,true,false,12,2020-04-01,2021-03-31,0
2021-05-14,54840,2020-03-31,,19531000000,-0.034,,,,,1946000000,-0.111,1998000000,-0.117,,1459000000,,193.88,,0.063,0.071,0.100,,28762000000,23582000000,0.820,3132.31,23582000000,2373000000,-2060000000,-189000000,5642000000,,0.134,,,,,,true,false,12,2019-04-01,2020-03-31,-1
2021-05-14,54840,2022-03-31,,9400000000,0.303,,,,,1000000000,1.348,1000000000,0.811,,730000000,,96.96,,,,,,,,,,,,,,,,,,,,,,true,true,6,2021-04-01,2021-09-30,1
2021-05-14,54840,2022-03-31,,19100000000,0.180,,,,,2000000000,0.484,2000000000,0.299,,1450000000,,192.59,,,,,,,,,,,,,,,,0.135,,,,,,true,true,12,2021-04-01,2022-03-31,1
2021-05-14,54840,2021-03-31,,13223000000,-0.194,,,,,822000000,-0.272,1062000000,-0.127,-467000000,,,-62.14,,,,,,18557000000,16023000000,0.863,2128.22,16023000000,,,,,16.00,,,,7550000,21071,7528929,false,false,12,2020-04-01,2021-03-31,0
2021-05-14,54840,2020-03-31,,16410000000,-0.039,,,,,1130000000,-0.196,1216000000,-0.196,935000000,,-0.175,124.19,,,,,,18755000000,16496000000,0.880,2191.10,16496000000,,,,,26.00,,,,7550000,21071,7528954,false,false,12,2019-04-01,2020-03-31,-1
2021-05-14,54840,2022-03-31,,,,,,,,,,,,,,,,,,,,,,,,,,,,,,26.00,,,,,,,false,true,12,2021-04-01,2022-03-31,1
2021-07-30,54840,2022-03-31,1,4913000000,0.359,,,,,590000000,2.439,601000000,1.371,,438000000,,58.24,,,,,,29880000000,24543000000,0.821,,24543000000,,,,,,,,,,,,true,false,3,2021-04-01,2021-06-30,0
2021-07-30,54840,2021-03-31,1,3616000000,-0.313,,,,,171000000,-0.640,253000000,-0.490,,162000000,,21.54,,,,,,,,,,,,,,,,,,,,,,true,false,3,2020-04-01,2020-06-30,-1
2021-07-30,54840,2022-03-31,1,9400000000,0.303,,,,,1000000000,1.348,1000000000,0.811,,730000000,,96.96,,,,,,,,,,,,,,,,,,,,,,true,true,6,2021-04-01,2021-09-30,0
2021-07-30,54840,2022-03-31,1,19100000000,0.180,,,,,2000000000,0.484,2000000000,0.299,,1450000000,,192.59,,,,,,,,,,,,,,,,,,,,,,true,true,12,2021-04-01,2022-03-31,0
2021-07-30,54840,2021-03-31,1,,,,,,,,,,,,,,,,,,,,29786000000,24165000000,0.811,,24165000000,,,,,,,,,,,,true,false,12,2020-04-01,2021-03-31,-1
2021-07-30,54840,2021-03-31,1,,,,,,,,,,,,,,,,,,,,,,,,,,,,,16.00,,,,7550000,21071,,false,false,12,2020-04-01,2021-03-31,-1
2021-07-30,54840,2022-03-31,1,,,,,,,,,,,,,,,,,,,,,,,,,,,,,26.00,,,,,,,false,true,12,2021-04-01,2022-03-31,0
2021-07-30,54840,2022-03-31,1,,,,,,,,,,,,,,,,,,,,,,,,,,,,,,,,,7550000,21071,7528929,false,false,3,2021-04-01,2021-06-30,0
2021-07-30,54840,2021-03-31,1,,,,,,,,,,,,,,,,,,,,,,,,,,,,,,,,,,,7528929,false,false,3,2020-04-01,2020-06-30,-1
2021-10-28,5484,2022-03-31,2,9756000000,0.353,,,,,1143000000,1.686,1147000000,1.078,,843000000,,111.99,,,,,,30420000000,24973000000,0.821,,24973000000,,,,,,,,,,,,true,false,6,2021-04-01,2021-09-30,0
2021-10-28,5484,2021-03-31,2,7212000000,-0.304,,,,,425000000,-0.576,552000000,-0.468,,389000000,,51.74,,,,,,,,,,,,,,,,,,,,,,true,false,6,2020-04-01,2020-09-30,-1
2021-10-28,5484,2022-03-31,2,19100000000,0.180,,,,,2000000000,0.484,2000000000,0.299,,1450000000,,192.59,,,,,,,,,,,,,,,,,,,,,,true,true,12,2021-04-01,2022-03-31,0
2021-10-28,5484,2021-03-31,2,,,,,,,,,,,,,,,,,,,,29786000000,24165000000,0.811,,24165000000,,,,,,,,,,,,true,false,12,2020-04-01,2021-03-31,-1
2021-10-28,5484,2021-03-31,2,,,,,,,,,,,,,,,,,,,,,,,,,,,,,16.00,,,,7550000,21071,,false,false,12,2020-04-01,2021-03-31,-1
2021-10-28,5484,2022-03-31,2,,,,,,,,,,,,,,,,,,,,,,,,,,,,,13.00,,,,,,,false,false,12,2021-04-01,2022-03-31,0
2021-10-28,5484,2022-03-31,2,,,,,,,,,,,,,,,,,,,,,,,,,,,,,26.00,,,,,,,false,true,12,2021-04-01,2022-03-31,0
2021-10-28,5484,2022-03-31,2,,,,,,,,,,,,,,,,,,,,,,,,,,,,,,,,,7550000,21071,7528929,false,false,6,2021-04-01,2021-09-30,0
2021-10-28,5484,2021-03-31,2,,,,,,,,,,,,,,,,,,,,,,,,,,,,,,,,,,,7528929,false,false,6,2020-04-01,2020-09-30,-1
2022-01-31,5484,2022-03-31,3,14803000000,0.309,,,,,1575000000,0.806,1626000000,0.564,,1182000000,,157.06,,,,,,30637000000,25263000000,0.825,,25263000000,,,,,,,,,,,,true,false,9,2021-04-01,2021-12-31,0
2022-01-31,5484,2021-03-31,3,11309000000,-0.251,,,,,872000000,-0.417,1040000000,-0.342,,688000000,,91.45,,,,,,,,,,,,,,,,,,,,,,true,false,9,2020-04-01,2020-12-31,-1
2022-01-31,5484,2022-03-31,3,19100000000,0.180,,,,,2000000000,0.484,2000000000,0.299,,1450000000,,192.59,,,,,,,,,,,,,,,,,,,,,,true,true,12,2021-04-01,2022-03-31,0
2022-01-31,5484,2021-03-31,3,,,,,,,,,,,,,,,,,,,,29786000000,24165000000,0.811,,24165000000,,,,,,,,,,,,true,false,12,2020-04-01,2021-03-31,-1
2022-01-31,5484,2021-03-31,3,,,,,,,,,,,,,,,,,,,,,,,,,,,,,16.00,,,,7550000,21071,,false,false,12,2020-04-01,2021-03-31,-1
2022-01-31,5484,2022-03-31,3,,,,,,,,,,,,,,,,,,,,,,,,,,,,,13.00,,,,,,,false,false,12,2021-04-01,2022-03-31,0
2022-01-31,5484,2022-03-31,3,,,,,,,,,,,,,,,,,,,,,,,,,,,,,26.00,,,,,,,false,true,12,2021-04-01,2022-03-31,0
2022-01-31,5484,2022-03-31,3,,,,,,,,,,,,,,,,,,,,,,,,,,,,,,,,,7550000,21071,7528929,false,false,9,2021-04-01,2021-12-31,0
2022-01-31,5484,2021-03-31,3,,,,,,,,,,,,,,,,,,,,,,,,,,,,,,,,,,,7528929,false,false,9,2020-04-01,2020-12-31,-1
2022-03-30,54840,2022-03-31,,19700000000,0.031,,,,,2020000000,0.010,2090000000,0.045,,1040000000,,138.13,,,,,,,,,,,,,,,,,,,,,,true,true,12,2021-04-01,2022-03-31,0
2022-03-30,54840,2021-03-31,,16186000000,,,,,,1347000000,,1539000000,,,427000000,,56.73,,,,,,,,,,,,,,,,,,,,,,true,false,12,2020-04-01,2021-03-31,-1
2022-03-30,54840,2022-03-31,,16200000000,,,,,,1220000000,,1330000000,,560000000,,,74.38,,,,,,,,,,,,,,,,,,,,,,false,true,12,2021-04-01,2022-03-31,0
2022-03-30,54840,2021-03-31,,13223000000,,,,,,822000000,,1062000000,,-467000000,,,-62.14,,,,,,,,,,,,,,,,,,,,,,false,false,12,2020-04-01,2021-03-31,-1
2022-05-13,5484,2022-03-31,,19883000000,0.228,,,,,2032000000,0.508,2142000000,0.392,,1154000000,,153.28,,0.047,0.070,0.102,,31217000000,25314000000,0.811,3362.32,25314000000,1298000000,-782000000,-167000000,5789000000,,0.170,,,,,,true,false,12,2021-04-01,2022-03-31,0
2022-05-13,5484,2021-03-31,,16186000000,-0.171,,,,,1347000000,-0.308,1539000000,-0.230,,427000000,,56.73,,0.018,0.053,0.083,,29786000000,24165000000,0.811,3209.66,24165000000,1633000000,-1733000000,-152000000,5428000000,,0.282,,,,,,true,false,12,2020-04-01,2021-03-31,-1
2022-05-13,5484,2023-03-31,,10100000000,0.035,,,,,630000000,-0.449,670000000,-0.416,,480000000,,63.75,,,,,,,,,,,,,,,,,,,,,,true,true,6,2022-04-01,2022-09-30,1
2022-05-13,5484,2023-03-31,,21300000000,0.071,,,,,1580000000,-0.223,1650000000,-0.230,,1220000000,,162.04,,,,,,,,,,,,,,,,0.204,,,,,,true,true,12,2022-04-01,2023-03-31,1
2022-05-13,5484,2022-03-31,,16130000000,0.220,,,,,1200000000,0.459,1344000000,0.266,709000000,,,94.18,,,,,,19361000000,16673000000,0.861,2214.53,16673000000,,,,,26.00,,,,7550000,21071,7528929,false,false,12,2021-04-01,2022-03-31,0
2022-05-13,5484,2021-03-31,,13223000000,-0.194,,,,,822000000,-0.272,1062000000,-0.127,-467000000,,,-62.14,,,,,,18557000000,16023000000,0.863,2128.22,16023000000,,,,,16.00,,,,7550000,21071,7528929,false,false,12,2020-04-01,2021-03-31,-1
2022-05-13,5484,2023-03-31,,,,,,,,,,,,,,,,,,,,,,,,,,,,,,33.00,,,,,,,false,true,12,2022-04-01,2023-03-31,1
2022-07-27,5484,2023-03-31,1,5061000000,0.030,,,,,417000000,-0.294,481000000,-0.201,,349000000,,46.38,,,,,,31882000000,25618000000,0.804,,25618000000,,,,,,,,,,,,true,false,3,2022-04-01,2022-06-30,0
2022-07-27,5484,2022-03-31,1,4913000000,0.359,,,,,590000000,2.439,601000000,1.371,,438000000,,58.24,,,,,,,,,,,,,,,,,,,,,,true,false,3,2021-04-01,2021-06-30,-1
2022-07-27,5484,2023-03-31,1,10100000000,0.035,,,,,630000000,-0.449,670000000,-0.416,,480000000,,63.75,,,,,,,,,,,,,,,,,,,,,,true,true,6,2022-04-01,2022-09-30,0
2022-07-27,5484,2023-03-31,1,21300000000,0.071,,,,,1580000000,-0.223,1650000000,-0.230,,1220000000,,162.04,,,,,,,,,,,,,,,,,,,,,,true,true,12,2022-04-01,2023-03-31,0
2022-07-27,5484,2022-03-31,1,,,,,,,,,,,,,,,,,,,,31217000000,25314000000,0.811,,25314000000,,,,,,,,,,,,true,false,12,2021-04-01,2022-03-31,-1
2022-07-27,5484,2022-03-31,1,,,,,,,,,,,,,,,,,,,,,,,,,,,,,26.00,,,,7550000,21071,,false,false,12,2021-04-01,2022-03-31,-1
2022-07-27,5484,2023-03-31,1,,,,,,,,,,,,,,,,,,,,,,,,,,,,,33.00,,,,,,,false,true,12,2022-04-01,2023-03-31,0
2022-07-27,5484,2023-03-31,1,,,,,,,,,,,,,,,,,,,,,,,,,,,,,,,,,7550000,21071,7528929,false,false,3,2022-04-01,2022-06-30,0
2022-07-27,5484,2022-03-31,1,,,,,,,,,,,,,,,,,,,,,,,,,,,,,,,,,,,7528929,false,false,3,2021-04-01,2021-06-30,-1
2022-10-31,5484,2023-03-31,2,10477000000,0.074,,,,,787000000,-0.312,870000000,-0.242,,670000000,,89.04,,,,,,32601000000,25890000000,0.794,,25890000000,,,,,,,,,,,,true,false,6,2022-04-01,2022-09-30,0
2022-10-31,5484,2022-03-31,2,9756000000,0.353,,,,,1143000000,1.686,1147000000,1.078,,843000000,,111.99,,,,,,,,,,,,,,,,,,,,,,true,false,6,2021-04-01,2021-09-30,-1
2022-10-31,5484,2023-03-31,2,21300000000,0.071,,,,,1580000000,-0.223,1650000000,-0.230,,1220000000,,162.04,,,,,,,,,,,,,,,,,,,,,,true,true,12,2022-04-01,2023-03-31,0
2022-10-31,5484,2022-03-31,2,,,,,,,,,,,,,,,,,,,,31217000000,25314000000,0.811,,25314000000,,,,,,,,,,,,true,false,12,2021-04-01,2022-03-31,-1
2022-10-31,5484,2022-03-31,2,,,,,,,,,,,,,,,,,,,,,,,,,,,,,26.00,,,,7550000,21071,,false,false,12,2021-04-01,2022-03-31,-1
2022-10-31,5484,2023-03-31,2,,,,,,,,,,,,,,,,,,,,,,,,,,,,,15.00,,,,,,,false,false,12,2022-04-01,2023-03-31,0
2022-10-31,5484,2023-03-31,2,,,,,,,,,,,,,,,,,,,,,,,,,,,,,33.00,,,,,,,false,true,12,2022-04-01,2023-03-31,0
2022-10-31,5484,2023-03-31,2,,,,,,,,,,,,,,,,,,,,,,,,,,,,,,,,,7550000,21071,7528929,false,false,6,2022-04-01,2022-09-30,0
2022-10-31,5484,2022-03-31,2,,,,,,,,,,,,,,,,,,,,,,,,,,,,,,,,,,,7528929,false,false,6,2021-04-01,2021-09-30,-1
2023-01-30,5484,2023-03-31,3,15986000000,0.080,,,,,1139000000,-0.277,1236000000,-0.240,,920000000,,122.26,,,,,,31987000000,25957000000,0.811,,25957000000,,,,,,,,,,,,true,false,9,2022-04-01,2022-12-31,0
2023-01-30,5484,2022-03-31,3,14803000000,0.309,,,,,1575000000,0.806,1626000000,0.564,,1182000000,,157.06,,,,,,,,,,,,,,,,,,,,,,true,false,9,2021-04-01,2021-12-31,-1
2023-01-30,5484,2023-03-31,3,21300000000,0.071,,,,,1580000000,-0.223,1650000000,-0.230,,1220000000,,162.04,,,,,,,,,,,,,,,,,,,,,,true,true,12,2022-04-01,2023-03-31,0
2023-01-30,5484,2022-03-31,3,,,,,,,,,,,,,,,,,,,,31217000000,25314000000,0.811,,25314000000,,,,,,,,,,,,true,false,12,2021-04-01,2022-03-31,-1
2023-01-30,5484,2022-03-31,3,,,,,,,,,,,,,,,,,,,,,,,,,,,,,26.00,,,,7550000,21071,,false,false,12,2021-04-01,2022-03-31,-1
2023-01-30,5484,2023-03-31,3,,,,,,,,,,,,,,,,,,,,,,,,,,,,,15.00,,,,,,,false,false,12,2022-04-01,2023-03-31,0
2023-01-30,5484,2023-03-31,3,,,,,,,,,,,,,,,,,,,,,,,,,,,,,33.00,,,,,,,false,true,12,2022-04-01,2023-03-31,0
2023-01-30,5484,2023-03-31,3,,,,,,,,,,,,,,,,,,,,,,,,,,,,,,,,,7550000,21096,7528927,false,false,9,2022-04-01,2022-12-31,0
2023-01-30,5484,2022-03-31,3,,,,,,,,,,,,,,,,,,,,,,,,,,,,,,,,,,,7528929,false,false,9,2021-04-01,2021-12-31,-1
2023-05-11,5484,2023-03-31,,21557000000,0.084,,,,,1297000000,-0.362,1424000000,-0.335,,1118000000,,148.53,,0.043,0.045,0.060,,32708000000,26271000000,0.803,3489.39,26271000000,665000000,-1119000000,-212000000,5138000000,,0.222,,,,,,true,false,12,2022-04-01,2023-03-31,0
2023-05-11,5484,2022-03-31,,19883000000,0.228,,,,,2032000000,0.508,2142000000,0.392,,1154000000,,153.28,,0.047,0.070,0.102,,31217000000,25314000000,0.811,3362.32,25314000000,1298000000,-782000000,-167000000,5789000000,,0.170,,,,,,true,false,12,2021-04-01,2022-03-31,-1
2023-05-11,5484,2024-03-31,,10700000000,0.021,,,,,300000000,-0.619,350000000,-0.598,,230000000,,30.55,,,,,,,,,,,,,,,,,,,,,,true,true,6,2023-04-01,2023-09-30,1
2023-05-11,5484,2024-03-31,,22300000000,0.034,,,,,960000000,-0.260,1050000000,-0.263,,750000000,,99.62,,,,,,,,,,,,,,,,0.201,,,,,,true,true,12,2023-04-01,2024-03-31,1
2023-05-11,5484,2023-03-31,,17484000000,0.084,,,,,569000000,-0.525,736000000,-0.452,652000000,,-0.080,86.64,,,,,,20550000000,17103000000,0.832,2271.72,17103000000,,,,,33.00,,,,7550000,21096,7528921,false,false,12,2022-04-01,2023-03-31,0
2023-05-11,5484,2022-03-31,,16130000000,0.220,,,,,1200000000,0.459,1344000000,0.266,709000000,,,94.18,,,,,,19361000000,16673000000,0.861,2214.53,16673000000,,,,,26.00,,,,7550000,21071,7528929,false,false,12,2021-04-01,2022-03-31,-1
2023-05-11,5484,2024-03-31,,,,,,,,,,,,,,,,,,,,,,,,,,,,,,20.00,,,,,,,false,true,12,2023-04-01,2024-03-31,1
2023-07-31,5484,2024-03-31,1,5476000000,0.082,,,,,340000000,-0.184,417000000,-0.132,,418000000,,55.60,,,,,,33191000000,26703000000,0.805,,26703000000,,,,,,,,,,,,true,false,3,2023-04-01,2023-06-30,0
2023-07-31,5484,2023-03-31,1,5061000000,0.030,,,,,417000000,-0.294,481000000,-0.201,,349000000,,46.38,,,,,,,,,,,,,,,,,,,,,,true,false,3,2022-04-01,2022-06-30,-1
2023-07-31,5484,2024-03-31,1,10600000000,0.012,,,,,440000000,-0.441,500000000,-0.425,,490000000,,65.08,,,,,,,,,,,,,,,,,,,,,,true,true,6,2023-04-01,2023-09-30,0
2023-07-31,5484,2024-03-31,1,22300000000,0.034,,,,,960000000,-0.260,1050000000,-0.263,,750000000,,99.62,,,,,,,,,,,,,,,,,,,,,,true,true,12,2023-04-01,2024-03-31,0
2023-07-31,5484,2023-03-31,1,,,,,,,,,,,,,,,,,,,,32708000000,26271000000,0.803,,26271000000,,,,,,,,,,,,true,false,12,2022-04-01,2023-03-31,-1
2023-07-31,5484,2023-03-31,1,,,,,,,,,,,,,,,,,,,,,,,,,,,,,33.00,,,,7550000,21096,,false,false,12,2022-04-01,2023-03-31,-1
2023-07-31,5484,2024-03-31,1,,,,,,,,,,,,,,,,,,,,,,,,,,,,,20.00,,,,,,,false,true,12,2023-04-01,2024-03-31,0
2023-07-31,5484,2024-03-31,1,,,,,,,,,,,,,,,,,,,,,,,,,,,,,,,,,7550000,21096,7528904,false,false,3,2023-04-01,2023-06-30,0
2023-07-31,5484,2023-03-31,1,,,,,,,,,,,,,,,,,,,,,,,,,,,,,,,,,,,7528929,false,false,3,2022-04-01,2022-06-30,-1
2023-10-30,5484,2024-03-31,2,10706000000,0.022,,,,,501000000,-0.363,593000000,-0.318,,609000000,,80.89,,,,,,33199000000,26964000000,0.812,,26964000000,,,,,,,,,,,,true,false,6,2023-04-01,2023-09-30,0
2023-10-30,5484,2023-03-31,2,10477000000,0.074,,,,,787000000,-0.312,870000000,-0.242,,670000000,,89.04,,,,,,,,,,,,,,,,,,,,,,true,false,6,2022-04-01,2022-09-30,-1
2023-10-30,5484,2024-03-31,2,22300000000,0.034,,,,,960000000,-0.260,1050000000,-0.263,,750000000,,99.62,,,,,,,,,,,,,,,,,,,,,,true,true,12,2023-04-01,2024-03-31,0
2023-10-30,5484,2023-03-31,2,,,,,,,,,,,,,,,,,,,,32708000000,26271000000,0.803,,26271000000,,,,,,,,,,,,true,false,12,2022-04-01,2023-03-31,-1
2023-10-30,5484,2023-03-31,2,,,,,,,,,,,,,,,,,,,,,,,,,,,,,33.00,,,,7550000,21096,,false,false,12,2022-04-01,2023-03-31,-1
2023-10-30,5484,2024-03-31,2,,,,,,,,,,,,,,,,,,,,,,,,,,,,,10.00,,,,,,,false,false,12,2023-04-01,2024-03-31,0
2023-10-30,5484,2024-03-31,2,,,,,,,,,,,,,,,,,,,,,,,,,,,,,20.00,,,,,,,false,true,12,2023-04-01,2024-03-31,0
2023-10-30,5484,2024-03-31,2,,,,,,,,,,,,,,,,,,,,,,,,,,,,,,,,,7550000,21141,7528902,false,false,6,2023-04-01,2023-09-30,0
2023-10-30,5484,2023-03-31,2,,,,,,,,,,,,,,,,,,,,,,,,,,,,,,,,,,,7528929,false,false,6,2022-04-01,2022-09-30,-1
2024-01-29,5484,2024-03-31,3,15962000000,-0.002,,,,,817000000,-0.282,930000000,-0.248,,844000000,,112.18,,,,,,33937000000,27164000000,0.800,,27164000000,,,,,,,,,,,,true,false,9,2023-04-01,2023-12-31,0
2024-01-29,5484,2023-03-31,3,15986000000,0.080,,,,,1139000000,-0.277,1236000000,-0.240,,920000000,,122.26,,,,,,,,,,,,,,,,,,,,,,true,false,9,2022-04-01,2022-12-31,-1
2024-01-29,5484,2024-03-31,3,22300000000,0.034,,,,,960000000,-0.260,1050000000,-0.263,,750000000,,99.62,,,,,,,,,,,,,,,,,,,,,,true,true,12,2023-04-01,2024-03-31,0
2024-01-29,5484,2023-03-31,3,,,,,,,,,,,,,,,,,,,,32708000000,26271000000,0.803,,26271000000,,,,,,,,,,,,true,false,12,2022-04-01,2023-03-31,-1
2024-01-29,5484,2023-03-31,3,,,,,,,,,,,,,,,,,,,,,,,,,,,,,33.00,,,,7550000,21096,,false,false,12,2022-04-01,2023-03-31,-1
2024-01-29,5484,2024-03-31,3,,,,,,,,,,,,,,,,,,,,,,,,,,,,,10.00,,,,,,,false,false,12,2023-04-01,2024-03-31,0
2024-01-29,5484,2024-03-31,3,,,,,,,,,,,,,,,,,,,,,,,,,,,,,20.00,,,,,,,false,true,12,2023-04-01,2024-03-31,0
2024-01-29,5484,2024-03-31,3,,,,,,,,,,,,,,,,,,,,,,,,,,,,,,,,,7550000,21141,7528888,false,false,9,2023-04-01,2023-12-31,0
2024-01-29,5484,2023-03-31,3,,,,,,,,,,,,,,,,,,,,,,,,,,,,,,,,,,,7528927,false,false,9,2022-04-01,2022-12-31,-1
2024-03-27,54840,2024-03-31,,21400000000,-0.040,,,,,1100000000,0.146,1200000000,0.143,,770000000,,102.27,,,,,,,,,,,,,,,,,,,,,,true,true,12,2023-04-01,2024-03-31,0
2024-03-27,54840,2023-03-31,,21557000000,,,,,,1297000000,,1424000000,,,1118000000,,148.53,,,,,,,,,,,,,,,,,,,,,,true,false,12,2022-04-01,2023-03-31,-1
2024-03-27,54840,2024-03-31,,17200000000,,,,,,400000000,,580000000,,280000000,,,37.19,,,,,,,,,,,,,,,,,,,,,,false,true,12,2023-04-01,2024-03-31,0
2024-03-27,54840,2023-03-31,,17484000000,,,,,,569000000,,736000000,,652000000,,,86.64,,,,,,,,,,,,,,,,,,,,,,false,false,12,2022-04-01,2023-03-31,-1
2024-05-14,5484,2024-03-31,,21337000000,-0.010,,,,,1263000000,-0.026,1384000000,-0.028,,974000000,,129.44,,0.036,0.041,0.059,,34793000000,27569000000,0.792,3661.84,27569000000,2846000000,-476000000,-211000000,7323000000,,0.201,,,,,,true,false,12,2023-04-01,2024-03-31,0
2024-05-14,5484,2023-03-31,,21557000000,0.084,,,,,1297000000,-0.362,1424000000,-0.335,,1118000000,,148.53,,0.043,0.045,0.060,,32708000000,26271000000,0.803,3489.39,26271000000,665000000,-1119000000,-212000000,5138000000,,0.222,,,,,,true,false,12,2022-04-01,2023-03-31,-1
2024-05-14,5484,2025-03-31,,10900000000,0.018,,,,,490000000,-0.023,550000000,-0.073,,420000000,,55.79,,,,,,,,,,,,,,,,,,,,,,true,true,6,2024-04-01,2024-09-30,1
2024-05-14,5484,2025-03-31,,22600000000,0.059,,,,,1380000000,0.092,1480000000,0.069,,1170000000,,155.40,,,,,,,,,,,,,,,,0.225,,,,,,true,true,12,2024-04-01,2025-03-31,1
2024-05-14,5484,2024-03-31,,17289000000,-0.011,,,,,566000000,-0.005,753000000,0.023,473000000,,-0.274,62.88,,,,,,21527000000,17694000000,0.822,2350.20,17694000000,,,,,26.00,,,,7550000,21141,7528881,false,false,12,2023-04-01,2024-03-31,0
2024-05-14,5484,2023-03-31,,17484000000,0.084,,,,,569000000,-0.525,736000000,-0.452,652000000,,-0.080,86.64,,,,,,20550000000,17103000000,0.832,2271.72,17103000000,,,,,33.00,,,,7550000,21096,7528921,false,false,12,2022-04-01,2023-03-31,-1
2024-05-14,5484,2025-03-31,,,,,,,,,,,,,,,,,,,,,,,,,,,,,,35.00,,,,,,,false,true,12,2024-04-01,2025-03-31,1
2024-07-30,5484,2025-03-31,1,5556000000,0.015,,,,,362000000,0.064,446000000,0.070,,321000000,,42.66,,,,,,34244000000,27815000000,0.812,,27815000000,,,,,,,,,,,,true,false,3,2024-04-01,2024-06-30,0
2024-07-30,5484,2024-03-31,1,5476000000,0.082,,,,,340000000,-0.184,417000000,-0.132,,418000000,,55.60,,,,,,,,,,,,,,,,,,,,,,true,false,3,2023-04-01,2023-06-30,-1
2024-07-30,5484,2025-03-31,1,10900000000,0.018,,,,,490000000,-0.023,550000000,-0.073,,420000000,,55.79,,,,,,,,,,,,,,,,,,,,,,true,true,6,2024-04-01,2024-09-30,0
2024-07-30,5484,2025-03-31,1,22600000000,0.059,,,,,1380000000,0.092,1480000000,0.069,,1170000000,,155.40,,,,,,,,,,,,,,,,,,,,,,true,true,12,2024-04-01,2025-03-31,0
2024-07-30,5484,2024-03-31,1,,,,,,,,,,,,,,,,,,,,34793000000,27569000000,0.792,,27569000000,,,,,,,,,,,,true,false,12,2023-04-01,2024-03-31,-1
2024-07-30,5484,2024-03-31,1,,,,,,,,,,,,,,,,,,,,,,,,,,,,,26.00,,,,7550000,21141,,false,false,12,2023-04-01,2024-03-31,-1
2024-07-30,5484,2025-03-31,1,,,,,,,,,,,,,,,,,,,,,,,,,,,,,35.00,,,,,,,false,true,12,2024-04-01,2025-03-31,0
2024-07-30,5484,2025-03-31,1,,,,,,,,,,,,,,,,,,,,,,,,,,,,,,,,,7550000,21141,7528859,false,false,3,2024-04-01,2024-06-30,0
2024-07-30,5484,2024-03-31,1,,,,,,,,,,,,,,,,,,,,,,,,,,,,,,,,,,,7528904,false,false,3,2023-04-01,2023-06-30,-1
2024-10-30,5484,2025-03-31,2,10793000000,0.008,,,,,694000000,0.385,761000000,0.283,,547000000,,72.71,,,,,,33930000000,27770000000,0.818,,27770000000,,,,,,,,,,,,true,false,6,2024-04-01,2024-09-30,0
2024-10-30,5484,2024-03-31,2,10706000000,0.022,,,,,501000000,-0.363,593000000,-0.318,,609000000,,80.89,,,,,,,,,,,,,,,,,,,,,,true,false,6,2023-04-01,2023-09-30,-1
2024-10-30,5484,2025-03-31,2,22600000000,0.059,,,,,1380000000,0.092,1480000000,0.069,,1170000000,,155.40,,,,,,,,,,,,,,,,,,,,,,true,true,12,2024-04-01,2025-03-31,0
2024-10-30,5484,2024-03-31,2,,,,,,,,,,,,,,,,,,,,34793000000,27569000000,0.792,,27569000000,,,,,,,,,,,,true,false,12,2023-04-01,2024-03-31,-1
2024-10-30,5484,2024-03-31,2,,,,,,,,,,,,,,,,,,,,,,,,,,,,,26.00,,,,7550000,21141,,false,false,12,2023-04-01,2024-03-31,-1
2024-10-30,5484,2025-03-31,2,,,,,,,,,,,,,,,,,,,,,,,,,,,,,20.00,,,,,,,false,false,12,2024-04-01,2025-03-31,0
2024-10-30,5484,2025-03-31,2,,,,,,,,,,,,,,,,,,,,,,,,,,,,,40.00,,,,,,,false,true,12,2024-04-01,2025-03-31,0
2024-10-30,5484,2025-03-31,2,,,,,,,,,,,,,,,,,,,,,,,,,,,,,,,,,7550000,21141,7528859,false,false,6,2024-04-01,2024-09-30,0
2024-10-30,5484,2024-03-31,2,,,,,,,,,,,,,,,,,,,,,,,,,,,,,,,,,,,7528902,false,false,6,2023-04-01,2023-09-30,-1
2025-01-29,5484,2025-03-31,3,16142000000,0.011,,,,,903000000,0.105,1046000000,0.124,,732000000,,97.28,,,,,,34380000000,28060000000,0.816,,28060000000,,,,,,,,,,,,true,false,9,2024-04-01,2024-12-31,0
2025-01-29,5484,2024-03-31,3,15962000000,-0.002,,,,,817000000,-0.282,930000000,-0.248,,844000000,,112.18,,,,,,,,,,,,,,,,,,,,,,true,false,9,2023-04-01,2023-12-31,-1
2025-01-29,5484,2025-03-31,3,22600000000,0.059,,,,,1380000000,0.092,1480000000,0.069,,1170000000,,155.40,,,,,,,,,,,,,,,,,,,,,,true,true,12,2024-04-01,2025-03-31,0
2025-01-29,5484,2024-03-31,3,,,,,,,,,,,,,,,,,,,,34793000000,27569000000,0.792,,27569000000,,,,,,,,,,,,true,false,12,2023-04-01,2024-03-31,-1
2025-01-29,5484,2024-03-31,3,,,,,,,,,,,,,,,,,,,,,,,,,,,,,26.00,,,,7550000,21141,,false,false,12,2023-04-01,2024-03-31,-1
2025-01-29,5484,2025-03-31,3,,,,,,,,,,,,,,,,,,,,,,,,,,,,,20.00,,,,,,,false,false,12,2024-04-01,2025-03-31,0
2025-01-29,5484,2025-03-31,3,,,,,,,,,,,,,,,,,,,,,,,,,,,,,40.00,,,,,,,false,true,12,2024-04-01,2025-03-31,0
2025-01-29,5484,2025-03-31,3,,,,,,,,,,,,,,,,,,,,,,,,,,,,,,,,,7550000,21141,7528859,false,false,9,2024-04-01,2024-12-31,0
2025-01-29,5484,2024-03-31,3,,,,,,,,,,,,,,,,,,,,,,,,,,,,,,,,,,,7528888,false,false,9,2023-04-01,2023-12-31,-1
2025-05-14,5484,2025-03-31,,21178000000,-0.007,,,,,1249000000,-0.011,1372000000,-0.008,,1008000000,,134.20,,0.036,0.040,0.059,,34031000000,27920000000,0.820,3758.95,27920000000,2131000000,-589000000,-485000000,8354000000,,0.298,,,,,,true,false,12,2024-04-01,2025-03-31,0
2025-05-14,5484,2024-03-31,,21337000000,-0.010,,,,,1263000000,-0.026,1384000000,-0.028,,974000000,,129.44,,0.036,0.041,0.059,,34793000000,27569000000,0.792,3661.84,27569000000,2846000000,-476000000,-211000000,7323000000,,0.201,,,,,,true,false,12,2023-04-01,2024-03-31,-1
2025-05-14,5484,2026-03-31,,10400000000,-0.036,,,,,480000000,-0.309,510000000,-0.330,,350000000,,47.12,,,,,,,,,,,,,,,,,,,,,,true,true,6,2025-04-01,2025-09-30,1
2025-05-14,5484,2026-03-31,,20900000000,-0.013,,,,,1100000000,-0.120,1190000000,-0.133,,850000000,,114.44,,,,,,,,,,,,,,,,0.306,,,,,,true,true,12,2025-04-01,2026-03-31,1
2025-05-14,5484,2025-03-31,,17064000000,-0.013,,,,,613000000,0.083,805000000,0.068,621000000,,0.312,82.69,,,,,,20579000000,17645000000,0.857,2375.68,17645000000,,,,,40.00,,,,7550000,122241,7511963,false,false,12,2024-04-01,2025-03-31,0
2025-05-14,5484,2024-03-31,,17289000000,-0.011,,,,,566000000,-0.005,753000000,0.023,473000000,,-0.274,62.88,,,,,,21527000000,17694000000,0.822,2350.20,17694000000,,,,,26.00,,,,7550000,21141,7528881,false,false,12,2023-04-01,2024-03-31,-1
2025-05-14,5484,2026-03-31,,,,,,,,,,,,,,,,,,,,,,,,,,,,,,35.00,,,,,,,false,true,12,2025-04-01,2026-03-31,1
