filing_date,code,fiscal_year_end,quarterly_period,net_sales,net_sales_change,revenue,revenue_change,operating_revenue,operating_revenue_change,operating_profit,operating_profit_change,ordinary_profit,ordinary_profit_change,net_income,net_income_of_parent,net_income_change,eps,diluted_eps,roe,roa,operating_profit_to_net_sales,operating_profit_to_revenue,total_assets,net_assets,equity_ratio,bps,owner_equity,operating_cash_flow,investing_cash_flow,financing_cash_flow,cash,dividend_per_share,payout_ratio,commemorative_dividend,extra_dividend,number_of_shares,number_of_treqsury_shares,avg_number_of_shares,is_consolidated,is_forecast,duration,period_start,period_end,period_pos
2015-05-12,54910,2015-03-31,,44779000000,0.141,,,,,1318000000,1.919,942000000,6.449,623000000,,1.471,9.32,,0.039,0.016,0.029,,61016000000,16896000000,0.277,252.36,16896000000,2332000000,-661000000,-1059000000,5898000000,,,,,,,,true,false,12,2014-04-01,2015-03-31,0
2015-05-12,54910,2014-03-31,,39247000000,0.031,,,,,451000000,2.963,126000000,,252000000,,,3.77,,0.016,0.002,0.012,,57656000000,15489000000,0.269,231.34,15489000000,2592000000,-1146000000,-185000000,5248000000,,,,,,,,true,false,12,2013-04-01,2014-03-31,-1
2015-05-12,54910,2016-03-31,,23000000000,0.073,,,,,800000000,0.729,750000000,1.127,,450000000,,6.72,,,,,,,,,,,,,,,,,,,,,,true,true,6,2015-04-01,2015-09-30,1
2015-05-12,54910,2016-03-31,,48000000000,0.072,,,,,1800000000,0.365,1700000000,0.803,,1100000000,,16.43,,,,,,,,,,,,,,,,,,,,,,true,true,12,2015-04-01,2016-03-31,1
2015-05-12,54910,2015-03-31,,36257000000,0.150,,,,,919000000,2.863,688000000,,428000000,,0.738,6.40,,,,,,53262000000,14987000000,0.281,223.85,14987000000,,,,,0.00,,,,67000000,47891,66952534,false,false,12,2014-04-01,2015-03-31,0
2015-05-12,54910,2014-03-31,,31541000000,0.024,,,,,238000000,,46000000,,246000000,,,3.68,,,,,,50134000000,14079000000,0.281,210.30,14079000000,,,,,0.00,,,,67000000,47064,66953725,false,false,12,2013-04-01,2014-03-31,-1
2015-05-12,54910,2016-03-31,,19000000000,0.080,,,,,550000000,0.253,550000000,0.699,300000000,,0.009,4.48,,,,,,,,,,,,,,,,,,,,,,false,true,6,2015-04-01,2015-09-30,1
2015-05-12,54910,2016-03-31,,40000000000,0.103,,,,,1200000000,0.305,1200000000,0.742,750000000,,0.750,11.20,,,,,,,,,,,,,,,0.00,,,,,,,false,true,12,2015-04-01,2016-03-31,1
2015-05-12,54910,2015-03-31,,44779000000,0.141,,,,,1318000000,1.919,942000000,6.449,623000000,,1.471,9.32,,0.038,0.016,0.029,,60872000000,17275000000,0.284,258.03,17275000000,2332000000,-661000000,-1059000000,5898000000,,,,,,,,true,false,12,2014-04-01,2015-03-31,0
2015-05-12,54910,2014-03-31,,39247000000,0.031,,,,,451000000,2.963,126000000,,252000000,,,3.77,,0.016,0.002,0.012,,57656000000,15489000000,0.269,231.34,15489000000,2592000000,-1146000000,-185000000,5248000000,,,,,,,,true,false,12,2013-04-01,2014-03-31,-1
2015-05-12,54910,2016-03-31,,23000000000,0.073,,,,,800000000,0.729,750000000,1.127,,450000000,,6.72,,,,,,,,,,,,,,,,,,,,,,true,true,6,2015-04-01,2015-09-30,1
2015-05-12,54910,2016-03-31,,48000000000,0.072,,,,,1800000000,0.365,1700000000,0.803,,1100000000,,16.43,,,,,,,,,,,,,,,,,,,,,,true,true,12,2015-04-01,2016-03-31,1
2015-05-12,54910,2015-03-31,,36257000000,0.150,,,,,919000000,2.863,688000000,,428000000,,0.738,6.40,,,,,,53262000000,14987000000,0.281,223.85,14987000000,,,,,0.00,,,,67000000,47891,66952534,false,false,12,2014-04-01,2015-03-31,0
2015-05-12,54910,2014-03-31,,31541000000,0.024,,,,,238000000,,46000000,,246000000,,,3.68,,,,,,50134000000,14079000000,0.281,210.30,14079000000,,,,,0.00,,,,67000000,47064,66953725,false,false,12,2013-04-01,2014-03-31,-1
2015-05-12,54910,2016-03-31,,19000000000,0.080,,,,,550000000,0.253,550000000,0.699,300000000,,0.009,4.48,,,,,,,,,,,,,,,,,,,,,,false,true,6,2015-04-01,2015-09-30,1
2015-05-12,54910,2016-03-31,,40000000000,0.103,,,,,1200000000,0.305,1200000000,0.742,750000000,,0.750,11.20,,,,,,,,,,,,,,,0.00,,,,,,,false,true,12,2015-04-01,2016-03-31,1
2015-07-31,54910,2016-03-31,1,10873000000,0.036,,,,,228000000,-0.119,243000000,0.131,,129000000,,1.93,,,,,,60693000000,17732000000,0.292,264.86,17732000000,,,,,,,,,,,,true,false,3,2015-04-01,2015-06-30,0
2015-07-31,54910,2015-03-31,1,10490000000,0.182,,,,,259000000,,215000000,,,238000000,,3.56,,,,,,,,,,,,,,,,,,,,,,true,false,3,2014-04-01,2014-06-30,-1
2015-07-31,54910,2016-03-31,1,23000000000,0.073,,,,,800000000,0.729,750000000,1.127,,450000000,,6.72,,,,,,,,,,,,,,,,,,,,,,true,true,6,2015-04-01,2015-09-30,0
2015-07-31,54910,2016-03-31,1,48000000000,0.072,,,,,1800000000,0.365,1700000000,0.803,,1100000000,,16.43,,,,,,,,,,,,,,,,,,,,,,true,true,12,2015-04-01,2016-03-31,0
2015-07-31,54910,2015-03-31,1,,,,,,,,,,,,,,,,,,,,60872000000,17275000000,0.284,258.03,17275000000,,,,,,,,,,,,true,false,12,2014-04-01,2015-03-31,-1
2015-07-31,54910,2015-03-31,1,,,,,,,,,,,,,,,,,,,,,,,,,,,,,0.00,,,,67000000,47891,,false,false,12,2014-04-01,2015-03-31,-1
2015-07-31,54910,2016-03-31,1,,,,,,,,,,,,,,,,,,,,,,,,,,,,,0.00,,,,,,,false,true,12,2015-04-01,2016-03-31,0
2015-07-31,54910,2016-03-31,1,,,,,,,,,,,,,,,,,,,,,,,,,,,,,,,,,67000000,48408,66951937,false,false,3,2015-04-01,2015-06-30,0
2015-07-31,54910,2015-03-31,1,,,,,,,,,,,,,,,,,,,,,,,,,,,,,,,,,,,66952936,false,false,3,2014-04-01,2014-06-30,-1
2015-09-28,54910,2016-03-31,,21000000000,-0.087,,,,,350000000,-0.563,350000000,-0.533,,200000000,,2.99,,,,,,,,,,,,,,,,,,,,,,true,true,6,2015-04-01,2015-09-30,0
2015-09-28,54910,2015-03-31,,21431000000,,,,,,462000000,,336000000,,,322000000,,4.81,,,,,,,,,,,,,,,,,,,,,,true,false,6,2014-04-01,2014-09-30,-1
2015-09-28,54910,2016-03-31,,17400000000,-0.084,,,,,250000000,-0.545,250000000,-0.545,150000000,,-0.500,2.24,,,,,,,,,,,,,,,,,,,,,,false,true,6,2015-04-01,2015-09-30,0
2015-09-28,54910,2015-03-31,,17586000000,,,,,,439000000,,323000000,,296000000,,,4.43,,,,,,,,,,,,,,,,,,,,,,false,false,6,2014-04-01,2014-09-30,-1
2015-09-28,54910,2016-03-31,,21000000000,-0.087,,,,,350000000,-0.563,350000000,-0.533,,200000000,,2.99,,,,,,,,,,,,,,,,,,,,,,true,true,6,2015-04-01,2015-09-30,0
2015-09-28,54910,2015-03-31,,21431000000,,,,,,462000000,,336000000,,,322000000,,4.81,,,,,,,,,,,,,,,,,,,,,,true,false,6,2014-04-01,2014-09-30,-1
2015-09-28,54910,2016-03-31,,17400000000,-0.084,,,,,250000000,-0.545,250000000,-0.545,150000000,,-0.500,2.24,,,,,,,,,,,,,,,,,,,,,,false,true,6,2015-04-01,2015-09-30,0
2015-09-28,54910,2015-03-31,,17586000000,,,,,,439000000,,323000000,,296000000,,,4.43,,,,,,,,,,,,,,,,,,,,,,false,false,6,2014-04-01,2014-09-30,-1
2015-10-30,54910,2016-03-31,2,21427000000,-0.000,,,,,400000000,-0.135,430000000,0.279,,240000000,,3.59,,,,,,59721000000,17620000000,0.295,263.18,17620000000,,,,,,,,,,,,true,false,6,2015-04-01,2015-09-30,0
2015-10-30,54910,2015-03-31,2,21431000000,0.165,,,,,462000000,,336000000,,,322000000,,4.81,,,,,,,,,,,,,,,,,,,,,,true,false,6,2014-04-01,2014-09-30,-1
2015-10-30,54910,2016-03-31,2,48000000000,0.072,,,,,1800000000,0.365,1700000000,0.803,,1100000000,,16.43,,,,,,,,,,,,,,,,,,,,,,true,true,12,2015-04-01,2016-03-31,0
2015-10-30,54910,2015-03-31,2,,,,,,,,,,,,,,,,,,,,60872000000,17275000000,0.284,258.03,17275000000,,,,,,,,,,,,true,false,12,2014-04-01,2015-03-31,-1
2015-10-30,54910,2015-03-31,2,,,,,,,,,,,,,,,,,,,,,,,,,,,,,0.00,,,,67000000,47891,,false,false,12,2014-04-01,2015-03-31,-1
2015-10-30,54910,2016-03-31,2,,,,,,,,,,,,,,,,,,,,,,,,,,,,,0.00,,,,,,,false,false,12,2015-04-01,2016-03-31,0
2015-10-30,54910,2016-03-31,2,,,,,,,,,,,,,,,,,,,,,,,,,,,,,,,,,67000000,48412,66951762,false,false,6,2015-04-01,2015-09-30,0
2015-10-30,54910,2015-03-31,2,,,,,,,,,,,,,,,,,,,,,,,,,,,,,,,,,,,66952832,false,false,6,2014-04-01,2014-09-30,-1
2016-01-29,54910,2016-03-31,3,32256000000,-0.027,,,,,511000000,-0.432,610000000,-0.156,,368000000,,5.50,,,,,,59475000000,17763000000,0.299,265.32,17763000000,,,,,,,,,,,,true,false,9,2015-04-01,2015-12-31,0
2016-01-29,54910,2015-03-31,3,33136000000,0.156,,,,,900000000,,723000000,,,618000000,,9.24,,,,,,,,,,,,,,,,,,,,,,true,false,9,2014-04-01,2014-12-31,-1
2016-01-29,54910,2016-03-31,3,44000000000,-0.017,,,,,750000000,-0.431,800000000,-0.151,,,,,,,,,,,,,,,,,,,,,,,,,,true,true,12,2015-04-01,2016-03-31,0
2016-01-29,54910,2015-03-31,3,,,,,,,,,,,,,,,,,,,,60872000000,17275000000,0.284,258.03,17275000000,,,,,,,,,,,,true,false,12,2014-04-01,2015-03-31,-1
2016-01-29,54910,2015-03-31,3,,,,,,,,,,,,,,,,,,,,,,,,,,,,,0.00,,,,67000000,47891,,false,false,12,2014-04-01,2015-03-31,-1
2016-01-29,54910,2016-03-31,3,,,,,,,,,,,,,,,,,,,,,,,,,,,,,0.00,,,,,,,false,false,12,2015-04-01,2016-03-31,0
2016-01-29,54910,2016-03-31,3,,,,,,,,,,,,,,,,,,,,,,,,,,,,,0.00,,,,,,,false,true,12,2015-04-01,2016-03-31,0
2016-01-29,54910,2016-03-31,3,,,,,,,,,,,,,,,,,,,,,,,,,,,,,,,,,67000000,48412,66951704,false,false,9,2015-04-01,2015-12-31,0
2016-01-29,54910,2015-03-31,3,,,,,,,,,,,,,,,,,,,,,,,,,,,,,,,,,,,66952676,false,false,9,2014-04-01,2014-12-31,-1
2016-01-29,54910,2016-03-31,,44000000000,-0.083,,,,,750000000,-0.583,800000000,-0.529,,1100000000,,16.43,,,,,,,,,,,,,,,,,,,,,,true,true,12,2015-04-01,2016-03-31,0
2016-01-29,54910,2015-03-31,,44779000000,,,,,,1318000000,,942000000,,,623000000,,9.32,,,,,,,,,,,,,,,,,,,,,,true,false,12,2014-04-01,2015-03-31,-1
2016-01-29,54910,2016-03-31,,36000000000,-0.100,,,,,400000000,-0.667,450000000,-0.625,750000000,,,11.20,,,,,,,,,,,,,,,0.00,,,,,,,false,true,12,2015-04-01,2016-03-31,0
2016-01-29,54910,2015-03-31,,36257000000,,,,,,919000000,,688000000,,428000000,,,6.40,,,,,,,,,,,,,,,0.00,,,,,,,false,false,12,2014-04-01,2015-03-31,-1
2016-01-29,54910,2016-03-31,,,,,,,,,,,,,,,,,,,,,,,,,,,,,,0.00,,,,,,,false,false,12,2015-04-01,2016-03-31,0
2016-05-12,54910,2016-03-31,,43493000000,-0.029,,,,,846000000,-0.358,923000000,-0.021,,665000000,,9.94,,0.040,0.015,0.019,,58356000000,16218000000,0.278,242.25,16218000000,1078000000,-1326000000,-338000000,5273000000,,,,,,,,true,false,12,2015-04-01,2016-03-31,0
2016-05-12,54910,2015-03-31,,44779000000,0.141,,,,,1318000000,1.919,942000000,6.449,,623000000,,9.32,,0.038,0.016,0.029,,60899000000,17214000000,0.283,257.12,17214000000,2332000000,-661000000,-1059000000,5898000000,,,,,,,,true,false,12,2014-04-01,2015-03-31,-1
2016-05-12,54910,2017-03-31,,22000000000,0.027,,,,,400000000,-0.001,400000000,-0.072,,250000000,,3.73,,,,,,,,,,,,,,,,,,,,,,true,true,6,2016-04-01,2016-09-30,1
2016-05-12,54910,2017-03-31,,45500000000,0.046,,,,,1150000000,0.359,1150000000,0.246,,850000000,,12.70,,,,,,,,,,,,,,,,,,,,,,true,true,12,2016-04-01,2017-03-31,1
2016-05-12,54910,2016-03-31,,35470000000,-0.022,,,,,452000000,-0.508,526000000,-0.236,426000000,,-0.006,6.36,,,,,,50425000000,15014000000,0.298,224.26,15014000000,,,,,0.00,,,,67000000,48412,66951675,false,false,12,2015-04-01,2016-03-31,0
2016-05-12,54910,2015-03-31,,36257000000,0.150,,,,,919000000,2.863,688000000,,428000000,,0.738,6.40,,,,,,53289000000,14926000000,0.280,222.95,14926000000,,,,,0.00,,,,67000000,47891,66952534,false,false,12,2014-04-01,2015-03-31,-1
2016-05-12,54910,2017-03-31,,18300000000,0.055,,,,,250000000,0.178,250000000,-0.015,200000000,,0.361,2.99,,,,,,,,,,,,,,,,,,,,,,false,true,6,2016-04-01,2016-09-30,1
2016-05-12,54910,2017-03-31,,37000000000,0.043,,,,,700000000,0.546,750000000,0.425,600000000,,0.408,8.96,,,,,,,,,,,,,,,0.00,,,,,,,false,true,12,2016-04-01,2017-03-31,1
2016-07-29,54910,2017-03-31,1,10997000000,0.011,,,,,342000000,0.497,329000000,0.350,,278000000,,4.16,,,,,,58336000000,16373000000,0.281,244.56,16373000000,,,,,,,,,,,,true,false,3,2016-04-01,2016-06-30,0
2016-07-29,54910,2016-03-31,1,10873000000,0.036,,,,,228000000,-0.119,243000000,0.131,,129000000,,1.93,,,,,,,,,,,,,,,,,,,,,,true,false,3,2015-04-01,2015-06-30,-1
2016-07-29,54910,2017-03-31,1,22000000000,0.027,,,,,600000000,0.499,600000000,0.393,,450000000,,6.72,,,,,,,,,,,,,,,,,,,,,,true,true,6,2016-04-01,2016-09-30,0
2016-07-29,54910,2017-03-31,1,45500000000,0.046,,,,,1150000000,0.359,1150000000,0.246,,850000000,,12.70,,,,,,,,,,,,,,,,,,,,,,true,true,12,2016-04-01,2017-03-31,0
2016-07-29,54910,2016-03-31,1,,,,,,,,,,,,,,,,,,,,58356000000,16218000000,0.278,242.25,16218000000,,,,,,,,,,,,true,false,12,2015-04-01,2016-03-31,-1
2016-07-29,54910,2016-03-31,1,,,,,,,,,,,,,,,,,,,,,,,,,,,,,0.00,,,,67000000,48412,,false,false,12,2015-04-01,2016-03-31,-1
2016-07-29,54910,2017-03-31,1,,,,,,,,,,,,,,,,,,,,,,,,,,,,,0.00,,,,,,,false,true,12,2016-04-01,2017-03-31,0
2016-07-29,54910,2017-03-31,1,,,,,,,,,,,,,,,,,,,,,,,,,,,,,,,,,67000000,48412,66951588,false,false,3,2016-04-01,2016-06-30,0
2016-07-29,54910,2016-03-31,1,,,,,,,,,,,,,,,,,,,,,,,,,,,,,,,,,,,66951937,false,false,3,2015-04-01,2015-06-30,-1
2016-07-29,54910,2017-03-31,,22000000000,0.000,,,,,600000000,0.500,600000000,0.500,,450000000,,6.72,,,,,,,,,,,,,,,,,,,,,,true,true,6,2016-04-01,2016-09-30,0
2016-07-29,54910,2016-03-31,,21427000000,,,,,,400000000,,430000000,,,240000000,,3.59,,,,,,,,,,,,,,,,,,,,,,true,false,6,2015-04-01,2015-09-30,-1
2016-07-29,54910,2017-03-31,,18300000000,0.000,,,,,450000000,0.800,450000000,0.800,350000000,,0.750,5.23,,,,,,,,,,,,,,,,,,,,,,false,true,6,2016-04-01,2016-09-30,0
2016-07-29,54910,2016-03-31,,21427000000,,,,,,400000000,,430000000,,240000000,,,2.20,,,,,,,,,,,,,,,,,,,,,,false,false,6,2015-04-01,2015-09-30,-1
2016-10-31,54910,2017-03-31,2,21805000000,0.018,,,,,715000000,0.787,705000000,0.637,,507000000,,75.78,,,,,,58526000000,16571000000,0.283,2475.16,16571000000,,,,,,,,,,,,true,false,6,2016-04-01,2016-09-30,0
2016-10-31,54910,2016-03-31,2,21427000000,-0.000,,,,,400000000,-0.135,430000000,0.279,,240000000,,35.90,,,,,,,,,,,,,,,,,,,,,,true,false,6,2015-04-01,2015-09-30,-1
2016-10-31,54910,2017-03-31,2,45500000000,0.046,,,,,1150000000,0.359,1150000000,0.246,,850000000,,126.96,,,,,,,,,,,,,,,,,,,,,,true,true,12,2016-04-01,2017-03-31,0
2016-10-31,54910,2016-03-31,2,,,,,,,,,,,,,,,,,,,,58356000000,16218000000,0.278,2422.46,16218000000,,,,,,,,,,,,true,false,12,2015-04-01,2016-03-31,-1
2016-10-31,54910,2016-03-31,2,,,,,,,,,,,,,,,,,,,,,,,,,,,,,0.00,,,,6700000,4841,,false,false,12,2015-04-01,2016-03-31,-1
2016-10-31,54910,2017-03-31,2,,,,,,,,,,,,,,,,,,,,,,,,,,,,,0.00,,,,,,,false,false,12,2016-04-01,2017-03-31,0
2016-10-31,54910,2017-03-31,2,,,,,,,,,,,,,,,,,,,,,,,,,,,,,,,,,6700000,4907,6695137,false,false,6,2016-04-01,2016-09-30,0
2016-10-31,54910,2016-03-31,2,,,,,,,,,,,,,,,,,,,,,,,,,,,,,,,,,,,6695176,false,false,6,2015-04-01,2015-09-30,-1
2017-01-31,54910,2017-03-31,3,32576000000,0.010,,,,,1112000000,1.174,1115000000,0.827,,814000000,,121.64,,,,,,58190000000,17105000000,0.294,2555.07,17105000000,,,,,,,,,,,,true,false,9,2016-04-01,2016-12-31,0
2017-01-31,54910,2016-03-31,3,32256000000,-0.027,,,,,511000000,-0.432,610000000,-0.156,,368000000,,55.02,,,,,,,,,,,,,,,,,,,,,,true,false,9,2015-04-01,2015-12-31,-1
2017-01-31,54910,2017-03-31,3,45500000000,0.046,,,,,1150000000,0.359,1150000000,0.246,,850000000,,126.96,,,,,,,,,,,,,,,,,,,,,,true,true,12,2016-04-01,2017-03-31,0
2017-01-31,54910,2016-03-31,3,,,,,,,,,,,,,,,,,,,,58356000000,16218000000,0.278,2422.46,16218000000,,,,,,,,,,,,true,false,12,2015-04-01,2016-03-31,-1
2017-01-31,54910,2016-03-31,3,,,,,,,,,,,,,,,,,,,,,,,,,,,,,0.00,,,,6700000,4841,,false,false,12,2015-04-01,2016-03-31,-1
2017-01-31,54910,2017-03-31,3,,,,,,,,,,,,,,,,,,,,,,,,,,,,,0.00,,,,,,,false,false,12,2016-04-01,2017-03-31,0
2017-01-31,54910,2017-03-31,3,,,,,,,,,,,,,,,,,,,,,,,,,,,,,,,,,6700000,5286,6695022,false,false,9,2016-04-01,2016-12-31,0
2017-01-31,54910,2016-03-31,3,,,,,,,,,,,,,,,,,,,,,,,,,,,,,,,,,,,6695170,false,false,9,2015-04-01,2015-12-31,-1
2017-02-24,54910,2017-03-31,,43500000000,-0.044,,,,,1500000000,0.304,1500000000,0.304,,1250000000,,186.70,,,,,,,,,,,,,,,,,,,,,,true,true,12,2016-04-01,2017-03-31,0
2017-02-24,54910,2016-03-31,,43493000000,,,,,,846000000,,923000000,,,665000000,,99.38,,,,,,,,,,,,,,,,,,,,,,true,false,12,2015-04-01,2016-03-31,-1
2017-02-24,54910,2017-03-31,,35000000000,-0.054,,,,,1000000000,0.429,1000000000,0.333,900000000,,0.500,134.43,,,,,,,,,,,,,,,25.00,,,,,,,false,true,12,2016-04-01,2017-03-31,0
2017-02-24,54910,2016-03-31,,35470000000,,,,,,452000000,,526000000,,426000000,,,63.64,,,,,,,,,,,,,,,0.00,,,,,,,false,false,12,2015-04-01,2016-03-31,-1
2017-02-24,54910,2017-03-31,,,,,,,,,,,,,,,,,,,,,,,,,,,,,,0.00,,,,,,,false,false,12,2016-04-01,2017-03-31,0
2017-05-12,54910,2017-03-31,,44020000000,0.012,,,,,1776000000,1.099,1675000000,0.815,,1343000000,,200.64,,0.079,0.028,0.040,,59881000000,17717000000,0.296,2646.51,17717000000,4230000000,-709000000,-739000000,8034000000,,0.125,,,,,,true,false,12,2016-04-01,2017-03-31,0
2017-05-12,54910,2016-03-31,,43493000000,-0.029,,,,,846000000,-0.358,923000000,-0.021,,665000000,,99.38,,0.040,0.015,0.019,,58356000000,16218000000,0.278,2422.46,16218000000,1078000000,-1326000000,-338000000,5273000000,,,,,,,,true,false,12,2015-04-01,2016-03-31,-1
2017-05-12,54910,2018-03-31,,23000000000,0.055,,,,,850000000,0.188,850000000,0.205,,700000000,,104.56,,,,,,,,,,,,,,,,,,,,,,true,true,6,2017-04-01,2017-09-30,1
2017-05-12,54910,2018-03-31,,46800000000,0.063,,,,,1800000000,0.013,1800000000,0.074,,1400000000,,209.12,,,,,,,,,,,,,,,,0.120,,,,,,true,true,12,2017-04-01,2018-03-31,1
2017-05-12,54910,2017-03-31,,35211000000,-0.007,,,,,1113000000,1.459,1160000000,1.205,974000000,,1.287,145.54,,,,,,51499000000,16165000000,0.314,2414.74,16165000000,,,,,25.00,,,,6700000,5345,6694935,false,false,12,2016-04-01,2017-03-31,0
2017-05-12,54910,2016-03-31,,35470000000,-0.022,,,,,452000000,-0.508,526000000,-0.236,426000000,,-0.006,63.64,,,,,,50425000000,15014000000,0.298,2242.65,15014000000,,,,,0.00,,,,6700000,4841,6695167,false,false,12,2015-04-01,2016-03-31,-1
2017-05-12,54910,2018-03-31,,19000000000,0.069,,,,,600000000,0.152,600000000,0.086,500000000,,0.268,74.69,,,,,,,,,,,,,,,,,,,,,,false,true,6,2017-04-01,2017-09-30,1
2017-05-12,54910,2018-03-31,,38500000000,0.093,,,,,1300000000,0.168,1300000000,0.120,1000000000,,0.026,149.37,,,,,,,,,,,,,,,25.00,,,,,,,false,true,12,2017-04-01,2018-03-31,1
2017-07-31,54910,2018-03-31,1,11918000000,0.084,,,,,850000000,1.485,873000000,1.655,,720000000,,107.70,,,,,,60924000000,18284000000,0.300,2731.16,18284000000,,,,,,,,,,,,true,false,3,2017-04-01,2017-06-30,0
2017-07-31,54910,2017-03-31,1,10997000000,0.011,,,,,342000000,0.497,329000000,0.350,,278000000,,41.64,,,,,,,,,,,,,,,,,,,,,,true,false,3,2016-04-01,2016-06-30,-1
2017-07-31,54910,2018-03-31,1,23600000000,0.082,,,,,1500000000,1.097,1500000000,1.127,,1200000000,,179.25,,,,,,,,,,,,,,,,,,,,,,true,true,6,2017-04-01,2017-09-30,0
2017-07-31,54910,2018-03-31,1,47500000000,0.079,,,,,2600000000,0.463,2600000000,0.552,,1900000000,,283.81,,,,,,,,,,,,,,,,,,,,,,true,true,12,2017-04-01,2018-03-31,0
2017-07-31,54910,2017-03-31,1,,,,,,,,,,,,,,,,,,,,59881000000,17717000000,0.296,2646.51,17717000000,,,,,,,,,,,,true,false,12,2016-04-01,2017-03-31,-1
2017-07-31,54910,2017-03-31,1,,,,,,,,,,,,,,,,,,,,,,,,,,,,,25.00,,,,6700000,5345,,false,false,12,2016-04-01,2017-03-31,-1
2017-07-31,54910,2018-03-31,1,,,,,,,,,,,,,,,,,,,,,,,,,,,,,30.00,,,,,,,false,true,12,2017-04-01,2018-03-31,0
2017-07-31,54910,2018-03-31,1,,,,,,,,,,,,,,,,,,,,,,,,,,,,,,,,,6700000,5345,6694655,false,false,3,2017-04-01,2017-06-30,0
2017-07-31,54910,2017-03-31,1,,,,,,,,,,,,,,,,,,,,,,,,,,,,,,,,,,,6695159,false,false,3,2016-04-01,2016-06-30,-1
2017-07-31,54910,2018-03-31,,23600000000,0.026,,,,,1500000000,0.765,1500000000,0.765,,1200000000,,179.25,,,,,,,,,,,,,,,,,,,,,,true,true,6,2017-04-01,2017-09-30,0
2017-07-31,54910,2017-03-31,,21805000000,,,,,,715000000,,705000000,,,507000000,,75.78,,,,,,,,,,,,,,,,,,,,,,true,false,6,2016-04-01,2016-09-30,-1
2017-07-31,54910,2018-03-31,,47500000000,0.015,,,,,2600000000,0.444,2600000000,0.444,,1900000000,,283.81,,,,,,,,,,,,,,,,,,,,,,true,true,12,2017-04-01,2018-03-31,0
2017-07-31,54910,2017-03-31,,44020000000,,,,,,1776000000,,1675000000,,,1343000000,,200.64,,,,,,,,,,,,,,,,,,,,,,true,false,12,2016-04-01,2017-03-31,-1
2017-07-31,54910,2018-03-31,,19000000000,0.000,,,,,1200000000,1.000,1200000000,1.000,1000000000,,1.000,149.37,,,,,,,,,,,,,,,,,,,,,,false,true,6,2017-04-01,2017-09-30,0
2017-07-31,54910,2017-03-31,,17779000000,,,,,,520000000,,552000000,,394000000,,,58.90,,,,,,,,,,,,,,,,,,,,,,false,false,6,2016-04-01,2016-09-30,-1
2017-07-31,54910,2018-03-31,,39000000000,0.013,,,,,2100000000,0.615,2100000000,0.615,1500000000,,0.500,224.06,,,,,,,,,,,,,,,30.00,,,,,,,false,true,12,2017-04-01,2018-03-31,0
2017-07-31,54910,2017-03-31,,35211000000,,,,,,1113000000,,1160000000,,974000000,,,145.54,,,,,,,,,,,,,,,25.00,,,,,,,false,false,12,2016-04-01,2017-03-31,-1
2017-10-31,54910,2018-03-31,2,23866000000,0.095,,,,,1582000000,1.212,1593000000,1.259,,1300000000,,194.33,,,,,,61199000000,18999000000,0.310,2838.01,18999000000,,,,,,,,,,,,true,false,6,2017-04-01,2017-09-30,0
2017-10-31,54910,2017-03-31,2,21805000000,0.018,,,,,715000000,0.787,705000000,0.637,,507000000,,75.78,,,,,,,,,,,,,,,,,,,,,,true,false,6,2016-04-01,2016-09-30,-1
2017-10-31,54910,2018-03-31,2,47500000000,0.079,,,,,2600000000,0.463,2600000000,0.552,,1900000000,,283.81,,,,,,,,,,,,,,,,,,,,,,true,true,12,2017-04-01,2018-03-31,0
2017-10-31,54910,2017-03-31,2,,,,,,,,,,,,,,,,,,,,59881000000,17717000000,0.296,2646.51,17717000000,,,,,,,,,,,,true,false,12,2016-04-01,2017-03-31,-1
2017-10-31,54910,2017-03-31,2,,,,,,,,,,,,,,,,,,,,,,,,,,,,,25.00,,,,6700000,5345,,false,false,12,2016-04-01,2017-03-31,-1
2017-10-31,54910,2018-03-31,2,,,,,,,,,,,,,,,,,,,,,,,,,,,,,0.00,,,,,,,false,false,12,2017-04-01,2018-03-31,0
2017-10-31,54910,2018-03-31,2,,,,,,,,,,,,,,,,,,,,,,,,,,,,,30.00,,,,,,,false,true,12,2017-04-01,2018-03-31,0
2017-10-31,54910,2018-03-31,2,,,,,,,,,,,,,,,,,,,,,,,,,,,,,,,,,6700000,5427,6694625,false,false,6,2017-04-01,2017-09-30,0
2017-10-31,54910,2017-03-31,2,,,,,,,,,,,,,,,,,,,,,,,,,,,,,,,,,,,6695137,false,false,6,2016-04-01,2016-09-30,-1
2018-01-31,54910,2018-03-31,3,36857000000,0.131,,,,,2522000000,1.268,2533000000,1.272,,1952000000,,291.60,,,,,,61416000000,19861000000,0.323,2966.88,19861000000,,,,,,,,,,,,true,false,9,2017-04-01,2017-12-31,0
2018-01-31,54910,2017-03-31,3,32576000000,0.010,,,,,1112000000,1.174,1115000000,0.827,,814000000,,121.64,,,,,,,,,,,,,,,,,,,,,,true,false,9,2016-04-01,2016-12-31,-1
2018-01-31,54910,2018-03-31,3,49000000000,0.113,,,,,3100000000,0.745,3100000000,0.850,,2100000000,,313.69,,,,,,,,,,,,,,,,,,,,,,true,true,12,2017-04-01,2018-03-31,0
2018-01-31,54910,2017-03-31,3,,,,,,,,,,,,,,,,,,,,59881000000,17717000000,0.296,2646.51,17717000000,,,,,,,,,,,,true,false,12,2016-04-01,2017-03-31,-1
2018-01-31,54910,2017-03-31,3,,,,,,,,,,,,,,,,,,,,,,,,,,,,,25.00,,,,6700000,5345,,false,false,12,2016-04-01,2017-03-31,-1
2018-01-31,54910,2018-03-31,3,,,,,,,,,,,,,,,,,,,,,,,,,,,,,0.00,,,,,,,false,false,12,2017-04-01,2018-03-31,0
2018-01-31,54910,2018-03-31,3,,,,,,,,,,,,,,,,,,,,,,,,,,,,,30.00,,,,,,,false,true,12,2017-04-01,2018-03-31,0
2018-01-31,54910,2018-03-31,3,,,,,,,,,,,,,,,,,,,,,,,,,,,,,,,,,6700000,5427,6694607,false,false,9,2017-04-01,2017-12-31,0
2018-01-31,54910,2017-03-31,3,,,,,,,,,,,,,,,,,,,,,,,,,,,,,,,,,,,6695022,false,false,9,2016-04-01,2016-12-31,-1
2018-01-31,54910,2018-03-31,,49000000000,0.032,,,,,3100000000,0.192,3100000000,0.192,,2100000000,,313.69,,,,,,,,,,,,,,,,,,,,,,true,true,12,2017-04-01,2018-03-31,0
2018-01-31,54910,2017-03-31,,44020000000,,,,,,1776000000,,1675000000,,,1343000000,,200.64,,,,,,,,,,,,,,,,,,,,,,true,false,12,2016-04-01,2017-03-31,-1
2018-01-31,54910,2018-03-31,,39000000000,,,,,,2400000000,0.143,2400000000,0.143,1700000000,,0.133,253.94,,,,,,,,,,,,,,,,,,,,,,false,true,12,2017-04-01,2018-03-31,0
2018-01-31,54910,2017-03-31,,35211000000,,,,,,1113000000,,1160000000,,974000000,,,145.54,,,,,,,,,,,,,,,,,,,,,,false,false,12,2016-04-01,2017-03-31,-1
2018-05-11,54910,2018-03-31,,48388000000,0.099,,,,,3388000000,0.907,3386000000,1.021,,2389000000,,356.95,,0.125,0.055,0.070,,63637000000,20397000000,0.321,3046.93,20397000000,3652000000,-1437000000,-1961000000,8325000000,,0.084,,,,,,true,false,12,2017-04-01,2018-03-31,0
2018-05-11,54910,2017-03-31,,44020000000,0.012,,,,,1776000000,1.099,1675000000,0.815,,1343000000,,200.64,,0.079,0.028,0.040,,59881000000,17717000000,0.296,2646.51,17717000000,4230000000,-709000000,-739000000,8034000000,,0.125,,,,,,true,false,12,2016-04-01,2017-03-31,-1
2018-05-11,54910,2019-03-31,,25000000000,0.047,,,,,1300000000,-0.179,1300000000,-0.184,,900000000,,134.44,,,,,,,,,,,,,,,,,,,,,,true,true,6,2018-04-01,2018-09-30,1
2018-05-11,54910,2019-03-31,,50000000000,0.033,,,,,2600000000,-0.233,2600000000,-0.232,,1700000000,,253.94,,,,,,,,,,,,,,,,0.118,,,,,,true,true,12,2018-04-01,2019-03-31,1
2018-05-11,54910,2018-03-31,,38956000000,0.106,,,,,2535000000,1.277,2633000000,1.269,1892000000,,0.942,282.67,,,,,,54285000000,17987000000,0.331,2686.81,17987000000,,,,,30.00,,,,6700000,5427,6694599,false,false,12,2017-04-01,2018-03-31,0
2018-05-11,54910,2017-03-31,,35211000000,-0.007,,,,,1113000000,1.459,1160000000,1.205,974000000,,1.287,145.54,,,,,,51499000000,16165000000,0.314,2414.74,16165000000,,,,,25.00,,,,6700000,5345,6694935,false,false,12,2016-04-01,2017-03-31,-1
2018-05-11,54910,2019-03-31,,21000000000,0.120,,,,,,,1100000000,-0.150,700000000,,-0.366,104.56,,,,,,,,,,,,,,,,,,,,,,false,true,6,2018-04-01,2018-09-30,1
2018-05-11,54910,2019-03-31,,42000000000,0.078,,,,,,,2100000000,-0.203,1400000000,,-0.260,209.12,,,,,,,,,,,,,,,30.00,,,,,,,false,true,12,2018-04-01,2019-03-31,1
2018-07-31,54910,2019-03-31,1,12480000000,0.047,,,,,781000000,-0.081,844000000,-0.033,,577000000,,86.30,,,,,,63408000000,20777000000,0.328,3103.57,20777000000,,,,,,,,,,,,true,false,3,2018-04-01,2018-06-30,0
2018-07-31,54910,2018-03-31,1,11918000000,0.084,,,,,850000000,1.485,873000000,1.655,,720000000,,107.70,,,,,,,,,,,,,,,,,,,,,,true,false,3,2017-04-01,2017-06-30,-1
2018-07-31,54910,2019-03-31,1,25000000000,0.047,,,,,1300000000,-0.179,1300000000,-0.184,,900000000,,134.44,,,,,,,,,,,,,,,,,,,,,,true,true,6,2018-04-01,2018-09-30,0
2018-07-31,54910,2019-03-31,1,50000000000,0.033,,,,,2600000000,-0.233,2600000000,-0.232,,1700000000,,253.94,,,,,,,,,,,,,,,,,,,,,,true,true,12,2018-04-01,2019-03-31,0
2018-07-31,54910,2018-03-31,1,,,,,,,,,,,,,,,,,,,,63637000000,20397000000,0.321,3046.93,20397000000,,,,,,,,,,,,true,false,12,2017-04-01,2018-03-31,-1
2018-07-31,54910,2018-03-31,1,,,,,,,,,,,,,,,,,,,,,,,,,,,,,30.00,,,,6700000,5427,,false,false,12,2017-04-01,2018-03-31,-1
2018-07-31,54910,2019-03-31,1,,,,,,,,,,,,,,,,,,,,,,,,,,,,,30.00,,,,,,,false,true,12,2018-04-01,2019-03-31,0
2018-07-31,54910,2019-03-31,1,,,,,,,,,,,,,,,,,,,,,,,,,,,,,,,,,6700000,5427,6694573,false,false,3,2018-04-01,2018-06-30,0
2018-07-31,54910,2018-03-31,1,,,,,,,,,,,,,,,,,,,,,,,,,,,,,,,,,,,6694655,false,false,3,2017-04-01,2017-06-30,-1
2018-07-31,54910,2019-03-31,1,12480000000,0.047,,,,,781000000,-0.081,844000000,-0.033,,577000000,,86.30,,,,,,63408000000,20777000000,0.328,3103.57,20777000000,,,,,,,,,,,,true,false,3,2018-04-01,2018-06-30,0
2018-07-31,54910,2018-03-31,1,11918000000,0.084,,,,,850000000,1.485,873000000,1.655,,720000000,,107.70,,,,,,,,,,,,,,,,,,,,,,true,false,3,2017-04-01,2017-06-30,-1
2018-07-31,54910,2019-03-31,1,25000000000,0.047,,,,,1300000000,-0.179,1300000000,-0.184,,900000000,,134.44,,,,,,,,,,,,,,,,,,,,,,true,true,6,2018-04-01,2018-09-30,0
2018-07-31,54910,2019-03-31,1,50000000000,0.033,,,,,2600000000,-0.233,2600000000,-0.232,,1700000000,,253.94,,,,,,,,,,,,,,,,,,,,,,true,true,12,2018-04-01,2019-03-31,0
2018-07-31,54910,2018-03-31,1,,,,,,,,,,,,,,,,,,,,63607000000,20397000000,0.321,3046.93,20397000000,,,,,,,,,,,,true,false,12,2017-04-01,2018-03-31,-1
2018-07-31,54910,2018-03-31,1,,,,,,,,,,,,,,,,,,,,,,,,,,,,,30.00,,,,6700000,5427,,false,false,12,2017-04-01,2018-03-31,-1
2018-07-31,54910,2019-03-31,1,,,,,,,,,,,,,,,,,,,,,,,,,,,,,30.00,,,,,,,false,true,12,2018-04-01,2019-03-31,0
2018-07-31,54910,2019-03-31,1,,,,,,,,,,,,,,,,,,,,,,,,,,,,,,,,,6700000,5427,6694573,false,false,3,2018-04-01,2018-06-30,0
2018-07-31,54910,2018-03-31,1,,,,,,,,,,,,,,,,,,,,,,,,,,,,,,,,,,,6694655,false,false,3,2017-04-01,2017-06-30,-1
2018-10-31,54910,2019-03-31,2,24914000000,0.044,,,,,1508000000,-0.047,1601000000,0.005,,1136000000,,169.84,,,,,,62306000000,21288000000,0.342,3179.96,21288000000,,,,,,,,,,,,true,false,6,2018-04-01,2018-09-30,0
2018-10-31,54910,2018-03-31,2,23866000000,0.095,,,,,1582000000,1.212,1593000000,1.259,,1300000000,,194.33,,,,,,,,,,,,,,,,,,,,,,true,false,6,2017-04-01,2017-09-30,-1
2018-10-31,54910,2019-03-31,2,50000000000,0.033,,,,,2600000000,-0.233,2600000000,-0.232,,1700000000,,253.94,,,,,,,,,,,,,,,,,,,,,,true,true,12,2018-04-01,2019-03-31,0
2018-10-31,54910,2018-03-31,2,,,,,,,,,,,,,,,,,,,,63607000000,20397000000,0.321,3046.93,20397000000,,,,,,,,,,,,true,false,12,2017-04-01,2018-03-31,-1
2018-10-31,54910,2018-03-31,2,,,,,,,,,,,,,,,,,,,,,,,,,,,,,30.00,,,,6700000,5427,,false,false,12,2017-04-01,2018-03-31,-1
2018-10-31,54910,2019-03-31,2,,,,,,,,,,,,,,,,,,,,,,,,,,,,,0.00,,,,,,,false,false,12,2018-04-01,2019-03-31,0
2018-10-31,54910,2019-03-31,2,,,,,,,,,,,,,,,,,,,,,,,,,,,,,30.00,,,,,,,false,true,12,2018-04-01,2019-03-31,0
2018-10-31,54910,2019-03-31,2,,,,,,,,,,,,,,,,,,,,,,,,,,,,,,,,,6700000,5439,6694571,false,false,6,2018-04-01,2018-09-30,0
2018-10-31,54910,2018-03-31,2,,,,,,,,,,,,,,,,,,,,,,,,,,,,,,,,,,,6694625,false,false,6,2017-04-01,2017-09-30,-1
2018-12-25,54910,2019-03-31,,50000000000,0.000,,,,,2600000000,0.000,2600000000,0.000,,900000000,,134.44,,,,,,,,,,,,,,,,,,,,,,true,true,12,2018-04-01,2019-03-31,0
2018-12-25,54910,2018-03-31,,48388000000,,,,,,3388000000,,3386000000,,,2389000000,,356.95,,,,,,,,,,,,,,,,,,,,,,true,false,12,2017-04-01,2018-03-31,-1
2018-12-25,54910,2019-03-31,,42000000000,0.000,,,,,,,2100000000,0.000,700000000,,-0.500,104.56,,,,,,,,,,,,,,,,,,,,,,false,true,12,2018-04-01,2019-03-31,0
2018-12-25,54910,2018-03-31,,38956000000,,,,,,,,2633000000,,1892000000,,,282.67,,,,,,,,,,,,,,,,,,,,,,false,false,12,2017-04-01,2018-03-31,-1
2019-01-31,54910,2019-03-31,3,37760000000,0.025,,,,,2295000000,-0.090,2389000000,-0.057,,1695000000,,253.21,,,,,,61546000000,21672000000,0.352,3237.40,21672000000,,,,,,,,,,,,true,false,9,2018-04-01,2018-12-31,0
2019-01-31,54910,2018-03-31,3,36857000000,0.131,,,,,2522000000,1.268,2533000000,1.272,,1952000000,,291.60,,,,,,,,,,,,,,,,,,,,,,true,false,9,2017-04-01,2017-12-31,-1
2019-01-31,54910,2019-03-31,3,50000000000,0.033,,,,,2600000000,-0.233,2600000000,-0.232,,900000000,,134.44,,,,,,,,,,,,,,,,,,,,,,true,true,12,2018-04-01,2019-03-31,0
2019-01-31,54910,2018-03-31,3,,,,,,,,,,,,,,,,,,,,63607000000,20397000000,0.321,3046.93,20397000000,,,,,,,,,,,,true,false,12,2017-04-01,2018-03-31,-1
2019-01-31,54910,2018-03-31,3,,,,,,,,,,,,,,,,,,,,,,,,,,,,,30.00,,,,6700000,5427,,false,false,12,2017-04-01,2018-03-31,-1
2019-01-31,54910,2019-03-31,3,,,,,,,,,,,,,,,,,,,,,,,,,,,,,0.00,,,,,,,false,false,12,2018-04-01,2019-03-31,0
2019-01-31,54910,2019-03-31,3,,,,,,,,,,,,,,,,,,,,,,,,,,,,,30.00,,,,,,,false,true,12,2018-04-01,2019-03-31,0
2019-01-31,54910,2019-03-31,3,,,,,,,,,,,,,,,,,,,,,,,,,,,,,,,,,6700000,5439,6694568,false,false,9,2018-04-01,2018-12-31,0
2019-01-31,54910,2018-03-31,3,,,,,,,,,,,,,,,,,,,,,,,,,,,,,,,,,,,6694607,false,false,9,2017-04-01,2017-12-31,-1
2019-05-10,54910,2019-03-31,,49291000000,0.019,,,,,2580000000,-0.238,2685000000,-0.207,,908000000,,135.75,,0.044,0.043,0.052,,61885000000,21214000000,0.343,3168.86,21214000000,755000000,-2095000000,-621000000,6354000000,,0.221,,,,,,true,false,12,2018-04-01,2019-03-31,0
2019-05-10,54910,2018-03-31,,48388000000,0.099,,,,,3388000000,0.907,3386000000,1.021,,2389000000,,356.95,,0.125,0.055,0.070,,63607000000,20397000000,0.321,3046.93,20397000000,3652000000,-1437000000,-1961000000,8325000000,,0.084,,,,,,true,false,12,2017-04-01,2018-03-31,-1
2019-05-10,54910,2019-03-31,,41249000000,0.059,,,,,1713000000,-0.324,1814000000,-0.311,537000000,,-0.716,80.28,,,,,,52630000000,18169000000,0.345,2714.10,18169000000,,,,,30.00,,,,6700000,5439,6694566,false,false,12,2018-04-01,2019-03-31,0
2019-05-10,54910,2018-03-31,,38956000000,0.106,,,,,2535000000,1.277,2633000000,1.269,1892000000,,0.942,282.67,,,,,,54285000000,17987000000,0.331,2686.81,17987000000,,,,,30.00,,,,6700000,5427,6694599,false,false,12,2017-04-01,2018-03-31,-1
2019-07-31,54910,2020-03-31,1,11495000000,-0.079,,,,,302000000,-0.613,347000000,-0.588,,208000000,,31.19,,,,,,61919000000,21137000000,0.341,3157.42,21137000000,,,,,,,,,,,,true,false,3,2019-04-01,2019-06-30,0
2019-07-31,54910,2019-03-31,1,12480000000,0.047,,,,,781000000,-0.081,844000000,-0.033,,577000000,,86.30,,,,,,,,,,,,,,,,,,,,,,true,false,3,2018-04-01,2018-06-30,-1
2019-07-31,54910,2019-03-31,1,,,,,,,,,,,,,,,,,,,,61885000000,21214000000,0.343,3168.86,21214000000,,,,,,,,,,,,true,false,12,2018-04-01,2019-03-31,-1
2019-07-31,54910,2019-03-31,1,,,,,,,,,,,,,,,,,,,,,,,,,,,,,30.00,,,,6700000,5439,,false,false,12,2018-04-01,2019-03-31,-1
2019-07-31,54910,2020-03-31,1,,,,,,,,,,,,,,,,,,,,,,,,,,,,,,,,,6700000,5439,6694561,false,false,3,2019-04-01,2019-06-30,0
2019-07-31,54910,2019-03-31,1,,,,,,,,,,,,,,,,,,,,,,,,,,,,,,,,,,,6694573,false,false,3,2018-04-01,2018-06-30,-1
2019-10-31,54910,2020-03-31,2,22980000000,-0.078,,,,,562000000,-0.627,569000000,-0.644,,197000000,,29.47,,,,,,61523000000,21206000000,0.345,3167.78,21206000000,,,,,,,,,,,,true,false,6,2019-04-01,2019-09-30,0
2019-10-31,54910,2019-03-31,2,24914000000,0.044,,,,,1508000000,-0.047,1601000000,0.005,,1136000000,,169.84,,,,,,,,,,,,,,,,,,,,,,true,false,6,2018-04-01,2018-09-30,-1
2019-10-31,54910,2020-03-31,2,47000000000,-0.046,,,,,950000000,-0.632,950000000,-0.646,,400000000,,59.75,,,,,,,,,,,,,,,,,,,,,,true,true,12,2019-04-01,2020-03-31,0
2019-10-31,54910,2019-03-31,2,,,,,,,,,,,,,,,,,,,,61885000000,21214000000,0.343,3168.86,21214000000,,,,,,,,,,,,true,false,12,2018-04-01,2019-03-31,-1
2019-10-31,54910,2019-03-31,2,,,,,,,,,,,,,,,,,,,,,,,,,,,,,30.00,,,,6700000,5439,,false,false,12,2018-04-01,2019-03-31,-1
2019-10-31,54910,2020-03-31,2,,,,,,,,,,,,,,,,,,,,,,,,,,,,,0.00,,,,,,,false,false,12,2019-04-01,2020-03-31,0
2019-10-31,54910,2020-03-31,2,,,,,,,,,,,,,,,,,,,,,,,,,,,,,30.00,,,,,,,false,true,12,2019-04-01,2020-03-31,0
2019-10-31,54910,2020-03-31,2,,,,,,,,,,,,,,,,,,,,,,,,,,,,,,,,,6700000,5441,6694560,false,false,6,2019-04-01,2019-09-30,0
2019-10-31,54910,2019-03-31,2,,,,,,,,,,,,,,,,,,,,,,,,,,,,,,,,,,,6694571,false,false,6,2018-04-01,2018-09-30,-1
2019-10-31,54910,2020-03-31,,47000000000,,,,,,950000000,,950000000,,,400000000,,59.75,,,,,,,,,,,,,,,,,,,,,,true,true,12,2019-04-01,2020-03-31,0
2019-10-31,54910,2019-03-31,,49291000000,,,,,,2580000000,,2685000000,,,908000000,,135.75,,,,,,,,,,,,,,,,,,,,,,true,false,12,2018-04-01,2019-03-31,-1
2019-10-31,54910,2020-03-31,,39500000000,,,,,,450000000,,450000000,,200000000,,,29.88,,,,,,,,,,,,,,,30.00,,,,,,,false,true,12,2019-04-01,2020-03-31,0
2019-10-31,54910,2019-03-31,,41249000000,,,,,,1713000000,,1814000000,,537000000,,,80.28,,,,,,,,,,,,,,,30.00,,,,,,,false,false,12,2018-04-01,2019-03-31,-1
2019-10-31,54910,2020-03-31,,,,,,,,,,,,,,,,,,,,,,,,,,,,,,0.00,,,,,,,false,false,12,2019-04-01,2020-03-31,0
2019-12-25,54910,2020-03-31,,47000000000,,,,,,950000000,,950000000,,,400000000,,59.75,,,,,,,,,,,,,,,,,,,,,,true,true,12,2019-04-01,2020-03-31,0
2019-12-25,54910,2019-03-31,,49291000000,,,,,,2580000000,,2685000000,,,908000000,,135.75,,,,,,,,,,,,,,,,,,,,,,true,false,12,2018-04-01,2019-03-31,-1
2019-12-25,54910,2020-03-31,,39500000000,,,,,,450000000,,450000000,,200000000,,,29.88,,,,,,,,,,,,,,,30.00,,,,,,,false,true,12,2019-04-01,2020-03-31,0
2019-12-25,54910,2019-03-31,,41249000000,,,,,,1713000000,,1814000000,,537000000,,,80.28,,,,,,,,,,,,,,,30.00,,,,,,,false,false,12,2018-04-01,2019-03-31,-1
2019-12-25,54910,2020-03-31,,,,,,,,,,,,,,,,,,,,,,,,,,,,,,0.00,,,,,,,false,false,12,2019-04-01,2020-03-31,0
2020-01-31,54910,2020-03-31,3,34516000000,-0.086,,,,,822000000,-0.642,831000000,-0.652,,226000000,,33.87,,,,,,61492000000,21393000000,0.348,3195.63,21393000000,,,,,,,,,,,,true,false,9,2019-04-01,2019-12-31,0
2020-01-31,54910,2019-03-31,3,37760000000,0.025,,,,,2295000000,-0.090,2389000000,-0.057,,1695000000,,253.21,,,,,,,,,,,,,,,,,,,,,,true,false,9,2018-04-01,2018-12-31,-1
2020-01-31,54910,2019-03-31,3,,,,,,,,,,,,,,,,,,,,61885000000,21214000000,0.343,3168.86,21214000000,,,,,,,,,,,,true,false,12,2018-04-01,2019-03-31,-1
2020-01-31,54910,2019-03-31,3,,,,,,,,,,,,,,,,,,,,,,,,,,,,,30.00,,,,6700000,5439,,false,false,12,2018-04-01,2019-03-31,-1
2020-01-31,54910,2020-03-31,3,,,,,,,,,,,,,,,,,,,,,,,,,,,,,0.00,,,,,,,false,false,12,2019-04-01,2020-03-31,0
2020-01-31,54910,2020-03-31,3,,,,,,,,,,,,,,,,,,,,,,,,,,,,,,,,,6700000,5455,6694557,false,false,9,2019-04-01,2019-12-31,0
2020-01-31,54910,2019-03-31,3,,,,,,,,,,,,,,,,,,,,,,,,,,,,,,,,,,,6694568,false,false,9,2018-04-01,2018-12-31,-1
2020-03-25,54910,2020-03-31,,45300000000,,,,,,500000000,,500000000,,,-350000000,,-52.28,,,,,,,,,,,,,,,,,,,,,,true,true,12,2019-04-01,2020-03-31,0
2020-03-25,54910,2019-03-31,,49291000000,,,,,,2580000000,,2685000000,,,908000000,,135.75,,,,,,,,,,,,,,,,,,,,,,true,false,12,2018-04-01,2019-03-31,-1
2020-03-25,54910,2020-03-31,,37100000000,,,,,,-150000000,,-100000000,,-670000000,,,-100.08,,,,,,,,,,,,,,,0.00,,,,,,,false,true,12,2019-04-01,2020-03-31,0
2020-03-25,54910,2019-03-31,,41249000000,,,,,,1713000000,,1814000000,,537000000,,,80.28,,,,,,,,,,,,,,,30.00,,,,,,,false,false,12,2018-04-01,2019-03-31,-1
2020-03-25,54910,2020-03-31,,,,,,,,,,,,,,,,,,,,,,,,,,,,,,0.00,,,,,,,false,false,12,2019-04-01,2020-03-31,0
2020-05-26,54910,2020-03-31,,45181000000,-0.083,,,,,629000000,-0.756,625000000,-0.767,,-197000000,,-29.48,,-0.009,0.010,0.014,,61803000000,20502000000,0.332,3062.66,20502000000,1714000000,-2524000000,562000000,6150000000,,,,,,,,true,false,12,2019-04-01,2020-03-31,0
2020-05-26,54910,2019-03-31,,49291000000,0.019,,,,,2580000000,-0.238,2685000000,-0.207,,908000000,,135.75,,0.044,0.043,0.052,,61885000000,21214000000,0.343,3168.86,21214000000,755000000,-2095000000,-621000000,6354000000,,0.221,,,,,,true,false,12,2018-04-01,2019-03-31,-1
2020-05-26,54910,2020-03-31,,37244000000,-0.097,,,,,-96000000,,-36000000,,-613000000,,,-91.64,,,,,,52515000000,17149000000,0.327,2561.76,17149000000,,,,,0.00,,,,6700000,5530,6694535,false,false,12,2019-04-01,2020-03-31,0
2020-05-26,54910,2019-03-31,,41249000000,0.059,,,,,1713000000,-0.324,1814000000,-0.311,537000000,,-0.716,80.28,,,,,,52630000000,18169000000,0.345,2714.10,18169000000,,,,,30.00,,,,6700000,5439,6694566,false,false,12,2018-04-01,2019-03-31,-1
2020-05-26,54910,2020-03-31,,45181000000,-0.003,,,,,629000000,0.259,625000000,0.251,,-197000000,,-29.48,,,,,,,,,,,,,,,,,,,,,,true,true,12,2019-04-01,2020-03-31,0
2020-05-26,54910,2019-03-31,,49291000000,,,,,,2580000000,,2685000000,,,908000000,,135.75,,,,,,,,,,,,,,,,,,,,,,true,false,12,2018-04-01,2019-03-31,-1
2020-07-31,54910,2021-03-31,1,9185000000,-0.201,,,,,-529000000,,-501000000,,,-467000000,,-69.88,,,,,,62301000000,19971000000,0.321,2983.23,19971000000,,,,,,,,,,,,true,false,3,2020-04-01,2020-06-30,0
2020-07-31,54910,2020-03-31,1,11495000000,-0.079,,,,,302000000,-0.613,347000000,-0.588,,208000000,,31.19,,,,,,,,,,,,,,,,,,,,,,true,false,3,2019-04-01,2019-06-30,-1
2020-07-31,54910,2020-03-31,1,,,,,,,,,,,,,,,,,,,,61803000000,20502000000,0.332,3062.66,20502000000,,,,,,,,,,,,true,false,12,2019-04-01,2020-03-31,-1
2020-07-31,54910,2020-03-31,1,,,,,,,,,,,,,,,,,,,,,,,,,,,,,0.00,,,,6700000,5530,,false,false,12,2019-04-01,2020-03-31,-1
2020-07-31,54910,2021-03-31,1,,,,,,,,,,,,,,,,,,,,,,,,,,,,,,,,,6700000,5531,6694469,false,false,3,2020-04-01,2020-06-30,0
2020-07-31,54910,2020-03-31,1,,,,,,,,,,,,,,,,,,,,,,,,,,,,,,,,,,,6694561,false,false,3,2019-04-01,2019-06-30,-1
2020-10-30,54910,2021-03-31,2,18006000000,-0.216,,,,,-1679000000,,-1700000000,,,501000000,,74.88,,,,,,62967000000,21088000000,0.335,3150.17,21088000000,,,,,,,,,,,,true,false,6,2020-04-01,2020-09-30,0
2020-10-30,54910,2020-03-31,2,22980000000,-0.078,,,,,562000000,-0.627,569000000,-0.644,,197000000,,29.47,,,,,,,,,,,,,,,,,,,,,,true,false,6,2019-04-01,2019-09-30,-1
2020-10-30,54910,2021-03-31,2,38000000000,-0.159,,,,,-2800000000,,-2800000000,,,-600000000,,-89.63,,,,,,,,,,,,,,,,,,,,,,true,true,12,2020-04-01,2021-03-31,0
2020-10-30,54910,2020-03-31,2,,,,,,,,,,,,,,,,,,,,61803000000,20502000000,0.332,3062.66,20502000000,,,,,,,,,,,,true,false,12,2019-04-01,2020-03-31,-1
2020-10-30,54910,2020-03-31,2,,,,,,,,,,,,,,,,,,,,,,,,,,,,,0.00,,,,6700000,5530,,false,false,12,2019-04-01,2020-03-31,-1
2020-10-30,54910,2021-03-31,2,,,,,,,,,,,,,,,,,,,,,,,,,,,,,0.00,,,,,,,false,false,12,2020-04-01,2021-03-31,0
2020-10-30,54910,2021-03-31,2,,,,,,,,,,,,,,,,,,,,,,,,,,,,,0.00,,,,,,,false,true,12,2020-04-01,2021-03-31,0
2020-10-30,54910,2021-03-31,2,,,,,,,,,,,,,,,,,,,,,,,,,,,,,,,,,6700000,5531,6694469,false,false,6,2020-04-01,2020-09-30,0
2020-10-30,54910,2020-03-31,2,,,,,,,,,,,,,,,,,,,,,,,,,,,,,,,,,,,6694560,false,false,6,2019-04-01,2019-09-30,-1
2020-10-30,54910,2021-03-31,,38000000000,,,,,,-2800000000,,-2800000000,,,-600000000,,-89.63,,,,,,,,,,,,,,,,,,,,,,true,true,12,2020-04-01,2021-03-31,0
2020-10-30,54910,2020-03-31,,45181000000,,,,,,629000000,,625000000,,,-197000000,,-29.48,,,,,,,,,,,,,,,,,,,,,,true,false,12,2019-04-01,2020-03-31,-1
2020-10-30,54910,2021-03-31,,31400000000,,,,,,-3250000000,,-3250000000,,-800000000,,,-119.50,,,,,,,,,,,,,,,0.00,,,,,,,false,true,12,2020-04-01,2021-03-31,0
2020-10-30,54910,2020-03-31,,37244000000,,,,,,-96000000,,-36000000,,-613000000,,,-91.64,,,,,,,,,,,,,,,0.00,,,,,,,false,false,12,2019-04-01,2020-03-31,-1
2020-10-30,54910,2021-03-31,,,,,,,,,,,,,,,,,,,,,,,,,,,,,,0.00,,,,,,,false,false,12,2020-04-01,2021-03-31,0
2021-01-29,54910,2021-03-31,3,28735000000,-0.167,,,,,-2206000000,,-2190000000,,,86000000,,12.91,,,,,,62785000000,20726000000,0.330,3096.03,20726000000,,,,,,,,,,,,true,false,9,2020-04-01,2020-12-31,0
2021-01-29,54910,2020-03-31,3,34516000000,-0.086,,,,,822000000,-0.642,831000000,-0.652,,226000000,,33.87,,,,,,,,,,,,,,,,,,,,,,true,false,9,2019-04-01,2019-12-31,-1
2021-01-29,54910,2021-03-31,3,38000000000,-0.159,,,,,-2800000000,,-2800000000,,,-600000000,,-89.63,,,,,,,,,,,,,,,,,,,,,,true,true,12,2020-04-01,2021-03-31,0
2021-01-29,54910,2020-03-31,3,,,,,,,,,,,,,,,,,,,,61803000000,20502000000,0.332,3062.66,20502000000,,,,,,,,,,,,true,false,12,2019-04-01,2020-03-31,-1
2021-01-29,54910,2020-03-31,3,,,,,,,,,,,,,,,,,,,,,,,,,,,,,0.00,,,,6700000,5530,,false,false,12,2019-04-01,2020-03-31,-1
2021-01-29,54910,2021-03-31,3,,,,,,,,,,,,,,,,,,,,,,,,,,,,,0.00,,,,,,,false,false,12,2020-04-01,2021-03-31,0
2021-01-29,54910,2021-03-31,3,,,,,,,,,,,,,,,,,,,,,,,,,,,,,0.00,,,,,,,false,true,12,2020-04-01,2021-03-31,0
2021-01-29,54910,2021-03-31,3,,,,,,,,,,,,,,,,,,,,,,,,,,,,,,,,,6700000,5569,6694463,false,false,9,2020-04-01,2020-12-31,0
2021-01-29,54910,2020-03-31,3,,,,,,,,,,,,,,,,,,,,,,,,,,,,,,,,,,,6694557,false,false,9,2019-04-01,2019-12-31,-1
2021-05-12,54910,2021-03-31,,40106000000,-0.112,,,,,-2386000000,,-2454000000,,,-277000000,,-41.41,,-0.014,-0.039,-0.060,,64177000000,20475000000,0.319,3058.54,20475000000,2346000000,-2043000000,2299000000,8703000000,,,,,,,,true,false,12,2020-04-01,2021-03-31,0
2021-05-12,54910,2020-03-31,,45181000000,-0.083,,,,,629000000,-0.756,625000000,-0.767,,-197000000,,-29.48,,-0.009,0.010,0.014,,61803000000,20502000000,0.332,3062.66,20502000000,1714000000,-2524000000,562000000,6150000000,,,,,,,,true,false,12,2019-04-01,2020-03-31,-1
2021-05-12,54910,2022-03-31,,22500000000,0.250,,,,,-200000000,,-300000000,,,-400000000,,-59.75,,,,,,,,,,,,,,,,,,,,,,true,true,6,2021-04-01,2021-09-30,1
2021-05-12,54910,2022-03-31,,46000000000,0.147,,,,,-150000000,,-250000000,,,-500000000,,-74.69,,,,,,,,,,,,,,,,,,,,,,true,true,12,2021-04-01,2022-03-31,1
2021-05-12,54910,2021-03-31,,32415000000,-0.130,,,,,-2970000000,,-2969000000,,-631000000,,,-94.27,,,,,,53795000000,16631000000,0.309,2484.32,16631000000,,,,,0.00,,,,6700000,5569,6694455,false,false,12,2020-04-01,2021-03-31,0
2021-05-12,54910,2020-03-31,,37244000000,-0.097,,,,,-96000000,,-36000000,,-613000000,,,-91.64,,,,,,52515000000,17149000000,0.327,2561.76,17149000000,,,,,0.00,,,,6700000,5530,6694535,false,false,12,2019-04-01,2020-03-31,-1
2021-05-12,54910,2022-03-31,,18500000000,0.261,,,,,-500000000,,-600000000,,-700000000,,,-104.56,,,,,,,,,,,,,,,,,,,,,,false,true,6,2021-04-01,2021-09-30,1
2021-05-12,54910,2022-03-31,,38000000000,0.172,,,,,-750000000,,-800000000,,-900000000,,,-134.44,,,,,,,,,,,,,,,0.00,,,,,,,false,true,12,2021-04-01,2022-03-31,1
2021-07-30,54910,2022-03-31,1,11916000000,0.297,,,,,205000000,,154000000,,,-12000000,,-1.92,,,,,,63897000000,20431000000,0.320,3051.95,20431000000,,,,,,,,,,,,true,false,3,2021-04-01,2021-06-30,0
2021-07-30,54910,2021-03-31,1,9185000000,-0.201,,,,,-529000000,,-501000000,,,-467000000,,-69.88,,,,,,,,,,,,,,,,,,,,,,true,false,3,2020-04-01,2020-06-30,-1
2021-07-30,54910,2022-03-31,1,22500000000,0.250,,,,,-200000000,,-300000000,,,-400000000,,-59.75,,,,,,,,,,,,,,,,,,,,,,true,true,6,2021-04-01,2021-09-30,0
2021-07-30,54910,2022-03-31,1,46000000000,0.147,,,,,-150000000,,-250000000,,,-500000000,,-74.69,,,,,,,,,,,,,,,,,,,,,,true,true,12,2021-04-01,2022-03-31,0
2021-07-30,54910,2021-03-31,1,,,,,,,,,,,,,,,,,,,,64177000000,20475000000,0.319,3058.54,20475000000,,,,,,,,,,,,true,false,12,2020-04-01,2021-03-31,-1
2021-07-30,54910,2021-03-31,1,,,,,,,,,,,,,,,,,,,,,,,,,,,,,0.00,,,,6700000,5569,,false,false,12,2020-04-01,2021-03-31,-1
2021-07-30,54910,2022-03-31,1,,,,,,,,,,,,,,,,,,,,,,,,,,,,,0.00,,,,,,,false,true,12,2021-04-01,2022-03-31,0
2021-07-30,54910,2022-03-31,1,,,,,,,,,,,,,,,,,,,,,,,,,,,,,,,,,6700000,5569,6694431,false,false,3,2021-04-01,2021-06-30,0
2021-07-30,54910,2021-03-31,1,,,,,,,,,,,,,,,,,,,,,,,,,,,,,,,,,,,6694469,false,false,3,2020-04-01,2020-06-30,-1
2021-10-29,5491,2022-03-31,2,23798000000,0.322,,,,,464000000,,414000000,,,107000000,,15.99,,,,,,64402000000,20588000000,0.320,3075.51,20588000000,,,,,,,,,,,,true,false,6,2021-04-01,2021-09-30,0
2021-10-29,5491,2021-03-31,2,18006000000,-0.216,,,,,-1679000000,,-1700000000,,,501000000,,74.88,,,,,,,,,,,,,,,,,,,,,,true,false,6,2020-04-01,2020-09-30,-1
2021-10-29,5491,2022-03-31,2,48500000000,0.209,,,,,500000000,,500000000,,,200000000,,29.88,,,,,,,,,,,,,,,,,,,,,,true,true,12,2021-04-01,2022-03-31,0
2021-10-29,5491,2021-03-31,2,,,,,,,,,,,,,,,,,,,,64177000000,20475000000,0.319,3058.54,20475000000,,,,,,,,,,,,true,false,12,2020-04-01,2021-03-31,-1
2021-10-29,5491,2021-03-31,2,,,,,,,,,,,,,,,,,,,,,,,,,,,,,0.00,,,,6700000,5569,,false,false,12,2020-04-01,2021-03-31,-1
2021-10-29,5491,2022-03-31,2,,,,,,,,,,,,,,,,,,,,,,,,,,,,,0.00,,,,,,,false,false,12,2021-04-01,2022-03-31,0
2021-10-29,5491,2022-03-31,2,,,,,,,,,,,,,,,,,,,,,,,,,,,,,0.00,,,,,,,false,true,12,2021-04-01,2022-03-31,0
2021-10-29,5491,2022-03-31,2,,,,,,,,,,,,,,,,,,,,,,,,,,,,,,,,,6700000,5575,6694428,false,false,6,2021-04-01,2021-09-30,0
2021-10-29,5491,2021-03-31,2,,,,,,,,,,,,,,,,,,,,,,,,,,,,,,,,,,,6694469,false,false,6,2020-04-01,2020-09-30,-1
2021-10-29,54910,2022-03-31,,39000000000,0.026,,,,,-400000000,,-400000000,,-300000000,,,-44.81,,,,,,,,,,,,,,,,,,,,,,false,true,12,2021-04-01,2022-03-31,0
2021-10-29,54910,2021-03-31,,32415000000,,,,,,-2970000000,,-2969000000,,-631000000,,,-94.27,,,,,,,,,,,,,,,,,,,,,,false,false,12,2020-04-01,2021-03-31,-1
2022-01-31,5491,2022-03-31,3,36337000000,0.265,,,,,855000000,,846000000,,,2407000000,,359.57,,,,,,68870000000,22797000000,0.331,3405.53,22797000000,,,,,,,,,,,,true,false,9,2021-04-01,2021-12-31,0
2022-01-31,5491,2021-03-31,3,28735000000,-0.167,,,,,-2206000000,,-2190000000,,,86000000,,12.91,,,,,,,,,,,,,,,,,,,,,,true,false,9,2020-04-01,2020-12-31,-1
2022-01-31,5491,2022-03-31,3,49000000000,0.222,,,,,800000000,,800000000,,,2000000000,,298.76,,,,,,,,,,,,,,,,,,,,,,true,true,12,2021-04-01,2022-03-31,0
2022-01-31,5491,2021-03-31,3,,,,,,,,,,,,,,,,,,,,64177000000,20475000000,0.319,3058.54,20475000000,,,,,,,,,,,,true,false,12,2020-04-01,2021-03-31,-1
2022-01-31,5491,2021-03-31,3,,,,,,,,,,,,,,,,,,,,,,,,,,,,,0.00,,,,6700000,5569,,false,false,12,2020-04-01,2021-03-31,-1
2022-01-31,5491,2022-03-31,3,,,,,,,,,,,,,,,,,,,,,,,,,,,,,0.00,,,,,,,false,false,12,2021-04-01,2022-03-31,0
2022-01-31,5491,2022-03-31,3,,,,,,,,,,,,,,,,,,,,,,,,,,,,,0.00,,,,,,,false,true,12,2021-04-01,2022-03-31,0
2022-01-31,5491,2022-03-31,3,,,,,,,,,,,,,,,,,,,,,,,,,,,,,,,,,6700000,5654,6694418,false,false,9,2021-04-01,2021-12-31,0
2022-01-31,5491,2021-03-31,3,,,,,,,,,,,,,,,,,,,,,,,,,,,,,,,,,,,6694463,false,false,9,2020-04-01,2020-12-31,-1
2022-01-31,54910,2022-03-31,,39500000000,0.013,,,,,-100000000,,-100000000,,1500000000,,,224.07,,,,,,,,,,,,,,,,,,,,,,false,true,12,2021-04-01,2022-03-31,0
2022-01-31,54910,2021-03-31,,32415000000,,,,,,-2970000000,,-2969000000,,-631000000,,,-94.27,,,,,,,,,,,,,,,,,,,,,,false,false,12,2020-04-01,2021-03-31,-1
2022-05-12,5491,2022-03-31,,49117000000,0.225,,,,,1437000000,,1337000000,,,2517000000,,376.10,,0.115,0.020,0.029,,72179000000,23314000000,0.323,3482.66,23314000000,4500000000,-2747000000,-399000000,10065000000,,,,,,,,true,false,12,2021-04-01,2022-03-31,0
2022-05-12,5491,2021-03-31,,40106000000,-0.112,,,,,-2386000000,,-2454000000,,,-277000000,,-41.41,,-0.014,-0.039,-0.060,,64177000000,20475000000,0.319,3058.54,20475000000,2346000000,-2043000000,2299000000,8703000000,,,,,,,,true,false,12,2020-04-01,2021-03-31,-1
2022-05-12,5491,2022-03-31,,39838000000,0.229,,,,,329000000,,338000000,,1788000000,,,267.09,,,,,,60752000000,18490000000,0.304,2762.05,18490000000,,,,,0.00,,,,6700000,5654,6694400,false,false,12,2021-04-01,2022-03-31,0
2022-05-12,5491,2021-03-31,,32415000000,-0.130,,,,,-2970000000,,-2969000000,,-631000000,,,-94.27,,,,,,53795000000,16631000000,0.309,2484.32,16631000000,,,,,0.00,,,,6700000,5569,6694455,false,false,12,2020-04-01,2021-03-31,-1
2022-07-29,5491,2023-03-31,1,13070000000,0.097,,,,,472000000,1.297,476000000,2.079,,316000000,,47.28,,,,,,72431000000,23743000000,0.328,3546.81,23743000000,,,,,,,,,,,,true,false,3,2022-04-01,2022-06-30,0
2022-07-29,5491,2022-03-31,1,11916000000,0.297,,,,,205000000,,154000000,,,-12000000,,-1.92,,,,,,,,,,,,,,,,,,,,,,true,false,3,2021-04-01,2021-06-30,-1
2022-07-29,5491,2022-03-31,1,,,,,,,,,,,,,,,,,,,,72179000000,23314000000,0.323,3482.66,23314000000,,,,,,,,,,,,true,false,12,2021-04-01,2022-03-31,-1
2022-07-29,5491,2022-03-31,1,,,,,,,,,,,,,,,,,,,,,,,,,,,,,0.00,,,,6700000,5654,,false,false,12,2021-04-01,2022-03-31,-1
2022-07-29,5491,2023-03-31,1,,,,,,,,,,,,,,,,,,,,,,,,,,,,,,,,,6700000,5659,6694343,false,false,3,2022-04-01,2022-06-30,0
2022-07-29,5491,2022-03-31,1,,,,,,,,,,,,,,,,,,,,,,,,,,,,,,,,,,,6694431,false,false,3,2021-04-01,2021-06-30,-1
2022-10-31,5491,2023-03-31,2,25894000000,0.088,,,,,852000000,0.833,817000000,0.974,,553000000,,82.70,,,,,,71096000000,24075000000,0.339,3596.34,24075000000,,,,,,,,,,,,true,false,6,2022-04-01,2022-09-30,0
2022-10-31,5491,2022-03-31,2,23798000000,0.322,,,,,464000000,,414000000,,,107000000,,15.99,,,,,,,,,,,,,,,,,,,,,,true,false,6,2021-04-01,2021-09-30,-1
2022-10-31,5491,2023-03-31,2,55000000000,0.120,,,,,1300000000,-0.096,1300000000,-0.028,,700000000,,104.57,,,,,,,,,,,,,,,,,,,,,,true,true,12,2022-04-01,2023-03-31,0
2022-10-31,5491,2022-03-31,2,,,,,,,,,,,,,,,,,,,,72179000000,23314000000,0.323,3482.66,23314000000,,,,,,,,,,,,true,false,12,2021-04-01,2022-03-31,-1
2022-10-31,5491,2022-03-31,2,,,,,,,,,,,,,,,,,,,,,,,,,,,,,0.00,,,,6700000,5654,,false,false,12,2021-04-01,2022-03-31,-1
2022-10-31,5491,2023-03-31,2,,,,,,,,,,,,,,,,,,,,,,,,,,,,,0.00,,,,,,,false,false,12,2022-04-01,2023-03-31,0
2022-10-31,5491,2023-03-31,2,,,,,,,,,,,,,,,,,,,,,,,,,,,,,5.00,,,,,,,false,true,12,2022-04-01,2023-03-31,0
2022-10-31,5491,2023-03-31,2,,,,,,,,,,,,,,,,,,,,,,,,,,,,,,,,,6700000,5678,6694332,false,false,6,2022-04-01,2022-09-30,0
2022-10-31,5491,2022-03-31,2,,,,,,,,,,,,,,,,,,,,,,,,,,,,,,,,,,,6694428,false,false,6,2021-04-01,2021-09-30,-1
2022-10-31,54910,2023-03-31,,55000000000,,,,,,1300000000,,1300000000,,,700000000,,104.57,,,,,,,,,,,,,,,,,,,,,,true,true,12,2022-04-01,2023-03-31,0
2022-10-31,54910,2022-03-31,,49117000000,,,,,,1437000000,,1337000000,,,2517000000,,376.10,,,,,,,,,,,,,,,,,,,,,,true,false,12,2021-04-01,2022-03-31,-1
2022-10-31,54910,2023-03-31,,46000000000,,,,,,300000000,,400000000,,100000000,,,14.94,,,,,,,,,,,,,,,,,,,,,,false,true,12,2022-04-01,2023-03-31,0
2022-10-31,54910,2022-03-31,,39838000000,,,,,,329000000,,338000000,,1788000000,,,267.09,,,,,,,,,,,,,,,,,,,,,,false,false,12,2021-04-01,2022-03-31,-1
2023-01-31,5491,2023-03-31,3,39321000000,0.082,,,,,1065000000,0.246,1013000000,0.196,,626000000,,93.63,,,,,,72666000000,24363000000,0.335,3639.40,24363000000,,,,,,,,,,,,true,false,9,2022-04-01,2022-12-31,0
2023-01-31,5491,2022-03-31,3,36337000000,0.265,,,,,855000000,,846000000,,,2407000000,,359.57,,,,,,,,,,,,,,,,,,,,,,true,false,9,2021-04-01,2021-12-31,-1
2023-01-31,5491,2023-03-31,3,55000000000,0.120,,,,,1300000000,-0.096,1300000000,-0.028,,700000000,,104.57,,,,,,,,,,,,,,,,,,,,,,true,true,12,2022-04-01,2023-03-31,0
2023-01-31,5491,2022-03-31,3,,,,,,,,,,,,,,,,,,,,72179000000,23314000000,0.323,3482.66,23314000000,,,,,,,,,,,,true,false,12,2021-04-01,2022-03-31,-1
2023-01-31,5491,2022-03-31,3,,,,,,,,,,,,,,,,,,,,,,,,,,,,,0.00,,,,6700000,5654,,false,false,12,2021-04-01,2022-03-31,-1
2023-01-31,5491,2023-03-31,3,,,,,,,,,,,,,,,,,,,,,,,,,,,,,0.00,,,,,,,false,false,12,2022-04-01,2023-03-31,0
2023-01-31,5491,2023-03-31,3,,,,,,,,,,,,,,,,,,,,,,,,,,,,,5.00,,,,,,,false,true,12,2022-04-01,2023-03-31,0
2023-01-31,5491,2023-03-31,3,,,,,,,,,,,,,,,,,,,,,,,,,,,,,,,,,6700000,5678,6694329,false,false,9,2022-04-01,2022-12-31,0
2023-01-31,5491,2022-03-31,3,,,,,,,,,,,,,,,,,,,,,,,,,,,,,,,,,,,6694418,false,false,9,2021-04-01,2021-12-31,-1
2023-05-12,5491,2023-03-31,,52566000000,0.070,,,,,1273000000,-0.114,1283000000,-0.040,,916000000,,136.94,,0.038,0.018,0.024,,73874000000,24449000000,0.331,3652.27,24449000000,-1513000000,-2716000000,2021000000,8035000000,,0.037,,,,,,true,false,12,2022-04-01,2023-03-31,0
2023-05-12,5491,2022-03-31,,49117000000,0.225,,,,,1437000000,,1337000000,,,2517000000,,376.10,,0.115,0.020,0.029,,72179000000,23314000000,0.323,3482.66,23314000000,4500000000,-2747000000,-399000000,10065000000,,,,,,,,true,false,12,2021-04-01,2022-03-31,-1
2023-05-12,5491,2024-03-31,,28000000000,0.081,,,,,300000000,-0.648,200000000,-0.755,,200000000,,29.88,,,,,,,,,,,,,,,,,,,,,,true,true,6,2023-04-01,2023-09-30,1
2023-05-12,5491,2024-03-31,,58000000000,0.103,,,,,1200000000,-0.058,1100000000,-0.143,,800000000,,119.50,,,,,,,,,,,,,,,,0.084,,,,,,true,true,12,2023-04-01,2024-03-31,1
2023-05-12,5491,2023-03-31,,43638000000,0.095,,,,,318000000,-0.035,383000000,0.134,320000000,,-0.821,47.82,,,,,,61938000000,18964000000,0.306,2832.89,18964000000,,,,,5.00,,,,6700000,5678,6694327,false,false,12,2022-04-01,2023-03-31,0
2023-05-12,5491,2022-03-31,,39838000000,0.229,,,,,329000000,,338000000,,1788000000,,,267.09,,,,,,60752000000,18490000000,0.304,2762.05,18490000000,,,,,0.00,,,,6700000,5654,6694400,false,false,12,2021-04-01,2022-03-31,-1
2023-05-12,5491,2024-03-31,,24000000000,0.125,,,,,-150000000,,-150000000,,0,,-1.000,0.00,,,,,,,,,,,,,,,,,,,,,,false,true,6,2023-04-01,2023-09-30,1
2023-05-12,5491,2024-03-31,,51500000000,0.180,,,,,400000000,0.256,350000000,-0.087,300000000,,-0.063,44.81,,,,,,,,,,,,,,,10.00,,,,,,,false,true,12,2023-04-01,2024-03-31,1
2023-07-31,5491,2024-03-31,1,12127000000,-0.072,,,,,-163000000,,-162000000,,,-119000000,,-17.86,,,,,,72394000000,24531000000,0.339,3664.59,24531000000,,,,,,,,,,,,true,false,3,2023-04-01,2023-06-30,0
2023-07-31,5491,2023-03-31,1,13070000000,0.097,,,,,472000000,1.297,476000000,2.079,,316000000,,47.28,,,,,,,,,,,,,,,,,,,,,,true,false,3,2022-04-01,2022-06-30,-1
2023-07-31,5491,2024-03-31,1,28000000000,0.081,,,,,300000000,-0.648,200000000,-0.755,,200000000,,29.88,,,,,,,,,,,,,,,,,,,,,,true,true,6,2023-04-01,2023-09-30,0
2023-07-31,5491,2024-03-31,1,58000000000,0.103,,,,,1200000000,-0.058,1100000000,-0.143,,800000000,,119.50,,,,,,,,,,,,,,,,,,,,,,true,true,12,2023-04-01,2024-03-31,0
2023-07-31,5491,2023-03-31,1,,,,,,,,,,,,,,,,,,,,73874000000,24449000000,0.331,3652.27,24449000000,,,,,,,,,,,,true,false,12,2022-04-01,2023-03-31,-1
2023-07-31,5491,2023-03-31,1,,,,,,,,,,,,,,,,,,,,,,,,,,,,,5.00,,,,6700000,5678,,false,false,12,2022-04-01,2023-03-31,-1
2023-07-31,5491,2024-03-31,1,,,,,,,,,,,,,,,,,,,,,,,,,,,,,10.00,,,,,,,false,true,12,2023-04-01,2024-03-31,0
2023-07-31,5491,2024-03-31,1,,,,,,,,,,,,,,,,,,,,,,,,,,,,,,,,,6700000,5678,6694322,false,false,3,2023-04-01,2023-06-30,0
2023-07-31,5491,2023-03-31,1,,,,,,,,,,,,,,,,,,,,,,,,,,,,,,,,,,,6694343,false,false,3,2022-04-01,2022-06-30,-1
2023-08-25,54910,2024-03-31,,24000000000,-0.143,,,,,-800000000,,-850000000,,-600000000,,,-89.63,,,,,,,,,,,,,,,,,,,,,,true,true,6,2023-04-01,2023-09-30,0
2023-08-25,54910,2023-03-31,,25894000000,,,,,,852000000,,817000000,,553000000,,,82.70,,,,,,,,,,,,,,,,,,,,,,true,false,6,2022-04-01,2022-09-30,-1
2023-08-25,54910,2024-03-31,,54000000000,-0.069,,,,,100000000,-0.917,50000000,-0.955,,0,,0.00,,,,,,,,,,,,,,,,,,,,,,true,true,12,2023-04-01,2024-03-31,0
2023-08-25,54910,2023-03-31,,52566000000,,,,,,1273000000,,1283000000,,,916000000,,136.94,,,,,,,,,,,,,,,,,,,,,,true,false,12,2022-04-01,2023-03-31,-1
2023-08-25,54910,2024-03-31,,19000000000,-0.208,,,,,-1150000000,-6.667,-1200000000,-7.000,-800000000,,,-119.50,,,,,,,,,,,,,,,,,,,,,,false,true,6,2023-04-01,2023-09-30,0
2023-08-25,54910,2023-03-31,,21333000000,,,,,,313000000,,353000000,,239000000,,,35.74,,,,,,,,,,,,,,,,,,,,,,false,false,6,2022-04-01,2022-09-30,-1
2023-08-25,54910,2024-03-31,,46500000000,-0.097,,,,,-600000000,,-700000000,,-500000000,,,-74.69,,,,,,,,,,,,,,,,,,,,,,false,true,12,2023-04-01,2024-03-31,0
2023-08-25,54910,2023-03-31,,43638000000,,,,,,318000000,,383000000,,320000000,,,47.82,,,,,,,,,,,,,,,,,,,,,,false,false,12,2022-04-01,2023-03-31,-1
2023-10-31,5491,2024-03-31,2,24266000000,-0.063,,,,,-747000000,,-796000000,,,-803000000,,-120.02,,,,,,70613000000,23986000000,0.340,3583.07,23986000000,,,,,,,,,,,,true,false,6,2023-04-01,2023-09-30,0
2023-10-31,5491,2023-03-31,2,25894000000,0.088,,,,,852000000,0.833,817000000,0.974,,553000000,,82.70,,,,,,,,,,,,,,,,,,,,,,true,false,6,2022-04-01,2022-09-30,-1
2023-10-31,5491,2024-03-31,2,50000000000,-0.049,,,,,-1250000000,,-1350000000,,,-1500000000,,-224.07,,,,,,,,,,,,,,,,,,,,,,true,true,12,2023-04-01,2024-03-31,0
2023-10-31,5491,2023-03-31,2,,,,,,,,,,,,,,,,,,,,73874000000,24449000000,0.331,3652.27,24449000000,,,,,,,,,,,,true,false,12,2022-04-01,2023-03-31,-1
2023-10-31,5491,2023-03-31,2,,,,,,,,,,,,,,,,,,,,,,,,,,,,,5.00,,,,6700000,5678,,false,false,12,2022-04-01,2023-03-31,-1
2023-10-31,5491,2024-03-31,2,,,,,,,,,,,,,,,,,,,,,,,,,,,,,0.00,,,,,,,false,false,12,2023-04-01,2024-03-31,0
2023-10-31,5491,2024-03-31,2,,,,,,,,,,,,,,,,,,,,,,,,,,,,,0.00,,,,,,,false,true,12,2023-04-01,2024-03-31,0
2023-10-31,5491,2024-03-31,2,,,,,,,,,,,,,,,,,,,,,,,,,,,,,,,,,6700000,5684,6694319,false,false,6,2023-04-01,2023-09-30,0
2023-10-31,5491,2023-03-31,2,,,,,,,,,,,,,,,,,,,,,,,,,,,,,,,,,,,6694332,false,false,6,2022-04-01,2022-09-30,-1
2023-10-31,54910,2024-03-31,,24266000000,0.011,,,,,-747000000,,-796000000,,-803000000,,,-120.02,,,,,,,,,,,,,,,,,,,,,,true,true,6,2023-04-01,2023-09-30,0
2023-10-31,54910,2023-03-31,,25894000000,,,,,,852000000,,817000000,,553000000,,,82.70,,,,,,,,,,,,,,,,,,,,,,true,false,6,2022-04-01,2022-09-30,-1
2023-10-31,54910,2024-03-31,,50000000000,-0.041,,,,,-1250000000,,-1350000000,,,-1500000000,,-224.07,,,,,,,,,,,,,,,,,,,,,,true,true,12,2023-04-01,2024-03-31,0
2023-10-31,54910,2023-03-31,,52566000000,,,,,,1273000000,,1283000000,,,916000000,,136.94,,,,,,,,,,,,,,,,,,,,,,true,false,12,2022-04-01,2023-03-31,-1
2023-10-31,54910,2024-03-31,,41000000000,-0.118,,,,,-1950000000,,-2000000000,,-1900000000,,,-283.82,,,,,,,,,,,,,,,0.00,,,,,,,false,true,12,2023-04-01,2024-03-31,0
2023-10-31,54910,2023-03-31,,43638000000,,,,,,318000000,,383000000,,320000000,,,47.82,,,,,,,,,,,,,,,5.00,,,,,,,false,false,12,2022-04-01,2023-03-31,-1
2023-10-31,54910,2024-03-31,,,,,,,,,,,,,,,,,,,,,,,,,,,,,,0.00,,,,,,,false,false,12,2023-04-01,2024-03-31,0
2023-11-24,54910,2024-03-31,,50000000000,,,,,,-1250000000,,-1350000000,,,1700000000,,253.95,,,,,,,,,,,,,,,,,,,,,,true,true,12,2023-04-01,2024-03-31,0
2023-11-24,54910,2023-03-31,,52566000000,,,,,,1273000000,,1283000000,,,916000000,,136.94,,,,,,,,,,,,,,,,,,,,,,true,false,12,2022-04-01,2023-03-31,-1
2023-11-24,54910,2024-03-31,,41000000000,,,,,,-1950000000,,-2000000000,,1300000000,,,194.19,,,,,,,,,,,,,,,,,,,,,,false,true,12,2023-04-01,2024-03-31,0
2023-11-24,54910,2023-03-31,,43638000000,,,,,,318000000,,383000000,,320000000,,,47.82,,,,,,,,,,,,,,,,,,,,,,false,false,12,2022-04-01,2023-03-31,-1
2024-01-31,5491,2024-03-31,3,37920000000,-0.036,,,,,-1136000000,,-1170000000,,,1964000000,,293.46,,,,,,75782000000,26794000000,0.354,4002.68,26794000000,,,,,,,,,,,,true,false,9,2023-04-01,2023-12-31,0
2024-01-31,5491,2023-03-31,3,39321000000,0.082,,,,,1065000000,0.246,1013000000,0.196,,626000000,,93.63,,,,,,,,,,,,,,,,,,,,,,true,false,9,2022-04-01,2022-12-31,-1
2024-01-31,5491,2024-03-31,3,50000000000,-0.049,,,,,-1250000000,,-1350000000,,,1700000000,,253.95,,,,,,,,,,,,,,,,,,,,,,true,true,12,2023-04-01,2024-03-31,0
2024-01-31,5491,2023-03-31,3,,,,,,,,,,,,,,,,,,,,73874000000,24449000000,0.331,3652.27,24449000000,,,,,,,,,,,,true,false,12,2022-04-01,2023-03-31,-1
2024-01-31,5491,2023-03-31,3,,,,,,,,,,,,,,,,,,,,,,,,,,,,,5.00,,,,6700000,5678,,false,false,12,2022-04-01,2023-03-31,-1
2024-01-31,5491,2024-03-31,3,,,,,,,,,,,,,,,,,,,,,,,,,,,,,0.00,,,,,,,false,false,12,2023-04-01,2024-03-31,0
2024-01-31,5491,2024-03-31,3,,,,,,,,,,,,,,,,,,,,,,,,,,,,,0.00,,,,,,,false,true,12,2023-04-01,2024-03-31,0
2024-01-31,5491,2024-03-31,3,,,,,,,,,,,,,,,,,,,,,,,,,,,,,,,,,6700000,5850,6694300,false,false,9,2023-04-01,2023-12-31,0
2024-01-31,5491,2023-03-31,3,,,,,,,,,,,,,,,,,,,,,,,,,,,,,,,,,,,6694329,false,false,9,2022-04-01,2022-12-31,-1
2024-05-13,5491,2024-03-31,,51411000000,-0.022,,,,,-1095000000,,-1261000000,,,1545000000,,230.84,,0.060,-0.017,-0.021,,75085000000,26863000000,0.358,4012.92,26863000000,-203000000,4197000000,-502000000,11875000000,,,,,,,,true,false,12,2023-04-01,2024-03-31,0
2024-05-13,5491,2023-03-31,,52566000000,0.070,,,,,1273000000,-0.114,1283000000,-0.040,,916000000,,136.94,,0.038,0.018,0.024,,73874000000,24449000000,0.331,3652.27,24449000000,-1513000000,-2716000000,2021000000,8035000000,,0.037,,,,,,true,false,12,2022-04-01,2023-03-31,-1
2024-05-13,5491,2025-03-31,,26000000000,0.071,,,,,-200000000,,-300000000,,,-200000000,,-29.88,,,,,,,,,,,,,,,,,,,,,,true,true,6,2024-04-01,2024-09-30,1
2024-05-13,5491,2025-03-31,,54000000000,0.050,,,,,300000000,,150000000,,,100000000,,14.94,,,,,,,,,,,,,,,,,,,,,,true,true,12,2024-04-01,2025-03-31,1
2024-05-13,5491,2024-03-31,,40424000000,-0.074,,,,,-1861000000,,-1950000000,,1177000000,,2.678,175.87,,,,,,61633000000,20392000000,0.331,3046.27,20392000000,,,,,0.00,,,,6700000,5862,6694259,false,false,12,2023-04-01,2024-03-31,0
2024-05-13,5491,2023-03-31,,43638000000,0.095,,,,,318000000,-0.035,383000000,0.134,320000000,,-0.821,47.82,,,,,,61938000000,18964000000,0.306,2832.89,18964000000,,,,,5.00,,,,6700000,5678,6694327,false,false,12,2022-04-01,2023-03-31,-1
2024-05-13,5491,2025-03-31,,21000000000,0.112,,,,,-500000000,,-500000000,,-300000000,,,-44.82,,,,,,,,,,,,,,,,,,,,,,false,true,6,2024-04-01,2024-09-30,1
2024-05-13,5491,2025-03-31,,44000000000,0.088,,,,,-400000000,,-400000000,,-200000000,,,-29.88,,,,,,,,,,,,,,,0.00,,,,,,,false,true,12,2024-04-01,2025-03-31,1
2024-08-07,5491,2025-03-31,1,13022000000,0.074,,,,,-156000000,,-95000000,,,-134000000,,-20.11,,,,,,72283000000,27020000000,0.374,4036.44,27020000000,,,,,,,,,,,,true,false,3,2024-04-01,2024-06-30,0
2024-08-07,5491,2024-03-31,1,12127000000,-0.072,,,,,-163000000,,-162000000,,,-119000000,,-17.86,,,,,,,,,,,,,,,,,,,,,,true,false,3,2023-04-01,2023-06-30,-1
2024-08-07,5491,2025-03-31,1,26000000000,0.071,,,,,-200000000,,-300000000,,,-200000000,,-29.88,,,,,,,,,,,,,,,,,,,,,,true,true,6,2024-04-01,2024-09-30,0
2024-08-07,5491,2025-03-31,1,54000000000,0.050,,,,,300000000,,150000000,,,100000000,,14.94,,,,,,,,,,,,,,,,,,,,,,true,true,12,2024-04-01,2025-03-31,0
2024-08-07,5491,2024-03-31,1,,,,,,,,,,,,,,,,,,,,75085000000,26863000000,0.358,4012.92,26863000000,,,,,,,,,,,,true,false,12,2023-04-01,2024-03-31,-1
2024-08-07,5491,2024-03-31,1,,,,,,,,,,,,,,,,,,,,,,,,,,,,,0.00,,,,6700000,5862,,false,false,12,2023-04-01,2024-03-31,-1
2024-08-07,5491,2025-03-31,1,,,,,,,,,,,,,,,,,,,,,,,,,,,,,0.00,,,,,,,false,true,12,2024-04-01,2025-03-31,0
2024-08-07,5491,2025-03-31,1,,,,,,,,,,,,,,,,,,,,,,,,,,,,,,,,,6700000,5899,6694126,false,false,3,2024-04-01,2024-06-30,0
2024-08-07,5491,2024-03-31,1,,,,,,,,,,,,,,,,,,,,,,,,,,,,,,,,,,,6694322,false,false,3,2023-04-01,2023-06-30,-1
2024-10-31,5491,2025-03-31,2,25792000000,0.063,,,,,-171000000,,-273000000,,,-357000000,,-53.47,,,,,,70981000000,26883000000,0.379,4016.05,26883000000,,,,,,,,,,,,true,false,6,2024-04-01,2024-09-30,0
2024-10-31,5491,2024-03-31,2,24266000000,-0.063,,,,,-747000000,,-796000000,,,-803000000,,-120.02,,,,,,,,,,,,,,,,,,,,,,true,false,6,2023-04-01,2023-09-30,-1
2024-10-31,5491,2025-03-31,2,53000000000,0.031,,,,,-300000000,,-450000000,,,-500000000,,-74.69,,,,,,,,,,,,,,,,,,,,,,true,true,12,2024-04-01,2025-03-31,0
2024-10-31,5491,2024-03-31,2,,,,,,,,,,,,,,,,,,,,75085000000,26863000000,0.358,4012.92,26863000000,,,,,,,,,,,,true,false,12,2023-04-01,2024-03-31,-1
2024-10-31,5491,2024-03-31,2,,,,,,,,,,,,,,,,,,,,,,,,,,,,,0.00,,,,6700000,5862,,false,false,12,2023-04-01,2024-03-31,-1
2024-10-31,5491,2025-03-31,2,,,,,,,,,,,,,,,,,,,,,,,,,,,,,0.00,,,,,,,false,false,12,2024-04-01,2025-03-31,0
2024-10-31,5491,2025-03-31,2,,,,,,,,,,,,,,,,,,,,,,,,,,,,,0.00,,,,,,,false,true,12,2024-04-01,2025-03-31,0
2024-10-31,5491,2025-03-31,2,,,,,,,,,,,,,,,,,,,,,,,,,,,,,,,,,6700000,5899,6694113,false,false,6,2024-04-01,2024-09-30,0
2024-10-31,5491,2024-03-31,2,,,,,,,,,,,,,,,,,,,,,,,,,,,,,,,,,,,6694319,false,false,6,2023-04-01,2023-09-30,-1
2025-02-07,5491,2025-03-31,3,38978000000,0.028,,,,,-191000000,,-324000000,,,-382000000,,-57.12,,,,,,71674000000,26947000000,0.376,4025.60,26947000000,,,,,,,,,,,,true,false,9,2024-04-01,2024-12-31,0
2025-02-07,5491,2024-03-31,3,37920000000,-0.036,,,,,-1136000000,,-1170000000,,,1964000000,,293.46,,,,,,,,,,,,,,,,,,,,,,true,false,9,2023-04-01,2023-12-31,-1
2025-02-07,5491,2025-03-31,3,53000000000,0.031,,,,,-300000000,,-450000000,,,-500000000,,-74.69,,,,,,,,,,,,,,,,,,,,,,true,true,12,2024-04-01,2025-03-31,0
2025-02-07,5491,2024-03-31,3,,,,,,,,,,,,,,,,,,,,75085000000,26863000000,0.358,4012.92,26863000000,,,,,,,,,,,,true,false,12,2023-04-01,2024-03-31,-1
2025-02-07,5491,2024-03-31,3,,,,,,,,,,,,,,,,,,,,,,,,,,,,,0.00,,,,6700000,5862,,false,false,12,2023-04-01,2024-03-31,-1
2025-02-07,5491,2025-03-31,3,,,,,,,,,,,,,,,,,,,,,,,,,,,,,0.00,,,,,,,false,false,12,2024-04-01,2025-03-31,0
2025-02-07,5491,2025-03-31,3,,,,,,,,,,,,,,,,,,,,,,,,,,,,,0.00,,,,,,,false,true,12,2024-04-01,2025-03-31,0
2025-02-07,5491,2025-03-31,3,,,,,,,,,,,,,,,,,,,,,,,,,,,,,,,,,6700000,5949,6694104,false,false,9,2024-04-01,2024-12-31,0
2025-02-07,5491,2024-03-31,3,,,,,,,,,,,,,,,,,,,,,,,,,,,,,,,,,,,6694300,false,false,9,2023-04-01,2023-12-31,-1
2025-02-25,54910,2025-03-31,,52300000000,-0.013,,,,,-450000000,,-600000000,,,700000000,,104.57,,,,,,,,,,,,,,,,,,,,,,true,true,12,2024-04-01,2025-03-31,0
2025-02-25,54910,2024-03-31,,51411000000,,,,,,-1095000000,,-1261000000,,,1545000000,,230.84,,,,,,,,,,,,,,,,,,,,,,true,false,12,2023-04-01,2024-03-31,-1
2025-02-25,54910,2025-03-31,,39700000000,-0.008,,,,,-1200000000,,-1200000000,,300000000,,,44.82,,,,,,,,,,,,,,,,,,,,,,false,true,12,2024-04-01,2025-03-31,0
2025-02-25,54910,2024-03-31,,40424000000,,,,,,-1861000000,,-1950000000,,1177000000,,,175.87,,,,,,,,,,,,,,,,,,,,,,false,false,12,2023-04-01,2024-03-31,-1
2025-05-13,5491,2025-03-31,,51298000000,-0.002,,,,,-189000000,,-474000000,,,703000000,,105.08,,0.026,-0.007,-0.004,,69897000000,27856000000,0.399,4161.40,27856000000,1209000000,1708000000,-3187000000,11834000000,,,,,,,,true,false,12,2024-04-01,2025-03-31,0
2025-05-13,5491,2024-03-31,,51411000000,-0.022,,,,,-1095000000,,-1261000000,,,1545000000,,230.84,,0.060,-0.017,-0.021,,75085000000,26863000000,0.358,4012.92,26863000000,-203000000,4197000000,-502000000,11875000000,,,,,,,,true,false,12,2023-04-01,2024-03-31,-1
2025-05-13,5491,2026-03-31,,26000000000,0.008,,,,,250000000,,100000000,,,0,,0.00,,,,,,,,,,,,,,,,,,,,,,true,true,6,2025-04-01,2025-09-30,1
2025-05-13,5491,2026-03-31,,53400000000,0.041,,,,,900000000,,600000000,,,500000000,,74.69,,,,,,,,,,,,,,,,,,,,,,true,true,12,2025-04-01,2026-03-31,1
2025-05-13,5491,2025-03-31,,39172000000,-0.031,,,,,-1138000000,,-1353000000,,316000000,,-0.731,47.26,,,,,,55995000000,20541000000,0.367,3068.67,20541000000,,,,,0.00,,,,6700000,5964,6694088,false,false,12,2024-04-01,2025-03-31,0
2025-05-13,5491,2024-03-31,,40424000000,-0.074,,,,,-1861000000,,-1950000000,,1177000000,,2.678,175.87,,,,,,61633000000,20392000000,0.331,3046.27,20392000000,,,,,0.00,,,,6700000,5862,6694259,false,false,12,2023-04-01,2024-03-31,-1
2025-05-13,5491,2026-03-31,,19900000000,0.017,,,,,-90000000,,-130000000,,-100000000,,,-14.94,,,,,,,,,,,,,,,,,,,,,,false,true,6,2025-04-01,2025-09-30,1
2025-05-13,5491,2026-03-31,,40800000000,0.042,,,,,180000000,,30000000,,100000000,,-0.684,14.94,,,,,,,,,,,,,,,0.00,,,,,,,false,true,12,2025-04-01,2026-03-31,1
2025-08-07,5491,2026-03-31,1,12584000000,-0.034,,,,,153000000,,148000000,,,9000000,,1.35,,,,,,70411000000,27749000000,0.394,4145.44,27749000000,,,,,,,,,,,,true,false,3,2025-04-01,2025-06-30,0
2025-08-07,5491,2025-03-31,1,13022000000,0.074,,,,,-156000000,,-95000000,,,-134000000,,-20.11,,,,,,,,,,,,,,,,,,,,,,true,false,3,2024-04-01,2024-06-30,-1
2025-08-07,5491,2026-03-31,1,26000000000,0.008,,,,,250000000,,100000000,,,0,,0.00,,,,,,,,,,,,,,,,,,,,,,true,true,6,2025-04-01,2025-09-30,0
2025-08-07,5491,2026-03-31,1,53400000000,0.041,,,,,900000000,,600000000,,,500000000,,74.69,,,,,,,,,,,,,,,,,,,,,,true,true,12,2025-04-01,2026-03-31,0
2025-08-07,5491,2025-03-31,1,,,,,,,,,,,,,,,,,,,,69897000000,27856000000,0.399,4161.40,27856000000,,,,,,,,,,,,true,false,12,2024-04-01,2025-03-31,-1
2025-08-07,5491,2025-03-31,1,,,,,,,,,,,,,,,,,,,,,,,,,,,,,0.00,,,,6700000,5964,,false,false,12,2024-04-01,2025-03-31,-1
2025-08-07,5491,2026-03-31,1,,,,,,,,,,,,,,,,,,,,,,,,,,,,,0.00,,,,,,,false,true,12,2025-04-01,2026-03-31,0
2025-08-07,5491,2026-03-31,1,,,,,,,,,,,,,,,,,,,,,,,,,,,,,,,,,6700000,5964,6694036,false,false,3,2025-04-01,2025-06-30,0
2025-08-07,5491,2025-03-31,1,,,,,,,,,,,,,,,,,,,,,,,,,,,,,,,,,,,6694126,false,false,3,2024-04-01,2024-06-30,-1
