filing_date,code,fiscal_year_end,quarterly_period,net_sales,net_sales_change,revenue,revenue_change,operating_revenue,operating_revenue_change,operating_profit,operating_profit_change,ordinary_profit,ordinary_profit_change,net_income,net_income_of_parent,net_income_change,eps,diluted_eps,roe,roa,operating_profit_to_net_sales,operating_profit_to_revenue,total_assets,net_assets,equity_ratio,bps,owner_equity,operating_cash_flow,investing_cash_flow,financing_cash_flow,cash,dividend_per_share,payout_ratio,commemorative_dividend,extra_dividend,number_of_shares,number_of_treqsury_shares,avg_number_of_shares,is_consolidated,is_forecast,duration,period_start,period_end,period_pos
2015-05-08,56030,2015-03-31,,20172000000,0.084,,,,,1143000000,0.741,874000000,0.429,313000000,,0.723,9.49,,0.036,0.040,0.057,,22017000000,10570000000,0.412,274.59,9067000000,1320000000,-1295000000,-267000000,1887000000,,0.527,,,,,,true,false,12,2014-04-01,2015-03-31,0
2015-05-08,56030,2014-03-31,,18609000000,0.080,,,,,657000000,0.783,611000000,0.482,181000000,,0.008,5.51,,0.022,0.030,0.035,,21249000000,9604000000,0.395,254.39,8401000000,1506000000,-1955000000,-480000000,2119000000,,0.907,,,,,,true,false,12,2013-04-01,2014-03-31,-1
2015-05-08,56030,2016-03-31,,9500000000,-0.040,,,,,500000000,0.183,470000000,0.394,,190000000,,5.75,,,,,,,,,,,,,,,,,,,,,,true,true,6,2015-04-01,2015-09-30,1
2015-05-08,56030,2016-03-31,,20200000000,0.001,,,,,1230000000,0.076,1160000000,0.326,,560000000,,16.96,,,,,,,,,,,,,,,,0.295,,,,,,true,true,12,2015-04-01,2016-03-31,1
2015-05-08,56030,2015-03-31,,16193000000,0.049,,,,,530000000,2.227,583000000,0.623,390000000,,0.266,11.83,,,,,,18561000000,8232000000,0.443,249.28,8232000000,,,,,5.00,,,,33621637,597996,33024660,false,false,12,2014-04-01,2015-03-31,0
2015-05-08,56030,2014-03-31,,15440000000,0.031,,,,,164000000,2.448,359000000,2.572,308000000,,6.781,9.34,,,,,,18333000000,7730000000,0.421,233.91,7724000000,,,,,5.00,,,,33621637,595738,33026894,false,false,12,2013-04-01,2014-03-31,-1
2015-05-08,56030,2016-03-31,,7600000000,-0.056,,,,,,,240000000,0.403,150000000,,0.306,4.54,,,,,,,,,,,,,,,,,,,,,,false,true,6,2015-04-01,2015-09-30,1
2015-05-08,56030,2016-03-31,,16400000000,0.013,,,,,,,750000000,0.286,500000000,,0.280,15.14,,,,,,,,,,,,,,,5.00,,,,,,,false,true,12,2015-04-01,2016-03-31,1
2015-07-31,56030,2016-03-31,1,4505000000,-0.103,,,,,336000000,0.293,289000000,0.090,,105000000,,3.20,,,,,,22643000000,10647000000,0.400,,9063000000,,,,,,,,,,,,true,false,3,2015-04-01,2015-06-30,0
2015-07-31,56030,2015-03-31,1,5021000000,0.241,,,,,260000000,0.751,265000000,0.764,,150000000,,4.57,,,,,,,,,,,,,,,,,,,,,,true,false,3,2014-04-01,2014-06-30,-1
2015-07-31,56030,2016-03-31,1,9500000000,-0.040,,,,,500000000,0.183,470000000,0.394,,190000000,,5.75,,,,,,,,,,,,,,,,,,,,,,true,true,6,2015-04-01,2015-09-30,0
2015-07-31,56030,2016-03-31,1,20200000000,0.001,,,,,1230000000,0.076,1160000000,0.326,,560000000,,16.96,,,,,,,,,,,,,,,,,,,,,,true,true,12,2015-04-01,2016-03-31,0
2015-07-31,56030,2015-03-31,1,,,,,,,,,,,,,,,,,,,,22017000000,10570000000,0.412,,9067000000,,,,,,,,,,,,true,false,12,2014-04-01,2015-03-31,-1
2015-07-31,56030,2015-03-31,1,,,,,,,,,,,,,,,,,,,,,,,,,,,,,5.00,,,,33621637,597996,,false,false,12,2014-04-01,2015-03-31,-1
2015-07-31,56030,2016-03-31,1,,,,,,,,,,,,,,,,,,,,,,,,,,,,,5.00,,,,,,,false,true,12,2015-04-01,2016-03-31,0
2015-07-31,56030,2016-03-31,1,,,,,,,,,,,,,,,,,,,,,,,,,,,,,,,,,33621637,597996,33023641,false,false,3,2015-04-01,2015-06-30,0
2015-07-31,56030,2015-03-31,1,,,,,,,,,,,,,,,,,,,,,,,,,,,,,,,,,,,33025898,false,false,3,2014-04-01,2014-06-30,-1
2015-11-06,56030,2016-03-31,2,9260000000,-0.064,,,,,668000000,0.582,570000000,0.693,,203000000,,6.17,,,,,,21662000000,10540000000,0.408,,8847000000,,,,,,,,,,,,true,false,6,2015-04-01,2015-09-30,0
2015-11-06,56030,2015-03-31,2,9893000000,0.163,,,,,422000000,0.826,337000000,0.441,,145000000,,4.40,,,,,,,,,,,,,,,,,,,,,,true,false,6,2014-04-01,2014-09-30,-1
2015-11-06,56030,2016-03-31,2,20200000000,0.001,,,,,1230000000,0.076,1160000000,0.326,,560000000,,16.96,,,,,,,,,,,,,,,,,,,,,,true,true,12,2015-04-01,2016-03-31,0
2015-11-06,56030,2015-03-31,2,,,,,,,,,,,,,,,,,,,,22017000000,10570000000,0.412,,9067000000,,,,,,,,,,,,true,false,12,2014-04-01,2015-03-31,-1
2015-11-06,56030,2015-03-31,2,,,,,,,,,,,,,,,,,,,,,,,,,,,,,5.00,,,,33621637,597996,,false,false,12,2014-04-01,2015-03-31,-1
2015-11-06,56030,2016-03-31,2,,,,,,,,,,,,,,,,,,,,,,,,,,,,,0.00,,,,,,,false,false,12,2015-04-01,2016-03-31,0
2015-11-06,56030,2016-03-31,2,,,,,,,,,,,,,,,,,,,,,,,,,,,,,5.00,,,,,,,false,true,12,2015-04-01,2016-03-31,0
2015-11-06,56030,2016-03-31,2,,,,,,,,,,,,,,,,,,,,,,,,,,,,,,,,,33621637,598796,33023300,false,false,6,2015-04-01,2015-09-30,0
2015-11-06,56030,2015-03-31,2,,,,,,,,,,,,,,,,,,,,,,,,,,,,,,,,,,,33025398,false,false,6,2014-04-01,2014-09-30,-1
2016-01-29,56030,2016-03-31,3,14113000000,-0.041,,,,,1014000000,0.448,889000000,0.674,,329000000,,9.99,,,,,,21971000000,10629000000,0.406,,8917000000,,,,,,,,,,,,true,false,9,2015-04-01,2015-12-31,0
2016-01-29,56030,2015-03-31,3,14720000000,0.101,,,,,700000000,0.506,531000000,0.140,,194000000,,5.88,,,,,,,,,,,,,,,,,,,,,,true,false,9,2014-04-01,2014-12-31,-1
2016-01-29,56030,2016-03-31,3,20200000000,0.001,,,,,1230000000,0.076,1160000000,0.326,,560000000,,16.96,,,,,,,,,,,,,,,,,,,,,,true,true,12,2015-04-01,2016-03-31,0
2016-01-29,56030,2015-03-31,3,,,,,,,,,,,,,,,,,,,,22017000000,10570000000,0.412,,9067000000,,,,,,,,,,,,true,false,12,2014-04-01,2015-03-31,-1
2016-01-29,56030,2015-03-31,3,,,,,,,,,,,,,,,,,,,,,,,,,,,,,5.00,,,,33621637,597996,,false,false,12,2014-04-01,2015-03-31,-1
2016-01-29,56030,2016-03-31,3,,,,,,,,,,,,,,,,,,,,,,,,,,,,,0.00,,,,,,,false,false,12,2015-04-01,2016-03-31,0
2016-01-29,56030,2016-03-31,3,,,,,,,,,,,,,,,,,,,,,,,,,,,,,5.00,,,,,,,false,true,12,2015-04-01,2016-03-31,0
2016-01-29,56030,2016-03-31,3,,,,,,,,,,,,,,,,,,,,,,,,,,,,,,,,,33621637,599296,33022980,false,false,9,2015-04-01,2015-12-31,0
2016-01-29,56030,2015-03-31,3,,,,,,,,,,,,,,,,,,,,,,,,,,,,,,,,,,,33024971,false,false,9,2014-04-01,2014-12-31,-1
2016-05-09,56030,2016-03-31,,19316000000,-0.042,,,,,1467000000,0.283,1216000000,0.391,,540000000,,16.36,,0.060,0.057,0.076,,20996000000,10505000000,0.427,271.36,8961000000,1787000000,-856000000,-787000000,2014000000,,0.306,,,,,,true,false,12,2015-04-01,2016-03-31,0
2016-05-09,56030,2015-03-31,,20172000000,0.084,,,,,1143000000,0.741,874000000,0.429,,313000000,,9.49,,0.036,0.040,0.057,,22017000000,10570000000,0.412,274.59,9067000000,1320000000,-1295000000,-267000000,1887000000,,0.527,,,,,,true,false,12,2014-04-01,2015-03-31,-1
2016-05-09,56030,2017-03-31,,8800000000,-0.049,,,,,340000000,-0.491,300000000,-0.474,,90000000,,2.73,,,,,,,,,,,,,,,,,,,,,,true,true,6,2016-04-01,2016-09-30,1
2016-05-09,56030,2017-03-31,,19100000000,-0.011,,,,,920000000,-0.373,870000000,-0.285,,340000000,,10.30,,,,,,,,,,,,,,,,0.583,,,,,,true,true,12,2016-04-01,2017-03-31,1
2016-05-09,56030,2016-03-31,,14983000000,-0.075,,,,,529000000,-0.003,689000000,0.183,448000000,,0.148,13.58,,,,,,17615000000,7972000000,0.453,241.43,7972000000,,,,,5.00,,,,33621637,599296,33022821,false,false,12,2015-04-01,2016-03-31,0
2016-05-09,56030,2015-03-31,,16193000000,0.049,,,,,530000000,2.227,583000000,0.623,390000000,,0.266,11.83,,,,,,18561000000,8232000000,0.443,249.28,8232000000,,,,,5.00,,,,33621637,597996,33024660,false,false,12,2014-04-01,2015-03-31,-1
2016-05-09,56030,2017-03-31,,6800000000,-0.041,,,,,,,0,,0,,,0.00,,,,,,,,,,,,,,,,,,,,,,false,true,6,2016-04-01,2016-09-30,1
2016-05-09,56030,2017-03-31,,15000000000,0.001,,,,,,,510000000,-0.261,370000000,,-0.175,11.20,,,,,,,,,,,,,,,6.00,,,,,,,false,true,12,2016-04-01,2017-03-31,1
2016-07-29,56030,2017-03-31,1,4305000000,-0.044,,,,,464000000,0.379,478000000,0.652,,234000000,,7.11,,,,,,22066000000,10421000000,0.401,268.24,8857000000,,,,,,,,,,,,true,false,3,2016-04-01,2016-06-30,0
2016-07-29,56030,2016-03-31,1,4505000000,-0.103,,,,,336000000,0.293,289000000,0.090,,105000000,,3.20,,,,,,,,,,,,,,,,,,,,,,true,false,3,2015-04-01,2015-06-30,-1
2016-07-29,56030,2017-03-31,1,9100000000,-0.017,,,,,780000000,0.167,770000000,0.349,,320000000,,9.69,,,,,,,,,,,,,,,,,,,,,,true,true,6,2016-04-01,2016-09-30,0
2016-07-29,56030,2017-03-31,1,19400000000,0.004,,,,,1360000000,-0.073,1340000000,0.102,,570000000,,17.26,,,,,,,,,,,,,,,,,,,,,,true,true,12,2016-04-01,2017-03-31,0
2016-07-29,56030,2016-03-31,1,,,,,,,,,,,,,,,,,,,,20996000000,10505000000,0.427,271.36,8961000000,,,,,,,,,,,,true,false,12,2015-04-01,2016-03-31,-1
2016-07-29,56030,2016-03-31,1,,,,,,,,,,,,,,,,,,,,,,,,,,,,,5.00,,,,33621637,599296,,false,false,12,2015-04-01,2016-03-31,-1
2016-07-29,56030,2017-03-31,1,,,,,,,,,,,,,,,,,,,,,,,,,,,,,6.00,,,,,,,false,true,12,2016-04-01,2017-03-31,0
2016-07-29,56030,2017-03-31,1,,,,,,,,,,,,,,,,,,,,,,,,,,,,,,,,,33621637,599296,33022341,false,false,3,2016-04-01,2016-06-30,0
2016-07-29,56030,2016-03-31,1,,,,,,,,,,,,,,,,,,,,,,,,,,,,,,,,,,,33023641,false,false,3,2015-04-01,2015-06-30,-1
2016-07-29,56030,2017-03-31,,9100000000,0.034,,,,,780000000,1.294,770000000,1.567,320000000,,2.556,9.69,,,,,,,,,,,,,,,,,,,,,,true,true,6,2016-04-01,2016-09-30,0
2016-07-29,56030,2016-03-31,,9260000000,,,,,,668000000,,570000000,,203000000,,,6.17,,,,,,,,,,,,,,,,,,,,,,true,false,6,2015-04-01,2015-09-30,-1
2016-07-29,56030,2017-03-31,,19400000000,0.016,,,,,1360000000,0.478,1340000000,0.540,570000000,,0.676,17.26,,,,,,,,,,,,,,,,,,,,,,true,true,12,2016-04-01,2017-03-31,0
2016-07-29,56030,2016-03-31,,19316000000,,,,,,1467000000,,1216000000,,540000000,,,16.36,,,,,,,,,,,,,,,,,,,,,,true,false,12,2015-04-01,2016-03-31,-1
2016-10-31,56030,2017-03-31,2,9170000000,-0.010,,,,,865000000,0.295,926000000,0.624,,475000000,,14.40,,,,,,21914000000,10945000000,0.409,271.11,8952000000,,,,,,,,,,,,true,false,6,2016-04-01,2016-09-30,0
2016-10-31,56030,2016-03-31,2,9260000000,-0.064,,,,,668000000,0.582,570000000,0.693,,203000000,,6.17,,,,,,,,,,,,,,,,,,,,,,true,false,6,2015-04-01,2015-09-30,-1
2016-10-31,56030,2017-03-31,2,19800000000,0.025,,,,,1700000000,0.158,1700000000,0.398,,510000000,,15.44,,,,,,,,,,,,,,,,,,,,,,true,true,12,2016-04-01,2017-03-31,0
2016-10-31,56030,2016-03-31,2,,,,,,,,,,,,,,,,,,,,20996000000,10505000000,0.427,271.36,8961000000,,,,,,,,,,,,true,false,12,2015-04-01,2016-03-31,-1
2016-10-31,56030,2016-03-31,2,,,,,,,,,,,,,,,,,,,,,,,,,,,,,5.00,,,,33621637,599296,,false,false,12,2015-04-01,2016-03-31,-1
2016-10-31,56030,2017-03-31,2,,,,,,,,,,,,,,,,,,,,,,,,,,,,,0.00,,,,,,,false,false,12,2016-04-01,2017-03-31,0
2016-10-31,56030,2017-03-31,2,,,,,,,,,,,,,,,,,,,,,,,,,,,,,6.00,,,,,,,false,true,12,2016-04-01,2017-03-31,0
2016-10-31,56030,2017-03-31,2,,,,,,,,,,,,,,,,,,,,,,,,,,,,,,,,,33621637,599643,33022284,false,false,6,2016-04-01,2016-09-30,0
2016-10-31,56030,2016-03-31,2,,,,,,,,,,,,,,,,,,,,,,,,,,,,,,,,,,,33023300,false,false,6,2015-04-01,2015-09-30,-1
2017-01-31,56030,2017-03-31,3,14128000000,0.001,,,,,1328000000,0.310,1363000000,0.533,,131000000,,3.99,,,,,,23447000000,10988000000,0.382,271.33,8959000000,,,,,,,,,,,,true,false,9,2016-04-01,2016-12-31,0
2017-01-31,56030,2016-03-31,3,14113000000,-0.041,,,,,1014000000,0.448,889000000,0.674,,329000000,,9.99,,,,,,,,,,,,,,,,,,,,,,true,false,9,2015-04-01,2015-12-31,-1
2017-01-31,56030,2017-03-31,3,19800000000,0.025,,,,,1700000000,0.158,1700000000,0.398,,240000000,,7.27,,,,,,,,,,,,,,,,,,,,,,true,true,12,2016-04-01,2017-03-31,0
2017-01-31,56030,2016-03-31,3,,,,,,,,,,,,,,,,,,,,20996000000,10505000000,0.427,271.36,8961000000,,,,,,,,,,,,true,false,12,2015-04-01,2016-03-31,-1
2017-01-31,56030,2016-03-31,3,,,,,,,,,,,,,,,,,,,,,,,,,,,,,5.00,,,,33621637,599296,,false,false,12,2015-04-01,2016-03-31,-1
2017-01-31,56030,2017-03-31,3,,,,,,,,,,,,,,,,,,,,,,,,,,,,,0.00,,,,,,,false,false,12,2016-04-01,2017-03-31,0
2017-01-31,56030,2017-03-31,3,,,,,,,,,,,,,,,,,,,,,,,,,,,,,6.00,,,,,,,false,true,12,2016-04-01,2017-03-31,0
2017-01-31,56030,2017-03-31,3,,,,,,,,,,,,,,,,,,,,,,,,,,,,,,,,,33621637,600145,33022126,false,false,9,2016-04-01,2016-12-31,0
2017-01-31,56030,2016-03-31,3,,,,,,,,,,,,,,,,,,,,,,,,,,,,,,,,,,,33022980,false,false,9,2015-04-01,2015-12-31,-1
2017-01-31,56030,2017-03-31,,19800000000,0.000,,,,,1700000000,0.000,1700000000,0.000,240000000,,-0.529,7.27,,,,,,,,,,,,,,,,,,,,,,true,true,12,2016-04-01,2017-03-31,0
2017-01-31,56030,2016-03-31,,19316000000,,,,,,1467000000,,1216000000,,540000000,,,16.36,,,,,,,,,,,,,,,,,,,,,,true,false,12,2015-04-01,2016-03-31,-1
2017-01-31,56030,2017-03-31,,15500000000,0.000,,,,,,,920000000,0.000,100000000,,-0.730,3.03,,,,,,,,,,,,,,,,,,,,,,false,true,12,2016-04-01,2017-03-31,0
2017-01-31,56030,2016-03-31,,14983000000,,,,,,,,689000000,,448000000,,,13.58,,,,,,,,,,,,,,,,,,,,,,false,false,12,2015-04-01,2016-03-31,-1
2017-05-09,56030,2017-03-31,,19772000000,0.024,,,,,1727000000,0.177,1822000000,0.499,,370000000,,11.22,,0.040,0.081,0.087,,23970000000,11545000000,0.393,285.24,9419000000,1625000000,-1610000000,915000000,2956000000,,0.535,,,,,,true,false,12,2016-04-01,2017-03-31,0
2017-05-09,56030,2016-03-31,,19316000000,-0.042,,,,,1467000000,0.283,1216000000,0.391,,540000000,,16.36,,0.060,0.057,0.076,,20996000000,10505000000,0.427,271.36,8961000000,1787000000,-856000000,-787000000,2014000000,,0.306,,,,,,true,false,12,2015-04-01,2016-03-31,-1
2017-05-09,56030,2018-03-31,,10200000000,0.112,,,,,530000000,-0.388,480000000,-0.482,,240000000,,7.27,,,,,,,,,,,,,,,,,,,,,,true,true,6,2017-04-01,2017-09-30,1
2017-05-09,56030,2018-03-31,,22200000000,0.123,,,,,1360000000,-0.213,1210000000,-0.336,,650000000,,196.84,,,,,,,,,,,,,,,,0.254,,,,,,true,true,12,2017-04-01,2018-03-31,1
2017-05-09,56030,2017-03-31,,15442000000,0.031,,,,,661000000,0.250,1047000000,0.518,183000000,,-0.591,5.56,,,,,,19737000000,8379000000,0.425,253.75,8379000000,,,,,6.00,,,,33621637,600145,33021970,false,false,12,2016-04-01,2017-03-31,0
2017-05-09,56030,2016-03-31,,14983000000,-0.075,,,,,529000000,-0.003,689000000,0.183,448000000,,0.148,13.58,,,,,,17615000000,7972000000,0.453,241.43,7972000000,,,,,5.00,,,,33621637,599296,33022821,false,false,12,2015-04-01,2016-03-31,-1
2017-05-09,56030,2018-03-31,,,,,,,,,,,,,,,,,,,,,,,,,,,,,,50.00,,,,,,,false,true,12,2017-04-01,2018-03-31,1
2017-07-31,56030,2018-03-31,1,4810000000,0.117,,,,,325000000,-0.300,370000000,-0.226,,171000000,,5.21,,,,,,26059000000,11478000000,0.357,281.82,9305000000,,,,,,,,,,,,true,false,3,2017-04-01,2017-06-30,0
2017-07-31,56030,2017-03-31,1,4305000000,-0.044,,,,,464000000,0.379,478000000,0.652,,234000000,,7.11,,,,,,,,,,,,,,,,,,,,,,true,false,3,2016-04-01,2016-06-30,-1
2017-07-31,56030,2018-03-31,1,10200000000,0.112,,,,,530000000,-0.388,480000000,-0.482,,240000000,,7.27,,,,,,,,,,,,,,,,,,,,,,true,true,6,2017-04-01,2017-09-30,0
2017-07-31,56030,2018-03-31,1,22200000000,0.123,,,,,1360000000,-0.213,1210000000,-0.336,,650000000,,196.84,,,,,,,,,,,,,,,,,,,,,,true,true,12,2017-04-01,2018-03-31,0
2017-07-31,56030,2017-03-31,1,,,,,,,,,,,,,,,,,,,,23970000000,11545000000,0.393,285.24,9419000000,,,,,,,,,,,,true,false,12,2016-04-01,2017-03-31,-1
2017-07-31,56030,2017-03-31,1,,,,,,,,,,,,,,,,,,,,,,,,,,,,,6.00,,,,33621637,600145,,false,false,12,2016-04-01,2017-03-31,-1
2017-07-31,56030,2018-03-31,1,,,,,,,,,,,,,,,,,,,,,,,,,,,,,50.00,,,,,,,false,true,12,2017-04-01,2018-03-31,0
2017-07-31,56030,2018-03-31,1,,,,,,,,,,,,,,,,,,,,,,,,,,,,,,,,,33621637,600145,33021492,false,false,3,2017-04-01,2017-06-30,0
2017-07-31,56030,2017-03-31,1,,,,,,,,,,,,,,,,,,,,,,,,,,,,,,,,,,,33022341,false,false,3,2016-04-01,2016-06-30,-1
2017-10-31,56030,2018-03-31,2,10277000000,0.121,,,,,566000000,-0.346,602000000,-0.350,,267000000,,81.01,,,,,,26057000000,11912000000,0.370,2907.95,9639000000,,,,,,,,,,,,true,false,6,2017-04-01,2017-09-30,0
2017-10-31,56030,2017-03-31,2,9170000000,-0.010,,,,,865000000,0.295,926000000,0.624,,475000000,,144.01,,,,,,,,,,,,,,,,,,,,,,true,false,6,2016-04-01,2016-09-30,-1
2017-10-31,56030,2018-03-31,2,22200000000,0.123,,,,,1360000000,-0.213,1210000000,-0.336,,650000000,,196.08,,,,,,,,,,,,,,,,,,,,,,true,true,12,2017-04-01,2018-03-31,0
2017-10-31,56030,2017-03-31,2,,,,,,,,,,,,,,,,,,,,23970000000,11545000000,0.393,2852.40,9419000000,,,,,,,,,,,,true,false,12,2016-04-01,2017-03-31,-1
2017-10-31,56030,2017-03-31,2,,,,,,,,,,,,,,,,,,,,,,,,,,,,,6.00,,,,3362163,60014,,false,false,12,2016-04-01,2017-03-31,-1
2017-10-31,56030,2018-03-31,2,,,,,,,,,,,,,,,,,,,,,,,,,,,,,0.00,,,,,,,false,false,12,2017-04-01,2018-03-31,0
2017-10-31,56030,2018-03-31,2,,,,,,,,,,,,,,,,,,,,,,,,,,,,,50.00,,,,,,,false,true,12,2017-04-01,2018-03-31,0
2017-10-31,56030,2018-03-31,2,,,,,,,,,,,,,,,,,,,,,,,,,,,,,,,,,3362163,47221,3307740,false,false,6,2017-04-01,2017-09-30,0
2017-10-31,56030,2017-03-31,2,,,,,,,,,,,,,,,,,,,,,,,,,,,,,,,,,,,3302228,false,false,6,2016-04-01,2016-09-30,-1
2018-01-31,56030,2018-03-31,3,16536000000,0.170,,,,,1033000000,-0.222,1052000000,-0.228,,498000000,,150.65,,,,,,28392000000,12655000000,0.350,2997.20,9934000000,,,,,,,,,,,,true,false,9,2017-04-01,2017-12-31,0
2018-01-31,56030,2017-03-31,3,14128000000,0.001,,,,,1328000000,0.310,1363000000,0.533,,131000000,,39.88,,,,,,,,,,,,,,,,,,,,,,true,false,9,2016-04-01,2016-12-31,-1
2018-01-31,56030,2018-03-31,3,22200000000,0.123,,,,,1360000000,-0.213,1210000000,-0.336,,650000000,,196.37,,,,,,,,,,,,,,,,,,,,,,true,true,12,2017-04-01,2018-03-31,0
2018-01-31,56030,2017-03-31,3,,,,,,,,,,,,,,,,,,,,23970000000,11545000000,0.393,2852.40,9419000000,,,,,,,,,,,,true,false,12,2016-04-01,2017-03-31,-1
2018-01-31,56030,2017-03-31,3,,,,,,,,,,,,,,,,,,,,,,,,,,,,,6.00,,,,3362163,60014,,false,false,12,2016-04-01,2017-03-31,-1
2018-01-31,56030,2018-03-31,3,,,,,,,,,,,,,,,,,,,,,,,,,,,,,0.00,,,,,,,false,false,12,2017-04-01,2018-03-31,0
2018-01-31,56030,2018-03-31,3,,,,,,,,,,,,,,,,,,,,,,,,,,,,,50.00,,,,,,,false,true,12,2017-04-01,2018-03-31,0
2018-01-31,56030,2018-03-31,3,,,,,,,,,,,,,,,,,,,,,,,,,,,,,,,,,3362163,47429,3310121,false,false,9,2017-04-01,2017-12-31,0
2018-01-31,56030,2017-03-31,3,,,,,,,,,,,,,,,,,,,,,,,,,,,,,,,,,,,3302213,false,false,9,2016-04-01,2016-12-31,-1
2018-05-10,56030,2018-03-31,,22942000000,0.160,,,,,1335000000,-0.227,1336000000,-0.267,,657000000,,198.64,,0.067,0.050,0.058,,29373000000,12718000000,0.344,3047.46,10101000000,-194000000,-3569000000,2666000000,1871000000,,0.252,,,,,,true,false,12,2017-04-01,2018-03-31,0
2018-05-10,56030,2017-03-31,,19772000000,0.024,,,,,1727000000,0.177,1822000000,0.499,,370000000,,112.17,,0.040,0.081,0.087,,23970000000,11545000000,0.393,2852.40,9419000000,1625000000,-1610000000,915000000,2956000000,,0.535,,,,,,true,false,12,2016-04-01,2017-03-31,-1
2018-05-10,56030,2019-03-31,,11400000000,0.109,,,,,690000000,0.219,610000000,0.013,,290000000,,87.49,,,,,,,,,,,,,,,,,,,,,,true,true,6,2018-04-01,2018-09-30,1
2018-05-10,56030,2019-03-31,,24100000000,0.050,,,,,1650000000,0.236,1480000000,0.107,,770000000,,232.30,,,,,,,,,,,,,,,,0.215,,,,,,true,true,12,2018-04-01,2019-03-31,1
2018-05-10,56030,2018-03-31,,17480000000,0.132,,,,,498000000,-0.247,741000000,-0.292,573000000,,2.123,173.15,,,,,,21787000000,8880000000,0.408,2679.07,8880000000,,,,,50.00,,,,3362163,47429,3311257,false,false,12,2017-04-01,2018-03-31,0
2018-05-10,56030,2017-03-31,,15442000000,0.031,,,,,661000000,0.250,1047000000,0.518,183000000,,-0.591,55.59,,,,,,19737000000,8379000000,0.425,2537.51,8379000000,,,,,6.00,,,,3362163,60014,3302197,false,false,12,2016-04-01,2017-03-31,-1
2018-05-10,56030,2019-03-31,,,,,,,,,,,,,,,,,,,,,,,,,,,,,,50.00,,,,,,,false,true,12,2018-04-01,2019-03-31,1
2018-07-31,56030,2019-03-31,1,5574000000,0.159,,,,,304000000,-0.065,309000000,-0.163,,171000000,,51.72,,,,,,27735000000,12705000000,0.364,3048.54,10105000000,,,,,,,,,,,,true,false,3,2018-04-01,2018-06-30,0
2018-07-31,56030,2018-03-31,1,4810000000,0.117,,,,,325000000,-0.300,370000000,-0.226,,171000000,,52.06,,,,,,,,,,,,,,,,,,,,,,true,false,3,2017-04-01,2017-06-30,-1
2018-07-31,56030,2019-03-31,1,11400000000,0.109,,,,,690000000,0.219,610000000,0.013,,290000000,,87.49,,,,,,,,,,,,,,,,,,,,,,true,true,6,2018-04-01,2018-09-30,0
2018-07-31,56030,2019-03-31,1,24100000000,0.050,,,,,1650000000,0.236,1480000000,0.107,,770000000,,232.30,,,,,,,,,,,,,,,,,,,,,,true,true,12,2018-04-01,2019-03-31,0
2018-07-31,56030,2018-03-31,1,,,,,,,,,,,,,,,,,,,,29256000000,12718000000,0.345,3047.46,10101000000,,,,,,,,,,,,true,false,12,2017-04-01,2018-03-31,-1
2018-07-31,56030,2018-03-31,1,,,,,,,,,,,,,,,,,,,,,,,,,,,,,50.00,,,,3362163,47429,,false,false,12,2017-04-01,2018-03-31,-1
2018-07-31,56030,2019-03-31,1,,,,,,,,,,,,,,,,,,,,,,,,,,,,,50.00,,,,,,,false,true,12,2018-04-01,2019-03-31,0
2018-07-31,56030,2019-03-31,1,,,,,,,,,,,,,,,,,,,,,,,,,,,,,,,,,3362163,47429,3314734,false,false,3,2018-04-01,2018-06-30,0
2018-07-31,56030,2018-03-31,1,,,,,,,,,,,,,,,,,,,,,,,,,,,,,,,,,,,3302149,false,false,3,2017-04-01,2017-06-30,-1
2018-10-31,56030,2019-03-31,2,11554000000,0.124,,,,,548000000,-0.032,615000000,0.021,,316000000,,95.45,,,,,,28055000000,12739000000,0.361,3052.34,10117000000,,,,,,,,,,,,true,false,6,2018-04-01,2018-09-30,0
2018-10-31,56030,2018-03-31,2,10277000000,0.121,,,,,566000000,-0.346,602000000,-0.350,,267000000,,81.01,,,,,,,,,,,,,,,,,,,,,,true,false,6,2017-04-01,2017-09-30,-1
2018-10-31,56030,2019-03-31,2,24100000000,0.050,,,,,1650000000,0.236,1480000000,0.107,,770000000,,232.30,,,,,,,,,,,,,,,,,,,,,,true,true,12,2018-04-01,2019-03-31,0
2018-10-31,56030,2018-03-31,2,,,,,,,,,,,,,,,,,,,,29256000000,12718000000,0.345,3047.46,10101000000,,,,,,,,,,,,true,false,12,2017-04-01,2018-03-31,-1
2018-10-31,56030,2018-03-31,2,,,,,,,,,,,,,,,,,,,,,,,,,,,,,50.00,,,,3362163,47429,,false,false,12,2017-04-01,2018-03-31,-1
2018-10-31,56030,2019-03-31,2,,,,,,,,,,,,,,,,,,,,,,,,,,,,,0.00,,,,,,,false,false,12,2018-04-01,2019-03-31,0
2018-10-31,56030,2019-03-31,2,,,,,,,,,,,,,,,,,,,,,,,,,,,,,50.00,,,,,,,false,true,12,2018-04-01,2019-03-31,0
2018-10-31,56030,2019-03-31,2,,,,,,,,,,,,,,,,,,,,,,,,,,,,,,,,,3362163,47519,3314711,false,false,6,2018-04-01,2018-09-30,0
2018-10-31,56030,2018-03-31,2,,,,,,,,,,,,,,,,,,,,,,,,,,,,,,,,,,,3307740,false,false,6,2017-04-01,2017-09-30,-1
2019-01-30,56030,2019-03-31,3,17843000000,0.079,,,,,938000000,-0.093,991000000,-0.059,,554000000,,167.34,,,,,,28041000000,12841000000,0.364,3081.16,10212000000,,,,,,,,,,,,true,false,9,2018-04-01,2018-12-31,0
2019-01-30,56030,2018-03-31,3,16536000000,0.170,,,,,1033000000,-0.222,1052000000,-0.228,,498000000,,150.65,,,,,,,,,,,,,,,,,,,,,,true,false,9,2017-04-01,2017-12-31,-1
2019-01-30,56030,2019-03-31,3,24100000000,0.050,,,,,1650000000,0.236,1480000000,0.107,,770000000,,232.30,,,,,,,,,,,,,,,,,,,,,,true,true,12,2018-04-01,2019-03-31,0
2019-01-30,56030,2018-03-31,3,,,,,,,,,,,,,,,,,,,,29256000000,12718000000,0.345,3047.46,10101000000,,,,,,,,,,,,true,false,12,2017-04-01,2018-03-31,-1
2019-01-30,56030,2018-03-31,3,,,,,,,,,,,,,,,,,,,,,,,,,,,,,50.00,,,,3362163,47429,,false,false,12,2017-04-01,2018-03-31,-1
2019-01-30,56030,2019-03-31,3,,,,,,,,,,,,,,,,,,,,,,,,,,,,,0.00,,,,,,,false,false,12,2018-04-01,2019-03-31,0
2019-01-30,56030,2019-03-31,3,,,,,,,,,,,,,,,,,,,,,,,,,,,,,50.00,,,,,,,false,true,12,2018-04-01,2019-03-31,0
2019-01-30,56030,2019-03-31,3,,,,,,,,,,,,,,,,,,,,,,,,,,,,,,,,,3362163,47646,3314670,false,false,9,2018-04-01,2018-12-31,0
2019-01-30,56030,2018-03-31,3,,,,,,,,,,,,,,,,,,,,,,,,,,,,,,,,,,,3310121,false,false,9,2017-04-01,2017-12-31,-1
2019-05-10,56030,2019-03-31,,24013000000,0.047,,,,,1284000000,-0.038,1300000000,-0.027,,734000000,,221.52,,0.072,0.045,0.054,,28563000000,12955000000,0.364,3139.89,10407000000,2179000000,-1461000000,-683000000,1882000000,,0.226,,,,,,true,false,12,2018-04-01,2019-03-31,0
2019-05-10,56030,2018-03-31,,22942000000,0.160,,,,,1335000000,-0.227,1336000000,-0.267,,657000000,,198.64,,0.067,0.050,0.058,,29256000000,12718000000,0.345,3047.46,10101000000,-194000000,-3569000000,2666000000,1871000000,,0.252,,,,,,true,false,12,2017-04-01,2018-03-31,-1
2019-05-10,56030,2020-03-31,,11900000000,0.030,,,,,520000000,-0.051,440000000,-0.285,,270000000,,81.46,,,,,,,,,,,,,,,,,,,,,,true,true,6,2019-04-01,2019-09-30,1
2019-05-10,56030,2020-03-31,,24300000000,0.012,,,,,1090000000,-0.152,910000000,-0.300,,530000000,,159.91,,,,,,,,,,,,,,,,0.313,,,,,,true,true,12,2019-04-01,2020-03-31,1
2019-05-10,56030,2019-03-31,,17470000000,-0.001,,,,,892000000,0.792,966000000,0.304,620000000,,0.082,187.14,,,,,,21509000000,9250000000,0.430,2791.09,9250000000,,,,,50.00,,,,3362163,47700,3314622,false,false,12,2018-04-01,2019-03-31,0
2019-05-10,56030,2018-03-31,,17480000000,0.132,,,,,498000000,-0.247,741000000,-0.292,573000000,,2.123,173.15,,,,,,21671000000,8880000000,0.410,2679.07,8880000000,,,,,50.00,,,,3362163,47429,3311257,false,false,12,2017-04-01,2018-03-31,-1
2019-05-10,56030,2020-03-31,,,,,,,,,,,,,,,,,,,,,,,,,,,,,,50.00,,,,,,,false,true,12,2019-04-01,2020-03-31,1
2019-07-31,56030,2020-03-31,1,5465000000,-0.020,,,,,192000000,-0.369,169000000,-0.453,,112000000,,34.09,,,,,,27850000000,12870000000,0.368,3089.02,10238000000,,,,,,,,,,,,true,false,3,2019-04-01,2019-06-30,0
2019-07-31,56030,2019-03-31,1,5574000000,0.159,,,,,304000000,-0.065,309000000,-0.163,,171000000,,51.72,,,,,,,,,,,,,,,,,,,,,,true,false,3,2018-04-01,2018-06-30,-1
2019-07-31,56030,2020-03-31,1,11900000000,0.030,,,,,520000000,-0.051,440000000,-0.285,,270000000,,81.46,,,,,,,,,,,,,,,,,,,,,,true,true,6,2019-04-01,2019-09-30,0
2019-07-31,56030,2020-03-31,1,24300000000,0.012,,,,,1090000000,-0.152,910000000,-0.300,,530000000,,159.91,,,,,,,,,,,,,,,,,,,,,,true,true,12,2019-04-01,2020-03-31,0
2019-07-31,56030,2019-03-31,1,,,,,,,,,,,,,,,,,,,,28563000000,12955000000,0.364,3139.89,10407000000,,,,,,,,,,,,true,false,12,2018-04-01,2019-03-31,-1
2019-07-31,56030,2019-03-31,1,,,,,,,,,,,,,,,,,,,,,,,,,,,,,50.00,,,,3362163,47700,,false,false,12,2018-04-01,2019-03-31,-1
2019-07-31,56030,2020-03-31,1,,,,,,,,,,,,,,,,,,,,,,,,,,,,,50.00,,,,,,,false,true,12,2019-04-01,2020-03-31,0
2019-07-31,56030,2020-03-31,1,,,,,,,,,,,,,,,,,,,,,,,,,,,,,,,,,3362163,47768,3314411,false,false,3,2019-04-01,2019-06-30,0
2019-07-31,56030,2019-03-31,1,,,,,,,,,,,,,,,,,,,,,,,,,,,,,,,,,,,3314734,false,false,3,2018-04-01,2018-06-30,-1
2019-10-31,56030,2020-03-31,2,11057000000,-0.043,,,,,417000000,-0.238,283000000,-0.538,,198000000,,59.75,,,,,,26559000000,12665000000,0.383,3070.67,10177000000,,,,,,,,,,,,true,false,6,2019-04-01,2019-09-30,0
2019-10-31,56030,2019-03-31,2,11554000000,0.124,,,,,548000000,-0.032,615000000,0.021,,316000000,,95.45,,,,,,,,,,,,,,,,,,,,,,true,false,6,2018-04-01,2018-09-30,-1
2019-10-31,56030,2020-03-31,2,22000000000,-0.084,,,,,600000000,-0.533,400000000,-0.692,,310000000,,93.53,,,,,,,,,,,,,,,,,,,,,,true,true,12,2019-04-01,2020-03-31,0
2019-10-31,56030,2019-03-31,2,,,,,,,,,,,,,,,,,,,,28563000000,12955000000,0.364,3139.89,10407000000,,,,,,,,,,,,true,false,12,2018-04-01,2019-03-31,-1
2019-10-31,56030,2019-03-31,2,,,,,,,,,,,,,,,,,,,,,,,,,,,,,50.00,,,,3362163,47700,,false,false,12,2018-04-01,2019-03-31,-1
2019-10-31,56030,2020-03-31,2,,,,,,,,,,,,,,,,,,,,,,,,,,,,,0.00,,,,,,,false,false,12,2019-04-01,2020-03-31,0
2019-10-31,56030,2020-03-31,2,,,,,,,,,,,,,,,,,,,,,,,,,,,,,50.00,,,,,,,false,true,12,2019-04-01,2020-03-31,0
2019-10-31,56030,2020-03-31,2,,,,,,,,,,,,,,,,,,,,,,,,,,,,,,,,,3362163,47768,3314403,false,false,6,2019-04-01,2019-09-30,0
2019-10-31,56030,2019-03-31,2,,,,,,,,,,,,,,,,,,,,,,,,,,,,,,,,,,,3314711,false,false,6,2018-04-01,2018-09-30,-1
2020-01-30,56030,2020-03-31,3,16028000000,-0.102,,,,,375000000,-0.600,242000000,-0.755,,218000000,,66.02,,,,,,26705000000,12539000000,0.382,3080.00,10208000000,,,,,,,,,,,,true,false,9,2019-04-01,2019-12-31,0
2020-01-30,56030,2019-03-31,3,17843000000,0.079,,,,,938000000,-0.093,991000000,-0.059,,554000000,,167.34,,,,,,,,,,,,,,,,,,,,,,true,false,9,2018-04-01,2018-12-31,-1
2020-01-30,56030,2020-03-31,3,22000000000,-0.084,,,,,600000000,-0.533,400000000,-0.692,,310000000,,93.53,,,,,,,,,,,,,,,,,,,,,,true,true,12,2019-04-01,2020-03-31,0
2020-01-30,56030,2019-03-31,3,,,,,,,,,,,,,,,,,,,,28563000000,12955000000,0.364,3139.89,10407000000,,,,,,,,,,,,true,false,12,2018-04-01,2019-03-31,-1
2020-01-30,56030,2019-03-31,3,,,,,,,,,,,,,,,,,,,,,,,,,,,,,50.00,,,,3362163,47700,,false,false,12,2018-04-01,2019-03-31,-1
2020-01-30,56030,2020-03-31,3,,,,,,,,,,,,,,,,,,,,,,,,,,,,,0.00,,,,,,,false,false,12,2019-04-01,2020-03-31,0
2020-01-30,56030,2020-03-31,3,,,,,,,,,,,,,,,,,,,,,,,,,,,,,50.00,,,,,,,false,true,12,2019-04-01,2020-03-31,0
2020-01-30,56030,2020-03-31,3,,,,,,,,,,,,,,,,,,,,,,,,,,,,,,,,,3362163,47809,3314387,false,false,9,2019-04-01,2019-12-31,0
2020-01-30,56030,2019-03-31,3,,,,,,,,,,,,,,,,,,,,,,,,,,,,,,,,,,,3314670,false,false,9,2018-04-01,2018-12-31,-1
2020-03-30,56030,2020-03-31,,22000000000,,,,,,600000000,,400000000,,140000000,,-0.548,42.24,,,,,,,,,,,,,,,,,,,,,,true,true,12,2019-04-01,2020-03-31,0
2020-03-30,56030,2019-03-31,,24013000000,,,,,,1284000000,,1300000000,,734000000,,,221.52,,,,,,,,,,,,,,,,,,,,,,true,false,12,2018-04-01,2019-03-31,-1
2020-05-08,56030,2020-03-31,,21259000000,-0.115,,,,,539000000,-0.580,372000000,-0.713,,102000000,,30.79,,0.010,0.013,0.025,,26720000000,12466000000,0.378,3047.91,10101000000,2173000000,-1395000000,-547000000,2108000000,,1.624,,,,,,true,false,12,2019-04-01,2020-03-31,0
2020-05-08,56030,2019-03-31,,24013000000,0.047,,,,,1284000000,-0.038,1300000000,-0.027,,734000000,,221.52,,0.072,0.045,0.054,,28563000000,12955000000,0.364,3139.89,10407000000,2179000000,-1461000000,-683000000,1882000000,,0.226,,,,,,true,false,12,2018-04-01,2019-03-31,-1
2020-05-08,56030,2020-03-31,,16535000000,-0.054,,,,,622000000,-0.303,586000000,-0.393,192000000,,-0.690,58.01,,,,,,20493000000,9163000000,0.447,2764.89,9163000000,,,,,50.00,,,,3362163,47809,3314380,false,false,12,2019-04-01,2020-03-31,0
2020-05-08,56030,2019-03-31,,17470000000,-0.001,,,,,892000000,0.792,966000000,0.304,620000000,,0.082,187.14,,,,,,21509000000,9250000000,0.430,2791.09,9250000000,,,,,50.00,,,,3362163,47700,3314622,false,false,12,2018-04-01,2019-03-31,-1
2020-07-31,56030,2021-03-31,1,4235000000,-0.225,,,,,80000000,-0.579,91000000,-0.463,,15000000,,4.60,,,,,,25645000000,12439000000,0.395,3058.53,10137000000,,,,,,,,,,,,true,false,3,2020-04-01,2020-06-30,0
2020-07-31,56030,2020-03-31,1,5465000000,-0.020,,,,,192000000,-0.369,169000000,-0.453,,112000000,,34.09,,,,,,,,,,,,,,,,,,,,,,true,false,3,2019-04-01,2019-06-30,-1
2020-07-31,56030,2021-03-31,1,8500000000,-0.231,,,,,-30000000,,-80000000,,,-170000000,,-51.29,,,,,,,,,,,,,,,,,,,,,,true,true,6,2020-04-01,2020-09-30,0
2020-07-31,56030,2021-03-31,1,17500000000,-0.177,,,,,-260000000,,-370000000,,,-400000000,,-120.69,,,,,,,,,,,,,,,,,,,,,,true,true,12,2020-04-01,2021-03-31,0
2020-07-31,56030,2020-03-31,1,,,,,,,,,,,,,,,,,,,,26720000000,12466000000,0.378,3047.91,10101000000,,,,,,,,,,,,true,false,12,2019-04-01,2020-03-31,-1
2020-07-31,56030,2020-03-31,1,,,,,,,,,,,,,,,,,,,,,,,,,,,,,50.00,,,,3362163,47809,,false,false,12,2019-04-01,2020-03-31,-1
2020-07-31,56030,2021-03-31,1,,,,,,,,,,,,,,,,,,,,,,,,,,,,,,,,,3362163,47809,3314354,false,false,3,2020-04-01,2020-06-30,0
2020-07-31,56030,2020-03-31,1,,,,,,,,,,,,,,,,,,,,,,,,,,,,,,,,,,,3314411,false,false,3,2019-04-01,2019-06-30,-1
,56030,2021-03-31,,,,,,,,,,,,,,,,,,,,,,,,,,,,,,0.00,,,,,,,false,true,12,2020-04-01,2021-03-31,0
,56030,2020-03-31,,,,,,,,,,,,,,,,,,,,,,,,,,,,,,50.00,,,,,,,false,false,12,2019-04-01,2020-03-31,-1
2020-10-30,56030,2021-03-31,2,8500000000,-0.231,,,,,96000000,-0.768,104000000,-0.633,,-9000000,,-2.81,,,,,,25206000000,12429000000,0.400,3045.88,10095000000,,,,,,,,,,,,true,false,6,2020-04-01,2020-09-30,0
2020-10-30,56030,2020-03-31,2,11057000000,-0.043,,,,,417000000,-0.238,283000000,-0.538,,198000000,,59.75,,,,,,,,,,,,,,,,,,,,,,true,false,6,2019-04-01,2019-09-30,-1
2020-10-30,56030,2021-03-31,2,18200000000,-0.144,,,,,140000000,-0.740,100000000,-0.732,,0,,0.00,,,,,,,,,,,,,,,,,,,,,,true,true,12,2020-04-01,2021-03-31,0
2020-10-30,56030,2020-03-31,2,,,,,,,,,,,,,,,,,,,,26720000000,12466000000,0.378,3047.91,10101000000,,,,,,,,,,,,true,false,12,2019-04-01,2020-03-31,-1
2020-10-30,56030,2020-03-31,2,,,,,,,,,,,,,,,,,,,,,,,,,,,,,50.00,,,,3362163,47809,,false,false,12,2019-04-01,2020-03-31,-1
2020-10-30,56030,2021-03-31,2,,,,,,,,,,,,,,,,,,,,,,,,,,,,,0.00,,,,,,,false,false,12,2020-04-01,2021-03-31,0
2020-10-30,56030,2021-03-31,2,,,,,,,,,,,,,,,,,,,,,,,,,,,,,0.00,,,,,,,false,true,12,2020-04-01,2021-03-31,0
2020-10-30,56030,2021-03-31,2,,,,,,,,,,,,,,,,,,,,,,,,,,,,,,,,,3362163,47809,3314354,false,false,6,2020-04-01,2020-09-30,0
2020-10-30,56030,2020-03-31,2,,,,,,,,,,,,,,,,,,,,,,,,,,,,,,,,,,,3314403,false,false,6,2019-04-01,2019-09-30,-1
2021-01-29,56030,2021-03-31,3,12938000000,-0.193,,,,,166000000,-0.556,236000000,-0.025,,71000000,,21.49,,,,,,26172000000,12714000000,0.393,3106.12,10294000000,,,,,,,,,,,,true,false,9,2020-04-01,2020-12-31,0
2021-01-29,56030,2020-03-31,3,16028000000,-0.102,,,,,375000000,-0.600,242000000,-0.755,,218000000,,66.02,,,,,,,,,,,,,,,,,,,,,,true,false,9,2019-04-01,2019-12-31,-1
2021-01-29,56030,2021-03-31,3,18200000000,-0.144,,,,,140000000,-0.740,100000000,-0.732,,0,,0.00,,,,,,,,,,,,,,,,,,,,,,true,true,12,2020-04-01,2021-03-31,0
2021-01-29,56030,2020-03-31,3,,,,,,,,,,,,,,,,,,,,26720000000,12466000000,0.378,3047.91,10101000000,,,,,,,,,,,,true,false,12,2019-04-01,2020-03-31,-1
2021-01-29,56030,2020-03-31,3,,,,,,,,,,,,,,,,,,,,,,,,,,,,,50.00,,,,3362163,47809,,false,false,12,2019-04-01,2020-03-31,-1
2021-01-29,56030,2021-03-31,3,,,,,,,,,,,,,,,,,,,,,,,,,,,,,0.00,,,,,,,false,false,12,2020-04-01,2021-03-31,0
2021-01-29,56030,2021-03-31,3,,,,,,,,,,,,,,,,,,,,,,,,,,,,,0.00,,,,,,,false,true,12,2020-04-01,2021-03-31,0
2021-01-29,56030,2021-03-31,3,,,,,,,,,,,,,,,,,,,,,,,,,,,,,,,,,3362163,47839,3314347,false,false,9,2020-04-01,2020-12-31,0
2021-01-29,56030,2020-03-31,3,,,,,,,,,,,,,,,,,,,,,,,,,,,,,,,,,,,3314387,false,false,9,2019-04-01,2019-12-31,-1
2021-02-26,56030,2021-03-31,,18100000000,-0.005,,,,,300000000,1.142,320000000,2.200,220000000,,,66.38,,,,,,,,,,,,,,,,,,,,,,true,true,12,2020-04-01,2021-03-31,0
2021-02-26,56030,2020-03-31,,21259000000,,,,,,539000000,,372000000,,102000000,,,30.79,,,,,,,,,,,,,,,,,,,,,,true,false,12,2019-04-01,2020-03-31,-1
2021-02-26,56030,2021-03-31,,,,,,,,,,,,,,,,,,,,,,,,,,,,,,20.00,,,,,,,false,true,12,2020-04-01,2021-03-31,0
2021-02-26,56030,2020-03-31,,,,,,,,,,,,,,,,,,,,,,,,,,,,,,50.00,,,,,,,false,false,12,2019-04-01,2020-03-31,-1
2021-05-10,56030,2021-03-31,,18068000000,-0.150,,,,,284000000,-0.473,383000000,0.027,,285000000,,86.18,,0.027,0.014,0.016,,27810000000,13254000000,0.388,3257.60,10796000000,2093000000,-1102000000,-510000000,2591000000,,0.232,,,,,,true,false,12,2020-04-01,2021-03-31,0
2021-05-10,56030,2020-03-31,,21259000000,-0.115,,,,,539000000,-0.580,372000000,-0.713,,102000000,,30.79,,0.010,0.013,0.025,,26720000000,12466000000,0.378,3047.91,10101000000,2173000000,-1395000000,-547000000,2108000000,,1.624,,,,,,true,false,12,2019-04-01,2020-03-31,-1
2021-05-10,56030,2022-03-31,,9380000000,0.103,,,,,95000000,-0.017,0,-1.000,,-40000000,,-12.07,,,,,,,,,,,,,,,,,,,,,,true,true,6,2021-04-01,2021-09-30,1
2021-05-10,56030,2022-03-31,,20460000000,0.132,,,,,710000000,1.496,570000000,0.488,,300000000,,90.52,,,,,,,,,,,,,,,,0.276,,,,,,true,true,12,2021-04-01,2022-03-31,1
2021-05-10,56030,2021-03-31,,13105000000,-0.207,,,,,-0,,174000000,-0.702,226000000,,0.177,68.29,,,,,,21412000000,9612000000,0.449,2900.27,9612000000,,,,,20.00,,,,3362163,47839,3314341,false,false,12,2020-04-01,2021-03-31,0
2021-05-10,56030,2020-03-31,,16535000000,-0.054,,,,,622000000,-0.303,586000000,-0.393,192000000,,-0.690,58.01,,,,,,20493000000,9163000000,0.447,2764.89,9163000000,,,,,50.00,,,,3362163,47809,3314380,false,false,12,2019-04-01,2020-03-31,-1
2021-05-10,56030,2022-03-31,,,,,,,,,,,,,,,,,,,,,,,,,,,,,,25.00,,,,,,,false,true,12,2021-04-01,2022-03-31,1
2021-05-10,56030,2021-03-31,,18068000000,-0.150,,,,,284000000,-0.473,383000000,0.027,,285000000,,86.18,,0.027,0.014,0.016,,27810000000,13254000000,0.388,3257.60,10796000000,2093000000,-1102000000,-510000000,2591000000,,0.232,,,,,,true,false,12,2020-04-01,2021-03-31,0
2021-05-10,56030,2020-03-31,,21259000000,-0.115,,,,,539000000,-0.580,372000000,-0.713,,102000000,,30.79,,0.010,0.013,0.025,,26720000000,12466000000,0.378,3047.91,10101000000,2173000000,-1395000000,-547000000,2108000000,,1.624,,,,,,true,false,12,2019-04-01,2020-03-31,-1
2021-05-10,56030,2022-03-31,,9380000000,0.103,,,,,95000000,-0.017,0,-1.000,,-40000000,,-12.07,,,,,,,,,,,,,,,,,,,,,,true,true,6,2021-04-01,2021-09-30,1
2021-05-10,56030,2022-03-31,,20460000000,0.132,,,,,710000000,1.496,570000000,0.488,,300000000,,90.52,,,,,,,,,,,,,,,,0.276,,,,,,true,true,12,2021-04-01,2022-03-31,1
2021-05-10,56030,2021-03-31,,13105000000,-0.207,,,,,-0,,174000000,-0.702,226000000,,0.177,68.29,,,,,,21412000000,9612000000,0.449,2900.27,9612000000,,,,,20.00,,,,3362163,47839,3314341,false,false,12,2020-04-01,2021-03-31,0
2021-05-10,56030,2020-03-31,,16535000000,-0.054,,,,,622000000,-0.303,586000000,-0.393,192000000,,-0.690,58.01,,,,,,20493000000,9163000000,0.447,2764.89,9163000000,,,,,50.00,,,,3362163,47809,3314380,false,false,12,2019-04-01,2020-03-31,-1
2021-05-10,56030,2022-03-31,,,,,,,,,,,,,,,,,,,,,,,,,,,,,,25.00,,,,,,,false,true,12,2021-04-01,2022-03-31,1
2021-07-30,56030,2022-03-31,1,4916000000,,,,,,-6000000,,-6000000,,,-20000000,,-6.17,,,,,,28401000000,13425000000,0.381,3266.06,10824000000,,,,,,,,,,,,true,false,3,2021-04-01,2021-06-30,0
2021-07-30,56030,2021-03-31,1,4235000000,-0.225,,,,,80000000,-0.579,91000000,-0.463,,15000000,,4.60,,,,,,,,,,,,,,,,,,,,,,true,false,3,2020-04-01,2020-06-30,-1
2021-07-30,56030,2022-03-31,1,9380000000,0.103,,,,,95000000,-0.017,0,-1.000,,-40000000,,-12.07,,,,,,,,,,,,,,,,,,,,,,true,true,6,2021-04-01,2021-09-30,0
2021-07-30,56030,2022-03-31,1,20460000000,0.132,,,,,710000000,1.496,570000000,0.488,,300000000,,90.52,,,,,,,,,,,,,,,,,,,,,,true,true,12,2021-04-01,2022-03-31,0
2021-07-30,56030,2021-03-31,1,,,,,,,,,,,,,,,,,,,,27810000000,13254000000,0.388,3257.60,10796000000,,,,,,,,,,,,true,false,12,2020-04-01,2021-03-31,-1
2021-07-30,56030,2021-03-31,1,,,,,,,,,,,,,,,,,,,,,,,,,,,,,20.00,,,,3362163,47839,,false,false,12,2020-04-01,2021-03-31,-1
2021-07-30,56030,2022-03-31,1,,,,,,,,,,,,,,,,,,,,,,,,,,,,,25.00,,,,,,,false,true,12,2021-04-01,2022-03-31,0
2021-07-30,56030,2022-03-31,1,,,,,,,,,,,,,,,,,,,,,,,,,,,,,,,,,3362163,47839,3314324,false,false,3,2021-04-01,2021-06-30,0
2021-07-30,56030,2021-03-31,1,,,,,,,,,,,,,,,,,,,,,,,,,,,,,,,,,,,3314354,false,false,3,2020-04-01,2020-06-30,-1
2021-10-29,5603,2022-03-31,2,10622000000,,,,,,22000000,,-47000000,,,-65000000,,-19.88,,,,,,28881000000,13523000000,0.377,3283.66,10883000000,,,,,,,,,,,,true,false,6,2021-04-01,2021-09-30,0
2021-10-29,5603,2021-03-31,2,8500000000,-0.231,,,,,96000000,-0.768,104000000,-0.633,,-9000000,,-2.81,,,,,,,,,,,,,,,,,,,,,,true,false,6,2020-04-01,2020-09-30,-1
2021-10-29,5603,2022-03-31,2,20460000000,0.132,,,,,710000000,1.496,570000000,0.488,,300000000,,90.52,,,,,,,,,,,,,,,,,,,,,,true,true,12,2021-04-01,2022-03-31,0
2021-10-29,5603,2021-03-31,2,,,,,,,,,,,,,,,,,,,,27810000000,13254000000,0.388,3257.60,10796000000,,,,,,,,,,,,true,false,12,2020-04-01,2021-03-31,-1
2021-10-29,5603,2021-03-31,2,,,,,,,,,,,,,,,,,,,,,,,,,,,,,20.00,,,,3362163,47839,,false,false,12,2020-04-01,2021-03-31,-1
2021-10-29,5603,2022-03-31,2,,,,,,,,,,,,,,,,,,,,,,,,,,,,,0.00,,,,,,,false,false,12,2021-04-01,2022-03-31,0
2021-10-29,5603,2022-03-31,2,,,,,,,,,,,,,,,,,,,,,,,,,,,,,25.00,,,,,,,false,true,12,2021-04-01,2022-03-31,0
2021-10-29,5603,2022-03-31,2,,,,,,,,,,,,,,,,,,,,,,,,,,,,,,,,,3362163,47863,3314317,false,false,6,2021-04-01,2021-09-30,0
2021-10-29,5603,2021-03-31,2,,,,,,,,,,,,,,,,,,,,,,,,,,,,,,,,,,,3314354,false,false,6,2020-04-01,2020-09-30,-1
2022-01-28,5603,2022-03-31,3,16682000000,,,,,,43000000,,-24000000,,,-25000000,,-7.79,,,,,,30048000000,13507000000,0.362,3283.72,10883000000,,,,,,,,,,,,true,false,9,2021-04-01,2021-12-31,0
2022-01-28,5603,2021-03-31,3,12938000000,-0.193,,,,,166000000,-0.556,236000000,-0.025,,71000000,,21.49,,,,,,,,,,,,,,,,,,,,,,true,false,9,2020-04-01,2020-12-31,-1
2022-01-28,5603,2022-03-31,3,23100000000,0.278,,,,,140000000,-0.508,30000000,-0.922,,0,,0.00,,,,,,,,,,,,,,,,,,,,,,true,true,12,2021-04-01,2022-03-31,0
2022-01-28,5603,2021-03-31,3,,,,,,,,,,,,,,,,,,,,27810000000,13254000000,0.388,3257.60,10796000000,,,,,,,,,,,,true,false,12,2020-04-01,2021-03-31,-1
2022-01-28,5603,2021-03-31,3,,,,,,,,,,,,,,,,,,,,,,,,,,,,,20.00,,,,3362163,47839,,false,false,12,2020-04-01,2021-03-31,-1
2022-01-28,5603,2022-03-31,3,,,,,,,,,,,,,,,,,,,,,,,,,,,,,0.00,,,,,,,false,false,12,2021-04-01,2022-03-31,0
2022-01-28,5603,2022-03-31,3,,,,,,,,,,,,,,,,,,,,,,,,,,,,,10.00,,,,,,,false,true,12,2021-04-01,2022-03-31,0
2022-01-28,5603,2022-03-31,3,,,,,,,,,,,,,,,,,,,,,,,,,,,,,,,,,3362163,47913,3314309,false,false,9,2021-04-01,2021-12-31,0
2022-01-28,5603,2021-03-31,3,,,,,,,,,,,,,,,,,,,,,,,,,,,,,,,,,,,3314347,false,false,9,2020-04-01,2020-12-31,-1
2022-05-10,5603,2022-03-31,,23117000000,,,,,,154000000,,89000000,,,43000000,,13.20,,0.004,0.003,0.007,,31247000000,13783000000,0.353,3329.99,11036000000,1027000000,-1547000000,1018000000,3113000000,,0.758,,,,,,true,false,12,2021-04-01,2022-03-31,0
2022-05-10,5603,2021-03-31,,18068000000,-0.150,,,,,284000000,-0.473,383000000,0.027,,285000000,,86.18,,0.027,0.014,0.016,,27810000000,13254000000,0.388,3257.60,10796000000,2093000000,-1102000000,-510000000,2591000000,,0.232,,,,,,true,false,12,2020-04-01,2021-03-31,-1
2022-05-10,5603,2023-03-31,,11280000000,0.062,,,,,140000000,5.242,80000000,,,20000000,,6.03,,,,,,,,,,,,,,,,,,,,,,true,true,6,2022-04-01,2022-09-30,1
2022-05-10,5603,2023-03-31,,24120000000,0.043,,,,,550000000,2.563,450000000,4.022,,270000000,,81.47,,,,,,,,,,,,,,,,0.307,,,,,,true,true,12,2022-04-01,2023-03-31,1
2022-05-10,5603,2022-03-31,,16234000000,0.239,,,,,111000000,,170000000,-0.024,121000000,,-0.465,36.56,,,,,,22942000000,9572000000,0.417,2888.31,9572000000,,,,,10.00,,,,3362163,47963,3314283,false,false,12,2021-04-01,2022-03-31,0
2022-05-10,5603,2021-03-31,,13105000000,-0.207,,,,,-0,,174000000,-0.702,226000000,,0.177,68.29,,,,,,21412000000,9612000000,0.449,2900.27,9612000000,,,,,20.00,,,,3362163,47839,3314341,false,false,12,2020-04-01,2021-03-31,-1
2022-05-10,5603,2023-03-31,,,,,,,,,,,,,,,,,,,,,,,,,,,,,,25.00,,,,,,,false,true,12,2022-04-01,2023-03-31,1
2022-07-29,5603,2023-03-31,1,6061000000,0.233,,,,,95000000,,96000000,,,50000000,,15.17,,,,,,31901000000,14461000000,0.352,3412.06,11221000000,,,,,,,,,,,,true,false,3,2022-04-01,2022-06-30,0
2022-07-29,5603,2022-03-31,1,4916000000,,,,,,-6000000,,-6000000,,,-20000000,,-6.17,,,,,,,,,,,,,,,,,,,,,,true,false,3,2021-04-01,2021-06-30,-1
2022-07-29,5603,2023-03-31,1,11280000000,0.062,,,,,140000000,5.242,80000000,,,20000000,,6.03,,,,,,,,,,,,,,,,,,,,,,true,true,6,2022-04-01,2022-09-30,0
2022-07-29,5603,2023-03-31,1,24120000000,0.043,,,,,550000000,2.563,450000000,4.022,,270000000,,81.47,,,,,,,,,,,,,,,,,,,,,,true,true,12,2022-04-01,2023-03-31,0
2022-07-29,5603,2022-03-31,1,,,,,,,,,,,,,,,,,,,,31247000000,13783000000,0.353,3329.99,11036000000,,,,,,,,,,,,true,false,12,2021-04-01,2022-03-31,-1
2022-07-29,5603,2022-03-31,1,,,,,,,,,,,,,,,,,,,,,,,,,,,,,10.00,,,,3362163,47963,,false,false,12,2021-04-01,2022-03-31,-1
2022-07-29,5603,2023-03-31,1,,,,,,,,,,,,,,,,,,,,,,,,,,,,,25.00,,,,,,,false,true,12,2022-04-01,2023-03-31,0
2022-07-29,5603,2023-03-31,1,,,,,,,,,,,,,,,,,,,,,,,,,,,,,,,,,3362163,73463,3305450,false,false,3,2022-04-01,2022-06-30,0
2022-07-29,5603,2022-03-31,1,,,,,,,,,,,,,,,,,,,,,,,,,,,,,,,,,,,3314324,false,false,3,2021-04-01,2021-06-30,-1
2022-10-31,5603,2023-03-31,2,12652000000,0.191,,,,,200000000,7.958,155000000,,,90000000,,27.62,,,,,,32404000000,14848000000,0.353,3497.38,11435000000,,,,,,,,,,,,true,false,6,2022-04-01,2022-09-30,0
2022-10-31,5603,2022-03-31,2,10622000000,,,,,,22000000,,-47000000,,,-65000000,,-19.88,,,,,,,,,,,,,,,,,,,,,,true,false,6,2021-04-01,2021-09-30,-1
2022-10-31,5603,2023-03-31,2,26800000000,0.159,,,,,550000000,2.563,450000000,4.022,,270000000,,82.07,,,,,,,,,,,,,,,,,,,,,,true,true,12,2022-04-01,2023-03-31,0
2022-10-31,5603,2022-03-31,2,,,,,,,,,,,,,,,,,,,,31247000000,13783000000,0.353,3329.99,11036000000,,,,,,,,,,,,true,false,12,2021-04-01,2022-03-31,-1
2022-10-31,5603,2022-03-31,2,,,,,,,,,,,,,,,,,,,,,,,,,,,,,10.00,,,,3362163,47963,,false,false,12,2021-04-01,2022-03-31,-1
2022-10-31,5603,2023-03-31,2,,,,,,,,,,,,,,,,,,,,,,,,,,,,,0.00,,,,,,,false,false,12,2022-04-01,2023-03-31,0
2022-10-31,5603,2023-03-31,2,,,,,,,,,,,,,,,,,,,,,,,,,,,,,25.00,,,,,,,false,true,12,2022-04-01,2023-03-31,0
2022-10-31,5603,2023-03-31,2,,,,,,,,,,,,,,,,,,,,,,,,,,,,,,,,,3362163,92287,3289854,false,false,6,2022-04-01,2022-09-30,0
2022-10-31,5603,2022-03-31,2,,,,,,,,,,,,,,,,,,,,,,,,,,,,,,,,,,,3314317,false,false,6,2021-04-01,2021-09-30,-1
2023-01-31,5603,2023-03-31,3,19576000000,0.173,,,,,522000000,,461000000,,,289000000,,88.24,,,,,,33214000000,15159000000,0.353,3581.56,11711000000,,,,,,,,,,,,true,false,9,2022-04-01,2022-12-31,0
2023-01-31,5603,2022-03-31,3,16682000000,,,,,,43000000,,-24000000,,,-25000000,,-7.79,,,,,,,,,,,,,,,,,,,,,,true,false,9,2021-04-01,2021-12-31,-1
2023-01-31,5603,2023-03-31,3,26600000000,0.151,,,,,670000000,3.340,570000000,5.361,,360000000,,109.65,,,,,,,,,,,,,,,,,,,,,,true,true,12,2022-04-01,2023-03-31,0
2023-01-31,5603,2022-03-31,3,,,,,,,,,,,,,,,,,,,,31247000000,13783000000,0.353,3329.99,11036000000,,,,,,,,,,,,true,false,12,2021-04-01,2022-03-31,-1
2023-01-31,5603,2022-03-31,3,,,,,,,,,,,,,,,,,,,,,,,,,,,,,10.00,,,,3362163,47963,,false,false,12,2021-04-01,2022-03-31,-1
2023-01-31,5603,2023-03-31,3,,,,,,,,,,,,,,,,,,,,,,,,,,,,,0.00,,,,,,,false,false,12,2022-04-01,2023-03-31,0
2023-01-31,5603,2023-03-31,3,,,,,,,,,,,,,,,,,,,,,,,,,,,,,35.00,,,,,,,false,true,12,2022-04-01,2023-03-31,0
2023-01-31,5603,2023-03-31,3,,,,,,,,,,,,,,,,,,,,,,,,,,,,,,,,,3362163,92287,3283169,false,false,9,2022-04-01,2022-12-31,0
2023-01-31,5603,2022-03-31,3,,,,,,,,,,,,,,,,,,,,,,,,,,,,,,,,,,,3314309,false,false,9,2021-04-01,2021-12-31,-1
2023-05-10,5603,2023-03-31,,26726000000,0.156,,,,,807000000,4.231,716000000,6.995,,466000000,,142.34,,0.041,0.022,0.030,,32458000000,15036000000,0.364,3614.14,11817000000,-119000000,-1152000000,238000000,2091000000,,0.246,,,,,,true,false,12,2022-04-01,2023-03-31,0
2023-05-10,5603,2022-03-31,,23117000000,,,,,,154000000,,89000000,,,43000000,,13.20,,0.004,0.003,0.007,,31247000000,13783000000,0.353,3329.99,11036000000,1027000000,-1547000000,1018000000,3113000000,,0.758,,,,,,true,false,12,2021-04-01,2022-03-31,-1
2023-05-10,5603,2024-03-31,,13480000000,0.065,,,,,420000000,1.090,330000000,1.124,,200000000,,60.98,,,,,,,,,,,,,,,,,,,,,,true,true,6,2023-04-01,2023-09-30,1
2023-05-10,5603,2024-03-31,,28150000000,0.053,,,,,1000000000,0.238,875000000,0.221,,540000000,,164.64,,,,,,,,,,,,,,,,0.304,,,,,,true,true,12,2023-04-01,2024-03-31,1
2023-05-10,5603,2023-03-31,,18572000000,0.144,,,,,528000000,3.734,619000000,2.635,440000000,,2.634,134.22,,,,,,24604000000,10228000000,0.416,3128.13,10228000000,,,,,35.00,,,,3362163,92287,3279892,false,false,12,2022-04-01,2023-03-31,0
2023-05-10,5603,2022-03-31,,16234000000,0.239,,,,,111000000,,170000000,-0.024,121000000,,-0.465,36.56,,,,,,22942000000,9572000000,0.417,2888.31,9572000000,,,,,10.00,,,,3362163,47963,3314283,false,false,12,2021-04-01,2022-03-31,-1
2023-05-10,5603,2024-03-31,,,,,,,,,,,,,,,,,,,,,,,,,,,,,,50.00,,,,,,,false,true,12,2023-04-01,2024-03-31,1
2023-07-31,5603,2024-03-31,1,6384000000,0.053,,,,,207000000,1.168,221000000,1.298,,157000000,,48.06,,,,,,32025000000,15609000000,0.385,3773.97,12340000000,,,,,,,,,,,,true,false,3,2023-04-01,2023-06-30,0
2023-07-31,5603,2023-03-31,1,6061000000,0.233,,,,,95000000,,96000000,,,50000000,,15.17,,,,,,,,,,,,,,,,,,,,,,true,false,3,2022-04-01,2022-06-30,-1
2023-07-31,5603,2024-03-31,1,13480000000,0.065,,,,,420000000,1.090,330000000,1.124,,200000000,,60.98,,,,,,,,,,,,,,,,,,,,,,true,true,6,2023-04-01,2023-09-30,0
2023-07-31,5603,2024-03-31,1,28150000000,0.053,,,,,1000000000,0.238,875000000,0.221,,540000000,,164.64,,,,,,,,,,,,,,,,,,,,,,true,true,12,2023-04-01,2024-03-31,0
2023-07-31,5603,2023-03-31,1,,,,,,,,,,,,,,,,,,,,32458000000,15036000000,0.364,3614.14,11817000000,,,,,,,,,,,,true,false,12,2022-04-01,2023-03-31,-1
2023-07-31,5603,2023-03-31,1,,,,,,,,,,,,,,,,,,,,,,,,,,,,,35.00,,,,3362163,92287,,false,false,12,2022-04-01,2023-03-31,-1
2023-07-31,5603,2024-03-31,1,,,,,,,,,,,,,,,,,,,,,,,,,,,,,50.00,,,,,,,false,true,12,2023-04-01,2024-03-31,0
2023-07-31,5603,2024-03-31,1,,,,,,,,,,,,,,,,,,,,,,,,,,,,,,,,,3362163,92287,3269876,false,false,3,2023-04-01,2023-06-30,0
2023-07-31,5603,2023-03-31,1,,,,,,,,,,,,,,,,,,,,,,,,,,,,,,,,,,,3305450,false,false,3,2022-04-01,2022-06-30,-1
2023-10-31,5603,2024-03-31,2,12583000000,-0.005,,,,,244000000,0.216,191000000,0.236,,185000000,,56.59,,,,,,32921000000,16070000000,0.388,3902.65,12761000000,,,,,,,,,,,,true,false,6,2023-04-01,2023-09-30,0
2023-10-31,5603,2023-03-31,2,12652000000,0.191,,,,,200000000,7.958,155000000,,,90000000,,27.62,,,,,,,,,,,,,,,,,,,,,,true,false,6,2022-04-01,2022-09-30,-1
2023-10-31,5603,2024-03-31,2,25840000000,-0.033,,,,,460000000,-0.430,370000000,-0.484,,310000000,,94.80,,,,,,,,,,,,,,,,,,,,,,true,true,12,2023-04-01,2024-03-31,0
2023-10-31,5603,2023-03-31,2,,,,,,,,,,,,,,,,,,,,32458000000,15036000000,0.364,3614.14,11817000000,,,,,,,,,,,,true,false,12,2022-04-01,2023-03-31,-1
2023-10-31,5603,2023-03-31,2,,,,,,,,,,,,,,,,,,,,,,,,,,,,,35.00,,,,3362163,92287,,false,false,12,2022-04-01,2023-03-31,-1
2023-10-31,5603,2024-03-31,2,,,,,,,,,,,,,,,,,,,,,,,,,,,,,0.00,,,,,,,false,false,12,2023-04-01,2024-03-31,0
2023-10-31,5603,2024-03-31,2,,,,,,,,,,,,,,,,,,,,,,,,,,,,,50.00,,,,,,,false,true,12,2023-04-01,2024-03-31,0
2023-10-31,5603,2024-03-31,2,,,,,,,,,,,,,,,,,,,,,,,,,,,,,,,,,3362163,92287,3269876,false,false,6,2023-04-01,2023-09-30,0
2023-10-31,5603,2023-03-31,2,,,,,,,,,,,,,,,,,,,,,,,,,,,,,,,,,,,3289854,false,false,6,2022-04-01,2022-09-30,-1
2024-01-31,5603,2024-03-31,3,19348000000,-0.012,,,,,568000000,0.086,491000000,0.065,,386000000,,118.30,,,,,,34283000000,16420000000,0.380,3982.56,13022000000,,,,,,,,,,,,true,false,9,2023-04-01,2023-12-31,0
2024-01-31,5603,2023-03-31,3,19576000000,0.173,,,,,522000000,,461000000,,,289000000,,88.24,,,,,,,,,,,,,,,,,,,,,,true,false,9,2022-04-01,2022-12-31,-1
2024-01-31,5603,2024-03-31,3,26100000000,-0.023,,,,,810000000,0.003,630000000,-0.121,,480000000,,146.79,,,,,,,,,,,,,,,,,,,,,,true,true,12,2023-04-01,2024-03-31,0
2024-01-31,5603,2023-03-31,3,,,,,,,,,,,,,,,,,,,,32458000000,15036000000,0.364,3614.14,11817000000,,,,,,,,,,,,true,false,12,2022-04-01,2023-03-31,-1
2024-01-31,5603,2023-03-31,3,,,,,,,,,,,,,,,,,,,,,,,,,,,,,35.00,,,,3362163,92287,,false,false,12,2022-04-01,2023-03-31,-1
2024-01-31,5603,2024-03-31,3,,,,,,,,,,,,,,,,,,,,,,,,,,,,,0.00,,,,,,,false,false,12,2023-04-01,2024-03-31,0
2024-01-31,5603,2024-03-31,3,,,,,,,,,,,,,,,,,,,,,,,,,,,,,60.00,,,,,,,false,true,12,2023-04-01,2024-03-31,0
2024-01-31,5603,2024-03-31,3,,,,,,,,,,,,,,,,,,,,,,,,,,,,,,,,,3362163,92287,3269876,false,false,9,2023-04-01,2023-12-31,0
2024-01-31,5603,2023-03-31,3,,,,,,,,,,,,,,,,,,,,,,,,,,,,,,,,,,,3283169,false,false,9,2022-04-01,2022-12-31,-1
2024-05-10,5603,2024-03-31,,25963000000,-0.029,,,,,786000000,-0.026,714000000,-0.002,,538000000,,164.66,,0.042,0.021,0.030,,35249000000,16843000000,0.384,4134.60,13519000000,-53000000,-1618000000,2199000000,2633000000,,0.364,,,,,,true,false,12,2023-04-01,2024-03-31,0
2024-05-10,5603,2023-03-31,,26726000000,0.156,,,,,807000000,4.231,716000000,6.995,,466000000,,142.34,,0.041,0.022,0.030,,32458000000,15036000000,0.364,3614.14,11817000000,-119000000,-1152000000,238000000,2091000000,,0.246,,,,,,true,false,12,2022-04-01,2023-03-31,-1
2024-05-10,5603,2025-03-31,,12700000000,0.009,,,,,230000000,-0.059,150000000,-0.219,,100000000,,30.58,,,,,,,,,,,,,,,,,,,,,,true,true,6,2024-04-01,2024-09-30,1
2024-05-10,5603,2025-03-31,,26230000000,0.010,,,,,690000000,-0.122,570000000,-0.203,,390000000,,119.27,,,,,,,,,,,,,,,,0.293,,,,,,true,true,12,2024-04-01,2025-03-31,1
2024-05-10,5603,2024-03-31,,19735000000,0.063,,,,,865000000,0.640,881000000,0.423,661000000,,0.503,202.38,,,,,,27476000000,11594000000,0.422,3545.75,11594000000,,,,,60.00,,,,3362163,92287,3269876,false,false,12,2023-04-01,2024-03-31,0
2024-05-10,5603,2023-03-31,,18572000000,0.144,,,,,528000000,3.734,619000000,2.635,440000000,,2.634,134.22,,,,,,24604000000,10228000000,0.416,3128.13,10228000000,,,,,35.00,,,,3362163,92287,3279892,false,false,12,2022-04-01,2023-03-31,-1
2024-05-10,5603,2025-03-31,,,,,,,,,,,,,,,,,,,,,,,,,,,,,,35.00,,,,,,,false,true,12,2024-04-01,2025-03-31,1
2024-07-31,5603,2025-03-31,1,6418000000,0.005,,,,,262000000,0.267,311000000,0.408,,37000000,,11.43,,,,,,33630000000,17124000000,0.405,4167.61,13627000000,,,,,,,,,,,,true,false,3,2024-04-01,2024-06-30,0
2024-07-31,5603,2024-03-31,1,6384000000,0.053,,,,,207000000,1.168,221000000,1.298,,157000000,,48.06,,,,,,,,,,,,,,,,,,,,,,true,false,3,2023-04-01,2023-06-30,-1
2024-07-31,5603,2025-03-31,1,13000000000,0.033,,,,,480000000,0.964,460000000,1.396,,250000000,,76.46,,,,,,,,,,,,,,,,,,,,,,true,true,6,2024-04-01,2024-09-30,0
2024-07-31,5603,2025-03-31,1,26230000000,0.010,,,,,840000000,0.068,780000000,0.091,,480000000,,146.80,,,,,,,,,,,,,,,,,,,,,,true,true,12,2024-04-01,2025-03-31,0
2024-07-31,5603,2024-03-31,1,,,,,,,,,,,,,,,,,,,,35249000000,16843000000,0.384,4134.60,13519000000,,,,,,,,,,,,true,false,12,2023-04-01,2024-03-31,-1
2024-07-31,5603,2024-03-31,1,,,,,,,,,,,,,,,,,,,,,,,,,,,,,60.00,,,,3362163,92287,,false,false,12,2023-04-01,2024-03-31,-1
2024-07-31,5603,2025-03-31,1,,,,,,,,,,,,,,,,,,,,,,,,,,,,,40.00,,,,,,,false,true,12,2024-04-01,2025-03-31,0
2024-07-31,5603,2025-03-31,1,,,,,,,,,,,,,,,,,,,,,,,,,,,,,,,,,3362163,92311,3269858,false,false,3,2024-04-01,2024-06-30,0
2024-07-31,5603,2024-03-31,1,,,,,,,,,,,,,,,,,,,,,,,,,,,,,,,,,,,3269876,false,false,3,2023-04-01,2023-06-30,-1
2024-10-30,5603,2025-03-31,2,12924000000,0.027,,,,,589000000,1.410,568000000,1.960,,211000000,,64.61,,,,,,33376000000,17421000000,0.411,4198.41,13728000000,,,,,,,,,,,,true,false,6,2024-04-01,2024-09-30,0
2024-10-30,5603,2024-03-31,2,12583000000,-0.005,,,,,244000000,0.216,191000000,0.236,,185000000,,56.59,,,,,,,,,,,,,,,,,,,,,,true,false,6,2023-04-01,2023-09-30,-1
2024-10-30,5603,2025-03-31,2,26230000000,0.010,,,,,840000000,0.068,780000000,0.091,,480000000,,146.80,,,,,,,,,,,,,,,,,,,,,,true,true,12,2024-04-01,2025-03-31,0
2024-10-30,5603,2024-03-31,2,,,,,,,,,,,,,,,,,,,,35249000000,16843000000,0.384,4134.60,13519000000,,,,,,,,,,,,true,false,12,2023-04-01,2024-03-31,-1
2024-10-30,5603,2024-03-31,2,,,,,,,,,,,,,,,,,,,,,,,,,,,,,60.00,,,,3362163,92287,,false,false,12,2023-04-01,2024-03-31,-1
2024-10-30,5603,2025-03-31,2,,,,,,,,,,,,,,,,,,,,,,,,,,,,,0.00,,,,,,,false,false,12,2024-04-01,2025-03-31,0
2024-10-30,5603,2025-03-31,2,,,,,,,,,,,,,,,,,,,,,,,,,,,,,40.00,,,,,,,false,true,12,2024-04-01,2025-03-31,0
2024-10-30,5603,2025-03-31,2,,,,,,,,,,,,,,,,,,,,,,,,,,,,,,,,,3362163,92311,3269855,false,false,6,2024-04-01,2024-09-30,0
2024-10-30,5603,2024-03-31,2,,,,,,,,,,,,,,,,,,,,,,,,,,,,,,,,,,,3269876,false,false,6,2023-04-01,2023-09-30,-1
2025-01-31,5603,2025-03-31,3,19535000000,0.010,,,,,950000000,0.673,977000000,0.988,,678000000,,207.45,,,,,,33520000000,17383000000,0.416,4261.38,13934000000,,,,,,,,,,,,true,false,9,2024-04-01,2024-12-31,0
2025-01-31,5603,2024-03-31,3,19348000000,-0.012,,,,,568000000,0.086,491000000,0.065,,386000000,,118.30,,,,,,,,,,,,,,,,,,,,,,true,false,9,2023-04-01,2023-12-31,-1
2025-01-31,5603,2025-03-31,3,26350000000,0.015,,,,,1100000000,0.399,1080000000,0.511,,730000000,,223.25,,,,,,,,,,,,,,,,,,,,,,true,true,12,2024-04-01,2025-03-31,0
2025-01-31,5603,2024-03-31,3,,,,,,,,,,,,,,,,,,,,35249000000,16843000000,0.384,4134.60,13519000000,,,,,,,,,,,,true,false,12,2023-04-01,2024-03-31,-1
2025-01-31,5603,2024-03-31,3,,,,,,,,,,,,,,,,,,,,,,,,,,,,,60.00,,,,3362163,92287,,false,false,12,2023-04-01,2024-03-31,-1
2025-01-31,5603,2025-03-31,3,,,,,,,,,,,,,,,,,,,,,,,,,,,,,0.00,,,,,,,false,false,12,2024-04-01,2025-03-31,0
2025-01-31,5603,2025-03-31,3,,,,,,,,,,,,,,,,,,,,,,,,,,,,,60.00,,,,,,,false,true,12,2024-04-01,2025-03-31,0
2025-01-31,5603,2025-03-31,3,,,,,,,,,,,,,,,,,,,,,,,,,,,,,,,,,3362163,92311,3269854,false,false,9,2024-04-01,2024-12-31,0
2025-01-31,5603,2024-03-31,3,,,,,,,,,,,,,,,,,,,,,,,,,,,,,,,,,,,3269876,false,false,9,2023-04-01,2023-12-31,-1
2025-05-08,5603,2025-03-31,,26317000000,0.014,,,,,1116000000,0.420,1132000000,0.584,,798000000,,244.22,,0.057,0.033,0.042,,33714000000,18048000000,0.426,4391.17,14358000000,4807000000,-1030000000,-3291000000,3158000000,,0.246,,,,,,true,false,12,2024-04-01,2025-03-31,0
2025-05-08,5603,2024-03-31,,25963000000,-0.029,,,,,786000000,-0.026,714000000,-0.002,,538000000,,164.66,,0.042,0.021,0.030,,35274000000,16843000000,0.383,4134.60,13519000000,-53000000,-1618000000,2199000000,2633000000,,0.364,,,,,,true,false,12,2023-04-01,2024-03-31,-1
2025-05-08,5603,2026-03-31,,12360000000,-0.044,,,,,220000000,-0.627,160000000,-0.718,,100000000,,30.58,,,,,,,,,,,,,,,,,,,,,,true,true,6,2025-04-01,2025-09-30,1
2025-05-08,5603,2026-03-31,,25640000000,-0.026,,,,,660000000,-0.409,530000000,-0.532,,340000000,,103.98,,,,,,,,,,,,,,,,0.337,,,,,,true,true,12,2025-04-01,2026-03-31,1
2025-05-08,5603,2025-03-31,,18159000000,-0.080,,,,,863000000,-0.003,915000000,0.038,694000000,,0.049,212.33,,,,,,24509000000,12009000000,0.490,3672.90,12009000000,,,,,60.00,,,,3362163,92311,3269854,false,false,12,2024-04-01,2025-03-31,0
2025-05-08,5603,2024-03-31,,19735000000,0.063,,,,,865000000,0.640,881000000,0.423,661000000,,0.503,202.38,,,,,,27476000000,11594000000,0.422,3545.75,11594000000,,,,,60.00,,,,3362163,92287,3269876,false,false,12,2023-04-01,2024-03-31,-1
2025-05-08,5603,2026-03-31,,,,,,,,,,,,,,,,,,,,,,,,,,,,,,35.00,,,,,,,false,true,12,2025-04-01,2026-03-31,1
2025-07-31,5603,2026-03-31,1,6186000000,-0.036,,,,,245000000,-0.070,289000000,-0.074,,205000000,,62.88,,,,,,33613000000,17666000000,0.420,4316.69,14114000000,,,,,,,,,,,,true,false,3,2025-04-01,2025-06-30,0
2025-07-31,5603,2025-03-31,1,6418000000,0.005,,,,,263000000,0.270,312000000,0.411,,38000000,,11.80,,,,,,,,,,,,,,,,,,,,,,true,false,3,2024-04-01,2024-06-30,-1
2025-07-31,5603,2026-03-31,1,12940000000,0.001,,,,,400000000,-0.323,360000000,-0.368,,250000000,,76.46,,,,,,,,,,,,,,,,,,,,,,true,true,6,2025-04-01,2025-09-30,0
2025-07-31,5603,2026-03-31,1,25640000000,-0.026,,,,,660000000,-0.409,530000000,-0.532,,340000000,,103.98,,,,,,,,,,,,,,,,,,,,,,true,true,12,2025-04-01,2026-03-31,0
2025-07-31,5603,2025-03-31,1,,,,,,,,,,,,,,,,,,,,33714000000,18048000000,0.426,4391.17,14358000000,,,,,,,,,,,,true,false,12,2024-04-01,2025-03-31,-1
2025-07-31,5603,2025-03-31,1,,,,,,,,,,,,,,,,,,,,,,,,,,,,,60.00,,,,3362163,92311,,false,false,12,2024-04-01,2025-03-31,-1
2025-07-31,5603,2026-03-31,1,,,,,,,,,,,,,,,,,,,,,,,,,,,,,35.00,,,,,,,false,true,12,2025-04-01,2026-03-31,0
2025-07-31,5603,2026-03-31,1,,,,,,,,,,,,,,,,,,,,,,,,,,,,,,,,,3362163,92311,3269852,false,false,3,2025-04-01,2025-06-30,0
2025-07-31,5603,2025-03-31,1,,,,,,,,,,,,,,,,,,,,,,,,,,,,,,,,,,,3269858,false,false,3,2024-04-01,2024-06-30,-1
