filing_date,code,fiscal_year_end,quarterly_period,net_sales,net_sales_change,revenue,revenue_change,operating_revenue,operating_revenue_change,operating_profit,operating_profit_change,ordinary_profit,ordinary_profit_change,net_income,net_income_of_parent,net_income_change,eps,diluted_eps,roe,roa,operating_profit_to_net_sales,operating_profit_to_revenue,total_assets,net_assets,equity_ratio,bps,owner_equity,operating_cash_flow,investing_cash_flow,financing_cash_flow,cash,dividend_per_share,payout_ratio,commemorative_dividend,extra_dividend,number_of_shares,number_of_treqsury_shares,avg_number_of_shares,is_consolidated,is_forecast,duration,period_start,period_end,period_pos
2015-07-29,56120,2016-03-31,1,2676000000,0.053,,,,,77000000,0.848,96000000,0.215,,54000000,,1.66,,,,,,19170000000,11723000000,0.602,350.47,11532000000,,,,,,,,,,,,true,false,3,2015-04-01,2015-06-30,0
2015-07-29,56120,2015-03-31,1,2542000000,-0.031,,,,,41000000,-0.747,78000000,-0.644,,57000000,,1.75,,,,,,,,,,,,,,,,,,,,,,true,false,3,2014-04-01,2014-06-30,-1
2015-07-29,56120,2016-03-31,1,7341000000,0.171,,,,,356000000,0.043,363000000,0.003,,218000000,,6.63,,,,,,,,,,,,,,,,,,,,,,true,true,6,2015-04-01,2015-09-30,0
2015-07-29,56120,2016-03-31,1,15870000000,0.167,,,,,1100000000,0.296,1100000000,0.246,,680000000,,20.67,,,,,,,,,,,,,,,,,,,,,,true,true,12,2015-04-01,2016-03-31,0
2015-07-29,56120,2015-03-31,1,,,,,,,,,,,,,,,,,,,,19402000000,11724000000,0.595,350.56,11535000000,,,,,,,,,,,,true,false,12,2014-04-01,2015-03-31,-1
2015-07-29,56120,2015-03-31,1,,,,,,,,,,,,,,,,,,,,,,,,,,,,,5.00,,,,32930749,25733,,false,false,12,2014-04-01,2015-03-31,-1
2015-07-29,56120,2016-03-31,1,,,,,,,,,,,,,,,,,,,,,,,,,,,,,,,,,32930749,26401,32904682,false,false,3,2015-04-01,2015-06-30,0
2015-07-29,56120,2015-03-31,1,,,,,,,,,,,,,,,,,,,,,,,,,,,,,,,,,,,32905740,false,false,3,2014-04-01,2014-06-30,-1
2015-09-29,56120,2016-03-31,,6290000000,-0.143,,,,,190000000,-0.466,200000000,-0.449,,100000000,,3.04,,,,,,,,,,,,,,,,,,,,,,true,true,6,2015-04-01,2015-09-30,0
2015-09-29,56120,2015-03-31,,6267000000,,,,,,341000000,,362000000,,,239000000,,7.29,,,,,,,,,,,,,,,,,,,,,,true,false,6,2014-04-01,2014-09-30,-1
2015-09-29,56120,2016-03-31,,14260000000,-0.101,,,,,580000000,-0.473,600000000,-0.455,,335000000,,10.18,,,,,,,,,,,,,,,,,,,,,,true,true,12,2015-04-01,2016-03-31,0
2015-09-29,56120,2015-03-31,,13604000000,,,,,,848000000,,882000000,,,566000000,,17.22,,,,,,,,,,,,,,,,,,,,,,true,false,12,2014-04-01,2015-03-31,-1
2015-10-26,56120,2016-03-31,2,6305000000,0.006,,,,,241000000,-0.294,249000000,-0.311,,148000000,,4.52,,,,,,19403000000,11807000000,0.598,352.88,11611000000,,,,,,,,,,,,true,false,6,2015-04-01,2015-09-30,0
2015-10-26,56120,2015-03-31,2,6267000000,-0.023,,,,,341000000,-0.431,362000000,-0.442,,239000000,,7.29,,,,,,,,,,,,,,,,,,,,,,true,false,6,2014-04-01,2014-09-30,-1
2015-10-26,56120,2016-03-31,2,14260000000,0.048,,,,,580000000,-0.316,600000000,-0.320,,335000000,,10.18,,,,,,,,,,,,,,,,,,,,,,true,true,12,2015-04-01,2016-03-31,0
2015-10-26,56120,2015-03-31,2,,,,,,,,,,,,,,,,,,,,19402000000,11724000000,0.595,350.56,11535000000,,,,,,,,,,,,true,false,12,2014-04-01,2015-03-31,-1
2015-10-26,56120,2015-03-31,2,,,,,,,,,,,,,,,,,,,,,,,,,,,,,5.00,,,,32930749,25733,,false,false,12,2014-04-01,2015-03-31,-1
2015-10-26,56120,2016-03-31,2,,,,,,,,,,,,,,,,,,,,,,,,,,,,,0.00,,,,,,,false,false,12,2015-04-01,2016-03-31,0
2015-10-26,56120,2016-03-31,2,,,,,,,,,,,,,,,,,,,,,,,,,,,,,,,,,32930749,26500,32904511,false,false,6,2015-04-01,2015-09-30,0
2015-10-26,56120,2015-03-31,2,,,,,,,,,,,,,,,,,,,,,,,,,,,,,,,,,,,32905431,false,false,6,2014-04-01,2014-09-30,-1
2016-01-28,56120,2016-03-31,3,10748000000,0.025,,,,,484000000,-0.342,491000000,-0.342,,300000000,,9.12,,,,,,19885000000,11969000000,0.592,357.61,11766000000,,,,,,,,,,,,true,false,9,2015-04-01,2015-12-31,0
2016-01-28,56120,2015-03-31,3,10481000000,-0.008,,,,,735000000,-0.315,748000000,-0.333,,484000000,,14.71,,,,,,,,,,,,,,,,,,,,,,true,false,9,2014-04-01,2014-12-31,-1
2016-01-28,56120,2016-03-31,3,14260000000,0.048,,,,,580000000,-0.316,600000000,-0.320,,335000000,,10.18,,,,,,,,,,,,,,,,,,,,,,true,true,12,2015-04-01,2016-03-31,0
2016-01-28,56120,2015-03-31,3,,,,,,,,,,,,,,,,,,,,19402000000,11724000000,0.595,350.56,11535000000,,,,,,,,,,,,true,false,12,2014-04-01,2015-03-31,-1
2016-01-28,56120,2015-03-31,3,,,,,,,,,,,,,,,,,,,,,,,,,,,,,5.00,,,,32930749,25733,,false,false,12,2014-04-01,2015-03-31,-1
2016-01-28,56120,2016-03-31,3,,,,,,,,,,,,,,,,,,,,,,,,,,,,,0.00,,,,,,,false,false,12,2015-04-01,2016-03-31,0
2016-01-28,56120,2016-03-31,3,,,,,,,,,,,,,,,,,,,,,,,,,,,,,3.00,,,,,,,false,true,12,2015-04-01,2016-03-31,0
2016-01-28,56120,2016-03-31,3,,,,,,,,,,,,,,,,,,,,,,,,,,,,,,,,,32930749,26500,32904432,false,false,9,2015-04-01,2015-12-31,0
2016-01-28,56120,2015-03-31,3,,,,,,,,,,,,,,,,,,,,,,,,,,,,,,,,,,,32905307,false,false,9,2014-04-01,2014-12-31,-1
,56120,2016-03-31,,,,,,,,,,,,,,,,,,,,,,,,,,,,,,3.00,,,,,,,false,true,12,2015-04-01,2016-03-31,0
,56120,2016-03-31,,,,,,,,,,,,,,,,,,,,,,,,,,,,,,0.00,,,,,,,false,false,12,2015-04-01,2016-03-31,0
,56120,2015-03-31,,,,,,,,,,,,,,,,,,,,,,,,,,,,,,5.00,,,,,,,false,false,12,2014-04-01,2015-03-31,-1
2016-04-28,56120,2016-03-31,,14047000000,0.033,,,,,624000000,-0.264,636000000,-0.279,,389000000,,11.85,,0.034,0.033,0.044,,19329000000,11560000000,0.587,345.04,11353000000,1205000000,-811000000,-251000000,2393000000,,0.253,,,,,,true,false,12,2015-04-01,2016-03-31,0
2016-04-28,56120,2015-03-31,,13604000000,-0.033,,,,,848000000,-0.355,882000000,-0.360,,566000000,,17.22,,0.051,0.046,0.062,,19402000000,11724000000,0.595,350.56,11535000000,2006000000,-1202000000,-125000000,2250000000,,0.290,,,,,,true,false,12,2014-04-01,2015-03-31,-1
2016-04-28,56120,2017-03-31,,6800000000,0.078,,,,,100000000,-0.585,110000000,-0.559,,47000000,,1.43,,,,,,,,,,,,,,,,,,,,,,true,true,6,2016-04-01,2016-09-30,1
2016-04-28,56120,2017-03-31,,15000000000,0.068,,,,,620000000,-0.008,640000000,0.006,,390000000,,11.85,,,,,,,,,,,,,,,,,,,,,,true,true,12,2016-04-01,2017-03-31,1
2016-04-28,56120,2016-03-31,,10711000000,-0.052,,,,,371000000,-0.433,424000000,-0.434,286000000,,-0.631,8.70,,,,,,17351000000,10946000000,0.631,332.68,10946000000,,,,,3.00,,,,32930749,27142,32904242,false,false,12,2015-04-01,2016-03-31,0
2016-04-28,56120,2015-03-31,,11303000000,-0.072,,,,,655000000,-0.407,749000000,-0.365,775000000,,0.066,23.58,,,,,,17762000000,10739000000,0.605,326.39,10739000000,,,,,5.00,,,,32930749,25733,32905240,false,false,12,2014-04-01,2015-03-31,-1
2016-04-28,56120,2017-03-31,,,,,,,,,,,,,,,,,,,,,,,,,,,,,,0.00,,,,,,,false,true,12,2016-04-01,2017-03-31,1
2016-07-27,56120,2017-03-31,1,2967000000,0.109,,,,,116000000,0.505,119000000,0.250,,69000000,,2.10,,,,,,19131000000,11546000000,0.592,344.48,11334000000,,,,,,,,,,,,true,false,3,2016-04-01,2016-06-30,0
2016-07-27,56120,2016-03-31,1,2676000000,0.053,,,,,77000000,0.848,96000000,0.215,,54000000,,1.66,,,,,,,,,,,,,,,,,,,,,,true,false,3,2015-04-01,2015-06-30,-1
2016-07-27,56120,2017-03-31,1,6800000000,0.078,,,,,100000000,-0.585,110000000,-0.559,,47000000,,1.43,,,,,,,,,,,,,,,,,,,,,,true,true,6,2016-04-01,2016-09-30,0
2016-07-27,56120,2017-03-31,1,15000000000,0.068,,,,,620000000,-0.008,640000000,0.006,,390000000,,11.85,,,,,,,,,,,,,,,,,,,,,,true,true,12,2016-04-01,2017-03-31,0
2016-07-27,56120,2016-03-31,1,,,,,,,,,,,,,,,,,,,,19329000000,11560000000,0.587,345.04,11353000000,,,,,,,,,,,,true,false,12,2015-04-01,2016-03-31,-1
2016-07-27,56120,2016-03-31,1,,,,,,,,,,,,,,,,,,,,,,,,,,,,,3.00,,,,32930749,27142,,false,false,12,2015-04-01,2016-03-31,-1
2016-07-27,56120,2017-03-31,1,,,,,,,,,,,,,,,,,,,,,,,,,,,,,0.00,,,,,,,false,true,12,2016-04-01,2017-03-31,0
2016-07-27,56120,2017-03-31,1,,,,,,,,,,,,,,,,,,,,,,,,,,,,,,,,,32930749,27142,32903607,false,false,3,2016-04-01,2016-06-30,0
2016-07-27,56120,2016-03-31,1,,,,,,,,,,,,,,,,,,,,,,,,,,,,,,,,,,,32904682,false,false,3,2015-04-01,2015-06-30,-1
2016-10-24,56120,2017-03-31,,6654000000,-0.021,,,,,292000000,1.922,289000000,1.629,,179000000,,5.46,,,,,,,,,,,,,,,,,,,,,,true,true,6,2016-04-01,2016-09-30,0
2016-10-24,56120,2016-03-31,,6305000000,,,,,,241000000,,249000000,,,148000000,,4.52,,,,,,,,,,,,,,,,,,,,,,true,false,6,2015-04-01,2015-09-30,-1
2016-10-31,56120,2017-03-31,2,6654000000,0.055,,,,,292000000,0.211,289000000,0.159,,179000000,,5.46,,,,,,19275000000,11681000000,0.595,348.45,11465000000,,,,,,,,,,,,true,false,6,2016-04-01,2016-09-30,0
2016-10-31,56120,2016-03-31,2,6305000000,0.006,,,,,241000000,-0.294,249000000,-0.311,,148000000,,4.52,,,,,,,,,,,,,,,,,,,,,,true,false,6,2015-04-01,2015-09-30,-1
2016-10-31,56120,2017-03-31,2,15000000000,0.068,,,,,620000000,-0.008,640000000,0.006,,390000000,,11.85,,,,,,,,,,,,,,,,,,,,,,true,true,12,2016-04-01,2017-03-31,0
2016-10-31,56120,2016-03-31,2,,,,,,,,,,,,,,,,,,,,19329000000,11560000000,0.587,345.04,11353000000,,,,,,,,,,,,true,false,12,2015-04-01,2016-03-31,-1
2016-10-31,56120,2016-03-31,2,,,,,,,,,,,,,,,,,,,,,,,,,,,,,3.00,,,,32930749,27142,,false,false,12,2015-04-01,2016-03-31,-1
2016-10-31,56120,2017-03-31,2,,,,,,,,,,,,,,,,,,,,,,,,,,,,,0.00,,,,,,,false,false,12,2016-04-01,2017-03-31,0
2016-10-31,56120,2017-03-31,2,,,,,,,,,,,,,,,,,,,,,,,,,,,,,,,,,32930749,27744,32903521,false,false,6,2016-04-01,2016-09-30,0
2016-10-31,56120,2016-03-31,2,,,,,,,,,,,,,,,,,,,,,,,,,,,,,,,,,,,32904511,false,false,6,2015-04-01,2015-09-30,-1
2017-01-27,56120,2017-03-31,3,10747000000,-0.000,,,,,558000000,0.154,557000000,0.134,,354000000,,10.77,,,,,,19716000000,11886000000,0.592,354.51,11664000000,,,,,,,,,,,,true,false,9,2016-04-01,2016-12-31,0
2017-01-27,56120,2016-03-31,3,10748000000,0.025,,,,,484000000,-0.342,491000000,-0.342,,300000000,,9.12,,,,,,,,,,,,,,,,,,,,,,true,false,9,2015-04-01,2015-12-31,-1
2017-01-27,56120,2017-03-31,3,15000000000,0.068,,,,,620000000,-0.008,640000000,0.006,,390000000,,11.85,,,,,,,,,,,,,,,,,,,,,,true,true,12,2016-04-01,2017-03-31,0
2017-01-27,56120,2016-03-31,3,,,,,,,,,,,,,,,,,,,,19329000000,11560000000,0.587,345.04,11353000000,,,,,,,,,,,,true,false,12,2015-04-01,2016-03-31,-1
2017-01-27,56120,2016-03-31,3,,,,,,,,,,,,,,,,,,,,,,,,,,,,,3.00,,,,32930749,27142,,false,false,12,2015-04-01,2016-03-31,-1
2017-01-27,56120,2017-03-31,3,,,,,,,,,,,,,,,,,,,,,,,,,,,,,0.00,,,,,,,false,false,12,2016-04-01,2017-03-31,0
2017-01-27,56120,2017-03-31,3,,,,,,,,,,,,,,,,,,,,,,,,,,,,,3.00,,,,,,,false,true,12,2016-04-01,2017-03-31,0
2017-01-27,56120,2017-03-31,3,,,,,,,,,,,,,,,,,,,,,,,,,,,,,,,,,32930749,27744,32903366,false,false,9,2016-04-01,2016-12-31,0
2017-01-27,56120,2016-03-31,3,,,,,,,,,,,,,,,,,,,,,,,,,,,,,,,,,,,32904432,false,false,9,2015-04-01,2015-12-31,-1
,56120,2017-03-31,,,,,,,,,,,,,,,,,,,,,,,,,,,,,,3.00,,,,,,,false,true,12,2016-04-01,2017-03-31,0
,56120,2017-03-31,,,,,,,,,,,,,,,,,,,,,,,,,,,,,,0.00,,,,,,,false,false,12,2016-04-01,2017-03-31,0
,56120,2016-03-31,,,,,,,,,,,,,,,,,,,,,,,,,,,,,,3.00,,,,,,,false,false,12,2015-04-01,2016-03-31,-1
2017-03-29,56120,2017-03-31,,13560000000,-0.096,,,,,520000000,-0.161,550000000,-0.141,,320000000,,9.73,,,,,,,,,,,,,,,,,,,,,,true,true,12,2016-04-01,2017-03-31,0
2017-03-29,56120,2016-03-31,,14047000000,,,,,,624000000,,636000000,,,389000000,,11.85,,,,,,,,,,,,,,,,,,,,,,true,false,12,2015-04-01,2016-03-31,-1
2017-04-26,56120,2017-03-31,,13775000000,-0.019,,,,,575000000,-0.079,599000000,-0.057,,362000000,,11.00,,0.031,0.031,0.042,,19552000000,11946000000,0.599,356.22,11720000000,996000000,-592000000,-232000000,2564000000,,0.273,,,,,,true,false,12,2016-04-01,2017-03-31,0
2017-04-26,56120,2016-03-31,,14047000000,0.033,,,,,624000000,-0.264,636000000,-0.279,,389000000,,11.85,,0.034,0.033,0.044,,19329000000,11560000000,0.587,345.04,11353000000,1205000000,-811000000,-251000000,2393000000,,0.253,,,,,,true,false,12,2015-04-01,2016-03-31,-1
2017-04-26,56120,2018-03-31,,6550000000,-0.016,,,,,110000000,-0.623,120000000,-0.585,,50000000,,1.52,,,,,,,,,,,,,,,,,,,,,,true,true,6,2017-04-01,2017-09-30,1
2017-04-26,56120,2018-03-31,,14500000000,0.053,,,,,530000000,-0.079,550000000,-0.083,,310000000,,9.42,,,,,,,,,,,,,,,,,,,,,,true,true,12,2017-04-01,2018-03-31,1
2017-04-26,56120,2017-03-31,,10377000000,-0.031,,,,,272000000,-0.269,323000000,-0.239,218000000,,-0.238,6.63,,,,,,17509000000,11073000000,0.632,336.56,11073000000,,,,,3.00,,,,32930749,27744,32903283,false,false,12,2016-04-01,2017-03-31,0
2017-04-26,56120,2016-03-31,,10711000000,-0.052,,,,,371000000,-0.433,424000000,-0.434,286000000,,-0.631,8.70,,,,,,17351000000,10946000000,0.631,332.68,10946000000,,,,,3.00,,,,32930749,27142,32904242,false,false,12,2015-04-01,2016-03-31,-1
2017-04-26,56120,2018-03-31,,,,,,,,,,,,,,,,,,,,,,,,,,,,,,0.00,,,,,,,false,true,12,2017-04-01,2018-03-31,1
2017-07-31,56120,2018-03-31,1,2721000000,-0.083,,,,,-13000000,,7000000,-0.940,,-6000000,,-0.19,,,,,,19198000000,11860000000,0.606,353.56,11633000000,,,,,,,,,,,,true,false,3,2017-04-01,2017-06-30,0
2017-07-31,56120,2017-03-31,1,2967000000,0.109,,,,,116000000,0.505,119000000,0.250,,69000000,,2.10,,,,,,,,,,,,,,,,,,,,,,true,false,3,2016-04-01,2016-06-30,-1
2017-07-31,56120,2018-03-31,1,6550000000,-0.016,,,,,110000000,-0.623,120000000,-0.585,,50000000,,1.52,,,,,,,,,,,,,,,,,,,,,,true,true,6,2017-04-01,2017-09-30,0
2017-07-31,56120,2018-03-31,1,14500000000,0.053,,,,,530000000,-0.079,550000000,-0.083,,310000000,,9.42,,,,,,,,,,,,,,,,,,,,,,true,true,12,2017-04-01,2018-03-31,0
2017-07-31,56120,2017-03-31,1,,,,,,,,,,,,,,,,,,,,19552000000,11946000000,0.599,356.22,11720000000,,,,,,,,,,,,true,false,12,2016-04-01,2017-03-31,-1
2017-07-31,56120,2017-03-31,1,,,,,,,,,,,,,,,,,,,,,,,,,,,,,3.00,,,,32930749,27744,,false,false,12,2016-04-01,2017-03-31,-1
2017-07-31,56120,2018-03-31,1,,,,,,,,,,,,,,,,,,,,,,,,,,,,,0.00,,,,,,,false,true,12,2017-04-01,2018-03-31,0
2017-07-31,56120,2018-03-31,1,,,,,,,,,,,,,,,,,,,,,,,,,,,,,,,,,32930749,27744,32903005,false,false,3,2017-04-01,2017-06-30,0
2017-07-31,56120,2017-03-31,1,,,,,,,,,,,,,,,,,,,,,,,,,,,,,,,,,,,32903607,false,false,3,2016-04-01,2016-06-30,-1
2017-10-30,56120,2018-03-31,2,6342000000,-0.047,,,,,15000000,-0.946,37000000,-0.870,,9000000,,0.29,,,,,,19232000000,11898000000,0.607,354.56,11665000000,,,,,,,,,,,,true,false,6,2017-04-01,2017-09-30,0
2017-10-30,56120,2017-03-31,2,6654000000,0.055,,,,,292000000,0.211,289000000,0.159,,179000000,,5.46,,,,,,,,,,,,,,,,,,,,,,true,false,6,2016-04-01,2016-09-30,-1
2017-10-30,56120,2018-03-31,2,14500000000,0.053,,,,,530000000,-0.079,550000000,-0.083,,310000000,,9.42,,,,,,,,,,,,,,,,,,,,,,true,true,12,2017-04-01,2018-03-31,0
2017-10-30,56120,2017-03-31,2,,,,,,,,,,,,,,,,,,,,19552000000,11946000000,0.599,356.22,11720000000,,,,,,,,,,,,true,false,12,2016-04-01,2017-03-31,-1
2017-10-30,56120,2017-03-31,2,,,,,,,,,,,,,,,,,,,,,,,,,,,,,3.00,,,,32930749,27744,,false,false,12,2016-04-01,2017-03-31,-1
2017-10-30,56120,2018-03-31,2,,,,,,,,,,,,,,,,,,,,,,,,,,,,,0.00,,,,,,,false,false,12,2017-04-01,2018-03-31,0
2017-10-30,56120,2018-03-31,2,,,,,,,,,,,,,,,,,,,,,,,,,,,,,,,,,32930749,28167,32902945,false,false,6,2017-04-01,2017-09-30,0
2017-10-30,56120,2017-03-31,2,,,,,,,,,,,,,,,,,,,,,,,,,,,,,,,,,,,32903521,false,false,6,2016-04-01,2016-09-30,-1
2018-01-26,56120,2018-03-31,3,10358000000,-0.036,,,,,114000000,-0.794,141000000,-0.746,,47000000,,1.45,,,,,,19735000000,11963000000,0.594,356.38,11725000000,,,,,,,,,,,,true,false,9,2017-04-01,2017-12-31,0
2018-01-26,56120,2017-03-31,3,10747000000,-0.000,,,,,558000000,0.154,557000000,0.134,,354000000,,10.77,,,,,,,,,,,,,,,,,,,,,,true,false,9,2016-04-01,2016-12-31,-1
2018-01-26,56120,2018-03-31,3,14200000000,0.031,,,,,80000000,-0.861,100000000,-0.833,,10000000,,0.30,,,,,,,,,,,,,,,,,,,,,,true,true,12,2017-04-01,2018-03-31,0
2018-01-26,56120,2017-03-31,3,,,,,,,,,,,,,,,,,,,,19552000000,11946000000,0.599,356.22,11720000000,,,,,,,,,,,,true,false,12,2016-04-01,2017-03-31,-1
2018-01-26,56120,2017-03-31,3,,,,,,,,,,,,,,,,,,,,,,,,,,,,,0.00,,,,32930749,27744,,false,false,12,2016-04-01,2017-03-31,-1
2018-01-26,56120,2018-03-31,3,,,,,,,,,,,,,,,,,,,,,,,,,,,,,0.00,,,,,,,false,false,12,2017-04-01,2018-03-31,0
2018-01-26,56120,2018-03-31,3,,,,,,,,,,,,,,,,,,,,,,,,,,,,,2.00,,,,,,,false,true,12,2017-04-01,2018-03-31,0
2018-01-26,56120,2018-03-31,3,,,,,,,,,,,,,,,,,,,,,,,,,,,,,,,,,32930749,28499,32902803,false,false,9,2017-04-01,2017-12-31,0
2018-01-26,56120,2017-03-31,3,,,,,,,,,,,,,,,,,,,,,,,,,,,,,,,,,,,32903366,false,false,9,2016-04-01,2016-12-31,-1
2018-01-26,56120,2018-03-31,,14200000000,-0.021,,,,,80000000,-0.849,100000000,-0.818,,10000000,,0.30,,,,,,,,,,,,,,,,,,,,,,true,true,12,2017-04-01,2018-03-31,0
2018-01-26,56120,2017-03-31,,13775000000,,,,,,575000000,,599000000,,,362000000,,11.00,,,,,,,,,,,,,,,,,,,,,,true,false,12,2016-04-01,2017-03-31,-1
2018-01-26,56120,2018-03-31,,,,,,,,,,,,,,,,,,,,,,,,,,,,,,2.00,,,,,,,false,true,12,2017-04-01,2018-03-31,0
2018-01-26,56120,2018-03-31,,,,,,,,,,,,,,,,,,,,,,,,,,,,,,0.00,,,,,,,false,false,12,2017-04-01,2018-03-31,0
2018-01-26,56120,2017-03-31,,,,,,,,,,,,,,,,,,,,,,,,,,,,,,3.00,,,,,,,false,false,12,2016-04-01,2017-03-31,-1
2018-03-28,56120,2018-03-31,,13200000000,-0.070,,,,,60000000,-0.250,90000000,-0.100,,-60000000,,-1.82,,,,,,,,,,,,,,,,,,,,,,true,true,12,2017-04-01,2018-03-31,0
2018-03-28,56120,2017-03-31,,13775000000,,,,,,575000000,,599000000,,,362000000,,11.00,,,,,,,,,,,,,,,,,,,,,,true,false,12,2016-04-01,2017-03-31,-1
2018-04-25,56120,2018-03-31,,12983000000,-0.016,,,,,63000000,0.050,109000000,0.219,,-35000000,,-1.07,,,,,,,,,,,,,,,,,,,,,,true,true,12,2017-04-01,2018-03-31,0
2018-04-25,56120,2017-03-31,,13775000000,,,,,,575000000,,599000000,,,362000000,,11.00,,,,,,,,,,,,,,,,,,,,,,true,false,12,2016-04-01,2017-03-31,-1
2018-04-26,56120,2018-03-31,,12983000000,-0.057,,,,,63000000,-0.891,109000000,-0.817,,-35000000,,-1.07,,-0.003,0.006,0.005,,19636000000,11977000000,0.598,356.65,11734000000,1337000000,-750000000,-162000000,2988000000,,,,,,,,true,false,12,2017-04-01,2018-03-31,0
2018-04-26,56120,2017-03-31,,13775000000,-0.019,,,,,575000000,-0.079,599000000,-0.057,,362000000,,11.00,,0.031,0.031,0.042,,19552000000,11946000000,0.599,356.22,11720000000,996000000,-592000000,-232000000,2564000000,,0.273,,,,,,true,false,12,2016-04-01,2017-03-31,-1
2018-04-26,56120,2019-03-31,,13300000000,0.024,,,,,-20000000,,10000000,-0.909,,-50000000,,-1.52,,,,,,,,,,,,,,,,,,,,,,true,true,12,2018-04-01,2019-03-31,1
2018-04-26,56120,2018-03-31,,9708000000,-0.064,,,,,-249000000,,-101000000,,-98000000,,,-3.01,,,,,,17499000000,10875000000,0.621,330.56,10875000000,,,,,2.00,,,,32930749,29320,32902612,false,false,12,2017-04-01,2018-03-31,0
2018-04-26,56120,2017-03-31,,10377000000,-0.031,,,,,272000000,-0.269,323000000,-0.239,218000000,,-0.238,6.63,,,,,,17509000000,11073000000,0.632,336.56,11073000000,,,,,3.00,,,,32930749,27744,32903283,false,false,12,2016-04-01,2017-03-31,-1
2018-04-26,56120,2019-03-31,,,,,,,,,,,,,,,,,,,,,,,,,,,,,,0.00,,,,,,,false,true,12,2018-04-01,2019-03-31,1
2018-07-31,56120,2019-03-31,1,2503000000,-0.080,,,,,-104000000,,-79000000,,,-69000000,,-2.10,,,,,,19194000000,11851000000,0.605,352.74,11605000000,,,,,,,,,,,,true,false,3,2018-04-01,2018-06-30,0
2018-07-31,56120,2018-03-31,1,2721000000,-0.083,,,,,-13000000,,7000000,-0.940,,-6000000,,-0.19,,,,,,,,,,,,,,,,,,,,,,true,false,3,2017-04-01,2017-06-30,-1
2018-07-31,56120,2019-03-31,1,13300000000,0.024,,,,,-20000000,,10000000,-0.909,,-50000000,,-1.52,,,,,,,,,,,,,,,,,,,,,,true,true,12,2018-04-01,2019-03-31,0
2018-07-31,56120,2018-03-31,1,,,,,,,,,,,,,,,,,,,,19601000000,11977000000,0.599,356.65,11734000000,,,,,,,,,,,,true,false,12,2017-04-01,2018-03-31,-1
2018-07-31,56120,2018-03-31,1,,,,,,,,,,,,,,,,,,,,,,,,,,,,,2.00,,,,32930749,29320,,false,false,12,2017-04-01,2018-03-31,-1
2018-07-31,56120,2019-03-31,1,,,,,,,,,,,,,,,,,,,,,,,,,,,,,0.00,,,,,,,false,true,12,2018-04-01,2019-03-31,0
2018-07-31,56120,2019-03-31,1,,,,,,,,,,,,,,,,,,,,,,,,,,,,,,,,,32930749,29321,32901428,false,false,3,2018-04-01,2018-06-30,0
2018-07-31,56120,2018-03-31,1,,,,,,,,,,,,,,,,,,,,,,,,,,,,,,,,,,,32903005,false,false,3,2017-04-01,2017-06-30,-1
2018-10-31,56120,2019-03-31,2,5807000000,-0.084,,,,,-168000000,,-146000000,,,-127000000,,-3.87,,,,,,19249000000,11811000000,0.601,351.34,11559000000,,,,,,,,,,,,true,false,6,2018-04-01,2018-09-30,0
2018-10-31,56120,2018-03-31,2,6342000000,-0.047,,,,,15000000,-0.946,37000000,-0.870,,9000000,,0.29,,,,,,,,,,,,,,,,,,,,,,true,false,6,2017-04-01,2017-09-30,-1
2018-10-31,56120,2019-03-31,2,13300000000,0.024,,,,,-20000000,,10000000,-0.909,,-50000000,,-1.52,,,,,,,,,,,,,,,,,,,,,,true,true,12,2018-04-01,2019-03-31,0
2018-10-31,56120,2018-03-31,2,,,,,,,,,,,,,,,,,,,,19601000000,11977000000,0.599,356.65,11734000000,,,,,,,,,,,,true,false,12,2017-04-01,2018-03-31,-1
2018-10-31,56120,2018-03-31,2,,,,,,,,,,,,,,,,,,,,,,,,,,,,,2.00,,,,32930749,29320,,false,false,12,2017-04-01,2018-03-31,-1
2018-10-31,56120,2019-03-31,2,,,,,,,,,,,,,,,,,,,,,,,,,,,,,0.00,,,,,,,false,false,12,2018-04-01,2019-03-31,0
2018-10-31,56120,2019-03-31,2,,,,,,,,,,,,,,,,,,,,,,,,,,,,,,,,,32930749,29732,32901369,false,false,6,2018-04-01,2018-09-30,0
2018-10-31,56120,2018-03-31,2,,,,,,,,,,,,,,,,,,,,,,,,,,,,,,,,,,,32902945,false,false,6,2017-04-01,2017-09-30,-1
2019-01-28,56120,2019-03-31,3,10000000000,-0.035,,,,,-279000000,,-251000000,,,-3819000000,,-1160.84,,,,,,16388000000,8120000000,0.480,2390.42,7864000000,,,,,,,,,,,,true,false,9,2018-04-01,2018-12-31,0
2019-01-28,56120,2018-03-31,3,10358000000,-0.036,,,,,114000000,-0.794,141000000,-0.746,,47000000,,14.51,,,,,,,,,,,,,,,,,,,,,,true,false,9,2017-04-01,2017-12-31,-1
2019-01-28,56120,2019-03-31,3,12800000000,-0.014,,,,,-750000000,,-720000000,,,-4050000000,,-1230.96,,,,,,,,,,,,,,,,,,,,,,true,true,12,2018-04-01,2019-03-31,0
2019-01-28,56120,2018-03-31,3,,,,,,,,,,,,,,,,,,,,19601000000,11977000000,0.599,3566.51,11734000000,,,,,,,,,,,,true,false,12,2017-04-01,2018-03-31,-1
2019-01-28,56120,2018-03-31,3,,,,,,,,,,,,,,,,,,,,,,,,,,,,,2.00,,,,3293074,2930,,false,false,12,2017-04-01,2018-03-31,-1
2019-01-28,56120,2019-03-31,3,,,,,,,,,,,,,,,,,,,,,,,,,,,,,0.00,,,,,,,false,false,12,2018-04-01,2019-03-31,0
2019-01-28,56120,2019-03-31,3,,,,,,,,,,,,,,,,,,,,,,,,,,,,,0.00,,,,,,,false,true,12,2018-04-01,2019-03-31,0
2019-01-28,56120,2019-03-31,3,,,,,,,,,,,,,,,,,,,,,,,,,,,,,,,,,3293074,3035,3290108,false,false,9,2018-04-01,2018-12-31,0
2019-01-28,56120,2018-03-31,3,,,,,,,,,,,,,,,,,,,,,,,,,,,,,,,,,,,3290281,false,false,9,2017-04-01,2017-12-31,-1
2019-01-30,56120,2019-03-31,,9300000000,,,,,,-970000000,,-890000000,,-4100000000,,,-1246.16,,,,,,,,,,,,,,,,,,,,,,false,true,12,2018-04-01,2019-03-31,0
2019-01-30,56120,2018-03-31,,9708000000,,,,,,-249000000,,-101000000,,-98000000,,,-30.08,,,,,,,,,,,,,,,,,,,,,,false,false,12,2017-04-01,2018-03-31,-1
2019-04-25,56120,2019-03-31,,12877000000,-0.008,,,,,-1041000000,,-1020000000,,,-4733000000,,-1438.59,,,-0.058,-0.081,,15309000000,7245000000,0.456,2122.91,6984000000,448000000,-925000000,370000000,2881000000,,,,,,,,true,false,12,2018-04-01,2019-03-31,0
2019-04-25,56120,2018-03-31,,12983000000,-0.057,,,,,63000000,-0.891,109000000,-0.817,,-35000000,,-10.66,,,0.006,0.005,,19601000000,11977000000,0.599,3566.51,11734000000,1337000000,-750000000,-162000000,2988000000,,,,,,,,true,false,12,2017-04-01,2018-03-31,-1
2019-04-25,56120,2019-03-31,,9265000000,-0.046,,,,,-1287000000,,-1224000000,,-4831000000,,,-1468.48,,,,,,12754000000,5973000000,0.468,1815.66,5973000000,,,,,0.00,,,,3293074,3099,3290081,false,false,12,2018-04-01,2019-03-31,0
2019-04-25,56120,2018-03-31,,9708000000,-0.064,,,,,-249000000,,-101000000,,-98000000,,,-30.08,,,,,,17425000000,10875000000,0.624,3305.57,10875000000,,,,,2.00,,,,3293074,2932,3290260,false,false,12,2017-04-01,2018-03-31,-1
2019-04-25,56120,2020-03-31,,,,,,,,,,,,,,,,,,,,,,,,,,,,,,0.00,,,,,,,false,true,12,2019-04-01,2020-03-31,1
2019-07-31,56120,2020-03-31,1,2592000000,0.035,,,,,70000000,,91000000,,,69000000,,21.10,,,,,,15228000000,7272000000,0.460,2130.85,7010000000,,,,,,,,,,,,true,false,3,2019-04-01,2019-06-30,0
2019-07-31,56120,2019-03-31,1,2503000000,-0.080,,,,,-104000000,,-79000000,,,-69000000,,-20.99,,,,,,,,,,,,,,,,,,,,,,true,false,3,2018-04-01,2018-06-30,-1
2019-07-31,56120,2020-03-31,1,12940000000,0.005,,,,,210000000,,220000000,,,150000000,,45.59,,,,,,,,,,,,,,,,,,,,,,true,true,12,2019-04-01,2020-03-31,0
2019-07-31,56120,2019-03-31,1,,,,,,,,,,,,,,,,,,,,15309000000,7245000000,0.456,2122.91,6984000000,,,,,,,,,,,,true,false,12,2018-04-01,2019-03-31,-1
2019-07-31,56120,2019-03-31,1,,,,,,,,,,,,,,,,,,,,,,,,,,,,,0.00,,,,3293074,3099,,false,false,12,2018-04-01,2019-03-31,-1
2019-07-31,56120,2020-03-31,1,,,,,,,,,,,,,,,,,,,,,,,,,,,,,20.00,,,,,,,false,true,12,2019-04-01,2020-03-31,0
2019-07-31,56120,2020-03-31,1,,,,,,,,,,,,,,,,,,,,,,,,,,,,,,,,,3293074,3099,3289975,false,false,3,2019-04-01,2019-06-30,0
2019-07-31,56120,2019-03-31,1,,,,,,,,,,,,,,,,,,,,,,,,,,,,,,,,,,,3290142,false,false,3,2018-04-01,2018-06-30,-1
2019-07-31,56120,2020-03-31,,12940000000,,,,,,210000000,,220000000,,150000000,,,45.59,,,,,,,,,,,,,,,,,,,,,,true,true,12,2019-04-01,2020-03-31,0
2019-07-31,56120,2019-03-31,,12877000000,,,,,,-1041000000,,-1020000000,,-4733000000,,,-1438.59,,,,,,,,,,,,,,,,,,,,,,true,false,12,2018-04-01,2019-03-31,-1
2019-07-31,56120,2020-03-31,,,,,,,,,,,,,,,,,,,,,,,,,,,,,,20.00,,,,,,,false,true,12,2019-04-01,2020-03-31,0
2019-07-31,56120,2019-03-31,,,,,,,,,,,,,,,,,,,,,,,,,,,,,,0.00,,,,,,,false,false,12,2018-04-01,2019-03-31,-1
2019-10-28,56120,2020-03-31,2,6377000000,0.098,,,,,257000000,,273000000,,,219000000,,66.71,,,,,,15523000000,7432000000,0.462,2178.39,7166000000,,,,,,,,,,,,true,false,6,2019-04-01,2019-09-30,0
2019-10-28,56120,2019-03-31,2,5807000000,-0.084,,,,,-168000000,,-146000000,,,-127000000,,-38.71,,,,,,,,,,,,,,,,,,,,,,true,false,6,2018-04-01,2018-09-30,-1
2019-10-28,56120,2020-03-31,2,12940000000,0.005,,,,,210000000,,220000000,,,150000000,,45.59,,,,,,,,,,,,,,,,,,,,,,true,true,12,2019-04-01,2020-03-31,0
2019-10-28,56120,2019-03-31,2,,,,,,,,,,,,,,,,,,,,15309000000,7245000000,0.456,2122.91,6984000000,,,,,,,,,,,,true,false,12,2018-04-01,2019-03-31,-1
2019-10-28,56120,2019-03-31,2,,,,,,,,,,,,,,,,,,,,,,,,,,,,,0.00,,,,3293074,3099,,false,false,12,2018-04-01,2019-03-31,-1
2019-10-28,56120,2020-03-31,2,,,,,,,,,,,,,,,,,,,,,,,,,,,,,0.00,,,,,,,false,false,12,2019-04-01,2020-03-31,0
2019-10-28,56120,2020-03-31,2,,,,,,,,,,,,,,,,,,,,,,,,,,,,,20.00,,,,,,,false,true,12,2019-04-01,2020-03-31,0
2019-10-28,56120,2020-03-31,2,,,,,,,,,,,,,,,,,,,,,,,,,,,,,,,,,3293074,3099,3289975,false,false,6,2019-04-01,2019-09-30,0
2019-10-28,56120,2019-03-31,2,,,,,,,,,,,,,,,,,,,,,,,,,,,,,,,,,,,3290136,false,false,6,2018-04-01,2018-09-30,-1
2020-01-29,56120,2020-03-31,3,10464000000,0.046,,,,,491000000,,516000000,,,430000000,,130.97,,,,,,16119000000,7654000000,0.458,2245.12,7386000000,,,,,,,,,,,,true,false,9,2019-04-01,2019-12-31,0
2020-01-29,56120,2019-03-31,3,10000000000,-0.035,,,,,-279000000,,-251000000,,,-3819000000,,-1160.84,,,,,,,,,,,,,,,,,,,,,,true,false,9,2018-04-01,2018-12-31,-1
2020-01-29,56120,2020-03-31,3,13430000000,0.043,,,,,440000000,,480000000,,,370000000,,112.46,,,,,,,,,,,,,,,,,,,,,,true,true,12,2019-04-01,2020-03-31,0
2020-01-29,56120,2019-03-31,3,,,,,,,,,,,,,,,,,,,,15309000000,7245000000,0.456,2122.91,6984000000,,,,,,,,,,,,true,false,12,2018-04-01,2019-03-31,-1
2020-01-29,56120,2019-03-31,3,,,,,,,,,,,,,,,,,,,,,,,,,,,,,0.00,,,,3293074,3099,,false,false,12,2018-04-01,2019-03-31,-1
2020-01-29,56120,2020-03-31,3,,,,,,,,,,,,,,,,,,,,,,,,,,,,,0.00,,,,,,,false,false,12,2019-04-01,2020-03-31,0
2020-01-29,56120,2020-03-31,3,,,,,,,,,,,,,,,,,,,,,,,,,,,,,30.00,,,,,,,false,true,12,2019-04-01,2020-03-31,0
2020-01-29,56120,2020-03-31,3,,,,,,,,,,,,,,,,,,,,,,,,,,,,,,,,,3293074,3099,3289975,false,false,9,2019-04-01,2019-12-31,0
2020-01-29,56120,2019-03-31,3,,,,,,,,,,,,,,,,,,,,,,,,,,,,,,,,,,,3290108,false,false,9,2018-04-01,2018-12-31,-1
2020-01-29,56120,2020-03-31,,13430000000,0.038,,,,,440000000,1.095,480000000,1.182,370000000,,1.467,112.46,,,,,,,,,,,,,,,,,,,,,,true,true,12,2019-04-01,2020-03-31,0
2020-01-29,56120,2019-03-31,,12877000000,,,,,,-1041000000,,-1020000000,,-4733000000,,,-1438.59,,,,,,,,,,,,,,,,,,,,,,true,false,12,2018-04-01,2019-03-31,-1
2020-01-29,56120,2020-03-31,,9170000000,,,,,,240000000,,330000000,,310000000,,,94.23,,,,,,,,,,,,,,,30.00,,,,,,,false,true,12,2019-04-01,2020-03-31,0
2020-01-29,56120,2019-03-31,,9265000000,,,,,,-1287000000,,-1224000000,,-4831000000,,,-1468.48,,,,,,,,,,,,,,,0.00,,,,,,,false,false,12,2018-04-01,2019-03-31,-1
2020-01-29,56120,2020-03-31,,,,,,,,,,,,,,,,,,,,,,,,,,,,,,0.00,,,,,,,false,false,12,2019-04-01,2020-03-31,0
2020-04-27,56120,2020-03-31,,13576000000,0.054,,,,,528000000,,567000000,,,502000000,,152.80,,0.070,0.036,0.039,,16319000000,7576000000,0.447,2219.43,7301000000,1042000000,-448000000,-33000000,3442000000,,0.196,,,,,,true,false,12,2019-04-01,2020-03-31,0
2020-04-27,56120,2019-03-31,,12877000000,-0.008,,,,,-1041000000,,-1020000000,,,-4733000000,,-1438.59,,,-0.058,-0.081,,15309000000,7245000000,0.456,2122.91,6984000000,448000000,-925000000,370000000,2881000000,,,,,,,,true,false,12,2018-04-01,2019-03-31,-1
2020-04-27,56120,2020-03-31,,9214000000,-0.006,,,,,265000000,,365000000,,405000000,,,123.17,,,,,,13602000000,6363000000,0.468,1934.21,6363000000,,,,,30.00,,,,3293074,3099,3289975,false,false,12,2019-04-01,2020-03-31,0
2020-04-27,56120,2019-03-31,,9265000000,-0.046,,,,,-1287000000,,-1224000000,,-4831000000,,,-1468.48,,,,,,12754000000,5973000000,0.468,1815.66,5973000000,,,,,0.00,,,,3293074,3099,3290081,false,false,12,2018-04-01,2019-03-31,-1
2020-04-27,56120,2020-03-31,,13576000000,0.011,,,,,528000000,0.201,567000000,0.182,,502000000,,152.80,,,,,,,,,,,,,,,,,,,,,,true,true,12,2019-04-01,2020-03-31,0
2020-04-27,56120,2019-03-31,,12877000000,,,,,,-1041000000,,-1020000000,,,-4733000000,,-1438.59,,,,,,,,,,,,,,,,,,,,,,true,false,12,2018-04-01,2019-03-31,-1
2020-04-27,56120,2020-03-31,,9214000000,0.005,,,,,265000000,0.104,365000000,0.108,405000000,,0.307,123.17,,,,,,,,,,,,,,,,,,,,,,false,true,12,2019-04-01,2020-03-31,0
2020-04-27,56120,2019-03-31,,9265000000,,,,,,-1287000000,,-1224000000,,-4831000000,,,-1468.48,,,,,,,,,,,,,,,,,,,,,,false,false,12,2018-04-01,2019-03-31,-1
2020-07-31,56120,2021-03-31,1,3209000000,0.238,,,,,175000000,1.477,190000000,1.076,,198000000,,60.30,,,,,,16424000000,7688000000,0.451,2252.96,7412000000,,,,,,,,,,,,true,false,3,2020-04-01,2020-06-30,0
2020-07-31,56120,2020-03-31,1,2592000000,0.035,,,,,70000000,,91000000,,,69000000,,21.10,,,,,,,,,,,,,,,,,,,,,,true,false,3,2019-04-01,2019-06-30,-1
2020-07-31,56120,2021-03-31,1,16370000000,0.206,,,,,320000000,-0.395,350000000,-0.383,,300000000,,91.18,,,,,,,,,,,,,,,,,,,,,,true,true,12,2020-04-01,2021-03-31,0
2020-07-31,56120,2020-03-31,1,,,,,,,,,,,,,,,,,,,,16319000000,7576000000,0.447,2219.43,7301000000,,,,,,,,,,,,true,false,12,2019-04-01,2020-03-31,-1
2020-07-31,56120,2020-03-31,1,,,,,,,,,,,,,,,,,,,,,,,,,,,,,30.00,,,,3293074,3099,,false,false,12,2019-04-01,2020-03-31,-1
2020-07-31,56120,2021-03-31,1,,,,,,,,,,,,,,,,,,,,,,,,,,,,,20.00,,,,,,,false,true,12,2020-04-01,2021-03-31,0
2020-07-31,56120,2021-03-31,1,,,,,,,,,,,,,,,,,,,,,,,,,,,,,,,,,3293074,3099,3289975,false,false,3,2020-04-01,2020-06-30,0
2020-07-31,56120,2020-03-31,1,,,,,,,,,,,,,,,,,,,,,,,,,,,,,,,,,,,3289975,false,false,3,2019-04-01,2019-06-30,-1
2020-07-31,56120,2021-03-31,,16370000000,,,,,,320000000,,350000000,,,300000000,,91.18,,,,,,,,,,,,,,,,,,,,,,true,true,12,2020-04-01,2021-03-31,0
2020-07-31,56120,2020-03-31,,13576000000,,,,,,528000000,,567000000,,,502000000,,152.80,,,,,,,,,,,,,,,,,,,,,,true,false,12,2019-04-01,2020-03-31,-1
2020-07-31,56120,2021-03-31,,,,,,,,,,,,,,,,,,,,,,,,,,,,,,20.00,,,,,,,false,true,12,2020-04-01,2021-03-31,0
2020-07-31,56120,2020-03-31,,,,,,,,,,,,,,,,,,,,,,,,,,,,,,30.00,,,,,,,false,false,12,2019-04-01,2020-03-31,-1
2020-07-31,56120,2021-03-31,1,3209000000,0.238,,,,,175000000,1.477,190000000,1.076,,198000000,,60.30,,,,,,16424000000,7688000000,0.451,2252.96,7412000000,,,,,,,,,,,,true,false,3,2020-04-01,2020-06-30,0
2020-07-31,56120,2020-03-31,1,2592000000,0.035,,,,,70000000,,91000000,,,69000000,,21.10,,,,,,,,,,,,,,,,,,,,,,true,false,3,2019-04-01,2019-06-30,-1
2020-07-31,56120,2021-03-31,1,13720000000,0.011,,,,,320000000,-0.395,350000000,-0.383,,300000000,,91.18,,,,,,,,,,,,,,,,,,,,,,true,true,12,2020-04-01,2021-03-31,0
2020-07-31,56120,2020-03-31,1,,,,,,,,,,,,,,,,,,,,16319000000,7576000000,0.447,2219.43,7301000000,,,,,,,,,,,,true,false,12,2019-04-01,2020-03-31,-1
2020-07-31,56120,2020-03-31,1,,,,,,,,,,,,,,,,,,,,,,,,,,,,,30.00,,,,3293074,3099,,false,false,12,2019-04-01,2020-03-31,-1
2020-07-31,56120,2021-03-31,1,,,,,,,,,,,,,,,,,,,,,,,,,,,,,20.00,,,,,,,false,true,12,2020-04-01,2021-03-31,0
2020-07-31,56120,2021-03-31,1,,,,,,,,,,,,,,,,,,,,,,,,,,,,,,,,,3293074,3099,3289975,false,false,3,2020-04-01,2020-06-30,0
2020-07-31,56120,2020-03-31,1,,,,,,,,,,,,,,,,,,,,,,,,,,,,,,,,,,,3289975,false,false,3,2019-04-01,2019-06-30,-1
2020-07-31,56120,2021-03-31,,13720000000,,,,,,320000000,,350000000,,,300000000,,91.18,,,,,,,,,,,,,,,,,,,,,,true,true,12,2020-04-01,2021-03-31,0
2020-07-31,56120,2020-03-31,,13576000000,,,,,,528000000,,567000000,,,502000000,,152.80,,,,,,,,,,,,,,,,,,,,,,true,false,12,2019-04-01,2020-03-31,-1
2020-07-31,56120,2021-03-31,,,,,,,,,,,,,,,,,,,,,,,,,,,,,,20.00,,,,,,,false,true,12,2020-04-01,2021-03-31,0
2020-07-31,56120,2020-03-31,,,,,,,,,,,,,,,,,,,,,,,,,,,,,,30.00,,,,,,,false,false,12,2019-04-01,2020-03-31,-1
2020-10-29,56120,2021-03-31,2,7003000000,0.098,,,,,446000000,0.733,463000000,0.692,,406000000,,123.42,,,,,,16752000000,7907000000,0.455,2318.64,7628000000,,,,,,,,,,,,true,false,6,2020-04-01,2020-09-30,0
2020-10-29,56120,2020-03-31,2,6377000000,0.098,,,,,257000000,,273000000,,,219000000,,66.71,,,,,,,,,,,,,,,,,,,,,,true,false,6,2019-04-01,2019-09-30,-1
2020-10-29,56120,2021-03-31,2,14100000000,0.039,,,,,530000000,0.003,550000000,-0.031,,460000000,,139.82,,,,,,,,,,,,,,,,,,,,,,true,true,12,2020-04-01,2021-03-31,0
2020-10-29,56120,2020-03-31,2,,,,,,,,,,,,,,,,,,,,16319000000,7576000000,0.447,2219.43,7301000000,,,,,,,,,,,,true,false,12,2019-04-01,2020-03-31,-1
2020-10-29,56120,2020-03-31,2,,,,,,,,,,,,,,,,,,,,,,,,,,,,,30.00,,,,3293074,3099,,false,false,12,2019-04-01,2020-03-31,-1
2020-10-29,56120,2021-03-31,2,,,,,,,,,,,,,,,,,,,,,,,,,,,,,0.00,,,,,,,false,false,12,2020-04-01,2021-03-31,0
2020-10-29,56120,2021-03-31,2,,,,,,,,,,,,,,,,,,,,,,,,,,,,,20.00,,,,,,,false,true,12,2020-04-01,2021-03-31,0
2020-10-29,56120,2021-03-31,2,,,,,,,,,,,,,,,,,,,,,,,,,,,,,,,,,3293074,3099,3289975,false,false,6,2020-04-01,2020-09-30,0
2020-10-29,56120,2020-03-31,2,,,,,,,,,,,,,,,,,,,,,,,,,,,,,,,,,,,3289975,false,false,6,2019-04-01,2019-09-30,-1
2020-10-29,56120,2021-03-31,,14100000000,0.028,,,,,530000000,0.656,550000000,0.571,,460000000,,139.82,,,,,,,,,,,,,,,,,,,,,,true,true,12,2020-04-01,2021-03-31,0
2020-10-29,56120,2020-03-31,,13576000000,,,,,,528000000,,567000000,,,502000000,,152.80,,,,,,,,,,,,,,,,,,,,,,true,false,12,2019-04-01,2020-03-31,-1
2021-01-27,56120,2021-03-31,3,11570000000,0.106,,,,,688000000,0.402,712000000,0.380,,655000000,,200.18,,,,,,17162000000,8071000000,0.454,2423.83,7788000000,,,,,,,,,,,,true,false,9,2020-04-01,2020-12-31,0
2021-01-27,56120,2020-03-31,3,10464000000,0.046,,,,,491000000,,516000000,,,430000000,,130.97,,,,,,,,,,,,,,,,,,,,,,true,false,9,2019-04-01,2019-12-31,-1
2021-01-27,56120,2021-03-31,3,14100000000,0.039,,,,,580000000,0.097,610000000,0.075,,520000000,,159.53,,,,,,,,,,,,,,,,,,,,,,true,true,12,2020-04-01,2021-03-31,0
2021-01-27,56120,2020-03-31,3,,,,,,,,,,,,,,,,,,,,16319000000,7576000000,0.447,2219.43,7301000000,,,,,,,,,,,,true,false,12,2019-04-01,2020-03-31,-1
2021-01-27,56120,2020-03-31,3,,,,,,,,,,,,,,,,,,,,,,,,,,,,,30.00,,,,3293074,3099,,false,false,12,2019-04-01,2020-03-31,-1
2021-01-27,56120,2021-03-31,3,,,,,,,,,,,,,,,,,,,,,,,,,,,,,0.00,,,,,,,false,false,12,2020-04-01,2021-03-31,0
2021-01-27,56120,2021-03-31,3,,,,,,,,,,,,,,,,,,,,,,,,,,,,,20.00,,,,,,,false,true,12,2020-04-01,2021-03-31,0
2021-01-27,56120,2021-03-31,3,,,,,,,,,,,,,,,,,,,,,,,,,,,,,,,,,3293074,79899,3273495,false,false,9,2020-04-01,2020-12-31,0
2021-01-27,56120,2020-03-31,3,,,,,,,,,,,,,,,,,,,,,,,,,,,,,,,,,,,3289975,false,false,9,2019-04-01,2019-12-31,-1
2021-04-28,56120,2021-03-31,,14663000000,0.080,,,,,695000000,0.316,730000000,0.288,,661000000,,202.90,,0.086,0.044,0.047,,17127000000,8291000000,0.467,2490.51,8002000000,1040000000,-579000000,-234000000,3678000000,,0.197,,,,,,true,false,12,2020-04-01,2021-03-31,0
2021-04-28,56120,2020-03-31,,13576000000,0.054,,,,,528000000,,567000000,,,502000000,,152.80,,0.070,0.036,0.039,,16319000000,7576000000,0.447,2219.43,7301000000,1040000000,-446000000,-33000000,3442000000,,0.196,,,,,,true,false,12,2019-04-01,2020-03-31,-1
2021-04-28,56120,2021-03-31,,9787000000,0.062,,,,,356000000,0.345,459000000,0.257,530000000,,0.308,162.65,,,,,,14079000000,6705000000,0.476,2086.73,6705000000,,,,,40.00,,,,3293074,79899,3259575,false,false,12,2020-04-01,2021-03-31,0
2021-04-28,56120,2020-03-31,,9214000000,-0.006,,,,,265000000,,365000000,,405000000,,,123.17,,,,,,13602000000,6363000000,0.468,1934.21,6363000000,,,,,30.00,,,,3293074,3099,3289975,false,false,12,2019-04-01,2020-03-31,-1
2021-07-29,56120,2022-03-31,1,3664000000,0.142,,,,,116000000,-0.340,115000000,-0.394,,58000000,,18.09,,,,,,17447000000,8224000000,0.455,2468.59,7932000000,,,,,,,,,,,,true,false,3,2021-04-01,2021-06-30,0
2021-07-29,56120,2021-03-31,1,3209000000,0.238,,,,,175000000,1.477,190000000,1.076,,198000000,,60.30,,,,,,,,,,,,,,,,,,,,,,true,false,3,2020-04-01,2020-06-30,-1
2021-07-29,56120,2022-03-31,1,15000000000,0.023,,,,,350000000,-0.497,370000000,-0.494,,200000000,,62.24,,,,,,,,,,,,,,,,,,,,,,true,true,12,2021-04-01,2022-03-31,0
2021-07-29,56120,2021-03-31,1,,,,,,,,,,,,,,,,,,,,17127000000,8291000000,0.467,2490.51,8002000000,,,,,,,,,,,,true,false,12,2020-04-01,2021-03-31,-1
2021-07-29,56120,2021-03-31,1,,,,,,,,,,,,,,,,,,,,,,,,,,,,,40.00,,,,3293074,79899,,false,false,12,2020-04-01,2021-03-31,-1
2021-07-29,56120,2022-03-31,1,,,,,,,,,,,,,,,,,,,,,,,,,,,,,20.00,,,,,,,false,true,12,2021-04-01,2022-03-31,0
2021-07-29,56120,2022-03-31,1,,,,,,,,,,,,,,,,,,,,,,,,,,,,,,,,,3293074,79899,3213175,false,false,3,2021-04-01,2021-06-30,0
2021-07-29,56120,2021-03-31,1,,,,,,,,,,,,,,,,,,,,,,,,,,,,,,,,,,,3289975,false,false,3,2020-04-01,2020-06-30,-1
2021-10-28,56120,2022-03-31,2,7681000000,0.097,,,,,233000000,-0.476,241000000,-0.480,,128000000,,40.11,,,,,,17717000000,8303000000,0.452,2491.66,8005000000,,,,,,,,,,,,true,false,6,2021-04-01,2021-09-30,0
2021-10-28,56120,2021-03-31,2,7003000000,0.098,,,,,446000000,0.733,463000000,0.692,,406000000,,123.42,,,,,,,,,,,,,,,,,,,,,,true,false,6,2020-04-01,2020-09-30,-1
2021-10-28,56120,2022-03-31,2,15000000000,0.023,,,,,350000000,-0.497,370000000,-0.494,,200000000,,62.24,,,,,,,,,,,,,,,,,,,,,,true,true,12,2021-04-01,2022-03-31,0
2021-10-28,56120,2021-03-31,2,,,,,,,,,,,,,,,,,,,,17127000000,8291000000,0.467,2490.50,8002000000,,,,,,,,,,,,true,false,12,2020-04-01,2021-03-31,-1
2021-10-28,56120,2021-03-31,2,,,,,,,,,,,,,,,,,,,,,,,,,,,,,40.00,,,,3293074,79899,,false,false,12,2020-04-01,2021-03-31,-1
2021-10-28,56120,2022-03-31,2,,,,,,,,,,,,,,,,,,,,,,,,,,,,,0.00,,,,,,,false,false,12,2021-04-01,2022-03-31,0
2021-10-28,56120,2022-03-31,2,,,,,,,,,,,,,,,,,,,,,,,,,,,,,20.00,,,,,,,false,true,12,2021-04-01,2022-03-31,0
2021-10-28,56120,2022-03-31,2,,,,,,,,,,,,,,,,,,,,,,,,,,,,,,,,,3293074,79965,3213156,false,false,6,2021-04-01,2021-09-30,0
2021-10-28,56120,2021-03-31,2,,,,,,,,,,,,,,,,,,,,,,,,,,,,,,,,,,,3289975,false,false,6,2020-04-01,2020-09-30,-1
2022-01-31,56120,2022-03-31,3,12061000000,0.042,,,,,400000000,-0.418,422000000,-0.407,,262000000,,81.73,,,,,,17958000000,8438000000,0.453,2532.40,8136000000,,,,,,,,,,,,true,false,9,2021-04-01,2021-12-31,0
2022-01-31,56120,2021-03-31,3,11570000000,0.106,,,,,688000000,0.402,712000000,0.380,,655000000,,200.18,,,,,,,,,,,,,,,,,,,,,,true,false,9,2020-04-01,2020-12-31,-1
2022-01-31,56120,2022-03-31,3,15000000000,0.023,,,,,350000000,-0.497,370000000,-0.494,,200000000,,62.24,,,,,,,,,,,,,,,,,,,,,,true,true,12,2021-04-01,2022-03-31,0
2022-01-31,56120,2021-03-31,3,,,,,,,,,,,,,,,,,,,,17127000000,8291000000,0.467,2490.51,8002000000,,,,,,,,,,,,true,false,12,2020-04-01,2021-03-31,-1
2022-01-31,56120,2021-03-31,3,,,,,,,,,,,,,,,,,,,,,,,,,,,,,40.00,,,,3293074,79899,,false,false,12,2020-04-01,2021-03-31,-1
2022-01-31,56120,2022-03-31,3,,,,,,,,,,,,,,,,,,,,,,,,,,,,,0.00,,,,,,,false,false,12,2021-04-01,2022-03-31,0
2022-01-31,56120,2022-03-31,3,,,,,,,,,,,,,,,,,,,,,,,,,,,,,20.00,,,,,,,false,true,12,2021-04-01,2022-03-31,0
2022-01-31,56120,2022-03-31,3,,,,,,,,,,,,,,,,,,,,,,,,,,,,,,,,,3293074,79965,3213142,false,false,9,2021-04-01,2021-12-31,0
2022-01-31,56120,2021-03-31,3,,,,,,,,,,,,,,,,,,,,,,,,,,,,,,,,,,,3273495,false,false,9,2020-04-01,2020-12-31,-1
2022-04-27,56120,2022-03-31,,15185000000,0.036,,,,,383000000,-0.449,417000000,-0.429,,236000000,,73.52,,0.029,0.024,0.025,,17780000000,8392000000,0.455,2516.47,8085000000,419000000,-802000000,-183000000,3111000000,,0.299,,,,,,true,false,12,2021-04-01,2022-03-31,0
2022-04-27,56120,2021-03-31,,14663000000,0.080,,,,,695000000,0.316,730000000,0.288,,661000000,,202.90,,0.086,0.044,0.047,,17127000000,8291000000,0.467,2490.51,8002000000,1040000000,-579000000,-234000000,3678000000,,0.197,,,,,,true,false,12,2020-04-01,2021-03-31,-1
2022-04-27,56120,2022-03-31,,9906000000,0.012,,,,,-100000000,,120000000,-0.737,125000000,,-0.763,39.12,,,,,,14676000000,6696000000,0.456,2084.18,6696000000,,,,,22.00,,,,3293074,79965,3213134,false,false,12,2021-04-01,2022-03-31,0
2022-04-27,56120,2021-03-31,,9787000000,0.062,,,,,356000000,0.345,459000000,0.257,530000000,,0.308,162.65,,,,,,14079000000,6705000000,0.476,2086.73,6705000000,,,,,40.00,,,,3293074,79899,3259575,false,false,12,2020-04-01,2021-03-31,-1
2022-04-27,56120,2023-03-31,,,,,,,,,,,,,,,,,,,,,,,,,,,,,,0.00,,,,,,,false,true,12,2022-04-01,2023-03-31,1
2022-07-27,56120,2023-03-31,1,3755000000,0.025,,,,,-19000000,,-2000000,,,-47000000,,-14.68,,,,,,18032000000,8273000000,0.442,2479.15,7965000000,,,,,,,,,,,,true,false,3,2022-04-01,2022-06-30,0
2022-07-27,56120,2022-03-31,1,3664000000,0.142,,,,,116000000,-0.340,115000000,-0.394,,58000000,,18.09,,,,,,,,,,,,,,,,,,,,,,true,false,3,2021-04-01,2021-06-30,-1
2022-07-27,56120,2023-03-31,1,16600000000,0.093,,,,,360000000,-0.061,400000000,-0.041,,220000000,,68.47,,,,,,,,,,,,,,,,,,,,,,true,true,12,2022-04-01,2023-03-31,0
2022-07-27,56120,2022-03-31,1,,,,,,,,,,,,,,,,,,,,17780000000,8392000000,0.455,2516.47,8085000000,,,,,,,,,,,,true,false,12,2021-04-01,2022-03-31,-1
2022-07-27,56120,2022-03-31,1,,,,,,,,,,,,,,,,,,,,,,,,,,,,,22.00,,,,3293074,79965,,false,false,12,2021-04-01,2022-03-31,-1
2022-07-27,56120,2023-03-31,1,,,,,,,,,,,,,,,,,,,,,,,,,,,,,20.00,,,,,,,false,true,12,2022-04-01,2023-03-31,0
2022-07-27,56120,2023-03-31,1,,,,,,,,,,,,,,,,,,,,,,,,,,,,,,,,,3293074,79965,3213109,false,false,3,2022-04-01,2022-06-30,0
2022-07-27,56120,2022-03-31,1,,,,,,,,,,,,,,,,,,,,,,,,,,,,,,,,,,,3213175,false,false,3,2021-04-01,2021-06-30,-1
2022-10-31,56120,2023-03-31,2,8513000000,0.108,,,,,208000000,-0.107,238000000,-0.012,,136000000,,42.49,,,,,,18333000000,8460000000,0.444,2535.89,8148000000,,,,,,,,,,,,true,false,6,2022-04-01,2022-09-30,0
2022-10-31,56120,2022-03-31,2,7681000000,0.097,,,,,233000000,-0.476,241000000,-0.480,,128000000,,40.11,,,,,,,,,,,,,,,,,,,,,,true,false,6,2021-04-01,2021-09-30,-1
2022-10-31,56120,2023-03-31,2,16600000000,0.093,,,,,360000000,-0.061,400000000,-0.041,,220000000,,68.47,,,,,,,,,,,,,,,,,,,,,,true,true,12,2022-04-01,2023-03-31,0
2022-10-31,56120,2022-03-31,2,,,,,,,,,,,,,,,,,,,,17780000000,8392000000,0.455,2516.47,8085000000,,,,,,,,,,,,true,false,12,2021-04-01,2022-03-31,-1
2022-10-31,56120,2022-03-31,2,,,,,,,,,,,,,,,,,,,,,,,,,,,,,22.00,,,,3293074,79965,,false,false,12,2021-04-01,2022-03-31,-1
2022-10-31,56120,2023-03-31,2,,,,,,,,,,,,,,,,,,,,,,,,,,,,,0.00,,,,,,,false,false,12,2022-04-01,2023-03-31,0
2022-10-31,56120,2023-03-31,2,,,,,,,,,,,,,,,,,,,,,,,,,,,,,20.00,,,,,,,false,true,12,2022-04-01,2023-03-31,0
2022-10-31,56120,2023-03-31,2,,,,,,,,,,,,,,,,,,,,,,,,,,,,,,,,,3293074,79998,3213104,false,false,6,2022-04-01,2022-09-30,0
2022-10-31,56120,2022-03-31,2,,,,,,,,,,,,,,,,,,,,,,,,,,,,,,,,,,,3213156,false,false,6,2021-04-01,2021-09-30,-1
2023-01-31,56120,2023-03-31,3,13346000000,0.107,,,,,384000000,-0.042,427000000,0.012,,263000000,,82.08,,,,,,18972000000,8594000000,0.436,2576.36,8278000000,,,,,,,,,,,,true,false,9,2022-04-01,2022-12-31,0
2023-01-31,56120,2022-03-31,3,12061000000,0.042,,,,,400000000,-0.418,422000000,-0.407,,262000000,,81.73,,,,,,,,,,,,,,,,,,,,,,true,false,9,2021-04-01,2021-12-31,-1
2023-01-31,56120,2023-03-31,3,16600000000,0.093,,,,,360000000,-0.061,400000000,-0.041,,220000000,,68.47,,,,,,,,,,,,,,,,,,,,,,true,true,12,2022-04-01,2023-03-31,0
2023-01-31,56120,2022-03-31,3,,,,,,,,,,,,,,,,,,,,17780000000,8392000000,0.455,2516.47,8085000000,,,,,,,,,,,,true,false,12,2021-04-01,2022-03-31,-1
2023-01-31,56120,2022-03-31,3,,,,,,,,,,,,,,,,,,,,,,,,,,,,,22.00,,,,3293074,79965,,false,false,12,2021-04-01,2022-03-31,-1
2023-01-31,56120,2023-03-31,3,,,,,,,,,,,,,,,,,,,,,,,,,,,,,0.00,,,,,,,false,false,12,2022-04-01,2023-03-31,0
2023-01-31,56120,2023-03-31,3,,,,,,,,,,,,,,,,,,,,,,,,,,,,,20.00,,,,,,,false,true,12,2022-04-01,2023-03-31,0
2023-01-31,56120,2023-03-31,3,,,,,,,,,,,,,,,,,,,,,,,,,,,,,,,,,3293074,79998,3213096,false,false,9,2022-04-01,2022-12-31,0
2023-01-31,56120,2022-03-31,3,,,,,,,,,,,,,,,,,,,,,,,,,,,,,,,,,,,3213142,false,false,9,2021-04-01,2021-12-31,-1
2023-05-11,56120,2023-03-31,,17288000000,0.138,,,,,521000000,0.361,576000000,0.381,,362000000,,112.79,,0.044,0.032,0.030,,18604000000,8780000000,0.455,2632.49,8458000000,-380000000,-730000000,193000000,2194000000,,0.293,,,,,,true,false,12,2022-04-01,2023-03-31,0
2023-05-11,56120,2022-03-31,,15185000000,0.036,,,,,383000000,-0.449,417000000,-0.429,,236000000,,73.52,,0.029,0.024,0.025,,17780000000,8392000000,0.455,2516.47,8085000000,419000000,-802000000,-183000000,3111000000,,0.299,,,,,,true,false,12,2021-04-01,2022-03-31,-1
2023-05-11,56120,2023-03-31,,11329000000,0.144,,,,,-10000000,,300000000,1.483,281000000,,1.242,87.70,,,,,,15694000000,6912000000,0.440,2151.31,6912000000,,,,,33.00,,,,3293074,79998,3213091,false,false,12,2022-04-01,2023-03-31,0
2023-05-11,56120,2022-03-31,,9906000000,0.012,,,,,-100000000,,120000000,-0.737,125000000,,-0.763,39.12,,,,,,14676000000,6696000000,0.456,2084.18,6696000000,,,,,22.00,,,,3293074,79965,3213134,false,false,12,2021-04-01,2022-03-31,-1
2023-08-07,56120,2024-03-31,1,3482000000,-0.073,,,,,36000000,,49000000,,,-38000000,,-12.05,,,,,,18205000000,8641000000,0.457,2588.67,8317000000,,,,,,,,,,,,true,false,3,2023-04-01,2023-06-30,0
2023-08-07,56120,2023-03-31,1,3755000000,0.025,,,,,-19000000,,-2000000,,,-47000000,,-14.68,,,,,,,,,,,,,,,,,,,,,,true,false,3,2022-04-01,2022-06-30,-1
2023-08-07,56120,2024-03-31,1,18200000000,0.053,,,,,550000000,0.054,580000000,0.007,,240000000,,74.70,,,,,,,,,,,,,,,,,,,,,,true,true,12,2023-04-01,2024-03-31,0
2023-08-07,56120,2023-03-31,1,,,,,,,,,,,,,,,,,,,,18604000000,8780000000,0.455,2632.49,8458000000,,,,,,,,,,,,true,false,12,2022-04-01,2023-03-31,-1
2023-08-07,56120,2023-03-31,1,,,,,,,,,,,,,,,,,,,,,,,,,,,,,33.00,,,,3293074,79998,,false,false,12,2022-04-01,2023-03-31,-1
2023-08-07,56120,2024-03-31,1,,,,,,,,,,,,,,,,,,,,,,,,,,,,,22.00,,,,,,,false,true,12,2023-04-01,2024-03-31,0
2023-08-07,56120,2024-03-31,1,,,,,,,,,,,,,,,,,,,,,,,,,,,,,,,,,3293074,79998,3213076,false,false,3,2023-04-01,2023-06-30,0
2023-08-07,56120,2023-03-31,1,,,,,,,,,,,,,,,,,,,,,,,,,,,,,,,,,,,3213109,false,false,3,2022-04-01,2022-06-30,-1
2023-10-27,56120,2024-03-31,2,8178000000,-0.039,,,,,292000000,0.404,302000000,0.270,,132000000,,41.13,,,,,,19177000000,8821000000,0.443,2643.16,8492000000,,,,,,,,,,,,true,false,6,2023-04-01,2023-09-30,0
2023-10-27,56120,2023-03-31,2,8513000000,0.108,,,,,208000000,-0.107,238000000,-0.012,,136000000,,42.49,,,,,,,,,,,,,,,,,,,,,,true,false,6,2022-04-01,2022-09-30,-1
2023-10-27,56120,2024-03-31,2,18200000000,0.053,,,,,550000000,0.054,580000000,0.007,,240000000,,74.70,,,,,,,,,,,,,,,,,,,,,,true,true,12,2023-04-01,2024-03-31,0
2023-10-27,56120,2023-03-31,2,,,,,,,,,,,,,,,,,,,,18604000000,8780000000,0.455,2632.49,8458000000,,,,,,,,,,,,true,false,12,2022-04-01,2023-03-31,-1
2023-10-27,56120,2023-03-31,2,,,,,,,,,,,,,,,,,,,,,,,,,,,,,33.00,,,,3293074,79998,,false,false,12,2022-04-01,2023-03-31,-1
2023-10-27,56120,2024-03-31,2,,,,,,,,,,,,,,,,,,,,,,,,,,,,,0.00,,,,,,,false,false,12,2023-04-01,2024-03-31,0
2023-10-27,56120,2024-03-31,2,,,,,,,,,,,,,,,,,,,,,,,,,,,,,22.00,,,,,,,false,true,12,2023-04-01,2024-03-31,0
2023-10-27,56120,2024-03-31,2,,,,,,,,,,,,,,,,,,,,,,,,,,,,,,,,,3293074,79998,3213076,false,false,6,2023-04-01,2023-09-30,0
2023-10-27,56120,2023-03-31,2,,,,,,,,,,,,,,,,,,,,,,,,,,,,,,,,,,,3213104,false,false,6,2022-04-01,2022-09-30,-1
2024-01-31,56120,2024-03-31,3,13003000000,-0.026,,,,,654000000,0.703,679000000,0.589,,345000000,,107.44,,,,,,19892000000,9036000000,0.438,2708.60,8702000000,,,,,,,,,,,,true,false,9,2023-04-01,2023-12-31,0
2024-01-31,56120,2023-03-31,3,13346000000,0.107,,,,,384000000,-0.042,427000000,0.012,,263000000,,82.08,,,,,,,,,,,,,,,,,,,,,,true,false,9,2022-04-01,2022-12-31,-1
2024-01-31,56120,2024-03-31,3,18200000000,0.053,,,,,550000000,0.054,580000000,0.007,,240000000,,74.70,,,,,,,,,,,,,,,,,,,,,,true,true,12,2023-04-01,2024-03-31,0
2024-01-31,56120,2023-03-31,3,,,,,,,,,,,,,,,,,,,,18604000000,8780000000,0.455,2632.49,8458000000,,,,,,,,,,,,true,false,12,2022-04-01,2023-03-31,-1
2024-01-31,56120,2023-03-31,3,,,,,,,,,,,,,,,,,,,,,,,,,,,,,33.00,,,,3293074,79998,,false,false,12,2022-04-01,2023-03-31,-1
2024-01-31,56120,2024-03-31,3,,,,,,,,,,,,,,,,,,,,,,,,,,,,,0.00,,,,,,,false,false,12,2023-04-01,2024-03-31,0
2024-01-31,56120,2024-03-31,3,,,,,,,,,,,,,,,,,,,,,,,,,,,,,22.00,,,,,,,false,true,12,2023-04-01,2024-03-31,0
2024-01-31,56120,2024-03-31,3,,,,,,,,,,,,,,,,,,,,,,,,,,,,,,,,,3293074,80014,3213071,false,false,9,2023-04-01,2023-12-31,0
2024-01-31,56120,2023-03-31,3,,,,,,,,,,,,,,,,,,,,,,,,,,,,,,,,,,,3213096,false,false,9,2022-04-01,2022-12-31,-1
2024-04-26,56120,2024-03-31,,16859000000,-0.025,,,,,860000000,0.650,896000000,0.556,,475000000,,147.87,,0.053,0.046,0.051,,20457000000,9771000000,0.461,2935.52,9431000000,986000000,-816000000,1054000000,3419000000,,0.298,,,,,,true,false,12,2023-04-01,2024-03-31,0
2024-04-26,56120,2023-03-31,,17288000000,0.138,,,,,521000000,0.361,576000000,0.381,,362000000,,112.79,,0.044,0.032,0.030,,18604000000,8780000000,0.455,2632.49,8458000000,-380000000,-730000000,193000000,2194000000,,0.293,,,,,,true,false,12,2022-04-01,2023-03-31,-1
2024-04-26,56120,2024-03-31,,11142000000,-0.017,,,,,210000000,,541000000,0.802,368000000,,0.307,114.60,,,,,,16826000000,7192000000,0.427,2238.39,7192000000,,,,,44.00,,,,3293074,80014,3213069,false,false,12,2023-04-01,2024-03-31,0
2024-04-26,56120,2023-03-31,,11329000000,0.144,,,,,-10000000,,300000000,1.483,281000000,,1.242,87.70,,,,,,15694000000,6912000000,0.440,2151.31,6912000000,,,,,33.00,,,,3293074,79998,3213091,false,false,12,2022-04-01,2023-03-31,-1
2024-07-29,56120,2025-03-31,1,3823000000,0.098,,,,,-12000000,,2000000,-0.952,,-54000000,,-17.02,,,,,,19643000000,9569000000,0.470,2871.55,9226000000,,,,,,,,,,,,true,false,3,2024-04-01,2024-06-30,0
2024-07-29,56120,2024-03-31,1,3482000000,-0.073,,,,,36000000,,49000000,,,-38000000,,-12.05,,,,,,,,,,,,,,,,,,,,,,true,false,3,2023-04-01,2023-06-30,-1
2024-07-29,56120,2025-03-31,1,17800000000,0.056,,,,,600000000,-0.303,600000000,-0.330,,280000000,,87.15,,,,,,,,,,,,,,,,,,,,,,true,true,12,2024-04-01,2025-03-31,0
2024-07-29,56120,2024-03-31,1,,,,,,,,,,,,,,,,,,,,20457000000,9771000000,0.461,2935.52,9431000000,,,,,,,,,,,,true,false,12,2023-04-01,2024-03-31,-1
2024-07-29,56120,2024-03-31,1,,,,,,,,,,,,,,,,,,,,,,,,,,,,,44.00,,,,3293074,80014,,false,false,12,2023-04-01,2024-03-31,-1
2024-07-29,56120,2025-03-31,1,,,,,,,,,,,,,,,,,,,,,,,,,,,,,25.00,,,,,,,false,true,12,2024-04-01,2025-03-31,0
2024-07-29,56120,2025-03-31,1,,,,,,,,,,,,,,,,,,,,,,,,,,,,,,,,,3293074,80064,3213035,false,false,3,2024-04-01,2024-06-30,0
2024-07-29,56120,2024-03-31,1,,,,,,,,,,,,,,,,,,,,,,,,,,,,,,,,,,,3213076,false,false,3,2023-04-01,2023-06-30,-1
2024-10-29,56120,2025-03-31,2,8157000000,-0.003,,,,,66000000,-0.774,75000000,-0.750,,-128000000,,-40.01,,,,,,19795000000,9480000000,0.461,2842.16,9131000000,,,,,,,,,,,,true,false,6,2024-04-01,2024-09-30,0
2024-10-29,56120,2024-03-31,2,8178000000,-0.039,,,,,292000000,0.404,302000000,0.270,,132000000,,41.13,,,,,,,,,,,,,,,,,,,,,,true,false,6,2023-04-01,2023-09-30,-1
2024-10-29,56120,2025-03-31,2,17800000000,0.056,,,,,600000000,-0.303,600000000,-0.330,,280000000,,87.15,,,,,,,,,,,,,,,,,,,,,,true,true,12,2024-04-01,2025-03-31,0
2024-10-29,56120,2024-03-31,2,,,,,,,,,,,,,,,,,,,,20457000000,9771000000,0.461,2935.52,9431000000,,,,,,,,,,,,true,false,12,2023-04-01,2024-03-31,-1
2024-10-29,56120,2024-03-31,2,,,,,,,,,,,,,,,,,,,,,,,,,,,,,44.00,,,,3293074,80014,,false,false,12,2023-04-01,2024-03-31,-1
2024-10-29,56120,2025-03-31,2,,,,,,,,,,,,,,,,,,,,,,,,,,,,,0.00,,,,,,,false,false,12,2024-04-01,2025-03-31,0
2024-10-29,56120,2025-03-31,2,,,,,,,,,,,,,,,,,,,,,,,,,,,,,25.00,,,,,,,false,true,12,2024-04-01,2025-03-31,0
2024-10-29,56120,2025-03-31,2,,,,,,,,,,,,,,,,,,,,,,,,,,,,,,,,,3293074,80064,3213024,false,false,6,2024-04-01,2024-09-30,0
2024-10-29,56120,2024-03-31,2,,,,,,,,,,,,,,,,,,,,,,,,,,,,,,,,,,,3213076,false,false,6,2023-04-01,2023-09-30,-1
2025-01-31,56120,2025-03-31,3,13109000000,0.008,,,,,234000000,-0.641,245000000,-0.638,,-121000000,,-37.91,,,,,,20797000000,9493000000,0.439,2844.15,9138000000,,,,,,,,,,,,true,false,9,2024-04-01,2024-12-31,0
2025-01-31,56120,2024-03-31,3,13003000000,-0.026,,,,,654000000,0.703,679000000,0.589,,345000000,,107.44,,,,,,,,,,,,,,,,,,,,,,true,false,9,2023-04-01,2023-12-31,-1
2025-01-31,56120,2025-03-31,3,17000000000,0.008,,,,,490000000,-0.431,500000000,-0.442,,0,,0.00,,,,,,,,,,,,,,,,,,,,,,true,true,12,2024-04-01,2025-03-31,0
2025-01-31,56120,2024-03-31,3,,,,,,,,,,,,,,,,,,,,20457000000,9771000000,0.461,2935.52,9431000000,,,,,,,,,,,,true,false,12,2023-04-01,2024-03-31,-1
2025-01-31,56120,2024-03-31,3,,,,,,,,,,,,,,,,,,,,,,,,,,,,,44.00,,,,3293074,80014,,false,false,12,2023-04-01,2024-03-31,-1
2025-01-31,56120,2025-03-31,3,,,,,,,,,,,,,,,,,,,,,,,,,,,,,0.00,,,,,,,false,false,12,2024-04-01,2025-03-31,0
2025-01-31,56120,2025-03-31,3,,,,,,,,,,,,,,,,,,,,,,,,,,,,,25.00,,,,,,,false,true,12,2024-04-01,2025-03-31,0
2025-01-31,56120,2025-03-31,3,,,,,,,,,,,,,,,,,,,,,,,,,,,,,,,,,3293074,80064,3213020,false,false,9,2024-04-01,2024-12-31,0
2025-01-31,56120,2024-03-31,3,,,,,,,,,,,,,,,,,,,,,,,,,,,,,,,,,,,3213071,false,false,9,2023-04-01,2023-12-31,-1
2025-03-27,56120,2025-03-31,,16200000000,-0.047,,,,,180000000,-0.633,200000000,-0.600,,-300000000,,0.00,,,,,,,,,,,,,,,,,,,,,,true,true,12,2024-04-01,2025-03-31,0
2025-03-27,56120,2024-03-31,,16859000000,,,,,,860000000,,896000000,,,475000000,,147.87,,,,,,,,,,,,,,,,,,,,,,true,false,12,2023-04-01,2024-03-31,-1
2025-04-28,56120,2025-03-31,,16933000000,0.004,,,,,260000000,-0.697,267000000,-0.701,,-230000000,,-71.70,,-0.025,0.013,0.015,,22221000000,9639000000,0.418,2888.18,9279000000,37000000,-1370000000,820000000,2908000000,,,,,,,,true,false,12,2024-04-01,2025-03-31,0
2025-04-28,56120,2024-03-31,,16859000000,-0.025,,,,,860000000,0.650,896000000,0.556,,475000000,,147.87,,0.053,0.046,0.051,,20457000000,9771000000,0.461,2935.52,9431000000,986000000,-816000000,1054000000,3419000000,,0.298,,,,,,true,false,12,2023-04-01,2024-03-31,-1
2025-04-28,56120,2025-03-31,,11161000000,0.002,,,,,-260000000,,114000000,-0.788,-186000000,,,-58.16,,,,,,18314000000,6878000000,0.376,2140.89,6878000000,,,,,25.00,,,,3293074,80064,3213018,false,false,12,2024-04-01,2025-03-31,0
2025-04-28,56120,2024-03-31,,11142000000,-0.017,,,,,210000000,,541000000,0.802,368000000,,0.307,114.60,,,,,,16826000000,7192000000,0.427,2238.39,7192000000,,,,,44.00,,,,3293074,80014,3213069,false,false,12,2023-04-01,2024-03-31,-1
2025-06-26,56120,2025-03-31,,16933000000,0.004,,,,,260000000,-0.697,267000000,-0.701,,-230000000,,-71.70,,-0.025,0.013,0.015,,22221000000,9639000000,0.418,2888.18,9279000000,142000000,-1474000000,820000000,2908000000,,,,,,,,true,false,12,2024-04-01,2025-03-31,0
2025-06-26,56120,2024-03-31,,16859000000,-0.025,,,,,860000000,0.650,896000000,0.556,,475000000,,147.87,,0.053,0.046,0.051,,20457000000,9771000000,0.461,2935.52,9431000000,986000000,-816000000,1054000000,3419000000,,0.298,,,,,,true,false,12,2023-04-01,2024-03-31,-1
2025-06-26,56120,2025-03-31,,11161000000,0.002,,,,,-260000000,,114000000,-0.788,-186000000,,,-58.16,,,,,,18314000000,6878000000,0.376,2140.89,6878000000,,,,,25.00,,,,3293074,80064,3213018,false,false,12,2024-04-01,2025-03-31,0
2025-06-26,56120,2024-03-31,,11142000000,-0.017,,,,,210000000,,541000000,0.802,368000000,,0.307,114.60,,,,,,16826000000,7192000000,0.427,2238.39,7192000000,,,,,44.00,,,,3293074,80014,3213069,false,false,12,2023-04-01,2024-03-31,-1
