filing_date,code,fiscal_year_end,quarterly_period,net_sales,net_sales_change,revenue,revenue_change,operating_revenue,operating_revenue_change,operating_profit,operating_profit_change,ordinary_profit,ordinary_profit_change,net_income,net_income_of_parent,net_income_change,eps,diluted_eps,roe,roa,operating_profit_to_net_sales,operating_profit_to_revenue,total_assets,net_assets,equity_ratio,bps,owner_equity,operating_cash_flow,investing_cash_flow,financing_cash_flow,cash,dividend_per_share,payout_ratio,commemorative_dividend,extra_dividend,number_of_shares,number_of_treqsury_shares,avg_number_of_shares,is_consolidated,is_forecast,duration,period_start,period_end,period_pos
2015-05-12,56580,2015-03-31,,27801000000,-0.025,,,,,707000000,-0.519,1303000000,-0.367,790000000,,0.255,16.34,,0.019,0.020,0.025,,65720000000,45146000000,0.644,874.43,42324000000,1159000000,-1757000000,42000000,6731000000,,0.367,,,,,,true,false,12,2014-04-01,2015-03-31,0
2015-05-12,56580,2014-03-31,,28516000000,0.039,,,,,1468000000,0.916,2058000000,0.725,630000000,,-0.121,13.01,,0.016,0.034,0.052,,62642000000,43021000000,0.650,840.60,40696000000,1708000000,-464000000,48000000,7159000000,,0.461,,,,,,true,false,12,2013-04-01,2014-03-31,-1
2015-05-12,56580,2016-03-31,,13019000000,-0.043,,,,,22000000,-0.886,267000000,-0.401,,169000000,,3.49,,,,,,,,,,,,,,,,,,,,,,true,true,6,2015-04-01,2015-09-30,1
2015-05-12,56580,2016-03-31,,28413000000,0.022,,,,,424000000,-0.400,826000000,-0.366,,461000000,,9.52,,,,,,,,,,,,,,,,,,,,,,true,true,12,2015-04-01,2016-03-31,1
2015-05-12,56580,2015-03-31,,15724000000,-0.016,,,,,1117000000,-0.095,1852000000,0.035,929000000,,0.139,19.21,,,,,,47857000000,38757000000,0.810,800.74,38757000000,,,,,6.00,,,,51755478,3353105,48408557,false,false,12,2014-04-01,2015-03-31,0
2015-05-12,56580,2014-03-31,,15980000000,0.054,,,,,1235000000,1.062,1789000000,0.853,816000000,,0.369,16.86,,,,,,45862000000,37296000000,0.813,770.37,37296000000,,,,,6.00,,,,51755478,3341302,48442125,false,false,12,2013-04-01,2014-03-31,-1
2015-05-12,56580,2016-03-31,,6869000000,-0.080,,,,,,,466000000,-0.370,311000000,,-0.360,6.43,,,,,,,,,,,,,,,,,,,,,,false,true,6,2015-04-01,2015-09-30,1
2015-05-12,56580,2016-03-31,,15567000000,-0.010,,,,,,,1012000000,-0.454,629000000,,-0.323,13.00,,,,,,,,,,,,,,,,,,,,,,false,true,12,2015-04-01,2016-03-31,1
2015-07-31,56580,2016-03-31,1,6102000000,-0.083,,,,,-24000000,,254000000,-0.099,,186000000,,3.86,,,,,,65033000000,45371000000,0.655,,42576000000,,,,,,,,,,,,true,false,3,2015-04-01,2015-06-30,0
2015-07-31,56580,2015-03-31,1,6654000000,0.040,,,,,82000000,-0.724,282000000,-0.510,,195000000,,4.04,,,,,,,,,,,,,,,,,,,,,,true,false,3,2014-04-01,2014-06-30,-1
2015-07-31,56580,2016-03-31,1,13019000000,-0.043,,,,,22000000,-0.886,267000000,-0.401,,169000000,,3.49,,,,,,,,,,,,,,,,,,,,,,true,true,6,2015-04-01,2015-09-30,0
2015-07-31,56580,2016-03-31,1,28413000000,0.022,,,,,424000000,-0.400,826000000,-0.366,,461000000,,9.52,,,,,,,,,,,,,,,,,,,,,,true,true,12,2015-04-01,2016-03-31,0
2015-07-31,56580,2015-03-31,1,,,,,,,,,,,,,,,,,,,,65720000000,45146000000,0.644,,42324000000,,,,,,,,,,,,true,false,12,2014-04-01,2015-03-31,-1
2015-07-31,56580,2015-03-31,1,,,,,,,,,,,,,,,,,,,,,,,,,,,,,6.00,,,,51755478,3353105,,false,false,12,2014-04-01,2015-03-31,-1
2015-07-31,56580,2016-03-31,1,,,,,,,,,,,,,,,,,,,,,,,,,,,,,,,,,51755478,3353366,48402150,false,false,3,2015-04-01,2015-06-30,0
2015-07-31,56580,2015-03-31,1,,,,,,,,,,,,,,,,,,,,,,,,,,,,,,,,,,,48413091,false,false,3,2014-04-01,2014-06-30,-1
2015-10-23,56580,2016-03-31,,12311000000,-0.054,,,,,-133000000,,120000000,-0.551,,86000000,,1.79,,,,,,,,,,,,,,,,,,,,,,true,true,6,2015-04-01,2015-09-30,0
2015-10-23,56580,2015-03-31,,13606000000,,,,,,193000000,,446000000,,,288000000,,5.97,,,,,,,,,,,,,,,,,,,,,,true,false,6,2014-04-01,2014-09-30,-1
2015-10-23,56580,2016-03-31,,6420000000,-0.065,,,,,,,333000000,-0.285,237000000,,-0.238,4.91,,,,,,,,,,,,,,,,,,,,,,false,true,6,2015-04-01,2015-09-30,0
2015-10-23,56580,2015-03-31,,7464000000,,,,,,,,740000000,,486000000,,,10.04,,,,,,,,,,,,,,,,,,,,,,false,false,6,2014-04-01,2014-09-30,-1
2015-11-10,56580,2016-03-31,2,12311000000,-0.095,,,,,-133000000,,120000000,-0.731,,86000000,,1.79,,,,,,63369000000,44458000000,0.658,,41703000000,,,,,,,,,,,,true,false,6,2015-04-01,2015-09-30,0
2015-11-10,56580,2015-03-31,2,13606000000,0.058,,,,,193000000,-0.589,446000000,-0.497,,288000000,,5.97,,,,,,,,,,,,,,,,,,,,,,true,false,6,2014-04-01,2014-09-30,-1
2015-11-10,56580,2016-03-31,2,26803000000,-0.036,,,,,218000000,-0.692,687000000,-0.473,,400000000,,8.26,,,,,,,,,,,,,,,,,,,,,,true,true,12,2015-04-01,2016-03-31,0
2015-11-10,56580,2015-03-31,2,,,,,,,,,,,,,,,,,,,,65720000000,45146000000,0.644,,42324000000,,,,,,,,,,,,true,false,12,2014-04-01,2015-03-31,-1
2015-11-10,56580,2015-03-31,2,,,,,,,,,,,,,,,,,,,,,,,,,,,,,6.00,,,,51755478,3353105,,false,false,12,2014-04-01,2015-03-31,-1
2015-11-10,56580,2016-03-31,2,,,,,,,,,,,,,,,,,,,,,,,,,,,,,3.00,,,,,,,false,false,12,2015-04-01,2016-03-31,0
2015-11-10,56580,2016-03-31,2,,,,,,,,,,,,,,,,,,,,,,,,,,,,,,,,,51755478,3353711,48401985,false,false,6,2015-04-01,2015-09-30,0
2015-11-10,56580,2015-03-31,2,,,,,,,,,,,,,,,,,,,,,,,,,,,,,,,,,,,48411307,false,false,6,2014-04-01,2014-09-30,-1
2015-11-10,56580,2016-03-31,,26803000000,-0.057,,,,,218000000,-0.486,687000000,-0.168,,400000000,,8.26,,,,,,,,,,,,,,,,,,,,,,true,true,12,2015-04-01,2016-03-31,0
2015-11-10,56580,2015-03-31,,27801000000,,,,,,707000000,,1303000000,,,790000000,,16.34,,,,,,,,,,,,,,,,,,,,,,true,false,12,2014-04-01,2015-03-31,-1
2015-11-10,56580,2016-03-31,,14392000000,-0.075,,,,,,,871000000,-0.139,419000000,,-0.334,8.66,,,,,,,,,,,,,,,,,,,,,,false,true,12,2015-04-01,2016-03-31,0
2015-11-10,56580,2015-03-31,,15724000000,,,,,,,,1852000000,,929000000,,,19.21,,,,,,,,,,,,,,,,,,,,,,false,false,12,2014-04-01,2015-03-31,-1
2016-01-29,56580,2016-03-31,3,19568000000,-0.075,,,,,66000000,-0.902,470000000,-0.617,,314000000,,6.49,,,,,,63848000000,44733000000,0.657,,41969000000,,,,,,,,,,,,true,false,9,2015-04-01,2015-12-31,0
2016-01-29,56580,2015-03-31,3,21157000000,0.005,,,,,676000000,-0.375,1228000000,-0.250,,800000000,,16.54,,,,,,,,,,,,,,,,,,,,,,true,false,9,2014-04-01,2014-12-31,-1
2016-01-29,56580,2016-03-31,3,26803000000,-0.036,,,,,218000000,-0.692,687000000,-0.473,,400000000,,8.26,,,,,,,,,,,,,,,,,,,,,,true,true,12,2015-04-01,2016-03-31,0
2016-01-29,56580,2015-03-31,3,,,,,,,,,,,,,,,,,,,,65720000000,45146000000,0.644,,42324000000,,,,,,,,,,,,true,false,12,2014-04-01,2015-03-31,-1
2016-01-29,56580,2015-03-31,3,,,,,,,,,,,,,,,,,,,,,,,,,,,,,6.00,,,,51755478,3353105,,false,false,12,2014-04-01,2015-03-31,-1
2016-01-29,56580,2016-03-31,3,,,,,,,,,,,,,,,,,,,,,,,,,,,,,3.00,,,,,,,false,false,12,2015-04-01,2016-03-31,0
2016-01-29,56580,2016-03-31,3,,,,,,,,,,,,,,,,,,,,,,,,,,,,,,,,,51755478,3354112,48401859,false,false,9,2015-04-01,2015-12-31,0
2016-01-29,56580,2015-03-31,3,,,,,,,,,,,,,,,,,,,,,,,,,,,,,,,,,,,48410079,false,false,9,2014-04-01,2014-12-31,-1
2016-05-10,56580,2016-03-31,,26216000000,-0.057,,,,,266000000,-0.624,788000000,-0.395,,453000000,,9.37,,0.011,0.012,0.010,,62862000000,44152000000,0.658,855.22,41393000000,1918000000,-2395000000,-344000000,5901000000,,0.640,,,,,,true,false,12,2015-04-01,2016-03-31,0
2016-05-10,56580,2015-03-31,,27801000000,-0.025,,,,,707000000,-0.519,1303000000,-0.367,,790000000,,16.34,,0.019,0.020,0.025,,65720000000,45146000000,0.644,874.43,42324000000,1159000000,-1757000000,42000000,6731000000,,0.367,,,,,,true,false,12,2014-04-01,2015-03-31,-1
2016-05-10,56580,2016-03-31,,13998000000,-0.110,,,,,184000000,-0.835,894000000,-0.517,388000000,,-0.582,8.02,,,,,,44956000000,37933000000,0.844,783.74,37933000000,,,,,6.00,,,,51755478,3354234,48401716,false,false,12,2015-04-01,2016-03-31,0
2016-05-10,56580,2015-03-31,,15724000000,-0.016,,,,,1117000000,-0.095,1852000000,0.035,929000000,,0.139,19.21,,,,,,47857000000,38757000000,0.810,800.74,38757000000,,,,,6.00,,,,51755478,3353105,48408557,false,false,12,2014-04-01,2015-03-31,-1
2016-07-29,56580,2017-03-31,1,5869000000,-0.038,,,,,24000000,,100000000,-0.604,,57000000,,1.18,,,,,,59959000000,43788000000,0.685,,41059000000,,,,,,,,,,,,true,false,3,2016-04-01,2016-06-30,0
2016-07-29,56580,2016-03-31,1,6102000000,-0.083,,,,,-24000000,,254000000,-0.099,,186000000,,3.86,,,,,,,,,,,,,,,,,,,,,,true,false,3,2015-04-01,2015-06-30,-1
2016-07-29,56580,2017-03-31,1,12490000000,0.015,,,,,80000000,,210000000,0.750,,130000000,,2.69,,,,,,,,,,,,,,,,,,,,,,true,true,6,2016-04-01,2016-09-30,0
2016-07-29,56580,2017-03-31,1,27240000000,0.039,,,,,600000000,1.256,900000000,0.142,,620000000,,12.81,,,,,,,,,,,,,,,,,,,,,,true,true,12,2016-04-01,2017-03-31,0
2016-07-29,56580,2016-03-31,1,,,,,,,,,,,,,,,,,,,,62862000000,44152000000,0.658,,41393000000,,,,,,,,,,,,true,false,12,2015-04-01,2016-03-31,-1
2016-07-29,56580,2016-03-31,1,,,,,,,,,,,,,,,,,,,,,,,,,,,,,6.00,,,,51755478,3354234,,false,false,12,2015-04-01,2016-03-31,-1
2016-07-29,56580,2017-03-31,1,,,,,,,,,,,,,,,,,,,,,,,,,,,,,,,,,51755478,3354239,48401242,false,false,3,2016-04-01,2016-06-30,0
2016-07-29,56580,2016-03-31,1,,,,,,,,,,,,,,,,,,,,,,,,,,,,,,,,,,,48402150,false,false,3,2015-04-01,2015-06-30,-1
2016-07-29,56580,2017-03-31,,12490000000,,,,,,80000000,,210000000,,,130000000,,2.69,,,,,,,,,,,,,,,,,,,,,,true,true,6,2016-04-01,2016-09-30,0
2016-07-29,56580,2016-03-31,,12311000000,,,,,,-133000000,,120000000,,,86000000,,1.79,,,,,,,,,,,,,,,,,,,,,,true,false,6,2015-04-01,2015-09-30,-1
2016-07-29,56580,2017-03-31,,27240000000,,,,,,600000000,,900000000,,,620000000,,12.81,,,,,,,,,,,,,,,,,,,,,,true,true,12,2016-04-01,2017-03-31,0
2016-07-29,56580,2016-03-31,,26216000000,,,,,,266000000,,788000000,,,453000000,,9.37,,,,,,,,,,,,,,,,,,,,,,true,false,12,2015-04-01,2016-03-31,-1
2016-07-29,56580,2017-03-31,,6670000000,,,,,,,,210000000,,140000000,,,2.89,,,,,,,,,,,,,,,,,,,,,,false,true,6,2016-04-01,2016-09-30,0
2016-07-29,56580,2016-03-31,,6420000000,,,,,,,,333000000,,237000000,,,4.91,,,,,,,,,,,,,,,,,,,,,,false,false,6,2015-04-01,2015-09-30,-1
2016-07-29,56580,2017-03-31,,14960000000,,,,,,,,800000000,,590000000,,,12.19,,,,,,,,,,,,,,,,,,,,,,false,true,12,2016-04-01,2017-03-31,0
2016-07-29,56580,2016-03-31,,13998000000,,,,,,,,894000000,,388000000,,,8.02,,,,,,,,,,,,,,,,,,,,,,false,false,12,2015-04-01,2016-03-31,-1
2016-10-21,56580,2017-03-31,,12440000000,-0.004,,,,,130000000,0.625,300000000,0.429,,200000000,,4.13,,,,,,,,,,,,,,,,,,,,,,true,true,6,2016-04-01,2016-09-30,0
2016-10-21,56580,2016-03-31,,12311000000,,,,,,-133000000,,120000000,,,86000000,,1.79,,,,,,,,,,,,,,,,,,,,,,true,false,6,2015-04-01,2015-09-30,-1
2016-10-21,56580,2017-03-31,,6680000000,0.001,,,,,,,300000000,0.429,210000000,,0.500,4.34,,,,,,,,,,,,,,,,,,,,,,false,true,6,2016-04-01,2016-09-30,0
2016-10-21,56580,2016-03-31,,6420000000,,,,,,,,333000000,,237000000,,,4.91,,,,,,,,,,,,,,,,,,,,,,false,false,6,2015-04-01,2015-09-30,-1
2016-11-10,56580,2017-03-31,2,12448000000,0.011,,,,,134000000,,306000000,1.544,,205000000,,4.25,,,,,,62039000000,44039000000,0.666,,41343000000,,,,,,,,,,,,true,false,6,2016-04-01,2016-09-30,0
2016-11-10,56580,2016-03-31,2,12311000000,-0.095,,,,,-133000000,,120000000,-0.731,,86000000,,1.79,,,,,,,,,,,,,,,,,,,,,,true,false,6,2015-04-01,2015-09-30,-1
2016-11-10,56580,2017-03-31,2,27240000000,0.039,,,,,600000000,1.256,900000000,0.142,,620000000,,12.81,,,,,,,,,,,,,,,,,,,,,,true,true,12,2016-04-01,2017-03-31,0
2016-11-10,56580,2016-03-31,2,,,,,,,,,,,,,,,,,,,,62862000000,44152000000,0.658,,41393000000,,,,,,,,,,,,true,false,12,2015-04-01,2016-03-31,-1
2016-11-10,56580,2016-03-31,2,,,,,,,,,,,,,,,,,,,,,,,,,,,,,6.00,,,,51755478,3354234,,false,false,12,2015-04-01,2016-03-31,-1
2016-11-10,56580,2017-03-31,2,,,,,,,,,,,,,,,,,,,,,,,,,,,,,3.00,,,,,,,false,false,12,2016-04-01,2017-03-31,0
2016-11-10,56580,2017-03-31,2,,,,,,,,,,,,,,,,,,,,,,,,,,,,,,,,,51755478,3354422,48401188,false,false,6,2016-04-01,2016-09-30,0
2016-11-10,56580,2016-03-31,2,,,,,,,,,,,,,,,,,,,,,,,,,,,,,,,,,,,48401985,false,false,6,2015-04-01,2015-09-30,-1
2017-01-31,56580,2017-03-31,3,19449000000,-0.006,,,,,364000000,4.487,760000000,0.618,,520000000,,10.75,,,,,,63835000000,44865000000,0.660,,42154000000,,,,,,,,,,,,true,false,9,2016-04-01,2016-12-31,0
2017-01-31,56580,2016-03-31,3,19568000000,-0.075,,,,,66000000,-0.902,470000000,-0.617,,314000000,,6.49,,,,,,,,,,,,,,,,,,,,,,true,false,9,2015-04-01,2015-12-31,-1
2017-01-31,56580,2017-03-31,3,27240000000,0.039,,,,,600000000,1.256,900000000,0.142,,620000000,,12.81,,,,,,,,,,,,,,,,,,,,,,true,true,12,2016-04-01,2017-03-31,0
2017-01-31,56580,2016-03-31,3,,,,,,,,,,,,,,,,,,,,62862000000,44152000000,0.658,,41393000000,,,,,,,,,,,,true,false,12,2015-04-01,2016-03-31,-1
2017-01-31,56580,2016-03-31,3,,,,,,,,,,,,,,,,,,,,,,,,,,,,,6.00,,,,51755478,3354234,,false,false,12,2015-04-01,2016-03-31,-1
2017-01-31,56580,2017-03-31,3,,,,,,,,,,,,,,,,,,,,,,,,,,,,,3.00,,,,,,,false,false,12,2016-04-01,2017-03-31,0
2017-01-31,56580,2017-03-31,3,,,,,,,,,,,,,,,,,,,,,,,,,,,,,,,,,51755478,3354693,48401094,false,false,9,2016-04-01,2016-12-31,0
2017-01-31,56580,2016-03-31,3,,,,,,,,,,,,,,,,,,,,,,,,,,,,,,,,,,,48401859,false,false,9,2015-04-01,2015-12-31,-1
2017-05-12,56580,2017-03-31,,26333000000,0.004,,,,,575000000,1.163,1025000000,0.300,,687000000,,14.20,,0.016,0.016,0.022,,64463000000,45184000000,0.657,875.16,42358000000,3328000000,-2439000000,-445000000,6344000000,,0.423,,,,,,true,false,12,2016-04-01,2017-03-31,0
2017-05-12,56580,2016-03-31,,26216000000,-0.057,,,,,266000000,-0.624,788000000,-0.395,,453000000,,9.37,,0.011,0.012,0.010,,62862000000,44152000000,0.658,855.22,41393000000,1918000000,-2395000000,-344000000,5901000000,,0.640,,,,,,true,false,12,2015-04-01,2016-03-31,-1
2017-05-12,56580,2017-03-31,,14528000000,0.038,,,,,443000000,1.407,937000000,0.048,621000000,,0.602,12.85,,,,,,47006000000,38782000000,0.825,801.27,38782000000,,,,,6.00,,,,51755478,3355553,48400872,false,false,12,2016-04-01,2017-03-31,0
2017-05-12,56580,2016-03-31,,13998000000,-0.110,,,,,184000000,-0.835,894000000,-0.517,388000000,,-0.582,8.02,,,,,,44956000000,37933000000,0.844,783.74,37933000000,,,,,6.00,,,,51755478,3354234,48401716,false,false,12,2015-04-01,2016-03-31,-1
2017-07-28,56580,2018-03-31,1,6560000000,0.118,,,,,182000000,6.500,328000000,2.257,,216000000,,4.48,,,,,,64629000000,45456000000,0.659,,42618000000,,,,,,,,,,,,true,false,3,2017-04-01,2017-06-30,0
2017-07-28,56580,2017-03-31,1,5869000000,-0.038,,,,,24000000,,100000000,-0.604,,57000000,,1.18,,,,,,,,,,,,,,,,,,,,,,true,false,3,2016-04-01,2016-06-30,-1
2017-07-28,56580,2017-03-31,1,,,,,,,,,,,,,,,,,,,,64463000000,45184000000,0.657,,42358000000,,,,,,,,,,,,true,false,12,2016-04-01,2017-03-31,-1
2017-07-28,56580,2017-03-31,1,,,,,,,,,,,,,,,,,,,,,,,,,,,,,6.00,,,,51755478,3355553,,false,false,12,2016-04-01,2017-03-31,-1
2017-07-28,56580,2018-03-31,1,,,,,,,,,,,,,,,,,,,,,,,,,,,,,,,,,51755478,3355563,48399915,false,false,3,2017-04-01,2017-06-30,0
2017-07-28,56580,2017-03-31,1,,,,,,,,,,,,,,,,,,,,,,,,,,,,,,,,,,,48401242,false,false,3,2016-04-01,2016-06-30,-1
2017-11-10,56580,2018-03-31,2,13420000000,0.078,,,,,456000000,2.384,659000000,1.151,,416000000,,8.61,,,,,,64947000000,45905000000,0.662,,43025000000,,,,,,,,,,,,true,false,6,2017-04-01,2017-09-30,0
2017-11-10,56580,2017-03-31,2,12448000000,0.011,,,,,134000000,,306000000,1.544,,205000000,,4.25,,,,,,,,,,,,,,,,,,,,,,true,false,6,2016-04-01,2016-09-30,-1
2017-11-10,56580,2018-03-31,2,28400000000,0.078,,,,,800000000,0.390,1200000000,0.171,,730000000,,15.08,,,,,,,,,,,,,,,,,,,,,,true,true,12,2017-04-01,2018-03-31,0
2017-11-10,56580,2017-03-31,2,,,,,,,,,,,,,,,,,,,,64463000000,45184000000,0.657,,42358000000,,,,,,,,,,,,true,false,12,2016-04-01,2017-03-31,-1
2017-11-10,56580,2017-03-31,2,,,,,,,,,,,,,,,,,,,,,,,,,,,,,6.00,,,,51755478,3355553,,false,false,12,2016-04-01,2017-03-31,-1
2017-11-10,56580,2018-03-31,2,,,,,,,,,,,,,,,,,,,,,,,,,,,,,3.00,,,,,,,false,false,12,2017-04-01,2018-03-31,0
2017-11-10,56580,2018-03-31,2,,,,,,,,,,,,,,,,,,,,,,,,,,,,,,,,,51755478,3355917,48399800,false,false,6,2017-04-01,2017-09-30,0
2017-11-10,56580,2017-03-31,2,,,,,,,,,,,,,,,,,,,,,,,,,,,,,,,,,,,48401188,false,false,6,2016-04-01,2016-09-30,-1
2017-11-10,56580,2018-03-31,,28400000000,,,,,,800000000,,1200000000,,,730000000,,15.08,,,,,,,,,,,,,,,,,,,,,,true,true,12,2017-04-01,2018-03-31,0
2017-11-10,56580,2017-03-31,,26333000000,,,,,,575000000,,1025000000,,,687000000,,14.20,,,,,,,,,,,,,,,,,,,,,,true,false,12,2016-04-01,2017-03-31,-1
2018-01-30,56580,2018-03-31,3,21036000000,0.082,,,,,801000000,1.199,1106000000,0.454,,655000000,,13.55,,,,,,66050000000,46470000000,0.660,,43571000000,,,,,,,,,,,,true,false,9,2017-04-01,2017-12-31,0
2018-01-30,56580,2017-03-31,3,19449000000,-0.006,,,,,364000000,4.487,760000000,0.618,,520000000,,10.75,,,,,,,,,,,,,,,,,,,,,,true,false,9,2016-04-01,2016-12-31,-1
2018-01-30,56580,2018-03-31,3,28400000000,0.078,,,,,800000000,0.390,1200000000,0.171,,730000000,,15.08,,,,,,,,,,,,,,,,,,,,,,true,true,12,2017-04-01,2018-03-31,0
2018-01-30,56580,2017-03-31,3,,,,,,,,,,,,,,,,,,,,64463000000,45184000000,0.657,,42358000000,,,,,,,,,,,,true,false,12,2016-04-01,2017-03-31,-1
2018-01-30,56580,2017-03-31,3,,,,,,,,,,,,,,,,,,,,,,,,,,,,,6.00,,,,51755478,3355553,,false,false,12,2016-04-01,2017-03-31,-1
2018-01-30,56580,2018-03-31,3,,,,,,,,,,,,,,,,,,,,,,,,,,,,,3.00,,,,,,,false,false,12,2017-04-01,2018-03-31,0
2018-01-30,56580,2018-03-31,3,,,,,,,,,,,,,,,,,,,,,,,,,,,,,,,,,51755478,3356313,48399656,false,false,9,2017-04-01,2017-12-31,0
2018-01-30,56580,2017-03-31,3,,,,,,,,,,,,,,,,,,,,,,,,,,,,,,,,,,,48401094,false,false,9,2016-04-01,2016-12-31,-1
2018-05-11,56580,2018-03-31,,28281000000,0.074,,,,,946000000,0.645,1258000000,0.228,,764000000,,15.80,,0.018,0.019,0.033,,65759000000,46123000000,0.658,893.71,43254000000,1989000000,11000000,-637000000,7710000000,,0.443,,,,,,true,false,12,2017-04-01,2018-03-31,0
2018-05-11,56580,2017-03-31,,26333000000,0.004,,,,,575000000,1.163,1025000000,0.300,,687000000,,14.20,,0.016,0.016,0.022,,64463000000,45184000000,0.657,875.16,42358000000,3328000000,-2439000000,-445000000,6344000000,,0.423,,,,,,true,false,12,2016-04-01,2017-03-31,-1
2018-05-11,56580,2018-03-31,,15457000000,0.064,,,,,751000000,0.695,1151000000,0.228,401000000,,-0.355,8.29,,,,,,47563000000,39230000000,0.825,810.57,39230000000,,,,,7.00,,1.00,,51755478,3356460,48399501,false,false,12,2017-04-01,2018-03-31,0
2018-05-11,56580,2017-03-31,,14528000000,0.038,,,,,443000000,1.407,937000000,0.048,621000000,,0.602,12.85,,,,,,47006000000,38782000000,0.825,801.27,38782000000,,,,,6.00,,,,51755478,3355553,48400872,false,false,12,2016-04-01,2017-03-31,-1
2018-07-31,56580,2019-03-31,1,7218000000,0.100,,,,,187000000,0.024,359000000,0.095,,220000000,,4.56,,,,,,65310000000,45886000000,0.660,,43113000000,,,,,,,,,,,,true,false,3,2018-04-01,2018-06-30,0
2018-07-31,56580,2018-03-31,1,6560000000,0.118,,,,,182000000,6.500,328000000,2.257,,216000000,,4.48,,,,,,,,,,,,,,,,,,,,,,true,false,3,2017-04-01,2017-06-30,-1
2018-07-31,56580,2018-03-31,1,,,,,,,,,,,,,,,,,,,,65519000000,46123000000,0.660,,43254000000,,,,,,,,,,,,true,false,12,2017-04-01,2018-03-31,-1
2018-07-31,56580,2018-03-31,1,,,,,,,,,,,,,,,,,,,,,,,,,,,,,7.00,,,,51755478,3356460,,false,false,12,2017-04-01,2018-03-31,-1
2018-07-31,56580,2019-03-31,1,,,,,,,,,,,,,,,,,,,,,,,,,,,,,,,,,51755478,3356576,48398940,false,false,3,2018-04-01,2018-06-30,0
2018-07-31,56580,2018-03-31,1,,,,,,,,,,,,,,,,,,,,,,,,,,,,,,,,,,,48399915,false,false,3,2017-04-01,2017-06-30,-1
2018-11-09,56580,2019-03-31,2,14477000000,0.079,,,,,333000000,-0.269,520000000,-0.210,,149000000,,3.09,,,,,,65554000000,45995000000,0.661,,43353000000,,,,,,,,,,,,true,false,6,2018-04-01,2018-09-30,0
2018-11-09,56580,2018-03-31,2,13420000000,0.078,,,,,456000000,2.384,659000000,1.151,,416000000,,8.61,,,,,,,,,,,,,,,,,,,,,,true,false,6,2017-04-01,2017-09-30,-1
2018-11-09,56580,2019-03-31,2,30500000000,0.078,,,,,950000000,0.003,1250000000,-0.007,750000000,,-0.019,15.50,,,,,,,,,,,,,,,,,,,,,,true,true,12,2018-04-01,2019-03-31,0
2018-11-09,56580,2018-03-31,2,,,,,,,,,,,,,,,,,,,,65519000000,46123000000,0.660,,43254000000,,,,,,,,,,,,true,false,12,2017-04-01,2018-03-31,-1
2018-11-09,56580,2018-03-31,2,,,,,,,,,,,,,,,,,,,,,,,,,,,,,7.00,,,,51755478,3356460,,false,false,12,2017-04-01,2018-03-31,-1
2018-11-09,56580,2019-03-31,2,,,,,,,,,,,,,,,,,,,,,,,,,,,,,3.00,,,,,,,false,false,12,2018-04-01,2019-03-31,0
2018-11-09,56580,2019-03-31,2,,,,,,,,,,,,,,,,,,,,,,,,,,,,,,,,,51755478,3357012,48398792,false,false,6,2018-04-01,2018-09-30,0
2018-11-09,56580,2018-03-31,2,,,,,,,,,,,,,,,,,,,,,,,,,,,,,,,,,,,48399800,false,false,6,2017-04-01,2017-09-30,-1
2018-11-09,56580,2019-03-31,,30500000000,,,,,,950000000,,1250000000,,,750000000,,15.50,,,,,,,,,,,,,,,,,,,,,,true,true,12,2018-04-01,2019-03-31,0
2018-11-09,56580,2018-03-31,,28281000000,,,,,,946000000,,1258000000,,,764000000,,15.80,,,,,,,,,,,,,,,,,,,,,,true,false,12,2017-04-01,2018-03-31,-1
2019-01-31,56580,2019-03-31,3,23229000000,0.104,,,,,882000000,0.100,1136000000,0.027,,595000000,,12.30,,,,,,64881000000,45231000000,0.657,,42604000000,,,,,,,,,,,,true,false,9,2018-04-01,2018-12-31,0
2019-01-31,56580,2018-03-31,3,21036000000,0.082,,,,,801000000,1.199,1106000000,0.454,,655000000,,13.55,,,,,,,,,,,,,,,,,,,,,,true,false,9,2017-04-01,2017-12-31,-1
2019-01-31,56580,2019-03-31,3,30500000000,0.078,,,,,950000000,0.003,1250000000,-0.007,,750000000,,15.50,,,,,,,,,,,,,,,,,,,,,,true,true,12,2018-04-01,2019-03-31,0
2019-01-31,56580,2018-03-31,3,,,,,,,,,,,,,,,,,,,,65519000000,46123000000,0.660,,43254000000,,,,,,,,,,,,true,false,12,2017-04-01,2018-03-31,-1
2019-01-31,56580,2018-03-31,3,,,,,,,,,,,,,,,,,,,,,,,,,,,,,7.00,,,,51755478,3356460,,false,false,12,2017-04-01,2018-03-31,-1
2019-01-31,56580,2019-03-31,3,,,,,,,,,,,,,,,,,,,,,,,,,,,,,3.00,,,,,,,false,false,12,2018-04-01,2019-03-31,0
2019-01-31,56580,2019-03-31,3,,,,,,,,,,,,,,,,,,,,,,,,,,,,,,,,,51755478,3357185,48398649,false,false,9,2018-04-01,2018-12-31,0
2019-01-31,56580,2018-03-31,3,,,,,,,,,,,,,,,,,,,,,,,,,,,,,,,,,,,48399656,false,false,9,2017-04-01,2017-12-31,-1
2019-04-17,56580,2019-03-31,,31200000000,0.023,,,,,1150000000,0.211,1500000000,0.200,,1000000000,,20.66,,,,,,,,,,,,,,,,,,,,,,true,true,12,2018-04-01,2019-03-31,0
2019-04-17,56580,2018-03-31,,28281000000,,,,,,946000000,,1258000000,,,764000000,,15.80,,,,,,,,,,,,,,,,,,,,,,true,false,12,2017-04-01,2018-03-31,-1
2019-05-14,56580,2019-03-31,,31247000000,0.105,,,,,1160000000,0.225,1522000000,0.209,,979000000,,20.24,,0.023,0.023,0.037,,66464000000,45947000000,0.648,890.08,43078000000,3130000000,-498000000,-653000000,9774000000,,0.296,,,,,,true,false,12,2018-04-01,2019-03-31,0
2019-05-14,56580,2018-03-31,,28281000000,0.074,,,,,946000000,0.645,1258000000,0.228,,764000000,,15.80,,0.018,0.019,0.033,,65519000000,46123000000,0.660,893.71,43254000000,1989000000,11000000,-637000000,7710000000,,0.443,,,,,,true,false,12,2017-04-01,2018-03-31,-1
2019-05-14,56580,2019-03-31,,17173000000,0.111,,,,,1032000000,0.375,1521000000,0.321,542000000,,0.353,11.22,,,,,,47686000000,38852000000,0.815,802.76,38852000000,,,,,6.00,,,,51755478,3357407,48398515,false,false,12,2018-04-01,2019-03-31,0
2019-05-14,56580,2018-03-31,,15457000000,0.064,,,,,751000000,0.695,1151000000,0.228,401000000,,-0.355,8.29,,,,,,47461000000,39230000000,0.827,810.57,39230000000,,,,,7.00,,,,51755478,3356460,48399501,false,false,12,2017-04-01,2018-03-31,-1
2019-07-31,56580,2020-03-31,1,7523000000,0.042,,,,,352000000,0.883,472000000,0.314,,147000000,,3.05,,,,,,64486000000,45951000000,0.668,,43065000000,,,,,,,,,,,,true,false,3,2019-04-01,2019-06-30,0
2019-07-31,56580,2019-03-31,1,7218000000,0.100,,,,,187000000,0.024,359000000,0.095,,220000000,,4.56,,,,,,,,,,,,,,,,,,,,,,true,false,3,2018-04-01,2018-06-30,-1
2019-07-31,56580,2019-03-31,1,,,,,,,,,,,,,,,,,,,,66464000000,45947000000,0.648,,43078000000,,,,,,,,,,,,true,false,12,2018-04-01,2019-03-31,-1
2019-07-31,56580,2019-03-31,1,,,,,,,,,,,,,,,,,,,,,,,,,,,,,6.00,,,,51755478,3357407,,false,false,12,2018-04-01,2019-03-31,-1
2019-07-31,56580,2020-03-31,1,,,,,,,,,,,,,,,,,,,,,,,,,,,,,,,,,51755478,3357609,48397936,false,false,3,2019-04-01,2019-06-30,0
2019-07-31,56580,2019-03-31,1,,,,,,,,,,,,,,,,,,,,,,,,,,,,,,,,,,,48398940,false,false,3,2018-04-01,2018-06-30,-1
2019-11-12,56580,2020-03-31,2,15374000000,0.062,,,,,728000000,1.182,870000000,0.673,,432000000,,8.93,,,,,,64222000000,46147000000,0.674,,43269000000,,,,,,,,,,,,true,false,6,2019-04-01,2019-09-30,0
2019-11-12,56580,2019-03-31,2,14477000000,0.079,,,,,333000000,-0.269,520000000,-0.210,,149000000,,3.09,,,,,,,,,,,,,,,,,,,,,,true,false,6,2018-04-01,2018-09-30,-1
2019-11-12,56580,2020-03-31,2,31500000000,0.008,,,,,1600000000,0.379,1900000000,0.248,,1050000000,,21.70,,,,,,,,,,,,,,,,,,,,,,true,true,12,2019-04-01,2020-03-31,0
2019-11-12,56580,2019-03-31,2,,,,,,,,,,,,,,,,,,,,66464000000,45947000000,0.648,,43078000000,,,,,,,,,,,,true,false,12,2018-04-01,2019-03-31,-1
2019-11-12,56580,2019-03-31,2,,,,,,,,,,,,,,,,,,,,,,,,,,,,,6.00,,,,51755478,3357407,,false,false,12,2018-04-01,2019-03-31,-1
2019-11-12,56580,2020-03-31,2,,,,,,,,,,,,,,,,,,,,,,,,,,,,,3.00,,,,,,,false,false,12,2019-04-01,2020-03-31,0
2019-11-12,56580,2020-03-31,2,,,,,,,,,,,,,,,,,,,,,,,,,,,,,,,,,51755478,3357674,48397879,false,false,6,2019-04-01,2019-09-30,0
2019-11-12,56580,2019-03-31,2,,,,,,,,,,,,,,,,,,,,,,,,,,,,,,,,,,,48398792,false,false,6,2018-04-01,2018-09-30,-1
2019-11-12,56580,2020-03-31,,31500000000,,,,,,1600000000,,1900000000,,,1050000000,,21.70,,,,,,,,,,,,,,,,,,,,,,true,true,12,2019-04-01,2020-03-31,0
2019-11-12,56580,2019-03-31,,31247000000,,,,,,1160000000,,1522000000,,,979000000,,20.24,,,,,,,,,,,,,,,,,,,,,,true,false,12,2018-04-01,2019-03-31,-1
2020-01-31,56580,2020-03-31,3,23411000000,0.008,,,,,1316000000,0.492,1575000000,0.386,,918000000,,18.98,,,,,,64899000000,46793000000,0.677,,43905000000,,,,,,,,,,,,true,false,9,2019-04-01,2019-12-31,0
2020-01-31,56580,2019-03-31,3,23229000000,0.104,,,,,882000000,0.100,1136000000,0.027,,595000000,,12.30,,,,,,,,,,,,,,,,,,,,,,true,false,9,2018-04-01,2018-12-31,-1
2020-01-31,56580,2020-03-31,3,31500000000,0.008,,,,,1600000000,0.379,1900000000,0.248,,1050000000,,21.70,,,,,,,,,,,,,,,,,,,,,,true,true,12,2019-04-01,2020-03-31,0
2020-01-31,56580,2019-03-31,3,,,,,,,,,,,,,,,,,,,,66464000000,45947000000,0.648,,43078000000,,,,,,,,,,,,true,false,12,2018-04-01,2019-03-31,-1
2020-01-31,56580,2019-03-31,3,,,,,,,,,,,,,,,,,,,,,,,,,,,,,6.00,,,,51755478,3357407,,false,false,12,2018-04-01,2019-03-31,-1
2020-01-31,56580,2020-03-31,3,,,,,,,,,,,,,,,,,,,,,,,,,,,,,3.00,,,,,,,false,false,12,2019-04-01,2020-03-31,0
2020-01-31,56580,2020-03-31,3,,,,,,,,,,,,,,,,,,,,,,,,,,,,,,,,,51755478,3357684,48397853,false,false,9,2019-04-01,2019-12-31,0
2020-01-31,56580,2019-03-31,3,,,,,,,,,,,,,,,,,,,,,,,,,,,,,,,,,,,48398649,false,false,9,2018-04-01,2018-12-31,-1
2020-04-03,56580,2020-03-31,,30850000000,-0.021,,,,,1700000000,0.063,1950000000,0.026,,350000000,,7.23,,,,,,,,,,,,,,,,,,,,,,true,true,12,2019-04-01,2020-03-31,0
2020-04-03,56580,2019-03-31,,31247000000,,,,,,1160000000,,1522000000,,,979000000,,20.24,,,,,,,,,,,,,,,,,,,,,,true,false,12,2018-04-01,2019-03-31,-1
2020-05-14,56580,2020-03-31,,30939000000,-0.010,,,,,1750000000,0.508,2033000000,0.336,,384000000,,7.94,,0.009,0.031,0.057,,64529000000,45981000000,0.668,890.65,43105000000,2251000000,-2513000000,-1761000000,7741000000,,0.756,,,,,,true,false,12,2019-04-01,2020-03-31,0
2020-05-14,56580,2019-03-31,,31247000000,0.105,,,,,1160000000,0.225,1522000000,0.209,,979000000,,20.24,,0.023,0.023,0.037,,66464000000,45947000000,0.648,890.08,43078000000,3130000000,-498000000,-653000000,9774000000,,0.296,,,,,,true,false,12,2018-04-01,2019-03-31,-1
2020-05-14,56580,2020-03-31,,17848000000,0.039,,,,,1655000000,0.603,2027000000,0.333,344000000,,-0.366,7.11,,,,,,47186000000,38841000000,0.823,802.56,38841000000,,,,,6.00,,,,51755478,3357782,48397822,false,false,12,2019-04-01,2020-03-31,0
2020-05-14,56580,2019-03-31,,17173000000,0.111,,,,,1032000000,0.375,1521000000,0.321,542000000,,0.353,11.22,,,,,,47686000000,38852000000,0.815,802.76,38852000000,,,,,6.00,,,,51755478,3357407,48398515,false,false,12,2018-04-01,2019-03-31,-1
2020-07-31,56580,2021-03-31,1,6169000000,-0.180,,,,,246000000,-0.302,417000000,-0.116,,300000000,,6.21,,,,,,63492000000,46325000000,0.684,,43447000000,,,,,,,,,,,,true,false,3,2020-04-01,2020-06-30,0
2020-07-31,56580,2020-03-31,1,7523000000,0.042,,,,,352000000,0.883,472000000,0.314,,147000000,,3.05,,,,,,,,,,,,,,,,,,,,,,true,false,3,2019-04-01,2019-06-30,-1
2020-07-31,56580,2020-03-31,1,,,,,,,,,,,,,,,,,,,,64529000000,45981000000,0.668,,43105000000,,,,,,,,,,,,true,false,12,2019-04-01,2020-03-31,-1
2020-07-31,56580,2020-03-31,1,,,,,,,,,,,,,,,,,,,,,,,,,,,,,6.00,,,,51755478,3357782,,false,false,12,2019-04-01,2020-03-31,-1
2020-07-31,56580,2021-03-31,1,,,,,,,,,,,,,,,,,,,,,,,,,,,,,,,,,51755478,3357844,48397670,false,false,3,2020-04-01,2020-06-30,0
2020-07-31,56580,2020-03-31,1,,,,,,,,,,,,,,,,,,,,,,,,,,,,,,,,,,,48397936,false,false,3,2019-04-01,2019-06-30,-1
2020-11-11,56580,2021-03-31,2,12560000000,-0.183,,,,,343000000,-0.528,554000000,-0.363,,400000000,,8.27,,,,,,62595000000,46482000000,0.697,,43627000000,,,,,,,,,,,,true,false,6,2020-04-01,2020-09-30,0
2020-11-11,56580,2020-03-31,2,15374000000,0.062,,,,,728000000,1.182,870000000,0.673,,432000000,,8.93,,,,,,,,,,,,,,,,,,,,,,true,false,6,2019-04-01,2019-09-30,-1
2020-11-11,56580,2021-03-31,2,27000000000,-0.127,,,,,1000000000,-0.429,1400000000,-0.312,,,,19.63,,,,,,,,,,,,,,,,,,,,,,true,true,12,2020-04-01,2021-03-31,0
2020-11-11,56580,2020-03-31,2,,,,,,,,,,,,,,,,,,,,64529000000,45981000000,0.668,,43105000000,,,,,,,,,,,,true,false,12,2019-04-01,2020-03-31,-1
2020-11-11,56580,2020-03-31,2,,,,,,,,,,,,,,,,,,,,,,,,,,,,,6.00,,,,51755478,3357782,,false,false,12,2019-04-01,2020-03-31,-1
2020-11-11,56580,2021-03-31,2,,,,,,,,,,,,,,,,,,,,,,,,,,,,,3.00,,,,,,,false,false,12,2020-04-01,2021-03-31,0
2020-11-11,56580,2021-03-31,2,,,,,,,,,,,,,,,,,,,,,,,,,,,,,,,,,51755478,3358128,48397528,false,false,6,2020-04-01,2020-09-30,0
2020-11-11,56580,2020-03-31,2,,,,,,,,,,,,,,,,,,,,,,,,,,,,,,,,,,,48397879,false,false,6,2019-04-01,2019-09-30,-1
2020-11-11,56580,2021-03-31,,27000000000,,,,,,1000000000,,1400000000,,,950000000,,19.63,,,,,,,,,,,,,,,,,,,,,,true,true,12,2020-04-01,2021-03-31,0
2020-11-11,56580,2020-03-31,,30939000000,,,,,,1750000000,,2033000000,,,384000000,,7.94,,,,,,,,,,,,,,,,,,,,,,true,false,12,2019-04-01,2020-03-31,-1
2020-11-11,56580,2021-03-31,2,12560000000,-0.183,,,,,343000000,-0.528,554000000,-0.363,,400000000,,8.27,,,,,,62595000000,46482000000,0.697,,43627000000,,,,,,,,,,,,true,false,6,2020-04-01,2020-09-30,0
2020-11-11,56580,2020-03-31,2,15374000000,0.062,,,,,728000000,1.182,870000000,0.673,,432000000,,8.93,,,,,,,,,,,,,,,,,,,,,,true,false,6,2019-04-01,2019-09-30,-1
2020-11-11,56580,2021-03-31,2,27000000000,-0.127,,,,,1000000000,-0.429,1400000000,-0.312,,950000000,,19.63,,,,,,,,,,,,,,,,,,,,,,true,true,12,2020-04-01,2021-03-31,0
2020-11-11,56580,2020-03-31,2,,,,,,,,,,,,,,,,,,,,64529000000,45981000000,0.668,,43105000000,,,,,,,,,,,,true,false,12,2019-04-01,2020-03-31,-1
2020-11-11,56580,2020-03-31,2,,,,,,,,,,,,,,,,,,,,,,,,,,,,,6.00,,,,51755478,3357782,,false,false,12,2019-04-01,2020-03-31,-1
2020-11-11,56580,2021-03-31,2,,,,,,,,,,,,,,,,,,,,,,,,,,,,,3.00,,,,,,,false,false,12,2020-04-01,2021-03-31,0
2020-11-11,56580,2021-03-31,2,,,,,,,,,,,,,,,,,,,,,,,,,,,,,,,,,51755478,3358128,48397528,false,false,6,2020-04-01,2020-09-30,0
2020-11-11,56580,2020-03-31,2,,,,,,,,,,,,,,,,,,,,,,,,,,,,,,,,,,,48397879,false,false,6,2019-04-01,2019-09-30,-1
2021-01-28,56580,2021-03-31,3,20145000000,-0.140,,,,,874000000,-0.335,1209000000,-0.232,,1056000000,,21.82,,,,,,64005000000,47155000000,0.692,,44262000000,,,,,,,,,,,,true,false,9,2020-04-01,2020-12-31,0
2021-01-28,56580,2020-03-31,3,23411000000,0.008,,,,,1316000000,0.492,1575000000,0.386,,918000000,,18.98,,,,,,,,,,,,,,,,,,,,,,true,false,9,2019-04-01,2019-12-31,-1
2021-01-28,56580,2021-03-31,3,27000000000,-0.127,,,,,1000000000,-0.429,1400000000,-0.312,,950000000,,19.63,,,,,,,,,,,,,,,,,,,,,,true,true,12,2020-04-01,2021-03-31,0
2021-01-28,56580,2020-03-31,3,,,,,,,,,,,,,,,,,,,,64529000000,45981000000,0.668,,43105000000,,,,,,,,,,,,true,false,12,2019-04-01,2020-03-31,-1
2021-01-28,56580,2020-03-31,3,,,,,,,,,,,,,,,,,,,,,,,,,,,,,6.00,,,,51755478,3357782,,false,false,12,2019-04-01,2020-03-31,-1
2021-01-28,56580,2021-03-31,3,,,,,,,,,,,,,,,,,,,,,,,,,,,,,3.00,,,,,,,false,false,12,2020-04-01,2021-03-31,0
2021-01-28,56580,2021-03-31,3,,,,,,,,,,,,,,,,,,,,,,,,,,,,,,,,,51755478,3358402,48397432,false,false,9,2020-04-01,2020-12-31,0
2021-01-28,56580,2020-03-31,3,,,,,,,,,,,,,,,,,,,,,,,,,,,,,,,,,,,48397853,false,false,9,2019-04-01,2019-12-31,-1
2021-04-21,56580,2021-03-31,,27800000000,0.030,,,,,1480000000,0.480,1910000000,0.364,,1320000000,,27.27,,,,,,,,,,,,,,,,,,,,,,true,true,12,2020-04-01,2021-03-31,0
2021-04-21,56580,2020-03-31,,30939000000,,,,,,1750000000,,2033000000,,,384000000,,7.94,,,,,,,,,,,,,,,,,,,,,,true,false,12,2019-04-01,2020-03-31,-1
2021-04-21,56580,2021-03-31,,,,,,,,,,,,,,,,,,,,,,,,,,,,,,7.00,,,,,,,false,true,12,2020-04-01,2021-03-31,0
2021-04-21,56580,2021-03-31,,,,,,,,,,,,,,,,,,,,,,,,,,,,,,3.00,,,,,,,false,false,12,2020-04-01,2021-03-31,0
2021-04-21,56580,2020-03-31,,,,,,,,,,,,,,,,,,,,,,,,,,,,,,6.00,,,,,,,false,false,12,2019-04-01,2020-03-31,-1
2021-05-13,56580,2021-03-31,,27816000000,-0.101,,,,,1490000000,-0.148,1921000000,-0.055,,1333000000,,27.56,,0.030,0.030,0.054,,65238000000,48101000000,0.692,932.43,45126000000,4494000000,-709000000,-1486000000,10036000000,,0.254,,,,,,true,false,12,2020-04-01,2021-03-31,0
2021-05-13,56580,2020-03-31,,30939000000,-0.010,,,,,1750000000,0.508,2033000000,0.336,,384000000,,7.94,,0.009,0.031,0.057,,64529000000,45981000000,0.668,890.65,43105000000,2251000000,-2513000000,-1761000000,7741000000,,0.756,,,,,,true,false,12,2019-04-01,2020-03-31,-1
2021-05-13,56580,2021-03-31,,15871000000,-0.111,,,,,1257000000,-0.240,1599000000,-0.211,1129000000,,2.280,23.34,,,,,,48545000000,40703000000,0.838,841.04,40703000000,,,,,7.00,,,,51755478,3358696,48397286,false,false,12,2020-04-01,2021-03-31,0
2021-05-13,56580,2020-03-31,,17848000000,0.039,,,,,1655000000,0.603,2027000000,0.333,344000000,,-0.366,7.11,,,,,,47186000000,38841000000,0.823,802.56,38841000000,,,,,6.00,,,,51755478,3357782,48397822,false,false,12,2019-04-01,2020-03-31,-1
2021-07-30,56580,2022-03-31,1,7048000000,0.143,,,,,501000000,1.036,689000000,0.650,,449000000,,9.28,,,,,,65414000000,48289000000,0.692,,45255000000,,,,,,,,,,,,true,false,3,2021-04-01,2021-06-30,0
2021-07-30,56580,2021-03-31,1,6169000000,-0.180,,,,,246000000,-0.302,417000000,-0.116,,300000000,,6.21,,,,,,,,,,,,,,,,,,,,,,true,false,3,2020-04-01,2020-06-30,-1
2021-07-30,56580,2022-03-31,1,14400000000,0.146,,,,,900000000,1.619,1100000000,0.984,,700000000,,14.46,,,,,,,,,,,,,,,,,,,,,,true,true,6,2021-04-01,2021-09-30,0
2021-07-30,56580,2022-03-31,1,30000000000,0.078,,,,,1900000000,0.274,2300000000,0.197,,1470000000,,30.37,,,,,,,,,,,,,,,,,,,,,,true,true,12,2021-04-01,2022-03-31,0
2021-07-30,56580,2021-03-31,1,,,,,,,,,,,,,,,,,,,,65238000000,48101000000,0.692,,45126000000,,,,,,,,,,,,true,false,12,2020-04-01,2021-03-31,-1
2021-07-30,56580,2021-03-31,1,,,,,,,,,,,,,,,,,,,,,,,,,,,,,7.00,,,,51755478,3358696,,false,false,12,2020-04-01,2021-03-31,-1
2021-07-30,56580,2022-03-31,1,,,,,,,,,,,,,,,,,,,,,,,,,,,,,,,,,51755478,3359143,48396512,false,false,3,2021-04-01,2021-06-30,0
2021-07-30,56580,2021-03-31,1,,,,,,,,,,,,,,,,,,,,,,,,,,,,,,,,,,,48397670,false,false,3,2020-04-01,2020-06-30,-1
2021-07-30,56580,2022-03-31,,14400000000,,,,,,900000000,,1100000000,,,700000000,,14.46,,,,,,,,,,,,,,,,,,,,,,true,true,6,2021-04-01,2021-09-30,0
2021-07-30,56580,2021-03-31,,12560000000,,,,,,343000000,,554000000,,,400000000,,8.27,,,,,,,,,,,,,,,,,,,,,,true,false,6,2020-04-01,2020-09-30,-1
2021-07-30,56580,2022-03-31,,30000000000,,,,,,1900000000,,2300000000,,,1470000000,,30.37,,,,,,,,,,,,,,,,,,,,,,true,true,12,2021-04-01,2022-03-31,0
2021-07-30,56580,2021-03-31,,27816000000,,,,,,1490000000,,1921000000,,,1333000000,,27.56,,,,,,,,,,,,,,,,,,,,,,true,false,12,2020-04-01,2021-03-31,-1
,56580,2022-03-31,,,,,,,,,,,,,,,,,,,,,,,,,,,,,,4.00,,,,,,,false,true,12,2021-04-01,2022-03-31,0
,56580,2021-03-31,,,,,,,,,,,,,,,,,,,,,,,,,,,,,,7.00,,,,,,,false,false,12,2020-04-01,2021-03-31,-1
2021-11-11,56580,2022-03-31,2,14765000000,0.176,,,,,1010000000,1.940,1281000000,1.311,,830000000,,17.16,,,,,,66119000000,48816000000,0.692,,45762000000,,,,,,,,,,,,true,false,6,2021-04-01,2021-09-30,0
2021-11-11,56580,2021-03-31,2,12560000000,-0.183,,,,,343000000,-0.528,554000000,-0.363,,400000000,,8.27,,,,,,,,,,,,,,,,,,,,,,true,false,6,2020-04-01,2020-09-30,-1
2021-11-11,56580,2022-03-31,2,30000000000,0.078,,,,,1900000000,0.274,2300000000,0.197,,1470000000,,30.37,,,,,,,,,,,,,,,,,,,,,,true,true,12,2021-04-01,2022-03-31,0
2021-11-11,56580,2021-03-31,2,,,,,,,,,,,,,,,,,,,,65238000000,48101000000,0.692,,45126000000,,,,,,,,,,,,true,false,12,2020-04-01,2021-03-31,-1
2021-11-11,56580,2021-03-31,2,,,,,,,,,,,,,,,,,,,,,,,,,,,,,7.00,,,,51755478,3358696,,false,false,12,2020-04-01,2021-03-31,-1
2021-11-11,56580,2022-03-31,2,,,,,,,,,,,,,,,,,,,,,,,,,,,,,4.00,,,,,,,false,false,12,2021-04-01,2022-03-31,0
2021-11-11,56580,2022-03-31,2,,,,,,,,,,,,,,,,,,,,,,,,,,,,,,,,,51755478,3359300,48396346,false,false,6,2021-04-01,2021-09-30,0
2021-11-11,56580,2021-03-31,2,,,,,,,,,,,,,,,,,,,,,,,,,,,,,,,,,,,48397528,false,false,6,2020-04-01,2020-09-30,-1
2022-01-31,56580,2022-03-31,3,23066000000,0.145,,,,,1609000000,0.840,2078000000,0.718,,1373000000,,28.38,,,,,,66963000000,49084000000,0.687,,46032000000,,,,,,,,,,,,true,false,9,2021-04-01,2021-12-31,0
2022-01-31,56580,2021-03-31,3,20145000000,-0.140,,,,,874000000,-0.335,1209000000,-0.232,,1056000000,,21.82,,,,,,,,,,,,,,,,,,,,,,true,false,9,2020-04-01,2020-12-31,-1
2022-01-31,56580,2022-03-31,3,30000000000,0.078,,,,,1900000000,0.274,2300000000,0.197,,1470000000,,30.37,,,,,,,,,,,,,,,,,,,,,,true,true,12,2021-04-01,2022-03-31,0
2022-01-31,56580,2021-03-31,3,,,,,,,,,,,,,,,,,,,,65238000000,48101000000,0.692,,45126000000,,,,,,,,,,,,true,false,12,2020-04-01,2021-03-31,-1
2022-01-31,56580,2021-03-31,3,,,,,,,,,,,,,,,,,,,,,,,,,,,,,7.00,,,,51755478,3358696,,false,false,12,2020-04-01,2021-03-31,-1
2022-01-31,56580,2022-03-31,3,,,,,,,,,,,,,,,,,,,,,,,,,,,,,4.00,,,,,,,false,false,12,2021-04-01,2022-03-31,0
2022-01-31,56580,2022-03-31,3,,,,,,,,,,,,,,,,,,,,,,,,,,,,,,,,,51755478,3359210,48396310,false,false,9,2021-04-01,2021-12-31,0
2022-01-31,56580,2021-03-31,3,,,,,,,,,,,,,,,,,,,,,,,,,,,,,,,,,,,48397432,false,false,9,2020-04-01,2020-12-31,-1
,56580,2022-03-31,,,,,,,,,,,,,,,,,,,,,,,,,,,,,,10.00,,,,,,,false,true,12,2021-04-01,2022-03-31,0
,56580,2022-03-31,,,,,,,,,,,,,,,,,,,,,,,,,,,,,,4.00,,,,,,,false,false,12,2021-04-01,2022-03-31,0
,56580,2021-03-31,,,,,,,,,,,,,,,,,,,,,,,,,,,,,,7.00,,,,,,,false,false,12,2020-04-01,2021-03-31,-1
2022-05-13,56580,2022-03-31,,30720000000,0.104,,,,,2012000000,0.350,2620000000,0.364,,1715000000,,35.45,,0.037,0.039,0.066,,69225000000,49659000000,0.673,962.55,46583000000,2080000000,-810000000,-227000000,11094000000,,0.282,,,,,,true,false,12,2021-04-01,2022-03-31,0
2022-05-13,56580,2021-03-31,,27816000000,-0.101,,,,,1490000000,-0.148,1921000000,-0.055,,1333000000,,27.56,,0.030,0.030,0.054,,65238000000,48101000000,0.692,932.43,45126000000,4494000000,-709000000,-1486000000,10036000000,,0.254,,,,,,true,false,12,2020-04-01,2021-03-31,-1
2022-05-13,56580,2022-03-31,,17443000000,0.099,,,,,1778000000,0.414,2217000000,0.386,1596000000,,0.414,33.00,,,,,,51641000000,42010000000,0.813,868.05,42010000000,,,,,10.00,,,,51755478,3359484,48396249,false,false,12,2021-04-01,2022-03-31,0
2022-05-13,56580,2021-03-31,,15871000000,-0.111,,,,,1257000000,-0.240,1599000000,-0.211,1129000000,,2.280,23.34,,,,,,48545000000,40703000000,0.838,841.04,40703000000,,,,,7.00,,,,51755478,3358696,48397286,false,false,12,2020-04-01,2021-03-31,-1
2022-07-29,56580,2023-03-31,1,7804000000,0.107,,,,,273000000,-0.455,574000000,-0.166,,357000000,,7.40,,,,,,68286000000,49619000000,0.681,,46491000000,,,,,,,,,,,,true,false,3,2022-04-01,2022-06-30,0
2022-07-29,56580,2022-03-31,1,7048000000,0.143,,,,,501000000,1.036,689000000,0.650,,449000000,,9.28,,,,,,,,,,,,,,,,,,,,,,true,false,3,2021-04-01,2021-06-30,-1
2022-07-29,56580,2022-03-31,1,,,,,,,,,,,,,,,,,,,,69225000000,49659000000,0.673,,46583000000,,,,,,,,,,,,true,false,12,2021-04-01,2022-03-31,-1
2022-07-29,56580,2022-03-31,1,,,,,,,,,,,,,,,,,,,,,,,,,,,,,10.00,,,,51755478,3359484,,false,false,12,2021-04-01,2022-03-31,-1
2022-07-29,56580,2023-03-31,1,,,,,,,,,,,,,,,,,,,,,,,,,,,,,,,,,51755478,3359484,48395994,false,false,3,2022-04-01,2022-06-30,0
2022-07-29,56580,2022-03-31,1,,,,,,,,,,,,,,,,,,,,,,,,,,,,,,,,,,,48396512,false,false,3,2021-04-01,2021-06-30,-1
2022-09-21,56580,2023-03-31,,15700000000,,,,,,550000000,,920000000,,,550000000,,11.36,,,,,,,,,,,,,,,,,,,,,,true,true,6,2022-04-01,2022-09-30,0
2022-09-21,56580,2022-03-31,,14765000000,,,,,,1010000000,,1281000000,,,830000000,,17.16,,,,,,,,,,,,,,,,,,,,,,true,false,6,2021-04-01,2021-09-30,-1
2022-09-21,56580,2023-03-31,,34500000000,,,,,,1750000000,,2400000000,,1500000000,,,30.99,,,,,,,,,,,,,,,,,,,,,,true,true,12,2022-04-01,2023-03-31,0
2022-09-21,56580,2022-03-31,,30720000000,,,,,,2012000000,,2620000000,,1715000000,,,35.45,,,,,,,,,,,,,,,,,,,,,,true,false,12,2021-04-01,2022-03-31,-1
2022-09-21,56580,2023-03-31,,,,,,,,,,,,,,,,,,,,,,,,,,,,,,10.00,,,,,,,false,true,12,2022-04-01,2023-03-31,0
2022-09-21,56580,2022-03-31,,,,,,,,,,,,,,,,,,,,,,,,,,,,,,10.00,,,,,,,false,false,12,2021-04-01,2022-03-31,-1
2022-11-10,56580,2023-03-31,2,16069000000,0.088,,,,,711000000,-0.296,1089000000,-0.150,,640000000,,13.24,,,,,,68852000000,50028000000,0.680,,46830000000,,,,,,,,,,,,true,false,6,2022-04-01,2022-09-30,0
2022-11-10,56580,2022-03-31,2,14765000000,0.176,,,,,1010000000,1.940,1281000000,1.311,,830000000,,17.16,,,,,,,,,,,,,,,,,,,,,,true,false,6,2021-04-01,2021-09-30,-1
2022-11-10,56580,2023-03-31,2,34500000000,0.123,,,,,1750000000,-0.131,2400000000,-0.084,,1500000000,,30.99,,,,,,,,,,,,,,,,,,,,,,true,true,12,2022-04-01,2023-03-31,0
2022-11-10,56580,2022-03-31,2,,,,,,,,,,,,,,,,,,,,69225000000,49659000000,0.673,,46583000000,,,,,,,,,,,,true,false,12,2021-04-01,2022-03-31,-1
2022-11-10,56580,2022-03-31,2,,,,,,,,,,,,,,,,,,,,,,,,,,,,,10.00,,,,51755478,3359484,,false,false,12,2021-04-01,2022-03-31,-1
2022-11-10,56580,2023-03-31,2,,,,,,,,,,,,,,,,,,,,,,,,,,,,,4.00,,,,,,,false,false,12,2022-04-01,2023-03-31,0
2022-11-10,56580,2023-03-31,2,,,,,,,,,,,,,,,,,,,,,,,,,,,,,10.00,,,,,,,false,true,12,2022-04-01,2023-03-31,0
2022-11-10,56580,2023-03-31,2,,,,,,,,,,,,,,,,,,,,,,,,,,,,,,,,,51755478,3359686,48395945,false,false,6,2022-04-01,2022-09-30,0
2022-11-10,56580,2022-03-31,2,,,,,,,,,,,,,,,,,,,,,,,,,,,,,,,,,,,48396346,false,false,6,2021-04-01,2021-09-30,-1
2023-01-31,56580,2023-03-31,3,25367000000,0.100,,,,,1381000000,-0.142,1798000000,-0.135,,1011000000,,20.90,,,,,,69851000000,50664000000,0.678,,47384000000,,,,,,,,,,,,true,false,9,2022-04-01,2022-12-31,0
2023-01-31,56580,2022-03-31,3,23066000000,0.145,,,,,1609000000,0.840,2078000000,0.718,,1373000000,,28.38,,,,,,,,,,,,,,,,,,,,,,true,false,9,2021-04-01,2021-12-31,-1
2023-01-31,56580,2023-03-31,3,34500000000,0.123,,,,,1750000000,-0.131,2400000000,-0.084,,1500000000,,30.99,,,,,,,,,,,,,,,,,,,,,,true,true,12,2022-04-01,2023-03-31,0
2023-01-31,56580,2022-03-31,3,,,,,,,,,,,,,,,,,,,,69225000000,49659000000,0.673,,46583000000,,,,,,,,,,,,true,false,12,2021-04-01,2022-03-31,-1
2023-01-31,56580,2022-03-31,3,,,,,,,,,,,,,,,,,,,,,,,,,,,,,10.00,,,,51755478,3359484,,false,false,12,2021-04-01,2022-03-31,-1
2023-01-31,56580,2023-03-31,3,,,,,,,,,,,,,,,,,,,,,,,,,,,,,4.00,,,,,,,false,false,12,2022-04-01,2023-03-31,0
2023-01-31,56580,2023-03-31,3,,,,,,,,,,,,,,,,,,,,,,,,,,,,,10.00,,,,,,,false,true,12,2022-04-01,2023-03-31,0
2023-01-31,56580,2023-03-31,3,,,,,,,,,,,,,,,,,,,,,,,,,,,,,,,,,51755478,3359777,48395873,false,false,9,2022-04-01,2022-12-31,0
2023-01-31,56580,2022-03-31,3,,,,,,,,,,,,,,,,,,,,,,,,,,,,,,,,,,,48396310,false,false,9,2021-04-01,2021-12-31,-1
2023-05-12,56580,2023-03-31,,34075000000,0.109,,,,,1822000000,-0.095,2289000000,-0.126,,1332000000,,27.54,,0.028,0.033,0.053,,70633000000,51619000000,0.683,997.15,48257000000,-344000000,-1370000000,-582000000,8788000000,,0.363,,,,,,true,false,12,2022-04-01,2023-03-31,0
2023-05-12,56580,2022-03-31,,30720000000,0.104,,,,,2012000000,0.350,2620000000,0.364,,1715000000,,35.45,,0.037,0.039,0.066,,69225000000,49659000000,0.673,962.55,46583000000,2080000000,-810000000,-227000000,11094000000,,0.282,,,,,,true,false,12,2021-04-01,2022-03-31,-1
2023-05-12,56580,2023-03-31,,19087000000,0.094,,,,,1203000000,-0.323,1670000000,-0.247,1057000000,,-0.338,21.85,,,,,,52048000000,43326000000,0.832,895.26,43326000000,,,,,10.00,,,,51755478,3359970,48395812,false,false,12,2022-04-01,2023-03-31,0
2023-05-12,56580,2022-03-31,,17443000000,0.099,,,,,1778000000,0.414,2217000000,0.386,1596000000,,0.414,33.00,,,,,,51641000000,42010000000,0.813,868.05,42010000000,,,,,10.00,,,,51755478,3359484,48396249,false,false,12,2021-04-01,2022-03-31,-1
2023-05-31,56580,2024-03-31,,17000000000,,,,,,530000000,,770000000,,,470000000,,9.71,,,,,,,,,,,,,,,,,,,,,,true,true,6,2023-04-01,2023-09-30,0
2023-05-31,56580,2023-03-31,,16069000000,,,,,,711000000,,1089000000,,,640000000,,13.24,,,,,,,,,,,,,,,,,,,,,,true,false,6,2022-04-01,2022-09-30,-1
2023-05-31,56580,2024-03-31,,37000000000,,,,,,1650000000,,2100000000,,1270000000,,,26.24,,,,,,,,,,,,,,,,,,,,,,true,true,12,2023-04-01,2024-03-31,0
2023-05-31,56580,2023-03-31,,34075000000,,,,,,1822000000,,2289000000,,1332000000,,,27.54,,,,,,,,,,,,,,,,,,,,,,true,false,12,2022-04-01,2023-03-31,-1
,56580,2024-03-31,,,,,,,,,,,,,,,,,,,,,,,,,,,,,,10.00,,,,,,,false,true,12,2023-04-01,2024-03-31,0
,56580,2023-03-31,,,,,,,,,,,,,,,,,,,,,,,,,,,,,,10.00,,,,,,,false,false,12,2022-04-01,2023-03-31,-1
2023-07-31,56580,2024-03-31,1,8188000000,0.049,,,,,304000000,0.116,553000000,-0.037,,302000000,,6.26,,,,,,70941000000,52217000000,0.688,,48790000000,,,,,,,,,,,,true,false,3,2023-04-01,2023-06-30,0
2023-07-31,56580,2023-03-31,1,7804000000,0.107,,,,,273000000,-0.455,574000000,-0.166,,357000000,,7.40,,,,,,,,,,,,,,,,,,,,,,true,false,3,2022-04-01,2022-06-30,-1
2023-07-31,56580,2024-03-31,1,17000000000,0.058,,,,,530000000,-0.255,770000000,-0.293,,470000000,,9.71,,,,,,,,,,,,,,,,,,,,,,true,true,6,2023-04-01,2023-09-30,0
2023-07-31,56580,2024-03-31,1,37000000000,0.086,,,,,1650000000,-0.095,2100000000,-0.083,,1270000000,,26.24,,,,,,,,,,,,,,,,,,,,,,true,true,12,2023-04-01,2024-03-31,0
2023-07-31,56580,2023-03-31,1,,,,,,,,,,,,,,,,,,,,70633000000,51619000000,0.683,,48257000000,,,,,,,,,,,,true,false,12,2022-04-01,2023-03-31,-1
2023-07-31,56580,2023-03-31,1,,,,,,,,,,,,,,,,,,,,,,,,,,,,,10.00,,,,51755478,3359970,,false,false,12,2022-04-01,2023-03-31,-1
2023-07-31,56580,2024-03-31,1,,,,,,,,,,,,,,,,,,,,,,,,,,,,,10.00,,,,,,,false,true,12,2023-04-01,2024-03-31,0
2023-07-31,56580,2024-03-31,1,,,,,,,,,,,,,,,,,,,,,,,,,,,,,,,,,51755478,3455096,48363752,false,false,3,2023-04-01,2023-06-30,0
2023-07-31,56580,2023-03-31,1,,,,,,,,,,,,,,,,,,,,,,,,,,,,,,,,,,,48395994,false,false,3,2022-04-01,2022-06-30,-1
2023-11-13,56580,2024-03-31,2,16807000000,0.046,,,,,627000000,-0.119,916000000,-0.159,,492000000,,10.22,,,,,,71628000000,53262000000,0.695,,49783000000,,,,,,,,,,,,true,false,6,2023-04-01,2023-09-30,0
2023-11-13,56580,2023-03-31,2,16069000000,0.088,,,,,711000000,-0.296,1089000000,-0.150,,640000000,,13.24,,,,,,,,,,,,,,,,,,,,,,true,false,6,2022-04-01,2022-09-30,-1
2023-11-13,56580,2024-03-31,2,37000000000,0.086,,,,,1650000000,-0.095,2100000000,-0.083,,1270000000,,26.24,,,,,,,,,,,,,,,,,,,,,,true,true,12,2023-04-01,2024-03-31,0
2023-11-13,56580,2023-03-31,2,,,,,,,,,,,,,,,,,,,,70633000000,51619000000,0.683,,48257000000,,,,,,,,,,,,true,false,12,2022-04-01,2023-03-31,-1
2023-11-13,56580,2023-03-31,2,,,,,,,,,,,,,,,,,,,,,,,,,,,,,10.00,,,,51755478,3359970,,false,false,12,2022-04-01,2023-03-31,-1
2023-11-13,56580,2024-03-31,2,,,,,,,,,,,,,,,,,,,,,,,,,,,,,4.00,,,,,,,false,false,12,2023-04-01,2024-03-31,0
2023-11-13,56580,2024-03-31,2,,,,,,,,,,,,,,,,,,,,,,,,,,,,,10.00,,,,,,,false,true,12,2023-04-01,2024-03-31,0
2023-11-13,56580,2024-03-31,2,,,,,,,,,,,,,,,,,,,,,,,,,,,,,,,,,51755478,3692569,48234016,false,false,6,2023-04-01,2023-09-30,0
2023-11-13,56580,2023-03-31,2,,,,,,,,,,,,,,,,,,,,,,,,,,,,,,,,,,,48395945,false,false,6,2022-04-01,2022-09-30,-1
2024-01-31,56580,2024-03-31,3,25861000000,0.019,,,,,952000000,-0.311,1388000000,-0.228,,784000000,,16.28,,,,,,71906000000,53769000000,0.699,,50290000000,,,,,,,,,,,,true,false,9,2023-04-01,2023-12-31,0
2024-01-31,56580,2023-03-31,3,25367000000,0.100,,,,,1381000000,-0.142,1798000000,-0.135,,1011000000,,20.90,,,,,,,,,,,,,,,,,,,,,,true,false,9,2022-04-01,2022-12-31,-1
2024-01-31,56580,2024-03-31,3,37000000000,0.086,,,,,1650000000,-0.095,2100000000,-0.083,,1270000000,,26.24,,,,,,,,,,,,,,,,,,,,,,true,true,12,2023-04-01,2024-03-31,0
2024-01-31,56580,2023-03-31,3,,,,,,,,,,,,,,,,,,,,70633000000,51619000000,0.683,,48257000000,,,,,,,,,,,,true,false,12,2022-04-01,2023-03-31,-1
2024-01-31,56580,2023-03-31,3,,,,,,,,,,,,,,,,,,,,,,,,,,,,,10.00,,,,51755478,3359970,,false,false,12,2022-04-01,2023-03-31,-1
2024-01-31,56580,2024-03-31,3,,,,,,,,,,,,,,,,,,,,,,,,,,,,,4.00,,,,,,,false,false,12,2023-04-01,2024-03-31,0
2024-01-31,56580,2024-03-31,3,,,,,,,,,,,,,,,,,,,,,,,,,,,,,10.00,,,,,,,false,true,12,2023-04-01,2024-03-31,0
2024-01-31,56580,2024-03-31,3,,,,,,,,,,,,,,,,,,,,,,,,,,,,,,,,,51755478,3819463,48161040,false,false,9,2023-04-01,2023-12-31,0
2024-01-31,56580,2023-03-31,3,,,,,,,,,,,,,,,,,,,,,,,,,,,,,,,,,,,48395873,false,false,9,2022-04-01,2022-12-31,-1
2024-05-14,56580,2024-03-31,,34497000000,0.012,,,,,1335000000,-0.267,2124000000,-0.072,,1258000000,,26.19,,0.025,0.029,0.039,,73605000000,55337000000,0.704,1084.90,51791000000,3007000000,-873000000,-2341000000,8655000000,,0.382,,,,,,true,false,12,2023-04-01,2024-03-31,0
2024-05-14,56580,2023-03-31,,34075000000,0.109,,,,,1822000000,-0.095,2289000000,-0.126,,1332000000,,27.54,,0.028,0.033,0.053,,70633000000,51619000000,0.683,997.15,48257000000,-344000000,-1370000000,-582000000,8788000000,,0.363,,,,,,true,false,12,2022-04-01,2023-03-31,-1
2024-05-14,56580,2025-03-31,,17000000000,0.011,,,,,560000000,-0.107,820000000,-0.105,,430000000,,9.01,,,,,,,,,,,,,,,,,,,,,,true,true,6,2024-04-01,2024-09-30,1
2024-05-14,56580,2025-03-31,,36500000000,0.058,,,,,1700000000,0.273,2200000000,0.035,,1150000000,,24.09,,,,,,,,,,,,,,,,0.409,,,,,,true,true,12,2024-04-01,2025-03-31,1
2024-05-14,56580,2024-03-31,,19891000000,0.042,,,,,841000000,-0.300,1670000000,0.000,1056000000,,-0.001,21.97,,,,,,55652000000,46530000000,0.836,974.71,46530000000,,,,,10.00,,,,51755478,4017273,48060684,false,false,12,2023-04-01,2024-03-31,0
2024-05-14,56580,2023-03-31,,19087000000,0.094,,,,,1203000000,-0.323,1670000000,-0.247,1057000000,,-0.338,21.85,,,,,,52048000000,43326000000,0.832,895.26,43326000000,,,,,10.00,,,,51755478,3359970,48395812,false,false,12,2022-04-01,2023-03-31,-1
2024-05-14,56580,2025-03-31,,,,,,,,,,,,,,,,,,,,,,,,,,,,,,10.00,,,,,,,false,true,12,2024-04-01,2025-03-31,1
2024-07-31,56580,2025-03-31,1,8608000000,0.051,,,,,303000000,-0.006,580000000,0.050,,325000000,,6.83,,,,,,74009000000,55510000000,0.702,,51941000000,,,,,,,,,,,,true,false,3,2024-04-01,2024-06-30,0
2024-07-31,56580,2024-03-31,1,8188000000,0.049,,,,,304000000,0.116,553000000,-0.037,,302000000,,6.26,,,,,,,,,,,,,,,,,,,,,,true,false,3,2023-04-01,2023-06-30,-1
2024-07-31,56580,2025-03-31,1,17000000000,0.011,,,,,560000000,-0.107,820000000,-0.105,,430000000,,9.01,,,,,,,,,,,,,,,,,,,,,,true,true,6,2024-04-01,2024-09-30,0
2024-07-31,56580,2025-03-31,1,36500000000,0.058,,,,,1700000000,0.273,2200000000,0.035,,1150000000,,24.09,,,,,,,,,,,,,,,,,,,,,,true,true,12,2024-04-01,2025-03-31,0
2024-07-31,56580,2024-03-31,1,,,,,,,,,,,,,,,,,,,,73605000000,55337000000,0.704,,51791000000,,,,,,,,,,,,true,false,12,2023-04-01,2024-03-31,-1
2024-07-31,56580,2024-03-31,1,,,,,,,,,,,,,,,,,,,,,,,,,,,,,10.00,,,,51755478,4017273,,false,false,12,2023-04-01,2024-03-31,-1
2024-07-31,56580,2025-03-31,1,,,,,,,,,,,,,,,,,,,,,,,,,,,,,10.00,,,,,,,false,true,12,2024-04-01,2025-03-31,0
2024-07-31,56580,2025-03-31,1,,,,,,,,,,,,,,,,,,,,,,,,,,,,,,,,,51755478,4061339,47719703,false,false,3,2024-04-01,2024-06-30,0
2024-07-31,56580,2024-03-31,1,,,,,,,,,,,,,,,,,,,,,,,,,,,,,,,,,,,48363752,false,false,3,2023-04-01,2023-06-30,-1
2024-11-11,56580,2025-03-31,2,16891000000,0.005,,,,,666000000,0.063,939000000,0.025,,468000000,,9.85,,,,,,73258000000,54875000000,0.700,,51284000000,,,,,,,,,,,,true,false,6,2024-04-01,2024-09-30,0
2024-11-11,56580,2024-03-31,2,16807000000,0.046,,,,,627000000,-0.119,916000000,-0.159,,492000000,,10.22,,,,,,,,,,,,,,,,,,,,,,true,false,6,2023-04-01,2023-09-30,-1
2024-11-11,56580,2025-03-31,2,36500000000,0.058,,,,,1700000000,0.273,2200000000,0.035,,1150000000,,24.09,,,,,,,,,,,,,,,,,,,,,,true,true,12,2024-04-01,2025-03-31,0
2024-11-11,56580,2024-03-31,2,,,,,,,,,,,,,,,,,,,,73605000000,55337000000,0.704,,51791000000,,,,,,,,,,,,true,false,12,2023-04-01,2024-03-31,-1
2024-11-11,56580,2024-03-31,2,,,,,,,,,,,,,,,,,,,,,,,,,,,,,10.00,,,,51755478,4017273,,false,false,12,2023-04-01,2024-03-31,-1
2024-11-11,56580,2025-03-31,2,,,,,,,,,,,,,,,,,,,,,,,,,,,,,4.00,,,,,,,false,false,12,2024-04-01,2025-03-31,0
2024-11-11,56580,2025-03-31,2,,,,,,,,,,,,,,,,,,,,,,,,,,,,,10.00,,,,,,,false,true,12,2024-04-01,2025-03-31,0
2024-11-11,56580,2025-03-31,2,,,,,,,,,,,,,,,,,,,,,,,,,,,,,,,,,51755478,4367494,47577476,false,false,6,2024-04-01,2024-09-30,0
2024-11-11,56580,2024-03-31,2,,,,,,,,,,,,,,,,,,,,,,,,,,,,,,,,,,,48234016,false,false,6,2023-04-01,2023-09-30,-1
2025-01-31,56580,2025-03-31,3,25663000000,-0.008,,,,,1110000000,0.166,1638000000,0.180,,748000000,,15.75,,,,,,73614000000,55400000000,0.703,,51787000000,,,,,,,,,,,,true,false,9,2024-04-01,2024-12-31,0
2025-01-31,56580,2024-03-31,3,25861000000,0.019,,,,,952000000,-0.311,1388000000,-0.228,,784000000,,16.28,,,,,,,,,,,,,,,,,,,,,,true,false,9,2023-04-01,2023-12-31,-1
2025-01-31,56580,2025-03-31,3,36500000000,0.058,,,,,1700000000,0.273,2200000000,0.035,,1150000000,,24.09,,,,,,,,,,,,,,,,,,,,,,true,true,12,2024-04-01,2025-03-31,0
2025-01-31,56580,2024-03-31,3,,,,,,,,,,,,,,,,,,,,73605000000,55337000000,0.704,,51791000000,,,,,,,,,,,,true,false,12,2023-04-01,2024-03-31,-1
2025-01-31,56580,2024-03-31,3,,,,,,,,,,,,,,,,,,,,,,,,,,,,,10.00,,,,51755478,4017273,,false,false,12,2023-04-01,2024-03-31,-1
2025-01-31,56580,2025-03-31,3,,,,,,,,,,,,,,,,,,,,,,,,,,,,,4.00,,,,,,,false,false,12,2024-04-01,2025-03-31,0
2025-01-31,56580,2025-03-31,3,,,,,,,,,,,,,,,,,,,,,,,,,,,,,10.00,,,,,,,false,true,12,2024-04-01,2025-03-31,0
2025-01-31,56580,2025-03-31,3,,,,,,,,,,,,,,,,,,,,,,,,,,,,,,,,,51755478,4470151,47499555,false,false,9,2024-04-01,2024-12-31,0
2025-01-31,56580,2024-03-31,3,,,,,,,,,,,,,,,,,,,,,,,,,,,,,,,,,,,48161040,false,false,9,2023-04-01,2023-12-31,-1
2025-05-13,56580,2025-03-31,,34126000000,-0.011,,,,,1349000000,0.010,2140000000,0.007,,1065000000,,22.48,,0.021,0.029,0.040,,72339000000,55375000000,0.716,1101.40,51807000000,2366000000,-2106000000,-1600000000,7330000000,,0.445,,,,,,true,false,12,2024-04-01,2025-03-31,0
2025-05-13,56580,2024-03-31,,34497000000,0.012,,,,,1335000000,-0.267,2124000000,-0.072,,1258000000,,26.19,,0.025,0.029,0.039,,73605000000,55337000000,0.704,1084.90,51791000000,3007000000,-873000000,-2341000000,8655000000,,0.382,,,,,,true,false,12,2023-04-01,2024-03-31,-1
2025-05-13,56580,2025-03-31,,19861000000,-0.002,,,,,976000000,0.160,1793000000,0.073,1074000000,,0.018,22.68,,,,,,54599000000,46396000000,0.850,986.37,46396000000,,,,,10.00,,,,51755478,4717851,47399239,false,false,12,2024-04-01,2025-03-31,0
2025-05-13,56580,2024-03-31,,19891000000,0.042,,,,,841000000,-0.300,1670000000,0.000,1056000000,,-0.001,21.97,,,,,,55652000000,46530000000,0.836,974.71,46530000000,,,,,10.00,,,,51755478,4017273,48060684,false,false,12,2023-04-01,2024-03-31,-1
2025-05-13,56580,2026-03-31,,,,,,,,,,,,,,,,,,,,,,,,,,,,,,10.00,,,,,,,false,true,12,2025-04-01,2026-03-31,1
