filing_date,code,fiscal_year_end,quarterly_period,net_sales,net_sales_change,revenue,revenue_change,operating_revenue,operating_revenue_change,operating_profit,operating_profit_change,ordinary_profit,ordinary_profit_change,net_income,net_income_of_parent,net_income_change,eps,diluted_eps,roe,roa,operating_profit_to_net_sales,operating_profit_to_revenue,total_assets,net_assets,equity_ratio,bps,owner_equity,operating_cash_flow,investing_cash_flow,financing_cash_flow,cash,dividend_per_share,payout_ratio,commemorative_dividend,extra_dividend,number_of_shares,number_of_treqsury_shares,avg_number_of_shares,is_consolidated,is_forecast,duration,period_start,period_end,period_pos
2015-05-15,57030,2015-03-31,,431477000000,0.071,,,,,19305000000,0.530,20600000000,0.618,9645000000,,0.881,17.74,15.59,0.083,0.046,0.045,,457277000000,137385000000,0.266,223.27,121422000000,11780000000,-7119000000,-17581000000,29433000000,,0.282,,,,,,true,false,12,2014-04-01,2015-03-31,0
2015-05-15,57030,2014-03-31,,402829000000,0.083,,,,,12617000000,0.547,12730000000,0.852,5128000000,,0.528,9.43,9.04,0.048,0.030,0.031,,432538000000,121194000000,0.255,203.03,110416000000,18148000000,-18998000000,5762000000,41597000000,,0.424,,,,,,true,false,12,2013-04-01,2014-03-31,-1
2015-05-15,57030,2016-03-31,,225000000000,0.109,,,,,10500000000,0.316,9500000000,0.165,,5500000000,,10.11,,,,,,,,,,,,,,,,,,,,,,true,true,6,2015-04-01,2015-09-30,1
2015-05-15,57030,2016-03-31,,460000000000,0.066,,,,,22500000000,0.166,21000000000,0.019,,13000000000,,23.90,,,,,,,,,,,,,,,,0.209,,,,,,true,true,12,2015-04-01,2016-03-31,1
2015-05-15,57030,2014-03-31,,,,,,,,,,,,,,,,,,,,,,,,,,,,,,4.00,,,,545126049,1285818,543865246,false,false,12,2013-04-01,2014-03-31,-1
2015-05-15,57030,2015-03-31,,,,,,,,,,,,,,,,,,,,,,,,,,,,,,5.00,,,,545126049,1295748,543834962,false,false,12,2014-04-01,2015-03-31,0
2015-05-15,57030,2016-03-31,,,,,,,,,,,,,,,,,,,,,,,,,,,,,,5.00,,,,,,,false,true,12,2015-04-01,2016-03-31,1
2015-07-30,57030,2016-03-31,1,111297000000,0.126,,,,,5591000000,0.434,5179000000,0.311,,2330000000,,4.28,3.77,,,,,456312000000,137629000000,0.266,223.06,121306000000,,,,,,,,,,,,true,false,3,2015-04-01,2015-06-30,0
2015-07-30,57030,2015-03-31,1,98867000000,0.042,,,,,3900000000,0.432,3951000000,0.646,,2198000000,,4.04,3.55,,,,,,,,,,,,,,,,,,,,,true,false,3,2014-04-01,2014-06-30,-1
2015-07-30,57030,2016-03-31,1,225000000000,0.109,,,,,10500000000,0.316,9500000000,0.165,,5500000000,,10.11,,,,,,,,,,,,,,,,,,,,,,true,true,6,2015-04-01,2015-09-30,0
2015-07-30,57030,2016-03-31,1,460000000000,0.066,,,,,22500000000,0.166,21000000000,0.019,,13000000000,,23.90,,,,,,,,,,,,,,,,,,,,,,true,true,12,2015-04-01,2016-03-31,0
2015-07-30,57030,2015-03-31,1,,,,,,,,,,,,,,,,,,,,457277000000,137385000000,0.266,223.27,121422000000,,,,,,,,,,,,true,false,12,2014-04-01,2015-03-31,-1
2015-07-30,57030,2015-03-31,1,,,,,,,,,,,,,,,,,,,,,,,,,,,,,5.00,,,,545126049,1295748,,false,false,12,2014-04-01,2015-03-31,-1
2015-07-30,57030,2016-03-31,1,,,,,,,,,,,,,,,,,,,,,,,,,,,,,5.00,,,,,,,false,true,12,2015-04-01,2016-03-31,0
2015-07-30,57030,2016-03-31,1,,,,,,,,,,,,,,,,,,,,,,,,,,,,,,,,,545126049,1297440,543829495,false,false,3,2015-04-01,2015-06-30,0
2015-07-30,57030,2015-03-31,1,,,,,,,,,,,,,,,,,,,,,,,,,,,,,,,,,,,543839112,false,false,3,2014-04-01,2014-06-30,-1
2015-10-30,57030,2016-03-31,2,229705000000,0.132,,,,,12503000000,0.567,11098000000,0.361,,6765000000,,12.44,10.93,,,,,454560000000,141051000000,0.275,229.83,124990000000,,,,,,,,,,,,true,false,6,2015-04-01,2015-09-30,0
2015-10-30,57030,2015-03-31,2,202842000000,0.046,,,,,7981000000,0.553,8156000000,1.001,,5768000000,,10.61,9.32,,,,,,,,,,,,,,,,,,,,,true,false,6,2014-04-01,2014-09-30,-1
2015-10-30,57030,2016-03-31,2,455000000000,0.055,,,,,24000000000,0.243,22000000000,0.068,,13000000000,,23.90,,,,,,,,,,,,,,,,,,,,,,true,true,12,2015-04-01,2016-03-31,0
2015-10-30,57030,2015-03-31,2,,,,,,,,,,,,,,,,,,,,457277000000,137385000000,0.266,223.27,121422000000,,,,,,,,,,,,true,false,12,2014-04-01,2015-03-31,-1
2015-10-30,57030,2015-03-31,2,,,,,,,,,,,,,,,,,,,,,,,,,,,,,5.00,,,,545126049,1295748,,false,false,12,2014-04-01,2015-03-31,-1
2015-10-30,57030,2016-03-31,2,,,,,,,,,,,,,,,,,,,,,,,,,,,,,0.00,,,,,,,false,false,12,2015-04-01,2016-03-31,0
2015-10-30,57030,2016-03-31,2,,,,,,,,,,,,,,,,,,,,,,,,,,,,,5.00,,,,,,,false,true,12,2015-04-01,2016-03-31,0
2015-10-30,57030,2016-03-31,2,,,,,,,,,,,,,,,,,,,,,,,,,,,,,,,,,545126049,1300314,543828178,false,false,6,2015-04-01,2015-09-30,0
2015-10-30,57030,2015-03-31,2,,,,,,,,,,,,,,,,,,,,,,,,,,,,,,,,,,,543837481,false,false,6,2014-04-01,2014-09-30,-1
2016-01-29,57030,2016-03-31,3,347369000000,0.108,,,,,20114000000,0.521,18264000000,0.295,,11580000000,,21.29,18.71,,,,,460119000000,144569000000,0.281,238.02,129441000000,,,,,,,,,,,,true,false,9,2015-04-01,2015-12-31,0
2016-01-29,57030,2015-03-31,3,313447000000,0.055,,,,,13228000000,0.411,14108000000,0.607,,10794000000,,19.85,17.44,,,,,,,,,,,,,,,,,,,,,true,false,9,2014-04-01,2014-12-31,-1
2016-01-29,57030,2016-03-31,3,455000000000,0.055,,,,,24000000000,0.243,22000000000,0.068,,13000000000,,23.90,,,,,,,,,,,,,,,,,,,,,,true,true,12,2015-04-01,2016-03-31,0
2016-01-29,57030,2015-03-31,3,,,,,,,,,,,,,,,,,,,,457277000000,137385000000,0.266,223.27,121422000000,,,,,,,,,,,,true,false,12,2014-04-01,2015-03-31,-1
2016-01-29,57030,2015-03-31,3,,,,,,,,,,,,,,,,,,,,,,,,,,,,,5.00,,,,545126049,1295748,,false,false,12,2014-04-01,2015-03-31,-1
2016-01-29,57030,2016-03-31,3,,,,,,,,,,,,,,,,,,,,,,,,,,,,,0.00,,,,,,,false,false,12,2015-04-01,2016-03-31,0
2016-01-29,57030,2016-03-31,3,,,,,,,,,,,,,,,,,,,,,,,,,,,,,5.00,,,,,,,false,true,12,2015-04-01,2016-03-31,0
2016-01-29,57030,2016-03-31,3,,,,,,,,,,,,,,,,,,,,,,,,,,,,,,,,,545126049,1302232,543827105,false,false,9,2015-04-01,2015-12-31,0
2016-01-29,57030,2015-03-31,3,,,,,,,,,,,,,,,,,,,,,,,,,,,,,,,,,,,543836143,false,false,9,2014-04-01,2014-12-31,-1
,57030,2016-03-31,,,,,,,,,,,,,,,,,,,,,,,,,,,,,,6.00,,,,,,,false,true,12,2015-04-01,2016-03-31,0
,57030,2016-03-31,,,,,,,,,,,,,,,,,,,,,,,,,,,,,,0.00,,,,,,,false,false,12,2015-04-01,2016-03-31,0
,57030,2015-03-31,,,,,,,,,,,,,,,,,,,,,,,,,,,,,,5.00,,,,,,,false,false,12,2014-04-01,2015-03-31,-1
2016-05-13,57030,2016-03-31,,464405000000,0.076,,,,,26821000000,0.389,24526000000,0.191,,15533000000,,28.56,25.10,0.123,0.054,0.058,,452194000000,144419000000,0.288,239.39,130184000000,37770000000,-19419000000,-10708000000,36485000000,,0.210,,,,,,true,false,12,2015-04-01,2016-03-31,0
2016-05-13,57030,2015-03-31,,431477000000,0.071,,,,,19305000000,0.530,20600000000,0.618,,9645000000,,17.74,15.59,0.083,0.046,0.045,,457277000000,137385000000,0.266,223.27,121422000000,11780000000,-7119000000,-17581000000,29433000000,,0.282,,,,,,true,false,12,2014-04-01,2015-03-31,-1
2016-05-13,57030,2017-03-31,,220000000000,-0.042,,,,,12000000000,-0.040,10500000000,-0.054,,7000000000,,12.87,,,,,,,,,,,,,,,,,,,,,,true,true,6,2016-04-01,2016-09-30,1
2016-05-13,57030,2017-03-31,,455000000000,-0.020,,,,,27000000000,0.007,25000000000,0.019,,16000000000,,29.42,,,,,,,,,,,,,,,,0.198,,,,,,true,true,12,2016-04-01,2017-03-31,1
2016-05-13,57030,2015-03-31,,,,,,,,,,,,,,,,,,,,,,,,,,,,,,5.00,,,,545126049,1295748,543834962,false,false,12,2014-04-01,2015-03-31,-1
2016-05-13,57030,2016-03-31,,,,,,,,,,,,,,,,,,,,,,,,,,,,,,6.00,,,,545126049,1303047,543826228,false,false,12,2015-04-01,2016-03-31,0
2016-05-13,57030,2017-03-31,,,,,,,,,,,,,,,,,,,,,,,,,,,,,,6.00,,,,,,,false,true,12,2016-04-01,2017-03-31,1
2016-07-29,57030,2017-03-31,1,108048000000,-0.029,,,,,5978000000,0.069,4076000000,-0.213,,3539000000,,6.51,5.72,,,,,439769000000,140770000000,0.291,235.39,128008000000,,,,,,,,,,,,true,false,3,2016-04-01,2016-06-30,0
2016-07-29,57030,2016-03-31,1,111297000000,0.126,,,,,5591000000,0.434,5179000000,0.311,,2330000000,,4.28,3.77,,,,,,,,,,,,,,,,,,,,,true,false,3,2015-04-01,2015-06-30,-1
2016-07-29,57030,2017-03-31,1,220000000000,-0.042,,,,,12000000000,-0.040,10500000000,-0.054,,7000000000,,12.87,,,,,,,,,,,,,,,,,,,,,,true,true,6,2016-04-01,2016-09-30,0
2016-07-29,57030,2017-03-31,1,455000000000,-0.020,,,,,27000000000,0.007,25000000000,0.019,,16000000000,,29.42,,,,,,,,,,,,,,,,,,,,,,true,true,12,2016-04-01,2017-03-31,0
2016-07-29,57030,2016-03-31,1,,,,,,,,,,,,,,,,,,,,452194000000,144419000000,0.288,239.39,130184000000,,,,,,,,,,,,true,false,12,2015-04-01,2016-03-31,-1
2016-07-29,57030,2016-03-31,1,,,,,,,,,,,,,,,,,,,,,,,,,,,,,6.00,,,,545126049,1303047,,false,false,12,2015-04-01,2016-03-31,-1
2016-07-29,57030,2017-03-31,1,,,,,,,,,,,,,,,,,,,,,,,,,,,,,6.00,,,,,,,false,true,12,2016-04-01,2017-03-31,0
2016-07-29,57030,2017-03-31,1,,,,,,,,,,,,,,,,,,,,,,,,,,,,,,,,,545126049,1303728,543822674,false,false,3,2016-04-01,2016-06-30,0
2016-07-29,57030,2016-03-31,1,,,,,,,,,,,,,,,,,,,,,,,,,,,,,,,,,,,543829495,false,false,3,2015-04-01,2015-06-30,-1
2016-10-28,57030,2017-03-31,2,217066000000,-0.055,,,,,13308000000,0.064,11390000000,0.026,,8544000000,,15.71,13.80,,,,,435895000000,145253000000,0.303,243.06,132181000000,,,,,,,,,,,,true,false,6,2016-04-01,2016-09-30,0
2016-10-28,57030,2016-03-31,2,229705000000,0.132,,,,,12503000000,0.567,11098000000,0.361,,6765000000,,12.44,10.93,,,,,,,,,,,,,,,,,,,,,true,false,6,2015-04-01,2015-09-30,-1
2016-10-28,57030,2017-03-31,2,445000000000,-0.042,,,,,27000000000,0.007,25000000000,0.019,,16000000000,,29.42,,,,,,,,,,,,,,,,,,,,,,true,true,12,2016-04-01,2017-03-31,0
2016-10-28,57030,2016-03-31,2,,,,,,,,,,,,,,,,,,,,452194000000,144419000000,0.288,239.39,130184000000,,,,,,,,,,,,true,false,12,2015-04-01,2016-03-31,-1
2016-10-28,57030,2016-03-31,2,,,,,,,,,,,,,,,,,,,,,,,,,,,,,6.00,,,,545126049,1303047,,false,false,12,2015-04-01,2016-03-31,-1
2016-10-28,57030,2017-03-31,2,,,,,,,,,,,,,,,,,,,,,,,,,,,,,3.00,,,,,,,false,false,12,2016-04-01,2017-03-31,0
2016-10-28,57030,2017-03-31,2,,,,,,,,,,,,,,,,,,,,,,,,,,,,,6.00,,,,,,,false,true,12,2016-04-01,2017-03-31,0
2016-10-28,57030,2017-03-31,2,,,,,,,,,,,,,,,,,,,,,,,,,,,,,,,,,545126049,1305663,543821929,false,false,6,2016-04-01,2016-09-30,0
2016-10-28,57030,2016-03-31,2,,,,,,,,,,,,,,,,,,,,,,,,,,,,,,,,,,,543828178,false,false,6,2015-04-01,2015-09-30,-1
2017-01-30,57030,2017-03-31,3,331191000000,-0.047,,,,,22196000000,0.104,21044000000,0.152,,14149000000,,25.82,22.76,,,,,449889000000,161069000000,0.327,250.82,147077000000,,,,,,,,,,,,true,false,9,2016-04-01,2016-12-31,0
2017-01-30,57030,2016-03-31,3,347369000000,0.108,,,,,20114000000,0.521,18264000000,0.295,,11580000000,,21.29,18.71,,,,,,,,,,,,,,,,,,,,,true,false,9,2015-04-01,2015-12-31,-1
2017-01-30,57030,2017-03-31,3,445000000000,-0.042,,,,,27000000000,0.007,25000000000,0.019,,16000000000,,28.85,,,,,,,,,,,,,,,,,,,,,,true,true,12,2016-04-01,2017-03-31,0
2017-01-30,57030,2016-03-31,3,,,,,,,,,,,,,,,,,,,,452194000000,144419000000,0.288,239.39,130184000000,,,,,,,,,,,,true,false,12,2015-04-01,2016-03-31,-1
2017-01-30,57030,2016-03-31,3,,,,,,,,,,,,,,,,,,,,,,,,,,,,,6.00,,,,545126049,1303047,,false,false,12,2015-04-01,2016-03-31,-1
2017-01-30,57030,2017-03-31,3,,,,,,,,,,,,,,,,,,,,,,,,,,,,,3.00,,,,,,,false,false,12,2016-04-01,2017-03-31,0
2017-01-30,57030,2017-03-31,3,,,,,,,,,,,,,,,,,,,,,,,,,,,,,6.00,,,,,,,false,true,12,2016-04-01,2017-03-31,0
2017-01-30,57030,2017-03-31,3,,,,,,,,,,,,,,,,,,,,,,,,,,,,,,,,,587081798,703910,548077108,false,false,9,2016-04-01,2016-12-31,0
2017-01-30,57030,2016-03-31,3,,,,,,,,,,,,,,,,,,,,,,,,,,,,,,,,,,,543827105,false,false,9,2015-04-01,2015-12-31,-1
2017-04-28,57030,2017-03-31,,448000000000,0.007,,,,,30000000000,0.111,26000000000,0.040,,19000000000,,33.66,,,,,,,,,,,,,,,,,,,,,,true,true,12,2016-04-01,2017-03-31,0
2017-04-28,57030,2016-03-31,,464405000000,,,,,,26821000000,,24526000000,,,15533000000,,28.56,,,,,,,,,,,,,,,,,,,,,,true,false,12,2015-04-01,2016-03-31,-1
2017-04-28,57030,2017-03-31,,,,,,,,,,,,,,,,,,,,,,,,,,,,,,8.00,,,,,,,false,true,12,2016-04-01,2017-03-31,0
2017-04-28,57030,2017-03-31,,,,,,,,,,,,,,,,,,,,,,,,,,,,,,3.00,,,,,,,false,false,12,2016-04-01,2017-03-31,0
2017-04-28,57030,2016-03-31,,,,,,,,,,,,,,,,,,,,,,,,,,,,,,6.00,,,,,,,false,false,12,2015-04-01,2016-03-31,-1
2017-05-15,57030,2017-03-31,,448381000000,-0.035,,,,,30225000000,0.127,26252000000,0.070,,19520000000,,34.58,31.46,0.135,0.058,0.067,,448623000000,173624000000,0.356,257.82,159653000000,36488000000,-11887000000,-24432000000,36286000000,,0.231,,,,,,true,false,12,2016-04-01,2017-03-31,0
2017-05-15,57030,2016-03-31,,464405000000,0.076,,,,,26821000000,0.389,24526000000,0.191,,15533000000,,28.56,25.10,0.123,0.054,0.058,,452194000000,144419000000,0.288,239.39,130184000000,37770000000,-19419000000,-10708000000,36485000000,,0.210,,,,,,true,false,12,2015-04-01,2016-03-31,-1
2017-05-15,57030,2018-03-31,,230000000000,0.060,,,,,12500000000,-0.061,11500000000,0.010,,7000000000,,11.30,,,,,,,,,,,,,,,,,,,,,,true,true,6,2017-04-01,2017-09-30,1
2017-05-15,57030,2018-03-31,,470000000000,0.048,,,,,30000000000,-0.007,28000000000,0.067,,18000000000,,29.07,,,,,,,,,,,,,,,,0.275,,,,,,true,true,12,2017-04-01,2018-03-31,1
2017-05-15,57030,2016-03-31,,,,,,,,,,,,,,,,,,,,,,,,,,,,,,6.00,,,,545126049,1303047,543826228,false,false,12,2015-04-01,2016-03-31,-1
2017-05-15,57030,2017-03-31,,,,,,,,,,,,,,,,,,,,,,,,,,,,,,8.00,,,,619937500,706127,564497521,false,false,12,2016-04-01,2017-03-31,0
2017-05-15,57030,2018-03-31,,,,,,,,,,,,,,,,,,,,,,,,,,,,,,8.00,,,,,,,false,true,12,2017-04-01,2018-03-31,1
2017-07-27,57030,2018-03-31,1,111433000000,0.031,,,,,6988000000,0.169,6430000000,0.578,,3983000000,,6.43,,,,,,445156000000,175327000000,0.362,260.49,161304000000,,,,,,,,,,,,true,false,3,2017-04-01,2017-06-30,0
2017-07-27,57030,2017-03-31,1,108048000000,-0.029,,,,,5978000000,0.069,4076000000,-0.213,,3539000000,,6.51,5.72,,,,,,,,,,,,,,,,,,,,,true,false,3,2016-04-01,2016-06-30,-1
2017-07-27,57030,2018-03-31,1,230000000000,0.060,,,,,13500000000,0.014,12500000000,0.097,,8000000000,,12.92,,,,,,,,,,,,,,,,,,,,,,true,true,6,2017-04-01,2017-09-30,0
2017-07-27,57030,2018-03-31,1,470000000000,0.048,,,,,30000000000,-0.007,28000000000,0.067,,18000000000,,29.07,,,,,,,,,,,,,,,,,,,,,,true,true,12,2017-04-01,2018-03-31,0
2017-07-27,57030,2017-03-31,1,,,,,,,,,,,,,,,,,,,,448623000000,173624000000,0.356,257.82,159653000000,,,,,,,,,,,,true,false,12,2016-04-01,2017-03-31,-1
2017-07-27,57030,2017-03-31,1,,,,,,,,,,,,,,,,,,,,,,,,,,,,,8.00,,,,619937500,706127,,false,false,12,2016-04-01,2017-03-31,-1
2017-07-27,57030,2018-03-31,1,,,,,,,,,,,,,,,,,,,,,,,,,,,,,8.00,,,,,,,false,true,12,2017-04-01,2018-03-31,0
2017-07-27,57030,2018-03-31,1,,,,,,,,,,,,,,,,,,,,,,,,,,,,,,,,,619937500,707485,619230769,false,false,3,2017-04-01,2017-06-30,0
2017-07-27,57030,2017-03-31,1,,,,,,,,,,,,,,,,,,,,,,,,,,,,,,,,,,,543822674,false,false,3,2016-04-01,2016-06-30,-1
2017-10-27,57030,2018-03-31,2,228366000000,0.052,,,,,14123000000,0.061,13576000000,0.192,,8656000000,,13.98,,,,,,457685000000,181096000000,0.364,268.72,166400000000,,,,,,,,,,,,true,false,6,2017-04-01,2017-09-30,0
2017-10-27,57030,2017-03-31,2,217066000000,-0.055,,,,,13308000000,0.064,11390000000,0.026,,8544000000,,15.71,13.80,,,,,,,,,,,,,,,,,,,,,true,false,6,2016-04-01,2016-09-30,-1
2017-10-27,57030,2018-03-31,2,470000000000,0.048,,,,,30000000000,-0.007,28000000000,0.067,,18000000000,,29.07,,,,,,,,,,,,,,,,,,,,,,true,true,12,2017-04-01,2018-03-31,0
2017-10-27,57030,2017-03-31,2,,,,,,,,,,,,,,,,,,,,448623000000,173624000000,0.356,257.82,159653000000,,,,,,,,,,,,true,false,12,2016-04-01,2017-03-31,-1
2017-10-27,57030,2017-03-31,2,,,,,,,,,,,,,,,,,,,,,,,,,,,,,8.00,,,,619937500,706127,,false,false,12,2016-04-01,2017-03-31,-1
2017-10-27,57030,2018-03-31,2,,,,,,,,,,,,,,,,,,,,,,,,,,,,,4.00,,,,,,,false,false,12,2017-04-01,2018-03-31,0
2017-10-27,57030,2018-03-31,2,,,,,,,,,,,,,,,,,,,,,,,,,,,,,8.00,,,,,,,false,true,12,2017-04-01,2018-03-31,0
2017-10-27,57030,2018-03-31,2,,,,,,,,,,,,,,,,,,,,,,,,,,,,,,,,,619937500,710003,619229724,false,false,6,2017-04-01,2017-09-30,0
2017-10-27,57030,2017-03-31,2,,,,,,,,,,,,,,,,,,,,,,,,,,,,,,,,,,,543821929,false,false,6,2016-04-01,2016-09-30,-1
2018-01-30,57030,2018-03-31,3,355756000000,0.074,,,,,23281000000,0.049,23145000000,0.100,,14911000000,,24.08,,,,,,459004000000,186202000000,0.373,276.28,171081000000,,,,,,,,,,,,true,false,9,2017-04-01,2017-12-31,0
2018-01-30,57030,2017-03-31,3,331191000000,-0.047,,,,,22196000000,0.104,21044000000,0.152,,14149000000,,25.82,22.76,,,,,,,,,,,,,,,,,,,,,true,false,9,2016-04-01,2016-12-31,-1
2018-01-30,57030,2018-03-31,3,470000000000,0.048,,,,,30000000000,-0.007,28000000000,0.067,,18000000000,,29.07,,,,,,,,,,,,,,,,,,,,,,true,true,12,2017-04-01,2018-03-31,0
2018-01-30,57030,2017-03-31,3,,,,,,,,,,,,,,,,,,,,448623000000,173624000000,0.356,257.82,159653000000,,,,,,,,,,,,true,false,12,2016-04-01,2017-03-31,-1
2018-01-30,57030,2017-03-31,3,,,,,,,,,,,,,,,,,,,,,,,,,,,,,8.00,,,,619937500,706127,,false,false,12,2016-04-01,2017-03-31,-1
2018-01-30,57030,2018-03-31,3,,,,,,,,,,,,,,,,,,,,,,,,,,,,,4.00,,,,,,,false,false,12,2017-04-01,2018-03-31,0
2018-01-30,57030,2018-03-31,3,,,,,,,,,,,,,,,,,,,,,,,,,,,,,8.00,,,,,,,false,true,12,2017-04-01,2018-03-31,0
2018-01-30,57030,2018-03-31,3,,,,,,,,,,,,,,,,,,,,,,,,,,,,,,,,,619937500,712954,619228446,false,false,9,2017-04-01,2017-12-31,0
2018-01-30,57030,2017-03-31,3,,,,,,,,,,,,,,,,,,,,,,,,,,,,,,,,,,,548077108,false,false,9,2016-04-01,2016-12-31,-1
2018-05-15,57030,2018-03-31,,481439000000,0.074,,,,,29893000000,-0.011,29533000000,0.125,,18012000000,,29.09,,0.108,0.064,0.062,,467300000000,189322000000,0.372,280.93,173957000000,25868000000,-14948000000,-17040000000,30517000000,,0.275,,,,,,true,false,12,2017-04-01,2018-03-31,0
2018-05-15,57030,2017-03-31,,448381000000,-0.035,,,,,30225000000,0.127,26252000000,0.070,,19520000000,,34.58,31.46,0.135,0.058,0.067,,448623000000,173624000000,0.356,257.82,159653000000,36488000000,-11887000000,-24432000000,36286000000,,0.231,,,,,,true,false,12,2016-04-01,2017-03-31,-1
2018-05-15,57030,2019-03-31,,250000000000,0.095,,,,,15000000000,0.062,14000000000,0.031,,9000000000,,14.53,,,,,,,,,,,,,,,,,,,,,,true,true,6,2018-04-01,2018-09-30,1
2018-05-15,57030,2019-03-31,,510000000000,0.059,,,,,32000000000,0.070,31000000000,0.050,,20000000000,,32.30,,,,,,,,,,,,,,,,0.248,,,,,,true,true,12,2018-04-01,2019-03-31,1
2018-05-15,57030,2017-03-31,,,,,,,,,,,,,,,,,,,,,,,,,,,,,,8.00,,,,619937500,706127,564497521,false,false,12,2016-04-01,2017-03-31,-1
2018-05-15,57030,2018-03-31,,,,,,,,,,,,,,,,,,,,,,,,,,,,,,8.00,,,,619937500,714480,619227270,false,false,12,2017-04-01,2018-03-31,0
2018-05-15,57030,2019-03-31,,,,,,,,,,,,,,,,,,,,,,,,,,,,,,8.00,,,,,,,false,true,12,2018-04-01,2019-03-31,1
2018-07-30,57030,2019-03-31,1,122695000000,0.101,,,,,7021000000,0.005,7183000000,0.117,,4766000000,,7.70,,,,,,468328000000,190284000000,0.376,284.12,175933000000,,,,,,,,,,,,true,false,3,2018-04-01,2018-06-30,0
2018-07-30,57030,2018-03-31,1,111433000000,0.031,,,,,6988000000,0.169,6430000000,0.578,,3983000000,,6.43,,,,,,,,,,,,,,,,,,,,,,true,false,3,2017-04-01,2017-06-30,-1
2018-07-30,57030,2019-03-31,1,250000000000,0.095,,,,,15000000000,0.062,14000000000,0.031,,9000000000,,14.53,,,,,,,,,,,,,,,,,,,,,,true,true,6,2018-04-01,2018-09-30,0
2018-07-30,57030,2019-03-31,1,510000000000,0.059,,,,,32000000000,0.070,31000000000,0.050,,20000000000,,32.30,,,,,,,,,,,,,,,,,,,,,,true,true,12,2018-04-01,2019-03-31,0
2018-07-30,57030,2018-03-31,1,,,,,,,,,,,,,,,,,,,,467199000000,189322000000,0.372,280.93,173957000000,,,,,,,,,,,,true,false,12,2017-04-01,2018-03-31,-1
2018-07-30,57030,2018-03-31,1,,,,,,,,,,,,,,,,,,,,,,,,,,,,,8.00,,,,619937500,714480,,false,false,12,2017-04-01,2018-03-31,-1
2018-07-30,57030,2019-03-31,1,,,,,,,,,,,,,,,,,,,,,,,,,,,,,8.00,,,,,,,false,true,12,2018-04-01,2019-03-31,0
2018-07-30,57030,2019-03-31,1,,,,,,,,,,,,,,,,,,,,,,,,,,,,,,,,,619937500,715406,619222540,false,false,3,2018-04-01,2018-06-30,0
2018-07-30,57030,2018-03-31,1,,,,,,,,,,,,,,,,,,,,,,,,,,,,,,,,,,,619230769,false,false,3,2017-04-01,2017-06-30,-1
2018-10-30,57030,2019-03-31,2,245336000000,0.074,,,,,14186000000,0.004,14674000000,0.081,,10129000000,,16.36,,,,,,474035000000,196409000000,0.383,293.47,181723000000,,,,,,,,,,,,true,false,6,2018-04-01,2018-09-30,0
2018-10-30,57030,2018-03-31,2,228366000000,0.052,,,,,14123000000,0.061,13576000000,0.192,,8656000000,,13.98,,,,,,,,,,,,,,,,,,,,,,true,false,6,2017-04-01,2017-09-30,-1
2018-10-30,57030,2019-03-31,2,510000000000,0.059,,,,,32000000000,0.070,31000000000,0.050,,20000000000,,32.30,,,,,,,,,,,,,,,,,,,,,,true,true,12,2018-04-01,2019-03-31,0
2018-10-30,57030,2018-03-31,2,,,,,,,,,,,,,,,,,,,,467199000000,189322000000,0.372,280.93,173957000000,,,,,,,,,,,,true,false,12,2017-04-01,2018-03-31,-1
2018-10-30,57030,2018-03-31,2,,,,,,,,,,,,,,,,,,,,,,,,,,,,,8.00,,,,619937500,714480,,false,false,12,2017-04-01,2018-03-31,-1
2018-10-30,57030,2019-03-31,2,,,,,,,,,,,,,,,,,,,,,,,,,,,,,4.00,,,,,,,false,false,12,2018-04-01,2019-03-31,0
2018-10-30,57030,2019-03-31,2,,,,,,,,,,,,,,,,,,,,,,,,,,,,,8.00,,,,,,,false,true,12,2018-04-01,2019-03-31,0
2018-10-30,57030,2019-03-31,2,,,,,,,,,,,,,,,,,,,,,,,,,,,,,,,,,619937500,717186,619221715,false,false,6,2018-04-01,2018-09-30,0
2018-10-30,57030,2018-03-31,2,,,,,,,,,,,,,,,,,,,,,,,,,,,,,,,,,,,619229724,false,false,6,2017-04-01,2017-09-30,-1
2019-01-30,57030,2019-03-31,3,378402000000,0.064,,,,,23257000000,-0.001,23696000000,0.024,,16002000000,,25.84,,,,,,473363000000,198108000000,0.388,296.57,183639000000,,,,,,,,,,,,true,false,9,2018-04-01,2018-12-31,0
2019-01-30,57030,2018-03-31,3,355756000000,0.074,,,,,23281000000,0.049,23145000000,0.100,,14911000000,,24.08,,,,,,,,,,,,,,,,,,,,,,true,false,9,2017-04-01,2017-12-31,-1
2019-01-30,57030,2019-03-31,3,510000000000,0.059,,,,,32000000000,0.070,31000000000,0.050,,20000000000,,32.30,,,,,,,,,,,,,,,,,,,,,,true,true,12,2018-04-01,2019-03-31,0
2019-01-30,57030,2018-03-31,3,,,,,,,,,,,,,,,,,,,,467199000000,189322000000,0.372,280.93,173957000000,,,,,,,,,,,,true,false,12,2017-04-01,2018-03-31,-1
2019-01-30,57030,2018-03-31,3,,,,,,,,,,,,,,,,,,,,,,,,,,,,,8.00,,,,619937500,714480,,false,false,12,2017-04-01,2018-03-31,-1
2019-01-30,57030,2019-03-31,3,,,,,,,,,,,,,,,,,,,,,,,,,,,,,4.00,,,,,,,false,false,12,2018-04-01,2019-03-31,0
2019-01-30,57030,2019-03-31,3,,,,,,,,,,,,,,,,,,,,,,,,,,,,,8.00,,,,,,,false,true,12,2018-04-01,2019-03-31,0
2019-01-30,57030,2019-03-31,3,,,,,,,,,,,,,,,,,,,,,,,,,,,,,,,,,619937500,719136,619220926,false,false,9,2018-04-01,2018-12-31,0
2019-01-30,57030,2018-03-31,3,,,,,,,,,,,,,,,,,,,,,,,,,,,,,,,,,,,619228446,false,false,9,2017-04-01,2017-12-31,-1
2019-05-14,57030,2019-03-31,,500451000000,0.039,,,,,30052000000,0.005,31084000000,0.053,,20560000000,,33.20,,0.114,0.066,0.060,,481303000000,202735000000,0.390,303.37,187854000000,34644000000,-22777000000,-8904000000,33345000000,,0.271,,,,,,true,false,12,2018-04-01,2019-03-31,0
2019-05-14,57030,2018-03-31,,481439000000,0.074,,,,,29893000000,-0.011,29533000000,0.125,,18012000000,,29.09,,0.108,0.064,0.062,,467199000000,189322000000,0.372,280.93,173957000000,25868000000,-14948000000,-17040000000,30517000000,,0.275,,,,,,true,false,12,2017-04-01,2018-03-31,-1
2019-05-14,57030,2020-03-31,,245000000000,-0.001,,,,,13000000000,-0.084,12500000000,-0.148,,8500000000,,13.73,,,,,,,,,,,,,,,,,,,,,,true,true,6,2019-04-01,2019-09-30,1
2019-05-14,57030,2020-03-31,,510000000000,0.019,,,,,31000000000,0.032,30500000000,-0.019,,20000000000,,32.30,,,,,,,,,,,,,,,,0.279,,,,,,true,true,12,2019-04-01,2020-03-31,1
2019-05-14,57030,2018-03-31,,,,,,,,,,,,,,,,,,,,,,,,,,,,,,8.00,,,,619937500,714480,619227270,false,false,12,2017-04-01,2018-03-31,-1
2019-05-14,57030,2019-03-31,,,,,,,,,,,,,,,,,,,,,,,,,,,,,,9.00,,,,619937500,720629,619220839,false,false,12,2018-04-01,2019-03-31,0
2019-05-14,57030,2020-03-31,,,,,,,,,,,,,,,,,,,,,,,,,,,,,,9.00,,,,,,,false,true,12,2019-04-01,2020-03-31,1
2019-07-30,57030,2020-03-31,1,114189000000,-0.069,,,,,4608000000,-0.344,4633000000,-0.355,,3008000000,,4.86,,,,,,474722000000,201353000000,0.394,301.96,186980000000,,,,,,,,,,,,true,false,3,2019-04-01,2019-06-30,0
2019-07-30,57030,2019-03-31,1,122695000000,0.101,,,,,7021000000,0.005,7183000000,0.117,,4766000000,,7.70,,,,,,,,,,,,,,,,,,,,,,true,false,3,2018-04-01,2018-06-30,-1
2019-07-30,57030,2020-03-31,1,235000000000,-0.042,,,,,11000000000,-0.225,10500000000,-0.284,,7000000000,,11.30,,,,,,,,,,,,,,,,,,,,,,true,true,6,2019-04-01,2019-09-30,0
2019-07-30,57030,2020-03-31,1,500000000000,-0.001,,,,,29000000000,-0.035,28500000000,-0.083,,18500000000,,29.88,,,,,,,,,,,,,,,,,,,,,,true,true,12,2019-04-01,2020-03-31,0
2019-07-30,57030,2019-03-31,1,,,,,,,,,,,,,,,,,,,,481303000000,202735000000,0.390,303.37,187854000000,,,,,,,,,,,,true,false,12,2018-04-01,2019-03-31,-1
2019-07-30,57030,2019-03-31,1,,,,,,,,,,,,,,,,,,,,,,,,,,,,,9.00,,,,619937500,720629,,false,false,12,2018-04-01,2019-03-31,-1
2019-07-30,57030,2020-03-31,1,,,,,,,,,,,,,,,,,,,,,,,,,,,,,9.00,,,,,,,false,true,12,2019-04-01,2020-03-31,0
2019-07-30,57030,2020-03-31,1,,,,,,,,,,,,,,,,,,,,,,,,,,,,,,,,,619937500,721404,619216403,false,false,3,2019-04-01,2019-06-30,0
2019-07-30,57030,2019-03-31,1,,,,,,,,,,,,,,,,,,,,,,,,,,,,,,,,,,,619222540,false,false,3,2018-04-01,2018-06-30,-1
2019-11-05,57030,2020-03-31,2,231585000000,-0.056,,,,,11718000000,-0.174,11462000000,-0.219,,7681000000,,12.40,,,,,,466204000000,206084000000,0.410,,191289000000,,,,,,,,,,,,true,false,6,2019-04-01,2019-09-30,0
2019-11-05,57030,2019-03-31,2,245336000000,0.074,,,,,14186000000,0.004,14674000000,0.081,,10129000000,,16.36,,,,,,,,,,,,,,,,,,,,,,true,false,6,2018-04-01,2018-09-30,-1
2019-11-05,57030,2020-03-31,2,470000000000,-0.061,,,,,25000000000,-0.168,24000000000,-0.228,,15500000000,,25.03,,,,,,,,,,,,,,,,,,,,,,true,true,12,2019-04-01,2020-03-31,0
2019-11-05,57030,2019-03-31,2,,,,,,,,,,,,,,,,,,,,481303000000,202735000000,0.390,,187854000000,,,,,,,,,,,,true,false,12,2018-04-01,2019-03-31,-1
2019-11-05,57030,2019-03-31,2,,,,,,,,,,,,,,,,,,,,,,,,,,,,,9.00,,,,619937500,720629,,false,false,12,2018-04-01,2019-03-31,-1
2019-11-05,57030,2020-03-31,2,,,,,,,,,,,,,,,,,,,,,,,,,,,,,4.00,,,,,,,false,false,12,2019-04-01,2020-03-31,0
2019-11-05,57030,2020-03-31,2,,,,,,,,,,,,,,,,,,,,,,,,,,,,,9.00,,,,,,,false,true,12,2019-04-01,2020-03-31,0
2019-11-05,57030,2020-03-31,2,,,,,,,,,,,,,,,,,,,,,,,,,,,,,,,,,619937500,723027,619215726,false,false,6,2019-04-01,2019-09-30,0
2019-11-05,57030,2019-03-31,2,,,,,,,,,,,,,,,,,,,,,,,,,,,,,,,,,,,619221715,false,false,6,2018-04-01,2018-09-30,-1
2020-01-30,57030,2020-03-31,3,349651000000,-0.076,,,,,18040000000,-0.224,17874000000,-0.246,,11690000000,,18.88,,,,,,478939000000,209202000000,0.404,,193644000000,,,,,,,,,,,,true,false,9,2019-04-01,2019-12-31,0
2020-01-30,57030,2019-03-31,3,378402000000,0.064,,,,,23257000000,-0.001,23696000000,0.024,,16002000000,,25.84,,,,,,,,,,,,,,,,,,,,,,true,false,9,2018-04-01,2018-12-31,-1
2020-01-30,57030,2020-03-31,3,470000000000,-0.061,,,,,25000000000,-0.168,24000000000,-0.228,,15500000000,,25.03,,,,,,,,,,,,,,,,,,,,,,true,true,12,2019-04-01,2020-03-31,0
2020-01-30,57030,2019-03-31,3,,,,,,,,,,,,,,,,,,,,481303000000,202735000000,0.390,,187854000000,,,,,,,,,,,,true,false,12,2018-04-01,2019-03-31,-1
2020-01-30,57030,2019-03-31,3,,,,,,,,,,,,,,,,,,,,,,,,,,,,,9.00,,,,619937500,720629,,false,false,12,2018-04-01,2019-03-31,-1
2020-01-30,57030,2020-03-31,3,,,,,,,,,,,,,,,,,,,,,,,,,,,,,4.00,,,,,,,false,false,12,2019-04-01,2020-03-31,0
2020-01-30,57030,2020-03-31,3,,,,,,,,,,,,,,,,,,,,,,,,,,,,,9.00,,,,,,,false,true,12,2019-04-01,2020-03-31,0
2020-01-30,57030,2020-03-31,3,,,,,,,,,,,,,,,,,,,,,,,,,,,,,,,,,619937500,724347,619215132,false,false,9,2019-04-01,2019-12-31,0
2020-01-30,57030,2019-03-31,3,,,,,,,,,,,,,,,,,,,,,,,,,,,,,,,,,,,619220926,false,false,9,2018-04-01,2018-12-31,-1
2020-03-25,57030,2020-03-31,,470000000000,0.000,,,,,25000000000,0.000,24000000000,0.000,,7000000000,,11.30,,,,,,,,,,,,,,,,,,,,,,true,true,12,2019-04-01,2020-03-31,0
2020-03-25,57030,2019-03-31,,500451000000,,,,,,30052000000,,31084000000,,,20560000000,,33.20,,,,,,,,,,,,,,,,,,,,,,true,false,12,2018-04-01,2019-03-31,-1
2020-05-15,57030,2020-03-31,,465946000000,-0.069,,,,,24607000000,-0.181,23475000000,-0.245,,7476000000,,12.07,,0.040,0.049,0.053,,470004000000,201198000000,0.396,300.83,186275000000,48676000000,-29684000000,-15745000000,36296000000,,0.746,,,,,,true,false,12,2019-04-01,2020-03-31,0
2020-05-15,57030,2019-03-31,,500451000000,0.039,,,,,30052000000,0.005,31084000000,0.053,,20560000000,,33.20,,0.114,0.066,0.060,,481303000000,202735000000,0.390,303.37,187854000000,34644000000,-22777000000,-8904000000,33345000000,,0.271,,,,,,true,false,12,2018-04-01,2019-03-31,-1
2020-05-15,57030,2019-03-31,,,,,,,,,,,,,,,,,,,,,,,,,,,,,,9.00,,,,619937500,720629,619220839,false,false,12,2018-04-01,2019-03-31,-1
2020-05-15,57030,2020-03-31,,,,,,,,,,,,,,,,,,,,,,,,,,,,,,9.00,,,,619937500,725769,619214426,false,false,12,2019-04-01,2020-03-31,0
2020-08-03,57030,2021-03-31,1,95599000000,-0.163,,,,,2514000000,-0.454,2380000000,-0.486,,1275000000,,2.06,,,,,,480949000000,199247000000,0.385,,184937000000,,,,,,,,,,,,true,false,3,2020-04-01,2020-06-30,0
2020-08-03,57030,2020-03-31,1,114189000000,-0.069,,,,,4608000000,-0.344,4633000000,-0.355,,3008000000,,4.86,,,,,,,,,,,,,,,,,,,,,,true,false,3,2019-04-01,2019-06-30,-1
2020-08-03,57030,2020-03-31,1,,,,,,,,,,,,,,,,,,,,470004000000,201198000000,0.396,,186275000000,,,,,,,,,,,,true,false,12,2019-04-01,2020-03-31,-1
2020-08-03,57030,2020-03-31,1,,,,,,,,,,,,,,,,,,,,,,,,,,,,,9.00,,,,619937500,725769,,false,false,12,2019-04-01,2020-03-31,-1
2020-08-03,57030,2021-03-31,1,,,,,,,,,,,,,,,,,,,,,,,,,,,,,0.00,,,,,,,false,true,12,2020-04-01,2021-03-31,0
2020-08-03,57030,2021-03-31,1,,,,,,,,,,,,,,,,,,,,,,,,,,,,,,,,,619937500,726276,619211478,false,false,3,2020-04-01,2020-06-30,0
2020-08-03,57030,2020-03-31,1,,,,,,,,,,,,,,,,,,,,,,,,,,,,,,,,,,,619216403,false,false,3,2019-04-01,2019-06-30,-1
2020-10-30,57030,2021-03-31,2,198499000000,-0.143,,,,,7895000000,-0.326,7660000000,-0.332,,4720000000,,76.23,,,,,,476971000000,203263000000,0.395,,188580000000,,,,,,,,,,,,true,false,6,2020-04-01,2020-09-30,0
2020-10-30,57030,2020-03-31,2,231585000000,-0.056,,,,,11718000000,-0.174,11462000000,-0.219,,7681000000,,124.04,,,,,,,,,,,,,,,,,,,,,,true,false,6,2019-04-01,2019-09-30,-1
2020-10-30,57030,2021-03-31,2,415000000000,-0.109,,,,,18000000000,-0.269,17000000000,-0.276,,10000000000,,161.50,,,,,,,,,,,,,,,,,,,,,,true,true,12,2020-04-01,2021-03-31,0
2020-10-30,57030,2020-03-31,2,,,,,,,,,,,,,,,,,,,,470004000000,201198000000,0.396,,186275000000,,,,,,,,,,,,true,false,12,2019-04-01,2020-03-31,-1
2020-10-30,57030,2020-03-31,2,,,,,,,,,,,,,,,,,,,,,,,,,,,,,9.00,,,,61993750,72576,,false,false,12,2019-04-01,2020-03-31,-1
2020-10-30,57030,2021-03-31,2,,,,,,,,,,,,,,,,,,,,,,,,,,,,,0.00,,,,,,,false,false,12,2020-04-01,2021-03-31,0
2020-10-30,57030,2021-03-31,2,,,,,,,,,,,,,,,,,,,,,,,,,,,,,65.00,,,,,,,false,true,12,2020-04-01,2021-03-31,0
2020-10-30,57030,2021-03-31,2,,,,,,,,,,,,,,,,,,,,,,,,,,,,,,,,,61993750,72720,61921113,false,false,6,2020-04-01,2020-09-30,0
2020-10-30,57030,2020-03-31,2,,,,,,,,,,,,,,,,,,,,,,,,,,,,,,,,,,,61921573,false,false,6,2019-04-01,2019-09-30,-1
2021-02-10,57030,2021-03-31,3,313002000000,-0.105,,,,,15559000000,-0.138,15093000000,-0.156,,9440000000,,152.46,,,,,,495023000000,209399000000,0.392,,194130000000,,,,,,,,,,,,true,false,9,2020-04-01,2020-12-31,0
2021-02-10,57030,2020-03-31,3,349651000000,-0.076,,,,,18040000000,-0.224,17874000000,-0.246,,11690000000,,188.79,,,,,,,,,,,,,,,,,,,,,,true,false,9,2019-04-01,2019-12-31,-1
2021-02-10,57030,2021-03-31,3,415000000000,-0.109,,,,,18000000000,-0.269,17000000000,-0.276,,10000000000,,161.51,,,,,,,,,,,,,,,,,,,,,,true,true,12,2020-04-01,2021-03-31,0
2021-02-10,57030,2020-03-31,3,,,,,,,,,,,,,,,,,,,,470004000000,201198000000,0.396,,186275000000,,,,,,,,,,,,true,false,12,2019-04-01,2020-03-31,-1
2021-02-10,57030,2020-03-31,3,,,,,,,,,,,,,,,,,,,,,,,,,,,,,9.00,,,,61993750,72576,,false,false,12,2019-04-01,2020-03-31,-1
2021-02-10,57030,2021-03-31,3,,,,,,,,,,,,,,,,,,,,,,,,,,,,,0.00,,,,,,,false,false,12,2020-04-01,2021-03-31,0
2021-02-10,57030,2021-03-31,3,,,,,,,,,,,,,,,,,,,,,,,,,,,,,65.00,,,,,,,false,true,12,2020-04-01,2021-03-31,0
2021-02-10,57030,2021-03-31,3,,,,,,,,,,,,,,,,,,,,,,,,,,,,,,,,,61993750,94066,61916316,false,false,9,2020-04-01,2020-12-31,0
2021-02-10,57030,2020-03-31,3,,,,,,,,,,,,,,,,,,,,,,,,,,,,,,,,,,,61921513,false,false,9,2019-04-01,2019-12-31,-1
2021-04-28,57030,2021-03-31,,430000000000,0.036,,,,,24000000000,0.333,24000000000,0.412,,3500000000,,56.53,,,,,,,,,,,,,,,,,,,,,,true,true,12,2020-04-01,2021-03-31,0
2021-04-28,57030,2020-03-31,,465946000000,,,,,,24607000000,,23475000000,,,7476000000,,120.73,,,,,,,,,,,,,,,,,,,,,,true,false,12,2019-04-01,2020-03-31,-1
2021-05-14,57030,2021-03-31,,432568000000,-0.072,,,,,24194000000,-0.017,24030000000,0.024,,3366000000,,54.37,,0.018,0.049,0.056,,506955000000,207104000000,0.376,3081.54,190712000000,41942000000,-25674000000,8194000000,61176000000,,1.196,,,,,,true,false,12,2020-04-01,2021-03-31,0
2021-05-14,57030,2020-03-31,,465946000000,-0.069,,,,,24607000000,-0.181,23475000000,-0.245,,7476000000,,120.73,,0.040,0.049,0.053,,470004000000,201198000000,0.396,3008.26,186275000000,48676000000,-29684000000,-15745000000,36296000000,,0.746,,,,,,true,false,12,2019-04-01,2020-03-31,-1
2021-05-14,57030,2022-03-31,,230000000000,0.159,,,,,12000000000,0.520,12000000000,0.567,,8000000000,,129.22,,,,,,,,,,,,,,,,,,,,,,true,true,6,2021-04-01,2021-09-30,1
2021-05-14,57030,2022-03-31,,470000000000,0.087,,,,,27000000000,0.116,27000000000,0.124,,18000000000,,290.74,,,,,,,,,,,,,,,,0.292,,,,,,true,true,12,2021-04-01,2022-03-31,1
2021-05-14,57030,2020-03-31,,,,,,,,,,,,,,,,,,,,,,,,,,,,,,9.00,,,,61993750,72576,61921443,false,false,12,2019-04-01,2020-03-31,-1
2021-05-14,57030,2021-03-31,,,,,,,,,,,,,,,,,,,,,,,,,,,,,,65.00,,,,61993750,105121,61910894,false,false,12,2020-04-01,2021-03-31,0
2021-05-14,57030,2022-03-31,,,,,,,,,,,,,,,,,,,,,,,,,,,,,,85.00,,,,,,,false,true,12,2021-04-01,2022-03-31,1
2021-08-02,57030,2022-03-31,1,115689000000,0.210,,,,,7435000000,1.957,7574000000,2.182,,4832000000,,78.08,,,,,,510087000000,207605000000,0.377,,192086000000,,,,,,,,,,,,true,false,3,2021-04-01,2021-06-30,0
2021-08-02,57030,2021-03-31,1,95599000000,-0.163,,,,,2514000000,-0.454,2380000000,-0.486,,1275000000,,20.59,,,,,,,,,,,,,,,,,,,,,,true,false,3,2020-04-01,2020-06-30,-1
2021-08-02,57030,2022-03-31,1,230000000000,0.159,,,,,12000000000,0.520,12000000000,0.567,,8000000000,,129.27,,,,,,,,,,,,,,,,,,,,,,true,true,6,2021-04-01,2021-09-30,0
2021-08-02,57030,2022-03-31,1,470000000000,0.087,,,,,27000000000,0.116,27000000000,0.124,,18000000000,,290.85,,,,,,,,,,,,,,,,,,,,,,true,true,12,2021-04-01,2022-03-31,0
2021-08-02,57030,2021-03-31,1,,,,,,,,,,,,,,,,,,,,506955000000,207104000000,0.376,,190712000000,,,,,,,,,,,,true,false,12,2020-04-01,2021-03-31,-1
2021-08-02,57030,2021-03-31,1,,,,,,,,,,,,,,,,,,,,,,,,,,,,,65.00,,,,61993750,105121,,false,false,12,2020-04-01,2021-03-31,-1
2021-08-02,57030,2022-03-31,1,,,,,,,,,,,,,,,,,,,,,,,,,,,,,85.00,,,,,,,false,true,12,2021-04-01,2022-03-31,0
2021-08-02,57030,2022-03-31,1,,,,,,,,,,,,,,,,,,,,,,,,,,,,,,,,,61993750,108798,61886655,false,false,3,2021-04-01,2021-06-30,0
2021-08-02,57030,2021-03-31,1,,,,,,,,,,,,,,,,,,,,,,,,,,,,,,,,,,,61921148,false,false,3,2020-04-01,2020-06-30,-1
2021-11-01,57030,2022-03-31,2,236048000000,0.189,,,,,14041000000,0.778,14211000000,0.855,,10813000000,,174.70,,,,,,516591000000,214713000000,0.384,,198280000000,,,,,,,,,,,,true,false,6,2021-04-01,2021-09-30,0
2021-11-01,57030,2021-03-31,2,198499000000,-0.143,,,,,7895000000,-0.326,7660000000,-0.332,,4720000000,,76.23,,,,,,,,,,,,,,,,,,,,,,true,false,6,2020-04-01,2020-09-30,-1
2021-11-01,57030,2022-03-31,2,470000000000,0.087,,,,,27000000000,0.116,27000000000,0.124,,18000000000,,290.82,,,,,,,,,,,,,,,,,,,,,,true,true,12,2021-04-01,2022-03-31,0
2021-11-01,57030,2021-03-31,2,,,,,,,,,,,,,,,,,,,,506955000000,207104000000,0.376,,190712000000,,,,,,,,,,,,true,false,12,2020-04-01,2021-03-31,-1
2021-11-01,57030,2021-03-31,2,,,,,,,,,,,,,,,,,,,,,,,,,,,,,65.00,,,,61993750,105121,,false,false,12,2020-04-01,2021-03-31,-1
2021-11-01,57030,2022-03-31,2,,,,,,,,,,,,,,,,,,,,,,,,,,,,,40.00,,,,,,,false,false,12,2021-04-01,2022-03-31,0
2021-11-01,57030,2022-03-31,2,,,,,,,,,,,,,,,,,,,,,,,,,,,,,85.00,,,,,,,false,true,12,2021-04-01,2022-03-31,0
2021-11-01,57030,2022-03-31,2,,,,,,,,,,,,,,,,,,,,,,,,,,,,,,,,,61993750,93615,61892936,false,false,6,2021-04-01,2021-09-30,0
2021-11-01,57030,2021-03-31,2,,,,,,,,,,,,,,,,,,,,,,,,,,,,,,,,,,,61921113,false,false,6,2020-04-01,2020-09-30,-1
2022-01-31,57030,2022-03-31,3,360515000000,0.152,,,,,19208000000,0.235,19537000000,0.294,,15230000000,,246.06,,,,,,523377000000,217633000000,0.383,,200316000000,,,,,,,,,,,,true,false,9,2021-04-01,2021-12-31,0
2022-01-31,57030,2021-03-31,3,313002000000,-0.105,,,,,15559000000,-0.138,15093000000,-0.156,,9440000000,,152.46,,,,,,,,,,,,,,,,,,,,,,true,false,9,2020-04-01,2020-12-31,-1
2022-01-31,57030,2022-03-31,3,470000000000,0.087,,,,,27000000000,0.116,27000000000,0.124,,18000000000,,290.82,,,,,,,,,,,,,,,,,,,,,,true,true,12,2021-04-01,2022-03-31,0
2022-01-31,57030,2021-03-31,3,,,,,,,,,,,,,,,,,,,,506955000000,207104000000,0.376,,190712000000,,,,,,,,,,,,true,false,12,2020-04-01,2021-03-31,-1
2022-01-31,57030,2021-03-31,3,,,,,,,,,,,,,,,,,,,,,,,,,,,,,65.00,,,,61993750,105121,,false,false,12,2020-04-01,2021-03-31,-1
2022-01-31,57030,2022-03-31,3,,,,,,,,,,,,,,,,,,,,,,,,,,,,,40.00,,,,,,,false,false,12,2021-04-01,2022-03-31,0
2022-01-31,57030,2022-03-31,3,,,,,,,,,,,,,,,,,,,,,,,,,,,,,85.00,,,,,,,false,true,12,2021-04-01,2022-03-31,0
2022-01-31,57030,2022-03-31,3,,,,,,,,,,,,,,,,,,,,,,,,,,,,,,,,,61993750,96203,61894557,false,false,9,2021-04-01,2021-12-31,0
2022-01-31,57030,2021-03-31,3,,,,,,,,,,,,,,,,,,,,,,,,,,,,,,,,,,,61916316,false,false,9,2020-04-01,2020-12-31,-1
2022-05-16,57030,2022-03-31,,486579000000,0.125,,,,,22198000000,-0.082,22928000000,-0.046,,16759000000,,270.77,,0.085,0.044,0.046,,532601000000,220907000000,0.381,3281.17,203089000000,1487000000,-18021000000,-626000000,45145000000,,0.314,,,,,,true,false,12,2021-04-01,2022-03-31,0
2022-05-16,57030,2021-03-31,,432568000000,-0.072,,,,,24194000000,-0.017,24030000000,0.024,,3366000000,,54.37,,0.018,0.049,0.056,,506955000000,207104000000,0.376,3081.54,190712000000,41942000000,-25674000000,8194000000,61176000000,,1.196,,,,,,true,false,12,2020-04-01,2021-03-31,-1
2022-05-16,57030,2023-03-31,,260000000000,0.101,,,,,5500000000,-0.608,5000000000,-0.648,,3000000000,,48.47,,,,,,,,,,,,,,,,,,,,,,true,true,6,2022-04-01,2022-09-30,1
2022-05-16,57030,2023-03-31,,540000000000,0.110,,,,,20000000000,-0.099,20000000000,-0.128,,14000000000,,226.19,,,,,,,,,,,,,,,,0.376,,,,,,true,true,12,2022-04-01,2023-03-31,1
2022-05-16,57030,2021-03-31,,,,,,,,,,,,,,,,,,,,,,,,,,,,,,65.00,,,,61993750,105121,61910894,false,false,12,2020-04-01,2021-03-31,-1
2022-05-16,57030,2022-03-31,,,,,,,,,,,,,,,,,,,,,,,,,,,,,,85.00,,,,61993750,98476,61894906,false,false,12,2021-04-01,2022-03-31,0
2022-05-16,57030,2023-03-31,,,,,,,,,,,,,,,,,,,,,,,,,,,,,,85.00,,,,,,,false,true,12,2022-04-01,2023-03-31,1
2022-08-01,57030,2023-03-31,1,123241000000,0.065,,,,,3437000000,-0.538,4142000000,-0.453,,2614000000,,42.23,,,,,,534697000000,222313000000,0.383,,204587000000,,,,,,,,,,,,true,false,3,2022-04-01,2022-06-30,0
2022-08-01,57030,2022-03-31,1,115689000000,0.210,,,,,7435000000,1.957,7574000000,2.182,,4832000000,,78.08,,,,,,,,,,,,,,,,,,,,,,true,false,3,2021-04-01,2021-06-30,-1
2022-08-01,57030,2023-03-31,1,260000000000,0.101,,,,,5500000000,-0.608,5000000000,-0.648,,3000000000,,48.47,,,,,,,,,,,,,,,,,,,,,,true,true,6,2022-04-01,2022-09-30,0
2022-08-01,57030,2023-03-31,1,540000000000,0.110,,,,,20000000000,-0.099,20000000000,-0.128,,14000000000,,226.18,,,,,,,,,,,,,,,,,,,,,,true,true,12,2022-04-01,2023-03-31,0
2022-08-01,57030,2022-03-31,1,,,,,,,,,,,,,,,,,,,,532601000000,220907000000,0.381,,203089000000,,,,,,,,,,,,true,false,12,2021-04-01,2022-03-31,-1
2022-08-01,57030,2022-03-31,1,,,,,,,,,,,,,,,,,,,,,,,,,,,,,85.00,,,,61993750,98476,,false,false,12,2021-04-01,2022-03-31,-1
2022-08-01,57030,2023-03-31,1,,,,,,,,,,,,,,,,,,,,,,,,,,,,,85.00,,,,,,,false,true,12,2022-04-01,2023-03-31,0
2022-08-01,57030,2023-03-31,1,,,,,,,,,,,,,,,,,,,,,,,,,,,,,,,,,61993750,97627,61896338,false,false,3,2022-04-01,2022-06-30,0
2022-08-01,57030,2022-03-31,1,,,,,,,,,,,,,,,,,,,,,,,,,,,,,,,,,,,61886655,false,false,3,2021-04-01,2021-06-30,-1
2022-09-29,57030,2023-03-31,,250000000000,-0.038,,,,,3500000000,-0.364,5000000000,,,3500000000,,56.55,,,,,,,,,,,,,,,,,,,,,,true,true,6,2022-04-01,2022-09-30,0
2022-09-29,57030,2022-03-31,,236048000000,,,,,,14041000000,,14211000000,,,10813000000,,174.70,,,,,,,,,,,,,,,,,,,,,,true,false,6,2021-04-01,2021-09-30,-1
2022-09-29,57030,2023-03-31,,515000000000,-0.046,,,,,12500000000,-0.375,15000000000,-0.250,,10000000000,,161.56,,,,,,,,,,,,,,,,,,,,,,true,true,12,2022-04-01,2023-03-31,0
2022-09-29,57030,2022-03-31,,486579000000,,,,,,22198000000,,22928000000,,,16759000000,,270.77,,,,,,,,,,,,,,,,,,,,,,true,false,12,2021-04-01,2022-03-31,-1
2022-10-31,57030,2023-03-31,2,253094000000,0.072,,,,,3657000000,-0.740,5207000000,-0.634,,3804000000,,61.44,,,,,,526835000000,221770000000,0.389,,205044000000,,,,,,,,,,,,true,false,6,2022-04-01,2022-09-30,0
2022-10-31,57030,2022-03-31,2,236048000000,0.189,,,,,14041000000,0.778,14211000000,0.855,,10813000000,,174.70,,,,,,,,,,,,,,,,,,,,,,true,false,6,2021-04-01,2021-09-30,-1
2022-10-31,57030,2023-03-31,2,515000000000,0.058,,,,,12500000000,-0.437,15000000000,-0.346,,10000000000,,161.52,,,,,,,,,,,,,,,,,,,,,,true,true,12,2022-04-01,2023-03-31,0
2022-10-31,57030,2022-03-31,2,,,,,,,,,,,,,,,,,,,,532601000000,220907000000,0.381,,203089000000,,,,,,,,,,,,true,false,12,2021-04-01,2022-03-31,-1
2022-10-31,57030,2022-03-31,2,,,,,,,,,,,,,,,,,,,,,,,,,,,,,85.00,,,,61993750,98476,,false,false,12,2021-04-01,2022-03-31,-1
2022-10-31,57030,2023-03-31,2,,,,,,,,,,,,,,,,,,,,,,,,,,,,,40.00,,,,,,,false,false,12,2022-04-01,2023-03-31,0
2022-10-31,57030,2023-03-31,2,,,,,,,,,,,,,,,,,,,,,,,,,,,,,85.00,,,,,,,false,true,12,2022-04-01,2023-03-31,0
2022-10-31,57030,2023-03-31,2,,,,,,,,,,,,,,,,,,,,,,,,,,,,,,,,,61993750,64984,61910526,false,false,6,2022-04-01,2022-09-30,0
2022-10-31,57030,2022-03-31,2,,,,,,,,,,,,,,,,,,,,,,,,,,,,,,,,,,,61892936,false,false,6,2021-04-01,2021-09-30,-1
2023-01-31,57030,2023-03-31,3,385050000000,0.068,,,,,5075000000,-0.736,5931000000,-0.696,,4047000000,,65.36,,,,,,539116000000,217634000000,0.375,,201963000000,,,,,,,,,,,,true,false,9,2022-04-01,2022-12-31,0
2023-01-31,57030,2022-03-31,3,360515000000,0.152,,,,,19208000000,0.235,19537000000,0.294,,15230000000,,246.06,,,,,,,,,,,,,,,,,,,,,,true,false,9,2021-04-01,2021-12-31,-1
2023-01-31,57030,2023-03-31,3,515000000000,0.058,,,,,8000000000,-0.640,9000000000,-0.607,,5000000000,,80.76,,,,,,,,,,,,,,,,,,,,,,true,true,12,2022-04-01,2023-03-31,0
2023-01-31,57030,2022-03-31,3,,,,,,,,,,,,,,,,,,,,532601000000,220907000000,0.381,,203089000000,,,,,,,,,,,,true,false,12,2021-04-01,2022-03-31,-1
2023-01-31,57030,2022-03-31,3,,,,,,,,,,,,,,,,,,,,,,,,,,,,,85.00,,,,61993750,98476,,false,false,12,2021-04-01,2022-03-31,-1
2023-01-31,57030,2023-03-31,3,,,,,,,,,,,,,,,,,,,,,,,,,,,,,40.00,,,,,,,false,false,12,2022-04-01,2023-03-31,0
2023-01-31,57030,2023-03-31,3,,,,,,,,,,,,,,,,,,,,,,,,,,,,,50.00,,,,,,,false,true,12,2022-04-01,2023-03-31,0
2023-01-31,57030,2023-03-31,3,,,,,,,,,,,,,,,,,,,,,,,,,,,,,,,,,61993750,67622,61915568,false,false,9,2022-04-01,2022-12-31,0
2023-01-31,57030,2022-03-31,3,,,,,,,,,,,,,,,,,,,,,,,,,,,,,,,,,,,61894557,false,false,9,2021-04-01,2021-12-31,-1
2023-05-15,5703,2023-03-31,,516954000000,0.062,,,,,7539000000,-0.660,8859000000,-0.614,,7203000000,,116.33,,0.035,0.017,0.015,,526201000000,220758000000,0.390,3318.17,205475000000,695000000,-15123000000,85000000,31263000000,,0.430,,,,,,true,false,12,2022-04-01,2023-03-31,0
2023-05-15,5703,2022-03-31,,486579000000,0.125,,,,,22198000000,-0.082,22928000000,-0.046,,16759000000,,270.77,,0.085,0.044,0.046,,532601000000,220907000000,0.381,3281.17,203089000000,1487000000,-18021000000,-626000000,45145000000,,0.314,,,,,,true,false,12,2021-04-01,2022-03-31,-1
2023-05-15,5703,2024-03-31,,250000000000,-0.012,,,,,2500000000,-0.316,2500000000,-0.520,,1000000000,,16.15,,,,,,,,,,,,,,,,,,,,,,true,true,6,2023-04-01,2023-09-30,1
2023-05-15,5703,2024-03-31,,550000000000,0.064,,,,,17000000000,1.255,16000000000,0.806,,7500000000,,121.13,,,,,,,,,,,,,,,,0.413,,,,,,true,true,12,2023-04-01,2024-03-31,1
2023-05-15,5703,2022-03-31,,,,,,,,,,,,,,,,,,,,,,,,,,,,,,85.00,,,,61993750,98476,61894906,false,false,12,2021-04-01,2022-03-31,-1
2023-05-15,5703,2023-03-31,,,,,,,,,,,,,,,,,,,,,,,,,,,,,,50.00,,,,61993750,69643,61917662,false,false,12,2022-04-01,2023-03-31,0
2023-05-15,5703,2024-03-31,,,,,,,,,,,,,,,,,,,,,,,,,,,,,,50.00,,,,,,,false,true,12,2023-04-01,2024-03-31,1
2023-07-31,5703,2024-03-31,1,122471000000,-0.006,,,,,1971000000,-0.427,2942000000,-0.290,,1181000000,,19.07,,,,,,525399000000,223259000000,0.395,,207748000000,,,,,,,,,,,,true,false,3,2023-04-01,2023-06-30,0
2023-07-31,5703,2023-03-31,1,123241000000,0.065,,,,,3437000000,-0.538,4142000000,-0.453,,2614000000,,42.23,,,,,,,,,,,,,,,,,,,,,,true,false,3,2022-04-01,2022-06-30,-1
2023-07-31,5703,2024-03-31,1,250000000000,-0.012,,,,,4000000000,0.094,4500000000,-0.136,,2000000000,,32.30,,,,,,,,,,,,,,,,,,,,,,true,true,6,2023-04-01,2023-09-30,0
2023-07-31,5703,2024-03-31,1,550000000000,0.064,,,,,17000000000,1.255,16000000000,0.806,,7500000000,,121.13,,,,,,,,,,,,,,,,,,,,,,true,true,12,2023-04-01,2024-03-31,0
2023-07-31,5703,2023-03-31,1,,,,,,,,,,,,,,,,,,,,526201000000,220758000000,0.390,,205475000000,,,,,,,,,,,,true,false,12,2022-04-01,2023-03-31,-1
2023-07-31,5703,2023-03-31,1,,,,,,,,,,,,,,,,,,,,,,,,,,,,,50.00,,,,61993750,69643,,false,false,12,2022-04-01,2023-03-31,-1
2023-07-31,5703,2024-03-31,1,,,,,,,,,,,,,,,,,,,,,,,,,,,,,50.00,,,,,,,false,true,12,2023-04-01,2024-03-31,0
2023-07-31,5703,2024-03-31,1,,,,,,,,,,,,,,,,,,,,,,,,,,,,,,,,,61993750,71527,61923051,false,false,3,2023-04-01,2023-06-30,0
2023-07-31,5703,2023-03-31,1,,,,,,,,,,,,,,,,,,,,,,,,,,,,,,,,,,,61896338,false,false,3,2022-04-01,2022-06-30,-1
2023-10-31,5703,2024-03-31,2,250452000000,-0.010,,,,,5681000000,0.553,6689000000,0.285,,2144000000,,34.62,,,,,,527313000000,226275000000,0.399,,210392000000,,,,,,,,,,,,true,false,6,2023-04-01,2023-09-30,0
2023-10-31,5703,2023-03-31,2,253094000000,0.072,,,,,3657000000,-0.740,5207000000,-0.634,,3804000000,,61.44,,,,,,,,,,,,,,,,,,,,,,true,false,6,2022-04-01,2022-09-30,-1
2023-10-31,5703,2024-03-31,2,550000000000,0.064,,,,,17000000000,1.255,16000000000,0.806,,7500000000,,121.10,,,,,,,,,,,,,,,,,,,,,,true,true,12,2023-04-01,2024-03-31,0
2023-10-31,5703,2023-03-31,2,,,,,,,,,,,,,,,,,,,,526201000000,220758000000,0.390,,205475000000,,,,,,,,,,,,true,false,12,2022-04-01,2023-03-31,-1
2023-10-31,5703,2023-03-31,2,,,,,,,,,,,,,,,,,,,,,,,,,,,,,50.00,,,,61993750,69643,,false,false,12,2022-04-01,2023-03-31,-1
2023-10-31,5703,2024-03-31,2,,,,,,,,,,,,,,,,,,,,,,,,,,,,,10.00,,,,,,,false,false,12,2023-04-01,2024-03-31,0
2023-10-31,5703,2024-03-31,2,,,,,,,,,,,,,,,,,,,,,,,,,,,,,50.00,,,,,,,false,true,12,2023-04-01,2024-03-31,0
2023-10-31,5703,2024-03-31,2,,,,,,,,,,,,,,,,,,,,,,,,,,,,,,,,,61993750,48941,61932677,false,false,6,2023-04-01,2023-09-30,0
2023-10-31,5703,2023-03-31,2,,,,,,,,,,,,,,,,,,,,,,,,,,,,,,,,,,,61910526,false,false,6,2022-04-01,2022-09-30,-1
2024-01-31,5703,2024-03-31,3,387713000000,0.007,,,,,12666000000,1.496,13330000000,1.248,,5489000000,,88.62,,,,,,534563000000,228502000000,0.398,,212684000000,,,,,,,,,,,,true,false,9,2023-04-01,2023-12-31,0
2024-01-31,5703,2023-03-31,3,385050000000,0.068,,,,,5075000000,-0.736,5931000000,-0.696,,4047000000,,65.36,,,,,,,,,,,,,,,,,,,,,,true,false,9,2022-04-01,2022-12-31,-1
2024-01-31,5703,2024-03-31,3,550000000000,0.064,,,,,17000000000,1.255,16000000000,0.806,,7500000000,,121.09,,,,,,,,,,,,,,,,,,,,,,true,true,12,2023-04-01,2024-03-31,0
2024-01-31,5703,2023-03-31,3,,,,,,,,,,,,,,,,,,,,526201000000,220758000000,0.390,,205475000000,,,,,,,,,,,,true,false,12,2022-04-01,2023-03-31,-1
2024-01-31,5703,2023-03-31,3,,,,,,,,,,,,,,,,,,,,,,,,,,,,,50.00,,,,61993750,69643,,false,false,12,2022-04-01,2023-03-31,-1
2024-01-31,5703,2024-03-31,3,,,,,,,,,,,,,,,,,,,,,,,,,,,,,10.00,,,,,,,false,false,12,2023-04-01,2024-03-31,0
2024-01-31,5703,2024-03-31,3,,,,,,,,,,,,,,,,,,,,,,,,,,,,,50.00,,,,,,,false,true,12,2023-04-01,2024-03-31,0
2024-01-31,5703,2024-03-31,3,,,,,,,,,,,,,,,,,,,,,,,,,,,,,,,,,61993750,50627,61936014,false,false,9,2023-04-01,2023-12-31,0
2024-01-31,5703,2023-03-31,3,,,,,,,,,,,,,,,,,,,,,,,,,,,,,,,,,,,61915568,false,false,9,2022-04-01,2022-12-31,-1
2024-05-15,5703,2024-03-31,,523715000000,0.013,,,,,18189000000,1.413,19033000000,1.148,,9037000000,,145.91,,0.042,0.036,0.035,,543193000000,238095000000,0.407,3572.06,221258000000,38041000000,-23931000000,-11049000000,35087000000,,0.343,,,,,,true,false,12,2023-04-01,2024-03-31,0
2024-05-15,5703,2023-03-31,,516954000000,0.062,,,,,7539000000,-0.660,8859000000,-0.614,,7203000000,,116.33,,0.035,0.017,0.015,,526201000000,220758000000,0.390,3318.17,205475000000,695000000,-15123000000,85000000,31263000000,,0.430,,,,,,true,false,12,2022-04-01,2023-03-31,-1
2024-05-15,5703,2025-03-31,,260000000000,0.038,,,,,5500000000,-0.032,5000000000,-0.253,,2500000000,,40.36,,,,,,,,,,,,,,,,,,,,,,true,true,6,2024-04-01,2024-09-30,1
2024-05-15,5703,2025-03-31,,560000000000,0.069,,,,,21000000000,0.155,20000000000,0.051,,13000000000,,209.89,,,,,,,,,,,,,,,,0.334,,,,,,true,true,12,2024-04-01,2025-03-31,1
2024-05-15,5703,2023-03-31,,,,,,,,,,,,,,,,,,,,,,,,,,,,,,50.00,,,,61993750,69643,61917662,false,false,12,2022-04-01,2023-03-31,-1
2024-05-15,5703,2024-03-31,,,,,,,,,,,,,,,,,,,,,,,,,,,,,,50.00,,,,61993750,52490,61937360,false,false,12,2023-04-01,2024-03-31,0
2024-05-15,5703,2025-03-31,,,,,,,,,,,,,,,,,,,,,,,,,,,,,,70.00,,,,,,,false,true,12,2024-04-01,2025-03-31,1
2024-07-31,5703,2025-03-31,1,128622000000,0.050,,,,,4177000000,1.119,4557000000,0.549,,2147000000,,34.66,,,,,,546013000000,241532000000,0.411,,224227000000,,,,,,,,,,,,true,false,3,2024-04-01,2024-06-30,0
2024-07-31,5703,2024-03-31,1,122471000000,-0.006,,,,,1971000000,-0.427,2942000000,-0.290,,1181000000,,19.07,,,,,,,,,,,,,,,,,,,,,,true,false,3,2023-04-01,2023-06-30,-1
2024-07-31,5703,2025-03-31,1,260000000000,0.038,,,,,8000000000,0.408,8000000000,0.196,,5000000000,,80.72,,,,,,,,,,,,,,,,,,,,,,true,true,6,2024-04-01,2024-09-30,0
2024-07-31,5703,2025-03-31,1,560000000000,0.069,,,,,21000000000,0.155,20000000000,0.051,,13000000000,,209.88,,,,,,,,,,,,,,,,,,,,,,true,true,12,2024-04-01,2025-03-31,0
2024-07-31,5703,2024-03-31,1,,,,,,,,,,,,,,,,,,,,544095000000,238997000000,0.408,,222160000000,,,,,,,,,,,,true,false,12,2023-04-01,2024-03-31,-1
2024-07-31,5703,2024-03-31,1,,,,,,,,,,,,,,,,,,,,,,,,,,,,,50.00,,,,61993750,52490,,false,false,12,2023-04-01,2024-03-31,-1
2024-07-31,5703,2025-03-31,1,,,,,,,,,,,,,,,,,,,,,,,,,,,,,70.00,,,,,,,false,true,12,2024-04-01,2025-03-31,0
2024-07-31,5703,2025-03-31,1,,,,,,,,,,,,,,,,,,,,,,,,,,,,,,,,,61993750,53773,61940575,false,false,3,2024-04-01,2024-06-30,0
2024-07-31,5703,2024-03-31,1,,,,,,,,,,,,,,,,,,,,,,,,,,,,,,,,,,,61923051,false,false,3,2023-04-01,2023-06-30,-1
2024-10-31,5703,2025-03-31,2,261140000000,0.043,,,,,8534000000,0.502,7282000000,0.089,,4806000000,,77.59,,,,,,546897000000,241210000000,0.411,,224714000000,,,,,,,,,,,,true,false,6,2024-04-01,2024-09-30,0
2024-10-31,5703,2024-03-31,2,250452000000,-0.010,,,,,5681000000,0.553,6689000000,0.285,,2144000000,,34.62,,,,,,,,,,,,,,,,,,,,,,true,false,6,2023-04-01,2023-09-30,-1
2024-10-31,5703,2025-03-31,2,560000000000,0.069,,,,,21000000000,0.155,20000000000,0.051,,13000000000,,209.88,,,,,,,,,,,,,,,,,,,,,,true,true,12,2024-04-01,2025-03-31,0
2024-10-31,5703,2024-03-31,2,,,,,,,,,,,,,,,,,,,,544095000000,238997000000,0.408,,222160000000,,,,,,,,,,,,true,false,12,2023-04-01,2024-03-31,-1
2024-10-31,5703,2024-03-31,2,,,,,,,,,,,,,,,,,,,,,,,,,,,,,50.00,,,,61993750,52490,,false,false,12,2023-04-01,2024-03-31,-1
2024-10-31,5703,2025-03-31,2,,,,,,,,,,,,,,,,,,,,,,,,,,,,,20.00,,,,,,,false,false,12,2024-04-01,2025-03-31,0
2024-10-31,5703,2025-03-31,2,,,,,,,,,,,,,,,,,,,,,,,,,,,,,70.00,,,,,,,false,true,12,2024-04-01,2025-03-31,0
2024-10-31,5703,2025-03-31,2,,,,,,,,,,,,,,,,,,,,,,,,,,,,,,,,,61993750,54694,61940022,false,false,6,2024-04-01,2024-09-30,0
2024-10-31,5703,2024-03-31,2,,,,,,,,,,,,,,,,,,,,,,,,,,,,,,,,,,,61932677,false,false,6,2023-04-01,2023-09-30,-1
2025-01-31,5703,2025-03-31,3,403956000000,0.042,,,,,15473000000,0.222,14870000000,0.116,,9506000000,,153.47,,,,,,560896000000,246361000000,0.408,,228917000000,,,,,,,,,,,,true,false,9,2024-04-01,2024-12-31,0
2025-01-31,5703,2024-03-31,3,387713000000,0.007,,,,,12666000000,1.496,13330000000,1.248,,5489000000,,88.62,,,,,,,,,,,,,,,,,,,,,,true,false,9,2023-04-01,2023-12-31,-1
2025-01-31,5703,2025-03-31,3,560000000000,0.069,,,,,21000000000,0.155,20000000000,0.051,,13000000000,,209.88,,,,,,,,,,,,,,,,,,,,,,true,true,12,2024-04-01,2025-03-31,0
2025-01-31,5703,2024-03-31,3,,,,,,,,,,,,,,,,,,,,544095000000,238997000000,0.408,,222160000000,,,,,,,,,,,,true,false,12,2023-04-01,2024-03-31,-1
2025-01-31,5703,2024-03-31,3,,,,,,,,,,,,,,,,,,,,,,,,,,,,,50.00,,,,61993750,52490,,false,false,12,2023-04-01,2024-03-31,-1
2025-01-31,5703,2025-03-31,3,,,,,,,,,,,,,,,,,,,,,,,,,,,,,20.00,,,,,,,false,false,12,2024-04-01,2025-03-31,0
2025-01-31,5703,2025-03-31,3,,,,,,,,,,,,,,,,,,,,,,,,,,,,,70.00,,,,,,,false,true,12,2024-04-01,2025-03-31,0
2025-01-31,5703,2025-03-31,3,,,,,,,,,,,,,,,,,,,,,,,,,,,,,,,,,61993750,56032,61939485,false,false,9,2024-04-01,2024-12-31,0
2025-01-31,5703,2024-03-31,3,,,,,,,,,,,,,,,,,,,,,,,,,,,,,,,,,,,61936014,false,false,9,2023-04-01,2023-12-31,-1
2025-05-15,5703,2025-03-31,,550180000000,0.051,,,,,21744000000,0.195,19785000000,0.040,,12375000000,,200.01,,0.054,0.036,0.040,,544307000000,250481000000,0.428,3790.12,233131000000,12059000000,-19107000000,6243000000,34690000000,,0.350,,,,,,true,false,12,2024-04-01,2025-03-31,0
2025-05-15,5703,2024-03-31,,523715000000,0.013,,,,,18189000000,1.413,19033000000,1.148,,9939000000,,160.47,,0.046,0.036,0.035,,544095000000,238997000000,0.408,3586.62,222160000000,38041000000,-23931000000,-11049000000,35087000000,,0.343,,,,,,true,false,12,2023-04-01,2024-03-31,-1
2025-05-15,5703,2026-03-31,,280000000000,0.072,,,,,9000000000,0.055,8000000000,0.099,,5000000000,,80.81,,,,,,,,,,,,,,,,,,,,,,true,true,6,2025-04-01,2025-09-30,1
2025-05-15,5703,2026-03-31,,590000000000,0.072,,,,,23000000000,0.058,21000000000,0.061,,15000000000,,242.43,,,,,,,,,,,,,,,,0.330,,,,,,true,true,12,2025-04-01,2026-03-31,1
2025-05-15,5703,2024-03-31,,,,,,,,,,,,,,,,,,,,,,,,,,,,,,50.00,,,,61993750,52490,61937360,false,false,12,2023-04-01,2024-03-31,-1
2025-05-15,5703,2025-03-31,,,,,,,,,,,,,,,,,,,,,,,,,,,,,,70.00,,,,61993750,483631,61873293,false,false,12,2024-04-01,2025-03-31,0
2025-05-15,5703,2026-03-31,,,,,,,,,,,,,,,,,,,,,,,,,,,,,,80.00,,,,,,,false,true,12,2025-04-01,2026-03-31,1
2025-07-31,5703,2026-03-31,1,137093000000,0.066,,,,,5213000000,0.248,4263000000,-0.065,,2123000000,,34.51,,,,,,529434000000,248450000000,0.437,,231341000000,,,,,,,,,,,,true,false,3,2025-04-01,2025-06-30,0
2025-07-31,5703,2025-03-31,1,128622000000,0.050,,,,,4177000000,1.119,4557000000,0.549,,2147000000,,34.66,,,,,,,,,,,,,,,,,,,,,,true,false,3,2024-04-01,2024-06-30,-1
2025-07-31,5703,2026-03-31,1,280000000000,0.072,,,,,9000000000,0.055,8000000000,0.099,,5000000000,,81.29,,,,,,,,,,,,,,,,,,,,,,true,true,6,2025-04-01,2025-09-30,0
2025-07-31,5703,2026-03-31,1,590000000000,0.072,,,,,23000000000,0.058,21000000000,0.061,,15000000000,,243.86,,,,,,,,,,,,,,,,,,,,,,true,true,12,2025-04-01,2026-03-31,0
2025-07-31,5703,2025-03-31,1,,,,,,,,,,,,,,,,,,,,544307000000,250481000000,0.428,,233131000000,,,,,,,,,,,,true,false,12,2024-04-01,2025-03-31,-1
2025-07-31,5703,2025-03-31,1,,,,,,,,,,,,,,,,,,,,,,,,,,,,,70.00,,,,61993750,483631,,false,false,12,2024-04-01,2025-03-31,-1
2025-07-31,5703,2026-03-31,1,,,,,,,,,,,,,,,,,,,,,,,,,,,,,80.00,,,,,,,false,true,12,2025-04-01,2026-03-31,0
2025-07-31,5703,2026-03-31,1,,,,,,,,,,,,,,,,,,,,,,,,,,,,,,,,,61993750,481129,61511769,false,false,3,2025-04-01,2025-06-30,0
2025-07-31,5703,2025-03-31,1,,,,,,,,,,,,,,,,,,,,,,,,,,,,,,,,,,,61940575,false,false,3,2024-04-01,2024-06-30,-1
