filing_date,code,fiscal_year_end,quarterly_period,net_sales,net_sales_change,revenue,revenue_change,operating_revenue,operating_revenue_change,operating_profit,operating_profit_change,ordinary_profit,ordinary_profit_change,net_income,net_income_of_parent,net_income_change,eps,diluted_eps,roe,roa,operating_profit_to_net_sales,operating_profit_to_revenue,total_assets,net_assets,equity_ratio,bps,owner_equity,operating_cash_flow,investing_cash_flow,financing_cash_flow,cash,dividend_per_share,payout_ratio,commemorative_dividend,extra_dividend,number_of_shares,number_of_treqsury_shares,avg_number_of_shares,is_consolidated,is_forecast,duration,period_start,period_end,period_pos
2015-07-28,58190,2015-12-31,2,5190000000,0.106,,,,,823000000,0.294,880000000,0.300,626000000,,0.298,92.79,,,,,,13059000000,11111000000,0.851,,11111000000,,,,,,,,,,,,true,false,6,2015-01-01,2015-06-30,0
2015-07-28,58190,2014-12-31,2,4692000000,0.088,,,,,636000000,0.306,677000000,0.324,482000000,,0.493,71.51,,,,,,,,,,,,,,,,,,,,,,true,false,6,2014-01-01,2014-06-30,-1
2015-07-28,58190,2015-12-31,2,11160000000,0.101,,,,,1745000000,0.082,1790000000,0.037,1130000000,,-0.025,167.41,,,,,,,,,,,,,,,,,,,,,,true,true,12,2015-01-01,2015-12-31,0
2015-07-28,58190,2014-12-31,2,,,,,,,,,,,,,,,,,,,,12462000000,10579000000,0.849,,10579000000,,,,,,,,,,,,true,false,12,2014-01-01,2014-12-31,-1
2015-07-28,58190,2014-12-31,2,,,,,,,,,,,,,,,,,,,,,,,,,,,,,40.00,,,,7028060,278397,,false,false,12,2014-01-01,2014-12-31,-1
2015-07-28,58190,2015-12-31,2,,,,,,,,,,,,,,,,,,,,,,,,,,,,,23.00,,,,,,,false,false,12,2015-01-01,2015-12-31,0
2015-07-28,58190,2015-12-31,2,,,,,,,,,,,,,,,,,,,,,,,,,,,,,45.00,,,,,,,false,true,12,2015-01-01,2015-12-31,0
2015-07-28,58190,2015-12-31,2,,,,,,,,,,,,,,,,,,,,,,,,,,,,,,,5.00,,7028060,278470,6749611,false,false,6,2015-01-01,2015-06-30,0
2015-07-28,58190,2014-12-31,2,,,,,,,,,,,,,,,,,,,,,,,,,,,,,,,,,,,6749756,false,false,6,2014-01-01,2014-06-30,-1
2015-10-28,58190,2015-12-31,3,7740000000,0.056,,,,,1230000000,0.093,1295000000,0.090,913000000,,0.113,135.29,,,,,,12713000000,10957000000,0.862,,10957000000,,,,,,,,,,,,true,false,9,2015-01-01,2015-09-30,0
2015-10-28,58190,2014-12-31,3,7327000000,0.097,,,,,1125000000,0.470,1188000000,0.469,820000000,,0.580,121.61,,,,,,,,,,,,,,,,,,,,,,true,false,9,2014-01-01,2014-09-30,-1
2015-10-28,58190,2015-12-31,3,11160000000,0.101,,,,,1745000000,0.082,1790000000,0.037,1130000000,,-0.025,167.41,,,,,,,,,,,,,,,,,,,,,,true,true,12,2015-01-01,2015-12-31,0
2015-10-28,58190,2014-12-31,3,,,,,,,,,,,,,,,,,,,,12462000000,10579000000,0.849,,10579000000,,,,,,,,,,,,true,false,12,2014-01-01,2014-12-31,-1
2015-10-28,58190,2014-12-31,3,,,,,,,,,,,,,,,,,,,,,,,,,,,,,40.00,,,,7028060,278397,,false,false,12,2014-01-01,2014-12-31,-1
2015-10-28,58190,2015-12-31,3,,,,,,,,,,,,,,,,,,,,,,,,,,,,,23.00,,,,,,,false,false,12,2015-01-01,2015-12-31,0
2015-10-28,58190,2015-12-31,3,,,,,,,,,,,,,,,,,,,,,,,,,,,,,45.00,,,,,,,false,true,12,2015-01-01,2015-12-31,0
2015-10-28,58190,2015-12-31,3,,,,,,,,,,,,,,,,,,,,,,,,,,,,,,,,,7028060,278470,6749604,false,false,9,2015-01-01,2015-09-30,0
2015-10-28,58190,2014-12-31,3,,,,,,,,,,,,,,,,,,,,,,,,,,,,,,,,,,,6749749,false,false,9,2014-01-01,2014-09-30,-1
2016-01-15,58190,2015-12-31,,10419000000,-0.066,,,,,1597000000,-0.085,1685000000,-0.059,1173000000,,0.038,173.79,,,,,,,,,,,,,,,,,,,,,,true,true,12,2015-01-01,2015-12-31,0
2016-01-15,58190,2014-12-31,,10137000000,,,,,,1613000000,,1726000000,,1159000000,,,171.77,,,,,,,,,,,,,,,,,,,,,,true,false,12,2014-01-01,2014-12-31,-1
2016-01-27,58190,2015-12-31,,10419000000,0.028,,,,,1597000000,-0.010,1685000000,-0.024,1173000000,,0.012,173.80,,0.108,0.132,0.153,,13132000000,11237000000,0.856,1664.98,,958000000,27000000,-324000000,5252000000,,0.259,,,,,,true,false,12,2015-01-01,2015-12-31,0
2016-01-27,58190,2014-12-31,,10137000000,0.077,,,,,1613000000,0.417,1726000000,0.416,1159000000,,0.488,171.77,,0.117,0.147,0.159,,12462000000,10579000000,0.849,1567.47,,970000000,-342000000,-209000000,4671000000,,0.233,,,,,,true,false,12,2014-01-01,2014-12-31,-1
2016-01-27,58190,2016-12-31,,5670000000,0.092,,,,,915000000,0.111,930000000,0.056,,590000000,,87.41,,,,,,,,,,,,,,,,,,,,,,true,true,6,2016-01-01,2016-06-30,1
2016-01-27,58190,2016-12-31,,11080000000,0.063,,,,,1775000000,0.111,1815000000,0.077,,1180000000,,174.82,,,,,,,,,,,,,,,,0.257,,,,,,true,true,12,2016-01-01,2016-12-31,1
2016-01-27,58190,2014-12-31,,,,,,,,,,,,,,,,,,,,,,,,,,,,,,40.00,,,,7028060,278397,6749741,false,false,12,2014-01-01,2014-12-31,-1
2016-01-27,58190,2015-12-31,,,,,,,,,,,,,,,,,,,,,,,,,,,,,,45.00,,,,7028060,278470,6749600,false,false,12,2015-01-01,2015-12-31,0
2016-01-27,58190,2016-12-31,,,,,,,,,,,,,,,,,,,,,,,,,,,,,,45.00,,,,,,,false,true,12,2016-01-01,2016-12-31,1
2016-04-27,58190,2016-12-31,1,2899000000,0.043,,,,,541000000,0.095,537000000,0.031,,375000000,,55.63,,,,,,13009000000,11188000000,0.860,1657.73,11188000000,,,,,,,,,,,,true,false,3,2016-01-01,2016-03-31,0
2016-04-27,58190,2015-12-31,1,2780000000,0.066,,,,,494000000,0.235,521000000,0.238,,347000000,,51.44,,,,,,,,,,,,,,,,,,,,,,true,false,3,2015-01-01,2015-03-31,-1
2016-04-27,58190,2016-12-31,1,5670000000,0.092,,,,,915000000,0.111,930000000,0.056,,590000000,,87.41,,,,,,,,,,,,,,,,,,,,,,true,true,6,2016-01-01,2016-06-30,0
2016-04-27,58190,2016-12-31,1,11080000000,0.063,,,,,1775000000,0.111,1815000000,0.077,,1180000000,,174.82,,,,,,,,,,,,,,,,,,,,,,true,true,12,2016-01-01,2016-12-31,0
2016-04-27,58190,2015-12-31,1,,,,,,,,,,,,,,,,,,,,13132000000,11237000000,0.856,1664.98,11237000000,,,,,,,,,,,,true,false,12,2015-01-01,2015-12-31,-1
2016-04-27,58190,2015-12-31,1,,,,,,,,,,,,,,,,,,,,,,,,,,,,,45.00,,,,7028060,278470,,false,false,12,2015-01-01,2015-12-31,-1
2016-04-27,58190,2016-12-31,1,,,,,,,,,,,,,,,,,,,,,,,,,,,,,45.00,,,,,,,false,true,12,2016-01-01,2016-12-31,0
2016-04-27,58190,2016-12-31,1,,,,,,,,,,,,,,,,,,,,,,,,,,,,,,,,,7028060,278470,6749590,false,false,3,2016-01-01,2016-03-31,0
2016-04-27,58190,2015-12-31,1,,,,,,,,,,,,,,,,,,,,,,,,,,,,,,,,,,,6749632,false,false,3,2015-01-01,2015-03-31,-1
2016-07-27,58190,2016-12-31,2,5545000000,0.068,,,,,1026000000,0.246,1035000000,0.176,,754000000,,111.77,,,,,,12819000000,11141000000,0.869,1650.64,11141000000,,,,,,,,,,,,true,false,6,2016-01-01,2016-06-30,0
2016-07-27,58190,2015-12-31,2,5190000000,0.106,,,,,823000000,0.294,880000000,0.300,,626000000,,92.79,,,,,,,,,,,,,,,,,,,,,,true,false,6,2015-01-01,2015-06-30,-1
2016-07-27,58190,2016-12-31,2,11080000000,0.063,,,,,1775000000,0.111,1815000000,0.077,,1180000000,,174.82,,,,,,,,,,,,,,,,,,,,,,true,true,12,2016-01-01,2016-12-31,0
2016-07-27,58190,2015-12-31,2,,,,,,,,,,,,,,,,,,,,13132000000,11237000000,0.856,1664.98,11237000000,,,,,,,,,,,,true,false,12,2015-01-01,2015-12-31,-1
2016-07-27,58190,2015-12-31,2,,,,,,,,,,,,,,,,,,,,,,,,,,,,,45.00,,,,7028060,278470,,false,false,12,2015-01-01,2015-12-31,-1
2016-07-27,58190,2016-12-31,2,,,,,,,,,,,,,,,,,,,,,,,,,,,,,22.00,,,,,,,false,false,12,2016-01-01,2016-12-31,0
2016-07-27,58190,2016-12-31,2,,,,,,,,,,,,,,,,,,,,,,,,,,,,,45.00,,,,,,,false,true,12,2016-01-01,2016-12-31,0
2016-07-27,58190,2016-12-31,2,,,,,,,,,,,,,,,,,,,,,,,,,,,,,,,,,7028060,278470,6749590,false,false,6,2016-01-01,2016-06-30,0
2016-07-27,58190,2015-12-31,2,,,,,,,,,,,,,,,,,,,,,,,,,,,,,,,,,,,6749611,false,false,6,2015-01-01,2015-06-30,-1
2016-10-28,58190,2016-12-31,3,8012000000,0.035,,,,,1427000000,0.160,1443000000,0.114,,1013000000,,150.23,,,,,,13055000000,11271000000,0.863,1669.92,11271000000,,,,,,,,,,,,true,false,9,2016-01-01,2016-09-30,0
2016-10-28,58190,2015-12-31,3,7740000000,0.056,,,,,1230000000,0.093,1295000000,0.090,,913000000,,135.29,,,,,,,,,,,,,,,,,,,,,,true,false,9,2015-01-01,2015-09-30,-1
2016-10-28,58190,2016-12-31,3,11080000000,0.063,,,,,1775000000,0.111,1815000000,0.077,,1180000000,,174.82,,,,,,,,,,,,,,,,,,,,,,true,true,12,2016-01-01,2016-12-31,0
2016-10-28,58190,2015-12-31,3,,,,,,,,,,,,,,,,,,,,13132000000,11237000000,0.856,1664.98,11237000000,,,,,,,,,,,,true,false,12,2015-01-01,2015-12-31,-1
2016-10-28,58190,2015-12-31,3,,,,,,,,,,,,,,,,,,,,,,,,,,,,,45.00,,,,7028060,278470,,false,false,12,2015-01-01,2015-12-31,-1
2016-10-28,58190,2016-12-31,3,,,,,,,,,,,,,,,,,,,,,,,,,,,,,22.00,,,,,,,false,false,12,2016-01-01,2016-12-31,0
2016-10-28,58190,2016-12-31,3,,,,,,,,,,,,,,,,,,,,,,,,,,,,,45.00,,,,,,,false,true,12,2016-01-01,2016-12-31,0
2016-10-28,58190,2016-12-31,3,,,,,,,,,,,,,,,,,,,,,,,,,,,,,,,,,7028060,278470,6749590,false,false,9,2016-01-01,2016-09-30,0
2016-10-28,58190,2015-12-31,3,,,,,,,,,,,,,,,,,,,,,,,,,,,,,,,,,,,6749604,false,false,9,2015-01-01,2015-09-30,-1
2017-01-17,58190,2016-12-31,,10655000000,-0.038,,,,,1791000000,0.009,1852000000,0.020,,1263000000,,187.12,,,,,,,,,,,,,,,,,,,,,,true,true,12,2016-01-01,2016-12-31,0
2017-01-17,58190,2015-12-31,,10419000000,,,,,,1597000000,,1685000000,,,1173000000,,173.80,,,,,,,,,,,,,,,,,,,,,,true,false,12,2015-01-01,2015-12-31,-1
2017-01-17,58190,2016-12-31,,9206000000,,,,,,1147000000,,2017000000,,1536000000,,,,,,,,,,,,,,,,,,47.00,,,,,,,false,true,12,2016-01-01,2016-12-31,0
2017-01-17,58190,2015-12-31,,8548000000,,,,,,536000000,,1423000000,,1177000000,,,,,,,,,,,,,,,,,,45.00,,,,,,,false,false,12,2015-01-01,2015-12-31,-1
2017-01-17,58190,2016-12-31,,,,,,,,,,,,,,,,,,,,,,,,,,,,,,22.00,,,,,,,false,false,12,2016-01-01,2016-12-31,0
2017-01-27,58190,2016-12-31,,10655000000,0.023,,,,,1796000000,0.124,1850000000,0.098,,1263000000,,187.19,,0.109,0.137,0.169,,13888000000,11870000000,0.855,1758.65,11870000000,1269000000,120000000,-297000000,6287000000,,0.251,,,,,,true,false,12,2016-01-01,2016-12-31,0
2017-01-27,58190,2015-12-31,,10419000000,0.028,,,,,1597000000,-0.010,1685000000,-0.024,,1173000000,,173.80,,0.108,0.132,0.153,,13132000000,11237000000,0.856,1664.98,11237000000,958000000,27000000,-324000000,5252000000,,0.259,,,,,,true,false,12,2015-01-01,2015-12-31,-1
2017-01-27,58190,2017-12-31,,5555000000,0.002,,,,,885000000,-0.138,900000000,-0.131,,620000000,,91.86,,,,,,,,,,,,,,,,,,,,,,true,true,6,2017-01-01,2017-06-30,1
2017-01-27,58190,2017-12-31,,11285000000,0.059,,,,,1890000000,0.052,1925000000,0.040,,1305000000,,193.35,,,,,,,,,,,,,,,,0.248,,,,,,true,true,12,2017-01-01,2017-12-31,1
2017-01-27,58190,2015-12-31,,,,,,,,,,,,,,,,,,,,,,,,,,,,,,45.00,,,,7028060,278470,6749600,false,false,12,2015-01-01,2015-12-31,-1
2017-01-27,58190,2016-12-31,,,,,,,,,,,,,,,,,,,,,,,,,,,,,,47.00,,,,7028060,278514,6749581,false,false,12,2016-01-01,2016-12-31,0
2017-01-27,58190,2017-12-31,,,,,,,,,,,,,,,,,,,,,,,,,,,,,,48.00,,,,,,,false,true,12,2017-01-01,2017-12-31,1
2017-04-28,58190,2017-12-31,1,2805000000,-0.032,,,,,480000000,-0.111,487000000,-0.094,,378000000,,56.03,,,,,,13823000000,12027000000,0.870,1781.99,12027000000,,,,,,,,,,,,true,false,3,2017-01-01,2017-03-31,0
2017-04-28,58190,2016-12-31,1,2899000000,0.043,,,,,541000000,0.095,537000000,0.031,,375000000,,55.63,,,,,,,,,,,,,,,,,,,,,,true,false,3,2016-01-01,2016-03-31,-1
2017-04-28,58190,2017-12-31,1,5555000000,0.002,,,,,885000000,-0.138,900000000,-0.131,,620000000,,91.86,,,,,,,,,,,,,,,,,,,,,,true,true,6,2017-01-01,2017-06-30,0
2017-04-28,58190,2017-12-31,1,11285000000,0.059,,,,,1890000000,0.052,1925000000,0.040,,1305000000,,193.35,,,,,,,,,,,,,,,,,,,,,,true,true,12,2017-01-01,2017-12-31,0
2017-04-28,58190,2016-12-31,1,,,,,,,,,,,,,,,,,,,,13888000000,11870000000,0.855,1758.65,11870000000,,,,,,,,,,,,true,false,12,2016-01-01,2016-12-31,-1
2017-04-28,58190,2016-12-31,1,,,,,,,,,,,,,,,,,,,,,,,,,,,,,47.00,,,,7028060,278514,,false,false,12,2016-01-01,2016-12-31,-1
2017-04-28,58190,2017-12-31,1,,,,,,,,,,,,,,,,,,,,,,,,,,,,,48.00,,,,,,,false,true,12,2017-01-01,2017-12-31,0
2017-04-28,58190,2017-12-31,1,,,,,,,,,,,,,,,,,,,,,,,,,,,,,,,,,7028060,278514,6749546,false,false,3,2017-01-01,2017-03-31,0
2017-04-28,58190,2016-12-31,1,,,,,,,,,,,,,,,,,,,,,,,,,,,,,,,,,,,6749590,false,false,3,2016-01-01,2016-03-31,-1
2017-07-27,58190,2017-12-31,2,5127000000,-0.075,,,,,738000000,-0.280,763000000,-0.262,,562000000,,83.40,,,,,,13937000000,12213000000,0.876,1809.48,12213000000,,,,,,,,,,,,true,false,6,2017-01-01,2017-06-30,0
2017-07-27,58190,2016-12-31,2,5545000000,0.068,,,,,1026000000,0.246,1035000000,0.176,,754000000,,111.77,,,,,,,,,,,,,,,,,,,,,,true,false,6,2016-01-01,2016-06-30,-1
2017-07-27,58190,2017-12-31,2,11285000000,0.059,,,,,1890000000,0.052,1925000000,0.040,,1305000000,,193.35,,,,,,,,,,,,,,,,,,,,,,true,true,12,2017-01-01,2017-12-31,0
2017-07-27,58190,2016-12-31,2,,,,,,,,,,,,,,,,,,,,13888000000,11870000000,0.855,1758.65,11870000000,,,,,,,,,,,,true,false,12,2016-01-01,2016-12-31,-1
2017-07-27,58190,2016-12-31,2,,,,,,,,,,,,,,,,,,,,,,,,,,,,,47.00,,,,7028060,278514,,false,false,12,2016-01-01,2016-12-31,-1
2017-07-27,58190,2017-12-31,2,,,,,,,,,,,,,,,,,,,,,,,,,,,,,23.00,,,,,,,false,false,12,2017-01-01,2017-12-31,0
2017-07-27,58190,2017-12-31,2,,,,,,,,,,,,,,,,,,,,,,,,,,,,,48.00,,,,,,,false,true,12,2017-01-01,2017-12-31,0
2017-07-27,58190,2017-12-31,2,,,,,,,,,,,,,,,,,,,,,,,,,,,,,,,,,7028060,278514,6749546,false,false,6,2017-01-01,2017-06-30,0
2017-07-27,58190,2016-12-31,2,,,,,,,,,,,,,,,,,,,,,,,,,,,,,,,,,,,6749590,false,false,6,2016-01-01,2016-06-30,-1
2017-10-27,58190,2017-12-31,3,7587000000,-0.053,,,,,1081000000,-0.242,1117000000,-0.226,,800000000,,118.59,,,,,,14080000000,12352000000,0.877,1830.11,12352000000,,,,,,,,,,,,true,false,9,2017-01-01,2017-09-30,0
2017-10-27,58190,2016-12-31,3,8012000000,0.035,,,,,1427000000,0.160,1443000000,0.114,,1013000000,,150.23,,,,,,,,,,,,,,,,,,,,,,true,false,9,2016-01-01,2016-09-30,-1
2017-10-27,58190,2017-12-31,3,10330000000,-0.031,,,,,1425000000,-0.207,1465000000,-0.208,,1060000000,,157.05,,,,,,,,,,,,,,,,,,,,,,true,true,12,2017-01-01,2017-12-31,0
2017-10-27,58190,2016-12-31,3,,,,,,,,,,,,,,,,,,,,13888000000,11870000000,0.855,1758.65,11870000000,,,,,,,,,,,,true,false,12,2016-01-01,2016-12-31,-1
2017-10-27,58190,2016-12-31,3,,,,,,,,,,,,,,,,,,,,,,,,,,,,,47.00,,,,7028060,278514,,false,false,12,2016-01-01,2016-12-31,-1
2017-10-27,58190,2017-12-31,3,,,,,,,,,,,,,,,,,,,,,,,,,,,,,23.00,,,,,,,false,false,12,2017-01-01,2017-12-31,0
2017-10-27,58190,2017-12-31,3,,,,,,,,,,,,,,,,,,,,,,,,,,,,,48.00,,,,,,,false,true,12,2017-01-01,2017-12-31,0
2017-10-27,58190,2017-12-31,3,,,,,,,,,,,,,,,,,,,,,,,,,,,,,,,,,7028060,278514,6749546,false,false,9,2017-01-01,2017-09-30,0
2017-10-27,58190,2016-12-31,3,,,,,,,,,,,,,,,,,,,,,,,,,,,,,,,,,,,6749590,false,false,9,2016-01-01,2016-09-30,-1
2018-01-19,58190,2017-12-31,,10456000000,0.012,,,,,1445000000,0.014,1489000000,0.016,,1074000000,,159.12,,,,,,,,,,,,,,,,,,,,,,true,true,12,2017-01-01,2017-12-31,0
2018-01-19,58190,2016-12-31,,10655000000,,,,,,1796000000,,1850000000,,,1263000000,,187.19,,,,,,,,,,,,,,,,,,,,,,true,false,12,2016-01-01,2016-12-31,-1
2018-01-30,58190,2017-12-31,,10456000000,-0.019,,,,,1457000000,-0.189,1502000000,-0.188,,1086000000,,160.98,,0.088,0.105,0.139,,14606000000,12756000000,0.873,1890.01,12756000000,1082000000,-46000000,-323000000,7038000000,,0.298,,,,,,true,false,12,2017-01-01,2017-12-31,0
2018-01-30,58190,2016-12-31,,10655000000,0.023,,,,,1796000000,0.124,1850000000,0.098,,1263000000,,187.19,,0.109,0.137,0.169,,13888000000,11870000000,0.855,1758.65,11870000000,1269000000,120000000,-297000000,6287000000,,0.251,,,,,,true,false,12,2016-01-01,2016-12-31,-1
2018-01-30,58190,2018-12-31,,5605000000,0.093,,,,,685000000,-0.073,710000000,-0.070,,520000000,,77.04,,,,,,,,,,,,,,,,,,,,,,true,true,6,2018-01-01,2018-06-30,1
2018-01-30,58190,2018-12-31,,11290000000,0.080,,,,,1500000000,0.029,1545000000,0.028,,1090000000,,161.49,,,,,,,,,,,,,,,,0.297,,,,,,true,true,12,2018-01-01,2018-12-31,1
2018-01-30,58190,2016-12-31,,,,,,,,,,,,,,,,,,,,,,,,,,,,,,47.00,,,,7028060,278514,6749581,false,false,12,2016-01-01,2016-12-31,-1
2018-01-30,58190,2017-12-31,,,,,,,,,,,,,,,,,,,,,,,,,,,,,,48.00,,,,7028060,278514,6749546,false,false,12,2017-01-01,2017-12-31,0
2018-01-30,58190,2018-12-31,,,,,,,,,,,,,,,,,,,,,,,,,,,,,,48.00,,,,,,,false,true,12,2018-01-01,2018-12-31,1
2018-04-27,58190,2018-12-31,1,2970000000,0.059,,,,,520000000,0.083,517000000,0.063,,368000000,,54.56,,,,,,14676000000,12788000000,0.871,1894.78,12788000000,,,,,,,,,,,,true,false,3,2018-01-01,2018-03-31,0
2018-04-27,58190,2017-12-31,1,2805000000,-0.032,,,,,480000000,-0.111,487000000,-0.094,,378000000,,56.03,,,,,,,,,,,,,,,,,,,,,,true,false,3,2017-01-01,2017-03-31,-1
2018-04-27,58190,2018-12-31,1,5605000000,0.093,,,,,685000000,-0.073,710000000,-0.070,,520000000,,77.04,,,,,,,,,,,,,,,,,,,,,,true,true,6,2018-01-01,2018-06-30,0
2018-04-27,58190,2018-12-31,1,11290000000,0.080,,,,,1500000000,0.029,1545000000,0.028,,1090000000,,161.49,,,,,,,,,,,,,,,,,,,,,,true,true,12,2018-01-01,2018-12-31,0
2018-04-27,58190,2017-12-31,1,,,,,,,,,,,,,,,,,,,,14606000000,12756000000,0.873,1890.01,12756000000,,,,,,,,,,,,true,false,12,2017-01-01,2017-12-31,-1
2018-04-27,58190,2017-12-31,1,,,,,,,,,,,,,,,,,,,,,,,,,,,,,48.00,,,,7028060,278514,,false,false,12,2017-01-01,2017-12-31,-1
2018-04-27,58190,2018-12-31,1,,,,,,,,,,,,,,,,,,,,,,,,,,,,,48.00,,,,,,,false,true,12,2018-01-01,2018-12-31,0
2018-04-27,58190,2018-12-31,1,,,,,,,,,,,,,,,,,,,,,,,,,,,,,,,,,7028060,278514,6749546,false,false,3,2018-01-01,2018-03-31,0
2018-04-27,58190,2017-12-31,1,,,,,,,,,,,,,,,,,,,,,,,,,,,,,,,,,,,6749546,false,false,3,2017-01-01,2017-03-31,-1
2018-07-27,58190,2018-12-31,2,5561000000,0.085,,,,,724000000,-0.019,729000000,-0.045,,512000000,,75.88,,,,,,14734000000,12916000000,0.877,1913.67,12916000000,,,,,,,,,,,,true,false,6,2018-01-01,2018-06-30,0
2018-07-27,58190,2017-12-31,2,5127000000,-0.075,,,,,738000000,-0.280,763000000,-0.262,,562000000,,83.40,,,,,,,,,,,,,,,,,,,,,,true,false,6,2017-01-01,2017-06-30,-1
2018-07-27,58190,2018-12-31,2,11290000000,0.080,,,,,1500000000,0.029,1545000000,0.028,,1090000000,,161.49,,,,,,,,,,,,,,,,,,,,,,true,true,12,2018-01-01,2018-12-31,0
2018-07-27,58190,2017-12-31,2,,,,,,,,,,,,,,,,,,,,14606000000,12756000000,0.873,1890.01,12756000000,,,,,,,,,,,,true,false,12,2017-01-01,2017-12-31,-1
2018-07-27,58190,2017-12-31,2,,,,,,,,,,,,,,,,,,,,,,,,,,,,,48.00,,,,7028060,278514,,false,false,12,2017-01-01,2017-12-31,-1
2018-07-27,58190,2018-12-31,2,,,,,,,,,,,,,,,,,,,,,,,,,,,,,23.00,,,,,,,false,false,12,2018-01-01,2018-12-31,0
2018-07-27,58190,2018-12-31,2,,,,,,,,,,,,,,,,,,,,,,,,,,,,,48.00,,,,,,,false,true,12,2018-01-01,2018-12-31,0
2018-07-27,58190,2018-12-31,2,,,,,,,,,,,,,,,,,,,,,,,,,,,,,,,,,7028060,278514,6749546,false,false,6,2018-01-01,2018-06-30,0
2018-07-27,58190,2017-12-31,2,,,,,,,,,,,,,,,,,,,,,,,,,,,,,,,,,,,6749546,false,false,6,2017-01-01,2017-06-30,-1
2018-10-29,58190,2018-12-31,3,8186000000,0.079,,,,,1010000000,-0.066,1027000000,-0.080,,716000000,,106.21,,,,,,14877000000,13009000000,0.875,1927.53,13009000000,,,,,,,,,,,,true,false,9,2018-01-01,2018-09-30,0
2018-10-29,58190,2017-12-31,3,7587000000,-0.053,,,,,1081000000,-0.242,1117000000,-0.226,,800000000,,118.59,,,,,,,,,,,,,,,,,,,,,,true,false,9,2017-01-01,2017-09-30,-1
2018-10-29,58190,2018-12-31,3,10980000000,0.050,,,,,1300000000,-0.108,1320000000,-0.122,,920000000,,136.31,,,,,,,,,,,,,,,,,,,,,,true,true,12,2018-01-01,2018-12-31,0
2018-10-29,58190,2017-12-31,3,,,,,,,,,,,,,,,,,,,,14606000000,12756000000,0.873,1890.01,12756000000,,,,,,,,,,,,true,false,12,2017-01-01,2017-12-31,-1
2018-10-29,58190,2017-12-31,3,,,,,,,,,,,,,,,,,,,,,,,,,,,,,48.00,,,,7028060,278514,,false,false,12,2017-01-01,2017-12-31,-1
2018-10-29,58190,2018-12-31,3,,,,,,,,,,,,,,,,,,,,,,,,,,,,,23.00,,,,,,,false,false,12,2018-01-01,2018-12-31,0
2018-10-29,58190,2018-12-31,3,,,,,,,,,,,,,,,,,,,,,,,,,,,,,48.00,,,,,,,false,true,12,2018-01-01,2018-12-31,0
2018-10-29,58190,2018-12-31,3,,,,,,,,,,,,,,,,,,,,,,,,,,,,,,,,,7028060,278514,6749546,false,false,9,2018-01-01,2018-09-30,0
2018-10-29,58190,2017-12-31,3,,,,,,,,,,,,,,,,,,,,,,,,,,,,,,,,,,,6749546,false,false,9,2017-01-01,2017-09-30,-1
2019-01-22,58190,2018-12-31,,11370000000,0.036,,,,,1445000000,0.112,1460000000,0.106,,1010000000,,149.64,,,,,,,,,,,,,,,,,,,,,,true,true,12,2018-01-01,2018-12-31,0
2019-01-22,58190,2017-12-31,,10456000000,,,,,,1457000000,,1502000000,,,1086000000,,160.98,,,,,,,,,,,,,,,,,,,,,,true,false,12,2017-01-01,2017-12-31,-1
2019-01-30,58190,2018-12-31,,11371000000,0.087,,,,,1462000000,0.003,1480000000,-0.015,,1028000000,,152.39,,0.079,0.100,0.129,,15085000000,13185000000,0.874,1953.52,13185000000,742000000,-116000000,-323000000,7322000000,,0.315,,,,,,true,false,12,2018-01-01,2018-12-31,0
2019-01-30,58190,2017-12-31,,10456000000,-0.019,,,,,1457000000,-0.189,1502000000,-0.188,,1086000000,,160.98,,0.088,0.105,0.139,,14606000000,12756000000,0.873,1890.01,12756000000,1082000000,-46000000,-323000000,7038000000,,0.298,,,,,,true,false,12,2017-01-01,2017-12-31,-1
2019-01-30,58190,2019-12-31,,6090000000,0.095,,,,,725000000,0.001,740000000,0.015,,520000000,,77.04,,,,,,,,,,,,,,,,,,,,,,true,true,6,2019-01-01,2019-06-30,1
2019-01-30,58190,2019-12-31,,12200000000,0.073,,,,,1500000000,0.026,1540000000,0.041,,1060000000,,157.05,,,,,,,,,,,,,,,,0.306,,,,,,true,true,12,2019-01-01,2019-12-31,1
2019-01-30,58190,2017-12-31,,,,,,,,,,,,,,,,,,,,,,,,,,,,,,48.00,,,,7028060,278514,6749546,false,false,12,2017-01-01,2017-12-31,-1
2019-01-30,58190,2018-12-31,,,,,,,,,,,,,,,,,,,,,,,,,,,,,,48.00,,,,7028060,278514,6749546,false,false,12,2018-01-01,2018-12-31,0
2019-01-30,58190,2019-12-31,,,,,,,,,,,,,,,,,,,,,,,,,,,,,,48.00,,,,,,,false,true,12,2019-01-01,2019-12-31,1
2019-04-26,58190,2019-12-31,1,2941000000,-0.010,,,,,330000000,-0.365,335000000,-0.351,,223000000,,33.15,,,,,,15040000000,13280000000,0.883,1967.60,13280000000,,,,,,,,,,,,true,false,3,2019-01-01,2019-03-31,0
2019-04-26,58190,2018-12-31,1,2970000000,0.059,,,,,520000000,0.083,517000000,0.063,,368000000,,54.56,,,,,,,,,,,,,,,,,,,,,,true,false,3,2018-01-01,2018-03-31,-1
2019-04-26,58190,2019-12-31,1,6090000000,0.095,,,,,725000000,0.001,740000000,0.015,,520000000,,77.04,,,,,,,,,,,,,,,,,,,,,,true,true,6,2019-01-01,2019-06-30,0
2019-04-26,58190,2019-12-31,1,12200000000,0.073,,,,,1500000000,0.026,1540000000,0.041,,1060000000,,157.05,,,,,,,,,,,,,,,,,,,,,,true,true,12,2019-01-01,2019-12-31,0
2019-04-26,58190,2018-12-31,1,,,,,,,,,,,,,,,,,,,,14962000000,13185000000,0.881,1953.52,13185000000,,,,,,,,,,,,true,false,12,2018-01-01,2018-12-31,-1
2019-04-26,58190,2018-12-31,1,,,,,,,,,,,,,,,,,,,,,,,,,,,,,48.00,,,,7028060,278514,,false,false,12,2018-01-01,2018-12-31,-1
2019-04-26,58190,2019-12-31,1,,,,,,,,,,,,,,,,,,,,,,,,,,,,,48.00,,,,,,,false,true,12,2019-01-01,2019-12-31,0
2019-04-26,58190,2019-12-31,1,,,,,,,,,,,,,,,,,,,,,,,,,,,,,,,,,7028060,278514,6749546,false,false,3,2019-01-01,2019-03-31,0
2019-04-26,58190,2018-12-31,1,,,,,,,,,,,,,,,,,,,,,,,,,,,,,,,,,,,6749546,false,false,3,2018-01-01,2018-03-31,-1
2019-07-30,58190,2019-12-31,2,5695000000,0.024,,,,,571000000,-0.212,586000000,-0.196,,336000000,,49.84,,,,,,14934000000,13265000000,0.888,1965.34,13265000000,,,,,,,,,,,,true,false,6,2019-01-01,2019-06-30,0
2019-07-30,58190,2018-12-31,2,5561000000,0.085,,,,,724000000,-0.019,729000000,-0.045,,512000000,,75.88,,,,,,,,,,,,,,,,,,,,,,true,false,6,2018-01-01,2018-06-30,-1
2019-07-30,58190,2019-12-31,2,11500000000,0.011,,,,,1160000000,-0.207,1190000000,-0.236,,730000000,,108.16,,,,,,,,,,,,,,,,,,,,,,true,true,12,2019-01-01,2019-12-31,0
2019-07-30,58190,2018-12-31,2,,,,,,,,,,,,,,,,,,,,14962000000,13185000000,0.881,1953.52,13185000000,,,,,,,,,,,,true,false,12,2018-01-01,2018-12-31,-1
2019-07-30,58190,2018-12-31,2,,,,,,,,,,,,,,,,,,,,,,,,,,,,,48.00,,,,7028060,278514,,false,false,12,2018-01-01,2018-12-31,-1
2019-07-30,58190,2019-12-31,2,,,,,,,,,,,,,,,,,,,,,,,,,,,,,23.00,,,,,,,false,false,12,2019-01-01,2019-12-31,0
2019-07-30,58190,2019-12-31,2,,,,,,,,,,,,,,,,,,,,,,,,,,,,,48.00,,,,,,,false,true,12,2019-01-01,2019-12-31,0
2019-07-30,58190,2019-12-31,2,,,,,,,,,,,,,,,,,,,,,,,,,,,,,,,,,7028060,278514,6749546,false,false,6,2019-01-01,2019-06-30,0
2019-07-30,58190,2018-12-31,2,,,,,,,,,,,,,,,,,,,,,,,,,,,,,,,,,,,6749546,false,false,6,2018-01-01,2018-06-30,-1
2019-10-30,58190,2019-12-31,3,8474000000,0.035,,,,,885000000,-0.124,899000000,-0.124,,548000000,,81.28,,,,,,14826000000,13248000000,0.894,1962.81,13248000000,,,,,,,,,,,,true,false,9,2019-01-01,2019-09-30,0
2019-10-30,58190,2018-12-31,3,8186000000,0.079,,,,,1010000000,-0.066,1027000000,-0.080,,716000000,,106.21,,,,,,,,,,,,,,,,,,,,,,true,false,9,2018-01-01,2018-09-30,-1
2019-10-30,58190,2019-12-31,3,11500000000,0.011,,,,,1160000000,-0.207,1190000000,-0.236,,730000000,,108.16,,,,,,,,,,,,,,,,,,,,,,true,true,12,2019-01-01,2019-12-31,0
2019-10-30,58190,2018-12-31,3,,,,,,,,,,,,,,,,,,,,14962000000,13185000000,0.881,1953.52,13185000000,,,,,,,,,,,,true,false,12,2018-01-01,2018-12-31,-1
2019-10-30,58190,2018-12-31,3,,,,,,,,,,,,,,,,,,,,,,,,,,,,,48.00,,,,7028060,278514,,false,false,12,2018-01-01,2018-12-31,-1
2019-10-30,58190,2019-12-31,3,,,,,,,,,,,,,,,,,,,,,,,,,,,,,23.00,,,,,,,false,false,12,2019-01-01,2019-12-31,0
2019-10-30,58190,2019-12-31,3,,,,,,,,,,,,,,,,,,,,,,,,,,,,,48.00,,,,,,,false,true,12,2019-01-01,2019-12-31,0
2019-10-30,58190,2019-12-31,3,,,,,,,,,,,,,,,,,,,,,,,,,,,,,,,,,7028060,278514,6749546,false,false,9,2019-01-01,2019-09-30,0
2019-10-30,58190,2018-12-31,3,,,,,,,,,,,,,,,,,,,,,,,,,,,,,,,,,,,6749546,false,false,9,2018-01-01,2018-09-30,-1
2020-01-22,58190,2019-12-31,,11420000000,-0.007,,,,,1160000000,0.000,1190000000,0.000,,740000000,,109.64,,,,,,,,,,,,,,,,,,,,,,true,true,12,2019-01-01,2019-12-31,0
2020-01-22,58190,2018-12-31,,11371000000,,,,,,1462000000,,1480000000,,,1028000000,,152.39,,,,,,,,,,,,,,,,,,,,,,true,false,12,2018-01-01,2018-12-31,-1
2020-01-30,58190,2019-12-31,,11429000000,0.005,,,,,1162000000,-0.205,1189000000,-0.197,,739000000,,109.52,,0.055,0.079,0.102,,15186000000,13550000000,0.892,2007.61,13550000000,828000000,-82000000,-364000000,7689000000,,0.438,,,,,,true,false,12,2019-01-01,2019-12-31,0
2020-01-30,58190,2018-12-31,,11371000000,0.087,,,,,1462000000,0.003,1480000000,-0.015,,1028000000,,152.39,,0.079,0.100,0.129,,14962000000,13185000000,0.881,1953.52,13185000000,742000000,-116000000,-323000000,7322000000,,0.315,,,,,,true,false,12,2018-01-01,2018-12-31,-1
2020-01-30,58190,2020-12-31,,6100000000,0.071,,,,,740000000,0.295,760000000,0.296,,520000000,,77.04,,,,,,,,,,,,,,,,,,,,,,true,true,6,2020-01-01,2020-06-30,1
2020-01-30,58190,2020-12-31,,12200000000,0.067,,,,,1610000000,0.385,1640000000,0.379,,1130000000,,167.42,,,,,,,,,,,,,,,,0.287,,,,,,true,true,12,2020-01-01,2020-12-31,1
2020-01-30,58190,2018-12-31,,,,,,,,,,,,,,,,,,,,,,,,,,,,,,48.00,,,,7028060,278514,6749546,false,false,12,2018-01-01,2018-12-31,-1
2020-01-30,58190,2019-12-31,,,,,,,,,,,,,,,,,,,,,,,,,,,,,,48.00,,,,7028060,278514,6749546,false,false,12,2019-01-01,2019-12-31,0
2020-01-30,58190,2020-12-31,,,,,,,,,,,,,,,,,,,,,,,,,,,,,,48.00,,,,,,,false,true,12,2020-01-01,2020-12-31,1
2020-01-30,58190,2019-12-31,,9875000000,0.022,,,,,656000000,-0.164,885000000,-0.342,577000000,,-0.443,85.42,,,,,,,,,,,,,,,,,,,,,,false,true,12,2019-01-01,2019-12-31,0
2020-04-28,58190,2020-12-31,1,2756000000,-0.063,,,,,322000000,-0.027,327000000,-0.024,,238000000,,35.35,,,,,,15006000000,13451000000,0.896,1992.90,13451000000,,,,,,,,,,,,true,false,3,2020-01-01,2020-03-31,0
2020-04-28,58190,2019-12-31,1,2941000000,-0.010,,,,,330000000,-0.365,335000000,-0.351,,223000000,,33.15,,,,,,,,,,,,,,,,,,,,,,true,false,3,2019-01-01,2019-03-31,-1
2020-04-28,58190,2019-12-31,1,,,,,,,,,,,,,,,,,,,,15186000000,13550000000,0.892,2007.61,13550000000,,,,,,,,,,,,true,false,12,2019-01-01,2019-12-31,-1
2020-04-28,58190,2019-12-31,1,,,,,,,,,,,,,,,,,,,,,,,,,,,,,48.00,,,,7028060,278514,,false,false,12,2019-01-01,2019-12-31,-1
2020-04-28,58190,2020-12-31,1,,,,,,,,,,,,,,,,,,,,,,,,,,,,,,,,,7028060,278514,6749546,false,false,3,2020-01-01,2020-03-31,0
2020-04-28,58190,2019-12-31,1,,,,,,,,,,,,,,,,,,,,,,,,,,,,,,,,,,,6749546,false,false,3,2019-01-01,2019-03-31,-1
2020-04-28,58190,2020-12-31,,6100000000,,,,,,740000000,,760000000,,,520000000,,77.04,,,,,,,,,,,,,,,,,,,,,,true,true,6,2020-01-01,2020-06-30,0
2020-04-28,58190,2019-12-31,,5695000000,,,,,,571000000,,586000000,,,336000000,,49.84,,,,,,,,,,,,,,,,,,,,,,true,false,6,2019-01-01,2019-06-30,-1
2020-04-28,58190,2020-12-31,,12200000000,,,,,,1610000000,,1640000000,,,1130000000,,167.42,,,,,,,,,,,,,,,,,,,,,,true,true,12,2020-01-01,2020-12-31,0
2020-04-28,58190,2019-12-31,,11429000000,,,,,,1162000000,,1189000000,,,739000000,,109.52,,,,,,,,,,,,,,,,,,,,,,true,false,12,2019-01-01,2019-12-31,-1
2020-04-28,58190,2020-12-31,,,,,,,,,,,,,,,,,,,,,,,,,,,,,,48.00,,,,,,,false,true,12,2020-01-01,2020-12-31,0
2020-04-28,58190,2019-12-31,,,,,,,,,,,,,,,,,,,,,,,,,,,,,,48.00,,,,,,,false,false,12,2019-01-01,2019-12-31,-1
2020-07-30,58190,2020-12-31,2,4761000000,-0.164,,,,,401000000,-0.296,424000000,-0.276,,298000000,,44.29,,,,,,14797000000,13528000000,0.914,2004.40,13528000000,,,,,,,,,,,,true,false,6,2020-01-01,2020-06-30,0
2020-07-30,58190,2019-12-31,2,5695000000,0.024,,,,,571000000,-0.212,586000000,-0.196,,336000000,,49.84,,,,,,,,,,,,,,,,,,,,,,true,false,6,2019-01-01,2019-06-30,-1
2020-07-30,58190,2020-12-31,2,9210000000,-0.194,,,,,635000000,-0.454,670000000,-0.437,,480000000,,71.12,,,,,,,,,,,,,,,,,,,,,,true,true,12,2020-01-01,2020-12-31,0
2020-07-30,58190,2019-12-31,2,,,,,,,,,,,,,,,,,,,,15186000000,13550000000,0.892,2007.61,13550000000,,,,,,,,,,,,true,false,12,2019-01-01,2019-12-31,-1
2020-07-30,58190,2019-12-31,2,,,,,,,,,,,,,,,,,,,,,,,,,,,,,48.00,,,,7028060,278514,,false,false,12,2019-01-01,2019-12-31,-1
2020-07-30,58190,2020-12-31,2,,,,,,,,,,,,,,,,,,,,,,,,,,,,,13.00,,,,,,,false,false,12,2020-01-01,2020-12-31,0
2020-07-30,58190,2020-12-31,2,,,,,,,,,,,,,,,,,,,,,,,,,,,,,21.00,,,,,,,false,true,12,2020-01-01,2020-12-31,0
2020-07-30,58190,2020-12-31,2,,,,,,,,,,,,,,,,,,,,,,,,,,,,,,,,,7028060,278514,6749546,false,false,6,2020-01-01,2020-06-30,0
2020-07-30,58190,2019-12-31,2,,,,,,,,,,,,,,,,,,,,,,,,,,,,,,,,,,,6749546,false,false,6,2019-01-01,2019-06-30,-1
2020-10-29,58190,2020-12-31,3,7020000000,-0.172,,,,,595000000,-0.328,624000000,-0.306,,440000000,,65.30,,,,,,14941000000,13605000000,0.910,2015.81,13605000000,,,,,,,,,,,,true,false,9,2020-01-01,2020-09-30,0
2020-10-29,58190,2019-12-31,3,8474000000,0.035,,,,,885000000,-0.124,899000000,-0.124,,548000000,,81.28,,,,,,,,,,,,,,,,,,,,,,true,false,9,2019-01-01,2019-09-30,-1
2020-10-29,58190,2020-12-31,3,9210000000,-0.194,,,,,635000000,-0.454,670000000,-0.437,,480000000,,71.12,,,,,,,,,,,,,,,,,,,,,,true,true,12,2020-01-01,2020-12-31,0
2020-10-29,58190,2019-12-31,3,,,,,,,,,,,,,,,,,,,,15186000000,13550000000,0.892,2007.61,13550000000,,,,,,,,,,,,true,false,12,2019-01-01,2019-12-31,-1
2020-10-29,58190,2019-12-31,3,,,,,,,,,,,,,,,,,,,,,,,,,,,,,48.00,,,,7028060,278514,,false,false,12,2019-01-01,2019-12-31,-1
2020-10-29,58190,2020-12-31,3,,,,,,,,,,,,,,,,,,,,,,,,,,,,,13.00,,,,,,,false,false,12,2020-01-01,2020-12-31,0
2020-10-29,58190,2020-12-31,3,,,,,,,,,,,,,,,,,,,,,,,,,,,,,21.00,,,,,,,false,true,12,2020-01-01,2020-12-31,0
2020-10-29,58190,2020-12-31,3,,,,,,,,,,,,,,,,,,,,,,,,,,,,,,,,,7028060,278514,6749546,false,false,9,2020-01-01,2020-09-30,0
2020-10-29,58190,2019-12-31,3,,,,,,,,,,,,,,,,,,,,,,,,,,,,,,,,,,,6749546,false,false,9,2019-01-01,2019-09-30,-1
2021-01-22,58190,2020-12-31,,9695000000,0.053,,,,,910000000,0.433,980000000,0.463,,675000000,,100.01,,,,,,,,,,,,,,,,,,,,,,true,true,12,2020-01-01,2020-12-31,0
2021-01-22,58190,2019-12-31,,11429000000,,,,,,1162000000,,1189000000,,,739000000,,109.52,,,,,,,,,,,,,,,,,,,,,,true,false,12,2019-01-01,2019-12-31,-1
2021-01-22,58190,2020-12-31,,8290000000,-0.161,,,,,487000000,-0.258,645000000,-0.271,385000000,,-0.333,57.04,,,,,,,,,,,,,,,,,,,,,,false,true,12,2020-01-01,2020-12-31,0
2021-01-28,58190,2020-12-31,,9697000000,-0.151,,,,,916000000,-0.211,984000000,-0.172,,679000000,,100.67,,0.049,0.065,0.095,,15263000000,13917000000,0.911,2062.00,13917000000,1271000000,-197000000,-284000000,8470000000,,0.278,,,,,,true,false,12,2020-01-01,2020-12-31,0
2021-01-28,58190,2019-12-31,,11429000000,0.005,,,,,1162000000,-0.205,1189000000,-0.197,,739000000,,109.52,,0.055,0.079,0.102,,15186000000,13550000000,0.892,2007.61,13550000000,828000000,-82000000,-364000000,7689000000,,0.438,,,,,,true,false,12,2019-01-01,2019-12-31,-1
2021-01-28,58190,2021-12-31,,4970000000,0.044,,,,,405000000,0.010,440000000,0.038,,305000000,,45.19,,,,,,,,,,,,,,,,,,,,,,true,true,6,2021-01-01,2021-06-30,1
2021-01-28,58190,2021-12-31,,10190000000,0.051,,,,,940000000,0.026,980000000,-0.004,,680000000,,100.75,,,,,,,,,,,,,,,,0.278,,,,,,true,true,12,2021-01-01,2021-12-31,1
2021-01-28,58190,2019-12-31,,,,,,,,,,,,,,,,,,,,,,,,,,,,,,48.00,,,,7028060,278514,6749546,false,false,12,2019-01-01,2019-12-31,-1
2021-01-28,58190,2020-12-31,,,,,,,,,,,,,,,,,,,,,,,,,,,,,,28.00,,,,7028060,278514,6749546,false,false,12,2020-01-01,2020-12-31,0
2021-01-28,58190,2021-12-31,,,,,,,,,,,,,,,,,,,,,,,,,,,,,,28.00,,,,,,,false,true,12,2021-01-01,2021-12-31,1
2021-04-27,58190,2021-12-31,1,2388000000,-0.133,,,,,206000000,-0.358,217000000,-0.335,,143000000,,21.33,,,,,,15658000000,14154000000,0.904,2097.07,14154000000,,,,,,,,,,,,true,false,3,2021-01-01,2021-03-31,0
2021-04-27,58190,2020-12-31,1,2756000000,-0.063,,,,,322000000,-0.027,327000000,-0.024,,238000000,,35.35,,,,,,,,,,,,,,,,,,,,,,true,false,3,2020-01-01,2020-03-31,-1
2021-04-27,58190,2021-12-31,1,4970000000,0.044,,,,,405000000,0.010,440000000,0.038,,305000000,,45.19,,,,,,,,,,,,,,,,,,,,,,true,true,6,2021-01-01,2021-06-30,0
2021-04-27,58190,2021-12-31,1,10190000000,0.051,,,,,940000000,0.026,980000000,-0.004,,680000000,,100.75,,,,,,,,,,,,,,,,,,,,,,true,true,12,2021-01-01,2021-12-31,0
2021-04-27,58190,2020-12-31,1,,,,,,,,,,,,,,,,,,,,15263000000,13917000000,0.911,2062.00,13917000000,,,,,,,,,,,,true,false,12,2020-01-01,2020-12-31,-1
2021-04-27,58190,2020-12-31,1,,,,,,,,,,,,,,,,,,,,,,,,,,,,,28.00,,,,7028060,278514,,false,false,12,2020-01-01,2020-12-31,-1
2021-04-27,58190,2021-12-31,1,,,,,,,,,,,,,,,,,,,,,,,,,,,,,28.00,,,,,,,false,true,12,2021-01-01,2021-12-31,0
2021-04-27,58190,2021-12-31,1,,,,,,,,,,,,,,,,,,,,,,,,,,,,,,,,,7028060,278514,6749546,false,false,3,2021-01-01,2021-03-31,0
2021-04-27,58190,2020-12-31,1,,,,,,,,,,,,,,,,,,,,,,,,,,,,,,,,,,,6749546,false,false,3,2020-01-01,2020-03-31,-1
2021-07-28,58190,2021-12-31,2,4758000000,-0.001,,,,,434000000,0.082,468000000,0.102,,314000000,,46.54,,,,,,15833000000,14327000000,0.905,2122.72,14327000000,,,,,,,,,,,,true,false,6,2021-01-01,2021-06-30,0
2021-07-28,58190,2020-12-31,2,4761000000,-0.164,,,,,401000000,-0.296,424000000,-0.276,,298000000,,44.29,,,,,,,,,,,,,,,,,,,,,,true,false,6,2020-01-01,2020-06-30,-1
2021-07-28,58190,2021-12-31,2,10190000000,0.051,,,,,940000000,0.026,980000000,-0.004,,680000000,,100.75,,,,,,,,,,,,,,,,,,,,,,true,true,12,2021-01-01,2021-12-31,0
2021-07-28,58190,2020-12-31,2,,,,,,,,,,,,,,,,,,,,15263000000,13917000000,0.911,2062.00,13917000000,,,,,,,,,,,,true,false,12,2020-01-01,2020-12-31,-1
2021-07-28,58190,2020-12-31,2,,,,,,,,,,,,,,,,,,,,,,,,,,,,,28.00,,,,7028060,278514,,false,false,12,2020-01-01,2020-12-31,-1
2021-07-28,58190,2021-12-31,2,,,,,,,,,,,,,,,,,,,,,,,,,,,,,13.00,,,,,,,false,false,12,2021-01-01,2021-12-31,0
2021-07-28,58190,2021-12-31,2,,,,,,,,,,,,,,,,,,,,,,,,,,,,,28.00,,,,,,,false,true,12,2021-01-01,2021-12-31,0
2021-07-28,58190,2021-12-31,2,,,,,,,,,,,,,,,,,,,,,,,,,,,,,,,,,7028060,278514,6749546,false,false,6,2021-01-01,2021-06-30,0
2021-07-28,58190,2020-12-31,2,,,,,,,,,,,,,,,,,,,,,,,,,,,,,,,,,,,6749546,false,false,6,2020-01-01,2020-06-30,-1
2021-07-28,58190,2021-12-31,2,4758000000,-0.001,,,,,434000000,0.082,468000000,0.102,,314000000,,46.54,,,,,,15833000000,14327000000,0.905,2122.72,14327000000,,,,,,,,,,,,true,false,6,2021-01-01,2021-06-30,0
2021-07-28,58190,2020-12-31,2,4761000000,-0.164,,,,,401000000,-0.296,424000000,-0.276,,298000000,,44.29,,,,,,,,,,,,,,,,,,,,,,true,false,6,2020-01-01,2020-06-30,-1
2021-07-28,58190,2021-12-31,2,10190000000,0.051,,,,,940000000,0.026,980000000,-0.004,,680000000,,100.75,,,,,,,,,,,,,,,,,,,,,,true,true,12,2021-01-01,2021-12-31,0
2021-07-28,58190,2020-12-31,2,,,,,,,,,,,,,,,,,,,,15263000000,13917000000,0.911,2062.00,13917000000,,,,,,,,,,,,true,false,12,2020-01-01,2020-12-31,-1
2021-07-28,58190,2020-12-31,2,,,,,,,,,,,,,,,,,,,,,,,,,,,,,28.00,,,,7028060,278514,,false,false,12,2020-01-01,2020-12-31,-1
2021-07-28,58190,2021-12-31,2,,,,,,,,,,,,,,,,,,,,,,,,,,,,,13.00,,,,,,,false,false,12,2021-01-01,2021-12-31,0
2021-07-28,58190,2021-12-31,2,,,,,,,,,,,,,,,,,,,,,,,,,,,,,28.00,,,,,,,false,true,12,2021-01-01,2021-12-31,0
2021-07-28,58190,2021-12-31,2,,,,,,,,,,,,,,,,,,,,,,,,,,,,,,,,,7028060,278514,6749546,false,false,6,2021-01-01,2021-06-30,0
2021-07-28,58190,2020-12-31,2,,,,,,,,,,,,,,,,,,,,,,,,,,,,,,,,,,,6749546,false,false,6,2020-01-01,2020-06-30,-1
2021-10-27,58190,2021-12-31,3,7265000000,0.035,,,,,710000000,0.194,748000000,0.199,,510000000,,75.70,,,,,,15945000000,14443000000,0.906,2139.96,14443000000,,,,,,,,,,,,true,false,9,2021-01-01,2021-09-30,0
2021-10-27,58190,2020-12-31,3,7020000000,-0.172,,,,,595000000,-0.328,624000000,-0.306,,440000000,,65.30,,,,,,,,,,,,,,,,,,,,,,true,false,9,2020-01-01,2020-09-30,-1
2021-10-27,58190,2021-12-31,3,10190000000,0.051,,,,,940000000,0.026,980000000,-0.004,,680000000,,100.75,,,,,,,,,,,,,,,,,,,,,,true,true,12,2021-01-01,2021-12-31,0
2021-10-27,58190,2020-12-31,3,,,,,,,,,,,,,,,,,,,,15263000000,13917000000,0.911,2062.00,13917000000,,,,,,,,,,,,true,false,12,2020-01-01,2020-12-31,-1
2021-10-27,58190,2020-12-31,3,,,,,,,,,,,,,,,,,,,,,,,,,,,,,28.00,,,,7028060,278514,,false,false,12,2020-01-01,2020-12-31,-1
2021-10-27,58190,2021-12-31,3,,,,,,,,,,,,,,,,,,,,,,,,,,,,,13.00,,,,,,,false,false,12,2021-01-01,2021-12-31,0
2021-10-27,58190,2021-12-31,3,,,,,,,,,,,,,,,,,,,,,,,,,,,,,28.00,,,,,,,false,true,12,2021-01-01,2021-12-31,0
2021-10-27,58190,2021-12-31,3,,,,,,,,,,,,,,,,,,,,,,,,,,,,,,,,,7028060,278514,6749546,false,false,9,2021-01-01,2021-09-30,0
2021-10-27,58190,2020-12-31,3,,,,,,,,,,,,,,,,,,,,,,,,,,,,,,,,,,,6749546,false,false,9,2020-01-01,2020-09-30,-1
2022-01-27,58190,2021-12-31,,10034000000,0.035,,,,,1010000000,0.102,1069000000,0.086,,681000000,,100.96,,0.048,0.068,0.101,,16273000000,14716000000,0.904,2180.38,14716000000,515000000,-119000000,-214000000,8797000000,,0.297,,,,,,true,false,12,2021-01-01,2021-12-31,0
2022-01-27,58190,2020-12-31,,9697000000,-0.151,,,,,916000000,-0.211,984000000,-0.172,,679000000,,100.67,,0.049,0.065,0.095,,15263000000,13917000000,0.911,2062.00,13917000000,1271000000,-197000000,-284000000,8470000000,,0.278,,,,,,true,false,12,2020-01-01,2020-12-31,-1
2022-01-27,58190,2022-12-31,,5079000000,0.067,,,,,247000000,-0.432,246000000,-0.475,,157000000,,23.26,,,,,,,,,,,,,,,,,,,,,,true,true,6,2022-01-01,2022-06-30,1
2022-01-27,58190,2022-12-31,,10225000000,0.019,,,,,564000000,-0.442,562000000,-0.475,,371000000,,54.97,,,,,,,,,,,,,,,,0.546,,,,,,true,true,12,2022-01-01,2022-12-31,1
2022-01-27,58190,2020-12-31,,,,,,,,,,,,,,,,,,,,,,,,,,,,,,28.00,,,,7028060,278514,6749546,false,false,12,2020-01-01,2020-12-31,-1
2022-01-27,58190,2021-12-31,,,,,,,,,,,,,,,,,,,,,,,,,,,,,,30.00,,,,7028060,278514,6749546,false,false,12,2021-01-01,2021-12-31,0
2022-01-27,58190,2022-12-31,,,,,,,,,,,,,,,,,,,,,,,,,,,,,,30.00,,,,,,,false,true,12,2022-01-01,2022-12-31,1
2022-04-27,58190,2022-12-31,1,2707000000,0.134,,,,,245000000,0.186,261000000,0.203,,168000000,,25.01,,,,,,16771000000,15004000000,0.895,2223.09,15004000000,,,,,,,,,,,,true,false,3,2022-01-01,2022-03-31,0
2022-04-27,58190,2021-12-31,1,2388000000,-0.133,,,,,206000000,-0.358,217000000,-0.335,,143000000,,21.33,,,,,,,,,,,,,,,,,,,,,,true,false,3,2021-01-01,2021-03-31,-1
2022-04-27,58190,2022-12-31,1,5079000000,0.067,,,,,247000000,-0.432,246000000,-0.475,,157000000,,23.26,,,,,,,,,,,,,,,,,,,,,,true,true,6,2022-01-01,2022-06-30,0
2022-04-27,58190,2022-12-31,1,10225000000,0.019,,,,,564000000,-0.442,562000000,-0.475,,371000000,,54.97,,,,,,,,,,,,,,,,,,,,,,true,true,12,2022-01-01,2022-12-31,0
2022-04-27,58190,2021-12-31,1,,,,,,,,,,,,,,,,,,,,16273000000,14716000000,0.904,2180.38,14716000000,,,,,,,,,,,,true,false,12,2021-01-01,2021-12-31,-1
2022-04-27,58190,2021-12-31,1,,,,,,,,,,,,,,,,,,,,,,,,,,,,,30.00,,,,7028060,278514,,false,false,12,2021-01-01,2021-12-31,-1
2022-04-27,58190,2022-12-31,1,,,,,,,,,,,,,,,,,,,,,,,,,,,,,30.00,,,,,,,false,true,12,2022-01-01,2022-12-31,0
2022-04-27,58190,2022-12-31,1,,,,,,,,,,,,,,,,,,,,,,,,,,,,,,,,,7028060,278514,6749546,false,false,3,2022-01-01,2022-03-31,0
2022-04-27,58190,2021-12-31,1,,,,,,,,,,,,,,,,,,,,,,,,,,,,,,,,,,,6749546,false,false,3,2021-01-01,2021-03-31,-1
2022-07-28,58190,2022-12-31,2,5302000000,0.114,,,,,443000000,0.021,498000000,0.065,,316000000,,46.89,,,,,,17329000000,15398000000,0.889,2281.42,15398000000,,,,,,,,,,,,true,false,6,2022-01-01,2022-06-30,0
2022-07-28,58190,2021-12-31,2,4758000000,-0.001,,,,,434000000,0.082,468000000,0.102,,314000000,,46.54,,,,,,,,,,,,,,,,,,,,,,true,false,6,2021-01-01,2021-06-30,-1
2022-07-28,58190,2022-12-31,2,10800000000,0.076,,,,,975000000,-0.035,1040000000,-0.028,,685000000,,101.49,,,,,,,,,,,,,,,,,,,,,,true,true,12,2022-01-01,2022-12-31,0
2022-07-28,58190,2021-12-31,2,,,,,,,,,,,,,,,,,,,,16273000000,14716000000,0.904,2180.38,14716000000,,,,,,,,,,,,true,false,12,2021-01-01,2021-12-31,-1
2022-07-28,58190,2021-12-31,2,,,,,,,,,,,,,,,,,,,,,,,,,,,,,30.00,,,,7028060,278514,,false,false,12,2021-01-01,2021-12-31,-1
2022-07-28,58190,2022-12-31,2,,,,,,,,,,,,,,,,,,,,,,,,,,,,,15.00,,,,,,,false,false,12,2022-01-01,2022-12-31,0
2022-07-28,58190,2022-12-31,2,,,,,,,,,,,,,,,,,,,,,,,,,,,,,30.00,,,,,,,false,true,12,2022-01-01,2022-12-31,0
2022-07-28,58190,2022-12-31,2,,,,,,,,,,,,,,,,,,,,,,,,,,,,,,,,,7028060,278514,6749546,false,false,6,2022-01-01,2022-06-30,0
2022-07-28,58190,2021-12-31,2,,,,,,,,,,,,,,,,,,,,,,,,,,,,,,,,,,,6749546,false,false,6,2021-01-01,2021-06-30,-1
2022-10-28,58190,2022-12-31,3,8131000000,0.119,,,,,740000000,0.043,807000000,0.079,,537000000,,79.70,,,,,,17642000000,15516000000,0.879,2298.84,15516000000,,,,,,,,,,,,true,false,9,2022-01-01,2022-09-30,0
2022-10-28,58190,2021-12-31,3,7265000000,0.035,,,,,710000000,0.194,748000000,0.199,,510000000,,75.70,,,,,,,,,,,,,,,,,,,,,,true,false,9,2021-01-01,2021-09-30,-1
2022-10-28,58190,2022-12-31,3,10800000000,0.076,,,,,975000000,-0.035,1040000000,-0.028,,685000000,,101.49,,,,,,,,,,,,,,,,,,,,,,true,true,12,2022-01-01,2022-12-31,0
2022-10-28,58190,2021-12-31,3,,,,,,,,,,,,,,,,,,,,16273000000,14716000000,0.904,2180.38,14716000000,,,,,,,,,,,,true,false,12,2021-01-01,2021-12-31,-1
2022-10-28,58190,2021-12-31,3,,,,,,,,,,,,,,,,,,,,,,,,,,,,,30.00,,,,7028060,278514,,false,false,12,2021-01-01,2021-12-31,-1
2022-10-28,58190,2022-12-31,3,,,,,,,,,,,,,,,,,,,,,,,,,,,,,15.00,,,,,,,false,false,12,2022-01-01,2022-12-31,0
2022-10-28,58190,2022-12-31,3,,,,,,,,,,,,,,,,,,,,,,,,,,,,,30.00,,,,,,,false,true,12,2022-01-01,2022-12-31,0
2022-10-28,58190,2022-12-31,3,,,,,,,,,,,,,,,,,,,,,,,,,,,,,,,,,7028060,278514,6749546,false,false,9,2022-01-01,2022-09-30,0
2022-10-28,58190,2021-12-31,3,,,,,,,,,,,,,,,,,,,,,,,,,,,,,,,,,,,6749546,false,false,9,2021-01-01,2021-09-30,-1
2023-01-27,58190,2022-12-31,,11167000000,0.113,,,,,1177000000,0.166,1260000000,0.178,,868000000,,128.74,,0.057,0.074,0.105,,17731000000,15694000000,0.885,2325.27,15694000000,835000000,-913000000,-290000000,8569000000,,0.272,,,,,,true,false,12,2022-01-01,2022-12-31,0
2023-01-27,58190,2021-12-31,,10034000000,0.035,,,,,1010000000,0.102,1069000000,0.086,,681000000,,100.96,,0.048,0.068,0.101,,16273000000,14716000000,0.904,2180.38,14716000000,515000000,-119000000,-214000000,8797000000,,0.297,,,,,,true,false,12,2021-01-01,2021-12-31,-1
2023-01-27,58190,2023-12-31,,5560000000,0.049,,,,,300000000,-0.324,320000000,-0.358,,210000000,,31.11,,,,,,,,,,,,,,,,,,,,,,true,true,6,2023-01-01,2023-06-30,1
2023-01-27,58190,2023-12-31,,11240000000,0.006,,,,,930000000,-0.210,980000000,-0.223,,655000000,,97.04,,,,,,,,,,,,,,,,0.412,,,,,,true,true,12,2023-01-01,2023-12-31,1
2023-01-27,58190,2021-12-31,,,,,,,,,,,,,,,,,,,,,,,,,,,,,,30.00,,,,7028060,278514,6749546,false,false,12,2021-01-01,2021-12-31,-1
2023-01-27,58190,2022-12-31,,,,,,,,,,,,,,,,,,,,,,,,,,,,,,35.00,,,,7028060,278514,6749546,false,false,12,2022-01-01,2022-12-31,0
2023-01-27,58190,2023-12-31,,,,,,,,,,,,,,,,,,,,,,,,,,,,,,40.00,,,,,,,false,true,12,2023-01-01,2023-12-31,1
2023-04-27,58190,2023-12-31,1,3105000000,0.147,,,,,478000000,0.951,484000000,0.849,,359000000,,53.27,,,,,,18062000000,15971000000,0.884,2366.27,15971000000,,,,,,,,,,,,true,false,3,2023-01-01,2023-03-31,0
2023-04-27,58190,2022-12-31,1,2707000000,0.134,,,,,245000000,0.186,261000000,0.203,,168000000,,25.01,,,,,,,,,,,,,,,,,,,,,,true,false,3,2022-01-01,2022-03-31,-1
2023-04-27,58190,2023-12-31,1,5860000000,0.105,,,,,500000000,0.127,520000000,0.043,,380000000,,56.30,,,,,,,,,,,,,,,,,,,,,,true,true,6,2023-01-01,2023-06-30,0
2023-04-27,58190,2023-12-31,1,11240000000,0.006,,,,,930000000,-0.210,980000000,-0.223,,655000000,,97.04,,,,,,,,,,,,,,,,,,,,,,true,true,12,2023-01-01,2023-12-31,0
2023-04-27,58190,2022-12-31,1,,,,,,,,,,,,,,,,,,,,17731000000,15694000000,0.885,2325.27,15694000000,,,,,,,,,,,,true,false,12,2022-01-01,2022-12-31,-1
2023-04-27,58190,2022-12-31,1,,,,,,,,,,,,,,,,,,,,,,,,,,,,,35.00,,,,7028060,278514,,false,false,12,2022-01-01,2022-12-31,-1
2023-04-27,58190,2023-12-31,1,,,,,,,,,,,,,,,,,,,,,,,,,,,,,40.00,,,,,,,false,true,12,2023-01-01,2023-12-31,0
2023-04-27,58190,2023-12-31,1,,,,,,,,,,,,,,,,,,,,,,,,,,,,,,,,,7028060,278514,6749546,false,false,3,2023-01-01,2023-03-31,0
2023-04-27,58190,2022-12-31,1,,,,,,,,,,,,,,,,,,,,,,,,,,,,,,,,,,,6749546,false,false,3,2022-01-01,2022-03-31,-1
2023-07-28,58190,2023-12-31,2,5885000000,0.110,,,,,663000000,0.495,719000000,0.443,,518000000,,76.72,,,,,,18546000000,16473000000,0.888,2422.20,16473000000,,,,,,,,,,,,true,false,6,2023-01-01,2023-06-30,0
2023-07-28,58190,2022-12-31,2,5302000000,0.114,,,,,443000000,0.021,498000000,0.065,,316000000,,46.89,,,,,,,,,,,,,,,,,,,,,,true,false,6,2022-01-01,2022-06-30,-1
2023-07-28,58190,2023-12-31,2,11695000000,0.048,,,,,1180000000,0.003,1270000000,0.008,,910000000,,134.58,,,,,,,,,,,,,,,,,,,,,,true,true,12,2023-01-01,2023-12-31,0
2023-07-28,58190,2022-12-31,2,,,,,,,,,,,,,,,,,,,,17731000000,15694000000,0.885,2325.27,15694000000,,,,,,,,,,,,true,false,12,2022-01-01,2022-12-31,-1
2023-07-28,58190,2022-12-31,2,,,,,,,,,,,,,,,,,,,,,,,,,,,,,35.00,,,,7028060,278514,,false,false,12,2022-01-01,2022-12-31,-1
2023-07-28,58190,2023-12-31,2,,,,,,,,,,,,,,,,,,,,,,,,,,,,,23.00,,,,,,,false,false,12,2023-01-01,2023-12-31,0
2023-07-28,58190,2023-12-31,2,,,,,,,,,,,,,,,,,,,,,,,,,,,,,51.00,,,,,,,false,true,12,2023-01-01,2023-12-31,0
2023-07-28,58190,2023-12-31,2,,,,,,,,,,,,,,,,,,,,,,,,,,,,,,,,,7028060,227214,6761887,false,false,6,2023-01-01,2023-06-30,0
2023-07-28,58190,2022-12-31,2,,,,,,,,,,,,,,,,,,,,,,,,,,,,,,,,,,,6749546,false,false,6,2022-01-01,2022-06-30,-1
2023-10-27,58190,2023-12-31,3,9040000000,0.112,,,,,1119000000,0.512,1170000000,0.449,,848000000,,125.22,,,,,,19075000000,16766000000,0.874,2465.70,16766000000,,,,,,,,,,,,true,false,9,2023-01-01,2023-09-30,0
2023-10-27,58190,2022-12-31,3,8131000000,0.119,,,,,740000000,0.043,807000000,0.079,,537000000,,79.70,,,,,,,,,,,,,,,,,,,,,,true,false,9,2022-01-01,2022-09-30,-1
2023-10-27,58190,2023-12-31,3,11695000000,0.048,,,,,1180000000,0.003,1270000000,0.008,,910000000,,134.58,,,,,,,,,,,,,,,,,,,,,,true,true,12,2023-01-01,2023-12-31,0
2023-10-27,58190,2022-12-31,3,,,,,,,,,,,,,,,,,,,,17731000000,15694000000,0.885,2325.27,15694000000,,,,,,,,,,,,true,false,12,2022-01-01,2022-12-31,-1
2023-10-27,58190,2022-12-31,3,,,,,,,,,,,,,,,,,,,,,,,,,,,,,35.00,,,,7028060,278514,,false,false,12,2022-01-01,2022-12-31,-1
2023-10-27,58190,2023-12-31,3,,,,,,,,,,,,,,,,,,,,,,,,,,,,,23.00,,,,,,,false,false,12,2023-01-01,2023-12-31,0
2023-10-27,58190,2023-12-31,3,,,,,,,,,,,,,,,,,,,,,,,,,,,,,51.00,,,,,,,false,true,12,2023-01-01,2023-12-31,0
2023-10-27,58190,2023-12-31,3,,,,,,,,,,,,,,,,,,,,,,,,,,,,,,,,,7028060,228089,6774917,false,false,9,2023-01-01,2023-09-30,0
2023-10-27,58190,2022-12-31,3,,,,,,,,,,,,,,,,,,,,,,,,,,,,,,,,,,,6749546,false,false,9,2022-01-01,2022-09-30,-1
2024-01-26,58190,2023-12-31,,12872000000,0.153,,,,,1668000000,0.417,1739000000,0.380,,1188000000,,175.26,,0.073,0.095,0.130,,18908000000,17021000000,0.900,2503.16,17021000000,808000000,-561000000,-369000000,8546000000,,0.355,,,,,,true,false,12,2023-01-01,2023-12-31,0
2024-01-26,58190,2022-12-31,,11167000000,0.113,,,,,1177000000,0.166,1260000000,0.178,,868000000,,128.74,,0.057,0.074,0.105,,17731000000,15694000000,0.885,2325.27,15694000000,835000000,-913000000,-290000000,8569000000,,0.272,,,,,,true,false,12,2022-01-01,2022-12-31,-1
2024-01-26,58190,2024-12-31,,6233000000,0.059,,,,,537000000,-0.190,565000000,-0.215,,411000000,,60.44,,,,,,,,,,,,,,,,,,,,,,true,true,6,2024-01-01,2024-06-30,1
2024-01-26,58190,2024-12-31,,12845000000,-0.002,,,,,1330000000,-0.203,1380000000,-0.207,,980000000,,144.12,,,,,,,,,,,,,,,,0.389,,,,,,true,true,12,2024-01-01,2024-12-31,1
2024-01-26,58190,2022-12-31,,,,,,,,,,,,,,,,,,,,,,,,,,,,,,35.00,,,,7028060,278514,6749546,false,false,12,2022-01-01,2022-12-31,-1
2024-01-26,58190,2023-12-31,,,,,,,,,,,,,,,,,,,,,,,,,,,,,,62.00,,,,7028060,228089,6781232,false,false,12,2023-01-01,2023-12-31,0
2024-01-26,58190,2024-12-31,,,,,,,,,,,,,,,,,,,,,,,,,,,,,,56.00,,,,,,,false,true,12,2024-01-01,2024-12-31,1
2024-01-26,58190,2023-12-31,,12872000000,0.153,,,,,1668000000,0.417,1739000000,0.380,,1188000000,,175.26,,0.073,0.095,0.130,,18908000000,17021000000,0.900,2503.15,17021000000,808000000,-561000000,-369000000,8546000000,,0.355,,,,,,true,false,12,2023-01-01,2023-12-31,0
2024-01-26,58190,2022-12-31,,11167000000,0.113,,,,,1177000000,0.166,1260000000,0.178,,868000000,,128.74,,0.057,0.074,0.105,,17731000000,15694000000,0.885,2325.27,15694000000,835000000,-913000000,-290000000,8569000000,,0.272,,,,,,true,false,12,2022-01-01,2022-12-31,-1
2024-01-26,58190,2024-12-31,,6233000000,0.059,,,,,537000000,-0.190,565000000,-0.215,,411000000,,60.44,,,,,,,,,,,,,,,,,,,,,,true,true,6,2024-01-01,2024-06-30,1
2024-01-26,58190,2024-12-31,,12845000000,-0.002,,,,,1330000000,-0.203,1380000000,-0.207,,980000000,,144.12,,,,,,,,,,,,,,,,0.389,,,,,,true,true,12,2024-01-01,2024-12-31,1
2024-01-26,58190,2022-12-31,,,,,,,,,,,,,,,,,,,,,,,,,,,,,,35.00,,,,7028060,278514,6749546,false,false,12,2022-01-01,2022-12-31,-1
2024-01-26,58190,2023-12-31,,,,,,,,,,,,,,,,,,,,,,,,,,,,,,62.00,,,,7028060,228089,6781232,false,false,12,2023-01-01,2023-12-31,0
2024-01-26,58190,2024-12-31,,,,,,,,,,,,,,,,,,,,,,,,,,,,,,56.00,,,,,,,false,true,12,2024-01-01,2024-12-31,1
2024-04-26,58190,2024-12-31,1,3172000000,0.021,,,,,394000000,-0.175,425000000,-0.122,,342000000,,50.41,,,,,,19234000000,17334000000,0.901,2549.19,17334000000,,,,,,,,,,,,true,false,3,2024-01-01,2024-03-31,0
2024-04-26,58190,2023-12-31,1,3105000000,0.147,,,,,478000000,0.951,484000000,0.849,,359000000,,53.27,,,,,,,,,,,,,,,,,,,,,,true,false,3,2023-01-01,2023-03-31,-1
2024-04-26,58190,2024-12-31,1,6233000000,0.059,,,,,537000000,-0.190,565000000,-0.215,,411000000,,60.44,,,,,,,,,,,,,,,,,,,,,,true,true,6,2024-01-01,2024-06-30,0
2024-04-26,58190,2024-12-31,1,12845000000,-0.002,,,,,1330000000,-0.203,1380000000,-0.207,,980000000,,144.12,,,,,,,,,,,,,,,,,,,,,,true,true,12,2024-01-01,2024-12-31,0
2024-04-26,58190,2023-12-31,1,,,,,,,,,,,,,,,,,,,,18908000000,17021000000,0.900,2503.15,17021000000,,,,,,,,,,,,true,false,12,2023-01-01,2023-12-31,-1
2024-04-26,58190,2023-12-31,1,,,,,,,,,,,,,,,,,,,,,,,,,,,,,62.00,,,,7028060,228089,,false,false,12,2023-01-01,2023-12-31,-1
2024-04-26,58190,2024-12-31,1,,,,,,,,,,,,,,,,,,,,,,,,,,,,,56.00,,,,,,,false,true,12,2024-01-01,2024-12-31,0
2024-04-26,58190,2024-12-31,1,,,,,,,,,,,,,,,,,,,,,,,,,,,,,,,,,7028060,228089,6799971,false,false,3,2024-01-01,2024-03-31,0
2024-04-26,58190,2023-12-31,1,,,,,,,,,,,,,,,,,,,,,,,,,,,,,,,,,,,6749546,false,false,3,2023-01-01,2023-03-31,-1
2024-07-30,58190,2024-12-31,2,6028000000,0.024,,,,,642000000,-0.032,719000000,0.000,,502000000,,73.87,,,,,,19376000000,17745000000,0.916,2602.91,17745000000,,,,,,,,,,,,true,false,6,2024-01-01,2024-06-30,0
2024-07-30,58190,2023-12-31,2,5885000000,0.110,,,,,663000000,0.495,719000000,0.443,,518000000,,76.72,,,,,,,,,,,,,,,,,,,,,,true,false,6,2023-01-01,2023-06-30,-1
2024-07-30,58190,2024-12-31,2,12845000000,-0.002,,,,,1330000000,-0.203,1380000000,-0.207,,980000000,,144.12,,,,,,,,,,,,,,,,,,,,,,true,true,12,2024-01-01,2024-12-31,0
2024-07-30,58190,2023-12-31,2,,,,,,,,,,,,,,,,,,,,18908000000,17021000000,0.900,2503.15,17021000000,,,,,,,,,,,,true,false,12,2023-01-01,2023-12-31,-1
2024-07-30,58190,2023-12-31,2,,,,,,,,,,,,,,,,,,,,,,,,,,,,,62.00,,,,7028060,228089,,false,false,12,2023-01-01,2023-12-31,-1
2024-07-30,58190,2024-12-31,2,,,,,,,,,,,,,,,,,,,,,,,,,,,,,28.00,,,,,,,false,false,12,2024-01-01,2024-12-31,0
2024-07-30,58190,2024-12-31,2,,,,,,,,,,,,,,,,,,,,,,,,,,,,,56.00,,,,,,,false,true,12,2024-01-01,2024-12-31,0
2024-07-30,58190,2024-12-31,2,,,,,,,,,,,,,,,,,,,,,,,,,,,,,,,,,7028060,210649,6806295,false,false,6,2024-01-01,2024-06-30,0
2024-07-30,58190,2023-12-31,2,,,,,,,,,,,,,,,,,,,,,,,,,,,,,,,,,,,6761887,false,false,6,2023-01-01,2023-06-30,-1
2024-10-30,58190,2024-12-31,3,8956000000,-0.009,,,,,1034000000,-0.077,1073000000,-0.083,,816000000,,119.89,,,,,,19056000000,17491000000,0.918,2565.95,17491000000,,,,,,,,,,,,true,false,9,2024-01-01,2024-09-30,0
2024-10-30,58190,2023-12-31,3,9040000000,0.112,,,,,1119000000,0.512,1170000000,0.449,,848000000,,125.22,,,,,,,,,,,,,,,,,,,,,,true,false,9,2023-01-01,2023-09-30,-1
2024-10-30,58190,2024-12-31,3,12845000000,-0.002,,,,,1330000000,-0.203,1380000000,-0.207,,980000000,,144.12,,,,,,,,,,,,,,,,,,,,,,true,true,12,2024-01-01,2024-12-31,0
2024-10-30,58190,2023-12-31,3,,,,,,,,,,,,,,,,,,,,18908000000,17021000000,0.900,2503.15,17021000000,,,,,,,,,,,,true,false,12,2023-01-01,2023-12-31,-1
2024-10-30,58190,2023-12-31,3,,,,,,,,,,,,,,,,,,,,,,,,,,,,,62.00,,,,7028060,228089,,false,false,12,2023-01-01,2023-12-31,-1
2024-10-30,58190,2024-12-31,3,,,,,,,,,,,,,,,,,,,,,,,,,,,,,28.00,,,,,,,false,false,12,2024-01-01,2024-12-31,0
2024-10-30,58190,2024-12-31,3,,,,,,,,,,,,,,,,,,,,,,,,,,,,,56.00,,,,,,,false,true,12,2024-01-01,2024-12-31,0
2024-10-30,58190,2024-12-31,3,,,,,,,,,,,,,,,,,,,,,,,,,,,,,,,,,7028060,211469,6809980,false,false,9,2024-01-01,2024-09-30,0
2024-10-30,58190,2023-12-31,3,,,,,,,,,,,,,,,,,,,,,,,,,,,,,,,,,,,6774917,false,false,9,2023-01-01,2023-09-30,-1
2025-01-30,58190,2024-12-31,,12383000000,-0.038,,,,,1389000000,-0.167,1447000000,-0.168,,1039000000,,152.64,,0.059,0.075,0.112,,19626000000,17965000000,0.915,2635.79,17965000000,1455000000,317000000,-543000000,9893000000,,0.373,,,,,,true,false,12,2024-01-01,2024-12-31,0
2025-01-30,58190,2023-12-31,,12872000000,0.153,,,,,1668000000,0.417,1739000000,0.380,,1188000000,,175.26,,0.073,0.095,0.130,,18908000000,17021000000,0.900,2503.15,17021000000,808000000,-561000000,-369000000,8546000000,,0.355,,,,,,true,false,12,2023-01-01,2023-12-31,-1
2025-01-30,58190,2025-12-31,,6210000000,0.030,,,,,590000000,-0.081,620000000,-0.138,,440000000,,64.55,,,,,,,,,,,,,,,,,,,,,,true,true,6,2025-01-01,2025-06-30,1
2025-01-30,58190,2025-12-31,,12920000000,0.043,,,,,1430000000,0.030,1480000000,0.023,,1050000000,,154.05,,,,,,,,,,,,,,,,0.370,,,,,,true,true,12,2025-01-01,2025-12-31,1
2025-01-30,58190,2023-12-31,,,,,,,,,,,,,,,,,,,,,,,,,,,,,,62.00,,,,7028060,228089,6781232,false,false,12,2023-01-01,2023-12-31,-1
2025-01-30,58190,2024-12-31,,,,,,,,,,,,,,,,,,,,,,,,,,,,,,57.00,,,,7028060,212069,6811599,false,false,12,2024-01-01,2024-12-31,0
2025-01-30,58190,2025-12-31,,,,,,,,,,,,,,,,,,,,,,,,,,,,,,57.00,,,,,,,false,true,12,2025-01-01,2025-12-31,1
2025-04-25,58190,2025-12-31,1,3339000000,0.053,,,,,508000000,0.288,514000000,0.209,,387000000,,56.78,,,,,,19491000000,17934000000,0.920,2631.30,17934000000,,,,,,,,,,,,true,false,3,2025-01-01,2025-03-31,0
2025-04-25,58190,2024-12-31,1,3172000000,0.021,,,,,394000000,-0.175,425000000,-0.122,,342000000,,50.41,,,,,,,,,,,,,,,,,,,,,,true,false,3,2024-01-01,2024-03-31,-1
2025-04-25,58190,2025-12-31,1,6210000000,0.030,,,,,590000000,-0.081,620000000,-0.138,,440000000,,64.55,,,,,,,,,,,,,,,,,,,,,,true,true,6,2025-01-01,2025-06-30,0
2025-04-25,58190,2025-12-31,1,12920000000,0.043,,,,,1430000000,0.030,1480000000,0.023,,1050000000,,154.05,,,,,,,,,,,,,,,,,,,,,,true,true,12,2025-01-01,2025-12-31,0
2025-04-25,58190,2024-12-31,1,,,,,,,,,,,,,,,,,,,,19626000000,17965000000,0.915,2635.79,17965000000,,,,,,,,,,,,true,false,12,2024-01-01,2024-12-31,-1
2025-04-25,58190,2024-12-31,1,,,,,,,,,,,,,,,,,,,,,,,,,,,,,57.00,,,,7028060,212069,,false,false,12,2024-01-01,2024-12-31,-1
2025-04-25,58190,2025-12-31,1,,,,,,,,,,,,,,,,,,,,,,,,,,,,,57.00,,,,,,,false,true,12,2025-01-01,2025-12-31,0
2025-04-25,58190,2025-12-31,1,,,,,,,,,,,,,,,,,,,,,,,,,,,,,,,,,7028060,212073,6815989,false,false,3,2025-01-01,2025-03-31,0
2025-04-25,58190,2024-12-31,1,,,,,,,,,,,,,,,,,,,,,,,,,,,,,,,,,,,6799971,false,false,3,2024-01-01,2024-03-31,-1
2025-07-30,58190,2025-12-31,2,6452000000,0.070,,,,,893000000,0.391,933000000,0.297,,646000000,,94.78,,,,,,19882000000,18317000000,0.921,2677.50,18317000000,,,,,,,,,,,,true,false,6,2025-01-01,2025-06-30,0
2025-07-30,58190,2024-12-31,2,6028000000,0.024,,,,,642000000,-0.032,719000000,0.000,,502000000,,73.87,,,,,,,,,,,,,,,,,,,,,,true,false,6,2024-01-01,2024-06-30,-1
2025-07-30,58190,2025-12-31,2,12920000000,0.043,,,,,1430000000,0.030,1480000000,0.023,,1050000000,,154.05,,,,,,,,,,,,,,,,,,,,,,true,true,12,2025-01-01,2025-12-31,0
2025-07-30,58190,2024-12-31,2,,,,,,,,,,,,,,,,,,,,19626000000,17965000000,0.915,2635.79,17965000000,,,,,,,,,,,,true,false,12,2024-01-01,2024-12-31,-1
2025-07-30,58190,2024-12-31,2,,,,,,,,,,,,,,,,,,,,,,,,,,,,,57.00,,,,7028060,212069,,false,false,12,2024-01-01,2024-12-31,-1
2025-07-30,58190,2025-12-31,2,,,,,,,,,,,,,,,,,,,,,,,,,,,,,28.00,,,,,,,false,false,12,2025-01-01,2025-12-31,0
2025-07-30,58190,2025-12-31,2,,,,,,,,,,,,,,,,,,,,,,,,,,,,,57.00,,,,,,,false,true,12,2025-01-01,2025-12-31,0
2025-07-30,58190,2025-12-31,2,,,,,,,,,,,,,,,,,,,,,,,,,,,,,,,,,7028060,186763,6825357,false,false,6,2025-01-01,2025-06-30,0
2025-07-30,58190,2024-12-31,2,,,,,,,,,,,,,,,,,,,,,,,,,,,,,,,,,,,6806295,false,false,6,2024-01-01,2024-06-30,-1
