filing_date,code,fiscal_year_end,quarterly_period,net_sales,net_sales_change,revenue,revenue_change,operating_revenue,operating_revenue_change,operating_profit,operating_profit_change,ordinary_profit,ordinary_profit_change,net_income,net_income_of_parent,net_income_change,eps,diluted_eps,roe,roa,operating_profit_to_net_sales,operating_profit_to_revenue,total_assets,net_assets,equity_ratio,bps,owner_equity,operating_cash_flow,investing_cash_flow,financing_cash_flow,cash,dividend_per_share,payout_ratio,commemorative_dividend,extra_dividend,number_of_shares,number_of_treqsury_shares,avg_number_of_shares,is_consolidated,is_forecast,duration,period_start,period_end,period_pos
2015-05-08,58200,2015-03-31,,9413000000,0.001,,,,,107000000,-0.332,157000000,-0.278,274000000,,0.519,48.00,,0.067,0.017,0.011,,9708000000,4298000000,0.443,752.34,4298000000,196000000,-127000000,-132000000,1256000000,,0.167,,,,,,true,false,12,2014-04-01,2015-03-31,0
2015-05-08,58200,2014-03-31,,9402000000,0.084,,,,,161000000,-0.156,218000000,-0.188,180000000,,-0.197,31.59,,0.047,0.024,0.017,,9425000000,3948000000,0.419,690.62,3948000000,350000000,-116000000,191000000,1304000000,,0.253,,,,,,true,false,12,2013-04-01,2014-03-31,-1
2015-05-08,58200,2016-03-31,,4628000000,0.000,,,,,58000000,-0.164,54000000,0.098,,45000000,,7.88,,,,,,,,,,,,,,,,,,,,,,true,true,6,2015-04-01,2015-09-30,1
2015-05-08,58200,2016-03-31,,9428000000,0.002,,,,,158000000,0.467,144000000,-0.088,,114000000,,19.95,,,,,,,,,,,,,,,,0.401,,,,,,true,true,12,2015-04-01,2016-03-31,1
2015-05-08,58200,2015-03-31,,8472000000,-0.009,,,,,131000000,-0.166,128000000,-0.188,108000000,,-0.122,18.93,,,,,,9382000000,4281000000,0.456,749.48,4281000000,,,,,8.00,,,,6333276,620272,5715745,false,false,12,2014-04-01,2015-03-31,0
2015-05-08,58200,2014-03-31,,8545000000,0.068,,,,,157000000,-0.203,158000000,-0.222,123000000,,-0.268,21.54,,,,,,9252000000,4144000000,0.448,724.93,4144000000,,,,,8.00,,,,6333276,615650,5718043,false,false,12,2013-04-01,2014-03-31,-1
2015-05-08,58200,2016-03-31,,4157000000,0.008,,,,,48000000,-0.218,48000000,-0.248,44000000,,-0.194,7.70,,,,,,,,,,,,,,,,,,,,,,false,true,6,2015-04-01,2015-09-30,1
2015-05-08,58200,2016-03-31,,8510000000,0.004,,,,,144000000,0.097,139000000,0.079,115000000,,0.063,20.13,,,,,,,,,,,,,,,8.00,,,,,,,false,true,12,2015-04-01,2016-03-31,1
2015-07-31,58200,2016-03-31,1,2352000000,0.058,,,,,43000000,0.280,46000000,1.504,,36000000,,6.43,,,,,,9476000000,4297000000,0.454,752.29,4297000000,,,,,,,,,,,,true,false,3,2015-04-01,2015-06-30,0
2015-07-31,58200,2015-03-31,1,2223000000,0.061,,,,,33000000,3.568,18000000,-0.719,,26000000,,4.58,,,,,,,,,,,,,,,,,,,,,,true,false,3,2014-04-01,2014-06-30,-1
2015-07-31,58200,2016-03-31,1,4628000000,0.000,,,,,58000000,-0.164,54000000,0.098,,45000000,,7.88,,,,,,,,,,,,,,,,,,,,,,true,true,6,2015-04-01,2015-09-30,0
2015-07-31,58200,2016-03-31,1,9428000000,0.002,,,,,158000000,0.467,144000000,-0.088,,114000000,,19.95,,,,,,,,,,,,,,,,,,,,,,true,true,12,2015-04-01,2016-03-31,0
2015-07-31,58200,2015-03-31,1,,,,,,,,,,,,,,,,,,,,9708000000,4298000000,0.443,752.34,4298000000,,,,,,,,,,,,true,false,12,2014-04-01,2015-03-31,-1
2015-07-31,58200,2015-03-31,1,,,,,,,,,,,,,,,,,,,,,,,,,,,,,8.00,,,,6333276,620272,,false,false,12,2014-04-01,2015-03-31,-1
2015-07-31,58200,2016-03-31,1,,,,,,,,,,,,,,,,,,,,,,,,,,,,,8.00,,,,,,,false,true,12,2015-04-01,2016-03-31,0
2015-07-31,58200,2016-03-31,1,,,,,,,,,,,,,,,,,,,,,,,,,,,,,,,,,6333276,620272,5713004,false,false,3,2015-04-01,2015-06-30,0
2015-07-31,58200,2015-03-31,1,,,,,,,,,,,,,,,,,,,,,,,,,,,,,,,,,,,5717162,false,false,3,2014-04-01,2014-06-30,-1
2015-10-30,58200,2016-03-31,2,4785000000,0.034,,,,,90000000,0.311,87000000,0.778,,64000000,,11.25,,,,,,9806000000,4279000000,0.436,749.10,4279000000,,,,,,,,,,,,true,false,6,2015-04-01,2015-09-30,0
2015-10-30,58200,2015-03-31,2,4627000000,0.049,,,,,69000000,1.247,49000000,-0.357,,39000000,,6.90,,,,,,,,,,,,,,,,,,,,,,true,false,6,2014-04-01,2014-09-30,-1
2015-10-30,58200,2016-03-31,2,9428000000,0.002,,,,,158000000,0.467,144000000,-0.088,,114000000,,19.96,,,,,,,,,,,,,,,,,,,,,,true,true,12,2015-04-01,2016-03-31,0
2015-10-30,58200,2015-03-31,2,,,,,,,,,,,,,,,,,,,,9708000000,4298000000,0.443,752.34,4298000000,,,,,,,,,,,,true,false,12,2014-04-01,2015-03-31,-1
2015-10-30,58200,2015-03-31,2,,,,,,,,,,,,,,,,,,,,,,,,,,,,,8.00,,,,6333276,620272,,false,false,12,2014-04-01,2015-03-31,-1
2015-10-30,58200,2016-03-31,2,,,,,,,,,,,,,,,,,,,,,,,,,,,,,0.00,,,,,,,false,false,12,2015-04-01,2016-03-31,0
2015-10-30,58200,2016-03-31,2,,,,,,,,,,,,,,,,,,,,,,,,,,,,,8.00,,,,,,,false,true,12,2015-04-01,2016-03-31,0
2015-10-30,58200,2016-03-31,2,,,,,,,,,,,,,,,,,,,,,,,,,,,,,,,,,6333276,620648,5712847,false,false,6,2015-04-01,2015-09-30,0
2015-10-30,58200,2015-03-31,2,,,,,,,,,,,,,,,,,,,,,,,,,,,,,,,,,,,5717052,false,false,6,2014-04-01,2014-09-30,-1
2015-10-30,58200,2016-03-31,,4785000000,0.034,,,,,90000000,0.552,87000000,0.611,,64000000,,11.25,,,,,,,,,,,,,,,,,,,,,,true,true,6,2015-04-01,2015-09-30,0
2015-10-30,58200,2015-03-31,,4627000000,,,,,,69000000,,49000000,,,39000000,,6.90,,,,,,,,,,,,,,,,,,,,,,true,false,6,2014-04-01,2014-09-30,-1
2015-10-30,58200,2016-03-31,,4341000000,0.044,,,,,94000000,0.958,110000000,1.292,88000000,,1.000,15.54,,,,,,,,,,,,,,,,,,,,,,false,true,6,2015-04-01,2015-09-30,0
2015-10-30,58200,2015-03-31,,4124000000,,,,,,61000000,,63000000,,54000000,,,9.55,,,,,,,,,,,,,,,,,,,,,,false,false,6,2014-04-01,2014-09-30,-1
2016-01-29,58200,2016-03-31,3,7217000000,0.015,,,,,183000000,0.640,148000000,0.216,,104000000,,18.36,,,,,,9673000000,4342000000,0.449,760.14,4342000000,,,,,,,,,,,,true,false,9,2015-04-01,2015-12-31,0
2016-01-29,58200,2015-03-31,3,7112000000,0.036,,,,,111000000,0.348,122000000,0.015,,93000000,,16.43,,,,,,,,,,,,,,,,,,,,,,true,false,9,2014-04-01,2014-12-31,-1
2016-01-29,58200,2016-03-31,3,9428000000,0.002,,,,,158000000,0.467,144000000,-0.088,,114000000,,19.96,,,,,,,,,,,,,,,,,,,,,,true,true,12,2015-04-01,2016-03-31,0
2016-01-29,58200,2015-03-31,3,,,,,,,,,,,,,,,,,,,,9708000000,4298000000,0.443,752.34,4298000000,,,,,,,,,,,,true,false,12,2014-04-01,2015-03-31,-1
2016-01-29,58200,2015-03-31,3,,,,,,,,,,,,,,,,,,,,,,,,,,,,,8.00,,,,6333276,620272,,false,false,12,2014-04-01,2015-03-31,-1
2016-01-29,58200,2016-03-31,3,,,,,,,,,,,,,,,,,,,,,,,,,,,,,0.00,,,,,,,false,false,12,2015-04-01,2016-03-31,0
2016-01-29,58200,2016-03-31,3,,,,,,,,,,,,,,,,,,,,,,,,,,,,,8.00,,,,,,,false,true,12,2015-04-01,2016-03-31,0
2016-01-29,58200,2016-03-31,3,,,,,,,,,,,,,,,,,,,,,,,,,,,,,,,,,6333276,621048,5712685,false,false,9,2015-04-01,2015-12-31,0
2016-01-29,58200,2015-03-31,3,,,,,,,,,,,,,,,,,,,,,,,,,,,,,,,,,,,5716437,false,false,9,2014-04-01,2014-12-31,-1
2016-04-27,58200,2016-03-31,,9434000000,0.001,,,,,253000000,0.601,219000000,0.521,,116000000,,20.46,,,,,,,,,,,,,,,,,,,,,,true,true,12,2015-04-01,2016-03-31,0
2016-04-27,58200,2015-03-31,,9413000000,,,,,,107000000,,157000000,,,274000000,,48.00,,,,,,,,,,,,,,,,,,,,,,true,false,12,2014-04-01,2015-03-31,-1
2016-04-27,58200,2016-03-31,,8572000000,0.007,,,,,250000000,0.736,268000000,0.928,256000000,,1.226,44.97,,,,,,,,,,,,,,,,,,,,,,false,true,12,2015-04-01,2016-03-31,0
2016-04-27,58200,2015-03-31,,8472000000,,,,,,131000000,,128000000,,108000000,,,18.93,,,,,,,,,,,,,,,,,,,,,,false,false,12,2014-04-01,2015-03-31,-1
2016-05-13,58200,2016-03-31,,9434000000,0.002,,,,,253000000,1.355,219000000,0.391,,116000000,,20.46,,0.027,0.023,0.027,,9374000000,4282000000,0.457,749.72,4282000000,442000000,-128000000,-84000000,1455000000,,0.391,,,,,,true,false,12,2015-04-01,2016-03-31,0
2016-05-13,58200,2015-03-31,,9413000000,0.001,,,,,107000000,-0.332,157000000,-0.278,,274000000,,48.00,,0.067,0.017,0.011,,9708000000,4298000000,0.443,752.34,4298000000,196000000,-127000000,-132000000,1256000000,,0.167,,,,,,true,false,12,2014-04-01,2015-03-31,-1
2016-05-13,58200,2017-03-31,,4550000000,-0.049,,,,,160000000,0.760,155000000,0.774,,110000000,,19.26,,,,,,,,,,,,,,,,,,,,,,true,true,6,2016-04-01,2016-09-30,1
2016-05-13,58200,2017-03-31,,9190000000,-0.026,,,,,335000000,0.321,330000000,0.502,,235000000,,41.14,,,,,,,,,,,,,,,,0.194,,,,,,true,true,12,2016-04-01,2017-03-31,1
2016-05-13,58200,2016-03-31,,8572000000,0.012,,,,,250000000,0.904,268000000,1.083,256000000,,1.374,44.97,,,,,,9280000000,4425000000,0.477,774.75,4425000000,,,,,8.00,,,,6333276,621048,5712571,false,false,12,2015-04-01,2016-03-31,0
2016-05-13,58200,2015-03-31,,8472000000,-0.009,,,,,131000000,-0.166,128000000,-0.188,108000000,,-0.122,18.93,,,,,,9382000000,4281000000,0.456,749.48,4281000000,,,,,8.00,,,,6333276,620272,5715745,false,false,12,2014-04-01,2015-03-31,-1
2016-05-13,58200,2017-03-31,,4240000000,-0.023,,,,,155000000,0.643,150000000,0.354,105000000,,0.183,18.38,,,,,,,,,,,,,,,,,,,,,,false,true,6,2016-04-01,2016-09-30,1
2016-05-13,58200,2017-03-31,,8570000000,-0.000,,,,,325000000,0.300,315000000,0.174,225000000,,-0.124,39.39,,,,,,,,,,,,,,,8.00,,,,,,,false,true,12,2016-04-01,2017-03-31,1
2016-07-29,58200,2017-03-31,1,2095000000,-0.109,,,,,111000000,1.571,105000000,1.287,,46000000,,8.06,,,,,,9099000000,4262000000,0.468,746.26,4262000000,,,,,,,,,,,,true,false,3,2016-04-01,2016-06-30,0
2016-07-29,58200,2016-03-31,1,2352000000,0.058,,,,,43000000,0.280,46000000,1.504,,36000000,,6.43,,,,,,,,,,,,,,,,,,,,,,true,false,3,2015-04-01,2015-06-30,-1
2016-07-29,58200,2017-03-31,1,4550000000,-0.049,,,,,160000000,0.760,155000000,0.774,,110000000,,19.26,,,,,,,,,,,,,,,,,,,,,,true,true,6,2016-04-01,2016-09-30,0
2016-07-29,58200,2017-03-31,1,9190000000,-0.026,,,,,335000000,0.321,330000000,0.502,,235000000,,41.14,,,,,,,,,,,,,,,,,,,,,,true,true,12,2016-04-01,2017-03-31,0
2016-07-29,58200,2016-03-31,1,,,,,,,,,,,,,,,,,,,,9374000000,4282000000,0.457,749.72,4282000000,,,,,,,,,,,,true,false,12,2015-04-01,2016-03-31,-1
2016-07-29,58200,2016-03-31,1,,,,,,,,,,,,,,,,,,,,,,,,,,,,,8.00,,,,6333276,621048,,false,false,12,2015-04-01,2016-03-31,-1
2016-07-29,58200,2017-03-31,1,,,,,,,,,,,,,,,,,,,,,,,,,,,,,8.00,,,,,,,false,true,12,2016-04-01,2017-03-31,0
2016-07-29,58200,2017-03-31,1,,,,,,,,,,,,,,,,,,,,,,,,,,,,,,,,,6333276,621048,5712228,false,false,3,2016-04-01,2016-06-30,0
2016-07-29,58200,2016-03-31,1,,,,,,,,,,,,,,,,,,,,,,,,,,,,,,,,,,,5713004,false,false,3,2015-04-01,2015-06-30,-1
2016-10-31,58200,2017-03-31,2,4225000000,-0.117,,,,,277000000,2.058,241000000,1.762,,162000000,,28.37,,,,,,8898000000,4402000000,0.495,770.65,4402000000,,,,,,,,,,,,true,false,6,2016-04-01,2016-09-30,0
2016-10-31,58200,2016-03-31,2,4785000000,0.034,,,,,90000000,0.311,87000000,0.778,,64000000,,11.25,,,,,,,,,,,,,,,,,,,,,,true,false,6,2015-04-01,2015-09-30,-1
2016-10-31,58200,2017-03-31,2,9190000000,-0.026,,,,,335000000,0.321,330000000,0.502,,235000000,,41.14,,,,,,,,,,,,,,,,,,,,,,true,true,12,2016-04-01,2017-03-31,0
2016-10-31,58200,2016-03-31,2,,,,,,,,,,,,,,,,,,,,9374000000,4282000000,0.457,749.72,4282000000,,,,,,,,,,,,true,false,12,2015-04-01,2016-03-31,-1
2016-10-31,58200,2016-03-31,2,,,,,,,,,,,,,,,,,,,,,,,,,,,,,8.00,,,,6333276,621048,,false,false,12,2015-04-01,2016-03-31,-1
2016-10-31,58200,2017-03-31,2,,,,,,,,,,,,,,,,,,,,,,,,,,,,,0.00,,,,,,,false,false,12,2016-04-01,2017-03-31,0
2016-10-31,58200,2017-03-31,2,,,,,,,,,,,,,,,,,,,,,,,,,,,,,8.00,,,,,,,false,true,12,2016-04-01,2017-03-31,0
2016-10-31,58200,2017-03-31,2,,,,,,,,,,,,,,,,,,,,,,,,,,,,,,,,,6333276,621048,5712228,false,false,6,2016-04-01,2016-09-30,0
2016-10-31,58200,2016-03-31,2,,,,,,,,,,,,,,,,,,,,,,,,,,,,,,,,,,,5712847,false,false,6,2015-04-01,2015-09-30,-1
2016-10-31,58200,2017-03-31,,4225000000,-0.071,,,,,277000000,0.731,241000000,0.555,,162000000,,28.37,,,,,,,,,,,,,,,,,,,,,,true,true,6,2016-04-01,2016-09-30,0
2016-10-31,58200,2016-03-31,,4785000000,,,,,,90000000,,87000000,,,64000000,,11.25,,,,,,,,,,,,,,,,,,,,,,true,false,6,2015-04-01,2015-09-30,-1
2016-10-31,58200,2017-03-31,,3898000000,-0.081,,,,,211000000,0.361,210000000,0.400,136000000,,0.295,23.98,,,,,,,,,,,,,,,,,,,,,,false,true,6,2016-04-01,2016-09-30,0
2016-10-31,58200,2016-03-31,,4341000000,,,,,,94000000,,110000000,,88000000,,,15.54,,,,,,,,,,,,,,,,,,,,,,false,false,6,2015-04-01,2015-09-30,-1
2017-01-31,58200,2017-03-31,3,6470000000,-0.104,,,,,454000000,1.481,411000000,1.765,,297000000,,52.13,,,,,,9010000000,4585000000,0.509,802.94,4585000000,,,,,,,,,,,,true,false,9,2016-04-01,2016-12-31,0
2017-01-31,58200,2016-03-31,3,7217000000,0.015,,,,,183000000,0.640,148000000,0.216,,104000000,,18.36,,,,,,,,,,,,,,,,,,,,,,true,false,9,2015-04-01,2015-12-31,-1
2017-01-31,58200,2017-03-31,3,8736000000,-0.074,,,,,498000000,0.963,480000000,1.184,,362000000,,63.39,,,,,,,,,,,,,,,,,,,,,,true,true,12,2016-04-01,2017-03-31,0
2017-01-31,58200,2016-03-31,3,,,,,,,,,,,,,,,,,,,,9374000000,4282000000,0.457,749.72,4282000000,,,,,,,,,,,,true,false,12,2015-04-01,2016-03-31,-1
2017-01-31,58200,2016-03-31,3,,,,,,,,,,,,,,,,,,,,,,,,,,,,,8.00,,,,6333276,621048,,false,false,12,2015-04-01,2016-03-31,-1
2017-01-31,58200,2017-03-31,3,,,,,,,,,,,,,,,,,,,,,,,,,,,,,0.00,,,,,,,false,false,12,2016-04-01,2017-03-31,0
2017-01-31,58200,2017-03-31,3,,,,,,,,,,,,,,,,,,,,,,,,,,,,,13.00,,,,,,,false,true,12,2016-04-01,2017-03-31,0
2017-01-31,58200,2017-03-31,3,,,,,,,,,,,,,,,,,,,,,,,,,,,,,,,,,6333276,622299,5712084,false,false,9,2016-04-01,2016-12-31,0
2017-01-31,58200,2016-03-31,3,,,,,,,,,,,,,,,,,,,,,,,,,,,,,,,,,,,5712685,false,false,9,2015-04-01,2015-12-31,-1
2017-01-31,58200,2017-03-31,,8736000000,-0.049,,,,,498000000,0.487,480000000,0.455,,362000000,,63.39,,,,,,,,,,,,,,,,,,,,,,true,true,12,2016-04-01,2017-03-31,0
2017-01-31,58200,2016-03-31,,9434000000,,,,,,253000000,,219000000,,,116000000,,20.46,,,,,,,,,,,,,,,,,,,,,,true,false,12,2015-04-01,2016-03-31,-1
2017-01-31,58200,2017-03-31,,8095000000,-0.055,,,,,407000000,0.252,408000000,0.295,300000000,,0.333,52.53,,,,,,,,,,,,,,,13.00,,,,,,,false,true,12,2016-04-01,2017-03-31,0
2017-01-31,58200,2016-03-31,,8572000000,,,,,,250000000,,268000000,,256000000,,,44.97,,,,,,,,,,,,,,,8.00,,,,,,,false,false,12,2015-04-01,2016-03-31,-1
2017-01-31,58200,2017-03-31,,,,,,,,,,,,,,,,,,,,,,,,,,,,,,0.00,,,,,,,false,false,12,2016-04-01,2017-03-31,0
2017-05-12,58200,2017-03-31,,8762000000,-0.071,,,,,505000000,0.994,483000000,1.201,,358000000,,62.70,,0.080,0.052,0.058,,9139000000,4662000000,0.510,816.70,4662000000,766000000,-51000000,-800000000,1362000000,,0.207,,,,,,true,false,12,2016-04-01,2017-03-31,0
2017-05-12,58200,2016-03-31,,9434000000,0.002,,,,,253000000,1.355,219000000,0.391,,116000000,,20.46,,0.027,0.023,0.027,,9374000000,4282000000,0.457,749.72,4282000000,442000000,-128000000,-84000000,1455000000,,0.391,,,,,,true,false,12,2015-04-01,2016-03-31,-1
2017-05-12,58200,2018-03-31,,4620000000,0.094,,,,,230000000,-0.173,240000000,-0.006,,160000000,,28.02,,,,,,,,,,,,,,,,,,,,,,true,true,6,2017-04-01,2017-09-30,1
2017-05-12,58200,2018-03-31,,9350000000,0.067,,,,,510000000,0.008,490000000,0.013,,330000000,,57.80,,,,,,,,,,,,,,,,0.138,,,,,,true,true,12,2017-04-01,2018-03-31,1
2017-05-12,58200,2017-03-31,,8103000000,-0.055,,,,,422000000,0.690,422000000,0.574,306000000,,0.192,53.62,,,,,,9035000000,4740000000,0.525,830.35,4740000000,,,,,13.00,,,,6333276,623755,5711648,false,false,12,2016-04-01,2017-03-31,0
2017-05-12,58200,2016-03-31,,8572000000,0.012,,,,,250000000,0.904,268000000,1.083,256000000,,1.374,44.97,,,,,,9280000000,4425000000,0.477,774.75,4425000000,,,,,8.00,,,,6333276,621048,5712571,false,false,12,2015-04-01,2016-03-31,-1
2017-05-12,58200,2018-03-31,,4300000000,0.103,,,,,210000000,-0.008,220000000,0.044,140000000,,0.022,24.52,,,,,,,,,,,,,,,,,,,,,,false,true,6,2017-04-01,2017-09-30,1
2017-05-12,58200,2018-03-31,,8720000000,0.076,,,,,440000000,0.042,450000000,0.066,300000000,,-0.020,52.54,,,,,,,,,,,,,,,8.00,,,,,,,false,true,12,2017-04-01,2018-03-31,1
2017-07-31,58200,2018-03-31,1,2189000000,0.045,,,,,110000000,-0.011,105000000,0.003,,70000000,,12.32,,,,,,8984000000,4677000000,0.521,819.20,4677000000,,,,,,,,,,,,true,false,3,2017-04-01,2017-06-30,0
2017-07-31,58200,2017-03-31,1,2095000000,-0.109,,,,,111000000,1.571,105000000,1.287,,46000000,,8.06,,,,,,,,,,,,,,,,,,,,,,true,false,3,2016-04-01,2016-06-30,-1
2017-07-31,58200,2018-03-31,1,4620000000,0.094,,,,,230000000,-0.173,240000000,-0.006,,160000000,,28.02,,,,,,,,,,,,,,,,,,,,,,true,true,6,2017-04-01,2017-09-30,0
2017-07-31,58200,2018-03-31,1,9350000000,0.067,,,,,510000000,0.008,490000000,0.013,,330000000,,288.99,,,,,,,,,,,,,,,,,,,,,,true,true,12,2017-04-01,2018-03-31,0
2017-07-31,58200,2017-03-31,1,,,,,,,,,,,,,,,,,,,,9139000000,4662000000,0.510,816.70,4662000000,,,,,,,,,,,,true,false,12,2016-04-01,2017-03-31,-1
2017-07-31,58200,2017-03-31,1,,,,,,,,,,,,,,,,,,,,,,,,,,,,,13.00,,,,6333276,623755,,false,false,12,2016-04-01,2017-03-31,-1
2017-07-31,58200,2018-03-31,1,,,,,,,,,,,,,,,,,,,,,,,,,,,,,40.00,,,,,,,false,true,12,2017-04-01,2018-03-31,0
2017-07-31,58200,2018-03-31,1,,,,,,,,,,,,,,,,,,,,,,,,,,,,,,,,,6333276,623755,5709521,false,false,3,2017-04-01,2017-06-30,0
2017-07-31,58200,2017-03-31,1,,,,,,,,,,,,,,,,,,,,,,,,,,,,,,,,,,,5712228,false,false,3,2016-04-01,2016-06-30,-1
2017-10-31,58200,2018-03-31,2,4508000000,0.067,,,,,231000000,-0.169,226000000,-0.060,,337000000,,295.19,,,,,,9209000000,4957000000,0.538,4341.67,4957000000,,,,,,,,,,,,true,false,6,2017-04-01,2017-09-30,0
2017-10-31,58200,2017-03-31,2,4225000000,-0.117,,,,,277000000,2.058,241000000,1.762,,162000000,,141.85,,,,,,,,,,,,,,,,,,,,,,true,false,6,2016-04-01,2016-09-30,-1
2017-10-31,58200,2018-03-31,2,9350000000,0.067,,,,,510000000,0.008,490000000,0.013,,330000000,,288.99,,,,,,,,,,,,,,,,,,,,,,true,true,12,2017-04-01,2018-03-31,0
2017-10-31,58200,2017-03-31,2,,,,,,,,,,,,,,,,,,,,9139000000,4662000000,0.510,4081.57,4662000000,,,,,,,,,,,,true,false,12,2016-04-01,2017-03-31,-1
2017-10-31,58200,2017-03-31,2,,,,,,,,,,,,,,,,,,,,,,,,,,,,,13.00,,,,1266655,124751,,false,false,12,2016-04-01,2017-03-31,-1
2017-10-31,58200,2018-03-31,2,,,,,,,,,,,,,,,,,,,,,,,,,,,,,0.00,,,,,,,false,false,12,2017-04-01,2018-03-31,0
2017-10-31,58200,2018-03-31,2,,,,,,,,,,,,,,,,,,,,,,,,,,,,,40.00,,,,,,,false,true,12,2017-04-01,2018-03-31,0
2017-10-31,58200,2018-03-31,2,,,,,,,,,,,,,,,,,,,,,,,,,,,,,,,,,1266655,124751,1141904,false,false,6,2017-04-01,2017-09-30,0
2017-10-31,58200,2017-03-31,2,,,,,,,,,,,,,,,,,,,,,,,,,,,,,,,,,,,1142445,false,false,6,2016-04-01,2016-09-30,-1
2017-10-31,58200,2018-03-31,,4508000000,-0.024,,,,,231000000,0.000,226000000,-0.058,,337000000,,295.19,,,,,,,,,,,,,,,,,,,,,,true,true,6,2017-04-01,2017-09-30,0
2017-10-31,58200,2017-03-31,,4225000000,,,,,,277000000,,241000000,,,162000000,,141.85,,,,,,,,,,,,,,,,,,,,,,true,false,6,2016-04-01,2016-09-30,-1
2017-10-31,58200,2018-03-31,,4130000000,-0.040,,,,,162000000,-0.220,183000000,-0.168,310000000,,1.214,271.90,,,,,,,,,,,,,,,,,,,,,,false,true,6,2017-04-01,2017-09-30,0
2017-10-31,58200,2017-03-31,,3898000000,,,,,,211000000,,210000000,,136000000,,,119.91,,,,,,,,,,,,,,,,,,,,,,false,false,6,2016-04-01,2016-09-30,-1
2018-01-31,58200,2018-03-31,3,6968000000,0.077,,,,,358000000,-0.211,359000000,-0.127,,461000000,,403.82,,,,,,9270000000,5146000000,0.555,4507.18,5146000000,,,,,,,,,,,,true,false,9,2017-04-01,2017-12-31,0
2018-01-31,58200,2017-03-31,3,6470000000,-0.104,,,,,454000000,1.481,411000000,1.765,,297000000,,260.63,,,,,,,,,,,,,,,,,,,,,,true,false,9,2016-04-01,2016-12-31,-1
2018-01-31,58200,2018-03-31,3,9350000000,0.067,,,,,510000000,0.008,490000000,0.013,,330000000,,288.98,,,,,,,,,,,,,,,,,,,,,,true,true,12,2017-04-01,2018-03-31,0
2018-01-31,58200,2017-03-31,3,,,,,,,,,,,,,,,,,,,,9139000000,4662000000,0.510,4083.51,4662000000,,,,,,,,,,,,true,false,12,2016-04-01,2017-03-31,-1
2018-01-31,58200,2017-03-31,3,,,,,,,,,,,,,,,,,,,,,,,,,,,,,13.00,,,,1266655,124751,,false,false,12,2016-04-01,2017-03-31,-1
2018-01-31,58200,2018-03-31,3,,,,,,,,,,,,,,,,,,,,,,,,,,,,,0.00,,,,,,,false,false,12,2017-04-01,2018-03-31,0
2018-01-31,58200,2018-03-31,3,,,,,,,,,,,,,,,,,,,,,,,,,,,,,40.00,,,,,,,false,true,12,2017-04-01,2018-03-31,0
2018-01-31,58200,2018-03-31,3,,,,,,,,,,,,,,,,,,,,,,,,,,,,,,,,,1266655,124718,1141909,false,false,9,2017-04-01,2017-12-31,0
2018-01-31,58200,2017-03-31,3,,,,,,,,,,,,,,,,,,,,,,,,,,,,,,,,,,,1142416,false,false,9,2016-04-01,2016-12-31,-1
2018-05-11,58200,2018-03-31,,9257000000,0.057,,,,,341000000,-0.324,344000000,-0.288,,493000000,,431.98,,0.100,0.037,0.037,,9491000000,5172000000,0.545,4529.77,5172000000,109000000,59000000,-442000000,1090000000,,0.116,,,,,,true,false,12,2017-04-01,2018-03-31,0
2018-05-11,58200,2017-03-31,,8762000000,-0.071,,,,,505000000,0.994,483000000,1.201,,358000000,,313.49,,0.080,0.052,0.058,,9139000000,4662000000,0.510,4083.51,4662000000,766000000,-51000000,-800000000,1362000000,,0.207,,,,,,true,false,12,2016-04-01,2017-03-31,-1
2018-05-11,58200,2019-03-31,,4610000000,0.022,,,,,170000000,-0.264,190000000,-0.163,,140000000,,122.60,,,,,,,,,,,,,,,,,,,,,,true,true,6,2018-04-01,2018-09-30,1
2018-05-11,58200,2019-03-31,,9330000000,0.008,,,,,400000000,0.170,390000000,0.132,,630000000,,551.70,,,,,,,,,,,,,,,,0.091,,,,,,true,true,12,2018-04-01,2019-03-31,1
2018-05-11,58200,2018-03-31,,8454000000,0.043,,,,,236000000,-0.440,261000000,-0.381,445000000,,0.456,390.42,,,,,,9242000000,5186000000,0.561,4541.62,5186000000,,,,,50.00,,,,1266655,124738,1141916,false,false,12,2017-04-01,2018-03-31,0
2018-05-11,58200,2017-03-31,,8103000000,-0.055,,,,,422000000,0.690,422000000,0.574,306000000,,0.192,268.06,,,,,,9035000000,4740000000,0.525,4151.74,4740000000,,,,,13.00,,,,1266655,124751,1142325,false,false,12,2016-04-01,2017-03-31,-1
2018-05-11,58200,2019-03-31,,4220000000,0.022,,,,,140000000,-0.138,160000000,-0.126,110000000,,-0.646,96.33,,,,,,,,,,,,,,,,,,,,,,false,true,6,2018-04-01,2018-09-30,1
2018-05-11,58200,2019-03-31,,8540000000,0.010,,,,,310000000,0.311,330000000,0.262,580000000,,0.301,507.92,,,,,,,,,,,,,,,50.00,,,,,,,false,true,12,2018-04-01,2019-03-31,1
2018-07-31,58200,2019-03-31,1,2236000000,0.021,,,,,90000000,-0.180,76000000,-0.279,,46000000,,40.34,,,,,,9739000000,5131000000,0.527,,5131000000,,,,,,,,,,,,true,false,3,2018-04-01,2018-06-30,0
2018-07-31,58200,2018-03-31,1,2189000000,0.045,,,,,110000000,-0.011,105000000,0.003,,70000000,,61.61,,,,,,,,,,,,,,,,,,,,,,true,false,3,2017-04-01,2017-06-30,-1
2018-07-31,58200,2019-03-31,1,4610000000,0.022,,,,,170000000,-0.264,190000000,-0.163,,140000000,,122.60,,,,,,,,,,,,,,,,,,,,,,true,true,6,2018-04-01,2018-09-30,0
2018-07-31,58200,2019-03-31,1,9330000000,0.008,,,,,400000000,0.170,390000000,0.132,,630000000,,551.70,,,,,,,,,,,,,,,,,,,,,,true,true,12,2018-04-01,2019-03-31,0
2018-07-31,58200,2018-03-31,1,,,,,,,,,,,,,,,,,,,,9491000000,5172000000,0.545,,5172000000,,,,,,,,,,,,true,false,12,2017-04-01,2018-03-31,-1
2018-07-31,58200,2018-03-31,1,,,,,,,,,,,,,,,,,,,,,,,,,,,,,50.00,,,,1266655,124738,,false,false,12,2017-04-01,2018-03-31,-1
2018-07-31,58200,2019-03-31,1,,,,,,,,,,,,,,,,,,,,,,,,,,,,,50.00,,,,,,,false,true,12,2018-04-01,2019-03-31,0
2018-07-31,58200,2019-03-31,1,,,,,,,,,,,,,,,,,,,,,,,,,,,,,,,,,1266655,124738,1141917,false,false,3,2018-04-01,2018-06-30,0
2018-07-31,58200,2018-03-31,1,,,,,,,,,,,,,,,,,,,,,,,,,,,,,,,,,,,1141904,false,false,3,2017-04-01,2017-06-30,-1
2018-10-31,58200,2019-03-31,2,4495000000,-0.003,,,,,167000000,-0.273,165000000,-0.270,,101000000,,88.83,,,,,,9579000000,5191000000,0.542,,5191000000,,,,,,,,,,,,true,false,6,2018-04-01,2018-09-30,0
2018-10-31,58200,2018-03-31,2,4508000000,0.067,,,,,231000000,-0.169,226000000,-0.060,,337000000,,295.19,,,,,,,,,,,,,,,,,,,,,,true,false,6,2017-04-01,2017-09-30,-1
2018-10-31,58200,2019-03-31,2,9330000000,0.008,,,,,400000000,0.170,390000000,0.132,,630000000,,551.70,,,,,,,,,,,,,,,,,,,,,,true,true,12,2018-04-01,2019-03-31,0
2018-10-31,58200,2018-03-31,2,,,,,,,,,,,,,,,,,,,,9491000000,5172000000,0.545,,5172000000,,,,,,,,,,,,true,false,12,2017-04-01,2018-03-31,-1
2018-10-31,58200,2018-03-31,2,,,,,,,,,,,,,,,,,,,,,,,,,,,,,50.00,,,,1266655,124738,,false,false,12,2017-04-01,2018-03-31,-1
2018-10-31,58200,2019-03-31,2,,,,,,,,,,,,,,,,,,,,,,,,,,,,,0.00,,,,,,,false,false,12,2018-04-01,2019-03-31,0
2018-10-31,58200,2019-03-31,2,,,,,,,,,,,,,,,,,,,,,,,,,,,,,50.00,,,,,,,false,true,12,2018-04-01,2019-03-31,0
2018-10-31,58200,2019-03-31,2,,,,,,,,,,,,,,,,,,,,,,,,,,,,,,,,,1266655,124738,1141917,false,false,6,2018-04-01,2018-09-30,0
2018-10-31,58200,2018-03-31,2,,,,,,,,,,,,,,,,,,,,,,,,,,,,,,,,,,,1141904,false,false,6,2017-04-01,2017-09-30,-1
2019-01-31,58200,2019-03-31,3,6920000000,-0.007,,,,,269000000,-0.246,279000000,-0.221,,174000000,,152.87,,,,,,9709000000,5195000000,0.535,,5195000000,,,,,,,,,,,,true,false,9,2018-04-01,2018-12-31,0
2019-01-31,58200,2018-03-31,3,6968000000,0.077,,,,,358000000,-0.211,359000000,-0.127,,461000000,,403.82,,,,,,,,,,,,,,,,,,,,,,true,false,9,2017-04-01,2017-12-31,-1
2019-01-31,58200,2019-03-31,3,9330000000,0.008,,,,,400000000,0.170,390000000,0.132,,630000000,,551.70,,,,,,,,,,,,,,,,,,,,,,true,true,12,2018-04-01,2019-03-31,0
2019-01-31,58200,2018-03-31,3,,,,,,,,,,,,,,,,,,,,9491000000,5172000000,0.545,,5172000000,,,,,,,,,,,,true,false,12,2017-04-01,2018-03-31,-1
2019-01-31,58200,2018-03-31,3,,,,,,,,,,,,,,,,,,,,,,,,,,,,,50.00,,,,1266655,124738,,false,false,12,2017-04-01,2018-03-31,-1
2019-01-31,58200,2019-03-31,3,,,,,,,,,,,,,,,,,,,,,,,,,,,,,60.00,,,,,,,false,true,12,2018-04-01,2019-03-31,0
2019-01-31,58200,2019-03-31,3,,,,,,,,,,,,,,,,,,,,,,,,,,,,,,,,,1266655,124739,1141917,false,false,9,2018-04-01,2018-12-31,0
2019-01-31,58200,2018-03-31,3,,,,,,,,,,,,,,,,,,,,,,,,,,,,,,,,,,,1141909,false,false,9,2017-04-01,2017-12-31,-1
2019-05-15,58200,2019-03-31,,9164000000,-0.010,,,,,282000000,-0.172,298000000,-0.134,,613000000,,537.24,,0.113,0.030,0.031,,10311000000,5656000000,0.549,4953.52,5656000000,13000000,411000000,142000000,1673000000,,0.112,,,,,,true,false,12,2018-04-01,2019-03-31,0
2019-05-15,58200,2018-03-31,,9257000000,0.057,,,,,341000000,-0.324,344000000,-0.288,,493000000,,431.98,,0.100,0.037,0.037,,9491000000,5172000000,0.545,4529.77,5172000000,109000000,59000000,-442000000,1090000000,,0.116,,,,,,true,false,12,2017-04-01,2018-03-31,-1
2019-05-15,58200,2020-03-31,,4430000000,-0.015,,,,,120000000,-0.286,140000000,-0.156,,90000000,,78.82,,,,,,,,,,,,,,,,,,,,,,true,true,6,2019-04-01,2019-09-30,1
2019-05-15,58200,2020-03-31,,9000000000,-0.018,,,,,260000000,-0.081,270000000,-0.094,,200000000,,175.15,,,,,,,,,,,,,,,,0.285,,,,,,true,true,12,2019-04-01,2020-03-31,1
2019-05-15,58200,2018-03-31,,,,,,,,,,,,,,,,,,,,,,,,,,,,,,50.00,,,,1266655,124738,1141916,false,false,12,2017-04-01,2018-03-31,-1
2019-05-15,58200,2019-03-31,,,,,,,,,,,,,,,,,,,,,,,,,,,,,,60.00,,,,1266655,124779,1141912,false,false,12,2018-04-01,2019-03-31,0
2019-05-15,58200,2020-03-31,,,,,,,,,,,,,,,,,,,,,,,,,,,,,,50.00,,,,,,,false,true,12,2019-04-01,2020-03-31,1
2019-07-31,58200,2020-03-31,1,2136000000,-0.045,,,,,60000000,-0.333,60000000,-0.206,,40000000,,35.55,,,,,,10094000000,5635000000,0.558,,5635000000,,,,,,,,,,,,true,false,3,2019-04-01,2019-06-30,0
2019-07-31,58200,2019-03-31,1,2236000000,0.021,,,,,90000000,-0.180,76000000,-0.279,,46000000,,40.34,,,,,,,,,,,,,,,,,,,,,,true,false,3,2018-04-01,2018-06-30,-1
2019-07-31,58200,2020-03-31,1,4430000000,-0.015,,,,,120000000,-0.286,140000000,-0.156,,90000000,,78.82,,,,,,,,,,,,,,,,,,,,,,true,true,6,2019-04-01,2019-09-30,0
2019-07-31,58200,2020-03-31,1,9000000000,-0.018,,,,,260000000,-0.081,270000000,-0.094,,200000000,,175.15,,,,,,,,,,,,,,,,,,,,,,true,true,12,2019-04-01,2020-03-31,0
2019-07-31,58200,2019-03-31,1,,,,,,,,,,,,,,,,,,,,10311000000,5656000000,0.549,,5656000000,,,,,,,,,,,,true,false,12,2018-04-01,2019-03-31,-1
2019-07-31,58200,2019-03-31,1,,,,,,,,,,,,,,,,,,,,,,,,,,,,,60.00,,,,1266655,124779,,false,false,12,2018-04-01,2019-03-31,-1
2019-07-31,58200,2020-03-31,1,,,,,,,,,,,,,,,,,,,,,,,,,,,,,50.00,,,,,,,false,true,12,2019-04-01,2020-03-31,0
2019-07-31,58200,2020-03-31,1,,,,,,,,,,,,,,,,,,,,,,,,,,,,,,,,,1266655,124779,1141876,false,false,3,2019-04-01,2019-06-30,0
2019-07-31,58200,2019-03-31,1,,,,,,,,,,,,,,,,,,,,,,,,,,,,,,,,,,,1141917,false,false,3,2018-04-01,2018-06-30,-1
2019-10-31,58200,2020-03-31,2,4308000000,-0.042,,,,,120000000,-0.282,118000000,-0.285,,85000000,,74.80,,,,,,10066000000,5680000000,0.564,,5680000000,,,,,,,,,,,,true,false,6,2019-04-01,2019-09-30,0
2019-10-31,58200,2019-03-31,2,4495000000,-0.003,,,,,167000000,-0.273,165000000,-0.270,,101000000,,88.83,,,,,,,,,,,,,,,,,,,,,,true,false,6,2018-04-01,2018-09-30,-1
2019-10-31,58200,2020-03-31,2,9000000000,-0.018,,,,,260000000,-0.081,270000000,-0.094,,200000000,,175.15,,,,,,,,,,,,,,,,,,,,,,true,true,12,2019-04-01,2020-03-31,0
2019-10-31,58200,2019-03-31,2,,,,,,,,,,,,,,,,,,,,10311000000,5656000000,0.549,,5656000000,,,,,,,,,,,,true,false,12,2018-04-01,2019-03-31,-1
2019-10-31,58200,2019-03-31,2,,,,,,,,,,,,,,,,,,,,,,,,,,,,,60.00,,,,1266655,124779,,false,false,12,2018-04-01,2019-03-31,-1
2019-10-31,58200,2020-03-31,2,,,,,,,,,,,,,,,,,,,,,,,,,,,,,0.00,,,,,,,false,false,12,2019-04-01,2020-03-31,0
2019-10-31,58200,2020-03-31,2,,,,,,,,,,,,,,,,,,,,,,,,,,,,,50.00,,,,,,,false,true,12,2019-04-01,2020-03-31,0
2019-10-31,58200,2020-03-31,2,,,,,,,,,,,,,,,,,,,,,,,,,,,,,,,,,1266655,124779,1141876,false,false,6,2019-04-01,2019-09-30,0
2019-10-31,58200,2019-03-31,2,,,,,,,,,,,,,,,,,,,,,,,,,,,,,,,,,,,1141917,false,false,6,2018-04-01,2018-09-30,-1
2020-01-31,58200,2020-03-31,3,6512000000,-0.059,,,,,179000000,-0.335,178000000,-0.360,,143000000,,125.63,,,,,,10013000000,5776000000,0.577,,5776000000,,,,,,,,,,,,true,false,9,2019-04-01,2019-12-31,0
2020-01-31,58200,2019-03-31,3,6920000000,-0.007,,,,,269000000,-0.246,279000000,-0.221,,174000000,,152.87,,,,,,,,,,,,,,,,,,,,,,true,false,9,2018-04-01,2018-12-31,-1
2020-01-31,58200,2020-03-31,3,9000000000,-0.018,,,,,260000000,-0.081,270000000,-0.094,,200000000,,175.15,,,,,,,,,,,,,,,,,,,,,,true,true,12,2019-04-01,2020-03-31,0
2020-01-31,58200,2019-03-31,3,,,,,,,,,,,,,,,,,,,,10311000000,5656000000,0.549,,5656000000,,,,,,,,,,,,true,false,12,2018-04-01,2019-03-31,-1
2020-01-31,58200,2019-03-31,3,,,,,,,,,,,,,,,,,,,,,,,,,,,,,60.00,,,,1266655,124779,,false,false,12,2018-04-01,2019-03-31,-1
2020-01-31,58200,2020-03-31,3,,,,,,,,,,,,,,,,,,,,,,,,,,,,,0.00,,,,,,,false,false,12,2019-04-01,2020-03-31,0
2020-01-31,58200,2020-03-31,3,,,,,,,,,,,,,,,,,,,,,,,,,,,,,50.00,,,,,,,false,true,12,2019-04-01,2020-03-31,0
2020-01-31,58200,2020-03-31,3,,,,,,,,,,,,,,,,,,,,,,,,,,,,,,,,,1266655,124779,1141876,false,false,9,2019-04-01,2019-12-31,0
2020-01-31,58200,2019-03-31,3,,,,,,,,,,,,,,,,,,,,,,,,,,,,,,,,,,,1141917,false,false,9,2018-04-01,2018-12-31,-1
2020-05-22,58200,2020-03-31,,8522000000,-0.070,,,,,201000000,-0.286,216000000,-0.274,,184000000,,161.97,,0.033,0.022,0.024,,9668000000,5683000000,0.588,4977.05,5683000000,249000000,-334000000,-152000000,1431000000,,0.309,,,,,,true,false,12,2019-04-01,2020-03-31,0
2020-05-22,58200,2019-03-31,,9164000000,-0.010,,,,,282000000,-0.172,298000000,-0.134,,613000000,,537.24,,0.113,0.030,0.031,,10311000000,5656000000,0.549,4953.52,5656000000,13000000,411000000,142000000,1673000000,,0.112,,,,,,true,false,12,2018-04-01,2019-03-31,-1
2020-05-22,58200,2019-03-31,,,,,,,,,,,,,,,,,,,,,,,,,,,,,,60.00,,,,1266655,124779,1141912,false,false,12,2018-04-01,2019-03-31,-1
2020-05-22,58200,2020-03-31,,,,,,,,,,,,,,,,,,,,,,,,,,,,,,50.00,,,,1266655,124779,1141876,false,false,12,2019-04-01,2020-03-31,0
2020-05-22,58200,2021-03-31,,,,,,,,,,,,,,,,,,,,,,,,,,,,,,50.00,,,,,,,false,true,12,2020-04-01,2021-03-31,1
2020-07-31,58200,2021-03-31,1,1744000000,-0.184,,,,,15000000,-0.747,46000000,-0.241,,29000000,,25.79,,,,,,9345000000,5688000000,0.609,,5688000000,,,,,,,,,,,,true,false,3,2020-04-01,2020-06-30,0
2020-07-31,58200,2020-03-31,1,2136000000,-0.045,,,,,60000000,-0.333,60000000,-0.206,,40000000,,35.55,,,,,,,,,,,,,,,,,,,,,,true,false,3,2019-04-01,2019-06-30,-1
2020-07-31,58200,2020-03-31,1,,,,,,,,,,,,,,,,,,,,9668000000,5683000000,0.588,,5683000000,,,,,,,,,,,,true,false,12,2019-04-01,2020-03-31,-1
2020-07-31,58200,2020-03-31,1,,,,,,,,,,,,,,,,,,,,,,,,,,,,,50.00,,,,1266655,124779,,false,false,12,2019-04-01,2020-03-31,-1
2020-07-31,58200,2021-03-31,1,,,,,,,,,,,,,,,,,,,,,,,,,,,,,50.00,,,,,,,false,true,12,2020-04-01,2021-03-31,0
2020-07-31,58200,2021-03-31,1,,,,,,,,,,,,,,,,,,,,,,,,,,,,,,,,,1266655,124779,1141876,false,false,3,2020-04-01,2020-06-30,0
2020-07-31,58200,2020-03-31,1,,,,,,,,,,,,,,,,,,,,,,,,,,,,,,,,,,,1141876,false,false,3,2019-04-01,2019-06-30,-1
2020-10-30,58200,2021-03-31,2,3538000000,-0.179,,,,,81000000,-0.323,131000000,0.111,,91000000,,79.76,,,,,,9428000000,5792000000,0.614,,5792000000,,,,,,,,,,,,true,false,6,2020-04-01,2020-09-30,0
2020-10-30,58200,2020-03-31,2,4308000000,-0.042,,,,,120000000,-0.282,118000000,-0.285,,85000000,,74.80,,,,,,,,,,,,,,,,,,,,,,true,false,6,2019-04-01,2019-09-30,-1
2020-10-30,58200,2021-03-31,2,7220000000,-0.153,,,,,140000000,-0.307,185000000,-0.145,,130000000,,113.77,,,,,,,,,,,,,,,,,,,,,,true,true,12,2020-04-01,2021-03-31,0
2020-10-30,58200,2020-03-31,2,,,,,,,,,,,,,,,,,,,,9668000000,5683000000,0.588,,5683000000,,,,,,,,,,,,true,false,12,2019-04-01,2020-03-31,-1
2020-10-30,58200,2020-03-31,2,,,,,,,,,,,,,,,,,,,,,,,,,,,,,50.00,,,,1266655,124779,,false,false,12,2019-04-01,2020-03-31,-1
2020-10-30,58200,2021-03-31,2,,,,,,,,,,,,,,,,,,,,,,,,,,,,,0.00,,,,,,,false,false,12,2020-04-01,2021-03-31,0
2020-10-30,58200,2021-03-31,2,,,,,,,,,,,,,,,,,,,,,,,,,,,,,50.00,,,,,,,false,true,12,2020-04-01,2021-03-31,0
2020-10-30,58200,2021-03-31,2,,,,,,,,,,,,,,,,,,,,,,,,,,,,,,,,,1266655,122822,1142702,false,false,6,2020-04-01,2020-09-30,0
2020-10-30,58200,2020-03-31,2,,,,,,,,,,,,,,,,,,,,,,,,,,,,,,,,,,,1141876,false,false,6,2019-04-01,2019-09-30,-1
2021-01-29,58200,2021-03-31,3,5576000000,-0.144,,,,,169000000,-0.058,243000000,0.364,,170000000,,148.78,,,,,,9823000000,5871000000,0.598,,5871000000,,,,,,,,,,,,true,false,9,2020-04-01,2020-12-31,0
2021-01-29,58200,2020-03-31,3,6512000000,-0.059,,,,,179000000,-0.335,178000000,-0.360,,143000000,,125.63,,,,,,,,,,,,,,,,,,,,,,true,false,9,2019-04-01,2019-12-31,-1
2021-01-29,58200,2021-03-31,3,7220000000,-0.153,,,,,140000000,-0.307,185000000,-0.145,,130000000,,113.73,,,,,,,,,,,,,,,,,,,,,,true,true,12,2020-04-01,2021-03-31,0
2021-01-29,58200,2020-03-31,3,,,,,,,,,,,,,,,,,,,,9668000000,5683000000,0.588,,5683000000,,,,,,,,,,,,true,false,12,2019-04-01,2020-03-31,-1
2021-01-29,58200,2020-03-31,3,,,,,,,,,,,,,,,,,,,,,,,,,,,,,50.00,,,,1266655,124779,,false,false,12,2019-04-01,2020-03-31,-1
2021-01-29,58200,2021-03-31,3,,,,,,,,,,,,,,,,,,,,,,,,,,,,,0.00,,,,,,,false,false,12,2020-04-01,2021-03-31,0
2021-01-29,58200,2021-03-31,3,,,,,,,,,,,,,,,,,,,,,,,,,,,,,50.00,,,,,,,false,true,12,2020-04-01,2021-03-31,0
2021-01-29,58200,2021-03-31,3,,,,,,,,,,,,,,,,,,,,,,,,,,,,,,,,,1266655,122874,1143074,false,false,9,2020-04-01,2020-12-31,0
2021-01-29,58200,2020-03-31,3,,,,,,,,,,,,,,,,,,,,,,,,,,,,,,,,,,,1141876,false,false,9,2019-04-01,2019-12-31,-1
2021-04-23,58200,2021-03-31,,7637000000,0.058,,,,,196000000,0.400,280000000,0.514,,187000000,,163.86,,,,,,,,,,,,,,,,,,,,,,true,true,12,2020-04-01,2021-03-31,0
2021-04-23,58200,2020-03-31,,8522000000,,,,,,201000000,,216000000,,,184000000,,161.97,,,,,,,,,,,,,,,,,,,,,,true,false,12,2019-04-01,2020-03-31,-1
2021-05-13,58200,2021-03-31,,7637000000,-0.104,,,,,197000000,-0.023,281000000,0.300,,188000000,,164.82,,0.032,0.029,0.026,,9979000000,5959000000,0.597,5210.66,5959000000,632000000,-85000000,-224000000,1752000000,,0.305,,,,,,true,false,12,2020-04-01,2021-03-31,0
2021-05-13,58200,2020-03-31,,8522000000,-0.070,,,,,201000000,-0.286,216000000,-0.274,,184000000,,161.97,,0.033,0.022,0.024,,9668000000,5683000000,0.588,4977.05,5683000000,249000000,-334000000,-152000000,1431000000,,0.309,,,,,,true,false,12,2019-04-01,2020-03-31,-1
2021-05-13,58200,2022-03-31,,4200000000,0.187,,,,,130000000,0.593,130000000,-0.013,,140000000,,122.40,,,,,,,,,,,,,,,,,,,,,,true,true,6,2021-04-01,2021-09-30,1
2021-05-13,58200,2022-03-31,,8700000000,0.139,,,,,280000000,0.427,280000000,-0.001,,250000000,,218.58,,,,,,,,,,,,,,,,0.229,,,,,,true,true,12,2021-04-01,2022-03-31,1
2021-05-13,58200,2020-03-31,,,,,,,,,,,,,,,,,,,,,,,,,,,,,,50.00,,,,1266655,124779,1141876,false,false,12,2019-04-01,2020-03-31,-1
2021-05-13,58200,2021-03-31,,,,,,,,,,,,,,,,,,,,,,,,,,,,,,50.00,,,,1266655,122914,1143242,false,false,12,2020-04-01,2021-03-31,0
2021-05-13,58200,2022-03-31,,,,,,,,,,,,,,,,,,,,,,,,,,,,,,50.00,,,,,,,false,true,12,2021-04-01,2022-03-31,1
2021-07-30,58200,2022-03-31,1,2069000000,0.186,,,,,47000000,2.143,67000000,0.461,,49000000,,43.37,,,,,,10064000000,5958000000,0.592,,5958000000,,,,,,,,,,,,true,false,3,2021-04-01,2021-06-30,0
2021-07-30,58200,2021-03-31,1,1744000000,-0.184,,,,,15000000,-0.747,46000000,-0.241,,29000000,,25.79,,,,,,,,,,,,,,,,,,,,,,true,false,3,2020-04-01,2020-06-30,-1
2021-07-30,58200,2022-03-31,1,4200000000,0.187,,,,,130000000,0.593,130000000,-0.012,,140000000,,122.40,,,,,,,,,,,,,,,,,,,,,,true,true,6,2021-04-01,2021-09-30,0
2021-07-30,58200,2022-03-31,1,8700000000,0.139,,,,,280000000,0.419,280000000,-0.005,,250000000,,218.58,,,,,,,,,,,,,,,,,,,,,,true,true,12,2021-04-01,2022-03-31,0
2021-07-30,58200,2021-03-31,1,,,,,,,,,,,,,,,,,,,,9979000000,5959000000,0.597,,5959000000,,,,,,,,,,,,true,false,12,2020-04-01,2021-03-31,-1
2021-07-30,58200,2021-03-31,1,,,,,,,,,,,,,,,,,,,,,,,,,,,,,50.00,,,,1266655,122914,,false,false,12,2020-04-01,2021-03-31,-1
2021-07-30,58200,2022-03-31,1,,,,,,,,,,,,,,,,,,,,,,,,,,,,,50.00,,,,,,,false,true,12,2021-04-01,2022-03-31,0
2021-07-30,58200,2022-03-31,1,,,,,,,,,,,,,,,,,,,,,,,,,,,,,,,,,1266655,122844,1143771,false,false,3,2021-04-01,2021-06-30,0
2021-07-30,58200,2021-03-31,1,,,,,,,,,,,,,,,,,,,,,,,,,,,,,,,,,,,1141876,false,false,3,2020-04-01,2020-06-30,-1
2021-10-29,58200,2022-03-31,2,4353000000,0.231,,,,,123000000,0.509,161000000,0.229,,175000000,,153.17,,,,,,10420000000,6082000000,0.584,,6082000000,,,,,,,,,,,,true,false,6,2021-04-01,2021-09-30,0
2021-10-29,58200,2021-03-31,2,3538000000,-0.179,,,,,81000000,-0.323,131000000,0.111,,91000000,,79.76,,,,,,,,,,,,,,,,,,,,,,true,false,6,2020-04-01,2020-09-30,-1
2021-10-29,58200,2022-03-31,2,8700000000,0.139,,,,,280000000,0.419,280000000,-0.005,,250000000,,218.22,,,,,,,,,,,,,,,,,,,,,,true,true,12,2021-04-01,2022-03-31,0
2021-10-29,58200,2021-03-31,2,,,,,,,,,,,,,,,,,,,,9979000000,5959000000,0.597,,5959000000,,,,,,,,,,,,true,false,12,2020-04-01,2021-03-31,-1
2021-10-29,58200,2021-03-31,2,,,,,,,,,,,,,,,,,,,,,,,,,,,,,50.00,,,,1266655,122914,,false,false,12,2020-04-01,2021-03-31,-1
2021-10-29,58200,2022-03-31,2,,,,,,,,,,,,,,,,,,,,,,,,,,,,,0.00,,,,,,,false,false,12,2021-04-01,2022-03-31,0
2021-10-29,58200,2022-03-31,2,,,,,,,,,,,,,,,,,,,,,,,,,,,,,50.00,,,,,,,false,true,12,2021-04-01,2022-03-31,0
2021-10-29,58200,2022-03-31,2,,,,,,,,,,,,,,,,,,,,,,,,,,,,,,,,,1266655,121006,1144528,false,false,6,2021-04-01,2021-09-30,0
2021-10-29,58200,2021-03-31,2,,,,,,,,,,,,,,,,,,,,,,,,,,,,,,,,,,,1141869,false,false,6,2020-04-01,2020-09-30,-1
2022-01-31,58200,2022-03-31,3,6916000000,0.240,,,,,215000000,0.271,257000000,0.055,,260000000,,227.19,,,,,,10741000000,6165000000,0.574,,6165000000,,,,,,,,,,,,true,false,9,2021-04-01,2021-12-31,0
2022-01-31,58200,2021-03-31,3,5576000000,-0.144,,,,,169000000,-0.058,243000000,0.364,,170000000,,148.78,,,,,,,,,,,,,,,,,,,,,,true,false,9,2020-04-01,2020-12-31,-1
2022-01-31,58200,2022-03-31,3,8700000000,0.139,,,,,280000000,0.419,280000000,-0.005,,250000000,,218.22,,,,,,,,,,,,,,,,,,,,,,true,true,12,2021-04-01,2022-03-31,0
2022-01-31,58200,2021-03-31,3,,,,,,,,,,,,,,,,,,,,9979000000,5959000000,0.597,,5959000000,,,,,,,,,,,,true,false,12,2020-04-01,2021-03-31,-1
2022-01-31,58200,2021-03-31,3,,,,,,,,,,,,,,,,,,,,,,,,,,,,,50.00,,,,1266655,122914,,false,false,12,2020-04-01,2021-03-31,-1
2022-01-31,58200,2022-03-31,3,,,,,,,,,,,,,,,,,,,,,,,,,,,,,0.00,,,,,,,false,false,12,2021-04-01,2022-03-31,0
2022-01-31,58200,2022-03-31,3,,,,,,,,,,,,,,,,,,,,,,,,,,,,,50.00,,,,,,,false,true,12,2021-04-01,2022-03-31,0
2022-01-31,58200,2022-03-31,3,,,,,,,,,,,,,,,,,,,,,,,,,,,,,,,,,1266655,121006,1144902,false,false,9,2021-04-01,2021-12-31,0
2022-01-31,58200,2021-03-31,3,,,,,,,,,,,,,,,,,,,,,,,,,,,,,,,,,,,1143074,false,false,9,2020-04-01,2020-12-31,-1
2022-05-13,58200,2022-03-31,,9187000000,0.203,,,,,237000000,0.204,302000000,0.073,,281000000,,245.46,,0.046,0.030,0.026,,10419000000,6170000000,0.592,5386.13,6170000000,-352000000,28000000,-348000000,1071000000,,0.244,,,,,,true,false,12,2021-04-01,2022-03-31,0
2022-05-13,58200,2021-03-31,,7637000000,-0.104,,,,,197000000,-0.023,281000000,0.300,,188000000,,164.82,,0.032,0.029,0.026,,9979000000,5959000000,0.597,5210.66,5959000000,632000000,-85000000,-224000000,1752000000,,0.305,,,,,,true,false,12,2020-04-01,2021-03-31,-1
2022-05-13,58200,2023-03-31,,4500000000,0.034,,,,,125000000,0.015,165000000,0.020,,30000000,,26.19,,,,,,,,,,,,,,,,,,,,,,true,true,6,2022-04-01,2022-09-30,1
2022-05-13,58200,2023-03-31,,9500000000,0.034,,,,,250000000,0.053,315000000,0.043,,145000000,,126.57,,,,,,,,,,,,,,,,0.395,,,,,,true,true,12,2022-04-01,2023-03-31,1
2022-05-13,58200,2021-03-31,,,,,,,,,,,,,,,,,,,,,,,,,,,,,,50.00,,,,1266655,122914,1143242,false,false,12,2020-04-01,2021-03-31,-1
2022-05-13,58200,2022-03-31,,,,,,,,,,,,,,,,,,,,,,,,,,,,,,60.00,,,,1266655,121015,1145088,false,false,12,2021-04-01,2022-03-31,0
2022-05-13,58200,2023-03-31,,,,,,,,,,,,,,,,,,,,,,,,,,,,,,50.00,,,,,,,false,true,12,2022-04-01,2023-03-31,1
2022-07-29,58200,2023-03-31,1,2337000000,0.129,,,,,42000000,-0.116,62000000,-0.070,,-6000000,,-5.36,,,,,,10379000000,6045000000,0.582,,6045000000,,,,,,,,,,,,true,false,3,2022-04-01,2022-06-30,0
2022-07-29,58200,2022-03-31,1,2069000000,0.186,,,,,47000000,2.143,67000000,0.461,,49000000,,43.37,,,,,,,,,,,,,,,,,,,,,,true,false,3,2021-04-01,2021-06-30,-1
2022-07-29,58200,2023-03-31,1,4500000000,0.034,,,,,125000000,0.015,165000000,0.020,,30000000,,26.19,,,,,,,,,,,,,,,,,,,,,,true,true,6,2022-04-01,2022-09-30,0
2022-07-29,58200,2023-03-31,1,9500000000,0.034,,,,,250000000,0.053,315000000,0.043,,145000000,,126.57,,,,,,,,,,,,,,,,,,,,,,true,true,12,2022-04-01,2023-03-31,0
2022-07-29,58200,2022-03-31,1,,,,,,,,,,,,,,,,,,,,10419000000,6170000000,0.592,,6170000000,,,,,,,,,,,,true,false,12,2021-04-01,2022-03-31,-1
2022-07-29,58200,2022-03-31,1,,,,,,,,,,,,,,,,,,,,,,,,,,,,,60.00,,,,1266655,121015,,false,false,12,2021-04-01,2022-03-31,-1
2022-07-29,58200,2023-03-31,1,,,,,,,,,,,,,,,,,,,,,,,,,,,,,50.00,,,,,,,false,true,12,2022-04-01,2023-03-31,0
2022-07-29,58200,2023-03-31,1,,,,,,,,,,,,,,,,,,,,,,,,,,,,,,,,,1266655,121015,1145640,false,false,3,2022-04-01,2022-06-30,0
2022-07-29,58200,2022-03-31,1,,,,,,,,,,,,,,,,,,,,,,,,,,,,,,,,,,,1143771,false,false,3,2021-04-01,2021-06-30,-1
2022-10-03,58200,2023-03-31,,4800000000,0.067,,,,,90000000,-0.280,120000000,-0.273,,-140000000,,-122.20,,,,,,,,,,,,,,,,,,,,,,true,true,6,2022-04-01,2022-09-30,0
2022-10-03,58200,2022-03-31,,4353000000,,,,,,123000000,,161000000,,,175000000,,153.17,,,,,,,,,,,,,,,,,,,,,,true,false,6,2021-04-01,2021-09-30,-1
2022-10-03,58200,2023-03-31,,9800000000,0.032,,,,,250000000,0.000,285000000,-0.095,,10000000,,8.73,,,,,,,,,,,,,,,,,,,,,,true,true,12,2022-04-01,2023-03-31,0
2022-10-03,58200,2022-03-31,,9187000000,,,,,,237000000,,302000000,,,281000000,,245.46,,,,,,,,,,,,,,,,,,,,,,true,false,12,2021-04-01,2022-03-31,-1
2022-10-31,58200,2023-03-31,2,4877000000,0.120,,,,,95000000,-0.221,142000000,-0.117,,-107000000,,-93.56,,,,,,10888000000,5982000000,0.549,,5982000000,,,,,,,,,,,,true,false,6,2022-04-01,2022-09-30,0
2022-10-31,58200,2022-03-31,2,4353000000,0.231,,,,,123000000,0.509,161000000,0.229,,175000000,,153.17,,,,,,,,,,,,,,,,,,,,,,true,false,6,2021-04-01,2021-09-30,-1
2022-10-31,58200,2023-03-31,2,9800000000,0.067,,,,,250000000,0.053,285000000,-0.056,,10000000,,8.72,,,,,,,,,,,,,,,,,,,,,,true,true,12,2022-04-01,2023-03-31,0
2022-10-31,58200,2022-03-31,2,,,,,,,,,,,,,,,,,,,,10419000000,6170000000,0.592,,6170000000,,,,,,,,,,,,true,false,12,2021-04-01,2022-03-31,-1
2022-10-31,58200,2022-03-31,2,,,,,,,,,,,,,,,,,,,,,,,,,,,,,60.00,,,,1266655,121015,,false,false,12,2021-04-01,2022-03-31,-1
2022-10-31,58200,2023-03-31,2,,,,,,,,,,,,,,,,,,,,,,,,,,,,,0.00,,,,,,,false,false,12,2022-04-01,2023-03-31,0
2022-10-31,58200,2023-03-31,2,,,,,,,,,,,,,,,,,,,,,,,,,,,,,50.00,,,,,,,false,true,12,2022-04-01,2023-03-31,0
2022-10-31,58200,2023-03-31,2,,,,,,,,,,,,,,,,,,,,,,,,,,,,,,,,,1266655,119015,1146480,false,false,6,2022-04-01,2022-09-30,0
2022-10-31,58200,2022-03-31,2,,,,,,,,,,,,,,,,,,,,,,,,,,,,,,,,,,,1144528,false,false,6,2021-04-01,2021-09-30,-1
2023-01-31,58200,2023-03-31,3,7450000000,0.077,,,,,128000000,-0.400,174000000,-0.321,,-97000000,,-85.19,,,,,,11122000000,6039000000,0.543,,6039000000,,,,,,,,,,,,true,false,9,2022-04-01,2022-12-31,0
2023-01-31,58200,2022-03-31,3,6916000000,0.240,,,,,215000000,0.271,257000000,0.055,,260000000,,227.19,,,,,,,,,,,,,,,,,,,,,,true,false,9,2021-04-01,2021-12-31,-1
2023-01-31,58200,2023-03-31,3,9700000000,0.056,,,,,110000000,-0.537,150000000,-0.503,,-120000000,,-104.57,,,,,,,,,,,,,,,,,,,,,,true,true,12,2022-04-01,2023-03-31,0
2023-01-31,58200,2022-03-31,3,,,,,,,,,,,,,,,,,,,,10419000000,6170000000,0.592,,6170000000,,,,,,,,,,,,true,false,12,2021-04-01,2022-03-31,-1
2023-01-31,58200,2022-03-31,3,,,,,,,,,,,,,,,,,,,,,,,,,,,,,60.00,,,,1266655,121015,,false,false,12,2021-04-01,2022-03-31,-1
2023-01-31,58200,2023-03-31,3,,,,,,,,,,,,,,,,,,,,,,,,,,,,,0.00,,,,,,,false,false,12,2022-04-01,2023-03-31,0
2023-01-31,58200,2023-03-31,3,,,,,,,,,,,,,,,,,,,,,,,,,,,,,50.00,,,,,,,false,true,12,2022-04-01,2023-03-31,0
2023-01-31,58200,2023-03-31,3,,,,,,,,,,,,,,,,,,,,,,,,,,,,,,,,,1266655,119090,1146863,false,false,9,2022-04-01,2022-12-31,0
2023-01-31,58200,2022-03-31,3,,,,,,,,,,,,,,,,,,,,,,,,,,,,,,,,,,,1144902,false,false,9,2021-04-01,2021-12-31,-1
2023-05-12,58200,2023-03-31,,9946000000,0.083,,,,,155000000,-0.345,204000000,-0.323,,-68000000,,-59.54,,-0.011,0.019,0.016,,10950000000,6072000000,0.555,5294.45,6072000000,104000000,35000000,414000000,1616000000,,-0.840,,,,,,true,false,12,2022-04-01,2023-03-31,0
2023-05-12,58200,2022-03-31,,9187000000,0.203,,,,,237000000,0.204,302000000,0.073,,281000000,,245.46,,0.046,0.030,0.026,,10419000000,6170000000,0.592,5386.13,6170000000,-352000000,28000000,-348000000,1071000000,,0.244,,,,,,true,false,12,2021-04-01,2022-03-31,-1
2023-05-12,58200,2024-03-31,,5080000000,0.042,,,,,70000000,-0.270,75000000,-0.475,,65000000,,56.67,,,,,,,,,,,,,,,,,,,,,,true,true,6,2023-04-01,2023-09-30,1
2023-05-12,58200,2024-03-31,,10400000000,0.046,,,,,200000000,0.286,225000000,0.101,,170000000,,148.23,,,,,,,,,,,,,,,,0.115,,,,,,true,true,12,2023-04-01,2024-03-31,1
2023-05-12,58200,2022-03-31,,,,,,,,,,,,,,,,,,,,,,,,,,,,,,60.00,,,,1266655,121015,1145088,false,false,12,2021-04-01,2022-03-31,-1
2023-05-12,58200,2023-03-31,,,,,,,,,,,,,,,,,,,,,,,,,,,,,,50.00,,,,1266655,119757,1146732,false,false,12,2022-04-01,2023-03-31,0
2023-05-12,58200,2024-03-31,,,,,,,,,,,,,,,,,,,,,,,,,,,,,,17.00,,,,,,,false,true,12,2023-04-01,2024-03-31,1
2023-07-31,58200,2024-03-31,1,2409000000,0.031,,,,,-17000000,,-17000000,,,52000000,,15.37,,,,,,12110000000,6412000000,0.505,,6114000000,,,,,,,,,,,,true,false,3,2023-04-01,2023-06-30,0
2023-07-31,58200,2023-03-31,1,2337000000,0.129,,,,,42000000,-0.116,62000000,-0.070,,-6000000,,-1.79,,,,,,,,,,,,,,,,,,,,,,true,false,3,2022-04-01,2022-06-30,-1
2023-07-31,58200,2024-03-31,1,5080000000,0.042,,,,,70000000,-0.270,75000000,-0.475,,65000000,,18.89,,,,,,,,,,,,,,,,,,,,,,true,true,6,2023-04-01,2023-09-30,0
2023-07-31,58200,2024-03-31,1,10400000000,0.046,,,,,200000000,0.286,225000000,0.101,,170000000,,49.41,,,,,,,,,,,,,,,,,,,,,,true,true,12,2023-04-01,2024-03-31,0
2023-07-31,58200,2023-03-31,1,,,,,,,,,,,,,,,,,,,,10950000000,6072000000,0.555,,6072000000,,,,,,,,,,,,true,false,12,2022-04-01,2023-03-31,-1
2023-07-31,58200,2023-03-31,1,,,,,,,,,,,,,,,,,,,,,,,,,,,,,50.00,,,,3799965,359271,,false,false,12,2022-04-01,2023-03-31,-1
2023-07-31,58200,2024-03-31,1,,,,,,,,,,,,,,,,,,,,,,,,,,,,,17.00,,,,,,,false,true,12,2023-04-01,2024-03-31,0
2023-07-31,58200,2024-03-31,1,,,,,,,,,,,,,,,,,,,,,,,,,,,,,,,,,3799965,359271,3440694,false,false,3,2023-04-01,2023-06-30,0
2023-07-31,58200,2023-03-31,1,,,,,,,,,,,,,,,,,,,,,,,,,,,,,,,,,,,3436920,false,false,3,2022-04-01,2022-06-30,-1
2023-10-31,58200,2024-03-31,2,4877000000,0.000,,,,,-0,,35000000,-0.754,,94000000,,27.45,,,,,,12073000000,6462000000,0.535,,6462000000,,,,,,,,,,,,true,false,6,2023-04-01,2023-09-30,0
2023-10-31,58200,2023-03-31,2,4877000000,0.120,,,,,95000000,-0.221,142000000,-0.117,,-107000000,,-31.19,,,,,,,,,,,,,,,,,,,,,,true,false,6,2022-04-01,2022-09-30,-1
2023-10-31,58200,2024-03-31,2,10000000000,0.005,,,,,100000000,-0.357,135000000,-0.339,,170000000,,49.40,,,,,,,,,,,,,,,,,,,,,,true,true,12,2023-04-01,2024-03-31,0
2023-10-31,58200,2023-03-31,2,,,,,,,,,,,,,,,,,,,,10950000000,6072000000,0.555,,6072000000,,,,,,,,,,,,true,false,12,2022-04-01,2023-03-31,-1
2023-10-31,58200,2023-03-31,2,,,,,,,,,,,,,,,,,,,,,,,,,,,,,50.00,,,,3799965,359271,,false,false,12,2022-04-01,2023-03-31,-1
2023-10-31,58200,2024-03-31,2,,,,,,,,,,,,,,,,,,,,,,,,,,,,,0.00,,,,,,,false,false,12,2023-04-01,2024-03-31,0
2023-10-31,58200,2024-03-31,2,,,,,,,,,,,,,,,,,,,,,,,,,,,,,17.00,,,,,,,false,true,12,2023-04-01,2024-03-31,0
2023-10-31,58200,2024-03-31,2,,,,,,,,,,,,,,,,,,,,,,,,,,,,,,,,,3799965,357071,3441611,false,false,6,2023-04-01,2023-09-30,0
2023-10-31,58200,2023-03-31,2,,,,,,,,,,,,,,,,,,,,,,,,,,,,,,,,,,,3439440,false,false,6,2022-04-01,2022-09-30,-1
2024-01-31,58200,2024-03-31,3,7646000000,0.026,,,,,35000000,-0.727,82000000,-0.529,,121000000,,35.40,,,,,,12195000000,6475000000,0.531,,6474000000,,,,,,,,,,,,true,false,9,2023-04-01,2023-12-31,0
2024-01-31,58200,2023-03-31,3,7450000000,0.077,,,,,128000000,-0.400,174000000,-0.321,,-97000000,,-28.40,,,,,,,,,,,,,,,,,,,,,,true,false,9,2022-04-01,2022-12-31,-1
2024-01-31,58200,2024-03-31,3,10000000000,0.005,,,,,100000000,-0.357,135000000,-0.339,,170000000,,49.40,,,,,,,,,,,,,,,,,,,,,,true,true,12,2023-04-01,2024-03-31,0
2024-01-31,58200,2023-03-31,3,,,,,,,,,,,,,,,,,,,,10950000000,6072000000,0.555,,6072000000,,,,,,,,,,,,true,false,12,2022-04-01,2023-03-31,-1
2024-01-31,58200,2023-03-31,3,,,,,,,,,,,,,,,,,,,,,,,,,,,,,50.00,,,,3799965,359271,,false,false,12,2022-04-01,2023-03-31,-1
2024-01-31,58200,2024-03-31,3,,,,,,,,,,,,,,,,,,,,,,,,,,,,,0.00,,,,,,,false,false,12,2023-04-01,2024-03-31,0
2024-01-31,58200,2024-03-31,3,,,,,,,,,,,,,,,,,,,,,,,,,,,,,17.00,,,,,,,false,true,12,2023-04-01,2024-03-31,0
2024-01-31,58200,2024-03-31,3,,,,,,,,,,,,,,,,,,,,,,,,,,,,,,,,,3799965,357071,3442038,false,false,9,2023-04-01,2023-12-31,0
2024-01-31,58200,2023-03-31,3,,,,,,,,,,,,,,,,,,,,,,,,,,,,,,,,,,,3440588,false,false,9,2022-04-01,2022-12-31,-1
2024-05-14,58200,2024-03-31,,10329000000,0.038,,,,,60000000,-0.612,111000000,-0.456,,123000000,,35.92,,0.020,0.009,0.006,,12708000000,6598000000,0.519,1916.69,6598000000,113000000,-428000000,384000000,1674000000,,0.473,,,,,,true,false,12,2023-04-01,2024-03-31,0
2024-05-14,58200,2023-03-31,,9946000000,0.083,,,,,155000000,-0.345,204000000,-0.323,,-68000000,,-19.85,,-0.011,0.019,0.016,,10950000000,6072000000,0.555,1764.82,6072000000,104000000,35000000,414000000,1616000000,,-0.840,,,,,,true,false,12,2022-04-01,2023-03-31,-1
2024-05-14,58200,2025-03-31,,5300000000,0.087,,,,,41000000,,32000000,-0.088,,29000000,,8.42,,,,,,,,,,,,,,,,,,,,,,true,true,6,2024-04-01,2024-09-30,1
2024-05-14,58200,2025-03-31,,11000000000,0.065,,,,,140000000,,145000000,0.305,,105000000,,30.50,,,,,,,,,,,,,,,,0.557,,,,,,true,true,12,2024-04-01,2025-03-31,1
2024-05-14,58200,2023-03-31,,,,,,,,,,,,,,,,,,,,,,,,,,,,,,50.00,,,,3799965,359271,3440196,false,false,12,2022-04-01,2023-03-31,-1
2024-05-14,58200,2024-03-31,,,,,,,,,,,,,,,,,,,,,,,,,,,,,,17.00,,,,3799965,357131,3442250,false,false,12,2023-04-01,2024-03-31,0
2024-05-14,58200,2025-03-31,,,,,,,,,,,,,,,,,,,,,,,,,,,,,,17.00,,,,,,,false,true,12,2024-04-01,2025-03-31,1
2024-08-09,58200,2025-03-31,1,2682000000,0.113,,,,,15000000,,23000000,,,13000000,,4.03,,,,,,13011000000,6614000000,0.508,,6616000000,,,,,,,,,,,,true,false,3,2024-04-01,2024-06-30,0
2024-08-09,58200,2024-03-31,1,2409000000,0.031,,,,,-17000000,,-17000000,,,52000000,,15.37,,,,,,,,,,,,,,,,,,,,,,true,false,3,2023-04-01,2023-06-30,-1
2024-08-09,58200,2025-03-31,1,5300000000,0.087,,,,,41000000,,32000000,-0.088,,29000000,,8.42,,,,,,,,,,,,,,,,,,,,,,true,true,6,2024-04-01,2024-09-30,0
2024-08-09,58200,2025-03-31,1,11000000000,0.065,,,,,140000000,1.319,145000000,0.305,,105000000,,30.50,,,,,,,,,,,,,,,,,,,,,,true,true,12,2024-04-01,2025-03-31,0
2024-08-09,58200,2024-03-31,1,,,,,,,,,,,,,,,,,,,,12708000000,6598000000,0.519,,6598000000,,,,,,,,,,,,true,false,12,2023-04-01,2024-03-31,-1
2024-08-09,58200,2024-03-31,1,,,,,,,,,,,,,,,,,,,,,,,,,,,,,17.00,,,,3799965,357131,,false,false,12,2023-04-01,2024-03-31,-1
2024-08-09,58200,2025-03-31,1,,,,,,,,,,,,,,,,,,,,,,,,,,,,,17.00,,,,,,,false,true,12,2024-04-01,2025-03-31,0
2024-08-09,58200,2025-03-31,1,,,,,,,,,,,,,,,,,,,,,,,,,,,,,,,,,3799965,357331,3442801,false,false,3,2024-04-01,2024-06-30,0
2024-08-09,58200,2024-03-31,1,,,,,,,,,,,,,,,,,,,,,,,,,,,,,,,,,,,3440694,false,false,3,2023-04-01,2023-06-30,-1
2024-10-31,58200,2025-03-31,2,5361000000,0.099,,,,,31000000,,51000000,0.459,,40000000,,11.90,,,,,,12695000000,6616000000,0.521,,6619000000,,,,,,,,,,,,true,false,6,2024-04-01,2024-09-30,0
2024-10-31,58200,2024-03-31,2,4877000000,0.000,,,,,-0,,35000000,-0.754,,94000000,,27.45,,,,,,,,,,,,,,,,,,,,,,true,false,6,2023-04-01,2023-09-30,-1
2024-10-31,58200,2025-03-31,2,11000000000,0.065,,,,,140000000,1.319,145000000,0.305,,105000000,,30.50,,,,,,,,,,,,,,,,,,,,,,true,true,12,2024-04-01,2025-03-31,0
2024-10-31,58200,2024-03-31,2,,,,,,,,,,,,,,,,,,,,12708000000,6598000000,0.519,,6598000000,,,,,,,,,,,,true,false,12,2023-04-01,2024-03-31,-1
2024-10-31,58200,2024-03-31,2,,,,,,,,,,,,,,,,,,,,,,,,,,,,,17.00,,,,3799965,357131,,false,false,12,2023-04-01,2024-03-31,-1
2024-10-31,58200,2025-03-31,2,,,,,,,,,,,,,,,,,,,,,,,,,,,,,0.00,,,,,,,false,false,12,2024-04-01,2025-03-31,0
2024-10-31,58200,2025-03-31,2,,,,,,,,,,,,,,,,,,,,,,,,,,,,,17.00,,,,,,,false,true,12,2024-04-01,2025-03-31,0
2024-10-31,58200,2025-03-31,2,,,,,,,,,,,,,,,,,,,,,,,,,,,,,,,,,3799965,357451,3442677,false,false,6,2024-04-01,2024-09-30,0
2024-10-31,58200,2024-03-31,2,,,,,,,,,,,,,,,,,,,,,,,,,,,,,,,,,,,3441611,false,false,6,2023-04-01,2023-09-30,-1
2025-02-14,58200,2025-03-31,3,8208000000,0.074,,,,,138000000,2.941,116000000,0.421,,176000000,,51.37,,,,,,12768000000,6650000000,0.521,,6650000000,,,,,,,,,,,,true,false,9,2024-04-01,2024-12-31,0
2025-02-14,58200,2024-03-31,3,7646000000,0.026,,,,,35000000,-0.727,82000000,-0.529,,121000000,,35.40,,,,,,,,,,,,,,,,,,,,,,true,false,9,2023-04-01,2023-12-31,-1
2025-02-14,58200,2025-03-31,3,11000000000,0.065,,,,,140000000,1.319,145000000,0.305,,105000000,,30.50,,,,,,,,,,,,,,,,,,,,,,true,true,12,2024-04-01,2025-03-31,0
2025-02-14,58200,2024-03-31,3,,,,,,,,,,,,,,,,,,,,12708000000,6598000000,0.519,,6598000000,,,,,,,,,,,,true,false,12,2023-04-01,2024-03-31,-1
2025-02-14,58200,2024-03-31,3,,,,,,,,,,,,,,,,,,,,,,,,,,,,,17.00,,,,3799965,357131,,false,false,12,2023-04-01,2024-03-31,-1
2025-02-14,58200,2025-03-31,3,,,,,,,,,,,,,,,,,,,,,,,,,,,,,0.00,,,,,,,false,false,12,2024-04-01,2025-03-31,0
2025-02-14,58200,2025-03-31,3,,,,,,,,,,,,,,,,,,,,,,,,,,,,,17.00,,,,,,,false,true,12,2024-04-01,2025-03-31,0
2025-02-14,58200,2025-03-31,3,,,,,,,,,,,,,,,,,,,,,,,,,,,,,,,,,3799965,357531,3442618,false,false,9,2024-04-01,2024-12-31,0
2025-02-14,58200,2024-03-31,3,,,,,,,,,,,,,,,,,,,,,,,,,,,,,,,,,,,3442038,false,false,9,2023-04-01,2023-12-31,-1
2025-05-13,58200,2025-03-31,,10876000000,0.053,,,,,118000000,0.961,106000000,-0.037,,168000000,,48.87,,0.025,0.008,0.011,,12702000000,6614000000,0.521,1921.40,6614000000,147000000,-55000000,283000000,2039000000,,0.348,,,,,,true,false,12,2024-04-01,2025-03-31,0
2025-05-13,58200,2024-03-31,,10329000000,0.038,,,,,60000000,-0.612,111000000,-0.456,,123000000,,35.92,,0.020,0.009,0.006,,12708000000,6598000000,0.519,1916.69,6598000000,113000000,-428000000,384000000,1674000000,,0.473,,,,,,true,false,12,2023-04-01,2024-03-31,-1
2025-05-13,58200,2026-03-31,,5538000000,0.033,,,,,60000000,0.905,66000000,0.289,,51000000,,14.82,,,,,,,,,,,,,,,,,,,,,,true,true,6,2025-04-01,2025-09-30,1
2025-05-13,58200,2026-03-31,,11176000000,0.028,,,,,230000000,0.943,215000000,1.010,,158000000,,45.90,,,,,,,,,,,,,,,,0.370,,,,,,true,true,12,2025-04-01,2026-03-31,1
2025-05-13,58200,2024-03-31,,,,,,,,,,,,,,,,,,,,,,,,,,,,,,17.00,,,,3799965,357131,3442250,false,false,12,2023-04-01,2024-03-31,-1
2025-05-13,58200,2025-03-31,,,,,,,,,,,,,,,,,,,,,,,,,,,,,,17.00,,,,3799965,357611,3442562,false,false,12,2024-04-01,2025-03-31,0
2025-05-13,58200,2026-03-31,,,,,,,,,,,,,,,,,,,,,,,,,,,,,,17.00,,,,,,,false,true,12,2025-04-01,2026-03-31,1
2025-08-08,58200,2026-03-31,1,2714000000,0.012,,,,,11000000,-0.306,15000000,-0.345,,10000000,,3.03,,,,,,12539000000,6539000000,0.522,,6539000000,,,,,,,,,,,,true,false,3,2025-04-01,2025-06-30,0
2025-08-08,58200,2025-03-31,1,2682000000,0.113,,,,,15000000,,23000000,,,13000000,,4.03,,,,,,,,,,,,,,,,,,,,,,true,false,3,2024-04-01,2024-06-30,-1
2025-08-08,58200,2026-03-31,1,5538000000,0.033,,,,,60000000,0.905,66000000,0.289,,51000000,,14.82,,,,,,,,,,,,,,,,,,,,,,true,true,6,2025-04-01,2025-09-30,0
2025-08-08,58200,2026-03-31,1,11176000000,0.028,,,,,230000000,0.943,215000000,1.010,,158000000,,45.90,,,,,,,,,,,,,,,,,,,,,,true,true,12,2025-04-01,2026-03-31,0
2025-08-08,58200,2025-03-31,1,,,,,,,,,,,,,,,,,,,,12702000000,6614000000,0.521,,6614000000,,,,,,,,,,,,true,false,12,2024-04-01,2025-03-31,-1
2025-08-08,58200,2025-03-31,1,,,,,,,,,,,,,,,,,,,,,,,,,,,,,17.00,,,,3799965,357611,,false,false,12,2024-04-01,2025-03-31,-1
2025-08-08,58200,2026-03-31,1,,,,,,,,,,,,,,,,,,,,,,,,,,,,,17.00,,,,,,,false,true,12,2025-04-01,2026-03-31,0
2025-08-08,58200,2026-03-31,1,,,,,,,,,,,,,,,,,,,,,,,,,,,,,,,,,3799965,357611,3442354,false,false,3,2025-04-01,2025-06-30,0
2025-08-08,58200,2025-03-31,1,,,,,,,,,,,,,,,,,,,,,,,,,,,,,,,,,,,3442801,false,false,3,2024-04-01,2024-06-30,-1
