filing_date,code,fiscal_year_end,quarterly_period,net_sales,net_sales_change,revenue,revenue_change,operating_revenue,operating_revenue_change,operating_profit,operating_profit_change,ordinary_profit,ordinary_profit_change,net_income,net_income_of_parent,net_income_change,eps,diluted_eps,roe,roa,operating_profit_to_net_sales,operating_profit_to_revenue,total_assets,net_assets,equity_ratio,bps,owner_equity,operating_cash_flow,investing_cash_flow,financing_cash_flow,cash,dividend_per_share,payout_ratio,commemorative_dividend,extra_dividend,number_of_shares,number_of_treqsury_shares,avg_number_of_shares,is_consolidated,is_forecast,duration,period_start,period_end,period_pos
2015-05-11,58570,2015-03-31,,111417000000,0.182,,,,,10480000000,0.088,10561000000,0.057,5774000000,,-0.033,176.89,,0.119,0.124,0.094,,104877000000,50958000000,0.482,1542.82,50504000000,9419000000,-29633000000,21442000000,10841000000,,0.339,,,,,,true,false,12,2014-04-01,2015-03-31,0
2015-05-11,58570,2014-03-31,,94254000000,-0.022,,,,,9631000000,,9989000000,,5971000000,,,183.50,,0.136,0.156,0.102,,66112000000,46491000000,0.701,1422.51,46347000000,14058000000,-1090000000,-8021000000,9470000000,,0.327,,,,,,true,false,12,2013-04-01,2014-03-31,-1
2015-05-11,58570,2016-03-31,,63000000000,0.220,,,,,5000000000,0.070,4900000000,0.040,,3000000000,,91.64,,,,,,,,,,,,,,,,,,,,,,true,true,6,2015-04-01,2015-09-30,1
2015-05-11,58570,2016-03-31,,129000000000,0.158,,,,,11000000000,0.050,10800000000,0.023,,6500000000,,198.56,,,,,,,,,,,,,,,,0.302,,,,,,true,true,12,2015-04-01,2016-03-31,1
2015-05-11,58570,2015-03-31,,6690000000,-0.183,,,,,5579000000,-0.213,5703000000,-0.199,5674000000,,-0.190,173.83,,,,,,50335000000,44726000000,0.887,1363.92,44648000000,,,,,60.00,,,,36254344,3519057,32646918,false,false,12,2014-04-01,2015-03-31,0
2015-05-11,58570,2014-03-31,,8189000000,0.682,,,,,7088000000,,7120000000,,7009000000,,,215.41,,,,,,46510000000,40795000000,0.875,1249.70,40717000000,,,,,60.00,,,,36254344,3672457,32540417,false,false,12,2013-04-01,2014-03-31,-1
2015-05-11,58570,2016-03-31,,,,,,,,,,,,,,,,,,,,,,,,,,,,,,60.00,,,,,,,false,true,12,2015-04-01,2016-03-31,1
2015-07-28,58570,2016-03-31,1,31610000000,0.362,,,,,2289000000,0.051,2315000000,0.062,,1438000000,,43.88,43.85,,,,,103599000000,53004000000,0.507,,52559000000,,,,,,,,,,,,true,false,3,2015-04-01,2015-06-30,0
2015-07-28,58570,2015-03-31,1,23215000000,-0.061,,,,,2178000000,-0.182,2179000000,-0.217,,1387000000,,42.56,,,,,,,,,,,,,,,,,,,,,,true,false,3,2014-04-01,2014-06-30,-1
2015-07-28,58570,2016-03-31,1,63000000000,0.220,,,,,5000000000,0.070,4900000000,0.040,,3000000000,,91.64,,,,,,,,,,,,,,,,,,,,,,true,true,6,2015-04-01,2015-09-30,0
2015-07-28,58570,2016-03-31,1,129000000000,0.158,,,,,11000000000,0.050,10800000000,0.023,,6500000000,,198.56,,,,,,,,,,,,,,,,,,,,,,true,true,12,2015-04-01,2016-03-31,0
2015-07-28,58570,2015-03-31,1,,,,,,,,,,,,,,,,,,,,104877000000,50958000000,0.482,,50504000000,,,,,,,,,,,,true,false,12,2014-04-01,2015-03-31,-1
2015-07-28,58570,2015-03-31,1,,,,,,,,,,,,,,,,,,,,,,,,,,,,,60.00,,,,36254344,3519057,,false,false,12,2014-04-01,2015-03-31,-1
2015-07-28,58570,2016-03-31,1,,,,,,,,,,,,,,,,,,,,,,,,,,,,,60.00,,,,,,,false,true,12,2015-04-01,2016-03-31,0
2015-07-28,58570,2016-03-31,1,,,,,,,,,,,,,,,,,,,,,,,,,,,,,,,,,36254344,3439507,32776462,false,false,3,2015-04-01,2015-06-30,0
2015-07-28,58570,2015-03-31,1,,,,,,,,,,,,,,,,,,,,,,,,,,,,,,,,,,,32592550,false,false,3,2014-04-01,2014-06-30,-1
2015-10-28,58570,2016-03-31,2,61646000000,0.194,,,,,4820000000,0.031,4698000000,-0.003,,2752000000,,83.93,,,,,,105659000000,52648000000,0.494,,52233000000,,,,,,,,,,,,true,false,6,2015-04-01,2015-09-30,0
2015-10-28,58570,2015-03-31,2,51632000000,0.078,,,,,4674000000,-0.111,4713000000,-0.126,,2909000000,,89.25,,,,,,,,,,,,,,,,,,,,,,true,false,6,2014-04-01,2014-09-30,-1
2015-10-28,58570,2016-03-31,2,129000000000,0.158,,,,,11000000000,0.050,10800000000,0.023,,6500000000,,198.56,,,,,,,,,,,,,,,,,,,,,,true,true,12,2015-04-01,2016-03-31,0
2015-10-28,58570,2015-03-31,2,,,,,,,,,,,,,,,,,,,,104877000000,50958000000,0.482,,50504000000,,,,,,,,,,,,true,false,12,2014-04-01,2015-03-31,-1
2015-10-28,58570,2015-03-31,2,,,,,,,,,,,,,,,,,,,,,,,,,,,,,60.00,,,,36254344,3519057,,false,false,12,2014-04-01,2015-03-31,-1
2015-10-28,58570,2016-03-31,2,,,,,,,,,,,,,,,,,,,,,,,,,,,,,30.00,,,,,,,false,false,12,2015-04-01,2016-03-31,0
2015-10-28,58570,2016-03-31,2,,,,,,,,,,,,,,,,,,,,,,,,,,,,,60.00,,,,,,,false,true,12,2015-04-01,2016-03-31,0
2015-10-28,58570,2016-03-31,2,,,,,,,,,,,,,,,,,,,,,,,,,,,,,,,,,36254344,3432457,32795944,false,false,6,2015-04-01,2015-09-30,0
2015-10-28,58570,2015-03-31,2,,,,,,,,,,,,,,,,,,,,,,,,,,,,,,,,,,,32603351,false,false,6,2014-04-01,2014-09-30,-1
2016-02-01,58570,2016-03-31,3,90830000000,0.132,,,,,7105000000,-0.042,7009000000,-0.065,,4115000000,,125.44,,,,,,101795000000,52642000000,0.513,,52242000000,,,,,,,,,,,,true,false,9,2015-04-01,2015-12-31,0
2016-02-01,58570,2015-03-31,3,80224000000,0.135,,,,,7413000000,-0.007,7497000000,-0.026,,4564000000,,139.94,,,,,,,,,,,,,,,,,,,,,,true,false,9,2014-04-01,2014-12-31,-1
2016-02-01,58570,2016-03-31,3,115000000000,0.032,,,,,9000000000,-0.141,8900000000,-0.157,,5100000000,,155.63,,,,,,,,,,,,,,,,,,,,,,true,true,12,2015-04-01,2016-03-31,0
2016-02-01,58570,2015-03-31,3,,,,,,,,,,,,,,,,,,,,104877000000,50958000000,0.482,,50504000000,,,,,,,,,,,,true,false,12,2014-04-01,2015-03-31,-1
2016-02-01,58570,2015-03-31,3,,,,,,,,,,,,,,,,,,,,,,,,,,,,,60.00,,,,36254344,3519057,,false,false,12,2014-04-01,2015-03-31,-1
2016-02-01,58570,2016-03-31,3,,,,,,,,,,,,,,,,,,,,,,,,,,,,,30.00,,,,,,,false,false,12,2015-04-01,2016-03-31,0
2016-02-01,58570,2016-03-31,3,,,,,,,,,,,,,,,,,,,,,,,,,,,,,60.00,,,,,,,false,true,12,2015-04-01,2016-03-31,0
2016-02-01,58570,2016-03-31,3,,,,,,,,,,,,,,,,,,,,,,,,,,,,,,,,,36254344,3432607,32803707,false,false,9,2015-04-01,2015-12-31,0
2016-02-01,58570,2015-03-31,3,,,,,,,,,,,,,,,,,,,,,,,,,,,,,,,,,,,32620397,false,false,9,2014-04-01,2014-12-31,-1
2016-02-01,58570,2016-03-31,,115000000000,-0.109,,,,,9000000000,-0.182,8900000000,-0.176,,5100000000,,155.63,,,,,,,,,,,,,,,,,,,,,,true,true,12,2015-04-01,2016-03-31,0
2016-02-01,58570,2015-03-31,,111417000000,,,,,,10480000000,,10561000000,,,5774000000,,176.89,,,,,,,,,,,,,,,,,,,,,,true,false,12,2014-04-01,2015-03-31,-1
2016-05-10,58570,2016-03-31,,118473000000,0.063,,,,,8705000000,-0.169,8510000000,-0.194,,5031000000,,153.54,,0.099,0.082,0.073,,103589000000,51300000000,0.491,1560.21,50862000000,14289000000,-1900000000,-6473000000,16564000000,,0.391,,,,,,true,false,12,2015-04-01,2016-03-31,0
2016-05-10,58570,2015-03-31,,111417000000,0.182,,,,,10480000000,0.088,10561000000,0.057,,5774000000,,176.89,,0.119,0.124,0.094,,104877000000,50958000000,0.482,1542.82,50504000000,9419000000,-29633000000,21442000000,10841000000,,0.339,,,,,,true,false,12,2014-04-01,2015-03-31,-1
2016-05-10,58570,2016-03-31,,6865000000,0.026,,,,,5604000000,0.005,5764000000,0.011,5670000000,,-0.001,173.01,,,,,,74009000000,48214000000,0.651,1478.98,48214000000,,,,,60.00,,,,36254344,3654607,32773714,false,false,12,2015-04-01,2016-03-31,0
2016-05-10,58570,2015-03-31,,6690000000,-0.183,,,,,5579000000,-0.213,5703000000,-0.199,5674000000,,-0.190,173.83,,,,,,50335000000,44726000000,0.887,1363.92,44648000000,,,,,60.00,,,,36254344,3519057,32646918,false,false,12,2014-04-01,2015-03-31,-1
2016-05-10,58570,2017-03-31,,,,,,,,4500000000,,,,,2900000000,,88.96,,,,,,,,,,,,,,,,,,,,,,true,true,6,2016-04-01,2016-09-30,1
2016-05-10,58570,2017-03-31,,,,,,,,10000000000,,,,,6600000000,,202.46,,,,,,,,,,,,,,,,0.296,,,,,,true,true,12,2016-04-01,2017-03-31,1
2016-05-10,58570,2017-03-31,,,,,,,,,,,,,,,,,,,,,,,,,,,,,,60.00,,,,,,,false,true,12,2016-04-01,2017-03-31,1
2016-07-28,58570,2017-03-31,1,,,,,,,2645000000,-0.067,,,,1879000000,,57.64,,,,,,94156000000,,,,,,,,,,,,,,,,true,false,3,2016-04-01,2016-06-30,0
2016-07-28,58570,2016-03-31,1,,,,,,,2834000000,,,,,1919000000,,58.58,58.54,,,,,,,,,,,,,,,,,,,,,true,false,3,2015-04-01,2015-06-30,-1
2016-07-28,58570,2017-03-31,1,,,,,,,5000000000,,,,,3400000000,,104.30,,,,,,,,,,,,,,,,,,,,,,true,true,6,2016-04-01,2016-09-30,0
2016-07-28,58570,2017-03-31,1,,,,,,,10000000000,,,,,6600000000,,202.46,,,,,,,,,,,,,,,,,,,,,,true,true,12,2016-04-01,2017-03-31,0
2016-07-28,58570,2016-03-31,1,,,,,,,,,,,,,,,,,,,,101599000000,,,,,,,,,,,,,,,,true,false,12,2015-04-01,2016-03-31,-1
2016-07-28,58570,2016-03-31,1,,,,,,,,,,,,,,,,,,,,,,,,,,,,,60.00,,,,36254344,3654607,,false,false,12,2015-04-01,2016-03-31,-1
2016-07-28,58570,2017-03-31,1,,,,,,,,,,,,,,,,,,,,,,,,,,,,,60.00,,,,,,,false,true,12,2016-04-01,2017-03-31,0
2016-07-28,58570,2017-03-31,1,,,,,,,,,,,,,,,,,,,,,,,,,,,,,,,,,36254344,3654787,32599647,false,false,3,2016-04-01,2016-06-30,0
2016-07-28,58570,2016-03-31,1,,,,,,,,,,,,,,,,,,,,,,,,,,,,,,,,,,,32776462,false,false,3,2015-04-01,2015-06-30,-1
2016-10-28,58570,2017-03-31,2,,,,,,,5696000000,0.001,,,,3981000000,,122.13,,,,,,93801000000,,,,,,,,,,,,,,,,true,false,6,2016-04-01,2016-09-30,0
2016-10-28,58570,2016-03-31,2,,,,,,,5690000000,,,,,3720000000,,113.43,,,,,,,,,,,,,,,,,,,,,,true,false,6,2015-04-01,2015-09-30,-1
2016-10-28,58570,2017-03-31,2,,,,,,,10000000000,,,,,6600000000,,202.46,,,,,,,,,,,,,,,,,,,,,,true,true,12,2016-04-01,2017-03-31,0
2016-10-28,58570,2016-03-31,2,,,,,,,,,,,,,,,,,,,,101599000000,,,,,,,,,,,,,,,,true,false,12,2015-04-01,2016-03-31,-1
2016-10-28,58570,2016-03-31,2,,,,,,,,,,,,,,,,,,,,,,,,,,,,,60.00,,,,36254344,3654607,,false,false,12,2015-04-01,2016-03-31,-1
2016-10-28,58570,2017-03-31,2,,,,,,,,,,,,,,,,,,,,,,,,,,,,,30.00,,,,,,,false,false,12,2016-04-01,2017-03-31,0
2016-10-28,58570,2017-03-31,2,,,,,,,,,,,,,,,,,,,,,,,,,,,,,60.00,,,,,,,false,true,12,2016-04-01,2017-03-31,0
2016-10-28,58570,2017-03-31,2,,,,,,,,,,,,,,,,,,,,,,,,,,,,,,,,,36254344,3654787,32599608,false,false,6,2016-04-01,2016-09-30,0
2016-10-28,58570,2016-03-31,2,,,,,,,,,,,,,,,,,,,,,,,,,,,,,,,,,,,32795944,false,false,6,2015-04-01,2015-09-30,-1
2017-02-01,58570,2017-03-31,3,,,,,,,8079000000,-0.009,,,,5577000000,,171.08,,,,,,96013000000,,,,,,,,,,,,,,,,true,false,9,2016-04-01,2016-12-31,0
2017-02-01,58570,2016-03-31,3,,,,,,,8155000000,,,,,5338000000,,162.73,,,,,,,,,,,,,,,,,,,,,,true,false,9,2015-04-01,2015-12-31,-1
2017-02-01,58570,2017-03-31,3,,,,,,,10000000000,,,,,6600000000,,202.46,,,,,,,,,,,,,,,,,,,,,,true,true,12,2016-04-01,2017-03-31,0
2017-02-01,58570,2016-03-31,3,,,,,,,,,,,,,,,,,,,,101599000000,,,,,,,,,,,,,,,,true,false,12,2015-04-01,2016-03-31,-1
2017-02-01,58570,2016-03-31,3,,,,,,,,,,,,,,,,,,,,,,,,,,,,,60.00,,,,36254344,3654607,,false,false,12,2015-04-01,2016-03-31,-1
2017-02-01,58570,2017-03-31,3,,,,,,,,,,,,,,,,,,,,,,,,,,,,,30.00,,,,,,,false,false,12,2016-04-01,2017-03-31,0
2017-02-01,58570,2017-03-31,3,,,,,,,,,,,,,,,,,,,,,,,,,,,,,60.00,,,,,,,false,true,12,2016-04-01,2017-03-31,0
2017-02-01,58570,2017-03-31,3,,,,,,,,,,,,,,,,,,,,,,,,,,,,,,,,,36254344,3654887,32599583,false,false,9,2016-04-01,2016-12-31,0
2017-02-01,58570,2016-03-31,3,,,,,,,,,,,,,,,,,,,,,,,,,,,,,,,,,,,32803707,false,false,9,2015-04-01,2015-12-31,-1
2017-05-10,58570,2017-03-31,,6183000000,-0.099,,,,,4846000000,-0.135,5079000000,-0.119,-11711000000,,,-359.25,,,,,,55321000000,34533000000,0.624,1059.32,34533000000,,,,,60.00,,,,36254344,3654987,32599539,false,false,12,2016-04-01,2017-03-31,0
2017-05-10,58570,2016-03-31,,6865000000,0.026,,,,,5604000000,0.005,5764000000,0.011,5670000000,,-0.001,173.01,,,,,,74009000000,48214000000,0.651,1478.98,48214000000,,,,,60.00,,,,36254344,3654607,32773714,false,false,12,2015-04-01,2016-03-31,-1
2017-05-10,58570,2017-03-31,,,,,,,,2038000000,-0.663,,,,-1213000000,,-37.24,,,,,,88976000000,,,,,3319000000,-2442000000,-6630000000,,,,,,,,,true,false,12,2016-04-01,2017-03-31,0
2017-05-10,58570,2016-03-31,,,,,,,,6057000000,,,,,2867000000,,87.48,,,,,,101599000000,,,,,14321000000,-1936000000,-6473000000,,,0.686,,,,,,true,false,12,2015-04-01,2016-03-31,-1
2017-05-10,58570,2018-03-31,,,,,,,,5500000000,-0.035,,,,3600000000,,110.43,,,,,,,,,,,,,,,,,,,,,,true,true,6,2017-04-01,2017-09-30,1
2017-05-10,58570,2018-03-31,,,,,,,,11500000000,4.642,,,,7600000000,,233.13,,,,,,,,,,,,,,,,0.257,,,,,,true,true,12,2017-04-01,2018-03-31,1
2017-05-10,58570,2018-03-31,,,,,,,,,,,,,,,,,,,,,,,,,,,,,,60.00,,,,,,,false,true,12,2017-04-01,2018-03-31,1
2017-07-28,58570,2018-03-31,1,,,,,,,3491000000,0.320,,,,2343000000,,71.89,,,,,,88760000000,,,,,,,,,,,,,,,,true,false,3,2017-04-01,2017-06-30,0
2017-07-28,58570,2017-03-31,1,,,,,,,2645000000,-0.067,,,,1879000000,,57.64,,,,,,,,,,,,,,,,,,,,,,true,false,3,2016-04-01,2016-06-30,-1
2017-07-28,58570,2018-03-31,1,,,,,,,6000000000,0.053,,,,3900000000,,119.63,,,,,,,,,,,,,,,,,,,,,,true,true,6,2017-04-01,2017-09-30,0
2017-07-28,58570,2018-03-31,1,,,,,,,11500000000,4.642,,,,7600000000,,233.13,,,,,,,,,,,,,,,,,,,,,,true,true,12,2017-04-01,2018-03-31,0
2017-07-28,58570,2017-03-31,1,,,,,,,,,,,,,,,,,,,,88976000000,,,,,,,,,,,,,,,,true,false,12,2016-04-01,2017-03-31,-1
2017-07-28,58570,2017-03-31,1,,,,,,,,,,,,,,,,,,,,,,,,,,,,,60.00,,,,36254344,3654987,,false,false,12,2016-04-01,2017-03-31,-1
2017-07-28,58570,2018-03-31,1,,,,,,,,,,,,,,,,,,,,,,,,,,,,,60.00,,,,,,,false,true,12,2017-04-01,2018-03-31,0
2017-07-28,58570,2018-03-31,1,,,,,,,,,,,,,,,,,,,,,,,,,,,,,,,,,36254344,3655087,32599307,false,false,3,2017-04-01,2017-06-30,0
2017-07-28,58570,2017-03-31,1,,,,,,,,,,,,,,,,,,,,,,,,,,,,,,,,,,,32599647,false,false,3,2016-04-01,2016-06-30,-1
2017-10-26,58570,2018-03-31,2,,,,,,,6383000000,0.121,,,,4283000000,,131.39,,,,,,96047000000,,,,,,,,,,,,,,,,true,false,6,2017-04-01,2017-09-30,0
2017-10-26,58570,2017-03-31,2,,,,,,,5696000000,0.001,,,,3981000000,,122.13,,,,,,,,,,,,,,,,,,,,,,true,false,6,2016-04-01,2016-09-30,-1
2017-10-26,58570,2018-03-31,2,,,,,,,12500000000,5.132,,,,8300000000,,254.61,,,,,,,,,,,,,,,,,,,,,,true,true,12,2017-04-01,2018-03-31,0
2017-10-26,58570,2017-03-31,2,,,,,,,,,,,,,,,,,,,,88976000000,,,,,,,,,,,,,,,,true,false,12,2016-04-01,2017-03-31,-1
2017-10-26,58570,2017-03-31,2,,,,,,,,,,,,,,,,,,,,,,,,,,,,,60.00,,,,36254344,3654987,,false,false,12,2016-04-01,2017-03-31,-1
2017-10-26,58570,2018-03-31,2,,,,,,,,,,,,,,,,,,,,,,,,,,,,,30.00,,,,,,,false,false,12,2017-04-01,2018-03-31,0
2017-10-26,58570,2018-03-31,2,,,,,,,,,,,,,,,,,,,,,,,,,,,,,63.00,,,,,,,false,true,12,2017-04-01,2018-03-31,0
2017-10-26,58570,2018-03-31,2,,,,,,,,,,,,,,,,,,,,,,,,,,,,,,,,,36254344,3655137,32599271,false,false,6,2017-04-01,2017-09-30,0
2017-10-26,58570,2017-03-31,2,,,,,,,,,,,,,,,,,,,,,,,,,,,,,,,,,,,32599608,false,false,6,2016-04-01,2016-09-30,-1
2018-02-01,58570,2018-03-31,3,,,,,,,10639000000,0.317,,,,7319000000,,220.32,,,,,,116250000000,,,,,,,,,,,,,,,,true,false,9,2017-04-01,2017-12-31,0
2018-02-01,58570,2017-03-31,3,,,,,,,8079000000,-0.009,,,,5577000000,,171.08,,,,,,,,,,,,,,,,,,,,,,true,false,9,2016-04-01,2016-12-31,-1
2018-02-01,58570,2018-03-31,3,,,,,,,13700000000,5.721,,,,9200000000,,264.55,,,,,,,,,,,,,,,,,,,,,,true,true,12,2017-04-01,2018-03-31,0
2018-02-01,58570,2017-03-31,3,,,,,,,,,,,,,,,,,,,,88976000000,,,,,,,,,,,,,,,,true,false,12,2016-04-01,2017-03-31,-1
2018-02-01,58570,2017-03-31,3,,,,,,,,,,,,,,,,,,,,,,,,,,,,,60.00,,,,36254344,3654987,,false,false,12,2016-04-01,2017-03-31,-1
2018-02-01,58570,2018-03-31,3,,,,,,,,,,,,,,,,,,,,,,,,,,,,,30.00,,,,,,,false,false,12,2017-04-01,2018-03-31,0
2018-02-01,58570,2018-03-31,3,,,,,,,,,,,,,,,,,,,,,,,,,,,,,63.00,,,,,,,false,true,12,2017-04-01,2018-03-31,0
2018-02-01,58570,2018-03-31,3,,,,,,,,,,,,,,,,,,,,,,,,,,,,,,,,,38974344,255187,33222363,false,false,9,2017-04-01,2017-12-31,0
2018-02-01,58570,2017-03-31,3,,,,,,,,,,,,,,,,,,,,,,,,,,,,,,,,,,,32599583,false,false,9,2016-04-01,2016-12-31,-1
2018-05-08,58570,2018-03-31,,7903000000,0.278,,,,,6810000000,0.405,6930000000,0.364,6806000000,,,195.73,195.10,,,,,72818000000,52241000000,0.717,1319.27,52241000000,,,,,63.00,,,,39854344,255287,34775417,false,false,12,2017-04-01,2018-03-31,0
2018-05-08,58570,2017-03-31,,6183000000,-0.099,,,,,4846000000,-0.135,5079000000,-0.119,-11711000000,,,-359.25,,,,,,55321000000,34533000000,0.624,1059.32,34533000000,,,,,60.00,,,,36254344,3654987,32599539,false,false,12,2016-04-01,2017-03-31,-1
2018-05-08,58570,2018-03-31,,,,,,,,13791000000,5.766,,,,9416000000,,270.77,269.90,,,,,131484000000,,,,,-13397000000,-2829000000,29776000000,,,0.233,,,,,,true,false,12,2017-04-01,2018-03-31,0
2018-05-08,58570,2017-03-31,,,,,,,,2038000000,-0.663,,,,-1213000000,,-37.24,,,,,,88976000000,,,,,3319000000,-2442000000,-6630000000,,,,,,,,,true,false,12,2016-04-01,2017-03-31,-1
2018-05-08,58570,2019-03-31,,,,,,,,6500000000,0.018,,,,4400000000,,111.11,,,,,,,,,,,,,,,,,,,,,,true,true,6,2018-04-01,2018-09-30,1
2018-05-08,58570,2019-03-31,,,,,,,,14000000000,0.015,,,,9500000000,,239.90,,,,,,,,,,,,,,,,0.308,,,,,,true,true,12,2018-04-01,2019-03-31,1
2018-05-08,58570,2019-03-31,,,,,,,,,,,,,,,,,,,,,,,,,,,,,,74.00,,,,,,,false,true,12,2018-04-01,2019-03-31,1
2018-07-27,58570,2019-03-31,1,,,,,,,3542000000,0.015,,,,2373000000,,59.93,59.76,,,,,126019000000,,,,,,,,,,,,,,,,true,false,3,2018-04-01,2018-06-30,0
2018-07-27,58570,2018-03-31,1,,,,,,,3491000000,0.320,,,,2343000000,,71.89,71.89,,,,,,,,,,,,,,,,,,,,,true,false,3,2017-04-01,2017-06-30,-1
2018-07-27,58570,2019-03-31,1,,,,,,,6700000000,0.050,,,,4500000000,,113.64,,,,,,,,,,,,,,,,,,,,,,true,true,6,2018-04-01,2018-09-30,0
2018-07-27,58570,2019-03-31,1,,,,,,,14000000000,0.015,,,,9500000000,,239.90,,,,,,,,,,,,,,,,,,,,,,true,true,12,2018-04-01,2019-03-31,0
2018-07-27,58570,2018-03-31,1,,,,,,,,,,,,,,,,,,,,131484000000,,,,,,,,,,,,,,,,true,false,12,2017-04-01,2018-03-31,-1
2018-07-27,58570,2018-03-31,1,,,,,,,,,,,,,,,,,,,,,,,,,,,,,63.00,,,,39854344,255287,,false,false,12,2017-04-01,2018-03-31,-1
2018-07-27,58570,2019-03-31,1,,,,,,,,,,,,,,,,,,,,,,,,,,,,,74.00,,,,,,,false,true,12,2018-04-01,2019-03-31,0
2018-07-27,58570,2019-03-31,1,,,,,,,,,,,,,,,,,,,,,,,,,,,,,,,,,39854344,255337,39599045,false,false,3,2018-04-01,2018-06-30,0
2018-07-27,58570,2018-03-31,1,,,,,,,,,,,,,,,,,,,,,,,,,,,,,,,,,,,32599307,false,false,3,2017-04-01,2017-06-30,-1
2018-10-25,58570,2019-03-31,2,,,,,,,6864000000,0.075,,,,4541000000,,114.84,,,,,,132825000000,,,,,,,,,,,,,,,,true,false,6,2018-04-01,2018-09-30,0
2018-10-25,58570,2018-03-31,2,,,,,,,6383000000,0.121,,,,4283000000,,131.39,,,,,,,,,,,,,,,,,,,,,,true,false,6,2017-04-01,2017-09-30,-1
2018-10-25,58570,2019-03-31,2,,,,,,,14000000000,0.015,,,,9500000000,,239.90,,,,,,,,,,,,,,,,,,,,,,true,true,12,2018-04-01,2019-03-31,0
2018-10-25,58570,2018-03-31,2,,,,,,,,,,,,,,,,,,,,131484000000,,,,,,,,,,,,,,,,true,false,12,2017-04-01,2018-03-31,-1
2018-10-25,58570,2018-03-31,2,,,,,,,,,,,,,,,,,,,,,,,,,,,,,63.00,,,,39854344,255287,,false,false,12,2017-04-01,2018-03-31,-1
2018-10-25,58570,2019-03-31,2,,,,,,,,,,,,,,,,,,,,,,,,,,,,,60.00,,,,,,,false,false,12,2018-04-01,2019-03-31,0
2018-10-25,58570,2019-03-31,2,,,,,,,,,,,,,,,,,,,,,,,,,,,,,120.00,,,,,,,false,true,12,2018-04-01,2019-03-31,0
2018-10-25,58570,2019-03-31,2,,,,,,,,,,,,,,,,,,,,,,,,,,,,,,,,,39854344,505437,39547943,false,false,6,2018-04-01,2018-09-30,0
2018-10-25,58570,2018-03-31,2,,,,,,,,,,,,,,,,,,,,,,,,,,,,,,,,,,,32599271,false,false,6,2017-04-01,2017-09-30,-1
2019-02-01,58570,2019-03-31,3,,,,,,,9923000000,-0.067,,,,6273000000,,158.88,158.67,,,,,156684000000,,,,,,,,,,,,,,,,true,false,9,2018-04-01,2018-12-31,0
2019-02-01,58570,2018-03-31,3,,,,,,,10639000000,0.317,,,,7319000000,,220.32,220.32,,,,,,,,,,,,,,,,,,,,,true,false,9,2017-04-01,2017-12-31,-1
2019-02-01,58570,2019-03-31,3,,,,,,,14000000000,0.015,,,,9500000000,,239.90,,,,,,,,,,,,,,,,,,,,,,true,true,12,2018-04-01,2019-03-31,0
2019-02-01,58570,2018-03-31,3,,,,,,,,,,,,,,,,,,,,131484000000,,,,,,,,,,,,,,,,true,false,12,2017-04-01,2018-03-31,-1
2019-02-01,58570,2018-03-31,3,,,,,,,,,,,,,,,,,,,,,,,,,,,,,63.00,,,,39854344,255287,,false,false,12,2017-04-01,2018-03-31,-1
2019-02-01,58570,2019-03-31,3,,,,,,,,,,,,,,,,,,,,,,,,,,,,,60.00,,,,,,,false,false,12,2018-04-01,2019-03-31,0
2019-02-01,58570,2019-03-31,3,,,,,,,,,,,,,,,,,,,,,,,,,,,,,120.00,,,,,,,false,true,12,2018-04-01,2019-03-31,0
2019-02-01,58570,2019-03-31,3,,,,,,,,,,,,,,,,,,,,,,,,,,,,,,,,,39854344,505487,39487710,false,false,9,2018-04-01,2018-12-31,0
2019-02-01,58570,2018-03-31,3,,,,,,,,,,,,,,,,,,,,,,,,,,,,,,,,,,,33222363,false,false,9,2017-04-01,2017-12-31,-1
2019-04-24,58570,2019-03-31,,,,,,,,14400000000,0.029,,,,9000000000,,228.12,,,,,,,,,,,,,,,,,,,,,,true,true,12,2018-04-01,2019-03-31,0
2019-04-24,58570,2018-03-31,,,,,,,,13791000000,,,,,9416000000,,270.77,,,,,,,,,,,,,,,,,,,,,,true,false,12,2017-04-01,2018-03-31,-1
2019-05-08,58570,2019-03-31,,8429000000,0.067,,,,,7044000000,0.034,6902000000,-0.004,6824000000,,0.003,172.98,172.27,,,,,75394000000,54782000000,0.727,1392.23,54782000000,,,,,120.00,,,,39854344,505487,39453473,false,false,12,2018-04-01,2019-03-31,0
2019-05-08,58570,2018-03-31,,7903000000,0.278,,,,,6810000000,0.405,6930000000,0.364,6806000000,,,195.73,195.10,,,,,72818000000,52241000000,0.717,1319.27,52241000000,,,,,63.00,,,,39854344,255287,34775417,false,false,12,2017-04-01,2018-03-31,-1
2019-05-08,58570,2019-03-31,,,,,,,,14478000000,0.050,,,,9000000000,,228.14,227.21,,,,,160272000000,,,,,-20648000000,-5629000000,18261000000,,,0.526,,,,,,true,false,12,2018-04-01,2019-03-31,0
2019-05-08,58570,2018-03-31,,,,,,,,13791000000,5.766,,,,9416000000,,270.77,269.90,,,,,131484000000,,,,,-13397000000,-2829000000,29776000000,,,0.233,,,,,,true,false,12,2017-04-01,2018-03-31,-1
2019-05-08,58570,2020-03-31,,,,,,,,6800000000,-0.009,,,,4400000000,,111.82,,,,,,,,,,,,,,,,,,,,,,true,true,6,2019-04-01,2019-09-30,1
2019-05-08,58570,2020-03-31,,,,,,,,14500000000,0.001,,,,9400000000,,238.89,,,,,,,,,,,,,,,,0.502,,,,,,true,true,12,2019-04-01,2020-03-31,1
2019-05-08,58570,2020-03-31,,,,,,,,,,,,,,,,,,,,,,,,,,,,,,120.00,,,,,,,false,true,12,2019-04-01,2020-03-31,1
2019-07-25,58570,2020-03-31,1,,,,,,,3817000000,0.078,,,,2035000000,,51.74,51.56,,,,,160315000000,,,,,,,,,,,,,,,,true,false,3,2019-04-01,2019-06-30,0
2019-07-25,58570,2019-03-31,1,,,,,,,3542000000,0.015,,,,2373000000,,59.93,59.76,,,,,,,,,,,,,,,,,,,,,true,false,3,2018-04-01,2018-06-30,-1
2019-07-25,58570,2020-03-31,1,,,,,,,6800000000,-0.009,,,,4400000000,,111.82,,,,,,,,,,,,,,,,,,,,,,true,true,6,2019-04-01,2019-09-30,0
2019-07-25,58570,2020-03-31,1,,,,,,,14500000000,0.001,,,,9400000000,,238.89,,,,,,,,,,,,,,,,,,,,,,true,true,12,2019-04-01,2020-03-31,0
2019-07-25,58570,2019-03-31,1,,,,,,,,,,,,,,,,,,,,160272000000,,,,,,,,,,,,,,,,true,false,12,2018-04-01,2019-03-31,-1
2019-07-25,58570,2019-03-31,1,,,,,,,,,,,,,,,,,,,,,,,,,,,,,120.00,,,,39854344,505487,,false,false,12,2018-04-01,2019-03-31,-1
2019-07-25,58570,2020-03-31,1,,,,,,,,,,,,,,,,,,,,,,,,,,,,,0.00,,,,,,,false,false,12,2019-04-01,2020-03-31,0
2019-07-25,58570,2020-03-31,1,,,,,,,,,,,,,,,,,,,,,,,,,,,,,120.00,,,,,,,false,true,12,2019-04-01,2020-03-31,0
2019-07-25,58570,2020-03-31,1,,,,,,,,,,,,,,,,,,,,,,,,,,,,,,,,,39854344,505487,39348857,false,false,3,2019-04-01,2019-06-30,0
2019-07-25,58570,2019-03-31,1,,,,,,,,,,,,,,,,,,,,,,,,,,,,,,,,,,,39599045,false,false,3,2018-04-01,2018-06-30,-1
2019-10-29,58570,2020-03-31,2,,,,,,,8505000000,0.239,,,,4506000000,,114.53,114.14,,,,,209966000000,,,,,,,,,,,,,,,,true,false,6,2019-04-01,2019-09-30,0
2019-10-29,58570,2019-03-31,2,,,,,,,6864000000,0.075,,,,4541000000,,114.84,114.62,,,,,,,,,,,,,,,,,,,,,true,false,6,2018-04-01,2018-09-30,-1
2019-10-29,58570,2020-03-31,2,,,,,,,19000000000,0.312,,,,10200000000,,259.22,,,,,,,,,,,,,,,,,,,,,,true,true,12,2019-04-01,2020-03-31,0
2019-10-29,58570,2019-03-31,2,,,,,,,,,,,,,,,,,,,,160272000000,,,,,,,,,,,,,,,,true,false,12,2018-04-01,2019-03-31,-1
2019-10-29,58570,2019-03-31,2,,,,,,,,,,,,,,,,,,,,,,,,,,,,,120.00,,,,39854344,505487,,false,false,12,2018-04-01,2019-03-31,-1
2019-10-29,58570,2020-03-31,2,,,,,,,,,,,,,,,,,,,,,,,,,,,,,60.00,,,,,,,false,false,12,2019-04-01,2020-03-31,0
2019-10-29,58570,2020-03-31,2,,,,,,,,,,,,,,,,,,,,,,,,,,,,,120.00,,,,,,,false,true,12,2019-04-01,2020-03-31,0
2019-10-29,58570,2020-03-31,2,,,,,,,,,,,,,,,,,,,,,,,,,,,,,,,,,39854344,505487,39348857,false,false,6,2019-04-01,2019-09-30,0
2019-10-29,58570,2019-03-31,2,,,,,,,,,,,,,,,,,,,,,,,,,,,,,,,,,,,39547943,false,false,6,2018-04-01,2018-09-30,-1
2020-01-31,58570,2020-03-31,3,,,,,,,13894000000,0.448,,,,6402000000,,162.72,162.17,,,,,226554000000,,,,,,,,,,,,,,,,true,false,9,2019-04-01,2019-12-31,0
2020-01-31,58570,2019-03-31,3,,,,,,,9595000000,,,,,6273000000,,158.88,158.67,,,,,,,,,,,,,,,,,,,,,true,false,9,2018-04-01,2018-12-31,-1
2020-01-31,58570,2020-03-31,3,,,,,,,19000000000,0.413,,,,9400000000,,238.89,,,,,,,,,,,,,,,,,,,,,,true,true,12,2019-04-01,2020-03-31,0
2020-01-31,58570,2019-03-31,3,,,,,,,,,,,,,,,,,,,,160272000000,,,,,,,,,,,,,,,,true,false,12,2018-04-01,2019-03-31,-1
2020-01-31,58570,2019-03-31,3,,,,,,,,,,,,,,,,,,,,,,,,,,,,,120.00,,,,39854344,505487,,false,false,12,2018-04-01,2019-03-31,-1
2020-01-31,58570,2020-03-31,3,,,,,,,,,,,,,,,,,,,,,,,,,,,,,60.00,,,,,,,false,false,12,2019-04-01,2020-03-31,0
2020-01-31,58570,2020-03-31,3,,,,,,,,,,,,,,,,,,,,,,,,,,,,,130.00,,,,,,,false,true,12,2019-04-01,2020-03-31,0
2020-01-31,58570,2020-03-31,3,,,,,,,,,,,,,,,,,,,,,,,,,,,,,,,,,39854344,505537,39348848,false,false,9,2019-04-01,2019-12-31,0
2020-01-31,58570,2019-03-31,3,,,,,,,,,,,,,,,,,,,,,,,,,,,,,,,,,,,39487710,false,false,9,2018-04-01,2018-12-31,-1
2020-04-30,58570,2020-03-31,,11398000000,0.352,,,,,10087000000,0.432,10273000000,0.488,10122000000,,0.483,257.25,255.48,,,,,85838000000,60126000000,0.700,1528.03,60126000000,,,,,130.00,,,,39854344,505637,39348825,false,false,12,2019-04-01,2020-03-31,0
2020-04-30,58570,2019-03-31,,8429000000,0.067,,,,,7044000000,0.034,6902000000,-0.004,6824000000,,0.003,172.98,172.27,,,,,75394000000,54782000000,0.727,1392.23,54782000000,,,,,120.00,,,,39854344,505487,39453473,false,false,12,2018-04-01,2019-03-31,-1
2020-04-30,58570,2020-03-31,,,,,,,,20119000000,0.497,,,,9846000000,,250.24,248.53,,,,,229958000000,,,,,-60318000000,1927000000,65165000000,,,0.520,,,,,,true,false,12,2019-04-01,2020-03-31,0
2020-04-30,58570,2019-03-31,,,,,,,,13442000000,,,,,9000000000,,228.14,227.21,,,,,160272000000,,,,,-20648000000,-5629000000,18261000000,,,0.526,,,,,,true,false,12,2018-04-01,2019-03-31,-1
2020-04-30,58570,2021-03-31,,,,,,,,6700000000,-0.165,,,,4400000000,,111.82,,,,,,,,,,,,,,,,,,,,,,true,true,6,2020-04-01,2020-09-30,1
2020-04-30,58570,2021-03-31,,,,,,,,16000000000,-0.205,,,,10600000000,,269.39,,,,,,,,,,,,,,,,0.520,,,,,,true,true,12,2020-04-01,2021-03-31,1
2020-04-30,58570,2021-03-31,,,,,,,,,,,,,,,,,,,,,,,,,,,,,,140.00,,,,,,,false,true,12,2020-04-01,2021-03-31,1
2020-07-29,58570,2021-03-31,1,,,,,,,5258000000,0.565,,,,3632000000,,92.31,91.69,,,,,236105000000,,,,,,,,,,,,,,,,true,false,3,2020-04-01,2020-06-30,0
2020-07-29,58570,2020-03-31,1,,,,,,,3359000000,,,,,2035000000,,51.74,51.56,,,,,,,,,,,,,,,,,,,,,true,false,3,2019-04-01,2019-06-30,-1
2020-07-29,58570,2021-03-31,1,,,,,,,10800000000,0.557,,,,7300000000,,185.52,,,,,,,,,,,,,,,,,,,,,,true,true,6,2020-04-01,2020-09-30,0
2020-07-29,58570,2021-03-31,1,,,,,,,21000000000,0.166,,,,14000000000,,355.79,,,,,,,,,,,,,,,,,,,,,,true,true,12,2020-04-01,2021-03-31,0
2020-07-29,58570,2020-03-31,1,,,,,,,,,,,,,,,,,,,,229958000000,,,,,,,,,,,,,,,,true,false,12,2019-04-01,2020-03-31,-1
2020-07-29,58570,2020-03-31,1,,,,,,,,,,,,,,,,,,,,,,,,,,,,,130.00,,,,39854344,505637,,false,false,12,2019-04-01,2020-03-31,-1
2020-07-29,58570,2021-03-31,1,,,,,,,,,,,,,,,,,,,,,,,,,,,,,160.00,,,,,,,false,true,12,2020-04-01,2021-03-31,0
2020-07-29,58570,2021-03-31,1,,,,,,,,,,,,,,,,,,,,,,,,,,,,,,,,,39854344,505687,39348665,false,false,3,2020-04-01,2020-06-30,0
2020-07-29,58570,2020-03-31,1,,,,,,,,,,,,,,,,,,,,,,,,,,,,,,,,,,,39348857,false,false,3,2019-04-01,2019-06-30,-1
2020-10-28,58570,2021-03-31,2,,,,,,,11828000000,0.705,,,,8233000000,,209.24,207.83,,,,,238119000000,,,,,,,,,,,,,,,,true,false,6,2020-04-01,2020-09-30,0
2020-10-28,58570,2020-03-31,2,,,,,,,6937000000,,,,,4506000000,,114.53,114.14,,,,,,,,,,,,,,,,,,,,,true,false,6,2019-04-01,2019-09-30,-1
2020-10-28,58570,2021-03-31,2,,,,,,,21000000000,0.166,,,,14000000000,,355.79,,,,,,,,,,,,,,,,,,,,,,true,true,12,2020-04-01,2021-03-31,0
2020-10-28,58570,2020-03-31,2,,,,,,,,,,,,,,,,,,,,229958000000,,,,,,,,,,,,,,,,true,false,12,2019-04-01,2020-03-31,-1
2020-10-28,58570,2020-03-31,2,,,,,,,,,,,,,,,,,,,,,,,,,,,,,130.00,,,,39854344,505637,,false,false,12,2019-04-01,2020-03-31,-1
2020-10-28,58570,2021-03-31,2,,,,,,,,,,,,,,,,,,,,,,,,,,,,,80.00,,,,,,,false,false,12,2020-04-01,2021-03-31,0
2020-10-28,58570,2021-03-31,2,,,,,,,,,,,,,,,,,,,,,,,,,,,,,160.00,,,,,,,false,true,12,2020-04-01,2021-03-31,0
2020-10-28,58570,2021-03-31,2,,,,,,,,,,,,,,,,,,,,,,,,,,,,,,,,,39854344,505837,39348635,false,false,6,2020-04-01,2020-09-30,0
2020-10-28,58570,2020-03-31,2,,,,,,,,,,,,,,,,,,,,,,,,,,,,,,,,,,,39348857,false,false,6,2019-04-01,2019-09-30,-1
2021-01-29,58570,2021-03-31,3,,,,,,,17248000000,0.408,,,,11961000000,,303.98,301.93,,,,,266468000000,,,,,,,,,,,,,,,,true,false,9,2020-04-01,2020-12-31,0
2021-01-29,58570,2020-03-31,3,,,,,,,12246000000,,,,,6402000000,,162.72,162.17,,,,,,,,,,,,,,,,,,,,,true,false,9,2019-04-01,2019-12-31,-1
2021-01-29,58570,2021-03-31,3,,,,,,,24000000000,0.333,,,,25000000000,,635.35,,,,,,,,,,,,,,,,,,,,,,true,true,12,2020-04-01,2021-03-31,0
2021-01-29,58570,2020-03-31,3,,,,,,,,,,,,,,,,,,,,229958000000,,,,,,,,,,,,,,,,true,false,12,2019-04-01,2020-03-31,-1
2021-01-29,58570,2020-03-31,3,,,,,,,,,,,,,,,,,,,,,,,,,,,,,130.00,,,,39854344,505637,,false,false,12,2019-04-01,2020-03-31,-1
2021-01-29,58570,2021-03-31,3,,,,,,,,,,,,,,,,,,,,,,,,,,,,,80.00,,,,,,,false,false,12,2020-04-01,2021-03-31,0
2021-01-29,58570,2021-03-31,3,,,,,,,,,,,,,,,,,,,,,,,,,,,,,170.00,,,,,,,false,true,12,2020-04-01,2021-03-31,0
2021-01-29,58570,2021-03-31,3,,,,,,,,,,,,,,,,,,,,,,,,,,,,,,,,,39854344,505837,39348579,false,false,9,2020-04-01,2020-12-31,0
2021-01-29,58570,2020-03-31,3,,,,,,,,,,,,,,,,,,,,,,,,,,,,,,,,,,,39348848,false,false,9,2019-04-01,2019-12-31,-1
2021-04-27,58570,2021-03-31,,14003000000,0.229,,,,,13080000000,0.297,12435000000,0.210,20283000000,,1.004,257.74,256.01,,,,,111021000000,75582000000,0.670,945.86,74435000000,,,,,170.00,,,,79708688,1011774,78697109,false,false,12,2020-04-01,2021-03-31,0
2021-04-27,58570,2020-03-31,,11398000000,0.352,,,,,10087000000,0.432,10273000000,0.488,10122000000,,0.483,128.62,127.74,,,,,85838000000,60126000000,0.700,764.02,60126000000,,,,,130.00,,,,79708688,1011274,78697650,false,false,12,2019-04-01,2020-03-31,-1
2021-04-27,58570,2021-03-31,,,,,,,,25126000000,0.395,,,,25725000000,,326.90,322.92,,,,,244803000000,,,,,-33353000000,-2800000000,24422000000,,,0.260,,,,,,true,false,12,2020-04-01,2021-03-31,0
2021-04-27,58570,2020-03-31,,,,,,,,18010000000,,,,,9846000000,,125.12,124.26,,,,,229958000000,,,,,4572000000,1927000000,273000000,,,0.520,,,,,,true,false,12,2019-04-01,2020-03-31,-1
2021-04-27,58570,2022-03-31,,,,,,,,12500000000,0.057,,,,8700000000,,110.55,,,,,,,,,,,,,,,,,,,,,,true,true,6,2021-04-01,2021-09-30,1
2021-04-27,58570,2022-03-31,,,,,,,,26000000000,0.035,,,,18200000000,,231.27,,,,,,,,,,,,,,,,0.389,,,,,,true,true,12,2021-04-01,2022-03-31,1
2021-04-27,58570,2022-03-31,,,,,,,,,,,,,,,,,,,,,,,,,,,,,,90.00,,,,,,,false,true,12,2021-04-01,2022-03-31,1
2021-07-28,58570,2022-03-31,1,,,,,,,6933000000,0.319,,,,4842000000,,61.53,55.12,,,,,261740000000,,,,,,,,,,,,,,,,true,false,3,2021-04-01,2021-06-30,0
2021-07-28,58570,2021-03-31,1,,,,,,,5258000000,0.565,,,,3632000000,,46.16,45.85,,,,,,,,,,,,,,,,,,,,,true,false,3,2020-04-01,2020-06-30,-1
2021-07-28,58570,2022-03-31,1,,,,,,,12500000000,0.057,,,,8700000000,,110.55,,,,,,,,,,,,,,,,,,,,,,true,true,6,2021-04-01,2021-09-30,0
2021-07-28,58570,2022-03-31,1,,,,,,,26000000000,0.035,,,,18200000000,,231.27,,,,,,,,,,,,,,,,,,,,,,true,true,12,2021-04-01,2022-03-31,0
2021-07-28,58570,2021-03-31,1,,,,,,,,,,,,,,,,,,,,244803000000,,,,,,,,,,,,,,,,true,false,12,2020-04-01,2021-03-31,-1
2021-07-28,58570,2021-03-31,1,,,,,,,,,,,,,,,,,,,,,,,,,,,,,170.00,,,,79708688,1011774,,false,false,12,2020-04-01,2021-03-31,-1
2021-07-28,58570,2022-03-31,1,,,,,,,,,,,,,,,,,,,,,,,,,,,,,90.00,,,,,,,false,true,12,2021-04-01,2022-03-31,0
2021-07-28,58570,2022-03-31,1,,,,,,,,,,,,,,,,,,,,,,,,,,,,,,,,,79708688,1011774,78696914,false,false,3,2021-04-01,2021-06-30,0
2021-07-28,58570,2021-03-31,1,,,,,,,,,,,,,,,,,,,,,,,,,,,,,,,,,,,78697329,false,false,3,2020-04-01,2020-06-30,-1
2021-10-27,5857,2022-03-31,2,,,,,,,13698000000,0.158,,,,9653000000,,122.62,110.14,,,,,255844000000,,,,,,,,,,,,,,,,true,false,6,2021-04-01,2021-09-30,0
2021-10-27,5857,2021-03-31,2,,,,,,,11828000000,0.705,,,,8233000000,,104.62,103.91,,,,,,,,,,,,,,,,,,,,,true,false,6,2020-04-01,2020-09-30,-1
2021-10-27,5857,2022-03-31,2,,,,,,,26000000000,0.035,,,,18200000000,,231.27,,,,,,,,,,,,,,,,,,,,,,true,true,12,2021-04-01,2022-03-31,0
2021-10-27,5857,2021-03-31,2,,,,,,,,,,,,,,,,,,,,244803000000,,,,,,,,,,,,,,,,true,false,12,2020-04-01,2021-03-31,-1
2021-10-27,5857,2021-03-31,2,,,,,,,,,,,,,,,,,,,,,,,,,,,,,170.00,,,,79708688,1011774,,false,false,12,2020-04-01,2021-03-31,-1
2021-10-27,5857,2022-03-31,2,,,,,,,,,,,,,,,,,,,,,,,,,,,,,45.00,,,,,,,false,false,12,2021-04-01,2022-03-31,0
2021-10-27,5857,2022-03-31,2,,,,,,,,,,,,,,,,,,,,,,,,,,,,,90.00,,,,,,,false,true,12,2021-04-01,2022-03-31,0
2021-10-27,5857,2022-03-31,2,,,,,,,,,,,,,,,,,,,,,,,,,,,,,,,,,79708688,1065374,78723561,false,false,6,2021-04-01,2021-09-30,0
2021-10-27,5857,2021-03-31,2,,,,,,,,,,,,,,,,,,,,,,,,,,,,,,,,,,,78697271,false,false,6,2020-04-01,2020-09-30,-1
2022-01-28,5857,2022-03-31,3,,,,,,,19318000000,0.120,,,,13567000000,,172.40,155.31,,,,,297037000000,,,,,,,,,,,,,,,,true,false,9,2021-04-01,2021-12-31,0
2022-01-28,5857,2021-03-31,3,,,,,,,17248000000,0.408,,,,11961000000,,151.99,150.97,,,,,,,,,,,,,,,,,,,,,true,false,9,2020-04-01,2020-12-31,-1
2022-01-28,5857,2022-03-31,3,,,,,,,26000000000,0.035,,,,18200000000,,231.27,,,,,,,,,,,,,,,,,,,,,,true,true,12,2021-04-01,2022-03-31,0
2022-01-28,5857,2021-03-31,3,,,,,,,,,,,,,,,,,,,,244803000000,,,,,,,,,,,,,,,,true,false,12,2020-04-01,2021-03-31,-1
2022-01-28,5857,2021-03-31,3,,,,,,,,,,,,,,,,,,,,,,,,,,,,,170.00,,,,79708688,1011774,,false,false,12,2020-04-01,2021-03-31,-1
2022-01-28,5857,2022-03-31,3,,,,,,,,,,,,,,,,,,,,,,,,,,,,,45.00,,,,,,,false,false,12,2021-04-01,2022-03-31,0
2022-01-28,5857,2022-03-31,3,,,,,,,,,,,,,,,,,,,,,,,,,,,,,90.00,,,,,,,false,true,12,2021-04-01,2022-03-31,0
2022-01-28,5857,2022-03-31,3,,,,,,,,,,,,,,,,,,,,,,,,,,,,,,,,,79708688,1065405,78696714,false,false,9,2021-04-01,2021-12-31,0
2022-01-28,5857,2021-03-31,3,,,,,,,,,,,,,,,,,,,,,,,,,,,,,,,,,,,78697158,false,false,9,2020-04-01,2020-12-31,-1
2022-04-27,5857,2022-03-31,,16229000000,0.159,,,,,14694000000,0.123,14972000000,0.204,14964000000,,-0.262,190.19,188.95,,,,,122730000000,82338000000,0.662,1032.41,81191000000,,,,,90.00,,,,79708688,1065437,78683537,false,false,12,2021-04-01,2022-03-31,0
2022-04-27,5857,2021-03-31,,14003000000,0.229,,,,,13080000000,0.297,12435000000,0.210,20283000000,,1.004,257.74,256.01,,,,,111021000000,75582000000,0.670,945.86,74435000000,,,,,170.00,,,,79708688,1011774,78697109,false,false,12,2020-04-01,2021-03-31,-1
2022-04-27,5857,2022-03-31,,,,,,,,26446000000,0.053,,,,18735000000,,238.11,214.13,,,,,298387000000,,,,,11103000000,-7820000000,-6044000000,,,0.378,,,,,,true,false,12,2021-04-01,2022-03-31,0
2022-04-27,5857,2021-03-31,,,,,,,,25126000000,0.395,,,,25725000000,,326.90,322.92,,,,,244803000000,,,,,-33353000000,-2800000000,24422000000,,,0.260,,,,,,true,false,12,2020-04-01,2021-03-31,-1
2022-04-27,5857,2023-03-31,,,,,,,,12000000000,-0.124,,,,8000000000,,101.73,,,,,,,,,,,,,,,,,,,,,,true,true,6,2022-04-01,2022-09-30,1
2022-04-27,5857,2023-03-31,,,,,,,,24000000000,-0.093,,,,16000000000,,203.45,,,,,,,,,,,,,,,,0.442,,,,,,true,true,12,2022-04-01,2023-03-31,1
2022-04-27,5857,2023-03-31,,,,,,,,,,,,,,,,,,,,,,,,,,,,,,90.00,,,,,,,false,true,12,2022-04-01,2023-03-31,1
2022-07-28,5857,2023-03-31,1,,,,,,,5691000000,-0.179,,,,4268000000,,54.27,49.11,,,,,287063000000,,,,,,,,,,,,,,,,true,false,3,2022-04-01,2022-06-30,0
2022-07-28,5857,2022-03-31,1,,,,,,,6933000000,0.319,,,,4842000000,,61.53,55.12,,,,,,,,,,,,,,,,,,,,,true,false,3,2021-04-01,2021-06-30,-1
2022-07-28,5857,2023-03-31,1,,,,,,,12000000000,-0.124,,,,8000000000,,101.73,,,,,,,,,,,,,,,,,,,,,,true,true,6,2022-04-01,2022-09-30,0
2022-07-28,5857,2023-03-31,1,,,,,,,24000000000,-0.093,,,,16000000000,,203.45,,,,,,,,,,,,,,,,,,,,,,true,true,12,2022-04-01,2023-03-31,0
2022-07-28,5857,2022-03-31,1,,,,,,,,,,,,,,,,,,,,298387000000,,,,,,,,,,,,,,,,true,false,12,2021-04-01,2022-03-31,-1
2022-07-28,5857,2022-03-31,1,,,,,,,,,,,,,,,,,,,,,,,,,,,,,90.00,,,,79708688,1065437,,false,false,12,2021-04-01,2022-03-31,-1
2022-07-28,5857,2023-03-31,1,,,,,,,,,,,,,,,,,,,,,,,,,,,,,90.00,,,,,,,false,true,12,2022-04-01,2023-03-31,0
2022-07-28,5857,2023-03-31,1,,,,,,,,,,,,,,,,,,,,,,,,,,,,,,,,,79708688,1065437,78643251,false,false,3,2022-04-01,2022-06-30,0
2022-07-28,5857,2022-03-31,1,,,,,,,,,,,,,,,,,,,,,,,,,,,,,,,,,,,78696914,false,false,3,2021-04-01,2021-06-30,-1
2022-10-27,5857,2023-03-31,2,,,,,,,11493000000,-0.161,,,,7293000000,,93.30,84.63,,,,,285607000000,,,,,,,,,,,,,,,,true,false,6,2022-04-01,2022-09-30,0
2022-10-27,5857,2022-03-31,2,,,,,,,13698000000,0.158,,,,9653000000,,122.62,110.14,,,,,,,,,,,,,,,,,,,,,true,false,6,2021-04-01,2021-09-30,-1
2022-10-27,5857,2023-03-31,2,,,,,,,24000000000,-0.093,,,,15600000000,,201.52,,,,,,,,,,,,,,,,,,,,,,true,true,12,2022-04-01,2023-03-31,0
2022-10-27,5857,2022-03-31,2,,,,,,,,,,,,,,,,,,,,298387000000,,,,,,,,,,,,,,,,true,false,12,2021-04-01,2022-03-31,-1
2022-10-27,5857,2022-03-31,2,,,,,,,,,,,,,,,,,,,,,,,,,,,,,90.00,,,,79708688,1065437,,false,false,12,2021-04-01,2022-03-31,-1
2022-10-27,5857,2023-03-31,2,,,,,,,,,,,,,,,,,,,,,,,,,,,,,45.00,,,,,,,false,false,12,2022-04-01,2023-03-31,0
2022-10-27,5857,2023-03-31,2,,,,,,,,,,,,,,,,,,,,,,,,,,,,,90.00,,,,,,,false,true,12,2022-04-01,2023-03-31,0
2022-10-27,5857,2023-03-31,2,,,,,,,,,,,,,,,,,,,,,,,,,,,,,,,,,79708688,3065437,78173306,false,false,6,2022-04-01,2022-09-30,0
2022-10-27,5857,2022-03-31,2,,,,,,,,,,,,,,,,,,,,,,,,,,,,,,,,,,,78723561,false,false,6,2021-04-01,2021-09-30,-1
2023-01-31,5857,2023-03-31,3,,,,,,,17506000000,-0.094,,,,10174000000,,131.01,118.94,,,,,361433000000,,,,,,,,,,,,,,,,true,false,9,2022-04-01,2022-12-31,0
2023-01-31,5857,2022-03-31,3,,,,,,,19318000000,0.120,,,,13567000000,,172.40,155.31,,,,,,,,,,,,,,,,,,,,,true,false,9,2021-04-01,2021-12-31,-1
2023-01-31,5857,2023-03-31,3,,,,,,,24000000000,-0.093,,,,15600000000,,201.52,,,,,,,,,,,,,,,,,,,,,,true,true,12,2022-04-01,2023-03-31,0
2023-01-31,5857,2022-03-31,3,,,,,,,,,,,,,,,,,,,,298387000000,,,,,,,,,,,,,,,,true,false,12,2021-04-01,2022-03-31,-1
2023-01-31,5857,2022-03-31,3,,,,,,,,,,,,,,,,,,,,,,,,,,,,,90.00,,,,79708688,1065437,,false,false,12,2021-04-01,2022-03-31,-1
2023-01-31,5857,2023-03-31,3,,,,,,,,,,,,,,,,,,,,,,,,,,,,,45.00,,,,,,,false,false,12,2022-04-01,2023-03-31,0
2023-01-31,5857,2023-03-31,3,,,,,,,,,,,,,,,,,,,,,,,,,,,,,90.00,,,,,,,false,true,12,2022-04-01,2023-03-31,0
2023-01-31,5857,2023-03-31,3,,,,,,,,,,,,,,,,,,,,,,,,,,,,,,,,,79708688,3065437,77661433,false,false,9,2022-04-01,2022-12-31,0
2023-01-31,5857,2022-03-31,3,,,,,,,,,,,,,,,,,,,,,,,,,,,,,,,,,,,78696714,false,false,9,2021-04-01,2021-12-31,-1
2023-04-27,5857,2023-03-31,,6181000000,-0.619,,,,,5285000000,-0.640,5649000000,-0.623,4988000000,,-0.667,64.45,64.24,,,,,105827000000,76143000000,0.709,978.52,74996000000,,,,,90.00,,,,79708688,3065458,77410371,false,false,12,2022-04-01,2023-03-31,0
2023-04-27,5857,2022-03-31,,16229000000,0.159,,,,,14694000000,0.123,14972000000,0.204,14964000000,,-0.262,190.19,188.95,,,,,122730000000,82338000000,0.662,1032.41,81191000000,,,,,90.00,,,,79708688,1065437,78683537,false,false,12,2021-04-01,2022-03-31,-1
2023-04-27,5857,2023-03-31,,,,,,,,19263000000,-0.272,,,,10929000000,,141.19,128.72,,,,,287448000000,,,,,36754000000,-3935000000,-23818000000,,,0.637,,,,,,true,false,12,2022-04-01,2023-03-31,0
2023-04-27,5857,2022-03-31,,,,,,,,26446000000,0.053,,,,18735000000,,238.11,214.13,,,,,298387000000,,,,,11103000000,-7820000000,-6044000000,,,0.378,,,,,,true,false,12,2021-04-01,2022-03-31,-1
2023-04-27,5857,2024-03-31,,,,,,,,8000000000,-0.304,,,,5500000000,,71.76,,,,,,,,,,,,,,,,,,,,,,true,true,6,2023-04-01,2023-09-30,1
2023-04-27,5857,2024-03-31,,,,,,,,19000000000,-0.014,,,,13200000000,,172.23,,,,,,,,,,,,,,,,0.523,,,,,,true,true,12,2023-04-01,2024-03-31,1
2023-04-27,5857,2024-03-31,,,,,,,,,,,,,,,,,,,,,,,,,,,,,,90.00,,,,,,,false,true,12,2023-04-01,2024-03-31,1
2023-07-27,5857,2024-03-31,1,,,,,,,3050000000,-0.464,,,,2396000000,,31.26,28.56,,,,,356802000000,,,,,,,,,,,,,,,,true,false,3,2023-04-01,2023-06-30,0
2023-07-27,5857,2023-03-31,1,,,,,,,5691000000,-0.179,,,,4268000000,,54.27,49.11,,,,,,,,,,,,,,,,,,,,,true,false,3,2022-04-01,2022-06-30,-1
2023-07-27,5857,2024-03-31,1,,,,,,,8000000000,-0.304,,,,5500000000,,71.76,,,,,,,,,,,,,,,,,,,,,,true,true,6,2023-04-01,2023-09-30,0
2023-07-27,5857,2024-03-31,1,,,,,,,19000000000,-0.014,,,,13200000000,,172.23,,,,,,,,,,,,,,,,,,,,,,true,true,12,2023-04-01,2024-03-31,0
2023-07-27,5857,2023-03-31,1,,,,,,,,,,,,,,,,,,,,287448000000,,,,,,,,,,,,,,,,true,false,12,2022-04-01,2023-03-31,-1
2023-07-27,5857,2023-03-31,1,,,,,,,,,,,,,,,,,,,,,,,,,,,,,90.00,,,,79708688,3065458,,false,false,12,2022-04-01,2023-03-31,-1
2023-07-27,5857,2024-03-31,1,,,,,,,,,,,,,,,,,,,,,,,,,,,,,90.00,,,,,,,false,true,12,2023-04-01,2024-03-31,0
2023-07-27,5857,2024-03-31,1,,,,,,,,,,,,,,,,,,,,,,,,,,,,,,,,,79708688,3065553,76643211,false,false,3,2023-04-01,2023-06-30,0
2023-07-27,5857,2023-03-31,1,,,,,,,,,,,,,,,,,,,,,,,,,,,,,,,,,,,78643251,false,false,3,2022-04-01,2022-06-30,-1
2023-10-26,5857,2024-03-31,2,,,,,,,6981000000,-0.393,,,,5259000000,,68.62,62.56,,,,,392324000000,,,,,,,,,,,,,,,,true,false,6,2023-04-01,2023-09-30,0
2023-10-26,5857,2023-03-31,2,,,,,,,11493000000,-0.161,,,,7293000000,,93.30,84.63,,,,,,,,,,,,,,,,,,,,,true,false,6,2022-04-01,2022-09-30,-1
2023-10-26,5857,2024-03-31,2,,,,,,,19000000000,-0.014,,,,13200000000,,172.23,,,,,,,,,,,,,,,,,,,,,,true,true,12,2023-04-01,2024-03-31,0
2023-10-26,5857,2023-03-31,2,,,,,,,,,,,,,,,,,,,,287448000000,,,,,,,,,,,,,,,,true,false,12,2022-04-01,2023-03-31,-1
2023-10-26,5857,2023-03-31,2,,,,,,,,,,,,,,,,,,,,,,,,,,,,,90.00,,,,79708688,3065458,,false,false,12,2022-04-01,2023-03-31,-1
2023-10-26,5857,2024-03-31,2,,,,,,,,,,,,,,,,,,,,,,,,,,,,,45.00,,,,,,,false,false,12,2023-04-01,2024-03-31,0
2023-10-26,5857,2024-03-31,2,,,,,,,,,,,,,,,,,,,,,,,,,,,,,90.00,,,,,,,false,true,12,2023-04-01,2024-03-31,0
2023-10-26,5857,2024-03-31,2,,,,,,,,,,,,,,,,,,,,,,,,,,,,,,,,,79708688,3065553,76643173,false,false,6,2023-04-01,2023-09-30,0
2023-10-26,5857,2023-03-31,2,,,,,,,,,,,,,,,,,,,,,,,,,,,,,,,,,,,78173306,false,false,6,2022-04-01,2022-09-30,-1
2024-01-31,5857,2024-03-31,3,,,,,,,10042000000,-0.426,,,,7097000000,,92.60,84.69,,,,,421057000000,,,,,,,,,,,,,,,,true,false,9,2023-04-01,2023-12-31,0
2024-01-31,5857,2023-03-31,3,,,,,,,17506000000,-0.094,,,,10174000000,,131.01,118.94,,,,,,,,,,,,,,,,,,,,,true,false,9,2022-04-01,2022-12-31,-1
2024-01-31,5857,2024-03-31,3,,,,,,,19000000000,-0.014,,,,13200000000,,172.23,,,,,,,,,,,,,,,,,,,,,,true,true,12,2023-04-01,2024-03-31,0
2024-01-31,5857,2023-03-31,3,,,,,,,,,,,,,,,,,,,,287448000000,,,,,,,,,,,,,,,,true,false,12,2022-04-01,2023-03-31,-1
2024-01-31,5857,2023-03-31,3,,,,,,,,,,,,,,,,,,,,,,,,,,,,,90.00,,,,79708688,3065458,,false,false,12,2022-04-01,2023-03-31,-1
2024-01-31,5857,2024-03-31,3,,,,,,,,,,,,,,,,,,,,,,,,,,,,,45.00,,,,,,,false,false,12,2023-04-01,2024-03-31,0
2024-01-31,5857,2024-03-31,3,,,,,,,,,,,,,,,,,,,,,,,,,,,,,90.00,,,,,,,false,true,12,2023-04-01,2024-03-31,0
2024-01-31,5857,2024-03-31,3,,,,,,,,,,,,,,,,,,,,,,,,,,,,,,,,,79708688,3065553,76643160,false,false,9,2023-04-01,2023-12-31,0
2024-01-31,5857,2023-03-31,3,,,,,,,,,,,,,,,,,,,,,,,,,,,,,,,,,,,77661433,false,false,9,2022-04-01,2022-12-31,-1
2024-02-29,58570,2024-03-31,,,,,,,,10800000000,-0.432,,,,9600000000,,125.26,,,,,,,,,,,,,,,,,,,,,,true,true,12,2023-04-01,2024-03-31,0
2024-02-29,58570,2023-03-31,,,,,,,,19263000000,,,,,10929000000,,141.19,,,,,,,,,,,,,,,,,,,,,,true,false,12,2022-04-01,2023-03-31,-1
2024-04-25,5857,2024-03-31,,10488000000,0.697,,,,,8303000000,0.571,8934000000,0.582,9315000000,,0.867,121.55,,,,,,110724000000,78459000000,0.698,1008.73,77312000000,,,,,90.00,,,,79708688,3065554,76643154,false,false,12,2023-04-01,2024-03-31,0
2024-04-25,5857,2023-03-31,,6181000000,-0.619,,,,,5285000000,-0.640,5649000000,-0.623,4988000000,,-0.667,64.45,,,,,,105827000000,76143000000,0.709,978.52,74996000000,,,,,90.00,,,,79708688,3065458,77410371,false,false,12,2022-04-01,2023-03-31,-1
2024-04-25,5857,2024-03-31,,,,,,,,12367000000,-0.240,,,,24490000000,,319.54,287.01,,,,,317998000000,,,,,12621000000,-28707000000,7050000000,,,0.282,,,,,,true,false,12,2023-04-01,2024-03-31,0
2024-04-25,5857,2023-03-31,,,,,,,,16282000000,,,,,10929000000,,141.19,128.72,,,,,287448000000,,,,,36754000000,-3935000000,-23818000000,,,0.637,,,,,,true,false,12,2022-04-01,2023-03-31,-1
2024-04-25,5857,2025-03-31,,,,,,,,8500000000,0.491,,,,6304000000,,82.66,,,,,,,,,,,,,,,,,,,,,,true,true,6,2024-04-01,2024-09-30,1
2024-04-25,5857,2025-03-31,,,,,,,,18000000000,0.455,,,,13148000000,,172.53,,,,,,,,,,,,,,,,0.464,,,,,,true,true,12,2024-04-01,2025-03-31,1
2024-04-25,5857,2025-03-31,,,,,,,,,,,,,,,,,,,,,,,,,,,,,,80.00,,,,,,,false,true,12,2024-04-01,2025-03-31,1
2024-07-31,5857,2025-03-31,1,,,,,,,3617000000,0.470,,,,3197000000,,41.83,37.99,,,,,384503000000,,,,,,,,,,,,,,,,true,false,3,2024-04-01,2024-06-30,0
2024-07-31,5857,2024-03-31,1,,,,,,,2461000000,,,,,2396000000,,31.26,28.56,,,,,,,,,,,,,,,,,,,,,true,false,3,2023-04-01,2023-06-30,-1
2024-07-31,5857,2025-03-31,1,,,,,,,8500000000,0.491,,,,6304000000,,82.66,,,,,,,,,,,,,,,,,,,,,,true,true,6,2024-04-01,2024-09-30,0
2024-07-31,5857,2025-03-31,1,,,,,,,18000000000,0.455,,,,13148000000,,172.53,,,,,,,,,,,,,,,,,,,,,,true,true,12,2024-04-01,2025-03-31,0
2024-07-31,5857,2024-03-31,1,,,,,,,,,,,,,,,,,,,,317998000000,,,,,,,,,,,,,,,,true,false,12,2023-04-01,2024-03-31,-1
2024-07-31,5857,2024-03-31,1,,,,,,,,,,,,,,,,,,,,,,,,,,,,,90.00,,,,79708688,3065554,,false,false,12,2023-04-01,2024-03-31,-1
2024-07-31,5857,2025-03-31,1,,,,,,,,,,,,,,,,,,,,,,,,,,,,,80.00,,,,,,,false,true,12,2024-04-01,2025-03-31,0
2024-07-31,5857,2025-03-31,1,,,,,,,,,,,,,,,,,,,,,,,,,,,,,,,,,79708688,3563054,76433500,false,false,3,2024-04-01,2024-06-30,0
2024-07-31,5857,2024-03-31,1,,,,,,,,,,,,,,,,,,,,,,,,,,,,,,,,,,,76643211,false,false,3,2023-04-01,2023-06-30,-1
2024-10-30,5857,2025-03-31,2,,,,,,,8317000000,0.459,,,,6604000000,,86.41,78.46,,,,,371458000000,,,,,,,,,,,,,,,,true,false,6,2024-04-01,2024-09-30,0
2024-10-30,5857,2024-03-31,2,,,,,,,5700000000,,,,,5259000000,,68.62,62.56,,,,,,,,,,,,,,,,,,,,,true,false,6,2023-04-01,2023-09-30,-1
2024-10-30,5857,2025-03-31,2,,,,,,,18000000000,0.455,,,,13148000000,,172.53,,,,,,,,,,,,,,,,,,,,,,true,true,12,2024-04-01,2025-03-31,0
2024-10-30,5857,2024-03-31,2,,,,,,,,,,,,,,,,,,,,317998000000,,,,,,,,,,,,,,,,true,false,12,2023-04-01,2024-03-31,-1
2024-10-30,5857,2024-03-31,2,,,,,,,,,,,,,,,,,,,,,,,,,,,,,90.00,,,,79708688,3065554,,false,false,12,2023-04-01,2024-03-31,-1
2024-10-30,5857,2025-03-31,2,,,,,,,,,,,,,,,,,,,,,,,,,,,,,40.00,,,,,,,false,false,12,2024-04-01,2025-03-31,0
2024-10-30,5857,2025-03-31,2,,,,,,,,,,,,,,,,,,,,,,,,,,,,,80.00,,,,,,,false,true,12,2024-04-01,2025-03-31,0
2024-10-30,5857,2025-03-31,2,,,,,,,,,,,,,,,,,,,,,,,,,,,,,,,,,79708688,3095284,76426800,false,false,6,2024-04-01,2024-09-30,0
2024-10-30,5857,2024-03-31,2,,,,,,,,,,,,,,,,,,,,,,,,,,,,,,,,,,,76643173,false,false,6,2023-04-01,2023-09-30,-1
2025-01-29,5857,2025-03-31,3,,,,,,,14686000000,0.856,,,,11385000000,,148.84,134.94,,,,,398046000000,,,,,,,,,,,,,,,,true,false,9,2024-04-01,2024-12-31,0
2025-01-29,5857,2024-03-31,3,,,,,,,7912000000,,,,,7097000000,,92.60,84.69,,,,,,,,,,,,,,,,,,,,,true,false,9,2023-04-01,2023-12-31,-1
2025-01-29,5857,2025-03-31,3,,,,,,,18000000000,0.455,,,,13148000000,,172.53,,,,,,,,,,,,,,,,,,,,,,true,true,12,2024-04-01,2025-03-31,0
2025-01-29,5857,2024-03-31,3,,,,,,,,,,,,,,,,,,,,317998000000,,,,,,,,,,,,,,,,true,false,12,2023-04-01,2024-03-31,-1
2025-01-29,5857,2024-03-31,3,,,,,,,,,,,,,,,,,,,,,,,,,,,,,90.00,,,,79708688,3065554,,false,false,12,2023-04-01,2024-03-31,-1
2025-01-29,5857,2025-03-31,3,,,,,,,,,,,,,,,,,,,,,,,,,,,,,40.00,,,,,,,false,false,12,2024-04-01,2025-03-31,0
2025-01-29,5857,2025-03-31,3,,,,,,,,,,,,,,,,,,,,,,,,,,,,,80.00,,,,,,,false,true,12,2024-04-01,2025-03-31,0
2025-01-29,5857,2025-03-31,3,,,,,,,,,,,,,,,,,,,,,,,,,,,,,,,,,79708688,3095284,76489227,false,false,9,2024-04-01,2024-12-31,0
2025-01-29,5857,2024-03-31,3,,,,,,,,,,,,,,,,,,,,,,,,,,,,,,,,,,,76643160,false,false,9,2023-04-01,2023-12-31,-1
2025-04-25,5857,2025-03-31,,12879000000,0.228,,,,,10345000000,0.246,10480000000,0.173,3568000000,,-0.617,46.63,,,,,,119922000000,75283000000,0.618,967.67,74136000000,,,,,80.00,,,,79708688,3095284,76519846,false,false,12,2024-04-01,2025-03-31,0
2025-04-25,5857,2024-03-31,,10488000000,0.697,,,,,8303000000,0.571,8934000000,0.582,9315000000,,0.867,121.55,,,,,,110724000000,78459000000,0.698,1008.73,77312000000,,,,,90.00,,,,79708688,3065554,76643154,false,false,12,2023-04-01,2024-03-31,-1
2025-04-25,5857,2025-03-31,,,,,,,,19984000000,0.616,,,,14319000000,,187.13,169.96,,,,,490037000000,,,,,14685000000,250000000,-6207000000,,,0.428,,,,,,true,false,12,2024-04-01,2025-03-31,0
2025-04-25,5857,2024-03-31,,,,,,,,12367000000,-0.240,,,,24490000000,,319.54,287.01,,,,,317998000000,,,,,12621000000,-28707000000,7050000000,,,0.282,,,,,,true,false,12,2023-04-01,2024-03-31,-1
2025-04-25,5857,2026-03-31,,,,,,,,10706000000,0.287,,,,8131000000,,106.13,,,,,,,,,,,,,,,,,,,,,,true,true,6,2025-04-01,2025-09-30,1
2025-04-25,5857,2026-03-31,,,,,,,,22000000000,0.101,,,,16179000000,,211.18,,,,,,,,,,,,,,,,0.379,,,,,,true,true,12,2025-04-01,2026-03-31,1
2025-04-25,5857,2026-03-31,,,,,,,,,,,,,,,,,,,,,,,,,,,,,,80.00,,,,,,,false,true,12,2025-04-01,2026-03-31,1
2025-07-30,5857,2026-03-31,1,,,,,,,5928000000,0.639,,,,3639000000,,47.51,43.11,,,,,505985000000,,,,,,,,,,,,,,,,true,false,3,2025-04-01,2025-06-30,0
2025-07-30,5857,2025-03-31,1,,,,,,,3617000000,0.470,,,,3197000000,,41.83,37.99,,,,,,,,,,,,,,,,,,,,,true,false,3,2024-04-01,2024-06-30,-1
2025-07-30,5857,2026-03-31,1,,,,,,,10706000000,0.287,,,,8131000000,,106.13,,,,,,,,,,,,,,,,,,,,,,true,true,6,2025-04-01,2025-09-30,0
2025-07-30,5857,2026-03-31,1,,,,,,,22000000000,0.101,,,,16179000000,,211.18,,,,,,,,,,,,,,,,,,,,,,true,true,12,2025-04-01,2026-03-31,0
2025-07-30,5857,2025-03-31,1,,,,,,,,,,,,,,,,,,,,490037000000,,,,,,,,,,,,,,,,true,false,12,2024-04-01,2025-03-31,-1
2025-07-30,5857,2025-03-31,1,,,,,,,,,,,,,,,,,,,,,,,,,,,,,80.00,,,,79708688,3095284,,false,false,12,2024-04-01,2025-03-31,-1
2025-07-30,5857,2026-03-31,1,,,,,,,,,,,,,,,,,,,,,,,,,,,,,80.00,,,,,,,false,true,12,2025-04-01,2026-03-31,0
2025-07-30,5857,2026-03-31,1,,,,,,,,,,,,,,,,,,,,,,,,,,,,,,,,,79708688,3095284,76613404,false,false,3,2025-04-01,2025-06-30,0
2025-07-30,5857,2025-03-31,1,,,,,,,,,,,,,,,,,,,,,,,,,,,,,,,,,,,76433500,false,false,3,2024-04-01,2024-06-30,-1
