filing_date,code,fiscal_year_end,quarterly_period,net_sales,net_sales_change,revenue,revenue_change,operating_revenue,operating_revenue_change,operating_profit,operating_profit_change,ordinary_profit,ordinary_profit_change,net_income,net_income_of_parent,net_income_change,eps,diluted_eps,roe,roa,operating_profit_to_net_sales,operating_profit_to_revenue,total_assets,net_assets,equity_ratio,bps,owner_equity,operating_cash_flow,investing_cash_flow,financing_cash_flow,cash,dividend_per_share,payout_ratio,commemorative_dividend,extra_dividend,number_of_shares,number_of_treqsury_shares,avg_number_of_shares,is_consolidated,is_forecast,duration,period_start,period_end,period_pos
2015-07-29,59050,2016-03-31,1,1451000000,-0.018,,,,,1000000,-0.963,27000000,-0.498,29000000,,-0.469,2.56,2.54,,,,,10866000000,4078000000,0.374,355.32,4069000000,,,,,,,,,11600000,147336,11452664,false,false,3,2015-04-01,2015-06-30,0
2015-07-29,59050,2015-03-31,1,1478000000,0.102,,,,,35000000,,54000000,,55000000,,,4.77,,,,,,,,,,,,,,,,,,,,,11563370,false,false,3,2014-04-01,2014-06-30,-1
2015-07-29,59050,2016-03-31,1,2880000000,-0.009,,,,,20000000,-0.583,45000000,-0.384,45000000,,-0.366,3.91,,,,,,,,,,,,,,,,,,,,,,false,true,6,2015-04-01,2015-09-30,0
2015-07-29,59050,2016-03-31,1,5620000000,-0.038,,,,,20000000,-0.783,70000000,-0.548,70000000,,-0.542,6.08,,,,,,,,,,,,,,,3.00,,,,,,,false,true,12,2015-04-01,2016-03-31,0
2015-07-29,59050,2015-03-31,1,,,,,,,,,,,,,,,,,,,,11129000000,4295000000,0.385,374.22,4285000000,,,,,5.00,,,,11600000,147336,,false,false,12,2014-04-01,2015-03-31,-1
2015-10-29,59050,2016-03-31,2,2793000000,-0.039,,,,,-1000000,,32000000,-0.559,32000000,,-0.541,2.87,2.86,,,,,9657000000,3631000000,0.376,315.44,3627000000,,,,,,,,,11600000,99336,11476664,false,false,6,2015-04-01,2015-09-30,0
2015-10-29,59050,2015-03-31,2,2905000000,0.072,,,,,48000000,,73000000,,71000000,,,6.23,,,,,,,,,,,,,,,,,,,,,11533370,false,false,6,2014-04-01,2014-09-30,-1
2015-10-29,59050,2016-03-31,2,5620000000,-0.038,,,,,20000000,-0.783,70000000,-0.548,70000000,,-0.542,6.08,,,,,,,,,,,,,,,3.00,,,,,,,false,true,12,2015-04-01,2016-03-31,0
2015-10-29,59050,2015-03-31,2,,,,,,,,,,,,,,,,,,,,11129000000,4295000000,0.385,374.22,4285000000,,,,,5.00,,,,11600000,147336,,false,false,12,2014-04-01,2015-03-31,-1
2015-10-29,59050,2016-03-31,2,,,,,,,,,,,,,,,,,,,,,,,,,,,,,0.00,,,,,,,false,false,12,2015-04-01,2016-03-31,0
2016-01-28,59050,2016-03-31,3,4344000000,-0.015,,,,,50000000,-0.338,104000000,-0.185,95000000,,-0.210,8.32,8.27,,,,,10894000000,4165000000,0.382,361.72,4159000000,,,,,,,,,11600000,99336,11484664,false,false,9,2015-04-01,2015-12-31,0
2016-01-28,59050,2015-03-31,3,4410000000,0.067,,,,,76000000,,127000000,,120000000,,,10.48,,,,,,,,,,,,,,,,,,,,,11533370,false,false,9,2014-04-01,2014-12-31,-1
2016-01-28,59050,2016-03-31,3,5620000000,-0.038,,,,,20000000,-0.783,70000000,-0.548,70000000,,-0.542,6.08,,,,,,,,,,,,,,,3.00,,,,,,,false,true,12,2015-04-01,2016-03-31,0
2016-01-28,59050,2015-03-31,3,,,,,,,,,,,,,,,,,,,,11129000000,4295000000,0.385,374.22,4285000000,,,,,5.00,,,,11600000,147336,,false,false,12,2014-04-01,2015-03-31,-1
2016-01-28,59050,2016-03-31,3,,,,,,,,,,,,,,,,,,,,,,,,,,,,,0.00,,,,,,,false,false,12,2015-04-01,2016-03-31,0
2016-04-26,59050,2016-03-31,,5710000000,0.016,,,,,23000000,0.150,84000000,0.200,96000000,,0.371,8.39,,,,,,,,,,,,,,,,,,,,,,false,true,12,2015-04-01,2016-03-31,0
2016-04-26,59050,2015-03-31,,5842000000,,,,,,92000000,,155000000,,153000000,,,13.37,,,,,,,,,,,,,,,,,,,,,,false,false,12,2014-04-01,2015-03-31,-1
2016-04-28,59050,2016-03-31,,5710000000,-0.022,,,,,23000000,-0.746,84000000,-0.454,96000000,,-0.374,8.39,8.34,0.024,0.008,0.004,,10077000000,3865000000,0.383,336.76,3858000000,442000000,-237000000,-252000000,831000000,3.00,0.357,,,11600000,142336,11483247,false,false,12,2015-04-01,2016-03-31,0
2016-04-28,59050,2015-03-31,,5842000000,0.039,,,,,92000000,,155000000,1.044,153000000,,1.006,13.37,,0.044,0.015,0.016,,11129000000,4295000000,0.385,374.22,4285000000,229000000,-196000000,-111000000,878000000,5.00,0.374,,,11600000,147336,11510767,false,false,12,2014-04-01,2015-03-31,-1
2016-04-28,59050,2017-03-31,,2710000000,-0.030,,,,,20000000,,45000000,0.406,40000000,,0.250,3.48,,,,,,,,,,,,,,,,,,,,,,false,true,6,2016-04-01,2016-09-30,1
2016-04-28,59050,2017-03-31,,5340000000,-0.065,,,,,20000000,-0.147,70000000,-0.175,67000000,,-0.305,5.83,,,,,,,,,,,,,,,3.00,0.513,,,,,,false,true,12,2016-04-01,2017-03-31,1
2016-07-29,59050,2017-03-31,1,1510000000,0.041,,,,,20000000,,56000000,1.056,47000000,,0.618,4.13,4.08,,,,,10495000000,3989000000,0.379,347.05,3978000000,,,,,,,,,11620000,157336,11460997,false,false,3,2016-04-01,2016-06-30,0
2016-07-29,59050,2016-03-31,1,1451000000,-0.018,,,,,1000000,-0.963,27000000,-0.498,29000000,,-0.469,2.56,2.54,,,,,,,,,,,,,,,,,,,,11452664,false,false,3,2015-04-01,2015-06-30,-1
2016-07-29,59050,2017-03-31,1,2710000000,-0.030,,,,,20000000,,45000000,0.406,40000000,,0.250,3.48,,,,,,,,,,,,,,,,,,,,,,false,true,6,2016-04-01,2016-09-30,0
2016-07-29,59050,2017-03-31,1,5340000000,-0.065,,,,,20000000,-0.147,70000000,-0.175,67000000,,-0.305,5.83,,,,,,,,,,,,,,,3.00,,,,,,,false,true,12,2016-04-01,2017-03-31,0
2016-07-29,59050,2016-03-31,1,,,,,,,,,,,,,,,,,,,,10077000000,3865000000,0.383,336.76,3858000000,,,,,3.00,,,,11600000,142336,,false,false,12,2015-04-01,2016-03-31,-1
2016-10-26,59050,2017-03-31,,3003000000,0.108,,,,,56000000,1.800,101000000,1.244,601000000,,,52.16,,,,,,,,,,,,,,,,,,,,,,false,true,6,2016-04-01,2016-09-30,0
2016-10-26,59050,2016-03-31,,2793000000,,,,,,-1000000,,32000000,,32000000,,,2.87,,,,,,,,,,,,,,,,,,,,,,false,false,6,2015-04-01,2015-09-30,-1
2016-10-26,59050,2017-03-31,,5750000000,0.077,,,,,75000000,2.750,160000000,1.286,730000000,,9.895,60.69,,,,,,,,,,,,,,,,,,,,,,false,true,12,2016-04-01,2017-03-31,0
2016-10-26,59050,2016-03-31,,5710000000,,,,,,23000000,,84000000,,96000000,,,8.39,,,,,,,,,,,,,,,,,,,,,,false,false,12,2015-04-01,2016-03-31,-1
2016-10-28,59050,2017-03-31,2,4041000000,,,,,,54000000,,101000000,,,718000000,,62.27,61.37,,,,,13499000000,4741000000,0.296,,3993000000,,,,,,,,,,,,true,false,6,2016-04-01,2016-09-30,0
2016-10-28,59050,2017-03-31,2,9055000000,,,,,,110000000,,195000000,,,901000000,,78.11,,,,,,,,,,,,,,,,,,,,,,true,true,12,2016-04-01,2017-03-31,0
2016-10-28,59050,2016-03-31,2,,,,,,,,,,,,,,,,,,,,,,,,,,,,,3.00,,,,11600000,142336,,false,false,12,2015-04-01,2016-03-31,-1
2016-10-28,59050,2017-03-31,2,,,,,,,,,,,,,,,,,,,,,,,,,,,,,3.00,,,,,,,false,true,12,2016-04-01,2017-03-31,0
2016-10-28,59050,2017-03-31,2,,,,,,,,,,,,,,,,,,,,,,,,,,,,,,,,,12040000,201986,11534506,false,false,6,2016-04-01,2016-09-30,0
2016-10-28,59050,2016-03-31,2,,,,,,,,,,,,,,,,,,,,,,,,,,,,,,,,,,,11476664,false,false,6,2015-04-01,2015-09-30,-1
2017-01-31,59050,2017-03-31,3,6581000000,,,,,,101000000,,162000000,,,793000000,,65.17,64.24,,,,,14005000000,4924000000,0.298,,4166000000,,,,,,,,,,,,true,false,9,2016-04-01,2016-12-31,0
2017-01-31,59050,2017-03-31,3,9055000000,,,,,,110000000,,195000000,,,901000000,,78.11,,,,,,,,,,,,,,,,,,,,,,true,true,12,2016-04-01,2017-03-31,0
2017-01-31,59050,2016-03-31,3,,,,,,,,,,,,,,,,,,,,,,,,,,,,,3.00,,,,11600000,142336,,false,false,12,2015-04-01,2016-03-31,-1
2017-01-31,59050,2017-03-31,3,,,,,,,,,,,,,,,,,,,,,,,,,,,,,3.00,,,,,,,false,true,12,2016-04-01,2017-03-31,0
2017-01-31,59050,2017-03-31,3,,,,,,,,,,,,,,,,,,,,,,,,,,,,,,,,,13920000,202786,12167720,false,false,9,2016-04-01,2016-12-31,0
2017-01-31,59050,2016-03-31,3,,,,,,,,,,,,,,,,,,,,,,,,,,,,,,,,,,,11484664,false,false,9,2015-04-01,2015-12-31,-1
2017-04-28,59050,2017-03-31,,9102000000,,,,,,106000000,,196000000,,,939000000,,74.80,73.70,0.222,0.016,0.012,,13780000000,5251000000,0.325,327.11,4486000000,-303000000,357000000,-83000000,801000000,,0.040,,,,,,true,false,12,2016-04-01,2017-03-31,0
2017-04-28,59050,2018-03-31,,5264000000,0.303,,,,,29000000,-0.463,69000000,-0.317,,109000000,,8.68,,,,,,,,,,,,,,,,,,,,,,true,true,6,2017-04-01,2017-09-30,1
2017-04-28,59050,2018-03-31,,10450000000,0.148,,,,,56000000,-0.472,134000000,-0.316,,145000000,,11.55,,,,,,,,,,,,,,,,,,,,,,true,true,12,2017-04-01,2018-03-31,1
2017-04-28,59050,2017-03-31,,5944000000,0.041,,,,,81000000,2.457,174000000,1.057,818000000,,7.521,65.22,64.26,,,,,10719000000,4935000000,0.459,358.75,4920000000,,,,,3.00,,,,13920000,203347,12554953,false,false,12,2016-04-01,2017-03-31,0
2017-04-28,59050,2016-03-31,,5710000000,-0.022,,,,,23000000,-0.746,84000000,-0.454,96000000,,-0.374,8.39,8.34,,,,,10077000000,3865000000,0.383,336.76,3858000000,,,,,3.00,,,,11600000,142336,11483247,false,false,12,2015-04-01,2016-03-31,-1
2017-04-28,59050,2018-03-31,,2896000000,-0.036,,,,,,,66000000,-0.347,110000000,,-0.817,8.76,,,,,,,,,,,,,,,,,,,,,,false,true,6,2017-04-01,2017-09-30,1
2017-04-28,59050,2018-03-31,,5676000000,-0.045,,,,,,,107000000,-0.385,138000000,,-0.831,10.99,,,,,,,,,,,,,,,3.00,,,,,,,false,true,12,2017-04-01,2018-03-31,1
2017-04-28,59050,2017-03-31,,9102000000,,,,,,106000000,,196000000,,,949000000,,75.66,74.54,0.237,0.014,0.012,,13759000000,5275000000,0.327,328.02,4499000000,-274000000,327000000,-83000000,801000000,,0.040,,,,,,true,false,12,2016-04-01,2017-03-31,0
2017-04-28,59050,2018-03-31,,5264000000,0.303,,,,,29000000,-0.463,69000000,-0.317,,109000000,,8.68,,,,,,,,,,,,,,,,,,,,,,true,true,6,2017-04-01,2017-09-30,1
2017-04-28,59050,2018-03-31,,10450000000,0.148,,,,,56000000,-0.472,134000000,-0.316,,145000000,,11.55,,,,,,,,,,,,,,,,,,,,,,true,true,12,2017-04-01,2018-03-31,1
2017-04-28,59050,2017-03-31,,5944000000,0.041,,,,,81000000,2.457,174000000,1.057,818000000,,7.495,65.20,64.25,,,,,10719000000,4935000000,0.459,358.75,4920000000,,,,,3.00,,,,13920000,203347,12554953,false,false,12,2016-04-01,2017-03-31,0
2017-04-28,59050,2016-03-31,,5710000000,-0.022,,,,,23000000,-0.746,84000000,-0.454,96000000,,-0.374,8.39,8.34,,,,,10077000000,3865000000,0.383,336.76,3858000000,,,,,3.00,,,,11600000,142336,11483247,false,false,12,2015-04-01,2016-03-31,-1
2017-04-28,59050,2018-03-31,,2896000000,-0.036,,,,,,,66000000,-0.347,110000000,,-0.817,8.76,,,,,,,,,,,,,,,,,,,,,,false,true,6,2017-04-01,2017-09-30,1
2017-04-28,59050,2018-03-31,,5676000000,-0.045,,,,,,,107000000,-0.385,138000000,,-0.831,10.99,,,,,,,,,,,,,,,3.00,,,,,,,false,true,12,2017-04-01,2018-03-31,1
,59050,2018-03-31,,,,,,,,,,,,,,,,,,,,,,,,,,,,,,30.00,,,,,,,false,true,12,2017-04-01,2018-03-31,0
,59050,2017-03-31,,,,,,,,,,,,,,,,,,,,,,,,,,,,,,3.00,,,,,,,false,false,12,2016-04-01,2017-03-31,-1
2017-07-31,59050,2018-03-31,1,2567000000,,,,,,0,,29000000,,,107000000,,7.87,7.77,,,,,13840000000,5357000000,0.330,,4573000000,,,,,,,,,,,,true,false,3,2017-04-01,2017-06-30,0
2017-07-31,59050,2018-03-31,1,5264000000,0.303,,,,,29000000,-0.463,69000000,-0.317,,109000000,,8.68,,,,,,,,,,,,,,,,,,,,,,true,true,6,2017-04-01,2017-09-30,0
2017-07-31,59050,2018-03-31,1,10450000000,0.148,,,,,56000000,-0.472,134000000,-0.316,,145000000,,115.49,,,,,,,,,,,,,,,,,,,,,,true,true,12,2017-04-01,2018-03-31,0
2017-07-31,59050,2017-03-31,1,,,,,,,,,,,,,,,,,,,,13759000000,5275000000,0.327,,4499000000,,,,,,,,,,,,true,false,12,2016-04-01,2017-03-31,-1
2017-07-31,59050,2017-03-31,1,,,,,,,,,,,,,,,,,,,,,,,,,,,,,3.00,,,,13920000,203347,,false,false,12,2016-04-01,2017-03-31,-1
2017-07-31,59050,2018-03-31,1,,,,,,,,,,,,,,,,,,,,,,,,,,,,,30.00,,,,,,,false,true,12,2017-04-01,2018-03-31,0
2017-07-31,59050,2018-03-31,1,,,,,,,,,,,,,,,,,,,,,,,,,,,,,,,,,13920000,203347,13716653,false,false,3,2017-04-01,2017-06-30,0
2017-07-31,59050,2017-03-31,1,,,,,,,,,,,,,,,,,,,,,,,,,,,,,,,,,,,11460997,false,false,3,2016-04-01,2016-06-30,-1
2017-10-26,59050,2018-03-31,,4980000000,-0.054,,,,,-64000000,,-15000000,,,80000000,,58.49,,,,,,,,,,,,,,,,,,,,,,true,true,6,2017-04-01,2017-09-30,0
2017-10-26,59050,2017-03-31,,4041000000,,,,,,54000000,,101000000,,,718000000,,622.68,,,,,,,,,,,,,,,,,,,,,,true,false,6,2016-04-01,2016-09-30,-1
2017-10-26,59050,2018-03-31,,2801000000,-0.033,,,,,,,23000000,-0.652,101000000,,-0.082,74.13,,,,,,,,,,,,,,,,,,,,,,false,true,6,2017-04-01,2017-09-30,0
2017-10-31,59050,2018-03-31,2,4980000000,0.232,,,,,-64000000,,-15000000,,,80000000,,58.49,57.78,,,,,13722000000,5217000000,0.324,,4450000000,,,,,,,,,,,,true,false,6,2017-04-01,2017-09-30,0
2017-10-31,59050,2017-03-31,2,4041000000,,,,,,54000000,,101000000,,,718000000,,622.68,613.74,,,,,,,,,,,,,,,,,,,,,true,false,6,2016-04-01,2016-09-30,-1
2017-10-31,59050,2018-03-31,2,10450000000,0.148,,,,,56000000,-0.472,134000000,-0.316,,145000000,,115.49,,,,,,,,,,,,,,,,,,,,,,true,true,12,2017-04-01,2018-03-31,0
2017-10-31,59050,2017-03-31,2,,,,,,,,,,,,,,,,,,,,13759000000,5275000000,0.327,,4499000000,,,,,,,,,,,,true,false,12,2016-04-01,2017-03-31,-1
2017-10-31,59050,2017-03-31,2,,,,,,,,,,,,,,,,,,,,,,,,,,,,,3.00,,,,1392000,20334,,false,false,12,2016-04-01,2017-03-31,-1
2017-10-31,59050,2018-03-31,2,,,,,,,,,,,,,,,,,,,,,,,,,,,,,0.00,,,,,,,false,false,12,2017-04-01,2018-03-31,0
2017-10-31,59050,2018-03-31,2,,,,,,,,,,,,,,,,,,,,,,,,,,,,,30.00,,,,,,,false,true,12,2017-04-01,2018-03-31,0
2017-10-31,59050,2018-03-31,2,,,,,,,,,,,,,,,,,,,,,,,,,,,,,,,,,1392000,20334,1371666,false,false,6,2017-04-01,2017-09-30,0
2017-10-31,59050,2017-03-31,2,,,,,,,,,,,,,,,,,,,,,,,,,,,,,,,,,,,1153451,false,false,6,2016-04-01,2016-09-30,-1
2018-01-31,59050,2018-03-31,3,7816000000,0.188,,,,,19000000,-0.807,99000000,-0.386,,176000000,,129.27,127.57,,,,,14040000000,5335000000,0.325,,4567000000,,,,,,,,,,,,true,false,9,2017-04-01,2017-12-31,0
2018-01-31,59050,2017-03-31,3,6581000000,,,,,,101000000,,162000000,,,793000000,,651.74,640.81,,,,,,,,,,,,,,,,,,,,,true,false,9,2016-04-01,2016-12-31,-1
2018-01-31,59050,2018-03-31,3,10450000000,0.148,,,,,56000000,-0.472,134000000,-0.316,,145000000,,115.49,,,,,,,,,,,,,,,,,,,,,,true,true,12,2017-04-01,2018-03-31,0
2018-01-31,59050,2017-03-31,3,,,,,,,,,,,,,,,,,,,,13759000000,5275000000,0.327,,4499000000,,,,,,,,,,,,true,false,12,2016-04-01,2017-03-31,-1
2018-01-31,59050,2017-03-31,3,,,,,,,,,,,,,,,,,,,,,,,,,,,,,3.00,,,,1392000,20334,,false,false,12,2016-04-01,2017-03-31,-1
2018-01-31,59050,2018-03-31,3,,,,,,,,,,,,,,,,,,,,,,,,,,,,,0.00,,,,,,,false,false,12,2017-04-01,2018-03-31,0
2018-01-31,59050,2018-03-31,3,,,,,,,,,,,,,,,,,,,,,,,,,,,,,30.00,,,,,,,false,true,12,2017-04-01,2018-03-31,0
2018-01-31,59050,2018-03-31,3,,,,,,,,,,,,,,,,,,,,,,,,,,,,,,,,,1392000,35406,1368475,false,false,9,2017-04-01,2017-12-31,0
2018-01-31,59050,2017-03-31,3,,,,,,,,,,,,,,,,,,,,,,,,,,,,,,,,,,,1216772,false,false,9,2016-04-01,2016-12-31,-1
2018-01-31,59050,2018-03-31,3,7816000000,0.188,,,,,19000000,-0.807,99000000,-0.386,,173000000,,126.62,124.95,,,,,14040000000,5335000000,0.325,,4563000000,,,,,,,,,,,,true,false,9,2017-04-01,2017-12-31,0
2018-01-31,59050,2017-03-31,3,6581000000,,,,,,101000000,,162000000,,,793000000,,651.74,640.81,,,,,,,,,,,,,,,,,,,,,true,false,9,2016-04-01,2016-12-31,-1
2018-01-31,59050,2018-03-31,3,10450000000,0.148,,,,,56000000,-0.472,134000000,-0.316,,145000000,,115.49,,,,,,,,,,,,,,,,,,,,,,true,true,12,2017-04-01,2018-03-31,0
2018-01-31,59050,2017-03-31,3,,,,,,,,,,,,,,,,,,,,13759000000,5275000000,0.327,,4499000000,,,,,,,,,,,,true,false,12,2016-04-01,2017-03-31,-1
2018-01-31,59050,2017-03-31,3,,,,,,,,,,,,,,,,,,,,,,,,,,,,,3.00,,,,1392000,20334,,false,false,12,2016-04-01,2017-03-31,-1
2018-01-31,59050,2018-03-31,3,,,,,,,,,,,,,,,,,,,,,,,,,,,,,0.00,,,,,,,false,false,12,2017-04-01,2018-03-31,0
2018-01-31,59050,2018-03-31,3,,,,,,,,,,,,,,,,,,,,,,,,,,,,,30.00,,,,,,,false,true,12,2017-04-01,2018-03-31,0
2018-01-31,59050,2018-03-31,3,,,,,,,,,,,,,,,,,,,,,,,,,,,,,,,,,1392000,35406,1368475,false,false,9,2017-04-01,2017-12-31,0
2018-01-31,59050,2017-03-31,3,,,,,,,,,,,,,,,,,,,,,,,,,,,,,,,,,,,1216772,false,false,9,2016-04-01,2016-12-31,-1
2018-04-26,59050,2018-03-31,,5935000000,0.046,,,,,,,194000000,0.813,201000000,,0.457,147.31,,,,,,,,,,,,,,,,,,,,,,false,true,12,2017-04-01,2018-03-31,0
2018-04-26,59050,2017-03-31,,5944000000,,,,,,,,174000000,,818000000,,,652.06,,,,,,,,,,,,,,,,,,,,,,false,false,12,2016-04-01,2017-03-31,-1
2018-05-02,59050,2018-03-31,,10337000000,0.136,,,,,56000000,-0.465,162000000,-0.176,,175000000,,128.78,126.95,0.039,0.012,0.005,,13853000000,5212000000,0.321,3275.45,4443000000,334000000,-377000000,-449000000,308000000,,0.233,,,,,,true,false,12,2017-04-01,2018-03-31,0
2018-05-02,59050,2017-03-31,,9102000000,,,,,,106000000,,196000000,,,949000000,,756.58,745.58,0.237,0.014,0.012,,13759000000,5275000000,0.327,3280.16,4499000000,-274000000,327000000,-83000000,801000000,,0.040,,,,,,true,false,12,2016-04-01,2017-03-31,-1
2018-05-02,59050,2019-03-31,,5341000000,0.072,,,,,49000000,,108000000,,,73000000,,53.46,,,,,,,,,,,,,,,,,,,,,,true,true,6,2018-04-01,2018-09-30,1
2018-05-02,59050,2019-03-31,,10645000000,0.030,,,,,79000000,0.411,188000000,0.160,,131000000,,95.94,,,,,,,,,,,,,,,,,,,,,,true,true,12,2018-04-01,2019-03-31,1
2018-05-02,59050,2018-03-31,,5935000000,-0.001,,,,,90000000,0.115,194000000,0.116,201000000,,-0.754,147.31,145.22,,,,,10550000000,4910000000,0.463,3602.00,4886000000,,,,,30.00,,,,1392000,35492,1365484,false,false,12,2017-04-01,2018-03-31,0
2018-05-02,59050,2017-03-31,,5944000000,0.041,,,,,81000000,2.457,174000000,1.057,818000000,,7.495,652.06,642.58,,,,,10713000000,4935000000,0.459,3587.37,4920000000,,,,,3.00,,,,1392000,20334,1255496,false,false,12,2016-04-01,2017-03-31,-1
2018-05-02,59050,2019-03-31,,3023000000,0.079,,,,,,,107000000,3.652,74000000,,-0.267,54.19,,,,,,,,,,,,,,,,,,,,,,false,true,6,2018-04-01,2018-09-30,1
2018-05-02,59050,2019-03-31,,5976000000,0.007,,,,,,,186000000,-0.041,133000000,,-0.338,97.40,,,,,,,,,,,,,,,30.00,,,,,,,false,true,12,2018-04-01,2019-03-31,1
2018-05-02,59050,2018-03-31,,10337000000,0.136,,,,,56000000,-0.465,162000000,-0.176,,175000000,,128.78,126.95,0.039,0.012,0.005,,13859000000,5212000000,0.319,3264.07,4443000000,317000000,-360000000,-449000000,308000000,,0.233,,,,,,true,false,12,2017-04-01,2018-03-31,0
2018-05-02,59050,2017-03-31,,9102000000,,,,,,106000000,,196000000,,,949000000,,756.58,745.58,0.237,0.014,0.012,,13759000000,5275000000,0.327,3280.16,4499000000,-274000000,327000000,-83000000,801000000,,0.040,,,,,,true,false,12,2016-04-01,2017-03-31,-1
2018-05-02,59050,2019-03-31,,5341000000,0.072,,,,,49000000,,108000000,,,73000000,,53.46,,,,,,,,,,,,,,,,,,,,,,true,true,6,2018-04-01,2018-09-30,1
2018-05-02,59050,2019-03-31,,10645000000,0.030,,,,,79000000,0.411,188000000,0.160,,131000000,,95.94,,,,,,,,,,,,,,,,,,,,,,true,true,12,2018-04-01,2019-03-31,1
2018-05-02,59050,2018-03-31,,5935000000,-0.001,,,,,90000000,0.115,194000000,0.116,201000000,,-0.754,147.31,145.22,,,,,10556000000,4910000000,0.463,3602.00,4886000000,,,,,30.00,,,,1392000,35492,1365484,false,false,12,2017-04-01,2018-03-31,0
2018-05-02,59050,2017-03-31,,5944000000,0.041,,,,,81000000,2.457,174000000,1.057,818000000,,7.495,652.06,642.58,,,,,10713000000,4935000000,0.459,3587.37,4920000000,,,,,3.00,,,,1392000,20334,1255496,false,false,12,2016-04-01,2017-03-31,-1
2018-05-02,59050,2019-03-31,,3023000000,0.079,,,,,,,107000000,3.652,74000000,,-0.267,54.19,,,,,,,,,,,,,,,,,,,,,,false,true,6,2018-04-01,2018-09-30,1
2018-05-02,59050,2019-03-31,,5976000000,0.007,,,,,,,186000000,-0.041,133000000,,-0.338,97.40,,,,,,,,,,,,,,,30.00,,,,,,,false,true,12,2018-04-01,2019-03-31,1
2018-07-31,59050,2019-03-31,1,2611000000,0.017,,,,,9000000,,47000000,0.601,,27000000,,20.48,19.83,,,,,14277000000,5506000000,0.330,,4712000000,,,,,,,,,,,,true,false,3,2018-04-01,2018-06-30,0
2018-07-31,59050,2018-03-31,1,2567000000,,,,,,0,,29000000,,,107000000,,78.68,77.72,,,,,,,,,,,,,,,,,,,,,true,false,3,2017-04-01,2017-06-30,-1
2018-07-31,59050,2019-03-31,1,5341000000,0.072,,,,,49000000,,108000000,,,73000000,,53.46,,,,,,,,,,,,,,,,,,,,,,true,true,6,2018-04-01,2018-09-30,0
2018-07-31,59050,2019-03-31,1,10645000000,0.030,,,,,79000000,0.411,188000000,0.160,,131000000,,95.94,,,,,,,,,,,,,,,,,,,,,,true,true,12,2018-04-01,2019-03-31,0
2018-07-31,59050,2018-03-31,1,,,,,,,,,,,,,,,,,,,,13819000000,5212000000,0.320,,4427000000,,,,,,,,,,,,true,false,12,2017-04-01,2018-03-31,-1
2018-07-31,59050,2018-03-31,1,,,,,,,,,,,,,,,,,,,,,,,,,,,,,30.00,,,,1392000,35492,,false,false,12,2017-04-01,2018-03-31,-1
2018-07-31,59050,2019-03-31,1,,,,,,,,,,,,,,,,,,,,,,,,,,,,,30.00,,,,,,,false,true,12,2018-04-01,2019-03-31,0
2018-07-31,59050,2019-03-31,1,,,,,,,,,,,,,,,,,,,,,,,,,,,,,,,,,1392000,35492,1356508,false,false,3,2018-04-01,2018-06-30,0
2018-07-31,59050,2018-03-31,1,,,,,,,,,,,,,,,,,,,,,,,,,,,,,,,,,,,1371666,false,false,3,2017-04-01,2017-06-30,-1
2018-10-26,59050,2019-03-31,,5180000000,-0.030,,,,,32000000,-0.347,94000000,-0.130,,61000000,,45.42,,,,,,,,,,,,,,,,,,,,,,true,true,6,2018-04-01,2018-09-30,0
2018-10-26,59050,2018-03-31,,4980000000,,,,,,-64000000,,-15000000,,,80000000,,58.49,,,,,,,,,,,,,,,,,,,,,,true,false,6,2017-04-01,2017-09-30,-1
2018-10-31,59050,2019-03-31,2,5180000000,0.040,,,,,32000000,,94000000,,,61000000,,45.42,44.66,,,,,13560000000,5258000000,0.330,,4470000000,,,,,,,,,,,,true,false,6,2018-04-01,2018-09-30,0
2018-10-31,59050,2018-03-31,2,4980000000,0.232,,,,,-64000000,,-15000000,,,80000000,,58.49,57.78,,,,,,,,,,,,,,,,,,,,,true,false,6,2017-04-01,2017-09-30,-1
2018-10-31,59050,2019-03-31,2,10645000000,0.030,,,,,79000000,0.411,188000000,0.160,,131000000,,95.94,,,,,,,,,,,,,,,,,,,,,,true,true,12,2018-04-01,2019-03-31,0
2018-10-31,59050,2018-03-31,2,,,,,,,,,,,,,,,,,,,,13819000000,5212000000,0.320,,4427000000,,,,,,,,,,,,true,false,12,2017-04-01,2018-03-31,-1
2018-10-31,59050,2018-03-31,2,,,,,,,,,,,,,,,,,,,,,,,,,,,,,30.00,,,,1392000,35492,,false,false,12,2017-04-01,2018-03-31,-1
2018-10-31,59050,2019-03-31,2,,,,,,,,,,,,,,,,,,,,,,,,,,,,,0.00,,,,,,,false,false,12,2018-04-01,2019-03-31,0
2018-10-31,59050,2019-03-31,2,,,,,,,,,,,,,,,,,,,,,,,,,,,,,30.00,,,,,,,false,true,12,2018-04-01,2019-03-31,0
2018-10-31,59050,2019-03-31,2,,,,,,,,,,,,,,,,,,,,,,,,,,,,,,,,,1392000,30192,1359158,false,false,6,2018-04-01,2018-09-30,0
2018-10-31,59050,2018-03-31,2,,,,,,,,,,,,,,,,,,,,,,,,,,,,,,,,,,,1371666,false,false,6,2017-04-01,2017-09-30,-1
2019-01-31,59050,2019-03-31,3,7894000000,0.010,,,,,92000000,3.699,193000000,0.939,,115000000,,85.19,83.63,,,,,13611000000,5283000000,0.330,,4487000000,,,,,,,,,,,,true,false,9,2018-04-01,2018-12-31,0
2019-01-31,59050,2018-03-31,3,7816000000,0.188,,,,,19000000,-0.807,99000000,-0.386,,173000000,,126.62,124.95,,,,,,,,,,,,,,,,,,,,,true,false,9,2017-04-01,2017-12-31,-1
2019-01-31,59050,2019-03-31,3,10645000000,0.030,,,,,79000000,0.411,188000000,0.160,,131000000,,95.94,,,,,,,,,,,,,,,,,,,,,,true,true,12,2018-04-01,2019-03-31,0
2019-01-31,59050,2018-03-31,3,,,,,,,,,,,,,,,,,,,,13819000000,5212000000,0.320,,4427000000,,,,,,,,,,,,true,false,12,2017-04-01,2018-03-31,-1
2019-01-31,59050,2018-03-31,3,,,,,,,,,,,,,,,,,,,,,,,,,,,,,30.00,,,,1392000,35492,,false,false,12,2017-04-01,2018-03-31,-1
2019-01-31,59050,2019-03-31,3,,,,,,,,,,,,,,,,,,,,,,,,,,,,,0.00,,,,,,,false,false,12,2018-04-01,2019-03-31,0
2019-01-31,59050,2019-03-31,3,,,,,,,,,,,,,,,,,,,,,,,,,,,,,30.00,,,,,,,false,true,12,2018-04-01,2019-03-31,0
2019-01-31,59050,2019-03-31,3,,,,,,,,,,,,,,,,,,,,,,,,,,,,,,,,,1392000,45192,1356741,false,false,9,2018-04-01,2018-12-31,0
2019-01-31,59050,2018-03-31,3,,,,,,,,,,,,,,,,,,,,,,,,,,,,,,,,,,,1368475,false,false,9,2017-04-01,2017-12-31,-1
2019-05-07,59050,2019-03-31,,10335000000,-0.000,,,,,61000000,0.075,203000000,0.258,,123000000,,91.52,89.69,0.027,0.015,0.006,,13850000000,5440000000,0.334,3433.78,4630000000,728000000,-273000000,-397000000,365000000,,0.328,,,,,,true,false,12,2018-04-01,2019-03-31,0
2019-05-07,59050,2018-03-31,,10337000000,0.136,,,,,56000000,-0.465,162000000,-0.176,,175000000,,128.78,126.95,0.039,0.012,0.005,,13819000000,5212000000,0.320,3264.07,4427000000,317000000,-360000000,-449000000,308000000,,0.233,,,,,,true,false,12,2017-04-01,2018-03-31,-1
2019-05-07,59050,2020-03-31,,5198000000,0.000,,,,,57000000,0.056,75000000,-0.202,,48000000,,35.44,,,,,,,,,,,,,,,,,,,,,,true,true,6,2019-04-01,2019-09-30,1
2019-05-07,59050,2020-03-31,,10585000000,0.027,,,,,158000000,1.590,190000000,-0.064,,125000000,,92.29,,,,,,,,,,,,,,,,,,,,,,true,true,12,2019-04-01,2020-03-31,1
2019-05-07,59050,2019-03-31,,5907000000,-0.005,,,,,,,169000000,-0.130,111000000,,-0.444,82.59,80.94,,,,,10552000000,5119000000,0.482,3768.12,5081000000,,,,,30.00,,,,1392000,43442,1354404,false,false,12,2018-04-01,2019-03-31,0
2019-05-07,59050,2018-03-31,,5935000000,-0.001,,,,,,,194000000,0.116,201000000,,-0.754,147.31,145.22,,,,,10530000000,4910000000,0.464,3602.00,4886000000,,,,,30.00,,,,1392000,35492,1365484,false,false,12,2017-04-01,2018-03-31,-1
2019-05-07,59050,2020-03-31,,2924000000,-0.010,,,,,,,61000000,-0.307,42000000,,-0.293,22.89,,,,,,,,,,,,,,,,,,,,,,false,true,6,2019-04-01,2019-09-30,1
2019-05-07,59050,2020-03-31,,6029000000,0.016,,,,,,,167000000,-0.139,116000000,,0.045,85.65,,,,,,,,,,,,,,,30.00,,,,,,,false,true,12,2019-04-01,2020-03-31,1
2019-05-07,59050,2019-03-31,,10335000000,-0.000,,,,,61000000,0.075,203000000,0.258,,123000000,,91.52,89.69,0.027,0.015,0.006,,13850000000,5440000000,0.334,3433.78,4630000000,774000000,-319000000,-397000000,365000000,,0.328,,,,,,true,false,12,2018-04-01,2019-03-31,0
2019-05-07,59050,2018-03-31,,10337000000,0.136,,,,,56000000,-0.465,162000000,-0.176,,175000000,,128.78,126.95,0.039,0.012,0.005,,13819000000,5212000000,0.320,3264.07,4427000000,317000000,-360000000,-449000000,308000000,,0.233,,,,,,true,false,12,2017-04-01,2018-03-31,-1
2019-05-07,59050,2020-03-31,,5198000000,0.000,,,,,57000000,0.056,75000000,-0.202,,48000000,,35.44,,,,,,,,,,,,,,,,,,,,,,true,true,6,2019-04-01,2019-09-30,1
2019-05-07,59050,2020-03-31,,10585000000,0.027,,,,,158000000,1.590,190000000,-0.064,,125000000,,92.29,,,,,,,,,,,,,,,,,,,,,,true,true,12,2019-04-01,2020-03-31,1
2019-05-07,59050,2019-03-31,,5907000000,-0.005,,,,,,,169000000,-0.130,111000000,,-0.444,82.59,80.94,,,,,10552000000,5119000000,0.482,3768.12,5081000000,,,,,30.00,,,,1392000,43442,1354404,false,false,12,2018-04-01,2019-03-31,0
2019-05-07,59050,2018-03-31,,5935000000,-0.001,,,,,,,194000000,0.116,201000000,,-0.754,147.31,145.22,,,,,10530000000,4910000000,0.464,3602.00,4886000000,,,,,30.00,,,,1392000,35492,1365484,false,false,12,2017-04-01,2018-03-31,-1
2019-05-07,59050,2020-03-31,,2924000000,-0.010,,,,,,,61000000,-0.307,42000000,,-0.293,22.89,,,,,,,,,,,,,,,,,,,,,,false,true,6,2019-04-01,2019-09-30,1
2019-05-07,59050,2020-03-31,,6029000000,0.016,,,,,,,167000000,-0.139,116000000,,0.045,85.65,,,,,,,,,,,,,,,30.00,,,,,,,false,true,12,2019-04-01,2020-03-31,1
2019-07-31,59050,2020-03-31,1,2553000000,-0.037,,,,,15000000,-0.527,32000000,-0.314,,19000000,,14.23,13.98,,,,,13409000000,5221000000,0.330,,4421000000,,,,,,,,,,,,true,false,3,2019-04-01,2019-06-30,0
2019-07-31,59050,2019-03-31,1,2651000000,0.018,,,,,31000000,0.609,47000000,0.601,,27000000,,20.48,20.13,,,,,,,,,,,,,,,,,,,,,true,false,3,2018-04-01,2018-06-30,-1
2019-07-31,59050,2020-03-31,1,5198000000,0.000,,,,,57000000,0.056,75000000,-0.202,,48000000,,35.44,,,,,,,,,,,,,,,,,,,,,,true,true,6,2019-04-01,2019-09-30,0
2019-07-31,59050,2020-03-31,1,10585000000,0.027,,,,,158000000,1.590,190000000,-0.064,,125000000,,92.29,,,,,,,,,,,,,,,,,,,,,,true,true,12,2019-04-01,2020-03-31,0
2019-07-31,59050,2019-03-31,1,,,,,,,,,,,,,,,,,,,,13850000000,5440000000,0.334,,4630000000,,,,,,,,,,,,true,false,12,2018-04-01,2019-03-31,-1
2019-07-31,59050,2019-03-31,1,,,,,,,,,,,,,,,,,,,,,,,,,,,,,30.00,,,,1392000,43442,,false,false,12,2018-04-01,2019-03-31,-1
2019-07-31,59050,2020-03-31,1,,,,,,,,,,,,,,,,,,,,,,,,,,,,,30.00,,,,,,,false,true,12,2019-04-01,2020-03-31,0
2019-07-31,59050,2020-03-31,1,,,,,,,,,,,,,,,,,,,,,,,,,,,,,,,,,1392000,32742,1351233,false,false,3,2019-04-01,2019-06-30,0
2019-07-31,59050,2019-03-31,1,,,,,,,,,,,,,,,,,,,,,,,,,,,,,,,,,,,1356508,false,false,3,2018-04-01,2018-06-30,-1
2019-10-23,59050,2020-03-31,,5023000000,-0.034,,,,,-17000000,,10000000,-0.867,,2000000,,2.09,,,,,,,,,,,,,,,,,,,,,,true,true,6,2019-04-01,2019-09-30,0
2019-10-23,59050,2019-03-31,,5260000000,,,,,,77000000,,94000000,,,61000000,,45.42,,,,,,,,,,,,,,,,,,,,,,true,false,6,2018-04-01,2018-09-30,-1
2019-10-23,59050,2020-03-31,,2789000000,-0.046,,,,,,,-4000000,,-3000000,,,-2.22,,,,,,,,,,,,,,,,,,,,,,false,true,6,2019-04-01,2019-09-30,0
2019-10-23,59050,2019-03-31,,3034000000,,,,,,,,88000000,,60000000,,,44.72,,,,,,,,,,,,,,,,,,,,,,false,false,6,2018-04-01,2018-09-30,-1
2019-10-31,59050,2020-03-31,2,5023000000,-0.045,,,,,-17000000,,10000000,-0.894,,2000000,,2.09,2.05,,,,,13251000000,5522000000,0.356,,4712000000,,,,,,,,,,,,true,false,6,2019-04-01,2019-09-30,0
2019-10-31,59050,2019-03-31,2,5260000000,0.041,,,,,77000000,,94000000,,,61000000,,45.42,44.66,,,,,,,,,,,,,,,,,,,,,true,false,6,2018-04-01,2018-09-30,-1
2019-10-31,59050,2020-03-31,2,10585000000,0.027,,,,,158000000,1.590,190000000,-0.064,,125000000,,92.29,,,,,,,,,,,,,,,,,,,,,,true,true,12,2019-04-01,2020-03-31,0
2019-10-31,59050,2019-03-31,2,,,,,,,,,,,,,,,,,,,,13850000000,5440000000,0.334,,4630000000,,,,,,,,,,,,true,false,12,2018-04-01,2019-03-31,-1
2019-10-31,59050,2019-03-31,2,,,,,,,,,,,,,,,,,,,,,,,,,,,,,30.00,,,,1392000,43442,,false,false,12,2018-04-01,2019-03-31,-1
2019-10-31,59050,2020-03-31,2,,,,,,,,,,,,,,,,,,,,,,,,,,,,,0.00,,,,,,,false,false,12,2019-04-01,2020-03-31,0
2019-10-31,59050,2020-03-31,2,,,,,,,,,,,,,,,,,,,,,,,,,,,,,30.00,,,,,,,false,true,12,2019-04-01,2020-03-31,0
2019-10-31,59050,2020-03-31,2,,,,,,,,,,,,,,,,,,,,,,,,,,,,,,,,,1392000,32742,1354672,false,false,6,2019-04-01,2019-09-30,0
2019-10-31,59050,2019-03-31,2,,,,,,,,,,,,,,,,,,,,,,,,,,,,,,,,,,,1359158,false,false,6,2018-04-01,2018-09-30,-1
2020-01-31,59050,2020-03-31,3,7736000000,-0.035,,,,,70000000,-0.560,108000000,-0.440,,59000000,,43.72,42.89,,,,,14324000000,5553000000,0.331,,4734000000,,,,,,,,,,,,true,false,9,2019-04-01,2019-12-31,0
2020-01-31,59050,2019-03-31,3,8015000000,0.011,,,,,159000000,1.070,193000000,0.939,,115000000,,85.19,83.72,,,,,,,,,,,,,,,,,,,,,true,false,9,2018-04-01,2018-12-31,-1
2020-01-31,59050,2020-03-31,3,10585000000,0.027,,,,,158000000,1.590,190000000,-0.064,,125000000,,92.29,,,,,,,,,,,,,,,,,,,,,,true,true,12,2019-04-01,2020-03-31,0
2020-01-31,59050,2019-03-31,3,,,,,,,,,,,,,,,,,,,,13850000000,5440000000,0.334,,4630000000,,,,,,,,,,,,true,false,12,2018-04-01,2019-03-31,-1
2020-01-31,59050,2019-03-31,3,,,,,,,,,,,,,,,,,,,,,,,,,,,,,30.00,,,,1392000,43442,,false,false,12,2018-04-01,2019-03-31,-1
2020-01-31,59050,2020-03-31,3,,,,,,,,,,,,,,,,,,,,,,,,,,,,,0.00,,,,,,,false,false,12,2019-04-01,2020-03-31,0
2020-01-31,59050,2020-03-31,3,,,,,,,,,,,,,,,,,,,,,,,,,,,,,30.00,,,,,,,false,true,12,2019-04-01,2020-03-31,0
2020-01-31,59050,2020-03-31,3,,,,,,,,,,,,,,,,,,,,,,,,,,,,,,,,,1392000,42742,1354248,false,false,9,2019-04-01,2019-12-31,0
2020-01-31,59050,2019-03-31,3,,,,,,,,,,,,,,,,,,,,,,,,,,,,,,,,,,,1356741,false,false,9,2018-04-01,2018-12-31,-1
2020-04-24,59050,2020-03-31,,10144000000,-0.042,,,,,41000000,-0.741,97000000,-0.489,,63000000,,46.88,,,,,,,,,,,,,,,,,,,,,,true,true,12,2019-04-01,2020-03-31,0
2020-04-24,59050,2019-03-31,,10496000000,,,,,,147000000,,203000000,,,123000000,,91.52,,,,,,,,,,,,,,,,,,,,,,true,false,12,2018-04-01,2019-03-31,-1
2020-04-24,59050,2020-03-31,,5790000000,-0.040,,,,,,,80000000,-0.521,60000000,,-0.483,44.45,,,,,,,,,,,,,,,,,,,,,,false,true,12,2019-04-01,2020-03-31,0
2020-04-24,59050,2019-03-31,,6068000000,,,,,,,,169000000,,111000000,,,82.59,,,,,,,,,,,,,,,,,,,,,,false,false,12,2018-04-01,2019-03-31,-1
2020-04-30,59050,2020-03-31,,10144000000,-0.034,,,,,41000000,-0.721,97000000,-0.520,,63000000,,46.88,45.93,0.014,0.007,0.004,,13795000000,5540000000,0.342,3500.93,4723000000,985000000,-576000000,-183000000,590000000,,0.640,,,,,,true,false,12,2019-04-01,2020-03-31,0
2020-04-30,59050,2019-03-31,,10496000000,0.001,,,,,147000000,0.100,203000000,0.258,,123000000,,91.52,89.69,0.027,0.015,0.014,,13850000000,5440000000,0.334,3433.78,4630000000,774000000,-319000000,-397000000,365000000,,0.328,,,,,,true,false,12,2018-04-01,2019-03-31,-1
2020-04-30,59050,2021-03-31,,5326000000,0.060,,,,,-0,,22000000,1.200,,14000000,,10.35,,,,,,,,,,,,,,,,,,,,,,true,true,6,2020-04-01,2020-09-30,1
2020-04-30,59050,2021-03-31,,11683000000,0.152,,,,,99000000,1.415,140000000,0.443,,93000000,,68.73,,,,,,,,,,,,,,,,,,,,,,true,true,12,2020-04-01,2021-03-31,1
2020-04-30,59050,2020-03-31,,5790000000,-0.046,,,,,,,80000000,-0.523,59000000,,-0.464,44.33,43.43,,,,,10931000000,5198000000,0.473,3829.53,51670000000,,,,,30.00,,,,1392000,42742,1353096,false,false,12,2019-04-01,2020-03-31,0
2020-04-30,59050,2019-03-31,,6068000000,-0.003,,,,,,,169000000,-0.130,111000000,,-0.444,82.59,80.94,,,,,10552000000,5119000000,0.482,3768.12,5081000000,,,,,30.00,,,,1392000,43442,1354404,false,false,12,2018-04-01,2019-03-31,-1
2020-04-30,59050,2021-03-31,,3006000000,0.078,,,,,,,23000000,,16000000,,,,,,,,,,,,,,,,,,,,,,,,,false,true,6,2020-04-01,2020-09-30,1
2020-04-30,59050,2021-03-31,,7007000000,0.210,,,,,,,136000000,0.700,94000000,,0.567,69.47,,,,,,,,,,,,,,,30.00,,,,,,,false,true,12,2020-04-01,2021-03-31,1
2020-04-30,59050,2020-03-31,,10144000000,-0.034,,,,,41000000,-0.721,97000000,-0.520,,63000000,,46.88,45.93,0.014,0.007,0.004,,13795000000,5540000000,0.342,3500.93,4723000000,985000000,-576000000,-183000000,590000000,,0.640,,,,,,true,false,12,2019-04-01,2020-03-31,0
2020-04-30,59050,2019-03-31,,10496000000,0.001,,,,,147000000,0.100,203000000,0.258,,123000000,,91.52,89.69,0.027,0.015,0.014,,13850000000,5440000000,0.334,3433.78,4630000000,774000000,-319000000,-397000000,365000000,,0.328,,,,,,true,false,12,2018-04-01,2019-03-31,-1
2020-04-30,59050,2021-03-31,,5326000000,0.060,,,,,-0,,22000000,1.200,,14000000,,10.35,,,,,,,,,,,,,,,,,,,,,,true,true,6,2020-04-01,2020-09-30,1
2020-04-30,59050,2021-03-31,,11683000000,0.152,,,,,99000000,1.415,140000000,0.443,,93000000,,68.73,,,,,,,,,,,,,,,,,,,,,,true,true,12,2020-04-01,2021-03-31,1
2020-04-30,59050,2020-03-31,,5790000000,-0.046,,,,,,,80000000,-0.523,59000000,,-0.464,44.33,43.43,,,,,10931000000,5198000000,0.473,3829.53,5167000000,,,,,30.00,,,,1392000,42742,1353096,false,false,12,2019-04-01,2020-03-31,0
2020-04-30,59050,2019-03-31,,6068000000,-0.003,,,,,,,169000000,-0.130,111000000,,-0.444,82.59,80.94,,,,,10552000000,5119000000,0.482,3768.12,5081000000,,,,,30.00,,,,1392000,43442,1354404,false,false,12,2018-04-01,2019-03-31,-1
2020-04-30,59050,2021-03-31,,3006000000,0.078,,,,,,,23000000,,16000000,,,,,,,,,,,,,,,,,,,,,,,,,false,true,6,2020-04-01,2020-09-30,1
2020-04-30,59050,2021-03-31,,7007000000,0.210,,,,,,,136000000,0.700,94000000,,0.567,69.47,,,,,,,,,,,,,,,30.00,,,,,,,false,true,12,2020-04-01,2021-03-31,1
2020-07-31,59050,2021-03-31,1,2451000000,-0.040,,,,,-20000000,,-1000000,,,-2000000,,-1.66,,,,,,14503000000,6070000000,0.362,,5248000000,,,,,,,,,,,,true,false,3,2020-04-01,2020-06-30,0
2020-07-31,59050,2020-03-31,1,2553000000,-0.037,,,,,15000000,-0.527,32000000,-0.314,,19000000,,14.23,13.98,,,,,,,,,,,,,,,,,,,,,true,false,3,2019-04-01,2019-06-30,-1
2020-07-31,59050,2021-03-31,1,5326000000,0.060,,,,,-0,,22000000,1.200,,14000000,,10.35,,,,,,,,,,,,,,,,,,,,,,true,true,6,2020-04-01,2020-09-30,0
2020-07-31,59050,2021-03-31,1,11683000000,0.152,,,,,99000000,1.415,140000000,0.443,,93000000,,68.73,,,,,,,,,,,,,,,,,,,,,,true,true,12,2020-04-01,2021-03-31,0
2020-07-31,59050,2020-03-31,1,,,,,,,,,,,,,,,,,,,,13795000000,5540000000,0.342,,4723000000,,,,,,,,,,,,true,false,12,2019-04-01,2020-03-31,-1
2020-07-31,59050,2020-03-31,1,,,,,,,,,,,,,,,,,,,,,,,,,,,,,30.00,,,,1392000,42742,,false,false,12,2019-04-01,2020-03-31,-1
2020-07-31,59050,2021-03-31,1,,,,,,,,,,,,,,,,,,,,,,,,,,,,,30.00,,,,,,,false,true,12,2020-04-01,2021-03-31,0
2020-07-31,59050,2021-03-31,1,,,,,,,,,,,,,,,,,,,,,,,,,,,,,,,,,1392000,32942,1351708,false,false,3,2020-04-01,2020-06-30,0
2020-07-31,59050,2020-03-31,1,,,,,,,,,,,,,,,,,,,,,,,,,,,,,,,,,,,1351233,false,false,3,2019-04-01,2019-06-30,-1
2020-10-28,59050,2021-03-31,,4913000000,-0.078,,,,,1000000,,24000000,0.091,,14000000,,10.68,,,,,,,,,,,,,,,,,,,,,,true,true,6,2020-04-01,2020-09-30,0
2020-10-28,59050,2020-03-31,,5023000000,,,,,,-17000000,,10000000,,,2000000,,2.09,,,,,,,,,,,,,,,,,,,,,,true,false,6,2019-04-01,2019-09-30,-1
2020-10-28,59050,2021-03-31,,2933000000,-0.024,,,,,,,39000000,0.696,20000000,,0.250,15.43,,,,,,,,,,,,,,,,,,,,,,false,true,6,2020-04-01,2020-09-30,0
2020-10-28,59050,2020-03-31,,2789000000,,,,,,,,-4000000,,-3000000,,,,,,,,,,,,,,,,,,,,,,,,,false,false,6,2019-04-01,2019-09-30,-1
2020-10-30,59050,2021-03-31,2,4913000000,-0.022,,,,,1000000,,24000000,1.456,,14000000,,10.68,10.49,,,,,15811000000,6645000000,0.368,,5816000000,,,,,,,,,,,,true,false,6,2020-04-01,2020-09-30,0
2020-10-30,59050,2020-03-31,2,5023000000,-0.045,,,,,-17000000,,10000000,-0.894,,2000000,,2.09,2.05,,,,,,,,,,,,,,,,,,,,,true,false,6,2019-04-01,2019-09-30,-1
2020-10-30,59050,2021-03-31,2,11683000000,0.152,,,,,99000000,1.415,140000000,0.443,,93000000,,68.73,,,,,,,,,,,,,,,,,,,,,,true,true,12,2020-04-01,2021-03-31,0
2020-10-30,59050,2020-03-31,2,,,,,,,,,,,,,,,,,,,,13795000000,5540000000,0.342,,4723000000,,,,,,,,,,,,true,false,12,2019-04-01,2020-03-31,-1
2020-10-30,59050,2020-03-31,2,,,,,,,,,,,,,,,,,,,,,,,,,,,,,30.00,,,,1392000,42742,,false,false,12,2019-04-01,2020-03-31,-1
2020-10-30,59050,2021-03-31,2,,,,,,,,,,,,,,,,,,,,,,,,,,,,,0.00,,,,,,,false,false,12,2020-04-01,2021-03-31,0
2020-10-30,59050,2021-03-31,2,,,,,,,,,,,,,,,,,,,,,,,,,,,,,30.00,,,,,,,false,true,12,2020-04-01,2021-03-31,0
2020-10-30,59050,2021-03-31,2,,,,,,,,,,,,,,,,,,,,,,,,,,,,,,,,,1392000,32942,1354858,false,false,6,2020-04-01,2020-09-30,0
2020-10-30,59050,2020-03-31,2,,,,,,,,,,,,,,,,,,,,,,,,,,,,,,,,,,,1354672,false,false,6,2019-04-01,2019-09-30,-1
2021-02-01,59050,2021-03-31,3,7593000000,-0.019,,,,,73000000,0.047,113000000,0.046,,166000000,,123.01,120.74,,,,,16273000000,6724000000,0.362,,5885000000,,,,,,,,,,,,true,false,9,2020-04-01,2020-12-31,0
2021-02-01,59050,2020-03-31,3,7736000000,-0.035,,,,,70000000,-0.560,108000000,-0.440,,59000000,,43.72,42.89,,,,,,,,,,,,,,,,,,,,,true,false,9,2019-04-01,2019-12-31,-1
2021-02-01,59050,2021-03-31,3,11683000000,0.152,,,,,99000000,1.415,140000000,0.443,,93000000,,68.73,,,,,,,,,,,,,,,,,,,,,,true,true,12,2020-04-01,2021-03-31,0
2021-02-01,59050,2020-03-31,3,,,,,,,,,,,,,,,,,,,,13795000000,5540000000,0.342,,4723000000,,,,,,,,,,,,true,false,12,2019-04-01,2020-03-31,-1
2021-02-01,59050,2020-03-31,3,,,,,,,,,,,,,,,,,,,,,,,,,,,,,30.00,,,,1392000,42742,,false,false,12,2019-04-01,2020-03-31,-1
2021-02-01,59050,2021-03-31,3,,,,,,,,,,,,,,,,,,,,,,,,,,,,,0.00,,,,,,,false,false,12,2020-04-01,2021-03-31,0
2021-02-01,59050,2021-03-31,3,,,,,,,,,,,,,,,,,,,,,,,,,,,,,30.00,,,,,,,false,true,12,2020-04-01,2021-03-31,0
2021-02-01,59050,2021-03-31,3,,,,,,,,,,,,,,,,,,,,,,,,,,,,,,,,,1392000,41013,1354511,false,false,9,2020-04-01,2020-12-31,0
2021-02-01,59050,2020-03-31,3,,,,,,,,,,,,,,,,,,,,,,,,,,,,,,,,,,,1354248,false,false,9,2019-04-01,2019-12-31,-1
2021-04-21,59050,2021-03-31,,10983000000,-0.060,,,,,209000000,1.111,258000000,0.843,,296000000,,218.63,,,,,,,,,,,,,,,,,,,,,,true,true,12,2020-04-01,2021-03-31,0
2021-04-21,59050,2020-03-31,,10144000000,,,,,,41000000,,97000000,,,63000000,,46.88,,,,,,,,,,,,,,,,,,,,,,true,false,12,2019-04-01,2020-03-31,-1
2021-04-21,59050,2021-03-31,,6907000000,-0.014,,,,,,,217000000,0.596,276000000,,1.936,203.86,,,,,,,,,,,,,,,,,,,,,,false,true,12,2020-04-01,2021-03-31,0
2021-04-21,59050,2020-03-31,,5790000000,,,,,,,,80000000,,59000000,,,44.33,,,,,,,,,,,,,,,,,,,,,,false,false,12,2019-04-01,2020-03-31,-1
2021-04-30,59050,2021-03-31,,10983000000,0.083,,,,,209000000,4.102,258000000,1.638,,297000000,,219.41,215.06,0.059,0.018,0.019,,14561000000,6203000000,0.368,3961.46,5357000000,551000000,2000000,-425000000,718000000,,0.228,,,,,,true,false,12,2020-04-01,2021-03-31,0
2021-04-30,59050,2020-03-31,,10144000000,-0.034,,,,,41000000,-0.721,97000000,-0.520,,63000000,,46.88,45.93,0.014,0.007,0.004,,13795000000,5540000000,0.342,3500.93,4723000000,985000000,-576000000,-183000000,590000000,,0.640,,,,,,true,false,12,2019-04-01,2020-03-31,-1
2021-04-30,59050,2022-03-31,,5172000000,0.053,,,,,44000000,43.000,74000000,2.083,,49000000,,36.19,,,,,,,,,,,,,,,,,,,,,,true,true,6,2021-04-01,2021-09-30,1
2021-04-30,59050,2022-03-31,,10349000000,-0.058,,,,,95000000,-0.545,152000000,-0.411,,101000000,,74.60,,,,,,,,,,,,,,,,,,,,,,true,true,12,2021-04-01,2022-03-31,1
2021-04-30,59050,2021-03-31,,6907000000,0.193,,,,,,,217000000,1.694,275000000,,3.589,203.33,199.30,,,,,11641000000,5799000000,0.496,4266.26,5770000000,,,,,50.00,,,,1392000,39513,1353875,false,false,12,2020-04-01,2021-03-31,0
2021-04-30,59050,2020-03-31,,5790000000,-0.046,,,,,,,80000000,-0.523,59000000,,-0.464,44.33,43.43,,,,,10931000000,5198000000,0.473,3829.53,5167000000,,,,,30.00,,,,1392000,42742,1353096,false,false,12,2019-04-01,2020-03-31,-1
2021-04-30,59050,2022-03-31,,2970000000,0.013,,,,,,,65000000,0.667,45000000,,1.250,33.24,,,,,,,,,,,,,,,,,,,,,,false,true,6,2021-04-01,2021-09-30,1
2021-04-30,59050,2022-03-31,,5950000000,-0.139,,,,,,,141000000,-0.350,96000000,,-0.651,70.91,,,,,,,,,,,,,,,30.00,,,,,,,false,true,12,2021-04-01,2022-03-31,1
2021-08-02,59050,2022-03-31,1,2736000000,0.116,,,,,108000000,,150000000,,,94000000,,70.10,68.48,,,,,14310000000,6093000000,0.366,,5241000000,,,,,,,,,,,,true,false,3,2021-04-01,2021-06-30,0
2021-08-02,59050,2021-03-31,1,2451000000,-0.040,,,,,-20000000,,-1000000,,,-2000000,,-1.66,,,,,,,,,,,,,,,,,,,,,,true,false,3,2020-04-01,2020-06-30,-1
2021-08-02,59050,2022-03-31,1,5172000000,0.053,,,,,44000000,43.000,74000000,2.083,,49000000,,36.19,,,,,,,,,,,,,,,,,,,,,,true,true,6,2021-04-01,2021-09-30,0
2021-08-02,59050,2022-03-31,1,10349000000,-0.058,,,,,95000000,-0.545,152000000,-0.411,,101000000,,74.60,,,,,,,,,,,,,,,,,,,,,,true,true,12,2021-04-01,2022-03-31,0
2021-08-02,59050,2021-03-31,1,,,,,,,,,,,,,,,,,,,,14561000000,6203000000,0.368,,5357000000,,,,,,,,,,,,true,false,12,2020-04-01,2021-03-31,-1
2021-08-02,59050,2021-03-31,1,,,,,,,,,,,,,,,,,,,,,,,,,,,,,50.00,,,,1392000,39513,,false,false,12,2020-04-01,2021-03-31,-1
2021-08-02,59050,2022-03-31,1,,,,,,,,,,,,,,,,,,,,,,,,,,,,,30.00,,,,,,,false,true,12,2021-04-01,2022-03-31,0
2021-08-02,59050,2022-03-31,1,,,,,,,,,,,,,,,,,,,,,,,,,,,,,,,,,1392000,33335,1354721,false,false,3,2021-04-01,2021-06-30,0
2021-08-02,59050,2021-03-31,1,,,,,,,,,,,,,,,,,,,,,,,,,,,,,,,,,,,1351708,false,false,3,2020-04-01,2020-06-30,-1
2021-10-28,59050,2022-03-31,,5185000000,0.003,,,,,107000000,1.432,155000000,1.095,,123000000,,90.93,,,,,,,,,,,,,,,,,,,,,,true,true,6,2021-04-01,2021-09-30,0
2021-10-28,59050,2021-03-31,,4913000000,,,,,,1000000,,24000000,,,14000000,,10.68,,,,,,,,,,,,,,,,,,,,,,true,false,6,2020-04-01,2020-09-30,-1
2021-10-28,59050,2022-03-31,,3054000000,0.028,,,,,,,95000000,0.462,100000000,,1.222,73.76,,,,,,,,,,,,,,,,,,,,,,false,true,12,2021-04-01,2022-03-31,0
2021-10-28,59050,2021-03-31,,2933000000,,,,,,,,39000000,,20000000,,,15.43,,,,,,,,,,,,,,,,,,,,,,false,false,12,2020-04-01,2021-03-31,-1
2021-11-01,59050,2022-03-31,2,5185000000,0.055,,,,,107000000,,155000000,5.311,,123000000,,90.93,88.83,,,,,13622000000,5884000000,0.369,,5028000000,,,,,,,,,,,,true,false,6,2021-04-01,2021-09-30,0
2021-11-01,59050,2021-03-31,2,4913000000,-0.022,,,,,1000000,,24000000,1.456,,14000000,,10.68,10.49,,,,,,,,,,,,,,,,,,,,,true,false,6,2020-04-01,2020-09-30,-1
2021-11-01,59050,2022-03-31,2,10349000000,-0.058,,,,,95000000,-0.545,152000000,-0.411,,101000000,,74.60,,,,,,,,,,,,,,,,,,,,,,true,true,12,2021-04-01,2022-03-31,0
2021-11-01,59050,2021-03-31,2,,,,,,,,,,,,,,,,,,,,14561000000,6203000000,0.368,,5357000000,,,,,,,,,,,,true,false,12,2020-04-01,2021-03-31,-1
2021-11-01,59050,2021-03-31,2,,,,,,,,,,,,,,,,,,,,,,,,,,,,,50.00,,,,1392000,39513,,false,false,12,2020-04-01,2021-03-31,-1
2021-11-01,59050,2022-03-31,2,,,,,,,,,,,,,,,,,,,,,,,,,,,,,0.00,,,,,,,false,false,12,2021-04-01,2022-03-31,0
2021-11-01,59050,2022-03-31,2,,,,,,,,,,,,,,,,,,,,,,,,,,,,,30.00,,,,,,,false,true,12,2021-04-01,2022-03-31,0
2021-11-01,59050,2022-03-31,2,,,,,,,,,,,,,,,,,,,,,,,,,,,,,,,,,1392000,33335,1356411,false,false,6,2021-04-01,2021-09-30,0
2021-11-01,59050,2021-03-31,2,,,,,,,,,,,,,,,,,,,,,,,,,,,,,,,,,,,1354858,false,false,6,2020-04-01,2020-09-30,-1
2022-01-31,59050,2022-03-31,3,7926000000,0.044,,,,,161000000,1.192,225000000,0.994,,203000000,,149.90,146.24,,,,,13943000000,5916000000,0.363,,5058000000,,,,,,,,,,,,true,false,9,2021-04-01,2021-12-31,0
2022-01-31,59050,2021-03-31,3,7593000000,-0.019,,,,,73000000,0.047,113000000,0.046,,166000000,,123.01,120.74,,,,,,,,,,,,,,,,,,,,,true,false,9,2020-04-01,2020-12-31,-1
2022-01-31,59050,2022-03-31,3,10349000000,-0.058,,,,,95000000,-0.545,152000000,-0.411,,101000000,,74.60,,,,,,,,,,,,,,,,,,,,,,true,true,12,2021-04-01,2022-03-31,0
2022-01-31,59050,2021-03-31,3,,,,,,,,,,,,,,,,,,,,14561000000,6203000000,0.368,,5357000000,,,,,,,,,,,,true,false,12,2020-04-01,2021-03-31,-1
2022-01-31,59050,2021-03-31,3,,,,,,,,,,,,,,,,,,,,,,,,,,,,,50.00,,,,1392000,39513,,false,false,12,2020-04-01,2021-03-31,-1
2022-01-31,59050,2022-03-31,3,,,,,,,,,,,,,,,,,,,,,,,,,,,,,0.00,,,,,,,false,false,12,2021-04-01,2022-03-31,0
2022-01-31,59050,2022-03-31,3,,,,,,,,,,,,,,,,,,,,,,,,,,,,,30.00,,,,,,,false,true,12,2021-04-01,2022-03-31,0
2022-01-31,59050,2022-03-31,3,,,,,,,,,,,,,,,,,,,,,,,,,,,,,,,,,1392000,39435,1356427,false,false,9,2021-04-01,2021-12-31,0
2022-01-31,59050,2021-03-31,3,,,,,,,,,,,,,,,,,,,,,,,,,,,,,,,,,,,1354511,false,false,9,2020-04-01,2020-12-31,-1
2022-04-26,59050,2022-03-31,,10472000000,0.012,,,,,162000000,0.705,230000000,0.513,,239000000,,176.77,,,,,,,,,,,,,,,,,,,,,,true,true,12,2021-04-01,2022-03-31,0
2022-04-26,59050,2021-03-31,,10983000000,,,,,,209000000,,258000000,,,297000000,,219.41,,,,,,,,,,,,,,,,,,,,,,true,false,12,2020-04-01,2021-03-31,-1
2022-04-26,59050,2022-03-31,,6261000000,0.052,,,,,,,175000000,0.241,204000000,,1.125,151.31,,,,,,,,,,,,,,,50.00,,,,,,,false,true,12,2021-04-01,2022-03-31,0
2022-04-26,59050,2021-03-31,,6907000000,,,,,,,,217000000,,275000000,,,203.33,,,,,,,,,,,,,,,50.00,,,,,,,false,false,12,2020-04-01,2021-03-31,-1
2022-04-26,59050,2022-03-31,,,,,,,,,,,,,,,,,,,,,,,,,,,,,,0.00,,,,,,,false,false,12,2021-04-01,2022-03-31,0
2022-05-02,59050,2022-03-31,,10472000000,-0.047,,,,,162000000,-0.227,220000000,-0.144,,236000000,,174.63,170.68,0.046,0.016,0.015,,13619000000,5745000000,0.358,3621.04,4876000000,416000000,-370000000,-43000000,721000000,,0.286,,,,,,true,false,12,2021-04-01,2022-03-31,0
2022-05-02,59050,2021-03-31,,10983000000,0.083,,,,,209000000,4.102,258000000,1.638,,297000000,,219.41,215.06,0.059,0.018,0.019,,14561000000,6203000000,0.368,3961.46,5357000000,551000000,2000000,-425000000,718000000,,0.228,,,,,,true,false,12,2020-04-01,2021-03-31,-1
2022-05-02,59050,2023-03-31,,5540000000,0.068,,,,,12000000,-0.888,42000000,-0.729,,29000000,,21.41,,,,,,,,,,,,,,,,,,,,,,true,true,6,2022-04-01,2022-09-30,1
2022-05-02,59050,2023-03-31,,11273000000,0.076,,,,,105000000,-0.352,164000000,-0.255,,110000000,,81.20,,,,,,,,,,,,,,,,,,,,,,true,true,12,2022-04-01,2023-03-31,1
2022-05-02,59050,2022-03-31,,6261000000,-0.094,,,,,,,165000000,-0.238,202000000,,-0.266,149.17,145.79,,,,,10755000000,5304000000,0.490,3913.38,5270000000,,,,,50.00,,,,1392000,45335,1354713,false,false,12,2021-04-01,2022-03-31,0
2022-05-02,59050,2021-03-31,,6907000000,0.193,,,,,,,217000000,1.694,275000000,,3.589,203.33,199.30,,,,,11641000000,5799000000,0.496,4266.26,5770000000,,,,,50.00,,,,1392000,39513,1353875,false,false,12,2020-04-01,2021-03-31,-1
2022-05-02,59050,2023-03-31,,3211000000,0.051,,,,,,,47000000,-0.505,33000000,,-0.670,24.36,,,,,,,,,,,,,,,,,,,,,,false,true,6,2022-04-01,2022-09-30,1
2022-05-02,59050,2023-03-31,,6552000000,0.046,,,,,,,149000000,-0.097,103000000,,-0.490,76.03,,,,,,,,,,,,,,,0.00,,,,,,,false,true,12,2022-04-01,2023-03-31,1
2022-08-01,59050,2023-03-31,1,2695000000,-0.015,,,,,32000000,-0.704,47000000,-0.688,,31000000,,22.95,22.63,,,,,13765000000,5629000000,0.347,,4773000000,,,,,,,,,,,,true,false,3,2022-04-01,2022-06-30,0
2022-08-01,59050,2022-03-31,1,2736000000,0.116,,,,,108000000,,150000000,,,94000000,,70.10,68.48,,,,,,,,,,,,,,,,,,,,,true,false,3,2021-04-01,2021-06-30,-1
2022-08-01,59050,2023-03-31,1,5540000000,0.068,,,,,12000000,-0.888,42000000,-0.729,,29000000,,21.41,,,,,,,,,,,,,,,,,,,,,,true,true,6,2022-04-01,2022-09-30,0
2022-08-01,59050,2023-03-31,1,11273000000,0.076,,,,,105000000,-0.352,164000000,-0.255,,110000000,,81.20,,,,,,,,,,,,,,,,,,,,,,true,true,12,2022-04-01,2023-03-31,0
2022-08-01,59050,2022-03-31,1,,,,,,,,,,,,,,,,,,,,13619000000,5745000000,0.358,,4876000000,,,,,,,,,,,,true,false,12,2021-04-01,2022-03-31,-1
2022-08-01,59050,2022-03-31,1,,,,,,,,,,,,,,,,,,,,,,,,,,,,,50.00,,,,1392000,45335,,false,false,12,2021-04-01,2022-03-31,-1
2022-08-01,59050,2023-03-31,1,,,,,,,,,,,,,,,,,,,,,,,,,,,,,0.00,,,,,,,false,true,12,2022-04-01,2023-03-31,0
2022-08-01,59050,2023-03-31,1,,,,,,,,,,,,,,,,,,,,,,,,,,,,,,,,,1392000,25935,1351515,false,false,3,2022-04-01,2022-06-30,0
2022-08-01,59050,2022-03-31,1,,,,,,,,,,,,,,,,,,,,,,,,,,,,,,,,,,,1354721,false,false,3,2021-04-01,2021-06-30,-1
2022-10-27,59050,2023-03-31,,5320000000,-0.040,,,,,9000000,-0.250,32000000,-0.238,,60000000,,44.47,,,,,,,,,,,,,,,,,,,,,,true,true,6,2022-04-01,2022-09-30,0
2022-10-27,59050,2022-03-31,,5185000000,,,,,,107000000,,155000000,,,123000000,,90.93,,,,,,,,,,,,,,,,,,,,,,true,false,6,2021-04-01,2021-09-30,-1
2022-10-27,59050,2023-03-31,,3152000000,-0.018,,,,,,,52000000,0.106,62000000,,0.879,45.77,,,,,,,,,,,,,,,,,,,,,,false,true,6,2022-04-01,2022-09-30,0
2022-10-27,59050,2022-03-31,,3054000000,,,,,,,,95000000,,100000000,,,73.77,,,,,,,,,,,,,,,,,,,,,,false,false,6,2021-04-01,2021-09-30,-1
2022-10-31,59050,2023-03-31,2,5320000000,0.026,,,,,9000000,-0.913,32000000,-0.788,,60000000,,44.47,43.86,,,,,13373000000,5561000000,0.353,,4717000000,,,,,,,,,,,,true,false,6,2022-04-01,2022-09-30,0
2022-10-31,59050,2022-03-31,2,5185000000,0.055,,,,,107000000,,155000000,5.311,,123000000,,90.93,88.83,,,,,,,,,,,,,,,,,,,,,true,false,6,2021-04-01,2021-09-30,-1
2022-10-31,59050,2023-03-31,2,11273000000,0.076,,,,,105000000,-0.352,164000000,-0.255,,110000000,,81.20,,,,,,,,,,,,,,,,,,,,,,true,true,12,2022-04-01,2023-03-31,0
2022-10-31,59050,2022-03-31,2,,,,,,,,,,,,,,,,,,,,13619000000,5745000000,0.358,,4876000000,,,,,,,,,,,,true,false,12,2021-04-01,2022-03-31,-1
2022-10-31,59050,2022-03-31,2,,,,,,,,,,,,,,,,,,,,,,,,,,,,,50.00,,,,1392000,45335,,false,false,12,2021-04-01,2022-03-31,-1
2022-10-31,59050,2023-03-31,2,,,,,,,,,,,,,,,,,,,,,,,,,,,,,0.00,,,,,,,false,false,12,2022-04-01,2023-03-31,0
2022-10-31,59050,2023-03-31,2,,,,,,,,,,,,,,,,,,,,,,,,,,,,,,,,,1392000,25935,1357751,false,false,6,2022-04-01,2022-09-30,0
2022-10-31,59050,2022-03-31,2,,,,,,,,,,,,,,,,,,,,,,,,,,,,,,,,,,,1356411,false,false,6,2021-04-01,2021-09-30,-1
2023-01-31,59050,2023-03-31,3,8103000000,0.022,,,,,103000000,-0.359,148000000,-0.341,,195000000,,143.93,140.81,,,,,13789000000,5728000000,0.353,,4874000000,,,,,,,,,,,,true,false,9,2022-04-01,2022-12-31,0
2023-01-31,59050,2022-03-31,3,7926000000,0.044,,,,,161000000,1.192,225000000,0.994,,203000000,,149.90,146.24,,,,,,,,,,,,,,,,,,,,,true,false,9,2021-04-01,2021-12-31,-1
2023-01-31,59050,2023-03-31,3,11273000000,0.076,,,,,105000000,-0.352,164000000,-0.255,,110000000,,81.20,,,,,,,,,,,,,,,,,,,,,,true,true,12,2022-04-01,2023-03-31,0
2023-01-31,59050,2022-03-31,3,,,,,,,,,,,,,,,,,,,,13619000000,5745000000,0.358,,4876000000,,,,,,,,,,,,true,false,12,2021-04-01,2022-03-31,-1
2023-01-31,59050,2022-03-31,3,,,,,,,,,,,,,,,,,,,,,,,,,,,,,50.00,,,,1392000,45335,,false,false,12,2021-04-01,2022-03-31,-1
2023-01-31,59050,2023-03-31,3,,,,,,,,,,,,,,,,,,,,,,,,,,,,,0.00,,,,,,,false,false,12,2022-04-01,2023-03-31,0
2023-01-31,59050,2023-03-31,3,,,,,,,,,,,,,,,,,,,,,,,,,,,,,,,,,1392000,31145,1359524,false,false,9,2022-04-01,2022-12-31,0
2023-01-31,59050,2022-03-31,3,,,,,,,,,,,,,,,,,,,,,,,,,,,,,,,,,,,1356427,false,false,9,2021-04-01,2021-12-31,-1
2023-04-28,59050,2023-03-31,,10919000000,-0.031,,,,,213000000,1.029,268000000,0.634,,289000000,,213.28,,,,,,,,,,,,,,,,,,,,,,true,true,12,2022-04-01,2023-03-31,0
2023-04-28,59050,2022-03-31,,10472000000,,,,,,162000000,,220000000,,,236000000,,174.63,,,,,,,,,,,,,,,,,,,,,,true,false,12,2021-04-01,2022-03-31,-1
2023-04-28,59050,2023-03-31,,6508000000,-0.007,,,,,,,189000000,0.268,234000000,,1.272,172.52,,,,,,,,,,,,,,,70.00,,,,,,,false,true,12,2022-04-01,2023-03-31,0
2023-04-28,59050,2022-03-31,,6261000000,,,,,,,,165000000,,202000000,,,149.17,,,,,,,,,,,,,,,50.00,,,,,,,false,false,12,2021-04-01,2022-03-31,-1
2023-04-28,59050,2023-03-31,,,,,,,,,,,,,,,,,,,,,,,,,,,,,,0.00,,,,,,,false,false,12,2022-04-01,2023-03-31,0
2023-05-01,59050,2023-03-31,,10919000000,0.043,,,,,213000000,0.313,268000000,0.213,,289000000,,213.28,208.65,0.058,0.019,0.020,,13944000000,6016000000,0.366,3772.60,5108000000,459000000,-403000000,-117000000,660000000,,0.328,,,,,,true,false,12,2022-04-01,2023-03-31,0
2023-05-01,59050,2022-03-31,,10472000000,-0.047,,,,,162000000,-0.227,220000000,-0.144,,236000000,,174.63,170.68,0.046,0.016,0.015,,13619000000,5745000000,0.358,3621.04,4876000000,412000000,-366000000,-43000000,721000000,,0.286,,,,,,true,false,12,2021-04-01,2022-03-31,-1
2023-05-01,59050,2024-03-31,,6421000000,0.207,,,,,155000000,,182000000,4.688,,165000000,,121.42,,,,,,,,,,,,,,,,,,,,,,true,true,6,2023-04-01,2023-09-30,1
2023-05-01,59050,2024-03-31,,13174000000,0.207,,,,,206000000,-0.033,256000000,-0.045,,265000000,,195.01,,,,,,,,,,,,,,,,,,,,,,true,true,12,2023-04-01,2024-03-31,1
2023-05-01,59050,2023-03-31,,6508000000,0.040,,,,,,,189000000,0.142,234000000,,0.160,172.52,168.77,,,,,10979000000,5476000000,0.497,4026.14,5451000000,,,,,70.00,,,,1392000,37945,1358908,false,false,12,2022-04-01,2023-03-31,0
2023-05-01,59050,2022-03-31,,6261000000,-0.094,,,,,,,165000000,-0.238,202000000,,-0.266,149.17,145.79,,,,,10755000000,5304000000,0.490,3913.38,5270000000,,,,,50.00,,,,1392000,45335,1354713,false,false,12,2021-04-01,2022-03-31,-1
2023-05-01,59050,2024-03-31,,3770000000,0.196,,,,,,,125000000,1.404,137000000,,1.210,100.82,,,,,,,,,,,,,,,,,,,,,,false,true,6,2023-04-01,2023-09-30,1
2023-05-01,59050,2024-03-31,,7892000000,0.213,,,,,,,200000000,0.058,239000000,,0.021,175.88,,,,,,,,,,,,,,,70.00,,,,,,,false,true,12,2023-04-01,2024-03-31,1
2023-07-31,59050,2024-03-31,1,3099000000,0.150,,,,,173000000,4.387,189000000,3.026,,107000000,,79.36,77.63,,,,,14522000000,6052000000,0.352,,5115000000,,,,,,,,,,,,true,false,3,2023-04-01,2023-06-30,0
2023-07-31,59050,2023-03-31,1,2695000000,-0.015,,,,,32000000,-0.704,47000000,-0.688,,31000000,,22.95,22.63,,,,,,,,,,,,,,,,,,,,,true,false,3,2022-04-01,2022-06-30,-1
2023-07-31,59050,2024-03-31,1,6421000000,0.207,,,,,155000000,,182000000,4.688,,165000000,,121.42,,,,,,,,,,,,,,,,,,,,,,true,true,6,2023-04-01,2023-09-30,0
2023-07-31,59050,2024-03-31,1,13174000000,0.207,,,,,206000000,-0.033,256000000,-0.045,,265000000,,195.01,,,,,,,,,,,,,,,,,,,,,,true,true,12,2023-04-01,2024-03-31,0
2023-07-31,59050,2023-03-31,1,,,,,,,,,,,,,,,,,,,,13944000000,6016000000,0.366,,5108000000,,,,,,,,,,,,true,false,12,2022-04-01,2023-03-31,-1
2023-07-31,59050,2023-03-31,1,,,,,,,,,,,,,,,,,,,,,,,,,,,,,70.00,,,,1392000,37945,,false,false,12,2022-04-01,2023-03-31,-1
2023-07-31,59050,2024-03-31,1,,,,,,,,,,,,,,,,,,,,,,,,,,,,,70.00,,,,,,,false,true,12,2023-04-01,2024-03-31,0
2023-07-31,59050,2024-03-31,1,,,,,,,,,,,,,,,,,,,,,,,,,,,,,,,,,1392000,37945,1354055,false,false,3,2023-04-01,2023-06-30,0
2023-07-31,59050,2023-03-31,1,,,,,,,,,,,,,,,,,,,,,,,,,,,,,,,,,,,1351515,false,false,3,2022-04-01,2022-06-30,-1
2023-10-31,59050,2024-03-31,2,5994000000,0.127,,,,,194000000,,227000000,5.892,,145000000,,107.20,105.56,,,,,15210000000,6011000000,0.334,,5073000000,,,,,,,,,,,,true,false,6,2023-04-01,2023-09-30,0
2023-10-31,59050,2023-03-31,2,5320000000,0.026,,,,,9000000,-0.913,32000000,-0.788,,60000000,,44.47,43.86,,,,,,,,,,,,,,,,,,,,,true,false,6,2022-04-01,2022-09-30,-1
2023-10-31,59050,2024-03-31,2,13174000000,0.207,,,,,206000000,-0.033,256000000,-0.045,,265000000,,195.01,,,,,,,,,,,,,,,,,,,,,,true,true,12,2023-04-01,2024-03-31,0
2023-10-31,59050,2023-03-31,2,,,,,,,,,,,,,,,,,,,,13944000000,6016000000,0.366,,5108000000,,,,,,,,,,,,true,false,12,2022-04-01,2023-03-31,-1
2023-10-31,59050,2023-03-31,2,,,,,,,,,,,,,,,,,,,,,,,,,,,,,70.00,,,,1392000,37945,,false,false,12,2022-04-01,2023-03-31,-1
2023-10-31,59050,2024-03-31,2,,,,,,,,,,,,,,,,,,,,,,,,,,,,,0.00,,,,,,,false,false,12,2023-04-01,2024-03-31,0
2023-10-31,59050,2024-03-31,2,,,,,,,,,,,,,,,,,,,,,,,,,,,,,70.00,,,,,,,false,true,12,2023-04-01,2024-03-31,0
2023-10-31,59050,2024-03-31,2,,,,,,,,,,,,,,,,,,,,,,,,,,,,,,,,,1392000,28495,1358105,false,false,6,2023-04-01,2023-09-30,0
2023-10-31,59050,2023-03-31,2,,,,,,,,,,,,,,,,,,,,,,,,,,,,,,,,,,,1357751,false,false,6,2022-04-01,2022-09-30,-1
2023-10-31,59050,2024-03-31,2,5994000000,0.127,,,,,194000000,,227000000,5.892,,145000000,,107.22,105.57,,,,,15210000000,6011000000,0.334,,5073000000,,,,,,,,,,,,true,false,6,2023-04-01,2023-09-30,0
2023-10-31,59050,2023-03-31,2,5320000000,0.026,,,,,9000000,-0.913,32000000,-0.788,,60000000,,44.47,43.86,,,,,,,,,,,,,,,,,,,,,true,false,6,2022-04-01,2022-09-30,-1
2023-10-31,59050,2024-03-31,2,13174000000,0.207,,,,,206000000,-0.033,256000000,-0.045,,265000000,,195.01,,,,,,,,,,,,,,,,,,,,,,true,true,12,2023-04-01,2024-03-31,0
2023-10-31,59050,2023-03-31,2,,,,,,,,,,,,,,,,,,,,13944000000,6016000000,0.366,,5108000000,,,,,,,,,,,,true,false,12,2022-04-01,2023-03-31,-1
2023-10-31,59050,2023-03-31,2,,,,,,,,,,,,,,,,,,,,,,,,,,,,,70.00,,,,1392000,37945,,false,false,12,2022-04-01,2023-03-31,-1
2023-10-31,59050,2024-03-31,2,,,,,,,,,,,,,,,,,,,,,,,,,,,,,0.00,,,,,,,false,false,12,2023-04-01,2024-03-31,0
2023-10-31,59050,2024-03-31,2,,,,,,,,,,,,,,,,,,,,,,,,,,,,,70.00,,,,,,,false,true,12,2023-04-01,2024-03-31,0
2023-10-31,59050,2024-03-31,2,,,,,,,,,,,,,,,,,,,,,,,,,,,,,,,,,1392000,28945,1357912,false,false,6,2023-04-01,2023-09-30,0
2023-10-31,59050,2023-03-31,2,,,,,,,,,,,,,,,,,,,,,,,,,,,,,,,,,,,1357751,false,false,6,2022-04-01,2022-09-30,-1
2024-01-31,59050,2024-03-31,3,9211000000,0.137,,,,,262000000,1.536,313000000,1.111,,238000000,,175.60,172.23,,,,,15060000000,6137000000,0.344,,5177000000,,,,,,,,,,,,true,false,9,2023-04-01,2023-12-31,0
2024-01-31,59050,2023-03-31,3,8103000000,0.022,,,,,103000000,-0.359,148000000,-0.341,,195000000,,143.93,140.81,,,,,,,,,,,,,,,,,,,,,true,false,9,2022-04-01,2022-12-31,-1
2024-01-31,59050,2024-03-31,3,13174000000,0.207,,,,,206000000,-0.033,256000000,-0.045,,265000000,,195.01,,,,,,,,,,,,,,,,,,,,,,true,true,12,2023-04-01,2024-03-31,0
2024-01-31,59050,2023-03-31,3,,,,,,,,,,,,,,,,,,,,13944000000,6016000000,0.366,,5108000000,,,,,,,,,,,,true,false,12,2022-04-01,2023-03-31,-1
2024-01-31,59050,2023-03-31,3,,,,,,,,,,,,,,,,,,,,,,,,,,,,,70.00,,,,1392000,37945,,false,false,12,2022-04-01,2023-03-31,-1
2024-01-31,59050,2024-03-31,3,,,,,,,,,,,,,,,,,,,,,,,,,,,,,0.00,,,,,,,false,false,12,2023-04-01,2024-03-31,0
2024-01-31,59050,2024-03-31,3,,,,,,,,,,,,,,,,,,,,,,,,,,,,,70.00,,,,,,,false,true,12,2023-04-01,2024-03-31,0
2024-01-31,59050,2024-03-31,3,,,,,,,,,,,,,,,,,,,,,,,,,,,,,,,,,1392000,33845,1358725,false,false,9,2023-04-01,2023-12-31,0
2024-01-31,59050,2023-03-31,3,,,,,,,,,,,,,,,,,,,,,,,,,,,,,,,,,,,1359524,false,false,9,2022-04-01,2022-12-31,-1
2024-04-30,59050,2024-03-31,,12248000000,0.122,,,,,256000000,0.206,323000000,0.207,,271000000,,199.84,195.50,0.053,0.022,0.021,,15204000000,6153000000,0.342,3837.11,5198000000,386000000,-680000000,269000000,637000000,,0.350,,,,,,true,false,12,2023-04-01,2024-03-31,0
2024-04-30,59050,2023-03-31,,10919000000,0.043,,,,,213000000,0.313,268000000,0.213,,289000000,,213.28,208.65,0.058,0.019,0.020,,13944000000,6016000000,0.366,3772.60,5108000000,459000000,-403000000,-117000000,660000000,,0.328,,,,,,true,false,12,2022-04-01,2023-03-31,-1
2024-04-30,59050,2025-03-31,,6219000000,0.038,,,,,24000000,-0.876,57000000,-0.749,,17000000,,12.52,,,,,,,,,,,,,,,,,,,,,,true,true,6,2024-04-01,2024-09-30,1
2024-04-30,59050,2025-03-31,,12395000000,0.012,,,,,-52000000,,11000000,-0.966,,67000000,,49.33,,,,,,,,,,,,,,,,,,,,,,true,true,12,2024-04-01,2025-03-31,1
2024-04-30,59050,2024-03-31,,7211000000,0.108,,,,,,,201000000,0.065,231000000,,-0.012,170.55,166.85,,,,,11551000000,5528000000,0.476,4058.03,5498000000,,,,,70.00,,,,1392000,37145,1358078,false,false,12,2023-04-01,2024-03-31,0
2024-04-30,59050,2023-03-31,,6508000000,0.040,,,,,,,189000000,0.142,234000000,,0.160,172.52,168.77,,,,,10979000000,5476000000,0.497,4026.14,5451000000,,,,,70.00,,,,1392000,37945,1358908,false,false,12,2022-04-01,2023-03-31,-1
2024-04-30,59050,2025-03-31,,3567000000,0.020,,,,,,,35000000,-0.713,18000000,,-0.836,13.25,,,,,,,,,,,,,,,,,,,,,,false,true,6,2024-04-01,2024-09-30,1
2024-04-30,59050,2025-03-31,,7028000000,-0.025,,,,,,,-68000000,,49000000,,-0.788,36.08,,,,,,,,,,,,,,,30.00,,,,,,,false,true,12,2024-04-01,2025-03-31,1
2024-08-01,59050,2025-03-31,1,3356000000,0.083,,,,,67000000,-0.613,96000000,-0.490,,52000000,,38.93,37.99,,,,,15314000000,6074000000,0.335,,5127000000,,,,,,,,,,,,true,false,3,2024-04-01,2024-06-30,0
2024-08-01,59050,2024-03-31,1,3099000000,0.150,,,,,173000000,4.387,189000000,3.026,,107000000,,79.36,77.63,,,,,,,,,,,,,,,,,,,,,true,false,3,2023-04-01,2023-06-30,-1
2024-08-01,59050,2025-03-31,1,6219000000,0.038,,,,,24000000,-0.876,57000000,-0.749,,17000000,,12.52,,,,,,,,,,,,,,,,,,,,,,true,true,6,2024-04-01,2024-09-30,0
2024-08-01,59050,2025-03-31,1,12395000000,0.012,,,,,-52000000,,11000000,-0.966,,67000000,,49.33,,,,,,,,,,,,,,,,,,,,,,true,true,12,2024-04-01,2025-03-31,0
2024-08-01,59050,2024-03-31,1,,,,,,,,,,,,,,,,,,,,15204000000,6153000000,0.342,,5198000000,,,,,,,,,,,,true,false,12,2023-04-01,2024-03-31,-1
2024-08-01,59050,2024-03-31,1,,,,,,,,,,,,,,,,,,,,,,,,,,,,,70.00,,,,1392000,37145,,false,false,12,2023-04-01,2024-03-31,-1
2024-08-01,59050,2025-03-31,1,,,,,,,,,,,,,,,,,,,,,,,,,,,,,30.00,,,,,,,false,true,12,2024-04-01,2025-03-31,0
2024-08-01,59050,2025-03-31,1,,,,,,,,,,,,,,,,,,,,,,,,,,,,,,,,,1392000,52945,1348580,false,false,3,2024-04-01,2024-06-30,0
2024-08-01,59050,2024-03-31,1,,,,,,,,,,,,,,,,,,,,,,,,,,,,,,,,,,,1354055,false,false,3,2023-04-01,2023-06-30,-1
2024-11-05,59050,2025-03-31,2,5968000000,-0.004,,,,,-111000000,,-71000000,,,-64000000,,-48.05,,,,,,14473000000,5961000000,0.347,,5028000000,,,,,,,,,,,,true,false,6,2024-04-01,2024-09-30,0
2024-11-05,59050,2024-03-31,2,5994000000,0.127,,,,,194000000,,227000000,5.892,,145000000,,107.22,105.57,,,,,,,,,,,,,,,,,,,,,true,false,6,2023-04-01,2023-09-30,-1
2024-11-05,59050,2025-03-31,2,12395000000,0.012,,,,,-52000000,,11000000,-0.966,,67000000,,49.33,,,,,,,,,,,,,,,,,,,,,,true,true,12,2024-04-01,2025-03-31,0
2024-11-05,59050,2024-03-31,2,,,,,,,,,,,,,,,,,,,,15204000000,6153000000,0.342,,5198000000,,,,,,,,,,,,true,false,12,2023-04-01,2024-03-31,-1
2024-11-05,59050,2024-03-31,2,,,,,,,,,,,,,,,,,,,,,,,,,,,,,70.00,,,,1392000,37145,,false,false,12,2023-04-01,2024-03-31,-1
2024-11-05,59050,2025-03-31,2,,,,,,,,,,,,,,,,,,,,,,,,,,,,,0.00,,,,,,,false,false,12,2024-04-01,2025-03-31,0
2024-11-05,59050,2025-03-31,2,,,,,,,,,,,,,,,,,,,,,,,,,,,,,30.00,,,,,,,false,true,12,2024-04-01,2025-03-31,0
2024-11-05,59050,2025-03-31,2,,,,,,,,,,,,,,,,,,,,,,,,,,,,,,,,,1392000,54345,1345312,false,false,6,2024-04-01,2024-09-30,0
2024-11-05,59050,2024-03-31,2,,,,,,,,,,,,,,,,,,,,,,,,,,,,,,,,,,,1357912,false,false,6,2023-04-01,2023-09-30,-1
2025-01-31,59050,2025-03-31,3,8755000000,-0.049,,,,,-359000000,,-301000000,,,-827000000,,-616.29,,,,,,13787000000,5107000000,0.302,,4162000000,,,,,,,,,,,,true,false,9,2024-04-01,2024-12-31,0
2025-01-31,59050,2024-03-31,3,9211000000,0.137,,,,,262000000,1.536,313000000,1.111,,238000000,,175.60,172.23,,,,,,,,,,,,,,,,,,,,,true,false,9,2023-04-01,2023-12-31,-1
2025-01-31,59050,2025-03-31,3,11080000000,-0.095,,,,,-538000000,,-488000000,,,-374000000,,-278.47,,,,,,,,,,,,,,,,,,,,,,true,true,12,2024-04-01,2025-03-31,0
2025-01-31,59050,2024-03-31,3,,,,,,,,,,,,,,,,,,,,15204000000,6153000000,0.342,,5198000000,,,,,,,,,,,,true,false,12,2023-04-01,2024-03-31,-1
2025-01-31,59050,2024-03-31,3,,,,,,,,,,,,,,,,,,,,,,,,,,,,,70.00,,,,1392000,37145,,false,false,12,2023-04-01,2024-03-31,-1
2025-01-31,59050,2025-03-31,3,,,,,,,,,,,,,,,,,,,,,,,,,,,,,0.00,,,,,,,false,false,12,2024-04-01,2025-03-31,0
2025-01-31,59050,2025-03-31,3,,,,,,,,,,,,,,,,,,,,,,,,,,,,,20.00,,,,,,,false,true,12,2024-04-01,2025-03-31,0
2025-01-31,59050,2025-03-31,3,,,,,,,,,,,,,,,,,,,,,,,,,,,,,,,,,1392000,54345,1343015,false,false,9,2024-04-01,2024-12-31,0
2025-01-31,59050,2024-03-31,3,,,,,,,,,,,,,,,,,,,,,,,,,,,,,,,,,,,1358725,false,false,9,2023-04-01,2023-12-31,-1
2025-01-31,59050,2025-03-31,,11080000000,-0.106,,,,,-538000000,,-488000000,,,-374000000,,-278.47,,,,,,,,,,,,,,,,,,,,,,true,true,12,2024-04-01,2025-03-31,0
2025-01-31,59050,2024-03-31,,12248000000,,,,,,256000000,,323000000,,,271000000,,199.84,,,,,,,,,,,,,,,,,,,,,,true,false,12,2023-04-01,2024-03-31,-1
2025-01-31,59050,2025-03-31,,5713000000,-0.187,,,,,,,-537000000,,-379000000,,,-282.20,,,,,,,,,,,,,,,,,,,,,,false,true,12,2024-04-01,2025-03-31,0
2025-01-31,59050,2024-03-31,,7211000000,,,,,,,,201000000,,231000000,,,170.55,,,,,,,,,,,,,,,,,,,,,,false,false,12,2023-04-01,2024-03-31,-1
2025-04-30,59050,2025-03-31,,11259000000,-0.081,,,,,-540000000,,-476000000,,,-335000000,,-249.91,,-0.072,-0.034,-0.048,,12966000000,5019000000,0.314,3041.96,4069000000,896000000,640000000,-277000000,1896000000,,,,,,,,true,false,12,2024-04-01,2025-03-31,0
2025-04-30,59050,2024-03-31,,12248000000,0.122,,,,,256000000,0.206,323000000,0.207,,271000000,,199.84,195.50,0.053,0.022,0.021,,15204000000,6153000000,0.342,3837.11,5198000000,386000000,-680000000,269000000,637000000,,0.350,,,,,,true,false,12,2023-04-01,2024-03-31,-1
2025-04-30,59050,2026-03-31,,6085000000,0.020,,,,,13000000,,30000000,,,2000000,,1.49,,,,,,,,,,,,,,,,,,,,,,true,true,6,2025-04-01,2025-09-30,1
2025-04-30,59050,2026-03-31,,12372000000,0.099,,,,,134000000,,165000000,,,122000000,,90.92,,,,,,,,,,,,,,,,,,,,,,true,true,12,2025-04-01,2026-03-31,1
2025-04-30,59050,2025-03-31,,5606000000,-0.223,,,,,,,-528000000,,-317000000,,,-236.78,,,,,,9498000000,4412000000,0.462,3279.92,4387000000,,,,,20.00,,,,1392000,54345,1341778,false,false,12,2024-04-01,2025-03-31,0
2025-04-30,59050,2024-03-31,,7211000000,0.108,,,,,,,201000000,0.065,231000000,,-0.012,170.55,166.85,,,,,11551000000,5528000000,0.476,4058.03,5498000000,,,,,70.00,,,,1392000,37145,1358078,false,false,12,2023-04-01,2024-03-31,-1
2025-04-30,59050,2026-03-31,,3021000000,-0.034,,,,,,,-45000000,,-14000000,,,-10.43,,,,,,,,,,,,,,,,,,,,,,false,true,6,2025-04-01,2025-09-30,1
2025-04-30,59050,2026-03-31,,6285000000,0.121,,,,,,,19000000,,82000000,,,61.11,,,,,,,,,,,,,,,30.00,,,,,,,false,true,12,2025-04-01,2026-03-31,1
2025-07-31,59050,2026-03-31,1,2836000000,-0.155,,,,,-73000000,,-62000000,,,-53000000,,-40.25,,,,,,12394000000,4990000000,0.325,,4027000000,,,,,,,,,,,,true,false,3,2025-04-01,2025-06-30,0
2025-07-31,59050,2025-03-31,1,3356000000,0.083,,,,,67000000,-0.613,96000000,-0.490,,52000000,,38.93,37.99,,,,,,,,,,,,,,,,,,,,,true,false,3,2024-04-01,2024-06-30,-1
2025-07-31,59050,2026-03-31,1,6085000000,0.020,,,,,13000000,,30000000,,,2000000,,1.49,,,,,,,,,,,,,,,,,,,,,,true,true,6,2025-04-01,2025-09-30,0
2025-07-31,59050,2026-03-31,1,12372000000,0.099,,,,,134000000,,165000000,,,122000000,,90.92,,,,,,,,,,,,,,,,,,,,,,true,true,12,2025-04-01,2026-03-31,0
2025-07-31,59050,2025-03-31,1,,,,,,,,,,,,,,,,,,,,12966000000,5019000000,0.314,,4069000000,,,,,,,,,,,,true,false,12,2024-04-01,2025-03-31,-1
2025-07-31,59050,2025-03-31,1,,,,,,,,,,,,,,,,,,,,,,,,,,,,,20.00,,,,1392000,54345,,false,false,12,2024-04-01,2025-03-31,-1
2025-07-31,59050,2026-03-31,1,,,,,,,,,,,,,,,,,,,,,,,,,,,,,30.00,,,,,,,false,true,12,2025-04-01,2026-03-31,0
2025-07-31,59050,2026-03-31,1,,,,,,,,,,,,,,,,,,,,,,,,,,,,,,,,,1392000,54345,1337655,false,false,3,2025-04-01,2025-06-30,0
2025-07-31,59050,2025-03-31,1,,,,,,,,,,,,,,,,,,,,,,,,,,,,,,,,,,,1348580,false,false,3,2024-04-01,2024-06-30,-1
