filing_date,code,fiscal_year_end,quarterly_period,net_sales,net_sales_change,revenue,revenue_change,operating_revenue,operating_revenue_change,operating_profit,operating_profit_change,ordinary_profit,ordinary_profit_change,net_income,net_income_of_parent,net_income_change,eps,diluted_eps,roe,roa,operating_profit_to_net_sales,operating_profit_to_revenue,total_assets,net_assets,equity_ratio,bps,owner_equity,operating_cash_flow,investing_cash_flow,financing_cash_flow,cash,dividend_per_share,payout_ratio,commemorative_dividend,extra_dividend,number_of_shares,number_of_treqsury_shares,avg_number_of_shares,is_consolidated,is_forecast,duration,period_start,period_end,period_pos
2015-05-14,59110,2015-03-31,,102753000000,0.165,,,,,6401000000,-0.019,6603000000,0.003,4210000000,,-0.018,98.40,,0.069,0.060,0.062,,116737000000,64190000000,0.541,1485.09,63195000000,-7385000000,-2245000000,3998000000,14271000000,,0.142,,,,,,true,false,12,2014-04-01,2015-03-31,0
2015-05-14,59110,2014-03-31,,88212000000,-0.006,,,,,6528000000,0.871,6584000000,0.825,4288000000,,1.181,99.50,,0.077,0.064,0.074,,104016000000,59572000000,0.565,1370.27,58738000000,4266000000,2230000000,-2056000000,19886000000,,0.111,,,,,,true,false,12,2013-04-01,2014-03-31,-1
2015-05-14,59110,2016-03-31,,52500000000,0.110,,,,,3200000000,0.090,3250000000,0.080,,2100000000,,49.35,,,,,,,,,,,,,,,,,,,,,,true,true,6,2015-04-01,2015-09-30,1
2015-05-14,59110,2016-03-31,,105000000000,0.022,,,,,6000000000,-0.063,6100000000,-0.076,,4000000000,,94.00,,,,,,,,,,,,,,,,0.170,,,,,,true,true,12,2015-04-01,2016-03-31,1
2015-05-14,59110,2015-03-31,,2336000000,-0.364,,,,,400000000,-0.772,603000000,-0.672,361000000,,-0.816,8.45,,,,,,64442000000,45517000000,0.706,1069.66,45517000000,,,,,14.00,,,,45564802,3011431,42787316,false,false,12,2014-04-01,2015-03-31,0
2015-05-14,59110,2014-03-31,,3672000000,0.330,,,,,1753000000,1.270,1839000000,1.018,1961000000,,1.981,45.51,,,,,,58186000000,44484000000,0.765,1037.74,44484000000,,,,,11.00,,,,45564802,2698292,43105022,false,false,12,2013-04-01,2014-03-31,-1
2015-05-14,59110,2016-03-31,,,,,,,,,,,,,,,,,,,,,,,,,,,,,,16.00,,,,,,,false,true,12,2015-04-01,2016-03-31,1
2015-07-29,59110,2016-03-31,1,24871000000,0.089,,,,,790000000,-0.494,888000000,-0.450,,706000000,,16.61,,,,,,111540000000,64538000000,0.570,1493.44,63550000000,,,,,,,,,,,,true,false,3,2015-04-01,2015-06-30,0
2015-07-29,59110,2015-03-31,1,22845000000,0.161,,,,,1562000000,0.463,1617000000,0.424,,915000000,,21.37,,,,,,,,,,,,,,,,,,,,,,true,false,3,2014-04-01,2014-06-30,-1
2015-07-29,59110,2016-03-31,1,52500000000,0.110,,,,,3200000000,0.090,3250000000,0.080,,2100000000,,49.35,,,,,,,,,,,,,,,,,,,,,,true,true,6,2015-04-01,2015-09-30,0
2015-07-29,59110,2016-03-31,1,105000000000,0.022,,,,,6000000000,-0.063,6100000000,-0.076,,4000000000,,94.00,,,,,,,,,,,,,,,,,,,,,,true,true,12,2015-04-01,2016-03-31,0
2015-07-29,59110,2015-03-31,1,,,,,,,,,,,,,,,,,,,,116737000000,64190000000,0.541,1485.09,63195000000,,,,,,,,,,,,true,false,12,2014-04-01,2015-03-31,-1
2015-07-29,59110,2015-03-31,1,,,,,,,,,,,,,,,,,,,,,,,,,,,,,14.00,,,,45564802,3011431,,false,false,12,2014-04-01,2015-03-31,-1
2015-07-29,59110,2016-03-31,1,,,,,,,,,,,,,,,,,,,,,,,,,,,,,16.00,,,,,,,false,true,12,2015-04-01,2016-03-31,0
2015-07-29,59110,2016-03-31,1,,,,,,,,,,,,,,,,,,,,,,,,,,,,,,,,,45564802,3011570,42553276,false,false,3,2015-04-01,2015-06-30,0
2015-07-29,59110,2015-03-31,1,,,,,,,,,,,,,,,,,,,,,,,,,,,,,,,,,,,42866461,false,false,3,2014-04-01,2014-06-30,-1
2015-11-09,59110,2016-03-31,2,52215000000,0.104,,,,,3653000000,0.244,3675000000,0.221,,2482000000,,58.33,,,,,,109065000000,64933000000,0.586,1500.77,63862000000,,,,,,,,,,,,true,false,6,2015-04-01,2015-09-30,0
2015-11-09,59110,2015-03-31,2,47307000000,0.154,,,,,2935000000,-0.104,3010000000,-0.074,,1763000000,,41.15,,,,,,,,,,,,,,,,,,,,,,true,false,6,2014-04-01,2014-09-30,-1
2015-11-09,59110,2016-03-31,2,105000000000,0.022,,,,,6600000000,0.031,6650000000,0.007,,4400000000,,103.40,,,,,,,,,,,,,,,,,,,,,,true,true,12,2015-04-01,2016-03-31,0
2015-11-09,59110,2015-03-31,2,,,,,,,,,,,,,,,,,,,,116737000000,64190000000,0.541,1485.09,63195000000,,,,,,,,,,,,true,false,12,2014-04-01,2015-03-31,-1
2015-11-09,59110,2015-03-31,2,,,,,,,,,,,,,,,,,,,,,,,,,,,,,14.00,,,,45564802,3011431,,false,false,12,2014-04-01,2015-03-31,-1
2015-11-09,59110,2016-03-31,2,,,,,,,,,,,,,,,,,,,,,,,,,,,,,8.00,,,,,,,false,false,12,2015-04-01,2016-03-31,0
2015-11-09,59110,2016-03-31,2,,,,,,,,,,,,,,,,,,,,,,,,,,,,,16.00,,,,,,,false,true,12,2015-04-01,2016-03-31,0
2015-11-09,59110,2016-03-31,2,,,,,,,,,,,,,,,,,,,,,,,,,,,,,,,,,45564802,3011769,42553207,false,false,6,2015-04-01,2015-09-30,0
2015-11-09,59110,2015-03-31,2,,,,,,,,,,,,,,,,,,,,,,,,,,,,,,,,,,,42866332,false,false,6,2014-04-01,2014-09-30,-1
2016-01-28,59110,2016-03-31,3,78684000000,0.078,,,,,4847000000,-0.020,4994000000,-0.027,,3141000000,,73.83,,,,,,115281000000,66214000000,0.565,1530.58,65130000000,,,,,,,,,,,,true,false,9,2015-04-01,2015-12-31,0
2016-01-28,59110,2015-03-31,3,72966000000,0.174,,,,,4948000000,0.116,5133000000,0.141,,3645000000,,85.05,,,,,,,,,,,,,,,,,,,,,,true,false,9,2014-04-01,2014-12-31,-1
2016-01-28,59110,2016-03-31,3,105000000000,0.022,,,,,6600000000,0.031,6650000000,0.007,,4400000000,,103.40,,,,,,,,,,,,,,,,,,,,,,true,true,12,2015-04-01,2016-03-31,0
2016-01-28,59110,2015-03-31,3,,,,,,,,,,,,,,,,,,,,116737000000,64190000000,0.541,1485.09,63195000000,,,,,,,,,,,,true,false,12,2014-04-01,2015-03-31,-1
2016-01-28,59110,2015-03-31,3,,,,,,,,,,,,,,,,,,,,,,,,,,,,,14.00,,,,45564802,3011431,,false,false,12,2014-04-01,2015-03-31,-1
2016-01-28,59110,2016-03-31,3,,,,,,,,,,,,,,,,,,,,,,,,,,,,,8.00,,,,,,,false,false,12,2015-04-01,2016-03-31,0
2016-01-28,59110,2016-03-31,3,,,,,,,,,,,,,,,,,,,,,,,,,,,,,16.00,,,,,,,false,true,12,2015-04-01,2016-03-31,0
2016-01-28,59110,2016-03-31,3,,,,,,,,,,,,,,,,,,,,,,,,,,,,,,,,,45564802,3012145,42553116,false,false,9,2015-04-01,2015-12-31,0
2016-01-28,59110,2015-03-31,3,,,,,,,,,,,,,,,,,,,,,,,,,,,,,,,,,,,42863865,false,false,9,2014-04-01,2014-12-31,-1
2016-05-13,59110,2016-03-31,,105777000000,0.029,,,,,6904000000,0.079,6974000000,0.056,,4386000000,,103.19,,0.069,0.060,0.065,,114919000000,65553000000,0.560,1532.44,64359000000,8132000000,3000000,-3878000000,18515000000,,0.155,,,,,,true,false,12,2015-04-01,2016-03-31,0
2016-05-13,59110,2015-03-31,,102753000000,0.165,,,,,6401000000,-0.019,6603000000,0.003,,4210000000,,98.40,,0.069,0.060,0.062,,116737000000,64190000000,0.541,1485.09,63195000000,-7385000000,-2245000000,3998000000,14271000000,,0.142,,,,,,true,false,12,2014-04-01,2015-03-31,-1
2016-05-13,59110,2017-03-31,,57000000000,0.092,,,,,3200000000,-0.124,3250000000,-0.116,,,,,,,,,,,,,,,,,,,,,,,,,,true,true,6,2016-04-01,2016-09-30,1
2016-05-13,59110,2017-03-31,,115000000000,0.087,,,,,6700000000,-0.030,6800000000,-0.025,,,,,,,,,,,,,,,,,,,,,,,,,,true,true,12,2016-04-01,2017-03-31,1
2016-05-13,59110,2016-03-31,,3149000000,0.348,,,,,921000000,1.303,1128000000,0.872,900000000,,1.489,21.18,,,,,,54186000000,43677000000,0.806,1039.98,43677000000,,,,,16.00,,,,45564802,3566475,42515147,false,false,12,2015-04-01,2016-03-31,0
2016-05-13,59110,2015-03-31,,2336000000,-0.364,,,,,400000000,-0.772,603000000,-0.672,361000000,,-0.816,8.45,,,,,,64442000000,45517000000,0.706,1069.66,45517000000,,,,,14.00,,,,45564802,3011431,42787316,false,false,12,2014-04-01,2015-03-31,-1
2016-05-13,59110,2017-03-31,,,,,,,,,,,,,,,,,,,,,,,,,,,,,,16.00,,,,,,,false,true,12,2016-04-01,2017-03-31,1
2016-07-27,59110,2017-03-31,1,23657000000,-0.049,,,,,836000000,0.057,922000000,0.037,,515000000,,12.28,,,,,,112730000000,65128000000,0.566,1520.03,63838000000,,,,,,,,,,,,true,false,3,2016-04-01,2016-06-30,0
2016-07-27,59110,2016-03-31,1,24871000000,0.089,,,,,790000000,-0.494,888000000,-0.450,,706000000,,16.61,,,,,,,,,,,,,,,,,,,,,,true,false,3,2015-04-01,2015-06-30,-1
2016-07-27,59110,2017-03-31,1,57000000000,0.092,,,,,3200000000,-0.124,3250000000,-0.116,,,,,,,,,,,,,,,,,,,,,,,,,,true,true,6,2016-04-01,2016-09-30,0
2016-07-27,59110,2017-03-31,1,115000000000,0.087,,,,,6700000000,-0.030,6800000000,-0.025,,,,,,,,,,,,,,,,,,,,,,,,,,true,true,12,2016-04-01,2017-03-31,0
2016-07-27,59110,2016-03-31,1,,,,,,,,,,,,,,,,,,,,114919000000,65553000000,0.560,1532.44,64359000000,,,,,,,,,,,,true,false,12,2015-04-01,2016-03-31,-1
2016-07-27,59110,2016-03-31,1,,,,,,,,,,,,,,,,,,,,,,,,,,,,,16.00,,,,45564802,3566475,,false,false,12,2015-04-01,2016-03-31,-1
2016-07-27,59110,2017-03-31,1,,,,,,,,,,,,,,,,,,,,,,,,,,,,,16.00,,,,,,,false,true,12,2016-04-01,2017-03-31,0
2016-07-27,59110,2017-03-31,1,,,,,,,,,,,,,,,,,,,,,,,,,,,,,,,,,45564802,3566572,41998280,false,false,3,2016-04-01,2016-06-30,0
2016-07-27,59110,2016-03-31,1,,,,,,,,,,,,,,,,,,,,,,,,,,,,,,,,,,,42553276,false,false,3,2015-04-01,2015-06-30,-1
2016-10-26,59110,2017-03-31,,52900000000,-0.072,,,,,3400000000,0.063,3500000000,0.077,-470000000,,,-11.19,,,,,,,,,,,,,,,,,,,,,,true,true,6,2016-04-01,2016-09-30,0
2016-10-26,59110,2016-03-31,,52215000000,,,,,,3653000000,,3675000000,,2482000000,,,58.33,,,,,,,,,,,,,,,,,,,,,,true,false,6,2015-04-01,2015-09-30,-1
2016-10-31,59110,2017-03-31,2,52949000000,0.014,,,,,3425000000,-0.062,3546000000,-0.035,,-464000000,,-11.07,,,,,,116130000000,65142000000,0.549,1516.99,63710000000,,,,,,,,,,,,true,false,6,2016-04-01,2016-09-30,0
2016-10-31,59110,2016-03-31,2,52215000000,0.104,,,,,3653000000,0.244,3675000000,0.221,,2482000000,,58.33,,,,,,,,,,,,,,,,,,,,,,true,false,6,2015-04-01,2015-09-30,-1
2016-10-31,59110,2017-03-31,2,115000000000,0.087,,,,,7000000000,0.014,7100000000,0.018,,4200000000,,100.00,,,,,,,,,,,,,,,,,,,,,,true,true,12,2016-04-01,2017-03-31,0
2016-10-31,59110,2016-03-31,2,,,,,,,,,,,,,,,,,,,,114919000000,65553000000,0.560,1532.44,64359000000,,,,,,,,,,,,true,false,12,2015-04-01,2016-03-31,-1
2016-10-31,59110,2016-03-31,2,,,,,,,,,,,,,,,,,,,,,,,,,,,,,16.00,,,,45564802,3566475,,false,false,12,2015-04-01,2016-03-31,-1
2016-10-31,59110,2017-03-31,2,,,,,,,,,,,,,,,,,,,,,,,,,,,,,8.00,,,,,,,false,false,12,2016-04-01,2017-03-31,0
2016-10-31,59110,2017-03-31,2,,,,,,,,,,,,,,,,,,,,,,,,,,,,,16.00,,,,,,,false,true,12,2016-04-01,2017-03-31,0
2016-10-31,59110,2017-03-31,2,,,,,,,,,,,,,,,,,,,,,,,,,,,,,,,,,45564802,3566983,41998203,false,false,6,2016-04-01,2016-09-30,0
2016-10-31,59110,2016-03-31,2,,,,,,,,,,,,,,,,,,,,,,,,,,,,,,,,,,,42553207,false,false,6,2015-04-01,2015-09-30,-1
2016-10-31,59110,2017-03-31,,115000000000,0.000,,,,,7000000000,0.045,7100000000,0.044,4200000000,,,100.00,,,,,,,,,,,,,,,,,,,,,,true,true,12,2016-04-01,2017-03-31,0
2016-10-31,59110,2016-03-31,,105777000000,,,,,,6904000000,,6974000000,,4386000000,,,103.19,,,,,,,,,,,,,,,,,,,,,,true,false,12,2015-04-01,2016-03-31,-1
2017-01-30,59110,2017-03-31,3,83974000000,0.067,,,,,6563000000,0.354,6717000000,0.345,,1962000000,,46.80,,,,,,124446000000,67830000000,0.533,1602.34,66333000000,,,,,,,,,,,,true,false,9,2016-04-01,2016-12-31,0
2017-01-30,59110,2016-03-31,3,78684000000,0.078,,,,,4847000000,-0.020,4994000000,-0.027,,3141000000,,73.83,,,,,,,,,,,,,,,,,,,,,,true,false,9,2015-04-01,2015-12-31,-1
2017-01-30,59110,2017-03-31,3,115000000000,0.087,,,,,7700000000,0.115,7800000000,0.118,,4200000000,,100.48,,,,,,,,,,,,,,,,,,,,,,true,true,12,2016-04-01,2017-03-31,0
2017-01-30,59110,2016-03-31,3,,,,,,,,,,,,,,,,,,,,114919000000,65553000000,0.560,1532.44,64359000000,,,,,,,,,,,,true,false,12,2015-04-01,2016-03-31,-1
2017-01-30,59110,2016-03-31,3,,,,,,,,,,,,,,,,,,,,,,,,,,,,,16.00,,,,45564802,3566475,,false,false,12,2015-04-01,2016-03-31,-1
2017-01-30,59110,2017-03-31,3,,,,,,,,,,,,,,,,,,,,,,,,,,,,,8.00,,,,,,,false,false,12,2016-04-01,2017-03-31,0
2017-01-30,59110,2017-03-31,3,,,,,,,,,,,,,,,,,,,,,,,,,,,,,16.00,,,,,,,false,true,12,2016-04-01,2017-03-31,0
2017-01-30,59110,2017-03-31,3,,,,,,,,,,,,,,,,,,,,,,,,,,,,,,,,,45564802,4167114,41932602,false,false,9,2016-04-01,2016-12-31,0
2017-01-30,59110,2016-03-31,3,,,,,,,,,,,,,,,,,,,,,,,,,,,,,,,,,,,42553116,false,false,9,2015-04-01,2015-12-31,-1
2017-05-15,59110,2017-03-31,,113461000000,0.073,,,,,8020000000,0.162,8131000000,0.166,,4304000000,,102.98,,0.065,0.067,0.071,,128156000000,69857000000,0.533,1650.17,68313000000,-5166000000,-62000000,3162000000,16447000000,,0.155,,,,,,true,false,12,2016-04-01,2017-03-31,0
2017-05-15,59110,2016-03-31,,105777000000,0.029,,,,,6904000000,0.079,6974000000,0.056,,4386000000,,103.19,,0.069,0.060,0.065,,114919000000,65553000000,0.560,1532.44,64359000000,8132000000,3000000,-3878000000,18515000000,,0.155,,,,,,true,false,12,2015-04-01,2016-03-31,-1
2017-05-15,59110,2018-03-31,,65000000000,0.228,,,,,4000000000,0.168,4000000000,0.128,,2650000000,,64.01,,,,,,,,,,,,,,,,,,,,,,true,true,6,2017-04-01,2017-09-30,1
2017-05-15,59110,2018-03-31,,130000000000,0.146,,,,,8200000000,0.022,8250000000,0.015,,5500000000,,132.86,,,,,,,,,,,,,,,,0.135,,,,,,true,true,12,2017-04-01,2018-03-31,1
2017-05-15,59110,2017-03-31,,2699000000,-0.143,,,,,650000000,-0.294,925000000,-0.180,1202000000,,0.335,28.76,,,,,,59740000000,44697000000,0.748,1079.72,44697000000,,,,,16.00,,,,45564802,4167247,41800696,false,false,12,2016-04-01,2017-03-31,0
2017-05-15,59110,2016-03-31,,3149000000,0.348,,,,,921000000,1.303,1128000000,0.872,900000000,,1.489,21.18,,,,,,54186000000,43677000000,0.806,1039.98,43677000000,,,,,16.00,,,,45564802,3566475,42515147,false,false,12,2015-04-01,2016-03-31,-1
2017-05-15,59110,2018-03-31,,,,,,,,,,,,,,,,,,,,,,,,,,,,,,18.00,,,,,,,false,true,12,2017-04-01,2018-03-31,1
2017-07-31,59110,2018-03-31,1,28548000000,0.207,,,,,2469000000,1.954,2622000000,1.844,,1767000000,,42.70,,,,,,128169000000,72476000000,0.553,1712.50,70893000000,,,,,,,,,,,,true,false,3,2017-04-01,2017-06-30,0
2017-07-31,59110,2017-03-31,1,23657000000,-0.049,,,,,836000000,0.057,922000000,0.037,,515000000,,12.28,,,,,,,,,,,,,,,,,,,,,,true,false,3,2016-04-01,2016-06-30,-1
2017-07-31,59110,2018-03-31,1,65000000000,0.228,,,,,4000000000,0.168,4000000000,0.128,,2650000000,,64.01,,,,,,,,,,,,,,,,,,,,,,true,true,6,2017-04-01,2017-09-30,0
2017-07-31,59110,2018-03-31,1,130000000000,0.146,,,,,8200000000,0.022,8250000000,0.015,,5500000000,,132.86,,,,,,,,,,,,,,,,,,,,,,true,true,12,2017-04-01,2018-03-31,0
2017-07-31,59110,2017-03-31,1,,,,,,,,,,,,,,,,,,,,128156000000,69857000000,0.533,1650.17,68313000000,,,,,,,,,,,,true,false,12,2016-04-01,2017-03-31,-1
2017-07-31,59110,2017-03-31,1,,,,,,,,,,,,,,,,,,,,,,,,,,,,,16.00,,,,45564802,4167247,,false,false,12,2016-04-01,2017-03-31,-1
2017-07-31,59110,2018-03-31,1,,,,,,,,,,,,,,,,,,,,,,,,,,,,,18.00,,,,,,,false,true,12,2017-04-01,2018-03-31,0
2017-07-31,59110,2018-03-31,1,,,,,,,,,,,,,,,,,,,,,,,,,,,,,,,,,45564802,4167247,41397555,false,false,3,2017-04-01,2017-06-30,0
2017-07-31,59110,2017-03-31,1,,,,,,,,,,,,,,,,,,,,,,,,,,,,,,,,,,,41998280,false,false,3,2016-04-01,2016-06-30,-1
2017-10-23,59110,2018-03-31,,58100000000,-0.106,,,,,5330000000,0.333,5420000000,0.355,,3540000000,,85.54,,,,,,,,,,,,,,,,,,,,,,true,true,6,2017-04-01,2017-09-30,0
2017-10-23,59110,2017-03-31,,52949000000,,,,,,3425000000,,3546000000,,,-464000000,,-11.07,,,,,,,,,,,,,,,,,,,,,,true,false,6,2016-04-01,2016-09-30,-1
2017-10-30,59110,2018-03-31,2,58115000000,0.098,,,,,5330000000,0.556,5426000000,0.530,,3549000000,,85.76,,,,,,131237000000,74963000000,0.558,1774.49,73283000000,,,,,,,,,,,,true,false,6,2017-04-01,2017-09-30,0
2017-10-30,59110,2017-03-31,2,52949000000,0.014,,,,,3425000000,-0.062,3546000000,-0.035,,-464000000,,-11.07,,,,,,,,,,,,,,,,,,,,,,true,false,6,2016-04-01,2016-09-30,-1
2017-10-30,59110,2018-03-31,2,130000000000,0.146,,,,,11500000000,0.434,11600000000,0.427,,7500000000,,181.40,,,,,,,,,,,,,,,,,,,,,,true,true,12,2017-04-01,2018-03-31,0
2017-10-30,59110,2017-03-31,2,,,,,,,,,,,,,,,,,,,,128156000000,69857000000,0.533,1650.17,68313000000,,,,,,,,,,,,true,false,12,2016-04-01,2017-03-31,-1
2017-10-30,59110,2017-03-31,2,,,,,,,,,,,,,,,,,,,,,,,,,,,,,16.00,,,,45564802,4167247,,false,false,12,2016-04-01,2017-03-31,-1
2017-10-30,59110,2018-03-31,2,,,,,,,,,,,,,,,,,,,,,,,,,,,,,9.00,,,,,,,false,false,12,2017-04-01,2018-03-31,0
2017-10-30,59110,2018-03-31,2,,,,,,,,,,,,,,,,,,,,,,,,,,,,,21.00,,,,,,,false,true,12,2017-04-01,2018-03-31,0
2017-10-30,59110,2018-03-31,2,,,,,,,,,,,,,,,,,,,,,,,,,,,,,,,,,45564802,4266608,41386524,false,false,6,2017-04-01,2017-09-30,0
2017-10-30,59110,2017-03-31,2,,,,,,,,,,,,,,,,,,,,,,,,,,,,,,,,,,,41998203,false,false,6,2016-04-01,2016-09-30,-1
2018-01-29,59110,2018-03-31,3,90532000000,0.078,,,,,8019000000,0.222,8181000000,0.218,,5404000000,,130.67,,,,,,134357000000,77336000000,0.562,1829.22,75564000000,,,,,,,,,,,,true,false,9,2017-04-01,2017-12-31,0
2018-01-29,59110,2017-03-31,3,83974000000,0.067,,,,,6563000000,0.354,6717000000,0.345,,1962000000,,46.80,,,,,,,,,,,,,,,,,,,,,,true,false,9,2016-04-01,2016-12-31,-1
2018-01-29,59110,2018-03-31,3,130000000000,0.146,,,,,13000000000,0.621,13100000000,0.611,,8600000000,,208.00,,,,,,,,,,,,,,,,,,,,,,true,true,12,2017-04-01,2018-03-31,0
2018-01-29,59110,2017-03-31,3,,,,,,,,,,,,,,,,,,,,128156000000,69857000000,0.533,1650.17,68313000000,,,,,,,,,,,,true,false,12,2016-04-01,2017-03-31,-1
2018-01-29,59110,2017-03-31,3,,,,,,,,,,,,,,,,,,,,,,,,,,,,,16.00,,,,45564802,4167247,,false,false,12,2016-04-01,2017-03-31,-1
2018-01-29,59110,2018-03-31,3,,,,,,,,,,,,,,,,,,,,,,,,,,,,,9.00,,,,,,,false,false,12,2017-04-01,2018-03-31,0
2018-01-29,59110,2018-03-31,3,,,,,,,,,,,,,,,,,,,,,,,,,,,,,21.00,,,,,,,false,true,12,2017-04-01,2018-03-31,0
2018-01-29,59110,2018-03-31,3,,,,,,,,,,,,,,,,,,,,,,,,,,,,,,,,,45564802,4255312,41358064,false,false,9,2017-04-01,2017-12-31,0
2018-01-29,59110,2017-03-31,3,,,,,,,,,,,,,,,,,,,,,,,,,,,,,,,,,,,41932602,false,false,9,2016-04-01,2016-12-31,-1
2018-05-14,59110,2018-03-31,,131063000000,0.155,,,,,13730000000,0.712,13864000000,0.705,,9382000000,,226.93,,0.128,0.102,0.105,,144997000000,80695000000,0.544,1907.50,78806000000,19252000000,-6624000000,-5844000000,23224000000,,0.097,,,,,,true,false,12,2017-04-01,2018-03-31,0
2018-05-14,59110,2017-03-31,,113461000000,0.073,,,,,8020000000,0.162,8131000000,0.166,,4304000000,,102.98,,0.065,0.067,0.071,,128156000000,69857000000,0.533,1650.17,68313000000,-5166000000,-62000000,3162000000,16447000000,,0.155,,,,,,true,false,12,2016-04-01,2017-03-31,-1
2018-05-14,59110,2019-03-31,,73500000000,0.265,,,,,5700000000,0.069,5750000000,0.060,,3850000000,,93.17,,,,,,,,,,,,,,,,,,,,,,true,true,6,2018-04-01,2018-09-30,1
2018-05-14,59110,2019-03-31,,150000000000,0.144,,,,,11800000000,-0.141,11900000000,-0.142,,8100000000,,195.98,,,,,,,,,,,,,,,,0.133,,,,,,true,true,12,2018-04-01,2019-03-31,1
2018-05-14,59110,2018-03-31,,2995000000,0.110,,,,,817000000,0.257,993000000,0.073,882000000,,-0.266,21.34,,,,,,56507000000,46560000000,0.824,1126.98,46560000000,,,,,22.00,,,,45564802,4250511,41346494,false,false,12,2017-04-01,2018-03-31,0
2018-05-14,59110,2017-03-31,,2699000000,-0.143,,,,,650000000,-0.294,925000000,-0.180,1202000000,,0.335,28.76,,,,,,59740000000,44697000000,0.748,1079.72,44697000000,,,,,16.00,,,,45564802,4167247,41800696,false,false,12,2016-04-01,2017-03-31,-1
2018-05-14,59110,2019-03-31,,,,,,,,,,,,,,,,,,,,,,,,,,,,,,26.00,,,,,,,false,true,12,2018-04-01,2019-03-31,1
2018-07-30,59110,2019-03-31,1,33182000000,0.162,,,,,2048000000,-0.170,2156000000,-0.178,,1424000000,,34.48,,,,,,144285000000,81500000000,0.551,1925.48,79559000000,,,,,,,,,,,,true,false,3,2018-04-01,2018-06-30,0
2018-07-30,59110,2018-03-31,1,28548000000,0.207,,,,,2469000000,1.954,2622000000,1.844,,1767000000,,42.70,,,,,,,,,,,,,,,,,,,,,,true,false,3,2017-04-01,2017-06-30,-1
2018-07-30,59110,2019-03-31,1,73500000000,0.265,,,,,5700000000,0.069,5750000000,0.060,,3850000000,,93.17,,,,,,,,,,,,,,,,,,,,,,true,true,6,2018-04-01,2018-09-30,0
2018-07-30,59110,2019-03-31,1,150000000000,0.144,,,,,11800000000,-0.141,11900000000,-0.142,,8100000000,,195.98,,,,,,,,,,,,,,,,,,,,,,true,true,12,2018-04-01,2019-03-31,0
2018-07-30,59110,2018-03-31,1,,,,,,,,,,,,,,,,,,,,144997000000,80695000000,0.544,1907.50,78806000000,,,,,,,,,,,,true,false,12,2017-04-01,2018-03-31,-1
2018-07-30,59110,2018-03-31,1,,,,,,,,,,,,,,,,,,,,,,,,,,,,,22.00,,,,45564802,4250511,,false,false,12,2017-04-01,2018-03-31,-1
2018-07-30,59110,2019-03-31,1,,,,,,,,,,,,,,,,,,,,,,,,,,,,,26.00,,,,,,,false,true,12,2018-04-01,2019-03-31,0
2018-07-30,59110,2019-03-31,1,,,,,,,,,,,,,,,,,,,,,,,,,,,,,,,,,45564802,4245679,41316055,false,false,3,2018-04-01,2018-06-30,0
2018-07-30,59110,2018-03-31,1,,,,,,,,,,,,,,,,,,,,,,,,,,,,,,,,,,,41397555,false,false,3,2017-04-01,2017-06-30,-1
2018-10-29,59110,2019-03-31,2,68457000000,0.178,,,,,5020000000,-0.058,5106000000,-0.059,,3379000000,,81.78,,,,,,145066000000,84163000000,0.566,1987.63,82151000000,,,,,,,,,,,,true,false,6,2018-04-01,2018-09-30,0
2018-10-29,59110,2018-03-31,2,58115000000,0.098,,,,,5330000000,0.556,5426000000,0.530,,3549000000,,85.76,,,,,,,,,,,,,,,,,,,,,,true,false,6,2017-04-01,2017-09-30,-1
2018-10-29,59110,2019-03-31,2,145000000000,0.106,,,,,11000000000,-0.199,11000000000,-0.207,,8100000000,,195.98,,,,,,,,,,,,,,,,,,,,,,true,true,12,2018-04-01,2019-03-31,0
2018-10-29,59110,2018-03-31,2,,,,,,,,,,,,,,,,,,,,144997000000,80695000000,0.544,1907.50,78806000000,,,,,,,,,,,,true,false,12,2017-04-01,2018-03-31,-1
2018-10-29,59110,2018-03-31,2,,,,,,,,,,,,,,,,,,,,,,,,,,,,,22.00,,,,45564802,4250511,,false,false,12,2017-04-01,2018-03-31,-1
2018-10-29,59110,2019-03-31,2,,,,,,,,,,,,,,,,,,,,,,,,,,,,,13.00,,,,,,,false,false,12,2018-04-01,2019-03-31,0
2018-10-29,59110,2019-03-31,2,,,,,,,,,,,,,,,,,,,,,,,,,,,,,26.00,,,,,,,false,true,12,2018-04-01,2019-03-31,0
2018-10-29,59110,2019-03-31,2,,,,,,,,,,,,,,,,,,,,,,,,,,,,,,,,,45564802,4233339,41321486,false,false,6,2018-04-01,2018-09-30,0
2018-10-29,59110,2018-03-31,2,,,,,,,,,,,,,,,,,,,,,,,,,,,,,,,,,,,41386524,false,false,6,2017-04-01,2017-09-30,-1
2019-01-30,59110,2019-03-31,3,107093000000,0.183,,,,,8572000000,0.069,8746000000,0.069,,5436000000,,131.56,,,,,,143508000000,83919000000,0.570,1977.81,81780000000,,,,,,,,,,,,true,false,9,2018-04-01,2018-12-31,0
2019-01-30,59110,2018-03-31,3,90532000000,0.078,,,,,8019000000,0.222,8181000000,0.218,,5404000000,,130.67,,,,,,,,,,,,,,,,,,,,,,true,false,9,2017-04-01,2017-12-31,-1
2019-01-30,59110,2019-03-31,3,145000000000,0.106,,,,,11000000000,-0.199,11000000000,-0.207,,8100000000,,195.98,,,,,,,,,,,,,,,,,,,,,,true,true,12,2018-04-01,2019-03-31,0
2019-01-30,59110,2018-03-31,3,,,,,,,,,,,,,,,,,,,,144997000000,80695000000,0.544,1907.50,78806000000,,,,,,,,,,,,true,false,12,2017-04-01,2018-03-31,-1
2019-01-30,59110,2018-03-31,3,,,,,,,,,,,,,,,,,,,,,,,,,,,,,22.00,,,,45564802,4250511,,false,false,12,2017-04-01,2018-03-31,-1
2019-01-30,59110,2019-03-31,3,,,,,,,,,,,,,,,,,,,,,,,,,,,,,13.00,,,,,,,false,false,12,2018-04-01,2019-03-31,0
2019-01-30,59110,2019-03-31,3,,,,,,,,,,,,,,,,,,,,,,,,,,,,,30.00,,,,,,,false,true,12,2018-04-01,2019-03-31,0
2019-01-30,59110,2019-03-31,3,,,,,,,,,,,,,,,,,,,,,,,,,,,,,,,,,45564802,4215955,41326152,false,false,9,2018-04-01,2018-12-31,0
2019-01-30,59110,2018-03-31,3,,,,,,,,,,,,,,,,,,,,,,,,,,,,,,,,,,,41358064,false,false,9,2017-04-01,2017-12-31,-1
2019-05-15,59110,2019-03-31,,141924000000,0.083,,,,,10509000000,-0.235,10654000000,-0.232,,7536000000,,182.33,,0.092,0.072,0.074,,149695000000,86583000000,0.563,2037.61,84265000000,4449000000,-5845000000,2580000000,24414000000,,0.165,,,,,,true,false,12,2018-04-01,2019-03-31,0
2019-05-15,59110,2018-03-31,,131063000000,0.155,,,,,13730000000,0.712,13864000000,0.705,,9382000000,,226.93,,0.128,0.102,0.105,,144997000000,80695000000,0.544,1907.50,78806000000,19252000000,-6624000000,-5844000000,23224000000,,0.097,,,,,,true,false,12,2017-04-01,2018-03-31,-1
2019-05-15,59110,2020-03-31,,73500000000,0.074,,,,,4600000000,-0.084,4600000000,-0.099,,3200000000,,77.36,,,,,,,,,,,,,,,,,,,,,,true,true,6,2019-04-01,2019-09-30,1
2019-05-15,59110,2020-03-31,,153000000000,0.078,,,,,11200000000,0.066,11200000000,0.051,,7800000000,,188.50,,,,,,,,,,,,,,,,0.180,,,,,,true,true,12,2019-04-01,2020-03-31,1
2019-05-15,59110,2019-03-31,,3520000000,0.175,,,,,1265000000,0.548,1486000000,0.497,1881000000,,1.132,45.51,,,,,,63873000000,46277000000,0.725,1119.03,46277000000,,,,,30.00,,,,45564802,4209836,41332322,false,false,12,2018-04-01,2019-03-31,0
2019-05-15,59110,2018-03-31,,2995000000,0.110,,,,,817000000,0.257,993000000,0.073,882000000,,-0.266,21.34,,,,,,56507000000,46560000000,0.824,1126.98,46560000000,,,,,22.00,,,,45564802,4250511,41346494,false,false,12,2017-04-01,2018-03-31,-1
2019-05-15,59110,2020-03-31,,,,,,,,,,,,,,,,,,,,,,,,,,,,,,34.00,,,,,,,false,true,12,2019-04-01,2020-03-31,1
2019-07-29,59110,2020-03-31,1,29510000000,-0.111,,,,,1822000000,-0.111,1914000000,-0.112,,1294000000,,31.29,,,,,,148693000000,86283000000,0.564,2029.26,83935000000,,,,,,,,,,,,true,false,3,2019-04-01,2019-06-30,0
2019-07-29,59110,2019-03-31,1,33182000000,0.162,,,,,2048000000,-0.170,2156000000,-0.178,,1424000000,,34.48,,,,,,,,,,,,,,,,,,,,,,true,false,3,2018-04-01,2018-06-30,-1
2019-07-29,59110,2020-03-31,1,73500000000,0.074,,,,,4600000000,-0.084,4600000000,-0.099,,3200000000,,77.36,,,,,,,,,,,,,,,,,,,,,,true,true,6,2019-04-01,2019-09-30,0
2019-07-29,59110,2020-03-31,1,153000000000,0.078,,,,,11200000000,0.066,11200000000,0.051,,7800000000,,188.50,,,,,,,,,,,,,,,,,,,,,,true,true,12,2019-04-01,2020-03-31,0
2019-07-29,59110,2019-03-31,1,,,,,,,,,,,,,,,,,,,,149695000000,86583000000,0.563,2037.61,84265000000,,,,,,,,,,,,true,false,12,2018-04-01,2019-03-31,-1
2019-07-29,59110,2019-03-31,1,,,,,,,,,,,,,,,,,,,,,,,,,,,,,30.00,,,,45564802,4209836,,false,false,12,2018-04-01,2019-03-31,-1
2019-07-29,59110,2020-03-31,1,,,,,,,,,,,,,,,,,,,,,,,,,,,,,34.00,,,,,,,false,true,12,2019-04-01,2020-03-31,0
2019-07-29,59110,2020-03-31,1,,,,,,,,,,,,,,,,,,,,,,,,,,,,,,,,,45564802,4202418,41357357,false,false,3,2019-04-01,2019-06-30,0
2019-07-29,59110,2019-03-31,1,,,,,,,,,,,,,,,,,,,,,,,,,,,,,,,,,,,41316055,false,false,3,2018-04-01,2018-06-30,-1
2019-10-23,59110,2020-03-31,,64000000000,-0.129,,,,,4700000000,0.022,4800000000,0.043,3250000000,,0.016,78.57,,,,,,,,,,,,,,,,,,,,,,true,true,6,2019-04-01,2019-09-30,0
2019-10-23,59110,2019-03-31,,68457000000,,,,,,5020000000,,5106000000,,3379000000,,,81.78,,,,,,,,,,,,,,,,,,,,,,true,false,6,2018-04-01,2018-09-30,-1
2019-10-28,59110,2020-03-31,2,64009000000,-0.065,,,,,4745000000,-0.055,4842000000,-0.052,,3259000000,,78.80,,,,,,151384000000,88752000000,0.570,2086.41,86339000000,,,,,,,,,,,,true,false,6,2019-04-01,2019-09-30,0
2019-10-28,59110,2019-03-31,2,68457000000,0.178,,,,,5020000000,-0.058,5106000000,-0.059,,3379000000,,81.78,,,,,,,,,,,,,,,,,,,,,,true,false,6,2018-04-01,2018-09-30,-1
2019-10-28,59110,2020-03-31,2,146000000000,0.029,,,,,11200000000,0.066,11200000000,0.051,,7800000000,,188.50,,,,,,,,,,,,,,,,,,,,,,true,true,12,2019-04-01,2020-03-31,0
2019-10-28,59110,2019-03-31,2,,,,,,,,,,,,,,,,,,,,149695000000,86583000000,0.563,2037.61,84265000000,,,,,,,,,,,,true,false,12,2018-04-01,2019-03-31,-1
2019-10-28,59110,2019-03-31,2,,,,,,,,,,,,,,,,,,,,,,,,,,,,,30.00,,,,45564802,4209836,,false,false,12,2018-04-01,2019-03-31,-1
2019-10-28,59110,2020-03-31,2,,,,,,,,,,,,,,,,,,,,,,,,,,,,,17.00,,,,,,,false,false,12,2019-04-01,2020-03-31,0
2019-10-28,59110,2020-03-31,2,,,,,,,,,,,,,,,,,,,,,,,,,,,,,34.00,,,,,,,false,true,12,2019-04-01,2020-03-31,0
2019-10-28,59110,2020-03-31,2,,,,,,,,,,,,,,,,,,,,,,,,,,,,,,,,,45564802,4182849,41366198,false,false,6,2019-04-01,2019-09-30,0
2019-10-28,59110,2019-03-31,2,,,,,,,,,,,,,,,,,,,,,,,,,,,,,,,,,,,41321486,false,false,6,2018-04-01,2018-09-30,-1
2020-01-29,59110,2020-03-31,3,101580000000,-0.051,,,,,8935000000,0.042,9110000000,0.042,,6092000000,,147.27,,,,,,152847000000,91463000000,0.582,2149.60,88985000000,,,,,,,,,,,,true,false,9,2019-04-01,2019-12-31,0
2020-01-29,59110,2019-03-31,3,107093000000,0.183,,,,,8572000000,0.069,8746000000,0.069,,5436000000,,131.56,,,,,,,,,,,,,,,,,,,,,,true,false,9,2018-04-01,2018-12-31,-1
2020-01-29,59110,2020-03-31,3,142000000000,0.001,,,,,12000000000,0.142,12000000000,0.126,,8400000000,,203.00,,,,,,,,,,,,,,,,,,,,,,true,true,12,2019-04-01,2020-03-31,0
2020-01-29,59110,2019-03-31,3,,,,,,,,,,,,,,,,,,,,149695000000,86583000000,0.563,2037.61,84265000000,,,,,,,,,,,,true,false,12,2018-04-01,2019-03-31,-1
2020-01-29,59110,2019-03-31,3,,,,,,,,,,,,,,,,,,,,,,,,,,,,,30.00,,,,45564802,4209836,,false,false,12,2018-04-01,2019-03-31,-1
2020-01-29,59110,2020-03-31,3,,,,,,,,,,,,,,,,,,,,,,,,,,,,,17.00,,,,,,,false,false,12,2019-04-01,2020-03-31,0
2020-01-29,59110,2020-03-31,3,,,,,,,,,,,,,,,,,,,,,,,,,,,,,37.00,,,,,,,false,true,12,2019-04-01,2020-03-31,0
2020-01-29,59110,2020-03-31,3,,,,,,,,,,,,,,,,,,,,,,,,,,,,,,,,,45564802,4168728,41372856,false,false,9,2019-04-01,2019-12-31,0
2020-01-29,59110,2019-03-31,3,,,,,,,,,,,,,,,,,,,,,,,,,,,,,,,,,,,41326152,false,false,9,2018-04-01,2018-12-31,-1
2020-05-14,59110,2020-03-31,,138144000000,-0.027,,,,,12883000000,0.226,12969000000,0.217,,9004000000,,217.61,,0.104,0.086,0.093,,152583000000,92048000000,0.586,2159.88,89410000000,9168000000,-8761000000,-2101000000,22739000000,,0.170,,,,,,true,false,12,2019-04-01,2020-03-31,0
2020-05-14,59110,2019-03-31,,141924000000,0.083,,,,,10509000000,-0.235,10654000000,-0.232,,7536000000,,182.33,,0.092,0.072,0.074,,149695000000,86583000000,0.563,2037.61,84265000000,4449000000,-5845000000,2580000000,24414000000,,0.165,,,,,,true,false,12,2018-04-01,2019-03-31,-1
2020-05-14,59110,2021-03-31,,68000000000,0.062,,,,,5500000000,0.159,5500000000,0.136,,3700000000,,89.38,,,,,,,,,,,,,,,,,,,,,,true,true,6,2020-04-01,2020-09-30,1
2020-05-14,59110,2021-03-31,,147000000000,0.064,,,,,13000000000,0.009,13000000000,0.002,,9050000000,,218.62,,,,,,,,,,,,,,,,0.183,,,,,,true,true,12,2020-04-01,2021-03-31,1
2020-05-14,59110,2020-03-31,,3851000000,0.094,,,,,1552000000,0.226,1752000000,0.179,1894000000,,0.007,45.80,,,,,,62094000000,44447000000,0.716,1073.71,44447000000,,,,,37.00,,,,45564802,4168870,41378616,false,false,12,2019-04-01,2020-03-31,0
2020-05-14,59110,2019-03-31,,3520000000,0.175,,,,,1265000000,0.548,1486000000,0.497,1881000000,,1.132,45.51,,,,,,63873000000,46277000000,0.725,1119.03,46277000000,,,,,30.00,,,,45564802,4209836,41332322,false,false,12,2018-04-01,2019-03-31,-1
2020-05-14,59110,2021-03-31,,,,,,,,,,,,,,,,,,,,,,,,,,,,,,40.00,,,,,,,false,true,12,2020-04-01,2021-03-31,1
2020-07-29,59110,2021-03-31,1,30595000000,0.037,,,,,1815000000,-0.004,1910000000,-0.002,,1276000000,,30.84,,,,,,151761000000,93686000000,0.600,2201.22,91121000000,,,,,,,,,,,,true,false,3,2020-04-01,2020-06-30,0
2020-07-29,59110,2020-03-31,1,29510000000,-0.111,,,,,1822000000,-0.111,1914000000,-0.112,,1294000000,,31.29,,,,,,,,,,,,,,,,,,,,,,true,false,3,2019-04-01,2019-06-30,-1
2020-07-29,59110,2021-03-31,1,68000000000,0.062,,,,,5500000000,0.159,5500000000,0.136,,3700000000,,89.38,,,,,,,,,,,,,,,,,,,,,,true,true,6,2020-04-01,2020-09-30,0
2020-07-29,59110,2021-03-31,1,147000000000,0.064,,,,,13000000000,0.009,13000000000,0.002,,9050000000,,218.62,,,,,,,,,,,,,,,,,,,,,,true,true,12,2020-04-01,2021-03-31,0
2020-07-29,59110,2020-03-31,1,,,,,,,,,,,,,,,,,,,,152583000000,92048000000,0.586,2159.88,89410000000,,,,,,,,,,,,true,false,12,2019-04-01,2020-03-31,-1
2020-07-29,59110,2020-03-31,1,,,,,,,,,,,,,,,,,,,,,,,,,,,,,37.00,,,,45564802,4168870,,false,false,12,2019-04-01,2020-03-31,-1
2020-07-29,59110,2021-03-31,1,,,,,,,,,,,,,,,,,,,,,,,,,,,,,40.00,,,,,,,false,true,12,2020-04-01,2021-03-31,0
2020-07-29,59110,2021-03-31,1,,,,,,,,,,,,,,,,,,,,,,,,,,,,,,,,,45564802,4168914,41395918,false,false,3,2020-04-01,2020-06-30,0
2020-07-29,59110,2020-03-31,1,,,,,,,,,,,,,,,,,,,,,,,,,,,,,,,,,,,41357357,false,false,3,2019-04-01,2019-06-30,-1
2020-10-22,59110,2021-03-31,,68300000000,0.004,,,,,8300000000,0.509,8300000000,0.509,5500000000,,0.486,132.86,,,,,,,,,,,,,,,,,,,,,,true,true,6,2020-04-01,2020-09-30,0
2020-10-22,59110,2020-03-31,,64009000000,,,,,,4745000000,,4842000000,,3259000000,,,78.80,,,,,,,,,,,,,,,,,,,,,,true,false,6,2019-04-01,2019-09-30,-1
2020-10-28,59110,2021-03-31,2,68395000000,0.069,,,,,8292000000,0.747,8317000000,0.717,,5556000000,,134.22,,,,,,160535000000,98709000000,0.598,2319.82,96030000000,,,,,,,,,,,,true,false,6,2020-04-01,2020-09-30,0
2020-10-28,59110,2020-03-31,2,64009000000,-0.065,,,,,4745000000,-0.055,4842000000,-0.052,,3259000000,,78.80,,,,,,,,,,,,,,,,,,,,,,true,false,6,2019-04-01,2019-09-30,-1
2020-10-28,59110,2021-03-31,2,144000000000,0.042,,,,,14000000000,0.087,14000000000,0.079,,9700000000,,234.32,,,,,,,,,,,,,,,,,,,,,,true,true,12,2020-04-01,2021-03-31,0
2020-10-28,59110,2020-03-31,2,,,,,,,,,,,,,,,,,,,,152583000000,92048000000,0.586,2159.88,89410000000,,,,,,,,,,,,true,false,12,2019-04-01,2020-03-31,-1
2020-10-28,59110,2020-03-31,2,,,,,,,,,,,,,,,,,,,,,,,,,,,,,37.00,,,,45564802,4168870,,false,false,12,2019-04-01,2020-03-31,-1
2020-10-28,59110,2021-03-31,2,,,,,,,,,,,,,,,,,,,,,,,,,,,,,22.00,,,,,,,false,false,12,2020-04-01,2021-03-31,0
2020-10-28,59110,2021-03-31,2,,,,,,,,,,,,,,,,,,,,,,,,,,,,,47.00,,,,,,,false,true,12,2020-04-01,2021-03-31,0
2020-10-28,59110,2021-03-31,2,,,,,,,,,,,,,,,,,,,,,,,,,,,,,,,,,45564802,4169141,41395861,false,false,6,2020-04-01,2020-09-30,0
2020-10-28,59110,2020-03-31,2,,,,,,,,,,,,,,,,,,,,,,,,,,,,,,,,,,,41366198,false,false,6,2019-04-01,2019-09-30,-1
,59110,2021-03-31,,,,,,,,,,,,,,,,,,,,,,,,,,,,,,47.00,,,,,,,false,true,12,2020-04-01,2021-03-31,0
,59110,2020-03-31,,,,,,,,,,,,,,,,,,,,,,,,,,,,,,37.00,,,,,,,false,false,12,2019-04-01,2020-03-31,-1
2021-01-27,59110,2021-03-31,3,103264000000,0.017,,,,,12893000000,0.443,12965000000,0.423,,8670000000,,209.57,,,,,,163841000000,101502000000,0.602,2393.92,98711000000,,,,,,,,,,,,true,false,9,2020-04-01,2020-12-31,0
2021-01-27,59110,2020-03-31,3,101580000000,-0.051,,,,,8935000000,0.042,9110000000,0.042,,6092000000,,147.27,,,,,,,,,,,,,,,,,,,,,,true,false,9,2019-04-01,2019-12-31,-1
2021-01-27,59110,2021-03-31,3,140000000000,0.013,,,,,16000000000,0.242,16000000000,0.234,,11000000000,,266.08,,,,,,,,,,,,,,,,,,,,,,true,true,12,2020-04-01,2021-03-31,0
2021-01-27,59110,2020-03-31,3,,,,,,,,,,,,,,,,,,,,152583000000,92048000000,0.586,2159.88,89410000000,,,,,,,,,,,,true,false,12,2019-04-01,2020-03-31,-1
2021-01-27,59110,2020-03-31,3,,,,,,,,,,,,,,,,,,,,,,,,,,,,,37.00,,,,45564802,4168870,,false,false,12,2019-04-01,2020-03-31,-1
2021-01-27,59110,2021-03-31,3,,,,,,,,,,,,,,,,,,,,,,,,,,,,,22.00,,,,,,,false,false,12,2020-04-01,2021-03-31,0
2021-01-27,59110,2021-03-31,3,,,,,,,,,,,,,,,,,,,,,,,,,,,,,52.00,,,,,,,false,true,12,2020-04-01,2021-03-31,0
2021-01-27,59110,2021-03-31,3,,,,,,,,,,,,,,,,,,,,,,,,,,,,,,,,,45564802,4330557,41374990,false,false,9,2020-04-01,2020-12-31,0
2021-01-27,59110,2020-03-31,3,,,,,,,,,,,,,,,,,,,,,,,,,,,,,,,,,,,41372856,false,false,9,2019-04-01,2019-12-31,-1
,59110,2021-03-31,,,,,,,,,,,,,,,,,,,,,,,,,,,,,,52.00,,,,,,,false,true,12,2020-04-01,2021-03-31,0
,59110,2021-03-31,,,,,,,,,,,,,,,,,,,,,,,,,,,,,,22.00,,,,,,,false,false,12,2020-04-01,2021-03-31,0
,59110,2020-03-31,,,,,,,,,,,,,,,,,,,,,,,,,,,,,,37.00,,,,,,,false,false,12,2019-04-01,2020-03-31,-1
2021-05-14,59110,2021-03-31,,136091000000,-0.015,,,,,15966000000,0.239,16094000000,0.241,,11289000000,,273.09,,0.119,0.100,0.117,,169695000000,103945000000,0.596,2451.96,101130000000,195000000,-5985000000,2619000000,19592000000,,0.190,,,,,,true,false,12,2020-04-01,2021-03-31,0
2021-05-14,59110,2020-03-31,,138144000000,-0.027,,,,,12883000000,0.226,12969000000,0.217,,9004000000,,217.61,,0.104,0.086,0.093,,152583000000,92048000000,0.586,2159.88,89410000000,9168000000,-8761000000,-2101000000,22739000000,,0.170,,,,,,true,false,12,2019-04-01,2020-03-31,-1
2021-05-14,59110,2022-03-31,,70000000000,0.023,,,,,5600000000,-0.325,5600000000,-0.327,,4600000000,,111.49,,,,,,,,,,,,,,,,,,,,,,true,true,6,2021-04-01,2021-09-30,1
2021-05-14,59110,2022-03-31,,152000000000,0.117,,,,,14000000000,-0.123,14000000000,-0.130,,10000000000,,242.27,,,,,,,,,,,,,,,,0.248,,,,,,true,true,12,2021-04-01,2022-03-31,1
2021-05-14,59110,2021-03-31,,4284000000,0.112,,,,,1837000000,0.183,2066000000,0.179,2249000000,,0.187,54.42,,,,,,65056000000,47143000000,0.725,1143.03,47143000000,,,,,52.00,,,,45564802,4320182,41340845,false,false,12,2020-04-01,2021-03-31,0
2021-05-14,59110,2020-03-31,,3851000000,0.094,,,,,1552000000,0.226,1752000000,0.179,1894000000,,0.007,45.80,,,,,,62094000000,44447000000,0.716,1073.71,44447000000,,,,,37.00,,,,45564802,4168870,41378616,false,false,12,2019-04-01,2020-03-31,-1
2021-05-14,59110,2022-03-31,,,,,,,,,,,,,,,,,,,,,,,,,,,,,,60.00,,,,,,,false,true,12,2021-04-01,2022-03-31,1
2021-07-28,59110,2022-03-31,1,29860000000,-0.024,,,,,3398000000,0.872,3500000000,0.832,,3075000000,,74.55,,,,,,165760000000,104253000000,0.612,2458.81,101437000000,,,,,,,,,,,,true,false,3,2021-04-01,2021-06-30,0
2021-07-28,59110,2021-03-31,1,30595000000,0.037,,,,,1815000000,-0.004,1910000000,-0.002,,1276000000,,30.84,,,,,,,,,,,,,,,,,,,,,,true,false,3,2020-04-01,2020-06-30,-1
2021-07-28,59110,2022-03-31,1,70000000000,0.023,,,,,5600000000,-0.325,5600000000,-0.327,,4600000000,,111.49,,,,,,,,,,,,,,,,,,,,,,true,true,6,2021-04-01,2021-09-30,0
2021-07-28,59110,2022-03-31,1,152000000000,0.117,,,,,14000000000,-0.123,14000000000,-0.130,,10000000000,,242.27,,,,,,,,,,,,,,,,,,,,,,true,true,12,2021-04-01,2022-03-31,0
2021-07-28,59110,2021-03-31,1,,,,,,,,,,,,,,,,,,,,169695000000,103945000000,0.596,2451.96,101130000000,,,,,,,,,,,,true,false,12,2020-04-01,2021-03-31,-1
2021-07-28,59110,2021-03-31,1,,,,,,,,,,,,,,,,,,,,,,,,,,,,,52.00,,,,45564802,4320182,,false,false,12,2020-04-01,2021-03-31,-1
2021-07-28,59110,2022-03-31,1,,,,,,,,,,,,,,,,,,,,,,,,,,,,,60.00,,,,,,,false,true,12,2021-04-01,2022-03-31,0
2021-07-28,59110,2022-03-31,1,,,,,,,,,,,,,,,,,,,,,,,,,,,,,,,,,45564802,4309998,41248092,false,false,3,2021-04-01,2021-06-30,0
2021-07-28,59110,2021-03-31,1,,,,,,,,,,,,,,,,,,,,,,,,,,,,,,,,,,,41395918,false,false,3,2020-04-01,2020-06-30,-1
2021-10-22,59110,2022-03-31,,61800000000,-0.117,,,,,6100000000,0.089,6200000000,0.107,,4900000000,,118.76,,,,,,,,,,,,,,,,,,,,,,true,true,6,2021-04-01,2021-09-30,0
2021-10-22,59110,2021-03-31,,68395000000,,,,,,8292000000,,8317000000,,,5556000000,,134.22,,,,,,,,,,,,,,,,,,,,,,true,false,6,2020-04-01,2020-09-30,-1
2021-10-27,5911,2022-03-31,2,61838000000,-0.096,,,,,6157000000,-0.257,6215000000,-0.253,,4925000000,,119.37,,,,,,165013000000,106964000000,0.631,2522.67,104140000000,,,,,,,,,,,,true,false,6,2021-04-01,2021-09-30,0
2021-10-27,5911,2021-03-31,2,68395000000,0.069,,,,,8292000000,0.747,8317000000,0.717,,5556000000,,134.22,,,,,,,,,,,,,,,,,,,,,,true,false,6,2020-04-01,2020-09-30,-1
2021-10-27,5911,2022-03-31,2,143000000000,0.051,,,,,14000000000,-0.123,14000000000,-0.130,,10000000000,,242.27,,,,,,,,,,,,,,,,,,,,,,true,true,12,2021-04-01,2022-03-31,0
2021-10-27,5911,2021-03-31,2,,,,,,,,,,,,,,,,,,,,169695000000,103945000000,0.596,2451.96,101130000000,,,,,,,,,,,,true,false,12,2020-04-01,2021-03-31,-1
2021-10-27,5911,2021-03-31,2,,,,,,,,,,,,,,,,,,,,,,,,,,,,,52.00,,,,45564802,4320182,,false,false,12,2020-04-01,2021-03-31,-1
2021-10-27,5911,2022-03-31,2,,,,,,,,,,,,,,,,,,,,,,,,,,,,,35.00,,,,,,,false,false,12,2021-04-01,2022-03-31,0
2021-10-27,5911,2022-03-31,2,,,,,,,,,,,,,,,,,,,,,,,,,,,,,70.00,,,,,,,false,true,12,2021-04-01,2022-03-31,0
2021-10-27,5911,2022-03-31,2,,,,,,,,,,,,,,,,,,,,,,,,,,,,,,,,,45564802,4283006,41259100,false,false,6,2021-04-01,2021-09-30,0
2021-10-27,5911,2021-03-31,2,,,,,,,,,,,,,,,,,,,,,,,,,,,,,,,,,,,41395861,false,false,6,2020-04-01,2020-09-30,-1
,59110,2022-03-31,,,,,,,,,,,,,,,,,,,,,,,,,,,,,,70.00,,,,,,,false,true,12,2021-04-01,2022-03-31,0
,59110,2022-03-31,,,,,,,,,,,,,,,,,,,,,,,,,,,,,,35.00,,,,,,,false,false,12,2021-04-01,2022-03-31,0
,59110,2021-03-31,,,,,,,,,,,,,,,,,,,,,,,,,,,,,,52.00,,,,,,,false,false,12,2020-04-01,2021-03-31,-1
2022-01-31,5911,2022-03-31,3,97617000000,-0.055,,,,,9848000000,-0.236,10032000000,-0.226,,7445000000,,180.43,,,,,,163577000000,107519000000,0.639,2531.68,104581000000,,,,,,,,,,,,true,false,9,2021-04-01,2021-12-31,0
2022-01-31,5911,2021-03-31,3,103264000000,0.017,,,,,12893000000,0.443,12965000000,0.423,,8670000000,,209.57,,,,,,,,,,,,,,,,,,,,,,true,false,9,2020-04-01,2020-12-31,-1
2022-01-31,5911,2022-03-31,3,140000000000,0.029,,,,,14000000000,-0.123,14000000000,-0.130,,10000000000,,242.27,,,,,,,,,,,,,,,,,,,,,,true,true,12,2021-04-01,2022-03-31,0
2022-01-31,5911,2021-03-31,3,,,,,,,,,,,,,,,,,,,,169695000000,103945000000,0.596,2451.96,101130000000,,,,,,,,,,,,true,false,12,2020-04-01,2021-03-31,-1
2022-01-31,5911,2021-03-31,3,,,,,,,,,,,,,,,,,,,,,,,,,,,,,52.00,,,,45564802,4320182,,false,false,12,2020-04-01,2021-03-31,-1
2022-01-31,5911,2022-03-31,3,,,,,,,,,,,,,,,,,,,,,,,,,,,,,35.00,,,,,,,false,false,12,2021-04-01,2022-03-31,0
2022-01-31,5911,2022-03-31,3,,,,,,,,,,,,,,,,,,,,,,,,,,,,,70.00,,,,,,,false,true,12,2021-04-01,2022-03-31,0
2022-01-31,5911,2022-03-31,3,,,,,,,,,,,,,,,,,,,,,,,,,,,,,,,,,45564802,4255492,41267857,false,false,9,2021-04-01,2021-12-31,0
2022-01-31,5911,2021-03-31,3,,,,,,,,,,,,,,,,,,,,,,,,,,,,,,,,,,,41374990,false,false,9,2020-04-01,2020-12-31,-1
2022-05-13,5911,2022-03-31,,136931000000,0.006,,,,,14752000000,-0.076,14995000000,-0.068,,11043000000,,267.54,,0.106,0.088,0.108,,172549000000,110791000000,0.625,2608.54,107783000000,17074000000,-3474000000,-9779000000,23458000000,,0.280,,,,,,true,false,12,2021-04-01,2022-03-31,0
2022-05-13,5911,2021-03-31,,136091000000,-0.015,,,,,15966000000,0.239,16094000000,0.241,,11289000000,,273.09,,0.119,0.100,0.117,,169695000000,103945000000,0.596,2451.96,101130000000,195000000,-5985000000,2619000000,19592000000,,0.190,,,,,,true,false,12,2020-04-01,2021-03-31,-1
2022-05-13,5911,2023-03-31,,75400000000,0.219,,,,,6000000000,-0.026,6000000000,-0.035,,4800000000,,116.10,,,,,,,,,,,,,,,,,,,,,,true,true,6,2022-04-01,2022-09-30,1
2022-05-13,5911,2023-03-31,,164000000000,0.198,,,,,15000000000,0.017,15000000000,0.000,,10700000000,,258.62,,,,,,,,,,,,,,,,0.309,,,,,,true,true,12,2022-04-01,2023-03-31,1
2022-05-13,5911,2022-03-31,,5127000000,0.197,,,,,2314000000,0.260,2616000000,0.266,3482000000,,0.548,84.35,,,,,,56746000000,46251000000,0.815,1119.35,46251000000,,,,,75.00,,,,45564802,4245094,41278630,false,false,12,2021-04-01,2022-03-31,0
2022-05-13,5911,2021-03-31,,4284000000,0.112,,,,,1837000000,0.183,2066000000,0.179,2249000000,,0.187,54.42,,,,,,65056000000,47143000000,0.725,1143.03,47143000000,,,,,52.00,,,,45564802,4320182,41340845,false,false,12,2020-04-01,2021-03-31,-1
2022-05-13,5911,2023-03-31,,,,,,,,,,,,,,,,,,,,,,,,,,,,,,80.00,,,,,,,false,true,12,2022-04-01,2023-03-31,1
2022-07-28,5911,2023-03-31,1,35202000000,0.179,,,,,1255000000,-0.631,1527000000,-0.564,,1670000000,,40.43,,,,,,172833000000,110154000000,0.620,2594.21,107222000000,,,,,,,,,,,,true,false,3,2022-04-01,2022-06-30,0
2022-07-28,5911,2022-03-31,1,29860000000,-0.024,,,,,3398000000,0.872,3500000000,0.832,,3075000000,,74.55,,,,,,,,,,,,,,,,,,,,,,true,false,3,2021-04-01,2021-06-30,-1
2022-07-28,5911,2023-03-31,1,75400000000,0.219,,,,,6000000000,-0.026,6000000000,-0.035,,4800000000,,116.16,,,,,,,,,,,,,,,,,,,,,,true,true,6,2022-04-01,2022-09-30,0
2022-07-28,5911,2023-03-31,1,164000000000,0.198,,,,,15000000000,0.017,15000000000,0.000,,10700000000,,260.05,,,,,,,,,,,,,,,,,,,,,,true,true,12,2022-04-01,2023-03-31,0
2022-07-28,5911,2022-03-31,1,,,,,,,,,,,,,,,,,,,,172549000000,110791000000,0.625,2608.54,107783000000,,,,,,,,,,,,true,false,12,2021-04-01,2022-03-31,-1
2022-07-28,5911,2022-03-31,1,,,,,,,,,,,,,,,,,,,,,,,,,,,,,75.00,,,,45564802,4245094,,false,false,12,2021-04-01,2022-03-31,-1
2022-07-28,5911,2023-03-31,1,,,,,,,,,,,,,,,,,,,,,,,,,,,,,80.00,,,,,,,false,true,12,2022-04-01,2023-03-31,0
2022-07-28,5911,2023-03-31,1,,,,,,,,,,,,,,,,,,,,,,,,,,,,,,,,,45564802,4233442,41323644,false,false,3,2022-04-01,2022-06-30,0
2022-07-28,5911,2022-03-31,1,,,,,,,,,,,,,,,,,,,,,,,,,,,,,,,,,,,41248092,false,false,3,2021-04-01,2021-06-30,-1
2022-10-25,59110,2023-03-31,,75900000000,0.007,,,,,3900000000,-0.350,4200000000,-0.300,,3400000000,,82.31,,,,,,,,,,,,,,,,,,,,,,true,true,6,2022-04-01,2022-09-30,0
2022-10-25,59110,2022-03-31,,61838000000,,,,,,6157000000,,6215000000,,,4925000000,,119.37,,,,,,,,,,,,,,,,,,,,,,true,false,6,2021-04-01,2021-09-30,-1
2022-10-31,5911,2023-03-31,2,75984000000,0.229,,,,,3918000000,-0.364,4207000000,-0.323,,3426000000,,82.96,,,,,,174891000000,111560000000,0.621,2640.22,108549000000,,,,,,,,,,,,true,false,6,2022-04-01,2022-09-30,0
2022-10-31,5911,2022-03-31,2,61838000000,-0.096,,,,,6157000000,-0.257,6215000000,-0.253,,4925000000,,119.37,,,,,,,,,,,,,,,,,,,,,,true,false,6,2021-04-01,2021-09-30,-1
2022-10-31,5911,2023-03-31,2,164000000000,0.198,,,,,13200000000,-0.105,13300000000,-0.113,,9500000000,,230.97,,,,,,,,,,,,,,,,,,,,,,true,true,12,2022-04-01,2023-03-31,0
2022-10-31,5911,2022-03-31,2,,,,,,,,,,,,,,,,,,,,172549000000,110791000000,0.625,2608.54,107783000000,,,,,,,,,,,,true,false,12,2021-04-01,2022-03-31,-1
2022-10-31,5911,2022-03-31,2,,,,,,,,,,,,,,,,,,,,,,,,,,,,,75.00,,,,45564802,4245094,,false,false,12,2021-04-01,2022-03-31,-1
2022-10-31,5911,2023-03-31,2,,,,,,,,,,,,,,,,,,,,,,,,,,,,,40.00,,,,,,,false,false,12,2022-04-01,2023-03-31,0
2022-10-31,5911,2023-03-31,2,,,,,,,,,,,,,,,,,,,,,,,,,,,,,80.00,,,,,,,false,true,12,2022-04-01,2023-03-31,0
2022-10-31,5911,2023-03-31,2,,,,,,,,,,,,,,,,,,,,,,,,,,,,,,,,,45564802,4451061,41309699,false,false,6,2022-04-01,2022-09-30,0
2022-10-31,5911,2022-03-31,2,,,,,,,,,,,,,,,,,,,,,,,,,,,,,,,,,,,41259100,false,false,6,2021-04-01,2021-09-30,-1
2023-01-30,5911,2023-03-31,3,119303000000,0.222,,,,,8957000000,-0.090,9208000000,-0.082,,6709000000,,162.85,,,,,,182558000000,112767000000,0.600,2679.53,109600000000,,,,,,,,,,,,true,false,9,2022-04-01,2022-12-31,0
2023-01-30,5911,2022-03-31,3,97617000000,-0.055,,,,,9848000000,-0.236,10032000000,-0.226,,7445000000,,180.43,,,,,,,,,,,,,,,,,,,,,,true,false,9,2021-04-01,2021-12-31,-1
2023-01-30,5911,2023-03-31,3,164000000000,0.198,,,,,13200000000,-0.105,13300000000,-0.113,,9500000000,,230.97,,,,,,,,,,,,,,,,,,,,,,true,true,12,2022-04-01,2023-03-31,0
2023-01-30,5911,2022-03-31,3,,,,,,,,,,,,,,,,,,,,172549000000,110791000000,0.625,2608.54,107783000000,,,,,,,,,,,,true,false,12,2021-04-01,2022-03-31,-1
2023-01-30,5911,2022-03-31,3,,,,,,,,,,,,,,,,,,,,,,,,,,,,,75.00,,,,45564802,4245094,,false,false,12,2021-04-01,2022-03-31,-1
2023-01-30,5911,2023-03-31,3,,,,,,,,,,,,,,,,,,,,,,,,,,,,,40.00,,,,,,,false,false,12,2022-04-01,2023-03-31,0
2023-01-30,5911,2023-03-31,3,,,,,,,,,,,,,,,,,,,,,,,,,,,,,80.00,,,,,,,false,true,12,2022-04-01,2023-03-31,0
2023-01-30,5911,2023-03-31,3,,,,,,,,,,,,,,,,,,,,,,,,,,,,,,,,,45564802,4662104,41204632,false,false,9,2022-04-01,2022-12-31,0
2023-01-30,5911,2022-03-31,3,,,,,,,,,,,,,,,,,,,,,,,,,,,,,,,,,,,41267857,false,false,9,2021-04-01,2021-12-31,-1
2023-05-15,5911,2023-03-31,,164968000000,0.205,,,,,15218000000,0.032,15452000000,0.030,,11243000000,,273.36,,0.101,0.084,0.092,,194456000000,117653000000,0.588,2794.45,114300000000,-4350000000,-1844000000,7850000000,25143000000,,0.311,,,,,,true,false,12,2022-04-01,2023-03-31,0
2023-05-15,5911,2022-03-31,,136931000000,0.006,,,,,14752000000,-0.076,14995000000,-0.068,,11043000000,,267.54,,0.106,0.088,0.108,,172549000000,110791000000,0.625,2608.54,107783000000,17074000000,-3474000000,-9779000000,23458000000,,0.280,,,,,,true,false,12,2021-04-01,2022-03-31,-1
2023-05-15,5911,2024-03-31,,80900000000,0.065,,,,,6200000000,0.582,6200000000,0.474,,4400000000,,107.57,,,,,,,,,,,,,,,,,,,,,,true,true,6,2023-04-01,2023-09-30,1
2023-05-15,5911,2024-03-31,,175800000000,0.066,,,,,15500000000,0.019,15500000000,0.003,,10600000000,,259.15,,,,,,,,,,,,,,,,0.347,,,,,,true,true,12,2023-04-01,2024-03-31,1
2023-05-15,5911,2023-03-31,,6343000000,0.237,,,,,3371000000,0.456,3637000000,0.390,4344000000,,0.248,105.62,,,,,,68237000000,45865000000,0.672,1121.33,45865000000,,,,,85.00,,,,43164802,2262104,41130183,false,false,12,2022-04-01,2023-03-31,0
2023-05-15,5911,2022-03-31,,5127000000,0.197,,,,,2314000000,0.260,2616000000,0.266,3482000000,,0.548,84.35,,,,,,56746000000,46251000000,0.815,1119.35,46251000000,,,,,75.00,,,,45564802,4245094,41278630,false,false,12,2021-04-01,2022-03-31,-1
2023-05-15,5911,2024-03-31,,,,,,,,,,,,,,,,,,,,,,,,,,,,,,90.00,,,,,,,false,true,12,2023-04-01,2024-03-31,1
2023-07-31,5911,2024-03-31,1,40027000000,0.137,,,,,3565000000,1.841,3748000000,1.454,,2846000000,,69.59,,,,,,192063000000,119669000000,0.606,2845.28,116379000000,,,,,,,,,,,,true,false,3,2023-04-01,2023-06-30,0
2023-07-31,5911,2023-03-31,1,35202000000,0.179,,,,,1255000000,-0.631,1527000000,-0.564,,1670000000,,40.43,,,,,,,,,,,,,,,,,,,,,,true,false,3,2022-04-01,2022-06-30,-1
2023-07-31,5911,2024-03-31,1,80900000000,0.065,,,,,6200000000,0.582,6200000000,0.474,,4400000000,,107.64,,,,,,,,,,,,,,,,,,,,,,true,true,6,2023-04-01,2023-09-30,0
2023-07-31,5911,2024-03-31,1,175800000000,0.066,,,,,15500000000,0.019,15500000000,0.003,,10600000000,,260.44,,,,,,,,,,,,,,,,,,,,,,true,true,12,2023-04-01,2024-03-31,0
2023-07-31,5911,2023-03-31,1,,,,,,,,,,,,,,,,,,,,194456000000,117653000000,0.588,2794.45,114300000000,,,,,,,,,,,,true,false,12,2022-04-01,2023-03-31,-1
2023-07-31,5911,2023-03-31,1,,,,,,,,,,,,,,,,,,,,,,,,,,,,,85.00,,,,43164802,2262104,,false,false,12,2022-04-01,2023-03-31,-1
2023-07-31,5911,2024-03-31,1,,,,,,,,,,,,,,,,,,,,,,,,,,,,,90.00,,,,,,,false,true,12,2023-04-01,2024-03-31,0
2023-07-31,5911,2024-03-31,1,,,,,,,,,,,,,,,,,,,,,,,,,,,,,,,,,43164802,2262266,40902612,false,false,3,2023-04-01,2023-06-30,0
2023-07-31,5911,2023-03-31,1,,,,,,,,,,,,,,,,,,,,,,,,,,,,,,,,,,,41323644,false,false,3,2022-04-01,2022-06-30,-1
2023-10-25,59110,2024-03-31,,82300000000,0.017,,,,,7300000000,0.177,7400000000,0.194,,5800000000,,141.89,,,,,,,,,,,,,,,,,,,,,,true,true,6,2023-04-01,2023-09-30,0
2023-10-25,59110,2023-03-31,,75984000000,,,,,,3918000000,,4207000000,,,3426000000,,82.96,,,,,,,,,,,,,,,,,,,,,,true,false,6,2022-04-01,2022-09-30,-1
2023-10-30,5911,2024-03-31,2,82306000000,0.083,,,,,7316000000,0.867,7477000000,0.777,,5855000000,,143.26,,,,,,192623000000,122376000000,0.618,2927.22,118997000000,,,,,,,,,,,,true,false,6,2023-04-01,2023-09-30,0
2023-10-30,5911,2023-03-31,2,75984000000,0.229,,,,,3918000000,-0.364,4207000000,-0.323,,3426000000,,82.96,,,,,,,,,,,,,,,,,,,,,,true,false,6,2022-04-01,2022-09-30,-1
2023-10-30,5911,2024-03-31,2,166000000000,0.006,,,,,16000000000,0.051,16000000000,0.035,,12000000000,,294.73,,,,,,,,,,,,,,,,,,,,,,true,true,12,2023-04-01,2024-03-31,0
2023-10-30,5911,2023-03-31,2,,,,,,,,,,,,,,,,,,,,194456000000,117653000000,0.588,2794.45,114300000000,,,,,,,,,,,,true,false,12,2022-04-01,2023-03-31,-1
2023-10-30,5911,2023-03-31,2,,,,,,,,,,,,,,,,,,,,,,,,,,,,,85.00,,,,43164802,2262104,,false,false,12,2022-04-01,2023-03-31,-1
2023-10-30,5911,2024-03-31,2,,,,,,,,,,,,,,,,,,,,,,,,,,,,,45.00,,,,,,,false,false,12,2023-04-01,2024-03-31,0
2023-10-30,5911,2024-03-31,2,,,,,,,,,,,,,,,,,,,,,,,,,,,,,90.00,,,,,,,false,true,12,2023-04-01,2024-03-31,0
2023-10-30,5911,2024-03-31,2,,,,,,,,,,,,,,,,,,,,,,,,,,,,,,,,,43164802,2512650,40876128,false,false,6,2023-04-01,2023-09-30,0
2023-10-30,5911,2023-03-31,2,,,,,,,,,,,,,,,,,,,,,,,,,,,,,,,,,,,41309699,false,false,6,2022-04-01,2022-09-30,-1
2024-01-29,5911,2024-03-31,3,125192000000,0.049,,,,,12712000000,0.419,12745000000,0.384,,9794000000,,240.20,,,,,,203452000000,123839000000,0.592,2969.69,120378000000,,,,,,,,,,,,true,false,9,2023-04-01,2023-12-31,0
2024-01-29,5911,2023-03-31,3,119303000000,0.222,,,,,8957000000,-0.090,9208000000,-0.082,,6709000000,,162.85,,,,,,,,,,,,,,,,,,,,,,true,false,9,2022-04-01,2022-12-31,-1
2024-01-29,5911,2024-03-31,3,166000000000,0.006,,,,,16000000000,0.051,16000000000,0.035,,12000000000,,294.63,,,,,,,,,,,,,,,,,,,,,,true,true,12,2023-04-01,2024-03-31,0
2024-01-29,5911,2023-03-31,3,,,,,,,,,,,,,,,,,,,,194456000000,117653000000,0.588,2794.45,114300000000,,,,,,,,,,,,true,false,12,2022-04-01,2023-03-31,-1
2024-01-29,5911,2023-03-31,3,,,,,,,,,,,,,,,,,,,,,,,,,,,,,85.00,,,,43164802,2262104,,false,false,12,2022-04-01,2023-03-31,-1
2024-01-29,5911,2024-03-31,3,,,,,,,,,,,,,,,,,,,,,,,,,,,,,45.00,,,,,,,false,false,12,2023-04-01,2024-03-31,0
2024-01-29,5911,2024-03-31,3,,,,,,,,,,,,,,,,,,,,,,,,,,,,,95.00,,,,,,,false,true,12,2023-04-01,2024-03-31,0
2024-01-29,5911,2024-03-31,3,,,,,,,,,,,,,,,,,,,,,,,,,,,,,,,,,43164802,2629017,40774987,false,false,9,2023-04-01,2023-12-31,0
2024-01-29,5911,2023-03-31,3,,,,,,,,,,,,,,,,,,,,,,,,,,,,,,,,,,,41204632,false,false,9,2022-04-01,2022-12-31,-1
2024-05-13,5911,2024-03-31,,164076000000,-0.005,,,,,15946000000,0.048,15857000000,0.026,,11854000000,,291.16,,0.099,0.078,0.097,,210846000000,128023000000,0.590,3056.65,124404000000,-1637000000,-972000000,2516000000,24988000000,,0.326,,,,,,true,false,12,2023-04-01,2024-03-31,0
2024-05-13,5911,2023-03-31,,164968000000,0.205,,,,,15218000000,0.032,15452000000,0.030,,11243000000,,273.36,,0.101,0.084,0.092,,194456000000,117653000000,0.588,2794.45,114300000000,-4350000000,-1844000000,7850000000,25143000000,,0.311,,,,,,true,false,12,2022-04-01,2023-03-31,-1
2024-05-13,5911,2025-03-31,,78200000000,-0.050,,,,,7100000000,-0.030,7100000000,-0.050,,5600000000,,137.58,,,,,,,,,,,,,,,,,,,,,,true,true,6,2024-04-01,2024-09-30,1
2024-05-13,5911,2025-03-31,,170000000000,0.036,,,,,15500000000,-0.028,15400000000,-0.029,,11700000000,,287.41,,,,,,,,,,,,,,,,0.383,,,,,,true,true,12,2024-04-01,2025-03-31,1
2024-05-13,5911,2024-03-31,,6768000000,0.067,,,,,3668000000,0.088,3762000000,0.034,4922000000,,0.133,120.89,,,,,,78989000000,48970000000,0.620,1203.21,48970000000,,,,,95.00,,,,43164802,2464981,40715951,false,false,12,2023-04-01,2024-03-31,0
2024-05-13,5911,2023-03-31,,6343000000,0.237,,,,,3371000000,0.456,3637000000,0.390,4344000000,,0.248,105.62,,,,,,68237000000,45865000000,0.672,1121.33,45865000000,,,,,85.00,,,,43164802,2262104,41130183,false,false,12,2022-04-01,2023-03-31,-1
2024-05-13,5911,2025-03-31,,,,,,,,,,,,,,,,,,,,,,,,,,,,,,110.00,,,,,,,false,true,12,2024-04-01,2025-03-31,1
2024-07-29,5911,2025-03-31,1,35948000000,-0.102,,,,,1386000000,-0.611,1376000000,-0.633,,1282000000,,31.50,,,,,,206609000000,124072000000,0.598,3035.84,123587000000,,,,,,,,,,,,true,false,3,2024-04-01,2024-06-30,0
2024-07-29,5911,2024-03-31,1,40027000000,0.137,,,,,3565000000,1.841,3748000000,1.454,,2846000000,,69.59,,,,,,,,,,,,,,,,,,,,,,true,false,3,2023-04-01,2023-06-30,-1
2024-07-29,5911,2025-03-31,1,78200000000,-0.050,,,,,7100000000,-0.030,7100000000,-0.050,,5600000000,,137.58,,,,,,,,,,,,,,,,,,,,,,true,true,6,2024-04-01,2024-09-30,0
2024-07-29,5911,2025-03-31,1,170000000000,0.036,,,,,15500000000,-0.028,15400000000,-0.029,,11700000000,,287.41,,,,,,,,,,,,,,,,,,,,,,true,true,12,2024-04-01,2025-03-31,0
2024-07-29,5911,2024-03-31,1,,,,,,,,,,,,,,,,,,,,210846000000,128023000000,0.590,3056.65,124404000000,,,,,,,,,,,,true,false,12,2023-04-01,2024-03-31,-1
2024-07-29,5911,2024-03-31,1,,,,,,,,,,,,,,,,,,,,,,,,,,,,,95.00,,,,43164802,2464981,,false,false,12,2023-04-01,2024-03-31,-1
2024-07-29,5911,2025-03-31,1,,,,,,,,,,,,,,,,,,,,,,,,,,,,,110.00,,,,,,,false,true,12,2024-04-01,2025-03-31,0
2024-07-29,5911,2025-03-31,1,,,,,,,,,,,,,,,,,,,,,,,,,,,,,,,,,43164802,2455253,40700551,false,false,3,2024-04-01,2024-06-30,0
2024-07-29,5911,2024-03-31,1,,,,,,,,,,,,,,,,,,,,,,,,,,,,,,,,,,,40902612,false,false,3,2023-04-01,2023-06-30,-1
2024-10-23,59110,2025-03-31,,72900000000,-0.068,,,,,3900000000,-0.451,3500000000,-0.507,,3500000000,,85.98,,,,,,,,,,,,,,,,,,,,,,true,true,6,2024-04-01,2024-09-30,0
2024-10-23,59110,2024-03-31,,82306000000,,,,,,7316000000,,7477000000,,,5855000000,,143.26,,,,,,,,,,,,,,,,,,,,,,true,false,6,2023-04-01,2023-09-30,-1
2024-10-29,5911,2025-03-31,2,72932000000,-0.114,,,,,3995000000,-0.454,3592000000,-0.520,,3532000000,,86.79,,,,,,202294000000,125237000000,0.617,3064.21,124751000000,,,,,,,,,,,,true,false,6,2024-04-01,2024-09-30,0
2024-10-29,5911,2024-03-31,2,82306000000,0.083,,,,,7316000000,0.867,7477000000,0.777,,5855000000,,143.26,,,,,,,,,,,,,,,,,,,,,,true,false,6,2023-04-01,2023-09-30,-1
2024-10-29,5911,2025-03-31,2,165000000000,0.006,,,,,14000000000,-0.122,13600000000,-0.142,,10500000000,,258.83,,,,,,,,,,,,,,,,,,,,,,true,true,12,2024-04-01,2025-03-31,0
2024-10-29,5911,2024-03-31,2,,,,,,,,,,,,,,,,,,,,210846000000,128023000000,0.590,3056.65,124404000000,,,,,,,,,,,,true,false,12,2023-04-01,2024-03-31,-1
2024-10-29,5911,2024-03-31,2,,,,,,,,,,,,,,,,,,,,,,,,,,,,,95.00,,,,43164802,2464981,,false,false,12,2023-04-01,2024-03-31,-1
2024-10-29,5911,2025-03-31,2,,,,,,,,,,,,,,,,,,,,,,,,,,,,,55.00,,,,,,,false,false,12,2024-04-01,2025-03-31,0
2024-10-29,5911,2025-03-31,2,,,,,,,,,,,,,,,,,,,,,,,,,,,,,110.00,,,,,,,false,true,12,2024-04-01,2025-03-31,0
2024-10-29,5911,2025-03-31,2,,,,,,,,,,,,,,,,,,,,,,,,,,,,,,,,,43164802,2452232,40705767,false,false,6,2024-04-01,2024-09-30,0
2024-10-29,5911,2024-03-31,2,,,,,,,,,,,,,,,,,,,,,,,,,,,,,,,,,,,40876128,false,false,6,2023-04-01,2023-09-30,-1
2025-01-29,5911,2025-03-31,3,115264000000,-0.079,,,,,8220000000,-0.353,8000000000,-0.372,,6708000000,,164.90,,,,,,212279000000,124757000000,0.587,3086.73,124560000000,,,,,,,,,,,,true,false,9,2024-04-01,2024-12-31,0
2025-01-29,5911,2024-03-31,3,125192000000,0.049,,,,,12712000000,0.419,12745000000,0.384,,9794000000,,240.20,,,,,,,,,,,,,,,,,,,,,,true,false,9,2023-04-01,2023-12-31,-1
2025-01-29,5911,2025-03-31,3,160000000000,-0.025,,,,,13000000000,-0.185,12700000000,-0.199,,10000000000,,246.48,,,,,,,,,,,,,,,,,,,,,,true,true,12,2024-04-01,2025-03-31,0
2025-01-29,5911,2024-03-31,3,,,,,,,,,,,,,,,,,,,,210846000000,128023000000,0.590,3056.65,124404000000,,,,,,,,,,,,true,false,12,2023-04-01,2024-03-31,-1
2025-01-29,5911,2024-03-31,3,,,,,,,,,,,,,,,,,,,,,,,,,,,,,95.00,,,,43164802,2464981,,false,false,12,2023-04-01,2024-03-31,-1
2025-01-29,5911,2025-03-31,3,,,,,,,,,,,,,,,,,,,,,,,,,,,,,55.00,,,,,,,false,false,12,2024-04-01,2025-03-31,0
2025-01-29,5911,2025-03-31,3,,,,,,,,,,,,,,,,,,,,,,,,,,,,,110.00,,,,,,,false,true,12,2024-04-01,2025-03-31,0
2025-01-29,5911,2025-03-31,3,,,,,,,,,,,,,,,,,,,,,,,,,,,,,,,,,43164802,2811185,40682368,false,false,9,2024-04-01,2024-12-31,0
2025-01-29,5911,2024-03-31,3,,,,,,,,,,,,,,,,,,,,,,,,,,,,,,,,,,,40774987,false,false,9,2023-04-01,2023-12-31,-1
2025-04-24,59110,2025-03-31,,159300000000,-0.004,,,,,16600000000,0.277,16200000000,0.276,,12800000000,,315.57,,,,,,,,,,,,,,,,,,,,,,true,true,12,2024-04-01,2025-03-31,0
2025-04-24,59110,2024-03-31,,164076000000,,,,,,15946000000,,15857000000,,,11854000000,,291.16,,,,,,,,,,,,,,,,,,,,,,true,false,12,2023-04-01,2024-03-31,-1
2025-05-14,5911,2025-03-31,,159368000000,-0.029,,,,,16677000000,0.046,16295000000,0.028,,12859000000,,317.02,,0.101,0.076,0.105,,216179000000,129091000000,0.597,3229.02,129091000000,-2171000000,-1975000000,-3701000000,16832000000,,0.347,,,,,,true,false,12,2024-04-01,2025-03-31,0
2025-05-14,5911,2024-03-31,,164076000000,-0.005,,,,,15946000000,0.048,15857000000,0.026,,11854000000,,291.16,,0.099,0.078,0.097,,210846000000,128023000000,0.590,3056.65,124404000000,-1637000000,-972000000,2516000000,24988000000,,0.326,,,,,,true,false,12,2023-04-01,2024-03-31,-1
2025-05-14,5911,2026-03-31,,74500000000,0.021,,,,,4500000000,0.126,4400000000,0.225,,3000000000,,74.99,,,,,,,,,,,,,,,,,,,,,,true,true,6,2025-04-01,2025-09-30,1
2025-05-14,5911,2026-03-31,,162000000000,0.017,,,,,12000000000,-0.280,11800000000,-0.276,,8100000000,,202.35,,,,,,,,,,,,,,,,0.593,,,,,,true,true,12,2025-04-01,2026-03-31,1
2025-05-14,5911,2025-03-31,,7826000000,0.156,,,,,4282000000,0.168,4546000000,0.208,6168000000,,0.253,152.07,,,,,,83817000000,46998000000,0.561,1175.60,46998000000,,,,,110.00,,,,43164802,3186384,40561585,false,false,12,2024-04-01,2025-03-31,0
2025-05-14,5911,2024-03-31,,6768000000,0.067,,,,,3668000000,0.088,3762000000,0.034,4922000000,,0.133,120.89,,,,,,78989000000,48970000000,0.620,1203.21,48970000000,,,,,95.00,,,,43164802,2464981,40715951,false,false,12,2023-04-01,2024-03-31,-1
2025-05-14,5911,2026-03-31,,,,,,,,,,,,,,,,,,,,,,,,,,,,,,120.00,,,,,,,false,true,12,2025-04-01,2026-03-31,1
2025-07-28,5911,2026-03-31,1,33451000000,-0.069,,,,,1117000000,-0.194,1074000000,-0.220,,732000000,,18.30,,,,,,210302000000,128875000000,0.613,3220.29,128875000000,,,,,,,,,,,,true,false,3,2025-04-01,2025-06-30,0
2025-07-28,5911,2025-03-31,1,35948000000,-0.102,,,,,1386000000,-0.611,1376000000,-0.633,,1282000000,,31.50,,,,,,,,,,,,,,,,,,,,,,true,false,3,2024-04-01,2024-06-30,-1
2025-07-28,5911,2026-03-31,1,74500000000,0.021,,,,,4500000000,0.126,4400000000,0.225,,3000000000,,75.01,,,,,,,,,,,,,,,,,,,,,,true,true,6,2025-04-01,2025-09-30,0
2025-07-28,5911,2026-03-31,1,162000000000,0.017,,,,,12000000000,-0.280,11800000000,-0.276,,8100000000,,203.80,,,,,,,,,,,,,,,,,,,,,,true,true,12,2025-04-01,2026-03-31,0
2025-07-28,5911,2025-03-31,1,,,,,,,,,,,,,,,,,,,,216179000000,129091000000,0.597,3229.02,129091000000,,,,,,,,,,,,true,false,12,2024-04-01,2025-03-31,-1
2025-07-28,5911,2025-03-31,1,,,,,,,,,,,,,,,,,,,,,,,,,,,,,110.00,,,,43164802,3186384,,false,false,12,2024-04-01,2025-03-31,-1
2025-07-28,5911,2026-03-31,1,,,,,,,,,,,,,,,,,,,,,,,,,,,,,120.00,,,,,,,false,true,12,2025-04-01,2026-03-31,0
2025-07-28,5911,2026-03-31,1,,,,,,,,,,,,,,,,,,,,,,,,,,,,,,,,,43164802,3145009,39997282,false,false,3,2025-04-01,2025-06-30,0
2025-07-28,5911,2025-03-31,1,,,,,,,,,,,,,,,,,,,,,,,,,,,,,,,,,,,40700551,false,false,3,2024-04-01,2024-06-30,-1
