filing_date,code,fiscal_year_end,quarterly_period,net_sales,net_sales_change,revenue,revenue_change,operating_revenue,operating_revenue_change,operating_profit,operating_profit_change,ordinary_profit,ordinary_profit_change,net_income,net_income_of_parent,net_income_change,eps,diluted_eps,roe,roa,operating_profit_to_net_sales,operating_profit_to_revenue,total_assets,net_assets,equity_ratio,bps,owner_equity,operating_cash_flow,investing_cash_flow,financing_cash_flow,cash,dividend_per_share,payout_ratio,commemorative_dividend,extra_dividend,number_of_shares,number_of_treqsury_shares,avg_number_of_shares,is_consolidated,is_forecast,duration,period_start,period_end,period_pos
2015-05-13,59280,2015-03-31,,9841000000,-0.141,,,,,235000000,-0.591,313000000,-0.497,198000000,,-0.473,19.29,,0.024,0.030,0.024,,10659000000,8506000000,0.798,825.41,8506000000,679000000,-301000000,-163000000,1747000000,10.00,0.518,,,11912515,1606706,10305782,false,false,12,2014-04-01,2015-03-31,0
2015-05-13,59280,2014-03-31,,11455000000,0.121,,,,,577000000,0.145,622000000,0.153,377000000,,0.245,36.60,,0.047,0.062,0.050,,10303000000,8137000000,0.790,789.62,8137000000,218000000,-216000000,-125000000,1533000000,14.00,0.383,,,11912515,1606746,10312203,false,false,12,2013-04-01,2014-03-31,-1
2015-05-13,59280,2016-03-31,,5200000000,0.078,,,,,130000000,0.618,170000000,0.183,110000000,,0.194,10.67,,,,,,,,,,,,,,,,,,,,,,false,true,6,2015-04-01,2015-09-30,1
2015-05-13,59280,2016-03-31,,10600000000,0.077,,,,,320000000,0.356,380000000,0.213,240000000,,0.208,23.29,,,,,,,,,,,,,,,10.00,0.429,,,,,,false,true,12,2015-04-01,2016-03-31,1
2015-07-30,59280,2016-03-31,1,2928000000,0.175,,,,,137000000,1.776,159000000,1.301,106000000,,1.356,10.37,,,,,,11113000000,8626000000,0.776,837.06,8626000000,,,,,,,,,11912515,1606706,10305809,false,false,3,2015-04-01,2015-06-30,0
2015-07-30,59280,2015-03-31,1,2492000000,-0.045,,,,,49000000,-0.520,69000000,-0.417,45000000,,-0.507,4.40,,,,,,,,,,,,,,,,,,,,,10305769,false,false,3,2014-04-01,2014-06-30,-1
2015-07-30,59280,2016-03-31,1,5200000000,0.078,,,,,130000000,0.618,170000000,0.183,110000000,,0.194,10.67,,,,,,,,,,,,,,,,,,,,,,false,true,6,2015-04-01,2015-09-30,0
2015-07-30,59280,2016-03-31,1,10600000000,0.077,,,,,320000000,0.356,380000000,0.213,240000000,,0.208,23.29,,,,,,,,,,,,,,,10.00,,,,,,,false,true,12,2015-04-01,2016-03-31,0
2015-07-30,59280,2015-03-31,1,,,,,,,,,,,,,,,,,,,,10659000000,8506000000,0.798,825.41,8506000000,,,,,10.00,,,,11912515,1606706,,false,false,12,2014-04-01,2015-03-31,-1
2015-10-26,59280,2016-03-31,,5678000000,0.092,,,,,197000000,0.515,238000000,0.400,152000000,,0.382,14.75,,,,,,,,,,,,,,,,,,,,,,false,true,6,2015-04-01,2015-09-30,0
2015-10-26,59280,2015-03-31,,4821000000,,,,,,80000000,,143000000,,92000000,,,8.94,,,,,,,,,,,,,,,,,,,,,,false,false,6,2014-04-01,2014-09-30,-1
2015-10-26,59280,2016-03-31,,11400000000,0.075,,,,,450000000,0.406,500000000,0.316,320000000,,0.333,31.05,,,,,,,,,,,,,,,,,,,,,,false,true,12,2015-04-01,2016-03-31,0
2015-10-26,59280,2015-03-31,,9841000000,,,,,,235000000,,313000000,,198000000,,,19.29,,,,,,,,,,,,,,,,,,,,,,false,false,12,2014-04-01,2015-03-31,-1
2015-11-05,59280,2016-03-31,2,5678000000,0.178,,,,,197000000,1.455,238000000,0.659,152000000,,0.652,14.77,,,,,,10902000000,8568000000,0.786,831.43,8568000000,,,,,,,,,11912515,1606625,10305849,false,false,6,2015-04-01,2015-09-30,0
2015-11-05,59280,2015-03-31,2,4821000000,-0.103,,,,,80000000,-0.640,143000000,-0.438,92000000,,-0.437,8.94,,,,,,,,,,,,,,,,,,,,,10305769,false,false,6,2014-04-01,2014-09-30,-1
2015-11-05,59280,2016-03-31,2,11400000000,0.158,,,,,450000000,0.907,500000000,0.597,320000000,,0.610,31.05,,,,,,,,,,,,,,,10.00,,,,,,,false,true,12,2015-04-01,2016-03-31,0
2015-11-05,59280,2015-03-31,2,,,,,,,,,,,,,,,,,,,,10659000000,8506000000,0.798,825.41,8506000000,,,,,10.00,,,,11912515,1606706,,false,false,12,2014-04-01,2015-03-31,-1
2015-11-05,59280,2016-03-31,2,,,,,,,,,,,,,,,,,,,,,,,,,,,,,5.00,,,,,,,false,false,12,2015-04-01,2016-03-31,0
2016-01-29,59280,2016-03-31,3,8826000000,0.187,,,,,341000000,0.930,398000000,0.594,255000000,,0.603,24.76,,,,,,11395000000,8786000000,0.771,852.57,8786000000,,,,,,,,,11912515,1606741,10305845,false,false,9,2015-04-01,2015-12-31,0
2016-01-29,59280,2015-03-31,3,7437000000,-0.137,,,,,176000000,-0.615,250000000,-0.500,159000000,,-0.486,15.44,,,,,,,,,,,,,,,,,,,,,10305773,false,false,9,2014-04-01,2014-12-31,-1
2016-01-29,59280,2016-03-31,3,11400000000,0.158,,,,,450000000,0.907,500000000,0.597,320000000,,0.610,31.05,,,,,,,,,,,,,,,10.00,,,,,,,false,true,12,2015-04-01,2016-03-31,0
2016-01-29,59280,2015-03-31,3,,,,,,,,,,,,,,,,,,,,10659000000,8506000000,0.798,825.41,8506000000,,,,,10.00,,,,11912515,1606706,,false,false,12,2014-04-01,2015-03-31,-1
2016-01-29,59280,2016-03-31,3,,,,,,,,,,,,,,,,,,,,,,,,,,,,,5.00,,,,,,,false,false,12,2015-04-01,2016-03-31,0
2016-05-11,59280,2016-03-31,,11561000000,0.175,,,,,392000000,0.664,463000000,0.479,305000000,,0.536,29.61,,0.035,0.043,0.034,,11060000000,8731000000,0.789,847.25,8731000000,228000000,-616000000,-91000000,1268000000,11.00,0.371,,,11912515,1606753,10305826,false,false,12,2015-04-01,2016-03-31,0
2016-05-11,59280,2015-03-31,,9841000000,-0.141,,,,,235000000,-0.591,313000000,-0.497,198000000,,-0.473,19.29,,0.024,0.030,0.024,,10659000000,8506000000,0.798,825.41,8506000000,679000000,-301000000,-163000000,1747000000,10.00,0.518,,,11912515,1606706,10305782,false,false,12,2014-04-01,2015-03-31,-1
2016-05-11,59280,2017-03-31,,5700000000,0.004,,,,,200000000,0.014,240000000,0.007,160000000,,0.051,15.53,,,,,,,,,,,,,,,,,,,,,,false,true,6,2016-04-01,2016-09-30,1
2016-05-11,59280,2017-03-31,,11700000000,0.012,,,,,420000000,0.070,480000000,0.036,340000000,,0.114,32.99,,,,,,,,,,,,,,,12.00,0.364,,,,,,false,true,12,2016-04-01,2017-03-31,1
2016-07-29,59280,2017-03-31,1,2835000000,-0.032,,,,,106000000,-0.223,131000000,-0.176,90000000,,-0.153,8.79,,,,,,11119000000,8687000000,0.781,842.96,8687000000,,,,,,,,,11912515,1606912,10305650,false,false,3,2016-04-01,2016-06-30,0
2016-07-29,59280,2016-03-31,1,2928000000,0.175,,,,,137000000,1.776,159000000,1.301,106000000,,1.356,10.37,,,,,,,,,,,,,,,,,,,,,10305809,false,false,3,2015-04-01,2015-06-30,-1
2016-07-29,59280,2017-03-31,1,5700000000,0.004,,,,,200000000,0.014,240000000,0.007,160000000,,0.051,15.53,,,,,,,,,,,,,,,,,,,,,,false,true,6,2016-04-01,2016-09-30,0
2016-07-29,59280,2017-03-31,1,11700000000,0.012,,,,,420000000,0.070,480000000,0.036,340000000,,0.114,32.99,,,,,,,,,,,,,,,12.00,,,,,,,false,true,12,2016-04-01,2017-03-31,0
2016-07-29,59280,2016-03-31,1,,,,,,,,,,,,,,,,,,,,11060000000,8731000000,0.789,847.25,8731000000,,,,,11.00,,,,11912515,1606753,,false,false,12,2015-04-01,2016-03-31,-1
2016-11-09,59280,2017-03-31,2,5820000000,0.025,,,,,203000000,0.034,257000000,0.082,175000000,,0.152,17.01,,,,,,11302000000,8832000000,0.781,857.08,8832000000,,,,,,,,,11912515,1606912,10305626,false,false,6,2016-04-01,2016-09-30,0
2016-11-09,59280,2016-03-31,2,5678000000,0.178,,,,,197000000,1.455,238000000,0.659,152000000,,0.652,14.77,,,,,,,,,,,,,,,,,,,,,10305849,false,false,6,2015-04-01,2015-09-30,-1
2016-11-09,59280,2017-03-31,2,11700000000,0.012,,,,,420000000,0.070,480000000,0.036,340000000,,0.114,32.99,,,,,,,,,,,,,,,12.00,,,,,,,false,true,12,2016-04-01,2017-03-31,0
2016-11-09,59280,2016-03-31,2,,,,,,,,,,,,,,,,,,,,11060000000,8731000000,0.789,847.25,8731000000,,,,,11.00,,,,11912515,1606753,,false,false,12,2015-04-01,2016-03-31,-1
2016-11-09,59280,2017-03-31,2,,,,,,,,,,,,,,,,,,,,,,,,,,,,,6.00,,,,,,,false,false,12,2016-04-01,2017-03-31,0
2017-01-31,59280,2017-03-31,3,9178000000,0.040,,,,,407000000,0.194,473000000,0.188,319000000,,0.253,31.02,,,,,,11898000000,9103000000,0.765,883.32,9103000000,,,,,,,,,11912515,1606967,10305612,false,false,9,2016-04-01,2016-12-31,0
2017-01-31,59280,2016-03-31,3,8826000000,0.187,,,,,341000000,0.930,398000000,0.594,255000000,,0.603,24.76,,,,,,,,,,,,,,,,,,,,,10305845,false,false,9,2015-04-01,2015-12-31,-1
2017-01-31,59280,2017-03-31,3,11700000000,0.012,,,,,420000000,0.070,480000000,0.036,340000000,,0.114,32.99,,,,,,,,,,,,,,,12.00,,,,,,,false,true,12,2016-04-01,2017-03-31,0
2017-01-31,59280,2016-03-31,3,,,,,,,,,,,,,,,,,,,,11060000000,8731000000,0.789,847.25,8731000000,,,,,11.00,,,,11912515,1606753,,false,false,12,2015-04-01,2016-03-31,-1
2017-01-31,59280,2017-03-31,3,,,,,,,,,,,,,,,,,,,,,,,,,,,,,6.00,,,,,,,false,false,12,2016-04-01,2017-03-31,0
2017-05-11,59280,2017-03-31,,12064000000,0.043,,,,,445000000,0.135,523000000,0.131,352000000,,0.154,34.18,,0.039,0.046,0.037,,11704000000,9108000000,0.778,883.89,9108000000,660000000,-284000000,-127000000,1516000000,12.00,0.351,,,11912515,1607103,10305580,false,false,12,2016-04-01,2017-03-31,0
2017-05-11,59280,2016-03-31,,11561000000,0.175,,,,,392000000,0.664,463000000,0.479,305000000,,0.536,29.61,,0.035,0.043,0.034,,11060000000,8731000000,0.789,847.25,8731000000,228000000,-616000000,-91000000,1268000000,11.00,0.371,,,11912515,1606753,10305826,false,false,12,2015-04-01,2016-03-31,-1
2017-05-11,59280,2018-03-31,,5800000000,-0.003,,,,,190000000,-0.068,260000000,0.009,170000000,,-0.030,16.50,,,,,,,,,,,,,,,,,,,,,,false,true,6,2017-04-01,2017-09-30,1
2017-05-11,59280,2018-03-31,,11700000000,-0.030,,,,,380000000,-0.147,470000000,-0.103,320000000,,-0.092,31.05,,,,,,,,,,,,,,,12.00,0.386,,,,,,false,true,12,2017-04-01,2018-03-31,1
2017-07-31,59280,2018-03-31,1,2987000000,0.053,,,,,107000000,0.012,146000000,0.119,101000000,,0.116,9.81,,,,,,11849000000,9225000000,0.779,895.18,9225000000,,,,,,,,,11912515,1607103,10305412,false,false,3,2017-04-01,2017-06-30,0
2017-07-31,59280,2017-03-31,1,2835000000,-0.032,,,,,106000000,-0.223,131000000,-0.176,90000000,,-0.153,8.79,,,,,,,,,,,,,,,,,,,,,10305650,false,false,3,2016-04-01,2016-06-30,-1
2017-07-31,59280,2018-03-31,1,5800000000,-0.003,,,,,190000000,-0.068,260000000,0.009,170000000,,-0.030,16.50,,,,,,,,,,,,,,,,,,,,,,false,true,6,2017-04-01,2017-09-30,0
2017-07-31,59280,2018-03-31,1,11700000000,-0.030,,,,,380000000,-0.147,470000000,-0.103,320000000,,-0.092,31.05,,,,,,,,,,,,,,,12.00,,,,,,,false,true,12,2017-04-01,2018-03-31,0
2017-07-31,59280,2017-03-31,1,,,,,,,,,,,,,,,,,,,,11704000000,9108000000,0.778,883.89,9108000000,,,,,12.00,,,,11912515,1607103,,false,false,12,2016-04-01,2017-03-31,-1
2017-11-08,59280,2018-03-31,2,5911000000,0.016,,,,,204000000,0.002,273000000,0.063,184000000,,0.055,17.94,,,,,,12214000000,9341000000,0.765,906.44,9341000000,,,,,,,,,11912515,1607122,10305405,false,false,6,2017-04-01,2017-09-30,0
2017-11-08,59280,2017-03-31,2,5820000000,0.025,,,,,203000000,0.034,257000000,0.082,175000000,,0.152,17.01,,,,,,,,,,,,,,,,,,,,,10305626,false,false,6,2016-04-01,2016-09-30,-1
2017-11-08,59280,2018-03-31,2,11700000000,-0.030,,,,,380000000,-0.147,470000000,-0.103,320000000,,-0.092,31.05,,,,,,,,,,,,,,,12.00,,,,,,,false,true,12,2017-04-01,2018-03-31,0
2017-11-08,59280,2017-03-31,2,,,,,,,,,,,,,,,,,,,,11704000000,9108000000,0.778,883.89,9108000000,,,,,12.00,,,,11912515,1607103,,false,false,12,2016-04-01,2017-03-31,-1
2017-11-08,59280,2018-03-31,2,,,,,,,,,,,,,,,,,,,,,,,,,,,,,6.00,,,,,,,false,false,12,2017-04-01,2018-03-31,0
2018-01-31,59280,2018-03-31,3,9167000000,-0.001,,,,,336000000,-0.174,419000000,-0.114,281000000,,-0.118,27.36,,,,,,12362000000,9450000000,0.764,917.04,9450000000,,,,,,,,,11912515,1607192,10305392,false,false,9,2017-04-01,2017-12-31,0
2018-01-31,59280,2017-03-31,3,9178000000,0.040,,,,,407000000,0.194,473000000,0.188,319000000,,0.253,31.02,,,,,,,,,,,,,,,,,,,,,10305612,false,false,9,2016-04-01,2016-12-31,-1
2018-01-31,59280,2018-03-31,3,11700000000,-0.030,,,,,380000000,-0.147,470000000,-0.103,320000000,,-0.092,31.05,,,,,,,,,,,,,,,12.00,,,,,,,false,true,12,2017-04-01,2018-03-31,0
2018-01-31,59280,2017-03-31,3,,,,,,,,,,,,,,,,,,,,11704000000,9108000000,0.778,883.89,9108000000,,,,,12.00,,,,11912515,1607103,,false,false,12,2016-04-01,2017-03-31,-1
2018-01-31,59280,2018-03-31,3,,,,,,,,,,,,,,,,,,,,,,,,,,,,,6.00,,,,,,,false,false,12,2017-04-01,2018-03-31,0
2018-03-26,59280,2018-03-31,,11700000000,0.000,,,,,280000000,-0.263,380000000,-0.191,185000000,,-0.422,17.95,,,,,,,,,,,,,,,,,,,,,,false,true,12,2017-04-01,2018-03-31,0
2018-03-26,59280,2017-03-31,,12064000000,,,,,,445000000,,523000000,,352000000,,,34.18,,,,,,,,,,,,,,,,,,,,,,false,false,12,2016-04-01,2017-03-31,-1
2018-05-10,59280,2018-03-31,,11779000000,-0.024,,,,,285000000,-0.359,381000000,-0.272,180000000,,-0.488,17.49,,0.020,0.032,0.024,,11813000000,9265000000,0.784,899.14,9265000000,461000000,-556000000,-125000000,1296000000,12.00,0.686,,,11912515,1607192,10305375,false,false,12,2017-04-01,2018-03-31,0
2018-05-10,59280,2017-03-31,,12064000000,0.043,,,,,445000000,0.135,523000000,0.131,352000000,,0.154,34.18,,0.039,0.046,0.037,,11704000000,9108000000,0.778,883.89,9108000000,660000000,-284000000,-127000000,1516000000,12.00,0.351,,,11912515,1607103,10305580,false,false,12,2016-04-01,2017-03-31,-1
2018-05-10,59280,2019-03-31,,5700000000,-0.036,,,,,85000000,-0.584,150000000,-0.453,90000000,,-0.513,8.73,,,,,,,,,,,,,,,,,,,,,,false,true,6,2018-04-01,2018-09-30,1
2018-05-10,59280,2019-03-31,,11500000000,-0.024,,,,,215000000,-0.247,305000000,-0.201,200000000,,0.110,19.41,,,,,,,,,,,,,,,12.00,0.618,,,,,,false,true,12,2018-04-01,2019-03-31,1
2018-07-30,59280,2019-03-31,1,2676000000,-0.104,,,,,-17000000,,16000000,-0.887,8000000,,-0.921,0.78,,,,,,11696000000,9201000000,0.787,892.87,9201000000,,,,,,,,,11912515,1607207,10305308,false,false,3,2018-04-01,2018-06-30,0
2018-07-30,59280,2018-03-31,1,2987000000,0.053,,,,,107000000,0.012,146000000,0.119,101000000,,0.116,9.81,,,,,,,,,,,,,,,,,,,,,10305412,false,false,3,2017-04-01,2017-06-30,-1
2018-07-30,59280,2019-03-31,1,5700000000,-0.036,,,,,85000000,-0.584,150000000,-0.453,90000000,,-0.513,8.73,,,,,,,,,,,,,,,,,,,,,,false,true,6,2018-04-01,2018-09-30,0
2018-07-30,59280,2019-03-31,1,11500000000,-0.024,,,,,215000000,-0.247,305000000,-0.201,200000000,,0.110,19.41,,,,,,,,,,,,,,,12.00,,,,,,,false,true,12,2018-04-01,2019-03-31,0
2018-07-30,59280,2018-03-31,1,,,,,,,,,,,,,,,,,,,,11721000000,9265000000,0.791,899.14,9265000000,,,,,12.00,,,,11912515,1607192,,false,false,12,2017-04-01,2018-03-31,-1
2018-10-22,59280,2019-03-31,,5367000000,-0.058,,,,,-48000000,,21000000,-0.860,8000000,,-0.911,0.78,,,,,,,,,,,,,,,,,,,,,,false,true,6,2018-04-01,2018-09-30,0
2018-10-22,59280,2018-03-31,,5911000000,,,,,,204000000,,273000000,,184000000,,,17.94,,,,,,,,,,,,,,,,,,,,,,false,false,6,2017-04-01,2017-09-30,-1
2018-11-08,59280,2019-03-31,2,5367000000,-0.092,,,,,-48000000,,21000000,-0.921,8000000,,-0.957,0.78,,,,,,11601000000,9179000000,0.791,890.79,9179000000,,,,,,,,,11912515,1607207,10305308,false,false,6,2018-04-01,2018-09-30,0
2018-11-08,59280,2018-03-31,2,5911000000,0.016,,,,,204000000,0.002,273000000,0.063,184000000,,0.055,17.94,,,,,,,,,,,,,,,,,,,,,10305405,false,false,6,2017-04-01,2017-09-30,-1
2018-11-08,59280,2018-03-31,2,,,,,,,,,,,,,,,,,,,,11721000000,9265000000,0.791,899.14,9265000000,,,,,12.00,,,,11912515,1607192,,false,false,12,2017-04-01,2018-03-31,-1
2018-11-08,59280,2019-03-31,2,,,,,,,,,,,,,,,,,,,,,,,,,,,,,6.00,,,,,,,false,false,12,2018-04-01,2019-03-31,0
2018-11-08,59280,2019-03-31,2,,,,,,,,,,,,,,,,,,,,,,,,,,,,,12.00,,,,,,,false,true,12,2018-04-01,2019-03-31,0
2018-11-08,59280,2019-03-31,,11500000000,,,,,,215000000,,305000000,,200000000,,,19.41,,,,,,,,,,,,,,,,,,,,,,false,true,12,2018-04-01,2019-03-31,0
2018-11-08,59280,2018-03-31,,11779000000,,,,,,285000000,,381000000,,180000000,,,17.49,,,,,,,,,,,,,,,,,,,,,,false,false,12,2017-04-01,2018-03-31,-1
2019-01-31,59280,2019-03-31,3,8483000000,-0.075,,,,,52000000,-0.844,137000000,-0.673,83000000,,-0.702,8.15,,,,,,11453000000,8978000000,0.784,871.28,8978000000,,,,,,,,,11912515,1607207,10305308,false,false,9,2018-04-01,2018-12-31,0
2019-01-31,59280,2018-03-31,3,9167000000,-0.001,,,,,336000000,-0.174,419000000,-0.114,281000000,,-0.118,27.36,,,,,,,,,,,,,,,,,,,,,10305392,false,false,9,2017-04-01,2017-12-31,-1
2019-01-31,59280,2018-03-31,3,,,,,,,,,,,,,,,,,,,,11721000000,9265000000,0.791,899.14,9265000000,,,,,12.00,,,,11912515,1607192,,false,false,12,2017-04-01,2018-03-31,-1
2019-01-31,59280,2019-03-31,3,,,,,,,,,,,,,,,,,,,,,,,,,,,,,6.00,,,,,,,false,false,12,2018-04-01,2019-03-31,0
2019-01-31,59280,2019-03-31,3,,,,,,,,,,,,,,,,,,,,,,,,,,,,,12.00,,,,,,,false,true,12,2018-04-01,2019-03-31,0
2019-03-25,59280,2019-03-31,,11000000000,,,,,,-135000000,,-35000000,,-80000000,,,-7.76,,,,,,,,,,,,,,,,,,,,,,false,true,12,2018-04-01,2019-03-31,0
2019-03-25,59280,2018-03-31,,11779000000,,,,,,285000000,,381000000,,180000000,,,17.49,,,,,,,,,,,,,,,,,,,,,,false,false,12,2017-04-01,2018-03-31,-1
2019-05-13,59280,2019-03-31,,11065000000,-0.061,,,,,-139000000,,-38000000,,-78000000,,,-7.60,,-0.009,-0.003,-0.013,,11455000000,9002000000,0.786,873.58,9002000000,281000000,-319000000,-123000000,1135000000,12.00,,,,11912515,1607256,10305296,false,false,12,2018-04-01,2019-03-31,0
2019-05-13,59280,2018-03-31,,11779000000,-0.024,,,,,285000000,-0.359,381000000,-0.272,180000000,,-0.488,17.49,,0.020,0.033,0.024,,11721000000,9265000000,0.791,899.14,9265000000,461000000,-556000000,-125000000,1296000000,12.00,0.686,,,11912515,1607192,10305375,false,false,12,2017-04-01,2018-03-31,-1
2019-05-13,59280,2020-03-31,,5400000000,0.006,,,,,10000000,,80000000,2.715,70000000,,7.740,6.79,,,,,,,,,,,,,,,,,,,,,,false,true,6,2019-04-01,2019-09-30,1
2019-05-13,59280,2020-03-31,,11000000000,-0.006,,,,,75000000,,175000000,,125000000,,,12.13,,,,,,,,,,,,,,,12.00,0.989,,,,,,false,true,12,2019-04-01,2020-03-31,1
2019-07-31,59280,2020-03-31,1,2637000000,-0.015,,,,,12000000,,47000000,1.847,48000000,,5.072,4.73,,,,,,11441000000,8904000000,0.778,864.05,8904000000,,,,,,,,,11912515,1607336,10305232,false,false,3,2019-04-01,2019-06-30,0
2019-07-31,59280,2019-03-31,1,2676000000,-0.104,,,,,-17000000,,16000000,-0.887,8000000,,-0.921,0.78,,,,,,,,,,,,,,,,,,,,,10305308,false,false,3,2018-04-01,2018-06-30,-1
2019-07-31,59280,2020-03-31,1,5400000000,0.006,,,,,10000000,,80000000,2.715,70000000,,7.740,6.79,,,,,,,,,,,,,,,,,,,,,,false,true,6,2019-04-01,2019-09-30,0
2019-07-31,59280,2020-03-31,1,11000000000,-0.006,,,,,75000000,,175000000,,125000000,,,12.13,,,,,,,,,,,,,,,12.00,,,,,,,false,true,12,2019-04-01,2020-03-31,0
2019-07-31,59280,2019-03-31,1,,,,,,,,,,,,,,,,,,,,11455000000,9002000000,0.786,873.58,9002000000,,,,,12.00,,,,11912515,1607256,,false,false,12,2018-04-01,2019-03-31,-1
2019-11-08,59280,2020-03-31,2,5375000000,0.001,,,,,10000000,,83000000,2.865,79000000,,8.892,7.69,,,,,,11682000000,9156000000,0.784,888.58,9156000000,,,,,,,,,11912515,1607385,10305189,false,false,6,2019-04-01,2019-09-30,0
2019-11-08,59280,2019-03-31,2,5367000000,-0.092,,,,,-48000000,,21000000,-0.921,8000000,,-0.957,0.78,,,,,,,,,,,,,,,,,,,,,10305308,false,false,6,2018-04-01,2018-09-30,-1
2019-11-08,59280,2020-03-31,2,11000000000,-0.006,,,,,75000000,,175000000,,125000000,,,12.13,,,,,,,,,,,,,,,12.00,,,,,,,false,true,12,2019-04-01,2020-03-31,0
2019-11-08,59280,2019-03-31,2,,,,,,,,,,,,,,,,,,,,11455000000,9002000000,0.786,873.58,9002000000,,,,,12.00,,,,11912515,1607256,,false,false,12,2018-04-01,2019-03-31,-1
2019-11-08,59280,2020-03-31,2,,,,,,,,,,,,,,,,,,,,,,,,,,,,,6.00,,,,,,,false,false,12,2019-04-01,2020-03-31,0
2020-01-31,59280,2020-03-31,3,8093000000,-0.046,,,,,19000000,-0.622,105000000,-0.232,89000000,,0.064,8.67,,,,,,11968000000,9224000000,0.771,895.15,9224000000,,,,,,,,,11912515,1607385,10305170,false,false,9,2019-04-01,2019-12-31,0
2020-01-31,59280,2019-03-31,3,8483000000,-0.075,,,,,52000000,-0.844,137000000,-0.673,83000000,,-0.702,8.15,,,,,,,,,,,,,,,,,,,,,10305308,false,false,9,2018-04-01,2018-12-31,-1
2020-01-31,59280,2019-03-31,3,,,,,,,,,,,,,,,,,,,,11455000000,9002000000,0.786,873.58,9002000000,,,,,12.00,,,,11912515,1607256,,false,false,12,2018-04-01,2019-03-31,-1
2020-01-31,59280,2020-03-31,3,,,,,,,,,,,,,,,,,,,,,,,,,,,,,6.00,,,,,,,false,false,12,2019-04-01,2020-03-31,0
2020-01-31,59280,2020-03-31,3,,,,,,,,,,,,,,,,,,,,,,,,,,,,,12.00,,,,,,,false,true,12,2019-04-01,2020-03-31,0
2020-05-13,59280,2020-03-31,,10422000000,,,,,,-24000000,,76000000,,60000000,,,5.88,,,,,,,,,,,,,,,,,,,,,,false,true,12,2019-04-01,2020-03-31,0
2020-05-13,59280,2019-03-31,,11065000000,,,,,,-139000000,,-38000000,,-78000000,,,-7.60,,,,,,,,,,,,,,,,,,,,,,false,false,12,2018-04-01,2019-03-31,-1
2020-05-21,59280,2020-03-31,,10422000000,-0.058,,,,,-24000000,,76000000,,60000000,,,5.88,,0.007,0.007,-0.002,,11052000000,8754000000,0.792,849.53,8754000000,449000000,-52000000,-123000000,1409000000,12.00,2.041,,,11912515,1607465,10305153,false,false,12,2019-04-01,2020-03-31,0
2020-05-21,59280,2019-03-31,,11065000000,-0.061,,,,,-139000000,,-38000000,,-78000000,,,-7.60,,-0.009,-0.003,-0.013,,11455000000,9002000000,0.786,873.58,9002000000,281000000,-319000000,-123000000,1135000000,12.00,,,,11912515,1607256,10305296,false,false,12,2018-04-01,2019-03-31,-1
2020-05-21,59280,2021-03-31,,,,,,,,,,,,,,,,,,,,,,,,,,,,,,10.00,,,,,,,false,true,12,2020-04-01,2021-03-31,1
2020-07-31,59280,2021-03-31,1,2192000000,-0.168,,,,,-92000000,,-33000000,,-20000000,,,-1.95,,,,,,11020000000,8798000000,0.798,853.86,8798000000,,,,,,,,,11912515,1607545,10304997,false,false,3,2020-04-01,2020-06-30,0
2020-07-31,59280,2020-03-31,1,2637000000,-0.015,,,,,12000000,,47000000,1.847,48000000,,5.072,4.73,,,,,,,,,,,,,,,,,,,,,10305232,false,false,3,2019-04-01,2019-06-30,-1
2020-07-31,59280,2020-03-31,1,,,,,,,,,,,,,,,,,,,,11052000000,8754000000,0.792,849.53,8754000000,,,,,12.00,,,,11912515,1607465,,false,false,12,2019-04-01,2020-03-31,-1
2020-07-31,59280,2021-03-31,1,,,,,,,,,,,,,,,,,,,,,,,,,,,,,10.00,,,,,,,false,true,12,2020-04-01,2021-03-31,0
2020-10-28,59280,2021-03-31,,4490000000,,,,,,-136000000,,-24000000,,-908000000,,,-88.15,,,,,,,,,,,,,,,,,,,,,,false,true,6,2020-04-01,2020-09-30,0
2020-10-28,59280,2020-03-31,,5375000000,,,,,,10000000,,83000000,,79000000,,,7.69,,,,,,,,,,,,,,,,,,,,,,false,false,6,2019-04-01,2019-09-30,-1
2020-10-28,59280,2021-03-31,,8750000000,,,,,,-240000000,,-85000000,,-930000000,,,-90.25,,,,,,,,,,,,,,,6.00,,,,,,,false,true,12,2020-04-01,2021-03-31,0
2020-10-28,59280,2020-03-31,,10422000000,,,,,,-24000000,,76000000,,60000000,,,5.88,,,,,,,,,,,,,,,12.00,,,,,,,false,false,12,2019-04-01,2020-03-31,-1
2020-11-10,59280,2021-03-31,2,4490000000,-0.165,,,,,-136000000,,-24000000,,-908000000,,,-88.15,,,,,,10064000000,7903000000,0.785,766.94,7903000000,,,,,,,,,11912515,1607545,10304983,false,false,6,2020-04-01,2020-09-30,0
2020-11-10,59280,2020-03-31,2,5375000000,0.001,,,,,10000000,,83000000,2.865,79000000,,8.892,7.69,,,,,,,,,,,,,,,,,,,,,10305189,false,false,6,2019-04-01,2019-09-30,-1
2020-11-10,59280,2021-03-31,2,8750000000,-0.160,,,,,-240000000,,-85000000,,-930000000,,,-90.25,,,,,,,,,,,,,,,6.00,,,,,,,false,true,12,2020-04-01,2021-03-31,0
2020-11-10,59280,2020-03-31,2,,,,,,,,,,,,,,,,,,,,11052000000,8754000000,0.792,849.53,8754000000,,,,,12.00,,,,11912515,1607465,,false,false,12,2019-04-01,2020-03-31,-1
2020-11-10,59280,2021-03-31,2,,,,,,,,,,,,,,,,,,,,,,,,,,,,,5.00,,,,,,,false,false,12,2020-04-01,2021-03-31,0
2021-01-29,59280,2021-03-31,3,6934000000,-0.143,,,,,-50000000,,77000000,-0.267,-813000000,,,-78.94,,,,,,10438000000,8078000000,0.774,783.91,8078000000,,,,,,,,,11912515,1607575,10304972,false,false,9,2020-04-01,2020-12-31,0
2021-01-29,59280,2020-03-31,3,8093000000,-0.046,,,,,19000000,-0.622,105000000,-0.232,89000000,,0.064,8.67,,,,,,,,,,,,,,,,,,,,,10305170,false,false,9,2019-04-01,2019-12-31,-1
2021-01-29,59280,2021-03-31,3,8750000000,-0.160,,,,,-240000000,,-85000000,,-930000000,,,-90.25,,,,,,,,,,,,,,,6.00,,,,,,,false,true,12,2020-04-01,2021-03-31,0
2021-01-29,59280,2020-03-31,3,,,,,,,,,,,,,,,,,,,,11052000000,8754000000,0.792,849.53,8754000000,,,,,12.00,,,,11912515,1607465,,false,false,12,2019-04-01,2020-03-31,-1
2021-01-29,59280,2021-03-31,3,,,,,,,,,,,,,,,,,,,,,,,,,,,,,5.00,,,,,,,false,false,12,2020-04-01,2021-03-31,0
2021-02-24,59280,2021-03-31,,9000000000,0.029,,,,,-90000000,,60000000,,-735000000,,,-71.33,,,,,,,,,,,,,,,,,,,,,,false,true,12,2020-04-01,2021-03-31,0
2021-02-24,59280,2020-03-31,,10422000000,,,,,,-24000000,,76000000,,60000000,,,5.88,,,,,,,,,,,,,,,,,,,,,,false,false,12,2019-04-01,2020-03-31,-1
2021-05-12,59280,2021-03-31,,9028000000,-0.134,,,,,-72000000,,75000000,-0.009,-729000000,,,-70.75,,-0.085,0.007,-0.008,,10640000000,8383000000,0.788,813.51,8383000000,337000000,-286000000,-113000000,1346000000,6.00,,,,11912515,1607575,10304940,false,false,12,2020-04-01,2021-03-31,0
2021-05-12,59280,2020-03-31,,10422000000,-0.058,,,,,-24000000,,76000000,,60000000,,,5.88,,0.007,0.007,-0.002,,11052000000,8754000000,0.792,849.53,8754000000,449000000,-52000000,-123000000,1409000000,12.00,2.041,,,11912515,1607465,10305153,false,false,12,2019-04-01,2020-03-31,-1
2021-05-12,59280,2022-03-31,,4750000000,0.058,,,,,20000000,,95000000,,75000000,,,7.28,,,,,,,,,,,,,,,,,,,,,,false,true,6,2021-04-01,2021-09-30,1
2021-05-12,59280,2022-03-31,,9700000000,0.074,,,,,160000000,,255000000,2.360,230000000,,,22.32,,,,,,,,,,,,,,,8.00,0.343,,,,,,false,true,12,2021-04-01,2022-03-31,1
2021-07-30,59280,2022-03-31,1,2277000000,0.039,,,,,48000000,,87000000,,64000000,,,6.28,,,,,,10721000000,8331000000,0.777,808.52,8331000000,,,,,,,,,11912515,1607575,10304940,false,false,3,2021-04-01,2021-06-30,0
2021-07-30,59280,2021-03-31,1,2192000000,-0.168,,,,,-92000000,,-33000000,,-20000000,,,-1.95,,,,,,,,,,,,,,,,,,,,,10304997,false,false,3,2020-04-01,2020-06-30,-1
2021-07-30,59280,2022-03-31,1,4750000000,0.058,,,,,20000000,,95000000,,75000000,,,7.28,,,,,,,,,,,,,,,,,,,,,,false,true,6,2021-04-01,2021-09-30,0
2021-07-30,59280,2022-03-31,1,9700000000,0.074,,,,,160000000,,255000000,2.360,230000000,,,22.32,,,,,,,,,,,,,,,8.00,,,,,,,false,true,12,2021-04-01,2022-03-31,0
2021-07-30,59280,2021-03-31,1,,,,,,,,,,,,,,,,,,,,10640000000,8383000000,0.788,813.51,8383000000,,,,,6.00,,,,11912515,1607575,,false,false,12,2020-04-01,2021-03-31,-1
2021-10-27,59280,2022-03-31,,4730000000,-0.004,,,,,100000000,4.000,185000000,0.947,180000000,,1.400,17.41,,,,,,,,,,,,,,,,,,,,,,false,true,6,2021-04-01,2021-09-30,0
2021-10-27,59280,2021-03-31,,4490000000,,,,,,-136000000,,-24000000,,-908000000,,,-88.15,,,,,,,,,,,,,,,,,,,,,,false,false,6,2020-04-01,2020-09-30,-1
2021-10-27,59280,2022-03-31,,9700000000,0.000,,,,,200000000,0.250,310000000,0.216,270000000,,0.174,26.11,,,,,,,,,,,,,,,9.00,,,,,,,false,true,12,2021-04-01,2022-03-31,0
2021-10-27,59280,2021-03-31,,9028000000,,,,,,-72000000,,75000000,,-729000000,,,-70.75,,,,,,,,,,,,,,,6.00,,,,,,,false,false,12,2020-04-01,2021-03-31,-1
2021-11-10,59280,2022-03-31,2,4732000000,0.054,,,,,102000000,,186000000,,184000000,,,17.87,,,,,,10933000000,8516000000,0.779,823.60,8516000000,,,,,,,,,11912515,1571520,10322967,false,false,6,2021-04-01,2021-09-30,0
2021-11-10,59280,2021-03-31,2,4490000000,-0.165,,,,,-136000000,,-24000000,,-908000000,,,-88.15,,,,,,,,,,,,,,,,,,,,,10304983,false,false,6,2020-04-01,2020-09-30,-1
2021-11-10,59280,2022-03-31,2,9700000000,0.074,,,,,200000000,,310000000,3.085,270000000,,,26.11,,,,,,,,,,,,,,,9.00,,,,,,,false,true,12,2021-04-01,2022-03-31,0
2021-11-10,59280,2021-03-31,2,,,,,,,,,,,,,,,,,,,,10640000000,8383000000,0.788,813.51,8383000000,,,,,6.00,,,,11912515,1607575,,false,false,12,2020-04-01,2021-03-31,-1
2021-11-10,59280,2022-03-31,2,,,,,,,,,,,,,,,,,,,,,,,,,,,,,4.00,,,,,,,false,false,12,2021-04-01,2022-03-31,0
2022-01-31,59280,2022-03-31,3,7264000000,0.048,,,,,232000000,,332000000,3.305,290000000,,,28.08,,,,,,11338000000,8586000000,0.757,830.31,8586000000,,,,,,,,,11912515,10340946,10328971,false,false,9,2021-04-01,2021-12-31,0
2022-01-31,59280,2021-03-31,3,6934000000,-0.143,,,,,-50000000,,77000000,-0.267,-813000000,,,-78.94,,,,,,,,,,,,,,,,,,,,,10304972,false,false,9,2020-04-01,2020-12-31,-1
2022-01-31,59280,2022-03-31,3,9700000000,0.074,,,,,200000000,,310000000,3.085,270000000,,,26.11,,,,,,,,,,,,,,,9.00,,,,,,,false,true,12,2021-04-01,2022-03-31,0
2022-01-31,59280,2021-03-31,3,,,,,,,,,,,,,,,,,,,,10640000000,8383000000,0.788,813.51,8383000000,,,,,6.00,,,,11912515,1607575,,false,false,12,2020-04-01,2021-03-31,-1
2022-01-31,59280,2022-03-31,3,,,,,,,,,,,,,,,,,,,,,,,,,,,,,4.00,,,,,,,false,false,12,2021-04-01,2022-03-31,0
2022-01-31,59280,2022-03-31,3,7264000000,0.048,,,,,232000000,,332000000,3.305,290000000,,,28.08,,,,,,11338000000,8586000000,0.757,830.31,8586000000,,,,,,,,,11912515,1571569,10328971,false,false,9,2021-04-01,2021-12-31,0
2022-01-31,59280,2021-03-31,3,6934000000,-0.143,,,,,-50000000,,77000000,-0.267,-813000000,,,-78.94,,,,,,,,,,,,,,,,,,,,,10304972,false,false,9,2020-04-01,2020-12-31,-1
2022-01-31,59280,2022-03-31,3,9700000000,0.074,,,,,200000000,,310000000,3.085,270000000,,,26.11,,,,,,,,,,,,,,,9.00,,,,,,,false,true,12,2021-04-01,2022-03-31,0
2022-01-31,59280,2021-03-31,3,,,,,,,,,,,,,,,,,,,,10640000000,8383000000,0.788,813.51,8383000000,,,,,6.00,,,,11912515,1607575,,false,false,12,2020-04-01,2021-03-31,-1
2022-01-31,59280,2022-03-31,3,,,,,,,,,,,,,,,,,,,,,,,,,,,,,4.00,,,,,,,false,false,12,2021-04-01,2022-03-31,0
2022-03-23,59280,2022-03-31,,9500000000,-0.021,,,,,270000000,0.350,390000000,0.258,345000000,,0.278,33.36,,,,,,,,,,,,,,,,,,,,,,false,true,12,2021-04-01,2022-03-31,0
2022-03-23,59280,2021-03-31,,9028000000,,,,,,-72000000,,75000000,,-729000000,,,-70.75,,,,,,,,,,,,,,,,,,,,,,false,false,12,2020-04-01,2021-03-31,-1
2022-05-12,59280,2022-03-31,,9541000000,0.057,,,,,281000000,,400000000,4.276,353000000,,,34.21,,0.042,0.037,0.029,,11061000000,8552000000,0.773,827.07,8552000000,483000000,-120000000,-51000000,1658000000,10.00,0.292,,,11912515,1571569,10331965,false,false,12,2021-04-01,2022-03-31,0
2022-05-12,59280,2021-03-31,,9028000000,-0.134,,,,,-72000000,,75000000,-0.009,-729000000,,,-70.75,,-0.085,0.007,-0.008,,10640000000,8383000000,0.788,813.51,8383000000,337000000,-286000000,-113000000,1346000000,6.00,,,,11912515,1607575,10304940,false,false,12,2020-04-01,2021-03-31,-1
2022-05-12,59280,2023-03-31,,4750000000,0.004,,,,,80000000,-0.220,160000000,-0.140,120000000,,-0.349,11.60,,,,,,,,,,,,,,,,,,,,,,false,true,6,2022-04-01,2022-09-30,1
2022-05-12,59280,2023-03-31,,9700000000,0.017,,,,,140000000,-0.502,240000000,-0.401,185000000,,-0.477,17.89,,,,,,,,,,,,,,,8.00,0.447,,,,,,false,true,12,2022-04-01,2023-03-31,1
2022-07-28,59280,2023-03-31,1,2447000000,0.074,,,,,90000000,0.880,133000000,0.519,83000000,,0.292,8.08,,,,,,11232000000,8580000000,0.764,829.71,8580000000,,,,,,,,,11912515,1571569,10340946,false,false,3,2022-04-01,2022-06-30,0
2022-07-28,59280,2022-03-31,1,2277000000,0.039,,,,,48000000,,87000000,,64000000,,,6.28,,,,,,,,,,,,,,,,,,,,,10304940,false,false,3,2021-04-01,2021-06-30,-1
2022-07-28,59280,2023-03-31,1,4750000000,0.004,,,,,80000000,-0.220,160000000,-0.140,120000000,,-0.349,11.60,,,,,,,,,,,,,,,,,,,,,,false,true,6,2022-04-01,2022-09-30,0
2022-07-28,59280,2023-03-31,1,9700000000,0.017,,,,,140000000,-0.502,240000000,-0.401,185000000,,-0.477,17.89,,,,,,,,,,,,,,,8.00,,,,,,,false,true,12,2022-04-01,2023-03-31,0
2022-07-28,59280,2022-03-31,1,,,,,,,,,,,,,,,,,,,,11061000000,8552000000,0.773,827.07,8552000000,,,,,10.00,,,,11912515,1571569,,false,false,12,2021-04-01,2022-03-31,-1
2022-10-26,59280,2023-03-31,,4959000000,0.044,,,,,147000000,0.838,238000000,0.488,165000000,,0.375,15.93,,,,,,,,,,,,,,,,,,,,,,false,true,6,2022-04-01,2022-09-30,0
2022-10-26,59280,2022-03-31,,4732000000,,,,,,102000000,,186000000,,184000000,,,17.87,,,,,,,,,,,,,,,,,,,,,,false,false,6,2021-04-01,2021-09-30,-1
2022-10-26,59280,2023-03-31,,10000000000,0.031,,,,,210000000,0.500,325000000,0.354,235000000,,0.270,22.64,,,,,,,,,,,,,,,,,,,,,,false,true,12,2022-04-01,2023-03-31,0
2022-10-26,59280,2022-03-31,,9541000000,,,,,,281000000,,400000000,,353000000,,,34.21,,,,,,,,,,,,,,,,,,,,,,false,false,12,2021-04-01,2022-03-31,-1
2022-11-10,59280,2023-03-31,2,4959000000,0.048,,,,,147000000,0.434,238000000,0.281,165000000,,-0.103,15.97,,,,,,11331000000,8666000000,0.765,835.04,8666000000,,,,,,,,,11912515,1534438,10359511,false,false,6,2022-04-01,2022-09-30,0
2022-11-10,59280,2022-03-31,2,4732000000,0.054,,,,,102000000,,186000000,,184000000,,,17.87,,,,,,,,,,,,,,,,,,,,,10322967,false,false,6,2021-04-01,2021-09-30,-1
2022-11-10,59280,2023-03-31,2,10000000000,0.048,,,,,210000000,-0.254,325000000,-0.188,235000000,,-0.335,22.64,,,,,,,,,,,,,,,8.00,,,,,,,false,true,12,2022-04-01,2023-03-31,0
2022-11-10,59280,2022-03-31,2,,,,,,,,,,,,,,,,,,,,11061000000,8552000000,0.773,827.07,8552000000,,,,,10.00,,,,11912515,1571569,,false,false,12,2021-04-01,2022-03-31,-1
2022-11-10,59280,2023-03-31,2,,,,,,,,,,,,,,,,,,,,,,,,,,,,,4.00,,,,,,,false,false,12,2022-04-01,2023-03-31,0
2023-01-31,59280,2023-03-31,3,7432000000,0.023,,,,,212000000,-0.087,321000000,-0.033,248000000,,-0.144,23.94,,,,,,11475000000,8679000000,0.756,836.34,8679000000,,,,,,,,,11912515,1534438,10365700,false,false,9,2022-04-01,2022-12-31,0
2023-01-31,59280,2022-03-31,3,7264000000,0.048,,,,,232000000,,332000000,3.305,290000000,,,28.08,,,,,,,,,,,,,,,,,,,,,10328971,false,false,9,2021-04-01,2021-12-31,-1
2023-01-31,59280,2023-03-31,3,10000000000,0.048,,,,,210000000,-0.254,325000000,-0.188,235000000,,-0.335,22.64,,,,,,,,,,,,,,,8.00,,,,,,,false,true,12,2022-04-01,2023-03-31,0
2023-01-31,59280,2022-03-31,3,,,,,,,,,,,,,,,,,,,,11061000000,8552000000,0.773,827.07,8552000000,,,,,10.00,,,,11912515,1571569,,false,false,12,2021-04-01,2022-03-31,-1
2023-01-31,59280,2023-03-31,3,,,,,,,,,,,,,,,,,,,,,,,,,,,,,4.00,,,,,,,false,false,12,2022-04-01,2023-03-31,0
2023-05-12,59280,2023-03-31,,9658000000,0.012,,,,,216000000,-0.231,340000000,-0.149,269000000,,-0.238,25.96,,0.031,0.030,0.022,,11456000000,8864000000,0.774,854.16,8864000000,390000000,-11000000,-103000000,1934000000,8.00,0.308,,,11912515,1534438,10368794,false,false,12,2022-04-01,2023-03-31,0
2023-05-12,59280,2022-03-31,,9541000000,0.057,,,,,281000000,,400000000,4.276,353000000,,,34.21,,0.042,0.037,0.029,,11061000000,8552000000,0.773,827.07,8552000000,483000000,-120000000,-51000000,1658000000,10.00,0.292,,,11912515,1571569,10331965,false,false,12,2021-04-01,2022-03-31,-1
2023-05-12,59280,2024-03-31,,4800000000,-0.032,,,,,20000000,-0.864,110000000,-0.538,80000000,,-0.517,7.71,,,,,,,,,,,,,,,,,,,,,,false,true,6,2023-04-01,2023-09-30,1
2023-05-12,59280,2024-03-31,,10000000000,0.035,,,,,160000000,-0.261,280000000,-0.179,200000000,,-0.257,19.27,,,,,,,,,,,,,,,8.00,0.415,,,,,,false,true,12,2023-04-01,2024-03-31,1
2023-07-31,59280,2024-03-31,1,2478000000,0.013,,,,,2000000,-0.977,50000000,-0.619,8000000,,-0.894,0.85,,,,,,11925000000,9058000000,0.760,872.86,9058000000,,,,,,,,,11912515,1534438,10378077,false,false,3,2023-04-01,2023-06-30,0
2023-07-31,59280,2023-03-31,1,2447000000,0.074,,,,,90000000,0.880,133000000,0.519,83000000,,0.292,8.08,,,,,,,,,,,,,,,,,,,,,10340946,false,false,3,2022-04-01,2022-06-30,-1
2023-07-31,59280,2024-03-31,1,4800000000,-0.032,,,,,20000000,-0.864,110000000,-0.538,80000000,,-0.517,7.71,,,,,,,,,,,,,,,,,,,,,,false,true,6,2023-04-01,2023-09-30,0
2023-07-31,59280,2024-03-31,1,10000000000,0.035,,,,,160000000,-0.261,280000000,-0.179,200000000,,-0.257,19.27,,,,,,,,,,,,,,,8.00,,,,,,,false,true,12,2023-04-01,2024-03-31,0
2023-07-31,59280,2023-03-31,1,,,,,,,,,,,,,,,,,,,,11456000000,8864000000,0.774,854.16,8864000000,,,,,8.00,,,,11912515,1534438,,false,false,12,2022-04-01,2023-03-31,-1
2023-10-26,59280,2024-03-31,,4940000000,0.029,,,,,-34000000,,63000000,-0.427,37000000,,-0.538,3.56,,,,,,,,,,,,,,,,,,,,,,false,true,6,2023-04-01,2023-09-30,0
2023-10-26,59280,2023-03-31,,4959000000,,,,,,147000000,,238000000,,165000000,,,15.97,,,,,,,,,,,,,,,,,,,,,,false,false,6,2022-04-01,2022-09-30,-1
2023-10-26,59280,2024-03-31,,10000000000,0.000,,,,,30000000,-0.813,155000000,-0.446,105000000,,-0.475,10.09,,,,,,,,,,,,,,,,,,,,,,false,true,12,2023-04-01,2024-03-31,0
2023-10-26,59280,2023-03-31,,9658000000,,,,,,216000000,,340000000,,269000000,,,25.96,,,,,,,,,,,,,,,,,,,,,,false,false,12,2022-04-01,2023-03-31,-1
2023-11-09,59280,2024-03-31,2,4940000000,-0.004,,,,,-33000000,,63000000,-0.733,37000000,,-0.774,3.60,,,,,,11966000000,9135000000,0.763,877.49,9135000000,,,,,,,,,11912515,1501265,10394663,false,false,6,2023-04-01,2023-09-30,0
2023-11-09,59280,2023-03-31,2,4959000000,0.048,,,,,147000000,0.434,238000000,0.281,165000000,,-0.103,15.97,,,,,,,,,,,,,,,,,,,,,10359511,false,false,6,2022-04-01,2022-09-30,-1
2023-11-09,59280,2024-03-31,2,10000000000,0.035,,,,,30000000,-0.861,155000000,-0.545,105000000,,-0.610,10.09,,,,,,,,,,,,,,,8.00,,,,,,,false,true,12,2023-04-01,2024-03-31,0
2023-11-09,59280,2023-03-31,2,,,,,,,,,,,,,,,,,,,,11456000000,8864000000,0.774,854.16,8864000000,,,,,8.00,,,,11912515,1534438,,false,false,12,2022-04-01,2023-03-31,-1
2023-11-09,59280,2024-03-31,2,,,,,,,,,,,,,,,,,,,,,,,,,,,,,4.00,,,,,,,false,false,12,2023-04-01,2024-03-31,0
2024-01-31,59280,2024-03-31,3,7398000000,-0.005,,,,,-2000000,,112000000,-0.651,49000000,,-0.799,4.79,,,,,,11779000000,9120000000,0.774,876.00,9120000000,,,,,,,,,11912515,1501285,10400186,false,false,9,2023-04-01,2023-12-31,0
2024-01-31,59280,2023-03-31,3,7432000000,0.023,,,,,212000000,-0.087,321000000,-0.033,248000000,,-0.144,23.94,,,,,,,,,,,,,,,,,,,,,10365700,false,false,9,2022-04-01,2022-12-31,-1
2024-01-31,59280,2024-03-31,3,10000000000,0.035,,,,,30000000,-0.861,155000000,-0.545,105000000,,-0.610,10.09,,,,,,,,,,,,,,,8.00,,,,,,,false,true,12,2023-04-01,2024-03-31,0
2024-01-31,59280,2023-03-31,3,,,,,,,,,,,,,,,,,,,,11456000000,8864000000,0.774,854.16,8864000000,,,,,8.00,,,,11912515,1534438,,false,false,12,2022-04-01,2023-03-31,-1
2024-01-31,59280,2024-03-31,3,,,,,,,,,,,,,,,,,,,,,,,,,,,,,4.00,,,,,,,false,false,12,2023-04-01,2024-03-31,0
2024-04-25,59280,2024-03-31,,9400000000,-0.060,,,,,-32000000,,100000000,-0.355,78000000,,-0.257,7.50,,,,,,,,,,,,,,,,,,,,,,false,true,12,2023-04-01,2024-03-31,0
2024-04-25,59280,2023-03-31,,9658000000,,,,,,216000000,,340000000,,269000000,,,25.96,,,,,,,,,,,,,,,,,,,,,,false,false,12,2022-04-01,2023-03-31,-1
2024-05-10,59280,2024-03-31,,9419000000,-0.025,,,,,-32000000,,99000000,-0.710,77000000,,-0.711,7.49,,0.009,0.008,-0.003,,12205000000,9403000000,0.770,903.19,9403000000,302000000,-81000000,-83000000,2072000000,8.00,1.068,,,11912515,1501390,10402930,false,false,12,2023-04-01,2024-03-31,0
2024-05-10,59280,2023-03-31,,9658000000,0.012,,,,,216000000,-0.231,340000000,-0.149,269000000,,-0.238,25.96,,0.031,0.030,0.022,,11456000000,8864000000,0.774,854.16,8864000000,390000000,-11000000,-103000000,1934000000,8.00,0.308,,,11912515,1534438,10368794,false,false,12,2022-04-01,2023-03-31,-1
2024-05-10,59280,2025-03-31,,4700000000,-0.049,,,,,20000000,,120000000,0.887,75000000,,1.003,7.20,,,,,,,,,,,,,,,,,,,,,,false,true,6,2024-04-01,2024-09-30,1
2024-05-10,59280,2025-03-31,,9500000000,0.009,,,,,150000000,,280000000,1.827,180000000,,1.311,17.29,,,,,,,,,,,,,,,8.00,0.463,,,,,,false,true,12,2024-04-01,2025-03-31,1
2024-07-30,59280,2025-03-31,1,2097000000,-0.154,,,,,-92000000,,-39000000,,-63000000,,,-6.06,,,,,,12046000000,9296000000,0.772,892.97,9296000000,,,,,,,,,11912515,1501420,10411115,false,false,3,2024-04-01,2024-06-30,0
2024-07-30,59280,2024-03-31,1,2478000000,0.013,,,,,2000000,-0.977,50000000,-0.619,8000000,,-0.894,0.85,,,,,,,,,,,,,,,,,,,,,10378077,false,false,3,2023-04-01,2023-06-30,-1
2024-07-30,59280,2025-03-31,1,4700000000,-0.049,,,,,20000000,,120000000,0.887,75000000,,1.003,7.20,,,,,,,,,,,,,,,,,,,,,,false,true,6,2024-04-01,2024-09-30,0
2024-07-30,59280,2025-03-31,1,9500000000,0.009,,,,,150000000,,280000000,1.827,180000000,,1.311,17.29,,,,,,,,,,,,,,,8.00,,,,,,,false,true,12,2024-04-01,2025-03-31,0
2024-07-30,59280,2024-03-31,1,,,,,,,,,,,,,,,,,,,,12205000000,9403000000,0.770,903.19,9403000000,,,,,8.00,,,,11912515,1501390,,false,false,12,2023-04-01,2024-03-31,-1
2024-10-31,59280,2025-03-31,,4250000000,-0.096,,,,,-106000000,,2000000,-0.983,-6000000,,,-0.58,,,,,,,,,,,,,,,,,,,,,,false,true,6,2024-04-01,2024-09-30,0
2024-10-31,59280,2024-03-31,,4940000000,,,,,,-33000000,,63000000,,37000000,,,3.60,,,,,,,,,,,,,,,,,,,,,,false,false,6,2023-04-01,2023-09-30,-1
2024-10-31,59280,2025-03-31,,8700000000,-0.084,,,,,-124000000,,22000000,-0.921,45000000,,-0.750,4.31,,,,,,,,,,,,,,,,,,,,,,false,true,12,2024-04-01,2025-03-31,0
2024-10-31,59280,2024-03-31,,9419000000,,,,,,-32000000,,99000000,,77000000,,,7.49,,,,,,,,,,,,,,,,,,,,,,false,false,12,2023-04-01,2024-03-31,-1
2024-11-08,59280,2025-03-31,2,4254000000,-0.139,,,,,-106000000,,2000000,-0.968,-5000000,,,-0.51,,,,,,11907000000,9475000000,0.796,907.14,9475000000,,,,,,,,,11912515,1466700,10428465,false,false,6,2024-04-01,2024-09-30,0
2024-11-08,59280,2024-03-31,2,4940000000,-0.004,,,,,-33000000,,63000000,-0.733,37000000,,-0.774,3.60,,,,,,,,,,,,,,,,,,,,,10394663,false,false,6,2023-04-01,2023-09-30,-1
2024-11-08,59280,2025-03-31,2,8700000000,-0.076,,,,,-124000000,,22000000,-0.778,45000000,,-0.422,4.31,,,,,,,,,,,,,,,8.00,,,,,,,false,true,12,2024-04-01,2025-03-31,0
2024-11-08,59280,2024-03-31,2,,,,,,,,,,,,,,,,,,,,12205000000,9403000000,0.770,903.19,9403000000,,,,,8.00,,,,11912515,1501390,,false,false,12,2023-04-01,2024-03-31,-1
2024-11-08,59280,2025-03-31,2,,,,,,,,,,,,,,,,,,,,,,,,,,,,,4.00,,,,,,,false,false,12,2024-04-01,2025-03-31,0
2025-01-31,59280,2025-03-31,3,6495000000,-0.122,,,,,-91000000,,34000000,-0.689,-3000000,,,-0.32,,,,,,11995000000,9472000000,0.790,906.78,9472000000,,,,,,,,,11912515,1466700,10434248,false,false,9,2024-04-01,2024-12-31,0
2025-01-31,59280,2024-03-31,3,7398000000,-0.005,,,,,-2000000,,112000000,-0.651,49000000,,-0.799,4.79,,,,,,,,,,,,,,,,,,,,,10400186,false,false,9,2023-04-01,2023-12-31,-1
2025-01-31,59280,2025-03-31,3,8700000000,-0.076,,,,,-124000000,,22000000,-0.778,45000000,,-0.422,4.31,,,,,,,,,,,,,,,8.00,,,,,,,false,true,12,2024-04-01,2025-03-31,0
2025-01-31,59280,2024-03-31,3,,,,,,,,,,,,,,,,,,,,12205000000,9403000000,0.770,903.19,9403000000,,,,,8.00,,,,11912515,1501390,,false,false,12,2023-04-01,2024-03-31,-1
2025-01-31,59280,2025-03-31,3,,,,,,,,,,,,,,,,,,,,,,,,,,,,,4.00,,,,,,,false,false,12,2024-04-01,2025-03-31,0
2025-04-25,59280,2025-03-31,,8300000000,-0.046,,,,,-215000000,,-70000000,,27000000,,-0.400,2.59,,,,,,,,,,,,,,,,,,,,,,false,true,12,2024-04-01,2025-03-31,0
2025-04-25,59280,2024-03-31,,9419000000,,,,,,-32000000,,99000000,,77000000,,,7.49,,,,,,,,,,,,,,,,,,,,,,false,false,12,2023-04-01,2024-03-31,-1
2025-05-14,59280,2025-03-31,,8296000000,-0.119,,,,,-214000000,,-70000000,,27000000,,-0.643,2.66,,0.003,-0.006,-0.026,,11237000000,9187000000,0.818,879.56,9187000000,54000000,-163000000,-83000000,1880000000,8.00,3.008,,,11912515,1466700,10437140,false,false,12,2024-04-01,2025-03-31,0
2025-05-14,59280,2024-03-31,,9419000000,-0.025,,,,,-32000000,,99000000,-0.710,77000000,,-0.711,7.49,,0.009,0.008,-0.003,,12205000000,9403000000,0.770,903.19,9403000000,302000000,-81000000,-83000000,2072000000,8.00,1.068,,,11912515,1501390,10402930,false,false,12,2023-04-01,2024-03-31,-1
2025-05-14,59280,2026-03-31,,4600000000,0.081,,,,,18000000,,140000000,,90000000,,,8.62,,,,,,,,,,,,,,,,,,,,,,false,true,6,2025-04-01,2025-09-30,1
2025-05-14,59280,2026-03-31,,9200000000,0.109,,,,,65000000,,220000000,,135000000,,3.856,12.92,,,,,,,,,,,,,,,8.00,0.619,,,,,,false,true,12,2025-04-01,2026-03-31,1
