filing_date,code,fiscal_year_end,quarterly_period,net_sales,net_sales_change,revenue,revenue_change,operating_revenue,operating_revenue_change,operating_profit,operating_profit_change,ordinary_profit,ordinary_profit_change,net_income,net_income_of_parent,net_income_change,eps,diluted_eps,roe,roa,operating_profit_to_net_sales,operating_profit_to_revenue,total_assets,net_assets,equity_ratio,bps,owner_equity,operating_cash_flow,investing_cash_flow,financing_cash_flow,cash,dividend_per_share,payout_ratio,commemorative_dividend,extra_dividend,number_of_shares,number_of_treqsury_shares,avg_number_of_shares,is_consolidated,is_forecast,duration,period_start,period_end,period_pos
2015-05-13,59290,2015-03-31,,339045000000,0.087,,,,,26334000000,0.275,25975000000,0.279,12857000000,,0.265,54.09,53.94,0.107,0.086,0.078,,323327000000,126748000000,0.391,541.49,126532000000,22304000000,-27080000000,10625000000,58605000000,,0.296,,,,,,true,false,12,2014-04-01,2015-03-31,0
2015-05-13,59290,2014-03-31,,311957000000,0.173,,,,,20649000000,0.457,20316000000,0.452,10161000000,,0.415,42.38,42.28,0.096,0.078,0.066,,281917000000,113956000000,0.404,474.63,113789000000,19728000000,5932000000,3876000000,52307000000,,0.307,,,,,,true,false,12,2013-04-01,2014-03-31,-1
2015-05-13,59290,2016-03-31,,160000000000,0.093,,,,,6700000000,-0.062,6300000000,-0.077,,3200000000,,13.69,,,,,,,,,,,,,,,,,,,,,,true,true,6,2015-04-01,2015-09-30,1
2015-05-13,59290,2016-03-31,,370000000000,0.091,,,,,28000000000,0.063,27400000000,0.055,,14000000000,,59.91,,,,,,,,,,,,,,,,0.334,,,,,,true,true,12,2015-04-01,2016-03-31,1
2015-05-13,59290,2015-03-31,,,,,,13496000000,0.474,10415000000,0.648,9896000000,0.633,6193000000,,0.507,26.06,25.99,,,,,239963000000,136366000000,0.567,582.66,136150000000,,,,,16.00,,,,243920497,10248566,237693594,false,false,12,2014-04-01,2015-03-31,0
2015-05-13,59290,2014-03-31,,,,,,9158000000,0.301,6321000000,0.435,6060000000,0.425,4109000000,,0.025,17.14,17.10,,,,,221236000000,137729000000,0.622,573.79,137562000000,,,,,13.00,,,,257920497,18174813,239767807,false,false,12,2013-04-01,2014-03-31,-1
2015-05-13,59290,2016-03-31,,,,,,,,,,,,,,,,,,,,,,,,,,,,,,20.00,,,,,,,false,true,12,2015-04-01,2016-03-31,1
2015-07-31,59290,2016-03-31,1,66884000000,0.082,,,,,-1161000000,,-1298000000,,,-1195000000,,-5.11,,,,,,315724000000,121797000000,0.385,,121568000000,,,,,,,,,,,,true,false,3,2015-04-01,2015-06-30,0
2015-07-31,59290,2015-03-31,1,61817000000,0.113,,,,,574000000,,353000000,,,11000000,,0.05,0.05,,,,,,,,,,,,,,,,,,,,,true,false,3,2014-04-01,2014-06-30,-1
2015-07-31,59290,2016-03-31,1,160000000000,0.093,,,,,6700000000,-0.062,6300000000,-0.077,,3200000000,,13.69,,,,,,,,,,,,,,,,,,,,,,true,true,6,2015-04-01,2015-09-30,0
2015-07-31,59290,2016-03-31,1,370000000000,0.091,,,,,28000000000,0.063,27400000000,0.055,,14000000000,,59.91,,,,,,,,,,,,,,,,,,,,,,true,true,12,2015-04-01,2016-03-31,0
2015-07-31,59290,2015-03-31,1,,,,,,,,,,,,,,,,,,,,323327000000,126748000000,0.391,,126532000000,,,,,,,,,,,,true,false,12,2014-04-01,2015-03-31,-1
2015-07-31,59290,2015-03-31,1,,,,,,,,,,,,,,,,,,,,,,,,,,,,,16.00,,,,243920497,10248566,,false,false,12,2014-04-01,2015-03-31,-1
2015-07-31,59290,2016-03-31,1,,,,,,,,,,,,,,,,,,,,,,,,,,,,,20.00,,,,,,,false,true,12,2015-04-01,2016-03-31,0
2015-07-31,59290,2016-03-31,1,,,,,,,,,,,,,,,,,,,,,,,,,,,,,,,,,243920497,10249118,233671731,false,false,3,2015-04-01,2015-06-30,0
2015-07-31,59290,2015-03-31,1,,,,,,,,,,,,,,,,,,,,,,,,,,,,,,,,,,,239744974,false,false,3,2014-04-01,2014-06-30,-1
2015-10-30,59290,2016-03-31,2,160926000000,0.099,,,,,6051000000,-0.153,5640000000,-0.174,,3226000000,,13.81,13.77,,,,,317181000000,127899000000,0.402,,127657000000,,,,,,,,,,,,true,false,6,2015-04-01,2015-09-30,0
2015-10-30,59290,2015-03-31,2,146406000000,0.089,,,,,7140000000,0.582,6826000000,0.588,,3286000000,,13.71,13.67,,,,,,,,,,,,,,,,,,,,,true,false,6,2014-04-01,2014-09-30,-1
2015-10-30,59290,2016-03-31,2,366000000000,0.080,,,,,28000000000,0.063,27400000000,0.055,,14000000000,,60.35,,,,,,,,,,,,,,,,,,,,,,true,true,12,2015-04-01,2016-03-31,0
2015-10-30,59290,2015-03-31,2,,,,,,,,,,,,,,,,,,,,323327000000,126748000000,0.391,,126532000000,,,,,,,,,,,,true,false,12,2014-04-01,2015-03-31,-1
2015-10-30,59290,2015-03-31,2,,,,,,,,,,,,,,,,,,,,,,,,,,,,,16.00,,,,243920497,10248566,,false,false,12,2014-04-01,2015-03-31,-1
2015-10-30,59290,2016-03-31,2,,,,,,,,,,,,,,,,,,,,,,,,,,,,,10.00,,,,,,,false,false,12,2015-04-01,2016-03-31,0
2015-10-30,59290,2016-03-31,2,,,,,,,,,,,,,,,,,,,,,,,,,,,,,20.00,,,,,,,false,true,12,2015-04-01,2016-03-31,0
2015-10-30,59290,2016-03-31,2,,,,,,,,,,,,,,,,,,,,,,,,,,,,,,,,,243920497,10249451,233671464,false,false,6,2015-04-01,2015-09-30,0
2015-10-30,59290,2015-03-31,2,,,,,,,,,,,,,,,,,,,,,,,,,,,,,,,,,,,239741528,false,false,6,2014-04-01,2014-09-30,-1
2016-01-29,59290,2016-03-31,3,241946000000,0.088,,,,,10073000000,-0.122,9533000000,-0.129,,5485000000,,23.55,23.48,,,,,318982000000,121569000000,0.380,,121315000000,,,,,,,,,,,,true,false,9,2015-04-01,2015-12-31,0
2016-01-29,59290,2015-03-31,3,222401000000,0.094,,,,,11479000000,0.376,10947000000,0.336,,6438000000,,26.95,26.88,,,,,,,,,,,,,,,,,,,,,true,false,9,2014-04-01,2014-12-31,-1
2016-01-29,59290,2016-03-31,3,366000000000,0.080,,,,,28000000000,0.063,27400000000,0.055,,14000000000,,60.35,,,,,,,,,,,,,,,,,,,,,,true,true,12,2015-04-01,2016-03-31,0
2016-01-29,59290,2015-03-31,3,,,,,,,,,,,,,,,,,,,,323327000000,126748000000,0.391,,126532000000,,,,,,,,,,,,true,false,12,2014-04-01,2015-03-31,-1
2016-01-29,59290,2015-03-31,3,,,,,,,,,,,,,,,,,,,,,,,,,,,,,16.00,,,,243920497,10248566,,false,false,12,2014-04-01,2015-03-31,-1
2016-01-29,59290,2016-03-31,3,,,,,,,,,,,,,,,,,,,,,,,,,,,,,10.00,,,,,,,false,false,12,2015-04-01,2016-03-31,0
2016-01-29,59290,2016-03-31,3,,,,,,,,,,,,,,,,,,,,,,,,,,,,,20.00,,,,,,,false,true,12,2015-04-01,2016-03-31,0
2016-01-29,59290,2016-03-31,3,,,,,,,,,,,,,,,,,,,,,,,,,,,,,,,,,243920497,15168378,232875444,false,false,9,2015-04-01,2015-12-31,0
2016-01-29,59290,2015-03-31,3,,,,,,,,,,,,,,,,,,,,,,,,,,,,,,,,,,,238900017,false,false,9,2014-04-01,2014-12-31,-1
,59290,2016-03-31,,,,,,,,,,,,,,,,,,,,,,,,,,,,,,23.00,,,,,,,false,true,12,2015-04-01,2016-03-31,0
,59290,2016-03-31,,,,,,,,,,,,,,,,,,,,,,,,,,,,,,10.00,,,,,,,false,false,12,2015-04-01,2016-03-31,0
,59290,2015-03-31,,,,,,,,,,,,,,,,,,,,,,,,,,,,,,16.00,,,,,,,false,false,12,2014-04-01,2015-03-31,-1
2016-05-13,59290,2016-03-31,,365615000000,0.078,,,,,26870000000,0.020,26161000000,0.007,,14627000000,,63.07,62.88,0.114,0.083,0.073,,310269000000,130334000000,0.417,565.64,129390000000,24378000000,-15641000000,-25702000000,41516000000,,0.365,,,,,,true,false,12,2015-04-01,2016-03-31,0
2016-05-13,59290,2015-03-31,,339045000000,0.087,,,,,26334000000,0.275,25975000000,0.279,,12857000000,,54.09,53.94,0.107,0.086,0.078,,323327000000,126748000000,0.391,541.49,126532000000,22304000000,-27080000000,10625000000,58605000000,,0.296,,,,,,true,false,12,2014-04-01,2015-03-31,-1
2016-05-13,59290,2017-03-31,,164000000000,0.019,,,,,7000000000,0.157,6350000000,0.126,,3100000000,,13.55,,,,,,,,,,,,,,,,,,,,,,true,true,6,2016-04-01,2016-09-30,1
2016-05-13,59290,2017-03-31,,367000000000,0.004,,,,,28200000000,0.049,27500000000,0.051,,16700000000,,73.00,,,,,,,,,,,,,,,,0.342,,,,,,true,true,12,2016-04-01,2017-03-31,1
2016-05-13,59290,2016-03-31,,,,,,15663000000,0.161,12408000000,0.191,12421000000,0.255,9236000000,,0.491,39.83,39.71,,,,,225229000000,136125000000,0.603,593.91,135858000000,,,,,23.00,,,,239000000,10247951,231923891,false,false,12,2015-04-01,2016-03-31,0
2016-05-13,59290,2015-03-31,,,,,,13496000000,0.474,10415000000,0.648,9896000000,0.633,6193000000,,0.507,26.06,25.99,,,,,239963000000,136366000000,0.567,582.66,136150000000,,,,,16.00,,,,243920497,10248566,237693594,false,false,12,2014-04-01,2015-03-31,-1
2016-05-13,59290,2017-03-31,,,,,,,,,,,,,,,,,,,,,,,,,,,,,,25.00,,,,,,,false,true,12,2016-04-01,2017-03-31,1
2016-07-29,59290,2017-03-31,1,68602000000,0.026,,,,,-110000000,,-184000000,,,-490000000,,-2.14,,,,,,294999000000,122529000000,0.412,,121591000000,,,,,,,,,,,,true,false,3,2016-04-01,2016-06-30,0
2016-07-29,59290,2016-03-31,1,66884000000,0.082,,,,,-1161000000,,-1298000000,,,-1195000000,,-5.11,,,,,,,,,,,,,,,,,,,,,,true,false,3,2015-04-01,2015-06-30,-1
2016-07-29,59290,2017-03-31,1,164000000000,0.019,,,,,7000000000,0.157,6350000000,0.126,,3100000000,,13.55,,,,,,,,,,,,,,,,,,,,,,true,true,6,2016-04-01,2016-09-30,0
2016-07-29,59290,2017-03-31,1,367000000000,0.004,,,,,28200000000,0.049,27500000000,0.051,,16700000000,,73.00,,,,,,,,,,,,,,,,,,,,,,true,true,12,2016-04-01,2017-03-31,0
2016-07-29,59290,2016-03-31,1,,,,,,,,,,,,,,,,,,,,310269000000,130334000000,0.417,,129390000000,,,,,,,,,,,,true,false,12,2015-04-01,2016-03-31,-1
2016-07-29,59290,2016-03-31,1,,,,,,,,,,,,,,,,,,,,,,,,,,,,,23.00,,,,239000000,10247951,,false,false,12,2015-04-01,2016-03-31,-1
2016-07-29,59290,2017-03-31,1,,,,,,,,,,,,,,,,,,,,,,,,,,,,,25.00,,,,,,,false,true,12,2016-04-01,2017-03-31,0
2016-07-29,59290,2017-03-31,1,,,,,,,,,,,,,,,,,,,,,,,,,,,,,,,,,239000000,10208261,228761933,false,false,3,2016-04-01,2016-06-30,0
2016-07-29,59290,2016-03-31,1,,,,,,,,,,,,,,,,,,,,,,,,,,,,,,,,,,,233671731,false,false,3,2015-04-01,2015-06-30,-1
2016-10-31,59290,2017-03-31,2,160457000000,-0.003,,,,,7976000000,0.318,7207000000,0.278,,4003000000,,17.50,17.45,,,,,283005000000,121312000000,0.426,,120447000000,,,,,,,,,,,,true,false,6,2016-04-01,2016-09-30,0
2016-10-31,59290,2016-03-31,2,160926000000,0.099,,,,,6051000000,-0.153,5640000000,-0.174,,3226000000,,13.81,13.77,,,,,,,,,,,,,,,,,,,,,true,false,6,2015-04-01,2015-09-30,-1
2016-10-31,59290,2017-03-31,2,357000000000,-0.024,,,,,28200000000,0.049,27500000000,0.051,,16700000000,,73.00,,,,,,,,,,,,,,,,,,,,,,true,true,12,2016-04-01,2017-03-31,0
2016-10-31,59290,2016-03-31,2,,,,,,,,,,,,,,,,,,,,310269000000,130334000000,0.417,,129390000000,,,,,,,,,,,,true,false,12,2015-04-01,2016-03-31,-1
2016-10-31,59290,2016-03-31,2,,,,,,,,,,,,,,,,,,,,,,,,,,,,,23.00,,,,239000000,10247951,,false,false,12,2015-04-01,2016-03-31,-1
2016-10-31,59290,2017-03-31,2,,,,,,,,,,,,,,,,,,,,,,,,,,,,,12.00,,,,,,,false,false,12,2016-04-01,2017-03-31,0
2016-10-31,59290,2017-03-31,2,,,,,,,,,,,,,,,,,,,,,,,,,,,,,25.00,,,,,,,false,true,12,2016-04-01,2017-03-31,0
2016-10-31,59290,2017-03-31,2,,,,,,,,,,,,,,,,,,,,,,,,,,,,,,,,,239000000,10208517,228774636,false,false,6,2016-04-01,2016-09-30,0
2016-10-31,59290,2016-03-31,2,,,,,,,,,,,,,,,,,,,,,,,,,,,,,,,,,,,233671464,false,false,6,2015-04-01,2015-09-30,-1
2017-01-31,59290,2017-03-31,3,236203000000,-0.024,,,,,11575000000,0.149,10569000000,0.109,,6037000000,,26.39,26.30,,,,,307358000000,120916000000,0.391,,120023000000,,,,,,,,,,,,true,false,9,2016-04-01,2016-12-31,0
2017-01-31,59290,2016-03-31,3,241946000000,0.088,,,,,10073000000,-0.122,9533000000,-0.129,,5485000000,,23.55,23.48,,,,,,,,,,,,,,,,,,,,,true,false,9,2015-04-01,2015-12-31,-1
2017-01-31,59290,2017-03-31,3,357000000000,-0.024,,,,,28200000000,0.049,27500000000,0.051,,16700000000,,73.00,,,,,,,,,,,,,,,,,,,,,,true,true,12,2016-04-01,2017-03-31,0
2017-01-31,59290,2016-03-31,3,,,,,,,,,,,,,,,,,,,,310269000000,130334000000,0.417,,129390000000,,,,,,,,,,,,true,false,12,2015-04-01,2016-03-31,-1
2017-01-31,59290,2016-03-31,3,,,,,,,,,,,,,,,,,,,,,,,,,,,,,23.00,,,,239000000,10247951,,false,false,12,2015-04-01,2016-03-31,-1
2017-01-31,59290,2017-03-31,3,,,,,,,,,,,,,,,,,,,,,,,,,,,,,12.00,,,,,,,false,false,12,2016-04-01,2017-03-31,0
2017-01-31,59290,2017-03-31,3,,,,,,,,,,,,,,,,,,,,,,,,,,,,,25.00,,,,,,,false,true,12,2016-04-01,2017-03-31,0
2017-01-31,59290,2017-03-31,3,,,,,,,,,,,,,,,,,,,,,,,,,,,,,,,,,239000000,10209047,228779611,false,false,9,2016-04-01,2016-12-31,0
2017-01-31,59290,2016-03-31,3,,,,,,,,,,,,,,,,,,,,,,,,,,,,,,,,,,,232875444,false,false,9,2015-04-01,2015-12-31,-1
2017-05-12,59290,2017-03-31,,353922000000,-0.032,,,,,26440000000,-0.016,25278000000,-0.034,,17070000000,,74.61,74.37,0.127,0.080,0.075,,323393000000,139905000000,0.430,607.16,138911000000,23670000000,-8006000000,-838000000,56290000000,,0.335,,,,,,true,false,12,2016-04-01,2017-03-31,0
2017-05-12,59290,2016-03-31,,365615000000,0.078,,,,,26870000000,0.020,26161000000,0.007,,14627000000,,63.07,62.88,0.114,0.083,0.073,,310269000000,130334000000,0.417,565.64,129390000000,24378000000,-15641000000,-25702000000,41516000000,,0.365,,,,,,true,false,12,2015-04-01,2016-03-31,-1
2017-05-12,59290,2018-03-31,,170500000000,0.063,,,,,8200000000,0.028,7800000000,0.082,,4800000000,,21.25,,,,,,,,,,,,,,,,,,,,,,true,true,6,2017-04-01,2017-09-30,1
2017-05-12,59290,2018-03-31,,383000000000,0.082,,,,,30300000000,0.146,29700000000,0.175,,19200000000,,85.29,,,,,,,,,,,,,,,,0.352,,,,,,true,true,12,2017-04-01,2018-03-31,1
2017-05-12,59290,2017-03-31,,,,,,19353000000,0.236,15992000000,0.289,16024000000,0.290,16451000000,,0.781,71.91,71.67,,,,,223119000000,147204000000,0.658,642.08,146902000000,,,,,25.00,,,,239000000,10209656,228782132,false,false,12,2016-04-01,2017-03-31,0
2017-05-12,59290,2016-03-31,,,,,,15663000000,0.161,12408000000,0.191,12421000000,0.255,9236000000,,0.491,39.83,39.71,,,,,225229000000,136125000000,0.603,593.91,135858000000,,,,,23.00,,,,239000000,10247951,231923891,false,false,12,2015-04-01,2016-03-31,-1
2017-05-12,59290,2018-03-31,,,,,,,,,,,,,,,,,,,,,,,,,,,,,,30.00,,,,,,,false,true,12,2017-04-01,2018-03-31,1
2017-07-31,59290,2018-03-31,1,71381000000,0.041,,,,,7000000,,-153000000,,,47000000,,0.21,0.21,,,,,313738000000,131389000000,0.416,,130378000000,,,,,,,,,,,,true,false,3,2017-04-01,2017-06-30,0
2017-07-31,59290,2017-03-31,1,68602000000,0.026,,,,,-110000000,,-184000000,,,-490000000,,-2.14,,,,,,,,,,,,,,,,,,,,,,true,false,3,2016-04-01,2016-06-30,-1
2017-07-31,59290,2018-03-31,1,170500000000,0.063,,,,,8200000000,0.028,7800000000,0.082,,4800000000,,21.25,,,,,,,,,,,,,,,,,,,,,,true,true,6,2017-04-01,2017-09-30,0
2017-07-31,59290,2018-03-31,1,383000000000,0.082,,,,,30300000000,0.146,29700000000,0.175,,19200000000,,85.29,,,,,,,,,,,,,,,,,,,,,,true,true,12,2017-04-01,2018-03-31,0
2017-07-31,59290,2017-03-31,1,,,,,,,,,,,,,,,,,,,,323393000000,139905000000,0.430,,138911000000,,,,,,,,,,,,true,false,12,2016-04-01,2017-03-31,-1
2017-07-31,59290,2017-03-31,1,,,,,,,,,,,,,,,,,,,,,,,,,,,,,25.00,,,,239000000,10209656,,false,false,12,2016-04-01,2017-03-31,-1
2017-07-31,59290,2018-03-31,1,,,,,,,,,,,,,,,,,,,,,,,,,,,,,30.00,,,,,,,false,true,12,2017-04-01,2018-03-31,0
2017-07-31,59290,2018-03-31,1,,,,,,,,,,,,,,,,,,,,,,,,,,,,,,,,,239000000,13842050,227517266,false,false,3,2017-04-01,2017-06-30,0
2017-07-31,59290,2017-03-31,1,,,,,,,,,,,,,,,,,,,,,,,,,,,,,,,,,,,228761933,false,false,3,2016-04-01,2016-06-30,-1
2017-10-31,59290,2018-03-31,2,173125000000,0.079,,,,,9045000000,0.134,8798000000,0.221,,5726000000,,25.29,25.22,,,,,316395000000,138720000000,0.435,,137749000000,,,,,,,,,,,,true,false,6,2017-04-01,2017-09-30,0
2017-10-31,59290,2017-03-31,2,160457000000,-0.003,,,,,7976000000,0.318,7207000000,0.278,,4003000000,,17.50,17.45,,,,,,,,,,,,,,,,,,,,,true,false,6,2016-04-01,2016-09-30,-1
2017-10-31,59290,2018-03-31,2,385000000000,0.088,,,,,30300000000,0.146,29700000000,0.175,,19200000000,,85.05,,,,,,,,,,,,,,,,,,,,,,true,true,12,2017-04-01,2018-03-31,0
2017-10-31,59290,2017-03-31,2,,,,,,,,,,,,,,,,,,,,323393000000,139905000000,0.430,,138911000000,,,,,,,,,,,,true,false,12,2016-04-01,2017-03-31,-1
2017-10-31,59290,2017-03-31,2,,,,,,,,,,,,,,,,,,,,,,,,,,,,,25.00,,,,239000000,10209656,,false,false,12,2016-04-01,2017-03-31,-1
2017-10-31,59290,2018-03-31,2,,,,,,,,,,,,,,,,,,,,,,,,,,,,,15.00,,,,,,,false,false,12,2017-04-01,2018-03-31,0
2017-10-31,59290,2018-03-31,2,,,,,,,,,,,,,,,,,,,,,,,,,,,,,30.00,,,,,,,false,true,12,2017-04-01,2018-03-31,0
2017-10-31,59290,2018-03-31,2,,,,,,,,,,,,,,,,,,,,,,,,,,,,,,,,,235000000,10018880,226387930,false,false,6,2017-04-01,2017-09-30,0
2017-10-31,59290,2017-03-31,2,,,,,,,,,,,,,,,,,,,,,,,,,,,,,,,,,,,228774636,false,false,6,2016-04-01,2016-09-30,-1
2018-01-31,59290,2018-03-31,3,256995000000,0.088,,,,,13209000000,0.141,12836000000,0.214,,8271000000,,36.60,36.51,,,,,331891000000,140270000000,0.420,,139242000000,,,,,,,,,,,,true,false,9,2017-04-01,2017-12-31,0
2018-01-31,59290,2017-03-31,3,236203000000,-0.024,,,,,11575000000,0.149,10569000000,0.109,,6037000000,,26.39,26.30,,,,,,,,,,,,,,,,,,,,,true,false,9,2016-04-01,2016-12-31,-1
2018-01-31,59290,2018-03-31,3,385000000000,0.088,,,,,30300000000,0.146,29700000000,0.175,,19200000000,,85.05,,,,,,,,,,,,,,,,,,,,,,true,true,12,2017-04-01,2018-03-31,0
2018-01-31,59290,2017-03-31,3,,,,,,,,,,,,,,,,,,,,323393000000,139905000000,0.430,,138911000000,,,,,,,,,,,,true,false,12,2016-04-01,2017-03-31,-1
2018-01-31,59290,2017-03-31,3,,,,,,,,,,,,,,,,,,,,,,,,,,,,,25.00,,,,239000000,10209656,,false,false,12,2016-04-01,2017-03-31,-1
2018-01-31,59290,2018-03-31,3,,,,,,,,,,,,,,,,,,,,,,,,,,,,,15.00,,,,,,,false,false,12,2017-04-01,2018-03-31,0
2018-01-31,59290,2018-03-31,3,,,,,,,,,,,,,,,,,,,,,,,,,,,,,30.00,,,,,,,false,true,12,2017-04-01,2018-03-31,0
2018-01-31,59290,2018-03-31,3,,,,,,,,,,,,,,,,,,,,,,,,,,,,,,,,,235000000,10019640,225965729,false,false,9,2017-04-01,2017-12-31,0
2018-01-31,59290,2017-03-31,3,,,,,,,,,,,,,,,,,,,,,,,,,,,,,,,,,,,228779611,false,false,9,2016-04-01,2016-12-31,-1
2018-05-14,59290,2018-03-31,,385673000000,0.090,,,,,28322000000,0.071,27898000000,0.104,,18280000000,,80.97,80.77,0.127,0.085,0.073,,331686000000,151121000000,0.452,667.09,150082000000,26532000000,-13172000000,-20505000000,49263000000,,0.371,,,,,,true,false,12,2017-04-01,2018-03-31,0
2018-05-14,59290,2017-03-31,,353922000000,-0.032,,,,,26440000000,-0.016,25278000000,-0.034,,17070000000,,74.61,74.37,0.127,0.080,0.075,,323393000000,139905000000,0.430,607.16,138911000000,23670000000,-8006000000,-838000000,56290000000,,0.335,,,,,,true,false,12,2016-04-01,2017-03-31,-1
2018-05-14,59290,2019-03-31,,183000000000,0.057,,,,,9250000000,0.023,8800000000,0.000,,5400000000,,24.00,,,,,,,,,,,,,,,,,,,,,,true,true,6,2018-04-01,2018-09-30,1
2018-05-14,59290,2019-03-31,,407000000000,0.055,,,,,31500000000,0.112,31000000000,0.111,,20600000000,,91.56,,,,,,,,,,,,,,,,0.349,,,,,,true,true,12,2018-04-01,2019-03-31,1
2018-05-14,59290,2018-03-31,,,,,,4472000000,-0.769,1254000000,-0.922,1442000000,-0.910,122000000,,-0.993,0.54,0.54,,,,,219252000000,137915000000,0.628,612.06,137701000000,,,,,30.00,,,,235000000,10019997,225761148,false,false,12,2017-04-01,2018-03-31,0
2018-05-14,59290,2017-03-31,,,,,,19353000000,0.236,15992000000,0.289,16024000000,0.290,16451000000,,0.781,71.91,71.67,,,,,223119000000,147204000000,0.658,642.08,146902000000,,,,,25.00,,,,239000000,10209656,228782132,false,false,12,2016-04-01,2017-03-31,-1
2018-05-14,59290,2019-03-31,,,,,,,,,,,,,,,,,,,,,,,,,,,,,,32.00,,,,,,,false,true,12,2018-04-01,2019-03-31,1
2018-07-31,59290,2019-03-31,1,76604000000,0.073,,,,,11000000,0.607,-17000000,,,-134000000,,-0.60,,,,,,323747000000,144690000000,0.444,,143642000000,,,,,,,,,,,,true,false,3,2018-04-01,2018-06-30,0
2018-07-31,59290,2018-03-31,1,71381000000,0.041,,,,,7000000,,-153000000,,,47000000,,0.21,0.21,,,,,,,,,,,,,,,,,,,,,true,false,3,2017-04-01,2017-06-30,-1
2018-07-31,59290,2019-03-31,1,183000000000,0.057,,,,,9250000000,0.023,8800000000,0.000,,5400000000,,24.00,,,,,,,,,,,,,,,,,,,,,,true,true,6,2018-04-01,2018-09-30,0
2018-07-31,59290,2019-03-31,1,407000000000,0.055,,,,,31500000000,0.112,31000000000,0.111,,20600000000,,91.56,,,,,,,,,,,,,,,,,,,,,,true,true,12,2018-04-01,2019-03-31,0
2018-07-31,59290,2018-03-31,1,,,,,,,,,,,,,,,,,,,,331686000000,151121000000,0.452,,150082000000,,,,,,,,,,,,true,false,12,2017-04-01,2018-03-31,-1
2018-07-31,59290,2018-03-31,1,,,,,,,,,,,,,,,,,,,,,,,,,,,,,30.00,,,,235000000,10019997,,false,false,12,2017-04-01,2018-03-31,-1
2018-07-31,59290,2019-03-31,1,,,,,,,,,,,,,,,,,,,,,,,,,,,,,32.00,,,,,,,false,true,12,2018-04-01,2019-03-31,0
2018-07-31,59290,2019-03-31,1,,,,,,,,,,,,,,,,,,,,,,,,,,,,,,,,,235000000,10020368,224979815,false,false,3,2018-04-01,2018-06-30,0
2018-07-31,59290,2018-03-31,1,,,,,,,,,,,,,,,,,,,,,,,,,,,,,,,,,,,227517266,false,false,3,2017-04-01,2017-06-30,-1
2018-10-31,59290,2019-03-31,2,183911000000,0.062,,,,,9741000000,0.077,9248000000,0.051,,5933000000,,26.37,26.31,,,,,330990000000,150795000000,0.452,,149726000000,,,,,,,,,,,,true,false,6,2018-04-01,2018-09-30,0
2018-10-31,59290,2018-03-31,2,173125000000,0.079,,,,,9045000000,0.134,8798000000,0.221,,5726000000,,25.29,25.22,,,,,,,,,,,,,,,,,,,,,true,false,6,2017-04-01,2017-09-30,-1
2018-10-31,59290,2019-03-31,2,407000000000,0.055,,,,,31500000000,0.112,31000000000,0.111,,20600000000,,91.56,,,,,,,,,,,,,,,,,,,,,,true,true,12,2018-04-01,2019-03-31,0
2018-10-31,59290,2018-03-31,2,,,,,,,,,,,,,,,,,,,,331686000000,151121000000,0.452,,150082000000,,,,,,,,,,,,true,false,12,2017-04-01,2018-03-31,-1
2018-10-31,59290,2018-03-31,2,,,,,,,,,,,,,,,,,,,,,,,,,,,,,30.00,,,,235000000,10019997,,false,false,12,2017-04-01,2018-03-31,-1
2018-10-31,59290,2019-03-31,2,,,,,,,,,,,,,,,,,,,,,,,,,,,,,16.00,,,,,,,false,false,12,2018-04-01,2019-03-31,0
2018-10-31,59290,2019-03-31,2,,,,,,,,,,,,,,,,,,,,,,,,,,,,,32.00,,,,,,,false,true,12,2018-04-01,2019-03-31,0
2018-10-31,59290,2019-03-31,2,,,,,,,,,,,,,,,,,,,,,,,,,,,,,,,,,235000000,10020599,224979663,false,false,6,2018-04-01,2018-09-30,0
2018-10-31,59290,2018-03-31,2,,,,,,,,,,,,,,,,,,,,,,,,,,,,,,,,,,,226387930,false,false,6,2017-04-01,2017-09-30,-1
2019-01-31,59290,2019-03-31,3,276861000000,0.077,,,,,15421000000,0.167,14908000000,0.161,,10026000000,,44.57,44.47,,,,,341428000000,153099000000,0.445,,152032000000,,,,,,,,,,,,true,false,9,2018-04-01,2018-12-31,0
2019-01-31,59290,2018-03-31,3,256995000000,0.088,,,,,13209000000,0.141,12836000000,0.214,,8271000000,,36.60,36.51,,,,,,,,,,,,,,,,,,,,,true,false,9,2017-04-01,2017-12-31,-1
2019-01-31,59290,2019-03-31,3,407000000000,0.055,,,,,31500000000,0.112,31000000000,0.111,,20600000000,,91.56,,,,,,,,,,,,,,,,,,,,,,true,true,12,2018-04-01,2019-03-31,0
2019-01-31,59290,2018-03-31,3,,,,,,,,,,,,,,,,,,,,331686000000,151121000000,0.452,,150082000000,,,,,,,,,,,,true,false,12,2017-04-01,2018-03-31,-1
2019-01-31,59290,2018-03-31,3,,,,,,,,,,,,,,,,,,,,,,,,,,,,,30.00,,,,235000000,10019997,,false,false,12,2017-04-01,2018-03-31,-1
2019-01-31,59290,2019-03-31,3,,,,,,,,,,,,,,,,,,,,,,,,,,,,,16.00,,,,,,,false,false,12,2018-04-01,2019-03-31,0
2019-01-31,59290,2019-03-31,3,,,,,,,,,,,,,,,,,,,,,,,,,,,,,32.00,,,,,,,false,true,12,2018-04-01,2019-03-31,0
2019-01-31,59290,2019-03-31,3,,,,,,,,,,,,,,,,,,,,,,,,,,,,,,,,,235000000,10020772,224979539,false,false,9,2018-04-01,2018-12-31,0
2019-01-31,59290,2018-03-31,3,,,,,,,,,,,,,,,,,,,,,,,,,,,,,,,,,,,225965729,false,false,9,2017-04-01,2017-12-31,-1
2019-05-14,59290,2019-03-31,,409990000000,0.063,,,,,31593000000,0.115,30437000000,0.091,,20910000000,,92.95,92.73,0.135,0.091,0.077,,338432000000,161603000000,0.474,713.50,160522000000,24271000000,-13677000000,-11349000000,47977000000,,0.344,,,,,,true,false,12,2018-04-01,2019-03-31,0
2019-05-14,59290,2018-03-31,,385673000000,0.090,,,,,28322000000,0.071,27898000000,0.104,,18280000000,,80.97,80.77,0.127,0.085,0.073,,331686000000,151121000000,0.452,667.09,150082000000,26532000000,-13172000000,-20505000000,49263000000,,0.371,,,,,,true,false,12,2017-04-01,2018-03-31,-1
2019-05-14,59290,2020-03-31,,190000000000,0.033,,,,,10000000000,0.027,9600000000,0.038,,6100000000,,27.11,,,,,,,,,,,,,,,,,,,,,,true,true,6,2019-04-01,2019-09-30,1
2019-05-14,59290,2020-03-31,,425000000000,0.037,,,,,34000000000,0.076,33000000000,0.084,,22000000000,,97.79,,,,,,,,,,,,,,,,0.348,,,,,,true,true,12,2019-04-01,2020-03-31,1
2019-05-14,59290,2019-03-31,,,,,,12595000000,1.816,9260000000,6.380,9443000000,5.549,8382000000,,,37.26,37.17,,,,,214746000000,138100000000,0.642,612.73,137852000000,,,,,32.00,,,,235000000,10020866,224979452,false,false,12,2018-04-01,2019-03-31,0
2019-05-14,59290,2018-03-31,,,,,,4472000000,-0.769,1254000000,-0.922,1442000000,-0.910,122000000,,-0.993,0.54,0.54,,,,,219252000000,137915000000,0.628,612.06,137701000000,,,,,30.00,,,,235000000,10019997,225761148,false,false,12,2017-04-01,2018-03-31,-1
2019-05-14,59290,2020-03-31,,,,,,,,,,,,,,,,,,,,,,,,,,,,,,34.00,,,,,,,false,true,12,2019-04-01,2020-03-31,1
2019-07-31,59290,2020-03-31,1,82385000000,0.075,,,,,696000000,,630000000,,,280000000,,1.25,1.24,,,,,338281000000,157646000000,0.461,,156028000000,,,,,,,,,,,,true,false,3,2019-04-01,2019-06-30,0
2019-07-31,59290,2019-03-31,1,76604000000,0.073,,,,,11000000,0.607,-17000000,,,-134000000,,-0.60,,,,,,,,,,,,,,,,,,,,,,true,false,3,2018-04-01,2018-06-30,-1
2019-07-31,59290,2020-03-31,1,190000000000,0.033,,,,,10000000000,0.027,9600000000,0.038,,6100000000,,27.11,,,,,,,,,,,,,,,,,,,,,,true,true,6,2019-04-01,2019-09-30,0
2019-07-31,59290,2020-03-31,1,425000000000,0.037,,,,,34000000000,0.076,33000000000,0.084,,22000000000,,97.79,,,,,,,,,,,,,,,,,,,,,,true,true,12,2019-04-01,2020-03-31,0
2019-07-31,59290,2019-03-31,1,,,,,,,,,,,,,,,,,,,,338432000000,161603000000,0.474,,160522000000,,,,,,,,,,,,true,false,12,2018-04-01,2019-03-31,-1
2019-07-31,59290,2019-03-31,1,,,,,,,,,,,,,,,,,,,,,,,,,,,,,32.00,,,,235000000,10020866,,false,false,12,2018-04-01,2019-03-31,-1
2019-07-31,59290,2020-03-31,1,,,,,,,,,,,,,,,,,,,,,,,,,,,,,34.00,,,,,,,false,true,12,2019-04-01,2020-03-31,0
2019-07-31,59290,2020-03-31,1,,,,,,,,,,,,,,,,,,,,,,,,,,,,,,,,,235000000,10021012,224979055,false,false,3,2019-04-01,2019-06-30,0
2019-07-31,59290,2019-03-31,1,,,,,,,,,,,,,,,,,,,,,,,,,,,,,,,,,,,224979815,false,false,3,2018-04-01,2018-06-30,-1
2019-10-31,59290,2020-03-31,2,199167000000,0.083,,,,,11064000000,0.136,10786000000,0.166,,6945000000,,30.95,30.87,,,,,341124000000,158995000000,0.461,,157382000000,,,,,,,,,,,,true,false,6,2019-04-01,2019-09-30,0
2019-10-31,59290,2019-03-31,2,183911000000,0.062,,,,,9741000000,0.077,9248000000,0.051,,5933000000,,26.37,26.31,,,,,,,,,,,,,,,,,,,,,true,false,6,2018-04-01,2018-09-30,-1
2019-10-31,59290,2020-03-31,2,425000000000,0.037,,,,,34000000000,0.076,33000000000,0.084,,22000000000,,97.79,,,,,,,,,,,,,,,,,,,,,,true,true,12,2019-04-01,2020-03-31,0
2019-10-31,59290,2019-03-31,2,,,,,,,,,,,,,,,,,,,,338432000000,161603000000,0.474,,160522000000,,,,,,,,,,,,true,false,12,2018-04-01,2019-03-31,-1
2019-10-31,59290,2019-03-31,2,,,,,,,,,,,,,,,,,,,,,,,,,,,,,32.00,,,,235000000,10020866,,false,false,12,2018-04-01,2019-03-31,-1
2019-10-31,59290,2020-03-31,2,,,,,,,,,,,,,,,,,,,,,,,,,,,,,17.00,,,,,,,false,false,12,2019-04-01,2020-03-31,0
2019-10-31,59290,2020-03-31,2,,,,,,,,,,,,,,,,,,,,,,,,,,,,,34.00,,,,,,,false,true,12,2019-04-01,2020-03-31,0
2019-10-31,59290,2020-03-31,2,,,,,,,,,,,,,,,,,,,,,,,,,,,,,,,,,235000000,12316264,224439543,false,false,6,2019-04-01,2019-09-30,0
2019-10-31,59290,2019-03-31,2,,,,,,,,,,,,,,,,,,,,,,,,,,,,,,,,,,,224979663,false,false,6,2018-04-01,2018-09-30,-1
2020-01-31,59290,2020-03-31,3,296449000000,0.071,,,,,16487000000,0.069,16037000000,0.076,,10403000000,,46.56,46.44,,,,,353015000000,154739000000,0.434,,153200000000,,,,,,,,,,,,true,false,9,2019-04-01,2019-12-31,0
2020-01-31,59290,2019-03-31,3,276861000000,0.077,,,,,15421000000,0.167,14908000000,0.161,,10026000000,,44.57,44.47,,,,,,,,,,,,,,,,,,,,,true,false,9,2018-04-01,2018-12-31,-1
2020-01-31,59290,2020-03-31,3,425000000000,0.037,,,,,34000000000,0.076,33000000000,0.084,,22000000000,,98.72,,,,,,,,,,,,,,,,,,,,,,true,true,12,2019-04-01,2020-03-31,0
2020-01-31,59290,2019-03-31,3,,,,,,,,,,,,,,,,,,,,338432000000,161603000000,0.474,,160522000000,,,,,,,,,,,,true,false,12,2018-04-01,2019-03-31,-1
2020-01-31,59290,2019-03-31,3,,,,,,,,,,,,,,,,,,,,,,,,,,,,,32.00,,,,235000000,10020866,,false,false,12,2018-04-01,2019-03-31,-1
2020-01-31,59290,2020-03-31,3,,,,,,,,,,,,,,,,,,,,,,,,,,,,,17.00,,,,,,,false,false,12,2019-04-01,2020-03-31,0
2020-01-31,59290,2020-03-31,3,,,,,,,,,,,,,,,,,,,,,,,,,,,,,34.00,,,,,,,false,true,12,2019-04-01,2020-03-31,0
2020-01-31,59290,2020-03-31,3,,,,,,,,,,,,,,,,,,,,,,,,,,,,,,,,,235000000,14154350,223454846,false,false,9,2019-04-01,2019-12-31,0
2020-01-31,59290,2019-03-31,3,,,,,,,,,,,,,,,,,,,,,,,,,,,,,,,,,,,224979539,false,false,9,2018-04-01,2018-12-31,-1
2020-05-14,59290,2020-03-31,,440161000000,0.074,,,,,34217000000,0.083,33469000000,0.100,,21647000000,,97.14,96.89,0.133,0.097,0.078,,354023000000,165633000000,0.463,742.90,164065000000,32301000000,-16622000000,-10466000000,54618000000,,0.350,,,,,,true,false,12,2019-04-01,2020-03-31,0
2020-05-14,59290,2019-03-31,,409990000000,0.063,,,,,31593000000,0.115,30437000000,0.091,,20910000000,,92.95,92.73,0.135,0.091,0.077,,338432000000,161603000000,0.474,713.50,160522000000,24271000000,-13677000000,-11349000000,47977000000,,0.344,,,,,,true,false,12,2018-04-01,2019-03-31,-1
2020-05-14,59290,2021-03-31,,178000000000,-0.106,,,,,5100000000,-0.539,4600000000,-0.574,,2300000000,,10.41,,,,,,,,,,,,,,,,,,,,,,true,true,6,2020-04-01,2020-09-30,1
2020-05-14,59290,2021-03-31,,390000000000,-0.114,,,,,22000000000,-0.357,21000000000,-0.373,,12500000000,,56.60,,,,,,,,,,,,,,,,0.601,,,,,,true,true,12,2020-04-01,2021-03-31,1
2020-05-14,59290,2020-03-31,,,,,,16096000000,0.278,12919000000,0.395,13034000000,0.380,11010000000,,0.313,49.41,49.28,,,,,222257000000,134755000000,0.605,608.90,134473000000,,,,,34.00,,,,231000000,10154344,222852722,false,false,12,2019-04-01,2020-03-31,0
2020-05-14,59290,2019-03-31,,,,,,12595000000,1.816,9260000000,6.380,9443000000,5.549,8382000000,,,37.26,37.17,,,,,214746000000,138100000000,0.642,612.73,137852000000,,,,,32.00,,,,235000000,10020866,224979452,false,false,12,2018-04-01,2019-03-31,-1
2020-05-14,59290,2021-03-31,,,,,,,,,,,,,,,,,,,,,,,,,,,,,,34.00,,,,,,,false,true,12,2020-04-01,2021-03-31,1
2020-07-31,59290,2021-03-31,1,82843000000,0.006,,,,,344000000,-0.505,12000000,-0.979,,-172000000,,-0.78,,,,,,346951000000,161505000000,0.461,,159865000000,,,,,,,,,,,,true,false,3,2020-04-01,2020-06-30,0
2020-07-31,59290,2020-03-31,1,82385000000,0.075,,,,,696000000,,630000000,,,280000000,,1.25,1.24,,,,,,,,,,,,,,,,,,,,,true,false,3,2019-04-01,2019-06-30,-1
2020-07-31,59290,2021-03-31,1,178000000000,-0.106,,,,,5100000000,-0.539,4600000000,-0.574,,2300000000,,10.41,,,,,,,,,,,,,,,,,,,,,,true,true,6,2020-04-01,2020-09-30,0
2020-07-31,59290,2021-03-31,1,390000000000,-0.114,,,,,22000000000,-0.357,21000000000,-0.373,,12500000000,,56.60,,,,,,,,,,,,,,,,,,,,,,true,true,12,2020-04-01,2021-03-31,0
2020-07-31,59290,2020-03-31,1,,,,,,,,,,,,,,,,,,,,354023000000,165633000000,0.463,,164065000000,,,,,,,,,,,,true,false,12,2019-04-01,2020-03-31,-1
2020-07-31,59290,2020-03-31,1,,,,,,,,,,,,,,,,,,,,,,,,,,,,,34.00,,,,231000000,10154344,,false,false,12,2019-04-01,2020-03-31,-1
2020-07-31,59290,2021-03-31,1,,,,,,,,,,,,,,,,,,,,,,,,,,,,,34.00,,,,,,,false,true,12,2020-04-01,2021-03-31,0
2020-07-31,59290,2021-03-31,1,,,,,,,,,,,,,,,,,,,,,,,,,,,,,,,,,231000000,10106764,220857548,false,false,3,2020-04-01,2020-06-30,0
2020-07-31,59290,2020-03-31,1,,,,,,,,,,,,,,,,,,,,,,,,,,,,,,,,,,,224979055,false,false,3,2019-04-01,2019-06-30,-1
2020-10-19,59290,2021-03-31,,190900000000,0.072,,,,,9500000000,0.863,9000000000,0.957,,5800000000,,26.26,,,,,,,,,,,,,,,,,,,,,,true,true,6,2020-04-01,2020-09-30,0
2020-10-19,59290,2020-03-31,,199167000000,,,,,,11064000000,,10786000000,,,6945000000,,30.95,,,,,,,,,,,,,,,,,,,,,,true,false,6,2019-04-01,2019-09-30,-1
2020-10-30,59290,2021-03-31,2,190949000000,-0.041,,,,,9579000000,-0.134,9069000000,-0.159,,5807000000,,26.29,26.22,,,,,350646000000,167756000000,0.474,,166079000000,,,,,,,,,,,,true,false,6,2020-04-01,2020-09-30,0
2020-10-30,59290,2020-03-31,2,199167000000,0.083,,,,,11064000000,0.136,10786000000,0.166,,6945000000,,30.95,30.87,,,,,,,,,,,,,,,,,,,,,true,false,6,2019-04-01,2019-09-30,-1
2020-10-30,59290,2021-03-31,2,420000000000,-0.046,,,,,30000000000,-0.123,29000000000,-0.134,,18000000000,,81.49,,,,,,,,,,,,,,,,,,,,,,true,true,12,2020-04-01,2021-03-31,0
2020-10-30,59290,2020-03-31,2,,,,,,,,,,,,,,,,,,,,354023000000,165633000000,0.463,,164065000000,,,,,,,,,,,,true,false,12,2019-04-01,2020-03-31,-1
2020-10-30,59290,2020-03-31,2,,,,,,,,,,,,,,,,,,,,,,,,,,,,,34.00,,,,231000000,10154344,,false,false,12,2019-04-01,2020-03-31,-1
2020-10-30,59290,2021-03-31,2,,,,,,,,,,,,,,,,,,,,,,,,,,,,,17.00,,,,,,,false,false,12,2020-04-01,2021-03-31,0
2020-10-30,59290,2021-03-31,2,,,,,,,,,,,,,,,,,,,,,,,,,,,,,34.00,,,,,,,false,true,12,2020-04-01,2021-03-31,0
2020-10-30,59290,2021-03-31,2,,,,,,,,,,,,,,,,,,,,,,,,,,,,,,,,,231000000,10107040,220872780,false,false,6,2020-04-01,2020-09-30,0
2020-10-30,59290,2020-03-31,2,,,,,,,,,,,,,,,,,,,,,,,,,,,,,,,,,,,224439543,false,false,6,2019-04-01,2019-09-30,-1
2020-10-30,59290,2021-03-31,,420000000000,0.077,,,,,30000000000,0.364,29000000000,0.381,,18000000000,,81.49,,,,,,,,,,,,,,,,,,,,,,true,true,12,2020-04-01,2021-03-31,0
2020-10-30,59290,2020-03-31,,440161000000,,,,,,34217000000,,33469000000,,,21647000000,,97.14,,,,,,,,,,,,,,,,,,,,,,true,false,12,2019-04-01,2020-03-31,-1
2021-01-29,59290,2021-03-31,3,290063000000,-0.022,,,,,16717000000,0.014,16165000000,0.008,,10666000000,,48.29,48.17,,,,,365753000000,169148000000,0.458,,167487000000,,,,,,,,,,,,true,false,9,2020-04-01,2020-12-31,0
2021-01-29,59290,2020-03-31,3,296449000000,0.071,,,,,16487000000,0.069,16037000000,0.076,,10403000000,,46.56,46.44,,,,,,,,,,,,,,,,,,,,,true,false,9,2019-04-01,2019-12-31,-1
2021-01-29,59290,2021-03-31,3,420000000000,-0.046,,,,,30000000000,-0.123,29000000000,-0.134,,18000000000,,81.49,,,,,,,,,,,,,,,,,,,,,,true,true,12,2020-04-01,2021-03-31,0
2021-01-29,59290,2020-03-31,3,,,,,,,,,,,,,,,,,,,,354023000000,165633000000,0.463,,164065000000,,,,,,,,,,,,true,false,12,2019-04-01,2020-03-31,-1
2021-01-29,59290,2020-03-31,3,,,,,,,,,,,,,,,,,,,,,,,,,,,,,34.00,,,,231000000,10154344,,false,false,12,2019-04-01,2020-03-31,-1
2021-01-29,59290,2021-03-31,3,,,,,,,,,,,,,,,,,,,,,,,,,,,,,17.00,,,,,,,false,false,12,2020-04-01,2021-03-31,0
2021-01-29,59290,2021-03-31,3,,,,,,,,,,,,,,,,,,,,,,,,,,,,,34.00,,,,,,,false,true,12,2020-04-01,2021-03-31,0
2021-01-29,59290,2021-03-31,3,,,,,,,,,,,,,,,,,,,,,,,,,,,,,,,,,231000000,10107437,220878752,false,false,9,2020-04-01,2020-12-31,0
2021-01-29,59290,2020-03-31,3,,,,,,,,,,,,,,,,,,,,,,,,,,,,,,,,,,,223454846,false,false,9,2019-04-01,2019-12-31,-1
2021-05-14,59290,2021-03-31,,427061000000,-0.030,,,,,33077000000,-0.033,32142000000,-0.040,,21251000000,,96.21,95.97,0.124,0.088,0.077,,375159000000,181387000000,0.479,814.10,179827000000,50144000000,-11177000000,-6102000000,87795000000,,0.353,,,,,,true,false,12,2020-04-01,2021-03-31,0
2021-05-14,59290,2020-03-31,,440161000000,0.074,,,,,34217000000,0.083,33469000000,0.100,,21647000000,,97.14,96.89,0.133,0.097,0.078,,354023000000,165633000000,0.463,742.90,164065000000,32301000000,-16622000000,-10466000000,54618000000,,0.350,,,,,,true,false,12,2019-04-01,2020-03-31,-1
2021-05-14,59290,2022-03-31,,205000000000,0.074,,,,,11300000000,0.180,10800000000,0.191,,7100000000,,32.14,,,,,,,,,,,,,,,,,,,,,,true,true,6,2021-04-01,2021-09-30,1
2021-05-14,59290,2022-03-31,,450000000000,0.054,,,,,34000000000,0.028,32700000000,0.017,,21600000000,,97.79,,,,,,,,,,,,,,,,0.348,,,,,,true,true,12,2021-04-01,2022-03-31,1
2021-05-14,59290,2021-03-31,,,,,,16087000000,-0.001,13100000000,0.014,13296000000,0.020,11371000000,,0.033,51.48,51.35,,,,,243379000000,140541000000,0.576,634.98,140261000000,,,,,34.00,,,,231000000,10107727,220881904,false,false,12,2020-04-01,2021-03-31,0
2021-05-14,59290,2020-03-31,,,,,,16096000000,0.278,12919000000,0.395,13034000000,0.380,11010000000,,0.313,49.41,49.28,,,,,222257000000,134755000000,0.605,608.90,134473000000,,,,,34.00,,,,231000000,10154344,222852722,false,false,12,2019-04-01,2020-03-31,-1
2021-05-14,59290,2022-03-31,,,,,,,,,,,,,,,,,,,,,,,,,,,,,,34.00,,,,,,,false,true,12,2021-04-01,2022-03-31,1
2021-07-30,59290,2022-03-31,1,99186000000,0.197,,,,,3739000000,9.845,3728000000,,,2419000000,,10.95,10.93,,,,,370239000000,184315000000,0.494,,182713000000,,,,,,,,,,,,true,false,3,2021-04-01,2021-06-30,0
2021-07-30,59290,2021-03-31,1,82843000000,0.006,,,,,344000000,-0.505,12000000,-0.979,,-172000000,,-0.78,,,,,,,,,,,,,,,,,,,,,,true,false,3,2020-04-01,2020-06-30,-1
2021-07-30,59290,2022-03-31,1,205000000000,0.074,,,,,11300000000,0.180,10800000000,0.191,,7100000000,,32.14,,,,,,,,,,,,,,,,,,,,,,true,true,6,2021-04-01,2021-09-30,0
2021-07-30,59290,2022-03-31,1,450000000000,0.054,,,,,34000000000,0.028,32700000000,0.017,,21600000000,,97.79,,,,,,,,,,,,,,,,,,,,,,true,true,12,2021-04-01,2022-03-31,0
2021-07-30,59290,2021-03-31,1,,,,,,,,,,,,,,,,,,,,375159000000,181387000000,0.479,,179827000000,,,,,,,,,,,,true,false,12,2020-04-01,2021-03-31,-1
2021-07-30,59290,2021-03-31,1,,,,,,,,,,,,,,,,,,,,,,,,,,,,,34.00,,,,231000000,10107727,,false,false,12,2020-04-01,2021-03-31,-1
2021-07-30,59290,2022-03-31,1,,,,,,,,,,,,,,,,,,,,,,,,,,,,,34.00,,,,,,,false,true,12,2021-04-01,2022-03-31,0
2021-07-30,59290,2022-03-31,1,,,,,,,,,,,,,,,,,,,,,,,,,,,,,,,,,231000000,10107830,220892219,false,false,3,2021-04-01,2021-06-30,0
2021-07-30,59290,2021-03-31,1,,,,,,,,,,,,,,,,,,,,,,,,,,,,,,,,,,,220857548,false,false,3,2020-04-01,2020-06-30,-1
2021-10-29,59290,2022-03-31,2,216500000000,0.134,,,,,14356000000,0.499,13927000000,0.536,,9135000000,,41.35,41.25,,,,,377405000000,192109000000,0.505,,190435000000,,,,,,,,,,,,true,false,6,2021-04-01,2021-09-30,0
2021-10-29,59290,2021-03-31,2,190949000000,-0.041,,,,,9579000000,-0.134,9069000000,-0.159,,5807000000,,26.29,26.22,,,,,,,,,,,,,,,,,,,,,true,false,6,2020-04-01,2020-09-30,-1
2021-10-29,59290,2022-03-31,2,457000000000,0.070,,,,,34000000000,0.028,32700000000,0.017,,21600000000,,97.77,,,,,,,,,,,,,,,,,,,,,,true,true,12,2021-04-01,2022-03-31,0
2021-10-29,59290,2021-03-31,2,,,,,,,,,,,,,,,,,,,,375159000000,181387000000,0.479,,179827000000,,,,,,,,,,,,true,false,12,2020-04-01,2021-03-31,-1
2021-10-29,59290,2021-03-31,2,,,,,,,,,,,,,,,,,,,,,,,,,,,,,34.00,,,,231000000,10107727,,false,false,12,2020-04-01,2021-03-31,-1
2021-10-29,59290,2022-03-31,2,,,,,,,,,,,,,,,,,,,,,,,,,,,,,17.00,,,,,,,false,false,12,2021-04-01,2022-03-31,0
2021-10-29,59290,2022-03-31,2,,,,,,,,,,,,,,,,,,,,,,,,,,,,,34.00,,,,,,,false,true,12,2021-04-01,2022-03-31,0
2021-10-29,59290,2022-03-31,2,,,,,,,,,,,,,,,,,,,,,,,,,,,,,,,,,231000000,10063425,220911250,false,false,6,2021-04-01,2021-09-30,0
2021-10-29,59290,2021-03-31,2,,,,,,,,,,,,,,,,,,,,,,,,,,,,,,,,,,,220872780,false,false,6,2020-04-01,2020-09-30,-1
2022-01-31,59290,2022-03-31,3,327173000000,0.128,,,,,19145000000,0.145,18379000000,0.137,,11694000000,,52.94,52.80,,,,,384436000000,190486000000,0.491,,188882000000,,,,,,,,,,,,true,false,9,2021-04-01,2021-12-31,0
2022-01-31,59290,2021-03-31,3,290063000000,-0.022,,,,,16717000000,0.014,16165000000,0.008,,10666000000,,48.29,48.17,,,,,,,,,,,,,,,,,,,,,true,false,9,2020-04-01,2020-12-31,-1
2022-01-31,59290,2022-03-31,3,457000000000,0.070,,,,,34000000000,0.028,32700000000,0.017,,21600000000,,97.77,,,,,,,,,,,,,,,,,,,,,,true,true,12,2021-04-01,2022-03-31,0
2022-01-31,59290,2021-03-31,3,,,,,,,,,,,,,,,,,,,,375159000000,181387000000,0.479,,179827000000,,,,,,,,,,,,true,false,12,2020-04-01,2021-03-31,-1
2022-01-31,59290,2021-03-31,3,,,,,,,,,,,,,,,,,,,,,,,,,,,,,34.00,,,,231000000,10107727,,false,false,12,2020-04-01,2021-03-31,-1
2022-01-31,59290,2022-03-31,3,,,,,,,,,,,,,,,,,,,,,,,,,,,,,17.00,,,,,,,false,false,12,2021-04-01,2022-03-31,0
2022-01-31,59290,2022-03-31,3,,,,,,,,,,,,,,,,,,,,,,,,,,,,,34.00,,,,,,,false,true,12,2021-04-01,2022-03-31,0
2022-01-31,59290,2022-03-31,3,,,,,,,,,,,,,,,,,,,,,,,,,,,,,,,,,231000000,10063694,220918780,false,false,9,2021-04-01,2021-12-31,0
2022-01-31,59290,2021-03-31,3,,,,,,,,,,,,,,,,,,,,,,,,,,,,,,,,,,,220878752,false,false,9,2020-04-01,2020-12-31,-1
2022-05-13,59290,2022-03-31,,468956000000,0.098,,,,,35487000000,0.073,34122000000,0.062,,22842000000,,103.40,103.13,0.120,0.090,0.076,,386237000000,203311000000,0.522,912.70,201649000000,20526000000,-21353000000,-27363000000,61397000000,,0.348,,,,,,true,false,12,2021-04-01,2022-03-31,0
2022-05-13,59290,2021-03-31,,427061000000,-0.030,,,,,33077000000,-0.033,32142000000,-0.040,,21251000000,,96.21,95.97,0.124,0.088,0.077,,375159000000,181387000000,0.479,814.10,179827000000,50144000000,-11177000000,-6102000000,87795000000,,0.353,,,,,,true,false,12,2020-04-01,2021-03-31,-1
2022-05-13,59290,2023-03-31,,244000000000,0.127,,,,,15000000000,0.045,14200000000,0.020,,9400000000,,42.55,,,,,,,,,,,,,,,,,,,,,,true,true,6,2022-04-01,2022-09-30,1
2022-05-13,59290,2023-03-31,,518000000000,0.105,,,,,39000000000,0.099,38000000000,0.114,,25000000000,,113.15,,,,,,,,,,,,,,,,0.398,,,,,,true,true,12,2022-04-01,2023-03-31,1
2022-05-13,59290,2022-03-31,,,,,,16978000000,0.055,13674000000,0.044,14257000000,0.072,13314000000,,0.171,60.27,60.11,,,,,232555000000,145801000000,0.626,658.63,145515000000,,,,,36.00,,,,231000000,10063915,220922780,false,false,12,2021-04-01,2022-03-31,0
2022-05-13,59290,2021-03-31,,,,,,16087000000,-0.001,13100000000,0.014,13296000000,0.020,11371000000,,0.033,51.48,51.35,,,,,243379000000,140541000000,0.576,634.98,140261000000,,,,,34.00,,,,231000000,10107727,220881904,false,false,12,2020-04-01,2021-03-31,-1
2022-05-13,59290,2023-03-31,,,,,,,,,,,,,,,,,,,,,,,,,,,,,,45.00,,,,,,,false,true,12,2022-04-01,2023-03-31,1
2022-07-29,59290,2023-03-31,1,118957000000,0.199,,,,,4880000000,0.305,3938000000,0.056,,2575000000,,11.66,11.63,,,,,400057000000,208818000000,0.518,,207100000000,,,,,,,,,,,,true,false,3,2022-04-01,2022-06-30,0
2022-07-29,59290,2022-03-31,1,99186000000,0.197,,,,,3739000000,9.845,3728000000,,,2419000000,,10.95,10.93,,,,,,,,,,,,,,,,,,,,,true,false,3,2021-04-01,2021-06-30,-1
2022-07-29,59290,2023-03-31,1,261000000000,0.206,,,,,20000000000,0.393,18000000000,0.292,,12000000000,,54.31,,,,,,,,,,,,,,,,,,,,,,true,true,6,2022-04-01,2022-09-30,0
2022-07-29,59290,2023-03-31,1,545000000000,0.162,,,,,45000000000,0.268,42000000000,0.231,,28000000000,,126.74,,,,,,,,,,,,,,,,,,,,,,true,true,12,2022-04-01,2023-03-31,0
2022-07-29,59290,2022-03-31,1,,,,,,,,,,,,,,,,,,,,386237000000,203311000000,0.522,,201649000000,,,,,,,,,,,,true,false,12,2021-04-01,2022-03-31,-1
2022-07-29,59290,2022-03-31,1,,,,,,,,,,,,,,,,,,,,,,,,,,,,,36.00,,,,231000000,10063915,,false,false,12,2021-04-01,2022-03-31,-1
2022-07-29,59290,2023-03-31,1,,,,,,,,,,,,,,,,,,,,,,,,,,,,,50.00,,,,,,,false,true,12,2022-04-01,2023-03-31,0
2022-07-29,59290,2023-03-31,1,,,,,,,,,,,,,,,,,,,,,,,,,,,,,,,,,231000000,10027237,220945204,false,false,3,2022-04-01,2022-06-30,0
2022-07-29,59290,2022-03-31,1,,,,,,,,,,,,,,,,,,,,,,,,,,,,,,,,,,,220892219,false,false,3,2021-04-01,2021-06-30,-1
2022-10-31,59290,2023-03-31,2,268179000000,0.239,,,,,21494000000,0.497,19852000000,0.425,,13487000000,,61.04,60.88,,,,,423595000000,232077000000,0.544,,230382000000,,,,,,,,,,,,true,false,6,2022-04-01,2022-09-30,0
2022-10-31,59290,2022-03-31,2,216500000000,0.134,,,,,14356000000,0.499,13927000000,0.536,,9135000000,,41.35,41.25,,,,,,,,,,,,,,,,,,,,,true,false,6,2021-04-01,2021-09-30,-1
2022-10-31,59290,2023-03-31,2,545000000000,0.162,,,,,45000000000,0.268,42000000000,0.231,,28000000000,,126.74,,,,,,,,,,,,,,,,,,,,,,true,true,12,2022-04-01,2023-03-31,0
2022-10-31,59290,2022-03-31,2,,,,,,,,,,,,,,,,,,,,386237000000,203311000000,0.522,,201649000000,,,,,,,,,,,,true,false,12,2021-04-01,2022-03-31,-1
2022-10-31,59290,2022-03-31,2,,,,,,,,,,,,,,,,,,,,,,,,,,,,,36.00,,,,231000000,10063915,,false,false,12,2021-04-01,2022-03-31,-1
2022-10-31,59290,2023-03-31,2,,,,,,,,,,,,,,,,,,,,,,,,,,,,,25.00,,,,,,,false,false,12,2022-04-01,2023-03-31,0
2022-10-31,59290,2023-03-31,2,,,,,,,,,,,,,,,,,,,,,,,,,,,,,50.00,,,,,,,false,true,12,2022-04-01,2023-03-31,0
2022-10-31,59290,2023-03-31,2,,,,,,,,,,,,,,,,,,,,,,,,,,,,,,,,,231000000,9985037,220975113,false,false,6,2022-04-01,2022-09-30,0
2022-10-31,59290,2022-03-31,2,,,,,,,,,,,,,,,,,,,,,,,,,,,,,,,,,,,220911250,false,false,6,2021-04-01,2021-09-30,-1
2023-01-31,59290,2023-03-31,3,416926000000,0.274,,,,,35425000000,0.850,33006000000,0.796,,22771000000,,103.04,102.79,,,,,443817000000,242398000000,0.542,,240648000000,,,,,,,,,,,,true,false,9,2022-04-01,2022-12-31,0
2023-01-31,59290,2022-03-31,3,327173000000,0.128,,,,,19145000000,0.145,18379000000,0.137,,11694000000,,52.94,52.80,,,,,,,,,,,,,,,,,,,,,true,false,9,2021-04-01,2021-12-31,-1
2023-01-31,59290,2023-03-31,3,575000000000,0.226,,,,,54000000000,0.522,51000000000,0.495,,31000000000,,140.32,,,,,,,,,,,,,,,,,,,,,,true,true,12,2022-04-01,2023-03-31,0
2023-01-31,59290,2022-03-31,3,,,,,,,,,,,,,,,,,,,,386237000000,203311000000,0.522,,201649000000,,,,,,,,,,,,true,false,12,2021-04-01,2022-03-31,-1
2023-01-31,59290,2022-03-31,3,,,,,,,,,,,,,,,,,,,,,,,,,,,,,36.00,,,,231000000,10063915,,false,false,12,2021-04-01,2022-03-31,-1
2023-01-31,59290,2023-03-31,3,,,,,,,,,,,,,,,,,,,,,,,,,,,,,25.00,,,,,,,false,false,12,2022-04-01,2023-03-31,0
2023-01-31,59290,2023-03-31,3,,,,,,,,,,,,,,,,,,,,,,,,,,,,,50.00,,,,,,,false,true,12,2022-04-01,2023-03-31,0
2023-01-31,59290,2023-03-31,3,,,,,,,,,,,,,,,,,,,,,,,,,,,,,,,,,231000000,9985257,220987015,false,false,9,2022-04-01,2022-12-31,0
2023-01-31,59290,2022-03-31,3,,,,,,,,,,,,,,,,,,,,,,,,,,,,,,,,,,,220918780,false,false,9,2021-04-01,2021-12-31,-1
2023-05-15,59290,2023-03-31,,588159000000,0.254,,,,,56307000000,0.587,52780000000,0.547,,33084000000,,149.71,149.34,0.150,0.127,0.096,,442274000000,242350000000,0.544,1088.87,240656000000,34425000000,-15941000000,-9887000000,71153000000,,0.387,,,,,,true,false,12,2022-04-01,2023-03-31,0
2023-05-15,59290,2022-03-31,,468956000000,0.098,,,,,35487000000,0.073,34122000000,0.062,,22842000000,,103.40,103.13,0.120,0.090,0.076,,386237000000,203311000000,0.522,912.70,201649000000,20526000000,-21353000000,-27363000000,61397000000,,0.348,,,,,,true,false,12,2021-04-01,2022-03-31,-1
2023-05-15,59290,2024-03-31,,274000000000,0.022,,,,,18500000000,-0.139,18500000000,-0.068,,12500000000,,56.56,,,,,,,,,,,,,,,,,,,,,,true,true,6,2023-04-01,2023-09-30,1
2023-05-15,59290,2024-03-31,,580000000000,-0.014,,,,,47500000000,-0.156,46500000000,-0.119,,31800000000,,143.88,,,,,,,,,,,,,,,,0.403,,,,,,true,true,12,2023-04-01,2024-03-31,1
2023-05-15,59290,2023-03-31,,,,,,16368000000,-0.036,12913000000,-0.056,13347000000,-0.064,10545000000,,-0.208,47.72,47.60,,,,,232659000000,147594000000,0.633,666.64,147338000000,,,,,58.00,,,,231000000,9985209,220993425,false,false,12,2022-04-01,2023-03-31,0
2023-05-15,59290,2022-03-31,,,,,,16978000000,0.055,13674000000,0.044,14257000000,0.072,13314000000,,0.171,60.27,60.11,,,,,232555000000,145801000000,0.626,658.63,145515000000,,,,,36.00,,,,231000000,10063915,220922780,false,false,12,2021-04-01,2022-03-31,-1
2023-05-15,59290,2024-03-31,,,,,,,,,,,,,,,,,,,,,,,,,,,,,,58.00,,,,,,,false,true,12,2023-04-01,2024-03-31,1
2023-07-31,59290,2024-03-31,1,132173000000,0.111,,,,,8670000000,0.777,8263000000,1.098,,5833000000,,26.39,26.33,,,,,447318000000,243887000000,0.541,,242107000000,,,,,,,,,,,,true,false,3,2023-04-01,2023-06-30,0
2023-07-31,59290,2023-03-31,1,118957000000,0.199,,,,,4880000000,0.305,3938000000,0.056,,2575000000,,11.66,11.63,,,,,,,,,,,,,,,,,,,,,true,false,3,2022-04-01,2022-06-30,-1
2023-07-31,59290,2024-03-31,1,274000000000,0.022,,,,,18500000000,-0.139,18500000000,-0.068,,12500000000,,56.56,,,,,,,,,,,,,,,,,,,,,,true,true,6,2023-04-01,2023-09-30,0
2023-07-31,59290,2024-03-31,1,580000000000,-0.014,,,,,47500000000,-0.156,46500000000,-0.119,,31800000000,,143.88,,,,,,,,,,,,,,,,,,,,,,true,true,12,2023-04-01,2024-03-31,0
2023-07-31,59290,2023-03-31,1,,,,,,,,,,,,,,,,,,,,442274000000,242350000000,0.544,,240656000000,,,,,,,,,,,,true,false,12,2022-04-01,2023-03-31,-1
2023-07-31,59290,2023-03-31,1,,,,,,,,,,,,,,,,,,,,,,,,,,,,,58.00,,,,231000000,9985209,,false,false,12,2022-04-01,2023-03-31,-1
2023-07-31,59290,2024-03-31,1,,,,,,,,,,,,,,,,,,,,,,,,,,,,,58.00,,,,,,,false,true,12,2023-04-01,2024-03-31,0
2023-07-31,59290,2024-03-31,1,,,,,,,,,,,,,,,,,,,,,,,,,,,,,,,,,231000000,9948870,221042279,false,false,3,2023-04-01,2023-06-30,0
2023-07-31,59290,2023-03-31,1,,,,,,,,,,,,,,,,,,,,,,,,,,,,,,,,,,,220945204,false,false,3,2022-04-01,2022-06-30,-1
2023-10-19,59290,2024-03-31,,285000000000,0.040,,,,,27500000000,0.486,27000000000,0.459,,22000000000,,99.97,,,,,,,,,,,,,,,,,,,,,,true,true,6,2023-04-01,2023-09-30,0
2023-10-19,59290,2023-03-31,,268179000000,,,,,,21494000000,,19852000000,,,13487000000,,61.04,,,,,,,,,,,,,,,,,,,,,,true,false,6,2022-04-01,2022-09-30,-1
2023-10-31,59290,2024-03-31,2,285657000000,0.065,,,,,27733000000,0.290,27163000000,0.368,,22109000000,,100.01,99.77,,,,,478180000000,274206000000,0.569,,272244000000,,,,,,,,,,,,true,false,6,2023-04-01,2023-09-30,0
2023-10-31,59290,2023-03-31,2,268179000000,0.239,,,,,21494000000,0.497,19852000000,0.425,,13487000000,,61.04,60.88,,,,,,,,,,,,,,,,,,,,,true,false,6,2022-04-01,2022-09-30,-1
2023-10-31,59290,2024-03-31,2,600000000000,0.020,,,,,60000000000,0.066,59000000000,0.118,,40000000000,,180.94,,,,,,,,,,,,,,,,,,,,,,true,true,12,2023-04-01,2024-03-31,0
2023-10-31,59290,2023-03-31,2,,,,,,,,,,,,,,,,,,,,442274000000,242350000000,0.544,,240656000000,,,,,,,,,,,,true,false,12,2022-04-01,2023-03-31,-1
2023-10-31,59290,2023-03-31,2,,,,,,,,,,,,,,,,,,,,,,,,,,,,,58.00,,,,231000000,9985209,,false,false,12,2022-04-01,2023-03-31,-1
2023-10-31,59290,2024-03-31,2,,,,,,,,,,,,,,,,,,,,,,,,,,,,,29.00,,,,,,,false,false,12,2023-04-01,2024-03-31,0
2023-10-31,59290,2024-03-31,2,,,,,,,,,,,,,,,,,,,,,,,,,,,,,58.00,,,,,,,false,true,12,2023-04-01,2024-03-31,0
2023-10-31,59290,2024-03-31,2,,,,,,,,,,,,,,,,,,,,,,,,,,,,,,,,,231000000,9914818,221060679,false,false,6,2023-04-01,2023-09-30,0
2023-10-31,59290,2023-03-31,2,,,,,,,,,,,,,,,,,,,,,,,,,,,,,,,,,,,220975113,false,false,6,2022-04-01,2022-09-30,-1
2024-01-31,59290,2024-03-31,3,435472000000,0.044,,,,,41153000000,0.162,40578000000,0.229,,31451000000,,142.36,142.02,,,,,487839000000,279156000000,0.568,,277277000000,,,,,,,,,,,,true,false,9,2023-04-01,2023-12-31,0
2024-01-31,59290,2023-03-31,3,416926000000,0.274,,,,,35425000000,0.850,33006000000,0.796,,22771000000,,103.04,102.79,,,,,,,,,,,,,,,,,,,,,true,false,9,2022-04-01,2022-12-31,-1
2024-01-31,59290,2024-03-31,3,600000000000,0.020,,,,,60000000000,0.066,59000000000,0.118,,40000000000,,180.94,,,,,,,,,,,,,,,,,,,,,,true,true,12,2023-04-01,2024-03-31,0
2024-01-31,59290,2023-03-31,3,,,,,,,,,,,,,,,,,,,,442274000000,242350000000,0.544,,240656000000,,,,,,,,,,,,true,false,12,2022-04-01,2023-03-31,-1
2024-01-31,59290,2023-03-31,3,,,,,,,,,,,,,,,,,,,,,,,,,,,,,58.00,,,,231000000,9985209,,false,false,12,2022-04-01,2023-03-31,-1
2024-01-31,59290,2024-03-31,3,,,,,,,,,,,,,,,,,,,,,,,,,,,,,29.00,,,,,,,false,false,12,2023-04-01,2024-03-31,0
2024-01-31,59290,2024-03-31,3,,,,,,,,,,,,,,,,,,,,,,,,,,,,,58.00,,,,,,,false,true,12,2023-04-01,2024-03-31,0
2024-01-31,59290,2024-03-31,3,,,,,,,,,,,,,,,,,,,,,,,,,,,,,,,,,231000000,10964547,220927065,false,false,9,2023-04-01,2023-12-31,0
2024-01-31,59290,2023-03-31,3,,,,,,,,,,,,,,,,,,,,,,,,,,,,,,,,,,,220987015,false,false,9,2022-04-01,2022-12-31,-1
2024-05-13,59290,2024-03-31,,611107000000,0.039,,,,,65360000000,0.161,64903000000,0.230,,43228000000,,196.03,195.56,0.165,0.139,0.107,,491701000000,285501000000,0.577,1295.50,283557000000,72427000000,-24819000000,-26244000000,94195000000,,0.398,,,,,,true,false,12,2023-04-01,2024-03-31,0
2024-05-13,59290,2023-03-31,,588159000000,0.254,,,,,56307000000,0.587,52780000000,0.547,,33084000000,,149.71,149.34,0.150,0.127,0.096,,442274000000,242350000000,0.544,1088.87,240656000000,34425000000,-15941000000,-9887000000,71153000000,,0.387,,,,,,true,false,12,2022-04-01,2023-03-31,-1
2024-05-13,59290,2025-03-31,,293000000000,0.026,,,,,26500000000,-0.044,26000000000,-0.043,,18000000000,,82.24,,,,,,,,,,,,,,,,,,,,,,true,true,6,2024-04-01,2024-09-30,1
2024-05-13,59290,2025-03-31,,625000000000,0.023,,,,,62500000000,-0.044,62000000000,-0.045,,42500000000,,194.17,,,,,,,,,,,,,,,,0.402,,,,,,true,true,12,2024-04-01,2025-03-31,1
2024-05-13,59290,2024-03-31,,,,,,18123000000,0.107,14737000000,0.141,15483000000,0.160,13929000000,,0.321,63.17,63.01,,,,,237040000000,147637000000,0.622,673.34,147381000000,,,,,78.00,,,,231000000,12120592,220517809,false,false,12,2023-04-01,2024-03-31,0
2024-05-13,59290,2023-03-31,,,,,,16368000000,-0.036,12913000000,-0.056,13347000000,-0.064,10545000000,,-0.208,47.72,47.60,,,,,232659000000,147594000000,0.633,666.64,147338000000,,,,,58.00,,,,231000000,9985209,220993425,false,false,12,2022-04-01,2023-03-31,-1
2024-05-13,59290,2025-03-31,,,,,,,,,,,,,,,,,,,,,,,,,,,,,,78.00,,,,,,,false,true,12,2024-04-01,2025-03-31,1
2024-07-31,59290,2025-03-31,1,142375000000,0.077,,,,,9931000000,0.145,10774000000,0.304,,7326000000,,33.50,33.44,,,,,490749000000,289083000000,0.585,,287196000000,,,,,,,,,,,,true,false,3,2024-04-01,2024-06-30,0
2024-07-31,59290,2024-03-31,1,132173000000,0.111,,,,,8670000000,0.777,8263000000,1.098,,5833000000,,26.39,26.33,,,,,,,,,,,,,,,,,,,,,true,false,3,2023-04-01,2023-06-30,-1
2024-07-31,59290,2025-03-31,1,293000000000,0.026,,,,,26500000000,-0.044,26000000000,-0.043,,18000000000,,82.24,,,,,,,,,,,,,,,,,,,,,,true,true,6,2024-04-01,2024-09-30,0
2024-07-31,59290,2025-03-31,1,625000000000,0.023,,,,,62500000000,-0.044,62000000000,-0.045,,42500000000,,194.17,,,,,,,,,,,,,,,,,,,,,,true,true,12,2024-04-01,2025-03-31,0
2024-07-31,59290,2024-03-31,1,,,,,,,,,,,,,,,,,,,,491701000000,285501000000,0.577,,283557000000,,,,,,,,,,,,true,false,12,2023-04-01,2024-03-31,-1
2024-07-31,59290,2024-03-31,1,,,,,,,,,,,,,,,,,,,,,,,,,,,,,78.00,,,,231000000,12120592,,false,false,12,2023-04-01,2024-03-31,-1
2024-07-31,59290,2025-03-31,1,,,,,,,,,,,,,,,,,,,,,,,,,,,,,78.00,,,,,,,false,true,12,2024-04-01,2025-03-31,0
2024-07-31,59290,2025-03-31,1,,,,,,,,,,,,,,,,,,,,,,,,,,,,,,,,,229000000,10602568,218690202,false,false,3,2024-04-01,2024-06-30,0
2024-07-31,59290,2024-03-31,1,,,,,,,,,,,,,,,,,,,,,,,,,,,,,,,,,,,221042279,false,false,3,2023-04-01,2023-06-30,-1
2024-08-09,59290,2025-03-31,1,142375000000,0.077,,,,,9931000000,0.145,10774000000,0.304,,7326000000,,33.50,33.44,,,,,490749000000,289083000000,0.585,,287196000000,,,,,,,,,,,,true,false,3,2024-04-01,2024-06-30,0
2024-08-09,59290,2024-03-31,1,132173000000,0.111,,,,,8670000000,0.777,8263000000,1.098,,5833000000,,26.39,26.33,,,,,,,,,,,,,,,,,,,,,true,false,3,2023-04-01,2023-06-30,-1
2024-08-09,59290,2025-03-31,1,293000000000,0.026,,,,,26500000000,-0.044,26000000000,-0.043,,18000000000,,82.24,,,,,,,,,,,,,,,,,,,,,,true,true,6,2024-04-01,2024-09-30,0
2024-08-09,59290,2025-03-31,1,625000000000,0.023,,,,,62500000000,-0.044,62000000000,-0.045,,42500000000,,194.17,,,,,,,,,,,,,,,,,,,,,,true,true,12,2024-04-01,2025-03-31,0
2024-08-09,59290,2024-03-31,1,,,,,,,,,,,,,,,,,,,,491701000000,285501000000,0.577,,283557000000,,,,,,,,,,,,true,false,12,2023-04-01,2024-03-31,-1
2024-08-09,59290,2024-03-31,1,,,,,,,,,,,,,,,,,,,,,,,,,,,,,78.00,,,,231000000,12120592,,false,false,12,2023-04-01,2024-03-31,-1
2024-08-09,59290,2025-03-31,1,,,,,,,,,,,,,,,,,,,,,,,,,,,,,78.00,,,,,,,false,true,12,2024-04-01,2025-03-31,0
2024-08-09,59290,2025-03-31,1,,,,,,,,,,,,,,,,,,,,,,,,,,,,,,,,,229000000,10602568,218690202,false,false,3,2024-04-01,2024-06-30,0
2024-08-09,59290,2024-03-31,1,,,,,,,,,,,,,,,,,,,,,,,,,,,,,,,,,,,221042279,false,false,3,2023-04-01,2023-06-30,-1
2024-10-18,59290,2025-03-31,,313000000000,0.068,,,,,32000000000,0.208,34000000000,0.308,,23500000000,,107.65,,,,,,,,,,,,,,,,,,,,,,true,true,6,2024-04-01,2024-09-30,0
2024-10-18,59290,2024-03-31,,285657000000,,,,,,27733000000,,27163000000,,,22109000000,,100.01,,,,,,,,,,,,,,,,,,,,,,true,false,6,2023-04-01,2023-09-30,-1
2024-10-31,59290,2025-03-31,2,313827000000,0.099,,,,,32313000000,0.165,34201000000,0.259,,23775000000,,108.91,108.79,,,,,523632000000,317019000000,0.601,,314865000000,,,,,,,,,,,,true,false,6,2024-04-01,2024-09-30,0
2024-10-31,59290,2024-03-31,2,285657000000,0.065,,,,,27733000000,0.290,27163000000,0.368,,22109000000,,100.01,99.77,,,,,,,,,,,,,,,,,,,,,true,false,6,2023-04-01,2023-09-30,-1
2024-10-31,59290,2025-03-31,2,653000000000,0.069,,,,,72500000000,0.109,75000000000,0.156,,51000000000,,235.07,,,,,,,,,,,,,,,,,,,,,,true,true,12,2024-04-01,2025-03-31,0
2024-10-31,59290,2024-03-31,2,,,,,,,,,,,,,,,,,,,,491701000000,285501000000,0.577,,283557000000,,,,,,,,,,,,true,false,12,2023-04-01,2024-03-31,-1
2024-10-31,59290,2024-03-31,2,,,,,,,,,,,,,,,,,,,,,,,,,,,,,78.00,,,,231000000,12120592,,false,false,12,2023-04-01,2024-03-31,-1
2024-10-31,59290,2025-03-31,2,,,,,,,,,,,,,,,,,,,,,,,,,,,,,47.00,,,,,,,false,false,12,2024-04-01,2025-03-31,0
2024-10-31,59290,2025-03-31,2,,,,,,,,,,,,,,,,,,,,,,,,,,,,,94.00,,,,,,,false,true,12,2024-04-01,2025-03-31,0
2024-10-31,59290,2025-03-31,2,,,,,,,,,,,,,,,,,,,,,,,,,,,,,,,,,229000000,11379105,218307370,false,false,6,2024-04-01,2024-09-30,0
2024-10-31,59290,2024-03-31,2,,,,,,,,,,,,,,,,,,,,,,,,,,,,,,,,,,,221060679,false,false,6,2023-04-01,2023-09-30,-1
2025-01-31,59290,2025-03-31,3,475111000000,0.091,,,,,50967000000,0.238,53544000000,0.320,,37291000000,,171.10,170.95,,,,,496971000000,293105000000,0.586,,291196000000,,,,,,,,,,,,true,false,9,2024-04-01,2024-12-31,0
2025-01-31,59290,2024-03-31,3,435472000000,0.044,,,,,41153000000,0.162,40578000000,0.229,,31451000000,,142.36,142.02,,,,,,,,,,,,,,,,,,,,,true,false,9,2023-04-01,2023-12-31,-1
2025-01-31,59290,2025-03-31,3,653000000000,0.069,,,,,72500000000,0.109,75000000000,0.156,,51000000000,,235.07,,,,,,,,,,,,,,,,,,,,,,true,true,12,2024-04-01,2025-03-31,0
2025-01-31,59290,2024-03-31,3,,,,,,,,,,,,,,,,,,,,491701000000,285501000000,0.577,,283557000000,,,,,,,,,,,,true,false,12,2023-04-01,2024-03-31,-1
2025-01-31,59290,2024-03-31,3,,,,,,,,,,,,,,,,,,,,,,,,,,,,,78.00,,,,231000000,12120592,,false,false,12,2023-04-01,2024-03-31,-1
2025-01-31,59290,2025-03-31,3,,,,,,,,,,,,,,,,,,,,,,,,,,,,,47.00,,,,,,,false,false,12,2024-04-01,2025-03-31,0
2025-01-31,59290,2025-03-31,3,,,,,,,,,,,,,,,,,,,,,,,,,,,,,94.00,,,,,,,false,true,12,2024-04-01,2025-03-31,0
2025-01-31,59290,2025-03-31,3,,,,,,,,,,,,,,,,,,,,,,,,,,,,,,,,,227000000,10371030,217947931,false,false,9,2024-04-01,2024-12-31,0
2025-01-31,59290,2024-03-31,3,,,,,,,,,,,,,,,,,,,,,,,,,,,,,,,,,,,220927065,false,false,9,2023-04-01,2023-12-31,-1
2025-02-13,59290,2025-03-31,3,475111000000,0.091,,,,,50967000000,0.238,53544000000,0.320,,37291000000,,171.10,170.95,,,,,496971000000,293105000000,0.586,,291196000000,,,,,,,,,,,,true,false,9,2024-04-01,2024-12-31,0
2025-02-13,59290,2024-03-31,3,435472000000,0.044,,,,,41153000000,0.162,40578000000,0.229,,31451000000,,142.36,142.02,,,,,,,,,,,,,,,,,,,,,true,false,9,2023-04-01,2023-12-31,-1
2025-02-13,59290,2025-03-31,3,653000000000,0.069,,,,,72500000000,0.109,75000000000,0.156,,51000000000,,235.07,,,,,,,,,,,,,,,,,,,,,,true,true,12,2024-04-01,2025-03-31,0
2025-02-13,59290,2024-03-31,3,,,,,,,,,,,,,,,,,,,,491701000000,285501000000,0.577,,283557000000,,,,,,,,,,,,true,false,12,2023-04-01,2024-03-31,-1
2025-02-13,59290,2024-03-31,3,,,,,,,,,,,,,,,,,,,,,,,,,,,,,78.00,,,,231000000,12120592,,false,false,12,2023-04-01,2024-03-31,-1
2025-02-13,59290,2025-03-31,3,,,,,,,,,,,,,,,,,,,,,,,,,,,,,47.00,,,,,,,false,false,12,2024-04-01,2025-03-31,0
2025-02-13,59290,2025-03-31,3,,,,,,,,,,,,,,,,,,,,,,,,,,,,,94.00,,,,,,,false,true,12,2024-04-01,2025-03-31,0
2025-02-13,59290,2025-03-31,3,,,,,,,,,,,,,,,,,,,,,,,,,,,,,,,,,227000000,10371030,217947931,false,false,9,2024-04-01,2024-12-31,0
2025-02-13,59290,2024-03-31,3,,,,,,,,,,,,,,,,,,,,,,,,,,,,,,,,,,,220927065,false,false,9,2023-04-01,2023-12-31,-1
2025-05-14,59290,2025-03-31,,662380000000,0.084,,,,,80515000000,0.232,84015000000,0.294,,57512000000,,264.61,264.40,0.190,0.164,0.122,,534609000000,324192000000,0.602,1499.14,322074000000,76942000000,-30174000000,-42890000000,103114000000,,0.401,,,,,,true,false,12,2024-04-01,2025-03-31,0
2025-05-14,59290,2024-03-31,,611107000000,0.039,,,,,65360000000,0.161,64903000000,0.230,,43228000000,,196.03,195.56,0.165,0.139,0.107,,491701000000,285501000000,0.577,1295.50,283557000000,72427000000,-24819000000,-26244000000,94195000000,,0.398,,,,,,true,false,12,2023-04-01,2024-03-31,-1
2025-05-14,59290,2026-03-31,,306000000000,-0.025,,,,,33500000000,0.037,34300000000,0.003,,23300000000,,109.15,,,,,,,,,,,,,,,,,,,,,,true,true,6,2025-04-01,2025-09-30,1
2025-05-14,59290,2026-03-31,,654000000000,-0.013,,,,,81000000000,0.006,82700000000,-0.016,,58000000000,,270.70,,,,,,,,,,,,,,,,0.458,,,,,,true,true,12,2025-04-01,2026-03-31,1
2025-05-14,59290,2025-03-31,,,,,,39473000000,1.178,35965000000,1.440,36481000000,1.356,35685000000,,1.562,164.19,164.06,,,,,250490000000,145375000000,0.580,676.36,145307000000,,,,,106.00,,,,227000000,12160918,217348579,false,false,12,2024-04-01,2025-03-31,0
2025-05-14,59290,2024-03-31,,,,,,18123000000,0.107,14737000000,0.141,15483000000,0.160,13929000000,,0.321,63.17,63.01,,,,,237040000000,147637000000,0.622,673.34,147381000000,,,,,78.00,,,,231000000,12120592,220517809,false,false,12,2023-04-01,2024-03-31,-1
2025-05-14,59290,2026-03-31,,,,,,,,,,,,,,,,,,,,,,,,,,,,,,124.00,,,,,,,false,true,12,2025-04-01,2026-03-31,1
2025-07-31,59290,2026-03-31,1,140775000000,-0.011,,,,,9924000000,-0.001,10409000000,-0.034,,7218000000,,33.75,33.74,,,,,487975000000,296515000000,0.603,,294376000000,,,,,,,,,,,,true,false,3,2025-04-01,2025-06-30,0
2025-07-31,59290,2025-03-31,1,142375000000,0.077,,,,,9931000000,0.145,10774000000,0.304,,7326000000,,33.50,33.44,,,,,,,,,,,,,,,,,,,,,true,false,3,2024-04-01,2024-06-30,-1
2025-07-31,59290,2026-03-31,1,306000000000,-0.025,,,,,33500000000,0.037,34300000000,0.003,,23300000000,,109.15,,,,,,,,,,,,,,,,,,,,,,true,true,6,2025-04-01,2025-09-30,0
2025-07-31,59290,2026-03-31,1,654000000000,-0.013,,,,,81000000000,0.006,82700000000,-0.016,,58000000000,,270.70,,,,,,,,,,,,,,,,,,,,,,true,true,12,2025-04-01,2026-03-31,0
2025-07-31,59290,2025-03-31,1,,,,,,,,,,,,,,,,,,,,534609000000,324192000000,0.602,,322074000000,,,,,,,,,,,,true,false,12,2024-04-01,2025-03-31,-1
2025-07-31,59290,2025-03-31,1,,,,,,,,,,,,,,,,,,,,,,,,,,,,,106.00,,,,227000000,12160918,,false,false,12,2024-04-01,2025-03-31,-1
2025-07-31,59290,2026-03-31,1,,,,,,,,,,,,,,,,,,,,,,,,,,,,,124.00,,,,,,,false,true,12,2025-04-01,2026-03-31,0
2025-07-31,59290,2026-03-31,1,,,,,,,,,,,,,,,,,,,,,,,,,,,,,,,,,223000000,10558180,213860774,false,false,3,2025-04-01,2025-06-30,0
2025-07-31,59290,2025-03-31,1,,,,,,,,,,,,,,,,,,,,,,,,,,,,,,,,,,,218690202,false,false,3,2024-04-01,2024-06-30,-1
2025-08-08,59290,2026-03-31,1,140775000000,-0.011,,,,,9924000000,-0.001,10409000000,-0.034,,7218000000,,33.75,33.74,,,,,487975000000,296515000000,0.603,,294376000000,,,,,,,,,,,,true,false,3,2025-04-01,2025-06-30,0
2025-08-08,59290,2025-03-31,1,142375000000,0.077,,,,,9931000000,0.145,10774000000,0.304,,7326000000,,33.50,33.44,,,,,,,,,,,,,,,,,,,,,true,false,3,2024-04-01,2024-06-30,-1
2025-08-08,59290,2026-03-31,1,306000000000,-0.025,,,,,33500000000,0.037,34300000000,0.003,,23300000000,,109.15,,,,,,,,,,,,,,,,,,,,,,true,true,6,2025-04-01,2025-09-30,0
2025-08-08,59290,2026-03-31,1,654000000000,-0.013,,,,,81000000000,0.006,82700000000,-0.016,,58000000000,,270.70,,,,,,,,,,,,,,,,,,,,,,true,true,12,2025-04-01,2026-03-31,0
2025-08-08,59290,2025-03-31,1,,,,,,,,,,,,,,,,,,,,534609000000,324192000000,0.602,,322074000000,,,,,,,,,,,,true,false,12,2024-04-01,2025-03-31,-1
2025-08-08,59290,2025-03-31,1,,,,,,,,,,,,,,,,,,,,,,,,,,,,,106.00,,,,227000000,12160918,,false,false,12,2024-04-01,2025-03-31,-1
2025-08-08,59290,2026-03-31,1,,,,,,,,,,,,,,,,,,,,,,,,,,,,,124.00,,,,,,,false,true,12,2025-04-01,2026-03-31,0
2025-08-08,59290,2026-03-31,1,,,,,,,,,,,,,,,,,,,,,,,,,,,,,,,,,223000000,10558180,213860774,false,false,3,2025-04-01,2025-06-30,0
2025-08-08,59290,2025-03-31,1,,,,,,,,,,,,,,,,,,,,,,,,,,,,,,,,,,,218690202,false,false,3,2024-04-01,2024-06-30,-1
