filing_date,code,fiscal_year_end,quarterly_period,net_sales,net_sales_change,revenue,revenue_change,operating_revenue,operating_revenue_change,operating_profit,operating_profit_change,ordinary_profit,ordinary_profit_change,net_income,net_income_of_parent,net_income_change,eps,diluted_eps,roe,roa,operating_profit_to_net_sales,operating_profit_to_revenue,total_assets,net_assets,equity_ratio,bps,owner_equity,operating_cash_flow,investing_cash_flow,financing_cash_flow,cash,dividend_per_share,payout_ratio,commemorative_dividend,extra_dividend,number_of_shares,number_of_treqsury_shares,avg_number_of_shares,is_consolidated,is_forecast,duration,period_start,period_end,period_pos
2015-06-01,59380,2015-03-31,,1660000000000,-0.001,,,,,53000000000,-0.142,53000000000,-0.042,24500000000,,-0.293,83.72,,,,,,,,,,,,,,,,,,,,,,true,true,12,2014-04-01,2015-03-31,0
2015-06-01,59380,2015-03-31,,1675000000000,0.008,,,,,60000000000,-0.028,60000000000,0.085,31000000000,,-0.102,105.93,,,,,,,,,,,,,,,,,,,,,,true,true,12,2014-04-01,2015-03-31,0
2015-06-01,59380,2015-03-31,,1673000000000,,,,,,51500000000,,57500000000,,22000000000,,,75.41,,,,,,,,,,,,,,,,,,,,,,true,true,12,2014-04-01,2015-03-31,0
2015-06-01,59380,2014-03-31,,1628658000000,,,,,,69079000000,,74937000000,,44755000000,,,153.93,,,,,,,,,,,,,,,,,,,,,,true,false,12,2013-04-01,2014-03-31,-1
2015-06-08,59380,2015-03-31,,1673405000000,0.027,,,,,51674000000,-0.252,57862000000,-0.228,22012000000,,0.051,75.46,74.55,0.037,0.032,0.031,,1875249000000,613651000000,0.321,2104.27,602563000000,138931000000,-129228000000,10009000000,160377000000,,0.795,,,,,,true,false,12,2014-04-01,2015-03-31,0
2015-06-08,59380,2014-03-31,,1628658000000,0.134,,,,,69079000000,0.368,74937000000,0.412,20951000000,,-0.019,72.06,71.70,0.036,0.046,0.042,,1786293000000,601795000000,0.332,2041.34,593486000000,83532000000,-218332000000,153144000000,139038000000,,0.763,,,,,,true,false,12,2013-04-01,2014-03-31,-1
2015-06-08,59380,2016-03-31,,870000000000,0.093,,,,,9500000000,-0.285,9500000000,-0.253,,-18000000000,,-62.86,,,,,,,,,,,,,,,,,,,,,,true,true,6,2015-04-01,2015-09-30,1
2015-06-08,59380,2016-03-31,,1870000000000,0.117,,,,,52000000000,0.006,52000000000,-0.101,,3000000000,,10.48,,,,,,,,,,,,,,,,5.725,,,,,,true,true,12,2015-04-01,2016-03-31,1
2015-06-08,59380,2014-03-31,,,,,,,,,,,,,,,,,,,,,,,,,,,,,,55.00,,,,313054255,22321128,290744529,false,false,12,2013-04-01,2014-03-31,-1
2015-06-08,59380,2015-03-31,,,,,,,,,,,,,,,,,,,,,,,,,,,,,,60.00,,,,313054255,26702156,291730974,false,false,12,2014-04-01,2015-03-31,0
2015-06-08,59380,2016-03-31,,,,,,,,,,,,,,,,,,,,,,,,,,,,,,60.00,,,,,,,false,true,12,2015-04-01,2016-03-31,1
2015-08-07,59380,2016-03-31,1,400630000000,0.050,,,,,6349000000,0.316,5360000000,0.189,,-32915000000,,-114.94,,,,,,2157110000000,635754000000,0.255,1923.66,550859000000,,,,,,,,,,,,true,false,3,2015-04-01,2015-06-30,0
2015-08-07,59380,2015-03-31,1,381484000000,0.095,,,,,4823000000,-0.475,4509000000,-0.669,,41000000,,0.14,0.14,,,,,,,,,,,,,,,,,,,,,true,false,3,2014-04-01,2014-06-30,-1
2015-08-07,59380,2016-03-31,1,880000000000,0.105,,,,,20000000000,0.506,18000000000,0.415,,-18000000000,,-62.86,,,,,,,,,,,,,,,,,,,,,,true,true,6,2015-04-01,2015-09-30,0
2015-08-07,59380,2016-03-31,1,1870000000000,0.117,,,,,52000000000,0.006,52000000000,-0.101,,3000000000,,10.48,,,,,,,,,,,,,,,,,,,,,,true,true,12,2015-04-01,2016-03-31,0
2015-08-07,59380,2015-03-31,1,,,,,,,,,,,,,,,,,,,,1875249000000,613651000000,0.321,2104.27,602563000000,,,,,,,,,,,,true,false,12,2014-04-01,2015-03-31,-1
2015-08-07,59380,2015-03-31,1,,,,,,,,,,,,,,,,,,,,,,,,,,,,,60.00,,,,313054255,26702156,,false,false,12,2014-04-01,2015-03-31,-1
2015-08-07,59380,2016-03-31,1,,,,,,,,,,,,,,,,,,,,,,,,,,,,,60.00,,,,,,,false,true,12,2015-04-01,2016-03-31,0
2015-08-07,59380,2016-03-31,1,,,,,,,,,,,,,,,,,,,,,,,,,,,,,,,,,313054255,26695010,286355496,false,false,3,2015-04-01,2015-06-30,0
2015-08-07,59380,2015-03-31,1,,,,,,,,,,,,,,,,,,,,,,,,,,,,,,,,,,,291774045,false,false,3,2014-04-01,2014-06-30,-1
2015-08-07,59380,2016-03-31,,880000000000,0.011,,,,,20000000000,1.105,18000000000,0.895,,-18000000000,,-62.86,,,,,,,,,,,,,,,,,,,,,,true,true,6,2015-04-01,2015-09-30,0
2015-08-07,59380,2015-03-31,,796178000000,,,,,,13283000000,,12720000000,,,3415000000,,11.68,,,,,,,,,,,,,,,,,,,,,,true,false,6,2014-04-01,2014-09-30,-1
2015-11-02,59380,2016-03-31,2,877415000000,0.102,,,,,32044000000,1.412,26559000000,1.088,,-22878000000,,-79.87,,,,,,2155097000000,658496000000,0.263,1973.54,565737000000,,,,,,,,,,,,true,false,6,2015-04-01,2015-09-30,0
2015-11-02,59380,2015-03-31,2,796178000000,0.074,,,,,13283000000,-0.488,12720000000,-0.561,,3415000000,,11.68,11.64,,,,,,,,,,,,,,,,,,,,,true,false,6,2014-04-01,2014-09-30,-1
2015-11-02,59380,2016-03-31,2,1855000000000,0.109,,,,,62000000000,0.200,57000000000,-0.015,,5000000000,,17.45,,,,,,,,,,,,,,,,,,,,,,true,true,12,2015-04-01,2016-03-31,0
2015-11-02,59380,2015-03-31,2,,,,,,,,,,,,,,,,,,,,1875249000000,613651000000,0.321,2104.27,602563000000,,,,,,,,,,,,true,false,12,2014-04-01,2015-03-31,-1
2015-11-02,59380,2015-03-31,2,,,,,,,,,,,,,,,,,,,,,,,,,,,,,60.00,,,,313054255,26702156,,false,false,12,2014-04-01,2015-03-31,-1
2015-11-02,59380,2016-03-31,2,,,,,,,,,,,,,,,,,,,,,,,,,,,,,30.00,,,,,,,false,false,12,2015-04-01,2016-03-31,0
2015-11-02,59380,2016-03-31,2,,,,,,,,,,,,,,,,,,,,,,,,,,,,,60.00,,,,,,,false,true,12,2015-04-01,2016-03-31,0
2015-11-02,59380,2016-03-31,2,,,,,,,,,,,,,,,,,,,,,,,,,,,,,,,,,313054255,26392372,286444928,false,false,6,2015-04-01,2015-09-30,0
2015-11-02,59380,2015-03-31,2,,,,,,,,,,,,,,,,,,,,,,,,,,,,,,,,,,,292354772,false,false,6,2014-04-01,2014-09-30,-1
2016-02-01,59380,2016-03-31,3,1357257000000,0.112,,,,,59648000000,0.746,54200000000,0.608,,-8725000000,,-30.45,,,,,,2215722000000,659982000000,0.256,1975.80,566795000000,,,,,,,,,,,,true,false,9,2015-04-01,2015-12-31,0
2016-02-01,59380,2015-03-31,3,1220812000000,0.051,,,,,34162000000,-0.329,33710000000,-0.399,,11645000000,,39.79,39.65,,,,,,,,,,,,,,,,,,,,,true,false,9,2014-04-01,2014-12-31,-1
2016-02-01,59380,2016-03-31,3,1855000000000,0.109,,,,,62000000000,0.200,57000000000,-0.015,,5000000000,,17.45,,,,,,,,,,,,,,,,,,,,,,true,true,12,2015-04-01,2016-03-31,0
2016-02-01,59380,2015-03-31,3,,,,,,,,,,,,,,,,,,,,1875249000000,613651000000,0.321,2104.27,602563000000,,,,,,,,,,,,true,false,12,2014-04-01,2015-03-31,-1
2016-02-01,59380,2015-03-31,3,,,,,,,,,,,,,,,,,,,,,,,,,,,,,60.00,,,,313054255,26702156,,false,false,12,2014-04-01,2015-03-31,-1
2016-02-01,59380,2016-03-31,3,,,,,,,,,,,,,,,,,,,,,,,,,,,,,30.00,,,,,,,false,false,12,2015-04-01,2016-03-31,0
2016-02-01,59380,2016-03-31,3,,,,,,,,,,,,,,,,,,,,,,,,,,,,,60.00,,,,,,,false,true,12,2015-04-01,2016-03-31,0
2016-02-01,59380,2016-03-31,3,,,,,,,,,,,,,,,,,,,,,,,,,,,,,,,,,313054255,26185289,286549224,false,false,9,2015-04-01,2015-12-31,0
2016-02-01,59380,2015-03-31,3,,,,,,,,,,,,,,,,,,,,,,,,,,,,,,,,,,,292640466,false,false,9,2014-04-01,2014-12-31,-1
2016-04-11,59380,2016-03-31,,1840000000000,-0.008,,,,,57000000000,-0.081,50000000000,-0.123,,-20000000000,,-68.34,,,,,,,,,,,,,,,,,,,,,,true,true,12,2015-04-01,2016-03-31,0
2016-04-11,59380,2015-03-31,,1673405000000,,,,,,51674000000,,57862000000,,,22012000000,,75.46,,,,,,,,,,,,,,,,,,,,,,true,false,12,2014-04-01,2015-03-31,-1
2016-05-09,59380,2016-03-31,,1845117000000,0.103,,,,,56259000000,0.089,48421000000,-0.163,,-18664000000,,-65.11,,-0.033,0.025,0.030,,2060873000000,637517000000,0.264,1894.55,543749000000,137012000000,16547000000,-171758000000,138801000000,,,,,,,,true,false,12,2015-04-01,2016-03-31,0
2016-05-09,59380,2015-03-31,,1673405000000,0.027,,,,,51674000000,-0.252,57862000000,-0.228,,22012000000,,75.46,74.55,0.037,0.032,0.031,,1875249000000,613651000000,0.321,2104.27,602563000000,138931000000,-129228000000,10009000000,160377000000,,0.795,,,,,,true,false,12,2014-04-01,2015-03-31,-1
2016-05-09,59380,2017-03-31,,,,,,,,24500000000,,,,,11000000000,,38.38,,,,,,,,,,,,,,,,,,,,,,true,true,6,2016-04-01,2016-09-30,1
2016-05-09,59380,2017-03-31,,,,,,,,56000000000,,,,,28000000000,,97.56,,,,,,,,,,,,,,,,0.615,,,,,,true,true,12,2016-04-01,2017-03-31,1
2016-05-09,59380,2015-03-31,,,,,,,,,,,,,,,,,,,,,,,,,,,,,,60.00,,,,313054255,26702156,291730974,false,false,12,2014-04-01,2015-03-31,-1
2016-05-09,59380,2016-03-31,,,,,,,,,,,,,,,,,,,,,,,,,,,,,,60.00,,,,313054255,26046892,286643244,false,false,12,2015-04-01,2016-03-31,0
2016-05-09,59380,2017-03-31,,,,,,,,,,,,,,,,,,,,,,,,,,,,,,60.00,,,,,,,false,true,12,2016-04-01,2017-03-31,1
2016-08-08,59380,2017-03-31,1,,,,,,,14493000000,0.387,,,,11642000000,,40.57,39.67,,,,,2051839000000,,,,,,,,,,,,,,,,true,false,3,2016-04-01,2016-06-30,0
2016-08-08,59380,2016-03-31,1,,,,,,,10452000000,,,,,-32697000000,,-114.18,-114.18,,,,,,,,,,,,,,,,,,,,,true,false,3,2015-04-01,2015-06-30,-1
2016-08-08,59380,2017-03-31,1,,,,,,,24500000000,,,,,11000000000,,38.38,,,,,,,,,,,,,,,,,,,,,,true,true,6,2016-04-01,2016-09-30,0
2016-08-08,59380,2017-03-31,1,,,,,,,56000000000,0.435,,,,28000000000,,97.56,,,,,,,,,,,,,,,,,,,,,,true,true,12,2016-04-01,2017-03-31,0
2016-08-08,59380,2016-03-31,1,,,,,,,,,,,,,,,,,,,,2130120000000,,,,,,,,,,,,,,,,true,false,12,2015-04-01,2016-03-31,-1
2016-08-08,59380,2016-03-31,1,,,,,,,,,,,,,,,,,,,,,,,,,,,,,60.00,,,,313054255,26092118,,false,false,12,2015-04-01,2016-03-31,-1
2016-08-08,59380,2017-03-31,1,,,,,,,,,,,,,,,,,,,,,,,,,,,,,60.00,,,,,,,false,true,12,2016-04-01,2017-03-31,0
2016-08-08,59380,2017-03-31,1,,,,,,,,,,,,,,,,,,,,,,,,,,,,,,,,,313054255,26056525,286979970,false,false,3,2016-04-01,2016-06-30,0
2016-08-08,59380,2016-03-31,1,,,,,,,,,,,,,,,,,,,,,,,,,,,,,,,,,,,286355496,false,false,3,2015-04-01,2015-06-30,-1
2016-10-19,59380,2017-03-31,,,,,,,,38000000000,0.551,,,,23000000000,,80.14,,,,,,,,,,,,,,,,,,,,,,true,true,6,2016-04-01,2016-09-30,0
2016-10-19,59380,2016-03-31,,,,,,,,32687000000,,,,,-18366000000,,-64.12,,,,,,,,,,,,,,,,,,,,,,true,false,6,2015-04-01,2015-09-30,-1
2016-10-19,59380,2017-03-31,,,,,,,,65000000000,0.161,,,,38000000000,,132.41,,,,,,,,,,,,,,,,,,,,,,true,true,12,2016-04-01,2017-03-31,0
2016-10-19,59380,2016-03-31,,,,,,,,39011000000,,,,,-25605000000,,-89.33,,,,,,,,,,,,,,,,,,,,,,true,false,12,2015-04-01,2016-03-31,-1
2016-11-07,59380,2017-03-31,2,,,,,,,38310000000,0.172,,,,24149000000,,84.15,76.21,,,,,2029788000000,,,,,,,,,,,,,,,,true,false,6,2016-04-01,2016-09-30,0
2016-11-07,59380,2016-03-31,2,,,,,,,32687000000,,,,,-18366000000,,-64.12,-64.12,,,,,,,,,,,,,,,,,,,,,true,false,6,2015-04-01,2015-09-30,-1
2016-11-07,59380,2017-03-31,2,,,,,,,65000000000,0.666,,,,38000000000,,132.41,,,,,,,,,,,,,,,,,,,,,,true,true,12,2016-04-01,2017-03-31,0
2016-11-07,59380,2016-03-31,2,,,,,,,,,,,,,,,,,,,,2130120000000,,,,,,,,,,,,,,,,true,false,12,2015-04-01,2016-03-31,-1
2016-11-07,59380,2016-03-31,2,,,,,,,,,,,,,,,,,,,,,,,,,,,,,60.00,,,,313054255,26092118,,false,false,12,2015-04-01,2016-03-31,-1
2016-11-07,59380,2017-03-31,2,,,,,,,,,,,,,,,,,,,,,,,,,,,,,30.00,,,,,,,false,false,12,2016-04-01,2017-03-31,0
2016-11-07,59380,2017-03-31,2,,,,,,,,,,,,,,,,,,,,,,,,,,,,,60.00,,,,,,,false,true,12,2016-04-01,2017-03-31,0
2016-11-07,59380,2017-03-31,2,,,,,,,,,,,,,,,,,,,,,,,,,,,,,,,,,313054255,26053693,286989133,false,false,6,2016-04-01,2016-09-30,0
2016-11-07,59380,2016-03-31,2,,,,,,,,,,,,,,,,,,,,,,,,,,,,,,,,,,,286444928,false,false,6,2015-04-01,2015-09-30,-1
2017-02-06,59380,2017-03-31,3,,,,,,,69302000000,0.141,,,,45749000000,,159.38,144.16,,,,,2157662000000,,,,,,,,,,,,,,,,true,false,9,2016-04-01,2016-12-31,0
2017-02-06,59380,2016-03-31,3,,,,,,,60726000000,,,,,1575000000,,5.49,5.42,,,,,,,,,,,,,,,,,,,,,true,false,9,2015-04-01,2015-12-31,-1
2017-02-06,59380,2017-03-31,3,,,,,,,65000000000,0.666,,,,38000000000,,132.41,,,,,,,,,,,,,,,,,,,,,,true,true,12,2016-04-01,2017-03-31,0
2017-02-06,59380,2016-03-31,3,,,,,,,,,,,,,,,,,,,,2130120000000,,,,,,,,,,,,,,,,true,false,12,2015-04-01,2016-03-31,-1
2017-02-06,59380,2016-03-31,3,,,,,,,,,,,,,,,,,,,,,,,,,,,,,60.00,,,,313054255,26092118,,false,false,12,2015-04-01,2016-03-31,-1
2017-02-06,59380,2017-03-31,3,,,,,,,,,,,,,,,,,,,,,,,,,,,,,30.00,,,,,,,false,false,12,2016-04-01,2017-03-31,0
2017-02-06,59380,2017-03-31,3,,,,,,,,,,,,,,,,,,,,,,,,,,,,,60.00,,,,,,,false,true,12,2016-04-01,2017-03-31,0
2017-02-06,59380,2017-03-31,3,,,,,,,,,,,,,,,,,,,,,,,,,,,,,,,,,313054255,25851087,287040724,false,false,9,2016-04-01,2016-12-31,0
2017-02-06,59380,2016-03-31,3,,,,,,,,,,,,,,,,,,,,,,,,,,,,,,,,,,,286549224,false,false,9,2015-04-01,2015-12-31,-1
2017-04-24,59380,2017-03-31,,,,,,,,67000000000,0.031,,,,40000000000,,139.47,,,,,,,,,,,,,,,,,,,,,,true,true,12,2016-04-01,2017-03-31,0
2017-04-24,59380,2016-03-31,,,,,,,,39011000000,,,,,-25605000000,,-89.33,,,,,,,,,,,,,,,,,,,,,,true,false,12,2015-04-01,2016-03-31,-1
2017-05-08,59380,2017-03-31,,,,,,,,67535000000,0.731,,,,42503000000,,148.01,134.10,,,,,2042165000000,,,,,132531000000,-58052000000,-79899000000,,,0.405,,,,,,true,false,12,2016-04-01,2017-03-31,0
2017-05-08,59380,2016-03-31,,,,,,,,39011000000,-0.188,,,,-25605000000,,-89.33,-89.33,,,,,2130120000000,,,,,121085000000,19122000000,-154403000000,,,,,,,,,true,false,12,2015-04-01,2016-03-31,-1
2017-05-08,59380,2018-03-31,,,,,,,,37000000000,-0.034,,,,23000000000,,79.95,,,,,,,,,,,,,,,,,,,,,,true,true,6,2017-04-01,2017-09-30,1
2017-05-08,59380,2018-03-31,,,,,,,,75000000000,0.111,,,,43000000000,,149.46,,,,,,,,,,,,,,,,0.401,,,,,,true,true,12,2017-04-01,2018-03-31,1
2017-05-08,59380,2016-03-31,,,,,,,,,,,,,,,,,,,,,,,,,,,,,,60.00,,,,313054255,26092118,286639766,false,false,12,2015-04-01,2016-03-31,-1
2017-05-08,59380,2017-03-31,,,,,,,,,,,,,,,,,,,,,,,,,,,,,,60.00,,,,313054255,25361045,287154694,false,false,12,2016-04-01,2017-03-31,0
2017-05-08,59380,2018-03-31,,,,,,,,,,,,,,,,,,,,,,,,,,,,,,60.00,,,,,,,false,true,12,2017-04-01,2018-03-31,1
2017-08-07,59380,2018-03-31,1,,,,,,,18602000000,0.284,,,,10234000000,,35.55,32.17,,,,,2060201000000,,,,,,,,,,,,,,,,true,false,3,2017-04-01,2017-06-30,0
2017-08-07,59380,2017-03-31,1,,,,,,,14493000000,0.387,,,,11642000000,,40.57,39.67,,,,,,,,,,,,,,,,,,,,,true,false,3,2016-04-01,2016-06-30,-1
2017-08-07,59380,2018-03-31,1,,,,,,,37000000000,-0.034,,,,23000000000,,79.95,,,,,,,,,,,,,,,,,,,,,,true,true,6,2017-04-01,2017-09-30,0
2017-08-07,59380,2018-03-31,1,,,,,,,75000000000,0.111,,,,43000000000,,149.46,,,,,,,,,,,,,,,,,,,,,,true,true,12,2017-04-01,2018-03-31,0
2017-08-07,59380,2017-03-31,1,,,,,,,,,,,,,,,,,,,,2042165000000,,,,,,,,,,,,,,,,true,false,12,2016-04-01,2017-03-31,-1
2017-08-07,59380,2017-03-31,1,,,,,,,,,,,,,,,,,,,,,,,,,,,,,60.00,,,,313054255,25361045,,false,false,12,2016-04-01,2017-03-31,-1
2017-08-07,59380,2018-03-31,1,,,,,,,,,,,,,,,,,,,,,,,,,,,,,60.00,,,,,,,false,true,12,2017-04-01,2018-03-31,0
2017-08-07,59380,2018-03-31,1,,,,,,,,,,,,,,,,,,,,,,,,,,,,,,,,,313054255,25009309,287871354,false,false,3,2017-04-01,2017-06-30,0
2017-08-07,59380,2017-03-31,1,,,,,,,,,,,,,,,,,,,,,,,,,,,,,,,,,,,286979970,false,false,3,2016-04-01,2016-06-30,-1
2017-08-21,59380,2018-03-31,,,,,,,,37000000000,0.000,,,,12000000000,,41.66,,,,,,,,,,,,,,,,,,,,,,true,true,6,2017-04-01,2017-09-30,0
2017-08-21,59380,2018-03-31,,,,,,,,85000000000,0.133,,,,43000000000,,149.46,,,,,,,,,,,,,,,,,,,,,,true,true,12,2017-04-01,2018-03-31,0
2017-11-06,59380,2018-03-31,2,,,,,,,37751000000,-0.084,,,,12843000000,,44.59,40.48,,,,,2103747000000,,,,,,,,,,,,,,,,true,false,6,2017-04-01,2017-09-30,0
2017-11-06,59380,2017-03-31,2,,,,,,,41203000000,,,,,24149000000,,84.15,76.21,,,,,,,,,,,,,,,,,,,,,true,false,6,2016-04-01,2016-09-30,-1
2017-11-06,59380,2018-03-31,2,,,,,,,85000000000,0.227,,,,43000000000,,149.46,,,,,,,,,,,,,,,,,,,,,,true,true,12,2017-04-01,2018-03-31,0
2017-11-06,59380,2017-03-31,2,,,,,,,,,,,,,,,,,,,,2042165000000,,,,,,,,,,,,,,,,true,false,12,2016-04-01,2017-03-31,-1
2017-11-06,59380,2017-03-31,2,,,,,,,,,,,,,,,,,,,,,,,,,,,,,60.00,,,,313054255,25361045,,false,false,12,2016-04-01,2017-03-31,-1
2017-11-06,59380,2018-03-31,2,,,,,,,,,,,,,,,,,,,,,,,,,,,,,30.00,,,,,,,false,false,12,2017-04-01,2018-03-31,0
2017-11-06,59380,2018-03-31,2,,,,,,,,,,,,,,,,,,,,,,,,,,,,,60.00,,,,,,,false,true,12,2017-04-01,2018-03-31,0
2017-11-06,59380,2018-03-31,2,,,,,,,,,,,,,,,,,,,,,,,,,,,,,,,,,313054255,24762365,288005150,false,false,6,2017-04-01,2017-09-30,0
2017-11-06,59380,2017-03-31,2,,,,,,,,,,,,,,,,,,,,,,,,,,,,,,,,,,,286989133,false,false,6,2016-04-01,2016-09-30,-1
2018-02-05,59380,2018-03-31,3,,,,,,,69570000000,-0.039,,,,38637000000,,134.02,121.07,,,,,2136849000000,,,,,,,,,,,,,,,,true,false,9,2017-04-01,2017-12-31,0
2018-02-05,59380,2017-03-31,3,,,,,,,72417000000,,,,,45749000000,,159.38,144.16,,,,,,,,,,,,,,,,,,,,,true,false,9,2016-04-01,2016-12-31,-1
2018-02-05,59380,2018-03-31,3,,,,,,,85000000000,0.227,,,,43000000000,,149.46,,,,,,,,,,,,,,,,,,,,,,true,true,12,2017-04-01,2018-03-31,0
2018-02-05,59380,2017-03-31,3,,,,,,,,,,,,,,,,,,,,2042165000000,,,,,,,,,,,,,,,,true,false,12,2016-04-01,2017-03-31,-1
2018-02-05,59380,2017-03-31,3,,,,,,,,,,,,,,,,,,,,,,,,,,,,,60.00,,,,313054255,25361045,,false,false,12,2016-04-01,2017-03-31,-1
2018-02-05,59380,2018-03-31,3,,,,,,,,,,,,,,,,,,,,,,,,,,,,,30.00,,,,,,,false,false,12,2017-04-01,2018-03-31,0
2018-02-05,59380,2018-03-31,3,,,,,,,,,,,,,,,,,,,,,,,,,,,,,60.00,,,,,,,false,true,12,2017-04-01,2018-03-31,0
2018-02-05,59380,2018-03-31,3,,,,,,,,,,,,,,,,,,,,,,,,,,,,,,,,,313054255,23809746,288283685,false,false,9,2017-04-01,2017-12-31,0
2018-02-05,59380,2017-03-31,3,,,,,,,,,,,,,,,,,,,,,,,,,,,,,,,,,,,287040724,false,false,9,2016-04-01,2016-12-31,-1
2018-03-26,59380,2018-03-31,,,,,,,,82000000000,-0.035,,,,55500000000,,192.31,,,,,,,,,,,,,,,,,,,,,,true,true,12,2017-04-01,2018-03-31,0
2018-03-26,59380,2017-03-31,,,,,,,,,,,,,42503000000,,148.01,,,,,,,,,,,,,,,,,,,,,,true,false,12,2016-04-01,2017-03-31,-1
2018-05-07,59380,2018-03-31,,,,,,,,80949000000,0.169,,,,54581000000,,189.13,170.90,,,,,2107131000000,,,,,116362000000,-52606000000,-43843000000,,,0.344,,,,,,true,false,12,2017-04-01,2018-03-31,0
2018-05-07,59380,2017-03-31,,,,,,,,69251000000,,,,,42503000000,,148.01,134.10,,,,,2042165000000,,,,,132531000000,-58052000000,-79899000000,,,0.405,,,,,,true,false,12,2016-04-01,2017-03-31,-1
2018-05-07,59380,2019-03-31,,,,,,,,43000000000,0.139,,,,28000000000,,96.62,,,,,,,,,,,,,,,,,,,,,,true,true,6,2018-04-01,2018-09-30,1
2018-05-07,59380,2019-03-31,,,,,,,,78000000000,-0.036,,,,50000000000,,172.54,,,,,,,,,,,,,,,,0.406,,,,,,true,true,12,2018-04-01,2019-03-31,1
2018-05-07,59380,2017-03-31,,,,,,,,,,,,,,,,,,,,,,,,,,,,,,60.00,,,,313054255,25361045,287154694,false,false,12,2016-04-01,2017-03-31,-1
2018-05-07,59380,2018-03-31,,,,,,,,,,,,,,,,,,,,,,,,,,,,,,65.00,,,,313054255,23264114,288593477,false,false,12,2017-04-01,2018-03-31,0
2018-05-07,59380,2019-03-31,,,,,,,,,,,,,,,,,,,,,,,,,,,,,,70.00,,,,,,,false,true,12,2018-04-01,2019-03-31,1
2018-07-31,59380,2019-03-31,1,,,,,,,6555000000,-0.649,,,,3065000000,,10.58,9.73,,,,,2063282000000,,,,,,,,,,,,,,,,true,false,3,2018-04-01,2018-06-30,0
2018-07-31,59380,2018-03-31,1,,,,,,,18689000000,,,,,10234000000,,35.55,32.17,,,,,,,,,,,,,,,,,,,,,true,false,3,2017-04-01,2017-06-30,-1
2018-07-31,59380,2019-03-31,1,,,,,,,43000000000,0.139,,,,28000000000,,96.62,,,,,,,,,,,,,,,,,,,,,,true,true,6,2018-04-01,2018-09-30,0
2018-07-31,59380,2019-03-31,1,,,,,,,78000000000,-0.036,,,,50000000000,,172.54,,,,,,,,,,,,,,,,,,,,,,true,true,12,2018-04-01,2019-03-31,0
2018-07-31,59380,2018-03-31,1,,,,,,,,,,,,,,,,,,,,2107131000000,,,,,,,,,,,,,,,,true,false,12,2017-04-01,2018-03-31,-1
2018-07-31,59380,2018-03-31,1,,,,,,,,,,,,,,,,,,,,,,,,,,,,,65.00,,,,313054255,23264114,,false,false,12,2017-04-01,2018-03-31,-1
2018-07-31,59380,2019-03-31,1,,,,,,,,,,,,,,,,,,,,,,,,,,,,,70.00,,,,,,,false,true,12,2018-04-01,2019-03-31,0
2018-07-31,59380,2019-03-31,1,,,,,,,,,,,,,,,,,,,,,,,,,,,,,,,,,313054255,23236033,289800401,false,false,3,2018-04-01,2018-06-30,0
2018-07-31,59380,2018-03-31,1,,,,,,,,,,,,,,,,,,,,,,,,,,,,,,,,,,,287871354,false,false,3,2017-04-01,2017-06-30,-1
2018-10-22,59380,2019-03-31,,,,,,,,14500000000,-0.663,,,,-9000000000,,-31.02,,,,,,,,,,,,,,,,,,,,,,true,true,6,2018-04-01,2018-09-30,0
2018-10-22,59380,2018-03-31,,,,,,,,15086000000,,,,,12843000000,,44.59,,,,,,,,,,,,,,,,,,,,,,true,false,6,2017-04-01,2017-09-30,-1
2018-10-22,59380,2019-03-31,,,,,,,,40000000000,-0.487,,,,1500000000,,5.17,,,,,,,,,,,,,,,,,,,,,,true,true,12,2018-04-01,2019-03-31,0
2018-10-22,59380,2018-03-31,,,,,,,,59107000000,,,,,54581000000,,189.13,,,,,,,,,,,,,,,,,,,,,,true,false,12,2017-04-01,2018-03-31,-1
2018-10-31,59380,2019-03-31,2,,,,,,,14708000000,-0.025,,,,-8629000000,,-29.76,-29.76,,,,,2094673000000,,,,,,,,,,,,,,,,true,false,6,2018-04-01,2018-09-30,0
2018-10-31,59380,2018-03-31,2,,,,,,,15086000000,-0.606,,,,12843000000,,44.59,40.48,,,,,,,,,,,,,,,,,,,,,true,false,6,2017-04-01,2017-09-30,-1
2018-10-31,59380,2019-03-31,2,,,,,,,40000000000,-0.323,,,,1500000000,,5.17,,,,,,,,,,,,,,,,,,,,,,true,true,12,2018-04-01,2019-03-31,0
2018-10-31,59380,2018-03-31,2,,,,,,,,,,,,,,,,,,,,2107131000000,,,,,,,,,,,,,,,,true,false,12,2017-04-01,2018-03-31,-1
2018-10-31,59380,2018-03-31,2,,,,,,,,,,,,,,,,,,,,,,,,,,,,,65.00,,,,313054255,23264114,,false,false,12,2017-04-01,2018-03-31,-1
2018-10-31,59380,2019-03-31,2,,,,,,,,,,,,,,,,,,,,,,,,,,,,,35.00,,,,,,,false,false,12,2018-04-01,2019-03-31,0
2018-10-31,59380,2019-03-31,2,,,,,,,,,,,,,,,,,,,,,,,,,,,,,70.00,,,,,,,false,true,12,2018-04-01,2019-03-31,0
2018-10-31,59380,2019-03-31,2,,,,,,,,,,,,,,,,,,,,,,,,,,,,,,,,,313319159,23228216,289925227,false,false,6,2018-04-01,2018-09-30,0
2018-10-31,59380,2018-03-31,2,,,,,,,,,,,,,,,,,,,,,,,,,,,,,,,,,,,288005150,false,false,6,2017-04-01,2017-09-30,-1
2019-01-31,59380,2019-03-31,3,,,,,,,38285000000,-0.189,,,,2134000000,,7.36,7.21,,,,,2088703000000,,,,,,,,,,,,,,,,true,false,9,2018-04-01,2018-12-31,0
2019-01-31,59380,2018-03-31,3,,,,,,,47196000000,-0.319,,,,38637000000,,134.02,121.07,,,,,,,,,,,,,,,,,,,,,true,false,9,2017-04-01,2017-12-31,-1
2019-01-31,59380,2019-03-31,3,,,,,,,40000000000,-0.323,,,,1500000000,,5.17,,,,,,,,,,,,,,,,,,,,,,true,true,12,2018-04-01,2019-03-31,0
2019-01-31,59380,2018-03-31,3,,,,,,,,,,,,,,,,,,,,2107131000000,,,,,,,,,,,,,,,,true,false,12,2017-04-01,2018-03-31,-1
2019-01-31,59380,2018-03-31,3,,,,,,,,,,,,,,,,,,,,,,,,,,,,,65.00,,,,313054255,23264114,,false,false,12,2017-04-01,2018-03-31,-1
2019-01-31,59380,2019-03-31,3,,,,,,,,,,,,,,,,,,,,,,,,,,,,,35.00,,,,,,,false,false,12,2018-04-01,2019-03-31,0
2019-01-31,59380,2019-03-31,3,,,,,,,,,,,,,,,,,,,,,,,,,,,,,70.00,,,,,,,false,true,12,2018-04-01,2019-03-31,0
2019-01-31,59380,2019-03-31,3,,,,,,,,,,,,,,,,,,,,,,,,,,,,,,,,,313319159,23229941,289974593,false,false,9,2018-04-01,2018-12-31,0
2019-01-31,59380,2018-03-31,3,,,,,,,,,,,,,,,,,,,,,,,,,,,,,,,,,,,288283685,false,false,9,2017-04-01,2017-12-31,-1
2019-04-18,59380,2019-03-31,,,,,,,,-15000000000,,,,,-53000000000,,-182.76,,,,,,,,,,,,,,,,,,,,,,true,true,12,2018-04-01,2019-03-31,0
2019-04-18,59380,2018-03-31,,,,,,,,59107000000,,,,,54581000000,,189.13,,,,,,,,,,,,,,,,,,,,,,true,false,12,2017-04-01,2018-03-31,-1
2019-05-13,59380,2019-03-31,,,,,,,,-15029000000,,,,,-52193000000,,-179.98,-179.98,,,,,2059544000000,,,,,69351000000,-72328000000,1579000000,,,,,,,,,true,false,12,2018-04-01,2019-03-31,0
2019-05-13,59380,2018-03-31,,,,,,,,59107000000,-0.125,,,,54581000000,,189.13,170.90,,,,,2107131000000,,,,,116362000000,-52606000000,-43843000000,,,0.344,,,,,,true,false,12,2017-04-01,2018-03-31,-1
2019-05-13,59380,2020-03-31,,,,,,,,38000000000,,,,,15000000000,,51.71,,,,,,,,,,,,,,,,1.354,,,,,,true,true,12,2019-04-01,2020-03-31,1
2019-05-13,59380,2018-03-31,,,,,,,,,,,,,,,,,,,,,,,,,,,,,,65.00,,,,313054255,23264114,288593477,false,false,12,2017-04-01,2018-03-31,-1
2019-05-13,59380,2019-03-31,,,,,,,,,,,,,,,,,,,,,,,,,,,,,,70.00,,,,313319159,23224165,290001389,false,false,12,2018-04-01,2019-03-31,0
2019-05-13,59380,2020-03-31,,,,,,,,,,,,,,,,,,,,,,,,,,,,,,70.00,,,,,,,false,true,12,2019-04-01,2020-03-31,1
2019-07-31,59380,2020-03-31,1,,,,,,,11245000000,0.799,,,,12888000000,,44.42,40.26,,,,,2174729000000,,,,,,,,,,,,,,,,true,false,3,2019-04-01,2019-06-30,0
2019-07-31,59380,2019-03-31,1,,,,,,,6249000000,-0.664,,,,3065000000,,10.58,9.73,,,,,,,,,,,,,,,,,,,,,true,false,3,2018-04-01,2018-06-30,-1
2019-07-31,59380,2020-03-31,1,,,,,,,38000000000,,,,,15000000000,,51.71,,,,,,,,,,,,,,,,,,,,,,true,true,12,2019-04-01,2020-03-31,0
2019-07-31,59380,2019-03-31,1,,,,,,,,,,,,,,,,,,,,2059544000000,,,,,,,,,,,,,,,,true,false,12,2018-04-01,2019-03-31,-1
2019-07-31,59380,2019-03-31,1,,,,,,,,,,,,,,,,,,,,,,,,,,,,,70.00,,,,313319159,23224165,,false,false,12,2018-04-01,2019-03-31,-1
2019-07-31,59380,2020-03-31,1,,,,,,,,,,,,,,,,,,,,,,,,,,,,,70.00,,,,,,,false,true,12,2019-04-01,2020-03-31,0
2019-07-31,59380,2020-03-31,1,,,,,,,,,,,,,,,,,,,,,,,,,,,,,,,,,313319159,23214886,290102189,false,false,3,2019-04-01,2019-06-30,0
2019-07-31,59380,2019-03-31,1,,,,,,,,,,,,,,,,,,,,,,,,,,,,,,,,,,,289800401,false,false,3,2018-04-01,2018-06-30,-1
2019-10-31,59380,2020-03-31,2,,,,,,,32071000000,1.181,,,,23135000000,,79.75,72.31,,,,,2117342000000,,,,,,,,,,,,,,,,true,false,6,2019-04-01,2019-09-30,0
2019-10-31,59380,2019-03-31,2,,,,,,,14708000000,-0.025,,,,-8629000000,,-29.76,-29.76,,,,,,,,,,,,,,,,,,,,,true,false,6,2018-04-01,2018-09-30,-1
2019-10-31,59380,2020-03-31,2,,,,,,,38000000000,,,,,15000000000,,51.71,,,,,,,,,,,,,,,,,,,,,,true,true,12,2019-04-01,2020-03-31,0
2019-10-31,59380,2019-03-31,2,,,,,,,,,,,,,,,,,,,,2059544000000,,,,,,,,,,,,,,,,true,false,12,2018-04-01,2019-03-31,-1
2019-10-31,59380,2019-03-31,2,,,,,,,,,,,,,,,,,,,,,,,,,,,,,70.00,,,,313319159,23224165,,false,false,12,2018-04-01,2019-03-31,-1
2019-10-31,59380,2020-03-31,2,,,,,,,,,,,,,,,,,,,,,,,,,,,,,35.00,,,,,,,false,false,12,2019-04-01,2020-03-31,0
2019-10-31,59380,2020-03-31,2,,,,,,,,,,,,,,,,,,,,,,,,,,,,,70.00,,,,,,,false,true,12,2019-04-01,2020-03-31,0
2019-10-31,59380,2020-03-31,2,,,,,,,,,,,,,,,,,,,,,,,,,,,,,,,,,313319159,23216075,290101422,false,false,6,2019-04-01,2019-09-30,0
2019-10-31,59380,2019-03-31,2,,,,,,,,,,,,,,,,,,,,,,,,,,,,,,,,,,,289925227,false,false,6,2018-04-01,2018-09-30,-1
2020-01-31,59380,2020-03-31,3,,,,,,,45671000000,0.193,,,,30689000000,,105.79,95.99,,,,,2205915000000,,,,,,,,,,,,,,,,true,false,9,2019-04-01,2019-12-31,0
2020-01-31,59380,2019-03-31,3,,,,,,,38285000000,-0.189,,,,2134000000,,7.36,7.21,,,,,,,,,,,,,,,,,,,,,true,false,9,2018-04-01,2018-12-31,-1
2020-01-31,59380,2020-03-31,3,,,,,,,38000000000,,,,,15000000000,,51.71,,,,,,,,,,,,,,,,,,,,,,true,true,12,2019-04-01,2020-03-31,0
2020-01-31,59380,2019-03-31,3,,,,,,,,,,,,,,,,,,,,2059544000000,,,,,,,,,,,,,,,,true,false,12,2018-04-01,2019-03-31,-1
2020-01-31,59380,2019-03-31,3,,,,,,,,,,,,,,,,,,,,,,,,,,,,,70.00,,,,313319159,23224165,,false,false,12,2018-04-01,2019-03-31,-1
2020-01-31,59380,2020-03-31,3,,,,,,,,,,,,,,,,,,,,,,,,,,,,,35.00,,,,,,,false,false,12,2019-04-01,2020-03-31,0
2020-01-31,59380,2020-03-31,3,,,,,,,,,,,,,,,,,,,,,,,,,,,,,70.00,,,,,,,false,true,12,2019-04-01,2020-03-31,0
2020-01-31,59380,2020-03-31,3,,,,,,,,,,,,,,,,,,,,,,,,,,,,,,,,,313319159,23218589,290101481,false,false,9,2019-04-01,2019-12-31,0
2020-01-31,59380,2019-03-31,3,,,,,,,,,,,,,,,,,,,,,,,,,,,,,,,,,,,289974593,false,false,9,2018-04-01,2018-12-31,-1
2020-05-01,59380,2020-03-31,,,,,,,,39500000000,0.039,,,,15000000000,,15.71,,,,,,,,,,,,,,,,,,,,,,true,true,12,2019-04-01,2020-03-31,0
2020-05-01,59380,2019-03-31,,,,,,,,-15029000000,,,,,-52193000000,,-179.98,,,,,,,,,,,,,,,,,,,,,,true,false,12,2018-04-01,2019-03-31,-1
2020-05-01,59380,2020-03-31,,,,,,,,39500000000,0.039,,,,15000000000,,51.71,,,,,,,,,,,,,,,,,,,,,,true,true,12,2019-04-01,2020-03-31,0
2020-05-01,59380,2019-03-31,,,,,,,,-15029000000,,,,,-52193000000,,-179.98,,,,,,,,,,,,,,,,,,,,,,true,false,12,2018-04-01,2019-03-31,-1
2020-05-29,59380,2020-03-31,,,,,,,,39121000000,-0.202,,,,12518000000,,43.15,39.65,,,,,2091529000000,,,,,157701000000,-41314000000,-153285000000,,,1.622,,,,,,true,false,12,2019-04-01,2020-03-31,0
2020-05-29,59380,2019-03-31,,,,,,,,49011000000,,,,,-52193000000,,-179.98,-179.98,,,,,2059544000000,,,,,69351000000,-72328000000,1579000000,,,,,,,,,true,false,12,2018-04-01,2019-03-31,-1
2020-05-29,59380,2019-03-31,,,,,,,,,,,,,,,,,,,,,,,,,,,,,,70.00,,,,313319159,23224165,290001389,false,false,12,2018-04-01,2019-03-31,-1
2020-05-29,59380,2020-03-31,,,,,,,,,,,,,,,,,,,,,,,,,,,,,,70.00,,,,313319159,23216159,290101544,false,false,12,2019-04-01,2020-03-31,0
2020-08-06,59380,2021-03-31,1,,,,,,,-3079000000,,,,,-3719000000,,-12.82,-12.82,,,,,2136645000000,,,,,,,,,,,,,,,,true,false,3,2020-04-01,2020-06-30,0
2020-08-06,59380,2020-03-31,1,,,,,,,10111000000,,,,,12888000000,,44.42,40.26,,,,,,,,,,,,,,,,,,,,,true,false,3,2019-04-01,2019-06-30,-1
2020-08-06,59380,2020-03-31,1,,,,,,,,,,,,,,,,,,,,2091529000000,,,,,,,,,,,,,,,,true,false,12,2019-04-01,2020-03-31,-1
2020-08-06,59380,2020-03-31,1,,,,,,,,,,,,,,,,,,,,,,,,,,,,,70.00,,,,313319159,23216159,,false,false,12,2019-04-01,2020-03-31,-1
2020-08-06,59380,2021-03-31,1,,,,,,,,,,,,,,,,,,,,,,,,,,,,,70.00,,,,,,,false,true,12,2020-04-01,2021-03-31,0
2020-08-06,59380,2021-03-31,1,,,,,,,,,,,,,,,,,,,,,,,,,,,,,,,,,313319159,23216708,290102787,false,false,3,2020-04-01,2020-06-30,0
2020-08-06,59380,2020-03-31,1,,,,,,,,,,,,,,,,,,,,,,,,,,,,,,,,,,,290102189,false,false,3,2019-04-01,2019-06-30,-1
2020-08-06,59380,2020-03-31,,,,,,,,32000000000,,,,,12500000000,,43.15,,,,,,,,,,,,,,,,,,,,,,true,false,12,2019-04-01,2020-03-31,-1
2020-08-06,59380,2021-03-31,,,,,,,,,,,,,,,,,,,,,,,,,,,,,,70.00,,,,,,,false,true,12,2020-04-01,2021-03-31,0
2020-08-06,59380,2020-03-31,,,,,,,,,,,,,,,,,,,,,,,,,,,,,,70.00,,,,,,,false,false,12,2019-04-01,2020-03-31,-1
2020-10-30,59380,2021-03-31,2,,,,,,,11976000000,-0.643,,,,10869000000,,37.47,35.75,,,,,2133571000000,,,,,,,,,,,,,,,,true,false,6,2020-04-01,2020-09-30,0
2020-10-30,59380,2020-03-31,2,,,,,,,33565000000,,,,,23135000000,,79.75,72.31,,,,,,,,,,,,,,,,,,,,,true,false,6,2019-04-01,2019-09-30,-1
2020-10-30,59380,2021-03-31,2,,,,,,,7000000000,-0.781,,,,19000000000,,65.49,,,,,,,,,,,,,,,,,,,,,,true,true,12,2020-04-01,2021-03-31,0
2020-10-30,59380,2020-03-31,2,,,,,,,,,,,,,,,,,,,,2091529000000,,,,,,,,,,,,,,,,true,false,12,2019-04-01,2020-03-31,-1
2020-10-30,59380,2020-03-31,2,,,,,,,,,,,,,,,,,,,,,,,,,,,,,70.00,,,,313319159,23216159,,false,false,12,2019-04-01,2020-03-31,-1
2020-10-30,59380,2021-03-31,2,,,,,,,,,,,,,,,,,,,,,,,,,,,,,35.00,,,,,,,false,false,12,2020-04-01,2021-03-31,0
2020-10-30,59380,2021-03-31,2,,,,,,,,,,,,,,,,,,,,,,,,,,,,,70.00,,,,,,,false,true,12,2020-04-01,2021-03-31,0
2020-10-30,59380,2021-03-31,2,,,,,,,,,,,,,,,,,,,,,,,,,,,,,,,,,313319159,23218386,290102188,false,false,6,2020-04-01,2020-09-30,0
2020-10-30,59380,2020-03-31,2,,,,,,,,,,,,,,,,,,,,,,,,,,,,,,,,,,,290101422,false,false,6,2019-04-01,2019-09-30,-1
2020-10-30,59380,2021-03-31,,,,,,,,7000000000,,,,,19000000000,,65.49,,,,,,,,,,,,,,,,,,,,,,true,true,12,2020-04-01,2021-03-31,0
2020-10-30,59380,2020-03-31,,,,,,,,32000000000,,,,,12500000000,,43.15,,,,,,,,,,,,,,,,,,,,,,true,false,12,2019-04-01,2020-03-31,-1
2020-10-30,59380,2021-03-31,,,,,,,,,,,,,,,,,,,,,,,,,,,,,,70.00,,,,,,,false,true,12,2020-04-01,2021-03-31,0
2020-10-30,59380,2021-03-31,,,,,,,,,,,,,,,,,,,,,,,,,,,,,,35.00,,,,,,,false,false,12,2020-04-01,2021-03-31,0
2020-10-30,59380,2020-03-31,,,,,,,,,,,,,,,,,,,,,,,,,,,,,,70.00,,,,,,,false,false,12,2019-04-01,2020-03-31,-1
2021-02-05,59380,2021-03-31,3,,,,,,,37160000000,-0.249,,,,38684000000,,133.35,126.73,,,,,1822206000000,,,,,,,,,,,,,,,,true,false,9,2020-04-01,2020-12-31,0
2021-02-05,59380,2020-03-31,3,,,,,,,49468000000,,,,,30689000000,,105.79,95.99,,,,,,,,,,,,,,,,,,,,,true,false,9,2019-04-01,2019-12-31,-1
2021-02-05,59380,2021-03-31,3,,,,,,,34500000000,0.078,,,,33000000000,,113.75,,,,,,,,,,,,,,,,,,,,,,true,true,12,2020-04-01,2021-03-31,0
2021-02-05,59380,2020-03-31,3,,,,,,,,,,,,,,,,,,,,2091529000000,,,,,,,,,,,,,,,,true,false,12,2019-04-01,2020-03-31,-1
2021-02-05,59380,2020-03-31,3,,,,,,,,,,,,,,,,,,,,,,,,,,,,,70.00,,,,313319159,23216159,,false,false,12,2019-04-01,2020-03-31,-1
2021-02-05,59380,2021-03-31,3,,,,,,,,,,,,,,,,,,,,,,,,,,,,,35.00,,,,,,,false,false,12,2020-04-01,2021-03-31,0
2021-02-05,59380,2021-03-31,3,,,,,,,,,,,,,,,,,,,,,,,,,,,,,70.00,,,,,,,false,true,12,2020-04-01,2021-03-31,0
2021-02-05,59380,2021-03-31,3,,,,,,,,,,,,,,,,,,,,,,,,,,,,,,,,,313319159,23220684,290101364,false,false,9,2020-04-01,2020-12-31,0
2021-02-05,59380,2020-03-31,3,,,,,,,,,,,,,,,,,,,,,,,,,,,,,,,,,,,290101481,false,false,9,2019-04-01,2019-12-31,-1
2021-04-30,59380,2021-03-31,,,,,,,,35842000000,0.120,,,,33048000000,,113.92,108.44,,,,,1741814000000,,,,,151043000000,-54151000000,-93425000000,,,0.658,,,,,,true,false,12,2020-04-01,2021-03-31,0
2021-04-30,59380,2020-03-31,,,,,,,,32010000000,,,,,12518000000,,43.15,39.65,,,,,2091529000000,,,,,157701000000,-41314000000,-153285000000,,,1.622,,,,,,true,false,12,2019-04-01,2020-03-31,-1
2021-04-30,59380,2022-03-31,,,,,,,,78000000000,1.176,,,,47000000000,,161.94,,,,,,,,,,,,,,,,0.494,,,,,,true,true,12,2021-04-01,2022-03-31,1
2021-04-30,59380,2020-03-31,,,,,,,,,,,,,,,,,,,,,,,,,,,,,,70.00,,,,313319159,23216159,290101544,false,false,12,2019-04-01,2020-03-31,-1
2021-04-30,59380,2021-03-31,,,,,,,,,,,,,,,,,,,,,,,,,,,,,,75.00,,,,313319159,23091924,290110459,false,false,12,2020-04-01,2021-03-31,0
2021-04-30,59380,2022-03-31,,,,,,,,,,,,,,,,,,,,,,,,,,,,,,80.00,,,,,,,false,true,12,2021-04-01,2022-03-31,1
2021-07-30,59380,2022-03-31,1,,,,,,,23933000000,,,,,16825000000,,57.91,54.96,,,,,1739605000000,,,,,,,,,,,,,,,,true,false,3,2021-04-01,2021-06-30,0
2021-07-30,59380,2021-03-31,1,,,,,,,-3079000000,,,,,-3719000000,,-12.82,-12.82,,,,,,,,,,,,,,,,,,,,,true,false,3,2020-04-01,2020-06-30,-1
2021-07-30,59380,2022-03-31,1,,,,,,,78000000000,1.176,,,,47000000000,,161.94,,,,,,,,,,,,,,,,,,,,,,true,true,12,2021-04-01,2022-03-31,0
2021-07-30,59380,2021-03-31,1,,,,,,,,,,,,,,,,,,,,1741814000000,,,,,,,,,,,,,,,,true,false,12,2020-04-01,2021-03-31,-1
2021-07-30,59380,2021-03-31,1,,,,,,,,,,,,,,,,,,,,,,,,,,,,,75.00,,,,313319159,23091924,,false,false,12,2020-04-01,2021-03-31,-1
2021-07-30,59380,2022-03-31,1,,,,,,,,,,,,,,,,,,,,,,,,,,,,,80.00,,,,,,,false,true,12,2021-04-01,2022-03-31,0
2021-07-30,59380,2022-03-31,1,,,,,,,,,,,,,,,,,,,,,,,,,,,,,,,,,313319159,22614240,290538540,false,false,3,2021-04-01,2021-06-30,0
2021-07-30,59380,2021-03-31,1,,,,,,,,,,,,,,,,,,,,,,,,,,,,,,,,,,,290102787,false,false,3,2020-04-01,2020-06-30,-1
2021-10-29,5938,2022-03-31,2,,,,,,,37161000000,2.103,,,,25707000000,,88.46,84.02,,,,,1711580000000,,,,,,,,,,,,,,,,true,false,6,2021-04-01,2021-09-30,0
2021-10-29,5938,2021-03-31,2,,,,,,,11976000000,-0.643,,,,10869000000,,37.47,35.75,,,,,,,,,,,,,,,,,,,,,true,false,6,2020-04-01,2020-09-30,-1
2021-10-29,5938,2022-03-31,2,,,,,,,78000000000,1.176,,,,47000000000,,161.94,,,,,,,,,,,,,,,,,,,,,,true,true,12,2021-04-01,2022-03-31,0
2021-10-29,5938,2021-03-31,2,,,,,,,,,,,,,,,,,,,,1741814000000,,,,,,,,,,,,,,,,true,false,12,2020-04-01,2021-03-31,-1
2021-10-29,5938,2021-03-31,2,,,,,,,,,,,,,,,,,,,,,,,,,,,,,75.00,,,,313319159,23091924,,false,false,12,2020-04-01,2021-03-31,-1
2021-10-29,5938,2022-03-31,2,,,,,,,,,,,,,,,,,,,,,,,,,,,,,40.00,,,,,,,false,false,12,2021-04-01,2022-03-31,0
2021-10-29,5938,2022-03-31,2,,,,,,,,,,,,,,,,,,,,,,,,,,,,,80.00,,,,,,,false,true,12,2021-04-01,2022-03-31,0
2021-10-29,5938,2022-03-31,2,,,,,,,,,,,,,,,,,,,,,,,,,,,,,,,,,313319159,22616761,290609099,false,false,6,2021-04-01,2021-09-30,0
2021-10-29,5938,2021-03-31,2,,,,,,,,,,,,,,,,,,,,,,,,,,,,,,,,,,,290102188,false,false,6,2020-04-01,2020-09-30,-1
2022-01-31,5938,2022-03-31,3,,,,,,,59953000000,0.613,,,,41501000000,,142.79,135.61,,,,,1765508000000,,,,,,,,,,,,,,,,true,false,9,2021-04-01,2021-12-31,0
2022-01-31,5938,2021-03-31,3,,,,,,,37160000000,-0.249,,,,38684000000,,133.35,126.73,,,,,,,,,,,,,,,,,,,,,true,false,9,2020-04-01,2020-12-31,-1
2022-01-31,5938,2022-03-31,3,,,,,,,78000000000,1.176,,,,47000000000,,161.94,,,,,,,,,,,,,,,,,,,,,,true,true,12,2021-04-01,2022-03-31,0
2022-01-31,5938,2021-03-31,3,,,,,,,,,,,,,,,,,,,,1741814000000,,,,,,,,,,,,,,,,true,false,12,2020-04-01,2021-03-31,-1
2022-01-31,5938,2021-03-31,3,,,,,,,,,,,,,,,,,,,,,,,,,,,,,75.00,,,,313319159,23091924,,false,false,12,2020-04-01,2021-03-31,-1
2022-01-31,5938,2022-03-31,3,,,,,,,,,,,,,,,,,,,,,,,,,,,,,40.00,,,,,,,false,false,12,2021-04-01,2022-03-31,0
2022-01-31,5938,2022-03-31,3,,,,,,,,,,,,,,,,,,,,,,,,,,,,,80.00,,,,,,,false,true,12,2021-04-01,2022-03-31,0
2022-01-31,5938,2022-03-31,3,,,,,,,,,,,,,,,,,,,,,,,,,,,,,,,,,313319159,22578676,290640736,false,false,9,2021-04-01,2021-12-31,0
2022-01-31,5938,2021-03-31,3,,,,,,,,,,,,,,,,,,,,,,,,,,,,,,,,,,,290101364,false,false,9,2020-04-01,2020-12-31,-1
2022-04-28,5938,2022-03-31,,,,,,,,69471000000,0.938,,,,48603000000,,167.21,158.83,,,,,1782882000000,,,,,118296000000,-24805000000,-108094000000,,,0.508,,,,,,true,false,12,2021-04-01,2022-03-31,0
2022-04-28,5938,2021-03-31,,,,,,,,35842000000,0.120,,,,33048000000,,113.92,108.44,,,,,1741814000000,,,,,151043000000,-54151000000,-93425000000,,,0.658,,,,,,true,false,12,2020-04-01,2021-03-31,-1
2022-04-28,5938,2023-03-31,,,,,,,,78000000000,0.123,,,,51000000000,,175.42,,,,,,,,,,,,,,,,0.513,,,,,,true,true,12,2022-04-01,2023-03-31,1
2022-04-28,5938,2021-03-31,,,,,,,,,,,,,,,,,,,,,,,,,,,,,,75.00,,,,313319159,23091924,290110459,false,false,12,2020-04-01,2021-03-31,-1
2022-04-28,5938,2022-03-31,,,,,,,,,,,,,,,,,,,,,,,,,,,,,,85.00,,,,313319159,22580170,290663404,false,false,12,2021-04-01,2022-03-31,0
2022-04-28,5938,2023-03-31,,,,,,,,,,,,,,,,,,,,,,,,,,,,,,90.00,,,,,,,false,true,12,2022-04-01,2023-03-31,1
2022-07-29,5938,2023-03-31,1,,,,,,,12067000000,-0.496,,,,5734000000,,19.79,19.79,,,,,1856491000000,,,,,,,,,,,,,,,,true,false,3,2022-04-01,2022-06-30,0
2022-07-29,5938,2022-03-31,1,,,,,,,23933000000,,,,,16825000000,,57.91,54.96,,,,,,,,,,,,,,,,,,,,,true,false,3,2021-04-01,2021-06-30,-1
2022-07-29,5938,2023-03-31,1,,,,,,,78000000000,0.123,,,,51000000000,,175.99,,,,,,,,,,,,,,,,,,,,,,true,true,12,2022-04-01,2023-03-31,0
2022-07-29,5938,2022-03-31,1,,,,,,,,,,,,,,,,,,,,1782882000000,,,,,,,,,,,,,,,,true,false,12,2021-04-01,2022-03-31,-1
2022-07-29,5938,2022-03-31,1,,,,,,,,,,,,,,,,,,,,,,,,,,,,,85.00,,,,313319159,22580170,,false,false,12,2021-04-01,2022-03-31,-1
2022-07-29,5938,2023-03-31,1,,,,,,,,,,,,,,,,,,,,,,,,,,,,,90.00,,,,,,,false,true,12,2022-04-01,2023-03-31,0
2022-07-29,5938,2023-03-31,1,,,,,,,,,,,,,,,,,,,,,,,,,,,,,,,,,313319159,25040952,289793042,false,false,3,2022-04-01,2022-06-30,0
2022-07-29,5938,2022-03-31,1,,,,,,,,,,,,,,,,,,,,,,,,,,,,,,,,,,,290538540,false,false,3,2021-04-01,2021-06-30,-1
2022-10-31,5938,2023-03-31,2,,,,,,,10039000000,-0.730,,,,3710000000,,12.85,12.85,,,,,1888799000000,,,,,,,,,,,,,,,,true,false,6,2022-04-01,2022-09-30,0
2022-10-31,5938,2022-03-31,2,,,,,,,37161000000,2.103,,,,25707000000,,88.46,84.02,,,,,,,,,,,,,,,,,,,,,true,false,6,2021-04-01,2021-09-30,-1
2022-10-31,5938,2023-03-31,2,,,,,,,39000000000,-0.439,,,,25000000000,,86.61,,,,,,,,,,,,,,,,,,,,,,true,true,12,2022-04-01,2023-03-31,0
2022-10-31,5938,2022-03-31,2,,,,,,,,,,,,,,,,,,,,1782882000000,,,,,,,,,,,,,,,,true,false,12,2021-04-01,2022-03-31,-1
2022-10-31,5938,2022-03-31,2,,,,,,,,,,,,,,,,,,,,,,,,,,,,,85.00,,,,313319159,22580170,,false,false,12,2021-04-01,2022-03-31,-1
2022-10-31,5938,2023-03-31,2,,,,,,,,,,,,,,,,,,,,,,,,,,,,,45.00,,,,,,,false,false,12,2022-04-01,2023-03-31,0
2022-10-31,5938,2023-03-31,2,,,,,,,,,,,,,,,,,,,,,,,,,,,,,90.00,,,,,,,false,true,12,2022-04-01,2023-03-31,0
2022-10-31,5938,2023-03-31,2,,,,,,,,,,,,,,,,,,,,,,,,,,,,,,,,,287109659,48362,288639897,false,false,6,2022-04-01,2022-09-30,0
2022-10-31,5938,2022-03-31,2,,,,,,,,,,,,,,,,,,,,,,,,,,,,,,,,,,,290609099,false,false,6,2021-04-01,2021-09-30,-1
2023-01-31,5938,2023-03-31,3,,,,,,,24240000000,-0.596,,,,11019000000,,38.24,38.24,,,,,1905981000000,,,,,,,,,,,,,,,,true,false,9,2022-04-01,2022-12-31,0
2023-01-31,5938,2022-03-31,3,,,,,,,59953000000,0.613,,,,41501000000,,142.79,135.61,,,,,,,,,,,,,,,,,,,,,true,false,9,2021-04-01,2021-12-31,-1
2023-01-31,5938,2023-03-31,3,,,,,,,39000000000,-0.439,,,,25000000000,,86.76,,,,,,,,,,,,,,,,,,,,,,true,true,12,2022-04-01,2023-03-31,0
2023-01-31,5938,2022-03-31,3,,,,,,,,,,,,,,,,,,,,1782882000000,,,,,,,,,,,,,,,,true,false,12,2021-04-01,2022-03-31,-1
2023-01-31,5938,2022-03-31,3,,,,,,,,,,,,,,,,,,,,,,,,,,,,,85.00,,,,313319159,22580170,,false,false,12,2021-04-01,2022-03-31,-1
2023-01-31,5938,2023-03-31,3,,,,,,,,,,,,,,,,,,,,,,,,,,,,,45.00,,,,,,,false,false,12,2022-04-01,2023-03-31,0
2023-01-31,5938,2023-03-31,3,,,,,,,,,,,,,,,,,,,,,,,,,,,,,90.00,,,,,,,false,true,12,2022-04-01,2023-03-31,0
2023-01-31,5938,2023-03-31,3,,,,,,,,,,,,,,,,,,,,,,,,,,,,,,,,,287109659,50349,288165997,false,false,9,2022-04-01,2022-12-31,0
2023-01-31,5938,2022-03-31,3,,,,,,,,,,,,,,,,,,,,,,,,,,,,,,,,,,,290640736,false,false,9,2021-04-01,2021-12-31,-1
2023-04-18,59380,2023-03-31,,,,,,,,25000000000,-0.359,,,,16000000000,,55.57,,,,,,,,,,,,,,,,,,,,,,true,true,12,2022-04-01,2023-03-31,0
2023-04-18,59380,2022-03-31,,,,,,,,69471000000,,,,,48603000000,,167.21,,,,,,,,,,,,,,,,,,,,,,true,false,12,2021-04-01,2022-03-31,-1
2023-04-28,5938,2023-03-31,,,,,,,,24903000000,-0.642,,,,15991000000,,55.54,55.54,,,,,1853534000000,,,,,15005000000,-29319000000,19839000000,,,1.620,,,,,,true,false,12,2022-04-01,2023-03-31,0
2023-04-28,5938,2022-03-31,,,,,,,,69471000000,0.938,,,,48603000000,,167.21,158.83,,,,,1782882000000,,,,,118296000000,-24805000000,-108094000000,,,0.508,,,,,,true,false,12,2021-04-01,2022-03-31,-1
2023-04-28,5938,2024-03-31,,,,,,,,28000000000,0.124,,,,11000000000,,38.32,,,,,,,,,,,,,,,,2.349,,,,,,true,true,12,2023-04-01,2024-03-31,1
2023-04-28,5938,2022-03-31,,,,,,,,,,,,,,,,,,,,,,,,,,,,,,85.00,,,,313319159,22580170,290663404,false,false,12,2021-04-01,2022-03-31,-1
2023-04-28,5938,2023-03-31,,,,,,,,,,,,,,,,,,,,,,,,,,,,,,90.00,,,,287109659,51992,287910363,false,false,12,2022-04-01,2023-03-31,0
2023-04-28,5938,2024-03-31,,,,,,,,,,,,,,,,,,,,,,,,,,,,,,90.00,,,,,,,false,true,12,2023-04-01,2024-03-31,1
2023-07-28,5938,2024-03-31,1,,,,,,,2425000000,-0.799,,,,377000000,,1.31,1.31,,,,,1914866000000,,,,,,,,,,,,,,,,true,false,3,2023-04-01,2023-06-30,0
2023-07-28,5938,2023-03-31,1,,,,,,,12067000000,-0.496,,,,5734000000,,19.79,19.79,,,,,,,,,,,,,,,,,,,,,true,false,3,2022-04-01,2022-06-30,-1
2023-07-28,5938,2024-03-31,1,,,,,,,28000000000,0.124,,,,11000000000,,38.32,,,,,,,,,,,,,,,,,,,,,,true,true,12,2023-04-01,2024-03-31,0
2023-07-28,5938,2023-03-31,1,,,,,,,,,,,,,,,,,,,,1853534000000,,,,,,,,,,,,,,,,true,false,12,2022-04-01,2023-03-31,-1
2023-07-28,5938,2023-03-31,1,,,,,,,,,,,,,,,,,,,,,,,,,,,,,90.00,,,,287109659,51992,,false,false,12,2022-04-01,2023-03-31,-1
2023-07-28,5938,2024-03-31,1,,,,,,,,,,,,,,,,,,,,,,,,,,,,,90.00,,,,,,,false,true,12,2023-04-01,2024-03-31,0
2023-07-28,5938,2024-03-31,1,,,,,,,,,,,,,,,,,,,,,,,,,,,,,,,,,287211790,53878,287107957,false,false,3,2023-04-01,2023-06-30,0
2023-07-28,5938,2023-03-31,1,,,,,,,,,,,,,,,,,,,,,,,,,,,,,,,,,,,289793042,false,false,3,2022-04-01,2022-06-30,-1
2023-10-31,5938,2024-03-31,2,,,,,,,6631000000,-0.339,,,,489000000,,1.70,1.70,,,,,1914851000000,,,,,,,,,,,,,,,,true,false,6,2023-04-01,2023-09-30,0
2023-10-31,5938,2023-03-31,2,,,,,,,10039000000,-0.730,,,,3710000000,,12.85,12.85,,,,,,,,,,,,,,,,,,,,,true,false,6,2022-04-01,2022-09-30,-1
2023-10-31,5938,2024-03-31,2,,,,,,,28000000000,0.124,,,,11000000000,,38.32,,,,,,,,,,,,,,,,,,,,,,true,true,12,2023-04-01,2024-03-31,0
2023-10-31,5938,2023-03-31,2,,,,,,,,,,,,,,,,,,,,1853534000000,,,,,,,,,,,,,,,,true,false,12,2022-04-01,2023-03-31,-1
2023-10-31,5938,2023-03-31,2,,,,,,,,,,,,,,,,,,,,,,,,,,,,,90.00,,,,287109659,51992,,false,false,12,2022-04-01,2023-03-31,-1
2023-10-31,5938,2024-03-31,2,,,,,,,,,,,,,,,,,,,,,,,,,,,,,45.00,,,,,,,false,false,12,2023-04-01,2024-03-31,0
2023-10-31,5938,2024-03-31,2,,,,,,,,,,,,,,,,,,,,,,,,,,,,,90.00,,,,,,,false,true,12,2023-04-01,2024-03-31,0
2023-10-31,5938,2024-03-31,2,,,,,,,,,,,,,,,,,,,,,,,,,,,,,,,,,287211790,55300,287128916,false,false,6,2023-04-01,2023-09-30,0
2023-10-31,5938,2023-03-31,2,,,,,,,,,,,,,,,,,,,,,,,,,,,,,,,,,,,288639897,false,false,6,2022-04-01,2022-09-30,-1
2024-01-22,59380,2024-03-31,,,,,,,,25900000000,,,,,7200000000,,25.08,,,,,,,,,,,,,,,,,,,,,,true,true,9,2023-04-01,2023-12-31,0
2024-01-22,59380,2023-03-31,,,,,,,,24240000000,,,,,11019000000,,38.24,,,,,,,,,,,,,,,,,,,,,,true,false,9,2022-04-01,2022-12-31,-1
2024-01-31,5938,2024-03-31,3,,,,,,,25459000000,0.050,,,,6781000000,,23.62,23.62,,,,,1887453000000,,,,,,,,,,,,,,,,true,false,9,2023-04-01,2023-12-31,0
2024-01-31,5938,2023-03-31,3,,,,,,,24240000000,-0.596,,,,11019000000,,38.24,38.24,,,,,,,,,,,,,,,,,,,,,true,false,9,2022-04-01,2022-12-31,-1
2024-01-31,5938,2024-03-31,3,,,,,,,28000000000,0.124,,,,11000000000,,38.32,,,,,,,,,,,,,,,,,,,,,,true,true,12,2023-04-01,2024-03-31,0
2024-01-31,5938,2023-03-31,3,,,,,,,,,,,,,,,,,,,,1853534000000,,,,,,,,,,,,,,,,true,false,12,2022-04-01,2023-03-31,-1
2024-01-31,5938,2023-03-31,3,,,,,,,,,,,,,,,,,,,,,,,,,,,,,90.00,,,,287109659,51992,,false,false,12,2022-04-01,2023-03-31,-1
2024-01-31,5938,2024-03-31,3,,,,,,,,,,,,,,,,,,,,,,,,,,,,,45.00,,,,,,,false,false,12,2023-04-01,2024-03-31,0
2024-01-31,5938,2024-03-31,3,,,,,,,,,,,,,,,,,,,,,,,,,,,,,90.00,,,,,,,false,true,12,2023-04-01,2024-03-31,0
2024-01-31,5938,2024-03-31,3,,,,,,,,,,,,,,,,,,,,,,,,,,,,,,,,,287211790,56997,287136912,false,false,9,2023-04-01,2023-12-31,0
2024-01-31,5938,2023-03-31,3,,,,,,,,,,,,,,,,,,,,,,,,,,,,,,,,,,,288165997,false,false,9,2022-04-01,2022-12-31,-1
2024-04-22,59380,2024-03-31,,,,,,,,16000000000,-0.429,,,,-14000000000,,-48.76,,,,,,,,,,,,,,,,,,,,,,true,true,12,2023-04-01,2024-03-31,0
2024-04-22,59380,2023-03-31,,,,,,,,24903000000,,,,,15991000000,,55.54,,,,,,,,,,,,,,,,,,,,,,true,false,12,2022-04-01,2023-03-31,-1
2024-04-30,5938,2024-03-31,,,,,,,,16351000000,-0.343,,,,-13908000000,,-48.43,-48.43,,,,,1886595000000,,,,,45794000000,-27680000000,-3673000000,,,,,,,,,true,false,12,2023-04-01,2024-03-31,0
2024-04-30,5938,2023-03-31,,,,,,,,24903000000,-0.642,,,,15991000000,,55.54,55.54,,,,,1853534000000,,,,,15005000000,-29319000000,19839000000,,,1.620,,,,,,true,false,12,2022-04-01,2023-03-31,-1
2024-04-30,5938,2025-03-31,,,,,,,,25000000000,0.529,,,,8000000000,,27.86,,,,,,,,,,,,,,,,3.230,,,,,,true,true,12,2024-04-01,2025-03-31,1
2024-04-30,5938,2023-03-31,,,,,,,,,,,,,,,,,,,,,,,,,,,,,,90.00,,,,287109659,51992,287910363,false,false,12,2022-04-01,2023-03-31,-1
2024-04-30,5938,2024-03-31,,,,,,,,,,,,,,,,,,,,,,,,,,,,,,90.00,,,,287211790,59323,287140640,false,false,12,2023-04-01,2024-03-31,0
2024-04-30,5938,2025-03-31,,,,,,,,,,,,,,,,,,,,,,,,,,,,,,90.00,,,,,,,false,true,12,2024-04-01,2025-03-31,1
2024-04-30,5938,2024-03-31,,,,,,,,16351000000,-0.343,,,,-13908000000,,-48.43,-48.43,,,,,1886595000000,,,,,47990000000,-29876000000,-3673000000,,,,,,,,,true,false,12,2023-04-01,2024-03-31,0
2024-04-30,5938,2023-03-31,,,,,,,,24903000000,-0.642,,,,15991000000,,55.54,55.54,,,,,1853534000000,,,,,15005000000,-29319000000,19839000000,,,1.620,,,,,,true,false,12,2022-04-01,2023-03-31,-1
2024-04-30,5938,2025-03-31,,,,,,,,25000000000,0.529,,,,8000000000,,27.86,,,,,,,,,,,,,,,,3.230,,,,,,true,true,12,2024-04-01,2025-03-31,1
2024-04-30,5938,2023-03-31,,,,,,,,,,,,,,,,,,,,,,,,,,,,,,90.00,,,,287109659,51992,287910363,false,false,12,2022-04-01,2023-03-31,-1
2024-04-30,5938,2024-03-31,,,,,,,,,,,,,,,,,,,,,,,,,,,,,,90.00,,,,287211790,59323,287140640,false,false,12,2023-04-01,2024-03-31,0
2024-04-30,5938,2025-03-31,,,,,,,,,,,,,,,,,,,,,,,,,,,,,,90.00,,,,,,,false,true,12,2024-04-01,2025-03-31,1
2024-07-30,5938,2025-03-31,1,,,,,,,-482000000,,,,,-5858000000,,-20.39,-20.39,,,,,1916934000000,,,,,,,,,,,,,,,,true,false,3,2024-04-01,2024-06-30,0
2024-07-30,5938,2024-03-31,1,,,,,,,2425000000,-0.799,,,,377000000,,1.31,1.31,,,,,,,,,,,,,,,,,,,,,true,false,3,2023-04-01,2023-06-30,-1
2024-07-30,5938,2025-03-31,1,,,,,,,25000000000,0.529,,,,8000000000,,27.86,,,,,,,,,,,,,,,,,,,,,,true,true,12,2024-04-01,2025-03-31,0
2024-07-30,5938,2024-03-31,1,,,,,,,,,,,,,,,,,,,,1886595000000,,,,,,,,,,,,,,,,true,false,12,2023-04-01,2024-03-31,-1
2024-07-30,5938,2024-03-31,1,,,,,,,,,,,,,,,,,,,,,,,,,,,,,90.00,,,,287211790,59323,,false,false,12,2023-04-01,2024-03-31,-1
2024-07-30,5938,2025-03-31,1,,,,,,,,,,,,,,,,,,,,,,,,,,,,,90.00,,,,,,,false,true,12,2024-04-01,2025-03-31,0
2024-07-30,5938,2025-03-31,1,,,,,,,,,,,,,,,,,,,,,,,,,,,,,,,,,287340460,60804,287216039,false,false,3,2024-04-01,2024-06-30,0
2024-07-30,5938,2024-03-31,1,,,,,,,,,,,,,,,,,,,,,,,,,,,,,,,,,,,287107957,false,false,3,2023-04-01,2023-06-30,-1
2024-08-08,5938,2025-03-31,1,,,,,,,-482000000,,,,,-5858000000,,-20.39,-20.39,,,,,1916934000000,,,,,,,,,,,,,,,,true,false,3,2024-04-01,2024-06-30,0
2024-08-08,5938,2024-03-31,1,,,,,,,2425000000,-0.799,,,,377000000,,1.31,1.31,,,,,,,,,,,,,,,,,,,,,true,false,3,2023-04-01,2023-06-30,-1
2024-08-08,5938,2025-03-31,1,,,,,,,25000000000,0.529,,,,8000000000,,27.86,,,,,,,,,,,,,,,,,,,,,,true,true,12,2024-04-01,2025-03-31,0
2024-08-08,5938,2024-03-31,1,,,,,,,,,,,,,,,,,,,,1886595000000,,,,,,,,,,,,,,,,true,false,12,2023-04-01,2024-03-31,-1
2024-08-08,5938,2024-03-31,1,,,,,,,,,,,,,,,,,,,,,,,,,,,,,90.00,,,,287211790,59323,,false,false,12,2023-04-01,2024-03-31,-1
2024-08-08,5938,2025-03-31,1,,,,,,,,,,,,,,,,,,,,,,,,,,,,,90.00,,,,,,,false,true,12,2024-04-01,2025-03-31,0
2024-08-08,5938,2025-03-31,1,,,,,,,,,,,,,,,,,,,,,,,,,,,,,,,,,287340460,60804,287216039,false,false,3,2024-04-01,2024-06-30,0
2024-08-08,5938,2024-03-31,1,,,,,,,,,,,,,,,,,,,,,,,,,,,,,,,,,,,287107957,false,false,3,2023-04-01,2023-06-30,-1
2024-10-30,5938,2025-03-31,2,,,,,,,9880000000,0.490,,,,-3932000000,,-13.69,-13.69,,,,,1814632000000,,,,,,,,,,,,,,,,true,false,6,2024-04-01,2024-09-30,0
2024-10-30,5938,2024-03-31,2,,,,,,,6631000000,-0.339,,,,489000000,,1.70,1.70,,,,,,,,,,,,,,,,,,,,,true,false,6,2023-04-01,2023-09-30,-1
2024-10-30,5938,2025-03-31,2,,,,,,,25000000000,0.529,,,,8000000000,,27.86,,,,,,,,,,,,,,,,,,,,,,true,true,12,2024-04-01,2025-03-31,0
2024-10-30,5938,2024-03-31,2,,,,,,,,,,,,,,,,,,,,1886595000000,,,,,,,,,,,,,,,,true,false,12,2023-04-01,2024-03-31,-1
2024-10-30,5938,2024-03-31,2,,,,,,,,,,,,,,,,,,,,,,,,,,,,,90.00,,,,287211790,59323,,false,false,12,2023-04-01,2024-03-31,-1
2024-10-30,5938,2025-03-31,2,,,,,,,,,,,,,,,,,,,,,,,,,,,,,45.00,,,,,,,false,false,12,2024-04-01,2025-03-31,0
2024-10-30,5938,2025-03-31,2,,,,,,,,,,,,,,,,,,,,,,,,,,,,,90.00,,,,,,,false,true,12,2024-04-01,2025-03-31,0
2024-10-30,5938,2025-03-31,2,,,,,,,,,,,,,,,,,,,,,,,,,,,,,,,,,287340460,62273,287242866,false,false,6,2024-04-01,2024-09-30,0
2024-10-30,5938,2024-03-31,2,,,,,,,,,,,,,,,,,,,,,,,,,,,,,,,,,,,287128916,false,false,6,2023-04-01,2023-09-30,-1
2025-01-31,5938,2025-03-31,3,,,,,,,28406000000,0.116,,,,4283000000,,14.91,14.91,,,,,1909930000000,,,,,,,,,,,,,,,,true,false,9,2024-04-01,2024-12-31,0
2025-01-31,5938,2024-03-31,3,,,,,,,25459000000,0.050,,,,6781000000,,23.62,23.62,,,,,,,,,,,,,,,,,,,,,true,false,9,2023-04-01,2023-12-31,-1
2025-01-31,5938,2025-03-31,3,,,,,,,25000000000,0.529,,,,8000000000,,27.86,,,,,,,,,,,,,,,,,,,,,,true,true,12,2024-04-01,2025-03-31,0
2025-01-31,5938,2024-03-31,3,,,,,,,,,,,,,,,,,,,,1886595000000,,,,,,,,,,,,,,,,true,false,12,2023-04-01,2024-03-31,-1
2025-01-31,5938,2024-03-31,3,,,,,,,,,,,,,,,,,,,,,,,,,,,,,90.00,,,,287211790,59323,,false,false,12,2023-04-01,2024-03-31,-1
2025-01-31,5938,2025-03-31,3,,,,,,,,,,,,,,,,,,,,,,,,,,,,,45.00,,,,,,,false,false,12,2024-04-01,2025-03-31,0
2025-01-31,5938,2025-03-31,3,,,,,,,,,,,,,,,,,,,,,,,,,,,,,90.00,,,,,,,false,true,12,2024-04-01,2025-03-31,0
2025-01-31,5938,2025-03-31,3,,,,,,,,,,,,,,,,,,,,,,,,,,,,,,,,,287340460,64521,287253097,false,false,9,2024-04-01,2024-12-31,0
2025-01-31,5938,2024-03-31,3,,,,,,,,,,,,,,,,,,,,,,,,,,,,,,,,,,,287136912,false,false,9,2023-04-01,2023-12-31,-1
2025-02-07,5938,2025-03-31,3,,,,,,,28406000000,0.116,,,,4283000000,,14.91,14.91,,,,,1909930000000,,,,,,,,,,,,,,,,true,false,9,2024-04-01,2024-12-31,0
2025-02-07,5938,2024-03-31,3,,,,,,,25459000000,0.050,,,,6781000000,,23.62,23.62,,,,,,,,,,,,,,,,,,,,,true,false,9,2023-04-01,2023-12-31,-1
2025-02-07,5938,2025-03-31,3,,,,,,,25000000000,0.529,,,,8000000000,,27.86,,,,,,,,,,,,,,,,,,,,,,true,true,12,2024-04-01,2025-03-31,0
2025-02-07,5938,2024-03-31,3,,,,,,,,,,,,,,,,,,,,1886595000000,,,,,,,,,,,,,,,,true,false,12,2023-04-01,2024-03-31,-1
2025-02-07,5938,2024-03-31,3,,,,,,,,,,,,,,,,,,,,,,,,,,,,,90.00,,,,287211790,59323,,false,false,12,2023-04-01,2024-03-31,-1
2025-02-07,5938,2025-03-31,3,,,,,,,,,,,,,,,,,,,,,,,,,,,,,45.00,,,,,,,false,false,12,2024-04-01,2025-03-31,0
2025-02-07,5938,2025-03-31,3,,,,,,,,,,,,,,,,,,,,,,,,,,,,,90.00,,,,,,,false,true,12,2024-04-01,2025-03-31,0
2025-02-07,5938,2025-03-31,3,,,,,,,,,,,,,,,,,,,,,,,,,,,,,,,,,287340460,64521,287253097,false,false,9,2024-04-01,2024-12-31,0
2025-02-07,5938,2024-03-31,3,,,,,,,,,,,,,,,,,,,,,,,,,,,,,,,,,,,287136912,false,false,9,2023-04-01,2023-12-31,-1
2025-04-30,5938,2025-03-31,,,,,,,,29687000000,0.816,,,,2001000000,,6.97,6.97,,,,,1830804000000,,,,,100002000000,-28127000000,-72470000000,,,12.912,,,,,,true,false,12,2024-04-01,2025-03-31,0
2025-04-30,5938,2024-03-31,,,,,,,,16351000000,-0.343,,,,-13908000000,,-48.43,-48.43,,,,,1886595000000,,,,,47990000000,-29876000000,-3673000000,,,,,,,,,true,false,12,2023-04-01,2024-03-31,-1
2025-04-30,5938,2026-03-31,,,,,,,,30000000000,0.011,,,,8000000000,,27.85,,,,,,,,,,,,,,,,3.232,,,,,,true,true,12,2025-04-01,2026-03-31,1
2025-04-30,5938,2024-03-31,,,,,,,,,,,,,,,,,,,,,,,,,,,,,,90.00,,,,287211790,59323,287140640,false,false,12,2023-04-01,2024-03-31,-1
2025-04-30,5938,2025-03-31,,,,,,,,,,,,,,,,,,,,,,,,,,,,,,90.00,,,,287340460,66074,287258128,false,false,12,2024-04-01,2025-03-31,0
2025-04-30,5938,2026-03-31,,,,,,,,,,,,,,,,,,,,,,,,,,,,,,90.00,,,,,,,false,true,12,2025-04-01,2026-03-31,1
