filing_date,code,fiscal_year_end,quarterly_period,net_sales,net_sales_change,revenue,revenue_change,operating_revenue,operating_revenue_change,operating_profit,operating_profit_change,ordinary_profit,ordinary_profit_change,net_income,net_income_of_parent,net_income_change,eps,diluted_eps,roe,roa,operating_profit_to_net_sales,operating_profit_to_revenue,total_assets,net_assets,equity_ratio,bps,owner_equity,operating_cash_flow,investing_cash_flow,financing_cash_flow,cash,dividend_per_share,payout_ratio,commemorative_dividend,extra_dividend,number_of_shares,number_of_treqsury_shares,avg_number_of_shares,is_consolidated,is_forecast,duration,period_start,period_end,period_pos
2015-05-07,59550,2015-03-31,,6394000000,0.208,,,,,283000000,0.071,332000000,0.152,298000000,,0.235,2.14,,0.032,0.026,0.044,,13765000000,9275000000,0.674,66.66,9275000000,677000000,-897000000,-206000000,1386000000,,0.467,,,,,,true,false,12,2014-04-01,2015-03-31,0
2015-05-07,59550,2014-03-31,,5293000000,0.028,,,,,264000000,0.662,288000000,0.614,241000000,,0.595,1.73,,0.027,0.024,0.050,,11860000000,9067000000,0.765,65.16,9067000000,523000000,-139000000,-332000000,1812000000,,0.578,,,,,,true,false,12,2013-04-01,2014-03-31,-1
2015-05-07,59550,2016-03-31,,4325000000,0.653,,,,,145000000,-0.096,155000000,-0.071,138000000,,-0.137,0.99,,,,,,,,,,,,,,,,,,,,,,true,true,6,2015-04-01,2015-09-30,1
2015-05-07,59550,2016-03-31,,8921000000,0.395,,,,,400000000,0.413,405000000,0.218,360000000,,0.208,2.59,,,,,,,,,,,,,,,,0.386,,,,,,true,true,12,2015-04-01,2016-03-31,1
2015-05-07,59550,2015-03-31,,3537000000,-0.011,,,,,220000000,0.091,269000000,0.083,263000000,,0.164,1.89,,,,,,10616000000,8760000000,0.825,62.96,8760000000,,,,,1.00,,,,143611765,4461575,139150259,false,false,12,2014-04-01,2015-03-31,0
2015-05-07,59550,2014-03-31,,3576000000,0.031,,,,,202000000,1.103,248000000,0.748,225000000,,0.660,1.62,,,,,,10568000000,8596000000,0.813,61.78,8596000000,,,,,1.00,,,,143611765,4461426,139150358,false,false,12,2013-04-01,2014-03-31,-1
2015-05-07,59550,2016-03-31,,1747000000,-0.031,,,,,,,108000000,-0.339,100000000,,-0.372,0.72,,,,,,,,,,,,,,,,,,,,,,false,true,6,2015-04-01,2015-09-30,1
2015-05-07,59550,2016-03-31,,3585000000,0.013,,,,,,,262000000,-0.026,247000000,,-0.061,1.78,,,,,,,,,,,,,,,1.00,,,,,,,false,true,12,2015-04-01,2016-03-31,1
2015-08-06,59550,2016-03-31,1,2075000000,0.584,,,,,67000000,-0.300,78000000,-0.227,,69000000,,0.50,,,,,,13754000000,9240000000,0.672,,9240000000,,,,,,,,,,,,true,false,3,2015-04-01,2015-06-30,0
2015-08-06,59550,2015-03-31,1,1310000000,0.039,,,,,96000000,1.165,101000000,0.675,,96000000,,0.69,,,,,,,,,,,,,,,,,,,,,,true,false,3,2014-04-01,2014-06-30,-1
2015-08-06,59550,2016-03-31,1,4325000000,0.653,,,,,145000000,-0.096,155000000,-0.071,,138000000,,0.99,,,,,,,,,,,,,,,,,,,,,,true,true,6,2015-04-01,2015-09-30,0
2015-08-06,59550,2016-03-31,1,8921000000,0.395,,,,,400000000,0.413,405000000,0.218,,360000000,,2.59,,,,,,,,,,,,,,,,,,,,,,true,true,12,2015-04-01,2016-03-31,0
2015-08-06,59550,2015-03-31,1,,,,,,,,,,,,,,,,,,,,13765000000,9275000000,0.674,,9275000000,,,,,,,,,,,,true,false,12,2014-04-01,2015-03-31,-1
2015-08-06,59550,2015-03-31,1,,,,,,,,,,,,,,,,,,,,,,,,,,,,,1.00,,,,143611765,4461575,,false,false,12,2014-04-01,2015-03-31,-1
2015-08-06,59550,2016-03-31,1,,,,,,,,,,,,,,,,,,,,,,,,,,,,,1.00,,,,,,,false,true,12,2015-04-01,2016-03-31,0
2015-08-06,59550,2016-03-31,1,,,,,,,,,,,,,,,,,,,,,,,,,,,,,,,,,143611765,4461575,139150190,false,false,3,2015-04-01,2015-06-30,0
2015-08-06,59550,2015-03-31,1,,,,,,,,,,,,,,,,,,,,,,,,,,,,,,,,,,,139150339,false,false,3,2014-04-01,2014-06-30,-1
2015-11-06,59550,2016-03-31,2,4176000000,0.596,,,,,147000000,-0.081,144000000,-0.133,,137000000,,0.99,,,,,,13663000000,9302000000,0.681,,9302000000,,,,,,,,,,,,true,false,6,2015-04-01,2015-09-30,0
2015-11-06,59550,2015-03-31,2,2617000000,0.025,,,,,160000000,0.422,166000000,0.293,,159000000,,1.15,,,,,,,,,,,,,,,,,,,,,,true,false,6,2014-04-01,2014-09-30,-1
2015-11-06,59550,2016-03-31,2,8921000000,0.395,,,,,400000000,0.413,405000000,0.218,,360000000,,2.59,,,,,,,,,,,,,,,,,,,,,,true,true,12,2015-04-01,2016-03-31,0
2015-11-06,59550,2015-03-31,2,,,,,,,,,,,,,,,,,,,,13765000000,9275000000,0.674,,9275000000,,,,,,,,,,,,true,false,12,2014-04-01,2015-03-31,-1
2015-11-06,59550,2015-03-31,2,,,,,,,,,,,,,,,,,,,,,,,,,,,,,1.00,,,,143611765,4461575,,false,false,12,2014-04-01,2015-03-31,-1
2015-11-06,59550,2016-03-31,2,,,,,,,,,,,,,,,,,,,,,,,,,,,,,0.00,,,,,,,false,false,12,2015-04-01,2016-03-31,0
2015-11-06,59550,2016-03-31,2,,,,,,,,,,,,,,,,,,,,,,,,,,,,,1.00,,,,,,,false,true,12,2015-04-01,2016-03-31,0
2015-11-06,59550,2016-03-31,2,,,,,,,,,,,,,,,,,,,,,,,,,,,,,,,,,143611765,4461575,135150190,false,false,6,2015-04-01,2015-09-30,0
2015-11-06,59550,2015-03-31,2,,,,,,,,,,,,,,,,,,,,,,,,,,,,,,,,,,,135150323,false,false,6,2014-04-01,2014-09-30,-1
2016-02-09,59550,2016-03-31,3,6301000000,0.445,,,,,235000000,0.066,238000000,-0.040,,227000000,,1.63,,,,,,13908000000,9393000000,0.673,,9360000000,,,,,,,,,,,,true,false,9,2015-04-01,2015-12-31,0
2016-02-09,59550,2015-03-31,3,4360000000,0.110,,,,,221000000,0.066,248000000,0.076,,232000000,,1.67,,,,,,,,,,,,,,,,,,,,,,true,false,9,2014-04-01,2014-12-31,-1
2016-02-09,59550,2016-03-31,3,8921000000,0.395,,,,,400000000,0.413,405000000,0.218,,360000000,,2.59,,,,,,,,,,,,,,,,,,,,,,true,true,12,2015-04-01,2016-03-31,0
2016-02-09,59550,2015-03-31,3,,,,,,,,,,,,,,,,,,,,13765000000,9275000000,0.674,,9275000000,,,,,,,,,,,,true,false,12,2014-04-01,2015-03-31,-1
2016-02-09,59550,2015-03-31,3,,,,,,,,,,,,,,,,,,,,,,,,,,,,,1.00,,,,143611765,4461575,,false,false,12,2014-04-01,2015-03-31,-1
2016-02-09,59550,2016-03-31,3,,,,,,,,,,,,,,,,,,,,,,,,,,,,,0.00,,,,,,,false,false,12,2015-04-01,2016-03-31,0
2016-02-09,59550,2016-03-31,3,,,,,,,,,,,,,,,,,,,,,,,,,,,,,1.00,,,,,,,false,true,12,2015-04-01,2016-03-31,0
2016-02-09,59550,2016-03-31,3,,,,,,,,,,,,,,,,,,,,,,,,,,,,,,,,,143611765,4461579,139150190,false,false,9,2015-04-01,2015-12-31,0
2016-02-09,59550,2015-03-31,3,,,,,,,,,,,,,,,,,,,,,,,,,,,,,,,,,,,139150282,false,false,9,2014-04-01,2014-12-31,-1
2016-05-09,59550,2016-03-31,,8516000000,0.332,,,,,355000000,0.257,353000000,0.062,,341000000,,2.45,,0.036,0.026,0.042,,13897000000,9523000000,0.683,68.19,9488000000,582000000,-117000000,-298000000,1535000000,,0.408,,,,,,true,false,12,2015-04-01,2016-03-31,0
2016-05-09,59550,2015-03-31,,6394000000,0.208,,,,,283000000,0.071,332000000,0.152,,298000000,,2.14,,0.032,0.026,0.044,,13765000000,9275000000,0.674,66.66,9275000000,677000000,-949000000,-206000000,1333000000,,0.467,,,,,,true,false,12,2014-04-01,2015-03-31,-1
2016-05-09,59550,2017-03-31,,4200000000,0.006,,,,,150000000,0.019,150000000,0.036,,240000000,,1.72,,,,,,,,,,,,,,,,,,,,,,true,true,6,2016-04-01,2016-09-30,1
2016-05-09,59550,2017-03-31,,8700000000,0.022,,,,,400000000,0.124,400000000,0.133,,480000000,,3.45,,,,,,,,,,,,,,,,0.290,,,,,,true,true,12,2016-04-01,2017-03-31,1
2016-05-09,59550,2016-03-31,,3523000000,-0.004,,,,,212000000,-0.040,253000000,-0.059,272000000,,0.036,1.96,,,,,,10644000000,8904000000,0.837,63.99,8904000000,,,,,1.00,,,,143611765,4461579,139150189,false,false,12,2015-04-01,2016-03-31,0
2016-05-09,59550,2015-03-31,,3537000000,-0.011,,,,,220000000,0.091,269000000,0.083,263000000,,0.164,1.89,,,,,,10616000000,8760000000,0.825,62.96,8760000000,,,,,1.00,,,,143611765,4461575,139150259,false,false,12,2014-04-01,2015-03-31,-1
2016-05-09,59550,2017-03-31,,,,,,,,,,,,,,,,,,,,,,,,,,,,,,1.00,,,,,,,false,true,12,2016-04-01,2017-03-31,1
2016-08-05,59550,2017-03-31,1,2070000000,-0.003,,,,,81000000,0.205,65000000,-0.159,,169000000,,1.22,,,,,,13962000000,9534000000,0.680,,9500000000,,,,,,,,,,,,true,false,3,2016-04-01,2016-06-30,0
2016-08-05,59550,2016-03-31,1,2075000000,0.584,,,,,67000000,-0.300,78000000,-0.227,,69000000,,0.50,,,,,,,,,,,,,,,,,,,,,,true,false,3,2015-04-01,2015-06-30,-1
2016-08-05,59550,2017-03-31,1,4200000000,0.006,,,,,150000000,0.019,150000000,0.036,,240000000,,1.72,,,,,,,,,,,,,,,,,,,,,,true,true,6,2016-04-01,2016-09-30,0
2016-08-05,59550,2017-03-31,1,8700000000,0.022,,,,,400000000,0.124,400000000,0.133,,480000000,,3.45,,,,,,,,,,,,,,,,,,,,,,true,true,12,2016-04-01,2017-03-31,0
2016-08-05,59550,2016-03-31,1,,,,,,,,,,,,,,,,,,,,13897000000,9523000000,0.683,,9488000000,,,,,,,,,,,,true,false,12,2015-04-01,2016-03-31,-1
2016-08-05,59550,2016-03-31,1,,,,,,,,,,,,,,,,,,,,,,,,,,,,,1.00,,,,143511765,4461579,,false,false,12,2015-04-01,2016-03-31,-1
2016-08-05,59550,2017-03-31,1,,,,,,,,,,,,,,,,,,,,,,,,,,,,,1.00,,,,,,,false,true,12,2016-04-01,2017-03-31,0
2016-08-05,59550,2017-03-31,1,,,,,,,,,,,,,,,,,,,,,,,,,,,,,,,,,143511765,4461579,139150186,false,false,3,2016-04-01,2016-06-30,0
2016-08-05,59550,2016-03-31,1,,,,,,,,,,,,,,,,,,,,,,,,,,,,,,,,,,,139150190,false,false,3,2015-04-01,2015-06-30,-1
2016-11-08,59550,2017-03-31,2,4206000000,0.007,,,,,179000000,0.220,175000000,0.209,,219000000,,1.58,,,,,,13804000000,9553000000,0.690,,9521000000,,,,,,,,,,,,true,false,6,2016-04-01,2016-09-30,0
2016-11-08,59550,2016-03-31,2,4176000000,0.596,,,,,147000000,-0.081,144000000,-0.133,,137000000,,0.99,,,,,,,,,,,,,,,,,,,,,,true,false,6,2015-04-01,2015-09-30,-1
2016-11-08,59550,2017-03-31,2,8700000000,0.022,,,,,400000000,0.124,400000000,0.133,,480000000,,3.45,,,,,,,,,,,,,,,,,,,,,,true,true,12,2016-04-01,2017-03-31,0
2016-11-08,59550,2016-03-31,2,,,,,,,,,,,,,,,,,,,,13897000000,9523000000,0.683,,9488000000,,,,,,,,,,,,true,false,12,2015-04-01,2016-03-31,-1
2016-11-08,59550,2016-03-31,2,,,,,,,,,,,,,,,,,,,,,,,,,,,,,1.00,,,,143611765,4461579,,false,false,12,2015-04-01,2016-03-31,-1
2016-11-08,59550,2017-03-31,2,,,,,,,,,,,,,,,,,,,,,,,,,,,,,0.00,,,,,,,false,false,12,2016-04-01,2017-03-31,0
2016-11-08,59550,2017-03-31,2,,,,,,,,,,,,,,,,,,,,,,,,,,,,,1.00,,,,,,,false,true,12,2016-04-01,2017-03-31,0
2016-11-08,59550,2017-03-31,2,,,,,,,,,,,,,,,,,,,,,,,,,,,,,,,,,143611765,4461582,139150185,false,false,6,2016-04-01,2016-09-30,0
2016-11-08,59550,2016-03-31,2,,,,,,,,,,,,,,,,,,,,,,,,,,,,,,,,,,,139150190,false,false,6,2015-04-01,2015-09-30,-1
2017-02-09,59550,2017-03-31,3,6278000000,-0.004,,,,,285000000,0.212,310000000,0.305,,306000000,,2.20,,,,,,13977000000,9634000000,0.687,,9601000000,,,,,,,,,,,,true,false,9,2016-04-01,2016-12-31,0
2017-02-09,59550,2016-03-31,3,6301000000,0.445,,,,,235000000,0.066,238000000,-0.040,,227000000,,1.63,,,,,,,,,,,,,,,,,,,,,,true,false,9,2015-04-01,2015-12-31,-1
2017-02-09,59550,2017-03-31,3,8700000000,0.022,,,,,400000000,0.124,400000000,0.133,,480000000,,3.45,,,,,,,,,,,,,,,,,,,,,,true,true,12,2016-04-01,2017-03-31,0
2017-02-09,59550,2016-03-31,3,,,,,,,,,,,,,,,,,,,,13897000000,9523000000,0.683,,9488000000,,,,,,,,,,,,true,false,12,2015-04-01,2016-03-31,-1
2017-02-09,59550,2016-03-31,3,,,,,,,,,,,,,,,,,,,,,,,,,,,,,1.00,,,,143611765,4461579,,false,false,12,2015-04-01,2016-03-31,-1
2017-02-09,59550,2017-03-31,3,,,,,,,,,,,,,,,,,,,,,,,,,,,,,0.00,,,,,,,false,false,12,2016-04-01,2017-03-31,0
2017-02-09,59550,2017-03-31,3,,,,,,,,,,,,,,,,,,,,,,,,,,,,,1.00,,,,,,,false,true,12,2016-04-01,2017-03-31,0
2017-02-09,59550,2017-03-31,3,,,,,,,,,,,,,,,,,,,,,,,,,,,,,,,,,143611765,4461582,139150185,false,false,9,2016-04-01,2016-12-31,0
2017-02-09,59550,2016-03-31,3,,,,,,,,,,,,,,,,,,,,,,,,,,,,,,,,,,,139150190,false,false,9,2015-04-01,2015-12-31,-1
2017-05-09,59550,2017-03-31,,8427000000,-0.010,,,,,427000000,0.200,458000000,0.299,,441000000,,3.17,,0.046,0.033,0.051,,14155000000,9820000000,0.691,70.31,9783000000,926000000,550000000,-318000000,2692000000,,0.315,,,,,,true,false,12,2016-04-01,2017-03-31,0
2017-05-09,59550,2016-03-31,,8516000000,0.332,,,,,355000000,0.257,353000000,0.062,,341000000,,2.45,,0.036,0.026,0.042,,13897000000,9523000000,0.683,68.19,9488000000,582000000,-117000000,-298000000,1535000000,,0.408,,,,,,true,false,12,2015-04-01,2016-03-31,-1
2017-05-09,59550,2018-03-31,,4300000000,0.022,,,,,185000000,0.030,190000000,0.085,,125000000,,0.90,,,,,,,,,,,,,,,,,,,,,,true,true,6,2017-04-01,2017-09-30,1
2017-05-09,59550,2018-03-31,,8800000000,0.044,,,,,440000000,0.030,460000000,0.003,,300000000,,2.16,,,,,,,,,,,,,,,,0.463,,,,,,true,true,12,2017-04-01,2018-03-31,1
2017-05-09,59550,2017-03-31,,3535000000,0.003,,,,,274000000,0.293,313000000,0.239,352000000,,0.295,2.54,,,,,,10861000000,9117000000,0.839,65.52,9117000000,,,,,1.00,,,,143611765,4461582,139150184,false,false,12,2016-04-01,2017-03-31,0
2017-05-09,59550,2016-03-31,,3523000000,-0.004,,,,,212000000,-0.040,253000000,-0.059,272000000,,0.036,1.96,,,,,,10644000000,8904000000,0.837,63.99,8904000000,,,,,1.00,,,,143611765,4461579,139150189,false,false,12,2015-04-01,2016-03-31,-1
2017-05-09,59550,2018-03-31,,,,,,,,,,,,,,,,,,,,,,,,,,,,,,1.00,,,,,,,false,true,12,2017-04-01,2018-03-31,1
2017-07-31,59550,2018-03-31,1,2179000000,0.053,,,,,123000000,0.523,127000000,0.933,,79000000,,0.57,,,,,,14145000000,9764000000,0.688,,9726000000,,,,,,,,,,,,true,false,3,2017-04-01,2017-06-30,0
2017-07-31,59550,2017-03-31,1,2070000000,-0.003,,,,,81000000,0.205,65000000,-0.159,,169000000,,1.22,,,,,,,,,,,,,,,,,,,,,,true,false,3,2016-04-01,2016-06-30,-1
2017-07-31,59550,2018-03-31,1,4300000000,0.022,,,,,185000000,0.030,190000000,0.085,,125000000,,0.90,,,,,,,,,,,,,,,,,,,,,,true,true,6,2017-04-01,2017-09-30,0
2017-07-31,59550,2018-03-31,1,8800000000,0.044,,,,,440000000,0.030,460000000,0.003,,300000000,,2.16,,,,,,,,,,,,,,,,,,,,,,true,true,12,2017-04-01,2018-03-31,0
2017-07-31,59550,2017-03-31,1,,,,,,,,,,,,,,,,,,,,14155000000,9820000000,0.691,,9783000000,,,,,,,,,,,,true,false,12,2016-04-01,2017-03-31,-1
2017-07-31,59550,2017-03-31,1,,,,,,,,,,,,,,,,,,,,,,,,,,,,,1.00,,,,143611765,4461582,,false,false,12,2016-04-01,2017-03-31,-1
2017-07-31,59550,2018-03-31,1,,,,,,,,,,,,,,,,,,,,,,,,,,,,,1.00,,,,,,,false,true,12,2017-04-01,2018-03-31,0
2017-07-31,59550,2018-03-31,1,,,,,,,,,,,,,,,,,,,,,,,,,,,,,,,,,143611765,4461582,139150183,false,false,3,2017-04-01,2017-06-30,0
2017-07-31,59550,2017-03-31,1,,,,,,,,,,,,,,,,,,,,,,,,,,,,,,,,,,,139150186,false,false,3,2016-04-01,2016-06-30,-1
2017-10-30,59550,2018-03-31,,4374000000,0.017,,,,,264000000,0.428,274000000,0.446,,171000000,,1.24,,,,,,,,,,,,,,,,,,,,,,true,true,6,2017-04-01,2017-09-30,0
2017-10-30,59550,2017-03-31,,4206000000,,,,,,179000000,,175000000,,,219000000,,1.58,,,,,,,,,,,,,,,,,,,,,,true,false,6,2016-04-01,2016-09-30,-1
2017-10-30,59550,2018-03-31,,8900000000,0.011,,,,,480000000,0.091,490000000,0.065,,320000000,,2.30,,,,,,,,,,,,,,,,,,,,,,true,true,12,2017-04-01,2018-03-31,0
2017-10-30,59550,2017-03-31,,8427000000,,,,,,427000000,,458000000,,,441000000,,3.17,,,,,,,,,,,,,,,,,,,,,,true,false,12,2016-04-01,2017-03-31,-1
2017-10-30,59550,2018-03-31,,,,,,,,,,,,,,,,,,,,,,,,,,,,,,1.50,,,,,,,false,true,12,2017-04-01,2018-03-31,0
2017-10-30,59550,2018-03-31,,,,,,,,,,,,,,,,,,,,,,,,,,,,,,0.00,,,,,,,false,false,12,2017-04-01,2018-03-31,0
2017-10-30,59550,2017-03-31,,,,,,,,,,,,,,,,,,,,,,,,,,,,,,1.00,,,,,,,false,false,12,2016-04-01,2017-03-31,-1
2017-10-31,59550,2018-03-31,2,4374000000,0.040,,,,,264000000,0.471,274000000,0.569,,171000000,,1.24,,,,,,14381000000,9869000000,0.683,,9828000000,,,,,,,,,,,,true,false,6,2017-04-01,2017-09-30,0
2017-10-31,59550,2017-03-31,2,4206000000,0.007,,,,,179000000,0.220,175000000,0.209,,219000000,,1.58,,,,,,,,,,,,,,,,,,,,,,true,false,6,2016-04-01,2016-09-30,-1
2017-10-31,59550,2018-03-31,2,8900000000,0.056,,,,,480000000,0.124,490000000,0.068,,320000000,,2.30,,,,,,,,,,,,,,,,,,,,,,true,true,12,2017-04-01,2018-03-31,0
2017-10-31,59550,2017-03-31,2,,,,,,,,,,,,,,,,,,,,14155000000,9820000000,0.691,,9783000000,,,,,,,,,,,,true,false,12,2016-04-01,2017-03-31,-1
2017-10-31,59550,2017-03-31,2,,,,,,,,,,,,,,,,,,,,,,,,,,,,,1.00,,,,143611765,4461582,,false,false,12,2016-04-01,2017-03-31,-1
2017-10-31,59550,2018-03-31,2,,,,,,,,,,,,,,,,,,,,,,,,,,,,,0.00,,,,,,,false,false,12,2017-04-01,2018-03-31,0
2017-10-31,59550,2018-03-31,2,,,,,,,,,,,,,,,,,,,,,,,,,,,,,1.50,,,,,,,false,true,12,2017-04-01,2018-03-31,0
2017-10-31,59550,2018-03-31,2,,,,,,,,,,,,,,,,,,,,,,,,,,,,,,,,,143611765,4461585,139150183,false,false,6,2017-04-01,2017-09-30,0
2017-10-31,59550,2017-03-31,2,,,,,,,,,,,,,,,,,,,,,,,,,,,,,,,,,,,139150185,false,false,6,2016-04-01,2016-09-30,-1
2018-01-31,59550,2018-03-31,3,6610000000,0.053,,,,,395000000,0.385,414000000,0.334,,258000000,,1.86,,,,,,14756000000,10288000000,0.674,,9947000000,,,,,,,,,,,,true,false,9,2017-04-01,2017-12-31,0
2018-01-31,59550,2017-03-31,3,6278000000,-0.004,,,,,285000000,0.212,310000000,0.305,,306000000,,2.20,,,,,,,,,,,,,,,,,,,,,,true,false,9,2016-04-01,2016-12-31,-1
2018-01-31,59550,2018-03-31,3,8900000000,0.056,,,,,480000000,0.124,490000000,0.068,,320000000,,2.30,,,,,,,,,,,,,,,,,,,,,,true,true,12,2017-04-01,2018-03-31,0
2018-01-31,59550,2017-03-31,3,,,,,,,,,,,,,,,,,,,,14155000000,9820000000,0.691,,9783000000,,,,,,,,,,,,true,false,12,2016-04-01,2017-03-31,-1
2018-01-31,59550,2017-03-31,3,,,,,,,,,,,,,,,,,,,,,,,,,,,,,1.00,,,,143611765,4461582,,false,false,12,2016-04-01,2017-03-31,-1
2018-01-31,59550,2018-03-31,3,,,,,,,,,,,,,,,,,,,,,,,,,,,,,0.00,,,,,,,false,false,12,2017-04-01,2018-03-31,0
2018-01-31,59550,2018-03-31,3,,,,,,,,,,,,,,,,,,,,,,,,,,,,,1.50,,,,,,,false,true,12,2017-04-01,2018-03-31,0
2018-01-31,59550,2018-03-31,3,,,,,,,,,,,,,,,,,,,,,,,,,,,,,,,,,143611765,4461585,139150182,false,false,9,2017-04-01,2017-12-31,0
2018-01-31,59550,2017-03-31,3,,,,,,,,,,,,,,,,,,,,,,,,,,,,,,,,,,,139150185,false,false,9,2016-04-01,2016-12-31,-1
2018-05-02,59550,2018-03-31,,8896000000,0.000,,,,,516000000,0.077,526000000,0.075,,580000000,,4.17,,,,,,,,,,,,,,,,,,,,,,true,true,12,2017-04-01,2018-03-31,0
2018-05-02,59550,2017-03-31,,8427000000,,,,,,427000000,,458000000,,,441000000,,3.17,,,,,,,,,,,,,,,,,,,,,,true,false,12,2016-04-01,2017-03-31,-1
2018-05-07,59550,2018-03-31,,8896000000,0.056,,,,,516000000,0.210,526000000,0.148,,580000000,,4.17,,0.058,0.036,0.058,,15163000000,10626000000,0.678,73.88,10280000000,893000000,-188000000,-25000000,3387000000,,0.360,,,,,,true,false,12,2017-04-01,2018-03-31,0
2018-05-07,59550,2017-03-31,,8427000000,-0.010,,,,,427000000,0.200,458000000,0.299,,441000000,,3.17,,0.046,0.033,0.051,,14155000000,9820000000,0.691,70.31,9783000000,926000000,550000000,-318000000,2692000000,,0.315,,,,,,true,false,12,2016-04-01,2017-03-31,-1
2018-05-07,59550,2019-03-31,,4500000000,0.029,,,,,265000000,0.003,275000000,0.001,,190000000,,1.37,,,,,,,,,,,,,,,,,,,,,,true,true,6,2018-04-01,2018-09-30,1
2018-05-07,59550,2019-03-31,,10000000000,0.124,,,,,550000000,0.064,550000000,0.044,,400000000,,2.87,,,,,,,,,,,,,,,,0.348,,,,,,true,true,12,2018-04-01,2019-03-31,1
2018-05-07,59550,2018-03-31,,3501000000,-0.010,,,,,239000000,-0.127,270000000,-0.138,442000000,,0.254,3.18,,,,,,11244000000,9418000000,0.838,67.69,9418000000,,,,,1.50,,,,143611765,4461585,139150182,false,false,12,2017-04-01,2018-03-31,0
2018-05-07,59550,2017-03-31,,3535000000,0.003,,,,,274000000,0.293,313000000,0.239,352000000,,0.295,2.54,,,,,,10861000000,9117000000,0.839,65.52,9117000000,,,,,1.00,,,,143611765,4461582,139150184,false,false,12,2016-04-01,2017-03-31,-1
2018-05-07,59550,2019-03-31,,,,,,,,,,,,,,,,,,,,,,,,,,,,,,1.00,,,,,,,false,true,12,2018-04-01,2019-03-31,1
2018-07-31,59550,2019-03-31,1,2295000000,0.053,,,,,117000000,-0.050,120000000,-0.051,,88000000,,0.64,,,,,,14981000000,10529000000,0.679,,10176000000,,,,,,,,,,,,true,false,3,2018-04-01,2018-06-30,0
2018-07-31,59550,2018-03-31,1,2179000000,0.053,,,,,123000000,0.523,127000000,0.933,,79000000,,0.57,,,,,,,,,,,,,,,,,,,,,,true,false,3,2017-04-01,2017-06-30,-1
2018-07-31,59550,2019-03-31,1,4500000000,0.029,,,,,265000000,0.003,275000000,0.001,,190000000,,1.37,,,,,,,,,,,,,,,,,,,,,,true,true,6,2018-04-01,2018-09-30,0
2018-07-31,59550,2019-03-31,1,10000000000,0.124,,,,,550000000,0.064,550000000,0.044,,400000000,,2.87,,,,,,,,,,,,,,,,,,,,,,true,true,12,2018-04-01,2019-03-31,0
2018-07-31,59550,2018-03-31,1,,,,,,,,,,,,,,,,,,,,15133000000,10626000000,0.679,,10280000000,,,,,,,,,,,,true,false,12,2017-04-01,2018-03-31,-1
2018-07-31,59550,2018-03-31,1,,,,,,,,,,,,,,,,,,,,,,,,,,,,,1.50,,,,143611765,4461585,,false,false,12,2017-04-01,2018-03-31,-1
2018-07-31,59550,2019-03-31,1,,,,,,,,,,,,,,,,,,,,,,,,,,,,,1.00,,,,,,,false,true,12,2018-04-01,2019-03-31,0
2018-07-31,59550,2019-03-31,1,,,,,,,,,,,,,,,,,,,,,,,,,,,,,,,,,143611765,4461585,139150180,false,false,3,2018-04-01,2018-06-30,0
2018-07-31,59550,2018-03-31,1,,,,,,,,,,,,,,,,,,,,,,,,,,,,,,,,,,,139150183,false,false,3,2017-04-01,2017-06-30,-1
2018-10-31,59550,2019-03-31,2,4649000000,0.063,,,,,246000000,-0.068,265000000,-0.034,,195000000,,1.40,,,,,,14873000000,10620000000,0.690,,10268000000,,,,,,,,,,,,true,false,6,2018-04-01,2018-09-30,0
2018-10-31,59550,2018-03-31,2,4374000000,0.040,,,,,264000000,0.471,274000000,0.569,,171000000,,1.24,,,,,,,,,,,,,,,,,,,,,,true,false,6,2017-04-01,2017-09-30,-1
2018-10-31,59550,2019-03-31,2,10000000000,0.124,,,,,550000000,0.064,550000000,0.044,,400000000,,2.87,,,,,,,,,,,,,,,,,,,,,,true,true,12,2018-04-01,2019-03-31,0
2018-10-31,59550,2018-03-31,2,,,,,,,,,,,,,,,,,,,,15133000000,10626000000,0.679,,10280000000,,,,,,,,,,,,true,false,12,2017-04-01,2018-03-31,-1
2018-10-31,59550,2018-03-31,2,,,,,,,,,,,,,,,,,,,,,,,,,,,,,1.50,,,,143611765,4461585,,false,false,12,2017-04-01,2018-03-31,-1
2018-10-31,59550,2019-03-31,2,,,,,,,,,,,,,,,,,,,,,,,,,,,,,0.00,,,,,,,false,false,12,2018-04-01,2019-03-31,0
2018-10-31,59550,2019-03-31,2,,,,,,,,,,,,,,,,,,,,,,,,,,,,,1.00,,,,,,,false,true,12,2018-04-01,2019-03-31,0
2018-10-31,59550,2019-03-31,2,,,,,,,,,,,,,,,,,,,,,,,,,,,,,,,,,143611765,4461588,139150179,false,false,6,2018-04-01,2018-09-30,0
2018-10-31,59550,2018-03-31,2,,,,,,,,,,,,,,,,,,,,,,,,,,,,,,,,,,,139150183,false,false,6,2017-04-01,2017-09-30,-1
2019-01-31,59550,2019-03-31,3,7028000000,0.063,,,,,364000000,-0.078,386000000,-0.068,,287000000,,2.07,,,,,,14747000000,10695000000,0.701,,10332000000,,,,,,,,,,,,true,false,9,2018-04-01,2018-12-31,0
2019-01-31,59550,2018-03-31,3,6610000000,0.053,,,,,395000000,0.385,414000000,0.334,,258000000,,1.86,,,,,,,,,,,,,,,,,,,,,,true,false,9,2017-04-01,2017-12-31,-1
2019-01-31,59550,2019-03-31,3,10000000000,0.124,,,,,550000000,0.064,550000000,0.044,,400000000,,2.88,,,,,,,,,,,,,,,,,,,,,,true,true,12,2018-04-01,2019-03-31,0
2019-01-31,59550,2018-03-31,3,,,,,,,,,,,,,,,,,,,,15133000000,10626000000,0.679,,10280000000,,,,,,,,,,,,true,false,12,2017-04-01,2018-03-31,-1
2019-01-31,59550,2018-03-31,3,,,,,,,,,,,,,,,,,,,,,,,,,,,,,1.50,,,,143611765,4461585,,false,false,12,2017-04-01,2018-03-31,-1
2019-01-31,59550,2019-03-31,3,,,,,,,,,,,,,,,,,,,,,,,,,,,,,0.00,,,,,,,false,false,12,2018-04-01,2019-03-31,0
2019-01-31,59550,2019-03-31,3,,,,,,,,,,,,,,,,,,,,,,,,,,,,,1.00,,,,,,,false,true,12,2018-04-01,2019-03-31,0
2019-01-31,59550,2019-03-31,3,,,,,,,,,,,,,,,,,,,,,,,,,,,,,,,,,143611765,5060803,139076820,false,false,9,2018-04-01,2018-12-31,0
2019-01-31,59550,2018-03-31,3,,,,,,,,,,,,,,,,,,,,,,,,,,,,,,,,,,,139150182,false,false,9,2017-04-01,2017-12-31,-1
2019-05-08,59550,2019-03-31,,9329000000,0.049,,,,,473000000,-0.083,500000000,-0.050,,361000000,,2.60,,0.035,0.033,0.051,,14865000000,10757000000,0.699,75.02,10394000000,681000000,-1332000000,-702000000,2055000000,,0.385,,,,,,true,false,12,2018-04-01,2019-03-31,0
2019-05-08,59550,2018-03-31,,8896000000,0.056,,,,,516000000,0.210,526000000,0.148,,580000000,,4.17,,0.058,0.036,0.058,,15133000000,10626000000,0.679,73.88,10280000000,893000000,-188000000,-25000000,3387000000,,0.360,,,,,,true,false,12,2017-04-01,2018-03-31,-1
2019-05-08,59550,2020-03-31,,5000000000,0.075,,,,,250000000,0.016,266000000,0.003,,176000000,,1.27,,,,,,,,,,,,,,,,,,,,,,true,true,6,2019-04-01,2019-09-30,1
2019-05-08,59550,2020-03-31,,10000000000,0.072,,,,,520000000,0.098,530000000,0.059,,326000000,,2.35,,,,,,,,,,,,,,,,0.426,,,,,,true,true,12,2019-04-01,2020-03-31,1
2019-05-08,59550,2019-03-31,,3434000000,-0.019,,,,,219000000,-0.083,253000000,-0.061,242000000,,-0.452,1.74,,,,,,11258000000,9400000000,0.835,67.85,9400000000,,,,,1.00,,,,143611765,5060803,138947157,false,false,12,2018-04-01,2019-03-31,0
2019-05-08,59550,2018-03-31,,3501000000,-0.010,,,,,239000000,-0.127,270000000,-0.138,442000000,,0.254,3.18,,,,,,11244000000,9418000000,0.838,67.69,9418000000,,,,,1.50,,,,143611765,4461585,139150182,false,false,12,2017-04-01,2018-03-31,-1
2019-05-08,59550,2020-03-31,,,,,,,,,,,,,,,,,,,,,,,,,,,,,,1.00,,,,,,,false,true,12,2019-04-01,2020-03-31,1
2019-07-31,59550,2020-03-31,1,2227000000,-0.030,,,,,49000000,-0.582,56000000,-0.535,,113000000,,0.82,,,,,,15658000000,10754000000,0.663,,10381000000,,,,,,,,,,,,true,false,3,2019-04-01,2019-06-30,0
2019-07-31,59550,2019-03-31,1,2295000000,0.053,,,,,117000000,-0.050,120000000,-0.051,,88000000,,0.64,,,,,,,,,,,,,,,,,,,,,,true,false,3,2018-04-01,2018-06-30,-1
2019-07-31,59550,2020-03-31,1,5000000000,0.075,,,,,250000000,0.016,266000000,0.003,,176000000,,1.27,,,,,,,,,,,,,,,,,,,,,,true,true,6,2019-04-01,2019-09-30,0
2019-07-31,59550,2020-03-31,1,10000000000,0.072,,,,,520000000,0.098,530000000,0.059,,326000000,,2.35,,,,,,,,,,,,,,,,,,,,,,true,true,12,2019-04-01,2020-03-31,0
2019-07-31,59550,2019-03-31,1,,,,,,,,,,,,,,,,,,,,14865000000,10757000000,0.699,,10394000000,,,,,,,,,,,,true,false,12,2018-04-01,2019-03-31,-1
2019-07-31,59550,2019-03-31,1,,,,,,,,,,,,,,,,,,,,,,,,,,,,,1.00,,,,143611765,5060803,,false,false,12,2018-04-01,2019-03-31,-1
2019-07-31,59550,2020-03-31,1,,,,,,,,,,,,,,,,,,,,,,,,,,,,,1.00,,,,,,,false,true,12,2019-04-01,2020-03-31,0
2019-07-31,59550,2020-03-31,1,,,,,,,,,,,,,,,,,,,,,,,,,,,,,,,,,143611765,5060803,138550962,false,false,3,2019-04-01,2019-06-30,0
2019-07-31,59550,2019-03-31,1,,,,,,,,,,,,,,,,,,,,,,,,,,,,,,,,,,,139150180,false,false,3,2018-04-01,2018-06-30,-1
2019-10-31,59550,2020-03-31,2,4677000000,0.006,,,,,195000000,-0.207,204000000,-0.229,,223000000,,1.62,,,,,,15419000000,10820000000,0.677,,10442000000,,,,,,,,,,,,true,false,6,2019-04-01,2019-09-30,0
2019-10-31,59550,2019-03-31,2,4649000000,0.063,,,,,246000000,-0.068,265000000,-0.034,,195000000,,1.40,,,,,,,,,,,,,,,,,,,,,,true,false,6,2018-04-01,2018-09-30,-1
2019-10-31,59550,2020-03-31,2,10000000000,0.072,,,,,520000000,0.098,530000000,0.059,,326000000,,2.35,,,,,,,,,,,,,,,,,,,,,,true,true,12,2019-04-01,2020-03-31,0
2019-10-31,59550,2019-03-31,2,,,,,,,,,,,,,,,,,,,,14865000000,10757000000,0.699,,10394000000,,,,,,,,,,,,true,false,12,2018-04-01,2019-03-31,-1
2019-10-31,59550,2019-03-31,2,,,,,,,,,,,,,,,,,,,,,,,,,,,,,1.00,,,,143611765,5060803,,false,false,12,2018-04-01,2019-03-31,-1
2019-10-31,59550,2020-03-31,2,,,,,,,,,,,,,,,,,,,,,,,,,,,,,0.00,,,,,,,false,false,12,2019-04-01,2020-03-31,0
2019-10-31,59550,2020-03-31,2,,,,,,,,,,,,,,,,,,,,,,,,,,,,,1.00,,,,,,,false,true,12,2019-04-01,2020-03-31,0
2019-10-31,59550,2020-03-31,2,,,,,,,,,,,,,,,,,,,,,,,,,,,,,,,,,143611765,5811403,138431582,false,false,6,2019-04-01,2019-09-30,0
2019-10-31,59550,2019-03-31,2,,,,,,,,,,,,,,,,,,,,,,,,,,,,,,,,,,,139150179,false,false,6,2018-04-01,2018-09-30,-1
2020-01-31,59550,2020-03-31,3,7048000000,0.003,,,,,288000000,-0.209,304000000,-0.212,,294000000,,2.13,,,,,,15656000000,10899000000,0.672,,10519000000,,,,,,,,,,,,true,false,9,2019-04-01,2019-12-31,0
2020-01-31,59550,2019-03-31,3,7028000000,0.063,,,,,364000000,-0.078,386000000,-0.068,,287000000,,2.07,,,,,,,,,,,,,,,,,,,,,,true,false,9,2018-04-01,2018-12-31,-1
2020-01-31,59550,2020-03-31,3,9500000000,0.018,,,,,420000000,-0.113,440000000,-0.121,,370000000,,2.68,,,,,,,,,,,,,,,,,,,,,,true,true,12,2019-04-01,2020-03-31,0
2020-01-31,59550,2019-03-31,3,,,,,,,,,,,,,,,,,,,,14865000000,10757000000,0.699,,10394000000,,,,,,,,,,,,true,false,12,2018-04-01,2019-03-31,-1
2020-01-31,59550,2019-03-31,3,,,,,,,,,,,,,,,,,,,,,,,,,,,,,1.00,,,,143611765,5060803,,false,false,12,2018-04-01,2019-03-31,-1
2020-01-31,59550,2020-03-31,3,,,,,,,,,,,,,,,,,,,,,,,,,,,,,0.00,,,,,,,false,false,12,2019-04-01,2020-03-31,0
2020-01-31,59550,2020-03-31,3,,,,,,,,,,,,,,,,,,,,,,,,,,,,,1.00,,,,,,,false,true,12,2019-04-01,2020-03-31,0
2020-01-31,59550,2020-03-31,3,,,,,,,,,,,,,,,,,,,,,,,,,,,,,,,,,143611765,5811423,138220412,false,false,9,2019-04-01,2019-12-31,0
2020-01-31,59550,2019-03-31,3,,,,,,,,,,,,,,,,,,,,,,,,,,,,,,,,,,,139076820,false,false,9,2018-04-01,2018-12-31,-1
2020-05-08,59550,2020-03-31,,9526000000,0.021,,,,,385000000,-0.186,402000000,-0.195,,345000000,,2.50,,0.033,0.026,0.040,,15657000000,10957000000,0.676,76.76,10577000000,792000000,-742000000,-370000000,1758000000,,0.400,,,,,,true,false,12,2019-04-01,2020-03-31,0
2020-05-08,59550,2019-03-31,,9329000000,0.049,,,,,473000000,-0.083,500000000,-0.050,,361000000,,2.60,,0.035,0.033,0.051,,14865000000,10757000000,0.699,75.02,10394000000,681000000,-1332000000,-702000000,2055000000,,0.385,,,,,,true,false,12,2018-04-01,2019-03-31,-1
2020-05-08,59550,2020-03-31,,3277000000,-0.046,,,,,151000000,-0.309,185000000,-0.267,110000000,,-0.546,0.80,,,,,,11219000000,9322000000,0.831,67.65,9322000000,,,,,1.00,,,,143611765,5811423,138113918,false,false,12,2019-04-01,2020-03-31,0
2020-05-08,59550,2019-03-31,,3434000000,-0.019,,,,,219000000,-0.083,253000000,-0.061,242000000,,-0.452,1.74,,,,,,11258000000,9400000000,0.835,67.85,9400000000,,,,,1.00,,,,143611765,5060803,138947157,false,false,12,2018-04-01,2019-03-31,-1
2020-07-31,59550,2021-03-31,1,2063000000,-0.074,,,,,57000000,0.162,78000000,0.401,,38000000,,0.28,,,,,,15441000000,10821000000,0.676,,10442000000,,,,,,,,,,,,true,false,3,2020-04-01,2020-06-30,0
2020-07-31,59550,2020-03-31,1,2227000000,-0.030,,,,,49000000,-0.582,56000000,-0.535,,113000000,,0.82,,,,,,,,,,,,,,,,,,,,,,true,false,3,2019-04-01,2019-06-30,-1
2020-07-31,59550,2021-03-31,1,4100000000,-0.123,,,,,70000000,-0.641,120000000,-0.413,,60000000,,0.44,,,,,,,,,,,,,,,,,,,,,,true,true,6,2020-04-01,2020-09-30,0
2020-07-31,59550,2021-03-31,1,8800000000,-0.076,,,,,220000000,-0.429,270000000,-0.330,,150000000,,1.09,,,,,,,,,,,,,,,,,,,,,,true,true,12,2020-04-01,2021-03-31,0
2020-07-31,59550,2020-03-31,1,,,,,,,,,,,,,,,,,,,,15657000000,10957000000,0.676,,10577000000,,,,,,,,,,,,true,false,12,2019-04-01,2020-03-31,-1
2020-07-31,59550,2020-03-31,1,,,,,,,,,,,,,,,,,,,,,,,,,,,,,1.00,,,,143611765,5811423,,false,false,12,2019-04-01,2020-03-31,-1
2020-07-31,59550,2021-03-31,1,,,,,,,,,,,,,,,,,,,,,,,,,,,,,1.00,,,,,,,false,true,12,2020-04-01,2021-03-31,0
2020-07-31,59550,2021-03-31,1,,,,,,,,,,,,,,,,,,,,,,,,,,,,,,,,,143611765,5811423,137800342,false,false,3,2020-04-01,2020-06-30,0
2020-07-31,59550,2020-03-31,1,,,,,,,,,,,,,,,,,,,,,,,,,,,,,,,,,,,138550962,false,false,3,2019-04-01,2019-06-30,-1
2020-10-30,59550,2021-03-31,,4211000000,0.027,,,,,124000000,0.785,145000000,0.211,,74000000,,0.54,,,,,,,,,,,,,,,,,,,,,,true,true,6,2020-04-01,2020-09-30,0
2020-10-30,59550,2020-03-31,,4677000000,,,,,,195000000,,204000000,,,223000000,,1.62,,,,,,,,,,,,,,,,,,,,,,true,false,6,2019-04-01,2019-09-30,-1
2020-11-02,59550,2021-03-31,2,4211000000,-0.099,,,,,124000000,-0.360,145000000,-0.289,,74000000,,0.54,,,,,,15536000000,10892000000,0.676,,10507000000,,,,,,,,,,,,true,false,6,2020-04-01,2020-09-30,0
2020-11-02,59550,2020-03-31,2,4677000000,0.006,,,,,195000000,-0.207,204000000,-0.229,,223000000,,1.62,,,,,,,,,,,,,,,,,,,,,,true,false,6,2019-04-01,2019-09-30,-1
2020-11-02,59550,2021-03-31,2,8800000000,-0.076,,,,,220000000,-0.429,270000000,-0.330,,150000000,,1.09,,,,,,,,,,,,,,,,,,,,,,true,true,12,2020-04-01,2021-03-31,0
2020-11-02,59550,2020-03-31,2,,,,,,,,,,,,,,,,,,,,15657000000,10957000000,0.676,,10577000000,,,,,,,,,,,,true,false,12,2019-04-01,2020-03-31,-1
2020-11-02,59550,2020-03-31,2,,,,,,,,,,,,,,,,,,,,,,,,,,,,,1.00,,,,143611765,5811423,,false,false,12,2019-04-01,2020-03-31,-1
2020-11-02,59550,2021-03-31,2,,,,,,,,,,,,,,,,,,,,,,,,,,,,,0.00,,,,,,,false,false,12,2020-04-01,2021-03-31,0
2020-11-02,59550,2021-03-31,2,,,,,,,,,,,,,,,,,,,,,,,,,,,,,1.00,,,,,,,false,true,12,2020-04-01,2021-03-31,0
2020-11-02,59550,2021-03-31,2,,,,,,,,,,,,,,,,,,,,,,,,,,,,,,,,,143611765,5811423,137800342,false,false,6,2020-04-01,2020-09-30,0
2020-11-02,59550,2020-03-31,2,,,,,,,,,,,,,,,,,,,,,,,,,,,,,,,,,,,138431582,false,false,6,2019-04-01,2019-09-30,-1
2021-01-29,59550,2021-03-31,,9050000000,0.028,,,,,380000000,0.727,400000000,0.481,,225000000,,1.63,,,,,,,,,,,,,,,,,,,,,,true,true,12,2020-04-01,2021-03-31,0
2021-01-29,59550,2020-03-31,,9526000000,,,,,,385000000,,402000000,,,345000000,,2.50,,,,,,,,,,,,,,,,,,,,,,true,false,12,2019-04-01,2020-03-31,-1
2021-02-01,59550,2021-03-31,3,6675000000,-0.053,,,,,288000000,0.000,315000000,0.037,,174000000,,1.26,,,,,,15793000000,10984000000,0.671,,10593000000,,,,,,,,,,,,true,false,9,2020-04-01,2020-12-31,0
2021-02-01,59550,2020-03-31,3,7048000000,0.003,,,,,288000000,-0.209,304000000,-0.212,,294000000,,2.13,,,,,,,,,,,,,,,,,,,,,,true,false,9,2019-04-01,2019-12-31,-1
2021-02-01,59550,2021-03-31,3,9050000000,-0.050,,,,,380000000,-0.014,400000000,-0.007,,225000000,,1.63,,,,,,,,,,,,,,,,,,,,,,true,true,12,2020-04-01,2021-03-31,0
2021-02-01,59550,2020-03-31,3,,,,,,,,,,,,,,,,,,,,15657000000,10957000000,0.676,,10577000000,,,,,,,,,,,,true,false,12,2019-04-01,2020-03-31,-1
2021-02-01,59550,2020-03-31,3,,,,,,,,,,,,,,,,,,,,,,,,,,,,,1.00,,,,143611765,5811423,,false,false,12,2019-04-01,2020-03-31,-1
2021-02-01,59550,2021-03-31,3,,,,,,,,,,,,,,,,,,,,,,,,,,,,,0.00,,,,,,,false,false,12,2020-04-01,2021-03-31,0
2021-02-01,59550,2021-03-31,3,,,,,,,,,,,,,,,,,,,,,,,,,,,,,1.00,,,,,,,false,true,12,2020-04-01,2021-03-31,0
2021-02-01,59550,2021-03-31,3,,,,,,,,,,,,,,,,,,,,,,,,,,,,,,,,,143611765,5811435,137800341,false,false,9,2020-04-01,2020-12-31,0
2021-02-01,59550,2020-03-31,3,,,,,,,,,,,,,,,,,,,,,,,,,,,,,,,,,,,138220412,false,false,9,2019-04-01,2019-12-31,-1
2021-04-20,59550,2021-03-31,,9330000000,0.031,,,,,510000000,0.342,540000000,0.350,,320000000,,2.32,,,,,,,,,,,,,,,,,,,,,,true,true,12,2020-04-01,2021-03-31,0
2021-04-20,59550,2020-03-31,,9526000000,,,,,,385000000,,402000000,,,345000000,,2.50,,,,,,,,,,,,,,,,,,,,,,true,false,12,2019-04-01,2020-03-31,-1
2021-05-10,59550,2021-03-31,,9332000000,-0.020,,,,,512000000,0.328,546000000,0.355,,327000000,,2.37,,0.031,0.034,0.055,,16208000000,11173000000,0.664,78.11,10763000000,787000000,-155000000,-49000000,2320000000,,0.422,,,,,,true,false,12,2020-04-01,2021-03-31,0
2021-05-10,59550,2020-03-31,,9526000000,0.021,,,,,385000000,-0.186,402000000,-0.195,,345000000,,2.50,,0.033,0.026,0.040,,15657000000,10957000000,0.676,76.76,10577000000,792000000,-742000000,-370000000,1758000000,,0.400,,,,,,true,false,12,2019-04-01,2020-03-31,-1
2021-05-10,59550,2022-03-31,,4900000000,0.163,,,,,250000000,1.001,265000000,0.823,,182000000,,1.32,,,,,,,,,,,,,,,,,,,,,,true,true,6,2021-04-01,2021-09-30,1
2021-05-10,59550,2022-03-31,,10000000000,0.072,,,,,530000000,0.035,560000000,0.025,,379000000,,2.75,,,,,,,,,,,,,,,,0.364,,,,,,true,true,12,2021-04-01,2022-03-31,1
2021-05-10,59550,2021-03-31,,2991000000,-0.087,,,,,147000000,-0.027,182000000,-0.020,108000000,,-0.017,0.79,,,,,,11202000000,9294000000,0.830,67.45,9294000000,,,,,1.00,,,,143611765,5811435,137800339,false,false,12,2020-04-01,2021-03-31,0
2021-05-10,59550,2020-03-31,,3277000000,-0.046,,,,,151000000,-0.309,185000000,-0.267,110000000,,-0.546,0.80,,,,,,11219000000,9322000000,0.831,67.65,9322000000,,,,,1.00,,,,143611765,5811423,138113918,false,false,12,2019-04-01,2020-03-31,-1
2021-05-10,59550,2022-03-31,,,,,,,,,,,,,,,,,,,,,,,,,,,,,,1.00,,,,,,,false,true,12,2021-04-01,2022-03-31,1
2021-07-30,59550,2022-03-31,1,2784000000,0.349,,,,,255000000,3.480,263000000,2.353,,151000000,,1.10,,,,,,16384000000,11216000000,0.659,,10794000000,,,,,,,,,,,,true,false,3,2021-04-01,2021-06-30,0
2021-07-30,59550,2021-03-31,1,2063000000,-0.074,,,,,57000000,0.162,78000000,0.401,,38000000,,0.28,,,,,,,,,,,,,,,,,,,,,,true,false,3,2020-04-01,2020-06-30,-1
2021-07-30,59550,2022-03-31,1,5330000000,0.265,,,,,430000000,2.442,445000000,2.061,,297000000,,2.16,,,,,,,,,,,,,,,,,,,,,,true,true,6,2021-04-01,2021-09-30,0
2021-07-30,59550,2022-03-31,1,10500000000,0.125,,,,,730000000,0.426,750000000,0.373,,495000000,,3.59,,,,,,,,,,,,,,,,,,,,,,true,true,12,2021-04-01,2022-03-31,0
2021-07-30,59550,2021-03-31,1,,,,,,,,,,,,,,,,,,,,16208000000,11173000000,0.664,,10763000000,,,,,,,,,,,,true,false,12,2020-04-01,2021-03-31,-1
2021-07-30,59550,2021-03-31,1,,,,,,,,,,,,,,,,,,,,,,,,,,,,,1.00,,,,143611765,5811435,,false,false,12,2020-04-01,2021-03-31,-1
2021-07-30,59550,2022-03-31,1,,,,,,,,,,,,,,,,,,,,,,,,,,,,,1.00,,,,,,,false,true,12,2021-04-01,2022-03-31,0
2021-07-30,59550,2022-03-31,1,,,,,,,,,,,,,,,,,,,,,,,,,,,,,,,,,143611765,5811456,137800324,false,false,3,2021-04-01,2021-06-30,0
2021-07-30,59550,2021-03-31,1,,,,,,,,,,,,,,,,,,,,,,,,,,,,,,,,,,,137800342,false,false,3,2020-04-01,2020-06-30,-1
2021-11-01,59550,2022-03-31,2,5473000000,0.300,,,,,450000000,2.608,458000000,2.151,,258000000,,1.88,,,,,,16291000000,11273000000,0.665,,10837000000,,,,,,,,,,,,true,false,6,2021-04-01,2021-09-30,0
2021-11-01,59550,2021-03-31,2,4211000000,-0.099,,,,,124000000,-0.360,145000000,-0.289,,74000000,,0.54,,,,,,,,,,,,,,,,,,,,,,true,false,6,2020-04-01,2020-09-30,-1
2021-11-01,59550,2022-03-31,2,10500000000,0.125,,,,,730000000,0.426,750000000,0.373,,495000000,,3.59,,,,,,,,,,,,,,,,,,,,,,true,true,12,2021-04-01,2022-03-31,0
2021-11-01,59550,2021-03-31,2,,,,,,,,,,,,,,,,,,,,16208000000,11173000000,0.664,,10763000000,,,,,,,,,,,,true,false,12,2020-04-01,2021-03-31,-1
2021-11-01,59550,2021-03-31,2,,,,,,,,,,,,,,,,,,,,,,,,,,,,,1.00,,,,143611765,5811435,,false,false,12,2020-04-01,2021-03-31,-1
2021-11-01,59550,2022-03-31,2,,,,,,,,,,,,,,,,,,,,,,,,,,,,,0.00,,,,,,,false,false,12,2021-04-01,2022-03-31,0
2021-11-01,59550,2022-03-31,2,,,,,,,,,,,,,,,,,,,,,,,,,,,,,1.00,,,,,,,false,true,12,2021-04-01,2022-03-31,0
2021-11-01,59550,2022-03-31,2,,,,,,,,,,,,,,,,,,,,,,,,,,,,,,,,,143611765,6448956,137697333,false,false,6,2021-04-01,2021-09-30,0
2021-11-01,59550,2021-03-31,2,,,,,,,,,,,,,,,,,,,,,,,,,,,,,,,,,,,137800342,false,false,6,2020-04-01,2020-09-30,-1
2022-01-31,59550,2022-03-31,3,8273000000,0.239,,,,,636000000,1.203,650000000,1.063,,392000000,,2.86,,,,,,16483000000,11396000000,0.664,,10948000000,,,,,,,,,,,,true,false,9,2021-04-01,2021-12-31,0
2022-01-31,59550,2021-03-31,3,6675000000,-0.053,,,,,288000000,0.000,315000000,0.037,,174000000,,1.26,,,,,,,,,,,,,,,,,,,,,,true,false,9,2020-04-01,2020-12-31,-1
2022-01-31,59550,2022-03-31,3,10500000000,0.125,,,,,730000000,0.426,750000000,0.373,,495000000,,3.59,,,,,,,,,,,,,,,,,,,,,,true,true,12,2021-04-01,2022-03-31,0
2022-01-31,59550,2021-03-31,3,,,,,,,,,,,,,,,,,,,,16208000000,11173000000,0.664,,10763000000,,,,,,,,,,,,true,false,12,2020-04-01,2021-03-31,-1
2022-01-31,59550,2021-03-31,3,,,,,,,,,,,,,,,,,,,,,,,,,,,,,1.00,,,,143611765,5811435,,false,false,12,2020-04-01,2021-03-31,-1
2022-01-31,59550,2022-03-31,3,,,,,,,,,,,,,,,,,,,,,,,,,,,,,0.00,,,,,,,false,false,12,2021-04-01,2022-03-31,0
2022-01-31,59550,2022-03-31,3,,,,,,,,,,,,,,,,,,,,,,,,,,,,,1.00,,,,,,,false,true,12,2021-04-01,2022-03-31,0
2022-01-31,59550,2022-03-31,3,,,,,,,,,,,,,,,,,,,,,,,,,,,,,,,,,143611765,6449006,137518498,false,false,9,2021-04-01,2021-12-31,0
2022-01-31,59550,2021-03-31,3,,,,,,,,,,,,,,,,,,,,,,,,,,,,,,,,,,,137800341,false,false,9,2020-04-01,2020-12-31,-1
2022-05-09,59550,2022-03-31,,11030000000,0.182,,,,,754000000,0.473,785000000,0.439,,548000000,,3.99,,0.050,0.048,0.068,,16846000000,11510000000,0.657,81.08,11064000000,676000000,209000000,-528000000,2689000000,,0.251,,,,,,true,false,12,2021-04-01,2022-03-31,0
2022-05-09,59550,2021-03-31,,9332000000,-0.020,,,,,512000000,0.328,546000000,0.355,,327000000,,2.37,,0.031,0.034,0.055,,16208000000,11173000000,0.664,78.11,10763000000,787000000,-155000000,-49000000,2320000000,,0.422,,,,,,true,false,12,2020-04-01,2021-03-31,-1
2022-05-09,59550,2023-03-31,,5550000000,0.014,,,,,335000000,-0.257,343000000,-0.251,,233000000,,1.71,,,,,,,,,,,,,,,,,,,,,,true,true,6,2022-04-01,2022-09-30,1
2022-05-09,59550,2023-03-31,,11500000000,0.043,,,,,770000000,0.021,790000000,0.005,,560000000,,4.10,,,,,,,,,,,,,,,,0.244,,,,,,true,true,12,2022-04-01,2023-03-31,1
2022-05-09,59550,2022-03-31,,3236000000,0.082,,,,,180000000,0.224,282000000,0.550,217000000,,1.012,1.59,,,,,,11381000000,9272000000,0.815,67.95,9272000000,,,,,1.00,,,,143611765,7141106,137381423,false,false,12,2021-04-01,2022-03-31,0
2022-05-09,59550,2021-03-31,,2991000000,-0.087,,,,,147000000,-0.027,182000000,-0.020,108000000,,-0.017,0.79,,,,,,11202000000,9294000000,0.830,67.45,9294000000,,,,,1.00,,,,143611765,5811435,137800339,false,false,12,2020-04-01,2021-03-31,-1
2022-05-09,59550,2023-03-31,,,,,,,,,,,,,,,,,,,,,,,,,,,,,,1.00,,,,,,,false,true,12,2022-04-01,2023-03-31,1
2022-08-01,59550,2023-03-31,1,2750000000,-0.012,,,,,150000000,-0.412,171000000,-0.351,,91000000,,0.67,,,,,,16825000000,11515000000,0.657,,11062000000,,,,,,,,,,,,true,false,3,2022-04-01,2022-06-30,0
2022-08-01,59550,2022-03-31,1,2784000000,0.349,,,,,255000000,3.480,263000000,2.353,,151000000,,1.10,,,,,,,,,,,,,,,,,,,,,,true,false,3,2021-04-01,2021-06-30,-1
2022-08-01,59550,2023-03-31,1,5550000000,0.014,,,,,335000000,-0.257,343000000,-0.251,,233000000,,1.71,,,,,,,,,,,,,,,,,,,,,,true,true,6,2022-04-01,2022-09-30,0
2022-08-01,59550,2023-03-31,1,11500000000,0.043,,,,,770000000,0.021,790000000,0.005,,560000000,,4.10,,,,,,,,,,,,,,,,,,,,,,true,true,12,2022-04-01,2023-03-31,0
2022-08-01,59550,2022-03-31,1,,,,,,,,,,,,,,,,,,,,16846000000,11510000000,0.657,,11064000000,,,,,,,,,,,,true,false,12,2021-04-01,2022-03-31,-1
2022-08-01,59550,2022-03-31,1,,,,,,,,,,,,,,,,,,,,,,,,,,,,,1.00,,,,143611765,7141106,,false,false,12,2021-04-01,2022-03-31,-1
2022-08-01,59550,2023-03-31,1,,,,,,,,,,,,,,,,,,,,,,,,,,,,,1.00,,,,,,,false,true,12,2022-04-01,2023-03-31,0
2022-08-01,59550,2023-03-31,1,,,,,,,,,,,,,,,,,,,,,,,,,,,,,,,,,143611765,7141106,136470659,false,false,3,2022-04-01,2022-06-30,0
2022-08-01,59550,2022-03-31,1,,,,,,,,,,,,,,,,,,,,,,,,,,,,,,,,,,,137800324,false,false,3,2021-04-01,2021-06-30,-1
2022-10-31,59550,2023-03-31,2,5595000000,0.022,,,,,267000000,-0.406,291000000,-0.364,,157000000,,1.15,,,,,,16880000000,11577000000,0.658,,11113000000,,,,,,,,,,,,true,false,6,2022-04-01,2022-09-30,0
2022-10-31,59550,2022-03-31,2,5473000000,0.300,,,,,450000000,2.608,458000000,2.151,,258000000,,1.88,,,,,,,,,,,,,,,,,,,,,,true,false,6,2021-04-01,2021-09-30,-1
2022-10-31,59550,2023-03-31,2,11500000000,0.043,,,,,620000000,-0.178,640000000,-0.186,,355000000,,2.60,,,,,,,,,,,,,,,,,,,,,,true,true,12,2022-04-01,2023-03-31,0
2022-10-31,59550,2022-03-31,2,,,,,,,,,,,,,,,,,,,,16846000000,11510000000,0.657,,11064000000,,,,,,,,,,,,true,false,12,2021-04-01,2022-03-31,-1
2022-10-31,59550,2022-03-31,2,,,,,,,,,,,,,,,,,,,,,,,,,,,,,1.00,,,,143611765,7141106,,false,false,12,2021-04-01,2022-03-31,-1
2022-10-31,59550,2023-03-31,2,,,,,,,,,,,,,,,,,,,,,,,,,,,,,0.00,,,,,,,false,false,12,2022-04-01,2023-03-31,0
2022-10-31,59550,2023-03-31,2,,,,,,,,,,,,,,,,,,,,,,,,,,,,,1.00,,,,,,,false,true,12,2022-04-01,2023-03-31,0
2022-10-31,59550,2023-03-31,2,,,,,,,,,,,,,,,,,,,,,,,,,,,,,,,,,143611765,7865207,136325682,false,false,6,2022-04-01,2022-09-30,0
2022-10-31,59550,2022-03-31,2,,,,,,,,,,,,,,,,,,,,,,,,,,,,,,,,,,,137697333,false,false,6,2021-04-01,2021-09-30,-1
2023-01-31,59550,2023-03-31,3,8801000000,0.064,,,,,497000000,-0.217,518000000,-0.203,,318000000,,2.34,,,,,,17401000000,11757000000,0.648,,11279000000,,,,,,,,,,,,true,false,9,2022-04-01,2022-12-31,0
2023-01-31,59550,2022-03-31,3,8273000000,0.239,,,,,636000000,1.203,650000000,1.063,,392000000,,2.86,,,,,,,,,,,,,,,,,,,,,,true,false,9,2021-04-01,2021-12-31,-1
2023-01-31,59550,2023-03-31,3,11500000000,0.043,,,,,620000000,-0.178,640000000,-0.186,,355000000,,2.60,,,,,,,,,,,,,,,,,,,,,,true,true,12,2022-04-01,2023-03-31,0
2023-01-31,59550,2022-03-31,3,,,,,,,,,,,,,,,,,,,,16846000000,11510000000,0.657,,11064000000,,,,,,,,,,,,true,false,12,2021-04-01,2022-03-31,-1
2023-01-31,59550,2022-03-31,3,,,,,,,,,,,,,,,,,,,,,,,,,,,,,1.00,,,,143611765,7141106,,false,false,12,2021-04-01,2022-03-31,-1
2023-01-31,59550,2023-03-31,3,,,,,,,,,,,,,,,,,,,,,,,,,,,,,0.00,,,,,,,false,false,12,2022-04-01,2023-03-31,0
2023-01-31,59550,2023-03-31,3,,,,,,,,,,,,,,,,,,,,,,,,,,,,,1.00,,,,,,,false,true,12,2022-04-01,2023-03-31,0
2023-01-31,59550,2023-03-31,3,,,,,,,,,,,,,,,,,,,,,,,,,,,,,,,,,143611765,7865207,136131941,false,false,9,2022-04-01,2022-12-31,0
2023-01-31,59550,2022-03-31,3,,,,,,,,,,,,,,,,,,,,,,,,,,,,,,,,,,,137518498,false,false,9,2021-04-01,2021-12-31,-1
2023-05-08,59550,2023-03-31,,11914000000,0.080,,,,,648000000,-0.140,678000000,-0.136,,434000000,,3.20,,0.039,0.040,0.054,,17340000000,11828000000,0.654,84.01,11341000000,510000000,-967000000,-197000000,2092000000,,0.313,,,,,,true,false,12,2022-04-01,2023-03-31,0
2023-05-08,59550,2022-03-31,,11030000000,0.182,,,,,754000000,0.473,785000000,0.439,,548000000,,3.99,,0.050,0.048,0.068,,16846000000,11510000000,0.657,81.08,11064000000,676000000,209000000,-528000000,2689000000,,0.251,,,,,,true,false,12,2021-04-01,2022-03-31,-1
2023-05-08,59550,2024-03-31,,6300000000,0.126,,,,,300000000,0.120,350000000,0.202,,200000000,,1.48,,,,,,,,,,,,,,,,,,,,,,true,true,6,2023-04-01,2023-09-30,1
2023-05-08,59550,2024-03-31,,13000000000,0.091,,,,,700000000,0.079,750000000,0.105,,450000000,,3.33,,,,,,,,,,,,,,,,0.300,,,,,,true,true,12,2023-04-01,2024-03-31,1
2023-05-08,59550,2023-03-31,,3317000000,0.025,,,,,157000000,-0.127,296000000,0.049,242000000,,0.111,1.78,,,,,,11274000000,9279000000,0.823,68.74,9279000000,,,,,1.00,,,,143611765,8605307,135966302,false,false,12,2022-04-01,2023-03-31,0
2023-05-08,59550,2022-03-31,,3236000000,0.082,,,,,180000000,0.224,282000000,0.550,217000000,,1.012,1.59,,,,,,11381000000,9272000000,0.815,67.95,9272000000,,,,,1.00,,,,143611765,7141106,137381423,false,false,12,2021-04-01,2022-03-31,-1
2023-05-08,59550,2024-03-31,,,,,,,,,,,,,,,,,,,,,,,,,,,,,,1.00,,,,,,,false,true,12,2023-04-01,2024-03-31,1
2023-07-31,59550,2024-03-31,1,3072000000,0.117,,,,,94000000,-0.375,107000000,-0.369,,46000000,,0.34,,,,,,17649000000,11776000000,0.640,,11288000000,,,,,,,,,,,,true,false,3,2023-04-01,2023-06-30,0
2023-07-31,59550,2023-03-31,1,2750000000,-0.012,,,,,150000000,-0.412,171000000,-0.351,,91000000,,0.67,,,,,,,,,,,,,,,,,,,,,,true,false,3,2022-04-01,2022-06-30,-1
2023-07-31,59550,2024-03-31,1,6300000000,0.126,,,,,300000000,0.120,350000000,0.202,,200000000,,1.48,,,,,,,,,,,,,,,,,,,,,,true,true,6,2023-04-01,2023-09-30,0
2023-07-31,59550,2024-03-31,1,13000000000,0.091,,,,,700000000,0.079,750000000,0.105,,450000000,,3.33,,,,,,,,,,,,,,,,,,,,,,true,true,12,2023-04-01,2024-03-31,0
2023-07-31,59550,2023-03-31,1,,,,,,,,,,,,,,,,,,,,17340000000,11828000000,0.654,,11341000000,,,,,,,,,,,,true,false,12,2022-04-01,2023-03-31,-1
2023-07-31,59550,2023-03-31,1,,,,,,,,,,,,,,,,,,,,,,,,,,,,,1.00,,,,143611765,8605307,,false,false,12,2022-04-01,2023-03-31,-1
2023-07-31,59550,2024-03-31,1,,,,,,,,,,,,,,,,,,,,,,,,,,,,,1.00,,,,,,,false,true,12,2023-04-01,2024-03-31,0
2023-07-31,59550,2024-03-31,1,,,,,,,,,,,,,,,,,,,,,,,,,,,,,,,,,143611765,8605307,135006458,false,false,3,2023-04-01,2023-06-30,0
2023-07-31,59550,2023-03-31,1,,,,,,,,,,,,,,,,,,,,,,,,,,,,,,,,,,,136470659,false,false,3,2022-04-01,2022-06-30,-1
2023-10-31,59550,2024-03-31,2,6056000000,0.082,,,,,188000000,-0.298,249000000,-0.142,,107000000,,0.80,,,,,,17774000000,11955000000,0.640,,11375000000,,,,,,,,,,,,true,false,6,2023-04-01,2023-09-30,0
2023-10-31,59550,2023-03-31,2,5595000000,0.022,,,,,267000000,-0.406,291000000,-0.364,,157000000,,1.15,,,,,,,,,,,,,,,,,,,,,,true,false,6,2022-04-01,2022-09-30,-1
2023-10-31,59550,2024-03-31,2,13000000000,0.091,,,,,500000000,-0.229,550000000,-0.189,,300000000,,2.22,,,,,,,,,,,,,,,,,,,,,,true,true,12,2023-04-01,2024-03-31,0
2023-10-31,59550,2023-03-31,2,,,,,,,,,,,,,,,,,,,,17340000000,11828000000,0.654,,11341000000,,,,,,,,,,,,true,false,12,2022-04-01,2023-03-31,-1
2023-10-31,59550,2023-03-31,2,,,,,,,,,,,,,,,,,,,,,,,,,,,,,1.00,,,,143611765,8605307,,false,false,12,2022-04-01,2023-03-31,-1
2023-10-31,59550,2024-03-31,2,,,,,,,,,,,,,,,,,,,,,,,,,,,,,0.00,,,,,,,false,false,12,2023-04-01,2024-03-31,0
2023-10-31,59550,2024-03-31,2,,,,,,,,,,,,,,,,,,,,,,,,,,,,,1.00,,,,,,,false,true,12,2023-04-01,2024-03-31,0
2023-10-31,59550,2024-03-31,2,,,,,,,,,,,,,,,,,,,,,,,,,,,,,,,,,143611765,8605310,135006457,false,false,6,2023-04-01,2023-09-30,0
2023-10-31,59550,2023-03-31,2,,,,,,,,,,,,,,,,,,,,,,,,,,,,,,,,,,,136325682,false,false,6,2022-04-01,2022-09-30,-1
2024-01-31,59550,2024-03-31,3,9247000000,0.051,,,,,277000000,-0.443,343000000,-0.338,,150000000,,1.11,,,,,,18130000000,11981000000,0.629,,11398000000,,,,,,,,,,,,true,false,9,2023-04-01,2023-12-31,0
2024-01-31,59550,2023-03-31,3,8801000000,0.064,,,,,497000000,-0.217,518000000,-0.203,,318000000,,2.34,,,,,,,,,,,,,,,,,,,,,,true,false,9,2022-04-01,2022-12-31,-1
2024-01-31,59550,2024-03-31,3,13000000000,0.091,,,,,500000000,-0.229,550000000,-0.189,,300000000,,2.22,,,,,,,,,,,,,,,,,,,,,,true,true,12,2023-04-01,2024-03-31,0
2024-01-31,59550,2023-03-31,3,,,,,,,,,,,,,,,,,,,,17340000000,11828000000,0.654,,11341000000,,,,,,,,,,,,true,false,12,2022-04-01,2023-03-31,-1
2024-01-31,59550,2023-03-31,3,,,,,,,,,,,,,,,,,,,,,,,,,,,,,1.00,,,,143611765,8605307,,false,false,12,2022-04-01,2023-03-31,-1
2024-01-31,59550,2024-03-31,3,,,,,,,,,,,,,,,,,,,,,,,,,,,,,0.00,,,,,,,false,false,12,2023-04-01,2024-03-31,0
2024-01-31,59550,2024-03-31,3,,,,,,,,,,,,,,,,,,,,,,,,,,,,,1.00,,,,,,,false,true,12,2023-04-01,2024-03-31,0
2024-01-31,59550,2024-03-31,3,,,,,,,,,,,,,,,,,,,,,,,,,,,,,,,,,143611765,9056310,134965521,false,false,9,2023-04-01,2023-12-31,0
2024-01-31,59550,2023-03-31,3,,,,,,,,,,,,,,,,,,,,,,,,,,,,,,,,,,,136131941,false,false,9,2022-04-01,2022-12-31,-1
2024-04-30,59550,2024-03-31,,12153000000,-0.065,,,,,319000000,-0.362,398000000,-0.276,,245000000,,1.82,,,,,,,,,,,,,,,,,,,,,,true,true,12,2023-04-01,2024-03-31,0
2024-04-30,59550,2023-03-31,,11914000000,,,,,,648000000,,678000000,,,434000000,,3.20,,,,,,,,,,,,,,,,,,,,,,true,false,12,2022-04-01,2023-03-31,-1
2024-05-07,59550,2024-03-31,,12153000000,0.020,,,,,319000000,-0.507,398000000,-0.413,,245000000,,1.82,,0.022,0.022,0.026,,18097000000,12088000000,0.636,85.57,11501000000,956000000,-592000000,417000000,2911000000,,0.549,,,,,,true,false,12,2023-04-01,2024-03-31,0
2024-05-07,59550,2023-03-31,,11914000000,0.080,,,,,648000000,-0.140,678000000,-0.136,,434000000,,3.20,,0.039,0.040,0.054,,17340000000,11828000000,0.654,84.01,11341000000,510000000,-967000000,-197000000,2092000000,,0.313,,,,,,true,false,12,2022-04-01,2023-03-31,-1
2024-05-07,59550,2025-03-31,,6355000000,0.049,,,,,200000000,0.063,200000000,-0.199,,113000000,,0.84,,,,,,,,,,,,,,,,,,,,,,true,true,6,2024-04-01,2024-09-30,1
2024-05-07,59550,2025-03-31,,13200000000,0.086,,,,,500000000,0.564,500000000,0.255,,250000000,,1.86,,,,,,,,,,,,,,,,0.538,,,,,,true,true,12,2024-04-01,2025-03-31,1
2024-05-07,59550,2024-03-31,,3458000000,0.042,,,,,81000000,-0.484,221000000,-0.253,168000000,,-0.303,1.25,,,,,,11464000000,9267000000,0.808,68.95,9267000000,,,,,1.00,,,,143611765,9205310,134831069,false,false,12,2023-04-01,2024-03-31,0
2024-05-07,59550,2023-03-31,,3317000000,0.025,,,,,157000000,-0.127,296000000,0.049,242000000,,0.111,1.78,,,,,,11274000000,9279000000,0.823,68.74,9279000000,,,,,1.00,,,,143611765,8605307,135966302,false,false,12,2022-04-01,2023-03-31,-1
2024-05-07,59550,2025-03-31,,,,,,,,,,,,,,,,,,,,,,,,,,,,,,1.00,,,,,,,false,true,12,2024-04-01,2025-03-31,1
2024-07-31,59550,2025-03-31,1,2815000000,-0.083,,,,,70000000,-0.247,83000000,-0.227,,31000000,,0.24,,,,,,17870000000,12005000000,0.639,,11420000000,,,,,,,,,,,,true,false,3,2024-04-01,2024-06-30,0
2024-07-31,59550,2024-03-31,1,3072000000,0.117,,,,,94000000,-0.375,107000000,-0.369,,46000000,,0.34,,,,,,,,,,,,,,,,,,,,,,true,false,3,2023-04-01,2023-06-30,-1
2024-07-31,59550,2025-03-31,1,6355000000,0.049,,,,,200000000,0.063,200000000,-0.199,,113000000,,0.84,,,,,,,,,,,,,,,,,,,,,,true,true,6,2024-04-01,2024-09-30,0
2024-07-31,59550,2025-03-31,1,13200000000,0.086,,,,,500000000,0.564,500000000,0.255,,250000000,,1.86,,,,,,,,,,,,,,,,,,,,,,true,true,12,2024-04-01,2025-03-31,0
2024-07-31,59550,2024-03-31,1,,,,,,,,,,,,,,,,,,,,18097000000,12088000000,0.636,,11501000000,,,,,,,,,,,,true,false,12,2023-04-01,2024-03-31,-1
2024-07-31,59550,2024-03-31,1,,,,,,,,,,,,,,,,,,,,,,,,,,,,,1.00,,,,143611765,9205310,,false,false,12,2023-04-01,2024-03-31,-1
2024-07-31,59550,2025-03-31,1,,,,,,,,,,,,,,,,,,,,,,,,,,,,,1.00,,,,,,,false,true,12,2024-04-01,2025-03-31,0
2024-07-31,59550,2025-03-31,1,,,,,,,,,,,,,,,,,,,,,,,,,,,,,,,,,143611765,9205310,134406455,false,false,3,2024-04-01,2024-06-30,0
2024-07-31,59550,2024-03-31,1,,,,,,,,,,,,,,,,,,,,,,,,,,,,,,,,,,,135006458,false,false,3,2023-04-01,2023-06-30,-1
2024-10-31,59550,2025-03-31,2,5787000000,-0.044,,,,,182000000,-0.027,185000000,-0.256,,90000000,,0.68,,,,,,17804000000,12099000000,0.646,,11507000000,,,,,,,,,,,,true,false,6,2024-04-01,2024-09-30,0
2024-10-31,59550,2024-03-31,2,6056000000,0.082,,,,,188000000,-0.298,249000000,-0.142,,107000000,,0.80,,,,,,,,,,,,,,,,,,,,,,true,false,6,2023-04-01,2023-09-30,-1
2024-10-31,59550,2025-03-31,2,13200000000,0.086,,,,,500000000,0.564,500000000,0.255,,250000000,,1.86,,,,,,,,,,,,,,,,,,,,,,true,true,12,2024-04-01,2025-03-31,0
2024-10-31,59550,2024-03-31,2,,,,,,,,,,,,,,,,,,,,18097000000,12088000000,0.636,,11501000000,,,,,,,,,,,,true,false,12,2023-04-01,2024-03-31,-1
2024-10-31,59550,2024-03-31,2,,,,,,,,,,,,,,,,,,,,,,,,,,,,,1.00,,,,143611765,9205310,,false,false,12,2023-04-01,2024-03-31,-1
2024-10-31,59550,2025-03-31,2,,,,,,,,,,,,,,,,,,,,,,,,,,,,,0.00,,,,,,,false,false,12,2024-04-01,2025-03-31,0
2024-10-31,59550,2025-03-31,2,,,,,,,,,,,,,,,,,,,,,,,,,,,,,1.00,,,,,,,false,true,12,2024-04-01,2025-03-31,0
2024-10-31,59550,2025-03-31,2,,,,,,,,,,,,,,,,,,,,,,,,,,,,,,,,,143611765,9205310,134406455,false,false,6,2024-04-01,2024-09-30,0
2024-10-31,59550,2024-03-31,2,,,,,,,,,,,,,,,,,,,,,,,,,,,,,,,,,,,135006457,false,false,6,2023-04-01,2023-09-30,-1
2025-01-31,59550,2025-03-31,3,8758000000,-0.053,,,,,303000000,0.093,318000000,-0.072,,173000000,,1.29,,,,,,17961000000,12195000000,0.646,,11600000000,,,,,,,,,,,,true,false,9,2024-04-01,2024-12-31,0
2025-01-31,59550,2024-03-31,3,9247000000,0.051,,,,,277000000,-0.443,343000000,-0.338,,150000000,,1.11,,,,,,,,,,,,,,,,,,,,,,true,false,9,2023-04-01,2023-12-31,-1
2025-01-31,59550,2025-03-31,3,13200000000,0.086,,,,,500000000,0.564,500000000,0.255,,250000000,,1.86,,,,,,,,,,,,,,,,,,,,,,true,true,12,2024-04-01,2025-03-31,0
2025-01-31,59550,2024-03-31,3,,,,,,,,,,,,,,,,,,,,18097000000,12088000000,0.636,,11501000000,,,,,,,,,,,,true,false,12,2023-04-01,2024-03-31,-1
2025-01-31,59550,2024-03-31,3,,,,,,,,,,,,,,,,,,,,,,,,,,,,,1.00,,,,143611765,9205310,,false,false,12,2023-04-01,2024-03-31,-1
2025-01-31,59550,2025-03-31,3,,,,,,,,,,,,,,,,,,,,,,,,,,,,,0.00,,,,,,,false,false,12,2024-04-01,2025-03-31,0
2025-01-31,59550,2025-03-31,3,,,,,,,,,,,,,,,,,,,,,,,,,,,,,1.00,,,,,,,false,true,12,2024-04-01,2025-03-31,0
2025-01-31,59550,2025-03-31,3,,,,,,,,,,,,,,,,,,,,,,,,,,,,,,,,,143611765,9205310,134406455,false,false,9,2024-04-01,2024-12-31,0
2025-01-31,59550,2024-03-31,3,,,,,,,,,,,,,,,,,,,,,,,,,,,,,,,,,,,134965521,false,false,9,2023-04-01,2023-12-31,-1
2025-05-07,59550,2025-03-31,,11802000000,-0.029,,,,,446000000,0.396,481000000,0.208,,260000000,,1.94,,0.022,0.027,0.038,,17931000000,12332000000,0.654,87.22,11723000000,1115000000,-480000000,-172000000,3435000000,,0.515,,,,,,true,false,12,2024-04-01,2025-03-31,0
2025-05-07,59550,2024-03-31,,12153000000,0.020,,,,,319000000,-0.507,398000000,-0.413,,245000000,,1.82,,0.022,0.022,0.026,,18097000000,12088000000,0.636,85.57,11501000000,956000000,-592000000,417000000,2911000000,,0.549,,,,,,true,false,12,2023-04-01,2024-03-31,-1
2025-05-07,59550,2026-03-31,,5800000000,0.002,,,,,200000000,0.093,200000000,0.077,,113000000,,0.84,,,,,,,,,,,,,,,,,,,,,,true,true,6,2025-04-01,2025-09-30,1
2025-05-07,59550,2026-03-31,,12000000000,0.017,,,,,500000000,0.120,500000000,0.039,,290000000,,2.16,,,,,,,,,,,,,,,,0.463,,,,,,true,true,12,2025-04-01,2026-03-31,1
2025-05-07,59550,2025-03-31,,1924000000,-0.444,,,,,102000000,0.261,246000000,0.114,17000000,,-0.897,0.13,,,,,,8154000000,6776000000,0.831,50.42,6776000000,,,,,1.00,,,,143611765,9205310,134406455,false,false,12,2024-04-01,2025-03-31,0
2025-05-07,59550,2024-03-31,,3458000000,0.042,,,,,81000000,-0.484,221000000,-0.253,168000000,,-0.303,1.25,,,,,,11464000000,9267000000,0.808,68.95,9267000000,,,,,1.00,,,,143611765,9205310,134831069,false,false,12,2023-04-01,2024-03-31,-1
2025-05-07,59550,2026-03-31,,,,,,,,,,,,,,,,,,,,,,,,,,,,,,1.00,,,,,,,false,true,12,2025-04-01,2026-03-31,1
