filing_date,code,fiscal_year_end,quarterly_period,net_sales,net_sales_change,revenue,revenue_change,operating_revenue,operating_revenue_change,operating_profit,operating_profit_change,ordinary_profit,ordinary_profit_change,net_income,net_income_of_parent,net_income_change,eps,diluted_eps,roe,roa,operating_profit_to_net_sales,operating_profit_to_revenue,total_assets,net_assets,equity_ratio,bps,owner_equity,operating_cash_flow,investing_cash_flow,financing_cash_flow,cash,dividend_per_share,payout_ratio,commemorative_dividend,extra_dividend,number_of_shares,number_of_treqsury_shares,avg_number_of_shares,is_consolidated,is_forecast,duration,period_start,period_end,period_pos
2015-05-11,59560,2015-03-31,,22467000000,-0.015,,,,,805000000,0.258,784000000,0.265,345000000,,0.327,33.06,,,,,,,,,,,,,,,,,,,,,,true,true,12,2014-04-01,2015-03-31,0
2015-05-11,59560,2014-03-31,,23925000000,,,,,,1032000000,,1010000000,,199000000,,,19.10,,,,,,,,,,,,,,,,,,,,,,true,false,12,2013-04-01,2014-03-31,-1
2015-05-12,59560,2015-03-31,,22467000000,-0.061,,,,,805000000,-0.220,784000000,-0.224,345000000,,0.732,32.85,,0.032,0.037,0.036,,21760000000,11504000000,0.527,1091.41,11465000000,1891000000,-531000000,-625000000,4083000000,,0.304,,,,,,true,false,12,2014-04-01,2015-03-31,0
2015-05-12,59560,2014-03-31,,23925000000,0.070,,,,,1032000000,0.172,1010000000,0.172,199000000,,-0.514,19.10,,0.020,0.050,0.043,,20611000000,10286000000,0.497,975.99,10253000000,1276000000,-687000000,-407000000,3298000000,,0.524,,,,,,true,false,12,2013-04-01,2014-03-31,-1
2015-05-12,59560,2016-03-31,,23500000000,0.046,,,,,900000000,0.118,880000000,0.122,,500000000,,47.59,,,,,,,,,,,,,,,,0.210,,,,,,true,true,12,2015-04-01,2016-03-31,1
2015-05-12,59560,2015-03-31,,21012000000,-0.072,,,,,615000000,-0.320,611000000,-0.307,171000000,,0.479,16.29,,,,,,19715000000,10231000000,0.519,973.98,10231000000,,,,,10.00,,,,11897600,1392318,10505394,false,false,12,2014-04-01,2015-03-31,0
2015-05-12,59560,2014-03-31,,22647000000,0.051,,,,,905000000,0.079,881000000,0.074,115000000,,-0.741,11.08,,,,,,19821000000,9678000000,0.488,921.29,9678000000,,,,,10.00,,,,11897600,1392143,10434778,false,false,12,2013-04-01,2014-03-31,-1
2015-05-12,59560,2016-03-31,,,,,,,,,,,,,,,,,,,,,,,,,,,,,,10.00,,,,,,,false,true,12,2015-04-01,2016-03-31,1
2015-05-12,59560,2015-03-31,,22467000000,-0.061,,,,,805000000,-0.220,784000000,-0.224,345000000,,0.732,32.85,,0.032,0.037,0.036,,21476000000,11311000000,0.525,1072.99,11272000000,1891000000,-531000000,-625000000,4083000000,,0.304,,,,,,true,false,12,2014-04-01,2015-03-31,0
2015-05-12,59560,2014-03-31,,23925000000,0.070,,,,,1032000000,0.172,1010000000,0.172,199000000,,-0.514,19.10,,0.020,0.050,0.043,,20611000000,10286000000,0.497,975.99,10253000000,1276000000,-687000000,-407000000,3298000000,,0.524,,,,,,true,false,12,2013-04-01,2014-03-31,-1
2015-05-12,59560,2016-03-31,,23500000000,0.046,,,,,900000000,0.118,880000000,0.122,,500000000,,47.59,,,,,,,,,,,,,,,,0.210,,,,,,true,true,12,2015-04-01,2016-03-31,1
2015-05-12,59560,2015-03-31,,21012000000,-0.072,,,,,615000000,-0.320,611000000,-0.307,171000000,,0.479,16.29,,,,,,19715000000,10231000000,0.519,973.98,10231000000,,,,,10.00,,,,11897600,1392318,10505394,false,false,12,2014-04-01,2015-03-31,0
2015-05-12,59560,2014-03-31,,22647000000,0.051,,,,,905000000,0.079,881000000,0.074,115000000,,-0.741,11.08,,,,,,19821000000,9678000000,0.488,921.29,9678000000,,,,,10.00,,,,11897600,1392143,10434778,false,false,12,2013-04-01,2014-03-31,-1
2015-05-12,59560,2016-03-31,,,,,,,,,,,,,,,,,,,,,,,,,,,,,,10.00,,,,,,,false,true,12,2015-04-01,2016-03-31,1
2015-07-31,59560,2016-03-31,1,4893000000,-0.079,,,,,-169000000,,-165000000,,,-105000000,,-10.08,,,,,,21444000000,11173000000,0.519,1059.86,11134000000,,,,,,,,,,,,true,false,3,2015-04-01,2015-06-30,0
2015-07-31,59560,2015-03-31,1,5310000000,0.049,,,,,0,,-6000000,,,-3000000,,-0.29,,,,,,,,,,,,,,,,,,,,,,true,false,3,2014-04-01,2014-06-30,-1
2015-07-31,59560,2016-03-31,1,23500000000,0.046,,,,,900000000,0.118,880000000,0.122,,500000000,,47.59,,,,,,,,,,,,,,,,,,,,,,true,true,12,2015-04-01,2016-03-31,0
2015-07-31,59560,2015-03-31,1,,,,,,,,,,,,,,,,,,,,21476000000,11311000000,0.525,1072.99,11272000000,,,,,,,,,,,,true,false,12,2014-04-01,2015-03-31,-1
2015-07-31,59560,2015-03-31,1,,,,,,,,,,,,,,,,,,,,,,,,,,,,,10.00,,,,11897600,1392318,,false,false,12,2014-04-01,2015-03-31,-1
2015-07-31,59560,2016-03-31,1,,,,,,,,,,,,,,,,,,,,,,,,,,,,,10.00,,,,,,,false,true,12,2015-04-01,2016-03-31,0
2015-07-31,59560,2016-03-31,1,,,,,,,,,,,,,,,,,,,,,,,,,,,,,,,,,11897600,1392355,10505273,false,false,3,2015-04-01,2015-06-30,0
2015-07-31,59560,2015-03-31,1,,,,,,,,,,,,,,,,,,,,,,,,,,,,,,,,,,,10505457,false,false,3,2014-04-01,2014-06-30,-1
2015-10-30,59560,2016-03-31,2,10366000000,-0.044,,,,,52000000,-0.766,51000000,-0.771,,-68000000,,-6.56,,,,,,21090000000,11107000000,0.525,1053.42,11066000000,,,,,,,,,,,,true,false,6,2015-04-01,2015-09-30,0
2015-10-30,59560,2015-03-31,2,10848000000,-0.016,,,,,223000000,-0.106,223000000,-0.079,,6000000,,0.60,,,,,,,,,,,,,,,,,,,,,,true,false,6,2014-04-01,2014-09-30,-1
2015-10-30,59560,2016-03-31,2,23000000000,0.024,,,,,720000000,-0.106,700000000,-0.107,,300000000,,28.56,,,,,,,,,,,,,,,,,,,,,,true,true,12,2015-04-01,2016-03-31,0
2015-10-30,59560,2015-03-31,2,,,,,,,,,,,,,,,,,,,,21476000000,11311000000,0.525,1072.99,11272000000,,,,,,,,,,,,true,false,12,2014-04-01,2015-03-31,-1
2015-10-30,59560,2015-03-31,2,,,,,,,,,,,,,,,,,,,,,,,,,,,,,10.00,,,,11897600,1392318,,false,false,12,2014-04-01,2015-03-31,-1
2015-10-30,59560,2016-03-31,2,,,,,,,,,,,,,,,,,,,,,,,,,,,,,5.00,,,,,,,false,false,12,2015-04-01,2016-03-31,0
2015-10-30,59560,2016-03-31,2,,,,,,,,,,,,,,,,,,,,,,,,,,,,,10.00,,,,,,,false,true,12,2015-04-01,2016-03-31,0
2015-10-30,59560,2016-03-31,2,,,,,,,,,,,,,,,,,,,,,,,,,,,,,,,,,11897600,1392346,10505265,false,false,6,2015-04-01,2015-09-30,0
2015-10-30,59560,2015-03-31,2,,,,,,,,,,,,,,,,,,,,,,,,,,,,,,,,,,,10505451,false,false,6,2014-04-01,2014-09-30,-1
2015-10-30,59560,2016-03-31,,23000000000,-0.021,,,,,720000000,-0.200,700000000,-0.205,,300000000,,28.56,,,,,,,,,,,,,,,,,,,,,,true,true,12,2015-04-01,2016-03-31,0
2015-10-30,59560,2015-03-31,,22467000000,,,,,,805000000,,784000000,,,345000000,,32.85,,,,,,,,,,,,,,,,,,,,,,true,false,12,2014-04-01,2015-03-31,-1
2016-01-29,59560,2016-03-31,3,15823000000,-0.022,,,,,228000000,-0.298,228000000,-0.298,,105000000,,10.09,,,,,,21117000000,11121000000,0.525,1054.77,11080000000,,,,,,,,,,,,true,false,9,2015-04-01,2015-12-31,0
2016-01-29,59560,2015-03-31,3,16186000000,-0.050,,,,,324000000,-0.403,325000000,-0.386,,57000000,,5.44,,,,,,,,,,,,,,,,,,,,,,true,false,9,2014-04-01,2014-12-31,-1
2016-01-29,59560,2016-03-31,3,23000000000,0.024,,,,,720000000,-0.106,700000000,-0.107,,300000000,,28.56,,,,,,,,,,,,,,,,,,,,,,true,true,12,2015-04-01,2016-03-31,0
2016-01-29,59560,2015-03-31,3,,,,,,,,,,,,,,,,,,,,21476000000,11311000000,0.525,1072.99,11272000000,,,,,,,,,,,,true,false,12,2014-04-01,2015-03-31,-1
2016-01-29,59560,2015-03-31,3,,,,,,,,,,,,,,,,,,,,,,,,,,,,,10.00,,,,11897600,1392318,,false,false,12,2014-04-01,2015-03-31,-1
2016-01-29,59560,2016-03-31,3,,,,,,,,,,,,,,,,,,,,,,,,,,,,,5.00,,,,,,,false,false,12,2015-04-01,2016-03-31,0
2016-01-29,59560,2016-03-31,3,,,,,,,,,,,,,,,,,,,,,,,,,,,,,10.00,,,,,,,false,true,12,2015-04-01,2016-03-31,0
2016-01-29,59560,2016-03-31,3,,,,,,,,,,,,,,,,,,,,,,,,,,,,,,,,,11897600,1392346,10505261,false,false,9,2015-04-01,2015-12-31,0
2016-01-29,59560,2015-03-31,3,,,,,,,,,,,,,,,,,,,,,,,,,,,,,,,,,,,10505427,false,false,9,2014-04-01,2014-12-31,-1
2016-05-11,59560,2016-03-31,,22112000000,-0.016,,,,,594000000,-0.245,584000000,-0.254,,312000000,,29.73,,0.028,0.028,0.027,,20893000000,10926000000,0.521,1036.23,10885000000,743000000,-752000000,-649000000,3420000000,,0.336,,,,,,true,false,12,2015-04-01,2016-03-31,0
2016-05-11,59560,2015-03-31,,22467000000,-0.061,,,,,787000000,-0.238,784000000,-0.224,,345000000,,32.85,,0.032,0.037,0.036,,21476000000,11311000000,0.525,1072.99,11272000000,1891000000,-531000000,-625000000,4083000000,,0.304,,,,,,true,false,12,2014-04-01,2015-03-31,-1
2016-05-11,59560,2017-03-31,,23000000000,0.040,,,,,900000000,0.515,880000000,0.505,,550000000,,52.35,,,,,,,,,,,,,,,,0.191,,,,,,true,true,12,2016-04-01,2017-03-31,1
2016-05-11,59560,2016-03-31,,20620000000,-0.019,,,,,516000000,-0.135,526000000,-0.138,281000000,,0.645,26.80,,,,,,19463000000,9993000000,0.513,951.31,9993000000,,,,,10.00,,,,11897600,1392346,10505260,false,false,12,2015-04-01,2016-03-31,0
2016-05-11,59560,2015-03-31,,21012000000,-0.072,,,,,597000000,-0.340,611000000,-0.307,171000000,,0.479,16.29,,,,,,19715000000,10231000000,0.519,973.98,10231000000,,,,,10.00,,,,11897600,1392318,10505394,false,false,12,2014-04-01,2015-03-31,-1
2016-05-11,59560,2017-03-31,,,,,,,,,,,,,,,,,,,,,,,,,,,,,,10.00,,,,,,,false,true,12,2016-04-01,2017-03-31,1
2016-07-29,59560,2017-03-31,1,5010000000,0.024,,,,,27000000,,17000000,,,0,,0.06,,,,,,20455000000,10518000000,0.512,997.54,10479000000,,,,,,,,,,,,true,false,3,2016-04-01,2016-06-30,0
2016-07-29,59560,2016-03-31,1,4893000000,-0.079,,,,,-169000000,,-165000000,,,-105000000,,-10.08,,,,,,,,,,,,,,,,,,,,,,true,false,3,2015-04-01,2015-06-30,-1
2016-07-29,59560,2017-03-31,1,23000000000,0.040,,,,,900000000,0.515,880000000,0.505,,550000000,,52.35,,,,,,,,,,,,,,,,,,,,,,true,true,12,2016-04-01,2017-03-31,0
2016-07-29,59560,2016-03-31,1,,,,,,,,,,,,,,,,,,,,20893000000,10926000000,0.521,1036.23,10885000000,,,,,,,,,,,,true,false,12,2015-04-01,2016-03-31,-1
2016-07-29,59560,2016-03-31,1,,,,,,,,,,,,,,,,,,,,,,,,,,,,,10.00,,,,11897600,1392346,,false,false,12,2015-04-01,2016-03-31,-1
2016-07-29,59560,2017-03-31,1,,,,,,,,,,,,,,,,,,,,,,,,,,,,,10.00,,,,,,,false,true,12,2016-04-01,2017-03-31,0
2016-07-29,59560,2017-03-31,1,,,,,,,,,,,,,,,,,,,,,,,,,,,,,,,,,11897600,1392436,10505231,false,false,3,2016-04-01,2016-06-30,0
2016-07-29,59560,2016-03-31,1,,,,,,,,,,,,,,,,,,,,,,,,,,,,,,,,,,,10505273,false,false,3,2015-04-01,2015-06-30,-1
2016-10-31,59560,2017-03-31,2,10833000000,0.045,,,,,298000000,4.687,285000000,4.577,,222000000,,21.15,,,,,,20226000000,10632000000,0.524,1008.39,10593000000,,,,,,,,,,,,true,false,6,2016-04-01,2016-09-30,0
2016-10-31,59560,2016-03-31,2,10366000000,-0.044,,,,,52000000,-0.766,51000000,-0.771,,-68000000,,-6.56,,,,,,,,,,,,,,,,,,,,,,true,false,6,2015-04-01,2015-09-30,-1
2016-10-31,59560,2017-03-31,2,23000000000,0.040,,,,,900000000,0.515,880000000,0.505,,550000000,,52.35,,,,,,,,,,,,,,,,,,,,,,true,true,12,2016-04-01,2017-03-31,0
2016-10-31,59560,2016-03-31,2,,,,,,,,,,,,,,,,,,,,20893000000,10926000000,0.521,1036.23,10885000000,,,,,,,,,,,,true,false,12,2015-04-01,2016-03-31,-1
2016-10-31,59560,2016-03-31,2,,,,,,,,,,,,,,,,,,,,,,,,,,,,,10.00,,,,11897600,1392346,,false,false,12,2015-04-01,2016-03-31,-1
2016-10-31,59560,2017-03-31,2,,,,,,,,,,,,,,,,,,,,,,,,,,,,,5.00,,,,,,,false,false,12,2016-04-01,2017-03-31,0
2016-10-31,59560,2017-03-31,2,,,,,,,,,,,,,,,,,,,,,,,,,,,,,10.00,,,,,,,false,true,12,2016-04-01,2017-03-31,0
2016-10-31,59560,2017-03-31,2,,,,,,,,,,,,,,,,,,,,,,,,,,,,,,,,,11897600,1392436,10505203,false,false,6,2016-04-01,2016-09-30,0
2016-10-31,59560,2016-03-31,2,,,,,,,,,,,,,,,,,,,,,,,,,,,,,,,,,,,10505265,false,false,6,2015-04-01,2015-09-30,-1
2017-01-31,59560,2017-03-31,3,16251000000,0.027,,,,,535000000,1.347,533000000,1.334,,380000000,,36.18,,,,,,20450000000,11204000000,0.546,1062.92,11166000000,,,,,,,,,,,,true,false,9,2016-04-01,2016-12-31,0
2017-01-31,59560,2016-03-31,3,15823000000,-0.022,,,,,228000000,-0.298,228000000,-0.298,,105000000,,10.09,,,,,,,,,,,,,,,,,,,,,,true,false,9,2015-04-01,2015-12-31,-1
2017-01-31,59560,2017-03-31,3,23000000000,0.040,,,,,900000000,0.515,880000000,0.505,,550000000,,52.35,,,,,,,,,,,,,,,,,,,,,,true,true,12,2016-04-01,2017-03-31,0
2017-01-31,59560,2016-03-31,3,,,,,,,,,,,,,,,,,,,,20893000000,10926000000,0.521,1036.23,10885000000,,,,,,,,,,,,true,false,12,2015-04-01,2016-03-31,-1
2017-01-31,59560,2016-03-31,3,,,,,,,,,,,,,,,,,,,,,,,,,,,,,10.00,,,,11897600,1392346,,false,false,12,2015-04-01,2016-03-31,-1
2017-01-31,59560,2017-03-31,3,,,,,,,,,,,,,,,,,,,,,,,,,,,,,5.00,,,,,,,false,false,12,2016-04-01,2017-03-31,0
2017-01-31,59560,2017-03-31,3,,,,,,,,,,,,,,,,,,,,,,,,,,,,,10.00,,,,,,,false,true,12,2016-04-01,2017-03-31,0
2017-01-31,59560,2017-03-31,3,,,,,,,,,,,,,,,,,,,,,,,,,,,,,,,,,11897600,1392436,10505191,false,false,9,2016-04-01,2016-12-31,0
2017-01-31,59560,2016-03-31,3,,,,,,,,,,,,,,,,,,,,,,,,,,,,,,,,,,,10505261,false,false,9,2015-04-01,2015-12-31,-1
2017-05-15,59560,2017-03-31,,22479000000,0.017,,,,,1007000000,0.695,999000000,0.710,,702000000,,67.11,,0.063,0.048,0.045,,21060000000,11447000000,0.541,1109.29,11403000000,1548000000,-477000000,-744000000,3721000000,,0.179,,,,,,true,false,12,2016-04-01,2017-03-31,0
2017-05-15,59560,2016-03-31,,22112000000,-0.016,,,,,594000000,-0.245,584000000,-0.254,,312000000,,29.73,,0.028,0.028,0.027,,20893000000,10926000000,0.521,1036.23,10885000000,743000000,-752000000,-649000000,3420000000,,0.336,,,,,,true,false,12,2015-04-01,2016-03-31,-1
2017-05-15,59560,2018-03-31,,23000000000,0.023,,,,,710000000,-0.295,700000000,-0.300,,430000000,,41.07,,,,,,,,,,,,,,,,,,,,,,true,true,12,2017-04-01,2018-03-31,1
2017-05-15,59560,2017-03-31,,21277000000,0.032,,,,,793000000,0.534,813000000,0.544,562000000,,0.996,53.68,,,,,,19779000000,10370000000,0.524,1008.78,10370000000,,,,,12.00,,5.00,2.00,11897600,1617336,10470584,false,false,12,2016-04-01,2017-03-31,0
2017-05-15,59560,2016-03-31,,20620000000,-0.019,,,,,516000000,-0.135,526000000,-0.138,281000000,,0.645,26.80,,,,,,19463000000,9993000000,0.513,951.31,9993000000,,,,,10.00,,,,11897600,1392346,10505260,false,false,12,2015-04-01,2016-03-31,-1
2017-05-15,59560,2018-03-31,,,,,,,,,,,,,,,,,,,,,,,,,,,,,,10.00,,,,,,,false,true,12,2017-04-01,2018-03-31,1
2017-07-31,59560,2018-03-31,1,5064000000,0.011,,,,,-43000000,,-40000000,,,-39000000,,-3.88,,,,,,20794000000,11330000000,0.543,1097.96,11287000000,,,,,,,,,,,,true,false,3,2017-04-01,2017-06-30,0
2017-07-31,59560,2017-03-31,1,5010000000,0.024,,,,,27000000,,17000000,,,0,,0.06,,,,,,,,,,,,,,,,,,,,,,true,false,3,2016-04-01,2016-06-30,-1
2017-07-31,59560,2018-03-31,1,23000000000,0.023,,,,,710000000,-0.295,700000000,-0.300,,430000000,,41.07,,,,,,,,,,,,,,,,,,,,,,true,true,12,2017-04-01,2018-03-31,0
2017-07-31,59560,2017-03-31,1,,,,,,,,,,,,,,,,,,,,21060000000,11447000000,0.541,1109.29,11403000000,,,,,,,,,,,,true,false,12,2016-04-01,2017-03-31,-1
2017-07-31,59560,2017-03-31,1,,,,,,,,,,,,,,,,,,,,,,,,,,,,,12.00,,,,11897600,1617336,,false,false,12,2016-04-01,2017-03-31,-1
2017-07-31,59560,2018-03-31,1,,,,,,,,,,,,,,,,,,,,,,,,,,,,,10.00,,,,,,,false,true,12,2017-04-01,2018-03-31,0
2017-07-31,59560,2018-03-31,1,,,,,,,,,,,,,,,,,,,,,,,,,,,,,,,,,11897600,1617336,10280264,false,false,3,2017-04-01,2017-06-30,0
2017-07-31,59560,2017-03-31,1,,,,,,,,,,,,,,,,,,,,,,,,,,,,,,,,,,,10505231,false,false,3,2016-04-01,2016-06-30,-1
2017-10-31,59560,2018-03-31,2,10748000000,-0.008,,,,,309000000,0.037,313000000,0.100,,189000000,,18.43,,,,,,20418000000,11601000000,0.566,1124.20,11556000000,,,,,,,,,,,,true,false,6,2017-04-01,2017-09-30,0
2017-10-31,59560,2017-03-31,2,10833000000,0.045,,,,,298000000,4.687,285000000,4.577,,222000000,,21.15,,,,,,,,,,,,,,,,,,,,,,true,false,6,2016-04-01,2016-09-30,-1
2017-10-31,59560,2018-03-31,2,23000000000,0.023,,,,,710000000,-0.295,700000000,-0.300,,430000000,,41.07,,,,,,,,,,,,,,,,,,,,,,true,true,12,2017-04-01,2018-03-31,0
2017-10-31,59560,2017-03-31,2,,,,,,,,,,,,,,,,,,,,21060000000,11447000000,0.541,1109.29,11403000000,,,,,,,,,,,,true,false,12,2016-04-01,2017-03-31,-1
2017-10-31,59560,2017-03-31,2,,,,,,,,,,,,,,,,,,,,,,,,,,,,,12.00,,,,11897600,1617336,,false,false,12,2016-04-01,2017-03-31,-1
2017-10-31,59560,2018-03-31,2,,,,,,,,,,,,,,,,,,,,,,,,,,,,,5.00,,,,,,,false,false,12,2017-04-01,2018-03-31,0
2017-10-31,59560,2018-03-31,2,,,,,,,,,,,,,,,,,,,,,,,,,,,,,10.00,,,,,,,false,true,12,2017-04-01,2018-03-31,0
2017-10-31,59560,2018-03-31,2,,,,,,,,,,,,,,,,,,,,,,,,,,,,,,,,,11897600,1617418,10280228,false,false,6,2017-04-01,2017-09-30,0
2017-10-31,59560,2017-03-31,2,,,,,,,,,,,,,,,,,,,,,,,,,,,,,,,,,,,10505203,false,false,6,2016-04-01,2016-09-30,-1
2018-01-31,59560,2018-03-31,3,16306000000,0.003,,,,,533000000,-0.004,541000000,0.016,,340000000,,35.60,,,,,,20474000000,11753000000,0.572,1138.70,11705000000,,,,,,,,,,,,true,false,9,2017-04-01,2017-12-31,0
2018-01-31,59560,2017-03-31,3,16251000000,0.027,,,,,535000000,1.347,533000000,1.334,,380000000,,36.18,,,,,,,,,,,,,,,,,,,,,,true,false,9,2016-04-01,2016-12-31,-1
2018-01-31,59560,2018-03-31,3,23000000000,0.023,,,,,710000000,-0.295,700000000,-0.300,,430000000,,41.07,,,,,,,,,,,,,,,,,,,,,,true,true,12,2017-04-01,2018-03-31,0
2018-01-31,59560,2017-03-31,3,,,,,,,,,,,,,,,,,,,,21060000000,11447000000,0.541,1109.29,11403000000,,,,,,,,,,,,true,false,12,2016-04-01,2017-03-31,-1
2018-01-31,59560,2017-03-31,3,,,,,,,,,,,,,,,,,,,,,,,,,,,,,12.00,,,,11897600,1617336,,false,false,12,2016-04-01,2017-03-31,-1
2018-01-31,59560,2018-03-31,3,,,,,,,,,,,,,,,,,,,,,,,,,,,,,5.00,,,,,,,false,false,12,2017-04-01,2018-03-31,0
2018-01-31,59560,2018-03-31,3,,,,,,,,,,,,,,,,,,,,,,,,,,,,,10.00,,,,,,,false,true,12,2017-04-01,2018-03-31,0
2018-01-31,59560,2018-03-31,3,,,,,,,,,,,,,,,,,,,,,,,,,,,,,,,,,11000000,719860,9562126,false,false,9,2017-04-01,2017-12-31,0
2018-01-31,59560,2017-03-31,3,,,,,,,,,,,,,,,,,,,,,,,,,,,,,,,,,,,10505191,false,false,9,2016-04-01,2016-12-31,-1
2018-05-11,59560,2018-03-31,,22471000000,-0.000,,,,,795000000,-0.210,806000000,-0.193,,507000000,,49.38,,0.044,0.038,0.035,,20836000000,11698000000,0.559,1133.26,11650000000,397000000,-635000000,-690000000,2780000000,,0.203,,,,,,true,false,12,2017-04-01,2018-03-31,0
2018-05-11,59560,2017-03-31,,22479000000,0.017,,,,,1007000000,0.695,999000000,0.710,,702000000,,67.11,,0.063,0.048,0.045,,21060000000,11447000000,0.541,1109.29,11403000000,1548000000,-477000000,-744000000,3721000000,,0.179,,,,,,true,false,12,2016-04-01,2017-03-31,-1
2018-05-11,59560,2019-03-31,,22800000000,0.015,,,,,720000000,-0.095,730000000,-0.095,,470000000,,45.72,,,,,,,,,,,,,,,,,,,,,,true,true,12,2018-04-01,2019-03-31,1
2018-05-11,59560,2018-03-31,,21374000000,0.005,,,,,577000000,-0.272,599000000,-0.263,377000000,,-0.329,36.68,,,,,,19649000000,10522000000,0.536,1023.57,10522000000,,,,,10.00,,,,11000000,719860,10280191,false,false,12,2017-04-01,2018-03-31,0
2018-05-11,59560,2017-03-31,,21277000000,0.032,,,,,793000000,0.534,813000000,0.544,562000000,,0.996,53.68,,,,,,19779000000,10370000000,0.524,1008.78,10370000000,,,,,12.00,,,,11897600,1617336,10470584,false,false,12,2016-04-01,2017-03-31,-1
2018-05-11,59560,2019-03-31,,,,,,,,,,,,,,,,,,,,,,,,,,,,,,10.00,,,,,,,false,true,12,2018-04-01,2019-03-31,1
2018-07-31,59560,2019-03-31,1,4962000000,-0.020,,,,,-81000000,,-72000000,,,-54000000,,-5.30,,,,,,20312000000,11644000000,0.571,1128.02,11596000000,,,,,,,,,,,,true,false,3,2018-04-01,2018-06-30,0
2018-07-31,59560,2018-03-31,1,5064000000,0.011,,,,,-43000000,,-40000000,,,-39000000,,-3.88,,,,,,,,,,,,,,,,,,,,,,true,false,3,2017-04-01,2017-06-30,-1
2018-07-31,59560,2019-03-31,1,22800000000,0.015,,,,,720000000,-0.095,730000000,-0.095,,470000000,,45.72,,,,,,,,,,,,,,,,,,,,,,true,true,12,2018-04-01,2019-03-31,0
2018-07-31,59560,2018-03-31,1,,,,,,,,,,,,,,,,,,,,20608000000,11698000000,0.565,1133.26,11650000000,,,,,,,,,,,,true,false,12,2017-04-01,2018-03-31,-1
2018-07-31,59560,2018-03-31,1,,,,,,,,,,,,,,,,,,,,,,,,,,,,,10.00,,,,11000000,719860,,false,false,12,2017-04-01,2018-03-31,-1
2018-07-31,59560,2019-03-31,1,,,,,,,,,,,,,,,,,,,,,,,,,,,,,10.00,,,,,,,false,true,12,2018-04-01,2019-03-31,0
2018-07-31,59560,2019-03-31,1,,,,,,,,,,,,,,,,,,,,,,,,,,,,,,,,,11000000,719860,10280140,false,false,3,2018-04-01,2018-06-30,0
2018-07-31,59560,2018-03-31,1,,,,,,,,,,,,,,,,,,,,,,,,,,,,,,,,,,,10280264,false,false,3,2017-04-01,2017-06-30,-1
2018-10-31,59560,2019-03-31,2,10722000000,-0.002,,,,,84000000,-0.727,106000000,-0.660,,50000000,,5.01,,,,,,20184000000,11515000000,0.568,1196.74,11464000000,,,,,,,,,,,,true,false,6,2018-04-01,2018-09-30,0
2018-10-31,59560,2018-03-31,2,10748000000,-0.008,,,,,309000000,0.037,313000000,0.100,,189000000,,18.43,,,,,,,,,,,,,,,,,,,,,,true,false,6,2017-04-01,2017-09-30,-1
2018-10-31,59560,2019-03-31,2,22800000000,0.015,,,,,720000000,-0.095,730000000,-0.095,,470000000,,45.72,,,,,,,,,,,,,,,,,,,,,,true,true,12,2018-04-01,2019-03-31,0
2018-10-31,59560,2018-03-31,2,,,,,,,,,,,,,,,,,,,,20608000000,11698000000,0.565,1133.26,11650000000,,,,,,,,,,,,true,false,12,2017-04-01,2018-03-31,-1
2018-10-31,59560,2018-03-31,2,,,,,,,,,,,,,,,,,,,,,,,,,,,,,10.00,,,,11000000,719860,,false,false,12,2017-04-01,2018-03-31,-1
2018-10-31,59560,2019-03-31,2,,,,,,,,,,,,,,,,,,,,,,,,,,,,,5.00,,,,,,,false,false,12,2018-04-01,2019-03-31,0
2018-10-31,59560,2019-03-31,2,,,,,,,,,,,,,,,,,,,,,,,,,,,,,10.00,,,,,,,false,true,12,2018-04-01,2019-03-31,0
2018-10-31,59560,2019-03-31,2,,,,,,,,,,,,,,,,,,,,,,,,,,,,,,,,,11000000,1419860,10080140,false,false,6,2018-04-01,2018-09-30,0
2018-10-31,59560,2018-03-31,2,,,,,,,,,,,,,,,,,,,,,,,,,,,,,,,,,,,10280228,false,false,6,2017-04-01,2017-09-30,-1
2019-01-31,59560,2019-03-31,3,16391000000,0.005,,,,,251000000,-0.528,266000000,-0.507,,147000000,,14.87,,,,,,19991000000,11473000000,0.571,1192.25,11421000000,,,,,,,,,,,,true,false,9,2018-04-01,2018-12-31,0
2019-01-31,59560,2018-03-31,3,16306000000,0.003,,,,,533000000,-0.004,541000000,0.016,,340000000,,35.60,,,,,,,,,,,,,,,,,,,,,,true,false,9,2017-04-01,2017-12-31,-1
2019-01-31,59560,2019-03-31,3,22800000000,0.015,,,,,720000000,-0.095,730000000,-0.095,,470000000,,45.72,,,,,,,,,,,,,,,,,,,,,,true,true,12,2018-04-01,2019-03-31,0
2019-01-31,59560,2018-03-31,3,,,,,,,,,,,,,,,,,,,,20608000000,11698000000,0.565,1133.26,11650000000,,,,,,,,,,,,true,false,12,2017-04-01,2018-03-31,-1
2019-01-31,59560,2018-03-31,3,,,,,,,,,,,,,,,,,,,,,,,,,,,,,10.00,,,,11000000,719860,,false,false,12,2017-04-01,2018-03-31,-1
2019-01-31,59560,2019-03-31,3,,,,,,,,,,,,,,,,,,,,,,,,,,,,,5.00,,,,,,,false,false,12,2018-04-01,2019-03-31,0
2019-01-31,59560,2019-03-31,3,,,,,,,,,,,,,,,,,,,,,,,,,,,,,10.00,,,,,,,false,true,12,2018-04-01,2019-03-31,0
2019-01-31,59560,2019-03-31,3,,,,,,,,,,,,,,,,,,,,,,,,,,,,,,,,,10000000,419890,9930137,false,false,9,2018-04-01,2018-12-31,0
2019-01-31,59560,2018-03-31,3,,,,,,,,,,,,,,,,,,,,,,,,,,,,,,,,,,,9562126,false,false,9,2017-04-01,2017-12-31,-1
2019-05-14,59560,2019-03-31,,22651000000,0.008,,,,,688000000,-0.135,701000000,-0.130,,445000000,,45.19,,0.038,0.034,0.030,,20434000000,11772000000,0.574,1223.39,11720000000,965000000,-649000000,-360000000,2723000000,,0.221,,,,,,true,false,12,2018-04-01,2019-03-31,0
2019-05-14,59560,2018-03-31,,22471000000,-0.000,,,,,795000000,-0.210,806000000,-0.193,,507000000,,49.38,,0.044,0.039,0.035,,20608000000,11698000000,0.565,1133.26,11650000000,397000000,-635000000,-690000000,2780000000,,0.203,,,,,,true,false,12,2017-04-01,2018-03-31,-1
2019-05-14,59560,2020-03-31,,22800000000,0.007,,,,,600000000,-0.128,610000000,-0.130,,400000000,,40.61,,,,,,,,,,,,,,,,,,,,,,true,true,12,2019-04-01,2020-03-31,1
2019-05-14,59560,2019-03-31,,21365000000,-0.000,,,,,481000000,-0.166,519000000,-0.134,319000000,,-0.152,32.47,,,,,,19299000000,10504000000,0.544,1096.50,10504000000,,,,,10.00,,,,10000000,419890,9849359,false,false,12,2018-04-01,2019-03-31,0
2019-05-14,59560,2018-03-31,,21374000000,0.005,,,,,577000000,-0.272,599000000,-0.263,377000000,,-0.329,36.68,,,,,,19649000000,10522000000,0.536,1023.57,10522000000,,,,,10.00,,,,11000000,719860,10280191,false,false,12,2017-04-01,2018-03-31,-1
2019-05-14,59560,2020-03-31,,,,,,,,,,,,,,,,,,,,,,,,,,,,,,10.00,,,,,,,false,true,12,2019-04-01,2020-03-31,1
2019-07-31,59560,2020-03-31,1,5040000000,0.016,,,,,-72000000,,-64000000,,,-17000000,,-1.83,,,,,,20458000000,11614000000,0.565,1207.00,11563000000,,,,,,,,,,,,true,false,3,2019-04-01,2019-06-30,0
2019-07-31,59560,2019-03-31,1,4962000000,-0.020,,,,,-81000000,,-72000000,,,-54000000,,-5.30,,,,,,,,,,,,,,,,,,,,,,true,false,3,2018-04-01,2018-06-30,-1
2019-07-31,59560,2020-03-31,1,22800000000,0.007,,,,,600000000,-0.128,610000000,-0.130,,400000000,,40.61,,,,,,,,,,,,,,,,,,,,,,true,true,12,2019-04-01,2020-03-31,0
2019-07-31,59560,2019-03-31,1,,,,,,,,,,,,,,,,,,,,20434000000,11772000000,0.574,1223.39,11720000000,,,,,,,,,,,,true,false,12,2018-04-01,2019-03-31,-1
2019-07-31,59560,2019-03-31,1,,,,,,,,,,,,,,,,,,,,,,,,,,,,,10.00,,,,10000000,419890,,false,false,12,2018-04-01,2019-03-31,-1
2019-07-31,59560,2020-03-31,1,,,,,,,,,,,,,,,,,,,,,,,,,,,,,10.00,,,,,,,false,true,12,2019-04-01,2020-03-31,0
2019-07-31,59560,2020-03-31,1,,,,,,,,,,,,,,,,,,,,,,,,,,,,,,,,,10000000,419890,9580110,false,false,3,2019-04-01,2019-06-30,0
2019-07-31,59560,2019-03-31,1,,,,,,,,,,,,,,,,,,,,,,,,,,,,,,,,,,,10280140,false,false,3,2018-04-01,2018-06-30,-1
2019-10-31,59560,2020-03-31,2,11100000000,0.035,,,,,349000000,3.150,359000000,2.373,,263000000,,27.47,,,,,,20425000000,11883000000,0.579,1231.73,11832000000,,,,,,,,,,,,true,false,6,2019-04-01,2019-09-30,0
2019-10-31,59560,2019-03-31,2,10722000000,-0.002,,,,,84000000,-0.727,106000000,-0.660,,50000000,,5.01,,,,,,,,,,,,,,,,,,,,,,true,false,6,2018-04-01,2018-09-30,-1
2019-10-31,59560,2020-03-31,2,22800000000,0.007,,,,,600000000,-0.128,610000000,-0.130,,400000000,,40.61,,,,,,,,,,,,,,,,,,,,,,true,true,12,2019-04-01,2020-03-31,0
2019-10-31,59560,2019-03-31,2,,,,,,,,,,,,,,,,,,,,20434000000,11772000000,0.574,1223.39,11720000000,,,,,,,,,,,,true,false,12,2018-04-01,2019-03-31,-1
2019-10-31,59560,2019-03-31,2,,,,,,,,,,,,,,,,,,,,,,,,,,,,,10.00,,,,10000000,419890,,false,false,12,2018-04-01,2019-03-31,-1
2019-10-31,59560,2020-03-31,2,,,,,,,,,,,,,,,,,,,,,,,,,,,,,5.00,,,,,,,false,false,12,2019-04-01,2020-03-31,0
2019-10-31,59560,2020-03-31,2,,,,,,,,,,,,,,,,,,,,,,,,,,,,,10.00,,,,,,,false,true,12,2019-04-01,2020-03-31,0
2019-10-31,59560,2020-03-31,2,,,,,,,,,,,,,,,,,,,,,,,,,,,,,,,,,10000000,393226,9591537,false,false,6,2019-04-01,2019-09-30,0
2019-10-31,59560,2019-03-31,2,,,,,,,,,,,,,,,,,,,,,,,,,,,,,,,,,,,10080140,false,false,6,2018-04-01,2018-09-30,-1
2020-01-31,59560,2020-03-31,3,16570000000,0.011,,,,,602000000,1.395,619000000,1.323,,424000000,,44.89,,,,,,20544000000,11719000000,0.568,1310.32,11668000000,,,,,,,,,,,,true,false,9,2019-04-01,2019-12-31,0
2020-01-31,59560,2019-03-31,3,16391000000,0.005,,,,,251000000,-0.528,266000000,-0.507,,147000000,,14.87,,,,,,,,,,,,,,,,,,,,,,true,false,9,2018-04-01,2018-12-31,-1
2020-01-31,59560,2020-03-31,3,22800000000,0.007,,,,,600000000,-0.128,610000000,-0.130,,400000000,,40.61,,,,,,,,,,,,,,,,,,,,,,true,true,12,2019-04-01,2020-03-31,0
2020-01-31,59560,2019-03-31,3,,,,,,,,,,,,,,,,,,,,20434000000,11772000000,0.574,1223.39,11720000000,,,,,,,,,,,,true,false,12,2018-04-01,2019-03-31,-1
2020-01-31,59560,2019-03-31,3,,,,,,,,,,,,,,,,,,,,,,,,,,,,,10.00,,,,10000000,419890,,false,false,12,2018-04-01,2019-03-31,-1
2020-01-31,59560,2020-03-31,3,,,,,,,,,,,,,,,,,,,,,,,,,,,,,5.00,,,,,,,false,false,12,2019-04-01,2020-03-31,0
2020-01-31,59560,2020-03-31,3,,,,,,,,,,,,,,,,,,,,,,,,,,,,,10.00,,,,,,,false,true,12,2019-04-01,2020-03-31,0
2020-01-31,59560,2020-03-31,3,,,,,,,,,,,,,,,,,,,,,,,,,,,,,,,,,10000000,1094826,9455788,false,false,9,2019-04-01,2019-12-31,0
2020-01-31,59560,2019-03-31,3,,,,,,,,,,,,,,,,,,,,,,,,,,,,,,,,,,,9930137,false,false,9,2018-04-01,2018-12-31,-1
2020-05-13,59560,2020-03-31,,22687000000,-0.005,,,,,900000000,0.500,884000000,0.449,,583000000,,62.50,,,,,,,,,,,,,,,,,,,,,,true,true,12,2019-04-01,2020-03-31,0
2020-05-13,59560,2019-03-31,,22651000000,,,,,,688000000,,701000000,,,445000000,,45.19,,,,,,,,,,,,,,,,,,,,,,true,false,12,2018-04-01,2019-03-31,-1
2020-05-14,59560,2020-03-31,,22687000000,0.002,,,,,900000000,0.309,884000000,0.261,,583000000,,62.50,,0.050,0.043,0.040,,20785000000,11782000000,0.564,1317.05,11728000000,1956000000,-476000000,-576000000,3621000000,,0.160,,,,,,true,false,12,2019-04-01,2020-03-31,0
2020-05-14,59560,2019-03-31,,22651000000,0.008,,,,,688000000,-0.135,701000000,-0.130,,445000000,,45.19,,0.038,0.034,0.030,,20434000000,11772000000,0.574,1223.39,11720000000,959000000,-649000000,-360000000,2717000000,,0.221,,,,,,true,false,12,2018-04-01,2019-03-31,-1
2020-05-14,59560,2021-03-31,,22000000000,-0.030,,,,,700000000,-0.223,710000000,-0.197,,470000000,,50.38,,,,,,,,,,,,,,,,,,,,,,true,true,12,2020-04-01,2021-03-31,1
2020-05-14,59560,2020-03-31,,21560000000,0.009,,,,,741000000,0.540,741000000,0.428,499000000,,0.562,53.55,,,,,,19831000000,10546000000,0.532,1184.26,10546000000,,,,,10.00,,,,10000000,1094826,9328723,false,false,12,2019-04-01,2020-03-31,0
2020-05-14,59560,2019-03-31,,21365000000,-0.000,,,,,481000000,-0.166,519000000,-0.134,319000000,,-0.152,32.47,,,,,,19299000000,10504000000,0.544,1096.50,10504000000,,,,,10.00,,,,10000000,419890,9849359,false,false,12,2018-04-01,2019-03-31,-1
2020-05-14,59560,2021-03-31,,,,,,,,,,,,,,,,,,,,,,,,,,,,,,10.00,,,,,,,false,true,12,2020-04-01,2021-03-31,1
2020-05-14,59560,2020-03-31,,22687000000,0.002,,,,,900000000,0.309,884000000,0.261,,583000000,,62.50,,0.050,0.043,0.040,,20785000000,11782000000,0.564,1317.05,11728000000,1973000000,-474000000,-576000000,3640000000,,0.160,,,,,,true,false,12,2019-04-01,2020-03-31,0
2020-05-14,59560,2019-03-31,,22651000000,0.008,,,,,688000000,-0.135,701000000,-0.130,,445000000,,45.19,,0.038,0.034,0.030,,20434000000,11772000000,0.574,1223.39,11720000000,965000000,-649000000,-360000000,2723000000,,0.221,,,,,,true,false,12,2018-04-01,2019-03-31,-1
2020-05-14,59560,2021-03-31,,22000000000,-0.030,,,,,700000000,-0.223,710000000,-0.197,,470000000,,50.38,,,,,,,,,,,,,,,,,,,,,,true,true,12,2020-04-01,2021-03-31,1
2020-05-14,59560,2020-03-31,,21560000000,0.009,,,,,741000000,0.540,741000000,0.428,499000000,,0.562,53.55,,,,,,19831000000,10546000000,0.532,1184.26,10546000000,,,,,10.00,,,,10000000,1094826,9328723,false,false,12,2019-04-01,2020-03-31,0
2020-05-14,59560,2019-03-31,,21365000000,-0.000,,,,,481000000,-0.166,519000000,-0.134,319000000,,-0.152,32.47,,,,,,19299000000,10504000000,0.544,1096.50,10504000000,,,,,10.00,,,,10000000,419890,9849359,false,false,12,2018-04-01,2019-03-31,-1
2020-05-14,59560,2021-03-31,,,,,,,,,,,,,,,,,,,,,,,,,,,,,,10.00,,,,,,,false,true,12,2020-04-01,2021-03-31,1
2020-07-31,59560,2021-03-31,1,4780000000,-0.052,,,,,155000000,,164000000,,,101000000,,11.45,,,,,,20207000000,11858000000,0.584,1325.41,11803000000,,,,,,,,,,,,true,false,3,2020-04-01,2020-06-30,0
2020-07-31,59560,2020-03-31,1,5040000000,0.016,,,,,-72000000,,-64000000,,,-17000000,,-1.83,,,,,,,,,,,,,,,,,,,,,,true,false,3,2019-04-01,2019-06-30,-1
2020-07-31,59560,2021-03-31,1,22000000000,-0.030,,,,,700000000,-0.223,710000000,-0.197,,470000000,,50.38,,,,,,,,,,,,,,,,,,,,,,true,true,12,2020-04-01,2021-03-31,0
2020-07-31,59560,2020-03-31,1,,,,,,,,,,,,,,,,,,,,20785000000,11782000000,0.564,1317.05,11728000000,,,,,,,,,,,,true,false,12,2019-04-01,2020-03-31,-1
2020-07-31,59560,2020-03-31,1,,,,,,,,,,,,,,,,,,,,,,,,,,,,,10.00,,,,10000000,1094826,,false,false,12,2019-04-01,2020-03-31,-1
2020-07-31,59560,2021-03-31,1,,,,,,,,,,,,,,,,,,,,,,,,,,,,,10.00,,,,,,,false,true,12,2020-04-01,2021-03-31,0
2020-07-31,59560,2021-03-31,1,,,,,,,,,,,,,,,,,,,,,,,,,,,,,,,,,10000000,1094826,8905174,false,false,3,2020-04-01,2020-06-30,0
2020-07-31,59560,2020-03-31,1,,,,,,,,,,,,,,,,,,,,,,,,,,,,,,,,,,,9580110,false,false,3,2019-04-01,2019-06-30,-1
2020-10-29,59560,2021-03-31,2,10048000000,-0.095,,,,,317000000,-0.092,334000000,-0.071,,212000000,,23.87,,,,,,19869000000,11910000000,0.597,1327.27,11854000000,,,,,,,,,,,,true,false,6,2020-04-01,2020-09-30,0
2020-10-29,59560,2020-03-31,2,11100000000,0.035,,,,,349000000,3.150,359000000,2.373,,263000000,,27.47,,,,,,,,,,,,,,,,,,,,,,true,false,6,2019-04-01,2019-09-30,-1
2020-10-29,59560,2021-03-31,2,22000000000,-0.030,,,,,700000000,-0.223,710000000,-0.197,,470000000,,50.38,,,,,,,,,,,,,,,,,,,,,,true,true,12,2020-04-01,2021-03-31,0
2020-10-29,59560,2020-03-31,2,,,,,,,,,,,,,,,,,,,,20785000000,11782000000,0.564,1317.05,11728000000,,,,,,,,,,,,true,false,12,2019-04-01,2020-03-31,-1
2020-10-29,59560,2020-03-31,2,,,,,,,,,,,,,,,,,,,,,,,,,,,,,10.00,,,,10000000,1094826,,false,false,12,2019-04-01,2020-03-31,-1
2020-10-29,59560,2021-03-31,2,,,,,,,,,,,,,,,,,,,,,,,,,,,,,5.00,,,,,,,false,false,12,2020-04-01,2021-03-31,0
2020-10-29,59560,2021-03-31,2,,,,,,,,,,,,,,,,,,,,,,,,,,,,,10.00,,,,,,,false,true,12,2020-04-01,2021-03-31,0
2020-10-29,59560,2021-03-31,2,,,,,,,,,,,,,,,,,,,,,,,,,,,,,,,,,10000000,1068423,8916489,false,false,6,2020-04-01,2020-09-30,0
2020-10-29,59560,2020-03-31,2,,,,,,,,,,,,,,,,,,,,,,,,,,,,,,,,,,,9591537,false,false,6,2019-04-01,2019-09-30,-1
2021-02-03,59560,2021-03-31,3,15541000000,-0.062,,,,,762000000,0.265,786000000,0.269,,522000000,,58.55,,,,,,20107000000,12098000000,0.599,1348.33,12042000000,,,,,,,,,,,,true,false,9,2020-04-01,2020-12-31,0
2021-02-03,59560,2020-03-31,3,16570000000,0.011,,,,,602000000,1.395,619000000,1.323,,424000000,,44.89,,,,,,,,,,,,,,,,,,,,,,true,false,9,2019-04-01,2019-12-31,-1
2021-02-03,59560,2021-03-31,3,22000000000,-0.030,,,,,700000000,-0.223,710000000,-0.197,,470000000,,50.38,,,,,,,,,,,,,,,,,,,,,,true,true,12,2020-04-01,2021-03-31,0
2021-02-03,59560,2020-03-31,3,,,,,,,,,,,,,,,,,,,,20785000000,11782000000,0.564,1317.05,11728000000,,,,,,,,,,,,true,false,12,2019-04-01,2020-03-31,-1
2021-02-03,59560,2020-03-31,3,,,,,,,,,,,,,,,,,,,,,,,,,,,,,10.00,,,,10000000,1094826,,false,false,12,2019-04-01,2020-03-31,-1
2021-02-03,59560,2021-03-31,3,,,,,,,,,,,,,,,,,,,,,,,,,,,,,5.00,,,,,,,false,false,12,2020-04-01,2021-03-31,0
2021-02-03,59560,2021-03-31,3,,,,,,,,,,,,,,,,,,,,,,,,,,,,,10.00,,,,,,,false,true,12,2020-04-01,2021-03-31,0
2021-02-03,59560,2021-03-31,3,,,,,,,,,,,,,,,,,,,,,,,,,,,,,,,,,10000000,1068423,8921015,false,false,9,2020-04-01,2020-12-31,0
2021-02-03,59560,2020-03-31,3,,,,,,,,,,,,,,,,,,,,,,,,,,,,,,,,,,,9455788,false,false,9,2019-04-01,2019-12-31,-1
2021-05-12,59560,2021-03-31,,21421000000,-0.026,,,,,1097000000,0.567,1140000000,0.606,,750000000,,75.52,,,,,,,,,,,,,,,,,,,,,,true,true,12,2020-04-01,2021-03-31,0
2021-05-12,59560,2020-03-31,,22687000000,,,,,,900000000,,884000000,,,583000000,,62.50,,,,,,,,,,,,,,,,,,,,,,true,false,12,2019-04-01,2020-03-31,-1
2021-05-13,59560,2021-03-31,,21421000000,-0.056,,,,,1097000000,0.219,1140000000,0.290,,750000000,,84.15,,0.062,0.055,0.051,,20707000000,12659000000,0.609,1411.12,12603000000,1326000000,-472000000,-646000000,3819000000,,0.119,,,,,,true,false,12,2020-04-01,2021-03-31,0
2021-05-13,59560,2020-03-31,,22687000000,0.002,,,,,900000000,0.309,884000000,0.261,,583000000,,62.50,,0.050,0.043,0.040,,20785000000,11782000000,0.564,1317.05,11728000000,1973000000,-474000000,-576000000,3640000000,,0.160,,,,,,true,false,12,2019-04-01,2020-03-31,-1
2021-05-13,59560,2022-03-31,,21700000000,,,,,,720000000,,730000000,,,470000000,,52.67,,,,,,,,,,,,,,,,,,,,,,true,true,12,2021-04-01,2022-03-31,1
2021-05-13,59560,2021-03-31,,20344000000,-0.056,,,,,952000000,0.284,983000000,0.328,649000000,,0.301,72.84,,,,,,19198000000,11262000000,0.587,1260.94,11262000000,,,,,10.00,,,,10000000,1068448,8923451,false,false,12,2020-04-01,2021-03-31,0
2021-05-13,59560,2020-03-31,,21560000000,0.009,,,,,741000000,0.540,741000000,0.428,499000000,,0.562,53.55,,,,,,19831000000,10546000000,0.532,1184.26,10546000000,,,,,10.00,,,,10000000,1094826,9328723,false,false,12,2019-04-01,2020-03-31,-1
2021-05-13,59560,2022-03-31,,,,,,,,,,,,,,,,,,,,,,,,,,,,,,10.00,,,,,,,false,true,12,2021-04-01,2022-03-31,1
2021-08-02,59560,2022-03-31,1,4844000000,0.013,,,,,90000000,-0.422,105000000,-0.360,,61000000,,6.86,,,,,,20404000000,12700000000,0.620,1415.76,12643000000,,,,,,,,,,,,true,false,3,2021-04-01,2021-06-30,0
2021-08-02,59560,2021-03-31,1,4780000000,-0.052,,,,,155000000,,164000000,,,101000000,,11.45,,,,,,,,,,,,,,,,,,,,,,true,false,3,2020-04-01,2020-06-30,-1
2021-08-02,59560,2022-03-31,1,21700000000,,,,,,720000000,,730000000,,,470000000,,52.67,,,,,,,,,,,,,,,,,,,,,,true,true,12,2021-04-01,2022-03-31,0
2021-08-02,59560,2021-03-31,1,,,,,,,,,,,,,,,,,,,,20707000000,12659000000,0.609,1411.12,12603000000,,,,,,,,,,,,true,false,12,2020-04-01,2021-03-31,-1
2021-08-02,59560,2021-03-31,1,,,,,,,,,,,,,,,,,,,,,,,,,,,,,10.00,,,,10000000,1068448,,false,false,12,2020-04-01,2021-03-31,-1
2021-08-02,59560,2022-03-31,1,,,,,,,,,,,,,,,,,,,,,,,,,,,,,10.00,,,,,,,false,true,12,2021-04-01,2022-03-31,0
2021-08-02,59560,2022-03-31,1,,,,,,,,,,,,,,,,,,,,,,,,,,,,,,,,,10000000,1069151,8931024,false,false,3,2021-04-01,2021-06-30,0
2021-08-02,59560,2021-03-31,1,,,,,,,,,,,,,,,,,,,,,,,,,,,,,,,,,,,8905174,false,false,3,2020-04-01,2020-06-30,-1
2021-11-01,59560,2022-03-31,2,9947000000,-0.010,,,,,235000000,-0.259,255000000,-0.235,,155000000,,17.42,,,,,,20022000000,12839000000,0.638,1427.68,12781000000,,,,,,,,,,,,true,false,6,2021-04-01,2021-09-30,0
2021-11-01,59560,2021-03-31,2,10048000000,-0.095,,,,,317000000,-0.092,334000000,-0.071,,212000000,,23.87,,,,,,,,,,,,,,,,,,,,,,true,false,6,2020-04-01,2020-09-30,-1
2021-11-01,59560,2022-03-31,2,21700000000,,,,,,720000000,,730000000,,,470000000,,52.67,,,,,,,,,,,,,,,,,,,,,,true,true,12,2021-04-01,2022-03-31,0
2021-11-01,59560,2021-03-31,2,,,,,,,,,,,,,,,,,,,,20707000000,12659000000,0.609,1411.12,12603000000,,,,,,,,,,,,true,false,12,2020-04-01,2021-03-31,-1
2021-11-01,59560,2021-03-31,2,,,,,,,,,,,,,,,,,,,,,,,,,,,,,10.00,,,,10000000,1068448,,false,false,12,2020-04-01,2021-03-31,-1
2021-11-01,59560,2022-03-31,2,,,,,,,,,,,,,,,,,,,,,,,,,,,,,5.00,,,,,,,false,false,12,2021-04-01,2022-03-31,0
2021-11-01,59560,2022-03-31,2,,,,,,,,,,,,,,,,,,,,,,,,,,,,,10.00,,,,,,,false,true,12,2021-04-01,2022-03-31,0
2021-11-01,59560,2022-03-31,2,,,,,,,,,,,,,,,,,,,,,,,,,,,,,,,,,10000000,1047098,8940400,false,false,6,2021-04-01,2021-09-30,0
2021-11-01,59560,2021-03-31,2,,,,,,,,,,,,,,,,,,,,,,,,,,,,,,,,,,,8916489,false,false,6,2020-04-01,2020-09-30,-1
2022-02-03,59560,2022-03-31,3,15288000000,-0.016,,,,,582000000,-0.236,617000000,-0.215,,391000000,,43.78,,,,,,20196000000,13026000000,0.642,1448.43,12967000000,,,,,,,,,,,,true,false,9,2021-04-01,2021-12-31,0
2022-02-03,59560,2021-03-31,3,15541000000,-0.062,,,,,762000000,0.265,786000000,0.269,,522000000,,58.55,,,,,,,,,,,,,,,,,,,,,,true,false,9,2020-04-01,2020-12-31,-1
2022-02-03,59560,2022-03-31,3,21700000000,,,,,,720000000,,730000000,,,470000000,,52.67,,,,,,,,,,,,,,,,,,,,,,true,true,12,2021-04-01,2022-03-31,0
2022-02-03,59560,2021-03-31,3,,,,,,,,,,,,,,,,,,,,20707000000,12659000000,0.609,1411.12,12603000000,,,,,,,,,,,,true,false,12,2020-04-01,2021-03-31,-1
2022-02-03,59560,2021-03-31,3,,,,,,,,,,,,,,,,,,,,,,,,,,,,,10.00,,,,10000000,1068448,,false,false,12,2020-04-01,2021-03-31,-1
2022-02-03,59560,2022-03-31,3,,,,,,,,,,,,,,,,,,,,,,,,,,,,,5.00,,,,,,,false,false,12,2021-04-01,2022-03-31,0
2022-02-03,59560,2022-03-31,3,,,,,,,,,,,,,,,,,,,,,,,,,,,,,10.00,,,,,,,false,true,12,2021-04-01,2022-03-31,0
2022-02-03,59560,2022-03-31,3,,,,,,,,,,,,,,,,,,,,,,,,,,,,,,,,,10000000,1047098,8944151,false,false,9,2021-04-01,2021-12-31,0
2022-02-03,59560,2021-03-31,3,,,,,,,,,,,,,,,,,,,,,,,,,,,,,,,,,,,8921015,false,false,9,2020-04-01,2020-12-31,-1
2022-05-12,59560,2022-03-31,,20861000000,-0.026,,,,,785000000,-0.285,825000000,-0.277,,531000000,,59.44,,0.041,0.040,0.038,,20502000000,13278000000,0.645,1476.41,13218000000,1332000000,-564000000,-839000000,3813000000,,0.168,,,,,,true,false,12,2021-04-01,2022-03-31,0
2022-05-12,59560,2021-03-31,,21421000000,-0.056,,,,,1097000000,0.219,1140000000,0.290,,750000000,,84.15,,0.062,0.055,0.051,,20707000000,12659000000,0.609,1411.12,12603000000,1326000000,-472000000,-646000000,3819000000,,0.119,,,,,,true,false,12,2020-04-01,2021-03-31,-1
2022-05-12,59560,2023-03-31,,21500000000,0.031,,,,,600000000,-0.236,630000000,-0.236,,420000000,,46.95,,,,,,,,,,,,,,,,,,,,,,true,true,12,2022-04-01,2023-03-31,1
2022-05-12,59560,2022-03-31,,19658000000,-0.034,,,,,698000000,-0.267,746000000,-0.241,796000000,,0.226,89.07,,,,,,19202000000,12065000000,0.628,1347.62,12065000000,,,,,10.00,,,,10000000,1047098,8946170,false,false,12,2021-04-01,2022-03-31,0
2022-05-12,59560,2021-03-31,,20344000000,-0.056,,,,,952000000,0.284,983000000,0.328,649000000,,0.301,72.84,,,,,,19198000000,11262000000,0.587,1260.94,11262000000,,,,,10.00,,,,10000000,1068448,8923451,false,false,12,2020-04-01,2021-03-31,-1
2022-05-12,59560,2023-03-31,,,,,,,,,,,,,,,,,,,,,,,,,,,,,,10.00,,,,,,,false,true,12,2022-04-01,2023-03-31,1
2022-08-01,59560,2023-03-31,1,4846000000,0.000,,,,,43000000,-0.516,65000000,-0.377,,27000000,,3.03,,,,,,20855000000,13484000000,0.643,1499.10,13420000000,,,,,,,,,,,,true,false,3,2022-04-01,2022-06-30,0
2022-08-01,59560,2022-03-31,1,4844000000,0.013,,,,,90000000,-0.422,105000000,-0.360,,61000000,,6.86,,,,,,,,,,,,,,,,,,,,,,true,false,3,2021-04-01,2021-06-30,-1
2022-08-01,59560,2023-03-31,1,21500000000,0.031,,,,,600000000,-0.236,630000000,-0.236,,420000000,,46.95,,,,,,,,,,,,,,,,,,,,,,true,true,12,2022-04-01,2023-03-31,0
2022-08-01,59560,2022-03-31,1,,,,,,,,,,,,,,,,,,,,20502000000,13278000000,0.645,1476.41,13218000000,,,,,,,,,,,,true,false,12,2021-04-01,2022-03-31,-1
2022-08-01,59560,2022-03-31,1,,,,,,,,,,,,,,,,,,,,,,,,,,,,,10.00,,,,10000000,1047098,,false,false,12,2021-04-01,2022-03-31,-1
2022-08-01,59560,2023-03-31,1,,,,,,,,,,,,,,,,,,,,,,,,,,,,,10.00,,,,,,,false,true,12,2022-04-01,2023-03-31,0
2022-08-01,59560,2023-03-31,1,,,,,,,,,,,,,,,,,,,,,,,,,,,,,,,,,10000000,1047752,8952411,false,false,3,2022-04-01,2022-06-30,0
2022-08-01,59560,2022-03-31,1,,,,,,,,,,,,,,,,,,,,,,,,,,,,,,,,,,,8931024,false,false,3,2021-04-01,2021-06-30,-1
2022-11-01,59560,2023-03-31,2,10165000000,0.022,,,,,168000000,-0.286,199000000,-0.220,,104000000,,11.71,,,,,,20731000000,13809000000,0.663,,13740000000,,,,,,,,,,,,true,false,6,2022-04-01,2022-09-30,0
2022-11-01,59560,2022-03-31,2,9947000000,-0.010,,,,,235000000,-0.259,255000000,-0.235,,155000000,,17.42,,,,,,,,,,,,,,,,,,,,,,true,false,6,2021-04-01,2021-09-30,-1
2022-11-01,59560,2023-03-31,2,21500000000,0.031,,,,,600000000,-0.236,630000000,-0.236,,420000000,,46.95,,,,,,,,,,,,,,,,,,,,,,true,true,12,2022-04-01,2023-03-31,0
2022-11-01,59560,2022-03-31,2,,,,,,,,,,,,,,,,,,,,20502000000,13278000000,0.645,,13218000000,,,,,,,,,,,,true,false,12,2021-04-01,2022-03-31,-1
2022-11-01,59560,2022-03-31,2,,,,,,,,,,,,,,,,,,,,,,,,,,,,,10.00,,,,10000000,1047098,,false,false,12,2021-04-01,2022-03-31,-1
2022-11-01,59560,2023-03-31,2,,,,,,,,,,,,,,,,,,,,,,,,,,,,,5.00,,,,,,,false,false,12,2022-04-01,2023-03-31,0
2022-11-01,59560,2023-03-31,2,,,,,,,,,,,,,,,,,,,,,,,,,,,,,10.00,,,,,,,false,true,12,2022-04-01,2023-03-31,0
2022-11-01,59560,2023-03-31,2,,,,,,,,,,,,,,,,,,,,,,,,,,,,,,,,,10000000,1023258,8962838,false,false,6,2022-04-01,2022-09-30,0
2022-11-01,59560,2022-03-31,2,,,,,,,,,,,,,,,,,,,,,,,,,,,,,,,,,,,8940400,false,false,6,2021-04-01,2021-09-30,-1
2023-02-03,59560,2023-03-31,3,15528000000,0.016,,,,,369000000,-0.365,407000000,-0.340,,241000000,,26.88,,,,,,20679000000,13721000000,0.660,,13649000000,,,,,,,,,,,,true,false,9,2022-04-01,2022-12-31,0
2023-02-03,59560,2022-03-31,3,15288000000,-0.016,,,,,582000000,-0.236,617000000,-0.215,,391000000,,43.78,,,,,,,,,,,,,,,,,,,,,,true,false,9,2021-04-01,2021-12-31,-1
2023-02-03,59560,2023-03-31,3,21500000000,0.031,,,,,600000000,-0.236,630000000,-0.236,,420000000,,46.95,,,,,,,,,,,,,,,,,,,,,,true,true,12,2022-04-01,2023-03-31,0
2023-02-03,59560,2022-03-31,3,,,,,,,,,,,,,,,,,,,,20502000000,13278000000,0.645,,13218000000,,,,,,,,,,,,true,false,12,2021-04-01,2022-03-31,-1
2023-02-03,59560,2022-03-31,3,,,,,,,,,,,,,,,,,,,,,,,,,,,,,10.00,,,,10000000,1047098,,false,false,12,2021-04-01,2022-03-31,-1
2023-02-03,59560,2023-03-31,3,,,,,,,,,,,,,,,,,,,,,,,,,,,,,5.00,,,,,,,false,false,12,2022-04-01,2023-03-31,0
2023-02-03,59560,2023-03-31,3,,,,,,,,,,,,,,,,,,,,,,,,,,,,,10.00,,,,,,,false,true,12,2022-04-01,2023-03-31,0
2023-02-03,59560,2023-03-31,3,,,,,,,,,,,,,,,,,,,,,,,,,,,,,,,,,10000000,1023332,8966987,false,false,9,2022-04-01,2022-12-31,0
2023-02-03,59560,2022-03-31,3,,,,,,,,,,,,,,,,,,,,,,,,,,,,,,,,,,,8944151,false,false,9,2021-04-01,2021-12-31,-1
2023-05-10,59560,2023-03-31,,21298000000,0.021,,,,,719000000,-0.083,752000000,-0.088,,367000000,,40.92,,0.027,0.037,0.034,,20469000000,13613000000,0.662,1508.92,13545000000,606000000,-581000000,-653000000,3275000000,,0.244,,,,,,true,false,12,2022-04-01,2023-03-31,0
2023-05-10,59560,2022-03-31,,20861000000,-0.026,,,,,785000000,-0.285,825000000,-0.277,,531000000,,59.44,,0.041,0.040,0.038,,20502000000,13278000000,0.645,1476.41,13218000000,1332000000,-564000000,-839000000,3813000000,,0.168,,,,,,true,false,12,2021-04-01,2022-03-31,-1
2023-05-10,59560,2024-03-31,,21800000000,0.024,,,,,550000000,-0.236,580000000,-0.229,,350000000,,39.12,,,,,,,,,,,,,,,,,,,,,,true,true,12,2023-04-01,2024-03-31,1
2023-05-10,59560,2023-03-31,,19812000000,0.008,,,,,547000000,-0.216,597000000,-0.199,369000000,,-0.537,41.14,,,,,,18989000000,12353000000,0.651,1376.13,12353000000,,,,,10.00,,,,10000000,1023332,8969221,false,false,12,2022-04-01,2023-03-31,0
2023-05-10,59560,2022-03-31,,19658000000,-0.034,,,,,698000000,-0.267,746000000,-0.241,796000000,,0.226,89.07,,,,,,19202000000,12065000000,0.628,1347.62,12065000000,,,,,10.00,,,,10000000,1047098,8946170,false,false,12,2021-04-01,2022-03-31,-1
2023-05-10,59560,2024-03-31,,,,,,,,,,,,,,,,,,,,,,,,,,,,,,10.00,,,,,,,false,true,12,2023-04-01,2024-03-31,1
2023-08-01,59560,2024-03-31,1,4854000000,0.001,,,,,-98000000,,-63000000,,,-66000000,,-7.35,,,,,,20693000000,13721000000,0.660,,13653000000,,,,,,,,,,,,true,false,3,2023-04-01,2023-06-30,0
2023-08-01,59560,2023-03-31,1,4848000000,,,,,,45000000,,65000000,,,27000000,,3.03,,,,,,,,,,,,,,,,,,,,,,true,false,3,2022-04-01,2022-06-30,-1
2023-08-01,59560,2024-03-31,1,21800000000,0.024,,,,,550000000,-0.236,580000000,-0.229,,350000000,,39.12,,,,,,,,,,,,,,,,,,,,,,true,true,12,2023-04-01,2024-03-31,0
2023-08-01,59560,2023-03-31,1,,,,,,,,,,,,,,,,,,,,20469000000,13613000000,0.662,,13545000000,,,,,,,,,,,,true,false,12,2022-04-01,2023-03-31,-1
2023-08-01,59560,2023-03-31,1,,,,,,,,,,,,,,,,,,,,,,,,,,,,,10.00,,,,10000000,1023332,,false,false,12,2022-04-01,2023-03-31,-1
2023-08-01,59560,2024-03-31,1,,,,,,,,,,,,,,,,,,,,,,,,,,,,,10.00,,,,,,,false,true,12,2023-04-01,2024-03-31,0
2023-08-01,59560,2024-03-31,1,,,,,,,,,,,,,,,,,,,,,,,,,,,,,,,,,10000000,1023332,8976668,false,false,3,2023-04-01,2023-06-30,0
2023-08-01,59560,2023-03-31,1,,,,,,,,,,,,,,,,,,,,,,,,,,,,,,,,,,,8952411,false,false,3,2022-04-01,2022-06-30,-1
2023-10-31,59560,2024-03-31,2,10305000000,0.013,,,,,46000000,-0.731,89000000,-0.553,,27000000,,3.05,,,,,,20898000000,14014000000,0.667,,13941000000,,,,,,,,,,,,true,false,6,2023-04-01,2023-09-30,0
2023-10-31,59560,2023-03-31,2,10169000000,0.022,,,,,171000000,-0.272,199000000,-0.220,,104000000,,11.71,,,,,,,,,,,,,,,,,,,,,,true,false,6,2022-04-01,2022-09-30,-1
2023-10-31,59560,2024-03-31,2,21800000000,0.023,,,,,550000000,-0.243,580000000,-0.229,,350000000,,39.12,,,,,,,,,,,,,,,,,,,,,,true,true,12,2023-04-01,2024-03-31,0
2023-10-31,59560,2023-03-31,2,,,,,,,,,,,,,,,,,,,,20469000000,13613000000,0.662,,13545000000,,,,,,,,,,,,true,false,12,2022-04-01,2023-03-31,-1
2023-10-31,59560,2023-03-31,2,,,,,,,,,,,,,,,,,,,,,,,,,,,,,10.00,,,,10000000,1023332,,false,false,12,2022-04-01,2023-03-31,-1
2023-10-31,59560,2024-03-31,2,,,,,,,,,,,,,,,,,,,,,,,,,,,,,5.00,,,,,,,false,false,12,2023-04-01,2024-03-31,0
2023-10-31,59560,2024-03-31,2,,,,,,,,,,,,,,,,,,,,,,,,,,,,,10.00,,,,,,,false,true,12,2023-04-01,2024-03-31,0
2023-10-31,59560,2024-03-31,2,,,,,,,,,,,,,,,,,,,,,,,,,,,,,,,,,10000000,1001279,8986119,false,false,6,2023-04-01,2023-09-30,0
2023-10-31,59560,2023-03-31,2,,,,,,,,,,,,,,,,,,,,,,,,,,,,,,,,,,,8962838,false,false,6,2022-04-01,2022-09-30,-1
2024-02-05,59560,2024-03-31,3,15831000000,0.019,,,,,245000000,-0.345,296000000,-0.272,,155000000,,17.27,,,,,,20993000000,13952000000,0.661,,13877000000,,,,,,,,,,,,true,false,9,2023-04-01,2023-12-31,0
2024-02-05,59560,2023-03-31,3,15533000000,0.016,,,,,374000000,-0.356,407000000,-0.340,,241000000,,26.88,,,,,,,,,,,,,,,,,,,,,,true,false,9,2022-04-01,2022-12-31,-1
2024-02-05,59560,2024-03-31,3,21800000000,0.023,,,,,550000000,-0.243,580000000,-0.229,,350000000,,39.12,,,,,,,,,,,,,,,,,,,,,,true,true,12,2023-04-01,2024-03-31,0
2024-02-05,59560,2023-03-31,3,,,,,,,,,,,,,,,,,,,,20469000000,13613000000,0.662,,13545000000,,,,,,,,,,,,true,false,12,2022-04-01,2023-03-31,-1
2024-02-05,59560,2023-03-31,3,,,,,,,,,,,,,,,,,,,,,,,,,,,,,10.00,,,,10000000,1023332,,false,false,12,2022-04-01,2023-03-31,-1
2024-02-05,59560,2024-03-31,3,,,,,,,,,,,,,,,,,,,,,,,,,,,,,5.00,,,,,,,false,false,12,2023-04-01,2024-03-31,0
2024-02-05,59560,2024-03-31,3,,,,,,,,,,,,,,,,,,,,,,,,,,,,,10.00,,,,,,,false,true,12,2023-04-01,2024-03-31,0
2024-02-05,59560,2024-03-31,3,,,,,,,,,,,,,,,,,,,,,,,,,,,,,,,,,10000000,1001279,8989899,false,false,9,2023-04-01,2023-12-31,0
2024-02-05,59560,2023-03-31,3,,,,,,,,,,,,,,,,,,,,,,,,,,,,,,,,,,,8966987,false,false,9,2022-04-01,2022-12-31,-1
2024-05-10,59560,2024-03-31,,21605000000,0.014,,,,,483000000,-0.335,534000000,-0.289,,294000000,,32.79,,0.021,0.025,0.022,,21657000000,14414000000,0.662,1593.61,14340000000,690000000,-581000000,-193000000,3234000000,,0.305,,,,,,true,false,12,2023-04-01,2024-03-31,0
2024-05-10,59560,2023-03-31,,21304000000,0.021,,,,,726000000,-0.075,752000000,-0.088,,367000000,,40.92,,0.027,0.037,0.034,,20469000000,13613000000,0.662,1508.92,13545000000,606000000,-581000000,-653000000,3275000000,,0.244,,,,,,true,false,12,2022-04-01,2023-03-31,-1
2024-05-10,59560,2025-03-31,,22700000000,0.051,,,,,580000000,0.200,630000000,0.178,,350000000,,38.92,,,,,,,,,,,,,,,,,,,,,,true,true,12,2024-04-01,2025-03-31,1
2024-05-10,59560,2024-03-31,,20024000000,0.010,,,,,335000000,-0.395,424000000,-0.289,258000000,,-0.298,28.80,,,,,,19615000000,12917000000,0.659,1435.54,12917000000,,,,,10.00,,,,10000000,1001279,8991935,false,false,12,2023-04-01,2024-03-31,0
2024-05-10,59560,2023-03-31,,19821000000,0.008,,,,,555000000,-0.204,597000000,-0.199,369000000,,-0.537,41.14,,,,,,18989000000,12353000000,0.651,1376.13,12353000000,,,,,10.00,,,,10000000,1023332,8969221,false,false,12,2022-04-01,2023-03-31,-1
2024-05-10,59560,2025-03-31,,,,,,,,,,,,,,,,,,,,,,,,,,,,,,10.00,,,,,,,false,true,12,2024-04-01,2025-03-31,1
2024-08-01,59560,2025-03-31,1,5001000000,0.030,,,,,-136000000,,-113000000,,,-109000000,,-12.13,,,,,,21874000000,14522000000,0.660,,14447000000,,,,,,,,,,,,true,false,3,2024-04-01,2024-06-30,0
2024-08-01,59560,2024-03-31,1,4854000000,0.001,,,,,-98000000,,-63000000,,,-66000000,,-7.35,,,,,,,,,,,,,,,,,,,,,,true,false,3,2023-04-01,2023-06-30,-1
2024-08-01,59560,2025-03-31,1,22700000000,0.051,,,,,580000000,0.200,630000000,0.178,,350000000,,38.92,,,,,,,,,,,,,,,,,,,,,,true,true,12,2024-04-01,2025-03-31,0
2024-08-01,59560,2024-03-31,1,,,,,,,,,,,,,,,,,,,,21657000000,14414000000,0.662,,14340000000,,,,,,,,,,,,true,false,12,2023-04-01,2024-03-31,-1
2024-08-01,59560,2024-03-31,1,,,,,,,,,,,,,,,,,,,,,,,,,,,,,10.00,,,,10000000,1001279,,false,false,12,2023-04-01,2024-03-31,-1
2024-08-01,59560,2025-03-31,1,,,,,,,,,,,,,,,,,,,,,,,,,,,,,10.00,,,,,,,false,true,12,2024-04-01,2025-03-31,0
2024-08-01,59560,2025-03-31,1,,,,,,,,,,,,,,,,,,,,,,,,,,,,,,,,,10000000,1001279,8998721,false,false,3,2024-04-01,2024-06-30,0
2024-08-01,59560,2024-03-31,1,,,,,,,,,,,,,,,,,,,,,,,,,,,,,,,,,,,8976668,false,false,3,2023-04-01,2023-06-30,-1
2024-11-06,59560,2025-03-31,2,10533000000,0.022,,,,,-2000000,,10000000,-0.881,,-37000000,,-4.15,,,,,,21342000000,14218000000,0.663,,14139000000,,,,,,,,,,,,true,false,6,2024-04-01,2024-09-30,0
2024-11-06,59560,2024-03-31,2,10305000000,0.013,,,,,46000000,-0.731,89000000,-0.553,,27000000,,3.05,,,,,,,,,,,,,,,,,,,,,,true,false,6,2023-04-01,2023-09-30,-1
2024-11-06,59560,2025-03-31,2,22700000000,0.051,,,,,580000000,0.200,630000000,0.178,,350000000,,38.92,,,,,,,,,,,,,,,,,,,,,,true,true,12,2024-04-01,2025-03-31,0
2024-11-06,59560,2024-03-31,2,,,,,,,,,,,,,,,,,,,,21657000000,14414000000,0.662,,14340000000,,,,,,,,,,,,true,false,12,2023-04-01,2024-03-31,-1
2024-11-06,59560,2024-03-31,2,,,,,,,,,,,,,,,,,,,,,,,,,,,,,10.00,,,,10000000,1001279,,false,false,12,2023-04-01,2024-03-31,-1
2024-11-06,59560,2025-03-31,2,,,,,,,,,,,,,,,,,,,,,,,,,,,,,5.00,,,,,,,false,false,12,2024-04-01,2025-03-31,0
2024-11-06,59560,2025-03-31,2,,,,,,,,,,,,,,,,,,,,,,,,,,,,,10.00,,,,,,,false,true,12,2024-04-01,2025-03-31,0
2024-11-06,59560,2025-03-31,2,,,,,,,,,,,,,,,,,,,,,,,,,,,,,,,,,10000000,1117882,8970062,false,false,6,2024-04-01,2024-09-30,0
2024-11-06,59560,2024-03-31,2,,,,,,,,,,,,,,,,,,,,,,,,,,,,,,,,,,,8986119,false,false,6,2023-04-01,2023-09-30,-1
2025-02-12,59560,2025-03-31,3,16462000000,0.040,,,,,356000000,0.453,396000000,0.337,,234000000,,26.27,,,,,,22154000000,14604000000,0.656,,14528000000,,,,,,,,,,,,true,false,9,2024-04-01,2024-12-31,0
2025-02-12,59560,2024-03-31,3,15831000000,0.019,,,,,245000000,-0.345,296000000,-0.272,,155000000,,17.27,,,,,,,,,,,,,,,,,,,,,,true,false,9,2023-04-01,2023-12-31,-1
2025-02-12,59560,2025-03-31,3,22700000000,0.051,,,,,580000000,0.200,630000000,0.178,,350000000,,38.92,,,,,,,,,,,,,,,,,,,,,,true,true,12,2024-04-01,2025-03-31,0
2025-02-12,59560,2024-03-31,3,,,,,,,,,,,,,,,,,,,,21657000000,14414000000,0.662,,14340000000,,,,,,,,,,,,true,false,12,2023-04-01,2024-03-31,-1
2025-02-12,59560,2024-03-31,3,,,,,,,,,,,,,,,,,,,,,,,,,,,,,10.00,,,,10000000,1001279,,false,false,12,2023-04-01,2024-03-31,-1
2025-02-12,59560,2025-03-31,3,,,,,,,,,,,,,,,,,,,,,,,,,,,,,5.00,,,,,,,false,false,12,2024-04-01,2025-03-31,0
2025-02-12,59560,2025-03-31,3,,,,,,,,,,,,,,,,,,,,,,,,,,,,,10.00,,,,,,,false,true,12,2024-04-01,2025-03-31,0
2025-02-12,59560,2025-03-31,3,,,,,,,,,,,,,,,,,,,,,,,,,,,,,,,,,10000000,1130682,8940219,false,false,9,2024-04-01,2024-12-31,0
2025-02-12,59560,2024-03-31,3,,,,,,,,,,,,,,,,,,,,,,,,,,,,,,,,,,,8989899,false,false,9,2023-04-01,2023-12-31,-1
2025-05-12,59560,2025-03-31,,22789000000,0.004,,,,,746000000,0.286,773000000,0.227,,500000000,,56.05,,,,,,,,,,,,,,,,,,,,,,true,true,12,2024-04-01,2025-03-31,0
2025-05-12,59560,2024-03-31,,21605000000,,,,,,483000000,,534000000,,,294000000,,32.79,,,,,,,,,,,,,,,,,,,,,,true,false,12,2023-04-01,2024-03-31,-1
2025-05-12,59560,2025-03-31,,,,,,,,,,,,,,,,,,,,,,,,,,,,,,11.50,,,,,,,false,true,12,2024-04-01,2025-03-31,0
2025-05-12,59560,2025-03-31,,,,,,,,,,,,,,,,,,,,,,,,,,,,,,5.00,,,,,,,false,false,12,2024-04-01,2025-03-31,0
2025-05-12,59560,2024-03-31,,,,,,,,,,,,,,,,,,,,,,,,,,,,,,10.00,,,,,,,false,false,12,2023-04-01,2024-03-31,-1
2025-05-13,59560,2025-03-31,,22789000000,0.055,,,,,746000000,0.545,773000000,0.447,,500000000,,56.05,,0.034,0.035,0.033,,22205000000,14781000000,0.662,1657.28,14698000000,457000000,-539000000,377000000,3618000000,,0.205,,,,,,true,false,12,2024-04-01,2025-03-31,0
2025-05-13,59560,2024-03-31,,21605000000,0.014,,,,,483000000,-0.335,534000000,-0.289,,294000000,,32.79,,0.021,0.025,0.022,,21657000000,14414000000,0.662,1593.61,14340000000,690000000,-581000000,-193000000,3234000000,,0.305,,,,,,true,false,12,2023-04-01,2024-03-31,-1
2025-05-13,59560,2026-03-31,,23500000000,0.031,,,,,600000000,-0.197,630000000,-0.186,,400000000,,45.10,,,,,,,,,,,,,,,,,,,,,,true,true,12,2025-04-01,2026-03-31,1
2025-05-13,59560,2025-03-31,,21220000000,0.060,,,,,560000000,0.670,654000000,0.540,466000000,,0.800,52.25,,,,,,20043000000,13147000000,0.656,1482.40,13147000000,,,,,11.50,,,,10000000,1130682,8923857,false,false,12,2024-04-01,2025-03-31,0
2025-05-13,59560,2024-03-31,,20024000000,0.010,,,,,335000000,-0.395,424000000,-0.289,258000000,,-0.298,28.80,,,,,,19615000000,12917000000,0.659,1435.54,12917000000,,,,,10.00,,,,10000000,1001279,8991935,false,false,12,2023-04-01,2024-03-31,-1
2025-05-13,59560,2026-03-31,,,,,,,,,,,,,,,,,,,,,,,,,,,,,,10.00,,,,,,,false,true,12,2025-04-01,2026-03-31,1
2025-08-05,59560,2026-03-31,1,5347000000,0.069,,,,,80000000,,94000000,,,45000000,,5.13,,,,,,22096000000,14570000000,0.656,,14488000000,,,,,,,,,,,,true,false,3,2025-04-01,2025-06-30,0
2025-08-05,59560,2025-03-31,1,5001000000,0.030,,,,,-136000000,,-113000000,,,-109000000,,-12.13,,,,,,,,,,,,,,,,,,,,,,true,false,3,2024-04-01,2024-06-30,-1
2025-08-05,59560,2026-03-31,1,23500000000,0.031,,,,,600000000,-0.197,630000000,-0.186,,400000000,,45.10,,,,,,,,,,,,,,,,,,,,,,true,true,12,2025-04-01,2026-03-31,0
2025-08-05,59560,2025-03-31,1,,,,,,,,,,,,,,,,,,,,22205000000,14781000000,0.662,,14698000000,,,,,,,,,,,,true,false,12,2024-04-01,2025-03-31,-1
2025-08-05,59560,2025-03-31,1,,,,,,,,,,,,,,,,,,,,,,,,,,,,,11.50,,,,10000000,1130682,,false,false,12,2024-04-01,2025-03-31,-1
2025-08-05,59560,2026-03-31,1,,,,,,,,,,,,,,,,,,,,,,,,,,,,,10.00,,,,,,,false,true,12,2025-04-01,2026-03-31,0
2025-08-05,59560,2026-03-31,1,,,,,,,,,,,,,,,,,,,,,,,,,,,,,,,,,10000000,1130682,8869318,false,false,3,2025-04-01,2025-06-30,0
2025-08-05,59560,2025-03-31,1,,,,,,,,,,,,,,,,,,,,,,,,,,,,,,,,,,,8998721,false,false,3,2024-04-01,2024-06-30,-1
