filing_date,code,fiscal_year_end,quarterly_period,net_sales,net_sales_change,revenue,revenue_change,operating_revenue,operating_revenue_change,operating_profit,operating_profit_change,ordinary_profit,ordinary_profit_change,net_income,net_income_of_parent,net_income_change,eps,diluted_eps,roe,roa,operating_profit_to_net_sales,operating_profit_to_revenue,total_assets,net_assets,equity_ratio,bps,owner_equity,operating_cash_flow,investing_cash_flow,financing_cash_flow,cash,dividend_per_share,payout_ratio,commemorative_dividend,extra_dividend,number_of_shares,number_of_treqsury_shares,avg_number_of_shares,is_consolidated,is_forecast,duration,period_start,period_end,period_pos
2015-07-31,59590,2015-12-31,2,32950000000,0.014,,,,,2474000000,-0.175,2522000000,-0.177,1655000000,,-0.041,31.56,,,,,,87390000000,49235000000,0.563,,49235000000,,,,,,,,,,,,true,false,6,2015-01-01,2015-06-30,0
2015-07-31,59590,2014-12-31,2,32505000000,0.152,,,,,2999000000,0.160,3066000000,0.143,1725000000,,0.173,32.90,,,,,,,,,,,,,,,,,,,,,,true,false,6,2014-01-01,2014-06-30,-1
2015-07-31,59590,2015-12-31,2,72100000000,0.060,,,,,6860000000,-0.021,7000000000,-0.036,4500000000,,0.015,85.78,,,,,,,,,,,,,,,,,,,,,,true,true,12,2015-01-01,2015-12-31,0
2015-07-31,59590,2014-12-31,2,,,,,,,,,,,,,,,,,,,,84093000000,47152000000,0.561,,47152000000,,,,,,,,,,,,true,false,12,2014-01-01,2014-12-31,-1
2015-07-31,59590,2014-12-31,2,,,,,,,,,,,,,,,,,,,,,,,,,,,,,22.00,,,,55290632,2833042,,false,false,12,2014-01-01,2014-12-31,-1
2015-07-31,59590,2015-12-31,2,,,,,,,,,,,,,,,,,,,,,,,,,,,,,12.00,,,,,,,false,false,12,2015-01-01,2015-12-31,0
2015-07-31,59590,2015-12-31,2,,,,,,,,,,,,,,,,,,,,,,,,,,,,,24.00,,,,,,,false,true,12,2015-01-01,2015-12-31,0
2015-07-31,59590,2015-12-31,2,,,,,,,,,,,,,,,,,,,,,,,,,,,,,,,,,55290632,2833200,52457507,false,false,6,2015-01-01,2015-06-30,0
2015-07-31,59590,2014-12-31,2,,,,,,,,,,,,,,,,,,,,,,,,,,,,,,,,,,,52457619,false,false,6,2014-01-01,2014-06-30,-1
2015-07-31,59590,2015-12-31,,72100000000,-0.064,,,,,6860000000,-0.137,7000000000,-0.125,4500000000,,-0.082,85.78,,,,,,,,,,,,,,,,,,,,,,true,true,12,2015-01-01,2015-12-31,0
2015-07-31,59590,2014-12-31,,68045000000,,,,,,7008000000,,7262000000,,4433000000,,,84.52,,,,,,,,,,,,,,,,,,,,,,true,false,12,2014-01-01,2014-12-31,-1
2015-10-30,59590,2015-12-31,3,50877000000,0.018,,,,,4261000000,-0.127,4404000000,-0.128,2876000000,,-0.050,55.15,,,,,,87779000000,48511000000,0.553,,48511000000,,,,,,,,,,,,true,false,9,2015-01-01,2015-09-30,0
2015-10-30,59590,2014-12-31,3,49969000000,0.119,,,,,4882000000,0.117,5049000000,0.113,3027000000,,0.174,57.72,,,,,,,,,,,,,,,,,,,,,,true,false,9,2014-01-01,2014-09-30,-1
2015-10-30,59590,2015-12-31,3,72100000000,0.060,,,,,6860000000,-0.021,7000000000,-0.036,4500000000,,0.015,86.74,,,,,,,,,,,,,,,,,,,,,,true,true,12,2015-01-01,2015-12-31,0
2015-10-30,59590,2014-12-31,3,,,,,,,,,,,,,,,,,,,,84093000000,47152000000,0.561,,47152000000,,,,,,,,,,,,true,false,12,2014-01-01,2014-12-31,-1
2015-10-30,59590,2014-12-31,3,,,,,,,,,,,,,,,,,,,,,,,,,,,,,22.00,,,,55290632,2833042,,false,false,12,2014-01-01,2014-12-31,-1
2015-10-30,59590,2015-12-31,3,,,,,,,,,,,,,,,,,,,,,,,,,,,,,12.00,,,,,,,false,false,12,2015-01-01,2015-12-31,0
2015-10-30,59590,2015-12-31,3,,,,,,,,,,,,,,,,,,,,,,,,,,,,,24.00,,,,,,,false,true,12,2015-01-01,2015-12-31,0
2015-10-30,59590,2015-12-31,3,,,,,,,,,,,,,,,,,,,,,,,,,,,,,,,,,53790632,2833200,52157484,false,false,9,2015-01-01,2015-09-30,0
2015-10-30,59590,2014-12-31,3,,,,,,,,,,,,,,,,,,,,,,,,,,,,,,,,,,,52457610,false,false,9,2014-01-01,2014-09-30,-1
2016-02-15,59590,2015-12-31,,68985000000,0.014,,,,,6327000000,-0.097,6539000000,-0.100,4234000000,,-0.045,81.62,,0.088,0.078,0.092,,83786000000,48601000000,0.580,953.77,48601000000,1032000000,-5074000000,584000000,14445000000,,0.294,,,,,,true,false,12,2015-01-01,2015-12-31,0
2016-02-15,59590,2014-12-31,,68045000000,0.085,,,,,7008000000,0.098,7262000000,0.102,4433000000,,0.134,84.52,,0.099,0.090,0.103,,84093000000,47152000000,0.561,898.88,47152000000,5692000000,-4641000000,-2024000000,17782000000,,0.260,,,,,,true,false,12,2014-01-01,2014-12-31,-1
2016-02-15,59590,2016-12-31,,33000000000,0.002,,,,,2500000000,0.010,2530000000,0.003,,1450000000,,28.46,,,,,,,,,,,,,,,,,,,,,,true,true,6,2016-01-01,2016-06-30,1
2016-02-15,59590,2016-12-31,,70000000000,0.015,,,,,6600000000,0.043,6700000000,0.025,,4250000000,,83.40,,,,,,,,,,,,,,,,0.288,,,,,,true,true,12,2016-01-01,2016-12-31,1
2016-02-15,59590,2015-12-31,,47123000000,-0.058,,,,,4194000000,-0.203,4858000000,-0.167,3093000000,,-0.155,59.62,,,,,,68552000000,38002000000,0.554,745.78,38002000000,,,,,24.00,,,,53790632,2833250,51880537,false,false,12,2015-01-01,2015-12-31,0
2016-02-15,59590,2014-12-31,,50003000000,0.073,,,,,5262000000,0.070,5828000000,0.058,3661000000,,0.031,69.80,,,,,,70376000000,37496000000,0.533,714.80,37496000000,,,,,22.00,,,,55290632,2833042,52457605,false,false,12,2014-01-01,2014-12-31,-1
2016-02-15,59590,2016-12-31,,,,,,,,,,,,,,,,,,,,,,,,,,,,,,24.00,,,,,,,false,true,12,2016-01-01,2016-12-31,1
2016-04-28,59590,2016-12-31,1,14857000000,-0.040,,,,,834000000,-0.071,840000000,-0.090,,473000000,,9.29,,,,,,81324000000,47947000000,0.590,,47947000000,,,,,,,,,,,,true,false,3,2016-01-01,2016-03-31,0
2016-04-28,59590,2015-12-31,1,15468000000,-0.053,,,,,898000000,-0.387,923000000,-0.384,,694000000,,13.23,,,,,,,,,,,,,,,,,,,,,,true,false,3,2015-01-01,2015-03-31,-1
2016-04-28,59590,2016-12-31,1,33000000000,0.002,,,,,2500000000,0.010,2530000000,0.003,,1450000000,,28.46,,,,,,,,,,,,,,,,,,,,,,true,true,6,2016-01-01,2016-06-30,0
2016-04-28,59590,2016-12-31,1,70000000000,0.015,,,,,6600000000,0.043,6700000000,0.025,,4250000000,,83.40,,,,,,,,,,,,,,,,,,,,,,true,true,12,2016-01-01,2016-12-31,0
2016-04-28,59590,2015-12-31,1,,,,,,,,,,,,,,,,,,,,83786000000,48601000000,0.580,,48601000000,,,,,,,,,,,,true,false,12,2015-01-01,2015-12-31,-1
2016-04-28,59590,2015-12-31,1,,,,,,,,,,,,,,,,,,,,,,,,,,,,,24.00,,,,53790632,2833250,,false,false,12,2015-01-01,2015-12-31,-1
2016-04-28,59590,2016-12-31,1,,,,,,,,,,,,,,,,,,,,,,,,,,,,,24.00,,,,,,,false,true,12,2016-01-01,2016-12-31,0
2016-04-28,59590,2016-12-31,1,,,,,,,,,,,,,,,,,,,,,,,,,,,,,,,,,53790632,2833290,50957372,false,false,3,2016-01-01,2016-03-31,0
2016-04-28,59590,2015-12-31,1,,,,,,,,,,,,,,,,,,,,,,,,,,,,,,,,,,,52457552,false,false,3,2015-01-01,2015-03-31,-1
2016-07-28,59590,2016-12-31,2,30355000000,-0.079,,,,,1946000000,-0.214,2007000000,-0.204,,1164000000,,22.86,,,,,,79526000000,47793000000,0.601,,47793000000,,,,,,,,,,,,true,false,6,2016-01-01,2016-06-30,0
2016-07-28,59590,2015-12-31,2,32950000000,0.014,,,,,2474000000,-0.175,2522000000,-0.177,,1655000000,,31.56,,,,,,,,,,,,,,,,,,,,,,true,false,6,2015-01-01,2015-06-30,-1
2016-07-28,59590,2016-12-31,2,63700000000,-0.077,,,,,5600000000,-0.115,5700000000,-0.128,,7800000000,,153.07,,,,,,,,,,,,,,,,,,,,,,true,true,12,2016-01-01,2016-12-31,0
2016-07-28,59590,2015-12-31,2,,,,,,,,,,,,,,,,,,,,83786000000,48601000000,0.580,,48601000000,,,,,,,,,,,,true,false,12,2015-01-01,2015-12-31,-1
2016-07-28,59590,2015-12-31,2,,,,,,,,,,,,,,,,,,,,,,,,,,,,,24.00,,,,53790632,2833250,,false,false,12,2015-01-01,2015-12-31,-1
2016-07-28,59590,2016-12-31,2,,,,,,,,,,,,,,,,,,,,,,,,,,,,,12.00,,,,,,,false,false,12,2016-01-01,2016-12-31,0
2016-07-28,59590,2016-12-31,2,,,,,,,,,,,,,,,,,,,,,,,,,,,,,24.00,,,,,,,false,true,12,2016-01-01,2016-12-31,0
2016-07-28,59590,2016-12-31,2,,,,,,,,,,,,,,,,,,,,,,,,,,,,,,,,,53790632,2833290,50957359,false,false,6,2016-01-01,2016-06-30,0
2016-07-28,59590,2015-12-31,2,,,,,,,,,,,,,,,,,,,,,,,,,,,,,,,,,,,52457507,false,false,6,2015-01-01,2015-06-30,-1
2016-10-31,59590,2016-12-31,3,48328000000,-0.050,,,,,4080000000,-0.042,4200000000,-0.046,,6596000000,,129.60,,,,,,83462000000,50490000000,0.605,,50490000000,,,,,,,,,,,,true,false,9,2016-01-01,2016-09-30,0
2016-10-31,59590,2015-12-31,3,50877000000,0.018,,,,,4261000000,-0.127,4404000000,-0.128,,2876000000,,55.15,,,,,,,,,,,,,,,,,,,,,,true,false,9,2015-01-01,2015-09-30,-1
2016-10-31,59590,2016-12-31,3,63700000000,-0.077,,,,,5600000000,-0.115,5700000000,-0.128,,7800000000,,153.49,,,,,,,,,,,,,,,,,,,,,,true,true,12,2016-01-01,2016-12-31,0
2016-10-31,59590,2015-12-31,3,,,,,,,,,,,,,,,,,,,,83786000000,48601000000,0.580,,48601000000,,,,,,,,,,,,true,false,12,2015-01-01,2015-12-31,-1
2016-10-31,59590,2015-12-31,3,,,,,,,,,,,,,,,,,,,,,,,,,,,,,24.00,,,,53790632,2833250,,false,false,12,2015-01-01,2015-12-31,-1
2016-10-31,59590,2016-12-31,3,,,,,,,,,,,,,,,,,,,,,,,,,,,,,12.00,,,,,,,false,false,12,2016-01-01,2016-12-31,0
2016-10-31,59590,2016-12-31,3,,,,,,,,,,,,,,,,,,,,,,,,,,,,,24.00,,,,,,,false,true,12,2016-01-01,2016-12-31,0
2016-10-31,59590,2016-12-31,3,,,,,,,,,,,,,,,,,,,,,,,,,,,,,,,,,53790632,3239590,50898254,false,false,9,2016-01-01,2016-09-30,0
2016-10-31,59590,2015-12-31,3,,,,,,,,,,,,,,,,,,,,,,,,,,,,,,,,,,,52157484,false,false,9,2015-01-01,2015-09-30,-1
2017-02-14,59590,2016-12-31,,63190000000,-0.084,,,,,5527000000,-0.126,5780000000,-0.116,,7861000000,,155.10,,0.157,0.070,0.087,,81919000000,51404000000,0.628,1031.65,51404000000,5703000000,3797000000,-711000000,22694000000,,0.155,,,,,,true,false,12,2016-01-01,2016-12-31,0
2017-02-14,59590,2015-12-31,,68985000000,0.014,,,,,6327000000,-0.097,6539000000,-0.100,,4234000000,,81.62,,0.088,0.078,0.092,,83786000000,48601000000,0.580,953.77,48601000000,1032000000,-5074000000,584000000,14445000000,,0.294,,,,,,true,false,12,2015-01-01,2015-12-31,-1
2017-02-14,59590,2017-12-31,,29270000000,-0.036,,,,,2280000000,0.172,2320000000,0.156,,1440000000,,28.40,,,,,,,,,,,,,,,,,,,,,,true,true,6,2017-01-01,2017-06-30,1
2017-02-14,59590,2017-12-31,,62000000000,-0.019,,,,,5700000000,0.031,5800000000,0.003,,3640000000,,71.81,,,,,,,,,,,,,,,,0.418,,,,,,true,true,12,2017-01-01,2017-12-31,1
2017-02-14,59590,2016-12-31,,43272000000,-0.082,,,,,3366000000,-0.197,8318000000,0.712,10264000000,,2.318,202.51,,,,,,74583000000,46304000000,0.621,929.30,46304000000,,,,,24.00,,,,53790632,3963082,50687636,false,false,12,2016-01-01,2016-12-31,0
2017-02-14,59590,2015-12-31,,47123000000,-0.058,,,,,4194000000,-0.203,4858000000,-0.167,3093000000,,-0.155,59.62,,,,,,68552000000,38002000000,0.554,745.78,38002000000,,,,,24.00,,,,53790632,2833250,51880537,false,false,12,2015-01-01,2015-12-31,-1
2017-02-14,59590,2017-12-31,,,,,,,,,,,,,,,,,,,,,,,,,,,,,,30.00,,,,,,,false,true,12,2017-01-01,2017-12-31,1
2017-04-28,59590,2017-12-31,1,13424000000,-0.096,,,,,877000000,0.052,853000000,0.015,,486000000,,9.77,,,,,,83811000000,52823000000,0.630,,52823000000,,,,,,,,,,,,true,false,3,2017-01-01,2017-03-31,0
2017-04-28,59590,2016-12-31,1,14857000000,-0.040,,,,,834000000,-0.071,840000000,-0.090,,473000000,,9.29,,,,,,,,,,,,,,,,,,,,,,true,false,3,2016-01-01,2016-03-31,-1
2017-04-28,59590,2017-12-31,1,29270000000,-0.036,,,,,2280000000,0.172,2320000000,0.156,,1440000000,,28.40,,,,,,,,,,,,,,,,,,,,,,true,true,6,2017-01-01,2017-06-30,0
2017-04-28,59590,2017-12-31,1,62000000000,-0.019,,,,,5700000000,0.031,5800000000,0.003,,3640000000,,71.81,,,,,,,,,,,,,,,,,,,,,,true,true,12,2017-01-01,2017-12-31,0
2017-04-28,59590,2016-12-31,1,,,,,,,,,,,,,,,,,,,,81919000000,51404000000,0.628,,51404000000,,,,,,,,,,,,true,false,12,2016-01-01,2016-12-31,-1
2017-04-28,59590,2016-12-31,1,,,,,,,,,,,,,,,,,,,,,,,,,,,,,24.00,,,,53790632,3963082,,false,false,12,2016-01-01,2016-12-31,-1
2017-04-28,59590,2017-12-31,1,,,,,,,,,,,,,,,,,,,,,,,,,,,,,30.00,,,,,,,false,true,12,2017-01-01,2017-12-31,0
2017-04-28,59590,2017-12-31,1,,,,,,,,,,,,,,,,,,,,,,,,,,,,,,,,,53790632,3963082,49827550,false,false,3,2017-01-01,2017-03-31,0
2017-04-28,59590,2016-12-31,1,,,,,,,,,,,,,,,,,,,,,,,,,,,,,,,,,,,50957372,false,false,3,2016-01-01,2016-03-31,-1
2017-07-27,59590,2017-12-31,2,28857000000,-0.049,,,,,2095000000,0.077,2115000000,0.054,,1278000000,,25.66,,,,,,85687000000,53622000000,0.626,,53622000000,,,,,,,,,,,,true,false,6,2017-01-01,2017-06-30,0
2017-07-27,59590,2016-12-31,2,30355000000,-0.079,,,,,1946000000,-0.214,2007000000,-0.204,,1164000000,,22.86,,,,,,,,,,,,,,,,,,,,,,true,false,6,2016-01-01,2016-06-30,-1
2017-07-27,59590,2017-12-31,2,62000000000,-0.019,,,,,5700000000,0.031,5800000000,0.003,,3640000000,,71.81,,,,,,,,,,,,,,,,,,,,,,true,true,12,2017-01-01,2017-12-31,0
2017-07-27,59590,2016-12-31,2,,,,,,,,,,,,,,,,,,,,81919000000,51404000000,0.628,,51404000000,,,,,,,,,,,,true,false,12,2016-01-01,2016-12-31,-1
2017-07-27,59590,2016-12-31,2,,,,,,,,,,,,,,,,,,,,,,,,,,,,,24.00,,,,53790632,3963082,,false,false,12,2016-01-01,2016-12-31,-1
2017-07-27,59590,2017-12-31,2,,,,,,,,,,,,,,,,,,,,,,,,,,,,,15.00,,,,,,,false,false,12,2017-01-01,2017-12-31,0
2017-07-27,59590,2017-12-31,2,,,,,,,,,,,,,,,,,,,,,,,,,,,,,30.00,,,,,,,false,true,12,2017-01-01,2017-12-31,0
2017-07-27,59590,2017-12-31,2,,,,,,,,,,,,,,,,,,,,,,,,,,,,,,,,,53790632,3963082,49827550,false,false,6,2017-01-01,2017-06-30,0
2017-07-27,59590,2016-12-31,2,,,,,,,,,,,,,,,,,,,,,,,,,,,,,,,,,,,50957359,false,false,6,2016-01-01,2016-06-30,-1
2017-10-31,59590,2017-12-31,3,44795000000,-0.073,,,,,3477000000,-0.148,3636000000,-0.134,,2284000000,,45.85,,,,,,87432000000,54440000000,0.623,,54440000000,,,,,,,,,,,,true,false,9,2017-01-01,2017-09-30,0
2017-10-31,59590,2016-12-31,3,48328000000,-0.050,,,,,4080000000,-0.042,4200000000,-0.046,,6596000000,,129.60,,,,,,,,,,,,,,,,,,,,,,true,false,9,2016-01-01,2016-09-30,-1
2017-10-31,59590,2017-12-31,3,62000000000,-0.019,,,,,5700000000,0.031,5800000000,0.003,,3640000000,,71.81,,,,,,,,,,,,,,,,,,,,,,true,true,12,2017-01-01,2017-12-31,0
2017-10-31,59590,2016-12-31,3,,,,,,,,,,,,,,,,,,,,81919000000,51404000000,0.628,,51404000000,,,,,,,,,,,,true,false,12,2016-01-01,2016-12-31,-1
2017-10-31,59590,2016-12-31,3,,,,,,,,,,,,,,,,,,,,,,,,,,,,,24.00,,,,53790632,3963082,,false,false,12,2016-01-01,2016-12-31,-1
2017-10-31,59590,2017-12-31,3,,,,,,,,,,,,,,,,,,,,,,,,,,,,,15.00,,,,,,,false,false,12,2017-01-01,2017-12-31,0
2017-10-31,59590,2017-12-31,3,,,,,,,,,,,,,,,,,,,,,,,,,,,,,30.00,,,,,,,false,true,12,2017-01-01,2017-12-31,0
2017-10-31,59590,2017-12-31,3,,,,,,,,,,,,,,,,,,,,,,,,,,,,,,,,,53790632,3963016,49827563,false,false,9,2017-01-01,2017-09-30,0
2017-10-31,59590,2016-12-31,3,,,,,,,,,,,,,,,,,,,,,,,,,,,,,,,,,,,50898254,false,false,9,2016-01-01,2016-09-30,-1
2018-02-14,59590,2017-12-31,,60917000000,-0.036,,,,,4844000000,-0.123,5068000000,-0.123,,3485000000,,69.95,,0.065,0.059,0.080,,89346000000,56251000000,0.630,1128.93,56251000000,2107000000,-3213000000,-705000000,21082000000,,0.429,,,,,,true,false,12,2017-01-01,2017-12-31,0
2018-02-14,59590,2016-12-31,,63190000000,-0.084,,,,,5527000000,-0.126,5780000000,-0.116,,7861000000,,155.10,,0.157,0.070,0.087,,81919000000,51404000000,0.628,1031.65,51404000000,5703000000,3797000000,-711000000,22694000000,,0.155,,,,,,true,false,12,2016-01-01,2016-12-31,-1
2018-02-14,59590,2018-12-31,,29800000000,0.033,,,,,2300000000,0.097,2300000000,0.087,,1550000000,,31.11,,,,,,,,,,,,,,,,,,,,,,true,true,6,2018-01-01,2018-06-30,1
2018-02-14,59590,2018-12-31,,63000000000,0.034,,,,,5300000000,0.094,5400000000,0.066,,3700000000,,74.26,,,,,,,,,,,,,,,,0.350,,,,,,true,true,12,2018-01-01,2018-12-31,1
2018-02-14,59590,2017-12-31,,45438000000,0.050,,,,,3679000000,0.093,4303000000,-0.483,3095000000,,-0.698,62.12,,,,,,79885000000,49413000000,0.619,991.70,49413000000,,,,,30.00,,,,53790632,3963010,49827576,false,false,12,2017-01-01,2017-12-31,0
2018-02-14,59590,2016-12-31,,43272000000,-0.082,,,,,3366000000,-0.197,8318000000,0.712,10264000000,,2.318,202.51,,,,,,74583000000,46304000000,0.621,929.30,46304000000,,,,,24.00,,,,53790632,3963082,50687636,false,false,12,2016-01-01,2016-12-31,-1
2018-02-14,59590,2018-12-31,,,,,,,,,,,,,,,,,,,,,,,,,,,,,,26.00,,,,,,,false,true,12,2018-01-01,2018-12-31,1
2018-04-27,59590,2018-12-31,1,14474000000,0.078,,,,,864000000,-0.015,936000000,0.097,,713000000,,14.33,,,,,,89287000000,55881000000,0.626,,55881000000,,,,,,,,,,,,true,false,3,2018-01-01,2018-03-31,0
2018-04-27,59590,2017-12-31,1,13424000000,-0.096,,,,,877000000,0.052,853000000,0.015,,486000000,,9.77,,,,,,,,,,,,,,,,,,,,,,true,false,3,2017-01-01,2017-03-31,-1
2018-04-27,59590,2018-12-31,1,29800000000,0.033,,,,,2300000000,0.097,2300000000,0.087,,1550000000,,31.11,,,,,,,,,,,,,,,,,,,,,,true,true,6,2018-01-01,2018-06-30,0
2018-04-27,59590,2018-12-31,1,63000000000,0.034,,,,,5300000000,0.094,5400000000,0.066,,3700000000,,74.26,,,,,,,,,,,,,,,,,,,,,,true,true,12,2018-01-01,2018-12-31,0
2018-04-27,59590,2017-12-31,1,,,,,,,,,,,,,,,,,,,,89346000000,56251000000,0.630,,56251000000,,,,,,,,,,,,true,false,12,2017-01-01,2017-12-31,-1
2018-04-27,59590,2017-12-31,1,,,,,,,,,,,,,,,,,,,,,,,,,,,,,30.00,,,,53790632,3963010,,false,false,12,2017-01-01,2017-12-31,-1
2018-04-27,59590,2018-12-31,1,,,,,,,,,,,,,,,,,,,,,,,,,,,,,26.00,,,,,,,false,true,12,2018-01-01,2018-12-31,0
2018-04-27,59590,2018-12-31,1,,,,,,,,,,,,,,,,,,,,,,,,,,,,,,,,,53790632,3962722,49827778,false,false,3,2018-01-01,2018-03-31,0
2018-04-27,59590,2017-12-31,1,,,,,,,,,,,,,,,,,,,,,,,,,,,,,,,,,,,49827550,false,false,3,2017-01-01,2017-03-31,-1
2018-07-26,59590,2018-12-31,2,30803000000,0.067,,,,,2390000000,0.140,2598000000,0.229,,1998000000,,40.11,,,,,,87658000000,55948000000,0.638,,55948000000,,,,,,,,,,,,true,false,6,2018-01-01,2018-06-30,0
2018-07-26,59590,2017-12-31,2,28857000000,-0.049,,,,,2095000000,0.077,2115000000,0.054,,1278000000,,25.66,,,,,,,,,,,,,,,,,,,,,,true,false,6,2017-01-01,2017-06-30,-1
2018-07-26,59590,2018-12-31,2,63000000000,0.034,,,,,5300000000,0.094,5400000000,0.066,,3700000000,,74.26,,,,,,,,,,,,,,,,,,,,,,true,true,12,2018-01-01,2018-12-31,0
2018-07-26,59590,2017-12-31,2,,,,,,,,,,,,,,,,,,,,89346000000,56251000000,0.630,,56251000000,,,,,,,,,,,,true,false,12,2017-01-01,2017-12-31,-1
2018-07-26,59590,2017-12-31,2,,,,,,,,,,,,,,,,,,,,,,,,,,,,,30.00,,,,53790632,3963010,,false,false,12,2017-01-01,2017-12-31,-1
2018-07-26,59590,2018-12-31,2,,,,,,,,,,,,,,,,,,,,,,,,,,,,,13.00,,,,,,,false,false,12,2018-01-01,2018-12-31,0
2018-07-26,59590,2018-12-31,2,,,,,,,,,,,,,,,,,,,,,,,,,,,,,26.00,,,,,,,false,true,12,2018-01-01,2018-12-31,0
2018-07-26,59590,2018-12-31,2,,,,,,,,,,,,,,,,,,,,,,,,,,,,,,,,,53790632,3962153,49827974,false,false,6,2018-01-01,2018-06-30,0
2018-07-26,59590,2017-12-31,2,,,,,,,,,,,,,,,,,,,,,,,,,,,,,,,,,,,49827550,false,false,6,2017-01-01,2017-06-30,-1
2018-10-31,59590,2018-12-31,3,47390000000,0.058,,,,,3918000000,0.127,4175000000,0.148,,2361000000,,47.39,,,,,,89148000000,56414000000,0.633,,56414000000,,,,,,,,,,,,true,false,9,2018-01-01,2018-09-30,0
2018-10-31,59590,2017-12-31,3,44795000000,-0.073,,,,,3477000000,-0.148,3636000000,-0.134,,2284000000,,45.85,,,,,,,,,,,,,,,,,,,,,,true,false,9,2017-01-01,2017-09-30,-1
2018-10-31,59590,2018-12-31,3,63000000000,0.034,,,,,5300000000,0.094,5400000000,0.066,,3700000000,,74.26,,,,,,,,,,,,,,,,,,,,,,true,true,12,2018-01-01,2018-12-31,0
2018-10-31,59590,2017-12-31,3,,,,,,,,,,,,,,,,,,,,89346000000,56251000000,0.630,,56251000000,,,,,,,,,,,,true,false,12,2017-01-01,2017-12-31,-1
2018-10-31,59590,2017-12-31,3,,,,,,,,,,,,,,,,,,,,,,,,,,,,,30.00,,,,53790632,3963010,,false,false,12,2017-01-01,2017-12-31,-1
2018-10-31,59590,2018-12-31,3,,,,,,,,,,,,,,,,,,,,,,,,,,,,,13.00,,,,,,,false,false,12,2018-01-01,2018-12-31,0
2018-10-31,59590,2018-12-31,3,,,,,,,,,,,,,,,,,,,,,,,,,,,,,26.00,,,,,,,false,true,12,2018-01-01,2018-12-31,0
2018-10-31,59590,2018-12-31,3,,,,,,,,,,,,,,,,,,,,,,,,,,,,,,,,,53790632,3961715,49828249,false,false,9,2018-01-01,2018-09-30,0
2018-10-31,59590,2017-12-31,3,,,,,,,,,,,,,,,,,,,,,,,,,,,,,,,,,,,49827563,false,false,9,2017-01-01,2017-09-30,-1
2019-02-14,59590,2018-12-31,,64785000000,0.063,,,,,5349000000,0.104,5601000000,0.105,,3785000000,,75.97,,0.067,0.063,0.083,,87832000000,57009000000,0.649,1144.09,57009000000,3186000000,2211000000,-2678000000,23762000000,,0.342,,,,,,true,false,12,2018-01-01,2018-12-31,0
2019-02-14,59590,2017-12-31,,60917000000,-0.036,,,,,4844000000,-0.123,5068000000,-0.123,,3485000000,,69.95,,0.065,0.059,0.080,,89346000000,56251000000,0.630,1128.93,56251000000,2107000000,-3213000000,-705000000,21082000000,,0.429,,,,,,true,false,12,2017-01-01,2017-12-31,-1
2019-02-14,59590,2019-12-31,,32150000000,0.044,,,,,2570000000,0.075,2610000000,0.004,,1760000000,,35.32,,,,,,,,,,,,,,,,,,,,,,true,true,6,2019-01-01,2019-06-30,1
2019-02-14,59590,2019-12-31,,68500000000,0.057,,,,,6100000000,0.140,6200000000,0.107,,4300000000,,86.29,,,,,,,,,,,,,,,,0.324,,,,,,true,true,12,2019-01-01,2019-12-31,1
2019-02-14,59590,2018-12-31,,47824000000,0.053,,,,,4301000000,0.169,4667000000,0.085,3577000000,,0.156,71.80,,,,,,77846000000,49958000000,0.642,1002.61,49958000000,,,,,26.00,,,,53790632,3961539,49828434,false,false,12,2018-01-01,2018-12-31,0
2019-02-14,59590,2017-12-31,,45438000000,0.050,,,,,3679000000,0.093,4303000000,-0.483,3095000000,,-0.698,62.12,,,,,,79885000000,49413000000,0.619,991.70,49413000000,,,,,30.00,,,,53790632,3963010,49827576,false,false,12,2017-01-01,2017-12-31,-1
2019-02-14,59590,2019-12-31,,,,,,,,,,,,,,,,,,,,,,,,,,,,,,28.00,,,,,,,false,true,12,2019-01-01,2019-12-31,1
2019-02-14,59590,2018-12-31,,64785000000,0.063,,,,,5349000000,0.104,5601000000,0.105,,3128000000,,62.79,,0.056,0.063,0.083,,87832000000,56333000000,0.641,1130.54,56333000000,3186000000,2211000000,-2678000000,23762000000,,0.414,,,,,,true,false,12,2018-01-01,2018-12-31,0
2019-02-14,59590,2017-12-31,,60917000000,-0.036,,,,,4844000000,-0.123,5068000000,-0.123,,3485000000,,69.95,,0.065,0.059,0.080,,89346000000,56251000000,0.630,1128.93,56251000000,2107000000,-3213000000,-705000000,21082000000,,0.429,,,,,,true,false,12,2017-01-01,2017-12-31,-1
2019-02-14,59590,2019-12-31,,32150000000,0.044,,,,,2570000000,0.075,2610000000,0.004,,1760000000,,35.32,,,,,,,,,,,,,,,,,,,,,,true,true,6,2019-01-01,2019-06-30,1
2019-02-14,59590,2019-12-31,,68500000000,0.057,,,,,6100000000,0.140,6200000000,0.107,,4300000000,,86.29,,,,,,,,,,,,,,,,0.324,,,,,,true,true,12,2019-01-01,2019-12-31,1
2019-02-14,59590,2018-12-31,,47824000000,0.053,,,,,4301000000,0.169,4667000000,0.085,3577000000,,0.156,71.80,,,,,,77846000000,49958000000,0.642,1002.61,49958000000,,,,,26.00,,,,53790632,3961539,49828434,false,false,12,2018-01-01,2018-12-31,0
2019-02-14,59590,2017-12-31,,45438000000,0.050,,,,,3679000000,0.093,4303000000,-0.483,3095000000,,-0.698,62.12,,,,,,79885000000,49413000000,0.619,991.70,49413000000,,,,,30.00,,,,53790632,3963010,49827576,false,false,12,2017-01-01,2017-12-31,-1
2019-02-14,59590,2019-12-31,,,,,,,,,,,,,,,,,,,,,,,,,,,,,,28.00,,,,,,,false,true,12,2019-01-01,2019-12-31,1
2019-04-26,59590,2019-12-31,1,15439000000,0.067,,,,,1141000000,0.321,1176000000,0.256,,723000000,,14.52,,,,,,90877000000,56346000000,0.620,,56346000000,,,,,,,,,,,,true,false,3,2019-01-01,2019-03-31,0
2019-04-26,59590,2018-12-31,1,14474000000,0.078,,,,,864000000,-0.015,936000000,0.097,,713000000,,14.33,,,,,,,,,,,,,,,,,,,,,,true,false,3,2018-01-01,2018-03-31,-1
2019-04-26,59590,2019-12-31,1,32150000000,0.044,,,,,2570000000,0.075,2610000000,0.004,,1760000000,,35.32,,,,,,,,,,,,,,,,,,,,,,true,true,6,2019-01-01,2019-06-30,0
2019-04-26,59590,2019-12-31,1,68500000000,0.057,,,,,6100000000,0.140,6200000000,0.107,,4300000000,,86.29,,,,,,,,,,,,,,,,,,,,,,true,true,12,2019-01-01,2019-12-31,0
2019-04-26,59590,2018-12-31,1,,,,,,,,,,,,,,,,,,,,87701000000,56333000000,0.642,,56333000000,,,,,,,,,,,,true,false,12,2018-01-01,2018-12-31,-1
2019-04-26,59590,2018-12-31,1,,,,,,,,,,,,,,,,,,,,,,,,,,,,,26.00,,,,53790632,3961539,,false,false,12,2018-01-01,2018-12-31,-1
2019-04-26,59590,2019-12-31,1,,,,,,,,,,,,,,,,,,,,,,,,,,,,,28.00,,,,,,,false,true,12,2019-01-01,2019-12-31,0
2019-04-26,59590,2019-12-31,1,,,,,,,,,,,,,,,,,,,,,,,,,,,,,,,,,53790632,3961144,49829352,false,false,3,2019-01-01,2019-03-31,0
2019-04-26,59590,2018-12-31,1,,,,,,,,,,,,,,,,,,,,,,,,,,,,,,,,,,,49827778,false,false,3,2018-01-01,2018-03-31,-1
2019-07-25,59590,2019-12-31,2,31821000000,0.033,,,,,2506000000,0.049,2733000000,0.052,,1685000000,,33.83,,,,,,89096000000,56752000000,0.637,,56752000000,,,,,,,,,,,,true,false,6,2019-01-01,2019-06-30,0
2019-07-25,59590,2018-12-31,2,30803000000,0.067,,,,,2390000000,0.140,2598000000,0.229,,1998000000,,40.11,,,,,,,,,,,,,,,,,,,,,,true,false,6,2018-01-01,2018-06-30,-1
2019-07-25,59590,2019-12-31,2,68500000000,0.057,,,,,6100000000,0.140,6200000000,0.107,,4300000000,,86.29,,,,,,,,,,,,,,,,,,,,,,true,true,12,2019-01-01,2019-12-31,0
2019-07-25,59590,2018-12-31,2,,,,,,,,,,,,,,,,,,,,87701000000,56333000000,0.642,,56333000000,,,,,,,,,,,,true,false,12,2018-01-01,2018-12-31,-1
2019-07-25,59590,2018-12-31,2,,,,,,,,,,,,,,,,,,,,,,,,,,,,,26.00,,,,53790632,3961539,,false,false,12,2018-01-01,2018-12-31,-1
2019-07-25,59590,2019-12-31,2,,,,,,,,,,,,,,,,,,,,,,,,,,,,,14.00,,,,,,,false,false,12,2019-01-01,2019-12-31,0
2019-07-25,59590,2019-12-31,2,,,,,,,,,,,,,,,,,,,,,,,,,,,,,28.00,,,,,,,false,true,12,2019-01-01,2019-12-31,0
2019-07-25,59590,2019-12-31,2,,,,,,,,,,,,,,,,,,,,,,,,,,,,,,,,,53790632,3959477,49829936,false,false,6,2019-01-01,2019-06-30,0
2019-07-25,59590,2018-12-31,2,,,,,,,,,,,,,,,,,,,,,,,,,,,,,,,,,,,49827974,false,false,6,2018-01-01,2018-06-30,-1
2019-10-31,59590,2019-12-31,3,48732000000,0.028,,,,,4013000000,0.024,4286000000,0.026,,2627000000,,52.73,,,,,,89161000000,56925000000,0.638,,56925000000,,,,,,,,,,,,true,false,9,2019-01-01,2019-09-30,0
2019-10-31,59590,2018-12-31,3,47390000000,0.058,,,,,3918000000,0.127,4175000000,0.148,,2361000000,,47.39,,,,,,,,,,,,,,,,,,,,,,true,false,9,2018-01-01,2018-09-30,-1
2019-10-31,59590,2019-12-31,3,68500000000,0.057,,,,,6100000000,0.140,6200000000,0.107,,4300000000,,86.29,,,,,,,,,,,,,,,,,,,,,,true,true,12,2019-01-01,2019-12-31,0
2019-10-31,59590,2018-12-31,3,,,,,,,,,,,,,,,,,,,,87701000000,56333000000,0.642,,56333000000,,,,,,,,,,,,true,false,12,2018-01-01,2018-12-31,-1
2019-10-31,59590,2018-12-31,3,,,,,,,,,,,,,,,,,,,,,,,,,,,,,26.00,,,,53790632,3961539,,false,false,12,2018-01-01,2018-12-31,-1
2019-10-31,59590,2019-12-31,3,,,,,,,,,,,,,,,,,,,,,,,,,,,,,14.00,,,,,,,false,false,12,2019-01-01,2019-12-31,0
2019-10-31,59590,2019-12-31,3,,,,,,,,,,,,,,,,,,,,,,,,,,,,,28.00,,,,,,,false,true,12,2019-01-01,2019-12-31,0
2019-10-31,59590,2019-12-31,3,,,,,,,,,,,,,,,,,,,,,,,,,,,,,,,,,53790632,3959477,49830302,false,false,9,2019-01-01,2019-09-30,0
2019-10-31,59590,2018-12-31,3,,,,,,,,,,,,,,,,,,,,,,,,,,,,,,,,,,,49828249,false,false,9,2018-01-01,2018-09-30,-1
2020-02-14,59590,2019-12-31,,65409000000,0.010,,,,,5294000000,-0.010,5619000000,0.003,,3342000000,,67.07,,0.059,0.064,0.081,,88652000000,57869000000,0.653,1161.31,57869000000,3963000000,-5093000000,-1924000000,20604000000,,0.417,,,,,,true,false,12,2019-01-01,2019-12-31,0
2020-02-14,59590,2018-12-31,,64785000000,0.063,,,,,5349000000,0.104,5601000000,0.105,,3128000000,,62.79,,0.056,0.063,0.083,,87701000000,56333000000,0.642,1130.54,56333000000,3186000000,2211000000,-2678000000,23762000000,,0.414,,,,,,true,false,12,2018-01-01,2018-12-31,-1
2020-02-14,59590,2020-12-31,,31174000000,-0.020,,,,,2143000000,-0.145,2205000000,-0.193,,1055000000,,21.17,,,,,,,,,,,,,,,,,,,,,,true,true,6,2020-01-01,2020-06-30,1
2020-02-14,59590,2020-12-31,,66000000000,0.009,,,,,5600000000,0.058,5700000000,0.014,,3500000000,,70.24,,,,,,,,,,,,,,,,0.399,,,,,,true,true,12,2020-01-01,2020-12-31,1
2020-02-14,59590,2019-12-31,,47709000000,-0.002,,,,,4388000000,0.020,4836000000,0.036,3196000000,,-0.106,64.15,,,,,,78835000000,52122000000,0.661,1045.98,52122000000,,,,,28.00,,,,53790632,3958938,49830597,false,false,12,2019-01-01,2019-12-31,0
2020-02-14,59590,2018-12-31,,47824000000,0.053,,,,,4301000000,0.169,4667000000,0.085,3577000000,,0.156,71.80,,,,,,77715000000,49958000000,0.643,1002.61,49958000000,,,,,26.00,,,,53790632,3961539,49828434,false,false,12,2018-01-01,2018-12-31,-1
2020-02-14,59590,2020-12-31,,,,,,,,,,,,,,,,,,,,,,,,,,,,,,28.00,,,,,,,false,true,12,2020-01-01,2020-12-31,1
2020-05-20,59590,2020-12-31,1,15285000000,-0.010,,,,,813000000,-0.287,886000000,-0.247,,280000000,,5.66,,,,,,87470000000,56331000000,0.644,,56331000000,,,,,,,,,,,,true,false,3,2020-01-01,2020-03-31,0
2020-05-20,59590,2019-12-31,1,15439000000,0.067,,,,,1141000000,0.321,1176000000,0.256,,723000000,,14.52,,,,,,,,,,,,,,,,,,,,,,true,false,3,2019-01-01,2019-03-31,-1
2020-05-20,59590,2019-12-31,1,,,,,,,,,,,,,,,,,,,,88652000000,57869000000,0.653,,57869000000,,,,,,,,,,,,true,false,12,2019-01-01,2019-12-31,-1
2020-05-20,59590,2019-12-31,1,,,,,,,,,,,,,,,,,,,,,,,,,,,,,28.00,,,,53790632,3958938,,false,false,12,2019-01-01,2019-12-31,-1
2020-05-20,59590,2020-12-31,1,,,,,,,,,,,,,,,,,,,,,,,,,,,,,,,,,53790632,4676715,49619383,false,false,3,2020-01-01,2020-03-31,0
2020-05-20,59590,2019-12-31,1,,,,,,,,,,,,,,,,,,,,,,,,,,,,,,,,,,,49829352,false,false,3,2019-01-01,2019-03-31,-1
2020-06-16,59590,2020-12-31,,30740000000,,,,,,1830000000,,1930000000,,,940000000,,19.04,,,,,,,,,,,,,,,,,,,,,,true,true,6,2020-01-01,2020-06-30,0
2020-06-16,59590,2019-12-31,,31821000000,,,,,,2506000000,,2733000000,,,1685000000,,33.83,,,,,,,,,,,,,,,,,,,,,,true,false,6,2019-01-01,2019-06-30,-1
2020-07-30,59590,2020-12-31,2,31145000000,-0.021,,,,,1935000000,-0.228,2038000000,-0.254,,936000000,,19.01,,,,,,88641000000,56909000000,0.642,,56909000000,,,,,,,,,,,,true,false,6,2020-01-01,2020-06-30,0
2020-07-30,59590,2019-12-31,2,31821000000,0.033,,,,,2506000000,0.049,2733000000,0.052,,1685000000,,33.83,,,,,,,,,,,,,,,,,,,,,,true,false,6,2019-01-01,2019-06-30,-1
2020-07-30,59590,2020-12-31,2,63100000000,-0.035,,,,,4050000000,-0.235,4250000000,-0.244,,1850000000,,37.55,,,,,,,,,,,,,,,,,,,,,,true,true,12,2020-01-01,2020-12-31,0
2020-07-30,59590,2019-12-31,2,,,,,,,,,,,,,,,,,,,,88652000000,57869000000,0.653,,57869000000,,,,,,,,,,,,true,false,12,2019-01-01,2019-12-31,-1
2020-07-30,59590,2019-12-31,2,,,,,,,,,,,,,,,,,,,,,,,,,,,,,28.00,,,,53790632,3958938,,false,false,12,2019-01-01,2019-12-31,-1
2020-07-30,59590,2020-12-31,2,,,,,,,,,,,,,,,,,,,,,,,,,,,,,7.00,,,,,,,false,false,12,2020-01-01,2020-12-31,0
2020-07-30,59590,2020-12-31,2,,,,,,,,,,,,,,,,,,,,,,,,,,,,,14.00,,,,,,,false,true,12,2020-01-01,2020-12-31,0
2020-07-30,59590,2020-12-31,2,,,,,,,,,,,,,,,,,,,,,,,,,,,,,,,,,53790632,5153467,49257588,false,false,6,2020-01-01,2020-06-30,0
2020-07-30,59590,2019-12-31,2,,,,,,,,,,,,,,,,,,,,,,,,,,,,,,,,,,,49829936,false,false,6,2019-01-01,2019-06-30,-1
2020-10-30,59590,2020-12-31,3,46764000000,-0.040,,,,,3149000000,-0.215,3305000000,-0.229,,1672000000,,34.11,,,,,,88629000000,57226000000,0.646,,57226000000,,,,,,,,,,,,true,false,9,2020-01-01,2020-09-30,0
2020-10-30,59590,2019-12-31,3,48732000000,0.028,,,,,4013000000,0.024,4286000000,0.026,,2627000000,,52.73,,,,,,,,,,,,,,,,,,,,,,true,false,9,2019-01-01,2019-09-30,-1
2020-10-30,59590,2020-12-31,3,63100000000,-0.035,,,,,4050000000,-0.235,4250000000,-0.244,,1850000000,,37.55,,,,,,,,,,,,,,,,,,,,,,true,true,12,2020-01-01,2020-12-31,0
2020-10-30,59590,2019-12-31,3,,,,,,,,,,,,,,,,,,,,88652000000,57869000000,0.653,,57869000000,,,,,,,,,,,,true,false,12,2019-01-01,2019-12-31,-1
2020-10-30,59590,2019-12-31,3,,,,,,,,,,,,,,,,,,,,,,,,,,,,,28.00,,,,53790632,3958938,,false,false,12,2019-01-01,2019-12-31,-1
2020-10-30,59590,2020-12-31,3,,,,,,,,,,,,,,,,,,,,,,,,,,,,,7.00,,,,,,,false,false,12,2020-01-01,2020-12-31,0
2020-10-30,59590,2020-12-31,3,,,,,,,,,,,,,,,,,,,,,,,,,,,,,14.00,,,,,,,false,true,12,2020-01-01,2020-12-31,0
2020-10-30,59590,2020-12-31,3,,,,,,,,,,,,,,,,,,,,,,,,,,,,,,,,,53790632,5256105,49040654,false,false,9,2020-01-01,2020-09-30,0
2020-10-30,59590,2019-12-31,3,,,,,,,,,,,,,,,,,,,,,,,,,,,,,,,,,,,49830302,false,false,9,2019-01-01,2019-09-30,-1
2021-01-25,59590,2020-12-31,,63100000000,0.000,,,,,4490000000,0.109,4700000000,0.106,2700000000,,0.459,55.05,,,,,,,,,,,,,,,,,,,,,,true,true,12,2020-01-01,2020-12-31,0
2021-01-25,59590,2019-12-31,,65409000000,,,,,,5294000000,,5619000000,,3342000000,,,67.07,,,,,,,,,,,,,,,,,,,,,,true,false,12,2019-01-01,2019-12-31,-1
2021-02-12,59590,2020-12-31,,63127000000,-0.035,,,,,4496000000,-0.151,4702000000,-0.163,,2685000000,,54.90,,0.046,0.053,0.071,,89650000000,58363000000,0.651,1202.49,58363000000,4881000000,-1742000000,-1979000000,21982000000,,0.310,,,,,,true,false,12,2020-01-01,2020-12-31,0
2021-02-12,59590,2019-12-31,,65409000000,0.010,,,,,5294000000,-0.010,5619000000,0.003,,3342000000,,67.07,,0.059,0.064,0.081,,88652000000,57869000000,0.653,1161.31,57869000000,3963000000,-5093000000,-1924000000,20604000000,,0.417,,,,,,true,false,12,2019-01-01,2019-12-31,-1
2021-02-12,59590,2021-12-31,,31100000000,-0.001,,,,,2000000000,0.033,2050000000,0.006,,1010000000,,20.81,,,,,,,,,,,,,,,,,,,,,,true,true,6,2021-01-01,2021-06-30,1
2021-02-12,59590,2021-12-31,,65000000000,0.030,,,,,4900000000,0.090,5000000000,0.063,,3050000000,,62.84,,,,,,,,,,,,,,,,0.318,,,,,,true,true,12,2021-01-01,2021-12-31,1
2021-02-12,59590,2020-12-31,,45823000000,-0.040,,,,,4115000000,-0.062,4545000000,-0.060,3158000000,,-0.012,64.56,,,,,,79353000000,53209000000,0.671,1096.31,53209000000,,,,,17.00,,,,53790632,5255622,48923967,false,false,12,2020-01-01,2020-12-31,0
2021-02-12,59590,2019-12-31,,47709000000,-0.002,,,,,4388000000,0.020,4836000000,0.036,3196000000,,-0.106,64.15,,,,,,78835000000,52122000000,0.661,1045.98,52122000000,,,,,28.00,,,,53790632,3958938,49830597,false,false,12,2019-01-01,2019-12-31,-1
2021-02-12,59590,2021-12-31,,,,,,,,,,,,,,,,,,,,,,,,,,,,,,20.00,,,,,,,false,true,12,2021-01-01,2021-12-31,1
2021-04-28,59590,2021-12-31,1,14935000000,-0.023,,,,,855000000,0.052,891000000,0.006,,291000000,,6.00,,,,,,88514000000,58092000000,0.656,,58078000000,,,,,,,,,,,,true,false,3,2021-01-01,2021-03-31,0
2021-04-28,59590,2020-12-31,1,15285000000,-0.010,,,,,813000000,-0.287,886000000,-0.247,,280000000,,5.66,,,,,,,,,,,,,,,,,,,,,,true,false,3,2020-01-01,2020-03-31,-1
2021-04-28,59590,2021-12-31,1,31100000000,-0.001,,,,,2000000000,0.033,2050000000,0.006,,1010000000,,20.81,,,,,,,,,,,,,,,,,,,,,,true,true,6,2021-01-01,2021-06-30,0
2021-04-28,59590,2021-12-31,1,65000000000,0.030,,,,,4900000000,0.090,5000000000,0.063,,3050000000,,62.84,,,,,,,,,,,,,,,,,,,,,,true,true,12,2021-01-01,2021-12-31,0
2021-04-28,59590,2020-12-31,1,,,,,,,,,,,,,,,,,,,,89650000000,58363000000,0.651,,58363000000,,,,,,,,,,,,true,false,12,2020-01-01,2020-12-31,-1
2021-04-28,59590,2020-12-31,1,,,,,,,,,,,,,,,,,,,,,,,,,,,,,17.00,,,,53790632,5255622,,false,false,12,2020-01-01,2020-12-31,-1
2021-04-28,59590,2021-12-31,1,,,,,,,,,,,,,,,,,,,,,,,,,,,,,20.00,,,,,,,false,true,12,2021-01-01,2021-12-31,0
2021-04-28,59590,2021-12-31,1,,,,,,,,,,,,,,,,,,,,,,,,,,,,,,,,,53790632,5254548,48535704,false,false,3,2021-01-01,2021-03-31,0
2021-04-28,59590,2020-12-31,1,,,,,,,,,,,,,,,,,,,,,,,,,,,,,,,,,,,49619383,false,false,3,2020-01-01,2020-03-31,-1
2021-07-29,5959,2021-12-31,2,30870000000,-0.009,,,,,2041000000,0.055,2150000000,0.055,,1101000000,,22.67,,,,,,89845000000,59501000000,0.662,,59486000000,,,,,,,,,,,,true,false,6,2021-01-01,2021-06-30,0
2021-07-29,5959,2020-12-31,2,31145000000,-0.021,,,,,1935000000,-0.228,2038000000,-0.254,,936000000,,19.01,,,,,,,,,,,,,,,,,,,,,,true,false,6,2020-01-01,2020-06-30,-1
2021-07-29,5959,2021-12-31,2,65000000000,0.030,,,,,4900000000,0.090,5000000000,0.063,,3050000000,,62.84,,,,,,,,,,,,,,,,,,,,,,true,true,12,2021-01-01,2021-12-31,0
2021-07-29,5959,2020-12-31,2,,,,,,,,,,,,,,,,,,,,89650000000,58363000000,0.651,,58363000000,,,,,,,,,,,,true,false,12,2020-01-01,2020-12-31,-1
2021-07-29,5959,2020-12-31,2,,,,,,,,,,,,,,,,,,,,,,,,,,,,,17.00,,,,53790632,5255622,,false,false,12,2020-01-01,2020-12-31,-1
2021-07-29,5959,2021-12-31,2,,,,,,,,,,,,,,,,,,,,,,,,,,,,,10.00,,,,,,,false,false,12,2021-01-01,2021-12-31,0
2021-07-29,5959,2021-12-31,2,,,,,,,,,,,,,,,,,,,,,,,,,,,,,20.00,,,,,,,false,true,12,2021-01-01,2021-12-31,0
2021-07-29,5959,2021-12-31,2,,,,,,,,,,,,,,,,,,,,,,,,,,,,,,,,,53790632,5164357,48574231,false,false,6,2021-01-01,2021-06-30,0
2021-07-29,5959,2020-12-31,2,,,,,,,,,,,,,,,,,,,,,,,,,,,,,,,,,,,49257588,false,false,6,2020-01-01,2020-06-30,-1
2021-10-29,5959,2021-12-31,3,47101000000,0.007,,,,,3161000000,0.004,3465000000,0.048,,2007000000,,41.31,,,,,,90562000000,60186000000,0.664,,60171000000,,,,,,,,,,,,true,false,9,2021-01-01,2021-09-30,0
2021-10-29,5959,2020-12-31,3,46764000000,-0.040,,,,,3149000000,-0.215,3305000000,-0.229,,1672000000,,34.11,,,,,,,,,,,,,,,,,,,,,,true,false,9,2020-01-01,2020-09-30,-1
2021-10-29,5959,2021-12-31,3,65000000000,0.030,,,,,4900000000,0.090,5000000000,0.063,,3050000000,,62.84,,,,,,,,,,,,,,,,,,,,,,true,true,12,2021-01-01,2021-12-31,0
2021-10-29,5959,2020-12-31,3,,,,,,,,,,,,,,,,,,,,89650000000,58363000000,0.651,,58363000000,,,,,,,,,,,,true,false,12,2020-01-01,2020-12-31,-1
2021-10-29,5959,2020-12-31,3,,,,,,,,,,,,,,,,,,,,,,,,,,,,,17.00,,,,53790632,5255622,,false,false,12,2020-01-01,2020-12-31,-1
2021-10-29,5959,2021-12-31,3,,,,,,,,,,,,,,,,,,,,,,,,,,,,,10.00,,,,,,,false,false,12,2021-01-01,2021-12-31,0
2021-10-29,5959,2021-12-31,3,,,,,,,,,,,,,,,,,,,,,,,,,,,,,20.00,,,,,,,false,true,12,2021-01-01,2021-12-31,0
2021-10-29,5959,2021-12-31,3,,,,,,,,,,,,,,,,,,,,,,,,,,,,,,,,,53790632,5163423,48590081,false,false,9,2021-01-01,2021-09-30,0
2021-10-29,5959,2020-12-31,3,,,,,,,,,,,,,,,,,,,,,,,,,,,,,,,,,,,49040654,false,false,9,2020-01-01,2020-09-30,-1
2022-02-10,5959,2021-12-31,,64829000000,0.027,,,,,4334000000,-0.036,4726000000,0.005,,2627000000,,54.13,,0.044,0.052,0.067,,92018000000,60369000000,0.656,1258.60,60354000000,5504000000,-696000000,-3346000000,23575000000,,0.369,,,,,,true,false,12,2021-01-01,2021-12-31,0
2022-02-10,5959,2020-12-31,,63127000000,-0.035,,,,,4496000000,-0.151,4702000000,-0.163,,2685000000,,54.90,,0.046,0.053,0.071,,89650000000,58363000000,0.651,1202.49,58363000000,4881000000,-1742000000,-1979000000,21982000000,,0.310,,,,,,true,false,12,2020-01-01,2020-12-31,-1
2022-02-10,5959,2022-12-31,,34540000000,0.119,,,,,2070000000,0.014,2160000000,0.005,,1500000000,,31.28,,,,,,,,,,,,,,,,,,,,,,true,true,6,2022-01-01,2022-06-30,1
2022-02-10,5959,2022-12-31,,72500000000,0.118,,,,,5100000000,0.177,5300000000,0.121,,3450000000,,71.94,,,,,,,,,,,,,,,,0.306,,,,,,true,true,12,2022-01-01,2022-12-31,1
2022-02-10,5959,2021-12-31,,44424000000,-0.031,,,,,2994000000,-0.272,3943000000,-0.133,2915000000,,-0.077,60.08,,,,,,81212000000,54788000000,0.675,1142.53,54788000000,,,,,20.00,,,,50690632,2737124,48534202,false,false,12,2021-01-01,2021-12-31,0
2022-02-10,5959,2020-12-31,,45823000000,-0.040,,,,,4115000000,-0.062,4545000000,-0.060,3158000000,,-0.012,64.56,,,,,,79353000000,53209000000,0.671,1096.31,53209000000,,,,,17.00,,,,53790632,5255622,48923967,false,false,12,2020-01-01,2020-12-31,-1
2022-02-10,5959,2022-12-31,,,,,,,,,,,,,,,,,,,,,,,,,,,,,,22.00,,,,,,,false,true,12,2022-01-01,2022-12-31,1
2022-04-28,5959,2022-12-31,1,17588000000,0.178,,,,,1196000000,0.398,1233000000,0.384,,710000000,,14.97,,,,,,93672000000,60520000000,0.646,,60505000000,,,,,,,,,,,,true,false,3,2022-01-01,2022-03-31,0
2022-04-28,5959,2021-12-31,1,14935000000,-0.023,,,,,855000000,0.052,891000000,0.006,,291000000,,6.00,,,,,,,,,,,,,,,,,,,,,,true,false,3,2021-01-01,2021-03-31,-1
2022-04-28,5959,2022-12-31,1,34540000000,0.119,,,,,2070000000,0.014,2160000000,0.005,,1500000000,,31.28,,,,,,,,,,,,,,,,,,,,,,true,true,6,2022-01-01,2022-06-30,0
2022-04-28,5959,2022-12-31,1,72500000000,0.118,,,,,5100000000,0.177,5300000000,0.121,,3450000000,,71.94,,,,,,,,,,,,,,,,,,,,,,true,true,12,2022-01-01,2022-12-31,0
2022-04-28,5959,2021-12-31,1,,,,,,,,,,,,,,,,,,,,92018000000,60369000000,0.656,,60354000000,,,,,,,,,,,,true,false,12,2021-01-01,2021-12-31,-1
2022-04-28,5959,2021-12-31,1,,,,,,,,,,,,,,,,,,,,,,,,,,,,,20.00,,,,50690632,2737124,,false,false,12,2021-01-01,2021-12-31,-1
2022-04-28,5959,2022-12-31,1,,,,,,,,,,,,,,,,,,,,,,,,,,,,,22.00,,,,,,,false,true,12,2022-01-01,2022-12-31,0
2022-04-28,5959,2022-12-31,1,,,,,,,,,,,,,,,,,,,,,,,,,,,,,,,,,49290632,2035847,47492673,false,false,3,2022-01-01,2022-03-31,0
2022-04-28,5959,2021-12-31,1,,,,,,,,,,,,,,,,,,,,,,,,,,,,,,,,,,,48535704,false,false,3,2021-01-01,2021-03-31,-1
2022-07-28,59590,2022-12-31,,36267000000,0.050,,,,,2446000000,0.182,2555000000,0.183,2137000000,,0.425,45.07,,,,,,,,,,,,,,,,,,,,,,true,true,12,2022-01-01,2022-12-31,0
2022-07-28,59590,2021-12-31,,30870000000,,,,,,2041000000,,2150000000,,1101000000,,,22.67,,,,,,,,,,,,,,,,,,,,,,true,false,12,2021-01-01,2021-12-31,-1
2022-07-29,5959,2022-12-31,2,36267000000,0.175,,,,,2446000000,0.198,2555000000,0.188,,2137000000,,45.07,,,,,,96945000000,62797000000,0.648,,62781000000,,,,,,,,,,,,true,false,6,2022-01-01,2022-06-30,0
2022-07-29,5959,2021-12-31,2,30870000000,-0.009,,,,,2041000000,0.055,2150000000,0.055,,1101000000,,22.67,,,,,,,,,,,,,,,,,,,,,,true,false,6,2021-01-01,2021-06-30,-1
2022-07-29,5959,2022-12-31,2,75850000000,0.170,,,,,5200000000,0.200,5400000000,0.142,,3850000000,,81.25,,,,,,,,,,,,,,,,,,,,,,true,true,12,2022-01-01,2022-12-31,0
2022-07-29,5959,2021-12-31,2,,,,,,,,,,,,,,,,,,,,92018000000,60369000000,0.656,,60354000000,,,,,,,,,,,,true,false,12,2021-01-01,2021-12-31,-1
2022-07-29,5959,2021-12-31,2,,,,,,,,,,,,,,,,,,,,,,,,,,,,,20.00,,,,50690632,2737124,,false,false,12,2021-01-01,2021-12-31,-1
2022-07-29,5959,2022-12-31,2,,,,,,,,,,,,,,,,,,,,,,,,,,,,,12.00,,,,,,,false,false,12,2022-01-01,2022-12-31,0
2022-07-29,5959,2022-12-31,2,,,,,,,,,,,,,,,,,,,,,,,,,,,,,24.00,,,,,,,false,true,12,2022-01-01,2022-12-31,0
2022-07-29,5959,2022-12-31,2,,,,,,,,,,,,,,,,,,,,,,,,,,,,,,,,,49290632,1950607,47427104,false,false,6,2022-01-01,2022-06-30,0
2022-07-29,5959,2021-12-31,2,,,,,,,,,,,,,,,,,,,,,,,,,,,,,,,,,,,48574231,false,false,6,2021-01-01,2021-06-30,-1
2022-10-28,5959,2022-12-31,3,56444000000,0.198,,,,,3920000000,0.240,4080000000,0.177,,3187000000,,67.23,,,,,,101691000000,65828000000,0.647,,65811000000,,,,,,,,,,,,true,false,9,2022-01-01,2022-09-30,0
2022-10-28,5959,2021-12-31,3,47101000000,0.007,,,,,3161000000,0.004,3465000000,0.048,,2007000000,,41.31,,,,,,,,,,,,,,,,,,,,,,true,false,9,2021-01-01,2021-09-30,-1
2022-10-28,5959,2022-12-31,3,75850000000,0.170,,,,,5200000000,0.200,5400000000,0.142,,3850000000,,81.25,,,,,,,,,,,,,,,,,,,,,,true,true,12,2022-01-01,2022-12-31,0
2022-10-28,5959,2021-12-31,3,,,,,,,,,,,,,,,,,,,,92018000000,60369000000,0.656,,60354000000,,,,,,,,,,,,true,false,12,2021-01-01,2021-12-31,-1
2022-10-28,5959,2021-12-31,3,,,,,,,,,,,,,,,,,,,,,,,,,,,,,20.00,,,,50690632,2737124,,false,false,12,2021-01-01,2021-12-31,-1
2022-10-28,5959,2022-12-31,3,,,,,,,,,,,,,,,,,,,,,,,,,,,,,12.00,,,,,,,false,false,12,2022-01-01,2022-12-31,0
2022-10-28,5959,2022-12-31,3,,,,,,,,,,,,,,,,,,,,,,,,,,,,,24.00,,,,,,,false,true,12,2022-01-01,2022-12-31,0
2022-10-28,5959,2022-12-31,3,,,,,,,,,,,,,,,,,,,,,,,,,,,,,,,,,49290632,1948230,47401558,false,false,9,2022-01-01,2022-09-30,0
2022-10-28,5959,2021-12-31,3,,,,,,,,,,,,,,,,,,,,,,,,,,,,,,,,,,,48590081,false,false,9,2021-01-01,2021-09-30,-1
2023-02-10,5959,2022-12-31,,76854000000,0.185,,,,,5271000000,0.216,5471000000,0.158,,3848000000,,81.30,,0.060,0.056,0.069,,103894000000,67111000000,0.646,1432.47,67092000000,1975000000,-8202000000,-18000000,18156000000,,0.295,,,,,,true,false,12,2022-01-01,2022-12-31,0
2023-02-10,5959,2021-12-31,,64829000000,0.027,,,,,4334000000,-0.036,4726000000,0.005,,2627000000,,54.13,,0.044,0.052,0.067,,92018000000,60369000000,0.656,1258.60,60354000000,5504000000,-696000000,-3346000000,23575000000,,0.369,,,,,,true,false,12,2021-01-01,2021-12-31,-1
2023-02-10,5959,2023-12-31,,38800000000,0.070,,,,,2570000000,0.050,2610000000,0.021,,1770000000,,37.79,,,,,,,,,,,,,,,,,,,,,,true,true,6,2023-01-01,2023-06-30,1
2023-02-10,5959,2023-12-31,,82000000000,0.067,,,,,5700000000,0.081,5800000000,0.060,,3890000000,,83.05,,,,,,,,,,,,,,,,0.301,,,,,,true,true,12,2023-01-01,2023-12-31,1
2023-02-10,5959,2022-12-31,,46286000000,0.042,,,,,3884000000,0.297,4681000000,0.187,3890000000,,0.334,82.21,,,,,,83245000000,56288000000,0.676,1201.80,56288000000,,,,,24.00,,,,49290632,2453507,47329267,false,false,12,2022-01-01,2022-12-31,0
2023-02-10,5959,2021-12-31,,44424000000,-0.031,,,,,2994000000,-0.272,3943000000,-0.133,2915000000,,-0.077,60.08,,,,,,81212000000,54788000000,0.675,1142.53,54788000000,,,,,20.00,,,,50690632,2737124,48534202,false,false,12,2021-01-01,2021-12-31,-1
2023-02-10,5959,2023-12-31,,,,,,,,,,,,,,,,,,,,,,,,,,,,,,25.00,,,,,,,false,true,12,2023-01-01,2023-12-31,1
2023-04-28,5959,2023-12-31,1,18671000000,0.062,,,,,968000000,-0.191,962000000,-0.220,,533000000,,11.46,,,,,,98664000000,64706000000,0.656,,64690000000,,,,,,,,,,,,true,false,3,2023-01-01,2023-03-31,0
2023-04-28,5959,2022-12-31,1,17588000000,0.178,,,,,1196000000,0.398,1233000000,0.384,,710000000,,14.97,,,,,,,,,,,,,,,,,,,,,,true,false,3,2022-01-01,2022-03-31,-1
2023-04-28,5959,2023-12-31,1,38800000000,0.070,,,,,2570000000,0.050,2610000000,0.021,,1770000000,,37.79,,,,,,,,,,,,,,,,,,,,,,true,true,6,2023-01-01,2023-06-30,0
2023-04-28,5959,2023-12-31,1,82000000000,0.067,,,,,5700000000,0.081,5800000000,0.060,,3890000000,,83.05,,,,,,,,,,,,,,,,,,,,,,true,true,12,2023-01-01,2023-12-31,0
2023-04-28,5959,2022-12-31,1,,,,,,,,,,,,,,,,,,,,103894000000,67111000000,0.646,,67092000000,,,,,,,,,,,,true,false,12,2022-01-01,2022-12-31,-1
2023-04-28,5959,2022-12-31,1,,,,,,,,,,,,,,,,,,,,,,,,,,,,,24.00,,,,49290632,2453507,,false,false,12,2022-01-01,2022-12-31,-1
2023-04-28,5959,2023-12-31,1,,,,,,,,,,,,,,,,,,,,,,,,,,,,,25.00,,,,,,,false,true,12,2023-01-01,2023-12-31,0
2023-04-28,5959,2023-12-31,1,,,,,,,,,,,,,,,,,,,,,,,,,,,,,,,,,49290632,3003794,46577325,false,false,3,2023-01-01,2023-03-31,0
2023-04-28,5959,2022-12-31,1,,,,,,,,,,,,,,,,,,,,,,,,,,,,,,,,,,,47492673,false,false,3,2022-01-01,2022-03-31,-1
2023-06-22,59590,2023-12-31,,79300000000,-0.033,,,,,4100000000,-0.281,4200000000,-0.276,,2320000000,,50.12,,,,,,,,,,,,,,,,,,,,,,true,true,12,2023-01-01,2023-12-31,0
2023-06-22,59590,2022-12-31,,76854000000,,,,,,5271000000,,5471000000,,,3848000000,,81.30,,,,,,,,,,,,,,,,,,,,,,true,false,12,2022-01-01,2022-12-31,-1
2023-07-28,5959,2023-12-31,2,38021000000,0.048,,,,,2042000000,-0.165,2074000000,-0.188,,-116000000,,-2.50,,,,,,99260000000,64902000000,0.654,,64885000000,,,,,,,,,,,,true,false,6,2023-01-01,2023-06-30,0
2023-07-28,5959,2022-12-31,2,36267000000,0.175,,,,,2446000000,0.198,2555000000,0.188,,2137000000,,45.07,,,,,,,,,,,,,,,,,,,,,,true,false,6,2022-01-01,2022-06-30,-1
2023-07-28,5959,2023-12-31,2,79300000000,0.032,,,,,4100000000,-0.222,4200000000,-0.232,,950000000,,20.52,,,,,,,,,,,,,,,,,,,,,,true,true,12,2023-01-01,2023-12-31,0
2023-07-28,5959,2022-12-31,2,,,,,,,,,,,,,,,,,,,,103894000000,67111000000,0.646,,67092000000,,,,,,,,,,,,true,false,12,2022-01-01,2022-12-31,-1
2023-07-28,5959,2022-12-31,2,,,,,,,,,,,,,,,,,,,,,,,,,,,,,24.00,,,,49290632,2453507,,false,false,12,2022-01-01,2022-12-31,-1
2023-07-28,5959,2023-12-31,2,,,,,,,,,,,,,,,,,,,,,,,,,,,,,12.50,,,,,,,false,false,12,2023-01-01,2023-12-31,0
2023-07-28,5959,2023-12-31,2,,,,,,,,,,,,,,,,,,,,,,,,,,,,,25.00,,,,,,,false,true,12,2023-01-01,2023-12-31,0
2023-07-28,5959,2023-12-31,2,,,,,,,,,,,,,,,,,,,,,,,,,,,,,,,,,49290632,3131913,46401540,false,false,6,2023-01-01,2023-06-30,0
2023-07-28,5959,2022-12-31,2,,,,,,,,,,,,,,,,,,,,,,,,,,,,,,,,,,,47427104,false,false,6,2022-01-01,2022-06-30,-1
2023-10-27,5959,2023-12-31,3,58162000000,0.030,,,,,3419000000,-0.128,3553000000,-0.129,,745000000,,16.08,,,,,,99709000000,67768000000,0.679,,67749000000,,,,,,,,,,,,true,false,9,2023-01-01,2023-09-30,0
2023-10-27,5959,2022-12-31,3,56444000000,0.198,,,,,3920000000,0.240,4080000000,0.177,,3187000000,,67.23,,,,,,,,,,,,,,,,,,,,,,true,false,9,2022-01-01,2022-09-30,-1
2023-10-27,5959,2023-12-31,3,79300000000,0.032,,,,,4100000000,-0.222,4200000000,-0.232,,950000000,,20.52,,,,,,,,,,,,,,,,,,,,,,true,true,12,2023-01-01,2023-12-31,0
2023-10-27,5959,2022-12-31,3,,,,,,,,,,,,,,,,,,,,103894000000,67111000000,0.646,,67092000000,,,,,,,,,,,,true,false,12,2022-01-01,2022-12-31,-1
2023-10-27,5959,2022-12-31,3,,,,,,,,,,,,,,,,,,,,,,,,,,,,,24.00,,,,49290632,2453507,,false,false,12,2022-01-01,2022-12-31,-1
2023-10-27,5959,2023-12-31,3,,,,,,,,,,,,,,,,,,,,,,,,,,,,,12.50,,,,,,,false,false,12,2023-01-01,2023-12-31,0
2023-10-27,5959,2023-12-31,3,,,,,,,,,,,,,,,,,,,,,,,,,,,,,25.00,,,,,,,false,true,12,2023-01-01,2023-12-31,0
2023-10-27,5959,2023-12-31,3,,,,,,,,,,,,,,,,,,,,,,,,,,,,,,,,,49290632,3131416,46328785,false,false,9,2023-01-01,2023-09-30,0
2023-10-27,5959,2022-12-31,3,,,,,,,,,,,,,,,,,,,,,,,,,,,,,,,,,,,47401558,false,false,9,2022-01-01,2022-09-30,-1
2024-01-25,59590,2023-12-31,,78300000000,-0.013,,,,,4100000000,0.000,4300000000,0.024,,950000000,,20.52,,,,,,,,,,,,,,,,,,,,,,true,true,12,2023-01-01,2023-12-31,0
2024-01-25,59590,2022-12-31,,76854000000,,,,,,5271000000,,5471000000,,,3848000000,,81.30,,,,,,,,,,,,,,,,,,,,,,true,false,12,2022-01-01,2022-12-31,-1
2024-02-19,5959,2023-12-31,,78152000000,0.017,,,,,4082000000,-0.225,4303000000,-0.213,,-7097000000,,-153.32,,-0.111,0.045,0.052,,88792000000,60435000000,0.680,1308.78,60417000000,6202000000,-1632000000,-8567000000,12683000000,,,,,,,,true,false,12,2023-01-01,2023-12-31,0
2024-02-19,5959,2022-12-31,,76854000000,0.185,,,,,5271000000,0.216,5471000000,0.158,,3848000000,,81.30,,0.060,0.056,0.069,,103894000000,67111000000,0.646,1432.47,67092000000,1975000000,-8202000000,-18000000,18156000000,,0.295,,,,,,true,false,12,2022-01-01,2022-12-31,-1
2024-02-19,5959,2024-12-31,,33240000000,-0.126,,,,,1820000000,-0.109,1950000000,-0.060,,1200000000,,25.99,,,,,,,,,,,,,,,,,,,,,,true,true,6,2024-01-01,2024-06-30,1
2024-02-19,5959,2024-12-31,,70000000000,-0.104,,,,,4100000000,0.004,4400000000,0.022,,2800000000,,60.65,,,,,,,,,,,,,,,,0.495,,,,,,true,true,12,2024-01-01,2024-12-31,1
2024-02-19,5959,2023-12-31,,47257000000,0.021,,,,,3731000000,-0.039,4180000000,-0.107,-978000000,,,-21.14,,,,,,79699000000,54855000000,0.688,1188.30,54855000000,,,,,25.00,,,,49290632,3127693,46290355,false,false,12,2023-01-01,2023-12-31,0
2024-02-19,5959,2022-12-31,,46286000000,0.042,,,,,3884000000,0.297,4681000000,0.187,3890000000,,0.334,82.21,,,,,,83245000000,56288000000,0.676,1201.80,56288000000,,,,,24.00,,,,49290632,2453507,47329267,false,false,12,2022-01-01,2022-12-31,-1
2024-02-19,5959,2024-12-31,,,,,,,,,,,,,,,,,,,,,,,,,,,,,,30.00,,,,,,,false,true,12,2024-01-01,2024-12-31,1
2024-02-19,5959,2023-12-31,,78152000000,0.017,,,,,4082000000,-0.225,4303000000,-0.213,,-5472000000,,-118.22,,-0.085,0.044,0.052,,89885000000,62060000000,0.690,1343.98,62042000000,6202000000,-1769000000,-8567000000,12539000000,,,,,,,,true,false,12,2023-01-01,2023-12-31,0
2024-02-19,5959,2022-12-31,,76854000000,0.185,,,,,5271000000,0.216,5471000000,0.158,,3848000000,,81.30,,0.060,0.056,0.069,,103894000000,67111000000,0.646,1432.47,67092000000,1975000000,-8202000000,-18000000,18156000000,,0.295,,,,,,true,false,12,2022-01-01,2022-12-31,-1
2024-02-19,5959,2024-12-31,,33240000000,-0.126,,,,,1820000000,-0.109,1950000000,-0.060,,1200000000,,25.99,,,,,,,,,,,,,,,,,,,,,,true,true,6,2024-01-01,2024-06-30,1
2024-02-19,5959,2024-12-31,,70000000000,-0.104,,,,,4100000000,0.004,4400000000,0.022,,2800000000,,60.65,,,,,,,,,,,,,,,,0.495,,,,,,true,true,12,2024-01-01,2024-12-31,1
2024-02-19,5959,2023-12-31,,47257000000,0.021,,,,,3731000000,-0.039,4180000000,-0.107,-978000000,,,-21.14,,,,,,79699000000,54855000000,0.688,1188.30,54855000000,,,,,25.00,,,,49290632,3127693,46290355,false,false,12,2023-01-01,2023-12-31,0
2024-02-19,5959,2022-12-31,,46286000000,0.042,,,,,3884000000,0.297,4681000000,0.187,3890000000,,0.334,82.21,,,,,,83245000000,56288000000,0.676,1201.80,56288000000,,,,,24.00,,,,49290632,2453507,47329267,false,false,12,2022-01-01,2022-12-31,-1
2024-02-19,5959,2024-12-31,,,,,,,,,,,,,,,,,,,,,,,,,,,,,,30.00,,,,,,,false,true,12,2024-01-01,2024-12-31,1
2024-04-26,5959,2024-12-31,1,15671000000,-0.161,,,,,801000000,-0.173,854000000,-0.113,,578000000,,12.54,,,,,,87107000000,61767000000,0.709,,61749000000,,,,,,,,,,,,true,false,3,2024-01-01,2024-03-31,0
2024-04-26,5959,2023-12-31,1,18671000000,0.062,,,,,968000000,-0.191,962000000,-0.220,,533000000,,11.46,,,,,,,,,,,,,,,,,,,,,,true,false,3,2023-01-01,2023-03-31,-1
2024-04-26,5959,2024-12-31,1,33240000000,-0.126,,,,,1820000000,-0.109,1950000000,-0.060,,1200000000,,25.99,,,,,,,,,,,,,,,,,,,,,,true,true,6,2024-01-01,2024-06-30,0
2024-04-26,5959,2024-12-31,1,70000000000,-0.104,,,,,4100000000,0.004,4400000000,0.022,,2800000000,,60.65,,,,,,,,,,,,,,,,,,,,,,true,true,12,2024-01-01,2024-12-31,0
2024-04-26,5959,2023-12-31,1,,,,,,,,,,,,,,,,,,,,89885000000,62060000000,0.690,,62042000000,,,,,,,,,,,,true,false,12,2023-01-01,2023-12-31,-1
2024-04-26,5959,2023-12-31,1,,,,,,,,,,,,,,,,,,,,,,,,,,,,,25.00,,,,49290632,3127693,,false,false,12,2023-01-01,2023-12-31,-1
2024-04-26,5959,2024-12-31,1,,,,,,,,,,,,,,,,,,,,,,,,,,,,,30.00,,,,,,,false,true,12,2024-01-01,2024-12-31,0
2024-04-26,5959,2024-12-31,1,,,,,,,,,,,,,,,,,,,,,,,,,,,,,,,,,49290632,3123686,46164963,false,false,3,2024-01-01,2024-03-31,0
2024-04-26,5959,2023-12-31,1,,,,,,,,,,,,,,,,,,,,,,,,,,,,,,,,,,,46577325,false,false,3,2023-01-01,2023-03-31,-1
2024-07-26,5959,2024-12-31,2,31813000000,-0.163,,,,,1770000000,-0.133,1934000000,-0.068,,1339000000,,28.99,,,,,,88658000000,63932000000,0.721,,63913000000,,,,,,,,,,,,true,false,6,2024-01-01,2024-06-30,0
2024-07-26,5959,2023-12-31,2,38021000000,0.048,,,,,2042000000,-0.165,2074000000,-0.188,,-116000000,,-2.50,,,,,,,,,,,,,,,,,,,,,,true,false,6,2023-01-01,2023-06-30,-1
2024-07-26,5959,2024-12-31,2,70000000000,-0.104,,,,,4100000000,0.004,4400000000,0.022,,2800000000,,60.65,,,,,,,,,,,,,,,,,,,,,,true,true,12,2024-01-01,2024-12-31,0
2024-07-26,5959,2023-12-31,2,,,,,,,,,,,,,,,,,,,,89885000000,62060000000,0.690,,62042000000,,,,,,,,,,,,true,false,12,2023-01-01,2023-12-31,-1
2024-07-26,5959,2023-12-31,2,,,,,,,,,,,,,,,,,,,,,,,,,,,,,25.00,,,,49290632,3127693,,false,false,12,2023-01-01,2023-12-31,-1
2024-07-26,5959,2024-12-31,2,,,,,,,,,,,,,,,,,,,,,,,,,,,,,15.00,,,,,,,false,false,12,2024-01-01,2024-12-31,0
2024-07-26,5959,2024-12-31,2,,,,,,,,,,,,,,,,,,,,,,,,,,,,,30.00,,,,,,,false,true,12,2024-01-01,2024-12-31,0
2024-07-26,5959,2024-12-31,2,,,,,,,,,,,,,,,,,,,,,,,,,,,,,,,,,49290632,3045832,46198654,false,false,6,2024-01-01,2024-06-30,0
2024-07-26,5959,2023-12-31,2,,,,,,,,,,,,,,,,,,,,,,,,,,,,,,,,,,,46401540,false,false,6,2023-01-01,2023-06-30,-1
2024-11-12,5959,2024-12-31,3,49623000000,-0.147,,,,,3158000000,-0.076,3364000000,-0.053,,2332000000,,50.48,,,,,,90048000000,64847000000,0.720,,64827000000,,,,,,,,,,,,true,false,9,2024-01-01,2024-09-30,0
2024-11-12,5959,2023-12-31,3,58162000000,0.030,,,,,3419000000,-0.128,3553000000,-0.129,,745000000,,16.08,,,,,,,,,,,,,,,,,,,,,,true,false,9,2023-01-01,2023-09-30,-1
2024-11-12,5959,2024-12-31,3,70000000000,-0.104,,,,,4100000000,0.004,4400000000,0.022,,2800000000,,60.65,,,,,,,,,,,,,,,,,,,,,,true,true,12,2024-01-01,2024-12-31,0
2024-11-12,5959,2023-12-31,3,,,,,,,,,,,,,,,,,,,,89885000000,62060000000,0.690,,62042000000,,,,,,,,,,,,true,false,12,2023-01-01,2023-12-31,-1
2024-11-12,5959,2023-12-31,3,,,,,,,,,,,,,,,,,,,,,,,,,,,,,25.00,,,,49290632,3127693,,false,false,12,2023-01-01,2023-12-31,-1
2024-11-12,5959,2024-12-31,3,,,,,,,,,,,,,,,,,,,,,,,,,,,,,15.00,,,,,,,false,false,12,2024-01-01,2024-12-31,0
2024-11-12,5959,2024-12-31,3,,,,,,,,,,,,,,,,,,,,,,,,,,,,,30.00,,,,,,,false,true,12,2024-01-01,2024-12-31,0
2024-11-12,5959,2024-12-31,3,,,,,,,,,,,,,,,,,,,,,,,,,,,,,,,,,49290632,3044423,46212696,false,false,9,2024-01-01,2024-09-30,0
2024-11-12,5959,2023-12-31,3,,,,,,,,,,,,,,,,,,,,,,,,,,,,,,,,,,,46328785,false,false,9,2023-01-01,2023-09-30,-1
2024-11-27,59590,2024-12-31,,70000000000,0.000,,,,,4100000000,0.000,4400000000,0.000,,-1000000000,,-21.64,,,,,,,,,,,,,,,,,,,,,,true,true,12,2024-01-01,2024-12-31,0
2024-11-27,59590,2023-12-31,,78152000000,,,,,,4082000000,,4303000000,,,-5472000000,,-118.22,,,,,,,,,,,,,,,,,,,,,,true,false,12,2023-01-01,2023-12-31,-1
2025-02-14,5959,2024-12-31,,67806000000,-0.132,,,,,4194000000,0.027,4422000000,0.028,,-874000000,,-18.91,,-0.014,0.050,0.062,,86993000000,59541000000,0.684,1286.99,59523000000,3729000000,-2423000000,-2413000000,11364000000,,,,,,,,true,false,12,2024-01-01,2024-12-31,0
2025-02-14,5959,2023-12-31,,78152000000,0.017,,,,,4082000000,-0.225,4303000000,-0.213,,-5472000000,,-118.22,,-0.085,0.044,0.052,,89885000000,62060000000,0.690,1343.98,62042000000,6202000000,-1769000000,-8567000000,12539000000,,,,,,,,true,false,12,2023-01-01,2023-12-31,-1
2025-02-14,5959,2025-12-31,,34600000000,0.088,,,,,1950000000,0.101,2000000000,0.034,,1350000000,,29.19,,,,,,,,,,,,,,,,,,,,,,true,true,6,2025-01-01,2025-06-30,1
2025-02-14,5959,2025-12-31,,72500000000,0.069,,,,,4700000000,0.120,4800000000,0.085,,3120000000,,67.46,,,,,,,,,,,,,,,,0.608,,,,,,true,true,12,2025-01-01,2025-12-31,1
2025-02-14,5959,2024-12-31,,45526000000,-0.037,,,,,3110000000,-0.166,3414000000,-0.183,-1625000000,,,-35.16,,,,,,76077000000,52396000000,0.689,1132.90,52396000000,,,,,35.00,,,,49290632,3040747,46221122,false,false,12,2024-01-01,2024-12-31,0
2025-02-14,5959,2023-12-31,,47257000000,0.021,,,,,3731000000,-0.039,4180000000,-0.107,-978000000,,,-21.14,,,,,,79699000000,54855000000,0.688,1188.30,54855000000,,,,,25.00,,,,49290632,3127693,46290355,false,false,12,2023-01-01,2023-12-31,-1
2025-02-14,5959,2025-12-31,,,,,,,,,,,,,,,,,,,,,,,,,,,,,,41.00,,,,,,,false,true,12,2025-01-01,2025-12-31,1
2025-04-30,5959,2025-12-31,1,15997000000,0.021,,,,,981000000,0.226,1055000000,0.236,,743000000,,16.12,,,,,,87342000000,60766000000,0.696,,60747000000,,,,,,,,,,,,true,false,3,2025-01-01,2025-03-31,0
2025-04-30,5959,2024-12-31,1,15671000000,-0.161,,,,,801000000,-0.173,854000000,-0.113,,578000000,,12.54,,,,,,,,,,,,,,,,,,,,,,true,false,3,2024-01-01,2024-03-31,-1
2025-04-30,5959,2025-12-31,1,34600000000,0.088,,,,,1950000000,0.101,2000000000,0.034,,1350000000,,29.19,,,,,,,,,,,,,,,,,,,,,,true,true,6,2025-01-01,2025-06-30,0
2025-04-30,5959,2025-12-31,1,72500000000,0.069,,,,,4700000000,0.120,4800000000,0.085,,3120000000,,67.46,,,,,,,,,,,,,,,,,,,,,,true,true,12,2025-01-01,2025-12-31,0
2025-04-30,5959,2024-12-31,1,,,,,,,,,,,,,,,,,,,,86993000000,59541000000,0.684,,59523000000,,,,,,,,,,,,true,false,12,2024-01-01,2024-12-31,-1
2025-04-30,5959,2024-12-31,1,,,,,,,,,,,,,,,,,,,,,,,,,,,,,35.00,,,,49290632,3040747,,false,false,12,2024-01-01,2024-12-31,-1
2025-04-30,5959,2025-12-31,1,,,,,,,,,,,,,,,,,,,,,,,,,,,,,41.00,,,,,,,false,true,12,2025-01-01,2025-12-31,0
2025-04-30,5959,2025-12-31,1,,,,,,,,,,,,,,,,,,,,,,,,,,,,,,,,,49290632,3410558,46127080,false,false,3,2025-01-01,2025-03-31,0
2025-04-30,5959,2024-12-31,1,,,,,,,,,,,,,,,,,,,,,,,,,,,,,,,,,,,46164963,false,false,3,2024-01-01,2024-03-31,-1
2025-07-31,5959,2025-12-31,2,33069000000,0.039,,,,,2273000000,0.284,2443000000,0.263,,1752000000,,38.16,,,,,,87577000000,60429000000,0.690,,60411000000,,,,,,,,,,,,true,false,6,2025-01-01,2025-06-30,0
2025-07-31,5959,2024-12-31,2,31813000000,-0.163,,,,,1770000000,-0.133,1934000000,-0.068,,1339000000,,28.99,,,,,,,,,,,,,,,,,,,,,,true,false,6,2024-01-01,2024-06-30,-1
2025-07-31,5959,2025-12-31,2,72500000000,0.069,,,,,4700000000,0.120,4800000000,0.085,,3120000000,,67.46,,,,,,,,,,,,,,,,,,,,,,true,true,12,2025-01-01,2025-12-31,0
2025-07-31,5959,2024-12-31,2,,,,,,,,,,,,,,,,,,,,86993000000,59541000000,0.684,,59523000000,,,,,,,,,,,,true,false,12,2024-01-01,2024-12-31,-1
2025-07-31,5959,2024-12-31,2,,,,,,,,,,,,,,,,,,,,,,,,,,,,,35.00,,,,49290632,3040747,,false,false,12,2024-01-01,2024-12-31,-1
2025-07-31,5959,2025-12-31,2,,,,,,,,,,,,,,,,,,,,,,,,,,,,,20.00,,,,,,,false,false,12,2025-01-01,2025-12-31,0
2025-07-31,5959,2025-12-31,2,,,,,,,,,,,,,,,,,,,,,,,,,,,,,41.00,,,,,,,false,true,12,2025-01-01,2025-12-31,0
2025-07-31,5959,2025-12-31,2,,,,,,,,,,,,,,,,,,,,,,,,,,,,,,,,,49290632,3677573,45911603,false,false,6,2025-01-01,2025-06-30,0
2025-07-31,5959,2024-12-31,2,,,,,,,,,,,,,,,,,,,,,,,,,,,,,,,,,,,46198654,false,false,6,2024-01-01,2024-06-30,-1
