filing_date,code,fiscal_year_end,quarterly_period,net_sales,net_sales_change,revenue,revenue_change,operating_revenue,operating_revenue_change,operating_profit,operating_profit_change,ordinary_profit,ordinary_profit_change,net_income,net_income_of_parent,net_income_change,eps,diluted_eps,roe,roa,operating_profit_to_net_sales,operating_profit_to_revenue,total_assets,net_assets,equity_ratio,bps,owner_equity,operating_cash_flow,investing_cash_flow,financing_cash_flow,cash,dividend_per_share,payout_ratio,commemorative_dividend,extra_dividend,number_of_shares,number_of_treqsury_shares,avg_number_of_shares,is_consolidated,is_forecast,duration,period_start,period_end,period_pos
2015-07-30,59920,2016-03-31,1,20547000000,0.016,,,,,-279000000,,76000000,-0.081,,36000000,,0.59,,,,,,96924000000,59567000000,0.578,,55976000000,,,,,,,,,,,,true,false,3,2015-04-01,2015-06-30,0
2015-07-30,59920,2015-03-31,1,20222000000,-0.026,,,,,121000000,-0.608,83000000,-0.907,,181000000,,2.90,,,,,,,,,,,,,,,,,,,,,,true,false,3,2014-04-01,2014-06-30,-1
2015-07-30,59920,2016-03-31,1,41000000000,-0.011,,,,,100000000,-0.713,100000000,-0.906,,50000000,,0.80,,,,,,,,,,,,,,,,,,,,,,true,true,6,2015-04-01,2015-09-30,0
2015-07-30,59920,2016-03-31,1,85800000000,0.003,,,,,1300000000,0.061,1400000000,-0.415,,800000000,,12.76,,,,,,,,,,,,,,,,,,,,,,true,true,12,2015-04-01,2016-03-31,0
2015-07-30,59920,2015-03-31,1,,,,,,,,,,,,,,,,,,,,97248000000,59548000000,0.575,,55904000000,,,,,,,,,,,,true,false,12,2014-04-01,2015-03-31,-1
2015-07-30,59920,2015-03-31,1,,,,,,,,,,,,,,,,,,,,,,,,,,,,,8.00,,,,63855994,1168781,,false,false,12,2014-04-01,2015-03-31,-1
2015-07-30,59920,2016-03-31,1,,,,,,,,,,,,,,,,,,,,,,,,,,,,,8.00,,,,,,,false,true,12,2015-04-01,2016-03-31,0
2015-07-30,59920,2016-03-31,1,,,,,,,,,,,,,,,,,,,,,,,,,,,,,,,,,63855994,1174771,62683818,false,false,3,2015-04-01,2015-06-30,0
2015-07-30,59920,2015-03-31,1,,,,,,,,,,,,,,,,,,,,,,,,,,,,,,,,,,,62708500,false,false,3,2014-04-01,2014-06-30,-1
2015-09-25,59920,2016-03-31,,40600000000,-0.010,,,,,-150000000,,100000000,0.000,,50000000,,0.80,,,,,,,,,,,,,,,,,,,,,,true,true,6,2015-04-01,2015-09-30,0
2015-09-25,59920,2015-03-31,,41473000000,,,,,,349000000,,1063000000,,,864000000,,13.79,,,,,,,,,,,,,,,,,,,,,,true,false,6,2014-04-01,2014-09-30,-1
2015-09-25,59920,2016-03-31,,83000000000,-0.033,,,,,900000000,-0.308,1000000000,-0.286,,600000000,,9.57,,,,,,,,,,,,,,,,,,,,,,true,true,12,2015-04-01,2016-03-31,0
2015-09-25,59920,2015-03-31,,85533000000,,,,,,1224000000,,2392000000,,,1619000000,,25.83,,,,,,,,,,,,,,,,,,,,,,true,false,12,2014-04-01,2015-03-31,-1
2015-10-29,59920,2016-03-31,2,41143000000,-0.008,,,,,12000000,-0.964,-166000000,,,-235000000,,-3.75,,,,,,91487000000,56607000000,0.581,,53133000000,,,,,,,,,,,,true,false,6,2015-04-01,2015-09-30,0
2015-10-29,59920,2015-03-31,2,41473000000,0.014,,,,,349000000,-0.098,1063000000,1.231,,864000000,,13.79,,,,,,,,,,,,,,,,,,,,,,true,false,6,2014-04-01,2014-09-30,-1
2015-10-29,59920,2016-03-31,2,83000000000,-0.030,,,,,900000000,-0.265,1000000000,-0.582,,600000000,,9.57,,,,,,,,,,,,,,,,,,,,,,true,true,12,2015-04-01,2016-03-31,0
2015-10-29,59920,2015-03-31,2,,,,,,,,,,,,,,,,,,,,97248000000,59548000000,0.575,,55904000000,,,,,,,,,,,,true,false,12,2014-04-01,2015-03-31,-1
2015-10-29,59920,2015-03-31,2,,,,,,,,,,,,,,,,,,,,,,,,,,,,,8.00,,,,63855994,1168781,,false,false,12,2014-04-01,2015-03-31,-1
2015-10-29,59920,2016-03-31,2,,,,,,,,,,,,,,,,,,,,,,,,,,,,,4.00,,,,,,,false,false,12,2015-04-01,2016-03-31,0
2015-10-29,59920,2016-03-31,2,,,,,,,,,,,,,,,,,,,,,,,,,,,,,8.00,,,,,,,false,true,12,2015-04-01,2016-03-31,0
2015-10-29,59920,2016-03-31,2,,,,,,,,,,,,,,,,,,,,,,,,,,,,,,,,,63855994,1177581,62681382,false,false,6,2015-04-01,2015-09-30,0
2015-10-29,59920,2015-03-31,2,,,,,,,,,,,,,,,,,,,,,,,,,,,,,,,,,,,62703895,false,false,6,2014-04-01,2014-09-30,-1
2015-10-29,59920,2016-03-31,,41143000000,0.013,,,,,12000000,,-166000000,,,-235000000,,-3.75,,,,,,,,,,,,,,,,,,,,,,true,true,6,2015-04-01,2015-09-30,0
2015-10-29,59920,2015-03-31,,41473000000,,,,,,349000000,,1063000000,,,864000000,,13.79,,,,,,,,,,,,,,,,,,,,,,true,false,6,2014-04-01,2014-09-30,-1
2016-02-02,59920,2016-03-31,3,63613000000,-0.020,,,,,877000000,-0.101,1098000000,-0.555,,605000000,,9.66,,,,,,95395000000,58322000000,0.574,,54783000000,,,,,,,,,,,,true,false,9,2015-04-01,2015-12-31,0
2016-02-02,59920,2015-03-31,3,64902000000,0.024,,,,,975000000,0.042,2468000000,0.463,,1521000000,,24.27,,,,,,,,,,,,,,,,,,,,,,true,false,9,2014-04-01,2014-12-31,-1
2016-02-02,59920,2016-03-31,3,83000000000,-0.030,,,,,900000000,-0.265,1000000000,-0.582,,600000000,,9.57,,,,,,,,,,,,,,,,,,,,,,true,true,12,2015-04-01,2016-03-31,0
2016-02-02,59920,2015-03-31,3,,,,,,,,,,,,,,,,,,,,97248000000,59548000000,0.575,,55904000000,,,,,,,,,,,,true,false,12,2014-04-01,2015-03-31,-1
2016-02-02,59920,2015-03-31,3,,,,,,,,,,,,,,,,,,,,,,,,,,,,,8.00,,,,63855994,1168781,,false,false,12,2014-04-01,2015-03-31,-1
2016-02-02,59920,2016-03-31,3,,,,,,,,,,,,,,,,,,,,,,,,,,,,,4.00,,,,,,,false,false,12,2015-04-01,2016-03-31,0
2016-02-02,59920,2016-03-31,3,,,,,,,,,,,,,,,,,,,,,,,,,,,,,8.00,,,,,,,false,true,12,2015-04-01,2016-03-31,0
2016-02-02,59920,2016-03-31,3,,,,,,,,,,,,,,,,,,,,,,,,,,,,,,,,,63855994,1181160,62679694,false,false,9,2015-04-01,2015-12-31,0
2016-02-02,59920,2015-03-31,3,,,,,,,,,,,,,,,,,,,,,,,,,,,,,,,,,,,62700744,false,false,9,2014-04-01,2014-12-31,-1
2016-04-27,59920,2016-03-31,,83540000000,-0.023,,,,,1509000000,0.233,1267000000,-0.470,,433000000,,6.92,,0.008,0.014,0.018,,86089000000,53004000000,0.576,790.86,49563000000,4463000000,-3334000000,-852000000,12273000000,,1.156,,,,,,true,false,12,2015-04-01,2016-03-31,0
2016-04-27,59920,2015-03-31,,85533000000,0.007,,,,,1224000000,-0.315,2392000000,-0.040,,1619000000,,25.83,,0.031,0.026,0.014,,97248000000,59548000000,0.575,891.80,55904000000,4320000000,-3713000000,-303000000,11803000000,,0.310,,,,,,true,false,12,2014-04-01,2015-03-31,-1
2016-04-27,59920,2017-03-31,,39500000000,-0.040,,,,,830000000,,740000000,,,380000000,,6.06,,,,,,,,,,,,,,,,,,,,,,true,true,6,2016-04-01,2016-09-30,1
2016-04-27,59920,2017-03-31,,81600000000,-0.023,,,,,2430000000,0.610,2240000000,0.767,,1270000000,,20.27,,,,,,,,,,,,,,,,0.395,,,,,,true,true,12,2016-04-01,2017-03-31,1
2016-04-27,59920,2015-03-31,,,,,,,,,,,,,,,,,,,,,,,,,,,,,,8.00,,,,63855994,1168781,62698067,false,false,12,2014-04-01,2015-03-31,-1
2016-04-27,59920,2016-03-31,,,,,,,,,,,,,,,,,,,,,,,,,,,,,,8.00,,,,63855994,1185311,62677836,false,false,12,2015-04-01,2016-03-31,0
2016-04-27,59920,2017-03-31,,,,,,,,,,,,,,,,,,,,,,,,,,,,,,8.00,,,,,,,false,true,12,2016-04-01,2017-03-31,1
2016-04-27,59920,2016-03-31,,83540000000,0.007,,,,,1509000000,0.677,1267000000,0.268,,433000000,,6.92,,,,,,,,,,,,,,,,,,,,,,true,true,12,2015-04-01,2016-03-31,0
2016-04-27,59920,2015-03-31,,85533000000,,,,,,1224000000,,2392000000,,,1619000000,,25.83,,,,,,,,,,,,,,,,,,,,,,true,false,12,2014-04-01,2015-03-31,-1
2016-07-28,59920,2017-03-31,1,19428000000,-0.054,,,,,314000000,,-58000000,,,-48000000,,-0.77,,,,,,82896000000,50560000000,0.568,,47106000000,,,,,,,,,,,,true,false,3,2016-04-01,2016-06-30,0
2016-07-28,59920,2016-03-31,1,20547000000,0.016,,,,,-279000000,,76000000,-0.081,,36000000,,0.59,,,,,,,,,,,,,,,,,,,,,,true,false,3,2015-04-01,2015-06-30,-1
2016-07-28,59920,2017-03-31,1,39500000000,-0.040,,,,,830000000,,740000000,,,380000000,,6.06,,,,,,,,,,,,,,,,,,,,,,true,true,6,2016-04-01,2016-09-30,0
2016-07-28,59920,2017-03-31,1,81600000000,-0.023,,,,,2430000000,0.610,2240000000,0.767,,1270000000,,20.27,,,,,,,,,,,,,,,,,,,,,,true,true,12,2016-04-01,2017-03-31,0
2016-07-28,59920,2016-03-31,1,,,,,,,,,,,,,,,,,,,,86089000000,53004000000,0.576,,49563000000,,,,,,,,,,,,true,false,12,2015-04-01,2016-03-31,-1
2016-07-28,59920,2016-03-31,1,,,,,,,,,,,,,,,,,,,,,,,,,,,,,8.00,,,,63855994,1185311,,false,false,12,2015-04-01,2016-03-31,-1
2016-07-28,59920,2017-03-31,1,,,,,,,,,,,,,,,,,,,,,,,,,,,,,8.00,,,,,,,false,true,12,2016-04-01,2017-03-31,0
2016-07-28,59920,2017-03-31,1,,,,,,,,,,,,,,,,,,,,,,,,,,,,,,,,,63855994,1186342,62669817,false,false,3,2016-04-01,2016-06-30,0
2016-07-28,59920,2016-03-31,1,,,,,,,,,,,,,,,,,,,,,,,,,,,,,,,,,,,62683818,false,false,3,2015-04-01,2015-06-30,-1
2016-10-27,59920,2017-03-31,2,39298000000,-0.045,,,,,1170000000,,721000000,,,515000000,,8.23,,,,,,83721000000,52299000000,0.584,,48888000000,,,,,,,,,,,,true,false,6,2016-04-01,2016-09-30,0
2016-10-27,59920,2016-03-31,2,41143000000,-0.008,,,,,12000000,-0.964,-166000000,,,-235000000,,-3.75,,,,,,,,,,,,,,,,,,,,,,true,false,6,2015-04-01,2015-09-30,-1
2016-10-27,59920,2017-03-31,2,81600000000,-0.023,,,,,2430000000,0.610,2240000000,0.767,,1270000000,,20.27,,,,,,,,,,,,,,,,,,,,,,true,true,12,2016-04-01,2017-03-31,0
2016-10-27,59920,2016-03-31,2,,,,,,,,,,,,,,,,,,,,86089000000,53004000000,0.576,,49563000000,,,,,,,,,,,,true,false,12,2015-04-01,2016-03-31,-1
2016-10-27,59920,2016-03-31,2,,,,,,,,,,,,,,,,,,,,,,,,,,,,,8.00,,,,63855994,1185311,,false,false,12,2015-04-01,2016-03-31,-1
2016-10-27,59920,2017-03-31,2,,,,,,,,,,,,,,,,,,,,,,,,,,,,,4.00,,,,,,,false,false,12,2016-04-01,2017-03-31,0
2016-10-27,59920,2017-03-31,2,,,,,,,,,,,,,,,,,,,,,,,,,,,,,8.00,,,,,,,false,true,12,2016-04-01,2017-03-31,0
2016-10-27,59920,2017-03-31,2,,,,,,,,,,,,,,,,,,,,,,,,,,,,,,,,,63855994,1188482,62668931,false,false,6,2016-04-01,2016-09-30,0
2016-10-27,59920,2016-03-31,2,,,,,,,,,,,,,,,,,,,,,,,,,,,,,,,,,,,62681382,false,false,6,2015-04-01,2015-09-30,-1
2016-10-27,59920,2017-03-31,,39298000000,-0.005,,,,,1170000000,0.411,721000000,-0.025,515000000,,0.357,8.23,,,,,,,,,,,,,,,,,,,,,,true,true,6,2016-04-01,2016-09-30,0
2016-10-27,59920,2016-03-31,,41143000000,,,,,,12000000,,-166000000,,-235000000,,,-3.75,,,,,,,,,,,,,,,,,,,,,,true,false,6,2015-04-01,2015-09-30,-1
2017-02-01,59920,2017-03-31,3,60778000000,-0.045,,,,,2113000000,1.409,2553000000,1.324,,1793000000,,28.62,,,,,,89031000000,56290000000,0.591,,52625000000,,,,,,,,,,,,true,false,9,2016-04-01,2016-12-31,0
2017-02-01,59920,2016-03-31,3,63613000000,-0.020,,,,,877000000,-0.101,1098000000,-0.555,,605000000,,9.66,,,,,,,,,,,,,,,,,,,,,,true,false,9,2015-04-01,2015-12-31,-1
2017-02-01,59920,2017-03-31,3,81600000000,-0.023,,,,,2430000000,0.610,2240000000,0.767,,1270000000,,20.27,,,,,,,,,,,,,,,,,,,,,,true,true,12,2016-04-01,2017-03-31,0
2017-02-01,59920,2016-03-31,3,,,,,,,,,,,,,,,,,,,,86089000000,53004000000,0.576,,49563000000,,,,,,,,,,,,true,false,12,2015-04-01,2016-03-31,-1
2017-02-01,59920,2016-03-31,3,,,,,,,,,,,,,,,,,,,,,,,,,,,,,8.00,,,,63855994,1185311,,false,false,12,2015-04-01,2016-03-31,-1
2017-02-01,59920,2017-03-31,3,,,,,,,,,,,,,,,,,,,,,,,,,,,,,4.00,,,,,,,false,false,12,2016-04-01,2017-03-31,0
2017-02-01,59920,2017-03-31,3,,,,,,,,,,,,,,,,,,,,,,,,,,,,,8.00,,,,,,,false,true,12,2016-04-01,2017-03-31,0
2017-02-01,59920,2017-03-31,3,,,,,,,,,,,,,,,,,,,,,,,,,,,,,,,,,63855994,1194575,62667503,false,false,9,2016-04-01,2016-12-31,0
2017-02-01,59920,2016-03-31,3,,,,,,,,,,,,,,,,,,,,,,,,,,,,,,,,,,,62679694,false,false,9,2015-04-01,2015-12-31,-1
2017-03-30,59920,2017-03-31,,81200000000,-0.005,,,,,2750000000,0.132,3000000000,0.339,,2050000000,,32.71,,,,,,,,,,,,,,,,,,,,,,true,true,12,2016-04-01,2017-03-31,0
2017-03-30,59920,2016-03-31,,83540000000,,,,,,1509000000,,1267000000,,,433000000,,6.92,,,,,,,,,,,,,,,,,,,,,,true,false,12,2015-04-01,2016-03-31,-1
2017-04-27,59920,2017-03-31,,81500000000,-0.024,,,,,2737000000,0.813,2928000000,1.310,,2110000000,,33.68,,0.042,0.034,0.034,,87462000000,55124000000,0.588,820.67,51420000000,7219000000,-2773000000,-772000000,15920000000,,0.267,,,,,,true,false,12,2016-04-01,2017-03-31,0
2017-04-27,59920,2016-03-31,,83540000000,-0.023,,,,,1509000000,0.233,1267000000,-0.470,,433000000,,6.92,,0.008,0.014,0.018,,86089000000,53004000000,0.576,790.86,49563000000,4463000000,-3334000000,-852000000,12273000000,,1.156,,,,,,true,false,12,2015-04-01,2016-03-31,-1
2017-04-27,59920,2018-03-31,,39500000000,0.005,,,,,800000000,-0.317,600000000,-0.168,,500000000,,7.98,,,,,,,,,,,,,,,,,,,,,,true,true,6,2017-04-01,2017-09-30,1
2017-04-27,59920,2018-03-31,,81000000000,-0.006,,,,,2500000000,-0.087,2400000000,-0.180,,1700000000,,27.13,,,,,,,,,,,,,,,,0.332,,,,,,true,true,12,2017-04-01,2018-03-31,1
2017-04-27,59920,2016-03-31,,,,,,,,,,,,,,,,,,,,,,,,,,,,,,8.00,,,,63855994,1185311,62677836,false,false,12,2015-04-01,2016-03-31,-1
2017-04-27,59920,2017-03-31,,,,,,,,,,,,,,,,,,,,,,,,,,,,,,9.00,,,,63855994,1199235,62665063,false,false,12,2016-04-01,2017-03-31,0
2017-04-27,59920,2018-03-31,,,,,,,,,,,,,,,,,,,,,,,,,,,,,,9.00,,,,,,,false,true,12,2017-04-01,2018-03-31,1
2017-07-27,59920,2018-03-31,1,20160000000,0.038,,,,,552000000,0.756,764000000,,,470000000,,7.51,,,,,,87962000000,55233000000,0.586,,51549000000,,,,,,,,,,,,true,false,3,2017-04-01,2017-06-30,0
2017-07-27,59920,2017-03-31,1,19428000000,-0.054,,,,,314000000,,-58000000,,,-48000000,,-0.77,,,,,,,,,,,,,,,,,,,,,,true,false,3,2016-04-01,2016-06-30,-1
2017-07-27,59920,2018-03-31,1,39500000000,0.005,,,,,800000000,-0.317,600000000,-0.168,,500000000,,7.98,,,,,,,,,,,,,,,,,,,,,,true,true,6,2017-04-01,2017-09-30,0
2017-07-27,59920,2018-03-31,1,81000000000,-0.006,,,,,2500000000,-0.087,2400000000,-0.180,,1700000000,,271.32,,,,,,,,,,,,,,,,,,,,,,true,true,12,2017-04-01,2018-03-31,0
2017-07-27,59920,2017-03-31,1,,,,,,,,,,,,,,,,,,,,87462000000,55124000000,0.588,,51420000000,,,,,,,,,,,,true,false,12,2016-04-01,2017-03-31,-1
2017-07-27,59920,2017-03-31,1,,,,,,,,,,,,,,,,,,,,,,,,,,,,,9.00,,,,63855994,1199235,,false,false,12,2016-04-01,2017-03-31,-1
2017-07-27,59920,2018-03-31,1,,,,,,,,,,,,,,,,,,,,,,,,,,,,,50.00,,,,,,,false,true,12,2017-04-01,2018-03-31,0
2017-07-27,59920,2018-03-31,1,,,,,,,,,,,,,,,,,,,,,,,,,,,,,,,,,63855994,1202607,62654612,false,false,3,2017-04-01,2017-06-30,0
2017-07-27,59920,2017-03-31,1,,,,,,,,,,,,,,,,,,,,,,,,,,,,,,,,,,,62669817,false,false,3,2016-04-01,2016-06-30,-1
2017-10-30,59920,2018-03-31,2,40410000000,0.028,,,,,1162000000,-0.007,1281000000,0.777,,700000000,,111.80,,,,,,89884000000,56930000000,0.592,,53198000000,,,,,,,,,,,,true,false,6,2017-04-01,2017-09-30,0
2017-10-30,59920,2017-03-31,2,39298000000,-0.045,,,,,1170000000,,721000000,,,515000000,,82.28,,,,,,,,,,,,,,,,,,,,,,true,false,6,2016-04-01,2016-09-30,-1
2017-10-30,59920,2018-03-31,2,83000000000,0.018,,,,,3200000000,0.169,3200000000,0.093,,2100000000,,335.23,,,,,,,,,,,,,,,,,,,,,,true,true,12,2017-04-01,2018-03-31,0
2017-10-30,59920,2017-03-31,2,,,,,,,,,,,,,,,,,,,,87462000000,55124000000,0.588,,51420000000,,,,,,,,,,,,true,false,12,2016-04-01,2017-03-31,-1
2017-10-30,59920,2017-03-31,2,,,,,,,,,,,,,,,,,,,,,,,,,,,,,9.00,,,,6385599,119924,,false,false,12,2016-04-01,2017-03-31,-1
2017-10-30,59920,2018-03-31,2,,,,,,,,,,,,,,,,,,,,,,,,,,,,,4.00,,,,,,,false,false,12,2017-04-01,2018-03-31,0
2017-10-30,59920,2018-03-31,2,,,,,,,,,,,,,,,,,,,,,,,,,,,,,50.00,,,,,,,false,true,12,2017-04-01,2018-03-31,0
2017-10-30,59920,2018-03-31,2,,,,,,,,,,,,,,,,,,,,,,,,,,,,,,,,,6385599,121307,6265077,false,false,6,2017-04-01,2017-09-30,0
2017-10-30,59920,2017-03-31,2,,,,,,,,,,,,,,,,,,,,,,,,,,,,,,,,,,,6266893,false,false,6,2016-04-01,2016-09-30,-1
2018-02-01,59920,2018-03-31,3,62649000000,0.031,,,,,2328000000,0.102,2657000000,0.041,,1375000000,,219.54,,,,,,91171000000,58599000000,0.601,,54759000000,,,,,,,,,,,,true,false,9,2017-04-01,2017-12-31,0
2018-02-01,59920,2017-03-31,3,60778000000,-0.045,,,,,2113000000,1.409,2553000000,1.324,,1793000000,,286.18,,,,,,,,,,,,,,,,,,,,,,true,false,9,2016-04-01,2016-12-31,-1
2018-02-01,59920,2018-03-31,3,83000000000,0.018,,,,,3400000000,0.242,3500000000,0.195,,2200000000,,351.23,,,,,,,,,,,,,,,,,,,,,,true,true,12,2017-04-01,2018-03-31,0
2018-02-01,59920,2017-03-31,3,,,,,,,,,,,,,,,,,,,,87462000000,55124000000,0.588,,51420000000,,,,,,,,,,,,true,false,12,2016-04-01,2017-03-31,-1
2018-02-01,59920,2017-03-31,3,,,,,,,,,,,,,,,,,,,,,,,,,,,,,9.00,,,,6385599,119924,,false,false,12,2016-04-01,2017-03-31,-1
2018-02-01,59920,2018-03-31,3,,,,,,,,,,,,,,,,,,,,,,,,,,,,,4.00,,,,,,,false,false,12,2017-04-01,2018-03-31,0
2018-02-01,59920,2018-03-31,3,,,,,,,,,,,,,,,,,,,,,,,,,,,,,50.00,,,,,,,false,true,12,2017-04-01,2018-03-31,0
2018-02-01,59920,2018-03-31,3,,,,,,,,,,,,,,,,,,,,,,,,,,,,,,,,,6385599,121927,6264690,false,false,9,2017-04-01,2017-12-31,0
2018-02-01,59920,2017-03-31,3,,,,,,,,,,,,,,,,,,,,,,,,,,,,,,,,,,,6266750,false,false,9,2016-04-01,2016-12-31,-1
2018-04-26,59920,2018-03-31,,83655000000,0.026,,,,,3358000000,0.227,3350000000,0.144,,2089000000,,333.60,,0.039,0.038,0.040,,88539000000,58562000000,0.618,8737.96,54730000000,3278000000,-3092000000,-1608000000,14476000000,,0.300,,,,,,true,false,12,2017-04-01,2018-03-31,0
2018-04-26,59920,2017-03-31,,81500000000,-0.024,,,,,2737000000,0.813,2928000000,1.310,,2110000000,,336.75,,0.042,0.034,0.034,,87462000000,55124000000,0.588,8206.67,51420000000,7219000000,-2773000000,-772000000,15920000000,,0.267,,,,,,true,false,12,2016-04-01,2017-03-31,-1
2018-04-26,59920,2019-03-31,,39500000000,-0.023,,,,,1100000000,-0.054,1200000000,-0.064,,700000000,,111.76,,,,,,,,,,,,,,,,,,,,,,true,true,6,2018-04-01,2018-09-30,1
2018-04-26,59920,2019-03-31,,81000000000,-0.032,,,,,3200000000,-0.047,3400000000,0.015,,2200000000,,351.24,,,,,,,,,,,,,,,,0.285,,,,,,true,true,12,2018-04-01,2019-03-31,1
2018-04-26,59920,2017-03-31,,,,,,,,,,,,,,,,,,,,,,,,,,,,,,9.00,,,,6385599,119924,6266506,false,false,12,2016-04-01,2017-03-31,-1
2018-04-26,59920,2018-03-31,,,,,,,,,,,,,,,,,,,,,,,,,,,,,,60.00,,,,6385599,122026,6264415,false,false,12,2017-04-01,2018-03-31,0
2018-04-26,59920,2019-03-31,,,,,,,,,,,,,,,,,,,,,,,,,,,,,,100.00,,,,,,,false,true,12,2018-04-01,2019-03-31,1
2018-07-30,59920,2019-03-31,1,19915000000,-0.012,,,,,578000000,0.047,997000000,0.305,,705000000,,112.67,,,,,,87467000000,59067000000,0.632,,55321000000,,,,,,,,,,,,true,false,3,2018-04-01,2018-06-30,0
2018-07-30,59920,2018-03-31,1,20160000000,0.038,,,,,552000000,0.756,764000000,,,470000000,,75.09,,,,,,,,,,,,,,,,,,,,,,true,false,3,2017-04-01,2017-06-30,-1
2018-07-30,59920,2019-03-31,1,39500000000,-0.023,,,,,1100000000,-0.054,1200000000,-0.064,,700000000,,111.76,,,,,,,,,,,,,,,,,,,,,,true,true,6,2018-04-01,2018-09-30,0
2018-07-30,59920,2019-03-31,1,81000000000,-0.032,,,,,3400000000,0.012,3500000000,0.045,,2250000000,,359.24,,,,,,,,,,,,,,,,,,,,,,true,true,12,2018-04-01,2019-03-31,0
2018-07-30,59920,2018-03-31,1,,,,,,,,,,,,,,,,,,,,87851000000,58562000000,0.623,,54730000000,,,,,,,,,,,,true,false,12,2017-04-01,2018-03-31,-1
2018-07-30,59920,2018-03-31,1,,,,,,,,,,,,,,,,,,,,,,,,,,,,,60.00,,,,6385599,122026,,false,false,12,2017-04-01,2018-03-31,-1
2018-07-30,59920,2019-03-31,1,,,,,,,,,,,,,,,,,,,,,,,,,,,,,100.00,,,,,,,false,true,12,2018-04-01,2019-03-31,0
2018-07-30,59920,2019-03-31,1,,,,,,,,,,,,,,,,,,,,,,,,,,,,,,,,,6385599,122448,6263357,false,false,3,2018-04-01,2018-06-30,0
2018-07-30,59920,2018-03-31,1,,,,,,,,,,,,,,,,,,,,,,,,,,,,,,,,,,,6265461,false,false,3,2017-04-01,2017-06-30,-1
2018-10-30,59920,2019-03-31,2,40010000000,-0.010,,,,,1028000000,-0.116,1456000000,0.136,,940000000,,150.20,,,,,,86354000000,59609000000,0.646,,55815000000,,,,,,,,,,,,true,false,6,2018-04-01,2018-09-30,0
2018-10-30,59920,2018-03-31,2,40410000000,0.028,,,,,1162000000,-0.007,1281000000,0.777,,700000000,,111.80,,,,,,,,,,,,,,,,,,,,,,true,false,6,2017-04-01,2017-09-30,-1
2018-10-30,59920,2019-03-31,2,81000000000,-0.032,,,,,3400000000,0.012,3500000000,0.045,,2250000000,,359.24,,,,,,,,,,,,,,,,,,,,,,true,true,12,2018-04-01,2019-03-31,0
2018-10-30,59920,2018-03-31,2,,,,,,,,,,,,,,,,,,,,87851000000,58562000000,0.623,,54730000000,,,,,,,,,,,,true,false,12,2017-04-01,2018-03-31,-1
2018-10-30,59920,2018-03-31,2,,,,,,,,,,,,,,,,,,,,,,,,,,,,,60.00,,,,6385599,122026,,false,false,12,2017-04-01,2018-03-31,-1
2018-10-30,59920,2019-03-31,2,,,,,,,,,,,,,,,,,,,,,,,,,,,,,50.00,,,,,,,false,false,12,2018-04-01,2019-03-31,0
2018-10-30,59920,2019-03-31,2,,,,,,,,,,,,,,,,,,,,,,,,,,,,,100.00,,,,,,,false,true,12,2018-04-01,2019-03-31,0
2018-10-30,59920,2019-03-31,2,,,,,,,,,,,,,,,,,,,,,,,,,,,,,,,,,6385599,122830,6263107,false,false,6,2018-04-01,2018-09-30,0
2018-10-30,59920,2018-03-31,2,,,,,,,,,,,,,,,,,,,,,,,,,,,,,,,,,,,6265077,false,false,6,2017-04-01,2017-09-30,-1
2019-01-31,59920,2019-03-31,3,61766000000,-0.014,,,,,1715000000,-0.263,2271000000,-0.145,,1364000000,,217.95,,,,,,82793000000,57782000000,0.654,,54176000000,,,,,,,,,,,,true,false,9,2018-04-01,2018-12-31,0
2019-01-31,59920,2018-03-31,3,62649000000,0.031,,,,,2328000000,0.102,2657000000,0.041,,1375000000,,219.54,,,,,,,,,,,,,,,,,,,,,,true,false,9,2017-04-01,2017-12-31,-1
2019-01-31,59920,2019-03-31,3,81000000000,-0.032,,,,,2600000000,-0.226,3100000000,-0.075,,2000000000,,319.36,,,,,,,,,,,,,,,,,,,,,,true,true,12,2018-04-01,2019-03-31,0
2019-01-31,59920,2018-03-31,3,,,,,,,,,,,,,,,,,,,,87851000000,58562000000,0.623,,54730000000,,,,,,,,,,,,true,false,12,2017-04-01,2018-03-31,-1
2019-01-31,59920,2018-03-31,3,,,,,,,,,,,,,,,,,,,,,,,,,,,,,60.00,,,,6385599,122026,,false,false,12,2017-04-01,2018-03-31,-1
2019-01-31,59920,2019-03-31,3,,,,,,,,,,,,,,,,,,,,,,,,,,,,,50.00,,,,,,,false,false,12,2018-04-01,2019-03-31,0
2019-01-31,59920,2019-03-31,3,,,,,,,,,,,,,,,,,,,,,,,,,,,,,100.00,,,,,,,false,true,12,2018-04-01,2019-03-31,0
2019-01-31,59920,2019-03-31,3,,,,,,,,,,,,,,,,,,,,,,,,,,,,,,,,,6385599,123053,6262939,false,false,9,2018-04-01,2018-12-31,0
2019-01-31,59920,2018-03-31,3,,,,,,,,,,,,,,,,,,,,,,,,,,,,,,,,,,,6264690,false,false,9,2017-04-01,2017-12-31,-1
2019-04-25,59920,2019-03-31,,83017000000,-0.008,,,,,2228000000,-0.337,2791000000,-0.167,,1785000000,,285.13,,0.033,0.032,0.027,,84215000000,58147000000,0.647,8698.13,54469000000,3867000000,-4488000000,-3801000000,10053000000,,0.351,,,,,,true,false,12,2018-04-01,2019-03-31,0
2019-04-25,59920,2018-03-31,,83655000000,0.026,,,,,3358000000,0.227,3350000000,0.144,,2089000000,,333.60,,0.039,0.038,0.040,,87851000000,58562000000,0.623,8737.96,54730000000,3278000000,-3092000000,-1608000000,14476000000,,0.300,,,,,,true,false,12,2017-04-01,2018-03-31,-1
2019-04-25,59920,2020-03-31,,41400000000,0.035,,,,,900000000,-0.125,1000000000,-0.313,,700000000,,111.78,,,,,,,,,,,,,,,,,,,,,,true,true,6,2019-04-01,2019-09-30,1
2019-04-25,59920,2020-03-31,,83000000000,-0.000,,,,,2700000000,0.212,3000000000,0.075,,1900000000,,303.41,,,,,,,,,,,,,,,,0.330,,,,,,true,true,12,2019-04-01,2020-03-31,1
2019-04-25,59920,2018-03-31,,,,,,,,,,,,,,,,,,,,,,,,,,,,,,60.00,,,,6385599,122026,6264415,false,false,12,2017-04-01,2018-03-31,-1
2019-04-25,59920,2019-03-31,,,,,,,,,,,,,,,,,,,,,,,,,,,,,,100.00,,,,6385599,123344,6262810,false,false,12,2018-04-01,2019-03-31,0
2019-04-25,59920,2020-03-31,,,,,,,,,,,,,,,,,,,,,,,,,,,,,,100.00,,,,,,,false,true,12,2019-04-01,2020-03-31,1
2019-07-30,59920,2020-03-31,1,20885000000,0.049,,,,,788000000,0.363,948000000,-0.049,,631000000,,100.88,,,,,,84139000000,58202000000,0.650,,54673000000,,,,,,,,,,,,true,false,3,2019-04-01,2019-06-30,0
2019-07-30,59920,2019-03-31,1,19915000000,-0.012,,,,,578000000,0.047,997000000,0.305,,705000000,,112.67,,,,,,,,,,,,,,,,,,,,,,true,false,3,2018-04-01,2018-06-30,-1
2019-07-30,59920,2020-03-31,1,41400000000,0.035,,,,,900000000,-0.125,1000000000,-0.313,,700000000,,111.78,,,,,,,,,,,,,,,,,,,,,,true,true,6,2019-04-01,2019-09-30,0
2019-07-30,59920,2020-03-31,1,83000000000,-0.000,,,,,2700000000,0.212,3000000000,0.075,,1900000000,,303.41,,,,,,,,,,,,,,,,,,,,,,true,true,12,2019-04-01,2020-03-31,0
2019-07-30,59920,2019-03-31,1,,,,,,,,,,,,,,,,,,,,84215000000,58147000000,0.647,,54469000000,,,,,,,,,,,,true,false,12,2018-04-01,2019-03-31,-1
2019-07-30,59920,2019-03-31,1,,,,,,,,,,,,,,,,,,,,,,,,,,,,,100.00,,,,6385599,123344,,false,false,12,2018-04-01,2019-03-31,-1
2019-07-30,59920,2020-03-31,1,,,,,,,,,,,,,,,,,,,,,,,,,,,,,100.00,,,,,,,false,true,12,2019-04-01,2020-03-31,0
2019-07-30,59920,2020-03-31,1,,,,,,,,,,,,,,,,,,,,,,,,,,,,,,,,,6385599,123419,6262208,false,false,3,2019-04-01,2019-06-30,0
2019-07-30,59920,2019-03-31,1,,,,,,,,,,,,,,,,,,,,,,,,,,,,,,,,,,,6263357,false,false,3,2018-04-01,2018-06-30,-1
2019-10-30,59920,2020-03-31,2,42059000000,0.051,,,,,1354000000,0.317,1508000000,0.036,,936000000,,149.53,,,,,,83735000000,59131000000,0.664,,55564000000,,,,,,,,,,,,true,false,6,2019-04-01,2019-09-30,0
2019-10-30,59920,2019-03-31,2,40010000000,-0.010,,,,,1028000000,-0.116,1456000000,0.136,,940000000,,150.20,,,,,,,,,,,,,,,,,,,,,,true,false,6,2018-04-01,2018-09-30,-1
2019-10-30,59920,2020-03-31,2,83000000000,-0.000,,,,,2700000000,0.212,3000000000,0.075,,1900000000,,303.41,,,,,,,,,,,,,,,,,,,,,,true,true,12,2019-04-01,2020-03-31,0
2019-10-30,59920,2019-03-31,2,,,,,,,,,,,,,,,,,,,,84215000000,58147000000,0.647,,54469000000,,,,,,,,,,,,true,false,12,2018-04-01,2019-03-31,-1
2019-10-30,59920,2019-03-31,2,,,,,,,,,,,,,,,,,,,,,,,,,,,,,100.00,,,,6385599,123344,,false,false,12,2018-04-01,2019-03-31,-1
2019-10-30,59920,2020-03-31,2,,,,,,,,,,,,,,,,,,,,,,,,,,,,,50.00,,,,,,,false,false,12,2019-04-01,2020-03-31,0
2019-10-30,59920,2020-03-31,2,,,,,,,,,,,,,,,,,,,,,,,,,,,,,100.00,,,,,,,false,true,12,2019-04-01,2020-03-31,0
2019-10-30,59920,2020-03-31,2,,,,,,,,,,,,,,,,,,,,,,,,,,,,,,,,,6385599,123926,6261982,false,false,6,2019-04-01,2019-09-30,0
2019-10-30,59920,2019-03-31,2,,,,,,,,,,,,,,,,,,,,,,,,,,,,,,,,,,,6263107,false,false,6,2018-04-01,2018-09-30,-1
2020-01-30,59920,2020-03-31,3,64044000000,0.037,,,,,2302000000,0.342,2824000000,0.244,,1696000000,,270.96,,,,,,86216000000,60873000000,0.663,,57172000000,,,,,,,,,,,,true,false,9,2019-04-01,2019-12-31,0
2020-01-30,59920,2019-03-31,3,61766000000,-0.014,,,,,1715000000,-0.263,2271000000,-0.145,,1364000000,,217.95,,,,,,,,,,,,,,,,,,,,,,true,false,9,2018-04-01,2018-12-31,-1
2020-01-30,59920,2020-03-31,3,83000000000,-0.000,,,,,2700000000,0.212,3000000000,0.075,,1900000000,,303.41,,,,,,,,,,,,,,,,,,,,,,true,true,12,2019-04-01,2020-03-31,0
2020-01-30,59920,2019-03-31,3,,,,,,,,,,,,,,,,,,,,84215000000,58147000000,0.647,,54469000000,,,,,,,,,,,,true,false,12,2018-04-01,2019-03-31,-1
2020-01-30,59920,2019-03-31,3,,,,,,,,,,,,,,,,,,,,,,,,,,,,,100.00,,,,6385599,123344,,false,false,12,2018-04-01,2019-03-31,-1
2020-01-30,59920,2020-03-31,3,,,,,,,,,,,,,,,,,,,,,,,,,,,,,50.00,,,,,,,false,false,12,2019-04-01,2020-03-31,0
2020-01-30,59920,2020-03-31,3,,,,,,,,,,,,,,,,,,,,,,,,,,,,,100.00,,,,,,,false,true,12,2019-04-01,2020-03-31,0
2020-01-30,59920,2020-03-31,3,,,,,,,,,,,,,,,,,,,,,,,,,,,,,,,,,6385599,126263,6261265,false,false,9,2019-04-01,2019-12-31,0
2020-01-30,59920,2019-03-31,3,,,,,,,,,,,,,,,,,,,,,,,,,,,,,,,,,,,6262939,false,false,9,2018-04-01,2018-12-31,-1
2020-04-28,59920,2020-03-31,,83394000000,0.005,,,,,2692000000,0.208,2989000000,0.071,,1640000000,,262.03,,0.030,0.036,0.032,,82236000000,57535000000,0.656,8625.61,53918000000,5349000000,-4275000000,-1563000000,9409000000,,0.382,,,,,,true,false,12,2019-04-01,2020-03-31,0
2020-04-28,59920,2019-03-31,,83017000000,-0.008,,,,,2228000000,-0.337,2791000000,-0.167,,1785000000,,285.13,,0.033,0.032,0.027,,84215000000,58147000000,0.647,8698.13,54469000000,3867000000,-4512000000,-3776000000,10053000000,,0.351,,,,,,true,false,12,2018-04-01,2019-03-31,-1
2020-04-28,59920,2019-03-31,,,,,,,,,,,,,,,,,,,,,,,,,,,,,,100.00,,,,6385599,123344,6262810,false,false,12,2018-04-01,2019-03-31,-1
2020-04-28,59920,2020-03-31,,,,,,,,,,,,,,,,,,,,,,,,,,,,,,100.00,,,,6385599,134633,6259314,false,false,12,2019-04-01,2020-03-31,0
2020-07-30,59920,2021-03-31,1,12773000000,-0.388,,,,,-1342000000,,-695000000,,,-604000000,,-96.77,,,,,,80553000000,57395000000,0.668,,53812000000,,,,,,,,,,,,true,false,3,2020-04-01,2020-06-30,0
2020-07-30,59920,2020-03-31,1,20885000000,0.049,,,,,788000000,0.363,948000000,-0.049,,631000000,,100.88,,,,,,,,,,,,,,,,,,,,,,true,false,3,2019-04-01,2019-06-30,-1
2020-07-30,59920,2021-03-31,1,30300000000,-0.280,,,,,-1600000000,,-1100000000,,,-1100000000,,-175.97,,,,,,,,,,,,,,,,,,,,,,true,true,6,2020-04-01,2020-09-30,0
2020-07-30,59920,2021-03-31,1,71500000000,-0.143,,,,,100000000,-0.963,800000000,-0.732,,50000000,,8.00,,,,,,,,,,,,,,,,,,,,,,true,true,12,2020-04-01,2021-03-31,0
2020-07-30,59920,2020-03-31,1,,,,,,,,,,,,,,,,,,,,82236000000,57535000000,0.656,,53918000000,,,,,,,,,,,,true,false,12,2019-04-01,2020-03-31,-1
2020-07-30,59920,2020-03-31,1,,,,,,,,,,,,,,,,,,,,,,,,,,,,,100.00,,,,6385599,134633,,false,false,12,2019-04-01,2020-03-31,-1
2020-07-30,59920,2021-03-31,1,,,,,,,,,,,,,,,,,,,,,,,,,,,,,50.00,,,,,,,false,true,12,2020-04-01,2021-03-31,0
2020-07-30,59920,2021-03-31,1,,,,,,,,,,,,,,,,,,,,,,,,,,,,,,,,,6385599,139140,6248683,false,false,3,2020-04-01,2020-06-30,0
2020-07-30,59920,2020-03-31,1,,,,,,,,,,,,,,,,,,,,,,,,,,,,,,,,,,,6262208,false,false,3,2019-04-01,2019-06-30,-1
2020-10-28,59920,2021-03-31,2,31518000000,-0.251,,,,,-845000000,,-462000000,,,-573000000,,-91.89,,,,,,82530000000,57761000000,0.655,,54067000000,,,,,,,,,,,,true,false,6,2020-04-01,2020-09-30,0
2020-10-28,59920,2020-03-31,2,42059000000,0.051,,,,,1354000000,0.317,1508000000,0.036,,936000000,,149.53,,,,,,,,,,,,,,,,,,,,,,true,false,6,2019-04-01,2019-09-30,-1
2020-10-28,59920,2021-03-31,2,72700000000,-0.128,,,,,700000000,-0.740,1200000000,-0.599,,450000000,,72.11,,,,,,,,,,,,,,,,,,,,,,true,true,12,2020-04-01,2021-03-31,0
2020-10-28,59920,2020-03-31,2,,,,,,,,,,,,,,,,,,,,82236000000,57535000000,0.656,,53918000000,,,,,,,,,,,,true,false,12,2019-04-01,2020-03-31,-1
2020-10-28,59920,2020-03-31,2,,,,,,,,,,,,,,,,,,,,,,,,,,,,,100.00,,,,6385599,134633,,false,false,12,2019-04-01,2020-03-31,-1
2020-10-28,59920,2021-03-31,2,,,,,,,,,,,,,,,,,,,,,,,,,,,,,50.00,,,,,,,false,false,12,2020-04-01,2021-03-31,0
2020-10-28,59920,2021-03-31,2,,,,,,,,,,,,,,,,,,,,,,,,,,,,,,,,,6385599,144753,6246305,false,false,6,2020-04-01,2020-09-30,0
2020-10-28,59920,2020-03-31,2,,,,,,,,,,,,,,,,,,,,,,,,,,,,,,,,,,,6261982,false,false,6,2019-04-01,2019-09-30,-1
2021-02-01,59920,2021-03-31,3,53633000000,-0.163,,,,,420000000,-0.817,968000000,-0.657,,232000000,,37.30,,,,,,87720000000,60093000000,0.642,,56342000000,,,,,,,,,,,,true,false,9,2020-04-01,2020-12-31,0
2021-02-01,59920,2020-03-31,3,64044000000,0.037,,,,,2302000000,0.342,2824000000,0.244,,1696000000,,270.96,,,,,,,,,,,,,,,,,,,,,,true,false,9,2019-04-01,2019-12-31,-1
2021-02-01,59920,2021-03-31,3,73200000000,-0.122,,,,,1000000000,-0.629,1500000000,-0.498,,600000000,,96.22,,,,,,,,,,,,,,,,,,,,,,true,true,12,2020-04-01,2021-03-31,0
2021-02-01,59920,2020-03-31,3,,,,,,,,,,,,,,,,,,,,82236000000,57535000000,0.656,,53918000000,,,,,,,,,,,,true,false,12,2019-04-01,2020-03-31,-1
2021-02-01,59920,2020-03-31,3,,,,,,,,,,,,,,,,,,,,,,,,,,,,,100.00,,,,6385599,134633,,false,false,12,2019-04-01,2020-03-31,-1
2021-02-01,59920,2021-03-31,3,,,,,,,,,,,,,,,,,,,,,,,,,,,,,50.00,,,,,,,false,false,12,2020-04-01,2021-03-31,0
2021-02-01,59920,2021-03-31,3,,,,,,,,,,,,,,,,,,,,,,,,,,,,,100.00,,,,,,,false,true,12,2020-04-01,2021-03-31,0
2021-02-01,59920,2021-03-31,3,,,,,,,,,,,,,,,,,,,,,,,,,,,,,,,,,6385599,150165,6243837,false,false,9,2020-04-01,2020-12-31,0
2021-02-01,59920,2020-03-31,3,,,,,,,,,,,,,,,,,,,,,,,,,,,,,,,,,,,6261265,false,false,9,2019-04-01,2019-12-31,-1
2021-04-27,59920,2021-03-31,,74655000000,-0.105,,,,,1260000000,-0.532,2258000000,-0.245,,1248000000,,50.03,,0.022,0.026,0.017,,94045000000,64514000000,0.644,2429.71,60548000000,2616000000,-2257000000,1667000000,11681000000,,0.499,,,,,,true,false,12,2020-04-01,2021-03-31,0
2021-04-27,59920,2020-03-31,,83394000000,0.005,,,,,2692000000,0.208,2989000000,0.071,,1640000000,,65.51,,0.030,0.036,0.032,,82236000000,57535000000,0.656,2156.40,53918000000,5349000000,-4275000000,-1563000000,9409000000,,0.382,,,,,,true,false,12,2019-04-01,2020-03-31,-1
2021-04-27,59920,2022-03-31,,84300000000,0.129,,,,,3400000000,1.697,3700000000,0.638,,2500000000,,100.32,,,,,,,,,,,,,,,,0.319,,,,,,true,true,12,2021-04-01,2022-03-31,1
2021-04-27,59920,2020-03-31,,,,,,,,,,,,,,,,,,,,,,,,,,,,,,100.00,,,,25542396,538532,25037257,false,false,12,2019-04-01,2020-03-31,-1
2021-04-27,59920,2021-03-31,,,,,,,,,,,,,,,,,,,,,,,,,,,,,,100.00,,,,25542396,622376,24964119,false,false,12,2020-04-01,2021-03-31,0
2021-04-27,59920,2022-03-31,,,,,,,,,,,,,,,,,,,,,,,,,,,,,,32.00,,,,,,,false,true,12,2021-04-01,2022-03-31,1
2021-07-29,59920,2022-03-31,1,20300000000,0.589,,,,,338000000,,621000000,,,290000000,,11.67,,,,,,96898000000,65830000000,0.639,,61915000000,,,,,,,,,,,,true,false,3,2021-04-01,2021-06-30,0
2021-07-29,59920,2021-03-31,1,12773000000,-0.388,,,,,-1342000000,,-695000000,,,-604000000,,-24.19,,,,,,,,,,,,,,,,,,,,,,true,false,3,2020-04-01,2020-06-30,-1
2021-07-29,59920,2022-03-31,1,84300000000,0.129,,,,,3400000000,1.697,3700000000,0.638,,2500000000,,100.32,,,,,,,,,,,,,,,,,,,,,,true,true,12,2021-04-01,2022-03-31,0
2021-07-29,59920,2021-03-31,1,,,,,,,,,,,,,,,,,,,,94045000000,64514000000,0.644,,60548000000,,,,,,,,,,,,true,false,12,2020-04-01,2021-03-31,-1
2021-07-29,59920,2021-03-31,1,,,,,,,,,,,,,,,,,,,,,,,,,,,,,100.00,,,,25542396,622376,,false,false,12,2020-04-01,2021-03-31,-1
2021-07-29,59920,2022-03-31,1,,,,,,,,,,,,,,,,,,,,,,,,,,,,,32.00,,,,,,,false,true,12,2021-04-01,2022-03-31,0
2021-07-29,59920,2022-03-31,1,,,,,,,,,,,,,,,,,,,,,,,,,,,,,,,,,25542396,622608,24919910,false,false,3,2021-04-01,2021-06-30,0
2021-07-29,59920,2021-03-31,1,,,,,,,,,,,,,,,,,,,,,,,,,,,,,,,,,,,24994732,false,false,3,2020-04-01,2020-06-30,-1
2021-10-28,59920,2022-03-31,2,38280000000,0.215,,,,,204000000,,621000000,,,193000000,,7.78,,,,,,94603000000,66127000000,0.657,,62144000000,,,,,,,,,,,,true,false,6,2021-04-01,2021-09-30,0
2021-10-28,59920,2021-03-31,2,31518000000,-0.251,,,,,-845000000,,-462000000,,,-573000000,,-22.97,,,,,,,,,,,,,,,,,,,,,,true,false,6,2020-04-01,2020-09-30,-1
2021-10-28,59920,2022-03-31,2,80500000000,0.078,,,,,1700000000,0.348,2050000000,-0.092,,1200000000,,48.15,,,,,,,,,,,,,,,,,,,,,,true,true,12,2021-04-01,2022-03-31,0
2021-10-28,59920,2021-03-31,2,,,,,,,,,,,,,,,,,,,,94045000000,64514000000,0.644,,60548000000,,,,,,,,,,,,true,false,12,2020-04-01,2021-03-31,-1
2021-10-28,59920,2021-03-31,2,,,,,,,,,,,,,,,,,,,,,,,,,,,,,100.00,,,,25542396,622376,,false,false,12,2020-04-01,2021-03-31,-1
2021-10-28,59920,2022-03-31,2,,,,,,,,,,,,,,,,,,,,,,,,,,,,,16.00,,,,,,,false,false,12,2021-04-01,2022-03-31,0
2021-10-28,59920,2022-03-31,2,,,,,,,,,,,,,,,,,,,,,,,,,,,,,32.00,,,,,,,false,true,12,2021-04-01,2022-03-31,0
2021-10-28,59920,2022-03-31,2,,,,,,,,,,,,,,,,,,,,,,,,,,,,,,,,,25542396,622858,24919748,false,false,6,2021-04-01,2021-09-30,0
2021-10-28,59920,2021-03-31,2,,,,,,,,,,,,,,,,,,,,,,,,,,,,,,,,,,,24985220,false,false,6,2020-04-01,2020-09-30,-1
2022-02-01,59920,2022-03-31,3,60245000000,0.123,,,,,1014000000,1.412,2060000000,1.128,,1129000000,,45.34,,,,,,97552000000,67661000000,0.652,,63577000000,,,,,,,,,,,,true,false,9,2021-04-01,2021-12-31,0
2022-02-01,59920,2021-03-31,3,53633000000,-0.163,,,,,420000000,-0.817,968000000,-0.657,,232000000,,9.33,,,,,,,,,,,,,,,,,,,,,,true,false,9,2020-04-01,2020-12-31,-1
2022-02-01,59920,2022-03-31,3,80500000000,0.078,,,,,1700000000,0.348,2050000000,-0.092,,1200000000,,48.15,,,,,,,,,,,,,,,,,,,,,,true,true,12,2021-04-01,2022-03-31,0
2022-02-01,59920,2021-03-31,3,,,,,,,,,,,,,,,,,,,,94045000000,64514000000,0.644,,60548000000,,,,,,,,,,,,true,false,12,2020-04-01,2021-03-31,-1
2022-02-01,59920,2021-03-31,3,,,,,,,,,,,,,,,,,,,,,,,,,,,,,100.00,,,,25542396,622376,,false,false,12,2020-04-01,2021-03-31,-1
2022-02-01,59920,2022-03-31,3,,,,,,,,,,,,,,,,,,,,,,,,,,,,,16.00,,,,,,,false,false,12,2021-04-01,2022-03-31,0
2022-02-01,59920,2022-03-31,3,,,,,,,,,,,,,,,,,,,,,,,,,,,,,32.00,,,,,,,false,true,12,2021-04-01,2022-03-31,0
2022-02-01,59920,2022-03-31,3,,,,,,,,,,,,,,,,,,,,,,,,,,,,,,,,,25542396,623174,24919628,false,false,9,2021-04-01,2021-12-31,0
2022-02-01,59920,2021-03-31,3,,,,,,,,,,,,,,,,,,,,,,,,,,,,,,,,,,,24975348,false,false,9,2020-04-01,2020-12-31,-1
2022-04-27,59920,2022-03-31,,82144000000,0.100,,,,,1826000000,0.449,3434000000,0.521,,1801000000,,72.29,,0.028,0.035,0.022,,104553000000,71425000000,0.642,2692.84,67103000000,208000000,-3802000000,-635000000,7799000000,,0.443,,,,,,true,false,12,2021-04-01,2022-03-31,0
2022-04-27,59920,2021-03-31,,74655000000,-0.105,,,,,1260000000,-0.532,2258000000,-0.245,,1248000000,,50.03,,0.022,0.026,0.017,,94045000000,64514000000,0.644,2429.71,60548000000,2616000000,-2257000000,1667000000,11681000000,,0.499,,,,,,true,false,12,2020-04-01,2021-03-31,-1
2022-04-27,59920,2023-03-31,,42700000000,0.115,,,,,700000000,2.418,950000000,0.529,,550000000,,22.07,,,,,,,,,,,,,,,,,,,,,,true,true,6,2022-04-01,2022-09-30,1
2022-04-27,59920,2023-03-31,,89000000000,0.083,,,,,2300000000,0.259,2700000000,-0.214,,1600000000,,64.21,,,,,,,,,,,,,,,,0.498,,,,,,true,true,12,2022-04-01,2023-03-31,1
2022-04-27,59920,2021-03-31,,,,,,,,,,,,,,,,,,,,,,,,,,,,,,100.00,,,,25542396,622376,24964119,false,false,12,2020-04-01,2021-03-31,-1
2022-04-27,59920,2022-03-31,,,,,,,,,,,,,,,,,,,,,,,,,,,,,,32.00,,,,25542396,623298,24919500,false,false,12,2021-04-01,2022-03-31,0
2022-04-27,59920,2023-03-31,,,,,,,,,,,,,,,,,,,,,,,,,,,,,,32.00,,,,,,,false,true,12,2022-04-01,2023-03-31,1
2022-07-28,59920,2023-03-31,1,20318000000,0.001,,,,,-391000000,,834000000,0.343,,265000000,,10.67,,,,,,106851000000,71155000000,0.624,,66707000000,,,,,,,,,,,,true,false,3,2022-04-01,2022-06-30,0
2022-07-28,59920,2022-03-31,1,20300000000,0.589,,,,,338000000,,621000000,,,290000000,,11.67,,,,,,,,,,,,,,,,,,,,,,true,false,3,2021-04-01,2021-06-30,-1
2022-07-28,59920,2023-03-31,1,42700000000,0.115,,,,,200000000,-0.023,1100000000,0.770,,550000000,,22.07,,,,,,,,,,,,,,,,,,,,,,true,true,6,2022-04-01,2022-09-30,0
2022-07-28,59920,2023-03-31,1,89000000000,0.083,,,,,2300000000,0.259,2700000000,-0.214,,1600000000,,64.21,,,,,,,,,,,,,,,,,,,,,,true,true,12,2022-04-01,2023-03-31,0
2022-07-28,59920,2022-03-31,1,,,,,,,,,,,,,,,,,,,,104553000000,71425000000,0.642,,67103000000,,,,,,,,,,,,true,false,12,2021-04-01,2022-03-31,-1
2022-07-28,59920,2022-03-31,1,,,,,,,,,,,,,,,,,,,,,,,,,,,,,32.00,,,,25542396,623298,,false,false,12,2021-04-01,2022-03-31,-1
2022-07-28,59920,2023-03-31,1,,,,,,,,,,,,,,,,,,,,,,,,,,,,,32.00,,,,,,,false,true,12,2022-04-01,2023-03-31,0
2022-07-28,59920,2023-03-31,1,,,,,,,,,,,,,,,,,,,,,,,,,,,,,,,,,25542396,623394,24919032,false,false,3,2022-04-01,2022-06-30,0
2022-07-28,59920,2022-03-31,1,,,,,,,,,,,,,,,,,,,,,,,,,,,,,,,,,,,24919910,false,false,3,2021-04-01,2021-06-30,-1
2022-10-27,59920,2023-03-31,2,43403000000,0.134,,,,,341000000,0.665,2043000000,2.289,,1099000000,,44.13,,,,,,109042000000,70651000000,0.606,,66107000000,,,,,,,,,,,,true,false,6,2022-04-01,2022-09-30,0
2022-10-27,59920,2022-03-31,2,38280000000,0.215,,,,,204000000,,621000000,,,193000000,,7.78,,,,,,,,,,,,,,,,,,,,,,true,false,6,2021-04-01,2021-09-30,-1
2022-10-27,59920,2023-03-31,2,92500000000,0.126,,,,,1500000000,-0.179,2700000000,-0.214,,1600000000,,64.21,,,,,,,,,,,,,,,,,,,,,,true,true,12,2022-04-01,2023-03-31,0
2022-10-27,59920,2022-03-31,2,,,,,,,,,,,,,,,,,,,,104553000000,71425000000,0.642,,67103000000,,,,,,,,,,,,true,false,12,2021-04-01,2022-03-31,-1
2022-10-27,59920,2022-03-31,2,,,,,,,,,,,,,,,,,,,,,,,,,,,,,32.00,,,,25542396,623298,,false,false,12,2021-04-01,2022-03-31,-1
2022-10-27,59920,2023-03-31,2,,,,,,,,,,,,,,,,,,,,,,,,,,,,,16.00,,,,,,,false,false,12,2022-04-01,2023-03-31,0
2022-10-27,59920,2023-03-31,2,,,,,,,,,,,,,,,,,,,,,,,,,,,,,32.00,,,,,,,false,true,12,2022-04-01,2023-03-31,0
2022-10-27,59920,2023-03-31,2,,,,,,,,,,,,,,,,,,,,,,,,,,,,,,,,,25542396,623882,24918872,false,false,6,2022-04-01,2022-09-30,0
2022-10-27,59920,2022-03-31,2,,,,,,,,,,,,,,,,,,,,,,,,,,,,,,,,,,,24919748,false,false,6,2021-04-01,2021-09-30,-1
2023-02-02,59920,2023-03-31,3,68492000000,0.137,,,,,485000000,-0.522,1544000000,-0.250,,473000000,,19.02,,,,,,106863000000,68436000000,0.601,,64198000000,,,,,,,,,,,,true,false,9,2022-04-01,2022-12-31,0
2023-02-02,59920,2022-03-31,3,60245000000,0.123,,,,,1014000000,1.412,2060000000,1.128,,1129000000,,45.34,,,,,,,,,,,,,,,,,,,,,,true,false,9,2021-04-01,2021-12-31,-1
2023-02-02,59920,2023-03-31,3,91500000000,0.114,,,,,750000000,-0.589,1450000000,-0.578,,400000000,,16.05,,,,,,,,,,,,,,,,,,,,,,true,true,12,2022-04-01,2023-03-31,0
2023-02-02,59920,2022-03-31,3,,,,,,,,,,,,,,,,,,,,104553000000,71425000000,0.642,,67103000000,,,,,,,,,,,,true,false,12,2021-04-01,2022-03-31,-1
2023-02-02,59920,2022-03-31,3,,,,,,,,,,,,,,,,,,,,,,,,,,,,,32.00,,,,25542396,623298,,false,false,12,2021-04-01,2022-03-31,-1
2023-02-02,59920,2023-03-31,3,,,,,,,,,,,,,,,,,,,,,,,,,,,,,16.00,,,,,,,false,false,12,2022-04-01,2023-03-31,0
2023-02-02,59920,2023-03-31,3,,,,,,,,,,,,,,,,,,,,,,,,,,,,,,,,,25542396,623990,24918735,false,false,9,2022-04-01,2022-12-31,0
2023-02-02,59920,2022-03-31,3,,,,,,,,,,,,,,,,,,,,,,,,,,,,,,,,,,,24919628,false,false,9,2021-04-01,2021-12-31,-1
2023-04-26,59920,2023-03-31,,92766000000,0.129,,,,,354000000,-0.806,1572000000,-0.542,,481000000,,19.28,,0.007,0.015,0.004,,107114000000,68564000000,0.600,2543.44,64235000000,2343000000,-3620000000,3377000000,9986000000,,0.934,,,,,,true,false,12,2022-04-01,2023-03-31,0
2023-04-26,59920,2022-03-31,,82144000000,0.100,,,,,1826000000,0.449,3434000000,0.521,,1801000000,,72.29,,0.028,0.035,0.022,,104553000000,71425000000,0.642,2692.84,67103000000,208000000,-3802000000,-635000000,7799000000,,0.443,,,,,,true,false,12,2021-04-01,2022-03-31,-1
2023-04-26,59920,2024-03-31,,97000000000,0.046,,,,,1300000000,2.667,1400000000,-0.110,,200000000,,8.00,,,,,,,,,,,,,,,,,,,,,,true,true,12,2023-04-01,2024-03-31,1
2023-04-26,59920,2022-03-31,,,,,,,,,,,,,,,,,,,,,,,,,,,,,,32.00,,,,25542396,623298,24919500,false,false,12,2021-04-01,2022-03-31,-1
2023-04-26,59920,2023-03-31,,,,,,,,,,,,,,,,,,,,,,,,,,,,,,18.00,,,,25542396,286896,25003171,false,false,12,2022-04-01,2023-03-31,0
2023-04-26,59920,2024-03-31,,,,,,,,,,,,,,,,,,,,,,,,,,,,,,8.00,,,,,,,false,true,12,2023-04-01,2024-03-31,1
2023-07-27,59920,2024-03-31,1,24006000000,0.182,,,,,-53000000,,1302000000,0.561,,804000000,,31.84,,,,,,113661000000,73181000000,0.606,,68829000000,,,,,,,,,,,,true,false,3,2023-04-01,2023-06-30,0
2023-07-27,59920,2023-03-31,1,20318000000,0.001,,,,,-391000000,,834000000,0.343,,265000000,,10.67,,,,,,,,,,,,,,,,,,,,,,true,false,3,2022-04-01,2022-06-30,-1
2023-07-27,59920,2024-03-31,1,97000000000,0.046,,,,,1300000000,2.667,1400000000,-0.110,,200000000,,8.00,,,,,,,,,,,,,,,,,,,,,,true,true,12,2023-04-01,2024-03-31,0
2023-07-27,59920,2023-03-31,1,,,,,,,,,,,,,,,,,,,,107115000000,68565000000,0.600,,64236000000,,,,,,,,,,,,true,false,12,2022-04-01,2023-03-31,-1
2023-07-27,59920,2023-03-31,1,,,,,,,,,,,,,,,,,,,,,,,,,,,,,18.00,,,,25542396,286896,,false,false,12,2022-04-01,2023-03-31,-1
2023-07-27,59920,2024-03-31,1,,,,,,,,,,,,,,,,,,,,,,,,,,,,,8.00,,,,,,,false,true,12,2023-04-01,2024-03-31,0
2023-07-27,59920,2024-03-31,1,,,,,,,,,,,,,,,,,,,,,,,,,,,,,,,,,25542396,288840,25254131,false,false,3,2023-04-01,2023-06-30,0
2023-07-27,59920,2023-03-31,1,,,,,,,,,,,,,,,,,,,,,,,,,,,,,,,,,,,24919032,false,false,3,2022-04-01,2022-06-30,-1
2023-10-30,59920,2024-03-31,2,50344000000,0.160,,,,,681000000,0.998,2256000000,0.104,,1414000000,,56.00,,,,,,122765000000,77016000000,0.591,,72550000000,,,,,,,,,,,,true,false,6,2023-04-01,2023-09-30,0
2023-10-30,59920,2023-03-31,2,43403000000,0.134,,,,,341000000,0.665,2043000000,2.289,,1099000000,,44.13,,,,,,,,,,,,,,,,,,,,,,true,false,6,2022-04-01,2022-09-30,-1
2023-10-30,59920,2023-03-31,2,,,,,,,,,,,,,,,,,,,,107115000000,68565000000,0.600,,64236000000,,,,,,,,,,,,true,false,12,2022-04-01,2023-03-31,-1
2023-10-30,59920,2023-03-31,2,,,,,,,,,,,,,,,,,,,,,,,,,,,,,18.00,,,,25542396,286896,,false,false,12,2022-04-01,2023-03-31,-1
2023-10-30,59920,2024-03-31,2,,,,,,,,,,,,,,,,,,,,,,,,,,,,,8.00,,,,,,,false,false,12,2023-04-01,2024-03-31,0
2023-10-30,59920,2024-03-31,2,,,,,,,,,,,,,,,,,,,,,,,,,,,,,8.00,,,,,,,false,true,12,2023-04-01,2024-03-31,0
2023-10-30,59920,2024-03-31,2,,,,,,,,,,,,,,,,,,,,,,,,,,,,,,,,,25542396,290978,25253117,false,false,6,2023-04-01,2023-09-30,0
2023-10-30,59920,2023-03-31,2,,,,,,,,,,,,,,,,,,,,,,,,,,,,,,,,,,,24918872,false,false,6,2022-04-01,2022-09-30,-1
2024-02-01,59920,2024-03-31,3,77603000000,0.133,,,,,992000000,1.046,2422000000,0.568,,1464000000,,58.00,,,,,,120581000000,75601000000,0.591,,71258000000,,,,,,,,,,,,true,false,9,2023-04-01,2023-12-31,0
2024-02-01,59920,2023-03-31,3,68492000000,0.137,,,,,485000000,-0.522,1544000000,-0.250,,473000000,,19.02,,,,,,,,,,,,,,,,,,,,,,true,false,9,2022-04-01,2022-12-31,-1
2024-02-01,59920,2024-03-31,3,99000000000,0.067,,,,,800000000,1.257,1600000000,0.018,,600000000,,23.76,,,,,,,,,,,,,,,,,,,,,,true,true,12,2023-04-01,2024-03-31,0
2024-02-01,59920,2023-03-31,3,,,,,,,,,,,,,,,,,,,,107115000000,68565000000,0.600,,64236000000,,,,,,,,,,,,true,false,12,2022-04-01,2023-03-31,-1
2024-02-01,59920,2023-03-31,3,,,,,,,,,,,,,,,,,,,,,,,,,,,,,18.00,,,,25542396,286896,,false,false,12,2022-04-01,2023-03-31,-1
2024-02-01,59920,2024-03-31,3,,,,,,,,,,,,,,,,,,,,,,,,,,,,,8.00,,,,,,,false,false,12,2023-04-01,2024-03-31,0
2024-02-01,59920,2024-03-31,3,,,,,,,,,,,,,,,,,,,,,,,,,,,,,16.00,,,,,,,false,true,12,2023-04-01,2024-03-31,0
2024-02-01,59920,2024-03-31,3,,,,,,,,,,,,,,,,,,,,,,,,,,,,,,,,,25542396,294488,25252013,false,false,9,2023-04-01,2023-12-31,0
2024-02-01,59920,2023-03-31,3,,,,,,,,,,,,,,,,,,,,,,,,,,,,,,,,,,,24918735,false,false,9,2022-04-01,2022-12-31,-1
2024-04-25,59920,2024-03-31,,100975000000,0.088,,,,,1073000000,2.029,3093000000,0.968,,1990000000,,78.84,,0.026,0.024,0.011,,153572000000,92395000000,0.572,3482.51,87912000000,5737000000,-6681000000,11715000000,21103000000,,0.254,,,,,,true,false,12,2023-04-01,2024-03-31,0
2024-04-25,59920,2023-03-31,,92766000000,0.129,,,,,354000000,-0.806,1572000000,-0.542,,481000000,,19.28,,0.007,0.015,0.004,,107115000000,68565000000,0.600,2543.48,64236000000,2343000000,-3620000000,3377000000,9986000000,,0.934,,,,,,true,false,12,2022-04-01,2023-03-31,-1
2024-04-25,59920,2025-03-31,,103000000000,0.020,,,,,1500000000,0.397,2000000000,-0.354,,1200000000,,47.52,,,,,,,,,,,,,,,,,,,,,,true,true,12,2024-04-01,2025-03-31,1
2024-04-25,59920,2023-03-31,,,,,,,,,,,,,,,,,,,,,,,,,,,,,,18.00,,,,25542396,286896,25003171,false,false,12,2022-04-01,2023-03-31,-1
2024-04-25,59920,2024-03-31,,,,,,,,,,,,,,,,,,,,,,,,,,,,,,20.00,,,,25542396,298448,25250353,false,false,12,2023-04-01,2024-03-31,0
2024-04-25,59920,2025-03-31,,,,,,,,,,,,,,,,,,,,,,,,,,,,,,25.00,,,,,,,false,true,12,2024-04-01,2025-03-31,1
2024-07-30,59920,2025-03-31,1,25520000000,0.063,,,,,136000000,,1394000000,0.070,,977000000,,38.74,,,,,,149666000000,90099000000,0.572,,85586000000,,,,,,,,,,,,true,false,3,2024-04-01,2024-06-30,0
2024-07-30,59920,2024-03-31,1,24006000000,0.182,,,,,-53000000,,1302000000,0.561,,804000000,,31.84,,,,,,,,,,,,,,,,,,,,,,true,false,3,2023-04-01,2023-06-30,-1
2024-07-30,59920,2025-03-31,1,103000000000,0.020,,,,,1500000000,0.397,2000000000,-0.354,,1200000000,,47.52,,,,,,,,,,,,,,,,,,,,,,true,true,12,2024-04-01,2025-03-31,0
2024-07-30,59920,2024-03-31,1,,,,,,,,,,,,,,,,,,,,153572000000,92395000000,0.572,,87912000000,,,,,,,,,,,,true,false,12,2023-04-01,2024-03-31,-1
2024-07-30,59920,2024-03-31,1,,,,,,,,,,,,,,,,,,,,,,,,,,,,,20.00,,,,25542396,298448,,false,false,12,2023-04-01,2024-03-31,-1
2024-07-30,59920,2025-03-31,1,,,,,,,,,,,,,,,,,,,,,,,,,,,,,25.00,,,,,,,false,true,12,2024-04-01,2025-03-31,0
2024-07-30,59920,2025-03-31,1,,,,,,,,,,,,,,,,,,,,,,,,,,,,,,,,,25542396,301142,25241965,false,false,3,2024-04-01,2024-06-30,0
2024-07-30,59920,2024-03-31,1,,,,,,,,,,,,,,,,,,,,,,,,,,,,,,,,,,,25254131,false,false,3,2023-04-01,2023-06-30,-1
2024-10-30,59920,2025-03-31,2,53256000000,0.058,,,,,1760000000,1.584,1787000000,-0.208,,1248000000,,49.45,,,,,,141439000000,84064000000,0.564,,79704000000,,,,,,,,,,,,true,false,6,2024-04-01,2024-09-30,0
2024-10-30,59920,2024-03-31,2,50344000000,0.160,,,,,681000000,0.998,2256000000,0.104,,1414000000,,56.00,,,,,,,,,,,,,,,,,,,,,,true,false,6,2023-04-01,2023-09-30,-1
2024-10-30,59920,2025-03-31,2,106000000000,0.050,,,,,2700000000,1.515,3000000000,-0.030,,1700000000,,67.35,,,,,,,,,,,,,,,,,,,,,,true,true,12,2024-04-01,2025-03-31,0
2024-10-30,59920,2024-03-31,2,,,,,,,,,,,,,,,,,,,,153572000000,92395000000,0.572,,87912000000,,,,,,,,,,,,true,false,12,2023-04-01,2024-03-31,-1
2024-10-30,59920,2024-03-31,2,,,,,,,,,,,,,,,,,,,,,,,,,,,,,20.00,,,,25542396,298448,,false,false,12,2023-04-01,2024-03-31,-1
2024-10-30,59920,2025-03-31,2,,,,,,,,,,,,,,,,,,,,,,,,,,,,,14.00,,,,,,,false,false,12,2024-04-01,2025-03-31,0
2024-10-30,59920,2025-03-31,2,,,,,,,,,,,,,,,,,,,,,,,,,,,,,28.00,,,,,,,false,true,12,2024-04-01,2025-03-31,0
2024-10-30,59920,2025-03-31,2,,,,,,,,,,,,,,,,,,,,,,,,,,,,,,,,,25542396,303124,25240705,false,false,6,2024-04-01,2024-09-30,0
2024-10-30,59920,2024-03-31,2,,,,,,,,,,,,,,,,,,,,,,,,,,,,,,,,,,,25253117,false,false,6,2023-04-01,2023-09-30,-1
2025-01-30,59920,2025-03-31,3,82250000000,0.060,,,,,2996000000,2.019,4509000000,0.861,,2816000000,,111.60,,,,,,150363000000,90258000000,0.571,,85824000000,,,,,,,,,,,,true,false,9,2024-04-01,2024-12-31,0
2025-01-30,59920,2024-03-31,3,77603000000,0.133,,,,,992000000,1.046,2422000000,0.568,,1464000000,,58.00,,,,,,,,,,,,,,,,,,,,,,true,false,9,2023-04-01,2023-12-31,-1
2025-01-30,59920,2025-03-31,3,109000000000,0.079,,,,,3300000000,2.073,4300000000,0.390,,2600000000,,103.01,,,,,,,,,,,,,,,,,,,,,,true,true,12,2024-04-01,2025-03-31,0
2025-01-30,59920,2024-03-31,3,,,,,,,,,,,,,,,,,,,,153572000000,92395000000,0.572,,87912000000,,,,,,,,,,,,true,false,12,2023-04-01,2024-03-31,-1
2025-01-30,59920,2024-03-31,3,,,,,,,,,,,,,,,,,,,,,,,,,,,,,20.00,,,,25542396,298448,,false,false,12,2023-04-01,2024-03-31,-1
2025-01-30,59920,2025-03-31,3,,,,,,,,,,,,,,,,,,,,,,,,,,,,,14.00,,,,,,,false,false,12,2024-04-01,2025-03-31,0
2025-01-30,59920,2025-03-31,3,,,,,,,,,,,,,,,,,,,,,,,,,,,,,40.00,,,,,,,false,true,12,2024-04-01,2025-03-31,0
2025-01-30,59920,2025-03-31,3,,,,,,,,,,,,,,,,,,,,,,,,,,,,,,,,,25542396,306362,25239605,false,false,9,2024-04-01,2024-12-31,0
2025-01-30,59920,2024-03-31,3,,,,,,,,,,,,,,,,,,,,,,,,,,,,,,,,,,,25252013,false,false,9,2023-04-01,2023-12-31,-1
2025-04-24,59920,2025-03-31,,110157000000,0.091,,,,,4384000000,3.083,5148000000,0.664,,1855000000,,73.52,,0.023,0.035,0.040,,142907000000,81045000000,0.537,3041.64,76750000000,9594000000,-8140000000,-901000000,21560000000,,0.544,,,,,,true,false,12,2024-04-01,2025-03-31,0
2025-04-24,59920,2024-03-31,,100975000000,0.088,,,,,1073000000,2.029,3093000000,0.968,,1990000000,,78.84,,0.026,0.024,0.011,,153572000000,92395000000,0.572,3482.51,87912000000,5737000000,-6681000000,11715000000,21103000000,,0.254,,,,,,true,false,12,2023-04-01,2024-03-31,-1
2025-04-24,59920,2026-03-31,,110000000000,-0.001,,,,,2500000000,-0.430,3000000000,-0.417,,1900000000,,75.30,,,,,,,,,,,,,,,,0.531,,,,,,true,true,12,2025-04-01,2026-03-31,1
2025-04-24,59920,2024-03-31,,,,,,,,,,,,,,,,,,,,,,,,,,,,,,20.00,,,,25542396,298448,25250353,false,false,12,2023-04-01,2024-03-31,-1
2025-04-24,59920,2025-03-31,,,,,,,,,,,,,,,,,,,,,,,,,,,,,,40.00,,,,25542396,309302,25238320,false,false,12,2024-04-01,2025-03-31,0
2025-04-24,59920,2026-03-31,,,,,,,,,,,,,,,,,,,,,,,,,,,,,,40.00,,,,,,,false,true,12,2025-04-01,2026-03-31,1
