filing_date,code,fiscal_year_end,quarterly_period,net_sales,net_sales_change,revenue,revenue_change,operating_revenue,operating_revenue_change,operating_profit,operating_profit_change,ordinary_profit,ordinary_profit_change,net_income,net_income_of_parent,net_income_change,eps,diluted_eps,roe,roa,operating_profit_to_net_sales,operating_profit_to_revenue,total_assets,net_assets,equity_ratio,bps,owner_equity,operating_cash_flow,investing_cash_flow,financing_cash_flow,cash,dividend_per_share,payout_ratio,commemorative_dividend,extra_dividend,number_of_shares,number_of_treqsury_shares,avg_number_of_shares,is_consolidated,is_forecast,duration,period_start,period_end,period_pos
2015-05-14,59940,2015-03-31,,37838000000,0.028,,,,,1180000000,-0.036,1175000000,-0.056,549000000,,-0.234,24.97,,0.037,0.030,0.031,,40339000000,17445000000,0.389,712.28,15681000000,3830000000,-3472000000,-1246000000,2830000000,,0.401,,,,,,true,false,12,2014-04-01,2015-03-31,0
2015-05-14,59940,2014-03-31,,36807000000,0.064,,,,,1224000000,-0.049,1245000000,-0.093,717000000,,-0.411,32.60,,0.052,0.035,0.033,,38066000000,15842000000,0.376,649.95,14311000000,2596000000,-4259000000,880000000,3278000000,,0.307,,,,,,true,false,12,2013-04-01,2014-03-31,-1
2015-05-14,59940,2016-03-31,,19600000000,0.052,,,,,450000000,0.271,350000000,0.017,,150000000,,6.81,,,,,,,,,,,,,,,,,,,,,,true,true,6,2015-04-01,2015-09-30,1
2015-05-14,59940,2016-03-31,,39800000000,0.052,,,,,1500000000,0.271,1200000000,0.021,,700000000,,31.79,,,,,,,,,,,,,,,,0.315,,,,,,true,true,12,2015-04-01,2016-03-31,1
2015-05-14,59940,2015-03-31,,27422000000,-0.039,,,,,375000000,0.237,563000000,-0.011,272000000,,-0.245,12.38,,,,,,28066000000,12370000000,0.441,561.92,12370000000,,,,,10.00,,,,22100000,84409,22017047,false,false,12,2014-04-01,2015-03-31,0
2015-05-14,59940,2014-03-31,,28529000000,-0.001,,,,,303000000,-0.115,569000000,-0.278,361000000,,-0.384,16.41,,,,,,28377000000,11948000000,0.421,542.63,11948000000,,,,,10.00,,,,22100000,81042,22021296,false,false,12,2013-04-01,2014-03-31,-1
2015-05-14,59940,2016-03-31,,,,,,,,,,,,,,,,,,,,,,,,,,,,,,10.00,,,,,,,false,true,12,2015-04-01,2016-03-31,1
2015-08-06,59940,2016-03-31,1,9458000000,0.042,,,,,371000000,1.941,351000000,2.827,,145000000,,6.63,,,,,,41408000000,17519000000,0.380,714.29,15725000000,,,,,,,,,,,,true,false,3,2015-04-01,2015-06-30,0
2015-08-06,59940,2015-03-31,1,9073000000,0.023,,,,,126000000,-0.733,91000000,-0.817,,9000000,,0.44,,,,,,,,,,,,,,,,,,,,,,true,false,3,2014-04-01,2014-06-30,-1
2015-08-06,59940,2016-03-31,1,19600000000,0.052,,,,,450000000,0.271,350000000,0.017,,150000000,,6.81,,,,,,,,,,,,,,,,,,,,,,true,true,6,2015-04-01,2015-09-30,0
2015-08-06,59940,2016-03-31,1,39800000000,0.052,,,,,1500000000,0.271,1200000000,0.021,,700000000,,31.79,,,,,,,,,,,,,,,,,,,,,,true,true,12,2015-04-01,2016-03-31,0
2015-08-06,59940,2015-03-31,1,,,,,,,,,,,,,,,,,,,,40339000000,17445000000,0.389,712.28,15681000000,,,,,,,,,,,,true,false,12,2014-04-01,2015-03-31,-1
2015-08-06,59940,2015-03-31,1,,,,,,,,,,,,,,,,,,,,,,,,,,,,,10.00,,,,22100000,84409,,false,false,12,2014-04-01,2015-03-31,-1
2015-08-06,59940,2016-03-31,1,,,,,,,,,,,,,,,,,,,,,,,,,,,,,10.00,,,,,,,false,true,12,2015-04-01,2016-03-31,0
2015-08-06,59940,2016-03-31,1,,,,,,,,,,,,,,,,,,,,,,,,,,,,,,,,,22100000,84509,22015541,false,false,3,2015-04-01,2015-06-30,0
2015-08-06,59940,2015-03-31,1,,,,,,,,,,,,,,,,,,,,,,,,,,,,,,,,,,,22018958,false,false,3,2014-04-01,2014-06-30,-1
2015-11-05,59940,2016-03-31,2,19343000000,0.038,,,,,1009000000,1.852,938000000,1.728,,519000000,,23.59,,,,,,41084000000,16999000000,0.371,,15255000000,,,,,,,,,,,,true,false,6,2015-04-01,2015-09-30,0
2015-11-05,59940,2015-03-31,2,18635000000,0.032,,,,,354000000,-0.368,343000000,-0.417,,147000000,,6.71,,,,,,,,,,,,,,,,,,,,,,true,false,6,2014-04-01,2014-09-30,-1
2015-11-05,59940,2016-03-31,2,39800000000,0.052,,,,,1500000000,0.271,1200000000,0.021,,700000000,,31.79,,,,,,,,,,,,,,,,,,,,,,true,true,12,2015-04-01,2016-03-31,0
2015-11-05,59940,2015-03-31,2,,,,,,,,,,,,,,,,,,,,40339000000,17445000000,0.389,,15681000000,,,,,,,,,,,,true,false,12,2014-04-01,2015-03-31,-1
2015-11-05,59940,2015-03-31,2,,,,,,,,,,,,,,,,,,,,,,,,,,,,,10.00,,,,22100000,84409,,false,false,12,2014-04-01,2015-03-31,-1
2015-11-05,59940,2016-03-31,2,,,,,,,,,,,,,,,,,,,,,,,,,,,,,5.00,,,,,,,false,false,12,2015-04-01,2016-03-31,0
2015-11-05,59940,2016-03-31,2,,,,,,,,,,,,,,,,,,,,,,,,,,,,,10.00,,,,,,,false,true,12,2015-04-01,2016-03-31,0
2015-11-05,59940,2016-03-31,2,,,,,,,,,,,,,,,,,,,,,,,,,,,,,,,,,22100000,88296,22014043,false,false,6,2015-04-01,2015-09-30,0
2015-11-05,59940,2015-03-31,2,,,,,,,,,,,,,,,,,,,,,,,,,,,,,,,,,,,22018036,false,false,6,2014-04-01,2014-09-30,-1
2016-02-04,59940,2016-03-31,3,29052000000,0.031,,,,,1605000000,1.901,1523000000,1.607,,825000000,,37.48,,,,,,41690000000,17589000000,0.379,,15787000000,,,,,,,,,,,,true,false,9,2015-04-01,2015-12-31,0
2016-02-04,59940,2015-03-31,3,28181000000,0.034,,,,,553000000,-0.261,584000000,-0.283,,256000000,,11.65,,,,,,,,,,,,,,,,,,,,,,true,false,9,2014-04-01,2014-12-31,-1
2016-02-04,59940,2016-03-31,3,38000000000,0.004,,,,,1800000000,0.525,1700000000,0.446,,900000000,,40.89,,,,,,,,,,,,,,,,,,,,,,true,true,12,2015-04-01,2016-03-31,0
2016-02-04,59940,2015-03-31,3,,,,,,,,,,,,,,,,,,,,40339000000,17445000000,0.389,,15681000000,,,,,,,,,,,,true,false,12,2014-04-01,2015-03-31,-1
2016-02-04,59940,2015-03-31,3,,,,,,,,,,,,,,,,,,,,,,,,,,,,,10.00,,,,22100000,84409,,false,false,12,2014-04-01,2015-03-31,-1
2016-02-04,59940,2016-03-31,3,,,,,,,,,,,,,,,,,,,,,,,,,,,,,5.00,,,,,,,false,false,12,2015-04-01,2016-03-31,0
2016-02-04,59940,2016-03-31,3,,,,,,,,,,,,,,,,,,,,,,,,,,,,,12.00,,,,,,,false,true,12,2015-04-01,2016-03-31,0
2016-02-04,59940,2016-03-31,3,,,,,,,,,,,,,,,,,,,,,,,,,,,,,,,,,22100000,90191,22013148,false,false,9,2015-04-01,2015-12-31,0
2016-02-04,59940,2015-03-31,3,,,,,,,,,,,,,,,,,,,,,,,,,,,,,,,,,,,22017468,false,false,9,2014-04-01,2014-12-31,-1
2016-04-27,59940,2016-03-31,,38447000000,0.016,,,,,2244000000,0.902,2029000000,0.726,,1002000000,,45.54,,0.066,0.050,0.058,,41218000000,16557000000,0.358,670.76,14763000000,4042000000,-4370000000,410000000,2798000000,,0.285,,,,,,true,false,12,2015-04-01,2016-03-31,0
2016-04-27,59940,2015-03-31,,37838000000,0.028,,,,,1180000000,-0.036,1175000000,-0.056,,549000000,,24.97,,0.037,0.030,0.031,,40339000000,17445000000,0.389,712.28,15681000000,3830000000,-3472000000,-1246000000,2830000000,,0.401,,,,,,true,false,12,2014-04-01,2015-03-31,-1
2016-04-27,59940,2017-03-31,,18800000000,-0.028,,,,,1020000000,0.010,960000000,0.023,,530000000,,24.08,,,,,,,,,,,,,,,,,,,,,,true,true,6,2016-04-01,2016-09-30,1
2016-04-27,59940,2017-03-31,,37700000000,-0.019,,,,,2300000000,0.025,2100000000,0.035,,1100000000,,49.97,,,,,,,,,,,,,,,,0.260,,,,,,true,true,12,2016-04-01,2017-03-31,1
2016-04-27,59940,2016-03-31,,26653000000,-0.028,,,,,661000000,0.764,885000000,0.573,594000000,,1.179,26.99,,,,,,28903000000,12318000000,0.426,559.69,12318000000,,,,,13.00,,,,22100000,90291,22012355,false,false,12,2015-04-01,2016-03-31,0
2016-04-27,59940,2015-03-31,,27422000000,-0.039,,,,,375000000,0.237,563000000,-0.011,272000000,,-0.245,12.38,,,,,,28066000000,12370000000,0.441,561.92,12370000000,,,,,10.00,,,,22100000,84409,22017047,false,false,12,2014-04-01,2015-03-31,-1
2016-04-27,59940,2017-03-31,,,,,,,,,,,,,,,,,,,,,,,,,,,,,,13.00,,,,,,,false,true,12,2016-04-01,2017-03-31,1
,59940,2017-03-31,,,,,,,,,,,,,,,,,,,,,,,,,,,,,,35.00,,,,,,,false,true,12,2016-04-01,2017-03-31,0
,59940,2016-03-31,,,,,,,,,,,,,,,,,,,,,,,,,,,,,,13.00,,,,,,,false,false,12,2015-04-01,2016-03-31,-1
2016-07-28,59940,2017-03-31,1,9204000000,-0.027,,,,,492000000,0.327,313000000,-0.109,,142000000,,6.47,,,,,,39987000000,15663000000,0.352,639.27,14070000000,,,,,,,,,,,,true,false,3,2016-04-01,2016-06-30,0
2016-07-28,59940,2016-03-31,1,9458000000,0.042,,,,,371000000,1.941,351000000,2.827,,145000000,,6.63,,,,,,,,,,,,,,,,,,,,,,true,false,3,2015-04-01,2015-06-30,-1
2016-07-28,59940,2017-03-31,1,18800000000,-0.028,,,,,1020000000,0.010,960000000,0.023,,530000000,,24.08,,,,,,,,,,,,,,,,,,,,,,true,true,6,2016-04-01,2016-09-30,0
2016-07-28,59940,2017-03-31,1,37700000000,-0.019,,,,,2300000000,0.025,2100000000,0.035,,1100000000,,249.86,,,,,,,,,,,,,,,,,,,,,,true,true,12,2016-04-01,2017-03-31,0
2016-07-28,59940,2016-03-31,1,,,,,,,,,,,,,,,,,,,,41218000000,16557000000,0.358,670.76,14763000000,,,,,,,,,,,,true,false,12,2015-04-01,2016-03-31,-1
2016-07-28,59940,2016-03-31,1,,,,,,,,,,,,,,,,,,,,,,,,,,,,,13.00,,,,22100000,90291,,false,false,12,2015-04-01,2016-03-31,-1
2016-07-28,59940,2017-03-31,1,,,,,,,,,,,,,,,,,,,,,,,,,,,,,35.00,,,,,,,false,true,12,2016-04-01,2017-03-31,0
2016-07-28,59940,2017-03-31,1,,,,,,,,,,,,,,,,,,,,,,,,,,,,,,,,,22100000,90291,22009709,false,false,3,2016-04-01,2016-06-30,0
2016-07-28,59940,2016-03-31,1,,,,,,,,,,,,,,,,,,,,,,,,,,,,,,,,,,,22015541,false,false,3,2015-04-01,2015-06-30,-1
2016-10-27,59940,2017-03-31,2,18518000000,-0.043,,,,,976000000,-0.033,755000000,-0.195,,343000000,,78.01,,,,,,40592000000,16061000000,0.355,3273.15,14407000000,,,,,,,,,,,,true,false,6,2016-04-01,2016-09-30,0
2016-10-27,59940,2016-03-31,2,19343000000,0.038,,,,,1009000000,1.852,938000000,1.728,,519000000,,117.93,,,,,,,,,,,,,,,,,,,,,,true,false,6,2015-04-01,2015-09-30,-1
2016-10-27,59940,2017-03-31,2,37700000000,-0.019,,,,,2300000000,0.025,2100000000,0.035,,1100000000,,249.86,,,,,,,,,,,,,,,,,,,,,,true,true,12,2016-04-01,2017-03-31,0
2016-10-27,59940,2016-03-31,2,,,,,,,,,,,,,,,,,,,,41218000000,16557000000,0.358,3353.78,14763000000,,,,,,,,,,,,true,false,12,2015-04-01,2016-03-31,-1
2016-10-27,59940,2016-03-31,2,,,,,,,,,,,,,,,,,,,,,,,,,,,,,13.00,,,,4420000,18058,,false,false,12,2015-04-01,2016-03-31,-1
2016-10-27,59940,2017-03-31,2,,,,,,,,,,,,,,,,,,,,,,,,,,,,,6.00,,,,,,,false,false,12,2016-04-01,2017-03-31,0
2016-10-27,59940,2017-03-31,2,,,,,,,,,,,,,,,,,,,,,,,,,,,,,35.00,,,,,,,false,true,12,2016-04-01,2017-03-31,0
2016-10-27,59940,2017-03-31,2,,,,,,,,,,,,,,,,,,,,,,,,,,,,,,,,,4420000,18252,4401859,false,false,6,2016-04-01,2016-09-30,0
2016-10-27,59940,2016-03-31,2,,,,,,,,,,,,,,,,,,,,,,,,,,,,,,,,,,,4402809,false,false,6,2015-04-01,2015-09-30,-1
2017-02-01,59940,2017-03-31,3,27868000000,-0.041,,,,,1554000000,-0.031,1431000000,-0.060,,755000000,,171.59,,,,,,42805000000,17669000000,0.368,3576.80,15743000000,,,,,,,,,,,,true,false,9,2016-04-01,2016-12-31,0
2017-02-01,59940,2016-03-31,3,29052000000,0.031,,,,,1605000000,1.901,1523000000,1.607,,825000000,,187.40,,,,,,,,,,,,,,,,,,,,,,true,false,9,2015-04-01,2015-12-31,-1
2017-02-01,59940,2017-03-31,3,37700000000,-0.019,,,,,2300000000,0.025,2100000000,0.035,,1100000000,,249.86,,,,,,,,,,,,,,,,,,,,,,true,true,12,2016-04-01,2017-03-31,0
2017-02-01,59940,2016-03-31,3,,,,,,,,,,,,,,,,,,,,41218000000,16557000000,0.358,3353.78,14763000000,,,,,,,,,,,,true,false,12,2015-04-01,2016-03-31,-1
2017-02-01,59940,2016-03-31,3,,,,,,,,,,,,,,,,,,,,,,,,,,,,,13.00,,,,4420000,18058,,false,false,12,2015-04-01,2016-03-31,-1
2017-02-01,59940,2017-03-31,3,,,,,,,,,,,,,,,,,,,,,,,,,,,,,6.00,,,,,,,false,false,12,2016-04-01,2017-03-31,0
2017-02-01,59940,2017-03-31,3,,,,,,,,,,,,,,,,,,,,,,,,,,,,,35.00,,,,,,,false,true,12,2016-04-01,2017-03-31,0
2017-02-01,59940,2017-03-31,3,,,,,,,,,,,,,,,,,,,,,,,,,,,,,,,,,4420000,18380,4401793,false,false,9,2016-04-01,2016-12-31,0
2017-02-01,59940,2016-03-31,3,,,,,,,,,,,,,,,,,,,,,,,,,,,,,,,,,,,4402630,false,false,9,2015-04-01,2015-12-31,-1
2017-04-27,59940,2017-03-31,,37476000000,-0.025,,,,,2246000000,0.001,2049000000,0.010,,1077000000,,244.75,,0.070,0.048,0.060,,43394000000,17907000000,0.367,3615.97,15915000000,4492000000,-4284000000,166000000,3172000000,,0.286,,,,,,true,false,12,2016-04-01,2017-03-31,0
2017-04-27,59940,2016-03-31,,38447000000,0.016,,,,,2244000000,0.902,2029000000,0.726,,1002000000,,227.72,,0.066,0.050,0.058,,41218000000,16557000000,0.358,3353.78,14763000000,4042000000,-4370000000,410000000,2798000000,,0.285,,,,,,true,false,12,2015-04-01,2016-03-31,-1
2017-04-27,59940,2018-03-31,,18540000000,0.001,,,,,1050000000,0.076,1000000000,0.324,,540000000,,122.68,,,,,,,,,,,,,,,,,,,,,,true,true,6,2017-04-01,2017-09-30,1
2017-04-27,59940,2018-03-31,,37500000000,0.001,,,,,2500000000,0.113,2200000000,0.074,,1150000000,,261.26,,,,,,,,,,,,,,,,0.287,,,,,,true,true,12,2017-04-01,2018-03-31,1
2017-04-27,59940,2017-03-31,,26336000000,-0.012,,,,,491000000,-0.257,780000000,-0.119,598000000,,0.007,135.97,,,,,,29359000000,12865000000,0.438,2922.90,12865000000,,,,,40.00,,,,4420000,18468,4401737,false,false,12,2016-04-01,2017-03-31,0
2017-04-27,59940,2016-03-31,,26653000000,-0.028,,,,,661000000,0.764,885000000,0.573,594000000,,1.179,134.93,,,,,,28903000000,12318000000,0.426,2798.43,12318000000,,,,,13.00,,,,4420000,18058,4402471,false,false,12,2015-04-01,2016-03-31,-1
2017-04-27,59940,2018-03-31,,,,,,,,,,,,,,,,,,,,,,,,,,,,,,75.00,,,,,,,false,true,12,2017-04-01,2018-03-31,1
2017-07-27,59940,2018-03-31,1,9125000000,-0.009,,,,,202000000,-0.590,180000000,-0.423,,72000000,,16.44,,,,,,45194000000,17791000000,0.352,3610.27,15890000000,,,,,,,,,,,,true,false,3,2017-04-01,2017-06-30,0
2017-07-27,59940,2017-03-31,1,9204000000,-0.027,,,,,492000000,0.327,313000000,-0.109,,142000000,,32.35,,,,,,,,,,,,,,,,,,,,,,true,false,3,2016-04-01,2016-06-30,-1
2017-07-27,59940,2018-03-31,1,18540000000,0.001,,,,,1050000000,0.076,1000000000,0.324,,540000000,,122.68,,,,,,,,,,,,,,,,,,,,,,true,true,6,2017-04-01,2017-09-30,0
2017-07-27,59940,2018-03-31,1,37500000000,0.001,,,,,2500000000,0.113,2200000000,0.074,,1150000000,,261.26,,,,,,,,,,,,,,,,,,,,,,true,true,12,2017-04-01,2018-03-31,0
2017-07-27,59940,2017-03-31,1,,,,,,,,,,,,,,,,,,,,43394000000,17907000000,0.367,3615.97,15915000000,,,,,,,,,,,,true,false,12,2016-04-01,2017-03-31,-1
2017-07-27,59940,2017-03-31,1,,,,,,,,,,,,,,,,,,,,,,,,,,,,,40.00,,,,4420000,18468,,false,false,12,2016-04-01,2017-03-31,-1
2017-07-27,59940,2018-03-31,1,,,,,,,,,,,,,,,,,,,,,,,,,,,,,75.00,,,,,,,false,true,12,2017-04-01,2018-03-31,0
2017-07-27,59940,2018-03-31,1,,,,,,,,,,,,,,,,,,,,,,,,,,,,,,,,,4420000,18505,4401518,false,false,3,2017-04-01,2017-06-30,0
2017-07-27,59940,2017-03-31,1,,,,,,,,,,,,,,,,,,,,,,,,,,,,,,,,,,,4401942,false,false,3,2016-04-01,2016-06-30,-1
2017-10-30,59940,2018-03-31,2,18877000000,0.019,,,,,548000000,-0.438,492000000,-0.347,,210000000,,47.86,,,,,,45986000000,18372000000,0.355,3713.70,16345000000,,,,,,,,,,,,true,false,6,2017-04-01,2017-09-30,0
2017-10-30,59940,2017-03-31,2,18518000000,-0.043,,,,,976000000,-0.033,755000000,-0.195,,343000000,,78.01,,,,,,,,,,,,,,,,,,,,,,true,false,6,2016-04-01,2016-09-30,-1
2017-10-30,59940,2018-03-31,2,38000000000,0.014,,,,,2300000000,0.024,2100000000,0.025,,1100000000,,249.90,,,,,,,,,,,,,,,,,,,,,,true,true,12,2017-04-01,2018-03-31,0
2017-10-30,59940,2017-03-31,2,,,,,,,,,,,,,,,,,,,,43394000000,17907000000,0.367,3615.97,15915000000,,,,,,,,,,,,true,false,12,2016-04-01,2017-03-31,-1
2017-10-30,59940,2017-03-31,2,,,,,,,,,,,,,,,,,,,,,,,,,,,,,40.00,,,,4420000,18468,,false,false,12,2016-04-01,2017-03-31,-1
2017-10-30,59940,2018-03-31,2,,,,,,,,,,,,,,,,,,,,,,,,,,,,,35.00,,,,,,,false,false,12,2017-04-01,2018-03-31,0
2017-10-30,59940,2018-03-31,2,,,,,,,,,,,,,,,,,,,,,,,,,,,,,75.00,,,,,,,false,true,12,2017-04-01,2018-03-31,0
2017-10-30,59940,2018-03-31,2,,,,,,,,,,,,,,,,,,,,,,,,,,,,,,,,,4420000,18509,4401506,false,false,6,2017-04-01,2017-09-30,0
2017-10-30,59940,2017-03-31,2,,,,,,,,,,,,,,,,,,,,,,,,,,,,,,,,,,,4401859,false,false,6,2016-04-01,2016-09-30,-1
2018-02-01,59940,2018-03-31,3,28976000000,0.040,,,,,1121000000,-0.278,1037000000,-0.275,,371000000,,84.40,,,,,,46340000000,18766000000,0.358,3771.44,16599000000,,,,,,,,,,,,true,false,9,2017-04-01,2017-12-31,0
2018-02-01,59940,2017-03-31,3,27868000000,-0.041,,,,,1554000000,-0.031,1431000000,-0.060,,755000000,,171.59,,,,,,,,,,,,,,,,,,,,,,true,false,9,2016-04-01,2016-12-31,-1
2018-02-01,59940,2018-03-31,3,38000000000,0.014,,,,,2300000000,0.024,2100000000,0.025,,1100000000,,249.90,,,,,,,,,,,,,,,,,,,,,,true,true,12,2017-04-01,2018-03-31,0
2018-02-01,59940,2017-03-31,3,,,,,,,,,,,,,,,,,,,,43394000000,17907000000,0.367,3615.97,15915000000,,,,,,,,,,,,true,false,12,2016-04-01,2017-03-31,-1
2018-02-01,59940,2017-03-31,3,,,,,,,,,,,,,,,,,,,,,,,,,,,,,40.00,,,,4420000,18468,,false,false,12,2016-04-01,2017-03-31,-1
2018-02-01,59940,2018-03-31,3,,,,,,,,,,,,,,,,,,,,,,,,,,,,,35.00,,,,,,,false,false,12,2017-04-01,2018-03-31,0
2018-02-01,59940,2018-03-31,3,,,,,,,,,,,,,,,,,,,,,,,,,,,,,75.00,,,,,,,false,true,12,2017-04-01,2018-03-31,0
2018-02-01,59940,2018-03-31,3,,,,,,,,,,,,,,,,,,,,,,,,,,,,,,,,,4420000,18550,4401489,false,false,9,2017-04-01,2017-12-31,0
2018-02-01,59940,2017-03-31,3,,,,,,,,,,,,,,,,,,,,,,,,,,,,,,,,,,,4401793,false,false,9,2016-04-01,2016-12-31,-1
2018-04-24,59940,2018-03-31,,38900000000,0.024,,,,,1790000000,-0.222,1590000000,-0.243,,460000000,,104.51,,,,,,,,,,,,,,,,,,,,,,true,true,12,2017-04-01,2018-03-31,0
2018-04-24,59940,2017-03-31,,37476000000,,,,,,2246000000,,2049000000,,,1077000000,,244.75,,,,,,,,,,,,,,,,,,,,,,true,false,12,2016-04-01,2017-03-31,-1
2018-04-24,59940,2018-03-31,,,,,,,,,,,,,,,,,,,,,,,,,,,,,,65.00,,,,,,,false,true,12,2017-04-01,2018-03-31,0
2018-04-24,59940,2018-03-31,,,,,,,,,,,,,,,,,,,,,,,,,,,,,,35.00,,,,,,,false,false,12,2017-04-01,2018-03-31,0
2018-04-24,59940,2017-03-31,,,,,,,,,,,,,,,,,,,,,,,,,,,,,,40.00,,,,,,,false,false,12,2016-04-01,2017-03-31,-1
2018-04-26,59940,2018-03-31,,38987000000,0.040,,,,,1796000000,-0.201,1593000000,-0.222,,462000000,,105.05,,0.029,0.036,0.046,,46082000000,18578000000,0.355,3718.93,16368000000,3733000000,-4461000000,1840000000,4302000000,,0.619,,,,,,true,false,12,2017-04-01,2018-03-31,0
2018-04-26,59940,2017-03-31,,37476000000,-0.025,,,,,2246000000,0.001,2049000000,0.010,,1077000000,,244.75,,0.070,0.048,0.060,,43394000000,17907000000,0.367,3615.97,15915000000,4492000000,-4284000000,166000000,3172000000,,0.286,,,,,,true,false,12,2016-04-01,2017-03-31,-1
2018-04-26,59940,2019-03-31,,19400000000,0.028,,,,,1100000000,1.007,960000000,0.948,,550000000,,124.96,,,,,,,,,,,,,,,,,,,,,,true,true,6,2018-04-01,2018-09-30,1
2018-04-26,59940,2019-03-31,,40000000000,0.026,,,,,2500000000,0.392,2150000000,0.349,,1200000000,,272.64,,,,,,,,,,,,,,,,0.293,,,,,,true,true,12,2018-04-01,2019-03-31,1
2018-04-26,59940,2018-03-31,,26996000000,0.025,,,,,704000000,0.433,1118000000,0.434,-685000000,,,-155.83,,,,,,29158000000,11901000000,0.408,2704.06,11901000000,,,,,65.00,,,,4420000,18550,4401480,false,false,12,2017-04-01,2018-03-31,0
2018-04-26,59940,2017-03-31,,26336000000,-0.012,,,,,491000000,-0.257,780000000,-0.119,598000000,,0.007,135.97,,,,,,29359000000,12865000000,0.438,2922.90,12865000000,,,,,40.00,,,,4420000,18468,4401737,false,false,12,2016-04-01,2017-03-31,-1
2018-04-26,59940,2019-03-31,,,,,,,,,,,,,,,,,,,,,,,,,,,,,,80.00,,,,,,,false,true,12,2018-04-01,2019-03-31,1
2018-07-30,59940,2019-03-31,1,9709000000,0.064,,,,,234000000,0.159,217000000,0.203,,24000000,,5.51,,,,,,46279000000,18287000000,0.350,3677.84,16187000000,,,,,,,,,,,,true,false,3,2018-04-01,2018-06-30,0
2018-07-30,59940,2018-03-31,1,9125000000,-0.009,,,,,202000000,-0.590,180000000,-0.423,,72000000,,16.44,,,,,,,,,,,,,,,,,,,,,,true,false,3,2017-04-01,2017-06-30,-1
2018-07-30,59940,2019-03-31,1,19400000000,0.028,,,,,1100000000,1.007,960000000,0.948,,550000000,,124.96,,,,,,,,,,,,,,,,,,,,,,true,true,6,2018-04-01,2018-09-30,0
2018-07-30,59940,2019-03-31,1,40000000000,0.026,,,,,2500000000,0.392,2150000000,0.349,,1200000000,,272.64,,,,,,,,,,,,,,,,,,,,,,true,true,12,2018-04-01,2019-03-31,0
2018-07-30,59940,2018-03-31,1,,,,,,,,,,,,,,,,,,,,46082000000,18578000000,0.355,3718.93,16368000000,,,,,,,,,,,,true,false,12,2017-04-01,2018-03-31,-1
2018-07-30,59940,2018-03-31,1,,,,,,,,,,,,,,,,,,,,,,,,,,,,,65.00,,,,4420000,18550,,false,false,12,2017-04-01,2018-03-31,-1
2018-07-30,59940,2019-03-31,1,,,,,,,,,,,,,,,,,,,,,,,,,,,,,80.00,,,,,,,false,true,12,2018-04-01,2019-03-31,0
2018-07-30,59940,2019-03-31,1,,,,,,,,,,,,,,,,,,,,,,,,,,,,,,,,,4420000,18662,4401384,false,false,3,2018-04-01,2018-06-30,0
2018-07-30,59940,2018-03-31,1,,,,,,,,,,,,,,,,,,,,,,,,,,,,,,,,,,,4401518,false,false,3,2017-04-01,2017-06-30,-1
2018-10-30,59940,2019-03-31,2,19590000000,0.038,,,,,602000000,0.100,529000000,0.075,,165000000,,37.53,,,,,,45832000000,18739000000,0.361,3762.15,16558000000,,,,,,,,,,,,true,false,6,2018-04-01,2018-09-30,0
2018-10-30,59940,2018-03-31,2,18877000000,0.019,,,,,548000000,-0.438,492000000,-0.347,,210000000,,47.86,,,,,,,,,,,,,,,,,,,,,,true,false,6,2017-04-01,2017-09-30,-1
2018-10-30,59940,2019-03-31,2,40000000000,0.026,,,,,2500000000,0.392,2150000000,0.349,,1200000000,,272.64,,,,,,,,,,,,,,,,,,,,,,true,true,12,2018-04-01,2019-03-31,0
2018-10-30,59940,2018-03-31,2,,,,,,,,,,,,,,,,,,,,46082000000,18578000000,0.355,3718.93,16368000000,,,,,,,,,,,,true,false,12,2017-04-01,2018-03-31,-1
2018-10-30,59940,2018-03-31,2,,,,,,,,,,,,,,,,,,,,,,,,,,,,,65.00,,,,4420000,18550,,false,false,12,2017-04-01,2018-03-31,-1
2018-10-30,59940,2019-03-31,2,,,,,,,,,,,,,,,,,,,,,,,,,,,,,40.00,,,,,,,false,false,12,2018-04-01,2019-03-31,0
2018-10-30,59940,2019-03-31,2,,,,,,,,,,,,,,,,,,,,,,,,,,,,,80.00,,,,,,,false,true,12,2018-04-01,2019-03-31,0
2018-10-30,59940,2019-03-31,2,,,,,,,,,,,,,,,,,,,,,,,,,,,,,,,,,4420000,18782,4401324,false,false,6,2018-04-01,2018-09-30,0
2018-10-30,59940,2018-03-31,2,,,,,,,,,,,,,,,,,,,,,,,,,,,,,,,,,,,4401506,false,false,6,2017-04-01,2017-09-30,-1
2019-01-31,59940,2019-03-31,3,29973000000,0.034,,,,,1029000000,-0.082,887000000,-0.145,,347000000,,78.99,,,,,,46144000000,18256000000,0.348,3646.79,16050000000,,,,,,,,,,,,true,false,9,2018-04-01,2018-12-31,0
2019-01-31,59940,2018-03-31,3,28976000000,0.040,,,,,1121000000,-0.278,1037000000,-0.275,,371000000,,84.40,,,,,,,,,,,,,,,,,,,,,,true,false,9,2017-04-01,2017-12-31,-1
2019-01-31,59940,2019-03-31,3,40000000000,0.026,,,,,2500000000,0.392,2150000000,0.349,,1200000000,,272.64,,,,,,,,,,,,,,,,,,,,,,true,true,12,2018-04-01,2019-03-31,0
2019-01-31,59940,2018-03-31,3,,,,,,,,,,,,,,,,,,,,46082000000,18578000000,0.355,3718.93,16368000000,,,,,,,,,,,,true,false,12,2017-04-01,2018-03-31,-1
2019-01-31,59940,2018-03-31,3,,,,,,,,,,,,,,,,,,,,,,,,,,,,,65.00,,,,4420000,18550,,false,false,12,2017-04-01,2018-03-31,-1
2019-01-31,59940,2019-03-31,3,,,,,,,,,,,,,,,,,,,,,,,,,,,,,40.00,,,,,,,false,false,12,2018-04-01,2019-03-31,0
2019-01-31,59940,2019-03-31,3,,,,,,,,,,,,,,,,,,,,,,,,,,,,,80.00,,,,,,,false,true,12,2018-04-01,2019-03-31,0
2019-01-31,59940,2019-03-31,3,,,,,,,,,,,,,,,,,,,,,,,,,,,,,,,,,4420000,18835,4401284,false,false,9,2018-04-01,2018-12-31,0
2019-01-31,59940,2018-03-31,3,,,,,,,,,,,,,,,,,,,,,,,,,,,,,,,,,,,4401489,false,false,9,2017-04-01,2017-12-31,-1
2019-04-23,59940,2019-03-31,,40500000000,0.013,,,,,1710000000,-0.316,1540000000,-0.284,,810000000,,185.00,,,,,,,,,,,,,,,,,,,,,,true,true,12,2018-04-01,2019-03-31,0
2019-04-23,59940,2018-03-31,,38987000000,,,,,,1796000000,,1593000000,,,462000000,,105.05,,,,,,,,,,,,,,,,,,,,,,true,false,12,2017-04-01,2018-03-31,-1
2019-04-23,59940,2019-03-31,,,,,,,,,,,,,,,,,,,,,,,,,,,,,,70.00,,,,,,,false,true,12,2018-04-01,2019-03-31,0
2019-04-23,59940,2019-03-31,,,,,,,,,,,,,,,,,,,,,,,,,,,,,,40.00,,,,,,,false,false,12,2018-04-01,2019-03-31,0
2019-04-23,59940,2018-03-31,,,,,,,,,,,,,,,,,,,,,,,,,,,,,,65.00,,,,,,,false,false,12,2017-04-01,2018-03-31,-1
2019-04-25,59940,2019-03-31,,40501000000,0.039,,,,,1716000000,-0.044,1540000000,-0.033,,816000000,,185.58,,0.049,0.033,0.042,,46839000000,19002000000,0.356,3793.93,16697000000,3965000000,-4141000000,-443000000,3714000000,,0.377,,,,,,true,false,12,2018-04-01,2019-03-31,0
2019-04-25,59940,2018-03-31,,38987000000,0.040,,,,,1796000000,-0.201,1593000000,-0.222,,462000000,,105.05,,0.029,0.036,0.046,,46082000000,18578000000,0.355,3718.93,16368000000,3733000000,-4461000000,1840000000,4302000000,,0.619,,,,,,true,false,12,2017-04-01,2018-03-31,-1
2019-04-25,59940,2020-03-31,,20500000000,0.046,,,,,920000000,0.526,760000000,0.435,,440000000,,99.97,,,,,,,,,,,,,,,,,,,,,,true,true,6,2019-04-01,2019-09-30,1
2019-04-25,59940,2020-03-31,,41000000000,0.012,,,,,2300000000,0.340,2000000000,0.298,,1100000000,,249.93,,,,,,,,,,,,,,,,0.320,,,,,,true,true,12,2019-04-01,2020-03-31,1
2019-04-25,59940,2019-03-31,,27264000000,0.010,,,,,631000000,-0.103,1152000000,0.030,948000000,,,215.53,,,,,,32286000000,12241000000,0.379,2781.43,12241000000,,,,,70.00,,,,4420000,18935,4401236,false,false,12,2018-04-01,2019-03-31,0
2019-04-25,59940,2018-03-31,,26996000000,0.025,,,,,704000000,0.433,1118000000,0.434,-685000000,,,-155.83,,,,,,29158000000,11901000000,0.408,2704.06,11901000000,,,,,65.00,,,,4420000,18550,4401480,false,false,12,2017-04-01,2018-03-31,-1
2019-04-25,59940,2020-03-31,,,,,,,,,,,,,,,,,,,,,,,,,,,,,,80.00,,,,,,,false,true,12,2019-04-01,2020-03-31,1
2019-07-30,59940,2020-03-31,1,10233000000,0.054,,,,,216000000,-0.076,138000000,-0.362,,0,,0.04,,,,,,47193000000,18497000000,0.347,3726.03,16398000000,,,,,,,,,,,,true,false,3,2019-04-01,2019-06-30,0
2019-07-30,59940,2019-03-31,1,9709000000,0.064,,,,,234000000,0.159,217000000,0.203,,24000000,,5.51,,,,,,,,,,,,,,,,,,,,,,true,false,3,2018-04-01,2018-06-30,-1
2019-07-30,59940,2020-03-31,1,20500000000,0.046,,,,,920000000,0.526,760000000,0.435,,440000000,,99.97,,,,,,,,,,,,,,,,,,,,,,true,true,6,2019-04-01,2019-09-30,0
2019-07-30,59940,2020-03-31,1,41000000000,0.012,,,,,2300000000,0.340,2000000000,0.298,,1100000000,,249.93,,,,,,,,,,,,,,,,,,,,,,true,true,12,2019-04-01,2020-03-31,0
2019-07-30,59940,2019-03-31,1,,,,,,,,,,,,,,,,,,,,46839000000,19002000000,0.356,3793.93,16697000000,,,,,,,,,,,,true,false,12,2018-04-01,2019-03-31,-1
2019-07-30,59940,2019-03-31,1,,,,,,,,,,,,,,,,,,,,,,,,,,,,,70.00,,,,4420000,18935,,false,false,12,2018-04-01,2019-03-31,-1
2019-07-30,59940,2020-03-31,1,,,,,,,,,,,,,,,,,,,,,,,,,,,,,80.00,,,,,,,false,true,12,2019-04-01,2020-03-31,0
2019-07-30,59940,2020-03-31,1,,,,,,,,,,,,,,,,,,,,,,,,,,,,,,,,,4420000,18975,4401035,false,false,3,2019-04-01,2019-06-30,0
2019-07-30,59940,2019-03-31,1,,,,,,,,,,,,,,,,,,,,,,,,,,,,,,,,,,,4401384,false,false,3,2018-04-01,2018-06-30,-1
2019-10-30,59940,2020-03-31,2,20562000000,0.050,,,,,436000000,-0.276,275000000,-0.479,,26000000,,6.03,,,,,,46591000000,18518000000,0.353,3735.75,16441000000,,,,,,,,,,,,true,false,6,2019-04-01,2019-09-30,0
2019-10-30,59940,2019-03-31,2,19590000000,0.038,,,,,602000000,0.100,529000000,0.075,,165000000,,37.53,,,,,,,,,,,,,,,,,,,,,,true,false,6,2018-04-01,2018-09-30,-1
2019-10-30,59940,2020-03-31,2,40000000000,-0.012,,,,,1700000000,0.010,1300000000,-0.156,,600000000,,136.33,,,,,,,,,,,,,,,,,,,,,,true,true,12,2019-04-01,2020-03-31,0
2019-10-30,59940,2019-03-31,2,,,,,,,,,,,,,,,,,,,,46839000000,19002000000,0.356,3793.93,16697000000,,,,,,,,,,,,true,false,12,2018-04-01,2019-03-31,-1
2019-10-30,59940,2019-03-31,2,,,,,,,,,,,,,,,,,,,,,,,,,,,,,70.00,,,,4420000,18935,,false,false,12,2018-04-01,2019-03-31,-1
2019-10-30,59940,2020-03-31,2,,,,,,,,,,,,,,,,,,,,,,,,,,,,,30.00,,,,,,,false,false,12,2019-04-01,2020-03-31,0
2019-10-30,59940,2020-03-31,2,,,,,,,,,,,,,,,,,,,,,,,,,,,,,70.00,,,,,,,false,true,12,2019-04-01,2020-03-31,0
2019-10-30,59940,2020-03-31,2,,,,,,,,,,,,,,,,,,,,,,,,,,,,,,,,,4420000,18975,4401031,false,false,6,2019-04-01,2019-09-30,0
2019-10-30,59940,2019-03-31,2,,,,,,,,,,,,,,,,,,,,,,,,,,,,,,,,,,,4401324,false,false,6,2018-04-01,2018-09-30,-1
2019-10-30,59940,2020-03-31,2,20562000000,0.050,,,,,436000000,-0.276,275000000,-0.479,,26000000,,6.03,,,,,,46591000000,18518000000,0.353,3735.75,16441000000,,,,,,,,,,,,true,false,6,2019-04-01,2019-09-30,0
2019-10-30,59940,2019-03-31,2,19590000000,0.038,,,,,602000000,0.100,529000000,0.075,,165000000,,37.53,,,,,,,,,,,,,,,,,,,,,,true,false,6,2018-04-01,2018-09-30,-1
2019-10-30,59940,2020-03-31,2,40000000000,-0.012,,,,,1700000000,-0.010,1300000000,-0.156,,600000000,,136.33,,,,,,,,,,,,,,,,,,,,,,true,true,12,2019-04-01,2020-03-31,0
2019-10-30,59940,2019-03-31,2,,,,,,,,,,,,,,,,,,,,46839000000,19002000000,0.356,3793.93,16697000000,,,,,,,,,,,,true,false,12,2018-04-01,2019-03-31,-1
2019-10-30,59940,2019-03-31,2,,,,,,,,,,,,,,,,,,,,,,,,,,,,,70.00,,,,4420000,18935,,false,false,12,2018-04-01,2019-03-31,-1
2019-10-30,59940,2020-03-31,2,,,,,,,,,,,,,,,,,,,,,,,,,,,,,30.00,,,,,,,false,false,12,2019-04-01,2020-03-31,0
2019-10-30,59940,2020-03-31,2,,,,,,,,,,,,,,,,,,,,,,,,,,,,,70.00,,,,,,,false,true,12,2019-04-01,2020-03-31,0
2019-10-30,59940,2020-03-31,2,,,,,,,,,,,,,,,,,,,,,,,,,,,,,,,,,4420000,18975,4401031,false,false,6,2019-04-01,2019-09-30,0
2019-10-30,59940,2019-03-31,2,,,,,,,,,,,,,,,,,,,,,,,,,,,,,,,,,,,4401324,false,false,6,2018-04-01,2018-09-30,-1
2019-10-30,59940,2020-03-31,,40000000000,-0.024,,,,,1700000000,-0.261,1300000000,-0.350,,600000000,,136.33,,,,,,,,,,,,,,,,,,,,,,true,true,12,2019-04-01,2020-03-31,0
2019-10-30,59940,2019-03-31,,40501000000,,,,,,1716000000,,1540000000,,,816000000,,185.58,,,,,,,,,,,,,,,,,,,,,,true,false,12,2018-04-01,2019-03-31,-1
2020-01-30,59940,2020-03-31,3,30598000000,0.021,,,,,720000000,-0.300,544000000,-0.386,,192000000,,43.71,,,,,,47766000000,19019000000,0.352,3822.31,16821000000,,,,,,,,,,,,true,false,9,2019-04-01,2019-12-31,0
2020-01-30,59940,2019-03-31,3,29973000000,0.034,,,,,1029000000,-0.082,887000000,-0.145,,347000000,,78.99,,,,,,,,,,,,,,,,,,,,,,true,false,9,2018-04-01,2018-12-31,-1
2020-01-30,59940,2020-03-31,3,40000000000,-0.012,,,,,1700000000,-0.010,1300000000,-0.156,,600000000,,136.33,,,,,,,,,,,,,,,,,,,,,,true,true,12,2019-04-01,2020-03-31,0
2020-01-30,59940,2019-03-31,3,,,,,,,,,,,,,,,,,,,,46839000000,19002000000,0.356,3793.93,16697000000,,,,,,,,,,,,true,false,12,2018-04-01,2019-03-31,-1
2020-01-30,59940,2019-03-31,3,,,,,,,,,,,,,,,,,,,,,,,,,,,,,70.00,,,,4420000,18935,,false,false,12,2018-04-01,2019-03-31,-1
2020-01-30,59940,2020-03-31,3,,,,,,,,,,,,,,,,,,,,,,,,,,,,,30.00,,,,,,,false,false,12,2019-04-01,2020-03-31,0
2020-01-30,59940,2020-03-31,3,,,,,,,,,,,,,,,,,,,,,,,,,,,,,70.00,,,,,,,false,true,12,2019-04-01,2020-03-31,0
2020-01-30,59940,2020-03-31,3,,,,,,,,,,,,,,,,,,,,,,,,,,,,,,,,,4420000,18995,4401023,false,false,9,2019-04-01,2019-12-31,0
2020-01-30,59940,2019-03-31,3,,,,,,,,,,,,,,,,,,,,,,,,,,,,,,,,,,,4401284,false,false,9,2018-04-01,2018-12-31,-1
2020-04-28,59940,2020-03-31,,40322000000,-0.004,,,,,1301000000,-0.242,991000000,-0.357,,552000000,,125.59,,0.034,0.021,0.032,,46817000000,18431000000,0.348,3704.10,16301000000,4880000000,-3721000000,-477000000,4286000000,,0.557,,,,,,true,false,12,2019-04-01,2020-03-31,0
2020-04-28,59940,2019-03-31,,40501000000,0.039,,,,,1716000000,-0.044,1540000000,-0.033,,816000000,,185.58,,0.049,0.033,0.042,,46839000000,19002000000,0.356,3793.93,16697000000,3965000000,-4141000000,-443000000,3714000000,,0.377,,,,,,true,false,12,2018-04-01,2019-03-31,-1
2020-04-28,59940,2020-03-31,,27658000000,0.014,,,,,685000000,0.085,1152000000,0.000,928000000,,-0.021,210.95,,,,,,33248000000,12635000000,0.380,2871.10,12635000000,,,,,70.00,,,,4420000,19035,4401011,false,false,12,2019-04-01,2020-03-31,0
2020-04-28,59940,2019-03-31,,27264000000,0.010,,,,,631000000,-0.103,1152000000,0.030,948000000,,,215.53,,,,,,32286000000,12241000000,0.379,2781.43,12241000000,,,,,70.00,,,,4420000,18935,4401236,false,false,12,2018-04-01,2019-03-31,-1
2020-07-30,59940,2021-03-31,1,5746000000,-0.438,,,,,-1717000000,,-1599000000,,,-1272000000,,-289.22,,,,,,46316000000,17182000000,0.326,3435.40,15119000000,,,,,,,,,,,,true,false,3,2020-04-01,2020-06-30,0
2020-07-30,59940,2020-03-31,1,10233000000,0.054,,,,,216000000,-0.076,138000000,-0.362,,0,,0.04,,,,,,,,,,,,,,,,,,,,,,true,false,3,2019-04-01,2019-06-30,-1
2020-07-30,59940,2021-03-31,1,13900000000,-0.324,,,,,-2100000000,,-2000000000,,,-1700000000,,-386.28,,,,,,,,,,,,,,,,,,,,,,true,true,6,2020-04-01,2020-09-30,0
2020-07-30,59940,2021-03-31,1,32700000000,-0.189,,,,,-800000000,,-500000000,,,-600000000,,-136.33,,,,,,,,,,,,,,,,,,,,,,true,true,12,2020-04-01,2021-03-31,0
2020-07-30,59940,2020-03-31,1,,,,,,,,,,,,,,,,,,,,46817000000,18431000000,0.348,3704.10,16301000000,,,,,,,,,,,,true,false,12,2019-04-01,2020-03-31,-1
2020-07-30,59940,2020-03-31,1,,,,,,,,,,,,,,,,,,,,,,,,,,,,,70.00,,,,4420000,19035,,false,false,12,2019-04-01,2020-03-31,-1
2020-07-30,59940,2021-03-31,1,,,,,,,,,,,,,,,,,,,,,,,,,,,,,10.00,,,,,,,false,true,12,2020-04-01,2021-03-31,0
2020-07-30,59940,2021-03-31,1,,,,,,,,,,,,,,,,,,,,,,,,,,,,,,,,,4420000,19035,4400965,false,false,3,2020-04-01,2020-06-30,0
2020-07-30,59940,2020-03-31,1,,,,,,,,,,,,,,,,,,,,,,,,,,,,,,,,,,,4401035,false,false,3,2019-04-01,2019-06-30,-1
2020-10-28,59940,2021-03-31,2,14609000000,-0.290,,,,,-1345000000,,-1385000000,,,-1178000000,,-267.84,,,,,,45861000000,17243000000,0.329,3431.34,15101000000,,,,,,,,,,,,true,false,6,2020-04-01,2020-09-30,0
2020-10-28,59940,2020-03-31,2,20562000000,0.050,,,,,436000000,-0.276,275000000,-0.479,,26000000,,6.03,,,,,,,,,,,,,,,,,,,,,,true,false,6,2019-04-01,2019-09-30,-1
2020-10-28,59940,2021-03-31,2,32700000000,-0.189,,,,,-800000000,,-500000000,,,-600000000,,-136.33,,,,,,,,,,,,,,,,,,,,,,true,true,12,2020-04-01,2021-03-31,0
2020-10-28,59940,2020-03-31,2,,,,,,,,,,,,,,,,,,,,46817000000,18431000000,0.348,3704.10,16301000000,,,,,,,,,,,,true,false,12,2019-04-01,2020-03-31,-1
2020-10-28,59940,2020-03-31,2,,,,,,,,,,,,,,,,,,,,,,,,,,,,,70.00,,,,4420000,19035,,false,false,12,2019-04-01,2020-03-31,-1
2020-10-28,59940,2021-03-31,2,,,,,,,,,,,,,,,,,,,,,,,,,,,,,0.00,,,,,,,false,false,12,2020-04-01,2021-03-31,0
2020-10-28,59940,2021-03-31,2,,,,,,,,,,,,,,,,,,,,,,,,,,,,,10.00,,,,,,,false,true,12,2020-04-01,2021-03-31,0
2020-10-28,59940,2021-03-31,2,,,,,,,,,,,,,,,,,,,,,,,,,,,,,,,,,4420000,19061,4400954,false,false,6,2020-04-01,2020-09-30,0
2020-10-28,59940,2020-03-31,2,,,,,,,,,,,,,,,,,,,,,,,,,,,,,,,,,,,4401031,false,false,6,2019-04-01,2019-09-30,-1
2021-02-01,59940,2021-03-31,3,24518000000,-0.199,,,,,-520000000,,-605000000,,,-716000000,,-162.71,,,,,,47793000000,18078000000,0.331,3591.08,15804000000,,,,,,,,,,,,true,false,9,2020-04-01,2020-12-31,0
2021-02-01,59940,2020-03-31,3,30598000000,0.021,,,,,720000000,-0.300,544000000,-0.386,,192000000,,43.71,,,,,,,,,,,,,,,,,,,,,,true,false,9,2019-04-01,2019-12-31,-1
2021-02-01,59940,2021-03-31,3,34000000000,-0.157,,,,,0,-1.000,-130000000,,,-480000000,,-109.07,,,,,,,,,,,,,,,,,,,,,,true,true,12,2020-04-01,2021-03-31,0
2021-02-01,59940,2020-03-31,3,,,,,,,,,,,,,,,,,,,,46817000000,18431000000,0.348,3704.10,16301000000,,,,,,,,,,,,true,false,12,2019-04-01,2020-03-31,-1
2021-02-01,59940,2020-03-31,3,,,,,,,,,,,,,,,,,,,,,,,,,,,,,70.00,,,,4420000,19035,,false,false,12,2019-04-01,2020-03-31,-1
2021-02-01,59940,2021-03-31,3,,,,,,,,,,,,,,,,,,,,,,,,,,,,,0.00,,,,,,,false,false,12,2020-04-01,2021-03-31,0
2021-02-01,59940,2021-03-31,3,,,,,,,,,,,,,,,,,,,,,,,,,,,,,10.00,,,,,,,false,true,12,2020-04-01,2021-03-31,0
2021-02-01,59940,2021-03-31,3,,,,,,,,,,,,,,,,,,,,,,,,,,,,,,,,,4420000,19062,4400949,false,false,9,2020-04-01,2020-12-31,0
2021-02-01,59940,2020-03-31,3,,,,,,,,,,,,,,,,,,,,,,,,,,,,,,,,,,,4401023,false,false,9,2019-04-01,2019-12-31,-1
2021-04-27,59940,2021-03-31,,34606000000,-0.142,,,,,181000000,-0.860,131000000,-0.868,,-225000000,,-51.14,,-0.013,0.003,0.005,,49752000000,19597000000,0.345,3895.10,17142000000,3250000000,-4076000000,2271000000,5900000000,,,,,,,,true,false,12,2020-04-01,2021-03-31,0
2021-04-27,59940,2020-03-31,,40322000000,-0.004,,,,,1301000000,-0.242,991000000,-0.357,,552000000,,125.59,,0.034,0.021,0.032,,46817000000,18431000000,0.348,3704.10,16301000000,4880000000,-3721000000,-477000000,4286000000,,0.557,,,,,,true,false,12,2019-04-01,2020-03-31,-1
2021-04-27,59940,2022-03-31,,18000000000,0.232,,,,,700000000,,550000000,,,250000000,,56.81,,,,,,,,,,,,,,,,,,,,,,true,true,6,2021-04-01,2021-09-30,1
2021-04-27,59940,2022-03-31,,37000000000,0.069,,,,,1500000000,7.243,1200000000,8.138,,700000000,,159.06,,,,,,,,,,,,,,,,0.440,,,,,,true,true,12,2021-04-01,2022-03-31,1
2021-04-27,59940,2021-03-31,,23146000000,-0.163,,,,,-529000000,,169000000,-0.853,220000000,,-0.763,50.06,,,,,,35735000000,13116000000,0.367,2980.36,13116000000,,,,,10.00,,,,4420000,19062,4400947,false,false,12,2020-04-01,2021-03-31,0
2021-04-27,59940,2020-03-31,,27658000000,0.014,,,,,685000000,0.085,1152000000,0.000,928000000,,-0.021,210.95,,,,,,33248000000,12635000000,0.380,2871.10,12635000000,,,,,70.00,,,,4420000,19035,4401011,false,false,12,2019-04-01,2020-03-31,-1
2021-04-27,59940,2022-03-31,,,,,,,,,,,,,,,,,,,,,,,,,,,,,,70.00,,,,,,,false,true,12,2021-04-01,2022-03-31,1
2021-07-29,59940,2022-03-31,1,9824000000,0.710,,,,,253000000,,498000000,,,394000000,,89.70,,,,,,49610000000,19959000000,0.354,3985.39,17539000000,,,,,,,,,,,,true,false,3,2021-04-01,2021-06-30,0
2021-07-29,59940,2021-03-31,1,5746000000,-0.438,,,,,-1717000000,,-1599000000,,,-1272000000,,-289.22,,,,,,,,,,,,,,,,,,,,,,true,false,3,2020-04-01,2020-06-30,-1
2021-07-29,59940,2022-03-31,1,18000000000,0.232,,,,,700000000,,550000000,,,250000000,,56.81,,,,,,,,,,,,,,,,,,,,,,true,true,6,2021-04-01,2021-09-30,0
2021-07-29,59940,2022-03-31,1,37000000000,0.069,,,,,1500000000,7.243,1200000000,8.138,,700000000,,159.06,,,,,,,,,,,,,,,,,,,,,,true,true,12,2021-04-01,2022-03-31,0
2021-07-29,59940,2021-03-31,1,,,,,,,,,,,,,,,,,,,,49752000000,19597000000,0.345,3895.10,17142000000,,,,,,,,,,,,true,false,12,2020-04-01,2021-03-31,-1
2021-07-29,59940,2021-03-31,1,,,,,,,,,,,,,,,,,,,,,,,,,,,,,10.00,,,,4420000,19062,,false,false,12,2020-04-01,2021-03-31,-1
2021-07-29,59940,2022-03-31,1,,,,,,,,,,,,,,,,,,,,,,,,,,,,,70.00,,,,,,,false,true,12,2021-04-01,2022-03-31,0
2021-07-29,59940,2022-03-31,1,,,,,,,,,,,,,,,,,,,,,,,,,,,,,,,,,4420000,19082,4400923,false,false,3,2021-04-01,2021-06-30,0
2021-07-29,59940,2021-03-31,1,,,,,,,,,,,,,,,,,,,,,,,,,,,,,,,,,,,4400965,false,false,3,2020-04-01,2020-06-30,-1
2021-10-28,59940,2022-03-31,2,19120000000,0.308,,,,,255000000,,424000000,,,248000000,,56.41,,,,,,48643000000,19705000000,0.355,3927.67,17285000000,,,,,,,,,,,,true,false,6,2021-04-01,2021-09-30,0
2021-10-28,59940,2021-03-31,2,14621000000,-0.290,,,,,-1335000000,,-1385000000,,,-1178000000,,-267.84,,,,,,,,,,,,,,,,,,,,,,true,false,6,2020-04-01,2020-09-30,-1
2021-10-28,59940,2022-03-31,2,38000000000,0.097,,,,,800000000,2.782,800000000,5.092,,350000000,,79.53,,,,,,,,,,,,,,,,,,,,,,true,true,12,2021-04-01,2022-03-31,0
2021-10-28,59940,2021-03-31,2,,,,,,,,,,,,,,,,,,,,49752000000,19597000000,0.345,3895.10,17142000000,,,,,,,,,,,,true,false,12,2020-04-01,2021-03-31,-1
2021-10-28,59940,2021-03-31,2,,,,,,,,,,,,,,,,,,,,,,,,,,,,,10.00,,,,4420000,19062,,false,false,12,2020-04-01,2021-03-31,-1
2021-10-28,59940,2022-03-31,2,,,,,,,,,,,,,,,,,,,,,,,,,,,,,20.00,,,,,,,false,false,12,2021-04-01,2022-03-31,0
2021-10-28,59940,2022-03-31,2,,,,,,,,,,,,,,,,,,,,,,,,,,,,,50.00,,,,,,,false,true,12,2021-04-01,2022-03-31,0
2021-10-28,59940,2022-03-31,2,,,,,,,,,,,,,,,,,,,,,,,,,,,,,,,,,4420000,19082,4400921,false,false,6,2021-04-01,2021-09-30,0
2021-10-28,59940,2021-03-31,2,,,,,,,,,,,,,,,,,,,,,,,,,,,,,,,,,,,4400954,false,false,6,2020-04-01,2020-09-30,-1
2022-02-01,59940,2022-03-31,3,28957000000,0.180,,,,,220000000,,428000000,,,50000000,,11.40,,,,,,48750000000,19924000000,0.355,3936.40,17323000000,,,,,,,,,,,,true,false,9,2021-04-01,2021-12-31,0
2022-02-01,59940,2021-03-31,3,24541000000,-0.199,,,,,-500000000,,-605000000,,,-716000000,,-162.71,,,,,,,,,,,,,,,,,,,,,,true,false,9,2020-04-01,2020-12-31,-1
2022-02-01,59940,2022-03-31,3,38000000000,0.097,,,,,800000000,2.782,800000000,5.092,,350000000,,79.53,,,,,,,,,,,,,,,,,,,,,,true,true,12,2021-04-01,2022-03-31,0
2022-02-01,59940,2021-03-31,3,,,,,,,,,,,,,,,,,,,,49752000000,19597000000,0.345,3895.10,17142000000,,,,,,,,,,,,true,false,12,2020-04-01,2021-03-31,-1
2022-02-01,59940,2021-03-31,3,,,,,,,,,,,,,,,,,,,,,,,,,,,,,10.00,,,,4420000,19062,,false,false,12,2020-04-01,2021-03-31,-1
2022-02-01,59940,2022-03-31,3,,,,,,,,,,,,,,,,,,,,,,,,,,,,,20.00,,,,,,,false,false,12,2021-04-01,2022-03-31,0
2022-02-01,59940,2022-03-31,3,,,,,,,,,,,,,,,,,,,,,,,,,,,,,50.00,,,,,,,false,true,12,2021-04-01,2022-03-31,0
2022-02-01,59940,2022-03-31,3,,,,,,,,,,,,,,,,,,,,,,,,,,,,,,,,,4420000,19082,4400920,false,false,9,2021-04-01,2021-12-31,0
2022-02-01,59940,2021-03-31,3,,,,,,,,,,,,,,,,,,,,,,,,,,,,,,,,,,,4400949,false,false,9,2020-04-01,2020-12-31,-1
2022-04-27,59940,2022-03-31,,38957000000,0.125,,,,,435000000,1.058,724000000,4.519,,208000000,,47.31,,0.012,0.014,0.011,,51052000000,20888000000,0.354,4102.48,18054000000,4190000000,-3346000000,-1363000000,5630000000,,0.845,,,,,,true,false,12,2021-04-01,2022-03-31,0
2022-04-27,59940,2021-03-31,,34641000000,-0.142,,,,,211000000,-0.841,131000000,-0.868,,-225000000,,-51.14,,-0.013,0.003,0.006,,49752000000,19597000000,0.345,3895.10,17142000000,3250000000,-4076000000,2271000000,5900000000,,,,,,,,true,false,12,2020-04-01,2021-03-31,-1
2022-04-27,59940,2023-03-31,,19000000000,-0.006,,,,,300000000,0.173,150000000,-0.646,,50000000,,11.36,,,,,,,,,,,,,,,,,,,,,,true,true,6,2022-04-01,2022-09-30,1
2022-04-27,59940,2023-03-31,,40000000000,0.027,,,,,1000000000,1.297,800000000,0.104,,500000000,,113.61,,,,,,,,,,,,,,,,0.528,,,,,,true,true,12,2022-04-01,2023-03-31,1
2022-04-27,59940,2022-03-31,,25688000000,0.109,,,,,-264000000,,283000000,0.674,232000000,,0.055,52.80,,,,,,35710000000,13379000000,0.375,3040.13,13379000000,,,,,40.00,,,,4420000,19144,4400910,false,false,12,2021-04-01,2022-03-31,0
2022-04-27,59940,2021-03-31,,23160000000,-0.163,,,,,-515000000,,169000000,-0.853,220000000,,-0.763,50.06,,,,,,35735000000,13116000000,0.367,2980.36,13116000000,,,,,10.00,,,,4420000,19062,4400947,false,false,12,2020-04-01,2021-03-31,-1
2022-04-27,59940,2023-03-31,,,,,,,,,,,,,,,,,,,,,,,,,,,,,,60.00,,,,,,,false,true,12,2022-04-01,2023-03-31,1
2022-07-28,59940,2023-03-31,1,9309000000,-0.054,,,,,-762000000,,-493000000,,,-448000000,,-101.82,,,,,,52161000000,20950000000,0.346,4103.63,18059000000,,,,,,,,,,,,true,false,3,2022-04-01,2022-06-30,0
2022-07-28,59940,2022-03-31,1,9838000000,0.711,,,,,262000000,,498000000,,,394000000,,89.70,,,,,,,,,,,,,,,,,,,,,,true,false,3,2021-04-01,2021-06-30,-1
2022-07-28,59940,2023-03-31,1,19000000000,-0.006,,,,,300000000,0.173,150000000,-0.646,,50000000,,11.36,,,,,,,,,,,,,,,,,,,,,,true,true,6,2022-04-01,2022-09-30,0
2022-07-28,59940,2023-03-31,1,40000000000,0.027,,,,,1000000000,1.297,800000000,0.104,,500000000,,113.61,,,,,,,,,,,,,,,,,,,,,,true,true,12,2022-04-01,2023-03-31,0
2022-07-28,59940,2022-03-31,1,,,,,,,,,,,,,,,,,,,,51052000000,20888000000,0.354,4102.48,18054000000,,,,,,,,,,,,true,false,12,2021-04-01,2022-03-31,-1
2022-07-28,59940,2022-03-31,1,,,,,,,,,,,,,,,,,,,,,,,,,,,,,40.00,,,,4420000,19144,,false,false,12,2021-04-01,2022-03-31,-1
2022-07-28,59940,2023-03-31,1,,,,,,,,,,,,,,,,,,,,,,,,,,,,,60.00,,,,,,,false,true,12,2022-04-01,2023-03-31,0
2022-07-28,59940,2023-03-31,1,,,,,,,,,,,,,,,,,,,,,,,,,,,,,,,,,4420000,19144,4400856,false,false,3,2022-04-01,2022-06-30,0
2022-07-28,59940,2022-03-31,1,,,,,,,,,,,,,,,,,,,,,,,,,,,,,,,,,,,4400923,false,false,3,2021-04-01,2021-06-30,-1
2022-10-27,59940,2023-03-31,2,19623000000,0.026,,,,,-677000000,,-341000000,,,-342000000,,-77.72,,,,,,51540000000,20988000000,0.352,4122.20,18141000000,,,,,,,,,,,,true,false,6,2022-04-01,2022-09-30,0
2022-10-27,59940,2022-03-31,2,19120000000,0.308,,,,,255000000,,424000000,,,248000000,,56.41,,,,,,,,,,,,,,,,,,,,,,true,false,6,2021-04-01,2021-09-30,-1
2022-10-27,59940,2023-03-31,2,40000000000,0.027,,,,,200000000,-0.541,300000000,-0.586,,100000000,,22.72,,,,,,,,,,,,,,,,,,,,,,true,true,12,2022-04-01,2023-03-31,0
2022-10-27,59940,2022-03-31,2,,,,,,,,,,,,,,,,,,,,51052000000,20888000000,0.354,4102.48,18054000000,,,,,,,,,,,,true,false,12,2021-04-01,2022-03-31,-1
2022-10-27,59940,2022-03-31,2,,,,,,,,,,,,,,,,,,,,,,,,,,,,,40.00,,,,4420000,19144,,false,false,12,2021-04-01,2022-03-31,-1
2022-10-27,59940,2023-03-31,2,,,,,,,,,,,,,,,,,,,,,,,,,,,,,10.00,,,,,,,false,false,12,2022-04-01,2023-03-31,0
2022-10-27,59940,2023-03-31,2,,,,,,,,,,,,,,,,,,,,,,,,,,,,,20.00,,,,,,,false,true,12,2022-04-01,2023-03-31,0
2022-10-27,59940,2023-03-31,2,,,,,,,,,,,,,,,,,,,,,,,,,,,,,,,,,4420000,19144,4400856,false,false,6,2022-04-01,2022-09-30,0
2022-10-27,59940,2022-03-31,2,,,,,,,,,,,,,,,,,,,,,,,,,,,,,,,,,,,4400921,false,false,6,2021-04-01,2021-09-30,-1
2023-02-02,59940,2023-03-31,3,29570000000,0.021,,,,,-1139000000,,-1117000000,,,-1168000000,,-265.40,,,,,,49907000000,19534000000,0.337,3826.34,16839000000,,,,,,,,,,,,true,false,9,2022-04-01,2022-12-31,0
2023-02-02,59940,2022-03-31,3,28957000000,0.180,,,,,220000000,,428000000,,,50000000,,11.40,,,,,,,,,,,,,,,,,,,,,,true,false,9,2021-04-01,2021-12-31,-1
2023-02-02,59940,2023-03-31,3,39000000000,0.001,,,,,-1130000000,,-1430000000,,,-1340000000,,-304.49,,,,,,,,,,,,,,,,,,,,,,true,true,12,2022-04-01,2023-03-31,0
2023-02-02,59940,2022-03-31,3,,,,,,,,,,,,,,,,,,,,51052000000,20888000000,0.354,4102.48,18054000000,,,,,,,,,,,,true,false,12,2021-04-01,2022-03-31,-1
2023-02-02,59940,2022-03-31,3,,,,,,,,,,,,,,,,,,,,,,,,,,,,,40.00,,,,4420000,19144,,false,false,12,2021-04-01,2022-03-31,-1
2023-02-02,59940,2023-03-31,3,,,,,,,,,,,,,,,,,,,,,,,,,,,,,10.00,,,,,,,false,false,12,2022-04-01,2023-03-31,0
2023-02-02,59940,2023-03-31,3,,,,,,,,,,,,,,,,,,,,,,,,,,,,,10.00,,,,,,,false,true,12,2022-04-01,2023-03-31,0
2023-02-02,59940,2023-03-31,3,,,,,,,,,,,,,,,,,,,,,,,,,,,,,,,,,4420000,19168,4400852,false,false,9,2022-04-01,2022-12-31,0
2023-02-02,59940,2022-03-31,3,,,,,,,,,,,,,,,,,,,,,,,,,,,,,,,,,,,4400920,false,false,9,2021-04-01,2021-12-31,-1
2023-02-02,59940,2023-03-31,3,29570000000,0.021,,,,,-1139000000,,-1117000000,,,-952000000,,-216.50,,,,,,50122000000,19749000000,0.340,3875.24,17054000000,,,,,,,,,,,,true,false,9,2022-04-01,2022-12-31,0
2023-02-02,59940,2022-03-31,3,28957000000,0.180,,,,,220000000,,428000000,,,50000000,,11.40,,,,,,,,,,,,,,,,,,,,,,true,false,9,2021-04-01,2021-12-31,-1
2023-02-02,59940,2023-03-31,3,39000000000,0.001,,,,,-1130000000,,-1430000000,,,-1340000000,,-304.49,,,,,,,,,,,,,,,,,,,,,,true,true,12,2022-04-01,2023-03-31,0
2023-02-02,59940,2022-03-31,3,,,,,,,,,,,,,,,,,,,,51052000000,20888000000,0.354,4102.48,18054000000,,,,,,,,,,,,true,false,12,2021-04-01,2022-03-31,-1
2023-02-02,59940,2022-03-31,3,,,,,,,,,,,,,,,,,,,,,,,,,,,,,40.00,,,,4420000,19144,,false,false,12,2021-04-01,2022-03-31,-1
2023-02-02,59940,2023-03-31,3,,,,,,,,,,,,,,,,,,,,,,,,,,,,,10.00,,,,,,,false,false,12,2022-04-01,2023-03-31,0
2023-02-02,59940,2023-03-31,3,,,,,,,,,,,,,,,,,,,,,,,,,,,,,10.00,,,,,,,false,true,12,2022-04-01,2023-03-31,0
2023-02-02,59940,2023-03-31,3,,,,,,,,,,,,,,,,,,,,,,,,,,,,,,,,,4420000,19168,4400852,false,false,9,2022-04-01,2022-12-31,0
2023-02-02,59940,2022-03-31,3,,,,,,,,,,,,,,,,,,,,,,,,,,,,,,,,,,,4400920,false,false,9,2021-04-01,2021-12-31,-1
2023-04-26,59940,2023-03-31,,39674000000,0.018,,,,,-973000000,,-976000000,,,-2658000000,,-604.15,,-0.158,-0.019,-0.025,,49195000000,18266000000,0.315,3526.86,15520000000,1828000000,-3690000000,305000000,4246000000,,,,,,,,true,false,12,2022-04-01,2023-03-31,0
2023-04-26,59940,2022-03-31,,38957000000,0.125,,,,,435000000,1.058,724000000,4.519,,208000000,,47.31,,0.012,0.014,0.011,,51052000000,20888000000,0.354,4102.48,18054000000,4190000000,-3346000000,-1363000000,5630000000,,0.845,,,,,,true,false,12,2021-04-01,2022-03-31,-1
2023-04-26,59940,2024-03-31,,20000000000,0.019,,,,,150000000,,-50000000,,,-150000000,,-34.09,,,,,,,,,,,,,,,,,,,,,,true,true,6,2023-04-01,2023-09-30,1
2023-04-26,59940,2024-03-31,,40000000000,0.008,,,,,800000000,,300000000,,,100000000,,22.72,,,,,,,,,,,,,,,,0.880,,,,,,true,true,12,2023-04-01,2024-03-31,1
2023-04-26,59940,2023-03-31,,24825000000,-0.034,,,,,-972000000,,6000000,-0.976,-1652000000,,,-375.48,,,,,,34965000000,11510000000,0.329,2615.53,11510000000,,,,,10.00,,,,4420000,19251,4400834,false,false,12,2022-04-01,2023-03-31,0
2023-04-26,59940,2022-03-31,,25688000000,0.109,,,,,-264000000,,283000000,0.674,232000000,,0.055,52.80,,,,,,35710000000,13379000000,0.375,3040.13,13379000000,,,,,40.00,,,,4420000,19144,4400910,false,false,12,2021-04-01,2022-03-31,-1
2023-04-26,59940,2024-03-31,,,,,,,,,,,,,,,,,,,,,,,,,,,,,,20.00,,,,,,,false,true,12,2023-04-01,2024-03-31,1
2023-07-27,59940,2024-03-31,1,10083000000,0.083,,,,,-365000000,,-132000000,,,-92000000,,-21.09,,,,,,51102000000,18980000000,0.317,3683.88,16211000000,,,,,,,,,,,,true,false,3,2023-04-01,2023-06-30,0
2023-07-27,59940,2023-03-31,1,9309000000,-0.054,,,,,-762000000,,-493000000,,,-448000000,,-101.82,,,,,,,,,,,,,,,,,,,,,,true,false,3,2022-04-01,2022-06-30,-1
2023-07-27,59940,2024-03-31,1,20000000000,0.019,,,,,150000000,,-50000000,,,-150000000,,-34.09,,,,,,,,,,,,,,,,,,,,,,true,true,6,2023-04-01,2023-09-30,0
2023-07-27,59940,2024-03-31,1,40000000000,0.008,,,,,800000000,,300000000,,,100000000,,22.72,,,,,,,,,,,,,,,,,,,,,,true,true,12,2023-04-01,2024-03-31,0
2023-07-27,59940,2023-03-31,1,,,,,,,,,,,,,,,,,,,,49195000000,18266000000,0.315,3526.86,15520000000,,,,,,,,,,,,true,false,12,2022-04-01,2023-03-31,-1
2023-07-27,59940,2023-03-31,1,,,,,,,,,,,,,,,,,,,,,,,,,,,,,10.00,,,,4420000,19251,,false,false,12,2022-04-01,2023-03-31,-1
2023-07-27,59940,2024-03-31,1,,,,,,,,,,,,,,,,,,,,,,,,,,,,,20.00,,,,,,,false,true,12,2023-04-01,2024-03-31,0
2023-07-27,59940,2024-03-31,1,,,,,,,,,,,,,,,,,,,,,,,,,,,,,,,,,4420000,19293,4400739,false,false,3,2023-04-01,2023-06-30,0
2023-07-27,59940,2023-03-31,1,,,,,,,,,,,,,,,,,,,,,,,,,,,,,,,,,,,4400856,false,false,3,2022-04-01,2022-06-30,-1
2023-10-30,59940,2024-03-31,2,21045000000,0.072,,,,,39000000,,219000000,,,205000000,,46.62,,,,,,54609000000,19685000000,0.309,3838.15,16890000000,,,,,,,,,,,,true,false,6,2023-04-01,2023-09-30,0
2023-10-30,59940,2023-03-31,2,19623000000,0.026,,,,,-677000000,,-341000000,,,-342000000,,-77.72,,,,,,,,,,,,,,,,,,,,,,true,false,6,2022-04-01,2022-09-30,-1
2023-10-30,59940,2024-03-31,2,40000000000,0.008,,,,,800000000,,500000000,,,250000000,,56.81,,,,,,,,,,,,,,,,,,,,,,true,true,12,2023-04-01,2024-03-31,0
2023-10-30,59940,2023-03-31,2,,,,,,,,,,,,,,,,,,,,49195000000,18266000000,0.315,3526.86,15520000000,,,,,,,,,,,,true,false,12,2022-04-01,2023-03-31,-1
2023-10-30,59940,2023-03-31,2,,,,,,,,,,,,,,,,,,,,,,,,,,,,,10.00,,,,4420000,19251,,false,false,12,2022-04-01,2023-03-31,-1
2023-10-30,59940,2024-03-31,2,,,,,,,,,,,,,,,,,,,,,,,,,,,,,0.00,,,,,,,false,false,12,2023-04-01,2024-03-31,0
2023-10-30,59940,2024-03-31,2,,,,,,,,,,,,,,,,,,,,,,,,,,,,,20.00,,,,,,,false,true,12,2023-04-01,2024-03-31,0
2023-10-30,59940,2024-03-31,2,,,,,,,,,,,,,,,,,,,,,,,,,,,,,,,,,4420000,19313,4400722,false,false,6,2023-04-01,2023-09-30,0
2023-10-30,59940,2023-03-31,2,,,,,,,,,,,,,,,,,,,,,,,,,,,,,,,,,,,4400856,false,false,6,2022-04-01,2022-09-30,-1
2024-02-01,59940,2024-03-31,3,32140000000,0.087,,,,,353000000,,295000000,,,83000000,,18.87,,,,,,51964000000,19275000000,0.318,3749.44,16500000000,,,,,,,,,,,,true,false,9,2023-04-01,2023-12-31,0
2024-02-01,59940,2023-03-31,3,29570000000,0.021,,,,,-1139000000,,-1117000000,,,-952000000,,-216.50,,,,,,,,,,,,,,,,,,,,,,true,false,9,2022-04-01,2022-12-31,-1
2024-02-01,59940,2024-03-31,3,40000000000,0.008,,,,,800000000,,500000000,,,250000000,,56.81,,,,,,,,,,,,,,,,,,,,,,true,true,12,2023-04-01,2024-03-31,0
2024-02-01,59940,2023-03-31,3,,,,,,,,,,,,,,,,,,,,49195000000,18266000000,0.315,3526.86,15520000000,,,,,,,,,,,,true,false,12,2022-04-01,2023-03-31,-1
2024-02-01,59940,2023-03-31,3,,,,,,,,,,,,,,,,,,,,,,,,,,,,,10.00,,,,4420000,19251,,false,false,12,2022-04-01,2023-03-31,-1
2024-02-01,59940,2024-03-31,3,,,,,,,,,,,,,,,,,,,,,,,,,,,,,0.00,,,,,,,false,false,12,2023-04-01,2024-03-31,0
2024-02-01,59940,2024-03-31,3,,,,,,,,,,,,,,,,,,,,,,,,,,,,,20.00,,,,,,,false,true,12,2023-04-01,2024-03-31,0
2024-02-01,59940,2024-03-31,3,,,,,,,,,,,,,,,,,,,,,,,,,,,,,,,,,4420000,19313,4400712,false,false,9,2023-04-01,2023-12-31,0
2024-02-01,59940,2023-03-31,3,,,,,,,,,,,,,,,,,,,,,,,,,,,,,,,,,,,4400852,false,false,9,2022-04-01,2022-12-31,-1
2024-04-25,59940,2024-03-31,,42390000000,0.068,,,,,294000000,,266000000,,,298000000,,68.14,,0.018,0.005,0.007,,52128000000,20426000000,0.337,4142.02,17559000000,4753000000,-5157000000,-155000000,3874000000,,0.294,,,,,,true,false,12,2023-04-01,2024-03-31,0
2024-04-25,59940,2023-03-31,,39674000000,0.018,,,,,-973000000,,-976000000,,,-2658000000,,-604.15,,-0.158,-0.019,-0.025,,49195000000,18266000000,0.315,3526.86,15520000000,1828000000,-3690000000,305000000,4246000000,,,,,,,,true,false,12,2022-04-01,2023-03-31,-1
2024-04-25,59940,2025-03-31,,41000000000,-0.033,,,,,700000000,1.377,280000000,0.049,,230000000,,54.25,,,,,,,,,,,,,,,,0.369,,,,,,true,true,12,2024-04-01,2025-03-31,1
2024-04-25,59940,2024-03-31,,26707000000,0.076,,,,,25000000,,681000000,98.318,-67000000,,,-15.52,,,,,,36160000000,12312000000,0.340,2904.32,12998000000,,,,,20.00,,,,4420000,180713,4375875,false,false,12,2023-04-01,2024-03-31,0
2024-04-25,59940,2023-03-31,,24825000000,-0.034,,,,,-972000000,,6000000,-0.976,-1652000000,,,-375.48,,,,,,34965000000,11510000000,0.329,2615.53,11510000000,,,,,10.00,,,,4420000,19251,4400834,false,false,12,2022-04-01,2023-03-31,-1
2024-04-25,59940,2025-03-31,,,,,,,,,,,,,,,,,,,,,,,,,,,,,,20.00,,,,,,,false,true,12,2024-04-01,2025-03-31,1
2024-04-25,59940,2024-03-31,,42390000000,0.068,,,,,413000000,,369000000,,,-593000000,,-135.62,,-0.039,0.007,0.010,,50196000000,18505000000,0.312,3689.89,15642000000,4744000000,-5157000000,-155000000,3865000000,,,,,,,,true,false,12,2023-04-01,2024-03-31,0
2024-04-25,59940,2023-03-31,,39674000000,0.018,,,,,-1040000000,,-1050000000,,,-2732000000,,-621.01,,-0.172,-0.021,-0.026,,48234000000,17305000000,0.302,3309.55,14564000000,1828000000,-3690000000,305000000,4246000000,,,,,,,,true,false,12,2022-04-01,2023-03-31,-1
2024-04-25,59940,2025-03-31,,41000000000,-0.033,,,,,700000000,0.694,280000000,-0.241,,230000000,,54.25,,,,,,,,,,,,,,,,0.369,,,,,,true,true,12,2024-04-01,2025-03-31,1
2024-04-25,59940,2024-03-31,,26707000000,0.076,,,,,21000000,,630000000,,564000000,,,129.02,,,,,,35192000000,11380000000,0.323,2684.63,11380000000,,,,,20.00,,,,4420000,180713,4375875,false,false,12,2023-04-01,2024-03-31,0
2024-04-25,59940,2023-03-31,,24825000000,-0.034,,,,,-984000000,,-29000000,,-1688000000,,,-383.68,,,,,,33402000000,9946000000,0.298,2260.17,9946000000,,,,,10.00,,,,4420000,19251,4400834,false,false,12,2022-04-01,2023-03-31,-1
2024-04-25,59940,2025-03-31,,,,,,,,,,,,,,,,,,,,,,,,,,,,,,20.00,,,,,,,false,true,12,2024-04-01,2025-03-31,1
2024-10-30,59940,2025-03-31,1,10465000000,0.038,,,,,-119000000,,-70000000,,,-144000000,,-34.00,,,,,,50806000000,18602000000,0.307,3681.89,15608000000,,,,,,,,,,,,true,false,3,2024-04-01,2024-06-30,0
2024-10-30,59940,2024-03-31,1,10083000000,0.083,,,,,-335000000,,-103000000,,,-64000000,,-14.58,,,,,,,,,,,,,,,,,,,,,,true,false,3,2023-04-01,2023-06-30,-1
2024-10-30,59940,2025-03-31,1,41000000000,-0.033,,,,,700000000,0.694,280000000,-0.241,,230000000,,54.25,,,,,,,,,,,,,,,,,,,,,,true,true,12,2024-04-01,2025-03-31,0
2024-10-30,59940,2024-03-31,1,,,,,,,,,,,,,,,,,,,,50196000000,18505000000,0.312,3689.89,15642000000,,,,,,,,,,,,true,false,12,2023-04-01,2024-03-31,-1
2024-10-30,59940,2024-03-31,1,,,,,,,,,,,,,,,,,,,,,,,,,,,,,20.00,,,,4420000,180713,,false,false,12,2023-04-01,2024-03-31,-1
2024-10-30,59940,2025-03-31,1,,,,,,,,,,,,,,,,,,,,,,,,,,,,,20.00,,,,,,,false,true,12,2024-04-01,2025-03-31,0
2024-10-30,59940,2025-03-31,1,,,,,,,,,,,,,,,,,,,,,,,,,,,,,,,,,4420000,180716,4239285,false,false,3,2024-04-01,2024-06-30,0
2024-10-30,59940,2024-03-31,1,,,,,,,,,,,,,,,,,,,,,,,,,,,,,,,,,,,4400739,false,false,3,2023-04-01,2023-06-30,-1
2024-11-14,59940,2025-03-31,2,20855000000,-0.009,,,,,-191000000,,-316000000,,,-1159000000,,-272.29,,,,,,49416000000,16382000000,0.274,3163.85,13551000000,,,,,,,,,,,,true,false,6,2024-04-01,2024-09-30,0
2024-11-14,59940,2024-03-31,2,21045000000,0.072,,,,,65000000,,235000000,,,220000000,,50.21,,,,,,,,,,,,,,,,,,,,,,true,false,6,2023-04-01,2023-09-30,-1
2024-11-14,59940,2025-03-31,2,41000000000,-0.033,,,,,300000000,-0.274,100000000,-0.729,,-400000000,,-93.68,,,,,,,,,,,,,,,,,,,,,,true,true,12,2024-04-01,2025-03-31,0
2024-11-14,59940,2024-03-31,2,,,,,,,,,,,,,,,,,,,,50196000000,18505000000,0.312,3689.89,15642000000,,,,,,,,,,,,true,false,12,2023-04-01,2024-03-31,-1
2024-11-14,59940,2024-03-31,2,,,,,,,,,,,,,,,,,,,,,,,,,,,,,20.00,,,,4420000,180713,,false,false,12,2023-04-01,2024-03-31,-1
2024-11-14,59940,2025-03-31,2,,,,,,,,,,,,,,,,,,,,,,,,,,,,,10.00,,,,,,,false,false,12,2024-04-01,2025-03-31,0
2024-11-14,59940,2025-03-31,2,,,,,,,,,,,,,,,,,,,,,,,,,,,,,20.00,,,,,,,false,true,12,2024-04-01,2025-03-31,0
2024-11-14,59940,2025-03-31,2,,,,,,,,,,,,,,,,,,,,,,,,,,,,,,,,,4420000,136888,4258197,false,false,6,2024-04-01,2024-09-30,0
2024-11-14,59940,2024-03-31,2,,,,,,,,,,,,,,,,,,,,,,,,,,,,,,,,,,,4400722,false,false,6,2023-04-01,2023-09-30,-1
2025-02-12,59940,2025-03-31,3,31451000000,-0.021,,,,,-135000000,,-260000000,,,-928000000,,-217.59,,,,,,51011000000,17729000000,0.288,3426.65,14676000000,,,,,,,,,,,,true,false,9,2024-04-01,2024-12-31,0
2025-02-12,59940,2024-03-31,3,32140000000,0.087,,,,,390000000,,321000000,,,108000000,,24.75,,,,,,,,,,,,,,,,,,,,,,true,false,9,2023-04-01,2023-12-31,-1
2025-02-12,59940,2025-03-31,3,41000000000,-0.033,,,,,300000000,-0.274,100000000,-0.729,,-400000000,,-93.68,,,,,,,,,,,,,,,,,,,,,,true,true,12,2024-04-01,2025-03-31,0
2025-02-12,59940,2024-03-31,3,,,,,,,,,,,,,,,,,,,,50196000000,18505000000,0.312,3689.89,15642000000,,,,,,,,,,,,true,false,12,2023-04-01,2024-03-31,-1
2025-02-12,59940,2024-03-31,3,,,,,,,,,,,,,,,,,,,,,,,,,,,,,20.00,,,,4420000,180713,,false,false,12,2023-04-01,2024-03-31,-1
2025-02-12,59940,2025-03-31,3,,,,,,,,,,,,,,,,,,,,,,,,,,,,,10.00,,,,,,,false,false,12,2024-04-01,2025-03-31,0
2025-02-12,59940,2025-03-31,3,,,,,,,,,,,,,,,,,,,,,,,,,,,,,20.00,,,,,,,false,true,12,2024-04-01,2025-03-31,0
2025-02-12,59940,2025-03-31,3,,,,,,,,,,,,,,,,,,,,,,,,,,,,,,,,,4420000,136905,4265668,false,false,9,2024-04-01,2024-12-31,0
2025-02-12,59940,2024-03-31,3,,,,,,,,,,,,,,,,,,,,,,,,,,,,,,,,,,,4400712,false,false,9,2023-04-01,2023-12-31,-1
2025-05-13,59940,2025-03-31,,42720000000,0.008,,,,,683000000,0.654,472000000,0.281,,-206000000,,-48.37,,-0.014,0.010,0.016,,47835000000,16993000000,0.295,3291.89,14097000000,814000000,-544000000,8000000,4119000000,,,,,,,,true,false,12,2024-04-01,2025-03-31,0
2025-05-13,59940,2024-03-31,,42390000000,0.068,,,,,413000000,,369000000,,,-593000000,,-135.62,,-0.039,0.007,0.010,,50196000000,18505000000,0.312,3689.89,15642000000,4744000000,-5157000000,-155000000,3865000000,,,,,,,,true,false,12,2023-04-01,2024-03-31,-1
2025-05-13,59940,2026-03-31,,42000000000,-0.017,,,,,900000000,0.317,500000000,0.057,,200000000,,46.70,,,,,,,,,,,,,,,,0.535,,,,,,true,true,12,2025-04-01,2026-03-31,1
2025-05-13,59940,2025-03-31,,27377000000,0.025,,,,,204000000,8.622,603000000,-0.043,-1176000000,,,-275.50,,,,,,32918000000,8663000000,0.263,2023.07,8663000000,,,,,20.00,,,,4420000,137583,4269569,false,false,12,2024-04-01,2025-03-31,0
2025-05-13,59940,2024-03-31,,26707000000,0.076,,,,,21000000,,630000000,,564000000,,,129.02,,,,,,35192000000,11380000000,0.323,2684.63,11380000000,,,,,20.00,,,,4420000,180713,4375875,false,false,12,2023-04-01,2024-03-31,-1
2025-05-13,59940,2026-03-31,,,,,,,,,,,,,,,,,,,,,,,,,,,,,,25.00,,,,,,,false,true,12,2025-04-01,2026-03-31,1
