filing_date,code,fiscal_year_end,quarterly_period,net_sales,net_sales_change,revenue,revenue_change,operating_revenue,operating_revenue_change,operating_profit,operating_profit_change,ordinary_profit,ordinary_profit_change,net_income,net_income_of_parent,net_income_change,eps,diluted_eps,roe,roa,operating_profit_to_net_sales,operating_profit_to_revenue,total_assets,net_assets,equity_ratio,bps,owner_equity,operating_cash_flow,investing_cash_flow,financing_cash_flow,cash,dividend_per_share,payout_ratio,commemorative_dividend,extra_dividend,number_of_shares,number_of_treqsury_shares,avg_number_of_shares,is_consolidated,is_forecast,duration,period_start,period_end,period_pos
2015-05-13,60270,2015-03-31,,690000000,1.369,,,,,157000000,9.303,156000000,9.395,112000000,,7.399,16.45,15.91,0.216,0.253,0.228,,1027000000,881000000,0.857,121.85,,142000000,-64000000,603000000,807000000,0.00,,,,7231400,,6844676,false,false,12,2014-04-01,2015-03-31,0
2015-05-13,60270,2014-03-31,,291000000,0.826,,,,,15000000,,15000000,,13000000,,,2.02,,0.101,0.085,0.052,,209000000,159000000,0.762,23.86,,1000000,-17000000,30000000,126000000,0.00,,,,6693400,,6636233,false,false,12,2013-04-01,2014-03-31,-1
2015-05-13,60270,2016-03-31,,485000000,0.718,,,,,100000000,0.993,99000000,0.977,64000000,,0.606,8.88,,,,,,,,,,,,,,,,,,,,,,false,true,6,2015-04-01,2015-09-30,1
2015-05-13,60270,2016-03-31,,1086000000,0.573,,,,,285000000,0.818,283000000,0.811,177000000,,0.572,24.47,,,,,,,,,,,,,,,0.00,,,,,,,false,true,12,2015-04-01,2016-03-31,1
2015-07-29,60270,2016-03-31,1,231000000,,,,,,54000000,,53000000,,35000000,,,4.86,4.69,,,,,1022000000,916000000,0.896,,916000000,,,,,,,,,7231400,,7231400,false,false,3,2015-04-01,2015-06-30,0
2015-07-29,60270,2016-03-31,1,485000000,0.718,,,,,100000000,0.993,99000000,0.977,64000000,,0.606,8.88,,,,,,,,,,,,,,,,,,,,,,false,true,6,2015-04-01,2015-09-30,0
2015-07-29,60270,2016-03-31,1,1086000000,0.573,,,,,285000000,0.818,283000000,0.811,177000000,,0.572,24.47,,,,,,,,,,,,,,,0.00,,,,,,,false,true,12,2015-04-01,2016-03-31,0
2015-07-29,60270,2015-03-31,1,,,,,,,,,,,,,,,,,,,,1027000000,881000000,0.857,,881000000,,,,,0.00,,,,7231400,,,false,false,12,2014-04-01,2015-03-31,-1
2015-10-28,60270,2016-03-31,2,487000000,0.727,,,,,123000000,1.462,123000000,1.463,79000000,,0.994,11.03,10.64,,,,,1099000000,960000000,0.874,,960000000,,,,,,,,,7231400,,7231400,false,false,6,2015-04-01,2015-09-30,0
2015-10-28,60270,2015-03-31,2,282000000,,,,,,50000000,,50000000,,40000000,,,5.97,,,,,,,,,,,,,,,,,,,,,6693400,false,false,6,2014-04-01,2014-09-30,-1
2015-10-28,60270,2016-03-31,2,1086000000,0.573,,,,,285000000,0.818,283000000,0.811,177000000,,0.572,24.47,,,,,,,,,,,,,,,0.00,,,,,,,false,true,12,2015-04-01,2016-03-31,0
2015-10-28,60270,2015-03-31,2,,,,,,,,,,,,,,,,,,,,1027000000,881000000,0.857,,881000000,,,,,0.00,,,,7231400,,,false,false,12,2014-04-01,2015-03-31,-1
2015-10-28,60270,2016-03-31,2,,,,,,,,,,,,,,,,,,,,,,,,,,,,,0.00,,,,,,,false,false,12,2015-04-01,2016-03-31,0
2016-01-27,60270,2016-03-31,3,777000000,0.686,,,,,218000000,1.553,218000000,1.548,133000000,,1.216,18.51,17.86,,,,,1191000000,1015000000,0.852,,1027000000,,,,,,,,,7231400,,7231400,false,false,9,2015-04-01,2015-12-31,0
2016-01-27,60270,2015-03-31,3,461000000,,,,,,85000000,,85000000,,60000000,,,8.98,8.69,,,,,,,,,,,,,,,,,,,,6721654,false,false,9,2014-04-01,2014-12-31,-1
2016-01-27,60270,2016-03-31,3,1086000000,0.573,,,,,285000000,0.818,283000000,0.811,177000000,,0.572,24.47,,,,,,,,,,,,,,,0.00,,,,,,,false,true,12,2015-04-01,2016-03-31,0
2016-01-27,60270,2015-03-31,3,,,,,,,,,,,,,,,,,,,,1027000000,881000000,0.857,,881000000,,,,,0.00,,,,7231400,,,false,false,12,2014-04-01,2015-03-31,-1
2016-01-27,60270,2016-03-31,3,,,,,,,,,,,,,,,,,,,,,,,,,,,,,0.00,,,,,,,false,false,12,2015-04-01,2016-03-31,0
2016-05-11,60270,2016-03-31,,1114000000,0.615,,,,,295000000,0.877,294000000,0.876,179000000,,0.590,24.76,23.89,0.192,0.262,0.265,,1218000000,980000000,0.804,136.22,980000000,267000000,-109000000,-79000000,885000000,0.00,,,,7231400,36046,7230701,false,false,12,2015-04-01,2016-03-31,0
2016-05-11,60270,2015-03-31,,690000000,1.369,,,,,157000000,9.303,156000000,9.395,112000000,,7.399,16.45,15.91,0.216,0.253,0.228,,1027000000,881000000,0.857,121.85,881000000,142000000,-64000000,603000000,807000000,0.00,,,,7231400,,6844676,false,false,12,2014-04-01,2015-03-31,-1
2016-05-11,60270,2017-03-31,,745000000,0.529,,,,,154000000,0.247,153000000,0.241,91000000,,0.150,12.75,,,,,,,,,,,,,,,,,,,,,,false,true,6,2016-04-01,2016-09-30,1
2016-05-11,60270,2017-03-31,,1642000000,0.473,,,,,400000000,0.355,398000000,0.354,240000000,,0.345,33.46,,,,,,,,,,,,,,,0.00,,,,,,,false,true,12,2016-04-01,2017-03-31,1
2016-07-27,60270,2017-03-31,1,358000000,0.546,,,,,78000000,0.441,77000000,0.440,50000000,,0.438,7.03,6.78,,,,,1109000000,969000000,0.874,,969000000,,,,,,,,,7261500,46,7199702,false,false,3,2016-04-01,2016-06-30,0
2016-07-27,60270,2016-03-31,1,231000000,,,,,,54000000,,53000000,,35000000,,,4.86,4.69,,,,,,,,,,,,,,,,,,,,7231400,false,false,3,2015-04-01,2015-06-30,-1
2016-07-27,60270,2017-03-31,1,745000000,0.529,,,,,154000000,0.247,153000000,0.241,91000000,,0.150,12.75,,,,,,,,,,,,,,,,,,,,,,false,true,6,2016-04-01,2016-09-30,0
2016-07-27,60270,2017-03-31,1,1642000000,0.473,,,,,400000000,0.355,398000000,0.354,240000000,,0.345,33.46,,,,,,,,,,,,,,,0.00,,,,,,,false,true,12,2016-04-01,2017-03-31,0
2016-07-27,60270,2016-03-31,1,,,,,,,,,,,,,,,,,,,,1218000000,980000000,0.804,,980000000,,,,,0.00,,,,7231400,36046,,false,false,12,2015-04-01,2016-03-31,-1
2016-10-31,60270,2017-03-31,2,752000000,0.542,,,,,179000000,0.454,179000000,0.452,114000000,,0.437,5.28,5.09,,,,,1190000000,1033000000,0.868,,1033000000,,,,,,,,,21784500,138,21692241,false,false,6,2016-04-01,2016-09-30,0
2016-10-31,60270,2016-03-31,2,487000000,0.727,,,,,123000000,1.462,123000000,1.463,79000000,,0.994,3.67,3.54,,,,,,,,,,,,,,,,,,,,21694200,false,false,6,2015-04-01,2015-09-30,-1
2016-10-31,60270,2017-03-31,2,1642000000,0.473,,,,,400000000,0.355,398000000,0.354,240000000,,0.345,11.15,,,,,,,,,,,,,,,0.00,,,,,,,false,true,12,2016-04-01,2017-03-31,0
2016-10-31,60270,2016-03-31,2,,,,,,,,,,,,,,,,,,,,1218000000,980000000,0.804,,980000000,,,,,0.00,,,,21694200,108138,,false,false,12,2015-04-01,2016-03-31,-1
2016-10-31,60270,2017-03-31,2,,,,,,,,,,,,,,,,,,,,,,,,,,,,,0.00,,,,,,,false,false,12,2016-04-01,2017-03-31,0
2016-10-31,60270,2017-03-31,2,752000000,0.542,,,,,179000000,0.454,179000000,0.452,114000000,,0.437,5.28,5.13,,,,,1190000000,1033000000,0.868,,1033000000,,,,,,,,,21784500,138,21692241,false,false,6,2016-04-01,2016-09-30,0
2016-10-31,60270,2016-03-31,2,487000000,0.727,,,,,123000000,1.462,123000000,1.463,79000000,,0.994,3.67,3.54,,,,,,,,,,,,,,,,,,,,21694200,false,false,6,2015-04-01,2015-09-30,-1
2016-10-31,60270,2017-03-31,2,1642000000,0.473,,,,,400000000,0.355,398000000,0.354,240000000,,0.345,11.15,,,,,,,,,,,,,,,0.00,,,,,,,false,true,12,2016-04-01,2017-03-31,0
2016-10-31,60270,2016-03-31,2,,,,,,,,,,,,,,,,,,,,1218000000,980000000,0.804,,980000000,,,,,0.00,,,,21694200,108138,,false,false,12,2015-04-01,2016-03-31,-1
2016-10-31,60270,2017-03-31,2,,,,,,,,,,,,,,,,,,,,,,,,,,,,,0.00,,,,,,,false,false,12,2016-04-01,2017-03-31,0
2017-01-30,60270,2017-03-31,3,1174000000,0.510,,,,,279000000,0.276,279000000,0.282,178000000,,0.334,8.21,8.00,,,,,1263000000,1099000000,0.870,,1099000000,,,,,,,,,21808800,138,21728538,false,false,9,2016-04-01,2016-12-31,0
2017-01-30,60270,2016-03-31,3,777000000,0.686,,,,,218000000,1.553,218000000,1.548,133000000,,1.216,6.17,5.95,,,,,,,,,,,,,,,,,,,,21694200,false,false,9,2015-04-01,2015-12-31,-1
2017-01-30,60270,2017-03-31,3,1642000000,0.473,,,,,400000000,0.355,398000000,0.354,240000000,,0.345,11.15,,,,,,,,,,,,,,,0.00,,,,,,,false,true,12,2016-04-01,2017-03-31,0
2017-01-30,60270,2016-03-31,3,,,,,,,,,,,,,,,,,,,,1218000000,980000000,0.804,,980000000,,,,,0.00,,,,21694200,108138,,false,false,12,2015-04-01,2016-03-31,-1
2017-01-30,60270,2017-03-31,3,,,,,,,,,,,,,,,,,,,,,,,,,,,,,0.00,,,,,,,false,false,12,2016-04-01,2017-03-31,0
2017-05-15,60270,2017-03-31,,1657000000,0.486,,,,,407000000,0.380,409000000,0.392,257000000,,0.440,11.85,11.56,0.239,0.310,0.246,,1423000000,1179000000,0.829,54.05,1179000000,235000000,-88000000,-58000000,974000000,0.00,,,,21824400,138,21749909,false,false,12,2016-04-01,2017-03-31,0
2017-05-15,60270,2016-03-31,,1114000000,0.615,,,,,295000000,0.877,294000000,0.876,179000000,,0.590,8.25,7.96,0.192,0.262,0.265,,1218000000,980000000,0.804,45.40,980000000,267000000,-109000000,-79000000,885000000,0.00,,,,21694200,108138,21692104,false,false,12,2015-04-01,2016-03-31,-1
2017-05-15,60270,2018-03-31,,1040000000,0.383,,,,,230000000,0.278,230000000,0.282,140000000,,0.222,6.41,,,,,,,,,,,,,,,,,,,,,,false,true,6,2017-04-01,2017-09-30,1
2017-05-15,60270,2018-03-31,,2240000000,0.352,,,,,500000000,0.227,500000000,0.222,310000000,,0.202,14.20,,,,,,,,,,,,,,,0.00,,,,,,,false,true,12,2017-04-01,2018-03-31,1
2017-07-31,60270,2018-03-31,1,518000000,0.446,,,,,139000000,0.782,139000000,0.799,90000000,,0.785,4.12,4.05,,,,,1466000000,1295000000,0.883,,1294000000,,,,,,,,,22138200,138,21921732,false,false,3,2017-04-01,2017-06-30,0
2017-07-31,60270,2017-03-31,1,358000000,0.546,,,,,78000000,0.441,77000000,0.440,50000000,,0.438,2.34,2.26,,,,,,,,,,,,,,,,,,,,21599107,false,false,3,2016-04-01,2016-06-30,-1
2017-07-31,60270,2018-03-31,1,1040000000,0.383,,,,,230000000,0.278,230000000,0.282,140000000,,0.222,6.41,,,,,,,,,,,,,,,,,,,,,,false,true,6,2017-04-01,2017-09-30,0
2017-07-31,60270,2018-03-31,1,2240000000,0.352,,,,,500000000,0.227,500000000,0.222,310000000,,0.202,14.20,,,,,,,,,,,,,,,0.00,,,,,,,false,true,12,2017-04-01,2018-03-31,0
2017-07-31,60270,2017-03-31,1,,,,,,,,,,,,,,,,,,,,1423000000,1179000000,0.829,,1179000000,,,,,0.00,,,,21824400,138,,false,false,12,2016-04-01,2017-03-31,-1
2017-07-31,60270,2018-03-31,1,518000000,0.446,,,,,139000000,0.782,139000000,0.799,90000000,,0.785,4.12,4.05,,,,,1466000000,1295000000,0.883,,1294000000,,,,,,,,,22138200,138,21921594,false,false,3,2017-04-01,2017-06-30,0
2017-07-31,60270,2017-03-31,1,358000000,0.546,,,,,78000000,0.441,77000000,0.440,50000000,,0.438,2.34,2.26,,,,,,,,,,,,,,,,,,,,21599107,false,false,3,2016-04-01,2016-06-30,-1
2017-07-31,60270,2018-03-31,1,1040000000,0.383,,,,,230000000,0.278,230000000,0.282,140000000,,0.222,6.41,,,,,,,,,,,,,,,,,,,,,,false,true,6,2017-04-01,2017-09-30,0
2017-07-31,60270,2018-03-31,1,2240000000,0.352,,,,,500000000,0.227,500000000,0.222,310000000,,0.202,14.20,,,,,,,,,,,,,,,0.00,,,,,,,false,true,12,2017-04-01,2018-03-31,0
2017-07-31,60270,2017-03-31,1,,,,,,,,,,,,,,,,,,,,1423000000,1179000000,0.829,,1179000000,,,,,0.00,,,,21824400,138,,false,false,12,2016-04-01,2017-03-31,-1
2017-10-30,60270,2018-03-31,2,1078000000,0.433,,,,,260000000,0.447,260000000,0.450,164000000,,0.438,7.48,7.39,,,,,1648000000,1370000000,0.830,,1368000000,,,,,,,,,22138200,138,22030419,false,false,6,2017-04-01,2017-09-30,0
2017-10-30,60270,2017-03-31,2,752000000,0.542,,,,,179000000,0.454,179000000,0.452,114000000,,0.437,5.28,5.13,,,,,,,,,,,,,,,,,,,,21692241,false,false,6,2016-04-01,2016-09-30,-1
2017-10-30,60270,2018-03-31,2,2240000000,0.352,,,,,500000000,0.227,500000000,0.222,310000000,,0.202,14.20,,,,,,,,,,,,,,,0.00,,,,,,,false,true,12,2017-04-01,2018-03-31,0
2017-10-30,60270,2017-03-31,2,,,,,,,,,,,,,,,,,,,,1423000000,1179000000,0.829,,1179000000,,,,,0.00,,,,21824400,138,,false,false,12,2016-04-01,2017-03-31,-1
2017-10-30,60270,2018-03-31,2,,,,,,,,,,,,,,,,,,,,,,,,,,,,,0.00,,,,,,,false,false,12,2017-04-01,2018-03-31,0
2018-01-29,60270,2018-03-31,3,1679000000,0.430,,,,,400000000,0.432,400000000,0.432,251000000,,0.411,11.41,11.29,,,,,1702000000,1457000000,0.855,,1456000000,,,,,,,,,22140000,138,22066738,false,false,9,2017-04-01,2017-12-31,0
2018-01-29,60270,2017-03-31,3,1174000000,0.510,,,,,279000000,0.276,279000000,0.282,178000000,,0.334,8.21,8.00,,,,,,,,,,,,,,,,,,,,21728538,false,false,9,2016-04-01,2016-12-31,-1
2018-01-29,60270,2018-03-31,3,2240000000,0.352,,,,,500000000,0.227,500000000,0.222,310000000,,0.202,14.20,,,,,,,,,,,,,,,0.00,,,,,,,false,true,12,2017-04-01,2018-03-31,0
2018-01-29,60270,2017-03-31,3,,,,,,,,,,,,,,,,,,,,1423000000,1179000000,0.829,,1179000000,,,,,0.00,,,,21824400,138,,false,false,12,2016-04-01,2017-03-31,-1
2018-01-29,60270,2018-03-31,3,,,,,,,,,,,,,,,,,,,,,,,,,,,,,0.00,,,,,,,false,false,12,2017-04-01,2018-03-31,0
2018-05-14,60270,2018-03-31,,2318000000,0.399,,,,,503000000,0.236,505000000,0.234,323000000,,0.254,14.64,14.49,0.239,0.306,0.217,,1877000000,1531000000,0.815,69.01,1529000000,393000000,-139000000,28000000,1256000000,0.00,,,,22166700,138,22090000,false,false,12,2017-04-01,2018-03-31,0
2018-05-14,60270,2017-03-31,,1657000000,0.486,,,,,407000000,0.380,409000000,0.392,257000000,,0.440,11.85,11.56,0.239,0.310,0.246,,1423000000,1179000000,0.829,54.05,1179000000,235000000,-88000000,-58000000,974000000,0.00,,,,21824400,138,21749909,false,false,12,2016-04-01,2017-03-31,-1
2018-05-14,60270,2019-03-31,,1400000000,0.298,,,,,230000000,-0.117,230000000,-0.116,150000000,,-0.090,6.77,,,,,,,,,,,,,,,,,,,,,,false,true,6,2018-04-01,2018-09-30,1
2018-05-14,60270,2019-03-31,,3100000000,0.337,,,,,510000000,0.013,510000000,0.010,330000000,,0.021,14.89,,,,,,,,,,,,,,,0.00,,,,,,,false,true,12,2018-04-01,2019-03-31,1
2018-07-30,60270,2019-03-31,1,688000000,0.328,,,,,124000000,-0.105,124000000,-0.106,81000000,,-0.100,3.67,3.65,,,,,1842000000,1612000000,0.875,,1611000000,,,,,,,,,22171500,138,22167357,false,false,3,2018-04-01,2018-06-30,0
2018-07-30,60270,2018-03-31,1,518000000,0.446,,,,,139000000,0.782,139000000,0.799,90000000,,0.785,4.12,4.05,,,,,,,,,,,,,,,,,,,,21921594,false,false,3,2017-04-01,2017-06-30,-1
2018-07-30,60270,2019-03-31,1,1400000000,0.298,,,,,230000000,-0.117,230000000,-0.116,150000000,,-0.090,6.77,,,,,,,,,,,,,,,,,,,,,,false,true,6,2018-04-01,2018-09-30,0
2018-07-30,60270,2019-03-31,1,3100000000,0.337,,,,,510000000,0.013,510000000,0.010,330000000,,0.021,14.89,,,,,,,,,,,,,,,0.00,,,,,,,false,true,12,2018-04-01,2019-03-31,0
2018-07-30,60270,2018-03-31,1,,,,,,,,,,,,,,,,,,,,1877000000,1531000000,0.815,,1529000000,,,,,0.00,,,,22166700,138,,false,false,12,2017-04-01,2018-03-31,-1
2018-10-29,60270,2019-03-31,2,1428000000,0.325,,,,,244000000,-0.062,244000000,-0.061,155000000,,-0.058,7.00,6.95,,,,,2018000000,1686000000,0.835,,1685000000,,,,,,,,,22171500,139,22169370,false,false,6,2018-04-01,2018-09-30,0
2018-10-29,60270,2018-03-31,2,1078000000,0.433,,,,,260000000,0.447,260000000,0.450,164000000,,0.438,7.48,7.39,,,,,,,,,,,,,,,,,,,,22030419,false,false,6,2017-04-01,2017-09-30,-1
2018-10-29,60270,2019-03-31,2,3100000000,0.337,,,,,510000000,0.013,510000000,0.010,330000000,,0.021,14.89,,,,,,,,,,,,,,,0.00,,,,,,,false,true,12,2018-04-01,2019-03-31,0
2018-10-29,60270,2018-03-31,2,,,,,,,,,,,,,,,,,,,,1877000000,1531000000,0.815,,1529000000,,,,,0.00,,,,22166700,138,,false,false,12,2017-04-01,2018-03-31,-1
2018-10-29,60270,2019-03-31,2,,,,,,,,,,,,,,,,,,,,,,,,,,,,,0.00,,,,,,,false,false,12,2018-04-01,2019-03-31,0
2019-01-28,60270,2019-03-31,3,2241000000,0.335,,,,,351000000,-0.122,351000000,-0.123,215000000,,-0.144,9.72,9.65,,,,,2014000000,1747000000,0.866,,1745000000,,,,,,,,,22176000,139,22170903,false,false,9,2018-04-01,2018-12-31,0
2019-01-28,60270,2018-03-31,3,1679000000,0.430,,,,,400000000,0.432,400000000,0.432,251000000,,0.411,11.41,11.29,,,,,,,,,,,,,,,,,,,,22066738,false,false,9,2017-04-01,2017-12-31,-1
2019-01-28,60270,2019-03-31,3,3100000000,0.337,,,,,510000000,0.013,510000000,0.010,330000000,,0.021,14.89,,,,,,,,,,,,,,,0.00,,,,,,,false,true,12,2018-04-01,2019-03-31,0
2019-01-28,60270,2018-03-31,3,,,,,,,,,,,,,,,,,,,,1877000000,1531000000,0.815,,1529000000,,,,,0.00,,,,22166700,138,,false,false,12,2017-04-01,2018-03-31,-1
2019-01-28,60270,2019-03-31,3,,,,,,,,,,,,,,,,,,,,,,,,,,,,,0.00,,,,,,,false,false,12,2018-04-01,2019-03-31,0
2019-05-13,60270,2019-03-31,,3132000000,0.351,,,,,510000000,0.014,511000000,0.012,333000000,,0.031,15.02,14.93,0.196,0.248,0.163,,2253000000,1869000000,0.829,84.02,1868000000,299000000,-165000000,5000000,1395000000,0.00,,,,22234500,167,22183442,false,false,12,2018-04-01,2019-03-31,0
2019-05-13,60270,2018-03-31,,2318000000,0.399,,,,,503000000,0.236,505000000,0.234,323000000,,0.254,14.64,14.49,0.239,0.306,0.217,,1877000000,1531000000,0.815,69.01,1529000000,393000000,-139000000,28000000,1256000000,0.00,,,,22166700,138,22090000,false,false,12,2017-04-01,2018-03-31,-1
2019-05-13,60270,2020-03-31,,4300000000,0.373,,,,,520000000,0.019,520000000,0.017,335000000,,0.005,15.07,,,,,,,,,,,,,,,0.00,,,,,,,false,true,12,2019-04-01,2020-03-31,1
2019-07-29,60270,2020-03-31,1,935000000,0.359,,,,,182000000,0.466,182000000,0.464,119000000,,0.466,5.37,5.34,,,,,2329000000,1988000000,0.853,,1987000000,,,,,,,,,22234500,194,22234324,false,false,3,2019-04-01,2019-06-30,0
2019-07-29,60270,2019-03-31,1,688000000,0.328,,,,,124000000,-0.105,124000000,-0.106,81000000,,-0.100,3.67,3.65,,,,,,,,,,,,,,,,,,,,22167357,false,false,3,2018-04-01,2018-06-30,-1
2019-07-29,60270,2020-03-31,1,4300000000,0.373,,,,,520000000,0.019,520000000,0.017,335000000,,0.005,15.07,,,,,,,,,,,,,,,0.00,,,,,,,false,true,12,2019-04-01,2020-03-31,0
2019-07-29,60270,2019-03-31,1,,,,,,,,,,,,,,,,,,,,2253000000,1869000000,0.829,,1868000000,,,,,0.00,,,,22234500,167,,false,false,12,2018-04-01,2019-03-31,-1
2019-10-28,60270,2020-03-31,2,1929000000,0.351,,,,,259000000,0.062,259000000,0.063,159000000,,0.029,7.18,7.15,,,,,2523000000,2030000000,0.804,,2028000000,,,,,,,,,22249500,194,22234725,false,false,6,2019-04-01,2019-09-30,0
2019-10-28,60270,2019-03-31,2,1428000000,0.325,,,,,244000000,-0.062,244000000,-0.061,155000000,,-0.058,7.00,6.95,,,,,,,,,,,,,,,,,,,,22169370,false,false,6,2018-04-01,2018-09-30,-1
2019-10-28,60270,2020-03-31,2,4300000000,0.373,,,,,520000000,0.019,520000000,0.017,335000000,,0.005,15.07,,,,,,,,,,,,,,,0.00,,,,,,,false,true,12,2019-04-01,2020-03-31,0
2019-10-28,60270,2019-03-31,2,,,,,,,,,,,,,,,,,,,,2253000000,1869000000,0.829,,1868000000,,,,,0.00,,,,22234500,167,,false,false,12,2018-04-01,2019-03-31,-1
2019-10-28,60270,2020-03-31,2,,,,,,,,,,,,,,,,,,,,,,,,,,,,,0.00,,,,,,,false,false,12,2019-04-01,2020-03-31,0
2020-01-27,60270,2020-03-31,3,2994000000,0.336,,,,,227000000,-0.352,229000000,-0.348,141000000,,-0.344,6.35,6.33,,,,,2431000000,2011000000,0.827,,2010000000,,,,,,,,,22249500,194,22239657,false,false,9,2019-04-01,2019-12-31,0
2020-01-27,60270,2019-03-31,3,2241000000,0.335,,,,,351000000,-0.122,351000000,-0.123,215000000,,-0.144,9.72,9.65,,,,,,,,,,,,,,,,,,,,22170903,false,false,9,2018-04-01,2018-12-31,-1
2020-01-27,60270,2020-03-31,3,4300000000,0.373,,,,,520000000,0.019,520000000,0.017,335000000,,0.005,15.07,,,,,,,,,,,,,,,0.00,,,,,,,false,true,12,2019-04-01,2020-03-31,0
2020-01-27,60270,2019-03-31,3,,,,,,,,,,,,,,,,,,,,2253000000,1869000000,0.829,,1868000000,,,,,0.00,,,,22234500,167,,false,false,12,2018-04-01,2019-03-31,-1
2020-01-27,60270,2020-03-31,3,,,,,,,,,,,,,,,,,,,,,,,,,,,,,0.00,,,,,,,false,false,12,2019-04-01,2020-03-31,0
2020-05-11,60270,2020-03-31,,4132000000,0.319,,,,,392000000,-0.230,395000000,-0.226,260000000,,-0.219,11.70,11.66,0.130,0.166,0.095,,2520000000,2130000000,0.845,95.77,2129000000,142000000,-341000000,1000000,1197000000,0.00,,,,22251000,194,22242294,false,false,12,2019-04-01,2020-03-31,0
2020-05-11,60270,2019-03-31,,3132000000,0.351,,,,,510000000,0.014,511000000,0.012,333000000,,0.031,15.02,14.93,0.196,0.248,0.163,,2253000000,1869000000,0.829,84.02,1868000000,299000000,-165000000,5000000,1395000000,0.00,,,,22234500,167,22183442,false,false,12,2018-04-01,2019-03-31,-1
2020-05-11,60270,2021-03-31,,5200000000,0.258,,,,,,,,,,,,,,,,,,,,,,,,,,,0.00,,,,,,,false,true,12,2020-04-01,2021-03-31,1
2020-05-11,60270,2020-03-31,,4132000000,0.319,,,,,392000000,-0.230,395000000,-0.226,260000000,,-0.219,11.70,11.66,0.130,0.166,0.095,,2520000000,2130000000,0.845,95.70,2129000000,142000000,-341000000,1000000,1197000000,0.00,,,,22251000,194,22242294,false,false,12,2019-04-01,2020-03-31,0
2020-05-11,60270,2019-03-31,,3132000000,0.351,,,,,510000000,0.014,511000000,0.012,333000000,,0.031,15.02,14.93,0.196,0.248,0.163,,2253000000,1869000000,0.829,84.02,1868000000,299000000,-165000000,5000000,1395000000,0.00,,,,22234500,167,22183442,false,false,12,2018-04-01,2019-03-31,-1
2020-05-11,60270,2021-03-31,,5200000000,0.258,,,,,,,,,,,,,,,,,,,,,,,,,,,0.00,,,,,,,false,true,12,2020-04-01,2021-03-31,1
2020-07-27,60270,2021-03-31,1,1160000000,0.240,,,,,7000000,-0.959,8000000,-0.954,4000000,,-0.964,0.19,0.19,,,,,2556000000,2136000000,0.835,,2134000000,,,,,,,,,22263000,194,22256905,false,false,3,2020-04-01,2020-06-30,0
2020-07-27,60270,2020-03-31,1,935000000,0.359,,,,,182000000,0.466,182000000,0.464,119000000,,0.466,5.37,5.34,,,,,,,,,,,,,,,,,,,,22234324,false,false,3,2019-04-01,2019-06-30,-1
2020-07-27,60270,2021-03-31,1,5200000000,0.258,,,,,,,,,,,,,,,,,,,,,,,,,,,0.00,,,,,,,false,true,12,2020-04-01,2021-03-31,0
2020-07-27,60270,2020-03-31,1,,,,,,,,,,,,,,,,,,,,2520000000,2130000000,0.845,,2129000000,,,,,0.00,,,,22251000,194,,false,false,12,2019-04-01,2020-03-31,-1
2020-10-26,60270,2021-03-31,2,2435000000,0.262,,,,,108000000,-0.582,109000000,-0.580,67000000,,-0.579,3.02,3.02,,,,,2710000000,2199000000,0.811,,2197000000,,,,,,,,,22263000,194,22259872,false,false,6,2020-04-01,2020-09-30,0
2020-10-26,60270,2020-03-31,2,1929000000,0.351,,,,,259000000,0.062,259000000,0.063,159000000,,0.029,7.18,7.15,,,,,,,,,,,,,,,,,,,,22234725,false,false,6,2019-04-01,2019-09-30,-1
2020-10-26,60270,2021-03-31,2,5200000000,0.258,,,,,,,,,,,,,,,,,,,,,,,,,,,0.00,,,,,,,false,true,12,2020-04-01,2021-03-31,0
2020-10-26,60270,2020-03-31,2,,,,,,,,,,,,,,,,,,,,2520000000,2130000000,0.845,,2129000000,,,,,0.00,,,,22251000,194,,false,false,12,2019-04-01,2020-03-31,-1
2020-10-26,60270,2021-03-31,2,,,,,,,,,,,,,,,,,,,,,,,,,,,,,0.00,,,,,,,false,false,12,2020-04-01,2021-03-31,0
2021-01-25,60270,2021-03-31,3,3806000000,0.271,,,,,222000000,-0.023,225000000,-0.015,111000000,,-0.212,5.00,4.99,,,,,2836000000,2243000000,0.790,,2241000000,,,,,,,,,22263000,194,22260853,false,false,9,2020-04-01,2020-12-31,0
2021-01-25,60270,2020-03-31,3,2994000000,0.336,,,,,227000000,-0.352,229000000,-0.348,141000000,,-0.344,6.35,6.33,,,,,,,,,,,,,,,,,,,,22239657,false,false,9,2019-04-01,2019-12-31,-1
2021-01-25,60270,2021-03-31,3,5200000000,0.258,,,,,,,,,,,,,,,,,,,,,,,,,,,0.00,,,,,,,false,true,12,2020-04-01,2021-03-31,0
2021-01-25,60270,2020-03-31,3,,,,,,,,,,,,,,,,,,,,2520000000,2130000000,0.845,,2129000000,,,,,0.00,,,,22251000,194,,false,false,12,2019-04-01,2020-03-31,-1
2021-01-25,60270,2021-03-31,3,,,,,,,,,,,,,,,,,,,,,,,,,,,,,0.00,,,,,,,false,false,12,2020-04-01,2021-03-31,0
2021-05-13,60270,2021-03-31,,5318000000,0.287,,,,,172000000,-0.561,182000000,-0.539,64000000,,-0.752,2.90,2.90,0.030,0.065,0.032,,3102000000,2196000000,0.708,98.60,2195000000,569000000,-310000000,0,1457000000,0.00,,,,22263000,194,22261335,false,false,12,2020-04-01,2021-03-31,0
2021-05-13,60270,2020-03-31,,4132000000,0.319,,,,,392000000,-0.230,395000000,-0.226,260000000,,-0.219,11.70,11.66,0.130,0.166,0.095,,2520000000,2130000000,0.845,95.70,2129000000,142000000,-341000000,1000000,1197000000,0.00,,,,22251000,194,22242294,false,false,12,2019-04-01,2020-03-31,-1
2021-05-13,60270,2022-03-31,,7000000000,0.316,,,,,,,,,,,,,,,,,,,,,,,,,,,0.00,,,,,,,false,true,12,2021-04-01,2022-03-31,1
2021-07-30,60270,2022-03-31,1,1537000000,0.325,,,,,216000000,,218000000,,137000000,,,6.17,6.15,,,,,3041000000,2333000000,0.767,,2332000000,,,,,,,,,22263000,223,22262785,false,false,3,2021-04-01,2021-06-30,0
2021-07-30,60270,2021-03-31,1,1160000000,0.240,,,,,7000000,-0.959,8000000,-0.954,4000000,,-0.964,0.19,0.19,,,,,,,,,,,,,,,,,,,,22256905,false,false,3,2020-04-01,2020-06-30,-1
2021-07-30,60270,2022-03-31,1,7000000000,,,,,,,,,,,,,,,,,,,,,,,,,,,,0.00,,,,,,,false,true,12,2021-04-01,2022-03-31,0
2021-07-30,60270,2021-03-31,1,,,,,,,,,,,,,,,,,,,,3102000000,2196000000,0.708,,2195000000,,,,,0.00,,,,22263000,194,,false,false,12,2020-04-01,2021-03-31,-1
2021-10-26,60270,2022-03-31,2,3179000000,0.306,,,,,453000000,3.184,459000000,3.208,284000000,,3.229,12.79,12.75,,,,,3381000000,2481000000,0.733,,2479000000,,,,,,,,,22264500,223,22262912,false,false,6,2021-04-01,2021-09-30,0
2021-10-26,60270,2021-03-31,2,2435000000,0.262,,,,,108000000,-0.582,109000000,-0.580,67000000,,-0.579,3.02,3.02,,,,,,,,,,,,,,,,,,,,22259872,false,false,6,2020-04-01,2020-09-30,-1
2021-10-26,60270,2022-03-31,2,7000000000,,,,,,,,,,,,,,,,,,,,,,,,,,,,0.00,,,,,,,false,true,12,2021-04-01,2022-03-31,0
2021-10-26,60270,2021-03-31,2,,,,,,,,,,,,,,,,,,,,3102000000,2196000000,0.708,,2195000000,,,,,0.00,,,,22263000,194,,false,false,12,2020-04-01,2021-03-31,-1
2021-10-26,60270,2022-03-31,2,,,,,,,,,,,,,,,,,,,,,,,,,,,,,0.00,,,,,,,false,false,12,2021-04-01,2022-03-31,0
2022-01-27,60270,2022-03-31,3,5000000000,0.314,,,,,833000000,2.744,839000000,2.719,520000000,,3.675,23.37,23.31,,,,,3769000000,2716000000,0.720,,2715000000,,,,,,,,,22264500,223,22263369,false,false,9,2021-04-01,2021-12-31,0
2022-01-27,60270,2021-03-31,3,3806000000,0.271,,,,,222000000,-0.023,225000000,-0.015,111000000,,-0.212,5.00,4.99,,,,,,,,,,,,,,,,,,,,22260853,false,false,9,2020-04-01,2020-12-31,-1
2022-01-27,60270,2022-03-31,3,7000000000,,,,,,,,,,,,,,,,,,,,,,,,,,,,0.00,,,,,,,false,true,12,2021-04-01,2022-03-31,0
2022-01-27,60270,2021-03-31,3,,,,,,,,,,,,,,,,,,,,3102000000,2196000000,0.708,,2195000000,,,,,0.00,,,,22263000,194,,false,false,12,2020-04-01,2021-03-31,-1
2022-01-27,60270,2022-03-31,3,,,,,,,,,,,,,,,,,,,,,,,,,,,,,0.00,,,,,,,false,false,12,2021-04-01,2022-03-31,0
2022-05-13,60270,2022-03-31,,6877000000,0.293,,,,,1139000000,5.602,1149000000,5.306,702000000,,9.861,31.56,30.65,0.306,0.332,0.166,,3812000000,2398000000,0.629,108.17,2397000000,1155000000,-436000000,-500000000,1676000000,0.00,,,,22264500,101259,22249067,false,false,12,2021-04-01,2022-03-31,0
2022-05-13,60270,2021-03-31,,5318000000,0.287,,,,,172000000,-0.561,182000000,-0.539,64000000,,-0.752,2.90,2.90,0.030,0.065,0.032,,3102000000,2196000000,0.708,98.60,2195000000,569000000,-310000000,0,1457000000,0.00,,,,22263000,194,22261335,false,false,12,2020-04-01,2021-03-31,-1
2022-05-13,60270,2023-03-31,,8800000000,0.280,,,,,,,,,,,,,,,,,,,,,,,,,,,0.00,,,,,,,false,true,12,2022-04-01,2023-03-31,1
2022-07-27,60270,2023-03-31,1,1959000000,0.274,,,,,138000000,-0.361,138000000,-0.368,90000000,,-0.341,4.08,3.98,,,,,3622000000,2489000000,0.687,,2487000000,,,,,,,,,22264500,101259,22163241,false,false,3,2022-04-01,2022-06-30,0
2022-07-27,60270,2022-03-31,1,1537000000,0.325,,,,,216000000,,218000000,,137000000,,,6.17,6.15,,,,,,,,,,,,,,,,,,,,22262785,false,false,3,2021-04-01,2021-06-30,-1
2022-07-27,60270,2023-03-31,1,8800000000,0.280,,,,,,,,,,,,,,,,,,,,,,,,,,,0.00,,,,,,,false,true,12,2022-04-01,2023-03-31,0
2022-07-27,60270,2022-03-31,1,,,,,,,,,,,,,,,,,,,,3812000000,2398000000,0.629,,2397000000,,,,,0.00,,,,22264500,101259,,false,false,12,2021-04-01,2022-03-31,-1
2022-10-26,60270,2023-03-31,2,4045000000,0.272,,,,,371000000,-0.181,377000000,-0.179,232000000,,-0.182,10.51,10.23,,,,,3694000000,2664000000,0.719,,2657000000,,,,,,,,,22302500,101289,22168912,false,false,6,2022-04-01,2022-09-30,0
2022-10-26,60270,2022-03-31,2,3179000000,0.306,,,,,453000000,3.184,459000000,3.208,284000000,,3.229,12.79,12.75,,,,,,,,,,,,,,,,,,,,22262912,false,false,6,2021-04-01,2021-09-30,-1
2022-10-26,60270,2023-03-31,2,8800000000,0.280,,,,,,,,,,,,,,,,,,,,,,,,,,,0.00,,,,,,,false,true,12,2022-04-01,2023-03-31,0
2022-10-26,60270,2022-03-31,2,,,,,,,,,,,,,,,,,,,,3812000000,2398000000,0.629,,2397000000,,,,,0.00,,,,22264500,101259,,false,false,12,2021-04-01,2022-03-31,-1
2022-10-26,60270,2023-03-31,2,,,,,,,,,,,,,,,,,,,,,,,,,,,,,0.00,,,,,,,false,false,12,2022-04-01,2023-03-31,0
2023-01-25,60270,2023-03-31,3,6263000000,0.253,,,,,694000000,-0.167,700000000,-0.166,430000000,,-0.173,19.41,18.92,,,,,3775000000,2871000000,0.756,,2854000000,,,,,,,,,22302500,101289,22179718,false,false,9,2022-04-01,2022-12-31,0
2023-01-25,60270,2022-03-31,3,5000000000,0.314,,,,,833000000,2.744,839000000,2.719,520000000,,3.675,23.37,23.31,,,,,,,,,,,,,,,,,,,,22263369,false,false,9,2021-04-01,2021-12-31,-1
2023-01-25,60270,2023-03-31,3,8800000000,0.280,,,,,,,,,,,,,,,,,,,,,,,,,,,0.00,,,,,,,false,true,12,2022-04-01,2023-03-31,0
2023-01-25,60270,2022-03-31,3,,,,,,,,,,,,,,,,,,,,3812000000,2398000000,0.629,,2397000000,,,,,0.00,,,,22264500,101259,,false,false,12,2021-04-01,2022-03-31,-1
2023-01-25,60270,2023-03-31,3,,,,,,,,,,,,,,,,,,,,,,,,,,,,,0.00,,,,,,,false,false,12,2022-04-01,2023-03-31,0
2023-05-12,60270,2023-03-31,,8710000000,0.267,,,,,1090000000,-0.043,1103000000,-0.040,717000000,,0.022,32.33,31.54,0.259,0.268,0.125,,4410000000,3167000000,0.713,141.43,3143000000,458000000,-517000000,28000000,1646000000,0.00,,,,22329500,101289,22187828,false,false,12,2022-04-01,2023-03-31,0
2023-05-12,60270,2022-03-31,,6877000000,0.293,,,,,1139000000,5.602,1149000000,5.306,702000000,,9.861,31.56,30.65,0.306,0.332,0.166,,3812000000,2398000000,0.629,108.17,2397000000,1155000000,-436000000,-500000000,1676000000,0.00,,,,22264500,101259,22249067,false,false,12,2021-04-01,2022-03-31,-1
2023-05-12,60270,2024-03-31,,10730000000,0.232,,,,,,,,,,,,,,,,,,,,,,,,,,,0.00,,,,,,,false,true,12,2023-04-01,2024-03-31,1
2023-07-26,60270,2024-03-31,1,2392000000,0.221,,,,,246000000,0.783,246000000,0.781,151000000,,0.669,6.79,6.64,,,,,4563000000,3338000000,0.725,,3306000000,,,,,,,,,22365700,101363,22252684,false,false,3,2023-04-01,2023-06-30,0
2023-07-26,60270,2023-03-31,1,1959000000,0.274,,,,,138000000,-0.361,138000000,-0.368,90000000,,-0.341,4.08,3.98,,,,,,,,,,,,,,,,,,,,22163241,false,false,3,2022-04-01,2022-06-30,-1
2023-07-26,60270,2024-03-31,1,10730000000,0.232,,,,,,,,,,,,,,,,,,,,,,,,,,,0.00,,,,,,,false,true,12,2023-04-01,2024-03-31,0
2023-07-26,60270,2023-03-31,1,,,,,,,,,,,,,,,,,,,,4410000000,3167000000,0.713,,3143000000,,,,,0.00,,,,22329500,101289,,false,false,12,2022-04-01,2023-03-31,-1
2023-10-25,60270,2024-03-31,2,4945000000,0.222,,,,,550000000,0.482,555000000,0.473,337000000,,0.448,15.15,14.81,,,,,5803000000,3532000000,0.602,,3492000000,,,,,,,,,22368700,101363,22259755,false,false,6,2023-04-01,2023-09-30,0
2023-10-25,60270,2023-03-31,2,4045000000,0.272,,,,,371000000,-0.181,377000000,-0.179,232000000,,-0.182,10.51,10.23,,,,,,,,,,,,,,,,,,,,22168912,false,false,6,2022-04-01,2022-09-30,-1
2023-10-25,60270,2024-03-31,2,10730000000,0.232,,,,,,,,,,,,,,,,,,,,,,,,,,,0.00,,,,,,,false,true,12,2023-04-01,2024-03-31,0
2023-10-25,60270,2023-03-31,2,,,,,,,,,,,,,,,,,,,,4410000000,3167000000,0.713,,3143000000,,,,,0.00,,,,22329500,101289,,false,false,12,2022-04-01,2023-03-31,-1
2023-10-25,60270,2024-03-31,2,,,,,,,,,,,,,,,,,,,,,,,,,,,,,0.00,,,,,,,false,false,12,2023-04-01,2024-03-31,0
2023-12-13,60270,2024-03-31,,11400000000,,,,,,,,,,,,,,,,,,,,,,,,,,,,,,,,,,,true,true,12,2023-04-01,2024-03-31,0
2024-02-14,60270,2024-03-31,3,8020000000,,,,,,887000000,,931000000,,,571000000,,25.66,25.08,,,,,9068000000,3875000000,0.422,,3829000000,,,,,,,,,,,,true,false,9,2023-04-01,2023-12-31,0
2024-02-14,60270,2024-03-31,3,11400000000,,,,,,,,,,,,,,,,,,,,,,,,,,,,,,,,,,,true,true,12,2023-04-01,2024-03-31,0
2024-02-14,60270,2023-03-31,3,,,,,,,,,,,,,,,,,,,,,,,,,,,,,0.00,,,,22329500,101289,,false,false,12,2022-04-01,2023-03-31,-1
2024-02-14,60270,2024-03-31,3,,,,,,,,,,,,,,,,,,,,,,,,,,,,,0.00,,,,,,,false,false,12,2023-04-01,2024-03-31,0
2024-02-14,60270,2024-03-31,3,,,,,,,,,,,,,,,,,,,,,,,,,,,,,0.00,,,,,,,false,true,12,2023-04-01,2024-03-31,0
2024-02-14,60270,2024-03-31,3,,,,,,,,,,,,,,,,,,,,,,,,,,,,,,,,,22373100,101363,22263748,false,false,9,2023-04-01,2023-12-31,0
2024-02-14,60270,2023-03-31,3,,,,,,,,,,,,,,,,,,,,,,,,,,,,,,,,,,,22179718,false,false,9,2022-04-01,2022-12-31,-1
2024-05-10,60270,2024-03-31,,11323000000,,,,,,1236000000,,1315000000,,,837000000,,37.62,36.77,0.231,0.181,0.109,,10164000000,4157000000,0.403,183.87,4096000000,1160000000,-2103000000,2765000000,3469000000,,,,,,,,true,false,12,2023-04-01,2024-03-31,0
2024-05-10,60270,2025-03-31,,14740000000,0.302,,,,,1700000000,0.375,1700000000,0.292,,1000000000,,44.88,,,,,,,,,,,,,,,,,,,,,,true,true,12,2024-04-01,2025-03-31,1
2024-05-10,60270,2024-03-31,,10551000000,0.211,,,,,1172000000,0.075,1175000000,0.065,729000000,,0.017,32.78,32.04,,,,,8323000000,3954000000,0.468,174.74,3893000000,,,,,0.00,,,,22382100,101363,22265906,false,false,12,2023-04-01,2024-03-31,0
2024-05-10,60270,2023-03-31,,8710000000,0.267,,,,,1090000000,-0.043,1103000000,-0.040,717000000,,0.022,32.33,31.54,,,,,4410000000,3167000000,0.713,141.43,3143000000,,,,,0.00,,,,22329500,101289,22187828,false,false,12,2022-04-01,2023-03-31,-1
2024-05-10,60270,2025-03-31,,,,,,,,,,,,,,,,,,,,,,,,,,,,,,0.00,,,,,,,false,true,12,2024-04-01,2025-03-31,1
2024-08-14,60270,2025-03-31,1,3297000000,,,,,,282000000,,294000000,,,183000000,,8.23,8.06,,,,,10235000000,4433000000,0.426,,4362000000,,,,,,,,,,,,true,false,3,2024-04-01,2024-06-30,0
2024-08-14,60270,2025-03-31,1,14740000000,0.302,,,,,1700000000,0.375,1700000000,0.292,,1000000000,,44.88,,,,,,,,,,,,,,,,,,,,,,true,true,12,2024-04-01,2025-03-31,0
2024-08-14,60270,2024-03-31,1,,,,,,,,,,,,,,,,,,,,10164000000,4157000000,0.403,,4096000000,,,,,,,,,,,,true,false,12,2023-04-01,2024-03-31,-1
2024-08-14,60270,2024-03-31,1,,,,,,,,,,,,,,,,,,,,,,,,,,,,,0.00,,,,22382100,101363,,false,false,12,2023-04-01,2024-03-31,-1
2024-08-14,60270,2025-03-31,1,,,,,,,,,,,,,,,,,,,,,,,,,,,,,0.00,,,,,,,false,true,12,2024-04-01,2025-03-31,0
2024-08-14,60270,2025-03-31,1,,,,,,,,,,,,,,,,,,,,,,,,,,,,,,,,,22395200,6383,22286386,false,false,3,2024-04-01,2024-06-30,0
2024-08-14,60270,2024-03-31,1,,,,,,,,,,,,,,,,,,,,,,,,,,,,,,,,,,,22252684,false,false,3,2023-04-01,2023-06-30,-1
2024-11-13,60270,2025-03-31,2,6691000000,,,,,,545000000,,563000000,,,339000000,,15.16,14.89,,,,,10437000000,4725000000,0.447,,4670000000,,,,,,,,,,,,true,false,6,2024-04-01,2024-09-30,0
2024-11-13,60270,2025-03-31,2,14740000000,0.302,,,,,1700000000,0.375,1700000000,0.292,,1000000000,,44.71,,,,,,,,,,,,,,,,,,,,,,true,true,12,2024-04-01,2025-03-31,0
2024-11-13,60270,2024-03-31,2,,,,,,,,,,,,,,,,,,,,10164000000,4157000000,0.403,,4096000000,,,,,,,,,,,,true,false,12,2023-04-01,2024-03-31,-1
2024-11-13,60270,2024-03-31,2,,,,,,,,,,,,,,,,,,,,,,,,,,,,,0.00,,,,22382100,101363,,false,false,12,2023-04-01,2024-03-31,-1
2024-11-13,60270,2025-03-31,2,,,,,,,,,,,,,,,,,,,,,,,,,,,,,0.00,,,,,,,false,false,12,2024-04-01,2025-03-31,0
2024-11-13,60270,2025-03-31,2,,,,,,,,,,,,,,,,,,,,,,,,,,,,,0.00,,,,,,,false,true,12,2024-04-01,2025-03-31,0
2024-11-13,60270,2025-03-31,2,,,,,,,,,,,,,,,,,,,,,,,,,,,,,,,,,22595200,6520,22365150,false,false,6,2024-04-01,2024-09-30,0
2024-11-13,60270,2024-03-31,2,,,,,,,,,,,,,,,,,,,,,,,,,,,,,,,,,,,22259755,false,false,6,2023-04-01,2023-09-30,-1
2025-02-12,60270,2025-03-31,3,10278000000,0.281,,,,,759000000,-0.135,772000000,-0.161,,467000000,,20.83,20.51,,,,,10532000000,4866000000,0.456,,4798000000,,,,,,,,,,,,true,false,9,2024-04-01,2024-12-31,0
2025-02-12,60270,2024-03-31,3,8020000000,,,,,,877000000,,921000000,,,571000000,,25.66,25.08,,,,,,,,,,,,,,,,,,,,,true,false,9,2023-04-01,2023-12-31,-1
2025-02-12,60270,2025-03-31,3,14000000000,0.236,,,,,1310000000,0.060,1320000000,0.003,,950000000,,42.34,,,,,,,,,,,,,,,,,,,,,,true,true,12,2024-04-01,2025-03-31,0
2025-02-12,60270,2024-03-31,3,,,,,,,,,,,,,,,,,,,,10164000000,4157000000,0.403,,4096000000,,,,,,,,,,,,true,false,12,2023-04-01,2024-03-31,-1
2025-02-12,60270,2024-03-31,3,,,,,,,,,,,,,,,,,,,,,,,,,,,,,0.00,,,,22382100,101363,,false,false,12,2023-04-01,2024-03-31,-1
2025-02-12,60270,2025-03-31,3,,,,,,,,,,,,,,,,,,,,,,,,,,,,,0.00,,,,,,,false,false,12,2024-04-01,2025-03-31,0
2025-02-12,60270,2025-03-31,3,,,,,,,,,,,,,,,,,,,,,,,,,,,,,0.00,,,,,,,false,true,12,2024-04-01,2025-03-31,0
2025-02-12,60270,2025-03-31,3,,,,,,,,,,,,,,,,,,,,,,,,,,,,,,,,,22595200,6522,22439931,false,false,9,2024-04-01,2024-12-31,0
2025-02-12,60270,2024-03-31,3,,,,,,,,,,,,,,,,,,,,,,,,,,,,,,,,,,,22263748,false,false,9,2023-04-01,2023-12-31,-1
2025-05-14,60270,2025-03-31,,14072000000,0.243,,,,,1389000000,0.124,1405000000,0.068,,1049000000,,46.69,46.04,0.221,0.131,0.099,,11296000000,5438000000,0.476,238.22,5380000000,1368000000,-625000000,-41000000,4171000000,,,,,,,,true,false,12,2024-04-01,2025-03-31,0
2025-05-14,60270,2024-03-31,,11323000000,,,,,,1236000000,,1315000000,,,837000000,,37.62,36.77,0.231,0.181,0.109,,10164000000,4157000000,0.403,183.87,4096000000,1160000000,-2103000000,2765000000,3469000000,,,,,,,,true,false,12,2023-04-01,2024-03-31,-1
2025-05-14,60270,2026-03-31,,16100000000,0.144,,,,,2000000000,0.439,2000000000,0.423,,1200000000,,53.39,,,,,,,,,,,,,,,,,,,,,,true,true,12,2025-04-01,2026-03-31,1
2025-05-14,60270,2025-03-31,,12485000000,0.183,,,,,1283000000,0.095,1273000000,0.083,975000000,,0.336,43.39,42.79,,,,,9302000000,5161000000,0.549,225.93,5103000000,,,,,0.00,,,,22595200,6522,22476608,false,false,12,2024-04-01,2025-03-31,0
2025-05-14,60270,2024-03-31,,10551000000,0.211,,,,,1172000000,0.075,1175000000,0.065,729000000,,0.017,32.78,32.04,,,,,8323000000,3954000000,0.468,174.74,3893000000,,,,,0.00,,,,22382100,101363,22265906,false,false,12,2023-04-01,2024-03-31,-1
2025-05-14,60270,2026-03-31,,,,,,,,,,,,,,,,,,,,,,,,,,,,,,0.00,,,,,,,false,true,12,2025-04-01,2026-03-31,1
