filing_date,code,fiscal_year_end,quarterly_period,net_sales,net_sales_change,revenue,revenue_change,operating_revenue,operating_revenue_change,operating_profit,operating_profit_change,ordinary_profit,ordinary_profit_change,net_income,net_income_of_parent,net_income_change,eps,diluted_eps,roe,roa,operating_profit_to_net_sales,operating_profit_to_revenue,total_assets,net_assets,equity_ratio,bps,owner_equity,operating_cash_flow,investing_cash_flow,financing_cash_flow,cash,dividend_per_share,payout_ratio,commemorative_dividend,extra_dividend,number_of_shares,number_of_treqsury_shares,avg_number_of_shares,is_consolidated,is_forecast,duration,period_start,period_end,period_pos
2015-05-15,60420,2015-03-31,,10300000000,0.061,,,,,597000000,0.025,720000000,0.191,629000000,,0.191,67.12,,0.110,0.054,0.058,,13807000000,6228000000,0.448,659.86,6184000000,972000000,-1277000000,375000000,1821000000,,0.149,,,,,,true,false,12,2014-04-01,2015-03-31,0
2015-05-15,60420,2014-03-31,,9709000000,0.131,,,,,582000000,-0.115,605000000,-0.192,528000000,,-0.419,56.37,,0.109,0.050,0.060,,12816000000,5334000000,0.407,556.17,5213000000,931000000,-1392000000,-266000000,1886000000,,0.142,,,,,,true,false,12,2013-04-01,2014-03-31,-1
2015-05-15,60420,2016-03-31,,4900000000,-0.023,,,,,370000000,-0.064,350000000,-0.255,,250000000,,26.67,,,,,,,,,,,,,,,,,,,,,,true,true,6,2015-04-01,2015-09-30,1
2015-05-15,60420,2016-03-31,,9800000000,-0.049,,,,,680000000,0.138,640000000,-0.112,,420000000,,44.81,,,,,,,,,,,,,,,,0.223,,,,,,true,true,12,2015-04-01,2016-03-31,1
2015-05-15,60420,2015-03-31,,8754000000,0.082,,,,,657000000,-0.090,796000000,-0.002,611000000,,-0.168,65.25,,,,,,13091000000,5826000000,0.445,621.70,5826000000,,,,,10.00,,,,10000000,627722,9372754,false,false,12,2014-04-01,2015-03-31,0
2015-05-15,60420,2014-03-31,,8089000000,0.106,,,,,722000000,0.155,798000000,0.022,735000000,,-0.184,78.41,,,,,,12222000000,5028000000,0.411,536.43,5028000000,,,,,8.00,,,,10000000,626702,9373906,false,false,12,2013-04-01,2014-03-31,-1
2015-05-15,60420,2016-03-31,,,,,,,,,,,,,,,,,,,,,,,,,,,,,,10.00,,,,,,,false,true,12,2015-04-01,2016-03-31,1
2015-07-31,60420,2016-03-31,1,2014000000,-0.204,,,,,288000000,0.179,343000000,0.443,,192000000,,20.56,,,,,,13887000000,6409000000,0.452,670.02,6279000000,,,,,,,,,,,,true,false,3,2015-04-01,2015-06-30,0
2015-07-31,60420,2015-03-31,1,2532000000,0.108,,,,,244000000,19.395,238000000,2.959,,179000000,,19.12,,,,,,,,,,,,,,,,,,,,,,true,false,3,2014-04-01,2014-06-30,-1
2015-07-31,60420,2016-03-31,1,4900000000,-0.023,,,,,370000000,-0.064,350000000,-0.255,,250000000,,26.67,,,,,,,,,,,,,,,,,,,,,,true,true,6,2015-04-01,2015-09-30,0
2015-07-31,60420,2016-03-31,1,9800000000,-0.049,,,,,680000000,0.138,640000000,-0.112,,420000000,,44.81,,,,,,,,,,,,,,,,,,,,,,true,true,12,2015-04-01,2016-03-31,0
2015-07-31,60420,2015-03-31,1,,,,,,,,,,,,,,,,,,,,13807000000,6228000000,0.448,659.86,6184000000,,,,,,,,,,,,true,false,12,2014-04-01,2015-03-31,-1
2015-07-31,60420,2015-03-31,1,,,,,,,,,,,,,,,,,,,,,,,,,,,,,10.00,,,,10000000,627722,,false,false,12,2014-04-01,2015-03-31,-1
2015-07-31,60420,2016-03-31,1,,,,,,,,,,,,,,,,,,,,,,,,,,,,,10.00,,,,,,,false,true,12,2015-04-01,2016-03-31,0
2015-07-31,60420,2016-03-31,1,,,,,,,,,,,,,,,,,,,,,,,,,,,,,,,,,10000000,627722,9372278,false,false,3,2015-04-01,2015-06-30,0
2015-07-31,60420,2015-03-31,1,,,,,,,,,,,,,,,,,,,,,,,,,,,,,,,,,,,9373298,false,false,3,2014-04-01,2014-06-30,-1
2015-10-28,60420,2016-03-31,,4515000000,-0.078,,,,,495000000,0.340,495000000,0.417,,312000000,,33.30,,,,,,,,,,,,,,,,,,,,,,true,true,6,2015-04-01,2015-09-30,0
2015-10-28,60420,2015-03-31,,5015000000,,,,,,395000000,,469000000,,,327000000,,34.98,,,,,,,,,,,,,,,,,,,,,,true,false,6,2014-04-01,2014-09-30,-1
2015-10-30,60420,2016-03-31,2,4515000000,-0.100,,,,,495000000,0.254,495000000,0.056,,312000000,,33.30,,,,,,13725000000,6476000000,0.462,676.46,6339000000,,,,,,,,,,,,true,false,6,2015-04-01,2015-09-30,0
2015-10-30,60420,2015-03-31,2,5015000000,0.043,,,,,395000000,1.457,469000000,1.661,,327000000,,34.98,,,,,,,,,,,,,,,,,,,,,,true,false,6,2014-04-01,2014-09-30,-1
2015-10-30,60420,2016-03-31,2,9800000000,-0.049,,,,,680000000,0.138,640000000,-0.112,,420000000,,44.81,,,,,,,,,,,,,,,,,,,,,,true,true,12,2015-04-01,2016-03-31,0
2015-10-30,60420,2015-03-31,2,,,,,,,,,,,,,,,,,,,,13807000000,6228000000,0.448,659.86,6184000000,,,,,,,,,,,,true,false,12,2014-04-01,2015-03-31,-1
2015-10-30,60420,2015-03-31,2,,,,,,,,,,,,,,,,,,,,,,,,,,,,,10.00,,,,10000000,627722,,false,false,12,2014-04-01,2015-03-31,-1
2015-10-30,60420,2016-03-31,2,,,,,,,,,,,,,,,,,,,,,,,,,,,,,0.00,,,,,,,false,false,12,2015-04-01,2016-03-31,0
2015-10-30,60420,2016-03-31,2,,,,,,,,,,,,,,,,,,,,,,,,,,,,,10.00,,,,,,,false,true,12,2015-04-01,2016-03-31,0
2015-10-30,60420,2016-03-31,2,,,,,,,,,,,,,,,,,,,,,,,,,,,,,,,,,10000000,627722,9372278,false,false,6,2015-04-01,2015-09-30,0
2015-10-30,60420,2015-03-31,2,,,,,,,,,,,,,,,,,,,,,,,,,,,,,,,,,,,9373216,false,false,6,2014-04-01,2014-09-30,-1
2016-01-27,60420,2016-03-31,,9000000000,-0.082,,,,,780000000,0.147,710000000,0.109,,430000000,,45.88,,,,,,,,,,,,,,,,,,,,,,true,true,12,2015-04-01,2016-03-31,0
2016-01-27,60420,2015-03-31,,10300000000,,,,,,597000000,,720000000,,,629000000,,67.12,,,,,,,,,,,,,,,,,,,,,,true,false,12,2014-04-01,2015-03-31,-1
2016-01-29,60420,2016-03-31,3,6693000000,-0.111,,,,,696000000,0.286,694000000,-0.035,,466000000,,49.76,,,,,,13869000000,6573000000,0.464,687.00,6438000000,,,,,,,,,,,,true,false,9,2015-04-01,2015-12-31,0
2016-01-29,60420,2015-03-31,3,7528000000,0.077,,,,,541000000,0.499,719000000,0.613,,487000000,,52.06,,,,,,,,,,,,,,,,,,,,,,true,false,9,2014-04-01,2014-12-31,-1
2016-01-29,60420,2016-03-31,3,9000000000,-0.126,,,,,780000000,0.305,710000000,-0.015,,430000000,,45.88,,,,,,,,,,,,,,,,,,,,,,true,true,12,2015-04-01,2016-03-31,0
2016-01-29,60420,2015-03-31,3,,,,,,,,,,,,,,,,,,,,13807000000,6228000000,0.448,659.86,6184000000,,,,,,,,,,,,true,false,12,2014-04-01,2015-03-31,-1
2016-01-29,60420,2015-03-31,3,,,,,,,,,,,,,,,,,,,,,,,,,,,,,10.00,,,,10000000,627722,,false,false,12,2014-04-01,2015-03-31,-1
2016-01-29,60420,2016-03-31,3,,,,,,,,,,,,,,,,,,,,,,,,,,,,,0.00,,,,,,,false,false,12,2015-04-01,2016-03-31,0
2016-01-29,60420,2016-03-31,3,,,,,,,,,,,,,,,,,,,,,,,,,,,,,10.00,,,,,,,false,true,12,2015-04-01,2016-03-31,0
2016-01-29,60420,2016-03-31,3,,,,,,,,,,,,,,,,,,,,,,,,,,,,,,,,,10000000,627722,9372278,false,false,9,2015-04-01,2015-12-31,0
2016-01-29,60420,2015-03-31,3,,,,,,,,,,,,,,,,,,,,,,,,,,,,,,,,,,,9372910,false,false,9,2014-04-01,2014-12-31,-1
2016-05-11,60420,2016-03-31,,8936000000,-0.007,,,,,727000000,-0.067,668000000,-0.058,,498000000,,53.20,,,,,,,,,,,,,,,,,,,,,,true,true,12,2015-04-01,2016-03-31,0
2016-05-11,60420,2015-03-31,,10300000000,,,,,,597000000,,720000000,,,629000000,,67.12,,,,,,,,,,,,,,,,,,,,,,true,false,12,2014-04-01,2015-03-31,-1
2016-05-11,60420,2016-03-31,,,,,,,,,,,,,,,,,,,,,,,,,,,,,,13.00,,,,,,,false,true,12,2015-04-01,2016-03-31,0
2016-05-11,60420,2016-03-31,,,,,,,,,,,,,,,,,,,,,,,,,,,,,,0.00,,,,,,,false,false,12,2015-04-01,2016-03-31,0
2016-05-11,60420,2015-03-31,,,,,,,,,,,,,,,,,,,,,,,,,,,,,,10.00,,,,,,,false,false,12,2014-04-01,2015-03-31,-1
2016-05-13,60420,2016-03-31,,8936000000,-0.132,,,,,727000000,0.218,668000000,-0.072,,498000000,,53.20,,0.081,0.050,0.081,,13085000000,6309000000,0.472,659.03,6176000000,1277000000,-609000000,-303000000,2277000000,,0.244,,,,,,true,false,12,2015-04-01,2016-03-31,0
2016-05-13,60420,2015-03-31,,10300000000,0.061,,,,,597000000,0.025,720000000,0.191,,629000000,,67.12,,0.110,0.054,0.058,,13807000000,6228000000,0.448,659.86,6184000000,972000000,-1277000000,375000000,1821000000,,0.149,,,,,,true,false,12,2014-04-01,2015-03-31,-1
2016-05-13,60420,2017-03-31,,4300000000,-0.048,,,,,280000000,-0.435,290000000,-0.415,,200000000,,21.34,,,,,,,,,,,,,,,,,,,,,,true,true,6,2016-04-01,2016-09-30,1
2016-05-13,60420,2017-03-31,,9000000000,0.007,,,,,630000000,-0.134,620000000,-0.073,,410000000,,43.75,,,,,,,,,,,,,,,,0.297,,,,,,true,true,12,2016-04-01,2017-03-31,1
2016-05-13,60420,2016-03-31,,7894000000,-0.098,,,,,364000000,-0.446,333000000,-0.582,283000000,,-0.537,30.20,,,,,,12127000000,5769000000,0.476,615.62,5769000000,,,,,13.00,,,,10000000,627732,9372276,false,false,12,2015-04-01,2016-03-31,0
2016-05-13,60420,2015-03-31,,8754000000,0.082,,,,,657000000,-0.090,796000000,-0.002,611000000,,-0.168,65.25,,,,,,13091000000,5826000000,0.445,621.70,5826000000,,,,,10.00,,,,10000000,627722,9372754,false,false,12,2014-04-01,2015-03-31,-1
2016-05-13,60420,2017-03-31,,,,,,,,,,,,,,,,,,,,,,,,,,,,,,13.00,,,,,,,false,true,12,2016-04-01,2017-03-31,1
2016-07-29,60420,2017-03-31,1,2161000000,0.073,,,,,144000000,-0.499,61000000,-0.822,,52000000,,5.62,,,,,,12641000000,5875000000,0.455,613.51,5749000000,,,,,,,,,,,,true,false,3,2016-04-01,2016-06-30,0
2016-07-29,60420,2016-03-31,1,2014000000,-0.204,,,,,288000000,0.179,343000000,0.443,,192000000,,20.56,,,,,,,,,,,,,,,,,,,,,,true,false,3,2015-04-01,2015-06-30,-1
2016-07-29,60420,2017-03-31,1,4300000000,-0.048,,,,,280000000,-0.435,290000000,-0.415,,200000000,,21.34,,,,,,,,,,,,,,,,,,,,,,true,true,6,2016-04-01,2016-09-30,0
2016-07-29,60420,2017-03-31,1,9000000000,0.007,,,,,630000000,-0.134,620000000,-0.073,,410000000,,43.75,,,,,,,,,,,,,,,,,,,,,,true,true,12,2016-04-01,2017-03-31,0
2016-07-29,60420,2016-03-31,1,,,,,,,,,,,,,,,,,,,,13085000000,6309000000,0.472,659.03,6176000000,,,,,,,,,,,,true,false,12,2015-04-01,2016-03-31,-1
2016-07-29,60420,2016-03-31,1,,,,,,,,,,,,,,,,,,,,,,,,,,,,,13.00,,,,10000000,627732,,false,false,12,2015-04-01,2016-03-31,-1
2016-07-29,60420,2017-03-31,1,,,,,,,,,,,,,,,,,,,,,,,,,,,,,13.00,,,,,,,false,true,12,2016-04-01,2017-03-31,0
2016-07-29,60420,2017-03-31,1,,,,,,,,,,,,,,,,,,,,,,,,,,,,,,,,,10000000,627932,9372168,false,false,3,2016-04-01,2016-06-30,0
2016-07-29,60420,2016-03-31,1,,,,,,,,,,,,,,,,,,,,,,,,,,,,,,,,,,,9372278,false,false,3,2015-04-01,2015-06-30,-1
2016-10-28,60420,2017-03-31,,3992000000,-0.071,,,,,177000000,-0.367,92000000,-0.681,,77000000,,8.23,,,,,,,,,,,,,,,,,,,,,,true,true,6,2016-04-01,2016-09-30,0
2016-10-28,60420,2016-03-31,,4515000000,,,,,,495000000,,495000000,,,312000000,,33.30,,,,,,,,,,,,,,,,,,,,,,true,false,6,2015-04-01,2015-09-30,-1
2016-10-28,60420,2017-03-31,,8000000000,-0.111,,,,,290000000,-0.540,250000000,-0.597,,160000000,,17.07,,,,,,,,,,,,,,,,,,,,,,true,true,12,2016-04-01,2017-03-31,0
2016-10-28,60420,2016-03-31,,8936000000,,,,,,727000000,,668000000,,,498000000,,53.20,,,,,,,,,,,,,,,,,,,,,,true,false,12,2015-04-01,2016-03-31,-1
2016-10-31,60420,2017-03-31,2,3992000000,-0.116,,,,,177000000,-0.642,92000000,-0.813,,77000000,,8.23,,,,,,12378000000,5859000000,0.464,612.76,5742000000,,,,,,,,,,,,true,false,6,2016-04-01,2016-09-30,0
2016-10-31,60420,2016-03-31,2,4515000000,-0.100,,,,,495000000,0.254,495000000,0.056,,312000000,,33.30,,,,,,,,,,,,,,,,,,,,,,true,false,6,2015-04-01,2015-09-30,-1
2016-10-31,60420,2017-03-31,2,8000000000,-0.105,,,,,290000000,-0.601,250000000,-0.626,,160000000,,17.07,,,,,,,,,,,,,,,,,,,,,,true,true,12,2016-04-01,2017-03-31,0
2016-10-31,60420,2016-03-31,2,,,,,,,,,,,,,,,,,,,,13085000000,6309000000,0.472,659.03,6176000000,,,,,,,,,,,,true,false,12,2015-04-01,2016-03-31,-1
2016-10-31,60420,2016-03-31,2,,,,,,,,,,,,,,,,,,,,,,,,,,,,,13.00,,,,10000000,627732,,false,false,12,2015-04-01,2016-03-31,-1
2016-10-31,60420,2017-03-31,2,,,,,,,,,,,,,,,,,,,,,,,,,,,,,0.00,,,,,,,false,false,12,2016-04-01,2017-03-31,0
2016-10-31,60420,2017-03-31,2,,,,,,,,,,,,,,,,,,,,,,,,,,,,,13.00,,,,,,,false,true,12,2016-04-01,2017-03-31,0
2016-10-31,60420,2017-03-31,2,,,,,,,,,,,,,,,,,,,,,,,,,,,,,,,,,10000000,627932,9372118,false,false,6,2016-04-01,2016-09-30,0
2016-10-31,60420,2016-03-31,2,,,,,,,,,,,,,,,,,,,,,,,,,,,,,,,,,,,9372278,false,false,6,2015-04-01,2015-09-30,-1
2017-01-27,60420,2017-03-31,,8050000000,0.006,,,,,420000000,0.448,460000000,0.840,,320000000,,34.14,,,,,,,,,,,,,,,,,,,,,,true,true,12,2016-04-01,2017-03-31,0
2017-01-27,60420,2016-03-31,,8936000000,,,,,,727000000,,668000000,,,498000000,,53.20,,,,,,,,,,,,,,,,,,,,,,true,false,12,2015-04-01,2016-03-31,-1
2017-01-31,60420,2017-03-31,3,5961000000,-0.109,,,,,390000000,-0.439,510000000,-0.264,,394000000,,42.09,,,,,,12796000000,6393000000,0.491,670.24,6281000000,,,,,,,,,,,,true,false,9,2016-04-01,2016-12-31,0
2017-01-31,60420,2016-03-31,3,6693000000,-0.111,,,,,696000000,0.286,694000000,-0.035,,466000000,,49.76,,,,,,,,,,,,,,,,,,,,,,true,false,9,2015-04-01,2015-12-31,-1
2017-01-31,60420,2017-03-31,3,8050000000,-0.099,,,,,420000000,-0.423,460000000,-0.312,,320000000,,34.14,,,,,,,,,,,,,,,,,,,,,,true,true,12,2016-04-01,2017-03-31,0
2017-01-31,60420,2016-03-31,3,,,,,,,,,,,,,,,,,,,,13085000000,6309000000,0.472,659.03,6176000000,,,,,,,,,,,,true,false,12,2015-04-01,2016-03-31,-1
2017-01-31,60420,2016-03-31,3,,,,,,,,,,,,,,,,,,,,,,,,,,,,,13.00,,,,10000000,627732,,false,false,12,2015-04-01,2016-03-31,-1
2017-01-31,60420,2017-03-31,3,,,,,,,,,,,,,,,,,,,,,,,,,,,,,0.00,,,,,,,false,false,12,2016-04-01,2017-03-31,0
2017-01-31,60420,2017-03-31,3,,,,,,,,,,,,,,,,,,,,,,,,,,,,,13.00,,,,,,,false,true,12,2016-04-01,2017-03-31,0
2017-01-31,60420,2017-03-31,3,,,,,,,,,,,,,,,,,,,,,,,,,,,,,,,,,10000000,628032,9372096,false,false,9,2016-04-01,2016-12-31,0
2017-01-31,60420,2016-03-31,3,,,,,,,,,,,,,,,,,,,,,,,,,,,,,,,,,,,9372278,false,false,9,2015-04-01,2015-12-31,-1
2017-05-11,60420,2017-03-31,,8439000000,0.048,,,,,501000000,0.193,584000000,0.271,,492000000,,52.53,,,,,,,,,,,,,,,,,,,,,,true,true,12,2016-04-01,2017-03-31,0
2017-05-11,60420,2016-03-31,,8936000000,,,,,,727000000,,668000000,,,498000000,,53.20,,,,,,,,,,,,,,,,,,,,,,true,false,12,2015-04-01,2016-03-31,-1
2017-05-11,60420,2017-03-31,,,,,,,,,,,,,,,,,,,,,,,,,,,,,,14.00,,,,,,,false,true,12,2016-04-01,2017-03-31,0
2017-05-11,60420,2017-03-31,,,,,,,,,,,,,,,,,,,,,,,,,,,,,,0.00,,,,,,,false,false,12,2016-04-01,2017-03-31,0
2017-05-11,60420,2016-03-31,,,,,,,,,,,,,,,,,,,,,,,,,,,,,,13.00,,,,,,,false,false,12,2015-04-01,2016-03-31,-1
2017-05-15,60420,2017-03-31,,8439000000,-0.056,,,,,501000000,-0.311,584000000,-0.125,,492000000,,52.53,,0.078,0.045,0.059,,12911000000,6624000000,0.504,694.12,6505000000,1057000000,-562000000,-268000000,2525000000,,0.267,,,,,,true,false,12,2016-04-01,2017-03-31,0
2017-05-15,60420,2016-03-31,,8936000000,-0.132,,,,,727000000,0.218,668000000,-0.072,,498000000,,53.20,,0.081,0.050,0.081,,13085000000,6309000000,0.472,659.03,6176000000,1277000000,-609000000,-303000000,2277000000,,0.244,,,,,,true,false,12,2015-04-01,2016-03-31,-1
2017-05-15,60420,2018-03-31,,4200000000,0.052,,,,,270000000,0.523,240000000,1.594,,200000000,,21.34,,,,,,,,,,,,,,,,,,,,,,true,true,6,2017-04-01,2017-09-30,1
2017-05-15,60420,2018-03-31,,8650000000,0.025,,,,,670000000,0.337,630000000,0.077,,500000000,,266.75,,,,,,,,,,,,,,,,0.281,,,,,,true,true,12,2017-04-01,2018-03-31,1
2017-05-15,60420,2017-03-31,,7317000000,-0.073,,,,,377000000,0.037,459000000,0.381,395000000,,0.396,42.17,,,,,,12177000000,6024000000,0.495,642.82,6024000000,,,,,14.00,,,,10000000,628196,9372055,false,false,12,2016-04-01,2017-03-31,0
2017-05-15,60420,2016-03-31,,7894000000,-0.098,,,,,364000000,-0.446,333000000,-0.582,283000000,,-0.537,30.20,,,,,,12127000000,5769000000,0.476,615.62,5769000000,,,,,13.00,,,,10000000,627732,9372276,false,false,12,2015-04-01,2016-03-31,-1
2017-05-15,60420,2018-03-31,,,,,,,,,,,,,,,,,,,,,,,,,,,,,,75.00,,,,,,,false,true,12,2017-04-01,2018-03-31,1
2017-07-31,60420,2018-03-31,1,2290000000,0.060,,,,,221000000,0.530,251000000,3.112,,188000000,,20.11,,,,,,13185000000,6759000000,0.504,709.52,6648000000,,,,,,,,,,,,true,false,3,2017-04-01,2017-06-30,0
2017-07-31,60420,2017-03-31,1,2161000000,0.073,,,,,144000000,-0.499,61000000,-0.822,,52000000,,5.62,,,,,,,,,,,,,,,,,,,,,,true,false,3,2016-04-01,2016-06-30,-1
2017-07-31,60420,2018-03-31,1,4200000000,0.052,,,,,270000000,0.523,240000000,1.594,,200000000,,21.34,,,,,,,,,,,,,,,,,,,,,,true,true,6,2017-04-01,2017-09-30,0
2017-07-31,60420,2018-03-31,1,8650000000,0.025,,,,,670000000,0.337,630000000,0.077,,500000000,,266.75,,,,,,,,,,,,,,,,,,,,,,true,true,12,2017-04-01,2018-03-31,0
2017-07-31,60420,2017-03-31,1,,,,,,,,,,,,,,,,,,,,12911000000,6624000000,0.504,694.12,6505000000,,,,,,,,,,,,true,false,12,2016-04-01,2017-03-31,-1
2017-07-31,60420,2017-03-31,1,,,,,,,,,,,,,,,,,,,,,,,,,,,,,14.00,,,,10000000,628196,,false,false,12,2016-04-01,2017-03-31,-1
2017-07-31,60420,2018-03-31,1,,,,,,,,,,,,,,,,,,,,,,,,,,,,,75.00,,,,,,,false,true,12,2017-04-01,2018-03-31,0
2017-07-31,60420,2018-03-31,1,,,,,,,,,,,,,,,,,,,,,,,,,,,,,,,,,10000000,629158,9371323,false,false,3,2017-04-01,2017-06-30,0
2017-07-31,60420,2017-03-31,1,,,,,,,,,,,,,,,,,,,,,,,,,,,,,,,,,,,9372168,false,false,3,2016-04-01,2016-06-30,-1
2017-10-27,60420,2018-03-31,,4506000000,0.073,,,,,466000000,0.730,511000000,1.132,,385000000,,205.59,,,,,,,,,,,,,,,,,,,,,,true,true,6,2017-04-01,2017-09-30,0
2017-10-27,60420,2017-03-31,,3992000000,,,,,,177000000,,92000000,,,77000000,,41.14,,,,,,,,,,,,,,,,,,,,,,true,false,6,2016-04-01,2016-09-30,-1
2017-10-27,60420,2018-03-31,,8800000000,0.017,,,,,720000000,0.075,740000000,0.175,,520000000,,277.46,,,,,,,,,,,,,,,,,,,,,,true,true,12,2017-04-01,2018-03-31,0
2017-10-27,60420,2017-03-31,,8439000000,,,,,,501000000,,584000000,,,492000000,,262.63,,,,,,,,,,,,,,,,,,,,,,true,false,12,2016-04-01,2017-03-31,-1
2017-10-31,60420,2018-03-31,2,4506000000,0.129,,,,,466000000,1.633,511000000,4.530,,385000000,,205.59,,,,,,13366000000,6912000000,0.509,3630.76,6804000000,,,,,,,,,,,,true,false,6,2017-04-01,2017-09-30,0
2017-10-31,60420,2017-03-31,2,3992000000,-0.116,,,,,177000000,-0.642,92000000,-0.813,,77000000,,41.14,,,,,,,,,,,,,,,,,,,,,,true,false,6,2016-04-01,2016-09-30,-1
2017-10-31,60420,2018-03-31,2,8800000000,0.043,,,,,720000000,0.436,740000000,0.265,,520000000,,277.46,,,,,,,,,,,,,,,,,,,,,,true,true,12,2017-04-01,2018-03-31,0
2017-10-31,60420,2017-03-31,2,,,,,,,,,,,,,,,,,,,,12911000000,6624000000,0.504,3470.59,6505000000,,,,,,,,,,,,true,false,12,2016-04-01,2017-03-31,-1
2017-10-31,60420,2017-03-31,2,,,,,,,,,,,,,,,,,,,,,,,,,,,,,14.00,,,,2000000,125639,,false,false,12,2016-04-01,2017-03-31,-1
2017-10-31,60420,2018-03-31,2,,,,,,,,,,,,,,,,,,,,,,,,,,,,,0.00,,,,,,,false,false,12,2017-04-01,2018-03-31,0
2017-10-31,60420,2018-03-31,2,,,,,,,,,,,,,,,,,,,,,,,,,,,,,75.00,,,,,,,false,true,12,2017-04-01,2018-03-31,0
2017-10-31,60420,2018-03-31,2,,,,,,,,,,,,,,,,,,,,,,,,,,,,,,,,,2000000,125969,1874159,false,false,6,2017-04-01,2017-09-30,0
2017-10-31,60420,2017-03-31,2,,,,,,,,,,,,,,,,,,,,,,,,,,,,,,,,,,,1874424,false,false,6,2016-04-01,2016-09-30,-1
2018-01-31,60420,2018-03-31,3,6981000000,0.171,,,,,764000000,0.958,832000000,0.629,,613000000,,327.57,,,,,,13904000000,7216000000,0.512,3796.12,7113000000,,,,,,,,,,,,true,false,9,2017-04-01,2017-12-31,0
2018-01-31,60420,2017-03-31,3,5961000000,-0.109,,,,,390000000,-0.439,510000000,-0.264,,394000000,,210.47,,,,,,,,,,,,,,,,,,,,,,true,false,9,2016-04-01,2016-12-31,-1
2018-01-31,60420,2018-03-31,3,8800000000,0.043,,,,,720000000,0.436,740000000,0.265,,520000000,,277.46,,,,,,,,,,,,,,,,,,,,,,true,true,12,2017-04-01,2018-03-31,0
2018-01-31,60420,2017-03-31,3,,,,,,,,,,,,,,,,,,,,12911000000,6624000000,0.504,3470.59,6505000000,,,,,,,,,,,,true,false,12,2016-04-01,2017-03-31,-1
2018-01-31,60420,2017-03-31,3,,,,,,,,,,,,,,,,,,,,,,,,,,,,,14.00,,,,2000000,125639,,false,false,12,2016-04-01,2017-03-31,-1
2018-01-31,60420,2018-03-31,3,,,,,,,,,,,,,,,,,,,,,,,,,,,,,0.00,,,,,,,false,false,12,2017-04-01,2018-03-31,0
2018-01-31,60420,2018-03-31,3,,,,,,,,,,,,,,,,,,,,,,,,,,,,,75.00,,,,,,,false,true,12,2017-04-01,2018-03-31,0
2018-01-31,60420,2018-03-31,3,,,,,,,,,,,,,,,,,,,,,,,,,,,,,,,,,2000000,125990,1874110,false,false,9,2017-04-01,2017-12-31,0
2018-01-31,60420,2017-03-31,3,,,,,,,,,,,,,,,,,,,,,,,,,,,,,,,,,,,1874419,false,false,9,2016-04-01,2016-12-31,-1
2018-05-11,60420,2018-03-31,,9185000000,0.044,,,,,895000000,0.244,892000000,0.206,,657000000,,350.69,,,,,,,,,,,,,,,,,,,,,,true,true,12,2017-04-01,2018-03-31,0
2018-05-11,60420,2017-03-31,,8439000000,,,,,,501000000,,584000000,,,492000000,,262.63,,,,,,,,,,,,,,,,,,,,,,true,false,12,2016-04-01,2017-03-31,-1
2018-05-11,60420,2018-03-31,,,,,,,,,,,,,,,,,,,,,,,,,,,,,,80.00,,,,,,,false,true,12,2017-04-01,2018-03-31,0
2018-05-11,60420,2018-03-31,,,,,,,,,,,,,,,,,,,,,,,,,,,,,,0.00,,,,,,,false,false,12,2017-04-01,2018-03-31,0
2018-05-11,60420,2017-03-31,,,,,,,,,,,,,,,,,,,,,,,,,,,,,,70.00,,,,,,,false,false,12,2016-04-01,2017-03-31,-1
2018-05-15,60420,2018-03-31,,9185000000,0.088,,,,,895000000,0.786,892000000,0.526,,657000000,,350.69,,0.097,0.068,0.097,,13319000000,7098000000,0.530,3769.68,7064000000,980000000,-365000000,-192000000,2988000000,,0.228,,,,,,true,false,12,2017-04-01,2018-03-31,0
2018-05-15,60420,2017-03-31,,8439000000,-0.056,,,,,501000000,-0.311,584000000,-0.125,,492000000,,262.63,,0.078,0.045,0.059,,12911000000,6624000000,0.504,3470.59,6505000000,1057000000,-562000000,-268000000,2525000000,,0.267,,,,,,true,false,12,2016-04-01,2017-03-31,-1
2018-05-15,60420,2019-03-31,,4260000000,-0.055,,,,,240000000,-0.486,240000000,-0.531,,175000000,,93.38,,,,,,,,,,,,,,,,,,,,,,true,true,6,2018-04-01,2018-09-30,1
2018-05-15,60420,2019-03-31,,8600000000,-0.064,,,,,590000000,-0.341,580000000,-0.350,,430000000,,229.45,,,,,,,,,,,,,,,,0.349,,,,,,true,true,12,2018-04-01,2019-03-31,1
2018-05-15,60420,2018-03-31,,8000000000,0.093,,,,,854000000,1.264,862000000,0.876,624000000,,0.581,333.48,,,,,,12605000000,6574000000,0.522,3508.45,6574000000,,,,,80.00,,,,2000000,125990,1874085,false,false,12,2017-04-01,2018-03-31,0
2018-05-15,60420,2017-03-31,,7317000000,-0.073,,,,,377000000,0.037,459000000,0.381,395000000,,0.396,210.86,,,,,,12177000000,6024000000,0.495,3214.12,6024000000,,,,,14.00,,,,2000000,125639,1874412,false,false,12,2016-04-01,2017-03-31,-1
2018-05-15,60420,2019-03-31,,,,,,,,,,,,,,,,,,,,,,,,,,,,,,80.00,,,,,,,false,true,12,2018-04-01,2019-03-31,1
2018-07-27,60420,2019-03-31,,4300000000,0.009,,,,,270000000,0.125,320000000,0.333,,250000000,,133.41,,,,,,,,,,,,,,,,,,,,,,true,true,6,2018-04-01,2018-09-30,0
2018-07-27,60420,2018-03-31,,4506000000,,,,,,466000000,,511000000,,,385000000,,205.59,,,,,,,,,,,,,,,,,,,,,,true,false,6,2017-04-01,2017-09-30,-1
2018-07-31,60420,2019-03-31,1,1923000000,-0.160,,,,,162000000,-0.267,278000000,0.106,,206000000,,110.37,,,,,,12895000000,7044000000,0.544,3744.09,7016000000,,,,,,,,,,,,true,false,3,2018-04-01,2018-06-30,0
2018-07-31,60420,2018-03-31,1,2290000000,0.060,,,,,221000000,0.530,251000000,3.112,,188000000,,100.53,,,,,,,,,,,,,,,,,,,,,,true,false,3,2017-04-01,2017-06-30,-1
2018-07-31,60420,2019-03-31,1,4300000000,-0.046,,,,,270000000,-0.422,320000000,-0.375,,250000000,,133.41,,,,,,,,,,,,,,,,,,,,,,true,true,6,2018-04-01,2018-09-30,0
2018-07-31,60420,2019-03-31,1,8600000000,-0.064,,,,,590000000,-0.341,580000000,-0.350,,430000000,,229.45,,,,,,,,,,,,,,,,,,,,,,true,true,12,2018-04-01,2019-03-31,0
2018-07-31,60420,2018-03-31,1,,,,,,,,,,,,,,,,,,,,13193000000,7098000000,0.535,3769.68,7064000000,,,,,,,,,,,,true,false,12,2017-04-01,2018-03-31,-1
2018-07-31,60420,2018-03-31,1,,,,,,,,,,,,,,,,,,,,,,,,,,,,,80.00,,,,2000000,125990,,false,false,12,2017-04-01,2018-03-31,-1
2018-07-31,60420,2019-03-31,1,,,,,,,,,,,,,,,,,,,,,,,,,,,,,80.00,,,,,,,false,true,12,2018-04-01,2019-03-31,0
2018-07-31,60420,2019-03-31,1,,,,,,,,,,,,,,,,,,,,,,,,,,,,,,,,,2000000,126030,1873977,false,false,3,2018-04-01,2018-06-30,0
2018-07-31,60420,2018-03-31,1,,,,,,,,,,,,,,,,,,,,,,,,,,,,,,,,,,,1874265,false,false,3,2017-04-01,2017-06-30,-1
2018-10-29,60420,2019-03-31,,3988000000,-0.072,,,,,344000000,0.278,518000000,0.619,,392000000,,208.86,,,,,,,,,,,,,,,,,,,,,,true,true,6,2018-04-01,2018-09-30,0
2018-10-29,60420,2018-03-31,,4506000000,,,,,,466000000,,511000000,,,385000000,,205.59,,,,,,,,,,,,,,,,,,,,,,true,false,6,2017-04-01,2017-09-30,-1
2018-10-29,60420,2019-03-31,,8000000000,-0.070,,,,,600000000,0.017,700000000,0.207,500000000,,0.163,266.32,,,,,,,,,,,,,,,,,,,,,,true,true,12,2018-04-01,2019-03-31,0
2018-10-29,60420,2018-03-31,,9185000000,,,,,,895000000,,892000000,,657000000,,,350.69,,,,,,,,,,,,,,,,,,,,,,true,false,12,2017-04-01,2018-03-31,-1
2018-10-31,60420,2019-03-31,2,3988000000,-0.115,,,,,344000000,-0.261,518000000,0.012,,392000000,,208.86,,,,,,13391000000,7318000000,0.544,3871.18,7286000000,,,,,,,,,,,,true,false,6,2018-04-01,2018-09-30,0
2018-10-31,60420,2018-03-31,2,4506000000,0.129,,,,,466000000,1.633,511000000,4.530,,385000000,,205.59,,,,,,,,,,,,,,,,,,,,,,true,false,6,2017-04-01,2017-09-30,-1
2018-10-31,60420,2019-03-31,2,8000000000,-0.129,,,,,600000000,-0.330,700000000,-0.216,,500000000,,266.32,,,,,,,,,,,,,,,,,,,,,,true,true,12,2018-04-01,2019-03-31,0
2018-10-31,60420,2018-03-31,2,,,,,,,,,,,,,,,,,,,,13193000000,7098000000,0.535,3769.68,7064000000,,,,,,,,,,,,true,false,12,2017-04-01,2018-03-31,-1
2018-10-31,60420,2018-03-31,2,,,,,,,,,,,,,,,,,,,,,,,,,,,,,80.00,,,,2000000,125990,,false,false,12,2017-04-01,2018-03-31,-1
2018-10-31,60420,2019-03-31,2,,,,,,,,,,,,,,,,,,,,,,,,,,,,,0.00,,,,,,,false,false,12,2018-04-01,2019-03-31,0
2018-10-31,60420,2019-03-31,2,,,,,,,,,,,,,,,,,,,,,,,,,,,,,80.00,,,,,,,false,true,12,2018-04-01,2019-03-31,0
2018-10-31,60420,2019-03-31,2,,,,,,,,,,,,,,,,,,,,,,,,,,,,,,,,,2000000,117630,1877473,false,false,6,2018-04-01,2018-09-30,0
2018-10-31,60420,2018-03-31,2,,,,,,,,,,,,,,,,,,,,,,,,,,,,,,,,,,,1874159,false,false,6,2017-04-01,2017-09-30,-1
2019-01-29,60420,2019-03-31,,8000000000,0.000,,,,,650000000,0.083,750000000,0.071,,550000000,,292.69,,,,,,,,,,,,,,,,,,,,,,true,true,12,2018-04-01,2019-03-31,0
2019-01-29,60420,2018-03-31,,9185000000,,,,,,895000000,,892000000,,,657000000,,350.69,,,,,,,,,,,,,,,,,,,,,,true,false,12,2017-04-01,2018-03-31,-1
2019-01-31,60420,2019-03-31,3,5873000000,-0.159,,,,,496000000,-0.351,661000000,-0.205,,500000000,,266.48,,,,,,13487000000,7329000000,0.541,3877.59,7299000000,,,,,,,,,,,,true,false,9,2018-04-01,2018-12-31,0
2019-01-31,60420,2018-03-31,3,6981000000,0.171,,,,,764000000,0.958,832000000,0.629,,613000000,,327.57,,,,,,,,,,,,,,,,,,,,,,true,false,9,2017-04-01,2017-12-31,-1
2019-01-31,60420,2019-03-31,3,8000000000,-0.129,,,,,650000000,-0.274,750000000,-0.160,,550000000,,292.69,,,,,,,,,,,,,,,,,,,,,,true,true,12,2018-04-01,2019-03-31,0
2019-01-31,60420,2018-03-31,3,,,,,,,,,,,,,,,,,,,,13193000000,7098000000,0.535,3769.68,7064000000,,,,,,,,,,,,true,false,12,2017-04-01,2018-03-31,-1
2019-01-31,60420,2018-03-31,3,,,,,,,,,,,,,,,,,,,,,,,,,,,,,80.00,,,,2000000,125990,,false,false,12,2017-04-01,2018-03-31,-1
2019-01-31,60420,2019-03-31,3,,,,,,,,,,,,,,,,,,,,,,,,,,,,,0.00,,,,,,,false,false,12,2018-04-01,2019-03-31,0
2019-01-31,60420,2019-03-31,3,,,,,,,,,,,,,,,,,,,,,,,,,,,,,80.00,,,,,,,false,true,12,2018-04-01,2019-03-31,0
2019-01-31,60420,2019-03-31,3,,,,,,,,,,,,,,,,,,,,,,,,,,,,,,,,,2000000,117630,1879106,false,false,9,2018-04-01,2018-12-31,0
2019-01-31,60420,2018-03-31,3,,,,,,,,,,,,,,,,,,,,,,,,,,,,,,,,,,,1874110,false,false,9,2017-04-01,2017-12-31,-1
2019-05-13,60420,2019-03-31,,7867000000,-0.017,,,,,782000000,0.203,976000000,0.302,,801000000,,426.61,,,,,,,,,,,,,,,,,,,,,,true,true,12,2018-04-01,2019-03-31,0
2019-05-13,60420,2018-03-31,,9185000000,,,,,,895000000,,892000000,,,657000000,,350.69,,,,,,,,,,,,,,,,,,,,,,true,false,12,2017-04-01,2018-03-31,-1
2019-05-13,60420,2019-03-31,,,,,,,,,,,,,,,,,,,,,,,,,,,,,,85.00,,,,,,,false,true,12,2018-04-01,2019-03-31,0
2019-05-13,60420,2019-03-31,,,,,,,,,,,,,,,,,,,,,,,,,,,,,,0.00,,,,,,,false,false,12,2018-04-01,2019-03-31,0
2019-05-13,60420,2018-03-31,,,,,,,,,,,,,,,,,,,,,,,,,,,,,,80.00,,,,,,,false,false,12,2017-04-01,2018-03-31,-1
2019-05-15,60420,2019-03-31,,7867000000,-0.143,,,,,782000000,-0.127,976000000,0.094,,801000000,,426.61,,0.109,0.073,0.099,,13479000000,7731000000,0.571,4090.69,7700000000,1231000000,-226000000,-196000000,3822000000,,0.199,,,,,,true,false,12,2018-04-01,2019-03-31,0
2019-05-15,60420,2018-03-31,,9185000000,0.088,,,,,895000000,0.786,892000000,0.526,,657000000,,350.69,,0.097,0.068,0.097,,13193000000,7098000000,0.535,3769.68,7064000000,980000000,-365000000,-192000000,2988000000,,0.228,,,,,,true,false,12,2017-04-01,2018-03-31,-1
2019-05-15,60420,2020-03-31,,4300000000,0.078,,,,,270000000,-0.217,290000000,-0.440,,210000000,,111.71,,,,,,,,,,,,,,,,,,,,,,true,true,6,2019-04-01,2019-09-30,1
2019-05-15,60420,2020-03-31,,8800000000,0.119,,,,,590000000,-0.246,610000000,-0.375,,430000000,,228.73,,,,,,,,,,,,,,,,0.372,,,,,,true,true,12,2019-04-01,2020-03-31,1
2019-05-15,60420,2019-03-31,,7214000000,-0.098,,,,,641000000,-0.250,815000000,-0.055,651000000,,0.042,346.51,,,,,,13040000000,7103000000,0.545,3773.66,7103000000,,,,,85.00,,,,2000000,117630,1879922,false,false,12,2018-04-01,2019-03-31,0
2019-05-15,60420,2018-03-31,,8000000000,0.093,,,,,854000000,1.264,862000000,0.876,624000000,,0.581,333.48,,,,,,12528000000,6574000000,0.525,3508.45,6574000000,,,,,80.00,,,,2000000,125990,1874085,false,false,12,2017-04-01,2018-03-31,-1
2019-05-15,60420,2020-03-31,,,,,,,,,,,,,,,,,,,,,,,,,,,,,,85.00,,,,,,,false,true,12,2019-04-01,2020-03-31,1
2019-07-31,60420,2020-03-31,1,2055000000,0.069,,,,,172000000,0.061,169000000,-0.390,,74000000,,39.40,,,,,,13643000000,7543000000,0.550,3986.90,7504000000,,,,,,,,,,,,true,false,3,2019-04-01,2019-06-30,0
2019-07-31,60420,2019-03-31,1,1923000000,-0.160,,,,,162000000,-0.267,278000000,0.106,,206000000,,110.37,,,,,,,,,,,,,,,,,,,,,,true,false,3,2018-04-01,2018-06-30,-1
2019-07-31,60420,2020-03-31,1,4300000000,0.078,,,,,270000000,-0.217,290000000,-0.440,,210000000,,111.71,,,,,,,,,,,,,,,,,,,,,,true,true,6,2019-04-01,2019-09-30,0
2019-07-31,60420,2020-03-31,1,8800000000,0.119,,,,,590000000,-0.246,610000000,-0.375,,430000000,,228.73,,,,,,,,,,,,,,,,,,,,,,true,true,12,2019-04-01,2020-03-31,0
2019-07-31,60420,2019-03-31,1,,,,,,,,,,,,,,,,,,,,13479000000,7731000000,0.571,4090.69,7700000000,,,,,,,,,,,,true,false,12,2018-04-01,2019-03-31,-1
2019-07-31,60420,2019-03-31,1,,,,,,,,,,,,,,,,,,,,,,,,,,,,,85.00,,,,2000000,117630,,false,false,12,2018-04-01,2019-03-31,-1
2019-07-31,60420,2020-03-31,1,,,,,,,,,,,,,,,,,,,,,,,,,,,,,85.00,,,,,,,false,true,12,2019-04-01,2020-03-31,0
2019-07-31,60420,2020-03-31,1,,,,,,,,,,,,,,,,,,,,,,,,,,,,,,,,,2000000,117630,1882370,false,false,3,2019-04-01,2019-06-30,0
2019-07-31,60420,2019-03-31,1,,,,,,,,,,,,,,,,,,,,,,,,,,,,,,,,,,,1873977,false,false,3,2018-04-01,2018-06-30,-1
2019-10-29,60420,2020-03-31,,4126000000,-0.040,,,,,402000000,0.490,429000000,0.480,,270000000,,143.37,,,,,,,,,,,,,,,,,,,,,,true,true,6,2019-04-01,2019-09-30,0
2019-10-29,60420,2019-03-31,,3988000000,,,,,,344000000,,518000000,,,392000000,,208.86,,,,,,,,,,,,,,,,,,,,,,true,false,6,2018-04-01,2018-09-30,-1
2019-10-31,60420,2020-03-31,2,4126000000,0.034,,,,,402000000,0.166,429000000,-0.171,,270000000,,143.37,,,,,,13391000000,7608000000,0.565,3997.67,7566000000,,,,,,,,,,,,true,false,6,2019-04-01,2019-09-30,0
2019-10-31,60420,2019-03-31,2,3988000000,-0.115,,,,,344000000,-0.261,518000000,0.012,,392000000,,208.86,,,,,,,,,,,,,,,,,,,,,,true,false,6,2018-04-01,2018-09-30,-1
2019-10-31,60420,2020-03-31,2,8800000000,0.119,,,,,590000000,-0.246,610000000,-0.375,,430000000,,228.73,,,,,,,,,,,,,,,,,,,,,,true,true,12,2019-04-01,2020-03-31,0
2019-10-31,60420,2019-03-31,2,,,,,,,,,,,,,,,,,,,,13479000000,7731000000,0.571,4090.69,7700000000,,,,,,,,,,,,true,false,12,2018-04-01,2019-03-31,-1
2019-10-31,60420,2019-03-31,2,,,,,,,,,,,,,,,,,,,,,,,,,,,,,85.00,,,,2000000,117630,,false,false,12,2018-04-01,2019-03-31,-1
2019-10-31,60420,2020-03-31,2,,,,,,,,,,,,,,,,,,,,,,,,,,,,,0.00,,,,,,,false,false,12,2019-04-01,2020-03-31,0
2019-10-31,60420,2020-03-31,2,,,,,,,,,,,,,,,,,,,,,,,,,,,,,85.00,,,,,,,false,true,12,2019-04-01,2020-03-31,0
2019-10-31,60420,2020-03-31,2,,,,,,,,,,,,,,,,,,,,,,,,,,,,,,,,,2000000,107336,1886660,false,false,6,2019-04-01,2019-09-30,0
2019-10-31,60420,2019-03-31,2,,,,,,,,,,,,,,,,,,,,,,,,,,,,,,,,,,,1877473,false,false,6,2018-04-01,2018-09-30,-1
2020-01-29,60420,2020-03-31,,7500000000,-0.148,,,,,600000000,0.017,620000000,0.016,,400000000,,211.79,,,,,,,,,,,,,,,,,,,,,,true,true,12,2019-04-01,2020-03-31,0
2020-01-29,60420,2019-03-31,,7867000000,,,,,,782000000,,976000000,,,801000000,,426.61,,,,,,,,,,,,,,,,,,,,,,true,false,12,2018-04-01,2019-03-31,-1
2020-01-31,60420,2020-03-31,3,5751000000,-0.021,,,,,519000000,0.047,588000000,-0.110,,398000000,,210.81,,,,,,13465000000,7765000000,0.574,4082.47,7726000000,,,,,,,,,,,,true,false,9,2019-04-01,2019-12-31,0
2020-01-31,60420,2019-03-31,3,5873000000,-0.159,,,,,496000000,-0.351,661000000,-0.205,,500000000,,266.48,,,,,,,,,,,,,,,,,,,,,,true,false,9,2018-04-01,2018-12-31,-1
2020-01-31,60420,2020-03-31,3,7500000000,-0.047,,,,,600000000,-0.233,620000000,-0.365,,400000000,,211.79,,,,,,,,,,,,,,,,,,,,,,true,true,12,2019-04-01,2020-03-31,0
2020-01-31,60420,2019-03-31,3,,,,,,,,,,,,,,,,,,,,13479000000,7731000000,0.571,4090.69,7700000000,,,,,,,,,,,,true,false,12,2018-04-01,2019-03-31,-1
2020-01-31,60420,2019-03-31,3,,,,,,,,,,,,,,,,,,,,,,,,,,,,,85.00,,,,2000000,117630,,false,false,12,2018-04-01,2019-03-31,-1
2020-01-31,60420,2020-03-31,3,,,,,,,,,,,,,,,,,,,,,,,,,,,,,0.00,,,,,,,false,false,12,2019-04-01,2020-03-31,0
2020-01-31,60420,2020-03-31,3,,,,,,,,,,,,,,,,,,,,,,,,,,,,,85.00,,,,,,,false,true,12,2019-04-01,2020-03-31,0
2020-01-31,60420,2020-03-31,3,,,,,,,,,,,,,,,,,,,,,,,,,,,,,,,,,2000000,107336,1888661,false,false,9,2019-04-01,2019-12-31,0
2020-01-31,60420,2019-03-31,3,,,,,,,,,,,,,,,,,,,,,,,,,,,,,,,,,,,1879106,false,false,9,2018-04-01,2018-12-31,-1
2020-05-29,60420,2020-03-31,,7526000000,-0.043,,,,,639000000,-0.183,718000000,-0.264,,491000000,,260.14,,0.065,0.054,0.085,,13056000000,7530000000,0.574,3959.96,7494000000,909000000,-510000000,-183000000,4046000000,,0.327,,,,,,true,false,12,2019-04-01,2020-03-31,0
2020-05-29,60420,2019-03-31,,7867000000,-0.143,,,,,782000000,-0.127,976000000,0.094,,801000000,,426.61,,0.109,0.073,0.099,,13479000000,7731000000,0.571,4090.69,7700000000,1231000000,-226000000,-196000000,3822000000,,0.199,,,,,,true,false,12,2018-04-01,2019-03-31,-1
2020-05-29,60420,2021-03-31,,3000000000,-0.273,,,,,-320000000,,-80000000,,,-90000000,,-47.63,,,,,,,,,,,,,,,,,,,,,,true,true,6,2020-04-01,2020-09-30,1
2020-05-29,60420,2021-03-31,,6400000000,-0.150,,,,,85000000,-0.867,50000000,-0.930,,10000000,,5.29,,,,,,,,,,,,,,,,9.448,,,,,,true,true,12,2020-04-01,2021-03-31,1
2020-05-29,60420,2020-03-31,,6200000000,-0.141,,,,,443000000,-0.309,516000000,-0.367,377000000,,-0.420,199.86,,,,,,12269000000,6909000000,0.563,3650.90,6909000000,,,,,85.00,,,,2000000,107336,1889662,false,false,12,2019-04-01,2020-03-31,0
2020-05-29,60420,2019-03-31,,7214000000,-0.098,,,,,641000000,-0.250,815000000,-0.055,651000000,,0.042,346.51,,,,,,13040000000,7103000000,0.545,3773.66,7103000000,,,,,85.00,,,,2000000,117630,1879922,false,false,12,2018-04-01,2019-03-31,-1
2020-05-29,60420,2021-03-31,,,,,,,,,,,,,,,,,,,,,,,,,,,,,,50.00,,,,,,,false,true,12,2020-04-01,2021-03-31,1
2020-07-31,60420,2021-03-31,1,1651000000,-0.197,,,,,-24000000,,-7000000,,,-48000000,,-25.55,,,,,,13045000000,7350000000,0.561,3868.00,7320000000,,,,,,,,,,,,true,false,3,2020-04-01,2020-06-30,0
2020-07-31,60420,2020-03-31,1,2055000000,0.069,,,,,172000000,0.061,169000000,-0.390,,74000000,,39.40,,,,,,,,,,,,,,,,,,,,,,true,false,3,2019-04-01,2019-06-30,-1
2020-07-31,60420,2021-03-31,1,3000000000,-0.273,,,,,-320000000,,-80000000,,,-90000000,,-47.63,,,,,,,,,,,,,,,,,,,,,,true,true,6,2020-04-01,2020-09-30,0
2020-07-31,60420,2021-03-31,1,6400000000,-0.150,,,,,85000000,-0.867,50000000,-0.930,,10000000,,5.29,,,,,,,,,,,,,,,,,,,,,,true,true,12,2020-04-01,2021-03-31,0
2020-07-31,60420,2020-03-31,1,,,,,,,,,,,,,,,,,,,,13056000000,7530000000,0.574,3959.96,7494000000,,,,,,,,,,,,true,false,12,2019-04-01,2020-03-31,-1
2020-07-31,60420,2020-03-31,1,,,,,,,,,,,,,,,,,,,,,,,,,,,,,85.00,,,,2000000,107336,,false,false,12,2019-04-01,2020-03-31,-1
2020-07-31,60420,2021-03-31,1,,,,,,,,,,,,,,,,,,,,,,,,,,,,,50.00,,,,,,,false,true,12,2020-04-01,2021-03-31,0
2020-07-31,60420,2021-03-31,1,,,,,,,,,,,,,,,,,,,,,,,,,,,,,,,,,2000000,107336,1892664,false,false,3,2020-04-01,2020-06-30,0
2020-07-31,60420,2020-03-31,1,,,,,,,,,,,,,,,,,,,,,,,,,,,,,,,,,,,1882370,false,false,3,2019-04-01,2019-06-30,-1
2020-10-28,60420,2021-03-31,,2814000000,-0.062,,,,,-144000000,,-140000000,,,-172000000,,-90.94,,,,,,,,,,,,,,,,,,,,,,true,true,6,2020-04-01,2020-09-30,0
2020-10-28,60420,2020-03-31,,4126000000,,,,,,402000000,,429000000,,,270000000,,143.37,,,,,,,,,,,,,,,,,,,,,,true,false,6,2019-04-01,2019-09-30,-1
2020-10-30,60420,2021-03-31,2,2814000000,-0.318,,,,,-144000000,,-140000000,,,-172000000,,-90.94,,,,,,12998000000,7462000000,0.572,3909.73,7438000000,,,,,,,,,,,,true,false,6,2020-04-01,2020-09-30,0
2020-10-30,60420,2020-03-31,2,4126000000,0.034,,,,,402000000,0.166,429000000,-0.171,,270000000,,143.37,,,,,,,,,,,,,,,,,,,,,,true,false,6,2019-04-01,2019-09-30,-1
2020-10-30,60420,2021-03-31,2,6400000000,-0.150,,,,,85000000,-0.867,50000000,-0.930,,10000000,,5.29,,,,,,,,,,,,,,,,,,,,,,true,true,12,2020-04-01,2021-03-31,0
2020-10-30,60420,2020-03-31,2,,,,,,,,,,,,,,,,,,,,13056000000,7530000000,0.574,3959.96,7494000000,,,,,,,,,,,,true,false,12,2019-04-01,2020-03-31,-1
2020-10-30,60420,2020-03-31,2,,,,,,,,,,,,,,,,,,,,,,,,,,,,,85.00,,,,2000000,107336,,false,false,12,2019-04-01,2020-03-31,-1
2020-10-30,60420,2021-03-31,2,,,,,,,,,,,,,,,,,,,,,,,,,,,,,0.00,,,,,,,false,false,12,2020-04-01,2021-03-31,0
2020-10-30,60420,2021-03-31,2,,,,,,,,,,,,,,,,,,,,,,,,,,,,,50.00,,,,,,,false,true,12,2020-04-01,2021-03-31,0
2020-10-30,60420,2021-03-31,2,,,,,,,,,,,,,,,,,,,,,,,,,,,,,,,,,2000000,97336,1896831,false,false,6,2020-04-01,2020-09-30,0
2020-10-30,60420,2020-03-31,2,,,,,,,,,,,,,,,,,,,,,,,,,,,,,,,,,,,1886660,false,false,6,2019-04-01,2019-09-30,-1
2021-01-27,60420,2021-03-31,,6400000000,0.000,,,,,115000000,0.353,70000000,0.400,,-100000000,,-52.67,,,,,,,,,,,,,,,,,,,,,,true,true,12,2020-04-01,2021-03-31,0
2021-01-27,60420,2020-03-31,,7526000000,,,,,,639000000,,718000000,,,491000000,,260.14,,,,,,,,,,,,,,,,,,,,,,true,false,12,2019-04-01,2020-03-31,-1
2021-01-29,60420,2021-03-31,3,4230000000,-0.264,,,,,30000000,-0.942,20000000,-0.965,,-181000000,,-95.46,,,,,,13337000000,7543000000,0.564,3953.40,7521000000,,,,,,,,,,,,true,false,9,2020-04-01,2020-12-31,0
2021-01-29,60420,2020-03-31,3,5751000000,-0.021,,,,,519000000,0.047,588000000,-0.110,,398000000,,210.81,,,,,,,,,,,,,,,,,,,,,,true,false,9,2019-04-01,2019-12-31,-1
2021-01-29,60420,2021-03-31,3,6400000000,-0.150,,,,,115000000,-0.820,70000000,-0.903,,-100000000,,-52.67,,,,,,,,,,,,,,,,,,,,,,true,true,12,2020-04-01,2021-03-31,0
2021-01-29,60420,2020-03-31,3,,,,,,,,,,,,,,,,,,,,13056000000,7530000000,0.574,3959.96,7494000000,,,,,,,,,,,,true,false,12,2019-04-01,2020-03-31,-1
2021-01-29,60420,2020-03-31,3,,,,,,,,,,,,,,,,,,,,,,,,,,,,,85.00,,,,2000000,107336,,false,false,12,2019-04-01,2020-03-31,-1
2021-01-29,60420,2021-03-31,3,,,,,,,,,,,,,,,,,,,,,,,,,,,,,0.00,,,,,,,false,false,12,2020-04-01,2021-03-31,0
2021-01-29,60420,2021-03-31,3,,,,,,,,,,,,,,,,,,,,,,,,,,,,,50.00,,,,,,,false,true,12,2020-04-01,2021-03-31,0
2021-01-29,60420,2021-03-31,3,,,,,,,,,,,,,,,,,,,,,,,,,,,,,,,,,2000000,97336,1898775,false,false,9,2020-04-01,2020-12-31,0
2021-01-29,60420,2020-03-31,3,,,,,,,,,,,,,,,,,,,,,,,,,,,,,,,,,,,1888661,false,false,9,2019-04-01,2019-12-31,-1
2021-05-12,60420,2021-03-31,,5943000000,-0.071,,,,,224000000,0.948,350000000,4.006,,256000000,,135.27,,,,,,,,,,,,,,,,,,,,,,true,true,12,2020-04-01,2021-03-31,0
2021-05-12,60420,2020-03-31,,7526000000,,,,,,639000000,,718000000,,,491000000,,260.14,,,,,,,,,,,,,,,,,,,,,,true,false,12,2019-04-01,2020-03-31,-1
2021-05-12,60420,2021-03-31,,,,,,,,,,,,,,,,,,,,,,,,,,,,,,55.00,,,,,,,false,true,12,2020-04-01,2021-03-31,0
2021-05-12,60420,2021-03-31,,,,,,,,,,,,,,,,,,,,,,,,,,,,,,0.00,,,,,,,false,false,12,2020-04-01,2021-03-31,0
2021-05-12,60420,2020-03-31,,,,,,,,,,,,,,,,,,,,,,,,,,,,,,85.00,,,,,,,false,false,12,2019-04-01,2020-03-31,-1
2021-05-14,60420,2021-03-31,,5895000000,-0.217,,,,,224000000,-0.649,350000000,-0.513,,256000000,,135.27,,0.033,0.027,0.038,,13347000000,8215000000,0.614,4306.15,8193000000,496000000,-650000000,-180000000,3715000000,,0.407,,,,,,true,false,12,2020-04-01,2021-03-31,0
2021-05-14,60420,2020-03-31,,7526000000,-0.043,,,,,639000000,-0.183,718000000,-0.264,,491000000,,260.14,,0.065,0.054,0.085,,13056000000,7530000000,0.574,3959.96,7494000000,909000000,-510000000,-183000000,4046000000,,0.327,,,,,,true,false,12,2019-04-01,2020-03-31,-1
2021-05-14,60420,2022-03-31,,3800000000,0.350,,,,,200000000,,190000000,,,90000000,,47.37,,,,,,,,,,,,,,,,,,,,,,true,true,6,2021-04-01,2021-09-30,1
2021-05-14,60420,2022-03-31,,7500000000,0.272,,,,,300000000,0.339,250000000,-0.287,,120000000,,63.17,,,,,,,,,,,,,,,,0.871,,,,,,true,true,12,2021-04-01,2022-03-31,1
2021-05-14,60420,2021-03-31,,5525000000,-0.109,,,,,117000000,-0.734,247000000,-0.520,185000000,,-0.508,97.77,,,,,,12917000000,7439000000,0.576,3910.01,7439000000,,,,,55.00,,,,2000000,97336,1899747,false,false,12,2020-04-01,2021-03-31,0
2021-05-14,60420,2020-03-31,,6200000000,-0.141,,,,,443000000,-0.309,516000000,-0.367,377000000,,-0.420,199.86,,,,,,12269000000,6909000000,0.563,3650.90,6909000000,,,,,85.00,,,,2000000,107336,1889662,false,false,12,2019-04-01,2020-03-31,-1
2021-05-14,60420,2022-03-31,,,,,,,,,,,,,,,,,,,,,,,,,,,,,,55.00,,,,,,,false,true,12,2021-04-01,2022-03-31,1
2021-07-28,60420,2022-03-31,,3800000000,0.000,,,,,280000000,0.400,300000000,0.579,,150000000,,78.84,,,,,,,,,,,,,,,,,,,,,,true,true,6,2021-04-01,2021-09-30,0
2021-07-28,60420,2021-03-31,,2814000000,,,,,,-144000000,,-140000000,,,-172000000,,-90.94,,,,,,,,,,,,,,,,,,,,,,true,false,6,2020-04-01,2020-09-30,-1
2021-07-28,60420,2022-03-31,,7500000000,0.000,,,,,400000000,0.333,400000000,0.600,,260000000,,136.65,,,,,,,,,,,,,,,,,,,,,,true,true,12,2021-04-01,2022-03-31,0
2021-07-28,60420,2021-03-31,,5895000000,,,,,,224000000,,350000000,,,256000000,,135.27,,,,,,,,,,,,,,,,,,,,,,true,false,12,2020-04-01,2021-03-31,-1
2021-07-30,60420,2022-03-31,1,1889000000,0.144,,,,,277000000,,326000000,,,226000000,,118.92,,,,,,14075000000,8348000000,0.592,4376.08,8326000000,,,,,,,,,,,,true,false,3,2021-04-01,2021-06-30,0
2021-07-30,60420,2021-03-31,1,1651000000,-0.197,,,,,-24000000,,-7000000,,,-48000000,,-25.55,,,,,,,,,,,,,,,,,,,,,,true,false,3,2020-04-01,2020-06-30,-1
2021-07-30,60420,2022-03-31,1,3800000000,0.350,,,,,280000000,,300000000,,,150000000,,78.84,,,,,,,,,,,,,,,,,,,,,,true,true,6,2021-04-01,2021-09-30,0
2021-07-30,60420,2022-03-31,1,7500000000,0.272,,,,,400000000,0.785,400000000,0.141,,260000000,,136.65,,,,,,,,,,,,,,,,,,,,,,true,true,12,2021-04-01,2022-03-31,0
2021-07-30,60420,2021-03-31,1,,,,,,,,,,,,,,,,,,,,13347000000,8215000000,0.614,4306.15,8193000000,,,,,,,,,,,,true,false,12,2020-04-01,2021-03-31,-1
2021-07-30,60420,2021-03-31,1,,,,,,,,,,,,,,,,,,,,,,,,,,,,,55.00,,,,2000000,97336,,false,false,12,2020-04-01,2021-03-31,-1
2021-07-30,60420,2022-03-31,1,,,,,,,,,,,,,,,,,,,,,,,,,,,,,55.00,,,,,,,false,true,12,2021-04-01,2022-03-31,0
2021-07-30,60420,2022-03-31,1,,,,,,,,,,,,,,,,,,,,,,,,,,,,,,,,,2000000,97336,1902664,false,false,3,2021-04-01,2021-06-30,0
2021-07-30,60420,2021-03-31,1,,,,,,,,,,,,,,,,,,,,,,,,,,,,,,,,,,,1892664,false,false,3,2020-04-01,2020-06-30,-1
2021-10-27,60420,2022-03-31,,4030000000,0.061,,,,,563000000,1.012,644000000,1.150,,391000000,,205.22,,,,,,,,,,,,,,,,,,,,,,true,true,6,2021-04-01,2021-09-30,0
2021-10-27,60420,2021-03-31,,2814000000,,,,,,-144000000,,-140000000,,,-172000000,,-90.94,,,,,,,,,,,,,,,,,,,,,,true,false,6,2020-04-01,2020-09-30,-1
2021-10-27,60420,2022-03-31,,8000000000,0.067,,,,,650000000,0.625,750000000,0.875,,450000000,,235.98,,,,,,,,,,,,,,,,,,,,,,true,true,12,2021-04-01,2022-03-31,0
2021-10-27,60420,2021-03-31,,5895000000,,,,,,224000000,,350000000,,,256000000,,135.27,,,,,,,,,,,,,,,,,,,,,,true,false,12,2020-04-01,2021-03-31,-1
2021-10-29,60420,2022-03-31,2,4030000000,0.432,,,,,563000000,,644000000,,,391000000,,205.22,,,,,,16216000000,8496000000,0.523,4429.99,8474000000,,,,,,,,,,,,true,false,6,2021-04-01,2021-09-30,0
2021-10-29,60420,2021-03-31,2,2814000000,-0.318,,,,,-144000000,,-140000000,,,-172000000,,-90.94,,,,,,,,,,,,,,,,,,,,,,true,false,6,2020-04-01,2020-09-30,-1
2021-10-29,60420,2022-03-31,2,8000000000,0.357,,,,,650000000,1.901,750000000,1.140,,450000000,,235.98,,,,,,,,,,,,,,,,,,,,,,true,true,12,2021-04-01,2022-03-31,0
2021-10-29,60420,2021-03-31,2,,,,,,,,,,,,,,,,,,,,13347000000,8215000000,0.614,4306.15,8193000000,,,,,,,,,,,,true,false,12,2020-04-01,2021-03-31,-1
2021-10-29,60420,2021-03-31,2,,,,,,,,,,,,,,,,,,,,,,,,,,,,,55.00,,,,2000000,97336,,false,false,12,2020-04-01,2021-03-31,-1
2021-10-29,60420,2022-03-31,2,,,,,,,,,,,,,,,,,,,,,,,,,,,,,0.00,,,,,,,false,false,12,2021-04-01,2022-03-31,0
2021-10-29,60420,2022-03-31,2,,,,,,,,,,,,,,,,,,,,,,,,,,,,,55.00,,,,,,,false,true,12,2021-04-01,2022-03-31,0
2021-10-29,60420,2022-03-31,2,,,,,,,,,,,,,,,,,,,,,,,,,,,,,,,,,2000000,87036,1906956,false,false,6,2021-04-01,2021-09-30,0
2021-10-29,60420,2021-03-31,2,,,,,,,,,,,,,,,,,,,,,,,,,,,,,,,,,,,1896831,false,false,6,2020-04-01,2020-09-30,-1
2022-01-27,60420,2022-03-31,,8000000000,0.000,,,,,800000000,0.231,920000000,0.227,,560000000,,293.35,,,,,,,,,,,,,,,,,,,,,,true,true,12,2021-04-01,2022-03-31,0
2022-01-27,60420,2021-03-31,,5895000000,,,,,,224000000,,350000000,,,256000000,,135.27,,,,,,,,,,,,,,,,,,,,,,true,false,12,2020-04-01,2021-03-31,-1
2022-01-31,60420,2022-03-31,3,6295000000,0.488,,,,,769000000,24.443,907000000,43.429,,553000000,,289.86,,,,,,15812000000,8722000000,0.550,4548.80,8701000000,,,,,,,,,,,,true,false,9,2021-04-01,2021-12-31,0
2022-01-31,60420,2021-03-31,3,4230000000,-0.264,,,,,30000000,-0.942,20000000,-0.965,,-181000000,,-95.46,,,,,,,,,,,,,,,,,,,,,,true,false,9,2020-04-01,2020-12-31,-1
2022-01-31,60420,2022-03-31,3,8000000000,0.357,,,,,800000000,2.571,920000000,1.625,,560000000,,293.35,,,,,,,,,,,,,,,,,,,,,,true,true,12,2021-04-01,2022-03-31,0
2022-01-31,60420,2021-03-31,3,,,,,,,,,,,,,,,,,,,,13347000000,8215000000,0.614,4306.15,8193000000,,,,,,,,,,,,true,false,12,2020-04-01,2021-03-31,-1
2022-01-31,60420,2021-03-31,3,,,,,,,,,,,,,,,,,,,,,,,,,,,,,55.00,,,,2000000,97336,,false,false,12,2020-04-01,2021-03-31,-1
2022-01-31,60420,2022-03-31,3,,,,,,,,,,,,,,,,,,,,,,,,,,,,,0.00,,,,,,,false,false,12,2021-04-01,2022-03-31,0
2022-01-31,60420,2022-03-31,3,,,,,,,,,,,,,,,,,,,,,,,,,,,,,55.00,,,,,,,false,true,12,2021-04-01,2022-03-31,0
2022-01-31,60420,2022-03-31,3,,,,,,,,,,,,,,,,,,,,,,,,,,,,,,,,,2000000,87036,1908958,false,false,9,2021-04-01,2021-12-31,0
2022-01-31,60420,2021-03-31,3,,,,,,,,,,,,,,,,,,,,,,,,,,,,,,,,,,,1898775,false,false,9,2020-04-01,2020-12-31,-1
2022-05-11,60420,2022-03-31,,8844000000,0.106,,,,,1084000000,0.356,1372000000,0.492,,923000000,,483.51,,,,,,,,,,,,,,,,,,,,,,true,true,12,2021-04-01,2022-03-31,0
2022-05-11,60420,2021-03-31,,5895000000,,,,,,224000000,,350000000,,,256000000,,135.27,,,,,,,,,,,,,,,,,,,,,,true,false,12,2020-04-01,2021-03-31,-1
2022-05-11,60420,2022-03-31,,,,,,,,,,,,,,,,,,,,,,,,,,,,,,70.00,,,,,,,false,true,12,2021-04-01,2022-03-31,0
2022-05-11,60420,2022-03-31,,,,,,,,,,,,,,,,,,,,,,,,,,,,,,0.00,,,,,,,false,false,12,2021-04-01,2022-03-31,0
2022-05-11,60420,2021-03-31,,,,,,,,,,,,,,,,,,,,,,,,,,,,,,55.00,,,,,,,false,false,12,2020-04-01,2021-03-31,-1
2022-05-13,60420,2022-03-31,,8844000000,0.500,,,,,1084000000,3.840,1372000000,2.918,,923000000,,483.51,,0.107,0.088,0.123,,17839000000,9145000000,0.511,4769.65,9124000000,746000000,-2465000000,1318000000,3137000000,,0.145,,,,,,true,false,12,2021-04-01,2022-03-31,0
2022-05-13,60420,2021-03-31,,5895000000,-0.217,,,,,224000000,-0.649,350000000,-0.513,,256000000,,135.27,,0.033,0.027,0.038,,13347000000,8215000000,0.614,4306.15,8193000000,496000000,-650000000,-180000000,3715000000,,0.407,,,,,,true,false,12,2020-04-01,2021-03-31,-1
2022-05-13,60420,2023-03-31,,3800000000,-0.057,,,,,300000000,-0.467,290000000,-0.550,,60000000,,31.41,,,,,,,,,,,,,,,,,,,,,,true,true,6,2022-04-01,2022-09-30,1
2022-05-13,60420,2023-03-31,,8000000000,-0.095,,,,,700000000,-0.355,600000000,-0.563,,300000000,,157.07,,,,,,,,,,,,,,,,0.446,,,,,,true,true,12,2022-04-01,2023-03-31,1
2022-05-13,60420,2022-03-31,,7506000000,0.359,,,,,1149000000,8.756,1430000000,4.774,1011000000,,4.443,529.33,,,,,,17051000000,8267000000,0.485,4321.63,8267000000,,,,,70.00,,,,2000000,87036,1909960,false,false,12,2021-04-01,2022-03-31,0
2022-05-13,60420,2021-03-31,,5525000000,-0.109,,,,,117000000,-0.734,247000000,-0.520,185000000,,-0.508,97.77,,,,,,12917000000,7439000000,0.576,3910.01,7439000000,,,,,55.00,,,,2000000,97336,1899747,false,false,12,2020-04-01,2021-03-31,-1
2022-05-13,60420,2023-03-31,,,,,,,,,,,,,,,,,,,,,,,,,,,,,,70.00,,,,,,,false,true,12,2022-04-01,2023-03-31,1
2022-07-27,60420,2023-03-31,,4000000000,0.053,,,,,400000000,0.333,450000000,0.552,,150000000,,78.41,,,,,,,,,,,,,,,,,,,,,,true,true,6,2022-04-01,2022-09-30,0
2022-07-27,60420,2022-03-31,,4030000000,,,,,,563000000,,644000000,,,391000000,,205.22,,,,,,,,,,,,,,,,,,,,,,true,false,6,2021-04-01,2021-09-30,-1
2022-07-27,60420,2023-03-31,,8200000000,0.025,,,,,750000000,0.071,700000000,0.167,,400000000,,209.10,,,,,,,,,,,,,,,,,,,,,,true,true,12,2022-04-01,2023-03-31,0
2022-07-27,60420,2022-03-31,,8844000000,,,,,,1084000000,,1372000000,,,923000000,,483.51,,,,,,,,,,,,,,,,,,,,,,true,false,12,2021-04-01,2022-03-31,-1
2022-07-29,60420,2023-03-31,1,2011000000,0.065,,,,,326000000,0.176,630000000,0.931,,448000000,,234.67,,,,,,18131000000,9524000000,0.524,4966.96,9501000000,,,,,,,,,,,,true,false,3,2022-04-01,2022-06-30,0
2022-07-29,60420,2022-03-31,1,1889000000,0.144,,,,,277000000,,326000000,,,226000000,,118.92,,,,,,,,,,,,,,,,,,,,,,true,false,3,2021-04-01,2021-06-30,-1
2022-07-29,60420,2023-03-31,1,4000000000,-0.008,,,,,400000000,-0.290,450000000,-0.302,,150000000,,78.41,,,,,,,,,,,,,,,,,,,,,,true,true,6,2022-04-01,2022-09-30,0
2022-07-29,60420,2023-03-31,1,8200000000,-0.073,,,,,750000000,-0.308,700000000,-0.490,,400000000,,209.10,,,,,,,,,,,,,,,,,,,,,,true,true,12,2022-04-01,2023-03-31,0
2022-07-29,60420,2022-03-31,1,,,,,,,,,,,,,,,,,,,,17839000000,9145000000,0.511,4769.65,9124000000,,,,,,,,,,,,true,false,12,2021-04-01,2022-03-31,-1
2022-07-29,60420,2022-03-31,1,,,,,,,,,,,,,,,,,,,,,,,,,,,,,70.00,,,,2000000,87036,,false,false,12,2021-04-01,2022-03-31,-1
2022-07-29,60420,2023-03-31,1,,,,,,,,,,,,,,,,,,,,,,,,,,,,,70.00,,,,,,,false,true,12,2022-04-01,2023-03-31,0
2022-07-29,60420,2023-03-31,1,,,,,,,,,,,,,,,,,,,,,,,,,,,,,,,,,2000000,87036,1912964,false,false,3,2022-04-01,2022-06-30,0
2022-07-29,60420,2022-03-31,1,,,,,,,,,,,,,,,,,,,,,,,,,,,,,,,,,,,1902664,false,false,3,2021-04-01,2021-06-30,-1
2022-10-27,60420,2023-03-31,,4314000000,0.079,,,,,499000000,0.250,953000000,1.118,,351000000,,183.49,,,,,,,,,,,,,,,,,,,,,,true,true,6,2022-04-01,2022-09-30,0
2022-10-27,60420,2022-03-31,,4030000000,,,,,,563000000,,644000000,,,391000000,,205.22,,,,,,,,,,,,,,,,,,,,,,true,false,6,2021-04-01,2021-09-30,-1
2022-10-27,60420,2023-03-31,,8300000000,0.012,,,,,760000000,0.013,1000000000,0.429,,450000000,,234.70,,,,,,,,,,,,,,,,,,,,,,true,true,12,2022-04-01,2023-03-31,0
2022-10-27,60420,2022-03-31,,8844000000,,,,,,1084000000,,1372000000,,,923000000,,483.51,,,,,,,,,,,,,,,,,,,,,,true,false,12,2021-04-01,2022-03-31,-1
2022-10-31,60420,2023-03-31,2,4314000000,0.070,,,,,499000000,-0.113,953000000,0.478,,351000000,,183.49,,,,,,19787000000,9479000000,0.478,4915.32,9454000000,,,,,,,,,,,,true,false,6,2022-04-01,2022-09-30,0
2022-10-31,60420,2022-03-31,2,4030000000,0.432,,,,,563000000,,644000000,,,391000000,,205.22,,,,,,,,,,,,,,,,,,,,,,true,false,6,2021-04-01,2021-09-30,-1
2022-10-31,60420,2023-03-31,2,8300000000,-0.062,,,,,760000000,-0.299,1000000000,-0.272,,450000000,,234.70,,,,,,,,,,,,,,,,,,,,,,true,true,12,2022-04-01,2023-03-31,0
2022-10-31,60420,2022-03-31,2,,,,,,,,,,,,,,,,,,,,17839000000,9145000000,0.511,4769.65,9124000000,,,,,,,,,,,,true,false,12,2021-04-01,2022-03-31,-1
2022-10-31,60420,2022-03-31,2,,,,,,,,,,,,,,,,,,,,,,,,,,,,,70.00,,,,2000000,87036,,false,false,12,2021-04-01,2022-03-31,-1
2022-10-31,60420,2023-03-31,2,,,,,,,,,,,,,,,,,,,,,,,,,,,,,0.00,,,,,,,false,false,12,2022-04-01,2023-03-31,0
2022-10-31,60420,2023-03-31,2,,,,,,,,,,,,,,,,,,,,,,,,,,,,,70.00,,,,,,,false,true,12,2022-04-01,2023-03-31,0
2022-10-31,60420,2023-03-31,2,,,,,,,,,,,,,,,,,,,,,,,,,,,,,,,,,2000000,76436,1917381,false,false,6,2022-04-01,2022-09-30,0
2022-10-31,60420,2022-03-31,2,,,,,,,,,,,,,,,,,,,,,,,,,,,,,,,,,,,1906956,false,false,6,2021-04-01,2021-09-30,-1
2023-01-27,60420,2023-03-31,,8400000000,0.012,,,,,920000000,0.211,1150000000,0.150,,670000000,,349.06,,,,,,,,,,,,,,,,,,,,,,true,true,12,2022-04-01,2023-03-31,0
2023-01-27,60420,2022-03-31,,8844000000,,,,,,1084000000,,1372000000,,,923000000,,483.51,,,,,,,,,,,,,,,,,,,,,,true,false,12,2021-04-01,2022-03-31,-1
2023-01-31,60420,2023-03-31,3,6559000000,0.042,,,,,878000000,0.141,1117000000,0.231,,654000000,,341.24,,,,,,20718000000,9780000000,0.471,5072.11,9756000000,,,,,,,,,,,,true,false,9,2022-04-01,2022-12-31,0
2023-01-31,60420,2022-03-31,3,6295000000,0.488,,,,,769000000,24.443,907000000,43.429,,553000000,,289.86,,,,,,,,,,,,,,,,,,,,,,true,false,9,2021-04-01,2021-12-31,-1
2023-01-31,60420,2023-03-31,3,8400000000,-0.050,,,,,920000000,-0.152,1150000000,-0.162,,670000000,,349.06,,,,,,,,,,,,,,,,,,,,,,true,true,12,2022-04-01,2023-03-31,0
2023-01-31,60420,2022-03-31,3,,,,,,,,,,,,,,,,,,,,17839000000,9145000000,0.511,4769.65,9124000000,,,,,,,,,,,,true,false,12,2021-04-01,2022-03-31,-1
2023-01-31,60420,2022-03-31,3,,,,,,,,,,,,,,,,,,,,,,,,,,,,,70.00,,,,2000000,87036,,false,false,12,2021-04-01,2022-03-31,-1
2023-01-31,60420,2023-03-31,3,,,,,,,,,,,,,,,,,,,,,,,,,,,,,0.00,,,,,,,false,false,12,2022-04-01,2023-03-31,0
2023-01-31,60420,2023-03-31,3,,,,,,,,,,,,,,,,,,,,,,,,,,,,,70.00,,,,,,,false,true,12,2022-04-01,2023-03-31,0
2023-01-31,60420,2023-03-31,3,,,,,,,,,,,,,,,,,,,,,,,,,,,,,,,,,2000000,76436,1919442,false,false,9,2022-04-01,2022-12-31,0
2023-01-31,60420,2022-03-31,3,,,,,,,,,,,,,,,,,,,,,,,,,,,,,,,,,,,1908958,false,false,9,2021-04-01,2021-12-31,-1
2023-05-11,60420,2023-03-31,,8802000000,0.048,,,,,1169000000,0.271,1405000000,0.222,,878000000,,459.69,,,,,,,,,,,,,,,,,,,,,,true,true,12,2022-04-01,2023-03-31,0
2023-05-11,60420,2022-03-31,,8844000000,,,,,,1084000000,,1372000000,,,923000000,,483.51,,,,,,,,,,,,,,,,,,,,,,true,false,12,2021-04-01,2022-03-31,-1
2023-05-11,60420,2023-03-31,,,,,,,,,,,,,,,,,,,,,,,,,,,,,,80.00,,,,,,,false,true,12,2022-04-01,2023-03-31,0
2023-05-11,60420,2023-03-31,,,,,,,,,,,,,,,,,,,,,,,,,,,,,,0.00,,,,,,,false,false,12,2022-04-01,2023-03-31,0
2023-05-11,60420,2022-03-31,,,,,,,,,,,,,,,,,,,,,,,,,,,,,,70.00,,,,,,,false,false,12,2021-04-01,2022-03-31,-1
2023-05-15,60420,2023-03-31,,8802000000,-0.005,,,,,1169000000,0.078,1405000000,0.024,,878000000,,459.69,,0.093,0.074,0.133,,20276000000,9829000000,0.484,5318.94,9805000000,1076000000,-2943000000,3188000000,4575000000,,0.174,,,,,,true,false,12,2022-04-01,2023-03-31,0
2023-05-15,60420,2022-03-31,,8844000000,0.500,,,,,1084000000,3.840,1372000000,2.918,,923000000,,483.51,,0.107,0.088,0.123,,17839000000,9145000000,0.511,4769.65,9124000000,677000000,-2465000000,1318000000,3137000000,,0.145,,,,,,true,false,12,2021-04-01,2022-03-31,-1
2023-05-15,60420,2024-03-31,,4000000000,-0.073,,,,,400000000,-0.200,400000000,-0.580,,300000000,,157.03,,,,,,,,,,,,,,,,,,,,,,true,true,6,2023-04-01,2023-09-30,1
2023-05-15,60420,2024-03-31,,8100000000,-0.080,,,,,800000000,-0.316,800000000,-0.431,,500000000,,261.72,,,,,,,,,,,,,,,,0.306,,,,,,true,true,12,2023-04-01,2024-03-31,1
2023-05-15,60420,2023-03-31,,7442000000,-0.009,,,,,861000000,-0.251,1097000000,-0.233,347000000,,-0.657,181.71,,,,,,18663000000,8333000000,0.447,4520.37,8333000000,,,,,80.00,,,,2000000,156436,1910472,false,false,12,2022-04-01,2023-03-31,0
2023-05-15,60420,2022-03-31,,7506000000,0.359,,,,,1149000000,8.756,1430000000,4.774,1011000000,,4.443,529.33,,,,,,17051000000,8267000000,0.485,4321.63,8267000000,,,,,70.00,,,,2000000,87036,1909960,false,false,12,2021-04-01,2022-03-31,-1
2023-05-15,60420,2024-03-31,,,,,,,,,,,,,,,,,,,,,,,,,,,,,,80.00,,,,,,,false,true,12,2023-04-01,2024-03-31,1
2023-07-27,60420,2024-03-31,,4200000000,0.050,,,,,550000000,0.375,650000000,0.625,,450000000,,244.09,,,,,,,,,,,,,,,,,,,,,,true,true,6,2023-04-01,2023-09-30,0
2023-07-27,60420,2023-03-31,,4314000000,,,,,,499000000,,953000000,,,351000000,,183.49,,,,,,,,,,,,,,,,,,,,,,true,false,6,2022-04-01,2022-09-30,-1
2023-07-27,60420,2024-03-31,,8200000000,0.012,,,,,900000000,0.125,950000000,0.188,,600000000,,325.46,,,,,,,,,,,,,,,,,,,,,,true,true,12,2023-04-01,2024-03-31,0
2023-07-27,60420,2023-03-31,,8802000000,,,,,,1169000000,,1405000000,,,878000000,,459.69,,,,,,,,,,,,,,,,,,,,,,true,false,12,2022-04-01,2023-03-31,-1
2023-07-31,60420,2024-03-31,1,2487000000,0.237,,,,,455000000,0.398,630000000,0.001,,438000000,,237.91,,,,,,21151000000,10345000000,0.488,5598.03,10320000000,,,,,,,,,,,,true,false,3,2023-04-01,2023-06-30,0
2023-07-31,60420,2023-03-31,1,2011000000,0.065,,,,,326000000,0.176,630000000,0.931,,448000000,,234.67,,,,,,,,,,,,,,,,,,,,,,true,false,3,2022-04-01,2022-06-30,-1
2023-07-31,60420,2024-03-31,1,4200000000,-0.027,,,,,550000000,0.100,650000000,-0.318,,450000000,,244.09,,,,,,,,,,,,,,,,,,,,,,true,true,6,2023-04-01,2023-09-30,0
2023-07-31,60420,2024-03-31,1,8200000000,-0.068,,,,,900000000,-0.230,950000000,-0.324,,600000000,,325.46,,,,,,,,,,,,,,,,,,,,,,true,true,12,2023-04-01,2024-03-31,0
2023-07-31,60420,2023-03-31,1,,,,,,,,,,,,,,,,,,,,20276000000,9829000000,0.484,5318.94,9805000000,,,,,,,,,,,,true,false,12,2022-04-01,2023-03-31,-1
2023-07-31,60420,2023-03-31,1,,,,,,,,,,,,,,,,,,,,,,,,,,,,,80.00,,,,2000000,156436,,false,false,12,2022-04-01,2023-03-31,-1
2023-07-31,60420,2024-03-31,1,,,,,,,,,,,,,,,,,,,,,,,,,,,,,80.00,,,,,,,false,true,12,2023-04-01,2024-03-31,0
2023-07-31,60420,2024-03-31,1,,,,,,,,,,,,,,,,,,,,,,,,,,,,,,,,,2000000,156436,1843564,false,false,3,2023-04-01,2023-06-30,0
2023-07-31,60420,2023-03-31,1,,,,,,,,,,,,,,,,,,,,,,,,,,,,,,,,,,,1912964,false,false,3,2022-04-01,2022-06-30,-1
2023-10-27,60420,2024-03-31,,4916000000,0.171,,,,,760000000,0.384,993000000,0.528,,693000000,,375.19,,,,,,,,,,,,,,,,,,,,,,true,true,6,2023-04-01,2023-09-30,0
2023-10-27,60420,2023-03-31,,4314000000,,,,,,499000000,,953000000,,,351000000,,183.49,,,,,,,,,,,,,,,,,,,,,,true,false,6,2022-04-01,2022-09-30,-1
2023-10-27,60420,2024-03-31,,8000000000,-0.024,,,,,750000000,-0.167,850000000,-0.105,,1500000000,,811.90,,,,,,,,,,,,,,,,,,,,,,true,true,12,2023-04-01,2024-03-31,0
2023-10-27,60420,2023-03-31,,8802000000,,,,,,1169000000,,1405000000,,,878000000,,459.69,,,,,,,,,,,,,,,,,,,,,,true,false,12,2022-04-01,2023-03-31,-1
2023-10-31,60420,2024-03-31,2,4916000000,0.140,,,,,760000000,0.522,993000000,0.042,,693000000,,375.19,,,,,,21520000000,10790000000,0.500,5808.79,10764000000,,,,,,,,,,,,true,false,6,2023-04-01,2023-09-30,0
2023-10-31,60420,2023-03-31,2,4314000000,0.070,,,,,499000000,-0.113,953000000,0.478,,351000000,,183.49,,,,,,,,,,,,,,,,,,,,,,true,false,6,2022-04-01,2022-09-30,-1
2023-10-31,60420,2024-03-31,2,8000000000,-0.091,,,,,750000000,-0.358,850000000,-0.395,,1500000000,,811.90,,,,,,,,,,,,,,,,,,,,,,true,true,12,2023-04-01,2024-03-31,0
2023-10-31,60420,2023-03-31,2,,,,,,,,,,,,,,,,,,,,20276000000,9829000000,0.484,5318.94,9805000000,,,,,,,,,,,,true,false,12,2022-04-01,2023-03-31,-1
2023-10-31,60420,2023-03-31,2,,,,,,,,,,,,,,,,,,,,,,,,,,,,,80.00,,,,2000000,156436,,false,false,12,2022-04-01,2023-03-31,-1
2023-10-31,60420,2024-03-31,2,,,,,,,,,,,,,,,,,,,,,,,,,,,,,0.00,,,,,,,false,false,12,2023-04-01,2024-03-31,0
2023-10-31,60420,2024-03-31,2,,,,,,,,,,,,,,,,,,,,,,,,,,,,,80.00,,,,,,,false,true,12,2023-04-01,2024-03-31,0
2023-10-31,60420,2024-03-31,2,,,,,,,,,,,,,,,,,,,,,,,,,,,,,,,,,2000000,146936,1847522,false,false,6,2023-04-01,2023-09-30,0
2023-10-31,60420,2023-03-31,2,,,,,,,,,,,,,,,,,,,,,,,,,,,,,,,,,,,1917381,false,false,6,2022-04-01,2022-09-30,-1
2024-01-29,60420,2024-03-31,,8200000000,0.025,,,,,850000000,0.133,1000000000,0.176,,1650000000,,892.20,,,,,,,,,,,,,,,,,,,,,,true,true,12,2023-04-01,2024-03-31,0
2024-01-29,60420,2023-03-31,,8802000000,,,,,,1169000000,,1405000000,,,878000000,,459.69,,,,,,,,,,,,,,,,,,,,,,true,false,12,2022-04-01,2023-03-31,-1
2024-01-31,60420,2024-03-31,3,7208000000,0.099,,,,,1104000000,0.258,1430000000,0.280,,1142000000,,617.95,,,,,,20980000000,11185000000,0.532,6022.04,11159000000,,,,,,,,,,,,true,false,9,2023-04-01,2023-12-31,0
2024-01-31,60420,2023-03-31,3,6559000000,0.042,,,,,878000000,0.141,1117000000,0.231,,654000000,,341.24,,,,,,,,,,,,,,,,,,,,,,true,false,9,2022-04-01,2022-12-31,-1
2024-01-31,60420,2024-03-31,3,8200000000,-0.069,,,,,850000000,-0.273,1000000000,-0.289,,1650000000,,892.20,,,,,,,,,,,,,,,,,,,,,,true,true,12,2023-04-01,2024-03-31,0
2024-01-31,60420,2023-03-31,3,,,,,,,,,,,,,,,,,,,,20276000000,9829000000,0.484,5318.94,9805000000,,,,,,,,,,,,true,false,12,2022-04-01,2023-03-31,-1
2024-01-31,60420,2023-03-31,3,,,,,,,,,,,,,,,,,,,,,,,,,,,,,80.00,,,,2000000,156436,,false,false,12,2022-04-01,2023-03-31,-1
2024-01-31,60420,2024-03-31,3,,,,,,,,,,,,,,,,,,,,,,,,,,,,,0.00,,,,,,,false,false,12,2023-04-01,2024-03-31,0
2024-01-31,60420,2024-03-31,3,,,,,,,,,,,,,,,,,,,,,,,,,,,,,80.00,,,,,,,false,true,12,2023-04-01,2024-03-31,0
2024-01-31,60420,2024-03-31,3,,,,,,,,,,,,,,,,,,,,,,,,,,,,,,,,,2000000,146936,1849370,false,false,9,2023-04-01,2023-12-31,0
2024-01-31,60420,2023-03-31,3,,,,,,,,,,,,,,,,,,,,,,,,,,,,,,,,,,,1919442,false,false,9,2022-04-01,2022-12-31,-1
2024-05-13,60420,2024-03-31,,9355000000,0.141,,,,,904000000,0.064,1278000000,0.278,,2192000000,,1184.68,,,,,,,,,,,,,,,,,,,,,,true,true,12,2023-04-01,2024-03-31,0
2024-05-13,60420,2023-03-31,,8802000000,,,,,,1169000000,,1405000000,,,878000000,,459.69,,,,,,,,,,,,,,,,,,,,,,true,false,12,2022-04-01,2023-03-31,-1
2024-05-13,60420,2024-03-31,,,,,,,,,,,,,,,,,,,,,,,,,,,,,,110.00,,,,,,,false,true,12,2023-04-01,2024-03-31,0
2024-05-13,60420,2024-03-31,,,,,,,,,,,,,,,,,,,,,,,,,,,,,,0.00,,,,,,,false,false,12,2023-04-01,2024-03-31,0
2024-05-13,60420,2023-03-31,,,,,,,,,,,,,,,,,,,,,,,,,,,,,,80.00,,,,,,,false,false,12,2022-04-01,2023-03-31,-1
2024-05-15,60420,2024-03-31,,9355000000,0.063,,,,,904000000,-0.227,1278000000,-0.091,,2192000000,,1184.68,,0.198,0.059,0.097,,23064000000,12395000000,0.536,6674.92,12369000000,1918000000,-2452000000,-367000000,3831000000,,0.093,,,,,,true,false,12,2023-04-01,2024-03-31,0
2024-05-15,60420,2023-03-31,,8802000000,-0.005,,,,,1169000000,0.078,1405000000,0.024,,878000000,,459.69,,0.093,0.074,0.133,,20276000000,9829000000,0.484,5318.94,9805000000,801000000,-2669000000,3188000000,4575000000,,0.174,,,,,,true,false,12,2022-04-01,2023-03-31,-1
2024-05-15,60420,2025-03-31,,4100000000,-0.166,,,,,300000000,-0.606,300000000,-0.698,,150000000,,81.07,,,,,,,,,,,,,,,,,,,,,,true,true,6,2024-04-01,2024-09-30,1
2024-05-15,60420,2025-03-31,,8500000000,-0.091,,,,,650000000,-0.281,630000000,-0.507,,350000000,,189.16,,,,,,,,,,,,,,,,0.582,,,,,,true,true,12,2024-04-01,2025-03-31,1
2024-05-15,60420,2024-03-31,,6633000000,-0.109,,,,,474000000,-0.449,701000000,-0.361,1771000000,,4.103,957.44,,,,,,20272000000,10140000000,0.500,5472.40,10140000000,,,,,110.00,,,,2000000,146936,1850293,false,false,12,2023-04-01,2024-03-31,0
2024-05-15,60420,2023-03-31,,7442000000,-0.009,,,,,861000000,-0.251,1097000000,-0.233,347000000,,-0.657,181.71,,,,,,18663000000,8333000000,0.447,4520.37,8333000000,,,,,80.00,,,,2000000,156436,1910472,false,false,12,2022-04-01,2023-03-31,-1
2024-05-15,60420,2025-03-31,,,,,,,,,,,,,,,,,,,,,,,,,,,,,,110.00,,,,,,,false,true,12,2024-04-01,2025-03-31,1
2024-07-31,60420,2025-03-31,1,2619000000,0.053,,,,,308000000,-0.322,216000000,-0.656,,99000000,,53.66,,,,,,23202000000,12599000000,0.542,6784.88,12572000000,,,,,,,,,,,,true,false,3,2024-04-01,2024-06-30,0
2024-07-31,60420,2024-03-31,1,2487000000,0.237,,,,,455000000,0.398,630000000,0.001,,438000000,,237.91,,,,,,,,,,,,,,,,,,,,,,true,false,3,2023-04-01,2023-06-30,-1
2024-07-31,60420,2025-03-31,1,4100000000,-0.166,,,,,300000000,-0.606,300000000,-0.698,,150000000,,81.07,,,,,,,,,,,,,,,,,,,,,,true,true,6,2024-04-01,2024-09-30,0
2024-07-31,60420,2025-03-31,1,8500000000,-0.091,,,,,650000000,-0.281,630000000,-0.507,,350000000,,189.16,,,,,,,,,,,,,,,,,,,,,,true,true,12,2024-04-01,2025-03-31,0
2024-07-31,60420,2024-03-31,1,,,,,,,,,,,,,,,,,,,,23064000000,12395000000,0.536,6674.92,12369000000,,,,,,,,,,,,true,false,12,2023-04-01,2024-03-31,-1
2024-07-31,60420,2024-03-31,1,,,,,,,,,,,,,,,,,,,,,,,,,,,,,110.00,,,,2000000,146936,,false,false,12,2023-04-01,2024-03-31,-1
2024-07-31,60420,2025-03-31,1,,,,,,,,,,,,,,,,,,,,,,,,,,,,,110.00,,,,,,,false,true,12,2024-04-01,2025-03-31,0
2024-07-31,60420,2025-03-31,1,,,,,,,,,,,,,,,,,,,,,,,,,,,,,,,,,2000000,146936,1853064,false,false,3,2024-04-01,2024-06-30,0
2024-07-31,60420,2024-03-31,1,,,,,,,,,,,,,,,,,,,,,,,,,,,,,,,,,,,1843564,false,false,3,2023-04-01,2023-06-30,-1
2024-10-29,60420,2025-03-31,,4842000000,0.181,,,,,666000000,1.222,694000000,1.316,,534000000,,287.95,,,,,,,,,,,,,,,,,,,,,,true,true,6,2024-04-01,2024-09-30,0
2024-10-29,60420,2024-03-31,,4916000000,,,,,,760000000,,993000000,,,693000000,,375.19,,,,,,,,,,,,,,,,,,,,,,true,false,6,2023-04-01,2023-09-30,-1
2024-10-29,60420,2025-03-31,,8400000000,-0.012,,,,,680000000,0.046,670000000,0.063,,500000000,,269.36,,,,,,,,,,,,,,,,,,,,,,true,true,12,2024-04-01,2025-03-31,0
2024-10-29,60420,2024-03-31,,9355000000,,,,,,904000000,,1278000000,,,2192000000,,1184.68,,,,,,,,,,,,,,,,,,,,,,true,false,12,2023-04-01,2024-03-31,-1
2024-10-31,60420,2025-03-31,2,4842000000,-0.015,,,,,666000000,-0.124,694000000,-0.301,,534000000,,287.95,,,,,,23632000000,12892000000,0.544,6913.95,12864000000,,,,,,,,,,,,true,false,6,2024-04-01,2024-09-30,0
2024-10-31,60420,2024-03-31,2,4916000000,0.140,,,,,760000000,0.522,993000000,0.042,,693000000,,375.19,,,,,,,,,,,,,,,,,,,,,,true,false,6,2023-04-01,2023-09-30,-1
2024-10-31,60420,2025-03-31,2,8400000000,-0.102,,,,,680000000,-0.248,670000000,-0.476,,500000000,,269.36,,,,,,,,,,,,,,,,,,,,,,true,true,12,2024-04-01,2025-03-31,0
2024-10-31,60420,2024-03-31,2,,,,,,,,,,,,,,,,,,,,23064000000,12395000000,0.536,6674.92,12369000000,,,,,,,,,,,,true,false,12,2023-04-01,2024-03-31,-1
2024-10-31,60420,2024-03-31,2,,,,,,,,,,,,,,,,,,,,,,,,,,,,,110.00,,,,2000000,146936,,false,false,12,2023-04-01,2024-03-31,-1
2024-10-31,60420,2025-03-31,2,,,,,,,,,,,,,,,,,,,,,,,,,,,,,0.00,,,,,,,false,false,12,2024-04-01,2025-03-31,0
2024-10-31,60420,2025-03-31,2,,,,,,,,,,,,,,,,,,,,,,,,,,,,,110.00,,,,,,,false,true,12,2024-04-01,2025-03-31,0
2024-10-31,60420,2025-03-31,2,,,,,,,,,,,,,,,,,,,,,,,,,,,,,,,,,2000000,139336,1856231,false,false,6,2024-04-01,2024-09-30,0
2024-10-31,60420,2024-03-31,2,,,,,,,,,,,,,,,,,,,,,,,,,,,,,,,,,,,1847522,false,false,6,2023-04-01,2023-09-30,-1
2025-01-31,60420,2025-03-31,3,6361000000,-0.118,,,,,631000000,-0.418,726000000,-0.485,,504000000,,271.82,,,,,,23450000000,12814000000,0.545,6871.55,12785000000,,,,,,,,,,,,true,false,9,2024-04-01,2024-12-31,0
2025-01-31,60420,2024-03-31,3,7208000000,0.099,,,,,1085000000,0.236,1411000000,0.263,,1123000000,,607.35,,,,,,,,,,,,,,,,,,,,,,true,false,9,2023-04-01,2023-12-31,-1
2025-01-31,60420,2025-03-31,3,8400000000,-0.102,,,,,680000000,-0.248,670000000,-0.476,,500000000,,269.36,,,,,,,,,,,,,,,,,,,,,,true,true,12,2024-04-01,2025-03-31,0
2025-01-31,60420,2024-03-31,3,,,,,,,,,,,,,,,,,,,,23064000000,12395000000,0.536,6674.92,12369000000,,,,,,,,,,,,true,false,12,2023-04-01,2024-03-31,-1
2025-01-31,60420,2024-03-31,3,,,,,,,,,,,,,,,,,,,,,,,,,,,,,110.00,,,,2000000,146936,,false,false,12,2023-04-01,2024-03-31,-1
2025-01-31,60420,2025-03-31,3,,,,,,,,,,,,,,,,,,,,,,,,,,,,,0.00,,,,,,,false,false,12,2024-04-01,2025-03-31,0
2025-01-31,60420,2025-03-31,3,,,,,,,,,,,,,,,,,,,,,,,,,,,,,110.00,,,,,,,false,true,12,2024-04-01,2025-03-31,0
2025-01-31,60420,2025-03-31,3,,,,,,,,,,,,,,,,,,,,,,,,,,,,,,,,,2000000,139336,1857708,false,false,9,2024-04-01,2024-12-31,0
2025-01-31,60420,2024-03-31,3,,,,,,,,,,,,,,,,,,,,,,,,,,,,,,,,,,,1849370,false,false,9,2023-04-01,2023-12-31,-1
2025-05-13,60420,2025-03-31,,8360000000,-0.005,,,,,885000000,0.302,649000000,-0.031,,630000000,,339.29,,,,,,,,,,,,,,,,,,,,,,true,true,12,2024-04-01,2025-03-31,0
2025-05-13,60420,2024-03-31,,9355000000,,,,,,904000000,,1278000000,,,2192000000,,1184.68,,,,,,,,,,,,,,,,,,,,,,true,false,12,2023-04-01,2024-03-31,-1
2025-05-15,60420,2025-03-31,,8360000000,-0.106,,,,,885000000,-0.021,649000000,-0.492,,630000000,,339.29,,0.050,0.028,0.106,,23367000000,13063000000,0.558,7004.66,13033000000,-441000000,-295000000,539000000,3692000000,,0.324,,,,,,true,false,12,2024-04-01,2025-03-31,0
2025-05-15,60420,2024-03-31,,9355000000,0.063,,,,,904000000,-0.227,1278000000,-0.091,,2192000000,,1184.68,,0.198,0.059,0.097,,23064000000,12395000000,0.536,6674.92,12369000000,1918000000,-2452000000,-367000000,3831000000,,0.093,,,,,,true,false,12,2023-04-01,2024-03-31,-1
2025-05-15,60420,2026-03-31,,3900000000,-0.195,,,,,200000000,-0.700,220000000,-0.683,,150000000,,80.71,,,,,,,,,,,,,,,,,,,,,,true,true,6,2025-04-01,2025-09-30,1
2025-05-15,60420,2026-03-31,,7800000000,-0.067,,,,,400000000,-0.548,420000000,-0.353,,300000000,,161.43,,,,,,,,,,,,,,,,0.681,,,,,,true,true,12,2025-04-01,2026-03-31,1
2025-05-15,60420,2025-03-31,,6231000000,-0.061,,,,,493000000,0.040,491000000,-0.299,588000000,,-0.668,316.89,,,,,,20542000000,10590000000,0.516,5691.98,10590000000,,,,,110.00,,,,2000000,139336,1858447,false,false,12,2024-04-01,2025-03-31,0
2025-05-15,60420,2024-03-31,,6633000000,-0.109,,,,,474000000,-0.449,701000000,-0.361,1771000000,,4.103,957.44,,,,,,20272000000,10140000000,0.500,5472.40,10140000000,,,,,110.00,,,,2000000,146936,1850293,false,false,12,2023-04-01,2024-03-31,-1
2025-05-15,60420,2026-03-31,,,,,,,,,,,,,,,,,,,,,,,,,,,,,,110.00,,,,,,,false,true,12,2025-04-01,2026-03-31,1
2025-07-29,60420,2026-03-31,,4000000000,0.026,,,,,400000000,1.000,400000000,0.818,,300000000,,161.23,,,,,,,,,,,,,,,,,,,,,,true,true,6,2025-04-01,2025-09-30,0
2025-07-29,60420,2025-03-31,,4842000000,,,,,,666000000,,694000000,,,534000000,,287.95,,,,,,,,,,,,,,,,,,,,,,true,false,6,2024-04-01,2024-09-30,-1
2025-07-29,60420,2026-03-31,,8000000000,0.026,,,,,600000000,0.500,600000000,0.429,,450000000,,241.85,,,,,,,,,,,,,,,,,,,,,,true,true,12,2025-04-01,2026-03-31,0
2025-07-29,60420,2025-03-31,,8360000000,,,,,,885000000,,649000000,,,630000000,,339.29,,,,,,,,,,,,,,,,,,,,,,true,false,12,2024-04-01,2025-03-31,-1
2025-07-31,60420,2026-03-31,1,2050000000,-0.217,,,,,320000000,0.038,351000000,0.622,,226000000,,121.72,,,,,,23210000000,12961000000,0.557,6950.82,12933000000,,,,,,,,,,,,true,false,3,2025-04-01,2025-06-30,0
2025-07-31,60420,2025-03-31,1,2619000000,0.053,,,,,308000000,-0.322,216000000,-0.656,,99000000,,53.66,,,,,,,,,,,,,,,,,,,,,,true,false,3,2024-04-01,2024-06-30,-1
2025-07-31,60420,2026-03-31,1,4000000000,-0.174,,,,,400000000,-0.400,400000000,-0.424,,300000000,,161.23,,,,,,,,,,,,,,,,,,,,,,true,true,6,2025-04-01,2025-09-30,0
2025-07-31,60420,2026-03-31,1,8000000000,-0.043,,,,,600000000,-0.322,600000000,-0.076,,450000000,,241.85,,,,,,,,,,,,,,,,,,,,,,true,true,12,2025-04-01,2026-03-31,0
2025-07-31,60420,2025-03-31,1,,,,,,,,,,,,,,,,,,,,23367000000,13063000000,0.558,7004.66,13033000000,,,,,,,,,,,,true,false,12,2024-04-01,2025-03-31,-1
2025-07-31,60420,2025-03-31,1,,,,,,,,,,,,,,,,,,,,,,,,,,,,,110.00,,,,2000000,139336,,false,false,12,2024-04-01,2025-03-31,-1
2025-07-31,60420,2026-03-31,1,,,,,,,,,,,,,,,,,,,,,,,,,,,,,110.00,,,,,,,false,true,12,2025-04-01,2026-03-31,0
2025-07-31,60420,2026-03-31,1,,,,,,,,,,,,,,,,,,,,,,,,,,,,,,,,,2000000,139336,1860664,false,false,3,2025-04-01,2025-06-30,0
2025-07-31,60420,2025-03-31,1,,,,,,,,,,,,,,,,,,,,,,,,,,,,,,,,,,,1853064,false,false,3,2024-04-01,2024-06-30,-1
