filing_date,code,fiscal_year_end,quarterly_period,net_sales,net_sales_change,revenue,revenue_change,operating_revenue,operating_revenue_change,operating_profit,operating_profit_change,ordinary_profit,ordinary_profit_change,net_income,net_income_of_parent,net_income_change,eps,diluted_eps,roe,roa,operating_profit_to_net_sales,operating_profit_to_revenue,total_assets,net_assets,equity_ratio,bps,owner_equity,operating_cash_flow,investing_cash_flow,financing_cash_flow,cash,dividend_per_share,payout_ratio,commemorative_dividend,extra_dividend,number_of_shares,number_of_treqsury_shares,avg_number_of_shares,is_consolidated,is_forecast,duration,period_start,period_end,period_pos
2015-07-15,60800,2015-09-30,,2665000000,0.429,,,,,1424000000,0.642,1399000000,0.658,784000000,,0.654,119.05,,,,,,,,,,,,,,,,,,,,,,false,true,12,2014-10-01,2015-09-30,0
2015-07-15,60800,2014-09-30,,1667000000,,,,,,823000000,,808000000,,468000000,,,73.06,,,,,,,,,,,,,,,,,,,,,,false,false,12,2013-10-01,2014-09-30,-1
2015-07-30,60800,2015-09-30,3,2067000000,0.570,,,,,1131000000,0.680,1105000000,0.682,610000000,,0.726,92.75,83.21,,,,,3985000000,2959000000,0.740,,2947000000,,,,,,,,,6620000,,6584570,false,false,9,2014-10-01,2015-06-30,0
2015-07-30,60800,2014-09-30,3,1316000000,1.415,,,,,673000000,1.837,657000000,1.779,353000000,,1.611,55.43,49.58,,,,,,,,,,,,,,,,,,,,6383654,false,false,9,2013-10-01,2014-06-30,-1
2015-07-30,60800,2015-09-30,3,2665000000,0.599,,,,,1424000000,0.730,1399000000,0.732,784000000,,0.676,119.05,,,,,,,,,,,,,,,,,,,,,,false,true,12,2014-10-01,2015-09-30,0
2015-07-30,60800,2014-09-30,3,,,,,,,,,,,,,,,,,,,,2604000000,2029000000,0.779,,2029000000,,,,,0.00,,,,6487500,,,false,false,12,2013-10-01,2014-09-30,-1
2015-07-30,60800,2015-09-30,3,,,,,,,,,,,,,,,,,,,,,,,,,,,,,0.00,,,,,,,false,false,12,2014-10-01,2015-09-30,0
2015-10-30,60800,2015-09-30,,2847000000,0.708,,,,,1549000000,0.882,1524000000,0.887,892000000,,0.906,67.70,60.73,0.339,0.432,0.544,,4453000000,3241000000,0.725,243.92,3229000000,1671000000,-1136000000,289000000,2173000000,0.00,,,,13240000,112,13186977,false,false,12,2014-10-01,2015-09-30,0
2015-10-30,60800,2014-09-30,,1667000000,0.440,,,,,823000000,0.370,808000000,0.346,468000000,,0.414,36.53,32.69,0.301,0.380,0.494,,2604000000,2029000000,0.779,156.43,2029000000,492000000,-609000000,415000000,1349000000,0.00,,,,12975000,,12819658,false,false,12,2013-10-01,2014-09-30,-1
2015-10-30,60800,2016-09-30,,1470000000,0.159,,,,,724000000,0.062,724000000,0.104,394000000,,0.093,29.80,,,,,,,,,,,,,,,,,,,,,,false,true,6,2015-10-01,2016-03-31,1
2015-10-30,60800,2016-09-30,,3000000000,0.054,,,,,1438000000,-0.072,1438000000,-0.056,811000000,,-0.092,61.26,,,,,,,,,,,,,,,,,,,,,,false,true,12,2015-10-01,2016-09-30,1
2016-01-29,60800,2016-09-30,1,873000000,0.171,,,,,431000000,0.028,431000000,0.095,251000000,,0.166,18.54,17.05,,,,,4245000000,3520000000,0.827,,3508000000,,,,,,,,,14056000,154,13576918,false,false,3,2015-10-01,2015-12-31,0
2016-01-29,60800,2015-09-30,1,745000000,0.810,,,,,419000000,1.050,393000000,1.085,215000000,,1.083,16.56,14.85,,,,,,,,,,,,,,,,,,,,13029728,false,false,3,2014-10-01,2014-12-31,-1
2016-01-29,60800,2016-09-30,1,1470000000,0.159,,,,,724000000,0.062,724000000,0.104,394000000,,0.093,29.80,,,,,,,,,,,,,,,,,,,,,,false,true,6,2015-10-01,2016-03-31,0
2016-01-29,60800,2016-09-30,1,3000000000,0.054,,,,,1438000000,-0.072,1438000000,-0.056,811000000,,-0.092,61.26,,,,,,,,,,,,,,,,,,,,,,false,true,12,2015-10-01,2016-09-30,0
2016-01-29,60800,2015-09-30,1,,,,,,,,,,,,,,,,,,,,4453000000,3241000000,0.725,,3229000000,,,,,0.00,,,,13240000,112,,false,false,12,2014-10-01,2015-09-30,-1
2016-04-28,60800,2016-09-30,2,1566000000,0.234,,,,,742000000,0.090,742000000,0.133,430000000,,0.194,31.17,29.17,,,,,4492000000,3700000000,0.821,,3688000000,,,,,,,,,14080000,154,13822024,false,false,6,2015-10-01,2016-03-31,0
2016-04-28,60800,2015-09-30,2,1269000000,0.178,,,,,681000000,0.151,655000000,0.139,360000000,,0.174,27.48,24.65,,,,,,,,,,,,,,,,,,,,13133708,false,false,6,2014-10-01,2015-03-31,-1
2016-04-28,60800,2016-09-30,2,3000000000,0.054,,,,,1438000000,-0.072,1438000000,-0.056,811000000,,-0.092,61.26,,,,,,,,,,,,,,,,,,,,,,false,true,12,2015-10-01,2016-09-30,0
2016-04-28,60800,2015-09-30,2,,,,,,,,,,,,,,,,,,,,4453000000,3241000000,0.725,,3229000000,,,,,0.00,,,,13240000,112,,false,false,12,2014-10-01,2015-09-30,-1
2016-04-28,60800,2016-09-30,2,,,,,,,,,,,,,,,,,,,,,,,,,,,,,0.00,,,,,,,false,false,12,2015-10-01,2016-09-30,0
2016-07-29,60800,2016-09-30,3,2206000000,0.067,,,,,1014000000,-0.104,1014000000,-0.083,590000000,,-0.033,42.46,39.97,,,,,4520000000,3860000000,0.851,,3848000000,,,,,,,,,14092000,154,13909929,false,false,9,2015-10-01,2016-06-30,0
2016-07-29,60800,2015-09-30,3,2067000000,0.570,,,,,1131000000,0.680,1105000000,0.682,610000000,,0.726,46.38,41.61,,,,,,,,,,,,,,,,,,,,13169139,false,false,9,2014-10-01,2015-06-30,-1
2016-07-29,60800,2016-09-30,3,3654000000,0.283,,,,,1818000000,0.173,1819000000,0.193,1067000000,,0.195,76.46,,,,,,,,,,,,,,,,,,,,,,false,true,12,2015-10-01,2016-09-30,0
2016-07-29,60800,2015-09-30,3,,,,,,,,,,,,,,,,,,,,4453000000,3241000000,0.725,,3229000000,,,,,0.00,,,,13240000,112,,false,false,12,2014-10-01,2015-09-30,-1
2016-07-29,60800,2016-09-30,3,,,,,,,,,,,,,,,,,,,,,,,,,,,,,0.00,,,,,,,false,false,12,2015-10-01,2016-09-30,0
2016-07-29,60800,2016-09-30,,3654000000,0.218,,,,,1818000000,0.264,1819000000,0.264,1067000000,,0.316,76.46,,,,,,,,,,,,,,,,,,,,,,false,true,12,2015-10-01,2016-09-30,0
2016-07-29,60800,2015-09-30,,2847000000,,,,,,1549000000,,1524000000,,892000000,,,67.70,,,,,,,,,,,,,,,,,,,,,,false,false,12,2014-10-01,2015-09-30,-1
2016-10-28,60800,2016-09-30,,3755000000,0.319,,,,,1860000000,0.200,1860000000,0.220,1081000000,,0.212,77.50,72.93,0.286,0.365,0.495,,5746000000,4352000000,0.755,307.76,4340000000,1312000000,-183000000,29000000,3332000000,0.00,,,,14104000,154,13957361,false,false,12,2015-10-01,2016-09-30,0
2016-10-28,60800,2015-09-30,,2847000000,0.708,,,,,1549000000,0.882,1524000000,0.887,892000000,,0.906,67.70,60.73,0.339,0.432,0.544,,4453000000,3241000000,0.725,243.92,3229000000,1671000000,-1136000000,289000000,2173000000,0.00,,,,13240000,112,13186977,false,false,12,2014-10-01,2015-09-30,-1
2016-10-28,60800,2017-09-30,,2083000000,0.330,,,,,1003000000,0.351,980000000,0.320,654000000,,0.520,45.81,,,,,,,,,,,,,,,,,,,,,,false,true,6,2016-10-01,2017-03-31,1
2016-10-28,60800,2017-09-30,,4034000000,0.074,,,,,1926000000,0.035,1905000000,0.024,1288000000,,0.191,89.93,,,,,,,,,,,,,,,,,,,,,,false,true,12,2016-10-01,2017-09-30,1
2017-01-27,60800,2017-09-30,1,2556000000,,,,,,1284000000,,1272000000,,,899000000,,63.26,60.20,,,,,10510000000,5296000000,0.499,,5245000000,,,,,,,,,,,,true,false,3,2016-10-01,2016-12-31,0
2017-01-27,60800,2017-09-30,1,3009000000,,,,,,1090000000,,1039000000,,,713000000,,49.94,,,,,,,,,,,,,,,,,,,,,,true,true,6,2016-10-01,2017-03-31,0
2017-01-27,60800,2017-09-30,1,5941000000,,,,,,2177000000,,2123000000,,,1506000000,,105.10,,,,,,,,,,,,,,,,,,,,,,true,true,12,2016-10-01,2017-09-30,0
2017-01-27,60800,2016-09-30,1,,,,,,,,,,,,,,,,,,,,,,,,,,,,,0.00,,,,14104000,154,,false,false,12,2015-10-01,2016-09-30,-1
2017-01-27,60800,2017-09-30,1,,,,,,,,,,,,,,,,,,,,,,,,,,,,,,,,,14368000,199,14223161,false,false,3,2016-10-01,2016-12-31,0
2017-01-27,60800,2016-09-30,1,,,,,,,,,,,,,,,,,,,,,,,,,,,,,,,,,,,13576918,false,false,3,2015-10-01,2015-12-31,-1
2017-03-15,60800,2017-09-30,,4672000000,0.553,,,,,2167000000,0.989,2151000000,1.070,,1363000000,,95.36,,,,,,,,,,,,,,,,,,,,,,true,true,6,2016-10-01,2017-03-31,0
2017-04-28,60800,2017-09-30,2,4865000000,,,,,,2330000000,,2315000000,,,1558000000,,109.02,104.10,,,,,11857000000,5954000000,0.498,,5903000000,,,,,,,,,,,,true,false,6,2016-10-01,2017-03-31,0
2017-04-28,60800,2017-09-30,2,7777000000,,,,,,3168000000,,3110000000,,,2015000000,,140.63,,,,,,,,,,,,,,,,,,,,,,true,true,12,2016-10-01,2017-09-30,0
2017-04-28,60800,2016-09-30,2,,,,,,,,,,,,,,,,,,,,,,,,,,,,,0.00,,,,14104000,154,,false,false,12,2015-10-01,2016-09-30,-1
2017-04-28,60800,2017-09-30,2,,,,,,,,,,,,,,,,,,,,,,,,,,,,,0.00,,,,,,,false,false,12,2016-10-01,2017-09-30,0
2017-04-28,60800,2017-09-30,2,,,,,,,,,,,,,,,,,,,,,,,,,,,,,,,,,14368000,199,14294686,false,false,6,2016-10-01,2017-03-31,0
2017-04-28,60800,2016-09-30,2,,,,,,,,,,,,,,,,,,,,,,,,,,,,,,,,,,,13822024,false,false,6,2015-10-01,2016-03-31,-1
2017-04-28,60800,2017-09-30,,7777000000,0.309,,,,,3168000000,0.455,3110000000,0.465,,2015000000,,140.63,,,,,,,,,,,,,,,,,,,,,,true,true,12,2016-10-01,2017-09-30,0
2017-07-28,60800,2017-09-30,3,6644000000,,,,,,3074000000,,3031000000,,,2099000000,,146.13,139.65,,,,,11980000000,9996000000,0.830,,9945000000,,,,,,,,,,,,true,false,9,2016-10-01,2017-06-30,0
2017-07-28,60800,2017-09-30,3,7777000000,,,,,,3168000000,,3110000000,,,2015000000,,140.63,,,,,,,,,,,,,,,,,,,,,,true,true,12,2016-10-01,2017-09-30,0
2017-07-28,60800,2016-09-30,3,,,,,,,,,,,,,,,,,,,,,,,,,,,,,0.00,,,,14104000,154,,false,false,12,2015-10-01,2016-09-30,-1
2017-07-28,60800,2017-09-30,3,,,,,,,,,,,,,,,,,,,,,,,,,,,,,0.00,,,,,,,false,false,12,2016-10-01,2017-09-30,0
2017-07-28,60800,2017-09-30,3,,,,,,,,,,,,,,,,,,,,,,,,,,,,,,,,,15068000,199,14365212,false,false,9,2016-10-01,2017-06-30,0
2017-07-28,60800,2016-09-30,3,,,,,,,,,,,,,,,,,,,,,,,,,,,,,,,,,,,13909929,false,false,9,2015-10-01,2016-06-30,-1
2017-10-27,60800,2017-09-30,,8337000000,,,,,,3656000000,,3612000000,,,2603000000,,178.69,170.94,0.339,0.330,0.439,,13425000000,11057000000,0.820,725.42,11006000000,3571000000,-1052000000,2017000000,7869000000,,,,,,,,true,false,12,2016-10-01,2017-09-30,0
2017-10-27,60800,2018-09-30,,8667000000,0.040,,,,,3875000000,0.060,3876000000,0.073,,2576000000,,165.76,,,,,,,,,,,,,,,,,,,,,,true,true,12,2017-10-01,2018-09-30,1
2017-10-27,60800,2017-09-30,,6334000000,0.687,,,,,3427000000,0.842,3402000000,0.829,2390000000,,1.210,164.06,156.95,,,,,12560000000,10853000000,0.860,711.93,10802000000,,,,,0.00,,,,15173000,199,14569535,false,false,12,2016-10-01,2017-09-30,0
2017-10-27,60800,2016-09-30,,3755000000,0.319,,,,,1860000000,0.200,1860000000,0.220,1081000000,,0.212,77.50,72.93,,,,,5746000000,4352000000,0.755,307.76,4340000000,,,,,0.00,,,,14104000,154,13957361,false,false,12,2015-10-01,2016-09-30,-1
2017-10-27,60800,2018-09-30,,,,,,,,,,,,,,,,,,,,,,,,,,,,,,0.00,,,,,,,false,true,12,2017-10-01,2018-09-30,1
2018-01-30,60800,2018-09-30,1,2283000000,-0.107,,,,,1034000000,-0.195,1034000000,-0.187,,721000000,,46.94,45.59,,,,,13474000000,11803000000,0.872,,11752000000,,,,,,,,,,,,true,false,3,2017-10-01,2017-12-31,0
2018-01-30,60800,2017-09-30,1,2556000000,,,,,,1284000000,,1272000000,,,899000000,,63.26,60.20,,,,,,,,,,,,,,,,,,,,,true,false,3,2016-10-01,2016-12-31,-1
2018-01-30,60800,2018-09-30,1,8667000000,0.040,,,,,3875000000,0.060,3876000000,0.073,,2576000000,,165.76,,,,,,,,,,,,,,,,,,,,,,true,true,12,2017-10-01,2018-09-30,0
2018-01-30,60800,2017-09-30,1,,,,,,,,,,,,,,,,,,,,13425000000,11057000000,0.820,,11006000000,,,,,,,,,,,,true,false,12,2016-10-01,2017-09-30,-1
2018-01-30,60800,2017-09-30,1,,,,,,,,,,,,,,,,,,,,,,,,,,,,,0.00,,,,15173000,199,,false,false,12,2016-10-01,2017-09-30,-1
2018-01-30,60800,2018-09-30,1,,,,,,,,,,,,,,,,,,,,,,,,,,,,,0.00,,,,,,,false,true,12,2017-10-01,2018-09-30,0
2018-01-30,60800,2018-09-30,1,,,,,,,,,,,,,,,,,,,,,,,,,,,,,,,,,15605000,199,15365323,false,false,3,2017-10-01,2017-12-31,0
2018-01-30,60800,2017-09-30,1,,,,,,,,,,,,,,,,,,,,,,,,,,,,,,,,,,,14223161,false,false,3,2016-10-01,2016-12-31,-1
2018-04-27,60800,2018-09-30,2,4900000000,0.007,,,,,2302000000,-0.012,2301000000,-0.006,,1600000000,,103.34,101.08,,,,,15152000000,12682000000,0.834,,12631000000,,,,,,,,,,,,true,false,6,2017-10-01,2018-03-31,0
2018-04-27,60800,2017-09-30,2,4865000000,,,,,,2330000000,,2315000000,,,1558000000,,109.02,104.10,,,,,,,,,,,,,,,,,,,,,true,false,6,2016-10-01,2017-03-31,-1
2018-04-27,60800,2018-09-30,2,8667000000,0.040,,,,,3875000000,0.060,3876000000,0.073,,2576000000,,165.76,,,,,,,,,,,,,,,,,,,,,,true,true,12,2017-10-01,2018-09-30,0
2018-04-27,60800,2017-09-30,2,,,,,,,,,,,,,,,,,,,,13425000000,11057000000,0.820,,11006000000,,,,,,,,,,,,true,false,12,2016-10-01,2017-09-30,-1
2018-04-27,60800,2017-09-30,2,,,,,,,,,,,,,,,,,,,,,,,,,,,,,0.00,,,,15173000,199,,false,false,12,2016-10-01,2017-09-30,-1
2018-04-27,60800,2018-09-30,2,,,,,,,,,,,,,,,,,,,,,,,,,,,,,0.00,,,,,,,false,false,12,2017-10-01,2018-09-30,0
2018-04-27,60800,2018-09-30,2,,,,,,,,,,,,,,,,,,,,,,,,,,,,,0.00,,,,,,,false,true,12,2017-10-01,2018-09-30,0
2018-04-27,60800,2018-09-30,2,,,,,,,,,,,,,,,,,,,,,,,,,,,,,,,,,15605000,199,15483746,false,false,6,2017-10-01,2018-03-31,0
2018-04-27,60800,2017-09-30,2,,,,,,,,,,,,,,,,,,,,,,,,,,,,,,,,,,,14294686,false,false,6,2016-10-01,2017-03-31,-1
2018-07-27,60800,2018-09-30,3,6367000000,-0.042,,,,,2742000000,-0.108,2736000000,-0.097,,1878000000,,121.03,118.66,,,,,14530000000,12961000000,0.888,,12910000000,,,,,,,,,,,,true,false,9,2017-10-01,2018-06-30,0
2018-07-27,60800,2017-09-30,3,6644000000,,,,,,3074000000,,3031000000,,,2099000000,,146.13,139.65,,,,,,,,,,,,,,,,,,,,,true,false,9,2016-10-01,2017-06-30,-1
2018-07-27,60800,2018-09-30,3,8667000000,0.040,,,,,3875000000,0.060,3876000000,0.073,,2576000000,,165.76,,,,,,,,,,,,,,,,,,,,,,true,true,12,2017-10-01,2018-09-30,0
2018-07-27,60800,2017-09-30,3,,,,,,,,,,,,,,,,,,,,13425000000,11057000000,0.820,,11006000000,,,,,,,,,,,,true,false,12,2016-10-01,2017-09-30,-1
2018-07-27,60800,2017-09-30,3,,,,,,,,,,,,,,,,,,,,,,,,,,,,,0.00,,,,15173000,199,,false,false,12,2016-10-01,2017-09-30,-1
2018-07-27,60800,2018-09-30,3,,,,,,,,,,,,,,,,,,,,,,,,,,,,,0.00,,,,,,,false,false,12,2017-10-01,2018-09-30,0
2018-07-27,60800,2018-09-30,3,,,,,,,,,,,,,,,,,,,,,,,,,,,,,0.00,,,,,,,false,true,12,2017-10-01,2018-09-30,0
2018-07-27,60800,2018-09-30,3,,,,,,,,,,,,,,,,,,,,,,,,,,,,,,,,,15605000,199,15524098,false,false,9,2017-10-01,2018-06-30,0
2018-07-27,60800,2017-09-30,3,,,,,,,,,,,,,,,,,,,,,,,,,,,,,,,,,,,14365212,false,false,9,2016-10-01,2017-06-30,-1
2018-10-31,60800,2018-09-30,,8018000000,-0.038,,,,,3165000000,-0.134,3160000000,-0.125,,2092000000,,134.59,132.14,0.173,0.221,0.395,,15232000000,13174000000,0.862,841.00,13123000000,1886000000,-1548000000,20000000,8226000000,,,,,,,,true,false,12,2017-10-01,2018-09-30,0
2018-10-31,60800,2017-09-30,,8337000000,,,,,,3656000000,,3612000000,,,2603000000,,178.69,170.94,0.339,0.330,0.439,,13425000000,11057000000,0.820,725.42,11006000000,3571000000,-1052000000,2017000000,7869000000,,,,,,,,true,false,12,2016-10-01,2017-09-30,-1
2018-10-31,60800,2019-09-30,,9548000000,0.191,,,,,3898000000,0.232,3904000000,0.236,,2661000000,,170.57,,,,,,,,,,,,,,,,,,,,,,true,true,12,2018-10-01,2019-09-30,1
2018-10-31,60800,2018-09-30,,6460000000,0.020,,,,,3171000000,-0.075,3176000000,-0.066,2164000000,,-0.094,139.26,136.72,,,,,14536000000,13042000000,0.894,832.53,12991000000,,,,,0.00,,,,15605000,199,15544439,false,false,12,2017-10-01,2018-09-30,0
2018-10-31,60800,2017-09-30,,6334000000,0.687,,,,,3427000000,0.842,3402000000,0.829,2390000000,,1.210,164.06,156.95,,,,,12560000000,10853000000,0.860,711.93,10802000000,,,,,0.00,,,,15173000,199,14569535,false,false,12,2016-10-01,2017-09-30,-1
2018-10-31,60800,2019-09-30,,,,,,,,,,,,,,,,,,,,,,,,,,,,,,0.00,,,,,,,false,true,12,2018-10-01,2019-09-30,1
2019-01-30,60800,2019-09-30,1,3886000000,0.702,,,,,1958000000,0.894,1959000000,0.894,,1334000000,,85.50,84.39,,,,,17306000000,14599000000,0.835,,14457000000,,,,,,,,,,,,true,false,3,2018-10-01,2018-12-31,0
2019-01-30,60800,2018-09-30,1,2283000000,-0.107,,,,,1034000000,-0.195,1034000000,-0.187,,721000000,,46.94,45.59,,,,,,,,,,,,,,,,,,,,,true,false,3,2017-10-01,2017-12-31,-1
2019-01-30,60800,2019-09-30,1,9458000000,0.191,,,,,3898000000,0.232,3904000000,0.236,,2661000000,,170.57,,,,,,,,,,,,,,,,,,,,,,true,true,12,2018-10-01,2019-09-30,0
2019-01-30,60800,2018-09-30,1,,,,,,,,,,,,,,,,,,,,15161000000,13174000000,0.866,,13123000000,,,,,,,,,,,,true,false,12,2017-10-01,2018-09-30,-1
2019-01-30,60800,2018-09-30,1,,,,,,,,,,,,,,,,,,,,,,,,,,,,,0.00,,,,15605000,199,,false,false,12,2017-10-01,2018-09-30,-1
2019-01-30,60800,2019-09-30,1,,,,,,,,,,,,,,,,,,,,,,,,,,,,,0.00,,,,,,,false,true,12,2018-10-01,2019-09-30,0
2019-01-30,60800,2019-09-30,1,,,,,,,,,,,,,,,,,,,,,,,,,,,,,,,,,15605000,199,15604801,false,false,3,2018-10-01,2018-12-31,0
2019-01-30,60800,2018-09-30,1,,,,,,,,,,,,,,,,,,,,,,,,,,,,,,,,,,,15365323,false,false,3,2017-10-01,2017-12-31,-1
2019-01-30,60800,2019-09-30,1,3886000000,0.702,,,,,1958000000,0.894,1959000000,0.894,,1334000000,,85.50,84.39,,,,,17306000000,14599000000,0.835,,14457000000,,,,,,,,,,,,true,false,3,2018-10-01,2018-12-31,0
2019-01-30,60800,2018-09-30,1,2283000000,-0.107,,,,,1034000000,-0.195,1034000000,-0.187,,721000000,,46.94,45.59,,,,,,,,,,,,,,,,,,,,,true,false,3,2017-10-01,2017-12-31,-1
2019-01-30,60800,2019-09-30,1,9548000000,0.191,,,,,3898000000,0.232,3904000000,0.236,,2661000000,,170.57,,,,,,,,,,,,,,,,,,,,,,true,true,12,2018-10-01,2019-09-30,0
2019-01-30,60800,2018-09-30,1,,,,,,,,,,,,,,,,,,,,15161000000,13174000000,0.866,,13123000000,,,,,,,,,,,,true,false,12,2017-10-01,2018-09-30,-1
2019-01-30,60800,2018-09-30,1,,,,,,,,,,,,,,,,,,,,,,,,,,,,,0.00,,,,15605000,199,,false,false,12,2017-10-01,2018-09-30,-1
2019-01-30,60800,2019-09-30,1,,,,,,,,,,,,,,,,,,,,,,,,,,,,,0.00,,,,,,,false,true,12,2018-10-01,2019-09-30,0
2019-01-30,60800,2019-09-30,1,,,,,,,,,,,,,,,,,,,,,,,,,,,,,,,,,15605000,199,15604801,false,false,3,2018-10-01,2018-12-31,0
2019-01-30,60800,2018-09-30,1,,,,,,,,,,,,,,,,,,,,,,,,,,,,,,,,,,,15365323,false,false,3,2017-10-01,2017-12-31,-1
2019-04-26,60800,2019-09-30,2,7187000000,0.466,,,,,3525000000,0.532,3526000000,0.532,,2352000000,,150.73,148.76,,,,,19293000000,15621000000,0.802,,15475000000,,,,,,,,,,,,true,false,6,2018-10-01,2019-03-31,0
2019-04-26,60800,2018-09-30,2,4900000000,0.007,,,,,2302000000,-0.012,2301000000,-0.006,,1600000000,,103.34,101.08,,,,,,,,,,,,,,,,,,,,,true,false,6,2017-10-01,2018-03-31,-1
2019-04-26,60800,2019-09-30,2,11507000000,0.435,,,,,5181000000,0.637,5187000000,0.642,,3503000000,,224.51,,,,,,,,,,,,,,,,,,,,,,true,true,12,2018-10-01,2019-09-30,0
2019-04-26,60800,2018-09-30,2,,,,,,,,,,,,,,,,,,,,15161000000,13174000000,0.866,,13123000000,,,,,,,,,,,,true,false,12,2017-10-01,2018-09-30,-1
2019-04-26,60800,2018-09-30,2,,,,,,,,,,,,,,,,,,,,,,,,,,,,,0.00,,,,15605000,199,,false,false,12,2017-10-01,2018-09-30,-1
2019-04-26,60800,2019-09-30,2,,,,,,,,,,,,,,,,,,,,,,,,,,,,,0.00,,,,,,,false,true,12,2018-10-01,2019-09-30,0
2019-04-26,60800,2019-09-30,2,,,,,,,,,,,,,,,,,,,,,,,,,,,,,,,,,15605000,199,15604801,false,false,6,2018-10-01,2019-03-31,0
2019-04-26,60800,2018-09-30,2,,,,,,,,,,,,,,,,,,,,,,,,,,,,,,,,,,,15483746,false,false,6,2017-10-01,2018-03-31,-1
2019-04-26,60800,2019-09-30,,11507000000,0.205,,,,,5181000000,0.329,5187000000,0.329,,3503000000,,224.51,,,,,,,,,,,,,,,,,,,,,,true,true,12,2018-10-01,2019-09-30,0
2019-04-26,60800,2018-09-30,,8018000000,,,,,,3165000000,,3160000000,,,2092000000,,134.59,,,,,,,,,,,,,,,,,,,,,,true,false,12,2017-10-01,2018-09-30,-1
2019-07-30,60800,2019-09-30,3,9916000000,0.557,,,,,4720000000,0.721,4720000000,0.725,,3159000000,,202.50,199.83,,,,,19605000000,16434000000,0.831,,16283000000,,,,,,,,,,,,true,false,9,2018-10-01,2019-06-30,0
2019-07-30,60800,2018-09-30,3,6367000000,-0.042,,,,,2742000000,-0.108,2736000000,-0.097,,1878000000,,121.03,118.66,,,,,,,,,,,,,,,,,,,,,true,false,9,2017-10-01,2018-06-30,-1
2019-07-30,60800,2019-09-30,3,11507000000,0.435,,,,,5181000000,0.637,5187000000,0.642,,3503000000,,224.51,,,,,,,,,,,,,,,,,,,,,,true,true,12,2018-10-01,2019-09-30,0
2019-07-30,60800,2018-09-30,3,,,,,,,,,,,,,,,,,,,,15161000000,13174000000,0.866,,13123000000,,,,,,,,,,,,true,false,12,2017-10-01,2018-09-30,-1
2019-07-30,60800,2018-09-30,3,,,,,,,,,,,,,,,,,,,,,,,,,,,,,0.00,,,,15605000,199,,false,false,12,2017-10-01,2018-09-30,-1
2019-07-30,60800,2019-09-30,3,,,,,,,,,,,,,,,,,,,,,,,,,,,,,0.00,,,,,,,false,false,12,2018-10-01,2019-09-30,0
2019-07-30,60800,2019-09-30,3,,,,,,,,,,,,,,,,,,,,,,,,,,,,,0.00,,,,,,,false,true,12,2018-10-01,2019-09-30,0
2019-07-30,60800,2019-09-30,3,,,,,,,,,,,,,,,,,,,,,,,,,,,,,,,,,15605000,199,15604801,false,false,9,2018-10-01,2019-06-30,0
2019-07-30,60800,2018-09-30,3,,,,,,,,,,,,,,,,,,,,,,,,,,,,,,,,,,,15524098,false,false,9,2017-10-01,2018-06-30,-1
2019-10-31,60800,2019-09-30,,12592000000,0.570,,,,,5855000000,0.850,5855000000,0.853,,3925000000,,251.54,246.65,0.260,0.323,0.465,,21131000000,17205000000,0.807,1092.54,17048000000,5825000000,-150000000,51000000,13953000000,,,,,,,,true,false,12,2018-10-01,2019-09-30,0
2019-10-31,60800,2018-09-30,,8018000000,-0.038,,,,,3165000000,-0.134,3160000000,-0.125,,2092000000,,134.59,132.14,0.173,0.222,0.395,,15161000000,13174000000,0.866,841.00,13123000000,1886000000,-1548000000,20000000,8226000000,,,,,,,,true,false,12,2017-10-01,2018-09-30,-1
2019-10-31,60800,2020-09-30,,13706000000,0.089,,,,,5900000000,0.008,5905000000,0.009,,4054000000,,259.81,,,,,,,,,,,,,,,,,,,,,,true,true,12,2019-10-01,2020-09-30,1
2019-10-31,60800,2019-09-30,,10918000000,0.690,,,,,5825000000,0.837,5831000000,0.836,3962000000,,0.831,253.96,249.02,,,,,20514000000,17110000000,0.826,1086.49,16954000000,,,,,0.00,,,,15605000,199,15604801,false,false,12,2018-10-01,2019-09-30,0
2019-10-31,60800,2018-09-30,,6460000000,0.020,,,,,3171000000,-0.075,3176000000,-0.066,2164000000,,-0.094,139.26,136.72,,,,,14536000000,13042000000,0.894,832.53,12991000000,,,,,0.00,,,,15605000,199,15544439,false,false,12,2017-10-01,2018-09-30,-1
2019-10-31,60800,2020-09-30,,,,,,,,,,,,,,,,,,,,,,,,,,,,,,0.00,,,,,,,false,true,12,2019-10-01,2020-09-30,1
2020-01-30,60800,2020-09-30,1,1295000000,-0.667,,,,,114000000,-0.942,115000000,-0.941,,13000000,,0.45,0.44,,,,,18506000000,17224000000,0.922,,17062000000,,,,,,,,,,,,true,false,3,2019-10-01,2019-12-31,0
2020-01-30,60800,2019-09-30,1,3886000000,0.702,,,,,1958000000,0.894,1959000000,0.894,,1334000000,,42.75,42.20,,,,,,,,,,,,,,,,,,,,,true,false,3,2018-10-01,2018-12-31,-1
2020-01-30,60800,2020-09-30,1,13706000000,0.089,,,,,5900000000,0.008,5905000000,0.009,,4054000000,,129.91,,,,,,,,,,,,,,,,,,,,,,true,true,12,2019-10-01,2020-09-30,0
2020-01-30,60800,2019-09-30,1,,,,,,,,,,,,,,,,,,,,21131000000,17205000000,0.807,,17048000000,,,,,,,,,,,,true,false,12,2018-10-01,2019-09-30,-1
2020-01-30,60800,2019-09-30,1,,,,,,,,,,,,,,,,,,,,,,,,,,,,,0.00,,,,31210000,398,,false,false,12,2018-10-01,2019-09-30,-1
2020-01-30,60800,2020-09-30,1,,,,,,,,,,,,,,,,,,,,,,,,,,,,,0.00,,,,,,,false,true,12,2019-10-01,2020-09-30,0
2020-01-30,60800,2020-09-30,1,,,,,,,,,,,,,,,,,,,,,,,,,,,,,,,,,31210000,398,31209602,false,false,3,2019-10-01,2019-12-31,0
2020-01-30,60800,2019-09-30,1,,,,,,,,,,,,,,,,,,,,,,,,,,,,,,,,,,,31209602,false,false,3,2018-10-01,2018-12-31,-1
2020-04-30,60800,2020-09-30,2,5654000000,-0.213,,,,,2386000000,-0.323,2386000000,-0.323,,1538000000,,49.29,48.14,,,,,21855000000,18753000000,0.850,,18586000000,,,,,,,,,,,,true,false,6,2019-10-01,2020-03-31,0
2020-04-30,60800,2019-09-30,2,7187000000,0.466,,,,,3525000000,0.532,3526000000,0.532,,2352000000,,75.37,74.38,,,,,,,,,,,,,,,,,,,,,true,false,6,2018-10-01,2019-03-31,-1
2020-04-30,60800,2020-09-30,2,13706000000,0.089,,,,,5900000000,0.008,5905000000,0.009,,4054000000,,129.91,,,,,,,,,,,,,,,,,,,,,,true,true,12,2019-10-01,2020-09-30,0
2020-04-30,60800,2019-09-30,2,,,,,,,,,,,,,,,,,,,,21131000000,17205000000,0.807,,17048000000,,,,,,,,,,,,true,false,12,2018-10-01,2019-09-30,-1
2020-04-30,60800,2019-09-30,2,,,,,,,,,,,,,,,,,,,,,,,,,,,,,0.00,,,,31210000,398,,false,false,12,2018-10-01,2019-09-30,-1
2020-04-30,60800,2020-09-30,2,,,,,,,,,,,,,,,,,,,,,,,,,,,,,0.00,,,,,,,false,false,12,2019-10-01,2020-09-30,0
2020-04-30,60800,2020-09-30,2,,,,,,,,,,,,,,,,,,,,,,,,,,,,,0.00,,,,,,,false,true,12,2019-10-01,2020-09-30,0
2020-04-30,60800,2020-09-30,2,,,,,,,,,,,,,,,,,,,,,,,,,,,,,,,,,31210000,398,31209602,false,false,6,2019-10-01,2020-03-31,0
2020-04-30,60800,2019-09-30,2,,,,,,,,,,,,,,,,,,,,,,,,,,,,,,,,,,,31209602,false,false,6,2018-10-01,2019-03-31,-1
2020-07-30,60800,2020-09-30,3,8375000000,-0.155,,,,,3521000000,-0.254,3520000000,-0.254,,2319000000,,74.33,72.62,,,,,21571000000,19540000000,0.898,,19368000000,,,,,,,,,,,,true,false,9,2019-10-01,2020-06-30,0
2020-07-30,60800,2019-09-30,3,9916000000,0.557,,,,,4720000000,0.721,4720000000,0.725,,3159000000,,101.25,99.91,,,,,,,,,,,,,,,,,,,,,true,false,9,2018-10-01,2019-06-30,-1
2020-07-30,60800,2020-09-30,3,13706000000,0.089,,,,,5900000000,0.008,5905000000,0.009,,4054000000,,129.91,,,,,,,,,,,,,,,,,,,,,,true,true,12,2019-10-01,2020-09-30,0
2020-07-30,60800,2019-09-30,3,,,,,,,,,,,,,,,,,,,,21131000000,17205000000,0.807,,17048000000,,,,,,,,,,,,true,false,12,2018-10-01,2019-09-30,-1
2020-07-30,60800,2019-09-30,3,,,,,,,,,,,,,,,,,,,,,,,,,,,,,0.00,,,,31210000,398,,false,false,12,2018-10-01,2019-09-30,-1
2020-07-30,60800,2020-09-30,3,,,,,,,,,,,,,,,,,,,,,,,,,,,,,0.00,,,,,,,false,false,12,2019-10-01,2020-09-30,0
2020-07-30,60800,2020-09-30,3,,,,,,,,,,,,,,,,,,,,,,,,,,,,,0.00,,,,,,,false,true,12,2019-10-01,2020-09-30,0
2020-07-30,60800,2020-09-30,3,,,,,,,,,,,,,,,,,,,,,,,,,,,,,,,,,31210000,398,31209602,false,false,9,2019-10-01,2020-06-30,0
2020-07-30,60800,2019-09-30,3,,,,,,,,,,,,,,,,,,,,,,,,,,,,,,,,,,,31209602,false,false,9,2018-10-01,2019-06-30,-1
2020-09-30,60800,2020-09-30,,11865000000,-0.134,,,,,5073000000,-0.140,5073000000,-0.141,,3384000000,,108.43,,,,,,,,,,,,,,,,,,,,,,true,true,12,2019-10-01,2020-09-30,0
2020-09-30,60800,2019-09-30,,12592000000,,,,,,5855000000,,5855000000,,,3925000000,,125.77,,,,,,,,,,,,,,,,,,,,,,true,false,12,2018-10-01,2019-09-30,-1
2020-10-30,60800,2020-09-30,,11871000000,-0.057,,,,,5051000000,-0.137,5050000000,-0.137,,3407000000,,109.18,105.02,0.182,0.224,0.426,,24060000000,20632000000,0.850,655.45,20455000000,3481000000,-71000000,,17361000000,,,,,,,,true,false,12,2019-10-01,2020-09-30,0
2020-10-30,60800,2019-09-30,,12592000000,0.570,,,,,5855000000,0.850,5855000000,0.853,,3925000000,,125.77,123.32,0.260,0.323,0.465,,21131000000,17205000000,0.807,546.27,17048000000,5822000000,-147000000,51000000,13953000000,,,,,,,,true,false,12,2018-10-01,2019-09-30,-1
2020-10-30,60800,2021-09-30,,14030000000,0.182,,,,,6211000000,0.230,6210000000,0.230,,4173000000,,133.73,,,,,,,,,,,,,,,,,,,,,,true,true,12,2020-10-01,2021-09-30,1
2020-10-30,60800,2020-09-30,,10191000000,-0.067,,,,,4947000000,-0.151,4957000000,-0.150,3351000000,,-0.154,107.38,103.29,,,,,23344000000,20482000000,0.870,650.63,20305000000,,,,,0.00,,,,31210000,398,31209602,false,false,12,2019-10-01,2020-09-30,0
2020-10-30,60800,2019-09-30,,10918000000,0.690,,,,,5825000000,0.837,5831000000,0.836,3962000000,,0.831,126.98,124.51,,,,,20514000000,17110000000,0.826,543.24,16954000000,,,,,0.00,,,,31210000,398,31209602,false,false,12,2018-10-01,2019-09-30,-1
2020-10-30,60800,2021-09-30,,,,,,,,,,,,,,,,,,,,,,,,,,,,,,0.00,,,,,,,false,true,12,2020-10-01,2021-09-30,1
2021-01-29,60800,2021-09-30,1,3972000000,2.067,,,,,1807000000,,1810000000,,,1117000000,,35.73,34.28,,,,,25409000000,22433000000,0.871,,22139000000,,,,,,,,,,,,true,false,3,2020-10-01,2020-12-31,0
2021-01-29,60800,2020-09-30,1,1295000000,-0.667,,,,,114000000,-0.942,115000000,-0.941,,13000000,,0.45,0.44,,,,,,,,,,,,,,,,,,,,,true,false,3,2019-10-01,2019-12-31,-1
2021-01-29,60800,2021-09-30,1,14030000000,0.182,,,,,6211000000,0.230,6210000000,0.230,,4173000000,,133.73,,,,,,,,,,,,,,,,,,,,,,true,true,12,2020-10-01,2021-09-30,0
2021-01-29,60800,2020-09-30,1,,,,,,,,,,,,,,,,,,,,24060000000,20632000000,0.850,,20445000000,,,,,,,,,,,,true,false,12,2019-10-01,2020-09-30,-1
2021-01-29,60800,2020-09-30,1,,,,,,,,,,,,,,,,,,,,,,,,,,,,,0.00,,,,31210000,398,,false,false,12,2019-10-01,2020-09-30,-1
2021-01-29,60800,2021-09-30,1,,,,,,,,,,,,,,,,,,,,,,,,,,,,,0.00,,,,,,,false,true,12,2020-10-01,2021-09-30,0
2021-01-29,60800,2021-09-30,1,,,,,,,,,,,,,,,,,,,,,,,,,,,,,,,,,31587000,398,31275167,false,false,3,2020-10-01,2020-12-31,0
2021-01-29,60800,2020-09-30,1,,,,,,,,,,,,,,,,,,,,,,,,,,,,,,,,,,,31209602,false,false,3,2019-10-01,2019-12-31,-1
2021-04-30,60800,2021-09-30,2,7616000000,0.347,,,,,3411000000,0.429,3416000000,0.431,,2267000000,,72.15,69.56,,,,,27871000000,23595000000,0.836,,23289000000,,,,,,,,,,,,true,false,6,2020-10-01,2021-03-31,0
2021-04-30,60800,2020-09-30,2,5654000000,-0.213,,,,,2386000000,-0.323,2386000000,-0.323,,1538000000,,49.29,48.14,,,,,,,,,,,,,,,,,,,,,true,false,6,2019-10-01,2020-03-31,-1
2021-04-30,60800,2021-09-30,2,14030000000,0.182,,,,,6211000000,0.230,6210000000,0.230,,4173000000,,133.73,,,,,,,,,,,,,,,,,,,,,,true,true,12,2020-10-01,2021-09-30,0
2021-04-30,60800,2020-09-30,2,,,,,,,,,,,,,,,,,,,,24060000000,20632000000,0.850,,20455000000,,,,,,,,,,,,true,false,12,2019-10-01,2020-09-30,-1
2021-04-30,60800,2020-09-30,2,,,,,,,,,,,,,,,,,,,,,,,,,,,,,0.00,,,,31210000,398,,false,false,12,2019-10-01,2020-09-30,-1
2021-04-30,60800,2021-09-30,2,,,,,,,,,,,,,,,,,,,,,,,,,,,,,0.00,,,,,,,false,false,12,2020-10-01,2021-09-30,0
2021-04-30,60800,2021-09-30,2,,,,,,,,,,,,,,,,,,,,,,,,,,,,,0.00,,,,,,,false,true,12,2020-10-01,2021-09-30,0
2021-04-30,60800,2021-09-30,2,,,,,,,,,,,,,,,,,,,,,,,,,,,,,,,,,31587000,398,31429173,false,false,6,2020-10-01,2021-03-31,0
2021-04-30,60800,2020-09-30,2,,,,,,,,,,,,,,,,,,,,,,,,,,,,,,,,,,,31209602,false,false,6,2019-10-01,2020-03-31,-1
2021-07-30,60800,2021-09-30,3,10614000000,0.267,,,,,4536000000,0.288,4547000000,0.292,,3006000000,,95.46,92.24,,,,,27563000000,24528000000,0.879,,24224000000,,,,,,,,,,,,true,false,9,2020-10-01,2021-06-30,0
2021-07-30,60800,2020-09-30,3,8375000000,-0.155,,,,,3521000000,-0.254,3520000000,-0.254,,2319000000,,74.33,72.62,,,,,,,,,,,,,,,,,,,,,true,false,9,2019-10-01,2020-06-30,-1
2021-07-30,60800,2021-09-30,3,14030000000,0.182,,,,,6211000000,0.230,6210000000,0.230,,4173000000,,133.73,,,,,,,,,,,,,,,,,,,,,,true,true,12,2020-10-01,2021-09-30,0
2021-07-30,60800,2020-09-30,3,,,,,,,,,,,,,,,,,,,,24060000000,20632000000,0.850,,20455000000,,,,,,,,,,,,true,false,12,2019-10-01,2020-09-30,-1
2021-07-30,60800,2020-09-30,3,,,,,,,,,,,,,,,,,,,,,,,,,,,,,0.00,,,,31210000,398,,false,false,12,2019-10-01,2020-09-30,-1
2021-07-30,60800,2021-09-30,3,,,,,,,,,,,,,,,,,,,,,,,,,,,,,0.00,,,,,,,false,false,12,2020-10-01,2021-09-30,0
2021-07-30,60800,2021-09-30,3,,,,,,,,,,,,,,,,,,,,,,,,,,,,,0.00,,,,,,,false,true,12,2020-10-01,2021-09-30,0
2021-07-30,60800,2021-09-30,3,,,,,,,,,,,,,,,,,,,,,,,,,,,,,,,,,31717000,398,31499269,false,false,9,2020-10-01,2021-06-30,0
2021-07-30,60800,2020-09-30,3,,,,,,,,,,,,,,,,,,,,,,,,,,,,,,,,,,,31209602,false,false,9,2019-10-01,2020-06-30,-1
2021-10-29,60800,2021-09-30,,15161000000,0.277,,,,,6572000000,0.301,6588000000,0.304,,4311000000,,136.65,132.25,0.188,0.240,0.433,,30796000000,25841000000,0.829,804.92,25529000000,6014000000,-913000000,798000000,23261000000,,,,,,,,true,false,12,2020-10-01,2021-09-30,0
2021-10-29,60800,2020-09-30,,11871000000,-0.057,,,,,5051000000,-0.137,5050000000,-0.137,,3407000000,,109.18,105.02,0.182,0.224,0.426,,24060000000,20632000000,0.850,655.45,20455000000,3481000000,-71000000,,17361000000,,,,,,,,true,false,12,2019-10-01,2020-09-30,-1
2021-10-29,60800,2022-09-30,,16220000000,0.070,,,,,6819000000,0.038,6823000000,0.036,,4539000000,,143.13,,,,,,,,,,,,,,,,,,,,,,true,true,12,2021-10-01,2022-09-30,1
2021-10-29,60800,2021-09-30,,13833000000,0.357,,,,,6865000000,0.388,6889000000,0.390,4661000000,,0.391,147.74,142.98,,,,,30510000000,26042000000,0.843,811.24,25729000000,,,,,0.00,,,,31717000,398,31554049,false,false,12,2020-10-01,2021-09-30,0
2021-10-29,60800,2020-09-30,,10191000000,-0.067,,,,,4947000000,-0.151,4957000000,-0.150,3351000000,,-0.154,107.38,103.36,,,,,23344000000,20482000000,0.870,650.63,20305000000,,,,,0.00,,,,31210000,398,31209602,false,false,12,2019-10-01,2020-09-30,-1
2021-10-29,60800,2022-09-30,,,,,,,,,,,,,,,,,,,,,,,,,,,,,,0.00,,,,,,,false,true,12,2021-10-01,2022-09-30,1
2022-01-28,60800,2022-09-30,1,5105000000,0.285,,,,,2571000000,0.423,2573000000,0.421,,1751000000,,55.21,53.65,,,,,31487000000,27563000000,0.866,,27253000000,,,,,,,,,,,,true,false,3,2021-10-01,2021-12-31,0
2022-01-28,60800,2021-09-30,1,3972000000,2.067,,,,,1807000000,,1810000000,,,1117000000,,35.73,34.28,,,,,,,,,,,,,,,,,,,,,true,false,3,2020-10-01,2020-12-31,-1
2022-01-28,60800,2022-09-30,1,16220000000,0.070,,,,,6819000000,0.038,6823000000,0.036,,4539000000,,143.13,,,,,,,,,,,,,,,,,,,,,,true,true,12,2021-10-01,2022-09-30,0
2022-01-28,60800,2021-09-30,1,,,,,,,,,,,,,,,,,,,,30796000000,25841000000,0.829,,25529000000,,,,,,,,,,,,true,false,12,2020-10-01,2021-09-30,-1
2022-01-28,60800,2021-09-30,1,,,,,,,,,,,,,,,,,,,,,,,,,,,,,0.00,,,,31717000,398,,false,false,12,2020-10-01,2021-09-30,-1
2022-01-28,60800,2022-09-30,1,,,,,,,,,,,,,,,,,,,,,,,,,,,,,0.00,,,,,,,false,true,12,2021-10-01,2022-09-30,0
2022-01-28,60800,2022-09-30,1,,,,,,,,,,,,,,,,,,,,,,,,,,,,,,,,,31717000,398,31716602,false,false,3,2021-10-01,2021-12-31,0
2022-01-28,60800,2021-09-30,1,,,,,,,,,,,,,,,,,,,,,,,,,,,,,,,,,,,31275167,false,false,3,2020-10-01,2020-12-31,-1
2022-04-28,60800,2022-09-30,2,8972000000,0.178,,,,,4266000000,0.251,4299000000,0.258,,2887000000,,91.05,88.57,,,,,33625000000,28671000000,0.844,,28391000000,,,,,,,,,,,,true,false,6,2021-10-01,2022-03-31,0
2022-04-28,60800,2021-09-30,2,7616000000,0.347,,,,,3411000000,0.429,3416000000,0.431,,2267000000,,72.15,69.56,,,,,,,,,,,,,,,,,,,,,true,false,6,2020-10-01,2021-03-31,-1
2022-04-28,60800,2022-09-30,2,16220000000,0.070,,,,,6819000000,0.038,6823000000,0.036,,4539000000,,143.13,,,,,,,,,,,,,,,,,,,,,,true,true,12,2021-10-01,2022-09-30,0
2022-04-28,60800,2021-09-30,2,,,,,,,,,,,,,,,,,,,,30796000000,25841000000,0.829,,25529000000,,,,,,,,,,,,true,false,12,2020-10-01,2021-09-30,-1
2022-04-28,60800,2021-09-30,2,,,,,,,,,,,,,,,,,,,,,,,,,,,,,0.00,,,,31717000,398,,false,false,12,2020-10-01,2021-09-30,-1
2022-04-28,60800,2022-09-30,2,,,,,,,,,,,,,,,,,,,,,,,,,,,,,0.00,,,,,,,false,false,12,2021-10-01,2022-09-30,0
2022-04-28,60800,2022-09-30,2,,,,,,,,,,,,,,,,,,,,,,,,,,,,,0.00,,,,,,,false,true,12,2021-10-01,2022-09-30,0
2022-04-28,60800,2022-09-30,2,,,,,,,,,,,,,,,,,,,,,,,,,,,,,,,,,31717000,398,31716602,false,false,6,2021-10-01,2022-03-31,0
2022-04-28,60800,2021-09-30,2,,,,,,,,,,,,,,,,,,,,,,,,,,,,,,,,,,,31429173,false,false,6,2020-10-01,2021-03-31,-1
2022-07-29,60800,2022-09-30,3,14155000000,0.334,,,,,6746000000,0.487,6799000000,0.495,,4601000000,,145.07,141.34,,,,,34550000000,30394000000,0.872,,30125000000,,,,,,,,,,,,true,false,9,2021-10-01,2022-06-30,0
2022-07-29,60800,2021-09-30,3,10614000000,0.267,,,,,4536000000,0.288,4547000000,0.292,,3006000000,,95.46,92.24,,,,,,,,,,,,,,,,,,,,,true,false,9,2020-10-01,2021-06-30,-1
2022-07-29,60800,2022-09-30,3,16220000000,0.070,,,,,6819000000,0.038,6823000000,0.036,,4539000000,,143.13,,,,,,,,,,,,,,,,,,,,,,true,true,12,2021-10-01,2022-09-30,0
2022-07-29,60800,2021-09-30,3,,,,,,,,,,,,,,,,,,,,30796000000,25841000000,0.829,,25529000000,,,,,,,,,,,,true,false,12,2020-10-01,2021-09-30,-1
2022-07-29,60800,2021-09-30,3,,,,,,,,,,,,,,,,,,,,,,,,,,,,,0.00,,,,31717000,398,,false,false,12,2020-10-01,2021-09-30,-1
2022-07-29,60800,2022-09-30,3,,,,,,,,,,,,,,,,,,,,,,,,,,,,,0.00,,,,,,,false,false,12,2021-10-01,2022-09-30,0
2022-07-29,60800,2022-09-30,3,,,,,,,,,,,,,,,,,,,,,,,,,,,,,0.00,,,,,,,false,true,12,2021-10-01,2022-09-30,0
2022-07-29,60800,2022-09-30,3,,,,,,,,,,,,,,,,,,,,,,,,,,,,,,,,,31729000,398,31717393,false,false,9,2021-10-01,2022-06-30,0
2022-07-29,60800,2021-09-30,3,,,,,,,,,,,,,,,,,,,,,,,,,,,,,,,,,,,31499269,false,false,9,2020-10-01,2021-06-30,-1
2022-09-15,60800,2022-09-30,,19165000000,0.181,,,,,8845000000,0.297,8894000000,0.303,,6110000000,,192.64,,,,,,,,,,,,,,,,,,,,,,true,true,12,2021-10-01,2022-09-30,0
2022-09-15,60800,2021-09-30,,15161000000,,,,,,6572000000,,6588000000,,,4311000000,,136.65,,,,,,,,,,,,,,,,,,,,,,true,false,12,2020-10-01,2021-09-30,-1
2022-10-28,60800,2022-09-30,,20706000000,0.366,,,,,9713000000,0.478,9766000000,0.482,,6794000000,,214.21,208.93,0.235,0.276,0.469,,39913000000,32598000000,0.810,1018.67,32320000000,8505000000,-91000000,-12000000,31668000000,,,,,,,,true,false,12,2021-10-01,2022-09-30,0
2022-10-28,60800,2021-09-30,,15161000000,0.277,,,,,6572000000,0.301,6588000000,0.304,,4311000000,,136.65,132.25,0.188,0.240,0.433,,30796000000,25841000000,0.829,804.92,25529000000,6014000000,-913000000,798000000,23261000000,,,,,,,,true,false,12,2020-10-01,2021-09-30,-1
2022-10-28,60800,2023-09-30,,22641000000,0.093,,,,,9031000000,-0.070,9003000000,-0.078,,5980000000,,188.50,,,,,,,,,,,,,,,,,,,,,,true,true,12,2022-10-01,2023-09-30,1
2022-10-28,60800,2022-09-30,,17810000000,0.287,,,,,9013000000,0.313,9076000000,0.317,6134000000,,0.316,193.40,188.64,,,,,38215000000,32160000000,0.834,1004.85,31882000000,,,,,0.00,,,,31729000,398,31720218,false,false,12,2021-10-01,2022-09-30,0
2022-10-28,60800,2021-09-30,,13833000000,0.357,,,,,6865000000,0.388,6889000000,0.390,4661000000,,0.391,147.74,142.98,,,,,30510000000,26042000000,0.843,811.24,25729000000,,,,,0.00,,,,31717000,398,31554049,false,false,12,2020-10-01,2021-09-30,-1
2022-10-28,60800,2023-09-30,,,,,,,,,,,,,,,,,,,,,,,,,,,,,,0.00,,,,,,,false,true,12,2022-10-01,2023-09-30,1
2023-01-30,60800,2023-09-30,1,3100000000,-0.393,,,,,330000000,-0.872,330000000,-0.871,,81000000,,2.56,2.51,,,,,37127000000,32940000000,0.873,,32400000000,,,,,,,,,,,,true,false,3,2022-10-01,2022-12-31,0
2023-01-30,60800,2022-09-30,1,5105000000,0.285,,,,,2571000000,0.423,2573000000,0.421,,1751000000,,55.21,53.65,,,,,,,,,,,,,,,,,,,,,true,false,3,2021-10-01,2021-12-31,-1
2023-01-30,60800,2023-09-30,1,22641000000,0.093,,,,,9031000000,-0.070,9003000000,-0.078,,5980000000,,188.50,,,,,,,,,,,,,,,,,,,,,,true,true,12,2022-10-01,2023-09-30,0
2023-01-30,60800,2022-09-30,1,,,,,,,,,,,,,,,,,,,,39913000000,32598000000,0.810,,32320000000,,,,,,,,,,,,true,false,12,2021-10-01,2022-09-30,-1
2023-01-30,60800,2022-09-30,1,,,,,,,,,,,,,,,,,,,,,,,,,,,,,0.00,,,,31729000,398,,false,false,12,2021-10-01,2022-09-30,-1
2023-01-30,60800,2023-09-30,1,,,,,,,,,,,,,,,,,,,,,,,,,,,,,0.00,,,,,,,false,true,12,2022-10-01,2023-09-30,0
2023-01-30,60800,2023-09-30,1,,,,,,,,,,,,,,,,,,,,,,,,,,,,,,,,,31729000,398,31728602,false,false,3,2022-10-01,2022-12-31,0
2023-01-30,60800,2022-09-30,1,,,,,,,,,,,,,,,,,,,,,,,,,,,,,,,,,,,31716602,false,false,3,2021-10-01,2021-12-31,-1
2023-04-28,60800,2023-09-30,2,13003000000,0.449,,,,,5471000000,0.282,5474000000,0.273,,3053000000,,96.25,94.02,,,,,44044000000,35934000000,0.803,,35372000000,,,,,,,,,,,,true,false,6,2022-10-01,2023-03-31,0
2023-04-28,60800,2022-09-30,2,8972000000,0.178,,,,,4266000000,0.251,4299000000,0.258,,2887000000,,91.05,88.57,,,,,,,,,,,,,,,,,,,,,true,false,6,2021-10-01,2022-03-31,-1
2023-04-28,60800,2023-09-30,2,22641000000,0.093,,,,,9031000000,-0.070,9003000000,-0.078,,5980000000,,188.50,,,,,,,,,,,,,,,,,,,,,,true,true,12,2022-10-01,2023-09-30,0
2023-04-28,60800,2022-09-30,2,,,,,,,,,,,,,,,,,,,,39913000000,32598000000,0.810,,32320000000,,,,,,,,,,,,true,false,12,2021-10-01,2022-09-30,-1
2023-04-28,60800,2022-09-30,2,,,,,,,,,,,,,,,,,,,,,,,,,,,,,0.00,,,,31729000,398,,false,false,12,2021-10-01,2022-09-30,-1
2023-04-28,60800,2023-09-30,2,,,,,,,,,,,,,,,,,,,,,,,,,,,,,0.00,,,,,,,false,false,12,2022-10-01,2023-09-30,0
2023-04-28,60800,2023-09-30,2,,,,,,,,,,,,,,,,,,,,,,,,,,,,,0.00,,,,,,,false,true,12,2022-10-01,2023-09-30,0
2023-04-28,60800,2023-09-30,2,,,,,,,,,,,,,,,,,,,,,,,,,,,,,,,,,31729000,398,31728602,false,false,6,2022-10-01,2023-03-31,0
2023-04-28,60800,2022-09-30,2,,,,,,,,,,,,,,,,,,,,,,,,,,,,,,,,,,,31716602,false,false,6,2021-10-01,2022-03-31,-1
2023-07-28,60800,2023-09-30,3,15988000000,0.130,,,,,5813000000,-0.138,5821000000,-0.144,,3197000000,,100.78,98.59,,,,,41192000000,36105000000,0.862,,35518000000,,,,,,,,,,,,true,false,9,2022-10-01,2023-06-30,0
2023-07-28,60800,2022-09-30,3,14155000000,0.334,,,,,6746000000,0.487,6799000000,0.495,,4601000000,,145.07,141.34,,,,,,,,,,,,,,,,,,,,,true,false,9,2021-10-01,2022-06-30,-1
2023-07-28,60800,2023-09-30,3,22641000000,0.093,,,,,9031000000,-0.070,9003000000,-0.078,,5980000000,,188.50,,,,,,,,,,,,,,,,,,,,,,true,true,12,2022-10-01,2023-09-30,0
2023-07-28,60800,2022-09-30,3,,,,,,,,,,,,,,,,,,,,39913000000,32598000000,0.810,,32320000000,,,,,,,,,,,,true,false,12,2021-10-01,2022-09-30,-1
2023-07-28,60800,2022-09-30,3,,,,,,,,,,,,,,,,,,,,,,,,,,,,,0.00,,,,31729000,398,,false,false,12,2021-10-01,2022-09-30,-1
2023-07-28,60800,2023-09-30,3,,,,,,,,,,,,,,,,,,,,,,,,,,,,,0.00,,,,,,,false,false,12,2022-10-01,2023-09-30,0
2023-07-28,60800,2023-09-30,3,,,,,,,,,,,,,,,,,,,,,,,,,,,,,40.00,,,,,,,false,true,12,2022-10-01,2023-09-30,0
2023-07-28,60800,2023-09-30,3,,,,,,,,,,,,,,,,,,,,,,,,,,,,,,,,,31729000,398,31728602,false,false,9,2022-10-01,2023-06-30,0
2023-07-28,60800,2022-09-30,3,,,,,,,,,,,,,,,,,,,,,,,,,,,,,,,,,,,31717393,false,false,9,2021-10-01,2022-06-30,-1
2023-10-31,60800,2023-09-30,,20851000000,0.007,,,,,7449000000,-0.233,7470000000,-0.235,,4225000000,,133.17,130.40,0.123,0.178,0.357,,43901000000,37161000000,0.833,1152.19,36591000000,4741000000,-1323000000,168000000,35255000000,,0.300,,,,,,true,false,12,2022-10-01,2023-09-30,0
2023-10-31,60800,2022-09-30,,20706000000,0.366,,,,,9713000000,0.478,9766000000,0.482,,6794000000,,214.21,208.93,0.235,0.276,0.469,,39913000000,32598000000,0.810,1018.67,32320000000,8505000000,-91000000,-12000000,31668000000,,,,,,,,true,false,12,2021-10-01,2022-09-30,-1
2023-10-31,60800,2024-09-30,,22835000000,0.095,,,,,8102000000,0.088,8104000000,0.085,,5436000000,,171.20,,,,,,,,,,,,,,,,0.234,,,,,,true,true,12,2023-10-01,2024-09-30,1
2023-10-31,60800,2023-09-30,,19666000000,0.104,,,,,8255000000,-0.084,8227000000,-0.094,5348000000,,-0.128,168.54,165.03,,,,,44121000000,37845000000,0.845,1173.73,37275000000,,,,,40.00,,,,31759000,398,31733944,false,false,12,2022-10-01,2023-09-30,0
2023-10-31,60800,2022-09-30,,17810000000,0.287,,,,,9013000000,0.313,9076000000,0.317,6134000000,,0.316,193.40,188.64,,,,,38215000000,32160000000,0.834,1004.85,31882000000,,,,,0.00,,,,31729000,398,31720218,false,false,12,2021-10-01,2022-09-30,-1
2023-10-31,60800,2024-09-30,,,,,,,,,,,,,,,,,,,,,,,,,,,,,,40.00,,,,,,,false,true,12,2023-10-01,2024-09-30,1
2024-01-30,60800,2024-09-30,1,3156000000,0.018,,,,,591000000,0.792,592000000,0.789,,411000000,,12.94,12.76,,,,,40385000000,36236000000,0.885,,35731000000,,,,,,,,,,,,true,false,3,2023-10-01,2023-12-31,0
2024-01-30,60800,2023-09-30,1,3100000000,-0.393,,,,,330000000,-0.872,330000000,-0.871,,81000000,,2.56,2.51,,,,,,,,,,,,,,,,,,,,,true,false,3,2022-10-01,2022-12-31,-1
2024-01-30,60800,2024-09-30,1,22835000000,0.095,,,,,8102000000,0.088,8104000000,0.085,,5436000000,,171.20,,,,,,,,,,,,,,,,,,,,,,true,true,12,2023-10-01,2024-09-30,0
2024-01-30,60800,2023-09-30,1,,,,,,,,,,,,,,,,,,,,43901000000,37161000000,0.833,,36591000000,,,,,,,,,,,,true,false,12,2022-10-01,2023-09-30,-1
2024-01-30,60800,2023-09-30,1,,,,,,,,,,,,,,,,,,,,,,,,,,,,,40.00,,,,31759000,398,,false,false,12,2022-10-01,2023-09-30,-1
2024-01-30,60800,2024-09-30,1,,,,,,,,,,,,,,,,,,,,,,,,,,,,,40.00,,,,,,,false,true,12,2023-10-01,2024-09-30,0
2024-01-30,60800,2024-09-30,1,,,,,,,,,,,,,,,,,,,,,,,,,,,,,,,,,31759000,398,31758602,false,false,3,2023-10-01,2023-12-31,0
2024-01-30,60800,2023-09-30,1,,,,,,,,,,,,,,,,,,,,,,,,,,,,,,,,,,,31728602,false,false,3,2022-10-01,2022-12-31,-1
2024-04-26,60800,2024-09-30,2,7247000000,-0.443,,,,,1665000000,-0.696,1668000000,-0.695,,1113000000,,35.05,34.55,,,,,42381000000,36959000000,0.860,,36434000000,,,,,,,,,,,,true,false,6,2023-10-01,2024-03-31,0
2024-04-26,60800,2023-09-30,2,13003000000,0.449,,,,,5471000000,0.282,5474000000,0.273,,3053000000,,96.25,94.02,,,,,,,,,,,,,,,,,,,,,true,false,6,2022-10-01,2023-03-31,-1
2024-04-26,60800,2024-09-30,2,22835000000,0.095,,,,,8102000000,0.088,8104000000,0.085,,5436000000,,171.20,,,,,,,,,,,,,,,,,,,,,,true,true,12,2023-10-01,2024-09-30,0
2024-04-26,60800,2023-09-30,2,,,,,,,,,,,,,,,,,,,,43901000000,37161000000,0.833,,36591000000,,,,,,,,,,,,true,false,12,2022-10-01,2023-09-30,-1
2024-04-26,60800,2023-09-30,2,,,,,,,,,,,,,,,,,,,,,,,,,,,,,40.00,,,,31759000,398,,false,false,12,2022-10-01,2023-09-30,-1
2024-04-26,60800,2024-09-30,2,,,,,,,,,,,,,,,,,,,,,,,,,,,,,0.00,,,,,,,false,false,12,2023-10-01,2024-09-30,0
2024-04-26,60800,2024-09-30,2,,,,,,,,,,,,,,,,,,,,,,,,,,,,,40.00,,,,,,,false,true,12,2023-10-01,2024-09-30,0
2024-04-26,60800,2024-09-30,2,,,,,,,,,,,,,,,,,,,,,,,,,,,,,,,,,31759000,398,31758602,false,false,6,2023-10-01,2024-03-31,0
2024-04-26,60800,2023-09-30,2,,,,,,,,,,,,,,,,,,,,,,,,,,,,,,,,,,,31728602,false,false,6,2022-10-01,2023-03-31,-1
2024-07-30,60800,2024-09-30,3,11516000000,-0.280,,,,,2888000000,-0.503,2891000000,-0.503,,1897000000,,59.76,58.92,,,,,42266000000,37766000000,0.881,,37220000000,,,,,,,,,,,,true,false,9,2023-10-01,2024-06-30,0
2024-07-30,60800,2023-09-30,3,15988000000,0.130,,,,,5813000000,-0.138,5821000000,-0.144,,3197000000,,100.78,98.59,,,,,,,,,,,,,,,,,,,,,true,false,9,2022-10-01,2023-06-30,-1
2024-07-30,60800,2024-09-30,3,19305000000,-0.074,,,,,6201000000,-0.168,6199000000,-0.170,,4277000000,,134.67,,,,,,,,,,,,,,,,,,,,,,true,true,12,2023-10-01,2024-09-30,0
2024-07-30,60800,2023-09-30,3,,,,,,,,,,,,,,,,,,,,43901000000,37161000000,0.833,,36591000000,,,,,,,,,,,,true,false,12,2022-10-01,2023-09-30,-1
2024-07-30,60800,2023-09-30,3,,,,,,,,,,,,,,,,,,,,,,,,,,,,,40.00,,,,31759000,398,,false,false,12,2022-10-01,2023-09-30,-1
2024-07-30,60800,2024-09-30,3,,,,,,,,,,,,,,,,,,,,,,,,,,,,,0.00,,,,,,,false,false,12,2023-10-01,2024-09-30,0
2024-07-30,60800,2024-09-30,3,,,,,,,,,,,,,,,,,,,,,,,,,,,,,40.00,,,,,,,false,true,12,2023-10-01,2024-09-30,0
2024-07-30,60800,2024-09-30,3,,,,,,,,,,,,,,,,,,,,,,,,,,,,,,,,,31759000,398,31758602,false,false,9,2023-10-01,2024-06-30,0
2024-07-30,60800,2023-09-30,3,,,,,,,,,,,,,,,,,,,,,,,,,,,,,,,,,,,31728602,false,false,9,2022-10-01,2023-06-30,-1
2024-10-31,60800,2024-09-30,,19166000000,-0.081,,,,,6375000000,-0.144,6380000000,-0.146,,4464000000,,140.58,138.64,0.117,0.140,0.333,,47139000000,40409000000,0.847,1257.84,39947000000,3844000000,-2680000000,-1270000000,35146000000,,0.285,,,,,,true,false,12,2023-10-01,2024-09-30,0
2024-10-31,60800,2023-09-30,,20851000000,0.007,,,,,7449000000,-0.233,7470000000,-0.235,,4225000000,,133.17,130.40,0.123,0.178,0.357,,43901000000,37161000000,0.833,1152.19,36591000000,4741000000,-1323000000,168000000,35255000000,,0.300,,,,,,true,false,12,2022-10-01,2023-09-30,-1
2024-10-31,60800,2025-09-30,,23645000000,0.234,,,,,8102000000,0.271,8105000000,0.270,,5487000000,,172.79,,,,,,,,,,,,,,,,0.231,,,,,,true,true,12,2024-10-01,2025-09-30,1
2024-10-31,60800,2024-09-30,,17273000000,-0.122,,,,,6493000000,-0.213,6503000000,-0.210,4600000000,,-0.140,144.85,142.86,,,,,47253000000,41231000000,0.863,1283.71,40768000000,,,,,40.00,,,,31759000,398,31758602,false,false,12,2023-10-01,2024-09-30,0
2024-10-31,60800,2023-09-30,,19666000000,0.104,,,,,8255000000,-0.084,8227000000,-0.094,5348000000,,-0.128,168.54,165.03,,,,,44121000000,37845000000,0.845,1173.73,37275000000,,,,,40.00,,,,31759000,398,31733944,false,false,12,2022-10-01,2023-09-30,-1
2024-10-31,60800,2025-09-30,,,,,,,,,,,,,,,,,,,,,,,,,,,,,,40.00,,,,,,,false,true,12,2024-10-01,2025-09-30,1
2025-01-30,60800,2025-09-30,1,7316000000,1.318,,,,,3345000000,4.651,3345000000,4.652,,2325000000,,73.23,72.15,,,,,47798000000,40663000000,0.841,,40183000000,,,,,,,,,,,,true,false,3,2024-10-01,2024-12-31,0
2025-01-30,60800,2024-09-30,1,3156000000,0.018,,,,,591000000,0.792,592000000,0.789,,411000000,,12.94,12.76,,,,,,,,,,,,,,,,,,,,,true,false,3,2023-10-01,2023-12-31,-1
2025-01-30,60800,2025-09-30,1,23645000000,0.234,,,,,8102000000,0.271,8105000000,0.270,,5487000000,,172.79,,,,,,,,,,,,,,,,,,,,,,true,true,12,2024-10-01,2025-09-30,0
2025-01-30,60800,2024-09-30,1,,,,,,,,,,,,,,,,,,,,47139000000,40409000000,0.847,,39947000000,,,,,,,,,,,,true,false,12,2023-10-01,2024-09-30,-1
2025-01-30,60800,2024-09-30,1,,,,,,,,,,,,,,,,,,,,,,,,,,,,,40.00,,,,31759000,398,,false,false,12,2023-10-01,2024-09-30,-1
2025-01-30,60800,2025-09-30,1,,,,,,,,,,,,,,,,,,,,,,,,,,,,,51.84,,,,,,,false,true,12,2024-10-01,2025-09-30,0
2025-01-30,60800,2025-09-30,1,,,,,,,,,,,,,,,,,,,,,,,,,,,,,,,,,31759000,398,31758602,false,false,3,2024-10-01,2024-12-31,0
2025-01-30,60800,2024-09-30,1,,,,,,,,,,,,,,,,,,,,,,,,,,,,,,,,,,,31758602,false,false,3,2023-10-01,2023-12-31,-1
2025-04-30,60800,2025-09-30,2,11466000000,0.582,,,,,4234000000,1.543,4251000000,1.549,,2877000000,,90.59,89.22,,,,,49083000000,41231000000,0.829,,40705000000,,,,,,,,,,,,true,false,6,2024-10-01,2025-03-31,0
2025-04-30,60800,2024-09-30,2,7247000000,-0.443,,,,,1665000000,-0.696,1668000000,-0.695,,1113000000,,35.05,34.55,,,,,,,,,,,,,,,,,,,,,true,false,6,2023-10-01,2024-03-31,-1
2025-04-30,60800,2025-09-30,2,23645000000,0.234,,,,,8102000000,0.271,8105000000,0.270,,5487000000,,172.79,,,,,,,,,,,,,,,,,,,,,,true,true,12,2024-10-01,2025-09-30,0
2025-04-30,60800,2024-09-30,2,,,,,,,,,,,,,,,,,,,,47139000000,40409000000,0.847,,39947000000,,,,,,,,,,,,true,false,12,2023-10-01,2024-09-30,-1
2025-04-30,60800,2024-09-30,2,,,,,,,,,,,,,,,,,,,,,,,,,,,,,40.00,,,,31759000,398,,false,false,12,2023-10-01,2024-09-30,-1
2025-04-30,60800,2025-09-30,2,,,,,,,,,,,,,,,,,,,,,,,,,,,,,0.00,,,,,,,false,false,12,2024-10-01,2025-09-30,0
2025-04-30,60800,2025-09-30,2,,,,,,,,,,,,,,,,,,,,,,,,,,,,,51.84,,,,,,,false,true,12,2024-10-01,2025-09-30,0
2025-04-30,60800,2025-09-30,2,,,,,,,,,,,,,,,,,,,,,,,,,,,,,,,,,31759000,398,31758602,false,false,6,2024-10-01,2025-03-31,0
2025-04-30,60800,2024-09-30,2,,,,,,,,,,,,,,,,,,,,,,,,,,,,,,,,,,,31758602,false,false,6,2023-10-01,2024-03-31,-1
