filing_date,code,fiscal_year_end,quarterly_period,net_sales,net_sales_change,revenue,revenue_change,operating_revenue,operating_revenue_change,operating_profit,operating_profit_change,ordinary_profit,ordinary_profit_change,net_income,net_income_of_parent,net_income_change,eps,diluted_eps,roe,roa,operating_profit_to_net_sales,operating_profit_to_revenue,total_assets,net_assets,equity_ratio,bps,owner_equity,operating_cash_flow,investing_cash_flow,financing_cash_flow,cash,dividend_per_share,payout_ratio,commemorative_dividend,extra_dividend,number_of_shares,number_of_treqsury_shares,avg_number_of_shares,is_consolidated,is_forecast,duration,period_start,period_end,period_pos
2015-07-14,60830,2015-05-31,,11949000000,-0.045,,,,,292000000,-0.540,331000000,-0.491,18000000,,,2.37,,0.009,0.076,0.024,,4296000000,2072000000,0.481,265.32,2067000000,715000000,36000000,-262000000,2341000000,,12.632,,,,,,true,false,12,2014-06-01,2015-05-31,0
2015-07-14,60830,2014-05-31,,12509000000,,,,,,635000000,,651000000,,-41000000,,,-5.33,,-0.017,0.143,0.051,,4382000000,2199000000,0.501,285.09,2194000000,708000000,-157000000,-301000000,1851000000,,,,,,,,true,false,12,2013-06-01,2014-05-31,-1
2015-07-14,60830,2016-05-31,,5811000000,-0.011,,,,,272000000,,266000000,4.703,,142000000,,18.23,,,,,,,,,,,,,,,,,,,,,,true,true,6,2015-06-01,2015-11-30,1
2015-07-14,60830,2016-05-31,,11741000000,-0.017,,,,,649000000,1.224,643000000,0.941,,378000000,,48.39,,,,,,,,,,,,,,,,0.620,,,,,,true,true,12,2015-06-01,2016-05-31,1
2015-07-14,60830,2014-05-31,,,,,,,,,,,,,,,,,,,,,,,,,,,,,,17.00,,,,7832400,133283,7735144,false,false,12,2013-06-01,2014-05-31,-1
2015-07-14,60830,2015-05-31,,,,,,,,,,,,,,,,,,,,,,,,,,,,,,30.00,,,,7832400,40783,7744342,false,false,12,2014-06-01,2015-05-31,0
2015-07-14,60830,2016-05-31,,,,,,,,,,,,,,,,,,,,,,,,,,,,,,30.00,,,,,,,false,true,12,2015-06-01,2016-05-31,1
2015-07-14,60830,2015-05-31,,11949000000,-0.036,,,,,292000000,-0.373,331000000,-0.339,18000000,,-0.892,2.37,,,,,,,,,,,,,,,,,,,,,,true,true,12,2014-06-01,2015-05-31,0
2015-07-14,60830,2014-05-31,,12509000000,,,,,,635000000,,651000000,,-41000000,,,-5.33,,,,,,,,,,,,,,,,,,,,,,true,false,12,2013-06-01,2014-05-31,-1
2015-09-30,60830,2016-05-31,1,2912000000,0.017,,,,,95000000,,111000000,,,74000000,,9.50,,,,,,4122000000,2082000000,0.504,,2078000000,,,,,,,,,,,,true,false,3,2015-06-01,2015-08-31,0
2015-09-30,60830,2015-05-31,1,2865000000,,,,,,-54000000,,-45000000,,,-40000000,,-5.24,,,,,,,,,,,,,,,,,,,,,,true,false,3,2014-06-01,2014-08-31,-1
2015-09-30,60830,2016-05-31,1,5811000000,-0.011,,,,,272000000,,266000000,4.703,,142000000,,18.23,,,,,,,,,,,,,,,,,,,,,,true,true,6,2015-06-01,2015-11-30,0
2015-09-30,60830,2016-05-31,1,11741000000,-0.017,,,,,649000000,1.224,643000000,0.941,,378000000,,48.39,,,,,,,,,,,,,,,,,,,,,,true,true,12,2015-06-01,2016-05-31,0
2015-09-30,60830,2015-05-31,1,,,,,,,,,,,,,,,,,,,,4296000000,2072000000,0.481,,2067000000,,,,,,,,,,,,true,false,12,2014-06-01,2015-05-31,-1
2015-09-30,60830,2015-05-31,1,,,,,,,,,,,,,,,,,,,,,,,,,,,,,30.00,,,,7832400,40783,,false,false,12,2014-06-01,2015-05-31,-1
2015-09-30,60830,2016-05-31,1,,,,,,,,,,,,,,,,,,,,,,,,,,,,,30.00,,,,,,,false,true,12,2015-06-01,2016-05-31,0
2015-09-30,60830,2016-05-31,1,,,,,,,,,,,,,,,,,,,,,,,,,,,,,,,,,7832400,11183,7802699,false,false,3,2015-06-01,2015-08-31,0
2015-09-30,60830,2015-05-31,1,,,,,,,,,,,,,,,,,,,,,,,,,,,,,,,,,,,7709174,false,false,3,2014-06-01,2014-08-31,-1
2015-12-08,60830,2016-05-31,,5936000000,0.021,,,,,320000000,0.177,332000000,0.251,,202000000,,25.88,,,,,,,,,,,,,,,,,,,,,,true,true,6,2015-06-01,2015-11-30,0
2015-12-08,60830,2015-05-31,,5877000000,,,,,,14000000,,46000000,,,6000000,,0.90,,,,,,,,,,,,,,,,,,,,,,true,false,6,2014-06-01,2014-11-30,-1
2015-12-08,60830,2016-05-31,,11866000000,0.011,,,,,741000000,0.142,754000000,0.172,,507000000,,64.93,,,,,,,,,,,,,,,,,,,,,,true,true,12,2015-06-01,2016-05-31,0
2015-12-08,60830,2015-05-31,,11949000000,,,,,,292000000,,331000000,,,18000000,,2.37,,,,,,,,,,,,,,,,,,,,,,true,false,12,2014-06-01,2015-05-31,-1
2015-12-28,60830,2016-05-31,2,5923000000,0.008,,,,,327000000,,338000000,6.263,,205000000,,26.36,,,,,,4099000000,2227000000,0.543,,2224000000,,,,,,,,,,,,true,false,6,2015-06-01,2015-11-30,0
2015-12-28,60830,2015-05-31,2,5877000000,,,,,,14000000,,46000000,,,6000000,,0.90,,,,,,,,,,,,,,,,,,,,,,true,false,6,2014-06-01,2014-11-30,-1
2015-12-28,60830,2016-05-31,2,11866000000,-0.007,,,,,741000000,1.539,754000000,1.275,,507000000,,64.93,,,,,,,,,,,,,,,,,,,,,,true,true,12,2015-06-01,2016-05-31,0
2015-12-28,60830,2015-05-31,2,,,,,,,,,,,,,,,,,,,,4296000000,2072000000,0.481,,2067000000,,,,,,,,,,,,true,false,12,2014-06-01,2015-05-31,-1
2015-12-28,60830,2015-05-31,2,,,,,,,,,,,,,,,,,,,,,,,,,,,,,30.00,,,,7832400,40783,,false,false,12,2014-06-01,2015-05-31,-1
2015-12-28,60830,2016-05-31,2,,,,,,,,,,,,,,,,,,,,,,,,,,,,,15.00,,,,,,,false,false,12,2015-06-01,2016-05-31,0
2015-12-28,60830,2016-05-31,2,,,,,,,,,,,,,,,,,,,,,,,,,,,,,30.00,,,,,,,false,true,12,2015-06-01,2016-05-31,0
2015-12-28,60830,2016-05-31,2,,,,,,,,,,,,,,,,,,,,,,,,,,,,,,,,,7832400,83,7815296,false,false,6,2015-06-01,2015-11-30,0
2015-12-28,60830,2015-05-31,2,,,,,,,,,,,,,,,,,,,,,,,,,,,,,,,,,,,7721242,false,false,6,2014-06-01,2014-11-30,-1
2016-03-29,60830,2016-05-31,3,8685000000,-0.019,,,,,490000000,2.906,502000000,2.150,,339000000,,43.44,,,,,,4165000000,2245000000,0.538,,2240000000,,,,,,,,,,,,true,false,9,2015-06-01,2016-02-29,0
2016-03-29,60830,2015-05-31,3,8853000000,-0.064,,,,,125000000,-0.782,159000000,-0.731,,68000000,,8.80,,,,,,,,,,,,,,,,,,,,,,true,false,9,2014-06-01,2015-02-28,-1
2016-03-29,60830,2016-05-31,3,11866000000,-0.007,,,,,741000000,1.539,754000000,1.275,,507000000,,64.93,,,,,,,,,,,,,,,,,,,,,,true,true,12,2015-06-01,2016-05-31,0
2016-03-29,60830,2015-05-31,3,,,,,,,,,,,,,,,,,,,,4296000000,2072000000,0.481,,2067000000,,,,,,,,,,,,true,false,12,2014-06-01,2015-05-31,-1
2016-03-29,60830,2015-05-31,3,,,,,,,,,,,,,,,,,,,,,,,,,,,,,30.00,,,,7832400,40783,,false,false,12,2014-06-01,2015-05-31,-1
2016-03-29,60830,2016-05-31,3,,,,,,,,,,,,,,,,,,,,,,,,,,,,,15.00,,,,,,,false,false,12,2015-06-01,2016-05-31,0
2016-03-29,60830,2016-05-31,3,,,,,,,,,,,,,,,,,,,,,,,,,,,,,30.00,,,,,,,false,true,12,2015-06-01,2016-05-31,0
2016-03-29,60830,2016-05-31,3,,,,,,,,,,,,,,,,,,,,,,,,,,,,,,,,,7832400,83,7820949,false,false,9,2015-06-01,2016-02-29,0
2016-03-29,60830,2015-05-31,3,,,,,,,,,,,,,,,,,,,,,,,,,,,,,,,,,,,7731999,false,false,9,2014-06-01,2015-02-28,-1
2016-07-12,60830,2016-05-31,,11470000000,-0.040,,,,,569000000,0.951,625000000,0.888,,414000000,,52.96,,0.189,0.149,0.050,,4110000000,2320000000,0.563,295.60,2315000000,252000000,13000000,-270000000,2336000000,,0.566,,,,,,true,false,12,2015-06-01,2016-05-31,0
2016-07-12,60830,2015-05-31,,11949000000,-0.045,,,,,292000000,-0.540,331000000,-0.491,,18000000,,2.37,,0.009,0.076,0.024,,4296000000,2072000000,0.481,265.32,2067000000,715000000,36000000,-262000000,2341000000,,12.632,,,,,,true,false,12,2014-06-01,2015-05-31,-1
2016-07-12,60830,2017-05-31,,5992000000,0.012,,,,,317000000,-0.031,315000000,-0.069,,197000000,,25.19,,,,,,,,,,,,,,,,,,,,,,true,true,6,2016-06-01,2016-11-30,1
2016-07-12,60830,2017-05-31,,11879000000,0.036,,,,,632000000,0.109,628000000,0.004,,400000000,,51.15,,,,,,,,,,,,,,,,0.586,,,,,,true,true,12,2016-06-01,2017-05-31,1
2016-07-12,60830,2015-05-31,,,,,,,,,,,,,,,,,,,,,,,,,,,,,,30.00,,,,7832400,40783,7744342,false,false,12,2014-06-01,2015-05-31,-1
2016-07-12,60830,2016-05-31,,,,,,,,,,,,,,,,,,,,,,,,,,,,,,30.00,,,,7832400,83,7823806,false,false,12,2015-06-01,2016-05-31,0
2016-07-12,60830,2017-05-31,,,,,,,,,,,,,,,,,,,,,,,,,,,,,,30.00,,,,,,,false,true,12,2016-06-01,2017-05-31,1
2016-09-30,60830,2017-05-31,1,2701000000,-0.072,,,,,26000000,-0.719,32000000,-0.714,,13000000,,1.73,,,,,,4086000000,2215000000,0.541,,2211000000,,,,,,,,,,,,true,false,3,2016-06-01,2016-08-31,0
2016-09-30,60830,2016-05-31,1,2912000000,0.017,,,,,95000000,,111000000,,,74000000,,9.50,,,,,,,,,,,,,,,,,,,,,,true,false,3,2015-06-01,2015-08-31,-1
2016-09-30,60830,2017-05-31,1,5992000000,0.012,,,,,317000000,-0.031,315000000,-0.069,,197000000,,25.19,,,,,,,,,,,,,,,,,,,,,,true,true,6,2016-06-01,2016-11-30,0
2016-09-30,60830,2017-05-31,1,11879000000,0.036,,,,,632000000,0.109,628000000,0.004,,400000000,,51.15,,,,,,,,,,,,,,,,,,,,,,true,true,12,2016-06-01,2017-05-31,0
2016-09-30,60830,2016-05-31,1,,,,,,,,,,,,,,,,,,,,4110000000,2320000000,0.563,,2315000000,,,,,,,,,,,,true,false,12,2015-06-01,2016-05-31,-1
2016-09-30,60830,2016-05-31,1,,,,,,,,,,,,,,,,,,,,,,,,,,,,,30.00,,,,7832400,83,,false,false,12,2015-06-01,2016-05-31,-1
2016-09-30,60830,2017-05-31,1,,,,,,,,,,,,,,,,,,,,,,,,,,,,,30.00,,,,,,,false,true,12,2016-06-01,2017-05-31,0
2016-09-30,60830,2017-05-31,1,,,,,,,,,,,,,,,,,,,,,,,,,,,,,,,,,7832400,83,7832317,false,false,3,2016-06-01,2016-08-31,0
2016-09-30,60830,2016-05-31,1,,,,,,,,,,,,,,,,,,,,,,,,,,,,,,,,,,,7802699,false,false,3,2015-06-01,2015-08-31,-1
2016-12-20,60830,2017-05-31,,5605000000,-0.065,,,,,135000000,-0.574,140000000,-0.554,,80000000,,10.32,,,,,,,,,,,,,,,,,,,,,,true,true,6,2016-06-01,2016-11-30,0
2016-12-20,60830,2016-05-31,,5923000000,,,,,,327000000,,338000000,,,205000000,,26.36,,,,,,,,,,,,,,,,,,,,,,true,false,6,2015-06-01,2015-11-30,-1
2016-12-20,60830,2017-05-31,,11492000000,-0.033,,,,,421000000,-0.334,425000000,-0.324,,256000000,,32.78,,,,,,,,,,,,,,,,,,,,,,true,true,12,2016-06-01,2017-05-31,0
2016-12-20,60830,2016-05-31,,11470000000,,,,,,569000000,,625000000,,,414000000,,52.96,,,,,,,,,,,,,,,,,,,,,,true,false,12,2015-06-01,2016-05-31,-1
2016-12-28,60830,2017-05-31,2,5605000000,-0.054,,,,,135000000,-0.587,140000000,-0.585,,80000000,,10.32,,,,,,4059000000,2283000000,0.561,,2278000000,,,,,,,,,,,,true,false,6,2016-06-01,2016-11-30,0
2016-12-28,60830,2016-05-31,2,5923000000,0.008,,,,,327000000,,338000000,6.263,,205000000,,26.36,,,,,,,,,,,,,,,,,,,,,,true,false,6,2015-06-01,2015-11-30,-1
2016-12-28,60830,2017-05-31,2,11492000000,0.002,,,,,421000000,-0.261,425000000,-0.321,,256000000,,32.78,,,,,,,,,,,,,,,,,,,,,,true,true,12,2016-06-01,2017-05-31,0
2016-12-28,60830,2016-05-31,2,,,,,,,,,,,,,,,,,,,,4110000000,2320000000,0.563,,2315000000,,,,,,,,,,,,true,false,12,2015-06-01,2016-05-31,-1
2016-12-28,60830,2016-05-31,2,,,,,,,,,,,,,,,,,,,,,,,,,,,,,30.00,,,,7832400,83,,false,false,12,2015-06-01,2016-05-31,-1
2016-12-28,60830,2017-05-31,2,,,,,,,,,,,,,,,,,,,,,,,,,,,,,15.00,,,,,,,false,false,12,2016-06-01,2017-05-31,0
2016-12-28,60830,2017-05-31,2,,,,,,,,,,,,,,,,,,,,,,,,,,,,,30.00,,,,,,,false,true,12,2016-06-01,2017-05-31,0
2016-12-28,60830,2017-05-31,2,,,,,,,,,,,,,,,,,,,,,,,,,,,,,,,,,7832400,83,7832317,false,false,6,2016-06-01,2016-11-30,0
2016-12-28,60830,2016-05-31,2,,,,,,,,,,,,,,,,,,,,,,,,,,,,,,,,,,,7815296,false,false,6,2015-06-01,2015-11-30,-1
2017-03-30,60830,2017-05-31,3,8412000000,-0.031,,,,,171000000,-0.651,187000000,-0.627,,109000000,,13.95,,,,,,4069000000,2194000000,0.538,,2189000000,,,,,,,,,,,,true,false,9,2016-06-01,2017-02-28,0
2017-03-30,60830,2016-05-31,3,8685000000,-0.019,,,,,490000000,2.906,502000000,2.150,,339000000,,43.44,,,,,,,,,,,,,,,,,,,,,,true,false,9,2015-06-01,2016-02-29,-1
2017-03-30,60830,2017-05-31,3,11492000000,0.002,,,,,421000000,-0.261,425000000,-0.321,,256000000,,32.78,,,,,,,,,,,,,,,,,,,,,,true,true,12,2016-06-01,2017-05-31,0
2017-03-30,60830,2016-05-31,3,,,,,,,,,,,,,,,,,,,,4110000000,2320000000,0.563,,2315000000,,,,,,,,,,,,true,false,12,2015-06-01,2016-05-31,-1
2017-03-30,60830,2016-05-31,3,,,,,,,,,,,,,,,,,,,,,,,,,,,,,30.00,,,,7832400,83,,false,false,12,2015-06-01,2016-05-31,-1
2017-03-30,60830,2017-05-31,3,,,,,,,,,,,,,,,,,,,,,,,,,,,,,15.00,,,,,,,false,false,12,2016-06-01,2017-05-31,0
2017-03-30,60830,2017-05-31,3,,,,,,,,,,,,,,,,,,,,,,,,,,,,,30.00,,,,,,,false,true,12,2016-06-01,2017-05-31,0
2017-03-30,60830,2017-05-31,3,,,,,,,,,,,,,,,,,,,,,,,,,,,,,,,,,7832400,83,7832317,false,false,9,2016-06-01,2017-02-28,0
2017-03-30,60830,2016-05-31,3,,,,,,,,,,,,,,,,,,,,,,,,,,,,,,,,,,,7820949,false,false,9,2015-06-01,2016-02-29,-1
2017-06-20,60830,2017-05-31,,11357000000,-0.012,,,,,289000000,-0.312,367000000,-0.135,,212000000,,27.17,,,,,,,,,,,,,,,,,,,,,,true,true,12,2016-06-01,2017-05-31,0
2017-06-20,60830,2016-05-31,,11470000000,,,,,,569000000,,625000000,,,414000000,,52.96,,,,,,,,,,,,,,,,,,,,,,true,false,12,2015-06-01,2016-05-31,-1
2017-07-11,60830,2017-05-31,,11357000000,-0.010,,,,,289000000,-0.492,367000000,-0.413,,212000000,,27.17,,0.092,0.089,0.026,,4109000000,2298000000,0.558,292.77,2293000000,168000000,-167000000,-234000000,2103000000,,1.104,,,,,,true,false,12,2016-06-01,2017-05-31,0
2017-07-11,60830,2016-05-31,,11470000000,-0.040,,,,,569000000,0.951,625000000,0.888,,414000000,,52.96,,0.189,0.149,0.050,,4110000000,2320000000,0.563,295.60,2315000000,252000000,13000000,-270000000,2336000000,,0.566,,,,,,true,false,12,2015-06-01,2016-05-31,-1
2017-07-11,60830,2018-05-31,,6069000000,0.083,,,,,355000000,1.630,359000000,1.558,,227000000,,28.99,,,,,,,,,,,,,,,,,,,,,,true,true,6,2017-06-01,2017-11-30,1
2017-07-11,60830,2018-05-31,,12187000000,0.073,,,,,635000000,1.194,643000000,0.749,,410000000,,52.45,,,,,,,,,,,,,,,,0.572,,,,,,true,true,12,2017-06-01,2018-05-31,1
2017-07-11,60830,2016-05-31,,,,,,,,,,,,,,,,,,,,,,,,,,,,,,30.00,,,,7832400,83,7823806,false,false,12,2015-06-01,2016-05-31,-1
2017-07-11,60830,2017-05-31,,,,,,,,,,,,,,,,,,,,,,,,,,,,,,30.00,,,,7832400,83,7832317,false,false,12,2016-06-01,2017-05-31,0
2017-07-11,60830,2018-05-31,,,,,,,,,,,,,,,,,,,,,,,,,,,,,,30.00,,,,,,,false,true,12,2017-06-01,2018-05-31,1
2017-09-29,60830,2018-05-31,1,2829000000,0.047,,,,,46000000,0.732,53000000,0.679,,26000000,,3.40,,,,,,4190000000,2206000000,0.526,,2202000000,,,,,,,,,,,,true,false,3,2017-06-01,2017-08-31,0
2017-09-29,60830,2017-05-31,1,2701000000,-0.072,,,,,26000000,-0.719,32000000,-0.714,,13000000,,1.73,,,,,,,,,,,,,,,,,,,,,,true,false,3,2016-06-01,2016-08-31,-1
2017-09-29,60830,2018-05-31,1,6069000000,0.083,,,,,355000000,1.630,359000000,1.558,,227000000,,28.99,,,,,,,,,,,,,,,,,,,,,,true,true,6,2017-06-01,2017-11-30,0
2017-09-29,60830,2018-05-31,1,12187000000,0.073,,,,,635000000,1.194,643000000,0.749,,410000000,,52.45,,,,,,,,,,,,,,,,,,,,,,true,true,12,2017-06-01,2018-05-31,0
2017-09-29,60830,2017-05-31,1,,,,,,,,,,,,,,,,,,,,4109000000,2298000000,0.558,,2293000000,,,,,,,,,,,,true,false,12,2016-06-01,2017-05-31,-1
2017-09-29,60830,2017-05-31,1,,,,,,,,,,,,,,,,,,,,,,,,,,,,,30.00,,,,7832400,83,,false,false,12,2016-06-01,2017-05-31,-1
2017-09-29,60830,2018-05-31,1,,,,,,,,,,,,,,,,,,,,,,,,,,,,,30.00,,,,,,,false,true,12,2017-06-01,2018-05-31,0
2017-09-29,60830,2018-05-31,1,,,,,,,,,,,,,,,,,,,,,,,,,,,,,,,,,7832400,83,7832317,false,false,3,2017-06-01,2017-08-31,0
2017-09-29,60830,2017-05-31,1,,,,,,,,,,,,,,,,,,,,,,,,,,,,,,,,,,,7832317,false,false,3,2016-06-01,2016-08-31,-1
2017-12-19,60830,2018-05-31,,5818000000,-0.041,,,,,206000000,-0.418,214000000,-0.403,,120000000,,15.42,,,,,,,,,,,,,,,,,,,,,,true,true,6,2017-06-01,2017-11-30,0
2017-12-19,60830,2017-05-31,,5605000000,,,,,,135000000,,140000000,,,80000000,,10.32,,,,,,,,,,,,,,,,,,,,,,true,false,6,2016-06-01,2016-11-30,-1
2017-12-19,60830,2018-05-31,,13144000000,0.079,,,,,595000000,-0.064,601000000,-0.064,,360000000,,45.98,,,,,,,,,,,,,,,,,,,,,,true,true,12,2017-06-01,2018-05-31,0
2017-12-19,60830,2017-05-31,,11357000000,,,,,,289000000,,367000000,,,212000000,,27.17,,,,,,,,,,,,,,,,,,,,,,true,false,12,2016-06-01,2017-05-31,-1
2017-12-28,60830,2018-05-31,2,5818000000,0.038,,,,,206000000,0.532,214000000,0.527,,120000000,,15.42,,,,,,6235000000,2303000000,0.368,,2296000000,,,,,,,,,,,,true,false,6,2017-06-01,2017-11-30,0
2017-12-28,60830,2017-05-31,2,5605000000,-0.054,,,,,135000000,-0.587,140000000,-0.585,,80000000,,10.32,,,,,,,,,,,,,,,,,,,,,,true,false,6,2016-06-01,2016-11-30,-1
2017-12-28,60830,2018-05-31,2,13144000000,0.157,,,,,595000000,1.053,601000000,0.637,,360000000,,45.98,,,,,,,,,,,,,,,,,,,,,,true,true,12,2017-06-01,2018-05-31,0
2017-12-28,60830,2017-05-31,2,,,,,,,,,,,,,,,,,,,,4109000000,2298000000,0.558,,2293000000,,,,,,,,,,,,true,false,12,2016-06-01,2017-05-31,-1
2017-12-28,60830,2017-05-31,2,,,,,,,,,,,,,,,,,,,,,,,,,,,,,30.00,,,,7832400,83,,false,false,12,2016-06-01,2017-05-31,-1
2017-12-28,60830,2018-05-31,2,,,,,,,,,,,,,,,,,,,,,,,,,,,,,15.00,,,,,,,false,false,12,2017-06-01,2018-05-31,0
2017-12-28,60830,2018-05-31,2,,,,,,,,,,,,,,,,,,,,,,,,,,,,,30.00,,,,,,,false,true,12,2017-06-01,2018-05-31,0
2017-12-28,60830,2018-05-31,2,,,,,,,,,,,,,,,,,,,,,,,,,,,,,,,,,7832400,83,7832317,false,false,6,2017-06-01,2017-11-30,0
2017-12-28,60830,2017-05-31,2,,,,,,,,,,,,,,,,,,,,,,,,,,,,,,,,,,,7832317,false,false,6,2016-06-01,2016-11-30,-1
2018-03-30,60830,2018-05-31,3,9307000000,0.106,,,,,386000000,1.252,391000000,1.091,,225000000,,28.93,,,,,,6250000000,2090000000,0.330,,2063000000,,,,,,,,,,,,true,false,9,2017-06-01,2018-02-28,0
2018-03-30,60830,2017-05-31,3,8412000000,-0.031,,,,,171000000,-0.651,187000000,-0.627,,109000000,,13.95,,,,,,,,,,,,,,,,,,,,,,true,false,9,2016-06-01,2017-02-28,-1
2018-03-30,60830,2018-05-31,3,13144000000,0.157,,,,,595000000,1.053,601000000,0.637,,360000000,,45.98,,,,,,,,,,,,,,,,,,,,,,true,true,12,2017-06-01,2018-05-31,0
2018-03-30,60830,2017-05-31,3,,,,,,,,,,,,,,,,,,,,4109000000,2298000000,0.558,,2293000000,,,,,,,,,,,,true,false,12,2016-06-01,2017-05-31,-1
2018-03-30,60830,2017-05-31,3,,,,,,,,,,,,,,,,,,,,,,,,,,,,,30.00,,,,7832400,83,,false,false,12,2016-06-01,2017-05-31,-1
2018-03-30,60830,2018-05-31,3,,,,,,,,,,,,,,,,,,,,,,,,,,,,,15.00,,,,,,,false,false,12,2017-06-01,2018-05-31,0
2018-03-30,60830,2018-05-31,3,,,,,,,,,,,,,,,,,,,,,,,,,,,,,30.00,,,,,,,false,true,12,2017-06-01,2018-05-31,0
2018-03-30,60830,2018-05-31,3,,,,,,,,,,,,,,,,,,,,,,,,,,,,,,,,,7832400,200083,7809606,false,false,9,2017-06-01,2018-02-28,0
2018-03-30,60830,2017-05-31,3,,,,,,,,,,,,,,,,,,,,,,,,,,,,,,,,,,,7832317,false,false,9,2016-06-01,2017-02-28,-1
2018-07-10,60830,2018-05-31,,13097000000,0.153,,,,,690000000,1.383,702000000,0.909,,429000000,,55.37,,0.189,0.134,0.053,,6346000000,2296000000,0.357,297.10,2267000000,675000000,-275000000,299000000,2803000000,,0.542,,,,,,true,false,12,2017-06-01,2018-05-31,0
2018-07-10,60830,2017-05-31,,11357000000,-0.010,,,,,289000000,-0.492,367000000,-0.413,,212000000,,27.17,,0.092,0.089,0.026,,4109000000,2298000000,0.558,292.77,2293000000,168000000,-167000000,-234000000,2103000000,,1.104,,,,,,true,false,12,2016-06-01,2017-05-31,-1
2018-07-10,60830,2019-05-31,,7475000000,0.285,,,,,461000000,1.230,465000000,1.168,,288000000,,37.83,,,,,,,,,,,,,,,,,,,,,,true,true,6,2018-06-01,2018-11-30,1
2018-07-10,60830,2019-05-31,,14916000000,0.139,,,,,757000000,0.097,765000000,0.090,,488000000,,64.01,,,,,,,,,,,,,,,,0.469,,,,,,true,true,12,2018-06-01,2019-05-31,1
2018-07-10,60830,2017-05-31,,,,,,,,,,,,,,,,,,,,,,,,,,,,,,30.00,,,,7832400,83,7832317,false,false,12,2016-06-01,2017-05-31,-1
2018-07-10,60830,2018-05-31,,,,,,,,,,,,,,,,,,,,,,,,,,,,,,30.00,,,,7832400,200083,7764920,false,false,12,2017-06-01,2018-05-31,0
2018-07-10,60830,2019-05-31,,,,,,,,,,,,,,,,,,,,,,,,,,,,,,30.00,,,,,,,false,true,12,2018-06-01,2019-05-31,1
2018-09-28,60830,2019-05-31,1,3523000000,0.245,,,,,125000000,1.698,138000000,1.582,,72000000,,9.52,,,,,,6177000000,2254000000,0.360,,2225000000,,,,,,,,,,,,true,false,3,2018-06-01,2018-08-31,0
2018-09-28,60830,2018-05-31,1,2829000000,0.047,,,,,46000000,0.732,53000000,0.679,,26000000,,3.40,,,,,,,,,,,,,,,,,,,,,,true,false,3,2017-06-01,2017-08-31,-1
2018-09-28,60830,2019-05-31,1,7475000000,0.285,,,,,461000000,1.230,465000000,1.168,,288000000,,37.83,,,,,,,,,,,,,,,,,,,,,,true,true,6,2018-06-01,2018-11-30,0
2018-09-28,60830,2019-05-31,1,14916000000,0.139,,,,,757000000,0.097,765000000,0.090,,488000000,,64.01,,,,,,,,,,,,,,,,,,,,,,true,true,12,2018-06-01,2019-05-31,0
2018-09-28,60830,2018-05-31,1,,,,,,,,,,,,,,,,,,,,6346000000,2296000000,0.357,,2267000000,,,,,,,,,,,,true,false,12,2017-06-01,2018-05-31,-1
2018-09-28,60830,2018-05-31,1,,,,,,,,,,,,,,,,,,,,,,,,,,,,,30.00,,,,7832400,200083,,false,false,12,2017-06-01,2018-05-31,-1
2018-09-28,60830,2019-05-31,1,,,,,,,,,,,,,,,,,,,,,,,,,,,,,30.00,,,,,,,false,true,12,2018-06-01,2019-05-31,0
2018-09-28,60830,2019-05-31,1,,,,,,,,,,,,,,,,,,,,,,,,,,,,,,,,,7832400,200083,7632317,false,false,3,2018-06-01,2018-08-31,0
2018-09-28,60830,2018-05-31,1,,,,,,,,,,,,,,,,,,,,,,,,,,,,,,,,,,,7832317,false,false,3,2017-06-01,2017-08-31,-1
2018-12-28,60830,2019-05-31,2,7241000000,0.245,,,,,348000000,0.682,364000000,0.696,,232000000,,30.53,,,,,,6459000000,2314000000,0.354,,2287000000,,,,,,,,,,,,true,false,6,2018-06-01,2018-11-30,0
2018-12-28,60830,2018-05-31,2,5818000000,0.038,,,,,206000000,0.532,214000000,0.527,,120000000,,15.42,,,,,,,,,,,,,,,,,,,,,,true,false,6,2017-06-01,2017-11-30,-1
2018-12-28,60830,2019-05-31,2,14916000000,0.139,,,,,757000000,0.097,765000000,0.090,,488000000,,64.01,,,,,,,,,,,,,,,,,,,,,,true,true,12,2018-06-01,2019-05-31,0
2018-12-28,60830,2018-05-31,2,,,,,,,,,,,,,,,,,,,,6346000000,2296000000,0.357,,2267000000,,,,,,,,,,,,true,false,12,2017-06-01,2018-05-31,-1
2018-12-28,60830,2018-05-31,2,,,,,,,,,,,,,,,,,,,,,,,,,,,,,30.00,,,,7832400,200083,,false,false,12,2017-06-01,2018-05-31,-1
2018-12-28,60830,2019-05-31,2,,,,,,,,,,,,,,,,,,,,,,,,,,,,,15.00,,,,,,,false,false,12,2018-06-01,2019-05-31,0
2018-12-28,60830,2019-05-31,2,,,,,,,,,,,,,,,,,,,,,,,,,,,,,30.00,,,,,,,false,true,12,2018-06-01,2019-05-31,0
2018-12-28,60830,2019-05-31,2,,,,,,,,,,,,,,,,,,,,,,,,,,,,,,,,,7832400,292783,7605243,false,false,6,2018-06-01,2018-11-30,0
2018-12-28,60830,2018-05-31,2,,,,,,,,,,,,,,,,,,,,,,,,,,,,,,,,,,,7832317,false,false,6,2017-06-01,2017-11-30,-1
2019-03-29,60830,2019-05-31,3,11200000000,0.203,,,,,725000000,0.879,744000000,0.900,,482000000,,63.56,,,,,,6605000000,2495000000,0.373,,2464000000,,,,,,,,,,,,true,false,9,2018-06-01,2019-02-28,0
2019-03-29,60830,2018-05-31,3,9307000000,0.106,,,,,386000000,1.252,391000000,1.091,,225000000,,28.93,,,,,,,,,,,,,,,,,,,,,,true,false,9,2017-06-01,2018-02-28,-1
2019-03-29,60830,2019-05-31,3,14916000000,0.139,,,,,757000000,0.097,765000000,0.090,,488000000,,64.01,,,,,,,,,,,,,,,,,,,,,,true,true,12,2018-06-01,2019-05-31,0
2019-03-29,60830,2018-05-31,3,,,,,,,,,,,,,,,,,,,,6346000000,2296000000,0.357,,2267000000,,,,,,,,,,,,true,false,12,2017-06-01,2018-05-31,-1
2019-03-29,60830,2018-05-31,3,,,,,,,,,,,,,,,,,,,,,,,,,,,,,30.00,,,,7832400,200083,,false,false,12,2017-06-01,2018-05-31,-1
2019-03-29,60830,2019-05-31,3,,,,,,,,,,,,,,,,,,,,,,,,,,,,,15.00,,,,,,,false,false,12,2018-06-01,2019-05-31,0
2019-03-29,60830,2019-05-31,3,,,,,,,,,,,,,,,,,,,,,,,,,,,,,30.00,,,,,,,false,true,12,2018-06-01,2019-05-31,0
2019-03-29,60830,2019-05-31,3,,,,,,,,,,,,,,,,,,,,,,,,,,,,,,,,,7832400,253285,7588361,false,false,9,2018-06-01,2019-02-28,0
2019-03-29,60830,2018-05-31,3,,,,,,,,,,,,,,,,,,,,,,,,,,,,,,,,,,,7809606,false,false,9,2017-06-01,2018-02-28,-1
2019-07-09,60830,2019-05-31,,15076000000,0.151,,,,,820000000,0.189,845000000,0.205,,523000000,,68.94,,0.218,0.128,0.054,,6896000000,2561000000,0.367,332.87,2529000000,624000000,-343000000,-131000000,2953000000,,0.435,,,,,,true,false,12,2018-06-01,2019-05-31,0
2019-07-09,60830,2018-05-31,,13097000000,0.153,,,,,690000000,1.383,702000000,0.909,,429000000,,55.37,,0.189,0.134,0.053,,6346000000,2296000000,0.357,297.10,2267000000,675000000,-275000000,299000000,2803000000,,0.542,,,,,,true,false,12,2017-06-01,2018-05-31,-1
2019-07-09,60830,2020-05-31,,7513000000,0.038,,,,,205000000,-0.409,229000000,-0.369,,124000000,,16.33,,,,,,,,,,,,,,,,,,,,,,true,true,6,2019-06-01,2019-11-30,1
2019-07-09,60830,2020-05-31,,15119000000,0.003,,,,,495000000,-0.396,530000000,-0.372,,286000000,,37.72,,,,,,,,,,,,,,,,0.795,,,,,,true,true,12,2019-06-01,2020-05-31,1
2019-07-09,60830,2018-05-31,,,,,,,,,,,,,,,,,,,,,,,,,,,,,,30.00,,,,7832400,200083,7764920,false,false,12,2017-06-01,2018-05-31,-1
2019-07-09,60830,2019-05-31,,,,,,,,,,,,,,,,,,,,,,,,,,,,,,30.00,,,,7832400,231985,7588261,false,false,12,2018-06-01,2019-05-31,0
2019-07-09,60830,2020-05-31,,,,,,,,,,,,,,,,,,,,,,,,,,,,,,30.00,,,,,,,false,true,12,2019-06-01,2020-05-31,1
2019-09-30,60830,2020-05-31,1,3687000000,0.047,,,,,50000000,-0.597,105000000,-0.240,,63000000,,8.38,,,,,,7112000000,2551000000,0.354,,2519000000,,,,,,,,,,,,true,false,3,2019-06-01,2019-08-31,0
2019-09-30,60830,2019-05-31,1,3523000000,0.245,,,,,125000000,1.698,138000000,1.582,,72000000,,9.52,,,,,,,,,,,,,,,,,,,,,,true,false,3,2018-06-01,2018-08-31,-1
2019-09-30,60830,2020-05-31,1,7513000000,0.038,,,,,205000000,-0.409,229000000,-0.369,,124000000,,16.33,,,,,,,,,,,,,,,,,,,,,,true,true,6,2019-06-01,2019-11-30,0
2019-09-30,60830,2020-05-31,1,15119000000,0.003,,,,,495000000,-0.396,530000000,-0.372,,286000000,,37.72,,,,,,,,,,,,,,,,,,,,,,true,true,12,2019-06-01,2020-05-31,0
2019-09-30,60830,2019-05-31,1,,,,,,,,,,,,,,,,,,,,6896000000,2561000000,0.367,,2529000000,,,,,,,,,,,,true,false,12,2018-06-01,2019-05-31,-1
2019-09-30,60830,2019-05-31,1,,,,,,,,,,,,,,,,,,,,,,,,,,,,,30.00,,,,7832400,231985,,false,false,12,2018-06-01,2019-05-31,-1
2019-09-30,60830,2020-05-31,1,,,,,,,,,,,,,,,,,,,,,,,,,,,,,30.00,,,,,,,false,true,12,2019-06-01,2020-05-31,0
2019-09-30,60830,2020-05-31,1,,,,,,,,,,,,,,,,,,,,,,,,,,,,,,,,,7832400,193885,7614870,false,false,3,2019-06-01,2019-08-31,0
2019-09-30,60830,2019-05-31,1,,,,,,,,,,,,,,,,,,,,,,,,,,,,,,,,,,,7632317,false,false,3,2018-06-01,2018-08-31,-1
2019-12-27,60830,2020-05-31,2,7438000000,0.027,,,,,167000000,-0.519,226000000,-0.379,,125000000,,16.47,,,,,,6888000000,2642000000,0.379,,2607000000,,,,,,,,,,,,true,false,6,2019-06-01,2019-11-30,0
2019-12-27,60830,2019-05-31,2,7241000000,0.245,,,,,348000000,0.682,364000000,0.696,,232000000,,30.53,,,,,,,,,,,,,,,,,,,,,,true,false,6,2018-06-01,2018-11-30,-1
2019-12-27,60830,2020-05-31,2,15119000000,0.003,,,,,495000000,-0.396,530000000,-0.372,,286000000,,37.72,,,,,,,,,,,,,,,,,,,,,,true,true,12,2019-06-01,2020-05-31,0
2019-12-27,60830,2019-05-31,2,,,,,,,,,,,,,,,,,,,,6896000000,2561000000,0.367,,2529000000,,,,,,,,,,,,true,false,12,2018-06-01,2019-05-31,-1
2019-12-27,60830,2019-05-31,2,,,,,,,,,,,,,,,,,,,,,,,,,,,,,30.00,,,,7832400,231985,,false,false,12,2018-06-01,2019-05-31,-1
2019-12-27,60830,2020-05-31,2,,,,,,,,,,,,,,,,,,,,,,,,,,,,,15.00,,,,,,,false,false,12,2019-06-01,2020-05-31,0
2019-12-27,60830,2020-05-31,2,,,,,,,,,,,,,,,,,,,,,,,,,,,,,30.00,,,,,,,false,true,12,2019-06-01,2020-05-31,0
2019-12-27,60830,2020-05-31,2,,,,,,,,,,,,,,,,,,,,,,,,,,,,,,,,,7832400,170985,7631320,false,false,6,2019-06-01,2019-11-30,0
2019-12-27,60830,2019-05-31,2,,,,,,,,,,,,,,,,,,,,,,,,,,,,,,,,,,,7605243,false,false,6,2018-06-01,2018-11-30,-1
2020-03-30,60830,2020-05-31,3,11102000000,-0.009,,,,,320000000,-0.559,382000000,-0.486,,211000000,,27.62,,,,,,6870000000,2661000000,0.382,,2623000000,,,,,,,,,,,,true,false,9,2019-06-01,2020-02-29,0
2020-03-30,60830,2019-05-31,3,11200000000,0.203,,,,,725000000,0.879,744000000,0.900,,482000000,,63.56,,,,,,,,,,,,,,,,,,,,,,true,false,9,2018-06-01,2019-02-28,-1
2020-03-30,60830,2020-05-31,3,15119000000,0.003,,,,,495000000,-0.396,530000000,-0.372,,286000000,,37.72,,,,,,,,,,,,,,,,,,,,,,true,true,12,2019-06-01,2020-05-31,0
2020-03-30,60830,2019-05-31,3,,,,,,,,,,,,,,,,,,,,6896000000,2561000000,0.367,,2529000000,,,,,,,,,,,,true,false,12,2018-06-01,2019-05-31,-1
2020-03-30,60830,2019-05-31,3,,,,,,,,,,,,,,,,,,,,,,,,,,,,,30.00,,,,7832400,231985,,false,false,12,2018-06-01,2019-05-31,-1
2020-03-30,60830,2020-05-31,3,,,,,,,,,,,,,,,,,,,,,,,,,,,,,15.00,,,,,,,false,false,12,2019-06-01,2020-05-31,0
2020-03-30,60830,2020-05-31,3,,,,,,,,,,,,,,,,,,,,,,,,,,,,,30.00,,,,,,,false,true,12,2019-06-01,2020-05-31,0
2020-03-30,60830,2020-05-31,3,,,,,,,,,,,,,,,,,,,,,,,,,,,,,,,,,7832400,129585,7646502,false,false,9,2019-06-01,2020-02-29,0
2020-03-30,60830,2019-05-31,3,,,,,,,,,,,,,,,,,,,,,,,,,,,,,,,,,,,7588361,false,false,9,2018-06-01,2019-02-28,-1
2020-07-14,60830,2020-05-31,,14842000000,-0.016,,,,,517000000,-0.370,598000000,-0.293,,258000000,,33.69,,0.099,0.088,0.035,,6762000000,2746000000,0.400,349.86,2705000000,371000000,-119000000,-480000000,2725000000,,0.801,,,,,,true,false,12,2019-06-01,2020-05-31,0
2020-07-14,60830,2019-05-31,,15076000000,0.151,,,,,820000000,0.189,845000000,0.205,,523000000,,68.94,,0.218,0.128,0.054,,6896000000,2561000000,0.367,332.87,2529000000,624000000,-343000000,-131000000,2953000000,,0.435,,,,,,true,false,12,2018-06-01,2019-05-31,-1
2020-07-14,60830,2021-05-31,,14546000000,-0.020,,,,,273000000,-0.472,300000000,-0.497,,157000000,,20.31,,,,,,,,,,,,,,,,,,,,,,true,true,12,2020-06-01,2021-05-31,1
2020-07-14,60830,2019-05-31,,,,,,,,,,,,,,,,,,,,,,,,,,,,,,30.00,,,,7832400,231985,7588261,false,false,12,2018-06-01,2019-05-31,-1
2020-07-14,60830,2020-05-31,,,,,,,,,,,,,,,,,,,,,,,,,,,,,,27.00,,,,7832400,98085,7664342,false,false,12,2019-06-01,2020-05-31,0
2020-09-30,60830,2021-05-31,1,3399000000,-0.078,,,,,-29000000,,20000000,-0.803,,7000000,,1.01,,,,,,6564000000,2702000000,0.407,,2670000000,,,,,,,,,,,,true,false,3,2020-06-01,2020-08-31,0
2020-09-30,60830,2020-05-31,1,3687000000,0.047,,,,,50000000,-0.597,105000000,-0.240,,63000000,,8.38,,,,,,,,,,,,,,,,,,,,,,true,false,3,2019-06-01,2019-08-31,-1
2020-09-30,60830,2021-05-31,1,14546000000,-0.020,,,,,273000000,-0.472,300000000,-0.497,,157000000,,20.31,,,,,,,,,,,,,,,,,,,,,,true,true,12,2020-06-01,2021-05-31,0
2020-09-30,60830,2020-05-31,1,,,,,,,,,,,,,,,,,,,,6762000000,2746000000,0.400,,2705000000,,,,,,,,,,,,true,false,12,2019-06-01,2020-05-31,-1
2020-09-30,60830,2020-05-31,1,,,,,,,,,,,,,,,,,,,,,,,,,,,,,27.00,,,,7832400,98085,,false,false,12,2019-06-01,2020-05-31,-1
2020-09-30,60830,2021-05-31,1,,,,,,,,,,,,,,,,,,,,,,,,,,,,,,,,,7832400,52385,7752538,false,false,3,2020-06-01,2020-08-31,0
2020-09-30,60830,2020-05-31,1,,,,,,,,,,,,,,,,,,,,,,,,,,,,,,,,,,,7614870,false,false,3,2019-06-01,2019-08-31,-1
2020-12-28,60830,2021-05-31,2,6824000000,-0.082,,,,,-78000000,,-14000000,,,-33000000,,-4.27,,,,,,6425000000,2691000000,0.414,,2658000000,,,,,,,,,,,,true,false,6,2020-06-01,2020-11-30,0
2020-12-28,60830,2020-05-31,2,7438000000,0.027,,,,,167000000,-0.519,226000000,-0.379,,125000000,,16.47,,,,,,,,,,,,,,,,,,,,,,true,false,6,2019-06-01,2019-11-30,-1
2020-12-28,60830,2021-05-31,2,14546000000,-0.020,,,,,273000000,-0.472,300000000,-0.497,,157000000,,20.31,,,,,,,,,,,,,,,,,,,,,,true,true,12,2020-06-01,2021-05-31,0
2020-12-28,60830,2020-05-31,2,,,,,,,,,,,,,,,,,,,,6762000000,2746000000,0.400,,2705000000,,,,,,,,,,,,true,false,12,2019-06-01,2020-05-31,-1
2020-12-28,60830,2020-05-31,2,,,,,,,,,,,,,,,,,,,,,,,,,,,,,27.00,,,,7832400,98085,,false,false,12,2019-06-01,2020-05-31,-1
2020-12-28,60830,2021-05-31,2,,,,,,,,,,,,,,,,,,,,,,,,,,,,,0.00,,,,,,,false,false,12,2020-06-01,2021-05-31,0
2020-12-28,60830,2021-05-31,2,,,,,,,,,,,,,,,,,,,,,,,,,,,,,10.00,,,,,,,false,true,12,2020-06-01,2021-05-31,0
2020-12-28,60830,2021-05-31,2,,,,,,,,,,,,,,,,,,,,,,,,,,,,,,,,,7832400,60964,7771436,false,false,6,2020-06-01,2020-11-30,0
2020-12-28,60830,2020-05-31,2,,,,,,,,,,,,,,,,,,,,,,,,,,,,,,,,,,,7631320,false,false,6,2019-06-01,2019-11-30,-1
2021-03-30,60830,2021-05-31,3,10363000000,-0.067,,,,,22000000,-0.931,86000000,-0.774,,29000000,,3.83,,,,,,6776000000,2786000000,0.406,,2752000000,,,,,,,,,,,,true,false,9,2020-06-01,2021-02-28,0
2021-03-30,60830,2020-05-31,3,11102000000,-0.009,,,,,320000000,-0.559,382000000,-0.486,,211000000,,27.62,,,,,,,,,,,,,,,,,,,,,,true,false,9,2019-06-01,2020-02-29,-1
2021-03-30,60830,2021-05-31,3,14546000000,-0.020,,,,,273000000,-0.472,300000000,-0.497,,157000000,,20.31,,,,,,,,,,,,,,,,,,,,,,true,true,12,2020-06-01,2021-05-31,0
2021-03-30,60830,2020-05-31,3,,,,,,,,,,,,,,,,,,,,6762000000,2746000000,0.400,,2705000000,,,,,,,,,,,,true,false,12,2019-06-01,2020-05-31,-1
2021-03-30,60830,2020-05-31,3,,,,,,,,,,,,,,,,,,,,,,,,,,,,,27.00,,,,7832400,98085,,false,false,12,2019-06-01,2020-05-31,-1
2021-03-30,60830,2021-05-31,3,,,,,,,,,,,,,,,,,,,,,,,,,,,,,0.00,,,,,,,false,false,12,2020-06-01,2021-05-31,0
2021-03-30,60830,2021-05-31,3,,,,,,,,,,,,,,,,,,,,,,,,,,,,,10.00,,,,,,,false,true,12,2020-06-01,2021-05-31,0
2021-03-30,60830,2021-05-31,3,,,,,,,,,,,,,,,,,,,,,,,,,,,,,,,,,7832400,85,7787607,false,false,9,2020-06-01,2021-02-28,0
2021-03-30,60830,2020-05-31,3,,,,,,,,,,,,,,,,,,,,,,,,,,,,,,,,,,,7646502,false,false,9,2019-06-01,2020-02-29,-1
2020-12-28,60830,2021-05-31,2,6824000000,-0.082,,,,,-78000000,,-14000000,,,-33000000,,-4.27,,,,,,6425000000,2691000000,0.414,,2658000000,,,,,,,,,,,,true,false,6,2020-06-01,2020-11-30,0
2020-12-28,60830,2020-05-31,2,7438000000,0.027,,,,,167000000,-0.519,226000000,-0.379,,125000000,,16.47,,,,,,,,,,,,,,,,,,,,,,true,false,6,2019-06-01,2019-11-30,-1
2020-12-28,60830,2021-05-31,2,14546000000,-0.020,,,,,273000000,-0.472,300000000,-0.497,,157000000,,20.31,,,,,,,,,,,,,,,,,,,,,,true,true,12,2020-06-01,2021-05-31,0
2020-12-28,60830,2020-05-31,2,,,,,,,,,,,,,,,,,,,,6762000000,2746000000,0.400,,2705000000,,,,,,,,,,,,true,false,12,2019-06-01,2020-05-31,-1
2020-12-28,60830,2020-05-31,2,,,,,,,,,,,,,,,,,,,,,,,,,,,,,27.00,,,,7832400,98085,,false,false,12,2019-06-01,2020-05-31,-1
2020-12-28,60830,2021-05-31,2,,,,,,,,,,,,,,,,,,,,,,,,,,,,,0.00,,,,,,,false,false,12,2020-06-01,2021-05-31,0
2020-12-28,60830,2021-05-31,2,,,,,,,,,,,,,,,,,,,,,,,,,,,,,10.00,,,,,,,false,true,12,2020-06-01,2021-05-31,0
2020-12-28,60830,2021-05-31,2,,,,,,,,,,,,,,,,,,,,,,,,,,,,,,,,,7832400,27185,7771436,false,false,6,2020-06-01,2020-11-30,0
2020-12-28,60830,2020-05-31,2,,,,,,,,,,,,,,,,,,,,,,,,,,,,,,,,,,,7631320,false,false,6,2019-06-01,2019-11-30,-1
2021-06-15,60830,2021-05-31,,14397000000,-0.010,,,,,402000000,0.473,474000000,0.577,,264000000,,33.91,,,,,,,,,,,,,,,,,,,,,,true,true,12,2020-06-01,2021-05-31,0
2021-06-15,60830,2020-05-31,,14842000000,,,,,,517000000,,598000000,,,258000000,,33.69,,,,,,,,,,,,,,,,,,,,,,true,false,12,2019-06-01,2020-05-31,-1
2021-06-15,60830,2021-05-31,,,,,,,,,,,,,,,,,,,,,,,,,,,,,,15.00,,,,,,,false,true,12,2020-06-01,2021-05-31,0
2021-06-15,60830,2021-05-31,,,,,,,,,,,,,,,,,,,,,,,,,,,,,,0.00,,,,,,,false,false,12,2020-06-01,2021-05-31,0
2021-06-15,60830,2020-05-31,,,,,,,,,,,,,,,,,,,,,,,,,,,,,,27.00,,,,,,,false,false,12,2019-06-01,2020-05-31,-1
2021-07-13,60830,2021-05-31,,14397000000,-0.030,,,,,402000000,-0.222,474000000,-0.207,,264000000,,33.95,,0.093,0.072,0.028,,6477000000,3024000000,0.461,381.58,2988000000,209000000,114000000,-422000000,2626000000,,0.442,,,,,,true,false,12,2020-06-01,2021-05-31,0
2021-07-13,60830,2020-05-31,,14842000000,-0.016,,,,,517000000,-0.370,598000000,-0.293,,258000000,,33.69,,0.099,0.088,0.035,,6762000000,2746000000,0.400,349.86,2705000000,371000000,-119000000,-480000000,2725000000,,0.801,,,,,,true,false,12,2019-06-01,2020-05-31,-1
2021-07-13,60830,2022-05-31,,15232000000,0.058,,,,,789000000,0.959,825000000,0.741,,492000000,,62.84,,,,,,,,,,,,,,,,0.477,,,,,,true,true,12,2021-06-01,2022-05-31,1
2021-07-13,60830,2020-05-31,,,,,,,,,,,,,,,,,,,,,,,,,,,,,,27.00,,,,7832400,98085,7664342,false,false,12,2019-06-01,2020-05-31,-1
2021-07-13,60830,2021-05-31,,,,,,,,,,,,,,,,,,,,,,,,,,,,,,15.00,,,,7832400,85,7798876,false,false,12,2020-06-01,2021-05-31,0
2021-07-13,60830,2022-05-31,,,,,,,,,,,,,,,,,,,,,,,,,,,,,,30.00,,,,,,,false,true,12,2021-06-01,2022-05-31,1
2021-09-30,60830,2022-05-31,1,3779000000,0.112,,,,,355000000,,392000000,,,247000000,,31.64,,,,,,6849000000,3155000000,0.456,,3120000000,,,,,,,,,,,,true,false,3,2021-06-01,2021-08-31,0
2021-09-30,60830,2021-05-31,1,3399000000,-0.078,,,,,-29000000,,20000000,-0.803,,7000000,,1.01,,,,,,,,,,,,,,,,,,,,,,true,false,3,2020-06-01,2020-08-31,-1
2021-09-30,60830,2022-05-31,1,15232000000,0.058,,,,,789000000,0.959,825000000,0.741,,492000000,,62.84,,,,,,,,,,,,,,,,,,,,,,true,true,12,2021-06-01,2022-05-31,0
2021-09-30,60830,2021-05-31,1,,,,,,,,,,,,,,,,,,,,6477000000,3024000000,0.461,,2988000000,,,,,,,,,,,,true,false,12,2020-06-01,2021-05-31,-1
2021-09-30,60830,2021-05-31,1,,,,,,,,,,,,,,,,,,,,,,,,,,,,,15.00,,,,7832400,85,,false,false,12,2020-06-01,2021-05-31,-1
2021-09-30,60830,2022-05-31,1,,,,,,,,,,,,,,,,,,,,,,,,,,,,,30.00,,,,,,,false,true,12,2021-06-01,2022-05-31,0
2021-09-30,60830,2022-05-31,1,,,,,,,,,,,,,,,,,,,,,,,,,,,,,,,,,7832400,85,7832315,false,false,3,2021-06-01,2021-08-31,0
2021-09-30,60830,2021-05-31,1,,,,,,,,,,,,,,,,,,,,,,,,,,,,,,,,,,,7752538,false,false,3,2020-06-01,2020-08-31,-1
2021-12-21,60830,2022-05-31,,7934000000,,,,,,931000000,,988000000,,601000000,,,76.84,,,,,,,,,,,,,,,,,,,,,,true,true,6,2021-06-01,2021-11-30,0
2021-12-21,60830,2021-05-31,,6824000000,,,,,,-78000000,,-14000000,,-33000000,,,-4.27,,,,,,,,,,,,,,,,,,,,,,true,false,6,2020-06-01,2020-11-30,-1
2021-12-21,60830,2022-05-31,,15810000000,0.038,,,,,1600000000,1.028,1660000000,1.010,,1031000000,,131.73,,,,,,,,,,,,,,,,,,,,,,true,true,12,2021-06-01,2022-05-31,0
2021-12-21,60830,2021-05-31,,14397000000,,,,,,402000000,,474000000,,,264000000,,33.95,,,,,,,,,,,,,,,,,,,,,,true,false,12,2020-06-01,2021-05-31,-1
2021-12-21,60830,2022-05-31,,,,,,,,,,,,,,,,,,,,,,,,,,,,,,40.00,,,,,,,false,true,12,2021-06-01,2022-05-31,0
2021-12-21,60830,2021-05-31,,,,,,,,,,,,,,,,,,,,,,,,,,,,,,15.00,,,,,,,false,false,12,2020-06-01,2021-05-31,-1
2021-12-28,60830,2022-05-31,2,7934000000,0.163,,,,,931000000,,988000000,,,601000000,,76.84,,,,,,7403000000,3512000000,0.469,,3474000000,,,,,,,,,,,,true,false,6,2021-06-01,2021-11-30,0
2021-12-28,60830,2021-05-31,2,6824000000,-0.082,,,,,-78000000,,-14000000,,,-33000000,,-4.27,,,,,,,,,,,,,,,,,,,,,,true,false,6,2020-06-01,2020-11-30,-1
2021-12-28,60830,2022-05-31,2,15810000000,0.098,,,,,1600000000,2.972,1660000000,2.500,,1031000000,,131.73,,,,,,,,,,,,,,,,,,,,,,true,true,12,2021-06-01,2022-05-31,0
2021-12-28,60830,2021-05-31,2,,,,,,,,,,,,,,,,,,,,6477000000,3024000000,0.461,,2988000000,,,,,,,,,,,,true,false,12,2020-06-01,2021-05-31,-1
2021-12-28,60830,2021-05-31,2,,,,,,,,,,,,,,,,,,,,,,,,,,,,,15.00,,,,7832400,85,,false,false,12,2020-06-01,2021-05-31,-1
2021-12-28,60830,2022-05-31,2,,,,,,,,,,,,,,,,,,,,,,,,,,,,,15.00,,,,,,,false,false,12,2021-06-01,2022-05-31,0
2021-12-28,60830,2022-05-31,2,,,,,,,,,,,,,,,,,,,,,,,,,,,,,40.00,,,,,,,false,true,12,2021-06-01,2022-05-31,0
2021-12-28,60830,2022-05-31,2,,,,,,,,,,,,,,,,,,,,,,,,,,,,,,,15.00,10.00,7832400,122,7832306,false,false,6,2021-06-01,2021-11-30,0
2021-12-28,60830,2021-05-31,2,,,,,,,,,,,,,,,,,,,,,,,,,,,,,,,,,,,7771436,false,false,6,2020-06-01,2020-11-30,-1
2022-03-30,60830,2022-05-31,3,12001000000,0.158,,,,,1511000000,,1569000000,,,973000000,,124.33,,,,,,7821000000,3769000000,0.477,,3728000000,,,,,,,,,,,,true,false,9,2021-06-01,2022-02-28,0
2022-03-30,60830,2021-05-31,3,10363000000,-0.067,,,,,22000000,-0.931,86000000,-0.774,,29000000,,3.83,,,,,,,,,,,,,,,,,,,,,,true,false,9,2020-06-01,2021-02-28,-1
2022-03-30,60830,2022-05-31,3,15810000000,0.098,,,,,1600000000,2.972,1660000000,2.500,,1031000000,,131.73,,,,,,,,,,,,,,,,,,,,,,true,true,12,2021-06-01,2022-05-31,0
2022-03-30,60830,2021-05-31,3,,,,,,,,,,,,,,,,,,,,6477000000,3024000000,0.461,,2988000000,,,,,,,,,,,,true,false,12,2020-06-01,2021-05-31,-1
2022-03-30,60830,2021-05-31,3,,,,,,,,,,,,,,,,,,,,,,,,,,,,,15.00,,,,7832400,85,,false,false,12,2020-06-01,2021-05-31,-1
2022-03-30,60830,2022-05-31,3,,,,,,,,,,,,,,,,,,,,,,,,,,,,,15.00,,,,,,,false,false,12,2021-06-01,2022-05-31,0
2022-03-30,60830,2022-05-31,3,,,,,,,,,,,,,,,,,,,,,,,,,,,,,40.00,,,,,,,false,true,12,2021-06-01,2022-05-31,0
2022-03-30,60830,2022-05-31,3,,,,,,,,,,,,,,,,,,,,,,,,,,,,,,,15.00,10.00,7832400,122,7832297,false,false,9,2021-06-01,2022-02-28,0
2022-03-30,60830,2021-05-31,3,,,,,,,,,,,,,,,,,,,,,,,,,,,,,,,,,,,7787607,false,false,9,2020-06-01,2021-02-28,-1
2022-07-12,60830,2022-05-31,,16148000000,0.122,,,,,1924000000,3.778,1986000000,3.187,,1228000000,,156.83,,0.352,0.264,0.119,,8574000000,4024000000,0.465,508.61,3983000000,2415000000,52000000,-210000000,4883000000,,0.255,,,,,,true,false,12,2021-06-01,2022-05-31,0
2022-07-12,60830,2021-05-31,,14397000000,-0.030,,,,,402000000,-0.222,474000000,-0.207,,264000000,,33.95,,0.093,0.072,0.028,,6477000000,3024000000,0.461,381.58,2988000000,209000000,114000000,-422000000,2626000000,,0.442,,,,,,true,false,12,2020-06-01,2021-05-31,-1
2022-07-12,60830,2023-05-31,,16069000000,-0.005,,,,,1673000000,-0.131,1682000000,-0.153,,1106000000,,141.26,,,,,,,,,,,,,,,,0.283,,,,,,true,true,12,2022-06-01,2023-05-31,1
2022-07-12,60830,2021-05-31,,,,,,,,,,,,,,,,,,,,,,,,,,,,,,15.00,,,,7832400,85,7798876,false,false,12,2020-06-01,2021-05-31,-1
2022-07-12,60830,2022-05-31,,,,,,,,,,,,,,,,,,,,,,,,,,,,,,40.00,,15.00,10.00,7832400,122,7832292,false,false,12,2021-06-01,2022-05-31,0
2022-07-12,60830,2023-05-31,,,,,,,,,,,,,,,,,,,,,,,,,,,,,,40.00,,,,,,,false,true,12,2022-06-01,2023-05-31,1
2022-09-30,60830,2023-05-31,1,4063000000,0.075,,,,,474000000,0.334,482000000,0.228,,276000000,,35.30,,,,,,9357000000,4100000000,0.434,,4064000000,,,,,,,,,,,,true,false,3,2022-06-01,2022-08-31,0
2022-09-30,60830,2022-05-31,1,3779000000,0.112,,,,,355000000,,392000000,,,247000000,,31.64,,,,,,,,,,,,,,,,,,,,,,true,false,3,2021-06-01,2021-08-31,-1
2022-09-30,60830,2023-05-31,1,16069000000,-0.005,,,,,1673000000,-0.131,1682000000,-0.153,,1106000000,,141.26,,,,,,,,,,,,,,,,,,,,,,true,true,12,2022-06-01,2023-05-31,0
2022-09-30,60830,2022-05-31,1,,,,,,,,,,,,,,,,,,,,8574000000,4024000000,0.465,,3983000000,,,,,,,,,,,,true,false,12,2021-06-01,2022-05-31,-1
2022-09-30,60830,2022-05-31,1,,,,,,,,,,,,,,,,,,,,,,,,,,,,,40.00,,,,7832400,122,,false,false,12,2021-06-01,2022-05-31,-1
2022-09-30,60830,2023-05-31,1,,,,,,,,,,,,,,,,,,,,,,,,,,,,,40.00,,,,,,,false,true,12,2022-06-01,2023-05-31,0
2022-09-30,60830,2023-05-31,1,,,,,,,,,,,,,,,,,,,,,,,,,,,,,,,,,7832400,182,7832230,false,false,3,2022-06-01,2022-08-31,0
2022-09-30,60830,2022-05-31,1,,,,,,,,,,,,,,,,,,,,,,,,,,,,,,,,,,,7832315,false,false,3,2021-06-01,2021-08-31,-1
2022-12-28,60830,2023-05-31,2,8391000000,0.058,,,,,1062000000,0.140,1069000000,0.082,,645000000,,82.84,,,,,,9844000000,4343000000,0.437,,4304000000,,,,,,,,,,,,true,false,6,2022-06-01,2022-11-30,0
2022-12-28,60830,2022-05-31,2,7934000000,0.163,,,,,931000000,,988000000,,,601000000,,76.84,,,,,,,,,,,,,,,,,,,,,,true,false,6,2021-06-01,2021-11-30,-1
2022-12-28,60830,2023-05-31,2,16069000000,-0.005,,,,,1673000000,-0.131,1682000000,-0.153,,1106000000,,141.26,,,,,,,,,,,,,,,,,,,,,,true,true,12,2022-06-01,2023-05-31,0
2022-12-28,60830,2022-05-31,2,,,,,,,,,,,,,,,,,,,,8574000000,4024000000,0.465,,3983000000,,,,,,,,,,,,true,false,12,2021-06-01,2022-05-31,-1
2022-12-28,60830,2022-05-31,2,,,,,,,,,,,,,,,,,,,,,,,,,,,,,40.00,,,,7832400,122,,false,false,12,2021-06-01,2022-05-31,-1
2022-12-28,60830,2023-05-31,2,,,,,,,,,,,,,,,,,,,,,,,,,,,,,20.00,,,,,,,false,false,12,2022-06-01,2023-05-31,0
2022-12-28,60830,2023-05-31,2,,,,,,,,,,,,,,,,,,,,,,,,,,,,,40.00,,,,,,,false,true,12,2022-06-01,2023-05-31,0
2022-12-28,60830,2023-05-31,2,,,,,,,,,,,,,,,,,,,,,,,,,,,,,,,,,7832400,118682,7795314,false,false,6,2022-06-01,2022-11-30,0
2022-12-28,60830,2022-05-31,2,,,,,,,,,,,,,,,,,,,,,,,,,,,,,,,,,,,7832306,false,false,6,2021-06-01,2021-11-30,-1
2023-03-30,60830,2023-05-31,3,12739000000,0.061,,,,,1542000000,0.020,1552000000,-0.011,,950000000,,122.41,,,,,,9691000000,4492000000,0.459,,4452000000,,,,,,,,,,,,true,false,9,2022-06-01,2023-02-28,0
2023-03-30,60830,2022-05-31,3,12001000000,0.158,,,,,1511000000,,1569000000,,,973000000,,124.33,,,,,,,,,,,,,,,,,,,,,,true,false,9,2021-06-01,2022-02-28,-1
2023-03-30,60830,2023-05-31,3,17100000000,0.059,,,,,2050000000,0.065,2060000000,0.037,,1300000000,,167.64,,,,,,,,,,,,,,,,,,,,,,true,true,12,2022-06-01,2023-05-31,0
2023-03-30,60830,2022-05-31,3,,,,,,,,,,,,,,,,,,,,8574000000,4024000000,0.465,,3983000000,,,,,,,,,,,,true,false,12,2021-06-01,2022-05-31,-1
2023-03-30,60830,2022-05-31,3,,,,,,,,,,,,,,,,,,,,,,,,,,,,,40.00,,,,7832400,122,,false,false,12,2021-06-01,2022-05-31,-1
2023-03-30,60830,2023-05-31,3,,,,,,,,,,,,,,,,,,,,,,,,,,,,,20.00,,,,,,,false,false,12,2022-06-01,2023-05-31,0
2023-03-30,60830,2023-05-31,3,,,,,,,,,,,,,,,,,,,,,,,,,,,,,50.00,,,,,,,false,true,12,2022-06-01,2023-05-31,0
2023-03-30,60830,2023-05-31,3,,,,,,,,,,,,,,,,,,,,,,,,,,,,,,,,,7832400,118682,7768414,false,false,9,2022-06-01,2023-02-28,0
2023-03-30,60830,2022-05-31,3,,,,,,,,,,,,,,,,,,,,,,,,,,,,,,,,,,,7832297,false,false,9,2021-06-01,2022-02-28,-1
2023-03-30,60830,2023-05-31,,17100000000,0.064,,,,,2050000000,0.225,2060000000,0.225,,1300000000,,167.64,,,,,,,,,,,,,,,,,,,,,,true,true,12,2022-06-01,2023-05-31,0
2023-03-30,60830,2022-05-31,,16148000000,,,,,,1924000000,,1986000000,,,1228000000,,156.83,,,,,,,,,,,,,,,,,,,,,,true,false,12,2021-06-01,2022-05-31,-1
2023-03-30,60830,2023-05-31,,,,,,,,,,,,,,,,,,,,,,,,,,,,,,50.00,,,,,,,false,true,12,2022-06-01,2023-05-31,0
2023-03-30,60830,2023-05-31,,,,,,,,,,,,,,,,,,,,,,,,,,,,,,20.00,,,,,,,false,false,12,2022-06-01,2023-05-31,0
2023-03-30,60830,2022-05-31,,,,,,,,,,,,,,,,,,,,,,,,,,,,,,40.00,,,,,,,false,false,12,2021-06-01,2022-05-31,-1
2023-07-11,60830,2023-05-31,,17410000000,0.078,,,,,2326000000,0.209,2340000000,0.178,,1533000000,,197.80,,0.340,0.241,0.134,,10860000000,5078000000,0.464,653.01,5037000000,1394000000,-562000000,563000000,6279000000,,0.303,,,,,,true,false,12,2022-06-01,2023-05-31,0
2023-07-11,60830,2022-05-31,,16148000000,0.122,,,,,1924000000,3.778,1986000000,3.187,,1228000000,,156.83,,0.352,0.264,0.119,,8574000000,4024000000,0.465,508.61,3983000000,2415000000,52000000,-210000000,4883000000,,0.255,,,,,,true,false,12,2021-06-01,2022-05-31,-1
2023-07-11,60830,2024-05-31,,18500000000,0.063,,,,,2400000000,0.032,2400000000,0.026,,1540000000,,199.64,,,,,,,,,,,,,,,,0.301,,,,,,true,true,12,2023-06-01,2024-05-31,1
2023-07-11,60830,2022-05-31,,,,,,,,,,,,,,,,,,,,,,,,,,,,,,40.00,,,,7832400,122,7832292,false,false,12,2021-06-01,2022-05-31,-1
2023-07-11,60830,2023-05-31,,,,,,,,,,,,,,,,,,,,,,,,,,,,,,60.00,,,,7832400,118682,7754628,false,false,12,2022-06-01,2023-05-31,0
2023-07-11,60830,2024-05-31,,,,,,,,,,,,,,,,,,,,,,,,,,,,,,60.00,,,,,,,false,true,12,2023-06-01,2024-05-31,1
2023-09-29,60830,2024-05-31,1,4200000000,0.034,,,,,391000000,-0.175,406000000,-0.158,,241000000,,31.24,,,,,,10685000000,5009000000,0.465,,4970000000,,,,,,,,,,,,true,false,3,2023-06-01,2023-08-31,0
2023-09-29,60830,2023-05-31,1,4063000000,0.075,,,,,474000000,0.334,482000000,0.228,,276000000,,35.30,,,,,,,,,,,,,,,,,,,,,,true,false,3,2022-06-01,2022-08-31,-1
2023-09-29,60830,2024-05-31,1,18500000000,0.063,,,,,2400000000,0.032,2400000000,0.026,,1540000000,,199.64,,,,,,,,,,,,,,,,,,,,,,true,true,12,2023-06-01,2024-05-31,0
2023-09-29,60830,2023-05-31,1,,,,,,,,,,,,,,,,,,,,10860000000,5078000000,0.464,,5037000000,,,,,,,,,,,,true,false,12,2022-06-01,2023-05-31,-1
2023-09-29,60830,2023-05-31,1,,,,,,,,,,,,,,,,,,,,,,,,,,,,,60.00,,,,7832400,118682,,false,false,12,2022-06-01,2023-05-31,-1
2023-09-29,60830,2024-05-31,1,,,,,,,,,,,,,,,,,,,,,,,,,,,,,60.00,,,,,,,false,true,12,2023-06-01,2024-05-31,0
2023-09-29,60830,2024-05-31,1,,,,,,,,,,,,,,,,,,,,,,,,,,,,,,,,,7832400,118746,7713702,false,false,3,2023-06-01,2023-08-31,0
2023-09-29,60830,2023-05-31,1,,,,,,,,,,,,,,,,,,,,,,,,,,,,,,,,,,,7832230,false,false,3,2022-06-01,2022-08-31,-1
2023-12-28,60830,2024-05-31,2,8661000000,0.032,,,,,835000000,-0.214,843000000,-0.211,,506000000,,65.60,,,,,,11105000000,5275000000,0.472,,5236000000,,,,,,,,,,,,true,false,6,2023-06-01,2023-11-30,0
2023-12-28,60830,2023-05-31,2,8391000000,0.058,,,,,1062000000,0.140,1069000000,0.082,,645000000,,82.84,,,,,,,,,,,,,,,,,,,,,,true,false,6,2022-06-01,2022-11-30,-1
2023-12-28,60830,2024-05-31,2,18500000000,0.063,,,,,2400000000,0.032,2400000000,0.026,,1540000000,,199.64,,,,,,,,,,,,,,,,,,,,,,true,true,12,2023-06-01,2024-05-31,0
2023-12-28,60830,2023-05-31,2,,,,,,,,,,,,,,,,,,,,10860000000,5078000000,0.464,,5037000000,,,,,,,,,,,,true,false,12,2022-06-01,2023-05-31,-1
2023-12-28,60830,2023-05-31,2,,,,,,,,,,,,,,,,,,,,,,,,,,,,,60.00,,,,7832400,118682,,false,false,12,2022-06-01,2023-05-31,-1
2023-12-28,60830,2024-05-31,2,,,,,,,,,,,,,,,,,,,,,,,,,,,,,30.00,,,,,,,false,false,12,2023-06-01,2024-05-31,0
2023-12-28,60830,2024-05-31,2,,,,,,,,,,,,,,,,,,,,,,,,,,,,,60.00,,,,,,,false,true,12,2023-06-01,2024-05-31,0
2023-12-28,60830,2024-05-31,2,,,,,,,,,,,,,,,,,,,,,,,,,,,,,,,,,7832400,118746,7713678,false,false,6,2023-06-01,2023-11-30,0
2023-12-28,60830,2023-05-31,2,,,,,,,,,,,,,,,,,,,,,,,,,,,,,,,,,,,7795314,false,false,6,2022-06-01,2022-11-30,-1
2024-03-29,60830,2024-05-31,3,13278000000,0.042,,,,,1504000000,-0.024,1528000000,-0.016,,938000000,,121.65,,,,,,10847000000,5479000000,0.501,,5438000000,,,,,,,,,,,,true,false,9,2023-06-01,2024-02-29,0
2024-03-29,60830,2023-05-31,3,12739000000,0.061,,,,,1542000000,0.020,1552000000,-0.011,,950000000,,122.41,,,,,,,,,,,,,,,,,,,,,,true,false,9,2022-06-01,2023-02-28,-1
2024-03-29,60830,2024-05-31,3,18500000000,0.063,,,,,2400000000,0.032,2400000000,0.026,,1540000000,,199.64,,,,,,,,,,,,,,,,,,,,,,true,true,12,2023-06-01,2024-05-31,0
2024-03-29,60830,2023-05-31,3,,,,,,,,,,,,,,,,,,,,10860000000,5078000000,0.464,,5037000000,,,,,,,,,,,,true,false,12,2022-06-01,2023-05-31,-1
2024-03-29,60830,2023-05-31,3,,,,,,,,,,,,,,,,,,,,,,,,,,,,,60.00,,,,7832400,118682,,false,false,12,2022-06-01,2023-05-31,-1
2024-03-29,60830,2024-05-31,3,,,,,,,,,,,,,,,,,,,,,,,,,,,,,30.00,,,,,,,false,false,12,2023-06-01,2024-05-31,0
2024-03-29,60830,2024-05-31,3,,,,,,,,,,,,,,,,,,,,,,,,,,,,,60.00,,,,,,,false,true,12,2023-06-01,2024-05-31,0
2024-03-29,60830,2024-05-31,3,,,,,,,,,,,,,,,,,,,,,,,,,,,,,,,,,7832400,118746,7713670,false,false,9,2023-06-01,2024-02-29,0
2024-03-29,60830,2023-05-31,3,,,,,,,,,,,,,,,,,,,,,,,,,,,,,,,,,,,7768414,false,false,9,2022-06-01,2023-02-28,-1
2024-07-09,60830,2024-05-31,,18022000000,0.035,,,,,1991000000,-0.144,2020000000,-0.137,,1233000000,,159.88,,0.229,0.181,0.110,,11469000000,5776000000,0.500,743.47,5734000000,1506000000,-391000000,-740000000,6653000000,,0.375,,,,,,true,false,12,2023-06-01,2024-05-31,0
2024-07-09,60830,2023-05-31,,17410000000,0.078,,,,,2326000000,0.209,2340000000,0.178,,1533000000,,197.80,,0.340,0.241,0.134,,10860000000,5078000000,0.464,653.01,5037000000,1394000000,-562000000,563000000,6279000000,,0.303,,,,,,true,false,12,2022-06-01,2023-05-31,-1
2024-07-09,60830,2025-05-31,,20500000000,0.137,,,,,2100000000,0.055,2100000000,0.040,,1300000000,,165.98,,,,,,,,,,,,,,,,0.361,,,,,,true,true,12,2024-06-01,2025-05-31,1
2024-07-09,60830,2023-05-31,,,,,,,,,,,,,,,,,,,,,,,,,,,,,,60.00,,,,7832400,118682,7754628,false,false,12,2022-06-01,2023-05-31,-1
2024-07-09,60830,2024-05-31,,,,,,,,,,,,,,,,,,,,,,,,,,,,,,60.00,,,,7832400,118746,7713666,false,false,12,2023-06-01,2024-05-31,0
2024-07-09,60830,2025-05-31,,,,,,,,,,,,,,,,,,,,,,,,,,,,,,60.00,,,,,,,false,true,12,2024-06-01,2025-05-31,1
2024-09-30,60830,2025-05-31,1,4107000000,-0.022,,,,,133000000,-0.659,161000000,-0.603,,52000000,,6.83,,,,,,11848000000,5591000000,0.469,,5553000000,,,,,,,,,,,,true,false,3,2024-06-01,2024-08-31,0
2024-09-30,60830,2024-05-31,1,4200000000,0.034,,,,,391000000,-0.175,406000000,-0.158,,241000000,,31.24,,,,,,,,,,,,,,,,,,,,,,true,false,3,2023-06-01,2023-08-31,-1
2024-09-30,60830,2025-05-31,1,20500000000,0.137,,,,,2100000000,0.055,2100000000,0.040,,1300000000,,165.98,,,,,,,,,,,,,,,,,,,,,,true,true,12,2024-06-01,2025-05-31,0
2024-09-30,60830,2024-05-31,1,,,,,,,,,,,,,,,,,,,,11469000000,5776000000,0.500,,5734000000,,,,,,,,,,,,true,false,12,2023-06-01,2024-05-31,-1
2024-09-30,60830,2024-05-31,1,,,,,,,,,,,,,,,,,,,,,,,,,,,,,60.00,,,,7832400,118746,,false,false,12,2023-06-01,2024-05-31,-1
2024-09-30,60830,2025-05-31,1,,,,,,,,,,,,,,,,,,,,,,,,,,,,,60.00,,,,,,,false,true,12,2024-06-01,2025-05-31,0
2024-09-30,60830,2025-05-31,1,,,,,,,,,,,,,,,,,,,,,,,,,,,,,,,,,7832400,118746,7713654,false,false,3,2024-06-01,2024-08-31,0
2024-09-30,60830,2024-05-31,1,,,,,,,,,,,,,,,,,,,,,,,,,,,,,,,,,,,7713702,false,false,3,2023-06-01,2023-08-31,-1
2024-12-27,60830,2025-05-31,2,8976000000,0.036,,,,,565000000,-0.324,601000000,-0.288,,339000000,,44.17,,,,,,12532000000,5664000000,0.449,,5625000000,,,,,,,,,,,,true,false,6,2024-06-01,2024-11-30,0
2024-12-27,60830,2024-05-31,2,8661000000,0.032,,,,,835000000,-0.214,843000000,-0.211,,506000000,,65.60,,,,,,,,,,,,,,,,,,,,,,true,false,6,2023-06-01,2023-11-30,-1
2024-12-27,60830,2025-05-31,2,20500000000,0.137,,,,,2100000000,0.055,2100000000,0.040,,1300000000,,165.98,,,,,,,,,,,,,,,,,,,,,,true,true,12,2024-06-01,2025-05-31,0
2024-12-27,60830,2024-05-31,2,,,,,,,,,,,,,,,,,,,,11469000000,5776000000,0.500,,5734000000,,,,,,,,,,,,true,false,12,2023-06-01,2024-05-31,-1
2024-12-27,60830,2024-05-31,2,,,,,,,,,,,,,,,,,,,,,,,,,,,,,60.00,,,,7832400,118746,,false,false,12,2023-06-01,2024-05-31,-1
2024-12-27,60830,2025-05-31,2,,,,,,,,,,,,,,,,,,,,,,,,,,,,,30.00,,,,,,,false,false,12,2024-06-01,2025-05-31,0
2024-12-27,60830,2025-05-31,2,,,,,,,,,,,,,,,,,,,,,,,,,,,,,60.00,,,,,,,false,true,12,2024-06-01,2025-05-31,0
2024-12-27,60830,2025-05-31,2,,,,,,,,,,,,,,,,,,,,,,,,,,,,,,,,,7832400,229646,7677899,false,false,6,2024-06-01,2024-11-30,0
2024-12-27,60830,2024-05-31,2,,,,,,,,,,,,,,,,,,,,,,,,,,,,,,,,,,,7713678,false,false,6,2023-06-01,2023-11-30,-1
2025-03-28,60830,2025-05-31,3,13779000000,0.038,,,,,912000000,-0.393,947000000,-0.380,,526000000,,68.77,,,,,,11647000000,5618000000,0.479,,5577000000,,,,,,,,,,,,true,false,9,2024-06-01,2025-02-28,0
2025-03-28,60830,2024-05-31,3,13278000000,0.042,,,,,1504000000,-0.024,1528000000,-0.016,,938000000,,121.65,,,,,,,,,,,,,,,,,,,,,,true,false,9,2023-06-01,2024-02-29,-1
2025-03-28,60830,2025-05-31,3,20500000000,0.137,,,,,2100000000,0.055,2100000000,0.040,,1300000000,,165.98,,,,,,,,,,,,,,,,,,,,,,true,true,12,2024-06-01,2025-05-31,0
2025-03-28,60830,2024-05-31,3,,,,,,,,,,,,,,,,,,,,11469000000,5776000000,0.500,,5734000000,,,,,,,,,,,,true,false,12,2023-06-01,2024-05-31,-1
2025-03-28,60830,2024-05-31,3,,,,,,,,,,,,,,,,,,,,,,,,,,,,,60.00,,,,7832400,118746,,false,false,12,2023-06-01,2024-05-31,-1
2025-03-28,60830,2025-05-31,3,,,,,,,,,,,,,,,,,,,,,,,,,,,,,30.00,,,,,,,false,false,12,2024-06-01,2025-05-31,0
2025-03-28,60830,2025-05-31,3,,,,,,,,,,,,,,,,,,,,,,,,,,,,,60.00,,,,,,,false,true,12,2024-06-01,2025-05-31,0
2025-03-28,60830,2025-05-31,3,,,,,,,,,,,,,,,,,,,,,,,,,,,,,,,,,7832400,229646,7653126,false,false,9,2024-06-01,2025-02-28,0
2025-03-28,60830,2024-05-31,3,,,,,,,,,,,,,,,,,,,,,,,,,,,,,,,,,,,7713670,false,false,9,2023-06-01,2024-02-29,-1
