filing_date,code,fiscal_year_end,quarterly_period,net_sales,net_sales_change,revenue,revenue_change,operating_revenue,operating_revenue_change,operating_profit,operating_profit_change,ordinary_profit,ordinary_profit_change,net_income,net_income_of_parent,net_income_change,eps,diluted_eps,roe,roa,operating_profit_to_net_sales,operating_profit_to_revenue,total_assets,net_assets,equity_ratio,bps,owner_equity,operating_cash_flow,investing_cash_flow,financing_cash_flow,cash,dividend_per_share,payout_ratio,commemorative_dividend,extra_dividend,number_of_shares,number_of_treqsury_shares,avg_number_of_shares,is_consolidated,is_forecast,duration,period_start,period_end,period_pos
2015-07-31,61030,2016-03-31,1,39921000000,0.292,,,,,3417000000,1.755,3498000000,1.651,,2129000000,,13.29,,,,,,204847000000,132493000000,0.622,,127412000000,,,,,,,,,,,,true,false,3,2015-04-01,2015-06-30,0
2015-07-31,61030,2015-03-31,1,30893000000,0.211,,,,,1240000000,0.172,1319000000,0.031,,838000000,,5.13,,,,,,,,,,,,,,,,,,,,,,true,false,3,2014-04-01,2014-06-30,-1
2015-07-31,61030,2016-03-31,1,88000000000,0.186,,,,,9000000000,0.817,9000000000,0.840,,5700000000,,35.56,,,,,,,,,,,,,,,,,,,,,,true,true,6,2015-04-01,2015-09-30,0
2015-07-31,61030,2016-03-31,1,180000000000,0.083,,,,,19000000000,0.308,19000000000,0.390,,11800000000,,73.62,,,,,,,,,,,,,,,,,,,,,,true,true,12,2015-04-01,2016-03-31,0
2015-07-31,61030,2015-03-31,1,,,,,,,,,,,,,,,,,,,,200196000000,128939000000,0.619,,123939000000,,,,,,,,,,,,true,false,12,2014-04-01,2015-03-31,-1
2015-07-31,61030,2015-03-31,1,,,,,,,,,,,,,,,,,,,,,,,,,,,,,14.00,,,,168775770,8484342,,false,false,12,2014-04-01,2015-03-31,-1
2015-07-31,61030,2016-03-31,1,,,,,,,,,,,,,,,,,,,,,,,,,,,,,16.00,,,,,,,false,true,12,2015-04-01,2016-03-31,0
2015-07-31,61030,2016-03-31,1,,,,,,,,,,,,,,,,,,,,,,,,,,,,,,,,,168775770,8487128,160289609,false,false,3,2015-04-01,2015-06-30,0
2015-07-31,61030,2015-03-31,1,,,,,,,,,,,,,,,,,,,,,,,,,,,,,,,,,,,163488559,false,false,3,2014-04-01,2014-06-30,-1
2015-10-28,61030,2016-03-31,2,87163000000,0.175,,,,,9877000000,0.994,9882000000,1.021,,6256000000,,39.03,,,,,,203720000000,132974000000,0.627,,127708000000,,,,,,,,,,,,true,false,6,2015-04-01,2015-09-30,0
2015-10-28,61030,2015-03-31,2,74168000000,0.300,,,,,4952000000,1.364,4890000000,0.975,,3917000000,,23.96,,,,,,,,,,,,,,,,,,,,,,true,false,6,2014-04-01,2014-09-30,-1
2015-10-28,61030,2016-03-31,2,180000000000,0.083,,,,,21000000000,0.446,21000000000,0.536,,13000000000,,81.10,,,,,,,,,,,,,,,,,,,,,,true,true,12,2015-04-01,2016-03-31,0
2015-10-28,61030,2015-03-31,2,,,,,,,,,,,,,,,,,,,,200196000000,128939000000,0.619,,123939000000,,,,,,,,,,,,true,false,12,2014-04-01,2015-03-31,-1
2015-10-28,61030,2015-03-31,2,,,,,,,,,,,,,,,,,,,,,,,,,,,,,14.00,,,,168775770,8484342,,false,false,12,2014-04-01,2015-03-31,-1
2015-10-28,61030,2016-03-31,2,,,,,,,,,,,,,,,,,,,,,,,,,,,,,8.00,,,,,,,false,false,12,2015-04-01,2016-03-31,0
2015-10-28,61030,2016-03-31,2,,,,,,,,,,,,,,,,,,,,,,,,,,,,,18.00,,,,,,,false,true,12,2015-04-01,2016-03-31,0
2015-10-28,61030,2016-03-31,2,,,,,,,,,,,,,,,,,,,,,,,,,,,,,,,,,168775770,8492236,160287196,false,false,6,2015-04-01,2015-09-30,0
2015-10-28,61030,2015-03-31,2,,,,,,,,,,,,,,,,,,,,,,,,,,,,,,,,,,,163487670,false,false,6,2014-04-01,2014-09-30,-1
2016-01-29,61030,2016-03-31,3,139263000000,0.177,,,,,16972000000,0.833,17232000000,0.882,,10823000000,,67.52,,,,,,206206000000,136595000000,0.638,,131577000000,,,,,,,,,,,,true,false,9,2015-04-01,2015-12-31,0
2016-01-29,61030,2015-03-31,3,118322000000,0.308,,,,,9260000000,1.003,9158000000,0.864,,7288000000,,44.64,,,,,,,,,,,,,,,,,,,,,,true,false,9,2014-04-01,2014-12-31,-1
2016-01-29,61030,2016-03-31,3,180000000000,0.083,,,,,21000000000,0.446,21000000000,0.536,,13000000000,,81.11,,,,,,,,,,,,,,,,,,,,,,true,true,12,2015-04-01,2016-03-31,0
2016-01-29,61030,2015-03-31,3,,,,,,,,,,,,,,,,,,,,200196000000,128939000000,0.619,,123939000000,,,,,,,,,,,,true,false,12,2014-04-01,2015-03-31,-1
2016-01-29,61030,2015-03-31,3,,,,,,,,,,,,,,,,,,,,,,,,,,,,,14.00,,,,168775770,8484342,,false,false,12,2014-04-01,2015-03-31,-1
2016-01-29,61030,2016-03-31,3,,,,,,,,,,,,,,,,,,,,,,,,,,,,,8.00,,,,,,,false,false,12,2015-04-01,2016-03-31,0
2016-01-29,61030,2016-03-31,3,,,,,,,,,,,,,,,,,,,,,,,,,,,,,18.00,,,,,,,false,true,12,2015-04-01,2016-03-31,0
2016-01-29,61030,2016-03-31,3,,,,,,,,,,,,,,,,,,,,,,,,,,,,,,,,,168775770,8496880,160285142,false,false,9,2015-04-01,2015-12-31,0
2016-01-29,61030,2015-03-31,3,,,,,,,,,,,,,,,,,,,,,,,,,,,,,,,,,,,163269260,false,false,9,2014-04-01,2014-12-31,-1
2016-04-28,61030,2016-03-31,,183478000000,0.104,,,,,21583000000,0.486,21596000000,0.580,,13697000000,,85.46,,0.108,0.107,0.118,,202594000000,134705000000,0.639,807.92,129491000000,23668000000,-5826000000,-7435000000,49570000000,,0.211,,,,,,true,false,12,2015-04-01,2016-03-31,0
2016-04-28,61030,2015-03-31,,166230000000,0.237,,,,,14526000000,0.555,13671000000,0.437,,11535000000,,70.95,,0.098,0.071,0.087,,200196000000,128939000000,0.619,773.21,123939000000,24118000000,-3897000000,-8870000000,39786000000,,0.197,,,,,,true,false,12,2014-04-01,2015-03-31,-1
2016-04-28,61030,2017-03-31,,84000000000,-0.036,,,,,8000000000,-0.190,8000000000,-0.190,,5000000000,,31.20,,,,,,,,,,,,,,,,,,,,,,true,true,6,2016-04-01,2016-09-30,1
2016-04-28,61030,2017-03-31,,175000000000,-0.046,,,,,17500000000,-0.189,17500000000,-0.190,,11000000000,,68.63,,,,,,,,,,,,,,,,0.262,,,,,,true,true,12,2016-04-01,2017-03-31,1
2016-04-28,61030,2016-03-31,,152791000000,0.187,,,,,16748000000,0.856,16591000000,0.897,11297000000,,0.509,70.43,,,,,,158927000000,103447000000,0.651,644.89,103447000000,,,,,18.00,,,,168775770,8498322,160283491,false,false,12,2015-04-01,2016-03-31,0
2016-04-28,61030,2015-03-31,,128697000000,0.205,,,,,9023000000,0.665,8747000000,0.537,7485000000,,0.239,46.01,,,,,,156459000000,97905000000,0.626,610.29,97905000000,,,,,14.00,,,,168775770,8484342,162582318,false,false,12,2014-04-01,2015-03-31,-1
2016-04-28,61030,2017-03-31,,,,,,,,,,,,,,,,,,,,,,,,,,,,,,18.00,,,,,,,false,true,12,2016-04-01,2017-03-31,1
2016-07-29,61030,2017-03-31,1,34756000000,-0.129,,,,,2665000000,-0.220,2624000000,-0.250,,1408000000,,8.79,,,,,,189150000000,129866000000,0.660,,124771000000,,,,,,,,,,,,true,false,3,2016-04-01,2016-06-30,0
2016-07-29,61030,2016-03-31,1,39921000000,0.292,,,,,3417000000,1.755,3498000000,1.651,,2129000000,,13.29,,,,,,,,,,,,,,,,,,,,,,true,false,3,2015-04-01,2015-06-30,-1
2016-07-29,61030,2017-03-31,1,84000000000,-0.036,,,,,8000000000,-0.190,8000000000,-0.190,,5000000000,,31.20,,,,,,,,,,,,,,,,,,,,,,true,true,6,2016-04-01,2016-09-30,0
2016-07-29,61030,2017-03-31,1,175000000000,-0.046,,,,,17500000000,-0.189,17500000000,-0.190,,11000000000,,68.63,,,,,,,,,,,,,,,,,,,,,,true,true,12,2016-04-01,2017-03-31,0
2016-07-29,61030,2016-03-31,1,,,,,,,,,,,,,,,,,,,,202594000000,134705000000,0.639,,129491000000,,,,,,,,,,,,true,false,12,2015-04-01,2016-03-31,-1
2016-07-29,61030,2016-03-31,1,,,,,,,,,,,,,,,,,,,,,,,,,,,,,18.00,,,,168775770,8498322,,false,false,12,2015-04-01,2016-03-31,-1
2016-07-29,61030,2017-03-31,1,,,,,,,,,,,,,,,,,,,,,,,,,,,,,18.00,,,,,,,false,true,12,2016-04-01,2017-03-31,0
2016-07-29,61030,2017-03-31,1,,,,,,,,,,,,,,,,,,,,,,,,,,,,,,,,,168775770,8499620,160277016,false,false,3,2016-04-01,2016-06-30,0
2016-07-29,61030,2016-03-31,1,,,,,,,,,,,,,,,,,,,,,,,,,,,,,,,,,,,160289609,false,false,3,2015-04-01,2015-06-30,-1
2016-10-31,61030,2017-03-31,2,75733000000,-0.131,,,,,6721000000,-0.319,6753000000,-0.317,,4150000000,,25.89,,,,,,194008000000,132664000000,0.659,,127864000000,,,,,,,,,,,,true,false,6,2016-04-01,2016-09-30,0
2016-10-31,61030,2016-03-31,2,87163000000,0.175,,,,,9877000000,0.994,9882000000,1.021,,6256000000,,39.03,,,,,,,,,,,,,,,,,,,,,,true,false,6,2015-04-01,2015-09-30,-1
2016-10-31,61030,2017-03-31,2,160000000000,-0.128,,,,,14500000000,-0.328,14500000000,-0.329,,9000000000,,56.15,,,,,,,,,,,,,,,,,,,,,,true,true,12,2016-04-01,2017-03-31,0
2016-10-31,61030,2016-03-31,2,,,,,,,,,,,,,,,,,,,,202594000000,134705000000,0.639,,129491000000,,,,,,,,,,,,true,false,12,2015-04-01,2016-03-31,-1
2016-10-31,61030,2016-03-31,2,,,,,,,,,,,,,,,,,,,,,,,,,,,,,18.00,,,,168775770,8498322,,false,false,12,2015-04-01,2016-03-31,-1
2016-10-31,61030,2017-03-31,2,,,,,,,,,,,,,,,,,,,,,,,,,,,,,9.00,,,,,,,false,false,12,2016-04-01,2017-03-31,0
2016-10-31,61030,2017-03-31,2,,,,,,,,,,,,,,,,,,,,,,,,,,,,,18.00,,,,,,,false,true,12,2016-04-01,2017-03-31,0
2016-10-31,61030,2017-03-31,2,,,,,,,,,,,,,,,,,,,,,,,,,,,,,,,,,168775770,8500869,160276187,false,false,6,2016-04-01,2016-09-30,0
2016-10-31,61030,2016-03-31,2,,,,,,,,,,,,,,,,,,,,,,,,,,,,,,,,,,,160287196,false,false,6,2015-04-01,2015-09-30,-1
2016-10-31,61030,2017-03-31,,160000000000,-0.086,,,,,14500000000,-0.171,14500000000,-0.171,,9000000000,,56.15,,,,,,,,,,,,,,,,,,,,,,true,true,12,2016-04-01,2017-03-31,0
2016-10-31,61030,2016-03-31,,183478000000,,,,,,21583000000,,21596000000,,,13697000000,,85.46,,,,,,,,,,,,,,,,,,,,,,true,false,12,2015-04-01,2016-03-31,-1
2017-01-31,61030,2017-03-31,3,118781000000,-0.147,,,,,11323000000,-0.333,11904000000,-0.309,,7592000000,,47.37,,,,,,205354000000,140921000000,0.662,,135992000000,,,,,,,,,,,,true,false,9,2016-04-01,2016-12-31,0
2017-01-31,61030,2016-03-31,3,139263000000,0.177,,,,,16972000000,0.833,17232000000,0.882,,10823000000,,67.52,,,,,,,,,,,,,,,,,,,,,,true,false,9,2015-04-01,2015-12-31,-1
2017-01-31,61030,2017-03-31,3,160000000000,-0.128,,,,,14500000000,-0.328,14500000000,-0.329,,9000000000,,56.15,,,,,,,,,,,,,,,,,,,,,,true,true,12,2016-04-01,2017-03-31,0
2017-01-31,61030,2016-03-31,3,,,,,,,,,,,,,,,,,,,,202594000000,134705000000,0.639,,129491000000,,,,,,,,,,,,true,false,12,2015-04-01,2016-03-31,-1
2017-01-31,61030,2016-03-31,3,,,,,,,,,,,,,,,,,,,,,,,,,,,,,18.00,,,,168775770,8498322,,false,false,12,2015-04-01,2016-03-31,-1
2017-01-31,61030,2017-03-31,3,,,,,,,,,,,,,,,,,,,,,,,,,,,,,9.00,,,,,,,false,false,12,2016-04-01,2017-03-31,0
2017-01-31,61030,2017-03-31,3,,,,,,,,,,,,,,,,,,,,,,,,,,,,,18.00,,,,,,,false,true,12,2016-04-01,2017-03-31,0
2017-01-31,61030,2017-03-31,3,,,,,,,,,,,,,,,,,,,,,,,,,,,,,,,,,168775770,8503336,160275406,false,false,9,2016-04-01,2016-12-31,0
2017-01-31,61030,2016-03-31,3,,,,,,,,,,,,,,,,,,,,,,,,,,,,,,,,,,,160285142,false,false,9,2015-04-01,2015-12-31,-1
2017-04-28,61030,2017-03-31,,162679000000,-0.113,,,,,15560000000,-0.279,15961000000,-0.261,,10241000000,,63.90,,0.076,0.077,0.096,,211117000000,145153000000,0.661,870.45,139507000000,9928000000,-9633000000,-1264000000,48369000000,,0.282,,,,,,true,false,12,2016-04-01,2017-03-31,0
2017-04-28,61030,2016-03-31,,183478000000,0.104,,,,,21583000000,0.486,21596000000,0.580,,13697000000,,85.46,,0.108,0.107,0.118,,202594000000,134705000000,0.639,807.92,129491000000,23668000000,-5826000000,-7435000000,49570000000,,0.211,,,,,,true,false,12,2015-04-01,2016-03-31,-1
2017-04-28,61030,2018-03-31,,78000000000,0.030,,,,,6800000000,0.012,6800000000,0.007,,4400000000,,27.45,,,,,,,,,,,,,,,,,,,,,,true,true,6,2017-04-01,2017-09-30,1
2017-04-28,61030,2018-03-31,,165000000000,0.014,,,,,16000000000,0.028,16000000000,0.002,,10000000000,,62.39,,,,,,,,,,,,,,,,0.289,,,,,,true,true,12,2017-04-01,2018-03-31,1
2017-04-28,61030,2017-03-31,,137935000000,-0.097,,,,,12376000000,-0.261,12655000000,-0.237,8810000000,,-0.220,54.93,,,,,,164158000000,112392000000,0.685,700.69,112392000000,,,,,18.00,,,,168775770,8506466,160274254,false,false,12,2016-04-01,2017-03-31,0
2017-04-28,61030,2016-03-31,,152791000000,0.187,,,,,16748000000,0.856,16591000000,0.897,11297000000,,0.509,70.43,,,,,,158927000000,103447000000,0.651,644.89,103447000000,,,,,18.00,,,,168775770,8498322,160283491,false,false,12,2015-04-01,2016-03-31,-1
2017-04-28,61030,2018-03-31,,,,,,,,,,,,,,,,,,,,,,,,,,,,,,18.00,,,,,,,false,true,12,2017-04-01,2018-03-31,1
2017-07-31,61030,2018-03-31,1,36792000000,0.059,,,,,3280000000,0.231,3617000000,0.378,,2438000000,,15.22,,,,,,212330000000,147820000000,0.669,,142041000000,,,,,,,,,,,,true,false,3,2017-04-01,2017-06-30,0
2017-07-31,61030,2017-03-31,1,34756000000,-0.129,,,,,2665000000,-0.220,2624000000,-0.250,,1408000000,,8.79,,,,,,,,,,,,,,,,,,,,,,true,false,3,2016-04-01,2016-06-30,-1
2017-07-31,61030,2018-03-31,1,78000000000,0.030,,,,,6800000000,0.012,6800000000,0.007,,4400000000,,27.45,,,,,,,,,,,,,,,,,,,,,,true,true,6,2017-04-01,2017-09-30,0
2017-07-31,61030,2018-03-31,1,165000000000,0.014,,,,,16000000000,0.028,16000000000,0.002,,10000000000,,311.98,,,,,,,,,,,,,,,,,,,,,,true,true,12,2017-04-01,2018-03-31,0
2017-07-31,61030,2017-03-31,1,,,,,,,,,,,,,,,,,,,,211117000000,145153000000,0.661,,139507000000,,,,,,,,,,,,true,false,12,2016-04-01,2017-03-31,-1
2017-07-31,61030,2017-03-31,1,,,,,,,,,,,,,,,,,,,,,,,,,,,,,18.00,,,,168775770,8506466,,false,false,12,2016-04-01,2017-03-31,-1
2017-07-31,61030,2018-03-31,1,,,,,,,,,,,,,,,,,,,,,,,,,,,,,45.00,,,,,,,false,true,12,2017-04-01,2018-03-31,0
2017-07-31,61030,2018-03-31,1,,,,,,,,,,,,,,,,,,,,,,,,,,,,,,,,,168775770,8507492,160268772,false,false,3,2017-04-01,2017-06-30,0
2017-07-31,61030,2017-03-31,1,,,,,,,,,,,,,,,,,,,,,,,,,,,,,,,,,,,160277016,false,false,3,2016-04-01,2016-06-30,-1
2017-10-30,61030,2018-03-31,2,82924000000,0.095,,,,,8658000000,0.288,9087000000,0.346,,5866000000,,183.02,,,,,,223250000000,153634000000,0.661,,147638000000,,,,,,,,,,,,true,false,6,2017-04-01,2017-09-30,0
2017-10-30,61030,2017-03-31,2,75733000000,-0.131,,,,,6721000000,-0.319,6753000000,-0.317,,4150000000,,129.47,,,,,,,,,,,,,,,,,,,,,,true,false,6,2016-04-01,2016-09-30,-1
2017-10-30,61030,2018-03-31,2,175000000000,0.076,,,,,19500000000,0.253,19500000000,0.222,,12500000000,,389.97,,,,,,,,,,,,,,,,,,,,,,true,true,12,2017-04-01,2018-03-31,0
2017-10-30,61030,2017-03-31,2,,,,,,,,,,,,,,,,,,,,211117000000,145153000000,0.661,,139507000000,,,,,,,,,,,,true,false,12,2016-04-01,2017-03-31,-1
2017-10-30,61030,2017-03-31,2,,,,,,,,,,,,,,,,,,,,,,,,,,,,,18.00,,,,33755154,1701293,,false,false,12,2016-04-01,2017-03-31,-1
2017-10-30,61030,2018-03-31,2,,,,,,,,,,,,,,,,,,,,,,,,,,,,,9.00,,,,,,,false,false,12,2017-04-01,2018-03-31,0
2017-10-30,61030,2018-03-31,2,,,,,,,,,,,,,,,,,,,,,,,,,,,,,50.00,,,,,,,false,true,12,2017-04-01,2018-03-31,0
2017-10-30,61030,2018-03-31,2,,,,,,,,,,,,,,,,,,,,,,,,,,,,,,,,,33755154,1701774,32053639,false,false,6,2017-04-01,2017-09-30,0
2017-10-30,61030,2017-03-31,2,,,,,,,,,,,,,,,,,,,,,,,,,,,,,,,,,,,32055237,false,false,6,2016-04-01,2016-09-30,-1
,61030,2018-03-31,,,,,,,,,,,,,,,,,,,,,,,,,,,,,,50.00,,,,,,,false,true,12,2017-04-01,2018-03-31,0
,61030,2018-03-31,,,,,,,,,,,,,,,,,,,,,,,,,,,,,,9.00,,,,,,,false,false,12,2017-04-01,2018-03-31,0
,61030,2017-03-31,,,,,,,,,,,,,,,,,,,,,,,,,,,,,,18.00,,,,,,,false,false,12,2016-04-01,2017-03-31,-1
2017-10-30,61030,2018-03-31,,175000000000,0.061,,,,,19500000000,0.219,19500000000,0.219,,12500000000,,389.97,,,,,,,,,,,,,,,,,,,,,,true,true,12,2017-04-01,2018-03-31,0
2017-10-30,61030,2017-03-31,,162679000000,,,,,,15560000000,,15961000000,,,10241000000,,63.90,,,,,,,,,,,,,,,,,,,,,,true,false,12,2016-04-01,2017-03-31,-1
2018-01-31,61030,2018-03-31,3,132033000000,0.112,,,,,14931000000,0.319,15641000000,0.314,,10192000000,,317.99,,,,,,229702000000,159159000000,0.666,,152957000000,,,,,,,,,,,,true,false,9,2017-04-01,2017-12-31,0
2018-01-31,61030,2017-03-31,3,118781000000,-0.147,,,,,11323000000,-0.333,11904000000,-0.309,,7592000000,,236.85,,,,,,,,,,,,,,,,,,,,,,true,false,9,2016-04-01,2016-12-31,-1
2018-01-31,61030,2018-03-31,3,175000000000,0.076,,,,,19500000000,0.253,19500000000,0.222,,12500000000,,389.98,,,,,,,,,,,,,,,,,,,,,,true,true,12,2017-04-01,2018-03-31,0
2018-01-31,61030,2017-03-31,3,,,,,,,,,,,,,,,,,,,,211117000000,145153000000,0.661,,139507000000,,,,,,,,,,,,true,false,12,2016-04-01,2017-03-31,-1
2018-01-31,61030,2017-03-31,3,,,,,,,,,,,,,,,,,,,,,,,,,,,,,18.00,,,,33755154,1701293,,false,false,12,2016-04-01,2017-03-31,-1
2018-01-31,61030,2018-03-31,3,,,,,,,,,,,,,,,,,,,,,,,,,,,,,9.00,,,,,,,false,false,12,2017-04-01,2018-03-31,0
2018-01-31,61030,2018-03-31,3,,,,,,,,,,,,,,,,,,,,,,,,,,,,,50.00,,,,,,,false,true,12,2017-04-01,2018-03-31,0
2018-01-31,61030,2018-03-31,3,,,,,,,,,,,,,,,,,,,,,,,,,,,,,,,,,33755154,1704046,32053117,false,false,9,2017-04-01,2017-12-31,0
2018-01-31,61030,2017-03-31,3,,,,,,,,,,,,,,,,,,,,,,,,,,,,,,,,,,,32055081,false,false,9,2016-04-01,2016-12-31,-1
2018-04-27,61030,2018-03-31,,182130000000,0.120,,,,,22493000000,0.446,22583000000,0.415,,14226000000,,443.85,,0.097,0.101,0.124,,234558000000,160902000000,0.658,4816.80,154382000000,29827000000,-12441000000,-6135000000,59371000000,,0.237,,,,,,true,false,12,2017-04-01,2018-03-31,0
2018-04-27,61030,2017-03-31,,162679000000,-0.113,,,,,15560000000,-0.279,15961000000,-0.261,,10241000000,,319.50,,0.076,0.077,0.096,,211117000000,145153000000,0.661,4352.27,139507000000,9928000000,-9633000000,-1264000000,48369000000,,0.282,,,,,,true,false,12,2016-04-01,2017-03-31,-1
2018-04-27,61030,2019-03-31,,100000000000,0.206,,,,,12500000000,0.444,12500000000,0.375,,8500000000,,265.20,,,,,,,,,,,,,,,,,,,,,,true,true,6,2018-04-01,2018-09-30,1
2018-04-27,61030,2019-03-31,,203000000000,0.115,,,,,26500000000,0.178,26500000000,0.173,,17500000000,,546.01,,,,,,,,,,,,,,,,0.220,,,,,,true,true,12,2018-04-01,2019-03-31,1
2018-04-27,61030,2018-03-31,,144178000000,0.045,,,,,15232000000,0.231,15433000000,0.220,10445000000,,0.186,325.63,,,,,,182991000000,122936000000,0.672,3832.47,122936000000,,,,,60.00,,,,33755154,1704238,32052613,false,false,12,2017-04-01,2018-03-31,0
2018-04-27,61030,2017-03-31,,137935000000,-0.097,,,,,12376000000,-0.261,12655000000,-0.237,8810000000,,-0.220,274.63,,,,,,164158000000,112392000000,0.685,3503.45,112392000000,,,,,18.00,,,,33755154,1701293,32054851,false,false,12,2016-04-01,2017-03-31,-1
2018-04-27,61030,2019-03-31,,,,,,,,,,,,,,,,,,,,,,,,,,,,,,120.00,,,,,,,false,true,12,2018-04-01,2019-03-31,1
,61030,2018-03-31,,,,,,,,,,,,,,,,,,,,,,,,,,,,,,60.00,,,,,,,false,true,12,2017-04-01,2018-03-31,0
,61030,2018-03-31,,,,,,,,,,,,,,,,,,,,,,,,,,,,,,9.00,,,,,,,false,false,12,2017-04-01,2018-03-31,0
,61030,2017-03-31,,,,,,,,,,,,,,,,,,,,,,,,,,,,,,18.00,,,,,,,false,false,12,2016-04-01,2017-03-31,-1
2018-07-31,61030,2019-03-31,1,48706000000,0.324,,,,,5987000000,0.825,6520000000,0.802,,3717000000,,115.89,,,,,,229968000000,160850000000,0.671,,154354000000,,,,,,,,,,,,true,false,3,2018-04-01,2018-06-30,0
2018-07-31,61030,2018-03-31,1,36792000000,0.059,,,,,3280000000,0.231,3617000000,0.378,,2438000000,,76.08,,,,,,,,,,,,,,,,,,,,,,true,false,3,2017-04-01,2017-06-30,-1
2018-07-31,61030,2019-03-31,1,100000000000,0.206,,,,,12500000000,0.444,12500000000,0.375,,8500000000,,264.98,,,,,,,,,,,,,,,,,,,,,,true,true,6,2018-04-01,2018-09-30,0
2018-07-31,61030,2019-03-31,1,203000000000,0.115,,,,,26500000000,0.178,26500000000,0.173,,17500000000,,545.56,,,,,,,,,,,,,,,,,,,,,,true,true,12,2018-04-01,2019-03-31,0
2018-07-31,61030,2018-03-31,1,,,,,,,,,,,,,,,,,,,,232002000000,160902000000,0.665,,154382000000,,,,,,,,,,,,true,false,12,2017-04-01,2018-03-31,-1
2018-07-31,61030,2018-03-31,1,,,,,,,,,,,,,,,,,,,,,,,,,,,,,60.00,,,,33755154,1704238,,false,false,12,2017-04-01,2018-03-31,-1
2018-07-31,61030,2019-03-31,1,,,,,,,,,,,,,,,,,,,,,,,,,,,,,120.00,,,,,,,false,true,12,2018-04-01,2019-03-31,0
2018-07-31,61030,2019-03-31,1,,,,,,,,,,,,,,,,,,,,,,,,,,,,,,,,,33755154,1677826,32077383,false,false,3,2018-04-01,2018-06-30,0
2018-07-31,61030,2018-03-31,1,,,,,,,,,,,,,,,,,,,,,,,,,,,,,,,,,,,32053754,false,false,3,2017-04-01,2017-06-30,-1
2018-10-29,61030,2019-03-31,2,100374000000,0.210,,,,,12232000000,0.413,13115000000,0.443,,7987000000,,249.02,,,,,,234729000000,166670000000,0.682,,160039000000,,,,,,,,,,,,true,false,6,2018-04-01,2018-09-30,0
2018-10-29,61030,2018-03-31,2,82924000000,0.095,,,,,8658000000,0.288,9087000000,0.346,,5866000000,,183.02,,,,,,,,,,,,,,,,,,,,,,true,false,6,2017-04-01,2017-09-30,-1
2018-10-29,61030,2019-03-31,2,203000000000,0.115,,,,,26500000000,0.178,26500000000,0.173,,17500000000,,545.56,,,,,,,,,,,,,,,,,,,,,,true,true,12,2018-04-01,2019-03-31,0
2018-10-29,61030,2018-03-31,2,,,,,,,,,,,,,,,,,,,,232002000000,160902000000,0.665,,154382000000,,,,,,,,,,,,true,false,12,2017-04-01,2018-03-31,-1
2018-10-29,61030,2018-03-31,2,,,,,,,,,,,,,,,,,,,,,,,,,,,,,60.00,,,,33755154,1704238,,false,false,12,2017-04-01,2018-03-31,-1
2018-10-29,61030,2019-03-31,2,,,,,,,,,,,,,,,,,,,,,,,,,,,,,60.00,,,,,,,false,false,12,2018-04-01,2019-03-31,0
2018-10-29,61030,2019-03-31,2,,,,,,,,,,,,,,,,,,,,,,,,,,,,,125.00,,,,,,,false,true,12,2018-04-01,2019-03-31,0
2018-10-29,61030,2019-03-31,2,,,,,,,,,,,,,,,,,,,,,,,,,,,,,,,,,33755154,1678052,32077287,false,false,6,2018-04-01,2018-09-30,0
2018-10-29,61030,2018-03-31,2,,,,,,,,,,,,,,,,,,,,,,,,,,,,,,,,,,,32053639,false,false,6,2017-04-01,2017-09-30,-1
,61030,2019-03-31,,,,,,,,,,,,,,,,,,,,,,,,,,,,,,125.00,,,,,,,false,true,12,2018-04-01,2019-03-31,0
,61030,2019-03-31,,,,,,,,,,,,,,,,,,,,,,,,,,,,,,60.00,,,,,,,false,false,12,2018-04-01,2019-03-31,0
,61030,2018-03-31,,,,,,,,,,,,,,,,,,,,,,,,,,,,,,60.00,,,,,,,false,false,12,2017-04-01,2018-03-31,-1
2019-01-31,61030,2019-03-31,3,153211000000,0.160,,,,,19276000000,0.291,20297000000,0.298,,12813000000,,399.44,,,,,,230514000000,165246000000,0.687,,158410000000,,,,,,,,,,,,true,false,9,2018-04-01,2018-12-31,0
2019-01-31,61030,2018-03-31,3,132033000000,0.112,,,,,14931000000,0.319,15641000000,0.314,,10192000000,,317.99,,,,,,,,,,,,,,,,,,,,,,true,false,9,2017-04-01,2017-12-31,-1
2019-01-31,61030,2019-03-31,3,203000000000,0.115,,,,,26500000000,0.178,26500000000,0.173,,17500000000,,545.57,,,,,,,,,,,,,,,,,,,,,,true,true,12,2018-04-01,2019-03-31,0
2019-01-31,61030,2018-03-31,3,,,,,,,,,,,,,,,,,,,,232002000000,160902000000,0.665,,154382000000,,,,,,,,,,,,true,false,12,2017-04-01,2018-03-31,-1
2019-01-31,61030,2018-03-31,3,,,,,,,,,,,,,,,,,,,,,,,,,,,,,60.00,,,,33755154,1704238,,false,false,12,2017-04-01,2018-03-31,-1
2019-01-31,61030,2019-03-31,3,,,,,,,,,,,,,,,,,,,,,,,,,,,,,60.00,,,,,,,false,false,12,2018-04-01,2019-03-31,0
2019-01-31,61030,2019-03-31,3,,,,,,,,,,,,,,,,,,,,,,,,,,,,,125.00,,,,,,,false,true,12,2018-04-01,2019-03-31,0
2019-01-31,61030,2019-03-31,3,,,,,,,,,,,,,,,,,,,,,,,,,,,,,,,,,33755154,1678883,32077134,false,false,9,2018-04-01,2018-12-31,0
2019-01-31,61030,2018-03-31,3,,,,,,,,,,,,,,,,,,,,,,,,,,,,,,,,,,,32053117,false,false,9,2017-04-01,2017-12-31,-1
2019-04-26,61030,2019-03-31,,211732000000,0.163,,,,,27575000000,0.226,28186000000,0.248,,18521000000,,578.55,,0.117,0.120,0.130,,237720000000,168580000000,0.680,5122.23,161725000000,11649000000,-4913000000,-7471000000,58367000000,,0.216,,,,,,true,false,12,2018-04-01,2019-03-31,0
2019-04-26,61030,2018-03-31,,182130000000,0.120,,,,,22493000000,0.446,22583000000,0.415,,14226000000,,443.85,,0.097,0.103,0.124,,232002000000,160902000000,0.665,4816.80,154382000000,29827000000,-12441000000,-6135000000,59371000000,,0.237,,,,,,true,false,12,2017-04-01,2018-03-31,-1
2019-04-26,61030,2020-03-31,,100000000000,-0.004,,,,,11500000000,-0.060,11700000000,-0.108,,7800000000,,247.05,,,,,,,,,,,,,,,,,,,,,,true,true,6,2019-04-01,2019-09-30,1
2019-04-26,61030,2020-03-31,,201000000000,-0.051,,,,,24000000000,-0.130,24500000000,-0.131,,16300000000,,516.26,,,,,,,,,,,,,,,,0.252,,,,,,true,true,12,2019-04-01,2020-03-31,1
2019-04-26,61030,2019-03-31,,173874000000,0.206,,,,,20284000000,0.332,21692000000,0.406,15807000000,,0.513,493.76,,,,,,184332000000,128449000000,0.697,4068.32,128449000000,,,,,125.00,,,,33755154,2182009,32014051,false,false,12,2018-04-01,2019-03-31,0
2019-04-26,61030,2018-03-31,,144178000000,0.045,,,,,15232000000,0.231,15433000000,0.220,10445000000,,0.186,325.63,,,,,,181912000000,122936000000,0.676,3832.47,122936000000,,,,,60.00,,,,33755154,1704238,32052613,false,false,12,2017-04-01,2018-03-31,-1
2019-04-26,61030,2020-03-31,,,,,,,,,,,,,,,,,,,,,,,,,,,,,,130.00,,,,,,,false,true,12,2019-04-01,2020-03-31,1
2019-07-31,61030,2020-03-31,1,40826000000,-0.162,,,,,4117000000,-0.312,4342000000,-0.334,,2784000000,,88.19,,,,,,231097000000,169140000000,0.702,,162116000000,,,,,,,,,,,,true,false,3,2019-04-01,2019-06-30,0
2019-07-31,61030,2019-03-31,1,48706000000,0.324,,,,,5987000000,0.825,6520000000,0.802,,3717000000,,115.89,,,,,,,,,,,,,,,,,,,,,,true,false,3,2018-04-01,2018-06-30,-1
2019-07-31,61030,2020-03-31,1,100000000000,-0.004,,,,,11500000000,-0.060,11700000000,-0.108,,7800000000,,247.05,,,,,,,,,,,,,,,,,,,,,,true,true,6,2019-04-01,2019-09-30,0
2019-07-31,61030,2020-03-31,1,201000000000,-0.051,,,,,24000000000,-0.130,24500000000,-0.131,,16300000000,,516.26,,,,,,,,,,,,,,,,,,,,,,true,true,12,2019-04-01,2020-03-31,0
2019-07-31,61030,2019-03-31,1,,,,,,,,,,,,,,,,,,,,237720000000,168580000000,0.680,,161725000000,,,,,,,,,,,,true,false,12,2018-04-01,2019-03-31,-1
2019-07-31,61030,2019-03-31,1,,,,,,,,,,,,,,,,,,,,,,,,,,,,,125.00,,,,33755154,2182009,,false,false,12,2018-04-01,2019-03-31,-1
2019-07-31,61030,2020-03-31,1,,,,,,,,,,,,,,,,,,,,,,,,,,,,,130.00,,,,,,,false,true,12,2019-04-01,2020-03-31,0
2019-07-31,61030,2020-03-31,1,,,,,,,,,,,,,,,,,,,,,,,,,,,,,,,,,33755154,2182165,31573044,false,false,3,2019-04-01,2019-06-30,0
2019-07-31,61030,2019-03-31,1,,,,,,,,,,,,,,,,,,,,,,,,,,,,,,,,,,,32077383,false,false,3,2018-04-01,2018-06-30,-1
2019-10-30,61030,2020-03-31,2,89352000000,-0.110,,,,,9187000000,-0.249,9484000000,-0.277,,6141000000,,194.53,,,,,,224878000000,171841000000,0.733,,164883000000,,,,,,,,,,,,true,false,6,2019-04-01,2019-09-30,0
2019-10-30,61030,2019-03-31,2,100374000000,0.210,,,,,12232000000,0.413,13115000000,0.443,,7987000000,,249.02,,,,,,,,,,,,,,,,,,,,,,true,false,6,2018-04-01,2018-09-30,-1
2019-10-30,61030,2020-03-31,2,170000000000,-0.197,,,,,16200000000,-0.413,17000000000,-0.397,,11000000000,,348.40,,,,,,,,,,,,,,,,,,,,,,true,true,12,2019-04-01,2020-03-31,0
2019-10-30,61030,2019-03-31,2,,,,,,,,,,,,,,,,,,,,237720000000,168580000000,0.680,,161725000000,,,,,,,,,,,,true,false,12,2018-04-01,2019-03-31,-1
2019-10-30,61030,2019-03-31,2,,,,,,,,,,,,,,,,,,,,,,,,,,,,,125.00,,,,33755154,2182009,,false,false,12,2018-04-01,2019-03-31,-1
2019-10-30,61030,2020-03-31,2,,,,,,,,,,,,,,,,,,,,,,,,,,,,,65.00,,,,,,,false,false,12,2019-04-01,2020-03-31,0
2019-10-30,61030,2020-03-31,2,,,,,,,,,,,,,,,,,,,,,,,,,,,,,130.00,,,,,,,false,true,12,2019-04-01,2020-03-31,0
2019-10-30,61030,2020-03-31,2,,,,,,,,,,,,,,,,,,,,,,,,,,,,,,,,,33755154,2182438,31572949,false,false,6,2019-04-01,2019-09-30,0
2019-10-30,61030,2019-03-31,2,,,,,,,,,,,,,,,,,,,,,,,,,,,,,,,,,,,32077287,false,false,6,2018-04-01,2018-09-30,-1
2020-01-31,61030,2020-03-31,3,132001000000,-0.138,,,,,12622000000,-0.345,13164000000,-0.351,,8964000000,,283.93,,,,,,222758000000,174966000000,0.754,,168043000000,,,,,,,,,,,,true,false,9,2019-04-01,2019-12-31,0
2020-01-31,61030,2019-03-31,3,153211000000,0.160,,,,,19276000000,0.291,20297000000,0.298,,12813000000,,399.44,,,,,,,,,,,,,,,,,,,,,,true,false,9,2018-04-01,2018-12-31,-1
2020-01-31,61030,2020-03-31,3,170000000000,-0.197,,,,,16200000000,-0.413,17000000000,-0.397,,11000000000,,348.41,,,,,,,,,,,,,,,,,,,,,,true,true,12,2019-04-01,2020-03-31,0
2020-01-31,61030,2019-03-31,3,,,,,,,,,,,,,,,,,,,,237720000000,168580000000,0.680,,161725000000,,,,,,,,,,,,true,false,12,2018-04-01,2019-03-31,-1
2020-01-31,61030,2019-03-31,3,,,,,,,,,,,,,,,,,,,,,,,,,,,,,125.00,,,,33755154,2182009,,false,false,12,2018-04-01,2019-03-31,-1
2020-01-31,61030,2020-03-31,3,,,,,,,,,,,,,,,,,,,,,,,,,,,,,65.00,,,,,,,false,false,12,2019-04-01,2020-03-31,0
2020-01-31,61030,2020-03-31,3,,,,,,,,,,,,,,,,,,,,,,,,,,,,,130.00,,,,,,,false,true,12,2019-04-01,2020-03-31,0
2020-01-31,61030,2020-03-31,3,,,,,,,,,,,,,,,,,,,,,,,,,,,,,,,,,33755154,2182764,31572817,false,false,9,2019-04-01,2019-12-31,0
2020-01-31,61030,2019-03-31,3,,,,,,,,,,,,,,,,,,,,,,,,,,,,,,,,,,,32077134,false,false,9,2018-04-01,2018-12-31,-1
2020-04-28,61030,2020-03-31,,172094000000,-0.187,,,,,14995000000,-0.456,15549000000,-0.448,,10712000000,,339.30,,0.066,0.069,0.087,,212318000000,171375000000,0.773,5197.86,164108000000,10041000000,-15539000000,-8219000000,44369000000,,0.383,,,,,,true,false,12,2019-04-01,2020-03-31,0
2020-04-28,61030,2019-03-31,,211732000000,0.163,,,,,27575000000,0.226,28186000000,0.248,,18521000000,,578.55,,0.117,0.120,0.130,,237720000000,168580000000,0.680,5122.23,161725000000,11649000000,-4913000000,-7471000000,58367000000,,0.216,,,,,,true,false,12,2018-04-01,2019-03-31,-1
2020-04-28,61030,2021-03-31,,58000000000,-0.351,,,,,500000000,-0.946,700000000,-0.926,,500000000,,15.84,,,,,,,,,,,,,,,,,,,,,,true,true,6,2020-04-01,2020-09-30,1
2020-04-28,61030,2020-03-31,,135705000000,-0.220,,,,,10283000000,-0.493,11853000000,-0.454,8816000000,,-0.442,279.25,,,,,,159222000000,130603000000,0.820,4136.66,130603000000,,,,,130.00,,,,33755154,2182921,31572700,false,false,12,2019-04-01,2020-03-31,0
2020-04-28,61030,2019-03-31,,173874000000,0.206,,,,,20284000000,0.332,21692000000,0.406,15807000000,,0.513,493.76,,,,,,184332000000,128449000000,0.697,4068.32,128449000000,,,,,125.00,,,,33755154,2182009,32014051,false,false,12,2018-04-01,2019-03-31,-1
2020-04-28,61030,2021-03-31,,,,,,,,,,,,,,,,,,,,,,,,,,,,,,15.00,,,,,,,false,true,12,2020-04-01,2021-03-31,1
2020-07-31,61030,2021-03-31,1,24680000000,-0.395,,,,,362000000,-0.912,681000000,-0.843,,238000000,,7.55,,,,,,209695000000,170758000000,0.780,,163531000000,,,,,,,,,,,,true,false,3,2020-04-01,2020-06-30,0
2020-07-31,61030,2020-03-31,1,40826000000,-0.162,,,,,4117000000,-0.312,4342000000,-0.334,,2784000000,,88.19,,,,,,,,,,,,,,,,,,,,,,true,false,3,2019-04-01,2019-06-30,-1
2020-07-31,61030,2021-03-31,1,58000000000,-0.351,,,,,500000000,-0.946,700000000,-0.926,,500000000,,15.84,,,,,,,,,,,,,,,,,,,,,,true,true,6,2020-04-01,2020-09-30,0
2020-07-31,61030,2020-03-31,1,,,,,,,,,,,,,,,,,,,,212318000000,171375000000,0.773,,164108000000,,,,,,,,,,,,true,false,12,2019-04-01,2020-03-31,-1
2020-07-31,61030,2020-03-31,1,,,,,,,,,,,,,,,,,,,,,,,,,,,,,130.00,,,,33755154,2182921,,false,false,12,2019-04-01,2020-03-31,-1
2020-07-31,61030,2021-03-31,1,,,,,,,,,,,,,,,,,,,,,,,,,,,,,15.00,,,,,,,false,true,12,2020-04-01,2021-03-31,0
2020-07-31,61030,2021-03-31,1,,,,,,,,,,,,,,,,,,,,,,,,,,,,,,,,,33755154,2183050,31572181,false,false,3,2020-04-01,2020-06-30,0
2020-07-31,61030,2020-03-31,1,,,,,,,,,,,,,,,,,,,,,,,,,,,,,,,,,,,31573044,false,false,3,2019-04-01,2019-06-30,-1
2020-10-30,61030,2021-03-31,2,57923000000,-0.352,,,,,1354000000,-0.853,1638000000,-0.827,,532000000,,16.88,,,,,,209407000000,171665000000,0.785,,164315000000,,,,,,,,,,,,true,false,6,2020-04-01,2020-09-30,0
2020-10-30,61030,2020-03-31,2,89352000000,-0.110,,,,,9187000000,-0.249,9484000000,-0.277,,6141000000,,194.53,,,,,,,,,,,,,,,,,,,,,,true,false,6,2019-04-01,2019-09-30,-1
2020-10-30,61030,2021-03-31,2,122000000000,-0.291,,,,,4000000000,-0.733,4500000000,-0.711,,1800000000,,57.01,,,,,,,,,,,,,,,,,,,,,,true,true,12,2020-04-01,2021-03-31,0
2020-10-30,61030,2020-03-31,2,,,,,,,,,,,,,,,,,,,,212318000000,171375000000,0.773,,164108000000,,,,,,,,,,,,true,false,12,2019-04-01,2020-03-31,-1
2020-10-30,61030,2020-03-31,2,,,,,,,,,,,,,,,,,,,,,,,,,,,,,130.00,,,,33755154,2182921,,false,false,12,2019-04-01,2020-03-31,-1
2020-10-30,61030,2021-03-31,2,,,,,,,,,,,,,,,,,,,,,,,,,,,,,15.00,,,,,,,false,false,12,2020-04-01,2021-03-31,0
2020-10-30,61030,2021-03-31,2,,,,,,,,,,,,,,,,,,,,,,,,,,,,,35.00,,,,,,,false,true,12,2020-04-01,2021-03-31,0
2020-10-30,61030,2021-03-31,2,,,,,,,,,,,,,,,,,,,,,,,,,,,,,,,,,33755154,2183324,31572072,false,false,6,2020-04-01,2020-09-30,0
2020-10-30,61030,2020-03-31,2,,,,,,,,,,,,,,,,,,,,,,,,,,,,,,,,,,,31572949,false,false,6,2019-04-01,2019-09-30,-1
2021-01-29,61030,2021-03-31,3,87788000000,-0.335,,,,,2240000000,-0.823,2702000000,-0.795,,617000000,,19.56,,,,,,211062000000,172645000000,0.783,,165186000000,,,,,,,,,,,,true,false,9,2020-04-01,2020-12-31,0
2021-01-29,61030,2020-03-31,3,132001000000,-0.138,,,,,12622000000,-0.345,13164000000,-0.351,,8964000000,,283.93,,,,,,,,,,,,,,,,,,,,,,true,false,9,2019-04-01,2019-12-31,-1
2021-01-29,61030,2021-03-31,3,122000000000,-0.291,,,,,4000000000,-0.733,4500000000,-0.711,,1800000000,,57.01,,,,,,,,,,,,,,,,,,,,,,true,true,12,2020-04-01,2021-03-31,0
2021-01-29,61030,2020-03-31,3,,,,,,,,,,,,,,,,,,,,212318000000,171375000000,0.773,,164108000000,,,,,,,,,,,,true,false,12,2019-04-01,2020-03-31,-1
2021-01-29,61030,2020-03-31,3,,,,,,,,,,,,,,,,,,,,,,,,,,,,,130.00,,,,33755154,2182921,,false,false,12,2019-04-01,2020-03-31,-1
2021-01-29,61030,2021-03-31,3,,,,,,,,,,,,,,,,,,,,,,,,,,,,,15.00,,,,,,,false,false,12,2020-04-01,2021-03-31,0
2021-01-29,61030,2021-03-31,3,,,,,,,,,,,,,,,,,,,,,,,,,,,,,35.00,,,,,,,false,true,12,2020-04-01,2021-03-31,0
2021-01-29,61030,2021-03-31,3,,,,,,,,,,,,,,,,,,,,,,,,,,,,,,,,,33755154,2183530,31571959,false,false,9,2020-04-01,2020-12-31,0
2021-01-29,61030,2020-03-31,3,,,,,,,,,,,,,,,,,,,,,,,,,,,,,,,,,,,31572817,false,false,9,2019-04-01,2019-12-31,-1
2021-04-27,61030,2021-03-31,,123394000000,-0.283,,,,,4820000000,-0.679,5459000000,-0.649,,2088000000,,66.15,,0.012,0.025,0.039,,223244000000,179258000000,0.769,5439.31,171725000000,18962000000,-5872000000,-4072000000,54078000000,,0.529,,,,,,true,false,12,2020-04-01,2021-03-31,0
2021-04-27,61030,2020-03-31,,172094000000,-0.187,,,,,14995000000,-0.456,15549000000,-0.448,,10712000000,,339.30,,0.066,0.069,0.087,,212318000000,171375000000,0.773,5197.86,164108000000,10041000000,-15539000000,-8219000000,44369000000,,0.383,,,,,,true,false,12,2019-04-01,2020-03-31,-1
2021-04-27,61030,2022-03-31,,72000000000,0.243,,,,,3800000000,1.806,4100000000,1.503,,2500000000,,79.19,,,,,,,,,,,,,,,,,,,,,,true,true,6,2021-04-01,2021-09-30,1
2021-04-27,61030,2022-03-31,,157000000000,0.272,,,,,11000000000,1.282,11500000000,1.106,,7500000000,,237.56,,,,,,,,,,,,,,,,0.295,,,,,,true,true,12,2021-04-01,2022-03-31,1
2021-04-27,61030,2021-03-31,,91202000000,-0.328,,,,,935000000,-0.909,2409000000,-0.797,821000000,,-0.907,26.01,,,,,,167399000000,133828000000,0.799,4238.94,133828000000,,,,,35.00,,,,33755154,2183911,31571816,false,false,12,2020-04-01,2021-03-31,0
2021-04-27,61030,2020-03-31,,135705000000,-0.220,,,,,10283000000,-0.493,11853000000,-0.454,8816000000,,-0.442,279.25,,,,,,159222000000,130603000000,0.820,4136.66,130603000000,,,,,130.00,,,,33755154,2182921,31572700,false,false,12,2019-04-01,2020-03-31,-1
2021-04-27,61030,2022-03-31,,,,,,,,,,,,,,,,,,,,,,,,,,,,,,70.00,,,,,,,false,true,12,2021-04-01,2022-03-31,1
2021-07-30,61030,2022-03-31,1,36353000000,0.473,,,,,2087000000,4.764,2422000000,2.555,,1632000000,,51.70,,,,,,228283000000,180641000000,0.756,,172653000000,,,,,,,,,,,,true,false,3,2021-04-01,2021-06-30,0
2021-07-30,61030,2021-03-31,1,24680000000,-0.395,,,,,362000000,-0.912,681000000,-0.843,,238000000,,7.55,,,,,,,,,,,,,,,,,,,,,,true,false,3,2020-04-01,2020-06-30,-1
2021-07-30,61030,2022-03-31,1,72000000000,0.243,,,,,3800000000,1.806,4100000000,1.503,,2500000000,,79.19,,,,,,,,,,,,,,,,,,,,,,true,true,6,2021-04-01,2021-09-30,0
2021-07-30,61030,2022-03-31,1,157000000000,0.272,,,,,11000000000,1.282,11500000000,1.106,,7500000000,,237.56,,,,,,,,,,,,,,,,,,,,,,true,true,12,2021-04-01,2022-03-31,0
2021-07-30,61030,2021-03-31,1,,,,,,,,,,,,,,,,,,,,223244000000,179258000000,0.769,,171725000000,,,,,,,,,,,,true,false,12,2020-04-01,2021-03-31,-1
2021-07-30,61030,2021-03-31,1,,,,,,,,,,,,,,,,,,,,,,,,,,,,,35.00,,,,33755154,2183911,,false,false,12,2020-04-01,2021-03-31,-1
2021-07-30,61030,2022-03-31,1,,,,,,,,,,,,,,,,,,,,,,,,,,,,,70.00,,,,,,,false,true,12,2021-04-01,2022-03-31,0
2021-07-30,61030,2022-03-31,1,,,,,,,,,,,,,,,,,,,,,,,,,,,,,,,,,33755154,2184027,31571185,false,false,3,2021-04-01,2021-06-30,0
2021-07-30,61030,2021-03-31,1,,,,,,,,,,,,,,,,,,,,,,,,,,,,,,,,,,,31572181,false,false,3,2020-04-01,2020-06-30,-1
2021-10-29,61030,2022-03-31,2,77394000000,0.336,,,,,5178000000,2.824,5457000000,2.332,,3958000000,,125.39,,,,,,235708000000,183442000000,0.744,,175252000000,,,,,,,,,,,,true,false,6,2021-04-01,2021-09-30,0
2021-10-29,61030,2021-03-31,2,57923000000,-0.352,,,,,1354000000,-0.853,1638000000,-0.827,,532000000,,16.88,,,,,,,,,,,,,,,,,,,,,,true,false,6,2020-04-01,2020-09-30,-1
2021-10-29,61030,2022-03-31,2,167000000000,0.353,,,,,14000000000,1.904,14500000000,1.656,,10500000000,,332.54,,,,,,,,,,,,,,,,,,,,,,true,true,12,2021-04-01,2022-03-31,0
2021-10-29,61030,2021-03-31,2,,,,,,,,,,,,,,,,,,,,223244000000,179258000000,0.769,,171725000000,,,,,,,,,,,,true,false,12,2020-04-01,2021-03-31,-1
2021-10-29,61030,2021-03-31,2,,,,,,,,,,,,,,,,,,,,,,,,,,,,,35.00,,,,33755154,2183911,,false,false,12,2020-04-01,2021-03-31,-1
2021-10-29,61030,2022-03-31,2,,,,,,,,,,,,,,,,,,,,,,,,,,,,,35.00,,,,,,,false,false,12,2021-04-01,2022-03-31,0
2021-10-29,61030,2022-03-31,2,,,,,,,,,,,,,,,,,,,,,,,,,,,,,80.00,,,,,,,false,true,12,2021-04-01,2022-03-31,0
2021-10-29,61030,2022-03-31,2,,,,,,,,,,,,,,,,,,,,,,,,,,,,,,,,,33755154,2180334,31572223,false,false,6,2021-04-01,2021-09-30,0
2021-10-29,61030,2021-03-31,2,,,,,,,,,,,,,,,,,,,,,,,,,,,,,,,,,,,31572072,false,false,6,2020-04-01,2020-09-30,-1
2022-01-31,61030,2022-03-31,3,122733000000,0.398,,,,,8953000000,2.997,9447000000,2.496,,6895000000,,218.40,,,,,,244012000000,185784000000,0.727,,177443000000,,,,,,,,,,,,true,false,9,2021-04-01,2021-12-31,0
2022-01-31,61030,2021-03-31,3,87788000000,-0.335,,,,,2240000000,-0.823,2702000000,-0.795,,617000000,,19.56,,,,,,,,,,,,,,,,,,,,,,true,false,9,2020-04-01,2020-12-31,-1
2022-01-31,61030,2022-03-31,3,167000000000,0.353,,,,,14000000000,1.904,14500000000,1.656,,10500000000,,332.54,,,,,,,,,,,,,,,,,,,,,,true,true,12,2021-04-01,2022-03-31,0
2022-01-31,61030,2021-03-31,3,,,,,,,,,,,,,,,,,,,,223244000000,179258000000,0.769,,171725000000,,,,,,,,,,,,true,false,12,2020-04-01,2021-03-31,-1
2022-01-31,61030,2021-03-31,3,,,,,,,,,,,,,,,,,,,,,,,,,,,,,35.00,,,,33755154,2183911,,false,false,12,2020-04-01,2021-03-31,-1
2022-01-31,61030,2022-03-31,3,,,,,,,,,,,,,,,,,,,,,,,,,,,,,35.00,,,,,,,false,false,12,2021-04-01,2022-03-31,0
2022-01-31,61030,2022-03-31,3,,,,,,,,,,,,,,,,,,,,,,,,,,,,,80.00,,,,,,,false,true,12,2021-04-01,2022-03-31,0
2022-01-31,61030,2022-03-31,3,,,,,,,,,,,,,,,,,,,,,,,,,,,,,,,,,33755154,2180390,31572994,false,false,9,2021-04-01,2021-12-31,0
2022-01-31,61030,2021-03-31,3,,,,,,,,,,,,,,,,,,,,,,,,,,,,,,,,,,,31571959,false,false,9,2020-04-01,2020-12-31,-1
2022-05-12,61030,2022-03-31,,172809000000,0.400,,,,,14462000000,2.000,15577000000,1.853,,11579000000,,366.91,,0.065,0.065,0.084,,258985000000,193656000000,0.715,5894.84,185120000000,16160000000,-8709000000,-3043000000,60954000000,,0.245,,,,,,true,false,12,2021-04-01,2022-03-31,0
2022-05-12,61030,2021-03-31,,123394000000,-0.283,,,,,4820000000,-0.679,5459000000,-0.649,,2088000000,,66.15,,0.012,0.025,0.039,,223244000000,179258000000,0.769,5439.31,171725000000,18962000000,-5872000000,-4072000000,54078000000,,0.529,,,,,,true,false,12,2020-04-01,2021-03-31,-1
2022-05-12,61030,2023-03-31,,103000000000,0.331,,,,,10500000000,1.028,11000000000,1.016,,7500000000,,238.82,,,,,,,,,,,,,,,,,,,,,,true,true,6,2022-04-01,2022-09-30,1
2022-05-12,61030,2023-03-31,,210000000000,0.215,,,,,24000000000,0.659,24500000000,0.573,,17000000000,,541.33,,,,,,,,,,,,,,,,0.259,,,,,,true,true,12,2022-04-01,2023-03-31,1
2022-05-12,61030,2022-03-31,,134395000000,0.474,,,,,8370000000,7.951,10557000000,3.382,7788000000,,8.484,246.78,,,,,,186079000000,137258000000,0.738,4370.75,137258000000,,,,,90.00,,,,33755154,2351308,31558938,false,false,12,2021-04-01,2022-03-31,0
2022-05-12,61030,2021-03-31,,91202000000,-0.328,,,,,935000000,-0.909,2409000000,-0.797,821000000,,-0.907,26.01,,,,,,167399000000,133828000000,0.799,4238.94,133828000000,,,,,35.00,,,,33755154,2183911,31571816,false,false,12,2020-04-01,2021-03-31,-1
2022-05-12,61030,2023-03-31,,,,,,,,,,,,,,,,,,,,,,,,,,,,,,140.00,,,,,,,false,true,12,2022-04-01,2023-03-31,1
2022-07-29,61030,2023-03-31,1,49328000000,0.357,,,,,4725000000,1.264,6091000000,1.515,,4415000000,,141.36,,,,,,265921000000,199699000000,0.717,,190743000000,,,,,,,,,,,,true,false,3,2022-04-01,2022-06-30,0
2022-07-29,61030,2022-03-31,1,36353000000,0.473,,,,,2087000000,4.764,2422000000,2.555,,1632000000,,51.70,,,,,,,,,,,,,,,,,,,,,,true,false,3,2021-04-01,2021-06-30,-1
2022-07-29,61030,2023-03-31,1,103000000000,0.331,,,,,10500000000,1.028,11000000000,1.016,,7500000000,,240.75,,,,,,,,,,,,,,,,,,,,,,true,true,6,2022-04-01,2022-09-30,0
2022-07-29,61030,2023-03-31,1,210000000000,0.215,,,,,24000000000,0.659,24500000000,0.573,,17000000000,,545.70,,,,,,,,,,,,,,,,,,,,,,true,true,12,2022-04-01,2023-03-31,0
2022-07-29,61030,2022-03-31,1,,,,,,,,,,,,,,,,,,,,258985000000,193656000000,0.715,,185120000000,,,,,,,,,,,,true,false,12,2021-04-01,2022-03-31,-1
2022-07-29,61030,2022-03-31,1,,,,,,,,,,,,,,,,,,,,,,,,,,,,,90.00,,,,33755154,2351308,,false,false,12,2021-04-01,2022-03-31,-1
2022-07-29,61030,2023-03-31,1,,,,,,,,,,,,,,,,,,,,,,,,,,,,,140.00,,,,,,,false,true,12,2022-04-01,2023-03-31,0
2022-07-29,61030,2023-03-31,1,,,,,,,,,,,,,,,,,,,,,,,,,,,,,,,,,33755154,2602251,31237329,false,false,3,2022-04-01,2022-06-30,0
2022-07-29,61030,2022-03-31,1,,,,,,,,,,,,,,,,,,,,,,,,,,,,,,,,,,,31571185,false,false,3,2021-04-01,2021-06-30,-1
2022-10-31,61030,2023-03-31,2,108899000000,0.407,,,,,10555000000,1.039,12634000000,1.315,,9236000000,,296.00,,,,,,280779000000,207970000000,0.707,,198392000000,,,,,,,,,,,,true,false,6,2022-04-01,2022-09-30,0
2022-10-31,61030,2022-03-31,2,77394000000,0.336,,,,,5178000000,2.824,5457000000,2.332,,3958000000,,125.39,,,,,,,,,,,,,,,,,,,,,,true,false,6,2021-04-01,2021-09-30,-1
2022-10-31,61030,2023-03-31,2,225000000000,0.302,,,,,25500000000,0.763,27500000000,0.765,,20000000000,,641.85,,,,,,,,,,,,,,,,,,,,,,true,true,12,2022-04-01,2023-03-31,0
2022-10-31,61030,2022-03-31,2,,,,,,,,,,,,,,,,,,,,258985000000,193656000000,0.715,,185120000000,,,,,,,,,,,,true,false,12,2021-04-01,2022-03-31,-1
2022-10-31,61030,2022-03-31,2,,,,,,,,,,,,,,,,,,,,,,,,,,,,,90.00,,,,33755154,2351308,,false,false,12,2021-04-01,2022-03-31,-1
2022-10-31,61030,2023-03-31,2,,,,,,,,,,,,,,,,,,,,,,,,,,,,,90.00,,,,,,,false,false,12,2022-04-01,2023-03-31,0
2022-10-31,61030,2023-03-31,2,,,,,,,,,,,,,,,,,,,,,,,,,,,,,180.00,,,,,,,false,true,12,2022-04-01,2023-03-31,0
2022-10-31,61030,2023-03-31,2,,,,,,,,,,,,,,,,,,,,,,,,,,,,,,,,,33755154,2595310,31203150,false,false,6,2022-04-01,2022-09-30,0
2022-10-31,61030,2022-03-31,2,,,,,,,,,,,,,,,,,,,,,,,,,,,,,,,,,,,31572223,false,false,6,2021-04-01,2021-09-30,-1
2023-01-31,61030,2023-03-31,3,167579000000,0.365,,,,,17528000000,0.958,19221000000,1.035,,14059000000,,450.79,,,,,,279979000000,208508000000,0.710,,198850000000,,,,,,,,,,,,true,false,9,2022-04-01,2022-12-31,0
2023-01-31,61030,2022-03-31,3,122733000000,0.398,,,,,8953000000,2.997,9447000000,2.496,,6895000000,,218.40,,,,,,,,,,,,,,,,,,,,,,true,false,9,2021-04-01,2021-12-31,-1
2023-01-31,61030,2023-03-31,3,225000000000,0.302,,,,,25500000000,0.763,27500000000,0.765,,20000000000,,642.04,,,,,,,,,,,,,,,,,,,,,,true,true,12,2022-04-01,2023-03-31,0
2023-01-31,61030,2022-03-31,3,,,,,,,,,,,,,,,,,,,,258985000000,193656000000,0.715,,185120000000,,,,,,,,,,,,true,false,12,2021-04-01,2022-03-31,-1
2023-01-31,61030,2022-03-31,3,,,,,,,,,,,,,,,,,,,,,,,,,,,,,90.00,,,,33755154,2351308,,false,false,12,2021-04-01,2022-03-31,-1
2023-01-31,61030,2023-03-31,3,,,,,,,,,,,,,,,,,,,,,,,,,,,,,90.00,,,,,,,false,false,12,2022-04-01,2023-03-31,0
2023-01-31,61030,2023-03-31,3,,,,,,,,,,,,,,,,,,,,,,,,,,,,,180.00,,,,,,,false,true,12,2022-04-01,2023-03-31,0
2023-01-31,61030,2023-03-31,3,,,,,,,,,,,,,,,,,,,,,,,,,,,,,,,,,33755154,2604507,31189224,false,false,9,2022-04-01,2022-12-31,0
2023-01-31,61030,2022-03-31,3,,,,,,,,,,,,,,,,,,,,,,,,,,,,,,,,,,,31572994,false,false,9,2021-04-01,2021-12-31,-1
2023-05-11,61030,2023-03-31,,227636000000,0.317,,,,,24804000000,0.715,26446000000,0.698,,19195000000,,615.95,,0.099,0.097,0.109,,287538000000,212850000000,0.708,6573.55,203516000000,16061000000,-6528000000,-7616000000,64696000000,,0.292,,,,,,true,false,12,2022-04-01,2023-03-31,0
2023-05-11,61030,2022-03-31,,172809000000,0.400,,,,,14462000000,2.000,15577000000,1.853,,11579000000,,366.91,,0.065,0.065,0.084,,258985000000,193656000000,0.715,5894.84,185120000000,16160000000,-8709000000,-3043000000,60954000000,,0.245,,,,,,true,false,12,2021-04-01,2022-03-31,-1
2023-05-11,61030,2024-03-31,,116000000000,0.065,,,,,12000000000,0.137,12500000000,-0.011,,9000000000,,290.70,,,,,,,,,,,,,,,,,,,,,,true,true,6,2023-04-01,2023-09-30,1
2023-05-11,61030,2024-03-31,,230000000000,0.010,,,,,25500000000,0.028,26500000000,0.002,,19500000000,,629.85,,,,,,,,,,,,,,,,0.318,,,,,,true,true,12,2023-04-01,2024-03-31,1
2023-05-11,61030,2023-03-31,,179514000000,0.336,,,,,16221000000,0.938,19102000000,0.809,18531000000,,1.379,594.64,,,,,,209394000000,151018000000,0.721,4877.88,151018000000,,,,,180.00,,,,33755154,2795280,31163295,false,false,12,2022-04-01,2023-03-31,0
2023-05-11,61030,2022-03-31,,134395000000,0.474,,,,,8370000000,7.951,10557000000,3.382,7788000000,,8.484,246.78,,,,,,186079000000,137258000000,0.738,4370.75,137258000000,,,,,90.00,,,,33755154,2351308,31558938,false,false,12,2021-04-01,2022-03-31,-1
2023-05-11,61030,2024-03-31,,,,,,,,,,,,,,,,,,,,,,,,,,,,,,200.00,,,,,,,false,true,12,2023-04-01,2024-03-31,1
2023-07-31,61030,2024-03-31,1,50591000000,0.026,,,,,5543000000,0.173,6043000000,-0.008,,4653000000,,150.87,,,,,,294849000000,220159000000,0.715,,210734000000,,,,,,,,,,,,true,false,3,2023-04-01,2023-06-30,0
2023-07-31,61030,2023-03-31,1,49328000000,0.357,,,,,4725000000,1.264,6091000000,1.515,,4415000000,,141.36,,,,,,,,,,,,,,,,,,,,,,true,false,3,2022-04-01,2022-06-30,-1
2023-07-31,61030,2024-03-31,1,116000000000,0.065,,,,,12000000000,0.137,12500000000,-0.011,,9000000000,,292.17,,,,,,,,,,,,,,,,,,,,,,true,true,6,2023-04-01,2023-09-30,0
2023-07-31,61030,2024-03-31,1,230000000000,0.010,,,,,25500000000,0.028,26500000000,0.002,,19500000000,,633.03,,,,,,,,,,,,,,,,,,,,,,true,true,12,2023-04-01,2024-03-31,0
2023-07-31,61030,2023-03-31,1,,,,,,,,,,,,,,,,,,,,287538000000,212850000000,0.708,,203516000000,,,,,,,,,,,,true,false,12,2022-04-01,2023-03-31,-1
2023-07-31,61030,2023-03-31,1,,,,,,,,,,,,,,,,,,,,,,,,,,,,,180.00,,,,33755154,2795280,,false,false,12,2022-04-01,2023-03-31,-1
2023-07-31,61030,2024-03-31,1,,,,,,,,,,,,,,,,,,,,,,,,,,,,,200.00,,,,,,,false,true,12,2023-04-01,2024-03-31,0
2023-07-31,61030,2024-03-31,1,,,,,,,,,,,,,,,,,,,,,,,,,,,,,,,,,33755154,2951009,30843092,false,false,3,2023-04-01,2023-06-30,0
2023-07-31,61030,2023-03-31,1,,,,,,,,,,,,,,,,,,,,,,,,,,,,,,,,,,,31237329,false,false,3,2022-04-01,2022-06-30,-1
2023-10-31,61030,2024-03-31,2,110512000000,0.015,,,,,11975000000,0.135,12510000000,-0.010,,8751000000,,283.86,,,,,,295689000000,226774000000,0.733,,216866000000,,,,,,,,,,,,true,false,6,2023-04-01,2023-09-30,0
2023-10-31,61030,2023-03-31,2,108899000000,0.407,,,,,10555000000,1.039,12634000000,1.315,,9236000000,,296.00,,,,,,,,,,,,,,,,,,,,,,true,false,6,2022-04-01,2022-09-30,-1
2023-10-31,61030,2024-03-31,2,230000000000,0.010,,,,,25500000000,0.028,26500000000,0.002,,19500000000,,632.88,,,,,,,,,,,,,,,,,,,,,,true,true,12,2023-04-01,2024-03-31,0
2023-10-31,61030,2023-03-31,2,,,,,,,,,,,,,,,,,,,,287538000000,212850000000,0.708,,203516000000,,,,,,,,,,,,true,false,12,2022-04-01,2023-03-31,-1
2023-10-31,61030,2023-03-31,2,,,,,,,,,,,,,,,,,,,,,,,,,,,,,180.00,,,,33755154,2795280,,false,false,12,2022-04-01,2023-03-31,-1
2023-10-31,61030,2024-03-31,2,,,,,,,,,,,,,,,,,,,,,,,,,,,,,100.00,,,,,,,false,false,12,2023-04-01,2024-03-31,0
2023-10-31,61030,2024-03-31,2,,,,,,,,,,,,,,,,,,,,,,,,,,,,,200.00,,,,,,,false,true,12,2023-04-01,2024-03-31,0
2023-10-31,61030,2024-03-31,2,,,,,,,,,,,,,,,,,,,,,,,,,,,,,,,,,33755154,2943439,30828569,false,false,6,2023-04-01,2023-09-30,0
2023-10-31,61030,2023-03-31,2,,,,,,,,,,,,,,,,,,,,,,,,,,,,,,,,,,,31203150,false,false,6,2022-04-01,2022-09-30,-1
2024-01-31,61030,2024-03-31,3,167290000000,-0.002,,,,,18221000000,0.040,18390000000,-0.043,,13086000000,,424.58,,,,,,287150000000,226746000000,0.755,,216903000000,,,,,,,,,,,,true,false,9,2023-04-01,2023-12-31,0
2024-01-31,61030,2023-03-31,3,167579000000,0.365,,,,,17528000000,0.958,19221000000,1.035,,14059000000,,450.79,,,,,,,,,,,,,,,,,,,,,,true,false,9,2022-04-01,2022-12-31,-1
2024-01-31,61030,2024-03-31,3,230000000000,0.010,,,,,25500000000,0.028,26500000000,0.002,,19500000000,,632.89,,,,,,,,,,,,,,,,,,,,,,true,true,12,2023-04-01,2024-03-31,0
2024-01-31,61030,2023-03-31,3,,,,,,,,,,,,,,,,,,,,287538000000,212850000000,0.708,,203516000000,,,,,,,,,,,,true,false,12,2022-04-01,2023-03-31,-1
2024-01-31,61030,2023-03-31,3,,,,,,,,,,,,,,,,,,,,,,,,,,,,,180.00,,,,33755154,2795280,,false,false,12,2022-04-01,2023-03-31,-1
2024-01-31,61030,2024-03-31,3,,,,,,,,,,,,,,,,,,,,,,,,,,,,,100.00,,,,,,,false,false,12,2023-04-01,2024-03-31,0
2024-01-31,61030,2024-03-31,3,,,,,,,,,,,,,,,,,,,,,,,,,,,,,200.00,,,,,,,false,true,12,2023-04-01,2024-03-31,0
2024-01-31,61030,2024-03-31,3,,,,,,,,,,,,,,,,,,,,,,,,,,,,,,,,,33755154,2943935,30823431,false,false,9,2023-04-01,2023-12-31,0
2024-01-31,61030,2023-03-31,3,,,,,,,,,,,,,,,,,,,,,,,,,,,,,,,,,,,31189224,false,false,9,2022-04-01,2022-12-31,-1
2024-05-10,61030,2024-03-31,,227994000000,0.002,,,,,25364000000,0.023,25557000000,-0.034,,19381000000,,629.80,,0.090,0.087,0.111,,297774000000,237846000000,0.766,7494.28,227956000000,5251000000,-12579000000,-10727000000,49242000000,,0.318,,,,,,true,false,12,2023-04-01,2024-03-31,0
2024-05-10,61030,2023-03-31,,227636000000,0.317,,,,,24804000000,0.715,26446000000,0.698,,19195000000,,615.95,,0.099,0.097,0.109,,287538000000,212850000000,0.708,6573.55,203516000000,16061000000,-6528000000,-7616000000,64696000000,,0.292,,,,,,true,false,12,2022-04-01,2023-03-31,-1
2024-05-10,61030,2025-03-31,,105000000000,-0.050,,,,,9000000000,-0.248,9500000000,-0.241,,6500000000,,213.69,,,,,,,,,,,,,,,,,,,,,,true,true,6,2024-04-01,2024-09-30,1
2024-05-10,61030,2025-03-31,,215000000000,-0.057,,,,,21500000000,-0.152,22000000000,-0.139,,15500000000,,509.58,,,,,,,,,,,,,,,,0.392,,,,,,true,true,12,2024-04-01,2025-03-31,1
2024-05-10,61030,2024-03-31,,168067000000,-0.064,,,,,14390000000,-0.113,17907000000,-0.063,14592000000,,-0.213,474.19,,,,,,207351000000,162162000000,0.782,5331.25,162162000000,,,,,200.00,,,,33755154,3337793,30774008,false,false,12,2023-04-01,2024-03-31,0
2024-05-10,61030,2023-03-31,,179514000000,0.336,,,,,16221000000,0.938,19102000000,0.809,18531000000,,1.379,594.64,,,,,,209394000000,151018000000,0.721,4877.88,151018000000,,,,,180.00,,,,33755154,2795280,31163295,false,false,12,2022-04-01,2023-03-31,-1
2024-05-10,61030,2025-03-31,,,,,,,,,,,,,,,,,,,,,,,,,,,,,,200.00,,,,,,,false,true,12,2024-04-01,2025-03-31,1
2024-08-05,61030,2025-03-31,1,45329000000,-0.104,,,,,3066000000,-0.447,3609000000,-0.403,,2436000000,,80.46,,,,,,300170000000,240494000000,0.767,,230158000000,,,,,,,,,,,,true,false,3,2024-04-01,2024-06-30,0
2024-08-05,61030,2024-03-31,1,50591000000,0.026,,,,,5543000000,0.173,6043000000,-0.008,,4653000000,,150.87,,,,,,,,,,,,,,,,,,,,,,true,false,3,2023-04-01,2023-06-30,-1
2024-08-05,61030,2025-03-31,1,105000000000,-0.050,,,,,9000000000,-0.248,9500000000,-0.241,,6500000000,,214.61,,,,,,,,,,,,,,,,,,,,,,true,true,6,2024-04-01,2024-09-30,0
2024-08-05,61030,2025-03-31,1,215000000000,-0.057,,,,,21500000000,-0.152,22000000000,-0.139,,15500000000,,511.76,,,,,,,,,,,,,,,,,,,,,,true,true,12,2024-04-01,2025-03-31,0
2024-08-05,61030,2024-03-31,1,,,,,,,,,,,,,,,,,,,,297774000000,237846000000,0.766,,227956000000,,,,,,,,,,,,true,false,12,2023-04-01,2024-03-31,-1
2024-08-05,61030,2024-03-31,1,,,,,,,,,,,,,,,,,,,,,,,,,,,,,200.00,,,,33755154,3337793,,false,false,12,2023-04-01,2024-03-31,-1
2024-08-05,61030,2025-03-31,1,,,,,,,,,,,,,,,,,,,,,,,,,,,,,200.00,,,,,,,false,true,12,2024-04-01,2025-03-31,0
2024-08-05,61030,2025-03-31,1,,,,,,,,,,,,,,,,,,,,,,,,,,,,,,,,,33755154,3511082,30287429,false,false,3,2024-04-01,2024-06-30,0
2024-08-05,61030,2024-03-31,1,,,,,,,,,,,,,,,,,,,,,,,,,,,,,,,,,,,30843092,false,false,3,2023-04-01,2023-06-30,-1
,61030,2025-03-31,,,,,,,,,,,,,,,,,,,,,,,,,,,,,,50.00,,,,,,,false,true,12,2024-04-01,2025-03-31,0
,61030,2024-03-31,,,,,,,,,,,,,,,,,,,,,,,,,,,,,,200.00,,,,,,,false,false,12,2023-04-01,2024-03-31,-1
2024-10-31,61030,2025-03-31,2,95247000000,-0.138,,,,,5626000000,-0.530,5421000000,-0.567,,3580000000,,59.13,,,,,,300989000000,234212000000,0.743,,223532000000,,,,,,,,,,,,true,false,6,2024-04-01,2024-09-30,0
2024-10-31,61030,2024-03-31,2,110512000000,0.015,,,,,11975000000,0.135,12510000000,-0.010,,8751000000,,141.93,,,,,,,,,,,,,,,,,,,,,,true,false,6,2023-04-01,2023-09-30,-1
2024-10-31,61030,2025-03-31,2,210000000000,-0.079,,,,,17500000000,-0.310,17500000000,-0.315,,12500000000,,206.60,,,,,,,,,,,,,,,,,,,,,,true,true,12,2024-04-01,2025-03-31,0
2024-10-31,61030,2024-03-31,2,,,,,,,,,,,,,,,,,,,,297774000000,237846000000,0.766,,227956000000,,,,,,,,,,,,true,false,12,2023-04-01,2024-03-31,-1
2024-10-31,61030,2024-03-31,2,,,,,,,,,,,,,,,,,,,,,,,,,,,,,200.00,,,,67510308,6675586,,false,false,12,2023-04-01,2024-03-31,-1
2024-10-31,61030,2025-03-31,2,,,,,,,,,,,,,,,,,,,,,,,,,,,,,100.00,,,,,,,false,false,12,2024-04-01,2025-03-31,0
2024-10-31,61030,2025-03-31,2,,,,,,,,,,,,,,,,,,,,,,,,,,,,,50.00,,,,,,,false,true,12,2024-04-01,2025-03-31,0
2024-10-31,61030,2025-03-31,2,,,,,,,,,,,,,,,,,,,,,,,,,,,,,,,,,67510308,7008118,60541667,false,false,6,2024-04-01,2024-09-30,0
2024-10-31,61030,2024-03-31,2,,,,,,,,,,,,,,,,,,,,,,,,,,,,,,,,,,,61657138,false,false,6,2023-04-01,2023-09-30,-1
2024-10-31,61030,2025-03-31,,95247000000,-0.093,,,,,5626000000,-0.375,5421000000,-0.429,3580000000,,-0.449,59.13,,,,,,,,,,,,,,,,,,,,,,true,true,6,2024-04-01,2024-09-30,0
2024-10-31,61030,2024-03-31,,110512000000,,,,,,11975000000,,12510000000,,8751000000,,,141.93,,,,,,,,,,,,,,,,,,,,,,true,false,6,2023-04-01,2023-09-30,-1
2024-10-31,61030,2025-03-31,,210000000000,-0.023,,,,,17500000000,-0.186,17500000000,-0.205,,12500000000,,206.60,,,,,,,,,,,,,,,,,,,,,,true,true,12,2024-04-01,2025-03-31,0
2024-10-31,61030,2024-03-31,,227994000000,,,,,,25364000000,,25557000000,,,19381000000,,314.90,,,,,,,,,,,,,,,,,,,,,,true,false,12,2023-04-01,2024-03-31,-1
2025-02-05,61030,2025-03-31,3,148967000000,-0.110,,,,,10127000000,-0.444,11295000000,-0.386,,7498000000,,123.88,,,,,,296678000000,237488000000,0.767,,227667000000,,,,,,,,,,,,true,false,9,2024-04-01,2024-12-31,0
2025-02-05,61030,2024-03-31,3,167290000000,-0.002,,,,,18221000000,0.040,18390000000,-0.043,,13086000000,,212.29,,,,,,,,,,,,,,,,,,,,,,true,false,9,2023-04-01,2023-12-31,-1
2025-02-05,61030,2025-03-31,3,210000000000,-0.079,,,,,17500000000,-0.310,17500000000,-0.315,,12500000000,,206.61,,,,,,,,,,,,,,,,,,,,,,true,true,12,2024-04-01,2025-03-31,0
2025-02-05,61030,2024-03-31,3,,,,,,,,,,,,,,,,,,,,297774000000,237846000000,0.766,,227956000000,,,,,,,,,,,,true,false,12,2023-04-01,2024-03-31,-1
2025-02-05,61030,2024-03-31,3,,,,,,,,,,,,,,,,,,,,,,,,,,,,,200.00,,,,67510308,6675586,,false,false,12,2023-04-01,2024-03-31,-1
2025-02-05,61030,2025-03-31,3,,,,,,,,,,,,,,,,,,,,,,,,,,,,,100.00,,,,,,,false,false,12,2024-04-01,2025-03-31,0
2025-02-05,61030,2025-03-31,3,,,,,,,,,,,,,,,,,,,,,,,,,,,,,50.00,,,,,,,false,true,12,2024-04-01,2025-03-31,0
2025-02-05,61030,2025-03-31,3,,,,,,,,,,,,,,,,,,,,,,,,,,,,,,,,,67510308,7008616,60529711,false,false,9,2024-04-01,2024-12-31,0
2025-02-05,61030,2024-03-31,3,,,,,,,,,,,,,,,,,,,,,,,,,,,,,,,,,,,61646862,false,false,9,2023-04-01,2023-12-31,-1
2025-05-09,61030,2025-03-31,,206822000000,-0.093,,,,,14651000000,-0.422,15528000000,-0.392,,9590000000,,158.46,,0.042,0.052,0.071,,298168000000,238065000000,0.763,3760.22,227499000000,17802000000,-15257000000,-3498000000,48276000000,,0.631,,,,,,true,false,12,2024-04-01,2025-03-31,0
2025-05-09,61030,2024-03-31,,227994000000,0.002,,,,,25364000000,0.023,25557000000,-0.034,,19381000000,,314.90,,0.090,0.087,0.111,,297774000000,237846000000,0.766,3747.14,227956000000,5251000000,-12579000000,-10727000000,49242000000,,0.318,,,,,,true,false,12,2023-04-01,2024-03-31,-1
2025-05-09,61030,2026-03-31,,113000000000,0.186,,,,,9500000000,0.689,9500000000,0.752,,6000000000,,99.17,,,,,,,,,,,,,,,,,,,,,,true,true,6,2025-04-01,2025-09-30,1
2025-05-09,61030,2026-03-31,,230000000000,0.112,,,,,22000000000,0.502,22500000000,0.449,,15000000000,,247.93,,,,,,,,,,,,,,,,0.403,,,,,,true,true,12,2025-04-01,2026-03-31,1
2025-05-09,61030,2025-03-31,,161291000000,-0.040,,,,,8712000000,-0.395,12658000000,-0.293,9256000000,,-0.366,152.95,,,,,,210929000000,161438000000,0.765,2668.33,161438000000,,,,,150.00,,,,67510308,7008644,60523250,false,false,12,2024-04-01,2025-03-31,0
2025-05-09,61030,2024-03-31,,168067000000,-0.064,,,,,14390000000,-0.113,17907000000,-0.063,14592000000,,-0.213,237.10,,,,,,207351000000,162162000000,0.782,2665.62,162162000000,,,,,200.00,,,,67510308,6675586,61548015,false,false,12,2023-04-01,2024-03-31,-1
2025-05-09,61030,2026-03-31,,,,,,,,,,,,,,,,,,,,,,,,,,,,,,100.00,,,,,,,false,true,12,2025-04-01,2026-03-31,1
