filing_date,code,fiscal_year_end,quarterly_period,net_sales,net_sales_change,revenue,revenue_change,operating_revenue,operating_revenue_change,operating_profit,operating_profit_change,ordinary_profit,ordinary_profit_change,net_income,net_income_of_parent,net_income_change,eps,diluted_eps,roe,roa,operating_profit_to_net_sales,operating_profit_to_revenue,total_assets,net_assets,equity_ratio,bps,owner_equity,operating_cash_flow,investing_cash_flow,financing_cash_flow,cash,dividend_per_share,payout_ratio,commemorative_dividend,extra_dividend,number_of_shares,number_of_treqsury_shares,avg_number_of_shares,is_consolidated,is_forecast,duration,period_start,period_end,period_pos
2015-07-31,61350,2016-03-31,1,33273000000,0.340,,,,,1738000000,,2405000000,,,1766000000,,15.88,14.06,,,,,245192000000,120123000000,0.487,,119472000000,,,,,,,,,,,,true,false,3,2015-04-01,2015-06-30,0
2015-07-31,61350,2015-03-31,1,24828000000,0.153,,,,,79000000,,69000000,,,59000000,,0.53,0.47,,,,,,,,,,,,,,,,,,,,,true,false,3,2014-04-01,2014-06-30,-1
2015-07-31,61350,2016-03-31,1,70000000000,0.146,,,,,4000000000,0.429,4600000000,0.410,,3900000000,,35.06,,,,,,,,,,,,,,,,,,,,,,true,true,6,2015-04-01,2015-09-30,0
2015-07-31,61350,2016-03-31,1,161000000000,0.077,,,,,13000000000,0.081,13600000000,0.026,,11000000000,,98.89,,,,,,,,,,,,,,,,,,,,,,true,true,12,2015-04-01,2016-03-31,0
2015-07-31,61350,2015-03-31,1,,,,,,,,,,,,,,,,,,,,245456000000,117836000000,0.477,,117192000000,,,,,,,,,,,,true,false,12,2014-04-01,2015-03-31,-1
2015-07-31,61350,2015-03-31,1,,,,,,,,,,,,,,,,,,,,,,,,,,,,,14.00,,,,119944543,8712596,,false,false,12,2014-04-01,2015-03-31,-1
2015-07-31,61350,2016-03-31,1,,,,,,,,,,,,,,,,,,,,,,,,,,,,,16.00,,,,,,,false,true,12,2015-04-01,2016-03-31,0
2015-07-31,61350,2016-03-31,1,,,,,,,,,,,,,,,,,,,,,,,,,,,,,,,,,119944543,8689861,111237395,false,false,3,2015-04-01,2015-06-30,0
2015-07-31,61350,2015-03-31,1,,,,,,,,,,,,,,,,,,,,,,,,,,,,,,,,,,,111241335,false,false,3,2014-04-01,2014-06-30,-1
2015-10-30,61350,2016-03-31,2,75045000000,0.228,,,,,5952000000,1.126,6503000000,0.994,,5175000000,,46.52,41.18,,,,,234813000000,116352000000,0.493,,115697000000,,,,,,,,,,,,true,false,6,2015-04-01,2015-09-30,0
2015-10-30,61350,2015-03-31,2,61091000000,0.207,,,,,2799000000,,3261000000,,,2619000000,,23.55,20.84,,,,,,,,,,,,,,,,,,,,,true,false,6,2014-04-01,2014-09-30,-1
2015-10-30,61350,2016-03-31,2,161000000000,0.077,,,,,13000000000,0.081,13600000000,0.026,,11000000000,,98.89,,,,,,,,,,,,,,,,,,,,,,true,true,12,2015-04-01,2016-03-31,0
2015-10-30,61350,2015-03-31,2,,,,,,,,,,,,,,,,,,,,245456000000,117836000000,0.477,,117192000000,,,,,,,,,,,,true,false,12,2014-04-01,2015-03-31,-1
2015-10-30,61350,2015-03-31,2,,,,,,,,,,,,,,,,,,,,,,,,,,,,,14.00,,,,119944543,8712596,,false,false,12,2014-04-01,2015-03-31,-1
2015-10-30,61350,2016-03-31,2,,,,,,,,,,,,,,,,,,,,,,,,,,,,,8.00,,,,,,,false,false,12,2015-04-01,2016-03-31,0
2015-10-30,61350,2016-03-31,2,,,,,,,,,,,,,,,,,,,,,,,,,,,,,16.00,,,,,,,false,true,12,2015-04-01,2016-03-31,0
2015-10-30,61350,2016-03-31,2,,,,,,,,,,,,,,,,,,,,,,,,,,,,,,,,,119944543,8690633,111244589,false,false,6,2015-04-01,2015-09-30,0
2015-10-30,61350,2015-03-31,2,,,,,,,,,,,,,,,,,,,,,,,,,,,,,,,,,,,111239422,false,false,6,2014-04-01,2014-09-30,-1
2016-01-29,61350,2016-03-31,3,113419000000,0.141,,,,,8961000000,0.592,10268000000,0.465,,8216000000,,73.86,65.38,,,,,236657000000,120961000000,0.508,,120294000000,,,,,,,,,,,,true,false,9,2015-04-01,2015-12-31,0
2016-01-29,61350,2015-03-31,3,99364000000,0.249,,,,,5629000000,,7010000000,,,5668000000,,50.95,45.10,,,,,,,,,,,,,,,,,,,,,true,false,9,2014-04-01,2014-12-31,-1
2016-01-29,61350,2016-03-31,3,161000000000,0.077,,,,,13000000000,0.081,13600000000,0.026,,11000000000,,98.89,,,,,,,,,,,,,,,,,,,,,,true,true,12,2015-04-01,2016-03-31,0
2016-01-29,61350,2015-03-31,3,,,,,,,,,,,,,,,,,,,,245456000000,117836000000,0.477,,117192000000,,,,,,,,,,,,true,false,12,2014-04-01,2015-03-31,-1
2016-01-29,61350,2015-03-31,3,,,,,,,,,,,,,,,,,,,,,,,,,,,,,14.00,,,,119944543,8712596,,false,false,12,2014-04-01,2015-03-31,-1
2016-01-29,61350,2016-03-31,3,,,,,,,,,,,,,,,,,,,,,,,,,,,,,8.00,,,,,,,false,false,12,2015-04-01,2016-03-31,0
2016-01-29,61350,2016-03-31,3,,,,,,,,,,,,,,,,,,,,,,,,,,,,,16.00,,,,,,,false,true,12,2015-04-01,2016-03-31,0
2016-01-29,61350,2016-03-31,3,,,,,,,,,,,,,,,,,,,,,,,,,,,,,,,,,119944543,8692408,111246992,false,false,9,2015-04-01,2015-12-31,0
2016-01-29,61350,2015-03-31,3,,,,,,,,,,,,,,,,,,,,,,,,,,,,,,,,,,,111238201,false,false,9,2014-04-01,2014-12-31,-1
2016-04-28,61350,2016-03-31,,161979000000,0.083,,,,,14465000000,0.203,15390000000,0.161,,12168000000,,109.56,96.97,0.104,0.064,0.089,,234264000000,117133000000,0.497,1058.09,116444000000,24879000000,-6382000000,-6795000000,52364000000,,0.146,,,,,,true,false,12,2015-04-01,2016-03-31,0
2016-04-28,61350,2015-03-31,,149506000000,0.207,,,,,12025000000,1.449,13252000000,1.474,,11449000000,,102.93,91.11,0.106,0.057,0.080,,245456000000,117836000000,0.477,1053.58,117192000000,10606000000,-6820000000,-5794000000,42232000000,,0.136,,,,,,true,false,12,2014-04-01,2015-03-31,-1
2016-04-28,61350,2017-03-31,,66700000000,-0.111,,,,,1500000000,-0.748,1500000000,-0.769,,1000000000,,9.09,,,,,,,,,,,,,,,,,,,,,,true,true,6,2016-04-01,2016-09-30,1
2016-04-28,61350,2017-03-31,,150000000000,-0.074,,,,,9200000000,-0.364,9200000000,-0.402,,6500000000,,59.06,,,,,,,,,,,,,,,,0.271,,,,,,true,true,12,2016-04-01,2017-03-31,1
2016-04-28,61350,2015-03-31,,,,,,,,,,,,,,,,,,,,,,,,,,,,,,14.00,,,,119944543,8712596,111236929,false,false,12,2014-04-01,2015-03-31,-1
2016-04-28,61350,2016-03-31,,,,,,,,,,,,,,,,,,,,,,,,,,,,,,16.00,,,,119944543,9893017,111063447,false,false,12,2015-04-01,2016-03-31,0
2016-04-28,61350,2017-03-31,,,,,,,,,,,,,,,,,,,,,,,,,,,,,,16.00,,,,,,,false,true,12,2016-04-01,2017-03-31,1
2016-07-29,61350,2017-03-31,1,30939000000,-0.070,,,,,1018000000,-0.414,412000000,-0.829,,325000000,,2.96,2.61,,,,,223756000000,111674000000,0.496,,110978000000,,,,,,,,,,,,true,false,3,2016-04-01,2016-06-30,0
2016-07-29,61350,2016-03-31,1,33273000000,0.340,,,,,1738000000,,2405000000,,,1766000000,,15.88,14.06,,,,,,,,,,,,,,,,,,,,,true,false,3,2015-04-01,2015-06-30,-1
2016-07-29,61350,2017-03-31,1,66700000000,-0.111,,,,,1500000000,-0.748,1500000000,-0.769,,1000000000,,9.09,,,,,,,,,,,,,,,,,,,,,,true,true,6,2016-04-01,2016-09-30,0
2016-07-29,61350,2017-03-31,1,150000000000,-0.074,,,,,9200000000,-0.364,9200000000,-0.402,,6500000000,,59.06,,,,,,,,,,,,,,,,,,,,,,true,true,12,2016-04-01,2017-03-31,0
2016-07-29,61350,2016-03-31,1,,,,,,,,,,,,,,,,,,,,234264000000,117133000000,0.497,,116444000000,,,,,,,,,,,,true,false,12,2015-04-01,2016-03-31,-1
2016-07-29,61350,2016-03-31,1,,,,,,,,,,,,,,,,,,,,,,,,,,,,,16.00,,,,119944543,9893017,,false,false,12,2015-04-01,2016-03-31,-1
2016-07-29,61350,2017-03-31,1,,,,,,,,,,,,,,,,,,,,,,,,,,,,,16.00,,,,,,,false,true,12,2016-04-01,2017-03-31,0
2016-07-29,61350,2017-03-31,1,,,,,,,,,,,,,,,,,,,,,,,,,,,,,,,,,119944543,9893831,110051116,false,false,3,2016-04-01,2016-06-30,0
2016-07-29,61350,2016-03-31,1,,,,,,,,,,,,,,,,,,,,,,,,,,,,,,,,,,,111237395,false,false,3,2015-04-01,2015-06-30,-1
2016-10-31,61350,2017-03-31,2,64561000000,-0.140,,,,,2137000000,-0.641,1458000000,-0.776,,889000000,,8.09,7.15,,,,,232190000000,112350000000,0.481,,111646000000,,,,,,,,,,,,true,false,6,2016-04-01,2016-09-30,0
2016-10-31,61350,2016-03-31,2,75045000000,0.228,,,,,5952000000,1.126,6503000000,0.994,,5175000000,,46.52,41.18,,,,,,,,,,,,,,,,,,,,,true,false,6,2015-04-01,2015-09-30,-1
2016-10-31,61350,2017-03-31,2,140000000000,-0.136,,,,,7000000000,-0.516,6100000000,-0.604,,5000000000,,45.43,,,,,,,,,,,,,,,,,,,,,,true,true,12,2016-04-01,2017-03-31,0
2016-10-31,61350,2016-03-31,2,,,,,,,,,,,,,,,,,,,,234264000000,117133000000,0.497,,116444000000,,,,,,,,,,,,true,false,12,2015-04-01,2016-03-31,-1
2016-10-31,61350,2016-03-31,2,,,,,,,,,,,,,,,,,,,,,,,,,,,,,16.00,,,,119944543,9893017,,false,false,12,2015-04-01,2016-03-31,-1
2016-10-31,61350,2017-03-31,2,,,,,,,,,,,,,,,,,,,,,,,,,,,,,8.00,,,,,,,false,false,12,2016-04-01,2017-03-31,0
2016-10-31,61350,2017-03-31,2,,,,,,,,,,,,,,,,,,,,,,,,,,,,,16.00,,,,,,,false,true,12,2016-04-01,2017-03-31,0
2016-10-31,61350,2017-03-31,2,,,,,,,,,,,,,,,,,,,,,,,,,,,,,,,,,119944543,9894231,110050824,false,false,6,2016-04-01,2016-09-30,0
2016-10-31,61350,2016-03-31,2,,,,,,,,,,,,,,,,,,,,,,,,,,,,,,,,,,,111244589,false,false,6,2015-04-01,2015-09-30,-1
2017-01-31,61350,2017-03-31,3,100144000000,-0.117,,,,,3887000000,-0.566,4078000000,-0.603,,3171000000,,28.82,25.48,,,,,235958000000,121227000000,0.511,,120508000000,,,,,,,,,,,,true,false,9,2016-04-01,2016-12-31,0
2017-01-31,61350,2016-03-31,3,113419000000,0.141,,,,,8961000000,0.592,10268000000,0.465,,8216000000,,73.86,65.38,,,,,,,,,,,,,,,,,,,,,true,false,9,2015-04-01,2015-12-31,-1
2017-01-31,61350,2017-03-31,3,147000000000,-0.092,,,,,8400000000,-0.419,8400000000,-0.454,,6100000000,,55.43,,,,,,,,,,,,,,,,,,,,,,true,true,12,2016-04-01,2017-03-31,0
2017-01-31,61350,2016-03-31,3,,,,,,,,,,,,,,,,,,,,234264000000,117133000000,0.497,,116444000000,,,,,,,,,,,,true,false,12,2015-04-01,2016-03-31,-1
2017-01-31,61350,2016-03-31,3,,,,,,,,,,,,,,,,,,,,,,,,,,,,,16.00,,,,119944543,9893017,,false,false,12,2015-04-01,2016-03-31,-1
2017-01-31,61350,2017-03-31,3,,,,,,,,,,,,,,,,,,,,,,,,,,,,,8.00,,,,,,,false,false,12,2016-04-01,2017-03-31,0
2017-01-31,61350,2017-03-31,3,,,,,,,,,,,,,,,,,,,,,,,,,,,,,16.00,,,,,,,false,true,12,2016-04-01,2017-03-31,0
2017-01-31,61350,2017-03-31,3,,,,,,,,,,,,,,,,,,,,,,,,,,,,,,,,,119944543,9895702,110050361,false,false,9,2016-04-01,2016-12-31,0
2017-01-31,61350,2016-03-31,3,,,,,,,,,,,,,,,,,,,,,,,,,,,,,,,,,,,111246992,false,false,9,2015-04-01,2015-12-31,-1
2017-04-28,61350,2017-03-31,,153641000000,-0.051,,,,,9660000000,-0.332,10000000000,-0.350,,7596000000,,69.03,61.03,0.063,0.042,0.063,,247606000000,127190000000,0.511,1148.96,126440000000,14026000000,-9762000000,-5131000000,51128000000,,0.232,,,,,,true,false,12,2016-04-01,2017-03-31,0
2017-04-28,61350,2016-03-31,,161979000000,0.083,,,,,14465000000,0.203,15390000000,0.161,,12168000000,,109.56,96.97,0.104,0.064,0.089,,234264000000,117133000000,0.497,1058.09,116444000000,24879000000,-6382000000,-6795000000,52364000000,,0.146,,,,,,true,false,12,2015-04-01,2016-03-31,-1
2017-04-28,61350,2018-03-31,,70000000000,0.084,,,,,2500000000,0.170,2600000000,0.783,,2000000000,,18.17,,,,,,,,,,,,,,,,,,,,,,true,true,6,2017-04-01,2017-09-30,1
2017-04-28,61350,2018-03-31,,156000000000,0.015,,,,,9700000000,0.004,10000000000,0.000,,7600000000,,69.06,,,,,,,,,,,,,,,,0.232,,,,,,true,true,12,2017-04-01,2018-03-31,1
2017-04-28,61350,2017-03-31,,78657000000,-0.056,,,,,1713000000,-0.695,3203000000,-0.615,2831000000,,-0.610,25.73,22.75,,,,,161411000000,77961000000,0.483,708.43,77961000000,,,,,16.00,,,,119944543,9897144,110049824,false,false,12,2016-04-01,2017-03-31,0
2017-04-28,61350,2016-03-31,,83311000000,0.063,,,,,5622000000,0.438,8321000000,0.506,7256000000,,0.191,65.33,57.82,,,,,156496000000,73254000000,0.468,665.63,73254000000,,,,,16.00,,,,119944543,9893017,111063447,false,false,12,2015-04-01,2016-03-31,-1
2017-04-28,61350,2018-03-31,,,,,,,,,,,,,,,,,,,,,,,,,,,,,,16.00,,,,,,,false,true,12,2017-04-01,2018-03-31,1
2017-07-31,61350,2018-03-31,1,31855000000,0.030,,,,,197000000,-0.806,696000000,0.691,,314000000,,2.86,2.53,,,,,246091000000,126887000000,0.513,,126133000000,,,,,,,,,,,,true,false,3,2017-04-01,2017-06-30,0
2017-07-31,61350,2017-03-31,1,30939000000,-0.070,,,,,1018000000,-0.414,412000000,-0.829,,325000000,,2.96,2.61,,,,,,,,,,,,,,,,,,,,,true,false,3,2016-04-01,2016-06-30,-1
2017-07-31,61350,2018-03-31,1,72000000000,0.115,,,,,3000000000,0.404,3300000000,1.263,,2500000000,,22.72,,,,,,,,,,,,,,,,,,,,,,true,true,6,2017-04-01,2017-09-30,0
2017-07-31,61350,2018-03-31,1,159500000000,0.038,,,,,10500000000,0.087,10800000000,0.080,,8200000000,,74.51,,,,,,,,,,,,,,,,,,,,,,true,true,12,2017-04-01,2018-03-31,0
2017-07-31,61350,2017-03-31,1,,,,,,,,,,,,,,,,,,,,247606000000,127190000000,0.511,,126440000000,,,,,,,,,,,,true,false,12,2016-04-01,2017-03-31,-1
2017-07-31,61350,2017-03-31,1,,,,,,,,,,,,,,,,,,,,,,,,,,,,,16.00,,,,119944543,9897144,,false,false,12,2016-04-01,2017-03-31,-1
2017-07-31,61350,2018-03-31,1,,,,,,,,,,,,,,,,,,,,,,,,,,,,,16.00,,,,,,,false,true,12,2017-04-01,2018-03-31,0
2017-07-31,61350,2018-03-31,1,,,,,,,,,,,,,,,,,,,,,,,,,,,,,,,,,119944543,9897214,110047382,false,false,3,2017-04-01,2017-06-30,0
2017-07-31,61350,2017-03-31,1,,,,,,,,,,,,,,,,,,,,,,,,,,,,,,,,,,,110051116,false,false,3,2016-04-01,2016-06-30,-1
2017-11-01,61350,2018-03-31,2,75161000000,0.164,,,,,2823000000,0.321,3631000000,1.490,,2763000000,,25.11,22.20,,,,,259217000000,133229000000,0.511,,132467000000,,,,,,,,,,,,true,false,6,2017-04-01,2017-09-30,0
2017-11-01,61350,2017-03-31,2,64561000000,-0.140,,,,,2137000000,-0.641,1458000000,-0.776,,889000000,,8.09,7.15,,,,,,,,,,,,,,,,,,,,,true,false,6,2016-04-01,2016-09-30,-1
2017-11-01,61350,2018-03-31,2,168000000000,0.093,,,,,12200000000,0.263,13000000000,0.300,,10000000000,,90.87,,,,,,,,,,,,,,,,,,,,,,true,true,12,2017-04-01,2018-03-31,0
2017-11-01,61350,2017-03-31,2,,,,,,,,,,,,,,,,,,,,247606000000,127190000000,0.511,,126440000000,,,,,,,,,,,,true,false,12,2016-04-01,2017-03-31,-1
2017-11-01,61350,2017-03-31,2,,,,,,,,,,,,,,,,,,,,,,,,,,,,,16.00,,,,119944543,9897144,,false,false,12,2016-04-01,2017-03-31,-1
2017-11-01,61350,2018-03-31,2,,,,,,,,,,,,,,,,,,,,,,,,,,,,,8.00,,,,,,,false,false,12,2017-04-01,2018-03-31,0
2017-11-01,61350,2018-03-31,2,,,,,,,,,,,,,,,,,,,,,,,,,,,,,16.00,,,,,,,false,true,12,2017-04-01,2018-03-31,0
2017-11-01,61350,2018-03-31,2,,,,,,,,,,,,,,,,,,,,,,,,,,,,,,,,,119944543,9898858,110046874,false,false,6,2017-04-01,2017-09-30,0
2017-11-01,61350,2017-03-31,2,,,,,,,,,,,,,,,,,,,,,,,,,,,,,,,,,,,110050824,false,false,6,2016-04-01,2016-09-30,-1
2018-01-31,61350,2018-03-31,3,121691000000,0.215,,,,,7595000000,0.954,8720000000,1.138,,5900000000,,53.00,47.01,,,,,266610000000,146676000000,0.547,,145901000000,,,,,,,,,,,,true,false,9,2017-04-01,2017-12-31,0
2018-01-31,61350,2017-03-31,3,100144000000,-0.117,,,,,3887000000,-0.566,4078000000,-0.603,,3171000000,,28.82,25.48,,,,,,,,,,,,,,,,,,,,,true,false,9,2016-04-01,2016-12-31,-1
2018-01-31,61350,2018-03-31,3,168000000000,0.093,,,,,12200000000,0.263,13000000000,0.300,,10000000000,,87.93,,,,,,,,,,,,,,,,,,,,,,true,true,12,2017-04-01,2018-03-31,0
2018-01-31,61350,2017-03-31,3,,,,,,,,,,,,,,,,,,,,247606000000,127190000000,0.511,,126440000000,,,,,,,,,,,,true,false,12,2016-04-01,2017-03-31,-1
2018-01-31,61350,2017-03-31,3,,,,,,,,,,,,,,,,,,,,,,,,,,,,,16.00,,,,119944543,9897144,,false,false,12,2016-04-01,2017-03-31,-1
2018-01-31,61350,2018-03-31,3,,,,,,,,,,,,,,,,,,,,,,,,,,,,,8.00,,,,,,,false,false,12,2017-04-01,2018-03-31,0
2018-01-31,61350,2018-03-31,3,,,,,,,,,,,,,,,,,,,,,,,,,,,,,16.00,,,,,,,false,true,12,2017-04-01,2018-03-31,0
2018-01-31,61350,2018-03-31,3,,,,,,,,,,,,,,,,,,,,,,,,,,,,,,,,,121749597,803771,111328912,false,false,9,2017-04-01,2017-12-31,0
2018-01-31,61350,2017-03-31,3,,,,,,,,,,,,,,,,,,,,,,,,,,,,,,,,,,,110050361,false,false,9,2016-04-01,2016-12-31,-1
2018-04-26,61350,2018-03-31,,181547000000,0.182,,,,,15023000000,0.555,15752000000,0.575,,11694000000,,102.26,,0.084,0.061,0.083,,269271000000,152519000000,0.563,1219.06,151723000000,15311000000,-9527000000,-6973000000,49785000000,,0.166,,,,,,true,false,12,2017-04-01,2018-03-31,0
2018-04-26,61350,2017-03-31,,153641000000,-0.051,,,,,9660000000,-0.332,10000000000,-0.350,,7596000000,,69.03,61.03,0.063,0.042,0.063,,247606000000,127190000000,0.511,1148.96,126440000000,14026000000,-9762000000,-5131000000,51128000000,,0.232,,,,,,true,false,12,2016-04-01,2017-03-31,-1
2018-04-26,61350,2019-03-31,,83000000000,0.104,,,,,4900000000,0.736,5200000000,0.432,,4200000000,,33.75,,,,,,,,,,,,,,,,,,,,,,true,true,6,2018-04-01,2018-09-30,1
2018-04-26,61350,2019-03-31,,182500000000,0.005,,,,,15100000000,0.005,15800000000,0.003,,12800000000,,102.84,,,,,,,,,,,,,,,,0.175,,,,,,true,true,12,2018-04-01,2019-03-31,1
2018-04-26,61350,2018-03-31,,92329000000,0.174,,,,,3756000000,1.193,5808000000,0.813,4786000000,,0.690,41.86,,,,,,176397000000,96056000000,0.545,771.79,96056000000,,,,,17.00,,,,124469207,9983,114358984,false,false,12,2017-04-01,2018-03-31,0
2018-04-26,61350,2017-03-31,,78657000000,-0.056,,,,,1713000000,-0.695,3203000000,-0.615,2831000000,,-0.610,25.73,22.75,,,,,161411000000,77961000000,0.483,708.43,77961000000,,,,,16.00,,,,119944543,9897144,110049824,false,false,12,2016-04-01,2017-03-31,-1
2018-04-26,61350,2019-03-31,,,,,,,,,,,,,,,,,,,,,,,,,,,,,,18.00,,,,,,,false,true,12,2018-04-01,2019-03-31,1
,61350,2018-03-31,,,,,,,,,,,,,,,,,,,,,,,,,,,,,,17.00,,,,,,,false,true,12,2017-04-01,2018-03-31,0
,61350,2018-03-31,,,,,,,,,,,,,,,,,,,,,,,,,,,,,,8.00,,,,,,,false,false,12,2017-04-01,2018-03-31,0
,61350,2017-03-31,,,,,,,,,,,,,,,,,,,,,,,,,,,,,,16.00,,,,,,,false,false,12,2016-04-01,2017-03-31,-1
2018-07-31,61350,2019-03-31,1,42480000000,0.334,,,,,3239000000,,3833000000,4.503,,2816000000,,22.68,,,,,,262057000000,150717000000,0.572,,149921000000,,,,,,,,,,,,true,false,3,2018-04-01,2018-06-30,0
2018-07-31,61350,2018-03-31,1,31855000000,0.030,,,,,197000000,-0.806,696000000,0.691,,314000000,,2.86,2.53,,,,,,,,,,,,,,,,,,,,,true,false,3,2017-04-01,2017-06-30,-1
2018-07-31,61350,2019-03-31,1,90000000000,0.197,,,,,8100000000,1.869,8700000000,1.396,,6400000000,,51.68,,,,,,,,,,,,,,,,,,,,,,true,true,6,2018-04-01,2018-09-30,0
2018-07-31,61350,2019-03-31,1,190000000000,0.047,,,,,17600000000,0.172,18300000000,0.162,,14900000000,,602.68,,,,,,,,,,,,,,,,,,,,,,true,true,12,2018-04-01,2019-03-31,0
2018-07-31,61350,2018-03-31,1,,,,,,,,,,,,,,,,,,,,268382000000,152519000000,0.565,,151723000000,,,,,,,,,,,,true,false,12,2017-04-01,2018-03-31,-1
2018-07-31,61350,2018-03-31,1,,,,,,,,,,,,,,,,,,,,,,,,,,,,,17.00,,,,124469207,9983,,false,false,12,2017-04-01,2018-03-31,-1
2018-07-31,61350,2019-03-31,1,,,,,,,,,,,,,,,,,,,,,,,,,,,,,45.00,,,,,,,false,true,12,2018-04-01,2019-03-31,0
2018-07-31,61350,2019-03-31,1,,,,,,,,,,,,,,,,,,,,,,,,,,,,,,,,,124469207,1107271,124184796,false,false,3,2018-04-01,2018-06-30,0
2018-07-31,61350,2018-03-31,1,,,,,,,,,,,,,,,,,,,,,,,,,,,,,,,,,,,110047382,false,false,3,2017-04-01,2017-06-30,-1
2018-10-31,61350,2019-03-31,2,91709000000,0.220,,,,,8129000000,1.880,8834000000,1.433,,6615000000,,267.12,,,,,,272854000000,155351000000,0.566,,154546000000,,,,,,,,,,,,true,false,6,2018-04-01,2018-09-30,0
2018-10-31,61350,2018-03-31,2,75161000000,0.164,,,,,2823000000,0.321,3631000000,1.490,,2763000000,,125.54,111.00,,,,,,,,,,,,,,,,,,,,,true,false,6,2017-04-01,2017-09-30,-1
2018-10-31,61350,2019-03-31,2,190000000000,0.047,,,,,17600000000,0.172,18300000000,0.162,,14900000000,,603.92,,,,,,,,,,,,,,,,,,,,,,true,true,12,2018-04-01,2019-03-31,0
2018-10-31,61350,2018-03-31,2,,,,,,,,,,,,,,,,,,,,268382000000,152519000000,0.565,,151723000000,,,,,,,,,,,,true,false,12,2017-04-01,2018-03-31,-1
2018-10-31,61350,2018-03-31,2,,,,,,,,,,,,,,,,,,,,,,,,,,,,,17.00,,,,24893841,1996,,false,false,12,2017-04-01,2018-03-31,-1
2018-10-31,61350,2019-03-31,2,,,,,,,,,,,,,,,,,,,,,,,,,,,,,9.00,,,,,,,false,false,12,2018-04-01,2019-03-31,0
2018-10-31,61350,2019-03-31,2,,,,,,,,,,,,,,,,,,,,,,,,,,,,,45.00,,,,,,,false,true,12,2018-04-01,2019-03-31,0
2018-10-31,61350,2019-03-31,2,,,,,,,,,,,,,,,,,,,,,,,,,,,,,,,,,24893841,221525,24766414,false,false,6,2018-04-01,2018-09-30,0
2018-10-31,61350,2018-03-31,2,,,,,,,,,,,,,,,,,,,,,,,,,,,,,,,,,,,22009375,false,false,6,2017-04-01,2017-09-30,-1
2019-02-01,61350,2019-03-31,3,144478000000,0.187,,,,,14476000000,0.906,15407000000,0.767,,11987000000,,485.48,,,,,,264231000000,153930000000,0.579,,153113000000,,,,,,,,,,,,true,false,9,2018-04-01,2018-12-31,0
2019-02-01,61350,2018-03-31,3,121691000000,0.215,,,,,7595000000,0.954,8720000000,1.138,,5900000000,,265.02,235.04,,,,,,,,,,,,,,,,,,,,,true,false,9,2017-04-01,2017-12-31,-1
2019-02-01,61350,2019-03-31,3,190000000000,0.047,,,,,17600000000,0.172,18300000000,0.162,,14900000000,,604.83,,,,,,,,,,,,,,,,,,,,,,true,true,12,2018-04-01,2019-03-31,0
2019-02-01,61350,2018-03-31,3,,,,,,,,,,,,,,,,,,,,268382000000,152519000000,0.565,,151723000000,,,,,,,,,,,,true,false,12,2017-04-01,2018-03-31,-1
2019-02-01,61350,2018-03-31,3,,,,,,,,,,,,,,,,,,,,,,,,,,,,,17.00,,,,24893841,1996,,false,false,12,2017-04-01,2018-03-31,-1
2019-02-01,61350,2019-03-31,3,,,,,,,,,,,,,,,,,,,,,,,,,,,,,9.00,,,,,,,false,false,12,2018-04-01,2019-03-31,0
2019-02-01,61350,2019-03-31,3,,,,,,,,,,,,,,,,,,,,,,,,,,,,,45.00,,,,,,,false,true,12,2018-04-01,2019-03-31,0
2019-02-01,61350,2019-03-31,3,,,,,,,,,,,,,,,,,,,,,,,,,,,,,,,,,24893841,449782,24692498,false,false,9,2018-04-01,2018-12-31,0
2019-02-01,61350,2018-03-31,3,,,,,,,,,,,,,,,,,,,,,,,,,,,,,,,,,,,22265782,false,false,9,2017-04-01,2017-12-31,-1
2019-04-26,61350,2019-03-31,,204709000000,0.128,,,,,20671000000,0.376,21956000000,0.394,,16981000000,,689.30,,0.109,0.082,0.101,,269521000000,160946000000,0.594,6550.28,160114000000,15314000000,-8705000000,-7638000000,48827000000,,0.152,,,,,,true,false,12,2018-04-01,2019-03-31,0
2019-04-26,61350,2018-03-31,,181547000000,0.182,,,,,15023000000,0.555,15752000000,0.575,,11694000000,,511.29,,0.084,0.061,0.083,,268382000000,152519000000,0.565,6095.31,151723000000,15311000000,-9527000000,-6973000000,49785000000,,0.166,,,,,,true,false,12,2017-04-01,2018-03-31,-1
2019-04-26,61350,2020-03-31,,79000000000,-0.139,,,,,2400000000,-0.705,2700000000,-0.694,,1600000000,,65.46,,,,,,,,,,,,,,,,,,,,,,true,true,6,2019-04-01,2019-09-30,1
2019-04-26,61350,2020-03-31,,179000000000,-0.126,,,,,12000000000,-0.420,12500000000,-0.431,,9700000000,,396.83,,,,,,,,,,,,,,,,0.302,,,,,,true,true,12,2019-04-01,2020-03-31,1
2019-04-26,61350,2019-03-31,,108674000000,0.177,,,,,7955000000,1.118,11781000000,1.028,9248000000,,0.932,375.40,,,,,,170492000000,96336000000,0.565,3941.11,96336000000,,,,,60.00,,,,24893841,449837,24635158,false,false,12,2018-04-01,2019-03-31,0
2019-04-26,61350,2018-03-31,,92329000000,0.174,,,,,3756000000,1.193,5808000000,0.813,4786000000,,0.690,209.29,,,,,,175614000000,96056000000,0.547,3858.94,96056000000,,,,,17.00,,,,24893841,1996,22871796,false,false,12,2017-04-01,2018-03-31,-1
2019-04-26,61350,2020-03-31,,,,,,,,,,,,,,,,,,,,,,,,,,,,,,120.00,,,,,,,false,true,12,2019-04-01,2020-03-31,1
,61350,2019-03-31,,,,,,,,,,,,,,,,,,,,,,,,,,,,,,60.00,,,,,,,false,true,12,2018-04-01,2019-03-31,0
,61350,2019-03-31,,,,,,,,,,,,,,,,,,,,,,,,,,,,,,9.00,,,,,,,false,false,12,2018-04-01,2019-03-31,0
,61350,2018-03-31,,,,,,,,,,,,,,,,,,,,,,,,,,,,,,17.00,,,,,,,false,false,12,2017-04-01,2018-03-31,-1
2019-07-31,61350,2020-03-31,1,35507000000,-0.164,,,,,470000000,-0.855,548000000,-0.857,,425000000,,17.42,,,,,,257736000000,158102000000,0.610,,157286000000,,,,,,,,,,,,true,false,3,2019-04-01,2019-06-30,0
2019-07-31,61350,2019-03-31,1,42480000000,0.334,,,,,3239000000,,3833000000,4.503,,2816000000,,113.40,,,,,,,,,,,,,,,,,,,,,,true,false,3,2018-04-01,2018-06-30,-1
2019-07-31,61350,2020-03-31,1,74000000000,-0.193,,,,,650000000,-0.920,850000000,-0.904,,450000000,,18.41,,,,,,,,,,,,,,,,,,,,,,true,true,6,2019-04-01,2019-09-30,0
2019-07-31,61350,2020-03-31,1,167000000000,-0.184,,,,,6950000000,-0.664,7350000000,-0.665,,5450000000,,222.96,,,,,,,,,,,,,,,,,,,,,,true,true,12,2019-04-01,2020-03-31,0
2019-07-31,61350,2019-03-31,1,,,,,,,,,,,,,,,,,,,,269521000000,160946000000,0.594,,160114000000,,,,,,,,,,,,true,false,12,2018-04-01,2019-03-31,-1
2019-07-31,61350,2019-03-31,1,,,,,,,,,,,,,,,,,,,,,,,,,,,,,60.00,,,,24893841,449837,,false,false,12,2018-04-01,2019-03-31,-1
2019-07-31,61350,2020-03-31,1,,,,,,,,,,,,,,,,,,,,,,,,,,,,,120.00,,,,,,,false,true,12,2019-04-01,2020-03-31,0
2019-07-31,61350,2020-03-31,1,,,,,,,,,,,,,,,,,,,,,,,,,,,,,,,,,24893841,449905,24443977,false,false,3,2019-04-01,2019-06-30,0
2019-07-31,61350,2019-03-31,1,,,,,,,,,,,,,,,,,,,,,,,,,,,,,,,,,,,24836959,false,false,3,2018-04-01,2018-06-30,-1
2019-10-31,61350,2020-03-31,2,74535000000,-0.187,,,,,1067000000,-0.869,1105000000,-0.875,,875000000,,35.82,,,,,,253994000000,158066000000,0.619,,157247000000,,,,,,,,,,,,true,false,6,2019-04-01,2019-09-30,0
2019-10-31,61350,2019-03-31,2,91709000000,0.220,,,,,8129000000,1.880,8834000000,1.433,,6615000000,,267.12,,,,,,,,,,,,,,,,,,,,,,true,false,6,2018-04-01,2018-09-30,-1
2019-10-31,61350,2020-03-31,2,167000000000,-0.184,,,,,6950000000,-0.664,7350000000,-0.665,,5450000000,,222.96,,,,,,,,,,,,,,,,,,,,,,true,true,12,2019-04-01,2020-03-31,0
2019-10-31,61350,2019-03-31,2,,,,,,,,,,,,,,,,,,,,269521000000,160946000000,0.594,,160114000000,,,,,,,,,,,,true,false,12,2018-04-01,2019-03-31,-1
2019-10-31,61350,2019-03-31,2,,,,,,,,,,,,,,,,,,,,,,,,,,,,,60.00,,,,24893841,449837,,false,false,12,2018-04-01,2019-03-31,-1
2019-10-31,61350,2020-03-31,2,,,,,,,,,,,,,,,,,,,,,,,,,,,,,60.00,,,,,,,false,false,12,2019-04-01,2020-03-31,0
2019-10-31,61350,2020-03-31,2,,,,,,,,,,,,,,,,,,,,,,,,,,,,,120.00,,,,,,,false,true,12,2019-04-01,2020-03-31,0
2019-10-31,61350,2020-03-31,2,,,,,,,,,,,,,,,,,,,,,,,,,,,,,,,,,24893841,449911,24443958,false,false,6,2019-04-01,2019-09-30,0
2019-10-31,61350,2019-03-31,2,,,,,,,,,,,,,,,,,,,,,,,,,,,,,,,,,,,24766414,false,false,6,2018-04-01,2018-09-30,-1
2020-01-31,61350,2020-03-31,3,114728000000,-0.206,,,,,1532000000,-0.894,2256000000,-0.854,,413000000,,16.93,,,,,,255967000000,158402000000,0.616,,157581000000,,,,,,,,,,,,true,false,9,2019-04-01,2019-12-31,0
2020-01-31,61350,2019-03-31,3,144478000000,0.187,,,,,14476000000,0.906,15407000000,0.767,,11987000000,,485.48,,,,,,,,,,,,,,,,,,,,,,true,false,9,2018-04-01,2018-12-31,-1
2020-01-31,61350,2020-03-31,3,163000000000,-0.204,,,,,3500000000,-0.831,4300000000,-0.804,,1600000000,,65.46,,,,,,,,,,,,,,,,,,,,,,true,true,12,2019-04-01,2020-03-31,0
2020-01-31,61350,2019-03-31,3,,,,,,,,,,,,,,,,,,,,269521000000,160946000000,0.594,,160114000000,,,,,,,,,,,,true,false,12,2018-04-01,2019-03-31,-1
2020-01-31,61350,2019-03-31,3,,,,,,,,,,,,,,,,,,,,,,,,,,,,,60.00,,,,24893841,449837,,false,false,12,2018-04-01,2019-03-31,-1
2020-01-31,61350,2020-03-31,3,,,,,,,,,,,,,,,,,,,,,,,,,,,,,60.00,,,,,,,false,false,12,2019-04-01,2020-03-31,0
2020-01-31,61350,2020-03-31,3,,,,,,,,,,,,,,,,,,,,,,,,,,,,,120.00,,,,,,,false,true,12,2019-04-01,2020-03-31,0
2020-01-31,61350,2020-03-31,3,,,,,,,,,,,,,,,,,,,,,,,,,,,,,,,,,24893841,450050,24443926,false,false,9,2019-04-01,2019-12-31,0
2020-01-31,61350,2019-03-31,3,,,,,,,,,,,,,,,,,,,,,,,,,,,,,,,,,,,24692498,false,false,9,2018-04-01,2018-12-31,-1
,61350,2020-03-31,,,,,,,,,,,,,,,,,,,,,,,,,,,,,,80.00,,,,,,,false,true,12,2019-04-01,2020-03-31,0
,61350,2020-03-31,,,,,,,,,,,,,,,,,,,,,,,,,,,,,,60.00,,,,,,,false,false,12,2019-04-01,2020-03-31,0
,61350,2019-03-31,,,,,,,,,,,,,,,,,,,,,,,,,,,,,,60.00,,,,,,,false,false,12,2018-04-01,2019-03-31,-1
2020-03-06,61350,2020-03-31,,158000000000,-0.031,,,,,2300000000,-0.343,3000000000,-0.302,,200000000,,8.18,,,,,,,,,,,,,,,,,,,,,,true,true,12,2019-04-01,2020-03-31,0
2020-03-06,61350,2019-03-31,,204709000000,,,,,,20671000000,,21956000000,,,16981000000,,689.30,,,,,,,,,,,,,,,,,,,,,,true,false,12,2018-04-01,2019-03-31,-1
2020-04-30,61350,2020-03-31,,159401000000,-0.221,,,,,3514000000,-0.830,4130000000,-0.812,,830000000,,33.97,,0.005,0.016,0.022,,258889000000,151703000000,0.583,6172.34,150875000000,8811000000,-8323000000,7479000000,55358000000,,2.355,,,,,,true,false,12,2019-04-01,2020-03-31,0
2020-04-30,61350,2019-03-31,,204709000000,0.128,,,,,20671000000,0.376,21956000000,0.394,,16981000000,,689.30,,0.109,0.082,0.101,,269521000000,160946000000,0.594,6550.28,160114000000,15314000000,-8705000000,-7638000000,48827000000,,0.152,,,,,,true,false,12,2018-04-01,2019-03-31,-1
2020-04-30,61350,2021-03-31,,50500000000,-0.322,,,,,-7200000000,,-7000000000,,,-7000000000,,-286.37,,,,,,,,,,,,,,,,,,,,,,true,true,6,2020-04-01,2020-09-30,1
2020-04-30,61350,2021-03-31,,113500000000,-0.288,,,,,-9500000000,,-9200000000,,,-9300000000,,-380.47,,,,,,,,,,,,,,,,,,,,,,true,true,12,2020-04-01,2021-03-31,1
2020-04-30,61350,2020-03-31,,75695000000,-0.303,,,,,-3995000000,,-36000000,,-1132000000,,,-46.35,,,,,,160592000000,90079000000,0.561,3685.18,90079000000,,,,,80.00,,,,24893841,450092,24443885,false,false,12,2019-04-01,2020-03-31,0
2020-04-30,61350,2019-03-31,,108674000000,0.177,,,,,7955000000,1.118,11781000000,1.028,9248000000,,0.932,375.40,,,,,,170492000000,96336000000,0.565,3941.11,96336000000,,,,,60.00,,,,24893841,449837,24635158,false,false,12,2018-04-01,2019-03-31,-1
2020-04-30,61350,2021-03-31,,,,,,,,,,,,,,,,,,,,,,,,,,,,,,20.00,,,,,,,false,true,12,2020-04-01,2021-03-31,1
2020-07-31,61350,2021-03-31,1,23544000000,-0.337,,,,,-2426000000,,-1788000000,,,-1999000000,,-81.78,,,,,,255618000000,152371000000,0.593,,151584000000,,,,,,,,,,,,true,false,3,2020-04-01,2020-06-30,0
2020-07-31,61350,2020-03-31,1,35507000000,-0.164,,,,,470000000,-0.855,548000000,-0.857,,425000000,,17.42,,,,,,,,,,,,,,,,,,,,,,true,false,3,2019-04-01,2019-06-30,-1
2020-07-31,61350,2021-03-31,1,50500000000,-0.322,,,,,-4800000000,,-4300000000,,,-4600000000,,-188.19,,,,,,,,,,,,,,,,,,,,,,true,true,6,2020-04-01,2020-09-30,0
2020-07-31,61350,2021-03-31,1,113500000000,-0.288,,,,,-7100000000,,-6500000000,,,-6900000000,,-282.28,,,,,,,,,,,,,,,,,,,,,,true,true,12,2020-04-01,2021-03-31,0
2020-07-31,61350,2020-03-31,1,,,,,,,,,,,,,,,,,,,,258889000000,151703000000,0.583,,150875000000,,,,,,,,,,,,true,false,12,2019-04-01,2020-03-31,-1
2020-07-31,61350,2020-03-31,1,,,,,,,,,,,,,,,,,,,,,,,,,,,,,80.00,,,,24893841,450092,,false,false,12,2019-04-01,2020-03-31,-1
2020-07-31,61350,2021-03-31,1,,,,,,,,,,,,,,,,,,,,,,,,,,,,,20.00,,,,,,,false,true,12,2020-04-01,2021-03-31,0
2020-07-31,61350,2021-03-31,1,,,,,,,,,,,,,,,,,,,,,,,,,,,,,,,,,24893841,450092,24443749,false,false,3,2020-04-01,2020-06-30,0
2020-07-31,61350,2020-03-31,1,,,,,,,,,,,,,,,,,,,,,,,,,,,,,,,,,,,24443977,false,false,3,2019-04-01,2019-06-30,-1
2020-10-30,61350,2021-03-31,2,49634000000,-0.334,,,,,-3716000000,,-2810000000,,,-3306000000,,-135.27,,,,,,263167000000,151960000000,0.574,,151179000000,,,,,,,,,,,,true,false,6,2020-04-01,2020-09-30,0
2020-10-30,61350,2020-03-31,2,74535000000,-0.187,,,,,1067000000,-0.869,1105000000,-0.875,,875000000,,35.82,,,,,,,,,,,,,,,,,,,,,,true,false,6,2019-04-01,2019-09-30,-1
2020-10-30,61350,2021-03-31,2,113500000000,-0.288,,,,,-6000000000,,-5000000000,,,-5600000000,,-229.10,,,,,,,,,,,,,,,,,,,,,,true,true,12,2020-04-01,2021-03-31,0
2020-10-30,61350,2020-03-31,2,,,,,,,,,,,,,,,,,,,,258889000000,151703000000,0.583,,150875000000,,,,,,,,,,,,true,false,12,2019-04-01,2020-03-31,-1
2020-10-30,61350,2020-03-31,2,,,,,,,,,,,,,,,,,,,,,,,,,,,,,80.00,,,,24893841,450092,,false,false,12,2019-04-01,2020-03-31,-1
2020-10-30,61350,2021-03-31,2,,,,,,,,,,,,,,,,,,,,,,,,,,,,,0.00,,,,,,,false,false,12,2020-04-01,2021-03-31,0
2020-10-30,61350,2021-03-31,2,,,,,,,,,,,,,,,,,,,,,,,,,,,,,20.00,,,,,,,false,true,12,2020-04-01,2021-03-31,0
2020-10-30,61350,2021-03-31,2,,,,,,,,,,,,,,,,,,,,,,,,,,,,,,,,,24893841,450199,24443712,false,false,6,2020-04-01,2020-09-30,0
2020-10-30,61350,2020-03-31,2,,,,,,,,,,,,,,,,,,,,,,,,,,,,,,,,,,,24443958,false,false,6,2019-04-01,2019-09-30,-1
2021-01-29,61350,2021-03-31,3,78101000000,-0.319,,,,,-4615000000,,-3202000000,,,-3859000000,,-157.93,,,,,,268370000000,154583000000,0.573,,153799000000,,,,,,,,,,,,true,false,9,2020-04-01,2020-12-31,0
2021-01-29,61350,2020-03-31,3,114728000000,-0.206,,,,,1532000000,-0.894,2256000000,-0.854,,413000000,,16.93,,,,,,,,,,,,,,,,,,,,,,true,false,9,2019-04-01,2019-12-31,-1
2021-01-29,61350,2021-03-31,3,113500000000,-0.288,,,,,-4800000000,,-3600000000,,,-4400000000,,-180.11,,,,,,,,,,,,,,,,,,,,,,true,true,12,2020-04-01,2021-03-31,0
2021-01-29,61350,2020-03-31,3,,,,,,,,,,,,,,,,,,,,258889000000,151703000000,0.583,,150875000000,,,,,,,,,,,,true,false,12,2019-04-01,2020-03-31,-1
2021-01-29,61350,2020-03-31,3,,,,,,,,,,,,,,,,,,,,,,,,,,,,,80.00,,,,24893841,450092,,false,false,12,2019-04-01,2020-03-31,-1
2021-01-29,61350,2021-03-31,3,,,,,,,,,,,,,,,,,,,,,,,,,,,,,0.00,,,,,,,false,false,12,2020-04-01,2021-03-31,0
2021-01-29,61350,2021-03-31,3,,,,,,,,,,,,,,,,,,,,,,,,,,,,,20.00,,,,,,,false,true,12,2020-04-01,2021-03-31,0
2021-01-29,61350,2021-03-31,3,,,,,,,,,,,,,,,,,,,,,,,,,,,,,,,,,24893841,492307,24438149,false,false,9,2020-04-01,2020-12-31,0
2021-01-29,61350,2020-03-31,3,,,,,,,,,,,,,,,,,,,,,,,,,,,,,,,,,,,24443926,false,false,9,2019-04-01,2019-12-31,-1
2021-04-30,61350,2021-03-31,,116737000000,-0.268,,,,,-3612000000,,-1374000000,,,-2703000000,,-110.82,,-0.017,-0.005,-0.031,,280015000000,161992000000,0.576,6663.23,161184000000,18036000000,-6568000000,6022000000,74644000000,,,,,,,,true,false,12,2020-04-01,2021-03-31,0
2021-04-30,61350,2020-03-31,,159401000000,-0.221,,,,,3514000000,-0.830,4130000000,-0.812,,830000000,,33.97,,0.005,0.016,0.022,,258889000000,151703000000,0.583,6172.34,150875000000,8811000000,-8323000000,7479000000,55358000000,,2.355,,,,,,true,false,12,2019-04-01,2020-03-31,-1
2021-04-30,61350,2022-03-31,,70000000000,0.410,,,,,300000000,,800000000,,,200000000,,8.27,,,,,,,,,,,,,,,,,,,,,,true,true,6,2021-04-01,2021-09-30,1
2021-04-30,61350,2022-03-31,,145000000000,0.242,,,,,2000000000,,2600000000,,,1500000000,,62.01,,,,,,,,,,,,,,,,0.484,,,,,,true,true,12,2021-04-01,2022-03-31,1
2021-04-30,61350,2021-03-31,,47829000000,-0.368,,,,,-6279000000,,-3511000000,,-3500000000,,,-143.47,,,,,,174705000000,92541000000,0.530,3825.59,92541000000,,,,,20.00,,,,24893841,703682,24395679,false,false,12,2020-04-01,2021-03-31,0
2021-04-30,61350,2020-03-31,,75695000000,-0.303,,,,,-3995000000,,-36000000,,-1132000000,,,-46.35,,,,,,160592000000,90079000000,0.561,3685.18,90079000000,,,,,80.00,,,,24893841,450092,24443885,false,false,12,2019-04-01,2020-03-31,-1
2021-04-30,61350,2022-03-31,,,,,,,,,,,,,,,,,,,,,,,,,,,,,,30.00,,,,,,,false,true,12,2021-04-01,2022-03-31,1
2021-07-30,61350,2022-03-31,1,36939000000,0.569,,,,,920000000,,1626000000,,,1247000000,,51.58,,,,,,283767000000,163012000000,0.572,,162206000000,,,,,,,,,,,,true,false,3,2021-04-01,2021-06-30,0
2021-07-30,61350,2021-03-31,1,23544000000,-0.337,,,,,-2426000000,,-1788000000,,,-1999000000,,-81.78,,,,,,,,,,,,,,,,,,,,,,true,false,3,2020-04-01,2020-06-30,-1
2021-07-30,61350,2022-03-31,1,76000000000,0.531,,,,,2200000000,,3000000000,,,2200000000,,90.95,,,,,,,,,,,,,,,,,,,,,,true,true,6,2021-04-01,2021-09-30,0
2021-07-30,61350,2022-03-31,1,165000000000,0.413,,,,,7100000000,,8100000000,,,6050000000,,250.10,,,,,,,,,,,,,,,,,,,,,,true,true,12,2021-04-01,2022-03-31,0
2021-07-30,61350,2021-03-31,1,,,,,,,,,,,,,,,,,,,,280015000000,161992000000,0.576,,161184000000,,,,,,,,,,,,true,false,12,2020-04-01,2021-03-31,-1
2021-07-30,61350,2021-03-31,1,,,,,,,,,,,,,,,,,,,,,,,,,,,,,20.00,,,,24893841,703682,,false,false,12,2020-04-01,2021-03-31,-1
2021-07-30,61350,2022-03-31,1,,,,,,,,,,,,,,,,,,,,,,,,,,,,,30.00,,,,,,,false,true,12,2021-04-01,2022-03-31,0
2021-07-30,61350,2022-03-31,1,,,,,,,,,,,,,,,,,,,,,,,,,,,,,,,,,24893841,703784,24190097,false,false,3,2021-04-01,2021-06-30,0
2021-07-30,61350,2021-03-31,1,,,,,,,,,,,,,,,,,,,,,,,,,,,,,,,,,,,24443749,false,false,3,2020-04-01,2020-06-30,-1
2021-10-29,61350,2022-03-31,2,75340000000,0.518,,,,,2839000000,,4011000000,,,3351000000,,138.56,,,,,,291680000000,164801000000,0.562,,163991000000,,,,,,,,,,,,true,false,6,2021-04-01,2021-09-30,0
2021-10-29,61350,2021-03-31,2,49634000000,-0.334,,,,,-3716000000,,-2810000000,,,-3306000000,,-135.27,,,,,,,,,,,,,,,,,,,,,,true,false,6,2020-04-01,2020-09-30,-1
2021-10-29,61350,2022-03-31,2,172000000000,0.473,,,,,8000000000,,9400000000,,,7800000000,,322.45,,,,,,,,,,,,,,,,,,,,,,true,true,12,2021-04-01,2022-03-31,0
2021-10-29,61350,2021-03-31,2,,,,,,,,,,,,,,,,,,,,280015000000,161992000000,0.576,,161184000000,,,,,,,,,,,,true,false,12,2020-04-01,2021-03-31,-1
2021-10-29,61350,2021-03-31,2,,,,,,,,,,,,,,,,,,,,,,,,,,,,,20.00,,,,24893841,703682,,false,false,12,2020-04-01,2021-03-31,-1
2021-10-29,61350,2022-03-31,2,,,,,,,,,,,,,,,,,,,,,,,,,,,,,10.00,,,,,,,false,false,12,2021-04-01,2022-03-31,0
2021-10-29,61350,2022-03-31,2,,,,,,,,,,,,,,,,,,,,,,,,,,,,,30.00,,,,,,,false,true,12,2021-04-01,2022-03-31,0
2021-10-29,61350,2022-03-31,2,,,,,,,,,,,,,,,,,,,,,,,,,,,,,,,,,24893841,703930,24190039,false,false,6,2021-04-01,2021-09-30,0
2021-10-29,61350,2021-03-31,2,,,,,,,,,,,,,,,,,,,,,,,,,,,,,,,,,,,24443712,false,false,6,2020-04-01,2020-09-30,-1
2022-01-31,61350,2022-03-31,3,122872000000,0.573,,,,,5193000000,,7131000000,,,5860000000,,242.37,,,,,,303992000000,169181000000,0.554,,168358000000,,,,,,,,,,,,true,false,9,2021-04-01,2021-12-31,0
2022-01-31,61350,2021-03-31,3,78101000000,-0.319,,,,,-4615000000,,-3202000000,,,-3859000000,,-157.93,,,,,,,,,,,,,,,,,,,,,,true,false,9,2020-04-01,2020-12-31,-1
2022-01-31,61350,2022-03-31,3,172000000000,0.473,,,,,8000000000,,9400000000,,,7800000000,,322.45,,,,,,,,,,,,,,,,,,,,,,true,true,12,2021-04-01,2022-03-31,0
2022-01-31,61350,2021-03-31,3,,,,,,,,,,,,,,,,,,,,280015000000,161992000000,0.576,,161184000000,,,,,,,,,,,,true,false,12,2020-04-01,2021-03-31,-1
2022-01-31,61350,2021-03-31,3,,,,,,,,,,,,,,,,,,,,,,,,,,,,,20.00,,,,24893841,703682,,false,false,12,2020-04-01,2021-03-31,-1
2022-01-31,61350,2022-03-31,3,,,,,,,,,,,,,,,,,,,,,,,,,,,,,10.00,,,,,,,false,false,12,2021-04-01,2022-03-31,0
2022-01-31,61350,2022-03-31,3,,,,,,,,,,,,,,,,,,,,,,,,,,,,,30.00,,,,,,,false,true,12,2021-04-01,2022-03-31,0
2022-01-31,61350,2022-03-31,3,,,,,,,,,,,,,,,,,,,,,,,,,,,,,,,,,24893841,807160,24179672,false,false,9,2021-04-01,2021-12-31,0
2022-01-31,61350,2021-03-31,3,,,,,,,,,,,,,,,,,,,,,,,,,,,,,,,,,,,24438149,false,false,9,2020-04-01,2020-12-31,-1
,61350,2022-03-31,,,,,,,,,,,,,,,,,,,,,,,,,,,,,,60.00,,,,,,,false,true,12,2021-04-01,2022-03-31,0
,61350,2022-03-31,,,,,,,,,,,,,,,,,,,,,,,,,,,,,,10.00,,,,,,,false,false,12,2021-04-01,2022-03-31,0
,61350,2021-03-31,,,,,,,,,,,,,,,,,,,,,,,,,,,,,,20.00,,,,,,,false,false,12,2020-04-01,2021-03-31,-1
2022-04-28,61350,2022-03-31,,186591000000,0.598,,,,,11300000000,,14274000000,,,12042000000,,499.23,,0.071,0.047,0.061,,325579000000,178778000000,0.546,7433.03,177891000000,14943000000,-9517000000,-8172000000,75712000000,,0.120,,,,,,true,false,12,2021-04-01,2022-03-31,0
2022-04-28,61350,2021-03-31,,116737000000,-0.268,,,,,-3612000000,,-1374000000,,,-2703000000,,-110.82,,-0.017,-0.005,-0.031,,280015000000,161992000000,0.576,6663.23,161184000000,18036000000,-6568000000,6022000000,74644000000,,,,,,,,true,false,12,2020-04-01,2021-03-31,-1
2022-04-28,61350,2023-03-31,,94000000000,0.248,,,,,4950000000,0.744,5220000000,0.301,,4540000000,,189.70,,,,,,,,,,,,,,,,,,,,,,true,true,6,2022-04-01,2022-09-30,1
2022-04-28,61350,2023-03-31,,210000000000,0.125,,,,,14400000000,0.274,15050000000,0.054,,13000000000,,543.19,,,,,,,,,,,,,,,,0.276,,,,,,true,true,12,2022-04-01,2023-03-31,1
2022-04-28,61350,2022-03-31,,84833000000,0.774,,,,,225000000,,4512000000,,5010000000,,,207.69,,,,,,186873000000,93884000000,0.502,3922.86,93884000000,,,,,60.00,,,,24893841,961278,24122648,false,false,12,2021-04-01,2022-03-31,0
2022-04-28,61350,2021-03-31,,47829000000,-0.368,,,,,-6279000000,,-3511000000,,-3500000000,,,-143.47,,,,,,174705000000,92541000000,0.530,3825.59,92541000000,,,,,20.00,,,,24893841,703682,24395679,false,false,12,2020-04-01,2021-03-31,-1
2022-04-28,61350,2023-03-31,,,,,,,,,,,,,,,,,,,,,,,,,,,,,,150.00,,,,,,,false,true,12,2022-04-01,2023-03-31,1
2022-07-29,61350,2023-03-31,1,46481000000,0.258,,,,,1642000000,0.784,2908000000,0.788,,2387000000,,99.77,,,,,,341473000000,185314000000,0.541,,184831000000,,,,,,,,,,,,true,false,3,2022-04-01,2022-06-30,0
2022-07-29,61350,2022-03-31,1,36939000000,0.569,,,,,920000000,,1626000000,,,1247000000,,51.58,,,,,,,,,,,,,,,,,,,,,,true,false,3,2021-04-01,2021-06-30,-1
2022-07-29,61350,2023-03-31,1,104300000000,0.384,,,,,5900000000,1.078,6550000000,0.633,,5200000000,,217.28,,,,,,,,,,,,,,,,,,,,,,true,true,6,2022-04-01,2022-09-30,0
2022-07-29,61350,2023-03-31,1,221500000000,0.187,,,,,15500000000,0.372,16300000000,0.142,,13400000000,,559.91,,,,,,,,,,,,,,,,,,,,,,true,true,12,2022-04-01,2023-03-31,0
2022-07-29,61350,2022-03-31,1,,,,,,,,,,,,,,,,,,,,325579000000,178778000000,0.546,,177891000000,,,,,,,,,,,,true,false,12,2021-04-01,2022-03-31,-1
2022-07-29,61350,2022-03-31,1,,,,,,,,,,,,,,,,,,,,,,,,,,,,,60.00,,,,24893841,961278,,false,false,12,2021-04-01,2022-03-31,-1
2022-07-29,61350,2023-03-31,1,,,,,,,,,,,,,,,,,,,,,,,,,,,,,150.00,,,,,,,false,true,12,2022-04-01,2023-03-31,0
2022-07-29,61350,2023-03-31,1,,,,,,,,,,,,,,,,,,,,,,,,,,,,,,,,,24893841,961406,23932521,false,false,3,2022-04-01,2022-06-30,0
2022-07-29,61350,2022-03-31,1,,,,,,,,,,,,,,,,,,,,,,,,,,,,,,,,,,,24190097,false,false,3,2021-04-01,2021-06-30,-1
2022-10-31,61350,2023-03-31,2,103039000000,0.368,,,,,5403000000,0.903,6953000000,0.733,,5340000000,,223.13,,,,,,350672000000,189594000000,0.539,,189109000000,,,,,,,,,,,,true,false,6,2022-04-01,2022-09-30,0
2022-10-31,61350,2022-03-31,2,75340000000,0.518,,,,,2839000000,,4011000000,,,3351000000,,138.56,,,,,,,,,,,,,,,,,,,,,,true,false,6,2021-04-01,2021-09-30,-1
2022-10-31,61350,2023-03-31,2,221500000000,0.187,,,,,15500000000,0.372,16300000000,0.142,,13400000000,,559.91,,,,,,,,,,,,,,,,,,,,,,true,true,12,2022-04-01,2023-03-31,0
2022-10-31,61350,2022-03-31,2,,,,,,,,,,,,,,,,,,,,325579000000,178778000000,0.546,,177891000000,,,,,,,,,,,,true,false,12,2021-04-01,2022-03-31,-1
2022-10-31,61350,2022-03-31,2,,,,,,,,,,,,,,,,,,,,,,,,,,,,,60.00,,,,24893841,961278,,false,false,12,2021-04-01,2022-03-31,-1
2022-10-31,61350,2023-03-31,2,,,,,,,,,,,,,,,,,,,,,,,,,,,,,70.00,,,,,,,false,false,12,2022-04-01,2023-03-31,0
2022-10-31,61350,2023-03-31,2,,,,,,,,,,,,,,,,,,,,,,,,,,,,,150.00,,,,,,,false,true,12,2022-04-01,2023-03-31,0
2022-10-31,61350,2023-03-31,2,,,,,,,,,,,,,,,,,,,,,,,,,,,,,,,,,24893841,955115,23934964,false,false,6,2022-04-01,2022-09-30,0
2022-10-31,61350,2022-03-31,2,,,,,,,,,,,,,,,,,,,,,,,,,,,,,,,,,,,24190039,false,false,6,2021-04-01,2021-09-30,-1
2023-01-31,61350,2023-03-31,3,165498000000,0.347,,,,,11610000000,1.236,13217000000,0.854,,10574000000,,441.77,,,,,,339287000000,187031000000,0.550,,186540000000,,,,,,,,,,,,true,false,9,2022-04-01,2022-12-31,0
2023-01-31,61350,2022-03-31,3,122872000000,0.573,,,,,5193000000,,7131000000,,,5860000000,,242.37,,,,,,,,,,,,,,,,,,,,,,true,false,9,2021-04-01,2021-12-31,-1
2023-01-31,61350,2023-03-31,3,221500000000,0.187,,,,,15500000000,0.372,16300000000,0.142,,13400000000,,559.91,,,,,,,,,,,,,,,,,,,,,,true,true,12,2022-04-01,2023-03-31,0
2023-01-31,61350,2022-03-31,3,,,,,,,,,,,,,,,,,,,,325579000000,178778000000,0.546,,177891000000,,,,,,,,,,,,true,false,12,2021-04-01,2022-03-31,-1
2023-01-31,61350,2022-03-31,3,,,,,,,,,,,,,,,,,,,,,,,,,,,,,60.00,,,,24893841,961278,,false,false,12,2021-04-01,2022-03-31,-1
2023-01-31,61350,2023-03-31,3,,,,,,,,,,,,,,,,,,,,,,,,,,,,,70.00,,,,,,,false,false,12,2022-04-01,2023-03-31,0
2023-01-31,61350,2023-03-31,3,,,,,,,,,,,,,,,,,,,,,,,,,,,,,150.00,,,,,,,false,true,12,2022-04-01,2023-03-31,0
2023-01-31,61350,2023-03-31,3,,,,,,,,,,,,,,,,,,,,,,,,,,,,,,,,,24893841,957120,23935802,false,false,9,2022-04-01,2022-12-31,0
2023-01-31,61350,2022-03-31,3,,,,,,,,,,,,,,,,,,,,,,,,,,,,,,,,,,,24179672,false,false,9,2021-04-01,2021-12-31,-1
2023-04-28,61350,2023-03-31,,227985000000,0.222,,,,,17492000000,0.548,19906000000,0.395,,16073000000,,671.86,,0.086,0.059,0.077,,348461000000,197787000000,0.566,8261.10,197288000000,2948000000,-8793000000,-340000000,69467000000,,0.223,,,,,,true,false,12,2022-04-01,2023-03-31,0
2023-04-28,61350,2022-03-31,,186591000000,0.598,,,,,11300000000,,14274000000,,,12042000000,,499.23,,0.071,0.047,0.061,,325579000000,178778000000,0.546,7433.03,177891000000,14943000000,-9517000000,-8172000000,75712000000,,0.120,,,,,,true,false,12,2021-04-01,2022-03-31,-1
2023-04-28,61350,2024-03-31,,101300000000,-0.017,,,,,5000000000,-0.075,5400000000,-0.223,,4100000000,,171.68,,,,,,,,,,,,,,,,,,,,,,true,true,6,2023-04-01,2023-09-30,1
2023-04-28,61350,2024-03-31,,208000000000,-0.088,,,,,11700000000,-0.331,12700000000,-0.362,,10100000000,,422.92,,,,,,,,,,,,,,,,0.355,,,,,,true,true,12,2023-04-01,2024-03-31,1
2023-04-28,61350,2023-03-31,,110960000000,0.308,,,,,3243000000,,7418000000,0.644,6718000000,,0.341,280.83,,,,,,195286000000,98493000000,0.504,4124.25,98493000000,,,,,150.00,,,,24893841,1012276,23923307,false,false,12,2022-04-01,2023-03-31,0
2023-04-28,61350,2022-03-31,,84833000000,0.774,,,,,225000000,,4512000000,,5010000000,,,207.69,,,,,,186873000000,93884000000,0.502,3922.86,93884000000,,,,,60.00,,,,24893841,961278,24122648,false,false,12,2021-04-01,2022-03-31,-1
2023-04-28,61350,2024-03-31,,,,,,,,,,,,,,,,,,,,,,,,,,,,,,150.00,,,,,,,false,true,12,2023-04-01,2024-03-31,1
2023-07-31,61350,2024-03-31,1,53850000000,0.159,,,,,4266000000,1.598,5831000000,1.005,,4595000000,,192.41,,,,,,355740000000,208659000000,0.585,,208285000000,,,,,,,,,,,,true,false,3,2023-04-01,2023-06-30,0
2023-07-31,61350,2023-03-31,1,46481000000,0.258,,,,,1642000000,0.784,2908000000,0.788,,2387000000,,99.77,,,,,,,,,,,,,,,,,,,,,,true,false,3,2022-04-01,2022-06-30,-1
2023-07-31,61350,2024-03-31,1,104000000000,0.009,,,,,6560000000,0.214,8430000000,0.212,,6670000000,,279.30,,,,,,,,,,,,,,,,,,,,,,true,true,6,2023-04-01,2023-09-30,0
2023-07-31,61350,2024-03-31,1,210700000000,-0.076,,,,,13260000000,-0.242,15730000000,-0.210,,12670000000,,530.54,,,,,,,,,,,,,,,,,,,,,,true,true,12,2023-04-01,2024-03-31,0
2023-07-31,61350,2023-03-31,1,,,,,,,,,,,,,,,,,,,,348461000000,197787000000,0.566,,197288000000,,,,,,,,,,,,true,false,12,2022-04-01,2023-03-31,-1
2023-07-31,61350,2023-03-31,1,,,,,,,,,,,,,,,,,,,,,,,,,,,,,150.00,,,,24893841,1012276,,false,false,12,2022-04-01,2023-03-31,-1
2023-07-31,61350,2024-03-31,1,,,,,,,,,,,,,,,,,,,,,,,,,,,,,150.00,,,,,,,false,true,12,2023-04-01,2024-03-31,0
2023-07-31,61350,2024-03-31,1,,,,,,,,,,,,,,,,,,,,,,,,,,,,,,,,,24893841,1012362,23881522,false,false,3,2023-04-01,2023-06-30,0
2023-07-31,61350,2023-03-31,1,,,,,,,,,,,,,,,,,,,,,,,,,,,,,,,,,,,23932521,false,false,3,2022-04-01,2022-06-30,-1
2023-10-31,61350,2024-03-31,2,108515000000,0.053,,,,,7776000000,0.439,9730000000,0.399,,7675000000,,321.38,,,,,,349748000000,210209000000,0.600,,209831000000,,,,,,,,,,,,true,false,6,2023-04-01,2023-09-30,0
2023-10-31,61350,2023-03-31,2,103039000000,0.368,,,,,5403000000,0.903,6953000000,0.733,,5340000000,,223.13,,,,,,,,,,,,,,,,,,,,,,true,false,6,2022-04-01,2022-09-30,-1
2023-10-31,61350,2024-03-31,2,210700000000,-0.076,,,,,13260000000,-0.242,15730000000,-0.210,,12670000000,,530.54,,,,,,,,,,,,,,,,,,,,,,true,true,12,2023-04-01,2024-03-31,0
2023-10-31,61350,2023-03-31,2,,,,,,,,,,,,,,,,,,,,348461000000,197787000000,0.566,,197288000000,,,,,,,,,,,,true,false,12,2022-04-01,2023-03-31,-1
2023-10-31,61350,2023-03-31,2,,,,,,,,,,,,,,,,,,,,,,,,,,,,,150.00,,,,24893841,1012276,,false,false,12,2022-04-01,2023-03-31,-1
2023-10-31,61350,2024-03-31,2,,,,,,,,,,,,,,,,,,,,,,,,,,,,,70.00,,,,,,,false,false,12,2023-04-01,2024-03-31,0
2023-10-31,61350,2024-03-31,2,,,,,,,,,,,,,,,,,,,,,,,,,,,,,150.00,,,,,,,false,true,12,2023-04-01,2024-03-31,0
2023-10-31,61350,2024-03-31,2,,,,,,,,,,,,,,,,,,,,,,,,,,,,,,,,,24893841,1003971,23883899,false,false,6,2023-04-01,2023-09-30,0
2023-10-31,61350,2023-03-31,2,,,,,,,,,,,,,,,,,,,,,,,,,,,,,,,,,,,23934964,false,false,6,2022-04-01,2022-09-30,-1
2024-01-31,61350,2024-03-31,3,162992000000,-0.015,,,,,12156000000,0.047,13843000000,0.047,,11270000000,,472.20,,,,,,346914000000,208642000000,0.600,,208260000000,,,,,,,,,,,,true,false,9,2023-04-01,2023-12-31,0
2024-01-31,61350,2023-03-31,3,165498000000,0.347,,,,,11610000000,1.236,13217000000,0.854,,10574000000,,441.77,,,,,,,,,,,,,,,,,,,,,,true,false,9,2022-04-01,2022-12-31,-1
2024-01-31,61350,2024-03-31,3,217000000000,-0.048,,,,,14800000000,-0.154,16700000000,-0.161,,13400000000,,562.23,,,,,,,,,,,,,,,,,,,,,,true,true,12,2023-04-01,2024-03-31,0
2024-01-31,61350,2023-03-31,3,,,,,,,,,,,,,,,,,,,,348461000000,197787000000,0.566,,197288000000,,,,,,,,,,,,true,false,12,2022-04-01,2023-03-31,-1
2024-01-31,61350,2023-03-31,3,,,,,,,,,,,,,,,,,,,,,,,,,,,,,150.00,,,,24893841,1012276,,false,false,12,2022-04-01,2023-03-31,-1
2024-01-31,61350,2024-03-31,3,,,,,,,,,,,,,,,,,,,,,,,,,,,,,70.00,,,,,,,false,false,12,2023-04-01,2024-03-31,0
2024-01-31,61350,2024-03-31,3,,,,,,,,,,,,,,,,,,,,,,,,,,,,,150.00,,,,,,,false,true,12,2023-04-01,2024-03-31,0
2024-01-31,61350,2024-03-31,3,,,,,,,,,,,,,,,,,,,,,,,,,,,,,,,,,24893841,1176071,23868480,false,false,9,2023-04-01,2023-12-31,0
2024-01-31,61350,2023-03-31,3,,,,,,,,,,,,,,,,,,,,,,,,,,,,,,,,,,,23935802,false,false,9,2022-04-01,2022-12-31,-1
2024-04-30,61350,2024-03-31,,225360000000,-0.012,,,,,16372000000,-0.064,18918000000,-0.050,,15981000000,,670.55,,0.076,0.053,0.073,,362335000000,221553000000,0.610,9325.04,221167000000,12910000000,-6411000000,-6390000000,72578000000,,0.224,,,,,,true,false,12,2023-04-01,2024-03-31,0
2024-04-30,61350,2023-03-31,,227985000000,0.222,,,,,17492000000,0.548,19906000000,0.395,,16073000000,,671.86,,0.086,0.059,0.077,,348461000000,197787000000,0.566,8261.10,197288000000,2948000000,-8793000000,-340000000,69467000000,,0.223,,,,,,true,false,12,2022-04-01,2023-03-31,-1
2024-04-30,61350,2025-03-31,,101500000000,-0.065,,,,,5200000000,-0.331,5700000000,-0.414,,4800000000,,202.38,,,,,,,,,,,,,,,,,,,,,,true,true,6,2024-04-01,2024-09-30,1
2024-04-30,61350,2025-03-31,,222000000000,-0.015,,,,,15500000000,-0.053,16500000000,-0.128,,13500000000,,569.20,,,,,,,,,,,,,,,,0.281,,,,,,true,true,12,2024-04-01,2025-03-31,1
2024-04-30,61350,2024-03-31,,106462000000,-0.041,,,,,3964000000,0.222,9941000000,0.340,9713000000,,0.446,407.55,,,,,,194712000000,104502000000,0.537,4406.11,104502000000,,,,,150.00,,,,24893841,1176243,23833674,false,false,12,2023-04-01,2024-03-31,0
2024-04-30,61350,2023-03-31,,110960000000,0.308,,,,,3243000000,,7418000000,0.644,6718000000,,0.341,280.83,,,,,,195286000000,98493000000,0.504,4124.25,98493000000,,,,,150.00,,,,24893841,1012276,23923307,false,false,12,2022-04-01,2023-03-31,-1
2024-04-30,61350,2025-03-31,,,,,,,,,,,,,,,,,,,,,,,,,,,,,,160.00,,,,,,,false,true,12,2024-04-01,2025-03-31,1
2024-07-31,61350,2025-03-31,1,51868000000,-0.037,,,,,2959000000,-0.306,3817000000,-0.345,,3236000000,,136.59,,,,,,371544000000,229145000000,0.616,,228795000000,,,,,,,,,,,,true,false,3,2024-04-01,2024-06-30,0
2024-07-31,61350,2024-03-31,1,53850000000,0.159,,,,,4266000000,1.598,5831000000,1.005,,4595000000,,192.41,,,,,,,,,,,,,,,,,,,,,,true,false,3,2023-04-01,2023-06-30,-1
2024-07-31,61350,2025-03-31,1,101500000000,-0.065,,,,,5200000000,-0.331,5700000000,-0.414,,4800000000,,202.38,,,,,,,,,,,,,,,,,,,,,,true,true,6,2024-04-01,2024-09-30,0
2024-07-31,61350,2025-03-31,1,222000000000,-0.015,,,,,15500000000,-0.053,16500000000,-0.128,,13500000000,,569.20,,,,,,,,,,,,,,,,,,,,,,true,true,12,2024-04-01,2025-03-31,0
2024-07-31,61350,2024-03-31,1,,,,,,,,,,,,,,,,,,,,362335000000,221553000000,0.610,,221167000000,,,,,,,,,,,,true,false,12,2023-04-01,2024-03-31,-1
2024-07-31,61350,2024-03-31,1,,,,,,,,,,,,,,,,,,,,,,,,,,,,,150.00,,,,24893841,1176243,,false,false,12,2023-04-01,2024-03-31,-1
2024-07-31,61350,2025-03-31,1,,,,,,,,,,,,,,,,,,,,,,,,,,,,,160.00,,,,,,,false,true,12,2024-04-01,2025-03-31,0
2024-07-31,61350,2025-03-31,1,,,,,,,,,,,,,,,,,,,,,,,,,,,,,,,,,24893841,1224836,23693538,false,false,3,2024-04-01,2024-06-30,0
2024-07-31,61350,2024-03-31,1,,,,,,,,,,,,,,,,,,,,,,,,,,,,,,,,,,,23881522,false,false,3,2023-04-01,2023-06-30,-1
2024-10-31,61350,2025-03-31,2,108237000000,-0.003,,,,,7576000000,-0.026,7583000000,-0.221,,5782000000,,244.87,,,,,,359265000000,217361000000,0.604,,217007000000,,,,,,,,,,,,true,false,6,2024-04-01,2024-09-30,0
2024-10-31,61350,2024-03-31,2,108515000000,0.053,,,,,7776000000,0.439,9730000000,0.399,,7675000000,,321.38,,,,,,,,,,,,,,,,,,,,,,true,false,6,2023-04-01,2023-09-30,-1
2024-10-31,61350,2025-03-31,2,225000000000,-0.002,,,,,17000000000,0.038,17700000000,-0.064,,14500000000,,619.95,,,,,,,,,,,,,,,,,,,,,,true,true,12,2024-04-01,2025-03-31,0
2024-10-31,61350,2024-03-31,2,,,,,,,,,,,,,,,,,,,,362335000000,221553000000,0.610,,221167000000,,,,,,,,,,,,true,false,12,2023-04-01,2024-03-31,-1
2024-10-31,61350,2024-03-31,2,,,,,,,,,,,,,,,,,,,,,,,,,,,,,150.00,,,,24893841,1176243,,false,false,12,2023-04-01,2024-03-31,-1
2024-10-31,61350,2025-03-31,2,,,,,,,,,,,,,,,,,,,,,,,,,,,,,80.00,,,,,,,false,false,12,2024-04-01,2025-03-31,0
2024-10-31,61350,2025-03-31,2,,,,,,,,,,,,,,,,,,,,,,,,,,,,,180.00,,,,,,,false,true,12,2024-04-01,2025-03-31,0
2024-10-31,61350,2025-03-31,2,,,,,,,,,,,,,,,,,,,,,,,,,,,,,,,,,24893841,1505029,23613883,false,false,6,2024-04-01,2024-09-30,0
2024-10-31,61350,2024-03-31,2,,,,,,,,,,,,,,,,,,,,,,,,,,,,,,,,,,,23883899,false,false,6,2023-04-01,2023-09-30,-1
2025-01-31,61350,2025-03-31,3,168794000000,0.036,,,,,13232000000,0.088,14487000000,0.047,,10532000000,,447.30,,,,,,370845000000,229136000000,0.617,,228776000000,,,,,,,,,,,,true,false,9,2024-04-01,2024-12-31,0
2025-01-31,61350,2024-03-31,3,162992000000,-0.015,,,,,12156000000,0.047,13843000000,0.047,,11270000000,,472.20,,,,,,,,,,,,,,,,,,,,,,true,false,9,2023-04-01,2023-12-31,-1
2025-01-31,61350,2025-03-31,3,225000000000,-0.002,,,,,17000000000,0.038,17700000000,-0.064,,14500000000,,619.95,,,,,,,,,,,,,,,,,,,,,,true,true,12,2024-04-01,2025-03-31,0
2025-01-31,61350,2024-03-31,3,,,,,,,,,,,,,,,,,,,,362335000000,221553000000,0.610,,221167000000,,,,,,,,,,,,true,false,12,2023-04-01,2024-03-31,-1
2025-01-31,61350,2024-03-31,3,,,,,,,,,,,,,,,,,,,,,,,,,,,,,150.00,,,,24893841,1176243,,false,false,12,2023-04-01,2024-03-31,-1
2025-01-31,61350,2025-03-31,3,,,,,,,,,,,,,,,,,,,,,,,,,,,,,80.00,,,,,,,false,false,12,2024-04-01,2025-03-31,0
2025-01-31,61350,2025-03-31,3,,,,,,,,,,,,,,,,,,,,,,,,,,,,,180.00,,,,,,,false,true,12,2024-04-01,2025-03-31,0
2025-01-31,61350,2025-03-31,3,,,,,,,,,,,,,,,,,,,,,,,,,,,,,,,,,24893841,1505129,23546348,false,false,9,2024-04-01,2024-12-31,0
2025-01-31,61350,2024-03-31,3,,,,,,,,,,,,,,,,,,,,,,,,,,,,,,,,,,,23868480,false,false,9,2023-04-01,2023-12-31,-1
2025-04-30,61350,2025-03-31,,234216000000,0.039,,,,,18516000000,0.131,20090000000,0.062,,14415000000,,613.17,,0.064,0.055,0.079,,367037000000,226650000000,0.617,9675.09,226285000000,13571000000,-13877000000,-6726000000,64067000000,,0.294,,,,,,true,false,12,2024-04-01,2025-03-31,0
2025-04-30,61350,2024-03-31,,225360000000,-0.012,,,,,16372000000,-0.064,18918000000,-0.050,,15981000000,,670.55,,0.076,0.053,0.073,,362335000000,221553000000,0.610,9325.04,221167000000,12910000000,-6411000000,-6390000000,72578000000,,0.224,,,,,,true,false,12,2023-04-01,2024-03-31,-1
2025-04-30,61350,2026-03-31,,115700000000,0.069,,,,,9000000000,0.188,9200000000,0.213,,8700000000,,371.98,,,,,,,,,,,,,,,,,,,,,,true,true,6,2025-04-01,2025-09-30,1
2025-04-30,61350,2026-03-31,,240000000000,0.025,,,,,21500000000,0.161,22000000000,0.095,,18000000000,,769.61,,,,,,,,,,,,,,,,0.351,,,,,,true,true,12,2025-04-01,2026-03-31,1
2025-04-30,61350,2025-03-31,,102840000000,-0.034,,,,,6953000000,0.754,11504000000,0.157,9062000000,,-0.067,385.48,,,,,,189546000000,105822000000,0.558,4524.55,105822000000,,,,,180.00,,,,24893841,1505407,23509923,false,false,12,2024-04-01,2025-03-31,0
2025-04-30,61350,2024-03-31,,106462000000,-0.041,,,,,3964000000,0.222,9941000000,0.340,9713000000,,0.446,407.55,,,,,,194712000000,104502000000,0.537,4406.11,104502000000,,,,,150.00,,,,24893841,1176243,23833674,false,false,12,2023-04-01,2024-03-31,-1
2025-04-30,61350,2026-03-31,,,,,,,,,,,,,,,,,,,,,,,,,,,,,,270.00,,,,,,,false,true,12,2025-04-01,2026-03-31,1
