filing_date,code,fiscal_year_end,quarterly_period,net_sales,net_sales_change,revenue,revenue_change,operating_revenue,operating_revenue_change,operating_profit,operating_profit_change,ordinary_profit,ordinary_profit_change,net_income,net_income_of_parent,net_income_change,eps,diluted_eps,roe,roa,operating_profit_to_net_sales,operating_profit_to_revenue,total_assets,net_assets,equity_ratio,bps,owner_equity,operating_cash_flow,investing_cash_flow,financing_cash_flow,cash,dividend_per_share,payout_ratio,commemorative_dividend,extra_dividend,number_of_shares,number_of_treqsury_shares,avg_number_of_shares,is_consolidated,is_forecast,duration,period_start,period_end,period_pos
2015-05-15,61440,2015-03-31,,15960000000,-0.089,,,,,1052000000,-0.318,1129000000,-0.307,622000000,,-0.327,41.08,,0.036,0.041,0.066,,27582000000,18046000000,0.654,1191.19,18046000000,1008000000,-31000000,-255000000,6403000000,,0.292,,,,,,true,false,12,2014-04-01,2015-03-31,0
2015-05-15,61440,2014-03-31,,17518000000,0.095,,,,,1541000000,0.414,1629000000,0.407,924000000,,0.406,61.04,,0.057,0.060,0.088,,27476000000,16705000000,0.608,1102.63,16705000000,976000000,-489000000,-173000000,5681000000,,0.246,,,,,,true,false,12,2013-04-01,2014-03-31,-1
2015-05-15,61440,2016-03-31,,7500000000,0.175,,,,,270000000,0.784,300000000,0.869,,160000000,,10.56,,,,,,,,,,,,,,,,,,,,,,true,true,6,2015-04-01,2015-09-30,1
2015-05-15,61440,2016-03-31,,17800000000,0.115,,,,,1430000000,0.359,1500000000,0.328,,810000000,,53.46,,,,,,,,,,,,,,,,0.224,,,,,,true,true,12,2015-04-01,2016-03-31,1
2015-05-15,61440,2014-03-31,,,,,,,,,,,,,,,,,,,,,,,,,,,,,,15.00,,,,15160000,9784,15150372,false,false,12,2013-04-01,2014-03-31,-1
2015-05-15,61440,2015-03-31,,,,,,,,,,,,,,,,,,,,,,,,,,,,,,12.00,,,,15160000,9784,15150216,false,false,12,2014-04-01,2015-03-31,0
2015-05-15,61440,2016-03-31,,,,,,,,,,,,,,,,,,,,,,,,,,,,,,12.00,,,,,,,false,true,12,2015-04-01,2016-03-31,1
2015-07-31,61440,2016-03-31,1,3437000000,0.230,,,,,63000000,,89000000,,,22000000,,1.51,,,,,,27782000000,17996000000,0.648,,17996000000,,,,,,,,,,,,true,false,3,2015-04-01,2015-06-30,0
2015-07-31,61440,2015-03-31,1,2794000000,0.125,,,,,-60000000,,-36000000,,,-31000000,,-2.06,,,,,,,,,,,,,,,,,,,,,,true,false,3,2014-04-01,2014-06-30,-1
2015-07-31,61440,2016-03-31,1,7500000000,0.175,,,,,270000000,0.784,300000000,0.869,,160000000,,10.56,,,,,,,,,,,,,,,,,,,,,,true,true,6,2015-04-01,2015-09-30,0
2015-07-31,61440,2016-03-31,1,17800000000,0.115,,,,,1430000000,0.359,1500000000,0.328,,810000000,,53.46,,,,,,,,,,,,,,,,,,,,,,true,true,12,2015-04-01,2016-03-31,0
2015-07-31,61440,2015-03-31,1,,,,,,,,,,,,,,,,,,,,27582000000,18046000000,0.654,,18046000000,,,,,,,,,,,,true,false,12,2014-04-01,2015-03-31,-1
2015-07-31,61440,2015-03-31,1,,,,,,,,,,,,,,,,,,,,,,,,,,,,,12.00,,,,15160000,9784,,false,false,12,2014-04-01,2015-03-31,-1
2015-07-31,61440,2016-03-31,1,,,,,,,,,,,,,,,,,,,,,,,,,,,,,12.00,,,,,,,false,true,12,2015-04-01,2016-03-31,0
2015-07-31,61440,2016-03-31,1,,,,,,,,,,,,,,,,,,,,,,,,,,,,,,,,,15160000,9883,15150157,false,false,3,2015-04-01,2015-06-30,0
2015-07-31,61440,2015-03-31,1,,,,,,,,,,,,,,,,,,,,,,,,,,,,,,,,,,,15150216,false,false,3,2014-04-01,2014-06-30,-1
2015-10-30,61440,2016-03-31,,8375000000,0.117,,,,,404000000,0.498,433000000,0.444,,247000000,,16.35,,,,,,,,,,,,,,,,,,,,,,true,true,6,2015-04-01,2015-09-30,0
2015-10-30,61440,2015-03-31,,6383000000,,,,,,151000000,,160000000,,,94000000,,6.21,,,,,,,,,,,,,,,,,,,,,,true,false,6,2014-04-01,2014-09-30,-1
2015-10-30,61440,2016-03-31,,18650000000,0.048,,,,,1500000000,0.049,1570000000,0.047,,840000000,,55.45,,,,,,,,,,,,,,,,,,,,,,true,true,12,2015-04-01,2016-03-31,0
2015-10-30,61440,2015-03-31,,15960000000,,,,,,1052000000,,1129000000,,,622000000,,41.08,,,,,,,,,,,,,,,,,,,,,,true,false,12,2014-04-01,2015-03-31,-1
2015-11-12,61440,2016-03-31,2,8375000000,0.312,,,,,404000000,1.673,433000000,1.699,,247000000,,16.35,,,,,,29104000000,17955000000,0.617,,17955000000,,,,,,,,,,,,true,false,6,2015-04-01,2015-09-30,0
2015-11-12,61440,2015-03-31,2,6383000000,-0.063,,,,,151000000,-0.592,160000000,-0.593,,94000000,,6.21,,,,,,,,,,,,,,,,,,,,,,true,false,6,2014-04-01,2014-09-30,-1
2015-11-12,61440,2016-03-31,2,18650000000,0.168,,,,,1500000000,0.426,1570000000,0.390,,840000000,,55.45,,,,,,,,,,,,,,,,,,,,,,true,true,12,2015-04-01,2016-03-31,0
2015-11-12,61440,2015-03-31,2,,,,,,,,,,,,,,,,,,,,27582000000,18046000000,0.654,,18046000000,,,,,,,,,,,,true,false,12,2014-04-01,2015-03-31,-1
2015-11-12,61440,2015-03-31,2,,,,,,,,,,,,,,,,,,,,,,,,,,,,,12.00,,,,15160000,9784,,false,false,12,2014-04-01,2015-03-31,-1
2015-11-12,61440,2016-03-31,2,,,,,,,,,,,,,,,,,,,,,,,,,,,,,6.00,,,,,,,false,false,12,2015-04-01,2016-03-31,0
2015-11-12,61440,2016-03-31,2,,,,,,,,,,,,,,,,,,,,,,,,,,,,,12.00,,,,,,,false,true,12,2015-04-01,2016-03-31,0
2015-11-12,61440,2016-03-31,2,,,,,,,,,,,,,,,,,,,,,,,,,,,,,,,,,15160000,9883,15150140,false,false,6,2015-04-01,2015-09-30,0
2015-11-12,61440,2015-03-31,2,,,,,,,,,,,,,,,,,,,,,,,,,,,,,,,,,,,15150216,false,false,6,2014-04-01,2014-09-30,-1
2016-01-29,61440,2016-03-31,3,13228000000,0.287,,,,,808000000,0.641,856000000,0.642,,520000000,,34.33,,,,,,31829000000,18399000000,0.578,,18399000000,,,,,,,,,,,,true,false,9,2015-04-01,2015-12-31,0
2016-01-29,61440,2015-03-31,3,10281000000,-0.082,,,,,492000000,-0.481,521000000,-0.475,,330000000,,21.83,,,,,,,,,,,,,,,,,,,,,,true,false,9,2014-04-01,2014-12-31,-1
2016-01-29,61440,2016-03-31,3,18650000000,0.168,,,,,1500000000,0.426,1570000000,0.390,,840000000,,55.45,,,,,,,,,,,,,,,,,,,,,,true,true,12,2015-04-01,2016-03-31,0
2016-01-29,61440,2015-03-31,3,,,,,,,,,,,,,,,,,,,,27582000000,18046000000,0.654,,18046000000,,,,,,,,,,,,true,false,12,2014-04-01,2015-03-31,-1
2016-01-29,61440,2015-03-31,3,,,,,,,,,,,,,,,,,,,,,,,,,,,,,12.00,,,,15160000,9784,,false,false,12,2014-04-01,2015-03-31,-1
2016-01-29,61440,2016-03-31,3,,,,,,,,,,,,,,,,,,,,,,,,,,,,,6.00,,,,,,,false,false,12,2015-04-01,2016-03-31,0
2016-01-29,61440,2016-03-31,3,,,,,,,,,,,,,,,,,,,,,,,,,,,,,12.00,,,,,,,false,true,12,2015-04-01,2016-03-31,0
2016-01-29,61440,2016-03-31,3,,,,,,,,,,,,,,,,,,,,,,,,,,,,,,,,,15160000,9883,15150133,false,false,9,2015-04-01,2015-12-31,0
2016-01-29,61440,2015-03-31,3,,,,,,,,,,,,,,,,,,,,,,,,,,,,,,,,,,,15150216,false,false,9,2014-04-01,2014-12-31,-1
2016-05-13,61440,2016-03-31,,18512000000,0.160,,,,,1257000000,0.195,1338000000,0.185,,817000000,,53.99,,0.045,0.045,0.068,,31397000000,18226000000,0.581,1203.05,18226000000,2310000000,-734000000,-225000000,7753000000,,0.259,,,,,,true,false,12,2015-04-01,2016-03-31,0
2016-05-13,61440,2015-03-31,,15960000000,-0.089,,,,,1052000000,-0.318,1129000000,-0.307,,622000000,,41.08,,0.036,0.041,0.066,,27582000000,18046000000,0.654,1191.19,18046000000,1008000000,-31000000,-255000000,6403000000,,0.292,,,,,,true,false,12,2014-04-01,2015-03-31,-1
2016-05-13,61440,2017-03-31,,9600000000,0.146,,,,,375000000,-0.073,400000000,-0.077,,240000000,,15.84,,,,,,,,,,,,,,,,,,,,,,true,true,6,2016-04-01,2016-09-30,1
2016-05-13,61440,2017-03-31,,22100000000,0.194,,,,,1545000000,0.229,1600000000,0.195,,1000000000,,66.00,,,,,,,,,,,,,,,,0.212,,,,,,true,true,12,2016-04-01,2017-03-31,1
2016-05-13,61440,2015-03-31,,,,,,,,,,,,,,,,,,,,,,,,,,,,,,12.00,,,,15160000,9784,15150216,false,false,12,2014-04-01,2015-03-31,-1
2016-05-13,61440,2016-03-31,,,,,,,,,,,,,,,,,,,,,,,,,,,,,,14.00,,,,15160000,9930,15150070,false,false,12,2015-04-01,2016-03-31,0
2016-05-13,61440,2017-03-31,,,,,,,,,,,,,,,,,,,,,,,,,,,,,,14.00,,,,,,,false,true,12,2016-04-01,2017-03-31,1
2016-07-29,61440,2017-03-31,1,3123000000,-0.091,,,,,-97000000,,-68000000,,,-60000000,,-4.03,,,,,,32483000000,17899000000,0.551,,17899000000,,,,,,,,,,,,true,false,3,2016-04-01,2016-06-30,0
2016-07-29,61440,2016-03-31,1,3437000000,0.230,,,,,63000000,,89000000,,,22000000,,1.51,,,,,,,,,,,,,,,,,,,,,,true,false,3,2015-04-01,2015-06-30,-1
2016-07-29,61440,2017-03-31,1,9600000000,0.146,,,,,375000000,-0.073,400000000,-0.077,,240000000,,15.84,,,,,,,,,,,,,,,,,,,,,,true,true,6,2016-04-01,2016-09-30,0
2016-07-29,61440,2017-03-31,1,22100000000,0.194,,,,,1545000000,0.229,1600000000,0.195,,1000000000,,66.00,,,,,,,,,,,,,,,,,,,,,,true,true,12,2016-04-01,2017-03-31,0
2016-07-29,61440,2016-03-31,1,,,,,,,,,,,,,,,,,,,,31397000000,18226000000,0.581,,18226000000,,,,,,,,,,,,true,false,12,2015-04-01,2016-03-31,-1
2016-07-29,61440,2016-03-31,1,,,,,,,,,,,,,,,,,,,,,,,,,,,,,14.00,,,,15160000,9930,,false,false,12,2015-04-01,2016-03-31,-1
2016-07-29,61440,2017-03-31,1,,,,,,,,,,,,,,,,,,,,,,,,,,,,,14.00,,,,,,,false,true,12,2016-04-01,2017-03-31,0
2016-07-29,61440,2017-03-31,1,,,,,,,,,,,,,,,,,,,,,,,,,,,,,,,,,15160000,9930,15150070,false,false,3,2016-04-01,2016-06-30,0
2016-07-29,61440,2016-03-31,1,,,,,,,,,,,,,,,,,,,,,,,,,,,,,,,,,,,15150157,false,false,3,2015-04-01,2015-06-30,-1
2016-11-14,61440,2017-03-31,2,9940000000,0.187,,,,,423000000,0.047,453000000,0.047,,290000000,,19.14,,,,,,31877000000,18474000000,0.580,,18474000000,,,,,,,,,,,,true,false,6,2016-04-01,2016-09-30,0
2016-11-14,61440,2016-03-31,2,8375000000,0.312,,,,,404000000,1.673,433000000,1.699,,247000000,,16.35,,,,,,,,,,,,,,,,,,,,,,true,false,6,2015-04-01,2015-09-30,-1
2016-11-14,61440,2017-03-31,2,22500000000,0.215,,,,,1500000000,0.193,1560000000,0.165,,980000000,,64.69,,,,,,,,,,,,,,,,,,,,,,true,true,12,2016-04-01,2017-03-31,0
2016-11-14,61440,2016-03-31,2,,,,,,,,,,,,,,,,,,,,31397000000,18226000000,0.581,,18226000000,,,,,,,,,,,,true,false,12,2015-04-01,2016-03-31,-1
2016-11-14,61440,2016-03-31,2,,,,,,,,,,,,,,,,,,,,,,,,,,,,,14.00,,,,15160000,9930,,false,false,12,2015-04-01,2016-03-31,-1
2016-11-14,61440,2017-03-31,2,,,,,,,,,,,,,,,,,,,,,,,,,,,,,7.00,,,,,,,false,false,12,2016-04-01,2017-03-31,0
2016-11-14,61440,2017-03-31,2,,,,,,,,,,,,,,,,,,,,,,,,,,,,,14.00,,,,,,,false,true,12,2016-04-01,2017-03-31,0
2016-11-14,61440,2017-03-31,2,,,,,,,,,,,,,,,,,,,,,,,,,,,,,,,,,15160000,9930,15150070,false,false,6,2016-04-01,2016-09-30,0
2016-11-14,61440,2016-03-31,2,,,,,,,,,,,,,,,,,,,,,,,,,,,,,,,,,,,15150140,false,false,6,2015-04-01,2015-09-30,-1
2016-11-14,61440,2017-03-31,,22500000000,0.018,,,,,1500000000,-0.029,1560000000,-0.025,,980000000,,64.69,,,,,,,,,,,,,,,,,,,,,,true,true,12,2016-04-01,2017-03-31,0
2016-11-14,61440,2016-03-31,,18512000000,,,,,,1257000000,,1338000000,,,817000000,,53.99,,,,,,,,,,,,,,,,,,,,,,true,false,12,2015-04-01,2016-03-31,-1
2017-01-31,61440,2017-03-31,3,17963000000,0.358,,,,,929000000,0.150,981000000,0.146,,664000000,,43.85,,,,,,31504000000,19076000000,0.606,,19076000000,,,,,,,,,,,,true,false,9,2016-04-01,2016-12-31,0
2017-01-31,61440,2016-03-31,3,13228000000,0.287,,,,,808000000,0.641,856000000,0.642,,520000000,,34.33,,,,,,,,,,,,,,,,,,,,,,true,false,9,2015-04-01,2015-12-31,-1
2017-01-31,61440,2017-03-31,3,22500000000,0.215,,,,,1500000000,0.193,1560000000,0.165,,980000000,,64.69,,,,,,,,,,,,,,,,,,,,,,true,true,12,2016-04-01,2017-03-31,0
2017-01-31,61440,2016-03-31,3,,,,,,,,,,,,,,,,,,,,31397000000,18226000000,0.581,,18226000000,,,,,,,,,,,,true,false,12,2015-04-01,2016-03-31,-1
2017-01-31,61440,2016-03-31,3,,,,,,,,,,,,,,,,,,,,,,,,,,,,,14.00,,,,15160000,9930,,false,false,12,2015-04-01,2016-03-31,-1
2017-01-31,61440,2017-03-31,3,,,,,,,,,,,,,,,,,,,,,,,,,,,,,7.00,,,,,,,false,false,12,2016-04-01,2017-03-31,0
2017-01-31,61440,2017-03-31,3,,,,,,,,,,,,,,,,,,,,,,,,,,,,,14.00,,,,,,,false,true,12,2016-04-01,2017-03-31,0
2017-01-31,61440,2017-03-31,3,,,,,,,,,,,,,,,,,,,,,,,,,,,,,,,,,15160000,9930,15150070,false,false,9,2016-04-01,2016-12-31,0
2017-01-31,61440,2016-03-31,3,,,,,,,,,,,,,,,,,,,,,,,,,,,,,,,,,,,15150133,false,false,9,2015-04-01,2015-12-31,-1
2017-03-10,61440,2017-03-31,,23000000000,0.022,,,,,1440000000,-0.040,1500000000,-0.039,,310000000,,20.46,,,,,,,,,,,,,,,,,,,,,,true,true,12,2016-04-01,2017-03-31,0
2017-03-10,61440,2016-03-31,,18512000000,,,,,,1257000000,,1338000000,,,817000000,,53.99,,,,,,,,,,,,,,,,,,,,,,true,false,12,2015-04-01,2016-03-31,-1
2017-04-21,61440,2017-03-31,,24019000000,0.044,,,,,1539000000,0.069,1606000000,0.071,,416000000,,27.52,,,,,,,,,,,,,,,,,,,,,,true,true,12,2016-04-01,2017-03-31,0
2017-04-21,61440,2016-03-31,,18512000000,,,,,,1257000000,,1338000000,,,817000000,,53.99,,,,,,,,,,,,,,,,,,,,,,true,false,12,2015-04-01,2016-03-31,-1
2017-05-15,61440,2017-03-31,,24019000000,0.298,,,,,1527000000,0.215,1595000000,0.191,,408000000,,26.96,,0.022,0.051,0.064,,31280000000,19072000000,0.610,1258.89,19072000000,592000000,-681000000,-255000000,7409000000,,0.519,,,,,,true,false,12,2016-04-01,2017-03-31,0
2017-05-15,61440,2016-03-31,,18512000000,0.160,,,,,1257000000,0.195,1338000000,0.185,,817000000,,53.99,,0.045,0.045,0.068,,31397000000,18226000000,0.581,1203.05,18226000000,2310000000,-734000000,-225000000,7753000000,,0.259,,,,,,true,false,12,2015-04-01,2016-03-31,-1
2017-05-15,61440,2018-03-31,,7600000000,-0.235,,,,,173000000,-0.591,200000000,-0.559,,130000000,,8.58,,,,,,,,,,,,,,,,,,,,,,true,true,6,2017-04-01,2017-09-30,1
2017-05-15,61440,2018-03-31,,18000000000,-0.251,,,,,1060000000,-0.306,1120000000,-0.298,,720000000,,47.52,,,,,,,,,,,,,,,,0.295,,,,,,true,true,12,2017-04-01,2018-03-31,1
2017-05-15,61440,2016-03-31,,,,,,,,,,,,,,,,,,,,,,,,,,,,,,14.00,,,,15160000,9930,15150070,false,false,12,2015-04-01,2016-03-31,-1
2017-05-15,61440,2017-03-31,,,,,,,,,,,,,,,,,,,,,,,,,,,,,,14.00,,,,15160000,9998,15150054,false,false,12,2016-04-01,2017-03-31,0
2017-05-15,61440,2018-03-31,,,,,,,,,,,,,,,,,,,,,,,,,,,,,,14.00,,,,,,,false,true,12,2017-04-01,2018-03-31,1
2017-07-31,61440,2018-03-31,1,3617000000,0.158,,,,,-49000000,,-23000000,,,-44000000,,-2.97,,,,,,30307000000,19056000000,0.629,,19056000000,,,,,,,,,,,,true,false,3,2017-04-01,2017-06-30,0
2017-07-31,61440,2017-03-31,1,3123000000,-0.091,,,,,-97000000,,-68000000,,,-60000000,,-4.03,,,,,,,,,,,,,,,,,,,,,,true,false,3,2016-04-01,2016-06-30,-1
2017-07-31,61440,2018-03-31,1,7600000000,-0.235,,,,,173000000,-0.591,200000000,-0.559,,130000000,,8.58,,,,,,,,,,,,,,,,,,,,,,true,true,6,2017-04-01,2017-09-30,0
2017-07-31,61440,2018-03-31,1,18000000000,-0.251,,,,,1060000000,-0.306,1120000000,-0.298,,720000000,,47.52,,,,,,,,,,,,,,,,,,,,,,true,true,12,2017-04-01,2018-03-31,0
2017-07-31,61440,2017-03-31,1,,,,,,,,,,,,,,,,,,,,31280000000,19072000000,0.610,,19072000000,,,,,,,,,,,,true,false,12,2016-04-01,2017-03-31,-1
2017-07-31,61440,2017-03-31,1,,,,,,,,,,,,,,,,,,,,,,,,,,,,,14.00,,,,15160000,9998,,false,false,12,2016-04-01,2017-03-31,-1
2017-07-31,61440,2018-03-31,1,,,,,,,,,,,,,,,,,,,,,,,,,,,,,14.00,,,,,,,false,true,12,2017-04-01,2018-03-31,0
2017-07-31,61440,2018-03-31,1,,,,,,,,,,,,,,,,,,,,,,,,,,,,,,,,,15160000,9998,15150002,false,false,3,2017-04-01,2017-06-30,0
2017-07-31,61440,2017-03-31,1,,,,,,,,,,,,,,,,,,,,,,,,,,,,,,,,,,,15150070,false,false,3,2016-04-01,2016-06-30,-1
2017-10-31,61440,2018-03-31,,9277000000,0.221,,,,,579000000,2.349,592000000,1.961,,381000000,,25.17,,,,,,,,,,,,,,,,,,,,,,true,true,6,2017-04-01,2017-09-30,0
2017-10-31,61440,2017-03-31,,9940000000,,,,,,423000000,,453000000,,,290000000,,19.14,,,,,,,,,,,,,,,,,,,,,,true,false,6,2016-04-01,2016-09-30,-1
2017-10-31,61440,2018-03-31,,20800000000,0.156,,,,,1600000000,0.509,1650000000,0.473,,1040000000,,68.65,,,,,,,,,,,,,,,,,,,,,,true,true,12,2017-04-01,2018-03-31,0
2017-10-31,61440,2017-03-31,,24019000000,,,,,,1527000000,,1595000000,,,408000000,,26.96,,,,,,,,,,,,,,,,,,,,,,true,false,12,2016-04-01,2017-03-31,-1
2017-11-13,61440,2018-03-31,2,9277000000,-0.067,,,,,579000000,0.368,592000000,0.305,,381000000,,25.17,,,,,,32462000000,19888000000,0.613,,19888000000,,,,,,,,,,,,true,false,6,2017-04-01,2017-09-30,0
2017-11-13,61440,2017-03-31,2,9940000000,0.187,,,,,423000000,0.047,453000000,0.047,,290000000,,19.14,,,,,,,,,,,,,,,,,,,,,,true,false,6,2016-04-01,2016-09-30,-1
2017-11-13,61440,2018-03-31,2,20800000000,-0.134,,,,,1600000000,0.048,1650000000,0.035,,1040000000,,68.65,,,,,,,,,,,,,,,,,,,,,,true,true,12,2017-04-01,2018-03-31,0
2017-11-13,61440,2017-03-31,2,,,,,,,,,,,,,,,,,,,,31280000000,19072000000,0.610,,19072000000,,,,,,,,,,,,true,false,12,2016-04-01,2017-03-31,-1
2017-11-13,61440,2017-03-31,2,,,,,,,,,,,,,,,,,,,,,,,,,,,,,14.00,,,,15160000,9998,,false,false,12,2016-04-01,2017-03-31,-1
2017-11-13,61440,2018-03-31,2,,,,,,,,,,,,,,,,,,,,,,,,,,,,,7.00,,,,,,,false,false,12,2017-04-01,2018-03-31,0
2017-11-13,61440,2018-03-31,2,,,,,,,,,,,,,,,,,,,,,,,,,,,,,14.00,,,,,,,false,true,12,2017-04-01,2018-03-31,0
2017-11-13,61440,2018-03-31,2,,,,,,,,,,,,,,,,,,,,,,,,,,,,,,,,,15160000,10075,15149969,false,false,6,2017-04-01,2017-09-30,0
2017-11-13,61440,2017-03-31,2,,,,,,,,,,,,,,,,,,,,,,,,,,,,,,,,,,,15150070,false,false,6,2016-04-01,2016-09-30,-1
2018-01-31,61440,2018-03-31,3,15468000000,-0.139,,,,,1355000000,0.458,1402000000,0.429,,954000000,,63.00,,,,,,36094000000,21159000000,0.586,,21159000000,,,,,,,,,,,,true,false,9,2017-04-01,2017-12-31,0
2018-01-31,61440,2017-03-31,3,17963000000,0.358,,,,,929000000,0.150,981000000,0.146,,664000000,,43.85,,,,,,,,,,,,,,,,,,,,,,true,false,9,2016-04-01,2016-12-31,-1
2018-01-31,61440,2018-03-31,3,20800000000,-0.134,,,,,1600000000,0.048,1650000000,0.035,,1040000000,,68.65,,,,,,,,,,,,,,,,,,,,,,true,true,12,2017-04-01,2018-03-31,0
2018-01-31,61440,2017-03-31,3,,,,,,,,,,,,,,,,,,,,31280000000,19072000000,0.610,,19072000000,,,,,,,,,,,,true,false,12,2016-04-01,2017-03-31,-1
2018-01-31,61440,2017-03-31,3,,,,,,,,,,,,,,,,,,,,,,,,,,,,,14.00,,,,15160000,9998,,false,false,12,2016-04-01,2017-03-31,-1
2018-01-31,61440,2018-03-31,3,,,,,,,,,,,,,,,,,,,,,,,,,,,,,7.00,,,,,,,false,false,12,2017-04-01,2018-03-31,0
2018-01-31,61440,2018-03-31,3,,,,,,,,,,,,,,,,,,,,,,,,,,,,,14.00,,,,,,,false,true,12,2017-04-01,2018-03-31,0
2018-01-31,61440,2018-03-31,3,,,,,,,,,,,,,,,,,,,,,,,,,,,,,,,,,15160000,10117,15149943,false,false,9,2017-04-01,2017-12-31,0
2018-01-31,61440,2017-03-31,3,,,,,,,,,,,,,,,,,,,,,,,,,,,,,,,,,,,15150070,false,false,9,2016-04-01,2016-12-31,-1
2018-03-12,61440,2018-03-31,,22800000000,0.096,,,,,2000000000,0.250,2050000000,0.242,,1310000000,,86.47,,,,,,,,,,,,,,,,,,,,,,true,true,12,2017-04-01,2018-03-31,0
2018-03-12,61440,2017-03-31,,24019000000,,,,,,1527000000,,1595000000,,,408000000,,26.96,,,,,,,,,,,,,,,,,,,,,,true,false,12,2016-04-01,2017-03-31,-1
2018-05-15,61440,2018-03-31,,22914000000,-0.046,,,,,2141000000,0.402,2202000000,0.381,,1508000000,,99.56,,0.074,0.063,0.093,,38990000000,21514000000,0.552,1420.12,21514000000,4121000000,-99000000,-237000000,11194000000,,0.301,,,,,,true,false,12,2017-04-01,2018-03-31,0
2018-05-15,61440,2017-03-31,,24019000000,0.298,,,,,1527000000,0.215,1595000000,0.191,,408000000,,26.96,,0.022,0.051,0.064,,31280000000,19072000000,0.610,1258.89,19072000000,592000000,-681000000,-255000000,7409000000,,0.519,,,,,,true,false,12,2016-04-01,2017-03-31,-1
2018-05-15,61440,2019-03-31,,9400000000,0.013,,,,,280000000,-0.517,300000000,-0.493,,200000000,,13.20,,,,,,,,,,,,,,,,,,,,,,true,true,6,2018-04-01,2018-09-30,1
2018-05-15,61440,2019-03-31,,26000000000,0.135,,,,,1980000000,-0.075,2030000000,-0.078,,1370000000,,90.43,,,,,,,,,,,,,,,,0.332,,,,,,true,true,12,2018-04-01,2019-03-31,1
2018-05-15,61440,2017-03-31,,,,,,,,,,,,,,,,,,,,,,,,,,,,,,14.00,,,,15160000,9998,15150054,false,false,12,2016-04-01,2017-03-31,-1
2018-05-15,61440,2018-03-31,,,,,,,,,,,,,,,,,,,,,,,,,,,,,,30.00,,,,15160000,10182,15149914,false,false,12,2017-04-01,2018-03-31,0
2018-05-15,61440,2019-03-31,,,,,,,,,,,,,,,,,,,,,,,,,,,,,,30.00,,,,,,,false,true,12,2018-04-01,2019-03-31,1
2018-07-31,61440,2019-03-31,1,4524000000,0.251,,,,,192000000,,230000000,,,122000000,,8.11,,,,,,39027000000,20834000000,0.534,,20834000000,,,,,,,,,,,,true,false,3,2018-04-01,2018-06-30,0
2018-07-31,61440,2018-03-31,1,3617000000,0.158,,,,,-49000000,,-23000000,,,-44000000,,-2.97,,,,,,,,,,,,,,,,,,,,,,true,false,3,2017-04-01,2017-06-30,-1
2018-07-31,61440,2019-03-31,1,9400000000,0.013,,,,,280000000,-0.517,300000000,-0.493,200000000,,-0.476,13.20,,,,,,,,,,,,,,,,,,,,,,true,true,6,2018-04-01,2018-09-30,0
2018-07-31,61440,2019-03-31,1,26000000000,0.135,,,,,1980000000,-0.075,2030000000,-0.078,1370000000,,-0.092,90.43,,,,,,,,,,,,,,,,,,,,,,true,true,12,2018-04-01,2019-03-31,0
2018-07-31,61440,2018-03-31,1,,,,,,,,,,,,,,,,,,,,38686000000,21514000000,0.556,,21514000000,,,,,,,,,,,,true,false,12,2017-04-01,2018-03-31,-1
2018-07-31,61440,2018-03-31,1,,,,,,,,,,,,,,,,,,,,,,,,,,,,,30.00,,,,15160000,10182,,false,false,12,2017-04-01,2018-03-31,-1
2018-07-31,61440,2019-03-31,1,,,,,,,,,,,,,,,,,,,,,,,,,,,,,30.00,,,,,,,false,true,12,2018-04-01,2019-03-31,0
2018-07-31,61440,2019-03-31,1,,,,,,,,,,,,,,,,,,,,,,,,,,,,,,,,,15160000,10182,15149818,false,false,3,2018-04-01,2018-06-30,0
2018-07-31,61440,2018-03-31,1,,,,,,,,,,,,,,,,,,,,,,,,,,,,,,,,,,,15150002,false,false,3,2017-04-01,2017-06-30,-1
2018-10-31,61440,2019-03-31,,10325000000,0.099,,,,,660000000,1.358,704000000,1.348,,459000000,,30.31,,,,,,,,,,,,,,,,,,,,,,true,true,6,2018-04-01,2018-09-30,0
2018-10-31,61440,2018-03-31,,9277000000,,,,,,579000000,,592000000,,,381000000,,25.17,,,,,,,,,,,,,,,,,,,,,,true,false,6,2017-04-01,2017-09-30,-1
2018-10-31,61440,2019-03-31,,29200000000,0.123,,,,,2840000000,0.434,2910000000,0.434,,1930000000,,127.39,,,,,,,,,,,,,,,,,,,,,,true,true,12,2018-04-01,2019-03-31,0
2018-10-31,61440,2018-03-31,,22914000000,,,,,,2141000000,,2202000000,,,1508000000,,99.56,,,,,,,,,,,,,,,,,,,,,,true,false,12,2017-04-01,2018-03-31,-1
2018-11-12,61440,2019-03-31,2,10325000000,0.113,,,,,660000000,0.139,704000000,0.189,,459000000,,30.31,,,,,,39363000000,21030000000,0.534,,21030000000,,,,,,,,,,,,true,false,6,2018-04-01,2018-09-30,0
2018-11-12,61440,2018-03-31,2,9277000000,-0.067,,,,,579000000,0.368,592000000,0.305,,381000000,,25.17,,,,,,,,,,,,,,,,,,,,,,true,false,6,2017-04-01,2017-09-30,-1
2018-11-12,61440,2019-03-31,2,29200000000,0.274,,,,,2840000000,0.326,2910000000,0.321,,1930000000,,127.39,,,,,,,,,,,,,,,,,,,,,,true,true,12,2018-04-01,2019-03-31,0
2018-11-12,61440,2018-03-31,2,,,,,,,,,,,,,,,,,,,,38686000000,21514000000,0.556,,21514000000,,,,,,,,,,,,true,false,12,2017-04-01,2018-03-31,-1
2018-11-12,61440,2018-03-31,2,,,,,,,,,,,,,,,,,,,,,,,,,,,,,30.00,,,,15160000,10182,,false,false,12,2017-04-01,2018-03-31,-1
2018-11-12,61440,2019-03-31,2,,,,,,,,,,,,,,,,,,,,,,,,,,,,,15.00,,,,,,,false,false,12,2018-04-01,2019-03-31,0
2018-11-12,61440,2019-03-31,2,,,,,,,,,,,,,,,,,,,,,,,,,,,,,30.00,,,,,,,false,true,12,2018-04-01,2019-03-31,0
2018-11-12,61440,2019-03-31,2,,,,,,,,,,,,,,,,,,,,,,,,,,,,,,,,,15160000,10208,15149807,false,false,6,2018-04-01,2018-09-30,0
2018-11-12,61440,2018-03-31,2,,,,,,,,,,,,,,,,,,,,,,,,,,,,,,,,,,,15149969,false,false,6,2017-04-01,2017-09-30,-1
2019-01-31,61440,2019-03-31,3,20449000000,0.322,,,,,2270000000,0.675,2352000000,0.678,,1601000000,,105.72,,,,,,37604000000,21329000000,0.567,,21329000000,,,,,,,,,,,,true,false,9,2018-04-01,2018-12-31,0
2019-01-31,61440,2018-03-31,3,15468000000,-0.139,,,,,1355000000,0.458,1402000000,0.429,,954000000,,63.00,,,,,,,,,,,,,,,,,,,,,,true,false,9,2017-04-01,2017-12-31,-1
2019-01-31,61440,2019-03-31,3,29200000000,0.274,,,,,2840000000,0.326,2910000000,0.321,,1930000000,,127.39,,,,,,,,,,,,,,,,,,,,,,true,true,12,2018-04-01,2019-03-31,0
2019-01-31,61440,2018-03-31,3,,,,,,,,,,,,,,,,,,,,38686000000,21514000000,0.556,,21514000000,,,,,,,,,,,,true,false,12,2017-04-01,2018-03-31,-1
2019-01-31,61440,2018-03-31,3,,,,,,,,,,,,,,,,,,,,,,,,,,,,,30.00,,,,15160000,10182,,false,false,12,2017-04-01,2018-03-31,-1
2019-01-31,61440,2019-03-31,3,,,,,,,,,,,,,,,,,,,,,,,,,,,,,15.00,,,,,,,false,false,12,2018-04-01,2019-03-31,0
2019-01-31,61440,2019-03-31,3,,,,,,,,,,,,,,,,,,,,,,,,,,,,,30.00,,,,,,,false,true,12,2018-04-01,2019-03-31,0
2019-01-31,61440,2019-03-31,3,,,,,,,,,,,,,,,,,,,,,,,,,,,,,,,,,15160000,10208,15149802,false,false,9,2018-04-01,2018-12-31,0
2019-01-31,61440,2018-03-31,3,,,,,,,,,,,,,,,,,,,,,,,,,,,,,,,,,,,15149943,false,false,9,2017-04-01,2017-12-31,-1
,61440,2019-03-31,,,,,,,,,,,,,,,,,,,,,,,,,,,,,,40.00,,,,,,,false,true,12,2018-04-01,2019-03-31,0
,61440,2019-03-31,,,,,,,,,,,,,,,,,,,,,,,,,,,,,,15.00,,,,,,,false,false,12,2018-04-01,2019-03-31,0
,61440,2018-03-31,,,,,,,,,,,,,,,,,,,,,,,,,,,,,,30.00,,,,,,,false,false,12,2017-04-01,2018-03-31,-1
2019-05-15,61440,2019-03-31,,29299000000,0.279,,,,,3198000000,0.494,3328000000,0.511,,2283000000,,150.71,,0.104,0.086,0.109,,39129000000,22334000000,0.571,1474.24,22334000000,850000000,-465000000,-1142000000,10437000000,,0.265,,,,,,true,false,12,2018-04-01,2019-03-31,0
2019-05-15,61440,2018-03-31,,22914000000,-0.046,,,,,2141000000,0.402,2202000000,0.381,,1508000000,,99.56,,0.074,0.063,0.093,,38686000000,21514000000,0.556,1420.12,21514000000,4121000000,-99000000,-237000000,11194000000,,0.301,,,,,,true,false,12,2017-04-01,2018-03-31,-1
2019-05-15,61440,2020-03-31,,9750000000,-0.056,,,,,360000000,-0.455,395000000,-0.439,,275000000,,18.15,,,,,,,,,,,,,,,,,,,,,,true,true,6,2019-04-01,2019-09-30,1
2019-05-15,61440,2020-03-31,,22200000000,-0.242,,,,,1480000000,-0.537,1560000000,-0.531,,1080000000,,71.29,,,,,,,,,,,,,,,,0.351,,,,,,true,true,12,2019-04-01,2020-03-31,1
2019-05-15,61440,2019-03-31,,28465000000,0.295,,,,,3137000000,0.536,3272000000,0.548,2250000000,,0.549,148.52,,,,,,37997000000,21574000000,0.568,1424.06,21574000000,,,,,40.00,,,,15160000,10208,15149800,false,false,12,2018-04-01,2019-03-31,0
2019-05-15,61440,2018-03-31,,21981000000,-0.052,,,,,2042000000,0.414,2113000000,0.389,1452000000,,3.020,95.89,,,,,,37402000000,20678000000,0.553,1364.90,20678000000,,,,,30.00,,,,15160000,10182,15149914,false,false,12,2017-04-01,2018-03-31,-1
2019-05-15,61440,2020-03-31,,,,,,,,,,,,,,,,,,,,,,,,,,,,,,25.00,,,,,,,false,true,12,2019-04-01,2020-03-31,1
2019-07-31,61440,2020-03-31,1,4476000000,-0.011,,,,,194000000,0.012,238000000,0.032,,14000000,,0.96,,,,,,35577000000,21990000000,0.618,,21990000000,,,,,,,,,,,,true,false,3,2019-04-01,2019-06-30,0
2019-07-31,61440,2019-03-31,1,4524000000,0.251,,,,,192000000,,230000000,,,122000000,,8.11,,,,,,,,,,,,,,,,,,,,,,true,false,3,2018-04-01,2018-06-30,-1
2019-07-31,61440,2020-03-31,1,9750000000,-0.056,,,,,360000000,-0.455,395000000,-0.439,,275000000,,18.15,,,,,,,,,,,,,,,,,,,,,,true,true,6,2019-04-01,2019-09-30,0
2019-07-31,61440,2020-03-31,1,22200000000,-0.242,,,,,1480000000,-0.537,1560000000,-0.531,,1080000000,,71.29,,,,,,,,,,,,,,,,,,,,,,true,true,12,2019-04-01,2020-03-31,0
2019-07-31,61440,2019-03-31,1,,,,,,,,,,,,,,,,,,,,39129000000,22334000000,0.571,,22334000000,,,,,,,,,,,,true,false,12,2018-04-01,2019-03-31,-1
2019-07-31,61440,2019-03-31,1,,,,,,,,,,,,,,,,,,,,,,,,,,,,,40.00,,,,15160000,10208,,false,false,12,2018-04-01,2019-03-31,-1
2019-07-31,61440,2020-03-31,1,,,,,,,,,,,,,,,,,,,,,,,,,,,,,25.00,,,,,,,false,true,12,2019-04-01,2020-03-31,0
2019-07-31,61440,2020-03-31,1,,,,,,,,,,,,,,,,,,,,,,,,,,,,,,,,,15160000,10208,15149792,false,false,3,2019-04-01,2019-06-30,0
2019-07-31,61440,2019-03-31,1,,,,,,,,,,,,,,,,,,,,,,,,,,,,,,,,,,,15149818,false,false,3,2018-04-01,2018-06-30,-1
2019-10-31,61440,2020-03-31,,10604000000,0.088,,,,,756000000,1.100,814000000,1.061,,404000000,,26.70,,,,,,,,,,,,,,,,,,,,,,true,true,6,2019-04-01,2019-09-30,0
2019-10-31,61440,2019-03-31,,10325000000,,,,,,660000000,,704000000,,,459000000,,30.31,,,,,,,,,,,,,,,,,,,,,,true,false,6,2018-04-01,2018-09-30,-1
2019-10-31,61440,2020-03-31,,24000000000,0.081,,,,,2290000000,0.547,2410000000,0.545,,1500000000,,99.01,,,,,,,,,,,,,,,,,,,,,,true,true,12,2019-04-01,2020-03-31,0
2019-10-31,61440,2019-03-31,,29299000000,,,,,,3198000000,,3328000000,,,2283000000,,150.71,,,,,,,,,,,,,,,,,,,,,,true,false,12,2018-04-01,2019-03-31,-1
2019-11-14,61440,2020-03-31,2,10604000000,0.027,,,,,756000000,0.146,814000000,0.157,,404000000,,26.70,,,,,,33956000000,22466000000,0.662,,22466000000,,,,,,,,,,,,true,false,6,2019-04-01,2019-09-30,0
2019-11-14,61440,2019-03-31,2,10325000000,0.113,,,,,660000000,0.139,704000000,0.189,,459000000,,30.31,,,,,,,,,,,,,,,,,,,,,,true,false,6,2018-04-01,2018-09-30,-1
2019-11-14,61440,2020-03-31,2,24000000000,-0.181,,,,,2290000000,-0.284,2410000000,-0.276,,1500000000,,99.01,,,,,,,,,,,,,,,,,,,,,,true,true,12,2019-04-01,2020-03-31,0
2019-11-14,61440,2019-03-31,2,,,,,,,,,,,,,,,,,,,,39129000000,22334000000,0.571,,22334000000,,,,,,,,,,,,true,false,12,2018-04-01,2019-03-31,-1
2019-11-14,61440,2019-03-31,2,,,,,,,,,,,,,,,,,,,,,,,,,,,,,40.00,,,,15160000,10208,,false,false,12,2018-04-01,2019-03-31,-1
2019-11-14,61440,2020-03-31,2,,,,,,,,,,,,,,,,,,,,,,,,,,,,,12.50,,,,,,,false,false,12,2019-04-01,2020-03-31,0
2019-11-14,61440,2020-03-31,2,,,,,,,,,,,,,,,,,,,,,,,,,,,,,25.00,,,,,,,false,true,12,2019-04-01,2020-03-31,0
2019-11-14,61440,2020-03-31,2,,,,,,,,,,,,,,,,,,,,,,,,,,,,,,,,,15160000,10300,15149766,false,false,6,2019-04-01,2019-09-30,0
2019-11-14,61440,2019-03-31,2,,,,,,,,,,,,,,,,,,,,,,,,,,,,,,,,,,,15149807,false,false,6,2018-04-01,2018-09-30,-1
2020-01-31,61440,2020-03-31,3,16565000000,-0.190,,,,,1332000000,-0.413,1431000000,-0.391,,954000000,,62.98,,,,,,36097000000,22819000000,0.632,,22819000000,,,,,,,,,,,,true,false,9,2019-04-01,2019-12-31,0
2020-01-31,61440,2019-03-31,3,20449000000,0.322,,,,,2270000000,0.675,2352000000,0.678,,1601000000,,105.72,,,,,,,,,,,,,,,,,,,,,,true,false,9,2018-04-01,2018-12-31,-1
2020-01-31,61440,2020-03-31,3,24000000000,-0.181,,,,,2290000000,-0.284,2410000000,-0.276,,1500000000,,99.01,,,,,,,,,,,,,,,,,,,,,,true,true,12,2019-04-01,2020-03-31,0
2020-01-31,61440,2019-03-31,3,,,,,,,,,,,,,,,,,,,,39129000000,22334000000,0.571,,22334000000,,,,,,,,,,,,true,false,12,2018-04-01,2019-03-31,-1
2020-01-31,61440,2019-03-31,3,,,,,,,,,,,,,,,,,,,,,,,,,,,,,40.00,,,,15160000,10208,,false,false,12,2018-04-01,2019-03-31,-1
2020-01-31,61440,2020-03-31,3,,,,,,,,,,,,,,,,,,,,,,,,,,,,,12.50,,,,,,,false,false,12,2019-04-01,2020-03-31,0
2020-01-31,61440,2020-03-31,3,,,,,,,,,,,,,,,,,,,,,,,,,,,,,25.00,,,,,,,false,true,12,2019-04-01,2020-03-31,0
2020-01-31,61440,2020-03-31,3,,,,,,,,,,,,,,,,,,,,,,,,,,,,,,,,,15160000,10300,15149746,false,false,9,2019-04-01,2019-12-31,0
2020-01-31,61440,2019-03-31,3,,,,,,,,,,,,,,,,,,,,,,,,,,,,,,,,,,,15149802,false,false,9,2018-04-01,2018-12-31,-1
2020-05-15,61440,2020-03-31,,23744000000,-0.190,,,,,2077000000,-0.351,2206000000,-0.337,,1382000000,,91.23,,0.062,0.059,0.087,,35319000000,22504000000,0.637,1485.48,22504000000,-1490000000,-847000000,-588000000,7511000000,,0.307,,,,,,true,false,12,2019-04-01,2020-03-31,0
2020-05-15,61440,2019-03-31,,29299000000,0.279,,,,,3198000000,0.494,3328000000,0.511,,2283000000,,150.71,,0.104,0.086,0.109,,39129000000,22334000000,0.571,1474.24,22334000000,850000000,-465000000,-1142000000,10437000000,,0.265,,,,,,true,false,12,2018-04-01,2019-03-31,-1
2020-05-15,61440,2021-03-31,,10630000000,0.002,,,,,602000000,-0.204,640000000,-0.214,,440000000,,29.04,,,,,,,,,,,,,,,,,,,,,,true,true,6,2020-04-01,2020-09-30,1
2020-05-15,61440,2021-03-31,,23260000000,-0.020,,,,,1940000000,-0.066,2020000000,-0.085,,1350000000,,89.11,,,,,,,,,,,,,,,,0.314,,,,,,true,true,12,2020-04-01,2021-03-31,1
2020-05-15,61440,2020-03-31,,22768000000,-0.200,,,,,1978000000,-0.369,2118000000,-0.353,1329000000,,-0.409,87.76,,,,,,34237000000,21803000000,0.637,1439.21,21803000000,,,,,28.00,,,,15160000,10300,15149735,false,false,12,2019-04-01,2020-03-31,0
2020-05-15,61440,2019-03-31,,28465000000,0.295,,,,,3137000000,0.536,3272000000,0.548,2250000000,,0.549,148.52,,,,,,37997000000,21574000000,0.568,1424.06,21574000000,,,,,40.00,,,,15160000,10208,15149800,false,false,12,2018-04-01,2019-03-31,-1
2020-05-15,61440,2021-03-31,,,,,,,,,,,,,,,,,,,,,,,,,,,,,,28.00,,,,,,,false,true,12,2020-04-01,2021-03-31,1
,61440,2020-03-31,,,,,,,,,,,,,,,,,,,,,,,,,,,,,,28.00,,,,,,,false,true,12,2019-04-01,2020-03-31,0
,61440,2020-03-31,,,,,,,,,,,,,,,,,,,,,,,,,,,,,,12.50,,,,,,,false,false,12,2019-04-01,2020-03-31,0
,61440,2019-03-31,,,,,,,,,,,,,,,,,,,,,,,,,,,,,,40.00,,,,,,,false,false,12,2018-04-01,2019-03-31,-1
2020-07-31,61440,2021-03-31,1,5201000000,0.162,,,,,224000000,0.152,271000000,0.141,,190000000,,12.59,,,,,,34764000000,22910000000,0.659,,22910000000,,,,,,,,,,,,true,false,3,2020-04-01,2020-06-30,0
2020-07-31,61440,2020-03-31,1,4476000000,-0.011,,,,,194000000,0.012,238000000,0.032,,14000000,,0.96,,,,,,,,,,,,,,,,,,,,,,true,false,3,2019-04-01,2019-06-30,-1
2020-07-31,61440,2021-03-31,1,10630000000,0.002,,,,,602000000,-0.204,640000000,-0.214,,440000000,,29.04,,,,,,,,,,,,,,,,,,,,,,true,true,6,2020-04-01,2020-09-30,0
2020-07-31,61440,2021-03-31,1,23260000000,-0.020,,,,,1940000000,-0.066,2020000000,-0.085,,1350000000,,89.11,,,,,,,,,,,,,,,,,,,,,,true,true,12,2020-04-01,2021-03-31,0
2020-07-31,61440,2020-03-31,1,,,,,,,,,,,,,,,,,,,,35319000000,22504000000,0.637,,22504000000,,,,,,,,,,,,true,false,12,2019-04-01,2020-03-31,-1
2020-07-31,61440,2020-03-31,1,,,,,,,,,,,,,,,,,,,,,,,,,,,,,28.00,,,,15160000,10300,,false,false,12,2019-04-01,2020-03-31,-1
2020-07-31,61440,2021-03-31,1,,,,,,,,,,,,,,,,,,,,,,,,,,,,,28.00,,,,,,,false,true,12,2020-04-01,2021-03-31,0
2020-07-31,61440,2021-03-31,1,,,,,,,,,,,,,,,,,,,,,,,,,,,,,,,,,15160000,10300,15149700,false,false,3,2020-04-01,2020-06-30,0
2020-07-31,61440,2020-03-31,1,,,,,,,,,,,,,,,,,,,,,,,,,,,,,,,,,,,15149792,false,false,3,2019-04-01,2019-06-30,-1
2020-11-13,61440,2021-03-31,2,10396000000,-0.020,,,,,594000000,-0.214,637000000,-0.218,,440000000,,29.05,,,,,,34872000000,23632000000,0.678,,23632000000,,,,,,,,,,,,true,false,6,2020-04-01,2020-09-30,0
2020-11-13,61440,2020-03-31,2,10604000000,0.027,,,,,756000000,0.146,814000000,0.157,,404000000,,26.70,,,,,,,,,,,,,,,,,,,,,,true,false,6,2019-04-01,2019-09-30,-1
2020-11-13,61440,2021-03-31,2,23260000000,-0.020,,,,,1940000000,-0.066,2020000000,-0.085,,1350000000,,89.11,,,,,,,,,,,,,,,,,,,,,,true,true,12,2020-04-01,2021-03-31,0
2020-11-13,61440,2020-03-31,2,,,,,,,,,,,,,,,,,,,,35319000000,22504000000,0.637,,22504000000,,,,,,,,,,,,true,false,12,2019-04-01,2020-03-31,-1
2020-11-13,61440,2020-03-31,2,,,,,,,,,,,,,,,,,,,,,,,,,,,,,28.00,,,,15160000,10300,,false,false,12,2019-04-01,2020-03-31,-1
2020-11-13,61440,2021-03-31,2,,,,,,,,,,,,,,,,,,,,,,,,,,,,,14.00,,,,,,,false,false,12,2020-04-01,2021-03-31,0
2020-11-13,61440,2021-03-31,2,,,,,,,,,,,,,,,,,,,,,,,,,,,,,28.00,,,,,,,false,true,12,2020-04-01,2021-03-31,0
2020-11-13,61440,2021-03-31,2,,,,,,,,,,,,,,,,,,,,,,,,,,,,,,,,,15160000,36100,15144529,false,false,6,2020-04-01,2020-09-30,0
2020-11-13,61440,2020-03-31,2,,,,,,,,,,,,,,,,,,,,,,,,,,,,,,,,,,,15149766,false,false,6,2019-04-01,2019-09-30,-1
2021-01-29,61440,2021-03-31,3,16493000000,-0.004,,,,,1330000000,-0.001,1415000000,-0.012,,984000000,,65.04,,,,,,37187000000,24082000000,0.648,,24082000000,,,,,,,,,,,,true,false,9,2020-04-01,2020-12-31,0
2021-01-29,61440,2020-03-31,3,16565000000,-0.190,,,,,1332000000,-0.413,1431000000,-0.391,,954000000,,62.98,,,,,,,,,,,,,,,,,,,,,,true,false,9,2019-04-01,2019-12-31,-1
2021-01-29,61440,2021-03-31,3,23260000000,-0.020,,,,,1940000000,-0.066,2020000000,-0.085,,1350000000,,89.11,,,,,,,,,,,,,,,,,,,,,,true,true,12,2020-04-01,2021-03-31,0
2021-01-29,61440,2020-03-31,3,,,,,,,,,,,,,,,,,,,,35319000000,22504000000,0.637,,22504000000,,,,,,,,,,,,true,false,12,2019-04-01,2020-03-31,-1
2021-01-29,61440,2020-03-31,3,,,,,,,,,,,,,,,,,,,,,,,,,,,,,28.00,,,,15160000,10300,,false,false,12,2019-04-01,2020-03-31,-1
2021-01-29,61440,2021-03-31,3,,,,,,,,,,,,,,,,,,,,,,,,,,,,,14.00,,,,,,,false,false,12,2020-04-01,2021-03-31,0
2021-01-29,61440,2021-03-31,3,,,,,,,,,,,,,,,,,,,,,,,,,,,,,28.00,,,,,,,false,true,12,2020-04-01,2021-03-31,0
2021-01-29,61440,2021-03-31,3,,,,,,,,,,,,,,,,,,,,,,,,,,,,,,,,,15160000,64124,15131455,false,false,9,2020-04-01,2020-12-31,0
2021-01-29,61440,2020-03-31,3,,,,,,,,,,,,,,,,,,,,,,,,,,,,,,,,,,,15149746,false,false,9,2019-04-01,2019-12-31,-1
2021-05-14,61440,2021-03-31,,24648000000,0.038,,,,,2289000000,0.102,2397000000,0.087,,1632000000,,107.98,,0.068,0.064,0.093,,39889000000,25519000000,0.640,1690.50,25519000000,4295000000,-445000000,-536000000,10824000000,,0.311,,,,,,true,false,12,2020-04-01,2021-03-31,0
2021-05-14,61440,2020-03-31,,23744000000,-0.190,,,,,2077000000,-0.351,2206000000,-0.337,,1382000000,,91.23,,0.062,0.059,0.087,,35319000000,22504000000,0.637,1485.48,22504000000,-1490000000,-847000000,-588000000,7511000000,,0.307,,,,,,true,false,12,2019-04-01,2020-03-31,-1
2021-05-14,61440,2022-03-31,,10510000000,0.011,,,,,545000000,-0.083,580000000,-0.090,,390000000,,25.79,,,,,,,,,,,,,,,,,,,,,,true,true,6,2021-04-01,2021-09-30,1
2021-05-14,61440,2022-03-31,,24360000000,-0.012,,,,,2160000000,-0.056,2230000000,-0.070,,1510000000,,99.85,,,,,,,,,,,,,,,,0.301,,,,,,true,true,12,2021-04-01,2022-03-31,1
2021-05-14,61440,2021-03-31,,23932000000,0.051,,,,,2242000000,0.133,2358000000,0.113,1632000000,,0.228,107.93,,,,,,38577000000,24589000000,0.637,1628.90,24589000000,,,,,33.50,,,,15160000,64124,15123245,false,false,12,2020-04-01,2021-03-31,0
2021-05-14,61440,2020-03-31,,22768000000,-0.200,,,,,1978000000,-0.369,2118000000,-0.353,1329000000,,-0.409,87.76,,,,,,34237000000,21803000000,0.637,1439.21,21803000000,,,,,28.00,,,,15160000,10300,15149735,false,false,12,2019-04-01,2020-03-31,-1
2021-05-14,61440,2022-03-31,,,,,,,,,,,,,,,,,,,,,,,,,,,,,,30.00,,,,,,,false,true,12,2021-04-01,2022-03-31,1
,61440,2021-03-31,,,,,,,,,,,,,,,,,,,,,,,,,,,,,,33.50,,,,,,,false,true,12,2020-04-01,2021-03-31,0
,61440,2021-03-31,,,,,,,,,,,,,,,,,,,,,,,,,,,,,,14.00,,,,,,,false,false,12,2020-04-01,2021-03-31,0
,61440,2020-03-31,,,,,,,,,,,,,,,,,,,,,,,,,,,,,,28.00,,,,,,,false,false,12,2019-04-01,2020-03-31,-1
2021-07-30,61440,2022-03-31,1,5519000000,0.061,,,,,375000000,0.673,405000000,0.493,,276000000,,18.34,,,,,,39499000000,25933000000,0.657,,25933000000,,,,,,,,,,,,true,false,3,2021-04-01,2021-06-30,0
2021-07-30,61440,2021-03-31,1,5201000000,0.162,,,,,224000000,0.152,271000000,0.141,,190000000,,12.59,,,,,,,,,,,,,,,,,,,,,,true,false,3,2020-04-01,2020-06-30,-1
2021-07-30,61440,2022-03-31,1,10510000000,0.011,,,,,545000000,-0.083,580000000,-0.090,,390000000,,25.79,,,,,,,,,,,,,,,,,,,,,,true,true,6,2021-04-01,2021-09-30,0
2021-07-30,61440,2022-03-31,1,24360000000,-0.012,,,,,2160000000,-0.056,2230000000,-0.070,,1510000000,,99.85,,,,,,,,,,,,,,,,,,,,,,true,true,12,2021-04-01,2022-03-31,0
2021-07-30,61440,2021-03-31,1,,,,,,,,,,,,,,,,,,,,39889000000,25519000000,0.640,,25519000000,,,,,,,,,,,,true,false,12,2020-04-01,2021-03-31,-1
2021-07-30,61440,2021-03-31,1,,,,,,,,,,,,,,,,,,,,,,,,,,,,,33.50,,,,15160000,64124,,false,false,12,2020-04-01,2021-03-31,-1
2021-07-30,61440,2022-03-31,1,,,,,,,,,,,,,,,,,,,,,,,,,,,,,30.00,,,,,,,false,true,12,2021-04-01,2022-03-31,0
2021-07-30,61440,2022-03-31,1,,,,,,,,,,,,,,,,,,,,,,,,,,,,,,,,,15160000,64124,15095876,false,false,3,2021-04-01,2021-06-30,0
2021-07-30,61440,2021-03-31,1,,,,,,,,,,,,,,,,,,,,,,,,,,,,,,,,,,,15149700,false,false,3,2020-04-01,2020-06-30,-1
2021-10-29,61440,2022-03-31,,11281000000,0.073,,,,,939000000,0.723,980000000,0.690,,666000000,,44.12,,,,,,,,,,,,,,,,,,,,,,true,true,6,2021-04-01,2021-09-30,0
2021-10-29,61440,2021-03-31,,10396000000,,,,,,594000000,,637000000,,,440000000,,29.05,,,,,,,,,,,,,,,,,,,,,,true,false,6,2020-04-01,2020-09-30,-1
2021-10-29,61440,2022-03-31,,26100000000,0.071,,,,,2780000000,0.287,2850000000,0.278,,1930000000,,127.85,,,,,,,,,,,,,,,,,,,,,,true,true,12,2021-04-01,2022-03-31,0
2021-10-29,61440,2021-03-31,,24648000000,,,,,,2289000000,,2397000000,,,1632000000,,107.98,,,,,,,,,,,,,,,,,,,,,,true,false,12,2020-04-01,2021-03-31,-1
2021-11-12,61440,2022-03-31,2,11281000000,0.085,,,,,938000000,0.580,980000000,0.539,,665000000,,44.09,,,,,,38817000000,25859000000,0.666,,25859000000,,,,,,,,,,,,true,false,6,2021-04-01,2021-09-30,0
2021-11-12,61440,2021-03-31,2,10396000000,-0.020,,,,,594000000,-0.214,637000000,-0.218,,440000000,,29.05,,,,,,,,,,,,,,,,,,,,,,true,false,6,2020-04-01,2020-09-30,-1
2021-11-12,61440,2022-03-31,2,26100000000,0.059,,,,,2780000000,0.214,2850000000,0.189,,1930000000,,127.85,,,,,,,,,,,,,,,,,,,,,,true,true,12,2021-04-01,2022-03-31,0
2021-11-12,61440,2021-03-31,2,,,,,,,,,,,,,,,,,,,,39889000000,25519000000,0.640,,25519000000,,,,,,,,,,,,true,false,12,2020-04-01,2021-03-31,-1
2021-11-12,61440,2021-03-31,2,,,,,,,,,,,,,,,,,,,,,,,,,,,,,33.50,,,,15160000,64124,,false,false,12,2020-04-01,2021-03-31,-1
2021-11-12,61440,2022-03-31,2,,,,,,,,,,,,,,,,,,,,,,,,,,,,,15.00,,,,,,,false,false,12,2021-04-01,2022-03-31,0
2021-11-12,61440,2022-03-31,2,,,,,,,,,,,,,,,,,,,,,,,,,,,,,30.00,,,,,,,false,true,12,2021-04-01,2022-03-31,0
2021-11-12,61440,2022-03-31,2,,,,,,,,,,,,,,,,,,,,,,,,,,,,,,,,,15160000,63424,15096176,false,false,6,2021-04-01,2021-09-30,0
2021-11-12,61440,2021-03-31,2,,,,,,,,,,,,,,,,,,,,,,,,,,,,,,,,,,,15144529,false,false,6,2020-04-01,2020-09-30,-1
2022-01-31,61440,2022-03-31,3,17796000000,0.079,,,,,1738000000,0.307,1820000000,0.286,,1262000000,,83.65,,,,,,41613000000,26472000000,0.636,,26472000000,,,,,,,,,,,,true,false,9,2021-04-01,2021-12-31,0
2022-01-31,61440,2021-03-31,3,16493000000,-0.004,,,,,1330000000,-0.001,1415000000,-0.012,,984000000,,65.04,,,,,,,,,,,,,,,,,,,,,,true,false,9,2020-04-01,2020-12-31,-1
2022-01-31,61440,2022-03-31,3,26100000000,0.059,,,,,2780000000,0.214,2850000000,0.189,,1930000000,,127.85,,,,,,,,,,,,,,,,,,,,,,true,true,12,2021-04-01,2022-03-31,0
2022-01-31,61440,2021-03-31,3,,,,,,,,,,,,,,,,,,,,39889000000,25519000000,0.640,,25519000000,,,,,,,,,,,,true,false,12,2020-04-01,2021-03-31,-1
2022-01-31,61440,2021-03-31,3,,,,,,,,,,,,,,,,,,,,,,,,,,,,,33.50,,,,15160000,64124,,false,false,12,2020-04-01,2021-03-31,-1
2022-01-31,61440,2022-03-31,3,,,,,,,,,,,,,,,,,,,,,,,,,,,,,15.00,,,,,,,false,false,12,2021-04-01,2022-03-31,0
2022-01-31,61440,2022-03-31,3,,,,,,,,,,,,,,,,,,,,,,,,,,,,,30.00,,,,,,,false,true,12,2021-04-01,2022-03-31,0
2022-01-31,61440,2022-03-31,3,,,,,,,,,,,,,,,,,,,,,,,,,,,,,,,,,15160000,63464,15096292,false,false,9,2021-04-01,2021-12-31,0
2022-01-31,61440,2021-03-31,3,,,,,,,,,,,,,,,,,,,,,,,,,,,,,,,,,,,15131455,false,false,9,2020-04-01,2020-12-31,-1
,61440,2022-03-31,,,,,,,,,,,,,,,,,,,,,,,,,,,,,,40.00,,,,,,,false,true,12,2021-04-01,2022-03-31,0
,61440,2022-03-31,,,,,,,,,,,,,,,,,,,,,,,,,,,,,,15.00,,,,,,,false,false,12,2021-04-01,2022-03-31,0
,61440,2021-03-31,,,,,,,,,,,,,,,,,,,,,,,,,,,,,,33.50,,,,,,,false,false,12,2020-04-01,2021-03-31,-1
2022-05-13,61440,2022-03-31,,26323000000,0.068,,,,,2724000000,0.190,2827000000,0.179,,1942000000,,128.69,,0.074,0.068,0.103,,43252000000,27319000000,0.632,1809.62,27319000000,3628000000,-240000000,-558000000,13654000000,,0.311,,,,,,true,false,12,2021-04-01,2022-03-31,0
2022-05-13,61440,2021-03-31,,24648000000,0.038,,,,,2289000000,0.102,2397000000,0.087,,1632000000,,107.98,,0.068,0.064,0.093,,39889000000,25519000000,0.640,1690.50,25519000000,4295000000,-445000000,-536000000,10824000000,,0.311,,,,,,true,false,12,2020-04-01,2021-03-31,-1
2022-05-13,61440,2023-03-31,,11900000000,0.055,,,,,750000000,-0.201,780000000,-0.204,,520000000,,34.45,,,,,,,,,,,,,,,,,,,,,,true,true,6,2022-04-01,2022-09-30,1
2022-05-13,61440,2023-03-31,,28340000000,0.077,,,,,2800000000,0.028,2870000000,0.015,,1945000000,,128.84,,,,,,,,,,,,,,,,0.312,,,,,,true,true,12,2022-04-01,2023-03-31,1
2022-05-13,61440,2022-03-31,,25673000000,0.073,,,,,2667000000,0.190,2781000000,0.179,1928000000,,0.181,127.72,,,,,,41956000000,26351000000,0.628,1745.52,26351000000,,,,,40.00,,,,15160000,63464,15096348,false,false,12,2021-04-01,2022-03-31,0
2022-05-13,61440,2021-03-31,,23932000000,0.051,,,,,2242000000,0.133,2358000000,0.113,1632000000,,0.228,107.93,,,,,,38577000000,24589000000,0.637,1628.90,24589000000,,,,,33.50,,,,15160000,64124,15123245,false,false,12,2020-04-01,2021-03-31,-1
2022-05-13,61440,2023-03-31,,,,,,,,,,,,,,,,,,,,,,,,,,,,,,40.00,,,,,,,false,true,12,2022-04-01,2023-03-31,1
2022-07-29,61440,2023-03-31,1,4946000000,-0.104,,,,,51000000,-0.864,93000000,-0.769,,77000000,,5.14,,,,,,41734000000,26529000000,0.636,,26529000000,,,,,,,,,,,,true,false,3,2022-04-01,2022-06-30,0
2022-07-29,61440,2022-03-31,1,5519000000,0.061,,,,,375000000,0.673,405000000,0.493,,276000000,,18.34,,,,,,,,,,,,,,,,,,,,,,true,false,3,2021-04-01,2021-06-30,-1
2022-07-29,61440,2023-03-31,1,11900000000,0.055,,,,,750000000,-0.201,780000000,-0.204,,520000000,,34.45,,,,,,,,,,,,,,,,,,,,,,true,true,6,2022-04-01,2022-09-30,0
2022-07-29,61440,2023-03-31,1,28340000000,0.077,,,,,2800000000,0.028,2870000000,0.015,,1945000000,,128.84,,,,,,,,,,,,,,,,,,,,,,true,true,12,2022-04-01,2023-03-31,0
2022-07-29,61440,2022-03-31,1,,,,,,,,,,,,,,,,,,,,43252000000,27319000000,0.632,,27319000000,,,,,,,,,,,,true,false,12,2021-04-01,2022-03-31,-1
2022-07-29,61440,2022-03-31,1,,,,,,,,,,,,,,,,,,,,,,,,,,,,,40.00,,,,15160000,63464,,false,false,12,2021-04-01,2022-03-31,-1
2022-07-29,61440,2023-03-31,1,,,,,,,,,,,,,,,,,,,,,,,,,,,,,40.00,,,,,,,false,true,12,2022-04-01,2023-03-31,0
2022-07-29,61440,2023-03-31,1,,,,,,,,,,,,,,,,,,,,,,,,,,,,,,,,,15160000,63464,15096536,false,false,3,2022-04-01,2022-06-30,0
2022-07-29,61440,2022-03-31,1,,,,,,,,,,,,,,,,,,,,,,,,,,,,,,,,,,,15095876,false,false,3,2021-04-01,2021-06-30,-1
2022-11-14,61440,2023-03-31,2,11565000000,0.025,,,,,556000000,-0.408,607000000,-0.380,,420000000,,27.86,,,,,,41454000000,26541000000,0.640,,26541000000,,,,,,,,,,,,true,false,6,2022-04-01,2022-09-30,0
2022-11-14,61440,2022-03-31,2,11281000000,0.085,,,,,938000000,0.580,980000000,0.539,,665000000,,44.09,,,,,,,,,,,,,,,,,,,,,,true,false,6,2021-04-01,2021-09-30,-1
2022-11-14,61440,2023-03-31,2,28340000000,0.077,,,,,2800000000,0.028,2870000000,0.015,,1945000000,,128.84,,,,,,,,,,,,,,,,,,,,,,true,true,12,2022-04-01,2023-03-31,0
2022-11-14,61440,2022-03-31,2,,,,,,,,,,,,,,,,,,,,43252000000,27319000000,0.632,,27319000000,,,,,,,,,,,,true,false,12,2021-04-01,2022-03-31,-1
2022-11-14,61440,2022-03-31,2,,,,,,,,,,,,,,,,,,,,,,,,,,,,,40.00,,,,15160000,63464,,false,false,12,2021-04-01,2022-03-31,-1
2022-11-14,61440,2023-03-31,2,,,,,,,,,,,,,,,,,,,,,,,,,,,,,20.00,,,,,,,false,false,12,2022-04-01,2023-03-31,0
2022-11-14,61440,2023-03-31,2,,,,,,,,,,,,,,,,,,,,,,,,,,,,,40.00,,,,,,,false,true,12,2022-04-01,2023-03-31,0
2022-11-14,61440,2023-03-31,2,,,,,,,,,,,,,,,,,,,,,,,,,,,,,,,,,15160000,63464,15096536,false,false,6,2022-04-01,2022-09-30,0
2022-11-14,61440,2022-03-31,2,,,,,,,,,,,,,,,,,,,,,,,,,,,,,,,,,,,15096176,false,false,6,2021-04-01,2021-09-30,-1
2023-01-31,61440,2023-03-31,3,19452000000,0.093,,,,,1303000000,-0.251,1407000000,-0.227,,950000000,,62.94,,,,,,46623000000,27117000000,0.582,,27117000000,,,,,,,,,,,,true,false,9,2022-04-01,2022-12-31,0
2023-01-31,61440,2022-03-31,3,17796000000,0.079,,,,,1738000000,0.307,1820000000,0.286,,1262000000,,83.65,,,,,,,,,,,,,,,,,,,,,,true,false,9,2021-04-01,2021-12-31,-1
2023-01-31,61440,2023-03-31,3,28340000000,0.077,,,,,2800000000,0.028,2870000000,0.015,,1945000000,,128.84,,,,,,,,,,,,,,,,,,,,,,true,true,12,2022-04-01,2023-03-31,0
2023-01-31,61440,2022-03-31,3,,,,,,,,,,,,,,,,,,,,43252000000,27319000000,0.632,,27319000000,,,,,,,,,,,,true,false,12,2021-04-01,2022-03-31,-1
2023-01-31,61440,2022-03-31,3,,,,,,,,,,,,,,,,,,,,,,,,,,,,,40.00,,,,15160000,63464,,false,false,12,2021-04-01,2022-03-31,-1
2023-01-31,61440,2023-03-31,3,,,,,,,,,,,,,,,,,,,,,,,,,,,,,20.00,,,,,,,false,false,12,2022-04-01,2023-03-31,0
2023-01-31,61440,2023-03-31,3,,,,,,,,,,,,,,,,,,,,,,,,,,,,,40.00,,,,,,,false,true,12,2022-04-01,2023-03-31,0
2023-01-31,61440,2023-03-31,3,,,,,,,,,,,,,,,,,,,,,,,,,,,,,,,,,15160000,63464,15096536,false,false,9,2022-04-01,2022-12-31,0
2023-01-31,61440,2022-03-31,3,,,,,,,,,,,,,,,,,,,,,,,,,,,,,,,,,,,15096292,false,false,9,2021-04-01,2021-12-31,-1
2023-05-15,61440,2023-03-31,,28478000000,0.082,,,,,2411000000,-0.115,2530000000,-0.105,,1806000000,,119.65,,0.065,0.057,0.085,,45116000000,28411000000,0.630,1882.01,28411000000,1334000000,-3280000000,-717000000,10991000000,,0.334,,,,,,true,false,12,2022-04-01,2023-03-31,0
2023-05-15,61440,2022-03-31,,26323000000,0.068,,,,,2724000000,0.190,2827000000,0.179,,1942000000,,128.69,,0.074,0.068,0.103,,43252000000,27319000000,0.632,1809.62,27319000000,3628000000,-240000000,-558000000,13654000000,,0.311,,,,,,true,false,12,2021-04-01,2022-03-31,-1
2023-05-15,61440,2024-03-31,,14320000000,0.238,,,,,900000000,0.618,910000000,0.497,,570000000,,37.76,,,,,,,,,,,,,,,,,,,,,,true,true,6,2023-04-01,2023-09-30,1
2023-05-15,61440,2024-03-31,,32000000000,0.124,,,,,2840000000,0.178,2900000000,0.146,,1900000000,,125.86,,,,,,,,,,,,,,,,0.318,,,,,,true,true,12,2023-04-01,2024-03-31,1
2023-05-15,61440,2023-03-31,,27581000000,0.074,,,,,2300000000,-0.138,2428000000,-0.127,1741000000,,-0.097,115.38,,,,,,43808000000,27463000000,0.627,1819.20,27463000000,,,,,40.00,,,,15160000,63464,15096536,false,false,12,2022-04-01,2023-03-31,0
2023-05-15,61440,2022-03-31,,25673000000,0.073,,,,,2667000000,0.190,2781000000,0.179,1928000000,,0.181,127.72,,,,,,41956000000,26351000000,0.628,1745.52,26351000000,,,,,40.00,,,,15160000,63464,15096348,false,false,12,2021-04-01,2022-03-31,-1
2023-05-15,61440,2024-03-31,,,,,,,,,,,,,,,,,,,,,,,,,,,,,,40.00,,,,,,,false,true,12,2023-04-01,2024-03-31,1
2023-07-31,61440,2024-03-31,1,6205000000,0.254,,,,,342000000,5.697,390000000,3.175,,257000000,,17.09,,,,,,44432000000,28752000000,0.647,,28752000000,,,,,,,,,,,,true,false,3,2023-04-01,2023-06-30,0
2023-07-31,61440,2023-03-31,1,4946000000,-0.104,,,,,51000000,-0.864,93000000,-0.769,,77000000,,5.14,,,,,,,,,,,,,,,,,,,,,,true,false,3,2022-04-01,2022-06-30,-1
2023-07-31,61440,2024-03-31,1,14320000000,0.238,,,,,900000000,0.618,910000000,0.497,,570000000,,37.76,,,,,,,,,,,,,,,,,,,,,,true,true,6,2023-04-01,2023-09-30,0
2023-07-31,61440,2024-03-31,1,32000000000,0.124,,,,,2840000000,0.178,2900000000,0.146,,1900000000,,125.86,,,,,,,,,,,,,,,,,,,,,,true,true,12,2023-04-01,2024-03-31,0
2023-07-31,61440,2023-03-31,1,,,,,,,,,,,,,,,,,,,,45116000000,28411000000,0.630,,28411000000,,,,,,,,,,,,true,false,12,2022-04-01,2023-03-31,-1
2023-07-31,61440,2023-03-31,1,,,,,,,,,,,,,,,,,,,,,,,,,,,,,40.00,,,,15160000,63464,,false,false,12,2022-04-01,2023-03-31,-1
2023-07-31,61440,2024-03-31,1,,,,,,,,,,,,,,,,,,,,,,,,,,,,,40.00,,,,,,,false,true,12,2023-04-01,2024-03-31,0
2023-07-31,61440,2024-03-31,1,,,,,,,,,,,,,,,,,,,,,,,,,,,,,,,,,15160000,63464,15096536,false,false,3,2023-04-01,2023-06-30,0
2023-07-31,61440,2023-03-31,1,,,,,,,,,,,,,,,,,,,,,,,,,,,,,,,,,,,15096536,false,false,3,2022-04-01,2022-06-30,-1
2023-11-14,61440,2024-03-31,2,14475000000,0.252,,,,,1093000000,0.967,1119000000,0.842,,756000000,,50.13,,,,,,47201000000,28876000000,0.612,,28876000000,,,,,,,,,,,,true,false,6,2023-04-01,2023-09-30,0
2023-11-14,61440,2023-03-31,2,11565000000,0.025,,,,,556000000,-0.408,607000000,-0.380,,420000000,,27.86,,,,,,,,,,,,,,,,,,,,,,true,false,6,2022-04-01,2022-09-30,-1
2023-11-14,61440,2024-03-31,2,32000000000,0.124,,,,,2840000000,0.178,2900000000,0.146,,1900000000,,125.86,,,,,,,,,,,,,,,,,,,,,,true,true,12,2023-04-01,2024-03-31,0
2023-11-14,61440,2023-03-31,2,,,,,,,,,,,,,,,,,,,,45116000000,28411000000,0.630,,28411000000,,,,,,,,,,,,true,false,12,2022-04-01,2023-03-31,-1
2023-11-14,61440,2023-03-31,2,,,,,,,,,,,,,,,,,,,,,,,,,,,,,40.00,,,,15160000,63464,,false,false,12,2022-04-01,2023-03-31,-1
2023-11-14,61440,2024-03-31,2,,,,,,,,,,,,,,,,,,,,,,,,,,,,,20.00,,,,,,,false,false,12,2023-04-01,2024-03-31,0
2023-11-14,61440,2024-03-31,2,,,,,,,,,,,,,,,,,,,,,,,,,,,,,40.00,,,,,,,false,true,12,2023-04-01,2024-03-31,0
2023-11-14,61440,2024-03-31,2,,,,,,,,,,,,,,,,,,,,,,,,,,,,,,,,,15160000,58564,15098636,false,false,6,2023-04-01,2023-09-30,0
2023-11-14,61440,2023-03-31,2,,,,,,,,,,,,,,,,,,,,,,,,,,,,,,,,,,,15096536,false,false,6,2022-04-01,2022-09-30,-1
2024-01-31,61440,2024-03-31,3,22969000000,0.181,,,,,2020000000,0.551,2097000000,0.490,,1398000000,,92.65,,,,,,49727000000,29327000000,0.590,,29327000000,,,,,,,,,,,,true,false,9,2023-04-01,2023-12-31,0
2024-01-31,61440,2023-03-31,3,19452000000,0.093,,,,,1303000000,-0.251,1407000000,-0.227,,950000000,,62.94,,,,,,,,,,,,,,,,,,,,,,true,false,9,2022-04-01,2022-12-31,-1
2024-01-31,61440,2024-03-31,3,32000000000,0.124,,,,,2840000000,0.178,2900000000,0.146,,1900000000,,125.86,,,,,,,,,,,,,,,,,,,,,,true,true,12,2023-04-01,2024-03-31,0
2024-01-31,61440,2023-03-31,3,,,,,,,,,,,,,,,,,,,,45116000000,28411000000,0.630,,28411000000,,,,,,,,,,,,true,false,12,2022-04-01,2023-03-31,-1
2024-01-31,61440,2023-03-31,3,,,,,,,,,,,,,,,,,,,,,,,,,,,,,40.00,,,,15160000,63464,,false,false,12,2022-04-01,2023-03-31,-1
2024-01-31,61440,2024-03-31,3,,,,,,,,,,,,,,,,,,,,,,,,,,,,,20.00,,,,,,,false,false,12,2023-04-01,2024-03-31,0
2024-01-31,61440,2024-03-31,3,,,,,,,,,,,,,,,,,,,,,,,,,,,,,40.00,,,,,,,false,true,12,2023-04-01,2024-03-31,0
2024-01-31,61440,2024-03-31,3,,,,,,,,,,,,,,,,,,,,,,,,,,,,,,,,,15160000,58564,15099476,false,false,9,2023-04-01,2023-12-31,0
2024-01-31,61440,2023-03-31,3,,,,,,,,,,,,,,,,,,,,,,,,,,,,,,,,,,,15096536,false,false,9,2022-04-01,2022-12-31,-1
2024-05-15,61440,2024-03-31,,31945000000,0.122,,,,,2782000000,0.154,2876000000,0.137,,1977000000,,130.95,,0.067,0.060,0.087,,50127000000,30548000000,0.609,2022.88,30548000000,3712000000,-2206000000,-640000000,11856000000,,0.305,,,,,,true,false,12,2023-04-01,2024-03-31,0
2024-05-15,61440,2023-03-31,,28478000000,0.082,,,,,2411000000,-0.115,2530000000,-0.105,,1806000000,,119.65,,0.065,0.057,0.085,,45116000000,28411000000,0.630,1882.01,28411000000,1334000000,-3280000000,-717000000,10991000000,,0.334,,,,,,true,false,12,2022-04-01,2023-03-31,-1
2024-05-15,61440,2025-03-31,,14100000000,-0.026,,,,,710000000,-0.351,770000000,-0.312,,510000000,,33.77,,,,,,,,,,,,,,,,,,,,,,true,true,6,2024-04-01,2024-09-30,1
2024-05-15,61440,2025-03-31,,33250000000,0.041,,,,,2950000000,0.060,3070000000,0.067,,2080000000,,137.74,,,,,,,,,,,,,,,,0.610,,,,,,true,true,12,2024-04-01,2025-03-31,1
2024-05-15,61440,2024-03-31,,31054000000,0.126,,,,,2681000000,0.166,2784000000,0.146,1909000000,,0.096,126.44,,,,,,48516000000,29334000000,0.605,1942.49,29334000000,,,,,40.00,,,,15160000,58564,15099928,false,false,12,2023-04-01,2024-03-31,0
2024-05-15,61440,2023-03-31,,27581000000,0.074,,,,,2300000000,-0.138,2428000000,-0.127,1741000000,,-0.097,115.38,,,,,,43808000000,27463000000,0.627,1819.20,27463000000,,,,,40.00,,,,15160000,63464,15096536,false,false,12,2022-04-01,2023-03-31,-1
2024-05-15,61440,2025-03-31,,,,,,,,,,,,,,,,,,,,,,,,,,,,,,84.00,,,,,,,false,true,12,2024-04-01,2025-03-31,1
2024-07-31,61440,2025-03-31,1,6509000000,0.049,,,,,46000000,-0.865,87000000,-0.775,,66000000,,4.41,,,,,,46823000000,30382000000,0.649,,30382000000,,,,,,,,,,,,true,false,3,2024-04-01,2024-06-30,0
2024-07-31,61440,2024-03-31,1,6205000000,0.254,,,,,342000000,5.697,390000000,3.175,,257000000,,17.09,,,,,,,,,,,,,,,,,,,,,,true,false,3,2023-04-01,2023-06-30,-1
2024-07-31,61440,2025-03-31,1,14100000000,-0.026,,,,,710000000,-0.351,770000000,-0.312,,510000000,,33.77,,,,,,,,,,,,,,,,,,,,,,true,true,6,2024-04-01,2024-09-30,0
2024-07-31,61440,2025-03-31,1,33250000000,0.041,,,,,2950000000,0.060,3070000000,0.067,,2080000000,,137.74,,,,,,,,,,,,,,,,,,,,,,true,true,12,2024-04-01,2025-03-31,0
2024-07-31,61440,2024-03-31,1,,,,,,,,,,,,,,,,,,,,50127000000,30548000000,0.609,,30548000000,,,,,,,,,,,,true,false,12,2023-04-01,2024-03-31,-1
2024-07-31,61440,2024-03-31,1,,,,,,,,,,,,,,,,,,,,,,,,,,,,,40.00,,,,15160000,58564,,false,false,12,2023-04-01,2024-03-31,-1
2024-07-31,61440,2025-03-31,1,,,,,,,,,,,,,,,,,,,,,,,,,,,,,84.00,,,,,,,false,true,12,2024-04-01,2025-03-31,0
2024-07-31,61440,2025-03-31,1,,,,,,,,,,,,,,,,,,,,,,,,,,,,,,,,,15160000,58624,15101421,false,false,3,2024-04-01,2024-06-30,0
2024-07-31,61440,2024-03-31,1,,,,,,,,,,,,,,,,,,,,,,,,,,,,,,,,,,,15096536,false,false,3,2023-04-01,2023-06-30,-1
2024-11-14,61440,2025-03-31,2,14296000000,-0.012,,,,,649000000,-0.406,684000000,-0.389,,452000000,,29.97,,,,,,45357000000,30025000000,0.662,,30025000000,,,,,,,,,,,,true,false,6,2024-04-01,2024-09-30,0
2024-11-14,61440,2024-03-31,2,14475000000,0.252,,,,,1093000000,0.967,1119000000,0.842,,756000000,,50.13,,,,,,,,,,,,,,,,,,,,,,true,false,6,2023-04-01,2023-09-30,-1
2024-11-14,61440,2025-03-31,2,33250000000,0.041,,,,,2950000000,0.060,3070000000,0.067,,2080000000,,137.74,,,,,,,,,,,,,,,,,,,,,,true,true,12,2024-04-01,2025-03-31,0
2024-11-14,61440,2024-03-31,2,,,,,,,,,,,,,,,,,,,,50127000000,30548000000,0.609,,30548000000,,,,,,,,,,,,true,false,12,2023-04-01,2024-03-31,-1
2024-11-14,61440,2024-03-31,2,,,,,,,,,,,,,,,,,,,,,,,,,,,,,40.00,,,,15160000,58564,,false,false,12,2023-04-01,2024-03-31,-1
2024-11-14,61440,2025-03-31,2,,,,,,,,,,,,,,,,,,,,,,,,,,,,,42.00,,,,,,,false,false,12,2024-04-01,2025-03-31,0
2024-11-14,61440,2025-03-31,2,,,,,,,,,,,,,,,,,,,,,,,,,,,,,84.00,,,,,,,false,true,12,2024-04-01,2025-03-31,0
2024-11-14,61440,2025-03-31,2,,,,,,,,,,,,,,,,,,,,,,,,,,,,,,,,,15160000,53024,15103802,false,false,6,2024-04-01,2024-09-30,0
2024-11-14,61440,2024-03-31,2,,,,,,,,,,,,,,,,,,,,,,,,,,,,,,,,,,,15098636,false,false,6,2023-04-01,2023-09-30,-1
2025-01-31,61440,2025-03-31,3,22883000000,-0.004,,,,,1729000000,-0.144,1809000000,-0.137,,1223000000,,80.98,,,,,,46032000000,29889000000,0.649,,29889000000,,,,,,,,,,,,true,false,9,2024-04-01,2024-12-31,0
2025-01-31,61440,2024-03-31,3,22969000000,0.181,,,,,2020000000,0.551,2097000000,0.490,,1398000000,,92.65,,,,,,,,,,,,,,,,,,,,,,true,false,9,2023-04-01,2023-12-31,-1
2025-01-31,61440,2025-03-31,3,33250000000,0.041,,,,,2950000000,0.060,3070000000,0.067,,2080000000,,137.74,,,,,,,,,,,,,,,,,,,,,,true,true,12,2024-04-01,2025-03-31,0
2025-01-31,61440,2024-03-31,3,,,,,,,,,,,,,,,,,,,,50127000000,30548000000,0.609,,30548000000,,,,,,,,,,,,true,false,12,2023-04-01,2024-03-31,-1
2025-01-31,61440,2024-03-31,3,,,,,,,,,,,,,,,,,,,,,,,,,,,,,40.00,,,,15160000,58564,,false,false,12,2023-04-01,2024-03-31,-1
2025-01-31,61440,2025-03-31,3,,,,,,,,,,,,,,,,,,,,,,,,,,,,,42.00,,,,,,,false,false,12,2024-04-01,2025-03-31,0
2025-01-31,61440,2025-03-31,3,,,,,,,,,,,,,,,,,,,,,,,,,,,,,84.00,,,,,,,false,true,12,2024-04-01,2025-03-31,0
2025-01-31,61440,2025-03-31,3,,,,,,,,,,,,,,,,,,,,,,,,,,,,,,,,,15160000,53024,15104754,false,false,9,2024-04-01,2024-12-31,0
2025-01-31,61440,2024-03-31,3,,,,,,,,,,,,,,,,,,,,,,,,,,,,,,,,,,,15099476,false,false,9,2023-04-01,2023-12-31,-1
2025-05-15,61440,2025-03-31,,33352000000,0.044,,,,,3192000000,0.147,3271000000,0.137,,2350000000,,155.61,,0.077,0.068,0.096,,46411000000,30794000000,0.664,2038.43,30794000000,541000000,-3063000000,-976000000,8356000000,,0.540,,,,,,true,false,12,2024-04-01,2025-03-31,0
2025-05-15,61440,2024-03-31,,31945000000,0.122,,,,,2782000000,0.154,2876000000,0.137,,1977000000,,130.95,,0.067,0.060,0.087,,50127000000,30548000000,0.609,2022.88,30548000000,3712000000,-2206000000,-640000000,11856000000,,0.305,,,,,,true,false,12,2023-04-01,2024-03-31,-1
2025-05-15,61440,2026-03-31,,15400000000,0.077,,,,,1000000000,0.540,1050000000,0.534,,680000000,,45.01,,,,,,,,,,,,,,,,,,,,,,true,true,6,2025-04-01,2025-09-30,1
2025-05-15,61440,2026-03-31,,36100000000,0.082,,,,,3500000000,0.096,3590000000,0.097,,2410000000,,159.53,,,,,,,,,,,,,,,,0.527,,,,,,true,true,12,2025-04-01,2026-03-31,1
2025-05-15,61440,2025-03-31,,32448000000,0.045,,,,,3091000000,0.153,3235000000,0.162,2345000000,,0.229,155.31,,,,,,44872000000,29711000000,0.662,1966.75,29711000000,,,,,84.00,,,,15160000,53024,15105267,false,false,12,2024-04-01,2025-03-31,0
2025-05-15,61440,2024-03-31,,31054000000,0.126,,,,,2681000000,0.166,2784000000,0.146,1909000000,,0.096,126.44,,,,,,48516000000,29334000000,0.605,1942.49,29334000000,,,,,40.00,,,,15160000,58564,15099928,false,false,12,2023-04-01,2024-03-31,-1
2025-05-15,61440,2026-03-31,,,,,,,,,,,,,,,,,,,,,,,,,,,,,,84.00,,,,,,,false,true,12,2025-04-01,2026-03-31,1
