filing_date,code,fiscal_year_end,quarterly_period,net_sales,net_sales_change,revenue,revenue_change,operating_revenue,operating_revenue_change,operating_profit,operating_profit_change,ordinary_profit,ordinary_profit_change,net_income,net_income_of_parent,net_income_change,eps,diluted_eps,roe,roa,operating_profit_to_net_sales,operating_profit_to_revenue,total_assets,net_assets,equity_ratio,bps,owner_equity,operating_cash_flow,investing_cash_flow,financing_cash_flow,cash,dividend_per_share,payout_ratio,commemorative_dividend,extra_dividend,number_of_shares,number_of_treqsury_shares,avg_number_of_shares,is_consolidated,is_forecast,duration,period_start,period_end,period_pos
2015-05-07,61570,2015-03-31,,7402000000,0.058,,,,,1481000000,0.157,1534000000,0.154,973000000,,0.187,155.69,,,,,,,,,,,,,,,,,,,,,,true,true,12,2014-04-01,2015-03-31,0
2015-05-07,61570,2014-03-31,,6418000000,,,,,,1069000000,,1107000000,,694000000,,,111.12,,,,,,,,,,,,,,,,,,,,,,true,false,12,2013-04-01,2014-03-31,-1
2015-05-07,61570,2015-03-31,,6352000000,0.050,,,,,,,1289000000,0.092,811000000,,0.097,129.82,,,,,,,,,,,,,,,,,,,,,,false,true,12,2014-04-01,2015-03-31,0
2015-05-07,61570,2014-03-31,,5546000000,,,,,,,,951000000,,583000000,,,93.28,,,,,,,,,,,,,,,,,,,,,,false,false,12,2013-04-01,2014-03-31,-1
2015-05-14,61570,2015-03-31,,7402000000,0.153,,,,,1481000000,0.385,1534000000,0.386,973000000,,0.401,155.69,,0.120,0.158,0.200,,10339000000,8480000000,0.820,1356.47,8464000000,1619000000,-594000000,-186000000,3260000000,,0.257,,,,,,true,false,12,2014-04-01,2015-03-31,0
2015-05-14,61570,2014-03-31,,6418000000,0.070,,,,,1069000000,0.160,1107000000,0.163,694000000,,0.317,111.12,,0.094,0.127,0.167,,9075000000,7680000000,0.846,1228.42,7678000000,1147000000,-82000000,-121000000,2403000000,,0.270,,,,,,true,false,12,2013-04-01,2014-03-31,-1
2015-05-14,61570,2016-03-31,,3950000000,0.113,,,,,770000000,0.075,800000000,0.064,,520000000,,83.17,,,,,,,,,,,,,,,,,,,,,,true,true,6,2015-04-01,2015-09-30,1
2015-05-14,61570,2016-03-31,,8200000000,0.108,,,,,1630000000,0.101,1660000000,0.082,,1100000000,,175.95,,,,,,,,,,,,,,,,0.256,,,,,,true,true,12,2015-04-01,2016-03-31,1
2015-05-14,61570,2015-03-31,,6352000000,0.145,,,,,1189000000,0.334,1289000000,0.355,811000000,,0.392,129.82,,,,,,9351000000,7791000000,0.833,1246.23,7786000000,,,,,40.00,,,,6252000,117,6251945,false,false,12,2014-04-01,2015-03-31,0
2015-05-14,61570,2014-03-31,,5546000000,0.082,,,,,891000000,-0.049,951000000,-0.041,583000000,,-0.029,93.28,,,,,,8328000000,7162000000,0.860,1145.59,7162000000,,,,,60.00,,,,6252000,40,6251960,false,false,12,2013-04-01,2014-03-31,-1
2015-05-14,61570,2016-03-31,,3350000000,0.082,,,,,,,710000000,0.043,470000000,,0.057,75.18,,,,,,,,,,,,,,,,,,,,,,false,true,6,2015-04-01,2015-09-30,1
2015-05-14,61570,2016-03-31,,6950000000,0.094,,,,,,,1430000000,0.109,950000000,,0.171,151.95,,,,,,,,,,,,,,,45.00,,,,,,,false,true,12,2015-04-01,2016-03-31,1
2015-07-31,61570,2016-03-31,1,2043000000,0.177,,,,,461000000,0.202,490000000,0.210,,315000000,,50.49,,,,,,9955000000,8548000000,0.859,1367.29,8548000000,,,,,,,,,,,,true,false,3,2015-04-01,2015-06-30,0
2015-07-31,61570,2015-03-31,1,1735000000,0.129,,,,,383000000,0.676,405000000,0.641,,255000000,,40.88,,,,,,,,,,,,,,,,,,,,,,true,false,3,2014-04-01,2014-06-30,-1
2015-07-31,61570,2016-03-31,1,3950000000,0.113,,,,,770000000,0.075,800000000,0.064,,520000000,,83.17,,,,,,,,,,,,,,,,,,,,,,true,true,6,2015-04-01,2015-09-30,0
2015-07-31,61570,2016-03-31,1,8200000000,0.108,,,,,1630000000,0.101,1660000000,0.082,,1100000000,,175.95,,,,,,,,,,,,,,,,,,,,,,true,true,12,2015-04-01,2016-03-31,0
2015-07-31,61570,2015-03-31,1,,,,,,,,,,,,,,,,,,,,10339000000,8480000000,0.820,1356.47,8480000000,,,,,,,,,,,,true,false,12,2014-04-01,2015-03-31,-1
2015-07-31,61570,2015-03-31,1,,,,,,,,,,,,,,,,,,,,,,,,,,,,,40.00,,,,6252000,117,,false,false,12,2014-04-01,2015-03-31,-1
2015-07-31,61570,2016-03-31,1,,,,,,,,,,,,,,,,,,,,,,,,,,,,,45.00,,,,,,,false,true,12,2015-04-01,2016-03-31,0
2015-07-31,61570,2016-03-31,1,,,,,,,,,,,,,,,,,,,,,,,,,,,,,,,,,6252000,117,6251883,false,false,3,2015-04-01,2015-06-30,0
2015-07-31,61570,2015-03-31,1,,,,,,,,,,,,,,,,,,,,,,,,,,,,,,,,,,,6251960,false,false,3,2014-04-01,2014-06-30,-1
2015-10-29,61570,2016-03-31,,4104000000,0.039,,,,,974000000,0.266,1007000000,0.260,,670000000,,107.18,,,,,,,,,,,,,,,,,,,,,,true,true,6,2015-04-01,2015-09-30,0
2015-10-29,61570,2015-03-31,,3548000000,,,,,,716000000,,752000000,,,483000000,,77.26,,,,,,,,,,,,,,,,,,,,,,true,false,6,2014-04-01,2014-09-30,-1
2015-10-29,61570,2016-03-31,,8010000000,-0.023,,,,,1780000000,0.092,1810000000,0.090,,1200000000,,191.94,,,,,,,,,,,,,,,,,,,,,,true,true,12,2015-04-01,2016-03-31,0
2015-10-29,61570,2015-03-31,,7402000000,,,,,,1481000000,,1534000000,,,973000000,,155.69,,,,,,,,,,,,,,,,,,,,,,true,false,12,2014-04-01,2015-03-31,-1
2015-10-29,61570,2016-03-31,,3495000000,0.043,,,,,,,860000000,0.212,579000000,,0.232,92.63,,,,,,,,,,,,,,,,,,,,,,false,true,6,2015-04-01,2015-09-30,0
2015-10-29,61570,2015-03-31,,3096000000,,,,,,,,680000000,,444000000,,,71.09,,,,,,,,,,,,,,,,,,,,,,false,false,6,2014-04-01,2014-09-30,-1
2015-10-29,61570,2016-03-31,,6800000000,-0.022,,,,,,,1550000000,0.084,1030000000,,0.084,164.75,,,,,,,,,,,,,,,,,,,,,,false,true,12,2015-04-01,2016-03-31,0
2015-10-29,61570,2015-03-31,,6352000000,,,,,,,,1289000000,,811000000,,,129.82,,,,,,,,,,,,,,,,,,,,,,false,false,12,2014-04-01,2015-03-31,-1
2015-10-30,61570,2016-03-31,2,4104000000,0.157,,,,,974000000,0.362,1007000000,0.340,,670000000,,107.18,,,,,,10500000000,8901000000,0.848,1423.78,8901000000,,,,,,,,,,,,true,false,6,2015-04-01,2015-09-30,0
2015-10-30,61570,2015-03-31,2,3548000000,0.156,,,,,716000000,0.490,752000000,0.503,,483000000,,77.26,,,,,,,,,,,,,,,,,,,,,,true,false,6,2014-04-01,2014-09-30,-1
2015-10-30,61570,2016-03-31,2,8010000000,0.082,,,,,1780000000,0.202,1810000000,0.180,,1200000000,,191.94,,,,,,,,,,,,,,,,,,,,,,true,true,12,2015-04-01,2016-03-31,0
2015-10-30,61570,2015-03-31,2,,,,,,,,,,,,,,,,,,,,10339000000,8480000000,0.820,1356.47,8480000000,,,,,,,,,,,,true,false,12,2014-04-01,2015-03-31,-1
2015-10-30,61570,2015-03-31,2,,,,,,,,,,,,,,,,,,,,,,,,,,,,,40.00,,,,6252000,117,,false,false,12,2014-04-01,2015-03-31,-1
2015-10-30,61570,2016-03-31,2,,,,,,,,,,,,,,,,,,,,,,,,,,,,,0.00,,,,,,,false,false,12,2015-04-01,2016-03-31,0
2015-10-30,61570,2016-03-31,2,,,,,,,,,,,,,,,,,,,,,,,,,,,,,45.00,,,,,,,false,true,12,2015-04-01,2016-03-31,0
2015-10-30,61570,2016-03-31,2,,,,,,,,,,,,,,,,,,,,,,,,,,,,,,,,,6252000,117,6251883,false,false,6,2015-04-01,2015-09-30,0
2015-10-30,61570,2015-03-31,2,,,,,,,,,,,,,,,,,,,,,,,,,,,,,,,,,,,6251960,false,false,6,2014-04-01,2014-09-30,-1
2016-01-29,61570,2016-03-31,3,6329000000,0.157,,,,,1498000000,0.386,1534000000,0.370,,1021000000,,163.32,,,,,,10801000000,9248000000,0.856,1479.36,9248000000,,,,,,,,,,,,true,false,9,2015-04-01,2015-12-31,0
2016-01-29,61570,2015-03-31,3,5469000000,0.164,,,,,1081000000,0.420,1120000000,0.425,,732000000,,117.15,,,,,,,,,,,,,,,,,,,,,,true,false,9,2014-04-01,2014-12-31,-1
2016-01-29,61570,2016-03-31,3,8010000000,0.082,,,,,1870000000,0.263,1910000000,0.245,,1260000000,,201.54,,,,,,,,,,,,,,,,,,,,,,true,true,12,2015-04-01,2016-03-31,0
2016-01-29,61570,2015-03-31,3,,,,,,,,,,,,,,,,,,,,10339000000,8480000000,0.820,1356.47,8480000000,,,,,,,,,,,,true,false,12,2014-04-01,2015-03-31,-1
2016-01-29,61570,2015-03-31,3,,,,,,,,,,,,,,,,,,,,,,,,,,,,,40.00,,,,6252000,117,,false,false,12,2014-04-01,2015-03-31,-1
2016-01-29,61570,2016-03-31,3,,,,,,,,,,,,,,,,,,,,,,,,,,,,,0.00,,,,,,,false,false,12,2015-04-01,2016-03-31,0
2016-01-29,61570,2016-03-31,3,,,,,,,,,,,,,,,,,,,,,,,,,,,,,50.00,,,,,,,false,true,12,2015-04-01,2016-03-31,0
2016-01-29,61570,2016-03-31,3,,,,,,,,,,,,,,,,,,,,,,,,,,,,,,,,,6252000,117,6251883,false,false,9,2015-04-01,2015-12-31,0
2016-01-29,61570,2015-03-31,3,,,,,,,,,,,,,,,,,,,,,,,,,,,,,,,,,,,6251959,false,false,9,2014-04-01,2014-12-31,-1
2016-01-29,61570,2016-03-31,,8010000000,0.000,,,,,1870000000,0.051,1910000000,0.055,,1260000000,,201.54,,,,,,,,,,,,,,,,,,,,,,true,true,12,2015-04-01,2016-03-31,0
2016-01-29,61570,2015-03-31,,7402000000,,,,,,1481000000,,1534000000,,,973000000,,155.69,,,,,,,,,,,,,,,,,,,,,,true,false,12,2014-04-01,2015-03-31,-1
2016-01-29,61570,2016-03-31,,6800000000,0.000,,,,,,,1630000000,0.052,1080000000,,0.049,172.75,,,,,,,,,,,,,,,50.00,,,,,,,false,true,12,2015-04-01,2016-03-31,0
2016-01-29,61570,2015-03-31,,6352000000,,,,,,,,1289000000,,811000000,,,129.82,,,,,,,,,,,,,,,40.00,,,,,,,false,false,12,2014-04-01,2015-03-31,-1
2016-01-29,61570,2016-03-31,,,,,,,,,,,,,,,,,,,,,,,,,,,,,,0.00,,,,,,,false,false,12,2015-04-01,2016-03-31,0
2016-05-13,61570,2016-03-31,,8382000000,0.132,,,,,1914000000,0.293,1954000000,0.274,,1342000000,,214.76,,0.149,0.180,0.228,,11371000000,9569000000,0.842,1530.66,9569000000,1756000000,-1322000000,-250000000,3444000000,,0.233,,,,,,true,false,12,2015-04-01,2016-03-31,0
2016-05-13,61570,2015-03-31,,7402000000,0.153,,,,,1481000000,0.385,1534000000,0.386,,973000000,,155.69,,0.120,0.158,0.200,,10339000000,8480000000,0.820,1356.47,8480000000,1619000000,-594000000,-186000000,3260000000,,0.257,,,,,,true,false,12,2014-04-01,2015-03-31,-1
2016-05-13,61570,2017-03-31,,4320000000,0.053,,,,,1050000000,0.077,1070000000,0.062,,730000000,,116.76,,,,,,,,,,,,,,,,,,,,,,true,true,6,2016-04-01,2016-09-30,1
2016-05-13,61570,2017-03-31,,8480000000,0.012,,,,,1940000000,0.013,1980000000,0.013,,1350000000,,215.93,,,,,,,,,,,,,,,,0.278,,,,,,true,true,12,2016-04-01,2017-03-31,1
2016-05-13,61570,2016-03-31,,7038000000,0.108,,,,,1478000000,0.243,1578000000,0.224,1079000000,,0.330,172.71,,,,,,10189000000,8617000000,0.846,1378.39,8617000000,,,,,50.00,,,,6252000,117,6251883,false,false,12,2015-04-01,2016-03-31,0
2016-05-13,61570,2015-03-31,,6352000000,0.145,,,,,1189000000,0.334,1289000000,0.355,811000000,,0.392,129.82,,,,,,9351000000,7791000000,0.833,1246.23,7791000000,,,,,40.00,,,,6252000,117,6251945,false,false,12,2014-04-01,2015-03-31,-1
2016-05-13,61570,2017-03-31,,3680000000,0.053,,,,,,,920000000,0.069,630000000,,0.088,100.77,,,,,,,,,,,,,,,,,,,,,,false,true,6,2016-04-01,2016-09-30,1
2016-05-13,61570,2017-03-31,,7210000000,0.024,,,,,,,1600000000,0.014,1100000000,,0.019,175.95,,,,,,,,,,,,,,,60.00,,,,,,,false,true,12,2016-04-01,2017-03-31,1
2016-07-29,61570,2017-03-31,1,2175000000,0.065,,,,,585000000,0.269,589000000,0.202,,376000000,,60.23,,,,,,11337000000,9799000000,0.864,1567.39,9799000000,,,,,,,,,,,,true,false,3,2016-04-01,2016-06-30,0
2016-07-29,61570,2016-03-31,1,2043000000,0.177,,,,,461000000,0.202,490000000,0.210,,315000000,,50.49,,,,,,,,,,,,,,,,,,,,,,true,false,3,2015-04-01,2015-06-30,-1
2016-07-29,61570,2017-03-31,1,4320000000,0.053,,,,,1050000000,0.077,1070000000,0.062,,730000000,,116.76,,,,,,,,,,,,,,,,,,,,,,true,true,6,2016-04-01,2016-09-30,0
2016-07-29,61570,2017-03-31,1,8480000000,0.012,,,,,1940000000,0.013,1980000000,0.013,,1350000000,,215.93,,,,,,,,,,,,,,,,,,,,,,true,true,12,2016-04-01,2017-03-31,0
2016-07-29,61570,2016-03-31,1,,,,,,,,,,,,,,,,,,,,11371000000,9569000000,0.842,1530.66,9569000000,,,,,,,,,,,,true,false,12,2015-04-01,2016-03-31,-1
2016-07-29,61570,2016-03-31,1,,,,,,,,,,,,,,,,,,,,,,,,,,,,,50.00,,,,6252000,117,,false,false,12,2015-04-01,2016-03-31,-1
2016-07-29,61570,2017-03-31,1,,,,,,,,,,,,,,,,,,,,,,,,,,,,,60.00,,,,,,,false,true,12,2016-04-01,2017-03-31,0
2016-07-29,61570,2017-03-31,1,,,,,,,,,,,,,,,,,,,,,,,,,,,,,,,,,6252000,117,6251883,false,false,3,2016-04-01,2016-06-30,0
2016-07-29,61570,2016-03-31,1,,,,,,,,,,,,,,,,,,,,,,,,,,,,,,,,,,,6251883,false,false,3,2015-04-01,2015-06-30,-1
,61570,2017-03-31,,,,,,,,,,,,,,,,,,,,,,,,,,,,,,70.00,,,,,,,false,true,12,2016-04-01,2017-03-31,0
,61570,2016-03-31,,,,,,,,,,,,,,,,,,,,,,,,,,,,,,50.00,,,,,,,false,false,12,2015-04-01,2016-03-31,-1
2016-10-31,61570,2017-03-31,2,4421000000,0.077,,,,,1109000000,0.138,1119000000,0.111,,751000000,,120.17,,,,,,12000000000,10159000000,0.847,1625.08,10159000000,,,,,,,,,,,,true,false,6,2016-04-01,2016-09-30,0
2016-10-31,61570,2016-03-31,2,4104000000,0.157,,,,,974000000,0.362,1007000000,0.340,,670000000,,107.18,,,,,,,,,,,,,,,,,,,,,,true,false,6,2015-04-01,2015-09-30,-1
2016-10-31,61570,2017-03-31,2,8480000000,0.012,,,,,1940000000,0.013,1980000000,0.013,,1350000000,,215.93,,,,,,,,,,,,,,,,,,,,,,true,true,12,2016-04-01,2017-03-31,0
2016-10-31,61570,2016-03-31,2,,,,,,,,,,,,,,,,,,,,11371000000,9569000000,0.842,1530.66,9569000000,,,,,,,,,,,,true,false,12,2015-04-01,2016-03-31,-1
2016-10-31,61570,2016-03-31,2,,,,,,,,,,,,,,,,,,,,,,,,,,,,,50.00,,,,6252000,117,,false,false,12,2015-04-01,2016-03-31,-1
2016-10-31,61570,2017-03-31,2,,,,,,,,,,,,,,,,,,,,,,,,,,,,,30.00,,,,,,,false,false,12,2016-04-01,2017-03-31,0
2016-10-31,61570,2017-03-31,2,,,,,,,,,,,,,,,,,,,,,,,,,,,,,70.00,,,,,,,false,true,12,2016-04-01,2017-03-31,0
2016-10-31,61570,2017-03-31,2,,,,,,,,,,,,,,,,,,,,,,,,,,,,,,,,,6252000,117,6251883,false,false,6,2016-04-01,2016-09-30,0
2016-10-31,61570,2016-03-31,2,,,,,,,,,,,,,,,,,,,,,,,,,,,,,,,,,,,6251883,false,false,6,2015-04-01,2015-09-30,-1
,61570,2017-03-31,,,,,,,,,,,,,,,,,,,,,,,,,,,,,,20.00,,,,,,,false,true,12,2016-04-01,2017-03-31,0
,61570,2017-03-31,,,,,,,,,,,,,,,,,,,,,,,,,,,,,,30.00,,,,,,,false,false,12,2016-04-01,2017-03-31,0
,61570,2016-03-31,,,,,,,,,,,,,,,,,,,,,,,,,,,,,,50.00,,,,,,,false,false,12,2015-04-01,2016-03-31,-1
2017-01-31,61570,2017-03-31,3,6593000000,0.042,,,,,1578000000,0.054,1577000000,0.028,,1069000000,,85.53,,,,,,11858000000,10290000000,0.868,823.02,10290000000,,,,,,,,,,,,true,false,9,2016-04-01,2016-12-31,0
2017-01-31,61570,2016-03-31,3,6329000000,0.157,,,,,1498000000,0.386,1534000000,0.370,,1021000000,,81.66,,,,,,,,,,,,,,,,,,,,,,true,false,9,2015-04-01,2015-12-31,-1
2017-01-31,61570,2017-03-31,3,8480000000,0.012,,,,,1940000000,0.013,1980000000,0.013,,1350000000,,107.97,,,,,,,,,,,,,,,,,,,,,,true,true,12,2016-04-01,2017-03-31,0
2017-01-31,61570,2016-03-31,3,,,,,,,,,,,,,,,,,,,,11371000000,9569000000,0.842,765.33,9569000000,,,,,,,,,,,,true,false,12,2015-04-01,2016-03-31,-1
2017-01-31,61570,2016-03-31,3,,,,,,,,,,,,,,,,,,,,,,,,,,,,,50.00,,,,12504000,234,,false,false,12,2015-04-01,2016-03-31,-1
2017-01-31,61570,2017-03-31,3,,,,,,,,,,,,,,,,,,,,,,,,,,,,,30.00,,,,,,,false,false,12,2016-04-01,2017-03-31,0
2017-01-31,61570,2017-03-31,3,,,,,,,,,,,,,,,,,,,,,,,,,,,,,20.00,,,,,,,false,true,12,2016-04-01,2017-03-31,0
2017-01-31,61570,2017-03-31,3,,,,,,,,,,,,,,,,,,,,,,,,,,,,,,,,,12504000,234,12503766,false,false,9,2016-04-01,2016-12-31,0
2017-01-31,61570,2016-03-31,3,,,,,,,,,,,,,,,,,,,,,,,,,,,,,,,,,,,12503766,false,false,9,2015-04-01,2015-12-31,-1
,61570,2017-03-31,,,,,,,,,,,,,,,,,,,,,,,,,,,,,,25.00,,,,,,,false,true,12,2016-04-01,2017-03-31,0
,61570,2017-03-31,,,,,,,,,,,,,,,,,,,,,,,,,,,,,,30.00,,,,,,,false,false,12,2016-04-01,2017-03-31,0
,61570,2016-03-31,,,,,,,,,,,,,,,,,,,,,,,,,,,,,,50.00,,,,,,,false,false,12,2015-04-01,2016-03-31,-1
2017-05-12,61570,2017-03-31,,8825000000,0.053,,,,,2013000000,0.052,2026000000,0.037,,1420000000,,113.63,,0.140,0.170,0.228,,12517000000,10666000000,0.852,853.10,10666000000,1894000000,-787000000,-499000000,4213000000,,0.352,,,,,,true,false,12,2016-04-01,2017-03-31,0
2017-05-12,61570,2016-03-31,,8382000000,0.132,,,,,1914000000,0.293,1954000000,0.274,,1342000000,,107.38,,0.149,0.180,0.228,,11371000000,9569000000,0.842,765.33,9569000000,1756000000,-1322000000,-250000000,3444000000,,0.233,,,,,,true,false,12,2015-04-01,2016-03-31,-1
2017-05-12,61570,2018-03-31,,4580000000,0.036,,,,,1030000000,-0.072,1040000000,-0.071,,700000000,,55.98,,,,,,,,,,,,,,,,,,,,,,true,true,6,2017-04-01,2017-09-30,1
2017-05-12,61570,2018-03-31,,9130000000,0.034,,,,,2090000000,0.038,2100000000,0.036,,1450000000,,115.97,,,,,,,,,,,,,,,,0.345,,,,,,true,true,12,2017-04-01,2018-03-31,1
2017-05-12,61570,2017-03-31,,7492000000,0.065,,,,,1454000000,-0.016,1569000000,-0.005,1143000000,,0.059,91.44,,,,,,10799000000,9262000000,0.858,740.79,9262000000,,,,,25.00,,,,12504000,234,12503766,false,false,12,2016-04-01,2017-03-31,0
2017-05-12,61570,2016-03-31,,7038000000,0.108,,,,,1478000000,0.243,1578000000,0.224,1079000000,,0.330,86.36,,,,,,10189000000,8617000000,0.846,689.20,8617000000,,,,,50.00,,,,12504000,234,12503766,false,false,12,2015-04-01,2016-03-31,-1
2017-05-12,61570,2018-03-31,,3920000000,0.043,,,,,,,940000000,0.007,660000000,,0.006,52.78,,,,,,,,,,,,,,,,,,,,,,false,true,6,2017-04-01,2017-09-30,1
2017-05-12,61570,2018-03-31,,7810000000,0.042,,,,,,,1810000000,0.153,1270000000,,0.111,101.57,,,,,,,,,,,,,,,40.00,,,,,,,false,true,12,2017-04-01,2018-03-31,1
2017-07-31,61570,2018-03-31,1,2288000000,0.052,,,,,644000000,0.102,651000000,0.105,,412000000,,32.98,,,,,,12359000000,10758000000,0.870,860.44,10758000000,,,,,,,,,,,,true,false,3,2017-04-01,2017-06-30,0
2017-07-31,61570,2017-03-31,1,2175000000,0.065,,,,,585000000,0.269,589000000,0.202,,376000000,,30.12,,,,,,,,,,,,,,,,,,,,,,true,false,3,2016-04-01,2016-06-30,-1
2017-07-31,61570,2018-03-31,1,4580000000,0.036,,,,,1030000000,-0.072,1040000000,-0.071,,700000000,,55.98,,,,,,,,,,,,,,,,,,,,,,true,true,6,2017-04-01,2017-09-30,0
2017-07-31,61570,2018-03-31,1,9130000000,0.034,,,,,2090000000,0.038,2100000000,0.036,,1450000000,,115.97,,,,,,,,,,,,,,,,,,,,,,true,true,12,2017-04-01,2018-03-31,0
2017-07-31,61570,2017-03-31,1,,,,,,,,,,,,,,,,,,,,12517000000,10666000000,0.852,853.10,10666000000,,,,,,,,,,,,true,false,12,2016-04-01,2017-03-31,-1
2017-07-31,61570,2017-03-31,1,,,,,,,,,,,,,,,,,,,,,,,,,,,,,25.00,,,,12504000,234,,false,false,12,2016-04-01,2017-03-31,-1
2017-07-31,61570,2018-03-31,1,,,,,,,,,,,,,,,,,,,,,,,,,,,,,40.00,,,,,,,false,true,12,2017-04-01,2018-03-31,0
2017-07-31,61570,2018-03-31,1,,,,,,,,,,,,,,,,,,,,,,,,,,,,,,,,,12504000,234,12503766,false,false,3,2017-04-01,2017-06-30,0
2017-07-31,61570,2017-03-31,1,,,,,,,,,,,,,,,,,,,,,,,,,,,,,,,,,,,12503766,false,false,3,2016-04-01,2016-06-30,-1
2017-08-09,61570,2018-03-31,,4580000000,,,,,,1120000000,0.087,1130000000,0.087,,830000000,,66.38,,,,,,,,,,,,,,,,,,,,,,true,true,6,2017-04-01,2017-09-30,0
2017-08-09,61570,2017-03-31,,4421000000,,,,,,1109000000,,1119000000,,,751000000,,60.09,,,,,,,,,,,,,,,,,,,,,,true,false,6,2016-04-01,2016-09-30,-1
2017-08-09,61570,2018-03-31,,9130000000,,,,,,2180000000,0.043,2190000000,0.043,,1550000000,,123.96,,,,,,,,,,,,,,,,,,,,,,true,true,12,2017-04-01,2018-03-31,0
2017-08-09,61570,2017-03-31,,8825000000,,,,,,2013000000,,2026000000,,,1420000000,,113.63,,,,,,,,,,,,,,,,,,,,,,true,false,12,2016-04-01,2017-03-31,-1
2017-08-09,61570,2018-03-31,,4070000000,0.038,,,,,,,1010000000,0.074,770000000,,0.167,61.58,,,,,,,,,,,,,,,,,,,,,,false,true,6,2017-04-01,2017-09-30,0
2017-08-09,61570,2017-03-31,,3757000000,,,,,,,,933000000,,655000000,,,52.46,,,,,,,,,,,,,,,,,,,,,,false,false,6,2016-04-01,2016-09-30,-1
2017-08-09,61570,2018-03-31,,7960000000,0.019,,,,,,,1880000000,0.039,1340000000,,0.055,107.17,,,,,,,,,,,,,,,,,,,,,,false,true,12,2017-04-01,2018-03-31,0
2017-08-09,61570,2017-03-31,,7492000000,,,,,,,,1569000000,,1143000000,,,91.44,,,,,,,,,,,,,,,,,,,,,,false,false,12,2016-04-01,2017-03-31,-1
,61570,2018-03-31,,,,,,,,,,,,,,,,,,,,,,,,,,,,,,45.00,,,,,,,false,true,12,2017-04-01,2018-03-31,0
,61570,2017-03-31,,,,,,,,,,,,,,,,,,,,,,,,,,,,,,25.00,,,,,,,false,false,12,2016-04-01,2017-03-31,-1
2017-10-31,61570,2018-03-31,2,4687000000,0.060,,,,,1226000000,0.105,1242000000,0.110,,907000000,,72.56,,,,,,13260000000,11252000000,0.849,899.95,11252000000,,,,,,,,,,,,true,false,6,2017-04-01,2017-09-30,0
2017-10-31,61570,2017-03-31,2,4421000000,0.077,,,,,1109000000,0.138,1119000000,0.111,,751000000,,60.09,,,,,,,,,,,,,,,,,,,,,,true,false,6,2016-04-01,2016-09-30,-1
2017-10-31,61570,2018-03-31,2,9240000000,0.047,,,,,2290000000,0.137,2310000000,0.140,,1630000000,,130.36,,,,,,,,,,,,,,,,,,,,,,true,true,12,2017-04-01,2018-03-31,0
2017-10-31,61570,2017-03-31,2,,,,,,,,,,,,,,,,,,,,12517000000,10666000000,0.852,853.10,10666000000,,,,,,,,,,,,true,false,12,2016-04-01,2017-03-31,-1
2017-10-31,61570,2017-03-31,2,,,,,,,,,,,,,,,,,,,,,,,,,,,,,25.00,,,,12504000,234,,false,false,12,2016-04-01,2017-03-31,-1
2017-10-31,61570,2018-03-31,2,,,,,,,,,,,,,,,,,,,,,,,,,,,,,20.00,,,,,,,false,false,12,2017-04-01,2018-03-31,0
2017-10-31,61570,2018-03-31,2,,,,,,,,,,,,,,,,,,,,,,,,,,,,,45.00,,,,,,,false,true,12,2017-04-01,2018-03-31,0
2017-10-31,61570,2018-03-31,2,,,,,,,,,,,,,,,,,,,,,,,,,,,,,,,,,12504000,276,12503750,false,false,6,2017-04-01,2017-09-30,0
2017-10-31,61570,2017-03-31,2,,,,,,,,,,,,,,,,,,,,,,,,,,,,,,,,,,,12503766,false,false,6,2016-04-01,2016-09-30,-1
2017-10-31,61570,2018-03-31,,9240000000,0.012,,,,,2290000000,0.050,2310000000,0.055,,1630000000,,130.36,,,,,,,,,,,,,,,,,,,,,,true,true,12,2017-04-01,2018-03-31,0
2017-10-31,61570,2017-03-31,,8825000000,,,,,,2013000000,,2026000000,,,1420000000,,113.63,,,,,,,,,,,,,,,,,,,,,,true,false,12,2016-04-01,2017-03-31,-1
2017-10-31,61570,2018-03-31,,8000000000,0.005,,,,,,,1910000000,0.016,1380000000,,0.030,110.37,,,,,,,,,,,,,,,,,,,,,,false,true,12,2017-04-01,2018-03-31,0
2017-10-31,61570,2017-03-31,,7492000000,,,,,,,,1569000000,,1143000000,,,91.44,,,,,,,,,,,,,,,,,,,,,,false,false,12,2016-04-01,2017-03-31,-1
2018-01-31,61570,2018-03-31,3,7245000000,0.099,,,,,1983000000,0.256,2002000000,0.269,,1425000000,,113.97,,,,,,13434000000,11524000000,0.858,921.70,11524000000,,,,,,,,,,,,true,false,9,2017-04-01,2017-12-31,0
2018-01-31,61570,2017-03-31,3,6593000000,0.042,,,,,1578000000,0.054,1577000000,0.028,,1069000000,,85.53,,,,,,,,,,,,,,,,,,,,,,true,false,9,2016-04-01,2016-12-31,-1
2018-01-31,61570,2018-03-31,3,9550000000,0.082,,,,,2500000000,0.242,2530000000,0.249,,1750000000,,139.96,,,,,,,,,,,,,,,,,,,,,,true,true,12,2017-04-01,2018-03-31,0
2018-01-31,61570,2017-03-31,3,,,,,,,,,,,,,,,,,,,,12517000000,10666000000,0.852,853.10,10666000000,,,,,,,,,,,,true,false,12,2016-04-01,2017-03-31,-1
2018-01-31,61570,2017-03-31,3,,,,,,,,,,,,,,,,,,,,,,,,,,,,,25.00,,,,12504000,234,,false,false,12,2016-04-01,2017-03-31,-1
2018-01-31,61570,2018-03-31,3,,,,,,,,,,,,,,,,,,,,,,,,,,,,,20.00,,,,,,,false,false,12,2017-04-01,2018-03-31,0
2018-01-31,61570,2018-03-31,3,,,,,,,,,,,,,,,,,,,,,,,,,,,,,45.00,,,,,,,false,true,12,2017-04-01,2018-03-31,0
2018-01-31,61570,2018-03-31,3,,,,,,,,,,,,,,,,,,,,,,,,,,,,,,,,,12504000,276,12503741,false,false,9,2017-04-01,2017-12-31,0
2018-01-31,61570,2017-03-31,3,,,,,,,,,,,,,,,,,,,,,,,,,,,,,,,,,,,12503766,false,false,9,2016-04-01,2016-12-31,-1
2018-01-31,61570,2018-03-31,,9550000000,0.034,,,,,2500000000,0.092,2530000000,0.095,,1750000000,,139.96,,,,,,,,,,,,,,,,,,,,,,true,true,12,2017-04-01,2018-03-31,0
2018-01-31,61570,2017-03-31,,8825000000,,,,,,2013000000,,2026000000,,,1420000000,,113.63,,,,,,,,,,,,,,,,,,,,,,true,false,12,2016-04-01,2017-03-31,-1
2018-01-31,61570,2018-03-31,,8280000000,0.035,,,,,,,2090000000,0.094,1480000000,,0.072,118.36,,,,,,,,,,,,,,,,,,,,,,false,true,12,2017-04-01,2018-03-31,0
2018-01-31,61570,2017-03-31,,7492000000,,,,,,,,1569000000,,1143000000,,,91.44,,,,,,,,,,,,,,,,,,,,,,false,false,12,2016-04-01,2017-03-31,-1
2018-05-11,61570,2018-03-31,,9767000000,0.107,,,,,2695000000,0.339,2733000000,0.349,,1903000000,,152.23,,0.168,0.203,0.276,,14467000000,12002000000,0.830,959.88,12002000000,2910000000,-657000000,-562000000,5897000000,,0.296,,,,,,true,false,12,2017-04-01,2018-03-31,0
2018-05-11,61570,2017-03-31,,8825000000,0.053,,,,,2013000000,0.052,2026000000,0.037,,1420000000,,113.63,,0.140,0.170,0.228,,12517000000,10666000000,0.852,853.10,10666000000,1894000000,-787000000,-499000000,4213000000,,0.352,,,,,,true,false,12,2016-04-01,2017-03-31,-1
2018-05-11,61570,2019-03-31,,5280000000,0.126,,,,,1420000000,0.158,1440000000,0.159,,970000000,,77.58,,,,,,,,,,,,,,,,,,,,,,true,true,6,2018-04-01,2018-09-30,1
2018-05-11,61570,2019-03-31,,10520000000,0.077,,,,,2750000000,0.020,2780000000,0.017,,1910000000,,152.76,,,,,,,,,,,,,,,,0.295,,,,,,true,true,12,2018-04-01,2019-03-31,1
2018-05-11,61570,2018-03-31,,8448000000,0.128,,,,,2117000000,0.456,2250000000,0.434,1612000000,,0.410,128.94,,,,,,12498000000,10314000000,0.825,824.88,10314000000,,,,,45.00,,,,12504000,353,12503729,false,false,12,2017-04-01,2018-03-31,0
2018-05-11,61570,2017-03-31,,7492000000,0.065,,,,,1454000000,-0.016,1569000000,-0.005,1143000000,,0.059,91.44,,,,,,10799000000,9262000000,0.858,740.79,9262000000,,,,,25.00,,,,12504000,234,12503766,false,false,12,2016-04-01,2017-03-31,-1
2018-05-11,61570,2019-03-31,,4490000000,0.095,,,,,,,1300000000,0.241,910000000,,0.125,72.78,,,,,,,,,,,,,,,,,,,,,,false,true,6,2018-04-01,2018-09-30,1
2018-05-11,61570,2019-03-31,,8930000000,0.057,,,,,,,2370000000,0.053,1660000000,,0.030,132.76,,,,,,,,,,,,,,,45.00,,,,,,,false,true,12,2018-04-01,2019-03-31,1
2018-07-31,61570,2019-03-31,1,2686000000,0.174,,,,,777000000,0.206,778000000,0.195,,486000000,,38.94,,,,,,13855000000,12156000000,0.877,972.25,12156000000,,,,,,,,,,,,true,false,3,2018-04-01,2018-06-30,0
2018-07-31,61570,2018-03-31,1,2288000000,0.052,,,,,644000000,0.102,651000000,0.105,,412000000,,32.98,,,,,,,,,,,,,,,,,,,,,,true,false,3,2017-04-01,2017-06-30,-1
2018-07-31,61570,2019-03-31,1,5280000000,0.126,,,,,1420000000,0.158,1440000000,0.159,,970000000,,77.58,,,,,,,,,,,,,,,,,,,,,,true,true,6,2018-04-01,2018-09-30,0
2018-07-31,61570,2019-03-31,1,10520000000,0.077,,,,,2750000000,0.020,2780000000,0.017,,1910000000,,152.76,,,,,,,,,,,,,,,,,,,,,,true,true,12,2018-04-01,2019-03-31,0
2018-07-31,61570,2018-03-31,1,,,,,,,,,,,,,,,,,,,,14467000000,12002000000,0.830,959.88,12002000000,,,,,,,,,,,,true,false,12,2017-04-01,2018-03-31,-1
2018-07-31,61570,2018-03-31,1,,,,,,,,,,,,,,,,,,,,,,,,,,,,,45.00,,,,12504000,353,,false,false,12,2017-04-01,2018-03-31,-1
2018-07-31,61570,2019-03-31,1,,,,,,,,,,,,,,,,,,,,,,,,,,,,,45.00,,,,,,,false,true,12,2018-04-01,2019-03-31,0
2018-07-31,61570,2019-03-31,1,,,,,,,,,,,,,,,,,,,,,,,,,,,,,,,,,12504000,353,12503647,false,false,3,2018-04-01,2018-06-30,0
2018-07-31,61570,2018-03-31,1,,,,,,,,,,,,,,,,,,,,,,,,,,,,,,,,,,,12503766,false,false,3,2017-04-01,2017-06-30,-1
2018-10-31,61570,2019-03-31,2,5247000000,0.119,,,,,1462000000,0.193,1467000000,0.181,,972000000,,77.79,77.75,,,,,14595000000,12713000000,0.867,1011.65,12649000000,,,,,,,,,,,,true,false,6,2018-04-01,2018-09-30,0
2018-10-31,61570,2018-03-31,2,4687000000,0.060,,,,,1226000000,0.105,1242000000,0.110,,907000000,,72.56,,,,,,,,,,,,,,,,,,,,,,true,false,6,2017-04-01,2017-09-30,-1
2018-10-31,61570,2019-03-31,2,10520000000,0.077,,,,,2750000000,0.020,2780000000,0.017,,1910000000,,152.76,,,,,,,,,,,,,,,,,,,,,,true,true,12,2018-04-01,2019-03-31,0
2018-10-31,61570,2018-03-31,2,,,,,,,,,,,,,,,,,,,,14467000000,12002000000,0.830,959.88,12002000000,,,,,,,,,,,,true,false,12,2017-04-01,2018-03-31,-1
2018-10-31,61570,2018-03-31,2,,,,,,,,,,,,,,,,,,,,,,,,,,,,,45.00,,,,12504000,353,,false,false,12,2017-04-01,2018-03-31,-1
2018-10-31,61570,2019-03-31,2,,,,,,,,,,,,,,,,,,,,,,,,,,,,,20.00,,,,,,,false,false,12,2018-04-01,2019-03-31,0
2018-10-31,61570,2019-03-31,2,,,,,,,,,,,,,,,,,,,,,,,,,,,,,45.00,,,,,,,false,true,12,2018-04-01,2019-03-31,0
2018-10-31,61570,2019-03-31,2,,,,,,,,,,,,,,,,,,,,,,,,,,,,,,,,,12504000,439,12503624,false,false,6,2018-04-01,2018-09-30,0
2018-10-31,61570,2018-03-31,2,,,,,,,,,,,,,,,,,,,,,,,,,,,,,,,,,,,12503750,false,false,6,2017-04-01,2017-09-30,-1
2019-01-31,61570,2019-03-31,3,7977000000,0.101,,,,,2186000000,0.103,2194000000,0.096,,1496000000,,119.71,119.55,,,,,14617000000,12993000000,0.885,1034.04,12929000000,,,,,,,,,,,,true,false,9,2018-04-01,2018-12-31,0
2019-01-31,61570,2018-03-31,3,7245000000,0.099,,,,,1983000000,0.256,2002000000,0.269,,1425000000,,113.97,,,,,,,,,,,,,,,,,,,,,,true,false,9,2017-04-01,2017-12-31,-1
2019-01-31,61570,2019-03-31,3,10520000000,0.077,,,,,2750000000,0.020,2780000000,0.017,,1910000000,,152.76,,,,,,,,,,,,,,,,,,,,,,true,true,12,2018-04-01,2019-03-31,0
2019-01-31,61570,2018-03-31,3,,,,,,,,,,,,,,,,,,,,14467000000,12002000000,0.830,959.88,12002000000,,,,,,,,,,,,true,false,12,2017-04-01,2018-03-31,-1
2019-01-31,61570,2018-03-31,3,,,,,,,,,,,,,,,,,,,,,,,,,,,,,45.00,,,,12504000,353,,false,false,12,2017-04-01,2018-03-31,-1
2019-01-31,61570,2019-03-31,3,,,,,,,,,,,,,,,,,,,,,,,,,,,,,20.00,,,,,,,false,false,12,2018-04-01,2019-03-31,0
2019-01-31,61570,2019-03-31,3,,,,,,,,,,,,,,,,,,,,,,,,,,,,,45.00,,,,,,,false,true,12,2018-04-01,2019-03-31,0
2019-01-31,61570,2019-03-31,3,,,,,,,,,,,,,,,,,,,,,,,,,,,,,,,,,12504000,443,12503602,false,false,9,2018-04-01,2018-12-31,0
2019-01-31,61570,2018-03-31,3,,,,,,,,,,,,,,,,,,,,,,,,,,,,,,,,,,,12503741,false,false,9,2017-04-01,2017-12-31,-1
2019-05-13,61570,2019-03-31,,10476000000,0.073,,,,,2879000000,0.068,2894000000,0.059,,1970000000,,157.59,157.35,0.155,0.194,0.275,,15381000000,13461000000,0.871,1071.48,13397000000,1868000000,-1383000000,-563000000,5809000000,,0.286,,,,,,true,false,12,2018-04-01,2019-03-31,0
2019-05-13,61570,2018-03-31,,9767000000,0.107,,,,,2695000000,0.339,2733000000,0.349,,1903000000,,152.23,,0.168,0.203,0.276,,14467000000,12002000000,0.830,959.88,12002000000,2910000000,-657000000,-562000000,5897000000,,0.296,,,,,,true,false,12,2017-04-01,2018-03-31,-1
2019-05-13,61570,2020-03-31,,5120000000,-0.024,,,,,1230000000,-0.159,1240000000,-0.155,,840000000,,67.18,,,,,,,,,,,,,,,,,,,,,,true,true,6,2019-04-01,2019-09-30,1
2019-05-13,61570,2020-03-31,,10380000000,-0.009,,,,,2440000000,-0.153,2460000000,-0.150,,1690000000,,135.16,,,,,,,,,,,,,,,,0.333,,,,,,true,true,12,2019-04-01,2020-03-31,1
2019-05-13,61570,2019-03-31,,8959000000,0.061,,,,,2306000000,0.089,2568000000,0.141,1843000000,,0.143,147.44,147.21,,,,,13277000000,11658000000,0.873,927.24,11593000000,,,,,45.00,,,,12504000,477,12503584,false,false,12,2018-04-01,2019-03-31,0
2019-05-13,61570,2018-03-31,,8448000000,0.128,,,,,2117000000,0.456,2250000000,0.434,1612000000,,0.410,128.94,,,,,,12498000000,10314000000,0.825,824.88,10314000000,,,,,45.00,,,,12504000,353,12503729,false,false,12,2017-04-01,2018-03-31,-1
2019-05-13,61570,2020-03-31,,4390000000,-0.036,,,,,,,1130000000,-0.201,790000000,,-0.234,63.18,,,,,,,,,,,,,,,,,,,,,,false,true,6,2019-04-01,2019-09-30,1
2019-05-13,61570,2020-03-31,,8880000000,-0.009,,,,,,,2110000000,-0.179,1480000000,,-0.197,118.37,,,,,,,,,,,,,,,45.00,,,,,,,false,true,12,2019-04-01,2020-03-31,1
2019-07-31,61570,2020-03-31,1,2466000000,-0.082,,,,,751000000,-0.034,752000000,-0.034,,481000000,,38.49,38.40,,,,,15094000000,13629000000,0.899,1084.86,13564000000,,,,,,,,,,,,true,false,3,2019-04-01,2019-06-30,0
2019-07-31,61570,2019-03-31,1,2686000000,0.174,,,,,777000000,0.206,778000000,0.195,,486000000,,38.94,,,,,,,,,,,,,,,,,,,,,,true,false,3,2018-04-01,2018-06-30,-1
2019-07-31,61570,2020-03-31,1,5120000000,-0.024,,,,,1230000000,-0.159,1240000000,-0.155,,840000000,,67.18,,,,,,,,,,,,,,,,,,,,,,true,true,6,2019-04-01,2019-09-30,0
2019-07-31,61570,2020-03-31,1,10380000000,-0.009,,,,,2440000000,-0.153,2460000000,-0.150,,1690000000,,135.16,,,,,,,,,,,,,,,,,,,,,,true,true,12,2019-04-01,2020-03-31,0
2019-07-31,61570,2019-03-31,1,,,,,,,,,,,,,,,,,,,,15381000000,13461000000,0.871,1071.48,13397000000,,,,,,,,,,,,true,false,12,2018-04-01,2019-03-31,-1
2019-07-31,61570,2019-03-31,1,,,,,,,,,,,,,,,,,,,,,,,,,,,,,45.00,,,,12504000,477,,false,false,12,2018-04-01,2019-03-31,-1
2019-07-31,61570,2020-03-31,1,,,,,,,,,,,,,,,,,,,,,,,,,,,,,45.00,,,,,,,false,true,12,2019-04-01,2020-03-31,0
2019-07-31,61570,2020-03-31,1,,,,,,,,,,,,,,,,,,,,,,,,,,,,,,,,,12504000,477,12503523,false,false,3,2019-04-01,2019-06-30,0
2019-07-31,61570,2019-03-31,1,,,,,,,,,,,,,,,,,,,,,,,,,,,,,,,,,,,12503647,false,false,3,2018-04-01,2018-06-30,-1
2019-10-31,61570,2020-03-31,2,4932000000,-0.060,,,,,1263000000,-0.136,1265000000,-0.138,,832000000,,66.59,66.35,,,,,15754000000,14033000000,0.883,1112.50,13910000000,,,,,,,,,,,,true,false,6,2019-04-01,2019-09-30,0
2019-10-31,61570,2019-03-31,2,5247000000,0.119,,,,,1462000000,0.193,1467000000,0.181,,972000000,,77.79,77.75,,,,,,,,,,,,,,,,,,,,,true,false,6,2018-04-01,2018-09-30,-1
2019-10-31,61570,2020-03-31,2,9590000000,-0.085,,,,,2150000000,-0.253,2160000000,-0.254,,1460000000,,116.77,,,,,,,,,,,,,,,,,,,,,,true,true,12,2019-04-01,2020-03-31,0
2019-10-31,61570,2019-03-31,2,,,,,,,,,,,,,,,,,,,,15381000000,13461000000,0.871,1071.48,13397000000,,,,,,,,,,,,true,false,12,2018-04-01,2019-03-31,-1
2019-10-31,61570,2019-03-31,2,,,,,,,,,,,,,,,,,,,,,,,,,,,,,45.00,,,,12504000,477,,false,false,12,2018-04-01,2019-03-31,-1
2019-10-31,61570,2020-03-31,2,,,,,,,,,,,,,,,,,,,,,,,,,,,,,20.00,,,,,,,false,false,12,2019-04-01,2020-03-31,0
2019-10-31,61570,2020-03-31,2,,,,,,,,,,,,,,,,,,,,,,,,,,,,,45.00,,,,,,,false,true,12,2019-04-01,2020-03-31,0
2019-10-31,61570,2020-03-31,2,,,,,,,,,,,,,,,,,,,,,,,,,,,,,,,,,12504000,477,12503523,false,false,6,2019-04-01,2019-09-30,0
2019-10-31,61570,2019-03-31,2,,,,,,,,,,,,,,,,,,,,,,,,,,,,,,,,,,,12503624,false,false,6,2018-04-01,2018-09-30,-1
2019-10-31,61570,2020-03-31,,9590000000,-0.076,,,,,2150000000,-0.119,2160000000,-0.122,,1460000000,,116.77,,,,,,,,,,,,,,,,,,,,,,true,true,12,2019-04-01,2020-03-31,0
2019-10-31,61570,2019-03-31,,10476000000,,,,,,2879000000,,2894000000,,,1970000000,,157.59,,,,,,,,,,,,,,,,,,,,,,true,false,12,2018-04-01,2019-03-31,-1
2019-10-31,61570,2020-03-31,,8230000000,-0.073,,,,,,,1870000000,-0.114,1310000000,,-0.115,104.77,,,,,,,,,,,,,,,,,,,,,,false,true,12,2019-04-01,2020-03-31,0
2019-10-31,61570,2019-03-31,,8959000000,,,,,,,,2568000000,,1843000000,,,147.44,,,,,,,,,,,,,,,,,,,,,,false,false,12,2018-04-01,2019-03-31,-1
2020-01-31,61570,2020-03-31,3,7321000000,-0.082,,,,,1827000000,-0.164,1831000000,-0.165,,1226000000,,98.12,97.71,,,,,15497000000,14176000000,0.907,1123.92,14052000000,,,,,,,,,,,,true,false,9,2019-04-01,2019-12-31,0
2020-01-31,61570,2019-03-31,3,7977000000,0.101,,,,,2186000000,0.103,2194000000,0.096,,1496000000,,119.71,119.55,,,,,,,,,,,,,,,,,,,,,true,false,9,2018-04-01,2018-12-31,-1
2020-01-31,61570,2020-03-31,3,9590000000,-0.085,,,,,2150000000,-0.253,2160000000,-0.254,,1460000000,,116.77,,,,,,,,,,,,,,,,,,,,,,true,true,12,2019-04-01,2020-03-31,0
2020-01-31,61570,2019-03-31,3,,,,,,,,,,,,,,,,,,,,15381000000,13461000000,0.871,1071.48,13397000000,,,,,,,,,,,,true,false,12,2018-04-01,2019-03-31,-1
2020-01-31,61570,2019-03-31,3,,,,,,,,,,,,,,,,,,,,,,,,,,,,,45.00,,,,12504000,477,,false,false,12,2018-04-01,2019-03-31,-1
2020-01-31,61570,2020-03-31,3,,,,,,,,,,,,,,,,,,,,,,,,,,,,,20.00,,,,,,,false,false,12,2019-04-01,2020-03-31,0
2020-01-31,61570,2020-03-31,3,,,,,,,,,,,,,,,,,,,,,,,,,,,,,45.00,,,,,,,false,true,12,2019-04-01,2020-03-31,0
2020-01-31,61570,2020-03-31,3,,,,,,,,,,,,,,,,,,,,,,,,,,,,,,,,,12504000,497,12503523,false,false,9,2019-04-01,2019-12-31,0
2020-01-31,61570,2019-03-31,3,,,,,,,,,,,,,,,,,,,,,,,,,,,,,,,,,,,12503602,false,false,9,2018-04-01,2018-12-31,-1
2020-05-15,61570,2020-03-31,,9531000000,-0.090,,,,,2219000000,-0.229,2231000000,-0.229,,1545000000,,123.62,123.07,0.111,0.142,0.233,,16017000000,14498000000,0.897,1149.63,14374000000,1908000000,-1769000000,-562000000,5384000000,,0.364,,,,,,true,false,12,2019-04-01,2020-03-31,0
2020-05-15,61570,2019-03-31,,10476000000,0.073,,,,,2879000000,0.068,2894000000,0.059,,1970000000,,157.59,157.35,0.155,0.194,0.275,,15381000000,13461000000,0.871,1071.48,13397000000,1868000000,-1383000000,-563000000,5809000000,,0.286,,,,,,true,false,12,2018-04-01,2019-03-31,-1
2020-05-15,61570,2020-03-31,,8217000000,-0.083,,,,,1779000000,-0.229,1948000000,-0.242,1406000000,,-0.237,112.51,112.01,,,,,13892000000,12557000000,0.895,994.44,12433000000,,,,,45.00,,,,12504000,519,12503513,false,false,12,2019-04-01,2020-03-31,0
2020-05-15,61570,2019-03-31,,8959000000,0.061,,,,,2306000000,0.089,2568000000,0.141,1843000000,,0.143,147.44,147.21,,,,,13277000000,11658000000,0.873,927.24,11593000000,,,,,45.00,,,,12504000,477,12503584,false,false,12,2018-04-01,2019-03-31,-1
2020-07-31,61570,2021-03-31,1,1934000000,-0.216,,,,,351000000,-0.532,353000000,-0.530,,232000000,,18.59,18.49,,,,,15488000000,14418000000,0.923,1143.34,14297000000,,,,,,,,,,,,true,false,3,2020-04-01,2020-06-30,0
2020-07-31,61570,2020-03-31,1,2466000000,-0.082,,,,,751000000,-0.034,752000000,-0.034,,481000000,,38.49,38.40,,,,,,,,,,,,,,,,,,,,,true,false,3,2019-04-01,2019-06-30,-1
2020-07-31,61570,2021-03-31,1,3600000000,-0.270,,,,,280000000,-0.778,285000000,-0.775,,163000000,,13.04,,,,,,,,,,,,,,,,,,,,,,true,true,6,2020-04-01,2020-09-30,0
2020-07-31,61570,2020-03-31,1,,,,,,,,,,,,,,,,,,,,16017000000,14498000000,0.897,1149.63,14374000000,,,,,,,,,,,,true,false,12,2019-04-01,2020-03-31,-1
2020-07-31,61570,2020-03-31,1,,,,,,,,,,,,,,,,,,,,,,,,,,,,,45.00,,,,12504000,519,,false,false,12,2019-04-01,2020-03-31,-1
2020-07-31,61570,2021-03-31,1,,,,,,,,,,,,,,,,,,,,,,,,,,,,,10.00,,,,,,,false,true,12,2020-04-01,2021-03-31,0
2020-07-31,61570,2021-03-31,1,,,,,,,,,,,,,,,,,,,,,,,,,,,,,,,,,12505627,519,12503606,false,false,3,2020-04-01,2020-06-30,0
2020-07-31,61570,2020-03-31,1,,,,,,,,,,,,,,,,,,,,,,,,,,,,,,,,,,,12503523,false,false,3,2019-04-01,2019-06-30,-1
2020-07-31,61570,2021-03-31,,3600000000,,,,,,280000000,,285000000,,163000000,,,13.04,,,,,,,,,,,,,,,,,,,,,,true,true,6,2020-04-01,2020-09-30,0
2020-07-31,61570,2020-03-31,,4932000000,,,,,,1263000000,,1265000000,,832000000,,,66.59,,,,,,,,,,,,,,,,,,,,,,true,false,6,2019-04-01,2019-09-30,-1
2020-07-31,61570,2021-03-31,,3040000000,,,,,,,,400000000,,278000000,,,22.23,,,,,,,,,,,,,,,,,,,,,,false,true,6,2020-04-01,2020-09-30,0
2020-07-31,61570,2020-03-31,,4271000000,,,,,,,,1167000000,,816000000,,,65.26,,,,,,,,,,,,,,,,,,,,,,false,false,6,2019-04-01,2019-09-30,-1
2020-07-31,61570,2021-03-31,,,,,,,,,,,,,,,,,,,,,,,,,,,,,,10.00,,,,,,,false,true,12,2020-04-01,2021-03-31,0
2020-07-31,61570,2020-03-31,,,,,,,,,,,,,,,,,,,,,,,,,,,,,,45.00,,,,,,,false,false,12,2019-04-01,2020-03-31,-1
2020-10-28,61570,2021-03-31,,3635000000,0.010,,,,,404000000,0.443,444000000,0.558,,275000000,,22.00,,,,,,,,,,,,,,,,,,,,,,true,true,6,2020-04-01,2020-09-30,0
2020-10-28,61570,2020-03-31,,4932000000,,,,,,1263000000,,1265000000,,,832000000,,66.59,,,,,,,,,,,,,,,,,,,,,,true,false,6,2019-04-01,2019-09-30,-1
2020-10-28,61570,2021-03-31,,7410000000,,,,,,850000000,,1025000000,,,700000000,,55.98,,,,,,,,,,,,,,,,,,,,,,true,true,12,2020-04-01,2021-03-31,0
2020-10-28,61570,2020-03-31,,9531000000,,,,,,2219000000,,2231000000,,,1545000000,,123.62,,,,,,,,,,,,,,,,,,,,,,true,false,12,2019-04-01,2020-03-31,-1
2020-10-28,61570,2021-03-31,,3125000000,0.028,,,,,,,493000000,0.233,352000000,,0.270,28.23,,,,,,,,,,,,,,,,,,,,,,false,true,6,2020-04-01,2020-09-30,0
2020-10-28,61570,2020-03-31,,4271000000,,,,,,,,1167000000,,816000000,,,65.26,,,,,,,,,,,,,,,,,,,,,,false,false,6,2019-04-01,2019-09-30,-1
2020-10-28,61570,2021-03-31,,6350000000,,,,,,,,1050000000,,730000000,,,58.38,,,,,,,,,,,,,,,25.00,,,,,,,false,true,12,2020-04-01,2021-03-31,0
2020-10-28,61570,2020-03-31,,8217000000,,,,,,,,1948000000,,1406000000,,,112.51,,,,,,,,,,,,,,,45.00,,,,,,,false,false,12,2019-04-01,2020-03-31,-1
2020-10-30,61570,2021-03-31,2,3635000000,-0.263,,,,,404000000,-0.680,444000000,-0.649,,275000000,,22.00,21.86,,,,,15528000000,14520000000,0.923,1146.45,14336000000,,,,,,,,,,,,true,false,6,2020-04-01,2020-09-30,0
2020-10-30,61570,2020-03-31,2,4932000000,-0.060,,,,,1263000000,-0.136,1265000000,-0.138,,832000000,,66.59,66.35,,,,,,,,,,,,,,,,,,,,,true,false,6,2019-04-01,2019-09-30,-1
2020-10-30,61570,2021-03-31,2,7410000000,-0.223,,,,,850000000,-0.617,1025000000,-0.541,,700000000,,55.98,,,,,,,,,,,,,,,,,,,,,,true,true,12,2020-04-01,2021-03-31,0
2020-10-30,61570,2020-03-31,2,,,,,,,,,,,,,,,,,,,,16017000000,14498000000,0.897,1149.63,14374000000,,,,,,,,,,,,true,false,12,2019-04-01,2020-03-31,-1
2020-10-30,61570,2020-03-31,2,,,,,,,,,,,,,,,,,,,,,,,,,,,,,45.00,,,,12504000,519,,false,false,12,2019-04-01,2020-03-31,-1
2020-10-30,61570,2021-03-31,2,,,,,,,,,,,,,,,,,,,,,,,,,,,,,10.00,,,,,,,false,false,12,2020-04-01,2021-03-31,0
2020-10-30,61570,2021-03-31,2,,,,,,,,,,,,,,,,,,,,,,,,,,,,,25.00,,,,,,,false,true,12,2020-04-01,2021-03-31,0
2020-10-30,61570,2021-03-31,2,,,,,,,,,,,,,,,,,,,,,,,,,,,,,,,,,12505627,519,12504361,false,false,6,2020-04-01,2020-09-30,0
2020-10-30,61570,2020-03-31,2,,,,,,,,,,,,,,,,,,,,,,,,,,,,,,,,,,,12503523,false,false,6,2019-04-01,2019-09-30,-1
2021-01-15,61570,2021-03-31,,7930000000,0.070,,,,,1460000000,0.718,1650000000,0.610,,1150000000,,91.97,,,,,,,,,,,,,,,,,,,,,,true,true,12,2020-04-01,2021-03-31,0
2021-01-15,61570,2020-03-31,,9531000000,,,,,,2219000000,,2231000000,,,1545000000,,123.62,,,,,,,,,,,,,,,,,,,,,,true,false,12,2019-04-01,2020-03-31,-1
2021-01-15,61570,2021-03-31,,6850000000,0.079,,,,,,,1560000000,0.486,1090000000,,0.493,87.17,,,,,,,,,,,,,,,35.00,,,,,,,false,true,12,2020-04-01,2021-03-31,0
2021-01-15,61570,2020-03-31,,8217000000,,,,,,,,1948000000,,1406000000,,,112.51,,,,,,,,,,,,,,,45.00,,,,,,,false,false,12,2019-04-01,2020-03-31,-1
2021-01-15,61570,2021-03-31,,,,,,,,,,,,,,,,,,,,,,,,,,,,,,10.00,,,,,,,false,false,12,2020-04-01,2021-03-31,0
2021-01-29,6157,2021-03-31,3,5835000000,-0.203,,,,,933000000,-0.490,1123000000,-0.387,,760000000,,60.82,60.39,,,,,15991000000,14877000000,0.919,1174.99,14693000000,,,,,,,,,,,,true,false,9,2020-04-01,2020-12-31,0
2021-01-29,6157,2020-03-31,3,7321000000,-0.082,,,,,1827000000,-0.164,1831000000,-0.165,,1226000000,,98.12,97.71,,,,,,,,,,,,,,,,,,,,,true,false,9,2019-04-01,2019-12-31,-1
2021-01-29,6157,2021-03-31,3,7930000000,-0.168,,,,,1460000000,-0.342,1650000000,-0.261,,1150000000,,91.97,,,,,,,,,,,,,,,,,,,,,,true,true,12,2020-04-01,2021-03-31,0
2021-01-29,6157,2020-03-31,3,,,,,,,,,,,,,,,,,,,,16017000000,14498000000,0.897,1149.63,14374000000,,,,,,,,,,,,true,false,12,2019-04-01,2020-03-31,-1
2021-01-29,6157,2020-03-31,3,,,,,,,,,,,,,,,,,,,,,,,,,,,,,45.00,,,,12504000,519,,false,false,12,2019-04-01,2020-03-31,-1
2021-01-29,6157,2021-03-31,3,,,,,,,,,,,,,,,,,,,,,,,,,,,,,10.00,,,,,,,false,false,12,2020-04-01,2021-03-31,0
2021-01-29,6157,2021-03-31,3,,,,,,,,,,,,,,,,,,,,,,,,,,,,,35.00,,,,,,,false,true,12,2020-04-01,2021-03-31,0
2021-01-29,6157,2021-03-31,3,,,,,,,,,,,,,,,,,,,,,,,,,,,,,,,,,12505627,519,12504611,false,false,9,2020-04-01,2020-12-31,0
2021-01-29,6157,2020-03-31,3,,,,,,,,,,,,,,,,,,,,,,,,,,,,,,,,,,,12503523,false,false,9,2019-04-01,2019-12-31,-1
2021-05-14,6157,2021-03-31,,8100000000,-0.150,,,,,1512000000,-0.318,1712000000,-0.233,,1214000000,,48.55,48.20,0.082,0.104,0.187,,16936000000,15326000000,0.894,605.44,15162000000,2526000000,-187000000,-438000000,7274000000,,0.360,,,,,,true,false,12,2020-04-01,2021-03-31,0
2021-05-14,6157,2020-03-31,,9531000000,-0.090,,,,,2219000000,-0.229,2231000000,-0.229,,1545000000,,61.81,61.53,0.111,0.142,0.233,,16017000000,14498000000,0.897,574.81,14374000000,1908000000,-1769000000,-562000000,5384000000,,0.364,,,,,,true,false,12,2019-04-01,2020-03-31,-1
2021-05-14,6157,2022-03-31,,4270000000,0.174,,,,,800000000,0.979,800000000,0.801,,520000000,,20.79,,,,,,,,,,,,,,,,,,,,,,true,true,6,2021-04-01,2021-09-30,1
2021-05-14,6157,2022-03-31,,8740000000,0.079,,,,,1770000000,0.170,1780000000,0.039,,1210000000,,48.38,,,,,,,,,,,,,,,,0.413,,,,,,true,true,12,2021-04-01,2022-03-31,1
2021-05-14,6157,2021-03-31,,7018000000,-0.146,,,,,1308000000,-0.265,1606000000,-0.175,1170000000,,-0.168,46.82,46.48,,,,,14803000000,13356000000,0.890,526.66,13171000000,,,,,35.00,,,,25011254,1038,25009468,false,false,12,2020-04-01,2021-03-31,0
2021-05-14,6157,2020-03-31,,8217000000,-0.083,,,,,1779000000,-0.229,1948000000,-0.242,1406000000,,-0.237,56.26,56.00,,,,,13892000000,12557000000,0.895,497.22,12433000000,,,,,45.00,,,,25008000,1038,25007026,false,false,12,2019-04-01,2020-03-31,-1
2021-05-14,6157,2022-03-31,,3690000000,0.181,,,,,,,770000000,0.562,540000000,,0.530,21.59,,,,,,,,,,,,,,,,,,,,,,false,true,6,2021-04-01,2021-09-30,1
2021-05-14,6157,2022-03-31,,7590000000,0.081,,,,,,,1600000000,-0.004,1120000000,,-0.043,44.78,,,,,,,,,,,,,,,20.00,,,,,,,false,true,12,2021-04-01,2022-03-31,1
2021-07-30,6157,2022-03-31,1,2445000000,0.264,,,,,582000000,0.655,589000000,0.668,,392000000,,15.68,15.55,,,,,16755000000,15421000000,0.911,609.55,15259000000,,,,,,,,,,,,true,false,3,2021-04-01,2021-06-30,0
2021-07-30,6157,2021-03-31,1,1934000000,-0.216,,,,,351000000,-0.532,353000000,-0.530,,232000000,,9.30,9.25,,,,,,,,,,,,,,,,,,,,,true,false,3,2020-04-01,2020-06-30,-1
2021-07-30,6157,2022-03-31,1,4650000000,0.279,,,,,980000000,1.425,990000000,1.229,,670000000,,26.78,,,,,,,,,,,,,,,,,,,,,,true,true,6,2021-04-01,2021-09-30,0
2021-07-30,6157,2022-03-31,1,9170000000,0.132,,,,,1920000000,0.269,1930000000,0.127,,1330000000,,53.14,,,,,,,,,,,,,,,,,,,,,,true,true,12,2021-04-01,2022-03-31,0
2021-07-30,6157,2021-03-31,1,,,,,,,,,,,,,,,,,,,,16936000000,15326000000,0.894,605.44,15142000000,,,,,,,,,,,,true,false,12,2020-04-01,2021-03-31,-1
2021-07-30,6157,2021-03-31,1,,,,,,,,,,,,,,,,,,,,,,,,,,,,,35.00,,,,25011254,1038,,false,false,12,2020-04-01,2021-03-31,-1
2021-07-30,6157,2022-03-31,1,,,,,,,,,,,,,,,,,,,,,,,,,,,,,20.00,,,,,,,false,true,12,2021-04-01,2022-03-31,0
2021-07-30,6157,2022-03-31,1,,,,,,,,,,,,,,,,,,,,,,,,,,,,,,,,,25035034,1038,25012307,false,false,3,2021-04-01,2021-06-30,0
2021-07-30,6157,2021-03-31,1,,,,,,,,,,,,,,,,,,,,,,,,,,,,,,,,,,,25007212,false,false,3,2020-04-01,2020-06-30,-1
2021-07-30,61570,2022-03-31,,4650000000,0.089,,,,,980000000,0.225,990000000,0.238,,670000000,,26.78,,,,,,,,,,,,,,,,,,,,,,true,true,6,2021-04-01,2021-09-30,0
2021-07-30,61570,2021-03-31,,3635000000,,,,,,404000000,,444000000,,,275000000,,11.00,,,,,,,,,,,,,,,,,,,,,,true,false,6,2020-04-01,2020-09-30,-1
2021-07-30,61570,2022-03-31,,9170000000,0.049,,,,,1920000000,0.085,1930000000,0.084,,1330000000,,53.14,,,,,,,,,,,,,,,,,,,,,,true,true,12,2021-04-01,2022-03-31,0
2021-07-30,61570,2021-03-31,,8100000000,,,,,,1512000000,,1712000000,,,1214000000,,48.55,,,,,,,,,,,,,,,,,,,,,,true,false,12,2020-04-01,2021-03-31,-1
2021-07-30,61570,2022-03-31,,4010000000,0.087,,,,,,,840000000,0.091,590000000,,0.093,23.58,,,,,,,,,,,,,,,,,,,,,,false,true,6,2021-04-01,2021-09-30,0
2021-07-30,61570,2021-03-31,,3125000000,,,,,,,,493000000,,352000000,,,14.11,,,,,,,,,,,,,,,,,,,,,,false,false,6,2020-04-01,2020-09-30,-1
2021-07-30,61570,2022-03-31,,7910000000,0.042,,,,,,,1620000000,0.013,1130000000,,0.009,45.15,,,,,,,,,,,,,,,,,,,,,,false,true,12,2021-04-01,2022-03-31,0
2021-07-30,61570,2021-03-31,,7018000000,,,,,,,,1606000000,,1170000000,,,46.82,,,,,,,,,,,,,,,,,,,,,,false,false,12,2020-04-01,2021-03-31,-1
2021-10-29,6157,2022-03-31,2,4821000000,0.326,,,,,1114000000,1.757,1130000000,1.546,,770000000,,30.81,30.55,,,,,17448000000,15854000000,0.896,624.69,15638000000,,,,,,,,,,,,true,false,6,2021-04-01,2021-09-30,0
2021-10-29,6157,2021-03-31,2,3635000000,-0.263,,,,,404000000,-0.680,444000000,-0.649,,275000000,,11.00,10.93,,,,,,,,,,,,,,,,,,,,,true,false,6,2020-04-01,2020-09-30,-1
2021-10-29,6157,2022-03-31,2,9170000000,0.132,,,,,1920000000,0.269,1930000000,0.127,,1330000000,,53.14,,,,,,,,,,,,,,,,,,,,,,true,true,12,2021-04-01,2022-03-31,0
2021-10-29,6157,2021-03-31,2,,,,,,,,,,,,,,,,,,,,16936000000,15326000000,0.894,605.44,15142000000,,,,,,,,,,,,true,false,12,2020-04-01,2021-03-31,-1
2021-10-29,6157,2021-03-31,2,,,,,,,,,,,,,,,,,,,,,,,,,,,,,35.00,,,,25011254,1038,,false,false,12,2020-04-01,2021-03-31,-1
2021-10-29,6157,2022-03-31,2,,,,,,,,,,,,,,,,,,,,,,,,,,,,,10.00,,,,,,,false,false,12,2021-04-01,2022-03-31,0
2021-10-29,6157,2022-03-31,2,,,,,,,,,,,,,,,,,,,,,,,,,,,,,20.00,,,,,,,false,true,12,2021-04-01,2022-03-31,0
2021-10-29,6157,2022-03-31,2,,,,,,,,,,,,,,,,,,,,,,,,,,,,,,,,,25035034,1038,25023211,false,false,6,2021-04-01,2021-09-30,0
2021-10-29,6157,2021-03-31,2,,,,,,,,,,,,,,,,,,,,,,,,,,,,,,,,,,,25008722,false,false,6,2020-04-01,2020-09-30,-1
2022-01-31,6157,2022-03-31,3,7279000000,0.248,,,,,1673000000,0.794,1707000000,0.520,,1181000000,,47.23,46.83,,,,,17415000000,15919000000,0.902,628.90,15704000000,,,,,,,,,,,,true,false,9,2021-04-01,2021-12-31,0
2022-01-31,6157,2021-03-31,3,5835000000,-0.203,,,,,933000000,-0.490,1123000000,-0.387,,760000000,,30.41,30.20,,,,,,,,,,,,,,,,,,,,,true,false,9,2020-04-01,2020-12-31,-1
2022-01-31,6157,2022-03-31,3,9520000000,0.175,,,,,2150000000,0.421,2190000000,0.279,,1530000000,,61.18,,,,,,,,,,,,,,,,,,,,,,true,true,12,2021-04-01,2022-03-31,0
2022-01-31,6157,2021-03-31,3,,,,,,,,,,,,,,,,,,,,16936000000,15326000000,0.894,605.44,15142000000,,,,,,,,,,,,true,false,12,2020-04-01,2021-03-31,-1
2022-01-31,6157,2021-03-31,3,,,,,,,,,,,,,,,,,,,,,,,,,,,,,35.00,,,,25011254,1038,,false,false,12,2020-04-01,2021-03-31,-1
2022-01-31,6157,2022-03-31,3,,,,,,,,,,,,,,,,,,,,,,,,,,,,,10.00,,,,,,,false,false,12,2021-04-01,2022-03-31,0
2022-01-31,6157,2022-03-31,3,,,,,,,,,,,,,,,,,,,,,,,,,,,,,22.50,,,,,,,false,true,12,2021-04-01,2022-03-31,0
2022-01-31,6157,2022-03-31,3,,,,,,,,,,,,,,,,,,,,,,,,,,,,,,,,,25035034,64438,25020587,false,false,9,2021-04-01,2021-12-31,0
2022-01-31,6157,2021-03-31,3,,,,,,,,,,,,,,,,,,,,,,,,,,,,,,,,,,,25009222,false,false,9,2020-04-01,2020-12-31,-1
2022-01-31,61570,2022-03-31,,9520000000,0.038,,,,,2150000000,0.120,2190000000,0.135,,1530000000,,61.18,,,,,,,,,,,,,,,,,,,,,,true,true,12,2021-04-01,2022-03-31,0
2022-01-31,61570,2021-03-31,,8100000000,,,,,,1512000000,,1712000000,,,1214000000,,48.55,,,,,,,,,,,,,,,,,,,,,,true,false,12,2020-04-01,2021-03-31,-1
2022-01-31,61570,2022-03-31,,8190000000,0.035,,,,,,,1820000000,0.123,1270000000,,0.124,50.78,,,,,,,,,,,,,,,22.50,,,,,,,false,true,12,2021-04-01,2022-03-31,0
2022-01-31,61570,2021-03-31,,7018000000,,,,,,,,1606000000,,1170000000,,,46.82,,,,,,,,,,,,,,,35.00,,,,,,,false,false,12,2020-04-01,2021-03-31,-1
2022-01-31,61570,2022-03-31,,,,,,,,,,,,,,,,,,,,,,,,,,,,,,10.00,,,,,,,false,false,12,2021-04-01,2022-03-31,0
2022-05-16,6157,2022-03-31,,9524000000,0.176,,,,,2111000000,0.396,2156000000,0.259,,1522000000,,60.89,60.38,0.098,0.124,0.222,,17874000000,16165000000,0.892,640.58,15950000000,2261000000,-348000000,-763000000,8443000000,,0.370,,,,,,true,false,12,2021-04-01,2022-03-31,0
2022-05-16,6157,2021-03-31,,8100000000,-0.150,,,,,1512000000,-0.318,1712000000,-0.233,,1214000000,,48.55,48.20,0.082,0.104,0.187,,16936000000,15326000000,0.894,605.44,15142000000,2526000000,-187000000,-438000000,7274000000,,0.360,,,,,,true,false,12,2020-04-01,2021-03-31,-1
2022-05-16,6157,2023-03-31,,4770000000,-0.011,,,,,1080000000,-0.031,1090000000,-0.036,,720000000,,28.92,,,,,,,,,,,,,,,,,,,,,,true,true,6,2022-04-01,2022-09-30,1
2022-05-16,6157,2023-03-31,,9690000000,0.017,,,,,2110000000,-0.001,2120000000,-0.017,,1440000000,,57.83,,,,,,,,,,,,,,,,0.389,,,,,,true,true,12,2022-04-01,2023-03-31,1
2022-05-16,6157,2022-03-31,,8201000000,0.168,,,,,1640000000,0.254,1766000000,0.100,1278000000,,0.092,51.12,50.69,,,,,15304000000,13925000000,0.896,550.60,13709000000,,,,,22.50,,,,25035034,135138,25003496,false,false,12,2021-04-01,2022-03-31,0
2022-05-16,6157,2021-03-31,,7018000000,-0.146,,,,,1308000000,-0.265,1606000000,-0.175,1170000000,,-0.168,46.82,46.48,,,,,14803000000,13356000000,0.890,526.66,13171000000,,,,,35.00,,,,25011254,1038,25009468,false,false,12,2020-04-01,2021-03-31,-1
2022-05-16,6157,2023-03-31,,4170000000,-0.001,,,,,,,1040000000,0.069,730000000,,0.058,29.32,,,,,,,,,,,,,,,,,,,,,,false,true,6,2022-04-01,2022-09-30,1
2022-05-16,6157,2023-03-31,,8450000000,0.030,,,,,,,1880000000,0.064,1320000000,,0.033,53.01,,,,,,,,,,,,,,,22.50,,,,,,,false,true,12,2022-04-01,2023-03-31,1
2022-07-29,6157,2023-03-31,1,2355000000,-0.037,,,,,542000000,-0.068,540000000,-0.083,,322000000,,12.94,12.83,,,,,17549000000,16195000000,0.911,641.77,15979000000,,,,,,,,,,,,true,false,3,2022-04-01,2022-06-30,0
2022-07-29,6157,2022-03-31,1,2445000000,0.264,,,,,582000000,0.655,589000000,0.668,,392000000,,15.68,15.55,,,,,,,,,,,,,,,,,,,,,true,false,3,2021-04-01,2021-06-30,-1
2022-07-29,6157,2023-03-31,1,4770000000,-0.011,,,,,1080000000,-0.031,1090000000,-0.036,,720000000,,28.92,,,,,,,,,,,,,,,,,,,,,,true,true,6,2022-04-01,2022-09-30,0
2022-07-29,6157,2023-03-31,1,9690000000,0.017,,,,,2110000000,-0.001,2120000000,-0.017,,1440000000,,57.83,,,,,,,,,,,,,,,,,,,,,,true,true,12,2022-04-01,2023-03-31,0
2022-07-29,6157,2022-03-31,1,,,,,,,,,,,,,,,,,,,,17874000000,16165000000,0.892,640.58,15950000000,,,,,,,,,,,,true,false,12,2021-04-01,2022-03-31,-1
2022-07-29,6157,2022-03-31,1,,,,,,,,,,,,,,,,,,,,,,,,,,,,,22.50,,,,25035034,135138,,false,false,12,2021-04-01,2022-03-31,-1
2022-07-29,6157,2023-03-31,1,,,,,,,,,,,,,,,,,,,,,,,,,,,,,22.50,,,,,,,false,true,12,2022-04-01,2023-03-31,0
2022-07-29,6157,2023-03-31,1,,,,,,,,,,,,,,,,,,,,,,,,,,,,,,,,,25035034,135166,24899872,false,false,3,2022-04-01,2022-06-30,0
2022-07-29,6157,2022-03-31,1,,,,,,,,,,,,,,,,,,,,,,,,,,,,,,,,,,,25012307,false,false,3,2021-04-01,2021-06-30,-1
2022-10-31,6157,2023-03-31,2,4768000000,-0.011,,,,,960000000,-0.138,955000000,-0.155,,620000000,,24.88,24.67,,,,,18136000000,16592000000,0.903,656.40,16376000000,,,,,,,,,,,,true,false,6,2022-04-01,2022-09-30,0
2022-10-31,6157,2022-03-31,2,4821000000,0.326,,,,,1114000000,1.757,1130000000,1.546,,770000000,,30.81,30.55,,,,,,,,,,,,,,,,,,,,,true,false,6,2021-04-01,2021-09-30,-1
2022-10-31,6157,2023-03-31,2,9370000000,-0.016,,,,,1790000000,-0.152,1790000000,-0.170,,1210000000,,48.56,,,,,,,,,,,,,,,,,,,,,,true,true,12,2022-04-01,2023-03-31,0
2022-10-31,6157,2022-03-31,2,,,,,,,,,,,,,,,,,,,,17874000000,16165000000,0.892,640.58,15950000000,,,,,,,,,,,,true,false,12,2021-04-01,2022-03-31,-1
2022-10-31,6157,2022-03-31,2,,,,,,,,,,,,,,,,,,,,,,,,,,,,,22.50,,,,25035034,135138,,false,false,12,2021-04-01,2022-03-31,-1
2022-10-31,6157,2023-03-31,2,,,,,,,,,,,,,,,,,,,,,,,,,,,,,10.00,,,,,,,false,false,12,2022-04-01,2023-03-31,0
2022-10-31,6157,2023-03-31,2,,,,,,,,,,,,,,,,,,,,,,,,,,,,,22.50,,,,,,,false,true,12,2022-04-01,2023-03-31,0
2022-10-31,6157,2023-03-31,2,,,,,,,,,,,,,,,,,,,,,,,,,,,,,,,,,25035034,85766,24919576,false,false,6,2022-04-01,2022-09-30,0
2022-10-31,6157,2022-03-31,2,,,,,,,,,,,,,,,,,,,,,,,,,,,,,,,,,,,25023211,false,false,6,2021-04-01,2021-09-30,-1
2022-10-31,61570,2023-03-31,,9370000000,-0.033,,,,,1790000000,-0.152,1790000000,-0.156,,1210000000,,48.56,,,,,,,,,,,,,,,,,,,,,,true,true,12,2022-04-01,2023-03-31,0
2022-10-31,61570,2022-03-31,,9524000000,,,,,,2111000000,,2156000000,,,1522000000,,60.89,,,,,,,,,,,,,,,,,,,,,,true,false,12,2021-04-01,2022-03-31,-1
2022-10-31,61570,2023-03-31,,8140000000,-0.037,,,,,,,1560000000,-0.170,1100000000,,-0.167,44.14,,,,,,,,,,,,,,,,,,,,,,false,true,12,2022-04-01,2023-03-31,0
2022-10-31,61570,2022-03-31,,8201000000,,,,,,,,1766000000,,1278000000,,,51.12,,,,,,,,,,,,,,,,,,,,,,false,false,12,2021-04-01,2022-03-31,-1
2023-01-31,6157,2023-03-31,3,7360000000,0.011,,,,,1663000000,-0.006,1653000000,-0.031,,1120000000,,44.93,44.54,,,,,18163000000,16873000000,0.917,667.41,16657000000,,,,,,,,,,,,true,false,9,2022-04-01,2022-12-31,0
2023-01-31,6157,2022-03-31,3,7279000000,0.248,,,,,1673000000,0.794,1707000000,0.520,,1181000000,,47.23,46.83,,,,,,,,,,,,,,,,,,,,,true,false,9,2021-04-01,2021-12-31,-1
2023-01-31,6157,2023-03-31,3,9370000000,-0.016,,,,,1790000000,-0.152,1790000000,-0.170,,1210000000,,48.56,,,,,,,,,,,,,,,,,,,,,,true,true,12,2022-04-01,2023-03-31,0
2023-01-31,6157,2022-03-31,3,,,,,,,,,,,,,,,,,,,,17874000000,16165000000,0.892,640.58,15950000000,,,,,,,,,,,,true,false,12,2021-04-01,2022-03-31,-1
2023-01-31,6157,2022-03-31,3,,,,,,,,,,,,,,,,,,,,,,,,,,,,,22.50,,,,25035034,135138,,false,false,12,2021-04-01,2022-03-31,-1
2023-01-31,6157,2023-03-31,3,,,,,,,,,,,,,,,,,,,,,,,,,,,,,10.00,,,,,,,false,false,12,2022-04-01,2023-03-31,0
2023-01-31,6157,2023-03-31,3,,,,,,,,,,,,,,,,,,,,,,,,,,,,,22.50,,,,,,,false,true,12,2022-04-01,2023-03-31,0
2023-01-31,6157,2023-03-31,3,,,,,,,,,,,,,,,,,,,,,,,,,,,,,,,,,25035034,75866,24930626,false,false,9,2022-04-01,2022-12-31,0
2023-01-31,6157,2022-03-31,3,,,,,,,,,,,,,,,,,,,,,,,,,,,,,,,,,,,25020587,false,false,9,2021-04-01,2021-12-31,-1
2023-05-12,6157,2023-03-31,,9656000000,0.014,,,,,2108000000,-0.001,2131000000,-0.012,,1475000000,,59.16,58.64,0.090,0.116,0.218,,18857000000,17200000000,0.901,680.51,16984000000,1614000000,-1137000000,-560000000,8397000000,,0.380,,,,,,true,false,12,2022-04-01,2023-03-31,0
2023-05-12,6157,2022-03-31,,9524000000,0.176,,,,,2111000000,0.396,2156000000,0.259,,1522000000,,60.89,60.38,0.098,0.124,0.222,,17874000000,16165000000,0.892,640.58,15950000000,2261000000,-348000000,-763000000,8443000000,,0.370,,,,,,true,false,12,2021-04-01,2022-03-31,-1
2023-05-12,6157,2024-03-31,,4970000000,0.042,,,,,930000000,-0.031,930000000,-0.027,,600000000,,24.04,,,,,,,,,,,,,,,,,,,,,,true,true,6,2023-04-01,2023-09-30,1
2023-05-12,6157,2024-03-31,,9870000000,0.022,,,,,1820000000,-0.137,1830000000,-0.142,,1220000000,,48.88,,,,,,,,,,,,,,,,0.511,,,,,,true,true,12,2023-04-01,2024-03-31,1
2023-05-12,6157,2023-03-31,,8231000000,0.004,,,,,1653000000,0.008,1844000000,0.044,1331000000,,0.042,53.40,52.94,,,,,16219000000,14768000000,0.897,583.06,14552000000,,,,,22.50,,,,25035034,75866,24937664,false,false,12,2022-04-01,2023-03-31,0
2023-05-12,6157,2022-03-31,,8201000000,0.168,,,,,1640000000,0.254,1766000000,0.100,1278000000,,0.092,51.12,50.69,,,,,15304000000,13925000000,0.896,550.60,13709000000,,,,,22.50,,,,25035034,135138,25003496,false,false,12,2021-04-01,2022-03-31,-1
2023-05-12,6157,2024-03-31,,4330000000,0.069,,,,,,,930000000,0.047,650000000,,0.028,26.04,,,,,,,,,,,,,,,,,,,,,,false,true,6,2023-04-01,2023-09-30,1
2023-05-12,6157,2024-03-31,,8540000000,0.037,,,,,,,1690000000,-0.084,1180000000,,-0.114,47.28,,,,,,,,,,,,,,,25.00,,,,,,,false,true,12,2023-04-01,2024-03-31,1
2023-07-31,6157,2024-03-31,1,2204000000,-0.064,,,,,326000000,-0.397,332000000,-0.386,,199000000,,7.98,7.92,,,,,18412000000,17089000000,0.917,676.20,16885000000,,,,,,,,,,,,true,false,3,2023-04-01,2023-06-30,0
2023-07-31,6157,2023-03-31,1,2355000000,-0.037,,,,,542000000,-0.068,540000000,-0.083,,322000000,,12.94,12.83,,,,,,,,,,,,,,,,,,,,,true,false,3,2022-04-01,2022-06-30,-1
2023-07-31,6157,2024-03-31,1,4970000000,0.042,,,,,930000000,-0.031,930000000,-0.027,,600000000,,24.04,,,,,,,,,,,,,,,,,,,,,,true,true,6,2023-04-01,2023-09-30,0
2023-07-31,6157,2024-03-31,1,9870000000,0.022,,,,,1820000000,-0.137,1830000000,-0.142,,1220000000,,48.88,,,,,,,,,,,,,,,,,,,,,,true,true,12,2023-04-01,2024-03-31,0
2023-07-31,6157,2023-03-31,1,,,,,,,,,,,,,,,,,,,,18857000000,17200000000,0.901,680.51,16984000000,,,,,,,,,,,,true,false,12,2022-04-01,2023-03-31,-1
2023-07-31,6157,2023-03-31,1,,,,,,,,,,,,,,,,,,,,,,,,,,,,,22.50,,,,25035034,75866,,false,false,12,2022-04-01,2023-03-31,-1
2023-07-31,6157,2024-03-31,1,,,,,,,,,,,,,,,,,,,,,,,,,,,,,25.00,,,,,,,false,true,12,2023-04-01,2024-03-31,0
2023-07-31,6157,2024-03-31,1,,,,,,,,,,,,,,,,,,,,,,,,,,,,,,,,,25035034,63988,24970785,false,false,3,2023-04-01,2023-06-30,0
2023-07-31,6157,2023-03-31,1,,,,,,,,,,,,,,,,,,,,,,,,,,,,,,,,,,,24899872,false,false,3,2022-04-01,2022-06-30,-1
,61570,2024-03-31,,,,,,,,,,,,,,,,,,,,,,,,,,,,,,27.50,,,,,,,false,true,12,2023-04-01,2024-03-31,0
,61570,2023-03-31,,,,,,,,,,,,,,,,,,,,,,,,,,,,,,22.50,,,,,,,false,false,12,2022-04-01,2023-03-31,-1
2023-10-31,6157,2024-03-31,2,4416000000,-0.074,,,,,751000000,-0.217,769000000,-0.195,,507000000,,20.34,20.17,,,,,18586000000,17286000000,0.919,687.74,17082000000,,,,,,,,,,,,true,false,6,2023-04-01,2023-09-30,0
2023-10-31,6157,2023-03-31,2,4768000000,-0.011,,,,,960000000,-0.138,955000000,-0.155,,620000000,,24.88,24.67,,,,,,,,,,,,,,,,,,,,,true,false,6,2022-04-01,2022-09-30,-1
2023-10-31,6157,2024-03-31,2,9000000000,-0.068,,,,,1600000000,-0.241,1610000000,-0.245,,1100000000,,44.08,,,,,,,,,,,,,,,,,,,,,,true,true,12,2023-04-01,2024-03-31,0
2023-10-31,6157,2023-03-31,2,,,,,,,,,,,,,,,,,,,,18857000000,17200000000,0.901,680.51,16984000000,,,,,,,,,,,,true,false,12,2022-04-01,2023-03-31,-1
2023-10-31,6157,2023-03-31,2,,,,,,,,,,,,,,,,,,,,,,,,,,,,,22.50,,,,25035034,75866,,false,false,12,2022-04-01,2023-03-31,-1
2023-10-31,6157,2024-03-31,2,,,,,,,,,,,,,,,,,,,,,,,,,,,,,15.00,,,,,,,false,false,12,2023-04-01,2024-03-31,0
2023-10-31,6157,2024-03-31,2,,,,,,,,,,,,,,,,,,,,,,,,,,,,,27.50,,,,,,,false,true,12,2023-04-01,2024-03-31,0
2023-10-31,6157,2024-03-31,2,,,,,,,,,,,,,,,,,,,,,,,,,,,,,,,,,25035034,196038,24952151,false,false,6,2023-04-01,2023-09-30,0
2023-10-31,6157,2023-03-31,2,,,,,,,,,,,,,,,,,,,,,,,,,,,,,,,,,,,24919576,false,false,6,2022-04-01,2022-09-30,-1
2023-10-31,61570,2024-03-31,,9000000000,-0.088,,,,,1600000000,-0.121,1610000000,-0.120,,1100000000,,44.08,,,,,,,,,,,,,,,,,,,,,,true,true,6,2023-04-01,2023-09-30,0
2023-10-31,61570,2023-03-31,,9656000000,,,,,,2108000000,,2131000000,,,1475000000,,59.16,,,,,,,,,,,,,,,,,,,,,,true,false,6,2022-04-01,2022-09-30,-1
2023-10-31,61570,2024-03-31,,7810000000,-0.085,,,,,,,1460000000,-0.136,1060000000,,-0.102,42.48,,,,,,,,,,,,,,,,,,,,,,false,true,6,2023-04-01,2023-09-30,0
2023-10-31,61570,2023-03-31,,8231000000,,,,,,,,1844000000,,1331000000,,,53.40,,,,,,,,,,,,,,,,,,,,,,false,false,6,2022-04-01,2022-09-30,-1
2024-01-31,6157,2024-03-31,3,6749000000,-0.083,,,,,1348000000,-0.189,1362000000,-0.176,,928000000,,37.27,36.96,,,,,18546000000,17359000000,0.925,690.37,17155000000,,,,,,,,,,,,true,false,9,2023-04-01,2023-12-31,0
2024-01-31,6157,2023-03-31,3,7360000000,0.011,,,,,1663000000,-0.006,1653000000,-0.031,,1120000000,,44.93,44.54,,,,,,,,,,,,,,,,,,,,,true,false,9,2022-04-01,2022-12-31,-1
2024-01-31,6157,2024-03-31,3,9000000000,-0.068,,,,,1600000000,-0.241,1610000000,-0.245,,1100000000,,44.08,,,,,,,,,,,,,,,,,,,,,,true,true,12,2023-04-01,2024-03-31,0
2024-01-31,6157,2023-03-31,3,,,,,,,,,,,,,,,,,,,,18857000000,17200000000,0.901,680.51,16984000000,,,,,,,,,,,,true,false,12,2022-04-01,2023-03-31,-1
2024-01-31,6157,2023-03-31,3,,,,,,,,,,,,,,,,,,,,,,,,,,,,,22.50,,,,25035034,75866,,false,false,12,2022-04-01,2023-03-31,-1
2024-01-31,6157,2024-03-31,3,,,,,,,,,,,,,,,,,,,,,,,,,,,,,15.00,,,,,,,false,false,12,2023-04-01,2024-03-31,0
2024-01-31,6157,2024-03-31,3,,,,,,,,,,,,,,,,,,,,,,,,,,,,,27.50,,,,,,,false,true,12,2023-04-01,2024-03-31,0
2024-01-31,6157,2024-03-31,3,,,,,,,,,,,,,,,,,,,,,,,,,,,,,,,,,25035034,185138,24915524,false,false,9,2023-04-01,2023-12-31,0
2024-01-31,6157,2023-03-31,3,,,,,,,,,,,,,,,,,,,,,,,,,,,,,,,,,,,24930626,false,false,9,2022-04-01,2022-12-31,-1
2024-05-13,6157,2024-03-31,,9040000000,-0.064,,,,,1867000000,-0.114,1908000000,-0.105,,1320000000,,53.03,52.59,0.077,0.100,0.207,,19241000000,17729000000,0.911,705.25,17525000000,1834000000,-575000000,-883000000,8793000000,,0.519,,,,,,true,false,12,2023-04-01,2024-03-31,0
2024-05-13,6157,2023-03-31,,9656000000,0.014,,,,,2108000000,-0.001,2131000000,-0.012,,1475000000,,59.16,58.64,0.090,0.116,0.218,,18857000000,17200000000,0.901,680.51,16984000000,1614000000,-1137000000,-560000000,8397000000,,0.380,,,,,,true,false,12,2022-04-01,2023-03-31,-1
2024-05-13,6157,2025-03-31,,4670000000,0.057,,,,,840000000,0.117,840000000,0.092,,560000000,,22.54,,,,,,,,,,,,,,,,,,,,,,true,true,6,2024-04-01,2024-09-30,1
2024-05-13,6157,2025-03-31,,9430000000,0.043,,,,,1730000000,-0.074,1740000000,-0.088,,1190000000,,47.89,,,,,,,,,,,,,,,,0.626,,,,,,true,true,12,2024-04-01,2025-03-31,1
2024-05-13,6157,2024-03-31,,7913000000,-0.039,,,,,1592000000,-0.037,1735000000,-0.059,1256000000,,-0.056,50.47,50.05,,,,,16538000000,15205000000,0.907,603.70,15001000000,,,,,27.50,,,,25035034,185138,24899207,false,false,12,2023-04-01,2024-03-31,0
2024-05-13,6157,2023-03-31,,8231000000,0.004,,,,,1653000000,0.008,1844000000,0.044,1331000000,,0.042,53.40,52.94,,,,,16219000000,14768000000,0.897,583.06,14552000000,,,,,22.50,,,,25035034,75866,24937664,false,false,12,2022-04-01,2023-03-31,-1
2024-05-13,6157,2025-03-31,,4020000000,0.037,,,,,,,790000000,0.060,550000000,,0.017,22.13,,,,,,,,,,,,,,,,,,,,,,false,true,6,2024-04-01,2024-09-30,1
2024-05-13,6157,2025-03-31,,8150000000,0.030,,,,,,,1540000000,-0.113,1080000000,,-0.141,43.46,,,,,,,,,,,,,,,30.00,,,,,,,false,true,12,2024-04-01,2025-03-31,1
2024-07-31,6157,2025-03-31,1,2276000000,0.033,,,,,338000000,0.035,339000000,0.022,,220000000,,8.88,8.81,,,,,18886000000,17667000000,0.925,702.85,17472000000,,,,,,,,,,,,true,false,3,2024-04-01,2024-06-30,0
2024-07-31,6157,2024-03-31,1,2204000000,-0.064,,,,,326000000,-0.397,332000000,-0.386,,199000000,,7.98,7.92,,,,,,,,,,,,,,,,,,,,,true,false,3,2023-04-01,2023-06-30,-1
2024-07-31,6157,2025-03-31,1,4670000000,0.057,,,,,840000000,0.117,840000000,0.092,,560000000,,22.54,,,,,,,,,,,,,,,,,,,,,,true,true,6,2024-04-01,2024-09-30,0
2024-07-31,6157,2025-03-31,1,9430000000,0.043,,,,,1730000000,-0.074,1740000000,-0.088,,1190000000,,47.89,,,,,,,,,,,,,,,,,,,,,,true,true,12,2024-04-01,2025-03-31,0
2024-07-31,6157,2024-03-31,1,,,,,,,,,,,,,,,,,,,,19241000000,17729000000,0.911,705.25,17525000000,,,,,,,,,,,,true,false,12,2023-04-01,2024-03-31,-1
2024-07-31,6157,2024-03-31,1,,,,,,,,,,,,,,,,,,,,,,,,,,,,,27.50,,,,25035034,185138,,false,false,12,2023-04-01,2024-03-31,-1
2024-07-31,6157,2025-03-31,1,,,,,,,,,,,,,,,,,,,,,,,,,,,,,30.00,,,,,,,false,true,12,2024-04-01,2025-03-31,0
2024-07-31,6157,2025-03-31,1,,,,,,,,,,,,,,,,,,,,,,,,,,,,,,,,,25035034,174838,24860196,false,false,3,2024-04-01,2024-06-30,0
2024-07-31,6157,2024-03-31,1,,,,,,,,,,,,,,,,,,,,,,,,,,,,,,,,,,,24970785,false,false,3,2023-04-01,2023-06-30,-1
2024-10-31,6157,2025-03-31,2,4654000000,0.054,,,,,812000000,0.081,814000000,0.059,,568000000,,22.85,22.67,,,,,19470000000,18087000000,0.919,718.43,17893000000,,,,,,,,,,,,true,false,6,2024-04-01,2024-09-30,0
2024-10-31,6157,2024-03-31,2,4416000000,-0.074,,,,,751000000,-0.217,769000000,-0.195,,507000000,,20.34,20.17,,,,,,,,,,,,,,,,,,,,,true,false,6,2023-04-01,2023-09-30,-1
2024-10-31,6157,2025-03-31,2,9430000000,0.043,,,,,1730000000,-0.074,1740000000,-0.088,,1190000000,,47.89,,,,,,,,,,,,,,,,,,,,,,true,true,12,2024-04-01,2025-03-31,0
2024-10-31,6157,2024-03-31,2,,,,,,,,,,,,,,,,,,,,19241000000,17729000000,0.911,705.25,17525000000,,,,,,,,,,,,true,false,12,2023-04-01,2024-03-31,-1
2024-10-31,6157,2024-03-31,2,,,,,,,,,,,,,,,,,,,,,,,,,,,,,27.50,,,,25035034,185138,,false,false,12,2023-04-01,2024-03-31,-1
2024-10-31,6157,2025-03-31,2,,,,,,,,,,,,,,,,,,,,,,,,,,,,,15.00,,,,,,,false,false,12,2024-04-01,2025-03-31,0
2024-10-31,6157,2025-03-31,2,,,,,,,,,,,,,,,,,,,,,,,,,,,,,30.00,,,,,,,false,true,12,2024-04-01,2025-03-31,0
2024-10-31,6157,2025-03-31,2,,,,,,,,,,,,,,,,,,,,,,,,,,,,,,,,,25035034,128363,24878909,false,false,6,2024-04-01,2024-09-30,0
2024-10-31,6157,2024-03-31,2,,,,,,,,,,,,,,,,,,,,,,,,,,,,,,,,,,,24952151,false,false,6,2023-04-01,2023-09-30,-1
2025-01-31,6157,2025-03-31,3,7042000000,0.043,,,,,1297000000,-0.038,1302000000,-0.043,,918000000,,36.90,36.61,,,,,19318000000,18023000000,0.923,715.48,17829000000,,,,,,,,,,,,true,false,9,2024-04-01,2024-12-31,0
2025-01-31,6157,2024-03-31,3,6749000000,-0.083,,,,,1348000000,-0.189,1362000000,-0.176,,928000000,,37.27,36.96,,,,,,,,,,,,,,,,,,,,,true,false,9,2023-04-01,2023-12-31,-1
2025-01-31,6157,2025-03-31,3,9430000000,0.043,,,,,1730000000,-0.074,1740000000,-0.088,,1190000000,,47.89,,,,,,,,,,,,,,,,,,,,,,true,true,12,2024-04-01,2025-03-31,0
2025-01-31,6157,2024-03-31,3,,,,,,,,,,,,,,,,,,,,19241000000,17729000000,0.911,705.25,17525000000,,,,,,,,,,,,true,false,12,2023-04-01,2024-03-31,-1
2025-01-31,6157,2024-03-31,3,,,,,,,,,,,,,,,,,,,,,,,,,,,,,27.50,,,,25035034,185138,,false,false,12,2023-04-01,2024-03-31,-1
2025-01-31,6157,2025-03-31,3,,,,,,,,,,,,,,,,,,,,,,,,,,,,,15.00,,,,,,,false,false,12,2024-04-01,2025-03-31,0
2025-01-31,6157,2025-03-31,3,,,,,,,,,,,,,,,,,,,,,,,,,,,,,30.00,,,,,,,false,true,12,2024-04-01,2025-03-31,0
2025-01-31,6157,2025-03-31,3,,,,,,,,,,,,,,,,,,,,,,,,,,,,,,,,,25035034,116163,24889527,false,false,9,2024-04-01,2024-12-31,0
2025-01-31,6157,2024-03-31,3,,,,,,,,,,,,,,,,,,,,,,,,,,,,,,,,,,,24915524,false,false,9,2023-04-01,2023-12-31,-1
2025-05-15,6157,2025-03-31,,9431000000,0.043,,,,,1767000000,-0.054,1779000000,-0.068,,1264000000,,50.80,50.40,0.071,0.091,0.187,,19941000000,18415000000,0.914,731.24,18221000000,2011000000,-392000000,-684000000,9768000000,,0.591,,,,,,true,false,12,2024-04-01,2025-03-31,0
2025-05-15,6157,2024-03-31,,9040000000,-0.064,,,,,1867000000,-0.114,1908000000,-0.105,,1320000000,,53.03,52.59,0.077,0.100,0.207,,19241000000,17729000000,0.911,705.25,17525000000,1834000000,-575000000,-883000000,8793000000,,0.519,,,,,,true,false,12,2023-04-01,2024-03-31,-1
2025-05-15,6157,2026-03-31,,4800000000,0.031,,,,,920000000,0.132,920000000,0.129,,620000000,,24.90,,,,,,,,,,,,,,,,,,,,,,true,true,6,2025-04-01,2025-09-30,1
2025-05-15,6157,2026-03-31,,9680000000,0.026,,,,,1740000000,-0.015,1750000000,-0.017,,1200000000,,48.20,,,,,,,,,,,,,,,,0.622,,,,,,true,true,12,2025-04-01,2026-03-31,1
2025-05-15,6157,2025-03-31,,8070000000,0.020,,,,,1439000000,-0.096,1563000000,-0.099,1144000000,,-0.089,45.96,45.60,,,,,17044000000,15721000000,0.911,623.12,15527000000,,,,,30.00,,,,25035034,116163,24896763,false,false,12,2024-04-01,2025-03-31,0
2025-05-15,6157,2024-03-31,,7913000000,-0.039,,,,,1592000000,-0.037,1735000000,-0.059,1256000000,,-0.056,50.47,50.05,,,,,16538000000,15205000000,0.907,603.70,15001000000,,,,,27.50,,,,25035034,185138,24899207,false,false,12,2023-04-01,2024-03-31,-1
2025-05-15,6157,2026-03-31,,4180000000,0.032,,,,,,,880000000,0.179,620000000,,0.133,24.90,,,,,,,,,,,,,,,,,,,,,,false,true,6,2025-04-01,2025-09-30,1
2025-05-15,6157,2026-03-31,,8300000000,0.028,,,,,,,1560000000,-0.002,1090000000,,-0.047,43.78,,,,,,,,,,,,,,,30.00,,,,,,,false,true,12,2025-04-01,2026-03-31,1
