filing_date,code,fiscal_year_end,quarterly_period,net_sales,net_sales_change,revenue,revenue_change,operating_revenue,operating_revenue_change,operating_profit,operating_profit_change,ordinary_profit,ordinary_profit_change,net_income,net_income_of_parent,net_income_change,eps,diluted_eps,roe,roa,operating_profit_to_net_sales,operating_profit_to_revenue,total_assets,net_assets,equity_ratio,bps,owner_equity,operating_cash_flow,investing_cash_flow,financing_cash_flow,cash,dividend_per_share,payout_ratio,commemorative_dividend,extra_dividend,number_of_shares,number_of_treqsury_shares,avg_number_of_shares,is_consolidated,is_forecast,duration,period_start,period_end,period_pos
2016-02-09,61850,2016-03-31,3,4015000000,,,,,,184000000,,170000000,,151000000,,,70.81,57.92,,,,,2968000000,2238000000,0.754,,2238000000,,,,,,,,,2739000,,2145495,false,false,9,2015-04-01,2015-12-31,0
2016-02-09,61850,2016-03-31,3,5390000000,0.452,,,,,260000000,0.531,244000000,0.442,234000000,,0.129,101.66,,,,,,,,,,,,,,,0.00,,,,,,,false,true,12,2015-04-01,2016-03-31,0
2016-02-09,61850,2015-03-31,3,,,,,,,,,,,,,,,,,,,,1434000000,717000000,0.500,,717000000,,,,,,,,,2056000,,,false,false,12,2014-04-01,2015-03-31,-1
2016-05-10,61850,2016-03-31,,5628000000,0.516,,,,,294000000,0.733,278000000,0.646,241000000,,0.163,104.68,83.29,0.150,0.114,0.052,,3439000000,2518000000,0.732,890.34,2518000000,326000000,-493000000,1559000000,1718000000,0.00,,,,2829000,,2310765,false,false,12,2015-04-01,2016-03-31,0
2016-05-10,61850,2015-03-31,,3712000000,0.604,,,,,170000000,1.696,169000000,1.578,207000000,,2.357,101.13,,0.339,0.147,0.046,,1434000000,717000000,0.500,348.79,717000000,265000000,-318000000,0,325000000,0.00,,,,2056000,,2055902,false,false,12,2014-04-01,2015-03-31,-1
2016-05-10,61850,2017-03-31,,,,,,,,,,,,,,,,,,,,,,,,,,,,,,0.00,,,,,,,false,true,12,2016-04-01,2017-03-31,1
2016-08-09,61850,2017-03-31,1,1498000000,,,,,,18000000,,18000000,,,3000000,,1.14,0.95,,,,,3300000000,2522000000,0.764,891.59,2522000000,,,,,,,,,,,,true,false,3,2016-04-01,2016-06-30,0
2016-08-09,61850,2017-03-31,1,6700000000,,,,,,300000000,,300000000,,,225000000,,78.07,,,,,,,,,,,,,,,,,,,,,,true,true,12,2016-04-01,2017-03-31,0
2016-08-09,61850,2016-03-31,1,,,,,,,,,,,,,,,,,,,,,,,,,,,,,0.00,,,,2829000,,,false,false,12,2015-04-01,2016-03-31,-1
2016-08-09,61850,2017-03-31,1,,,,,,,,,,,,,,,,,,,,,,,,,,,,,0.00,,,,,,,false,true,12,2016-04-01,2017-03-31,0
2016-08-09,61850,2017-03-31,1,,,,,,,,,,,,,,,,,,,,,,,,,,,,,,,,,2829000,30,2828972,false,false,3,2016-04-01,2016-06-30,0
2016-11-07,61850,2017-03-31,2,3183000000,,,,,,87000000,,87000000,,,54000000,,19.12,16.31,,,,,3484000000,2584000000,0.742,889.68,2584000000,,,,,,,,,,,,true,false,6,2016-04-01,2016-09-30,0
2016-11-07,61850,2017-03-31,2,6700000000,,,,,,300000000,,300000000,,,225000000,,78.07,,,,,,,,,,,,,,,,,,,,,,true,true,12,2016-04-01,2017-03-31,0
2016-11-07,61850,2016-03-31,2,,,,,,,,,,,,,,,,,,,,,,,,,,,,,0.00,,,,2829000,,,false,false,12,2015-04-01,2016-03-31,-1
2016-11-07,61850,2017-03-31,2,,,,,,,,,,,,,,,,,,,,,,,,,,,,,0.00,,,,,,,false,false,12,2016-04-01,2017-03-31,0
2016-11-07,61850,2017-03-31,2,,,,,,,,,,,,,,,,,,,,,,,,,,,,,0.00,,,,,,,false,true,12,2016-04-01,2017-03-31,0
2016-11-07,61850,2017-03-31,2,,,,,,,,,,,,,,,,,,,,,,,,,,,,,,,,,2904900,30,2859663,false,false,6,2016-04-01,2016-09-30,0
2017-02-07,61850,2017-03-31,3,4910000000,,,,,,150000000,,150000000,,,105000000,,36.67,32.08,,,,,3555000000,2651000000,0.746,889.37,2651000000,,,,,,,,,,,,true,false,9,2016-04-01,2016-12-31,0
2017-02-07,61850,2017-03-31,3,6700000000,,,,,,300000000,,300000000,,,225000000,,77.22,,,,,,,,,,,,,,,,,,,,,,true,true,12,2016-04-01,2017-03-31,0
2017-02-07,61850,2016-03-31,3,,,,,,,,,,,,,,,,,,,,,,,,,,,,,0.00,,,,2829000,,,false,false,12,2015-04-01,2016-03-31,-1
2017-02-07,61850,2017-03-31,3,,,,,,,,,,,,,,,,,,,,,,,,,,,,,0.00,,,,,,,false,false,12,2016-04-01,2017-03-31,0
2017-02-07,61850,2017-03-31,3,,,,,,,,,,,,,,,,,,,,,,,,,,,,,0.00,,,,,,,false,true,12,2016-04-01,2017-03-31,0
2017-02-07,61850,2017-03-31,3,,,,,,,,,,,,,,,,,,,,,,,,,,,,,,,,,2980800,30,2881687,false,false,9,2016-04-01,2016-12-31,0
2017-05-09,61850,2017-03-31,,6961000000,,,,,,324000000,,324000000,,,250000000,,86.03,76.30,0.094,0.087,0.047,,3988000000,2817000000,0.706,930.66,2817000000,425000000,-428000000,43000000,1758000000,,,,,,,,true,false,12,2016-04-01,2017-03-31,0
2017-05-09,61850,2018-03-31,,8570000000,0.231,,,,,400000000,0.231,400000000,0.234,,300000000,,99.10,,,,,,,,,,,,,,,,,,,,,,true,true,12,2017-04-01,2018-03-31,1
2017-05-09,61850,2017-03-31,,4506000000,-0.199,,,,,179000000,-0.392,178000000,-0.360,158000000,,-0.343,54.51,48.34,,,,,3503000000,2722000000,0.777,899.30,2722000000,,,,,0.00,,,,3027400,30,2914503,false,false,12,2016-04-01,2017-03-31,0
2017-05-09,61850,2016-03-31,,5628000000,0.516,,,,,294000000,0.733,278000000,0.646,241000000,,0.163,104.68,83.29,,,,,3439000000,2518000000,0.732,890.34,2518000000,,,,,0.00,,,,2829000,,,false,false,12,2015-04-01,2016-03-31,-1
2017-05-09,61850,2018-03-31,,,,,,,,,,,,,,,,,,,,,,,,,,,,,,0.00,,,,,,,false,true,12,2017-04-01,2018-03-31,1
2017-08-08,61850,2018-03-31,1,2030000000,0.355,,,,,56000000,2.110,56000000,2.009,,42000000,,14.09,12.79,,,,,3913000000,2884000000,0.737,933.50,2884000000,,,,,,,,,,,,true,false,3,2017-04-01,2017-06-30,0
2017-08-08,61850,2017-03-31,1,1498000000,,,,,,18000000,,18000000,,,3000000,,1.14,0.95,,,,,,,,,,,,,,,,,,,,,true,false,3,2016-04-01,2016-06-30,-1
2017-08-08,61850,2018-03-31,1,8570000000,0.231,,,,,400000000,0.231,400000000,0.234,,300000000,,97.38,,,,,,,,,,,,,,,,,,,,,,true,true,12,2017-04-01,2018-03-31,0
2017-08-08,61850,2017-03-31,1,,,,,,,,,,,,,,,,,,,,3988000000,2817000000,0.706,930.66,2817000000,,,,,,,,,,,,true,false,12,2016-04-01,2017-03-31,-1
2017-08-08,61850,2017-03-31,1,,,,,,,,,,,,,,,,,,,,,,,,,,,,,0.00,,,,3027400,30,,false,false,12,2016-04-01,2017-03-31,-1
2017-08-08,61850,2018-03-31,1,,,,,,,,,,,,,,,,,,,,,,,,,,,,,0.00,,,,,,,false,true,12,2017-04-01,2018-03-31,0
2017-08-08,61850,2018-03-31,1,,,,,,,,,,,,,,,,,,,,,,,,,,,,,,,,,3090200,30,3051852,false,false,3,2017-04-01,2017-06-30,0
2017-08-08,61850,2017-03-31,1,,,,,,,,,,,,,,,,,,,,,,,,,,,,,,,,,,,2828972,false,false,3,2016-04-01,2016-06-30,-1
2017-11-07,61850,2018-03-31,2,4359000000,0.369,,,,,157000000,0.810,156000000,0.794,,104000000,,34.04,30.84,,,,,4283000000,2957000000,0.690,955.69,2957000000,,,,,,,,,,,,true,false,6,2017-04-01,2017-09-30,0
2017-11-07,61850,2017-03-31,2,3183000000,,,,,,87000000,,87000000,,,54000000,,19.12,16.31,,,,,,,,,,,,,,,,,,,,,true,false,6,2016-04-01,2016-09-30,-1
2017-11-07,61850,2018-03-31,2,8570000000,0.231,,,,,400000000,0.231,400000000,0.234,,300000000,,97.29,,,,,,,,,,,,,,,,,,,,,,true,true,12,2017-04-01,2018-03-31,0
2017-11-07,61850,2017-03-31,2,,,,,,,,,,,,,,,,,,,,3988000000,2817000000,0.706,930.66,2817000000,,,,,,,,,,,,true,false,12,2016-04-01,2017-03-31,-1
2017-11-07,61850,2017-03-31,2,,,,,,,,,,,,,,,,,,,,,,,,,,,,,0.00,,,,3027400,30,,false,false,12,2016-04-01,2017-03-31,-1
2017-11-07,61850,2018-03-31,2,,,,,,,,,,,,,,,,,,,,,,,,,,,,,0.00,,,,,,,false,false,12,2017-04-01,2018-03-31,0
2017-11-07,61850,2018-03-31,2,,,,,,,,,,,,,,,,,,,,,,,,,,,,,0.00,,,,,,,false,true,12,2017-04-01,2018-03-31,0
2017-11-07,61850,2018-03-31,2,,,,,,,,,,,,,,,,,,,,,,,,,,,,,,,,,3094833,30,3072525,false,false,6,2017-04-01,2017-09-30,0
2017-11-07,61850,2017-03-31,2,,,,,,,,,,,,,,,,,,,,,,,,,,,,,,,,,,,2859663,false,false,6,2016-04-01,2016-09-30,-1
2018-02-06,61850,2018-03-31,3,6568000000,0.338,,,,,302000000,1.009,298000000,0.980,,208000000,,67.60,62.25,,,,,4158000000,3072000000,0.739,973.57,3072000000,,,,,,,,,,,,true,false,9,2017-04-01,2017-12-31,0
2018-02-06,61850,2017-03-31,3,4910000000,,,,,,150000000,,150000000,,,105000000,,36.67,32.08,,,,,,,,,,,,,,,,,,,,,true,false,9,2016-04-01,2016-12-31,-1
2018-02-06,61850,2018-03-31,3,8570000000,0.231,,,,,400000000,0.231,400000000,0.234,,300000000,,96.78,,,,,,,,,,,,,,,,,,,,,,true,true,12,2017-04-01,2018-03-31,0
2018-02-06,61850,2017-03-31,3,,,,,,,,,,,,,,,,,,,,3988000000,2817000000,0.706,930.66,2817000000,,,,,,,,,,,,true,false,12,2016-04-01,2017-03-31,-1
2018-02-06,61850,2017-03-31,3,,,,,,,,,,,,,,,,,,,,,,,,,,,,,0.00,,,,3027400,30,,false,false,12,2016-04-01,2017-03-31,-1
2018-02-06,61850,2018-03-31,3,,,,,,,,,,,,,,,,,,,,,,,,,,,,,0.00,,,,,,,false,false,12,2017-04-01,2018-03-31,0
2018-02-06,61850,2018-03-31,3,,,,,,,,,,,,,,,,,,,,,,,,,,,,,0.00,,,,,,,false,true,12,2017-04-01,2018-03-31,0
2018-02-06,61850,2018-03-31,3,,,,,,,,,,,,,,,,,,,,,,,,,,,,,,,,,3156133,30,3081381,false,false,9,2017-04-01,2017-12-31,0
2018-02-06,61850,2017-03-31,3,,,,,,,,,,,,,,,,,,,,,,,,,,,,,,,,,,,2881687,false,false,9,2016-04-01,2016-12-31,-1
2018-04-10,61850,2018-03-31,,9000000000,0.050,,,,,530000000,0.325,520000000,0.300,,640000000,,103.22,,,,,,,,,,,,,,,,,,,,,,true,true,12,2017-04-01,2018-03-31,0
2018-04-10,61850,2017-03-31,,6961000000,,,,,,324000000,,324000000,,,250000000,,43.02,,,,,,,,,,,,,,,,,,,,,,true,false,12,2016-04-01,2017-03-31,-1
2018-05-08,61850,2018-03-31,,9021000000,0.296,,,,,543000000,0.671,537000000,0.658,,637000000,,102.81,94.50,0.202,0.120,0.060,,4946000000,3505000000,0.709,554.69,3505000000,731000000,-692000000,39000000,1836000000,,,,,,,,true,false,12,2017-04-01,2018-03-31,0
2018-05-08,61850,2017-03-31,,6961000000,,,,,,324000000,,324000000,,,250000000,,43.02,38.15,0.094,0.087,0.047,,3988000000,2817000000,0.706,465.33,2817000000,425000000,-428000000,43000000,1758000000,,,,,,,,true,false,12,2016-04-01,2017-03-31,-1
2018-05-08,61850,2019-03-31,,11000000000,0.219,,,,,750000000,0.381,750000000,0.396,,500000000,,78.93,,,,,,,,,,,,,,,,,,,,,,true,true,12,2018-04-01,2019-03-31,1
2018-05-08,61850,2018-03-31,,5700000000,0.265,,,,,386000000,1.157,382000000,1.143,534000000,,2.367,86.26,79.29,,,,,4291000000,3308000000,0.771,523.49,3308000000,,,,,0.00,,,,6319866,174,6201013,false,false,12,2017-04-01,2018-03-31,0
2018-05-08,61850,2017-03-31,,4506000000,-0.199,,,,,179000000,-0.392,178000000,-0.360,158000000,,-0.343,27.25,24.17,,,,,3503000000,2722000000,0.777,449.65,2722000000,,,,,0.00,,,,6054800,60,5828999,false,false,12,2016-04-01,2017-03-31,-1
2018-05-08,61850,2019-03-31,,,,,,,,,,,,,,,,,,,,,,,,,,,,,,0.00,,,,,,,false,true,12,2018-04-01,2019-03-31,1
2018-08-07,61850,2019-03-31,1,2386000000,0.175,,,,,108000000,0.905,107000000,0.920,,62000000,,9.93,9.08,,,,,4761000000,3591000000,0.754,564.88,3591000000,,,,,,,,,,,,true,false,3,2018-04-01,2018-06-30,0
2018-08-07,61850,2018-03-31,1,2030000000,0.355,,,,,56000000,2.110,56000000,2.009,,42000000,,7.04,6.39,,,,,,,,,,,,,,,,,,,,,true,false,3,2017-04-01,2017-06-30,-1
2018-08-07,61850,2019-03-31,1,11000000000,0.219,,,,,750000000,0.381,750000000,0.396,,500000000,,78.59,,,,,,,,,,,,,,,,,,,,,,true,true,12,2018-04-01,2019-03-31,0
2018-08-07,61850,2018-03-31,1,,,,,,,,,,,,,,,,,,,,4944000000,3505000000,0.709,554.69,3505000000,,,,,,,,,,,,true,false,12,2017-04-01,2018-03-31,-1
2018-08-07,61850,2018-03-31,1,,,,,,,,,,,,,,,,,,,,,,,,,,,,,0.00,,,,6319866,174,,false,false,12,2017-04-01,2018-03-31,-1
2018-08-07,61850,2019-03-31,1,,,,,,,,,,,,,,,,,,,,,,,,,,,,,0.00,,,,,,,false,true,12,2018-04-01,2019-03-31,0
2018-08-07,61850,2019-03-31,1,,,,,,,,,,,,,,,,,,,,,,,,,,,,,,,,,6357666,174,6338226,false,false,3,2018-04-01,2018-06-30,0
2018-08-07,61850,2018-03-31,1,,,,,,,,,,,,,,,,,,,,,,,,,,,,,,,,,,,6103705,false,false,3,2017-04-01,2017-06-30,-1
2018-11-06,61850,2019-03-31,2,4978000000,0.142,,,,,254000000,0.611,253000000,0.616,,153000000,,12.09,11.09,,,,,5051000000,3715000000,0.735,290.86,3714000000,,,,,,,,,,,,true,false,6,2018-04-01,2018-09-30,0
2018-11-06,61850,2018-03-31,2,4359000000,0.369,,,,,157000000,0.810,156000000,0.794,,104000000,,8.51,7.71,,,,,,,,,,,,,,,,,,,,,true,false,6,2017-04-01,2017-09-30,-1
2018-11-06,61850,2019-03-31,2,11000000000,0.219,,,,,750000000,0.381,750000000,0.396,,500000000,,39.24,,,,,,,,,,,,,,,,,,,,,,true,true,12,2018-04-01,2019-03-31,0
2018-11-06,61850,2018-03-31,2,,,,,,,,,,,,,,,,,,,,4944000000,3505000000,0.709,277.34,3505000000,,,,,,,,,,,,true,false,12,2017-04-01,2018-03-31,-1
2018-11-06,61850,2018-03-31,2,,,,,,,,,,,,,,,,,,,,,,,,,,,,,0.00,,,,12639732,348,,false,false,12,2017-04-01,2018-03-31,-1
2018-11-06,61850,2019-03-31,2,,,,,,,,,,,,,,,,,,,,,,,,,,,,,0.00,,,,,,,false,false,12,2018-04-01,2019-03-31,0
2018-11-06,61850,2019-03-31,2,,,,,,,,,,,,,,,,,,,,,,,,,,,,,0.00,,,,,,,false,true,12,2018-04-01,2019-03-31,0
2018-11-06,61850,2019-03-31,2,,,,,,,,,,,,,,,,,,,,,,,,,,,,,,,,,12775684,455,12711250,false,false,6,2018-04-01,2018-09-30,0
2018-11-06,61850,2018-03-31,2,,,,,,,,,,,,,,,,,,,,,,,,,,,,,,,,,,,12290099,false,false,6,2017-04-01,2017-09-30,-1
2019-02-05,61850,2019-03-31,3,7409000000,0.128,,,,,381000000,0.262,377000000,0.265,,238000000,,18.69,17.24,,,,,5029000000,3820000000,0.760,297.24,3820000000,,,,,,,,,,,,true,false,9,2018-04-01,2018-12-31,0
2019-02-05,61850,2018-03-31,3,6568000000,0.338,,,,,302000000,1.009,298000000,0.980,,208000000,,16.90,15.56,,,,,,,,,,,,,,,,,,,,,true,false,9,2017-04-01,2017-12-31,-1
2019-02-05,61850,2019-03-31,3,10000000000,0.109,,,,,700000000,0.289,700000000,0.303,,470000000,,36.79,,,,,,,,,,,,,,,,,,,,,,true,true,12,2018-04-01,2019-03-31,0
2019-02-05,61850,2018-03-31,3,,,,,,,,,,,,,,,,,,,,4944000000,3505000000,0.709,277.34,3505000000,,,,,,,,,,,,true,false,12,2017-04-01,2018-03-31,-1
2019-02-05,61850,2018-03-31,3,,,,,,,,,,,,,,,,,,,,,,,,,,,,,0.00,,,,12639732,348,,false,false,12,2017-04-01,2018-03-31,-1
2019-02-05,61850,2019-03-31,3,,,,,,,,,,,,,,,,,,,,,,,,,,,,,0.00,,,,,,,false,false,12,2018-04-01,2019-03-31,0
2019-02-05,61850,2019-03-31,3,,,,,,,,,,,,,,,,,,,,,,,,,,,,,0.00,,,,,,,false,true,12,2018-04-01,2019-03-31,0
2019-02-05,61850,2019-03-31,3,,,,,,,,,,,,,,,,,,,,,,,,,,,,,,,,,12853284,455,12750329,false,false,9,2018-04-01,2018-12-31,0
2019-02-05,61850,2018-03-31,3,,,,,,,,,,,,,,,,,,,,,,,,,,,,,,,,,,,12327306,false,false,9,2017-04-01,2017-12-31,-1
2019-04-26,61850,2019-03-31,,10216000000,0.133,,,,,725000000,0.336,716000000,0.334,,576000000,,45.15,41.76,0.150,0.136,0.071,,5599000000,4162000000,0.743,323.16,4162000000,885000000,-717000000,62000000,2066000000,,,,,,,,true,false,12,2018-04-01,2019-03-31,0
2019-04-26,61850,2018-03-31,,9021000000,0.296,,,,,543000000,0.671,537000000,0.658,,637000000,,51.41,47.25,0.202,0.120,0.060,,4944000000,3505000000,0.709,277.34,3505000000,731000000,-692000000,39000000,1836000000,,,,,,,,true,false,12,2017-04-01,2018-03-31,-1
2019-04-26,61850,2020-03-31,,11000000000,0.077,,,,,550000000,-0.242,550000000,-0.233,,380000000,,29.50,,,,,,,,,,,,,,,,,,,,,,true,true,12,2019-04-01,2020-03-31,1
2019-04-26,61850,2019-03-31,,6379000000,0.119,,,,,541000000,0.402,533000000,0.395,453000000,,-0.152,35.50,32.83,,,,,4735000000,3841000000,0.811,298.30,3841000000,,,,,0.00,,,,12879684,455,12777368,false,false,12,2018-04-01,2019-03-31,0
2019-04-26,61850,2018-03-31,,5700000000,0.265,,,,,386000000,1.157,382000000,1.143,534000000,,2.367,43.13,39.65,,,,,4291000000,3308000000,0.771,261.75,3308000000,,,,,0.00,,,,12639732,348,12402027,false,false,12,2017-04-01,2018-03-31,-1
2019-04-26,61850,2020-03-31,,,,,,,,,,,,,,,,,,,,,,,,,,,,,,0.00,,,,,,,false,true,12,2019-04-01,2020-03-31,1
2019-07-31,61850,2020-03-31,1,2471000000,0.036,,,,,98000000,-0.086,98000000,-0.088,,72000000,,5.61,5.23,,,,,5268000000,4115000000,0.781,322.55,4115000000,,,,,,,,,,,,true,false,3,2019-04-01,2019-06-30,0
2019-07-31,61850,2019-03-31,1,2386000000,0.175,,,,,108000000,0.905,107000000,0.920,,62000000,,4.96,4.54,,,,,,,,,,,,,,,,,,,,,true,false,3,2018-04-01,2018-06-30,-1
2019-07-31,61850,2020-03-31,1,11000000000,0.077,,,,,550000000,-0.242,550000000,-0.233,,380000000,,29.74,,,,,,,,,,,,,,,,,,,,,,true,true,12,2019-04-01,2020-03-31,0
2019-07-31,61850,2019-03-31,1,,,,,,,,,,,,,,,,,,,,5599000000,4162000000,0.743,323.16,4162000000,,,,,,,,,,,,true,false,12,2018-04-01,2019-03-31,-1
2019-07-31,61850,2019-03-31,1,,,,,,,,,,,,,,,,,,,,,,,,,,,,,0.00,,,,12879684,455,,false,false,12,2018-04-01,2019-03-31,-1
2019-07-31,61850,2020-03-31,1,,,,,,,,,,,,,,,,,,,,,,,,,,,,,0.00,,,,,,,false,true,12,2019-04-01,2020-03-31,0
2019-07-31,61850,2020-03-31,1,,,,,,,,,,,,,,,,,,,,,,,,,,,,,,,,,12899684,141577,12842139,false,false,3,2019-04-01,2019-06-30,0
2019-07-31,61850,2019-03-31,1,,,,,,,,,,,,,,,,,,,,,,,,,,,,,,,,,,,12676452,false,false,3,2018-04-01,2018-06-30,-1
2019-10-31,61850,2020-03-31,2,5239000000,0.052,,,,,261000000,0.030,254000000,0.003,,163000000,,12.81,11.95,,,,,5921000000,4178000000,0.706,328.18,4178000000,,,,,,,,,,,,true,false,6,2019-04-01,2019-09-30,0
2019-10-31,61850,2019-03-31,2,4978000000,0.142,,,,,254000000,0.611,253000000,0.616,,153000000,,12.09,11.09,,,,,,,,,,,,,,,,,,,,,true,false,6,2018-04-01,2018-09-30,-1
2019-10-31,61850,2020-03-31,2,11000000000,0.077,,,,,550000000,-0.242,550000000,-0.233,,380000000,,29.78,,,,,,,,,,,,,,,,,,,,,,true,true,12,2019-04-01,2020-03-31,0
2019-10-31,61850,2019-03-31,2,,,,,,,,,,,,,,,,,,,,5599000000,4162000000,0.743,323.16,4162000000,,,,,,,,,,,,true,false,12,2018-04-01,2019-03-31,-1
2019-10-31,61850,2019-03-31,2,,,,,,,,,,,,,,,,,,,,,,,,,,,,,0.00,,,,12879684,455,,false,false,12,2018-04-01,2019-03-31,-1
2019-10-31,61850,2020-03-31,2,,,,,,,,,,,,,,,,,,,,,,,,,,,,,0.00,,,,,,,false,false,12,2019-04-01,2020-03-31,0
2019-10-31,61850,2020-03-31,2,,,,,,,,,,,,,,,,,,,,,,,,,,,,,0.00,,,,,,,false,true,12,2019-04-01,2020-03-31,0
2019-10-31,61850,2020-03-31,2,,,,,,,,,,,,,,,,,,,,,,,,,,,,,,,,,12933333,200477,12787123,false,false,6,2019-04-01,2019-09-30,0
2019-10-31,61850,2019-03-31,2,,,,,,,,,,,,,,,,,,,,,,,,,,,,,,,,,,,12711250,false,false,6,2018-04-01,2018-09-30,-1
2020-01-31,61850,2020-03-31,3,8076000000,0.090,,,,,402000000,0.054,395000000,0.048,,251000000,,19.62,18.42,,,,,5886000000,4335000000,0.736,336.14,4335000000,,,,,,,,,,,,true,false,9,2019-04-01,2019-12-31,0
2020-01-31,61850,2019-03-31,3,7409000000,0.128,,,,,381000000,0.262,377000000,0.265,,238000000,,18.69,17.24,,,,,,,,,,,,,,,,,,,,,true,false,9,2018-04-01,2018-12-31,-1
2020-01-31,61850,2020-03-31,3,11000000000,0.077,,,,,550000000,-0.242,550000000,-0.233,,380000000,,29.64,,,,,,,,,,,,,,,,,,,,,,true,true,12,2019-04-01,2020-03-31,0
2020-01-31,61850,2019-03-31,3,,,,,,,,,,,,,,,,,,,,5599000000,4162000000,0.743,323.16,4162000000,,,,,,,,,,,,true,false,12,2018-04-01,2019-03-31,-1
2020-01-31,61850,2019-03-31,3,,,,,,,,,,,,,,,,,,,,,,,,,,,,,0.00,,,,12879684,455,,false,false,12,2018-04-01,2019-03-31,-1
2020-01-31,61850,2020-03-31,3,,,,,,,,,,,,,,,,,,,,,,,,,,,,,0.00,,,,,,,false,false,12,2019-04-01,2020-03-31,0
2020-01-31,61850,2020-03-31,3,,,,,,,,,,,,,,,,,,,,,,,,,,,,,0.00,,,,,,,false,true,12,2019-04-01,2020-03-31,0
2020-01-31,61850,2020-03-31,3,,,,,,,,,,,,,,,,,,,,,,,,,,,,,,,,,13033333,136942,12794065,false,false,9,2019-04-01,2019-12-31,0
2020-01-31,61850,2019-03-31,3,,,,,,,,,,,,,,,,,,,,,,,,,,,,,,,,,,,12750329,false,false,9,2018-04-01,2018-12-31,-1
2020-04-07,61850,2020-03-31,,11500000000,0.045,,,,,740000000,0.345,730000000,0.327,,460000000,,35.88,,,,,,,,,,,,,,,,,,,,,,true,true,12,2019-04-01,2020-03-31,0
2020-04-07,61850,2019-03-31,,10216000000,,,,,,725000000,,716000000,,,576000000,,45.15,,,,,,,,,,,,,,,,,,,,,,true,false,12,2018-04-01,2019-03-31,-1
2020-05-13,61850,2020-03-31,,11607000000,0.136,,,,,747000000,0.031,735000000,0.026,,483000000,,37.73,35.45,0.111,0.120,0.064,,6610000000,4570000000,0.691,354.12,4570000000,1117000000,-874000000,-210000000,2098000000,,,,,,,,true,false,12,2019-04-01,2020-03-31,0
2020-05-13,61850,2019-03-31,,10216000000,0.133,,,,,725000000,0.336,716000000,0.334,,576000000,,45.15,41.76,0.150,0.136,0.071,,5599000000,4162000000,0.743,323.16,4162000000,885000000,-717000000,62000000,2066000000,,,,,,,,true,false,12,2018-04-01,2019-03-31,-1
2020-05-13,61850,2020-03-31,,6799000000,0.066,,,,,472000000,-0.128,465000000,-0.127,320000000,,-0.294,24.97,23.45,,,,,5246000000,4174000000,0.796,323.42,4174000000,,,,,0.00,,,,13043733,137742,12820596,false,false,12,2019-04-01,2020-03-31,0
2020-05-13,61850,2019-03-31,,6379000000,0.119,,,,,541000000,0.402,533000000,0.395,453000000,,-0.152,35.50,32.83,,,,,4735000000,3841000000,0.811,298.30,3841000000,,,,,0.00,,,,12879684,455,12777368,false,false,12,2018-04-01,2019-03-31,-1
2020-05-13,61850,2021-03-31,,,,,,,,,,,,,,,,,,,,,,,,,,,,,,0.00,,,,,,,false,true,12,2020-04-01,2021-03-31,1
2020-07-30,61850,2021-03-31,1,2665000000,0.078,,,,,15000000,-0.841,13000000,-0.864,,-7000000,,-0.57,,,,,,6079000000,4569000000,0.752,353.67,4569000000,,,,,,,,,,,,true,false,3,2020-04-01,2020-06-30,0
2020-07-30,61850,2020-03-31,1,2471000000,0.036,,,,,98000000,-0.086,98000000,-0.088,,72000000,,5.61,5.23,,,,,,,,,,,,,,,,,,,,,true,false,3,2019-04-01,2019-06-30,-1
2020-07-30,61850,2021-03-31,1,14000000000,0.206,,,,,800000000,0.070,800000000,0.088,,500000000,,38.71,,,,,,,,,,,,,,,,,,,,,,true,true,12,2020-04-01,2021-03-31,0
2020-07-30,61850,2020-03-31,1,,,,,,,,,,,,,,,,,,,,6610000000,4570000000,0.691,354.12,4570000000,,,,,,,,,,,,true,false,12,2019-04-01,2020-03-31,-1
2020-07-30,61850,2020-03-31,1,,,,,,,,,,,,,,,,,,,,,,,,,,,,,0.00,,,,13043733,137742,,false,false,12,2019-04-01,2020-03-31,-1
2020-07-30,61850,2021-03-31,1,,,,,,,,,,,,,,,,,,,,,,,,,,,,,0.00,,,,,,,false,true,12,2020-04-01,2021-03-31,0
2020-07-30,61850,2021-03-31,1,,,,,,,,,,,,,,,,,,,,,,,,,,,,,,,,,13064933,145442,12904161,false,false,3,2020-04-01,2020-06-30,0
2020-07-30,61850,2020-03-31,1,,,,,,,,,,,,,,,,,,,,,,,,,,,,,,,,,,,12842139,false,false,3,2019-04-01,2019-06-30,-1
2020-10-30,6185,2021-03-31,2,5490000000,0.048,,,,,18000000,-0.929,11000000,-0.954,,-21000000,,-1.65,,,,,,6166000000,4557000000,0.739,351.67,4557000000,,,,,,,,,,,,true,false,6,2020-04-01,2020-09-30,0
2020-10-30,6185,2020-03-31,2,5239000000,0.052,,,,,261000000,0.030,254000000,0.003,,163000000,,12.81,11.95,,,,,,,,,,,,,,,,,,,,,true,false,6,2019-04-01,2019-09-30,-1
2020-10-30,6185,2021-03-31,2,14000000000,0.206,,,,,800000000,0.070,800000000,0.088,,500000000,,38.64,,,,,,,,,,,,,,,,,,,,,,true,true,12,2020-04-01,2021-03-31,0
2020-10-30,6185,2020-03-31,2,,,,,,,,,,,,,,,,,,,,6610000000,4570000000,0.691,354.12,4570000000,,,,,,,,,,,,true,false,12,2019-04-01,2020-03-31,-1
2020-10-30,6185,2020-03-31,2,,,,,,,,,,,,,,,,,,,,,,,,,,,,,0.00,,,,13043733,137742,,false,false,12,2019-04-01,2020-03-31,-1
2020-10-30,6185,2021-03-31,2,,,,,,,,,,,,,,,,,,,,,,,,,,,,,0.00,,,,,,,false,false,12,2020-04-01,2021-03-31,0
2020-10-30,6185,2021-03-31,2,,,,,,,,,,,,,,,,,,,,,,,,,,,,,0.00,,,,,,,false,true,12,2020-04-01,2021-03-31,0
2020-10-30,6185,2021-03-31,2,,,,,,,,,,,,,,,,,,,,,,,,,,,,,,,,,13106553,146042,12922568,false,false,6,2020-04-01,2020-09-30,0
2020-10-30,6185,2020-03-31,2,,,,,,,,,,,,,,,,,,,,,,,,,,,,,,,,,,,12787123,false,false,6,2019-04-01,2019-09-30,-1
2021-01-29,6185,2021-03-31,3,8567000000,0.061,,,,,68000000,-0.830,57000000,-0.854,,-53000000,,-4.12,,,,,,6107000000,4540000000,0.743,349.14,4540000000,,,,,,,,,,,,true,false,9,2020-04-01,2020-12-31,0
2021-01-29,6185,2020-03-31,3,8076000000,0.090,,,,,402000000,0.054,395000000,0.048,,251000000,,19.62,18.42,,,,,,,,,,,,,,,,,,,,,true,false,9,2019-04-01,2019-12-31,-1
2021-01-29,6185,2021-03-31,3,11700000000,0.008,,,,,200000000,-0.733,180000000,-0.755,,20000000,,1.54,,,,,,,,,,,,,,,,,,,,,,true,true,12,2020-04-01,2021-03-31,0
2021-01-29,6185,2020-03-31,3,,,,,,,,,,,,,,,,,,,,6610000000,4570000000,0.691,354.12,4570000000,,,,,,,,,,,,true,false,12,2019-04-01,2020-03-31,-1
2021-01-29,6185,2020-03-31,3,,,,,,,,,,,,,,,,,,,,,,,,,,,,,0.00,,,,13043733,137742,,false,false,12,2019-04-01,2020-03-31,-1
2021-01-29,6185,2021-03-31,3,,,,,,,,,,,,,,,,,,,,,,,,,,,,,0.00,,,,,,,false,false,12,2020-04-01,2021-03-31,0
2021-01-29,6185,2021-03-31,3,,,,,,,,,,,,,,,,,,,,,,,,,,,,,0.00,,,,,,,false,true,12,2020-04-01,2021-03-31,0
2021-01-29,6185,2021-03-31,3,,,,,,,,,,,,,,,,,,,,,,,,,,,,,,,,,13150553,146642,12946013,false,false,9,2020-04-01,2020-12-31,0
2021-01-29,6185,2020-03-31,3,,,,,,,,,,,,,,,,,,,,,,,,,,,,,,,,,,,12794065,false,false,9,2019-04-01,2019-12-31,-1
2021-04-06,61850,2021-03-31,,12000000000,0.026,,,,,280000000,0.400,260000000,0.444,,-45000000,,-3.47,,,,,,,,,,,,,,,,,,,,,,true,true,12,2020-04-01,2021-03-31,0
2021-04-06,61850,2020-03-31,,11607000000,,,,,,747000000,,735000000,,,483000000,,37.73,,,,,,,,,,,,,,,,,,,,,,true,false,12,2019-04-01,2020-03-31,-1
2021-04-30,6185,2021-03-31,,12115000000,0.044,,,,,303000000,-0.594,293000000,-0.601,,-38000000,,-2.96,,-0.008,0.040,0.025,,8237000000,4564000000,0.553,350.27,4564000000,640000000,-2246000000,1556000000,2050000000,,,,,,,,true,false,12,2020-04-01,2021-03-31,0
2021-04-30,6185,2020-03-31,,11607000000,0.136,,,,,747000000,0.031,735000000,0.026,,483000000,,37.73,35.45,0.111,0.120,0.064,,6610000000,4570000000,0.691,354.12,4570000000,1117000000,-874000000,-210000000,2098000000,,,,,,,,true,false,12,2019-04-01,2020-03-31,-1
2021-04-30,6185,2022-03-31,,15100000000,0.246,,,,,400000000,0.316,380000000,0.299,,110000000,,8.49,,,,,,,,,,,,,,,,,,,,,,true,true,12,2021-04-01,2022-03-31,1
2021-04-30,6185,2021-03-31,,6600000000,-0.029,,,,,84000000,-0.820,83000000,-0.820,-148000000,,,-11.46,,,,,,6474000000,3985000000,0.616,306.52,3985000000,,,,,0.00,,,,13150553,147242,12960146,false,false,12,2020-04-01,2021-03-31,0
2021-04-30,6185,2020-03-31,,6799000000,0.066,,,,,472000000,-0.128,465000000,-0.127,320000000,,-0.294,24.97,23.45,,,,,5246000000,4174000000,0.796,323.42,4174000000,,,,,0.00,,,,13043733,137742,12820596,false,false,12,2019-04-01,2020-03-31,-1
2021-04-30,6185,2022-03-31,,,,,,,,,,,,,,,,,,,,,,,,,,,,,,0.00,,,,,,,false,true,12,2021-04-01,2022-03-31,1
2021-07-30,6185,2022-03-31,1,3128000000,0.174,,,,,-80000000,,-82000000,,,-75000000,,-5.82,,,,,,7895000000,4501000000,0.569,344.32,4490000000,,,,,,,,,,,,true,false,3,2021-04-01,2021-06-30,0
2021-07-30,6185,2021-03-31,1,2665000000,0.078,,,,,15000000,-0.841,13000000,-0.864,,-7000000,,-0.57,,,,,,,,,,,,,,,,,,,,,,true,false,3,2020-04-01,2020-06-30,-1
2021-07-30,6185,2022-03-31,1,15100000000,0.246,,,,,400000000,0.316,380000000,0.299,,110000000,,8.44,,,,,,,,,,,,,,,,,,,,,,true,true,12,2021-04-01,2022-03-31,0
2021-07-30,6185,2021-03-31,1,,,,,,,,,,,,,,,,,,,,8237000000,4564000000,0.553,350.27,4564000000,,,,,,,,,,,,true,false,12,2020-04-01,2021-03-31,-1
2021-07-30,6185,2021-03-31,1,,,,,,,,,,,,,,,,,,,,,,,,,,,,,0.00,,,,13150553,147242,,false,false,12,2020-04-01,2021-03-31,-1
2021-07-30,6185,2022-03-31,1,,,,,,,,,,,,,,,,,,,,,,,,,,,,,0.00,,,,,,,false,true,12,2021-04-01,2022-03-31,0
2021-07-30,6185,2022-03-31,1,,,,,,,,,,,,,,,,,,,,,,,,,,,,,,,,,13190553,148063,13028733,false,false,3,2021-04-01,2021-06-30,0
2021-07-30,6185,2021-03-31,1,,,,,,,,,,,,,,,,,,,,,,,,,,,,,,,,,,,12904161,false,false,3,2020-04-01,2020-06-30,-1
2021-10-29,6185,2022-03-31,2,6216000000,0.132,,,,,-137000000,,-142000000,,,-158000000,,-12.18,,,,,,7747000000,4443000000,0.572,338.83,4430000000,,,,,,,,,,,,true,false,6,2021-04-01,2021-09-30,0
2021-10-29,6185,2021-03-31,2,5490000000,0.048,,,,,18000000,-0.929,11000000,-0.954,,-21000000,,-1.65,,,,,,,,,,,,,,,,,,,,,,true,false,6,2020-04-01,2020-09-30,-1
2021-10-29,6185,2022-03-31,2,15100000000,0.246,,,,,400000000,0.316,380000000,0.299,,110000000,,8.42,,,,,,,,,,,,,,,,,,,,,,true,true,12,2021-04-01,2022-03-31,0
2021-10-29,6185,2021-03-31,2,,,,,,,,,,,,,,,,,,,,8237000000,4564000000,0.553,350.27,4564000000,,,,,,,,,,,,true,false,12,2020-04-01,2021-03-31,-1
2021-10-29,6185,2021-03-31,2,,,,,,,,,,,,,,,,,,,,,,,,,,,,,0.00,,,,13150553,147242,,false,false,12,2020-04-01,2021-03-31,-1
2021-10-29,6185,2022-03-31,2,,,,,,,,,,,,,,,,,,,,,,,,,,,,,0.00,,,,,,,false,false,12,2021-04-01,2022-03-31,0
2021-10-29,6185,2022-03-31,2,,,,,,,,,,,,,,,,,,,,,,,,,,,,,0.00,,,,,,,false,true,12,2021-04-01,2022-03-31,0
2021-10-29,6185,2022-03-31,2,,,,,,,,,,,,,,,,,,,,,,,,,,,,,,,,,13225921,149063,13046180,false,false,6,2021-04-01,2021-09-30,0
2021-10-29,6185,2021-03-31,2,,,,,,,,,,,,,,,,,,,,,,,,,,,,,,,,,,,12922568,false,false,6,2020-04-01,2020-09-30,-1
2022-01-28,6185,2022-03-31,3,9455000000,0.104,,,,,-80000000,,-86000000,,,-172000000,,-13.22,,,,,,7858000000,4443000000,0.564,335.08,4430000000,,,,,,,,,,,,true,false,9,2021-04-01,2021-12-31,0
2022-01-28,6185,2021-03-31,3,8567000000,0.061,,,,,68000000,-0.830,57000000,-0.854,,-53000000,,-4.12,,,,,,,,,,,,,,,,,,,,,,true,false,9,2020-04-01,2020-12-31,-1
2022-01-28,6185,2022-03-31,3,13100000000,0.081,,,,,50000000,-0.835,35000000,-0.881,,-110000000,,-8.39,,,,,,,,,,,,,,,,,,,,,,true,true,12,2021-04-01,2022-03-31,0
2022-01-28,6185,2021-03-31,3,,,,,,,,,,,,,,,,,,,,8237000000,4564000000,0.553,350.27,4564000000,,,,,,,,,,,,true,false,12,2020-04-01,2021-03-31,-1
2022-01-28,6185,2021-03-31,3,,,,,,,,,,,,,,,,,,,,,,,,,,,,,0.00,,,,13150553,147242,,false,false,12,2020-04-01,2021-03-31,-1
2022-01-28,6185,2022-03-31,3,,,,,,,,,,,,,,,,,,,,,,,,,,,,,0.00,,,,,,,false,false,12,2021-04-01,2022-03-31,0
2022-01-28,6185,2022-03-31,3,,,,,,,,,,,,,,,,,,,,,,,,,,,,,0.00,,,,,,,false,true,12,2021-04-01,2022-03-31,0
2022-01-28,6185,2022-03-31,3,,,,,,,,,,,,,,,,,,,,,,,,,,,,,,,,,13371521,150703,13070875,false,false,9,2021-04-01,2021-12-31,0
2022-01-28,6185,2021-03-31,3,,,,,,,,,,,,,,,,,,,,,,,,,,,,,,,,,,,12946013,false,false,9,2020-04-01,2020-12-31,-1
2022-04-12,61850,2022-03-31,,13360000000,0.020,,,,,125000000,1.500,90000000,1.571,,-215000000,,-16.40,,,,,,,,,,,,,,,,,,,,,,true,true,12,2021-04-01,2022-03-31,0
2022-04-12,61850,2021-03-31,,12115000000,,,,,,303000000,,293000000,,,-38000000,,-2.96,,,,,,,,,,,,,,,,,,,,,,true,false,12,2020-04-01,2021-03-31,-1
2022-04-28,6185,2022-03-31,,13363000000,0.103,,,,,127000000,-0.581,90000000,-0.693,,-228000000,,-17.44,,-0.051,0.011,0.010,,8319000000,4395000000,0.526,330.77,4377000000,946000000,-726000000,-1000000,2277000000,,,,,,,,true,false,12,2021-04-01,2022-03-31,0
2022-04-28,6185,2021-03-31,,12115000000,0.044,,,,,303000000,-0.594,293000000,-0.601,,-38000000,,-2.96,,-0.008,0.039,0.025,,8447000000,4564000000,0.539,350.27,4564000000,640000000,-2246000000,1556000000,2050000000,,,,,,,,true,false,12,2020-04-01,2021-03-31,-1
2022-04-28,6185,2023-03-31,,14000000000,0.048,,,,,460000000,2.614,440000000,3.876,,220000000,,16.62,,,,,,,,,,,,,,,,,,,,,,true,true,12,2022-04-01,2023-03-31,1
2022-04-28,6185,2022-03-31,,6464000000,-0.021,,,,,48000000,-0.431,360000000,3.299,27000000,,,2.12,2.03,,,,,6611000000,4066000000,0.615,307.27,4066000000,,,,,0.00,,,,13386721,152503,13109933,false,false,12,2021-04-01,2022-03-31,0
2022-04-28,6185,2021-03-31,,6600000000,-0.029,,,,,84000000,-0.820,83000000,-0.820,-148000000,,,-11.46,,,,,,6474000000,3985000000,0.616,306.52,3985000000,,,,,0.00,,,,13150553,147242,12960146,false,false,12,2020-04-01,2021-03-31,-1
2022-04-28,6185,2023-03-31,,,,,,,,,,,,,,,,,,,,,,,,,,,,,,0.00,,,,,,,false,true,12,2022-04-01,2023-03-31,1
2022-07-29,6185,2023-03-31,1,3146000000,0.006,,,,,-49000000,,-62000000,,,-80000000,,-6.00,,,,,,7690000000,4332000000,0.561,313.45,4313000000,,,,,,,,,,,,true,false,3,2022-04-01,2022-06-30,0
2022-07-29,6185,2022-03-31,1,3128000000,0.174,,,,,-81000000,,-83000000,,,-71000000,,-5.49,,,,,,,,,,,,,,,,,,,,,,true,false,3,2021-04-01,2021-06-30,-1
2022-07-29,6185,2023-03-31,1,14000000000,0.048,,,,,460000000,2.614,440000000,3.876,,220000000,,16.10,,,,,,,,,,,,,,,,,,,,,,true,true,12,2022-04-01,2023-03-31,0
2022-07-29,6185,2022-03-31,1,,,,,,,,,,,,,,,,,,,,8319000000,4395000000,0.526,330.77,4377000000,,,,,,,,,,,,true,false,12,2021-04-01,2022-03-31,-1
2022-07-29,6185,2022-03-31,1,,,,,,,,,,,,,,,,,,,,,,,,,,,,,0.00,,,,13386721,152503,,false,false,12,2021-04-01,2022-03-31,-1
2022-07-29,6185,2023-03-31,1,,,,,,,,,,,,,,,,,,,,,,,,,,,,,0.00,,,,,,,false,true,12,2022-04-01,2023-03-31,0
2022-07-29,6185,2023-03-31,1,,,,,,,,,,,,,,,,,,,,,,,,,,,,,,,,,13926721,166656,13382190,false,false,3,2022-04-01,2022-06-30,0
2022-07-29,6185,2022-03-31,1,,,,,,,,,,,,,,,,,,,,,,,,,,,,,,,,,,,13028733,false,false,3,2021-04-01,2021-06-30,-1
2022-10-31,6185,2023-03-31,2,6016000000,-0.032,,,,,-93000000,,-111000000,,,-140000000,,-10.22,,,,,,7921000000,4689000000,0.589,321.56,4663000000,,,,,,,,,,,,true,false,6,2022-04-01,2022-09-30,0
2022-10-31,6185,2022-03-31,2,6216000000,0.132,,,,,-137000000,,-142000000,,,-149000000,,-11.45,,,,,,,,,,,,,,,,,,,,,,true,false,6,2021-04-01,2021-09-30,-1
2022-10-31,6185,2023-03-31,2,14000000000,0.048,,,,,460000000,2.614,440000000,3.876,,220000000,,15.59,,,,,,,,,,,,,,,,,,,,,,true,true,12,2022-04-01,2023-03-31,0
2022-10-31,6185,2022-03-31,2,,,,,,,,,,,,,,,,,,,,8319000000,4395000000,0.526,330.77,4377000000,,,,,,,,,,,,true,false,12,2021-04-01,2022-03-31,-1
2022-10-31,6185,2022-03-31,2,,,,,,,,,,,,,,,,,,,,,,,,,,,,,0.00,,,,13386721,152503,,false,false,12,2021-04-01,2022-03-31,-1
2022-10-31,6185,2023-03-31,2,,,,,,,,,,,,,,,,,,,,,,,,,,,,,0.00,,,,,,,false,false,12,2022-04-01,2023-03-31,0
2022-10-31,6185,2023-03-31,2,,,,,,,,,,,,,,,,,,,,,,,,,,,,,0.00,,,,,,,false,true,12,2022-04-01,2023-03-31,0
2022-10-31,6185,2023-03-31,2,,,,,,,,,,,,,,,,,,,,,,,,,,,,,,,,,14668527,166656,13721395,false,false,6,2022-04-01,2022-09-30,0
2022-10-31,6185,2022-03-31,2,,,,,,,,,,,,,,,,,,,,,,,,,,,,,,,,,,,13046180,false,false,6,2021-04-01,2021-09-30,-1
2023-01-31,6185,2023-03-31,3,8741000000,-0.075,,,,,-191000000,,-216000000,,,-244000000,,-17.51,,,,,,7732000000,4593000000,0.591,314.78,4566000000,,,,,,,,,,,,true,false,9,2022-04-01,2022-12-31,0
2023-01-31,6185,2022-03-31,3,9455000000,0.104,,,,,-80000000,,-86000000,,,-158000000,,-12.13,,,,,,,,,,,,,,,,,,,,,,true,false,9,2021-04-01,2021-12-31,-1
2023-01-31,6185,2023-03-31,3,11700000000,-0.124,,,,,10000000,-0.921,-26000000,,,-136000000,,-9.64,,,,,,,,,,,,,,,,,,,,,,true,true,12,2022-04-01,2023-03-31,0
2023-01-31,6185,2022-03-31,3,,,,,,,,,,,,,,,,,,,,8319000000,4395000000,0.526,330.77,4377000000,,,,,,,,,,,,true,false,12,2021-04-01,2022-03-31,-1
2023-01-31,6185,2022-03-31,3,,,,,,,,,,,,,,,,,,,,,,,,,,,,,0.00,,,,13386721,152503,,false,false,12,2021-04-01,2022-03-31,-1
2023-01-31,6185,2023-03-31,3,,,,,,,,,,,,,,,,,,,,,,,,,,,,,0.00,,,,,,,false,false,12,2022-04-01,2023-03-31,0
2023-01-31,6185,2023-03-31,3,,,,,,,,,,,,,,,,,,,,,,,,,,,,,0.00,,,,,,,false,true,12,2022-04-01,2023-03-31,0
2023-01-31,6185,2023-03-31,3,,,,,,,,,,,,,,,,,,,,,,,,,,,,,,,,,14673727,166656,13983540,false,false,9,2022-04-01,2022-12-31,0
2023-01-31,6185,2022-03-31,3,,,,,,,,,,,,,,,,,,,,,,,,,,,,,,,,,,,13070875,false,false,9,2021-04-01,2021-12-31,-1
2023-04-28,6185,2023-03-31,,11788000000,-0.118,,,,,17000000,-0.864,-14000000,,,-117000000,,-8.30,,-0.026,-0.002,0.001,,8137000000,4727000000,0.577,323.55,4693000000,703000000,-597000000,204000000,2597000000,,,,,,,,true,false,12,2022-04-01,2023-03-31,0
2023-04-28,6185,2022-03-31,,13363000000,0.103,,,,,127000000,-0.581,90000000,-0.693,,-228000000,,-17.44,,-0.051,0.011,0.010,,8319000000,4395000000,0.526,330.77,4377000000,946000000,-726000000,-1000000,2277000000,,,,,,,,true,false,12,2021-04-01,2022-03-31,-1
2023-04-28,6185,2024-03-31,,12500000000,0.060,,,,,100000000,4.795,85000000,,,45000000,,3.10,,,,,,,,,,,,,,,,,,,,,,true,true,12,2023-04-01,2024-03-31,1
2023-04-28,6185,2023-03-31,,6595000000,0.020,,,,,238000000,3.946,184000000,-0.488,31000000,,0.124,2.21,2.20,,,,,6887000000,4544000000,0.660,313.25,4544000000,,,,,0.00,,,,14673727,166656,14112630,false,false,12,2022-04-01,2023-03-31,0
2023-04-28,6185,2022-03-31,,6464000000,-0.021,,,,,48000000,-0.431,360000000,3.299,27000000,,,2.12,2.03,,,,,6611000000,4066000000,0.615,307.27,4066000000,,,,,0.00,,,,13386721,152503,13109933,false,false,12,2021-04-01,2022-03-31,-1
2023-04-28,6185,2024-03-31,,,,,,,,,,,,,,,,,,,,,,,,,,,,,,0.00,,,,,,,false,true,12,2023-04-01,2024-03-31,1
2023-07-31,6185,2024-03-31,1,2330000000,-0.259,,,,,-203000000,,-199000000,,,-154000000,,-10.65,,,,,,7495000000,4567000000,0.604,312.26,4530000000,,,,,,,,,,,,true,false,3,2023-04-01,2023-06-30,0
2023-07-31,6185,2023-03-31,1,3146000000,0.006,,,,,-49000000,,-62000000,,,-80000000,,-6.00,,,,,,,,,,,,,,,,,,,,,,true,false,3,2022-04-01,2022-06-30,-1
2023-07-31,6185,2024-03-31,1,12500000000,0.060,,,,,100000000,4.795,85000000,,,45000000,,3.10,,,,,,,,,,,,,,,,,,,,,,true,true,12,2023-04-01,2024-03-31,0
2023-07-31,6185,2023-03-31,1,,,,,,,,,,,,,,,,,,,,8137000000,4727000000,0.577,323.55,4693000000,,,,,,,,,,,,true,false,12,2022-04-01,2023-03-31,-1
2023-07-31,6185,2023-03-31,1,,,,,,,,,,,,,,,,,,,,,,,,,,,,,0.00,,,,14673727,166656,,false,false,12,2022-04-01,2023-03-31,-1
2023-07-31,6185,2024-03-31,1,,,,,,,,,,,,,,,,,,,,,,,,,,,,,0.00,,,,,,,false,true,12,2023-04-01,2024-03-31,0
2023-07-31,6185,2024-03-31,1,,,,,,,,,,,,,,,,,,,,,,,,,,,,,,,,,14673727,166656,14507071,false,false,3,2023-04-01,2023-06-30,0
2023-07-31,6185,2023-03-31,1,,,,,,,,,,,,,,,,,,,,,,,,,,,,,,,,,,,13382190,false,false,3,2022-04-01,2022-06-30,-1
2023-10-31,6185,2024-03-31,2,4679000000,-0.222,,,,,-377000000,,-372000000,,,-285000000,,-19.66,,,,,,7378000000,4448000000,0.598,303.33,4410000000,,,,,,,,,,,,true,false,6,2023-04-01,2023-09-30,0
2023-10-31,6185,2023-03-31,2,6016000000,-0.032,,,,,-93000000,,-111000000,,,-140000000,,-10.22,,,,,,,,,,,,,,,,,,,,,,true,false,6,2022-04-01,2022-09-30,-1
2023-10-31,6185,2024-03-31,2,12500000000,0.060,,,,,100000000,4.795,85000000,,,45000000,,3.10,,,,,,,,,,,,,,,,,,,,,,true,true,12,2023-04-01,2024-03-31,0
2023-10-31,6185,2023-03-31,2,,,,,,,,,,,,,,,,,,,,8137000000,4727000000,0.577,323.55,4693000000,,,,,,,,,,,,true,false,12,2022-04-01,2023-03-31,-1
2023-10-31,6185,2023-03-31,2,,,,,,,,,,,,,,,,,,,,,,,,,,,,,0.00,,,,14673727,166656,,false,false,12,2022-04-01,2023-03-31,-1
2023-10-31,6185,2024-03-31,2,,,,,,,,,,,,,,,,,,,,,,,,,,,,,0.00,,,,,,,false,false,12,2023-04-01,2024-03-31,0
2023-10-31,6185,2024-03-31,2,,,,,,,,,,,,,,,,,,,,,,,,,,,,,0.00,,,,,,,false,true,12,2023-04-01,2024-03-31,0
2023-10-31,6185,2024-03-31,2,,,,,,,,,,,,,,,,,,,,,,,,,,,,,,,,,14706548,166656,14519984,false,false,6,2023-04-01,2023-09-30,0
2023-10-31,6185,2023-03-31,2,,,,,,,,,,,,,,,,,,,,,,,,,,,,,,,,,,,13721395,false,false,6,2022-04-01,2022-09-30,-1
2024-01-31,6185,2024-03-31,3,7481000000,-0.144,,,,,-226000000,,-234000000,,,-199000000,,-13.76,,,,,,7458000000,4534000000,0.603,309.52,4500000000,,,,,,,,,,,,true,false,9,2023-04-01,2023-12-31,0
2024-01-31,6185,2023-03-31,3,8741000000,-0.075,,,,,-191000000,,-216000000,,,-244000000,,-17.51,,,,,,,,,,,,,,,,,,,,,,true,false,9,2022-04-01,2022-12-31,-1
2024-01-31,6185,2024-03-31,3,12500000000,0.060,,,,,100000000,4.795,85000000,,,45000000,,3.10,,,,,,,,,,,,,,,,,,,,,,true,true,12,2023-04-01,2024-03-31,0
2024-01-31,6185,2023-03-31,3,,,,,,,,,,,,,,,,,,,,8137000000,4727000000,0.577,323.55,4693000000,,,,,,,,,,,,true,false,12,2022-04-01,2023-03-31,-1
2024-01-31,6185,2023-03-31,3,,,,,,,,,,,,,,,,,,,,,,,,,,,,,0.00,,,,14673727,166656,,false,false,12,2022-04-01,2023-03-31,-1
2024-01-31,6185,2024-03-31,3,,,,,,,,,,,,,,,,,,,,,,,,,,,,,0.00,,,,,,,false,false,12,2023-04-01,2024-03-31,0
2024-01-31,6185,2024-03-31,3,,,,,,,,,,,,,,,,,,,,,,,,,,,,,0.00,,,,,,,false,true,12,2023-04-01,2024-03-31,0
2024-01-31,6185,2024-03-31,3,,,,,,,,,,,,,,,,,,,,,,,,,,,,,,,,,14706548,166656,14526644,false,false,9,2023-04-01,2023-12-31,0
2024-01-31,6185,2023-03-31,3,,,,,,,,,,,,,,,,,,,,,,,,,,,,,,,,,,,13983540,false,false,9,2022-04-01,2022-12-31,-1
2024-04-30,6185,2024-03-31,,9336000000,-0.208,,,,,102000000,4.923,95000000,,,-1028000000,,-70.79,,-0.246,0.013,0.011,,6674000000,3700000000,0.549,252.14,3666000000,521000000,-463000000,-228000000,2433000000,,,,,,,,true,false,12,2023-04-01,2024-03-31,0
2024-04-30,6185,2023-03-31,,11788000000,-0.118,,,,,17000000,-0.864,-14000000,,,-117000000,,-8.30,,-0.026,-0.002,0.001,,8137000000,4727000000,0.577,323.55,4693000000,703000000,-597000000,204000000,2597000000,,,,,,,,true,false,12,2022-04-01,2023-03-31,-1
2024-04-30,6185,2025-03-31,,10000000000,0.071,,,,,150000000,0.468,130000000,0.354,,40000000,,2.75,,,,,,,,,,,,,,,,,,,,,,true,true,12,2024-04-01,2025-03-31,1
2024-04-30,6185,2024-03-31,,6541000000,-0.008,,,,,443000000,0.855,380000000,1.062,-1204000000,,,-82.89,-82.73,,,,,5442000000,3355000000,0.616,230.76,3355000000,,,,,0.00,,,,14706548,166656,14529938,false,false,12,2023-04-01,2024-03-31,0
2024-04-30,6185,2023-03-31,,6595000000,0.020,,,,,238000000,3.946,184000000,-0.488,31000000,,0.124,2.21,2.20,,,,,6887000000,4544000000,0.660,313.25,4544000000,,,,,0.00,,,,14673727,166656,14112630,false,false,12,2022-04-01,2023-03-31,-1
2024-04-30,6185,2025-03-31,,,,,,,,,,,,,,,,,,,,,,,,,,,,,,0.00,,,,,,,false,true,12,2024-04-01,2025-03-31,1
2024-04-30,6185,2024-03-31,,9336000000,-0.208,,,,,102000000,4.923,95000000,,,-1028000000,,-70.79,,-0.246,0.013,0.011,,6674000000,3700000000,0.549,252.14,3666000000,521000000,-463000000,-228000000,2433000000,,,,,,,,true,false,12,2023-04-01,2024-03-31,0
2024-04-30,6185,2023-03-31,,11442000000,-0.144,,,,,17000000,-0.864,-14000000,,,-117000000,,-8.30,,-0.026,-0.002,0.001,,8137000000,4727000000,0.577,323.55,4693000000,703000000,-597000000,204000000,2597000000,,,,,,,,true,false,12,2022-04-01,2023-03-31,-1
2024-04-30,6185,2025-03-31,,10000000000,0.071,,,,,150000000,0.468,130000000,0.354,,40000000,,2.75,,,,,,,,,,,,,,,,,,,,,,true,true,12,2024-04-01,2025-03-31,1
2024-04-30,6185,2024-03-31,,6541000000,-0.008,,,,,443000000,0.855,380000000,1.062,-1204000000,,,-82.89,-82.73,,,,,5442000000,3355000000,0.616,230.76,3355000000,,,,,0.00,,,,14706548,166656,14529938,false,false,12,2023-04-01,2024-03-31,0
2024-04-30,6185,2023-03-31,,6595000000,0.020,,,,,238000000,3.946,184000000,-0.488,31000000,,0.124,2.21,2.20,,,,,6887000000,4544000000,0.660,313.25,4544000000,,,,,0.00,,,,14673727,166656,14112630,false,false,12,2022-04-01,2023-03-31,-1
2024-04-30,6185,2025-03-31,,,,,,,,,,,,,,,,,,,,,,,,,,,,,,0.00,,,,,,,false,true,12,2024-04-01,2025-03-31,1
2024-07-31,6185,2025-03-31,1,2888000000,0.393,,,,,-50000000,,-45000000,,,-57000000,,-3.94,,,,,,6503000000,3634000000,0.553,247.82,3598000000,,,,,,,,,,,,true,false,3,2024-04-01,2024-06-30,0
2024-07-31,6185,2024-03-31,1,2074000000,-0.341,,,,,-203000000,,-199000000,,,-154000000,,-10.65,,,,,,,,,,,,,,,,,,,,,,true,false,3,2023-04-01,2023-06-30,-1
2024-07-31,6185,2025-03-31,1,10000000000,0.071,,,,,150000000,0.468,130000000,0.354,,40000000,,2.75,,,,,,,,,,,,,,,,,,,,,,true,true,12,2024-04-01,2025-03-31,0
2024-07-31,6185,2024-03-31,1,,,,,,,,,,,,,,,,,,,,6674000000,3700000000,0.549,252.14,3666000000,,,,,,,,,,,,true,false,12,2023-04-01,2024-03-31,-1
2024-07-31,6185,2024-03-31,1,,,,,,,,,,,,,,,,,,,,,,,,,,,,,0.00,,,,14706548,166656,,false,false,12,2023-04-01,2024-03-31,-1
2024-07-31,6185,2025-03-31,1,,,,,,,,,,,,,,,,,,,,,,,,,,,,,0.00,,,,,,,false,true,12,2024-04-01,2025-03-31,0
2024-07-31,6185,2025-03-31,1,,,,,,,,,,,,,,,,,,,,,,,,,,,,,,,,,14710548,188268,14540313,false,false,3,2024-04-01,2024-06-30,0
2024-07-31,6185,2024-03-31,1,,,,,,,,,,,,,,,,,,,,,,,,,,,,,,,,,,,14507071,false,false,3,2023-04-01,2023-06-30,-1
2024-10-31,6185,2025-03-31,2,5590000000,0.349,,,,,-128000000,,-189000000,,,-58000000,,-4.03,,,,,,5631000000,3629000000,0.644,249.17,3629000000,,,,,,,,,,,,true,false,6,2024-04-01,2024-09-30,0
2024-10-31,6185,2024-03-31,2,4143000000,-0.311,,,,,-377000000,,-372000000,,,-285000000,,-19.66,,,,,,,,,,,,,,,,,,,,,,true,false,6,2023-04-01,2023-09-30,-1
2024-10-31,6185,2025-03-31,2,10000000000,0.071,,,,,150000000,0.468,130000000,0.354,,150000000,,10.31,,,,,,,,,,,,,,,,,,,,,,true,true,12,2024-04-01,2025-03-31,0
2024-10-31,6185,2024-03-31,2,,,,,,,,,,,,,,,,,,,,6674000000,3700000000,0.549,252.14,3666000000,,,,,,,,,,,,true,false,12,2023-04-01,2024-03-31,-1
2024-10-31,6185,2024-03-31,2,,,,,,,,,,,,,,,,,,,,,,,,,,,,,0.00,,,,14706548,166656,,false,false,12,2023-04-01,2024-03-31,-1
2024-10-31,6185,2025-03-31,2,,,,,,,,,,,,,,,,,,,,,,,,,,,,,0.00,,,,,,,false,false,12,2024-04-01,2025-03-31,0
2024-10-31,6185,2025-03-31,2,,,,,,,,,,,,,,,,,,,,,,,,,,,,,0.00,,,,,,,false,true,12,2024-04-01,2025-03-31,0
2024-10-31,6185,2025-03-31,2,,,,,,,,,,,,,,,,,,,,,,,,,,,,,,,,,14752755,188268,14546931,false,false,6,2024-04-01,2024-09-30,0
2024-10-31,6185,2024-03-31,2,,,,,,,,,,,,,,,,,,,,,,,,,,,,,,,,,,,14519984,false,false,6,2023-04-01,2023-09-30,-1
2025-01-31,6185,2025-03-31,3,8294000000,0.252,,,,,-54000000,,-117000000,,,8000000,,0.60,,,,,,5234000000,3686000000,0.704,252.69,3686000000,,,,,,,,,,,,true,false,9,2024-04-01,2024-12-31,0
2025-01-31,6185,2024-03-31,3,6622000000,-0.235,,,,,-226000000,,-234000000,,,-199000000,,-13.76,,,,,,,,,,,,,,,,,,,,,,true,false,9,2023-04-01,2023-12-31,-1
2025-01-31,6185,2025-03-31,3,10000000000,0.071,,,,,150000000,0.468,130000000,0.354,,150000000,,10.30,,,,,,,,,,,,,,,,,,,,,,true,true,12,2024-04-01,2025-03-31,0
2025-01-31,6185,2024-03-31,3,,,,,,,,,,,,,,,,,,,,6674000000,3700000000,0.549,252.14,3666000000,,,,,,,,,,,,true,false,12,2023-04-01,2024-03-31,-1
2025-01-31,6185,2024-03-31,3,,,,,,,,,,,,,,,,,,,,,,,,,,,,,0.00,,,,14706548,166656,,false,false,12,2023-04-01,2024-03-31,-1
2025-01-31,6185,2025-03-31,3,,,,,,,,,,,,,,,,,,,,,,,,,,,,,0.00,,,,,,,false,false,12,2024-04-01,2025-03-31,0
2025-01-31,6185,2025-03-31,3,,,,,,,,,,,,,,,,,,,,,,,,,,,,,0.00,,,,,,,false,true,12,2024-04-01,2025-03-31,0
2025-01-31,6185,2025-03-31,3,,,,,,,,,,,,,,,,,,,,,,,,,,,,,,,,,14777555,188268,14554304,false,false,9,2024-04-01,2024-12-31,0
2025-01-31,6185,2024-03-31,3,,,,,,,,,,,,,,,,,,,,,,,,,,,,,,,,,,,14526644,false,false,9,2023-04-01,2023-12-31,-1
2025-04-14,61850,2025-03-31,,11640000000,0.164,,,,,235000000,0.567,165000000,0.269,,290000000,,19.91,,,,,,,,,,,,,,,,,,,,,,true,true,12,2024-04-01,2025-03-31,0
2025-04-14,61850,2024-03-31,,9336000000,,,,,,102000000,,95000000,,,-1028000000,,-70.79,,,,,,,,,,,,,,,,,,,,,,true,false,12,2023-04-01,2024-03-31,-1
2025-04-30,6185,2025-03-31,,11640000000,0.247,,,,,239000000,1.340,165000000,0.722,,291000000,,20.03,,0.076,0.026,0.021,,5963000000,3980000000,0.667,272.81,3980000000,1322000000,-103000000,-1176000000,2476000000,,,,,,,,true,false,12,2024-04-01,2025-03-31,0
2025-04-30,6185,2024-03-31,,9336000000,-0.208,,,,,102000000,4.923,95000000,,,-1028000000,,-70.79,,-0.246,0.013,0.011,,6674000000,3700000000,0.549,252.14,3666000000,521000000,-463000000,-228000000,2433000000,,,,,,,,true,false,12,2023-04-01,2024-03-31,-1
2025-04-30,6185,2026-03-31,,12000000000,0.031,,,,,400000000,0.673,370000000,1.238,,320000000,,21.92,,,,,,,,,,,,,,,,,,,,,,true,true,12,2025-04-01,2026-03-31,1
2025-04-30,6185,2025-03-31,,9754000000,0.491,,,,,179000000,-0.596,85000000,-0.774,90000000,,,6.19,,,,,,5048000000,3468000000,0.687,237.76,3468000000,,,,,0.00,,,,14777555,188268,14562887,false,false,12,2024-04-01,2025-03-31,0
2025-04-30,6185,2024-03-31,,6541000000,-0.008,,,,,443000000,0.855,380000000,1.062,-1204000000,,,-82.89,-82.73,,,,,5442000000,3355000000,0.616,230.76,3355000000,,,,,0.00,,,,14706548,166656,14529938,false,false,12,2023-04-01,2024-03-31,-1
2025-04-30,6185,2026-03-31,,,,,,,,,,,,,,,,,,,,,,,,,,,,,,0.00,,,,,,,false,true,12,2025-04-01,2026-03-31,1
