filing_date,code,fiscal_year_end,quarterly_period,net_sales,net_sales_change,revenue,revenue_change,operating_revenue,operating_revenue_change,operating_profit,operating_profit_change,ordinary_profit,ordinary_profit_change,net_income,net_income_of_parent,net_income_change,eps,diluted_eps,roe,roa,operating_profit_to_net_sales,operating_profit_to_revenue,total_assets,net_assets,equity_ratio,bps,owner_equity,operating_cash_flow,investing_cash_flow,financing_cash_flow,cash,dividend_per_share,payout_ratio,commemorative_dividend,extra_dividend,number_of_shares,number_of_treqsury_shares,avg_number_of_shares,is_consolidated,is_forecast,duration,period_start,period_end,period_pos
2016-06-29,61960,2016-08-31,3,1432000000,,,,,,595000000,,596000000,,384000000,,,138.55,,,,,,1933000000,1499000000,0.775,,1499000000,,,,,,,,,2772000,,2772000,false,false,9,2015-09-01,2016-05-31,0
2016-06-29,61960,2016-08-31,3,1861000000,0.307,,,,,614000000,0.126,615000000,0.124,398000000,,0.211,142.12,,,,,,,,,,,,,,,27.00,,,,,,,false,true,12,2015-09-01,2016-08-31,0
2016-06-29,61960,2015-08-31,3,,,,,,,,,,,,,,,,,,,,1696000000,1177000000,0.694,,1177000000,,,,,11000.00,,,,2772000,,,false,false,12,2014-09-01,2015-08-31,-1
2016-06-29,61960,2016-08-31,3,,,,,,,,,,,,,,,,,,,,,,,,,,,,,0.00,,,,,,,false,false,12,2015-09-01,2016-08-31,0
2016-09-29,61960,2016-08-31,,2006000000,0.410,,,,,796000000,0.461,790000000,0.444,510000000,,0.552,181.84,170.06,0.297,0.358,0.397,,2722000000,2258000000,0.830,759.79,2258000000,430000000,-135000000,564000000,2384000000,35.00,0.192,,,2972100,,2809022,false,false,12,2015-09-01,2016-08-31,0
2016-09-29,61960,2015-08-31,,1423000000,1.410,,,,,545000000,5.051,547000000,4.801,329000000,,3.015,125.62,,0.352,0.441,0.383,,1696000000,1177000000,0.694,424.66,1177000000,715000000,15000000,152000000,1525000000,11000.00,0.175,,,2772000,,2619841,false,false,12,2014-09-01,2015-08-31,-1
2016-09-29,61960,2017-08-31,,1133000000,0.054,,,,,360000000,-0.281,360000000,-0.281,237000000,,-0.271,26.69,,,,,,,,,,,,,,,,,,,,,,false,true,6,2016-09-01,2017-02-28,1
2016-09-29,61960,2017-08-31,,2326000000,0.159,,,,,821000000,0.031,822000000,0.041,540000000,,0.058,60.59,,,,,,,,,,,,,,,12.00,0.198,,,,,,false,true,12,2016-09-01,2017-08-31,1
2016-12-26,61960,2017-08-31,1,682000000,,,,,,256000000,,256000000,,157000000,,,17.62,16.56,,,,,2756000000,2318000000,0.841,,2318000000,,,,,,,,,8998800,,8938800,false,false,3,2016-09-01,2016-11-30,0
2016-12-26,61960,2017-08-31,1,1133000000,0.054,,,,,360000000,-0.281,360000000,-0.281,237000000,,-0.271,26.69,,,,,,,,,,,,,,,,,,,,,,false,true,6,2016-09-01,2017-02-28,0
2016-12-26,61960,2017-08-31,1,2326000000,0.159,,,,,821000000,0.031,822000000,0.041,540000000,,0.058,60.59,,,,,,,,,,,,,,,12.00,,,,,,,false,true,12,2016-09-01,2017-08-31,0
2016-12-26,61960,2016-08-31,1,,,,,,,,,,,,,,,,,,,,2722000000,2258000000,0.830,,2258000000,,,,,35.00,,,,8916300,,,false,false,12,2015-09-01,2016-08-31,-1
2017-03-13,61960,2017-08-31,,1403000000,0.237,,,,,594000000,0.648,594000000,0.648,381000000,,0.603,42.28,,,,,,,,,,,,,,,,,,,,,,false,true,6,2016-09-01,2017-02-28,0
2017-03-13,61960,2016-08-31,,1075000000,,,,,,501000000,,501000000,,326000000,,,39.27,,,,,,,,,,,,,,,,,,,,,,false,false,6,2015-09-01,2016-02-29,-1
2017-03-30,61960,2017-08-31,2,1403000000,0.304,,,,,594000000,0.186,594000000,0.185,381000000,,0.169,42.30,40.13,,,,,3200000000,2565000000,0.802,,2565000000,,,,,,,,,9273300,,9022360,false,false,6,2016-09-01,2017-02-28,0
2017-03-30,61960,2016-08-31,2,1075000000,,,,,,501000000,,501000000,,326000000,,,39.27,,,,,,,,,,,,,,,,,,,,,8316000,false,false,6,2015-09-01,2016-02-29,-1
2017-03-30,61960,2017-08-31,2,2326000000,0.159,,,,,821000000,0.031,822000000,0.041,540000000,,0.058,60.59,,,,,,,,,,,,,,,12.00,,,,,,,false,true,12,2016-09-01,2017-08-31,0
2017-03-30,61960,2016-08-31,2,,,,,,,,,,,,,,,,,,,,2722000000,2258000000,0.830,,2258000000,,,,,35.00,,,,8916300,,,false,false,12,2015-09-01,2016-08-31,-1
2017-03-30,61960,2017-08-31,2,,,,,,,,,,,,,,,,,,,,,,,,,,,,,0.00,,,,,,,false,false,12,2016-09-01,2017-08-31,0
2017-06-02,61960,2017-08-31,,2726000000,0.172,,,,,1047000000,0.275,1043000000,0.268,709000000,,0.313,76.61,,,,,,,,,,,,,,,14.00,,,,,,,false,true,12,2016-09-01,2017-08-31,0
2017-06-02,61960,2016-08-31,,2006000000,,,,,,796000000,,790000000,,510000000,,,60.61,,,,,,,,,,,,,,,11.66,,,,,,,false,false,12,2015-09-01,2016-08-31,-1
2017-06-02,61960,2017-08-31,,,,,,,,,,,,,,,,,,,,,,,,,,,,,,0.00,,,,,,,false,false,12,2016-09-01,2017-08-31,0
2017-06-29,61960,2017-08-31,3,2015000000,0.406,,,,,825000000,0.387,827000000,0.386,561000000,,0.461,61.44,,,,,,3258000000,2764000000,0.848,,2764000000,,,,,,,,,9520800,,9133300,false,false,9,2016-09-01,2017-05-31,0
2017-06-29,61960,2016-08-31,3,1432000000,,,,,,595000000,,596000000,,384000000,,,46.18,,,,,,,,,,,,,,,,,,,,,8316000,false,false,9,2015-09-01,2016-05-31,-1
2017-06-29,61960,2017-08-31,3,2726000000,0.359,,,,,1047000000,0.314,1043000000,0.321,709000000,,0.389,76.61,,,,,,,,,,,,,,,14.00,,,,,,,false,true,12,2016-09-01,2017-08-31,0
2017-06-29,61960,2016-08-31,3,,,,,,,,,,,,,,,,,,,,2722000000,2258000000,0.830,,2258000000,,,,,35.00,,,,8916300,,,false,false,12,2015-09-01,2016-08-31,-1
2017-06-29,61960,2017-08-31,3,,,,,,,,,,,,,,,,,,,,,,,,,,,,,0.00,,,,,,,false,false,12,2016-09-01,2017-08-31,0
2017-09-19,61960,2017-08-31,,3092000000,0.134,,,,,1149000000,0.097,1143000000,0.095,777000000,,0.095,83.91,,,,,,,,,,,,,,,16.00,,,,,,,false,true,12,2016-09-01,2017-08-31,0
2017-09-19,61960,2016-08-31,,2006000000,,,,,,796000000,,790000000,,510000000,,,60.61,,,,,,,,,,,,,,,11.66,,,,,,,false,false,12,2015-09-01,2016-08-31,-1
2017-09-19,61960,2017-08-31,,,,,,,,,,,,,,,,,,,,,,,,,,,,,,0.00,,,,,,,false,false,12,2016-09-01,2017-08-31,0
2017-09-29,61960,2017-08-31,,3092000000,0.541,,,,,1150000000,0.444,1144000000,0.449,803000000,,0.574,86.78,,0.268,0.317,0.372,,4507000000,3744000000,0.831,386.95,3744000000,1108000000,-7000000,673000000,4158000000,16.00,0.184,,,9677100,,9261374,false,false,12,2016-09-01,2017-08-31,0
2017-09-29,61960,2016-08-31,,2006000000,0.410,,,,,796000000,0.461,790000000,0.444,510000000,,0.552,60.61,56.69,0.297,0.358,0.397,,2722000000,2258000000,0.830,253.26,2258000000,430000000,-135000000,564000000,2384000000,35.00,0.192,,,8916300,,8427067,false,false,12,2015-09-01,2016-08-31,-1
2017-09-29,61960,2018-08-31,,1769000000,0.261,,,,,637000000,0.073,638000000,0.073,436000000,,0.144,45.12,,,,,,,,,,,,,,,,,,,,,,false,true,6,2017-09-01,2018-02-28,1
2017-09-29,61960,2018-08-31,,3531000000,0.142,,,,,1326000000,0.153,1328000000,0.160,909000000,,0.132,93.99,,,,,,,,,,,,,,,18.00,0.192,,,,,,false,true,12,2017-09-01,2018-08-31,1
2017-12-25,61960,2018-08-31,1,704000000,0.031,,,,,233000000,-0.088,233000000,-0.088,159000000,,0.013,16.48,,,,,,4126000000,3749000000,0.909,,3749000000,,,,,,,,,9677100,,9677100,false,false,3,2017-09-01,2017-11-30,0
2017-12-25,61960,2017-08-31,1,682000000,,,,,,256000000,,256000000,,157000000,,,17.62,16.56,,,,,,,,,,,,,,,,,,,,8938800,false,false,3,2016-09-01,2016-11-30,-1
2017-12-25,61960,2018-08-31,1,1769000000,0.261,,,,,637000000,0.073,638000000,0.073,436000000,,0.144,45.12,,,,,,,,,,,,,,,,,,,,,,false,true,6,2017-09-01,2018-02-28,0
2017-12-25,61960,2018-08-31,1,3531000000,0.142,,,,,1326000000,0.153,1328000000,0.160,909000000,,0.132,93.99,,,,,,,,,,,,,,,18.00,,,,,,,false,true,12,2017-09-01,2018-08-31,0
2017-12-25,61960,2017-08-31,1,,,,,,,,,,,,,,,,,,,,4507000000,3744000000,0.831,,3744000000,,,,,16.00,,,,9677100,,,false,false,12,2016-09-01,2017-08-31,-1
2018-03-19,61960,2018-08-31,,1552000000,-0.123,,,,,492000000,-0.228,492000000,-0.228,331000000,,-0.241,34.23,,,,,,,,,,,,,,,,,,,,,,false,true,6,2017-09-01,2018-02-28,0
2018-03-19,61960,2017-08-31,,1403000000,,,,,,594000000,,594000000,,381000000,,,42.30,,,,,,,,,,,,,,,,,,,,,,false,false,6,2016-09-01,2017-02-28,-1
2018-03-30,61960,2018-08-31,2,1552000000,0.106,,,,,492000000,-0.172,492000000,-0.171,331000000,,-0.132,34.23,34.20,,,,,4491000000,3925000000,0.873,,3921000000,,,,,,,,,9677100,,9677100,false,false,6,2017-09-01,2018-02-28,0
2018-03-30,61960,2017-08-31,2,1403000000,0.304,,,,,594000000,0.186,594000000,0.185,381000000,,0.169,42.30,40.13,,,,,,,,,,,,,,,,,,,,9022360,false,false,6,2016-09-01,2017-02-28,-1
2018-03-30,61960,2018-08-31,2,3531000000,0.142,,,,,1326000000,0.153,1328000000,0.160,909000000,,0.132,93.99,,,,,,,,,,,,,,,18.00,,,,,,,false,true,12,2017-09-01,2018-08-31,0
2018-03-30,61960,2017-08-31,2,,,,,,,,,,,,,,,,,,,,4507000000,3744000000,0.831,,3744000000,,,,,16.00,,,,9677100,,,false,false,12,2016-09-01,2017-08-31,-1
2018-03-30,61960,2018-08-31,2,,,,,,,,,,,,,,,,,,,,,,,,,,,,,0.00,,,,,,,false,false,12,2017-09-01,2018-08-31,0
,61960,2018-08-31,,,,,,,,,,,,,,,,,,,,,,,,,,,,,,9.00,,,,,,,false,true,12,2017-09-01,2018-08-31,0
,61960,2018-08-31,,,,,,,,,,,,,,,,,,,,,,,,,,,,,,0.00,,,,,,,false,false,12,2017-09-01,2018-08-31,0
,61960,2017-08-31,,,,,,,,,,,,,,,,,,,,,,,,,,,,,,16.00,,,,,,,false,false,12,2016-09-01,2017-08-31,-1
2018-06-28,61960,2018-08-31,3,2819000000,0.399,,,,,1063000000,0.287,1064000000,0.287,717000000,,0.278,37.06,36.99,,,,,5034000000,4312000000,0.856,,4307000000,,,,,,,,,19354200,,19354200,false,false,9,2017-09-01,2018-05-31,0
2018-06-28,61960,2017-08-31,3,2015000000,0.406,,,,,825000000,0.387,827000000,0.386,561000000,,0.461,30.72,,,,,,,,,,,,,,,,,,,,,18266600,false,false,9,2016-09-01,2017-05-31,-1
2018-06-28,61960,2018-08-31,3,3531000000,0.142,,,,,1326000000,0.153,1328000000,0.160,909000000,,0.132,47.00,,,,,,,,,,,,,,,9.00,,,,,,,false,true,12,2017-09-01,2018-08-31,0
2018-06-28,61960,2017-08-31,3,,,,,,,,,,,,,,,,,,,,4507000000,3744000000,0.831,,3744000000,,,,,16.00,,,,19354200,,,false,false,12,2016-09-01,2017-08-31,-1
2018-06-28,61960,2018-08-31,3,,,,,,,,,,,,,,,,,,,,,,,,,,,,,0.00,,,,,,,false,false,12,2017-09-01,2018-08-31,0
2018-09-27,61960,2018-08-31,,3743000000,0.211,,,,,1352000000,0.176,1355000000,0.184,919000000,,0.144,47.52,47.39,0.223,0.273,0.361,,5419000000,4513000000,0.832,233.22,4509000000,1025000000,-115000000,-150000000,4918000000,9.00,0.189,,,19354200,,19354200,false,false,12,2017-09-01,2018-08-31,0
2018-09-27,61960,2017-08-31,,3092000000,0.541,,,,,1150000000,0.444,1144000000,0.449,803000000,,0.574,43.39,,0.268,0.317,0.372,,4507000000,3744000000,0.831,193.48,3744000000,1108000000,-7000000,673000000,4158000000,16.00,0.184,,,19354200,,18522750,false,false,12,2016-09-01,2017-08-31,-1
2018-09-27,61960,2019-08-31,,2254000000,0.452,,,,,790000000,0.605,790000000,0.604,528000000,,0.596,27.32,,,,,,,,,,,,,,,,,,,,,,false,true,6,2018-09-01,2019-02-28,1
2018-09-27,61960,2019-08-31,,4545000000,0.214,,,,,1591000000,0.176,1591000000,0.175,1066000000,,0.160,55.11,,,,,,,,,,,,,,,11.00,0.200,,,,,,false,true,12,2018-09-01,2019-08-31,1
2018-09-27,61960,2018-08-31,,3743000000,0.211,,,,,1352000000,0.176,1355000000,0.184,919000000,,0.144,47.52,47.39,0.223,0.273,0.361,,5419000000,4513000000,0.832,233.01,4509000000,1025000000,-115000000,-150000000,4918000000,9.00,0.189,,,19354200,,19354200,false,false,12,2017-09-01,2018-08-31,0
2018-09-27,61960,2017-08-31,,3092000000,0.541,,,,,1150000000,0.444,1144000000,0.449,803000000,,0.574,43.39,,0.268,0.317,0.372,,4507000000,3744000000,0.831,193.48,3744000000,1108000000,-7000000,673000000,4158000000,16.00,0.184,,,19354200,,18522750,false,false,12,2016-09-01,2017-08-31,-1
2018-09-27,61960,2019-08-31,,2254000000,0.452,,,,,790000000,0.605,790000000,0.604,528000000,,0.596,27.32,,,,,,,,,,,,,,,,,,,,,,false,true,6,2018-09-01,2019-02-28,1
2018-09-27,61960,2019-08-31,,4545000000,0.214,,,,,1591000000,0.176,1591000000,0.175,1066000000,,0.160,55.11,,,,,,,,,,,,,,,11.00,0.200,,,,,,false,true,12,2018-09-01,2019-08-31,1
2018-12-25,61960,2019-08-31,1,827000000,0.175,,,,,229000000,-0.016,230000000,-0.016,151000000,,-0.048,7.85,7.82,,,,,4869000000,4491000000,0.922,,4487000000,,,,,,,,,19354200,,19354200,false,false,3,2018-09-01,2018-11-30,0
2018-12-25,61960,2018-08-31,1,704000000,0.031,,,,,233000000,-0.088,233000000,-0.088,159000000,,0.013,8.24,,,,,,,,,,,,,,,,,,,,,19354200,false,false,3,2017-09-01,2017-11-30,-1
2018-12-25,61960,2019-08-31,1,2254000000,0.452,,,,,790000000,0.605,790000000,0.604,528000000,,0.596,27.32,,,,,,,,,,,,,,,,,,,,,,false,true,6,2018-09-01,2019-02-28,0
2018-12-25,61960,2019-08-31,1,4545000000,0.214,,,,,1591000000,0.176,1591000000,0.175,1066000000,,0.160,55.11,,,,,,,,,,,,,,,11.00,,,,,,,false,true,12,2018-09-01,2019-08-31,0
2018-12-25,61960,2018-08-31,1,,,,,,,,,,,,,,,,,,,,5419000000,4513000000,0.832,,4509000000,,,,,9.00,,,,19354200,,,false,false,12,2017-09-01,2018-08-31,-1
2019-03-28,61960,2019-08-31,2,2192000000,0.413,,,,,757000000,0.538,756000000,0.535,503000000,,0.521,26.07,26.05,,,,,5190000000,4325000000,0.833,,4321000000,,,,,,,,,19354200,250000,19327138,false,false,6,2018-09-01,2019-02-28,0
2019-03-28,61960,2018-08-31,2,1552000000,0.106,,,,,492000000,-0.172,492000000,-0.171,331000000,,-0.132,17.12,17.10,,,,,,,,,,,,,,,,,,,,19354200,false,false,6,2017-09-01,2018-02-28,-1
2019-03-28,61960,2019-08-31,2,4545000000,0.214,,,,,1591000000,0.176,1591000000,0.175,1066000000,,0.160,55.51,,,,,,,,,,,,,,,11.00,,,,,,,false,true,12,2018-09-01,2019-08-31,0
2019-03-28,61960,2018-08-31,2,,,,,,,,,,,,,,,,,,,,5419000000,4513000000,0.832,,4509000000,,,,,9.00,,,,19354200,,,false,false,12,2017-09-01,2018-08-31,-1
2019-03-28,61960,2019-08-31,2,,,,,,,,,,,,,,,,,,,,,,,,,,,,,0.00,,,,,,,false,false,12,2018-09-01,2019-08-31,0
2019-06-28,61960,2019-08-31,3,3413000000,0.211,,,,,1199000000,0.129,1200000000,0.128,801000000,,0.117,41.62,41.62,,,,,5394000000,4621000000,0.856,,4617000000,,,,,,,,,19354200,250000,19252009,false,false,9,2018-09-01,2019-05-31,0
2019-06-28,61960,2018-08-31,3,2819000000,0.399,,,,,1063000000,0.287,1064000000,0.287,717000000,,0.278,37.06,36.99,,,,,,,,,,,,,,,,,,,,19354200,false,false,9,2017-09-01,2018-05-31,-1
2019-06-28,61960,2019-08-31,3,4545000000,0.214,,,,,1591000000,0.176,1591000000,0.175,1066000000,,0.160,55.51,,,,,,,,,,,,,,,11.00,,,,,,,false,true,12,2018-09-01,2019-08-31,0
2019-06-28,61960,2018-08-31,3,,,,,,,,,,,,,,,,,,,,5419000000,4513000000,0.832,,4509000000,,,,,9.00,,,,19354200,,,false,false,12,2017-09-01,2018-08-31,-1
2019-06-28,61960,2019-08-31,3,,,,,,,,,,,,,,,,,,,,,,,,,,,,,0.00,,,,,,,false,false,12,2018-09-01,2019-08-31,0
2019-09-17,61960,2019-08-31,,5077000000,0.117,,,,,1886000000,0.186,1889000000,0.187,1342000000,,0.259,69.86,,,,,,,,,,,,,,,14.50,,,,,,,false,true,12,2018-09-01,2019-08-31,0
2019-09-17,61960,2018-08-31,,3743000000,,,,,,1352000000,,1355000000,,919000000,,,47.52,,,,,,,,,,,,,,,9.00,,,,,,,false,false,12,2017-09-01,2018-08-31,-1
2019-09-17,61960,2019-08-31,,,,,,,,,,,,,,,,,,,,,,,,,,,,,,0.00,,,,,,,false,false,12,2018-09-01,2019-08-31,0
2019-09-30,61960,2019-08-31,,5077000000,0.356,,,,,1886000000,0.395,1889000000,0.394,1342000000,,0.459,69.86,,0.278,0.319,0.372,,6427000000,5162000000,0.803,270.00,5158000000,1366000000,-197000000,-693000000,5393000000,14.50,0.208,,,19354200,250036,19214745,false,false,12,2018-09-01,2019-08-31,0
2019-09-30,61960,2018-08-31,,3743000000,0.211,,,,,1352000000,0.176,1355000000,0.184,919000000,,0.144,47.52,47.39,0.223,0.273,0.361,,5419000000,4513000000,0.832,233.01,4509000000,1025000000,-115000000,-150000000,4918000000,9.00,0.189,,,19354200,,19354200,false,false,12,2017-09-01,2018-08-31,-1
2019-09-30,61960,2020-08-31,,3202000000,0.461,,,,,1176000000,0.554,1176000000,0.556,942000000,,0.870,49.32,,,,,,,,,,,,,,,,,,,,,,false,true,6,2019-09-01,2020-02-29,1
2019-09-30,61960,2020-08-31,,6275000000,0.236,,,,,2237000000,0.186,2237000000,0.184,1667000000,,0.242,87.28,,,,,,,,,,,,,,,17.50,0.201,,,,,,false,true,12,2019-09-01,2020-08-31,1
2019-12-24,61960,2020-08-31,1,1481000000,0.791,,,,,621000000,1.703,621000000,1.702,573000000,,2.776,30.01,29.89,,,,,6346000000,5465000000,0.860,,5461000000,,,,,,,,,19354200,250076,19104138,false,false,3,2019-09-01,2019-11-30,0
2019-12-24,61960,2019-08-31,1,827000000,0.175,,,,,229000000,-0.016,230000000,-0.016,151000000,,-0.048,7.85,7.82,,,,,,,,,,,,,,,,,,,,19354200,false,false,3,2018-09-01,2018-11-30,-1
2019-12-24,61960,2020-08-31,1,3202000000,0.461,,,,,1176000000,0.554,1176000000,0.556,942000000,,0.870,49.32,,,,,,,,,,,,,,,,,,,,,,false,true,6,2019-09-01,2020-02-29,0
2019-12-24,61960,2020-08-31,1,6275000000,0.236,,,,,2237000000,0.186,2237000000,0.184,1667000000,,0.242,87.28,,,,,,,,,,,,,,,17.50,,,,,,,false,true,12,2019-09-01,2020-08-31,0
2019-12-24,61960,2019-08-31,1,,,,,,,,,,,,,,,,,,,,6427000000,5162000000,0.803,,5158000000,,,,,14.50,,,,19354200,250036,,false,false,12,2018-09-01,2019-08-31,-1
2020-03-23,61960,2020-08-31,,3508000000,0.095,,,,,1551000000,0.318,1551000000,0.318,1181000000,,0.254,61.84,,,,,,,,,,,,,,,,,,,,,,false,true,6,2019-09-01,2020-02-29,0
2020-03-23,61960,2019-08-31,,2192000000,,,,,,757000000,,756000000,,503000000,,,26.07,,,,,,,,,,,,,,,,,,,,,,false,false,6,2018-09-01,2019-02-28,-1
2020-03-30,61960,2020-08-31,2,3508000000,0.600,,,,,1551000000,1.049,1551000000,1.052,1181000000,,1.344,61.84,61.53,,,,,7729000000,6071000000,0.785,,6067000000,,,,,,,,,19354200,250110,19104122,false,false,6,2019-09-01,2020-02-29,0
2020-03-30,61960,2019-08-31,2,2192000000,0.413,,,,,757000000,0.538,756000000,0.535,503000000,,0.521,26.07,26.05,,,,,,,,,,,,,,,,,,,,19327138,false,false,6,2018-09-01,2019-02-28,-1
2020-03-30,61960,2020-08-31,2,6275000000,0.236,,,,,2237000000,0.186,2237000000,0.184,1667000000,,0.242,87.28,,,,,,,,,,,,,,,17.50,,,,,,,false,true,12,2019-09-01,2020-08-31,0
2020-03-30,61960,2019-08-31,2,,,,,,,,,,,,,,,,,,,,6427000000,5162000000,0.803,,5158000000,,,,,14.50,,,,19354200,250036,,false,false,12,2018-09-01,2019-08-31,-1
2020-03-30,61960,2020-08-31,2,,,,,,,,,,,,,,,,,,,,,,,,,,,,,0.00,,,,,,,false,false,12,2019-09-01,2020-08-31,0
2020-06-29,61960,2020-08-31,3,4979000000,0.459,,,,,2130000000,0.776,2130000000,0.775,1565000000,,0.954,81.96,81.55,,,,,7836000000,6454000000,0.823,,6450000000,,,,,,,,,19354200,250110,19104111,false,false,9,2019-09-01,2020-05-31,0
2020-06-29,61960,2019-08-31,3,3413000000,0.211,,,,,1199000000,0.129,1200000000,0.128,801000000,,0.117,41.62,41.62,,,,,,,,,,,,,,,,,,,,19252009,false,false,9,2018-09-01,2019-05-31,-1
2020-06-29,61960,2020-08-31,3,6275000000,0.236,,,,,2237000000,0.186,2237000000,0.184,1667000000,,0.242,87.28,,,,,,,,,,,,,,,17.50,,,,,,,false,true,12,2019-09-01,2020-08-31,0
2020-06-29,61960,2019-08-31,3,,,,,,,,,,,,,,,,,,,,6427000000,5162000000,0.803,,5158000000,,,,,14.50,,,,19354200,250036,,false,false,12,2018-09-01,2019-08-31,-1
2020-06-29,61960,2020-08-31,3,,,,,,,,,,,,,,,,,,,,,,,,,,,,,0.00,,,,,,,false,false,12,2019-09-01,2020-08-31,0
2020-09-18,61960,2020-08-31,,6916000000,0.102,,,,,2981000000,0.333,2983000000,0.333,2202000000,,0.321,115.29,,,,,,,,,,,,,,,24.00,,,,,,,false,true,12,2019-09-01,2020-08-31,0
2020-09-18,61960,2019-08-31,,5077000000,,,,,,1886000000,,1889000000,,1342000000,,,69.86,,,,,,,,,,,,,,,14.50,,,,,,,false,false,12,2018-09-01,2019-08-31,-1
2020-09-18,61960,2020-08-31,,,,,,,,,,,,,,,,,,,,,,,,,,,,,,0.00,,,,,,,false,false,12,2019-09-01,2020-08-31,0
2020-09-30,61960,2020-08-31,,6916000000,0.362,,,,,2981000000,0.580,2983000000,0.579,2202000000,,0.641,115.29,114.72,0.360,0.386,0.431,,9045000000,7091000000,0.783,370.98,7087000000,2888000000,-133000000,-277000000,7871000000,24.00,0.208,,,19354200,250183,19104095,false,false,12,2019-09-01,2020-08-31,0
2020-09-30,61960,2019-08-31,,5077000000,0.356,,,,,1886000000,0.395,1889000000,0.394,1342000000,,0.459,69.86,,0.278,0.319,0.372,,6427000000,5162000000,0.803,270.00,5158000000,1366000000,-197000000,-693000000,5393000000,14.50,0.208,,,19354200,250036,19214745,false,false,12,2018-09-01,2019-08-31,-1
2020-09-30,61960,2021-08-31,,4276000000,0.219,,,,,1818000000,0.173,1819000000,0.172,1224000000,,0.036,64.09,,,,,,,,,,,,,,,,,,,,,,false,true,6,2020-09-01,2021-02-28,1
2020-09-30,61960,2021-08-31,,8368000000,,,,,,3081000000,,3083000000,,2069000000,,,108.35,,,,,,,,,,,,,,,27.00,0.249,,,,,,false,true,12,2020-09-01,2021-08-31,1
2020-12-24,61960,2021-09-30,1,1197000000,-0.192,,,,,312000000,-0.497,312000000,-0.497,206000000,,-0.639,10.83,10.76,,,,,7471000000,6839000000,0.915,,6835000000,,,,,,,,,19354200,250183,19104017,false,false,3,2020-10-01,2020-12-31,0
2020-12-24,61960,2020-09-30,1,1481000000,0.791,,,,,621000000,1.703,621000000,1.702,573000000,,2.776,30.01,29.89,,,,,,,,,,,,,,,,,,,,19104138,false,false,3,2019-10-01,2019-12-31,-1
2020-12-24,61960,2021-09-30,1,4276000000,0.219,,,,,1818000000,0.173,1819000000,0.172,1224000000,,0.036,64.09,,,,,,,,,,,,,,,,,,,,,,false,true,6,2020-10-01,2021-03-31,0
2020-12-24,61960,2021-09-30,1,8368000000,,,,,,3081000000,,3083000000,,2069000000,,,108.35,,,,,,,,,,,,,,,27.00,,,,,,,false,true,12,2020-10-01,2021-09-30,0
2020-12-24,61960,2020-09-30,1,,,,,,,,,,,,,,,,,,,,9045000000,7091000000,0.783,,7087000000,,,,,24.00,,,,19354200,250183,,false,false,12,2019-10-01,2020-09-30,-1
2021-03-30,61960,2021-09-30,2,3899000000,0.111,,,,,1481000000,-0.045,1484000000,-0.043,999000000,,-0.154,52.33,52.02,,,,,9282000000,7657000000,0.825,,7653000000,,,,,,,,,19354200,240383,19108527,false,false,6,2020-10-01,2021-03-31,0
2021-03-30,61960,2020-09-30,2,3508000000,0.600,,,,,1551000000,1.049,1551000000,1.052,1181000000,,1.344,61.84,61.53,,,,,,,,,,,,,,,,,,,,19104122,false,false,6,2019-10-01,2020-03-31,-1
2021-03-30,61960,2021-09-30,2,8368000000,,,,,,3081000000,,3083000000,,2069000000,,,108.35,,,,,,,,,,,,,,,27.00,,,,,,,false,true,12,2020-10-01,2021-09-30,0
2021-03-30,61960,2020-09-30,2,,,,,,,,,,,,,,,,,,,,9045000000,7091000000,0.783,,7087000000,,,,,24.00,,,,19354200,250183,,false,false,12,2019-10-01,2020-09-30,-1
2021-03-30,61960,2021-09-30,2,,,,,,,,,,,,,,,,,,,,,,,,,,,,,0.00,,,,,,,false,false,12,2020-10-01,2021-09-30,0
2021-06-30,61960,2021-09-30,3,5597000000,0.124,,,,,2035000000,-0.045,2038000000,-0.043,1371000000,,-0.124,71.79,71.38,,,,,9016000000,8049000000,0.892,,8046000000,,,,,,,,,19354200,231983,19111865,false,false,9,2020-10-01,2021-06-30,0
2021-06-30,61960,2020-09-30,3,4979000000,0.459,,,,,2130000000,0.776,2130000000,0.775,1565000000,,0.954,81.96,81.55,,,,,,,,,,,,,,,,,,,,19104111,false,false,9,2019-10-01,2020-06-30,-1
2021-06-30,61960,2021-09-30,3,8368000000,,,,,,3081000000,,3083000000,,2069000000,,,108.35,,,,,,,,,,,,,,,27.00,,,,,,,false,true,12,2020-10-01,2021-09-30,0
2021-06-30,61960,2020-09-30,3,,,,,,,,,,,,,,,,,,,,9045000000,7091000000,0.783,,7087000000,,,,,24.00,,,,19354200,250183,,false,false,12,2019-10-01,2020-09-30,-1
2021-06-30,61960,2021-09-30,3,,,,,,,,,,,,,,,,,,,,,,,,,,,,,0.00,,,,,,,false,false,12,2020-10-01,2021-09-30,0
2021-10-29,61960,2021-09-30,,9034000000,,,,,,3451000000,,3475000000,,2395000000,,,125.33,124.68,0.296,0.347,0.382,,10958000000,9077000000,0.828,474.41,9073000000,1500000000,-400000000,-404000000,8567000000,32.00,0.255,,,19354200,228021,19115608,false,false,12,2020-10-01,2021-09-30,0
2021-10-29,61960,2020-09-30,,6916000000,0.362,,,,,2981000000,0.580,2983000000,0.579,2202000000,,0.641,115.29,114.72,0.360,0.386,0.431,,9045000000,7091000000,0.783,370.98,7087000000,2888000000,-133000000,-277000000,7871000000,24.00,0.208,,,19354200,250183,19104095,false,false,12,2019-10-01,2020-09-30,-1
2021-10-29,61960,2022-09-30,,5625000000,,,,,,2138000000,,2138000000,,1391000000,,,72.73,,,,,,,,,,,,,,,,,,,,,,false,true,6,2021-10-01,2022-03-31,1
2021-10-29,61960,2022-09-30,,11208000000,,,,,,4210000000,,4211000000,,2729000000,,,142.70,,,,,,,,,,,,,,,36.00,0.252,,,,,,false,true,12,2021-10-01,2022-09-30,1
2022-01-28,61960,2022-09-30,1,2355000000,,,,,,893000000,,894000000,,603000000,,,31.57,31.41,,,,,10394000000,9107000000,0.876,,9104000000,,,,,,,,,19354200,211859,19131797,false,false,3,2021-10-01,2021-12-31,0
2022-01-28,61960,2021-09-30,1,1197000000,-0.192,,,,,312000000,-0.497,312000000,-0.497,206000000,,-0.639,10.83,10.76,,,,,,,,,,,,,,,,,,,,19104017,false,false,3,2020-10-01,2020-12-31,-1
2022-01-28,61960,2022-09-30,1,5625000000,,,,,,2138000000,,2138000000,,1391000000,,,72.73,,,,,,,,,,,,,,,,,,,,,,false,true,6,2021-10-01,2022-03-31,0
2022-01-28,61960,2022-09-30,1,11208000000,,,,,,4210000000,,4211000000,,2729000000,,,142.70,,,,,,,,,,,,,,,36.00,,,,,,,false,true,12,2021-10-01,2022-09-30,0
2022-01-28,61960,2021-09-30,1,,,,,,,,,,,,,,,,,,,,10958000000,9077000000,0.828,,9073000000,,,,,32.00,,,,19354200,228021,,false,false,12,2020-10-01,2021-09-30,-1
2022-04-27,61960,2022-09-30,2,5216000000,,,,,,1994000000,,1994000000,,1349000000,,,70.60,70.28,,,,,11260000000,9363000000,0.831,,9360000000,,,,,,,,,19354200,324059,19116130,false,false,6,2021-10-01,2022-03-31,0
2022-04-27,61960,2021-09-30,2,3899000000,0.111,,,,,1481000000,-0.045,1484000000,-0.043,999000000,,-0.154,52.33,52.02,,,,,,,,,,,,,,,,,,,,19108527,false,false,6,2020-10-01,2021-03-31,-1
2022-04-27,61960,2022-09-30,2,11208000000,,,,,,4210000000,,4211000000,,2729000000,,,143.10,,,,,,,,,,,,,,,36.00,,,,,,,false,true,12,2021-10-01,2022-09-30,0
2022-04-27,61960,2021-09-30,2,,,,,,,,,,,,,,,,,,,,10958000000,9077000000,0.828,,9073000000,,,,,32.00,,,,19354200,228021,,false,false,12,2020-10-01,2021-09-30,-1
2022-04-27,61960,2022-09-30,2,,,,,,,,,,,,,,,,,,,,,,,,,,,,,0.00,,,,,,,false,false,12,2021-10-01,2022-09-30,0
2022-07-29,61960,2022-09-30,3,7132000000,,,,,,2601000000,,2603000000,,1756000000,,,92.02,91.64,,,,,10536000000,9785000000,0.928,,9782000000,,,,,,,,,19354200,318059,19088697,false,false,9,2021-10-01,2022-06-30,0
2022-07-29,61960,2021-09-30,3,5597000000,0.124,,,,,2035000000,-0.045,2038000000,-0.043,1371000000,,-0.124,71.79,71.38,,,,,,,,,,,,,,,,,,,,19111865,false,false,9,2020-10-01,2021-06-30,-1
2022-07-29,61960,2022-09-30,3,11208000000,,,,,,4210000000,,4211000000,,2729000000,,,143.10,,,,,,,,,,,,,,,36.00,,,,,,,false,true,12,2021-10-01,2022-09-30,0
2022-07-29,61960,2021-09-30,3,,,,,,,,,,,,,,,,,,,,10958000000,9077000000,0.828,,9073000000,,,,,32.00,,,,19354200,228021,,false,false,12,2020-10-01,2021-09-30,-1
2022-07-29,61960,2022-09-30,3,,,,,,,,,,,,,,,,,,,,,,,,,,,,,0.00,,,,,,,false,false,12,2021-10-01,2022-09-30,0
2022-10-28,61960,2022-09-30,,10727000000,,,,,,4224000000,,4226000000,,2962000000,,,155.23,154.65,0.292,0.356,0.394,,12809000000,11248000000,0.878,587.62,11247000000,1702000000,-936000000,-791000000,8542000000,40.00,0.258,,,19354200,213459,19083899,false,false,12,2021-10-01,2022-09-30,0
2022-10-28,61960,2021-09-30,,9034000000,,,,,,3451000000,,3475000000,,2395000000,,,125.33,124.68,0.296,0.347,0.382,,10958000000,9077000000,0.828,474.41,9073000000,1500000000,-400000000,-404000000,8567000000,32.00,0.255,,,19354200,228021,19115608,false,false,12,2020-10-01,2021-09-30,-1
2022-10-28,61960,2023-09-30,,6871000000,0.317,,,,,2280000000,0.144,2281000000,0.144,1506000000,,0.116,78.72,,,,,,,,,,,,,,,,,,,,,,false,true,6,2022-10-01,2023-03-31,1
2022-10-28,61960,2023-09-30,,15266000000,0.423,,,,,5454000000,0.291,5454000000,0.291,3608000000,,0.218,188.52,,,,,,,,,,,,,,,48.00,0.255,,,,,,false,true,12,2022-10-01,2023-09-30,1
2023-01-30,61960,2023-09-30,1,1969000000,-0.164,,,,,558000000,-0.374,560000000,-0.373,375000000,,-0.378,19.59,,,,,,11824000000,11011000000,0.931,,11011000000,,,,,,,,,19354200,151294,19167742,false,false,3,2022-10-01,2022-12-31,0
2023-01-30,61960,2022-09-30,1,2355000000,,,,,,893000000,,894000000,,603000000,,,31.57,31.41,,,,,,,,,,,,,,,,,,,,19131797,false,false,3,2021-10-01,2021-12-31,-1
2023-01-30,61960,2023-09-30,1,6871000000,0.317,,,,,2280000000,0.144,2281000000,0.144,1506000000,,0.116,78.72,,,,,,,,,,,,,,,,,,,,,,false,true,6,2022-10-01,2023-03-31,0
2023-01-30,61960,2023-09-30,1,15266000000,0.423,,,,,5454000000,0.291,5454000000,0.291,3608000000,,0.218,188.52,,,,,,,,,,,,,,,48.00,,,,,,,false,true,12,2022-10-01,2023-09-30,0
2023-01-30,61960,2022-09-30,1,,,,,,,,,,,,,,,,,,,,12809000000,11248000000,0.878,,11247000000,,,,,40.00,,,,19354200,213459,,false,false,12,2021-10-01,2022-09-30,-1
2023-04-21,61960,2023-09-30,,6082000000,-0.115,,,,,2025000000,-0.112,2035000000,-0.108,1368000000,,-0.092,71.32,,,,,,,,,,,,,,,,,,,,,,false,true,6,2022-10-01,2023-03-31,0
2023-04-21,61960,2022-09-30,,5216000000,,,,,,1994000000,,1994000000,,1349000000,,,70.60,,,,,,,,,,,,,,,,,,,,,,false,false,6,2021-10-01,2022-03-31,-1
2023-04-27,61960,2023-09-30,2,6082000000,0.166,,,,,2025000000,0.016,2035000000,0.020,1368000000,,0.014,71.32,,,,,,14965000000,12004000000,0.802,,12004000000,,,,,,,,,19354200,151294,19185131,false,false,6,2022-10-01,2023-03-31,0
2023-04-27,61960,2022-09-30,2,5216000000,,,,,,1994000000,,1994000000,,1349000000,,,70.60,70.28,,,,,,,,,,,,,,,,,,,,19116130,false,false,6,2021-10-01,2022-03-31,-1
2023-04-27,61960,2023-09-30,2,15266000000,0.423,,,,,5454000000,0.291,5454000000,0.291,3608000000,,0.218,188.52,,,,,,,,,,,,,,,48.00,,,,,,,false,true,12,2022-10-01,2023-09-30,0
2023-04-27,61960,2022-09-30,2,,,,,,,,,,,,,,,,,,,,12809000000,11248000000,0.878,,11247000000,,,,,40.00,,,,19354200,213459,,false,false,12,2021-10-01,2022-09-30,-1
2023-04-27,61960,2023-09-30,2,,,,,,,,,,,,,,,,,,,,,,,,,,,,,0.00,,,,,,,false,false,12,2022-10-01,2023-09-30,0
2023-07-28,61960,2023-09-30,3,9132000000,0.281,,,,,2947000000,0.133,2955000000,0.135,1989000000,,0.133,103.68,,,,,,14483000000,12626000000,0.872,,12626000000,,,,,,,,,19354200,151294,19191056,false,false,9,2022-10-01,2023-06-30,0
2023-07-28,61960,2022-09-30,3,7132000000,,,,,,2601000000,,2603000000,,1756000000,,,92.02,91.64,,,,,,,,,,,,,,,,,,,,19088697,false,false,9,2021-10-01,2022-06-30,-1
2023-07-28,61960,2023-09-30,3,15266000000,0.423,,,,,5454000000,0.291,5454000000,0.291,3608000000,,0.218,188.52,,,,,,,,,,,,,,,48.00,,,,,,,false,true,12,2022-10-01,2023-09-30,0
2023-07-28,61960,2022-09-30,3,,,,,,,,,,,,,,,,,,,,12809000000,11248000000,0.878,,11247000000,,,,,40.00,,,,19354200,213459,,false,false,12,2021-10-01,2022-09-30,-1
2023-07-28,61960,2023-09-30,3,,,,,,,,,,,,,,,,,,,,,,,,,,,,,0.00,,,,,,,false,false,12,2022-10-01,2023-09-30,0
2023-10-30,61960,2023-09-30,,13826000000,0.289,,,,,5202000000,0.231,5211000000,0.233,3866000000,,0.305,201.46,,0.300,0.335,0.376,,18285000000,14503000000,0.793,755.26,14503000000,6809000000,-636000000,-612000000,14102000000,51.00,0.253,,,19354200,151339,19194040,false,false,12,2022-10-01,2023-09-30,0
2023-10-30,61960,2022-09-30,,10727000000,,,,,,4224000000,,4226000000,,2962000000,,,155.23,154.65,0.292,0.356,0.394,,12809000000,11248000000,0.878,587.62,11247000000,1702000000,-936000000,-791000000,8542000000,40.00,0.258,,,19354200,213459,19083899,false,false,12,2021-10-01,2022-09-30,-1
2023-10-30,61960,2024-09-30,,8199000000,0.348,,,,,2928000000,0.445,2924000000,0.437,1943000000,,0.421,101.22,,,,,,,,,,,,,,,,,,,,,,false,true,6,2023-10-01,2024-03-31,1
2023-10-30,61960,2024-09-30,,18218000000,0.318,,,,,7037000000,0.353,7030000000,0.349,4677000000,,0.210,243.57,,,,,,,,,,,,,,,62.00,0.255,,,,,,false,true,12,2023-10-01,2024-09-30,1
2024-01-30,61960,2024-09-30,1,3676000000,0.866,,,,,1345000000,1.408,1344000000,1.401,904000000,,1.409,47.11,,,,,,16573000000,14428000000,0.871,,14428000000,,,,,,,,,19354200,151339,19202861,false,false,3,2023-10-01,2023-12-31,0
2024-01-30,61960,2023-09-30,1,1969000000,-0.164,,,,,558000000,-0.374,560000000,-0.373,375000000,,-0.378,19.59,,,,,,,,,,,,,,,,,,,,,19167742,false,false,3,2022-10-01,2022-12-31,-1
2024-01-30,61960,2024-09-30,1,8199000000,0.348,,,,,2928000000,0.445,2924000000,0.437,1943000000,,0.421,101.22,,,,,,,,,,,,,,,,,,,,,,false,true,6,2023-10-01,2024-03-31,0
2024-01-30,61960,2024-09-30,1,18218000000,0.318,,,,,7037000000,0.353,7030000000,0.349,4677000000,,0.210,243.57,,,,,,,,,,,,,,,62.00,,,,,,,false,true,12,2023-10-01,2024-09-30,0
2024-01-30,61960,2023-09-30,1,,,,,,,,,,,,,,,,,,,,18285000000,14503000000,0.793,,14503000000,,,,,51.00,,,,19354200,151339,,false,false,12,2022-10-01,2023-09-30,-1
2024-04-22,61960,2024-09-30,,9230000000,0.126,,,,,3706000000,0.265,3705000000,0.267,2440000000,,0.255,127.08,,,,,,,,,,,,,,,,,,,,,,false,true,6,2023-10-01,2024-03-31,0
2024-04-22,61960,2023-09-30,,6082000000,,,,,,2025000000,,2035000000,,1368000000,,,71.32,,,,,,,,,,,,,,,,,,,,,,false,false,6,2022-10-01,2023-03-31,-1
2024-04-30,61960,2024-09-30,2,9230000000,0.518,,,,,3706000000,0.829,3705000000,0.821,2440000000,,0.783,127.08,,,,,,20079000000,15960000000,0.795,,15960000000,,,,,,,,,19354200,151370,19202851,false,false,6,2023-10-01,2024-03-31,0
2024-04-30,61960,2023-09-30,2,6082000000,0.166,,,,,2025000000,0.016,2035000000,0.020,1368000000,,0.014,71.32,,,,,,,,,,,,,,,,,,,,,19185131,false,false,6,2022-10-01,2023-03-31,-1
2024-04-30,61960,2024-09-30,2,18218000000,0.318,,,,,7037000000,0.353,7030000000,0.349,4677000000,,0.210,243.57,,,,,,,,,,,,,,,62.00,,,,,,,false,true,12,2023-10-01,2024-09-30,0
2024-04-30,61960,2023-09-30,2,,,,,,,,,,,,,,,,,,,,18285000000,14503000000,0.793,,14503000000,,,,,51.00,,,,19354200,151339,,false,false,12,2022-10-01,2023-09-30,-1
2024-04-30,61960,2024-09-30,2,,,,,,,,,,,,,,,,,,,,,,,,,,,,,0.00,,,,,,,false,false,12,2023-10-01,2024-09-30,0
2024-07-30,61960,2024-09-30,3,13272000000,0.453,,,,,4986000000,0.692,4982000000,0.686,3308000000,,0.663,172.31,,,,,,20079000000,16824000000,0.838,,16824000000,,,,,,,,,19354200,151370,19202844,false,false,9,2023-10-01,2024-06-30,0
2024-07-30,61960,2023-09-30,3,9132000000,0.281,,,,,2947000000,0.133,2955000000,0.135,1989000000,,0.133,103.68,,,,,,,,,,,,,,,,,,,,,19191056,false,false,9,2022-10-01,2023-06-30,-1
2024-07-30,61960,2024-09-30,3,18218000000,0.318,,,,,7037000000,0.353,7030000000,0.349,4677000000,,0.210,243.57,,,,,,,,,,,,,,,85.00,,,,,,,false,true,12,2023-10-01,2024-09-30,0
2024-07-30,61960,2023-09-30,3,,,,,,,,,,,,,,,,,,,,18285000000,14503000000,0.793,,14503000000,,,,,51.00,,,,19354200,151339,,false,false,12,2022-10-01,2023-09-30,-1
2024-07-30,61960,2024-09-30,3,,,,,,,,,,,,,,,,,,,,,,,,,,,,,0.00,,,,,,,false,false,12,2023-10-01,2024-09-30,0
2024-10-30,61960,2024-09-30,,18138000000,0.312,,,,,6772000000,0.302,6772000000,0.300,4955000000,,0.281,258.04,,0.301,0.331,0.373,,22690000000,18470000000,0.814,961.84,18470000000,6280000000,-1045000000,-979000000,18358000000,91.00,0.353,,,19354200,151409,19202837,false,false,12,2023-10-01,2024-09-30,0
2024-10-30,61960,2023-09-30,,13826000000,0.289,,,,,5202000000,0.231,5211000000,0.233,3866000000,,0.305,201.46,,0.300,0.335,0.376,,18285000000,14503000000,0.793,755.26,14503000000,6809000000,-636000000,-612000000,14102000000,51.00,0.253,,,19354200,151339,19194040,false,false,12,2022-10-01,2023-09-30,-1
2024-10-30,61960,2025-09-30,,10592000000,0.148,,,,,3859000000,0.041,3858000000,0.041,2582000000,,0.058,134.47,,,,,,,,,,,,,,,,,,,,,,false,true,6,2024-10-01,2025-03-31,1
2024-10-30,61960,2025-09-30,,22300000000,0.229,,,,,8407000000,0.241,8406000000,0.241,5631000000,,0.137,293.27,,,,,,,,,,,,,,,102.00,0.348,,,,,,false,true,12,2024-10-01,2025-09-30,1
2025-01-30,61960,2025-09-30,1,3664000000,-0.003,,,,,531000000,-0.605,522000000,-0.611,419000000,,-0.536,21.85,,,,,,19309000000,17147000000,0.888,,17147000000,,,,,,,,,19354200,151409,19202791,false,false,3,2024-10-01,2024-12-31,0
2025-01-30,61960,2024-09-30,1,3676000000,0.866,,,,,1345000000,1.408,1344000000,1.401,904000000,,1.409,47.11,,,,,,,,,,,,,,,,,,,,,19202861,false,false,3,2023-10-01,2023-12-31,-1
2025-01-30,61960,2025-09-30,1,10592000000,0.148,,,,,3859000000,0.041,3858000000,0.041,2582000000,,0.058,134.47,,,,,,,,,,,,,,,,,,,,,,false,true,6,2024-10-01,2025-03-31,0
2025-01-30,61960,2025-09-30,1,22300000000,0.229,,,,,8407000000,0.241,8406000000,0.241,5631000000,,0.137,293.27,,,,,,,,,,,,,,,102.00,,,,,,,false,true,12,2024-10-01,2025-09-30,0
2025-01-30,61960,2024-09-30,1,,,,,,,,,,,,,,,,,,,,22690000000,18470000000,0.814,,18470000000,,,,,91.00,,,,19354200,151409,,false,false,12,2023-10-01,2024-09-30,-1
2025-04-23,61960,2025-09-30,,8951000000,-0.155,,,,,2439000000,-0.368,2440000000,-0.368,1739000000,,-0.326,90.59,,,,,,,,,,,,,,,,,,,,,,false,true,6,2024-10-01,2025-03-31,0
2025-04-23,61960,2024-09-30,,9230000000,,,,,,3706000000,,3705000000,,2440000000,,,127.08,,,,,,,,,,,,,,,,,,,,,,false,false,6,2023-10-01,2024-03-31,-1
2025-04-30,61960,2025-09-30,2,8951000000,-0.030,,,,,2439000000,-0.342,2440000000,-0.342,1739000000,,-0.287,90.59,,,,,,21700000000,18461000000,0.851,,18461000000,,,,,,,,,19354200,151409,19202791,false,false,6,2024-10-01,2025-03-31,0
2025-04-30,61960,2024-09-30,2,9230000000,0.518,,,,,3706000000,0.829,3705000000,0.821,2440000000,,0.783,127.08,,,,,,,,,,,,,,,,,,,,,19202851,false,false,6,2023-10-01,2024-03-31,-1
2025-04-30,61960,2025-09-30,2,22300000000,0.229,,,,,8407000000,0.241,8406000000,0.241,5631000000,,0.137,293.27,,,,,,,,,,,,,,,180.00,,,,,,,false,true,12,2024-10-01,2025-09-30,0
2025-04-30,61960,2024-09-30,2,,,,,,,,,,,,,,,,,,,,22690000000,18470000000,0.814,,18470000000,,,,,91.00,,,,19354200,151409,,false,false,12,2023-10-01,2024-09-30,-1
2025-04-30,61960,2025-09-30,2,,,,,,,,,,,,,,,,,,,,,,,,,,,,,0.00,,,,,,,false,false,12,2024-10-01,2025-09-30,0
,61960,2025-09-30,,,,,,,,,,,,,,,,,,,,,,,,,,,,,,180.00,,,,,,,false,true,12,2024-10-01,2025-09-30,0
,61960,2025-09-30,,,,,,,,,,,,,,,,,,,,,,,,,,,,,,0.00,,,,,,,false,false,12,2024-10-01,2025-09-30,0
,61960,2024-09-30,,,,,,,,,,,,,,,,,,,,,,,,,,,,,,91.00,,,,,,,false,false,12,2023-10-01,2024-09-30,-1
