filing_date,code,fiscal_year_end,quarterly_period,net_sales,net_sales_change,revenue,revenue_change,operating_revenue,operating_revenue_change,operating_profit,operating_profit_change,ordinary_profit,ordinary_profit_change,net_income,net_income_of_parent,net_income_change,eps,diluted_eps,roe,roa,operating_profit_to_net_sales,operating_profit_to_revenue,total_assets,net_assets,equity_ratio,bps,owner_equity,operating_cash_flow,investing_cash_flow,financing_cash_flow,cash,dividend_per_share,payout_ratio,commemorative_dividend,extra_dividend,number_of_shares,number_of_treqsury_shares,avg_number_of_shares,is_consolidated,is_forecast,duration,period_start,period_end,period_pos
2015-07-31,62010,2016-03-31,1,541006000000,0.038,,,,,29210000000,0.140,63888000000,0.171,,46404000000,,147.71,147.68,,,,,4793360000000,2496106000000,0.506,,2424003000000,,,,,,,,,,,,true,false,3,2015-04-01,2015-06-30,0
2015-07-31,62010,2015-03-31,1,521167000000,0.071,,,,,25615000000,0.076,54542000000,0.408,,40146000000,,127.89,127.81,,,,,,,,,,,,,,,,,,,,,true,false,3,2014-04-01,2014-06-30,-1
2015-07-31,62010,2016-03-31,1,1070000000000,0.023,,,,,60000000000,0.057,96000000000,0.103,,68000000000,,216.45,,,,,,,,,,,,,,,,,,,,,,true,true,6,2015-04-01,2015-09-30,0
2015-07-31,62010,2016-03-31,1,2200000000000,0.015,,,,,125000000000,0.063,184000000000,0.077,,126000000000,,401.06,,,,,,,,,,,,,,,,,,,,,,true,true,12,2015-04-01,2016-03-31,0
2015-07-31,62010,2015-03-31,1,,,,,,,,,,,,,,,,,,,,4650896000000,2425929000000,0.507,,2356220000000,,,,,,,,,,,,true,false,12,2014-04-01,2015-03-31,-1
2015-07-31,62010,2015-03-31,1,,,,,,,,,,,,,,,,,,,,,,,,,,,,,110.00,,,,325840640,11684749,,false,false,12,2014-04-01,2015-03-31,-1
2015-07-31,62010,2016-03-31,1,,,,,,,,,,,,,,,,,,,,,,,,,,,,,110.00,,,,,,,false,true,12,2015-04-01,2016-03-31,0
2015-07-31,62010,2016-03-31,1,,,,,,,,,,,,,,,,,,,,,,,,,,,,,,,,,325840640,11674848,314165986,false,false,3,2015-04-01,2015-06-30,0
2015-07-31,62010,2015-03-31,1,,,,,,,,,,,,,,,,,,,,,,,,,,,,,,,,,,,313917249,false,false,3,2014-04-01,2014-06-30,-1
2015-10-30,62010,2016-03-31,2,1100206000000,0.052,,,,,66962000000,0.179,99614000000,0.144,,67979000000,,216.38,216.35,,,,,4479350000000,2212866000000,0.478,,2139032000000,,,,,,,,,,,,true,false,6,2015-04-01,2015-09-30,0
2015-10-30,62010,2015-03-31,2,1046067000000,0.066,,,,,56786000000,0.096,87054000000,0.342,,60964000000,,194.18,194.10,,,,,,,,,,,,,,,,,,,,,true,false,6,2014-04-01,2014-09-30,-1
2015-10-30,62010,2016-03-31,2,2230000000000,0.029,,,,,130000000000,0.106,187000000000,0.095,,187000000000,,595.22,,,,,,,,,,,,,,,,,,,,,,true,true,12,2015-04-01,2016-03-31,0
2015-10-30,62010,2015-03-31,2,,,,,,,,,,,,,,,,,,,,4650896000000,2425929000000,0.507,,2356220000000,,,,,,,,,,,,true,false,12,2014-04-01,2015-03-31,-1
2015-10-30,62010,2015-03-31,2,,,,,,,,,,,,,,,,,,,,,,,,,,,,,110.00,,,,325840640,11684749,,false,false,12,2014-04-01,2015-03-31,-1
2015-10-30,62010,2016-03-31,2,,,,,,,,,,,,,,,,,,,,,,,,,,,,,60.00,,,,,,,false,false,12,2015-04-01,2016-03-31,0
2015-10-30,62010,2016-03-31,2,,,,,,,,,,,,,,,,,,,,,,,,,,,,,120.00,,,,,,,false,true,12,2015-04-01,2016-03-31,0
2015-10-30,62010,2016-03-31,2,,,,,,,,,,,,,,,,,,,,,,,,,,,,,,,,,325840640,11670081,314168402,false,false,6,2015-04-01,2015-09-30,0
2015-10-30,62010,2015-03-31,2,,,,,,,,,,,,,,,,,,,,,,,,,,,,,,,,,,,313961267,false,false,6,2014-04-01,2014-09-30,-1
2016-02-03,62010,2016-03-31,3,1694501000000,0.070,,,,,99555000000,0.111,162274000000,0.126,,172844000000,,550.16,550.09,,,,,4738099000000,2450135000000,0.501,,2374074000000,,,,,,,,,,,,true,false,9,2015-04-01,2015-12-31,0
2016-02-03,62010,2015-03-31,3,1583227000000,0.069,,,,,89640000000,0.149,144172000000,0.279,,101621000000,,323.65,323.53,,,,,,,,,,,,,,,,,,,,,true,false,9,2014-04-01,2014-12-31,-1
2016-02-03,62010,2016-03-31,3,2230000000000,0.029,,,,,130000000000,0.106,193000000000,0.130,,192000000000,,611.13,,,,,,,,,,,,,,,,,,,,,,true,true,12,2015-04-01,2016-03-31,0
2016-02-03,62010,2015-03-31,3,,,,,,,,,,,,,,,,,,,,4650896000000,2425929000000,0.507,,2356220000000,,,,,,,,,,,,true,false,12,2014-04-01,2015-03-31,-1
2016-02-03,62010,2015-03-31,3,,,,,,,,,,,,,,,,,,,,,,,,,,,,,110.00,,,,325840640,11684749,,false,false,12,2014-04-01,2015-03-31,-1
2016-02-03,62010,2016-03-31,3,,,,,,,,,,,,,,,,,,,,,,,,,,,,,60.00,,,,,,,false,false,12,2015-04-01,2016-03-31,0
2016-02-03,62010,2016-03-31,3,,,,,,,,,,,,,,,,,,,,,,,,,,,,,120.00,,,,,,,false,true,12,2015-04-01,2016-03-31,0
2016-02-03,62010,2016-03-31,3,,,,,,,,,,,,,,,,,,,,,,,,,,,,,,,,,325840640,11669523,314169532,false,false,9,2015-04-01,2015-12-31,0
2016-02-03,62010,2015-03-31,3,,,,,,,,,,,,,,,,,,,,,,,,,,,,,,,,,,,313984320,false,false,9,2014-04-01,2014-12-31,-1
2016-04-28,62010,2016-03-31,,2228944000000,0.029,,,,,127970000000,0.088,185398000000,0.085,,183036000000,,582.58,582.57,0.083,0.042,0.057,,4199196000000,2113948000000,0.485,6481.97,2036808000000,234957000000,-526349000000,130923000000,92399000000,,0.206,,,,,,true,false,12,2015-04-01,2016-03-31,0
2016-04-28,62010,2015-03-31,,2166661000000,0.079,,,,,117574000000,0.092,170827000000,0.237,,115263000000,,367.06,366.99,0.056,0.040,0.054,,4650896000000,2425929000000,0.507,7500.16,2356220000000,182191000000,-160769000000,-8918000000,248706000000,,0.300,,,,,,true,false,12,2014-04-01,2015-03-31,-1
2016-04-28,62010,2017-03-31,,1080000000000,-0.018,,,,,58000000000,-0.134,90000000000,-0.097,,62000000000,,197.31,,,,,,,,,,,,,,,,,,,,,,true,true,6,2016-04-01,2016-09-30,1
2016-04-28,62010,2017-03-31,,2200000000000,-0.013,,,,,120000000000,-0.062,177000000000,-0.045,,120000000000,,381.89,,,,,,,,,,,,,,,,0.314,,,,,,true,true,12,2016-04-01,2017-03-31,1
2016-04-28,62010,2015-03-31,,,,,,,,,,,,,,,,,,,,,,,,,,,,,,110.00,,,,325840640,11684749,314021048,false,false,12,2014-04-01,2015-03-31,-1
2016-04-28,62010,2016-03-31,,,,,,,,,,,,,,,,,,,,,,,,,,,,,,120.00,,,,325840640,11613812,314180702,false,false,12,2015-04-01,2016-03-31,0
2016-04-28,62010,2017-03-31,,,,,,,,,,,,,,,,,,,,,,,,,,,,,,120.00,,,,,,,false,true,12,2016-04-01,2017-03-31,1
2016-07-29,62010,2017-03-31,1,529788000000,-0.026,,,,,28116000000,-0.084,55325000000,-0.134,,41266000000,,131.33,131.33,,,,,3772329000000,1882167000000,0.479,,1808218000000,,,,,,,,,,,,true,false,3,2016-04-01,2016-06-30,0
2016-07-29,62010,2016-03-31,1,543852000000,0.044,,,,,30710000000,0.199,63888000000,0.171,,46404000000,,147.71,147.68,,,,,,,,,,,,,,,,,,,,,true,false,3,2015-04-01,2015-06-30,-1
2016-07-29,62010,2017-03-31,1,1080000000000,-0.023,,,,,58000000000,-0.172,90000000000,-0.097,,62000000000,,197.31,,,,,,,,,,,,,,,,,,,,,,true,true,6,2016-04-01,2016-09-30,0
2016-07-29,62010,2017-03-31,1,2200000000000,-0.019,,,,,120000000000,-0.109,177000000000,-0.045,,120000000000,,381.89,,,,,,,,,,,,,,,,,,,,,,true,true,12,2016-04-01,2017-03-31,0
2016-07-29,62010,2016-03-31,1,,,,,,,,,,,,,,,,,,,,4199196000000,2113948000000,0.485,,2036808000000,,,,,,,,,,,,true,false,12,2015-04-01,2016-03-31,-1
2016-07-29,62010,2016-03-31,1,,,,,,,,,,,,,,,,,,,,,,,,,,,,,120.00,,,,325840640,11613812,,false,false,12,2015-04-01,2016-03-31,-1
2016-07-29,62010,2017-03-31,1,,,,,,,,,,,,,,,,,,,,,,,,,,,,,120.00,,,,,,,false,true,12,2016-04-01,2017-03-31,0
2016-07-29,62010,2017-03-31,1,,,,,,,,,,,,,,,,,,,,,,,,,,,,,,,,,325840640,11612491,314228184,false,false,3,2016-04-01,2016-06-30,0
2016-07-29,62010,2016-03-31,1,,,,,,,,,,,,,,,,,,,,,,,,,,,,,,,,,,,314165986,false,false,3,2015-04-01,2015-06-30,-1
2016-10-28,62010,2017-03-31,2,1078430000000,-0.025,,,,,58217000000,-0.169,84305000000,-0.154,,60979000000,,194.29,,,,,,3968472000000,2038407000000,0.494,,1961790000000,,,,,,,,,,,,true,false,6,2016-04-01,2016-09-30,0
2016-10-28,62010,2016-03-31,2,1105951000000,0.057,,,,,70041000000,0.233,99614000000,0.144,,67979000000,,216.38,216.35,,,,,,,,,,,,,,,,,,,,,true,false,6,2015-04-01,2015-09-30,-1
2016-10-28,62010,2017-03-31,2,2200000000000,-0.019,,,,,120000000000,-0.109,173000000000,-0.067,,119000000000,,380.68,,,,,,,,,,,,,,,,,,,,,,true,true,12,2016-04-01,2017-03-31,0
2016-10-28,62010,2016-03-31,2,,,,,,,,,,,,,,,,,,,,4199196000000,2113948000000,0.485,,2036808000000,,,,,,,,,,,,true,false,12,2015-04-01,2016-03-31,-1
2016-10-28,62010,2016-03-31,2,,,,,,,,,,,,,,,,,,,,,,,,,,,,,120.00,,,,325840640,11613812,,false,false,12,2015-04-01,2016-03-31,-1
2016-10-28,62010,2017-03-31,2,,,,,,,,,,,,,,,,,,,,,,,,,,,,,60.00,,,,,,,false,false,12,2016-04-01,2017-03-31,0
2016-10-28,62010,2017-03-31,2,,,,,,,,,,,,,,,,,,,,,,,,,,,,,120.00,,,,,,,false,true,12,2016-04-01,2017-03-31,0
2016-10-28,62010,2017-03-31,2,,,,,,,,,,,,,,,,,,,,,,,,,,,,,,,,,325840640,13243712,313851385,false,false,6,2016-04-01,2016-09-30,0
2016-10-28,62010,2016-03-31,2,,,,,,,,,,,,,,,,,,,,,,,,,,,,,,,,,,,314168402,false,false,6,2015-04-01,2015-09-30,-1
2017-02-02,62010,2017-03-31,3,1640554000000,-0.038,,,,,89402000000,-0.147,148502000000,-0.085,,107431000000,,343.39,,,,,,4501696000000,2377806000000,0.509,,2293518000000,,,,,,,,,,,,true,false,9,2016-04-01,2016-12-31,0
2017-02-02,62010,2016-03-31,3,1704540000000,0.077,,,,,104846000000,0.170,162274000000,0.126,,172844000000,,550.16,550.09,,,,,,,,,,,,,,,,,,,,,true,false,9,2015-04-01,2015-12-31,-1
2017-02-02,62010,2017-03-31,3,2200000000000,-0.019,,,,,120000000000,-0.109,173000000000,-0.067,,119000000000,,380.68,,,,,,,,,,,,,,,,,,,,,,true,true,12,2016-04-01,2017-03-31,0
2017-02-02,62010,2016-03-31,3,,,,,,,,,,,,,,,,,,,,4199196000000,2113948000000,0.485,,2036808000000,,,,,,,,,,,,true,false,12,2015-04-01,2016-03-31,-1
2017-02-02,62010,2016-03-31,3,,,,,,,,,,,,,,,,,,,,,,,,,,,,,120.00,,,,325840640,11613812,,false,false,12,2015-04-01,2016-03-31,-1
2017-02-02,62010,2017-03-31,3,,,,,,,,,,,,,,,,,,,,,,,,,,,,,60.00,,,,,,,false,false,12,2016-04-01,2017-03-31,0
2017-02-02,62010,2017-03-31,3,,,,,,,,,,,,,,,,,,,,,,,,,,,,,120.00,,,,,,,false,true,12,2016-04-01,2017-03-31,0
2017-02-02,62010,2017-03-31,3,,,,,,,,,,,,,,,,,,,,,,,,,,,,,,,,,325840640,15350566,312856523,false,false,9,2016-04-01,2016-12-31,0
2017-02-02,62010,2016-03-31,3,,,,,,,,,,,,,,,,,,,,,,,,,,,,,,,,,,,314169532,false,false,9,2015-04-01,2015-12-31,-1
2017-04-28,62010,2017-03-31,,2250466000000,0.003,,,,,122969000000,-0.087,177121000000,-0.045,,125534000000,,402.00,,0.060,0.041,0.055,,4428644000000,2256271000000,0.490,6995.47,2172018000000,245602000000,-82509000000,-6615000000,243685000000,,0.311,,,,,,true,false,12,2016-04-01,2017-03-31,0
2017-04-28,62010,2016-03-31,,2243220000000,0.035,,,,,134712000000,0.146,185398000000,0.085,,183036000000,,582.58,582.57,0.083,0.042,0.060,,4199196000000,2113948000000,0.485,6481.97,2036808000000,240169000000,-531561000000,130923000000,92399000000,,0.206,,,,,,true,false,12,2015-04-01,2016-03-31,-1
2017-04-28,62010,2018-03-31,,900000000000,,,,,,72000000000,,,,,72000000000,,231.89,,,,,,,,,,,,,,,,,,,,,,true,true,6,2017-04-01,2017-09-30,1
2017-04-28,62010,2018-03-31,,1850000000000,,,,,,135000000000,,,,,130000000000,,418.69,,,,,,,,,,,,,,,,0.310,,,,,,true,true,12,2017-04-01,2018-03-31,1
2017-04-28,62010,2016-03-31,,,,,,,,,,,,,,,,,,,,,,,,,,,,,,120.00,,,,325840640,11613812,314180702,false,false,12,2015-04-01,2016-03-31,-1
2017-04-28,62010,2017-03-31,,,,,,,,,,,,,,,,,,,,,,,,,,,,,,125.00,,,,325840640,15351442,312272849,false,false,12,2016-04-01,2017-03-31,0
2017-04-28,62010,2018-03-31,,,,,,,,,,,,,,,,,,,,,,,,,,,,,,130.00,,,,,,,false,true,12,2017-04-01,2018-03-31,1
2017-06-23,62010,2017-03-31,,1675148000000,-0.013,,,,,127345000000,-0.071,,,,131398000000,,420.78,,,,0.076,,4558212000000,,,,,239094000000,-86925000000,789000000,,,0.297,,,,,,true,false,12,2016-04-01,2017-03-31,0
2017-06-23,62010,2016-03-31,,1696856000000,,,,,,137026000000,,,,,194270000000,,618.34,618.33,,,0.081,,4317282000000,,,,,248049000000,-532238000000,124495000000,,,0.194,,,,,,true,false,12,2015-04-01,2016-03-31,-1
2017-06-23,62010,2018-03-31,,900000000000,,,,,,72000000000,,,,,72000000000,,231.89,,,,,,,,,,,,,,,,,,,,,,true,true,6,2017-04-01,2017-09-30,1
2017-06-23,62010,2018-03-31,,1850000000000,0.104,,,,,135000000000,0.060,,,,130000000000,,418.69,,,,,,,,,,,,,,,,0.310,,,,,,true,true,12,2017-04-01,2018-03-31,1
2017-06-23,62010,2016-03-31,,,,,,,,,,,,,,,,,,,,,,,,,,,,,,120.00,,,,,,,false,false,12,2015-04-01,2016-03-31,-1
2017-06-23,62010,2017-03-31,,,,,,,,,,,,,,,,,,,,,,,,,,,,,,125.00,,,,,,,false,false,12,2016-04-01,2017-03-31,0
2017-06-23,62010,2018-03-31,,,,,,,,,,,,,,,,,,,,,,,,,,,,,,130.00,,,,,,,false,true,12,2017-04-01,2018-03-31,1
2017-07-28,62010,2018-03-31,1,445388000000,0.109,,,,,44222000000,0.526,,,,59948000000,,193.08,,,,,,4751256000000,,,,,,,,,,,,,,,,true,false,3,2017-04-01,2017-06-30,0
2017-07-28,62010,2017-03-31,1,401551000000,,,,,,28979000000,,,,,42955000000,,136.70,136.70,,,,,,,,,,,,,,,,,,,,,true,false,3,2016-04-01,2016-06-30,-1
2017-07-28,62010,2018-03-31,1,900000000000,,,,,,72000000000,,,,,72000000000,,231.89,,,,,,,,,,,,,,,,,,,,,,true,true,6,2017-04-01,2017-09-30,0
2017-07-28,62010,2018-03-31,1,1850000000000,0.104,,,,,135000000000,0.060,,,,130000000000,,418.69,,,,,,,,,,,,,,,,,,,,,,true,true,12,2017-04-01,2018-03-31,0
2017-07-28,62010,2017-03-31,1,,,,,,,,,,,,,,,,,,,,4558212000000,,,,,,,,,,,,,,,,true,false,12,2016-04-01,2017-03-31,-1
2017-07-28,62010,2017-03-31,1,,,,,,,,,,,,,,,,,,,,,,,,,,,,,125.00,,,,325840640,15351442,,false,false,12,2016-04-01,2017-03-31,-1
2017-07-28,62010,2018-03-31,1,,,,,,,,,,,,,,,,,,,,,,,,,,,,,130.00,,,,,,,false,true,12,2017-04-01,2018-03-31,0
2017-07-28,62010,2018-03-31,1,,,,,,,,,,,,,,,,,,,,,,,,,,,,,,,,,325840640,15351661,310489065,false,false,3,2017-04-01,2017-06-30,0
2017-07-28,62010,2017-03-31,1,,,,,,,,,,,,,,,,,,,,,,,,,,,,,,,,,,,314228184,false,false,3,2016-04-01,2016-06-30,-1
2017-10-31,62010,2018-03-31,2,937936000000,0.166,,,,,77024000000,0.263,,,,80879000000,,260.49,,,,,,5100975000000,,,,,,,,,,,,,,,,true,false,6,2017-04-01,2017-09-30,0
2017-10-31,62010,2017-03-31,2,804449000000,,,,,,60996000000,,,,,64685000000,,206.10,,,,,,,,,,,,,,,,,,,,,,true,false,6,2016-04-01,2016-09-30,-1
2017-10-31,62010,2018-03-31,2,1950000000000,0.164,,,,,145000000000,0.139,,,,142000000000,,457.34,,,,,,,,,,,,,,,,,,,,,,true,true,12,2017-04-01,2018-03-31,0
2017-10-31,62010,2017-03-31,2,,,,,,,,,,,,,,,,,,,,4558212000000,,,,,,,,,,,,,,,,true,false,12,2016-04-01,2017-03-31,-1
2017-10-31,62010,2017-03-31,2,,,,,,,,,,,,,,,,,,,,,,,,,,,,,125.00,,,,325840640,15351442,,false,false,12,2016-04-01,2017-03-31,-1
2017-10-31,62010,2018-03-31,2,,,,,,,,,,,,,,,,,,,,,,,,,,,,,70.00,,,,,,,false,false,12,2017-04-01,2018-03-31,0
2017-10-31,62010,2018-03-31,2,,,,,,,,,,,,,,,,,,,,,,,,,,,,,140.00,,,,,,,false,true,12,2017-04-01,2018-03-31,0
2017-10-31,62010,2018-03-31,2,,,,,,,,,,,,,,,,,,,,,,,,,,,,,,,,,325840640,15352439,310488743,false,false,6,2017-04-01,2017-09-30,0
2017-10-31,62010,2017-03-31,2,,,,,,,,,,,,,,,,,,,,,,,,,,,,,,,,,,,313851385,false,false,6,2016-04-01,2016-09-30,-1
2018-02-02,62010,2018-03-31,3,1464686000000,0.191,,,,,115022000000,0.190,,,,146166000000,,470.76,,,,,,5392167000000,,,,,,,,,,,,,,,,true,false,9,2017-04-01,2017-12-31,0
2018-02-02,62010,2017-03-31,3,1229677000000,,,,,,96622000000,,,,,113984000000,,364.34,,,,,,,,,,,,,,,,,,,,,,true,false,9,2016-04-01,2016-12-31,-1
2018-02-02,62010,2018-03-31,3,1950000000000,0.164,,,,,145000000000,0.139,,,,157000000000,,505.66,,,,,,,,,,,,,,,,,,,,,,true,true,12,2017-04-01,2018-03-31,0
2018-02-02,62010,2017-03-31,3,,,,,,,,,,,,,,,,,,,,4558212000000,,,,,,,,,,,,,,,,true,false,12,2016-04-01,2017-03-31,-1
2018-02-02,62010,2017-03-31,3,,,,,,,,,,,,,,,,,,,,,,,,,,,,,125.00,,,,325840640,15351442,,false,false,12,2016-04-01,2017-03-31,-1
2018-02-02,62010,2018-03-31,3,,,,,,,,,,,,,,,,,,,,,,,,,,,,,70.00,,,,,,,false,false,12,2017-04-01,2018-03-31,0
2018-02-02,62010,2018-03-31,3,,,,,,,,,,,,,,,,,,,,,,,,,,,,,140.00,,,,,,,false,true,12,2017-04-01,2018-03-31,0
2018-02-02,62010,2018-03-31,3,,,,,,,,,,,,,,,,,,,,,,,,,,,,,,,,,325840640,15352814,310488477,false,false,9,2017-04-01,2017-12-31,0
2018-02-02,62010,2017-03-31,3,,,,,,,,,,,,,,,,,,,,,,,,,,,,,,,,,,,312856523,false,false,9,2016-04-01,2016-12-31,-1
2018-04-27,62010,2018-03-31,,2003973000000,0.196,,,,,147445000000,0.158,,,,168180000000,,541.67,,,,0.074,,5258500000000,,,,,268567000000,-340324000000,153303000000,,,0.277,,,,,,true,false,12,2017-04-01,2018-03-31,0
2018-04-27,62010,2017-03-31,,1675148000000,-0.013,,,,,127345000000,-0.071,,,,131398000000,,420.78,,,,0.076,,4558212000000,,,,,239094000000,-86925000000,789000000,,,0.297,,,,,,true,false,12,2016-04-01,2017-03-31,-1
2018-04-27,62010,2019-03-31,,1040000000000,0.109,,,,,64000000000,-0.169,,,,74000000000,,238.34,,,,,,,,,,,,,,,,,,,,,,true,true,6,2018-04-01,2018-09-30,1
2018-04-27,62010,2019-03-31,,2150000000000,0.073,,,,,135000000000,-0.084,,,,146000000000,,470.23,,,,,,,,,,,,,,,,0.319,,,,,,true,true,12,2018-04-01,2019-03-31,1
2018-04-27,62010,2017-03-31,,,,,,,,,,,,,,,,,,,,,,,,,,,,,,125.00,,,,325840640,15351442,312272849,false,false,12,2016-04-01,2017-03-31,-1
2018-04-27,62010,2018-03-31,,,,,,,,,,,,,,,,,,,,,,,,,,,,,,150.00,,,,325840640,15353378,310488219,false,false,12,2017-04-01,2018-03-31,0
2018-04-27,62010,2019-03-31,,,,,,,,,,,,,,,,,,,,,,,,,,,,,,150.00,,,,,,,false,true,12,2018-04-01,2019-03-31,1
2018-07-31,62010,2019-03-31,1,522145000000,0.172,,,,,33943000000,-0.232,,,,53438000000,,172.11,,,,,,5328418000000,,,,,,,,,,,,,,,,true,false,3,2018-04-01,2018-06-30,0
2018-07-31,62010,2018-03-31,1,445388000000,0.109,,,,,44222000000,0.526,,,,59948000000,,193.08,,,,,,,,,,,,,,,,,,,,,,true,false,3,2017-04-01,2017-06-30,-1
2018-07-31,62010,2019-03-31,1,1040000000000,0.109,,,,,64000000000,-0.169,,,,74000000000,,238.34,,,,,,,,,,,,,,,,,,,,,,true,true,6,2018-04-01,2018-09-30,0
2018-07-31,62010,2019-03-31,1,2150000000000,0.073,,,,,135000000000,-0.084,,,,146000000000,,470.23,,,,,,,,,,,,,,,,,,,,,,true,true,12,2018-04-01,2019-03-31,0
2018-07-31,62010,2018-03-31,1,,,,,,,,,,,,,,,,,,,,5258500000000,,,,,,,,,,,,,,,,true,false,12,2017-04-01,2018-03-31,-1
2018-07-31,62010,2018-03-31,1,,,,,,,,,,,,,,,,,,,,,,,,,,,,,150.00,,,,325840640,15353378,,false,false,12,2017-04-01,2018-03-31,-1
2018-07-31,62010,2019-03-31,1,,,,,,,,,,,,,,,,,,,,,,,,,,,,,150.00,,,,,,,false,true,12,2018-04-01,2019-03-31,0
2018-07-31,62010,2019-03-31,1,,,,,,,,,,,,,,,,,,,,,,,,,,,,,,,,,325840640,15354147,310486853,false,false,3,2018-04-01,2018-06-30,0
2018-07-31,62010,2018-03-31,1,,,,,,,,,,,,,,,,,,,,,,,,,,,,,,,,,,,310489065,false,false,3,2017-04-01,2017-06-30,-1
2018-10-31,62010,2019-03-31,2,1057011000000,0.127,,,,,61397000000,-0.203,,,,74408000000,,239.65,,,,,,5428030000000,,,,,,,,,,,,,,,,true,false,6,2018-04-01,2018-09-30,0
2018-10-31,62010,2018-03-31,2,937936000000,0.166,,,,,77024000000,0.263,,,,80879000000,,260.49,,,,,,,,,,,,,,,,,,,,,,true,false,6,2017-04-01,2017-09-30,-1
2018-10-31,62010,2019-03-31,2,2200000000000,0.098,,,,,135000000000,-0.084,,,,150000000000,,483.11,,,,,,,,,,,,,,,,,,,,,,true,true,12,2018-04-01,2019-03-31,0
2018-10-31,62010,2018-03-31,2,,,,,,,,,,,,,,,,,,,,5258500000000,,,,,,,,,,,,,,,,true,false,12,2017-04-01,2018-03-31,-1
2018-10-31,62010,2018-03-31,2,,,,,,,,,,,,,,,,,,,,,,,,,,,,,150.00,,,,325840640,15353378,,false,false,12,2017-04-01,2018-03-31,-1
2018-10-31,62010,2019-03-31,2,,,,,,,,,,,,,,,,,,,,,,,,,,,,,75.00,,,,,,,false,false,12,2018-04-01,2019-03-31,0
2018-10-31,62010,2019-03-31,2,,,,,,,,,,,,,,,,,,,,,,,,,,,,,150.00,,,,,,,false,true,12,2018-04-01,2019-03-31,0
2018-10-31,62010,2019-03-31,2,,,,,,,,,,,,,,,,,,,,,,,,,,,,,,,,,325840640,15354664,310486473,false,false,6,2018-04-01,2018-09-30,0
2018-10-31,62010,2018-03-31,2,,,,,,,,,,,,,,,,,,,,,,,,,,,,,,,,,,,310488743,false,false,6,2017-04-01,2017-09-30,-1
2019-02-01,62010,2019-03-31,3,1629827000000,0.113,,,,,97941000000,-0.148,,,,126390000000,,407.07,,,,,,5094576000000,,,,,,,,,,,,,,,,true,false,9,2018-04-01,2018-12-31,0
2019-02-01,62010,2018-03-31,3,1464686000000,0.191,,,,,115022000000,0.190,,,,146166000000,,470.76,,,,,,,,,,,,,,,,,,,,,,true,false,9,2017-04-01,2017-12-31,-1
2019-02-01,62010,2019-03-31,3,2200000000000,0.098,,,,,135000000000,-0.084,,,,150000000000,,483.11,,,,,,,,,,,,,,,,,,,,,,true,true,12,2018-04-01,2019-03-31,0
2019-02-01,62010,2018-03-31,3,,,,,,,,,,,,,,,,,,,,5258500000000,,,,,,,,,,,,,,,,true,false,12,2017-04-01,2018-03-31,-1
2019-02-01,62010,2018-03-31,3,,,,,,,,,,,,,,,,,,,,,,,,,,,,,150.00,,,,325840640,15353378,,false,false,12,2017-04-01,2018-03-31,-1
2019-02-01,62010,2019-03-31,3,,,,,,,,,,,,,,,,,,,,,,,,,,,,,75.00,,,,,,,false,false,12,2018-04-01,2019-03-31,0
2019-02-01,62010,2019-03-31,3,,,,,,,,,,,,,,,,,,,,,,,,,,,,,150.00,,,,,,,false,true,12,2018-04-01,2019-03-31,0
2019-02-01,62010,2019-03-31,3,,,,,,,,,,,,,,,,,,,,,,,,,,,,,,,,,325840640,15354970,310486252,false,false,9,2018-04-01,2018-12-31,0
2019-02-01,62010,2018-03-31,3,,,,,,,,,,,,,,,,,,,,,,,,,,,,,,,,,,,310488477,false,false,9,2017-04-01,2017-12-31,-1
2019-04-26,62010,2019-03-31,,2214946000000,0.105,,,,,134684000000,-0.087,,,,152748000000,,491.97,,,,0.061,,5261174000000,,,,,270306000000,-395000000000,40467000000,,,0.315,,,,,,true,false,12,2018-04-01,2019-03-31,0
2019-04-26,62010,2018-03-31,,2003973000000,0.196,,,,,147445000000,0.158,,,,168180000000,,541.67,,,,0.074,,5258500000000,,,,,268567000000,-340324000000,153303000000,,,0.277,,,,,,true,false,12,2017-04-01,2018-03-31,-1
2019-04-26,62010,2020-03-31,,1150000000000,0.088,,,,,72000000000,0.173,,,,82000000000,,264.10,,,,,,,,,,,,,,,,,,,,,,true,true,6,2019-04-01,2019-09-30,1
2019-04-26,62010,2020-03-31,,2300000000000,0.038,,,,,145000000000,0.077,,,,157000000000,,505.66,,,,,,,,,,,,,,,,0.316,,,,,,true,true,12,2019-04-01,2020-03-31,1
2019-04-26,62010,2018-03-31,,,,,,,,,,,,,,,,,,,,,,,,,,,,,,150.00,,,,325840640,15353378,310488219,false,false,12,2017-04-01,2018-03-31,-1
2019-04-26,62010,2019-03-31,,,,,,,,,,,,,,,,,,,,,,,,,,,,,,155.00,,,,325840640,15355468,310486032,false,false,12,2018-04-01,2019-03-31,0
2019-04-26,62010,2020-03-31,,,,,,,,,,,,,,,,,,,,,,,,,,,,,,160.00,,,,,,,false,true,12,2019-04-01,2020-03-31,1
2019-07-31,62010,2020-03-31,1,551225000000,0.056,,,,,31669000000,-0.067,,,,53739000000,,173.08,,,,,,5330877000000,,,,,,,,,,,,,,,,true,false,3,2019-04-01,2019-06-30,0
2019-07-31,62010,2019-03-31,1,522145000000,0.172,,,,,33943000000,-0.232,,,,53438000000,,172.11,,,,,,,,,,,,,,,,,,,,,,true,false,3,2018-04-01,2018-06-30,-1
2019-07-31,62010,2020-03-31,1,1150000000000,0.088,,,,,72000000000,0.173,,,,82000000000,,264.10,,,,,,,,,,,,,,,,,,,,,,true,true,6,2019-04-01,2019-09-30,0
2019-07-31,62010,2020-03-31,1,2300000000000,0.038,,,,,145000000000,0.077,,,,157000000000,,505.66,,,,,,,,,,,,,,,,,,,,,,true,true,12,2019-04-01,2020-03-31,0
2019-07-31,62010,2019-03-31,1,,,,,,,,,,,,,,,,,,,,5261174000000,,,,,,,,,,,,,,,,true,false,12,2018-04-01,2019-03-31,-1
2019-07-31,62010,2019-03-31,1,,,,,,,,,,,,,,,,,,,,,,,,,,,,,155.00,,,,325840640,15355468,,false,false,12,2018-04-01,2019-03-31,-1
2019-07-31,62010,2020-03-31,1,,,,,,,,,,,,,,,,,,,,,,,,,,,,,160.00,,,,,,,false,true,12,2019-04-01,2020-03-31,0
2019-07-31,62010,2020-03-31,1,,,,,,,,,,,,,,,,,,,,,,,,,,,,,,,,,325840640,15355634,310485077,false,false,3,2019-04-01,2019-06-30,0
2019-07-31,62010,2019-03-31,1,,,,,,,,,,,,,,,,,,,,,,,,,,,,,,,,,,,310486853,false,false,3,2018-04-01,2018-06-30,-1
2019-10-31,62010,2020-03-31,2,1102951000000,0.043,,,,,71582000000,0.166,,,,82284000000,,265.02,,,,,,5464655000000,,,,,,,,,,,,,,,,true,false,6,2019-04-01,2019-09-30,0
2019-10-31,62010,2019-03-31,2,1057011000000,0.127,,,,,61397000000,-0.203,,,,74408000000,,239.65,,,,,,,,,,,,,,,,,,,,,,true,false,6,2018-04-01,2018-09-30,-1
2019-10-31,62010,2020-03-31,2,2220000000000,0.002,,,,,135000000000,0.002,,,,151000000000,,486.34,,,,,,,,,,,,,,,,,,,,,,true,true,12,2019-04-01,2020-03-31,0
2019-10-31,62010,2019-03-31,2,,,,,,,,,,,,,,,,,,,,5261174000000,,,,,,,,,,,,,,,,true,false,12,2018-04-01,2019-03-31,-1
2019-10-31,62010,2019-03-31,2,,,,,,,,,,,,,,,,,,,,,,,,,,,,,155.00,,,,325840640,15355468,,false,false,12,2018-04-01,2019-03-31,-1
2019-10-31,62010,2020-03-31,2,,,,,,,,,,,,,,,,,,,,,,,,,,,,,80.00,,,,,,,false,false,12,2019-04-01,2020-03-31,0
2019-10-31,62010,2020-03-31,2,,,,,,,,,,,,,,,,,,,,,,,,,,,,,160.00,,,,,,,false,true,12,2019-04-01,2020-03-31,0
2019-10-31,62010,2020-03-31,2,,,,,,,,,,,,,,,,,,,,,,,,,,,,,,,,,325840640,15356189,310484809,false,false,6,2019-04-01,2019-09-30,0
2019-10-31,62010,2019-03-31,2,,,,,,,,,,,,,,,,,,,,,,,,,,,,,,,,,,,310486473,false,false,6,2018-04-01,2018-09-30,-1
2020-01-31,62010,2020-03-31,3,1624488000000,-0.003,,,,,101039000000,0.032,,,,129327000000,,416.53,,,,,,5702100000000,,,,,,,,,,,,,,,,true,false,9,2019-04-01,2019-12-31,0
2020-01-31,62010,2019-03-31,3,1629827000000,0.113,,,,,97941000000,-0.148,,,,126390000000,,407.07,,,,,,,,,,,,,,,,,,,,,,true,false,9,2018-04-01,2018-12-31,-1
2020-01-31,62010,2020-03-31,3,2200000000000,-0.007,,,,,130000000000,-0.035,,,,150000000000,,483.12,,,,,,,,,,,,,,,,,,,,,,true,true,12,2019-04-01,2020-03-31,0
2020-01-31,62010,2019-03-31,3,,,,,,,,,,,,,,,,,,,,5261174000000,,,,,,,,,,,,,,,,true,false,12,2018-04-01,2019-03-31,-1
2020-01-31,62010,2019-03-31,3,,,,,,,,,,,,,,,,,,,,,,,,,,,,,155.00,,,,325840640,15355468,,false,false,12,2018-04-01,2019-03-31,-1
2020-01-31,62010,2020-03-31,3,,,,,,,,,,,,,,,,,,,,,,,,,,,,,80.00,,,,,,,false,false,12,2019-04-01,2020-03-31,0
2020-01-31,62010,2020-03-31,3,,,,,,,,,,,,,,,,,,,,,,,,,,,,,160.00,,,,,,,false,true,12,2019-04-01,2020-03-31,0
2020-01-31,62010,2020-03-31,3,,,,,,,,,,,,,,,,,,,,,,,,,,,,,,,,,325840640,15356576,310484618,false,false,9,2019-04-01,2019-12-31,0
2020-01-31,62010,2019-03-31,3,,,,,,,,,,,,,,,,,,,,,,,,,,,,,,,,,,,310486252,false,false,9,2018-04-01,2018-12-31,-1
2020-04-30,62010,2020-03-31,,2171355000000,-0.020,,,,,128233000000,-0.048,,,,145881000000,,469.85,,,,0.059,,5279653000000,,,,,313199000000,-182598000000,-7094000000,,,0.341,,,,,,true,false,12,2019-04-01,2020-03-31,0
2020-04-30,62010,2019-03-31,,2214946000000,0.105,,,,,134684000000,-0.087,,,,152748000000,,491.97,,,,0.061,,5261174000000,,,,,270306000000,-395000000000,40467000000,,,0.315,,,,,,true,false,12,2018-04-01,2019-03-31,-1
2020-04-30,62010,2019-03-31,,,,,,,,,,,,,,,,,,,,,,,,,,,,,,155.00,,,,325840640,15355468,310486032,false,false,12,2018-04-01,2019-03-31,-1
2020-04-30,62010,2020-03-31,,,,,,,,,,,,,,,,,,,,,,,,,,,,,,160.00,,,,325840640,15357028,310484403,false,false,12,2019-04-01,2020-03-31,0
2020-07-31,62010,2021-03-31,1,430857000000,-0.218,,,,,-6496000000,,,,,24070000000,,77.53,,,,,,5399352000000,,,,,,,,,,,,,,,,true,false,3,2020-04-01,2020-06-30,0
2020-07-31,62010,2020-03-31,1,551225000000,0.056,,,,,31669000000,-0.067,,,,53739000000,,173.08,,,,,,,,,,,,,,,,,,,,,,true,false,3,2019-04-01,2019-06-30,-1
2020-07-31,62010,2021-03-31,1,1900000000000,-0.125,,,,,60000000000,-0.532,,,,85000000000,,273.77,,,,,,,,,,,,,,,,,,,,,,true,true,12,2020-04-01,2021-03-31,0
2020-07-31,62010,2020-03-31,1,,,,,,,,,,,,,,,,,,,,5279653000000,,,,,,,,,,,,,,,,true,false,12,2019-04-01,2020-03-31,-1
2020-07-31,62010,2020-03-31,1,,,,,,,,,,,,,,,,,,,,,,,,,,,,,160.00,,,,325840640,15357028,,false,false,12,2019-04-01,2020-03-31,-1
2020-07-31,62010,2021-03-31,1,,,,,,,,,,,,,,,,,,,,,,,,,,,,,70.00,,,,,,,false,true,12,2020-04-01,2021-03-31,0
2020-07-31,62010,2021-03-31,1,,,,,,,,,,,,,,,,,,,,,,,,,,,,,,,,,325840640,15357064,310483576,false,false,3,2020-04-01,2020-06-30,0
2020-07-31,62010,2020-03-31,1,,,,,,,,,,,,,,,,,,,,,,,,,,,,,,,,,,,310485077,false,false,3,2019-04-01,2019-06-30,-1
2020-10-29,62010,2021-03-31,2,957007000000,-0.132,,,,,30201000000,-0.578,,,,48108000000,,154.95,,,,,,5547111000000,,,,,,,,,,,,,,,,true,false,6,2020-04-01,2020-09-30,0
2020-10-29,62010,2020-03-31,2,1102951000000,0.043,,,,,71582000000,0.166,,,,82284000000,,265.02,,,,,,,,,,,,,,,,,,,,,,true,false,6,2019-04-01,2019-09-30,-1
2020-10-29,62010,2021-03-31,2,2000000000000,-0.079,,,,,85000000000,-0.337,,,,105000000000,,338.18,,,,,,,,,,,,,,,,,,,,,,true,true,12,2020-04-01,2021-03-31,0
2020-10-29,62010,2020-03-31,2,,,,,,,,,,,,,,,,,,,,5279653000000,,,,,,,,,,,,,,,,true,false,12,2019-04-01,2020-03-31,-1
2020-10-29,62010,2020-03-31,2,,,,,,,,,,,,,,,,,,,,,,,,,,,,,160.00,,,,325840640,15357028,,false,false,12,2019-04-01,2020-03-31,-1
2020-10-29,62010,2021-03-31,2,,,,,,,,,,,,,,,,,,,,,,,,,,,,,70.00,,,,,,,false,false,12,2020-04-01,2021-03-31,0
2020-10-29,62010,2021-03-31,2,,,,,,,,,,,,,,,,,,,,,,,,,,,,,140.00,,,,,,,false,true,12,2020-04-01,2021-03-31,0
2020-10-29,62010,2021-03-31,2,,,,,,,,,,,,,,,,,,,,,,,,,,,,,,,,,325840640,15357705,310483377,false,false,6,2020-04-01,2020-09-30,0
2020-10-29,62010,2020-03-31,2,,,,,,,,,,,,,,,,,,,,,,,,,,,,,,,,,,,310484809,false,false,6,2019-04-01,2019-09-30,-1
2021-02-02,62010,2021-03-31,3,1523604000000,-0.062,,,,,79151000000,-0.217,,,,109850000000,,353.81,,,,,,6004512000000,,,,,,,,,,,,,,,,true,false,9,2020-04-01,2020-12-31,0
2021-02-02,62010,2020-03-31,3,1624488000000,-0.003,,,,,101039000000,0.032,,,,129327000000,,416.53,,,,,,,,,,,,,,,,,,,,,,true,false,9,2019-04-01,2019-12-31,-1
2021-02-02,62010,2021-03-31,3,2100000000000,-0.033,,,,,110000000000,-0.142,,,,135000000000,,434.81,,,,,,,,,,,,,,,,,,,,,,true,true,12,2020-04-01,2021-03-31,0
2021-02-02,62010,2020-03-31,3,,,,,,,,,,,,,,,,,,,,5279653000000,,,,,,,,,,,,,,,,true,false,12,2019-04-01,2020-03-31,-1
2021-02-02,62010,2020-03-31,3,,,,,,,,,,,,,,,,,,,,,,,,,,,,,160.00,,,,325840640,15357028,,false,false,12,2019-04-01,2020-03-31,-1
2021-02-02,62010,2021-03-31,3,,,,,,,,,,,,,,,,,,,,,,,,,,,,,70.00,,,,,,,false,false,12,2020-04-01,2021-03-31,0
2021-02-02,62010,2021-03-31,3,,,,,,,,,,,,,,,,,,,,,,,,,,,,,150.00,,,,,,,false,true,12,2020-04-01,2021-03-31,0
2021-02-02,62010,2021-03-31,3,,,,,,,,,,,,,,,,,,,,,,,,,,,,,,,,,325840640,15358121,310483164,false,false,9,2020-04-01,2020-12-31,0
2021-02-02,62010,2020-03-31,3,,,,,,,,,,,,,,,,,,,,,,,,,,,,,,,,,,,310484618,false,false,9,2019-04-01,2019-12-31,-1
2021-04-28,62010,2021-03-31,,2118302000000,-0.024,,,,,118159000000,-0.079,,,,136700000000,,440.28,,,,0.056,,6503986000000,,,,,382386000000,-404164000000,-105477000000,,,0.341,,,,,,true,false,12,2020-04-01,2021-03-31,0
2021-04-28,62010,2020-03-31,,2171355000000,-0.020,,,,,128233000000,-0.048,,,,145881000000,,469.85,,,,0.059,,5279653000000,,,,,313199000000,-182598000000,-7094000000,,,0.341,,,,,,true,false,12,2019-04-01,2020-03-31,-1
2021-04-28,62010,2022-03-31,,2300000000000,0.086,,,,,150000000000,0.269,,,,160000000000,,515.33,,,,,,,,,,,,,,,,0.330,,,,,,true,true,12,2021-04-01,2022-03-31,1
2021-04-28,62010,2020-03-31,,,,,,,,,,,,,,,,,,,,,,,,,,,,,,160.00,,,,325840640,15357028,310484403,false,false,12,2019-04-01,2020-03-31,-1
2021-04-28,62010,2021-03-31,,,,,,,,,,,,,,,,,,,,,,,,,,,,,,150.00,,,,325840640,15358862,310482886,false,false,12,2020-04-01,2021-03-31,0
2021-04-28,62010,2022-03-31,,,,,,,,,,,,,,,,,,,,,,,,,,,,,,170.00,,,,,,,false,true,12,2021-04-01,2022-03-31,1
2021-07-30,62010,2022-03-31,1,616914000000,0.432,,,,,57493000000,,,,,77598000000,,249.93,249.93,,,,,6867634000000,,,,,,,,,,,,,,,,true,false,3,2021-04-01,2021-06-30,0
2021-07-30,62010,2021-03-31,1,430857000000,-0.218,,,,,-6496000000,,,,,24070000000,,77.53,77.53,,,,,,,,,,,,,,,,,,,,,true,false,3,2020-04-01,2020-06-30,-1
2021-07-30,62010,2022-03-31,1,2600000000000,0.227,,,,,150000000000,0.269,,,,165000000000,,531.43,,,,,,,,,,,,,,,,,,,,,,true,true,12,2021-04-01,2022-03-31,0
2021-07-30,62010,2021-03-31,1,,,,,,,,,,,,,,,,,,,,6503986000000,,,,,,,,,,,,,,,,true,false,12,2020-04-01,2021-03-31,-1
2021-07-30,62010,2021-03-31,1,,,,,,,,,,,,,,,,,,,,,,,,,,,,,150.00,,,,325840640,15358862,,false,false,12,2020-04-01,2021-03-31,-1
2021-07-30,62010,2022-03-31,1,,,,,,,,,,,,,,,,,,,,,,,,,,,,,170.00,,,,,,,false,true,12,2021-04-01,2022-03-31,0
2021-07-30,62010,2022-03-31,1,,,,,,,,,,,,,,,,,,,,,,,,,,,,,,,,,325840640,15359524,310481314,false,false,3,2021-04-01,2021-06-30,0
2021-07-30,62010,2021-03-31,1,,,,,,,,,,,,,,,,,,,,,,,,,,,,,,,,,,,310483576,false,false,3,2020-04-01,2020-06-30,-1
2021-10-29,62010,2022-03-31,2,1260842000000,0.317,,,,,94367000000,2.125,,,,103386000000,,332.99,332.99,,,,,6917261000000,,,,,,,,,,,,,,,,true,false,6,2021-04-01,2021-09-30,0
2021-10-29,62010,2021-03-31,2,957007000000,-0.132,,,,,30201000000,-0.578,,,,48108000000,,154.95,154.95,,,,,,,,,,,,,,,,,,,,,true,false,6,2020-04-01,2020-09-30,-1
2021-10-29,62010,2022-03-31,2,2600000000000,0.227,,,,,150000000000,0.269,,,,165000000000,,531.43,,,,,,,,,,,,,,,,,,,,,,true,true,12,2021-04-01,2022-03-31,0
2021-10-29,62010,2021-03-31,2,,,,,,,,,,,,,,,,,,,,6503986000000,,,,,,,,,,,,,,,,true,false,12,2020-04-01,2021-03-31,-1
2021-10-29,62010,2021-03-31,2,,,,,,,,,,,,,,,,,,,,,,,,,,,,,150.00,,,,325840640,15358862,,false,false,12,2020-04-01,2021-03-31,-1
2021-10-29,62010,2022-03-31,2,,,,,,,,,,,,,,,,,,,,,,,,,,,,,80.00,,,,,,,false,false,12,2021-04-01,2022-03-31,0
2021-10-29,62010,2022-03-31,2,,,,,,,,,,,,,,,,,,,,,,,,,,,,,170.00,,,,,,,false,true,12,2021-04-01,2022-03-31,0
2021-10-29,62010,2022-03-31,2,,,,,,,,,,,,,,,,,,,,,,,,,,,,,,,,,325840640,15360013,310480993,false,false,6,2021-04-01,2021-09-30,0
2021-10-29,62010,2021-03-31,2,,,,,,,,,,,,,,,,,,,,,,,,,,,,,,,,,,,310483377,false,false,6,2020-04-01,2020-09-30,-1
2022-02-02,62010,2022-03-31,3,1967949000000,0.292,,,,,136292000000,0.722,,,,162784000000,,524.30,524.30,,,,,7407760000000,,,,,,,,,,,,,,,,true,false,9,2021-04-01,2021-12-31,0
2022-02-02,62010,2021-03-31,3,1523604000000,-0.062,,,,,79151000000,-0.217,,,,109850000000,,353.81,353.81,,,,,,,,,,,,,,,,,,,,,true,false,9,2020-04-01,2020-12-31,-1
2022-02-02,62010,2022-03-31,3,2600000000000,0.227,,,,,150000000000,0.269,,,,165000000000,,531.43,,,,,,,,,,,,,,,,,,,,,,true,true,12,2021-04-01,2022-03-31,0
2022-02-02,62010,2021-03-31,3,,,,,,,,,,,,,,,,,,,,6503986000000,,,,,,,,,,,,,,,,true,false,12,2020-04-01,2021-03-31,-1
2022-02-02,62010,2021-03-31,3,,,,,,,,,,,,,,,,,,,,,,,,,,,,,150.00,,,,325840640,15358862,,false,false,12,2020-04-01,2021-03-31,-1
2022-02-02,62010,2022-03-31,3,,,,,,,,,,,,,,,,,,,,,,,,,,,,,80.00,,,,,,,false,false,12,2021-04-01,2022-03-31,0
2022-02-02,62010,2022-03-31,3,,,,,,,,,,,,,,,,,,,,,,,,,,,,,170.00,,,,,,,false,true,12,2021-04-01,2022-03-31,0
2022-02-02,62010,2022-03-31,3,,,,,,,,,,,,,,,,,,,,,,,,,,,,,,,,,325840640,15360483,310480778,false,false,9,2021-04-01,2021-12-31,0
2022-02-02,62010,2021-03-31,3,,,,,,,,,,,,,,,,,,,,,,,,,,,,,,,,,,,310483164,false,false,9,2020-04-01,2020-12-31,-1
2022-04-28,62010,2022-03-31,,2705183000000,0.277,,,,,159066000000,0.346,,,,180306000000,,580.73,580.73,,,0.059,,7627120000000,,,,,321085000000,-229805000000,-92114000000,,,0.293,,,,,,true,false,12,2021-04-01,2022-03-31,0
2022-04-28,62010,2021-03-31,,2118302000000,-0.024,,,,,118159000000,-0.079,,,,136700000000,,440.28,440.28,,,0.056,,6503986000000,,,,,382386000000,-404164000000,-105477000000,,,0.341,,,,,,true,false,12,2020-04-01,2021-03-31,-1
2022-04-28,62010,2023-03-31,,3100000000000,0.146,,,,,170000000000,0.069,,,,185000000000,,595.85,,,,,,,,,,,,,,,,0.302,,,,,,true,true,12,2022-04-01,2023-03-31,1
2022-04-28,62010,2021-03-31,,,,,,,,,,,,,,,,,,,,,,,,,,,,,,150.00,,,,325840640,15358862,310482886,false,false,12,2020-04-01,2021-03-31,-1
2022-04-28,62010,2022-03-31,,,,,,,,,,,,,,,,,,,,,,,,,,,,,,170.00,,,,325840640,15360786,310480569,false,false,12,2021-04-01,2022-03-31,0
2022-04-28,62010,2023-03-31,,,,,,,,,,,,,,,,,,,,,,,,,,,,,,180.00,,,,,,,false,true,12,2022-04-01,2023-03-31,1
2022-07-29,62010,2023-03-31,1,759631000000,0.231,,,,,43611000000,-0.241,,,,71623000000,,230.69,230.69,,,,,7809436000000,,,,,,,,,,,,,,,,true,false,3,2022-04-01,2022-06-30,0
2022-07-29,62010,2022-03-31,1,616914000000,0.432,,,,,57493000000,,,,,77598000000,,249.93,249.93,,,,,,,,,,,,,,,,,,,,,true,false,3,2021-04-01,2021-06-30,-1
2022-07-29,62010,2023-03-31,1,3100000000000,0.146,,,,,170000000000,0.069,,,,185000000000,,595.85,,,,,,,,,,,,,,,,,,,,,,true,true,12,2022-04-01,2023-03-31,0
2022-07-29,62010,2022-03-31,1,,,,,,,,,,,,,,,,,,,,7627120000000,,,,,,,,,,,,,,,,true,false,12,2021-04-01,2022-03-31,-1
2022-07-29,62010,2022-03-31,1,,,,,,,,,,,,,,,,,,,,,,,,,,,,,170.00,,,,325840640,15360786,,false,false,12,2021-04-01,2022-03-31,-1
2022-07-29,62010,2023-03-31,1,,,,,,,,,,,,,,,,,,,,,,,,,,,,,180.00,,,,,,,false,true,12,2022-04-01,2023-03-31,0
2022-07-29,62010,2023-03-31,1,,,,,,,,,,,,,,,,,,,,,,,,,,,,,,,,,325840640,15360902,310479746,false,false,3,2022-04-01,2022-06-30,0
2022-07-29,62010,2022-03-31,1,,,,,,,,,,,,,,,,,,,,,,,,,,,,,,,,,,,310481314,false,false,3,2021-04-01,2021-06-30,-1
2022-10-28,62010,2023-03-31,2,1602496000000,0.271,,,,,92010000000,-0.025,,,,106888000000,,344.27,344.27,,,,,7676773000000,,,,,,,,,,,,,,,,true,false,6,2022-04-01,2022-09-30,0
2022-10-28,62010,2022-03-31,2,1260842000000,0.317,,,,,94367000000,2.125,,,,103386000000,,332.99,332.99,,,,,,,,,,,,,,,,,,,,,true,false,6,2021-04-01,2021-09-30,-1
2022-10-28,62010,2023-03-31,2,3100000000000,0.146,,,,,170000000000,0.069,,,,185000000000,,595.85,,,,,,,,,,,,,,,,,,,,,,true,true,12,2022-04-01,2023-03-31,0
2022-10-28,62010,2022-03-31,2,,,,,,,,,,,,,,,,,,,,7627120000000,,,,,,,,,,,,,,,,true,false,12,2021-04-01,2022-03-31,-1
2022-10-28,62010,2022-03-31,2,,,,,,,,,,,,,,,,,,,,,,,,,,,,,170.00,,,,325840640,15360786,,false,false,12,2021-04-01,2022-03-31,-1
2022-10-28,62010,2023-03-31,2,,,,,,,,,,,,,,,,,,,,,,,,,,,,,90.00,,,,,,,false,false,12,2022-04-01,2023-03-31,0
2022-10-28,62010,2023-03-31,2,,,,,,,,,,,,,,,,,,,,,,,,,,,,,180.00,,,,,,,false,true,12,2022-04-01,2023-03-31,0
2022-10-28,62010,2023-03-31,2,,,,,,,,,,,,,,,,,,,,,,,,,,,,,,,,,325840640,15361086,310479678,false,false,6,2022-04-01,2022-09-30,0
2022-10-28,62010,2022-03-31,2,,,,,,,,,,,,,,,,,,,,,,,,,,,,,,,,,,,310480993,false,false,6,2021-04-01,2021-09-30,-1
2023-02-03,62010,2023-03-31,3,2467565000000,0.254,,,,,138688000000,0.018,,,,169228000000,,545.06,545.06,,,,,7469743000000,,,,,,,,,,,,,,,,true,false,9,2022-04-01,2022-12-31,0
2023-02-03,62010,2022-03-31,3,1967949000000,0.292,,,,,136292000000,0.722,,,,162784000000,,524.30,524.30,,,,,,,,,,,,,,,,,,,,,true,false,9,2021-04-01,2021-12-31,-1
2023-02-03,62010,2023-03-31,3,3100000000000,0.146,,,,,160000000000,0.006,,,,185000000000,,595.85,,,,,,,,,,,,,,,,,,,,,,true,true,12,2022-04-01,2023-03-31,0
2023-02-03,62010,2022-03-31,3,,,,,,,,,,,,,,,,,,,,7627120000000,,,,,,,,,,,,,,,,true,false,12,2021-04-01,2022-03-31,-1
2023-02-03,62010,2022-03-31,3,,,,,,,,,,,,,,,,,,,,,,,,,,,,,170.00,,,,325840640,15360786,,false,false,12,2021-04-01,2022-03-31,-1
2023-02-03,62010,2023-03-31,3,,,,,,,,,,,,,,,,,,,,,,,,,,,,,90.00,,,,,,,false,false,12,2022-04-01,2023-03-31,0
2023-02-03,62010,2023-03-31,3,,,,,,,,,,,,,,,,,,,,,,,,,,,,,180.00,,,,,,,false,true,12,2022-04-01,2023-03-31,0
2023-02-03,62010,2023-03-31,3,,,,,,,,,,,,,,,,,,,,,,,,,,,,,,,,,325840640,15361197,310479624,false,false,9,2022-04-01,2022-12-31,0
2023-02-03,62010,2022-03-31,3,,,,,,,,,,,,,,,,,,,,,,,,,,,,,,,,,,,310480778,false,false,9,2021-04-01,2021-12-31,-1
2023-04-27,62010,2023-03-31,,3379891000000,0.249,,,,,169904000000,0.068,,,,192861000000,,621.17,621.17,,,0.050,,7821185000000,,,,,194964000000,-427642000000,183690000000,,,0.306,,,,,,true,false,12,2022-04-01,2023-03-31,0
2023-04-27,62010,2022-03-31,,2705183000000,0.277,,,,,159066000000,0.346,,,,180306000000,,580.73,580.73,,,0.059,,7627120000000,,,,,321085000000,-229805000000,-92114000000,,,0.293,,,,,,true,false,12,2021-04-01,2022-03-31,-1
2023-04-27,62010,2024-03-31,,3500000000000,0.036,,,,,180000000000,0.059,,,,195000000000,,628.06,,,,,,,,,,,,,,,,0.318,,,,,,true,true,12,2023-04-01,2024-03-31,1
2023-04-27,62010,2022-03-31,,,,,,,,,,,,,,,,,,,,,,,,,,,,,,170.00,,,,325840640,15360786,310480569,false,false,12,2021-04-01,2022-03-31,-1
2023-04-27,62010,2023-03-31,,,,,,,,,,,,,,,,,,,,,,,,,,,,,,190.00,,,,325840640,15361522,310479519,false,false,12,2022-04-01,2023-03-31,0
2023-04-27,62010,2024-03-31,,,,,,,,,,,,,,,,,,,,,,,,,,,,,,200.00,,,,,,,false,true,12,2023-04-01,2024-03-31,1
2023-07-28,62010,2024-03-31,1,889455000000,0.171,,,,,52509000000,0.204,,,,86978000000,,280.14,280.14,,,,,8890805000000,,,,,,,,,,,,,,,,true,false,3,2023-04-01,2023-06-30,0
2023-07-28,62010,2023-03-31,1,759631000000,0.231,,,,,43611000000,-0.241,,,,71623000000,,230.69,230.69,,,,,,,,,,,,,,,,,,,,,true,false,3,2022-04-01,2022-06-30,-1
2023-07-28,62010,2024-03-31,1,3500000000000,0.036,,,,,180000000000,0.059,,,,195000000000,,628.06,,,,,,,,,,,,,,,,,,,,,,true,true,12,2023-04-01,2024-03-31,0
2023-07-28,62010,2023-03-31,1,,,,,,,,,,,,,,,,,,,,7821185000000,,,,,,,,,,,,,,,,true,false,12,2022-04-01,2023-03-31,-1
2023-07-28,62010,2023-03-31,1,,,,,,,,,,,,,,,,,,,,,,,,,,,,,190.00,,,,325840640,15361522,,false,false,12,2022-04-01,2023-03-31,-1
2023-07-28,62010,2024-03-31,1,,,,,,,,,,,,,,,,,,,,,,,,,,,,,200.00,,,,,,,false,true,12,2023-04-01,2024-03-31,0
2023-07-28,62010,2024-03-31,1,,,,,,,,,,,,,,,,,,,,,,,,,,,,,,,,,325840640,15361873,310478922,false,false,3,2023-04-01,2023-06-30,0
2023-07-28,62010,2023-03-31,1,,,,,,,,,,,,,,,,,,,,,,,,,,,,,,,,,,,310479746,false,false,3,2022-04-01,2022-06-30,-1
2023-10-31,62010,2024-03-31,2,1837423000000,0.147,,,,,122052000000,0.327,,,,138808000000,,447.08,447.08,,,,,9533665000000,,,,,,,,,,,,,,,,true,false,6,2023-04-01,2023-09-30,0
2023-10-31,62010,2023-03-31,2,1602496000000,0.271,,,,,92010000000,-0.025,,,,106888000000,,344.27,344.27,,,,,,,,,,,,,,,,,,,,,true,false,6,2022-04-01,2022-09-30,-1
2023-10-31,62010,2024-03-31,2,3600000000000,0.065,,,,,200000000000,0.177,,,,225000000000,,724.69,,,,,,,,,,,,,,,,,,,,,,true,true,12,2023-04-01,2024-03-31,0
2023-10-31,62010,2023-03-31,2,,,,,,,,,,,,,,,,,,,,7821185000000,,,,,,,,,,,,,,,,true,false,12,2022-04-01,2023-03-31,-1
2023-10-31,62010,2023-03-31,2,,,,,,,,,,,,,,,,,,,,,,,,,,,,,190.00,,,,325840640,15361522,,false,false,12,2022-04-01,2023-03-31,-1
2023-10-31,62010,2024-03-31,2,,,,,,,,,,,,,,,,,,,,,,,,,,,,,100.00,,,,,,,false,false,12,2023-04-01,2024-03-31,0
2023-10-31,62010,2024-03-31,2,,,,,,,,,,,,,,,,,,,,,,,,,,,,,200.00,,,,,,,false,true,12,2023-04-01,2024-03-31,0
2023-10-31,62010,2024-03-31,2,,,,,,,,,,,,,,,,,,,,,,,,,,,,,,,,,325840640,15362340,310478642,false,false,6,2023-04-01,2023-09-30,0
2023-10-31,62010,2023-03-31,2,,,,,,,,,,,,,,,,,,,,,,,,,,,,,,,,,,,310479678,false,false,6,2022-04-01,2022-09-30,-1
2024-02-02,62010,2024-03-31,3,2827567000000,0.146,,,,,200911000000,0.449,,,,230801000000,,743.37,743.37,,,,,9245855000000,,,,,,,,,,,,,,,,true,false,9,2023-04-01,2023-12-31,0
2024-02-02,62010,2023-03-31,3,2467565000000,0.254,,,,,138688000000,0.018,,,,169228000000,,545.06,545.06,,,,,,,,,,,,,,,,,,,,,true,false,9,2022-04-01,2022-12-31,-1
2024-02-02,62010,2024-03-31,3,3600000000000,0.065,,,,,200000000000,0.177,,,,225000000000,,724.69,,,,,,,,,,,,,,,,,,,,,,true,true,12,2023-04-01,2024-03-31,0
2024-02-02,62010,2023-03-31,3,,,,,,,,,,,,,,,,,,,,7821185000000,,,,,,,,,,,,,,,,true,false,12,2022-04-01,2023-03-31,-1
2024-02-02,62010,2023-03-31,3,,,,,,,,,,,,,,,,,,,,,,,,,,,,,190.00,,,,325840640,15361522,,false,false,12,2022-04-01,2023-03-31,-1
2024-02-02,62010,2024-03-31,3,,,,,,,,,,,,,,,,,,,,,,,,,,,,,100.00,,,,,,,false,false,12,2023-04-01,2024-03-31,0
2024-02-02,62010,2024-03-31,3,,,,,,,,,,,,,,,,,,,,,,,,,,,,,200.00,,,,,,,false,true,12,2023-04-01,2024-03-31,0
2024-02-02,62010,2024-03-31,3,,,,,,,,,,,,,,,,,,,,,,,,,,,,,,,,,325840640,15362930,310478395,false,false,9,2023-04-01,2023-12-31,0
2024-02-02,62010,2023-03-31,3,,,,,,,,,,,,,,,,,,,,,,,,,,,,,,,,,,,310479624,false,false,9,2022-04-01,2022-12-31,-1
2024-03-29,62010,2024-03-31,,3800000000000,0.056,,,,,200000000000,,,,,225000000000,,724.69,,,,,,,,,,,,,,,,,,,,,,true,true,12,2023-04-01,2024-03-31,0
2024-03-29,62010,2023-03-31,,3379891000000,,,,,,169904000000,,,,,192861000000,,621.17,,,,,,,,,,,,,,,,,,,,,,true,false,12,2022-04-01,2023-03-31,-1
2024-04-26,62010,2024-03-31,,3833205000000,0.134,,,,,200404000000,0.180,,,,228778000000,,736.86,736.86,,,0.052,,11078462000000,,,,,443590000000,47903000000,-209491000000,,,0.326,,,,,,true,false,12,2023-04-01,2024-03-31,0
2024-04-26,62010,2023-03-31,,3379891000000,0.249,,,,,169904000000,0.068,,,,192861000000,,621.17,621.17,,,0.050,,7821185000000,,,,,194964000000,-427642000000,183690000000,,,0.306,,,,,,true,false,12,2022-04-01,2023-03-31,-1
2024-04-26,62010,2025-03-31,,3900000000000,0.017,,,,,250000000000,0.247,,,,260000000000,,837.42,,,,,,,,,,,,,,,,0.334,,,,,,true,true,12,2024-04-01,2025-03-31,1
2024-04-26,62010,2023-03-31,,,,,,,,,,,,,,,,,,,,,,,,,,,,,,190.00,,,,325840640,15361522,310479519,false,false,12,2022-04-01,2023-03-31,-1
2024-04-26,62010,2024-03-31,,,,,,,,,,,,,,,,,,,,,,,,,,,,,,240.00,,,,325840640,15363605,310478128,false,false,12,2023-04-01,2024-03-31,0
2024-04-26,62010,2025-03-31,,,,,,,,,,,,,,,,,,,,,,,,,,,,,,280.00,,,,,,,false,true,12,2024-04-01,2025-03-31,1
2024-07-31,62010,2025-03-31,1,1025758000000,0.153,,,,,67896000000,0.293,,,,111206000000,,358.18,358.18,,,,,10671127000000,,,,,,,,,,,,,,,,true,false,3,2024-04-01,2024-06-30,0
2024-07-31,62010,2024-03-31,1,889455000000,0.171,,,,,52509000000,0.204,,,,86978000000,,280.14,280.14,,,,,,,,,,,,,,,,,,,,,true,false,3,2023-04-01,2023-06-30,-1
2024-07-31,62010,2025-03-31,1,3900000000000,0.017,,,,,250000000000,0.247,,,,260000000000,,837.42,,,,,,,,,,,,,,,,,,,,,,true,true,12,2024-04-01,2025-03-31,0
2024-07-31,62010,2024-03-31,1,,,,,,,,,,,,,,,,,,,,11078462000000,,,,,,,,,,,,,,,,true,false,12,2023-04-01,2024-03-31,-1
2024-07-31,62010,2024-03-31,1,,,,,,,,,,,,,,,,,,,,,,,,,,,,,240.00,,,,325840640,15363605,,false,false,12,2023-04-01,2024-03-31,-1
2024-07-31,62010,2025-03-31,1,,,,,,,,,,,,,,,,,,,,,,,,,,,,,280.00,,,,,,,false,true,12,2024-04-01,2025-03-31,0
2024-07-31,62010,2025-03-31,1,,,,,,,,,,,,,,,,,,,,,,,,,,,,,,,,,325840640,15363962,310476864,false,false,3,2024-04-01,2024-06-30,0
2024-07-31,62010,2024-03-31,1,,,,,,,,,,,,,,,,,,,,,,,,,,,,,,,,,,,310478922,false,false,3,2023-04-01,2023-06-30,-1
2024-10-31,62010,2025-03-31,2,2015491000000,0.097,,,,,126314000000,0.035,,,,147421000000,,477.47,477.47,,,,,9295898000000,,,,,,,,,,,,,,,,true,false,6,2024-04-01,2024-09-30,0
2024-10-31,62010,2024-03-31,2,1837423000000,0.147,,,,,122052000000,0.327,,,,138808000000,,447.08,447.08,,,,,,,,,,,,,,,,,,,,,true,false,6,2023-04-01,2023-09-30,-1
2024-10-31,62010,2025-03-31,2,3900000000000,0.017,,,,,220000000000,0.098,,,,245000000000,,800.39,,,,,,,,,,,,,,,,,,,,,,true,true,12,2024-04-01,2025-03-31,0
2024-10-31,62010,2024-03-31,2,,,,,,,,,,,,,,,,,,,,11078462000000,,,,,,,,,,,,,,,,true,false,12,2023-04-01,2024-03-31,-1
2024-10-31,62010,2024-03-31,2,,,,,,,,,,,,,,,,,,,,,,,,,,,,,240.00,,,,325840640,15363605,,false,false,12,2023-04-01,2024-03-31,-1
2024-10-31,62010,2025-03-31,2,,,,,,,,,,,,,,,,,,,,,,,,,,,,,140.00,,,,,,,false,false,12,2024-04-01,2025-03-31,0
2024-10-31,62010,2025-03-31,2,,,,,,,,,,,,,,,,,,,,,,,,,,,,,280.00,,,,,,,false,true,12,2024-04-01,2025-03-31,0
2024-10-31,62010,2025-03-31,2,,,,,,,,,,,,,,,,,,,,,,,,,,,,,,,,,325840640,19630136,308756876,false,false,6,2024-04-01,2024-09-30,0
2024-10-31,62010,2024-03-31,2,,,,,,,,,,,,,,,,,,,,,,,,,,,,,,,,,,,310478642,false,false,6,2023-04-01,2023-09-30,-1
2025-01-31,62010,2025-03-31,3,3022727000000,0.069,,,,,180953000000,-0.099,,,,248382000000,,808.11,808.11,,,,,10374050000000,,,,,,,,,,,,,,,,true,false,9,2024-04-01,2024-12-31,0
2025-01-31,62010,2024-03-31,3,2827567000000,0.146,,,,,200911000000,0.449,,,,230801000000,,743.37,743.37,,,,,,,,,,,,,,,,,,,,,true,false,9,2023-04-01,2023-12-31,-1
2025-01-31,62010,2025-03-31,3,3900000000000,0.017,,,,,220000000000,0.098,,,,260000000000,,849.43,,,,,,,,,,,,,,,,,,,,,,true,true,12,2024-04-01,2025-03-31,0
2025-01-31,62010,2024-03-31,3,,,,,,,,,,,,,,,,,,,,11078462000000,,,,,,,,,,,,,,,,true,false,12,2023-04-01,2024-03-31,-1
2025-01-31,62010,2024-03-31,3,,,,,,,,,,,,,,,,,,,,,,,,,,,,,240.00,,,,325840640,15363605,,false,false,12,2023-04-01,2024-03-31,-1
2025-01-31,62010,2025-03-31,3,,,,,,,,,,,,,,,,,,,,,,,,,,,,,140.00,,,,,,,false,false,12,2024-04-01,2025-03-31,0
2025-01-31,62010,2025-03-31,3,,,,,,,,,,,,,,,,,,,,,,,,,,,,,280.00,,,,,,,false,true,12,2024-04-01,2025-03-31,0
2025-01-31,62010,2025-03-31,3,,,,,,,,,,,,,,,,,,,,,,,,,,,,,,,,,325840640,22157563,307362759,false,false,9,2024-04-01,2024-12-31,0
2025-01-31,62010,2024-03-31,3,,,,,,,,,,,,,,,,,,,,,,,,,,,,,,,,,,,310478395,false,false,9,2023-04-01,2023-12-31,-1
2025-04-25,62010,2025-03-31,,4084984000000,0.066,,,,,221695000000,0.106,,,,262312000000,,856.96,856.96,,,0.054,,9403481000000,,,,,171578000000,-43403000000,-198654000000,,,0.327,,,,,,true,false,12,2024-04-01,2025-03-31,0
2025-04-25,62010,2024-03-31,,3833205000000,0.134,,,,,200404000000,0.180,,,,228778000000,,736.86,736.86,,,0.052,,11078462000000,,,,,443590000000,47903000000,-209491000000,,,0.326,,,,,,true,false,12,2023-04-01,2024-03-31,-1
2025-04-25,62010,2026-03-31,,4000000000000,-0.021,,,,,180000000000,-0.188,,,,240000000000,,798.74,,,,,,,,,,,,,,,,0.351,,,,,,true,true,12,2025-04-01,2026-03-31,1
2025-04-25,62010,2024-03-31,,,,,,,,,,,,,,,,,,,,,,,,,,,,,,240.00,,,,325840640,15363605,310478128,false,false,12,2023-04-01,2024-03-31,-1
2025-04-25,62010,2025-03-31,,,,,,,,,,,,,,,,,,,,,,,,,,,,,,280.00,,,,325840640,24440334,306096058,false,false,12,2024-04-01,2025-03-31,0
2025-04-25,62010,2026-03-31,,,,,,,,,,,,,,,,,,,,,,,,,,,,,,280.00,,,,,,,false,true,12,2025-04-01,2026-03-31,1
,62010,2026-03-31,,,,,,,,,,,,,,,,,,,,,,,,,,,,,,0.00,,,,,,,false,true,12,2025-04-01,2026-03-31,0
,62010,2025-03-31,,,,,,,,,,,,,,,,,,,,,,,,,,,,,,280.00,,,,,,,false,false,12,2024-04-01,2025-03-31,-1
