filing_date,code,fiscal_year_end,quarterly_period,net_sales,net_sales_change,revenue,revenue_change,operating_revenue,operating_revenue_change,operating_profit,operating_profit_change,ordinary_profit,ordinary_profit_change,net_income,net_income_of_parent,net_income_change,eps,diluted_eps,roe,roa,operating_profit_to_net_sales,operating_profit_to_revenue,total_assets,net_assets,equity_ratio,bps,owner_equity,operating_cash_flow,investing_cash_flow,financing_cash_flow,cash,dividend_per_share,payout_ratio,commemorative_dividend,extra_dividend,number_of_shares,number_of_treqsury_shares,avg_number_of_shares,is_consolidated,is_forecast,duration,period_start,period_end,period_pos
2015-07-31,62220,2016-03-31,1,12207000000,-0.061,,,,,1192000000,-0.199,2218000000,1.073,,1422000000,,41.58,,,,,,126217000000,99094000000,0.784,,98899000000,,,,,,,,,,,,true,false,3,2015-04-01,2015-06-30,0
2015-07-31,62220,2015-03-31,1,13007000000,0.063,,,,,1489000000,-0.146,1069000000,-0.717,,589000000,,17.23,,,,,,,,,,,,,,,,,,,,,,true,false,3,2014-04-01,2014-06-30,-1
2015-07-31,62220,2016-03-31,1,23000000000,-0.108,,,,,2800000000,-0.080,3000000000,-0.315,,2000000000,,58.45,,,,,,,,,,,,,,,,,,,,,,true,true,6,2015-04-01,2015-09-30,0
2015-07-31,62220,2016-03-31,1,51000000000,0.055,,,,,7000000000,0.218,7500000000,-0.115,,5000000000,,146.12,,,,,,,,,,,,,,,,,,,,,,true,true,12,2015-04-01,2016-03-31,0
2015-07-31,62220,2015-03-31,1,,,,,,,,,,,,,,,,,,,,126987000000,98179000000,0.772,,97985000000,,,,,,,,,,,,true,false,12,2014-04-01,2015-03-31,-1
2015-07-31,62220,2015-03-31,1,,,,,,,,,,,,,,,,,,,,,,,,,,,,,32.50,,,,36600000,2381276,,false,false,12,2014-04-01,2015-03-31,-1
2015-07-31,62220,2016-03-31,1,,,,,,,,,,,,,,,,,,,,,,,,,,,,,37.50,,,,,,,false,true,12,2015-04-01,2016-03-31,0
2015-07-31,62220,2016-03-31,1,,,,,,,,,,,,,,,,,,,,,,,,,,,,,,,,,36600000,2381436,34218638,false,false,3,2015-04-01,2015-06-30,0
2015-07-31,62220,2015-03-31,1,,,,,,,,,,,,,,,,,,,,,,,,,,,,,,,,,,,34219799,false,false,3,2014-04-01,2014-06-30,-1
2015-10-30,62220,2016-03-31,2,22513000000,-0.127,,,,,1992000000,-0.345,2437000000,-0.444,,1621000000,,47.40,,,,,,125571000000,98791000000,0.785,,98596000000,,,,,,,,,,,,true,false,6,2015-04-01,2015-09-30,0
2015-10-30,62220,2015-03-31,2,25784000000,0.231,,,,,3044000000,0.613,4382000000,0.005,,3003000000,,87.78,,,,,,,,,,,,,,,,,,,,,,true,false,6,2014-04-01,2014-09-30,-1
2015-10-30,62220,2016-03-31,2,51000000000,0.055,,,,,7000000000,0.218,7500000000,-0.115,,5000000000,,146.12,,,,,,,,,,,,,,,,,,,,,,true,true,12,2015-04-01,2016-03-31,0
2015-10-30,62220,2015-03-31,2,,,,,,,,,,,,,,,,,,,,126987000000,98179000000,0.772,,97985000000,,,,,,,,,,,,true,false,12,2014-04-01,2015-03-31,-1
2015-10-30,62220,2015-03-31,2,,,,,,,,,,,,,,,,,,,,,,,,,,,,,32.50,,,,36600000,2381276,,false,false,12,2014-04-01,2015-03-31,-1
2015-10-30,62220,2016-03-31,2,,,,,,,,,,,,,,,,,,,,,,,,,,,,,15.00,,,,,,,false,false,12,2015-04-01,2016-03-31,0
2015-10-30,62220,2016-03-31,2,,,,,,,,,,,,,,,,,,,,,,,,,,,,,37.50,,,,,,,false,true,12,2015-04-01,2016-03-31,0
2015-10-30,62220,2016-03-31,2,,,,,,,,,,,,,,,,,,,,,,,,,,,,,,,,,36600000,2381626,34218560,false,false,6,2015-04-01,2015-09-30,0
2015-10-30,62220,2015-03-31,2,,,,,,,,,,,,,,,,,,,,,,,,,,,,,,,,,,,34219685,false,false,6,2014-04-01,2014-09-30,-1
2016-01-29,62220,2016-03-31,3,31757000000,-0.093,,,,,2689000000,-0.252,3145000000,-0.587,,1988000000,,58.11,,,,,,125012000000,98498000000,0.786,,98300000000,,,,,,,,,,,,true,false,9,2015-04-01,2015-12-31,0
2016-01-29,62220,2015-03-31,3,35030000000,0.287,,,,,3598000000,1.893,7623000000,0.158,,5108000000,,149.30,,,,,,,,,,,,,,,,,,,,,,true,false,9,2014-04-01,2014-12-31,-1
2016-01-29,62220,2016-03-31,3,51000000000,0.055,,,,,7000000000,0.218,7500000000,-0.115,,5000000000,,146.12,,,,,,,,,,,,,,,,,,,,,,true,true,12,2015-04-01,2016-03-31,0
2016-01-29,62220,2015-03-31,3,,,,,,,,,,,,,,,,,,,,126987000000,98179000000,0.772,,97985000000,,,,,,,,,,,,true,false,12,2014-04-01,2015-03-31,-1
2016-01-29,62220,2015-03-31,3,,,,,,,,,,,,,,,,,,,,,,,,,,,,,32.50,,,,36600000,2381276,,false,false,12,2014-04-01,2015-03-31,-1
2016-01-29,62220,2016-03-31,3,,,,,,,,,,,,,,,,,,,,,,,,,,,,,15.00,,,,,,,false,false,12,2015-04-01,2016-03-31,0
2016-01-29,62220,2016-03-31,3,,,,,,,,,,,,,,,,,,,,,,,,,,,,,37.50,,,,,,,false,true,12,2015-04-01,2016-03-31,0
2016-01-29,62220,2016-03-31,3,,,,,,,,,,,,,,,,,,,,,,,,,,,,,,,,,36600000,2382033,34218451,false,false,9,2015-04-01,2015-12-31,0
2016-01-29,62220,2015-03-31,3,,,,,,,,,,,,,,,,,,,,,,,,,,,,,,,,,,,34219597,false,false,9,2014-04-01,2014-12-31,-1
2016-04-21,62220,2016-03-31,,49500000000,-0.029,,,,,5700000000,-0.186,4500000000,-0.400,,3300000000,,96.44,,,,,,,,,,,,,,,,,,,,,,true,true,12,2015-04-01,2016-03-31,0
2016-04-21,62220,2015-03-31,,48354000000,,,,,,5745000000,,8470000000,,,3645000000,,106.54,,,,,,,,,,,,,,,,,,,,,,true,false,12,2014-04-01,2015-03-31,-1
2016-04-21,62220,2016-03-31,,42900000000,-0.025,,,,,,,5500000000,-0.236,3900000000,,-0.188,113.98,,,,,,,,,,,,,,,,,,,,,,false,true,12,2015-04-01,2016-03-31,0
2016-04-21,62220,2015-03-31,,40455000000,,,,,,,,8200000000,,4879000000,,,142.61,,,,,,,,,,,,,,,,,,,,,,false,false,12,2014-04-01,2015-03-31,-1
2016-05-02,62220,2016-03-31,,49582000000,0.025,,,,,5781000000,0.006,4532000000,-0.465,,3271000000,,95.61,,0.033,0.036,0.117,,126415000000,98293000000,0.776,2867.00,98102000000,1257000000,-2350000000,-1776000000,9752000000,,0.392,,,,,,true,false,12,2015-04-01,2016-03-31,0
2016-05-02,62220,2015-03-31,,48354000000,0.190,,,,,5745000000,1.103,8470000000,0.152,,3645000000,,106.54,,0.038,0.069,0.119,,126987000000,98179000000,0.772,2863.49,97985000000,-1956000000,2287000000,-1966000000,13164000000,,0.305,,,,,,true,false,12,2014-04-01,2015-03-31,-1
2016-05-02,62220,2017-03-31,,30000000000,0.333,,,,,5500000000,1.760,5300000000,1.174,,3400000000,,99.36,,,,,,,,,,,,,,,,,,,,,,true,true,6,2016-04-01,2016-09-30,1
2016-05-02,62220,2017-03-31,,63000000000,0.271,,,,,11500000000,0.989,11000000000,1.427,,7000000000,,204.57,,,,,,,,,,,,,,,,0.220,,,,,,true,true,12,2016-04-01,2017-03-31,1
2016-05-02,62220,2016-03-31,,42940000000,0.061,,,,,6618000000,0.231,5514000000,-0.327,3918000000,,-0.197,114.52,,,,,,114044000000,88448000000,0.774,2579.60,88268000000,,,,,37.50,,,,36600000,2382183,34218318,false,false,12,2015-04-01,2016-03-31,0
2016-05-02,62220,2015-03-31,,40455000000,0.194,,,,,5376000000,0.581,8200000000,0.079,4879000000,,0.012,142.61,,,,,,111247000000,86340000000,0.774,2517.92,86159000000,,,,,32.50,,,,36600000,2381276,34219437,false,false,12,2014-04-01,2015-03-31,-1
2016-05-02,62220,2017-03-31,,25500000000,0.486,,,,,,,4500000000,1.187,3000000000,,1.054,87.67,,,,,,,,,,,,,,,,,,,,,,false,true,6,2016-04-01,2016-09-30,1
2016-05-02,62220,2017-03-31,,55000000000,0.281,,,,,,,9200000000,0.668,6200000000,,0.582,181.19,,,,,,,,,,,,,,,45.00,,,,,,,false,true,12,2016-04-01,2017-03-31,1
2016-07-29,62220,2017-03-31,1,16885000000,0.383,,,,,3791000000,2.179,990000000,-0.553,,873000000,,25.52,,,,,,125984000000,96452000000,0.764,,96263000000,,,,,,,,,,,,true,false,3,2016-04-01,2016-06-30,0
2016-07-29,62220,2016-03-31,1,12207000000,-0.061,,,,,1192000000,-0.199,2218000000,1.073,,1422000000,,41.58,,,,,,,,,,,,,,,,,,,,,,true,false,3,2015-04-01,2015-06-30,-1
2016-07-29,62220,2017-03-31,1,30000000000,0.333,,,,,5500000000,1.760,5300000000,1.174,,3400000000,,99.36,,,,,,,,,,,,,,,,,,,,,,true,true,6,2016-04-01,2016-09-30,0
2016-07-29,62220,2017-03-31,1,63000000000,0.271,,,,,11500000000,0.989,11000000000,1.427,,7000000000,,204.57,,,,,,,,,,,,,,,,,,,,,,true,true,12,2016-04-01,2017-03-31,0
2016-07-29,62220,2016-03-31,1,,,,,,,,,,,,,,,,,,,,126415000000,98293000000,0.776,,98102000000,,,,,,,,,,,,true,false,12,2015-04-01,2016-03-31,-1
2016-07-29,62220,2016-03-31,1,,,,,,,,,,,,,,,,,,,,,,,,,,,,,37.50,,,,36600000,2382183,,false,false,12,2015-04-01,2016-03-31,-1
2016-07-29,62220,2017-03-31,1,,,,,,,,,,,,,,,,,,,,,,,,,,,,,45.00,,,,,,,false,true,12,2016-04-01,2017-03-31,0
2016-07-29,62220,2017-03-31,1,,,,,,,,,,,,,,,,,,,,,,,,,,,,,,,,,36600000,2382213,34217813,false,false,3,2016-04-01,2016-06-30,0
2016-07-29,62220,2016-03-31,1,,,,,,,,,,,,,,,,,,,,,,,,,,,,,,,,,,,34218638,false,false,3,2015-04-01,2015-06-30,-1
2016-10-19,62220,2017-03-31,,29600000000,-0.013,,,,,5500000000,0.000,2300000000,-0.566,,1700000000,,49.68,,,,,,,,,,,,,,,,,,,,,,true,true,6,2016-04-01,2016-09-30,0
2016-10-19,62220,2016-03-31,,22513000000,,,,,,1992000000,,2437000000,,,1621000000,,47.40,,,,,,,,,,,,,,,,,,,,,,true,false,6,2015-04-01,2015-09-30,-1
2016-10-19,62220,2017-03-31,,63000000000,0.000,,,,,11500000000,0.000,8000000000,-0.273,,5500000000,,160.74,,,,,,,,,,,,,,,,,,,,,,true,true,12,2016-04-01,2017-03-31,0
2016-10-19,62220,2016-03-31,,49582000000,,,,,,5781000000,,4532000000,,,3271000000,,95.61,,,,,,,,,,,,,,,,,,,,,,true,false,12,2015-04-01,2016-03-31,-1
2016-10-19,62220,2017-03-31,,24740000000,-0.030,,,,,,,120000000,-0.973,10000000,,-0.997,0.29,,,,,,,,,,,,,,,,,,,,,,false,true,6,2016-04-01,2016-09-30,0
2016-10-19,62220,2016-03-31,,17160000000,,,,,,,,2058000000,,1460000000,,,42.68,,,,,,,,,,,,,,,,,,,,,,false,false,6,2015-04-01,2015-09-30,-1
2016-10-19,62220,2017-03-31,,55000000000,0.000,,,,,,,5700000000,-0.380,4000000000,,-0.355,116.90,,,,,,,,,,,,,,,,,,,,,,false,true,12,2016-04-01,2017-03-31,0
2016-10-19,62220,2016-03-31,,42940000000,,,,,,,,5514000000,,3918000000,,,114.52,,,,,,,,,,,,,,,,,,,,,,false,false,12,2015-04-01,2016-03-31,-1
2016-10-28,62220,2017-03-31,2,29615000000,0.315,,,,,5500000000,1.760,2310000000,-0.052,,1683000000,,49.21,,,,,,127127000000,97206000000,0.763,,97016000000,,,,,,,,,,,,true,false,6,2016-04-01,2016-09-30,0
2016-10-28,62220,2016-03-31,2,22513000000,-0.127,,,,,1992000000,-0.345,2437000000,-0.444,,1621000000,,47.40,,,,,,,,,,,,,,,,,,,,,,true,false,6,2015-04-01,2015-09-30,-1
2016-10-28,62220,2017-03-31,2,63000000000,0.271,,,,,11500000000,0.989,8000000000,0.765,,5500000000,,160.74,,,,,,,,,,,,,,,,,,,,,,true,true,12,2016-04-01,2017-03-31,0
2016-10-28,62220,2016-03-31,2,,,,,,,,,,,,,,,,,,,,126415000000,98293000000,0.776,,98102000000,,,,,,,,,,,,true,false,12,2015-04-01,2016-03-31,-1
2016-10-28,62220,2016-03-31,2,,,,,,,,,,,,,,,,,,,,,,,,,,,,,37.50,,,,36600000,2382183,,false,false,12,2015-04-01,2016-03-31,-1
2016-10-28,62220,2017-03-31,2,,,,,,,,,,,,,,,,,,,,,,,,,,,,,20.00,,,,,,,false,false,12,2016-04-01,2017-03-31,0
2016-10-28,62220,2017-03-31,2,,,,,,,,,,,,,,,,,,,,,,,,,,,,,45.00,,,,,,,false,true,12,2016-04-01,2017-03-31,0
2016-10-28,62220,2017-03-31,2,,,,,,,,,,,,,,,,,,,,,,,,,,,,,,,,,36600000,2382512,34217754,false,false,6,2016-04-01,2016-09-30,0
2016-10-28,62220,2016-03-31,2,,,,,,,,,,,,,,,,,,,,,,,,,,,,,,,,,,,34218560,false,false,6,2015-04-01,2015-09-30,-1
2017-01-31,62220,2017-03-31,3,40545000000,0.277,,,,,6399000000,1.379,4940000000,0.571,,3486000000,,101.86,101.75,,,,,138607000000,101681000000,0.733,,101586000000,,,,,,,,,,,,true,false,9,2016-04-01,2016-12-31,0
2017-01-31,62220,2016-03-31,3,31757000000,-0.093,,,,,2689000000,-0.252,3145000000,-0.587,,1988000000,,58.11,,,,,,,,,,,,,,,,,,,,,,true,false,9,2015-04-01,2015-12-31,-1
2017-01-31,62220,2017-03-31,3,63000000000,0.271,,,,,11500000000,0.989,8000000000,0.765,,5500000000,,159.77,,,,,,,,,,,,,,,,,,,,,,true,true,12,2016-04-01,2017-03-31,0
2017-01-31,62220,2016-03-31,3,,,,,,,,,,,,,,,,,,,,126415000000,98293000000,0.776,,98102000000,,,,,,,,,,,,true,false,12,2015-04-01,2016-03-31,-1
2017-01-31,62220,2016-03-31,3,,,,,,,,,,,,,,,,,,,,,,,,,,,,,37.50,,,,36600000,2382183,,false,false,12,2015-04-01,2016-03-31,-1
2017-01-31,62220,2017-03-31,3,,,,,,,,,,,,,,,,,,,,,,,,,,,,,20.00,,,,,,,false,false,12,2016-04-01,2017-03-31,0
2017-01-31,62220,2017-03-31,3,,,,,,,,,,,,,,,,,,,,,,,,,,,,,45.00,,,,,,,false,true,12,2016-04-01,2017-03-31,0
2017-01-31,62220,2017-03-31,3,,,,,,,,,,,,,,,,,,,,,,,,,,,,,,,,,36600000,2174823,34232212,false,false,9,2016-04-01,2016-12-31,0
2017-01-31,62220,2016-03-31,3,,,,,,,,,,,,,,,,,,,,,,,,,,,,,,,,,,,34218451,false,false,9,2015-04-01,2015-12-31,-1
2017-05-01,62220,2017-03-31,,62432000000,0.259,,,,,11262000000,0.948,10043000000,1.216,,7198000000,,209.97,209.68,0.071,0.075,0.180,,141931000000,104879000000,0.738,3039.66,104815000000,6988000000,-1241000000,2470000000,18286000000,,0.214,,,,,,true,false,12,2016-04-01,2017-03-31,0
2017-05-01,62220,2016-03-31,,49582000000,0.025,,,,,5781000000,0.006,4532000000,-0.465,,3271000000,,95.61,,0.033,0.036,0.117,,126415000000,98293000000,0.776,2867.00,98102000000,1257000000,-2350000000,-1776000000,9752000000,,0.392,,,,,,true,false,12,2015-04-01,2016-03-31,-1
2017-05-01,62220,2018-03-31,,38000000000,0.283,,,,,8000000000,0.454,8000000000,2.462,,5300000000,,153.70,,,,,,,,,,,,,,,,,,,,,,true,true,6,2017-04-01,2017-09-30,1
2017-05-01,62220,2018-03-31,,73000000000,0.169,,,,,15000000000,0.332,15000000000,0.494,,10000000000,,290.00,,,,,,,,,,,,,,,,0.172,,,,,,true,true,12,2017-04-01,2018-03-31,1
2017-05-01,62220,2017-03-31,,52160000000,0.215,,,,,7988000000,0.207,5706000000,0.035,4001000000,,0.021,116.72,116.56,,,,,128201000000,92300000000,0.720,2675.11,92244000000,,,,,45.00,,,,36600000,2117503,34284968,false,false,12,2016-04-01,2017-03-31,0
2017-05-01,62220,2016-03-31,,42940000000,0.061,,,,,6618000000,0.231,5514000000,-0.327,3918000000,,-0.197,114.52,,,,,,114044000000,88448000000,0.774,2579.60,88268000000,,,,,37.50,,,,36600000,2382183,34218318,false,false,12,2015-04-01,2016-03-31,-1
2017-05-01,62220,2018-03-31,,32500000000,0.313,,,,,,,6700000000,,4500000000,,,130.50,,,,,,,,,,,,,,,,,,,,,,false,true,6,2017-04-01,2017-09-30,1
2017-05-01,62220,2018-03-31,,63000000000,0.208,,,,,,,12000000000,1.103,8000000000,,0.999,232.00,,,,,,,,,,,,,,,50.00,,,,,,,false,true,12,2017-04-01,2018-03-31,1
2017-07-28,62220,2018-03-31,1,17251000000,0.022,,,,,3747000000,-0.011,4181000000,3.220,,3048000000,,88.40,88.26,,,,,143423000000,107125000000,0.747,,107068000000,,,,,,,,,,,,true,false,3,2017-04-01,2017-06-30,0
2017-07-28,62220,2017-03-31,1,16885000000,0.383,,,,,3791000000,2.179,990000000,-0.553,,873000000,,25.52,,,,,,,,,,,,,,,,,,,,,,true,false,3,2016-04-01,2016-06-30,-1
2017-07-28,62220,2018-03-31,1,38000000000,0.283,,,,,8000000000,0.454,8000000000,2.462,,5300000000,,153.60,,,,,,,,,,,,,,,,,,,,,,true,true,6,2017-04-01,2017-09-30,0
2017-07-28,62220,2018-03-31,1,73000000000,0.169,,,,,15000000000,0.332,15000000000,0.494,,10000000000,,289.80,,,,,,,,,,,,,,,,,,,,,,true,true,12,2017-04-01,2018-03-31,0
2017-07-28,62220,2017-03-31,1,,,,,,,,,,,,,,,,,,,,141931000000,104879000000,0.738,,104815000000,,,,,,,,,,,,true,false,12,2016-04-01,2017-03-31,-1
2017-07-28,62220,2017-03-31,1,,,,,,,,,,,,,,,,,,,,,,,,,,,,,45.00,,,,36600000,2117503,,false,false,12,2016-04-01,2017-03-31,-1
2017-07-28,62220,2018-03-31,1,,,,,,,,,,,,,,,,,,,,,,,,,,,,,50.00,,,,,,,false,true,12,2017-04-01,2018-03-31,0
2017-07-28,62220,2018-03-31,1,,,,,,,,,,,,,,,,,,,,,,,,,,,,,,,,,36600000,2093783,34487254,false,false,3,2017-04-01,2017-06-30,0
2017-07-28,62220,2017-03-31,1,,,,,,,,,,,,,,,,,,,,,,,,,,,,,,,,,,,34217813,false,false,3,2016-04-01,2016-06-30,-1
2017-10-30,62220,2018-03-31,2,35569000000,0.201,,,,,8060000000,0.465,8884000000,2.844,,6529000000,,188.19,,,,,,157544000000,120856000000,0.767,,120843000000,,,,,,,,,,,,true,false,6,2017-04-01,2017-09-30,0
2017-10-30,62220,2017-03-31,2,29615000000,0.315,,,,,5500000000,1.760,2310000000,-0.052,,1683000000,,49.21,,,,,,,,,,,,,,,,,,,,,,true,false,6,2016-04-01,2016-09-30,-1
2017-10-30,62220,2018-03-31,2,73000000000,0.169,,,,,15000000000,0.332,15000000000,0.494,,10000000000,,273.88,,,,,,,,,,,,,,,,,,,,,,true,true,12,2017-04-01,2018-03-31,0
2017-10-30,62220,2017-03-31,2,,,,,,,,,,,,,,,,,,,,141931000000,104879000000,0.738,,104815000000,,,,,,,,,,,,true,false,12,2016-04-01,2017-03-31,-1
2017-10-30,62220,2017-03-31,2,,,,,,,,,,,,,,,,,,,,,,,,,,,,,45.00,,,,36600000,2117503,,false,false,12,2016-04-01,2017-03-31,-1
2017-10-30,62220,2018-03-31,2,,,,,,,,,,,,,,,,,,,,,,,,,,,,,25.00,,,,,,,false,false,12,2017-04-01,2018-03-31,0
2017-10-30,62220,2018-03-31,2,,,,,,,,,,,,,,,,,,,,,,,,,,,,,50.00,,,,,,,false,true,12,2017-04-01,2018-03-31,0
2017-10-30,62220,2018-03-31,2,,,,,,,,,,,,,,,,,,,,,,,,,,,,,,,,,36600000,87263,34695763,false,false,6,2017-04-01,2017-09-30,0
2017-10-30,62220,2017-03-31,2,,,,,,,,,,,,,,,,,,,,,,,,,,,,,,,,,,,34217754,false,false,6,2016-04-01,2016-09-30,-1
2018-01-31,62220,2018-03-31,3,51845000000,0.279,,,,,11254000000,0.759,12400000000,1.510,,8951000000,,253.55,,,,,,155713000000,123451000000,0.793,,123438000000,,,,,,,,,,,,true,false,9,2017-04-01,2017-12-31,0
2018-01-31,62220,2017-03-31,3,40545000000,0.277,,,,,6399000000,1.379,4940000000,0.571,,3486000000,,101.86,101.75,,,,,,,,,,,,,,,,,,,,,true,false,9,2016-04-01,2016-12-31,-1
2018-01-31,62220,2018-03-31,3,73000000000,0.169,,,,,15000000000,0.332,15000000000,0.494,,10000000000,,273.88,,,,,,,,,,,,,,,,,,,,,,true,true,12,2017-04-01,2018-03-31,0
2018-01-31,62220,2017-03-31,3,,,,,,,,,,,,,,,,,,,,141931000000,104879000000,0.738,,104815000000,,,,,,,,,,,,true,false,12,2016-04-01,2017-03-31,-1
2018-01-31,62220,2017-03-31,3,,,,,,,,,,,,,,,,,,,,,,,,,,,,,45.00,,,,36600000,2117503,,false,false,12,2016-04-01,2017-03-31,-1
2018-01-31,62220,2018-03-31,3,,,,,,,,,,,,,,,,,,,,,,,,,,,,,25.00,,,,,,,false,false,12,2017-04-01,2018-03-31,0
2018-01-31,62220,2018-03-31,3,,,,,,,,,,,,,,,,,,,,,,,,,,,,,50.00,,,,,,,false,true,12,2017-04-01,2018-03-31,0
2018-01-31,62220,2018-03-31,3,,,,,,,,,,,,,,,,,,,,,,,,,,,,,,,,,36600000,87823,35303591,false,false,9,2017-04-01,2017-12-31,0
2018-01-31,62220,2017-03-31,3,,,,,,,,,,,,,,,,,,,,,,,,,,,,,,,,,,,34232212,false,false,9,2016-04-01,2016-12-31,-1
2018-05-08,62220,2018-03-31,,71858000000,0.151,,,,,14905000000,0.324,15525000000,0.546,,11279000000,,316.82,,0.099,0.105,0.207,,154343000000,123491000000,0.800,3381.85,123478000000,9397000000,-4843000000,1731000000,24223000000,,0.189,,,,,,true,false,12,2017-04-01,2018-03-31,0
2018-05-08,62220,2017-03-31,,62432000000,0.259,,,,,11262000000,0.948,10043000000,1.216,,7198000000,,209.97,209.68,0.071,0.075,0.180,,141931000000,104879000000,0.738,3039.66,104815000000,6988000000,-1241000000,2470000000,18286000000,,0.214,,,,,,true,false,12,2016-04-01,2017-03-31,-1
2018-05-08,62220,2019-03-31,,34000000000,-0.044,,,,,6300000000,-0.218,6600000000,-0.257,,4800000000,,131.46,,,,,,,,,,,,,,,,,,,,,,true,true,6,2018-04-01,2018-09-30,1
2018-05-08,62220,2019-03-31,,76000000000,0.058,,,,,16000000000,0.073,16000000000,0.031,,11500000000,,314.96,,,,,,,,,,,,,,,,0.254,,,,,,true,true,12,2018-04-01,2019-03-31,1
2018-05-08,62220,2018-03-31,,61038000000,0.170,,,,,10856000000,0.359,10435000000,0.828,7495000000,,0.873,210.53,,,,,,135628000000,107988000000,0.796,2957.62,107988000000,,,,,60.00,,,,36600000,87983,35601583,false,false,12,2017-04-01,2018-03-31,0
2018-05-08,62220,2017-03-31,,52160000000,0.215,,,,,7988000000,0.207,5706000000,0.035,4001000000,,0.021,116.72,116.56,,,,,128201000000,92300000000,0.720,2675.11,92244000000,,,,,45.00,,,,36600000,2117503,34284968,false,false,12,2016-04-01,2017-03-31,-1
2018-05-08,62220,2019-03-31,,28000000000,-0.104,,,,,,,4700000000,-0.325,3500000000,,-0.312,95.86,,,,,,,,,,,,,,,,,,,,,,false,true,6,2018-04-01,2018-09-30,1
2018-05-08,62220,2019-03-31,,64000000000,0.049,,,,,,,11500000000,0.102,8000000000,,0.067,219.11,,,,,,,,,,,,,,,80.00,,,,,,,false,true,12,2018-04-01,2019-03-31,1
2018-07-31,62220,2019-03-31,1,16923000000,-0.019,,,,,3307000000,-0.117,3670000000,-0.122,,2571000000,,70.44,,,,,,154835000000,125282000000,0.809,,125269000000,,,,,,,,,,,,true,false,3,2018-04-01,2018-06-30,0
2018-07-31,62220,2018-03-31,1,17251000000,0.022,,,,,3747000000,-0.011,4181000000,3.220,,3048000000,,88.40,88.26,,,,,,,,,,,,,,,,,,,,,true,false,3,2017-04-01,2017-06-30,-1
2018-07-31,62220,2019-03-31,1,34000000000,-0.044,,,,,6300000000,-0.218,6600000000,-0.257,,4800000000,,131.46,,,,,,,,,,,,,,,,,,,,,,true,true,6,2018-04-01,2018-09-30,0
2018-07-31,62220,2019-03-31,1,76000000000,0.058,,,,,16000000000,0.073,16000000000,0.031,,11500000000,,314.96,,,,,,,,,,,,,,,,,,,,,,true,true,12,2018-04-01,2019-03-31,0
2018-07-31,62220,2018-03-31,1,,,,,,,,,,,,,,,,,,,,154337000000,123491000000,0.800,,123478000000,,,,,,,,,,,,true,false,12,2017-04-01,2018-03-31,-1
2018-07-31,62220,2018-03-31,1,,,,,,,,,,,,,,,,,,,,,,,,,,,,,60.00,,,,36600000,87983,,false,false,12,2017-04-01,2018-03-31,-1
2018-07-31,62220,2019-03-31,1,,,,,,,,,,,,,,,,,,,,,,,,,,,,,80.00,,,,,,,false,true,12,2018-04-01,2019-03-31,0
2018-07-31,62220,2019-03-31,1,,,,,,,,,,,,,,,,,,,,,,,,,,,,,,,,,36600000,88113,36511948,false,false,3,2018-04-01,2018-06-30,0
2018-07-31,62220,2018-03-31,1,,,,,,,,,,,,,,,,,,,,,,,,,,,,,,,,,,,34487254,false,false,3,2017-04-01,2017-06-30,-1
2018-10-24,62220,2019-03-31,,28200000000,-0.171,,,,,4300000000,-0.317,4600000000,-0.303,,3300000000,,90.38,,,,,,,,,,,,,,,,,,,,,,true,true,6,2018-04-01,2018-09-30,0
2018-10-24,62220,2018-03-31,,35569000000,,,,,,8060000000,,8884000000,,,6529000000,,188.19,,,,,,,,,,,,,,,,,,,,,,true,false,6,2017-04-01,2017-09-30,-1
2018-10-24,62220,2019-03-31,,58000000000,-0.237,,,,,8000000000,-0.500,8200000000,-0.488,,6000000000,,164.33,,,,,,,,,,,,,,,,,,,,,,true,true,12,2018-04-01,2019-03-31,0
2018-10-24,62220,2018-03-31,,71858000000,,,,,,14905000000,,15525000000,,,11279000000,,316.82,,,,,,,,,,,,,,,,,,,,,,true,false,12,2017-04-01,2018-03-31,-1
2018-10-24,62220,2019-03-31,,20800000000,-0.257,,,,,,,2900000000,-0.383,2300000000,,-0.343,62.99,,,,,,,,,,,,,,,,,,,,,,false,true,6,2018-04-01,2018-09-30,0
2018-10-24,62220,2018-03-31,,31252000000,,,,,,,,6965000000,,5083000000,,,146.53,,,,,,,,,,,,,,,,,,,,,,false,false,6,2017-04-01,2017-09-30,-1
2018-10-24,62220,2019-03-31,,46200000000,-0.278,,,,,,,5200000000,-0.548,3800000000,,-0.525,104.08,,,,,,,,,,,,,,,30.00,,,,,,,false,true,12,2018-04-01,2019-03-31,0
2018-10-24,62220,2018-03-31,,61038000000,,,,,,,,10435000000,,7495000000,,,210.53,,,,,,,,,,,,,,,60.00,,,,,,,false,false,12,2017-04-01,2018-03-31,-1
2018-10-30,62220,2019-03-31,2,28197000000,-0.207,,,,,4343000000,-0.461,4628000000,-0.479,,3312000000,,90.73,90.71,,,,,154846000000,126973000000,0.820,,126956000000,,,,,,,,,,,,true,false,6,2018-04-01,2018-09-30,0
2018-10-30,62220,2018-03-31,2,35569000000,0.201,,,,,8060000000,0.465,8884000000,2.844,,6529000000,,188.19,,,,,,,,,,,,,,,,,,,,,,true,false,6,2017-04-01,2017-09-30,-1
2018-10-30,62220,2019-03-31,2,58000000000,-0.193,,,,,8000000000,-0.463,8200000000,-0.472,,6000000000,,164.33,,,,,,,,,,,,,,,,,,,,,,true,true,12,2018-04-01,2019-03-31,0
2018-10-30,62220,2018-03-31,2,,,,,,,,,,,,,,,,,,,,154337000000,123491000000,0.800,,123478000000,,,,,,,,,,,,true,false,12,2017-04-01,2018-03-31,-1
2018-10-30,62220,2018-03-31,2,,,,,,,,,,,,,,,,,,,,,,,,,,,,,60.00,,,,36600000,87983,,false,false,12,2017-04-01,2018-03-31,-1
2018-10-30,62220,2019-03-31,2,,,,,,,,,,,,,,,,,,,,,,,,,,,,,30.00,,,,,,,false,false,12,2018-04-01,2019-03-31,0
2018-10-30,62220,2019-03-31,2,,,,,,,,,,,,,,,,,,,,,,,,,,,,,,,,,36600000,88193,36511897,false,false,6,2018-04-01,2018-09-30,0
2018-10-30,62220,2018-03-31,2,,,,,,,,,,,,,,,,,,,,,,,,,,,,,,,,,,,34695763,false,false,6,2017-04-01,2017-09-30,-1
2019-01-31,62220,2019-03-31,3,40620000000,-0.217,,,,,5601000000,-0.502,5844000000,-0.529,,4162000000,,114.11,114.04,,,,,148838000000,123855000000,0.832,,123833000000,,,,,,,,,,,,true,false,9,2018-04-01,2018-12-31,0
2019-01-31,62220,2018-03-31,3,51845000000,0.279,,,,,11254000000,0.759,12400000000,1.510,,8951000000,,253.55,,,,,,,,,,,,,,,,,,,,,,true,false,9,2017-04-01,2017-12-31,-1
2019-01-31,62220,2019-03-31,3,58000000000,-0.193,,,,,8000000000,-0.463,8200000000,-0.472,,6000000000,,164.33,,,,,,,,,,,,,,,,,,,,,,true,true,12,2018-04-01,2019-03-31,0
2019-01-31,62220,2018-03-31,3,,,,,,,,,,,,,,,,,,,,154337000000,123491000000,0.800,,123478000000,,,,,,,,,,,,true,false,12,2017-04-01,2018-03-31,-1
2019-01-31,62220,2018-03-31,3,,,,,,,,,,,,,,,,,,,,,,,,,,,,,60.00,,,,36600000,87983,,false,false,12,2017-04-01,2018-03-31,-1
2019-01-31,62220,2019-03-31,3,,,,,,,,,,,,,,,,,,,,,,,,,,,,,30.00,,,,,,,false,false,12,2018-04-01,2019-03-31,0
2019-01-31,62220,2019-03-31,3,,,,,,,,,,,,,,,,,,,,,,,,,,,,,,,,,36600000,485753,36480070,false,false,9,2018-04-01,2018-12-31,0
2019-01-31,62220,2018-03-31,3,,,,,,,,,,,,,,,,,,,,,,,,,,,,,,,,,,,35303591,false,false,9,2017-04-01,2017-12-31,-1
2019-04-19,62220,2019-03-31,,51300000000,-0.116,,,,,4300000000,-0.463,4700000000,-0.427,,3400000000,,93.63,,,,,,,,,,,,,,,,,,,,,,true,true,12,2018-04-01,2019-03-31,0
2019-04-19,62220,2018-03-31,,71858000000,,,,,,14905000000,,15525000000,,,11279000000,,316.82,,,,,,,,,,,,,,,,,,,,,,true,false,12,2017-04-01,2018-03-31,-1
2019-04-19,62220,2019-03-31,,39300000000,-0.149,,,,,,,2200000000,-0.577,3200000000,,-0.158,88.13,,,,,,,,,,,,,,,55.00,,,,,,,false,true,12,2018-04-01,2019-03-31,0
2019-04-19,62220,2018-03-31,,61038000000,,,,,,,,10435000000,,7495000000,,,210.53,,,,,,,,,,,,,,,60.00,,,,,,,false,false,12,2017-04-01,2018-03-31,-1
2019-04-19,62220,2019-03-31,,,,,,,,,,,,,,,,,,,,,,,,,,,,,,30.00,,,,,,,false,false,12,2018-04-01,2019-03-31,0
2019-05-08,62220,2019-03-31,,51352000000,-0.285,,,,,4638000000,-0.689,4991000000,-0.678,,3835000000,,105.62,105.54,0.031,0.033,0.090,,145146000000,121166000000,0.835,3411.08,121132000000,9935000000,-872000000,-6540000000,26849000000,,0.521,,,,,,true,false,12,2018-04-01,2019-03-31,0
2019-05-08,62220,2018-03-31,,71858000000,0.151,,,,,14905000000,0.324,15525000000,0.546,,11279000000,,316.82,,0.099,0.105,0.207,,154337000000,123491000000,0.800,3381.85,123478000000,9397000000,-4843000000,1731000000,24223000000,,0.189,,,,,,true,false,12,2017-04-01,2018-03-31,-1
2019-05-08,62220,2020-03-31,,23000000000,-0.184,,,,,400000000,-0.908,700000000,-0.849,,600000000,,16.90,,,,,,,,,,,,,,,,,,,,,,true,true,6,2019-04-01,2019-09-30,1
2019-05-08,62220,2020-03-31,,52300000000,0.018,,,,,4000000000,-0.138,4400000000,-0.119,,3300000000,,92.93,,,,,,,,,,,,,,,,0.484,,,,,,true,true,12,2019-04-01,2020-03-31,1
2019-05-08,62220,2019-03-31,,39352000000,-0.355,,,,,1706000000,-0.843,2233000000,-0.786,3272000000,,-0.563,90.12,90.05,,,,,126552000000,104745000000,0.828,2949.07,104726000000,,,,,55.00,,,,36600000,1088459,36311682,false,false,12,2018-04-01,2019-03-31,0
2019-05-08,62220,2018-03-31,,61038000000,0.170,,,,,10856000000,0.359,10435000000,0.828,7495000000,,0.873,210.53,,,,,,135628000000,107988000000,0.796,2957.62,107988000000,,,,,60.00,,,,36600000,87983,35601583,false,false,12,2017-04-01,2018-03-31,-1
2019-05-08,62220,2020-03-31,,18100000000,-0.133,,,,,,,100000000,-0.966,100000000,,-0.957,2.82,,,,,,,,,,,,,,,,,,,,,,false,true,6,2019-04-01,2019-09-30,1
2019-05-08,62220,2020-03-31,,43200000000,0.098,,,,,,,2800000000,0.254,2100000000,,-0.358,59.14,,,,,,,,,,,,,,,45.00,,,,,,,false,true,12,2019-04-01,2020-03-31,1
2019-07-31,62220,2020-03-31,1,8393000000,-0.504,,,,,-872000000,,-944000000,,,-689000000,,-19.41,,,,,,141384000000,118406000000,0.837,,118372000000,,,,,,,,,,,,true,false,3,2019-04-01,2019-06-30,0
2019-07-31,62220,2019-03-31,1,16923000000,-0.019,,,,,3307000000,-0.117,3670000000,-0.122,,2571000000,,70.44,,,,,,,,,,,,,,,,,,,,,,true,false,3,2018-04-01,2018-06-30,-1
2019-07-31,62220,2020-03-31,1,23000000000,-0.184,,,,,400000000,-0.908,700000000,-0.849,,600000000,,16.90,,,,,,,,,,,,,,,,,,,,,,true,true,6,2019-04-01,2019-09-30,0
2019-07-31,62220,2020-03-31,1,52300000000,0.018,,,,,4000000000,-0.138,4400000000,-0.119,,3300000000,,92.93,,,,,,,,,,,,,,,,,,,,,,true,true,12,2019-04-01,2020-03-31,0
2019-07-31,62220,2019-03-31,1,,,,,,,,,,,,,,,,,,,,145146000000,121166000000,0.835,,121132000000,,,,,,,,,,,,true,false,12,2018-04-01,2019-03-31,-1
2019-07-31,62220,2019-03-31,1,,,,,,,,,,,,,,,,,,,,,,,,,,,,,55.00,,,,36600000,1088459,,false,false,12,2018-04-01,2019-03-31,-1
2019-07-31,62220,2020-03-31,1,,,,,,,,,,,,,,,,,,,,,,,,,,,,,45.00,,,,,,,false,true,12,2019-04-01,2020-03-31,0
2019-07-31,62220,2020-03-31,1,,,,,,,,,,,,,,,,,,,,,,,,,,,,,,,,,36600000,1088539,35511489,false,false,3,2019-04-01,2019-06-30,0
2019-07-31,62220,2019-03-31,1,,,,,,,,,,,,,,,,,,,,,,,,,,,,,,,,,,,36511948,false,false,3,2018-04-01,2018-06-30,-1
2019-10-21,62220,2020-03-31,,17100000000,-0.257,,,,,-2700000000,,-2900000000,,,-2000000000,,-56.32,,,,,,,,,,,,,,,,,,,,,,true,true,6,2019-04-01,2019-09-30,0
2019-10-21,62220,2019-03-31,,28197000000,,,,,,4343000000,,4628000000,,,3312000000,,90.73,,,,,,,,,,,,,,,,,,,,,,true,false,6,2018-04-01,2018-09-30,-1
2019-10-21,62220,2020-03-31,,40000000000,-0.235,,,,,-3600000000,,-3500000000,,,-2400000000,,-67.58,,,,,,,,,,,,,,,,,,,,,,true,true,12,2019-04-01,2020-03-31,0
2019-10-21,62220,2019-03-31,,51352000000,,,,,,4638000000,,4991000000,,,3835000000,,105.62,,,,,,,,,,,,,,,,,,,,,,true,false,12,2018-04-01,2019-03-31,-1
2019-10-21,62220,2020-03-31,,12700000000,-0.298,,,,,,,-3600000000,,-2500000000,,,-70.40,,,,,,,,,,,,,,,,,,,,,,false,true,6,2019-04-01,2019-09-30,0
2019-10-21,62220,2019-03-31,,20878000000,,,,,,,,2971000000,,2302000000,,,63.07,,,,,,,,,,,,,,,,,,,,,,false,false,6,2018-04-01,2018-09-30,-1
2019-10-21,62220,2020-03-31,,32500000000,-0.248,,,,,,,-4800000000,,-3300000000,,,-92.93,,,,,,,,,,,,,,,,,,,,,,false,true,12,2019-04-01,2020-03-31,0
2019-10-21,62220,2019-03-31,,39352000000,,,,,,,,2233000000,,3272000000,,,90.12,,,,,,,,,,,,,,,,,,,,,,false,false,12,2018-04-01,2019-03-31,-1
2019-10-31,62220,2020-03-31,2,17118000000,-0.393,,,,,-2710000000,,-2899000000,,,-2061000000,,-58.06,,,,,,139127000000,116900000000,0.840,,116860000000,,,,,,,,,,,,true,false,6,2019-04-01,2019-09-30,0
2019-10-31,62220,2019-03-31,2,28197000000,-0.207,,,,,4343000000,-0.461,4628000000,-0.479,,3312000000,,90.73,90.71,,,,,,,,,,,,,,,,,,,,,true,false,6,2018-04-01,2018-09-30,-1
2019-10-31,62220,2020-03-31,2,40000000000,-0.221,,,,,-3600000000,,-3500000000,,,-2400000000,,-67.58,,,,,,,,,,,,,,,,,,,,,,true,true,12,2019-04-01,2020-03-31,0
2019-10-31,62220,2019-03-31,2,,,,,,,,,,,,,,,,,,,,145146000000,121166000000,0.835,,121132000000,,,,,,,,,,,,true,false,12,2018-04-01,2019-03-31,-1
2019-10-31,62220,2019-03-31,2,,,,,,,,,,,,,,,,,,,,,,,,,,,,,55.00,,,,36600000,1088459,,false,false,12,2018-04-01,2019-03-31,-1
2019-10-31,62220,2020-03-31,2,,,,,,,,,,,,,,,,,,,,,,,,,,,,,20.00,,,,,,,false,false,12,2019-04-01,2020-03-31,0
2019-10-31,62220,2020-03-31,2,,,,,,,,,,,,,,,,,,,,,,,,,,,,,45.00,,,,,,,false,true,12,2019-04-01,2020-03-31,0
2019-10-31,62220,2020-03-31,2,,,,,,,,,,,,,,,,,,,,,,,,,,,,,,,,,36600000,1088603,35511462,false,false,6,2019-04-01,2019-09-30,0
2019-10-31,62220,2019-03-31,2,,,,,,,,,,,,,,,,,,,,,,,,,,,,,,,,,,,36511897,false,false,6,2018-04-01,2018-09-30,-1
2020-01-31,62220,2020-03-31,3,25208000000,-0.379,,,,,-3856000000,,-3862000000,,,-2914000000,,-82.39,,,,,,136593000000,114062000000,0.835,,114021000000,,,,,,,,,,,,true,false,9,2019-04-01,2019-12-31,0
2020-01-31,62220,2019-03-31,3,40620000000,-0.217,,,,,5601000000,-0.502,5844000000,-0.529,,4162000000,,114.11,114.04,,,,,,,,,,,,,,,,,,,,,true,false,9,2018-04-01,2018-12-31,-1
2020-01-31,62220,2020-03-31,3,40000000000,-0.221,,,,,-3600000000,,-3500000000,,,-2400000000,,-67.58,,,,,,,,,,,,,,,,,,,,,,true,true,12,2019-04-01,2020-03-31,0
2020-01-31,62220,2019-03-31,3,,,,,,,,,,,,,,,,,,,,145146000000,121166000000,0.835,,121132000000,,,,,,,,,,,,true,false,12,2018-04-01,2019-03-31,-1
2020-01-31,62220,2019-03-31,3,,,,,,,,,,,,,,,,,,,,,,,,,,,,,55.00,,,,36600000,1088459,,false,false,12,2018-04-01,2019-03-31,-1
2020-01-31,62220,2020-03-31,3,,,,,,,,,,,,,,,,,,,,,,,,,,,,,20.00,,,,,,,false,false,12,2019-04-01,2020-03-31,0
2020-01-31,62220,2020-03-31,3,,,,,,,,,,,,,,,,,,,,,,,,,,,,,45.00,,,,,,,false,true,12,2019-04-01,2020-03-31,0
2020-01-31,62220,2020-03-31,3,,,,,,,,,,,,,,,,,,,,,,,,,,,,,,,,,36600000,1947733,35370652,false,false,9,2019-04-01,2019-12-31,0
2020-01-31,62220,2019-03-31,3,,,,,,,,,,,,,,,,,,,,,,,,,,,,,,,,,,,36480070,false,false,9,2018-04-01,2018-12-31,-1
2020-03-24,62220,2020-03-31,,33500000000,-0.163,,,,,-4800000000,,-4800000000,,,-7600000000,,-215.77,,,,,,,,,,,,,,,,,,,,,,true,true,12,2019-04-01,2020-03-31,0
2020-03-24,62220,2019-03-31,,51352000000,,,,,,4638000000,,4991000000,,,3835000000,,105.62,,,,,,,,,,,,,,,,,,,,,,true,false,12,2018-04-01,2019-03-31,-1
2020-03-24,62220,2020-03-31,,26000000000,-0.200,,,,,,,-5000000000,,-7000000000,,,-198.74,,,,,,,,,,,,,,,35.00,,,,,,,false,true,12,2019-04-01,2020-03-31,0
2020-03-24,62220,2019-03-31,,39352000000,,,,,,,,2233000000,,3272000000,,,90.12,,,,,,,,,,,,,,,55.00,,,,,,,false,false,12,2018-04-01,2019-03-31,-1
2020-03-24,62220,2020-03-31,,,,,,,,,,,,,,,,,,,,,,,,,,,,,,20.00,,,,,,,false,false,12,2019-04-01,2020-03-31,0
2020-05-13,62220,2020-03-31,,33206000000,-0.353,,,,,-5602000000,,-5583000000,,,-8427000000,,-239.68,,-0.074,-0.040,-0.169,,130695000000,107950000000,0.826,3126.86,107911000000,3776000000,-3085000000,-5555000000,21582000000,,,,,,,,true,false,12,2019-04-01,2020-03-31,0
2020-05-13,62220,2019-03-31,,51352000000,-0.285,,,,,4638000000,-0.689,4991000000,-0.678,,3835000000,,105.62,105.54,0.031,0.033,0.090,,145146000000,121166000000,0.835,3411.08,121132000000,9935000000,-872000000,-6540000000,26849000000,,0.521,,,,,,true,false,12,2018-04-01,2019-03-31,-1
2020-05-13,62220,2020-03-31,,26096000000,-0.337,,,,,-5807000000,,-5775000000,,-8053000000,,,-229.05,,,,,,113863000000,92614000000,0.813,2682.88,92588000000,,,,,35.00,,,,35800000,1288926,35162078,false,false,12,2019-04-01,2020-03-31,0
2020-05-13,62220,2019-03-31,,39352000000,-0.355,,,,,1706000000,-0.843,2233000000,-0.786,3272000000,,-0.563,90.12,90.05,,,,,126552000000,104745000000,0.828,2949.07,104726000000,,,,,55.00,,,,36600000,1088459,36311682,false,false,12,2018-04-01,2019-03-31,-1
2020-08-05,62220,2021-03-31,1,4954000000,-0.410,,,,,-1970000000,,-1414000000,,,-1463000000,,-42.39,,,,,,124599000000,105105000000,0.843,,105068000000,,,,,,,,,,,,true,false,3,2020-04-01,2020-06-30,0
2020-08-05,62220,2020-03-31,1,8393000000,-0.504,,,,,-872000000,,-944000000,,,-689000000,,-19.41,,,,,,,,,,,,,,,,,,,,,,true,false,3,2019-04-01,2019-06-30,-1
2020-08-05,62220,2021-03-31,1,9700000000,-0.433,,,,,-4100000000,,-3100000000,,,-3200000000,,-92.72,,,,,,,,,,,,,,,,,,,,,,true,true,6,2020-04-01,2020-09-30,0
2020-08-05,62220,2020-03-31,1,,,,,,,,,,,,,,,,,,,,130695000000,107950000000,0.826,,107911000000,,,,,,,,,,,,true,false,12,2019-04-01,2020-03-31,-1
2020-08-05,62220,2020-03-31,1,,,,,,,,,,,,,,,,,,,,,,,,,,,,,35.00,,,,35800000,1288926,,false,false,12,2019-04-01,2020-03-31,-1
2020-08-05,62220,2021-03-31,1,,,,,,,,,,,,,,,,,,,,,,,,,,,,,10.00,,,,,,,false,true,12,2020-04-01,2021-03-31,0
2020-08-05,62220,2021-03-31,1,,,,,,,,,,,,,,,,,,,,,,,,,,,,,,,,,35800000,1288003,34511089,false,false,3,2020-04-01,2020-06-30,0
2020-08-05,62220,2020-03-31,1,,,,,,,,,,,,,,,,,,,,,,,,,,,,,,,,,,,35511489,false,false,3,2019-04-01,2019-06-30,-1
2020-10-29,62220,2021-03-31,2,10126000000,-0.408,,,,,-4183000000,,-3135000000,,,-3208000000,,-92.98,,,,,,121234000000,102970000000,0.849,,102933000000,,,,,,,,,,,,true,false,6,2020-04-01,2020-09-30,0
2020-10-29,62220,2020-03-31,2,17118000000,-0.393,,,,,-2710000000,,-2899000000,,,-2061000000,,-58.06,,,,,,,,,,,,,,,,,,,,,,true,false,6,2019-04-01,2019-09-30,-1
2020-10-29,62220,2021-03-31,2,25000000000,-0.247,,,,,-8500000000,,-7000000000,,,-7200000000,,-208.63,,,,,,,,,,,,,,,,,,,,,,true,true,12,2020-04-01,2021-03-31,0
2020-10-29,62220,2020-03-31,2,,,,,,,,,,,,,,,,,,,,130695000000,107950000000,0.826,,107911000000,,,,,,,,,,,,true,false,12,2019-04-01,2020-03-31,-1
2020-10-29,62220,2020-03-31,2,,,,,,,,,,,,,,,,,,,,,,,,,,,,,35.00,,,,35800000,1288926,,false,false,12,2019-04-01,2020-03-31,-1
2020-10-29,62220,2021-03-31,2,,,,,,,,,,,,,,,,,,,,,,,,,,,,,10.00,,,,,,,false,false,12,2020-04-01,2021-03-31,0
2020-10-29,62220,2021-03-31,2,,,,,,,,,,,,,,,,,,,,,,,,,,,,,20.00,,,,,,,false,true,12,2020-04-01,2021-03-31,0
2020-10-29,62220,2021-03-31,2,,,,,,,,,,,,,,,,,,,,,,,,,,,,,,,,,35800000,1288101,34511528,false,false,6,2020-04-01,2020-09-30,0
2020-10-29,62220,2020-03-31,2,,,,,,,,,,,,,,,,,,,,,,,,,,,,,,,,,,,35511462,false,false,6,2019-04-01,2019-09-30,-1
2021-01-29,62220,2021-03-31,3,15914000000,-0.369,,,,,-6555000000,,-4912000000,,,-5070000000,,-146.91,,,,,,119125000000,100461000000,0.843,,100423000000,,,,,,,,,,,,true,false,9,2020-04-01,2020-12-31,0
2021-01-29,62220,2020-03-31,3,25208000000,-0.379,,,,,-3856000000,,-3862000000,,,-2914000000,,-82.39,,,,,,,,,,,,,,,,,,,,,,true,false,9,2019-04-01,2019-12-31,-1
2021-01-29,62220,2021-03-31,3,25000000000,-0.247,,,,,-8500000000,,-7000000000,,,-7200000000,,-208.63,,,,,,,,,,,,,,,,,,,,,,true,true,12,2020-04-01,2021-03-31,0
2021-01-29,62220,2020-03-31,3,,,,,,,,,,,,,,,,,,,,130695000000,107950000000,0.826,,107911000000,,,,,,,,,,,,true,false,12,2019-04-01,2020-03-31,-1
2021-01-29,62220,2020-03-31,3,,,,,,,,,,,,,,,,,,,,,,,,,,,,,35.00,,,,35800000,1288926,,false,false,12,2019-04-01,2020-03-31,-1
2021-01-29,62220,2021-03-31,3,,,,,,,,,,,,,,,,,,,,,,,,,,,,,10.00,,,,,,,false,false,12,2020-04-01,2021-03-31,0
2021-01-29,62220,2021-03-31,3,,,,,,,,,,,,,,,,,,,,,,,,,,,,,20.00,,,,,,,false,true,12,2020-04-01,2021-03-31,0
2021-01-29,62220,2021-03-31,3,,,,,,,,,,,,,,,,,,,,,,,,,,,,,,,,,35800000,1288221,34511636,false,false,9,2020-04-01,2020-12-31,0
2021-01-29,62220,2020-03-31,3,,,,,,,,,,,,,,,,,,,,,,,,,,,,,,,,,,,35370652,false,false,9,2019-04-01,2019-12-31,-1
2021-04-23,62220,2021-03-31,,24400000000,-0.024,,,,,-9100000000,,-7200000000,,,-17800000000,,-515.77,,,,,,,,,,,,,,,,,,,,,,true,true,12,2020-04-01,2021-03-31,0
2021-04-23,62220,2020-03-31,,33206000000,,,,,,-5602000000,,-5583000000,,,-8427000000,,-239.68,,,,,,,,,,,,,,,,,,,,,,true,false,12,2019-04-01,2020-03-31,-1
2021-04-23,62220,2021-03-31,,18300000000,-0.016,,,,,-7000000000,,-5200000000,,-14600000000,,,-423.05,,,,,,,,,,,,,,,,,,,,,,false,true,12,2020-04-01,2021-03-31,0
2021-04-23,62220,2020-03-31,,26096000000,,,,,,-5807000000,,-5775000000,,-8053000000,,,-229.05,,,,,,,,,,,,,,,,,,,,,,false,false,12,2019-04-01,2020-03-31,-1
2021-05-07,62220,2021-03-31,,24489000000,-0.263,,,,,-9143000000,,-7273000000,,,-17866000000,,-517.71,,-0.181,-0.060,-0.373,,110140000000,90036000000,0.817,2607.72,89996000000,5937000000,1299000000,-3776000000,25582000000,,,,,,,,true,false,12,2020-04-01,2021-03-31,0
2021-05-07,62220,2020-03-31,,33206000000,-0.353,,,,,-5602000000,,-5583000000,,,-8427000000,,-239.68,,-0.074,-0.040,-0.169,,130695000000,107950000000,0.826,3126.86,107911000000,3776000000,-3085000000,-5555000000,21582000000,,,,,,,,true,false,12,2019-04-01,2020-03-31,-1
2021-05-07,62220,2022-03-31,,13000000000,0.284,,,,,-3500000000,,-3100000000,,,-3100000000,,-89.83,,,,,,,,,,,,,,,,,,,,,,true,true,6,2021-04-01,2021-09-30,1
2021-05-07,62220,2022-03-31,,28000000000,0.143,,,,,-7000000000,,-6300000000,,,-6400000000,,-185.45,,,,,,,,,,,,,,,,,,,,,,true,true,12,2021-04-01,2022-03-31,1
2021-05-07,62220,2021-03-31,,18340000000,-0.297,,,,,-6997000000,,-5239000000,,-14648000000,,,-424.45,,,,,,96525000000,77397000000,0.802,2241.97,77373000000,,,,,20.00,,,,35800000,1288541,34511628,false,false,12,2020-04-01,2021-03-31,0
2021-05-07,62220,2020-03-31,,26096000000,-0.337,,,,,-5807000000,,-5775000000,,-8053000000,,,-229.05,,,,,,113863000000,92614000000,0.813,2682.88,92588000000,,,,,35.00,,,,35800000,1288926,35162078,false,false,12,2019-04-01,2020-03-31,-1
2021-05-07,62220,2022-03-31,,9900000000,0.436,,,,,,,-2700000000,,-2700000000,,,-78.23,,,,,,,,,,,,,,,,,,,,,,false,true,6,2021-04-01,2021-09-30,1
2021-05-07,62220,2022-03-31,,21400000000,0.167,,,,,,,-5300000000,,-5300000000,,,-153.57,,,,,,,,,,,,,,,10.00,,,,,,,false,true,12,2021-04-01,2022-03-31,1
2021-07-30,62220,2022-03-31,1,8081000000,0.631,,,,,-644000000,,-154000000,,,-271000000,,-7.85,,,,,,104955000000,89393000000,0.851,,89364000000,,,,,,,,,,,,true,false,3,2021-04-01,2021-06-30,0
2021-07-30,62220,2021-03-31,1,4954000000,-0.410,,,,,-1970000000,,-1414000000,,,-1463000000,,-42.39,,,,,,,,,,,,,,,,,,,,,,true,false,3,2020-04-01,2020-06-30,-1
2021-07-30,62220,2022-03-31,1,13000000000,0.284,,,,,-3500000000,,-3100000000,,,-3100000000,,-89.83,,,,,,,,,,,,,,,,,,,,,,true,true,6,2021-04-01,2021-09-30,0
2021-07-30,62220,2022-03-31,1,28000000000,0.143,,,,,-7000000000,,-6300000000,,,-6400000000,,-185.45,,,,,,,,,,,,,,,,,,,,,,true,true,12,2021-04-01,2022-03-31,0
2021-07-30,62220,2021-03-31,1,,,,,,,,,,,,,,,,,,,,110140000000,90036000000,0.817,,89996000000,,,,,,,,,,,,true,false,12,2020-04-01,2021-03-31,-1
2021-07-30,62220,2021-03-31,1,,,,,,,,,,,,,,,,,,,,,,,,,,,,,20.00,,,,35800000,1288541,,false,false,12,2020-04-01,2021-03-31,-1
2021-07-30,62220,2022-03-31,1,,,,,,,,,,,,,,,,,,,,,,,,,,,,,10.00,,,,,,,false,true,12,2021-04-01,2022-03-31,0
2021-07-30,62220,2022-03-31,1,,,,,,,,,,,,,,,,,,,,,,,,,,,,,,,,,35800000,1284951,34511434,false,false,3,2021-04-01,2021-06-30,0
2021-07-30,62220,2021-03-31,1,,,,,,,,,,,,,,,,,,,,,,,,,,,,,,,,,,,34511089,false,false,3,2020-04-01,2020-06-30,-1
2021-10-22,62220,2022-03-31,,15800000000,0.215,,,,,-1700000000,,-1000000000,,,-1200000000,,-34.77,,,,,,,,,,,,,,,,,,,,,,true,true,6,2021-04-01,2021-09-30,0
2021-10-22,62220,2021-03-31,,10126000000,,,,,,-4183000000,,-3135000000,,,-3208000000,,-92.98,,,,,,,,,,,,,,,,,,,,,,true,false,6,2020-04-01,2020-09-30,-1
2021-10-22,62220,2022-03-31,,12800000000,0.293,,,,,,,-900000000,,-900000000,,,-26.08,,,,,,,,,,,,,,,,,,,,,,false,true,6,2021-04-01,2021-09-30,0
2021-10-22,62220,2021-03-31,,6896000000,,,,,,,,-2929000000,,-2890000000,,,-83.76,,,,,,,,,,,,,,,,,,,,,,false,false,6,2020-04-01,2020-09-30,-1
2021-10-28,62220,2022-03-31,2,15814000000,0.562,,,,,-1558000000,,-844000000,,,-1068000000,,-30.96,,,,,,103511000000,88768000000,0.857,,88736000000,,,,,,,,,,,,true,false,6,2021-04-01,2021-09-30,0
2021-10-28,62220,2021-03-31,2,10126000000,-0.408,,,,,-4183000000,,-3135000000,,,-3208000000,,-92.98,,,,,,,,,,,,,,,,,,,,,,true,false,6,2020-04-01,2020-09-30,-1
2021-10-28,62220,2022-03-31,2,28000000000,0.143,,,,,-7000000000,,-6300000000,,,-6400000000,,-185.45,,,,,,,,,,,,,,,,,,,,,,true,true,12,2021-04-01,2022-03-31,0
2021-10-28,62220,2021-03-31,2,,,,,,,,,,,,,,,,,,,,110140000000,90036000000,0.817,,89996000000,,,,,,,,,,,,true,false,12,2020-04-01,2021-03-31,-1
2021-10-28,62220,2021-03-31,2,,,,,,,,,,,,,,,,,,,,,,,,,,,,,20.00,,,,35800000,1288541,,false,false,12,2020-04-01,2021-03-31,-1
2021-10-28,62220,2022-03-31,2,,,,,,,,,,,,,,,,,,,,,,,,,,,,,5.00,,,,,,,false,false,12,2021-04-01,2022-03-31,0
2021-10-28,62220,2022-03-31,2,,,,,,,,,,,,,,,,,,,,,,,,,,,,,10.00,,,,,,,false,true,12,2021-04-01,2022-03-31,0
2021-10-28,62220,2022-03-31,2,,,,,,,,,,,,,,,,,,,,,,,,,,,,,,,,,35800000,1285161,34513219,false,false,6,2021-04-01,2021-09-30,0
2021-10-28,62220,2021-03-31,2,,,,,,,,,,,,,,,,,,,,,,,,,,,,,,,,,,,34511528,false,false,6,2020-04-01,2020-09-30,-1
2022-01-28,62220,2022-03-31,3,22506000000,0.414,,,,,-3183000000,,-2317000000,,,-2636000000,,-76.38,,,,,,101840000000,87688000000,0.861,,87656000000,,,,,,,,,,,,true,false,9,2021-04-01,2021-12-31,0
2022-01-28,62220,2021-03-31,3,15914000000,-0.369,,,,,-6555000000,,-4912000000,,,-5070000000,,-146.91,,,,,,,,,,,,,,,,,,,,,,true,false,9,2020-04-01,2020-12-31,-1
2022-01-28,62220,2022-03-31,3,29500000000,0.205,,,,,-5600000000,,-4600000000,,,-5000000000,,-144.87,,,,,,,,,,,,,,,,,,,,,,true,true,12,2021-04-01,2022-03-31,0
2022-01-28,62220,2021-03-31,3,,,,,,,,,,,,,,,,,,,,110140000000,90036000000,0.817,,89996000000,,,,,,,,,,,,true,false,12,2020-04-01,2021-03-31,-1
2022-01-28,62220,2021-03-31,3,,,,,,,,,,,,,,,,,,,,,,,,,,,,,20.00,,,,35800000,1288541,,false,false,12,2020-04-01,2021-03-31,-1
2022-01-28,62220,2022-03-31,3,,,,,,,,,,,,,,,,,,,,,,,,,,,,,5.00,,,,,,,false,false,12,2021-04-01,2022-03-31,0
2022-01-28,62220,2022-03-31,3,,,,,,,,,,,,,,,,,,,,,,,,,,,,,10.00,,,,,,,false,true,12,2021-04-01,2022-03-31,0
2022-01-28,62220,2022-03-31,3,,,,,,,,,,,,,,,,,,,,,,,,,,,,,,,,,35800000,1285211,34513758,false,false,9,2021-04-01,2021-12-31,0
2022-01-28,62220,2021-03-31,3,,,,,,,,,,,,,,,,,,,,,,,,,,,,,,,,,,,34511636,false,false,9,2020-04-01,2020-12-31,-1
2022-01-28,62220,2022-03-31,,29500000000,0.054,,,,,-5600000000,,-4600000000,,-5000000000,,,-144.87,,,,,,,,,,,,,,,,,,,,,,true,true,12,2021-04-01,2022-03-31,0
2022-01-28,62220,2021-03-31,,24489000000,,,,,,-9143000000,,-7273000000,,-17866000000,,,-517.71,,,,,,,,,,,,,,,,,,,,,,true,false,12,2020-04-01,2021-03-31,-1
2022-01-28,62220,2022-03-31,,23000000000,0.075,,,,,,,-4200000000,,-4200000000,,,-121.69,,,,,,,,,,,,,,,,,,,,,,false,true,12,2021-04-01,2022-03-31,0
2022-01-28,62220,2021-03-31,,18340000000,,,,,,,,-5239000000,,-14648000000,,,-424.45,,,,,,,,,,,,,,,,,,,,,,false,false,12,2020-04-01,2021-03-31,-1
2022-05-10,62220,2022-03-31,,30998000000,0.266,,,,,-4296000000,,-3400000000,,,-3589000000,,-104.00,,-0.040,-0.032,-0.139,,101809000000,88795000000,0.872,2571.71,88761000000,6196000000,-1023000000,-7759000000,24271000000,,,,,,,,true,false,12,2021-04-01,2022-03-31,0
2022-05-10,62220,2021-03-31,,24489000000,-0.263,,,,,-9143000000,,-7273000000,,,-17866000000,,-517.71,,-0.181,-0.060,-0.373,,110140000000,90036000000,0.817,2607.72,89996000000,5937000000,1299000000,-3776000000,25582000000,,,,,,,,true,false,12,2020-04-01,2021-03-31,-1
2022-05-10,62220,2023-03-31,,21500000000,0.359,,,,,100000000,,300000000,,,100000000,,2.90,,,,,,,,,,,,,,,,,,,,,,true,true,6,2022-04-01,2022-09-30,1
2022-05-10,62220,2023-03-31,,47000000000,0.516,,,,,1000000000,,1600000000,,,1200000000,,34.77,,,,,,,,,,,,,,,,0.431,,,,,,true,true,12,2022-04-01,2023-03-31,1
2022-05-10,62220,2022-03-31,,24365000000,0.329,,,,,-4080000000,,-3429000000,,-3783000000,,,-109.63,,,,,,88425000000,72878000000,0.824,2111.04,72861000000,,,,,10.00,,,,35800000,1285281,34514009,false,false,12,2021-04-01,2022-03-31,0
2022-05-10,62220,2021-03-31,,18340000000,-0.297,,,,,-6997000000,,-5239000000,,-14648000000,,,-424.45,,,,,,96525000000,77397000000,0.802,2241.97,77373000000,,,,,20.00,,,,35800000,1288541,34511628,false,false,12,2020-04-01,2021-03-31,-1
2022-05-10,62220,2023-03-31,,17000000000,0.320,,,,,-500000000,,-200000000,,-300000000,,,-8.69,,,,,,,,,,,,,,,,,,,,,,false,true,6,2022-04-01,2022-09-30,1
2022-05-10,62220,2023-03-31,,39000000000,0.601,,,,,0,,700000000,,500000000,,,14.49,,,,,,,,,,,,,,,15.00,,,,,,,false,true,12,2022-04-01,2023-03-31,1
2022-07-29,62220,2023-03-31,1,9252000000,0.145,,,,,-762000000,,-516000000,,,-686000000,,-19.88,,,,,,105112000000,91363000000,0.869,,91328000000,,,,,,,,,,,,true,false,3,2022-04-01,2022-06-30,0
2022-07-29,62220,2022-03-31,1,8081000000,0.631,,,,,-644000000,,-154000000,,,-271000000,,-7.85,,,,,,,,,,,,,,,,,,,,,,true,false,3,2021-04-01,2021-06-30,-1
2022-07-29,62220,2023-03-31,1,21500000000,0.359,,,,,100000000,,300000000,,,100000000,,2.90,,,,,,,,,,,,,,,,,,,,,,true,true,6,2022-04-01,2022-09-30,0
2022-07-29,62220,2023-03-31,1,47000000000,0.516,,,,,1000000000,,1600000000,,,1200000000,,34.77,,,,,,,,,,,,,,,,,,,,,,true,true,12,2022-04-01,2023-03-31,0
2022-07-29,62220,2022-03-31,1,,,,,,,,,,,,,,,,,,,,101809000000,88795000000,0.872,,88761000000,,,,,,,,,,,,true,false,12,2021-04-01,2022-03-31,-1
2022-07-29,62220,2022-03-31,1,,,,,,,,,,,,,,,,,,,,,,,,,,,,,10.00,,,,35800000,1285281,,false,false,12,2021-04-01,2022-03-31,-1
2022-07-29,62220,2023-03-31,1,,,,,,,,,,,,,,,,,,,,,,,,,,,,,15.00,,,,,,,false,true,12,2022-04-01,2023-03-31,0
2022-07-29,62220,2023-03-31,1,,,,,,,,,,,,,,,,,,,,,,,,,,,,,,,,,35800000,1285441,34514670,false,false,3,2022-04-01,2022-06-30,0
2022-07-29,62220,2022-03-31,1,,,,,,,,,,,,,,,,,,,,,,,,,,,,,,,,,,,34511434,false,false,3,2021-04-01,2021-06-30,-1
2022-10-25,62220,2023-03-31,,17900000000,-0.167,,,,,-440000000,,-210000000,,-510000000,,,-14.78,,,,,,,,,,,,,,,,,,,,,,true,true,6,2022-04-01,2022-09-30,0
2022-10-25,62220,2022-03-31,,15814000000,,,,,,-1558000000,,-844000000,,-1068000000,,,-30.96,,,,,,,,,,,,,,,,,,,,,,true,false,6,2021-04-01,2021-09-30,-1
2022-10-25,62220,2023-03-31,,44500000000,-0.053,,,,,1000000000,,1600000000,,800000000,,-0.333,23.18,,,,,,,,,,,,,,,,,,,,,,true,true,12,2022-04-01,2023-03-31,0
2022-10-25,62220,2022-03-31,,30998000000,,,,,,-4296000000,,-3400000000,,-3589000000,,,-104.00,,,,,,,,,,,,,,,,,,,,,,true,false,12,2021-04-01,2022-03-31,-1
2022-10-25,62220,2023-03-31,,14200000000,-0.165,,,,,-1250000000,,-820000000,,-850000000,,,-24.63,,,,,,,,,,,,,,,,,,,,,,false,true,6,2022-04-01,2022-09-30,0
2022-10-25,62220,2022-03-31,,12876000000,,,,,,-1570000000,,-925000000,,-939000000,,,-27.22,,,,,,,,,,,,,,,,,,,,,,false,false,6,2021-04-01,2021-09-30,-1
2022-10-25,62220,2023-03-31,,36200000000,-0.072,,,,,-1200000000,,-700000000,,-900000000,,,-26.08,,,,,,,,,,,,,,,,,,,,,,false,true,12,2022-04-01,2023-03-31,0
2022-10-25,62220,2022-03-31,,24365000000,,,,,,-4080000000,,-3429000000,,-3783000000,,,-109.63,,,,,,,,,,,,,,,,,,,,,,false,false,12,2021-04-01,2022-03-31,-1
2022-10-31,62220,2023-03-31,2,17918000000,0.133,,,,,-435000000,,-207000000,,,-511000000,,-14.83,,,,,,107074000000,93115000000,0.869,,93077000000,,,,,,,,,,,,true,false,6,2022-04-01,2022-09-30,0
2022-10-31,62220,2022-03-31,2,15814000000,0.562,,,,,-1355000000,,-844000000,,,-1068000000,,-30.96,,,,,,,,,,,,,,,,,,,,,,true,false,6,2021-04-01,2021-09-30,-1
2022-10-31,62220,2023-03-31,2,44500000000,0.436,,,,,1000000000,,1600000000,,,800000000,,23.18,,,,,,,,,,,,,,,,,,,,,,true,true,12,2022-04-01,2023-03-31,0
2022-10-31,62220,2022-03-31,2,,,,,,,,,,,,,,,,,,,,101809000000,88795000000,0.872,,88761000000,,,,,,,,,,,,true,false,12,2021-04-01,2022-03-31,-1
2022-10-31,62220,2022-03-31,2,,,,,,,,,,,,,,,,,,,,,,,,,,,,,10.00,,,,35800000,1285281,,false,false,12,2021-04-01,2022-03-31,-1
2022-10-31,62220,2023-03-31,2,,,,,,,,,,,,,,,,,,,,,,,,,,,,,5.00,,,,,,,false,false,12,2022-04-01,2023-03-31,0
2022-10-31,62220,2023-03-31,2,,,,,,,,,,,,,,,,,,,,,,,,,,,,,15.00,,,,,,,false,true,12,2022-04-01,2023-03-31,0
2022-10-31,62220,2023-03-31,2,,,,,,,,,,,,,,,,,,,,,,,,,,,,,,,,,35800000,1285551,34514604,false,false,6,2022-04-01,2022-09-30,0
2022-10-31,62220,2022-03-31,2,,,,,,,,,,,,,,,,,,,,,,,,,,,,,,,,,,,34513219,false,false,6,2021-04-01,2021-09-30,-1
2023-01-31,62220,2023-03-31,3,26847000000,0.193,,,,,-644000000,,-405000000,,,-1058000000,,-30.66,,,,,,104451000000,90414000000,0.865,,90375000000,,,,,,,,,,,,true,false,9,2022-04-01,2022-12-31,0
2023-01-31,62220,2022-03-31,3,22506000000,0.414,,,,,-2994000000,,-2317000000,,,-2636000000,,-76.38,,,,,,,,,,,,,,,,,,,,,,true,false,9,2021-04-01,2021-12-31,-1
2023-01-31,62220,2023-03-31,3,37500000000,0.210,,,,,-800000000,,-450000000,,,-1200000000,,-34.77,,,,,,,,,,,,,,,,,,,,,,true,true,12,2022-04-01,2023-03-31,0
2023-01-31,62220,2022-03-31,3,,,,,,,,,,,,,,,,,,,,101809000000,88795000000,0.872,,88761000000,,,,,,,,,,,,true,false,12,2021-04-01,2022-03-31,-1
2023-01-31,62220,2022-03-31,3,,,,,,,,,,,,,,,,,,,,,,,,,,,,,10.00,,,,35800000,1285281,,false,false,12,2021-04-01,2022-03-31,-1
2023-01-31,62220,2023-03-31,3,,,,,,,,,,,,,,,,,,,,,,,,,,,,,5.00,,,,,,,false,false,12,2022-04-01,2023-03-31,0
2023-01-31,62220,2023-03-31,3,,,,,,,,,,,,,,,,,,,,,,,,,,,,,15.00,,,,,,,false,true,12,2022-04-01,2023-03-31,0
2023-01-31,62220,2023-03-31,3,,,,,,,,,,,,,,,,,,,,,,,,,,,,,,,,,35800000,1285581,34514545,false,false,9,2022-04-01,2022-12-31,0
2023-01-31,62220,2022-03-31,3,,,,,,,,,,,,,,,,,,,,,,,,,,,,,,,,,,,34513758,false,false,9,2021-04-01,2021-12-31,-1
2023-01-31,62220,2023-03-31,,37500000000,-0.157,,,,,-800000000,,-450000000,,,-1200000000,,-34.77,,,,,,,,,,,,,,,,,,,,,,true,true,12,2022-04-01,2023-03-31,0
2023-01-31,62220,2022-03-31,,30998000000,,,,,,-4296000000,,-3400000000,,,-3589000000,,-104.00,,,,,,,,,,,,,,,,,,,,,,true,false,12,2021-04-01,2022-03-31,-1
2023-01-31,62220,2023-03-31,,30000000000,-0.171,,,,,-2200000000,,-1700000000,,-2000000000,,,-57.95,,,,,,,,,,,,,,,,,,,,,,false,true,12,2022-04-01,2023-03-31,0
2023-01-31,62220,2022-03-31,,24365000000,,,,,,-4080000000,,-3429000000,,-3783000000,,,-109.63,,,,,,,,,,,,,,,,,,,,,,false,false,12,2021-04-01,2022-03-31,-1
2023-03-24,62220,2023-03-31,,37600000000,0.003,,,,,-1800000000,,-1300000000,,,-5100000000,,-147.76,,,,,,,,,,,,,,,,,,,,,,true,true,12,2022-04-01,2023-03-31,0
2023-03-24,62220,2022-03-31,,30998000000,,,,,,-4296000000,,-3400000000,,,-3589000000,,-104.00,,,,,,,,,,,,,,,,,,,,,,true,false,12,2021-04-01,2022-03-31,-1
2023-03-24,62220,2023-03-31,,30300000000,0.010,,,,,-2600000000,,-2300000000,,-4100000000,,,-118.79,,,,,,,,,,,,,,,10.00,,,,,,,false,true,12,2022-04-01,2023-03-31,0
2023-03-24,62220,2022-03-31,,24365000000,,,,,,-4080000000,,-3429000000,,-3783000000,,,-109.63,,,,,,,,,,,,,,,10.00,,,,,,,false,false,12,2021-04-01,2022-03-31,-1
2023-03-24,62220,2023-03-31,,,,,,,,,,,,,,,,,,,,,,,,,,,,,,5.00,,,,,,,false,false,12,2022-04-01,2023-03-31,0
2023-05-10,62220,2023-03-31,,37886000000,0.222,,,,,-2184000000,,-1700000000,,,-5644000000,,-163.54,,-0.065,-0.017,-0.058,,101040000000,86107000000,0.852,2493.70,86068000000,-7178000000,-2133000000,-309000000,15517000000,,,,,,,,true,false,12,2022-04-01,2023-03-31,0
2023-05-10,62220,2022-03-31,,30998000000,0.266,,,,,-4268000000,,-3400000000,,,-3589000000,,-104.00,,-0.040,-0.032,-0.138,,101809000000,88795000000,0.872,2571.71,88761000000,6196000000,-1023000000,-7759000000,24271000000,,,,,,,,true,false,12,2021-04-01,2022-03-31,-1
2023-05-10,62220,2024-03-31,,21000000000,0.172,,,,,300000000,,600000000,,,300000000,,8.69,,,,,,,,,,,,,,,,,,,,,,true,true,6,2023-04-01,2023-09-30,1
2023-05-10,62220,2024-03-31,,43000000000,0.135,,,,,1000000000,,1700000000,,,1200000000,,34.77,,,,,,,,,,,,,,,,,,,,,,true,true,12,2023-04-01,2024-03-31,1
2023-05-10,62220,2023-03-31,,30535000000,0.253,,,,,-2926000000,,-2656000000,,-4388000000,,,-127.15,,,,,,86389000000,68648000000,0.794,1988.40,68628000000,,,,,10.00,,,,35800000,1285731,34514499,false,false,12,2022-04-01,2023-03-31,0
2023-05-10,62220,2022-03-31,,24365000000,0.329,,,,,-3917000000,,-3429000000,,-3783000000,,,-109.63,,,,,,88425000000,72878000000,0.824,2111.04,72861000000,,,,,10.00,,,,35800000,1285281,34514009,false,false,12,2021-04-01,2022-03-31,-1
2023-05-10,62220,2024-03-31,,17000000000,0.192,,,,,-300000000,,-100000000,,-120000000,,,-3.48,,,,,,,,,,,,,,,,,,,,,,false,true,6,2023-04-01,2023-09-30,1
2023-05-10,62220,2024-03-31,,36000000000,0.179,,,,,0,,500000000,,450000000,,,13.04,,,,,,,,,,,,,,,5.00,,,,,,,false,true,12,2023-04-01,2024-03-31,1
2023-07-28,62220,2024-03-31,1,11695000000,0.264,,,,,695000000,,918000000,,,740000000,,21.47,21.46,,,,,104452000000,89379000000,0.855,,89346000000,,,,,,,,,,,,true,false,3,2023-04-01,2023-06-30,0
2023-07-28,62220,2023-03-31,1,9252000000,0.145,,,,,-712000000,,-516000000,,,-686000000,,-19.88,,,,,,,,,,,,,,,,,,,,,,true,false,3,2022-04-01,2022-06-30,-1
2023-07-28,62220,2024-03-31,1,21000000000,0.172,,,,,300000000,,600000000,,,300000000,,8.69,,,,,,,,,,,,,,,,,,,,,,true,true,6,2023-04-01,2023-09-30,0
2023-07-28,62220,2024-03-31,1,43000000000,0.135,,,,,1000000000,,1700000000,,,1200000000,,34.77,,,,,,,,,,,,,,,,,,,,,,true,true,12,2023-04-01,2024-03-31,0
2023-07-28,62220,2023-03-31,1,,,,,,,,,,,,,,,,,,,,101040000000,86107000000,0.852,,86068000000,,,,,,,,,,,,true,false,12,2022-04-01,2023-03-31,-1
2023-07-28,62220,2023-03-31,1,,,,,,,,,,,,,,,,,,,,,,,,,,,,,10.00,,,,35800000,1285731,,false,false,12,2022-04-01,2023-03-31,-1
2023-07-28,62220,2024-03-31,1,,,,,,,,,,,,,,,,,,,,,,,,,,,,,5.00,,,,,,,false,true,12,2023-04-01,2024-03-31,0
2023-07-28,62220,2024-03-31,1,,,,,,,,,,,,,,,,,,,,,,,,,,,,,,,,,35800000,1283261,34514215,false,false,3,2023-04-01,2023-06-30,0
2023-07-28,62220,2023-03-31,1,,,,,,,,,,,,,,,,,,,,,,,,,,,,,,,,,,,34514670,false,false,3,2022-04-01,2022-06-30,-1
2023-10-31,62220,2024-03-31,2,19169000000,0.070,,,,,367000000,,564000000,,,368000000,,10.68,10.68,,,,,104331000000,90312000000,0.865,,90275000000,,,,,,,,,,,,true,false,6,2023-04-01,2023-09-30,0
2023-10-31,62220,2023-03-31,2,17918000000,0.133,,,,,-435000000,,-207000000,,,-511000000,,-14.83,,,,,,,,,,,,,,,,,,,,,,true,false,6,2022-04-01,2022-09-30,-1
2023-10-31,62220,2024-03-31,2,43000000000,0.135,,,,,1000000000,,1700000000,,,1200000000,,34.77,,,,,,,,,,,,,,,,,,,,,,true,true,12,2023-04-01,2024-03-31,0
2023-10-31,62220,2023-03-31,2,,,,,,,,,,,,,,,,,,,,101040000000,86107000000,0.852,,86068000000,,,,,,,,,,,,true,false,12,2022-04-01,2023-03-31,-1
2023-10-31,62220,2023-03-31,2,,,,,,,,,,,,,,,,,,,,,,,,,,,,,10.00,,,,35800000,1285731,,false,false,12,2022-04-01,2023-03-31,-1
2023-10-31,62220,2024-03-31,2,,,,,,,,,,,,,,,,,,,,,,,,,,,,,5.00,,,,,,,false,false,12,2023-04-01,2024-03-31,0
2023-10-31,62220,2024-03-31,2,,,,,,,,,,,,,,,,,,,,,,,,,,,,,,,,,35800000,1283381,34515483,false,false,6,2023-04-01,2023-09-30,0
2023-10-31,62220,2023-03-31,2,,,,,,,,,,,,,,,,,,,,,,,,,,,,,,,,,,,34514604,false,false,6,2022-04-01,2022-09-30,-1
2024-01-31,62220,2024-03-31,3,26282000000,-0.021,,,,,758000000,,1198000000,,,985000000,,28.55,28.54,,,,,103755000000,89147000000,0.859,,89110000000,,,,,,,,,,,,true,false,9,2023-04-01,2023-12-31,0
2024-01-31,62220,2023-03-31,3,26847000000,0.193,,,,,-644000000,,-405000000,,,-1058000000,,-30.66,,,,,,,,,,,,,,,,,,,,,,true,false,9,2022-04-01,2022-12-31,-1
2024-01-31,62220,2024-03-31,3,34700000000,-0.084,,,,,250000000,,750000000,,,750000000,,21.73,,,,,,,,,,,,,,,,,,,,,,true,true,12,2023-04-01,2024-03-31,0
2024-01-31,62220,2023-03-31,3,,,,,,,,,,,,,,,,,,,,101040000000,86107000000,0.852,,86068000000,,,,,,,,,,,,true,false,12,2022-04-01,2023-03-31,-1
2024-01-31,62220,2023-03-31,3,,,,,,,,,,,,,,,,,,,,,,,,,,,,,10.00,,,,35800000,1285731,,false,false,12,2022-04-01,2023-03-31,-1
2024-01-31,62220,2024-03-31,3,,,,,,,,,,,,,,,,,,,,,,,,,,,,,5.00,,,,,,,false,false,12,2023-04-01,2024-03-31,0
2024-01-31,62220,2024-03-31,3,,,,,,,,,,,,,,,,,,,,,,,,,,,,,10.00,,,,,,,false,true,12,2023-04-01,2024-03-31,0
2024-01-31,62220,2024-03-31,3,,,,,,,,,,,,,,,,,,,,,,,,,,,,,,,,,35800000,1283541,34515848,false,false,9,2023-04-01,2023-12-31,0
2024-01-31,62220,2023-03-31,3,,,,,,,,,,,,,,,,,,,,,,,,,,,,,,,,,,,34514545,false,false,9,2022-04-01,2022-12-31,-1
2024-01-31,62220,2024-03-31,,34700000000,-0.193,,,,,250000000,-0.750,750000000,-0.559,,750000000,,21.73,,,,,,,,,,,,,,,,,,,,,,true,true,12,2023-04-01,2024-03-31,0
2024-01-31,62220,2023-03-31,,37886000000,,,,,,-2184000000,,-1700000000,,,-5644000000,,-163.54,,,,,,,,,,,,,,,,,,,,,,true,false,12,2022-04-01,2023-03-31,-1
2024-01-31,62220,2024-03-31,,28600000000,-0.206,,,,,-1350000000,,-1000000000,,-770000000,,,-22.31,,,,,,,,,,,,,,,10.00,,,,,,,false,true,12,2023-04-01,2024-03-31,0
2024-01-31,62220,2023-03-31,,30535000000,,,,,,-2926000000,,-2656000000,,-4388000000,,,-127.15,,,,,,,,,,,,,,,10.00,,,,,,,false,false,12,2022-04-01,2023-03-31,-1
2024-01-31,62220,2024-03-31,,,,,,,,,,,,,,,,,,,,,,,,,,,,,,5.00,,,,,,,false,false,12,2023-04-01,2024-03-31,0
2024-04-26,62220,2024-03-31,,35900000000,0.035,,,,,430000000,0.720,1010000000,0.347,,1030000000,,29.84,,,,,,,,,,,,,,,,,,,,,,true,true,12,2023-04-01,2024-03-31,0
2024-04-26,62220,2023-03-31,,37886000000,,,,,,-2184000000,,-1700000000,,,-5644000000,,-163.54,,,,,,,,,,,,,,,,,,,,,,true,false,12,2022-04-01,2023-03-31,-1
2024-04-26,62220,2024-03-31,,29800000000,0.042,,,,,-1090000000,,-780000000,,-530000000,,,-15.36,,,,,,,,,,,,,,,,,,,,,,false,true,12,2023-04-01,2024-03-31,0
2024-04-26,62220,2023-03-31,,30535000000,,,,,,-2926000000,,-2656000000,,-4388000000,,,-127.15,,,,,,,,,,,,,,,,,,,,,,false,false,12,2022-04-01,2023-03-31,-1
2024-05-10,62220,2024-03-31,,35910000000,-0.052,,,,,430000000,,1018000000,,,1030000000,,29.85,29.84,0.012,0.010,0.012,,107804000000,91926000000,0.852,2662.21,91889000000,-4120000000,-167000000,348000000,12809000000,,0.335,,,,,,true,false,12,2023-04-01,2024-03-31,0
2024-05-10,62220,2023-03-31,,37886000000,0.222,,,,,-2184000000,,-1700000000,,,-5644000000,,-163.54,,-0.065,-0.017,-0.058,,101040000000,86107000000,0.852,2493.70,86068000000,-7178000000,-2133000000,-309000000,15517000000,,,,,,,,true,false,12,2022-04-01,2023-03-31,-1
2024-05-10,62220,2025-03-31,,21000000000,0.095,,,,,500000000,0.362,800000000,0.418,,500000000,,14.49,,,,,,,,,,,,,,,,,,,,,,true,true,6,2024-04-01,2024-09-30,1
2024-05-10,62220,2025-03-31,,44000000000,0.225,,,,,1500000000,2.486,2200000000,1.161,,1700000000,,49.25,,,,,,,,,,,,,,,,0.406,,,,,,true,true,12,2024-04-01,2025-03-31,1
2024-05-10,62220,2024-03-31,,29818000000,-0.023,,,,,-1092000000,,-786000000,,-535000000,,,-15.50,,,,,,92372000000,68524000000,0.742,1984.83,68508000000,,,,,10.00,,,,35800000,1283801,34515970,false,false,12,2023-04-01,2024-03-31,0
2024-05-10,62220,2023-03-31,,30535000000,0.253,,,,,-2926000000,,-2656000000,,-4388000000,,,-127.15,,,,,,86389000000,68648000000,0.794,1988.40,68628000000,,,,,10.00,,,,35800000,1285731,34514499,false,false,12,2022-04-01,2023-03-31,-1
2024-05-10,62220,2025-03-31,,,,,,,,,,,,,,,,,,,,,,,,,,,,,,20.00,,,,,,,false,true,12,2024-04-01,2025-03-31,1
2024-07-31,62220,2025-03-31,1,8061000000,-0.311,,,,,-493000000,,-343000000,,,-380000000,,-11.03,,,,,,111856000000,94566000000,0.845,,94533000000,,,,,,,,,,,,true,false,3,2024-04-01,2024-06-30,0
2024-07-31,62220,2024-03-31,1,11695000000,0.264,,,,,695000000,,918000000,,,740000000,,21.47,21.46,,,,,,,,,,,,,,,,,,,,,true,false,3,2023-04-01,2023-06-30,-1
2024-07-31,62220,2025-03-31,1,21000000000,0.095,,,,,500000000,0.362,800000000,0.418,,500000000,,14.49,,,,,,,,,,,,,,,,,,,,,,true,true,6,2024-04-01,2024-09-30,0
2024-07-31,62220,2025-03-31,1,44000000000,0.225,,,,,1500000000,2.486,2200000000,1.161,,1700000000,,49.25,,,,,,,,,,,,,,,,,,,,,,true,true,12,2024-04-01,2025-03-31,0
2024-07-31,62220,2024-03-31,1,,,,,,,,,,,,,,,,,,,,107804000000,91926000000,0.852,,91889000000,,,,,,,,,,,,true,false,12,2023-04-01,2024-03-31,-1
2024-07-31,62220,2024-03-31,1,,,,,,,,,,,,,,,,,,,,,,,,,,,,,10.00,,,,35800000,1283801,,false,false,12,2023-04-01,2024-03-31,-1
2024-07-31,62220,2025-03-31,1,,,,,,,,,,,,,,,,,,,,,,,,,,,,,20.00,,,,,,,false,true,12,2024-04-01,2025-03-31,0
2024-07-31,62220,2025-03-31,1,,,,,,,,,,,,,,,,,,,,,,,,,,,,,,,,,35800000,1281301,34516172,false,false,3,2024-04-01,2024-06-30,0
2024-07-31,62220,2024-03-31,1,,,,,,,,,,,,,,,,,,,,,,,,,,,,,,,,,,,34514215,false,false,3,2023-04-01,2023-06-30,-1
2024-09-20,62220,2025-03-31,,14900000000,-0.290,,,,,-2100000000,,-2200000000,,,-2250000000,,-65.18,,,,,,,,,,,,,,,,,,,,,,true,true,6,2024-04-01,2024-09-30,0
2024-09-20,62220,2024-03-31,,19169000000,,,,,,367000000,,564000000,,,368000000,,10.68,,,,,,,,,,,,,,,,,,,,,,true,false,6,2023-04-01,2023-09-30,-1
2024-09-20,62220,2025-03-31,,,,,,,,,,,,,,,,,,,,,,,,,,,,,,15.00,,,,,,,false,true,12,2024-04-01,2025-03-31,0
2024-09-20,62220,2024-03-31,,,,,,,,,,,,,,,,,,,,,,,,,,,,,,10.00,,,,,,,false,false,12,2023-04-01,2024-03-31,-1
2024-10-31,62220,2025-03-31,2,14771000000,-0.229,,,,,-1938000000,,-2035000000,,,-2124000000,,-61.56,,,,,,104781000000,87761000000,0.837,,87724000000,,,,,,,,,,,,true,false,6,2024-04-01,2024-09-30,0
2024-10-31,62220,2024-03-31,2,19169000000,0.070,,,,,367000000,,564000000,,,368000000,,10.68,10.68,,,,,,,,,,,,,,,,,,,,,true,false,6,2023-04-01,2023-09-30,-1
2024-10-31,62220,2025-03-31,2,44000000000,0.225,,,,,1500000000,2.486,2200000000,1.161,,1700000000,,49.25,,,,,,,,,,,,,,,,,,,,,,true,true,12,2024-04-01,2025-03-31,0
2024-10-31,62220,2024-03-31,2,,,,,,,,,,,,,,,,,,,,107804000000,91926000000,0.852,,91889000000,,,,,,,,,,,,true,false,12,2023-04-01,2024-03-31,-1
2024-10-31,62220,2024-03-31,2,,,,,,,,,,,,,,,,,,,,,,,,,,,,,10.00,,,,35800000,1283801,,false,false,12,2023-04-01,2024-03-31,-1
2024-10-31,62220,2025-03-31,2,,,,,,,,,,,,,,,,,,,,,,,,,,,,,5.00,,,,,,,false,false,12,2024-04-01,2025-03-31,0
2024-10-31,62220,2025-03-31,2,,,,,,,,,,,,,,,,,,,,,,,,,,,,,15.00,,,,,,,false,true,12,2024-04-01,2025-03-31,0
2024-10-31,62220,2025-03-31,2,,,,,,,,,,,,,,,,,,,,,,,,,,,,,,,,,35800000,1281614,34517368,false,false,6,2024-04-01,2024-09-30,0
2024-10-31,62220,2024-03-31,2,,,,,,,,,,,,,,,,,,,,,,,,,,,,,,,,,,,34515483,false,false,6,2023-04-01,2023-09-30,-1
2025-01-31,62220,2025-03-31,3,21863000000,-0.168,,,,,-9793000000,,-9520000000,,,-11281000000,,-326.82,,,,,,103385000000,82591000000,0.798,,82551000000,,,,,,,,,,,,true,false,9,2024-04-01,2024-12-31,0
2025-01-31,62220,2024-03-31,3,26282000000,-0.021,,,,,758000000,,1198000000,,,985000000,,28.55,28.54,,,,,,,,,,,,,,,,,,,,,true,false,9,2023-04-01,2023-12-31,-1
2025-01-31,62220,2025-03-31,3,32000000000,-0.109,,,,,-11400000000,,-11200000000,,,-13300000000,,-385.30,,,,,,,,,,,,,,,,,,,,,,true,true,12,2024-04-01,2025-03-31,0
2025-01-31,62220,2024-03-31,3,,,,,,,,,,,,,,,,,,,,107804000000,91926000000,0.852,,91889000000,,,,,,,,,,,,true,false,12,2023-04-01,2024-03-31,-1
2025-01-31,62220,2024-03-31,3,,,,,,,,,,,,,,,,,,,,,,,,,,,,,10.00,,,,35800000,1283801,,false,false,12,2023-04-01,2024-03-31,-1
2025-01-31,62220,2025-03-31,3,,,,,,,,,,,,,,,,,,,,,,,,,,,,,5.00,,,,,,,false,false,12,2024-04-01,2025-03-31,0
2025-01-31,62220,2025-03-31,3,,,,,,,,,,,,,,,,,,,,,,,,,,,,,10.00,,,,,,,false,true,12,2024-04-01,2025-03-31,0
2025-01-31,62220,2025-03-31,3,,,,,,,,,,,,,,,,,,,,,,,,,,,,,,,,,35800000,1281684,34517708,false,false,9,2024-04-01,2024-12-31,0
2025-01-31,62220,2024-03-31,3,,,,,,,,,,,,,,,,,,,,,,,,,,,,,,,,,,,34515848,false,false,9,2023-04-01,2023-12-31,-1
2025-01-31,62220,2025-03-31,,32000000000,-0.273,,,,,-11400000000,,-11200000000,,,-13300000000,,-385.30,,,,,,,,,,,,,,,,,,,,,,true,true,12,2024-04-01,2025-03-31,0
2025-01-31,62220,2024-03-31,,35910000000,,,,,,430000000,,1018000000,,,1030000000,,29.85,,,,,,,,,,,,,,,,,,,,,,true,false,12,2023-04-01,2024-03-31,-1
2025-01-31,62220,2025-03-31,,,,,,,,,,,,,,,,,,,,,,,,,,,,,,10.00,,,,,,,false,true,12,2024-04-01,2025-03-31,0
2025-01-31,62220,2025-03-31,,,,,,,,,,,,,,,,,,,,,,,,,,,,,,5.00,,,,,,,false,false,12,2024-04-01,2025-03-31,0
2025-01-31,62220,2024-03-31,,,,,,,,,,,,,,,,,,,,,,,,,,,,,,10.00,,,,,,,false,false,12,2023-04-01,2024-03-31,-1
2025-05-09,62220,2025-03-31,,32520000000,-0.094,,,,,-11914000000,,-11481000000,,,-14275000000,,-413.58,,-0.168,-0.111,-0.366,,99405000000,77740000000,0.782,2251.04,77701000000,-4461000000,-3222000000,5376000000,10363000000,,-0.024,,,,,,true,false,12,2024-04-01,2025-03-31,0
2025-05-09,62220,2024-03-31,,35910000000,-0.052,,,,,430000000,,1018000000,,,1030000000,,29.85,29.84,0.012,0.010,0.012,,107804000000,91926000000,0.852,2662.21,91889000000,-4120000000,-167000000,348000000,12809000000,,0.335,,,,,,true,false,12,2023-04-01,2024-03-31,-1
2025-05-09,62220,2026-03-31,,44500000000,0.368,,,,,1500000000,,2300000000,,,2000000000,,57.94,,,,,,,,,,,,,,,,0.345,,,,,,true,true,12,2025-04-01,2026-03-31,1
2025-05-09,62220,2025-03-31,,25873000000,-0.132,,,,,-7113000000,,-7595000000,,-9729000000,,,-281.88,,,,,,88135000000,59212000000,0.672,1715.01,59199000000,,,,,10.00,,,,35800000,1281734,34517858,false,false,12,2024-04-01,2025-03-31,0
2025-05-09,62220,2024-03-31,,29818000000,-0.023,,,,,-1092000000,,-786000000,,-535000000,,,-15.50,,,,,,92372000000,68524000000,0.742,1984.83,68508000000,,,,,10.00,,,,35800000,1283801,34515970,false,false,12,2023-04-01,2024-03-31,-1
2025-05-09,62220,2026-03-31,,,,,,,,,,,,,,,,,,,,,,,,,,,,,,20.00,,,,,,,false,true,12,2025-04-01,2026-03-31,1
