filing_date,code,fiscal_year_end,quarterly_period,net_sales,net_sales_change,revenue,revenue_change,operating_revenue,operating_revenue_change,operating_profit,operating_profit_change,ordinary_profit,ordinary_profit_change,net_income,net_income_of_parent,net_income_change,eps,diluted_eps,roe,roa,operating_profit_to_net_sales,operating_profit_to_revenue,total_assets,net_assets,equity_ratio,bps,owner_equity,operating_cash_flow,investing_cash_flow,financing_cash_flow,cash,dividend_per_share,payout_ratio,commemorative_dividend,extra_dividend,number_of_shares,number_of_treqsury_shares,avg_number_of_shares,is_consolidated,is_forecast,duration,period_start,period_end,period_pos
2015-05-08,62570,2015-03-31,,56151000000,0.342,,,,,7936000000,0.877,7949000000,0.868,4812000000,,0.760,197.29,,0.098,0.134,0.141,,64694000000,51098000000,0.790,2094.59,51098000000,11155000000,-2722000000,-1219000000,33638000000,50.00,0.253,,,24395500,,24395500,false,false,12,2014-04-01,2015-03-31,0
2015-05-08,62570,2014-03-31,,41830000000,-0.110,,,,,4229000000,-0.325,4256000000,-0.326,2735000000,,-0.124,110.17,,0.059,0.078,0.101,,54214000000,47004000000,0.867,1926.78,47004000000,3657000000,-2775000000,-1888000000,26425000000,25.00,0.454,,,25495500,1100000,24827561,false,false,12,2013-04-01,2014-03-31,-1
2015-05-08,62570,2016-03-31,,24300000000,-0.237,,,,,2100000000,-0.561,2100000000,-0.566,1300000000,,-0.578,53.29,,,,,,,,,,,,,,,,,,,,,,false,true,6,2015-04-01,2015-09-30,1
2015-05-08,62570,2016-03-31,,48600000000,-0.134,,,,,6500000000,-0.181,6500000000,-0.182,4000000000,,-0.169,163.96,,,,,,,,,,,,,,,50.00,0.305,,,,,,false,true,12,2015-04-01,2016-03-31,1
2015-07-30,62570,2016-03-31,1,10899000000,1.714,,,,,1242000000,,1313000000,,855000000,,,35.06,,,,,,62711000000,51390000000,0.819,,51390000000,,,,,,,,,24395500,,24395500,false,false,3,2015-04-01,2015-06-30,0
2015-07-30,62570,2015-03-31,1,4015000000,-0.583,,,,,-2543000000,,-2497000000,,-1634000000,,,-66.98,,,,,,,,,,,,,,,,,,,,,24395500,false,false,3,2014-04-01,2014-06-30,-1
2015-07-30,62570,2016-03-31,1,24300000000,-0.237,,,,,2100000000,-0.561,2100000000,-0.566,1300000000,,-0.578,53.29,,,,,,,,,,,,,,,,,,,,,,false,true,6,2015-04-01,2015-09-30,0
2015-07-30,62570,2016-03-31,1,48600000000,-0.134,,,,,6500000000,-0.181,6500000000,-0.182,4000000000,,-0.169,163.96,,,,,,,,,,,,,,,50.00,,,,,,,false,true,12,2015-04-01,2016-03-31,0
2015-07-30,62570,2015-03-31,1,,,,,,,,,,,,,,,,,,,,64694000000,51098000000,0.790,,51098000000,,,,,50.00,,,,24395500,,,false,false,12,2014-04-01,2015-03-31,-1
2015-10-13,62570,2016-03-31,,18500000000,-0.239,,,,,460000000,-0.781,530000000,-0.748,340000000,,-0.738,13.94,,,,,,,,,,,,,,,,,,,,,,false,true,6,2015-04-01,2015-09-30,0
2015-10-13,62570,2015-03-31,,31849000000,,,,,,4787000000,,4835000000,,3079000000,,,126.22,,,,,,,,,,,,,,,,,,,,,,false,false,6,2014-04-01,2014-09-30,-1
2015-10-13,62570,2016-03-31,,44600000000,-0.082,,,,,4000000000,-0.385,4100000000,-0.369,2600000000,,-0.350,106.58,,,,,,,,,,,,,,,,,,,,,,false,true,12,2015-04-01,2016-03-31,0
2015-10-13,62570,2015-03-31,,56151000000,,,,,,7936000000,,7949000000,,4812000000,,,197.29,,,,,,,,,,,,,,,,,,,,,,false,false,12,2014-04-01,2015-03-31,-1
2015-10-30,62570,2016-03-31,2,18581000000,-0.417,,,,,457000000,-0.904,530000000,-0.890,307000000,,-0.900,12.61,,,,,,59533000000,50542000000,0.849,,50542000000,,,,,,,,,24395500,,24395500,false,false,6,2015-04-01,2015-09-30,0
2015-10-30,62570,2015-03-31,2,31849000000,0.047,,,,,4787000000,-0.284,4835000000,-0.281,3079000000,,-0.241,126.22,,,,,,,,,,,,,,,,,,,,,24395500,false,false,6,2014-04-01,2014-09-30,-1
2015-10-30,62570,2016-03-31,2,44600000000,-0.206,,,,,4000000000,-0.496,4100000000,-0.484,2600000000,,-0.460,106.58,,,,,,,,,,,,,,,50.00,,,,,,,false,true,12,2015-04-01,2016-03-31,0
2015-10-30,62570,2015-03-31,2,,,,,,,,,,,,,,,,,,,,64694000000,51098000000,0.790,,51098000000,,,,,50.00,,,,24395500,,,false,false,12,2014-04-01,2015-03-31,-1
2015-10-30,62570,2016-03-31,2,,,,,,,,,,,,,,,,,,,,,,,,,,,,,25.00,,,,,,,false,false,12,2015-04-01,2016-03-31,0
2016-01-29,62570,2016-03-31,3,28506000000,-0.412,,,,,426000000,-0.949,531000000,-0.937,277000000,,-0.948,11.36,,,,,,58624000000,49495000000,0.844,,49495000000,,,,,,,,,24395500,,24395500,false,false,9,2015-04-01,2015-12-31,0
2016-01-29,62570,2015-03-31,3,48508000000,0.385,,,,,8324000000,0.594,8399000000,0.590,5294000000,,0.548,217.05,,,,,,,,,,,,,,,,,,,,,24395500,false,false,9,2014-04-01,2014-12-31,-1
2016-01-29,62570,2016-03-31,3,44600000000,-0.206,,,,,4000000000,-0.496,4100000000,-0.484,2600000000,,-0.460,106.58,,,,,,,,,,,,,,,50.00,,,,,,,false,true,12,2015-04-01,2016-03-31,0
2016-01-29,62570,2015-03-31,3,,,,,,,,,,,,,,,,,,,,64694000000,51098000000,0.790,,51098000000,,,,,50.00,,,,24395500,,,false,false,12,2014-04-01,2015-03-31,-1
2016-01-29,62570,2016-03-31,3,,,,,,,,,,,,,,,,,,,,,,,,,,,,,25.00,,,,,,,false,false,12,2015-04-01,2016-03-31,0
2016-04-22,62570,2016-03-31,,38100000000,-0.146,,,,,2000000000,-0.500,2100000000,-0.488,1200000000,,-0.538,49.19,,,,,,,,,,,,,,,,,,,,,,false,true,12,2015-04-01,2016-03-31,0
2016-04-22,62570,2015-03-31,,56151000000,,,,,,7936000000,,7949000000,,4812000000,,,197.29,,,,,,,,,,,,,,,,,,,,,,false,false,12,2014-04-01,2015-03-31,-1
2016-05-13,62570,2016-03-31,,38166000000,-0.320,,,,,2035000000,-0.744,2052000000,-0.742,1237000000,,-0.743,50.71,,0.024,0.033,0.053,,59781000000,50693000000,0.848,2077.98,50693000000,-2559000000,-4070000000,-1220000000,25788000000,50.00,0.986,,,24395500,,24395500,false,false,12,2015-04-01,2016-03-31,0
2016-05-13,62570,2015-03-31,,56151000000,0.342,,,,,7936000000,0.877,7949000000,0.868,4812000000,,0.760,197.29,,0.098,0.134,0.141,,64694000000,51098000000,0.790,2094.59,51098000000,11155000000,-2722000000,-1219000000,33638000000,50.00,0.253,,,24395500,,24395500,false,false,12,2014-04-01,2015-03-31,-1
2016-05-13,62570,2017-03-31,,22100000000,0.189,,,,,1100000000,1.404,1200000000,1.262,800000000,,1.600,32.79,,,,,,,,,,,,,,,,,,,,,,false,true,6,2016-04-01,2016-09-30,1
2016-05-13,62570,2017-03-31,,50000000000,0.310,,,,,5000000000,1.457,5000000000,1.436,3300000000,,1.667,135.27,,,,,,,,,,,,,,,50.00,0.370,,,,,,false,true,12,2016-04-01,2017-03-31,1
2016-07-29,62570,2017-03-31,1,7305000000,-0.330,,,,,-764000000,,-699000000,,-516000000,,,-21.19,,,,,,58514000000,49112000000,0.839,,49112000000,,,,,,,,,24395500,,24395500,false,false,3,2016-04-01,2016-06-30,0
2016-07-29,62570,2016-03-31,1,10899000000,1.714,,,,,1242000000,,1313000000,,855000000,,,35.06,,,,,,,,,,,,,,,,,,,,,24395500,false,false,3,2015-04-01,2015-06-30,-1
2016-07-29,62570,2017-03-31,1,22100000000,0.189,,,,,1100000000,1.404,1200000000,1.262,800000000,,1.600,32.79,,,,,,,,,,,,,,,,,,,,,,false,true,6,2016-04-01,2016-09-30,0
2016-07-29,62570,2017-03-31,1,50000000000,0.310,,,,,5000000000,1.457,5000000000,1.436,3300000000,,1.667,135.27,,,,,,,,,,,,,,,50.00,,,,,,,false,true,12,2016-04-01,2017-03-31,0
2016-07-29,62570,2016-03-31,1,,,,,,,,,,,,,,,,,,,,59781000000,50693000000,0.848,,50693000000,,,,,50.00,,,,24395500,,,false,false,12,2015-04-01,2016-03-31,-1
2016-10-28,62570,2017-03-31,2,21078000000,0.134,,,,,1189000000,1.599,1190000000,1.244,860000000,,1.796,35.27,,,,,,63229000000,50528000000,0.799,,50528000000,,,,,,,,,24395500,,24395500,false,false,6,2016-04-01,2016-09-30,0
2016-10-28,62570,2016-03-31,2,18581000000,-0.417,,,,,457000000,-0.904,530000000,-0.890,307000000,,-0.900,12.61,,,,,,,,,,,,,,,,,,,,,24395500,false,false,6,2015-04-01,2015-09-30,-1
2016-10-28,62570,2017-03-31,2,50000000000,0.310,,,,,5000000000,1.457,5000000000,1.436,3300000000,,1.667,135.27,,,,,,,,,,,,,,,60.00,,,,,,,false,true,12,2016-04-01,2017-03-31,0
2016-10-28,62570,2016-03-31,2,,,,,,,,,,,,,,,,,,,,59781000000,50693000000,0.848,,50693000000,,,,,50.00,,,,24395500,,,false,false,12,2015-04-01,2016-03-31,-1
2016-10-28,62570,2017-03-31,2,,,,,,,,,,,,,,,,,,,,,,,,,,,,,25.00,,,,,,,false,false,12,2016-04-01,2017-03-31,0
2017-01-30,62570,2017-03-31,3,23826000000,-0.164,,,,,-1921000000,,-1904000000,,-1454000000,,,-59.61,,,,,,56322000000,47646000000,0.846,,47646000000,,,,,,,,,24395500,,24395500,false,false,9,2016-04-01,2016-12-31,0
2017-01-30,62570,2016-03-31,3,28506000000,-0.412,,,,,426000000,-0.949,531000000,-0.937,277000000,,-0.948,11.36,,,,,,,,,,,,,,,,,,,,,24395500,false,false,9,2015-04-01,2015-12-31,-1
2017-01-30,62570,2017-03-31,3,31500000000,-0.175,,,,,-2600000000,,-2600000000,,-1900000000,,,-77.88,,,,,,,,,,,,,,,60.00,,,,,,,false,true,12,2016-04-01,2017-03-31,0
2017-01-30,62570,2016-03-31,3,,,,,,,,,,,,,,,,,,,,59781000000,50693000000,0.848,,50693000000,,,,,50.00,,,,24395500,,,false,false,12,2015-04-01,2016-03-31,-1
2017-01-30,62570,2017-03-31,3,,,,,,,,,,,,,,,,,,,,,,,,,,,,,25.00,,,,,,,false,false,12,2016-04-01,2017-03-31,0
2017-01-30,62570,2017-03-31,,31500000000,-0.370,,,,,-2600000000,,-2600000000,,-1900000000,,,-77.88,,,,,,,,,,,,,,,,,,,,,,false,true,12,2016-04-01,2017-03-31,0
2017-01-30,62570,2016-03-31,,38166000000,,,,,,2035000000,,2052000000,,1237000000,,,50.71,,,,,,,,,,,,,,,,,,,,,,false,false,12,2015-04-01,2016-03-31,-1
2017-05-12,62570,2017-03-31,,32953000000,-0.137,,,,,-2271000000,,-2280000000,,-1944000000,,,-79.71,,-0.040,-0.039,-0.069,,57370000000,47210000000,0.823,1935.20,47210000000,-5000000,-3769000000,-1219000000,20794000000,60.00,,,,24395500,,24395500,false,false,12,2016-04-01,2017-03-31,0
2017-05-12,62570,2016-03-31,,38166000000,-0.320,,,,,2035000000,-0.744,2052000000,-0.742,1237000000,,-0.743,50.71,,0.024,0.033,0.053,,59781000000,50693000000,0.848,2077.98,50693000000,-2559000000,-4070000000,-1220000000,25788000000,50.00,0.986,,,24395500,,24395500,false,false,12,2015-04-01,2016-03-31,-1
2017-05-12,62570,2018-03-31,,50000000000,0.517,,,,,2500000000,,2500000000,,1700000000,,,69.68,,,,,,,,,,,,,,,50.00,0.718,,,,,,false,true,12,2017-04-01,2018-03-31,1
2017-07-28,62570,2018-03-31,1,18472000000,1.529,,,,,4460000000,,4534000000,,2848000000,,,116.75,,,,,,68035000000,49250000000,0.724,,49250000000,,,,,,,,,24395500,,24395500,false,false,3,2017-04-01,2017-06-30,0
2017-07-28,62570,2017-03-31,1,7305000000,-0.330,,,,,-764000000,,-699000000,,-516000000,,,-21.19,,,,,,,,,,,,,,,,,,,,,24395500,false,false,3,2016-04-01,2016-06-30,-1
2017-07-28,62570,2018-03-31,1,50000000000,0.517,,,,,2500000000,,2500000000,,1700000000,,,69.68,,,,,,,,,,,,,,,50.00,,,,,,,false,true,12,2017-04-01,2018-03-31,0
2017-07-28,62570,2017-03-31,1,,,,,,,,,,,,,,,,,,,,57370000000,47210000000,0.823,,47210000000,,,,,60.00,,,,24395500,,,false,false,12,2016-04-01,2017-03-31,-1
2017-10-27,62570,2018-03-31,2,29553000000,0.402,,,,,4173000000,2.509,4258000000,2.578,2706000000,,2.145,112.50,,,,,,62435000000,47946000000,0.768,,47946000000,,,,,,,,,24395500,1000000,24056702,false,false,6,2017-04-01,2017-09-30,0
2017-10-27,62570,2017-03-31,2,21078000000,0.134,,,,,1189000000,1.599,1190000000,1.244,860000000,,1.796,35.27,,,,,,,,,,,,,,,,,,,,,24395500,false,false,6,2016-04-01,2016-09-30,-1
2017-10-27,62570,2018-03-31,2,50000000000,0.517,,,,,2500000000,,2500000000,,1700000000,,,69.68,,,,,,,,,,,,,,,50.00,,,,,,,false,true,12,2017-04-01,2018-03-31,0
2017-10-27,62570,2017-03-31,2,,,,,,,,,,,,,,,,,,,,57370000000,47210000000,0.823,,47210000000,,,,,60.00,,,,24395500,,,false,false,12,2016-04-01,2017-03-31,-1
2017-10-27,62570,2018-03-31,2,,,,,,,,,,,,,,,,,,,,,,,,,,,,,25.00,,,,,,,false,false,12,2017-04-01,2018-03-31,0
2018-01-26,62570,2018-03-31,3,39641000000,0.664,,,,,4485000000,,4145000000,,2435000000,,,102.18,,,,,,59588000000,47099000000,0.790,,47099000000,,,,,,,,,24395500,1000000,23835500,false,false,9,2017-04-01,2017-12-31,0
2018-01-26,62570,2017-03-31,3,23826000000,-0.164,,,,,-1921000000,,-1904000000,,-1454000000,,,-59.61,,,,,,,,,,,,,,,,,,,,,24395500,false,false,9,2016-04-01,2016-12-31,-1
2018-01-26,62570,2018-03-31,3,50000000000,0.517,,,,,2500000000,,2500000000,,1700000000,,,69.68,,,,,,,,,,,,,,,50.00,,,,,,,false,true,12,2017-04-01,2018-03-31,0
2018-01-26,62570,2017-03-31,3,,,,,,,,,,,,,,,,,,,,57370000000,47210000000,0.823,,47210000000,,,,,60.00,,,,24395500,,,false,false,12,2016-04-01,2017-03-31,-1
2018-01-26,62570,2018-03-31,3,,,,,,,,,,,,,,,,,,,,,,,,,,,,,25.00,,,,,,,false,false,12,2017-04-01,2018-03-31,0
2018-04-13,62570,2018-03-31,,52300000000,0.046,,,,,4300000000,0.720,3700000000,0.480,2300000000,,0.353,96.94,,,,,,,,,,,,,,,,,,,,,,false,true,12,2017-04-01,2018-03-31,0
2018-04-13,62570,2017-03-31,,32953000000,,,,,,-2271000000,,-2280000000,,-1944000000,,,-79.71,,,,,,,,,,,,,,,,,,,,,,false,false,12,2016-04-01,2017-03-31,-1
2018-05-11,62570,2018-03-31,,52314000000,0.588,,,,,4502000000,,4234000000,,2525000000,,,106.45,,0.053,0.072,0.086,,60230000000,47259000000,0.785,2020.01,47259000000,11440000000,-3234000000,-2596000000,26403000000,50.00,0.470,,,24395500,1000000,23727007,false,false,12,2017-04-01,2018-03-31,0
2018-05-11,62570,2017-03-31,,32953000000,-0.137,,,,,-2271000000,,-2280000000,,-1944000000,,,-79.71,,-0.040,-0.039,-0.069,,57370000000,47210000000,0.823,1935.20,47210000000,-5000000,-3769000000,-1219000000,20794000000,60.00,,,,24395500,,24395500,false,false,12,2016-04-01,2017-03-31,-1
2018-05-11,62570,2019-03-31,,38000000000,-0.274,,,,,2000000000,-0.556,2000000000,-0.528,1300000000,,-0.485,55.57,,,,,,,,,,,,,,,50.00,0.900,,,,,,false,true,12,2018-04-01,2019-03-31,1
2018-07-30,62570,2019-03-31,1,4332000000,-0.765,,,,,-373000000,,-267000000,,-211000000,,,-9.04,,,,,,53103000000,46393000000,0.874,,46393000000,,,,,,,,,24395500,1000000,23395500,false,false,3,2018-04-01,2018-06-30,0
2018-07-30,62570,2018-03-31,1,18472000000,1.529,,,,,4460000000,,4534000000,,2848000000,,,116.75,,,,,,,,,,,,,,,,,,,,,24395500,false,false,3,2017-04-01,2017-06-30,-1
2018-07-30,62570,2019-03-31,1,38000000000,-0.274,,,,,2000000000,-0.556,2000000000,-0.528,1300000000,,-0.485,55.57,,,,,,,,,,,,,,,50.00,,,,,,,false,true,12,2018-04-01,2019-03-31,0
2018-07-30,62570,2018-03-31,1,,,,,,,,,,,,,,,,,,,,60230000000,47259000000,0.785,,47259000000,,,,,50.00,,,,24395500,1000000,,false,false,12,2017-04-01,2018-03-31,-1
2018-09-14,62570,2019-03-31,,38000000000,,,,,,2500000000,,2500000000,,,1600000000,,70.40,,,,,,,,,,,,,,,,,,,,,,true,true,12,2018-04-01,2019-03-31,0
2018-10-30,62570,2019-03-31,2,12709000000,,,,,,737000000,,880000000,,,232000000,,10.08,,,,,,53395000000,45645000000,0.855,,45645000000,,,,,,,,,,,,true,false,6,2018-04-01,2018-09-30,0
2018-10-30,62570,2019-03-31,2,38000000000,,,,,,2500000000,,2500000000,,,1600000000,,70.40,,,,,,,,,,,,,,,,,,,,,,true,true,12,2018-04-01,2019-03-31,0
2018-10-30,62570,2018-03-31,2,,,,,,,,,,,,,,,,,,,,,,,,,,,,,50.00,,,,24395500,1000000,,false,false,12,2017-04-01,2018-03-31,-1
2018-10-30,62570,2019-03-31,2,,,,,,,,,,,,,,,,,,,,,,,,,,,,,25.00,,,,,,,false,false,12,2018-04-01,2019-03-31,0
2018-10-30,62570,2019-03-31,2,,,,,,,,,,,,,,,,,,,,,,,,,,,,,50.00,,,,,,,false,true,12,2018-04-01,2019-03-31,0
2018-10-30,62570,2019-03-31,2,,,,,,,,,,,,,,,,,,,,,,,,,,,,,,,,,24395500,2000000,23056702,false,false,6,2018-04-01,2018-09-30,0
2018-10-30,62570,2018-03-31,2,,,,,,,,,,,,,,,,,,,,,,,,,,,,,,,,,,,24056702,false,false,6,2017-04-01,2017-09-30,-1
2019-01-30,62570,2019-03-31,3,21518000000,,,,,,1119000000,,1292000000,,,685000000,,30.02,,,,,,53364000000,45452000000,0.852,,45452000000,,,,,,,,,,,,true,false,9,2018-04-01,2018-12-31,0
2019-01-30,62570,2019-03-31,3,38000000000,,,,,,2500000000,,2500000000,,,1600000000,,70.40,,,,,,,,,,,,,,,,,,,,,,true,true,12,2018-04-01,2019-03-31,0
2019-01-30,62570,2018-03-31,3,,,,,,,,,,,,,,,,,,,,,,,,,,,,,50.00,,,,24395500,1000000,,false,false,12,2017-04-01,2018-03-31,-1
2019-01-30,62570,2019-03-31,3,,,,,,,,,,,,,,,,,,,,,,,,,,,,,25.00,,,,,,,false,false,12,2018-04-01,2019-03-31,0
2019-01-30,62570,2019-03-31,3,,,,,,,,,,,,,,,,,,,,,,,,,,,,,50.00,,,,,,,false,true,12,2018-04-01,2019-03-31,0
2019-01-30,62570,2019-03-31,3,,,,,,,,,,,,,,,,,,,,,,,,,,,,,,,,,24395500,2000000,22835500,false,false,9,2018-04-01,2018-12-31,0
2019-01-30,62570,2018-03-31,3,,,,,,,,,,,,,,,,,,,,,,,,,,,,,,,,,,,23835500,false,false,9,2017-04-01,2017-12-31,-1
2019-03-08,62570,2019-03-31,,27900000000,-0.266,,,,,1000000000,-0.600,1000000000,-0.600,,650000000,,28.60,,,,,,,,,,,,,,,,,,,,,,true,true,12,2018-04-01,2019-03-31,0
2019-05-10,62570,2019-03-31,,27971000000,,,,,,1337000000,,1499000000,,,796000000,,35.04,,0.017,0.026,0.048,,53557000000,45729000000,0.854,2041.92,45729000000,-1874000000,-519000000,-2312000000,21810000000,,1.427,,,,,,true,false,12,2018-04-01,2019-03-31,0
2019-05-10,62570,2020-03-31,,46000000000,0.645,,,,,3500000000,1.616,3500000000,1.334,,2300000000,,102.70,,,,,,,,,,,,,,,,0.487,,,,,,true,true,12,2019-04-01,2020-03-31,1
2019-05-10,62570,2019-03-31,,24364000000,-0.534,,,,,882000000,-0.804,1191000000,-0.719,796000000,,-0.685,35.06,,,,,,53248000000,45733000000,0.859,2042.07,45733000000,,,,,50.00,,,,24395500,2000045,22726999,false,false,12,2018-04-01,2019-03-31,0
2019-05-10,62570,2018-03-31,,52314000000,0.588,,,,,4502000000,,4234000000,,2525000000,,,106.45,,,,,,60230000000,47259000000,0.785,2020.01,47259000000,,,,,50.00,,,,24395500,1000000,23727007,false,false,12,2017-04-01,2018-03-31,-1
2019-05-10,62570,2020-03-31,,,,,,,,,,,,,,,,,,,,,,,,,,,,,,50.00,,,,,,,false,true,12,2019-04-01,2020-03-31,1
2019-07-30,62570,2020-03-31,1,4443000000,,,,,,-919000000,,-922000000,,,-706000000,,-31.53,,,,,,51012000000,44728000000,0.877,,44728000000,,,,,,,,,,,,true,false,3,2019-04-01,2019-06-30,0
2019-07-30,62570,2020-03-31,1,46000000000,0.645,,,,,3500000000,1.616,3500000000,1.334,,2300000000,,102.70,,,,,,,,,,,,,,,,,,,,,,true,true,12,2019-04-01,2020-03-31,0
2019-07-30,62570,2019-03-31,1,,,,,,,,,,,,,,,,,,,,53557000000,45729000000,0.854,,45729000000,,,,,,,,,,,,true,false,12,2018-04-01,2019-03-31,-1
2019-07-30,62570,2019-03-31,1,,,,,,,,,,,,,,,,,,,,,,,,,,,,,50.00,,,,24395500,2000045,,false,false,12,2018-04-01,2019-03-31,-1
2019-07-30,62570,2020-03-31,1,,,,,,,,,,,,,,,,,,,,,,,,,,,,,50.00,,,,,,,false,true,12,2019-04-01,2020-03-31,0
2019-07-30,62570,2020-03-31,1,,,,,,,,,,,,,,,,,,,,,,,,,,,,,,,,,24395500,2000045,22395455,false,false,3,2019-04-01,2019-06-30,0
2019-07-30,62570,2019-03-31,1,,,,,,,,,,,,,,,,,,,,,,,,,,,,,,,,,,,23395500,false,false,3,2018-04-01,2018-06-30,-1
2019-10-30,62570,2020-03-31,2,11398000000,-0.103,,,,,-1319000000,,-1377000000,,,-1266000000,,-56.54,,,,,,50284000000,44246000000,0.880,,44246000000,,,,,,,,,,,,true,false,6,2019-04-01,2019-09-30,0
2019-10-30,62570,2019-03-31,2,12709000000,,,,,,737000000,,880000000,,,232000000,,10.08,,,,,,,,,,,,,,,,,,,,,,true,false,6,2018-04-01,2018-09-30,-1
2019-10-30,62570,2020-03-31,2,34700000000,0.241,,,,,1500000000,0.121,1500000000,0.000,,1000000000,,44.65,,,,,,,,,,,,,,,,,,,,,,true,true,12,2019-04-01,2020-03-31,0
2019-10-30,62570,2019-03-31,2,,,,,,,,,,,,,,,,,,,,53557000000,45729000000,0.854,,45729000000,,,,,,,,,,,,true,false,12,2018-04-01,2019-03-31,-1
2019-10-30,62570,2019-03-31,2,,,,,,,,,,,,,,,,,,,,,,,,,,,,,50.00,,,,24395500,2000045,,false,false,12,2018-04-01,2019-03-31,-1
2019-10-30,62570,2020-03-31,2,,,,,,,,,,,,,,,,,,,,,,,,,,,,,25.00,,,,,,,false,false,12,2019-04-01,2020-03-31,0
2019-10-30,62570,2020-03-31,2,,,,,,,,,,,,,,,,,,,,,,,,,,,,,50.00,,,,,,,false,true,12,2019-04-01,2020-03-31,0
2019-10-30,62570,2020-03-31,2,,,,,,,,,,,,,,,,,,,,,,,,,,,,,,,,,24395500,2000045,22395455,false,false,6,2019-04-01,2019-09-30,0
2019-10-30,62570,2019-03-31,2,,,,,,,,,,,,,,,,,,,,,,,,,,,,,,,,,,,23056702,false,false,6,2018-04-01,2018-09-30,-1
2020-01-30,62570,2020-03-31,3,18929000000,-0.120,,,,,-1078000000,,-1310000000,,,-2356000000,,-105.23,,,,,,49664000000,42780000000,0.861,,42780000000,,,,,,,,,,,,true,false,9,2019-04-01,2019-12-31,0
2020-01-30,62570,2019-03-31,3,21518000000,,,,,,1119000000,,1292000000,,,685000000,,30.02,,,,,,,,,,,,,,,,,,,,,,true,false,9,2018-04-01,2018-12-31,-1
2020-01-30,62570,2020-03-31,3,25100000000,-0.103,,,,,-3300000000,,-3500000000,,,-4400000000,,-196.47,,,,,,,,,,,,,,,,,,,,,,true,true,12,2019-04-01,2020-03-31,0
2020-01-30,62570,2019-03-31,3,,,,,,,,,,,,,,,,,,,,53557000000,45729000000,0.854,,45729000000,,,,,,,,,,,,true,false,12,2018-04-01,2019-03-31,-1
2020-01-30,62570,2019-03-31,3,,,,,,,,,,,,,,,,,,,,,,,,,,,,,50.00,,,,24395500,2000045,,false,false,12,2018-04-01,2019-03-31,-1
2020-01-30,62570,2020-03-31,3,,,,,,,,,,,,,,,,,,,,,,,,,,,,,25.00,,,,,,,false,false,12,2019-04-01,2020-03-31,0
2020-01-30,62570,2020-03-31,3,,,,,,,,,,,,,,,,,,,,,,,,,,,,,50.00,,,,,,,false,true,12,2019-04-01,2020-03-31,0
2020-01-30,62570,2020-03-31,3,,,,,,,,,,,,,,,,,,,,,,,,,,,,,,,,,24395500,2000045,22395455,false,false,9,2019-04-01,2019-12-31,0
2020-01-30,62570,2019-03-31,3,,,,,,,,,,,,,,,,,,,,,,,,,,,,,,,,,,,22835500,false,false,9,2018-04-01,2018-12-31,-1
2020-05-08,62570,2020-03-31,,25172000000,-0.100,,,,,-2054000000,,-2279000000,,,-4719000000,,-210.74,,-0.110,-0.045,-0.082,,46657000000,40006000000,0.857,1786.35,40006000000,1854000000,-1724000000,-1119000000,20821000000,,,,,,,,true,false,12,2019-04-01,2020-03-31,0
2020-05-08,62570,2019-03-31,,27971000000,,,,,,1337000000,,1499000000,,,796000000,,35.04,,0.017,0.026,0.048,,53557000000,45729000000,0.854,2041.92,45729000000,-1874000000,-519000000,-2312000000,21810000000,,1.427,,,,,,true,false,12,2018-04-01,2019-03-31,-1
2020-05-08,62570,2020-03-31,,20576000000,-0.155,,,,,-2148000000,,-2302000000,,-4720000000,,,-210.79,,,,,,46458000000,40033000000,0.862,1787.57,40033000000,,,,,50.00,,,,24395500,2000045,22395455,false,false,12,2019-04-01,2020-03-31,0
2020-05-08,62570,2019-03-31,,24364000000,-0.534,,,,,882000000,-0.804,1191000000,-0.719,796000000,,-0.685,35.06,,,,,,53248000000,45733000000,0.859,2042.07,45733000000,,,,,50.00,,,,24395500,2000045,22726999,false,false,12,2018-04-01,2019-03-31,-1
2020-05-08,62570,2021-03-31,,,,,,,,,,,,,,,,,,,,,,,,,,,,,,50.00,,,,,,,false,true,12,2020-04-01,2021-03-31,1
2020-07-30,62570,2021-03-31,1,3313000000,-0.254,,,,,-1755000000,,-1717000000,,,-2440000000,,-108.97,,,,,,42805000000,37186000000,0.869,,37186000000,,,,,,,,,,,,true,false,3,2020-04-01,2020-06-30,0
2020-07-30,62570,2020-03-31,1,4443000000,,,,,,-919000000,,-922000000,,,-706000000,,-31.53,,,,,,,,,,,,,,,,,,,,,,true,false,3,2019-04-01,2019-06-30,-1
2020-07-30,62570,2020-03-31,1,,,,,,,,,,,,,,,,,,,,46657000000,40006000000,0.857,,40006000000,,,,,,,,,,,,true,false,12,2019-04-01,2020-03-31,-1
2020-07-30,62570,2020-03-31,1,,,,,,,,,,,,,,,,,,,,,,,,,,,,,50.00,,,,24395500,2000045,,false,false,12,2019-04-01,2020-03-31,-1
2020-07-30,62570,2021-03-31,1,,,,,,,,,,,,,,,,,,,,,,,,,,,,,50.00,,,,,,,false,true,12,2020-04-01,2021-03-31,0
2020-07-30,62570,2021-03-31,1,,,,,,,,,,,,,,,,,,,,,,,,,,,,,,,,,24395500,2000045,22395455,false,false,3,2020-04-01,2020-06-30,0
2020-07-30,62570,2020-03-31,1,,,,,,,,,,,,,,,,,,,,,,,,,,,,,,,,,,,22395455,false,false,3,2019-04-01,2019-06-30,-1
2020-10-30,62570,2021-03-31,2,6617000000,-0.419,,,,,-3373000000,,-3332000000,,,-3823000000,,-170.75,,,,,,41261000000,36335000000,0.881,,36335000000,,,,,,,,,,,,true,false,6,2020-04-01,2020-09-30,0
2020-10-30,62570,2020-03-31,2,11398000000,-0.103,,,,,-1319000000,,-1377000000,,,-1266000000,,-56.54,,,,,,,,,,,,,,,,,,,,,,true,false,6,2019-04-01,2019-09-30,-1
2020-10-30,62570,2021-03-31,2,24600000000,-0.023,,,,,-1000000000,,-1000000000,,,-2000000000,,-89.30,,,,,,,,,,,,,,,,,,,,,,true,true,12,2020-04-01,2021-03-31,0
2020-10-30,62570,2020-03-31,2,,,,,,,,,,,,,,,,,,,,46657000000,40006000000,0.857,,40006000000,,,,,,,,,,,,true,false,12,2019-04-01,2020-03-31,-1
2020-10-30,62570,2020-03-31,2,,,,,,,,,,,,,,,,,,,,,,,,,,,,,50.00,,,,24395500,2000045,,false,false,12,2019-04-01,2020-03-31,-1
2020-10-30,62570,2021-03-31,2,,,,,,,,,,,,,,,,,,,,,,,,,,,,,25.00,,,,,,,false,false,12,2020-04-01,2021-03-31,0
2020-10-30,62570,2021-03-31,2,,,,,,,,,,,,,,,,,,,,,,,,,,,,,50.00,,,,,,,false,true,12,2020-04-01,2021-03-31,0
2020-10-30,62570,2021-03-31,2,,,,,,,,,,,,,,,,,,,,,,,,,,,,,,,,,24395500,2000045,22395455,false,false,6,2020-04-01,2020-09-30,0
2020-10-30,62570,2020-03-31,2,,,,,,,,,,,,,,,,,,,,,,,,,,,,,,,,,,,22395455,false,false,6,2019-04-01,2019-09-30,-1
2021-01-29,6257,2021-03-31,3,14312000000,-0.244,,,,,-2566000000,,-2472000000,,,-2477000000,,-110.64,,,,,,44370000000,37705000000,0.850,,37705000000,,,,,,,,,,,,true,false,9,2020-04-01,2020-12-31,0
2021-01-29,6257,2020-03-31,3,18929000000,-0.120,,,,,-1078000000,,-1310000000,,,-2356000000,,-105.23,,,,,,,,,,,,,,,,,,,,,,true,false,9,2019-04-01,2019-12-31,-1
2021-01-29,6257,2021-03-31,3,24600000000,-0.023,,,,,-1000000000,,-1000000000,,,-2000000000,,-89.30,,,,,,,,,,,,,,,,,,,,,,true,true,12,2020-04-01,2021-03-31,0
2021-01-29,6257,2020-03-31,3,,,,,,,,,,,,,,,,,,,,46657000000,40006000000,0.857,,40006000000,,,,,,,,,,,,true,false,12,2019-04-01,2020-03-31,-1
2021-01-29,6257,2020-03-31,3,,,,,,,,,,,,,,,,,,,,,,,,,,,,,50.00,,,,24395500,2000045,,false,false,12,2019-04-01,2020-03-31,-1
2021-01-29,6257,2021-03-31,3,,,,,,,,,,,,,,,,,,,,,,,,,,,,,25.00,,,,,,,false,false,12,2020-04-01,2021-03-31,0
2021-01-29,6257,2021-03-31,3,,,,,,,,,,,,,,,,,,,,,,,,,,,,,50.00,,,,,,,false,true,12,2020-04-01,2021-03-31,0
2021-01-29,6257,2021-03-31,3,,,,,,,,,,,,,,,,,,,,,,,,,,,,,,,,,24395500,2000045,22395455,false,false,9,2020-04-01,2020-12-31,0
2021-01-29,6257,2020-03-31,3,,,,,,,,,,,,,,,,,,,,,,,,,,,,,,,,,,,22395455,false,false,9,2019-04-01,2019-12-31,-1
2021-04-16,62570,2021-03-31,,26900000000,0.093,,,,,360000000,,470000000,,,0,,0.00,,,,,,,,,,,,,,,,,,,,,,true,true,12,2020-04-01,2021-03-31,0
2021-04-16,62570,2020-03-31,,25172000000,,,,,,-2054000000,,-2279000000,,,-4719000000,,-210.74,,,,,,,,,,,,,,,,,,,,,,true,false,12,2019-04-01,2020-03-31,-1
2021-05-07,6257,2021-03-31,,26927000000,0.070,,,,,383000000,,486000000,,,122000000,,5.49,,0.003,0.010,0.014,,50795000000,40833000000,0.804,1823.29,40833000000,-52000000,-1363000000,-1119000000,18286000000,,9.107,,,,,,true,false,12,2020-04-01,2021-03-31,0
2021-05-07,6257,2020-03-31,,25172000000,-0.100,,,,,-2054000000,,-2279000000,,,-4719000000,,-210.74,,-0.110,-0.045,-0.082,,46657000000,40006000000,0.857,1786.35,40006000000,1854000000,-1724000000,-1119000000,20821000000,,,,,,,,true,false,12,2019-04-01,2020-03-31,-1
2021-05-07,6257,2022-03-31,,34600000000,0.285,,,,,2000000000,4.213,2000000000,3.110,,1400000000,,62.51,,,,,,,,,,,,,,,,0.800,,,,,,true,true,12,2021-04-01,2022-03-31,1
2021-05-07,6257,2021-03-31,,14798000000,-0.281,,,,,-3031000000,,-2940000000,,-3800000000,,,-169.71,,,,,,45811000000,36766000000,0.803,1641.72,36766000000,,,,,50.00,,,,24395500,2000045,22395455,false,false,12,2020-04-01,2021-03-31,0
2021-05-07,6257,2020-03-31,,20576000000,-0.155,,,,,-2148000000,,-2302000000,,-4720000000,,,-210.79,,,,,,46458000000,40033000000,0.862,1787.57,40033000000,,,,,50.00,,,,24395500,2000045,22395455,false,false,12,2019-04-01,2020-03-31,-1
2021-05-07,6257,2022-03-31,,,,,,,,,,,,,,,,,,,,,,,,,,,,,,50.00,,,,,,,false,true,12,2021-04-01,2022-03-31,1
2021-07-30,6257,2022-03-31,1,3473000000,0.048,,,,,-1776000000,,-1734000000,,,-2176000000,,-97.17,,,,,,44079000000,38098000000,0.864,,38098000000,,,,,,,,,,,,true,false,3,2021-04-01,2021-06-30,0
2021-07-30,6257,2021-03-31,1,3313000000,-0.254,,,,,-1755000000,,-1717000000,,,-2440000000,,-108.97,,,,,,,,,,,,,,,,,,,,,,true,false,3,2020-04-01,2020-06-30,-1
2021-07-30,6257,2022-03-31,1,34600000000,0.285,,,,,2000000000,4.213,2000000000,3.110,,1400000000,,62.51,,,,,,,,,,,,,,,,,,,,,,true,true,12,2021-04-01,2022-03-31,0
2021-07-30,6257,2021-03-31,1,,,,,,,,,,,,,,,,,,,,50795000000,40833000000,0.804,,40833000000,,,,,,,,,,,,true,false,12,2020-04-01,2021-03-31,-1
2021-07-30,6257,2021-03-31,1,,,,,,,,,,,,,,,,,,,,,,,,,,,,,50.00,,,,24395500,2000045,,false,false,12,2020-04-01,2021-03-31,-1
2021-07-30,6257,2022-03-31,1,,,,,,,,,,,,,,,,,,,,,,,,,,,,,50.00,,,,,,,false,true,12,2021-04-01,2022-03-31,0
2021-07-30,6257,2022-03-31,1,,,,,,,,,,,,,,,,,,,,,,,,,,,,,,,,,24395500,2000045,22395455,false,false,3,2021-04-01,2021-06-30,0
2021-07-30,6257,2021-03-31,1,,,,,,,,,,,,,,,,,,,,,,,,,,,,,,,,,,,22395455,false,false,3,2020-04-01,2020-06-30,-1
2021-10-29,6257,2022-03-31,2,7823000000,0.182,,,,,-3428000000,,-3382000000,,,-2616000000,,-116.83,,,,,,42434000000,37034000000,0.873,,37034000000,,,,,,,,,,,,true,false,6,2021-04-01,2021-09-30,0
2021-10-29,6257,2021-03-31,2,6617000000,-0.419,,,,,-3373000000,,-3332000000,,,-3823000000,,-170.75,,,,,,,,,,,,,,,,,,,,,,true,false,6,2020-04-01,2020-09-30,-1
2021-10-29,6257,2022-03-31,2,34600000000,0.285,,,,,2000000000,4.213,2000000000,3.110,,1400000000,,62.51,,,,,,,,,,,,,,,,,,,,,,true,true,12,2021-04-01,2022-03-31,0
2021-10-29,6257,2021-03-31,2,,,,,,,,,,,,,,,,,,,,50795000000,40833000000,0.804,,40833000000,,,,,,,,,,,,true,false,12,2020-04-01,2021-03-31,-1
2021-10-29,6257,2021-03-31,2,,,,,,,,,,,,,,,,,,,,,,,,,,,,,50.00,,,,24395000,2000045,,false,false,12,2020-04-01,2021-03-31,-1
2021-10-29,6257,2022-03-31,2,,,,,,,,,,,,,,,,,,,,,,,,,,,,,25.00,,,,,,,false,false,12,2021-04-01,2022-03-31,0
2021-10-29,6257,2022-03-31,2,,,,,,,,,,,,,,,,,,,,,,,,,,,,,50.00,,,,,,,false,true,12,2021-04-01,2022-03-31,0
2021-10-29,6257,2022-03-31,2,,,,,,,,,,,,,,,,,,,,,,,,,,,,,,,,,24395500,2000045,22395455,false,false,6,2021-04-01,2021-09-30,0
2021-10-29,6257,2021-03-31,2,,,,,,,,,,,,,,,,,,,,,,,,,,,,,,,,,,,22395455,false,false,6,2020-04-01,2020-09-30,-1
2022-01-28,6257,2022-03-31,3,16656000000,0.164,,,,,-2524000000,,-2435000000,,,-3035000000,,-135.56,,,,,,45580000000,35771000000,0.785,,35771000000,,,,,,,,,,,,true,false,9,2021-04-01,2021-12-31,0
2022-01-28,6257,2021-03-31,3,14312000000,-0.244,,,,,-2566000000,,-2472000000,,,-2477000000,,-110.64,,,,,,,,,,,,,,,,,,,,,,true,false,9,2020-04-01,2020-12-31,-1
2022-01-28,6257,2022-03-31,3,34600000000,0.285,,,,,2000000000,4.213,2000000000,3.110,,1400000000,,62.51,,,,,,,,,,,,,,,,,,,,,,true,true,12,2021-04-01,2022-03-31,0
2022-01-28,6257,2021-03-31,3,,,,,,,,,,,,,,,,,,,,50795000000,40833000000,0.804,,40833000000,,,,,,,,,,,,true,false,12,2020-04-01,2021-03-31,-1
2022-01-28,6257,2021-03-31,3,,,,,,,,,,,,,,,,,,,,,,,,,,,,,50.00,,,,24395500,2000045,,false,false,12,2020-04-01,2021-03-31,-1
2022-01-28,6257,2022-03-31,3,,,,,,,,,,,,,,,,,,,,,,,,,,,,,25.00,,,,,,,false,false,12,2021-04-01,2022-03-31,0
2022-01-28,6257,2022-03-31,3,,,,,,,,,,,,,,,,,,,,,,,,,,,,,50.00,,,,,,,false,true,12,2021-04-01,2022-03-31,0
2022-01-28,6257,2022-03-31,3,,,,,,,,,,,,,,,,,,,,,,,,,,,,,,,,,24395500,2000045,22395455,false,false,9,2021-04-01,2021-12-31,0
2022-01-28,6257,2021-03-31,3,,,,,,,,,,,,,,,,,,,,,,,,,,,,,,,,,,,22395455,false,false,9,2020-04-01,2020-12-31,-1
2022-04-15,62570,2022-03-31,,29600000000,-0.145,,,,,-730000000,,-630000000,,,-2000000000,,-89.30,,,,,,,,,,,,,,,,,,,,,,true,true,12,2021-04-01,2022-03-31,0
2022-04-15,62570,2021-03-31,,26927000000,,,,,,383000000,,486000000,,,122000000,,5.49,,,,,,,,,,,,,,,,,,,,,,true,false,12,2020-04-01,2021-03-31,-1
2022-05-13,6257,2022-03-31,,29606000000,0.099,,,,,-698000000,,-599000000,,,-1783000000,,-79.66,,-0.046,-0.012,-0.024,,45404000000,36626000000,0.807,1635.44,36626000000,3068000000,-1358000000,-1119000000,18877000000,,,,,,,,true,false,12,2021-04-01,2022-03-31,0
2022-05-13,6257,2021-03-31,,26927000000,0.070,,,,,383000000,,486000000,,,122000000,,5.49,,0.003,0.010,0.014,,50795000000,40833000000,0.804,1823.29,40833000000,-52000000,-1363000000,-1119000000,18286000000,,9.107,,,,,,true,false,12,2020-04-01,2021-03-31,-1
2022-05-13,6257,2023-03-31,,30000000000,0.013,,,,,1500000000,,1500000000,,,1200000000,,53.58,,,,,,,,,,,,,,,,0.933,,,,,,true,true,12,2022-04-01,2023-03-31,1
2022-05-13,6257,2022-03-31,,26415000000,1.785,,,,,-553000000,,-544000000,,-1220000000,,,-54.48,,,,,,41861000000,33213000000,0.793,1483.04,33213000000,,,,,50.00,,,,24395500,2000045,22395455,false,false,12,2021-04-01,2022-03-31,0
2022-05-13,6257,2021-03-31,,14798000000,-0.281,,,,,-3031000000,,-2940000000,,-3800000000,,,-169.71,,,,,,45811000000,36766000000,0.803,1641.72,36766000000,,,,,50.00,,,,24395500,2000045,22395455,false,false,12,2020-04-01,2021-03-31,-1
2022-05-13,6257,2023-03-31,,,,,,,,,,,,,,,,,,,,,,,,,,,,,,50.00,,,,,,,false,true,12,2022-04-01,2023-03-31,1
2022-07-29,6257,2023-03-31,1,5504000000,0.585,,,,,56000000,,171000000,,,287000000,,12.83,,,,,,42549000000,36079000000,0.848,,36079000000,,,,,,,,,,,,true,false,3,2022-04-01,2022-06-30,0
2022-07-29,6257,2022-03-31,1,3473000000,0.048,,,,,-1776000000,,-1734000000,,,-2176000000,,-97.17,,,,,,,,,,,,,,,,,,,,,,true,false,3,2021-04-01,2021-06-30,-1
2022-07-29,6257,2023-03-31,1,30000000000,0.013,,,,,1500000000,,1500000000,,,1200000000,,53.58,,,,,,,,,,,,,,,,,,,,,,true,true,12,2022-04-01,2023-03-31,0
2022-07-29,6257,2022-03-31,1,,,,,,,,,,,,,,,,,,,,45404000000,36626000000,0.807,,36626000000,,,,,,,,,,,,true,false,12,2021-04-01,2022-03-31,-1
2022-07-29,6257,2022-03-31,1,,,,,,,,,,,,,,,,,,,,,,,,,,,,,50.00,,,,24395500,2000045,,false,false,12,2021-04-01,2022-03-31,-1
2022-07-29,6257,2023-03-31,1,,,,,,,,,,,,,,,,,,,,,,,,,,,,,50.00,,,,,,,false,true,12,2022-04-01,2023-03-31,0
2022-07-29,6257,2023-03-31,1,,,,,,,,,,,,,,,,,,,,,,,,,,,,,,,,,24395500,2000045,22395455,false,false,3,2022-04-01,2022-06-30,0
2022-07-29,6257,2022-03-31,1,,,,,,,,,,,,,,,,,,,,,,,,,,,,,,,,,,,22395455,false,false,3,2021-04-01,2021-06-30,-1
2022-11-07,6257,2023-03-31,2,17156000000,1.193,,,,,2543000000,,2669000000,,,2469000000,,110.25,,,,,,48132000000,38507000000,0.800,,38507000000,,,,,,,,,,,,true,false,6,2022-04-01,2022-09-30,0
2022-11-07,6257,2022-03-31,2,7823000000,0.182,,,,,-3428000000,,-3382000000,,,-2616000000,,-116.83,,,,,,,,,,,,,,,,,,,,,,true,false,6,2021-04-01,2021-09-30,-1
2022-11-07,6257,2023-03-31,2,30000000000,0.013,,,,,1500000000,,1500000000,,,1200000000,,53.58,,,,,,,,,,,,,,,,,,,,,,true,true,12,2022-04-01,2023-03-31,0
2022-11-07,6257,2022-03-31,2,,,,,,,,,,,,,,,,,,,,45404000000,36626000000,0.807,,36626000000,,,,,,,,,,,,true,false,12,2021-04-01,2022-03-31,-1
2022-11-07,6257,2022-03-31,2,,,,,,,,,,,,,,,,,,,,,,,,,,,,,50.00,,,,24395500,2000045,,false,false,12,2021-04-01,2022-03-31,-1
2022-11-07,6257,2023-03-31,2,,,,,,,,,,,,,,,,,,,,,,,,,,,,,25.00,,,,,,,false,false,12,2022-04-01,2023-03-31,0
2022-11-07,6257,2023-03-31,2,,,,,,,,,,,,,,,,,,,,,,,,,,,,,50.00,,,,,,,false,true,12,2022-04-01,2023-03-31,0
2022-11-07,6257,2023-03-31,2,,,,,,,,,,,,,,,,,,,,,,,,,,,,,,,,,24395500,2000095,22395446,false,false,6,2022-04-01,2022-09-30,0
2022-11-07,6257,2022-03-31,2,,,,,,,,,,,,,,,,,,,,,,,,,,,,,,,,,,,22395455,false,false,6,2021-04-01,2021-09-30,-1
2023-02-03,6257,2023-03-31,3,26607000000,0.597,,,,,4437000000,,4620000000,,,3948000000,,176.29,,,,,,49168000000,40099000000,0.816,,40099000000,,,,,,,,,,,,true,false,9,2022-04-01,2022-12-31,0
2023-02-03,6257,2022-03-31,3,16656000000,0.164,,,,,-2524000000,,-2435000000,,,-3035000000,,-135.56,,,,,,,,,,,,,,,,,,,,,,true,false,9,2021-04-01,2021-12-31,-1
2023-02-03,6257,2023-03-31,3,34000000000,0.148,,,,,3000000000,,3100000000,,,2500000000,,111.63,,,,,,,,,,,,,,,,,,,,,,true,true,12,2022-04-01,2023-03-31,0
2023-02-03,6257,2022-03-31,3,,,,,,,,,,,,,,,,,,,,45404000000,36626000000,0.807,,36626000000,,,,,,,,,,,,true,false,12,2021-04-01,2022-03-31,-1
2023-02-03,6257,2022-03-31,3,,,,,,,,,,,,,,,,,,,,,,,,,,,,,50.00,,,,24395500,2000045,,false,false,12,2021-04-01,2022-03-31,-1
2023-02-03,6257,2023-03-31,3,,,,,,,,,,,,,,,,,,,,,,,,,,,,,25.00,,,,,,,false,false,12,2022-04-01,2023-03-31,0
2023-02-03,6257,2023-03-31,3,,,,,,,,,,,,,,,,,,,,,,,,,,,,,50.00,,,,,,,false,true,12,2022-04-01,2023-03-31,0
2023-02-03,6257,2023-03-31,3,,,,,,,,,,,,,,,,,,,,,,,,,,,,,,,,,24395500,2000095,22395432,false,false,9,2022-04-01,2022-12-31,0
2023-02-03,6257,2022-03-31,3,,,,,,,,,,,,,,,,,,,,,,,,,,,,,,,,,,,22395455,false,false,9,2021-04-01,2021-12-31,-1
2023-04-28,62570,2023-03-31,,34800000000,0.024,,,,,3800000000,0.267,4000000000,0.290,,5300000000,,238.05,,,,,,,,,,,,,,,,,,,,,,true,true,12,2022-04-01,2023-03-31,0
2023-04-28,62570,2022-03-31,,29606000000,,,,,,-698000000,,-599000000,,,-1783000000,,-79.66,,,,,,,,,,,,,,,,,,,,,,true,false,12,2021-04-01,2022-03-31,-1
2023-05-12,6257,2023-03-31,,34869000000,0.178,,,,,3876000000,,4066000000,,,5296000000,,237.90,,0.139,0.084,0.111,,51160000000,39788000000,0.778,1903.77,39780000000,5507000000,-911000000,-3472000000,20001000000,,0.210,,,,,,true,false,12,2022-04-01,2023-03-31,0
2023-05-12,6257,2022-03-31,,29606000000,0.099,,,,,-698000000,,-599000000,,,-1783000000,,-79.66,,-0.046,-0.012,-0.024,,45404000000,36626000000,0.807,1635.44,36626000000,3068000000,-1358000000,-1119000000,18877000000,,,,,,,,true,false,12,2021-04-01,2022-03-31,-1
2023-05-12,6257,2024-03-31,,42000000000,0.204,,,,,5000000000,0.290,5000000000,0.230,,3500000000,,167.50,,,,,,,,,,,,,,,,0.328,,,,,,true,true,12,2023-04-01,2024-03-31,1
2023-05-12,6257,2023-03-31,,27255000000,0.032,,,,,3805000000,,3961000000,,4302000000,,,193.23,,,,,,46167000000,35508000000,0.769,1698.94,35499000000,,,,,50.00,,,,24395500,3500132,22263913,false,false,12,2022-04-01,2023-03-31,0
2023-05-12,6257,2022-03-31,,26415000000,0.785,,,,,-553000000,,-544000000,,-1220000000,,,-54.48,,,,,,41861000000,33213000000,0.793,1483.04,33213000000,,,,,50.00,,,,24395500,2000045,22395455,false,false,12,2021-04-01,2022-03-31,-1
2023-05-12,6257,2024-03-31,,,,,,,,,,,,,,,,,,,,,,,,,,,,,,55.00,,,,,,,false,true,12,2023-04-01,2024-03-31,1
2023-08-08,6257,2024-03-31,1,13523000000,1.457,,,,,3887000000,,3965000000,,,2681000000,,128.35,,,,,,53035000000,42069000000,0.793,,42060000000,,,,,,,,,,,,true,false,3,2023-04-01,2023-06-30,0
2023-08-08,6257,2023-03-31,1,5504000000,0.585,,,,,56000000,,171000000,,,287000000,,12.83,,,,,,,,,,,,,,,,,,,,,,true,false,3,2022-04-01,2022-06-30,-1
2023-08-08,6257,2024-03-31,1,42000000000,0.204,,,,,5000000000,0.290,5000000000,0.230,,3500000000,,167.50,,,,,,,,,,,,,,,,,,,,,,true,true,12,2023-04-01,2024-03-31,0
2023-08-08,6257,2023-03-31,1,,,,,,,,,,,,,,,,,,,,51160000000,39788000000,0.778,,39780000000,,,,,,,,,,,,true,false,12,2022-04-01,2023-03-31,-1
2023-08-08,6257,2023-03-31,1,,,,,,,,,,,,,,,,,,,,,,,,,,,,,50.00,,,,24395500,3500132,,false,false,12,2022-04-01,2023-03-31,-1
2023-08-08,6257,2024-03-31,1,,,,,,,,,,,,,,,,,,,,,,,,,,,,,55.00,,,,,,,false,true,12,2023-04-01,2024-03-31,0
2023-08-08,6257,2024-03-31,1,,,,,,,,,,,,,,,,,,,,,,,,,,,,,,,,,24395500,3500132,20895368,false,false,3,2023-04-01,2023-06-30,0
2023-08-08,6257,2023-03-31,1,,,,,,,,,,,,,,,,,,,,,,,,,,,,,,,,,,,22395455,false,false,3,2022-04-01,2022-06-30,-1
2023-11-06,6257,2024-03-31,2,18293000000,0.066,,,,,2583000000,0.016,2590000000,-0.030,,2407000000,,115.24,,,,,,50065000000,41608000000,0.831,,41600000000,,,,,,,,,,,,true,false,6,2023-04-01,2023-09-30,0
2023-11-06,6257,2023-03-31,2,17156000000,1.193,,,,,2543000000,,2669000000,,,2469000000,,110.25,,,,,,,,,,,,,,,,,,,,,,true,false,6,2022-04-01,2022-09-30,-1
2023-11-06,6257,2024-03-31,2,42000000000,0.204,,,,,5000000000,0.290,5000000000,0.230,,3500000000,,167.50,,,,,,,,,,,,,,,,,,,,,,true,true,12,2023-04-01,2024-03-31,0
2023-11-06,6257,2023-03-31,2,,,,,,,,,,,,,,,,,,,,51160000000,39788000000,0.778,,39780000000,,,,,,,,,,,,true,false,12,2022-04-01,2023-03-31,-1
2023-11-06,6257,2023-03-31,2,,,,,,,,,,,,,,,,,,,,,,,,,,,,,50.00,,,,24395500,3500132,,false,false,12,2022-04-01,2023-03-31,-1
2023-11-06,6257,2024-03-31,2,,,,,,,,,,,,,,,,,,,,,,,,,,,,,25.00,,,,,,,false,false,12,2023-04-01,2024-03-31,0
2023-11-06,6257,2024-03-31,2,,,,,,,,,,,,,,,,,,,,,,,,,,,,,55.00,,,,,,,false,true,12,2023-04-01,2024-03-31,0
2023-11-06,6257,2024-03-31,2,,,,,,,,,,,,,,,,,,,,,,,,,,,,,,,,,24395500,3500154,20895358,false,false,6,2023-04-01,2023-09-30,0
2023-11-06,6257,2023-03-31,2,,,,,,,,,,,,,,,,,,,,,,,,,,,,,,,,,,,22395446,false,false,6,2022-04-01,2022-09-30,-1
2024-02-08,6257,2024-03-31,3,29626000000,0.113,,,,,5243000000,0.182,5276000000,0.142,,3982000000,,190.57,,,,,,52407000000,42058000000,0.802,,42050000000,,,,,,,,,,,,true,false,9,2023-04-01,2023-12-31,0
2024-02-08,6257,2023-03-31,3,26607000000,0.597,,,,,4437000000,,4620000000,,,3948000000,,176.29,,,,,,,,,,,,,,,,,,,,,,true,false,9,2022-04-01,2022-12-31,-1
2024-02-08,6257,2024-03-31,3,42000000000,0.204,,,,,5000000000,0.290,5000000000,0.230,,3500000000,,167.50,,,,,,,,,,,,,,,,,,,,,,true,true,12,2023-04-01,2024-03-31,0
2024-02-08,6257,2023-03-31,3,,,,,,,,,,,,,,,,,,,,51160000000,39788000000,0.778,,39780000000,,,,,,,,,,,,true,false,12,2022-04-01,2023-03-31,-1
2024-02-08,6257,2023-03-31,3,,,,,,,,,,,,,,,,,,,,,,,,,,,,,50.00,,,,24395500,3500132,,false,false,12,2022-04-01,2023-03-31,-1
2024-02-08,6257,2024-03-31,3,,,,,,,,,,,,,,,,,,,,,,,,,,,,,25.00,,,,,,,false,false,12,2023-04-01,2024-03-31,0
2024-02-08,6257,2024-03-31,3,,,,,,,,,,,,,,,,,,,,,,,,,,,,,55.00,,,,,,,false,true,12,2023-04-01,2024-03-31,0
2024-02-08,6257,2024-03-31,3,,,,,,,,,,,,,,,,,,,,,,,,,,,,,,,,,24395500,3500154,20895354,false,false,9,2023-04-01,2023-12-31,0
2024-02-08,6257,2023-03-31,3,,,,,,,,,,,,,,,,,,,,,,,,,,,,,,,,,,,22395432,false,false,9,2022-04-01,2022-12-31,-1
2024-04-26,62570,2024-03-31,,36980000000,-0.120,,,,,4880000000,-0.024,4920000000,-0.016,,3640000000,,174.38,,,,,,,,,,,,,,,,,,,,,,true,true,12,2023-04-01,2024-03-31,0
2024-04-26,62570,2023-03-31,,34869000000,,,,,,3876000000,,4066000000,,,5296000000,,237.90,,,,,,,,,,,,,,,,,,,,,,true,false,12,2022-04-01,2023-03-31,-1
2024-05-10,6257,2024-03-31,,36983000000,0.061,,,,,4880000000,0.259,4923000000,0.211,,3643000000,,174.38,,0.088,0.096,0.132,,51344000000,42941000000,0.836,2054.68,42933000000,3733000000,-2467000000,-1134000000,20133000000,,0.315,,,,,,true,false,12,2023-04-01,2024-03-31,0
2024-05-10,6257,2023-03-31,,34869000000,0.178,,,,,3876000000,,4066000000,,,5296000000,,237.90,,0.139,0.084,0.111,,51160000000,39788000000,0.778,1903.77,39780000000,5507000000,-911000000,-3472000000,20001000000,,0.210,,,,,,true,false,12,2022-04-01,2023-03-31,-1
2024-05-10,6257,2025-03-31,,37000000000,0.000,,,,,5000000000,0.024,5000000000,0.015,,3700000000,,177.07,,,,,,,,,,,,,,,,0.311,,,,,,true,true,12,2024-04-01,2025-03-31,1
2024-05-10,6257,2024-03-31,,21789000000,-0.201,,,,,3690000000,-0.030,3701000000,-0.066,3205000000,,-0.255,153.41,,,,,,46065000000,37940000000,0.823,1815.35,37932000000,,,,,55.00,,,,24395500,3500154,20895352,false,false,12,2023-04-01,2024-03-31,0
2024-05-10,6257,2023-03-31,,27255000000,0.032,,,,,3805000000,,3961000000,,4302000000,,,193.23,,,,,,46167000000,35508000000,0.769,1698.94,35499000000,,,,,50.00,,,,24395500,3500132,22263913,false,false,12,2022-04-01,2023-03-31,-1
2024-05-10,6257,2025-03-31,,,,,,,,,,,,,,,,,,,,,,,,,,,,,,55.00,,,,,,,false,true,12,2024-04-01,2025-03-31,1
2024-08-08,6257,2025-03-31,1,8476000000,-0.373,,,,,615000000,-0.842,710000000,-0.821,,436000000,,20.87,,,,,,51044000000,43439000000,0.851,,43439000000,,,,,,,,,,,,true,false,3,2024-04-01,2024-06-30,0
2024-08-08,6257,2024-03-31,1,13523000000,1.457,,,,,3887000000,,3965000000,,,2681000000,,128.35,,,,,,,,,,,,,,,,,,,,,,true,false,3,2023-04-01,2023-06-30,-1
2024-08-08,6257,2025-03-31,1,37000000000,0.000,,,,,5000000000,0.024,5000000000,0.015,,3700000000,,177.07,,,,,,,,,,,,,,,,,,,,,,true,true,12,2024-04-01,2025-03-31,0
2024-08-08,6257,2024-03-31,1,,,,,,,,,,,,,,,,,,,,51344000000,42941000000,0.836,,42933000000,,,,,,,,,,,,true,false,12,2023-04-01,2024-03-31,-1
2024-08-08,6257,2024-03-31,1,,,,,,,,,,,,,,,,,,,,,,,,,,,,,55.00,,,,24395500,3500154,,false,false,12,2023-04-01,2024-03-31,-1
2024-08-08,6257,2025-03-31,1,,,,,,,,,,,,,,,,,,,,,,,,,,,,,55.00,,,,,,,false,true,12,2024-04-01,2025-03-31,0
2024-08-08,6257,2025-03-31,1,,,,,,,,,,,,,,,,,,,,,,,,,,,,,,,,,22895500,2000154,20895346,false,false,3,2024-04-01,2024-06-30,0
2024-08-08,6257,2024-03-31,1,,,,,,,,,,,,,,,,,,,,,,,,,,,,,,,,,,,20895368,false,false,3,2023-04-01,2023-06-30,-1
2024-11-08,6257,2025-03-31,2,25114000000,0.373,,,,,5725000000,1.216,5833000000,1.252,,3809000000,,182.30,,,,,,60720000000,48371000000,0.797,,48371000000,,,,,,,,,,,,true,false,6,2024-04-01,2024-09-30,0
2024-11-08,6257,2024-03-31,2,18293000000,0.066,,,,,2583000000,0.016,2590000000,-0.030,,2407000000,,115.24,,,,,,,,,,,,,,,,,,,,,,true,false,6,2023-04-01,2023-09-30,-1
2024-11-08,6257,2025-03-31,2,37000000000,0.000,,,,,5000000000,0.024,5000000000,0.015,,3700000000,,177.04,,,,,,,,,,,,,,,,,,,,,,true,true,12,2024-04-01,2025-03-31,0
2024-11-08,6257,2024-03-31,2,,,,,,,,,,,,,,,,,,,,51344000000,42941000000,0.836,,42933000000,,,,,,,,,,,,true,false,12,2023-04-01,2024-03-31,-1
2024-11-08,6257,2024-03-31,2,,,,,,,,,,,,,,,,,,,,,,,,,,,,,55.00,,,,24395500,3500154,,false,false,12,2023-04-01,2024-03-31,-1
2024-11-08,6257,2025-03-31,2,,,,,,,,,,,,,,,,,,,,,,,,,,,,,25.00,,,,,,,false,false,12,2024-04-01,2025-03-31,0
2024-11-08,6257,2025-03-31,2,,,,,,,,,,,,,,,,,,,,,,,,,,,,,55.00,,,,,,,false,true,12,2024-04-01,2025-03-31,0
2024-11-08,6257,2025-03-31,2,,,,,,,,,,,,,,,,,,,,,,,,,,,,,,,,,22895500,1988311,20899617,false,false,6,2024-04-01,2024-09-30,0
2024-11-08,6257,2024-03-31,2,,,,,,,,,,,,,,,,,,,,,,,,,,,,,,,,,,,20895358,false,false,6,2023-04-01,2023-09-30,-1
2025-02-07,6257,2025-03-31,3,30740000000,0.038,,,,,6206000000,0.184,6409000000,0.215,,4299000000,,205.72,,,,,,59098000000,50069000000,0.847,,50069000000,,,,,,,,,,,,true,false,9,2024-04-01,2024-12-31,0
2025-02-07,6257,2024-03-31,3,29626000000,0.113,,,,,5243000000,0.182,5276000000,0.142,,3982000000,,190.57,,,,,,,,,,,,,,,,,,,,,,true,false,9,2023-04-01,2023-12-31,-1
2025-02-07,6257,2025-03-31,3,37000000000,0.000,,,,,5000000000,0.024,5000000000,0.015,,3700000000,,177.04,,,,,,,,,,,,,,,,,,,,,,true,true,12,2024-04-01,2025-03-31,0
2025-02-07,6257,2024-03-31,3,,,,,,,,,,,,,,,,,,,,51344000000,42941000000,0.836,,42933000000,,,,,,,,,,,,true,false,12,2023-04-01,2024-03-31,-1
2025-02-07,6257,2024-03-31,3,,,,,,,,,,,,,,,,,,,,,,,,,,,,,55.00,,,,24395500,3500154,,false,false,12,2023-04-01,2024-03-31,-1
2025-02-07,6257,2025-03-31,3,,,,,,,,,,,,,,,,,,,,,,,,,,,,,25.00,,,,,,,false,false,12,2024-04-01,2025-03-31,0
2025-02-07,6257,2025-03-31,3,,,,,,,,,,,,,,,,,,,,,,,,,,,,,55.00,,,,,,,false,true,12,2024-04-01,2025-03-31,0
2025-02-07,6257,2025-03-31,3,,,,,,,,,,,,,,,,,,,,,,,,,,,,,,,,,22895500,1988311,20902151,false,false,9,2024-04-01,2024-12-31,0
2025-02-07,6257,2024-03-31,3,,,,,,,,,,,,,,,,,,,,,,,,,,,,,,,,,,,20895354,false,false,9,2023-04-01,2023-12-31,-1
2025-02-28,62570,2025-03-31,,34400000000,-0.070,,,,,3100000000,-0.380,3300000000,-0.340,,2200000000,,105.25,,,,,,,,,,,,,,,,,,,,,,true,true,12,2024-04-01,2025-03-31,0
2025-02-28,62570,2024-03-31,,36983000000,,,,,,4880000000,,4923000000,,,3643000000,,174.38,,,,,,,,,,,,,,,,,,,,,,true,false,12,2023-04-01,2024-03-31,-1
2025-05-09,6257,2025-03-31,,34597000000,-0.065,,,,,3192000000,-0.346,3406000000,-0.308,,2568000000,,122.86,,0.057,0.065,0.092,,53170000000,46778000000,0.880,2237.46,46778000000,4611000000,-2025000000,-1168000000,21551000000,,0.448,,,,,,true,false,12,2024-04-01,2025-03-31,0
2025-05-09,6257,2024-03-31,,36983000000,0.061,,,,,4880000000,0.259,4923000000,0.211,,3643000000,,174.38,,0.088,0.096,0.132,,51344000000,42941000000,0.836,2054.68,42933000000,3733000000,-2467000000,-1134000000,20133000000,,0.315,,,,,,true,false,12,2023-04-01,2024-03-31,-1
2025-05-09,6257,2026-03-31,,36500000000,0.055,,,,,3100000000,-0.029,3200000000,-0.061,,2200000000,,105.23,,,,,,,,,,,,,,,,0.523,,,,,,true,true,12,2025-04-01,2026-03-31,1
2025-05-09,6257,2025-03-31,,24772000000,0.137,,,,,3422000000,-0.073,3672000000,-0.008,2944000000,,-0.081,140.87,,,,,,49014000000,42050000000,0.858,2011.27,42050000000,,,,,55.00,,,,22895500,1988311,20903393,false,false,12,2024-04-01,2025-03-31,0
2025-05-09,6257,2024-03-31,,21789000000,-0.201,,,,,3690000000,-0.030,3701000000,-0.066,3205000000,,-0.255,153.41,,,,,,46065000000,37940000000,0.823,1815.35,37932000000,,,,,55.00,,,,24395500,3500154,20895352,false,false,12,2023-04-01,2024-03-31,-1
2025-05-09,6257,2026-03-31,,,,,,,,,,,,,,,,,,,,,,,,,,,,,,55.00,,,,,,,false,true,12,2025-04-01,2026-03-31,1
