filing_date,code,fiscal_year_end,quarterly_period,net_sales,net_sales_change,revenue,revenue_change,operating_revenue,operating_revenue_change,operating_profit,operating_profit_change,ordinary_profit,ordinary_profit_change,net_income,net_income_of_parent,net_income_change,eps,diluted_eps,roe,roa,operating_profit_to_net_sales,operating_profit_to_revenue,total_assets,net_assets,equity_ratio,bps,owner_equity,operating_cash_flow,investing_cash_flow,financing_cash_flow,cash,dividend_per_share,payout_ratio,commemorative_dividend,extra_dividend,number_of_shares,number_of_treqsury_shares,avg_number_of_shares,is_consolidated,is_forecast,duration,period_start,period_end,period_pos
2015-05-14,62620,2015-03-31,,16206000000,0.152,,,,,1723000000,0.541,2189000000,0.737,2328000000,,1.444,101.36,,0.144,0.080,0.106,,29524000000,19848000000,0.647,770.34,19112000000,1980000000,-302000000,-461000000,6490000000,,0.118,,,,,,true,false,12,2014-04-01,2015-03-31,0
2015-05-14,62620,2014-03-31,,14067000000,0.383,,,,,1118000000,,1260000000,3.724,953000000,,4.448,42.60,42.58,0.082,0.057,0.079,,25528000000,13846000000,0.516,594.90,13184000000,1039000000,-498000000,686000000,4900000000,,0.140,,,,,,true,false,12,2013-04-01,2014-03-31,-1
2015-05-14,62620,2016-03-31,,9040000000,0.086,,,,,930000000,0.005,950000000,-0.173,,610000000,,24.59,,,,,,,,,,,,,,,,,,,,,,true,true,6,2015-04-01,2015-09-30,1
2015-05-14,62620,2016-03-31,,18360000000,0.133,,,,,2000000000,0.161,2010000000,-0.082,,1420000000,,57.23,,,,,,,,,,,,,,,,0.245,,,,,,true,true,12,2015-04-01,2016-03-31,1
2015-05-14,62620,2015-03-31,,9463000000,0.101,,,,,685000000,0.245,2310000000,1.134,2388000000,,1.443,103.93,,,,,,19485000000,11518000000,0.591,464.24,11518000000,,,,,12.00,,2.00,,24828600,17944,22977036,false,false,12,2014-04-01,2015-03-31,0
2015-05-14,62620,2014-03-31,,8594000000,0.405,,,,,550000000,,1082000000,,977000000,,4.292,43.70,43.68,,,,,16940000000,7520000000,0.444,339.35,7520000000,,,,,6.00,,,,23780000,1617901,22374407,false,false,12,2013-04-01,2014-03-31,-1
2015-05-14,62620,2016-03-31,,,,,,,,,,,,,,,,,,,,,,,,,,,,,,14.00,,,,,,,false,true,12,2015-04-01,2016-03-31,1
2015-07-31,62620,2016-03-31,1,4725000000,0.104,,,,,527000000,-0.060,636000000,0.238,,416000000,,16.78,,,,,,29712000000,19923000000,0.647,,19223000000,,,,,,,,,,,,true,false,3,2015-04-01,2015-06-30,0
2015-07-31,62620,2015-03-31,1,4279000000,0.264,,,,,561000000,3.890,514000000,1.144,,704000000,,31.78,,,,,,,,,,,,,,,,,,,,,,true,false,3,2014-04-01,2014-06-30,-1
2015-07-31,62620,2016-03-31,1,9040000000,0.086,,,,,930000000,0.005,950000000,-0.173,,610000000,,24.59,,,,,,,,,,,,,,,,,,,,,,true,true,6,2015-04-01,2015-09-30,0
2015-07-31,62620,2016-03-31,1,18360000000,0.133,,,,,2000000000,0.161,2010000000,-0.082,,1420000000,,57.23,,,,,,,,,,,,,,,,,,,,,,true,true,12,2015-04-01,2016-03-31,0
2015-07-31,62620,2015-03-31,1,,,,,,,,,,,,,,,,,,,,29524000000,19848000000,0.647,,19112000000,,,,,,,,,,,,true,false,12,2014-04-01,2015-03-31,-1
2015-07-31,62620,2015-03-31,1,,,,,,,,,,,,,,,,,,,,,,,,,,,,,12.00,,,,24828600,17944,,false,false,12,2014-04-01,2015-03-31,-1
2015-07-31,62620,2016-03-31,1,,,,,,,,,,,,,,,,,,,,,,,,,,,,,14.00,,,,,,,false,true,12,2015-04-01,2016-03-31,0
2015-07-31,62620,2016-03-31,1,,,,,,,,,,,,,,,,,,,,,,,,,,,,,,,,,24828600,17944,24810656,false,false,3,2015-04-01,2015-06-30,0
2015-07-31,62620,2015-03-31,1,,,,,,,,,,,,,,,,,,,,,,,,,,,,,,,,,,,22162099,false,false,3,2014-04-01,2014-06-30,-1
2015-10-29,62620,2016-03-31,,9757000000,0.079,,,,,1027000000,0.104,1124000000,0.183,,854000000,,34.44,,,,,,,,,,,,,,,,,,,,,,true,true,6,2015-04-01,2015-09-30,0
2015-10-29,62620,2015-03-31,,8327000000,,,,,,925000000,,1149000000,,,1206000000,,54.45,,,,,,,,,,,,,,,,,,,,,,true,false,6,2014-04-01,2014-09-30,-1
2015-10-30,62620,2016-03-31,2,9757000000,0.172,,,,,1027000000,0.110,1124000000,-0.021,,854000000,,34.44,,,,,,29980000000,20660000000,0.665,,19947000000,,,,,,,,,,,,true,false,6,2015-04-01,2015-09-30,0
2015-10-30,62620,2015-03-31,2,8327000000,0.222,,,,,925000000,1.080,1149000000,1.476,,1206000000,,54.45,,,,,,,,,,,,,,,,,,,,,,true,false,6,2014-04-01,2014-09-30,-1
2015-10-30,62620,2016-03-31,2,18360000000,0.133,,,,,2000000000,0.161,2010000000,-0.082,,1420000000,,57.23,,,,,,,,,,,,,,,,,,,,,,true,true,12,2015-04-01,2016-03-31,0
2015-10-30,62620,2015-03-31,2,,,,,,,,,,,,,,,,,,,,29524000000,19848000000,0.647,,19112000000,,,,,,,,,,,,true,false,12,2014-04-01,2015-03-31,-1
2015-10-30,62620,2015-03-31,2,,,,,,,,,,,,,,,,,,,,,,,,,,,,,12.00,,,,24828600,17944,,false,false,12,2014-04-01,2015-03-31,-1
2015-10-30,62620,2016-03-31,2,,,,,,,,,,,,,,,,,,,,,,,,,,,,,7.00,,,,,,,false,false,12,2015-04-01,2016-03-31,0
2015-10-30,62620,2016-03-31,2,,,,,,,,,,,,,,,,,,,,,,,,,,,,,14.00,,,,,,,false,true,12,2015-04-01,2016-03-31,0
2015-10-30,62620,2016-03-31,2,,,,,,,,,,,,,,,,,,,,,,,,,,,,,,,,,24828600,17944,24810656,false,false,6,2015-04-01,2015-09-30,0
2015-10-30,62620,2015-03-31,2,,,,,,,,,,,,,,,,,,,,,,,,,,,,,,,,,,,22162099,false,false,6,2014-04-01,2014-09-30,-1
2016-01-28,62620,2016-03-31,3,14596000000,0.192,,,,,1833000000,0.362,2069000000,0.101,,1965000000,,79.20,,,,,,29434000000,21021000000,0.691,,20327000000,,,,,,,,,,,,true,false,9,2015-04-01,2015-12-31,0
2016-01-28,62620,2015-03-31,3,12243000000,0.210,,,,,1346000000,0.578,1879000000,0.649,,2153000000,,96.02,,,,,,,,,,,,,,,,,,,,,,true,false,9,2014-04-01,2014-12-31,-1
2016-01-28,62620,2016-03-31,3,19170000000,0.183,,,,,2360000000,0.370,2550000000,0.165,,2290000000,,92.30,,,,,,,,,,,,,,,,,,,,,,true,true,12,2015-04-01,2016-03-31,0
2016-01-28,62620,2015-03-31,3,,,,,,,,,,,,,,,,,,,,29524000000,19848000000,0.647,,19112000000,,,,,,,,,,,,true,false,12,2014-04-01,2015-03-31,-1
2016-01-28,62620,2015-03-31,3,,,,,,,,,,,,,,,,,,,,,,,,,,,,,12.00,,,,24828600,17944,,false,false,12,2014-04-01,2015-03-31,-1
2016-01-28,62620,2016-03-31,3,,,,,,,,,,,,,,,,,,,,,,,,,,,,,7.00,,,,,,,false,false,12,2015-04-01,2016-03-31,0
2016-01-28,62620,2016-03-31,3,,,,,,,,,,,,,,,,,,,,,,,,,,,,,17.00,,,,,,,false,true,12,2015-04-01,2016-03-31,0
2016-01-28,62620,2016-03-31,3,,,,,,,,,,,,,,,,,,,,,,,,,,,,,,,,,24828600,17944,24810656,false,false,9,2015-04-01,2015-12-31,0
2016-01-28,62620,2015-03-31,3,,,,,,,,,,,,,,,,,,,,,,,,,,,,,,,,,,,22426950,false,false,9,2014-04-01,2014-12-31,-1
2016-05-12,62620,2016-03-31,,19188000000,0.184,,,,,2356000000,0.367,2388000000,0.091,,2160000000,,87.07,,0.110,0.081,0.123,,29237000000,20911000000,0.691,814.37,20205000000,2314000000,-1264000000,-1840000000,5598000000,,0.195,,,,,,true,false,12,2015-04-01,2016-03-31,0
2016-05-12,62620,2015-03-31,,16206000000,0.152,,,,,1723000000,0.541,2189000000,0.737,,2328000000,,101.36,,0.144,0.080,0.106,,29524000000,19848000000,0.647,770.34,19112000000,1980000000,-302000000,-461000000,6490000000,,0.118,,,,,,true,false,12,2014-04-01,2015-03-31,-1
2016-05-12,62620,2017-03-31,,9970000000,0.022,,,,,1390000000,0.353,1400000000,0.246,,1010000000,,40.71,,,,,,,,,,,,,,,,,,,,,,true,true,6,2016-04-01,2016-09-30,1
2016-05-12,62620,2017-03-31,,19400000000,0.011,,,,,2640000000,0.121,2620000000,0.097,,1910000000,,76.98,,,,,,,,,,,,,,,,0.260,,,,,,true,true,12,2016-04-01,2017-03-31,1
2016-05-12,62620,2016-03-31,,10697000000,0.130,,,,,987000000,0.439,1902000000,-0.176,2233000000,,-0.065,90.01,,,,,,19503000000,13306000000,0.682,536.31,13306000000,,,,,17.00,,3.00,,24828600,17944,24810656,false,false,12,2015-04-01,2016-03-31,0
2016-05-12,62620,2015-03-31,,9463000000,0.101,,,,,685000000,0.245,2310000000,1.134,2388000000,,1.443,103.93,,,,,,19485000000,11518000000,0.591,464.24,11518000000,,,,,12.00,,,,24828600,17944,22977036,false,false,12,2014-04-01,2015-03-31,-1
2016-05-12,62620,2017-03-31,,,,,,,,,,,,,,,,,,,,,,,,,,,,,,20.00,,,,,,,false,true,12,2016-04-01,2017-03-31,1
2016-07-28,62620,2017-03-31,1,5512000000,0.166,,,,,935000000,0.774,537000000,-0.156,,399000000,,16.09,,,,,,28167000000,19761000000,0.679,,19135000000,,,,,,,,,,,,true,false,3,2016-04-01,2016-06-30,0
2016-07-28,62620,2016-03-31,1,4725000000,0.104,,,,,527000000,-0.060,636000000,0.238,,416000000,,16.78,,,,,,,,,,,,,,,,,,,,,,true,false,3,2015-04-01,2015-06-30,-1
2016-07-28,62620,2017-03-31,1,9970000000,0.022,,,,,1390000000,0.353,1400000000,0.246,,1010000000,,40.71,,,,,,,,,,,,,,,,,,,,,,true,true,6,2016-04-01,2016-09-30,0
2016-07-28,62620,2017-03-31,1,19400000000,0.011,,,,,2640000000,0.121,2620000000,0.097,,1910000000,,76.98,,,,,,,,,,,,,,,,,,,,,,true,true,12,2016-04-01,2017-03-31,0
2016-07-28,62620,2016-03-31,1,,,,,,,,,,,,,,,,,,,,29237000000,20911000000,0.691,,20205000000,,,,,,,,,,,,true,false,12,2015-04-01,2016-03-31,-1
2016-07-28,62620,2016-03-31,1,,,,,,,,,,,,,,,,,,,,,,,,,,,,,17.00,,,,24828600,17944,,false,false,12,2015-04-01,2016-03-31,-1
2016-07-28,62620,2017-03-31,1,,,,,,,,,,,,,,,,,,,,,,,,,,,,,20.00,,,,,,,false,true,12,2016-04-01,2017-03-31,0
2016-07-28,62620,2017-03-31,1,,,,,,,,,,,,,,,,,,,,,,,,,,,,,,,3.00,,24828600,17944,24810656,false,false,3,2016-04-01,2016-06-30,0
2016-07-28,62620,2016-03-31,1,,,,,,,,,,,,,,,,,,,,,,,,,,,,,,,,,,,24810656,false,false,3,2015-04-01,2015-06-30,-1
2016-10-27,62620,2017-03-31,2,10151000000,0.040,,,,,1677000000,0.633,1282000000,0.140,,906000000,,36.54,,,,,,25777000000,18691000000,0.703,,18118000000,,,,,,,,,,,,true,false,6,2016-04-01,2016-09-30,0
2016-10-27,62620,2016-03-31,2,9757000000,0.172,,,,,1027000000,0.110,1124000000,-0.021,,854000000,,34.44,,,,,,,,,,,,,,,,,,,,,,true,false,6,2015-04-01,2015-09-30,-1
2016-10-27,62620,2017-03-31,2,18650000000,-0.028,,,,,2740000000,0.163,2250000000,-0.058,,1630000000,,65.70,,,,,,,,,,,,,,,,,,,,,,true,true,12,2016-04-01,2017-03-31,0
2016-10-27,62620,2016-03-31,2,,,,,,,,,,,,,,,,,,,,29237000000,20911000000,0.691,,20205000000,,,,,,,,,,,,true,false,12,2015-04-01,2016-03-31,-1
2016-10-27,62620,2016-03-31,2,,,,,,,,,,,,,,,,,,,,,,,,,,,,,17.00,,,,24828600,17944,,false,false,12,2015-04-01,2016-03-31,-1
2016-10-27,62620,2017-03-31,2,,,,,,,,,,,,,,,,,,,,,,,,,,,,,10.00,,,,,,,false,false,12,2016-04-01,2017-03-31,0
2016-10-27,62620,2017-03-31,2,,,,,,,,,,,,,,,,,,,,,,,,,,,,,20.00,,,,,,,false,true,12,2016-04-01,2017-03-31,0
2016-10-27,62620,2017-03-31,2,,,,,,,,,,,,,,,,,,,,,,,,,,,,,,,3.00,,24828600,17944,24810656,false,false,6,2016-04-01,2016-09-30,0
2016-10-27,62620,2016-03-31,2,,,,,,,,,,,,,,,,,,,,,,,,,,,,,,,,,,,24810656,false,false,6,2015-04-01,2015-09-30,-1
2017-01-30,62620,2017-03-31,3,14544000000,-0.004,,,,,2354000000,0.284,2473000000,0.195,,1840000000,,74.19,,,,,,26371000000,19180000000,0.706,,18605000000,,,,,,,,,,,,true,false,9,2016-04-01,2016-12-31,0
2017-01-30,62620,2016-03-31,3,14596000000,0.192,,,,,1833000000,0.362,2069000000,0.101,,1965000000,,79.20,,,,,,,,,,,,,,,,,,,,,,true,false,9,2015-04-01,2015-12-31,-1
2017-01-30,62620,2017-03-31,3,18990000000,-0.010,,,,,3010000000,0.278,2890000000,0.210,,2090000000,,84.24,,,,,,,,,,,,,,,,,,,,,,true,true,12,2016-04-01,2017-03-31,0
2017-01-30,62620,2016-03-31,3,,,,,,,,,,,,,,,,,,,,29237000000,20911000000,0.691,,20205000000,,,,,,,,,,,,true,false,12,2015-04-01,2016-03-31,-1
2017-01-30,62620,2016-03-31,3,,,,,,,,,,,,,,,,,,,,,,,,,,,,,17.00,,,,24828600,17944,,false,false,12,2015-04-01,2016-03-31,-1
2017-01-30,62620,2017-03-31,3,,,,,,,,,,,,,,,,,,,,,,,,,,,,,10.00,,,,,,,false,false,12,2016-04-01,2017-03-31,0
2017-01-30,62620,2017-03-31,3,,,,,,,,,,,,,,,,,,,,,,,,,,,,,20.00,,,,,,,false,true,12,2016-04-01,2017-03-31,0
2017-01-30,62620,2017-03-31,3,,,,,,,,,,,,,,,,,,,,,,,,,,,,,,,3.00,,24828600,17944,24810656,false,false,9,2016-04-01,2016-12-31,0
2017-01-30,62620,2016-03-31,3,,,,,,,,,,,,,,,,,,,,,,,,,,,,,,,,,,,24810656,false,false,9,2015-04-01,2015-12-31,-1
2017-05-15,62620,2017-03-31,,18961000000,-0.012,,,,,2798000000,0.188,2831000000,0.185,,2103000000,,84.79,,0.103,0.098,0.148,,28468000000,21250000000,0.723,829.58,20582000000,1870000000,149000000,-1397000000,5963000000,,0.236,,,,,,true,false,12,2016-04-01,2017-03-31,0
2017-05-15,62620,2016-03-31,,19188000000,0.184,,,,,2356000000,0.367,2388000000,0.091,,2160000000,,87.07,,0.110,0.081,0.123,,29237000000,20911000000,0.691,814.37,20205000000,2314000000,-1264000000,-1840000000,5598000000,,0.195,,,,,,true,false,12,2015-04-01,2016-03-31,-1
2017-05-15,62620,2018-03-31,,9370000000,-0.077,,,,,1540000000,-0.082,1580000000,0.232,,1110000000,,44.74,,,,,,,,,,,,,,,,,,,,,,true,true,6,2017-04-01,2017-09-30,1
2017-05-15,62620,2018-03-31,,19290000000,0.017,,,,,2810000000,0.004,2840000000,0.003,,1950000000,,78.60,,,,,,,,,,,,,,,,0.280,,,,,,true,true,12,2017-04-01,2018-03-31,1
2017-05-15,62620,2017-03-31,,9635000000,-0.099,,,,,810000000,-0.178,1294000000,-0.320,1078000000,,-0.517,43.46,,,,,,19013000000,13858000000,0.729,558.55,13858000000,,,,,20.00,,3.00,,24828600,17944,24810656,false,false,12,2016-04-01,2017-03-31,0
2017-05-15,62620,2016-03-31,,10697000000,0.130,,,,,987000000,0.439,1902000000,-0.176,2233000000,,-0.065,90.01,,,,,,19503000000,13306000000,0.682,536.31,13306000000,,,,,17.00,,,,24828600,17944,24810656,false,false,12,2015-04-01,2016-03-31,-1
2017-05-15,62620,2018-03-31,,,,,,,,,,,,,,,,,,,,,,,,,,,,,,22.00,,,,,,,false,true,12,2017-04-01,2018-03-31,1
2017-07-31,62620,2018-03-31,1,4418000000,-0.198,,,,,672000000,-0.281,740000000,0.377,,475000000,,19.18,,,,,,28052000000,20956000000,0.725,,20335000000,,,,,,,,,,,,true,false,3,2017-04-01,2017-06-30,0
2017-07-31,62620,2017-03-31,1,5512000000,0.166,,,,,935000000,0.774,537000000,-0.156,,399000000,,16.09,,,,,,,,,,,,,,,,,,,,,,true,false,3,2016-04-01,2016-06-30,-1
2017-07-31,62620,2018-03-31,1,9370000000,-0.077,,,,,1540000000,-0.082,1580000000,0.232,,1110000000,,44.74,,,,,,,,,,,,,,,,,,,,,,true,true,6,2017-04-01,2017-09-30,0
2017-07-31,62620,2018-03-31,1,19290000000,0.017,,,,,2810000000,0.004,2840000000,0.003,,1950000000,,78.60,,,,,,,,,,,,,,,,,,,,,,true,true,12,2017-04-01,2018-03-31,0
2017-07-31,62620,2017-03-31,1,,,,,,,,,,,,,,,,,,,,28468000000,21250000000,0.723,,20582000000,,,,,,,,,,,,true,false,12,2016-04-01,2017-03-31,-1
2017-07-31,62620,2017-03-31,1,,,,,,,,,,,,,,,,,,,,,,,,,,,,,20.00,,,,24828600,17944,,false,false,12,2016-04-01,2017-03-31,-1
2017-07-31,62620,2018-03-31,1,,,,,,,,,,,,,,,,,,,,,,,,,,,,,22.00,,,,,,,false,true,12,2017-04-01,2018-03-31,0
2017-07-31,62620,2018-03-31,1,,,,,,,,,,,,,,,,,,,,,,,,,,,,,,,,,24828600,17944,24810656,false,false,3,2017-04-01,2017-06-30,0
2017-07-31,62620,2017-03-31,1,,,,,,,,,,,,,,,,,,,,,,,,,,,,,,,,,,,24810656,false,false,3,2016-04-01,2016-06-30,-1
2017-10-30,62620,2018-03-31,2,8357000000,-0.177,,,,,1281000000,-0.236,1370000000,0.068,,891000000,,35.92,,,,,,28090000000,21550000000,0.744,,20911000000,,,,,,,,,,,,true,false,6,2017-04-01,2017-09-30,0
2017-10-30,62620,2017-03-31,2,10151000000,0.040,,,,,1677000000,0.633,1282000000,0.140,,906000000,,36.54,,,,,,,,,,,,,,,,,,,,,,true,false,6,2016-04-01,2016-09-30,-1
2017-10-30,62620,2018-03-31,2,17180000000,-0.094,,,,,2390000000,-0.146,2350000000,-0.170,,1500000000,,60.46,,,,,,,,,,,,,,,,,,,,,,true,true,12,2017-04-01,2018-03-31,0
2017-10-30,62620,2017-03-31,2,,,,,,,,,,,,,,,,,,,,28468000000,21250000000,0.723,,20582000000,,,,,,,,,,,,true,false,12,2016-04-01,2017-03-31,-1
2017-10-30,62620,2017-03-31,2,,,,,,,,,,,,,,,,,,,,,,,,,,,,,20.00,,,,24828600,17944,,false,false,12,2016-04-01,2017-03-31,-1
2017-10-30,62620,2018-03-31,2,,,,,,,,,,,,,,,,,,,,,,,,,,,,,11.00,,,,,,,false,false,12,2017-04-01,2018-03-31,0
2017-10-30,62620,2018-03-31,2,,,,,,,,,,,,,,,,,,,,,,,,,,,,,22.00,,,,,,,false,true,12,2017-04-01,2018-03-31,0
2017-10-30,62620,2018-03-31,2,,,,,,,,,,,,,,,,,,,,,,,,,,,,,,,,,24828600,17944,24810656,false,false,6,2017-04-01,2017-09-30,0
2017-10-30,62620,2017-03-31,2,,,,,,,,,,,,,,,,,,,,,,,,,,,,,,,,,,,24810656,false,false,6,2016-04-01,2016-09-30,-1
2018-01-30,62620,2018-03-31,3,12613000000,-0.133,,,,,1606000000,-0.318,1677000000,-0.322,,1027000000,,41.41,,,,,,28291000000,21778000000,0.746,,21117000000,,,,,,,,,,,,true,false,9,2017-04-01,2017-12-31,0
2018-01-30,62620,2017-03-31,3,14544000000,-0.004,,,,,2354000000,0.284,2473000000,0.195,,1840000000,,74.19,,,,,,,,,,,,,,,,,,,,,,true,false,9,2016-04-01,2016-12-31,-1
2018-01-30,62620,2018-03-31,3,17180000000,-0.094,,,,,2390000000,-0.146,2350000000,-0.170,,1500000000,,60.46,,,,,,,,,,,,,,,,,,,,,,true,true,12,2017-04-01,2018-03-31,0
2018-01-30,62620,2017-03-31,3,,,,,,,,,,,,,,,,,,,,28468000000,21250000000,0.723,,20582000000,,,,,,,,,,,,true,false,12,2016-04-01,2017-03-31,-1
2018-01-30,62620,2017-03-31,3,,,,,,,,,,,,,,,,,,,,,,,,,,,,,20.00,,,,24828600,17944,,false,false,12,2016-04-01,2017-03-31,-1
2018-01-30,62620,2018-03-31,3,,,,,,,,,,,,,,,,,,,,,,,,,,,,,11.00,,,,,,,false,false,12,2017-04-01,2018-03-31,0
2018-01-30,62620,2018-03-31,3,,,,,,,,,,,,,,,,,,,,,,,,,,,,,22.00,,,,,,,false,true,12,2017-04-01,2018-03-31,0
2018-01-30,62620,2018-03-31,3,,,,,,,,,,,,,,,,,,,,,,,,,,,,,,,,,24828600,17944,24810656,false,false,9,2017-04-01,2017-12-31,0
2018-01-30,62620,2017-03-31,3,,,,,,,,,,,,,,,,,,,,,,,,,,,,,,,,,,,24810656,false,false,9,2016-04-01,2016-12-31,-1
2018-05-15,62620,2018-03-31,,16978000000,-0.105,,,,,2212000000,-0.209,2030000000,-0.283,,1270000000,,51.22,,0.060,0.071,0.130,,28351000000,22200000000,0.759,867.46,21522000000,2403000000,-582000000,-1478000000,6316000000,,0.430,,,,,,true,false,12,2017-04-01,2018-03-31,0
2018-05-15,62620,2017-03-31,,18961000000,-0.012,,,,,2798000000,0.188,2831000000,0.185,,2103000000,,84.79,,0.103,0.098,0.148,,28468000000,21250000000,0.723,829.58,20582000000,1870000000,149000000,-1397000000,5963000000,,0.236,,,,,,true,false,12,2016-04-01,2017-03-31,-1
2018-05-15,62620,2019-03-31,,10000000000,0.197,,,,,1480000000,0.155,1370000000,0.000,,1180000000,,47.56,,,,,,,,,,,,,,,,,,,,,,true,true,6,2018-04-01,2018-09-30,1
2018-05-15,62620,2019-03-31,,19720000000,0.162,,,,,2780000000,0.257,2650000000,0.305,,2120000000,,85.45,,,,,,,,,,,,,,,,0.257,,,,,,true,true,12,2018-04-01,2019-03-31,1
2018-05-15,62620,2018-03-31,,9022000000,-0.064,,,,,813000000,0.003,1304000000,0.008,963000000,,-0.106,38.85,,,,,,18471000000,14321000000,0.775,577.24,14321000000,,,,,22.00,,,,24828600,17944,24810656,false,false,12,2017-04-01,2018-03-31,0
2018-05-15,62620,2017-03-31,,9635000000,-0.099,,,,,810000000,-0.178,1294000000,-0.320,1078000000,,-0.517,43.46,,,,,,19013000000,13858000000,0.729,558.55,13858000000,,,,,20.00,,,,24828600,17944,24810656,false,false,12,2016-04-01,2017-03-31,-1
2018-05-15,62620,2019-03-31,,,,,,,,,,,,,,,,,,,,,,,,,,,,,,22.00,,,,,,,false,true,12,2018-04-01,2019-03-31,1
2018-07-30,62620,2019-03-31,1,5174000000,0.171,,,,,688000000,0.024,729000000,-0.014,,662000000,,26.72,,,,,,28162000000,21954000000,0.756,,21300000000,,,,,,,,,,,,true,false,3,2018-04-01,2018-06-30,0
2018-07-30,62620,2018-03-31,1,4418000000,-0.198,,,,,672000000,-0.281,740000000,0.377,,475000000,,19.18,,,,,,,,,,,,,,,,,,,,,,true,false,3,2017-04-01,2017-06-30,-1
2018-07-30,62620,2019-03-31,1,10000000000,0.197,,,,,1480000000,0.155,1370000000,0.000,,1180000000,,47.56,,,,,,,,,,,,,,,,,,,,,,true,true,6,2018-04-01,2018-09-30,0
2018-07-30,62620,2019-03-31,1,19720000000,0.162,,,,,2780000000,0.257,2650000000,0.305,,2120000000,,85.45,,,,,,,,,,,,,,,,,,,,,,true,true,12,2018-04-01,2019-03-31,0
2018-07-30,62620,2018-03-31,1,,,,,,,,,,,,,,,,,,,,28097000000,22200000000,0.766,,21522000000,,,,,,,,,,,,true,false,12,2017-04-01,2018-03-31,-1
2018-07-30,62620,2018-03-31,1,,,,,,,,,,,,,,,,,,,,,,,,,,,,,22.00,,,,24828600,17944,,false,false,12,2017-04-01,2018-03-31,-1
2018-07-30,62620,2019-03-31,1,,,,,,,,,,,,,,,,,,,,,,,,,,,,,22.00,,,,,,,false,true,12,2018-04-01,2019-03-31,0
2018-07-30,62620,2019-03-31,1,,,,,,,,,,,,,,,,,,,,,,,,,,,,,,,,,24828600,17944,24810656,false,false,3,2018-04-01,2018-06-30,0
2018-07-30,62620,2018-03-31,1,,,,,,,,,,,,,,,,,,,,,,,,,,,,,,,,,,,24810656,false,false,3,2017-04-01,2017-06-30,-1
2018-10-31,62620,2019-03-31,2,9919000000,0.187,,,,,1387000000,0.083,1673000000,0.221,,1451000000,,58.50,,,,,,29423000000,22823000000,0.754,,22180000000,,,,,,,,,,,,true,false,6,2018-04-01,2018-09-30,0
2018-10-31,62620,2018-03-31,2,8357000000,-0.177,,,,,1281000000,-0.236,1370000000,0.068,,891000000,,35.92,,,,,,,,,,,,,,,,,,,,,,true,false,6,2017-04-01,2017-09-30,-1
2018-10-31,62620,2019-03-31,2,19720000000,0.162,,,,,2780000000,0.257,2650000000,0.305,,2120000000,,85.45,,,,,,,,,,,,,,,,,,,,,,true,true,12,2018-04-01,2019-03-31,0
2018-10-31,62620,2018-03-31,2,,,,,,,,,,,,,,,,,,,,28097000000,22200000000,0.766,,21522000000,,,,,,,,,,,,true,false,12,2017-04-01,2018-03-31,-1
2018-10-31,62620,2018-03-31,2,,,,,,,,,,,,,,,,,,,,,,,,,,,,,22.00,,,,24828600,17944,,false,false,12,2017-04-01,2018-03-31,-1
2018-10-31,62620,2019-03-31,2,,,,,,,,,,,,,,,,,,,,,,,,,,,,,12.00,,,,,,,false,false,12,2018-04-01,2019-03-31,0
2018-10-31,62620,2019-03-31,2,,,,,,,,,,,,,,,,,,,,,,,,,,,,,24.00,,,,,,,false,true,12,2018-04-01,2019-03-31,0
2018-10-31,62620,2019-03-31,2,,,,,,,,,,,,,,,,,,,,,,,,,,,,,,,,,24828600,17944,24810656,false,false,6,2018-04-01,2018-09-30,0
2018-10-31,62620,2018-03-31,2,,,,,,,,,,,,,,,,,,,,,,,,,,,,,,,,,,,24810656,false,false,6,2017-04-01,2017-09-30,-1
2019-01-30,62620,2019-03-31,3,14620000000,0.159,,,,,1889000000,0.176,2155000000,0.285,,1767000000,,71.23,,,,,,30520000000,23057000000,0.734,,22398000000,,,,,,,,,,,,true,false,9,2018-04-01,2018-12-31,0
2019-01-30,62620,2018-03-31,3,12613000000,-0.133,,,,,1606000000,-0.318,1677000000,-0.322,,1027000000,,41.41,,,,,,,,,,,,,,,,,,,,,,true,false,9,2017-04-01,2017-12-31,-1
2019-01-30,62620,2019-03-31,3,18930000000,0.115,,,,,2250000000,0.017,2360000000,0.162,,1860000000,,74.97,,,,,,,,,,,,,,,,,,,,,,true,true,12,2018-04-01,2019-03-31,0
2019-01-30,62620,2018-03-31,3,,,,,,,,,,,,,,,,,,,,28097000000,22200000000,0.766,,21522000000,,,,,,,,,,,,true,false,12,2017-04-01,2018-03-31,-1
2019-01-30,62620,2018-03-31,3,,,,,,,,,,,,,,,,,,,,,,,,,,,,,22.00,,,,24828600,17944,,false,false,12,2017-04-01,2018-03-31,-1
2019-01-30,62620,2019-03-31,3,,,,,,,,,,,,,,,,,,,,,,,,,,,,,12.00,,,,,,,false,false,12,2018-04-01,2019-03-31,0
2019-01-30,62620,2019-03-31,3,,,,,,,,,,,,,,,,,,,,,,,,,,,,,24.00,,,,,,,false,true,12,2018-04-01,2019-03-31,0
2019-01-30,62620,2019-03-31,3,,,,,,,,,,,,,,,,,,,,,,,,,,,,,,,,,24828600,17944,24810656,false,false,9,2018-04-01,2018-12-31,0
2019-01-30,62620,2018-03-31,3,,,,,,,,,,,,,,,,,,,,,,,,,,,,,,,,,,,24810656,false,false,9,2017-04-01,2017-12-31,-1
2019-05-15,62620,2019-03-31,,18891000000,0.113,,,,,2306000000,0.042,2542000000,0.252,,2079000000,,83.80,,0.095,0.088,0.122,,29853000000,22989000000,0.748,900.23,22335000000,1753000000,-1751000000,59000000,6202000000,,0.281,,,,,,true,false,12,2018-04-01,2019-03-31,0
2019-05-15,62620,2018-03-31,,16978000000,-0.105,,,,,2212000000,-0.209,2030000000,-0.283,,1270000000,,51.22,,0.060,0.072,0.130,,28097000000,22200000000,0.766,867.46,21522000000,2403000000,-582000000,-1478000000,6316000000,,0.430,,,,,,true,false,12,2017-04-01,2018-03-31,-1
2019-05-15,62620,2020-03-31,,9210000000,-0.071,,,,,630000000,-0.546,570000000,-0.659,,450000000,,18.14,,,,,,,,,,,,,,,,,,,,,,true,true,6,2019-04-01,2019-09-30,1
2019-05-15,62620,2020-03-31,,19300000000,0.022,,,,,1860000000,-0.193,1780000000,-0.300,,1360000000,,54.82,,,,,,,,,,,,,,,,0.474,,,,,,true,true,12,2019-04-01,2020-03-31,1
2019-05-15,62620,2019-03-31,,9386000000,0.040,,,,,541000000,-0.334,1236000000,-0.053,1006000000,,0.044,40.55,,,,,,20188000000,14744000000,0.730,594.27,14744000000,,,,,24.00,,,,24828600,17944,24810656,false,false,12,2018-04-01,2019-03-31,0
2019-05-15,62620,2018-03-31,,9022000000,-0.064,,,,,813000000,0.003,1304000000,0.008,963000000,,-0.106,38.85,,,,,,18471000000,14321000000,0.775,577.24,14321000000,,,,,22.00,,,,24828600,17944,24810656,false,false,12,2017-04-01,2018-03-31,-1
2019-05-15,62620,2020-03-31,,,,,,,,,,,,,,,,,,,,,,,,,,,,,,26.00,,,,,,,false,true,12,2019-04-01,2020-03-31,1
2019-05-15,62620,2019-03-31,,18891000000,0.113,,,,,2306000000,0.042,2542000000,0.252,,2079000000,,83.80,,0.095,0.088,0.122,,29853000000,22989000000,0.748,900.23,22335000000,1753000000,-1751000000,59000000,6202000000,,0.286,,,,,,true,false,12,2018-04-01,2019-03-31,0
2019-05-15,62620,2018-03-31,,16978000000,-0.105,,,,,2212000000,-0.209,2030000000,-0.283,,1270000000,,51.22,,0.060,0.072,0.130,,28097000000,22200000000,0.766,867.46,21522000000,2403000000,-582000000,-1478000000,6316000000,,0.430,,,,,,true,false,12,2017-04-01,2018-03-31,-1
2019-05-15,62620,2020-03-31,,9210000000,-0.071,,,,,630000000,-0.546,570000000,-0.659,,450000000,,18.14,,,,,,,,,,,,,,,,,,,,,,true,true,6,2019-04-01,2019-09-30,1
2019-05-15,62620,2020-03-31,,19300000000,0.022,,,,,1860000000,-0.193,1780000000,-0.300,,1360000000,,54.82,,,,,,,,,,,,,,,,0.474,,,,,,true,true,12,2019-04-01,2020-03-31,1
2019-05-15,62620,2019-03-31,,9386000000,0.040,,,,,541000000,-0.334,1236000000,-0.053,1006000000,,0.044,40.55,,,,,,20188000000,14744000000,0.730,594.27,14744000000,,,,,24.00,,,,24828600,17944,24810656,false,false,12,2018-04-01,2019-03-31,0
2019-05-15,62620,2018-03-31,,9022000000,-0.064,,,,,813000000,0.003,1304000000,0.008,963000000,,-0.106,38.85,,,,,,18471000000,14321000000,0.775,577.24,14321000000,,,,,22.00,,,,24828600,17944,24810656,false,false,12,2017-04-01,2018-03-31,-1
2019-05-15,62620,2020-03-31,,,,,,,,,,,,,,,,,,,,,,,,,,,,,,26.00,,,,,,,false,true,12,2019-04-01,2020-03-31,1
2019-07-30,62620,2020-03-31,1,4441000000,-0.142,,,,,216000000,-0.686,83000000,-0.886,,-152000000,,-6.15,,,,,,29538000000,22715000000,0.746,,22047000000,,,,,,,,,,,,true,false,3,2019-04-01,2019-06-30,0
2019-07-30,62620,2019-03-31,1,5174000000,0.171,,,,,688000000,0.024,729000000,-0.014,,662000000,,26.72,,,,,,,,,,,,,,,,,,,,,,true,false,3,2018-04-01,2018-06-30,-1
2019-07-30,62620,2020-03-31,1,9210000000,-0.071,,,,,630000000,-0.546,570000000,-0.659,,450000000,,18.14,,,,,,,,,,,,,,,,,,,,,,true,true,6,2019-04-01,2019-09-30,0
2019-07-30,62620,2020-03-31,1,19300000000,0.022,,,,,1860000000,-0.193,1780000000,-0.300,,1360000000,,54.82,,,,,,,,,,,,,,,,,,,,,,true,true,12,2019-04-01,2020-03-31,0
2019-07-30,62620,2019-03-31,1,,,,,,,,,,,,,,,,,,,,29853000000,22989000000,0.748,,22335000000,,,,,,,,,,,,true,false,12,2018-04-01,2019-03-31,-1
2019-07-30,62620,2019-03-31,1,,,,,,,,,,,,,,,,,,,,,,,,,,,,,24.00,,,,24828600,17944,,false,false,12,2018-04-01,2019-03-31,-1
2019-07-30,62620,2020-03-31,1,,,,,,,,,,,,,,,,,,,,,,,,,,,,,26.00,,,,,,,false,true,12,2019-04-01,2020-03-31,0
2019-07-30,62620,2020-03-31,1,,,,,,,,,,,,,,,,,,,,,,,,,,,,,,,,,24828600,17944,24810656,false,false,3,2019-04-01,2019-06-30,0
2019-07-30,62620,2019-03-31,1,,,,,,,,,,,,,,,,,,,,,,,,,,,,,,,,,,,24810656,false,false,3,2018-04-01,2018-06-30,-1
2019-10-31,62620,2020-03-31,2,8010000000,-0.192,,,,,294000000,-0.788,173000000,-0.896,,-261000000,,-10.56,,,,,,29142000000,21919000000,0.730,,21279000000,,,,,,,,,,,,true,false,6,2019-04-01,2019-09-30,0
2019-10-31,62620,2019-03-31,2,9919000000,0.187,,,,,1387000000,0.083,1673000000,0.221,,1451000000,,58.50,,,,,,,,,,,,,,,,,,,,,,true,false,6,2018-04-01,2018-09-30,-1
2019-10-31,62620,2020-03-31,2,15360000000,-0.187,,,,,600000000,-0.740,520000000,-0.795,,60000000,,2.42,,,,,,,,,,,,,,,,,,,,,,true,true,12,2019-04-01,2020-03-31,0
2019-10-31,62620,2019-03-31,2,,,,,,,,,,,,,,,,,,,,29853000000,22989000000,0.748,,22335000000,,,,,,,,,,,,true,false,12,2018-04-01,2019-03-31,-1
2019-10-31,62620,2019-03-31,2,,,,,,,,,,,,,,,,,,,,,,,,,,,,,24.00,,,,24828600,17944,,false,false,12,2018-04-01,2019-03-31,-1
2019-10-31,62620,2020-03-31,2,,,,,,,,,,,,,,,,,,,,,,,,,,,,,13.00,,,,,,,false,false,12,2019-04-01,2020-03-31,0
2019-10-31,62620,2020-03-31,2,,,,,,,,,,,,,,,,,,,,,,,,,,,,,20.00,,,,,,,false,true,12,2019-04-01,2020-03-31,0
2019-10-31,62620,2020-03-31,2,,,,,,,,,,,,,,,,,,,,,,,,,,,,,,,,,24828600,17944,24810656,false,false,6,2019-04-01,2019-09-30,0
2019-10-31,62620,2019-03-31,2,,,,,,,,,,,,,,,,,,,,,,,,,,,,,,,,,,,24810656,false,false,6,2018-04-01,2018-09-30,-1
2020-01-30,62620,2020-03-31,3,11511000000,-0.213,,,,,230000000,-0.878,223000000,-0.896,,-228000000,,-9.19,,,,,,28941000000,21305000000,0.714,,20668000000,,,,,,,,,,,,true,false,9,2019-04-01,2019-12-31,0
2020-01-30,62620,2019-03-31,3,14620000000,0.159,,,,,1889000000,0.176,2155000000,0.285,,1767000000,,71.23,,,,,,,,,,,,,,,,,,,,,,true,false,9,2018-04-01,2018-12-31,-1
2020-01-30,62620,2020-03-31,3,15360000000,-0.187,,,,,600000000,-0.740,520000000,-0.795,,60000000,,2.42,,,,,,,,,,,,,,,,,,,,,,true,true,12,2019-04-01,2020-03-31,0
2020-01-30,62620,2019-03-31,3,,,,,,,,,,,,,,,,,,,,29853000000,22989000000,0.748,,22335000000,,,,,,,,,,,,true,false,12,2018-04-01,2019-03-31,-1
2020-01-30,62620,2019-03-31,3,,,,,,,,,,,,,,,,,,,,,,,,,,,,,24.00,,,,24828600,17944,,false,false,12,2018-04-01,2019-03-31,-1
2020-01-30,62620,2020-03-31,3,,,,,,,,,,,,,,,,,,,,,,,,,,,,,13.00,,,,,,,false,false,12,2019-04-01,2020-03-31,0
2020-01-30,62620,2020-03-31,3,,,,,,,,,,,,,,,,,,,,,,,,,,,,,20.00,,,,,,,false,true,12,2019-04-01,2020-03-31,0
2020-01-30,62620,2020-03-31,3,,,,,,,,,,,,,,,,,,,,,,,,,,,,,,,,,24828600,17944,24810656,false,false,9,2019-04-01,2019-12-31,0
2020-01-30,62620,2019-03-31,3,,,,,,,,,,,,,,,,,,,,,,,,,,,,,,,,,,,24810656,false,false,9,2018-04-01,2018-12-31,-1
2020-05-14,62620,2020-03-31,,14969000000,-0.208,,,,,499000000,-0.783,484000000,-0.810,,-206000000,,-8.31,,-0.010,0.016,0.033,,29719000000,21737000000,0.709,849.24,21070000000,602000000,-1627000000,576000000,5648000000,,,,,,,,true,false,12,2019-04-01,2020-03-31,0
2020-05-14,62620,2019-03-31,,18891000000,0.113,,,,,2306000000,0.042,2542000000,0.252,,2079000000,,83.80,,0.095,0.088,0.122,,29853000000,22989000000,0.748,900.23,22335000000,1753000000,-1751000000,59000000,6202000000,,0.286,,,,,,true,false,12,2018-04-01,2019-03-31,-1
2020-05-14,62620,2020-03-31,,6359000000,-0.323,,,,,-21000000,,164000000,-0.867,-98000000,,,-3.95,,,,,,20006000000,14037000000,0.702,565.78,14037000000,,,,,20.00,,,,24828600,17944,24810656,false,false,12,2019-04-01,2020-03-31,0
2020-05-14,62620,2019-03-31,,9386000000,0.040,,,,,541000000,-0.334,1236000000,-0.053,1006000000,,0.044,40.55,,,,,,20188000000,14744000000,0.730,594.27,14744000000,,,,,24.00,,,,24828600,17944,24810656,false,false,12,2018-04-01,2019-03-31,-1
2020-07-29,62620,2021-03-31,1,3294000000,-0.258,,,,,-230000000,,-134000000,,,-213000000,,-8.59,,,,,,28521000000,20888000000,0.709,,20222000000,,,,,,,,,,,,true,false,3,2020-04-01,2020-06-30,0
2020-07-29,62620,2020-03-31,1,4441000000,-0.142,,,,,216000000,-0.686,83000000,-0.886,,-152000000,,-6.15,,,,,,,,,,,,,,,,,,,,,,true,false,3,2019-04-01,2019-06-30,-1
2020-07-29,62620,2020-03-31,1,,,,,,,,,,,,,,,,,,,,29719000000,21737000000,0.709,,21070000000,,,,,,,,,,,,true,false,12,2019-04-01,2020-03-31,-1
2020-07-29,62620,2020-03-31,1,,,,,,,,,,,,,,,,,,,,,,,,,,,,,20.00,,,,24828600,17944,,false,false,12,2019-04-01,2020-03-31,-1
2020-07-29,62620,2021-03-31,1,,,,,,,,,,,,,,,,,,,,,,,,,,,,,,,,,24828600,17944,24810656,false,false,3,2020-04-01,2020-06-30,0
2020-07-29,62620,2020-03-31,1,,,,,,,,,,,,,,,,,,,,,,,,,,,,,,,,,,,24810656,false,false,3,2019-04-01,2019-06-30,-1
2020-10-30,62620,2021-03-31,2,5222000000,-0.348,,,,,-100000000,,73000000,-0.576,,-333000000,,-13.45,,,,,,27842000000,20687000000,0.719,,20022000000,,,,,,,,,,,,true,false,6,2020-04-01,2020-09-30,0
2020-10-30,62620,2020-03-31,2,8010000000,-0.192,,,,,294000000,-0.788,173000000,-0.896,,-261000000,,-10.56,,,,,,,,,,,,,,,,,,,,,,true,false,6,2019-04-01,2019-09-30,-1
2020-10-30,62620,2021-03-31,2,11000000000,-0.265,,,,,-160000000,,-80000000,,,-520000000,,-20.96,,,,,,,,,,,,,,,,,,,,,,true,true,12,2020-04-01,2021-03-31,0
2020-10-30,62620,2020-03-31,2,,,,,,,,,,,,,,,,,,,,29719000000,21737000000,0.709,,21070000000,,,,,,,,,,,,true,false,12,2019-04-01,2020-03-31,-1
2020-10-30,62620,2020-03-31,2,,,,,,,,,,,,,,,,,,,,,,,,,,,,,20.00,,,,24828600,17944,,false,false,12,2019-04-01,2020-03-31,-1
2020-10-30,62620,2021-03-31,2,,,,,,,,,,,,,,,,,,,,,,,,,,,,,0.00,,,,,,,false,false,12,2020-04-01,2021-03-31,0
2020-10-30,62620,2021-03-31,2,,,,,,,,,,,,,,,,,,,,,,,,,,,,,,,,,24828600,17944,24810656,false,false,6,2020-04-01,2020-09-30,0
2020-10-30,62620,2020-03-31,2,,,,,,,,,,,,,,,,,,,,,,,,,,,,,,,,,,,24810656,false,false,6,2019-04-01,2019-09-30,-1
2021-01-29,62620,2021-03-31,3,8299000000,-0.279,,,,,180000000,-0.218,323000000,0.443,,-106000000,,-4.29,,,,,,28260000000,20983000000,0.719,,20317000000,,,,,,,,,,,,true,false,9,2020-04-01,2020-12-31,0
2021-01-29,62620,2020-03-31,3,11511000000,-0.213,,,,,230000000,-0.878,223000000,-0.896,,-228000000,,-9.19,,,,,,,,,,,,,,,,,,,,,,true,false,9,2019-04-01,2019-12-31,-1
2021-01-29,62620,2021-03-31,3,12390000000,-0.172,,,,,400000000,-0.198,460000000,-0.050,,0,,0.00,,,,,,,,,,,,,,,,,,,,,,true,true,12,2020-04-01,2021-03-31,0
2021-01-29,62620,2020-03-31,3,,,,,,,,,,,,,,,,,,,,29719000000,21737000000,0.709,,21070000000,,,,,,,,,,,,true,false,12,2019-04-01,2020-03-31,-1
2021-01-29,62620,2020-03-31,3,,,,,,,,,,,,,,,,,,,,,,,,,,,,,20.00,,,,24828600,17944,,false,false,12,2019-04-01,2020-03-31,-1
2021-01-29,62620,2021-03-31,3,,,,,,,,,,,,,,,,,,,,,,,,,,,,,0.00,,,,,,,false,false,12,2020-04-01,2021-03-31,0
2021-01-29,62620,2021-03-31,3,,,,,,,,,,,,,,,,,,,,,,,,,,,,,,,,,24828600,17944,24810656,false,false,9,2020-04-01,2020-12-31,0
2021-01-29,62620,2020-03-31,3,,,,,,,,,,,,,,,,,,,,,,,,,,,,,,,,,,,24810656,false,false,9,2019-04-01,2019-12-31,-1
2021-02-22,62620,2021-03-31,,12390000000,0.000,,,,,400000000,0.000,460000000,0.000,,435000000,,17.56,,,,,,,,,,,,,,,,,,,,,,true,true,12,2020-04-01,2021-03-31,0
2021-02-22,62620,2020-03-31,,14969000000,,,,,,499000000,,484000000,,,-206000000,,-8.31,,,,,,,,,,,,,,,,,,,,,,true,false,12,2019-04-01,2020-03-31,-1
2021-04-26,62620,2021-03-31,,12420000000,0.002,,,,,510000000,0.275,680000000,0.478,,700000000,,28.21,,,,,,,,,,,,,,,,,,,,,,true,true,12,2020-04-01,2021-03-31,0
2021-04-26,62620,2020-03-31,,14969000000,,,,,,499000000,,484000000,,,-206000000,,-8.31,,,,,,,,,,,,,,,,,,,,,,true,false,12,2019-04-01,2020-03-31,-1
2021-04-26,62620,2021-03-31,,,,,,,,,,,,,,,,,,,,,,,,,,,,,,7.00,,,,,,,false,true,12,2020-04-01,2021-03-31,0
2021-04-26,62620,2021-03-31,,,,,,,,,,,,,,,,,,,,,,,,,,,,,,0.00,,,,,,,false,false,12,2020-04-01,2021-03-31,0
2021-04-26,62620,2020-03-31,,,,,,,,,,,,,,,,,,,,,,,,,,,,,,20.00,,,,,,,false,false,12,2019-04-01,2020-03-31,-1
2021-05-14,62620,2021-03-31,,12422000000,-0.170,,,,,516000000,0.035,681000000,0.408,,707000000,,28.50,,0.033,0.023,0.042,,29846000000,22061000000,0.716,861.77,21381000000,2257000000,643000000,-145000000,8313000000,,0.246,,,,,,true,false,12,2020-04-01,2021-03-31,0
2021-05-14,62620,2020-03-31,,14969000000,-0.208,,,,,499000000,-0.783,484000000,-0.810,,-206000000,,-8.31,,-0.010,0.016,0.033,,29719000000,21737000000,0.709,849.24,21070000000,602000000,-1627000000,576000000,5648000000,,,,,,,,true,false,12,2019-04-01,2020-03-31,-1
2021-05-14,62620,2022-03-31,,9300000000,0.781,,,,,610000000,,580000000,6.867,,370000000,,14.91,,,,,,,,,,,,,,,,,,,,,,true,true,6,2021-04-01,2021-09-30,1
2021-05-14,62620,2022-03-31,,17510000000,0.410,,,,,1050000000,1.035,980000000,0.439,,560000000,,22.57,,,,,,,,,,,,,,,,0.620,,,,,,true,true,12,2021-04-01,2022-03-31,1
2021-05-14,62620,2021-03-31,,4984000000,-0.216,,,,,-778000000,,-349000000,,-180000000,,,-7.27,,,,,,19910000000,13673000000,0.687,551.12,13673000000,,,,,7.00,,,,24828600,17976,24810654,false,false,12,2020-04-01,2021-03-31,0
2021-05-14,62620,2020-03-31,,6359000000,-0.323,,,,,-21000000,,164000000,-0.867,-98000000,,,-3.95,,,,,,20006000000,14037000000,0.702,565.78,14037000000,,,,,20.00,,,,24828600,17944,24810656,false,false,12,2019-04-01,2020-03-31,-1
2021-05-14,62620,2022-03-31,,,,,,,,,,,,,,,,,,,,,,,,,,,,,,14.00,,,,,,,false,true,12,2021-04-01,2022-03-31,1
2021-07-30,62620,2022-03-31,1,5001000000,0.518,,,,,262000000,,261000000,,,180000000,,7.29,,,,,,31980000000,23154000000,0.701,,22410000000,,,,,,,,,,,,true,false,3,2021-04-01,2021-06-30,0
2021-07-30,62620,2021-03-31,1,3294000000,-0.258,,,,,-230000000,,-134000000,,,-213000000,,-8.59,,,,,,,,,,,,,,,,,,,,,,true,false,3,2020-04-01,2020-06-30,-1
2021-07-30,62620,2022-03-31,1,9300000000,0.781,,,,,610000000,,580000000,6.867,,370000000,,14.91,,,,,,,,,,,,,,,,,,,,,,true,true,6,2021-04-01,2021-09-30,0
2021-07-30,62620,2022-03-31,1,17510000000,0.410,,,,,1050000000,1.035,980000000,0.439,,560000000,,22.57,,,,,,,,,,,,,,,,,,,,,,true,true,12,2021-04-01,2022-03-31,0
2021-07-30,62620,2021-03-31,1,,,,,,,,,,,,,,,,,,,,29846000000,22061000000,0.716,,21381000000,,,,,,,,,,,,true,false,12,2020-04-01,2021-03-31,-1
2021-07-30,62620,2021-03-31,1,,,,,,,,,,,,,,,,,,,,,,,,,,,,,7.00,,,,24828600,17976,,false,false,12,2020-04-01,2021-03-31,-1
2021-07-30,62620,2022-03-31,1,,,,,,,,,,,,,,,,,,,,,,,,,,,,,14.00,,,,,,,false,true,12,2021-04-01,2022-03-31,0
2021-07-30,62620,2022-03-31,1,,,,,,,,,,,,,,,,,,,,,,,,,,,,,,,,,24828600,17976,24810624,false,false,3,2021-04-01,2021-06-30,0
2021-07-30,62620,2021-03-31,1,,,,,,,,,,,,,,,,,,,,,,,,,,,,,,,,,,,24810656,false,false,3,2020-04-01,2020-06-30,-1
2021-10-29,62620,2022-03-31,2,9568000000,0.832,,,,,715000000,,702000000,8.523,,470000000,,18.98,,,,,,32437000000,23608000000,0.705,,22883000000,,,,,,,,,,,,true,false,6,2021-04-01,2021-09-30,0
2021-10-29,62620,2021-03-31,2,5222000000,-0.348,,,,,-100000000,,73000000,-0.576,,-333000000,,-13.45,,,,,,,,,,,,,,,,,,,,,,true,false,6,2020-04-01,2020-09-30,-1
2021-10-29,62620,2022-03-31,2,17510000000,0.410,,,,,1050000000,1.035,980000000,0.439,,560000000,,22.57,,,,,,,,,,,,,,,,,,,,,,true,true,12,2021-04-01,2022-03-31,0
2021-10-29,62620,2021-03-31,2,,,,,,,,,,,,,,,,,,,,29846000000,22061000000,0.716,,21381000000,,,,,,,,,,,,true,false,12,2020-04-01,2021-03-31,-1
2021-10-29,62620,2021-03-31,2,,,,,,,,,,,,,,,,,,,,,,,,,,,,,7.00,,,,24828600,17976,,false,false,12,2020-04-01,2021-03-31,-1
2021-10-29,62620,2022-03-31,2,,,,,,,,,,,,,,,,,,,,,,,,,,,,,7.00,,,,,,,false,false,12,2021-04-01,2022-03-31,0
2021-10-29,62620,2022-03-31,2,,,,,,,,,,,,,,,,,,,,,,,,,,,,,14.00,,,,,,,false,true,12,2021-04-01,2022-03-31,0
2021-10-29,62620,2022-03-31,2,,,,,,,,,,,,,,,,,,,,,,,,,,,,,,,,,24828600,17976,24810624,false,false,6,2021-04-01,2021-09-30,0
2021-10-29,62620,2021-03-31,2,,,,,,,,,,,,,,,,,,,,,,,,,,,,,,,,,,,24810656,false,false,6,2020-04-01,2020-09-30,-1
2022-01-27,62620,2022-03-31,3,14722000000,0.774,,,,,1272000000,6.049,1312000000,3.060,,1037000000,,41.82,,,,,,33309000000,24151000000,0.703,,23417000000,,,,,,,,,,,,true,false,9,2021-04-01,2021-12-31,0
2022-01-27,62620,2021-03-31,3,8299000000,-0.279,,,,,180000000,-0.218,323000000,0.443,,-106000000,,-4.29,,,,,,,,,,,,,,,,,,,,,,true,false,9,2020-04-01,2020-12-31,-1
2022-01-27,62620,2022-03-31,3,20000000000,0.610,,,,,1600000000,2.095,1600000000,1.346,,1200000000,,48.36,,,,,,,,,,,,,,,,,,,,,,true,true,12,2021-04-01,2022-03-31,0
2022-01-27,62620,2021-03-31,3,,,,,,,,,,,,,,,,,,,,29846000000,22061000000,0.716,,21381000000,,,,,,,,,,,,true,false,12,2020-04-01,2021-03-31,-1
2022-01-27,62620,2021-03-31,3,,,,,,,,,,,,,,,,,,,,,,,,,,,,,7.00,,,,24828600,17976,,false,false,12,2020-04-01,2021-03-31,-1
2022-01-27,62620,2022-03-31,3,,,,,,,,,,,,,,,,,,,,,,,,,,,,,7.00,,,,,,,false,false,12,2021-04-01,2022-03-31,0
2022-01-27,62620,2022-03-31,3,,,,,,,,,,,,,,,,,,,,,,,,,,,,,20.00,,,,,,,false,true,12,2021-04-01,2022-03-31,0
2022-01-27,62620,2022-03-31,3,,,,,,,,,,,,,,,,,,,,,,,,,,,,,,,,,24828600,17976,24810624,false,false,9,2021-04-01,2021-12-31,0
2022-01-27,62620,2021-03-31,3,,,,,,,,,,,,,,,,,,,,,,,,,,,,,,,,,,,24810656,false,false,9,2020-04-01,2020-12-31,-1
2022-01-27,62620,2022-03-31,,20000000000,0.142,,,,,1600000000,0.523,1600000000,0.633,,1200000000,,48.36,,,,,,,,,,,,,,,,,,,,,,true,true,12,2021-04-01,2022-03-31,0
2022-01-27,62620,2021-03-31,,12422000000,,,,,,518000000,,681000000,,,707000000,,28.50,,,,,,,,,,,,,,,,,,,,,,true,false,12,2020-04-01,2021-03-31,-1
2022-01-27,62620,2022-03-31,,,,,,,,,,,,,,,,,,,,,,,,,,,,,,20.00,,,,,,,false,true,12,2021-04-01,2022-03-31,0
2022-01-27,62620,2022-03-31,,,,,,,,,,,,,,,,,,,,,,,,,,,,,,0.00,,,,,,,false,false,12,2021-04-01,2022-03-31,0
2022-01-27,62620,2021-03-31,,,,,,,,,,,,,,,,,,,,,,,,,,,,,,7.00,,,,,,,false,false,12,2020-04-01,2021-03-31,-1
2022-05-12,62620,2022-03-31,,20498000000,0.650,,,,,1847000000,2.574,1941000000,1.847,,1572000000,,63.37,,0.068,0.060,0.090,,35133000000,25366000000,0.700,991.49,24599000000,1880000000,-432000000,-673000000,9733000000,,0.316,,,,,,true,false,12,2021-04-01,2022-03-31,0
2022-05-12,62620,2021-03-31,,12422000000,-0.170,,,,,516000000,0.035,681000000,0.408,,707000000,,28.50,,0.033,0.023,0.042,,29846000000,22061000000,0.716,861.77,21381000000,2257000000,643000000,-145000000,8313000000,,0.246,,,,,,true,false,12,2020-04-01,2021-03-31,-1
2022-05-12,62620,2023-03-31,,11580000000,0.210,,,,,1110000000,0.551,930000000,0.325,,730000000,,29.42,,,,,,,,,,,,,,,,,,,,,,true,true,6,2022-04-01,2022-09-30,1
2022-05-12,62620,2023-03-31,,21500000000,0.049,,,,,1900000000,0.029,1800000000,-0.073,,1300000000,,52.40,,,,,,,,,,,,,,,,,,,,,,true,true,12,2022-04-01,2023-03-31,1
2022-05-12,62620,2022-03-31,,9431000000,0.892,,,,,532000000,,1031000000,,988000000,,,39.83,,,,,,21484000000,14314000000,0.666,576.95,14314000000,,,,,20.00,,,,24828600,17976,24810624,false,false,12,2021-04-01,2022-03-31,0
2022-05-12,62620,2021-03-31,,4984000000,-0.216,,,,,-778000000,,-349000000,,-180000000,,,-7.27,,,,,,19910000000,13673000000,0.687,551.12,13673000000,,,,,7.00,,,,24828600,17976,24810654,false,false,12,2020-04-01,2021-03-31,-1
2022-05-12,62620,2023-03-31,,,,,,,,,,,,,,,,,,,,,,,,,,,,,,15.00,,,,,,,false,true,12,2022-04-01,2023-03-31,1
2022-05-12,62620,2022-03-31,,20498000000,0.650,,,,,1847000000,2.574,1941000000,1.847,,1572000000,,63.37,,0.068,0.060,0.090,,35133000000,25366000000,0.700,991.49,24599000000,1880000000,-432000000,-673000000,9733000000,,0.316,,,,,,true,false,12,2021-04-01,2022-03-31,0
2022-05-12,62620,2021-03-31,,12422000000,-0.170,,,,,516000000,0.035,681000000,0.408,,707000000,,28.50,,0.033,0.023,0.042,,29846000000,22061000000,0.716,861.77,21381000000,2257000000,643000000,-145000000,8313000000,,0.246,,,,,,true,false,12,2020-04-01,2021-03-31,-1
2022-05-12,62620,2023-03-31,,11580000000,0.210,,,,,1110000000,0.551,930000000,0.325,,730000000,,29.42,,,,,,,,,,,,,,,,,,,,,,true,true,6,2022-04-01,2022-09-30,1
2022-05-12,62620,2023-03-31,,21500000000,0.049,,,,,1900000000,0.029,1800000000,-0.073,,1300000000,,52.40,,,,,,,,,,,,,,,,,,,,,,true,true,12,2022-04-01,2023-03-31,1
2022-05-12,62620,2022-03-31,,9431000000,0.892,,,,,532000000,,1031000000,,988000000,,,39.83,,,,,,21484000000,14314000000,0.666,576.95,14314000000,,,,,20.00,,,,24828600,17976,24810624,false,false,12,2021-04-01,2022-03-31,0
2022-05-12,62620,2021-03-31,,4984000000,-0.216,,,,,-778000000,,-349000000,,-180000000,,,-7.27,,,,,,19910000000,13673000000,0.687,551.12,13673000000,,,,,7.00,,,,24828600,17976,24810654,false,false,12,2020-04-01,2021-03-31,-1
2022-05-12,62620,2023-03-31,,,,,,,,,,,,,,,,,,,,,,,,,,,,,,15.00,,,,,,,false,true,12,2022-04-01,2023-03-31,1
2022-07-28,62620,2023-03-31,1,6847000000,0.369,,,,,961000000,2.666,1198000000,3.590,,900000000,,36.28,,,,,,37230000000,27290000000,0.710,,26449000000,,,,,,,,,,,,true,false,3,2022-04-01,2022-06-30,0
2022-07-28,62620,2022-03-31,1,5001000000,0.518,,,,,262000000,,261000000,,,180000000,,7.29,,,,,,,,,,,,,,,,,,,,,,true,false,3,2021-04-01,2021-06-30,-1
2022-07-28,62620,2023-03-31,1,13070000000,0.366,,,,,1340000000,0.872,1630000000,1.322,,1220000000,,49.17,,,,,,,,,,,,,,,,,,,,,,true,true,6,2022-04-01,2022-09-30,0
2022-07-28,62620,2023-03-31,1,23660000000,0.154,,,,,2350000000,0.272,2360000000,0.216,,1740000000,,70.13,,,,,,,,,,,,,,,,,,,,,,true,true,12,2022-04-01,2023-03-31,0
2022-07-28,62620,2022-03-31,1,,,,,,,,,,,,,,,,,,,,35133000000,25366000000,0.700,,24599000000,,,,,,,,,,,,true,false,12,2021-04-01,2022-03-31,-1
2022-07-28,62620,2022-03-31,1,,,,,,,,,,,,,,,,,,,,,,,,,,,,,20.00,,,,24828600,17976,,false,false,12,2021-04-01,2022-03-31,-1
2022-07-28,62620,2023-03-31,1,,,,,,,,,,,,,,,,,,,,,,,,,,,,,15.00,,,,,,,false,true,12,2022-04-01,2023-03-31,0
2022-07-28,62620,2023-03-31,1,,,,,,,,,,,,,,,,,,,,,,,,,,,,,,,,,24828600,17976,24810624,false,false,3,2022-04-01,2022-06-30,0
2022-07-28,62620,2022-03-31,1,,,,,,,,,,,,,,,,,,,,,,,,,,,,,,,,,,,24810624,false,false,3,2021-04-01,2021-06-30,-1
2022-10-27,62620,2023-03-31,2,13349000000,0.395,,,,,1905000000,1.662,2451000000,2.492,,1740000000,,70.16,,,,,,39688000000,30125000000,0.736,,29200000000,,,,,,,,,,,,true,false,6,2022-04-01,2022-09-30,0
2022-10-27,62620,2022-03-31,2,9568000000,0.832,,,,,715000000,,702000000,8.523,,470000000,,18.98,,,,,,,,,,,,,,,,,,,,,,true,false,6,2021-04-01,2021-09-30,-1
2022-10-27,62620,2023-03-31,2,23660000000,0.154,,,,,2350000000,0.272,2360000000,0.216,,1740000000,,70.13,,,,,,,,,,,,,,,,,,,,,,true,true,12,2022-04-01,2023-03-31,0
2022-10-27,62620,2022-03-31,2,,,,,,,,,,,,,,,,,,,,35133000000,25366000000,0.700,,24599000000,,,,,,,,,,,,true,false,12,2021-04-01,2022-03-31,-1
2022-10-27,62620,2022-03-31,2,,,,,,,,,,,,,,,,,,,,,,,,,,,,,20.00,,,,24828600,17976,,false,false,12,2021-04-01,2022-03-31,-1
2022-10-27,62620,2023-03-31,2,,,,,,,,,,,,,,,,,,,,,,,,,,,,,15.00,,,,,,,false,false,12,2022-04-01,2023-03-31,0
2022-10-27,62620,2023-03-31,2,,,,,,,,,,,,,,,,,,,,,,,,,,,,,,,,,24828600,17976,24810624,false,false,6,2022-04-01,2022-09-30,0
2022-10-27,62620,2022-03-31,2,,,,,,,,,,,,,,,,,,,,,,,,,,,,,,,,,,,24810624,false,false,6,2021-04-01,2021-09-30,-1
2023-01-26,62620,2023-03-31,3,19723000000,0.340,,,,,2300000000,0.807,2621000000,0.998,,1847000000,,74.45,,,,,,42679000000,30758000000,0.699,,29818000000,,,,,,,,,,,,true,false,9,2022-04-01,2022-12-31,0
2023-01-26,62620,2022-03-31,3,14722000000,0.774,,,,,1272000000,6.049,1312000000,3.060,,1037000000,,41.82,,,,,,,,,,,,,,,,,,,,,,true,false,9,2021-04-01,2021-12-31,-1
2023-01-26,62620,2023-03-31,3,23660000000,0.154,,,,,2350000000,0.272,2360000000,0.216,,1740000000,,70.13,,,,,,,,,,,,,,,,,,,,,,true,true,12,2022-04-01,2023-03-31,0
2023-01-26,62620,2022-03-31,3,,,,,,,,,,,,,,,,,,,,35133000000,25366000000,0.700,,24599000000,,,,,,,,,,,,true,false,12,2021-04-01,2022-03-31,-1
2023-01-26,62620,2022-03-31,3,,,,,,,,,,,,,,,,,,,,,,,,,,,,,20.00,,,,24828600,17976,,false,false,12,2021-04-01,2022-03-31,-1
2023-01-26,62620,2023-03-31,3,,,,,,,,,,,,,,,,,,,,,,,,,,,,,15.00,,,,,,,false,false,12,2022-04-01,2023-03-31,0
2023-01-26,62620,2023-03-31,3,,,,,,,,,,,,,,,,,,,,,,,,,,,,,,,,,24828600,17976,24810624,false,false,9,2022-04-01,2022-12-31,0
2023-01-26,62620,2022-03-31,3,,,,,,,,,,,,,,,,,,,,,,,,,,,,,,,,,,,24810624,false,false,9,2021-04-01,2021-12-31,-1
,62620,2023-03-31,,,,,,,,,,,,,,,,,,,,,,,,,,,,,,27.00,,,,,,,false,true,12,2022-04-01,2023-03-31,0
,62620,2023-03-31,,,,,,,,,,,,,,,,,,,,,,,,,,,,,,15.00,,,,,,,false,false,12,2022-04-01,2023-03-31,0
,62620,2022-03-31,,,,,,,,,,,,,,,,,,,,,,,,,,,,,,20.00,,,,,,,false,false,12,2021-04-01,2022-03-31,-1
2023-05-12,62620,2023-03-31,,25288000000,0.234,,,,,2657000000,0.439,2946000000,0.518,,2294000000,,92.49,,0.087,0.079,0.105,,39880000000,29199000000,0.710,1140.65,28300000000,1859000000,-1875000000,-1182000000,9225000000,,0.292,,,,,,true,false,12,2022-04-01,2023-03-31,0
2023-05-12,62620,2022-03-31,,20498000000,0.650,,,,,1847000000,2.574,1941000000,1.847,,1572000000,,63.37,,0.068,0.060,0.090,,35133000000,25366000000,0.700,991.49,24599000000,1880000000,-432000000,-673000000,9733000000,,0.316,,,,,,true,false,12,2021-04-01,2022-03-31,-1
2023-05-12,62620,2024-03-31,,8950000000,-0.330,,,,,310000000,-0.837,180000000,-0.927,,100000000,,4.03,,,,,,,,,,,,,,,,,,,,,,true,true,6,2023-04-01,2023-09-30,1
2023-05-12,62620,2024-03-31,,21880000000,-0.135,,,,,1320000000,-0.503,1100000000,-0.627,,710000000,,28.62,,,,,,,,,,,,,,,,,,,,,,true,true,12,2023-04-01,2024-03-31,1
2023-05-12,62620,2023-03-31,,11851000000,0.257,,,,,1554000000,1.918,2132000000,1.067,1771000000,,0.793,71.40,,,,,,21772000000,15392000000,0.707,620.41,15392000000,,,,,27.00,,,,24828600,17976,24810624,false,false,12,2022-04-01,2023-03-31,0
2023-05-12,62620,2022-03-31,,9431000000,0.892,,,,,532000000,,1031000000,,988000000,,,39.83,,,,,,21484000000,14314000000,0.666,576.95,14314000000,,,,,20.00,,,,24828600,17976,24810624,false,false,12,2021-04-01,2022-03-31,-1
2023-05-12,62620,2024-03-31,,,,,,,,,,,,,,,,,,,,,,,,,,,,,,9.00,,,,,,,false,true,12,2023-04-01,2024-03-31,1
2023-05-12,62620,2023-03-31,,25288000000,0.234,,,,,2657000000,0.439,2946000000,0.518,,2294000000,,92.49,,0.087,0.079,0.105,,39507000000,29199000000,0.716,1140.65,28300000000,1859000000,-1875000000,-1182000000,9225000000,,0.292,,,,,,true,false,12,2022-04-01,2023-03-31,0
2023-05-12,62620,2022-03-31,,20498000000,0.650,,,,,1847000000,2.574,1941000000,1.847,,1572000000,,63.37,,0.068,0.060,0.090,,35133000000,25366000000,0.700,991.49,24599000000,1880000000,-432000000,-673000000,9733000000,,0.316,,,,,,true,false,12,2021-04-01,2022-03-31,-1
2023-05-12,62620,2024-03-31,,8950000000,-0.330,,,,,310000000,-0.837,180000000,-0.927,,100000000,,4.03,,,,,,,,,,,,,,,,,,,,,,true,true,6,2023-04-01,2023-09-30,1
2023-05-12,62620,2024-03-31,,21880000000,-0.135,,,,,1320000000,-0.503,1100000000,-0.627,,710000000,,28.62,,,,,,,,,,,,,,,,,,,,,,true,true,12,2023-04-01,2024-03-31,1
2023-05-12,62620,2023-03-31,,11851000000,0.257,,,,,1554000000,1.918,2132000000,1.067,1771000000,,0.793,71.40,,,,,,21772000000,15392000000,0.707,620.41,15392000000,,,,,27.00,,,,24828600,17976,24810624,false,false,12,2022-04-01,2023-03-31,0
2023-05-12,62620,2022-03-31,,9431000000,0.892,,,,,532000000,,1031000000,,988000000,,,39.83,,,,,,21484000000,14314000000,0.666,576.95,14314000000,,,,,20.00,,,,24828600,17976,24810624,false,false,12,2021-04-01,2022-03-31,-1
2023-05-12,62620,2024-03-31,,,,,,,,,,,,,,,,,,,,,,,,,,,,,,9.00,,,,,,,false,true,12,2023-04-01,2024-03-31,1
2023-07-27,62620,2024-03-31,1,5348000000,-0.219,,,,,250000000,-0.740,586000000,-0.510,,391000000,,15.79,,,,,,40535000000,29647000000,0.710,,28783000000,,,,,,,,,,,,true,false,3,2023-04-01,2023-06-30,0
2023-07-27,62620,2023-03-31,1,6847000000,0.369,,,,,961000000,2.666,1198000000,3.590,,900000000,,36.28,,,,,,,,,,,,,,,,,,,,,,true,false,3,2022-04-01,2022-06-30,-1
2023-07-27,62620,2024-03-31,1,8950000000,-0.330,,,,,310000000,-0.837,180000000,-0.927,,100000000,,4.03,,,,,,,,,,,,,,,,,,,,,,true,true,6,2023-04-01,2023-09-30,0
2023-07-27,62620,2024-03-31,1,21880000000,-0.135,,,,,1320000000,-0.503,1100000000,-0.627,,710000000,,28.62,,,,,,,,,,,,,,,,,,,,,,true,true,12,2023-04-01,2024-03-31,0
2023-07-27,62620,2023-03-31,1,,,,,,,,,,,,,,,,,,,,39507000000,29199000000,0.716,,28300000000,,,,,,,,,,,,true,false,12,2022-04-01,2023-03-31,-1
2023-07-27,62620,2023-03-31,1,,,,,,,,,,,,,,,,,,,,,,,,,,,,,27.00,,,,24828600,17976,,false,false,12,2022-04-01,2023-03-31,-1
2023-07-27,62620,2024-03-31,1,,,,,,,,,,,,,,,,,,,,,,,,,,,,,9.00,,,,,,,false,true,12,2023-04-01,2024-03-31,0
2023-07-27,62620,2024-03-31,1,,,,,,,,,,,,,,,,,,,,,,,,,,,,,,,,,24828600,17976,24810624,false,false,3,2023-04-01,2023-06-30,0
2023-07-27,62620,2023-03-31,1,,,,,,,,,,,,,,,,,,,,,,,,,,,,,,,,,,,24810624,false,false,3,2022-04-01,2022-06-30,-1
2023-07-27,62620,2024-03-31,1,4661000000,-0.319,,,,,250000000,-0.740,586000000,-0.510,,391000000,,15.79,,,,,,40535000000,29647000000,0.710,,28783000000,,,,,,,,,,,,true,false,3,2023-04-01,2023-06-30,0
2023-07-27,62620,2023-03-31,1,6847000000,0.369,,,,,961000000,2.666,1198000000,3.590,,900000000,,36.28,,,,,,,,,,,,,,,,,,,,,,true,false,3,2022-04-01,2022-06-30,-1
2023-07-27,62620,2024-03-31,1,8950000000,-0.330,,,,,310000000,-0.837,180000000,-0.927,,100000000,,4.03,,,,,,,,,,,,,,,,,,,,,,true,true,6,2023-04-01,2023-09-30,0
2023-07-27,62620,2024-03-31,1,21880000000,-0.135,,,,,1320000000,-0.503,1100000000,-0.627,,710000000,,28.62,,,,,,,,,,,,,,,,,,,,,,true,true,12,2023-04-01,2024-03-31,0
2023-07-27,62620,2023-03-31,1,,,,,,,,,,,,,,,,,,,,39507000000,29199000000,0.716,,28300000000,,,,,,,,,,,,true,false,12,2022-04-01,2023-03-31,-1
2023-07-27,62620,2023-03-31,1,,,,,,,,,,,,,,,,,,,,,,,,,,,,,27.00,,,,24828600,17976,,false,false,12,2022-04-01,2023-03-31,-1
2023-07-27,62620,2024-03-31,1,,,,,,,,,,,,,,,,,,,,,,,,,,,,,9.00,,,,,,,false,true,12,2023-04-01,2024-03-31,0
2023-07-27,62620,2024-03-31,1,,,,,,,,,,,,,,,,,,,,,,,,,,,,,,,,,24828600,17976,24810624,false,false,3,2023-04-01,2023-06-30,0
2023-07-27,62620,2023-03-31,1,,,,,,,,,,,,,,,,,,,,,,,,,,,,,,,,,,,24810624,false,false,3,2022-04-01,2022-06-30,-1
2023-10-26,62620,2024-03-31,2,8827000000,-0.339,,,,,120000000,-0.937,666000000,-0.728,,439000000,,17.70,,,,,,42731000000,31476000000,0.715,,30537000000,,,,,,,,,,,,true,false,6,2023-04-01,2023-09-30,0
2023-10-26,62620,2023-03-31,2,13349000000,0.395,,,,,1905000000,1.662,2451000000,2.492,,1740000000,,70.16,,,,,,,,,,,,,,,,,,,,,,true,false,6,2022-04-01,2022-09-30,-1
2023-10-26,62620,2024-03-31,2,17320000000,-0.315,,,,,-230000000,,-10000000,,,-150000000,,-6.05,,,,,,,,,,,,,,,,,,,,,,true,true,12,2023-04-01,2024-03-31,0
2023-10-26,62620,2023-03-31,2,,,,,,,,,,,,,,,,,,,,39507000000,29199000000,0.716,,28300000000,,,,,,,,,,,,true,false,12,2022-04-01,2023-03-31,-1
2023-10-26,62620,2023-03-31,2,,,,,,,,,,,,,,,,,,,,,,,,,,,,,27.00,,,,24828600,17976,,false,false,12,2022-04-01,2023-03-31,-1
2023-10-26,62620,2024-03-31,2,,,,,,,,,,,,,,,,,,,,,,,,,,,,,5.00,,,,,,,false,false,12,2023-04-01,2024-03-31,0
2023-10-26,62620,2024-03-31,2,,,,,,,,,,,,,,,,,,,,,,,,,,,,,5.00,,,,,,,false,true,12,2023-04-01,2024-03-31,0
2023-10-26,62620,2024-03-31,2,,,,,,,,,,,,,,,,,,,,,,,,,,,,,,,,,24828600,17976,24810624,false,false,6,2023-04-01,2023-09-30,0
2023-10-26,62620,2023-03-31,2,,,,,,,,,,,,,,,,,,,,,,,,,,,,,,,,,,,24810624,false,false,6,2022-04-01,2022-09-30,-1
2024-01-31,62620,2024-03-31,3,13014000000,-0.340,,,,,100000000,-0.956,333000000,-0.873,,-129000000,,-5.22,,,,,,43489000000,31469000000,0.701,,30470000000,,,,,,,,,,,,true,false,9,2023-04-01,2023-12-31,0
2024-01-31,62620,2023-03-31,3,19723000000,0.340,,,,,2300000000,0.807,2621000000,0.998,,1847000000,,74.45,,,,,,,,,,,,,,,,,,,,,,true,false,9,2022-04-01,2022-12-31,-1
2024-01-31,62620,2024-03-31,3,17530000000,-0.307,,,,,-80000000,,270000000,-0.908,,-280000000,,-11.29,,,,,,,,,,,,,,,,,,,,,,true,true,12,2023-04-01,2024-03-31,0
2024-01-31,62620,2023-03-31,3,,,,,,,,,,,,,,,,,,,,39507000000,29199000000,0.716,,28300000000,,,,,,,,,,,,true,false,12,2022-04-01,2023-03-31,-1
2024-01-31,62620,2023-03-31,3,,,,,,,,,,,,,,,,,,,,,,,,,,,,,27.00,,,,24828600,17976,,false,false,12,2022-04-01,2023-03-31,-1
2024-01-31,62620,2024-03-31,3,,,,,,,,,,,,,,,,,,,,,,,,,,,,,5.00,,,,,,,false,false,12,2023-04-01,2024-03-31,0
2024-01-31,62620,2024-03-31,3,,,,,,,,,,,,,,,,,,,,,,,,,,,,,5.00,,,,,,,false,true,12,2023-04-01,2024-03-31,0
2024-01-31,62620,2024-03-31,3,,,,,,,,,,,,,,,,,,,,,,,,,,,,,,,,,24828600,17976,24810624,false,false,9,2023-04-01,2023-12-31,0
2024-01-31,62620,2023-03-31,3,,,,,,,,,,,,,,,,,,,,,,,,,,,,,,,,,,,24810624,false,false,9,2022-04-01,2022-12-31,-1
2024-05-13,62620,2024-03-31,,17542000000,-0.306,,,,,38000000,-0.985,512000000,-0.826,,-72000000,,-2.93,,-0.003,0.012,0.002,,42949000000,30603000000,0.689,1193.35,29607000000,618000000,-3302000000,1298000000,8634000000,,,,,,,,true,false,12,2023-04-01,2024-03-31,0
2024-05-13,62620,2023-03-31,,25288000000,0.234,,,,,2657000000,0.439,2946000000,0.518,,2294000000,,92.49,,0.087,0.079,0.105,,39507000000,29199000000,0.716,1140.65,28300000000,1859000000,-1875000000,-1182000000,9225000000,,0.292,,,,,,true,false,12,2022-04-01,2023-03-31,-1
2024-05-13,62620,2025-03-31,,10250000000,0.161,,,,,650000000,4.377,540000000,-0.190,,220000000,,8.87,,,,,,,,,,,,,,,,,,,,,,true,true,6,2024-04-01,2024-09-30,1
2024-05-13,62620,2025-03-31,,22570000000,0.287,,,,,1820000000,,1710000000,2.338,,1000000000,,40.31,,,,,,,,,,,,,,,,0.323,,,,,,true,true,12,2024-04-01,2025-03-31,1
2024-05-13,62620,2024-03-31,,4869000000,-0.589,,,,,-539000000,,2000000000,-0.062,1869000000,,0.055,75.35,,,,,,24979000000,16860000000,0.675,679.56,16860000000,,,,,5.00,,,,24828600,17976,24810624,false,false,12,2023-04-01,2024-03-31,0
2024-05-13,62620,2023-03-31,,11851000000,0.257,,,,,1554000000,1.918,2132000000,1.067,1771000000,,0.793,71.40,,,,,,21772000000,15392000000,0.707,620.41,15392000000,,,,,27.00,,,,24828600,17976,24810624,false,false,12,2022-04-01,2023-03-31,-1
2024-05-13,62620,2025-03-31,,,,,,,,,,,,,,,,,,,,,,,,,,,,,,13.00,,,,,,,false,true,12,2024-04-01,2025-03-31,1
2024-05-13,62620,2024-03-31,,17542000000,-0.306,,,,,38000000,-0.985,512000000,-0.826,,-72000000,,-2.93,,-0.003,0.012,0.002,,42949000000,30603000000,0.689,1193.35,29607000000,765000000,-3302000000,1298000000,8634000000,,,,,,,,true,false,12,2023-04-01,2024-03-31,0
2024-05-13,62620,2023-03-31,,25288000000,0.234,,,,,2657000000,0.439,2946000000,0.518,,2294000000,,92.49,,0.087,0.079,0.105,,39507000000,29199000000,0.716,1140.65,28300000000,1859000000,-1875000000,-1182000000,9225000000,,0.292,,,,,,true,false,12,2022-04-01,2023-03-31,-1
2024-05-13,62620,2025-03-31,,10250000000,0.161,,,,,650000000,4.377,540000000,-0.190,,220000000,,8.87,,,,,,,,,,,,,,,,,,,,,,true,true,6,2024-04-01,2024-09-30,1
2024-05-13,62620,2025-03-31,,22570000000,0.287,,,,,1820000000,,1710000000,2.338,,1000000000,,40.31,,,,,,,,,,,,,,,,0.323,,,,,,true,true,12,2024-04-01,2025-03-31,1
2024-05-13,62620,2024-03-31,,4869000000,-0.589,,,,,-539000000,,2000000000,-0.062,1869000000,,0.055,75.35,,,,,,24979000000,16860000000,0.675,679.56,16860000000,,,,,5.00,,,,24828600,17976,24810624,false,false,12,2023-04-01,2024-03-31,0
2024-05-13,62620,2023-03-31,,11851000000,0.257,,,,,1554000000,1.918,2132000000,1.067,1771000000,,0.793,71.40,,,,,,21772000000,15392000000,0.707,620.41,15392000000,,,,,27.00,,,,24828600,17976,24810624,false,false,12,2022-04-01,2023-03-31,-1
2024-05-13,62620,2025-03-31,,,,,,,,,,,,,,,,,,,,,,,,,,,,,,13.00,,,,,,,false,true,12,2024-04-01,2025-03-31,1
2024-07-31,62620,2025-03-31,1,5142000000,0.103,,,,,323000000,0.290,478000000,-0.185,,381000000,,15.37,,,,,,44846000000,32671000000,0.706,,31673000000,,,,,,,,,,,,true,false,3,2024-04-01,2024-06-30,0
2024-07-31,62620,2024-03-31,1,4661000000,-0.319,,,,,250000000,-0.740,586000000,-0.510,,391000000,,15.79,,,,,,,,,,,,,,,,,,,,,,true,false,3,2023-04-01,2023-06-30,-1
2024-07-31,62620,2025-03-31,1,10250000000,0.161,,,,,650000000,4.377,540000000,-0.190,,220000000,,8.87,,,,,,,,,,,,,,,,,,,,,,true,true,6,2024-04-01,2024-09-30,0
2024-07-31,62620,2025-03-31,1,22570000000,0.287,,,,,1820000000,,1710000000,2.338,,1000000000,,40.31,,,,,,,,,,,,,,,,,,,,,,true,true,12,2024-04-01,2025-03-31,0
2024-07-31,62620,2024-03-31,1,,,,,,,,,,,,,,,,,,,,42949000000,30603000000,0.689,,29607000000,,,,,,,,,,,,true,false,12,2023-04-01,2024-03-31,-1
2024-07-31,62620,2024-03-31,1,,,,,,,,,,,,,,,,,,,,,,,,,,,,,5.00,,,,24828600,17976,,false,false,12,2023-04-01,2024-03-31,-1
2024-07-31,62620,2025-03-31,1,,,,,,,,,,,,,,,,,,,,,,,,,,,,,13.00,,,,,,,false,true,12,2024-04-01,2025-03-31,0
2024-07-31,62620,2025-03-31,1,,,,,,,,,,,,,,,,,,,,,,,,,,,,,,,,,24828600,17976,24810624,false,false,3,2024-04-01,2024-06-30,0
2024-07-31,62620,2024-03-31,1,,,,,,,,,,,,,,,,,,,,,,,,,,,,,,,,,,,24810624,false,false,3,2023-04-01,2023-06-30,-1
2024-10-31,62620,2025-03-31,2,10467000000,0.186,,,,,784000000,5.487,567000000,-0.148,,237000000,,9.58,,,,,,46133000000,33838000000,0.710,,32752000000,,,,,,,,,,,,true,false,6,2024-04-01,2024-09-30,0
2024-10-31,62620,2024-03-31,2,8827000000,-0.339,,,,,120000000,-0.937,666000000,-0.728,,439000000,,17.70,,,,,,,,,,,,,,,,,,,,,,true,false,6,2023-04-01,2023-09-30,-1
2024-10-31,62620,2025-03-31,2,22570000000,0.287,,,,,1820000000,,1710000000,2.338,,1000000000,,40.31,,,,,,,,,,,,,,,,,,,,,,true,true,12,2024-04-01,2025-03-31,0
2024-10-31,62620,2024-03-31,2,,,,,,,,,,,,,,,,,,,,42949000000,30603000000,0.689,,29607000000,,,,,,,,,,,,true,false,12,2023-04-01,2024-03-31,-1
2024-10-31,62620,2024-03-31,2,,,,,,,,,,,,,,,,,,,,,,,,,,,,,5.00,,,,24828600,17976,,false,false,12,2023-04-01,2024-03-31,-1
2024-10-31,62620,2025-03-31,2,,,,,,,,,,,,,,,,,,,,,,,,,,,,,5.00,,,,,,,false,false,12,2024-04-01,2025-03-31,0
2024-10-31,62620,2025-03-31,2,,,,,,,,,,,,,,,,,,,,,,,,,,,,,13.00,,,,,,,false,true,12,2024-04-01,2025-03-31,0
2024-10-31,62620,2025-03-31,2,,,,,,,,,,,,,,,,,,,,,,,,,,,,,,,,,24828600,17976,24810624,false,false,6,2024-04-01,2024-09-30,0
2024-10-31,62620,2024-03-31,2,,,,,,,,,,,,,,,,,,,,,,,,,,,,,,,,,,,24810624,false,false,6,2023-04-01,2023-09-30,-1
2025-01-31,62620,2025-03-31,3,16031000000,0.232,,,,,1274000000,,1436000000,3.301,,990000000,,39.90,,,,,,42642000000,31087000000,0.705,,30048000000,,,,,,,,,,,,true,false,9,2024-04-01,2024-12-31,0
2025-01-31,62620,2024-03-31,3,13014000000,-0.340,,,,,100000000,-0.956,333000000,-0.873,,-129000000,,-5.22,,,,,,,,,,,,,,,,,,,,,,true,false,9,2023-04-01,2023-12-31,-1
2025-01-31,62620,2025-03-31,3,22570000000,0.287,,,,,1820000000,,1710000000,2.338,,1000000000,,40.31,,,,,,,,,,,,,,,,,,,,,,true,true,12,2024-04-01,2025-03-31,0
2025-01-31,62620,2024-03-31,3,,,,,,,,,,,,,,,,,,,,42949000000,30603000000,0.689,,29607000000,,,,,,,,,,,,true,false,12,2023-04-01,2024-03-31,-1
2025-01-31,62620,2024-03-31,3,,,,,,,,,,,,,,,,,,,,,,,,,,,,,5.00,,,,24828600,17976,,false,false,12,2023-04-01,2024-03-31,-1
2025-01-31,62620,2025-03-31,3,,,,,,,,,,,,,,,,,,,,,,,,,,,,,5.00,,,,,,,false,false,12,2024-04-01,2025-03-31,0
2025-01-31,62620,2025-03-31,3,,,,,,,,,,,,,,,,,,,,,,,,,,,,,13.00,,,,,,,false,true,12,2024-04-01,2025-03-31,0
2025-01-31,62620,2025-03-31,3,,,,,,,,,,,,,,,,,,,,,,,,,,,,,,,,,24828600,17976,24810624,false,false,9,2024-04-01,2024-12-31,0
2025-01-31,62620,2024-03-31,3,,,,,,,,,,,,,,,,,,,,,,,,,,,,,,,,,,,24810624,false,false,9,2023-04-01,2023-12-31,-1
2025-05-13,62620,2025-03-31,,22040000000,0.256,,,,,1573000000,,1555000000,2.036,,964000000,,38.89,,0.031,0.035,0.071,,46391000000,33637000000,0.700,1309.02,32477000000,2442000000,-1641000000,-1519000000,8333000000,,0.334,,,,,,true,false,12,2024-04-01,2025-03-31,0
2025-05-13,62620,2024-03-31,,17542000000,-0.306,,,,,38000000,-0.985,512000000,-0.826,,-72000000,,-2.93,,-0.003,0.012,0.002,,42949000000,30603000000,0.689,1193.35,29607000000,765000000,-3302000000,1298000000,8634000000,,,,,,,,true,false,12,2023-04-01,2024-03-31,-1
2025-05-13,62620,2026-03-31,,13070000000,0.249,,,,,1340000000,0.709,1290000000,1.272,,860000000,,34.66,,,,,,,,,,,,,,,,,,,,,,true,true,6,2025-04-01,2025-09-30,1
2025-05-13,62620,2026-03-31,,26000000000,0.180,,,,,2460000000,0.563,2360000000,0.517,,1560000000,,62.88,,,,,,,,,,,,,,,,,,,,,,true,true,12,2025-04-01,2026-03-31,1
2025-05-13,62620,2025-03-31,,7479000000,0.536,,,,,-74000000,,477000000,-0.761,410000000,,-0.780,16.57,,,,,,24980000000,16922000000,0.677,682.07,16922000000,,,,,13.00,,,,24828600,17976,24810624,false,false,12,2024-04-01,2025-03-31,0
2025-05-13,62620,2024-03-31,,4869000000,-0.589,,,,,-539000000,,2000000000,-0.062,1869000000,,0.055,75.35,,,,,,24979000000,16860000000,0.675,679.56,16860000000,,,,,5.00,,,,24828600,17976,24810624,false,false,12,2023-04-01,2024-03-31,-1
2025-05-13,62620,2026-03-31,,,,,,,,,,,,,,,,,,,,,,,,,,,,,,10.00,,,,,,,false,true,12,2025-04-01,2026-03-31,1
2025-07-31,62620,2026-03-31,1,6167000000,0.199,,,,,551000000,0.708,469000000,-0.017,,368000000,,14.85,,,,,,43863000000,32101000000,0.707,,31006000000,,,,,,,,,,,,true,false,3,2025-04-01,2025-06-30,0
2025-07-31,62620,2025-03-31,1,5142000000,0.103,,,,,323000000,0.290,478000000,-0.185,,381000000,,15.37,,,,,,,,,,,,,,,,,,,,,,true,false,3,2024-04-01,2024-06-30,-1
2025-07-31,62620,2026-03-31,1,13070000000,0.249,,,,,1340000000,0.709,1290000000,1.272,,860000000,,34.66,,,,,,,,,,,,,,,,,,,,,,true,true,6,2025-04-01,2025-09-30,0
2025-07-31,62620,2026-03-31,1,26000000000,0.180,,,,,2460000000,0.563,2360000000,0.517,,1560000000,,62.88,,,,,,,,,,,,,,,,,,,,,,true,true,12,2025-04-01,2026-03-31,0
2025-07-31,62620,2025-03-31,1,,,,,,,,,,,,,,,,,,,,46391000000,33637000000,0.700,,32477000000,,,,,,,,,,,,true,false,12,2024-04-01,2025-03-31,-1
2025-07-31,62620,2025-03-31,1,,,,,,,,,,,,,,,,,,,,,,,,,,,,,13.00,,,,24828600,17976,,false,false,12,2024-04-01,2025-03-31,-1
2025-07-31,62620,2026-03-31,1,,,,,,,,,,,,,,,,,,,,,,,,,,,,,10.00,,,,,,,false,true,12,2025-04-01,2026-03-31,0
2025-07-31,62620,2026-03-31,1,,,,,,,,,,,,,,,,,,,,,,,,,,,,,,,,,24828600,17976,24810624,false,false,3,2025-04-01,2025-06-30,0
2025-07-31,62620,2025-03-31,1,,,,,,,,,,,,,,,,,,,,,,,,,,,,,,,,,,,24810624,false,false,3,2024-04-01,2024-06-30,-1
