filing_date,code,fiscal_year_end,quarterly_period,net_sales,net_sales_change,revenue,revenue_change,operating_revenue,operating_revenue_change,operating_profit,operating_profit_change,ordinary_profit,ordinary_profit_change,net_income,net_income_of_parent,net_income_change,eps,diluted_eps,roe,roa,operating_profit_to_net_sales,operating_profit_to_revenue,total_assets,net_assets,equity_ratio,bps,owner_equity,operating_cash_flow,investing_cash_flow,financing_cash_flow,cash,dividend_per_share,payout_ratio,commemorative_dividend,extra_dividend,number_of_shares,number_of_treqsury_shares,avg_number_of_shares,is_consolidated,is_forecast,duration,period_start,period_end,period_pos
2015-05-08,62680,2015-03-31,,219657000000,0.086,,,,,23615000000,0.175,27193000000,0.122,17746000000,,0.185,140.24,139.99,0.126,0.113,0.108,,245992000000,158664000000,0.609,1184.17,149862000000,19949000000,-7880000000,-15888000000,50455000000,,0.314,,,,,,true,false,12,2014-04-01,2015-03-31,0
2015-05-08,62680,2014-03-31,,202292000000,0.127,,,,,20092000000,0.338,24227000000,0.354,14978000000,,0.129,117.95,117.78,0.122,0.111,0.099,,233984000000,139471000000,0.560,1035.68,131043000000,27597000000,-8064000000,-8175000000,53052000000,,0.322,,,,,,true,false,12,2013-04-01,2014-03-31,-1
2015-05-08,62680,2016-03-31,,135000000000,,,,,,10100000000,,11100000000,,,7600000000,,60.05,,,,,,,,,,,,,,,,,,,,,,true,true,6,2015-04-01,2015-09-30,1
2015-05-08,62680,2016-03-31,,200000000000,,,,,,17900000000,,19700000000,,,13400000000,,105.88,,,,,,,,,,,,,,,,0.416,,,,,,true,true,12,2015-04-01,2016-03-31,1
2015-05-08,62680,2015-03-31,,141158000000,0.099,,,,,18061000000,0.257,23656000000,0.288,16970000000,,0.460,133.41,133.18,,,,,174106000000,104468000000,0.598,818.12,104077000000,,,,,44.00,,,,128265799,1710998,126541932,false,false,12,2014-04-01,2015-03-31,0
2015-05-08,62680,2014-03-31,,128399000000,0.108,,,,,14369000000,0.443,18360000000,0.547,11624000000,,0.394,91.07,90.94,,,,,168617000000,90192000000,0.533,706.71,89886000000,,,,,38.00,,,,128265799,1736737,126983173,false,false,12,2013-04-01,2014-03-31,-1
2015-05-08,62680,2016-03-31,,73000000000,,,,,,,,10600000000,,8300000000,,,65.24,,,,,,,,,,,,,,,,,,,,,,false,true,6,2015-04-01,2015-09-30,1
2015-05-08,62680,2016-03-31,,111000000000,,,,,,,,16300000000,,12700000000,,,99.83,,,,,,,,,,,,,,,44.00,,,,,,,false,true,12,2015-04-01,2016-03-31,1
2015-05-08,62680,2015-03-31,,219657000000,0.086,,,,,23615000000,0.175,27193000000,0.122,17746000000,,0.185,140.24,139.99,0.126,0.113,0.108,,245992000000,158664000000,0.609,1184.17,149862000000,19949000000,-7880000000,-15888000000,50455000000,,0.314,,,,,,true,false,12,2014-04-01,2015-03-31,0
2015-05-08,62680,2014-03-31,,202292000000,0.127,,,,,20092000000,0.338,24227000000,0.354,14978000000,,0.129,117.95,117.78,0.122,0.111,0.099,,233984000000,139471000000,0.560,1035.68,131043000000,27597000000,-8064000000,-8175000000,53052000000,,0.322,,,,,,true,false,12,2013-04-01,2014-03-31,-1
2015-05-08,62680,2016-03-31,,135000000000,,,,,,10100000000,,11100000000,,,7600000000,,60.05,,,,,,,,,,,,,,,,,,,,,,true,true,6,2015-04-01,2015-09-30,1
2015-05-08,62680,2016-03-31,,200000000000,,,,,,17900000000,,19700000000,,,13400000000,,105.88,,,,,,,,,,,,,,,,0.416,,,,,,true,true,12,2015-04-01,2016-03-31,1
2015-05-08,62680,2015-03-31,,141158000000,0.099,,,,,18061000000,0.257,23656000000,0.288,16970000000,,0.460,133.41,133.18,,,,,174106000000,104468000000,0.598,818.12,104077000000,,,,,44.00,,,,128265799,1710998,126541932,false,false,12,2014-04-01,2015-03-31,0
2015-05-08,62680,2014-03-31,,128399000000,0.108,,,,,14369000000,0.443,18360000000,0.547,11624000000,,0.394,91.07,90.94,,,,,168617000000,90192000000,0.533,706.71,89886000000,,,,,38.00,,,,128265799,1736737,126983173,false,false,12,2013-04-01,2014-03-31,-1
2015-05-08,62680,2016-03-31,,73000000000,,,,,,,,10600000000,,8300000000,,,65.24,,,,,,,,,,,,,,,,,,,,,,false,true,6,2015-04-01,2015-09-30,1
2015-05-08,62680,2016-03-31,,111000000000,,,,,,,,16300000000,,12700000000,,,99.83,,,,,,,,,,,,,,,44.00,,,,,,,false,true,12,2015-04-01,2016-03-31,1
2015-07-31,62680,2015-12-31,1,70629000000,,,,,,5311000000,,5644000000,,,3503000000,,27.82,27.81,,,,,238355000000,152152000000,0.602,,143565000000,,,,,,,,,,,,true,false,3,2015-01-01,2015-03-31,0
2015-07-31,62680,2014-12-31,1,51481000000,0.176,,,,,5515000000,0.756,6765000000,0.516,,3783000000,,29.90,29.89,,,,,,,,,,,,,,,,,,,,,true,false,3,2014-01-01,2014-03-31,-1
2015-07-31,62680,2015-12-31,1,135000000000,,,,,,10100000000,,11100000000,,,7600000000,,60.05,,,,,,,,,,,,,,,,,,,,,,true,true,6,2015-01-01,2015-06-30,0
2015-07-31,62680,2015-12-31,1,200000000000,,,,,,17900000000,,19700000000,,,13400000000,,105.88,,,,,,,,,,,,,,,,,,,,,,true,true,12,2015-01-01,2015-12-31,0
2015-07-31,62680,2014-12-31,1,,,,,,,,,,,,,,,,,,,,245992000000,158664000000,0.609,,149862000000,,,,,,,,,,,,true,false,12,2014-01-01,2014-12-31,-1
2015-07-31,62680,2014-12-31,1,,,,,,,,,,,,,,,,,,,,,,,,,,,,,44.00,,,,128265799,1710998,,false,false,12,2014-01-01,2014-12-31,-1
2015-07-31,62680,2015-12-31,1,,,,,,,,,,,,,,,,,,,,,,,,,,,,,44.00,,,,,,,false,true,12,2015-01-01,2015-12-31,0
2015-07-31,62680,2015-12-31,1,,,,,,,,,,,,,,,,,,,,,,,,,,,,,,,,,128265799,4182185,125936948,false,false,3,2015-01-01,2015-03-31,0
2015-07-31,62680,2014-12-31,1,,,,,,,,,,,,,,,,,,,,,,,,,,,,,,,,,,,126542425,false,false,3,2014-01-01,2014-03-31,-1
2015-10-30,62680,2015-12-31,2,128717000000,,,,,,10392000000,,11097000000,,,7947000000,,63.63,63.59,,,,,238009000000,150412000000,0.598,,142404000000,,,,,,,,,,,,true,false,6,2015-01-01,2015-06-30,0
2015-10-30,62680,2014-12-31,2,105598000000,0.130,,,,,11612000000,0.463,13842000000,0.431,,8951000000,,70.74,70.69,,,,,,,,,,,,,,,,,,,,,true,false,6,2014-01-01,2014-06-30,-1
2015-10-30,62680,2015-12-31,2,191000000000,,,,,,16200000000,,17100000000,,,11400000000,,91.59,,,,,,,,,,,,,,,,,,,,,,true,true,12,2015-01-01,2015-12-31,0
2015-10-30,62680,2014-12-31,2,,,,,,,,,,,,,,,,,,,,245992000000,158664000000,0.609,,149862000000,,,,,,,,,,,,true,false,12,2014-01-01,2014-12-31,-1
2015-10-30,62680,2014-12-31,2,,,,,,,,,,,,,,,,,,,,,,,,,,,,,44.00,,,,128265799,1710998,,false,false,12,2014-01-01,2014-12-31,-1
2015-10-30,62680,2015-12-31,2,,,,,,,,,,,,,,,,,,,,,,,,,,,,,22.00,,,,,,,false,false,12,2015-01-01,2015-12-31,0
2015-10-30,62680,2015-12-31,2,,,,,,,,,,,,,,,,,,,,,,,,,,,,,44.00,,,,,,,false,true,12,2015-01-01,2015-12-31,0
2015-10-30,62680,2015-12-31,2,,,,,,,,,,,,,,,,,,,,,,,,,,,,,,,,,128265799,4771226,124890233,false,false,6,2015-01-01,2015-06-30,0
2015-10-30,62680,2014-12-31,2,,,,,,,,,,,,,,,,,,,,,,,,,,,,,,,,,,,126542262,false,false,6,2014-01-01,2014-06-30,-1
2016-01-29,62680,2015-12-31,,186800000000,-0.022,,,,,15000000000,-0.074,16100000000,-0.058,,10800000000,,86.77,,,,,,,,,,,,,,,,,,,,,,true,true,12,2015-01-01,2015-12-31,0
2016-02-12,62680,2015-12-31,,187000000000,,,,,,15294000000,,16418000000,,,11059000000,,88.85,88.75,0.076,0.069,0.082,,233381000000,148924000000,0.609,1150.41,142068000000,8746000000,-4886000000,-19090000000,34709000000,,0.495,,,,,,true,false,12,2015-01-01,2015-12-31,0
2016-02-12,62680,2014-12-31,,219657000000,0.086,,,,,23615000000,0.175,27193000000,0.122,,17746000000,,140.24,139.99,0.126,0.113,0.108,,245992000000,158664000000,0.609,1184.17,149862000000,19949000000,-7880000000,-15888000000,50455000000,,0.314,,,,,,true,false,12,2014-01-01,2014-12-31,-1
2016-02-12,62680,2016-12-31,,118000000000,,,,,,10000000000,,11100000000,,,7700000000,,62.35,,,,,,,,,,,,,,,,,,,,,,true,true,6,2016-01-01,2016-06-30,1
2016-02-12,62680,2016-12-31,,250000000000,,,,,,25500000000,,27000000000,,,18900000000,,153.04,,,,,,,,,,,,,,,,0.327,,,,,,true,true,12,2016-01-01,2016-12-31,1
2016-02-12,62680,2015-12-31,,106497000000,,,,,,11780000000,,15382000000,,11627000000,,,92.92,92.81,,,,,164275000000,99082000000,0.601,795.00,98702000000,,,,,44.00,,,,125133799,1639476,124471488,false,false,12,2015-01-01,2015-12-31,0
2016-02-12,62680,2014-12-31,,141158000000,0.099,,,,,18061000000,0.257,23656000000,0.288,16970000000,,0.460,133.41,133.18,,,,,174106000000,104468000000,0.598,818.12,104077000000,,,,,44.00,,,,128265799,1710998,126541932,false,false,12,2014-01-01,2014-12-31,-1
2016-02-12,62680,2016-12-31,,73000000000,,,,,,,,9600000000,,7100000000,,,57.19,,,,,,,,,,,,,,,,,,,,,,false,true,6,2016-01-01,2016-06-30,1
2016-02-12,62680,2016-12-31,,152000000000,,,,,,,,20300000000,,15000000000,,,120.82,,,,,,,,,,,,,,,50.00,,,,,,,false,true,12,2016-01-01,2016-12-31,1
2016-04-28,62680,2016-12-31,1,56764000000,,,,,,5634000000,,5683000000,,,3309000000,,26.80,26.79,,,,,234875000000,146324000000,0.594,,139523000000,,,,,,,,,,,,true,false,3,2016-01-01,2016-03-31,0
2016-04-28,62680,2015-12-31,1,70629000000,,,,,,5311000000,,5644000000,,,3503000000,,27.82,27.81,,,,,,,,,,,,,,,,,,,,,true,false,3,2015-01-01,2015-03-31,-1
2016-04-28,62680,2016-12-31,1,118000000000,,,,,,10000000000,,11100000000,,,7700000000,,62.35,,,,,,,,,,,,,,,,,,,,,,true,true,6,2016-01-01,2016-06-30,0
2016-04-28,62680,2016-12-31,1,250000000000,,,,,,25500000000,,27000000000,,,18900000000,,153.04,,,,,,,,,,,,,,,,,,,,,,true,true,12,2016-01-01,2016-12-31,0
2016-04-28,62680,2015-12-31,1,,,,,,,,,,,,,,,,,,,,233381000000,148924000000,0.609,,142068000000,,,,,,,,,,,,true,false,12,2015-01-01,2015-12-31,-1
2016-04-28,62680,2015-12-31,1,,,,,,,,,,,,,,,,,,,,,,,,,,,,,44.00,,,,125133799,1639476,,false,false,12,2015-01-01,2015-12-31,-1
2016-04-28,62680,2016-12-31,1,,,,,,,,,,,,,,,,,,,,,,,,,,,,,50.00,,,,,,,false,true,12,2016-01-01,2016-12-31,0
2016-04-28,62680,2016-12-31,1,,,,,,,,,,,,,,,,,,,,,,,,,,,,,,,,,125133799,1607774,123502199,false,false,3,2016-01-01,2016-03-31,0
2016-04-28,62680,2015-12-31,1,,,,,,,,,,,,,,,,,,,,,,,,,,,,,,,,,,,125936948,false,false,3,2015-01-01,2015-03-31,-1
2016-07-29,62680,2016-12-31,2,116270000000,,,,,,10731000000,,10052000000,,,7211000000,,58.38,58.34,,,,,241772000000,146658000000,0.575,,139024000000,,,,,,,,,,,,true,false,6,2016-01-01,2016-06-30,0
2016-07-29,62680,2015-12-31,2,128717000000,,,,,,10392000000,,11097000000,,,7947000000,,63.63,63.59,,,,,,,,,,,,,,,,,,,,,true,false,6,2015-01-01,2015-06-30,-1
2016-07-29,62680,2016-12-31,2,250000000000,,,,,,25500000000,,27000000000,,,18900000000,,153.04,,,,,,,,,,,,,,,,,,,,,,true,true,12,2016-01-01,2016-12-31,0
2016-07-29,62680,2015-12-31,2,,,,,,,,,,,,,,,,,,,,233381000000,148924000000,0.609,,142068000000,,,,,,,,,,,,true,false,12,2015-01-01,2015-12-31,-1
2016-07-29,62680,2015-12-31,2,,,,,,,,,,,,,,,,,,,,,,,,,,,,,44.00,,,,125133799,1639476,,false,false,12,2015-01-01,2015-12-31,-1
2016-07-29,62680,2016-12-31,2,,,,,,,,,,,,,,,,,,,,,,,,,,,,,24.00,,,,,,,false,false,12,2016-01-01,2016-12-31,0
2016-07-29,62680,2016-12-31,2,,,,,,,,,,,,,,,,,,,,,,,,,,,,,50.00,,,,,,,false,true,12,2016-01-01,2016-12-31,0
2016-07-29,62680,2016-12-31,2,,,,,,,,,,,,,,,,,,,,,,,,,,,,,,,,,125133799,1608207,123512260,false,false,6,2016-01-01,2016-06-30,0
2016-07-29,62680,2015-12-31,2,,,,,,,,,,,,,,,,,,,,,,,,,,,,,,,,,,,124890233,false,false,6,2015-01-01,2015-06-30,-1
2016-10-31,62680,2016-12-31,3,176246000000,,,,,,16804000000,,16224000000,,,12453000000,,100.82,100.70,,,,,241712000000,148278000000,0.582,,140715000000,,,,,,,,,,,,true,false,9,2016-01-01,2016-09-30,0
2016-10-31,62680,2016-12-31,3,245000000000,,,,,,22300000000,,21900000000,,,16000000000,,129.54,,,,,,,,,,,,,,,,,,,,,,true,true,12,2016-01-01,2016-12-31,0
2016-10-31,62680,2015-12-31,3,,,,,,,,,,,,,,,,,,,,233381000000,148924000000,0.609,,142068000000,,,,,,,,,,,,true,false,12,2015-01-01,2015-12-31,-1
2016-10-31,62680,2015-12-31,3,,,,,,,,,,,,,,,,,,,,,,,,,,,,,44.00,,,,125133799,1639476,,false,false,12,2015-01-01,2015-12-31,-1
2016-10-31,62680,2016-12-31,3,,,,,,,,,,,,,,,,,,,,,,,,,,,,,24.00,,,,,,,false,false,12,2016-01-01,2016-12-31,0
2016-10-31,62680,2016-12-31,3,,,,,,,,,,,,,,,,,,,,,,,,,,,,,50.00,,,,,,,false,true,12,2016-01-01,2016-12-31,0
2016-10-31,62680,2016-12-31,3,,,,,,,,,,,,,,,,,,,,,,,,,,,,,,,,,125133799,1608327,123516242,false,false,9,2016-01-01,2016-09-30,0
2017-02-10,62680,2016-12-31,,244618000000,,,,,,23471000000,,24731000000,,,17584000000,,142.37,142.12,0.120,0.100,0.096,,258946000000,158521000000,0.580,1215.31,150121000000,27729000000,-14989000000,-4808000000,41779000000,,0.351,,,,,,true,false,12,2016-01-01,2016-12-31,0
2017-02-10,62680,2015-12-31,,187000000000,,,,,,15294000000,,16418000000,,,11059000000,,88.85,88.75,0.076,0.069,0.082,,233381000000,148924000000,0.609,1150.41,142068000000,8746000000,-4886000000,-19090000000,34709000000,,0.495,,,,,,true,false,12,2015-01-01,2015-12-31,-1
2017-02-10,62680,2017-12-31,,124000000000,,,,,,10600000000,,,,,8100000000,,65.58,,,,,,,,,,,,,,,,,,,,,,true,true,6,2017-01-01,2017-06-30,1
2017-02-10,62680,2017-12-31,,260000000000,,,,,,26000000000,,,,,19700000000,,159.49,,,,,,,,,,,,,,,,0.351,,,,,,true,true,12,2017-01-01,2017-12-31,1
2017-02-10,62680,2016-12-31,,146240000000,,,,,,16479000000,,19642000000,,13465000000,,,108.44,108.25,,,,,183105000000,106841000000,0.581,856.59,106375000000,,,,,50.00,,,,125133799,1608476,123518357,false,false,12,2016-01-01,2016-12-31,0
2017-02-10,62680,2015-12-31,,106497000000,,,,,,11780000000,,15382000000,,11627000000,,,92.92,92.81,,,,,164275000000,99082000000,0.601,795.00,98702000000,,,,,44.00,,,,125133799,1639476,124471488,false,false,12,2015-01-01,2015-12-31,-1
2017-02-10,62680,2017-12-31,,68000000000,-0.025,,,,,,,9200000000,-0.052,7000000000,,-0.060,56.37,,,,,,,,,,,,,,,,,,,,,,false,true,6,2017-01-01,2017-06-30,1
2017-02-10,62680,2017-12-31,,142000000000,-0.029,,,,,,,17600000000,-0.104,13500000000,,0.003,108.71,,,,,,,,,,,,,,,56.00,,,,,,,false,true,12,2017-01-01,2017-12-31,1
2017-04-28,62680,2017-12-31,1,64055000000,0.125,,,,,6062000000,0.054,,,,6462000000,,52.31,52.29,,,,,269547000000,,,,,,,,,,,,,,,,true,false,3,2017-01-01,2017-03-31,0
2017-04-28,62680,2016-12-31,1,56933000000,,,,,,5751000000,,,,,3557000000,,28.80,28.79,,,,,,,,,,,,,,,,,,,,,true,false,3,2016-01-01,2016-03-31,-1
2017-04-28,62680,2017-12-31,1,124000000000,,,,,,10600000000,,,,,10900000000,,88.24,,,,,,,,,,,,,,,,,,,,,,true,true,6,2017-01-01,2017-06-30,0
2017-04-28,62680,2017-12-31,1,260000000000,,,,,,26000000000,,,,,22500000000,,182.14,,,,,,,,,,,,,,,,,,,,,,true,true,12,2017-01-01,2017-12-31,0
2017-04-28,62680,2016-12-31,1,,,,,,,,,,,,,,,,,,,,256973000000,,,,,,,,,,,,,,,,true,false,12,2016-01-01,2016-12-31,-1
2017-04-28,62680,2016-12-31,1,,,,,,,,,,,,,,,,,,,,,,,,,,,,,50.00,,,,125133799,1608625,,false,false,12,2016-01-01,2016-12-31,-1
2017-04-28,62680,2017-12-31,1,,,,,,,,,,,,,,,,,,,,,,,,,,,,,56.00,,,,,,,false,true,12,2017-01-01,2017-12-31,0
2017-04-28,62680,2017-12-31,1,,,,,,,,,,,,,,,,,,,,,,,,,,,,,,,,,125133799,1592440,123529332,false,false,3,2017-01-01,2017-03-31,0
2017-04-28,62680,2016-12-31,1,,,,,,,,,,,,,,,,,,,,,,,,,,,,,,,,,,,123502199,false,false,3,2016-01-01,2016-03-31,-1
2017-07-31,62680,2017-12-31,2,133359000000,0.143,,,,,13761000000,0.101,,,,12497000000,,101.23,101.14,,,,,281098000000,,,,,,,,,,,,,,,,true,false,6,2017-01-01,2017-06-30,0
2017-07-31,62680,2016-12-31,2,116637000000,,,,,,12500000000,,,,,7998000000,,64.75,64.70,,,,,,,,,,,,,,,,,,,,,true,false,6,2016-01-01,2016-06-30,-1
2017-07-31,62680,2017-12-31,2,273000000000,,,,,,28400000000,,,,,23900000000,,193.60,,,,,,,,,,,,,,,,,,,,,,true,true,12,2017-01-01,2017-12-31,0
2017-07-31,62680,2016-12-31,2,,,,,,,,,,,,,,,,,,,,256973000000,,,,,,,,,,,,,,,,true,false,12,2016-01-01,2016-12-31,-1
2017-07-31,62680,2016-12-31,2,,,,,,,,,,,,,,,,,,,,,,,,,,,,,50.00,,,,125133799,1608476,,false,false,12,2016-01-01,2016-12-31,-1
2017-07-31,62680,2017-12-31,2,,,,,,,,,,,,,,,,,,,,,,,,,,,,,34.00,,,,,,,false,false,12,2017-01-01,2017-12-31,0
2017-07-31,62680,2017-12-31,2,,,,,,,,,,,,,,,,,,,,,,,,,,,,,68.00,,,,,,,false,true,12,2017-01-01,2017-12-31,0
2017-07-31,62680,2017-12-31,2,,,,,,,,,,,,,,,,,,,,,,,,,,,,,,,,,125133799,1887243,123450259,false,false,6,2017-01-01,2017-06-30,0
2017-07-31,62680,2016-12-31,2,,,,,,,,,,,,,,,,,,,,,,,,,,,,,,,,,,,123512260,false,false,6,2016-01-01,2016-06-30,-1
2017-07-31,62680,2017-12-31,,273000000000,0.050,,,,,28400000000,0.092,,,,23900000000,,193.60,,,,,,,,,,,,,,,,,,,,,,true,true,12,2017-01-01,2017-12-31,0
2017-07-31,62680,2017-12-31,,155000000000,0.092,,,,,,,20500000000,0.165,15800000000,,0.170,127.31,,,,,,,,,,,,,,,68.00,,,,,,,false,true,12,2017-01-01,2017-12-31,0
2017-07-31,62680,2017-12-31,,,,,,,,,,,,,,,,,,,,,,,,,,,,,,34.00,,,,,,,false,false,12,2017-01-01,2017-12-31,0
2017-10-31,62680,2017-12-31,3,202809000000,0.148,,,,,21615000000,0.078,,,,18809000000,,152.44,152.23,,,,,289321000000,,,,,,,,,,,,,,,,true,false,9,2017-01-01,2017-09-30,0
2017-10-31,62680,2016-12-31,3,176691000000,,,,,,20047000000,,,,,13741000000,,111.25,111.11,,,,,,,,,,,,,,,,,,,,,true,false,9,2016-01-01,2016-09-30,-1
2017-10-31,62680,2017-12-31,3,273000000000,,,,,,28400000000,,,,,23900000000,,193.60,,,,,,,,,,,,,,,,,,,,,,true,true,12,2017-01-01,2017-12-31,0
2017-10-31,62680,2016-12-31,3,,,,,,,,,,,,,,,,,,,,256973000000,,,,,,,,,,,,,,,,true,false,12,2016-01-01,2016-12-31,-1
2017-10-31,62680,2016-12-31,3,,,,,,,,,,,,,,,,,,,,,,,,,,,,,50.00,,,,125133799,1608476,,false,false,12,2016-01-01,2016-12-31,-1
2017-10-31,62680,2017-12-31,3,,,,,,,,,,,,,,,,,,,,,,,,,,,,,34.00,,,,,,,false,false,12,2017-01-01,2017-12-31,0
2017-10-31,62680,2017-12-31,3,,,,,,,,,,,,,,,,,,,,,,,,,,,,,68.00,,,,,,,false,true,12,2017-01-01,2017-12-31,0
2017-10-31,62680,2017-12-31,3,,,,,,,,,,,,,,,,,,,,,,,,,,,,,,,,,125133799,1887653,123389082,false,false,9,2017-01-01,2017-09-30,0
2017-10-31,62680,2016-12-31,3,,,,,,,,,,,,,,,,,,,,,,,,,,,,,,,,,,,123516242,false,false,9,2016-01-01,2016-09-30,-1
2018-02-09,62680,2017-12-31,,282422000000,0.153,,,,,29468000000,0.134,,,,25146000000,,203.85,203.48,,,0.104,,301557000000,,,,,23071000000,-20186000000,-950000000,,,0.353,,,,,,true,false,12,2017-01-01,2017-12-31,0
2018-02-09,62680,2016-12-31,,244968000000,,,,,,25982000000,,,,,18606000000,,150.64,150.38,,,0.106,,256973000000,,,,,27730000000,-14989000000,-4808000000,,,0.332,,,,,,true,false,12,2016-01-01,2016-12-31,-1
2018-02-09,62680,2018-12-31,,150000000000,0.125,,,,,14500000000,0.054,,,,10500000000,,85.12,,,,,,,,,,,,,,,,,,,,,,true,true,6,2018-01-01,2018-06-30,1
2018-02-09,62680,2018-12-31,,308000000000,0.091,,,,,32600000000,0.106,,,,25700000000,,208.34,,,,,,,,,,,,,,,,,,,,,,true,true,12,2018-01-01,2018-12-31,1
2018-02-09,62680,2017-12-31,,164992000000,0.128,,,,,17490000000,0.061,21713000000,0.105,16134000000,,0.198,130.10,129.86,,,,,210073000000,114992000000,0.545,924.43,114542000000,,,,,72.00,,,,125133799,1888247,123355964,false,false,12,2017-01-01,2017-12-31,0
2018-02-09,62680,2016-12-31,,146241000000,,,,,,16480000000,,19642000000,,13465000000,,,108.44,108.25,,,,,183105000000,106842000000,0.581,856.59,106376000000,,,,,50.00,,,,125133799,1608476,123518357,false,false,12,2016-01-01,2016-12-31,-1
2018-02-09,62680,2018-12-31,,87000000000,0.120,,,,,,,11800000000,-0.036,8900000000,,-0.074,71.76,,,,,,,,,,,,,,,,,,,,,,false,true,6,2018-01-01,2018-06-30,1
2018-02-09,62680,2018-12-31,,178000000000,0.079,,,,,,,21800000000,0.004,16500000000,,0.023,133.05,,,,,,,,,,,,,,,73.00,,,,,,,false,true,12,2018-01-01,2018-12-31,1
2018-04-27,62680,2018-12-31,1,71954000000,0.123,,,,,6713000000,0.107,,,,9520000000,,76.82,76.80,,,,,307552000000,,,,,,,,,,,,,,,,true,false,3,2018-01-01,2018-03-31,0
2018-04-27,62680,2017-12-31,1,64055000000,0.125,,,,,6062000000,0.054,,,,6462000000,,52.31,52.29,,,,,,,,,,,,,,,,,,,,,true,false,3,2017-01-01,2017-03-31,-1
2018-04-27,62680,2018-12-31,1,150000000000,0.125,,,,,14500000000,0.054,,,,10500000000,,85.12,,,,,,,,,,,,,,,,,,,,,,true,true,6,2018-01-01,2018-06-30,0
2018-04-27,62680,2018-12-31,1,308000000000,0.091,,,,,32600000000,0.106,,,,25700000000,,208.34,,,,,,,,,,,,,,,,,,,,,,true,true,12,2018-01-01,2018-12-31,0
2018-04-27,62680,2017-12-31,1,,,,,,,,,,,,,,,,,,,,301557000000,,,,,,,,,,,,,,,,true,false,12,2017-01-01,2017-12-31,-1
2018-04-27,62680,2017-12-31,1,,,,,,,,,,,,,,,,,,,,,,,,,,,,,72.00,,,,125133799,1888247,,false,false,12,2017-01-01,2017-12-31,-1
2018-04-27,62680,2018-12-31,1,,,,,,,,,,,,,,,,,,,,,,,,,,,,,73.00,,,,,,,false,true,12,2018-01-01,2018-12-31,0
2018-04-27,62680,2018-12-31,1,,,,,,,,,,,,,,,,,,,,,,,,,,,,,,,,,125133799,1175550,123918729,false,false,3,2018-01-01,2018-03-31,0
2018-04-27,62680,2017-12-31,1,,,,,,,,,,,,,,,,,,,,,,,,,,,,,,,,,,,123529332,false,false,3,2017-01-01,2017-03-31,-1
2018-07-31,62680,2018-12-31,2,142555000000,0.069,,,,,6387000000,-0.536,,,,7886000000,,63.62,63.58,,,,,306872000000,,,,,,,,,,,,,,,,true,false,6,2018-01-01,2018-06-30,0
2018-07-31,62680,2017-12-31,2,133359000000,0.143,,,,,13761000000,0.101,,,,12497000000,,101.23,101.14,,,,,,,,,,,,,,,,,,,,,true,false,6,2017-01-01,2017-06-30,-1
2018-07-31,62680,2018-12-31,2,307000000000,0.087,,,,,25000000000,-0.152,,,,23600000000,,190.41,,,,,,,,,,,,,,,,,,,,,,true,true,12,2018-01-01,2018-12-31,0
2018-07-31,62680,2017-12-31,2,,,,,,,,,,,,,,,,,,,,301557000000,,,,,,,,,,,,,,,,true,false,12,2017-01-01,2017-12-31,-1
2018-07-31,62680,2017-12-31,2,,,,,,,,,,,,,,,,,,,,,,,,,,,,,72.00,,,,125133799,1888247,,false,false,12,2017-01-01,2017-12-31,-1
2018-07-31,62680,2018-12-31,2,,,,,,,,,,,,,,,,,,,,,,,,,,,,,36.00,,,,,,,false,false,12,2018-01-01,2018-12-31,0
2018-07-31,62680,2018-12-31,2,,,,,,,,,,,,,,,,,,,,,,,,,,,,,73.00,,,,,,,false,true,12,2018-01-01,2018-12-31,0
2018-07-31,62680,2018-12-31,2,,,,,,,,,,,,,,,,,,,,,,,,,,,,,,,,,125133799,1154019,123944062,false,false,6,2018-01-01,2018-06-30,0
2018-07-31,62680,2017-12-31,2,,,,,,,,,,,,,,,,,,,,,,,,,,,,,,,,,,,123450259,false,false,6,2017-01-01,2017-06-30,-1
2018-10-31,62680,2018-12-31,3,210843000000,0.040,,,,,12605000000,-0.417,,,,13253000000,,106.92,106.81,,,,,310230000000,,,,,,,,,,,,,,,,true,false,9,2018-01-01,2018-09-30,0
2018-10-31,62680,2017-12-31,3,202809000000,0.148,,,,,21615000000,0.078,,,,18809000000,,152.44,152.23,,,,,,,,,,,,,,,,,,,,,true,false,9,2017-01-01,2017-09-30,-1
2018-10-31,62680,2018-12-31,3,293900000000,0.041,,,,,20000000000,-0.321,,,,19800000000,,159.74,,,,,,,,,,,,,,,,,,,,,,true,true,12,2018-01-01,2018-12-31,0
2018-10-31,62680,2017-12-31,3,,,,,,,,,,,,,,,,,,,,301557000000,,,,,,,,,,,,,,,,true,false,12,2017-01-01,2017-12-31,-1
2018-10-31,62680,2017-12-31,3,,,,,,,,,,,,,,,,,,,,,,,,,,,,,72.00,,,,125133799,1888247,,false,false,12,2017-01-01,2017-12-31,-1
2018-10-31,62680,2018-12-31,3,,,,,,,,,,,,,,,,,,,,,,,,,,,,,36.00,,,,,,,false,false,12,2018-01-01,2018-12-31,0
2018-10-31,62680,2018-12-31,3,,,,,,,,,,,,,,,,,,,,,,,,,,,,,73.00,,,,,,,false,true,12,2018-01-01,2018-12-31,0
2018-10-31,62680,2018-12-31,3,,,,,,,,,,,,,,,,,,,,,,,,,,,,,,,,,125133799,1154159,123954752,false,false,9,2018-01-01,2018-09-30,0
2018-10-31,62680,2017-12-31,3,,,,,,,,,,,,,,,,,,,,,,,,,,,,,,,,,,,123389082,false,false,9,2017-01-01,2017-09-30,-1
2019-02-08,62680,2018-12-31,,294626000000,0.043,,,,,21889000000,-0.257,,,,21029000000,,169.65,169.42,,,0.074,,328568000000,,,,,24165000000,-21823000000,8396000000,,,0.430,,,,,,true,false,12,2018-01-01,2018-12-31,0
2019-02-08,62680,2017-12-31,,282422000000,0.153,,,,,29468000000,0.134,,,,25146000000,,203.85,203.48,,,0.104,,301557000000,,,,,23071000000,-20186000000,-950000000,,,0.353,,,,,,true,false,12,2017-01-01,2017-12-31,-1
2019-02-08,62680,2019-12-31,,146000000000,0.024,,,,,10300000000,0.613,,,,7600000000,,61.31,,,,,,,,,,,,,,,,,,,,,,true,true,6,2019-01-01,2019-06-30,1
2019-02-08,62680,2019-12-31,,313000000000,0.062,,,,,30000000000,0.371,,,,22900000000,,184.74,,,,,,,,,,,,,,,,0.395,,,,,,true,true,12,2019-01-01,2019-12-31,1
2019-02-08,62680,2018-12-31,,168761000000,0.023,,,,,13948000000,-0.203,17745000000,-0.183,15852000000,,-0.017,127.88,127.71,,,,,228370000000,121607000000,0.531,978.12,121267000000,,,,,73.00,,,,125133799,1154403,123960443,false,false,12,2018-01-01,2018-12-31,0
2019-02-08,62680,2017-12-31,,164992000000,0.128,,,,,17490000000,0.061,21713000000,0.105,16134000000,,0.198,130.10,129.86,,,,,209874000000,114992000000,0.546,924.43,114542000000,,,,,72.00,,,,125133799,1888247,123355964,false,false,12,2017-01-01,2017-12-31,-1
2019-02-08,62680,2019-12-31,,80000000000,-0.027,,,,,,,8600000000,-0.081,6800000000,,-0.087,54.86,,,,,,,,,,,,,,,,,,,,,,false,true,6,2019-01-01,2019-06-30,1
2019-02-08,62680,2019-12-31,,174000000000,0.031,,,,,,,18800000000,0.059,14600000000,,-0.079,117.78,,,,,,,,,,,,,,,73.00,,,,,,,false,true,12,2019-01-01,2019-12-31,1
2019-04-26,62680,2019-12-31,1,70272000000,-0.023,,,,,6155000000,-0.083,,,,4084000000,,32.93,32.92,,,,,337278000000,,,,,,,,,,,,,,,,true,false,3,2019-01-01,2019-03-31,0
2019-04-26,62680,2018-12-31,1,71954000000,0.123,,,,,6713000000,0.107,,,,9520000000,,76.82,76.80,,,,,,,,,,,,,,,,,,,,,true,false,3,2018-01-01,2018-03-31,-1
2019-04-26,62680,2019-12-31,1,146000000000,0.024,,,,,10300000000,0.613,,,,7600000000,,61.31,,,,,,,,,,,,,,,,,,,,,,true,true,6,2019-01-01,2019-06-30,0
2019-04-26,62680,2019-12-31,1,313000000000,0.062,,,,,30000000000,0.371,,,,22900000000,,184.74,,,,,,,,,,,,,,,,,,,,,,true,true,12,2019-01-01,2019-12-31,0
2019-04-26,62680,2018-12-31,1,,,,,,,,,,,,,,,,,,,,328568000000,,,,,,,,,,,,,,,,true,false,12,2018-01-01,2018-12-31,-1
2019-04-26,62680,2018-12-31,1,,,,,,,,,,,,,,,,,,,,,,,,,,,,,73.00,,,,125133799,1154403,,false,false,12,2018-01-01,2018-12-31,-1
2019-04-26,62680,2019-12-31,1,,,,,,,,,,,,,,,,,,,,,,,,,,,,,73.00,,,,,,,false,true,12,2019-01-01,2019-12-31,0
2019-04-26,62680,2019-12-31,1,,,,,,,,,,,,,,,,,,,,,,,,,,,,,,,,,125133799,1047506,124025075,false,false,3,2019-01-01,2019-03-31,0
2019-04-26,62680,2018-12-31,1,,,,,,,,,,,,,,,,,,,,,,,,,,,,,,,,,,,123918729,false,false,3,2018-01-01,2018-03-31,-1
2019-07-31,62680,2019-12-31,2,142292000000,-0.002,,,,,12011000000,0.881,,,,7706000000,,62.11,62.10,,,,,337603000000,,,,,,,,,,,,,,,,true,false,6,2019-01-01,2019-06-30,0
2019-07-31,62680,2018-12-31,2,142555000000,0.069,,,,,6387000000,-0.536,,,,7886000000,,63.62,63.58,,,,,,,,,,,,,,,,,,,,,true,false,6,2018-01-01,2018-06-30,-1
2019-07-31,62680,2019-12-31,2,313000000000,0.062,,,,,30000000000,0.371,,,,22900000000,,184.74,,,,,,,,,,,,,,,,,,,,,,true,true,12,2019-01-01,2019-12-31,0
2019-07-31,62680,2018-12-31,2,,,,,,,,,,,,,,,,,,,,328568000000,,,,,,,,,,,,,,,,true,false,12,2018-01-01,2018-12-31,-1
2019-07-31,62680,2018-12-31,2,,,,,,,,,,,,,,,,,,,,,,,,,,,,,73.00,,,,125133799,1154403,,false,false,12,2018-01-01,2018-12-31,-1
2019-07-31,62680,2019-12-31,2,,,,,,,,,,,,,,,,,,,,,,,,,,,,,36.00,,,,,,,false,false,12,2019-01-01,2019-12-31,0
2019-07-31,62680,2019-12-31,2,,,,,,,,,,,,,,,,,,,,,,,,,,,,,73.00,,,,,,,false,true,12,2019-01-01,2019-12-31,0
2019-07-31,62680,2019-12-31,2,,,,,,,,,,,,,,,,,,,,,,,,,,,,,,,,,125133799,1012990,124066153,false,false,6,2019-01-01,2019-06-30,0
2019-07-31,62680,2018-12-31,2,,,,,,,,,,,,,,,,,,,,,,,,,,,,,,,,,,,123944062,false,false,6,2018-01-01,2018-06-30,-1
2019-10-31,62680,2019-12-31,3,211428000000,0.003,,,,,18378000000,0.458,,,,12254000000,,98.76,98.71,,,,,339475000000,,,,,,,,,,,,,,,,true,false,9,2019-01-01,2019-09-30,0
2019-10-31,62680,2018-12-31,3,210843000000,0.040,,,,,12605000000,-0.417,,,,13253000000,,106.92,106.81,,,,,,,,,,,,,,,,,,,,,true,false,9,2018-01-01,2018-09-30,-1
2019-10-31,62680,2019-12-31,3,288500000000,-0.021,,,,,24100000000,0.101,,,,16800000000,,135.39,,,,,,,,,,,,,,,,,,,,,,true,true,12,2019-01-01,2019-12-31,0
2019-10-31,62680,2018-12-31,3,,,,,,,,,,,,,,,,,,,,328568000000,,,,,,,,,,,,,,,,true,false,12,2018-01-01,2018-12-31,-1
2019-10-31,62680,2018-12-31,3,,,,,,,,,,,,,,,,,,,,,,,,,,,,,73.00,,,,125133799,1154403,,false,false,12,2018-01-01,2018-12-31,-1
2019-10-31,62680,2019-12-31,3,,,,,,,,,,,,,,,,,,,,,,,,,,,,,36.00,,,,,,,false,false,12,2019-01-01,2019-12-31,0
2019-10-31,62680,2019-12-31,3,,,,,,,,,,,,,,,,,,,,,,,,,,,,,73.00,,,,,,,false,true,12,2019-01-01,2019-12-31,0
2019-10-31,62680,2019-12-31,3,,,,,,,,,,,,,,,,,,,,,,,,,,,,,,,,,125133799,1013084,124082540,false,false,9,2019-01-01,2019-09-30,0
2019-10-31,62680,2018-12-31,3,,,,,,,,,,,,,,,,,,,,,,,,,,,,,,,,,,,123954752,false,false,9,2018-01-01,2018-09-30,-1
2019-10-31,62680,2019-12-31,,288500000000,-0.078,,,,,24100000000,-0.197,,,,16800000000,,135.39,,,,,,,,,,,,,,,,,,,,,,true,true,12,2019-01-01,2019-12-31,0
2019-10-31,62680,2019-12-31,,159000000000,-0.086,,,,,,,13600000000,-0.277,10700000000,,-0.267,86.23,,,,,,,,,,,,,,,,,,,,,,false,true,12,2019-01-01,2019-12-31,0
2020-02-07,62680,2019-12-31,,289808000000,-0.016,,,,,25320000000,0.157,,,,17931000000,,144.50,144.42,,,0.087,,344558000000,,,,,38433000000,-20086000000,-13365000000,,,0.505,,,,,,true,false,12,2019-01-01,2019-12-31,0
2020-02-07,62680,2018-12-31,,294626000000,0.043,,,,,21889000000,-0.257,,,,21029000000,,169.65,169.42,,,0.074,,328568000000,,,,,24165000000,-21823000000,8396000000,,,0.430,,,,,,true,false,12,2018-01-01,2018-12-31,-1
2020-02-07,62680,2020-12-31,,148000000000,0.040,,,,,14000000000,0.166,,,,9200000000,,74.14,,,,,,,,,,,,,,,,,,,,,,true,true,6,2020-01-01,2020-06-30,1
2020-02-07,62680,2020-12-31,,303000000000,0.046,,,,,32000000000,0.264,,,,23100000000,,186.15,,,,,,,,,,,,,,,,0.441,,,,,,true,true,12,2020-01-01,2020-12-31,1
2020-02-07,62680,2019-12-31,,159180000000,-0.057,,,,,10399000000,-0.254,14973000000,-0.156,4373000000,,-0.724,35.24,35.22,,,,,223288000000,117106000000,0.524,942.20,116947000000,,,,,73.00,,,,125133799,1013362,124091307,false,false,12,2019-01-01,2019-12-31,0
2020-02-07,62680,2018-12-31,,168761000000,0.023,,,,,13948000000,-0.203,17745000000,-0.183,15852000000,,-0.017,127.88,127.71,,,,,228370000000,121607000000,0.531,978.12,121267000000,,,,,73.00,,,,125133799,1154403,123960443,false,false,12,2018-01-01,2018-12-31,-1
2020-02-07,62680,2020-12-31,,83000000000,0.044,,,,,,,10500000000,0.095,10300000000,,0.398,83.00,,,,,,,,,,,,,,,,,,,,,,false,true,6,2020-01-01,2020-06-30,1
2020-02-07,62680,2020-12-31,,169000000000,0.062,,,,,,,17000000000,0.135,15600000000,,2.567,125.71,,,,,,,,,,,,,,,82.00,,,,,,,false,true,12,2020-01-01,2020-12-31,1
2020-04-30,62680,2020-12-31,1,68616000000,-0.024,,,,,8184000000,0.330,,,,5100000000,,41.09,41.08,,,,,340835000000,,,,,,,,,,,,,,,,true,false,3,2020-01-01,2020-03-31,0
2020-04-30,62680,2019-12-31,1,70272000000,-0.023,,,,,6155000000,-0.083,,,,4084000000,,32.93,32.92,,,,,,,,,,,,,,,,,,,,,true,false,3,2019-01-01,2019-03-31,-1
2020-04-30,62680,2020-12-31,1,148000000000,0.040,,,,,14000000000,0.166,,,,9200000000,,74.14,,,,,,,,,,,,,,,,,,,,,,true,true,6,2020-01-01,2020-06-30,0
2020-04-30,62680,2020-12-31,1,303000000000,0.046,,,,,32000000000,0.264,,,,23100000000,,186.15,,,,,,,,,,,,,,,,,,,,,,true,true,12,2020-01-01,2020-12-31,0
2020-04-30,62680,2019-12-31,1,,,,,,,,,,,,,,,,,,,,344558000000,,,,,,,,,,,,,,,,true,false,12,2019-01-01,2019-12-31,-1
2020-04-30,62680,2019-12-31,1,,,,,,,,,,,,,,,,,,,,,,,,,,,,,73.00,,,,125133799,1013362,,false,false,12,2019-01-01,2019-12-31,-1
2020-04-30,62680,2020-12-31,1,,,,,,,,,,,,,,,,,,,,,,,,,,,,,82.00,,,,,,,false,true,12,2020-01-01,2020-12-31,0
2020-04-30,62680,2020-12-31,1,,,,,,,,,,,,,,,,,,,,,,,,,,,,,,,,,125133799,1004022,124122757,false,false,3,2020-01-01,2020-03-31,0
2020-04-30,62680,2019-12-31,1,,,,,,,,,,,,,,,,,,,,,,,,,,,,,,,,,,,124025075,false,false,3,2019-01-01,2019-03-31,-1
2020-07-31,62680,2020-12-31,2,136486000000,-0.041,,,,,13669000000,0.138,,,,9392000000,,75.66,75.64,,,,,342315000000,,,,,,,,,,,,,,,,true,false,6,2020-01-01,2020-06-30,0
2020-07-31,62680,2019-12-31,2,142292000000,-0.002,,,,,12011000000,0.881,,,,7706000000,,62.11,62.10,,,,,,,,,,,,,,,,,,,,,true,false,6,2019-01-01,2019-06-30,-1
2020-07-31,62680,2020-12-31,2,277000000000,-0.044,,,,,25300000000,-0.001,,,,17300000000,,139.37,,,,,,,,,,,,,,,,,,,,,,true,true,12,2020-01-01,2020-12-31,0
2020-07-31,62680,2019-12-31,2,,,,,,,,,,,,,,,,,,,,344558000000,,,,,,,,,,,,,,,,true,false,12,2019-01-01,2019-12-31,-1
2020-07-31,62680,2019-12-31,2,,,,,,,,,,,,,,,,,,,,,,,,,,,,,73.00,,,,125133799,1013362,,false,false,12,2019-01-01,2019-12-31,-1
2020-07-31,62680,2020-12-31,2,,,,,,,,,,,,,,,,,,,,,,,,,,,,,41.00,,,,,,,false,false,12,2020-01-01,2020-12-31,0
2020-07-31,62680,2020-12-31,2,,,,,,,,,,,,,,,,,,,,,,,,,,,,,75.00,,,,,,,false,true,12,2020-01-01,2020-12-31,0
2020-07-31,62680,2020-12-31,2,,,,,,,,,,,,,,,,,,,,,,,,,,,,,,,,,125133799,990494,124131578,false,false,6,2020-01-01,2020-06-30,0
2020-07-31,62680,2019-12-31,2,,,,,,,,,,,,,,,,,,,,,,,,,,,,,,,,,,,124066153,false,false,6,2019-01-01,2019-06-30,-1
2020-10-30,62680,2020-12-31,3,199800000000,-0.055,,,,,18838000000,0.025,,,,13022000000,,104.90,104.86,,,,,333796000000,,,,,,,,,,,,,,,,true,false,9,2020-01-01,2020-09-30,0
2020-10-30,62680,2019-12-31,3,211428000000,0.003,,,,,18378000000,0.458,,,,12254000000,,98.76,98.71,,,,,,,,,,,,,,,,,,,,,true,false,9,2019-01-01,2019-09-30,-1
2020-10-30,62680,2020-12-31,3,277000000000,-0.044,,,,,25300000000,-0.001,,,,17300000000,,139.37,,,,,,,,,,,,,,,,,,,,,,true,true,12,2020-01-01,2020-12-31,0
2020-10-30,62680,2019-12-31,3,,,,,,,,,,,,,,,,,,,,344558000000,,,,,,,,,,,,,,,,true,false,12,2019-01-01,2019-12-31,-1
2020-10-30,62680,2019-12-31,3,,,,,,,,,,,,,,,,,,,,,,,,,,,,,73.00,,,,125133799,1013362,,false,false,12,2019-01-01,2019-12-31,-1
2020-10-30,62680,2020-12-31,3,,,,,,,,,,,,,,,,,,,,,,,,,,,,,41.00,,,,,,,false,false,12,2020-01-01,2020-12-31,0
2020-10-30,62680,2020-12-31,3,,,,,,,,,,,,,,,,,,,,,,,,,,,,,75.00,,,,,,,false,true,12,2020-01-01,2020-12-31,0
2020-10-30,62680,2020-12-31,3,,,,,,,,,,,,,,,,,,,,,,,,,,,,,,,,,125133799,990519,124135100,false,false,9,2020-01-01,2020-09-30,0
2020-10-30,62680,2019-12-31,3,,,,,,,,,,,,,,,,,,,,,,,,,,,,,,,,,,,124082540,false,false,9,2019-01-01,2019-09-30,-1
2021-02-10,62680,2020-12-31,,279358000000,-0.036,,,,,28533000000,0.127,,,,20505000000,,165.18,165.09,,,0.102,,351723000000,,,,,34203000000,-10710000000,-17497000000,,,0.454,,,,,,true,false,12,2020-01-01,2020-12-31,0
2021-02-10,62680,2019-12-31,,289808000000,-0.016,,,,,25320000000,0.157,,,,17931000000,,144.50,144.42,,,0.087,,344558000000,,,,,38433000000,-20086000000,-13365000000,,,0.505,,,,,,true,false,12,2019-01-01,2019-12-31,-1
2021-02-10,62680,2021-12-31,,139000000000,0.018,,,,,10800000000,-0.210,,,,99000000000,,824.06,,,,,,,,,,,,,,,,,,,,,,true,true,6,2021-01-01,2021-06-30,1
2021-02-10,62680,2021-12-31,,286000000000,0.024,,,,,29000000000,0.016,,,,112200000000,,933.93,,,,,,,,,,,,,,,,0.082,,,,,,true,true,12,2021-01-01,2021-12-31,1
2021-02-10,62680,2020-12-31,,150145000000,-0.057,,,,,9535000000,-0.083,15486000000,0.034,12068000000,,1.760,97.21,97.16,,,,,222942000000,118755000000,0.532,955.52,118622000000,,,,,75.00,,,,125133799,990749,124136943,false,false,12,2020-01-01,2020-12-31,0
2021-02-10,62680,2019-12-31,,159180000000,-0.057,,,,,10399000000,-0.254,14973000000,-0.156,4373000000,,-0.724,35.24,35.22,,,,,223288000000,117106000000,0.524,942.20,116947000000,,,,,73.00,,,,125133799,1013362,124091307,false,false,12,2019-01-01,2019-12-31,-1
2021-02-10,62680,2021-12-31,,76200000000,0.001,,,,,,,11500000000,0.009,61500000000,,4.212,511.92,,,,,,,,,,,,,,,,,,,,,,false,true,6,2021-01-01,2021-06-30,1
2021-02-10,62680,2021-12-31,,155600000000,0.036,,,,,,,18100000000,0.169,66800000000,,4.535,556.03,,,,,,,,,,,,,,,77.00,,,,,,,false,true,12,2021-01-01,2021-12-31,1
2021-04-30,62680,2021-12-31,1,72028000000,0.050,,,,,6655000000,-0.187,,,,80058000000,,647.79,647.75,,,,,533840000000,,,,,,,,,,,,,,,,true,false,3,2021-01-01,2021-03-31,0
2021-04-30,62680,2020-12-31,1,68616000000,-0.024,,,,,8184000000,0.330,,,,5100000000,,41.09,41.08,,,,,,,,,,,,,,,,,,,,,true,false,3,2020-01-01,2020-03-31,-1
2021-04-30,62680,2021-12-31,1,139000000000,0.018,,,,,10800000000,-0.210,,,,99000000000,,824.06,,,,,,,,,,,,,,,,,,,,,,true,true,6,2021-01-01,2021-06-30,0
2021-04-30,62680,2021-12-31,1,286000000000,0.024,,,,,29000000000,0.016,,,,112200000000,,933.93,,,,,,,,,,,,,,,,,,,,,,true,true,12,2021-01-01,2021-12-31,0
2021-04-30,62680,2020-12-31,1,,,,,,,,,,,,,,,,,,,,351723000000,,,,,,,,,,,,,,,,true,false,12,2020-01-01,2020-12-31,-1
2021-04-30,62680,2020-12-31,1,,,,,,,,,,,,,,,,,,,,,,,,,,,,,75.00,,,,125133799,990749,,false,false,12,2020-01-01,2020-12-31,-1
2021-04-30,62680,2021-12-31,1,,,,,,,,,,,,,,,,,,,,,,,,,,,,,77.00,,,,,,,false,true,12,2021-01-01,2021-12-31,0
2021-04-30,62680,2021-12-31,1,,,,,,,,,,,,,,,,,,,,,,,,,,,,,,,,,125133799,2771939,123585587,false,false,3,2021-01-01,2021-03-31,0
2021-04-30,62680,2020-12-31,1,,,,,,,,,,,,,,,,,,,,,,,,,,,,,,,,,,,124122757,false,false,3,2020-01-01,2020-03-31,-1
2021-07-30,62680,2021-12-31,2,145708000000,0.068,,,,,14613000000,0.069,,,,68056000000,,556.45,556.37,,,,,498605000000,,,,,,,,,,,,,,,,true,false,6,2021-01-01,2021-06-30,0
2021-07-30,62680,2020-12-31,2,136486000000,-0.041,,,,,13669000000,0.138,,,,9392000000,,75.66,75.64,,,,,,,,,,,,,,,,,,,,,true,false,6,2020-01-01,2020-06-30,-1
2021-07-30,62680,2021-12-31,2,306000000000,0.095,,,,,33000000000,0.157,,,,110800000000,,914.30,,,,,,,,,,,,,,,,,,,,,,true,true,12,2021-01-01,2021-12-31,0
2021-07-30,62680,2020-12-31,2,,,,,,,,,,,,,,,,,,,,351723000000,,,,,,,,,,,,,,,,true,false,12,2020-01-01,2020-12-31,-1
2021-07-30,62680,2020-12-31,2,,,,,,,,,,,,,,,,,,,,,,,,,,,,,75.00,,,,125133799,990749,,false,false,12,2020-01-01,2020-12-31,-1
2021-07-30,62680,2021-12-31,2,,,,,,,,,,,,,,,,,,,,,,,,,,,,,38.00,,,,,,,false,false,12,2021-01-01,2021-12-31,0
2021-07-30,62680,2021-12-31,2,,,,,,,,,,,,,,,,,,,,,,,,,,,,,77.00,,,,,,,false,true,12,2021-01-01,2021-12-31,0
2021-07-30,62680,2021-12-31,2,,,,,,,,,,,,,,,,,,,,,,,,,,,,,,,,,125133799,5160232,122304411,false,false,6,2021-01-01,2021-06-30,0
2021-07-30,62680,2020-12-31,2,,,,,,,,,,,,,,,,,,,,,,,,,,,,,,,,,,,124131578,false,false,6,2020-01-01,2020-06-30,-1
2021-10-29,62680,2021-12-31,3,214117000000,0.072,,,,,20808000000,0.105,,,,63078000000,,518.71,518.61,,,,,482978000000,,,,,,,,,,,,,,,,true,false,9,2021-01-01,2021-09-30,0
2021-10-29,62680,2020-12-31,3,199800000000,-0.055,,,,,18838000000,0.025,,,,13022000000,,104.90,104.86,,,,,,,,,,,,,,,,,,,,,true,false,9,2020-01-01,2020-09-30,-1
2021-10-29,62680,2021-12-31,3,306000000000,0.095,,,,,33000000000,0.157,,,,110800000000,,914.30,,,,,,,,,,,,,,,,,,,,,,true,true,12,2021-01-01,2021-12-31,0
2021-10-29,62680,2020-12-31,3,,,,,,,,,,,,,,,,,,,,351723000000,,,,,,,,,,,,,,,,true,false,12,2020-01-01,2020-12-31,-1
2021-10-29,62680,2020-12-31,3,,,,,,,,,,,,,,,,,,,,,,,,,,,,,75.00,,,,125133799,990749,,false,false,12,2020-01-01,2020-12-31,-1
2021-10-29,62680,2021-12-31,3,,,,,,,,,,,,,,,,,,,,,,,,,,,,,38.00,,,,,,,false,false,12,2021-01-01,2021-12-31,0
2021-10-29,62680,2021-12-31,3,,,,,,,,,,,,,,,,,,,,,,,,,,,,,77.00,,,,,,,false,true,12,2021-01-01,2021-12-31,0
2021-10-29,62680,2021-12-31,3,,,,,,,,,,,,,,,,,,,,,,,,,,,,,,,,,121064099,1090791,121605124,false,false,9,2021-01-01,2021-09-30,0
2021-10-29,62680,2020-12-31,3,,,,,,,,,,,,,,,,,,,,,,,,,,,,,,,,,,,124135100,false,false,9,2020-01-01,2020-09-30,-1
2022-02-10,62680,2021-12-31,,299802000000,0.073,,,,,30017000000,0.052,,,,64818000000,,534.67,534.53,,,0.100,,481718000000,,,,,36340000000,67147000000,-57960000000,,,0.144,,,,,,true,false,12,2021-01-01,2021-12-31,0
2022-02-10,62680,2020-12-31,,279358000000,-0.036,,,,,28533000000,0.127,,,,20505000000,,165.18,165.09,,,0.102,,351723000000,,,,,34203000000,-10710000000,-17497000000,,,0.454,,,,,,true,false,12,2020-01-01,2020-12-31,-1
2022-02-10,62680,2022-12-31,,153500000000,0.053,,,,,13400000000,-0.083,,,,7700000000,,64.03,,,,,,,,,,,,,,,,,,,,,,true,true,6,2022-01-01,2022-06-30,1
2022-02-10,62680,2022-12-31,,320000000000,0.067,,,,,33000000000,0.099,,,,23400000000,,194.57,,,,,,,,,,,,,,,,0.401,,,,,,true,true,12,2022-01-01,2022-12-31,1
2022-02-10,62680,2021-12-31,,163288000000,0.088,,,,,9688000000,0.016,18624000000,0.203,51529000000,,3.270,425.06,424.95,,,,,311735000000,170375000000,0.546,1419.51,170303000000,,,,,77.00,,,,121064099,1091211,121228465,false,false,12,2021-01-01,2021-12-31,0
2022-02-10,62680,2020-12-31,,150145000000,-0.057,,,,,9535000000,-0.083,15486000000,0.034,12068000000,,1.760,97.21,97.16,,,,,222942000000,118755000000,0.532,955.52,118622000000,,,,,75.00,,,,125133799,990749,124136943,false,false,12,2020-01-01,2020-12-31,-1
2022-02-10,62680,2022-12-31,,85000000000,0.090,,,,,,,11400000000,-0.086,9500000000,,-0.810,78.99,,,,,,,,,,,,,,,,,,,,,,false,true,6,2022-01-01,2022-06-30,1
2022-02-10,62680,2022-12-31,,177000000000,0.084,,,,,,,23100000000,0.240,19100000000,,-0.629,158.82,,,,,,,,,,,,,,,78.00,,,,,,,false,true,12,2022-01-01,2022-12-31,1
2022-04-28,62680,2022-12-31,1,70386000000,-0.023,,,,,4995000000,-0.249,,,,-4388000000,,-36.57,-36.57,,,,,461904000000,,,,,,,,,,,,,,,,true,false,3,2022-01-01,2022-03-31,0
2022-04-28,62680,2021-12-31,1,72028000000,0.050,,,,,6655000000,-0.187,,,,80058000000,,647.79,647.75,,,,,,,,,,,,,,,,,,,,,true,false,3,2021-01-01,2021-03-31,-1
2022-04-28,62680,2022-12-31,1,153500000000,0.053,,,,,13400000000,-0.083,,,,7700000000,,64.03,,,,,,,,,,,,,,,,,,,,,,true,true,6,2022-01-01,2022-06-30,0
2022-04-28,62680,2022-12-31,1,320000000000,0.067,,,,,33000000000,0.099,,,,23400000000,,194.57,,,,,,,,,,,,,,,,,,,,,,true,true,12,2022-01-01,2022-12-31,0
2022-04-28,62680,2021-12-31,1,,,,,,,,,,,,,,,,,,,,481718000000,,,,,,,,,,,,,,,,true,false,12,2021-01-01,2021-12-31,-1
2022-04-28,62680,2021-12-31,1,,,,,,,,,,,,,,,,,,,,,,,,,,,,,77.00,,,,121064099,1091211,,false,false,12,2021-01-01,2021-12-31,-1
2022-04-28,62680,2022-12-31,1,,,,,,,,,,,,,,,,,,,,,,,,,,,,,78.00,,,,,,,false,true,12,2022-01-01,2022-12-31,0
2022-04-28,62680,2022-12-31,1,,,,,,,,,,,,,,,,,,,,,,,,,,,,,,,,,121064099,1079069,119979545,false,false,3,2022-01-01,2022-03-31,0
2022-04-28,62680,2021-12-31,1,,,,,,,,,,,,,,,,,,,,,,,,,,,,,,,,,,,123585587,false,false,3,2021-01-01,2021-03-31,-1
2022-07-29,62680,2022-12-31,2,142195000000,-0.024,,,,,7886000000,-0.460,,,,-5106000000,,-42.56,-42.56,,,,,465623000000,,,,,,,,,,,,,,,,true,false,6,2022-01-01,2022-06-30,0
2022-07-29,62680,2021-12-31,2,145708000000,0.068,,,,,14613000000,0.069,,,,68056000000,,556.45,556.37,,,,,,,,,,,,,,,,,,,,,true,false,6,2021-01-01,2021-06-30,-1
2022-07-29,62680,2022-12-31,2,310000000000,0.034,,,,,26000000000,-0.134,,,,23400000000,,195.02,,,,,,,,,,,,,,,,,,,,,,true,true,12,2022-01-01,2022-12-31,0
2022-07-29,62680,2021-12-31,2,,,,,,,,,,,,,,,,,,,,481718000000,,,,,,,,,,,,,,,,true,false,12,2021-01-01,2021-12-31,-1
2022-07-29,62680,2021-12-31,2,,,,,,,,,,,,,,,,,,,,,,,,,,,,,77.00,,,,121064099,1091211,,false,false,12,2021-01-01,2021-12-31,-1
2022-07-29,62680,2022-12-31,2,,,,,,,,,,,,,,,,,,,,,,,,,,,,,39.00,,,,,,,false,false,12,2022-01-01,2022-12-31,0
2022-07-29,62680,2022-12-31,2,,,,,,,,,,,,,,,,,,,,,,,,,,,,,78.00,,,,,,,false,true,12,2022-01-01,2022-12-31,0
2022-07-29,62680,2022-12-31,2,,,,,,,,,,,,,,,,,,,,,,,,,,,,,,,,,121064099,1058135,119990894,false,false,6,2022-01-01,2022-06-30,0
2022-07-29,62680,2021-12-31,2,,,,,,,,,,,,,,,,,,,,,,,,,,,,,,,,,,,122304411,false,false,6,2021-01-01,2021-06-30,-1
2022-10-31,62680,2022-12-31,3,218932000000,0.022,,,,,11484000000,-0.448,,,,10622000000,,88.52,88.51,,,,,414545000000,,,,,,,,,,,,,,,,true,false,9,2022-01-01,2022-09-30,0
2022-10-31,62680,2021-12-31,3,214117000000,0.072,,,,,20808000000,0.105,,,,63078000000,,518.71,518.61,,,,,,,,,,,,,,,,,,,,,true,false,9,2021-01-01,2021-09-30,-1
2022-10-31,62680,2022-12-31,3,308000000000,0.027,,,,,21000000000,-0.300,,,,20500000000,,170.84,,,,,,,,,,,,,,,,,,,,,,true,true,12,2022-01-01,2022-12-31,0
2022-10-31,62680,2021-12-31,3,,,,,,,,,,,,,,,,,,,,481718000000,,,,,,,,,,,,,,,,true,false,12,2021-01-01,2021-12-31,-1
2022-10-31,62680,2021-12-31,3,,,,,,,,,,,,,,,,,,,,,,,,,,,,,77.00,,,,121064099,1091211,,false,false,12,2021-01-01,2021-12-31,-1
2022-10-31,62680,2022-12-31,3,,,,,,,,,,,,,,,,,,,,,,,,,,,,,39.00,,,,,,,false,false,12,2022-01-01,2022-12-31,0
2022-10-31,62680,2022-12-31,3,,,,,,,,,,,,,,,,,,,,,,,,,,,,,78.00,,,,,,,false,true,12,2022-01-01,2022-12-31,0
2022-10-31,62680,2022-12-31,3,,,,,,,,,,,,,,,,,,,,,,,,,,,,,,,,,121064099,1058320,119995369,false,false,9,2022-01-01,2022-09-30,0
2022-10-31,62680,2021-12-31,3,,,,,,,,,,,,,,,,,,,,,,,,,,,,,,,,,,,121605124,false,false,9,2021-01-01,2021-09-30,-1
2022-11-15,62680,2022-12-31,,171000000000,0.000,,,,,,,19600000000,0.000,47100000000,,2.058,392.52,,,,,,,,,,,,,,,,,,,,,,false,true,12,2022-01-01,2022-12-31,0
2022-11-15,62680,2021-12-31,,163288000000,,,,,,,,18624000000,,51529000000,,,425.06,,,,,,,,,,,,,,,,,,,,,,false,false,12,2021-01-01,2021-12-31,-1
2023-02-10,62680,2022-12-31,,308691000000,0.030,,,,,18097000000,-0.397,,,,9464000000,,78.87,78.85,,,0.059,,459293000000,,,,,7717000000,13231000000,-13456000000,,,0.989,,,,,,true,false,12,2022-01-01,2022-12-31,0
2023-02-10,62680,2021-12-31,,299802000000,0.073,,,,,30017000000,0.052,,,,64818000000,,534.67,534.53,,,0.100,,481718000000,,,,,36340000000,67147000000,-57960000000,,,0.144,,,,,,true,false,12,2021-01-01,2021-12-31,-1
2023-02-10,62680,2023-12-31,,161000000000,0.132,,,,,10500000000,0.331,,,,7400000000,,61.67,,,,,,,,,,,,,,,,,,,,,,true,true,6,2023-01-01,2023-06-30,1
2023-02-10,62680,2023-12-31,,339000000000,0.098,,,,,26200000000,0.448,,,,19500000000,,162.50,,,,,,,,,,,,,,,,0.492,,,,,,true,true,12,2023-01-01,2023-12-31,1
2023-02-10,62680,2022-12-31,,167511000000,0.026,,,,,5095000000,-0.474,19606000000,0.053,37756000000,,-0.267,314.64,314.57,,,,,292573000000,169220000000,0.578,1409.60,169160000000,,,,,78.00,,,,121064099,1058550,119997749,false,false,12,2022-01-01,2022-12-31,0
2023-02-10,62680,2021-12-31,,163288000000,0.088,,,,,9688000000,0.016,18624000000,0.203,51529000000,,3.270,425.06,424.95,,,,,311735000000,170375000000,0.546,1419.51,170303000000,,,,,77.00,,,,121064099,1091211,121228465,false,false,12,2021-01-01,2021-12-31,-1
2023-02-10,62680,2023-12-31,,87600000000,0.107,,,,,,,8800000000,-0.282,8200000000,,0.019,68.33,,,,,,,,,,,,,,,,,,,,,,false,true,6,2023-01-01,2023-06-30,1
2023-02-10,62680,2023-12-31,,188000000000,0.122,,,,,,,14600000000,-0.255,12600000000,,-0.666,105.00,,,,,,,,,,,,,,,80.00,,,,,,,false,true,12,2023-01-01,2023-12-31,1
2023-04-28,62680,2023-12-31,1,82193000000,0.168,,,,,5779000000,0.157,,,,6699000000,,55.82,55.82,,,,,434565000000,,,,,,,,,,,,,,,,true,false,3,2023-01-01,2023-03-31,0
2023-04-28,62680,2022-12-31,1,70386000000,-0.023,,,,,4995000000,-0.249,,,,-4388000000,,-36.57,-36.57,,,,,,,,,,,,,,,,,,,,,true,false,3,2022-01-01,2022-03-31,-1
2023-04-28,62680,2023-12-31,1,161000000000,0.132,,,,,10500000000,0.331,,,,7400000000,,61.67,,,,,,,,,,,,,,,,,,,,,,true,true,6,2023-01-01,2023-06-30,0
2023-04-28,62680,2023-12-31,1,339000000000,0.098,,,,,26200000000,0.448,,,,19500000000,,162.50,,,,,,,,,,,,,,,,,,,,,,true,true,12,2023-01-01,2023-12-31,0
2023-04-28,62680,2022-12-31,1,,,,,,,,,,,,,,,,,,,,459293000000,,,,,,,,,,,,,,,,true,false,12,2022-01-01,2022-12-31,-1
2023-04-28,62680,2022-12-31,1,,,,,,,,,,,,,,,,,,,,,,,,,,,,,78.00,,,,121064099,1058550,,false,false,12,2022-01-01,2022-12-31,-1
2023-04-28,62680,2023-12-31,1,,,,,,,,,,,,,,,,,,,,,,,,,,,,,80.00,,,,,,,false,true,12,2023-01-01,2023-12-31,0
2023-04-28,62680,2023-12-31,1,,,,,,,,,,,,,,,,,,,,,,,,,,,,,,,,,121064099,1032713,120024927,false,false,3,2023-01-01,2023-03-31,0
2023-04-28,62680,2022-12-31,1,,,,,,,,,,,,,,,,,,,,,,,,,,,,,,,,,,,119979545,false,false,3,2022-01-01,2022-03-31,-1
2023-07-31,62680,2023-12-31,2,162997000000,0.146,,,,,8690000000,0.102,,,,9452000000,,78.74,78.74,,,,,425466000000,,,,,,,,,,,,,,,,true,false,6,2023-01-01,2023-06-30,0
2023-07-31,62680,2022-12-31,2,142195000000,-0.024,,,,,7886000000,-0.460,,,,-5106000000,,-42.56,-42.56,,,,,,,,,,,,,,,,,,,,,true,false,6,2022-01-01,2022-06-30,-1
2023-07-31,62680,2023-12-31,2,330000000000,0.069,,,,,19000000000,0.050,,,,17800000000,,148.30,,,,,,,,,,,,,,,,,,,,,,true,true,12,2023-01-01,2023-12-31,0
2023-07-31,62680,2022-12-31,2,,,,,,,,,,,,,,,,,,,,459293000000,,,,,,,,,,,,,,,,true,false,12,2022-01-01,2022-12-31,-1
2023-07-31,62680,2022-12-31,2,,,,,,,,,,,,,,,,,,,,,,,,,,,,,78.00,,,,121064099,1058550,,false,false,12,2022-01-01,2022-12-31,-1
2023-07-31,62680,2023-12-31,2,,,,,,,,,,,,,,,,,,,,,,,,,,,,,40.00,,,,,,,false,false,12,2023-01-01,2023-12-31,0
2023-07-31,62680,2023-12-31,2,,,,,,,,,,,,,,,,,,,,,,,,,,,,,80.00,,,,,,,false,true,12,2023-01-01,2023-12-31,0
2023-07-31,62680,2023-12-31,2,,,,,,,,,,,,,,,,,,,,,,,,,,,,,,,,,121064099,1024683,120031162,false,false,6,2023-01-01,2023-06-30,0
2023-07-31,62680,2022-12-31,2,,,,,,,,,,,,,,,,,,,,,,,,,,,,,,,,,,,119990894,false,false,6,2022-01-01,2022-06-30,-1
2023-07-31,62680,2023-12-31,,179000000000,-0.048,,,,,,,11300000000,-0.226,13800000000,,0.095,114.97,,,,,,,,,,,,,,,,,,,,,,false,true,12,2023-01-01,2023-12-31,0
2023-07-31,62680,2022-12-31,,167511000000,,,,,,,,19606000000,,37756000000,,,314.64,,,,,,,,,,,,,,,,,,,,,,false,false,12,2022-01-01,2022-12-31,-1
2023-10-31,62680,2023-12-31,3,243584000000,0.113,,,,,12948000000,0.127,,,,13293000000,,110.74,110.73,,,,,423215000000,,,,,,,,,,,,,,,,true,false,9,2023-01-01,2023-09-30,0
2023-10-31,62680,2022-12-31,3,218932000000,0.022,,,,,11484000000,-0.448,,,,10622000000,,88.52,88.51,,,,,,,,,,,,,,,,,,,,,true,false,9,2022-01-01,2022-09-30,-1
2023-10-31,62680,2023-12-31,3,330000000000,0.069,,,,,19000000000,0.050,,,,17800000000,,148.30,,,,,,,,,,,,,,,,,,,,,,true,true,12,2023-01-01,2023-12-31,0
2023-10-31,62680,2022-12-31,3,,,,,,,,,,,,,,,,,,,,459293000000,,,,,,,,,,,,,,,,true,false,12,2022-01-01,2022-12-31,-1
2023-10-31,62680,2022-12-31,3,,,,,,,,,,,,,,,,,,,,,,,,,,,,,78.00,,,,121064099,1058550,,false,false,12,2022-01-01,2022-12-31,-1
2023-10-31,62680,2023-12-31,3,,,,,,,,,,,,,,,,,,,,,,,,,,,,,40.00,,,,,,,false,false,12,2023-01-01,2023-12-31,0
2023-10-31,62680,2023-12-31,3,,,,,,,,,,,,,,,,,,,,,,,,,,,,,80.00,,,,,,,false,true,12,2023-01-01,2023-12-31,0
2023-10-31,62680,2023-12-31,3,,,,,,,,,,,,,,,,,,,,,,,,,,,,,,,,,121064099,1025090,120033554,false,false,9,2023-01-01,2023-09-30,0
2023-10-31,62680,2022-12-31,3,,,,,,,,,,,,,,,,,,,,,,,,,,,,,,,,,,,119995369,false,false,9,2022-01-01,2022-09-30,-1
2024-02-13,62680,2023-12-31,,333631000000,0.081,,,,,17376000000,-0.040,,,,14554000000,,121.25,121.23,,,0.052,,422065000000,,,,,11177000000,-46295000000,-13482000000,,,0.660,,,,,,true,false,12,2023-01-01,2023-12-31,0
2024-02-13,62680,2022-12-31,,308691000000,0.030,,,,,18097000000,-0.397,,,,9464000000,,78.87,78.85,,,0.059,,459293000000,,,,,7717000000,13231000000,-13456000000,,,0.989,,,,,,true,false,12,2022-01-01,2022-12-31,-1
2024-02-13,62680,2024-12-31,,148400000000,-0.090,,,,,2500000000,-0.712,,,,200000000,,1.67,,,,,,,,,,,,,,,,,,,,,,true,true,6,2024-01-01,2024-06-30,1
2024-02-13,62680,2024-12-31,,322000000000,-0.035,,,,,12800000000,-0.263,,,,8800000000,,73.31,,,,,,,,,,,,,,,,1.091,,,,,,true,true,12,2024-01-01,2024-12-31,1
2024-02-13,62680,2023-12-31,,176334000000,0.053,,,,,3095000000,-0.392,11653000000,-0.406,14694000000,,-0.611,122.41,122.39,,,,,275540000000,174818000000,0.634,1455.98,174773000000,,,,,80.00,,,,121064099,1025536,120034740,false,false,12,2023-01-01,2023-12-31,0
2024-02-13,62680,2022-12-31,,167511000000,0.026,,,,,5095000000,-0.474,19606000000,0.053,37756000000,,-0.267,314.64,314.57,,,,,292573000000,169220000000,0.578,1409.60,169160000000,,,,,78.00,,,,121064099,1058550,119997749,false,false,12,2022-01-01,2022-12-31,-1
2024-02-13,62680,2024-12-31,,73600000000,-0.174,,,,,,,4500000000,-0.593,4100000000,,-0.670,34.16,,,,,,,,,,,,,,,,,,,,,,false,true,6,2024-01-01,2024-06-30,1
2024-02-13,62680,2024-12-31,,166000000000,-0.059,,,,,,,4600000000,-0.605,6800000000,,-0.537,56.65,,,,,,,,,,,,,,,80.00,,,,,,,false,true,12,2024-01-01,2024-12-31,1
2024-04-30,62680,2024-12-31,1,72181000000,-0.122,,,,,3991000000,-0.309,,,,2640000000,,21.99,21.99,,,,,425650000000,,,,,,,,,,,,,,,,true,false,3,2024-01-01,2024-03-31,0
2024-04-30,62680,2023-12-31,1,82193000000,0.168,,,,,5779000000,0.157,,,,6699000000,,55.82,55.82,,,,,,,,,,,,,,,,,,,,,true,false,3,2023-01-01,2023-03-31,-1
2024-04-30,62680,2024-12-31,1,151500000000,-0.071,,,,,5000000000,-0.425,,,,2300000000,,19.16,,,,,,,,,,,,,,,,,,,,,,true,true,6,2024-01-01,2024-06-30,0
2024-04-30,62680,2024-12-31,1,323700000000,-0.030,,,,,13500000000,-0.223,,,,9300000000,,77.47,,,,,,,,,,,,,,,,,,,,,,true,true,12,2024-01-01,2024-12-31,0
2024-04-30,62680,2023-12-31,1,,,,,,,,,,,,,,,,,,,,422065000000,,,,,,,,,,,,,,,,true,false,12,2023-01-01,2023-12-31,-1
2024-04-30,62680,2023-12-31,1,,,,,,,,,,,,,,,,,,,,,,,,,,,,,80.00,,,,121064099,1025536,,false,false,12,2023-01-01,2023-12-31,-1
2024-04-30,62680,2024-12-31,1,,,,,,,,,,,,,,,,,,,,,,,,,,,,,80.00,,,,,,,false,true,12,2024-01-01,2024-12-31,0
2024-04-30,62680,2024-12-31,1,,,,,,,,,,,,,,,,,,,,,,,,,,,,,,,,,121064099,995895,120053914,false,false,3,2024-01-01,2024-03-31,0
2024-04-30,62680,2023-12-31,1,,,,,,,,,,,,,,,,,,,,,,,,,,,,,,,,,,,120024927,false,false,3,2023-01-01,2023-03-31,-1
2024-07-31,62680,2024-12-31,2,152491000000,-0.064,,,,,6426000000,-0.260,,,,4204000000,,35.01,35.01,,,,,433343000000,,,,,,,,,,,,,,,,true,false,6,2024-01-01,2024-06-30,0
2024-07-31,62680,2023-12-31,2,162997000000,0.146,,,,,8690000000,0.102,,,,9452000000,,78.74,78.74,,,,,,,,,,,,,,,,,,,,,true,false,6,2023-01-01,2023-06-30,-1
2024-07-31,62680,2024-12-31,2,323700000000,-0.030,,,,,13500000000,-0.223,,,,9300000000,,77.47,,,,,,,,,,,,,,,,,,,,,,true,true,12,2024-01-01,2024-12-31,0
2024-07-31,62680,2023-12-31,2,,,,,,,,,,,,,,,,,,,,422065000000,,,,,,,,,,,,,,,,true,false,12,2023-01-01,2023-12-31,-1
2024-07-31,62680,2023-12-31,2,,,,,,,,,,,,,,,,,,,,,,,,,,,,,80.00,,,,121064099,1025536,,false,false,12,2023-01-01,2023-12-31,-1
2024-07-31,62680,2024-12-31,2,,,,,,,,,,,,,,,,,,,,,,,,,,,,,40.00,,,,,,,false,false,12,2024-01-01,2024-12-31,0
2024-07-31,62680,2024-12-31,2,,,,,,,,,,,,,,,,,,,,,,,,,,,,,80.00,,,,,,,false,true,12,2024-01-01,2024-12-31,0
2024-07-31,62680,2024-12-31,2,,,,,,,,,,,,,,,,,,,,,,,,,,,,,,,,,121064099,939534,120084266,false,false,6,2024-01-01,2024-06-30,0
2024-07-31,62680,2023-12-31,2,,,,,,,,,,,,,,,,,,,,,,,,,,,,,,,,,,,120031162,false,false,6,2023-01-01,2023-06-30,-1
2024-07-31,62680,2024-12-31,,71716000000,-0.026,,,,,,,7439000000,0.653,6948000000,,0.695,57.86,,,,,,,,,,,,,,,,,,,,,,false,true,12,2024-01-01,2024-12-31,0
2024-10-31,62680,2024-12-31,3,229830000000,-0.056,,,,,9634000000,-0.256,,,,5659000000,,47.12,47.12,,,,,418288000000,,,,,,,,,,,,,,,,true,false,9,2024-01-01,2024-09-30,0
2024-10-31,62680,2023-12-31,3,243584000000,0.113,,,,,12948000000,0.127,,,,13293000000,,110.74,110.73,,,,,,,,,,,,,,,,,,,,,true,false,9,2023-01-01,2023-09-30,-1
2024-10-31,62680,2024-12-31,3,323700000000,-0.030,,,,,13500000000,-0.223,,,,9300000000,,77.47,,,,,,,,,,,,,,,,,,,,,,true,true,12,2024-01-01,2024-12-31,0
2024-10-31,62680,2023-12-31,3,,,,,,,,,,,,,,,,,,,,422065000000,,,,,,,,,,,,,,,,true,false,12,2023-01-01,2023-12-31,-1
2024-10-31,62680,2023-12-31,3,,,,,,,,,,,,,,,,,,,,,,,,,,,,,80.00,,,,121064099,1025536,,false,false,12,2023-01-01,2023-12-31,-1
2024-10-31,62680,2024-12-31,3,,,,,,,,,,,,,,,,,,,,,,,,,,,,,40.00,,,,,,,false,false,12,2024-01-01,2024-12-31,0
2024-10-31,62680,2024-12-31,3,,,,,,,,,,,,,,,,,,,,,,,,,,,,,80.00,,,,,,,false,true,12,2024-01-01,2024-12-31,0
2024-10-31,62680,2024-12-31,3,,,,,,,,,,,,,,,,,,,,,,,,,,,,,,,,,121064099,939759,120096304,false,false,9,2024-01-01,2024-09-30,0
2024-10-31,62680,2023-12-31,3,,,,,,,,,,,,,,,,,,,,,,,,,,,,,,,,,,,120033554,false,false,9,2023-01-01,2023-09-30,-1
2025-02-12,62680,2024-12-31,,323384000000,-0.031,,,,,14788000000,-0.149,,,,10119000000,,84.25,84.24,,,0.046,,445544000000,,,,,26650000000,-28733000000,-4137000000,,,0.950,,,,,,true,false,12,2024-01-01,2024-12-31,0
2025-02-12,62680,2023-12-31,,333631000000,0.081,,,,,17376000000,-0.040,,,,14554000000,,121.25,121.23,,,0.052,,422065000000,,,,,11177000000,-46295000000,-13482000000,,,0.660,,,,,,true,false,12,2023-01-01,2023-12-31,-1
2025-02-12,62680,2025-12-31,,161000000000,0.056,,,,,6800000000,0.058,,,,4300000000,,35.80,,,,,,,,,,,,,,,,,,,,,,true,true,6,2025-01-01,2025-06-30,1
2025-02-12,62680,2025-12-31,,336000000000,0.039,,,,,18700000000,0.265,,,,13100000000,,109.07,,,,,,,,,,,,,,,,0.733,,,,,,true,true,12,2025-01-01,2025-12-31,1
2025-02-12,62680,2024-12-31,,155923000000,-0.116,,,,,-2253000000,,6422000000,-0.449,7581000000,,-0.484,63.12,63.12,,,,,274395000000,173831000000,0.633,1446.96,173814000000,,,,,80.00,,,,121064099,939894,120102748,false,false,12,2024-01-01,2024-12-31,0
2025-02-12,62680,2023-12-31,,176334000000,0.053,,,,,3095000000,-0.392,11653000000,-0.406,14694000000,,-0.611,122.41,122.39,,,,,275540000000,174818000000,0.634,1455.98,174773000000,,,,,80.00,,,,121064099,1025536,120034740,false,false,12,2023-01-01,2023-12-31,-1
2025-02-12,62680,2025-12-31,,82600000000,0.152,,,,,,,4000000000,-0.462,4000000000,,-0.424,33.31,,,,,,,,,,,,,,,,,,,,,,false,true,6,2025-01-01,2025-06-30,1
2025-02-12,62680,2025-12-31,,171000000000,0.097,,,,,,,4400000000,-0.315,4400000000,,-0.420,36.64,,,,,,,,,,,,,,,80.00,,,,,,,false,true,12,2025-01-01,2025-12-31,1
2025-04-30,62680,2025-12-31,1,81698000000,0.132,,,,,5454000000,0.367,,,,3283000000,,27.33,27.33,,,,,442520000000,,,,,,,,,,,,,,,,true,false,3,2025-01-01,2025-03-31,0
2025-04-30,62680,2024-12-31,1,72181000000,-0.122,,,,,3991000000,-0.309,,,,2640000000,,21.99,21.99,,,,,,,,,,,,,,,,,,,,,true,false,3,2024-01-01,2024-03-31,-1
2025-04-30,62680,2025-12-31,1,161000000000,0.056,,,,,6800000000,0.058,,,,4300000000,,35.80,,,,,,,,,,,,,,,,,,,,,,true,true,6,2025-01-01,2025-06-30,0
2025-04-30,62680,2025-12-31,1,336000000000,0.039,,,,,18700000000,0.265,,,,13100000000,,109.07,,,,,,,,,,,,,,,,,,,,,,true,true,12,2025-01-01,2025-12-31,0
2025-04-30,62680,2024-12-31,1,,,,,,,,,,,,,,,,,,,,445544000000,,,,,,,,,,,,,,,,true,false,12,2024-01-01,2024-12-31,-1
2025-04-30,62680,2024-12-31,1,,,,,,,,,,,,,,,,,,,,,,,,,,,,,80.00,,,,121064099,939894,,false,false,12,2024-01-01,2024-12-31,-1
2025-04-30,62680,2025-12-31,1,,,,,,,,,,,,,,,,,,,,,,,,,,,,,80.00,,,,,,,false,true,12,2025-01-01,2025-12-31,0
2025-04-30,62680,2025-12-31,1,,,,,,,,,,,,,,,,,,,,,,,,,,,,,,,,,121064099,919513,120139498,false,false,3,2025-01-01,2025-03-31,0
2025-04-30,62680,2024-12-31,1,,,,,,,,,,,,,,,,,,,,,,,,,,,,,,,,,,,120053914,false,false,3,2024-01-01,2024-03-31,-1
2025-07-31,62680,2025-12-31,,178000000000,0.041,,,,,,,8800000000,1.000,8100000000,,0.841,67.93,,,,,,,,,,,,,,,,,,,,,,false,true,12,2025-01-01,2025-12-31,0
2025-07-31,62680,2024-12-31,,155923000000,,,,,,,,6422000000,,7581000000,,,63.12,,,,,,,,,,,,,,,,,,,,,,false,false,12,2024-01-01,2024-12-31,-1
2025-07-31,62680,2025-12-31,2,165616000000,0.086,,,,,10605000000,0.650,,,,6513000000,,54.20,54.20,,,,,448267000000,,,,,,,,,,,,,,,,true,false,6,2025-01-01,2025-06-30,0
2025-07-31,62680,2024-12-31,2,152491000000,-0.064,,,,,6426000000,-0.260,,,,4204000000,,35.01,35.01,,,,,,,,,,,,,,,,,,,,,true,false,6,2024-01-01,2024-06-30,-1
2025-07-31,62680,2025-12-31,2,344000000000,0.064,,,,,22300000000,0.508,,,,14600000000,,122.43,,,,,,,,,,,,,,,,,,,,,,true,true,12,2025-01-01,2025-12-31,0
2025-07-31,62680,2024-12-31,2,,,,,,,,,,,,,,,,,,,,445544000000,,,,,,,,,,,,,,,,true,false,12,2024-01-01,2024-12-31,-1
2025-07-31,62680,2024-12-31,2,,,,,,,,,,,,,,,,,,,,,,,,,,,,,80.00,,,,121064099,939894,,false,false,12,2024-01-01,2024-12-31,-1
2025-07-31,62680,2025-12-31,2,,,,,,,,,,,,,,,,,,,,,,,,,,,,,40.00,,,,,,,false,false,12,2025-01-01,2025-12-31,0
2025-07-31,62680,2025-12-31,2,,,,,,,,,,,,,,,,,,,,,,,,,,,,,80.00,,,,,,,false,true,12,2025-01-01,2025-12-31,0
2025-07-31,62680,2025-12-31,2,,,,,,,,,,,,,,,,,,,,,,,,,,,,,,,,,121064099,879956,120158646,false,false,6,2025-01-01,2025-06-30,0
2025-07-31,62680,2024-12-31,2,,,,,,,,,,,,,,,,,,,,,,,,,,,,,,,,,,,120084266,false,false,6,2024-01-01,2024-06-30,-1
