filing_date,code,fiscal_year_end,quarterly_period,net_sales,net_sales_change,revenue,revenue_change,operating_revenue,operating_revenue_change,operating_profit,operating_profit_change,ordinary_profit,ordinary_profit_change,net_income,net_income_of_parent,net_income_change,eps,diluted_eps,roe,roa,operating_profit_to_net_sales,operating_profit_to_revenue,total_assets,net_assets,equity_ratio,bps,owner_equity,operating_cash_flow,investing_cash_flow,financing_cash_flow,cash,dividend_per_share,payout_ratio,commemorative_dividend,extra_dividend,number_of_shares,number_of_treqsury_shares,avg_number_of_shares,is_consolidated,is_forecast,duration,period_start,period_end,period_pos
2015-05-14,62920,2015-03-31,,17242000000,0.098,,,,,755000000,0.298,714000000,0.357,427000000,,0.316,60.35,,0.063,0.043,0.044,,17601000000,7345000000,0.409,1015.27,7190000000,370000000,-1102000000,440000000,3986000000,,0.149,,,,,,true,false,12,2014-04-01,2015-03-31,0
2015-05-14,62920,2014-03-31,,15708000000,0.043,,,,,581000000,-0.178,526000000,-0.229,324000000,,0.683,45.84,,0.054,0.034,0.037,,15974000000,6546000000,0.401,904.28,6405000000,416000000,81000000,-375000000,4065000000,,0.164,,,,,,true,false,12,2013-04-01,2014-03-31,-1
2015-05-14,62920,2016-03-31,,8800000000,0.157,,,,,410000000,0.392,375000000,0.473,,230000000,,32.47,,,,,,,,,,,,,,,,,,,,,,true,true,6,2015-04-01,2015-09-30,1
2015-05-14,62920,2016-03-31,,17600000000,0.021,,,,,820000000,0.086,750000000,0.049,,460000000,,64.95,,,,,,,,,,,,,,,,0.154,,,,,,true,true,12,2015-04-01,2016-03-31,1
2015-05-14,62920,2015-03-31,,7557000000,0.038,,,,,54000000,,160000000,,91000000,,0.249,12.86,,,,,,10092000000,4520000000,0.448,638.18,4520000000,,,,,9.00,,,,7210000,127316,7083074,false,false,12,2014-04-01,2015-03-31,0
2015-05-14,62920,2014-03-31,,7281000000,0.074,,,,,-72000000,,4000000,-0.911,72000000,,-0.509,10.29,,,,,,9972000000,4423000000,0.444,624.54,4423000000,,,,,7.50,,,,7210000,126587,7084445,false,false,12,2013-04-01,2014-03-31,-1
2015-05-14,62920,2016-03-31,,4200000000,0.191,,,,,50000000,0.476,70000000,0.476,50000000,,0.314,7.06,,,,,,,,,,,,,,,,,,,,,,false,true,6,2015-04-01,2015-09-30,1
2015-05-14,62920,2016-03-31,,8400000000,0.112,,,,,100000000,0.832,185000000,0.150,145000000,,0.592,20.47,,,,,,,,,,,,,,,10.00,,,,,,,false,true,12,2015-04-01,2016-03-31,1
2015-07-30,62920,2016-03-31,1,4206000000,0.081,,,,,296000000,0.553,289000000,0.673,,187000000,,26.53,,,,,,17790000000,7490000000,0.412,,7331000000,,,,,,,,,,,,true,false,3,2015-04-01,2015-06-30,0
2015-07-30,62920,2015-03-31,1,3889000000,0.150,,,,,190000000,2.020,173000000,1.723,,88000000,,12.48,,,,,,,,,,,,,,,,,,,,,,true,false,3,2014-04-01,2014-06-30,-1
2015-07-30,62920,2016-03-31,1,8800000000,0.157,,,,,410000000,0.392,375000000,0.473,,230000000,,32.48,,,,,,,,,,,,,,,,,,,,,,true,true,6,2015-04-01,2015-09-30,0
2015-07-30,62920,2016-03-31,1,17600000000,0.021,,,,,820000000,0.086,750000000,0.049,,460000000,,64.95,,,,,,,,,,,,,,,,,,,,,,true,true,12,2015-04-01,2016-03-31,0
2015-07-30,62920,2015-03-31,1,,,,,,,,,,,,,,,,,,,,17601000000,7345000000,0.409,,7190000000,,,,,,,,,,,,true,false,12,2014-04-01,2015-03-31,-1
2015-07-30,62920,2015-03-31,1,,,,,,,,,,,,,,,,,,,,,,,,,,,,,9.00,,,,7210000,127316,,false,false,12,2014-04-01,2015-03-31,-1
2015-07-30,62920,2016-03-31,1,,,,,,,,,,,,,,,,,,,,,,,,,,,,,10.00,,,,,,,false,true,12,2015-04-01,2016-03-31,0
2015-07-30,62920,2016-03-31,1,,,,,,,,,,,,,,,,,,,,,,,,,,,,,,,,,7210000,127716,7082552,false,false,3,2015-04-01,2015-06-30,0
2015-07-30,62920,2015-03-31,1,,,,,,,,,,,,,,,,,,,,,,,,,,,,,,,,,,,7083413,false,false,3,2014-04-01,2014-06-30,-1
2015-08-28,62920,2016-03-31,,8800000000,0.000,,,,,410000000,0.000,375000000,0.000,,610000000,,86.13,,,,,,,,,,,,,,,,,,,,,,true,true,6,2015-04-01,2015-09-30,0
2015-08-28,62920,2015-03-31,,7607000000,,,,,,294000000,,254000000,,,155000000,,22.01,,,,,,,,,,,,,,,,,,,,,,true,false,6,2014-04-01,2014-09-30,-1
2015-08-28,62920,2016-03-31,,17600000000,0.000,,,,,820000000,0.000,750000000,0.000,,840000000,,118.61,,,,,,,,,,,,,,,,,,,,,,true,true,12,2015-04-01,2016-03-31,0
2015-08-28,62920,2015-03-31,,17242000000,,,,,,755000000,,714000000,,,427000000,,60.35,,,,,,,,,,,,,,,,,,,,,,true,false,12,2014-04-01,2015-03-31,-1
2015-10-26,62920,2016-03-31,,9088000000,0.033,,,,,603000000,0.471,602000000,0.605,,825000000,,116.49,,,,,,,,,,,,,,,,,,,,,,true,true,6,2015-04-01,2015-09-30,0
2015-10-26,62920,2015-03-31,,7607000000,,,,,,294000000,,254000000,,,155000000,,22.01,,,,,,,,,,,,,,,,,,,,,,true,false,6,2014-04-01,2014-09-30,-1
2015-10-26,62920,2016-03-31,,17700000000,0.006,,,,,850000000,0.037,780000000,0.040,,860000000,,121.44,,,,,,,,,,,,,,,,,,,,,,true,true,12,2015-04-01,2016-03-31,0
2015-10-26,62920,2015-03-31,,17242000000,,,,,,755000000,,714000000,,,427000000,,60.35,,,,,,,,,,,,,,,,,,,,,,true,false,12,2014-04-01,2015-03-31,-1
2015-10-26,62920,2016-03-31,,4545000000,0.082,,,,,194000000,2.880,183000000,1.614,152000000,,2.040,21.46,,,,,,,,,,,,,,,,,,,,,,false,true,6,2015-04-01,2015-09-30,0
2015-10-26,62920,2015-03-31,,3525000000,,,,,,33000000,,47000000,,38000000,,,5.37,,,,,,,,,,,,,,,,,,,,,,false,false,6,2014-04-01,2014-09-30,-1
2015-10-26,62920,2016-03-31,,8700000000,0.036,,,,,240000000,1.400,290000000,0.568,240000000,,0.655,33.89,,,,,,,,,,,,,,,,,,,,,,false,true,12,2015-04-01,2016-03-31,0
2015-10-26,62920,2015-03-31,,7557000000,,,,,,54000000,,160000000,,91000000,,,12.86,,,,,,,,,,,,,,,,,,,,,,false,false,12,2014-04-01,2015-03-31,-1
2015-10-30,62920,2016-03-31,2,9088000000,0.195,,,,,603000000,1.049,602000000,1.368,,825000000,,116.58,,,,,,19062000000,8153000000,0.419,,7990000000,,,,,,,,,,,,true,false,6,2015-04-01,2015-09-30,0
2015-10-30,62920,2015-03-31,2,7607000000,0.054,,,,,294000000,0.281,254000000,0.189,,155000000,,22.01,,,,,,,,,,,,,,,,,,,,,,true,false,6,2014-04-01,2014-09-30,-1
2015-10-30,62920,2016-03-31,2,17700000000,0.027,,,,,850000000,0.125,780000000,0.091,,860000000,,121.44,,,,,,,,,,,,,,,,,,,,,,true,true,12,2015-04-01,2016-03-31,0
2015-10-30,62920,2015-03-31,2,,,,,,,,,,,,,,,,,,,,17601000000,7345000000,0.409,,7190000000,,,,,,,,,,,,true,false,12,2014-04-01,2015-03-31,-1
2015-10-30,62920,2015-03-31,2,,,,,,,,,,,,,,,,,,,,,,,,,,,,,9.00,,,,7210000,127316,,false,false,12,2014-04-01,2015-03-31,-1
2015-10-30,62920,2016-03-31,2,,,,,,,,,,,,,,,,,,,,,,,,,,,,,5.00,,,,,,,false,false,12,2015-04-01,2016-03-31,0
2015-10-30,62920,2016-03-31,2,,,,,,,,,,,,,,,,,,,,,,,,,,,,,10.00,,,,,,,false,true,12,2015-04-01,2016-03-31,0
2015-10-30,62920,2016-03-31,2,,,,,,,,,,,,,,,,,,,,,,,,,,,,,,,,,7210000,128216,7082213,false,false,6,2015-04-01,2015-09-30,0
2015-10-30,62920,2015-03-31,2,,,,,,,,,,,,,,,,,,,,,,,,,,,,,,,,,,,7083323,false,false,6,2014-04-01,2014-09-30,-1
,62920,2016-03-31,,,,,,,,,,,,,,,,,,,,,,,,,,,,,,12.00,,,,,,,false,true,12,2015-04-01,2016-03-31,0
,62920,2016-03-31,,,,,,,,,,,,,,,,,,,,,,,,,,,,,,5.00,,,,,,,false,false,12,2015-04-01,2016-03-31,0
,62920,2015-03-31,,,,,,,,,,,,,,,,,,,,,,,,,,,,,,9.00,,,,,,,false,false,12,2014-04-01,2015-03-31,-1
2016-01-29,62920,2016-03-31,3,13166000000,0.049,,,,,761000000,0.122,746000000,0.194,,873000000,,123.29,,,,,,18925000000,7967000000,0.413,,7819000000,,,,,,,,,,,,true,false,9,2015-04-01,2015-12-31,0
2016-01-29,62920,2015-03-31,3,12553000000,0.154,,,,,678000000,1.635,624000000,1.807,,395000000,,55.78,,,,,,,,,,,,,,,,,,,,,,true,false,9,2014-04-01,2014-12-31,-1
2016-01-29,62920,2016-03-31,3,17700000000,0.027,,,,,850000000,0.125,780000000,0.091,,860000000,,121.44,,,,,,,,,,,,,,,,,,,,,,true,true,12,2015-04-01,2016-03-31,0
2016-01-29,62920,2015-03-31,3,,,,,,,,,,,,,,,,,,,,17601000000,7345000000,0.409,,7190000000,,,,,,,,,,,,true,false,12,2014-04-01,2015-03-31,-1
2016-01-29,62920,2015-03-31,3,,,,,,,,,,,,,,,,,,,,,,,,,,,,,9.00,,,,7210000,127316,,false,false,12,2014-04-01,2015-03-31,-1
2016-01-29,62920,2016-03-31,3,,,,,,,,,,,,,,,,,,,,,,,,,,,,,5.00,,,,,,,false,false,12,2015-04-01,2016-03-31,0
2016-01-29,62920,2016-03-31,3,,,,,,,,,,,,,,,,,,,,,,,,,,,,,12.00,,,,,,,false,true,12,2015-04-01,2016-03-31,0
2016-01-29,62920,2016-03-31,3,,,,,,,,,,,,,,,,,,,,,,,,,,,,,,,,,7210000,128216,7082069,false,false,9,2015-04-01,2015-12-31,0
2016-01-29,62920,2015-03-31,3,,,,,,,,,,,,,,,,,,,,,,,,,,,,,,,,,,,7083175,false,false,9,2014-04-01,2014-12-31,-1
2016-05-13,62920,2016-03-31,,17534000000,0.017,,,,,739000000,-0.021,707000000,-0.010,,787000000,,111.23,,0.106,0.039,0.042,,18424000000,7800000000,0.415,1080.68,7653000000,743000000,-688000000,-5000000,3958000000,,0.108,,,,,,true,false,12,2015-04-01,2016-03-31,0
2016-05-13,62920,2015-03-31,,17242000000,0.098,,,,,755000000,0.298,714000000,0.357,,427000000,,60.35,,0.063,0.043,0.044,,17601000000,7345000000,0.409,1015.27,7190000000,370000000,-1102000000,440000000,3986000000,,0.149,,,,,,true,false,12,2014-04-01,2015-03-31,-1
2016-05-13,62920,2017-03-31,,8500000000,-0.065,,,,,255000000,-0.577,210000000,-0.652,,130000000,,18.36,,,,,,,,,,,,,,,,,,,,,,true,true,6,2016-04-01,2016-09-30,1
2016-05-13,62920,2017-03-31,,17300000000,-0.013,,,,,600000000,-0.188,510000000,-0.279,,320000000,,45.19,,,,,,,,,,,,,,,,0.266,,,,,,true,true,12,2016-04-01,2017-03-31,1
2016-05-13,62920,2016-03-31,,8916000000,0.180,,,,,250000000,3.583,344000000,1.139,291000000,,2.202,41.20,,,,,,10637000000,4676000000,0.440,660.33,4676000000,,,,,12.00,,,,7210000,128216,7081998,false,false,12,2015-04-01,2016-03-31,0
2016-05-13,62920,2015-03-31,,7557000000,0.038,,,,,54000000,,160000000,,91000000,,0.249,12.86,,,,,,10092000000,4520000000,0.448,638.18,4520000000,,,,,9.00,,,,7210000,127316,7083074,false,false,12,2014-04-01,2015-03-31,-1
2016-05-13,62920,2017-03-31,,4300000000,-0.054,,,,,60000000,-0.692,200000000,0.090,240000000,,0.577,33.89,,,,,,,,,,,,,,,,,,,,,,false,true,6,2016-04-01,2016-09-30,1
2016-05-13,62920,2017-03-31,,8800000000,-0.013,,,,,180000000,-0.280,330000000,-0.041,340000000,,0.165,48.01,,,,,,,,,,,,,,,12.00,,,,,,,false,true,12,2016-04-01,2017-03-31,1
2016-07-29,62920,2017-03-31,1,4108000000,-0.023,,,,,219000000,-0.257,172000000,-0.405,,69000000,,9.81,,,,,,18440000000,7626000000,0.406,,7489000000,,,,,,,,,,,,true,false,3,2016-04-01,2016-06-30,0
2016-07-29,62920,2016-03-31,1,4206000000,0.081,,,,,296000000,0.553,289000000,0.673,,187000000,,26.53,,,,,,,,,,,,,,,,,,,,,,true,false,3,2015-04-01,2015-06-30,-1
2016-07-29,62920,2017-03-31,1,8500000000,-0.065,,,,,255000000,-0.577,210000000,-0.652,,130000000,,18.36,,,,,,,,,,,,,,,,,,,,,,true,true,6,2016-04-01,2016-09-30,0
2016-07-29,62920,2017-03-31,1,17300000000,-0.013,,,,,600000000,-0.188,510000000,-0.279,,320000000,,45.19,,,,,,,,,,,,,,,,,,,,,,true,true,12,2016-04-01,2017-03-31,0
2016-07-29,62920,2016-03-31,1,,,,,,,,,,,,,,,,,,,,18424000000,7800000000,0.415,,7653000000,,,,,,,,,,,,true,false,12,2015-04-01,2016-03-31,-1
2016-07-29,62920,2016-03-31,1,,,,,,,,,,,,,,,,,,,,,,,,,,,,,12.00,,,,7210000,128216,,false,false,12,2015-04-01,2016-03-31,-1
2016-07-29,62920,2017-03-31,1,,,,,,,,,,,,,,,,,,,,,,,,,,,,,12.00,,,,,,,false,true,12,2016-04-01,2017-03-31,0
2016-07-29,62920,2017-03-31,1,,,,,,,,,,,,,,,,,,,,,,,,,,,,,,,,,7210000,128216,7081784,false,false,3,2016-04-01,2016-06-30,0
2016-07-29,62920,2016-03-31,1,,,,,,,,,,,,,,,,,,,,,,,,,,,,,,,,,,,7082552,false,false,3,2015-04-01,2015-06-30,-1
2016-10-25,62920,2017-03-31,,7883000000,-0.073,,,,,304000000,0.192,206000000,-0.019,,122000000,,17.23,,,,,,,,,,,,,,,,,,,,,,true,true,6,2016-04-01,2016-09-30,0
2016-10-25,62920,2016-03-31,,9088000000,,,,,,603000000,,602000000,,,825000000,,116.58,,,,,,,,,,,,,,,,,,,,,,true,false,6,2015-04-01,2015-09-30,-1
2016-10-25,62920,2017-03-31,,16000000000,-0.075,,,,,580000000,-0.033,460000000,-0.098,,280000000,,39.54,,,,,,,,,,,,,,,,,,,,,,true,true,12,2016-04-01,2017-03-31,0
2016-10-25,62920,2016-03-31,,17534000000,,,,,,739000000,,707000000,,,787000000,,111.23,,,,,,,,,,,,,,,,,,,,,,true,false,12,2015-04-01,2016-03-31,-1
2016-10-25,62920,2017-03-31,,3992000000,-0.072,,,,,104000000,0.733,238000000,0.190,280000000,,0.167,39.54,,,,,,,,,,,,,,,,,,,,,,false,true,6,2016-04-01,2016-09-30,0
2016-10-25,62920,2016-03-31,,4545000000,,,,,,194000000,,183000000,,152000000,,,21.49,,,,,,,,,,,,,,,,,,,,,,false,false,6,2015-04-01,2015-09-30,-1
2016-10-25,62920,2017-03-31,,8000000000,-0.091,,,,,180000000,0.000,330000000,0.000,340000000,,0.000,48.01,,,,,,,,,,,,,,,,,,,,,,false,true,12,2016-04-01,2017-03-31,0
2016-10-25,62920,2016-03-31,,8916000000,,,,,,250000000,,344000000,,291000000,,,41.20,,,,,,,,,,,,,,,,,,,,,,false,false,12,2015-04-01,2016-03-31,-1
2016-10-31,62920,2017-03-31,2,7883000000,-0.133,,,,,304000000,-0.495,206000000,-0.657,,122000000,,17.30,,,,,,17372000000,7283000000,0.412,,7159000000,,,,,,,,,,,,true,false,6,2016-04-01,2016-09-30,0
2016-10-31,62920,2016-03-31,2,9088000000,0.195,,,,,603000000,1.049,602000000,1.368,,825000000,,116.58,,,,,,,,,,,,,,,,,,,,,,true,false,6,2015-04-01,2015-09-30,-1
2016-10-31,62920,2017-03-31,2,16000000000,-0.088,,,,,580000000,-0.215,460000000,-0.350,,280000000,,39.54,,,,,,,,,,,,,,,,,,,,,,true,true,12,2016-04-01,2017-03-31,0
2016-10-31,62920,2016-03-31,2,,,,,,,,,,,,,,,,,,,,18424000000,7800000000,0.415,,7653000000,,,,,,,,,,,,true,false,12,2015-04-01,2016-03-31,-1
2016-10-31,62920,2016-03-31,2,,,,,,,,,,,,,,,,,,,,,,,,,,,,,12.00,,,,7210000,128216,,false,false,12,2015-04-01,2016-03-31,-1
2016-10-31,62920,2017-03-31,2,,,,,,,,,,,,,,,,,,,,,,,,,,,,,6.00,,,,,,,false,false,12,2016-04-01,2017-03-31,0
2016-10-31,62920,2017-03-31,2,,,,,,,,,,,,,,,,,,,,,,,,,,,,,12.00,,,,,,,false,true,12,2016-04-01,2017-03-31,0
2016-10-31,62920,2017-03-31,2,,,,,,,,,,,,,,,,,,,,,,,,,,,,,,,,,7210000,128216,7081784,false,false,6,2016-04-01,2016-09-30,0
2016-10-31,62920,2016-03-31,2,,,,,,,,,,,,,,,,,,,,,,,,,,,,,,,,,,,7082213,false,false,6,2015-04-01,2015-09-30,-1
2017-01-31,62920,2017-03-31,3,11597000000,-0.119,,,,,457000000,-0.399,412000000,-0.447,,272000000,,38.52,,,,,,17070000000,7302000000,0.421,,7182000000,,,,,,,,,,,,true,false,9,2016-04-01,2016-12-31,0
2017-01-31,62920,2016-03-31,3,13166000000,0.049,,,,,761000000,0.122,746000000,0.194,,873000000,,123.29,,,,,,,,,,,,,,,,,,,,,,true,false,9,2015-04-01,2015-12-31,-1
2017-01-31,62920,2017-03-31,3,16000000000,-0.088,,,,,580000000,-0.215,460000000,-0.350,,280000000,,39.54,,,,,,,,,,,,,,,,,,,,,,true,true,12,2016-04-01,2017-03-31,0
2017-01-31,62920,2016-03-31,3,,,,,,,,,,,,,,,,,,,,18424000000,7800000000,0.415,,7653000000,,,,,,,,,,,,true,false,12,2015-04-01,2016-03-31,-1
2017-01-31,62920,2016-03-31,3,,,,,,,,,,,,,,,,,,,,,,,,,,,,,12.00,,,,7210000,128216,,false,false,12,2015-04-01,2016-03-31,-1
2017-01-31,62920,2017-03-31,3,,,,,,,,,,,,,,,,,,,,,,,,,,,,,6.00,,,,,,,false,false,12,2016-04-01,2017-03-31,0
2017-01-31,62920,2017-03-31,3,,,,,,,,,,,,,,,,,,,,,,,,,,,,,12.00,,,,,,,false,true,12,2016-04-01,2017-03-31,0
2017-01-31,62920,2017-03-31,3,,,,,,,,,,,,,,,,,,,,,,,,,,,,,,,,,7210000,128216,7081784,false,false,9,2016-04-01,2016-12-31,0
2017-01-31,62920,2016-03-31,3,,,,,,,,,,,,,,,,,,,,,,,,,,,,,,,,,,,7082069,false,false,9,2015-04-01,2015-12-31,-1
2017-05-12,62920,2017-03-31,,16654000000,-0.050,,,,,518000000,-0.299,445000000,-0.370,,211000000,,29.84,,0.028,0.024,0.031,,17986000000,7677000000,0.419,1065.07,7542000000,1128000000,-580000000,-233000000,4213000000,,0.402,,,,,,true,false,12,2016-04-01,2017-03-31,0
2017-05-12,62920,2016-03-31,,17534000000,0.017,,,,,739000000,-0.021,707000000,-0.010,,787000000,,111.23,,0.106,0.039,0.042,,18424000000,7800000000,0.415,1080.68,7653000000,743000000,-688000000,-5000000,3958000000,,0.108,,,,,,true,false,12,2015-04-01,2016-03-31,-1
2017-05-12,62920,2018-03-31,,8500000000,0.078,,,,,340000000,0.116,295000000,0.428,,195000000,,27.54,,,,,,,,,,,,,,,,,,,,,,true,true,6,2017-04-01,2017-09-30,1
2017-05-12,62920,2018-03-31,,17000000000,0.021,,,,,680000000,0.313,590000000,0.324,,390000000,,55.07,,,,,,,,,,,,,,,,0.218,,,,,,true,true,12,2017-04-01,2018-03-31,1
2017-05-12,62920,2017-03-31,,8227000000,-0.077,,,,,225000000,-0.098,376000000,0.095,392000000,,0.345,55.40,,,,,,10612000000,5034000000,0.474,710.96,5034000000,,,,,12.00,,,,7210000,128216,7081784,false,false,12,2016-04-01,2017-03-31,0
2017-05-12,62920,2016-03-31,,8916000000,0.180,,,,,250000000,3.583,344000000,1.139,291000000,,2.202,41.20,,,,,,10637000000,4676000000,0.440,660.33,4676000000,,,,,12.00,,,,7210000,128216,7081998,false,false,12,2015-04-01,2016-03-31,-1
2017-05-12,62920,2018-03-31,,4400000000,0.102,,,,,135000000,0.297,120000000,-0.497,100000000,,-0.643,14.12,,,,,,,,,,,,,,,,,,,,,,false,true,6,2017-04-01,2017-09-30,1
2017-05-12,62920,2018-03-31,,8800000000,0.070,,,,,270000000,0.196,280000000,-0.257,235000000,,-0.401,33.18,,,,,,,,,,,,,,,12.00,,,,,,,false,true,12,2017-04-01,2018-03-31,1
2017-07-28,62920,2018-03-31,1,4103000000,-0.001,,,,,103000000,-0.531,85000000,-0.505,,11000000,,1.60,,,,,,17923000000,7570000000,0.415,,7433000000,,,,,,,,,,,,true,false,3,2017-04-01,2017-06-30,0
2017-07-28,62920,2017-03-31,1,4108000000,-0.023,,,,,219000000,-0.257,172000000,-0.405,,69000000,,9.81,,,,,,,,,,,,,,,,,,,,,,true,false,3,2016-04-01,2016-06-30,-1
2017-07-28,62920,2018-03-31,1,8500000000,0.078,,,,,340000000,0.116,295000000,0.428,,195000000,,27.54,,,,,,,,,,,,,,,,,,,,,,true,true,6,2017-04-01,2017-09-30,0
2017-07-28,62920,2018-03-31,1,17000000000,0.021,,,,,680000000,0.313,590000000,0.324,,390000000,,55.07,,,,,,,,,,,,,,,,,,,,,,true,true,12,2017-04-01,2018-03-31,0
2017-07-28,62920,2017-03-31,1,,,,,,,,,,,,,,,,,,,,17986000000,7677000000,0.419,,7542000000,,,,,,,,,,,,true,false,12,2016-04-01,2017-03-31,-1
2017-07-28,62920,2017-03-31,1,,,,,,,,,,,,,,,,,,,,,,,,,,,,,12.00,,,,7210000,128216,,false,false,12,2016-04-01,2017-03-31,-1
2017-07-28,62920,2018-03-31,1,,,,,,,,,,,,,,,,,,,,,,,,,,,,,12.00,,,,,,,false,true,12,2017-04-01,2018-03-31,0
2017-07-28,62920,2018-03-31,1,,,,,,,,,,,,,,,,,,,,,,,,,,,,,,,,,7210000,128216,7081784,false,false,3,2017-04-01,2017-06-30,0
2017-07-28,62920,2017-03-31,1,,,,,,,,,,,,,,,,,,,,,,,,,,,,,,,,,,,7081784,false,false,3,2016-04-01,2016-06-30,-1
2017-10-23,62920,2018-03-31,,9011000000,0.060,,,,,409000000,0.203,379000000,0.285,,213000000,,30.08,,,,,,,,,,,,,,,,,,,,,,true,true,6,2017-04-01,2017-09-30,0
2017-10-23,62920,2017-03-31,,7883000000,,,,,,304000000,,206000000,,,122000000,,17.30,,,,,,,,,,,,,,,,,,,,,,true,false,6,2016-04-01,2016-09-30,-1
2017-10-23,62920,2018-03-31,,17800000000,0.047,,,,,800000000,0.176,700000000,0.186,,420000000,,59.31,,,,,,,,,,,,,,,,,,,,,,true,true,12,2017-04-01,2018-03-31,0
2017-10-23,62920,2017-03-31,,16654000000,,,,,,518000000,,445000000,,,211000000,,29.84,,,,,,,,,,,,,,,,,,,,,,true,false,12,2016-04-01,2017-03-31,-1
2017-10-23,62920,2018-03-31,,4485000000,0.019,,,,,31000000,-0.770,39000000,-0.675,24000000,,-0.760,3.39,,,,,,,,,,,,,,,,,,,,,,false,true,6,2017-04-01,2017-09-30,0
2017-10-23,62920,2017-03-31,,3992000000,,,,,,104000000,,238000000,,280000000,,,39.59,,,,,,,,,,,,,,,,,,,,,,false,false,6,2016-04-01,2016-09-30,-1
2017-10-23,62920,2018-03-31,,9200000000,0.045,,,,,230000000,-0.148,240000000,-0.143,200000000,,-0.149,28.24,,,,,,,,,,,,,,,,,,,,,,false,true,12,2017-04-01,2018-03-31,0
2017-10-23,62920,2017-03-31,,8227000000,,,,,,225000000,,376000000,,392000000,,,55.40,,,,,,,,,,,,,,,,,,,,,,false,false,12,2016-04-01,2017-03-31,-1
2017-10-31,62920,2018-03-31,2,9011000000,0.143,,,,,409000000,0.345,379000000,0.839,,213000000,,30.18,,,,,,19051000000,7803000000,0.402,,7664000000,,,,,,,,,,,,true,false,6,2017-04-01,2017-09-30,0
2017-10-31,62920,2017-03-31,2,7883000000,-0.133,,,,,304000000,-0.495,206000000,-0.657,,122000000,,17.30,,,,,,,,,,,,,,,,,,,,,,true,false,6,2016-04-01,2016-09-30,-1
2017-10-31,62920,2018-03-31,2,17800000000,0.069,,,,,800000000,0.544,700000000,0.571,,420000000,,59.31,,,,,,,,,,,,,,,,,,,,,,true,true,12,2017-04-01,2018-03-31,0
2017-10-31,62920,2017-03-31,2,,,,,,,,,,,,,,,,,,,,17986000000,7677000000,0.419,,7542000000,,,,,,,,,,,,true,false,12,2016-04-01,2017-03-31,-1
2017-10-31,62920,2017-03-31,2,,,,,,,,,,,,,,,,,,,,,,,,,,,,,12.00,,,,7210000,128216,,false,false,12,2016-04-01,2017-03-31,-1
2017-10-31,62920,2018-03-31,2,,,,,,,,,,,,,,,,,,,,,,,,,,,,,6.00,,,,,,,false,false,12,2017-04-01,2018-03-31,0
2017-10-31,62920,2018-03-31,2,,,,,,,,,,,,,,,,,,,,,,,,,,,,,12.00,,,,,,,false,true,12,2017-04-01,2018-03-31,0
2017-10-31,62920,2018-03-31,2,,,,,,,,,,,,,,,,,,,,,,,,,,,,,,,,,7210000,128216,7081784,false,false,6,2017-04-01,2017-09-30,0
2017-10-31,62920,2017-03-31,2,,,,,,,,,,,,,,,,,,,,,,,,,,,,,,,,,,,7081784,false,false,6,2016-04-01,2016-09-30,-1
2018-01-30,62920,2018-03-31,3,14641000000,0.262,,,,,851000000,0.861,821000000,0.991,,754000000,,106.61,,,,,,20624000000,8411000000,0.401,,8266000000,,,,,,,,,,,,true,false,9,2017-04-01,2017-12-31,0
2018-01-30,62920,2017-03-31,3,11597000000,-0.119,,,,,457000000,-0.399,412000000,-0.447,,272000000,,38.52,,,,,,,,,,,,,,,,,,,,,,true,false,9,2016-04-01,2016-12-31,-1
2018-01-30,62920,2018-03-31,3,20000000000,0.201,,,,,1100000000,1.123,1050000000,1.357,,900000000,,127.09,,,,,,,,,,,,,,,,,,,,,,true,true,12,2017-04-01,2018-03-31,0
2018-01-30,62920,2017-03-31,3,,,,,,,,,,,,,,,,,,,,17986000000,7677000000,0.419,,7542000000,,,,,,,,,,,,true,false,12,2016-04-01,2017-03-31,-1
2018-01-30,62920,2017-03-31,3,,,,,,,,,,,,,,,,,,,,,,,,,,,,,12.00,,,,7210000,128216,,false,false,12,2016-04-01,2017-03-31,-1
2018-01-30,62920,2018-03-31,3,,,,,,,,,,,,,,,,,,,,,,,,,,,,,6.00,,,,,,,false,false,12,2017-04-01,2018-03-31,0
2018-01-30,62920,2018-03-31,3,,,,,,,,,,,,,,,,,,,,,,,,,,,,,15.00,,,,,,,false,true,12,2017-04-01,2018-03-31,0
2018-01-30,62920,2018-03-31,3,,,,,,,,,,,,,,,,,,,,,,,,,,,,,,,,,7210000,128216,7081784,false,false,9,2017-04-01,2017-12-31,0
2018-01-30,62920,2017-03-31,3,,,,,,,,,,,,,,,,,,,,,,,,,,,,,,,,,,,7081784,false,false,9,2016-04-01,2016-12-31,-1
2018-01-30,62920,2018-03-31,,20000000000,0.124,,,,,1100000000,0.375,1050000000,0.500,,900000000,,127.09,,,,,,,,,,,,,,,,,,,,,,true,true,12,2017-04-01,2018-03-31,0
2018-01-30,62920,2017-03-31,,16654000000,,,,,,518000000,,445000000,,,211000000,,29.84,,,,,,,,,,,,,,,,,,,,,,true,false,12,2016-04-01,2017-03-31,-1
2018-01-30,62920,2018-03-31,,9700000000,0.054,,,,,270000000,0.174,320000000,0.333,490000000,,1.450,69.19,,,,,,,,,,,,,,,15.00,,,,,,,false,true,12,2017-04-01,2018-03-31,0
2018-01-30,62920,2017-03-31,,8227000000,,,,,,225000000,,376000000,,392000000,,,55.40,,,,,,,,,,,,,,,12.00,,,,,,,false,false,12,2016-04-01,2017-03-31,-1
2018-01-30,62920,2018-03-31,,,,,,,,,,,,,,,,,,,,,,,,,,,,,,6.00,,,,,,,false,false,12,2017-04-01,2018-03-31,0
2018-05-11,62920,2018-03-31,,20336000000,0.221,,,,,1124000000,1.171,1029000000,1.311,,909000000,,128.44,,0.113,0.051,0.055,,22210000000,8665000000,0.383,1202.61,8516000000,-898000000,-348000000,1369000000,4391000000,,0.140,,,,,,true,false,12,2017-04-01,2018-03-31,0
2018-05-11,62920,2017-03-31,,16654000000,-0.050,,,,,518000000,-0.299,445000000,-0.370,,211000000,,29.84,,0.028,0.024,0.031,,17986000000,7677000000,0.419,1065.07,7542000000,1128000000,-580000000,-233000000,4213000000,,0.402,,,,,,true,false,12,2016-04-01,2017-03-31,-1
2018-05-11,62920,2019-03-31,,10500000000,0.165,,,,,625000000,0.526,575000000,0.514,,400000000,,56.48,,,,,,,,,,,,,,,,,,,,,,true,true,6,2018-04-01,2018-09-30,1
2018-05-11,62920,2019-03-31,,21000000000,0.033,,,,,1250000000,0.111,1150000000,0.117,,800000000,,112.97,,,,,,,,,,,,,,,,0.177,,,,,,true,true,12,2018-04-01,2019-03-31,1
2018-05-11,62920,2018-03-31,,9801000000,0.191,,,,,253000000,0.125,321000000,-0.148,492000000,,0.255,69.50,,,,,,12855000000,5450000000,0.424,769.67,5450000000,,,,,18.00,,,,7210000,128216,7081784,false,false,12,2017-04-01,2018-03-31,0
2018-05-11,62920,2017-03-31,,8227000000,-0.077,,,,,225000000,-0.098,376000000,0.095,392000000,,0.345,55.40,,,,,,10612000000,5034000000,0.474,710.96,5034000000,,,,,12.00,,,,7210000,128216,7081784,false,false,12,2016-04-01,2017-03-31,-1
2018-05-11,62920,2019-03-31,,4900000000,0.092,,,,,160000000,4.026,165000000,3.200,130000000,,4.315,18.36,,,,,,,,,,,,,,,,,,,,,,false,true,6,2018-04-01,2018-09-30,1
2018-05-11,62920,2019-03-31,,9800000000,-0.000,,,,,320000000,0.260,370000000,0.152,300000000,,-0.391,42.36,,,,,,,,,,,,,,,20.00,,,,,,,false,true,12,2018-04-01,2019-03-31,1
2018-07-31,62920,2019-03-31,1,5567000000,0.357,,,,,564000000,4.472,584000000,5.842,,406000000,,57.41,,,,,,21802000000,8831000000,0.398,,8676000000,,,,,,,,,,,,true,false,3,2018-04-01,2018-06-30,0
2018-07-31,62920,2018-03-31,1,4103000000,-0.001,,,,,103000000,-0.531,85000000,-0.505,,11000000,,1.60,,,,,,,,,,,,,,,,,,,,,,true,false,3,2017-04-01,2017-06-30,-1
2018-07-31,62920,2019-03-31,1,10900000000,0.210,,,,,865000000,1.112,815000000,1.146,,580000000,,81.90,,,,,,,,,,,,,,,,,,,,,,true,true,6,2018-04-01,2018-09-30,0
2018-07-31,62920,2019-03-31,1,21400000000,0.052,,,,,1490000000,0.325,1390000000,0.350,,980000000,,138.38,,,,,,,,,,,,,,,,,,,,,,true,true,12,2018-04-01,2019-03-31,0
2018-07-31,62920,2018-03-31,1,,,,,,,,,,,,,,,,,,,,22046000000,8665000000,0.386,,8516000000,,,,,,,,,,,,true,false,12,2017-04-01,2018-03-31,-1
2018-07-31,62920,2018-03-31,1,,,,,,,,,,,,,,,,,,,,,,,,,,,,,18.00,,,,7210000,128216,,false,false,12,2017-04-01,2018-03-31,-1
2018-07-31,62920,2019-03-31,1,,,,,,,,,,,,,,,,,,,,,,,,,,,,,20.00,,,,,,,false,true,12,2018-04-01,2019-03-31,0
2018-07-31,62920,2019-03-31,1,,,,,,,,,,,,,,,,,,,,,,,,,,,,,,,,,7210000,128216,7081784,false,false,3,2018-04-01,2018-06-30,0
2018-07-31,62920,2018-03-31,1,,,,,,,,,,,,,,,,,,,,,,,,,,,,,,,,,,,7081784,false,false,3,2017-04-01,2017-06-30,-1
2018-07-31,62920,2019-03-31,,10900000000,0.038,,,,,865000000,0.384,815000000,0.417,,580000000,,81.90,,,,,,,,,,,,,,,,,,,,,,true,true,6,2018-04-01,2018-09-30,0
2018-07-31,62920,2018-03-31,,9011000000,,,,,,409000000,,379000000,,,213000000,,30.18,,,,,,,,,,,,,,,,,,,,,,true,false,6,2017-04-01,2017-09-30,-1
2018-07-31,62920,2019-03-31,,21400000000,0.019,,,,,1490000000,0.192,1390000000,0.209,,980000000,,138.38,,,,,,,,,,,,,,,,,,,,,,true,true,12,2018-04-01,2019-03-31,0
2018-07-31,62920,2018-03-31,,20336000000,,,,,,1124000000,,1029000000,,,909000000,,128.44,,,,,,,,,,,,,,,,,,,,,,true,false,12,2017-04-01,2018-03-31,-1
2018-07-31,62920,2019-03-31,,5100000000,0.041,,,,,230000000,0.438,275000000,0.667,210000000,,0.615,29.65,,,,,,,,,,,,,,,,,,,,,,false,true,6,2018-04-01,2018-09-30,0
2018-07-31,62920,2018-03-31,,4485000000,,,,,,31000000,,39000000,,24000000,,,3.45,,,,,,,,,,,,,,,,,,,,,,false,false,6,2017-04-01,2017-09-30,-1
2018-07-31,62920,2019-03-31,,10000000000,0.020,,,,,390000000,0.219,480000000,0.297,380000000,,0.267,53.66,,,,,,,,,,,,,,,,,,,,,,false,true,12,2018-04-01,2019-03-31,0
2018-07-31,62920,2018-03-31,,9801000000,,,,,,253000000,,321000000,,492000000,,,69.50,,,,,,,,,,,,,,,,,,,,,,false,false,12,2017-04-01,2018-03-31,-1
2018-10-26,62920,2019-03-31,,11948000000,0.096,,,,,1182000000,0.366,1215000000,0.491,,870000000,,122.85,,,,,,,,,,,,,,,,,,,,,,true,true,6,2018-04-01,2018-09-30,0
2018-10-26,62920,2018-03-31,,9011000000,,,,,,409000000,,379000000,,,213000000,,30.18,,,,,,,,,,,,,,,,,,,,,,true,false,6,2017-04-01,2017-09-30,-1
2018-10-26,62920,2019-03-31,,23000000000,0.075,,,,,2000000000,0.342,2000000000,0.439,,1450000000,,204.75,,,,,,,,,,,,,,,,,,,,,,true,true,12,2018-04-01,2019-03-31,0
2018-10-26,62920,2018-03-31,,20336000000,,,,,,1124000000,,1029000000,,,909000000,,128.44,,,,,,,,,,,,,,,,,,,,,,true,false,12,2017-04-01,2018-03-31,-1
2018-10-26,62920,2019-03-31,,5616000000,0.101,,,,,365000000,0.587,485000000,0.764,381000000,,0.814,53.80,,,,,,,,,,,,,,,,,,,,,,false,true,6,2018-04-01,2018-09-30,0
2018-10-26,62920,2018-03-31,,4485000000,,,,,,31000000,,39000000,,24000000,,,3.45,,,,,,,,,,,,,,,,,,,,,,false,false,6,2017-04-01,2017-09-30,-1
2018-10-26,62920,2019-03-31,,11000000000,0.100,,,,,600000000,0.538,700000000,0.458,550000000,,0.447,77.66,,,,,,,,,,,,,,,28.00,,,,,,,false,true,12,2018-04-01,2019-03-31,0
2018-10-26,62920,2018-03-31,,9801000000,,,,,,253000000,,321000000,,492000000,,,69.50,,,,,,,,,,,,,,,18.00,,,,,,,false,false,12,2017-04-01,2018-03-31,-1
2018-10-31,62920,2019-03-31,2,11948000000,0.326,,,,,1182000000,1.887,1215000000,2.200,,870000000,,122.92,,,,,,22392000000,9258000000,0.407,,9104000000,,,,,,,,,,,,true,false,6,2018-04-01,2018-09-30,0
2018-10-31,62920,2018-03-31,2,9011000000,0.143,,,,,409000000,0.345,379000000,0.839,,213000000,,30.18,,,,,,,,,,,,,,,,,,,,,,true,false,6,2017-04-01,2017-09-30,-1
2018-10-31,62920,2019-03-31,2,23000000000,0.131,,,,,2000000000,0.778,2000000000,0.943,,1450000000,,204.75,,,,,,,,,,,,,,,,,,,,,,true,true,12,2018-04-01,2019-03-31,0
2018-10-31,62920,2018-03-31,2,,,,,,,,,,,,,,,,,,,,22046000000,8665000000,0.386,,8516000000,,,,,,,,,,,,true,false,12,2017-04-01,2018-03-31,-1
2018-10-31,62920,2018-03-31,2,,,,,,,,,,,,,,,,,,,,,,,,,,,,,18.00,,,,7210000,128216,,false,false,12,2017-04-01,2018-03-31,-1
2018-10-31,62920,2019-03-31,2,,,,,,,,,,,,,,,,,,,,,,,,,,,,,14.00,,,,,,,false,false,12,2018-04-01,2019-03-31,0
2018-10-31,62920,2019-03-31,2,,,,,,,,,,,,,,,,,,,,,,,,,,,,,28.00,,,,,,,false,true,12,2018-04-01,2019-03-31,0
2018-10-31,62920,2019-03-31,2,,,,,,,,,,,,,,,,,,,,,,,,,,,,,,,,,7210000,128221,7081784,false,false,6,2018-04-01,2018-09-30,0
2018-10-31,62920,2018-03-31,2,,,,,,,,,,,,,,,,,,,,,,,,,,,,,,,,,,,7081784,false,false,6,2017-04-01,2017-09-30,-1
2019-01-31,62920,2019-03-31,3,18144000000,0.239,,,,,1877000000,1.205,1891000000,1.303,,1340000000,,189.33,,,,,,23594000000,9627000000,0.401,,9456000000,,,,,,,,,,,,true,false,9,2018-04-01,2018-12-31,0
2019-01-31,62920,2018-03-31,3,14641000000,0.262,,,,,851000000,0.861,821000000,0.991,,754000000,,106.61,,,,,,,,,,,,,,,,,,,,,,true,false,9,2017-04-01,2017-12-31,-1
2019-01-31,62920,2019-03-31,3,23000000000,0.131,,,,,2000000000,0.778,2000000000,0.943,,1450000000,,204.75,,,,,,,,,,,,,,,,,,,,,,true,true,12,2018-04-01,2019-03-31,0
2019-01-31,62920,2018-03-31,3,,,,,,,,,,,,,,,,,,,,22046000000,8665000000,0.386,,8516000000,,,,,,,,,,,,true,false,12,2017-04-01,2018-03-31,-1
2019-01-31,62920,2018-03-31,3,,,,,,,,,,,,,,,,,,,,,,,,,,,,,18.00,,,,7210000,128216,,false,false,12,2017-04-01,2018-03-31,-1
2019-01-31,62920,2019-03-31,3,,,,,,,,,,,,,,,,,,,,,,,,,,,,,14.00,,,,,,,false,false,12,2018-04-01,2019-03-31,0
2019-01-31,62920,2019-03-31,3,,,,,,,,,,,,,,,,,,,,,,,,,,,,,28.00,,,,,,,false,true,12,2018-04-01,2019-03-31,0
2019-01-31,62920,2019-03-31,3,,,,,,,,,,,,,,,,,,,,,,,,,,,,,,,,,7210000,128221,7081782,false,false,9,2018-04-01,2018-12-31,0
2019-01-31,62920,2018-03-31,3,,,,,,,,,,,,,,,,,,,,,,,,,,,,,,,,,,,7081784,false,false,9,2017-04-01,2017-12-31,-1
2019-04-26,62920,2019-03-31,,24576000000,0.069,,,,,2304000000,0.152,2323000000,0.162,,1676000000,,236.66,,,,,,,,,,,,,,,,,,,,,,true,true,12,2018-04-01,2019-03-31,0
2019-04-26,62920,2018-03-31,,20336000000,,,,,,1124000000,,1029000000,,,909000000,,128.44,,,,,,,,,,,,,,,,,,,,,,true,false,12,2017-04-01,2018-03-31,-1
2019-04-26,62920,2019-03-31,,11884000000,0.080,,,,,888000000,0.480,1109000000,0.584,720000000,,0.309,101.67,,,,,,,,,,,,,,,29.00,,,,,,,false,true,12,2018-04-01,2019-03-31,0
2019-04-26,62920,2018-03-31,,9801000000,,,,,,253000000,,321000000,,492000000,,,69.50,,,,,,,,,,,,,,,18.00,,,,,,,false,false,12,2017-04-01,2018-03-31,-1
2019-04-26,62920,2019-03-31,,,,,,,,,,,,,,,,,,,,,,,,,,,,,,14.00,,,,,,,false,false,12,2018-04-01,2019-03-31,0
2019-05-13,62920,2019-03-31,,24576000000,0.208,,,,,2304000000,1.049,2323000000,1.257,,1676000000,,236.70,,0.184,0.101,0.094,,23781000000,9854000000,0.407,1367.65,9685000000,694000000,-297000000,-206000000,4493000000,,0.123,,,,,,true,false,12,2018-04-01,2019-03-31,0
2019-05-13,62920,2018-03-31,,20336000000,0.221,,,,,1124000000,1.171,1029000000,1.311,,909000000,,128.44,,0.113,0.051,0.055,,22046000000,8665000000,0.386,1202.61,8516000000,-898000000,-348000000,1369000000,4391000000,,0.140,,,,,,true,false,12,2017-04-01,2018-03-31,-1
2019-05-13,62920,2020-03-31,,21000000000,-0.146,,,,,1700000000,-0.262,1650000000,-0.290,,1190000000,,168.04,,,,,,,,,,,,,,,,0.179,,,,,,true,true,12,2019-04-01,2020-03-31,1
2019-05-13,62920,2019-03-31,,11884000000,0.213,,,,,888000000,2.497,1109000000,2.453,720000000,,0.464,101.77,,,,,,13572000000,5935000000,0.437,838.11,5935000000,,,,,29.00,,,,7210000,128221,7081781,false,false,12,2018-04-01,2019-03-31,0
2019-05-13,62920,2018-03-31,,9801000000,0.191,,,,,253000000,0.125,321000000,-0.148,492000000,,0.255,69.50,,,,,,12855000000,5450000000,0.424,769.67,5450000000,,,,,18.00,,,,7210000,128216,7081784,false,false,12,2017-04-01,2018-03-31,-1
2019-05-13,62920,2020-03-31,,,,,,,,,,,,,,,,,,,,,,,,,,,,,,30.00,,,,,,,false,true,12,2019-04-01,2020-03-31,1
2019-07-31,62920,2020-03-31,1,5918000000,0.063,,,,,480000000,-0.149,472000000,-0.191,,229000000,,32.36,,,,,,23084000000,10090000000,0.429,,9905000000,,,,,,,,,,,,true,false,3,2019-04-01,2019-06-30,0
2019-07-31,62920,2019-03-31,1,5567000000,0.357,,,,,564000000,4.472,584000000,5.842,,406000000,,57.41,,,,,,,,,,,,,,,,,,,,,,true,false,3,2018-04-01,2018-06-30,-1
2019-07-31,62920,2020-03-31,1,21000000000,-0.146,,,,,1700000000,-0.262,1650000000,-0.290,,1190000000,,168.04,,,,,,,,,,,,,,,,,,,,,,true,true,12,2019-04-01,2020-03-31,0
2019-07-31,62920,2019-03-31,1,,,,,,,,,,,,,,,,,,,,23781000000,9854000000,0.407,,9685000000,,,,,,,,,,,,true,false,12,2018-04-01,2019-03-31,-1
2019-07-31,62920,2019-03-31,1,,,,,,,,,,,,,,,,,,,,,,,,,,,,,29.00,,,,7210000,128221,,false,false,12,2018-04-01,2019-03-31,-1
2019-07-31,62920,2020-03-31,1,,,,,,,,,,,,,,,,,,,,,,,,,,,,,30.00,,,,,,,false,true,12,2019-04-01,2020-03-31,0
2019-07-31,62920,2020-03-31,1,,,,,,,,,,,,,,,,,,,,,,,,,,,,,,,,,7210000,128221,7081779,false,false,3,2019-04-01,2019-06-30,0
2019-07-31,62920,2019-03-31,1,,,,,,,,,,,,,,,,,,,,,,,,,,,,,,,,,,,7081784,false,false,3,2018-04-01,2018-06-30,-1
2019-10-31,62920,2020-03-31,2,11325000000,-0.052,,,,,931000000,-0.212,912000000,-0.249,,587000000,,82.94,,,,,,23037000000,10286000000,0.438,,10093000000,,,,,,,,,,,,true,false,6,2019-04-01,2019-09-30,0
2019-10-31,62920,2019-03-31,2,11948000000,0.326,,,,,1182000000,1.887,1215000000,2.200,,870000000,,122.92,,,,,,,,,,,,,,,,,,,,,,true,false,6,2018-04-01,2018-09-30,-1
2019-10-31,62920,2020-03-31,2,21000000000,-0.146,,,,,1700000000,-0.262,1650000000,-0.290,,1190000000,,168.04,,,,,,,,,,,,,,,,,,,,,,true,true,12,2019-04-01,2020-03-31,0
2019-10-31,62920,2019-03-31,2,,,,,,,,,,,,,,,,,,,,23781000000,9854000000,0.407,,9685000000,,,,,,,,,,,,true,false,12,2018-04-01,2019-03-31,-1
2019-10-31,62920,2019-03-31,2,,,,,,,,,,,,,,,,,,,,,,,,,,,,,29.00,,,,7210000,128221,,false,false,12,2018-04-01,2019-03-31,-1
2019-10-31,62920,2020-03-31,2,,,,,,,,,,,,,,,,,,,,,,,,,,,,,15.00,,,,,,,false,false,12,2019-04-01,2020-03-31,0
2019-10-31,62920,2020-03-31,2,,,,,,,,,,,,,,,,,,,,,,,,,,,,,30.00,,,,,,,false,true,12,2019-04-01,2020-03-31,0
2019-10-31,62920,2020-03-31,2,,,,,,,,,,,,,,,,,,,,,,,,,,,,,,,,,7210000,128221,7081779,false,false,6,2019-04-01,2019-09-30,0
2019-10-31,62920,2019-03-31,2,,,,,,,,,,,,,,,,,,,,,,,,,,,,,,,,,,,7081784,false,false,6,2018-04-01,2018-09-30,-1
2020-01-31,62920,2020-03-31,3,16296000000,-0.102,,,,,1368000000,-0.271,1378000000,-0.271,,871000000,,123.11,,,,,,21990000000,10372000000,0.462,,10169000000,,,,,,,,,,,,true,false,9,2019-04-01,2019-12-31,0
2020-01-31,62920,2019-03-31,3,18144000000,0.239,,,,,1877000000,1.205,1891000000,1.303,,1340000000,,189.33,,,,,,,,,,,,,,,,,,,,,,true,false,9,2018-04-01,2018-12-31,-1
2020-01-31,62920,2020-03-31,3,21000000000,-0.146,,,,,1700000000,-0.262,1650000000,-0.290,,1190000000,,168.04,,,,,,,,,,,,,,,,,,,,,,true,true,12,2019-04-01,2020-03-31,0
2020-01-31,62920,2019-03-31,3,,,,,,,,,,,,,,,,,,,,23781000000,9854000000,0.407,,9685000000,,,,,,,,,,,,true,false,12,2018-04-01,2019-03-31,-1
2020-01-31,62920,2019-03-31,3,,,,,,,,,,,,,,,,,,,,,,,,,,,,,29.00,,,,7210000,128221,,false,false,12,2018-04-01,2019-03-31,-1
2020-01-31,62920,2020-03-31,3,,,,,,,,,,,,,,,,,,,,,,,,,,,,,15.00,,,,,,,false,false,12,2019-04-01,2020-03-31,0
2020-01-31,62920,2020-03-31,3,,,,,,,,,,,,,,,,,,,,,,,,,,,,,30.00,,,,,,,false,true,12,2019-04-01,2020-03-31,0
2020-01-31,62920,2020-03-31,3,,,,,,,,,,,,,,,,,,,,,,,,,,,,,,,,,7210000,128221,7081779,false,false,9,2019-04-01,2019-12-31,0
2020-01-31,62920,2019-03-31,3,,,,,,,,,,,,,,,,,,,,,,,,,,,,,,,,,,,7081782,false,false,9,2018-04-01,2018-12-31,-1
2020-05-11,62920,2020-03-31,,21197000000,-0.137,,,,,1593000000,-0.309,1639000000,-0.295,,1063000000,,150.19,,0.106,0.072,0.075,,21866000000,10675000000,0.479,1477.70,10464000000,1913000000,-215000000,-634000000,5599000000,,0.200,,,,,,true,false,12,2019-04-01,2020-03-31,0
2020-05-11,62920,2019-03-31,,24576000000,0.208,,,,,2304000000,1.049,2323000000,1.257,,1676000000,,236.70,,0.184,0.101,0.094,,23781000000,9854000000,0.407,1367.65,9685000000,694000000,-297000000,-206000000,4493000000,,0.123,,,,,,true,false,12,2018-04-01,2019-03-31,-1
2020-05-11,62920,2021-03-31,,20000000000,-0.057,,,,,1200000000,-0.247,1150000000,-0.298,,750000000,,105.91,,,,,,,,,,,,,,,,0.283,,,,,,true,true,12,2020-04-01,2021-03-31,1
2020-05-11,62920,2020-03-31,,10396000000,-0.125,,,,,783000000,-0.118,933000000,-0.158,704000000,,-0.023,99.43,,,,,,13095000000,6401000000,0.489,904.01,6401000000,,,,,30.00,,,,7210000,128221,7081779,false,false,12,2019-04-01,2020-03-31,0
2020-05-11,62920,2019-03-31,,11884000000,0.213,,,,,888000000,2.497,1109000000,2.453,720000000,,0.464,101.77,,,,,,13572000000,5935000000,0.437,838.11,5935000000,,,,,29.00,,,,7210000,128221,7081781,false,false,12,2018-04-01,2019-03-31,-1
2020-05-11,62920,2021-03-31,,,,,,,,,,,,,,,,,,,,,,,,,,,,,,30.00,,,,,,,false,true,12,2020-04-01,2021-03-31,1
2020-07-31,62920,2021-03-31,1,4333000000,-0.268,,,,,95000000,-0.802,64000000,-0.863,,-1000000,,-0.18,,,,,,21811000000,10449000000,0.470,,10256000000,,,,,,,,,,,,true,false,3,2020-04-01,2020-06-30,0
2020-07-31,62920,2020-03-31,1,5918000000,0.063,,,,,480000000,-0.149,472000000,-0.191,,229000000,,32.36,,,,,,,,,,,,,,,,,,,,,,true,false,3,2019-04-01,2019-06-30,-1
2020-07-31,62920,2021-03-31,1,20000000000,-0.057,,,,,1200000000,-0.247,1150000000,-0.298,,750000000,,105.91,,,,,,,,,,,,,,,,,,,,,,true,true,12,2020-04-01,2021-03-31,0
2020-07-31,62920,2020-03-31,1,,,,,,,,,,,,,,,,,,,,21866000000,10675000000,0.479,,10464000000,,,,,,,,,,,,true,false,12,2019-04-01,2020-03-31,-1
2020-07-31,62920,2020-03-31,1,,,,,,,,,,,,,,,,,,,,,,,,,,,,,30.00,,,,7210000,128221,,false,false,12,2019-04-01,2020-03-31,-1
2020-07-31,62920,2021-03-31,1,,,,,,,,,,,,,,,,,,,,,,,,,,,,,30.00,,,,,,,false,true,12,2020-04-01,2021-03-31,0
2020-07-31,62920,2021-03-31,1,,,,,,,,,,,,,,,,,,,,,,,,,,,,,,,,,7210000,128221,7081779,false,false,3,2020-04-01,2020-06-30,0
2020-07-31,62920,2020-03-31,1,,,,,,,,,,,,,,,,,,,,,,,,,,,,,,,,,,,7081779,false,false,3,2019-04-01,2019-06-30,-1
2020-10-30,62920,2021-03-31,2,8695000000,-0.232,,,,,299000000,-0.679,281000000,-0.692,,131000000,,18.66,,,,,,21536000000,10507000000,0.479,,10310000000,,,,,,,,,,,,true,false,6,2020-04-01,2020-09-30,0
2020-10-30,62920,2020-03-31,2,11325000000,-0.052,,,,,931000000,-0.212,912000000,-0.249,,587000000,,82.94,,,,,,,,,,,,,,,,,,,,,,true,false,6,2019-04-01,2019-09-30,-1
2020-10-30,62920,2021-03-31,2,15500000000,-0.269,,,,,-140000000,,-140000000,,,-340000000,,-48.74,,,,,,,,,,,,,,,,,,,,,,true,true,12,2020-04-01,2021-03-31,0
2020-10-30,62920,2020-03-31,2,,,,,,,,,,,,,,,,,,,,21866000000,10675000000,0.479,,10464000000,,,,,,,,,,,,true,false,12,2019-04-01,2020-03-31,-1
2020-10-30,62920,2020-03-31,2,,,,,,,,,,,,,,,,,,,,,,,,,,,,,30.00,,,,7210000,128221,,false,false,12,2019-04-01,2020-03-31,-1
2020-10-30,62920,2021-03-31,2,,,,,,,,,,,,,,,,,,,,,,,,,,,,,15.00,,,,,,,false,false,12,2020-04-01,2021-03-31,0
2020-10-30,62920,2021-03-31,2,,,,,,,,,,,,,,,,,,,,,,,,,,,,,30.00,,,,,,,false,true,12,2020-04-01,2021-03-31,0
2020-10-30,62920,2021-03-31,2,,,,,,,,,,,,,,,,,,,,,,,,,,,,,,,,,7210000,233849,7064563,false,false,6,2020-04-01,2020-09-30,0
2020-10-30,62920,2020-03-31,2,,,,,,,,,,,,,,,,,,,,,,,,,,,,,,,,,,,7081779,false,false,6,2019-04-01,2019-09-30,-1
2020-10-30,62920,2021-03-31,,15500000000,-0.225,,,,,-140000000,,-140000000,,,-340000000,,-48.74,,,,,,,,,,,,,,,,,,,,,,true,true,12,2020-04-01,2021-03-31,0
2020-10-30,62920,2020-03-31,,21197000000,,,,,,1593000000,,1639000000,,,1063000000,,150.19,,,,,,,,,,,,,,,,,,,,,,true,false,12,2019-04-01,2020-03-31,-1
2021-01-29,62920,2021-03-31,3,12729000000,-0.219,,,,,490000000,-0.642,489000000,-0.645,,250000000,,35.56,,,,,,21062000000,10560000000,0.492,,10372000000,,,,,,,,,,,,true,false,9,2020-04-01,2020-12-31,0
2021-01-29,62920,2020-03-31,3,16296000000,-0.102,,,,,1368000000,-0.271,1378000000,-0.271,,871000000,,123.11,,,,,,,,,,,,,,,,,,,,,,true,false,9,2019-04-01,2019-12-31,-1
2021-01-29,62920,2021-03-31,3,16000000000,-0.245,,,,,300000000,-0.812,290000000,-0.823,,10000000,,1.43,,,,,,,,,,,,,,,,,,,,,,true,true,12,2020-04-01,2021-03-31,0
2021-01-29,62920,2020-03-31,3,,,,,,,,,,,,,,,,,,,,21866000000,10675000000,0.479,,10464000000,,,,,,,,,,,,true,false,12,2019-04-01,2020-03-31,-1
2021-01-29,62920,2020-03-31,3,,,,,,,,,,,,,,,,,,,,,,,,,,,,,30.00,,,,7210000,128221,,false,false,12,2019-04-01,2020-03-31,-1
2021-01-29,62920,2021-03-31,3,,,,,,,,,,,,,,,,,,,,,,,,,,,,,15.00,,,,,,,false,false,12,2020-04-01,2021-03-31,0
2021-01-29,62920,2021-03-31,3,,,,,,,,,,,,,,,,,,,,,,,,,,,,,30.00,,,,,,,false,true,12,2020-04-01,2021-03-31,0
2021-01-29,62920,2021-03-31,3,,,,,,,,,,,,,,,,,,,,,,,,,,,,,,,,,7210000,233849,7034985,false,false,9,2020-04-01,2020-12-31,0
2021-01-29,62920,2020-03-31,3,,,,,,,,,,,,,,,,,,,,,,,,,,,,,,,,,,,7081779,false,false,9,2019-04-01,2019-12-31,-1
2021-01-29,62920,2021-03-31,,16000000000,0.032,,,,,300000000,,290000000,,,10000000,,1.43,,,,,,,,,,,,,,,,,,,,,,true,true,12,2020-04-01,2021-03-31,0
2021-01-29,62920,2020-03-31,,21197000000,,,,,,1593000000,,1639000000,,,1063000000,,150.19,,,,,,,,,,,,,,,,,,,,,,true,false,12,2019-04-01,2020-03-31,-1
2021-04-28,62920,2021-03-31,,16787000000,0.049,,,,,506000000,0.687,597000000,1.059,,296000000,,42.24,,,,,,,,,,,,,,,,,,,,,,true,true,12,2020-04-01,2021-03-31,0
2021-04-28,62920,2020-03-31,,21197000000,,,,,,1593000000,,1639000000,,,1063000000,,150.19,,,,,,,,,,,,,,,,,,,,,,true,false,12,2019-04-01,2020-03-31,-1
2021-05-11,62920,2021-03-31,,16787000000,-0.208,,,,,506000000,-0.682,597000000,-0.636,,296000000,,42.24,,0.028,0.028,0.030,,20911000000,10621000000,0.499,1494.79,10427000000,1874000000,-159000000,-589000000,6630000000,,0.710,,,,,,true,false,12,2020-04-01,2021-03-31,0
2021-05-11,62920,2020-03-31,,21197000000,-0.137,,,,,1593000000,-0.309,1639000000,-0.295,,1063000000,,150.19,,0.106,0.072,0.075,,21866000000,10675000000,0.479,1477.70,10464000000,1913000000,-215000000,-634000000,5599000000,,0.200,,,,,,true,false,12,2019-04-01,2020-03-31,-1
2021-05-11,62920,2022-03-31,,18700000000,0.114,,,,,830000000,0.640,780000000,0.306,,510000000,,73.11,,,,,,,,,,,,,,,,0.410,,,,,,true,true,12,2021-04-01,2022-03-31,1
2021-05-11,62920,2021-03-31,,8519000000,-0.180,,,,,395000000,-0.495,436000000,-0.532,280000000,,-0.602,39.92,,,,,,12314000000,6421000000,0.521,920.50,6421000000,,,,,30.00,,,,7210000,233849,7020478,false,false,12,2020-04-01,2021-03-31,0
2021-05-11,62920,2020-03-31,,10396000000,-0.125,,,,,783000000,-0.118,933000000,-0.158,704000000,,-0.023,99.43,,,,,,13095000000,6401000000,0.489,904.01,6401000000,,,,,30.00,,,,7210000,128221,7081779,false,false,12,2019-04-01,2020-03-31,-1
2021-05-11,62920,2022-03-31,,,,,,,,,,,,,,,,,,,,,,,,,,,,,,30.00,,,,,,,false,true,12,2021-04-01,2022-03-31,1
2021-07-30,62920,2022-03-31,1,4111000000,-0.051,,,,,190000000,1.010,212000000,2.289,,130000000,,18.66,,,,,,21104000000,10896000000,0.507,,10693000000,,,,,,,,,,,,true,false,3,2021-04-01,2021-06-30,0
2021-07-30,62920,2021-03-31,1,4333000000,-0.268,,,,,95000000,-0.802,64000000,-0.863,,-1000000,,-0.18,,,,,,,,,,,,,,,,,,,,,,true,false,3,2020-04-01,2020-06-30,-1
2021-07-30,62920,2022-03-31,1,18700000000,0.114,,,,,830000000,0.640,780000000,0.306,,510000000,,73.11,,,,,,,,,,,,,,,,,,,,,,true,true,12,2021-04-01,2022-03-31,0
2021-07-30,62920,2021-03-31,1,,,,,,,,,,,,,,,,,,,,20911000000,10621000000,0.499,,10427000000,,,,,,,,,,,,true,false,12,2020-04-01,2021-03-31,-1
2021-07-30,62920,2021-03-31,1,,,,,,,,,,,,,,,,,,,,,,,,,,,,,30.00,,,,7210000,233849,,false,false,12,2020-04-01,2021-03-31,-1
2021-07-30,62920,2022-03-31,1,,,,,,,,,,,,,,,,,,,,,,,,,,,,,30.00,,,,,,,false,true,12,2021-04-01,2022-03-31,0
2021-07-30,62920,2022-03-31,1,,,,,,,,,,,,,,,,,,,,,,,,,,,,,,,,,7210000,233849,6976151,false,false,3,2021-04-01,2021-06-30,0
2021-07-30,62920,2021-03-31,1,,,,,,,,,,,,,,,,,,,,,,,,,,,,,,,,,,,7081779,false,false,3,2020-04-01,2020-06-30,-1
2021-10-29,62920,2022-03-31,2,8450000000,-0.028,,,,,289000000,-0.033,314000000,0.117,,159000000,,22.83,,,,,,20804000000,10973000000,0.518,,10775000000,,,,,,,,,,,,true,false,6,2021-04-01,2021-09-30,0
2021-10-29,62920,2021-03-31,2,8695000000,-0.232,,,,,299000000,-0.679,281000000,-0.692,,131000000,,18.66,,,,,,,,,,,,,,,,,,,,,,true,false,6,2020-04-01,2020-09-30,-1
2021-10-29,62920,2022-03-31,2,18700000000,0.114,,,,,830000000,0.640,780000000,0.306,,510000000,,73.11,,,,,,,,,,,,,,,,,,,,,,true,true,12,2021-04-01,2022-03-31,0
2021-10-29,62920,2021-03-31,2,,,,,,,,,,,,,,,,,,,,20911000000,10621000000,0.499,,10427000000,,,,,,,,,,,,true,false,12,2020-04-01,2021-03-31,-1
2021-10-29,62920,2021-03-31,2,,,,,,,,,,,,,,,,,,,,,,,,,,,,,30.00,,,,7210000,233849,,false,false,12,2020-04-01,2021-03-31,-1
2021-10-29,62920,2022-03-31,2,,,,,,,,,,,,,,,,,,,,,,,,,,,,,15.00,,,,,,,false,false,12,2021-04-01,2022-03-31,0
2021-10-29,62920,2022-03-31,2,,,,,,,,,,,,,,,,,,,,,,,,,,,,,30.00,,,,,,,false,true,12,2021-04-01,2022-03-31,0
2021-10-29,62920,2022-03-31,2,,,,,,,,,,,,,,,,,,,,,,,,,,,,,,,,,7210000,233849,6976151,false,false,6,2021-04-01,2021-09-30,0
2021-10-29,62920,2021-03-31,2,,,,,,,,,,,,,,,,,,,,,,,,,,,,,,,,,,,7064563,false,false,6,2020-04-01,2020-09-30,-1
2022-01-31,62920,2022-03-31,3,13203000000,0.037,,,,,557000000,0.138,624000000,0.277,,381000000,,54.66,,,,,,21000000000,11052000000,0.517,,10861000000,,,,,,,,,,,,true,false,9,2021-04-01,2021-12-31,0
2022-01-31,62920,2021-03-31,3,12729000000,-0.219,,,,,490000000,-0.642,489000000,-0.645,,250000000,,35.56,,,,,,,,,,,,,,,,,,,,,,true,false,9,2020-04-01,2020-12-31,-1
2022-01-31,62920,2022-03-31,3,18700000000,0.114,,,,,830000000,0.640,780000000,0.306,,510000000,,73.11,,,,,,,,,,,,,,,,,,,,,,true,true,12,2021-04-01,2022-03-31,0
2022-01-31,62920,2021-03-31,3,,,,,,,,,,,,,,,,,,,,20911000000,10621000000,0.499,,10427000000,,,,,,,,,,,,true,false,12,2020-04-01,2021-03-31,-1
2022-01-31,62920,2021-03-31,3,,,,,,,,,,,,,,,,,,,,,,,,,,,,,30.00,,,,7210000,233849,,false,false,12,2020-04-01,2021-03-31,-1
2022-01-31,62920,2022-03-31,3,,,,,,,,,,,,,,,,,,,,,,,,,,,,,15.00,,,,,,,false,false,12,2021-04-01,2022-03-31,0
2022-01-31,62920,2022-03-31,3,,,,,,,,,,,,,,,,,,,,,,,,,,,,,30.00,,,,,,,false,true,12,2021-04-01,2022-03-31,0
2022-01-31,62920,2022-03-31,3,,,,,,,,,,,,,,,,,,,,,,,,,,,,,,,,,7210000,233849,6976151,false,false,9,2021-04-01,2021-12-31,0
2022-01-31,62920,2021-03-31,3,,,,,,,,,,,,,,,,,,,,,,,,,,,,,,,,,,,7034985,false,false,9,2020-04-01,2020-12-31,-1
2022-05-11,62920,2022-03-31,,18383000000,0.095,,,,,760000000,0.503,903000000,0.514,,540000000,,77.52,,0.050,0.042,0.041,,22036000000,11322000000,0.505,1594.60,11124000000,1604000000,-416000000,-1227000000,6711000000,,0.387,,,,,,true,false,12,2021-04-01,2022-03-31,0
2022-05-11,62920,2021-03-31,,16787000000,-0.208,,,,,506000000,-0.682,597000000,-0.636,,296000000,,42.24,,0.028,0.028,0.030,,20911000000,10621000000,0.499,1494.79,10427000000,1874000000,-159000000,-589000000,6630000000,,0.710,,,,,,true,false,12,2020-04-01,2021-03-31,-1
2022-05-11,62920,2023-03-31,,23000000000,0.251,,,,,1520000000,0.998,1470000000,0.627,,1000000000,,143.35,,,,,,,,,,,,,,,,0.286,,,,,,true,true,12,2022-04-01,2023-03-31,1
2022-05-11,62920,2022-03-31,,7681000000,-0.098,,,,,71000000,-0.818,464000000,0.065,354000000,,0.264,50.77,,,,,,12512000000,6559000000,0.524,940.29,6559000000,,,,,30.00,,,,7210000,233849,6976151,false,false,12,2021-04-01,2022-03-31,0
2022-05-11,62920,2021-03-31,,8519000000,-0.180,,,,,395000000,-0.495,436000000,-0.532,280000000,,-0.602,39.92,,,,,,12314000000,6421000000,0.521,920.50,6421000000,,,,,30.00,,,,7210000,233849,7020478,false,false,12,2020-04-01,2021-03-31,-1
2022-05-11,62920,2023-03-31,,,,,,,,,,,,,,,,,,,,,,,,,,,,,,41.00,,,,,,,false,true,12,2022-04-01,2023-03-31,1
2022-07-29,62920,2023-03-31,1,3818000000,-0.071,,,,,-16000000,,137000000,-0.353,,68000000,,9.82,,,,,,21992000000,11475000000,0.512,,11263000000,,,,,,,,,,,,true,false,3,2022-04-01,2022-06-30,0
2022-07-29,62920,2022-03-31,1,4111000000,-0.051,,,,,190000000,1.010,212000000,2.289,,130000000,,18.66,,,,,,,,,,,,,,,,,,,,,,true,false,3,2021-04-01,2021-06-30,-1
2022-07-29,62920,2023-03-31,1,23000000000,0.251,,,,,1520000000,0.998,1470000000,0.627,,1000000000,,143.35,,,,,,,,,,,,,,,,,,,,,,true,true,12,2022-04-01,2023-03-31,0
2022-07-29,62920,2022-03-31,1,,,,,,,,,,,,,,,,,,,,22036000000,11322000000,0.505,,11124000000,,,,,,,,,,,,true,false,12,2021-04-01,2022-03-31,-1
2022-07-29,62920,2022-03-31,1,,,,,,,,,,,,,,,,,,,,,,,,,,,,,30.00,,,,7210000,233849,,false,false,12,2021-04-01,2022-03-31,-1
2022-07-29,62920,2023-03-31,1,,,,,,,,,,,,,,,,,,,,,,,,,,,,,41.00,,,,,,,false,true,12,2022-04-01,2023-03-31,0
2022-07-29,62920,2023-03-31,1,,,,,,,,,,,,,,,,,,,,,,,,,,,,,,,,,7210000,233302,6976193,false,false,3,2022-04-01,2022-06-30,0
2022-07-29,62920,2022-03-31,1,,,,,,,,,,,,,,,,,,,,,,,,,,,,,,,,,,,6976151,false,false,3,2021-04-01,2021-06-30,-1
2022-10-31,62920,2023-03-31,2,7843000000,-0.072,,,,,-38000000,,185000000,-0.411,,-31000000,,-4.52,,,,,,23259000000,11705000000,0.494,,11489000000,,,,,,,,,,,,true,false,6,2022-04-01,2022-09-30,0
2022-10-31,62920,2022-03-31,2,8450000000,-0.028,,,,,289000000,-0.033,314000000,0.117,,159000000,,22.83,,,,,,,,,,,,,,,,,,,,,,true,false,6,2021-04-01,2021-09-30,-1
2022-10-31,62920,2023-03-31,2,19600000000,0.066,,,,,790000000,0.039,1000000000,0.107,,570000000,,81.70,,,,,,,,,,,,,,,,,,,,,,true,true,12,2022-04-01,2023-03-31,0
2022-10-31,62920,2022-03-31,2,,,,,,,,,,,,,,,,,,,,22036000000,11322000000,0.505,,11124000000,,,,,,,,,,,,true,false,12,2021-04-01,2022-03-31,-1
2022-10-31,62920,2022-03-31,2,,,,,,,,,,,,,,,,,,,,,,,,,,,,,30.00,,,,7210000,233849,,false,false,12,2021-04-01,2022-03-31,-1
2022-10-31,62920,2023-03-31,2,,,,,,,,,,,,,,,,,,,,,,,,,,,,,20.50,,,,,,,false,false,12,2022-04-01,2023-03-31,0
2022-10-31,62920,2023-03-31,2,,,,,,,,,,,,,,,,,,,,,,,,,,,,,41.00,,,,,,,false,true,12,2022-04-01,2023-03-31,0
2022-10-31,62920,2023-03-31,2,,,,,,,,,,,,,,,,,,,,,,,,,,,,,,,,,7210000,231502,6977165,false,false,6,2022-04-01,2022-09-30,0
2022-10-31,62920,2022-03-31,2,,,,,,,,,,,,,,,,,,,,,,,,,,,,,,,,,,,6976151,false,false,6,2021-04-01,2021-09-30,-1
2022-10-31,62920,2023-03-31,,19600000000,-0.148,,,,,790000000,-0.480,1000000000,-0.320,,570000000,,81.70,,,,,,,,,,,,,,,,,,,,,,true,true,12,2022-04-01,2023-03-31,0
2022-10-31,62920,2022-03-31,,18383000000,,,,,,760000000,,903000000,,,540000000,,77.52,,,,,,,,,,,,,,,,,,,,,,true,false,12,2021-04-01,2022-03-31,-1
2023-01-31,62920,2023-03-31,3,13380000000,0.013,,,,,307000000,-0.448,427000000,-0.316,,150000000,,21.52,,,,,,24596000000,11914000000,0.476,,11701000000,,,,,,,,,,,,true,false,9,2022-04-01,2022-12-31,0
2023-01-31,62920,2022-03-31,3,13203000000,0.037,,,,,557000000,0.138,624000000,0.277,,381000000,,54.66,,,,,,,,,,,,,,,,,,,,,,true,false,9,2021-04-01,2021-12-31,-1
2023-01-31,62920,2023-03-31,3,19600000000,0.066,,,,,790000000,0.039,1000000000,0.107,,570000000,,81.70,,,,,,,,,,,,,,,,,,,,,,true,true,12,2022-04-01,2023-03-31,0
2023-01-31,62920,2022-03-31,3,,,,,,,,,,,,,,,,,,,,22036000000,11322000000,0.505,,11124000000,,,,,,,,,,,,true,false,12,2021-04-01,2022-03-31,-1
2023-01-31,62920,2022-03-31,3,,,,,,,,,,,,,,,,,,,,,,,,,,,,,30.00,,,,7210000,233849,,false,false,12,2021-04-01,2022-03-31,-1
2023-01-31,62920,2023-03-31,3,,,,,,,,,,,,,,,,,,,,,,,,,,,,,20.50,,,,,,,false,false,12,2022-04-01,2023-03-31,0
2023-01-31,62920,2023-03-31,3,,,,,,,,,,,,,,,,,,,,,,,,,,,,,41.00,,,,,,,false,true,12,2022-04-01,2023-03-31,0
2023-01-31,62920,2023-03-31,3,,,,,,,,,,,,,,,,,,,,,,,,,,,,,,,,,7210000,231502,6977611,false,false,9,2022-04-01,2022-12-31,0
2023-01-31,62920,2022-03-31,3,,,,,,,,,,,,,,,,,,,,,,,,,,,,,,,,,,,6976151,false,false,9,2021-04-01,2021-12-31,-1
2023-04-28,62920,2023-03-31,,18826000000,-0.039,,,,,638000000,-0.192,813000000,-0.187,,351000000,,50.35,,,,,,,,,,,,,,,,,,,,,,true,true,12,2022-04-01,2023-03-31,0
2023-04-28,62920,2022-03-31,,18383000000,,,,,,760000000,,903000000,,,540000000,,77.52,,,,,,,,,,,,,,,,,,,,,,true,false,12,2021-04-01,2022-03-31,-1
2023-05-11,62920,2023-03-31,,18826000000,0.024,,,,,638000000,-0.160,813000000,-0.100,,351000000,,50.34,,0.031,0.034,0.034,,25171000000,11760000000,0.458,1653.58,11539000000,554000000,-1030000000,760000000,7086000000,,0.814,,,,,,true,false,12,2022-04-01,2023-03-31,0
2023-05-11,62920,2022-03-31,,18383000000,0.095,,,,,760000000,0.503,903000000,0.514,,540000000,,77.52,,0.050,0.042,0.041,,22036000000,11322000000,0.505,1594.60,11124000000,1604000000,-416000000,-1227000000,6711000000,,0.387,,,,,,true,false,12,2021-04-01,2022-03-31,-1
2023-05-11,62920,2024-03-31,,24200000000,0.285,,,,,1280000000,1.004,1250000000,0.536,,930000000,,133.27,,,,,,,,,,,,,,,,0.308,,,,,,true,true,12,2023-04-01,2024-03-31,1
2023-05-11,62920,2023-03-31,,7966000000,0.037,,,,,31000000,-0.557,318000000,-0.314,168000000,,-0.524,24.14,,,,,,13531000000,6498000000,0.480,931.20,6498000000,,,,,41.00,,,,7210000,231502,6977830,false,false,12,2022-04-01,2023-03-31,0
2023-05-11,62920,2022-03-31,,7681000000,-0.098,,,,,71000000,-0.818,464000000,0.065,354000000,,0.264,50.77,,,,,,12512000000,6559000000,0.524,940.29,6559000000,,,,,30.00,,,,7210000,233849,6976151,false,false,12,2021-04-01,2022-03-31,-1
2023-05-11,62920,2024-03-31,,,,,,,,,,,,,,,,,,,,,,,,,,,,,,41.00,,,,,,,false,true,12,2023-04-01,2024-03-31,1
2023-07-31,62920,2024-03-31,1,5198000000,0.362,,,,,15000000,,55000000,-0.595,,-9000000,,-1.42,,,,,,25998000000,11654000000,0.440,,11429000000,,,,,,,,,,,,true,false,3,2023-04-01,2023-06-30,0
2023-07-31,62920,2023-03-31,1,3818000000,-0.071,,,,,-16000000,,137000000,-0.353,,68000000,,9.82,,,,,,,,,,,,,,,,,,,,,,true,false,3,2022-04-01,2022-06-30,-1
2023-07-31,62920,2024-03-31,1,24200000000,0.285,,,,,1280000000,1.004,1250000000,0.536,,930000000,,133.27,,,,,,,,,,,,,,,,,,,,,,true,true,12,2023-04-01,2024-03-31,0
2023-07-31,62920,2023-03-31,1,,,,,,,,,,,,,,,,,,,,25171000000,11760000000,0.458,,11539000000,,,,,,,,,,,,true,false,12,2022-04-01,2023-03-31,-1
2023-07-31,62920,2023-03-31,1,,,,,,,,,,,,,,,,,,,,,,,,,,,,,41.00,,,,7210000,231502,,false,false,12,2022-04-01,2023-03-31,-1
2023-07-31,62920,2024-03-31,1,,,,,,,,,,,,,,,,,,,,,,,,,,,,,41.00,,,,,,,false,true,12,2023-04-01,2024-03-31,0
2023-07-31,62920,2024-03-31,1,,,,,,,,,,,,,,,,,,,,,,,,,,,,,,,,,7210000,230967,6978516,false,false,3,2023-04-01,2023-06-30,0
2023-07-31,62920,2023-03-31,1,,,,,,,,,,,,,,,,,,,,,,,,,,,,,,,,,,,6976193,false,false,3,2022-04-01,2022-06-30,-1
2023-10-31,62920,2024-03-31,2,12374000000,0.578,,,,,664000000,,771000000,3.170,,526000000,,75.44,,,,,,26393000000,12385000000,0.460,,12149000000,,,,,,,,,,,,true,false,6,2023-04-01,2023-09-30,0
2023-10-31,62920,2023-03-31,2,7843000000,-0.072,,,,,-38000000,,185000000,-0.411,,-31000000,,-4.52,,,,,,,,,,,,,,,,,,,,,,true,false,6,2022-04-01,2022-09-30,-1
2023-10-31,62920,2024-03-31,2,24200000000,0.285,,,,,1280000000,1.004,1250000000,0.536,,930000000,,133.27,,,,,,,,,,,,,,,,,,,,,,true,true,12,2023-04-01,2024-03-31,0
2023-10-31,62920,2023-03-31,2,,,,,,,,,,,,,,,,,,,,25171000000,11760000000,0.458,,11539000000,,,,,,,,,,,,true,false,12,2022-04-01,2023-03-31,-1
2023-10-31,62920,2023-03-31,2,,,,,,,,,,,,,,,,,,,,,,,,,,,,,41.00,,,,7210000,231502,,false,false,12,2022-04-01,2023-03-31,-1
2023-10-31,62920,2024-03-31,2,,,,,,,,,,,,,,,,,,,,,,,,,,,,,20.50,,,,,,,false,false,12,2023-04-01,2024-03-31,0
2023-10-31,62920,2024-03-31,2,,,,,,,,,,,,,,,,,,,,,,,,,,,,,41.00,,,,,,,false,true,12,2023-04-01,2024-03-31,0
2023-10-31,62920,2024-03-31,2,,,,,,,,,,,,,,,,,,,,,,,,,,,,,,,,,7210000,228967,6979574,false,false,6,2023-04-01,2023-09-30,0
2023-10-31,62920,2023-03-31,2,,,,,,,,,,,,,,,,,,,,,,,,,,,,,,,,,,,6977165,false,false,6,2022-04-01,2022-09-30,-1
2024-01-31,62920,2024-03-31,3,18191000000,0.360,,,,,812000000,1.640,867000000,1.031,,568000000,,81.48,,,,,,26873000000,12453000000,0.455,,12218000000,,,,,,,,,,,,true,false,9,2023-04-01,2023-12-31,0
2024-01-31,62920,2023-03-31,3,13380000000,0.013,,,,,307000000,-0.448,427000000,-0.316,,150000000,,21.52,,,,,,,,,,,,,,,,,,,,,,true,false,9,2022-04-01,2022-12-31,-1
2024-01-31,62920,2024-03-31,3,24200000000,0.285,,,,,1280000000,1.004,1250000000,0.536,,930000000,,133.27,,,,,,,,,,,,,,,,,,,,,,true,true,12,2023-04-01,2024-03-31,0
2024-01-31,62920,2023-03-31,3,,,,,,,,,,,,,,,,,,,,25171000000,11760000000,0.458,,11539000000,,,,,,,,,,,,true,false,12,2022-04-01,2023-03-31,-1
2024-01-31,62920,2023-03-31,3,,,,,,,,,,,,,,,,,,,,,,,,,,,,,41.00,,,,7210000,231502,,false,false,12,2022-04-01,2023-03-31,-1
2024-01-31,62920,2024-03-31,3,,,,,,,,,,,,,,,,,,,,,,,,,,,,,20.50,,,,,,,false,false,12,2023-04-01,2024-03-31,0
2024-01-31,62920,2024-03-31,3,,,,,,,,,,,,,,,,,,,,,,,,,,,,,41.00,,,,,,,false,true,12,2023-04-01,2024-03-31,0
2024-01-31,62920,2024-03-31,3,,,,,,,,,,,,,,,,,,,,,,,,,,,,,,,,,7210000,228967,6980062,false,false,9,2023-04-01,2023-12-31,0
2024-01-31,62920,2023-03-31,3,,,,,,,,,,,,,,,,,,,,,,,,,,,,,,,,,,,6977611,false,false,9,2022-04-01,2022-12-31,-1
2024-05-10,62920,2024-03-31,,24494000000,0.301,,,,,1249000000,0.956,1414000000,0.739,,929000000,,133.10,,0.078,0.054,0.051,,26741000000,12642000000,0.464,1777.84,12411000000,-139000000,-653000000,738000000,7040000000,,0.308,,,,,,true,false,12,2023-04-01,2024-03-31,0
2024-05-10,62920,2023-03-31,,18826000000,0.024,,,,,638000000,-0.160,813000000,-0.100,,351000000,,50.34,,0.031,0.034,0.034,,25171000000,11760000000,0.458,1653.58,11539000000,554000000,-1030000000,760000000,7086000000,,0.814,,,,,,true,false,12,2022-04-01,2023-03-31,-1
2024-05-10,62920,2025-03-31,,22100000000,-0.098,,,,,650000000,-0.480,660000000,-0.533,,400000000,,57.30,,,,,,,,,,,,,,,,0.716,,,,,,true,true,12,2024-04-01,2025-03-31,1
2024-05-10,62920,2024-03-31,,9154000000,0.149,,,,,121000000,2.802,368000000,0.156,245000000,,0.458,35.17,,,,,,14251000000,6552000000,0.460,938.55,6552000000,,,,,41.00,,,,7210000,228967,6980303,false,false,12,2023-04-01,2024-03-31,0
2024-05-10,62920,2023-03-31,,7966000000,0.037,,,,,31000000,-0.557,318000000,-0.314,168000000,,-0.524,24.14,,,,,,13531000000,6498000000,0.480,931.20,6498000000,,,,,41.00,,,,7210000,231502,6977830,false,false,12,2022-04-01,2023-03-31,-1
2024-05-10,62920,2025-03-31,,,,,,,,,,,,,,,,,,,,,,,,,,,,,,41.00,,,,,,,false,true,12,2024-04-01,2025-03-31,1
2024-07-31,62920,2025-03-31,1,4752000000,-0.086,,,,,124000000,7.057,249000000,3.476,,145000000,,20.85,,,,,,25796000000,12819000000,0.488,,12586000000,,,,,,,,,,,,true,false,3,2024-04-01,2024-06-30,0
2024-07-31,62920,2024-03-31,1,5198000000,0.362,,,,,15000000,,55000000,-0.595,,-9000000,,-1.42,,,,,,,,,,,,,,,,,,,,,,true,false,3,2023-04-01,2023-06-30,-1
2024-07-31,62920,2025-03-31,1,22100000000,-0.098,,,,,650000000,-0.480,660000000,-0.533,,400000000,,57.30,,,,,,,,,,,,,,,,,,,,,,true,true,12,2024-04-01,2025-03-31,0
2024-07-31,62920,2024-03-31,1,,,,,,,,,,,,,,,,,,,,26741000000,12642000000,0.464,,12411000000,,,,,,,,,,,,true,false,12,2023-04-01,2024-03-31,-1
2024-07-31,62920,2024-03-31,1,,,,,,,,,,,,,,,,,,,,,,,,,,,,,41.00,,,,7210000,228967,,false,false,12,2023-04-01,2024-03-31,-1
2024-07-31,62920,2025-03-31,1,,,,,,,,,,,,,,,,,,,,,,,,,,,,,41.00,,,,,,,false,true,12,2024-04-01,2025-03-31,0
2024-07-31,62920,2025-03-31,1,,,,,,,,,,,,,,,,,,,,,,,,,,,,,,,,,7210000,228967,6981033,false,false,3,2024-04-01,2024-06-30,0
2024-07-31,62920,2024-03-31,1,,,,,,,,,,,,,,,,,,,,,,,,,,,,,,,,,,,6978516,false,false,3,2023-04-01,2023-06-30,-1
2024-10-31,62920,2025-03-31,2,9917000000,-0.199,,,,,286000000,-0.569,289000000,-0.625,,139000000,,20.03,,,,,,25414000000,13213000000,0.510,,12965000000,,,,,,,,,,,,true,false,6,2024-04-01,2024-09-30,0
2024-10-31,62920,2024-03-31,2,12374000000,0.578,,,,,664000000,,771000000,3.170,,526000000,,75.44,,,,,,,,,,,,,,,,,,,,,,true,false,6,2023-04-01,2023-09-30,-1
2024-10-31,62920,2025-03-31,2,22100000000,-0.098,,,,,650000000,-0.480,660000000,-0.533,,400000000,,57.30,,,,,,,,,,,,,,,,,,,,,,true,true,12,2024-04-01,2025-03-31,0
2024-10-31,62920,2024-03-31,2,,,,,,,,,,,,,,,,,,,,26741000000,12642000000,0.464,,12411000000,,,,,,,,,,,,true,false,12,2023-04-01,2024-03-31,-1
2024-10-31,62920,2024-03-31,2,,,,,,,,,,,,,,,,,,,,,,,,,,,,,41.00,,,,7210000,228967,,false,false,12,2023-04-01,2024-03-31,-1
2024-10-31,62920,2025-03-31,2,,,,,,,,,,,,,,,,,,,,,,,,,,,,,20.50,,,,,,,false,false,12,2024-04-01,2025-03-31,0
2024-10-31,62920,2025-03-31,2,,,,,,,,,,,,,,,,,,,,,,,,,,,,,41.00,,,,,,,false,true,12,2024-04-01,2025-03-31,0
2024-10-31,62920,2025-03-31,2,,,,,,,,,,,,,,,,,,,,,,,,,,,,,,,,,7210000,228967,6981033,false,false,6,2024-04-01,2024-09-30,0
2024-10-31,62920,2024-03-31,2,,,,,,,,,,,,,,,,,,,,,,,,,,,,,,,,,,,6979574,false,false,6,2023-04-01,2023-09-30,-1
2025-01-31,62920,2025-03-31,3,14825000000,-0.185,,,,,622000000,-0.234,667000000,-0.231,,397000000,,56.91,,,,,,24759000000,12938000000,0.512,,12685000000,,,,,,,,,,,,true,false,9,2024-04-01,2024-12-31,0
2025-01-31,62920,2024-03-31,3,18191000000,0.360,,,,,812000000,1.640,867000000,1.031,,568000000,,81.48,,,,,,,,,,,,,,,,,,,,,,true,false,9,2023-04-01,2023-12-31,-1
2025-01-31,62920,2025-03-31,3,22100000000,-0.098,,,,,650000000,-0.480,660000000,-0.533,,400000000,,57.30,,,,,,,,,,,,,,,,,,,,,,true,true,12,2024-04-01,2025-03-31,0
2025-01-31,62920,2024-03-31,3,,,,,,,,,,,,,,,,,,,,26741000000,12642000000,0.464,,12411000000,,,,,,,,,,,,true,false,12,2023-04-01,2024-03-31,-1
2025-01-31,62920,2024-03-31,3,,,,,,,,,,,,,,,,,,,,,,,,,,,,,41.00,,,,7210000,228967,,false,false,12,2023-04-01,2024-03-31,-1
2025-01-31,62920,2025-03-31,3,,,,,,,,,,,,,,,,,,,,,,,,,,,,,20.50,,,,,,,false,false,12,2024-04-01,2025-03-31,0
2025-01-31,62920,2025-03-31,3,,,,,,,,,,,,,,,,,,,,,,,,,,,,,41.00,,,,,,,false,true,12,2024-04-01,2025-03-31,0
2025-01-31,62920,2025-03-31,3,,,,,,,,,,,,,,,,,,,,,,,,,,,,,,,,,7210000,228967,6981033,false,false,9,2024-04-01,2024-12-31,0
2025-01-31,62920,2024-03-31,3,,,,,,,,,,,,,,,,,,,,,,,,,,,,,,,,,,,6980062,false,false,9,2023-04-01,2023-12-31,-1
2025-04-30,62920,2025-03-31,,20766000000,-0.060,,,,,984000000,0.515,1033000000,0.566,,576000000,,82.53,,,,,,,,,,,,,,,,,,,,,,true,true,12,2024-04-01,2025-03-31,0
2025-04-30,62920,2024-03-31,,24494000000,,,,,,1249000000,,1414000000,,,929000000,,133.10,,,,,,,,,,,,,,,,,,,,,,true,false,12,2023-04-01,2024-03-31,-1
2025-05-12,62920,2025-03-31,,20766000000,-0.152,,,,,984000000,-0.212,1033000000,-0.269,,576000000,,82.53,,0.045,0.040,0.047,,25304000000,13480000000,0.522,1893.21,13216000000,1122000000,-455000000,-1221000000,6770000000,,0.497,,,,,,true,false,12,2024-04-01,2025-03-31,0
2025-05-12,62920,2024-03-31,,24494000000,0.301,,,,,1249000000,0.956,1414000000,0.739,,929000000,,133.10,,0.078,0.054,0.051,,26741000000,12642000000,0.464,1777.84,12411000000,-139000000,-653000000,738000000,7040000000,,0.308,,,,,,true,false,12,2023-04-01,2024-03-31,-1
2025-05-12,62920,2026-03-31,,18600000000,-0.104,,,,,420000000,-0.573,410000000,-0.603,,190000000,,27.22,,,,,,,,,,,,,,,,1.396,,,,,,true,true,12,2025-04-01,2026-03-31,1
2025-05-12,62920,2025-03-31,,9331000000,0.019,,,,,455000000,2.761,806000000,1.190,639000000,,1.604,91.57,,,,,,13217000000,6904000000,0.522,989.09,6904000000,,,,,41.00,,,,7210000,228967,6981033,false,false,12,2024-04-01,2025-03-31,0
2025-05-12,62920,2024-03-31,,9154000000,0.149,,,,,121000000,2.802,368000000,0.156,245000000,,0.458,35.17,,,,,,14251000000,6552000000,0.460,938.55,6552000000,,,,,41.00,,,,7210000,228967,6980303,false,false,12,2023-04-01,2024-03-31,-1
2025-05-12,62920,2026-03-31,,,,,,,,,,,,,,,,,,,,,,,,,,,,,,38.00,,,,,,,false,true,12,2025-04-01,2026-03-31,1
2025-07-31,62920,2026-03-31,1,4753000000,0.000,,,,,429000000,2.444,396000000,0.590,,260000000,,37.34,,,,,,24612000000,13346000000,0.532,,13095000000,,,,,,,,,,,,true,false,3,2025-04-01,2025-06-30,0
2025-07-31,62920,2025-03-31,1,4752000000,-0.086,,,,,124000000,7.057,249000000,3.476,,145000000,,20.85,,,,,,,,,,,,,,,,,,,,,,true,false,3,2024-04-01,2024-06-30,-1
2025-07-31,62920,2026-03-31,1,18600000000,-0.104,,,,,420000000,-0.573,410000000,-0.603,,190000000,,27.22,,,,,,,,,,,,,,,,,,,,,,true,true,12,2025-04-01,2026-03-31,0
2025-07-31,62920,2025-03-31,1,,,,,,,,,,,,,,,,,,,,25304000000,13480000000,0.522,,13216000000,,,,,,,,,,,,true,false,12,2024-04-01,2025-03-31,-1
2025-07-31,62920,2025-03-31,1,,,,,,,,,,,,,,,,,,,,,,,,,,,,,41.00,,,,7210000,228967,,false,false,12,2024-04-01,2025-03-31,-1
2025-07-31,62920,2026-03-31,1,,,,,,,,,,,,,,,,,,,,,,,,,,,,,38.00,,,,,,,false,true,12,2025-04-01,2026-03-31,0
2025-07-31,62920,2026-03-31,1,,,,,,,,,,,,,,,,,,,,,,,,,,,,,,,,,7210000,227966,6981107,false,false,3,2025-04-01,2025-06-30,0
2025-07-31,62920,2025-03-31,1,,,,,,,,,,,,,,,,,,,,,,,,,,,,,,,,,,,6981033,false,false,3,2024-04-01,2024-06-30,-1
