filing_date,code,fiscal_year_end,quarterly_period,net_sales,net_sales_change,revenue,revenue_change,operating_revenue,operating_revenue_change,operating_profit,operating_profit_change,ordinary_profit,ordinary_profit_change,net_income,net_income_of_parent,net_income_change,eps,diluted_eps,roe,roa,operating_profit_to_net_sales,operating_profit_to_revenue,total_assets,net_assets,equity_ratio,bps,owner_equity,operating_cash_flow,investing_cash_flow,financing_cash_flow,cash,dividend_per_share,payout_ratio,commemorative_dividend,extra_dividend,number_of_shares,number_of_treqsury_shares,avg_number_of_shares,is_consolidated,is_forecast,duration,period_start,period_end,period_pos
2015-05-08,63020,2015-03-31,,667099000000,0.084,,,,,45998000000,0.340,45113000000,0.367,24348000000,,0.361,39.71,,0.071,0.060,0.069,,786027000000,365101000000,0.458,587.37,360079000000,62170000000,-14112000000,-36889000000,90324000000,,0.302,,,,,,true,false,12,2014-04-01,2015-03-31,0
2015-05-08,63020,2014-03-31,,615271000000,0.050,,,,,34329000000,0.097,33000000000,0.065,17891000000,,2.051,29.17,,0.058,0.048,0.056,,724182000000,331059000000,0.451,532.28,326433000000,63661000000,-27622000000,-9498000000,76418000000,,0.240,,,,,,true,false,12,2013-04-01,2014-03-31,-1
2015-05-08,63020,2016-03-31,,330000000000,0.077,,,,,20000000000,0.003,19500000000,-0.025,,11000000000,,17.94,,,,,,,,,,,,,,,,,,,,,,true,true,6,2015-04-01,2015-09-30,1
2015-05-08,63020,2016-03-31,,700000000000,0.049,,,,,52500000000,0.141,50000000000,0.108,,30000000000,,48.94,,,,,,,,,,,,,,,,0.286,,,,,,true,true,12,2015-04-01,2016-03-31,1
2015-05-08,63020,2015-03-31,,192162000000,0.198,,,,,8189000000,3.421,17893000000,0.659,10909000000,,-0.036,17.79,,,,,,462323000000,147710000000,0.319,240.95,147710000000,,,,,12.00,,,,614527405,1495994,613122326,false,false,12,2014-04-01,2015-03-31,0
2015-05-08,63020,2014-03-31,,160337000000,-0.096,,,,,1852000000,,10785000000,-0.245,11320000000,,,18.45,,,,,,439492000000,142515000000,0.324,232.38,142515000000,,,,,7.00,,,,614527405,1248184,613410540,false,false,12,2013-04-01,2014-03-31,-1
2015-05-08,63020,2016-03-31,,,,,,,,,,,,,,,,,,,,,,,,,,,,,,14.00,,,,,,,false,true,12,2015-04-01,2016-03-31,1
2015-07-30,63020,2016-03-31,1,152695000000,0.086,,,,,7752000000,0.273,6993000000,0.168,,4418000000,,7.21,,,,,,769874000000,364311000000,0.467,,359462000000,,,,,,,,,,,,true,false,3,2015-04-01,2015-06-30,0
2015-07-30,63020,2015-03-31,1,140666000000,0.172,,,,,6089000000,3.541,5987000000,1.887,,4086000000,,6.66,,,,,,,,,,,,,,,,,,,,,,true,false,3,2014-04-01,2014-06-30,-1
2015-07-30,63020,2016-03-31,1,330000000000,0.077,,,,,20000000000,0.003,19500000000,-0.025,,11000000000,,17.94,,,,,,,,,,,,,,,,,,,,,,true,true,6,2015-04-01,2015-09-30,0
2015-07-30,63020,2016-03-31,1,700000000000,0.049,,,,,52500000000,0.141,50000000000,0.108,,30000000000,,48.94,,,,,,,,,,,,,,,,,,,,,,true,true,12,2015-04-01,2016-03-31,0
2015-07-30,63020,2015-03-31,1,,,,,,,,,,,,,,,,,,,,786027000000,365101000000,0.458,,360079000000,,,,,,,,,,,,true,false,12,2014-04-01,2015-03-31,-1
2015-07-30,63020,2015-03-31,1,,,,,,,,,,,,,,,,,,,,,,,,,,,,,12.00,,,,614527405,1495994,,false,false,12,2014-04-01,2015-03-31,-1
2015-07-30,63020,2016-03-31,1,,,,,,,,,,,,,,,,,,,,,,,,,,,,,14.00,,,,,,,false,true,12,2015-04-01,2016-03-31,0
2015-07-30,63020,2016-03-31,1,,,,,,,,,,,,,,,,,,,,,,,,,,,,,,,,,614527405,1517621,613016682,false,false,3,2015-04-01,2015-06-30,0
2015-07-30,63020,2015-03-31,1,,,,,,,,,,,,,,,,,,,,,,,,,,,,,,,,,,,613266116,false,false,3,2014-04-01,2014-06-30,-1
2015-10-29,63020,2016-03-31,2,322517000000,0.053,,,,,18372000000,-0.079,16815000000,-0.159,,11458000000,,18.69,,,,,,761821000000,372107000000,0.483,,367652000000,,,,,,,,,,,,true,false,6,2015-04-01,2015-09-30,0
2015-10-29,63020,2015-03-31,2,306329000000,0.122,,,,,19946000000,1.383,20001000000,1.554,,12279000000,,20.03,,,,,,,,,,,,,,,,,,,,,,true,false,6,2014-04-01,2014-09-30,-1
2015-10-29,63020,2016-03-31,2,690000000000,0.034,,,,,46000000000,0.000,43000000000,-0.047,,27000000000,,44.05,,,,,,,,,,,,,,,,,,,,,,true,true,12,2015-04-01,2016-03-31,0
2015-10-29,63020,2015-03-31,2,,,,,,,,,,,,,,,,,,,,786027000000,365101000000,0.458,,360079000000,,,,,,,,,,,,true,false,12,2014-04-01,2015-03-31,-1
2015-10-29,63020,2015-03-31,2,,,,,,,,,,,,,,,,,,,,,,,,,,,,,12.00,,,,614527405,1495994,,false,false,12,2014-04-01,2015-03-31,-1
2015-10-29,63020,2016-03-31,2,,,,,,,,,,,,,,,,,,,,,,,,,,,,,7.00,,,,,,,false,false,12,2015-04-01,2016-03-31,0
2015-10-29,63020,2016-03-31,2,,,,,,,,,,,,,,,,,,,,,,,,,,,,,14.00,,,,,,,false,true,12,2015-04-01,2016-03-31,0
2015-10-29,63020,2016-03-31,2,,,,,,,,,,,,,,,,,,,,,,,,,,,,,,,,,614527405,1606797,612973689,false,false,6,2015-04-01,2015-09-30,0
2015-10-29,63020,2015-03-31,2,,,,,,,,,,,,,,,,,,,,,,,,,,,,,,,,,,,613189548,false,false,6,2014-04-01,2014-09-30,-1
2016-01-29,63020,2016-03-31,3,490428000000,0.051,,,,,30905000000,-0.092,29479000000,-0.145,,19085000000,,31.14,,,,,,772478000000,374115000000,0.475,,367134000000,,,,,,,,,,,,true,false,9,2015-04-01,2015-12-31,0
2016-01-29,63020,2015-03-31,3,466788000000,0.101,,,,,34032000000,0.826,34494000000,0.831,,21823000000,,35.59,,,,,,,,,,,,,,,,,,,,,,true,false,9,2014-04-01,2014-12-31,-1
2016-01-29,63020,2016-03-31,3,690000000000,0.034,,,,,46000000000,0.000,43000000000,-0.047,,27000000000,,44.05,,,,,,,,,,,,,,,,,,,,,,true,true,12,2015-04-01,2016-03-31,0
2016-01-29,63020,2015-03-31,3,,,,,,,,,,,,,,,,,,,,786027000000,365101000000,0.458,,360079000000,,,,,,,,,,,,true,false,12,2014-04-01,2015-03-31,-1
2016-01-29,63020,2015-03-31,3,,,,,,,,,,,,,,,,,,,,,,,,,,,,,12.00,,,,614527405,1495994,,false,false,12,2014-04-01,2015-03-31,-1
2016-01-29,63020,2016-03-31,3,,,,,,,,,,,,,,,,,,,,,,,,,,,,,7.00,,,,,,,false,false,12,2015-04-01,2016-03-31,0
2016-01-29,63020,2016-03-31,3,,,,,,,,,,,,,,,,,,,,,,,,,,,,,14.00,,,,,,,false,true,12,2015-04-01,2016-03-31,0
2016-01-29,63020,2016-03-31,3,,,,,,,,,,,,,,,,,,,,,,,,,,,,,,,,,614527405,1635285,612950818,false,false,9,2015-04-01,2015-12-31,0
2016-01-29,63020,2015-03-31,3,,,,,,,,,,,,,,,,,,,,,,,,,,,,,,,,,,,613149124,false,false,9,2014-04-01,2014-12-31,-1
2016-05-10,63020,2016-03-31,,700838000000,0.051,,,,,50568000000,0.099,49131000000,0.089,,33133000000,,54.06,,0.090,0.063,0.072,,782859000000,382817000000,0.481,614.51,376619000000,18315000000,-15350000000,-23789000000,68625000000,,0.296,,,,,,true,false,12,2015-04-01,2016-03-31,0
2016-05-10,63020,2015-03-31,,667099000000,0.084,,,,,45998000000,0.340,45113000000,0.367,,24348000000,,39.71,,0.071,0.060,0.069,,786027000000,365101000000,0.458,587.37,360079000000,62170000000,-14112000000,-36889000000,90324000000,,0.302,,,,,,true,false,12,2014-04-01,2015-03-31,-1
2016-05-10,63020,2017-03-31,,330000000000,0.023,,,,,17000000000,-0.075,16000000000,-0.048,,10000000000,,16.32,,,,,,,,,,,,,,,,,,,,,,true,true,6,2016-04-01,2016-09-30,1
2016-05-10,63020,2017-03-31,,700000000000,-0.001,,,,,47000000000,-0.071,44500000000,-0.094,,28000000000,,45.69,,,,,,,,,,,,,,,,0.306,,,,,,true,true,12,2016-04-01,2017-03-31,1
2016-05-10,63020,2016-03-31,,196850000000,0.024,,,,,5420000000,-0.338,20939000000,0.170,18866000000,,0.729,30.78,,,,,,450220000000,158497000000,0.352,258.61,158497000000,,,,,16.00,,,,614527405,1647819,612933747,false,false,12,2015-04-01,2016-03-31,0
2016-05-10,63020,2015-03-31,,192162000000,0.198,,,,,8189000000,3.421,17893000000,0.659,10909000000,,-0.036,17.79,,,,,,462323000000,147710000000,0.319,240.95,147710000000,,,,,12.00,,,,614527405,1495994,613122326,false,false,12,2014-04-01,2015-03-31,-1
2016-05-10,63020,2017-03-31,,,,,,,,,,,,,,,,,,,,,,,,,,,,,,14.00,,,,,,,false,true,12,2016-04-01,2017-03-31,1
2016-07-29,63020,2017-03-31,1,152298000000,-0.003,,,,,7786000000,0.004,7139000000,0.021,,5102000000,,8.33,,,,,,755775000000,375484000000,0.489,,369413000000,,,,,,,,,,,,true,false,3,2016-04-01,2016-06-30,0
2016-07-29,63020,2016-03-31,1,152695000000,0.086,,,,,7752000000,0.273,6993000000,0.168,,4418000000,,7.21,,,,,,,,,,,,,,,,,,,,,,true,false,3,2015-04-01,2015-06-30,-1
2016-07-29,63020,2017-03-31,1,330000000000,0.023,,,,,17000000000,-0.075,16000000000,-0.048,,10000000000,,16.32,,,,,,,,,,,,,,,,,,,,,,true,true,6,2016-04-01,2016-09-30,0
2016-07-29,63020,2017-03-31,1,700000000000,-0.001,,,,,47000000000,-0.071,44500000000,-0.094,,28000000000,,45.69,,,,,,,,,,,,,,,,,,,,,,true,true,12,2016-04-01,2017-03-31,0
2016-07-29,63020,2016-03-31,1,,,,,,,,,,,,,,,,,,,,782859000000,382817000000,0.481,,376619000000,,,,,,,,,,,,true,false,12,2015-04-01,2016-03-31,-1
2016-07-29,63020,2016-03-31,1,,,,,,,,,,,,,,,,,,,,,,,,,,,,,16.00,,,,614527405,1647819,,false,false,12,2015-04-01,2016-03-31,-1
2016-07-29,63020,2017-03-31,1,,,,,,,,,,,,,,,,,,,,,,,,,,,,,14.00,,,,,,,false,true,12,2016-04-01,2017-03-31,0
2016-07-29,63020,2017-03-31,1,,,,,,,,,,,,,,,,,,,,,,,,,,,,,,,,,614527405,1657369,612873634,false,false,3,2016-04-01,2016-06-30,0
2016-07-29,63020,2016-03-31,1,,,,,,,,,,,,,,,,,,,,,,,,,,,,,,,,,,,613016682,false,false,3,2015-04-01,2015-06-30,-1
2016-10-31,63020,2017-03-31,2,317828000000,-0.015,,,,,18620000000,0.014,18238000000,0.085,,13102000000,,21.38,,,,,,729927000000,371996000000,0.502,,366304000000,,,,,,,,,,,,true,false,6,2016-04-01,2016-09-30,0
2016-10-31,63020,2016-03-31,2,322517000000,0.053,,,,,18372000000,-0.079,16815000000,-0.159,,11458000000,,18.69,,,,,,,,,,,,,,,,,,,,,,true,false,6,2015-04-01,2015-09-30,-1
2016-10-31,63020,2017-03-31,2,660000000000,-0.058,,,,,43000000000,-0.150,40000000000,-0.186,,26000000000,,42.43,,,,,,,,,,,,,,,,,,,,,,true,true,12,2016-04-01,2017-03-31,0
2016-10-31,63020,2016-03-31,2,,,,,,,,,,,,,,,,,,,,782859000000,382817000000,0.481,,376619000000,,,,,,,,,,,,true,false,12,2015-04-01,2016-03-31,-1
2016-10-31,63020,2016-03-31,2,,,,,,,,,,,,,,,,,,,,,,,,,,,,,16.00,,,,614527405,1647819,,false,false,12,2015-04-01,2016-03-31,-1
2016-10-31,63020,2017-03-31,2,,,,,,,,,,,,,,,,,,,,,,,,,,,,,7.00,,,,,,,false,false,12,2016-04-01,2017-03-31,0
2016-10-31,63020,2017-03-31,2,,,,,,,,,,,,,,,,,,,,,,,,,,,,,14.00,,,,,,,false,true,12,2016-04-01,2017-03-31,0
2016-10-31,63020,2017-03-31,2,,,,,,,,,,,,,,,,,,,,,,,,,,,,,,,,,614527405,1702542,612855233,false,false,6,2016-04-01,2016-09-30,0
2016-10-31,63020,2016-03-31,2,,,,,,,,,,,,,,,,,,,,,,,,,,,,,,,,,,,612973689,false,false,6,2015-04-01,2015-09-30,-1
2017-01-31,63020,2017-03-31,3,478170000000,-0.025,,,,,31664000000,0.026,31938000000,0.085,,23792000000,,38.82,,,,,,731276000000,374741000000,0.505,,369430000000,,,,,,,,,,,,true,false,9,2016-04-01,2016-12-31,0
2017-01-31,63020,2016-03-31,3,490428000000,0.051,,,,,30863000000,-0.093,29438000000,-0.147,,19063000000,,31.10,,,,,,,,,,,,,,,,,,,,,,true,false,9,2015-04-01,2015-12-31,-1
2017-01-31,63020,2017-03-31,3,660000000000,-0.058,,,,,43000000000,-0.150,40000000000,-0.186,,26000000000,,42.43,,,,,,,,,,,,,,,,,,,,,,true,true,12,2016-04-01,2017-03-31,0
2017-01-31,63020,2016-03-31,3,,,,,,,,,,,,,,,,,,,,782859000000,382817000000,0.481,,376619000000,,,,,,,,,,,,true,false,12,2015-04-01,2016-03-31,-1
2017-01-31,63020,2016-03-31,3,,,,,,,,,,,,,,,,,,,,,,,,,,,,,16.00,,,,614527405,1647819,,false,false,12,2015-04-01,2016-03-31,-1
2017-01-31,63020,2017-03-31,3,,,,,,,,,,,,,,,,,,,,,,,,,,,,,7.00,,,,,,,false,false,12,2016-04-01,2017-03-31,0
2017-01-31,63020,2017-03-31,3,,,,,,,,,,,,,,,,,,,,,,,,,,,,,14.00,,,,,,,false,true,12,2016-04-01,2017-03-31,0
2017-01-31,63020,2017-03-31,3,,,,,,,,,,,,,,,,,,,,,,,,,,,,,,,,,614527405,1724142,612840611,false,false,9,2016-04-01,2016-12-31,0
2017-01-31,63020,2016-03-31,3,,,,,,,,,,,,,,,,,,,,,,,,,,,,,,,,,,,612950818,false,false,9,2015-04-01,2015-12-31,-1
2017-05-09,63020,2017-03-31,,674328000000,-0.038,,,,,48431000000,-0.042,48274000000,-0.017,,33613000000,,54.85,,0.087,0.061,0.072,,796484000000,409171000000,0.500,650.47,398601000000,38158000000,-25852000000,-17809000000,61017000000,,0.292,,,,,,true,false,12,2016-04-01,2017-03-31,0
2017-05-09,63020,2016-03-31,,700838000000,0.051,,,,,50568000000,0.099,49131000000,0.089,,33133000000,,54.06,,0.090,0.063,0.072,,782859000000,382817000000,0.481,614.51,376619000000,18315000000,-15350000000,-23789000000,68625000000,,0.296,,,,,,true,false,12,2015-04-01,2016-03-31,-1
2017-05-09,63020,2018-03-31,,347000000000,0.092,,,,,23000000000,0.235,22000000000,0.206,,14000000000,,22.85,,,,,,,,,,,,,,,,,,,,,,true,true,6,2017-04-01,2017-09-30,1
2017-05-09,63020,2018-03-31,,710000000000,0.053,,,,,51000000000,0.053,49000000000,0.015,,32000000000,,52.22,,,,,,,,,,,,,,,,0.306,,,,,,true,true,12,2017-04-01,2018-03-31,1
2017-05-09,63020,2017-03-31,,189332000000,-0.038,,,,,3559000000,-0.343,13339000000,-0.363,5690000000,,-0.698,9.29,,,,,,443429000000,156438000000,0.353,255.29,156438000000,,,,,16.00,,,,614527405,1741792,612828444,false,false,12,2016-04-01,2017-03-31,0
2017-05-09,63020,2016-03-31,,196850000000,0.024,,,,,5420000000,-0.338,20939000000,0.170,18866000000,,0.729,30.78,,,,,,450220000000,158497000000,0.352,258.61,158497000000,,,,,16.00,,,,614527405,1647819,612933747,false,false,12,2015-04-01,2016-03-31,-1
2017-05-09,63020,2018-03-31,,,,,,,,,,,,,,,,,,,,,,,,,,,,,,16.00,,,,,,,false,true,12,2017-04-01,2018-03-31,1
,63020,2018-03-31,,,,,,,,,,,,,,,,,,,,,,,,,,,,,,40.00,,,,,,,false,true,12,2017-04-01,2018-03-31,0
,63020,2017-03-31,,,,,,,,,,,,,,,,,,,,,,,,,,,,,,16.00,,,,,,,false,false,12,2016-04-01,2017-03-31,-1
2017-07-31,63020,2018-03-31,1,167299000000,0.098,,,,,11850000000,0.522,12310000000,0.724,,8606000000,,14.04,,,,,,813743000000,409100000000,0.489,,397802000000,,,,,,,,,,,,true,false,3,2017-04-01,2017-06-30,0
2017-07-31,63020,2017-03-31,1,152298000000,-0.003,,,,,7786000000,0.004,7139000000,0.021,,5102000000,,8.33,,,,,,,,,,,,,,,,,,,,,,true,false,3,2016-04-01,2016-06-30,-1
2017-07-31,63020,2018-03-31,1,347000000000,0.092,,,,,23000000000,0.235,22000000000,0.206,,14000000000,,22.85,,,,,,,,,,,,,,,,,,,,,,true,true,6,2017-04-01,2017-09-30,0
2017-07-31,63020,2018-03-31,1,710000000000,0.053,,,,,51000000000,0.053,49000000000,0.015,,32000000000,,261.11,,,,,,,,,,,,,,,,,,,,,,true,true,12,2017-04-01,2018-03-31,0
2017-07-31,63020,2017-03-31,1,,,,,,,,,,,,,,,,,,,,796484000000,409171000000,0.500,,398601000000,,,,,,,,,,,,true,false,12,2016-04-01,2017-03-31,-1
2017-07-31,63020,2017-03-31,1,,,,,,,,,,,,,,,,,,,,,,,,,,,,,16.00,,,,614527405,1741792,,false,false,12,2016-04-01,2017-03-31,-1
2017-07-31,63020,2018-03-31,1,,,,,,,,,,,,,,,,,,,,,,,,,,,,,40.00,,,,,,,false,true,12,2017-04-01,2018-03-31,0
2017-07-31,63020,2018-03-31,1,,,,,,,,,,,,,,,,,,,,,,,,,,,,,,,,,614527405,1753897,612777154,false,false,3,2017-04-01,2017-06-30,0
2017-07-31,63020,2017-03-31,1,,,,,,,,,,,,,,,,,,,,,,,,,,,,,,,,,,,612873634,false,false,3,2016-04-01,2016-06-30,-1
2017-10-31,63020,2018-03-31,2,355319000000,0.118,,,,,28982000000,0.556,28925000000,0.586,,19769000000,,32.26,,,,,,828492000000,423447000000,0.497,,411404000000,,,,,,,,,,,,true,false,6,2017-04-01,2017-09-30,0
2017-10-31,63020,2017-03-31,2,317828000000,-0.015,,,,,18620000000,0.014,18238000000,0.085,,13102000000,,21.38,,,,,,,,,,,,,,,,,,,,,,true,false,6,2016-04-01,2016-09-30,-1
2017-10-31,63020,2018-03-31,2,780000000000,0.157,,,,,60000000000,0.239,59000000000,0.222,,39000000000,,318.24,,,,,,,,,,,,,,,,,,,,,,true,true,12,2017-04-01,2018-03-31,0
2017-10-31,63020,2017-03-31,2,,,,,,,,,,,,,,,,,,,,796484000000,409171000000,0.500,,398601000000,,,,,,,,,,,,true,false,12,2016-04-01,2017-03-31,-1
2017-10-31,63020,2017-03-31,2,,,,,,,,,,,,,,,,,,,,,,,,,,,,,16.00,,,,614527405,1741792,,false,false,12,2016-04-01,2017-03-31,-1
2017-10-31,63020,2018-03-31,2,,,,,,,,,,,,,,,,,,,,,,,,,,,,,8.00,,,,,,,false,false,12,2017-04-01,2018-03-31,0
2017-10-31,63020,2018-03-31,2,,,,,,,,,,,,,,,,,,,,,,,,,,,,,40.00,,,,,,,false,true,12,2017-04-01,2018-03-31,0
2017-10-31,63020,2018-03-31,2,,,,,,,,,,,,,,,,,,,,,,,,,,,,,,,,,614527405,1782130,612766685,false,false,6,2017-04-01,2017-09-30,0
2017-10-31,63020,2017-03-31,2,,,,,,,,,,,,,,,,,,,,,,,,,,,,,,,,,,,612855233,false,false,6,2016-04-01,2016-09-30,-1
2017-11-16,63020,2018-03-31,,780000000000,,,,,,60000000000,,59000000000,,28000000000,,-0.282,228.48,,,,,,,,,,,,,,,,,,,,,,true,true,12,2017-04-01,2018-03-31,0
2017-11-16,63020,2017-03-31,,674328000000,,,,,,48431000000,,48274000000,,33613000000,,,274.24,,,,,,,,,,,,,,,,,,,,,,true,false,12,2016-04-01,2017-03-31,-1
2018-01-31,63020,2018-03-31,3,555212000000,0.161,,,,,47852000000,0.511,47183000000,0.477,,20493000000,,167.22,,,,,,862600000000,425104000000,0.478,,412492000000,,,,,,,,,,,,true,false,9,2017-04-01,2017-12-31,0
2018-01-31,63020,2017-03-31,3,478170000000,-0.025,,,,,31664000000,0.026,31938000000,0.085,,23792000000,,194.11,,,,,,,,,,,,,,,,,,,,,,true,false,9,2016-04-01,2016-12-31,-1
2018-01-31,63020,2018-03-31,3,780000000000,0.157,,,,,60000000000,0.239,59000000000,0.222,,28000000000,,228.49,,,,,,,,,,,,,,,,,,,,,,true,true,12,2017-04-01,2018-03-31,0
2018-01-31,63020,2017-03-31,3,,,,,,,,,,,,,,,,,,,,796484000000,409171000000,0.500,,398601000000,,,,,,,,,,,,true,false,12,2016-04-01,2017-03-31,-1
2018-01-31,63020,2017-03-31,3,,,,,,,,,,,,,,,,,,,,,,,,,,,,,16.00,,,,122905481,348358,,false,false,12,2016-04-01,2017-03-31,-1
2018-01-31,63020,2018-03-31,3,,,,,,,,,,,,,,,,,,,,,,,,,,,,,8.00,,,,,,,false,false,12,2017-04-01,2018-03-31,0
2018-01-31,63020,2018-03-31,3,,,,,,,,,,,,,,,,,,,,,,,,,,,,,40.00,,,,,,,false,true,12,2017-04-01,2018-03-31,0
2018-01-31,63020,2018-03-31,3,,,,,,,,,,,,,,,,,,,,,,,,,,,,,,,,,122905481,364421,122549864,false,false,9,2017-04-01,2017-12-31,0
2018-01-31,63020,2017-03-31,3,,,,,,,,,,,,,,,,,,,,,,,,,,,,,,,,,,,122568122,false,false,9,2016-04-01,2016-12-31,-1
2018-05-08,63020,2018-03-31,,791025000000,0.173,,,,,69921000000,0.444,67466000000,0.398,,34660000000,,282.83,,0.084,0.080,0.088,,895569000000,444964000000,0.481,3517.33,431008000000,71111000000,-37810000000,-10146000000,85503000000,,0.301,,,,,,true,false,12,2017-04-01,2018-03-31,0
2018-05-08,63020,2017-03-31,,674328000000,-0.038,,,,,48431000000,-0.042,48274000000,-0.017,,33613000000,,274.24,,0.087,0.061,0.072,,796484000000,409171000000,0.500,3252.37,398601000000,38158000000,-25852000000,-17809000000,61017000000,,0.292,,,,,,true,false,12,2016-04-01,2017-03-31,-1
2018-05-08,63020,2019-03-31,,850000000000,0.075,,,,,64000000000,-0.085,61800000000,-0.084,,38000000000,,310.11,,,,,,,,,,,,,,,,0.300,,,,,,true,true,12,2018-04-01,2019-03-31,1
2018-05-08,63020,2018-03-31,,195283000000,0.031,,,,,6352000000,0.785,15733000000,0.179,6972000000,,0.225,56.90,,,,,,484753000000,153132000000,0.316,1249.66,153132000000,,,,,45.00,,,,122905481,367080,122547151,false,false,12,2017-04-01,2018-03-31,0
2018-05-08,63020,2017-03-31,,189332000000,-0.038,,,,,3559000000,-0.343,13339000000,-0.363,5690000000,,-0.698,46.40,,,,,,443429000000,156438000000,0.353,1276.45,156438000000,,,,,16.00,,,,122905481,348358,122565689,false,false,12,2016-04-01,2017-03-31,-1
2018-05-08,63020,2019-03-31,,,,,,,,,,,,,,,,,,,,,,,,,,,,,,93.00,,,,,,,false,true,12,2018-04-01,2019-03-31,1
2018-07-31,63020,2019-03-31,1,202678000000,0.212,,,,,17214000000,0.453,17044000000,0.385,,10871000000,,88.71,,,,,,905618000000,443296000000,0.474,,429250000000,,,,,,,,,,,,true,false,3,2018-04-01,2018-06-30,0
2018-07-31,63020,2018-03-31,1,167299000000,0.098,,,,,11850000000,0.522,12310000000,0.724,,8606000000,,70.22,,,,,,,,,,,,,,,,,,,,,,true,false,3,2017-04-01,2017-06-30,-1
2018-07-31,63020,2019-03-31,1,850000000000,0.075,,,,,64000000000,-0.085,61800000000,-0.084,,38000000000,,310.11,,,,,,,,,,,,,,,,,,,,,,true,true,12,2018-04-01,2019-03-31,0
2018-07-31,63020,2018-03-31,1,,,,,,,,,,,,,,,,,,,,894835000000,444964000000,0.482,,431008000000,,,,,,,,,,,,true,false,12,2017-04-01,2018-03-31,-1
2018-07-31,63020,2018-03-31,1,,,,,,,,,,,,,,,,,,,,,,,,,,,,,45.00,,,,122905481,367080,,false,false,12,2017-04-01,2018-03-31,-1
2018-07-31,63020,2019-03-31,1,,,,,,,,,,,,,,,,,,,,,,,,,,,,,93.00,,,,,,,false,true,12,2018-04-01,2019-03-31,0
2018-07-31,63020,2019-03-31,1,,,,,,,,,,,,,,,,,,,,,,,,,,,,,,,,,122905481,368275,122537519,false,false,3,2018-04-01,2018-06-30,0
2018-07-31,63020,2018-03-31,1,,,,,,,,,,,,,,,,,,,,,,,,,,,,,,,,,,,122555431,false,false,3,2017-04-01,2017-06-30,-1
2018-10-31,63020,2019-03-31,2,423661000000,0.192,,,,,34086000000,0.176,33050000000,0.143,,21362000000,,174.34,,,,,,929630000000,453628000000,0.472,,438712000000,,,,,,,,,,,,true,false,6,2018-04-01,2018-09-30,0
2018-10-31,63020,2018-03-31,2,355319000000,0.118,,,,,28982000000,0.556,28925000000,0.586,,19769000000,,161.31,,,,,,,,,,,,,,,,,,,,,,true,false,6,2017-04-01,2017-09-30,-1
2018-10-31,63020,2019-03-31,2,890000000000,0.125,,,,,70000000000,0.001,67500000000,0.001,,41000000000,,334.61,,,,,,,,,,,,,,,,,,,,,,true,true,12,2018-04-01,2019-03-31,0
2018-10-31,63020,2018-03-31,2,,,,,,,,,,,,,,,,,,,,894835000000,444964000000,0.482,,431008000000,,,,,,,,,,,,true,false,12,2017-04-01,2018-03-31,-1
2018-10-31,63020,2018-03-31,2,,,,,,,,,,,,,,,,,,,,,,,,,,,,,45.00,,,,122905481,367080,,false,false,12,2017-04-01,2018-03-31,-1
2018-10-31,63020,2019-03-31,2,,,,,,,,,,,,,,,,,,,,,,,,,,,,,50.00,,,,,,,false,false,12,2018-04-01,2019-03-31,0
2018-10-31,63020,2019-03-31,2,,,,,,,,,,,,,,,,,,,,,,,,,,,,,100.00,,,,,,,false,true,12,2018-04-01,2019-03-31,0
2018-10-31,63020,2019-03-31,2,,,,,,,,,,,,,,,,,,,,,,,,,,,,,,,,,122905481,376303,122533932,false,false,6,2018-04-01,2018-09-30,0
2018-10-31,63020,2018-03-31,2,,,,,,,,,,,,,,,,,,,,,,,,,,,,,,,,,,,122553337,false,false,6,2017-04-01,2017-09-30,-1
,63020,2019-03-31,,,,,,,,,,,,,,,,,,,,,,,,,,,,,,100.00,,,,,,,false,true,12,2018-04-01,2019-03-31,0
,63020,2019-03-31,,,,,,,,,,,,,,,,,,,,,,,,,,,,,,50.00,,,,,,,false,false,12,2018-04-01,2019-03-31,0
,63020,2018-03-31,,,,,,,,,,,,,,,,,,,,,,,,,,,,,,45.00,,,,,,,false,false,12,2017-04-01,2018-03-31,-1
2019-01-31,63020,2019-03-31,3,646695000000,0.165,,,,,52455000000,0.096,50332000000,0.066,,31046000000,,253.37,,,,,,939106000000,456080000000,0.475,,446493000000,,,,,,,,,,,,true,false,9,2018-04-01,2018-12-31,0
2019-01-31,63020,2018-03-31,3,555212000000,0.161,,,,,47866000000,0.512,47197000000,0.478,,20540000000,,167.61,,,,,,,,,,,,,,,,,,,,,,true,false,9,2017-04-01,2017-12-31,-1
2019-01-31,63020,2019-03-31,3,890000000000,0.125,,,,,70000000000,0.001,67500000000,0.001,,41000000000,,334.61,,,,,,,,,,,,,,,,,,,,,,true,true,12,2018-04-01,2019-03-31,0
2019-01-31,63020,2018-03-31,3,,,,,,,,,,,,,,,,,,,,894835000000,444964000000,0.482,,431008000000,,,,,,,,,,,,true,false,12,2017-04-01,2018-03-31,-1
2019-01-31,63020,2018-03-31,3,,,,,,,,,,,,,,,,,,,,,,,,,,,,,45.00,,,,122905481,367080,,false,false,12,2017-04-01,2018-03-31,-1
2019-01-31,63020,2019-03-31,3,,,,,,,,,,,,,,,,,,,,,,,,,,,,,50.00,,,,,,,false,false,12,2018-04-01,2019-03-31,0
2019-01-31,63020,2019-03-31,3,,,,,,,,,,,,,,,,,,,,,,,,,,,,,100.00,,,,,,,false,true,12,2018-04-01,2019-03-31,0
2019-01-31,63020,2019-03-31,3,,,,,,,,,,,,,,,,,,,,,,,,,,,,,,,,,122905481,378639,122531801,false,false,9,2018-04-01,2018-12-31,0
2019-01-31,63020,2018-03-31,3,,,,,,,,,,,,,,,,,,,,,,,,,,,,,,,,,,,122549864,false,false,9,2017-04-01,2017-12-31,-1
2019-05-08,63020,2019-03-31,,903051000000,0.142,,,,,75244000000,0.076,72623000000,0.076,,45650000000,,372.56,,0.103,0.079,0.083,,954051000000,465001000000,0.475,3701.01,453468000000,55173000000,-54973000000,-13314000000,69776000000,,0.301,,,,,,true,false,12,2018-04-01,2019-03-31,0
2019-05-08,63020,2018-03-31,,791025000000,0.173,,,,,69921000000,0.444,67466000000,0.398,,34660000000,,282.83,,0.084,0.080,0.088,,894835000000,444964000000,0.482,3517.33,431008000000,71111000000,-37810000000,-10146000000,85503000000,,0.301,,,,,,true,false,12,2017-04-01,2018-03-31,-1
2019-05-08,63020,2020-03-31,,905000000000,0.002,,,,,72000000000,-0.043,69000000000,-0.050,,46000000000,,375.43,,,,,,,,,,,,,,,,0.298,,,,,,true,true,12,2019-04-01,2020-03-31,1
2019-05-08,63020,2019-03-31,,218018000000,0.116,,,,,9289000000,0.462,25710000000,0.634,18005000000,,1.582,146.94,,,,,,504367000000,156895000000,0.311,1280.51,156895000000,,,,,112.00,,,,122905481,379953,122530341,false,false,12,2018-04-01,2019-03-31,0
2019-05-08,63020,2018-03-31,,195283000000,0.031,,,,,6352000000,0.785,15733000000,0.179,6972000000,,0.225,56.89,,,,,,484753000000,153132000000,0.316,1249.66,153132000000,,,,,45.00,,,,122905481,367080,122547151,false,false,12,2017-04-01,2018-03-31,-1
2019-05-08,63020,2020-03-31,,,,,,,,,,,,,,,,,,,,,,,,,,,,,,112.00,,,,,,,false,true,12,2019-04-01,2020-03-31,1
2019-07-31,63020,2020-03-31,1,204181000000,0.007,,,,,13531000000,-0.214,13339000000,-0.217,,8907000000,,72.69,,,,,,950585000000,466430000000,0.479,,455120000000,,,,,,,,,,,,true,false,3,2019-04-01,2019-06-30,0
2019-07-31,63020,2019-03-31,1,202678000000,0.212,,,,,17214000000,0.453,17044000000,0.385,,10871000000,,88.71,,,,,,,,,,,,,,,,,,,,,,true,false,3,2018-04-01,2018-06-30,-1
2019-07-31,63020,2020-03-31,1,905000000000,0.002,,,,,72000000000,-0.043,69000000000,-0.050,,46000000000,,375.43,,,,,,,,,,,,,,,,,,,,,,true,true,12,2019-04-01,2020-03-31,0
2019-07-31,63020,2019-03-31,1,,,,,,,,,,,,,,,,,,,,954051000000,465001000000,0.475,,453468000000,,,,,,,,,,,,true,false,12,2018-04-01,2019-03-31,-1
2019-07-31,63020,2019-03-31,1,,,,,,,,,,,,,,,,,,,,,,,,,,,,,112.00,,,,122905481,379953,,false,false,12,2018-04-01,2019-03-31,-1
2019-07-31,63020,2020-03-31,1,,,,,,,,,,,,,,,,,,,,,,,,,,,,,112.00,,,,,,,false,true,12,2019-04-01,2020-03-31,0
2019-07-31,63020,2020-03-31,1,,,,,,,,,,,,,,,,,,,,,,,,,,,,,,,,,122905481,381022,122524923,false,false,3,2019-04-01,2019-06-30,0
2019-07-31,63020,2019-03-31,1,,,,,,,,,,,,,,,,,,,,,,,,,,,,,,,,,,,122537519,false,false,3,2018-04-01,2018-06-30,-1
2019-10-31,63020,2020-03-31,2,424697000000,0.002,,,,,27197000000,-0.201,25799000000,-0.219,,16437000000,,134.15,,,,,,956797000000,468901000000,0.478,,457150000000,,,,,,,,,,,,true,false,6,2019-04-01,2019-09-30,0
2019-10-31,63020,2019-03-31,2,423661000000,0.192,,,,,34052000000,0.175,33016000000,0.141,,21362000000,,174.34,,,,,,,,,,,,,,,,,,,,,,true,false,6,2018-04-01,2018-09-30,-1
2019-10-31,63020,2020-03-31,2,885000000000,-0.020,,,,,60000000000,-0.203,57000000000,-0.215,,37000000000,,301.99,,,,,,,,,,,,,,,,,,,,,,true,true,12,2019-04-01,2020-03-31,0
2019-10-31,63020,2019-03-31,2,,,,,,,,,,,,,,,,,,,,954051000000,465001000000,0.475,,453468000000,,,,,,,,,,,,true,false,12,2018-04-01,2019-03-31,-1
2019-10-31,63020,2019-03-31,2,,,,,,,,,,,,,,,,,,,,,,,,,,,,,112.00,,,,122905481,379953,,false,false,12,2018-04-01,2019-03-31,-1
2019-10-31,63020,2020-03-31,2,,,,,,,,,,,,,,,,,,,,,,,,,,,,,56.00,,,,,,,false,false,12,2019-04-01,2020-03-31,0
2019-10-31,63020,2020-03-31,2,,,,,,,,,,,,,,,,,,,,,,,,,,,,,91.00,,,,,,,false,true,12,2019-04-01,2020-03-31,0
2019-10-31,63020,2020-03-31,2,,,,,,,,,,,,,,,,,,,,,,,,,,,,,,,,,122905481,386765,122522292,false,false,6,2019-04-01,2019-09-30,0
2019-10-31,63020,2019-03-31,2,,,,,,,,,,,,,,,,,,,,,,,,,,,,,,,,,,,122533932,false,false,6,2018-04-01,2018-09-30,-1
2020-01-31,63020,2020-03-31,3,625682000000,-0.032,,,,,37834000000,-0.278,35669000000,-0.290,,22867000000,,186.64,,,,,,973062000000,463799000000,0.464,,451804000000,,,,,,,,,,,,true,false,9,2019-04-01,2019-12-31,0
2020-01-31,63020,2019-03-31,3,646695000000,0.165,,,,,52387000000,0.094,50264000000,0.065,,31046000000,,253.37,,,,,,,,,,,,,,,,,,,,,,true,false,9,2018-04-01,2018-12-31,-1
2020-01-31,63020,2020-03-31,3,885000000000,-0.020,,,,,60000000000,-0.203,57000000000,-0.215,,37000000000,,301.99,,,,,,,,,,,,,,,,,,,,,,true,true,12,2019-04-01,2020-03-31,0
2020-01-31,63020,2019-03-31,3,,,,,,,,,,,,,,,,,,,,954051000000,465001000000,0.475,,453468000000,,,,,,,,,,,,true,false,12,2018-04-01,2019-03-31,-1
2020-01-31,63020,2019-03-31,3,,,,,,,,,,,,,,,,,,,,,,,,,,,,,112.00,,,,122905481,379953,,false,false,12,2018-04-01,2019-03-31,-1
2020-01-31,63020,2020-03-31,3,,,,,,,,,,,,,,,,,,,,,,,,,,,,,56.00,,,,,,,false,false,12,2019-04-01,2020-03-31,0
2020-01-31,63020,2020-03-31,3,,,,,,,,,,,,,,,,,,,,,,,,,,,,,91.00,,,,,,,false,true,12,2019-04-01,2020-03-31,0
2020-01-31,63020,2020-03-31,3,,,,,,,,,,,,,,,,,,,,,,,,,,,,,,,,,122905481,388564,122520706,false,false,9,2019-04-01,2019-12-31,0
2020-01-31,63020,2019-03-31,3,,,,,,,,,,,,,,,,,,,,,,,,,,,,,,,,,,,122531801,false,false,9,2018-04-01,2018-12-31,-1
2020-05-28,63020,2020-03-31,,864490000000,-0.043,,,,,56821000000,-0.245,52657000000,-0.275,,32807000000,,267.77,,0.071,0.054,0.066,,995154000000,477648000000,0.467,3790.99,464457000000,36263000000,-57752000000,35964000000,83630000000,,0.340,,,,,,true,false,12,2019-04-01,2020-03-31,0
2020-05-28,63020,2019-03-31,,903051000000,0.142,,,,,75244000000,0.076,72623000000,0.076,,45650000000,,372.56,,0.103,0.079,0.083,,954051000000,465001000000,0.475,3701.01,453468000000,55173000000,-54973000000,-13314000000,69776000000,,0.301,,,,,,true,false,12,2018-04-01,2019-03-31,-1
2020-05-28,63020,2020-03-31,,203847000000,-0.065,,,,,5200000000,-0.440,13107000000,-0.490,12558000000,,-0.303,102.50,,,,,,541242000000,153386000000,0.283,1251.97,153386000000,,,,,91.00,,,,122905481,389392,122519612,false,false,12,2019-04-01,2020-03-31,0
2020-05-28,63020,2019-03-31,,218018000000,0.116,,,,,9289000000,0.462,25710000000,0.634,18005000000,,1.582,146.94,,,,,,504367000000,156895000000,0.311,1280.51,156895000000,,,,,112.00,,,,122905481,379953,122530341,false,false,12,2018-04-01,2019-03-31,-1
2020-07-31,63020,2021-03-31,1,180657000000,-0.115,,,,,7006000000,-0.482,5693000000,-0.573,,2603000000,,21.25,,,,,,980386000000,471438000000,0.468,,459115000000,,,,,,,,,,,,true,false,3,2020-04-01,2020-06-30,0
2020-07-31,63020,2020-03-31,1,204181000000,0.007,,,,,13531000000,-0.214,13339000000,-0.217,,8907000000,,72.69,,,,,,,,,,,,,,,,,,,,,,true,false,3,2019-04-01,2019-06-30,-1
2020-07-31,63020,2020-03-31,1,,,,,,,,,,,,,,,,,,,,996111000000,477648000000,0.466,,464457000000,,,,,,,,,,,,true,false,12,2019-04-01,2020-03-31,-1
2020-07-31,63020,2020-03-31,1,,,,,,,,,,,,,,,,,,,,,,,,,,,,,91.00,,,,122905481,389392,,false,false,12,2019-04-01,2020-03-31,-1
2020-07-31,63020,2021-03-31,1,,,,,,,,,,,,,,,,,,,,,,,,,,,,,,,,,122905481,389796,122515795,false,false,3,2020-04-01,2020-06-30,0
2020-07-31,63020,2020-03-31,1,,,,,,,,,,,,,,,,,,,,,,,,,,,,,,,,,,,122524923,false,false,3,2019-04-01,2019-06-30,-1
2020-08-28,63020,2021-03-31,,790000000000,,,,,,26000000000,,21500000000,,7500000000,,,61.22,,,,,,,,,,,,,,,,,,,,,,true,true,12,2020-04-01,2021-03-31,0
2020-08-28,63020,2020-03-31,,864490000000,,,,,,56821000000,,52657000000,,32807000000,,,267.77,,,,,,,,,,,,,,,,,,,,,,true,false,12,2019-04-01,2020-03-31,-1
2020-08-28,63020,2021-03-31,,,,,,,,,,,,,,,,,,,,,,,,,,,,,,19.00,,,,,,,false,true,12,2020-04-01,2021-03-31,0
2020-08-28,63020,2020-03-31,,,,,,,,,,,,,,,,,,,,,,,,,,,,,,91.00,,,,,,,false,false,12,2019-04-01,2020-03-31,-1
2020-10-30,63020,2021-03-31,2,391701000000,-0.078,,,,,21163000000,-0.222,19128000000,-0.259,,10866000000,,88.69,,,,,,999207000000,480245000000,0.468,,467295000000,,,,,,,,,,,,true,false,6,2020-04-01,2020-09-30,0
2020-10-30,63020,2020-03-31,2,424697000000,0.002,,,,,27197000000,-0.201,25799000000,-0.219,,16437000000,,134.15,,,,,,,,,,,,,,,,,,,,,,true,false,6,2019-04-01,2019-09-30,-1
2020-10-30,63020,2021-03-31,2,810000000000,-0.063,,,,,36000000000,-0.366,31500000000,-0.402,,16000000000,,130.18,,,,,,,,,,,,,,,,,,,,,,true,true,12,2020-04-01,2021-03-31,0
2020-10-30,63020,2020-03-31,2,,,,,,,,,,,,,,,,,,,,996111000000,477648000000,0.466,,464457000000,,,,,,,,,,,,true,false,12,2019-04-01,2020-03-31,-1
2020-10-30,63020,2020-03-31,2,,,,,,,,,,,,,,,,,,,,,,,,,,,,,91.00,,,,122905481,389392,,false,false,12,2019-04-01,2020-03-31,-1
2020-10-30,63020,2021-03-31,2,,,,,,,,,,,,,,,,,,,,,,,,,,,,,9.00,,,,,,,false,false,12,2020-04-01,2021-03-31,0
2020-10-30,63020,2021-03-31,2,,,,,,,,,,,,,,,,,,,,,,,,,,,,,39.00,,,,,,,false,true,12,2020-04-01,2021-03-31,0
2020-10-30,63020,2021-03-31,2,,,,,,,,,,,,,,,,,,,,,,,,,,,,,,,,,122905481,394067,122513993,false,false,6,2020-04-01,2020-09-30,0
2020-10-30,63020,2020-03-31,2,,,,,,,,,,,,,,,,,,,,,,,,,,,,,,,,,,,122522292,false,false,6,2019-04-01,2019-09-30,-1
2020-10-30,63020,2021-03-31,,810000000000,0.025,,,,,36000000000,0.385,31500000000,0.465,16000000000,,1.133,130.18,,,,,,,,,,,,,,,,,,,,,,true,true,12,2020-04-01,2021-03-31,0
2020-10-30,63020,2020-03-31,,864490000000,,,,,,56821000000,,52657000000,,32807000000,,,267.77,,,,,,,,,,,,,,,,,,,,,,true,false,12,2019-04-01,2020-03-31,-1
2020-10-30,63020,2021-03-31,,,,,,,,,,,,,,,,,,,,,,,,,,,,,,39.00,,,,,,,false,true,12,2020-04-01,2021-03-31,0
2020-10-30,63020,2021-03-31,,,,,,,,,,,,,,,,,,,,,,,,,,,,,,0.00,,,,,,,false,false,12,2020-04-01,2021-03-31,0
2020-10-30,63020,2020-03-31,,,,,,,,,,,,,,,,,,,,,,,,,,,,,,91.00,,,,,,,false,false,12,2019-04-01,2020-03-31,-1
2021-01-29,63020,2021-03-31,3,599871000000,-0.041,,,,,36341000000,-0.039,33561000000,-0.059,,20635000000,,168.43,,,,,,1002325000000,491936000000,0.477,,478518000000,,,,,,,,,,,,true,false,9,2020-04-01,2020-12-31,0
2021-01-29,63020,2020-03-31,3,625682000000,-0.032,,,,,37834000000,-0.278,35669000000,-0.290,,22867000000,,186.64,,,,,,,,,,,,,,,,,,,,,,true,false,9,2019-04-01,2019-12-31,-1
2021-01-29,63020,2021-03-31,3,850000000000,-0.017,,,,,46000000000,-0.190,41500000000,-0.212,,22000000000,,179.00,,,,,,,,,,,,,,,,,,,,,,true,true,12,2020-04-01,2021-03-31,0
2021-01-29,63020,2020-03-31,3,,,,,,,,,,,,,,,,,,,,996111000000,477648000000,0.466,,464457000000,,,,,,,,,,,,true,false,12,2019-04-01,2020-03-31,-1
2021-01-29,63020,2020-03-31,3,,,,,,,,,,,,,,,,,,,,,,,,,,,,,91.00,,,,122905481,389392,,false,false,12,2019-04-01,2020-03-31,-1
2021-01-29,63020,2021-03-31,3,,,,,,,,,,,,,,,,,,,,,,,,,,,,,9.00,,,,,,,false,false,12,2020-04-01,2021-03-31,0
2021-01-29,63020,2021-03-31,3,,,,,,,,,,,,,,,,,,,,,,,,,,,,,54.00,,,,,,,false,true,12,2020-04-01,2021-03-31,0
2021-01-29,63020,2021-03-31,3,,,,,,,,,,,,,,,,,,,,,,,,,,,,,,,,,122905481,395859,122512730,false,false,9,2020-04-01,2020-12-31,0
2021-01-29,63020,2020-03-31,3,,,,,,,,,,,,,,,,,,,,,,,,,,,,,,,,,,,122520706,false,false,9,2019-04-01,2019-12-31,-1
2021-01-29,63020,2021-03-31,,850000000000,0.049,,,,,46000000000,0.278,41500000000,0.317,22000000000,,0.375,179.00,,,,,,,,,,,,,,,,,,,,,,true,true,12,2020-04-01,2021-03-31,0
2021-01-29,63020,2020-03-31,,864490000000,,,,,,56821000000,,52657000000,,32807000000,,,267.77,,,,,,,,,,,,,,,,,,,,,,true,false,12,2019-04-01,2020-03-31,-1
2021-01-29,63020,2021-03-31,,,,,,,,,,,,,,,,,,,,,,,,,,,,,,54.00,,,,,,,false,true,12,2020-04-01,2021-03-31,0
2021-01-29,63020,2021-03-31,,,,,,,,,,,,,,,,,,,,,,,,,,,,,,9.00,,,,,,,false,false,12,2020-04-01,2021-03-31,0
2021-01-29,63020,2020-03-31,,,,,,,,,,,,,,,,,,,,,,,,,,,,,,91.00,,,,,,,false,false,12,2019-04-01,2020-03-31,-1
2021-05-10,63020,2021-03-31,,849065000000,-0.018,,,,,51342000000,-0.096,49544000000,-0.059,,26764000000,,218.46,,0.056,0.049,0.060,,1030684000000,504928000000,0.476,4005.43,490697000000,64131000000,-43729000000,-7959000000,96242000000,,0.298,,,,,,true,false,12,2020-04-01,2021-03-31,0
2021-05-10,63020,2020-03-31,,864490000000,-0.043,,,,,56806000000,-0.245,52642000000,-0.275,,32807000000,,267.77,,0.071,0.054,0.066,,996111000000,477648000000,0.466,3790.99,464457000000,36263000000,-57752000000,35964000000,83630000000,,0.340,,,,,,true,false,12,2019-04-01,2020-03-31,-1
2021-05-10,63020,2022-03-31,,870000000000,,,,,,50000000000,,46000000000,,,27000000000,,220.39,,,,,,,,,,,,,,,,0.318,,,,,,true,true,12,2021-04-01,2022-03-31,1
2021-05-10,63020,2021-03-31,,238511000000,0.170,,,,,11911000000,1.290,33994000000,1.593,34650000000,,1.759,282.83,,,,,,560518000000,184504000000,0.329,1506.05,184504000000,,,,,65.00,,,,122905481,397425,122511716,false,false,12,2020-04-01,2021-03-31,0
2021-05-10,63020,2020-03-31,,203847000000,-0.065,,,,,5200000000,-0.440,13107000000,-0.490,12558000000,,-0.303,102.50,,,,,,541242000000,153386000000,0.283,1251.97,153386000000,,,,,91.00,,,,122905481,389392,122519612,false,false,12,2019-04-01,2020-03-31,-1
2021-05-10,63020,2022-03-31,,,,,,,,,,,,,,,,,,,,,,,,,,,,,,70.00,,,,,,,false,true,12,2021-04-01,2022-03-31,1
2021-07-30,63020,2022-03-31,1,216267000000,0.197,,,,,15045000000,1.147,15059000000,1.645,,9260000000,,75.59,,,,,,1040030000000,519924000000,0.486,,505750000000,,,,,,,,,,,,true,false,3,2021-04-01,2021-06-30,0
2021-07-30,63020,2021-03-31,1,180657000000,-0.115,,,,,7006000000,-0.482,5693000000,-0.573,,2603000000,,21.25,,,,,,,,,,,,,,,,,,,,,,true,false,3,2020-04-01,2020-06-30,-1
2021-07-30,63020,2022-03-31,1,870000000000,0.025,,,,,50000000000,-0.026,46000000000,-0.072,,27000000000,,220.39,,,,,,,,,,,,,,,,,,,,,,true,true,12,2021-04-01,2022-03-31,0
2021-07-30,63020,2021-03-31,1,,,,,,,,,,,,,,,,,,,,1030684000000,504928000000,0.476,,490697000000,,,,,,,,,,,,true,false,12,2020-04-01,2021-03-31,-1
2021-07-30,63020,2021-03-31,1,,,,,,,,,,,,,,,,,,,,,,,,,,,,,65.00,,,,122905481,397425,,false,false,12,2020-04-01,2021-03-31,-1
2021-07-30,63020,2022-03-31,1,,,,,,,,,,,,,,,,,,,,,,,,,,,,,70.00,,,,,,,false,true,12,2021-04-01,2022-03-31,0
2021-07-30,63020,2022-03-31,1,,,,,,,,,,,,,,,,,,,,,,,,,,,,,,,,,122905481,398502,122507252,false,false,3,2021-04-01,2021-06-30,0
2021-07-30,63020,2021-03-31,1,,,,,,,,,,,,,,,,,,,,,,,,,,,,,,,,,,,122515795,false,false,3,2020-04-01,2020-06-30,-1
2021-10-29,63020,2022-03-31,2,446037000000,0.139,,,,,27464000000,0.298,27230000000,0.424,,17713000000,,144.59,,,,,,1044996000000,531116000000,0.495,,516758000000,,,,,,,,,,,,true,false,6,2021-04-01,2021-09-30,0
2021-10-29,63020,2021-03-31,2,391701000000,-0.078,,,,,21163000000,-0.222,19128000000,-0.259,,10866000000,,88.69,,,,,,,,,,,,,,,,,,,,,,true,false,6,2020-04-01,2020-09-30,-1
2021-10-29,63020,2022-03-31,2,950000000000,0.119,,,,,60000000000,0.169,57000000000,0.150,,34000000000,,277.54,,,,,,,,,,,,,,,,,,,,,,true,true,12,2021-04-01,2022-03-31,0
2021-10-29,63020,2021-03-31,2,,,,,,,,,,,,,,,,,,,,1030684000000,504928000000,0.476,,490697000000,,,,,,,,,,,,true,false,12,2020-04-01,2021-03-31,-1
2021-10-29,63020,2021-03-31,2,,,,,,,,,,,,,,,,,,,,,,,,,,,,,65.00,,,,122905481,397425,,false,false,12,2020-04-01,2021-03-31,-1
2021-10-29,63020,2022-03-31,2,,,,,,,,,,,,,,,,,,,,,,,,,,,,,35.00,,,,,,,false,false,12,2021-04-01,2022-03-31,0
2021-10-29,63020,2022-03-31,2,,,,,,,,,,,,,,,,,,,,,,,,,,,,,90.00,,,,,,,false,true,12,2021-04-01,2022-03-31,0
2021-10-29,63020,2022-03-31,2,,,,,,,,,,,,,,,,,,,,,,,,,,,,,,,,,122905481,402242,122505571,false,false,6,2021-04-01,2021-09-30,0
2021-10-29,63020,2021-03-31,2,,,,,,,,,,,,,,,,,,,,,,,,,,,,,,,,,,,122513993,false,false,6,2020-04-01,2020-09-30,-1
2022-01-31,63020,2022-03-31,3,681108000000,0.135,,,,,44146000000,0.215,42871000000,0.277,,28308000000,,231.08,,,,,,1064539000000,536790000000,0.491,,522429000000,,,,,,,,,,,,true,false,9,2021-04-01,2021-12-31,0
2022-01-31,63020,2021-03-31,3,599871000000,-0.041,,,,,36341000000,-0.039,33561000000,-0.059,,20635000000,,168.43,,,,,,,,,,,,,,,,,,,,,,true,false,9,2020-04-01,2020-12-31,-1
2022-01-31,63020,2022-03-31,3,950000000000,0.119,,,,,60000000000,0.169,57000000000,0.150,,34000000000,,277.54,,,,,,,,,,,,,,,,,,,,,,true,true,12,2021-04-01,2022-03-31,0
2022-01-31,63020,2021-03-31,3,,,,,,,,,,,,,,,,,,,,1030684000000,504928000000,0.476,,490697000000,,,,,,,,,,,,true,false,12,2020-04-01,2021-03-31,-1
2022-01-31,63020,2021-03-31,3,,,,,,,,,,,,,,,,,,,,,,,,,,,,,65.00,,,,122905481,397425,,false,false,12,2020-04-01,2021-03-31,-1
2022-01-31,63020,2022-03-31,3,,,,,,,,,,,,,,,,,,,,,,,,,,,,,35.00,,,,,,,false,false,12,2021-04-01,2022-03-31,0
2022-01-31,63020,2022-03-31,3,,,,,,,,,,,,,,,,,,,,,,,,,,,,,90.00,,,,,,,false,true,12,2021-04-01,2022-03-31,0
2022-01-31,63020,2022-03-31,3,,,,,,,,,,,,,,,,,,,,,,,,,,,,,,,,,122905481,403765,122504436,false,false,9,2021-04-01,2021-12-31,0
2022-01-31,63020,2021-03-31,3,,,,,,,,,,,,,,,,,,,,,,,,,,,,,,,,,,,122512730,false,false,9,2020-04-01,2020-12-31,-1
2022-05-10,63020,2022-03-31,,943979000000,0.112,,,,,65678000000,0.279,64847000000,0.309,,44053000000,,359.61,,0.085,0.061,0.070,,1094930000000,566843000000,0.504,4501.11,551387000000,61679000000,-49678000000,-28106000000,84992000000,,0.320,,,,,,true,false,12,2021-04-01,2022-03-31,0
2022-05-10,63020,2021-03-31,,849065000000,-0.018,,,,,51342000000,-0.096,49544000000,-0.059,,26764000000,,218.46,,0.056,0.049,0.060,,1030684000000,504928000000,0.476,4005.43,490697000000,64131000000,-43729000000,-7959000000,96242000000,,0.298,,,,,,true,false,12,2020-04-01,2021-03-31,-1
2022-05-10,63020,2023-03-31,,850000000000,,,,,,51000000000,,49000000000,,,30000000000,,244.90,,,,,,,,,,,,,,,,0.368,,,,,,true,true,12,2022-04-01,2023-03-31,1
2022-05-10,63020,2022-03-31,,231478000000,-0.029,,,,,20052000000,0.684,38024000000,0.119,30139000000,,-0.130,246.02,,,,,,576452000000,202976000000,0.352,1656.95,202976000000,,,,,115.00,,,,122905481,405110,122503539,false,false,12,2021-04-01,2022-03-31,0
2022-05-10,63020,2021-03-31,,238511000000,0.170,,,,,11911000000,1.290,33994000000,1.593,34650000000,,1.759,282.83,,,,,,560518000000,184504000000,0.329,1506.05,184504000000,,,,,65.00,,,,122905481,397425,122511716,false,false,12,2020-04-01,2021-03-31,-1
2022-05-10,63020,2023-03-31,,,,,,,,,,,,,,,,,,,,,,,,,,,,,,90.00,,,,,,,false,true,12,2022-04-01,2023-03-31,1
2022-08-05,63020,2022-12-31,1,314208000000,,,,,,14781000000,,16583000000,,,10311000000,,84.17,,,,,,1156708000000,604062000000,0.508,,588010000000,,,,,,,,,,,,true,false,3,2022-01-01,2022-03-31,0
2022-08-05,63020,2021-12-31,1,216267000000,0.197,,,,,15045000000,1.147,15059000000,1.645,,9260000000,,75.59,,,,,,,,,,,,,,,,,,,,,,true,false,3,2021-01-01,2021-03-31,-1
2022-08-05,63020,2022-12-31,1,850000000000,,,,,,51000000000,,49000000000,,,30000000000,,244.90,,,,,,,,,,,,,,,,,,,,,,true,true,12,2022-01-01,2022-12-31,0
2022-08-05,63020,2021-12-31,1,,,,,,,,,,,,,,,,,,,,1094930000000,566843000000,0.504,,551387000000,,,,,,,,,,,,true,false,12,2021-01-01,2021-12-31,-1
2022-08-05,63020,2021-12-31,1,,,,,,,,,,,,,,,,,,,,,,,,,,,,,115.00,,,,122905481,405110,,false,false,12,2021-01-01,2021-12-31,-1
2022-08-05,63020,2022-12-31,1,,,,,,,,,,,,,,,,,,,,,,,,,,,,,90.00,,,,,,,false,true,12,2022-01-01,2022-12-31,0
2022-08-05,63020,2022-12-31,1,,,,,,,,,,,,,,,,,,,,,,,,,,,,,,,,,122905481,405888,122499864,false,false,3,2022-01-01,2022-03-31,0
2022-08-05,63020,2021-12-31,1,,,,,,,,,,,,,,,,,,,,,,,,,,,,,,,,,,,122507252,false,false,3,2021-01-01,2021-03-31,-1
2022-11-11,63020,2022-12-31,2,576648000000,,,,,,26733000000,,28542000000,,,19002000000,,155.12,,,,,,1179408000000,618850000000,0.512,,603576000000,,,,,,,,,,,,true,false,6,2022-01-01,2022-06-30,0
2022-11-11,63020,2021-12-31,2,446037000000,0.139,,,,,27464000000,0.298,27230000000,0.424,,17713000000,,144.59,,,,,,,,,,,,,,,,,,,,,,true,false,6,2021-01-01,2021-06-30,-1
2022-11-11,63020,2022-12-31,2,870000000000,,,,,,43000000000,,44000000000,,,26000000000,,212.25,,,,,,,,,,,,,,,,,,,,,,true,true,12,2022-01-01,2022-12-31,0
2022-11-11,63020,2021-12-31,2,,,,,,,,,,,,,,,,,,,,1094930000000,566843000000,0.504,,551387000000,,,,,,,,,,,,true,false,12,2021-01-01,2021-12-31,-1
2022-11-11,63020,2021-12-31,2,,,,,,,,,,,,,,,,,,,,,,,,,,,,,115.00,,,,122905481,405110,,false,false,12,2021-01-01,2021-12-31,-1
2022-11-11,63020,2022-12-31,2,,,,,,,,,,,,,,,,,,,,,,,,,,,,,45.00,,,,,,,false,false,12,2022-01-01,2022-12-31,0
2022-11-11,63020,2022-12-31,2,,,,,,,,,,,,,,,,,,,,,,,,,,,,,90.00,,,,,,,false,true,12,2022-01-01,2022-12-31,0
2022-11-11,63020,2022-12-31,2,,,,,,,,,,,,,,,,,,,,,,,,,,,,,,,,,122905481,408700,122498607,false,false,6,2022-01-01,2022-06-30,0
2022-11-11,63020,2021-12-31,2,,,,,,,,,,,,,,,,,,,,,,,,,,,,,,,,,,,122505571,false,false,6,2021-01-01,2021-06-30,-1
2023-01-31,63020,2023-03-31,,854000000000,-0.018,,,,,44000000000,0.023,43000000000,-0.023,5000000000,,-0.808,40.82,,,,,,,,,,,,,,,,,,,,,,true,true,12,2022-04-01,2023-03-31,0
2023-01-31,63020,2022-03-31,,943979000000,,,,,,65678000000,,64847000000,,44053000000,,,359.61,,,,,,,,,,,,,,,,,,,,,,true,false,12,2021-04-01,2022-03-31,-1
2023-02-13,63020,2022-12-31,,854093000000,,,,,,44803000000,,43253000000,,,5782000000,,47.20,,0.010,0.039,0.052,,1148870000000,576922000000,0.495,4647.20,569263000000,21366000000,-37279000000,21677000000,93727000000,,1.908,,,,,,true,false,12,2022-01-01,2022-12-31,0
2023-02-13,63020,2021-12-31,,943979000000,0.112,,,,,65678000000,0.279,64847000000,0.309,,44053000000,,359.61,,0.085,0.061,0.070,,1094930000000,566843000000,0.504,4501.11,551387000000,61679000000,-49678000000,-28106000000,84992000000,,0.320,,,,,,true,false,12,2021-01-01,2021-12-31,-1
2023-02-13,63020,2023-12-31,,1050000000000,,,,,,64000000000,,60000000000,,,38000000000,,310.21,,,,,,,,,,,,,,,,0.387,,,,,,true,true,12,2023-01-01,2023-12-31,1
2023-02-13,63020,2022-12-31,,166954000000,,,,,,8147000000,,18957000000,,-6074000000,,,-49.58,,,,,,578650000000,182176000000,0.315,1487.20,182176000000,,,,,90.00,,,,122905481,409650,122497788,false,false,12,2022-01-01,2022-12-31,0
2023-02-13,63020,2021-12-31,,231478000000,-0.029,,,,,20052000000,0.684,38024000000,0.119,30139000000,,-0.130,246.02,,,,,,576452000000,202976000000,0.352,1656.95,202976000000,,,,,115.00,,,,122905481,405110,122503539,false,false,12,2021-01-01,2021-12-31,-1
2023-02-13,63020,2023-12-31,,,,,,,,,,,,,,,,,,,,,,,,,,,,,,120.00,,,,,,,false,true,12,2023-01-01,2023-12-31,1
2023-05-12,63020,2023-12-31,1,248236000000,,,,,,16157000000,,16359000000,,,10809000000,,88.24,,,,,,1172747000000,587833000000,0.494,,579501000000,,,,,,,,,,,,true,false,3,2023-01-01,2023-03-31,0
2023-05-12,63020,2022-12-31,1,314208000000,,,,,,14781000000,,16583000000,,,10311000000,,84.17,,,,,,,,,,,,,,,,,,,,,,true,false,3,2022-01-01,2022-03-31,-1
2023-05-12,63020,2023-12-31,1,1050000000000,,,,,,64000000000,,60000000000,,,38000000000,,310.21,,,,,,,,,,,,,,,,,,,,,,true,true,12,2023-01-01,2023-12-31,0
2023-05-12,63020,2022-12-31,1,,,,,,,,,,,,,,,,,,,,1148870000000,576922000000,0.495,,569263000000,,,,,,,,,,,,true,false,12,2022-01-01,2022-12-31,-1
2023-05-12,63020,2022-12-31,1,,,,,,,,,,,,,,,,,,,,,,,,,,,,,90.00,,,,122905481,409650,,false,false,12,2022-01-01,2022-12-31,-1
2023-05-12,63020,2023-12-31,1,,,,,,,,,,,,,,,,,,,,,,,,,,,,,120.00,,,,,,,false,true,12,2023-01-01,2023-12-31,0
2023-05-12,63020,2023-12-31,1,,,,,,,,,,,,,,,,,,,,,,,,,,,,,,,,,122905481,410845,122495089,false,false,3,2023-01-01,2023-03-31,0
2023-05-12,63020,2022-12-31,1,,,,,,,,,,,,,,,,,,,,,,,,,,,,,,,,,,,122499864,false,false,3,2022-01-01,2022-03-31,-1
2023-08-07,63020,2023-12-31,2,510059000000,,,,,,30655000000,,32889000000,,,22476000000,,183.49,,,,,,1203463000000,620005000000,0.508,,611783000000,,,,,,,,,,,,true,false,6,2023-01-01,2023-06-30,0
2023-08-07,63020,2022-12-31,2,576648000000,,,,,,26733000000,,28542000000,,,19002000000,,155.12,,,,,,,,,,,,,,,,,,,,,,true,false,6,2022-01-01,2022-06-30,-1
2023-08-07,63020,2023-12-31,2,1075000000000,,,,,,64000000000,,60000000000,,,38000000000,,310.21,,,,,,,,,,,,,,,,,,,,,,true,true,12,2023-01-01,2023-12-31,0
2023-08-07,63020,2022-12-31,2,,,,,,,,,,,,,,,,,,,,1148870000000,576922000000,0.495,,569263000000,,,,,,,,,,,,true,false,12,2022-01-01,2022-12-31,-1
2023-08-07,63020,2022-12-31,2,,,,,,,,,,,,,,,,,,,,,,,,,,,,,90.00,,,,122905481,409650,,false,false,12,2022-01-01,2022-12-31,-1
2023-08-07,63020,2023-12-31,2,,,,,,,,,,,,,,,,,,,,,,,,,,,,,60.00,,,,,,,false,false,12,2023-01-01,2023-12-31,0
2023-08-07,63020,2023-12-31,2,,,,,,,,,,,,,,,,,,,,,,,,,,,,,120.00,,,,,,,false,true,12,2023-01-01,2023-12-31,0
2023-08-07,63020,2023-12-31,2,,,,,,,,,,,,,,,,,,,,,,,,,,,,,,,,,122905481,414984,122493313,false,false,6,2023-01-01,2023-06-30,0
2023-08-07,63020,2022-12-31,2,,,,,,,,,,,,,,,,,,,,,,,,,,,,,,,,,,,122498607,false,false,6,2022-01-01,2022-06-30,-1
2023-11-09,63020,2023-12-31,3,772505000000,,,,,,49732000000,,50362000000,,,34319000000,,280.17,,,,,,1232702000000,630685000000,0.506,,623248000000,,,,,,,,,,,,true,false,9,2023-01-01,2023-09-30,0
2023-11-09,63020,2023-12-31,3,1075000000000,,,,,,64000000000,,60000000000,,,38000000000,,310.21,,,,,,,,,,,,,,,,,,,,,,true,true,12,2023-01-01,2023-12-31,0
2023-11-09,63020,2022-12-31,3,,,,,,,,,,,,,,,,,,,,1148870000000,576922000000,0.495,,569263000000,,,,,,,,,,,,true,false,12,2022-01-01,2022-12-31,-1
2023-11-09,63020,2022-12-31,3,,,,,,,,,,,,,,,,,,,,,,,,,,,,,90.00,,,,122905481,409650,,false,false,12,2022-01-01,2022-12-31,-1
2023-11-09,63020,2023-12-31,3,,,,,,,,,,,,,,,,,,,,,,,,,,,,,60.00,,,,,,,false,false,12,2023-01-01,2023-12-31,0
2023-11-09,63020,2023-12-31,3,,,,,,,,,,,,,,,,,,,,,,,,,,,,,120.00,,,,,,,false,true,12,2023-01-01,2023-12-31,0
2023-11-09,63020,2023-12-31,3,,,,,,,,,,,,,,,,,,,,,,,,,,,,,,,,,122905481,416892,122491955,false,false,9,2023-01-01,2023-09-30,0
2024-02-14,63020,2023-12-31,,1081533000000,,,,,,74367000000,,70250000000,,,32742000000,,267.30,,0.055,0.060,0.069,,1200857000000,627464000000,0.516,5059.88,619771000000,65370000000,-43271000000,-17207000000,100235000000,,0.449,,,,,,true,false,12,2023-01-01,2023-12-31,0
2024-02-14,63020,2022-12-31,,854093000000,,,,,,44803000000,,43253000000,,,5782000000,,47.20,,0.010,0.039,0.052,,1148870000000,576922000000,0.495,4647.20,569263000000,21366000000,-37279000000,21677000000,93727000000,,1.908,,,,,,true,false,12,2022-01-01,2022-12-31,-1
2024-02-14,63020,2024-12-31,,1110000000000,0.026,,,,,70000000000,-0.059,66000000000,-0.060,,41000000000,,334.73,,,,,,,,,,,,,,,,0.374,,,,,,true,true,12,2024-01-01,2024-12-31,1
2024-02-14,63020,2023-12-31,,221864000000,,,,,,7444000000,,22625000000,,8347000000,,,68.14,,,,,,570141000000,179365000000,0.315,1464.35,179365000000,,,,,120.00,,,,122905481,418174,122490896,false,false,12,2023-01-01,2023-12-31,0
2024-02-14,63020,2022-12-31,,166954000000,,,,,,8147000000,,18957000000,,-6074000000,,,-49.58,,,,,,578650000000,182176000000,0.315,1487.20,182176000000,,,,,90.00,,,,122905481,409650,122497788,false,false,12,2022-01-01,2022-12-31,-1
2024-02-14,63020,2024-12-31,,,,,,,,,,,,,,,,,,,,,,,,,,,,,,125.00,,,,,,,false,true,12,2024-01-01,2024-12-31,1
2024-04-26,63020,2024-12-31,1,254811000000,0.026,,,,,18434000000,0.141,18766000000,0.147,,13599000000,,111.13,,,,,,1254072000000,649141000000,0.511,,640763000000,,,,,,,,,,,,true,false,3,2024-01-01,2024-03-31,0
2024-04-26,63020,2023-12-31,1,248236000000,,,,,,16157000000,,16359000000,,,10809000000,,88.24,,,,,,,,,,,,,,,,,,,,,,true,false,3,2023-01-01,2023-03-31,-1
2024-04-26,63020,2024-12-31,1,1110000000000,0.026,,,,,70000000000,-0.059,66000000000,-0.060,,41000000000,,334.73,,,,,,,,,,,,,,,,,,,,,,true,true,12,2024-01-01,2024-12-31,0
2024-04-26,63020,2023-12-31,1,,,,,,,,,,,,,,,,,,,,1200857000000,627464000000,0.516,,619771000000,,,,,,,,,,,,true,false,12,2023-01-01,2023-12-31,-1
2024-04-26,63020,2023-12-31,1,,,,,,,,,,,,,,,,,,,,,,,,,,,,,120.00,,,,122905481,418174,,false,false,12,2023-01-01,2023-12-31,-1
2024-04-26,63020,2024-12-31,1,,,,,,,,,,,,,,,,,,,,,,,,,,,,,125.00,,,,,,,false,true,12,2024-01-01,2024-12-31,0
2024-04-26,63020,2024-12-31,1,,,,,,,,,,,,,,,,,,,,,,,,,,,,,,,,,122905481,761990,122373007,false,false,3,2024-01-01,2024-03-31,0
2024-04-26,63020,2023-12-31,1,,,,,,,,,,,,,,,,,,,,,,,,,,,,,,,,,,,122495089,false,false,3,2023-01-01,2023-03-31,-1
2024-08-07,63020,2024-12-31,2,520353000000,0.020,,,,,33330000000,0.087,33858000000,0.029,,23509000000,,193.26,,,,,,1256801000000,667407000000,0.525,,660278000000,,,,,,,,,,,,true,false,6,2024-01-01,2024-06-30,0
2024-08-07,63020,2023-12-31,2,510059000000,,,,,,30655000000,,32889000000,,,22476000000,,183.49,,,,,,,,,,,,,,,,,,,,,,true,false,6,2023-01-01,2023-06-30,-1
2024-08-07,63020,2024-12-31,2,1070000000000,-0.011,,,,,65000000000,-0.126,61000000000,-0.132,,38000000000,,316.18,,,,,,,,,,,,,,,,,,,,,,true,true,12,2024-01-01,2024-12-31,0
2024-08-07,63020,2023-12-31,2,,,,,,,,,,,,,,,,,,,,1200857000000,627464000000,0.516,,619771000000,,,,,,,,,,,,true,false,12,2023-01-01,2023-12-31,-1
2024-08-07,63020,2023-12-31,2,,,,,,,,,,,,,,,,,,,,,,,,,,,,,120.00,,,,122905481,418174,,false,false,12,2023-01-01,2023-12-31,-1
2024-08-07,63020,2024-12-31,2,,,,,,,,,,,,,,,,,,,,,,,,,,,,,60.00,,,,,,,false,false,12,2024-01-01,2024-12-31,0
2024-08-07,63020,2024-12-31,2,,,,,,,,,,,,,,,,,,,,,,,,,,,,,125.00,,,,,,,false,true,12,2024-01-01,2024-12-31,0
2024-08-07,63020,2024-12-31,2,,,,,,,,,,,,,,,,,,,,,,,,,,,,,,,,,122905481,2723457,121644244,false,false,6,2024-01-01,2024-06-30,0
2024-08-07,63020,2023-12-31,2,,,,,,,,,,,,,,,,,,,,,,,,,,,,,,,,,,,122493313,false,false,6,2023-01-01,2023-06-30,-1
2024-10-31,63020,2024-12-31,3,772072000000,-0.001,,,,,41050000000,-0.175,35289000000,-0.299,,24297000000,,200.55,,,,,,1223040000000,629899000000,0.510,,623721000000,,,,,,,,,,,,true,false,9,2024-01-01,2024-09-30,0
2024-10-31,63020,2023-12-31,3,772505000000,,,,,,49732000000,,50362000000,,,34319000000,,280.17,,,,,,,,,,,,,,,,,,,,,,true,false,9,2023-01-01,2023-09-30,-1
2024-10-31,63020,2024-12-31,3,1070000000000,-0.011,,,,,65000000000,-0.126,61000000000,-0.132,,38000000000,,316.18,,,,,,,,,,,,,,,,,,,,,,true,true,12,2024-01-01,2024-12-31,0
2024-10-31,63020,2023-12-31,3,,,,,,,,,,,,,,,,,,,,1200857000000,627464000000,0.516,,619771000000,,,,,,,,,,,,true,false,12,2023-01-01,2023-12-31,-1
2024-10-31,63020,2023-12-31,3,,,,,,,,,,,,,,,,,,,,,,,,,,,,,120.00,,,,122905481,418174,,false,false,12,2023-01-01,2023-12-31,-1
2024-10-31,63020,2024-12-31,3,,,,,,,,,,,,,,,,,,,,,,,,,,,,,60.00,,,,,,,false,false,12,2024-01-01,2024-12-31,0
2024-10-31,63020,2024-12-31,3,,,,,,,,,,,,,,,,,,,,,,,,,,,,,125.00,,,,,,,false,true,12,2024-01-01,2024-12-31,0
2024-10-31,63020,2024-12-31,3,,,,,,,,,,,,,,,,,,,,,,,,,,,,,,,,,122905481,2724706,121156550,false,false,9,2024-01-01,2024-09-30,0
2024-10-31,63020,2023-12-31,3,,,,,,,,,,,,,,,,,,,,,,,,,,,,,,,,,,,122491955,false,false,9,2023-01-01,2023-09-30,-1
2025-02-14,63020,2024-12-31,,1071126000000,-0.010,,,,,55103000000,-0.259,49184000000,-0.300,,7721000000,,63.86,,0.012,0.040,0.051,,1260242000000,646418000000,0.508,5331.01,640681000000,12763000000,-49482000000,41908000000,107542000000,,1.947,,,,,,true,false,12,2024-01-01,2024-12-31,0
2025-02-14,63020,2023-12-31,,1081533000000,,,,,,74367000000,,70250000000,,,32742000000,,267.30,,0.055,0.060,0.069,,1200857000000,627464000000,0.516,5059.88,619771000000,65370000000,-43271000000,-17207000000,100235000000,,0.449,,,,,,true,false,12,2023-01-01,2023-12-31,-1
2025-02-14,63020,2025-12-31,,1090000000000,0.018,,,,,60000000000,0.089,53000000000,0.078,,28000000000,,232.98,,,,,,,,,,,,,,,,0.537,,,,,,true,true,12,2025-01-01,2025-12-31,1
2025-02-14,63020,2024-12-31,,225595000000,0.017,,,,,-3128000000,,37495000000,0.657,16800000000,,1.013,138.95,,,,,,584005000000,173029000000,0.296,1439.75,173029000000,,,,,125.00,,,,122905481,2725562,120912444,false,false,12,2024-01-01,2024-12-31,0
2025-02-14,63020,2023-12-31,,221864000000,,,,,,7444000000,,22625000000,,8347000000,,,68.14,,,,,,570141000000,179365000000,0.315,1464.35,179365000000,,,,,120.00,,,,122905481,418174,122490896,false,false,12,2023-01-01,2023-12-31,-1
2025-02-14,63020,2025-12-31,,,,,,,,,,,,,,,,,,,,,,,,,,,,,,125.00,,,,,,,false,true,12,2025-01-01,2025-12-31,1
2025-04-28,63020,2025-12-31,1,241536000000,-0.052,,,,,11182000000,-0.393,10050000000,-0.464,,6495000000,,54.04,,,,,,1252691000000,629127000000,0.498,,623545000000,,,,,,,,,,,,true,false,3,2025-01-01,2025-03-31,0
2025-04-28,63020,2024-12-31,1,254811000000,0.026,,,,,18434000000,0.141,18766000000,0.147,,13599000000,,111.13,,,,,,,,,,,,,,,,,,,,,,true,false,3,2024-01-01,2024-03-31,-1
2025-04-28,63020,2025-12-31,1,1090000000000,0.018,,,,,60000000000,0.089,53000000000,0.078,,28000000000,,232.98,,,,,,,,,,,,,,,,,,,,,,true,true,12,2025-01-01,2025-12-31,0
2025-04-28,63020,2024-12-31,1,,,,,,,,,,,,,,,,,,,,1260242000000,646418000000,0.508,,640681000000,,,,,,,,,,,,true,false,12,2024-01-01,2024-12-31,-1
2025-04-28,63020,2024-12-31,1,,,,,,,,,,,,,,,,,,,,,,,,,,,,,125.00,,,,122905481,2725562,,false,false,12,2024-01-01,2024-12-31,-1
2025-04-28,63020,2025-12-31,1,,,,,,,,,,,,,,,,,,,,,,,,,,,,,125.00,,,,,,,false,true,12,2025-01-01,2025-12-31,0
2025-04-28,63020,2025-12-31,1,,,,,,,,,,,,,,,,,,,,,,,,,,,,,,,,,122905481,2720126,120183482,false,false,3,2025-01-01,2025-03-31,0
2025-04-28,63020,2024-12-31,1,,,,,,,,,,,,,,,,,,,,,,,,,,,,,,,,,,,122373007,false,false,3,2024-01-01,2024-03-31,-1
