filing_date,code,fiscal_year_end,quarterly_period,net_sales,net_sales_change,revenue,revenue_change,operating_revenue,operating_revenue_change,operating_profit,operating_profit_change,ordinary_profit,ordinary_profit_change,net_income,net_income_of_parent,net_income_change,eps,diluted_eps,roe,roa,operating_profit_to_net_sales,operating_profit_to_revenue,total_assets,net_assets,equity_ratio,bps,owner_equity,operating_cash_flow,investing_cash_flow,financing_cash_flow,cash,dividend_per_share,payout_ratio,commemorative_dividend,extra_dividend,number_of_shares,number_of_treqsury_shares,avg_number_of_shares,is_consolidated,is_forecast,duration,period_start,period_end,period_pos
2015-05-08,63250,2015-03-31,,5910000000,-0.104,,,,,482000000,-0.324,522000000,-0.297,343000000,,-0.194,29.81,,0.079,0.077,0.082,,6710000000,4524000000,0.674,392.48,4524000000,438000000,-498000000,-107000000,250000000,7.00,0.235,,,14000000,2470885,11529115,false,false,12,2014-04-01,2015-03-31,0
2015-05-08,63250,2014-03-31,,6595000000,0.257,,,,,714000000,0.828,743000000,0.768,426000000,,0.726,37.00,,0.108,0.115,0.108,,6814000000,4149000000,0.609,359.95,4149000000,656000000,-147000000,-329000000,418000000,7.00,0.189,,,14000000,2470885,11529115,false,false,12,2013-04-01,2014-03-31,-1
2015-05-08,63250,2016-03-31,,3749000000,0.157,,,,,450000000,0.297,472000000,0.278,307000000,,0.277,26.63,,,,,,,,,,,,,,,,,,,,,,false,true,6,2015-04-01,2015-09-30,1
2015-05-08,63250,2016-03-31,,6293000000,0.065,,,,,528000000,0.095,563000000,0.078,366000000,,0.066,31.80,,,,,,,,,,,,,,,7.00,0.220,,,,,,false,true,12,2015-04-01,2016-03-31,1
2015-07-31,63250,2016-03-31,1,1559000000,0.193,,,,,114000000,0.620,134000000,0.505,104000000,,0.771,9.09,,,,,,7016000000,4577000000,0.652,397.05,4577000000,,,,,,,,,14000000,2470885,11529115,false,false,3,2015-04-01,2015-06-30,0
2015-07-31,63250,2015-03-31,1,1307000000,-0.050,,,,,70000000,-0.257,89000000,-0.167,59000000,,-0.152,5.13,,,,,,,,,,,,,,,,,,,,,11529115,false,false,3,2014-04-01,2014-06-30,-1
2015-07-31,63250,2016-03-31,1,3749000000,0.157,,,,,450000000,0.297,472000000,0.278,307000000,,0.277,26.63,,,,,,,,,,,,,,,,,,,,,,false,true,6,2015-04-01,2015-09-30,0
2015-07-31,63250,2016-03-31,1,6293000000,0.065,,,,,528000000,0.095,563000000,0.078,366000000,,0.066,31.80,,,,,,,,,,,,,,,7.00,,,,,,,false,true,12,2015-04-01,2016-03-31,0
2015-07-31,63250,2015-03-31,1,,,,,,,,,,,,,,,,,,,,6710000000,4524000000,0.674,392.48,4524000000,,,,,7.00,,,,14000000,2470885,,false,false,12,2014-04-01,2015-03-31,-1
2015-10-30,63250,2016-03-31,2,3802000000,0.173,,,,,476000000,0.372,501000000,0.357,350000000,,0.458,30.40,,,,,,7383000000,4684000000,0.634,406.29,4684000000,,,,,,,,,14000000,2470912,11529103,false,false,6,2015-04-01,2015-09-30,0
2015-10-30,63250,2015-03-31,2,3241000000,-0.031,,,,,347000000,-0.170,369000000,-0.147,240000000,,-0.118,20.85,,,,,,,,,,,,,,,,,,,,,11529115,false,false,6,2014-04-01,2014-09-30,-1
2015-10-30,63250,2016-03-31,2,6293000000,0.065,,,,,528000000,0.095,563000000,0.078,366000000,,0.066,31.80,,,,,,,,,,,,,,,7.00,,,,,,,false,true,12,2015-04-01,2016-03-31,0
2015-10-30,63250,2015-03-31,2,,,,,,,,,,,,,,,,,,,,6710000000,4524000000,0.674,392.48,4524000000,,,,,7.00,,,,14000000,2470885,,false,false,12,2014-04-01,2015-03-31,-1
2015-10-30,63250,2016-03-31,2,,,,,,,,,,,,,,,,,,,,,,,,,,,,,2.00,,,,,,,false,false,12,2015-04-01,2016-03-31,0
2016-01-29,63250,2016-03-31,3,5338000000,0.155,,,,,630000000,0.397,665000000,0.372,462000000,,0.423,40.09,,,,,,7606000000,4807000000,0.632,417.02,4807000000,,,,,,,,,14000000,2470937,11529096,false,false,9,2015-04-01,2015-12-31,0
2016-01-29,63250,2015-03-31,3,4622000000,-0.069,,,,,451000000,-0.289,485000000,-0.263,324000000,,-0.209,28.18,,,,,,,,,,,,,,,,,,,,,11529115,false,false,9,2014-04-01,2014-12-31,-1
2016-01-29,63250,2016-03-31,3,6470000000,0.095,,,,,619000000,0.282,659000000,0.260,458000000,,0.332,39.73,,,,,,,,,,,,,,,7.00,,,,,,,false,true,12,2015-04-01,2016-03-31,0
2016-01-29,63250,2015-03-31,3,,,,,,,,,,,,,,,,,,,,6710000000,4524000000,0.674,392.48,4524000000,,,,,7.00,,,,14000000,2470885,,false,false,12,2014-04-01,2015-03-31,-1
2016-01-29,63250,2016-03-31,3,,,,,,,,,,,,,,,,,,,,,,,,,,,,,2.00,,,,,,,false,false,12,2015-04-01,2016-03-31,0
2016-01-29,63250,2016-03-31,,6470000000,0.028,,,619000000,0.172,,,659000000,0.171,458000000,,0.251,39.73,,,,,,,,,,,,,,,,,,,,,,false,true,12,2015-04-01,2016-03-31,0
2016-01-29,63250,2015-03-31,,5910000000,,,,482000000,,,,522000000,,343000000,,,29.81,,,,,,,,,,,,,,,,,,,,,,false,false,12,2014-04-01,2015-03-31,-1
2016-05-11,63250,2016-03-31,,6582000000,0.114,,,,,664000000,0.375,707000000,0.353,485000000,,0.412,42.11,,0.105,0.104,0.101,,6880000000,4742000000,0.689,411.38,4742000000,867000000,-250000000,-352000000,514000000,9.00,0.214,,,14000000,2470937,11529089,false,false,12,2015-04-01,2016-03-31,0
2016-05-11,63250,2015-03-31,,5910000000,-0.104,,,,,482000000,-0.324,522000000,-0.297,343000000,,-0.194,29.81,,0.079,0.077,0.082,,6710000000,4524000000,0.674,392.48,4524000000,438000000,-498000000,-107000000,250000000,7.00,0.235,,,14000000,2470885,11529115,false,false,12,2014-04-01,2015-03-31,-1
2016-05-11,63250,2017-03-31,,3970000000,0.044,,,,,540000000,0.134,560000000,0.117,370000000,,0.056,32.09,,,,,,,,,,,,,,,,,,,,,,false,true,6,2016-04-01,2016-09-30,1
2016-05-11,63250,2017-03-31,,6820000000,0.036,,,,,690000000,0.039,730000000,0.032,480000000,,-0.011,41.63,,,,,,,,,,,,,,,7.00,0.168,,,,,,false,true,12,2016-04-01,2017-03-31,1
2016-07-29,63250,2017-03-31,1,1518000000,-0.026,,,,,138000000,0.215,155000000,0.157,111000000,,0.060,9.64,,,,,,7078000000,4738000000,0.669,410.97,4738000000,,,,,,,,,14000000,2470937,11529063,false,false,3,2016-04-01,2016-06-30,0
2016-07-29,63250,2016-03-31,1,1559000000,0.193,,,,,114000000,0.620,134000000,0.505,104000000,,0.771,9.09,,,,,,,,,,,,,,,,,,,,,11529115,false,false,3,2015-04-01,2015-06-30,-1
2016-07-29,63250,2017-03-31,1,3970000000,0.044,,,,,540000000,0.134,560000000,0.117,370000000,,0.056,32.09,,,,,,,,,,,,,,,,,,,,,,false,true,6,2016-04-01,2016-09-30,0
2016-07-29,63250,2017-03-31,1,6820000000,0.036,,,,,690000000,0.039,730000000,0.032,480000000,,-0.011,41.63,,,,,,,,,,,,,,,7.00,,,,,,,false,true,12,2016-04-01,2017-03-31,0
2016-07-29,63250,2016-03-31,1,,,,,,,,,,,,,,,,,,,,6880000000,4742000000,0.689,411.38,4742000000,,,,,9.00,,,,14000000,2470937,,false,false,12,2015-04-01,2016-03-31,-1
2016-10-31,63250,2017-03-31,2,3615000000,-0.049,,,,,444000000,-0.067,467000000,-0.068,329000000,,-0.059,28.60,28.57,,,,,7539000000,5029000000,0.666,435.42,5019000000,,,,,,,,,14000000,2471016,11529052,false,false,6,2016-04-01,2016-09-30,0
2016-10-31,63250,2016-03-31,2,3802000000,0.173,,,,,476000000,0.372,501000000,0.357,350000000,,0.458,30.40,,,,,,,,,,,,,,,,,,,,,11529103,false,false,6,2015-04-01,2015-09-30,-1
2016-10-31,63250,2017-03-31,2,6820000000,0.036,,,,,690000000,0.039,730000000,0.032,480000000,,-0.011,41.63,,,,,,,,,,,,,,,7.00,,,,,,,false,true,12,2016-04-01,2017-03-31,0
2016-10-31,63250,2016-03-31,2,,,,,,,,,,,,,,,,,,,,6880000000,4742000000,0.689,411.38,4742000000,,,,,9.00,,,,14000000,2470937,,false,false,12,2015-04-01,2016-03-31,-1
2016-10-31,63250,2017-03-31,2,,,,,,,,,,,,,,,,,,,,,,,,,,,,,2.00,,,,,,,false,false,12,2016-04-01,2017-03-31,0
2017-01-31,63250,2017-03-31,3,5186000000,-0.028,,,,,621000000,-0.013,651000000,-0.021,455000000,,-0.014,39.54,39.49,,,,,8089000000,5295000000,0.653,458.51,5286000000,,,,,,,,,14000000,2471016,11529031,false,false,9,2016-04-01,2016-12-31,0
2017-01-31,63250,2016-03-31,3,5338000000,0.155,,,,,630000000,0.397,665000000,0.372,462000000,,0.423,40.09,,,,,,,,,,,,,,,,,,,,,11529096,false,false,9,2015-04-01,2015-12-31,-1
2017-01-31,63250,2017-03-31,3,6820000000,0.036,,,,,690000000,0.039,730000000,0.032,480000000,,-0.011,41.63,,,,,,,,,,,,,,,7.00,,,,,,,false,true,12,2016-04-01,2017-03-31,0
2017-01-31,63250,2016-03-31,3,,,,,,,,,,,,,,,,,,,,6880000000,4742000000,0.689,411.38,4742000000,,,,,9.00,,,,14000000,2470937,,false,false,12,2015-04-01,2016-03-31,-1
2017-01-31,63250,2017-03-31,3,,,,,,,,,,,,,,,,,,,,,,,,,,,,,2.00,,,,,,,false,false,12,2016-04-01,2017-03-31,0
2017-04-28,63250,2017-03-31,,6892000000,0.047,,,,,800000000,0.205,838000000,0.185,595000000,,0.227,51.65,51.55,0.118,0.117,0.116,,7466000000,5374000000,0.719,465.35,5365000000,345000000,-419000000,-79000000,361000000,10.00,0.194,,,14000000,2471016,11529020,false,false,12,2016-04-01,2017-03-31,0
2017-04-28,63250,2016-03-31,,6582000000,0.114,,,,,664000000,0.375,707000000,0.353,485000000,,0.412,42.11,,0.105,0.104,0.101,,6880000000,4742000000,0.689,411.38,4742000000,867000000,-250000000,-352000000,514000000,9.00,0.214,,,14000000,2470937,11529089,false,false,12,2015-04-01,2016-03-31,-1
2017-04-28,63250,2018-03-31,,4000000000,0.106,,,,,450000000,0.013,470000000,0.006,330000000,,0.001,28.62,,,,,,,,,,,,,,,,,,,,,,false,true,6,2017-04-01,2017-09-30,1
2017-04-28,63250,2018-03-31,,7000000000,0.016,,,,,800000000,-0.001,830000000,-0.010,580000000,,-0.026,50.31,,,,,,,,,,,,,,,10.00,0.199,,,,,,false,true,12,2017-04-01,2018-03-31,1
2017-07-31,63250,2018-03-31,1,1869000000,0.231,,,,,256000000,0.852,272000000,0.752,187000000,,0.691,16.30,16.27,,,,,8037000000,5462000000,0.678,472.95,5452000000,,,,,,,,,14000000,2471016,11528984,false,false,3,2017-04-01,2017-06-30,0
2017-07-31,63250,2017-03-31,1,1518000000,-0.026,,,,,138000000,0.215,155000000,0.157,111000000,,0.060,9.64,,,,,,,,,,,,,,,,,,,,,11529063,false,false,3,2016-04-01,2016-06-30,-1
2017-07-31,63250,2018-03-31,1,4000000000,0.106,,,,,450000000,0.013,470000000,0.006,330000000,,0.001,28.62,,,,,,,,,,,,,,,,,,,,,,false,true,6,2017-04-01,2017-09-30,0
2017-07-31,63250,2018-03-31,1,7000000000,0.016,,,,,800000000,-0.001,830000000,-0.010,580000000,,-0.026,50.31,,,,,,,,,,,,,,,10.00,,,,,,,false,true,12,2017-04-01,2018-03-31,0
2017-07-31,63250,2017-03-31,1,,,,,,,,,,,,,,,,,,,,7466000000,5374000000,0.719,465.35,5365000000,,,,,10.00,,,,14000000,2471016,,false,false,12,2016-04-01,2017-03-31,-1
2017-10-25,63250,2018-03-31,,4168000000,0.042,,,,,597000000,0.327,620000000,0.319,435000000,,0.318,37.74,,,,,,,,,,,,,,,,,,,,,,false,true,6,2017-04-01,2017-09-30,0
2017-10-25,63250,2017-03-31,,3615000000,,,,,,444000000,,467000000,,329000000,,,28.60,,,,,,,,,,,,,,,,,,,,,,false,false,6,2016-04-01,2016-09-30,-1
2017-10-27,63250,2018-03-31,2,4168000000,0.153,,,,,597000000,0.344,620000000,0.327,435000000,,0.320,37.74,37.63,,,,,8530000000,5783000000,0.676,500.05,5765000000,,,,,,,,,14000000,2471016,11528984,false,false,6,2017-04-01,2017-09-30,0
2017-10-27,63250,2017-03-31,2,3615000000,-0.049,,,,,444000000,-0.067,467000000,-0.068,329000000,,-0.059,28.60,28.57,,,,,,,,,,,,,,,,,,,,11529052,false,false,6,2016-04-01,2016-09-30,-1
2017-10-27,63250,2018-03-31,2,7000000000,0.016,,,,,800000000,-0.001,830000000,-0.010,580000000,,-0.026,50.31,,,,,,,,,,,,,,,10.00,,,,,,,false,true,12,2017-04-01,2018-03-31,0
2017-10-27,63250,2017-03-31,2,,,,,,,,,,,,,,,,,,,,7466000000,5374000000,0.719,465.35,5365000000,,,,,10.00,,,,14000000,2471016,,false,false,12,2016-04-01,2017-03-31,-1
2017-10-27,63250,2018-03-31,2,,,,,,,,,,,,,,,,,,,,,,,,,,,,,5.00,,,,,,,false,false,12,2017-04-01,2018-03-31,0
2018-01-31,63250,2018-03-31,3,5711000000,0.101,,,,,700000000,0.127,732000000,0.123,511000000,,0.123,44.39,44.25,,,,,8465000000,5861000000,0.690,,5842000000,,,,,,,,,14000000,2471050,11528977,false,false,9,2017-04-01,2017-12-31,0
2018-01-31,63250,2017-03-31,3,5186000000,-0.028,,,,,621000000,-0.013,651000000,-0.021,455000000,,-0.014,39.54,39.49,,,,,,,,,,,,,,,,,,,,11529031,false,false,9,2016-04-01,2016-12-31,-1
2018-01-31,63250,2018-03-31,3,7000000000,0.016,,,,,800000000,-0.001,830000000,-0.010,580000000,,-0.026,50.31,,,,,,,,,,,,,,,10.00,,,,,,,false,true,12,2017-04-01,2018-03-31,0
2018-01-31,63250,2017-03-31,3,,,,,,,,,,,,,,,,,,,,7466000000,5374000000,0.719,,5365000000,,,,,10.00,,,,14000000,2471016,,false,false,12,2016-04-01,2017-03-31,-1
2018-01-31,63250,2018-03-31,3,,,,,,,,,,,,,,,,,,,,,,,,,,,,,5.00,,,,,,,false,false,12,2017-04-01,2018-03-31,0
2018-04-27,63250,2018-03-31,,7367000000,0.069,,,,,832000000,0.040,878000000,0.048,624000000,,0.048,54.14,53.97,0.111,0.112,0.113,,8208000000,5853000000,0.711,506.10,5834000000,707000000,-492000000,94000000,671000000,10.00,0.185,,,14000000,2471050,11528971,false,false,12,2017-04-01,2018-03-31,0
2018-04-27,63250,2017-03-31,,6892000000,0.047,,,,,800000000,0.205,838000000,0.185,595000000,,0.227,51.65,51.55,0.118,0.117,0.116,,7466000000,5374000000,0.719,465.35,5365000000,345000000,-419000000,-79000000,361000000,10.00,0.194,,,14000000,2471016,11529020,false,false,12,2016-04-01,2017-03-31,-1
2018-04-27,63250,2019-03-31,,4300000000,0.031,,,,,590000000,-0.012,610000000,-0.016,430000000,,-0.012,37.30,,,,,,,,,,,,,,,,,,,,,,false,true,6,2018-04-01,2018-09-30,1
2018-04-27,63250,2019-03-31,,7450000000,0.011,,,,,790000000,-0.051,820000000,-0.066,570000000,,-0.087,49.44,,,,,,,,,,,,,,,10.00,0.202,,,,,,false,true,12,2018-04-01,2019-03-31,1
2018-07-31,63250,2019-03-31,1,1856000000,-0.007,,,,,199000000,-0.223,212000000,-0.221,147000000,,-0.216,12.78,12.73,,,,,8458000000,5913000000,0.697,,5894000000,,,,,,,,,14000000,2471050,11528950,false,false,3,2018-04-01,2018-06-30,0
2018-07-31,63250,2018-03-31,1,1869000000,0.231,,,,,256000000,0.852,272000000,0.752,187000000,,0.691,16.30,16.27,,,,,,,,,,,,,,,,,,,,11528984,false,false,3,2017-04-01,2017-06-30,-1
2018-07-31,63250,2019-03-31,1,4300000000,0.031,,,,,590000000,-0.012,610000000,-0.016,430000000,,-0.012,37.30,,,,,,,,,,,,,,,,,,,,,,false,true,6,2018-04-01,2018-09-30,0
2018-07-31,63250,2019-03-31,1,7450000000,0.011,,,,,790000000,-0.051,820000000,-0.066,570000000,,-0.087,49.44,,,,,,,,,,,,,,,10.00,,,,,,,false,true,12,2018-04-01,2019-03-31,0
2018-07-31,63250,2018-03-31,1,,,,,,,,,,,,,,,,,,,,8205000000,5853000000,0.711,,5834000000,,,,,10.00,,,,14000000,2471050,,false,false,12,2017-04-01,2018-03-31,-1
2018-10-31,63250,2019-03-31,2,4062000000,-0.026,,,,,467000000,-0.217,489000000,-0.211,365000000,,-0.161,31.68,31.53,,,,,8613000000,6185000000,0.714,,6153000000,,,,,,,,,14000000,2471050,11528950,false,false,6,2018-04-01,2018-09-30,0
2018-10-31,63250,2018-03-31,2,4168000000,0.153,,,,,597000000,0.344,620000000,0.327,435000000,,0.320,37.74,37.63,,,,,,,,,,,,,,,,,,,,11528984,false,false,6,2017-04-01,2017-09-30,-1
2018-10-31,63250,2019-03-31,2,7450000000,0.011,,,,,790000000,-0.051,820000000,-0.066,570000000,,-0.087,49.44,,,,,,,,,,,,,,,10.00,,,,,,,false,true,12,2018-04-01,2019-03-31,0
2018-10-31,63250,2018-03-31,2,,,,,,,,,,,,,,,,,,,,8205000000,5853000000,0.711,,5834000000,,,,,10.00,,,,14000000,2471050,,false,false,12,2017-04-01,2018-03-31,-1
2018-10-31,63250,2019-03-31,2,,,,,,,,,,,,,,,,,,,,,,,,,,,,,5.00,,,,,,,false,false,12,2018-04-01,2019-03-31,0
2019-01-31,63250,2019-03-31,3,5521000000,-0.033,,,,,497000000,-0.290,532000000,-0.273,352000000,,-0.312,30.56,30.40,,,,,7922000000,6009000000,0.754,,5976000000,,,,,,,,,14000000,2471074,11528945,false,false,9,2018-04-01,2018-12-31,0
2019-01-31,63250,2018-03-31,3,5711000000,0.101,,,,,700000000,0.127,732000000,0.123,511000000,,0.123,44.39,44.25,,,,,,,,,,,,,,,,,,,,11528977,false,false,9,2017-04-01,2017-12-31,-1
2019-01-31,63250,2019-03-31,3,7450000000,0.011,,,,,790000000,-0.051,820000000,-0.066,570000000,,-0.087,49.44,,,,,,,,,,,,,,,10.00,,,,,,,false,true,12,2018-04-01,2019-03-31,0
2019-01-31,63250,2018-03-31,3,,,,,,,,,,,,,,,,,,,,8205000000,5853000000,0.711,,5834000000,,,,,10.00,,,,14000000,2471050,,false,false,12,2017-04-01,2018-03-31,-1
2019-01-31,63250,2019-03-31,3,,,,,,,,,,,,,,,,,,,,,,,,,,,,,5.00,,,,,,,false,false,12,2018-04-01,2019-03-31,0
2019-04-26,63250,2019-03-31,,7147000000,-0.030,,,,,632000000,-0.240,683000000,-0.222,431000000,,-0.308,37.46,37.26,0.072,0.083,0.089,,8351000000,6127000000,0.730,528.69,6095000000,908000000,-341000000,-362000000,876000000,10.00,0.267,,,14000000,2471074,11528941,false,false,12,2018-04-01,2019-03-31,0
2019-04-26,63250,2018-03-31,,7367000000,0.069,,,,,832000000,0.040,878000000,0.048,624000000,,0.048,54.14,53.97,0.111,0.112,0.113,,8205000000,5853000000,0.711,506.10,5834000000,707000000,-492000000,94000000,671000000,10.00,0.185,,,14000000,2471050,11528971,false,false,12,2017-04-01,2018-03-31,-1
2019-04-26,63250,2020-03-31,,4300000000,0.058,,,,,430000000,-0.081,445000000,-0.090,290000000,,-0.206,25.15,,,,,,,,,,,,,,,,,,,,,,false,true,6,2019-04-01,2019-09-30,1
2019-04-26,63250,2020-03-31,,7300000000,0.021,,,,,660000000,0.043,700000000,0.024,450000000,,0.042,39.03,,,,,,,,,,,,,,,10.00,0.256,,,,,,false,true,12,2019-04-01,2020-03-31,1
2019-07-29,63250,2020-03-31,1,1666000000,-0.102,,,,,137000000,-0.312,147000000,-0.305,101000000,,-0.311,8.81,8.76,,,,,8405000000,6155000000,0.728,,6122000000,,,,,,,,,14000000,2471074,11528926,false,false,3,2019-04-01,2019-06-30,0
2019-07-29,63250,2019-03-31,1,1856000000,-0.007,,,,,199000000,-0.223,212000000,-0.221,147000000,,-0.216,12.78,12.73,,,,,,,,,,,,,,,,,,,,11528950,false,false,3,2018-04-01,2018-06-30,-1
2019-07-29,63250,2020-03-31,1,4300000000,0.058,,,,,430000000,-0.081,445000000,-0.090,290000000,,-0.206,25.15,,,,,,,,,,,,,,,,,,,,,,false,true,6,2019-04-01,2019-09-30,0
2019-07-29,63250,2020-03-31,1,7300000000,0.021,,,,,660000000,0.043,700000000,0.024,450000000,,0.042,39.03,,,,,,,,,,,,,,,10.00,,,,,,,false,true,12,2019-04-01,2020-03-31,0
2019-07-29,63250,2019-03-31,1,,,,,,,,,,,,,,,,,,,,8351000000,6127000000,0.730,,6095000000,,,,,10.00,,,,14000000,2471074,,false,false,12,2018-04-01,2019-03-31,-1
2019-10-16,63250,2020-03-31,,3782000000,-0.120,,,,,376000000,-0.123,393000000,-0.117,263000000,,-0.093,22.82,,,,,,,,,,,,,,,,,,,,,,false,true,6,2019-04-01,2019-09-30,0
2019-10-16,63250,2019-03-31,,4062000000,,,,,,467000000,,489000000,,365000000,,,31.68,,,,,,,,,,,,,,,,,,,,,,false,false,6,2018-04-01,2018-09-30,-1
2019-10-30,63250,2020-03-31,2,3782000000,-0.069,,,,,380000000,-0.186,397000000,-0.188,254000000,,-0.304,22.05,21.90,,,,,8223000000,6350000000,0.767,,6307000000,,,,,,,,,14000000,2471074,11528926,false,false,6,2019-04-01,2019-09-30,0
2019-10-30,63250,2019-03-31,2,4062000000,-0.026,,,,,467000000,-0.217,489000000,-0.211,365000000,,-0.161,31.68,31.53,,,,,,,,,,,,,,,,,,,,11528950,false,false,6,2018-04-01,2018-09-30,-1
2019-10-30,63250,2020-03-31,2,7300000000,0.021,,,,,660000000,0.043,700000000,0.024,450000000,,0.042,39.03,,,,,,,,,,,,,,,10.00,,,,,,,false,true,12,2019-04-01,2020-03-31,0
2019-10-30,63250,2019-03-31,2,,,,,,,,,,,,,,,,,,,,8351000000,6127000000,0.730,,6095000000,,,,,10.00,,,,14000000,2471074,,false,false,12,2018-04-01,2019-03-31,-1
2019-10-30,63250,2020-03-31,2,,,,,,,,,,,,,,,,,,,,,,,,,,,,,5.00,,,,,,,false,false,12,2019-04-01,2020-03-31,0
2020-01-28,63250,2020-03-31,3,4960000000,-0.102,,,,,340000000,-0.316,366000000,-0.312,232000000,,-0.340,20.18,20.03,,,,,8322000000,6316000000,0.754,,6273000000,,,,,,,,,14000000,2471074,11528926,false,false,9,2019-04-01,2019-12-31,0
2020-01-28,63250,2019-03-31,3,5521000000,-0.033,,,,,497000000,-0.290,532000000,-0.273,352000000,,-0.312,30.56,30.40,,,,,,,,,,,,,,,,,,,,11528945,false,false,9,2018-04-01,2018-12-31,-1
2020-01-28,63250,2020-03-31,3,7300000000,0.021,,,,,660000000,0.043,700000000,0.024,450000000,,0.042,39.03,,,,,,,,,,,,,,,10.00,,,,,,,false,true,12,2019-04-01,2020-03-31,0
2020-01-28,63250,2019-03-31,3,,,,,,,,,,,,,,,,,,,,8351000000,6127000000,0.730,,6095000000,,,,,10.00,,,,14000000,2471074,,false,false,12,2018-04-01,2019-03-31,-1
2020-01-28,63250,2020-03-31,3,,,,,,,,,,,,,,,,,,,,,,,,,,,,,5.00,,,,,,,false,false,12,2019-04-01,2020-03-31,0
2020-04-17,63250,2020-03-31,,6432000000,-0.119,,,,,379000000,-0.426,421000000,-0.399,262000000,,-0.418,22.73,,,,,,,,,,,,,,,,,,,,,,false,true,12,2019-04-01,2020-03-31,0
2020-04-17,63250,2019-03-31,,7147000000,,,,,,632000000,,683000000,,431000000,,,37.46,,,,,,,,,,,,,,,,,,,,,,false,false,12,2018-04-01,2019-03-31,-1
2020-04-28,63250,2020-03-31,,6432000000,-0.100,,,,,378000000,-0.401,420000000,-0.384,262000000,,-0.392,22.78,22.61,0.043,0.052,0.059,,7697000000,6217000000,0.802,535.54,6174000000,534000000,-284000000,-274000000,851000000,10.00,0.439,,,14000000,2471074,11528926,false,false,12,2019-04-01,2020-03-31,0
2020-04-28,63250,2019-03-31,,7147000000,-0.030,,,,,632000000,-0.240,683000000,-0.222,431000000,,-0.308,37.46,37.26,0.072,0.083,0.089,,8351000000,6127000000,0.730,528.69,6095000000,908000000,-341000000,-362000000,876000000,10.00,0.267,,,14000000,2471074,11528941,false,false,12,2018-04-01,2019-03-31,-1
2020-04-28,63250,2021-03-31,,4000000000,0.057,,,,,420000000,0.103,435000000,0.096,280000000,,0.101,24.29,,,,,,,,,,,,,,,,,,,,,,false,true,6,2020-04-01,2020-09-30,1
2020-04-28,63250,2021-03-31,,6700000000,0.042,,,,,430000000,0.135,460000000,0.093,290000000,,0.104,25.15,,,,,,,,,,,,,,,10.00,0.398,,,,,,false,true,12,2020-04-01,2021-03-31,1
2020-07-30,63250,2021-03-31,1,1414000000,-0.151,,,,,61000000,-0.556,70000000,-0.522,49000000,,-0.509,4.32,4.29,,,,,7973000000,6243000000,0.778,,6200000000,,,,,,,,,14000000,2471074,11528926,false,false,3,2020-04-01,2020-06-30,0
2020-07-30,63250,2020-03-31,1,1666000000,-0.102,,,,,137000000,-0.312,147000000,-0.305,101000000,,-0.311,8.81,8.76,,,,,,,,,,,,,,,,,,,,11528926,false,false,3,2019-04-01,2019-06-30,-1
2020-07-30,63250,2021-03-31,1,4000000000,0.057,,,,,420000000,0.103,435000000,0.096,280000000,,0.101,24.29,,,,,,,,,,,,,,,,,,,,,,false,true,6,2020-04-01,2020-09-30,0
2020-07-30,63250,2021-03-31,1,6700000000,0.042,,,,,430000000,0.135,460000000,0.093,290000000,,0.104,25.15,,,,,,,,,,,,,,,10.00,,,,,,,false,true,12,2020-04-01,2021-03-31,0
2020-07-30,63250,2020-03-31,1,,,,,,,,,,,,,,,,,,,,7697000000,6217000000,0.802,,6174000000,,,,,10.00,,,,14000000,2471074,,false,false,12,2019-04-01,2020-03-31,-1
2020-10-15,63250,2021-03-31,,3162000000,-0.210,,,,,154000000,-0.633,170000000,-0.609,110000000,,-0.607,9.53,,,,,,,,,,,,,,,,,,,,,,false,true,6,2020-04-01,2020-09-30,0
2020-10-15,63250,2020-03-31,,3782000000,,,,,,380000000,,397000000,,254000000,,,22.05,,,,,,,,,,,,,,,,,,,,,,false,false,6,2019-04-01,2019-09-30,-1
2020-10-29,63250,2021-03-31,2,3162000000,-0.164,,,,,154000000,-0.595,170000000,-0.572,110000000,,-0.564,9.61,9.53,,,,,8017000000,6404000000,0.793,,6359000000,,,,,,,,,14000000,2451127,11537475,false,false,6,2020-04-01,2020-09-30,0
2020-10-29,63250,2020-03-31,2,3782000000,-0.069,,,,,380000000,-0.186,397000000,-0.188,254000000,,-0.304,22.05,21.90,,,,,,,,,,,,,,,,,,,,11528926,false,false,6,2019-04-01,2019-09-30,-1
2020-10-29,63250,2021-03-31,2,5800000000,-0.098,,,,,156000000,-0.588,186000000,-0.558,120000000,,-0.543,10.40,,,,,,,,,,,,,,,10.00,,,,,,,false,true,12,2020-04-01,2021-03-31,0
2020-10-29,63250,2020-03-31,2,,,,,,,,,,,,,,,,,,,,7697000000,6217000000,0.802,,6174000000,,,,,10.00,,,,14000000,2471074,,false,false,12,2019-04-01,2020-03-31,-1
2020-10-29,63250,2021-03-31,2,,,,,,,,,,,,,,,,,,,,,,,,,,,,,5.00,,,,,,,false,false,12,2020-04-01,2021-03-31,0
2020-10-29,63250,2021-03-31,,5800000000,-0.134,,,,,156000000,-0.637,186000000,-0.596,120000000,,-0.586,10.40,,,,,,,,,,,,,,,,,,,,,,false,true,12,2020-04-01,2021-03-31,0
2020-10-29,63250,2020-03-31,,6432000000,,,,,,378000000,,420000000,,262000000,,,22.78,,,,,,,,,,,,,,,,,,,,,,false,false,12,2019-04-01,2020-03-31,-1
2021-01-28,63250,2021-03-31,3,4702000000,-0.052,,,,,222000000,-0.345,247000000,-0.323,160000000,,-0.310,13.90,13.79,,,,,7931000000,6421000000,0.804,,6376000000,,,,,,,,,14000000,2451205,11540886,false,false,9,2020-04-01,2020-12-31,0
2021-01-28,63250,2020-03-31,3,4960000000,-0.102,,,,,340000000,-0.316,366000000,-0.312,232000000,,-0.340,20.18,20.03,,,,,,,,,,,,,,,,,,,,11528926,false,false,9,2019-04-01,2019-12-31,-1
2021-01-28,63250,2021-03-31,3,5800000000,-0.098,,,,,156000000,-0.588,186000000,-0.558,120000000,,-0.543,10.40,,,,,,,,,,,,,,,10.00,,,,,,,false,true,12,2020-04-01,2021-03-31,0
2021-01-28,63250,2020-03-31,3,,,,,,,,,,,,,,,,,,,,7697000000,6217000000,0.802,,6174000000,,,,,10.00,,,,14000000,2471074,,false,false,12,2019-04-01,2020-03-31,-1
2021-01-28,63250,2021-03-31,3,,,,,,,,,,,,,,,,,,,,,,,,,,,,,5.00,,,,,,,false,false,12,2020-04-01,2021-03-31,0
2021-04-19,63250,2021-03-31,,6503000000,0.121,,,,,399000000,1.558,455000000,1.446,314000000,,1.617,27.20,,,,,,,,,,,,,,,,,,,,,,false,true,12,2020-04-01,2021-03-31,0
2021-04-19,63250,2020-03-31,,6432000000,,,,,,378000000,,420000000,,262000000,,,22.78,,,,,,,,,,,,,,,,,,,,,,false,false,12,2019-04-01,2020-03-31,-1
2021-04-28,63250,2021-03-31,,6503000000,0.011,,,,,399000000,0.055,455000000,0.082,322000000,,0.229,27.96,27.74,0.051,0.057,0.061,,8164000000,6631000000,0.807,570.33,6586000000,399000000,-272000000,-117000000,861000000,10.00,0.358,,,14000000,2451205,11542711,false,false,12,2020-04-01,2021-03-31,0
2021-04-28,63250,2020-03-31,,6432000000,-0.100,,,,,378000000,-0.401,420000000,-0.384,262000000,,-0.392,22.78,22.61,0.043,0.052,0.059,,7697000000,6217000000,0.802,535.54,6174000000,534000000,-284000000,-274000000,851000000,10.00,0.439,,,14000000,2471074,11528926,false,false,12,2019-04-01,2020-03-31,-1
2021-04-28,63250,2022-03-31,,4000000000,0.265,,,,,360000000,1.331,375000000,1.204,240000000,,1.165,20.78,,,,,,,,,,,,,,,,,,,,,,false,true,6,2021-04-01,2021-09-30,1
2021-04-28,63250,2022-03-31,,6800000000,0.046,,,,,400000000,0.000,435000000,-0.045,290000000,,-0.102,25.11,,,,,,,,,,,,,,,10.00,0.398,,,,,,false,true,12,2021-04-01,2022-03-31,1
2021-07-29,63250,2022-03-31,1,1802000000,0.274,,,,,180000000,1.963,189000000,1.693,131000000,,1.640,11.39,11.30,,,,,8583000000,6698000000,0.776,,6658000000,,,,,,,,,14000000,2441205,11551295,false,false,3,2021-04-01,2021-06-30,0
2021-07-29,63250,2021-03-31,1,1414000000,-0.151,,,,,61000000,-0.556,70000000,-0.522,49000000,,-0.509,4.32,4.29,,,,,,,,,,,,,,,,,,,,11528926,false,false,3,2020-04-01,2020-06-30,-1
2021-07-29,63250,2022-03-31,1,4000000000,0.265,,,,,360000000,1.331,375000000,1.204,240000000,,1.165,20.78,,,,,,,,,,,,,,,,,,,,,,false,true,6,2021-04-01,2021-09-30,0
2021-07-29,63250,2022-03-31,1,6800000000,0.046,,,,,400000000,0.000,435000000,-0.045,290000000,,-0.102,25.11,,,,,,,,,,,,,,,10.00,,,,,,,false,true,12,2021-04-01,2022-03-31,0
2021-07-29,63250,2021-03-31,1,,,,,,,,,,,,,,,,,,,,8164000000,6631000000,0.807,,6586000000,,,,,10.00,,,,14000000,2451205,,false,false,12,2020-04-01,2021-03-31,-1
2021-10-27,6325,2022-03-31,2,3785000000,0.197,,,,,373000000,1.419,391000000,1.299,263000000,,1.376,22.84,22.64,,,,,8747000000,6814000000,0.773,,6763000000,,,,,,,,,14000000,2506217,11535934,false,false,6,2021-04-01,2021-09-30,0
2021-10-27,6325,2021-03-31,2,3162000000,-0.164,,,,,154000000,-0.595,170000000,-0.572,110000000,,-0.564,9.61,9.53,,,,,,,,,,,,,,,,,,,,11537475,false,false,6,2020-04-01,2020-09-30,-1
2021-10-27,6325,2022-03-31,2,6800000000,0.046,,,,,400000000,0.000,435000000,-0.045,290000000,,-0.102,25.14,,,,,,,,,,,,,,,10.00,,,,,,,false,true,12,2021-04-01,2022-03-31,0
2021-10-27,6325,2021-03-31,2,,,,,,,,,,,,,,,,,,,,8164000000,6631000000,0.807,,6586000000,,,,,10.00,,,,14000000,2451205,,false,false,12,2020-04-01,2021-03-31,-1
2021-10-27,6325,2022-03-31,2,,,,,,,,,,,,,,,,,,,,,,,,,,,,,5.00,,,,,,,false,false,12,2021-04-01,2022-03-31,0
2022-01-28,6325,2022-03-31,3,5355000000,0.139,,,,,438000000,0.970,469000000,0.894,314000000,,0.959,27.28,27.04,,,,,8837000000,6797000000,0.763,,6746000000,,,,,,,,,14000000,2506217,11523289,false,false,9,2021-04-01,2021-12-31,0
2022-01-28,6325,2021-03-31,3,4702000000,-0.052,,,,,222000000,-0.345,247000000,-0.323,160000000,,-0.310,13.90,13.79,,,,,,,,,,,,,,,,,,,,11540886,false,false,9,2020-04-01,2020-12-31,-1
2022-01-28,6325,2022-03-31,3,6800000000,0.046,,,,,400000000,0.000,435000000,-0.045,290000000,,-0.102,25.17,,,,,,,,,,,,,,,10.00,,,,,,,false,true,12,2021-04-01,2022-03-31,0
2022-01-28,6325,2021-03-31,3,,,,,,,,,,,,,,,,,,,,8164000000,6631000000,0.807,,6586000000,,,,,10.00,,,,14000000,2451205,,false,false,12,2020-04-01,2021-03-31,-1
2022-01-28,6325,2022-03-31,3,,,,,,,,,,,,,,,,,,,,,,,,,,,,,5.00,,,,,,,false,false,12,2021-04-01,2022-03-31,0
2022-05-10,63250,2022-03-31,,7026000000,0.033,,,,,529000000,0.323,593000000,0.363,400000000,,0.379,34.75,,,,,,,,,,,,,,,,,,,,,,false,true,12,2021-04-01,2022-03-31,0
2022-05-10,63250,2021-03-31,,6503000000,,,,,,399000000,,455000000,,322000000,,,27.96,,,,,,,,,,,,,,,,,,,,,,false,false,12,2020-04-01,2021-03-31,-1
2022-05-11,6325,2022-03-31,,7026000000,0.080,,,,,529000000,0.325,593000000,0.303,400000000,,0.240,34.75,34.43,0.060,0.071,0.075,,8647000000,6899000000,0.792,595.88,6848000000,702000000,-200000000,-158000000,1204000000,10.00,0.288,,,14000000,2506217,11516480,false,false,12,2021-04-01,2022-03-31,0
2022-05-11,6325,2021-03-31,,6503000000,0.011,,,,,399000000,0.055,455000000,0.082,322000000,,0.229,27.96,27.74,0.051,0.057,0.061,,8164000000,6631000000,0.807,570.33,6586000000,399000000,-272000000,-117000000,861000000,10.00,0.358,,,14000000,2451205,11542711,false,false,12,2020-04-01,2021-03-31,-1
2022-05-11,6325,2023-03-31,,4000000000,0.057,,,,,300000000,-0.197,315000000,-0.195,200000000,,-0.241,17.40,,,,,,,,,,,,,,,,,,,,,,false,true,6,2022-04-01,2022-09-30,1
2022-05-11,6325,2023-03-31,,7200000000,0.025,,,,,400000000,-0.245,450000000,-0.242,300000000,,-0.250,26.10,,,,,,,,,,,,,,,10.00,0.383,,,,,,false,true,12,2022-04-01,2023-03-31,1
2022-07-28,6325,2023-03-31,1,1781000000,-0.011,,,,,176000000,-0.025,189000000,-0.002,129000000,,-0.013,11.31,11.20,,,,,8827000000,6900000000,0.776,,6849000000,,,,,,,,,14000000,2506217,11493783,false,false,3,2022-04-01,2022-06-30,0
2022-07-28,6325,2022-03-31,1,1802000000,0.274,,,,,180000000,1.963,189000000,1.693,131000000,,1.640,11.39,11.30,,,,,,,,,,,,,,,,,,,,11551295,false,false,3,2021-04-01,2021-06-30,-1
2022-07-28,6325,2023-03-31,1,4000000000,0.057,,,,,300000000,-0.197,315000000,-0.195,200000000,,-0.241,17.40,,,,,,,,,,,,,,,,,,,,,,false,true,6,2022-04-01,2022-09-30,0
2022-07-28,6325,2023-03-31,1,7200000000,0.025,,,,,400000000,-0.245,450000000,-0.242,300000000,,-0.250,26.10,,,,,,,,,,,,,,,10.00,,,,,,,false,true,12,2022-04-01,2023-03-31,0
2022-07-28,6325,2022-03-31,1,,,,,,,,,,,,,,,,,,,,8647000000,6899000000,0.792,,6848000000,,,,,10.00,,,,14000000,2506217,,false,false,12,2021-04-01,2022-03-31,-1
2022-10-28,63250,2023-03-31,,3830000000,-0.042,,,,,386000000,0.287,414000000,0.314,279000000,,0.395,24.54,,,,,,,,,,,,,,,,,,,,,,false,true,6,2022-04-01,2022-09-30,0
2022-10-28,63250,2022-03-31,,3785000000,,,,,,373000000,,391000000,,263000000,,,22.84,,,,,,,,,,,,,,,,,,,,,,false,false,6,2021-04-01,2021-09-30,-1
2022-10-31,6325,2023-03-31,2,3830000000,0.012,,,,,386000000,0.034,414000000,0.059,279000000,,0.060,24.54,24.29,,,,,8865000000,6845000000,0.766,,6786000000,,,,,,,,,14000000,2906217,11379497,false,false,6,2022-04-01,2022-09-30,0
2022-10-31,6325,2022-03-31,2,3785000000,0.197,,,,,373000000,1.419,391000000,1.299,263000000,,1.376,22.84,22.64,,,,,,,,,,,,,,,,,,,,11535934,false,false,6,2021-04-01,2021-09-30,-1
2022-10-31,6325,2023-03-31,2,7200000000,0.025,,,,,400000000,-0.245,450000000,-0.242,300000000,,-0.250,26.67,,,,,,,,,,,,,,,10.00,,,,,,,false,true,12,2022-04-01,2023-03-31,0
2022-10-31,6325,2022-03-31,2,,,,,,,,,,,,,,,,,,,,8647000000,6899000000,0.792,,6848000000,,,,,10.00,,,,14000000,2506217,,false,false,12,2021-04-01,2022-03-31,-1
2022-10-31,6325,2023-03-31,2,,,,,,,,,,,,,,,,,,,,,,,,,,,,,5.00,,,,,,,false,false,12,2022-04-01,2023-03-31,0
2023-01-27,6325,2023-03-31,3,5540000000,0.035,,,,,465000000,0.061,507000000,0.082,341000000,,0.086,30.22,29.90,,,,,9156000000,6862000000,0.743,,6804000000,,,,,,,,,14000000,2906217,11293783,false,false,9,2022-04-01,2022-12-31,0
2023-01-27,6325,2022-03-31,3,5355000000,0.139,,,,,438000000,0.970,469000000,0.894,314000000,,0.959,27.28,27.04,,,,,,,,,,,,,,,,,,,,11523289,false,false,9,2021-04-01,2021-12-31,-1
2023-01-27,6325,2023-03-31,3,7200000000,0.025,,,,,400000000,-0.245,450000000,-0.242,300000000,,-0.250,26.67,,,,,,,,,,,,,,,10.00,,,,,,,false,true,12,2022-04-01,2023-03-31,0
2023-01-27,6325,2022-03-31,3,,,,,,,,,,,,,,,,,,,,8647000000,6899000000,0.792,,6848000000,,,,,10.00,,,,14000000,2506217,,false,false,12,2021-04-01,2022-03-31,-1
2023-01-27,6325,2023-03-31,3,,,,,,,,,,,,,,,,,,,,,,,,,,,,,5.00,,,,,,,false,false,12,2022-04-01,2023-03-31,0
,63250,2023-03-31,,,,,,,,,,,,,,,,,,,,,,,,,,,,,,13.00,,,,,,,false,true,12,2022-04-01,2023-03-31,0
,63250,2023-03-31,,,,,,,,,,,,,,,,,,,,,,,,,,,,,,5.00,,,,,,,false,false,12,2022-04-01,2023-03-31,0
,63250,2022-03-31,,,,,,,,,,,,,,,,,,,,,,,,,,,,,,10.00,,,,,,,false,false,12,2021-04-01,2022-03-31,-1
2023-04-17,63250,2023-03-31,,7730000000,0.074,,,,,610000000,0.525,674000000,0.498,468000000,,0.560,41.68,,,,,,,,,,,,,,,,,,,,,,false,true,12,2022-04-01,2023-03-31,0
2023-04-17,63250,2022-03-31,,7026000000,,,,,,529000000,,593000000,,400000000,,,34.75,,,,,,,,,,,,,,,,,,,,,,false,false,12,2021-04-01,2022-03-31,-1
2023-04-28,6325,2023-03-31,,7730000000,0.100,,,,,609000000,0.150,673000000,0.135,476000000,,0.190,42.34,41.88,0.069,0.076,0.079,,9113000000,7052000000,0.767,630.46,6994000000,-15000000,-85000000,-325000000,778000000,13.00,0.307,,,14000000,2906217,11247629,false,false,12,2022-04-01,2023-03-31,0
2023-04-28,6325,2022-03-31,,7026000000,0.080,,,,,529000000,0.325,593000000,0.303,400000000,,0.240,34.75,34.43,0.060,0.071,0.075,,8647000000,6899000000,0.792,595.88,6848000000,702000000,-200000000,-158000000,1204000000,10.00,0.288,,,14000000,2506217,11516480,false,false,12,2021-04-01,2022-03-31,-1
2023-04-28,6325,2024-03-31,,4500000000,0.175,,,,,450000000,0.165,475000000,0.147,320000000,,0.146,28.84,,,,,,,,,,,,,,,,,,,,,,false,true,6,2023-04-01,2023-09-30,1
2023-04-28,6325,2024-03-31,,8000000000,0.035,,,,,600000000,-0.015,650000000,-0.035,430000000,,-0.097,38.76,,,,,,,,,,,,,,,10.00,0.258,,,,,,false,true,12,2023-04-01,2024-03-31,1
2023-07-31,6325,2024-03-31,1,1959000000,0.099,,,,,199000000,0.130,212000000,0.120,146000000,,0.130,13.24,13.09,,,,,9441000000,7178000000,0.754,,7120000000,,,,,,,,,14000000,2906217,11093783,false,false,3,2023-04-01,2023-06-30,0
2023-07-31,6325,2023-03-31,1,1781000000,-0.011,,,,,176000000,-0.025,189000000,-0.002,129000000,,-0.013,11.31,11.20,,,,,,,,,,,,,,,,,,,,11493783,false,false,3,2022-04-01,2022-06-30,-1
2023-07-31,6325,2024-03-31,1,4500000000,0.175,,,,,450000000,0.165,475000000,0.147,320000000,,0.146,28.84,,,,,,,,,,,,,,,,,,,,,,false,true,6,2023-04-01,2023-09-30,0
2023-07-31,6325,2024-03-31,1,8000000000,0.035,,,,,600000000,-0.015,650000000,-0.035,430000000,,-0.097,38.76,,,,,,,,,,,,,,,10.00,,,,,,,false,true,12,2023-04-01,2024-03-31,0
2023-07-31,6325,2023-03-31,1,,,,,,,,,,,,,,,,,,,,9113000000,7052000000,0.767,,6994000000,,,,,13.00,,,,14000000,2906217,,false,false,12,2022-04-01,2023-03-31,-1
2023-10-31,6325,2024-03-31,2,4290000000,0.120,,,,,518000000,0.343,545000000,0.317,372000000,,0.334,33.58,33.17,,,,,10151000000,7424000000,0.725,,7360000000,,,,,,,,,14000000,2906217,11093783,false,false,6,2023-04-01,2023-09-30,0
2023-10-31,6325,2023-03-31,2,3830000000,0.012,,,,,386000000,0.034,414000000,0.059,279000000,,0.060,24.54,24.29,,,,,,,,,,,,,,,,,,,,11379497,false,false,6,2022-04-01,2022-09-30,-1
2023-10-31,6325,2024-03-31,2,8000000000,0.035,,,,,600000000,-0.015,650000000,-0.035,430000000,,-0.097,38.76,,,,,,,,,,,,,,,10.00,,,,,,,false,true,12,2023-04-01,2024-03-31,0
2023-10-31,6325,2023-03-31,2,,,,,,,,,,,,,,,,,,,,9113000000,7052000000,0.767,,6994000000,,,,,13.00,,,,14000000,2906217,,false,false,12,2022-04-01,2023-03-31,-1
2023-10-31,6325,2024-03-31,2,,,,,,,,,,,,,,,,,,,,,,,,,,,,,5.00,,,,,,,false,false,12,2023-04-01,2024-03-31,0
2024-01-31,6325,2024-03-31,3,6338000000,0.144,,,,,714000000,0.534,755000000,0.487,515000000,,0.511,46.49,45.91,,,,,10084000000,7530000000,0.740,,7466000000,,,,,,,,,14000000,2906218,11093783,false,false,9,2023-04-01,2023-12-31,0
2024-01-31,6325,2023-03-31,3,5540000000,0.035,,,,,465000000,0.061,507000000,0.082,341000000,,0.086,30.22,29.90,,,,,,,,,,,,,,,,,,,,11293783,false,false,9,2022-04-01,2022-12-31,-1
2024-01-31,6325,2024-03-31,3,8000000000,0.035,,,,,600000000,-0.015,650000000,-0.035,430000000,,-0.097,38.76,,,,,,,,,,,,,,,10.00,,,,,,,false,true,12,2023-04-01,2024-03-31,0
2024-01-31,6325,2023-03-31,3,,,,,,,,,,,,,,,,,,,,9113000000,7052000000,0.767,,6994000000,,,,,13.00,,,,14000000,2906217,,false,false,12,2022-04-01,2023-03-31,-1
2024-01-31,6325,2024-03-31,3,,,,,,,,,,,,,,,,,,,,,,,,,,,,,5.00,,,,,,,false,false,12,2023-04-01,2024-03-31,0
2024-04-16,63250,2024-03-31,,8482000000,0.060,,,,,972000000,0.620,1030000000,0.585,692000000,,0.609,62.43,,,,,,,,,,,,,,,15.00,,,,,,,false,true,12,2023-04-01,2024-03-31,0
2024-04-16,63250,2023-03-31,,7730000000,,,,,,609000000,,673000000,,476000000,,,42.34,,,,,,,,,,,,,,,13.00,,,,,,,false,false,12,2022-04-01,2023-03-31,-1
2024-04-16,63250,2024-03-31,,,,,,,,,,,,,,,,,,,,,,,,,,,,,,5.00,,,,,,,false,false,12,2023-04-01,2024-03-31,0
2024-04-30,6325,2024-03-31,,8482000000,0.097,,,,,972000000,0.597,1030000000,0.530,692000000,,0.455,62.45,61.67,0.094,0.107,0.115,,10230000000,7849000000,0.761,701.80,7785000000,576000000,-60000000,-157000000,1136000000,15.00,0.240,,,14000000,2906218,11093783,false,false,12,2023-04-01,2024-03-31,0
2024-04-30,6325,2023-03-31,,7730000000,0.100,,,,,609000000,0.150,673000000,0.135,476000000,,0.190,42.34,41.88,0.069,0.076,0.079,,9113000000,7052000000,0.767,630.46,6994000000,-15000000,-85000000,-325000000,778000000,13.00,0.307,,,14000000,2906217,11247629,false,false,12,2022-04-01,2023-03-31,-1
2024-04-30,6325,2025-03-31,,4337000000,0.011,,,,,372000000,-0.283,389000000,-0.286,264000000,,-0.291,23.80,,,,,,,,,,,,,,,,,,,,,,false,true,6,2024-04-01,2024-09-30,1
2024-04-30,6325,2025-03-31,,8500000000,0.002,,,,,766000000,-0.213,782000000,-0.241,534000000,,-0.229,48.14,,,,,,,,,,,,,,,10.00,0.208,,,,,,false,true,12,2024-04-01,2025-03-31,1
2024-07-31,6325,2025-03-31,1,1579000000,-0.194,,,,,80000000,-0.596,93000000,-0.558,44000000,,-0.700,3.94,3.89,,,,,9993000000,7927000000,0.787,,7862000000,,,,,,,,,14000000,2706218,11193782,false,false,3,2024-04-01,2024-06-30,0
2024-07-31,6325,2024-03-31,1,1959000000,0.099,,,,,199000000,0.130,212000000,0.120,146000000,,0.130,13.24,13.09,,,,,,,,,,,,,,,,,,,,11093783,false,false,3,2023-04-01,2023-06-30,-1
2024-07-31,6325,2025-03-31,1,4337000000,0.011,,,,,372000000,-0.283,389000000,-0.286,264000000,,-0.291,23.38,,,,,,,,,,,,,,,,,,,,,,false,true,6,2024-04-01,2024-09-30,0
2024-07-31,6325,2025-03-31,1,8500000000,0.002,,,,,766000000,-0.213,782000000,-0.241,534000000,,-0.229,47.28,,,,,,,,,,,,,,,10.00,,,,,,,false,true,12,2024-04-01,2025-03-31,0
2024-07-31,6325,2024-03-31,1,,,,,,,,,,,,,,,,,,,,10230000000,7849000000,0.761,,7785000000,,,,,15.00,,,,14000000,2906218,,false,false,12,2023-04-01,2024-03-31,-1
2024-10-18,63250,2025-03-31,,3622000000,-0.165,,,,,278000000,-0.250,310000000,-0.201,185000000,,-0.295,16.48,,,,,,,,,,,,,,,,,,,,,,false,true,6,2024-04-01,2024-09-30,0
2024-10-18,63250,2024-03-31,,4290000000,,,,,,518000000,,545000000,,372000000,,,33.58,,,,,,,,,,,,,,,,,,,,,,false,false,6,2023-04-01,2023-09-30,-1
2024-10-31,6325,2025-03-31,2,3622000000,-0.156,,,,,278000000,-0.462,310000000,-0.431,185000000,,-0.503,16.48,16.26,,,,,9891000000,8082000000,0.810,,8010000000,,,,,,,,,14000000,2706218,11236639,false,false,6,2024-04-01,2024-09-30,0
2024-10-31,6325,2024-03-31,2,4290000000,0.120,,,,,518000000,0.343,545000000,0.317,372000000,,0.334,33.58,33.17,,,,,,,,,,,,,,,,,,,,11093783,false,false,6,2023-04-01,2023-09-30,-1
2024-10-31,6325,2025-03-31,2,7200000000,-0.151,,,,,477000000,-0.510,527000000,-0.489,329000000,,-0.525,29.28,,,,,,,,,,,,,,,10.00,,,,,,,false,true,12,2024-04-01,2025-03-31,0
2024-10-31,6325,2024-03-31,2,,,,,,,,,,,,,,,,,,,,10230000000,7849000000,0.761,,7785000000,,,,,15.00,,,,14000000,2906218,,false,false,12,2023-04-01,2024-03-31,-1
2024-10-31,6325,2025-03-31,2,,,,,,,,,,,,,,,,,,,,,,,,,,,,,5.00,,,,,,,false,false,12,2024-04-01,2025-03-31,0
2024-10-31,63250,2025-03-31,,7200000000,-0.153,,,,,477000000,-0.377,527000000,-0.326,329000000,,-0.384,29.28,,,,,,,,,,,,,,,,,,,,,,false,true,12,2024-04-01,2025-03-31,0
2024-10-31,63250,2024-03-31,,8482000000,,,,,,972000000,,1030000000,,692000000,,,62.45,,,,,,,,,,,,,,,,,,,,,,false,false,12,2023-04-01,2024-03-31,-1
2025-01-31,6325,2025-03-31,3,5344000000,-0.157,,,,,335000000,-0.530,380000000,-0.496,538000000,,0.044,47.86,47.19,,,,,10005000000,8048000000,0.797,,7976000000,,,,,,,,,14000000,2706260,11253774,false,false,9,2024-04-01,2024-12-31,0
2025-01-31,6325,2024-03-31,3,6338000000,0.144,,,,,714000000,0.534,755000000,0.487,515000000,,0.511,46.49,45.91,,,,,,,,,,,,,,,,,,,,11093783,false,false,9,2023-04-01,2023-12-31,-1
2025-01-31,6325,2025-03-31,3,6900000000,-0.187,,,,,300000000,-0.692,350000000,-0.660,520000000,,-0.249,46.21,,,,,,,,,,,,,,,10.00,,,,,,,false,true,12,2024-04-01,2025-03-31,0
2025-01-31,6325,2024-03-31,3,,,,,,,,,,,,,,,,,,,,10230000000,7849000000,0.761,,7785000000,,,,,15.00,,,,14000000,2906218,,false,false,12,2023-04-01,2024-03-31,-1
2025-01-31,6325,2025-03-31,3,,,,,,,,,,,,,,,,,,,,,,,,,,,,,5.00,,,,,,,false,false,12,2024-04-01,2025-03-31,0
2025-01-31,63250,2025-03-31,,6900000000,-0.042,,,,,300000000,-0.371,350000000,-0.336,520000000,,0.581,46.21,,,,,,,,,,,,,,,,,,,,,,false,true,12,2024-04-01,2025-03-31,0
2025-01-31,63250,2024-03-31,,8482000000,,,,,,972000000,,1030000000,,692000000,,,62.45,,,,,,,,,,,,,,,,,,,,,,false,false,12,2023-04-01,2024-03-31,-1
2025-04-30,6325,2025-03-31,,7007000000,-0.174,,,,,344000000,-0.646,399000000,-0.612,566000000,,-0.182,50.29,49.58,0.072,0.040,0.049,,9929000000,8089000000,0.807,709.91,8017000000,344000000,375000000,-82000000,1773000000,10.00,0.199,,,14000000,2706260,11262997,false,false,12,2024-04-01,2025-03-31,0
2025-04-30,6325,2024-03-31,,8482000000,0.097,,,,,972000000,0.597,1030000000,0.530,692000000,,0.455,62.45,61.67,0.094,0.107,0.115,,10230000000,7849000000,0.761,701.80,7785000000,576000000,-60000000,-157000000,1136000000,15.00,0.240,,,14000000,2906218,11093783,false,false,12,2023-04-01,2024-03-31,-1
2025-04-30,6325,2026-03-31,,3450000000,-0.048,,,,,137000000,-0.509,157000000,-0.494,101000000,,-0.455,8.94,,,,,,,,,,,,,,,,,,,,,,false,true,6,2025-04-01,2025-09-30,1
2025-04-30,6325,2026-03-31,,7200000000,0.027,,,,,350000000,0.015,388000000,-0.029,254000000,,-0.552,22.49,,,,,,,,,,,,,,,10.00,0.445,,,,,,false,true,12,2025-04-01,2026-03-31,1
