filing_date,code,fiscal_year_end,quarterly_period,net_sales,net_sales_change,revenue,revenue_change,operating_revenue,operating_revenue_change,operating_profit,operating_profit_change,ordinary_profit,ordinary_profit_change,net_income,net_income_of_parent,net_income_change,eps,diluted_eps,roe,roa,operating_profit_to_net_sales,operating_profit_to_revenue,total_assets,net_assets,equity_ratio,bps,owner_equity,operating_cash_flow,investing_cash_flow,financing_cash_flow,cash,dividend_per_share,payout_ratio,commemorative_dividend,extra_dividend,number_of_shares,number_of_treqsury_shares,avg_number_of_shares,is_consolidated,is_forecast,duration,period_start,period_end,period_pos
2015-05-15,63310,2015-03-31,,34744000000,-0.021,,,,,1691000000,,2068000000,,2024000000,,,25.60,,0.134,0.048,0.049,,45225000000,16757000000,0.371,211.96,16757000000,3230000000,-269000000,-4015000000,7556000000,,0.195,,,,,,true,false,12,2014-04-01,2015-03-31,0
2015-05-15,63310,2014-03-31,,35472000000,-0.241,,,,,-1813000000,,-1756000000,,-3718000000,,,-47.04,,-0.227,-0.039,-0.051,,41411000000,13545000000,0.327,171.33,13545000000,-1092000000,-354000000,-10000000,8553000000,,,,,,,,true,false,12,2013-04-01,2014-03-31,-1
2015-05-15,63310,2016-03-31,,16000000000,0.190,,,,,-240000000,,-230000000,,,-270000000,,-3.42,,,,,,,,,,,,,,,,,,,,,,true,true,6,2015-04-01,2015-09-30,1
2015-05-15,63310,2016-03-31,,39000000000,0.122,,,,,1200000000,-0.291,1250000000,-0.396,,1070000000,,13.53,,,,,,,,,,,,,,,,0.370,,,,,,true,true,12,2015-04-01,2016-03-31,1
2015-05-15,63310,2015-03-31,,27962000000,0.074,,,,,1695000000,,1802000000,,1692000000,,,21.41,,,,,,40610000000,17009000000,0.419,215.14,17009000000,,,,,5.00,,,,79139500,77723,79061950,false,false,12,2014-04-01,2015-03-31,0
2015-05-15,63310,2014-03-31,,26025000000,-0.331,,,,,-1854000000,,-1847000000,,-3763000000,,,-47.60,,,,,,36873000000,14264000000,0.387,180.42,14264000000,,,,,0.00,,,,79139500,77083,79062505,false,false,12,2013-04-01,2014-03-31,-1
2015-05-15,63310,2016-03-31,,,,,,,,,,,,,,,,,,,,,,,,,,,,,,5.00,,,,,,,false,true,12,2015-04-01,2016-03-31,1
2015-07-31,63310,2016-03-31,1,6417000000,0.270,,,,,24000000,,75000000,,,70000000,,0.89,,,,,,42567000000,16920000000,0.397,214.02,16920000000,,,,,,,,,,,,true,false,3,2015-04-01,2015-06-30,0
2015-07-31,63310,2015-03-31,1,5051000000,-0.394,,,,,-172000000,,-139000000,,,-98000000,,-1.25,,,,,,,,,,,,,,,,,,,,,,true,false,3,2014-04-01,2014-06-30,-1
2015-07-31,63310,2016-03-31,1,16000000000,0.190,,,,,-240000000,,-230000000,,,-270000000,,-3.42,,,,,,,,,,,,,,,,,,,,,,true,true,6,2015-04-01,2015-09-30,0
2015-07-31,63310,2016-03-31,1,39000000000,0.122,,,,,1200000000,-0.291,1250000000,-0.396,,1070000000,,13.53,,,,,,,,,,,,,,,,,,,,,,true,true,12,2015-04-01,2016-03-31,0
2015-07-31,63310,2015-03-31,1,,,,,,,,,,,,,,,,,,,,45225000000,16757000000,0.371,211.96,16757000000,,,,,,,,,,,,true,false,12,2014-04-01,2015-03-31,-1
2015-07-31,63310,2015-03-31,1,,,,,,,,,,,,,,,,,,,,,,,,,,,,,5.00,,,,79139500,77723,,false,false,12,2014-04-01,2015-03-31,-1
2015-07-31,63310,2016-03-31,1,,,,,,,,,,,,,,,,,,,,,,,,,,,,,5.00,,,,,,,false,true,12,2015-04-01,2016-03-31,0
2015-07-31,63310,2016-03-31,1,,,,,,,,,,,,,,,,,,,,,,,,,,,,,,,,,79139500,78663,79061455,false,false,3,2015-04-01,2015-06-30,0
2015-07-31,63310,2015-03-31,1,,,,,,,,,,,,,,,,,,,,,,,,,,,,,,,,,,,79062365,false,false,3,2014-04-01,2014-06-30,-1
2015-07-31,63310,2016-03-31,1,6417000000,0.270,,,,,24000000,,75000000,,,70000000,,0.89,,,,,,42487000000,16920000000,0.398,214.02,16920000000,,,,,,,,,,,,true,false,3,2015-04-01,2015-06-30,0
2015-07-31,63310,2015-03-31,1,5051000000,-0.394,,,,,-172000000,,-139000000,,,-98000000,,-1.25,,,,,,,,,,,,,,,,,,,,,,true,false,3,2014-04-01,2014-06-30,-1
2015-07-31,63310,2016-03-31,1,16000000000,0.190,,,,,-240000000,,-230000000,,,-270000000,,-3.42,,,,,,,,,,,,,,,,,,,,,,true,true,6,2015-04-01,2015-09-30,0
2015-07-31,63310,2016-03-31,1,39000000000,0.122,,,,,1200000000,-0.291,1250000000,-0.396,,1070000000,,13.53,,,,,,,,,,,,,,,,,,,,,,true,true,12,2015-04-01,2016-03-31,0
2015-07-31,63310,2015-03-31,1,,,,,,,,,,,,,,,,,,,,45225000000,16757000000,0.371,211.96,16757000000,,,,,,,,,,,,true,false,12,2014-04-01,2015-03-31,-1
2015-07-31,63310,2015-03-31,1,,,,,,,,,,,,,,,,,,,,,,,,,,,,,5.00,,,,79139500,77723,,false,false,12,2014-04-01,2015-03-31,-1
2015-07-31,63310,2016-03-31,1,,,,,,,,,,,,,,,,,,,,,,,,,,,,,5.00,,,,,,,false,true,12,2015-04-01,2016-03-31,0
2015-07-31,63310,2016-03-31,1,,,,,,,,,,,,,,,,,,,,,,,,,,,,,,,,,79139500,78663,79061455,false,false,3,2015-04-01,2015-06-30,0
2015-07-31,63310,2015-03-31,1,,,,,,,,,,,,,,,,,,,,,,,,,,,,,,,,,,,79062365,false,false,3,2014-04-01,2014-06-30,-1
2015-10-30,63310,2016-03-31,2,14752000000,0.097,,,,,347000000,1.093,23000000,-0.920,,-70000000,,-0.89,,,,,,40100000000,15931000000,0.397,201.51,15931000000,,,,,,,,,,,,true,false,6,2015-04-01,2015-09-30,0
2015-10-30,63310,2015-03-31,2,13449000000,-0.236,,,,,166000000,,291000000,,,201000000,,2.54,,,,,,,,,,,,,,,,,,,,,,true,false,6,2014-04-01,2014-09-30,-1
2015-10-30,63310,2016-03-31,2,39000000000,0.122,,,,,1500000000,-0.113,1250000000,-0.396,,1070000000,,13.53,,,,,,,,,,,,,,,,,,,,,,true,true,12,2015-04-01,2016-03-31,0
2015-10-30,63310,2015-03-31,2,,,,,,,,,,,,,,,,,,,,45225000000,16757000000,0.371,211.96,16757000000,,,,,,,,,,,,true,false,12,2014-04-01,2015-03-31,-1
2015-10-30,63310,2015-03-31,2,,,,,,,,,,,,,,,,,,,,,,,,,,,,,5.00,,,,79139500,77723,,false,false,12,2014-04-01,2015-03-31,-1
2015-10-30,63310,2016-03-31,2,,,,,,,,,,,,,,,,,,,,,,,,,,,,,0.00,,,,,,,false,false,12,2015-04-01,2016-03-31,0
2015-10-30,63310,2016-03-31,2,,,,,,,,,,,,,,,,,,,,,,,,,,,,,5.00,,,,,,,false,true,12,2015-04-01,2016-03-31,0
2015-10-30,63310,2016-03-31,2,,,,,,,,,,,,,,,,,,,,,,,,,,,,,,,,,79139500,79294,79060936,false,false,6,2015-04-01,2015-09-30,0
2015-10-30,63310,2015-03-31,2,,,,,,,,,,,,,,,,,,,,,,,,,,,,,,,,,,,79062123,false,false,6,2014-04-01,2014-09-30,-1
2015-10-29,63310,2016-03-31,,39000000000,,,,,,1500000000,0.250,1250000000,,1070000000,,,13.53,,,,,,,,,,,,,,,,,,,,,,true,true,12,2015-04-01,2016-03-31,0
2015-10-29,63310,2015-03-31,,34744000000,,,,,,1691000000,,2068000000,,2024000000,,,25.60,,,,,,,,,,,,,,,,,,,,,,true,false,12,2014-04-01,2015-03-31,-1
2016-01-29,63310,2016-03-31,3,24783000000,0.183,,,,,838000000,0.831,627000000,-0.182,,500000000,,6.33,,,,,,40826000000,16953000000,0.415,214.44,16953000000,,,,,,,,,,,,true,false,9,2015-04-01,2015-12-31,0
2016-01-29,63310,2015-03-31,3,20949000000,-0.177,,,,,457000000,,766000000,,,570000000,,7.21,,,,,,,,,,,,,,,,,,,,,,true,false,9,2014-04-01,2014-12-31,-1
2016-01-29,63310,2016-03-31,3,39000000000,0.122,,,,,1500000000,-0.113,1250000000,-0.396,,1070000000,,13.53,,,,,,,,,,,,,,,,,,,,,,true,true,12,2015-04-01,2016-03-31,0
2016-01-29,63310,2015-03-31,3,,,,,,,,,,,,,,,,,,,,45225000000,16757000000,0.371,211.96,16757000000,,,,,,,,,,,,true,false,12,2014-04-01,2015-03-31,-1
2016-01-29,63310,2015-03-31,3,,,,,,,,,,,,,,,,,,,,,,,,,,,,,5.00,,,,79139500,77723,,false,false,12,2014-04-01,2015-03-31,-1
2016-01-29,63310,2016-03-31,3,,,,,,,,,,,,,,,,,,,,,,,,,,,,,0.00,,,,,,,false,false,12,2015-04-01,2016-03-31,0
2016-01-29,63310,2016-03-31,3,,,,,,,,,,,,,,,,,,,,,,,,,,,,,5.00,,,,,,,false,true,12,2015-04-01,2016-03-31,0
2016-01-29,63310,2016-03-31,3,,,,,,,,,,,,,,,,,,,,,,,,,,,,,,,,,79139500,79705,79060582,false,false,9,2015-04-01,2015-12-31,0
2016-01-29,63310,2015-03-31,3,,,,,,,,,,,,,,,,,,,,,,,,,,,,,,,,,,,79062008,false,false,9,2014-04-01,2014-12-31,-1
2016-05-13,63310,2016-03-31,,39300000000,0.131,,,,,1782000000,0.054,1557000000,-0.247,,1150000000,,14.55,,0.071,0.036,0.045,,41211000000,15813000000,0.384,200.02,15813000000,1041000000,-407000000,-3340000000,4733000000,,0.344,,,,,,true,false,12,2015-04-01,2016-03-31,0
2016-05-13,63310,2015-03-31,,34744000000,-0.021,,,,,1691000000,,2068000000,,,2024000000,,25.60,,0.134,0.048,0.049,,45225000000,16757000000,0.371,211.96,16757000000,3230000000,-269000000,-4015000000,7556000000,,0.195,,,,,,true,false,12,2014-04-01,2015-03-31,-1
2016-05-13,63310,2017-03-31,,16500000000,0.118,,,,,-250000000,,-220000000,,,-180000000,,-2.28,,,,,,,,,,,,,,,,,,,,,,true,true,6,2016-04-01,2016-09-30,1
2016-05-13,63310,2017-03-31,,41000000000,0.043,,,,,1300000000,-0.271,1400000000,-0.101,,960000000,,12.14,,,,,,,,,,,,,,,,0.412,,,,,,true,true,12,2016-04-01,2017-03-31,1
2016-05-13,63310,2016-03-31,,31751000000,0.136,,,,,1721000000,0.015,1530000000,-0.151,1200000000,,-0.291,15.18,,,,,,36702000000,16705000000,0.455,211.31,16705000000,,,,,5.00,,,,79139500,80007,79060352,false,false,12,2015-04-01,2016-03-31,0
2016-05-13,63310,2015-03-31,,27962000000,0.074,,,,,1695000000,,1802000000,,1692000000,,,21.41,,,,,,40610000000,17009000000,0.419,215.14,17009000000,,,,,5.00,,,,79139500,77723,79061950,false,false,12,2014-04-01,2015-03-31,-1
2016-05-13,63310,2017-03-31,,,,,,,,,,,,,,,,,,,,,,,,,,,,,,5.00,,,,,,,false,true,12,2016-04-01,2017-03-31,1
2016-07-29,63310,2017-03-31,1,6005000000,-0.064,,,,,-293000000,,-458000000,,,-310000000,,-3.92,,,,,,38119000000,14852000000,0.390,187.86,14852000000,,,,,,,,,,,,true,false,3,2016-04-01,2016-06-30,0
2016-07-29,63310,2016-03-31,1,6417000000,0.270,,,,,24000000,,75000000,,,70000000,,0.89,,,,,,,,,,,,,,,,,,,,,,true,false,3,2015-04-01,2015-06-30,-1
2016-07-29,63310,2017-03-31,1,16500000000,0.118,,,,,-250000000,,-220000000,,,-180000000,,-2.28,,,,,,,,,,,,,,,,,,,,,,true,true,6,2016-04-01,2016-09-30,0
2016-07-29,63310,2017-03-31,1,41000000000,0.043,,,,,1300000000,-0.271,1400000000,-0.101,,960000000,,12.14,,,,,,,,,,,,,,,,,,,,,,true,true,12,2016-04-01,2017-03-31,0
2016-07-29,63310,2016-03-31,1,,,,,,,,,,,,,,,,,,,,41211000000,15813000000,0.384,200.02,15813000000,,,,,,,,,,,,true,false,12,2015-04-01,2016-03-31,-1
2016-07-29,63310,2016-03-31,1,,,,,,,,,,,,,,,,,,,,,,,,,,,,,5.00,,,,79139500,80007,,false,false,12,2015-04-01,2016-03-31,-1
2016-07-29,63310,2017-03-31,1,,,,,,,,,,,,,,,,,,,,,,,,,,,,,5.00,,,,,,,false,true,12,2016-04-01,2017-03-31,0
2016-07-29,63310,2017-03-31,1,,,,,,,,,,,,,,,,,,,,,,,,,,,,,,,,,79139500,80179,79059436,false,false,3,2016-04-01,2016-06-30,0
2016-07-29,63310,2016-03-31,1,,,,,,,,,,,,,,,,,,,,,,,,,,,,,,,,,,,79061455,false,false,3,2015-04-01,2015-06-30,-1
2016-10-31,63310,2017-03-31,2,14143000000,-0.041,,,,,-79000000,,-318000000,,,-311000000,,-3.94,,,,,,36458000000,15529000000,0.426,196.43,15529000000,,,,,,,,,,,,true,false,6,2016-04-01,2016-09-30,0
2016-10-31,63310,2016-03-31,2,14752000000,0.097,,,,,347000000,1.093,23000000,-0.920,,-70000000,,-0.89,,,,,,,,,,,,,,,,,,,,,,true,false,6,2015-04-01,2015-09-30,-1
2016-10-31,63310,2017-03-31,2,37000000000,-0.059,,,,,850000000,-0.523,700000000,-0.551,,430000000,,5.44,,,,,,,,,,,,,,,,,,,,,,true,true,12,2016-04-01,2017-03-31,0
2016-10-31,63310,2016-03-31,2,,,,,,,,,,,,,,,,,,,,41211000000,15813000000,0.384,200.02,15813000000,,,,,,,,,,,,true,false,12,2015-04-01,2016-03-31,-1
2016-10-31,63310,2016-03-31,2,,,,,,,,,,,,,,,,,,,,,,,,,,,,,5.00,,,,79139500,80007,,false,false,12,2015-04-01,2016-03-31,-1
2016-10-31,63310,2017-03-31,2,,,,,,,,,,,,,,,,,,,,,,,,,,,,,0.00,,,,,,,false,false,12,2016-04-01,2017-03-31,0
2016-10-31,63310,2017-03-31,2,,,,,,,,,,,,,,,,,,,,,,,,,,,,,5.00,,,,,,,false,true,12,2016-04-01,2017-03-31,0
2016-10-31,63310,2017-03-31,2,,,,,,,,,,,,,,,,,,,,,,,,,,,,,,,,,79139500,80179,79059378,false,false,6,2016-04-01,2016-09-30,0
2016-10-31,63310,2016-03-31,2,,,,,,,,,,,,,,,,,,,,,,,,,,,,,,,,,,,79060936,false,false,6,2015-04-01,2015-09-30,-1
2016-10-31,63310,2017-03-31,,37000000000,-0.098,,,,,850000000,-0.346,700000000,-0.500,430000000,,-0.552,5.44,,,,,,,,,,,,,,,,,,,,,,true,true,12,2016-04-01,2017-03-31,0
2016-10-31,63310,2016-03-31,,39300000000,,,,,,1782000000,,1557000000,,1150000000,,,14.55,,,,,,,,,,,,,,,,,,,,,,true,false,12,2015-04-01,2016-03-31,-1
2017-01-31,63310,2017-03-31,3,22642000000,-0.086,,,,,199000000,-0.762,239000000,-0.618,,134000000,,1.70,,,,,,38785000000,16961000000,0.437,214.55,16961000000,,,,,,,,,,,,true,false,9,2016-04-01,2016-12-31,0
2017-01-31,63310,2016-03-31,3,24783000000,0.183,,,,,838000000,0.831,627000000,-0.182,,500000000,,6.33,,,,,,,,,,,,,,,,,,,,,,true,false,9,2015-04-01,2015-12-31,-1
2017-01-31,63310,2017-03-31,3,37000000000,-0.059,,,,,850000000,-0.523,700000000,-0.551,,430000000,,5.44,,,,,,,,,,,,,,,,,,,,,,true,true,12,2016-04-01,2017-03-31,0
2017-01-31,63310,2016-03-31,3,,,,,,,,,,,,,,,,,,,,41211000000,15813000000,0.384,200.02,15813000000,,,,,,,,,,,,true,false,12,2015-04-01,2016-03-31,-1
2017-01-31,63310,2016-03-31,3,,,,,,,,,,,,,,,,,,,,,,,,,,,,,5.00,,,,79139500,80007,,false,false,12,2015-04-01,2016-03-31,-1
2017-01-31,63310,2017-03-31,3,,,,,,,,,,,,,,,,,,,,,,,,,,,,,0.00,,,,,,,false,false,12,2016-04-01,2017-03-31,0
2017-01-31,63310,2017-03-31,3,,,,,,,,,,,,,,,,,,,,,,,,,,,,,5.00,,,,,,,false,true,12,2016-04-01,2017-03-31,0
2017-01-31,63310,2017-03-31,3,,,,,,,,,,,,,,,,,,,,,,,,,,,,,,,,,79139500,80425,79059305,false,false,9,2016-04-01,2016-12-31,0
2017-01-31,63310,2016-03-31,3,,,,,,,,,,,,,,,,,,,,,,,,,,,,,,,,,,,79060582,false,false,9,2015-04-01,2015-12-31,-1
2017-04-28,63310,2017-03-31,,36104000000,-0.024,,,,,1294000000,0.522,1352000000,0.931,976000000,,1.270,12.35,,,,,,,,,,,,,,,,,,,,,,true,true,12,2016-04-01,2017-03-31,0
2017-04-28,63310,2016-03-31,,39300000000,,,,,,1782000000,,1557000000,,1150000000,,,14.55,,,,,,,,,,,,,,,,,,,,,,true,false,12,2015-04-01,2016-03-31,-1
2017-05-15,63310,2017-03-31,,36104000000,-0.081,,,,,1294000000,-0.274,1352000000,-0.132,,976000000,,12.35,,0.059,0.032,0.036,,42733000000,17374000000,0.407,219.77,17374000000,860000000,-367000000,87000000,5254000000,,0.405,,,,,,true,false,12,2016-04-01,2017-03-31,0
2017-05-15,63310,2016-03-31,,39300000000,0.131,,,,,1782000000,0.054,1557000000,-0.247,,1150000000,,14.55,,0.071,0.036,0.045,,41211000000,15813000000,0.384,200.02,15813000000,1041000000,-407000000,-3340000000,4733000000,,0.344,,,,,,true,false,12,2015-04-01,2016-03-31,-1
2017-05-15,63310,2018-03-31,,14000000000,-0.010,,,,,-200000000,,-200000000,,,1250000000,,158.11,,,,,,,,,,,,,,,,,,,,,,true,true,6,2017-04-01,2017-09-30,1
2017-05-15,63310,2018-03-31,,35000000000,-0.031,,,,,1300000000,0.004,1300000000,-0.039,,2300000000,,290.92,,,,,,,,,,,,,,,,0.172,,,,,,true,true,12,2017-04-01,2018-03-31,1
2017-05-15,63310,2017-03-31,,28137000000,-0.114,,,,,1093000000,-0.365,1128000000,-0.263,830000000,,-0.308,10.50,,,,,,37565000000,18145000000,0.483,229.51,18145000000,,,,,5.00,,,,79139500,80425,79059247,false,false,12,2016-04-01,2017-03-31,0
2017-05-15,63310,2016-03-31,,31751000000,0.136,,,,,1721000000,0.015,1530000000,-0.151,1200000000,,-0.291,15.18,,,,,,36702000000,16705000000,0.455,211.31,16705000000,,,,,5.00,,,,79139500,80007,79060352,false,false,12,2015-04-01,2016-03-31,-1
2017-05-15,63310,2018-03-31,,,,,,,,,,,,,,,,,,,,,,,,,,,,,,50.00,,,,,,,false,true,12,2017-04-01,2018-03-31,1
2017-07-31,63310,2018-03-31,1,5413000000,-0.098,,,,,-397000000,,-307000000,,,1150000000,,14.55,,,,,,40957000000,18596000000,0.454,235.22,18596000000,,,,,,,,,,,,true,false,3,2017-04-01,2017-06-30,0
2017-07-31,63310,2017-03-31,1,6005000000,-0.064,,,,,-293000000,,-458000000,,,-310000000,,-3.92,,,,,,,,,,,,,,,,,,,,,,true,false,3,2016-04-01,2016-06-30,-1
2017-07-31,63310,2018-03-31,1,14000000000,-0.010,,,,,-200000000,,-200000000,,,1250000000,,158.11,,,,,,,,,,,,,,,,,,,,,,true,true,6,2017-04-01,2017-09-30,0
2017-07-31,63310,2018-03-31,1,35000000000,-0.031,,,,,1300000000,0.004,1300000000,-0.039,,2300000000,,290.92,,,,,,,,,,,,,,,,,,,,,,true,true,12,2017-04-01,2018-03-31,0
2017-07-31,63310,2017-03-31,1,,,,,,,,,,,,,,,,,,,,42733000000,17374000000,0.407,219.77,17374000000,,,,,,,,,,,,true,false,12,2016-04-01,2017-03-31,-1
2017-07-31,63310,2017-03-31,1,,,,,,,,,,,,,,,,,,,,,,,,,,,,,5.00,,,,79139500,80425,,false,false,12,2016-04-01,2017-03-31,-1
2017-07-31,63310,2018-03-31,1,,,,,,,,,,,,,,,,,,,,,,,,,,,,,50.00,,,,,,,false,true,12,2017-04-01,2018-03-31,0
2017-07-31,63310,2018-03-31,1,,,,,,,,,,,,,,,,,,,,,,,,,,,,,,,,,79139500,81171,79058826,false,false,3,2017-04-01,2017-06-30,0
2017-07-31,63310,2017-03-31,1,,,,,,,,,,,,,,,,,,,,,,,,,,,,,,,,,,,79059436,false,false,3,2016-04-01,2016-06-30,-1
2017-07-31,63310,2018-03-31,1,5413000000,-0.098,,,,,-397000000,,-307000000,,,1150000000,,14.55,,,,,,41464000000,19341000000,0.466,244.65,19341000000,,,,,,,,,,,,true,false,3,2017-04-01,2017-06-30,0
2017-07-31,63310,2017-03-31,1,6005000000,-0.064,,,,,-293000000,,-458000000,,,-310000000,,-3.92,,,,,,,,,,,,,,,,,,,,,,true,false,3,2016-04-01,2016-06-30,-1
2017-07-31,63310,2018-03-31,1,14000000000,-0.010,,,,,-200000000,,-200000000,,,1250000000,,158.11,,,,,,,,,,,,,,,,,,,,,,true,true,6,2017-04-01,2017-09-30,0
2017-07-31,63310,2018-03-31,1,35000000000,-0.031,,,,,1300000000,0.004,1300000000,-0.039,,2300000000,,290.92,,,,,,,,,,,,,,,,,,,,,,true,true,12,2017-04-01,2018-03-31,0
2017-07-31,63310,2017-03-31,1,,,,,,,,,,,,,,,,,,,,42733000000,17374000000,0.407,219.77,17374000000,,,,,,,,,,,,true,false,12,2016-04-01,2017-03-31,-1
2017-07-31,63310,2017-03-31,1,,,,,,,,,,,,,,,,,,,,,,,,,,,,,5.00,,,,79139500,80425,,false,false,12,2016-04-01,2017-03-31,-1
2017-07-31,63310,2018-03-31,1,,,,,,,,,,,,,,,,,,,,,,,,,,,,,50.00,,,,,,,false,true,12,2017-04-01,2018-03-31,0
2017-07-31,63310,2018-03-31,1,,,,,,,,,,,,,,,,,,,,,,,,,,,,,,,,,79139500,81171,79058826,false,false,3,2017-04-01,2017-06-30,0
2017-07-31,63310,2017-03-31,1,,,,,,,,,,,,,,,,,,,,,,,,,,,,,,,,,,,79059436,false,false,3,2016-04-01,2016-06-30,-1
2017-10-31,63310,2018-03-31,2,13135000000,-0.071,,,,,-193000000,,-79000000,,,1277000000,,161.93,,,,,,39789000000,20173000000,0.507,2566.18,20173000000,,,,,,,,,,,,true,false,6,2017-04-01,2017-09-30,0
2017-10-31,63310,2017-03-31,2,14143000000,-0.041,,,,,-79000000,,-318000000,,,-311000000,,-39.36,,,,,,,,,,,,,,,,,,,,,,true,false,6,2016-04-01,2016-09-30,-1
2017-10-31,63310,2018-03-31,2,35000000000,-0.031,,,,,1300000000,0.004,1300000000,-0.039,,2300000000,,291.47,,,,,,,,,,,,,,,,,,,,,,true,true,12,2017-04-01,2018-03-31,0
2017-10-31,63310,2017-03-31,2,,,,,,,,,,,,,,,,,,,,42733000000,17374000000,0.407,2197.67,17374000000,,,,,,,,,,,,true,false,12,2016-04-01,2017-03-31,-1
2017-10-31,63310,2017-03-31,2,,,,,,,,,,,,,,,,,,,,,,,,,,,,,5.00,,,,7913950,8042,,false,false,12,2016-04-01,2017-03-31,-1
2017-10-31,63310,2018-03-31,2,,,,,,,,,,,,,,,,,,,,,,,,,,,,,0.00,,,,,,,false,false,12,2017-04-01,2018-03-31,0
2017-10-31,63310,2018-03-31,2,,,,,,,,,,,,,,,,,,,,,,,,,,,,,50.00,,,,,,,false,true,12,2017-04-01,2018-03-31,0
2017-10-31,63310,2018-03-31,2,,,,,,,,,,,,,,,,,,,,,,,,,,,,,,,,,7913950,52573,7891031,false,false,6,2017-04-01,2017-09-30,0
2017-10-31,63310,2017-03-31,2,,,,,,,,,,,,,,,,,,,,,,,,,,,,,,,,,,,7905937,false,false,6,2016-04-01,2016-09-30,-1
2018-01-31,63310,2018-03-31,3,20206000000,-0.108,,,,,-28000000,,188000000,-0.213,,1384000000,,175.73,,,,,,42794000000,21319000000,0.498,2712.02,21319000000,,,,,,,,,,,,true,false,9,2017-04-01,2017-12-31,0
2018-01-31,63310,2017-03-31,3,22642000000,-0.086,,,,,199000000,-0.762,239000000,-0.618,,134000000,,17.03,,,,,,,,,,,,,,,,,,,,,,true,false,9,2016-04-01,2016-12-31,-1
2018-01-31,63310,2018-03-31,3,35000000000,-0.031,,,,,1300000000,0.004,1300000000,-0.039,,2300000000,,291.47,,,,,,,,,,,,,,,,,,,,,,true,true,12,2017-04-01,2018-03-31,0
2018-01-31,63310,2017-03-31,3,,,,,,,,,,,,,,,,,,,,42733000000,17374000000,0.407,2197.67,17374000000,,,,,,,,,,,,true,false,12,2016-04-01,2017-03-31,-1
2018-01-31,63310,2017-03-31,3,,,,,,,,,,,,,,,,,,,,,,,,,,,,,5.00,,,,7913950,8042,,false,false,12,2016-04-01,2017-03-31,-1
2018-01-31,63310,2018-03-31,3,,,,,,,,,,,,,,,,,,,,,,,,,,,,,0.00,,,,,,,false,false,12,2017-04-01,2018-03-31,0
2018-01-31,63310,2018-03-31,3,,,,,,,,,,,,,,,,,,,,,,,,,,,,,50.00,,,,,,,false,true,12,2017-04-01,2018-03-31,0
2018-01-31,63310,2018-03-31,3,,,,,,,,,,,,,,,,,,,,,,,,,,,,,,,,,7913950,52909,7881079,false,false,9,2017-04-01,2017-12-31,0
2018-01-31,63310,2017-03-31,3,,,,,,,,,,,,,,,,,,,,,,,,,,,,,,,,,,,7905930,false,false,9,2016-04-01,2016-12-31,-1
2018-05-15,63310,2018-03-31,,32336000000,-0.104,,,,,1018000000,-0.213,1300000000,-0.038,,2949000000,,374.46,,0.149,0.030,0.031,,44359000000,22197000000,0.500,2823.79,22197000000,-392000000,800000000,-524000000,4951000000,,0.134,,,,,,true,false,12,2017-04-01,2018-03-31,0
2018-05-15,63310,2017-03-31,,36104000000,-0.081,,,,,1294000000,-0.274,1352000000,-0.132,,976000000,,123.53,,0.059,0.032,0.036,,42733000000,17374000000,0.407,2197.67,17374000000,860000000,-367000000,87000000,5254000000,,0.405,,,,,,true,false,12,2016-04-01,2017-03-31,-1
2018-05-15,63310,2019-03-31,,15500000000,0.180,,,,,-200000000,,-200000000,,,-150000000,,-19.05,,,,,,,,,,,,,,,,,,,,,,true,true,6,2018-04-01,2018-09-30,1
2018-05-15,63310,2019-03-31,,37000000000,0.144,,,,,900000000,-0.116,950000000,-0.270,,650000000,,82.53,,,,,,,,,,,,,,,,0.000,,,,,,true,true,12,2018-04-01,2019-03-31,1
2018-05-15,63310,2018-03-31,,25673000000,-0.088,,,,,855000000,-0.218,1096000000,-0.028,2851000000,,2.434,362.10,,,,,,39543000000,21553000000,0.545,2741.82,21553000000,,,,,50.00,,,,7913950,52909,7876069,false,false,12,2017-04-01,2018-03-31,0
2018-05-15,63310,2017-03-31,,28137000000,-0.114,,,,,1093000000,-0.365,1128000000,-0.263,830000000,,-0.308,105.03,,,,,,37565000000,18145000000,0.483,2295.15,18145000000,,,,,5.00,,,,7913950,8042,7905925,false,false,12,2016-04-01,2017-03-31,-1
2018-05-15,63310,2019-03-31,,,,,,,,,,,,,,,,,,,,,,,,,,,,,,50.00,,,,,,,false,true,12,2018-04-01,2019-03-31,1
2018-07-31,63310,2019-03-31,1,6512000000,0.203,,,,,-317000000,,-75000000,,,-10000000,,-1.38,,,,,,42702000000,22305000000,0.522,2837.46,22305000000,,,,,,,,,,,,true,false,3,2018-04-01,2018-06-30,0
2018-07-31,63310,2018-03-31,1,5413000000,-0.098,,,,,-397000000,,-307000000,,,1150000000,,145.48,,,,,,,,,,,,,,,,,,,,,,true,false,3,2017-04-01,2017-06-30,-1
2018-07-31,63310,2019-03-31,1,15500000000,0.180,,,,,-200000000,,-200000000,,,-150000000,,-19.05,,,,,,,,,,,,,,,,,,,,,,true,true,6,2018-04-01,2018-09-30,0
2018-07-31,63310,2019-03-31,1,37000000000,0.144,,,,,900000000,-0.116,950000000,-0.270,,650000000,,82.53,,,,,,,,,,,,,,,,,,,,,,true,true,12,2018-04-01,2019-03-31,0
2018-07-31,63310,2018-03-31,1,,,,,,,,,,,,,,,,,,,,44355000000,22197000000,0.500,2823.79,22197000000,,,,,,,,,,,,true,false,12,2017-04-01,2018-03-31,-1
2018-07-31,63310,2018-03-31,1,,,,,,,,,,,,,,,,,,,,,,,,,,,,,50.00,,,,7913950,52909,,false,false,12,2017-04-01,2018-03-31,-1
2018-07-31,63310,2019-03-31,1,,,,,,,,,,,,,,,,,,,,,,,,,,,,,50.00,,,,,,,false,true,12,2018-04-01,2019-03-31,0
2018-07-31,63310,2019-03-31,1,,,,,,,,,,,,,,,,,,,,,,,,,,,,,,,,,7913950,52909,7861041,false,false,3,2018-04-01,2018-06-30,0
2018-07-31,63310,2018-03-31,1,,,,,,,,,,,,,,,,,,,,,,,,,,,,,,,,,,,7905883,false,false,3,2017-04-01,2017-06-30,-1
2018-10-31,63310,2019-03-31,2,15006000000,0.142,,,,,-4000000,,89000000,,,40000000,,5.13,,,,,,43324000000,23146000000,0.534,2944.40,23146000000,,,,,,,,,,,,true,false,6,2018-04-01,2018-09-30,0
2018-10-31,63310,2018-03-31,2,13135000000,-0.071,,,,,-193000000,,-79000000,,,1277000000,,161.93,,,,,,,,,,,,,,,,,,,,,,true,false,6,2017-04-01,2017-09-30,-1
2018-10-31,63310,2019-03-31,2,37000000000,0.144,,,,,900000000,-0.116,950000000,-0.270,,650000000,,82.53,,,,,,,,,,,,,,,,,,,,,,true,true,12,2018-04-01,2019-03-31,0
2018-10-31,63310,2018-03-31,2,,,,,,,,,,,,,,,,,,,,44355000000,22197000000,0.500,2823.79,22197000000,,,,,,,,,,,,true,false,12,2017-04-01,2018-03-31,-1
2018-10-31,63310,2018-03-31,2,,,,,,,,,,,,,,,,,,,,,,,,,,,,,50.00,,,,7913950,52909,,false,false,12,2017-04-01,2018-03-31,-1
2018-10-31,63310,2019-03-31,2,,,,,,,,,,,,,,,,,,,,,,,,,,,,,0.00,,,,,,,false,false,12,2018-04-01,2019-03-31,0
2018-10-31,63310,2019-03-31,2,,,,,,,,,,,,,,,,,,,,,,,,,,,,,50.00,,,,,,,false,true,12,2018-04-01,2019-03-31,0
2018-10-31,63310,2019-03-31,2,,,,,,,,,,,,,,,,,,,,,,,,,,,,,,,,,7913950,52909,7861041,false,false,6,2018-04-01,2018-09-30,0
2018-10-31,63310,2018-03-31,2,,,,,,,,,,,,,,,,,,,,,,,,,,,,,,,,,,,7891031,false,false,6,2017-04-01,2017-09-30,-1
2019-01-31,63310,2019-03-31,3,25397000000,0.257,,,,,520000000,,668000000,2.549,,508000000,,64.71,,,,,,42057000000,21767000000,0.518,2769.01,21767000000,,,,,,,,,,,,true,false,9,2018-04-01,2018-12-31,0
2019-01-31,63310,2018-03-31,3,20206000000,-0.108,,,,,-28000000,,188000000,-0.213,,1384000000,,175.73,,,,,,,,,,,,,,,,,,,,,,true,false,9,2017-04-01,2017-12-31,-1
2019-01-31,63310,2019-03-31,3,38500000000,0.191,,,,,900000000,-0.116,1000000000,-0.231,,1000000000,,127.21,,,,,,,,,,,,,,,,,,,,,,true,true,12,2018-04-01,2019-03-31,0
2019-01-31,63310,2018-03-31,3,,,,,,,,,,,,,,,,,,,,44355000000,22197000000,0.500,2823.79,22197000000,,,,,,,,,,,,true,false,12,2017-04-01,2018-03-31,-1
2019-01-31,63310,2018-03-31,3,,,,,,,,,,,,,,,,,,,,,,,,,,,,,50.00,,,,7913950,52909,,false,false,12,2017-04-01,2018-03-31,-1
2019-01-31,63310,2019-03-31,3,,,,,,,,,,,,,,,,,,,,,,,,,,,,,0.00,,,,,,,false,false,12,2018-04-01,2019-03-31,0
2019-01-31,63310,2019-03-31,3,,,,,,,,,,,,,,,,,,,,,,,,,,,,,50.00,,,,,,,false,true,12,2018-04-01,2019-03-31,0
2019-01-31,63310,2019-03-31,3,,,,,,,,,,,,,,,,,,,,,,,,,,,,,,,,,7913950,52909,7861041,false,false,9,2018-04-01,2018-12-31,0
2019-01-31,63310,2018-03-31,3,,,,,,,,,,,,,,,,,,,,,,,,,,,,,,,,,,,7881079,false,false,9,2017-04-01,2017-12-31,-1
2019-01-31,63310,2019-03-31,3,25452000000,0.260,,,,,529000000,,677000000,2.592,,514000000,,65.45,,,,,,42080000000,21773000000,0.517,2769.75,21773000000,,,,,,,,,,,,true,false,9,2018-04-01,2018-12-31,0
2019-01-31,63310,2018-03-31,3,20206000000,-0.108,,,,,-28000000,,188000000,-0.213,,1384000000,,175.73,,,,,,,,,,,,,,,,,,,,,,true,false,9,2017-04-01,2017-12-31,-1
2019-01-31,63310,2019-03-31,3,38500000000,0.191,,,,,900000000,-0.116,1000000000,-0.231,,1000000000,,127.21,,,,,,,,,,,,,,,,,,,,,,true,true,12,2018-04-01,2019-03-31,0
2019-01-31,63310,2018-03-31,3,,,,,,,,,,,,,,,,,,,,44355000000,22197000000,0.500,2823.79,22197000000,,,,,,,,,,,,true,false,12,2017-04-01,2018-03-31,-1
2019-01-31,63310,2018-03-31,3,,,,,,,,,,,,,,,,,,,,,,,,,,,,,50.00,,,,7913950,52909,,false,false,12,2017-04-01,2018-03-31,-1
2019-01-31,63310,2019-03-31,3,,,,,,,,,,,,,,,,,,,,,,,,,,,,,0.00,,,,,,,false,false,12,2018-04-01,2019-03-31,0
2019-01-31,63310,2019-03-31,3,,,,,,,,,,,,,,,,,,,,,,,,,,,,,50.00,,,,,,,false,true,12,2018-04-01,2019-03-31,0
2019-01-31,63310,2019-03-31,3,,,,,,,,,,,,,,,,,,,,,,,,,,,,,,,,,7913950,52909,7861041,false,false,9,2018-04-01,2018-12-31,0
2019-01-31,63310,2018-03-31,3,,,,,,,,,,,,,,,,,,,,,,,,,,,,,,,,,,,7881079,false,false,9,2017-04-01,2017-12-31,-1
2019-05-15,63310,2019-03-31,,38179000000,0.181,,,,,1097000000,0.078,1267000000,-0.025,,1110000000,,141.28,,0.050,0.028,0.029,,46217000000,22326000000,0.483,2840.15,22326000000,-865000000,-416000000,19000000,4077000000,,0.354,,,,,,true,false,12,2018-04-01,2019-03-31,0
2019-05-15,63310,2018-03-31,,32336000000,-0.104,,,,,1018000000,-0.213,1300000000,-0.038,,2949000000,,374.46,,0.149,0.030,0.031,,44355000000,22197000000,0.500,2823.79,22197000000,-392000000,800000000,-524000000,4951000000,,0.134,,,,,,true,false,12,2017-04-01,2018-03-31,-1
2019-05-15,63310,2020-03-31,,20000000000,0.333,,,,,150000000,,210000000,1.343,,150000000,,19.08,,,,,,,,,,,,,,,,,,,,,,true,true,6,2019-04-01,2019-09-30,1
2019-05-15,63310,2020-03-31,,46000000000,0.205,,,,,1500000000,0.367,1650000000,0.301,,1150000000,,146.29,,,,,,,,,,,,,,,,0.342,,,,,,true,true,12,2019-04-01,2020-03-31,1
2019-05-15,63310,2019-03-31,,29223000000,0.138,,,,,440000000,-0.485,869000000,-0.207,941000000,,-0.670,119.73,,,,,,39967000000,21246000000,0.532,2702.76,21246000000,,,,,50.00,,,,7913950,52919,7861038,false,false,12,2018-04-01,2019-03-31,0
2019-05-15,63310,2018-03-31,,25673000000,-0.088,,,,,855000000,-0.218,1096000000,-0.028,2851000000,,2.434,362.10,,,,,,39101000000,21553000000,0.551,2741.82,21553000000,,,,,50.00,,,,7913950,52909,7876069,false,false,12,2017-04-01,2018-03-31,-1
2019-05-15,63310,2020-03-31,,,,,,,,,,,,,,,,,,,,,,,,,,,,,,50.00,,,,,,,false,true,12,2019-04-01,2020-03-31,1
2019-07-31,63310,2020-03-31,1,8067000000,0.239,,,,,14000000,,67000000,,,73000000,,9.31,,,,,,44823000000,21409000000,0.478,2742.18,21407000000,,,,,,,,,,,,true,false,3,2019-04-01,2019-06-30,0
2019-07-31,63310,2019-03-31,1,6512000000,0.203,,,,,-317000000,,-75000000,,,-10000000,,-1.38,,,,,,,,,,,,,,,,,,,,,,true,false,3,2018-04-01,2018-06-30,-1
2019-07-31,63310,2020-03-31,1,20000000000,0.333,,,,,150000000,,210000000,1.343,,150000000,,19.08,,,,,,,,,,,,,,,,,,,,,,true,true,6,2019-04-01,2019-09-30,0
2019-07-31,63310,2020-03-31,1,46000000000,0.205,,,,,1500000000,0.367,1650000000,0.301,,1150000000,,146.29,,,,,,,,,,,,,,,,,,,,,,true,true,12,2019-04-01,2020-03-31,0
2019-07-31,63310,2019-03-31,1,,,,,,,,,,,,,,,,,,,,46217000000,22326000000,0.483,2840.15,22326000000,,,,,,,,,,,,true,false,12,2018-04-01,2019-03-31,-1
2019-07-31,63310,2019-03-31,1,,,,,,,,,,,,,,,,,,,,,,,,,,,,,50.00,,,,7913950,52919,,false,false,12,2018-04-01,2019-03-31,-1
2019-07-31,63310,2020-03-31,1,,,,,,,,,,,,,,,,,,,,,,,,,,,,,50.00,,,,,,,false,true,12,2019-04-01,2020-03-31,0
2019-07-31,63310,2020-03-31,1,,,,,,,,,,,,,,,,,,,,,,,,,,,,,,,,,7913950,107037,7842988,false,false,3,2019-04-01,2019-06-30,0
2019-07-31,63310,2019-03-31,1,,,,,,,,,,,,,,,,,,,,,,,,,,,,,,,,,,,7861041,false,false,3,2018-04-01,2018-06-30,-1
2019-10-31,63310,2020-03-31,2,18736000000,0.249,,,,,450000000,,498000000,4.561,,354000000,,45.28,,,,,,44748000000,21689000000,0.484,2776.16,21678000000,,,,,,,,,,,,true,false,6,2019-04-01,2019-09-30,0
2019-10-31,63310,2019-03-31,2,15006000000,0.142,,,,,-4000000,,89000000,,,40000000,,5.13,,,,,,,,,,,,,,,,,,,,,,true,false,6,2018-04-01,2018-09-30,-1
2019-10-31,63310,2020-03-31,2,43500000000,0.139,,,,,1500000000,0.367,1650000000,0.301,,1150000000,,146.95,,,,,,,,,,,,,,,,,,,,,,true,true,12,2019-04-01,2020-03-31,0
2019-10-31,63310,2019-03-31,2,,,,,,,,,,,,,,,,,,,,46217000000,22326000000,0.483,2840.15,22326000000,,,,,,,,,,,,true,false,12,2018-04-01,2019-03-31,-1
2019-10-31,63310,2019-03-31,2,,,,,,,,,,,,,,,,,,,,,,,,,,,,,50.00,,,,7913950,52919,,false,false,12,2018-04-01,2019-03-31,-1
2019-10-31,63310,2020-03-31,2,,,,,,,,,,,,,,,,,,,,,,,,,,,,,0.00,,,,,,,false,false,12,2019-04-01,2020-03-31,0
2019-10-31,63310,2020-03-31,2,,,,,,,,,,,,,,,,,,,,,,,,,,,,,50.00,,,,,,,false,true,12,2019-04-01,2020-03-31,0
2019-10-31,63310,2020-03-31,2,,,,,,,,,,,,,,,,,,,,,,,,,,,,,,,,,7913950,105241,7825525,false,false,6,2019-04-01,2019-09-30,0
2019-10-31,63310,2019-03-31,2,,,,,,,,,,,,,,,,,,,,,,,,,,,,,,,,,,,7861041,false,false,6,2018-04-01,2018-09-30,-1
2019-10-31,63310,2020-03-31,,43500000000,-0.054,,,,,1500000000,,1650000000,,1150000000,,,146.95,,,,,,,,,,,,,,,,,,,,,,true,true,12,2019-04-01,2020-03-31,0
2019-10-31,63310,2019-03-31,,38179000000,,,,,,1097000000,,1267000000,,1110000000,,,141.28,,,,,,,,,,,,,,,,,,,,,,true,false,12,2018-04-01,2019-03-31,-1
2020-01-31,63310,2020-03-31,3,30702000000,0.206,,,,,1399000000,1.646,1601000000,1.365,,1102000000,,140.99,,,,,,46763000000,22909000000,0.489,2930.07,22880000000,,,,,,,,,,,,true,false,9,2019-04-01,2019-12-31,0
2020-01-31,63310,2019-03-31,3,25452000000,0.260,,,,,529000000,,677000000,2.592,,514000000,,65.45,,,,,,,,,,,,,,,,,,,,,,true,false,9,2018-04-01,2018-12-31,-1
2020-01-31,63310,2020-03-31,3,44000000000,0.152,,,,,1900000000,0.731,2050000000,0.617,,1600000000,,204.61,,,,,,,,,,,,,,,,,,,,,,true,true,12,2019-04-01,2020-03-31,0
2020-01-31,63310,2019-03-31,3,,,,,,,,,,,,,,,,,,,,46217000000,22326000000,0.483,2840.15,22326000000,,,,,,,,,,,,true,false,12,2018-04-01,2019-03-31,-1
2020-01-31,63310,2019-03-31,3,,,,,,,,,,,,,,,,,,,,,,,,,,,,,50.00,,,,7913950,52919,,false,false,12,2018-04-01,2019-03-31,-1
2020-01-31,63310,2020-03-31,3,,,,,,,,,,,,,,,,,,,,,,,,,,,,,0.00,,,,,,,false,false,12,2019-04-01,2020-03-31,0
2020-01-31,63310,2020-03-31,3,,,,,,,,,,,,,,,,,,,,,,,,,,,,,60.00,,,,,,,false,true,12,2019-04-01,2020-03-31,0
2020-01-31,63310,2020-03-31,3,,,,,,,,,,,,,,,,,,,,,,,,,,,,,,,,,7913950,105241,7819919,false,false,9,2019-04-01,2019-12-31,0
2020-01-31,63310,2019-03-31,3,,,,,,,,,,,,,,,,,,,,,,,,,,,,,,,,,,,7861041,false,false,9,2018-04-01,2018-12-31,-1
2020-05-15,63310,2020-03-31,,45062000000,0.180,,,,,2222000000,1.025,2412000000,0.902,,1860000000,,238.57,,0.085,0.051,0.049,,48545000000,21259000000,0.437,2795.96,21217000000,6510000000,75000000,-1373000000,9262000000,,0.252,,,,,,true,false,12,2019-04-01,2020-03-31,0
2020-05-15,63310,2019-03-31,,38179000000,0.181,,,,,1097000000,0.078,1267000000,-0.025,,1110000000,,141.28,,0.050,0.028,0.029,,46217000000,22326000000,0.483,2840.15,22326000000,-865000000,-416000000,19000000,4077000000,,0.354,,,,,,true,false,12,2018-04-01,2019-03-31,-1
2020-05-15,63310,2021-03-31,,21000000000,0.121,,,,,550000000,0.222,580000000,0.164,,400000000,,52.71,,,,,,,,,,,,,,,,,,,,,,true,true,6,2020-04-01,2020-09-30,1
2020-05-15,63310,2021-03-31,,49000000000,0.087,,,,,2000000000,-0.100,2210000000,-0.084,,1530000000,,201.62,,,,,,,,,,,,,,,,,,,,,,true,true,12,2020-04-01,2021-03-31,1
2020-05-15,63310,2020-03-31,,31928000000,0.093,,,,,1108000000,1.516,1455000000,0.673,1261000000,,0.340,161.71,,,,,,40059000000,20082000000,0.501,2646.35,20082000000,,,,,60.00,,,,7913950,325241,7798783,false,false,12,2019-04-01,2020-03-31,0
2020-05-15,63310,2019-03-31,,29223000000,0.138,,,,,440000000,-0.485,869000000,-0.207,941000000,,-0.670,119.73,,,,,,39967000000,21246000000,0.532,2702.76,21246000000,,,,,50.00,,,,7913950,52919,7861038,false,false,12,2018-04-01,2019-03-31,-1
2020-05-15,63310,2021-03-31,,,,,,,,,,,,,,,,,,,,,,,,,,,,,,60.00,,,,,,,false,true,12,2020-04-01,2021-03-31,1
2020-07-31,63310,2021-03-31,1,9640000000,0.195,,,,,445000000,,538000000,6.942,,390000000,,51.43,,,,,,46953000000,21605000000,0.459,2842.99,21574000000,,,,,,,,,,,,true,false,3,2020-04-01,2020-06-30,0
2020-07-31,63310,2020-03-31,1,8067000000,0.239,,,,,14000000,,67000000,,,73000000,,9.31,,,,,,,,,,,,,,,,,,,,,,true,false,3,2019-04-01,2019-06-30,-1
2020-07-31,63310,2021-03-31,1,22000000000,0.174,,,,,750000000,0.666,840000000,0.686,,580000000,,76.43,,,,,,,,,,,,,,,,,,,,,,true,true,6,2020-04-01,2020-09-30,0
2020-07-31,63310,2021-03-31,1,49000000000,0.087,,,,,2000000000,-0.100,2210000000,-0.084,,1530000000,,201.62,,,,,,,,,,,,,,,,,,,,,,true,true,12,2020-04-01,2021-03-31,0
2020-07-31,63310,2020-03-31,1,,,,,,,,,,,,,,,,,,,,48545000000,21259000000,0.437,2795.96,21217000000,,,,,,,,,,,,true,false,12,2019-04-01,2020-03-31,-1
2020-07-31,63310,2020-03-31,1,,,,,,,,,,,,,,,,,,,,,,,,,,,,,60.00,,,,7913950,325241,,false,false,12,2019-04-01,2020-03-31,-1
2020-07-31,63310,2021-03-31,1,,,,,,,,,,,,,,,,,,,,,,,,,,,,,60.00,,,,,,,false,true,12,2020-04-01,2021-03-31,0
2020-07-31,63310,2021-03-31,1,,,,,,,,,,,,,,,,,,,,,,,,,,,,,,,,,7913950,325241,7588709,false,false,3,2020-04-01,2020-06-30,0
2020-07-31,63310,2020-03-31,1,,,,,,,,,,,,,,,,,,,,,,,,,,,,,,,,,,,7842988,false,false,3,2019-04-01,2019-06-30,-1
2020-07-31,63310,2021-03-31,,22000000000,0.048,,,,,750000000,0.364,840000000,0.448,580000000,,0.450,76.43,,,,,,,,,,,,,,,,,,,,,,true,true,12,2020-04-01,2021-03-31,0
2020-07-31,63310,2020-03-31,,18736000000,,,,,,450000000,,498000000,,354000000,,,45.28,,,,,,,,,,,,,,,,,,,,,,true,false,12,2019-04-01,2020-03-31,-1
2020-10-30,63310,2021-03-31,2,21207000000,0.132,,,,,1178000000,1.619,1271000000,1.551,,906000000,,119.45,,,,,,46013000000,22258000000,0.483,2930.49,22238000000,,,,,,,,,,,,true,false,6,2020-04-01,2020-09-30,0
2020-10-30,63310,2020-03-31,2,18736000000,0.249,,,,,450000000,,498000000,4.561,,354000000,,45.28,,,,,,,,,,,,,,,,,,,,,,true,false,6,2019-04-01,2019-09-30,-1
2020-10-30,63310,2021-03-31,2,49000000000,0.087,,,,,2400000000,0.080,2500000000,0.036,,1780000000,,234.56,,,,,,,,,,,,,,,,,,,,,,true,true,12,2020-04-01,2021-03-31,0
2020-10-30,63310,2020-03-31,2,,,,,,,,,,,,,,,,,,,,48545000000,21259000000,0.437,2795.96,21217000000,,,,,,,,,,,,true,false,12,2019-04-01,2020-03-31,-1
2020-10-30,63310,2020-03-31,2,,,,,,,,,,,,,,,,,,,,,,,,,,,,,60.00,,,,7913950,325241,,false,false,12,2019-04-01,2020-03-31,-1
2020-10-30,63310,2021-03-31,2,,,,,,,,,,,,,,,,,,,,,,,,,,,,,0.00,,,,,,,false,false,12,2020-04-01,2021-03-31,0
2020-10-30,63310,2021-03-31,2,,,,,,,,,,,,,,,,,,,,,,,,,,,,,60.00,,,,,,,false,true,12,2020-04-01,2021-03-31,0
2020-10-30,63310,2021-03-31,2,,,,,,,,,,,,,,,,,,,,,,,,,,,,,,,,,7913950,325241,7588709,false,false,6,2020-04-01,2020-09-30,0
2020-10-30,63310,2020-03-31,2,,,,,,,,,,,,,,,,,,,,,,,,,,,,,,,,,,,7825525,false,false,6,2019-04-01,2019-09-30,-1
2020-10-30,63310,2021-03-31,,49000000000,0.000,,,,,2400000000,0.200,2500000000,0.131,1780000000,,0.163,234.56,,,,,,,,,,,,,,,,,,,,,,true,true,12,2020-04-01,2021-03-31,0
2020-10-30,63310,2020-03-31,,45062000000,,,,,,2222000000,,2412000000,,1860000000,,,238.57,,,,,,,,,,,,,,,,,,,,,,true,false,12,2019-04-01,2020-03-31,-1
2021-01-29,63310,2021-03-31,3,32722000000,0.066,,,,,1851000000,0.322,2000000000,0.249,,1327000000,,174.94,,,,,,47052000000,23317000000,0.494,3064.36,23254000000,,,,,,,,,,,,true,false,9,2020-04-01,2020-12-31,0
2021-01-29,63310,2020-03-31,3,30702000000,0.206,,,,,1399000000,1.646,1601000000,1.365,,1102000000,,140.99,,,,,,,,,,,,,,,,,,,,,,true,false,9,2019-04-01,2019-12-31,-1
2021-01-29,63310,2021-03-31,3,49000000000,0.087,,,,,2400000000,0.080,2500000000,0.036,,2150000000,,283.32,,,,,,,,,,,,,,,,,,,,,,true,true,12,2020-04-01,2021-03-31,0
2021-01-29,63310,2020-03-31,3,,,,,,,,,,,,,,,,,,,,48545000000,21259000000,0.437,2795.96,21217000000,,,,,,,,,,,,true,false,12,2019-04-01,2020-03-31,-1
2021-01-29,63310,2020-03-31,3,,,,,,,,,,,,,,,,,,,,,,,,,,,,,60.00,,,,7913950,325241,,false,false,12,2019-04-01,2020-03-31,-1
2021-01-29,63310,2021-03-31,3,,,,,,,,,,,,,,,,,,,,,,,,,,,,,0.00,,,,,,,false,false,12,2020-04-01,2021-03-31,0
2021-01-29,63310,2021-03-31,3,,,,,,,,,,,,,,,,,,,,,,,,,,,,,60.00,,,,,,,false,true,12,2020-04-01,2021-03-31,0
2021-01-29,63310,2021-03-31,3,,,,,,,,,,,,,,,,,,,,,,,,,,,,,,,,,7913950,325278,7588701,false,false,9,2020-04-01,2020-12-31,0
2021-01-29,63310,2020-03-31,3,,,,,,,,,,,,,,,,,,,,,,,,,,,,,,,,,,,7819919,false,false,9,2019-04-01,2019-12-31,-1
2021-01-29,63310,2021-03-31,,49000000000,0.000,,,,,2400000000,0.000,2500000000,0.000,2150000000,,0.208,283.32,,,,,,,,,,,,,,,,,,,,,,true,true,12,2020-04-01,2021-03-31,0
2021-01-29,63310,2020-03-31,,45062000000,,,,,,2222000000,,2412000000,,1860000000,,,238.57,,,,,,,,,,,,,,,,,,,,,,true,false,12,2019-04-01,2020-03-31,-1
2021-05-14,63310,2021-03-31,,48753000000,0.082,,,,,2745000000,0.235,2939000000,0.219,,2511000000,,331.01,,0.108,0.059,0.056,,51837000000,25286000000,0.486,3322.97,25216000000,-2594000000,831000000,-477000000,7046000000,,0.211,,,,,,true,false,12,2020-04-01,2021-03-31,0
2021-05-14,63310,2020-03-31,,45062000000,0.180,,,,,2222000000,1.025,2412000000,0.902,,1860000000,,238.57,,0.085,0.051,0.049,,48545000000,21259000000,0.437,2795.96,21217000000,6510000000,75000000,-1373000000,9262000000,,0.252,,,,,,true,false,12,2019-04-01,2020-03-31,-1
2021-05-14,63310,2022-03-31,,23500000000,0.108,,,,,1150000000,-0.024,1200000000,-0.056,,950000000,,125.19,,,,,,,,,,,,,,,,,,,,,,true,true,6,2021-04-01,2021-09-30,1
2021-05-14,63310,2022-03-31,,45000000000,-0.077,,,,,2000000000,-0.271,2050000000,-0.303,,1550000000,,204.25,,,,,,,,,,,,,,,,,,,,,,true,true,12,2021-04-01,2022-03-31,1
2021-05-14,63310,2021-03-31,,36104000000,0.131,,,,,1598000000,0.441,2198000000,0.511,2129000000,,0.689,280.60,,,,,,42575000000,22867000000,0.537,3013.31,22867000000,,,,,70.00,,,,7913950,325278,7588694,false,false,12,2020-04-01,2021-03-31,0
2021-05-14,63310,2020-03-31,,31928000000,0.093,,,,,1108000000,1.516,1455000000,0.673,1261000000,,0.340,161.71,,,,,,40059000000,20082000000,0.501,2646.35,20082000000,,,,,60.00,,,,7913950,325241,7798783,false,false,12,2019-04-01,2020-03-31,-1
2021-05-14,63310,2022-03-31,,,,,,,,,,,,,,,,,,,,,,,,,,,,,,60.00,,,,,,,false,true,12,2021-04-01,2022-03-31,1
2021-07-30,63310,2022-03-31,1,9440000000,-0.021,,,,,279000000,-0.373,392000000,-0.271,,449000000,,59.20,,,,,,48449000000,24780000000,0.510,3253.65,24709000000,,,,,,,,,,,,true,false,3,2021-04-01,2021-06-30,0
2021-07-30,63310,2021-03-31,1,9640000000,0.195,,,,,445000000,,538000000,6.942,,390000000,,51.43,,,,,,,,,,,,,,,,,,,,,,true,false,3,2020-04-01,2020-06-30,-1
2021-07-30,63310,2022-03-31,1,23500000000,0.108,,,,,1150000000,-0.024,1200000000,-0.056,,950000000,,125.15,,,,,,,,,,,,,,,,,,,,,,true,true,6,2021-04-01,2021-09-30,0
2021-07-30,63310,2022-03-31,1,45000000000,-0.077,,,,,2000000000,-0.271,2050000000,-0.303,,1550000000,,204.20,,,,,,,,,,,,,,,,,,,,,,true,true,12,2021-04-01,2022-03-31,0
2021-07-30,63310,2021-03-31,1,,,,,,,,,,,,,,,,,,,,51837000000,25286000000,0.486,3322.97,25216000000,,,,,,,,,,,,true,false,12,2020-04-01,2021-03-31,-1
2021-07-30,63310,2021-03-31,1,,,,,,,,,,,,,,,,,,,,,,,,,,,,,70.00,,,,7913950,325278,,false,false,12,2020-04-01,2021-03-31,-1
2021-07-30,63310,2022-03-31,1,,,,,,,,,,,,,,,,,,,,,,,,,,,,,60.00,,,,,,,false,true,12,2021-04-01,2022-03-31,0
2021-07-30,63310,2022-03-31,1,,,,,,,,,,,,,,,,,,,,,,,,,,,,,,,,,7913950,319467,7590609,false,false,3,2021-04-01,2021-06-30,0
2021-07-30,63310,2021-03-31,1,,,,,,,,,,,,,,,,,,,,,,,,,,,,,,,,,,,7588709,false,false,3,2020-04-01,2020-06-30,-1
2021-10-29,63310,2022-03-31,2,21399000000,0.009,,,,,1367000000,0.160,1507000000,0.186,,1173000000,,154.43,,,,,,47848000000,26061000000,0.544,3418.62,26008000000,,,,,,,,,,,,true,false,6,2021-04-01,2021-09-30,0
2021-10-29,63310,2021-03-31,2,21207000000,0.132,,,,,1178000000,1.619,1271000000,1.551,,906000000,,119.45,,,,,,,,,,,,,,,,,,,,,,true,false,6,2020-04-01,2020-09-30,-1
2021-10-29,63310,2022-03-31,2,46500000000,-0.046,,,,,2300000000,-0.162,2350000000,-0.201,,1750000000,,230.35,,,,,,,,,,,,,,,,,,,,,,true,true,12,2021-04-01,2022-03-31,0
2021-10-29,63310,2021-03-31,2,,,,,,,,,,,,,,,,,,,,51837000000,25286000000,0.486,3322.97,25216000000,,,,,,,,,,,,true,false,12,2020-04-01,2021-03-31,-1
2021-10-29,63310,2021-03-31,2,,,,,,,,,,,,,,,,,,,,,,,,,,,,,70.00,,,,7913950,325278,,false,false,12,2020-04-01,2021-03-31,-1
2021-10-29,63310,2022-03-31,2,,,,,,,,,,,,,,,,,,,,,,,,,,,,,0.00,,,,,,,false,false,12,2021-04-01,2022-03-31,0
2021-10-29,63310,2022-03-31,2,,,,,,,,,,,,,,,,,,,,,,,,,,,,,60.00,,,,,,,false,true,12,2021-04-01,2022-03-31,0
2021-10-29,63310,2022-03-31,2,,,,,,,,,,,,,,,,,,,,,,,,,,,,,,,,,7913950,305973,7597043,false,false,6,2021-04-01,2021-09-30,0
2021-10-29,63310,2021-03-31,2,,,,,,,,,,,,,,,,,,,,,,,,,,,,,,,,,,,7588709,false,false,6,2020-04-01,2020-09-30,-1
2022-01-31,63310,2022-03-31,3,31937000000,-0.024,,,,,1434000000,-0.225,1745000000,-0.127,,1255000000,,165.19,,,,,,46330000000,25681000000,0.554,3375.59,25681000000,,,,,,,,,,,,true,false,9,2021-04-01,2021-12-31,0
2022-01-31,63310,2021-03-31,3,32722000000,0.066,,,,,1851000000,0.322,2000000000,0.249,,1327000000,,174.94,,,,,,,,,,,,,,,,,,,,,,true,false,9,2020-04-01,2020-12-31,-1
2022-01-31,63310,2022-03-31,3,46500000000,-0.046,,,,,2300000000,-0.162,2350000000,-0.201,,1750000000,,230.35,,,,,,,,,,,,,,,,,,,,,,true,true,12,2021-04-01,2022-03-31,0
2022-01-31,63310,2021-03-31,3,,,,,,,,,,,,,,,,,,,,51837000000,25286000000,0.486,3322.97,25216000000,,,,,,,,,,,,true,false,12,2020-04-01,2021-03-31,-1
2022-01-31,63310,2021-03-31,3,,,,,,,,,,,,,,,,,,,,,,,,,,,,,70.00,,,,7913950,325278,,false,false,12,2020-04-01,2021-03-31,-1
2022-01-31,63310,2022-03-31,3,,,,,,,,,,,,,,,,,,,,,,,,,,,,,0.00,,,,,,,false,false,12,2021-04-01,2022-03-31,0
2022-01-31,63310,2022-03-31,3,,,,,,,,,,,,,,,,,,,,,,,,,,,,,60.00,,,,,,,false,true,12,2021-04-01,2022-03-31,0
2022-01-31,63310,2022-03-31,3,,,,,,,,,,,,,,,,,,,,,,,,,,,,,,,,,7913950,306023,7600682,false,false,9,2021-04-01,2021-12-31,0
2022-01-31,63310,2021-03-31,3,,,,,,,,,,,,,,,,,,,,,,,,,,,,,,,,,,,7588701,false,false,9,2020-04-01,2020-12-31,-1
2022-05-13,63310,2022-03-31,,45438000000,-0.068,,,,,2770000000,0.009,3230000000,0.099,,2547000000,,335.07,,0.097,0.063,0.061,,50521000000,27307000000,0.541,3589.31,27307000000,5123000000,-558000000,-512000000,11226000000,,0.209,,,,,,true,false,12,2021-04-01,2022-03-31,0
2022-05-13,63310,2021-03-31,,48753000000,0.082,,,,,2745000000,0.235,2939000000,0.219,,2511000000,,331.01,,0.108,0.059,0.056,,51837000000,25286000000,0.486,3322.97,25216000000,-2594000000,831000000,-477000000,7046000000,,0.211,,,,,,true,false,12,2020-04-01,2021-03-31,-1
2022-05-13,63310,2023-03-31,,23000000000,0.075,,,,,1000000000,-0.269,1050000000,-0.304,,700000000,,92.01,,,,,,,,,,,,,,,,,,,,,,true,true,6,2022-04-01,2022-09-30,1
2022-05-13,63310,2023-03-31,,47500000000,0.045,,,,,2500000000,-0.098,2600000000,-0.195,,1700000000,,223.61,,,,,,,,,,,,,,,,,,,,,,true,true,12,2022-04-01,2023-03-31,1
2022-05-13,63310,2022-03-31,,34211000000,-0.052,,,,,2254000000,0.411,2800000000,0.274,2323000000,,0.091,305.69,,,,,,42804000000,24692000000,0.577,3245.57,24692000000,,,,,70.00,,,,7913950,306023,7602493,false,false,12,2021-04-01,2022-03-31,0
2022-05-13,63310,2021-03-31,,36104000000,0.131,,,,,1598000000,0.441,2198000000,0.511,2129000000,,0.689,280.60,,,,,,42575000000,22867000000,0.537,3013.31,22867000000,,,,,70.00,,,,7913950,325278,7588694,false,false,12,2020-04-01,2021-03-31,-1
2022-05-13,63310,2023-03-31,,,,,,,,,,,,,,,,,,,,,,,,,,,,,,70.00,,,,,,,false,true,12,2022-04-01,2023-03-31,1
2022-07-29,63310,2023-03-31,1,8957000000,-0.051,,,,,343000000,0.233,672000000,0.715,,440000000,,57.86,,,,,,49734000000,27120000000,0.545,3564.76,27120000000,,,,,,,,,,,,true,false,3,2022-04-01,2022-06-30,0
2022-07-29,63310,2022-03-31,1,9440000000,-0.021,,,,,279000000,-0.373,392000000,-0.271,,449000000,,59.20,,,,,,,,,,,,,,,,,,,,,,true,false,3,2021-04-01,2021-06-30,-1
2022-07-29,63310,2023-03-31,1,24000000000,0.122,,,,,1400000000,0.024,1650000000,0.094,,1250000000,,164.30,,,,,,,,,,,,,,,,,,,,,,true,true,6,2022-04-01,2022-09-30,0
2022-07-29,63310,2023-03-31,1,47500000000,0.045,,,,,2500000000,-0.098,2750000000,-0.149,,1800000000,,236.60,,,,,,,,,,,,,,,,,,,,,,true,true,12,2022-04-01,2023-03-31,0
2022-07-29,63310,2022-03-31,1,,,,,,,,,,,,,,,,,,,,50521000000,27307000000,0.541,3589.31,27307000000,,,,,,,,,,,,true,false,12,2021-04-01,2022-03-31,-1
2022-07-29,63310,2022-03-31,1,,,,,,,,,,,,,,,,,,,,,,,,,,,,,70.00,,,,7913950,306023,,false,false,12,2021-04-01,2022-03-31,-1
2022-07-29,63310,2023-03-31,1,,,,,,,,,,,,,,,,,,,,,,,,,,,,,70.00,,,,,,,false,true,12,2022-04-01,2023-03-31,0
2022-07-29,63310,2023-03-31,1,,,,,,,,,,,,,,,,,,,,,,,,,,,,,,,,,7913950,306023,7607927,false,false,3,2022-04-01,2022-06-30,0
2022-07-29,63310,2022-03-31,1,,,,,,,,,,,,,,,,,,,,,,,,,,,,,,,,,,,7590609,false,false,3,2021-04-01,2021-06-30,-1
2022-10-31,63310,2023-03-31,2,21200000000,-0.009,,,,,1902000000,0.392,2163000000,0.435,,1536000000,,201.74,,,,,,49105000000,28085000000,0.572,3687.48,28085000000,,,,,,,,,,,,true,false,6,2022-04-01,2022-09-30,0
2022-10-31,63310,2022-03-31,2,21399000000,0.009,,,,,1367000000,0.160,1507000000,0.186,,1173000000,,154.43,,,,,,,,,,,,,,,,,,,,,,true,false,6,2021-04-01,2021-09-30,-1
2022-10-31,63310,2023-03-31,2,46000000000,0.012,,,,,2800000000,0.011,3050000000,-0.056,,2150000000,,282.37,,,,,,,,,,,,,,,,,,,,,,true,true,12,2022-04-01,2023-03-31,0
2022-10-31,63310,2022-03-31,2,,,,,,,,,,,,,,,,,,,,50521000000,27307000000,0.541,3589.31,27307000000,,,,,,,,,,,,true,false,12,2021-04-01,2022-03-31,-1
2022-10-31,63310,2022-03-31,2,,,,,,,,,,,,,,,,,,,,,,,,,,,,,70.00,,,,7913950,306023,,false,false,12,2021-04-01,2022-03-31,-1
2022-10-31,63310,2023-03-31,2,,,,,,,,,,,,,,,,,,,,,,,,,,,,,0.00,,,,,,,false,false,12,2022-04-01,2023-03-31,0
2022-10-31,63310,2023-03-31,2,,,,,,,,,,,,,,,,,,,,,,,,,,,,,70.00,,,,,,,false,true,12,2022-04-01,2023-03-31,0
2022-10-31,63310,2023-03-31,2,,,,,,,,,,,,,,,,,,,,,,,,,,,,,,,,,7913950,297528,7614124,false,false,6,2022-04-01,2022-09-30,0
2022-10-31,63310,2022-03-31,2,,,,,,,,,,,,,,,,,,,,,,,,,,,,,,,,,,,7597043,false,false,6,2021-04-01,2021-09-30,-1
2023-01-31,63310,2023-03-31,3,31375000000,-0.018,,,,,2104000000,0.467,2417000000,0.385,,1563000000,,205.36,,,,,,50579000000,29924000000,0.592,3928.91,29924000000,,,,,,,,,,,,true,false,9,2022-04-01,2022-12-31,0
2023-01-31,63310,2022-03-31,3,31937000000,-0.024,,,,,1434000000,-0.225,1745000000,-0.127,,1255000000,,165.19,,,,,,,,,,,,,,,,,,,,,,true,false,9,2021-04-01,2021-12-31,-1
2023-01-31,63310,2023-03-31,3,46000000000,0.012,,,,,2800000000,0.011,3050000000,-0.056,,3450000000,,453.06,,,,,,,,,,,,,,,,,,,,,,true,true,12,2022-04-01,2023-03-31,0
2023-01-31,63310,2022-03-31,3,,,,,,,,,,,,,,,,,,,,50521000000,27307000000,0.541,3589.31,27307000000,,,,,,,,,,,,true,false,12,2021-04-01,2022-03-31,-1
2023-01-31,63310,2022-03-31,3,,,,,,,,,,,,,,,,,,,,,,,,,,,,,70.00,,,,7913950,306023,,false,false,12,2021-04-01,2022-03-31,-1
2023-01-31,63310,2023-03-31,3,,,,,,,,,,,,,,,,,,,,,,,,,,,,,0.00,,,,,,,false,false,12,2022-04-01,2023-03-31,0
2023-01-31,63310,2023-03-31,3,,,,,,,,,,,,,,,,,,,,,,,,,,,,,70.00,,,,,,,false,true,12,2022-04-01,2023-03-31,0
2023-01-31,63310,2023-03-31,3,,,,,,,,,,,,,,,,,,,,,,,,,,,,,,,,,7913950,297528,7614890,false,false,9,2022-04-01,2022-12-31,0
2023-01-31,63310,2022-03-31,3,,,,,,,,,,,,,,,,,,,,,,,,,,,,,,,,,,,7600682,false,false,9,2021-04-01,2021-12-31,-1
2023-05-15,63310,2023-03-31,,44590000000,-0.019,,,,,2521000000,-0.090,2859000000,-0.115,,3043000000,,399.66,,0.106,0.055,0.057,,52899000000,30325000000,0.573,3981.53,30325000000,996000000,1346000000,-533000000,13114000000,,0.200,,,,,,true,false,12,2022-04-01,2023-03-31,0
2023-05-15,63310,2022-03-31,,45438000000,-0.068,,,,,2770000000,0.009,3230000000,0.099,,2547000000,,335.07,,0.097,0.063,0.061,,50521000000,27307000000,0.541,3589.31,27307000000,5123000000,-558000000,-512000000,11226000000,,0.209,,,,,,true,false,12,2021-04-01,2022-03-31,-1
2023-05-15,63310,2024-03-31,,21500000000,0.014,,,,,1350000000,-0.290,1300000000,-0.399,,1100000000,,144.42,,,,,,,,,,,,,,,,,,,,,,true,true,6,2023-04-01,2023-09-30,1
2023-05-15,63310,2024-03-31,,47500000000,0.065,,,,,2850000000,0.130,2850000000,-0.003,,2500000000,,328.24,,,,,,,,,,,,,,,,,,,,,,true,true,12,2023-04-01,2024-03-31,1
2023-05-15,63310,2023-03-31,,35938000000,0.050,,,,,3095000000,0.373,3631000000,0.297,4033000000,,0.735,529.62,,,,,,47246000000,27417000000,0.580,3599.73,27417000000,,,,,80.00,,,,7913950,297528,7615273,false,false,12,2022-04-01,2023-03-31,0
2023-05-15,63310,2022-03-31,,34211000000,-0.052,,,,,2254000000,0.411,2800000000,0.274,2323000000,,0.091,305.69,,,,,,42804000000,24692000000,0.577,3245.57,24692000000,,,,,70.00,,,,7913950,306023,7602493,false,false,12,2021-04-01,2022-03-31,-1
2023-05-15,63310,2024-03-31,,,,,,,,,,,,,,,,,,,,,,,,,,,,,,80.00,,,,,,,false,true,12,2023-04-01,2024-03-31,1
2023-07-31,63310,2024-03-31,1,9243000000,0.032,,,,,335000000,-0.024,595000000,-0.114,,441000000,,57.91,,,,,,52285000000,30884000000,0.591,4055.05,30884000000,,,,,,,,,,,,true,false,3,2023-04-01,2023-06-30,0
2023-07-31,63310,2023-03-31,1,8957000000,-0.051,,,,,343000000,0.233,672000000,0.715,,440000000,,57.83,,,,,,,,,,,,,,,,,,,,,,true,false,3,2022-04-01,2022-06-30,-1
2023-07-31,63310,2024-03-31,1,21500000000,0.014,,,,,1350000000,-0.290,1300000000,-0.399,,1100000000,,144.42,,,,,,,,,,,,,,,,,,,,,,true,true,6,2023-04-01,2023-09-30,0
2023-07-31,63310,2024-03-31,1,47500000000,0.065,,,,,2850000000,0.130,2850000000,-0.003,,2500000000,,328.24,,,,,,,,,,,,,,,,,,,,,,true,true,12,2023-04-01,2024-03-31,0
2023-07-31,63310,2023-03-31,1,,,,,,,,,,,,,,,,,,,,52899000000,30325000000,0.573,3981.53,30325000000,,,,,,,,,,,,true,false,12,2022-04-01,2023-03-31,-1
2023-07-31,63310,2023-03-31,1,,,,,,,,,,,,,,,,,,,,,,,,,,,,,80.00,,,,7913950,297528,,false,false,12,2022-04-01,2023-03-31,-1
2023-07-31,63310,2024-03-31,1,,,,,,,,,,,,,,,,,,,,,,,,,,,,,80.00,,,,,,,false,true,12,2023-04-01,2024-03-31,0
2023-07-31,63310,2024-03-31,1,,,,,,,,,,,,,,,,,,,,,,,,,,,,,,,,,7913950,297571,7616408,false,false,3,2023-04-01,2023-06-30,0
2023-07-31,63310,2023-03-31,1,,,,,,,,,,,,,,,,,,,,,,,,,,,,,,,,,,,7611292,false,false,3,2022-04-01,2022-06-30,-1
2023-10-31,63310,2024-03-31,2,22145000000,0.045,,,,,2177000000,0.144,2396000000,0.108,,1602000000,,210.39,,,,,,52393000000,32346000000,0.617,4246.96,32346000000,,,,,,,,,,,,true,false,6,2023-04-01,2023-09-30,0
2023-10-31,63310,2023-03-31,2,21200000000,-0.009,,,,,1902000000,0.392,2163000000,0.435,,1536000000,,201.74,,,,,,,,,,,,,,,,,,,,,,true,false,6,2022-04-01,2022-09-30,-1
2023-10-31,63310,2024-03-31,2,48500000000,0.088,,,,,3200000000,0.269,3350000000,0.171,,4000000000,,525.18,,,,,,,,,,,,,,,,,,,,,,true,true,12,2023-04-01,2024-03-31,0
2023-10-31,63310,2023-03-31,2,,,,,,,,,,,,,,,,,,,,52899000000,30325000000,0.573,3981.53,30325000000,,,,,,,,,,,,true,false,12,2022-04-01,2023-03-31,-1
2023-10-31,63310,2023-03-31,2,,,,,,,,,,,,,,,,,,,,,,,,,,,,,80.00,,,,7913950,297528,,false,false,12,2022-04-01,2023-03-31,-1
2023-10-31,63310,2024-03-31,2,,,,,,,,,,,,,,,,,,,,,,,,,,,,,30.00,,,,,,,false,false,12,2023-04-01,2024-03-31,0
2023-10-31,63310,2024-03-31,2,,,,,,,,,,,,,,,,,,,,,,,,,,,,,100.00,,,,,,,false,true,12,2023-04-01,2024-03-31,0
2023-10-31,63310,2024-03-31,2,,,,,,,,,,,,,,,,,,,,,,,,,,,,,,,,,7913950,297611,7616378,false,false,6,2023-04-01,2023-09-30,0
2023-10-31,63310,2023-03-31,2,,,,,,,,,,,,,,,,,,,,,,,,,,,,,,,,,,,7614124,false,false,6,2022-04-01,2022-09-30,-1
2024-01-31,63310,2024-03-31,3,34220000000,0.091,,,,,3305000000,0.571,3553000000,0.470,,4277000000,,561.60,,,,,,56027000000,33047000000,0.590,4339.11,33047000000,,,,,,,,,,,,true,false,9,2023-04-01,2023-12-31,0
2024-01-31,63310,2023-03-31,3,31375000000,-0.018,,,,,2104000000,0.467,2417000000,0.385,,1563000000,,205.36,,,,,,,,,,,,,,,,,,,,,,true,false,9,2022-04-01,2022-12-31,-1
2024-01-31,63310,2024-03-31,3,48500000000,0.088,,,,,4000000000,0.587,4150000000,0.451,,5000000000,,656.48,,,,,,,,,,,,,,,,,,,,,,true,true,12,2023-04-01,2024-03-31,0
2024-01-31,63310,2023-03-31,3,,,,,,,,,,,,,,,,,,,,52899000000,30325000000,0.573,3981.53,30325000000,,,,,,,,,,,,true,false,12,2022-04-01,2023-03-31,-1
2024-01-31,63310,2023-03-31,3,,,,,,,,,,,,,,,,,,,,,,,,,,,,,80.00,,,,7913950,297528,,false,false,12,2022-04-01,2023-03-31,-1
2024-01-31,63310,2024-03-31,3,,,,,,,,,,,,,,,,,,,,,,,,,,,,,30.00,,,,,,,false,false,12,2023-04-01,2024-03-31,0
2024-01-31,63310,2024-03-31,3,,,,,,,,,,,,,,,,,,,,,,,,,,,,,100.00,,,,,,,false,true,12,2023-04-01,2024-03-31,0
2024-01-31,63310,2024-03-31,3,,,,,,,,,,,,,,,,,,,,,,,,,,,,,,,,,7913950,297662,7616357,false,false,9,2023-04-01,2023-12-31,0
2024-01-31,63310,2023-03-31,3,,,,,,,,,,,,,,,,,,,,,,,,,,,,,,,,,,,7614890,false,false,9,2022-04-01,2022-12-31,-1
2024-05-15,63310,2024-03-31,,47774000000,0.071,,,,,4410000000,0.749,4709000000,0.647,,5397000000,,708.69,,0.166,0.081,0.092,,63170000000,34577000000,0.547,4540.06,34577000000,1360000000,1369000000,-854000000,15182000000,,0.155,,,,,,true,false,12,2023-04-01,2024-03-31,0
2024-05-15,63310,2023-03-31,,44590000000,-0.019,,,,,2521000000,-0.090,2859000000,-0.115,,3043000000,,399.66,,0.106,0.055,0.057,,52899000000,30325000000,0.573,3981.53,30325000000,996000000,1346000000,-533000000,13114000000,,0.200,,,,,,true,false,12,2022-04-01,2023-03-31,-1
2024-05-15,63310,2025-03-31,,26500000000,0.197,,,,,1950000000,-0.104,1850000000,-0.228,,1250000000,,164.12,,,,,,,,,,,,,,,,,,,,,,true,true,6,2024-04-01,2024-09-30,1
2024-05-15,63310,2025-03-31,,58000000000,0.214,,,,,4800000000,0.088,4550000000,-0.034,,3200000000,,420.16,,,,,,,,,,,,,,,,,,,,,,true,true,12,2024-04-01,2025-03-31,1
2024-05-15,63310,2024-03-31,,39210000000,0.091,,,,,4489000000,0.450,4675000000,0.288,5436000000,,0.348,713.77,,,,,,57265000000,31224000000,0.545,4099.71,31224000000,,,,,110.00,,,,7913950,297783,7616330,false,false,12,2023-04-01,2024-03-31,0
2024-05-15,63310,2023-03-31,,35938000000,0.050,,,,,3095000000,0.373,3631000000,0.297,4033000000,,0.735,529.62,,,,,,47246000000,27417000000,0.580,3599.73,27417000000,,,,,80.00,,,,7913950,297528,7615273,false,false,12,2022-04-01,2023-03-31,-1
2024-05-15,63310,2025-03-31,,,,,,,,,,,,,,,,,,,,,,,,,,,,,,110.00,,,,,,,false,true,12,2024-04-01,2025-03-31,1
2024-07-31,63310,2025-03-31,1,11944000000,0.292,,,,,1099000000,2.276,1309000000,1.198,,917000000,,120.65,,,,,,62626000000,35107000000,0.561,4616.24,35107000000,,,,,,,,,,,,true,false,3,2024-04-01,2024-06-30,0
2024-07-31,63310,2024-03-31,1,9243000000,0.032,,,,,335000000,-0.024,595000000,-0.114,,441000000,,57.91,,,,,,,,,,,,,,,,,,,,,,true,false,3,2023-04-01,2023-06-30,-1
2024-07-31,63310,2025-03-31,1,26500000000,0.197,,,,,1950000000,-0.104,1850000000,-0.228,,1250000000,,164.28,,,,,,,,,,,,,,,,,,,,,,true,true,6,2024-04-01,2024-09-30,0
2024-07-31,63310,2025-03-31,1,58000000000,0.214,,,,,4800000000,0.088,4550000000,-0.034,,3200000000,,420.56,,,,,,,,,,,,,,,,,,,,,,true,true,12,2024-04-01,2025-03-31,0
2024-07-31,63310,2024-03-31,1,,,,,,,,,,,,,,,,,,,,63170000000,34577000000,0.547,4540.06,34577000000,,,,,,,,,,,,true,false,12,2023-04-01,2024-03-31,-1
2024-07-31,63310,2024-03-31,1,,,,,,,,,,,,,,,,,,,,,,,,,,,,,110.00,,,,7913950,297783,,false,false,12,2023-04-01,2024-03-31,-1
2024-07-31,63310,2025-03-31,1,,,,,,,,,,,,,,,,,,,,,,,,,,,,,110.00,,,,,,,false,true,12,2024-04-01,2025-03-31,0
2024-07-31,63310,2025-03-31,1,,,,,,,,,,,,,,,,,,,,,,,,,,,,,,,,,7913950,308685,7608903,false,false,3,2024-04-01,2024-06-30,0
2024-07-31,63310,2024-03-31,1,,,,,,,,,,,,,,,,,,,,,,,,,,,,,,,,,,,7616408,false,false,3,2023-04-01,2023-06-30,-1
2024-10-31,63310,2025-03-31,2,26623000000,0.202,,,,,2265000000,0.040,2207000000,-0.079,,1463000000,,192.43,,,,,,64819000000,35652000000,0.550,4687.87,35652000000,,,,,,,,,,,,true,false,6,2024-04-01,2024-09-30,0
2024-10-31,63310,2024-03-31,2,22145000000,0.045,,,,,2177000000,0.144,2396000000,0.108,,1602000000,,210.39,,,,,,,,,,,,,,,,,,,,,,true,false,6,2023-04-01,2023-09-30,-1
2024-10-31,63310,2025-03-31,2,58000000000,0.214,,,,,4800000000,0.088,4550000000,-0.034,,3200000000,,420.66,,,,,,,,,,,,,,,,,,,,,,true,true,12,2024-04-01,2025-03-31,0
2024-10-31,63310,2024-03-31,2,,,,,,,,,,,,,,,,,,,,63170000000,34577000000,0.547,4540.06,34577000000,,,,,,,,,,,,true,false,12,2023-04-01,2024-03-31,-1
2024-10-31,63310,2024-03-31,2,,,,,,,,,,,,,,,,,,,,,,,,,,,,,110.00,,,,7913950,297783,,false,false,12,2023-04-01,2024-03-31,-1
2024-10-31,63310,2025-03-31,2,,,,,,,,,,,,,,,,,,,,,,,,,,,,,50.00,,,,,,,false,false,12,2024-04-01,2025-03-31,0
2024-10-31,63310,2025-03-31,2,,,,,,,,,,,,,,,,,,,,,,,,,,,,,110.00,,,,,,,false,true,12,2024-04-01,2025-03-31,0
2024-10-31,63310,2025-03-31,2,,,,,,,,,,,,,,,,,,,,,,,,,,,,,,,,,7913950,308688,7607082,false,false,6,2024-04-01,2024-09-30,0
2024-10-31,63310,2024-03-31,2,,,,,,,,,,,,,,,,,,,,,,,,,,,,,,,,,,,7616378,false,false,6,2023-04-01,2023-09-30,-1
2025-01-31,63310,2025-03-31,3,41313000000,0.207,,,,,3629000000,0.098,3869000000,0.089,,2512000000,,330.29,,,,,,65921000000,36484000000,0.553,4794.42,36484000000,,,,,,,,,,,,true,false,9,2024-04-01,2024-12-31,0
2025-01-31,63310,2024-03-31,3,34220000000,0.091,,,,,3305000000,0.571,3553000000,0.470,,4277000000,,561.60,,,,,,,,,,,,,,,,,,,,,,true,false,9,2023-04-01,2023-12-31,-1
2025-01-31,63310,2025-03-31,3,58000000000,0.214,,,,,4800000000,0.088,4550000000,-0.034,,3200000000,,420.64,,,,,,,,,,,,,,,,,,,,,,true,true,12,2024-04-01,2025-03-31,0
2025-01-31,63310,2024-03-31,3,,,,,,,,,,,,,,,,,,,,63170000000,34577000000,0.547,4540.06,34577000000,,,,,,,,,,,,true,false,12,2023-04-01,2024-03-31,-1
2025-01-31,63310,2024-03-31,3,,,,,,,,,,,,,,,,,,,,,,,,,,,,,110.00,,,,7913950,297783,,false,false,12,2023-04-01,2024-03-31,-1
2025-01-31,63310,2025-03-31,3,,,,,,,,,,,,,,,,,,,,,,,,,,,,,50.00,,,,,,,false,false,12,2024-04-01,2025-03-31,0
2025-01-31,63310,2025-03-31,3,,,,,,,,,,,,,,,,,,,,,,,,,,,,,110.00,,,,,,,false,true,12,2024-04-01,2025-03-31,0
2025-01-31,63310,2025-03-31,3,,,,,,,,,,,,,,,,,,,,,,,,,,,,,,,,,7913950,304133,7607486,false,false,9,2024-04-01,2024-12-31,0
2025-01-31,63310,2024-03-31,3,,,,,,,,,,,,,,,,,,,,,,,,,,,,,,,,,,,7616357,false,false,9,2023-04-01,2023-12-31,-1
2025-05-15,63310,2025-03-31,,59202000000,0.239,,,,,5694000000,0.291,5626000000,0.195,,4879000000,,213.79,,0.134,0.087,0.096,,66174000000,38227000000,0.578,1674.46,38227000000,-3311000000,43000000,-1047000000,10822000000,,0.327,,,,,,true,false,12,2024-04-01,2025-03-31,0
2025-05-15,63310,2024-03-31,,47774000000,0.071,,,,,4410000000,0.749,4709000000,0.647,,5397000000,,236.23,,0.166,0.081,0.092,,63170000000,34577000000,0.547,1513.35,34577000000,1360000000,1369000000,-854000000,15182000000,,0.155,,,,,,true,false,12,2023-04-01,2024-03-31,-1
2025-05-15,63310,2026-03-31,,37500000000,0.409,,,,,3000000000,0.324,3100000000,0.404,,2150000000,,94.20,,,,,,,,,,,,,,,,,,,,,,true,true,6,2025-04-01,2025-09-30,1
2025-05-15,63310,2026-03-31,,84500000000,0.427,,,,,7500000000,0.317,7500000000,0.333,,5360000000,,234.84,,,,,,,,,,,,,,,,,,,,,,true,true,12,2025-04-01,2026-03-31,1
2025-05-15,63310,2025-03-31,,49480000000,0.262,,,,,5267000000,0.173,5406000000,0.156,4398000000,,-0.191,192.73,,,,,,59751000000,34416000000,0.576,1507.56,34416000000,,,,,210.00,,,,23741850,912351,22824199,false,false,12,2024-04-01,2025-03-31,0
2025-05-15,63310,2024-03-31,,39210000000,0.091,,,,,4489000000,0.450,4675000000,0.288,5436000000,,0.348,237.92,,,,,,57265000000,31224000000,0.545,1366.57,31224000000,,,,,110.00,,,,23741850,893349,22848949,false,false,12,2023-04-01,2024-03-31,-1
2025-05-15,63310,2026-03-31,,,,,,,,,,,,,,,,,,,,,,,,,,,,,,80.00,,,,,,,false,true,12,2025-04-01,2026-03-31,1
