filing_date,code,fiscal_year_end,quarterly_period,net_sales,net_sales_change,revenue,revenue_change,operating_revenue,operating_revenue_change,operating_profit,operating_profit_change,ordinary_profit,ordinary_profit_change,net_income,net_income_of_parent,net_income_change,eps,diluted_eps,roe,roa,operating_profit_to_net_sales,operating_profit_to_revenue,total_assets,net_assets,equity_ratio,bps,owner_equity,operating_cash_flow,investing_cash_flow,financing_cash_flow,cash,dividend_per_share,payout_ratio,commemorative_dividend,extra_dividend,number_of_shares,number_of_treqsury_shares,avg_number_of_shares,is_consolidated,is_forecast,duration,period_start,period_end,period_pos
2015-07-30,63450,2016-03-31,1,9846000000,0.156,,,,,624000000,1.504,797000000,1.523,,516000000,,6.66,,,,,,69953000000,49418000000,0.706,,49418000000,,,,,,,,,,,,true,false,3,2015-04-01,2015-06-30,0
2015-07-30,63450,2015-03-31,1,8519000000,0.046,,,,,249000000,,316000000,,,178000000,,2.30,,,,,,,,,,,,,,,,,,,,,,true,false,3,2014-04-01,2014-06-30,-1
2015-07-30,63450,2016-03-31,1,24800000000,0.076,,,,,2100000000,0.189,2200000000,0.100,,1400000000,,18.03,,,,,,,,,,,,,,,,,,,,,,true,true,6,2015-04-01,2015-09-30,0
2015-07-30,63450,2016-03-31,1,53000000000,0.075,,,,,5000000000,0.186,5300000000,0.082,,3400000000,,43.80,,,,,,,,,,,,,,,,,,,,,,true,true,12,2015-04-01,2016-03-31,0
2015-07-30,63450,2015-03-31,1,,,,,,,,,,,,,,,,,,,,72450000000,49154000000,0.678,,49154000000,,,,,,,,,,,,true,false,12,2014-04-01,2015-03-31,-1
2015-07-30,63450,2015-03-31,1,,,,,,,,,,,,,,,,,,,,,,,,,,,,,10.00,,,,79453250,1824787,,false,false,12,2014-04-01,2015-03-31,-1
2015-07-30,63450,2016-03-31,1,,,,,,,,,,,,,,,,,,,,,,,,,,,,,12.00,,,,,,,false,true,12,2015-04-01,2016-03-31,0
2015-07-30,63450,2016-03-31,1,,,,,,,,,,,,,,,,,,,,,,,,,,,,,,,,,79453250,1824887,77628396,false,false,3,2015-04-01,2015-06-30,0
2015-07-30,63450,2015-03-31,1,,,,,,,,,,,,,,,,,,,,,,,,,,,,,,,,,,,77629212,false,false,3,2014-04-01,2014-06-30,-1
2015-10-29,63450,2016-03-31,2,25798000000,0.119,,,,,2738000000,0.551,2999000000,0.500,,2050000000,,26.41,,,,,,73640000000,50156000000,0.681,,50156000000,,,,,,,,,,,,true,false,6,2015-04-01,2015-09-30,0
2015-10-29,63450,2015-03-31,2,23049000000,0.098,,,,,1766000000,0.895,1999000000,0.764,,1250000000,,16.11,,,,,,,,,,,,,,,,,,,,,,true,false,6,2014-04-01,2014-09-30,-1
2015-10-29,63450,2016-03-31,2,55000000000,0.115,,,,,6000000000,0.423,6500000000,0.327,,4300000000,,55.39,,,,,,,,,,,,,,,,,,,,,,true,true,12,2015-04-01,2016-03-31,0
2015-10-29,63450,2015-03-31,2,,,,,,,,,,,,,,,,,,,,72450000000,49154000000,0.678,,49154000000,,,,,,,,,,,,true,false,12,2014-04-01,2015-03-31,-1
2015-10-29,63450,2015-03-31,2,,,,,,,,,,,,,,,,,,,,,,,,,,,,,10.00,,,,79453250,1824787,,false,false,12,2014-04-01,2015-03-31,-1
2015-10-29,63450,2016-03-31,2,,,,,,,,,,,,,,,,,,,,,,,,,,,,,6.00,,,,,,,false,false,12,2015-04-01,2016-03-31,0
2015-10-29,63450,2016-03-31,2,,,,,,,,,,,,,,,,,,,,,,,,,,,,,13.00,,,,,,,false,true,12,2015-04-01,2016-03-31,0
2015-10-29,63450,2016-03-31,2,,,,,,,,,,,,,,,,,,,,,,,,,,,,,,,,,79453250,1825216,77628308,false,false,6,2015-04-01,2015-09-30,0
2015-10-29,63450,2015-03-31,2,,,,,,,,,,,,,,,,,,,,,,,,,,,,,,,,,,,77629149,false,false,6,2014-04-01,2014-09-30,-1
2016-02-02,63450,2016-03-31,3,39683000000,0.138,,,,,4356000000,0.545,4732000000,0.418,,3321000000,,42.79,,,,,,76039000000,51513000000,0.677,,51513000000,,,,,,,,,,,,true,false,9,2015-04-01,2015-12-31,0
2016-02-02,63450,2015-03-31,3,34885000000,0.094,,,,,2819000000,0.837,3337000000,0.681,,2204000000,,28.40,,,,,,,,,,,,,,,,,,,,,,true,false,9,2014-04-01,2014-12-31,-1
2016-02-02,63450,2016-03-31,3,55000000000,0.115,,,,,6000000000,0.423,6500000000,0.327,,4300000000,,55.39,,,,,,,,,,,,,,,,,,,,,,true,true,12,2015-04-01,2016-03-31,0
2016-02-02,63450,2015-03-31,3,,,,,,,,,,,,,,,,,,,,72450000000,49154000000,0.678,,49154000000,,,,,,,,,,,,true,false,12,2014-04-01,2015-03-31,-1
2016-02-02,63450,2015-03-31,3,,,,,,,,,,,,,,,,,,,,,,,,,,,,,10.00,,,,79453250,1824787,,false,false,12,2014-04-01,2015-03-31,-1
2016-02-02,63450,2016-03-31,3,,,,,,,,,,,,,,,,,,,,,,,,,,,,,6.00,,,,,,,false,false,12,2015-04-01,2016-03-31,0
2016-02-02,63450,2016-03-31,3,,,,,,,,,,,,,,,,,,,,,,,,,,,,,13.00,,,,,,,false,true,12,2015-04-01,2016-03-31,0
2016-02-02,63450,2016-03-31,3,,,,,,,,,,,,,,,,,,,,,,,,,,,,,,,,,79453250,1825729,77628166,false,false,9,2015-04-01,2015-12-31,0
2016-02-02,63450,2015-03-31,3,,,,,,,,,,,,,,,,,,,,,,,,,,,,,,,,,,,77629035,false,false,9,2014-04-01,2014-12-31,-1
2016-04-27,63450,2016-03-31,,57107000000,0.158,,,,,6318000000,0.498,6694000000,0.366,,4600000000,,59.27,,0.091,0.088,0.111,,80452000000,51743000000,0.643,666.57,51743000000,5294000000,-3401000000,-1079000000,7216000000,,0.253,,,,,,true,false,12,2015-04-01,2016-03-31,0
2016-04-27,63450,2015-03-31,,49307000000,0.038,,,,,4217000000,0.381,4898000000,0.394,,3093000000,,39.85,,0.065,0.070,0.086,,72450000000,49154000000,0.678,633.20,49154000000,3699000000,-2017000000,-992000000,6318000000,,0.251,,,,,,true,false,12,2014-04-01,2015-03-31,-1
2016-04-27,63450,2017-03-31,,29500000000,0.143,,,,,3350000000,0.223,3500000000,0.167,,2400000000,,30.92,,,,,,,,,,,,,,,,,,,,,,true,true,6,2016-04-01,2016-09-30,1
2016-04-27,63450,2017-03-31,,60000000000,0.051,,,,,6900000000,0.092,7200000000,0.076,,4900000000,,63.12,,,,,,,,,,,,,,,,0.285,,,,,,true,true,12,2016-04-01,2017-03-31,1
2016-04-27,63450,2016-03-31,,56991000000,0.175,,,,,5873000000,0.480,6289000000,0.368,4074000000,,0.466,52.49,,,,,,79037000000,51051000000,0.646,657.65,51051000000,,,,,15.00,,,,79453250,1825799,77628010,false,false,12,2015-04-01,2016-03-31,0
2016-04-27,63450,2015-03-31,,48516000000,0.031,,,,,3969000000,0.112,4597000000,0.154,2778000000,,0.584,35.79,,,,,,71186000000,48082000000,0.675,619.40,48082000000,,,,,10.00,,,,79453250,1824787,77628914,false,false,12,2014-04-01,2015-03-31,-1
2016-04-27,63450,2017-03-31,,,,,,,,,,,,,,,,,,,,,,,,,,,,,,18.00,,,,,,,false,true,12,2016-04-01,2017-03-31,1
2016-07-28,63450,2017-03-31,1,11555000000,0.174,,,,,1020000000,0.635,1016000000,0.274,,646000000,,8.33,,,,,,77637000000,51022000000,0.657,,51022000000,,,,,,,,,,,,true,false,3,2016-04-01,2016-06-30,0
2016-07-28,63450,2016-03-31,1,9846000000,0.156,,,,,624000000,1.504,797000000,1.523,,516000000,,6.66,,,,,,,,,,,,,,,,,,,,,,true,false,3,2015-04-01,2015-06-30,-1
2016-07-28,63450,2017-03-31,1,29500000000,0.143,,,,,3350000000,0.223,3500000000,0.167,,2400000000,,30.92,,,,,,,,,,,,,,,,,,,,,,true,true,6,2016-04-01,2016-09-30,0
2016-07-28,63450,2017-03-31,1,60000000000,0.051,,,,,6900000000,0.092,7200000000,0.076,,4900000000,,63.12,,,,,,,,,,,,,,,,,,,,,,true,true,12,2016-04-01,2017-03-31,0
2016-07-28,63450,2016-03-31,1,,,,,,,,,,,,,,,,,,,,80452000000,51743000000,0.643,,51743000000,,,,,,,,,,,,true,false,12,2015-04-01,2016-03-31,-1
2016-07-28,63450,2016-03-31,1,,,,,,,,,,,,,,,,,,,,,,,,,,,,,15.00,,,,79453250,1825799,,false,false,12,2015-04-01,2016-03-31,-1
2016-07-28,63450,2017-03-31,1,,,,,,,,,,,,,,,,,,,,,,,,,,,,,18.00,,,,,,,false,true,12,2016-04-01,2017-03-31,0
2016-07-28,63450,2017-03-31,1,,,,,,,,,,,,,,,,,,,,,,,,,,,,,,,,,79453250,1825859,77627421,false,false,3,2016-04-01,2016-06-30,0
2016-07-28,63450,2016-03-31,1,,,,,,,,,,,,,,,,,,,,,,,,,,,,,,,,,,,77628396,false,false,3,2015-04-01,2015-06-30,-1
2016-10-27,63450,2017-03-31,2,29334000000,0.137,,,,,3872000000,0.414,3874000000,0.292,,2526000000,,32.55,,,,,,79347000000,53247000000,0.671,,53247000000,,,,,,,,,,,,true,false,6,2016-04-01,2016-09-30,0
2016-10-27,63450,2016-03-31,2,25798000000,0.119,,,,,2738000000,0.551,2999000000,0.500,,2050000000,,26.41,,,,,,,,,,,,,,,,,,,,,,true,false,6,2015-04-01,2015-09-30,-1
2016-10-27,63450,2017-03-31,2,62000000000,0.086,,,,,7500000000,0.187,7600000000,0.135,,5000000000,,64.41,,,,,,,,,,,,,,,,,,,,,,true,true,12,2016-04-01,2017-03-31,0
2016-10-27,63450,2016-03-31,2,,,,,,,,,,,,,,,,,,,,80452000000,51743000000,0.643,,51743000000,,,,,,,,,,,,true,false,12,2015-04-01,2016-03-31,-1
2016-10-27,63450,2016-03-31,2,,,,,,,,,,,,,,,,,,,,,,,,,,,,,15.00,,,,79453250,1825799,,false,false,12,2015-04-01,2016-03-31,-1
2016-10-27,63450,2017-03-31,2,,,,,,,,,,,,,,,,,,,,,,,,,,,,,9.00,,,,,,,false,false,12,2016-04-01,2017-03-31,0
2016-10-27,63450,2017-03-31,2,,,,,,,,,,,,,,,,,,,,,,,,,,,,,18.00,,,,,,,false,true,12,2016-04-01,2017-03-31,0
2016-10-27,63450,2017-03-31,2,,,,,,,,,,,,,,,,,,,,,,,,,,,,,,,,,79453250,1826128,77627331,false,false,6,2016-04-01,2016-09-30,0
2016-10-27,63450,2016-03-31,2,,,,,,,,,,,,,,,,,,,,,,,,,,,,,,,,,,,77628308,false,false,6,2015-04-01,2015-09-30,-1
2016-10-27,63450,2017-03-31,,62000000000,0.033,,,,,7500000000,0.087,7600000000,0.056,5000000000,,0.020,64.41,,,,,,,,,,,,,,,,,,,,,,true,true,12,2016-04-01,2017-03-31,0
2016-10-27,63450,2016-03-31,,57107000000,,,,,,6318000000,,6694000000,,4600000000,,,59.27,,,,,,,,,,,,,,,,,,,,,,true,false,12,2015-04-01,2016-03-31,-1
2017-02-01,63450,2017-03-31,3,45195000000,0.139,,,,,6127000000,0.407,6404000000,0.353,,4268000000,,54.99,,,,,,80198000000,55210000000,0.688,,55210000000,,,,,,,,,,,,true,false,9,2016-04-01,2016-12-31,0
2017-02-01,63450,2016-03-31,3,39683000000,0.138,,,,,4356000000,0.545,4732000000,0.418,,3321000000,,42.79,,,,,,,,,,,,,,,,,,,,,,true,false,9,2015-04-01,2015-12-31,-1
2017-02-01,63450,2017-03-31,3,62000000000,0.086,,,,,7500000000,0.187,7600000000,0.135,,5000000000,,64.41,,,,,,,,,,,,,,,,,,,,,,true,true,12,2016-04-01,2017-03-31,0
2017-02-01,63450,2016-03-31,3,,,,,,,,,,,,,,,,,,,,80452000000,51743000000,0.643,,51743000000,,,,,,,,,,,,true,false,12,2015-04-01,2016-03-31,-1
2017-02-01,63450,2016-03-31,3,,,,,,,,,,,,,,,,,,,,,,,,,,,,,15.00,,,,79453250,1825799,,false,false,12,2015-04-01,2016-03-31,-1
2017-02-01,63450,2017-03-31,3,,,,,,,,,,,,,,,,,,,,,,,,,,,,,9.00,,,,,,,false,false,12,2016-04-01,2017-03-31,0
2017-02-01,63450,2017-03-31,3,,,,,,,,,,,,,,,,,,,,,,,,,,,,,18.00,,,,,,,false,true,12,2016-04-01,2017-03-31,0
2017-02-01,63450,2017-03-31,3,,,,,,,,,,,,,,,,,,,,,,,,,,,,,,,,,79453250,1826388,77627241,false,false,9,2016-04-01,2016-12-31,0
2017-02-01,63450,2016-03-31,3,,,,,,,,,,,,,,,,,,,,,,,,,,,,,,,,,,,77628166,false,false,9,2015-04-01,2015-12-31,-1
2017-04-27,63450,2017-03-31,,62608000000,0.096,,,,,7807000000,0.236,8038000000,0.201,,5118000000,,65.94,,0.095,0.098,0.125,,83831000000,55904000000,0.667,720.17,55904000000,10521000000,-8590000000,-1584000000,7570000000,,0.273,,,,,,true,false,12,2016-04-01,2017-03-31,0
2017-04-27,63450,2016-03-31,,57107000000,0.158,,,,,6318000000,0.498,6694000000,0.366,,4600000000,,59.27,,0.091,0.088,0.111,,80452000000,51743000000,0.643,666.57,51743000000,5294000000,-3401000000,-1079000000,7216000000,,0.253,,,,,,true,false,12,2015-04-01,2016-03-31,-1
2017-04-27,63450,2018-03-31,,31000000000,0.057,,,,,3900000000,0.007,4000000000,0.032,,2600000000,,33.49,,,,,,,,,,,,,,,,,,,,,,true,true,6,2017-04-01,2017-09-30,1
2017-04-27,63450,2018-03-31,,63000000000,0.006,,,,,8000000000,0.025,8200000000,0.020,,5600000000,,72.14,,,,,,,,,,,,,,,,0.250,,,,,,true,true,12,2017-04-01,2018-03-31,1
2017-04-27,63450,2017-03-31,,62308000000,0.093,,,,,7907000000,0.346,8199000000,0.304,5392000000,,0.323,69.46,,,,,,82614000000,55575000000,0.673,715.94,55575000000,,,,,18.00,,,,79453250,1826877,77627097,false,false,12,2016-04-01,2017-03-31,0
2017-04-27,63450,2016-03-31,,56991000000,0.175,,,,,5873000000,0.480,6289000000,0.368,4074000000,,0.466,52.49,,,,,,79037000000,51051000000,0.646,657.65,51051000000,,,,,15.00,,,,79453250,1825799,77628010,false,false,12,2015-04-01,2016-03-31,-1
2017-04-27,63450,2018-03-31,,,,,,,,,,,,,,,,,,,,,,,,,,,,,,18.00,,,,,,,false,true,12,2017-04-01,2018-03-31,1
2017-07-27,63450,2018-03-31,1,11798000000,0.021,,,,,1029000000,0.008,1138000000,0.120,,773000000,,9.96,,,,,,80393000000,56318000000,0.701,,56318000000,,,,,,,,,,,,true,false,3,2017-04-01,2017-06-30,0
2017-07-27,63450,2017-03-31,1,11555000000,0.174,,,,,1020000000,0.635,1016000000,0.274,,646000000,,8.33,,,,,,,,,,,,,,,,,,,,,,true,false,3,2016-04-01,2016-06-30,-1
2017-07-27,63450,2018-03-31,1,31000000000,0.057,,,,,3900000000,0.007,4000000000,0.032,,2600000000,,33.49,,,,,,,,,,,,,,,,,,,,,,true,true,6,2017-04-01,2017-09-30,0
2017-07-27,63450,2018-03-31,1,63000000000,0.006,,,,,8000000000,0.025,8200000000,0.020,,5600000000,,72.14,,,,,,,,,,,,,,,,,,,,,,true,true,12,2017-04-01,2018-03-31,0
2017-07-27,63450,2017-03-31,1,,,,,,,,,,,,,,,,,,,,83831000000,55904000000,0.667,,55904000000,,,,,,,,,,,,true,false,12,2016-04-01,2017-03-31,-1
2017-07-27,63450,2017-03-31,1,,,,,,,,,,,,,,,,,,,,,,,,,,,,,18.00,,,,79453250,1826877,,false,false,12,2016-04-01,2017-03-31,-1
2017-07-27,63450,2018-03-31,1,,,,,,,,,,,,,,,,,,,,,,,,,,,,,18.00,,,,,,,false,true,12,2017-04-01,2018-03-31,0
2017-07-27,63450,2018-03-31,1,,,,,,,,,,,,,,,,,,,,,,,,,,,,,,,,,79453250,1826897,77626368,false,false,3,2017-04-01,2017-06-30,0
2017-07-27,63450,2017-03-31,1,,,,,,,,,,,,,,,,,,,,,,,,,,,,,,,,,,,77627421,false,false,3,2016-04-01,2016-06-30,-1
2017-10-30,63450,2018-03-31,2,29539000000,0.007,,,,,3746000000,-0.033,3892000000,0.005,,2710000000,,34.91,,,,,,81233000000,58535000000,0.721,,58535000000,,,,,,,,,,,,true,false,6,2017-04-01,2017-09-30,0
2017-10-30,63450,2017-03-31,2,29334000000,0.137,,,,,3872000000,0.414,3874000000,0.292,,2526000000,,32.55,,,,,,,,,,,,,,,,,,,,,,true,false,6,2016-04-01,2016-09-30,-1
2017-10-30,63450,2018-03-31,2,63000000000,0.006,,,,,8000000000,0.025,8200000000,0.020,,5600000000,,72.14,,,,,,,,,,,,,,,,,,,,,,true,true,12,2017-04-01,2018-03-31,0
2017-10-30,63450,2017-03-31,2,,,,,,,,,,,,,,,,,,,,83831000000,55904000000,0.667,,55904000000,,,,,,,,,,,,true,false,12,2016-04-01,2017-03-31,-1
2017-10-30,63450,2017-03-31,2,,,,,,,,,,,,,,,,,,,,,,,,,,,,,18.00,,,,79453250,1826877,,false,false,12,2016-04-01,2017-03-31,-1
2017-10-30,63450,2018-03-31,2,,,,,,,,,,,,,,,,,,,,,,,,,,,,,11.00,,,,,,,false,false,12,2017-04-01,2018-03-31,0
2017-10-30,63450,2018-03-31,2,,,,,,,,,,,,,,,,,,,,,,,,,,,,,22.00,,,,,,,false,true,12,2017-04-01,2018-03-31,0
2017-10-30,63450,2018-03-31,2,,,,,,,,,,,,,,,,,,,,,,,,,,,,,,,,,79453250,1826997,77626322,false,false,6,2017-04-01,2017-09-30,0
2017-10-30,63450,2017-03-31,2,,,,,,,,,,,,,,,,,,,,,,,,,,,,,,,,,,,77627331,false,false,6,2016-04-01,2016-09-30,-1
,63450,2018-03-31,,,,,,,,,,,,,,,,,,,,,,,,,,,,,,22.00,,,,,,,false,true,12,2017-04-01,2018-03-31,0
,63450,2018-03-31,,,,,,,,,,,,,,,,,,,,,,,,,,,,,,11.00,,,,,,,false,false,12,2017-04-01,2018-03-31,0
,63450,2017-03-31,,,,,,,,,,,,,,,,,,,,,,,,,,,,,,18.00,,,,,,,false,false,12,2016-04-01,2017-03-31,-1
2018-02-01,63450,2018-03-31,3,43146000000,-0.045,,,,,5244000000,-0.144,5522000000,-0.138,,3827000000,,49.31,,,,,,76066000000,59244000000,0.779,,59244000000,,,,,,,,,,,,true,false,9,2017-04-01,2017-12-31,0
2018-02-01,63450,2017-03-31,3,45195000000,0.139,,,,,6127000000,0.407,6404000000,0.353,,4268000000,,54.99,,,,,,,,,,,,,,,,,,,,,,true,false,9,2016-04-01,2016-12-31,-1
2018-02-01,63450,2018-03-31,3,63000000000,0.006,,,,,8000000000,0.025,8200000000,0.020,,5600000000,,72.14,,,,,,,,,,,,,,,,,,,,,,true,true,12,2017-04-01,2018-03-31,0
2018-02-01,63450,2017-03-31,3,,,,,,,,,,,,,,,,,,,,83831000000,55904000000,0.667,,55904000000,,,,,,,,,,,,true,false,12,2016-04-01,2017-03-31,-1
2018-02-01,63450,2017-03-31,3,,,,,,,,,,,,,,,,,,,,,,,,,,,,,18.00,,,,79453250,1826877,,false,false,12,2016-04-01,2017-03-31,-1
2018-02-01,63450,2018-03-31,3,,,,,,,,,,,,,,,,,,,,,,,,,,,,,11.00,,,,,,,false,false,12,2017-04-01,2018-03-31,0
2018-02-01,63450,2018-03-31,3,,,,,,,,,,,,,,,,,,,,,,,,,,,,,22.00,,,,,,,false,true,12,2017-04-01,2018-03-31,0
2018-02-01,63450,2018-03-31,3,,,,,,,,,,,,,,,,,,,,,,,,,,,,,,,,,79453250,1827324,77626230,false,false,9,2017-04-01,2017-12-31,0
2018-02-01,63450,2017-03-31,3,,,,,,,,,,,,,,,,,,,,,,,,,,,,,,,,,,,77627241,false,false,9,2016-04-01,2016-12-31,-1
2018-04-26,63450,2018-03-31,,61474000000,-0.018,,,,,7576000000,-0.030,8328000000,0.036,,5785000000,,74.53,,0.099,0.101,0.123,,80750000000,60950000000,0.755,785.18,60950000000,3079000000,-2562000000,-1704000000,6381000000,,0.295,,,,,,true,false,12,2017-04-01,2018-03-31,0
2018-04-26,63450,2017-03-31,,62608000000,0.096,,,,,7807000000,0.236,8038000000,0.201,,5118000000,,65.94,,0.095,0.098,0.125,,83831000000,55904000000,0.667,720.17,55904000000,10521000000,-8590000000,-1584000000,7570000000,,0.273,,,,,,true,false,12,2016-04-01,2017-03-31,-1
2018-04-26,63450,2019-03-31,,26500000000,-0.103,,,,,2000000000,-0.466,2100000000,-0.460,,1500000000,,19.32,,,,,,,,,,,,,,,,,,,,,,true,true,6,2018-04-01,2018-09-30,1
2018-04-26,63450,2019-03-31,,60000000000,-0.024,,,,,6000000000,-0.208,6200000000,-0.256,,4400000000,,56.68,,,,,,,,,,,,,,,,0.388,,,,,,true,true,12,2018-04-01,2019-03-31,1
2018-04-26,63450,2017-03-31,,,,,,,,,,,,,,,,,,,,,,,,,,,,,,18.00,,,,79453250,1826877,77627097,false,false,12,2016-04-01,2017-03-31,-1
2018-04-26,63450,2018-03-31,,,,,,,,,,,,,,,,,,,,,,,,,,,,,,22.00,,,,79453250,1827418,77626138,false,false,12,2017-04-01,2018-03-31,0
2018-04-26,63450,2019-03-31,,,,,,,,,,,,,,,,,,,,,,,,,,,,,,22.00,,,,,,,false,true,12,2018-04-01,2019-03-31,1
2018-07-30,63450,2019-03-31,1,10540000000,-0.107,,,,,554000000,-0.461,692000000,-0.392,,476000000,,6.14,,,,,,76579000000,61059000000,0.797,,61059000000,,,,,,,,,,,,true,false,3,2018-04-01,2018-06-30,0
2018-07-30,63450,2018-03-31,1,11798000000,0.021,,,,,1029000000,0.008,1138000000,0.120,,773000000,,9.96,,,,,,,,,,,,,,,,,,,,,,true,false,3,2017-04-01,2017-06-30,-1
2018-07-30,63450,2019-03-31,1,26500000000,-0.103,,,,,2000000000,-0.466,2100000000,-0.460,,1500000000,,19.32,,,,,,,,,,,,,,,,,,,,,,true,true,6,2018-04-01,2018-09-30,0
2018-07-30,63450,2019-03-31,1,60000000000,-0.024,,,,,6000000000,-0.208,6200000000,-0.256,,4400000000,,56.68,,,,,,,,,,,,,,,,,,,,,,true,true,12,2018-04-01,2019-03-31,0
2018-07-30,63450,2018-03-31,1,,,,,,,,,,,,,,,,,,,,80696000000,60950000000,0.755,,60950000000,,,,,,,,,,,,true,false,12,2017-04-01,2018-03-31,-1
2018-07-30,63450,2018-03-31,1,,,,,,,,,,,,,,,,,,,,,,,,,,,,,22.00,,,,79453250,1827418,,false,false,12,2017-04-01,2018-03-31,-1
2018-07-30,63450,2019-03-31,1,,,,,,,,,,,,,,,,,,,,,,,,,,,,,22.00,,,,,,,false,true,12,2018-04-01,2019-03-31,0
2018-07-30,63450,2019-03-31,1,,,,,,,,,,,,,,,,,,,,,,,,,,,,,,,,,79453250,1827585,77625727,false,false,3,2018-04-01,2018-06-30,0
2018-07-30,63450,2018-03-31,1,,,,,,,,,,,,,,,,,,,,,,,,,,,,,,,,,,,77626368,false,false,3,2017-04-01,2017-06-30,-1
2018-10-26,63450,2019-03-31,2,26835000000,-0.092,,,,,2198000000,-0.413,2378000000,-0.389,,1704000000,,21.96,,,,,,79861000000,62806000000,0.786,,62806000000,,,,,,,,,,,,true,false,6,2018-04-01,2018-09-30,0
2018-10-26,63450,2018-03-31,2,29539000000,0.007,,,,,3746000000,-0.033,3892000000,0.005,,2710000000,,34.91,,,,,,,,,,,,,,,,,,,,,,true,false,6,2017-04-01,2017-09-30,-1
2018-10-26,63450,2019-03-31,2,60000000000,-0.024,,,,,6000000000,-0.208,6200000000,-0.256,,4400000000,,56.68,,,,,,,,,,,,,,,,,,,,,,true,true,12,2018-04-01,2019-03-31,0
2018-10-26,63450,2018-03-31,2,,,,,,,,,,,,,,,,,,,,80696000000,60950000000,0.755,,60950000000,,,,,,,,,,,,true,false,12,2017-04-01,2018-03-31,-1
2018-10-26,63450,2018-03-31,2,,,,,,,,,,,,,,,,,,,,,,,,,,,,,22.00,,,,79453250,1827418,,false,false,12,2017-04-01,2018-03-31,-1
2018-10-26,63450,2019-03-31,2,,,,,,,,,,,,,,,,,,,,,,,,,,,,,11.00,,,,,,,false,false,12,2018-04-01,2019-03-31,0
2018-10-26,63450,2019-03-31,2,,,,,,,,,,,,,,,,,,,,,,,,,,,,,22.00,,,,,,,false,true,12,2018-04-01,2019-03-31,0
2018-10-26,63450,2019-03-31,2,,,,,,,,,,,,,,,,,,,,,,,,,,,,,,,,,79453250,1827749,77625649,false,false,6,2018-04-01,2018-09-30,0
2018-10-26,63450,2018-03-31,2,,,,,,,,,,,,,,,,,,,,,,,,,,,,,,,,,,,77626322,false,false,6,2017-04-01,2017-09-30,-1
2019-01-31,63450,2019-03-31,3,42379000000,-0.018,,,,,4314000000,-0.177,4627000000,-0.162,,3291000000,,42.41,,,,,,79696000000,62484000000,0.784,,62484000000,,,,,,,,,,,,true,false,9,2018-04-01,2018-12-31,0
2019-01-31,63450,2018-03-31,3,43146000000,-0.045,,,,,5244000000,-0.144,5522000000,-0.138,,3827000000,,49.31,,,,,,,,,,,,,,,,,,,,,,true,false,9,2017-04-01,2017-12-31,-1
2019-01-31,63450,2019-03-31,3,60000000000,-0.024,,,,,6000000000,-0.208,6200000000,-0.256,,4400000000,,56.68,,,,,,,,,,,,,,,,,,,,,,true,true,12,2018-04-01,2019-03-31,0
2019-01-31,63450,2018-03-31,3,,,,,,,,,,,,,,,,,,,,80696000000,60950000000,0.755,,60950000000,,,,,,,,,,,,true,false,12,2017-04-01,2018-03-31,-1
2019-01-31,63450,2018-03-31,3,,,,,,,,,,,,,,,,,,,,,,,,,,,,,22.00,,,,79453250,1827418,,false,false,12,2017-04-01,2018-03-31,-1
2019-01-31,63450,2019-03-31,3,,,,,,,,,,,,,,,,,,,,,,,,,,,,,11.00,,,,,,,false,false,12,2018-04-01,2019-03-31,0
2019-01-31,63450,2019-03-31,3,,,,,,,,,,,,,,,,,,,,,,,,,,,,,22.00,,,,,,,false,true,12,2018-04-01,2019-03-31,0
2019-01-31,63450,2019-03-31,3,,,,,,,,,,,,,,,,,,,,,,,,,,,,,,,,,79453250,1827856,77625594,false,false,9,2018-04-01,2018-12-31,0
2019-01-31,63450,2018-03-31,3,,,,,,,,,,,,,,,,,,,,,,,,,,,,,,,,,,,77626230,false,false,9,2017-04-01,2017-12-31,-1
2019-04-24,63450,2019-03-31,,61838000000,0.006,,,,,7000000000,-0.076,7393000000,-0.112,,5525000000,,71.18,,0.088,0.089,0.113,,84562000000,65254000000,0.772,840.64,65254000000,1492000000,86000000,-1821000000,6149000000,,0.309,,,,,,true,false,12,2018-04-01,2019-03-31,0
2019-04-24,63450,2018-03-31,,61474000000,-0.018,,,,,7576000000,-0.030,8328000000,0.036,,5785000000,,74.53,,0.099,0.101,0.123,,80696000000,60950000000,0.755,785.18,60950000000,3079000000,-2562000000,-1704000000,6381000000,,0.295,,,,,,true,false,12,2017-04-01,2018-03-31,-1
2019-04-24,63450,2020-03-31,,29000000000,0.081,,,,,2600000000,0.182,2700000000,0.135,,1900000000,,24.48,,,,,,,,,,,,,,,,,,,,,,true,true,6,2019-04-01,2019-09-30,1
2019-04-24,63450,2020-03-31,,63000000000,0.019,,,,,7300000000,0.043,7500000000,0.014,,5300000000,,68.28,,,,,,,,,,,,,,,,0.322,,,,,,true,true,12,2019-04-01,2020-03-31,1
2019-04-24,63450,2018-03-31,,,,,,,,,,,,,,,,,,,,,,,,,,,,,,22.00,,,,79453250,1827418,77626138,false,false,12,2017-04-01,2018-03-31,-1
2019-04-24,63450,2019-03-31,,,,,,,,,,,,,,,,,,,,,,,,,,,,,,22.00,,,,79453250,1828270,77625479,false,false,12,2018-04-01,2019-03-31,0
2019-04-24,63450,2020-03-31,,,,,,,,,,,,,,,,,,,,,,,,,,,,,,22.00,,,,,,,false,true,12,2019-04-01,2020-03-31,1
2019-07-26,63450,2020-03-31,1,14118000000,0.339,,,,,1533000000,1.765,1752000000,1.530,,1190000000,,15.34,,,,,,82921000000,65502000000,0.790,,65502000000,,,,,,,,,,,,true,false,3,2019-04-01,2019-06-30,0
2019-07-26,63450,2019-03-31,1,10540000000,-0.107,,,,,554000000,-0.461,692000000,-0.392,,476000000,,6.14,,,,,,,,,,,,,,,,,,,,,,true,false,3,2018-04-01,2018-06-30,-1
2019-07-26,63450,2020-03-31,1,29000000000,0.081,,,,,2600000000,0.182,2700000000,0.135,,1900000000,,24.48,,,,,,,,,,,,,,,,,,,,,,true,true,6,2019-04-01,2019-09-30,0
2019-07-26,63450,2020-03-31,1,63000000000,0.019,,,,,7300000000,0.043,7500000000,0.014,,5300000000,,68.28,,,,,,,,,,,,,,,,,,,,,,true,true,12,2019-04-01,2020-03-31,0
2019-07-26,63450,2019-03-31,1,,,,,,,,,,,,,,,,,,,,84562000000,65254000000,0.772,,65254000000,,,,,,,,,,,,true,false,12,2018-04-01,2019-03-31,-1
2019-07-26,63450,2019-03-31,1,,,,,,,,,,,,,,,,,,,,,,,,,,,,,22.00,,,,79453250,1828270,,false,false,12,2018-04-01,2019-03-31,-1
2019-07-26,63450,2020-03-31,1,,,,,,,,,,,,,,,,,,,,,,,,,,,,,22.00,,,,,,,false,true,12,2019-04-01,2020-03-31,0
2019-07-26,63450,2020-03-31,1,,,,,,,,,,,,,,,,,,,,,,,,,,,,,,,,,79453250,1828349,77624941,false,false,3,2019-04-01,2019-06-30,0
2019-07-26,63450,2019-03-31,1,,,,,,,,,,,,,,,,,,,,,,,,,,,,,,,,,,,77625727,false,false,3,2018-04-01,2018-06-30,-1
2019-10-28,63450,2020-03-31,2,30560000000,0.139,,,,,3211000000,0.460,3461000000,0.455,,2422000000,,31.20,,,,,,84520000000,66696000000,0.789,,66696000000,,,,,,,,,,,,true,false,6,2019-04-01,2019-09-30,0
2019-10-28,63450,2019-03-31,2,26835000000,-0.092,,,,,2198000000,-0.413,2378000000,-0.389,,1704000000,,21.96,,,,,,,,,,,,,,,,,,,,,,true,false,6,2018-04-01,2018-09-30,-1
2019-10-28,63450,2020-03-31,2,63000000000,0.019,,,,,7300000000,0.043,7500000000,0.014,,5300000000,,68.28,,,,,,,,,,,,,,,,,,,,,,true,true,12,2019-04-01,2020-03-31,0
2019-10-28,63450,2019-03-31,2,,,,,,,,,,,,,,,,,,,,84562000000,65254000000,0.772,,65254000000,,,,,,,,,,,,true,false,12,2018-04-01,2019-03-31,-1
2019-10-28,63450,2019-03-31,2,,,,,,,,,,,,,,,,,,,,,,,,,,,,,22.00,,,,79453250,1828270,,false,false,12,2018-04-01,2019-03-31,-1
2019-10-28,63450,2020-03-31,2,,,,,,,,,,,,,,,,,,,,,,,,,,,,,11.00,,,,,,,false,false,12,2019-04-01,2020-03-31,0
2019-10-28,63450,2020-03-31,2,,,,,,,,,,,,,,,,,,,,,,,,,,,,,22.00,,,,,,,false,true,12,2019-04-01,2020-03-31,0
2019-10-28,63450,2020-03-31,2,,,,,,,,,,,,,,,,,,,,,,,,,,,,,,,,,79453250,1828349,77624924,false,false,6,2019-04-01,2019-09-30,0
2019-10-28,63450,2019-03-31,2,,,,,,,,,,,,,,,,,,,,,,,,,,,,,,,,,,,77625649,false,false,6,2018-04-01,2018-09-30,-1
2020-01-30,63450,2020-03-31,3,40550000000,-0.043,,,,,3454000000,-0.199,3839000000,-0.170,,3197000000,,41.20,,,,,,80966000000,67066000000,0.828,,67066000000,,,,,,,,,,,,true,false,9,2019-04-01,2019-12-31,0
2020-01-30,63450,2019-03-31,3,42379000000,-0.018,,,,,4314000000,-0.177,4627000000,-0.162,,3291000000,,42.41,,,,,,,,,,,,,,,,,,,,,,true,false,9,2018-04-01,2018-12-31,-1
2020-01-30,63450,2020-03-31,3,58000000000,-0.062,,,,,5300000000,-0.243,5700000000,-0.229,,4500000000,,57.97,,,,,,,,,,,,,,,,,,,,,,true,true,12,2019-04-01,2020-03-31,0
2020-01-30,63450,2019-03-31,3,,,,,,,,,,,,,,,,,,,,84562000000,65254000000,0.772,,65254000000,,,,,,,,,,,,true,false,12,2018-04-01,2019-03-31,-1
2020-01-30,63450,2019-03-31,3,,,,,,,,,,,,,,,,,,,,,,,,,,,,,22.00,,,,79453250,1828270,,false,false,12,2018-04-01,2019-03-31,-1
2020-01-30,63450,2020-03-31,3,,,,,,,,,,,,,,,,,,,,,,,,,,,,,11.00,,,,,,,false,false,12,2019-04-01,2020-03-31,0
2020-01-30,63450,2020-03-31,3,,,,,,,,,,,,,,,,,,,,,,,,,,,,,22.00,,,,,,,false,true,12,2019-04-01,2020-03-31,0
2020-01-30,63450,2020-03-31,3,,,,,,,,,,,,,,,,,,,,,,,,,,,,,,,,,79453250,1828649,77624869,false,false,9,2019-04-01,2019-12-31,0
2020-01-30,63450,2019-03-31,3,,,,,,,,,,,,,,,,,,,,,,,,,,,,,,,,,,,77625594,false,false,9,2018-04-01,2018-12-31,-1
,63450,2020-03-31,,,,,,,,,,,,,,,,,,,,,,,,,,,,,,24.00,,,,,,,false,true,12,2019-04-01,2020-03-31,0
,63450,2020-03-31,,,,,,,,,,,,,,,,,,,,,,,,,,,,,,11.00,,,,,,,false,false,12,2019-04-01,2020-03-31,0
,63450,2019-03-31,,,,,,,,,,,,,,,,,,,,,,,,,,,,,,22.00,,,,,,,false,false,12,2018-04-01,2019-03-31,-1
2020-04-24,63450,2020-03-31,,58336000000,-0.057,,,,,5857000000,-0.163,6219000000,-0.159,,4923000000,,63.42,,0.074,0.074,0.100,,82763000000,67944000000,0.821,875.30,67944000000,7589000000,-4174000000,-1814000000,7718000000,,0.378,,,,,,true,false,12,2019-04-01,2020-03-31,0
2020-04-24,63450,2019-03-31,,61838000000,0.006,,,,,7000000000,-0.076,7393000000,-0.112,,5525000000,,71.18,,0.088,0.089,0.113,,84562000000,65254000000,0.772,840.64,65254000000,1492000000,86000000,-1821000000,6149000000,,0.309,,,,,,true,false,12,2018-04-01,2019-03-31,-1
2020-04-24,63450,2019-03-31,,,,,,,,,,,,,,,,,,,,,,,,,,,,,,22.00,,,,79453250,1828270,77625479,false,false,12,2018-04-01,2019-03-31,-1
2020-04-24,63450,2020-03-31,,,,,,,,,,,,,,,,,,,,,,,,,,,,,,24.00,,,,79453250,1828669,77624803,false,false,12,2019-04-01,2020-03-31,0
2020-07-30,63450,2021-03-31,1,11701000000,-0.171,,,,,1111000000,-0.275,1230000000,-0.298,,811000000,,10.47,,,,,,81995000000,68152000000,0.831,,68152000000,,,,,,,,,,,,true,false,3,2020-04-01,2020-06-30,0
2020-07-30,63450,2020-03-31,1,14118000000,0.339,,,,,1533000000,1.765,1752000000,1.530,,1190000000,,15.34,,,,,,,,,,,,,,,,,,,,,,true,false,3,2019-04-01,2019-06-30,-1
2020-07-30,63450,2021-03-31,1,27000000000,-0.117,,,,,2400000000,-0.253,2500000000,-0.278,,2100000000,,27.14,,,,,,,,,,,,,,,,,,,,,,true,true,6,2020-04-01,2020-09-30,0
2020-07-30,63450,2021-03-31,1,56000000000,-0.040,,,,,5600000000,-0.044,5700000000,-0.084,,4300000000,,55.62,,,,,,,,,,,,,,,,,,,,,,true,true,12,2020-04-01,2021-03-31,0
2020-07-30,63450,2020-03-31,1,,,,,,,,,,,,,,,,,,,,82763000000,67944000000,0.821,,67944000000,,,,,,,,,,,,true,false,12,2019-04-01,2020-03-31,-1
2020-07-30,63450,2020-03-31,1,,,,,,,,,,,,,,,,,,,,,,,,,,,,,24.00,,,,79453250,1828669,,false,false,12,2019-04-01,2020-03-31,-1
2020-07-30,63450,2021-03-31,1,,,,,,,,,,,,,,,,,,,,,,,,,,,,,27.00,,,,,,,false,true,12,2020-04-01,2021-03-31,0
2020-07-30,63450,2021-03-31,1,,,,,,,,,,,,,,,,,,,,,,,,,,,,,,,,,79453250,2212169,77474431,false,false,3,2020-04-01,2020-06-30,0
2020-07-30,63450,2020-03-31,1,,,,,,,,,,,,,,,,,,,,,,,,,,,,,,,,,,,77624941,false,false,3,2019-04-01,2019-06-30,-1
2020-10-28,63450,2021-03-31,2,27111000000,-0.113,,,,,3063000000,-0.046,3336000000,-0.036,,2836000000,,36.73,,,,,,85122000000,70014000000,0.823,,70014000000,,,,,,,,,,,,true,false,6,2020-04-01,2020-09-30,0
2020-10-28,63450,2020-03-31,2,30560000000,0.139,,,,,3211000000,0.460,3461000000,0.455,,2422000000,,31.20,,,,,,,,,,,,,,,,,,,,,,true,false,6,2019-04-01,2019-09-30,-1
2020-10-28,63450,2021-03-31,2,58500000000,0.003,,,,,6200000000,0.059,6600000000,0.061,,5100000000,,66.21,,,,,,,,,,,,,,,,,,,,,,true,true,12,2020-04-01,2021-03-31,0
2020-10-28,63450,2020-03-31,2,,,,,,,,,,,,,,,,,,,,82763000000,67944000000,0.821,,67944000000,,,,,,,,,,,,true,false,12,2019-04-01,2020-03-31,-1
2020-10-28,63450,2020-03-31,2,,,,,,,,,,,,,,,,,,,,,,,,,,,,,24.00,,,,79453250,1828669,,false,false,12,2019-04-01,2020-03-31,-1
2020-10-28,63450,2021-03-31,2,,,,,,,,,,,,,,,,,,,,,,,,,,,,,14.00,,,,,,,false,false,12,2020-04-01,2021-03-31,0
2020-10-28,63450,2021-03-31,2,,,,,,,,,,,,,,,,,,,,,,,,,,,,,29.00,,,,,,,false,true,12,2020-04-01,2021-03-31,0
2020-10-28,63450,2021-03-31,2,,,,,,,,,,,,,,,,,,,,,,,,,,,,,,,,,79453250,2677880,77237278,false,false,6,2020-04-01,2020-09-30,0
2020-10-28,63450,2020-03-31,2,,,,,,,,,,,,,,,,,,,,,,,,,,,,,,,,,,,77624924,false,false,6,2019-04-01,2019-09-30,-1
2021-01-28,63450,2021-03-31,3,40566000000,0.000,,,,,4254000000,0.231,4740000000,0.235,,3825000000,,49.67,,,,,,85154000000,70206000000,0.824,,70206000000,,,,,,,,,,,,true,false,9,2020-04-01,2020-12-31,0
2021-01-28,63450,2020-03-31,3,40550000000,-0.043,,,,,3454000000,-0.199,3839000000,-0.170,,3197000000,,41.20,,,,,,,,,,,,,,,,,,,,,,true,false,9,2019-04-01,2019-12-31,-1
2021-01-28,63450,2021-03-31,3,58500000000,0.003,,,,,6200000000,0.059,6600000000,0.061,,5100000000,,66.21,,,,,,,,,,,,,,,,,,,,,,true,true,12,2020-04-01,2021-03-31,0
2021-01-28,63450,2020-03-31,3,,,,,,,,,,,,,,,,,,,,82763000000,67944000000,0.821,,67944000000,,,,,,,,,,,,true,false,12,2019-04-01,2020-03-31,-1
2021-01-28,63450,2020-03-31,3,,,,,,,,,,,,,,,,,,,,,,,,,,,,,24.00,,,,79453250,1828669,,false,false,12,2019-04-01,2020-03-31,-1
2021-01-28,63450,2021-03-31,3,,,,,,,,,,,,,,,,,,,,,,,,,,,,,14.00,,,,,,,false,false,12,2020-04-01,2021-03-31,0
2021-01-28,63450,2021-03-31,3,,,,,,,,,,,,,,,,,,,,,,,,,,,,,29.00,,,,,,,false,true,12,2020-04-01,2021-03-31,0
2021-01-28,63450,2021-03-31,3,,,,,,,,,,,,,,,,,,,,,,,,,,,,,,,,,79453250,3057122,77019978,false,false,9,2020-04-01,2020-12-31,0
2021-01-28,63450,2020-03-31,3,,,,,,,,,,,,,,,,,,,,,,,,,,,,,,,,,,,77624869,false,false,9,2019-04-01,2019-12-31,-1
2021-04-26,63450,2021-03-31,,59330000000,0.017,,,,,7051000000,0.204,7708000000,0.239,,5906000000,,76.84,,0.084,0.089,0.119,,90869000000,73321000000,0.807,959.76,73321000000,10873000000,-10655000000,-3187000000,4820000000,,0.416,,,,,,true,false,12,2020-04-01,2021-03-31,0
2021-04-26,63450,2020-03-31,,58336000000,-0.057,,,,,5857000000,-0.163,6219000000,-0.159,,4923000000,,63.42,,0.074,0.074,0.100,,82763000000,67944000000,0.821,875.30,67944000000,7589000000,-4174000000,-1814000000,7718000000,,0.378,,,,,,true,false,12,2019-04-01,2020-03-31,-1
2021-04-26,63450,2022-03-31,,59500000000,0.003,,,,,6800000000,-0.036,7200000000,-0.066,,5000000000,,65.45,,,,,,,,,,,,,,,,0.489,,,,,,true,true,12,2021-04-01,2022-03-31,1
2021-04-26,63450,2020-03-31,,,,,,,,,,,,,,,,,,,,,,,,,,,,,,24.00,,,,79453250,1828669,77624803,false,false,12,2019-04-01,2020-03-31,-1
2021-04-26,63450,2021-03-31,,,,,,,,,,,,,,,,,,,,,,,,,,,,,,32.00,,,,78225350,1829292,76876007,false,false,12,2020-04-01,2021-03-31,0
2021-04-26,63450,2022-03-31,,,,,,,,,,,,,,,,,,,,,,,,,,,,,,32.00,,,,,,,false,true,12,2021-04-01,2022-03-31,1
2021-07-28,63450,2022-03-31,1,9407000000,-0.196,,,,,519000000,-0.533,764000000,-0.378,,530000000,,6.94,,,,,,84758000000,72270000000,0.853,,72270000000,,,,,,,,,,,,true,false,3,2021-04-01,2021-06-30,0
2021-07-28,63450,2021-03-31,1,11701000000,-0.171,,,,,1111000000,-0.275,1230000000,-0.298,,811000000,,10.47,,,,,,,,,,,,,,,,,,,,,,true,false,3,2020-04-01,2020-06-30,-1
2021-07-28,63450,2022-03-31,1,59500000000,0.003,,,,,6800000000,-0.036,7200000000,-0.066,,5000000000,,65.45,,,,,,,,,,,,,,,,,,,,,,true,true,12,2021-04-01,2022-03-31,0
2021-07-28,63450,2021-03-31,1,,,,,,,,,,,,,,,,,,,,90869000000,73321000000,0.807,,73321000000,,,,,,,,,,,,true,false,12,2020-04-01,2021-03-31,-1
2021-07-28,63450,2021-03-31,1,,,,,,,,,,,,,,,,,,,,,,,,,,,,,32.00,,,,78225350,1829292,,false,false,12,2020-04-01,2021-03-31,-1
2021-07-28,63450,2022-03-31,1,,,,,,,,,,,,,,,,,,,,,,,,,,,,,32.00,,,,,,,false,true,12,2021-04-01,2022-03-31,0
2021-07-28,63450,2022-03-31,1,,,,,,,,,,,,,,,,,,,,,,,,,,,,,,,,,78225350,1829386,76396035,false,false,3,2021-04-01,2021-06-30,0
2021-07-28,63450,2021-03-31,1,,,,,,,,,,,,,,,,,,,,,,,,,,,,,,,,,,,77474431,false,false,3,2020-04-01,2020-06-30,-1
2021-10-27,63450,2022-03-31,2,25360000000,-0.065,,,,,2602000000,-0.151,3060000000,-0.083,,2197000000,,28.76,,,,,,88704000000,74377000000,0.838,,74377000000,,,,,,,,,,,,true,false,6,2021-04-01,2021-09-30,0
2021-10-27,63450,2021-03-31,2,27111000000,-0.113,,,,,3063000000,-0.046,3336000000,-0.036,,2836000000,,36.73,,,,,,,,,,,,,,,,,,,,,,true,false,6,2020-04-01,2020-09-30,-1
2021-10-27,63450,2022-03-31,2,59500000000,0.003,,,,,6800000000,-0.036,7200000000,-0.066,,5000000000,,65.45,,,,,,,,,,,,,,,,,,,,,,true,true,12,2021-04-01,2022-03-31,0
2021-10-27,63450,2021-03-31,2,,,,,,,,,,,,,,,,,,,,90869000000,73321000000,0.807,,73321000000,,,,,,,,,,,,true,false,12,2020-04-01,2021-03-31,-1
2021-10-27,63450,2021-03-31,2,,,,,,,,,,,,,,,,,,,,,,,,,,,,,32.00,,,,78225350,1829292,,false,false,12,2020-04-01,2021-03-31,-1
2021-10-27,63450,2022-03-31,2,,,,,,,,,,,,,,,,,,,,,,,,,,,,,14.00,,,,,,,false,false,12,2021-04-01,2022-03-31,0
2021-10-27,63450,2022-03-31,2,,,,,,,,,,,,,,,,,,,,,,,,,,,,,32.00,,,,,,,false,true,12,2021-04-01,2022-03-31,0
2021-10-27,63450,2022-03-31,2,,,,,,,,,,,,,,,,,,,,,,,,,,,,,,,,,78225350,1829449,76395979,false,false,6,2021-04-01,2021-09-30,0
2021-10-27,63450,2021-03-31,2,,,,,,,,,,,,,,,,,,,,,,,,,,,,,,,,,,,77237278,false,false,6,2020-04-01,2020-09-30,-1
2022-01-28,63450,2022-03-31,3,38612000000,-0.048,,,,,4184000000,-0.016,4947000000,0.044,,3576000000,,46.85,,,,,,87890000000,74452000000,0.847,,74452000000,,,,,,,,,,,,true,false,9,2021-04-01,2021-12-31,0
2022-01-28,63450,2021-03-31,3,40566000000,0.000,,,,,4254000000,0.231,4740000000,0.235,,3825000000,,49.67,,,,,,,,,,,,,,,,,,,,,,true,false,9,2020-04-01,2020-12-31,-1
2022-01-28,63450,2022-03-31,3,56000000000,-0.056,,,,,6300000000,-0.107,7200000000,-0.066,,5000000000,,65.56,,,,,,,,,,,,,,,,,,,,,,true,true,12,2021-04-01,2022-03-31,0
2022-01-28,63450,2021-03-31,3,,,,,,,,,,,,,,,,,,,,90869000000,73321000000,0.807,,73321000000,,,,,,,,,,,,true,false,12,2020-04-01,2021-03-31,-1
2022-01-28,63450,2021-03-31,3,,,,,,,,,,,,,,,,,,,,,,,,,,,,,32.00,,,,78225350,1829292,,false,false,12,2020-04-01,2021-03-31,-1
2022-01-28,63450,2022-03-31,3,,,,,,,,,,,,,,,,,,,,,,,,,,,,,14.00,,,,,,,false,false,12,2021-04-01,2022-03-31,0
2022-01-28,63450,2022-03-31,3,,,,,,,,,,,,,,,,,,,,,,,,,,,,,32.00,,,,,,,false,true,12,2021-04-01,2022-03-31,0
2022-01-28,63450,2022-03-31,3,,,,,,,,,,,,,,,,,,,,,,,,,,,,,,,,,76395901,384704,76338268,false,false,9,2021-04-01,2021-12-31,0
2022-01-28,63450,2021-03-31,3,,,,,,,,,,,,,,,,,,,,,,,,,,,,,,,,,,,77019978,false,false,9,2020-04-01,2020-12-31,-1
2022-04-26,63450,2022-03-31,,56591000000,-0.046,,,,,6861000000,-0.027,7736000000,0.004,,5644000000,,74.09,,0.076,0.085,0.121,,90559000000,76043000000,0.840,1006.05,76043000000,3989000000,997000000,-3216000000,6676000000,,0.459,,,,,,true,false,12,2021-04-01,2022-03-31,0
2022-04-26,63450,2021-03-31,,59330000000,0.017,,,,,7051000000,0.204,7708000000,0.239,,5906000000,,76.84,,0.084,0.089,0.119,,90869000000,73321000000,0.807,959.76,73321000000,10873000000,-10655000000,-3187000000,4820000000,,0.416,,,,,,true,false,12,2020-04-01,2021-03-31,-1
2022-04-26,63450,2023-03-31,,61500000000,0.087,,,,,7600000000,0.108,8100000000,0.047,,5700000000,,75.41,,,,,,,,,,,,,,,,0.451,,,,,,true,true,12,2022-04-01,2023-03-31,1
2022-04-26,63450,2021-03-31,,,,,,,,,,,,,,,,,,,,,,,,,,,,,,32.00,,,,78225350,1829292,76876007,false,false,12,2020-04-01,2021-03-31,-1
2022-04-26,63450,2022-03-31,,,,,,,,,,,,,,,,,,,,,,,,,,,,,,34.00,,,,76395901,809314,76195626,false,false,12,2021-04-01,2022-03-31,0
2022-04-26,63450,2023-03-31,,,,,,,,,,,,,,,,,,,,,,,,,,,,,,34.00,,,,,,,false,true,12,2022-04-01,2023-03-31,1
2022-07-27,63450,2023-03-31,1,10681000000,0.135,,,,,702000000,0.353,992000000,0.297,,702000000,,9.32,,,,,,89062000000,75003000000,0.842,,75003000000,,,,,,,,,,,,true,false,3,2022-04-01,2022-06-30,0
2022-07-27,63450,2022-03-31,1,9407000000,-0.196,,,,,519000000,-0.533,764000000,-0.378,,530000000,,6.94,,,,,,,,,,,,,,,,,,,,,,true,false,3,2021-04-01,2021-06-30,-1
2022-07-27,63450,2023-03-31,1,61500000000,0.087,,,,,7600000000,0.108,8100000000,0.047,,5700000000,,75.41,,,,,,,,,,,,,,,,,,,,,,true,true,12,2022-04-01,2023-03-31,0
2022-07-27,63450,2022-03-31,1,,,,,,,,,,,,,,,,,,,,90559000000,76043000000,0.840,,76043000000,,,,,,,,,,,,true,false,12,2021-04-01,2022-03-31,-1
2022-07-27,63450,2022-03-31,1,,,,,,,,,,,,,,,,,,,,,,,,,,,,,34.00,,,,76395901,809314,,false,false,12,2021-04-01,2022-03-31,-1
2022-07-27,63450,2023-03-31,1,,,,,,,,,,,,,,,,,,,,,,,,,,,,,34.00,,,,,,,false,true,12,2022-04-01,2023-03-31,0
2022-07-27,63450,2023-03-31,1,,,,,,,,,,,,,,,,,,,,,,,,,,,,,,,,,76395901,1184513,75396622,false,false,3,2022-04-01,2022-06-30,0
2022-07-27,63450,2022-03-31,1,,,,,,,,,,,,,,,,,,,,,,,,,,,,,,,,,,,76396035,false,false,3,2021-04-01,2021-06-30,-1
2022-10-26,63450,2023-03-31,2,27092000000,0.068,,,,,2453000000,-0.057,2911000000,-0.049,,2078000000,,27.60,,,,,,91172000000,76367000000,0.838,,76367000000,,,,,,,,,,,,true,false,6,2022-04-01,2022-09-30,0
2022-10-26,63450,2022-03-31,2,25360000000,-0.065,,,,,2602000000,-0.151,3060000000,-0.083,,2197000000,,28.76,,,,,,,,,,,,,,,,,,,,,,true,false,6,2021-04-01,2021-09-30,-1
2022-10-26,63450,2023-03-31,2,61500000000,0.087,,,,,7600000000,0.108,8100000000,0.047,,5700000000,,75.73,,,,,,,,,,,,,,,,,,,,,,true,true,12,2022-04-01,2023-03-31,0
2022-10-26,63450,2022-03-31,2,,,,,,,,,,,,,,,,,,,,90559000000,76043000000,0.840,,76043000000,,,,,,,,,,,,true,false,12,2021-04-01,2022-03-31,-1
2022-10-26,63450,2022-03-31,2,,,,,,,,,,,,,,,,,,,,,,,,,,,,,34.00,,,,76395901,809314,,false,false,12,2021-04-01,2022-03-31,-1
2022-10-26,63450,2023-03-31,2,,,,,,,,,,,,,,,,,,,,,,,,,,,,,17.00,,,,,,,false,false,12,2022-04-01,2023-03-31,0
2022-10-26,63450,2023-03-31,2,,,,,,,,,,,,,,,,,,,,,,,,,,,,,34.00,,,,,,,false,true,12,2022-04-01,2023-03-31,0
2022-10-26,63450,2023-03-31,2,,,,,,,,,,,,,,,,,,,,,,,,,,,,,,,,,76395901,1184638,75317215,false,false,6,2022-04-01,2022-09-30,0
2022-10-26,63450,2022-03-31,2,,,,,,,,,,,,,,,,,,,,,,,,,,,,,,,,,,,76395979,false,false,6,2021-04-01,2021-09-30,-1
2023-01-31,63450,2023-03-31,3,39881000000,0.033,,,,,3582000000,-0.144,4195000000,-0.152,,2982000000,,39.61,,,,,,90212000000,75378000000,0.836,,75378000000,,,,,,,,,,,,true,false,9,2022-04-01,2022-12-31,0
2023-01-31,63450,2022-03-31,3,38612000000,-0.048,,,,,4184000000,-0.016,4947000000,0.044,,3576000000,,46.85,,,,,,,,,,,,,,,,,,,,,,true,false,9,2021-04-01,2021-12-31,-1
2023-01-31,63450,2023-03-31,3,61500000000,0.087,,,,,7600000000,0.108,8100000000,0.047,,5700000000,,75.73,,,,,,,,,,,,,,,,,,,,,,true,true,12,2022-04-01,2023-03-31,0
2023-01-31,63450,2022-03-31,3,,,,,,,,,,,,,,,,,,,,90559000000,76043000000,0.840,,76043000000,,,,,,,,,,,,true,false,12,2021-04-01,2022-03-31,-1
2023-01-31,63450,2022-03-31,3,,,,,,,,,,,,,,,,,,,,,,,,,,,,,34.00,,,,76395901,809314,,false,false,12,2021-04-01,2022-03-31,-1
2023-01-31,63450,2023-03-31,3,,,,,,,,,,,,,,,,,,,,,,,,,,,,,17.00,,,,,,,false,false,12,2022-04-01,2023-03-31,0
2023-01-31,63450,2023-03-31,3,,,,,,,,,,,,,,,,,,,,,,,,,,,,,36.00,,,,,,,false,true,12,2022-04-01,2023-03-31,0
2023-01-31,63450,2023-03-31,3,,,,,,,,,,,,,,,,,,,,,,,,,,,,,,,,,76395901,1184643,75285429,false,false,9,2022-04-01,2022-12-31,0
2023-01-31,63450,2022-03-31,3,,,,,,,,,,,,,,,,,,,,,,,,,,,,,,,,,,,76338268,false,false,9,2021-04-01,2021-12-31,-1
2023-04-25,63450,2023-03-31,,60678000000,0.072,,,,,7351000000,0.071,8016000000,0.036,,5958000000,,79.16,,0.077,0.086,0.121,,95695000000,78573000000,0.821,1044.71,78573000000,4508000000,-2253000000,-3225000000,5727000000,,0.455,,,,,,true,false,12,2022-04-01,2023-03-31,0
2023-04-25,63450,2022-03-31,,56591000000,-0.046,,,,,6861000000,-0.027,7736000000,0.004,,5644000000,,74.09,,0.076,0.085,0.121,,90559000000,76043000000,0.840,1006.05,76043000000,3989000000,997000000,-3216000000,6676000000,,0.459,,,,,,true,false,12,2021-04-01,2022-03-31,-1
2023-04-25,63450,2024-03-31,,61000000000,0.005,,,,,7500000000,0.020,8050000000,0.004,,6000000000,,79.72,,,,,,,,,,,,,,,,0.477,,,,,,true,true,12,2023-04-01,2024-03-31,1
2023-04-25,63450,2022-03-31,,,,,,,,,,,,,,,,,,,,,,,,,,,,,,34.00,,,,76395901,809314,76195626,false,false,12,2021-04-01,2022-03-31,-1
2023-04-25,63450,2023-03-31,,,,,,,,,,,,,,,,,,,,,,,,,,,,,,36.00,,,,75211400,375,75268286,false,false,12,2022-04-01,2023-03-31,0
2023-04-25,63450,2024-03-31,,,,,,,,,,,,,,,,,,,,,,,,,,,,,,38.00,,,,,,,false,true,12,2023-04-01,2024-03-31,1
2023-07-26,63450,2024-03-31,1,10606000000,-0.007,,,,,728000000,0.037,936000000,-0.057,,664000000,,8.83,,,,,,94241000000,78903000000,0.837,,78903000000,,,,,,,,,,,,true,false,3,2023-04-01,2023-06-30,0
2023-07-26,63450,2023-03-31,1,10681000000,0.135,,,,,702000000,0.353,992000000,0.297,,702000000,,9.32,,,,,,,,,,,,,,,,,,,,,,true,false,3,2022-04-01,2022-06-30,-1
2023-07-26,63450,2024-03-31,1,61000000000,0.005,,,,,7500000000,0.020,8050000000,0.004,,6000000000,,79.72,,,,,,,,,,,,,,,,,,,,,,true,true,12,2023-04-01,2024-03-31,0
2023-07-26,63450,2023-03-31,1,,,,,,,,,,,,,,,,,,,,95695000000,78573000000,0.821,,78573000000,,,,,,,,,,,,true,false,12,2022-04-01,2023-03-31,-1
2023-07-26,63450,2023-03-31,1,,,,,,,,,,,,,,,,,,,,,,,,,,,,,36.00,,,,75211400,375,,false,false,12,2022-04-01,2023-03-31,-1
2023-07-26,63450,2024-03-31,1,,,,,,,,,,,,,,,,,,,,,,,,,,,,,38.00,,,,,,,false,true,12,2023-04-01,2024-03-31,0
2023-07-26,63450,2024-03-31,1,,,,,,,,,,,,,,,,,,,,,,,,,,,,,,,,,75211400,445,75211008,false,false,3,2023-04-01,2023-06-30,0
2023-07-26,63450,2023-03-31,1,,,,,,,,,,,,,,,,,,,,,,,,,,,,,,,,,,,75396622,false,false,3,2022-04-01,2022-06-30,-1
2023-10-27,63450,2024-03-31,2,26395000000,-0.026,,,,,2543000000,0.037,2873000000,-0.013,,2045000000,,27.20,,,,,,94776000000,80033000000,0.844,,80033000000,,,,,,,,,,,,true,false,6,2023-04-01,2023-09-30,0
2023-10-27,63450,2023-03-31,2,27092000000,0.068,,,,,2453000000,-0.057,2911000000,-0.049,,2078000000,,27.60,,,,,,,,,,,,,,,,,,,,,,true,false,6,2022-04-01,2022-09-30,-1
2023-10-27,63450,2024-03-31,2,61000000000,0.005,,,,,7500000000,0.020,8050000000,0.004,,6000000000,,79.78,,,,,,,,,,,,,,,,,,,,,,true,true,12,2023-04-01,2024-03-31,0
2023-10-27,63450,2023-03-31,2,,,,,,,,,,,,,,,,,,,,95695000000,78573000000,0.821,,78573000000,,,,,,,,,,,,true,false,12,2022-04-01,2023-03-31,-1
2023-10-27,63450,2023-03-31,2,,,,,,,,,,,,,,,,,,,,,,,,,,,,,36.00,,,,75211400,375,,false,false,12,2022-04-01,2023-03-31,-1
2023-10-27,63450,2024-03-31,2,,,,,,,,,,,,,,,,,,,,,,,,,,,,,19.00,,,,,,,false,false,12,2023-04-01,2024-03-31,0
2023-10-27,63450,2024-03-31,2,,,,,,,,,,,,,,,,,,,,,,,,,,,,,38.00,,,,,,,false,true,12,2023-04-01,2024-03-31,0
2023-10-27,63450,2024-03-31,2,,,,,,,,,,,,,,,,,,,,,,,,,,,,,,,,,75211400,610,75210920,false,false,6,2023-04-01,2023-09-30,0
2023-10-27,63450,2023-03-31,2,,,,,,,,,,,,,,,,,,,,,,,,,,,,,,,,,,,75317215,false,false,6,2022-04-01,2022-09-30,-1
2024-01-31,63450,2024-03-31,3,38728000000,-0.029,,,,,4108000000,0.147,4665000000,0.112,,3406000000,,45.33,,,,,,93156000000,79170000000,0.850,,79170000000,,,,,,,,,,,,true,false,9,2023-04-01,2023-12-31,0
2024-01-31,63450,2023-03-31,3,39881000000,0.033,,,,,3582000000,-0.144,4195000000,-0.152,,2982000000,,39.61,,,,,,,,,,,,,,,,,,,,,,true,false,9,2022-04-01,2022-12-31,-1
2024-01-31,63450,2024-03-31,3,61000000000,0.005,,,,,7500000000,0.020,8050000000,0.004,,6000000000,,79.99,,,,,,,,,,,,,,,,,,,,,,true,true,12,2023-04-01,2024-03-31,0
2024-01-31,63450,2023-03-31,3,,,,,,,,,,,,,,,,,,,,95695000000,78573000000,0.821,,78573000000,,,,,,,,,,,,true,false,12,2022-04-01,2023-03-31,-1
2024-01-31,63450,2023-03-31,3,,,,,,,,,,,,,,,,,,,,,,,,,,,,,36.00,,,,75211400,375,,false,false,12,2022-04-01,2023-03-31,-1
2024-01-31,63450,2024-03-31,3,,,,,,,,,,,,,,,,,,,,,,,,,,,,,19.00,,,,,,,false,false,12,2023-04-01,2024-03-31,0
2024-01-31,63450,2024-03-31,3,,,,,,,,,,,,,,,,,,,,,,,,,,,,,40.00,,,,,,,false,true,12,2023-04-01,2024-03-31,0
2024-01-31,63450,2024-03-31,3,,,,,,,,,,,,,,,,,,,,,,,,,,,,,,,,,75211400,650706,75145869,false,false,9,2023-04-01,2023-12-31,0
2024-01-31,63450,2023-03-31,3,,,,,,,,,,,,,,,,,,,,,,,,,,,,,,,,,,,75285429,false,false,9,2022-04-01,2022-12-31,-1
2024-03-27,63450,2024-03-31,,52500000000,-0.139,,,,,5700000000,-0.240,6200000000,-0.230,,4600000000,,65.23,,,,,,,,,,,,,,,,,,,,,,true,true,12,2023-04-01,2024-03-31,0
2024-03-27,63450,2023-03-31,,60678000000,,,,,,7351000000,,8016000000,,,5958000000,,79.16,,,,,,,,,,,,,,,,,,,,,,true,false,12,2022-04-01,2023-03-31,-1
2024-04-23,63450,2024-03-31,,53129000000,-0.124,,,,,6341000000,-0.137,7018000000,-0.124,,5270000000,,70.26,,0.066,0.074,0.119,,94921000000,81789000000,0.862,1096.95,81789000000,7111000000,32763000000,-3551000000,42131000000,,0.569,,,,,,true,false,12,2023-04-01,2024-03-31,0
2024-04-23,63450,2023-03-31,,60678000000,0.072,,,,,7351000000,0.071,8016000000,0.036,,5958000000,,79.16,,0.077,0.086,0.121,,95695000000,78573000000,0.821,1044.71,78573000000,4508000000,-2253000000,-3225000000,5727000000,,0.455,,,,,,true,false,12,2022-04-01,2023-03-31,-1
2024-04-23,63450,2025-03-31,,58000000000,0.092,,,,,7100000000,0.120,7600000000,0.083,,5600000000,,75.11,,,,,,,,,,,,,,,,0.533,,,,,,true,true,12,2024-04-01,2025-03-31,1
2024-04-23,63450,2024-03-31,,52956000000,-0.117,,,,,6218000000,-0.147,6452000000,-0.218,4701000000,,-0.260,62.68,,,,,,89777000000,76038000000,0.847,1019.82,76038000000,,,,,40.00,,,,74570000,9697,75010765,false,false,12,2023-04-01,2024-03-31,0
2024-04-23,63450,2023-03-31,,59981000000,0.069,,,,,7287000000,0.063,8253000000,0.163,6354000000,,0.254,84.43,,,,,,92071000000,74650000000,0.811,992.55,74650000000,,,,,36.00,,,,75211400,375,75268286,false,false,12,2022-04-01,2023-03-31,-1
2024-04-23,63450,2025-03-31,,,,,,,,,,,,,,,,,,,,,,,,,,,,,,40.00,,,,,,,false,true,12,2024-04-01,2025-03-31,1
2024-07-26,63450,2025-03-31,1,12746000000,0.202,,,,,985000000,0.351,1188000000,0.269,,831000000,,11.16,,,,,,96432000000,81524000000,0.845,,81524000000,,,,,,,,,,,,true,false,3,2024-04-01,2024-06-30,0
2024-07-26,63450,2024-03-31,1,10606000000,-0.007,,,,,728000000,0.037,936000000,-0.057,,664000000,,8.83,,,,,,,,,,,,,,,,,,,,,,true,false,3,2023-04-01,2023-06-30,-1
2024-07-26,63450,2025-03-31,1,58000000000,0.092,,,,,7100000000,0.120,7600000000,0.083,,5600000000,,75.11,,,,,,,,,,,,,,,,,,,,,,true,true,12,2024-04-01,2025-03-31,0
2024-07-26,63450,2024-03-31,1,,,,,,,,,,,,,,,,,,,,94921000000,81789000000,0.862,,81789000000,,,,,,,,,,,,true,false,12,2023-04-01,2024-03-31,-1
2024-07-26,63450,2024-03-31,1,,,,,,,,,,,,,,,,,,,,,,,,,,,,,40.00,,,,74570000,9697,,false,false,12,2023-04-01,2024-03-31,-1
2024-07-26,63450,2025-03-31,1,,,,,,,,,,,,,,,,,,,,,,,,,,,,,40.00,,,,,,,false,true,12,2024-04-01,2025-03-31,0
2024-07-26,63450,2025-03-31,1,,,,,,,,,,,,,,,,,,,,,,,,,,,,,,,,,74570000,9801,74560270,false,false,3,2024-04-01,2024-06-30,0
2024-07-26,63450,2024-03-31,1,,,,,,,,,,,,,,,,,,,,,,,,,,,,,,,,,,,75211008,false,false,3,2023-04-01,2023-06-30,-1
2024-10-25,63450,2025-03-31,2,28079000000,0.064,,,,,2757000000,0.084,3126000000,0.088,,2218000000,,29.75,,,,,,97896000000,82126000000,0.839,,82126000000,,,,,,,,,,,,true,false,6,2024-04-01,2024-09-30,0
2024-10-25,63450,2024-03-31,2,26395000000,-0.026,,,,,2543000000,0.037,2873000000,-0.013,,2045000000,,27.20,,,,,,,,,,,,,,,,,,,,,,true,false,6,2023-04-01,2023-09-30,-1
2024-10-25,63450,2025-03-31,2,58000000000,0.092,,,,,7100000000,0.120,7600000000,0.083,,5600000000,,75.11,,,,,,,,,,,,,,,,,,,,,,true,true,12,2024-04-01,2025-03-31,0
2024-10-25,63450,2024-03-31,2,,,,,,,,,,,,,,,,,,,,94921000000,81789000000,0.862,,81789000000,,,,,,,,,,,,true,false,12,2023-04-01,2024-03-31,-1
2024-10-25,63450,2024-03-31,2,,,,,,,,,,,,,,,,,,,,,,,,,,,,,40.00,,,,74570000,9697,,false,false,12,2023-04-01,2024-03-31,-1
2024-10-25,63450,2025-03-31,2,,,,,,,,,,,,,,,,,,,,,,,,,,,,,20.00,,,,,,,false,false,12,2024-04-01,2025-03-31,0
2024-10-25,63450,2025-03-31,2,,,,,,,,,,,,,,,,,,,,,,,,,,,,,40.00,,,,,,,false,true,12,2024-04-01,2025-03-31,0
2024-10-25,63450,2025-03-31,2,,,,,,,,,,,,,,,,,,,,,,,,,,,,,,,,,74570000,9842,74560226,false,false,6,2024-04-01,2024-09-30,0
2024-10-25,63450,2024-03-31,2,,,,,,,,,,,,,,,,,,,,,,,,,,,,,,,,,,,75210920,false,false,6,2023-04-01,2023-09-30,-1
2025-01-30,63450,2025-03-31,3,41375000000,0.068,,,,,4263000000,0.038,4887000000,0.048,,3767000000,,50.52,,,,,,96874000000,82208000000,0.849,,82208000000,,,,,,,,,,,,true,false,9,2024-04-01,2024-12-31,0
2025-01-30,63450,2024-03-31,3,38728000000,-0.029,,,,,4108000000,0.147,4665000000,0.112,,3406000000,,45.33,,,,,,,,,,,,,,,,,,,,,,true,false,9,2023-04-01,2023-12-31,-1
2025-01-30,63450,2025-03-31,3,58000000000,0.092,,,,,7100000000,0.120,7600000000,0.083,,5600000000,,75.11,,,,,,,,,,,,,,,,,,,,,,true,true,12,2024-04-01,2025-03-31,0
2025-01-30,63450,2024-03-31,3,,,,,,,,,,,,,,,,,,,,94921000000,81789000000,0.862,,81789000000,,,,,,,,,,,,true,false,12,2023-04-01,2024-03-31,-1
2025-01-30,63450,2024-03-31,3,,,,,,,,,,,,,,,,,,,,,,,,,,,,,40.00,,,,74570000,9697,,false,false,12,2023-04-01,2024-03-31,-1
2025-01-30,63450,2025-03-31,3,,,,,,,,,,,,,,,,,,,,,,,,,,,,,20.00,,,,,,,false,false,12,2024-04-01,2025-03-31,0
2025-01-30,63450,2025-03-31,3,,,,,,,,,,,,,,,,,,,,,,,,,,,,,40.00,,,,,,,false,true,12,2024-04-01,2025-03-31,0
2025-01-30,63450,2025-03-31,3,,,,,,,,,,,,,,,,,,,,,,,,,,,,,,,,,74570000,9852,74560205,false,false,9,2024-04-01,2024-12-31,0
2025-01-30,63450,2024-03-31,3,,,,,,,,,,,,,,,,,,,,,,,,,,,,,,,,,,,75145869,false,false,9,2023-04-01,2023-12-31,-1
,63450,2025-03-31,,,,,,,,,,,,,,,,,,,,,,,,,,,,,,55.00,,,,,,,false,true,12,2024-04-01,2025-03-31,0
,63450,2025-03-31,,,,,,,,,,,,,,,,,,,,,,,,,,,,,,20.00,,,,,,,false,false,12,2024-04-01,2025-03-31,0
,63450,2024-03-31,,,,,,,,,,,,,,,,,,,,,,,,,,,,,,40.00,,,,,,,false,false,12,2023-04-01,2024-03-31,-1
2025-04-23,63450,2025-03-31,,59306000000,0.116,,,,,7440000000,0.173,8225000000,0.172,,6334000000,,84.96,,0.076,0.084,0.125,,100358000000,84023000000,0.837,1126.92,84023000000,9871000000,-1955000000,-3133000000,46871000000,,0.647,,,,,,true,false,12,2024-04-01,2025-03-31,0
2025-04-23,63450,2024-03-31,,53129000000,-0.124,,,,,6341000000,-0.137,7018000000,-0.124,,5270000000,,70.26,,0.066,0.074,0.119,,94921000000,81789000000,0.862,1096.95,81789000000,7111000000,32763000000,-3551000000,42131000000,,0.569,,,,,,true,false,12,2023-04-01,2024-03-31,-1
2025-04-23,63450,2026-03-31,,61000000000,0.029,,,,,7600000000,0.021,8300000000,0.009,,6500000000,,98.34,,,,,,,,,,,,,,,,0.610,,,,,,true,true,12,2025-04-01,2026-03-31,1
2025-04-23,63450,2025-03-31,,59235000000,0.119,,,,,7235000000,0.164,8636000000,0.338,6804000000,,0.447,91.26,,,,,,95470000000,78762000000,0.825,1056.36,78762000000,,,,,55.00,,,,74570000,9922,74560181,false,false,12,2024-04-01,2025-03-31,0
2025-04-23,63450,2024-03-31,,52956000000,-0.117,,,,,6218000000,-0.147,6452000000,-0.218,4701000000,,-0.260,62.68,,,,,,89777000000,76038000000,0.847,1019.82,76038000000,,,,,40.00,,,,74570000,9697,75010765,false,false,12,2023-04-01,2024-03-31,-1
2025-04-23,63450,2026-03-31,,,,,,,,,,,,,,,,,,,,,,,,,,,,,,60.00,,,,,,,false,true,12,2025-04-01,2026-03-31,1
2025-07-30,63450,2026-03-31,1,9210000000,-0.277,,,,,295000000,-0.700,540000000,-0.545,,308000000,,4.44,,,,,,86167000000,69386000000,0.805,,69386000000,,,,,,,,,,,,true,false,3,2025-04-01,2025-06-30,0
2025-07-30,63450,2025-03-31,1,12746000000,0.202,,,,,985000000,0.351,1188000000,0.269,,831000000,,11.16,,,,,,,,,,,,,,,,,,,,,,true,false,3,2024-04-01,2024-06-30,-1
2025-07-30,63450,2026-03-31,1,61000000000,0.029,,,,,7600000000,0.021,8300000000,0.009,,6500000000,,98.34,,,,,,,,,,,,,,,,,,,,,,true,true,12,2025-04-01,2026-03-31,0
2025-07-30,63450,2025-03-31,1,,,,,,,,,,,,,,,,,,,,100358000000,84023000000,0.837,,84023000000,,,,,,,,,,,,true,false,12,2024-04-01,2025-03-31,-1
2025-07-30,63450,2025-03-31,1,,,,,,,,,,,,,,,,,,,,,,,,,,,,,55.00,,,,74570000,9922,,false,false,12,2024-04-01,2025-03-31,-1
2025-07-30,63450,2026-03-31,1,,,,,,,,,,,,,,,,,,,,,,,,,,,,,60.00,,,,,,,false,true,12,2025-04-01,2026-03-31,0
2025-07-30,63450,2026-03-31,1,,,,,,,,,,,,,,,,,,,,,,,,,,,,,,,,,74570000,10010159,69559945,false,false,3,2025-04-01,2025-06-30,0
2025-07-30,63450,2025-03-31,1,,,,,,,,,,,,,,,,,,,,,,,,,,,,,,,,,,,74560270,false,false,3,2024-04-01,2024-06-30,-1
