filing_date,code,fiscal_year_end,quarterly_period,net_sales,net_sales_change,revenue,revenue_change,operating_revenue,operating_revenue_change,operating_profit,operating_profit_change,ordinary_profit,ordinary_profit_change,net_income,net_income_of_parent,net_income_change,eps,diluted_eps,roe,roa,operating_profit_to_net_sales,operating_profit_to_revenue,total_assets,net_assets,equity_ratio,bps,owner_equity,operating_cash_flow,investing_cash_flow,financing_cash_flow,cash,dividend_per_share,payout_ratio,commemorative_dividend,extra_dividend,number_of_shares,number_of_treqsury_shares,avg_number_of_shares,is_consolidated,is_forecast,duration,period_start,period_end,period_pos
2015-05-12,63490,2015-03-31,,91259000000,-0.006,,,,,6736000000,-0.205,8088000000,-0.199,7817000000,,-0.428,126.15,,0.060,0.045,0.074,,184869000000,135376000000,0.732,2184.72,135376000000,7483000000,-8684000000,-2529000000,51556000000,,0.238,,,,,,true,false,12,2014-04-01,2015-03-31,0
2015-05-12,63490,2014-03-31,,91837000000,0.315,,,,,8473000000,13.384,10098000000,4.729,13657000000,,,220.39,,0.114,0.064,0.092,,172407000000,125686000000,0.729,2028.31,125686000000,13430000000,-7086000000,8820000000,54392000000,,0.068,,,,,,true,false,12,2013-04-01,2014-03-31,-1
2015-05-12,63490,2016-03-31,,49500000000,0.236,,,,,3000000000,0.369,2600000000,-0.053,,2300000000,,37.12,,,,,,,,,,,,,,,,,,,,,,true,true,6,2015-04-01,2015-09-30,1
2015-05-12,63490,2016-03-31,,103000000000,0.129,,,,,8000000000,0.188,7800000000,-0.036,,7800000000,,125.88,,,,,,,,,,,,,,,,0.318,,,,,,true,true,12,2015-04-01,2016-03-31,1
2015-05-12,63490,2014-03-31,,,,,,,,,,,,,,,,,,,,,,,,,,,,,,15.00,,,,68292340,6326071,61967359,false,false,12,2013-04-01,2014-03-31,-1
2015-05-12,63490,2015-03-31,,,,,,,,,,,,,,,,,,,,,,,,,,,,,,30.00,,,,68292340,6327390,61965859,false,false,12,2014-04-01,2015-03-31,0
2015-05-12,63490,2016-03-31,,,,,,,,,,,,,,,,,,,,,,,,,,,,,,40.00,,,,,,,false,true,12,2015-04-01,2016-03-31,1
2015-05-12,63490,2015-03-31,,91259000000,-0.006,,,,,6489000000,-0.234,7841000000,-0.223,7569000000,,-0.446,122.16,,0.058,0.044,0.071,,184622000000,135128000000,0.732,2180.73,135128000000,7483000000,-8684000000,-2529000000,51556000000,,0.246,,,,,,true,false,12,2014-04-01,2015-03-31,0
2015-05-12,63490,2014-03-31,,91837000000,0.315,,,,,8473000000,13.384,10098000000,4.729,13657000000,,,220.39,,0.114,0.064,0.092,,172407000000,125686000000,0.729,2028.31,125686000000,13430000000,-7086000000,8820000000,54392000000,,0.068,,,,,,true,false,12,2013-04-01,2014-03-31,-1
2015-05-12,63490,2016-03-31,,49500000000,0.236,,,,,3000000000,0.369,2600000000,-0.053,,2300000000,,37.12,,,,,,,,,,,,,,,,,,,,,,true,true,6,2015-04-01,2015-09-30,1
2015-05-12,63490,2016-03-31,,103000000000,0.129,,,,,8000000000,0.233,7800000000,-0.005,,7800000000,,125.88,,,,,,,,,,,,,,,,0.318,,,,,,true,true,12,2015-04-01,2016-03-31,1
2015-05-12,63490,2014-03-31,,,,,,,,,,,,,,,,,,,,,,,,,,,,,,15.00,,,,68292340,6326071,61967359,false,false,12,2013-04-01,2014-03-31,-1
2015-05-12,63490,2015-03-31,,,,,,,,,,,,,,,,,,,,,,,,,,,,,,30.00,,,,68292340,6327390,61965859,false,false,12,2014-04-01,2015-03-31,0
2015-05-12,63490,2016-03-31,,,,,,,,,,,,,,,,,,,,,,,,,,,,,,40.00,,,,,,,false,true,12,2015-04-01,2016-03-31,1
2015-07-30,63490,2016-03-31,1,18254000000,0.114,,,,,284000000,0.298,799000000,3.407,,368000000,,5.95,,,,,,186232000000,134730000000,0.723,,134714000000,,,,,,,,,,,,true,false,3,2015-04-01,2015-06-30,0
2015-07-30,63490,2015-03-31,1,16393000000,0.148,,,,,219000000,,181000000,-0.623,,410000000,,6.63,,,,,,,,,,,,,,,,,,,,,,true,false,3,2014-04-01,2014-06-30,-1
2015-07-30,63490,2016-03-31,1,49500000000,0.236,,,,,3000000000,0.369,2600000000,-0.053,,2300000000,,37.12,,,,,,,,,,,,,,,,,,,,,,true,true,6,2015-04-01,2015-09-30,0
2015-07-30,63490,2016-03-31,1,103000000000,0.129,,,,,8000000000,0.233,7800000000,-0.005,,7800000000,,125.88,,,,,,,,,,,,,,,,,,,,,,true,true,12,2015-04-01,2016-03-31,0
2015-07-30,63490,2015-03-31,1,,,,,,,,,,,,,,,,,,,,184622000000,135128000000,0.732,,135128000000,,,,,,,,,,,,true,false,12,2014-04-01,2015-03-31,-1
2015-07-30,63490,2015-03-31,1,,,,,,,,,,,,,,,,,,,,,,,,,,,,,30.00,,,,68292340,6327390,,false,false,12,2014-04-01,2015-03-31,-1
2015-07-30,63490,2016-03-31,1,,,,,,,,,,,,,,,,,,,,,,,,,,,,,40.00,,,,,,,false,true,12,2015-04-01,2016-03-31,0
2015-07-30,63490,2016-03-31,1,,,,,,,,,,,,,,,,,,,,,,,,,,,,,,,,,68292340,6327390,61964950,false,false,3,2015-04-01,2015-06-30,0
2015-07-30,63490,2015-03-31,1,,,,,,,,,,,,,,,,,,,,,,,,,,,,,,,,,,,61966269,false,false,3,2014-04-01,2014-06-30,-1
2015-10-28,63490,2016-03-31,,43300000000,-0.125,,,,,2200000000,-0.267,2800000000,0.077,,3800000000,,61.33,,,,,,,,,,,,,,,,,,,,,,true,true,6,2015-04-01,2015-09-30,0
2015-10-28,63490,2015-03-31,,40042000000,,,,,,2191000000,,2746000000,,,2850000000,,46.00,,,,,,,,,,,,,,,,,,,,,,true,false,6,2014-04-01,2014-09-30,-1
2015-10-29,63490,2016-03-31,2,43259000000,0.080,,,,,2160000000,-0.014,2819000000,0.027,,3842000000,,62.01,,,,,,187885000000,137301000000,0.731,,137287000000,,,,,,,,,,,,true,false,6,2015-04-01,2015-09-30,0
2015-10-29,63490,2015-03-31,2,40042000000,-0.020,,,,,2191000000,-0.349,2746000000,-0.349,,2850000000,,46.00,,,,,,,,,,,,,,,,,,,,,,true,false,6,2014-04-01,2014-09-30,-1
2015-10-29,63490,2016-03-31,2,103000000000,0.129,,,,,8000000000,0.233,7800000000,-0.005,,7800000000,,125.88,,,,,,,,,,,,,,,,,,,,,,true,true,12,2015-04-01,2016-03-31,0
2015-10-29,63490,2015-03-31,2,,,,,,,,,,,,,,,,,,,,184622000000,135128000000,0.732,,135128000000,,,,,,,,,,,,true,false,12,2014-04-01,2015-03-31,-1
2015-10-29,63490,2015-03-31,2,,,,,,,,,,,,,,,,,,,,,,,,,,,,,30.00,,,,68292340,6327390,,false,false,12,2014-04-01,2015-03-31,-1
2015-10-29,63490,2016-03-31,2,,,,,,,,,,,,,,,,,,,,,,,,,,,,,20.00,,,,,,,false,false,12,2015-04-01,2016-03-31,0
2015-10-29,63490,2016-03-31,2,,,,,,,,,,,,,,,,,,,,,,,,,,,,,40.00,,,,,,,false,true,12,2015-04-01,2016-03-31,0
2015-10-29,63490,2016-03-31,2,,,,,,,,,,,,,,,,,,,,,,,,,,,,,,,,,68292340,6327410,61964944,false,false,6,2015-04-01,2015-09-30,0
2015-10-29,63490,2015-03-31,2,,,,,,,,,,,,,,,,,,,,,,,,,,,,,,,,,,,61966225,false,false,6,2014-04-01,2014-09-30,-1
2016-01-27,63490,2016-03-31,,95500000000,-0.073,,,,,7200000000,-0.100,7100000000,-0.090,,6800000000,,109.74,,,,,,,,,,,,,,,,,,,,,,true,true,12,2015-04-01,2016-03-31,0
2016-01-27,63490,2015-03-31,,91259000000,,,,,,6489000000,,7841000000,,,7569000000,,122.16,,,,,,,,,,,,,,,,,,,,,,true,false,12,2014-04-01,2015-03-31,-1
2016-01-28,63490,2016-03-31,3,68234000000,0.058,,,,,4667000000,0.235,5201000000,-0.047,,5839000000,,94.23,,,,,,188636000000,138646000000,0.735,,138632000000,,,,,,,,,,,,true,false,9,2015-04-01,2015-12-31,0
2016-01-28,63490,2015-03-31,3,64488000000,0.048,,,,,3778000000,-0.230,5458000000,-0.212,,5423000000,,87.53,,,,,,,,,,,,,,,,,,,,,,true,false,9,2014-04-01,2014-12-31,-1
2016-01-28,63490,2016-03-31,3,95500000000,0.046,,,,,7200000000,0.109,7100000000,-0.095,,6800000000,,109.74,,,,,,,,,,,,,,,,,,,,,,true,true,12,2015-04-01,2016-03-31,0
2016-01-28,63490,2015-03-31,3,,,,,,,,,,,,,,,,,,,,184622000000,135128000000,0.732,,135128000000,,,,,,,,,,,,true,false,12,2014-04-01,2015-03-31,-1
2016-01-28,63490,2015-03-31,3,,,,,,,,,,,,,,,,,,,,,,,,,,,,,30.00,,,,68292340,6327390,,false,false,12,2014-04-01,2015-03-31,-1
2016-01-28,63490,2016-03-31,3,,,,,,,,,,,,,,,,,,,,,,,,,,,,,20.00,,,,,,,false,false,12,2015-04-01,2016-03-31,0
2016-01-28,63490,2016-03-31,3,,,,,,,,,,,,,,,,,,,,,,,,,,,,,40.00,,,,,,,false,true,12,2015-04-01,2016-03-31,0
2016-01-28,63490,2016-03-31,3,,,,,,,,,,,,,,,,,,,,,,,,,,,,,,,,,68292340,6328248,61964838,false,false,9,2015-04-01,2015-12-31,0
2016-01-28,63490,2015-03-31,3,,,,,,,,,,,,,,,,,,,,,,,,,,,,,,,,,,,61966105,false,false,9,2014-04-01,2014-12-31,-1
2016-05-12,63490,2016-03-31,,95326000000,0.045,,,,,6612000000,0.019,6508000000,-0.170,,6522000000,,105.26,,0.048,0.035,0.069,,188173000000,135890000000,0.722,2192.83,135876000000,11935000000,-1352000000,-2778000000,59140000000,,0.380,,,,,,true,false,12,2015-04-01,2016-03-31,0
2016-05-12,63490,2015-03-31,,91259000000,-0.006,,,,,6489000000,-0.234,7841000000,-0.223,,7569000000,,122.16,,0.058,0.044,0.071,,184622000000,135128000000,0.732,2180.73,135128000000,7483000000,-8684000000,-2529000000,51556000000,,0.246,,,,,,true,false,12,2014-04-01,2015-03-31,-1
2016-05-12,63490,2017-03-31,,41200000000,-0.048,,,,,300000000,-0.861,100000000,-0.965,,100000000,,1.61,,,,,,,,,,,,,,,,,,,,,,true,true,6,2016-04-01,2016-09-30,1
2016-05-12,63490,2017-03-31,,97500000000,0.023,,,,,5200000000,-0.214,5000000000,-0.232,,4000000000,,64.55,,,,,,,,,,,,,,,,0.620,,,,,,true,true,12,2016-04-01,2017-03-31,1
2016-05-12,63490,2015-03-31,,,,,,,,,,,,,,,,,,,,,,,,,,,,,,30.00,,,,68292340,6327390,61965859,false,false,12,2014-04-01,2015-03-31,-1
2016-05-12,63490,2016-03-31,,,,,,,,,,,,,,,,,,,,,,,,,,,,,,40.00,,,,68292340,6328517,61964615,false,false,12,2015-04-01,2016-03-31,0
2016-05-12,63490,2017-03-31,,,,,,,,,,,,,,,,,,,,,,,,,,,,,,40.00,,,,,,,false,true,12,2016-04-01,2017-03-31,1
2016-07-28,63490,2017-03-31,1,14876000000,-0.185,,,,,-2035000000,,-2881000000,,,-2178000000,,-35.15,,,,,,180592000000,131679000000,0.729,,131666000000,,,,,,,,,,,,true,false,3,2016-04-01,2016-06-30,0
2016-07-28,63490,2016-03-31,1,18254000000,0.114,,,,,284000000,0.298,799000000,3.407,,368000000,,5.95,,,,,,,,,,,,,,,,,,,,,,true,false,3,2015-04-01,2015-06-30,-1
2016-07-28,63490,2017-03-31,1,41200000000,-0.048,,,,,300000000,-0.861,100000000,-0.965,,100000000,,1.61,,,,,,,,,,,,,,,,,,,,,,true,true,6,2016-04-01,2016-09-30,0
2016-07-28,63490,2017-03-31,1,97500000000,0.023,,,,,5200000000,-0.214,5000000000,-0.232,,4000000000,,64.55,,,,,,,,,,,,,,,,,,,,,,true,true,12,2016-04-01,2017-03-31,0
2016-07-28,63490,2016-03-31,1,,,,,,,,,,,,,,,,,,,,188173000000,135890000000,0.722,,135876000000,,,,,,,,,,,,true,false,12,2015-04-01,2016-03-31,-1
2016-07-28,63490,2016-03-31,1,,,,,,,,,,,,,,,,,,,,,,,,,,,,,40.00,,,,68292340,6328517,,false,false,12,2015-04-01,2016-03-31,-1
2016-07-28,63490,2017-03-31,1,,,,,,,,,,,,,,,,,,,,,,,,,,,,,40.00,,,,,,,false,true,12,2016-04-01,2017-03-31,0
2016-07-28,63490,2017-03-31,1,,,,,,,,,,,,,,,,,,,,,,,,,,,,,,,,,68292340,6328663,61963750,false,false,3,2016-04-01,2016-06-30,0
2016-07-28,63490,2016-03-31,1,,,,,,,,,,,,,,,,,,,,,,,,,,,,,,,,,,,61964950,false,false,3,2015-04-01,2015-06-30,-1
2016-10-28,63490,2017-03-31,,34000000000,-0.175,,,,,-2000000000,,-3000000000,,,-3500000000,,-58.29,,,,,,,,,,,,,,,,,,,,,,true,true,6,2016-04-01,2016-09-30,0
2016-10-28,63490,2016-03-31,,43259000000,,,,,,2160000000,,2819000000,,,3842000000,,62.01,,,,,,,,,,,,,,,,,,,,,,true,false,6,2015-04-01,2015-09-30,-1
2016-10-28,63490,2017-03-31,,90500000000,-0.072,,,,,2000000000,-0.615,1000000000,-0.800,,200000000,,3.33,,,,,,,,,,,,,,,,,,,,,,true,true,12,2016-04-01,2017-03-31,0
2016-10-28,63490,2016-03-31,,95326000000,,,,,,6612000000,,6508000000,,,6522000000,,105.26,,,,,,,,,,,,,,,,,,,,,,true,false,12,2015-04-01,2016-03-31,-1
2016-10-31,63490,2017-03-31,2,33934000000,-0.216,,,,,-2083000000,,-3022000000,,,-3580000000,,-58.31,,,,,,177094000000,128030000000,0.723,,128017000000,,,,,,,,,,,,true,false,6,2016-04-01,2016-09-30,0
2016-10-31,63490,2016-03-31,2,43259000000,0.080,,,,,2160000000,-0.014,2819000000,0.027,,3842000000,,62.01,,,,,,,,,,,,,,,,,,,,,,true,false,6,2015-04-01,2015-09-30,-1
2016-10-31,63490,2017-03-31,2,90500000000,-0.051,,,,,2000000000,-0.698,1000000000,-0.846,,200000000,,3.33,,,,,,,,,,,,,,,,,,,,,,true,true,12,2016-04-01,2017-03-31,0
2016-10-31,63490,2016-03-31,2,,,,,,,,,,,,,,,,,,,,188173000000,135890000000,0.722,,135876000000,,,,,,,,,,,,true,false,12,2015-04-01,2016-03-31,-1
2016-10-31,63490,2016-03-31,2,,,,,,,,,,,,,,,,,,,,,,,,,,,,,40.00,,,,68292340,6328517,,false,false,12,2015-04-01,2016-03-31,-1
2016-10-31,63490,2017-03-31,2,,,,,,,,,,,,,,,,,,,,,,,,,,,,,20.00,,,,,,,false,false,12,2016-04-01,2017-03-31,0
2016-10-31,63490,2017-03-31,2,,,,,,,,,,,,,,,,,,,,,,,,,,,,,40.00,,,,,,,false,true,12,2016-04-01,2017-03-31,0
2016-10-31,63490,2017-03-31,2,,,,,,,,,,,,,,,,,,,,,,,,,,,,,,,,,62292340,2249119,61409295,false,false,6,2016-04-01,2016-09-30,0
2016-10-31,63490,2016-03-31,2,,,,,,,,,,,,,,,,,,,,,,,,,,,,,,,,,,,61964944,false,false,6,2015-04-01,2015-09-30,-1
2017-01-30,63490,2017-03-31,3,57002000000,-0.165,,,,,-716000000,,-689000000,,,-1655000000,,-27.27,,,,,,180898000000,128411000000,0.710,,128411000000,,,,,,,,,,,,true,false,9,2016-04-01,2016-12-31,0
2017-01-30,63490,2016-03-31,3,68234000000,0.058,,,,,4667000000,0.235,5201000000,-0.047,,5839000000,,94.23,,,,,,,,,,,,,,,,,,,,,,true,false,9,2015-04-01,2015-12-31,-1
2017-01-30,63490,2017-03-31,3,90500000000,-0.051,,,,,2000000000,-0.698,1000000000,-0.846,,200000000,,3.43,,,,,,,,,,,,,,,,,,,,,,true,true,12,2016-04-01,2017-03-31,0
2017-01-30,63490,2016-03-31,3,,,,,,,,,,,,,,,,,,,,188173000000,135890000000,0.722,,135876000000,,,,,,,,,,,,true,false,12,2015-04-01,2016-03-31,-1
2017-01-30,63490,2016-03-31,3,,,,,,,,,,,,,,,,,,,,,,,,,,,,,40.00,,,,68292340,6328517,,false,false,12,2015-04-01,2016-03-31,-1
2017-01-30,63490,2017-03-31,3,,,,,,,,,,,,,,,,,,,,,,,,,,,,,20.00,,,,,,,false,false,12,2016-04-01,2017-03-31,0
2017-01-30,63490,2017-03-31,3,,,,,,,,,,,,,,,,,,,,,,,,,,,,,40.00,,,,,,,false,true,12,2016-04-01,2017-03-31,0
2017-01-30,63490,2017-03-31,3,,,,,,,,,,,,,,,,,,,,,,,,,,,,,,,,,62292340,4065566,60709914,false,false,9,2016-04-01,2016-12-31,0
2017-01-30,63490,2016-03-31,3,,,,,,,,,,,,,,,,,,,,,,,,,,,,,,,,,,,61964838,false,false,9,2015-04-01,2015-12-31,-1
2017-04-28,63490,2017-03-31,,86600000000,-0.043,,,,,1700000000,-0.150,1400000000,0.400,,600000000,,10.30,,,,,,,,,,,,,,,,,,,,,,true,true,12,2016-04-01,2017-03-31,0
2017-04-28,63490,2016-03-31,,95326000000,,,,,,6612000000,,6508000000,,,6522000000,,105.26,,,,,,,,,,,,,,,,,,,,,,true,false,12,2015-04-01,2016-03-31,-1
2017-05-15,63490,2017-03-31,,86618000000,-0.091,,,,,1712000000,-0.741,1430000000,-0.780,,657000000,,10.94,,0.005,0.008,0.020,,180100000000,131386000000,0.730,2256.47,131386000000,-793000000,4261000000,-7669000000,54652000000,,3.658,,,,,,true,false,12,2016-04-01,2017-03-31,0
2017-05-15,63490,2016-03-31,,95326000000,0.045,,,,,6612000000,0.019,6508000000,-0.170,,6522000000,,105.26,,0.048,0.035,0.069,,188173000000,135890000000,0.722,2192.83,135876000000,11935000000,-1352000000,-2778000000,59140000000,,0.380,,,,,,true,false,12,2015-04-01,2016-03-31,-1
2017-05-15,63490,2018-03-31,,43500000000,0.282,,,,,200000000,,200000000,,,100000000,,1.72,,,,,,,,,,,,,,,,,,,,,,true,true,6,2017-04-01,2017-09-30,1
2017-05-15,63490,2018-03-31,,97000000000,0.120,,,,,2000000000,0.168,2100000000,0.469,,1600000000,,27.48,,,,,,,,,,,,,,,,1.456,,,,,,true,true,12,2017-04-01,2018-03-31,1
2017-05-15,63490,2016-03-31,,,,,,,,,,,,,,,,,,,,,,,,,,,,,,40.00,,,,68292340,6328517,61964615,false,false,12,2015-04-01,2016-03-31,-1
2017-05-15,63490,2017-03-31,,,,,,,,,,,,,,,,,,,,,,,,,,,,,,40.00,,,,62292340,4065893,60136812,false,false,12,2016-04-01,2017-03-31,0
2017-05-15,63490,2018-03-31,,,,,,,,,,,,,,,,,,,,,,,,,,,,,,40.00,,,,,,,false,true,12,2017-04-01,2018-03-31,1
2017-07-27,63490,2018-03-31,1,16114000000,0.083,,,,,-894000000,,-464000000,,,-497000000,,-8.54,,,,,,182563000000,130122000000,0.713,,130122000000,,,,,,,,,,,,true,false,3,2017-04-01,2017-06-30,0
2017-07-27,63490,2017-03-31,1,14876000000,-0.185,,,,,-2035000000,,-2881000000,,,-2178000000,,-35.15,,,,,,,,,,,,,,,,,,,,,,true,false,3,2016-04-01,2016-06-30,-1
2017-07-27,63490,2018-03-31,1,43500000000,0.282,,,,,200000000,,200000000,,,100000000,,1.72,,,,,,,,,,,,,,,,,,,,,,true,true,6,2017-04-01,2017-09-30,0
2017-07-27,63490,2018-03-31,1,97000000000,0.120,,,,,2000000000,0.168,2100000000,0.469,,1600000000,,27.48,,,,,,,,,,,,,,,,,,,,,,true,true,12,2017-04-01,2018-03-31,0
2017-07-27,63490,2017-03-31,1,,,,,,,,,,,,,,,,,,,,180100000000,131386000000,0.730,,131386000000,,,,,,,,,,,,true,false,12,2016-04-01,2017-03-31,-1
2017-07-27,63490,2017-03-31,1,,,,,,,,,,,,,,,,,,,,,,,,,,,,,40.00,,,,62292340,4065893,,false,false,12,2016-04-01,2017-03-31,-1
2017-07-27,63490,2018-03-31,1,,,,,,,,,,,,,,,,,,,,,,,,,,,,,40.00,,,,,,,false,true,12,2017-04-01,2018-03-31,0
2017-07-27,63490,2018-03-31,1,,,,,,,,,,,,,,,,,,,,,,,,,,,,,,,,,62292340,4065912,58226438,false,false,3,2017-04-01,2017-06-30,0
2017-07-27,63490,2017-03-31,1,,,,,,,,,,,,,,,,,,,,,,,,,,,,,,,,,,,61963750,false,false,3,2016-04-01,2016-06-30,-1
2017-10-27,63490,2018-03-31,,42800000000,-0.016,,,,,400000000,1.000,1300000000,5.500,,1100000000,,18.89,,,,,,,,,,,,,,,,,,,,,,true,true,6,2017-04-01,2017-09-30,0
2017-10-27,63490,2017-03-31,,33934000000,,,,,,-2083000000,,-3022000000,,,-3580000000,,-58.31,,,,,,,,,,,,,,,,,,,,,,true,false,6,2016-04-01,2016-09-30,-1
2017-10-27,63490,2018-03-31,,94000000000,-0.031,,,,,1900000000,-0.050,2300000000,0.095,,1900000000,,32.63,,,,,,,,,,,,,,,,,,,,,,true,true,12,2017-04-01,2018-03-31,0
2017-10-27,63490,2017-03-31,,86618000000,,,,,,1712000000,,1430000000,,,657000000,,10.94,,,,,,,,,,,,,,,,,,,,,,true,false,12,2016-04-01,2017-03-31,-1
2017-10-30,63490,2018-03-31,2,42773000000,0.260,,,,,436000000,,1270000000,,,1102000000,,18.93,,,,,,182775000000,132145000000,0.723,,132145000000,,,,,,,,,,,,true,false,6,2017-04-01,2017-09-30,0
2017-10-30,63490,2017-03-31,2,33934000000,-0.216,,,,,-2083000000,,-3022000000,,,-3580000000,,-58.31,,,,,,,,,,,,,,,,,,,,,,true,false,6,2016-04-01,2016-09-30,-1
2017-10-30,63490,2018-03-31,2,94000000000,0.085,,,,,1900000000,0.109,2300000000,0.608,,1900000000,,32.63,,,,,,,,,,,,,,,,,,,,,,true,true,12,2017-04-01,2018-03-31,0
2017-10-30,63490,2017-03-31,2,,,,,,,,,,,,,,,,,,,,180100000000,131386000000,0.730,,131386000000,,,,,,,,,,,,true,false,12,2016-04-01,2017-03-31,-1
2017-10-30,63490,2017-03-31,2,,,,,,,,,,,,,,,,,,,,,,,,,,,,,40.00,,,,62292340,4065893,,false,false,12,2016-04-01,2017-03-31,-1
2017-10-30,63490,2018-03-31,2,,,,,,,,,,,,,,,,,,,,,,,,,,,,,20.00,,,,,,,false,false,12,2017-04-01,2018-03-31,0
2017-10-30,63490,2018-03-31,2,,,,,,,,,,,,,,,,,,,,,,,,,,,,,40.00,,,,,,,false,true,12,2017-04-01,2018-03-31,0
2017-10-30,63490,2018-03-31,2,,,,,,,,,,,,,,,,,,,,,,,,,,,,,,,,,62292340,4066125,58226377,false,false,6,2017-04-01,2017-09-30,0
2017-10-30,63490,2017-03-31,2,,,,,,,,,,,,,,,,,,,,,,,,,,,,,,,,,,,61409295,false,false,6,2016-04-01,2016-09-30,-1
2018-01-29,63490,2018-03-31,3,63870000000,0.120,,,,,1340000000,,2412000000,,,1633000000,,28.06,,,,,,182447000000,132066000000,0.724,,132066000000,,,,,,,,,,,,true,false,9,2017-04-01,2017-12-31,0
2018-01-29,63490,2017-03-31,3,57002000000,-0.165,,,,,-716000000,,-689000000,,,-1655000000,,-27.27,,,,,,,,,,,,,,,,,,,,,,true,false,9,2016-04-01,2016-12-31,-1
2018-01-29,63490,2018-03-31,3,94000000000,0.085,,,,,1900000000,0.109,2300000000,0.608,,1900000000,,32.63,,,,,,,,,,,,,,,,,,,,,,true,true,12,2017-04-01,2018-03-31,0
2018-01-29,63490,2017-03-31,3,,,,,,,,,,,,,,,,,,,,180100000000,131386000000,0.730,,131386000000,,,,,,,,,,,,true,false,12,2016-04-01,2017-03-31,-1
2018-01-29,63490,2017-03-31,3,,,,,,,,,,,,,,,,,,,,,,,,,,,,,40.00,,,,62292340,4065893,,false,false,12,2016-04-01,2017-03-31,-1
2018-01-29,63490,2018-03-31,3,,,,,,,,,,,,,,,,,,,,,,,,,,,,,20.00,,,,,,,false,false,12,2017-04-01,2018-03-31,0
2018-01-29,63490,2018-03-31,3,,,,,,,,,,,,,,,,,,,,,,,,,,,,,40.00,,,,,,,false,true,12,2017-04-01,2018-03-31,0
2018-01-29,63490,2018-03-31,3,,,,,,,,,,,,,,,,,,,,,,,,,,,,,,,,,62292340,4066548,58226286,false,false,9,2017-04-01,2017-12-31,0
2018-01-29,63490,2017-03-31,3,,,,,,,,,,,,,,,,,,,,,,,,,,,,,,,,,,,60709914,false,false,9,2016-04-01,2016-12-31,-1
2018-04-27,63490,2018-03-31,,94100000000,0.001,,,,,3700000000,0.947,4400000000,0.913,,3000000000,,51.52,,,,,,,,,,,,,,,,,,,,,,true,true,12,2017-04-01,2018-03-31,0
2018-04-27,63490,2017-03-31,,86618000000,,,,,,1712000000,,1430000000,,,657000000,,10.94,,,,,,,,,,,,,,,,,,,,,,true,false,12,2016-04-01,2017-03-31,-1
2018-05-11,63490,2018-03-31,,94168000000,0.087,,,,,3732000000,1.180,4420000000,2.091,,3074000000,,52.81,,0.023,0.024,0.040,,182477000000,132451000000,0.726,2274.80,132451000000,6091000000,295000000,-2340000000,58826000000,,0.757,,,,,,true,false,12,2017-04-01,2018-03-31,0
2018-05-11,63490,2017-03-31,,86618000000,-0.091,,,,,1712000000,-0.741,1430000000,-0.780,,657000000,,10.94,,0.005,0.008,0.020,,180100000000,131386000000,0.730,2256.47,131386000000,-793000000,4261000000,-7669000000,54652000000,,3.658,,,,,,true,false,12,2016-04-01,2017-03-31,-1
2018-05-11,63490,2019-03-31,,49000000000,0.146,,,,,300000000,-0.313,300000000,-0.764,,200000000,,3.43,,,,,,,,,,,,,,,,,,,,,,true,true,6,2018-04-01,2018-09-30,1
2018-05-11,63490,2019-03-31,,101000000000,0.073,,,,,3100000000,-0.170,3200000000,-0.276,,2700000000,,46.37,,,,,,,,,,,,,,,,0.863,,,,,,true,true,12,2018-04-01,2019-03-31,1
2018-05-11,63490,2017-03-31,,,,,,,,,,,,,,,,,,,,,,,,,,,,,,40.00,,,,62292340,4065893,60136812,false,false,12,2016-04-01,2017-03-31,-1
2018-05-11,63490,2018-03-31,,,,,,,,,,,,,,,,,,,,,,,,,,,,,,40.00,,,,62292340,4066721,58226146,false,false,12,2017-04-01,2018-03-31,0
2018-05-11,63490,2019-03-31,,,,,,,,,,,,,,,,,,,,,,,,,,,,,,40.00,,,,,,,false,true,12,2018-04-01,2019-03-31,1
2018-08-02,63490,2019-03-31,1,15969000000,-0.009,,,,,-1349000000,,-1173000000,,,-1192000000,,-20.49,,,,,,180610000000,129650000000,0.718,,129650000000,,,,,,,,,,,,true,false,3,2018-04-01,2018-06-30,0
2018-08-02,63490,2018-03-31,1,16114000000,0.083,,,,,-894000000,,-464000000,,,-497000000,,-8.54,,,,,,,,,,,,,,,,,,,,,,true,false,3,2017-04-01,2017-06-30,-1
2018-08-02,63490,2019-03-31,1,43500000000,0.017,,,,,100000000,-0.771,200000000,-0.843,,100000000,,1.72,,,,,,,,,,,,,,,,,,,,,,true,true,6,2018-04-01,2018-09-30,0
2018-08-02,63490,2019-03-31,1,101000000000,0.073,,,,,3100000000,-0.170,3200000000,-0.276,,2700000000,,46.37,,,,,,,,,,,,,,,,,,,,,,true,true,12,2018-04-01,2019-03-31,0
2018-08-02,63490,2018-03-31,1,,,,,,,,,,,,,,,,,,,,181199000000,132451000000,0.731,,132451000000,,,,,,,,,,,,true,false,12,2017-04-01,2018-03-31,-1
2018-08-02,63490,2018-03-31,1,,,,,,,,,,,,,,,,,,,,,,,,,,,,,40.00,,,,62292340,4066721,,false,false,12,2017-04-01,2018-03-31,-1
2018-08-02,63490,2019-03-31,1,,,,,,,,,,,,,,,,,,,,,,,,,,,,,40.00,,,,,,,false,true,12,2018-04-01,2019-03-31,0
2018-08-02,63490,2019-03-31,1,,,,,,,,,,,,,,,,,,,,,,,,,,,,,,,,,62292340,4066741,58225609,false,false,3,2018-04-01,2018-06-30,0
2018-08-02,63490,2018-03-31,1,,,,,,,,,,,,,,,,,,,,,,,,,,,,,,,,,,,58226438,false,false,3,2017-04-01,2017-06-30,-1
2018-10-26,63490,2019-03-31,,40200000000,-0.076,,,,,-250000000,,100000000,-0.500,,-150000000,,-2.58,,,,,,,,,,,,,,,,,,,,,,true,true,6,2018-04-01,2018-09-30,0
2018-10-26,63490,2018-03-31,,42773000000,,,,,,436000000,,1270000000,,,1102000000,,18.93,,,,,,,,,,,,,,,,,,,,,,true,false,6,2017-04-01,2017-09-30,-1
2018-10-26,63490,2019-03-31,,93000000000,-0.079,,,,,1500000000,-0.516,1800000000,-0.438,,1100000000,,18.89,,,,,,,,,,,,,,,,,,,,,,true,true,12,2018-04-01,2019-03-31,0
2018-10-26,63490,2018-03-31,,94168000000,,,,,,3732000000,,4420000000,,,3074000000,,52.81,,,,,,,,,,,,,,,,,,,,,,true,false,12,2017-04-01,2018-03-31,-1
2018-10-29,63490,2019-03-31,2,40225000000,-0.060,,,,,-258000000,,95000000,-0.925,,-150000000,,-2.58,,,,,,181647000000,130905000000,0.721,,130905000000,,,,,,,,,,,,true,false,6,2018-04-01,2018-09-30,0
2018-10-29,63490,2018-03-31,2,42773000000,0.260,,,,,436000000,,1270000000,,,1102000000,,18.93,,,,,,,,,,,,,,,,,,,,,,true,false,6,2017-04-01,2017-09-30,-1
2018-10-29,63490,2019-03-31,2,93000000000,-0.012,,,,,1500000000,-0.598,1800000000,-0.593,,1100000000,,18.89,,,,,,,,,,,,,,,,,,,,,,true,true,12,2018-04-01,2019-03-31,0
2018-10-29,63490,2018-03-31,2,,,,,,,,,,,,,,,,,,,,181199000000,132451000000,0.731,,132451000000,,,,,,,,,,,,true,false,12,2017-04-01,2018-03-31,-1
2018-10-29,63490,2018-03-31,2,,,,,,,,,,,,,,,,,,,,,,,,,,,,,40.00,,,,62292340,4066721,,false,false,12,2017-04-01,2018-03-31,-1
2018-10-29,63490,2019-03-31,2,,,,,,,,,,,,,,,,,,,,,,,,,,,,,20.00,,,,,,,false,false,12,2018-04-01,2019-03-31,0
2018-10-29,63490,2019-03-31,2,,,,,,,,,,,,,,,,,,,,,,,,,,,,,40.00,,,,,,,false,true,12,2018-04-01,2019-03-31,0
2018-10-29,63490,2019-03-31,2,,,,,,,,,,,,,,,,,,,,,,,,,,,,,,,,,62292340,4066876,58225564,false,false,6,2018-04-01,2018-09-30,0
2018-10-29,63490,2018-03-31,2,,,,,,,,,,,,,,,,,,,,,,,,,,,,,,,,,,,58226377,false,false,6,2017-04-01,2017-09-30,-1
2018-10-29,63490,2019-03-31,2,40225000000,-0.060,,,,,-258000000,,95000000,-0.925,,-150000000,,-2.58,,,,,,181647000000,130905000000,0.721,,130905000000,,,,,,,,,,,,true,false,6,2018-04-01,2018-09-30,0
2018-10-29,63490,2018-03-31,2,42773000000,0.260,,,,,436000000,,1270000000,,,1102000000,,18.93,,,,,,,,,,,,,,,,,,,,,,true,false,6,2017-04-01,2017-09-30,-1
2018-10-29,63490,2019-03-31,2,93000000000,-0.012,,,,,1500000000,-0.598,1800000000,-0.593,,1100000000,,18.89,,,,,,,,,,,,,,,,,,,,,,true,true,12,2018-04-01,2019-03-31,0
2018-10-29,63490,2018-03-31,2,,,,,,,,,,,,,,,,,,,,181199000000,132451000000,0.731,,132451000000,,,,,,,,,,,,true,false,12,2017-04-01,2018-03-31,-1
2018-10-29,63490,2018-03-31,2,,,,,,,,,,,,,,,,,,,,,,,,,,,,,40.00,,,,62292340,4066721,,false,false,12,2017-04-01,2018-03-31,-1
2018-10-29,63490,2019-03-31,2,,,,,,,,,,,,,,,,,,,,,,,,,,,,,20.00,,,,,,,false,false,12,2018-04-01,2019-03-31,0
2018-10-29,63490,2019-03-31,2,,,,,,,,,,,,,,,,,,,,,,,,,,,,,40.00,,,,,,,false,true,12,2018-04-01,2019-03-31,0
2018-10-29,63490,2019-03-31,2,,,,,,,,,,,,,,,,,,,,,,,,,,,,,,,,,62292340,4066876,58225564,false,false,6,2018-04-01,2018-09-30,0
2018-10-29,63490,2018-03-31,2,,,,,,,,,,,,,,,,,,,,,,,,,,,,,,,,,,,58226377,false,false,6,2017-04-01,2017-09-30,-1
2019-01-29,63490,2019-03-31,3,60414000000,-0.054,,,,,174000000,-0.870,68000000,-0.971,,-803000000,,-13.80,,,,,,166635000000,127262000000,0.764,,127262000000,,,,,,,,,,,,true,false,9,2018-04-01,2018-12-31,0
2019-01-29,63490,2018-03-31,3,63870000000,0.120,,,,,1340000000,,2412000000,,,1633000000,,28.06,,,,,,,,,,,,,,,,,,,,,,true,false,9,2017-04-01,2017-12-31,-1
2019-01-29,63490,2019-03-31,3,93000000000,-0.012,,,,,1500000000,-0.598,1800000000,-0.593,,1100000000,,18.89,,,,,,,,,,,,,,,,,,,,,,true,true,12,2018-04-01,2019-03-31,0
2019-01-29,63490,2018-03-31,3,,,,,,,,,,,,,,,,,,,,181199000000,132451000000,0.731,,132451000000,,,,,,,,,,,,true,false,12,2017-04-01,2018-03-31,-1
2019-01-29,63490,2018-03-31,3,,,,,,,,,,,,,,,,,,,,,,,,,,,,,40.00,,,,62292340,4066721,,false,false,12,2017-04-01,2018-03-31,-1
2019-01-29,63490,2019-03-31,3,,,,,,,,,,,,,,,,,,,,,,,,,,,,,20.00,,,,,,,false,false,12,2018-04-01,2019-03-31,0
2019-01-29,63490,2019-03-31,3,,,,,,,,,,,,,,,,,,,,,,,,,,,,,40.00,,,,,,,false,true,12,2018-04-01,2019-03-31,0
2019-01-29,63490,2019-03-31,3,,,,,,,,,,,,,,,,,,,,,,,,,,,,,,,,,62292340,4067267,58225495,false,false,9,2018-04-01,2018-12-31,0
2019-01-29,63490,2018-03-31,3,,,,,,,,,,,,,,,,,,,,,,,,,,,,,,,,,,,58226286,false,false,9,2017-04-01,2017-12-31,-1
2019-04-26,63490,2019-03-31,,90200000000,-0.030,,,,,2700000000,0.800,2500000000,0.389,,1400000000,,24.04,,,,,,,,,,,,,,,,,,,,,,true,true,12,2018-04-01,2019-03-31,0
2019-04-26,63490,2018-03-31,,94168000000,,,,,,3732000000,,4420000000,,,3074000000,,52.81,,,,,,,,,,,,,,,,,,,,,,true,false,12,2017-04-01,2018-03-31,-1
2019-05-13,63490,2019-03-31,,90242000000,-0.042,,,,,2706000000,-0.275,2502000000,-0.434,,1427000000,,24.52,,0.011,0.014,0.030,,167370000000,130184000000,0.777,2234.61,130110000000,112000000,-449000000,-12789000000,45673000000,,1.631,,,,,,true,false,12,2018-04-01,2019-03-31,0
2019-05-13,63490,2018-03-31,,94168000000,0.087,,,,,3732000000,1.180,4420000000,2.091,,3074000000,,52.81,,0.023,0.024,0.040,,181199000000,132451000000,0.731,2274.80,132451000000,6091000000,295000000,-2340000000,58826000000,,0.757,,,,,,true,false,12,2017-04-01,2018-03-31,-1
2019-05-13,63490,2020-03-31,,41500000000,0.032,,,,,-400000000,,-400000000,,,-700000000,,-12.02,,,,,,,,,,,,,,,,,,,,,,true,true,6,2019-04-01,2019-09-30,1
2019-05-13,63490,2020-03-31,,93200000000,0.033,,,,,2300000000,-0.150,2400000000,-0.041,,1400000000,,24.05,,,,,,,,,,,,,,,,1.664,,,,,,true,true,12,2019-04-01,2020-03-31,1
2019-05-13,63490,2018-03-31,,,,,,,,,,,,,,,,,,,,,,,,,,,,,,40.00,,,,62292340,4066721,58226146,false,false,12,2017-04-01,2018-03-31,-1
2019-05-13,63490,2019-03-31,,,,,,,,,,,,,,,,,,,,,,,,,,,,,,40.00,,,,62292340,4067383,58225376,false,false,12,2018-04-01,2019-03-31,0
2019-05-13,63490,2020-03-31,,,,,,,,,,,,,,,,,,,,,,,,,,,,,,40.00,,,,,,,false,true,12,2019-04-01,2020-03-31,1
2019-07-29,63490,2020-03-31,1,17662000000,0.106,,,,,-929000000,,-1028000000,,,-837000000,,-14.51,,,,,,164380000000,126186000000,0.767,,126101000000,,,,,,,,,,,,true,false,3,2019-04-01,2019-06-30,0
2019-07-29,63490,2019-03-31,1,15969000000,-0.009,,,,,-1349000000,,-1173000000,,,-1192000000,,-20.49,,,,,,,,,,,,,,,,,,,,,,true,false,3,2018-04-01,2018-06-30,-1
2019-07-29,63490,2020-03-31,1,41500000000,0.032,,,,,-400000000,,-400000000,,,-700000000,,-12.25,,,,,,,,,,,,,,,,,,,,,,true,true,6,2019-04-01,2019-09-30,0
2019-07-29,63490,2020-03-31,1,93200000000,0.033,,,,,2300000000,-0.150,2400000000,-0.041,,1400000000,,24.49,,,,,,,,,,,,,,,,,,,,,,true,true,12,2019-04-01,2020-03-31,0
2019-07-29,63490,2019-03-31,1,,,,,,,,,,,,,,,,,,,,167370000000,130184000000,0.777,,130110000000,,,,,,,,,,,,true,false,12,2018-04-01,2019-03-31,-1
2019-07-29,63490,2019-03-31,1,,,,,,,,,,,,,,,,,,,,,,,,,,,,,40.00,,,,62292340,4067383,,false,false,12,2018-04-01,2019-03-31,-1
2019-07-29,63490,2020-03-31,1,,,,,,,,,,,,,,,,,,,,,,,,,,,,,40.00,,,,,,,false,true,12,2019-04-01,2020-03-31,0
2019-07-29,63490,2020-03-31,1,,,,,,,,,,,,,,,,,,,,,,,,,,,,,,,,,58292340,1134813,57699382,false,false,3,2019-04-01,2019-06-30,0
2019-07-29,63490,2019-03-31,1,,,,,,,,,,,,,,,,,,,,,,,,,,,,,,,,,,,58225609,false,false,3,2018-04-01,2018-06-30,-1
2019-10-28,63490,2020-03-31,2,41068000000,0.021,,,,,-341000000,,-676000000,,,-968000000,,-16.95,,,,,,161139000000,125171000000,0.776,,125094000000,,,,,,,,,,,,true,false,6,2019-04-01,2019-09-30,0
2019-10-28,63490,2019-03-31,2,40225000000,-0.060,,,,,-258000000,,95000000,-0.925,,-150000000,,-2.58,,,,,,,,,,,,,,,,,,,,,,true,false,6,2018-04-01,2018-09-30,-1
2019-10-28,63490,2020-03-31,2,92200000000,0.022,,,,,1000000000,-0.630,600000000,-0.760,,100000000,,1.78,,,,,,,,,,,,,,,,,,,,,,true,true,12,2019-04-01,2020-03-31,0
2019-10-28,63490,2019-03-31,2,,,,,,,,,,,,,,,,,,,,167370000000,130184000000,0.777,,130110000000,,,,,,,,,,,,true,false,12,2018-04-01,2019-03-31,-1
2019-10-28,63490,2019-03-31,2,,,,,,,,,,,,,,,,,,,,,,,,,,,,,40.00,,,,62292340,4067383,,false,false,12,2018-04-01,2019-03-31,-1
2019-10-28,63490,2020-03-31,2,,,,,,,,,,,,,,,,,,,,,,,,,,,,,20.00,,,,,,,false,false,12,2019-04-01,2020-03-31,0
2019-10-28,63490,2020-03-31,2,,,,,,,,,,,,,,,,,,,,,,,,,,,,,40.00,,,,,,,false,true,12,2019-04-01,2020-03-31,0
2019-10-28,63490,2020-03-31,2,,,,,,,,,,,,,,,,,,,,,,,,,,,,,,,,,58292340,2152405,57168980,false,false,6,2019-04-01,2019-09-30,0
2019-10-28,63490,2019-03-31,2,,,,,,,,,,,,,,,,,,,,,,,,,,,,,,,,,,,58225564,false,false,6,2018-04-01,2018-09-30,-1
2020-01-28,63490,2020-03-31,,81500000000,-0.116,,,,,-1600000000,,-1200000000,,,-1800000000,,-32.18,,,,,,,,,,,,,,,,,,,,,,true,true,12,2019-04-01,2020-03-31,0
2020-01-28,63490,2019-03-31,,90242000000,,,,,,2706000000,,2502000000,,,1427000000,,24.52,,,,,,,,,,,,,,,,,,,,,,true,false,12,2018-04-01,2019-03-31,-1
2020-01-29,63490,2020-03-31,3,55951000000,-0.074,,,,,-1948000000,,-1800000000,,,-1969000000,,-34.67,,,,,,161373000000,123648000000,0.766,,123575000000,,,,,,,,,,,,true,false,9,2019-04-01,2019-12-31,0
2020-01-29,63490,2019-03-31,3,60414000000,-0.054,,,,,174000000,-0.870,68000000,-0.971,,-803000000,,-13.80,,,,,,,,,,,,,,,,,,,,,,true,false,9,2018-04-01,2018-12-31,-1
2020-01-29,63490,2020-03-31,3,81500000000,-0.097,,,,,-1600000000,,-1200000000,,,-1800000000,,-32.18,,,,,,,,,,,,,,,,,,,,,,true,true,12,2019-04-01,2020-03-31,0
2020-01-29,63490,2019-03-31,3,,,,,,,,,,,,,,,,,,,,167370000000,130184000000,0.777,,130110000000,,,,,,,,,,,,true,false,12,2018-04-01,2019-03-31,-1
2020-01-29,63490,2019-03-31,3,,,,,,,,,,,,,,,,,,,,,,,,,,,,,40.00,,,,62292340,4067383,,false,false,12,2018-04-01,2019-03-31,-1
2020-01-29,63490,2020-03-31,3,,,,,,,,,,,,,,,,,,,,,,,,,,,,,20.00,,,,,,,false,false,12,2019-04-01,2020-03-31,0
2020-01-29,63490,2020-03-31,3,,,,,,,,,,,,,,,,,,,,,,,,,,,,,40.00,,,,,,,false,true,12,2019-04-01,2020-03-31,0
2020-01-29,63490,2020-03-31,3,,,,,,,,,,,,,,,,,,,,,,,,,,,,,,,,,58292340,2367889,56795693,false,false,9,2019-04-01,2019-12-31,0
2020-01-29,63490,2019-03-31,3,,,,,,,,,,,,,,,,,,,,,,,,,,,,,,,,,,,58225495,false,false,9,2018-04-01,2018-12-31,-1
2020-04-27,63490,2020-03-31,,77600000000,-0.048,,,,,-3300000000,,-3400000000,,,-25400000000,,-454.18,,,,,,,,,,,,,,,,,,,,,,true,true,12,2019-04-01,2020-03-31,0
2020-04-27,63490,2019-03-31,,90242000000,,,,,,2706000000,,2502000000,,,1427000000,,24.52,,,,,,,,,,,,,,,,,,,,,,true,false,12,2018-04-01,2019-03-31,-1
2020-04-27,63490,2020-03-31,,60300000000,,,,,,-2700000000,,-2100000000,,-23500000000,,,-420.21,,,,,,,,,,,,,,,30.00,,,,,,,false,true,12,2019-04-01,2020-03-31,0
2020-04-27,63490,2019-03-31,,69775000000,,,,,,996000000,,1321000000,,929000000,,,15.59,,,,,,,,,,,,,,,40.00,,,,,,,false,false,12,2018-04-01,2019-03-31,-1
2020-04-27,63490,2020-03-31,,,,,,,,,,,,,,,,,,,,,,,,,,,,,,20.00,,,,,,,false,false,12,2019-04-01,2020-03-31,0
2020-05-26,63490,2020-03-31,,77646000000,-0.140,,,,,-3404000000,,-3480000000,,,-25473000000,,-450.11,,-0.223,-0.023,-0.044,,135697000000,97979000000,0.722,1750.80,97912000000,1807000000,-3569000000,-5057000000,38587000000,,,,,,,,true,false,12,2019-04-01,2020-03-31,0
2020-05-26,63490,2019-03-31,,90242000000,-0.042,,,,,2706000000,-0.275,2502000000,-0.434,,1427000000,,24.52,,0.011,0.014,0.030,,167370000000,130184000000,0.777,2234.61,130110000000,112000000,-449000000,-12789000000,45673000000,,1.631,,,,,,true,false,12,2018-04-01,2019-03-31,-1
2020-05-26,63490,2020-03-31,,60363000000,-0.135,,,,,-2808000000,,-2175000000,,-23521000000,,,-415.61,,,,,,114443000000,90188000000,0.788,1612.69,90188000000,,,,,30.00,,,,58292340,2368005,56594610,false,false,12,2019-04-01,2020-03-31,0
2020-05-26,63490,2019-03-31,,69775000000,-0.047,,,,,996000000,-0.560,1321000000,-0.626,929000000,,-0.692,15.96,,,,,,147428000000,119797000000,0.813,2057.49,119797000000,,,,,40.00,,,,62292340,4067383,58225376,false,false,12,2018-04-01,2019-03-31,-1
2020-07-30,63490,2021-03-31,1,13660000000,-0.227,,,,,-921000000,,-802000000,,,-143000000,,-2.57,,,,,,140949000000,97705000000,0.693,,97642000000,,,,,,,,,,,,true,false,3,2020-04-01,2020-06-30,0
2020-07-30,63490,2020-03-31,1,17662000000,0.106,,,,,-929000000,,-1028000000,,,-837000000,,-14.51,,,,,,,,,,,,,,,,,,,,,,true,false,3,2019-04-01,2019-06-30,-1
2020-07-30,63490,2020-03-31,1,,,,,,,,,,,,,,,,,,,,135697000000,97979000000,0.722,,97912000000,,,,,,,,,,,,true,false,12,2019-04-01,2020-03-31,-1
2020-07-30,63490,2020-03-31,1,,,,,,,,,,,,,,,,,,,,,,,,,,,,,30.00,,,,58292340,2368005,,false,false,12,2019-04-01,2020-03-31,-1
2020-07-30,63490,2021-03-31,1,,,,,,,,,,,,,,,,,,,,,,,,,,,,,,,,,58292340,2368057,55924296,false,false,3,2020-04-01,2020-06-30,0
2020-07-30,63490,2020-03-31,1,,,,,,,,,,,,,,,,,,,,,,,,,,,,,,,,,,,57699382,false,false,3,2019-04-01,2019-06-30,-1
2020-10-27,63490,2021-03-31,2,33910000000,-0.174,,,,,-1119000000,,-665000000,,,-219000000,,-3.93,,,,,,139126000000,97755000000,0.702,,97693000000,,,,,,,,,,,,true,false,6,2020-04-01,2020-09-30,0
2020-10-27,63490,2020-03-31,2,41068000000,0.021,,,,,-341000000,,-676000000,,,-968000000,,-16.95,,,,,,,,,,,,,,,,,,,,,,true,false,6,2019-04-01,2019-09-30,-1
2020-10-27,63490,2021-03-31,2,71000000000,-0.086,,,,,-2600000000,,-1900000000,,,-2100000000,,-37.55,,,,,,,,,,,,,,,,,,,,,,true,true,12,2020-04-01,2021-03-31,0
2020-10-27,63490,2020-03-31,2,,,,,,,,,,,,,,,,,,,,135697000000,97979000000,0.722,,97912000000,,,,,,,,,,,,true,false,12,2019-04-01,2020-03-31,-1
2020-10-27,63490,2020-03-31,2,,,,,,,,,,,,,,,,,,,,,,,,,,,,,30.00,,,,58292340,2368005,,false,false,12,2019-04-01,2020-03-31,-1
2020-10-27,63490,2021-03-31,2,,,,,,,,,,,,,,,,,,,,,,,,,,,,,10.00,,,,,,,false,false,12,2020-04-01,2021-03-31,0
2020-10-27,63490,2021-03-31,2,,,,,,,,,,,,,,,,,,,,,,,,,,,,,20.00,,,,,,,false,true,12,2020-04-01,2021-03-31,0
2020-10-27,63490,2021-03-31,2,,,,,,,,,,,,,,,,,,,,,,,,,,,,,,,,,58292340,2368106,55924276,false,false,6,2020-04-01,2020-09-30,0
2020-10-27,63490,2020-03-31,2,,,,,,,,,,,,,,,,,,,,,,,,,,,,,,,,,,,57168980,false,false,6,2019-04-01,2019-09-30,-1
2021-01-27,63490,2021-03-31,3,51315000000,-0.083,,,,,-1871000000,,-1377000000,,,-897000000,,-16.05,,,,,,143680000000,97016000000,0.675,,96954000000,,,,,,,,,,,,true,false,9,2020-04-01,2020-12-31,0
2021-01-27,63490,2020-03-31,3,55951000000,-0.074,,,,,-1948000000,,-1800000000,,,-1969000000,,-34.67,,,,,,,,,,,,,,,,,,,,,,true,false,9,2019-04-01,2019-12-31,-1
2021-01-27,63490,2021-03-31,3,71000000000,-0.086,,,,,-2600000000,,-1900000000,,,-2100000000,,-37.55,,,,,,,,,,,,,,,,,,,,,,true,true,12,2020-04-01,2021-03-31,0
2021-01-27,63490,2020-03-31,3,,,,,,,,,,,,,,,,,,,,135697000000,97979000000,0.722,,97912000000,,,,,,,,,,,,true,false,12,2019-04-01,2020-03-31,-1
2021-01-27,63490,2020-03-31,3,,,,,,,,,,,,,,,,,,,,,,,,,,,,,30.00,,,,58292340,2368005,,false,false,12,2019-04-01,2020-03-31,-1
2021-01-27,63490,2021-03-31,3,,,,,,,,,,,,,,,,,,,,,,,,,,,,,10.00,,,,,,,false,false,12,2020-04-01,2021-03-31,0
2021-01-27,63490,2021-03-31,3,,,,,,,,,,,,,,,,,,,,,,,,,,,,,20.00,,,,,,,false,true,12,2020-04-01,2021-03-31,0
2021-01-27,63490,2021-03-31,3,,,,,,,,,,,,,,,,,,,,,,,,,,,,,,,,,58292340,2368207,55924254,false,false,9,2020-04-01,2020-12-31,0
2021-01-27,63490,2020-03-31,3,,,,,,,,,,,,,,,,,,,,,,,,,,,,,,,,,,,56795693,false,false,9,2019-04-01,2019-12-31,-1
2021-04-27,63490,2021-03-31,,71800000000,0.011,,,,,-2500000000,,-1300000000,,-2200000000,,,-39.34,,,,,,,,,,,,,,,,,,,,,,true,true,12,2020-04-01,2021-03-31,0
2021-04-27,63490,2020-03-31,,77646000000,,,,,,-3404000000,,-3480000000,,-25473000000,,,-450.11,,,,,,,,,,,,,,,,,,,,,,true,false,12,2019-04-01,2020-03-31,-1
2021-04-27,63490,2021-03-31,,50600000000,,,,,,,,-220000000,,-140000000,,,-2.50,,,,,,,,,,,,,,,,,,,,,,false,true,12,2020-04-01,2021-03-31,0
2021-04-27,63490,2020-03-31,,60363000000,,,,,,,,-2175000000,,-23521000000,,,-415.61,,,,,,,,,,,,,,,,,,,,,,false,false,12,2019-04-01,2020-03-31,-1
2021-05-14,63490,2021-03-31,,71825000000,-0.075,,,,,-2332000000,,-1149000000,,,-2068000000,,-36.99,,-0.021,-0.008,-0.032,,144443000000,97736000000,0.676,1746.55,97673000000,8174000000,-2220000000,9288000000,54321000000,,,,,,,,true,false,12,2020-04-01,2021-03-31,0
2021-05-14,63490,2020-03-31,,77646000000,-0.140,,,,,-3404000000,,-3480000000,,,-25473000000,,-450.11,,-0.223,-0.023,-0.044,,135697000000,97979000000,0.722,1750.80,97912000000,1807000000,-3569000000,-5057000000,38587000000,,,,,,,,true,false,12,2019-04-01,2020-03-31,-1
2021-05-14,63490,2022-03-31,,42000000000,0.239,,,,,300000000,,0,,,200000000,,3.58,,,,,,,,,,,,,,,,,,,,,,true,true,6,2021-04-01,2021-09-30,1
2021-05-14,63490,2022-03-31,,90000000000,0.253,,,,,1900000000,,1700000000,,,1700000000,,30.40,,,,,,,,,,,,,,,,0.661,,,,,,true,true,12,2021-04-01,2022-03-31,1
2021-05-14,63490,2021-03-31,,50625000000,-0.161,,,,,-2187000000,,-217000000,,-133000000,,,-2.39,,,,,,121980000000,90233000000,0.740,1613.50,90233000000,,,,,20.00,,,,58292340,2368339,55924195,false,false,12,2020-04-01,2021-03-31,0
2021-05-14,63490,2020-03-31,,60363000000,-0.135,,,,,-2808000000,,-2175000000,,-23521000000,,,-415.61,,,,,,114443000000,90188000000,0.788,1612.69,90188000000,,,,,30.00,,,,58292340,2368005,56594610,false,false,12,2019-04-01,2020-03-31,-1
2021-05-14,63490,2022-03-31,,,,,,,,,,,,,,,,,,,,,,,,,,,,,,20.00,,,,,,,false,true,12,2021-04-01,2022-03-31,1
2021-06-11,63490,2022-03-31,,42000000000,0.000,,,,,300000000,0.000,0,0.000,2800000000,,13.000,50.07,,,,,,,,,,,,,,,,,,,,,,true,true,6,2021-04-01,2021-09-30,0
2021-06-11,63490,2021-03-31,,33910000000,,,,,,-1119000000,,-665000000,,-219000000,,,-3.93,,,,,,,,,,,,,,,,,,,,,,true,false,6,2020-04-01,2020-09-30,-1
2021-06-11,63490,2022-03-31,,90000000000,0.000,,,,,1900000000,0.000,1700000000,0.000,4300000000,,1.529,76.89,,,,,,,,,,,,,,,,,,,,,,true,true,12,2021-04-01,2022-03-31,0
2021-06-11,63490,2021-03-31,,71825000000,,,,,,-2332000000,,-1149000000,,-2068000000,,,-36.99,,,,,,,,,,,,,,,,,,,,,,true,false,12,2020-04-01,2021-03-31,-1
2021-07-30,63490,2022-03-31,1,18630000000,0.364,,,,,-418000000,,-128000000,,,-92000000,,-1.65,,,,,,146284000000,97308000000,0.665,,97250000000,,,,,,,,,,,,true,false,3,2021-04-01,2021-06-30,0
2021-07-30,63490,2021-03-31,1,13660000000,-0.227,,,,,-921000000,,-802000000,,,-143000000,,-2.57,,,,,,,,,,,,,,,,,,,,,,true,false,3,2020-04-01,2020-06-30,-1
2021-07-30,63490,2022-03-31,1,42000000000,0.239,,,,,300000000,,0,,,2800000000,,50.07,,,,,,,,,,,,,,,,,,,,,,true,true,6,2021-04-01,2021-09-30,0
2021-07-30,63490,2022-03-31,1,90000000000,0.253,,,,,1900000000,,1700000000,,,4300000000,,76.89,,,,,,,,,,,,,,,,,,,,,,true,true,12,2021-04-01,2022-03-31,0
2021-07-30,63490,2021-03-31,1,,,,,,,,,,,,,,,,,,,,144443000000,97736000000,0.676,,97673000000,,,,,,,,,,,,true,false,12,2020-04-01,2021-03-31,-1
2021-07-30,63490,2021-03-31,1,,,,,,,,,,,,,,,,,,,,,,,,,,,,,20.00,,,,58292340,2368339,,false,false,12,2020-04-01,2021-03-31,-1
2021-07-30,63490,2022-03-31,1,,,,,,,,,,,,,,,,,,,,,,,,,,,,,20.00,,,,,,,false,true,12,2021-04-01,2022-03-31,0
2021-07-30,63490,2022-03-31,1,,,,,,,,,,,,,,,,,,,,,,,,,,,,,,,,,58292340,2368359,55923991,false,false,3,2021-04-01,2021-06-30,0
2021-07-30,63490,2021-03-31,1,,,,,,,,,,,,,,,,,,,,,,,,,,,,,,,,,,,55924296,false,false,3,2020-04-01,2020-06-30,-1
2021-10-28,63490,2022-03-31,,40143000000,-0.044,,,,,509000000,0.697,901000000,,3588000000,,0.281,64.17,,,,,,,,,,,,,,,,,,,,,,true,true,6,2021-04-01,2021-09-30,0
2021-10-28,63490,2021-03-31,,33910000000,,,,,,-1119000000,,-665000000,,-219000000,,,-3.93,,,,,,,,,,,,,,,,,,,,,,true,false,6,2020-04-01,2020-09-30,-1
2021-10-28,63490,2022-03-31,,88000000000,-0.022,,,,,1000000000,-0.474,1000000000,-0.412,3600000000,,-0.163,64.37,,,,,,,,,,,,,,,,,,,,,,true,true,12,2021-04-01,2022-03-31,0
2021-10-28,63490,2021-03-31,,71825000000,,,,,,-2332000000,,-1149000000,,-2068000000,,,-36.99,,,,,,,,,,,,,,,,,,,,,,true,false,12,2020-04-01,2021-03-31,-1
2021-10-28,63490,2022-03-31,,63000000000,,,,,,,,900000000,,3800000000,,,67.94,,,,,,,,,,,,,,,35.00,,,,,,,false,true,12,2021-04-01,2022-03-31,0
2021-10-28,63490,2021-03-31,,50625000000,,,,,,,,-217000000,,-133000000,,,-2.39,,,,,,,,,,,,,,,20.00,,,,,,,false,false,12,2020-04-01,2021-03-31,-1
2021-10-29,63490,2022-03-31,2,40143000000,0.184,,,,,509000000,,901000000,,,3588000000,,64.17,,,,,,150476000000,101146000000,0.672,,101077000000,,,,,,,,,,,,true,false,6,2021-04-01,2021-09-30,0
2021-10-29,63490,2021-03-31,2,33910000000,-0.174,,,,,-1119000000,,-665000000,,,-219000000,,-3.93,,,,,,,,,,,,,,,,,,,,,,true,false,6,2020-04-01,2020-09-30,-1
2021-10-29,63490,2022-03-31,2,88000000000,0.225,,,,,1000000000,,1000000000,,,3600000000,,64.37,,,,,,,,,,,,,,,,,,,,,,true,true,12,2021-04-01,2022-03-31,0
2021-10-29,63490,2021-03-31,2,,,,,,,,,,,,,,,,,,,,144443000000,97736000000,0.676,,97673000000,,,,,,,,,,,,true,false,12,2020-04-01,2021-03-31,-1
2021-10-29,63490,2021-03-31,2,,,,,,,,,,,,,,,,,,,,,,,,,,,,,20.00,,,,58292340,2368339,,false,false,12,2020-04-01,2021-03-31,-1
2021-10-29,63490,2022-03-31,2,,,,,,,,,,,,,,,,,,,,,,,,,,,,,15.00,,,,,,,false,false,12,2021-04-01,2022-03-31,0
2021-10-29,63490,2022-03-31,2,,,,,,,,,,,,,,,,,,,,,,,,,,,,,35.00,,,,,,,false,true,12,2021-04-01,2022-03-31,0
2021-10-29,63490,2022-03-31,2,,,,,,,,,,,,,,,,,,,,,,,,,,,,,,,,,58292340,2368359,55923987,false,false,6,2021-04-01,2021-09-30,0
2021-10-29,63490,2021-03-31,2,,,,,,,,,,,,,,,,,,,,,,,,,,,,,,,,,,,55924276,false,false,6,2020-04-01,2020-09-30,-1
2022-01-26,63490,2022-03-31,,86000000000,-0.023,,,,,1500000000,0.500,1800000000,0.800,,3900000000,,69.77,,,,,,,,,,,,,,,,,,,,,,true,true,12,2021-04-01,2022-03-31,0
2022-01-26,63490,2021-03-31,,71825000000,,,,,,-2332000000,,-1149000000,,,-2068000000,,-36.99,,,,,,,,,,,,,,,,,,,,,,true,false,12,2020-04-01,2021-03-31,-1
2022-01-27,63490,2022-03-31,3,63546000000,0.238,,,,,1214000000,,1941000000,,,4364000000,,78.10,,,,,,152160000000,101411000000,0.666,,101339000000,,,,,,,,,,,,true,false,9,2021-04-01,2021-12-31,0
2022-01-27,63490,2021-03-31,3,51315000000,-0.083,,,,,-1871000000,,-1377000000,,,-897000000,,-16.05,,,,,,,,,,,,,,,,,,,,,,true,false,9,2020-04-01,2020-12-31,-1
2022-01-27,63490,2022-03-31,3,86000000000,0.197,,,,,1500000000,,1800000000,,,3900000000,,69.77,,,,,,,,,,,,,,,,,,,,,,true,true,12,2021-04-01,2022-03-31,0
2022-01-27,63490,2021-03-31,3,,,,,,,,,,,,,,,,,,,,144443000000,97736000000,0.676,,97673000000,,,,,,,,,,,,true,false,12,2020-04-01,2021-03-31,-1
2022-01-27,63490,2021-03-31,3,,,,,,,,,,,,,,,,,,,,,,,,,,,,,20.00,,,,58292340,2368339,,false,false,12,2020-04-01,2021-03-31,-1
2022-01-27,63490,2022-03-31,3,,,,,,,,,,,,,,,,,,,,,,,,,,,,,15.00,,,,,,,false,false,12,2021-04-01,2022-03-31,0
2022-01-27,63490,2022-03-31,3,,,,,,,,,,,,,,,,,,,,,,,,,,,,,35.00,,,,,,,false,true,12,2021-04-01,2022-03-31,0
2022-01-27,63490,2022-03-31,3,,,,,,,,,,,,,,,,,,,,,,,,,,,,,,,,,58292340,2696977,55891115,false,false,9,2021-04-01,2021-12-31,0
2022-01-27,63490,2021-03-31,3,,,,,,,,,,,,,,,,,,,,,,,,,,,,,,,,,,,55924254,false,false,9,2020-04-01,2020-12-31,-1
2022-04-27,63490,2022-03-31,,87600000000,0.019,,,,,2300000000,0.533,3400000000,0.889,,6400000000,,117.37,,,,,,,,,,,,,,,,,,,,,,true,true,12,2021-04-01,2022-03-31,0
2022-04-27,63490,2021-03-31,,71825000000,,,,,,-2332000000,,-1149000000,,,-2068000000,,-36.99,,,,,,,,,,,,,,,,,,,,,,true,false,12,2020-04-01,2021-03-31,-1
2022-05-13,63490,2022-03-31,,87623000000,0.220,,,,,2267000000,,3408000000,,,6158000000,,110.67,,0.061,0.023,0.026,,157081000000,103382000000,0.658,1894.34,103286000000,9281000000,-1379000000,-2940000000,60321000000,,0.506,,,,,,true,false,12,2021-04-01,2022-03-31,0
2022-05-13,63490,2021-03-31,,71825000000,-0.075,,,,,-2332000000,,-1149000000,,,-2068000000,,-36.99,,-0.021,-0.008,-0.032,,144443000000,97736000000,0.676,1746.55,97673000000,8174000000,-2220000000,9288000000,54321000000,,,,,,,,true,false,12,2020-04-01,2021-03-31,-1
2022-05-13,63490,2023-03-31,,47400000000,0.181,,,,,1500000000,1.942,1700000000,0.885,,1400000000,,25.68,,,,,,,,,,,,,,,,,,,,,,true,true,6,2022-04-01,2022-09-30,1
2022-05-13,63490,2023-03-31,,92800000000,0.059,,,,,3400000000,0.499,3700000000,0.085,,2900000000,,53.19,,,,,,,,,,,,,,,,0.564,,,,,,true,true,12,2022-04-01,2023-03-31,1
2022-05-13,63490,2022-03-31,,58815000000,0.162,,,,,-159000000,,1204000000,,4513000000,,,81.11,,,,,,129750000000,92714000000,0.715,1700.44,92714000000,,,,,56.00,,,,58292340,3768240,55649827,false,false,12,2021-04-01,2022-03-31,0
2022-05-13,63490,2021-03-31,,50625000000,-0.161,,,,,-2187000000,,-217000000,,-133000000,,,-2.39,,,,,,121980000000,90233000000,0.740,1613.50,90233000000,,,,,20.00,,,,58292340,2368339,55924195,false,false,12,2020-04-01,2021-03-31,-1
2022-05-13,63490,2023-03-31,,,,,,,,,,,,,,,,,,,,,,,,,,,,,,30.00,,,,,,,false,true,12,2022-04-01,2023-03-31,1
2022-07-29,63490,2023-03-31,1,19186000000,0.030,,,,,250000000,,1265000000,,,972000000,,17.84,,,,,,161140000000,102733000000,0.637,,102618000000,,,,,,,,,,,,true,false,3,2022-04-01,2022-06-30,0
2022-07-29,63490,2022-03-31,1,18630000000,0.364,,,,,-418000000,,-128000000,,,-92000000,,-1.65,,,,,,,,,,,,,,,,,,,,,,true,false,3,2021-04-01,2021-06-30,-1
2022-07-29,63490,2023-03-31,1,47400000000,0.181,,,,,1500000000,1.942,1700000000,0.885,,1400000000,,25.68,,,,,,,,,,,,,,,,,,,,,,true,true,6,2022-04-01,2022-09-30,0
2022-07-29,63490,2023-03-31,1,92800000000,0.059,,,,,3400000000,0.499,3700000000,0.085,,2900000000,,53.19,,,,,,,,,,,,,,,,,,,,,,true,true,12,2022-04-01,2023-03-31,0
2022-07-29,63490,2022-03-31,1,,,,,,,,,,,,,,,,,,,,157081000000,103382000000,0.658,,103286000000,,,,,,,,,,,,true,false,12,2021-04-01,2022-03-31,-1
2022-07-29,63490,2022-03-31,1,,,,,,,,,,,,,,,,,,,,,,,,,,,,,56.00,,,,58292340,3768240,,false,false,12,2021-04-01,2022-03-31,-1
2022-07-29,63490,2023-03-31,1,,,,,,,,,,,,,,,,,,,,,,,,,,,,,30.00,,,,,,,false,true,12,2022-04-01,2023-03-31,0
2022-07-29,63490,2023-03-31,1,,,,,,,,,,,,,,,,,,,,,,,,,,,,,,,,,56890740,2368712,54522564,false,false,3,2022-04-01,2022-06-30,0
2022-07-29,63490,2022-03-31,1,,,,,,,,,,,,,,,,,,,,,,,,,,,,,,,,,,,55923991,false,false,3,2021-04-01,2021-06-30,-1
2022-10-27,63490,2023-03-31,,46097000000,-0.027,,,,,2726000000,0.817,4097000000,1.410,,3268000000,,59.95,,,,,,,,,,,,,,,,,,,,,,true,true,6,2022-04-01,2022-09-30,0
2022-10-27,63490,2022-03-31,,40143000000,,,,,,509000000,,901000000,,,3588000000,,64.17,,,,,,,,,,,,,,,,,,,,,,true,false,6,2021-04-01,2021-09-30,-1
2022-10-27,63490,2023-03-31,,98000000000,0.056,,,,,4400000000,0.294,5400000000,0.459,,4200000000,,77.03,,,,,,,,,,,,,,,,,,,,,,true,true,12,2022-04-01,2023-03-31,0
2022-10-27,63490,2022-03-31,,87623000000,,,,,,2267000000,,3408000000,,,6158000000,,110.67,,,,,,,,,,,,,,,,,,,,,,true,false,12,2021-04-01,2022-03-31,-1
2022-10-27,63490,2023-03-31,,71000000000,,,,,,,,6500000000,,5600000000,,,102.71,,,,,,,,,,,,,,,,,,,,,,false,true,12,2022-04-01,2023-03-31,0
2022-10-27,63490,2022-03-31,,58815000000,,,,,,,,1204000000,,4513000000,,,81.11,,,,,,,,,,,,,,,,,,,,,,false,false,12,2021-04-01,2022-03-31,-1
2022-10-28,63490,2023-03-31,2,46097000000,0.148,,,,,2726000000,4.348,4097000000,3.545,,3268000000,,59.95,,,,,,159288000000,105084000000,0.659,,104938000000,,,,,,,,,,,,true,false,6,2022-04-01,2022-09-30,0
2022-10-28,63490,2022-03-31,2,40143000000,0.184,,,,,509000000,,901000000,,,3588000000,,64.17,,,,,,,,,,,,,,,,,,,,,,true,false,6,2021-04-01,2021-09-30,-1
2022-10-28,63490,2023-03-31,2,98000000000,0.118,,,,,4400000000,0.940,5400000000,0.584,,4200000000,,77.03,,,,,,,,,,,,,,,,,,,,,,true,true,12,2022-04-01,2023-03-31,0
2022-10-28,63490,2022-03-31,2,,,,,,,,,,,,,,,,,,,,157081000000,103382000000,0.658,,103286000000,,,,,,,,,,,,true,false,12,2021-04-01,2022-03-31,-1
2022-10-28,63490,2022-03-31,2,,,,,,,,,,,,,,,,,,,,,,,,,,,,,56.00,,,,58292340,3768240,,false,false,12,2021-04-01,2022-03-31,-1
2022-10-28,63490,2023-03-31,2,,,,,,,,,,,,,,,,,,,,,,,,,,,,,15.00,,,,,,,false,false,12,2022-04-01,2023-03-31,0
2022-10-28,63490,2023-03-31,2,,,,,,,,,,,,,,,,,,,,,,,,,,,,,30.00,,,,,,,false,true,12,2022-04-01,2023-03-31,0
2022-10-28,63490,2023-03-31,2,,,,,,,,,,,,,,,,,,,,,,,,,,,,,,,,,56890740,2368741,54522332,false,false,6,2022-04-01,2022-09-30,0
2022-10-28,63490,2022-03-31,2,,,,,,,,,,,,,,,,,,,,,,,,,,,,,,,,,,,55923987,false,false,6,2021-04-01,2021-09-30,-1
2023-01-31,63490,2023-03-31,3,66498000000,0.046,,,,,2662000000,1.192,3604000000,0.856,,2839000000,,52.08,,,,,,158535000000,103490000000,0.652,,103353000000,,,,,,,,,,,,true,false,9,2022-04-01,2022-12-31,0
2023-01-31,63490,2022-03-31,3,63546000000,0.238,,,,,1214000000,,1941000000,,,4364000000,,78.10,,,,,,,,,,,,,,,,,,,,,,true,false,9,2021-04-01,2021-12-31,-1
2023-01-31,63490,2023-03-31,3,98000000000,0.118,,,,,4400000000,0.940,5400000000,0.584,,4200000000,,77.03,,,,,,,,,,,,,,,,,,,,,,true,true,12,2022-04-01,2023-03-31,0
2023-01-31,63490,2022-03-31,3,,,,,,,,,,,,,,,,,,,,157081000000,103382000000,0.658,,103286000000,,,,,,,,,,,,true,false,12,2021-04-01,2022-03-31,-1
2023-01-31,63490,2022-03-31,3,,,,,,,,,,,,,,,,,,,,,,,,,,,,,56.00,,,,58292340,3768240,,false,false,12,2021-04-01,2022-03-31,-1
2023-01-31,63490,2023-03-31,3,,,,,,,,,,,,,,,,,,,,,,,,,,,,,15.00,,,,,,,false,false,12,2022-04-01,2023-03-31,0
2023-01-31,63490,2023-03-31,3,,,,,,,,,,,,,,,,,,,,,,,,,,,,,40.00,,,,,,,false,true,12,2022-04-01,2023-03-31,0
2023-01-31,63490,2023-03-31,3,,,,,,,,,,,,,,,,,,,,,,,,,,,,,,,,,56890740,2368960,54522203,false,false,9,2022-04-01,2022-12-31,0
2023-01-31,63490,2022-03-31,3,,,,,,,,,,,,,,,,,,,,,,,,,,,,,,,,,,,55891115,false,false,9,2021-04-01,2021-12-31,-1
2023-04-27,63490,2023-03-31,,97900000000,-0.001,,,,,5800000000,0.318,6600000000,0.222,,5700000000,,104.54,,,,,,,,,,,,,,,,,,,,,,true,true,12,2022-04-01,2023-03-31,0
2023-04-27,63490,2022-03-31,,87623000000,,,,,,2267000000,,3408000000,,,6158000000,,110.67,,,,,,,,,,,,,,,,,,,,,,true,false,12,2021-04-01,2022-03-31,-1
2023-05-15,63490,2023-03-31,,97914000000,0.117,,,,,5719000000,1.522,6611000000,0.939,,5716000000,,104.85,,0.054,0.041,0.058,,165523000000,107133000000,0.646,1961.88,106965000000,4475000000,-526000000,-4077000000,60945000000,,0.429,,,,,,true,false,12,2022-04-01,2023-03-31,0
2023-05-15,63490,2022-03-31,,87623000000,0.220,,,,,2267000000,,3408000000,,,6158000000,,110.67,,0.061,0.023,0.026,,157081000000,103382000000,0.658,1894.34,103286000000,9281000000,-1379000000,-2940000000,60321000000,,0.506,,,,,,true,false,12,2021-04-01,2022-03-31,-1
2023-05-15,63490,2024-03-31,,49000000000,0.063,,,,,300000000,-0.890,300000000,-0.927,,100000000,,1.83,,,,,,,,,,,,,,,,,,,,,,true,true,6,2023-04-01,2023-09-30,1
2023-05-15,63490,2024-03-31,,102000000000,0.042,,,,,3300000000,-0.423,3500000000,-0.471,,2600000000,,47.69,,,,,,,,,,,,,,,,0.629,,,,,,true,true,12,2023-04-01,2024-03-31,1
2023-05-15,63490,2023-03-31,,70525000000,0.199,,,,,4428000000,,5445000000,3.520,7720000000,,0.711,141.60,,,,,,138298000000,98029000000,0.709,1797.99,98029000000,,,,,45.00,,,,56890740,2368980,54522102,false,false,12,2022-04-01,2023-03-31,0
2023-05-15,63490,2022-03-31,,58815000000,0.162,,,,,-159000000,,1204000000,,4513000000,,,81.11,,,,,,129750000000,92714000000,0.715,1700.44,92714000000,,,,,56.00,,,,58292340,3768240,55649827,false,false,12,2021-04-01,2022-03-31,-1
2023-05-15,63490,2024-03-31,,,,,,,,,,,,,,,,,,,,,,,,,,,,,,30.00,,,,,,,false,true,12,2023-04-01,2024-03-31,1
2023-07-31,63490,2024-03-31,1,19369000000,0.010,,,,,-698000000,,513000000,-0.594,,15000000,,0.28,,,,,,166184000000,106313000000,0.640,,106313000000,,,,,,,,,,,,true,false,3,2023-04-01,2023-06-30,0
2023-07-31,63490,2023-03-31,1,19186000000,0.030,,,,,250000000,,1265000000,,,972000000,,17.84,,,,,,,,,,,,,,,,,,,,,,true,false,3,2022-04-01,2022-06-30,-1
2023-07-31,63490,2024-03-31,1,49000000000,0.063,,,,,300000000,-0.890,300000000,-0.927,,100000000,,1.83,,,,,,,,,,,,,,,,,,,,,,true,true,6,2023-04-01,2023-09-30,0
2023-07-31,63490,2024-03-31,1,102000000000,0.042,,,,,3300000000,-0.423,3500000000,-0.471,,2600000000,,47.69,,,,,,,,,,,,,,,,,,,,,,true,true,12,2023-04-01,2024-03-31,0
2023-07-31,63490,2023-03-31,1,,,,,,,,,,,,,,,,,,,,165523000000,107133000000,0.646,,106965000000,,,,,,,,,,,,true,false,12,2022-04-01,2023-03-31,-1
2023-07-31,63490,2023-03-31,1,,,,,,,,,,,,,,,,,,,,,,,,,,,,,45.00,,,,56890740,2368980,,false,false,12,2022-04-01,2023-03-31,-1
2023-07-31,63490,2024-03-31,1,,,,,,,,,,,,,,,,,,,,,,,,,,,,,30.00,,,,,,,false,true,12,2023-04-01,2024-03-31,0
2023-07-31,63490,2024-03-31,1,,,,,,,,,,,,,,,,,,,,,,,,,,,,,,,,,56890740,2953980,54309760,false,false,3,2023-04-01,2023-06-30,0
2023-07-31,63490,2023-03-31,1,,,,,,,,,,,,,,,,,,,,,,,,,,,,,,,,,,,54522564,false,false,3,2022-04-01,2022-06-30,-1
2023-10-30,63490,2024-03-31,2,47127000000,0.022,,,,,443000000,-0.837,1983000000,-0.516,,1141000000,,21.19,,,,,,164362000000,107056000000,0.651,,107056000000,,,,,,,,,,,,true,false,6,2023-04-01,2023-09-30,0
2023-10-30,63490,2023-03-31,2,46097000000,0.148,,,,,2726000000,4.348,4097000000,3.545,,3268000000,,59.95,,,,,,,,,,,,,,,,,,,,,,true,false,6,2022-04-01,2022-09-30,-1
2023-10-30,63490,2024-03-31,2,105700000000,0.080,,,,,3300000000,-0.423,4500000000,-0.319,,3100000000,,57.57,,,,,,,,,,,,,,,,,,,,,,true,true,12,2023-04-01,2024-03-31,0
2023-10-30,63490,2023-03-31,2,,,,,,,,,,,,,,,,,,,,165523000000,107133000000,0.646,,106965000000,,,,,,,,,,,,true,false,12,2022-04-01,2023-03-31,-1
2023-10-30,63490,2023-03-31,2,,,,,,,,,,,,,,,,,,,,,,,,,,,,,45.00,,,,56890740,2368980,,false,false,12,2022-04-01,2023-03-31,-1
2023-10-30,63490,2024-03-31,2,,,,,,,,,,,,,,,,,,,,,,,,,,,,,15.00,,,,,,,false,false,12,2023-04-01,2024-03-31,0
2023-10-30,63490,2024-03-31,2,,,,,,,,,,,,,,,,,,,,,,,,,,,,,60.00,,,,,,,false,true,12,2023-04-01,2024-03-31,0
2023-10-30,63490,2024-03-31,2,,,,,,,,,,,,,,,,,,,,,,,,,,,,,,,,,56890740,3830936,53847280,false,false,6,2023-04-01,2023-09-30,0
2023-10-30,63490,2023-03-31,2,,,,,,,,,,,,,,,,,,,,,,,,,,,,,,,,,,,54522332,false,false,6,2022-04-01,2022-09-30,-1
2024-01-31,63490,2024-03-31,3,69266000000,0.042,,,,,725000000,-0.727,2201000000,-0.389,,1284000000,,23.95,,,,,,161406000000,107412000000,0.665,,107412000000,,,,,,,,,,,,true,false,9,2023-04-01,2023-12-31,0
2024-01-31,63490,2023-03-31,3,66498000000,0.046,,,,,2662000000,1.192,3604000000,0.856,,2839000000,,52.08,,,,,,,,,,,,,,,,,,,,,,true,false,9,2022-04-01,2022-12-31,-1
2024-01-31,63490,2024-03-31,3,105700000000,0.080,,,,,3300000000,-0.423,4500000000,-0.319,,3100000000,,57.57,,,,,,,,,,,,,,,,,,,,,,true,true,12,2023-04-01,2024-03-31,0
2024-01-31,63490,2023-03-31,3,,,,,,,,,,,,,,,,,,,,165523000000,107133000000,0.646,,106965000000,,,,,,,,,,,,true,false,12,2022-04-01,2023-03-31,-1
2024-01-31,63490,2023-03-31,3,,,,,,,,,,,,,,,,,,,,,,,,,,,,,45.00,,,,56890740,2368980,,false,false,12,2022-04-01,2023-03-31,-1
2024-01-31,63490,2024-03-31,3,,,,,,,,,,,,,,,,,,,,,,,,,,,,,15.00,,,,,,,false,false,12,2023-04-01,2024-03-31,0
2024-01-31,63490,2024-03-31,3,,,,,,,,,,,,,,,,,,,,,,,,,,,,,60.00,,,,,,,false,true,12,2023-04-01,2024-03-31,0
2024-01-31,63490,2024-03-31,3,,,,,,,,,,,,,,,,,,,,,,,,,,,,,,,,,55428840,2369311,53610992,false,false,9,2023-04-01,2023-12-31,0
2024-01-31,63490,2023-03-31,3,,,,,,,,,,,,,,,,,,,,,,,,,,,,,,,,,,,54522203,false,false,9,2022-04-01,2022-12-31,-1
2024-04-25,63490,2024-03-31,,104200000000,-0.014,,,,,4850000000,0.470,6750000000,0.500,,4700000000,,88.58,,,,,,,,,,,,,,,,,,,,,,true,true,12,2023-04-01,2024-03-31,0
2024-04-25,63490,2023-03-31,,97914000000,,,,,,5719000000,,6611000000,,,5716000000,,104.85,,,,,,,,,,,,,,,,,,,,,,true,false,12,2022-04-01,2023-03-31,-1
2024-05-14,63490,2024-03-31,,104278000000,0.065,,,,,4898000000,-0.143,6797000000,0.028,,4641000000,,86.79,,0.042,0.041,0.047,,167588000000,114467000000,0.683,2157.34,114467000000,-8051000000,483000000,-4874000000,49664000000,,0.691,,,,,,true,false,12,2023-04-01,2024-03-31,0
2024-05-14,63490,2023-03-31,,97914000000,0.117,,,,,5719000000,1.522,6611000000,0.939,,5716000000,,104.85,,0.054,0.041,0.058,,165523000000,107133000000,0.646,1961.88,106965000000,4475000000,-526000000,-4077000000,60945000000,,0.429,,,,,,true,false,12,2022-04-01,2023-03-31,-1
2024-05-14,63490,2025-03-31,,50200000000,0.065,,,,,1200000000,1.705,700000000,-0.647,,500000000,,9.42,,,,,,,,,,,,,,,,,,,,,,true,true,6,2024-04-01,2024-09-30,1
2024-05-14,63490,2025-03-31,,109400000000,0.049,,,,,5800000000,0.184,5400000000,-0.206,,5800000000,,109.31,,,,,,,,,,,,,,,,0.366,,,,,,true,true,12,2024-04-01,2025-03-31,1
2024-05-14,63490,2024-03-31,,71716000000,0.017,,,,,3741000000,-0.155,5972000000,0.097,6096000000,,-0.210,113.99,,,,,,138678000000,105008000000,0.757,1979.08,105008000000,,,,,60.00,,,,55428840,2369371,53483718,false,false,12,2023-04-01,2024-03-31,0
2024-05-14,63490,2023-03-31,,70525000000,0.199,,,,,4428000000,,5445000000,3.520,7720000000,,0.711,141.60,,,,,,138298000000,98029000000,0.709,1797.99,98029000000,,,,,45.00,,,,56890740,2368980,54522102,false,false,12,2022-04-01,2023-03-31,-1
2024-05-14,63490,2025-03-31,,,,,,,,,,,,,,,,,,,,,,,,,,,,,,40.00,,,,,,,false,true,12,2024-04-01,2025-03-31,1
2024-07-30,63490,2025-03-31,1,24313000000,0.255,,,,,442000000,,1111000000,1.162,,621000000,,11.72,,,,,,169974000000,112791000000,0.664,,112791000000,,,,,,,,,,,,true,false,3,2024-04-01,2024-06-30,0
2024-07-30,63490,2024-03-31,1,19369000000,0.010,,,,,-698000000,,513000000,-0.594,,15000000,,0.28,,,,,,,,,,,,,,,,,,,,,,true,false,3,2023-04-01,2023-06-30,-1
2024-07-30,63490,2025-03-31,1,50200000000,0.065,,,,,1200000000,1.705,700000000,-0.647,,500000000,,9.42,,,,,,,,,,,,,,,,,,,,,,true,true,6,2024-04-01,2024-09-30,0
2024-07-30,63490,2025-03-31,1,109400000000,0.049,,,,,5800000000,0.184,5400000000,-0.206,,5800000000,,109.31,,,,,,,,,,,,,,,,,,,,,,true,true,12,2024-04-01,2025-03-31,0
2024-07-30,63490,2024-03-31,1,,,,,,,,,,,,,,,,,,,,167588000000,114467000000,0.683,,114467000000,,,,,,,,,,,,true,false,12,2023-04-01,2024-03-31,-1
2024-07-30,63490,2024-03-31,1,,,,,,,,,,,,,,,,,,,,,,,,,,,,,60.00,,,,55428840,2369371,,false,false,12,2023-04-01,2024-03-31,-1
2024-07-30,63490,2025-03-31,1,,,,,,,,,,,,,,,,,,,,,,,,,,,,,40.00,,,,,,,false,true,12,2024-04-01,2025-03-31,0
2024-07-30,63490,2025-03-31,1,,,,,,,,,,,,,,,,,,,,,,,,,,,,,,,,,55428840,2369499,53059434,false,false,3,2024-04-01,2024-06-30,0
2024-07-30,63490,2024-03-31,1,,,,,,,,,,,,,,,,,,,,,,,,,,,,,,,,,,,54309760,false,false,3,2023-04-01,2023-06-30,-1
2024-10-31,63490,2025-03-31,2,50135000000,0.064,,,,,1306000000,1.945,1406000000,-0.291,,1005000000,,18.95,,,,,,164816000000,109975000000,0.667,,109975000000,,,,,,,,,,,,true,false,6,2024-04-01,2024-09-30,0
2024-10-31,63490,2024-03-31,2,47127000000,0.022,,,,,443000000,-0.837,1983000000,-0.516,,1141000000,,21.19,,,,,,,,,,,,,,,,,,,,,,true,false,6,2023-04-01,2023-09-30,-1
2024-10-31,63490,2025-03-31,2,113300000000,0.087,,,,,6700000000,0.368,6800000000,0.000,,6100000000,,114.97,,,,,,,,,,,,,,,,,,,,,,true,true,12,2024-04-01,2025-03-31,0
2024-10-31,63490,2024-03-31,2,,,,,,,,,,,,,,,,,,,,167588000000,114467000000,0.683,,114467000000,,,,,,,,,,,,true,false,12,2023-04-01,2024-03-31,-1
2024-10-31,63490,2024-03-31,2,,,,,,,,,,,,,,,,,,,,,,,,,,,,,60.00,,,,55428840,2369371,,false,false,12,2023-04-01,2024-03-31,-1
2024-10-31,63490,2025-03-31,2,,,,,,,,,,,,,,,,,,,,,,,,,,,,,20.00,,,,,,,false,false,12,2024-04-01,2025-03-31,0
2024-10-31,63490,2025-03-31,2,,,,,,,,,,,,,,,,,,,,,,,,,,,,,50.00,,,,,,,false,true,12,2024-04-01,2025-03-31,0
2024-10-31,63490,2025-03-31,2,,,,,,,,,,,,,,,,,,,,,,,,,,,,,,,,,55428840,2369519,53059391,false,false,6,2024-04-01,2024-09-30,0
2024-10-31,63490,2024-03-31,2,,,,,,,,,,,,,,,,,,,,,,,,,,,,,,,,,,,53847280,false,false,6,2023-04-01,2023-09-30,-1
2025-01-30,63490,2025-03-31,3,76811000000,0.109,,,,,3334000000,3.593,3899000000,0.771,,2913000000,,54.90,,,,,,167871000000,111862000000,0.666,,111862000000,,,,,,,,,,,,true,false,9,2024-04-01,2024-12-31,0
2025-01-30,63490,2024-03-31,3,69266000000,0.042,,,,,725000000,-0.727,2201000000,-0.389,,1284000000,,23.95,,,,,,,,,,,,,,,,,,,,,,true,false,9,2023-04-01,2023-12-31,-1
2025-01-30,63490,2025-03-31,3,113300000000,0.087,,,,,6700000000,0.368,6800000000,0.000,,6100000000,,114.97,,,,,,,,,,,,,,,,,,,,,,true,true,12,2024-04-01,2025-03-31,0
2025-01-30,63490,2024-03-31,3,,,,,,,,,,,,,,,,,,,,167588000000,114467000000,0.683,,114467000000,,,,,,,,,,,,true,false,12,2023-04-01,2024-03-31,-1
2025-01-30,63490,2024-03-31,3,,,,,,,,,,,,,,,,,,,,,,,,,,,,,60.00,,,,55428840,2369371,,false,false,12,2023-04-01,2024-03-31,-1
2025-01-30,63490,2025-03-31,3,,,,,,,,,,,,,,,,,,,,,,,,,,,,,20.00,,,,,,,false,false,12,2024-04-01,2025-03-31,0
2025-01-30,63490,2025-03-31,3,,,,,,,,,,,,,,,,,,,,,,,,,,,,,55.00,,,,,,,false,true,12,2024-04-01,2025-03-31,0
2025-01-30,63490,2025-03-31,3,,,,,,,,,,,,,,,,,,,,,,,,,,,,,,,,,55428840,2369614,53059346,false,false,9,2024-04-01,2024-12-31,0
2025-01-30,63490,2024-03-31,3,,,,,,,,,,,,,,,,,,,,,,,,,,,,,,,,,,,53610992,false,false,9,2023-04-01,2023-12-31,-1
2025-04-25,63490,2025-03-31,,110900000000,-0.021,,,,,7000000000,0.045,7500000000,0.103,,7200000000,,135.70,,,,,,,,,,,,,,,,,,,,,,true,true,12,2024-04-01,2025-03-31,0
2025-04-25,63490,2024-03-31,,104278000000,,,,,,4898000000,,6797000000,,,4641000000,,86.79,,,,,,,,,,,,,,,,,,,,,,true,false,12,2023-04-01,2024-03-31,-1
,63490,2025-03-31,,,,,,,,,,,,,,,,,,,,,,,,,,,,,,68.00,,,,,,,false,true,12,2024-04-01,2025-03-31,0
,63490,2025-03-31,,,,,,,,,,,,,,,,,,,,,,,,,,,,,,20.00,,,,,,,false,false,12,2024-04-01,2025-03-31,0
,63490,2024-03-31,,,,,,,,,,,,,,,,,,,,,,,,,,,,,,60.00,,,,,,,false,false,12,2023-04-01,2024-03-31,-1
2025-05-14,63490,2025-03-31,,111050000000,0.065,,,,,7118000000,0.453,7617000000,0.121,,7248000000,,136.62,,0.063,0.045,0.064,,172915000000,115499000000,0.668,2176.81,115499000000,17018000000,-4781000000,-4310000000,57400000000,,0.498,,,,,,true,false,12,2024-04-01,2025-03-31,0
2025-05-14,63490,2024-03-31,,104278000000,0.065,,,,,4898000000,-0.143,6797000000,0.028,,4641000000,,86.79,,0.042,0.041,0.047,,167588000000,114467000000,0.683,2157.34,114467000000,-8051000000,483000000,-4874000000,49664000000,,0.691,,,,,,true,false,12,2023-04-01,2024-03-31,-1
2025-05-14,63490,2026-03-31,,58600000000,0.169,,,,,3800000000,1.909,3700000000,1.631,,2600000000,,49.00,,,,,,,,,,,,,,,,,,,,,,true,true,6,2025-04-01,2025-09-30,1
2025-05-14,63490,2026-03-31,,124500000000,0.121,,,,,9100000000,0.278,8900000000,0.168,,6400000000,,120.62,,,,,,,,,,,,,,,,0.580,,,,,,true,true,12,2025-04-01,2026-03-31,1
2025-05-14,63490,2025-03-31,,78062000000,0.088,,,,,6700000000,0.791,7821000000,0.310,7913000000,,0.298,149.15,,,,,,142616000000,105944000000,0.743,1996.73,105944000000,,,,,68.00,,,,53478840,419711,53059299,false,false,12,2024-04-01,2025-03-31,0
2025-05-14,63490,2024-03-31,,71716000000,0.017,,,,,3741000000,-0.155,5972000000,0.097,6096000000,,-0.210,113.99,,,,,,138678000000,105008000000,0.757,1979.08,105008000000,,,,,60.00,,,,55428840,2369371,53483718,false,false,12,2023-04-01,2024-03-31,-1
2025-05-14,63490,2026-03-31,,,,,,,,,,,,,,,,,,,,,,,,,,,,,,70.00,,,,,,,false,true,12,2025-04-01,2026-03-31,1
