filing_date,code,fiscal_year_end,quarterly_period,net_sales,net_sales_change,revenue,revenue_change,operating_revenue,operating_revenue_change,operating_profit,operating_profit_change,ordinary_profit,ordinary_profit_change,net_income,net_income_of_parent,net_income_change,eps,diluted_eps,roe,roa,operating_profit_to_net_sales,operating_profit_to_revenue,total_assets,net_assets,equity_ratio,bps,owner_equity,operating_cash_flow,investing_cash_flow,financing_cash_flow,cash,dividend_per_share,payout_ratio,commemorative_dividend,extra_dividend,number_of_shares,number_of_treqsury_shares,avg_number_of_shares,is_consolidated,is_forecast,duration,period_start,period_end,period_pos
2015-05-15,63600,2015-03-31,,7812000000,-0.046,,,,,284000000,2.745,390000000,1.458,298000000,,1.478,20.72,,0.096,0.040,0.036,,11366000000,3320000000,0.292,230.50,3320000000,2894000000,-108000000,-253000000,3483000000,4.00,0.193,,,14520000,114301,14408010,false,false,12,2014-04-01,2015-03-31,0
2015-05-15,63600,2014-03-31,,8188000000,0.066,,,,,76000000,-0.136,158000000,-0.114,120000000,,-0.224,8.36,,0.044,0.019,0.009,,8188000000,2773000000,0.339,192.44,2773000000,734000000,-64000000,-466000000,949000000,4.00,0.478,,,14520000,108872,14417846,false,false,12,2013-04-01,2014-03-31,-1
2015-05-15,63600,2016-03-31,,7500000000,-0.040,,,,,150000000,-0.473,250000000,-0.360,200000000,,-0.330,13.88,,,,,,,,,,,,,,,4.00,0.288,,,,,,false,true,12,2015-04-01,2016-03-31,1
2015-07-31,63600,2016-03-31,1,2126000000,0.833,,,,,77000000,2.495,124000000,0.983,82000000,,0.431,5.75,,,,,,10583000000,3486000000,0.329,,3486000000,,,,,,,,,14520000,114771,14405346,false,false,3,2015-04-01,2015-06-30,0
2015-07-31,63600,2015-03-31,1,1160000000,-0.187,,,,,22000000,1.088,62000000,0.361,57000000,,0.381,4.02,,,,,,,,,,,,,,,,,,,,,14410757,false,false,3,2014-04-01,2014-06-30,-1
2015-07-31,63600,2016-03-31,1,7500000000,-0.040,,,,,150000000,-0.473,250000000,-0.360,200000000,,-0.330,13.88,,,,,,,,,,,,,,,4.00,,,,,,,false,true,12,2015-04-01,2016-03-31,0
2015-07-31,63600,2015-03-31,1,,,,,,,,,,,,,,,,,,,,11366000000,3320000000,0.292,,3320000000,,,,,4.00,,,,14520000,114301,,false,false,12,2014-04-01,2015-03-31,-1
2015-10-30,63600,2016-03-31,2,4778000000,0.704,,,,,235000000,2.048,311000000,1.465,208000000,,0.794,14.50,,,,,,9602000000,3455000000,0.360,,3455000000,,,,,,,,,14520000,120977,14402885,false,false,6,2015-04-01,2015-09-30,0
2015-10-30,63600,2015-03-31,2,2803000000,-0.150,,,,,77000000,2.779,126000000,0.844,116000000,,0.916,8.08,,,,,,,,,,,,,,,,,,,,,14409548,false,false,6,2014-04-01,2014-09-30,-1
2015-10-30,63600,2016-03-31,2,7500000000,-0.040,,,,,150000000,-0.473,250000000,-0.360,200000000,,-0.330,13.88,,,,,,,,,,,,,,,4.00,,,,,,,false,true,12,2015-04-01,2016-03-31,0
2015-10-30,63600,2015-03-31,2,,,,,,,,,,,,,,,,,,,,11366000000,3320000000,0.292,,3320000000,,,,,4.00,,,,14520000,114301,,false,false,12,2014-04-01,2015-03-31,-1
2016-01-27,63600,2016-03-31,,8700000000,0.160,,,,,330000000,1.200,450000000,0.800,210000000,,0.050,14.59,,,,,,,,,,,,,,,,,,,,,,false,true,12,2015-04-01,2016-03-31,0
2016-01-27,63600,2015-03-31,,7812000000,,,,,,284000000,,390000000,,298000000,,,20.72,,,,,,,,,,,,,,,,,,,,,,false,false,12,2014-04-01,2015-03-31,-1
2016-01-29,63600,2016-03-31,3,6758000000,0.252,,,,,310000000,0.545,422000000,0.431,128000000,,-0.507,8.92,,,,,,9825000000,3493000000,0.356,,3493000000,,,,,,,,,14520000,122311,14401458,false,false,9,2015-04-01,2015-12-31,0
2016-01-29,63600,2015-03-31,3,5396000000,-0.061,,,,,201000000,2.196,294000000,1.136,260000000,,1.074,18.10,,,,,,,,,,,,,,,,,,,,,14408675,false,false,9,2014-04-01,2014-12-31,-1
2016-01-29,63600,2016-03-31,3,8700000000,0.114,,,,,330000000,0.159,450000000,0.153,210000000,,-0.297,14.59,,,,,,,,,,,,,,,4.00,,,,,,,false,true,12,2015-04-01,2016-03-31,0
2016-01-29,63600,2015-03-31,3,,,,,,,,,,,,,,,,,,,,11366000000,3320000000,0.292,,3320000000,,,,,4.00,,,,14520000,114301,,false,false,12,2014-04-01,2015-03-31,-1
2016-05-13,63600,2016-03-31,,8999000000,0.152,,,,,360000000,0.265,503000000,0.289,162000000,,-0.455,11.30,,0.048,0.048,0.040,,9771000000,3438000000,0.352,238.83,3438000000,-2264000000,-52000000,90000000,1257000000,4.00,0.354,,,14520000,123217,14400427,false,false,12,2015-04-01,2016-03-31,0
2016-05-13,63600,2015-03-31,,7812000000,-0.046,,,,,284000000,2.745,390000000,1.458,298000000,,1.478,20.72,,0.096,0.040,0.036,,11366000000,3320000000,0.292,230.50,3320000000,2894000000,-108000000,-253000000,3483000000,4.00,0.193,,,14520000,114301,14408010,false,false,12,2014-04-01,2015-03-31,-1
2016-05-13,63600,2017-03-31,,7500000000,-0.167,,,,,150000000,-0.583,250000000,-0.503,170000000,,0.045,11.81,,,,,,,,,,,,,,,4.00,0.339,,,,,,false,true,12,2016-04-01,2017-03-31,1
2016-07-29,63600,2017-03-31,1,1158000000,-0.455,,,,,-66000000,,-19000000,,-16000000,,,-1.13,,,,,,8880000000,3342000000,0.376,,3342000000,,,,,,,,,14520000,123257,14396763,false,false,3,2016-04-01,2016-06-30,0
2016-07-29,63600,2016-03-31,1,2126000000,0.833,,,,,77000000,2.495,124000000,0.983,82000000,,0.431,5.75,,,,,,,,,,,,,,,,,,,,,14405346,false,false,3,2015-04-01,2015-06-30,-1
2016-07-29,63600,2017-03-31,1,7500000000,-0.167,,,,,150000000,-0.583,250000000,-0.503,170000000,,0.045,11.81,,,,,,,,,,,,,,,4.00,,,,,,,false,true,12,2016-04-01,2017-03-31,0
2016-07-29,63600,2016-03-31,1,,,,,,,,,,,,,,,,,,,,9771000000,3438000000,0.352,,3438000000,,,,,4.00,,,,14520000,123217,,false,false,12,2015-04-01,2016-03-31,-1
2016-10-28,63600,2017-03-31,2,2963000000,-0.380,,,,,31000000,-0.866,103000000,-0.668,62000000,,-0.700,4.35,,,,,,9045000000,3451000000,0.382,,3451000000,,,,,,,,,14520000,124525,14396290,false,false,6,2016-04-01,2016-09-30,0
2016-10-28,63600,2016-03-31,2,4778000000,0.704,,,,,235000000,2.048,311000000,1.465,208000000,,0.794,14.50,,,,,,,,,,,,,,,,,,,,,14402885,false,false,6,2015-04-01,2015-09-30,-1
2016-10-28,63600,2017-03-31,2,7500000000,-0.167,,,,,150000000,-0.583,250000000,-0.503,170000000,,0.045,11.81,,,,,,,,,,,,,,,4.00,,,,,,,false,true,12,2016-04-01,2017-03-31,0
2016-10-28,63600,2016-03-31,2,,,,,,,,,,,,,,,,,,,,9771000000,3438000000,0.352,,3438000000,,,,,4.00,,,,14520000,123217,,false,false,12,2015-04-01,2016-03-31,-1
2017-01-31,63600,2017-03-31,3,4366000000,-0.354,,,,,41000000,-0.868,150000000,-0.643,118000000,,-0.080,8.21,,,,,,9754000000,3616000000,0.371,,3616000000,,,,,,,,,14520000,126485,14395791,false,false,9,2016-04-01,2016-12-31,0
2017-01-31,63600,2016-03-31,3,6758000000,0.252,,,,,310000000,0.545,422000000,0.431,128000000,,-0.507,8.92,,,,,,,,,,,,,,,,,,,,,14401458,false,false,9,2015-04-01,2015-12-31,-1
2017-01-31,63600,2017-03-31,3,7500000000,-0.167,,,,,150000000,-0.583,250000000,-0.503,170000000,,0.045,11.81,,,,,,,,,,,,,,,4.00,,,,,,,false,true,12,2016-04-01,2017-03-31,0
2017-01-31,63600,2016-03-31,3,,,,,,,,,,,,,,,,,,,,9771000000,3438000000,0.352,,3438000000,,,,,4.00,,,,14520000,123217,,false,false,12,2015-04-01,2016-03-31,-1
2017-04-28,63600,2017-03-31,,7567000000,0.009,,,,,207000000,0.386,351000000,0.405,266000000,,0.570,18.54,,,,,,,,,,,,,,,,,,,,,,false,true,12,2016-04-01,2017-03-31,0
2017-04-28,63600,2016-03-31,,8999000000,,,,,,360000000,,503000000,,162000000,,,11.30,,,,,,,,,,,,,,,,,,,,,,false,false,12,2015-04-01,2016-03-31,-1
2017-05-12,63600,2017-03-31,,7567000000,-0.159,,,,,207000000,-0.423,351000000,-0.302,266000000,,0.640,18.54,,0.074,0.038,0.027,,8951000000,3779000000,0.422,262.56,3779000000,267000000,-24000000,-558000000,941000000,4.00,0.216,,,14520000,126798,14395218,false,false,12,2016-04-01,2017-03-31,0
2017-05-12,63600,2016-03-31,,8999000000,0.152,,,,,360000000,0.265,503000000,0.289,162000000,,-0.455,11.30,,0.048,0.048,0.040,,9771000000,3438000000,0.352,238.83,3438000000,-2264000000,-52000000,90000000,1257000000,4.00,0.354,,,14520000,123217,14400427,false,false,12,2015-04-01,2016-03-31,-1
2017-05-12,63600,2018-03-31,,7500000000,-0.009,,,,,150000000,-0.278,270000000,-0.231,180000000,,-0.326,125.06,,,,,,,,,,,,,,,40.00,0.320,,,,,,false,true,12,2017-04-01,2018-03-31,1
2017-07-28,63600,2018-03-31,1,1102000000,-0.048,,,,,-70000000,,-31000000,,-24000000,,,-1.72,,,,,,9034000000,3761000000,0.416,,3761000000,,,,,,,,,14520000,127008,14393044,false,false,3,2017-04-01,2017-06-30,0
2017-07-28,63600,2017-03-31,1,1158000000,-0.455,,,,,-66000000,,-19000000,,-16000000,,,-1.13,,,,,,,,,,,,,,,,,,,,,14396763,false,false,3,2016-04-01,2016-06-30,-1
2017-07-28,63600,2018-03-31,1,7500000000,-0.009,,,,,150000000,-0.278,270000000,-0.231,180000000,,-0.326,125.06,,,,,,,,,,,,,,,40.00,,,,,,,false,true,12,2017-04-01,2018-03-31,0
2017-07-28,63600,2017-03-31,1,,,,,,,,,,,,,,,,,,,,8951000000,3779000000,0.422,,3779000000,,,,,4.00,,,,14520000,126798,,false,false,12,2016-04-01,2017-03-31,-1
2017-10-27,63600,2018-03-31,2,2932000000,-0.011,,,,,61000000,0.938,130000000,0.261,86000000,,0.385,60.27,,,,,,9272000000,3888000000,0.419,,3888000000,,,,,,,,,1452000,12853,1439262,false,false,6,2017-04-01,2017-09-30,0
2017-10-27,63600,2017-03-31,2,2963000000,-0.380,,,,,31000000,-0.866,103000000,-0.668,62000000,,-0.700,43.52,,,,,,,,,,,,,,,,,,,,,1439629,false,false,6,2016-04-01,2016-09-30,-1
2017-10-27,63600,2018-03-31,2,7500000000,-0.009,,,,,150000000,-0.278,270000000,-0.231,180000000,,-0.326,125.06,,,,,,,,,,,,,,,40.00,,,,,,,false,true,12,2017-04-01,2018-03-31,0
2017-10-27,63600,2017-03-31,2,,,,,,,,,,,,,,,,,,,,8951000000,3779000000,0.422,,3779000000,,,,,4.00,,,,1452000,12679,,false,false,12,2016-04-01,2017-03-31,-1
2018-01-30,63600,2018-03-31,3,4985000000,0.142,,,,,167000000,3.072,266000000,0.772,180000000,,0.524,125.14,,,,,,10776000000,4153000000,0.385,,4153000000,,,,,,,,,1452000,13010,1439205,false,false,9,2017-04-01,2017-12-31,0
2018-01-30,63600,2017-03-31,3,4366000000,-0.354,,,,,41000000,-0.868,150000000,-0.643,118000000,,-0.080,82.09,,,,,,,,,,,,,,,,,,,,,1439579,false,false,9,2016-04-01,2016-12-31,-1
2018-01-30,63600,2018-03-31,3,7500000000,-0.009,,,,,150000000,-0.278,270000000,-0.231,180000000,,-0.326,125.06,,,,,,,,,,,,,,,40.00,,,,,,,false,true,12,2017-04-01,2018-03-31,0
2018-01-30,63600,2017-03-31,3,,,,,,,,,,,,,,,,,,,,8951000000,3779000000,0.422,,3779000000,,,,,4.00,,,,1452000,12679,,false,false,12,2016-04-01,2017-03-31,-1
2018-04-27,63600,2018-03-31,,7600000000,0.013,,,,,,,353000000,0.311,241000000,,0.343,167.97,,,,,,,,,,,,,,,,,,,,,,false,true,12,2017-04-01,2018-03-31,0
2018-04-27,63600,2017-03-31,,7567000000,,,,,,,,351000000,,266000000,,,18.54,,,,,,,,,,,,,,,,,,,,,,false,false,12,2016-04-01,2017-03-31,-1
2018-05-11,63600,2018-03-31,,7600000000,0.004,,,,,220000000,0.062,353000000,0.008,241000000,,-0.094,167.97,,0.061,0.036,0.029,,10947000000,4120000000,0.376,2863.25,4120000000,1039000000,-75000000,-68000000,1836000000,40.00,0.238,,,1452000,13020,1439154,false,false,12,2017-04-01,2018-03-31,0
2018-05-11,63600,2017-03-31,,7567000000,-0.159,,,,,207000000,-0.423,351000000,-0.302,266000000,,0.640,185.42,,0.074,0.038,0.027,,8951000000,3779000000,0.422,2625.58,3779000000,267000000,-24000000,-558000000,941000000,4.00,0.216,,,1452000,12679,1439522,false,false,12,2016-04-01,2017-03-31,-1
2018-05-11,63600,2019-03-31,,9000000000,0.184,,,,,260000000,0.178,400000000,0.130,280000000,,0.158,194.58,,,,,,,,,,,,,,,40.00,0.206,,,,,,false,true,12,2018-04-01,2019-03-31,1
2018-07-27,63600,2019-03-31,1,1230000000,0.116,,,,,-120000000,,-72000000,,-53000000,,,-37.04,,,,,,10762000000,4049000000,0.376,,4049000000,,,,,,,,,1452000,13020,1438980,false,false,3,2018-04-01,2018-06-30,0
2018-07-27,63600,2018-03-31,1,1102000000,-0.048,,,,,-70000000,,-31000000,,-24000000,,,-17.18,,,,,,,,,,,,,,,,,,,,,1439304,false,false,3,2017-04-01,2017-06-30,-1
2018-07-27,63600,2019-03-31,1,9000000000,0.184,,,,,260000000,0.178,400000000,0.130,280000000,,0.158,194.58,,,,,,,,,,,,,,,40.00,,,,,,,false,true,12,2018-04-01,2019-03-31,0
2018-07-27,63600,2018-03-31,1,,,,,,,,,,,,,,,,,,,,10836000000,4120000000,0.380,,4120000000,,,,,40.00,,,,1452000,13020,,false,false,12,2017-04-01,2018-03-31,-1
2018-11-02,63600,2019-03-31,2,3891000000,0.327,,,,,53000000,-0.116,139000000,0.066,95000000,,0.098,66.68,,,,,,11078000000,4132000000,0.373,,4132000000,,,,,,,,,1452000,52240,1427785,false,false,6,2018-04-01,2018-09-30,0
2018-11-02,63600,2018-03-31,2,2932000000,-0.011,,,,,61000000,0.938,130000000,0.261,86000000,,0.385,60.27,,,,,,,,,,,,,,,,,,,,,1439262,false,false,6,2017-04-01,2017-09-30,-1
2018-11-02,63600,2019-03-31,2,9000000000,0.184,,,,,260000000,0.178,400000000,0.130,280000000,,0.158,194.58,,,,,,,,,,,,,,,40.00,,,,,,,false,true,12,2018-04-01,2019-03-31,0
2018-11-02,63600,2018-03-31,2,,,,,,,,,,,,,,,,,,,,10836000000,4120000000,0.380,,4120000000,,,,,40.00,,,,1452000,13020,,false,false,12,2017-04-01,2018-03-31,-1
2019-02-01,63600,2019-03-31,3,6473000000,0.298,,,,,18000000,-0.891,136000000,-0.490,90000000,,-0.499,63.58,,,,,,11622000000,3884000000,0.334,,3884000000,,,,,,,,,1452000,52306,1419364,false,false,9,2018-04-01,2018-12-31,0
2019-02-01,63600,2018-03-31,3,4985000000,0.142,,,,,167000000,3.072,266000000,0.772,180000000,,0.524,125.14,,,,,,,,,,,,,,,,,,,,,1439205,false,false,9,2017-04-01,2017-12-31,-1
2019-02-01,63600,2019-03-31,3,9000000000,0.184,,,,,260000000,0.178,400000000,0.130,280000000,,0.158,194.58,,,,,,,,,,,,,,,40.00,,,,,,,false,true,12,2018-04-01,2019-03-31,0
2019-02-01,63600,2018-03-31,3,,,,,,,,,,,,,,,,,,,,10836000000,4120000000,0.380,,4120000000,,,,,40.00,,,,1452000,13020,,false,false,12,2017-04-01,2018-03-31,-1
2019-04-26,63600,2019-03-31,,11650000000,0.294,,,,,617000000,1.373,765000000,0.913,538000000,,0.921,380.73,,,,,,,,,,,,,,,,,,,,,,false,true,12,2018-04-01,2019-03-31,0
2019-04-26,63600,2018-03-31,,7600000000,,,,,,220000000,,353000000,,241000000,,,167.97,,,,,,,,,,,,,,,,,,,,,,false,false,12,2017-04-01,2018-03-31,-1
2019-05-10,63600,2019-03-31,,11650000000,0.533,,,,,617000000,1.796,765000000,1.162,538000000,,1.228,380.73,,0.127,0.066,0.053,,12397000000,4383000000,0.354,3131.54,4383000000,-980000000,-98000000,152000000,910000000,40.00,0.105,,,1452000,52306,1414825,false,false,12,2018-04-01,2019-03-31,0
2019-05-10,63600,2018-03-31,,7600000000,0.004,,,,,220000000,0.062,353000000,0.008,241000000,,-0.094,167.97,,0.061,0.036,0.029,,10836000000,4120000000,0.380,2863.25,4120000000,1039000000,-75000000,-68000000,1836000000,40.00,0.238,,,1452000,13020,1439154,false,false,12,2017-04-01,2018-03-31,-1
2019-05-10,63600,2020-03-31,,10000000000,-0.142,,,,,400000000,-0.352,500000000,-0.347,310000000,,-0.424,221.48,,,,,,,,,,,,,,,50.00,0.226,,,,,,false,true,12,2019-04-01,2020-03-31,1
2019-08-02,63600,2020-03-31,1,2272000000,0.847,,,,,52000000,,99000000,,47000000,,,33.73,,,,,,12158000000,4348000000,0.358,,4348000000,,,,,,,,,1452000,52306,1399694,false,false,3,2019-04-01,2019-06-30,0
2019-08-02,63600,2019-03-31,1,1230000000,0.116,,,,,-120000000,,-72000000,,-53000000,,,-37.04,,,,,,,,,,,,,,,,,,,,,1438980,false,false,3,2018-04-01,2018-06-30,-1
2019-08-02,63600,2020-03-31,1,10000000000,-0.142,,,,,400000000,-0.352,500000000,-0.347,310000000,,-0.424,221.48,,,,,,,,,,,,,,,50.00,,,,,,,false,true,12,2019-04-01,2020-03-31,0
2019-08-02,63600,2019-03-31,1,,,,,,,,,,,,,,,,,,,,12397000000,4383000000,0.354,,4383000000,,,,,40.00,,,,1452000,52306,,false,false,12,2018-04-01,2019-03-31,-1
2019-11-05,63600,2020-03-31,2,5207000000,0.338,,,,,204000000,2.792,286000000,1.059,178000000,,0.873,127.38,,,,,,12021000000,4559000000,0.379,,4559000000,,,,,,,,,1452000,52385,1399673,false,false,6,2019-04-01,2019-09-30,0
2019-11-05,63600,2019-03-31,2,3891000000,0.327,,,,,53000000,-0.116,139000000,0.066,95000000,,0.098,66.68,,,,,,,,,,,,,,,,,,,,,1427785,false,false,6,2018-04-01,2018-09-30,-1
2019-11-05,63600,2020-03-31,2,10000000000,-0.142,,,,,400000000,-0.352,500000000,-0.347,310000000,,-0.424,221.48,,,,,,,,,,,,,,,50.00,,,,,,,false,true,12,2019-04-01,2020-03-31,0
2019-11-05,63600,2019-03-31,2,,,,,,,,,,,,,,,,,,,,12397000000,4383000000,0.354,,4383000000,,,,,40.00,,,,1452000,52306,,false,false,12,2018-04-01,2019-03-31,-1
2020-01-29,63600,2020-03-31,,11500000000,0.150,,,,,650000000,0.625,780000000,0.560,550000000,,0.774,392.96,,,,,,,,,,,,,,,,,,,,,,false,true,12,2019-04-01,2020-03-31,0
2020-01-29,63600,2019-03-31,,11650000000,,,,,,617000000,,765000000,,538000000,,,380.73,,,,,,,,,,,,,,,,,,,,,,false,false,12,2018-04-01,2019-03-31,-1
2020-01-31,63600,2020-03-31,3,8948000000,0.382,,,,,585000000,,700000000,4.147,472000000,,4.230,337.25,,,,,,12190000000,4942000000,0.405,,4942000000,,,,,,,,,1452000,52479,1399644,false,false,9,2019-04-01,2019-12-31,0
2020-01-31,63600,2019-03-31,3,6473000000,0.298,,,,,18000000,-0.891,136000000,-0.490,90000000,,-0.499,63.58,,,,,,,,,,,,,,,,,,,,,1419364,false,false,9,2018-04-01,2018-12-31,-1
2020-01-31,63600,2020-03-31,3,11500000000,-0.013,,,,,650000000,0.053,780000000,0.019,550000000,,0.021,392.96,,,,,,,,,,,,,,,50.00,,,,,,,false,true,12,2019-04-01,2020-03-31,0
2020-01-31,63600,2019-03-31,3,,,,,,,,,,,,,,,,,,,,12397000000,4383000000,0.354,,4383000000,,,,,40.00,,,,1452000,52306,,false,false,12,2018-04-01,2019-03-31,-1
2020-05-12,63600,2020-03-31,,12337000000,0.059,,,,,778000000,0.262,936000000,0.223,642000000,,0.192,458.80,,0.140,0.075,0.063,,12701000000,4792000000,0.377,3424.68,4792000000,708000000,-126000000,-406000000,1085000000,50.00,0.109,,,1452000,52484,1399614,false,false,12,2019-04-01,2020-03-31,0
2020-05-12,63600,2019-03-31,,11650000000,0.533,,,,,617000000,1.796,765000000,1.162,538000000,,1.228,380.73,,0.127,0.066,0.053,,12397000000,4383000000,0.354,3131.54,4383000000,-980000000,-98000000,152000000,910000000,40.00,0.105,,,1452000,52306,1414825,false,false,12,2018-04-01,2019-03-31,-1
2020-07-31,63600,2021-03-31,1,2048000000,-0.099,,,,,101000000,0.942,148000000,0.492,103000000,,1.200,74.20,,,,,,11931000000,4875000000,0.409,,4875000000,,,,,,,,,1452000,52495,1399508,false,false,3,2020-04-01,2020-06-30,0
2020-07-31,63600,2020-03-31,1,2272000000,0.847,,,,,52000000,,99000000,,47000000,,,33.73,,,,,,,,,,,,,,,,,,,,,1399694,false,false,3,2019-04-01,2019-06-30,-1
2020-07-31,63600,2021-03-31,1,9000000000,-0.271,,,,,200000000,-0.743,300000000,-0.680,165000000,,-0.743,117.90,,,,,,,,,,,,,,,40.00,,,,,,,false,true,12,2020-04-01,2021-03-31,0
2020-07-31,63600,2020-03-31,1,,,,,,,,,,,,,,,,,,,,12701000000,4792000000,0.377,,4792000000,,,,,50.00,,,,1452000,52484,,false,false,12,2019-04-01,2020-03-31,-1
2020-10-30,63600,2021-03-31,2,4645000000,-0.108,,,,,118000000,-0.423,207000000,-0.275,143000000,,-0.197,102.29,,,,,,11143000000,4945000000,0.444,,4945000000,,,,,,,,,1452000,51805,1399806,false,false,6,2020-04-01,2020-09-30,0
2020-10-30,63600,2020-03-31,2,5207000000,0.338,,,,,204000000,2.792,286000000,1.059,178000000,,0.873,127.38,,,,,,,,,,,,,,,,,,,,,1399673,false,false,6,2019-04-01,2019-09-30,-1
2020-10-30,63600,2021-03-31,2,9000000000,-0.271,,,,,200000000,-0.743,300000000,-0.680,165000000,,-0.743,117.90,,,,,,,,,,,,,,,40.00,,,,,,,false,true,12,2020-04-01,2021-03-31,0
2020-10-30,63600,2020-03-31,2,,,,,,,,,,,,,,,,,,,,12701000000,4792000000,0.377,,4792000000,,,,,50.00,,,,1452000,52484,,false,false,12,2019-04-01,2020-03-31,-1
2021-01-29,63600,2021-03-31,3,8016000000,-0.104,,,,,549000000,-0.062,677000000,-0.032,478000000,,0.014,341.84,,,,,,11086000000,5297000000,0.478,,5297000000,,,,,,,,,1452000,51848,1399918,false,false,9,2020-04-01,2020-12-31,0
2021-01-29,63600,2020-03-31,3,8948000000,0.382,,,,,585000000,,700000000,4.147,472000000,,4.230,337.25,,,,,,,,,,,,,,,,,,,,,1399644,false,false,9,2019-04-01,2019-12-31,-1
2021-01-29,63600,2021-03-31,3,10000000000,-0.189,,,,,500000000,-0.358,600000000,-0.359,390000000,,-0.393,278.59,,,,,,,,,,,,,,,40.00,,,,,,,false,true,12,2020-04-01,2021-03-31,0
2021-01-29,63600,2020-03-31,3,,,,,,,,,,,,,,,,,,,,12701000000,4792000000,0.377,,4792000000,,,,,50.00,,,,1452000,52484,,false,false,12,2019-04-01,2020-03-31,-1
2021-01-29,63600,2021-03-31,,10000000000,0.111,,,,,500000000,1.500,600000000,1.000,390000000,,1.364,278.59,,,,,,,,,,,,,,,,,,,,,,false,true,12,2020-04-01,2021-03-31,0
2021-01-29,63600,2020-03-31,,12337000000,,,,,,778000000,,936000000,,642000000,,,458.80,,,,,,,,,,,,,,,,,,,,,,false,false,12,2019-04-01,2020-03-31,-1
2021-04-27,63600,2021-03-31,,10708000000,0.071,,,,,620000000,0.242,778000000,0.297,545000000,,0.398,389.35,,,,,,,,,,,,,,,,,,,,,,false,true,12,2020-04-01,2021-03-31,0
2021-04-27,63600,2020-03-31,,12337000000,,,,,,778000000,,936000000,,642000000,,,458.80,,,,,,,,,,,,,,,,,,,,,,false,false,12,2019-04-01,2020-03-31,-1
2021-05-11,63600,2021-03-31,,10708000000,-0.132,,,,,620000000,-0.203,778000000,-0.169,545000000,,-0.151,389.35,,0.106,0.065,0.058,,11134000000,5519000000,0.496,3942.41,5519000000,1073000000,-88000000,-327000000,1743000000,40.00,0.103,,,1452000,51979,1399960,false,false,12,2020-04-01,2021-03-31,0
2021-05-11,63600,2020-03-31,,12337000000,0.059,,,,,778000000,0.262,936000000,0.223,642000000,,0.192,458.80,,0.140,0.075,0.063,,12701000000,4792000000,0.377,3424.68,4792000000,708000000,-126000000,-406000000,1085000000,50.00,0.109,,,1452000,52484,1399614,false,false,12,2019-04-01,2020-03-31,-1
2021-05-11,63600,2022-03-31,,8000000000,-0.253,,,,,200000000,-0.678,300000000,-0.615,200000000,,-0.633,142.86,,,,,,,,,,,,,,,40.00,0.280,,,,,,false,true,12,2021-04-01,2022-03-31,1
2021-07-30,63600,2022-03-31,1,2217000000,0.082,,,,,93000000,-0.073,141000000,-0.051,118000000,,0.142,84.73,,,,,,11230000000,5542000000,0.493,,5542000000,,,,,,,,,1452000,52002,1400009,false,false,3,2021-04-01,2021-06-30,0
2021-07-30,63600,2021-03-31,1,2048000000,-0.099,,,,,101000000,0.942,148000000,0.492,103000000,,1.200,74.20,,,,,,,,,,,,,,,,,,,,,1399508,false,false,3,2020-04-01,2020-06-30,-1
2021-07-30,63600,2022-03-31,1,8000000000,-0.253,,,,,200000000,-0.678,300000000,-0.615,200000000,,-0.633,142.86,,,,,,,,,,,,,,,40.00,,,,,,,false,true,12,2021-04-01,2022-03-31,0
2021-07-30,63600,2021-03-31,1,,,,,,,,,,,,,,,,,,,,11134000000,5519000000,0.496,,5519000000,,,,,40.00,,,,1452000,51979,,false,false,12,2020-04-01,2021-03-31,-1
2021-10-29,63600,2022-03-31,2,3826000000,-0.176,,,,,26000000,-0.775,85000000,-0.590,73000000,,-0.486,52.59,,,,,,10687000000,5512000000,0.516,,5512000000,,,,,,,,,1452000,52083,1399977,false,false,6,2021-04-01,2021-09-30,0
2021-10-29,63600,2021-03-31,2,4645000000,-0.108,,,,,118000000,-0.423,207000000,-0.275,143000000,,-0.197,102.29,,,,,,,,,,,,,,,,,,,,,1399806,false,false,6,2020-04-01,2020-09-30,-1
2021-10-29,63600,2022-03-31,2,8000000000,-0.253,,,,,200000000,-0.678,300000000,-0.615,200000000,,-0.633,142.86,,,,,,,,,,,,,,,40.00,,,,,,,false,true,12,2021-04-01,2022-03-31,0
2021-10-29,63600,2021-03-31,2,,,,,,,,,,,,,,,,,,,,11134000000,5519000000,0.496,,5519000000,,,,,40.00,,,,1452000,51979,,false,false,12,2020-04-01,2021-03-31,-1
2022-01-28,63600,2022-03-31,3,5956000000,-0.257,,,,,205000000,-0.625,318000000,-0.530,235000000,,-0.509,167.88,,,,,,11538000000,5519000000,0.478,,5519000000,,,,,,,,,1452000,52083,1399959,false,false,9,2021-04-01,2021-12-31,0
2022-01-28,63600,2021-03-31,3,8016000000,-0.104,,,,,549000000,-0.062,677000000,-0.032,478000000,,0.014,341.84,,,,,,,,,,,,,,,,,,,,,1399918,false,false,9,2020-04-01,2020-12-31,-1
2022-01-28,63600,2022-03-31,3,8000000000,-0.253,,,,,200000000,-0.678,300000000,-0.615,200000000,,-0.633,142.86,,,,,,,,,,,,,,,40.00,,,,,,,false,true,12,2021-04-01,2022-03-31,0
2022-01-28,63600,2021-03-31,3,,,,,,,,,,,,,,,,,,,,11134000000,5519000000,0.496,,5519000000,,,,,40.00,,,,1452000,51979,,false,false,12,2020-04-01,2021-03-31,-1
2022-04-28,63600,2022-03-31,,8819000000,0.102,,,,,386000000,0.932,526000000,0.756,373000000,,0.867,266.79,,,,,,,,,,,,,,,,,,,,,,false,true,12,2021-04-01,2022-03-31,0
2022-04-28,63600,2021-03-31,,10708000000,,,,,,620000000,,778000000,,545000000,,,389.35,,,,,,,,,,,,,,,,,,,,,,false,false,12,2020-04-01,2021-03-31,-1
2022-05-13,63600,2022-03-31,,8819000000,-0.176,,,,,386000000,-0.378,526000000,-0.323,373000000,,-0.315,266.79,,0.066,0.042,0.044,,13973000000,5718000000,0.409,4085.29,5718000000,3031000000,26000000,-125000000,4676000000,40.00,0.150,,,1452000,52128,1399939,false,false,12,2021-04-01,2022-03-31,0
2022-05-13,63600,2021-03-31,,10708000000,-0.132,,,,,620000000,-0.203,778000000,-0.169,545000000,,-0.151,389.35,,0.106,0.065,0.058,,11134000000,5519000000,0.496,3942.41,5519000000,1073000000,-88000000,-327000000,1743000000,40.00,0.103,,,1452000,51979,1399960,false,false,12,2020-04-01,2021-03-31,-1
2022-05-13,63600,2023-03-31,,11000000000,0.247,,,,,550000000,0.424,650000000,0.234,450000000,,0.205,321.46,,,,,,,,,,,,,,,60.00,0.187,,,,,,false,true,12,2022-04-01,2023-03-31,1
2022-07-29,63600,2023-03-31,1,1551000000,-0.300,,,,,-88000000,,-40000000,,-30000000,,,-22.03,,,,,,14839000000,5691000000,0.384,,5691000000,,,,,,,,,1452000,52200,1399834,false,false,3,2022-04-01,2022-06-30,0
2022-07-29,63600,2022-03-31,1,2217000000,0.082,,,,,93000000,-0.073,141000000,-0.051,118000000,,0.142,84.73,,,,,,,,,,,,,,,,,,,,,1400009,false,false,3,2021-04-01,2021-06-30,-1
2022-07-29,63600,2023-03-31,1,11000000000,0.247,,,,,550000000,0.424,650000000,0.234,450000000,,0.205,321.46,,,,,,,,,,,,,,,60.00,,,,,,,false,true,12,2022-04-01,2023-03-31,0
2022-07-29,63600,2022-03-31,1,,,,,,,,,,,,,,,,,,,,13973000000,5718000000,0.409,,5718000000,,,,,40.00,,,,1452000,52128,,false,false,12,2021-04-01,2022-03-31,-1
2022-10-28,63600,2023-03-31,2,4547000000,0.188,,,,,117000000,3.441,206000000,1.420,163000000,,1.224,116.95,,,,,,14220000000,5879000000,0.413,,5879000000,,,,,,,,,1452000,51525,1400109,false,false,6,2022-04-01,2022-09-30,0
2022-10-28,63600,2022-03-31,2,3826000000,-0.176,,,,,26000000,-0.775,85000000,-0.590,73000000,,-0.486,52.59,,,,,,,,,,,,,,,,,,,,,1399977,false,false,6,2021-04-01,2021-09-30,-1
2022-10-28,63600,2023-03-31,2,11000000000,0.247,,,,,550000000,0.424,650000000,0.234,450000000,,0.205,321.46,,,,,,,,,,,,,,,60.00,,,,,,,false,true,12,2022-04-01,2023-03-31,0
2022-10-28,63600,2022-03-31,2,,,,,,,,,,,,,,,,,,,,13973000000,5718000000,0.409,,5718000000,,,,,40.00,,,,1452000,52128,,false,false,12,2021-04-01,2022-03-31,-1
2023-02-03,63600,2023-03-31,3,8208000000,0.378,,,,,346000000,0.684,454000000,0.426,335000000,,0.426,239.44,,,,,,13952000000,6145000000,0.440,,6145000000,,,,,,,,,1452000,51612,1400201,false,false,9,2022-04-01,2022-12-31,0
2023-02-03,63600,2022-03-31,3,5956000000,-0.257,,,,,205000000,-0.625,318000000,-0.530,235000000,,-0.509,167.88,,,,,,,,,,,,,,,,,,,,,1399959,false,false,9,2021-04-01,2021-12-31,-1
2023-02-03,63600,2023-03-31,3,11000000000,0.247,,,,,550000000,0.424,650000000,0.234,450000000,,0.205,321.46,,,,,,,,,,,,,,,60.00,,,,,,,false,true,12,2022-04-01,2023-03-31,0
2023-02-03,63600,2022-03-31,3,,,,,,,,,,,,,,,,,,,,13973000000,5718000000,0.409,,5718000000,,,,,40.00,,,,1452000,52128,,false,false,12,2021-04-01,2022-03-31,-1
2023-04-21,63600,2023-03-31,,13306000000,0.210,,,,,985000000,0.791,1138000000,0.751,799000000,,0.776,571.14,,,,,,,,,,,,,,,,,,,,,,false,true,12,2022-04-01,2023-03-31,0
2023-04-21,63600,2022-03-31,,8819000000,,,,,,386000000,,526000000,,373000000,,,266.79,,,,,,,,,,,,,,,,,,,,,,false,false,12,2021-04-01,2022-03-31,-1
2023-05-12,63600,2023-03-31,,13306000000,0.509,,,,,985000000,1.552,1138000000,1.160,799000000,,1.141,571.14,,0.129,0.073,0.074,,17286000000,6679000000,0.386,4769.63,6679000000,-91000000,71000000,-157000000,4498000000,60.00,0.105,,,1452000,51612,1400244,false,false,12,2022-04-01,2023-03-31,0
2023-05-12,63600,2022-03-31,,8819000000,-0.176,,,,,386000000,-0.378,526000000,-0.323,373000000,,-0.315,266.79,,0.066,0.042,0.044,,13973000000,5718000000,0.409,4085.29,5718000000,3031000000,26000000,-125000000,4676000000,40.00,0.150,,,1452000,52128,1399939,false,false,12,2021-04-01,2022-03-31,-1
2023-05-12,63600,2024-03-31,,13500000000,0.015,,,,,950000000,-0.036,1100000000,-0.034,710000000,,-0.112,507.00,,,,,,,,,,,,,,,60.00,0.118,,,,,,false,true,12,2023-04-01,2024-03-31,1
2023-08-04,63600,2024-03-31,1,3195000000,1.059,,,,,210000000,,259000000,,177000000,,,127.04,,,,,,16225000000,6932000000,0.427,,6932000000,,,,,,,,,1452000,51687,1400340,false,false,3,2023-04-01,2023-06-30,0
2023-08-04,63600,2023-03-31,1,1551000000,-0.300,,,,,-88000000,,-40000000,,-30000000,,,-22.03,,,,,,,,,,,,,,,,,,,,,1399834,false,false,3,2022-04-01,2022-06-30,-1
2023-08-04,63600,2024-03-31,1,13500000000,0.015,,,,,950000000,-0.036,1100000000,-0.034,710000000,,-0.112,507.00,,,,,,,,,,,,,,,60.00,,,,,,,false,true,12,2023-04-01,2024-03-31,0
2023-08-04,63600,2023-03-31,1,,,,,,,,,,,,,,,,,,,,17286000000,6679000000,0.386,,6679000000,,,,,60.00,,,,1452000,51612,,false,false,12,2022-04-01,2023-03-31,-1
2023-11-02,63600,2024-03-31,2,5997000000,0.319,,,,,424000000,2.602,512000000,1.485,350000000,,1.142,250.53,,,,,,17094000000,7286000000,0.426,,7286000000,,,,,,,,,1452000,51842,1400293,false,false,6,2023-04-01,2023-09-30,0
2023-11-02,63600,2023-03-31,2,4547000000,0.188,,,,,117000000,3.441,206000000,1.420,163000000,,1.224,116.95,,,,,,,,,,,,,,,,,,,,,1400109,false,false,6,2022-04-01,2022-09-30,-1
2023-11-02,63600,2024-03-31,2,13500000000,0.015,,,,,950000000,-0.036,1100000000,-0.034,710000000,,-0.112,507.00,,,,,,,,,,,,,,,60.00,,,,,,,false,true,12,2023-04-01,2024-03-31,0
2023-11-02,63600,2023-03-31,2,,,,,,,,,,,,,,,,,,,,17286000000,6679000000,0.386,,6679000000,,,,,60.00,,,,1452000,51612,,false,false,12,2022-04-01,2023-03-31,-1
2024-02-02,63600,2024-03-31,3,8949000000,0.090,,,,,635000000,0.834,760000000,0.674,520000000,,0.553,371.78,,,,,,16324000000,7364000000,0.451,,7364000000,,,,,,,,,1452000,51863,1400248,false,false,9,2023-04-01,2023-12-31,0
2024-02-02,63600,2023-03-31,3,8208000000,0.378,,,,,346000000,0.684,454000000,0.426,335000000,,0.426,239.44,,,,,,,,,,,,,,,,,,,,,1400201,false,false,9,2022-04-01,2022-12-31,-1
2024-02-02,63600,2024-03-31,3,13500000000,0.015,,,,,950000000,-0.036,1100000000,-0.034,710000000,,-0.112,507.00,,,,,,,,,,,,,,,60.00,,,,,,,false,true,12,2023-04-01,2024-03-31,0
2024-02-02,63600,2023-03-31,3,,,,,,,,,,,,,,,,,,,,17286000000,6679000000,0.386,,6679000000,,,,,60.00,,,,1452000,51612,,false,false,12,2022-04-01,2023-03-31,-1
2024-04-26,63600,2024-03-31,,13458000000,-0.003,,,,,1388000000,0.461,1546000000,0.405,1116000000,,0.572,797.47,,,,,,,,,,,,,,,,,,,,,,false,true,12,2023-04-01,2024-03-31,0
2024-04-26,63600,2023-03-31,,13306000000,,,,,,985000000,,1138000000,,799000000,,,571.14,,,,,,,,,,,,,,,,,,,,,,false,false,12,2022-04-01,2023-03-31,-1
,63600,2024-03-31,,,,,,,,,,,,,,,,,,,,,,,,,,,,,,120.00,,,,,,,false,true,12,2023-04-01,2024-03-31,0
,63600,2023-03-31,,,,,,,,,,,,,,,,,,,,,,,,,,,,,,60.00,,,,,,,false,false,12,2022-04-01,2023-03-31,-1
2024-05-10,63600,2024-03-31,,13458000000,0.011,,,,,1388000000,0.408,1546000000,0.359,1116000000,,0.396,797.47,,0.151,0.091,0.103,,16627000000,8074000000,0.486,5767.46,8074000000,-1365000000,-86000000,-236000000,2811000000,120.00,0.150,,,1452000,51981,1400207,false,false,12,2023-04-01,2024-03-31,0
2024-05-10,63600,2023-03-31,,13306000000,0.509,,,,,985000000,1.552,1138000000,1.160,799000000,,1.141,571.14,,0.129,0.073,0.074,,17286000000,6679000000,0.386,4769.63,6679000000,-91000000,71000000,-157000000,4498000000,60.00,0.105,,,1452000,51612,1400244,false,false,12,2022-04-01,2023-03-31,-1
2024-05-10,63600,2025-03-31,,12000000000,-0.108,,,,,850000000,-0.388,1000000000,-0.354,700000000,,-0.373,499.99,,,,,,,,,,,,,,,80.00,0.160,,,,,,false,true,12,2024-04-01,2025-03-31,1
2024-08-09,63600,2025-03-31,1,4062000000,0.271,,,,,489000000,1.331,549000000,1.117,380000000,,1.136,271.46,,,,,,17578000000,8352000000,0.475,,8352000000,,,,,,,,,1452000,52001,1400009,false,false,3,2024-04-01,2024-06-30,0
2024-08-09,63600,2024-03-31,1,3195000000,1.059,,,,,210000000,,259000000,,177000000,,,127.04,,,,,,,,,,,,,,,,,,,,,1400340,false,false,3,2023-04-01,2023-06-30,-1
2024-08-09,63600,2025-03-31,1,12000000000,-0.108,,,,,850000000,-0.388,1000000000,-0.354,700000000,,-0.373,499.99,,,,,,,,,,,,,,,80.00,,,,,,,false,true,12,2024-04-01,2025-03-31,0
2024-08-09,63600,2024-03-31,1,,,,,,,,,,,,,,,,,,,,16627000000,8074000000,0.486,,8074000000,,,,,120.00,,,,1452000,51981,,false,false,12,2023-04-01,2024-03-31,-1
2024-11-01,63600,2025-03-31,2,6615000000,0.103,,,,,790000000,0.862,885000000,0.730,611000000,,0.743,436.19,,,,,,16518000000,8468000000,0.513,,8468000000,,,,,,,,,1452000,48221,1401625,false,false,6,2024-04-01,2024-09-30,0
2024-11-01,63600,2024-03-31,2,5997000000,0.319,,,,,424000000,2.602,512000000,1.485,350000000,,1.142,250.53,,,,,,,,,,,,,,,,,,,,,1400293,false,false,6,2023-04-01,2023-09-30,-1
2024-11-01,63600,2025-03-31,2,12000000000,-0.108,,,,,850000000,-0.388,1000000000,-0.354,700000000,,-0.373,499.99,,,,,,,,,,,,,,,80.00,,,,,,,false,true,12,2024-04-01,2025-03-31,0
2024-11-01,63600,2024-03-31,2,,,,,,,,,,,,,,,,,,,,16627000000,8074000000,0.486,,8074000000,,,,,120.00,,,,1452000,51981,,false,false,12,2023-04-01,2024-03-31,-1
2025-02-07,63600,2025-03-31,3,10036000000,0.121,,,,,1316000000,1.071,1453000000,0.912,1003000000,,0.928,715.73,,,,,,17064000000,9078000000,0.532,,9078000000,,,,,,,,,1452000,48308,1402258,false,false,9,2024-04-01,2024-12-31,0
2025-02-07,63600,2024-03-31,3,8949000000,0.090,,,,,635000000,0.834,760000000,0.674,520000000,,0.553,371.78,,,,,,,,,,,,,,,,,,,,,1400248,false,false,9,2023-04-01,2023-12-31,-1
2025-02-07,63600,2025-03-31,3,13000000000,-0.034,,,,,1500000000,0.080,1650000000,0.067,1150000000,,0.030,820.11,,,,,,,,,,,,,,,240.00,,,,,,,false,true,12,2024-04-01,2025-03-31,0
2025-02-07,63600,2024-03-31,3,,,,,,,,,,,,,,,,,,,,16627000000,8074000000,0.486,,8074000000,,,,,120.00,,,,1452000,51981,,false,false,12,2023-04-01,2024-03-31,-1
2025-05-14,63600,2025-03-31,,12890000000,-0.042,,,,,1564000000,0.127,1721000000,0.113,1222000000,,0.095,871.48,,0.140,0.106,0.121,,15855000000,9439000000,0.595,6724.78,9439000000,1013000000,-109000000,-186000000,3529000000,240.00,0.275,,,1452000,48308,1402589,false,false,12,2024-04-01,2025-03-31,0
2025-05-14,63600,2024-03-31,,13458000000,0.011,,,,,1388000000,0.408,1546000000,0.359,1116000000,,0.396,797.47,,0.151,0.091,0.103,,16627000000,8074000000,0.486,5767.46,8074000000,-1365000000,-86000000,-236000000,2811000000,120.00,0.150,,,1452000,51981,1400207,false,false,12,2023-04-01,2024-03-31,-1
2025-05-14,63600,2026-03-31,,10000000000,-0.224,,,,,400000000,-0.744,570000000,-0.669,500000000,,-0.591,356.20,,,,,,,,,,,,,,,100.00,0.281,,,,,,false,true,12,2025-04-01,2026-03-31,1
