filing_date,code,fiscal_year_end,quarterly_period,net_sales,net_sales_change,revenue,revenue_change,operating_revenue,operating_revenue_change,operating_profit,operating_profit_change,ordinary_profit,ordinary_profit_change,net_income,net_income_of_parent,net_income_change,eps,diluted_eps,roe,roa,operating_profit_to_net_sales,operating_profit_to_revenue,total_assets,net_assets,equity_ratio,bps,owner_equity,operating_cash_flow,investing_cash_flow,financing_cash_flow,cash,dividend_per_share,payout_ratio,commemorative_dividend,extra_dividend,number_of_shares,number_of_treqsury_shares,avg_number_of_shares,is_consolidated,is_forecast,duration,period_start,period_end,period_pos
2015-05-12,63640,2015-03-31,,34903000000,0.133,,,,,3802000000,0.503,4242000000,0.431,2702000000,,0.503,93.13,,0.163,0.135,0.109,,33290000000,18213000000,0.544,614.51,18114000000,2361000000,-725000000,-670000000,5262000000,,0.258,,,,,,true,false,12,2014-04-01,2015-03-31,0
2015-05-12,63640,2014-03-31,,30807000000,0.144,,,,,2529000000,0.730,2964000000,0.523,1798000000,,0.478,62.04,,0.129,0.108,0.082,,29420000000,15153000000,0.512,519.57,15060000000,1724000000,-1458000000,-880000000,4247000000,,0.274,,,,,,true,false,12,2013-04-01,2014-03-31,-1
2015-05-12,63640,2016-03-31,,17300000000,0.011,,,,,1950000000,0.084,2050000000,0.015,,1300000000,,44.10,,,,,,,,,,,,,,,,,,,,,,true,true,6,2015-04-01,2015-09-30,1
2015-05-12,63640,2016-03-31,,35400000000,0.014,,,,,4130000000,0.086,4280000000,0.009,,2720000000,,92.27,,,,,,,,,,,,,,,,0.260,,,,,,true,true,12,2015-04-01,2016-03-31,1
2015-05-12,63640,2015-03-31,,34444000000,0.129,,,,,2687000000,0.243,3277000000,0.288,2119000000,,0.407,73.05,,,,,,29943000000,15852000000,0.529,537.77,15852000000,,,,,24.00,,,,30165418,687123,29019827,false,false,12,2014-04-01,2015-03-31,0
2015-05-12,63640,2014-03-31,,30522000000,0.175,,,,,2162000000,0.830,2545000000,0.496,1507000000,,0.415,51.99,,,,,,27302000000,13470000000,0.493,464.73,13470000000,,,,,17.00,,,,30165418,1179594,28990265,false,false,12,2013-04-01,2014-03-31,-1
2015-05-12,63640,2016-03-31,,,,,,,,,,,,,,,,,,,,,,,,,,,,,,24.00,,,,,,,false,true,12,2015-04-01,2016-03-31,1
2015-07-30,63640,2016-03-31,1,8133000000,0.019,,,,,1044000000,0.185,1091000000,0.200,,711000000,,24.15,,,,,,33152000000,18034000000,0.541,608.45,17936000000,,,,,,,,,,,,true,false,3,2015-04-01,2015-06-30,0
2015-07-30,63640,2015-03-31,1,7983000000,0.186,,,,,881000000,0.942,910000000,0.453,,570000000,,19.69,,,,,,,,,,,,,,,,,,,,,,true,false,3,2014-04-01,2014-06-30,-1
2015-07-30,63640,2016-03-31,1,17300000000,0.011,,,,,1950000000,0.084,2050000000,0.015,,1300000000,,44.10,,,,,,,,,,,,,,,,,,,,,,true,true,6,2015-04-01,2015-09-30,0
2015-07-30,63640,2016-03-31,1,35400000000,0.014,,,,,4130000000,0.086,4280000000,0.009,,2720000000,,92.27,,,,,,,,,,,,,,,,,,,,,,true,true,12,2015-04-01,2016-03-31,0
2015-07-30,63640,2015-03-31,1,,,,,,,,,,,,,,,,,,,,33290000000,18213000000,0.544,614.51,18114000000,,,,,,,,,,,,true,false,12,2014-04-01,2015-03-31,-1
2015-07-30,63640,2015-03-31,1,,,,,,,,,,,,,,,,,,,,,,,,,,,,,24.00,,,,30165418,687123,,false,false,12,2014-04-01,2015-03-31,-1
2015-07-30,63640,2016-03-31,1,,,,,,,,,,,,,,,,,,,,,,,,,,,,,24.00,,,,,,,false,true,12,2015-04-01,2016-03-31,0
2015-07-30,63640,2016-03-31,1,,,,,,,,,,,,,,,,,,,,,,,,,,,,,,,,,30165418,686953,29478305,false,false,3,2015-04-01,2015-06-30,0
2015-07-30,63640,2015-03-31,1,,,,,,,,,,,,,,,,,,,,,,,,,,,,,,,,,,,28985296,false,false,3,2014-04-01,2014-06-30,-1
2015-11-04,63640,2016-03-31,2,17367000000,0.015,,,,,2289000000,0.272,2369000000,0.173,,1537000000,,52.17,,,,,,32086000000,18360000000,0.569,620.60,18260000000,,,,,,,,,,,,true,false,6,2015-04-01,2015-09-30,0
2015-11-04,63640,2015-03-31,2,17103000000,0.213,,,,,1799000000,0.936,2019000000,0.679,,1268000000,,43.76,,,,,,,,,,,,,,,,,,,,,,true,false,6,2014-04-01,2014-09-30,-1
2015-11-04,63640,2016-03-31,2,35400000000,0.014,,,,,4130000000,0.086,4280000000,0.009,,2720000000,,92.27,,,,,,,,,,,,,,,,,,,,,,true,true,12,2015-04-01,2016-03-31,0
2015-11-04,63640,2015-03-31,2,,,,,,,,,,,,,,,,,,,,33290000000,18213000000,0.544,614.51,18114000000,,,,,,,,,,,,true,false,12,2014-04-01,2015-03-31,-1
2015-11-04,63640,2015-03-31,2,,,,,,,,,,,,,,,,,,,,,,,,,,,,,24.00,,,,30165418,687123,,false,false,12,2014-04-01,2015-03-31,-1
2015-11-04,63640,2016-03-31,2,,,,,,,,,,,,,,,,,,,,,,,,,,,,,12.00,,,,,,,false,false,12,2015-04-01,2016-03-31,0
2015-11-04,63640,2016-03-31,2,,,,,,,,,,,,,,,,,,,,,,,,,,,,,24.00,,,,,,,false,true,12,2015-04-01,2016-03-31,0
2015-11-04,63640,2016-03-31,2,,,,,,,,,,,,,,,,,,,,,,,,,,,,,,,,,30165418,741967,29470510,false,false,6,2015-04-01,2015-09-30,0
2015-11-04,63640,2015-03-31,2,,,,,,,,,,,,,,,,,,,,,,,,,,,,,,,,,,,28983910,false,false,6,2014-04-01,2014-09-30,-1
2016-01-29,63640,2016-03-31,3,25581000000,-0.023,,,,,3372000000,0.177,3456000000,0.042,,2228000000,,75.66,,,,,,32608000000,19108000000,0.583,646.02,19008000000,,,,,,,,,,,,true,false,9,2015-04-01,2015-12-31,0
2016-01-29,63640,2015-03-31,3,26179000000,0.200,,,,,2865000000,0.875,3317000000,0.656,,2094000000,,72.27,,,,,,,,,,,,,,,,,,,,,,true,false,9,2014-04-01,2014-12-31,-1
2016-01-29,63640,2016-03-31,3,35400000000,0.014,,,,,4130000000,0.086,4280000000,0.009,,2720000000,,92.27,,,,,,,,,,,,,,,,,,,,,,true,true,12,2015-04-01,2016-03-31,0
2016-01-29,63640,2015-03-31,3,,,,,,,,,,,,,,,,,,,,33290000000,18213000000,0.544,614.51,18114000000,,,,,,,,,,,,true,false,12,2014-04-01,2015-03-31,-1
2016-01-29,63640,2015-03-31,3,,,,,,,,,,,,,,,,,,,,,,,,,,,,,24.00,,,,30165418,687123,,false,false,12,2014-04-01,2015-03-31,-1
2016-01-29,63640,2016-03-31,3,,,,,,,,,,,,,,,,,,,,,,,,,,,,,12.00,,,,,,,false,false,12,2015-04-01,2016-03-31,0
2016-01-29,63640,2016-03-31,3,,,,,,,,,,,,,,,,,,,,,,,,,,,,,24.00,,,,,,,false,true,12,2015-04-01,2016-03-31,0
2016-01-29,63640,2016-03-31,3,,,,,,,,,,,,,,,,,,,,,,,,,,,,,,,,,30165418,741645,29456457,false,false,9,2015-04-01,2015-12-31,0
2016-01-29,63640,2015-03-31,3,,,,,,,,,,,,,,,,,,,,,,,,,,,,,,,,,,,28982285,false,false,9,2014-04-01,2014-12-31,-1
2016-05-12,63640,2016-03-31,,33986000000,-0.026,,,,,4343000000,0.142,4311000000,0.016,,2702000000,,91.76,,0.145,0.132,0.128,,32277000000,19302000000,0.595,652.57,19201000000,1218000000,-748000000,-1565000000,4094000000,,0.262,,,,,,true,false,12,2015-04-01,2016-03-31,0
2016-05-12,63640,2015-03-31,,34903000000,0.133,,,,,3802000000,0.503,4242000000,0.431,,2702000000,,93.13,,0.163,0.135,0.109,,33290000000,18213000000,0.544,614.51,18114000000,2361000000,-725000000,-670000000,5262000000,,0.258,,,,,,true,false,12,2014-04-01,2015-03-31,-1
2016-05-12,63640,2017-03-31,,15500000000,-0.108,,,,,1900000000,-0.170,1850000000,-0.219,,1250000000,,42.48,,,,,,,,,,,,,,,,,,,,,,true,true,6,2016-04-01,2016-09-30,1
2016-05-12,63640,2017-03-31,,32500000000,-0.044,,,,,3850000000,-0.114,3800000000,-0.119,,2520000000,,85.64,,,,,,,,,,,,,,,,0.280,,,,,,true,true,12,2016-04-01,2017-03-31,1
2016-05-12,63640,2016-03-31,,32418000000,-0.059,,,,,2425000000,-0.098,2880000000,-0.121,1776000000,,-0.162,60.34,,,,,,28427000000,16115000000,0.567,547.68,16115000000,,,,,24.00,,,,30165418,741383,29448944,false,false,12,2015-04-01,2016-03-31,0
2016-05-12,63640,2015-03-31,,34444000000,0.129,,,,,2687000000,0.243,3277000000,0.288,2119000000,,0.407,73.05,,,,,,29943000000,15852000000,0.529,537.77,15852000000,,,,,24.00,,,,30165418,687123,29019827,false,false,12,2014-04-01,2015-03-31,-1
2016-05-12,63640,2017-03-31,,,,,,,,,,,,,,,,,,,,,,,,,,,,,,24.00,,,,,,,false,true,12,2016-04-01,2017-03-31,1
2016-07-29,63640,2017-03-31,1,7219000000,-0.112,,,,,984000000,-0.057,903000000,-0.172,,592000000,,20.12,,,,,,32155000000,19113000000,0.591,646.21,19014000000,,,,,,,,,,,,true,false,3,2016-04-01,2016-06-30,0
2016-07-29,63640,2016-03-31,1,8133000000,0.019,,,,,1044000000,0.185,1091000000,0.200,,711000000,,24.15,,,,,,,,,,,,,,,,,,,,,,true,false,3,2015-04-01,2015-06-30,-1
2016-07-29,63640,2017-03-31,1,15500000000,-0.108,,,,,1900000000,-0.170,1850000000,-0.219,,1250000000,,42.48,,,,,,,,,,,,,,,,,,,,,,true,true,6,2016-04-01,2016-09-30,0
2016-07-29,63640,2017-03-31,1,32500000000,-0.044,,,,,3850000000,-0.114,3800000000,-0.119,,2520000000,,85.64,,,,,,,,,,,,,,,,,,,,,,true,true,12,2016-04-01,2017-03-31,0
2016-07-29,63640,2016-03-31,1,,,,,,,,,,,,,,,,,,,,32277000000,19302000000,0.595,652.57,19201000000,,,,,,,,,,,,true,false,12,2015-04-01,2016-03-31,-1
2016-07-29,63640,2016-03-31,1,,,,,,,,,,,,,,,,,,,,,,,,,,,,,24.00,,,,30165418,741383,,false,false,12,2015-04-01,2016-03-31,-1
2016-07-29,63640,2017-03-31,1,,,,,,,,,,,,,,,,,,,,,,,,,,,,,24.00,,,,,,,false,true,12,2016-04-01,2017-03-31,0
2016-07-29,63640,2017-03-31,1,,,,,,,,,,,,,,,,,,,,,,,,,,,,,,,,,30165418,741119,29424092,false,false,3,2016-04-01,2016-06-30,0
2016-07-29,63640,2016-03-31,1,,,,,,,,,,,,,,,,,,,,,,,,,,,,,,,,,,,29478305,false,false,3,2015-04-01,2015-06-30,-1
2016-11-04,63640,2017-03-31,2,14899000000,-0.142,,,,,1936000000,-0.154,1892000000,-0.201,,1331000000,,45.24,,,,,,32450000000,20014000000,0.614,676.64,19912000000,,,,,,,,,,,,true,false,6,2016-04-01,2016-09-30,0
2016-11-04,63640,2016-03-31,2,17367000000,0.015,,,,,2289000000,0.272,2369000000,0.173,,1537000000,,52.17,,,,,,,,,,,,,,,,,,,,,,true,false,6,2015-04-01,2015-09-30,-1
2016-11-04,63640,2017-03-31,2,32500000000,-0.044,,,,,3850000000,-0.114,3800000000,-0.119,,2520000000,,85.64,,,,,,,,,,,,,,,,,,,,,,true,true,12,2016-04-01,2017-03-31,0
2016-11-04,63640,2016-03-31,2,,,,,,,,,,,,,,,,,,,,32277000000,19302000000,0.595,652.57,19201000000,,,,,,,,,,,,true,false,12,2015-04-01,2016-03-31,-1
2016-11-04,63640,2016-03-31,2,,,,,,,,,,,,,,,,,,,,,,,,,,,,,24.00,,,,30165418,741383,,false,false,12,2015-04-01,2016-03-31,-1
2016-11-04,63640,2017-03-31,2,,,,,,,,,,,,,,,,,,,,,,,,,,,,,12.00,,,,,,,false,false,12,2016-04-01,2017-03-31,0
2016-11-04,63640,2017-03-31,2,,,,,,,,,,,,,,,,,,,,,,,,,,,,,24.00,,,,,,,false,true,12,2016-04-01,2017-03-31,0
2016-11-04,63640,2017-03-31,2,,,,,,,,,,,,,,,,,,,,,,,,,,,,,,,,,30165418,736619,29426052,false,false,6,2016-04-01,2016-09-30,0
2016-11-04,63640,2016-03-31,2,,,,,,,,,,,,,,,,,,,,,,,,,,,,,,,,,,,29470510,false,false,6,2015-04-01,2015-09-30,-1
2017-01-30,63640,2017-03-31,3,24003000000,-0.062,,,,,3267000000,-0.031,3359000000,-0.028,,2238000000,,76.09,,,,,,34145000000,20833000000,0.607,705.71,20729000000,,,,,,,,,,,,true,false,9,2016-04-01,2016-12-31,0
2017-01-30,63640,2016-03-31,3,25581000000,-0.023,,,,,3372000000,0.177,3456000000,0.042,,2228000000,,75.66,,,,,,,,,,,,,,,,,,,,,,true,false,9,2015-04-01,2015-12-31,-1
2017-01-30,63640,2017-03-31,3,32500000000,-0.044,,,,,3850000000,-0.114,3800000000,-0.119,,2520000000,,85.64,,,,,,,,,,,,,,,,,,,,,,true,true,12,2016-04-01,2017-03-31,0
2017-01-30,63640,2016-03-31,3,,,,,,,,,,,,,,,,,,,,32277000000,19302000000,0.595,652.57,19201000000,,,,,,,,,,,,true,false,12,2015-04-01,2016-03-31,-1
2017-01-30,63640,2016-03-31,3,,,,,,,,,,,,,,,,,,,,,,,,,,,,,24.00,,,,30165418,741383,,false,false,12,2015-04-01,2016-03-31,-1
2017-01-30,63640,2017-03-31,3,,,,,,,,,,,,,,,,,,,,,,,,,,,,,12.00,,,,,,,false,false,12,2016-04-01,2017-03-31,0
2017-01-30,63640,2017-03-31,3,,,,,,,,,,,,,,,,,,,,,,,,,,,,,24.00,,,,,,,false,true,12,2016-04-01,2017-03-31,0
2017-01-30,63640,2017-03-31,3,,,,,,,,,,,,,,,,,,,,,,,,,,,,,,,,,30165418,791319,29415906,false,false,9,2016-04-01,2016-12-31,0
2017-01-30,63640,2016-03-31,3,,,,,,,,,,,,,,,,,,,,,,,,,,,,,,,,,,,29456457,false,false,9,2015-04-01,2015-12-31,-1
2017-05-10,63640,2017-03-31,,33510000000,-0.014,,,,,4592000000,0.057,4547000000,0.055,,3030000000,,103.07,,0.149,0.136,0.137,,34680000000,21678000000,0.622,734.36,21571000000,4619000000,-981000000,-1214000000,6740000000,,0.233,,,,,,true,false,12,2016-04-01,2017-03-31,0
2017-05-10,63640,2016-03-31,,33986000000,-0.026,,,,,4343000000,0.142,4311000000,0.016,,2702000000,,91.76,,0.145,0.132,0.128,,32277000000,19302000000,0.595,652.57,19201000000,1218000000,-748000000,-1565000000,4094000000,,0.262,,,,,,true,false,12,2015-04-01,2016-03-31,-1
2017-05-10,63640,2018-03-31,,15500000000,0.040,,,,,1780000000,-0.081,1800000000,-0.049,,1200000000,,40.85,,,,,,,,,,,,,,,,,,,,,,true,true,6,2017-04-01,2017-09-30,1
2017-05-10,63640,2018-03-31,,33000000000,-0.015,,,,,3960000000,-0.138,4000000000,-0.120,,2550000000,,86.81,,,,,,,,,,,,,,,,0.276,,,,,,true,true,12,2017-04-01,2018-03-31,1
2017-05-10,63640,2017-03-31,,31951000000,-0.014,,,,,2075000000,-0.144,2807000000,-0.025,2114000000,,0.190,71.90,,,,,,29409000000,17668000000,0.601,601.48,17668000000,,,,,24.00,,,,30165418,790857,29406340,false,false,12,2016-04-01,2017-03-31,0
2017-05-10,63640,2016-03-31,,32418000000,-0.059,,,,,2425000000,-0.098,2880000000,-0.121,1776000000,,-0.162,60.34,,,,,,28427000000,16115000000,0.567,547.68,16115000000,,,,,24.00,,,,30165418,741383,29448944,false,false,12,2015-04-01,2016-03-31,-1
2017-05-10,63640,2018-03-31,,,,,,,,,,,,,,,,,,,,,,,,,,,,,,24.00,,,,,,,false,true,12,2017-04-01,2018-03-31,1
2017-07-28,63640,2018-03-31,1,7880000000,0.091,,,,,803000000,-0.184,856000000,-0.053,,562000000,,19.16,,,,,,35178000000,22223000000,0.629,752.80,22113000000,,,,,,,,,,,,true,false,3,2017-04-01,2017-06-30,0
2017-07-28,63640,2017-03-31,1,7219000000,-0.112,,,,,984000000,-0.057,903000000,-0.172,,592000000,,20.12,,,,,,,,,,,,,,,,,,,,,,true,false,3,2016-04-01,2016-06-30,-1
2017-07-28,63640,2018-03-31,1,15500000000,0.040,,,,,1780000000,-0.081,1800000000,-0.049,,1200000000,,40.85,,,,,,,,,,,,,,,,,,,,,,true,true,6,2017-04-01,2017-09-30,0
2017-07-28,63640,2018-03-31,1,33000000000,-0.015,,,,,3960000000,-0.138,4000000000,-0.120,,2550000000,,86.81,,,,,,,,,,,,,,,,,,,,,,true,true,12,2017-04-01,2018-03-31,0
2017-07-28,63640,2017-03-31,1,,,,,,,,,,,,,,,,,,,,34680000000,21678000000,0.622,734.36,21571000000,,,,,,,,,,,,true,false,12,2016-04-01,2017-03-31,-1
2017-07-28,63640,2017-03-31,1,,,,,,,,,,,,,,,,,,,,,,,,,,,,,24.00,,,,30165418,790857,,false,false,12,2016-04-01,2017-03-31,-1
2017-07-28,63640,2018-03-31,1,,,,,,,,,,,,,,,,,,,,,,,,,,,,,24.00,,,,,,,false,true,12,2017-04-01,2018-03-31,0
2017-07-28,63640,2018-03-31,1,,,,,,,,,,,,,,,,,,,,,,,,,,,,,,,,,30165418,789878,29375295,false,false,3,2017-04-01,2017-06-30,0
2017-07-28,63640,2017-03-31,1,,,,,,,,,,,,,,,,,,,,,,,,,,,,,,,,,,,29424092,false,false,3,2016-04-01,2016-06-30,-1
2017-11-06,63640,2018-03-31,2,16284000000,0.093,,,,,1832000000,-0.054,1925000000,0.017,,1262000000,,42.98,,,,,,35591000000,22925000000,0.641,776.59,22813000000,,,,,,,,,,,,true,false,6,2017-04-01,2017-09-30,0
2017-11-06,63640,2017-03-31,2,14899000000,-0.142,,,,,1936000000,-0.154,1892000000,-0.201,,1331000000,,45.24,,,,,,,,,,,,,,,,,,,,,,true,false,6,2016-04-01,2016-09-30,-1
2017-11-06,63640,2018-03-31,2,33000000000,-0.015,,,,,3960000000,-0.138,4000000000,-0.120,,2550000000,,86.81,,,,,,,,,,,,,,,,,,,,,,true,true,12,2017-04-01,2018-03-31,0
2017-11-06,63640,2017-03-31,2,,,,,,,,,,,,,,,,,,,,34680000000,21678000000,0.622,734.36,21571000000,,,,,,,,,,,,true,false,12,2016-04-01,2017-03-31,-1
2017-11-06,63640,2017-03-31,2,,,,,,,,,,,,,,,,,,,,,,,,,,,,,24.00,,,,30165418,790857,,false,false,12,2016-04-01,2017-03-31,-1
2017-11-06,63640,2018-03-31,2,,,,,,,,,,,,,,,,,,,,,,,,,,,,,12.00,,,,,,,false,false,12,2017-04-01,2018-03-31,0
2017-11-06,63640,2018-03-31,2,,,,,,,,,,,,,,,,,,,,,,,,,,,,,24.00,,,,,,,false,true,12,2017-04-01,2018-03-31,0
2017-11-06,63640,2018-03-31,2,,,,,,,,,,,,,,,,,,,,,,,,,,,,,,,,,30165418,789269,29375613,false,false,6,2017-04-01,2017-09-30,0
2017-11-06,63640,2017-03-31,2,,,,,,,,,,,,,,,,,,,,,,,,,,,,,,,,,,,29426052,false,false,6,2016-04-01,2016-09-30,-1
2018-01-30,63640,2018-03-31,3,26417000000,0.101,,,,,3344000000,0.023,3462000000,0.030,,2334000000,,79.49,,,,,,38571000000,23656000000,0.610,802.07,23542000000,,,,,,,,,,,,true,false,9,2017-04-01,2017-12-31,0
2018-01-30,63640,2017-03-31,3,24003000000,-0.062,,,,,3267000000,-0.031,3359000000,-0.028,,2238000000,,76.09,,,,,,,,,,,,,,,,,,,,,,true,false,9,2016-04-01,2016-12-31,-1
2018-01-30,63640,2018-03-31,3,33000000000,-0.015,,,,,3960000000,-0.138,4000000000,-0.120,,2550000000,,86.81,,,,,,,,,,,,,,,,,,,,,,true,true,12,2017-04-01,2018-03-31,0
2018-01-30,63640,2017-03-31,3,,,,,,,,,,,,,,,,,,,,34680000000,21678000000,0.622,734.36,21571000000,,,,,,,,,,,,true,false,12,2016-04-01,2017-03-31,-1
2018-01-30,63640,2017-03-31,3,,,,,,,,,,,,,,,,,,,,,,,,,,,,,24.00,,,,30165418,790857,,false,false,12,2016-04-01,2017-03-31,-1
2018-01-30,63640,2018-03-31,3,,,,,,,,,,,,,,,,,,,,,,,,,,,,,12.00,,,,,,,false,false,12,2017-04-01,2018-03-31,0
2018-01-30,63640,2018-03-31,3,,,,,,,,,,,,,,,,,,,,,,,,,,,,,24.00,,,,,,,false,true,12,2017-04-01,2018-03-31,0
2018-01-30,63640,2018-03-31,3,,,,,,,,,,,,,,,,,,,,,,,,,,,,,,,,,30165418,812969,29371053,false,false,9,2017-04-01,2017-12-31,0
2018-01-30,63640,2017-03-31,3,,,,,,,,,,,,,,,,,,,,,,,,,,,,,,,,,,,29415906,false,false,9,2016-04-01,2016-12-31,-1
2018-05-09,63640,2018-03-31,,35075000000,0.047,,,,,4561000000,-0.007,4697000000,0.033,,3233000000,,110.09,,0.141,0.127,0.130,,39460000000,24542000000,0.619,832.21,24427000000,3025000000,-150000000,502000000,10162000000,,0.309,,,,,,true,false,12,2017-04-01,2018-03-31,0
2018-05-09,63640,2017-03-31,,33510000000,-0.014,,,,,4592000000,0.057,4547000000,0.055,,3030000000,,103.07,,0.149,0.136,0.137,,34680000000,21678000000,0.622,734.36,21571000000,4619000000,-981000000,-1214000000,6740000000,,0.233,,,,,,true,false,12,2016-04-01,2017-03-31,-1
2018-05-09,63640,2019-03-31,,18300000000,0.124,,,,,2360000000,0.288,2380000000,0.236,,1560000000,,53.15,,,,,,,,,,,,,,,,,,,,,,true,true,6,2018-04-01,2018-09-30,1
2018-05-09,63640,2019-03-31,,37000000000,0.055,,,,,4780000000,0.048,4800000000,0.022,,3250000000,,110.72,,,,,,,,,,,,,,,,0.271,,,,,,true,true,12,2018-04-01,2019-03-31,1
2018-05-09,63640,2017-03-31,,,,,,,,,,,,,,,,,,,,,,,,,,,,,,24.00,,,,30165418,790857,29406340,false,false,12,2016-04-01,2017-03-31,-1
2018-05-09,63640,2018-03-31,,,,,,,,,,,,,,,,,,,,,,,,,,,,,,34.00,,,,30165418,812669,29366799,false,false,12,2017-04-01,2018-03-31,0
2018-05-09,63640,2019-03-31,,,,,,,,,,,,,,,,,,,,,,,,,,,,,,30.00,,,,,,,false,true,12,2018-04-01,2019-03-31,1
2018-07-30,63640,2019-03-31,1,8885000000,0.128,,,,,1138000000,0.417,1254000000,0.466,,822000000,,28.03,,,,,,40551000000,24658000000,0.605,836.04,24545000000,,,,,,,,,,,,true,false,3,2018-04-01,2018-06-30,0
2018-07-30,63640,2018-03-31,1,7880000000,0.091,,,,,803000000,-0.184,856000000,-0.053,,562000000,,19.16,,,,,,,,,,,,,,,,,,,,,,true,false,3,2017-04-01,2017-06-30,-1
2018-07-30,63640,2019-03-31,1,18300000000,0.124,,,,,2360000000,0.288,2380000000,0.236,,1560000000,,53.15,,,,,,,,,,,,,,,,,,,,,,true,true,6,2018-04-01,2018-09-30,0
2018-07-30,63640,2019-03-31,1,37000000000,0.055,,,,,4780000000,0.048,4800000000,0.022,,3250000000,,110.72,,,,,,,,,,,,,,,,,,,,,,true,true,12,2018-04-01,2019-03-31,0
2018-07-30,63640,2018-03-31,1,,,,,,,,,,,,,,,,,,,,39406000000,24542000000,0.620,832.21,24427000000,,,,,,,,,,,,true,false,12,2017-04-01,2018-03-31,-1
2018-07-30,63640,2018-03-31,1,,,,,,,,,,,,,,,,,,,,,,,,,,,,,34.00,,,,30165418,812669,,false,false,12,2017-04-01,2018-03-31,-1
2018-07-30,63640,2019-03-31,1,,,,,,,,,,,,,,,,,,,,,,,,,,,,,30.00,,,,,,,false,true,12,2018-04-01,2019-03-31,0
2018-07-30,63640,2019-03-31,1,,,,,,,,,,,,,,,,,,,,,,,,,,,,,,,,,30165418,806751,29356998,false,false,3,2018-04-01,2018-06-30,0
2018-07-30,63640,2018-03-31,1,,,,,,,,,,,,,,,,,,,,,,,,,,,,,,,,,,,29375295,false,false,3,2017-04-01,2017-06-30,-1
2018-11-05,63640,2019-03-31,2,19143000000,0.176,,,,,2478000000,0.353,2675000000,0.389,,1746000000,,59.48,,,,,,41658000000,25849000000,0.618,876.57,25735000000,,,,,,,,,,,,true,false,6,2018-04-01,2018-09-30,0
2018-11-05,63640,2018-03-31,2,16284000000,0.093,,,,,1832000000,-0.054,1925000000,0.017,,1262000000,,42.98,,,,,,,,,,,,,,,,,,,,,,true,false,6,2017-04-01,2017-09-30,-1
2018-11-05,63640,2019-03-31,2,37000000000,0.055,,,,,4780000000,0.048,4800000000,0.022,,3250000000,,110.72,,,,,,,,,,,,,,,,,,,,,,true,true,12,2018-04-01,2019-03-31,0
2018-11-05,63640,2018-03-31,2,,,,,,,,,,,,,,,,,,,,39406000000,24542000000,0.620,832.21,24427000000,,,,,,,,,,,,true,false,12,2017-04-01,2018-03-31,-1
2018-11-05,63640,2018-03-31,2,,,,,,,,,,,,,,,,,,,,,,,,,,,,,34.00,,,,30165418,812669,,false,false,12,2017-04-01,2018-03-31,-1
2018-11-05,63640,2019-03-31,2,,,,,,,,,,,,,,,,,,,,,,,,,,,,,15.00,,,,,,,false,false,12,2018-04-01,2019-03-31,0
2018-11-05,63640,2019-03-31,2,,,,,,,,,,,,,,,,,,,,,,,,,,,,,30.00,,,,,,,false,true,12,2018-04-01,2019-03-31,0
2018-11-05,63640,2019-03-31,2,,,,,,,,,,,,,,,,,,,,,,,,,,,,,,,,,30165418,806187,29357875,false,false,6,2018-04-01,2018-09-30,0
2018-11-05,63640,2018-03-31,2,,,,,,,,,,,,,,,,,,,,,,,,,,,,,,,,,,,29375613,false,false,6,2017-04-01,2017-09-30,-1
2019-01-30,63640,2019-03-31,3,30002000000,0.136,,,,,4124000000,0.233,4203000000,0.214,,2776000000,,94.59,,,,,,42163000000,25819000000,0.610,876.31,25707000000,,,,,,,,,,,,true,false,9,2018-04-01,2018-12-31,0
2019-01-30,63640,2018-03-31,3,26417000000,0.101,,,,,3344000000,0.023,3462000000,0.030,,2334000000,,79.49,,,,,,,,,,,,,,,,,,,,,,true,false,9,2017-04-01,2017-12-31,-1
2019-01-30,63640,2019-03-31,3,37000000000,0.055,,,,,4780000000,0.048,4800000000,0.022,,3250000000,,110.72,,,,,,,,,,,,,,,,,,,,,,true,true,12,2018-04-01,2019-03-31,0
2019-01-30,63640,2018-03-31,3,,,,,,,,,,,,,,,,,,,,39406000000,24542000000,0.620,832.21,24427000000,,,,,,,,,,,,true,false,12,2017-04-01,2018-03-31,-1
2019-01-30,63640,2018-03-31,3,,,,,,,,,,,,,,,,,,,,,,,,,,,,,34.00,,,,30165418,812669,,false,false,12,2017-04-01,2018-03-31,-1
2019-01-30,63640,2019-03-31,3,,,,,,,,,,,,,,,,,,,,,,,,,,,,,15.00,,,,,,,false,false,12,2018-04-01,2019-03-31,0
2019-01-30,63640,2019-03-31,3,,,,,,,,,,,,,,,,,,,,,,,,,,,,,30.00,,,,,,,false,true,12,2018-04-01,2019-03-31,0
2019-01-30,63640,2019-03-31,3,,,,,,,,,,,,,,,,,,,,,,,,,,,,,,,,,30165418,829590,29353661,false,false,9,2018-04-01,2018-12-31,0
2019-01-30,63640,2018-03-31,3,,,,,,,,,,,,,,,,,,,,,,,,,,,,,,,,,,,29371053,false,false,9,2017-04-01,2017-12-31,-1
2019-02-25,63640,2019-03-31,,39600000000,0.070,,,,,5260000000,0.100,5440000000,0.133,3660000000,,0.126,124.69,,,,,,,,,,,,,,,,,,,,,,true,true,12,2018-04-01,2019-03-31,0
2019-02-25,63640,2018-03-31,,35075000000,,,,,,4561000000,,4697000000,,3233000000,,,110.09,,,,,,,,,,,,,,,,,,,,,,true,false,12,2017-04-01,2018-03-31,-1
2019-02-25,63640,2019-03-31,,,,,,,,,,,,,,,,,,,,,,,,,,,,,,35.00,,,,,,,false,true,12,2018-04-01,2019-03-31,0
2019-02-25,63640,2019-03-31,,,,,,,,,,,,,,,,,,,,,,,,,,,,,,15.00,,,,,,,false,false,12,2018-04-01,2019-03-31,0
2019-02-25,63640,2018-03-31,,,,,,,,,,,,,,,,,,,,,,,,,,,,,,34.00,,,,,,,false,false,12,2017-04-01,2018-03-31,-1
2019-05-10,63640,2019-03-31,,41022000000,0.170,,,,,5410000000,0.186,5643000000,0.201,,3759000000,,128.09,,0.147,0.136,0.132,,43389000000,26711000000,0.613,906.57,26595000000,3324000000,-1816000000,-1429000000,10285000000,,0.273,,,,,,true,false,12,2018-04-01,2019-03-31,0
2019-05-10,63640,2018-03-31,,35075000000,0.047,,,,,4561000000,-0.007,4697000000,0.033,,3233000000,,110.09,,0.141,0.127,0.130,,39406000000,24542000000,0.620,832.21,24427000000,3025000000,-150000000,502000000,10162000000,,0.309,,,,,,true,false,12,2017-04-01,2018-03-31,-1
2019-05-10,63640,2020-03-31,,20000000000,0.045,,,,,2700000000,0.089,2600000000,-0.028,,1700000000,,57.95,,,,,,,,,,,,,,,,,,,,,,true,true,6,2019-04-01,2019-09-30,1
2019-05-10,63640,2020-03-31,,41000000000,-0.001,,,,,5540000000,0.024,5370000000,-0.048,,3582000000,,122.10,,,,,,,,,,,,,,,,0.287,,,,,,true,true,12,2019-04-01,2020-03-31,1
2019-05-10,63640,2019-03-31,,38820000000,0.144,,,,,2864000000,0.042,3891000000,0.127,2744000000,,0.090,93.50,,,,,,36276000000,20960000000,0.578,714.48,20960000000,,,,,35.00,,,,30165418,828590,29349676,false,false,12,2018-04-01,2019-03-31,0
2019-05-10,63640,2018-03-31,,33945000000,0.062,,,,,2750000000,0.325,3453000000,0.230,2517000000,,0.191,85.73,,,,,,34039000000,19733000000,0.580,672.30,19733000000,,,,,34.00,,,,30165418,812669,29366799,false,false,12,2017-04-01,2018-03-31,-1
2019-05-10,63640,2020-03-31,,,,,,,,,,,,,,,,,,,,,,,,,,,,,,35.00,,,,,,,false,true,12,2019-04-01,2020-03-31,1
2019-07-30,63640,2020-03-31,1,9792000000,0.102,,,,,1294000000,0.137,1272000000,0.014,,857000000,,29.24,,,,,,43466000000,26976000000,0.618,915.55,26861000000,,,,,,,,,,,,true,false,3,2019-04-01,2019-06-30,0
2019-07-30,63640,2019-03-31,1,8885000000,0.128,,,,,1138000000,0.417,1254000000,0.466,,822000000,,28.03,,,,,,,,,,,,,,,,,,,,,,true,false,3,2018-04-01,2018-06-30,-1
2019-07-30,63640,2020-03-31,1,20000000000,0.045,,,,,2700000000,0.089,2600000000,-0.028,,1700000000,,57.95,,,,,,,,,,,,,,,,,,,,,,true,true,6,2019-04-01,2019-09-30,0
2019-07-30,63640,2020-03-31,1,41000000000,-0.001,,,,,5540000000,0.024,5370000000,-0.048,,3582000000,,122.10,,,,,,,,,,,,,,,,,,,,,,true,true,12,2019-04-01,2020-03-31,0
2019-07-30,63640,2019-03-31,1,,,,,,,,,,,,,,,,,,,,43389000000,26711000000,0.613,906.57,26595000000,,,,,,,,,,,,true,false,12,2018-04-01,2019-03-31,-1
2019-07-30,63640,2019-03-31,1,,,,,,,,,,,,,,,,,,,,,,,,,,,,,35.00,,,,30165418,828590,,false,false,12,2018-04-01,2019-03-31,-1
2019-07-30,63640,2020-03-31,1,,,,,,,,,,,,,,,,,,,,,,,,,,,,,35.00,,,,,,,false,true,12,2019-04-01,2020-03-31,0
2019-07-30,63640,2020-03-31,1,,,,,,,,,,,,,,,,,,,,,,,,,,,,,,,,,30165418,826690,29337953,false,false,3,2019-04-01,2019-06-30,0
2019-07-30,63640,2019-03-31,1,,,,,,,,,,,,,,,,,,,,,,,,,,,,,,,,,,,29356998,false,false,3,2018-04-01,2018-06-30,-1
2019-11-06,63640,2020-03-31,2,21124000000,0.103,,,,,2741000000,0.106,2815000000,0.052,,1867000000,,63.66,,,,,,44127000000,27889000000,0.629,946.96,27773000000,,,,,,,,,,,,true,false,6,2019-04-01,2019-09-30,0
2019-11-06,63640,2019-03-31,2,19143000000,0.176,,,,,2478000000,0.353,2675000000,0.389,,1746000000,,59.48,,,,,,,,,,,,,,,,,,,,,,true,false,6,2018-04-01,2018-09-30,-1
2019-11-06,63640,2020-03-31,2,41000000000,-0.001,,,,,5540000000,0.024,5370000000,-0.048,,3582000000,,122.10,,,,,,,,,,,,,,,,,,,,,,true,true,12,2019-04-01,2020-03-31,0
2019-11-06,63640,2019-03-31,2,,,,,,,,,,,,,,,,,,,,43389000000,26711000000,0.613,906.57,26595000000,,,,,,,,,,,,true,false,12,2018-04-01,2019-03-31,-1
2019-11-06,63640,2019-03-31,2,,,,,,,,,,,,,,,,,,,,,,,,,,,,,35.00,,,,30165418,828590,,false,false,12,2018-04-01,2019-03-31,-1
2019-11-06,63640,2020-03-31,2,,,,,,,,,,,,,,,,,,,,,,,,,,,,,15.00,,,,,,,false,false,12,2019-04-01,2020-03-31,0
2019-11-06,63640,2020-03-31,2,,,,,,,,,,,,,,,,,,,,,,,,,,,,,35.00,,,,,,,false,true,12,2019-04-01,2020-03-31,0
2019-11-06,63640,2020-03-31,2,,,,,,,,,,,,,,,,,,,,,,,,,,,,,,,,,30165418,836728,29337589,false,false,6,2019-04-01,2019-09-30,0
2019-11-06,63640,2019-03-31,2,,,,,,,,,,,,,,,,,,,,,,,,,,,,,,,,,,,29357875,false,false,6,2018-04-01,2018-09-30,-1
2020-01-30,63640,2020-03-31,3,32007000000,0.067,,,,,4111000000,-0.003,4278000000,0.018,,2840000000,,96.86,,,,,,43983000000,28484000000,0.645,967.90,28365000000,,,,,,,,,,,,true,false,9,2019-04-01,2019-12-31,0
2020-01-30,63640,2019-03-31,3,30002000000,0.136,,,,,4124000000,0.233,4203000000,0.214,,2776000000,,94.59,,,,,,,,,,,,,,,,,,,,,,true,false,9,2018-04-01,2018-12-31,-1
2020-01-30,63640,2020-03-31,3,41000000000,-0.001,,,,,5540000000,0.024,5370000000,-0.048,,3582000000,,122.10,,,,,,,,,,,,,,,,,,,,,,true,true,12,2019-04-01,2020-03-31,0
2020-01-30,63640,2019-03-31,3,,,,,,,,,,,,,,,,,,,,43389000000,26711000000,0.613,906.57,26595000000,,,,,,,,,,,,true,false,12,2018-04-01,2019-03-31,-1
2020-01-30,63640,2019-03-31,3,,,,,,,,,,,,,,,,,,,,,,,,,,,,,35.00,,,,30165418,828590,,false,false,12,2018-04-01,2019-03-31,-1
2020-01-30,63640,2020-03-31,3,,,,,,,,,,,,,,,,,,,,,,,,,,,,,15.00,,,,,,,false,false,12,2019-04-01,2020-03-31,0
2020-01-30,63640,2020-03-31,3,,,,,,,,,,,,,,,,,,,,,,,,,,,,,35.00,,,,,,,false,true,12,2019-04-01,2020-03-31,0
2020-01-30,63640,2020-03-31,3,,,,,,,,,,,,,,,,,,,,,,,,,,,,,,,,,30165418,859488,29330397,false,false,9,2019-04-01,2019-12-31,0
2020-01-30,63640,2019-03-31,3,,,,,,,,,,,,,,,,,,,,,,,,,,,,,,,,,,,29353661,false,false,9,2018-04-01,2018-12-31,-1
2020-05-21,63640,2020-03-31,,41789000000,0.019,,,,,5320000000,-0.017,5461000000,-0.032,,3621000000,,123.50,,0.131,0.124,0.127,,44663000000,28886000000,0.644,981.44,28763000000,4260000000,-2429000000,-1496000000,10672000000,,0.283,,,,,,true,false,12,2019-04-01,2020-03-31,0
2020-05-21,63640,2019-03-31,,41022000000,0.170,,,,,5410000000,0.186,5643000000,0.201,,3759000000,,128.09,,0.147,0.136,0.132,,43389000000,26711000000,0.613,906.57,26595000000,3324000000,-1816000000,-1429000000,10285000000,,0.273,,,,,,true,false,12,2018-04-01,2019-03-31,-1
2020-05-21,63640,2020-03-31,,38299000000,-0.013,,,,,2906000000,0.015,3717000000,-0.045,2588000000,,-0.057,88.27,,,,,,35989000000,22112000000,0.614,754.51,22112000000,,,,,35.00,,,,30165418,857966,29325037,false,false,12,2019-04-01,2020-03-31,0
2020-05-21,63640,2019-03-31,,38820000000,0.144,,,,,2864000000,0.042,3891000000,0.127,2744000000,,0.090,93.50,,,,,,36276000000,20960000000,0.578,714.48,20960000000,,,,,35.00,,,,30165418,828590,29349676,false,false,12,2018-04-01,2019-03-31,-1
2020-08-07,63640,2021-03-31,1,8030000000,-0.180,,,,,527000000,-0.592,557000000,-0.562,,320000000,,10.98,,,,,,41330000000,28468000000,0.686,975.12,28345000000,,,,,,,,,,,,true,false,3,2020-04-01,2020-06-30,0
2020-08-07,63640,2020-03-31,1,9792000000,0.102,,,,,1294000000,0.137,1272000000,0.014,,857000000,,29.24,,,,,,,,,,,,,,,,,,,,,,true,false,3,2019-04-01,2019-06-30,-1
2020-08-07,63640,2021-03-31,1,14500000000,-0.314,,,,,630000000,-0.770,660000000,-0.766,,450000000,,15.44,,,,,,,,,,,,,,,,,,,,,,true,true,6,2020-04-01,2020-09-30,0
2020-08-07,63640,2021-03-31,1,30000000000,-0.282,,,,,1400000000,-0.737,1430000000,-0.738,,980000000,,33.67,,,,,,,,,,,,,,,,,,,,,,true,true,12,2020-04-01,2021-03-31,0
2020-08-07,63640,2020-03-31,1,,,,,,,,,,,,,,,,,,,,44663000000,28886000000,0.644,981.44,28763000000,,,,,,,,,,,,true,false,12,2019-04-01,2020-03-31,-1
2020-08-07,63640,2020-03-31,1,,,,,,,,,,,,,,,,,,,,,,,,,,,,,35.00,,,,30165418,857966,,false,false,12,2019-04-01,2020-03-31,-1
2020-08-07,63640,2021-03-31,1,,,,,,,,,,,,,,,,,,,,,,,,,,,,,12.00,,,,,,,false,true,12,2020-04-01,2021-03-31,0
2020-08-07,63640,2021-03-31,1,,,,,,,,,,,,,,,,,,,,,,,,,,,,,,,,,30165418,1096266,29189277,false,false,3,2020-04-01,2020-06-30,0
2020-08-07,63640,2020-03-31,1,,,,,,,,,,,,,,,,,,,,,,,,,,,,,,,,,,,29337953,false,false,3,2019-04-01,2019-06-30,-1
2020-11-05,63640,2021-03-31,2,15333000000,-0.274,,,,,763000000,-0.721,847000000,-0.699,,516000000,,17.76,,,,,,40076000000,28436000000,0.706,982.58,28312000000,,,,,,,,,,,,true,false,6,2020-04-01,2020-09-30,0
2020-11-05,63640,2020-03-31,2,21124000000,0.103,,,,,2741000000,0.106,2815000000,0.052,,1867000000,,63.66,,,,,,,,,,,,,,,,,,,,,,true,false,6,2019-04-01,2019-09-30,-1
2020-11-05,63640,2021-03-31,2,30000000000,-0.282,,,,,1400000000,-0.737,1430000000,-0.738,,980000000,,33.67,,,,,,,,,,,,,,,,,,,,,,true,true,12,2020-04-01,2021-03-31,0
2020-11-05,63640,2020-03-31,2,,,,,,,,,,,,,,,,,,,,44663000000,28886000000,0.644,981.44,28763000000,,,,,,,,,,,,true,false,12,2019-04-01,2020-03-31,-1
2020-11-05,63640,2020-03-31,2,,,,,,,,,,,,,,,,,,,,,,,,,,,,,35.00,,,,30165418,857966,,false,false,12,2019-04-01,2020-03-31,-1
2020-11-05,63640,2021-03-31,2,,,,,,,,,,,,,,,,,,,,,,,,,,,,,5.00,,,,,,,false,false,12,2020-04-01,2021-03-31,0
2020-11-05,63640,2021-03-31,2,,,,,,,,,,,,,,,,,,,,,,,,,,,,,12.00,,,,,,,false,true,12,2020-04-01,2021-03-31,0
2020-11-05,63640,2021-03-31,2,,,,,,,,,,,,,,,,,,,,,,,,,,,,,,,,,30165418,1350850,29060095,false,false,6,2020-04-01,2020-09-30,0
2020-11-05,63640,2020-03-31,2,,,,,,,,,,,,,,,,,,,,,,,,,,,,,,,,,,,29337589,false,false,6,2019-04-01,2019-09-30,-1
2021-02-05,63640,2021-03-31,3,23880000000,-0.254,,,,,1638000000,-0.602,1735000000,-0.594,,1123000000,,38.76,,,,,,41826000000,28784000000,0.685,995.64,28659000000,,,,,,,,,,,,true,false,9,2020-04-01,2020-12-31,0
2021-02-05,63640,2020-03-31,3,32007000000,0.067,,,,,4111000000,-0.003,4278000000,0.018,,2840000000,,96.86,,,,,,,,,,,,,,,,,,,,,,true,false,9,2019-04-01,2019-12-31,-1
2021-02-05,63640,2021-03-31,3,31800000000,-0.239,,,,,2420000000,-0.545,2510000000,-0.540,,1700000000,,58.75,,,,,,,,,,,,,,,,,,,,,,true,true,12,2020-04-01,2021-03-31,0
2021-02-05,63640,2020-03-31,3,,,,,,,,,,,,,,,,,,,,44663000000,28886000000,0.644,981.44,28763000000,,,,,,,,,,,,true,false,12,2019-04-01,2020-03-31,-1
2021-02-05,63640,2020-03-31,3,,,,,,,,,,,,,,,,,,,,,,,,,,,,,35.00,,,,30165418,857966,,false,false,12,2019-04-01,2020-03-31,-1
2021-02-05,63640,2021-03-31,3,,,,,,,,,,,,,,,,,,,,,,,,,,,,,5.00,,,,,,,false,false,12,2020-04-01,2021-03-31,0
2021-02-05,63640,2021-03-31,3,,,,,,,,,,,,,,,,,,,,,,,,,,,,,20.00,,,,,,,false,true,12,2020-04-01,2021-03-31,0
2021-02-05,63640,2021-03-31,3,,,,,,,,,,,,,,,,,,,,,,,,,,,,,,,,,30165418,1380050,28980687,false,false,9,2020-04-01,2020-12-31,0
2021-02-05,63640,2020-03-31,3,,,,,,,,,,,,,,,,,,,,,,,,,,,,,,,,,,,29330397,false,false,9,2019-04-01,2019-12-31,-1
2021-05-10,63640,2021-03-31,,32929000000,-0.212,,,,,2489000000,-0.532,2920000000,-0.465,,1944000000,,67.20,,0.066,0.066,0.076,,43379000000,29962000000,0.688,1036.37,29834000000,4099000000,-2017000000,-1731000000,11049000000,,0.327,,,,,,true,false,12,2020-04-01,2021-03-31,0
2021-05-10,63640,2020-03-31,,41789000000,0.019,,,,,5320000000,-0.017,5461000000,-0.032,,3621000000,,123.50,,0.131,0.124,0.127,,44663000000,28886000000,0.644,981.44,28763000000,4260000000,-2429000000,-1496000000,10672000000,,0.283,,,,,,true,false,12,2019-04-01,2020-03-31,-1
2021-05-10,63640,2022-03-31,,16500000000,0.076,,,,,1250000000,0.636,1280000000,0.510,,890000000,,30.92,,,,,,,,,,,,,,,,,,,,,,true,true,6,2021-04-01,2021-09-30,1
2021-05-10,63640,2022-03-31,,35000000000,0.063,,,,,3130000000,0.257,3200000000,0.096,,2160000000,,75.03,,,,,,,,,,,,,,,,0.333,,,,,,true,true,12,2021-04-01,2022-03-31,1
2021-05-10,63640,2021-03-31,,29975000000,-0.217,,,,,1500000000,-0.484,2110000000,-0.432,1424000000,,-0.450,49.23,,,,,,35556000000,22685000000,0.638,788.02,22685000000,,,,,22.00,,,,30165418,1377850,28935921,false,false,12,2020-04-01,2021-03-31,0
2021-05-10,63640,2020-03-31,,38299000000,-0.013,,,,,2906000000,0.015,3717000000,-0.045,2588000000,,-0.057,88.27,,,,,,35989000000,22112000000,0.614,754.51,22112000000,,,,,35.00,,,,30165418,857966,29325037,false,false,12,2019-04-01,2020-03-31,-1
2021-05-10,63640,2022-03-31,,,,,,,,,,,,,,,,,,,,,,,,,,,,,,25.00,,,,,,,false,true,12,2021-04-01,2022-03-31,1
2021-07-30,63640,2022-03-31,1,7669000000,-0.045,,,,,625000000,0.185,659000000,0.184,,453000000,,15.75,,,,,,44190000000,29860000000,0.673,1032.27,29730000000,,,,,,,,,,,,true,false,3,2021-04-01,2021-06-30,0
2021-07-30,63640,2021-03-31,1,8030000000,-0.180,,,,,527000000,-0.592,557000000,-0.562,,320000000,,10.98,,,,,,,,,,,,,,,,,,,,,,true,false,3,2020-04-01,2020-06-30,-1
2021-07-30,63640,2022-03-31,1,16500000000,0.076,,,,,1250000000,0.636,1280000000,0.510,,890000000,,30.92,,,,,,,,,,,,,,,,,,,,,,true,true,6,2021-04-01,2021-09-30,0
2021-07-30,63640,2022-03-31,1,35000000000,0.063,,,,,3130000000,0.257,3200000000,0.096,,2160000000,,75.03,,,,,,,,,,,,,,,,,,,,,,true,true,12,2021-04-01,2022-03-31,0
2021-07-30,63640,2021-03-31,1,,,,,,,,,,,,,,,,,,,,43379000000,29962000000,0.688,1036.37,29834000000,,,,,,,,,,,,true,false,12,2020-04-01,2021-03-31,-1
2021-07-30,63640,2021-03-31,1,,,,,,,,,,,,,,,,,,,,,,,,,,,,,22.00,,,,30165418,1377850,,false,false,12,2020-04-01,2021-03-31,-1
2021-07-30,63640,2022-03-31,1,,,,,,,,,,,,,,,,,,,,,,,,,,,,,25.00,,,,,,,false,true,12,2021-04-01,2022-03-31,0
2021-07-30,63640,2022-03-31,1,,,,,,,,,,,,,,,,,,,,,,,,,,,,,,,,,30165418,1363829,28797559,false,false,3,2021-04-01,2021-06-30,0
2021-07-30,63640,2021-03-31,1,,,,,,,,,,,,,,,,,,,,,,,,,,,,,,,,,,,29189277,false,false,3,2020-04-01,2020-06-30,-1
2021-10-29,63640,2022-03-31,,16880000000,0.023,,,,,1680000000,0.344,1790000000,0.398,1230000000,,0.382,42.73,,,,,,,,,,,,,,,,,,,,,,true,true,6,2021-04-01,2021-09-30,0
2021-10-29,63640,2021-03-31,,15333000000,,,,,,763000000,,847000000,,516000000,,,17.76,,,,,,,,,,,,,,,,,,,,,,true,false,6,2020-04-01,2020-09-30,-1
2021-11-08,6364,2022-03-31,2,16888000000,0.101,,,,,1683000000,1.204,1793000000,1.115,,1235000000,,42.88,,,,,,44189000000,30701000000,0.692,1060.89,30566000000,,,,,,,,,,,,true,false,6,2021-04-01,2021-09-30,0
2021-11-08,6364,2021-03-31,2,15333000000,-0.274,,,,,763000000,-0.721,847000000,-0.699,,516000000,,17.76,,,,,,,,,,,,,,,,,,,,,,true,false,6,2020-04-01,2020-09-30,-1
2021-11-08,6364,2022-03-31,2,35000000000,0.063,,,,,3130000000,0.257,3200000000,0.096,,2160000000,,75.03,,,,,,,,,,,,,,,,,,,,,,true,true,12,2021-04-01,2022-03-31,0
2021-11-08,6364,2021-03-31,2,,,,,,,,,,,,,,,,,,,,43379000000,29962000000,0.688,1036.37,29834000000,,,,,,,,,,,,true,false,12,2020-04-01,2021-03-31,-1
2021-11-08,6364,2021-03-31,2,,,,,,,,,,,,,,,,,,,,,,,,,,,,,22.00,,,,30165418,1377850,,false,false,12,2020-04-01,2021-03-31,-1
2021-11-08,6364,2022-03-31,2,,,,,,,,,,,,,,,,,,,,,,,,,,,,,10.00,,,,,,,false,false,12,2021-04-01,2022-03-31,0
2021-11-08,6364,2022-03-31,2,,,,,,,,,,,,,,,,,,,,,,,,,,,,,25.00,,,,,,,false,true,12,2021-04-01,2022-03-31,0
2021-11-08,6364,2022-03-31,2,,,,,,,,,,,,,,,,,,,,,,,,,,,,,,,,,30165418,1353329,28807657,false,false,6,2021-04-01,2021-09-30,0
2021-11-08,6364,2021-03-31,2,,,,,,,,,,,,,,,,,,,,,,,,,,,,,,,,,,,29060095,false,false,6,2020-04-01,2020-09-30,-1
2022-01-31,6364,2022-03-31,3,26703000000,0.118,,,,,2569000000,0.569,2798000000,0.612,,1901000000,,66.08,,,,,,44843000000,30805000000,0.684,1071.37,30665000000,,,,,,,,,,,,true,false,9,2021-04-01,2021-12-31,0
2022-01-31,6364,2021-03-31,3,23880000000,-0.254,,,,,1638000000,-0.602,1735000000,-0.594,,1123000000,,38.76,,,,,,,,,,,,,,,,,,,,,,true,false,9,2020-04-01,2020-12-31,-1
2022-01-31,6364,2022-03-31,3,35000000000,0.063,,,,,3130000000,0.257,3200000000,0.096,,2160000000,,75.03,,,,,,,,,,,,,,,,,,,,,,true,true,12,2021-04-01,2022-03-31,0
2022-01-31,6364,2021-03-31,3,,,,,,,,,,,,,,,,,,,,43379000000,29962000000,0.688,1036.37,29834000000,,,,,,,,,,,,true,false,12,2020-04-01,2021-03-31,-1
2022-01-31,6364,2021-03-31,3,,,,,,,,,,,,,,,,,,,,,,,,,,,,,22.00,,,,30165418,1377850,,false,false,12,2020-04-01,2021-03-31,-1
2022-01-31,6364,2022-03-31,3,,,,,,,,,,,,,,,,,,,,,,,,,,,,,10.00,,,,,,,false,false,12,2021-04-01,2022-03-31,0
2022-01-31,6364,2022-03-31,3,,,,,,,,,,,,,,,,,,,,,,,,,,,,,25.00,,,,,,,false,true,12,2021-04-01,2022-03-31,0
2022-01-31,6364,2022-03-31,3,,,,,,,,,,,,,,,,,,,,,,,,,,,,,,,,,30165418,1542589,28779309,false,false,9,2021-04-01,2021-12-31,0
2022-01-31,6364,2021-03-31,3,,,,,,,,,,,,,,,,,,,,,,,,,,,,,,,,,,,28980687,false,false,9,2020-04-01,2020-12-31,-1
2022-04-28,63640,2022-03-31,,36650000000,0.047,,,,,3570000000,0.141,4050000000,0.266,2740000000,,0.269,95.46,,,,,,,,,,,,,,,,,,,,,,true,true,12,2021-04-01,2022-03-31,0
2022-04-28,63640,2021-03-31,,32929000000,,,,,,2489000000,,2920000000,,1944000000,,,67.20,,,,,,,,,,,,,,,,,,,,,,true,false,12,2020-04-01,2021-03-31,-1
2022-04-28,63640,2022-03-31,,,,,,,,,,,,,,,,,,,,,,,,,,,,,,30.00,,,,,,,false,true,12,2021-04-01,2022-03-31,0
2022-04-28,63640,2022-03-31,,,,,,,,,,,,,,,,,,,,,,,,,,,,,,10.00,,,,,,,false,false,12,2021-04-01,2022-03-31,0
2022-04-28,63640,2021-03-31,,,,,,,,,,,,,,,,,,,,,,,,,,,,,,22.00,,,,,,,false,false,12,2020-04-01,2021-03-31,-1
2022-05-10,6364,2022-03-31,,36650000000,0.113,,,,,3570000000,0.434,4055000000,0.388,,2748000000,,95.76,,0.090,0.091,0.097,,45827000000,31303000000,0.680,1097.97,31161000000,2276000000,-615000000,-2222000000,10613000000,,0.313,,,,,,true,false,12,2021-04-01,2022-03-31,0
2022-05-10,6364,2021-03-31,,32929000000,-0.212,,,,,2489000000,-0.532,2920000000,-0.465,,1944000000,,67.20,,0.066,0.066,0.076,,43379000000,29962000000,0.688,1036.37,29834000000,4099000000,-2017000000,-1731000000,11049000000,,0.327,,,,,,true,false,12,2020-04-01,2021-03-31,-1
2022-05-10,6364,2023-03-31,,19500000000,0.155,,,,,1620000000,-0.038,1700000000,-0.052,,1190000000,,41.93,,,,,,,,,,,,,,,,,,,,,,true,true,6,2022-04-01,2022-09-30,1
2022-05-10,6364,2023-03-31,,40000000000,0.091,,,,,3820000000,0.070,4000000000,-0.014,,2760000000,,97.25,,,,,,,,,,,,,,,,0.308,,,,,,true,true,12,2022-04-01,2023-03-31,1
2022-05-10,6364,2022-03-31,,35539000000,0.186,,,,,2179000000,0.453,3090000000,0.464,2128000000,,0.494,74.16,,,,,,37611000000,23252000000,0.618,819.28,23252000000,,,,,30.00,,,,30165418,1784261,28703998,false,false,12,2021-04-01,2022-03-31,0
2022-05-10,6364,2021-03-31,,29975000000,-0.217,,,,,1500000000,-0.484,2110000000,-0.432,1424000000,,-0.450,49.23,,,,,,35556000000,22685000000,0.638,788.02,22685000000,,,,,22.00,,,,30165418,1377850,28935921,false,false,12,2020-04-01,2021-03-31,-1
2022-05-10,6364,2023-03-31,,,,,,,,,,,,,,,,,,,,,,,,,,,,,,30.00,,,,,,,false,true,12,2022-04-01,2023-03-31,1
2022-07-29,6364,2023-03-31,1,10506000000,0.370,,,,,806000000,0.289,1371000000,1.079,,946000000,,33.35,,,,,,47693000000,31749000000,0.663,1113.60,31608000000,,,,,,,,,,,,true,false,3,2022-04-01,2022-06-30,0
2022-07-29,6364,2022-03-31,1,7669000000,-0.045,,,,,625000000,0.185,659000000,0.184,,453000000,,15.75,,,,,,,,,,,,,,,,,,,,,,true,false,3,2021-04-01,2021-06-30,-1
2022-07-29,6364,2023-03-31,1,19500000000,0.155,,,,,1620000000,-0.038,1700000000,-0.052,,1190000000,,41.93,,,,,,,,,,,,,,,,,,,,,,true,true,6,2022-04-01,2022-09-30,0
2022-07-29,6364,2023-03-31,1,40000000000,0.091,,,,,3820000000,0.070,4000000000,-0.014,,2760000000,,97.25,,,,,,,,,,,,,,,,,,,,,,true,true,12,2022-04-01,2023-03-31,0
2022-07-29,6364,2022-03-31,1,,,,,,,,,,,,,,,,,,,,45827000000,31303000000,0.680,1097.97,31161000000,,,,,,,,,,,,true,false,12,2021-04-01,2022-03-31,-1
2022-07-29,6364,2022-03-31,1,,,,,,,,,,,,,,,,,,,,,,,,,,,,,30.00,,,,30165418,1784261,,false,false,12,2021-04-01,2022-03-31,-1
2022-07-29,6364,2023-03-31,1,,,,,,,,,,,,,,,,,,,,,,,,,,,,,30.00,,,,,,,false,true,12,2022-04-01,2023-03-31,0
2022-07-29,6364,2023-03-31,1,,,,,,,,,,,,,,,,,,,,,,,,,,,,,,,,,30165418,1781661,28382807,false,false,3,2022-04-01,2022-06-30,0
2022-07-29,6364,2022-03-31,1,,,,,,,,,,,,,,,,,,,,,,,,,,,,,,,,,,,28797559,false,false,3,2021-04-01,2021-06-30,-1
2022-10-28,63640,2023-03-31,,22430000000,0.150,,,,,2460000000,0.519,3130000000,0.841,,2140000000,,75.40,,,,,,,,,,,,,,,,,,,,,,true,true,6,2022-04-01,2022-09-30,0
2022-10-28,63640,2022-03-31,,16888000000,,,,,,1683000000,,1793000000,,,1235000000,,42.88,,,,,,,,,,,,,,,,,,,,,,true,false,6,2021-04-01,2021-09-30,-1
2022-10-28,63640,2023-03-31,,44500000000,0.113,,,,,5250000000,0.374,5400000000,0.350,,3672000000,,129.38,,,,,,,,,,,,,,,,,,,,,,true,true,12,2022-04-01,2023-03-31,0
2022-10-28,63640,2022-03-31,,36650000000,,,,,,3570000000,,4055000000,,,2748000000,,95.76,,,,,,,,,,,,,,,,,,,,,,true,false,12,2021-04-01,2022-03-31,-1
2022-10-28,63640,2023-03-31,,,,,,,,,,,,,,,,,,,,,,,,,,,,,,35.00,,,,,,,false,true,12,2022-04-01,2023-03-31,0
2022-10-28,63640,2022-03-31,,,,,,,,,,,,,,,,,,,,,,,,,,,,,,30.00,,,,,,,false,false,12,2021-04-01,2022-03-31,-1
2022-11-07,6364,2023-03-31,2,22437000000,0.329,,,,,2461000000,0.462,3134000000,0.748,,2149000000,,75.71,,,,,,49641000000,33172000000,0.665,1163.40,33025000000,,,,,,,,,,,,true,false,6,2022-04-01,2022-09-30,0
2022-11-07,6364,2022-03-31,2,16888000000,0.101,,,,,1683000000,1.204,1793000000,1.115,,1235000000,,42.88,,,,,,,,,,,,,,,,,,,,,,true,false,6,2021-04-01,2021-09-30,-1
2022-11-07,6364,2023-03-31,2,44500000000,0.214,,,,,5250000000,0.471,5400000000,0.332,,3672000000,,129.38,,,,,,,,,,,,,,,,,,,,,,true,true,12,2022-04-01,2023-03-31,0
2022-11-07,6364,2022-03-31,2,,,,,,,,,,,,,,,,,,,,45827000000,31303000000,0.680,1097.97,31161000000,,,,,,,,,,,,true,false,12,2021-04-01,2022-03-31,-1
2022-11-07,6364,2022-03-31,2,,,,,,,,,,,,,,,,,,,,,,,,,,,,,30.00,,,,30165418,1784261,,false,false,12,2021-04-01,2022-03-31,-1
2022-11-07,6364,2023-03-31,2,,,,,,,,,,,,,,,,,,,,,,,,,,,,,15.00,,,,,,,false,false,12,2022-04-01,2023-03-31,0
2022-11-07,6364,2023-03-31,2,,,,,,,,,,,,,,,,,,,,,,,,,,,,,35.00,,,,,,,false,true,12,2022-04-01,2023-03-31,0
2022-11-07,6364,2023-03-31,2,,,,,,,,,,,,,,,,,,,,,,,,,,,,,,,,,30165418,1778461,28388814,false,false,6,2022-04-01,2022-09-30,0
2022-11-07,6364,2022-03-31,2,,,,,,,,,,,,,,,,,,,,,,,,,,,,,,,,,,,28807657,false,false,6,2021-04-01,2021-09-30,-1
2023-01-31,6364,2023-03-31,3,36135000000,0.353,,,,,4492000000,0.748,4199000000,0.500,,2878000000,,101.49,,,,,,51137000000,33462000000,0.651,1180.93,33310000000,,,,,,,,,,,,true,false,9,2022-04-01,2022-12-31,0
2023-01-31,6364,2022-03-31,3,26703000000,0.118,,,,,2569000000,0.569,2798000000,0.612,,1901000000,,66.08,,,,,,,,,,,,,,,,,,,,,,true,false,9,2021-04-01,2021-12-31,-1
2023-01-31,6364,2023-03-31,3,44500000000,0.214,,,,,5250000000,0.471,5400000000,0.332,,3672000000,,129.38,,,,,,,,,,,,,,,,,,,,,,true,true,12,2022-04-01,2023-03-31,0
2023-01-31,6364,2022-03-31,3,,,,,,,,,,,,,,,,,,,,45827000000,31303000000,0.680,1097.97,31161000000,,,,,,,,,,,,true,false,12,2021-04-01,2022-03-31,-1
2023-01-31,6364,2022-03-31,3,,,,,,,,,,,,,,,,,,,,,,,,,,,,,30.00,,,,30165418,1784261,,false,false,12,2021-04-01,2022-03-31,-1
2023-01-31,6364,2023-03-31,3,,,,,,,,,,,,,,,,,,,,,,,,,,,,,15.00,,,,,,,false,false,12,2022-04-01,2023-03-31,0
2023-01-31,6364,2023-03-31,3,,,,,,,,,,,,,,,,,,,,,,,,,,,,,35.00,,,,,,,false,true,12,2022-04-01,2023-03-31,0
2023-01-31,6364,2023-03-31,3,,,,,,,,,,,,,,,,,,,,,,,,,,,,,,,,,30165418,1958182,28358705,false,false,9,2022-04-01,2022-12-31,0
2023-01-31,6364,2022-03-31,3,,,,,,,,,,,,,,,,,,,,,,,,,,,,,,,,,,,28779309,false,false,9,2021-04-01,2021-12-31,-1
2023-04-28,63640,2023-03-31,,49000000000,0.101,,,,,4840000000,-0.078,5380000000,-0.004,,3750000000,,132.40,,,,,,,,,,,,,,,,,,,,,,true,true,12,2022-04-01,2023-03-31,0
2023-04-28,63640,2022-03-31,,36650000000,,,,,,3570000000,,4055000000,,,2748000000,,95.76,,,,,,,,,,,,,,,,,,,,,,true,false,12,2021-04-01,2022-03-31,-1
2023-04-28,63640,2023-03-31,,,,,,,,,,,,,,,,,,,,,,,,,,,,,,45.00,,,,,,,false,true,12,2022-04-01,2023-03-31,0
2023-04-28,63640,2023-03-31,,,,,,,,,,,,,,,,,,,,,,,,,,,,,,15.00,,,,,,,false,false,12,2022-04-01,2023-03-31,0
2023-04-28,63640,2022-03-31,,,,,,,,,,,,,,,,,,,,,,,,,,,,,,30.00,,,,,,,false,false,12,2021-04-01,2022-03-31,-1
2023-05-10,6364,2023-03-31,,49000000000,0.337,,,,,4842000000,0.356,5380000000,0.327,,3752000000,,132.47,,0.115,0.109,0.099,,53237000000,34194000000,0.639,1206.75,34039000000,2869000000,-867000000,-158000000,12509000000,,0.340,,,,,,true,false,12,2022-04-01,2023-03-31,0
2023-05-10,6364,2022-03-31,,36650000000,0.113,,,,,3570000000,0.434,4055000000,0.388,,2748000000,,95.76,,0.090,0.091,0.097,,45827000000,31303000000,0.680,1097.97,31161000000,2276000000,-615000000,-2222000000,10613000000,,0.313,,,,,,true,false,12,2021-04-01,2022-03-31,-1
2023-05-10,6364,2024-03-31,,23300000000,0.038,,,,,1660000000,-0.326,1730000000,-0.448,,1210000000,,42.90,,,,,,,,,,,,,,,,,,,,,,true,true,6,2023-04-01,2023-09-30,1
2023-05-10,6364,2024-03-31,,47000000000,-0.041,,,,,3620000000,-0.252,3770000000,-0.299,,2530000000,,89.69,,,,,,,,,,,,,,,,0.334,,,,,,true,true,12,2023-04-01,2024-03-31,1
2023-05-10,6364,2023-03-31,,44249000000,0.245,,,,,2747000000,0.261,3712000000,0.201,2647000000,,0.244,93.48,,,,,,42907000000,24824000000,0.579,880.05,24824000000,,,,,45.00,,,,30165418,1957534,28323827,false,false,12,2022-04-01,2023-03-31,0
2023-05-10,6364,2022-03-31,,35539000000,0.186,,,,,2179000000,0.453,3090000000,0.464,2128000000,,0.494,74.16,,,,,,37611000000,23252000000,0.618,819.28,23252000000,,,,,30.00,,,,30165418,1784261,28703998,false,false,12,2021-04-01,2022-03-31,-1
2023-05-10,6364,2024-03-31,,,,,,,,,,,,,,,,,,,,,,,,,,,,,,30.00,,,,,,,false,true,12,2023-04-01,2024-03-31,1
2023-07-28,6364,2024-03-31,1,11804000000,0.124,,,,,1585000000,0.966,2161000000,0.576,,1504000000,,53.39,,,,,,54852000000,34782000000,0.631,1233.49,34628000000,,,,,,,,,,,,true,false,3,2023-04-01,2023-06-30,0
2023-07-28,6364,2023-03-31,1,10506000000,0.370,,,,,806000000,0.289,1371000000,1.079,,946000000,,33.35,,,,,,,,,,,,,,,,,,,,,,true,false,3,2022-04-01,2022-06-30,-1
2023-07-28,6364,2024-03-31,1,25500000000,0.136,,,,,3630000000,0.474,3700000000,0.180,,2590000000,,91.82,,,,,,,,,,,,,,,,,,,,,,true,true,6,2023-04-01,2023-09-30,0
2023-07-28,6364,2024-03-31,1,49600000000,0.012,,,,,6550000000,0.353,6700000000,0.245,,4535000000,,160.77,,,,,,,,,,,,,,,,,,,,,,true,true,12,2023-04-01,2024-03-31,0
2023-07-28,6364,2023-03-31,1,,,,,,,,,,,,,,,,,,,,53237000000,34194000000,0.639,1206.75,34039000000,,,,,,,,,,,,true,false,12,2022-04-01,2023-03-31,-1
2023-07-28,6364,2023-03-31,1,,,,,,,,,,,,,,,,,,,,,,,,,,,,,45.00,,,,30165418,1957534,,false,false,12,2022-04-01,2023-03-31,-1
2023-07-28,6364,2024-03-31,1,,,,,,,,,,,,,,,,,,,,,,,,,,,,,40.00,,,,,,,false,true,12,2023-04-01,2024-03-31,0
2023-07-28,6364,2024-03-31,1,,,,,,,,,,,,,,,,,,,,,,,,,,,,,,,,,30165418,2091712,28174989,false,false,3,2023-04-01,2023-06-30,0
2023-07-28,6364,2023-03-31,1,,,,,,,,,,,,,,,,,,,,,,,,,,,,,,,,,,,28382807,false,false,3,2022-04-01,2022-06-30,-1
2023-11-06,6364,2024-03-31,2,25803000000,0.150,,,,,3595000000,0.460,4207000000,0.342,,2927000000,,104.07,,,,,,56622000000,36505000000,0.642,1296.67,36347000000,,,,,,,,,,,,true,false,6,2023-04-01,2023-09-30,0
2023-11-06,6364,2023-03-31,2,22437000000,0.329,,,,,2461000000,0.462,3134000000,0.748,,2149000000,,75.71,,,,,,,,,,,,,,,,,,,,,,true,false,6,2022-04-01,2022-09-30,-1
2023-11-06,6364,2024-03-31,2,49600000000,0.012,,,,,6550000000,0.353,6700000000,0.245,,4535000000,,160.77,,,,,,,,,,,,,,,,,,,,,,true,true,12,2023-04-01,2024-03-31,0
2023-11-06,6364,2023-03-31,2,,,,,,,,,,,,,,,,,,,,53237000000,34194000000,0.639,1206.75,34039000000,,,,,,,,,,,,true,false,12,2022-04-01,2023-03-31,-1
2023-11-06,6364,2023-03-31,2,,,,,,,,,,,,,,,,,,,,,,,,,,,,,45.00,,,,30165418,1957534,,false,false,12,2022-04-01,2023-03-31,-1
2023-11-06,6364,2024-03-31,2,,,,,,,,,,,,,,,,,,,,,,,,,,,,,20.00,,,,,,,false,false,12,2023-04-01,2024-03-31,0
2023-11-06,6364,2024-03-31,2,,,,,,,,,,,,,,,,,,,,,,,,,,,,,40.00,,,,,,,false,true,12,2023-04-01,2024-03-31,0
2023-11-06,6364,2024-03-31,2,,,,,,,,,,,,,,,,,,,,,,,,,,,,,,,,,30165418,2134369,28126046,false,false,6,2023-04-01,2023-09-30,0
2023-11-06,6364,2023-03-31,2,,,,,,,,,,,,,,,,,,,,,,,,,,,,,,,,,,,28388814,false,false,6,2022-04-01,2022-09-30,-1
2024-01-31,6364,2024-03-31,3,39335000000,0.089,,,,,5444000000,0.212,5493000000,0.308,,3802000000,,135.53,,,,,,56532000000,36638000000,0.645,1310.14,36477000000,,,,,,,,,,,,true,false,9,2023-04-01,2023-12-31,0
2024-01-31,6364,2023-03-31,3,36135000000,0.353,,,,,4492000000,0.748,4199000000,0.500,,2878000000,,101.49,,,,,,,,,,,,,,,,,,,,,,true,false,9,2022-04-01,2022-12-31,-1
2024-01-31,6364,2024-03-31,3,49600000000,0.012,,,,,6550000000,0.353,6700000000,0.245,,4535000000,,160.77,,,,,,,,,,,,,,,,,,,,,,true,true,12,2023-04-01,2024-03-31,0
2024-01-31,6364,2023-03-31,3,,,,,,,,,,,,,,,,,,,,53237000000,34194000000,0.639,1206.75,34039000000,,,,,,,,,,,,true,false,12,2022-04-01,2023-03-31,-1
2024-01-31,6364,2023-03-31,3,,,,,,,,,,,,,,,,,,,,,,,,,,,,,45.00,,,,30165418,1957534,,false,false,12,2022-04-01,2023-03-31,-1
2024-01-31,6364,2024-03-31,3,,,,,,,,,,,,,,,,,,,,,,,,,,,,,20.00,,,,,,,false,false,12,2023-04-01,2024-03-31,0
2024-01-31,6364,2024-03-31,3,,,,,,,,,,,,,,,,,,,,,,,,,,,,,40.00,,,,,,,false,true,12,2023-04-01,2024-03-31,0
2024-01-31,6364,2024-03-31,3,,,,,,,,,,,,,,,,,,,,,,,,,,,,,,,,,30165418,2323063,28056728,false,false,9,2023-04-01,2023-12-31,0
2024-01-31,6364,2023-03-31,3,,,,,,,,,,,,,,,,,,,,,,,,,,,,,,,,,,,28358705,false,false,9,2022-04-01,2022-12-31,-1
2024-05-02,63640,2024-03-31,,51900000000,0.046,,,,,6180000000,-0.056,7320000000,0.093,,5090000000,,181.85,,,,,,,,,,,,,,,,,,,,,,true,true,12,2023-04-01,2024-03-31,0
2024-05-02,63640,2023-03-31,,49000000000,,,,,,4842000000,,5380000000,,,3752000000,,132.47,,,,,,,,,,,,,,,,,,,,,,true,false,12,2022-04-01,2023-03-31,-1
2024-05-02,63640,2024-03-31,,,,,,,,,,,,,,,,,,,,,,,,,,,,,,57.00,,,,,,,false,true,12,2023-04-01,2024-03-31,0
2024-05-02,63640,2024-03-31,,,,,,,,,,,,,,,,,,,,,,,,,,,,,,20.00,,,,,,,false,false,12,2023-04-01,2024-03-31,0
2024-05-02,63640,2023-03-31,,,,,,,,,,,,,,,,,,,,,,,,,,,,,,45.00,,,,,,,false,false,12,2022-04-01,2023-03-31,-1
2024-05-09,6364,2024-03-31,,51900000000,0.059,,,,,6187000000,0.278,7323000000,0.361,,5098000000,,182.16,,0.143,0.134,0.119,,56347000000,37575000000,0.664,1347.30,37410000000,3970000000,-2757000000,-2489000000,11324000000,,0.313,,,,,,true,false,12,2023-04-01,2024-03-31,0
2024-05-09,6364,2023-03-31,,49000000000,0.337,,,,,4842000000,0.356,5380000000,0.327,,3752000000,,132.47,,0.115,0.109,0.099,,53237000000,34194000000,0.639,1206.75,34039000000,2869000000,-867000000,-158000000,12509000000,,0.340,,,,,,true,false,12,2022-04-01,2023-03-31,-1
2024-05-09,6364,2025-03-31,,27900000000,0.081,,,,,3600000000,0.001,3700000000,-0.121,,2600000000,,93.64,,,,,,,,,,,,,,,,,,,,,,true,true,6,2024-04-01,2024-09-30,1
2024-05-09,6364,2025-03-31,,56000000000,0.079,,,,,7130000000,0.152,7400000000,0.010,,5100000000,,183.67,,,,,,,,,,,,,,,,0.310,,,,,,true,true,12,2024-04-01,2025-03-31,1
2024-05-09,6364,2024-03-31,,48379000000,0.093,,,,,3564000000,0.297,5200000000,0.401,3637000000,,0.374,129.95,,,,,,45111000000,26554000000,0.589,956.33,26554000000,,,,,57.00,,,,30165418,2398448,27990706,false,false,12,2023-04-01,2024-03-31,0
2024-05-09,6364,2023-03-31,,44249000000,0.245,,,,,2747000000,0.261,3712000000,0.201,2647000000,,0.244,93.48,,,,,,42907000000,24824000000,0.579,880.05,24824000000,,,,,45.00,,,,30165418,1957534,28323827,false,false,12,2022-04-01,2023-03-31,-1
2024-05-09,6364,2025-03-31,,,,,,,,,,,,,,,,,,,,,,,,,,,,,,57.00,,,,,,,false,true,12,2024-04-01,2025-03-31,1
2024-07-30,6364,2025-03-31,1,13249000000,0.122,,,,,1760000000,0.110,2237000000,0.035,,1557000000,,56.07,,,,,,58164000000,38500000000,0.659,1380.41,38337000000,,,,,,,,,,,,true,false,3,2024-04-01,2024-06-30,0
2024-07-30,6364,2024-03-31,1,11804000000,0.124,,,,,1585000000,0.966,2161000000,0.576,,1504000000,,53.39,,,,,,,,,,,,,,,,,,,,,,true,false,3,2023-04-01,2023-06-30,-1
2024-07-30,6364,2025-03-31,1,27900000000,0.081,,,,,3600000000,0.001,3700000000,-0.121,,2600000000,,93.64,,,,,,,,,,,,,,,,,,,,,,true,true,6,2024-04-01,2024-09-30,0
2024-07-30,6364,2025-03-31,1,56000000000,0.079,,,,,7130000000,0.152,7400000000,0.010,,5100000000,,183.67,,,,,,,,,,,,,,,,,,,,,,true,true,12,2024-04-01,2025-03-31,0
2024-07-30,6364,2024-03-31,1,,,,,,,,,,,,,,,,,,,,56347000000,37575000000,0.664,1347.30,37410000000,,,,,,,,,,,,true,false,12,2023-04-01,2024-03-31,-1
2024-07-30,6364,2024-03-31,1,,,,,,,,,,,,,,,,,,,,,,,,,,,,,57.00,,,,30165418,2398448,,false,false,12,2023-04-01,2024-03-31,-1
2024-07-30,6364,2025-03-31,1,,,,,,,,,,,,,,,,,,,,,,,,,,,,,57.00,,,,,,,false,true,12,2024-04-01,2025-03-31,0
2024-07-30,6364,2025-03-31,1,,,,,,,,,,,,,,,,,,,,,,,,,,,,,,,,,30165418,2393048,27769720,false,false,3,2024-04-01,2024-06-30,0
2024-07-30,6364,2024-03-31,1,,,,,,,,,,,,,,,,,,,,,,,,,,,,,,,,,,,28174989,false,false,3,2023-04-01,2023-06-30,-1
2024-11-06,6364,2025-03-31,2,27499000000,0.066,,,,,3913000000,0.088,3449000000,-0.180,,2394000000,,86.17,,,,,,64049000000,39553000000,0.615,1416.68,39386000000,,,,,,,,,,,,true,false,6,2024-04-01,2024-09-30,0
2024-11-06,6364,2024-03-31,2,25803000000,0.150,,,,,3595000000,0.460,4207000000,0.342,,2927000000,,104.07,,,,,,,,,,,,,,,,,,,,,,true,false,6,2023-04-01,2023-09-30,-1
2024-11-06,6364,2025-03-31,2,56000000000,0.079,,,,,7130000000,0.152,7400000000,0.010,,5100000000,,183.67,,,,,,,,,,,,,,,,,,,,,,true,true,12,2024-04-01,2025-03-31,0
2024-11-06,6364,2024-03-31,2,,,,,,,,,,,,,,,,,,,,56347000000,37575000000,0.664,1347.30,37410000000,,,,,,,,,,,,true,false,12,2023-04-01,2024-03-31,-1
2024-11-06,6364,2024-03-31,2,,,,,,,,,,,,,,,,,,,,,,,,,,,,,57.00,,,,30165418,2398448,,false,false,12,2023-04-01,2024-03-31,-1
2024-11-06,6364,2025-03-31,2,,,,,,,,,,,,,,,,,,,,,,,,,,,,,20.00,,,,,,,false,false,12,2024-04-01,2025-03-31,0
2024-11-06,6364,2025-03-31,2,,,,,,,,,,,,,,,,,,,,,,,,,,,,,57.00,,,,,,,false,true,12,2024-04-01,2025-03-31,0
2024-11-06,6364,2025-03-31,2,,,,,,,,,,,,,,,,,,,,,,,,,,,,,,,,,30165418,2363568,27782804,false,false,6,2024-04-01,2024-09-30,0
2024-11-06,6364,2024-03-31,2,,,,,,,,,,,,,,,,,,,,,,,,,,,,,,,,,,,28126046,false,false,6,2023-04-01,2023-09-30,-1
2025-01-31,6364,2025-03-31,3,40735000000,0.036,,,,,4610000000,-0.153,5590000000,0.018,,3859000000,,139.10,,,,,,61134000000,39809000000,0.648,1437.98,39639000000,,,,,,,,,,,,true,false,9,2024-04-01,2024-12-31,0
2025-01-31,6364,2024-03-31,3,39335000000,0.089,,,,,5444000000,0.212,5493000000,0.308,,3802000000,,135.53,,,,,,,,,,,,,,,,,,,,,,true,false,9,2023-04-01,2023-12-31,-1
2025-01-31,6364,2025-03-31,3,56000000000,0.079,,,,,7130000000,0.152,7400000000,0.010,,5100000000,,183.67,,,,,,,,,,,,,,,,,,,,,,true,true,12,2024-04-01,2025-03-31,0
2025-01-31,6364,2024-03-31,3,,,,,,,,,,,,,,,,,,,,56347000000,37575000000,0.664,1347.30,37410000000,,,,,,,,,,,,true,false,12,2023-04-01,2024-03-31,-1
2025-01-31,6364,2024-03-31,3,,,,,,,,,,,,,,,,,,,,,,,,,,,,,57.00,,,,30165418,2398448,,false,false,12,2023-04-01,2024-03-31,-1
2025-01-31,6364,2025-03-31,3,,,,,,,,,,,,,,,,,,,,,,,,,,,,,20.00,,,,,,,false,false,12,2024-04-01,2025-03-31,0
2025-01-31,6364,2025-03-31,3,,,,,,,,,,,,,,,,,,,,,,,,,,,,,57.00,,,,,,,false,true,12,2024-04-01,2025-03-31,0
2025-01-31,6364,2025-03-31,3,,,,,,,,,,,,,,,,,,,,,,,,,,,,,,,,,30165418,2599151,27743999,false,false,9,2024-04-01,2024-12-31,0
2025-01-31,6364,2024-03-31,3,,,,,,,,,,,,,,,,,,,,,,,,,,,,,,,,,,,28056728,false,false,9,2023-04-01,2023-12-31,-1
2025-05-09,6364,2025-03-31,,54827000000,0.056,,,,,6918000000,0.118,6888000000,-0.059,,4812000000,,173.80,,0.123,0.114,0.126,,64204000000,41040000000,0.637,1486.10,40867000000,3910000000,-1084000000,4371000000,18915000000,,0.328,,,,,,true,false,12,2024-04-01,2025-03-31,0
2025-05-09,6364,2024-03-31,,51900000000,0.059,,,,,6187000000,0.278,7323000000,0.361,,5098000000,,182.16,,0.143,0.134,0.119,,56347000000,37575000000,0.664,1347.30,37410000000,3970000000,-2757000000,-2489000000,11324000000,,0.313,,,,,,true,false,12,2023-04-01,2024-03-31,-1
2025-05-09,6364,2026-03-31,,28300000000,0.029,,,,,3610000000,-0.078,3650000000,0.058,,2580000000,,93.82,,,,,,,,,,,,,,,,,,,,,,true,true,6,2025-04-01,2025-09-30,1
2025-05-09,6364,2026-03-31,,55000000000,0.003,,,,,6920000000,0.000,7000000000,0.016,,4870000000,,177.09,,,,,,,,,,,,,,,,0.339,,,,,,true,true,12,2025-04-01,2026-03-31,1
2025-05-09,6364,2025-03-31,,48890000000,0.011,,,,,3588000000,0.007,4155000000,-0.201,2891000000,,-0.205,104.43,,,,,,49390000000,27542000000,0.558,1001.58,27542000000,,,,,57.00,,,,30165418,2665894,27689782,false,false,12,2024-04-01,2025-03-31,0
2025-05-09,6364,2024-03-31,,48379000000,0.093,,,,,3564000000,0.297,5200000000,0.401,3637000000,,0.374,129.95,,,,,,45111000000,26554000000,0.589,956.33,26554000000,,,,,57.00,,,,30165418,2398448,27990706,false,false,12,2023-04-01,2024-03-31,-1
2025-05-09,6364,2026-03-31,,,,,,,,,,,,,,,,,,,,,,,,,,,,,,60.00,,,,,,,false,true,12,2025-04-01,2026-03-31,1
