filing_date,code,fiscal_year_end,quarterly_period,net_sales,net_sales_change,revenue,revenue_change,operating_revenue,operating_revenue_change,operating_profit,operating_profit_change,ordinary_profit,ordinary_profit_change,net_income,net_income_of_parent,net_income_change,eps,diluted_eps,roe,roa,operating_profit_to_net_sales,operating_profit_to_revenue,total_assets,net_assets,equity_ratio,bps,owner_equity,operating_cash_flow,investing_cash_flow,financing_cash_flow,cash,dividend_per_share,payout_ratio,commemorative_dividend,extra_dividend,number_of_shares,number_of_treqsury_shares,avg_number_of_shares,is_consolidated,is_forecast,duration,period_start,period_end,period_pos
2015-07-29,63820,2016-03-31,1,8388000000,0.232,,,,,344000000,0.402,420000000,0.335,,331000000,,18.20,,,,,,32566000000,21056000000,0.635,1135.19,20667000000,,,,,,,,,,,,true,false,3,2015-04-01,2015-06-30,0
2015-07-29,63820,2015-03-31,1,6808000000,0.087,,,,,246000000,0.433,314000000,0.335,,222000000,,12.22,,,,,,,,,,,,,,,,,,,,,,true,false,3,2014-04-01,2014-06-30,-1
2015-07-29,63820,2016-03-31,1,15500000000,0.111,,,,,400000000,-0.064,500000000,-0.034,,400000000,,21.97,,,,,,,,,,,,,,,,,,,,,,true,true,6,2015-04-01,2015-09-30,0
2015-07-29,63820,2016-03-31,1,28000000000,-0.051,,,,,500000000,-0.412,600000000,-0.364,,400000000,,21.97,,,,,,,,,,,,,,,,,,,,,,true,true,12,2015-04-01,2016-03-31,0
2015-07-29,63820,2015-03-31,1,,,,,,,,,,,,,,,,,,,,32115000000,20893000000,0.639,1127.52,20528000000,,,,,,,,,,,,true,false,12,2014-04-01,2015-03-31,-1
2015-07-29,63820,2015-03-31,1,,,,,,,,,,,,,,,,,,,,,,,,,,,,,10.00,,,,18220000,13518,,false,false,12,2014-04-01,2015-03-31,-1
2015-07-29,63820,2016-03-31,1,,,,,,,,,,,,,,,,,,,,,,,,,,,,,10.00,,,,,,,false,true,12,2015-04-01,2016-03-31,0
2015-07-29,63820,2016-03-31,1,,,,,,,,,,,,,,,,,,,,,,,,,,,,,,,,,18220000,13518,18206482,false,false,3,2015-04-01,2015-06-30,0
2015-07-29,63820,2015-03-31,1,,,,,,,,,,,,,,,,,,,,,,,,,,,,,,,,,,,18206940,false,false,3,2014-04-01,2014-06-30,-1
2015-10-30,63820,2016-03-31,2,16952000000,0.216,,,,,782000000,0.831,916000000,0.771,,711000000,,39.07,,,,,,32633000000,21251000000,0.639,1145.20,20850000000,,,,,,,,,,,,true,false,6,2015-04-01,2015-09-30,0
2015-10-30,63820,2015-03-31,2,13945000000,0.041,,,,,427000000,-0.033,517000000,-0.110,,389000000,,21.37,,,,,,,,,,,,,,,,,,,,,,true,false,6,2014-04-01,2014-09-30,-1
2015-10-30,63820,2016-03-31,2,31000000000,0.050,,,,,900000000,0.059,1000000000,0.060,,800000000,,43.94,,,,,,,,,,,,,,,,,,,,,,true,true,12,2015-04-01,2016-03-31,0
2015-10-30,63820,2015-03-31,2,,,,,,,,,,,,,,,,,,,,32115000000,20893000000,0.639,1127.52,20528000000,,,,,,,,,,,,true,false,12,2014-04-01,2015-03-31,-1
2015-10-30,63820,2015-03-31,2,,,,,,,,,,,,,,,,,,,,,,,,,,,,,10.00,,,,18220000,13518,,false,false,12,2014-04-01,2015-03-31,-1
2015-10-30,63820,2016-03-31,2,,,,,,,,,,,,,,,,,,,,,,,,,,,,,0.00,,,,,,,false,false,12,2015-04-01,2016-03-31,0
2015-10-30,63820,2016-03-31,2,,,,,,,,,,,,,,,,,,,,,,,,,,,,,10.00,,,,,,,false,true,12,2015-04-01,2016-03-31,0
2015-10-30,63820,2016-03-31,2,,,,,,,,,,,,,,,,,,,,,,,,,,,,,,,,,18220000,13518,18206482,false,false,6,2015-04-01,2015-09-30,0
2015-10-30,63820,2015-03-31,2,,,,,,,,,,,,,,,,,,,,,,,,,,,,,,,,,,,18206858,false,false,6,2014-04-01,2014-09-30,-1
2016-02-03,63820,2016-03-31,3,24477000000,0.139,,,,,1250000000,0.605,1464000000,0.667,,1148000000,,63.09,,,,,,32066000000,21517000000,0.659,1160.89,21135000000,,,,,,,,,,,,true,false,9,2015-04-01,2015-12-31,0
2016-02-03,63820,2015-03-31,3,21486000000,0.098,,,,,778000000,0.296,878000000,0.062,,665000000,,36.53,,,,,,,,,,,,,,,,,,,,,,true,false,9,2014-04-01,2014-12-31,-1
2016-02-03,63820,2016-03-31,3,32500000000,0.101,,,,,1350000000,0.588,1500000000,0.590,,1400000000,,76.90,,,,,,,,,,,,,,,,,,,,,,true,true,12,2015-04-01,2016-03-31,0
2016-02-03,63820,2015-03-31,3,,,,,,,,,,,,,,,,,,,,32115000000,20893000000,0.639,1127.52,20528000000,,,,,,,,,,,,true,false,12,2014-04-01,2015-03-31,-1
2016-02-03,63820,2015-03-31,3,,,,,,,,,,,,,,,,,,,,,,,,,,,,,10.00,,,,18220000,13518,,false,false,12,2014-04-01,2015-03-31,-1
2016-02-03,63820,2016-03-31,3,,,,,,,,,,,,,,,,,,,,,,,,,,,,,0.00,,,,,,,false,false,12,2015-04-01,2016-03-31,0
2016-02-03,63820,2016-03-31,3,,,,,,,,,,,,,,,,,,,,,,,,,,,,,10.00,,,,,,,false,true,12,2015-04-01,2016-03-31,0
2016-02-03,63820,2016-03-31,3,,,,,,,,,,,,,,,,,,,,,,,,,,,,,,,,,18220000,13518,18206482,false,false,9,2015-04-01,2015-12-31,0
2016-02-03,63820,2015-03-31,3,,,,,,,,,,,,,,,,,,,,,,,,,,,,,,,,,,,18206809,false,false,9,2014-04-01,2014-12-31,-1
2016-02-03,63820,2016-03-31,,32500000000,0.048,,,,,1350000000,0.500,1500000000,0.500,,1400000000,,76.90,,,,,,,,,,,,,,,,,,,,,,true,true,12,2015-04-01,2016-03-31,0
2016-02-03,63820,2015-03-31,,29513000000,,,,,,849000000,,943000000,,,602000000,,33.11,,,,,,,,,,,,,,,,,,,,,,true,false,12,2014-04-01,2015-03-31,-1
2016-04-28,63820,2016-03-31,,33271000000,0.127,,,,,1673000000,0.969,1896000000,1.010,,1739000000,,95.54,,0.084,0.059,0.050,,32485000000,21497000000,0.650,1159.08,21101000000,1926000000,-1260000000,-200000000,9164000000,,0.314,,,,,,true,false,12,2015-04-01,2016-03-31,0
2016-04-28,63820,2015-03-31,,29513000000,0.076,,,,,849000000,0.171,943000000,-0.067,,602000000,,33.11,,0.031,0.031,0.029,,32115000000,20893000000,0.639,1127.52,20528000000,1759000000,-600000000,-189000000,8956000000,,0.302,,,,,,true,false,12,2014-04-01,2015-03-31,-1
2016-04-28,63820,2017-03-31,,15000000000,-0.115,,,,,550000000,-0.297,700000000,-0.236,,400000000,,21.97,,,,,,,,,,,,,,,,,,,,,,true,true,6,2016-04-01,2016-09-30,1
2016-04-28,63820,2017-03-31,,31000000000,-0.068,,,,,1300000000,-0.223,1400000000,-0.262,,900000000,,49.43,,,,,,,,,,,,,,,,0.303,,,,,,true,true,12,2016-04-01,2017-03-31,1
2016-04-28,63820,2016-03-31,,28020000000,0.176,,,,,979000000,4.367,1359000000,1.894,1470000000,,2.502,80.78,,,,,,26633000000,16250000000,0.610,892.62,16250000000,,,,,30.00,,,,18220000,14318,18206447,false,false,12,2015-04-01,2016-03-31,0
2016-04-28,63820,2015-03-31,,23830000000,0.109,,,,,182000000,0.539,469000000,-0.064,419000000,,0.023,23.07,,,,,,25898000000,15251000000,0.589,837.70,15251000000,,,,,10.00,,,,18220000,13518,18206749,false,false,12,2014-04-01,2015-03-31,-1
2016-04-28,63820,2017-03-31,,,,,,,,,,,,,,,,,,,,,,,,,,,,,,15.00,,,,,,,false,true,12,2016-04-01,2017-03-31,1
,63820,2016-03-31,,,,,,,,,,,,,,,,,,,,,,,,,,,,,,30.00,,,,,,,false,true,12,2015-04-01,2016-03-31,0
,63820,2015-03-31,,,,,,,,,,,,,,,,,,,,,,,,,,,,,,10.00,,,,,,,false,false,12,2014-04-01,2015-03-31,-1
2016-07-29,63820,2017-03-31,1,7021000000,-0.163,,,,,309000000,-0.101,404000000,-0.037,,257000000,,14.14,,,,,,30979000000,20763000000,0.658,1119.37,20378000000,,,,,,,,,,,,true,false,3,2016-04-01,2016-06-30,0
2016-07-29,63820,2016-03-31,1,8388000000,0.232,,,,,344000000,0.402,420000000,0.335,,331000000,,18.20,,,,,,,,,,,,,,,,,,,,,,true,false,3,2015-04-01,2015-06-30,-1
2016-07-29,63820,2017-03-31,1,15000000000,-0.115,,,,,550000000,-0.297,700000000,-0.236,,400000000,,21.97,,,,,,,,,,,,,,,,,,,,,,true,true,6,2016-04-01,2016-09-30,0
2016-07-29,63820,2017-03-31,1,31000000000,-0.068,,,,,1300000000,-0.223,1400000000,-0.262,,900000000,,49.43,,,,,,,,,,,,,,,,,,,,,,true,true,12,2016-04-01,2017-03-31,0
2016-07-29,63820,2016-03-31,1,,,,,,,,,,,,,,,,,,,,32485000000,21497000000,0.650,1159.08,21101000000,,,,,,,,,,,,true,false,12,2015-04-01,2016-03-31,-1
2016-07-29,63820,2016-03-31,1,,,,,,,,,,,,,,,,,,,,,,,,,,,,,30.00,,,,18220000,14318,,false,false,12,2015-04-01,2016-03-31,-1
2016-07-29,63820,2017-03-31,1,,,,,,,,,,,,,,,,,,,,,,,,,,,,,15.00,,,,,,,false,true,12,2016-04-01,2017-03-31,0
2016-07-29,63820,2017-03-31,1,,,,,,,,,,,,,,,,,,,,,,,,,,,,,,,,,18220000,14318,18205682,false,false,3,2016-04-01,2016-06-30,0
2016-07-29,63820,2016-03-31,1,,,,,,,,,,,,,,,,,,,,,,,,,,,,,,,,,,,18206482,false,false,3,2015-04-01,2015-06-30,-1
2016-10-28,63820,2017-03-31,2,14781000000,-0.128,,,,,681000000,-0.130,871000000,-0.048,,570000000,,31.33,,,,,,30597000000,20820000000,0.669,1125.15,20483000000,,,,,,,,,,,,true,false,6,2016-04-01,2016-09-30,0
2016-10-28,63820,2016-03-31,2,16952000000,0.216,,,,,782000000,0.831,916000000,0.771,,711000000,,39.07,,,,,,,,,,,,,,,,,,,,,,true,false,6,2015-04-01,2015-09-30,-1
2016-10-28,63820,2017-03-31,2,31000000000,-0.068,,,,,1300000000,-0.223,1400000000,-0.262,,900000000,,49.43,,,,,,,,,,,,,,,,,,,,,,true,true,12,2016-04-01,2017-03-31,0
2016-10-28,63820,2016-03-31,2,,,,,,,,,,,,,,,,,,,,32485000000,21497000000,0.650,1159.08,21101000000,,,,,,,,,,,,true,false,12,2015-04-01,2016-03-31,-1
2016-10-28,63820,2016-03-31,2,,,,,,,,,,,,,,,,,,,,,,,,,,,,,30.00,,,,18220000,14318,,false,false,12,2015-04-01,2016-03-31,-1
2016-10-28,63820,2017-03-31,2,,,,,,,,,,,,,,,,,,,,,,,,,,,,,7.50,,,,,,,false,false,12,2016-04-01,2017-03-31,0
2016-10-28,63820,2017-03-31,2,,,,,,,,,,,,,,,,,,,,,,,,,,,,,15.00,,,,,,,false,true,12,2016-04-01,2017-03-31,0
2016-10-28,63820,2017-03-31,2,,,,,,,,,,,,,,,,,,,,,,,,,,,,,,,,,18220000,14518,18205666,false,false,6,2016-04-01,2016-09-30,0
2016-10-28,63820,2016-03-31,2,,,,,,,,,,,,,,,,,,,,,,,,,,,,,,,,,,,18206482,false,false,6,2015-04-01,2015-09-30,-1
2017-02-02,63820,2017-03-31,3,22043000000,-0.099,,,,,1014000000,-0.189,1268000000,-0.134,,853000000,,46.88,,,,,,31609000000,21188000000,0.660,1145.30,20849000000,,,,,,,,,,,,true,false,9,2016-04-01,2016-12-31,0
2017-02-02,63820,2016-03-31,3,24477000000,0.139,,,,,1250000000,0.605,1464000000,0.667,,1148000000,,63.09,,,,,,,,,,,,,,,,,,,,,,true,false,9,2015-04-01,2015-12-31,-1
2017-02-02,63820,2017-03-31,3,31000000000,-0.068,,,,,1300000000,-0.223,1400000000,-0.262,,900000000,,49.43,,,,,,,,,,,,,,,,,,,,,,true,true,12,2016-04-01,2017-03-31,0
2017-02-02,63820,2016-03-31,3,,,,,,,,,,,,,,,,,,,,32485000000,21497000000,0.650,1159.08,21101000000,,,,,,,,,,,,true,false,12,2015-04-01,2016-03-31,-1
2017-02-02,63820,2016-03-31,3,,,,,,,,,,,,,,,,,,,,,,,,,,,,,30.00,,,,18220000,14318,,false,false,12,2015-04-01,2016-03-31,-1
2017-02-02,63820,2017-03-31,3,,,,,,,,,,,,,,,,,,,,,,,,,,,,,7.50,,,,,,,false,false,12,2016-04-01,2017-03-31,0
2017-02-02,63820,2017-03-31,3,,,,,,,,,,,,,,,,,,,,,,,,,,,,,15.00,,,,,,,false,true,12,2016-04-01,2017-03-31,0
2017-02-02,63820,2017-03-31,3,,,,,,,,,,,,,,,,,,,,,,,,,,,,,,,,,18220000,15289,18205581,false,false,9,2016-04-01,2016-12-31,0
2017-02-02,63820,2016-03-31,3,,,,,,,,,,,,,,,,,,,,,,,,,,,,,,,,,,,18206482,false,false,9,2015-04-01,2015-12-31,-1
2017-04-28,63820,2017-03-31,,32990000000,-0.008,,,,,1894000000,0.132,2162000000,0.141,,1528000000,,83.94,,0.071,0.061,0.057,,38001000000,22258000000,0.576,1201.68,21875000000,6622000000,-994000000,-721000000,13916000000,,0.310,,,,,,true,false,12,2016-04-01,2017-03-31,0
2017-04-28,63820,2016-03-31,,33271000000,0.127,,,,,1673000000,0.969,1896000000,1.010,,1739000000,,95.54,,0.084,0.059,0.050,,32485000000,21497000000,0.650,1159.08,21101000000,1926000000,-1260000000,-200000000,9164000000,,0.314,,,,,,true,false,12,2015-04-01,2016-03-31,-1
2017-04-28,63820,2018-03-31,,20500000000,0.387,,,,,1550000000,1.274,1650000000,0.892,,1100000000,,60.42,,,,,,,,,,,,,,,,,,,,,,true,true,6,2017-04-01,2017-09-30,1
2017-04-28,63820,2018-03-31,,38000000000,0.152,,,,,2200000000,0.161,2450000000,0.133,,1650000000,,90.63,,,,,,,,,,,,,,,,0.309,,,,,,true,true,12,2017-04-01,2018-03-31,1
2017-04-28,63820,2017-03-31,,29401000000,0.049,,,,,1589000000,0.622,1878000000,0.382,1386000000,,-0.057,76.16,,,,,,31435000000,17010000000,0.541,934.45,17010000000,,,,,26.00,,,,18220000,16075,18205243,false,false,12,2016-04-01,2017-03-31,0
2017-04-28,63820,2016-03-31,,28020000000,0.176,,,,,979000000,4.367,1359000000,1.894,1470000000,,2.502,80.78,,,,,,26633000000,16250000000,0.610,892.62,16250000000,,,,,30.00,,,,18220000,14318,18206447,false,false,12,2015-04-01,2016-03-31,-1
2017-04-28,63820,2018-03-31,,,,,,,,,,,,,,,,,,,,,,,,,,,,,,28.00,,,,,,,false,true,12,2017-04-01,2018-03-31,1
2017-07-28,63820,2018-03-31,1,10525000000,0.499,,,,,888000000,1.868,952000000,1.356,,647000000,,35.57,,,,,,39480000000,22517000000,0.560,1215.54,22126000000,,,,,,,,,,,,true,false,3,2017-04-01,2017-06-30,0
2017-07-28,63820,2017-03-31,1,7021000000,-0.163,,,,,309000000,-0.101,404000000,-0.037,,257000000,,14.14,,,,,,,,,,,,,,,,,,,,,,true,false,3,2016-04-01,2016-06-30,-1
2017-07-28,63820,2018-03-31,1,20500000000,0.387,,,,,1550000000,1.274,1650000000,0.892,,1100000000,,60.42,,,,,,,,,,,,,,,,,,,,,,true,true,6,2017-04-01,2017-09-30,0
2017-07-28,63820,2018-03-31,1,38000000000,0.152,,,,,2200000000,0.161,2450000000,0.133,,1650000000,,90.63,,,,,,,,,,,,,,,,,,,,,,true,true,12,2017-04-01,2018-03-31,0
2017-07-28,63820,2017-03-31,1,,,,,,,,,,,,,,,,,,,,38001000000,22258000000,0.576,1201.68,21875000000,,,,,,,,,,,,true,false,12,2016-04-01,2017-03-31,-1
2017-07-28,63820,2017-03-31,1,,,,,,,,,,,,,,,,,,,,,,,,,,,,,26.00,,,,18220000,16075,,false,false,12,2016-04-01,2017-03-31,-1
2017-07-28,63820,2018-03-31,1,,,,,,,,,,,,,,,,,,,,,,,,,,,,,28.00,,,,,,,false,true,12,2017-04-01,2018-03-31,0
2017-07-28,63820,2018-03-31,1,,,,,,,,,,,,,,,,,,,,,,,,,,,,,,,,,18220000,16673,18203853,false,false,3,2017-04-01,2017-06-30,0
2017-07-28,63820,2017-03-31,1,,,,,,,,,,,,,,,,,,,,,,,,,,,,,,,,,,,18205682,false,false,3,2016-04-01,2016-06-30,-1
2017-10-31,63820,2018-03-31,2,19898000000,0.346,,,,,1497000000,1.197,1628000000,0.868,,1068000000,,58.69,,,,,,37430000000,23022000000,0.605,1243.22,22630000000,,,,,,,,,,,,true,false,6,2017-04-01,2017-09-30,0
2017-10-31,63820,2017-03-31,2,14781000000,-0.128,,,,,681000000,-0.130,871000000,-0.048,,570000000,,31.33,,,,,,,,,,,,,,,,,,,,,,true,false,6,2016-04-01,2016-09-30,-1
2017-10-31,63820,2018-03-31,2,38000000000,0.152,,,,,2200000000,0.161,2450000000,0.133,,1650000000,,90.63,,,,,,,,,,,,,,,,,,,,,,true,true,12,2017-04-01,2018-03-31,0
2017-10-31,63820,2017-03-31,2,,,,,,,,,,,,,,,,,,,,38001000000,22258000000,0.576,1201.68,21875000000,,,,,,,,,,,,true,false,12,2016-04-01,2017-03-31,-1
2017-10-31,63820,2017-03-31,2,,,,,,,,,,,,,,,,,,,,,,,,,,,,,26.00,,,,18220000,16075,,false,false,12,2016-04-01,2017-03-31,-1
2017-10-31,63820,2018-03-31,2,,,,,,,,,,,,,,,,,,,,,,,,,,,,,14.00,,,,,,,false,false,12,2017-04-01,2018-03-31,0
2017-10-31,63820,2018-03-31,2,,,,,,,,,,,,,,,,,,,,,,,,,,,,,28.00,,,,,,,false,true,12,2017-04-01,2018-03-31,0
2017-10-31,63820,2018-03-31,2,,,,,,,,,,,,,,,,,,,,,,,,,,,,,,,,,18220000,16973,18203490,false,false,6,2017-04-01,2017-09-30,0
2017-10-31,63820,2017-03-31,2,,,,,,,,,,,,,,,,,,,,,,,,,,,,,,,,,,,18205666,false,false,6,2016-04-01,2016-09-30,-1
2018-02-02,63820,2018-03-31,3,31753000000,0.440,,,,,2168000000,1.138,2408000000,0.899,,1630000000,,90.43,,,,,,35897000000,21968000000,0.601,1314.50,21559000000,,,,,,,,,,,,true,false,9,2017-04-01,2017-12-31,0
2018-02-02,63820,2017-03-31,3,22043000000,-0.099,,,,,1014000000,-0.189,1268000000,-0.134,,853000000,,46.88,,,,,,,,,,,,,,,,,,,,,,true,false,9,2016-04-01,2016-12-31,-1
2018-02-02,63820,2018-03-31,3,38000000000,0.152,,,,,2200000000,0.161,2450000000,0.133,,1650000000,,93.61,,,,,,,,,,,,,,,,,,,,,,true,true,12,2017-04-01,2018-03-31,0
2018-02-02,63820,2017-03-31,3,,,,,,,,,,,,,,,,,,,,38001000000,22258000000,0.576,1201.68,21875000000,,,,,,,,,,,,true,false,12,2016-04-01,2017-03-31,-1
2018-02-02,63820,2017-03-31,3,,,,,,,,,,,,,,,,,,,,,,,,,,,,,26.00,,,,18220000,16075,,false,false,12,2016-04-01,2017-03-31,-1
2018-02-02,63820,2018-03-31,3,,,,,,,,,,,,,,,,,,,,,,,,,,,,,14.00,,,,,,,false,false,12,2017-04-01,2018-03-31,0
2018-02-02,63820,2018-03-31,3,,,,,,,,,,,,,,,,,,,,,,,,,,,,,28.00,,,,,,,false,true,12,2017-04-01,2018-03-31,0
2018-02-02,63820,2018-03-31,3,,,,,,,,,,,,,,,,,,,,,,,,,,,,,,,,,18220000,1818979,18026402,false,false,9,2017-04-01,2017-12-31,0
2018-02-02,63820,2017-03-31,3,,,,,,,,,,,,,,,,,,,,,,,,,,,,,,,,,,,18205581,false,false,9,2016-04-01,2016-12-31,-1
2018-04-27,63820,2018-03-31,,41714000000,0.264,,,,,2449000000,0.293,2628000000,0.215,,1802000000,,102.26,,0.083,0.072,0.059,,35479000000,22289000000,0.612,1323.77,21710000000,-4711000000,-950000000,-2229000000,6172000000,,0.323,,,,,,true,false,12,2017-04-01,2018-03-31,0
2018-04-27,63820,2017-03-31,,32990000000,-0.008,,,,,1894000000,0.132,2162000000,0.141,,1528000000,,83.94,,0.071,0.061,0.057,,38001000000,22258000000,0.576,1201.68,21875000000,6622000000,-994000000,-721000000,13916000000,,0.310,,,,,,true,false,12,2016-04-01,2017-03-31,-1
2018-04-27,63820,2019-03-31,,16500000000,-0.171,,,,,450000000,-0.700,600000000,-0.632,,250000000,,15.24,,,,,,,,,,,,,,,,,,,,,,true,true,6,2018-04-01,2018-09-30,1
2018-04-27,63820,2019-03-31,,33000000000,-0.209,,,,,1400000000,-0.428,1700000000,-0.353,,1200000000,,73.17,,,,,,,,,,,,,,,,0.301,,,,,,true,true,12,2018-04-01,2019-03-31,1
2018-04-27,63820,2018-03-31,,35095000000,0.194,,,,,1686000000,0.061,2130000000,0.135,1579000000,,0.139,89.64,,,,,,28232000000,16473000000,0.584,1004.45,16473000000,,,,,33.00,,,,18220000,1819250,17625604,false,false,12,2017-04-01,2018-03-31,0
2018-04-27,63820,2017-03-31,,29401000000,0.049,,,,,1589000000,0.622,1878000000,0.382,1386000000,,-0.057,76.16,,,,,,31435000000,17010000000,0.541,934.45,17010000000,,,,,26.00,,,,18220000,16075,18205243,false,false,12,2016-04-01,2017-03-31,-1
2018-04-27,63820,2019-03-31,,,,,,,,,,,,,,,,,,,,,,,,,,,,,,22.00,,,,,,,false,true,12,2018-04-01,2019-03-31,1
2018-07-27,63820,2019-03-31,1,7239000000,-0.312,,,,,152000000,-0.828,234000000,-0.754,,120000000,,7.35,,,,,,33027000000,22071000000,0.651,1310.34,21490000000,,,,,,,,,,,,true,false,3,2018-04-01,2018-06-30,0
2018-07-27,63820,2018-03-31,1,10525000000,0.499,,,,,888000000,1.868,952000000,1.356,,647000000,,35.57,,,,,,,,,,,,,,,,,,,,,,true,false,3,2017-04-01,2017-06-30,-1
2018-07-27,63820,2019-03-31,1,16500000000,-0.171,,,,,450000000,-0.700,600000000,-0.632,,250000000,,15.24,,,,,,,,,,,,,,,,,,,,,,true,true,6,2018-04-01,2018-09-30,0
2018-07-27,63820,2019-03-31,1,33000000000,-0.209,,,,,1400000000,-0.428,1700000000,-0.353,,1200000000,,73.17,,,,,,,,,,,,,,,,,,,,,,true,true,12,2018-04-01,2019-03-31,0
2018-07-27,63820,2018-03-31,1,,,,,,,,,,,,,,,,,,,,35141000000,22289000000,0.618,1323.77,21710000000,,,,,,,,,,,,true,false,12,2017-04-01,2018-03-31,-1
2018-07-27,63820,2018-03-31,1,,,,,,,,,,,,,,,,,,,,,,,,,,,,,33.00,,,,18220000,1819250,,false,false,12,2017-04-01,2018-03-31,-1
2018-07-27,63820,2019-03-31,1,,,,,,,,,,,,,,,,,,,,,,,,,,,,,22.00,,,,,,,false,true,12,2018-04-01,2019-03-31,0
2018-07-27,63820,2019-03-31,1,,,,,,,,,,,,,,,,,,,,,,,,,,,,,,,,,18220000,1819250,16400750,false,false,3,2018-04-01,2018-06-30,0
2018-07-27,63820,2018-03-31,1,,,,,,,,,,,,,,,,,,,,,,,,,,,,,,,,,,,18203853,false,false,3,2017-04-01,2017-06-30,-1
2018-10-31,63820,2019-03-31,2,15971000000,-0.197,,,,,532000000,-0.645,737000000,-0.547,,360000000,,21.98,,,,,,32963000000,22217000000,0.658,1322.43,21688000000,,,,,,,,,,,,true,false,6,2018-04-01,2018-09-30,0
2018-10-31,63820,2018-03-31,2,19898000000,0.346,,,,,1497000000,1.197,1628000000,0.868,,1068000000,,58.69,,,,,,,,,,,,,,,,,,,,,,true,false,6,2017-04-01,2017-09-30,-1
2018-10-31,63820,2019-03-31,2,33000000000,-0.209,,,,,1400000000,-0.428,1700000000,-0.353,,1200000000,,73.17,,,,,,,,,,,,,,,,,,,,,,true,true,12,2018-04-01,2019-03-31,0
2018-10-31,63820,2018-03-31,2,,,,,,,,,,,,,,,,,,,,35141000000,22289000000,0.618,1323.77,21710000000,,,,,,,,,,,,true,false,12,2017-04-01,2018-03-31,-1
2018-10-31,63820,2018-03-31,2,,,,,,,,,,,,,,,,,,,,,,,,,,,,,33.00,,,,18220000,1819250,,false,false,12,2017-04-01,2018-03-31,-1
2018-10-31,63820,2019-03-31,2,,,,,,,,,,,,,,,,,,,,,,,,,,,,,11.00,,,,,,,false,false,12,2018-04-01,2019-03-31,0
2018-10-31,63820,2019-03-31,2,,,,,,,,,,,,,,,,,,,,,,,,,,,,,22.00,,,,,,,false,true,12,2018-04-01,2019-03-31,0
2018-10-31,63820,2019-03-31,2,,,,,,,,,,,,,,,,,,,,,,,,,,,,,,,,,18220000,1819250,16400750,false,false,6,2018-04-01,2018-09-30,0
2018-10-31,63820,2018-03-31,2,,,,,,,,,,,,,,,,,,,,,,,,,,,,,,,,,,,18203490,false,false,6,2017-04-01,2017-09-30,-1
2019-02-01,63820,2019-03-31,3,24050000000,-0.243,,,,,903000000,-0.584,1181000000,-0.510,,693000000,,42.31,,,,,,33437000000,22315000000,0.651,1326.57,21756000000,,,,,,,,,,,,true,false,9,2018-04-01,2018-12-31,0
2019-02-01,63820,2018-03-31,3,31753000000,0.440,,,,,2168000000,1.138,2408000000,0.899,,1630000000,,90.43,,,,,,,,,,,,,,,,,,,,,,true,false,9,2017-04-01,2017-12-31,-1
2019-02-01,63820,2019-03-31,3,33000000000,-0.209,,,,,1400000000,-0.428,1700000000,-0.353,,1200000000,,73.17,,,,,,,,,,,,,,,,,,,,,,true,true,12,2018-04-01,2019-03-31,0
2019-02-01,63820,2018-03-31,3,,,,,,,,,,,,,,,,,,,,35141000000,22289000000,0.618,1323.77,21710000000,,,,,,,,,,,,true,false,12,2017-04-01,2018-03-31,-1
2019-02-01,63820,2018-03-31,3,,,,,,,,,,,,,,,,,,,,,,,,,,,,,33.00,,,,18220000,1819250,,false,false,12,2017-04-01,2018-03-31,-1
2019-02-01,63820,2019-03-31,3,,,,,,,,,,,,,,,,,,,,,,,,,,,,,11.00,,,,,,,false,false,12,2018-04-01,2019-03-31,0
2019-02-01,63820,2019-03-31,3,,,,,,,,,,,,,,,,,,,,,,,,,,,,,22.00,,,,,,,false,true,12,2018-04-01,2019-03-31,0
2019-02-01,63820,2019-03-31,3,,,,,,,,,,,,,,,,,,,,,,,,,,,,,,,,,18220000,1819256,16400749,false,false,9,2018-04-01,2018-12-31,0
2019-02-01,63820,2018-03-31,3,,,,,,,,,,,,,,,,,,,,,,,,,,,,,,,,,,,18026402,false,false,9,2017-04-01,2017-12-31,-1
2019-04-26,63820,2019-03-31,,35352000000,-0.152,,,,,1909000000,-0.220,2249000000,-0.144,,1521000000,,92.78,,0.069,0.063,0.054,,36187000000,23018000000,0.621,1370.15,22471000000,3635000000,-617000000,-581000000,8468000000,,0.302,,,,,,true,false,12,2018-04-01,2019-03-31,0
2019-04-26,63820,2018-03-31,,41714000000,0.264,,,,,2449000000,0.293,2628000000,0.215,,1802000000,,102.26,,0.083,0.072,0.059,,35141000000,22289000000,0.618,1323.77,21710000000,-4711000000,-950000000,-2229000000,6172000000,,0.323,,,,,,true,false,12,2017-04-01,2018-03-31,-1
2019-04-26,63820,2020-03-31,,18000000000,0.127,,,,,1000000000,0.879,1150000000,0.559,,750000000,,45.73,,,,,,,,,,,,,,,,,,,,,,true,true,6,2019-04-01,2019-09-30,1
2019-04-26,63820,2020-03-31,,35500000000,0.004,,,,,2000000000,0.048,2300000000,0.022,,1600000000,,97.56,,,,,,,,,,,,,,,,0.308,,,,,,true,true,12,2019-04-01,2020-03-31,1
2019-04-26,63820,2019-03-31,,30358000000,-0.135,,,,,1422000000,-0.156,2160000000,0.014,1654000000,,0.047,100.86,,,,,,29454000000,17550000000,0.596,1070.11,17550000000,,,,,28.00,,,,18220000,1819256,16400748,false,false,12,2018-04-01,2019-03-31,0
2019-04-26,63820,2018-03-31,,35095000000,0.194,,,,,1686000000,0.061,2130000000,0.135,1579000000,,0.139,89.64,,,,,,27905000000,16473000000,0.590,1004.45,16473000000,,,,,33.00,,,,18220000,1819250,17625604,false,false,12,2017-04-01,2018-03-31,-1
2019-04-26,63820,2020-03-31,,,,,,,,,,,,,,,,,,,,,,,,,,,,,,30.00,,,,,,,false,true,12,2019-04-01,2020-03-31,1
2019-07-31,63820,2020-03-31,1,7804000000,0.078,,,,,552000000,2.616,630000000,1.686,,466000000,,28.45,,,,,,36195000000,23279000000,0.627,1384.73,22710000000,,,,,,,,,,,,true,false,3,2019-04-01,2019-06-30,0
2019-07-31,63820,2019-03-31,1,7239000000,-0.312,,,,,152000000,-0.828,234000000,-0.754,,120000000,,7.35,,,,,,,,,,,,,,,,,,,,,,true,false,3,2018-04-01,2018-06-30,-1
2019-07-31,63820,2020-03-31,1,18000000000,0.127,,,,,1000000000,0.879,1150000000,0.559,,750000000,,45.73,,,,,,,,,,,,,,,,,,,,,,true,true,6,2019-04-01,2019-09-30,0
2019-07-31,63820,2020-03-31,1,35500000000,0.004,,,,,2000000000,0.048,2300000000,0.022,,1600000000,,97.56,,,,,,,,,,,,,,,,,,,,,,true,true,12,2019-04-01,2020-03-31,0
2019-07-31,63820,2019-03-31,1,,,,,,,,,,,,,,,,,,,,36187000000,23018000000,0.621,1370.15,22471000000,,,,,,,,,,,,true,false,12,2018-04-01,2019-03-31,-1
2019-07-31,63820,2019-03-31,1,,,,,,,,,,,,,,,,,,,,,,,,,,,,,28.00,,,,18220000,1819256,,false,false,12,2018-04-01,2019-03-31,-1
2019-07-31,63820,2020-03-31,1,,,,,,,,,,,,,,,,,,,,,,,,,,,,,30.00,,,,,,,false,true,12,2019-04-01,2020-03-31,0
2019-07-31,63820,2020-03-31,1,,,,,,,,,,,,,,,,,,,,,,,,,,,,,,,,,18220000,1819278,16400734,false,false,3,2019-04-01,2019-06-30,0
2019-07-31,63820,2019-03-31,1,,,,,,,,,,,,,,,,,,,,,,,,,,,,,,,,,,,16400750,false,false,3,2018-04-01,2018-06-30,-1
2019-10-30,63820,2020-03-31,2,17592000000,0.101,,,,,1438000000,1.703,1568000000,1.126,,1004000000,,61.27,,,,,,36368000000,23769000000,0.639,1415.93,23222000000,,,,,,,,,,,,true,false,6,2019-04-01,2019-09-30,0
2019-10-30,63820,2019-03-31,2,15971000000,-0.197,,,,,532000000,-0.645,737000000,-0.547,,360000000,,21.98,,,,,,,,,,,,,,,,,,,,,,true,false,6,2018-04-01,2018-09-30,-1
2019-10-30,63820,2020-03-31,2,35500000000,0.004,,,,,2000000000,0.048,2300000000,0.022,,1600000000,,97.56,,,,,,,,,,,,,,,,,,,,,,true,true,12,2019-04-01,2020-03-31,0
2019-10-30,63820,2019-03-31,2,,,,,,,,,,,,,,,,,,,,36187000000,23018000000,0.621,1370.15,22471000000,,,,,,,,,,,,true,false,12,2018-04-01,2019-03-31,-1
2019-10-30,63820,2019-03-31,2,,,,,,,,,,,,,,,,,,,,,,,,,,,,,28.00,,,,18220000,1819256,,false,false,12,2018-04-01,2019-03-31,-1
2019-10-30,63820,2020-03-31,2,,,,,,,,,,,,,,,,,,,,,,,,,,,,,15.00,,,,,,,false,false,12,2019-04-01,2020-03-31,0
2019-10-30,63820,2020-03-31,2,,,,,,,,,,,,,,,,,,,,,,,,,,,,,30.00,,,,,,,false,true,12,2019-04-01,2020-03-31,0
2019-10-30,63820,2020-03-31,2,,,,,,,,,,,,,,,,,,,,,,,,,,,,,,,,,18220000,1819278,16400728,false,false,6,2019-04-01,2019-09-30,0
2019-10-30,63820,2019-03-31,2,,,,,,,,,,,,,,,,,,,,,,,,,,,,,,,,,,,16400750,false,false,6,2018-04-01,2018-09-30,-1
2020-01-31,63820,2020-03-31,3,26615000000,0.107,,,,,1952000000,1.162,2130000000,0.804,,1421000000,,86.68,,,,,,37033000000,24002000000,0.633,1429.38,23442000000,,,,,,,,,,,,true,false,9,2019-04-01,2019-12-31,0
2020-01-31,63820,2019-03-31,3,24050000000,-0.243,,,,,903000000,-0.584,1181000000,-0.510,,693000000,,42.31,,,,,,,,,,,,,,,,,,,,,,true,false,9,2018-04-01,2018-12-31,-1
2020-01-31,63820,2020-03-31,3,36000000000,0.018,,,,,2300000000,0.205,2500000000,0.111,,1650000000,,100.61,,,,,,,,,,,,,,,,,,,,,,true,true,12,2019-04-01,2020-03-31,0
2020-01-31,63820,2019-03-31,3,,,,,,,,,,,,,,,,,,,,36187000000,23018000000,0.621,1370.15,22471000000,,,,,,,,,,,,true,false,12,2018-04-01,2019-03-31,-1
2020-01-31,63820,2019-03-31,3,,,,,,,,,,,,,,,,,,,,,,,,,,,,,28.00,,,,18220000,1819256,,false,false,12,2018-04-01,2019-03-31,-1
2020-01-31,63820,2020-03-31,3,,,,,,,,,,,,,,,,,,,,,,,,,,,,,15.00,,,,,,,false,false,12,2019-04-01,2020-03-31,0
2020-01-31,63820,2020-03-31,3,,,,,,,,,,,,,,,,,,,,,,,,,,,,,31.00,,,,,,,false,true,12,2019-04-01,2020-03-31,0
2020-01-31,63820,2020-03-31,3,,,,,,,,,,,,,,,,,,,,,,,,,,,,,,,,,18220000,1819278,16400726,false,false,9,2019-04-01,2019-12-31,0
2020-01-31,63820,2019-03-31,3,,,,,,,,,,,,,,,,,,,,,,,,,,,,,,,,,,,16400749,false,false,9,2018-04-01,2018-12-31,-1
2020-01-31,63820,2020-03-31,,36000000000,0.014,,,,,2300000000,0.150,2500000000,0.087,,1650000000,,100.61,,,,,,,,,,,,,,,,,,,,,,true,true,12,2019-04-01,2020-03-31,0
2020-01-31,63820,2019-03-31,,35352000000,,,,,,1909000000,,2249000000,,,1521000000,,92.78,,,,,,,,,,,,,,,,,,,,,,true,false,12,2018-04-01,2019-03-31,-1
2020-01-31,63820,2020-03-31,,,,,,,,,,,,,,,,,,,,,,,,,,,,,,31.00,,,,,,,false,true,12,2019-04-01,2020-03-31,0
2020-01-31,63820,2020-03-31,,,,,,,,,,,,,,,,,,,,,,,,,,,,,,15.00,,,,,,,false,false,12,2019-04-01,2020-03-31,0
2020-01-31,63820,2019-03-31,,,,,,,,,,,,,,,,,,,,,,,,,,,,,,28.00,,,,,,,false,false,12,2018-04-01,2019-03-31,-1
2020-04-30,63820,2020-03-31,,36748000000,0.039,,,,,2645000000,0.386,2835000000,0.261,,1942000000,,118.43,,0.084,0.077,0.072,,37553000000,24405000000,0.634,1452.12,23815000000,3225000000,-974000000,-635000000,10131000000,,0.304,,,,,,true,false,12,2019-04-01,2020-03-31,0
2020-04-30,63820,2019-03-31,,35352000000,-0.152,,,,,1909000000,-0.220,2249000000,-0.144,,1521000000,,92.78,,0.069,0.063,0.054,,36187000000,23018000000,0.621,1370.15,22471000000,3635000000,-617000000,-581000000,8468000000,,0.302,,,,,,true,false,12,2018-04-01,2019-03-31,-1
2020-04-30,63820,2020-03-31,,31515000000,0.038,,,,,1849000000,0.301,2450000000,0.134,1776000000,,0.074,108.33,,,,,,30035000000,18724000000,0.623,1141.68,18724000000,,,,,36.00,,,,18220000,1819314,16400718,false,false,12,2019-04-01,2020-03-31,0
2020-04-30,63820,2019-03-31,,30358000000,-0.135,,,,,1422000000,-0.156,2160000000,0.014,1654000000,,0.047,100.86,,,,,,29454000000,17550000000,0.596,1070.11,17550000000,,,,,28.00,,,,18220000,1819256,16400748,false,false,12,2018-04-01,2019-03-31,-1
2020-07-29,63820,2021-03-31,1,8005000000,0.026,,,,,405000000,-0.266,423000000,-0.328,,301000000,,18.37,,,,,,36841000000,24215000000,0.642,1442.08,23651000000,,,,,,,,,,,,true,false,3,2020-04-01,2020-06-30,0
2020-07-29,63820,2020-03-31,1,7804000000,0.078,,,,,552000000,2.616,630000000,1.686,,466000000,,28.45,,,,,,,,,,,,,,,,,,,,,,true,false,3,2019-04-01,2019-06-30,-1
2020-07-29,63820,2021-03-31,1,16500000000,-0.062,,,,,550000000,-0.618,650000000,-0.586,,400000000,,24.39,,,,,,,,,,,,,,,,,,,,,,true,true,6,2020-04-01,2020-09-30,0
2020-07-29,63820,2021-03-31,1,32500000000,-0.116,,,,,800000000,-0.698,900000000,-0.683,,600000000,,36.58,,,,,,,,,,,,,,,,,,,,,,true,true,12,2020-04-01,2021-03-31,0
2020-07-29,63820,2020-03-31,1,,,,,,,,,,,,,,,,,,,,37553000000,24405000000,0.634,1452.12,23815000000,,,,,,,,,,,,true,false,12,2019-04-01,2020-03-31,-1
2020-07-29,63820,2020-03-31,1,,,,,,,,,,,,,,,,,,,,,,,,,,,,,36.00,,,,18220000,1819314,,false,false,12,2019-04-01,2020-03-31,-1
2020-07-29,63820,2021-03-31,1,,,,,,,,,,,,,,,,,,,,,,,,,,,,,11.00,,,,,,,false,true,12,2020-04-01,2021-03-31,0
2020-07-29,63820,2021-03-31,1,,,,,,,,,,,,,,,,,,,,,,,,,,,,,,,,,18220000,1819314,16400686,false,false,3,2020-04-01,2020-06-30,0
2020-07-29,63820,2020-03-31,1,,,,,,,,,,,,,,,,,,,,,,,,,,,,,,,,,,,16400734,false,false,3,2019-04-01,2019-06-30,-1
2020-10-30,63820,2021-03-31,2,16591000000,-0.057,,,,,751000000,-0.478,822000000,-0.476,,531000000,,32.44,,,,,,36466000000,24530000000,0.657,1461.64,23971000000,,,,,,,,,,,,true,false,6,2020-04-01,2020-09-30,0
2020-10-30,63820,2020-03-31,2,17592000000,0.101,,,,,1438000000,1.703,1568000000,1.126,,1004000000,,61.27,,,,,,,,,,,,,,,,,,,,,,true,false,6,2019-04-01,2019-09-30,-1
2020-10-30,63820,2021-03-31,2,34000000000,-0.075,,,,,1300000000,-0.509,1450000000,-0.489,,950000000,,57.92,,,,,,,,,,,,,,,,,,,,,,true,true,12,2020-04-01,2021-03-31,0
2020-10-30,63820,2020-03-31,2,,,,,,,,,,,,,,,,,,,,37553000000,24405000000,0.634,1452.12,23815000000,,,,,,,,,,,,true,false,12,2019-04-01,2020-03-31,-1
2020-10-30,63820,2020-03-31,2,,,,,,,,,,,,,,,,,,,,,,,,,,,,,36.00,,,,18220000,1819314,,false,false,12,2019-04-01,2020-03-31,-1
2020-10-30,63820,2021-03-31,2,,,,,,,,,,,,,,,,,,,,,,,,,,,,,9.00,,,,,,,false,false,12,2020-04-01,2021-03-31,0
2020-10-30,63820,2021-03-31,2,,,,,,,,,,,,,,,,,,,,,,,,,,,,,18.00,,,,,,,false,true,12,2020-04-01,2021-03-31,0
2020-10-30,63820,2021-03-31,2,,,,,,,,,,,,,,,,,,,,,,,,,,,,,,,,,18220000,1819314,16400686,false,false,6,2020-04-01,2020-09-30,0
2020-10-30,63820,2020-03-31,2,,,,,,,,,,,,,,,,,,,,,,,,,,,,,,,,,,,16400728,false,false,6,2019-04-01,2019-09-30,-1
2021-01-29,63820,2021-03-31,3,25929000000,-0.026,,,,,1460000000,-0.252,1632000000,-0.234,,1139000000,,69.46,,,,,,37606000000,25119000000,0.653,1498.40,24574000000,,,,,,,,,,,,true,false,9,2020-04-01,2020-12-31,0
2021-01-29,63820,2020-03-31,3,26615000000,0.107,,,,,1952000000,1.162,2130000000,0.804,,1421000000,,86.68,,,,,,,,,,,,,,,,,,,,,,true,false,9,2019-04-01,2019-12-31,-1
2021-01-29,63820,2021-03-31,3,34200000000,-0.069,,,,,1900000000,-0.282,2050000000,-0.277,,1350000000,,82.31,,,,,,,,,,,,,,,,,,,,,,true,true,12,2020-04-01,2021-03-31,0
2021-01-29,63820,2020-03-31,3,,,,,,,,,,,,,,,,,,,,37553000000,24405000000,0.634,1452.12,23815000000,,,,,,,,,,,,true,false,12,2019-04-01,2020-03-31,-1
2021-01-29,63820,2020-03-31,3,,,,,,,,,,,,,,,,,,,,,,,,,,,,,36.00,,,,18220000,1819314,,false,false,12,2019-04-01,2020-03-31,-1
2021-01-29,63820,2021-03-31,3,,,,,,,,,,,,,,,,,,,,,,,,,,,,,9.00,,,,,,,false,false,12,2020-04-01,2021-03-31,0
2021-01-29,63820,2021-03-31,3,,,,,,,,,,,,,,,,,,,,,,,,,,,,,25.00,,,,,,,false,true,12,2020-04-01,2021-03-31,0
2021-01-29,63820,2021-03-31,3,,,,,,,,,,,,,,,,,,,,,,,,,,,,,,,,,18220000,1819314,16400686,false,false,9,2020-04-01,2020-12-31,0
2021-01-29,63820,2020-03-31,3,,,,,,,,,,,,,,,,,,,,,,,,,,,,,,,,,,,16400726,false,false,9,2019-04-01,2019-12-31,-1
2021-04-28,63820,2021-03-31,,35362000000,-0.038,,,,,2378000000,-0.101,2423000000,-0.145,,1620000000,,98.79,,0.066,0.063,0.067,,39108000000,26000000000,0.650,1550.90,25435000000,2113000000,-714000000,-604000000,10832000000,,0.304,,,,,,true,false,12,2020-04-01,2021-03-31,0
2021-04-28,63820,2020-03-31,,36748000000,0.039,,,,,2645000000,0.386,2835000000,0.261,,1942000000,,118.43,,0.084,0.077,0.072,,37553000000,24405000000,0.634,1452.12,23815000000,3225000000,-974000000,-635000000,10131000000,,0.304,,,,,,true,false,12,2019-04-01,2020-03-31,-1
2021-04-28,63820,2022-03-31,,15000000000,-0.096,,,,,500000000,-0.335,600000000,-0.271,,300000000,,18.29,,,,,,,,,,,,,,,,,,,,,,true,true,6,2021-04-01,2021-09-30,1
2021-04-28,63820,2022-03-31,,35000000000,-0.010,,,,,2150000000,-0.096,2300000000,-0.051,,1600000000,,97.56,,,,,,,,,,,,,,,,0.308,,,,,,true,true,12,2021-04-01,2022-03-31,1
2021-04-28,63820,2021-03-31,,31605000000,0.003,,,,,1829000000,-0.011,2480000000,0.013,1569000000,,-0.117,95.69,,,,,,31917000000,20142000000,0.631,1228.16,20142000000,,,,,30.00,,,,18220000,1819314,16400686,false,false,12,2020-04-01,2021-03-31,0
2021-04-28,63820,2020-03-31,,31515000000,0.038,,,,,1849000000,0.301,2450000000,0.134,1776000000,,0.074,108.33,,,,,,30035000000,18724000000,0.623,1141.68,18724000000,,,,,36.00,,,,18220000,1819314,16400718,false,false,12,2019-04-01,2020-03-31,-1
2021-04-28,63820,2022-03-31,,,,,,,,,,,,,,,,,,,,,,,,,,,,,,30.00,,,,,,,false,true,12,2021-04-01,2022-03-31,1
2021-07-28,63820,2022-03-31,1,7061000000,-0.118,,,,,537000000,0.325,652000000,0.540,,417000000,,25.44,,,,,,37094000000,26415000000,0.696,1574.17,25817000000,,,,,,,,,,,,true,false,3,2021-04-01,2021-06-30,0
2021-07-28,63820,2021-03-31,1,8005000000,0.026,,,,,405000000,-0.266,423000000,-0.328,,301000000,,18.37,,,,,,,,,,,,,,,,,,,,,,true,false,3,2020-04-01,2020-06-30,-1
2021-07-28,63820,2022-03-31,1,15000000000,-0.096,,,,,500000000,-0.335,600000000,-0.271,,300000000,,18.29,,,,,,,,,,,,,,,,,,,,,,true,true,6,2021-04-01,2021-09-30,0
2021-07-28,63820,2022-03-31,1,35000000000,-0.010,,,,,2150000000,-0.096,2300000000,-0.051,,1600000000,,97.56,,,,,,,,,,,,,,,,,,,,,,true,true,12,2021-04-01,2022-03-31,0
2021-07-28,63820,2021-03-31,1,,,,,,,,,,,,,,,,,,,,39108000000,26000000000,0.650,1550.90,25435000000,,,,,,,,,,,,true,false,12,2020-04-01,2021-03-31,-1
2021-07-28,63820,2021-03-31,1,,,,,,,,,,,,,,,,,,,,,,,,,,,,,30.00,,,,18220000,1819314,,false,false,12,2020-04-01,2021-03-31,-1
2021-07-28,63820,2022-03-31,1,,,,,,,,,,,,,,,,,,,,,,,,,,,,,30.00,,,,,,,false,true,12,2021-04-01,2022-03-31,0
2021-07-28,63820,2022-03-31,1,,,,,,,,,,,,,,,,,,,,,,,,,,,,,,,,,18220000,1819314,16400686,false,false,3,2021-04-01,2021-06-30,0
2021-07-28,63820,2021-03-31,1,,,,,,,,,,,,,,,,,,,,,,,,,,,,,,,,,,,16400686,false,false,3,2020-04-01,2020-06-30,-1
2021-11-01,63820,2022-03-31,2,14687000000,-0.115,,,,,980000000,0.305,1199000000,0.458,,770000000,,46.95,,,,,,37776000000,26763000000,0.694,1594.33,26200000000,,,,,,,,,,,,true,false,6,2021-04-01,2021-09-30,0
2021-11-01,63820,2021-03-31,2,16591000000,-0.057,,,,,751000000,-0.478,822000000,-0.476,,531000000,,32.44,,,,,,,,,,,,,,,,,,,,,,true,false,6,2020-04-01,2020-09-30,-1
2021-11-01,63820,2022-03-31,2,35000000000,-0.010,,,,,2150000000,-0.096,2300000000,-0.051,,1600000000,,97.56,,,,,,,,,,,,,,,,,,,,,,true,true,12,2021-04-01,2022-03-31,0
2021-11-01,63820,2021-03-31,2,,,,,,,,,,,,,,,,,,,,39108000000,26000000000,0.650,1550.90,25435000000,,,,,,,,,,,,true,false,12,2020-04-01,2021-03-31,-1
2021-11-01,63820,2021-03-31,2,,,,,,,,,,,,,,,,,,,,,,,,,,,,,30.00,,,,18220000,1819314,,false,false,12,2020-04-01,2021-03-31,-1
2021-11-01,63820,2022-03-31,2,,,,,,,,,,,,,,,,,,,,,,,,,,,,,15.00,,,,,,,false,false,12,2021-04-01,2022-03-31,0
2021-11-01,63820,2022-03-31,2,,,,,,,,,,,,,,,,,,,,,,,,,,,,,30.00,,,,,,,false,true,12,2021-04-01,2022-03-31,0
2021-11-01,63820,2022-03-31,2,,,,,,,,,,,,,,,,,,,,,,,,,,,,,,,,,18220000,1786314,16413670,false,false,6,2021-04-01,2021-09-30,0
2021-11-01,63820,2021-03-31,2,,,,,,,,,,,,,,,,,,,,,,,,,,,,,,,,,,,16400686,false,false,6,2020-04-01,2020-09-30,-1
2022-02-02,63820,2022-03-31,3,24895000000,-0.040,,,,,1446000000,-0.010,1818000000,0.114,,1234000000,,75.21,,,,,,38330000000,27051000000,0.691,1611.76,26487000000,,,,,,,,,,,,true,false,9,2021-04-01,2021-12-31,0
2022-02-02,63820,2021-03-31,3,25929000000,-0.026,,,,,1460000000,-0.252,1632000000,-0.234,,1139000000,,69.46,,,,,,,,,,,,,,,,,,,,,,true,false,9,2020-04-01,2020-12-31,-1
2022-02-02,63820,2022-03-31,3,35000000000,-0.010,,,,,2150000000,-0.096,2300000000,-0.051,,1600000000,,97.56,,,,,,,,,,,,,,,,,,,,,,true,true,12,2021-04-01,2022-03-31,0
2022-02-02,63820,2021-03-31,3,,,,,,,,,,,,,,,,,,,,39108000000,26000000000,0.650,1550.90,25435000000,,,,,,,,,,,,true,false,12,2020-04-01,2021-03-31,-1
2022-02-02,63820,2021-03-31,3,,,,,,,,,,,,,,,,,,,,,,,,,,,,,30.00,,,,18220000,1819314,,false,false,12,2020-04-01,2021-03-31,-1
2022-02-02,63820,2022-03-31,3,,,,,,,,,,,,,,,,,,,,,,,,,,,,,15.00,,,,,,,false,false,12,2021-04-01,2022-03-31,0
2022-02-02,63820,2022-03-31,3,,,,,,,,,,,,,,,,,,,,,,,,,,,,,30.00,,,,,,,false,true,12,2021-04-01,2022-03-31,0
2022-02-02,63820,2022-03-31,3,,,,,,,,,,,,,,,,,,,,,,,,,,,,,,,,,18220000,1786314,16420366,false,false,9,2021-04-01,2021-12-31,0
2022-02-02,63820,2021-03-31,3,,,,,,,,,,,,,,,,,,,,,,,,,,,,,,,,,,,16400686,false,false,9,2020-04-01,2020-12-31,-1
2022-04-28,63820,2022-03-31,,34161000000,-0.034,,,,,1932000000,-0.187,2335000000,-0.037,,1813000000,,110.41,,0.069,0.060,0.057,,38786000000,27557000000,0.695,1640.58,26960000000,2108000000,-1319000000,-691000000,11064000000,,0.308,,,,,,true,false,12,2021-04-01,2022-03-31,0
2022-04-28,63820,2021-03-31,,35362000000,-0.038,,,,,2378000000,-0.101,2423000000,-0.145,,1620000000,,98.79,,0.066,0.063,0.067,,39108000000,26000000000,0.650,1550.90,25435000000,2113000000,-714000000,-604000000,10832000000,,0.304,,,,,,true,false,12,2020-04-01,2021-03-31,-1
2022-04-28,63820,2023-03-31,,15000000000,0.021,,,,,550000000,-0.439,650000000,-0.458,,550000000,,33.47,,,,,,,,,,,,,,,,,,,,,,true,true,6,2022-04-01,2022-09-30,1
2022-04-28,63820,2023-03-31,,33000000000,-0.034,,,,,2000000000,0.035,2300000000,-0.015,,1850000000,,112.57,,,,,,,,,,,,,,,,0.302,,,,,,true,true,12,2022-04-01,2023-03-31,1
2022-04-28,63820,2022-03-31,,26812000000,-0.152,,,,,1076000000,-0.411,1746000000,-0.296,1547000000,,-0.014,94.21,,,,,,30067000000,21222000000,0.706,1291.41,21222000000,,,,,34.00,,,,18220000,1786354,16423650,false,false,12,2021-04-01,2022-03-31,0
2022-04-28,63820,2021-03-31,,31605000000,0.003,,,,,1829000000,-0.011,2480000000,0.013,1569000000,,-0.117,95.69,,,,,,31917000000,20142000000,0.631,1228.16,20142000000,,,,,30.00,,,,18220000,1819314,16400686,false,false,12,2020-04-01,2021-03-31,-1
2022-04-28,63820,2023-03-31,,,,,,,,,,,,,,,,,,,,,,,,,,,,,,34.00,,,,,,,false,true,12,2022-04-01,2023-03-31,1
2022-07-27,63820,2023-03-31,1,6413000000,-0.092,,,,,-148000000,,-39000000,,,-104000000,,-6.33,,,,,,38162000000,27473000000,0.703,1632.48,26827000000,,,,,,,,,,,,true,false,3,2022-04-01,2022-06-30,0
2022-07-27,63820,2022-03-31,1,7061000000,-0.118,,,,,537000000,0.325,652000000,0.540,,417000000,,25.44,,,,,,,,,,,,,,,,,,,,,,true,false,3,2021-04-01,2021-06-30,-1
2022-07-27,63820,2023-03-31,1,15000000000,0.021,,,,,550000000,-0.439,650000000,-0.458,,550000000,,33.47,,,,,,,,,,,,,,,,,,,,,,true,true,6,2022-04-01,2022-09-30,0
2022-07-27,63820,2023-03-31,1,33000000000,-0.034,,,,,2000000000,0.035,2300000000,-0.015,,1850000000,,112.57,,,,,,,,,,,,,,,,,,,,,,true,true,12,2022-04-01,2023-03-31,0
2022-07-27,63820,2022-03-31,1,,,,,,,,,,,,,,,,,,,,38786000000,27557000000,0.695,1640.58,26960000000,,,,,,,,,,,,true,false,12,2021-04-01,2022-03-31,-1
2022-07-27,63820,2022-03-31,1,,,,,,,,,,,,,,,,,,,,,,,,,,,,,34.00,,,,18220000,1786354,,false,false,12,2021-04-01,2022-03-31,-1
2022-07-27,63820,2023-03-31,1,,,,,,,,,,,,,,,,,,,,,,,,,,,,,34.00,,,,,,,false,true,12,2022-04-01,2023-03-31,0
2022-07-27,63820,2023-03-31,1,,,,,,,,,,,,,,,,,,,,,,,,,,,,,,,,,18220000,1786402,16433644,false,false,3,2022-04-01,2022-06-30,0
2022-07-27,63820,2022-03-31,1,,,,,,,,,,,,,,,,,,,,,,,,,,,,,,,,,,,16400686,false,false,3,2021-04-01,2021-06-30,-1
2022-10-31,63820,2023-03-31,2,13093000000,-0.109,,,,,32000000,-0.967,245000000,-0.796,,309000000,,18.90,,,,,,37403000000,27581000000,0.720,1677.18,26928000000,,,,,,,,,,,,true,false,6,2022-04-01,2022-09-30,0
2022-10-31,63820,2022-03-31,2,14687000000,-0.115,,,,,980000000,0.305,1199000000,0.458,,770000000,,46.95,,,,,,,,,,,,,,,,,,,,,,true,false,6,2021-04-01,2021-09-30,-1
2022-10-31,63820,2023-03-31,2,29000000000,-0.151,,,,,550000000,-0.715,1000000000,-0.572,,1000000000,,61.05,,,,,,,,,,,,,,,,,,,,,,true,true,12,2022-04-01,2023-03-31,0
2022-10-31,63820,2022-03-31,2,,,,,,,,,,,,,,,,,,,,38786000000,27557000000,0.695,1640.58,26960000000,,,,,,,,,,,,true,false,12,2021-04-01,2022-03-31,-1
2022-10-31,63820,2022-03-31,2,,,,,,,,,,,,,,,,,,,,,,,,,,,,,34.00,,,,18220000,1786354,,false,false,12,2021-04-01,2022-03-31,-1
2022-10-31,63820,2023-03-31,2,,,,,,,,,,,,,,,,,,,,,,,,,,,,,15.00,,,,,,,false,false,12,2022-04-01,2023-03-31,0
2022-10-31,63820,2023-03-31,2,,,,,,,,,,,,,,,,,,,,,,,,,,,,,30.00,,,,,,,false,true,12,2022-04-01,2023-03-31,0
2022-10-31,63820,2023-03-31,2,,,,,,,,,,,,,,,,,,,,,,,,,,,,,,,,,18220000,2164402,16381131,false,false,6,2022-04-01,2022-09-30,0
2022-10-31,63820,2022-03-31,2,,,,,,,,,,,,,,,,,,,,,,,,,,,,,,,,,,,16413670,false,false,6,2021-04-01,2021-09-30,-1
2023-02-01,63820,2023-03-31,3,20095000000,-0.193,,,,,197000000,-0.863,596000000,-0.672,,596000000,,36.66,,,,,,37603000000,27542000000,0.715,1674.21,26880000000,,,,,,,,,,,,true,false,9,2022-04-01,2022-12-31,0
2023-02-01,63820,2022-03-31,3,24895000000,-0.040,,,,,1446000000,-0.010,1818000000,0.114,,1234000000,,75.21,,,,,,,,,,,,,,,,,,,,,,true,false,9,2021-04-01,2021-12-31,-1
2023-02-01,63820,2023-03-31,3,29000000000,-0.151,,,,,550000000,-0.715,1000000000,-0.572,,1000000000,,61.45,,,,,,,,,,,,,,,,,,,,,,true,true,12,2022-04-01,2023-03-31,0
2023-02-01,63820,2022-03-31,3,,,,,,,,,,,,,,,,,,,,38786000000,27557000000,0.695,1640.58,26960000000,,,,,,,,,,,,true,false,12,2021-04-01,2022-03-31,-1
2023-02-01,63820,2022-03-31,3,,,,,,,,,,,,,,,,,,,,,,,,,,,,,34.00,,,,18220000,1786354,,false,false,12,2021-04-01,2022-03-31,-1
2023-02-01,63820,2023-03-31,3,,,,,,,,,,,,,,,,,,,,,,,,,,,,,15.00,,,,,,,false,false,12,2022-04-01,2023-03-31,0
2023-02-01,63820,2023-03-31,3,,,,,,,,,,,,,,,,,,,,,,,,,,,,,30.00,,,,,,,false,true,12,2022-04-01,2023-03-31,0
2023-02-01,63820,2023-03-31,3,,,,,,,,,,,,,,,,,,,,,,,,,,,,,,,,,18220000,2164402,16272225,false,false,9,2022-04-01,2022-12-31,0
2023-02-01,63820,2022-03-31,3,,,,,,,,,,,,,,,,,,,,,,,,,,,,,,,,,,,16420366,false,false,9,2021-04-01,2021-12-31,-1
2023-04-28,63820,2023-03-31,,29047000000,-0.150,,,,,965000000,-0.500,1471000000,-0.370,,1267000000,,78.15,,0.047,0.038,0.033,,38715000000,27959000000,0.705,1699.77,27290000000,4340000000,-774000000,-958000000,13893000000,,0.384,,,,,,true,false,12,2022-04-01,2023-03-31,0
2023-04-28,63820,2022-03-31,,34161000000,-0.034,,,,,1932000000,-0.187,2335000000,-0.037,,1813000000,,110.41,,0.069,0.060,0.057,,38786000000,27557000000,0.695,1640.58,26960000000,2108000000,-1319000000,-691000000,11064000000,,0.308,,,,,,true,false,12,2021-04-01,2022-03-31,-1
2023-04-28,63820,2024-03-31,,15000000000,0.146,,,,,450000000,12.797,550000000,1.244,,150000000,,9.34,,,,,,,,,,,,,,,,,,,,,,true,true,6,2023-04-01,2023-09-30,1
2023-04-28,63820,2024-03-31,,34500000000,0.188,,,,,1800000000,0.864,2100000000,0.427,,1400000000,,87.20,,,,,,,,,,,,,,,,0.351,,,,,,true,true,12,2023-04-01,2024-03-31,1
2023-04-28,63820,2023-03-31,,24939000000,-0.070,,,,,274000000,-0.745,951000000,-0.455,1028000000,,-0.335,63.44,,,,,,29879000000,21104000000,0.706,1314.46,21104000000,,,,,30.00,,,,18220000,2164402,16218810,false,false,12,2022-04-01,2023-03-31,0
2023-04-28,63820,2022-03-31,,26812000000,-0.152,,,,,1076000000,-0.411,1746000000,-0.296,1547000000,,-0.014,94.21,,,,,,30067000000,21222000000,0.706,1291.41,21222000000,,,,,34.00,,,,18220000,1786354,16423650,false,false,12,2021-04-01,2022-03-31,-1
2023-04-28,63820,2024-03-31,,,,,,,,,,,,,,,,,,,,,,,,,,,,,,30.00,,,,,,,false,true,12,2023-04-01,2024-03-31,1
2023-07-26,63820,2024-03-31,1,7510000000,0.171,,,,,417000000,,543000000,,,225000000,,14.02,,,,,,39036000000,28393000000,0.709,1724.72,27691000000,,,,,,,,,,,,true,false,3,2023-04-01,2023-06-30,0
2023-07-26,63820,2023-03-31,1,6413000000,-0.092,,,,,-148000000,,-39000000,,,-104000000,,-6.33,,,,,,,,,,,,,,,,,,,,,,true,false,3,2022-04-01,2022-06-30,-1
2023-07-26,63820,2024-03-31,1,15000000000,0.146,,,,,450000000,12.797,550000000,1.244,,150000000,,9.34,,,,,,,,,,,,,,,,,,,,,,true,true,6,2023-04-01,2023-09-30,0
2023-07-26,63820,2024-03-31,1,34500000000,0.188,,,,,1800000000,0.864,2100000000,0.427,,1400000000,,87.20,,,,,,,,,,,,,,,,,,,,,,true,true,12,2023-04-01,2024-03-31,0
2023-07-26,63820,2023-03-31,1,,,,,,,,,,,,,,,,,,,,38715000000,27959000000,0.705,1699.77,27290000000,,,,,,,,,,,,true,false,12,2022-04-01,2023-03-31,-1
2023-07-26,63820,2023-03-31,1,,,,,,,,,,,,,,,,,,,,,,,,,,,,,30.00,,,,18220000,2164402,,false,false,12,2022-04-01,2023-03-31,-1
2023-07-26,63820,2024-03-31,1,,,,,,,,,,,,,,,,,,,,,,,,,,,,,30.00,,,,,,,false,true,12,2023-04-01,2024-03-31,0
2023-07-26,63820,2024-03-31,1,,,,,,,,,,,,,,,,,,,,,,,,,,,,,,,,,18220000,2164402,16055598,false,false,3,2023-04-01,2023-06-30,0
2023-07-26,63820,2023-03-31,1,,,,,,,,,,,,,,,,,,,,,,,,,,,,,,,,,,,16433644,false,false,3,2022-04-01,2022-06-30,-1
2023-10-31,63820,2024-03-31,2,15407000000,0.177,,,,,867000000,25.611,1123000000,3.584,,660000000,,41.08,,,,,,39830000000,29209000000,0.716,1772.53,28520000000,,,,,,,,,,,,true,false,6,2023-04-01,2023-09-30,0
2023-10-31,63820,2023-03-31,2,13093000000,-0.109,,,,,32000000,-0.967,245000000,-0.796,,309000000,,18.90,,,,,,,,,,,,,,,,,,,,,,true,false,6,2022-04-01,2022-09-30,-1
2023-10-31,63820,2024-03-31,2,34500000000,0.188,,,,,1800000000,0.864,2100000000,0.427,,1400000000,,87.20,,,,,,,,,,,,,,,,,,,,,,true,true,12,2023-04-01,2024-03-31,0
2023-10-31,63820,2023-03-31,2,,,,,,,,,,,,,,,,,,,,38715000000,27959000000,0.705,1699.77,27290000000,,,,,,,,,,,,true,false,12,2022-04-01,2023-03-31,-1
2023-10-31,63820,2023-03-31,2,,,,,,,,,,,,,,,,,,,,,,,,,,,,,30.00,,,,18220000,2164402,,false,false,12,2022-04-01,2023-03-31,-1
2023-10-31,63820,2024-03-31,2,,,,,,,,,,,,,,,,,,,,,,,,,,,,,15.00,,,,,,,false,false,12,2023-04-01,2024-03-31,0
2023-10-31,63820,2024-03-31,2,,,,,,,,,,,,,,,,,,,,,,,,,,,,,30.00,,,,,,,false,true,12,2023-04-01,2024-03-31,0
2023-10-31,63820,2024-03-31,2,,,,,,,,,,,,,,,,,,,,,,,,,,,,,,,,,18220000,2129946,16069156,false,false,6,2023-04-01,2023-09-30,0
2023-10-31,63820,2023-03-31,2,,,,,,,,,,,,,,,,,,,,,,,,,,,,,,,,,,,16381131,false,false,6,2022-04-01,2022-09-30,-1
2024-01-31,63820,2024-03-31,3,25185000000,0.253,,,,,1831000000,8.267,2187000000,2.668,,1459000000,,90.76,,,,,,40637000000,29753000000,0.715,1805.28,29047000000,,,,,,,,,,,,true,false,9,2023-04-01,2023-12-31,0
2024-01-31,63820,2023-03-31,3,20095000000,-0.193,,,,,197000000,-0.863,596000000,-0.672,,596000000,,36.66,,,,,,,,,,,,,,,,,,,,,,true,false,9,2022-04-01,2022-12-31,-1
2024-01-31,63820,2024-03-31,3,36000000000,0.239,,,,,2300000000,1.382,2700000000,0.835,,1800000000,,111.97,,,,,,,,,,,,,,,,,,,,,,true,true,12,2023-04-01,2024-03-31,0
2024-01-31,63820,2023-03-31,3,,,,,,,,,,,,,,,,,,,,38715000000,27959000000,0.705,1699.77,27290000000,,,,,,,,,,,,true,false,12,2022-04-01,2023-03-31,-1
2024-01-31,63820,2023-03-31,3,,,,,,,,,,,,,,,,,,,,,,,,,,,,,30.00,,,,18220000,2164402,,false,false,12,2022-04-01,2023-03-31,-1
2024-01-31,63820,2024-03-31,3,,,,,,,,,,,,,,,,,,,,,,,,,,,,,15.00,,,,,,,false,false,12,2023-04-01,2024-03-31,0
2024-01-31,63820,2024-03-31,3,,,,,,,,,,,,,,,,,,,,,,,,,,,,,36.00,,,,,,,false,true,12,2023-04-01,2024-03-31,0
2024-01-31,63820,2024-03-31,3,,,,,,,,,,,,,,,,,,,,,,,,,,,,,,,,,18220000,2129946,16076147,false,false,9,2023-04-01,2023-12-31,0
2024-01-31,63820,2023-03-31,3,,,,,,,,,,,,,,,,,,,,,,,,,,,,,,,,,,,16272225,false,false,9,2022-04-01,2022-12-31,-1
2024-04-24,63820,2024-03-31,,36992000000,0.274,,,,,2795000000,1.895,3007000000,1.043,,2058000000,,128.03,,0.072,0.072,0.076,,44767000000,31017000000,0.677,1882.27,30285000000,3618000000,-874000000,-621000000,16235000000,,0.312,,,,,,true,false,12,2023-04-01,2024-03-31,0
2024-04-24,63820,2023-03-31,,29047000000,-0.150,,,,,965000000,-0.500,1471000000,-0.370,,1267000000,,78.15,,0.047,0.038,0.033,,38715000000,27959000000,0.705,1699.77,27290000000,4340000000,-774000000,-958000000,13893000000,,0.384,,,,,,true,false,12,2022-04-01,2023-03-31,-1
2024-04-24,63820,2025-03-31,,17500000000,0.136,,,,,800000000,-0.078,1350000000,0.202,,700000000,,43.51,,,,,,,,,,,,,,,,,,,,,,true,true,6,2024-04-01,2024-09-30,1
2024-04-24,63820,2025-03-31,,39000000000,0.054,,,,,2600000000,-0.070,3050000000,0.014,,2050000000,,127.41,,,,,,,,,,,,,,,,0.314,,,,,,true,true,12,2024-04-01,2025-03-31,1
2024-04-24,63820,2024-03-31,,31923000000,0.280,,,,,1813000000,5.599,3117000000,2.278,2510000000,,1.440,156.15,,,,,,35980000000,24042000000,0.668,1494.22,24042000000,,,,,40.00,,,,18220000,2129946,16079605,false,false,12,2023-04-01,2024-03-31,0
2024-04-24,63820,2023-03-31,,24939000000,-0.070,,,,,274000000,-0.745,951000000,-0.455,1028000000,,-0.335,63.44,,,,,,29879000000,21104000000,0.706,1314.46,21104000000,,,,,30.00,,,,18220000,2164402,16218810,false,false,12,2022-04-01,2023-03-31,-1
2024-04-24,63820,2025-03-31,,,,,,,,,,,,,,,,,,,,,,,,,,,,,,40.00,,,,,,,false,true,12,2024-04-01,2025-03-31,1
2024-07-29,63820,2025-03-31,1,8655000000,0.152,,,,,470000000,0.127,621000000,0.142,,160000000,,10.00,,,,,,42349000000,30777000000,0.709,1865.92,30022000000,,,,,,,,,,,,true,false,3,2024-04-01,2024-06-30,0
2024-07-29,63820,2024-03-31,1,7510000000,0.171,,,,,417000000,,543000000,,,225000000,,14.02,,,,,,,,,,,,,,,,,,,,,,true,false,3,2023-04-01,2023-06-30,-1
2024-07-29,63820,2025-03-31,1,17500000000,0.136,,,,,800000000,-0.078,1350000000,0.202,,700000000,,43.51,,,,,,,,,,,,,,,,,,,,,,true,true,6,2024-04-01,2024-09-30,0
2024-07-29,63820,2025-03-31,1,39000000000,0.054,,,,,2600000000,-0.070,3050000000,0.014,,2050000000,,127.41,,,,,,,,,,,,,,,,,,,,,,true,true,12,2024-04-01,2025-03-31,0
2024-07-29,63820,2024-03-31,1,,,,,,,,,,,,,,,,,,,,44767000000,31017000000,0.677,1882.27,30285000000,,,,,,,,,,,,true,false,12,2023-04-01,2024-03-31,-1
2024-07-29,63820,2024-03-31,1,,,,,,,,,,,,,,,,,,,,,,,,,,,,,40.00,,,,18220000,2129946,,false,false,12,2023-04-01,2024-03-31,-1
2024-07-29,63820,2025-03-31,1,,,,,,,,,,,,,,,,,,,,,,,,,,,,,40.00,,,,,,,false,true,12,2024-04-01,2025-03-31,0
2024-07-29,63820,2025-03-31,1,,,,,,,,,,,,,,,,,,,,,,,,,,,,,,,,,18220000,2129946,16090054,false,false,3,2024-04-01,2024-06-30,0
2024-07-29,63820,2024-03-31,1,,,,,,,,,,,,,,,,,,,,,,,,,,,,,,,,,,,16055598,false,false,3,2023-04-01,2023-06-30,-1
2024-10-31,63820,2025-03-31,2,18076000000,0.173,,,,,1137000000,0.310,1428000000,0.271,,763000000,,47.42,,,,,,40607000000,31032000000,0.750,,30442000000,,,,,,,,,,,,true,false,6,2024-04-01,2024-09-30,0
2024-10-31,63820,2024-03-31,2,15407000000,0.177,,,,,867000000,25.611,1123000000,3.584,,660000000,,41.08,,,,,,,,,,,,,,,,,,,,,,true,false,6,2023-04-01,2023-09-30,-1
2024-10-31,63820,2025-03-31,2,39000000000,0.054,,,,,2600000000,-0.070,3050000000,0.014,,2050000000,,127.41,,,,,,,,,,,,,,,,,,,,,,true,true,12,2024-04-01,2025-03-31,0
2024-10-31,63820,2024-03-31,2,,,,,,,,,,,,,,,,,,,,44767000000,31017000000,0.677,,30285000000,,,,,,,,,,,,true,false,12,2023-04-01,2024-03-31,-1
2024-10-31,63820,2024-03-31,2,,,,,,,,,,,,,,,,,,,,,,,,,,,,,40.00,,,,18220000,2129946,,false,false,12,2023-04-01,2024-03-31,-1
2024-10-31,63820,2025-03-31,2,,,,,,,,,,,,,,,,,,,,,,,,,,,,,20.00,,,,,,,false,false,12,2024-04-01,2025-03-31,0
2024-10-31,63820,2025-03-31,2,,,,,,,,,,,,,,,,,,,,,,,,,,,,,40.00,,,,,,,false,true,12,2024-04-01,2025-03-31,0
2024-10-31,63820,2025-03-31,2,,,,,,,,,,,,,,,,,,,,,,,,,,,,,,,,,18220000,2109346,16098384,false,false,6,2024-04-01,2024-09-30,0
2024-10-31,63820,2024-03-31,2,,,,,,,,,,,,,,,,,,,,,,,,,,,,,,,,,,,16069156,false,false,6,2023-04-01,2023-09-30,-1
2025-01-29,63820,2025-03-31,3,28119000000,0.117,,,,,2056000000,0.123,2586000000,0.182,,1726000000,,107.21,,,,,,40732000000,31870000000,0.767,1940.23,31258000000,,,,,,,,,,,,true,false,9,2024-04-01,2024-12-31,0
2025-01-29,63820,2024-03-31,3,25185000000,0.253,,,,,1831000000,8.267,2187000000,2.668,,1459000000,,90.76,,,,,,,,,,,,,,,,,,,,,,true,false,9,2023-04-01,2023-12-31,-1
2025-01-29,63820,2025-03-31,3,39000000000,0.054,,,,,2600000000,-0.070,3050000000,0.014,,2050000000,,127.41,,,,,,,,,,,,,,,,,,,,,,true,true,12,2024-04-01,2025-03-31,0
2025-01-29,63820,2024-03-31,3,,,,,,,,,,,,,,,,,,,,44767000000,31017000000,0.677,1882.27,30285000000,,,,,,,,,,,,true,false,12,2023-04-01,2024-03-31,-1
2025-01-29,63820,2024-03-31,3,,,,,,,,,,,,,,,,,,,,,,,,,,,,,40.00,,,,18220000,2129946,,false,false,12,2023-04-01,2024-03-31,-1
2025-01-29,63820,2025-03-31,3,,,,,,,,,,,,,,,,,,,,,,,,,,,,,20.00,,,,,,,false,false,12,2024-04-01,2025-03-31,0
2025-01-29,63820,2025-03-31,3,,,,,,,,,,,,,,,,,,,,,,,,,,,,,51.00,,,,,,,false,true,12,2024-04-01,2025-03-31,0
2025-01-29,63820,2025-03-31,3,,,,,,,,,,,,,,,,,,,,,,,,,,,,,,,,,18220000,2109346,16102489,false,false,9,2024-04-01,2024-12-31,0
2025-01-29,63820,2024-03-31,3,,,,,,,,,,,,,,,,,,,,,,,,,,,,,,,,,,,16076147,false,false,9,2023-04-01,2023-12-31,-1
2025-04-25,63820,2025-03-31,,40217000000,0.087,,,,,3245000000,0.161,3521000000,0.171,,2403000000,,149.22,,0.077,0.081,0.081,,42463000000,32879000000,0.758,1998.53,32197000000,-2808000000,-4671000000,-1012000000,8034000000,,0.402,,,,,,true,false,12,2024-04-01,2025-03-31,0
2025-04-25,63820,2024-03-31,,36992000000,0.274,,,,,2795000000,1.895,3007000000,1.043,,2058000000,,128.03,,0.072,0.072,0.076,,44767000000,31017000000,0.677,1882.27,30285000000,3618000000,-874000000,-621000000,16235000000,,0.312,,,,,,true,false,12,2023-04-01,2024-03-31,-1
2025-04-25,63820,2026-03-31,,19500000000,0.079,,,,,1000000000,-0.121,1300000000,-0.090,,700000000,,43.45,,,,,,,,,,,,,,,,,,,,,,true,true,6,2025-04-01,2025-09-30,1
2025-04-25,63820,2026-03-31,,39000000000,-0.030,,,,,2100000000,-0.353,2700000000,-0.233,,1800000000,,111.73,,,,,,,,,,,,,,,,0.448,,,,,,true,true,12,2025-04-01,2026-03-31,1
2025-04-25,63820,2025-03-31,,35388000000,0.109,,,,,2385000000,0.315,4367000000,0.401,3558000000,,0.417,220.99,,,,,,34769000000,26333000000,0.757,1634.57,26333000000,,,,,60.00,,,,18220000,2109346,16104502,false,false,12,2024-04-01,2025-03-31,0
2025-04-25,63820,2024-03-31,,31923000000,0.280,,,,,1813000000,5.599,3117000000,2.278,2510000000,,1.440,156.15,,,,,,35980000000,24042000000,0.668,1494.22,24042000000,,,,,40.00,,,,18220000,2129946,16079605,false,false,12,2023-04-01,2024-03-31,-1
2025-04-25,63820,2026-03-31,,,,,,,,,,,,,,,,,,,,,,,,,,,,,,50.00,,,,,,,false,true,12,2025-04-01,2026-03-31,1
2025-07-31,63820,2026-03-31,1,8882000000,0.026,,,,,633000000,0.346,809000000,0.304,,462000000,,28.69,,,,,,41700000000,32488000000,0.763,1975.39,31824000000,,,,,,,,,,,,true,false,3,2025-04-01,2025-06-30,0
2025-07-31,63820,2025-03-31,1,8655000000,0.152,,,,,470000000,0.127,621000000,0.142,,160000000,,10.00,,,,,,,,,,,,,,,,,,,,,,true,false,3,2024-04-01,2024-06-30,-1
2025-07-31,63820,2026-03-31,1,19500000000,0.079,,,,,1000000000,-0.121,1300000000,-0.090,,700000000,,43.45,,,,,,,,,,,,,,,,,,,,,,true,true,6,2025-04-01,2025-09-30,0
2025-07-31,63820,2026-03-31,1,39000000000,-0.030,,,,,2100000000,-0.353,2700000000,-0.233,,1800000000,,111.73,,,,,,,,,,,,,,,,,,,,,,true,true,12,2025-04-01,2026-03-31,0
2025-07-31,63820,2025-03-31,1,,,,,,,,,,,,,,,,,,,,42463000000,32879000000,0.758,1998.53,32197000000,,,,,,,,,,,,true,false,12,2024-04-01,2025-03-31,-1
2025-07-31,63820,2025-03-31,1,,,,,,,,,,,,,,,,,,,,,,,,,,,,,60.00,,,,18220000,2109346,,false,false,12,2024-04-01,2025-03-31,-1
2025-07-31,63820,2026-03-31,1,,,,,,,,,,,,,,,,,,,,,,,,,,,,,50.00,,,,,,,false,true,12,2025-04-01,2026-03-31,0
2025-07-31,63820,2026-03-31,1,,,,,,,,,,,,,,,,,,,,,,,,,,,,,,,,,18220000,2109346,16110654,false,false,3,2025-04-01,2025-06-30,0
2025-07-31,63820,2025-03-31,1,,,,,,,,,,,,,,,,,,,,,,,,,,,,,,,,,,,16090054,false,false,3,2024-04-01,2024-06-30,-1
