filing_date,code,fiscal_year_end,quarterly_period,net_sales,net_sales_change,revenue,revenue_change,operating_revenue,operating_revenue_change,operating_profit,operating_profit_change,ordinary_profit,ordinary_profit_change,net_income,net_income_of_parent,net_income_change,eps,diluted_eps,roe,roa,operating_profit_to_net_sales,operating_profit_to_revenue,total_assets,net_assets,equity_ratio,bps,owner_equity,operating_cash_flow,investing_cash_flow,financing_cash_flow,cash,dividend_per_share,payout_ratio,commemorative_dividend,extra_dividend,number_of_shares,number_of_treqsury_shares,avg_number_of_shares,is_consolidated,is_forecast,duration,period_start,period_end,period_pos
2015-07-30,63950,2016-03-31,1,45176000000,0.025,,,,,6823000000,0.173,6840000000,0.214,,4741000000,,37.44,,,,,,220478000000,123762000000,0.558,,122988000000,,,,,,,,,,,,true,false,3,2015-04-01,2015-06-30,0
2015-07-30,63950,2015-03-31,1,44082000000,0.157,,,,,5817000000,0.243,5634000000,0.076,,3698000000,,29.19,,,,,,,,,,,,,,,,,,,,,,true,false,3,2014-04-01,2014-06-30,-1
2015-07-30,63950,2016-03-31,1,99000000000,0.009,,,,,14300000000,0.042,14200000000,0.011,,9600000000,,75.79,,,,,,,,,,,,,,,,,,,,,,true,true,6,2015-04-01,2015-09-30,0
2015-07-30,63950,2016-03-31,1,206000000000,0.010,,,,,30000000000,0.018,29800000000,-0.018,,20000000000,,157.90,,,,,,,,,,,,,,,,,,,,,,true,true,12,2015-04-01,2016-03-31,0
2015-07-30,63950,2015-03-31,1,,,,,,,,,,,,,,,,,,,,223608000000,122141000000,0.543,,121373000000,,,,,,,,,,,,true,false,12,2014-04-01,2015-03-31,-1
2015-07-30,63950,2015-03-31,1,,,,,,,,,,,,,,,,,,,,,,,,,,,,,23.00,,,,129500355,2837160,,false,false,12,2014-04-01,2015-03-31,-1
2015-07-30,63950,2016-03-31,1,,,,,,,,,,,,,,,,,,,,,,,,,,,,,25.00,,,,,,,false,true,12,2015-04-01,2016-03-31,0
2015-07-30,63950,2016-03-31,1,,,,,,,,,,,,,,,,,,,,,,,,,,,,,,,,,129500355,2849081,126655848,false,false,3,2015-04-01,2015-06-30,0
2015-07-30,63950,2015-03-31,1,,,,,,,,,,,,,,,,,,,,,,,,,,,,,,,,,,,126718686,false,false,3,2014-04-01,2014-06-30,-1
2015-10-30,63950,2016-03-31,2,104189000000,0.062,,,,,16187000000,0.179,15983000000,0.138,,10724000000,,84.68,,,,,,232856000000,130251000000,0.556,,129484000000,,,,,,,,,,,,true,false,6,2015-04-01,2015-09-30,0
2015-10-30,63950,2015-03-31,2,98121000000,0.131,,,,,13725000000,0.331,14044000000,0.338,,9118000000,,71.96,,,,,,,,,,,,,,,,,,,,,,true,false,6,2014-04-01,2014-09-30,-1
2015-10-30,63950,2016-03-31,2,206000000000,0.010,,,,,30000000000,0.018,29800000000,-0.018,,20000000000,,157.90,,,,,,,,,,,,,,,,,,,,,,true,true,12,2015-04-01,2016-03-31,0
2015-10-30,63950,2015-03-31,2,,,,,,,,,,,,,,,,,,,,223608000000,122141000000,0.543,,121373000000,,,,,,,,,,,,true,false,12,2014-04-01,2015-03-31,-1
2015-10-30,63950,2015-03-31,2,,,,,,,,,,,,,,,,,,,,,,,,,,,,,23.00,,,,129500355,2837160,,false,false,12,2014-04-01,2015-03-31,-1
2015-10-30,63950,2016-03-31,2,,,,,,,,,,,,,,,,,,,,,,,,,,,,,13.00,,,,,,,false,false,12,2015-04-01,2016-03-31,0
2015-10-30,63950,2016-03-31,2,,,,,,,,,,,,,,,,,,,,,,,,,,,,,26.00,,,,,,,false,true,12,2015-04-01,2016-03-31,0
2015-10-30,63950,2016-03-31,2,,,,,,,,,,,,,,,,,,,,,,,,,,,,,,,,,129500355,2855890,126651538,false,false,6,2015-04-01,2015-09-30,0
2015-10-30,63950,2015-03-31,2,,,,,,,,,,,,,,,,,,,,,,,,,,,,,,,,,,,126712264,false,false,6,2014-04-01,2014-09-30,-1
2016-01-29,63950,2016-03-31,3,149748000000,0.032,,,,,22517000000,0.090,22388000000,0.023,,15202000000,,120.03,,,,,,240601000000,132303000000,0.547,,131564000000,,,,,,,,,,,,true,false,9,2015-04-01,2015-12-31,0
2016-01-29,63950,2015-03-31,3,145121000000,0.154,,,,,20660000000,0.425,21877000000,0.418,,14546000000,,114.80,,,,,,,,,,,,,,,,,,,,,,true,false,9,2014-04-01,2014-12-31,-1
2016-01-29,63950,2016-03-31,3,206000000000,0.010,,,,,30000000000,0.018,29800000000,-0.018,,20000000000,,157.90,,,,,,,,,,,,,,,,,,,,,,true,true,12,2015-04-01,2016-03-31,0
2016-01-29,63950,2015-03-31,3,,,,,,,,,,,,,,,,,,,,223608000000,122141000000,0.543,,121373000000,,,,,,,,,,,,true,false,12,2014-04-01,2015-03-31,-1
2016-01-29,63950,2015-03-31,3,,,,,,,,,,,,,,,,,,,,,,,,,,,,,23.00,,,,129500355,2837160,,false,false,12,2014-04-01,2015-03-31,-1
2016-01-29,63950,2016-03-31,3,,,,,,,,,,,,,,,,,,,,,,,,,,,,,13.00,,,,,,,false,false,12,2015-04-01,2016-03-31,0
2016-01-29,63950,2016-03-31,3,,,,,,,,,,,,,,,,,,,,,,,,,,,,,26.00,,,,,,,false,true,12,2015-04-01,2016-03-31,0
2016-01-29,63950,2016-03-31,3,,,,,,,,,,,,,,,,,,,,,,,,,,,,,,,,,129500355,2863357,126648147,false,false,9,2015-04-01,2015-12-31,0
2016-01-29,63950,2015-03-31,3,,,,,,,,,,,,,,,,,,,,,,,,,,,,,,,,,,,126705136,false,false,9,2014-04-01,2014-12-31,-1
2016-04-28,63950,2016-03-31,,209426000000,0.026,,,,,31062000000,0.054,30680000000,0.011,,19621000000,,154.93,,0.154,0.134,0.148,,235400000000,134796000000,0.570,1059.96,134214000000,19387000000,-3758000000,-3136000000,73120000000,,0.168,,,,,,true,false,12,2015-04-01,2016-03-31,0
2016-04-28,63950,2015-03-31,,204059000000,0.123,,,,,29462000000,0.394,30357000000,0.403,,19483000000,,153.78,,0.174,0.144,0.144,,223608000000,122141000000,0.543,958.24,121373000000,19800000000,-4079000000,-4287000000,61262000000,,0.150,,,,,,true,false,12,2014-04-01,2015-03-31,-1
2016-04-28,63950,2017-03-31,,92000000000,-0.117,,,,,9700000000,-0.401,9500000000,-0.406,,6500000000,,51.33,,,,,,,,,,,,,,,,,,,,,,true,true,6,2016-04-01,2016-09-30,1
2016-04-28,63950,2017-03-31,,190000000000,-0.093,,,,,20000000000,-0.356,19500000000,-0.364,,13500000000,,106.62,,,,,,,,,,,,,,,,0.244,,,,,,true,true,12,2016-04-01,2017-03-31,1
2016-04-28,63950,2016-03-31,,160712000000,0.018,,,,,26346000000,0.093,26794000000,0.050,17430000000,,0.060,137.63,,,,,,199171000000,114684000000,0.576,905.65,114684000000,,,,,26.00,,,,129500355,2878524,126644177,false,false,12,2015-04-01,2016-03-31,0
2016-04-28,63950,2015-03-31,,157797000000,0.149,,,,,24101000000,0.410,25506000000,0.396,16448000000,,0.514,129.83,,,,,,189266000000,101898000000,0.538,804.48,101898000000,,,,,23.00,,,,129500355,2837160,126696314,false,false,12,2014-04-01,2015-03-31,-1
2016-04-28,63950,2017-03-31,,,,,,,,,,,,,,,,,,,,,,,,,,,,,,26.00,,,,,,,false,true,12,2016-04-01,2017-03-31,1
2016-07-29,63950,2017-03-31,1,41987000000,-0.071,,,,,5788000000,-0.152,5670000000,-0.171,,4001000000,,31.60,,,,,,232382000000,135306000000,0.580,,134720000000,,,,,,,,,,,,true,false,3,2016-04-01,2016-06-30,0
2016-07-29,63950,2016-03-31,1,45176000000,0.025,,,,,6823000000,0.173,6840000000,0.214,,4741000000,,37.44,,,,,,,,,,,,,,,,,,,,,,true,false,3,2015-04-01,2015-06-30,-1
2016-07-29,63950,2017-03-31,1,92000000000,-0.117,,,,,9700000000,-0.401,9500000000,-0.406,,6500000000,,51.33,,,,,,,,,,,,,,,,,,,,,,true,true,6,2016-04-01,2016-09-30,0
2016-07-29,63950,2017-03-31,1,190000000000,-0.093,,,,,20000000000,-0.356,19500000000,-0.364,,13500000000,,106.62,,,,,,,,,,,,,,,,,,,,,,true,true,12,2016-04-01,2017-03-31,0
2016-07-29,63950,2016-03-31,1,,,,,,,,,,,,,,,,,,,,235400000000,134796000000,0.570,,134214000000,,,,,,,,,,,,true,false,12,2015-04-01,2016-03-31,-1
2016-07-29,63950,2016-03-31,1,,,,,,,,,,,,,,,,,,,,,,,,,,,,,26.00,,,,129500355,2878524,,false,false,12,2015-04-01,2016-03-31,-1
2016-07-29,63950,2017-03-31,1,,,,,,,,,,,,,,,,,,,,,,,,,,,,,26.00,,,,,,,false,true,12,2016-04-01,2017-03-31,0
2016-07-29,63950,2017-03-31,1,,,,,,,,,,,,,,,,,,,,,,,,,,,,,,,,,129500355,2878537,126621833,false,false,3,2016-04-01,2016-06-30,0
2016-07-29,63950,2016-03-31,1,,,,,,,,,,,,,,,,,,,,,,,,,,,,,,,,,,,126655848,false,false,3,2015-04-01,2015-06-30,-1
2016-10-31,63950,2017-03-31,2,90914000000,-0.127,,,,,10094000000,-0.376,10024000000,-0.373,,6973000000,,55.07,,,,,,228775000000,135513000000,0.590,,135014000000,,,,,,,,,,,,true,false,6,2016-04-01,2016-09-30,0
2016-10-31,63950,2016-03-31,2,104189000000,0.062,,,,,16187000000,0.179,15983000000,0.138,,10724000000,,84.68,,,,,,,,,,,,,,,,,,,,,,true,false,6,2015-04-01,2015-09-30,-1
2016-10-31,63950,2017-03-31,2,180000000000,-0.141,,,,,18000000000,-0.421,18000000000,-0.413,,11500000000,,90.81,,,,,,,,,,,,,,,,,,,,,,true,true,12,2016-04-01,2017-03-31,0
2016-10-31,63950,2016-03-31,2,,,,,,,,,,,,,,,,,,,,235400000000,134796000000,0.570,,134214000000,,,,,,,,,,,,true,false,12,2015-04-01,2016-03-31,-1
2016-10-31,63950,2016-03-31,2,,,,,,,,,,,,,,,,,,,,,,,,,,,,,26.00,,,,129500355,2878524,,false,false,12,2015-04-01,2016-03-31,-1
2016-10-31,63950,2017-03-31,2,,,,,,,,,,,,,,,,,,,,,,,,,,,,,13.00,,,,,,,false,false,12,2016-04-01,2017-03-31,0
2016-10-31,63950,2017-03-31,2,,,,,,,,,,,,,,,,,,,,,,,,,,,,,26.00,,,,,,,false,true,12,2016-04-01,2017-03-31,0
2016-10-31,63950,2017-03-31,2,,,,,,,,,,,,,,,,,,,,,,,,,,,,,,,,,129500355,2867584,126624972,false,false,6,2016-04-01,2016-09-30,0
2016-10-31,63950,2016-03-31,2,,,,,,,,,,,,,,,,,,,,,,,,,,,,,,,,,,,126651538,false,false,6,2015-04-01,2015-09-30,-1
2017-01-31,63950,2017-03-31,3,128020000000,-0.145,,,,,14175000000,-0.370,14221000000,-0.365,,10012000000,,79.07,,,,,,231569000000,137540000000,0.592,,137030000000,,,,,,,,,,,,true,false,9,2016-04-01,2016-12-31,0
2017-01-31,63950,2016-03-31,3,149748000000,0.032,,,,,22517000000,0.090,22388000000,0.023,,15202000000,,120.03,,,,,,,,,,,,,,,,,,,,,,true,false,9,2015-04-01,2015-12-31,-1
2017-01-31,63950,2017-03-31,3,180000000000,-0.141,,,,,18000000000,-0.421,18000000000,-0.413,,11500000000,,90.81,,,,,,,,,,,,,,,,,,,,,,true,true,12,2016-04-01,2017-03-31,0
2017-01-31,63950,2016-03-31,3,,,,,,,,,,,,,,,,,,,,235400000000,134796000000,0.570,,134214000000,,,,,,,,,,,,true,false,12,2015-04-01,2016-03-31,-1
2017-01-31,63950,2016-03-31,3,,,,,,,,,,,,,,,,,,,,,,,,,,,,,26.00,,,,129500355,2878524,,false,false,12,2015-04-01,2016-03-31,-1
2017-01-31,63950,2017-03-31,3,,,,,,,,,,,,,,,,,,,,,,,,,,,,,13.00,,,,,,,false,false,12,2016-04-01,2017-03-31,0
2017-01-31,63950,2017-03-31,3,,,,,,,,,,,,,,,,,,,,,,,,,,,,,26.00,,,,,,,false,true,12,2016-04-01,2017-03-31,0
2017-01-31,63950,2017-03-31,3,,,,,,,,,,,,,,,,,,,,,,,,,,,,,,,,,129500355,2867822,126627271,false,false,9,2016-04-01,2016-12-31,0
2017-01-31,63950,2016-03-31,3,,,,,,,,,,,,,,,,,,,,,,,,,,,,,,,,,,,126648147,false,false,9,2015-04-01,2015-12-31,-1
2017-04-28,63950,2017-03-31,,179676000000,-0.142,,,,,18484000000,-0.405,18490000000,-0.397,,11881000000,,93.83,,0.086,0.079,0.103,,229799000000,142549000000,0.618,1121.87,142065000000,3301000000,-4798000000,-2495000000,68291000000,,0.277,,,,,,true,false,12,2016-04-01,2017-03-31,0
2017-04-28,63950,2016-03-31,,209426000000,0.026,,,,,31062000000,0.054,30680000000,0.011,,19621000000,,154.93,,0.154,0.134,0.148,,235400000000,134796000000,0.570,1059.96,134214000000,19387000000,-3758000000,-3136000000,73120000000,,0.168,,,,,,true,false,12,2015-04-01,2016-03-31,-1
2017-04-28,63950,2018-03-31,,83200000000,-0.085,,,,,7000000000,-0.307,6700000000,-0.332,,4500000000,,35.54,,,,,,,,,,,,,,,,,,,,,,true,true,6,2017-04-01,2017-09-30,1
2017-04-28,63950,2018-03-31,,175000000000,-0.026,,,,,17000000000,-0.080,16500000000,-0.108,,11000000000,,86.87,,,,,,,,,,,,,,,,0.299,,,,,,true,true,12,2017-04-01,2018-03-31,1
2017-04-28,63950,2017-03-31,,133313000000,-0.170,,,,,14015000000,-0.468,14747000000,-0.450,9891000000,,-0.433,78.11,,,,,,199656000000,122164000000,0.612,964.72,122164000000,,,,,26.00,,,,129500355,2867920,126628473,false,false,12,2016-04-01,2017-03-31,0
2017-04-28,63950,2016-03-31,,160712000000,0.018,,,,,26346000000,0.093,26794000000,0.050,17430000000,,0.060,137.63,,,,,,199171000000,114684000000,0.576,905.65,114684000000,,,,,26.00,,,,129500355,2878524,126644177,false,false,12,2015-04-01,2016-03-31,-1
2017-04-28,63950,2018-03-31,,,,,,,,,,,,,,,,,,,,,,,,,,,,,,26.00,,,,,,,false,true,12,2017-04-01,2018-03-31,1
2017-07-31,63950,2018-03-31,1,35231000000,-0.161,,,,,2783000000,-0.519,2737000000,-0.517,,1986000000,,15.69,,,,,,230262000000,142357000000,0.616,,141861000000,,,,,,,,,,,,true,false,3,2017-04-01,2017-06-30,0
2017-07-31,63950,2017-03-31,1,41987000000,-0.071,,,,,5788000000,-0.152,5670000000,-0.171,,4001000000,,31.60,,,,,,,,,,,,,,,,,,,,,,true,false,3,2016-04-01,2016-06-30,-1
2017-07-31,63950,2018-03-31,1,83200000000,-0.085,,,,,7000000000,-0.307,6700000000,-0.332,,4500000000,,35.54,,,,,,,,,,,,,,,,,,,,,,true,true,6,2017-04-01,2017-09-30,0
2017-07-31,63950,2018-03-31,1,175000000000,-0.026,,,,,17000000000,-0.080,16500000000,-0.108,,11000000000,,86.87,,,,,,,,,,,,,,,,,,,,,,true,true,12,2017-04-01,2018-03-31,0
2017-07-31,63950,2017-03-31,1,,,,,,,,,,,,,,,,,,,,229799000000,142549000000,0.618,,142065000000,,,,,,,,,,,,true,false,12,2016-04-01,2017-03-31,-1
2017-07-31,63950,2017-03-31,1,,,,,,,,,,,,,,,,,,,,,,,,,,,,,26.00,,,,129500355,2867920,,false,false,12,2016-04-01,2017-03-31,-1
2017-07-31,63950,2018-03-31,1,,,,,,,,,,,,,,,,,,,,,,,,,,,,,26.00,,,,,,,false,true,12,2017-04-01,2018-03-31,0
2017-07-31,63950,2018-03-31,1,,,,,,,,,,,,,,,,,,,,,,,,,,,,,,,,,129500355,2868059,126632374,false,false,3,2017-04-01,2017-06-30,0
2017-07-31,63950,2017-03-31,1,,,,,,,,,,,,,,,,,,,,,,,,,,,,,,,,,,,126621833,false,false,3,2016-04-01,2016-06-30,-1
2017-10-30,63950,2018-03-31,2,82880000000,-0.088,,,,,8548000000,-0.153,8386000000,-0.163,,5969000000,,47.14,,,,,,240400000000,147426000000,0.611,,146882000000,,,,,,,,,,,,true,false,6,2017-04-01,2017-09-30,0
2017-10-30,63950,2017-03-31,2,90914000000,-0.127,,,,,10094000000,-0.376,10024000000,-0.373,,6973000000,,55.07,,,,,,,,,,,,,,,,,,,,,,true,false,6,2016-04-01,2016-09-30,-1
2017-10-30,63950,2018-03-31,2,175000000000,-0.026,,,,,17000000000,-0.080,16500000000,-0.108,,11000000000,,86.87,,,,,,,,,,,,,,,,,,,,,,true,true,12,2017-04-01,2018-03-31,0
2017-10-30,63950,2017-03-31,2,,,,,,,,,,,,,,,,,,,,229799000000,142549000000,0.618,,142065000000,,,,,,,,,,,,true,false,12,2016-04-01,2017-03-31,-1
2017-10-30,63950,2017-03-31,2,,,,,,,,,,,,,,,,,,,,,,,,,,,,,26.00,,,,129500355,2867920,,false,false,12,2016-04-01,2017-03-31,-1
2017-10-30,63950,2018-03-31,2,,,,,,,,,,,,,,,,,,,,,,,,,,,,,13.00,,,,,,,false,false,12,2017-04-01,2018-03-31,0
2017-10-30,63950,2018-03-31,2,,,,,,,,,,,,,,,,,,,,,,,,,,,,,26.00,,,,,,,false,true,12,2017-04-01,2018-03-31,0
2017-10-30,63950,2018-03-31,2,,,,,,,,,,,,,,,,,,,,,,,,,,,,,,,,,129500355,2868387,126632233,false,false,6,2017-04-01,2017-09-30,0
2017-10-30,63950,2017-03-31,2,,,,,,,,,,,,,,,,,,,,,,,,,,,,,,,,,,,126624972,false,false,6,2016-04-01,2016-09-30,-1
2018-01-31,63950,2018-03-31,3,119960000000,-0.063,,,,,10836000000,-0.236,10722000000,-0.246,,7049000000,,55.67,,,,,,238424000000,147808000000,0.618,,147244000000,,,,,,,,,,,,true,false,9,2017-04-01,2017-12-31,0
2018-01-31,63950,2017-03-31,3,128020000000,-0.145,,,,,14175000000,-0.370,14221000000,-0.365,,10012000000,,79.07,,,,,,,,,,,,,,,,,,,,,,true,false,9,2016-04-01,2016-12-31,-1
2018-01-31,63950,2018-03-31,3,175000000000,-0.026,,,,,17000000000,-0.080,16500000000,-0.108,,11000000000,,86.87,,,,,,,,,,,,,,,,,,,,,,true,true,12,2017-04-01,2018-03-31,0
2018-01-31,63950,2017-03-31,3,,,,,,,,,,,,,,,,,,,,229799000000,142549000000,0.618,,142065000000,,,,,,,,,,,,true,false,12,2016-04-01,2017-03-31,-1
2018-01-31,63950,2017-03-31,3,,,,,,,,,,,,,,,,,,,,,,,,,,,,,26.00,,,,129500355,2867822,,false,false,12,2016-04-01,2017-03-31,-1
2018-01-31,63950,2018-03-31,3,,,,,,,,,,,,,,,,,,,,,,,,,,,,,13.00,,,,,,,false,false,12,2017-04-01,2018-03-31,0
2018-01-31,63950,2018-03-31,3,,,,,,,,,,,,,,,,,,,,,,,,,,,,,26.00,,,,,,,false,true,12,2017-04-01,2018-03-31,0
2018-01-31,63950,2018-03-31,3,,,,,,,,,,,,,,,,,,,,,,,,,,,,,,,,,129500355,2869082,126632025,false,false,9,2017-04-01,2017-12-31,0
2018-01-31,63950,2017-03-31,3,,,,,,,,,,,,,,,,,,,,,,,,,,,,,,,,,,,126627271,false,false,9,2016-04-01,2016-12-31,-1
2018-04-27,63950,2018-03-31,,173703000000,-0.033,,,,,15511000000,-0.161,14907000000,-0.194,,9391000000,,74.16,,0.064,0.063,0.089,,245565000000,150044000000,0.609,1180.26,149456000000,30015000000,-3942000000,-7992000000,86624000000,,0.351,,,,,,true,false,12,2017-04-01,2018-03-31,0
2018-04-27,63950,2017-03-31,,179676000000,-0.142,,,,,18484000000,-0.405,18490000000,-0.397,,11881000000,,93.83,,0.086,0.079,0.103,,229799000000,142549000000,0.618,1121.87,142065000000,3301000000,-4798000000,-2495000000,68291000000,,0.277,,,,,,true,false,12,2016-04-01,2017-03-31,-1
2018-04-27,63950,2019-03-31,,90000000000,0.086,,,,,7000000000,-0.181,7000000000,-0.165,,4500000000,,35.54,,,,,,,,,,,,,,,,,,,,,,true,true,6,2018-04-01,2018-09-30,1
2018-04-27,63950,2019-03-31,,192000000000,0.105,,,,,17000000000,0.096,16500000000,0.107,,11500000000,,90.82,,,,,,,,,,,,,,,,0.286,,,,,,true,true,12,2018-04-01,2019-03-31,1
2018-04-27,63950,2018-03-31,,133942000000,0.005,,,,,13587000000,-0.031,14059000000,-0.047,9577000000,,-0.032,75.63,,,,,,210500000000,128337000000,0.610,1013.48,128337000000,,,,,26.00,,,,129500355,2869520,126631769,false,false,12,2017-04-01,2018-03-31,0
2018-04-27,63950,2017-03-31,,133313000000,-0.170,,,,,14015000000,-0.468,14747000000,-0.450,9891000000,,-0.433,78.11,,,,,,199656000000,122164000000,0.612,964.72,122164000000,,,,,26.00,,,,129500355,2867920,126628473,false,false,12,2016-04-01,2017-03-31,-1
2018-04-27,63950,2019-03-31,,,,,,,,,,,,,,,,,,,,,,,,,,,,,,26.00,,,,,,,false,true,12,2018-04-01,2019-03-31,1
2018-07-31,63950,2019-03-31,1,34894000000,-0.010,,,,,2277000000,-0.182,2207000000,-0.193,,1799000000,,14.21,,,,,,243430000000,148941000000,0.609,,148364000000,,,,,,,,,,,,true,false,3,2018-04-01,2018-06-30,0
2018-07-31,63950,2018-03-31,1,35231000000,-0.161,,,,,2783000000,-0.519,2737000000,-0.517,,1986000000,,15.69,,,,,,,,,,,,,,,,,,,,,,true,false,3,2017-04-01,2017-06-30,-1
2018-07-31,63950,2019-03-31,1,83000000000,0.001,,,,,5500000000,-0.357,5500000000,-0.344,,4000000000,,31.59,,,,,,,,,,,,,,,,,,,,,,true,true,6,2018-04-01,2018-09-30,0
2018-07-31,63950,2019-03-31,1,192000000000,0.105,,,,,17000000000,0.096,16500000000,0.107,,11500000000,,90.82,,,,,,,,,,,,,,,,,,,,,,true,true,12,2018-04-01,2019-03-31,0
2018-07-31,63950,2018-03-31,1,,,,,,,,,,,,,,,,,,,,245501000000,150044000000,0.609,,149456000000,,,,,,,,,,,,true,false,12,2017-04-01,2018-03-31,-1
2018-07-31,63950,2018-03-31,1,,,,,,,,,,,,,,,,,,,,,,,,,,,,,26.00,,,,129500355,2869520,,false,false,12,2017-04-01,2018-03-31,-1
2018-07-31,63950,2019-03-31,1,,,,,,,,,,,,,,,,,,,,,,,,,,,,,26.00,,,,,,,false,true,12,2018-04-01,2019-03-31,0
2018-07-31,63950,2019-03-31,1,,,,,,,,,,,,,,,,,,,,,,,,,,,,,,,,,129500355,2869594,126630801,false,false,3,2018-04-01,2018-06-30,0
2018-07-31,63950,2018-03-31,1,,,,,,,,,,,,,,,,,,,,,,,,,,,,,,,,,,,126632374,false,false,3,2017-04-01,2017-06-30,-1
2018-10-30,63950,2019-03-31,2,82272000000,-0.007,,,,,5743000000,-0.328,5673000000,-0.324,,4081000000,,32.23,,,,,,249774000000,150979000000,0.602,,150414000000,,,,,,,,,,,,true,false,6,2018-04-01,2018-09-30,0
2018-10-30,63950,2018-03-31,2,82880000000,-0.088,,,,,8548000000,-0.153,8386000000,-0.163,,5969000000,,47.14,,,,,,,,,,,,,,,,,,,,,,true,false,6,2017-04-01,2017-09-30,-1
2018-10-30,63950,2019-03-31,2,185000000000,0.065,,,,,15800000000,0.019,15500000000,0.040,,10500000000,,82.92,,,,,,,,,,,,,,,,,,,,,,true,true,12,2018-04-01,2019-03-31,0
2018-10-30,63950,2018-03-31,2,,,,,,,,,,,,,,,,,,,,245501000000,150044000000,0.609,,149456000000,,,,,,,,,,,,true,false,12,2017-04-01,2018-03-31,-1
2018-10-30,63950,2018-03-31,2,,,,,,,,,,,,,,,,,,,,,,,,,,,,,26.00,,,,129500355,2869520,,false,false,12,2017-04-01,2018-03-31,-1
2018-10-30,63950,2019-03-31,2,,,,,,,,,,,,,,,,,,,,,,,,,,,,,13.00,,,,,,,false,false,12,2018-04-01,2019-03-31,0
2018-10-30,63950,2019-03-31,2,,,,,,,,,,,,,,,,,,,,,,,,,,,,,26.00,,,,,,,false,true,12,2018-04-01,2019-03-31,0
2018-10-30,63950,2019-03-31,2,,,,,,,,,,,,,,,,,,,,,,,,,,,,,,,,,129500355,2869665,126630765,false,false,6,2018-04-01,2018-09-30,0
2018-10-30,63950,2018-03-31,2,,,,,,,,,,,,,,,,,,,,,,,,,,,,,,,,,,,126632233,false,false,6,2017-04-01,2017-09-30,-1
2019-01-31,63950,2019-03-31,3,125276000000,0.044,,,,,8953000000,-0.174,8729000000,-0.186,,4966000000,,39.22,,,,,,250752000000,150910000000,0.598,,149857000000,,,,,,,,,,,,true,false,9,2018-04-01,2018-12-31,0
2019-01-31,63950,2018-03-31,3,119960000000,-0.063,,,,,10836000000,-0.236,10722000000,-0.246,,7049000000,,55.67,,,,,,,,,,,,,,,,,,,,,,true,false,9,2017-04-01,2017-12-31,-1
2019-01-31,63950,2019-03-31,3,185000000000,0.065,,,,,15800000000,0.019,15500000000,0.040,,10500000000,,82.92,,,,,,,,,,,,,,,,,,,,,,true,true,12,2018-04-01,2019-03-31,0
2019-01-31,63950,2018-03-31,3,,,,,,,,,,,,,,,,,,,,245501000000,150044000000,0.609,,149456000000,,,,,,,,,,,,true,false,12,2017-04-01,2018-03-31,-1
2019-01-31,63950,2018-03-31,3,,,,,,,,,,,,,,,,,,,,,,,,,,,,,26.00,,,,129500355,2869520,,false,false,12,2017-04-01,2018-03-31,-1
2019-01-31,63950,2019-03-31,3,,,,,,,,,,,,,,,,,,,,,,,,,,,,,13.00,,,,,,,false,false,12,2018-04-01,2019-03-31,0
2019-01-31,63950,2019-03-31,3,,,,,,,,,,,,,,,,,,,,,,,,,,,,,26.00,,,,,,,false,true,12,2018-04-01,2019-03-31,0
2019-01-31,63950,2019-03-31,3,,,,,,,,,,,,,,,,,,,,,,,,,,,,,,,,,129500355,2869857,126630717,false,false,9,2018-04-01,2018-12-31,0
2019-01-31,63950,2018-03-31,3,,,,,,,,,,,,,,,,,,,,,,,,,,,,,,,,,,,126632025,false,false,9,2017-04-01,2017-12-31,-1
2019-04-26,63950,2019-03-31,,188451000000,0.085,,,,,15835000000,0.021,15604000000,0.047,,11462000000,,90.52,,0.076,0.062,0.084,,255793000000,155025000000,0.602,1215.95,153976000000,2515000000,-17052000000,-5717000000,65753000000,,0.287,,,,,,true,false,12,2018-04-01,2019-03-31,0
2019-04-26,63950,2018-03-31,,173703000000,-0.033,,,,,15511000000,-0.161,14907000000,-0.194,,9391000000,,74.16,,0.064,0.063,0.089,,245501000000,150044000000,0.609,1180.26,149456000000,30015000000,-3942000000,-7992000000,86624000000,,0.351,,,,,,true,false,12,2017-04-01,2018-03-31,-1
2019-04-26,63950,2020-03-31,,100000000000,0.215,,,,,8000000000,0.393,8000000000,0.410,,5000000000,,39.49,,,,,,,,,,,,,,,,,,,,,,true,true,6,2019-04-01,2019-09-30,1
2019-04-26,63950,2020-03-31,,200000000000,0.061,,,,,17500000000,0.105,17500000000,0.122,,12000000000,,94.76,,,,,,,,,,,,,,,,0.295,,,,,,true,true,12,2019-04-01,2020-03-31,1
2019-04-26,63950,2019-03-31,,144825000000,0.081,,,,,14630000000,0.077,15824000000,0.126,12324000000,,0.287,97.32,,,,,,226102000000,135136000000,0.598,1067.17,135136000000,,,,,26.00,,1.00,,129500355,2870110,126630624,false,false,12,2018-04-01,2019-03-31,0
2019-04-26,63950,2018-03-31,,133942000000,0.005,,,,,13587000000,-0.031,14059000000,-0.047,9577000000,,-0.032,75.63,,,,,,210500000000,128337000000,0.610,1013.48,128337000000,,,,,26.00,,,,129500355,2869520,126631769,false,false,12,2017-04-01,2018-03-31,-1
2019-04-26,63950,2020-03-31,,,,,,,,,,,,,,,,,,,,,,,,,,,,,,28.00,,,,,,,false,true,12,2019-04-01,2020-03-31,1
2019-04-26,63950,2019-03-31,,188451000000,0.085,,,,,15835000000,0.021,15604000000,0.047,,11462000000,,90.52,,0.076,0.062,0.084,,255793000000,155025000000,0.602,1215.95,153976000000,2515000000,-17052000000,-5717000000,65753000000,,0.287,,,,,,true,false,12,2018-04-01,2019-03-31,0
2019-04-26,63950,2018-03-31,,173703000000,-0.033,,,,,15511000000,-0.161,14907000000,-0.194,,9391000000,,74.16,,0.064,0.063,0.089,,245501000000,150044000000,0.609,1180.26,149456000000,30015000000,-3942000000,-7992000000,86624000000,,0.351,,,,,,true,false,12,2017-04-01,2018-03-31,-1
2019-04-26,63950,2020-03-31,,100000000000,0.215,,,,,8000000000,0.393,8000000000,0.410,,5000000000,,39.49,,,,,,,,,,,,,,,,,,,,,,true,true,6,2019-04-01,2019-09-30,1
2019-04-26,63950,2020-03-31,,200000000000,0.061,,,,,17500000000,0.105,17500000000,0.122,,12000000000,,94.76,,,,,,,,,,,,,,,,0.295,,,,,,true,true,12,2019-04-01,2020-03-31,1
2019-04-26,63950,2019-03-31,,144825000000,0.081,,,,,14630000000,0.077,15824000000,0.126,12324000000,,0.287,97.32,,,,,,226102000000,135136000000,0.598,1067.17,135136000000,,,,,26.00,,,,129500355,2870110,126630624,false,false,12,2018-04-01,2019-03-31,0
2019-04-26,63950,2018-03-31,,133942000000,0.005,,,,,13587000000,-0.031,14059000000,-0.047,9577000000,,-0.032,75.63,,,,,,210500000000,128337000000,0.610,1013.48,128337000000,,,,,26.00,,,,129500355,2869520,126631769,false,false,12,2017-04-01,2018-03-31,-1
2019-04-26,63950,2020-03-31,,,,,,,,,,,,,,,,,,,,,,,,,,,,,,28.00,,,,,,,false,true,12,2019-04-01,2020-03-31,1
2019-07-31,63950,2020-03-31,1,40376000000,0.157,,,,,1440000000,-0.367,1356000000,-0.386,,639000000,,5.05,,,,,,256821000000,153294000000,0.593,,152257000000,,,,,,,,,,,,true,false,3,2019-04-01,2019-06-30,0
2019-07-31,63950,2019-03-31,1,34894000000,-0.010,,,,,2277000000,-0.182,2207000000,-0.193,,1799000000,,14.21,,,,,,,,,,,,,,,,,,,,,,true,false,3,2018-04-01,2018-06-30,-1
2019-07-31,63950,2020-03-31,1,100000000000,0.215,,,,,8000000000,0.393,8000000000,0.410,,5000000000,,39.49,,,,,,,,,,,,,,,,,,,,,,true,true,6,2019-04-01,2019-09-30,0
2019-07-31,63950,2020-03-31,1,200000000000,0.061,,,,,17500000000,0.105,17500000000,0.122,,12000000000,,94.76,,,,,,,,,,,,,,,,,,,,,,true,true,12,2019-04-01,2020-03-31,0
2019-07-31,63950,2019-03-31,1,,,,,,,,,,,,,,,,,,,,255793000000,155025000000,0.602,,153976000000,,,,,,,,,,,,true,false,12,2018-04-01,2019-03-31,-1
2019-07-31,63950,2019-03-31,1,,,,,,,,,,,,,,,,,,,,,,,,,,,,,26.00,,,,129500355,2870110,,false,false,12,2018-04-01,2019-03-31,-1
2019-07-31,63950,2020-03-31,1,,,,,,,,,,,,,,,,,,,,,,,,,,,,,28.00,,,,,,,false,true,12,2019-04-01,2020-03-31,0
2019-07-31,63950,2020-03-31,1,,,,,,,,,,,,,,,,,,,,,,,,,,,,,,,,,129500355,2870052,126630289,false,false,3,2019-04-01,2019-06-30,0
2019-07-31,63950,2019-03-31,1,,,,,,,,,,,,,,,,,,,,,,,,,,,,,,,,,,,126630801,false,false,3,2018-04-01,2018-06-30,-1
2019-10-30,63950,2020-03-31,2,100304000000,0.219,,,,,7573000000,0.319,7262000000,0.280,,5064000000,,39.99,,,,,,317534000000,157135000000,0.492,,156090000000,,,,,,,,,,,,true,false,6,2019-04-01,2019-09-30,0
2019-10-30,63950,2019-03-31,2,82272000000,-0.007,,,,,5743000000,-0.328,5673000000,-0.324,,4081000000,,32.23,,,,,,,,,,,,,,,,,,,,,,true,false,6,2018-04-01,2018-09-30,-1
2019-10-30,63950,2020-03-31,2,228000000000,0.210,,,,,10000000000,-0.369,10000000000,-0.359,,5000000000,,39.49,,,,,,,,,,,,,,,,,,,,,,true,true,12,2019-04-01,2020-03-31,0
2019-10-30,63950,2019-03-31,2,,,,,,,,,,,,,,,,,,,,255793000000,155025000000,0.602,,153976000000,,,,,,,,,,,,true,false,12,2018-04-01,2019-03-31,-1
2019-10-30,63950,2019-03-31,2,,,,,,,,,,,,,,,,,,,,,,,,,,,,,26.00,,,,129500355,2870110,,false,false,12,2018-04-01,2019-03-31,-1
2019-10-30,63950,2020-03-31,2,,,,,,,,,,,,,,,,,,,,,,,,,,,,,14.00,,,,,,,false,false,12,2019-04-01,2020-03-31,0
2019-10-30,63950,2020-03-31,2,,,,,,,,,,,,,,,,,,,,,,,,,,,,,28.00,,,,,,,false,true,12,2019-04-01,2020-03-31,0
2019-10-30,63950,2020-03-31,2,,,,,,,,,,,,,,,,,,,,,,,,,,,,,,,1.00,,129500355,2870192,126630246,false,false,6,2019-04-01,2019-09-30,0
2019-10-30,63950,2019-03-31,2,,,,,,,,,,,,,,,,,,,,,,,,,,,,,,,,,,,126630765,false,false,6,2018-04-01,2018-09-30,-1
2020-01-31,63950,2020-03-31,3,148877000000,0.188,,,,,10599000000,0.184,9947000000,0.140,,6744000000,,53.26,,,,,,344303000000,155617000000,0.449,,154560000000,,,,,,,,,,,,true,false,9,2019-04-01,2019-12-31,0
2020-01-31,63950,2019-03-31,3,125276000000,0.044,,,,,8953000000,-0.174,8729000000,-0.186,,4966000000,,39.22,,,,,,,,,,,,,,,,,,,,,,true,false,9,2018-04-01,2018-12-31,-1
2020-01-31,63950,2020-03-31,3,228000000000,0.210,,,,,11600000000,-0.267,11600000000,-0.257,,7000000000,,55.28,,,,,,,,,,,,,,,,,,,,,,true,true,12,2019-04-01,2020-03-31,0
2020-01-31,63950,2019-03-31,3,,,,,,,,,,,,,,,,,,,,255793000000,155025000000,0.602,,153976000000,,,,,,,,,,,,true,false,12,2018-04-01,2019-03-31,-1
2020-01-31,63950,2019-03-31,3,,,,,,,,,,,,,,,,,,,,,,,,,,,,,26.00,,,,129500355,2870110,,false,false,12,2018-04-01,2019-03-31,-1
2020-01-31,63950,2020-03-31,3,,,,,,,,,,,,,,,,,,,,,,,,,,,,,14.00,,,,,,,false,false,12,2019-04-01,2020-03-31,0
2020-01-31,63950,2020-03-31,3,,,,,,,,,,,,,,,,,,,,,,,,,,,,,28.00,,,,,,,false,true,12,2019-04-01,2020-03-31,0
2020-01-31,63950,2020-03-31,3,,,,,,,,,,,,,,,,,,,,,,,,,,,,,,,,,129500355,2870276,126630212,false,false,9,2019-04-01,2019-12-31,0
2020-01-31,63950,2019-03-31,3,,,,,,,,,,,,,,,,,,,,,,,,,,,,,,,,,,,126630717,false,false,9,2018-04-01,2018-12-31,-1
2020-04-23,63950,2020-03-31,,227900000000,-0.000,,,,,15500000000,0.336,15400000000,0.328,7800000000,,0.114,61.60,,,,,,,,,,,,,,,,,,,,,,true,true,12,2019-04-01,2020-03-31,0
2020-04-23,63950,2019-03-31,,188451000000,,,,,,15835000000,,15604000000,,11462000000,,,90.52,,,,,,,,,,,,,,,,,,,,,,true,false,12,2018-04-01,2019-03-31,-1
2020-04-28,63950,2020-03-31,,227949000000,0.210,,,,,15623000000,-0.013,15461000000,-0.009,,7876000000,,62.20,,0.050,0.054,0.069,,312047000000,159609000000,0.508,1252.72,158631000000,-2982000000,-31543000000,25954000000,56997000000,,0.450,,,,,,true,false,12,2019-04-01,2020-03-31,0
2020-04-28,63950,2019-03-31,,188451000000,0.085,,,,,15835000000,0.021,15604000000,0.047,,11462000000,,90.52,,0.076,0.062,0.084,,255793000000,155025000000,0.602,1215.95,153976000000,2515000000,-17052000000,-5717000000,65753000000,,0.287,,,,,,true,false,12,2018-04-01,2019-03-31,-1
2020-04-28,63950,2020-03-31,,153765000000,0.062,,,,,14866000000,0.016,15608000000,-0.014,8182000000,,-0.336,64.62,,,,,,251673000000,140299000000,0.557,1107.95,140299000000,,,,,28.00,,1.00,,129500355,2870486,126630140,false,false,12,2019-04-01,2020-03-31,0
2020-04-28,63950,2019-03-31,,144825000000,0.081,,,,,14630000000,0.077,15824000000,0.126,12324000000,,0.287,97.32,,,,,,226102000000,135136000000,0.598,1067.17,135136000000,,,,,26.00,,,,129500355,2870110,126630624,false,false,12,2018-04-01,2019-03-31,-1
2020-07-31,63950,2021-03-31,1,43213000000,0.070,,,,,-569000000,,-796000000,,,-1005000000,,-7.94,,,,,,301331000000,155475000000,0.512,,154333000000,,,,,,,,,,,,true,false,3,2020-04-01,2020-06-30,0
2020-07-31,63950,2020-03-31,1,40376000000,0.157,,,,,1440000000,-0.367,1356000000,-0.386,,639000000,,5.05,,,,,,,,,,,,,,,,,,,,,,true,false,3,2019-04-01,2019-06-30,-1
2020-07-31,63950,2021-03-31,1,88000000000,-0.123,,,,,-2100000000,,-2500000000,,,-3100000000,,-24.48,,,,,,,,,,,,,,,,,,,,,,true,true,6,2020-04-01,2020-09-30,0
2020-07-31,63950,2020-03-31,1,,,,,,,,,,,,,,,,,,,,312047000000,159609000000,0.508,,158631000000,,,,,,,,,,,,true,false,12,2019-04-01,2020-03-31,-1
2020-07-31,63950,2020-03-31,1,,,,,,,,,,,,,,,,,,,,,,,,,,,,,28.00,,,,129500355,2870486,,false,false,12,2019-04-01,2020-03-31,-1
2020-07-31,63950,2021-03-31,1,,,,,,,,,,,,,,,,,,,,,,,,,,,,,0.00,,,,,,,false,true,12,2020-04-01,2021-03-31,0
2020-07-31,63950,2021-03-31,1,,,,,,,,,,,,,,,,,,,,,,,,,,,,,,,,,129500355,2870459,126629898,false,false,3,2020-04-01,2020-06-30,0
2020-07-31,63950,2020-03-31,1,,,,,,,,,,,,,,,,,,,,,,,,,,,,,,,,,,,126630289,false,false,3,2019-04-01,2019-06-30,-1
2020-10-30,63950,2021-03-31,2,91106000000,-0.092,,,,,-1038000000,,-1590000000,,,-2566000000,,-20.26,,,,,,307741000000,152897000000,0.493,,151734000000,,,,,,,,,,,,true,false,6,2020-04-01,2020-09-30,0
2020-10-30,63950,2020-03-31,2,100304000000,0.219,,,,,7573000000,0.319,7262000000,0.280,,5267000000,,41.60,,,,,,,,,,,,,,,,,,,,,,true,false,6,2019-04-01,2019-09-30,-1
2020-10-30,63950,2021-03-31,2,182000000000,-0.202,,,,,-4700000000,,-6200000000,,,-7900000000,,-62.36,,,,,,,,,,,,,,,,,,,,,,true,true,12,2020-04-01,2021-03-31,0
2020-10-30,63950,2020-03-31,2,,,,,,,,,,,,,,,,,,,,311260000000,158158000000,0.505,,157188000000,,,,,,,,,,,,true,false,12,2019-04-01,2020-03-31,-1
2020-10-30,63950,2020-03-31,2,,,,,,,,,,,,,,,,,,,,,,,,,,,,,28.00,,,,129500355,2870486,,false,false,12,2019-04-01,2020-03-31,-1
2020-10-30,63950,2021-03-31,2,,,,,,,,,,,,,,,,,,,,,,,,,,,,,0.00,,,,,,,false,false,12,2020-04-01,2021-03-31,0
2020-10-30,63950,2021-03-31,2,,,,,,,,,,,,,,,,,,,,,,,,,,,,,3.00,,,,,,,false,true,12,2020-04-01,2021-03-31,0
2020-10-30,63950,2021-03-31,2,,,,,,,,,,,,,,,,,,,,,,,,,,,,,,,,,129500355,2806743,126648100,false,false,6,2020-04-01,2020-09-30,0
2020-10-30,63950,2020-03-31,2,,,,,,,,,,,,,,,,,,,,,,,,,,,,,,,,,,,126630246,false,false,6,2019-04-01,2019-09-30,-1
2021-01-29,63950,2021-03-31,3,132543000000,-0.110,,,,,-1834000000,,-2335000000,,,-7668000000,,-60.54,,,,,,308924000000,149252000000,0.479,,147943000000,,,,,,,,,,,,true,false,9,2020-04-01,2020-12-31,0
2021-01-29,63950,2020-03-31,3,148877000000,0.188,,,,,9419000000,0.052,8768000000,0.004,,5783000000,,45.67,,,,,,,,,,,,,,,,,,,,,,true,false,9,2019-04-01,2019-12-31,-1
2021-01-29,63950,2021-03-31,3,182000000000,-0.202,,,,,-4700000000,,-6200000000,,,-10900000000,,-86.03,,,,,,,,,,,,,,,,,,,,,,true,true,12,2020-04-01,2021-03-31,0
2021-01-29,63950,2020-03-31,3,,,,,,,,,,,,,,,,,,,,311260000000,158158000000,0.505,,157188000000,,,,,,,,,,,,true,false,12,2019-04-01,2020-03-31,-1
2021-01-29,63950,2020-03-31,3,,,,,,,,,,,,,,,,,,,,,,,,,,,,,28.00,,,,129500355,2870486,,false,false,12,2019-04-01,2020-03-31,-1
2021-01-29,63950,2021-03-31,3,,,,,,,,,,,,,,,,,,,,,,,,,,,,,0.00,,,,,,,false,false,12,2020-04-01,2021-03-31,0
2021-01-29,63950,2021-03-31,3,,,,,,,,,,,,,,,,,,,,,,,,,,,,,3.00,,,,,,,false,true,12,2020-04-01,2021-03-31,0
2021-01-29,63950,2021-03-31,3,,,,,,,,,,,,,,,,,,,,,,,,,,,,,,,,,129500355,2806791,126661754,false,false,9,2020-04-01,2020-12-31,0
2021-01-29,63950,2020-03-31,3,,,,,,,,,,,,,,,,,,,,,,,,,,,,,,,,,,,126630212,false,false,9,2019-04-01,2019-12-31,-1
2021-04-28,63950,2021-03-31,,186040000000,-0.184,,,,,-4196000000,,-4683000000,,,-12987000000,,-102.53,,-0.086,-0.015,-0.023,,323920000000,145404000000,0.445,1137.00,144049000000,20448000000,-3731000000,29039000000,102995000000,,,,,,,,true,false,12,2020-04-01,2021-03-31,0
2021-04-28,63950,2020-03-31,,227949000000,0.210,,,,,13949000000,-0.119,13791000000,-0.116,,6433000000,,50.80,,0.041,0.049,0.061,,311260000000,158158000000,0.505,1241.32,157188000000,-2982000000,-31543000000,25954000000,56997000000,,0.551,,,,,,true,false,12,2019-04-01,2020-03-31,-1
2021-04-28,63950,2022-03-31,,100000000000,0.098,,,,,500000000,,100000000,,,9000000000,,71.04,,,,,,,,,,,,,,,,,,,,,,true,true,6,2021-04-01,2021-09-30,1
2021-04-28,63950,2022-03-31,,215000000000,0.156,,,,,4200000000,,3400000000,,,10500000000,,82.88,,,,,,,,,,,,,,,,0.084,,,,,,true,true,12,2021-04-01,2022-03-31,1
2021-04-28,63950,2021-03-31,,119223000000,-0.225,,,,,6323000000,-0.575,7307000000,-0.532,-5739000000,,,-45.31,,,,,,276304000000,134310000000,0.486,1060.13,134310000000,,,,,3.00,,,,129500355,2806961,126669077,false,false,12,2020-04-01,2021-03-31,0
2021-04-28,63950,2020-03-31,,153765000000,0.062,,,,,14866000000,0.016,15608000000,-0.014,8182000000,,-0.336,64.62,,,,,,251673000000,140299000000,0.557,1107.95,140299000000,,,,,28.00,,,,129500355,2870486,126630140,false,false,12,2019-04-01,2020-03-31,-1
2021-04-28,63950,2022-03-31,,,,,,,,,,,,,,,,,,,,,,,,,,,,,,7.00,,,,,,,false,true,12,2021-04-01,2022-03-31,1
2021-07-30,63950,2022-03-31,1,42306000000,-0.021,,,,,791000000,,735000000,,,10651000000,,84.07,,,,,,326387000000,157318000000,0.478,,155931000000,,,,,,,,,,,,true,false,3,2021-04-01,2021-06-30,0
2021-07-30,63950,2021-03-31,1,43213000000,0.070,,,,,-598000000,,-825000000,,,-1024000000,,-8.09,,,,,,,,,,,,,,,,,,,,,,true,false,3,2020-04-01,2020-06-30,-1
2021-07-30,63950,2022-03-31,1,100000000000,0.098,,,,,1500000000,,1200000000,,,10400000000,,82.09,,,,,,,,,,,,,,,,,,,,,,true,true,6,2021-04-01,2021-09-30,0
2021-07-30,63950,2022-03-31,1,215000000000,0.156,,,,,4200000000,,3400000000,,,10500000000,,82.88,,,,,,,,,,,,,,,,,,,,,,true,true,12,2021-04-01,2022-03-31,0
2021-07-30,63950,2021-03-31,1,,,,,,,,,,,,,,,,,,,,323920000000,145404000000,0.445,,144049000000,,,,,,,,,,,,true,false,12,2020-04-01,2021-03-31,-1
2021-07-30,63950,2021-03-31,1,,,,,,,,,,,,,,,,,,,,,,,,,,,,,3.00,,,,129500355,2806961,,false,false,12,2020-04-01,2021-03-31,-1
2021-07-30,63950,2022-03-31,1,,,,,,,,,,,,,,,,,,,,,,,,,,,,,7.00,,,,,,,false,true,12,2021-04-01,2022-03-31,0
2021-07-30,63950,2022-03-31,1,,,,,,,,,,,,,,,,,,,,,,,,,,,,,,,,,129500355,2807055,126693345,false,false,3,2021-04-01,2021-06-30,0
2021-07-30,63950,2021-03-31,1,,,,,,,,,,,,,,,,,,,,,,,,,,,,,,,,,,,126629898,false,false,3,2020-04-01,2020-06-30,-1
2021-10-29,63950,2022-03-31,2,98680000000,0.083,,,,,2476000000,,2246000000,,,11387000000,,89.86,,,,,,335417000000,158786000000,0.468,,157124000000,,,,,,,,,,,,true,false,6,2021-04-01,2021-09-30,0
2021-10-29,63950,2021-03-31,2,91106000000,-0.092,,,,,-1038000000,,-1590000000,,,-2566000000,,-20.26,,,,,,,,,,,,,,,,,,,,,,true,false,6,2020-04-01,2020-09-30,-1
2021-10-29,63950,2022-03-31,2,215000000000,0.156,,,,,4200000000,,3400000000,,,10500000000,,82.88,,,,,,,,,,,,,,,,,,,,,,true,true,12,2021-04-01,2022-03-31,0
2021-10-29,63950,2021-03-31,2,,,,,,,,,,,,,,,,,,,,323920000000,145404000000,0.445,,144049000000,,,,,,,,,,,,true,false,12,2020-04-01,2021-03-31,-1
2021-10-29,63950,2021-03-31,2,,,,,,,,,,,,,,,,,,,,,,,,,,,,,3.00,,,,129500355,2806961,,false,false,12,2020-04-01,2021-03-31,-1
2021-10-29,63950,2022-03-31,2,,,,,,,,,,,,,,,,,,,,,,,,,,,,,3.00,,,,,,,false,false,12,2021-04-01,2022-03-31,0
2021-10-29,63950,2022-03-31,2,,,,,,,,,,,,,,,,,,,,,,,,,,,,,7.00,,,,,,,false,true,12,2021-04-01,2022-03-31,0
2021-10-29,63950,2022-03-31,2,,,,,,,,,,,,,,,,,,,,,,,,,,,,,,,,,129500355,2726460,126716353,false,false,6,2021-04-01,2021-09-30,0
2021-10-29,63950,2021-03-31,2,,,,,,,,,,,,,,,,,,,,,,,,,,,,,,,,,,,126648100,false,false,6,2020-04-01,2020-09-30,-1
2022-01-28,63950,2022-03-31,3,139321000000,0.051,,,,,2302000000,,2202000000,,,11298000000,,89.15,,,,,,340253000000,157628000000,0.458,,155949000000,,,,,,,,,,,,true,false,9,2021-04-01,2021-12-31,0
2022-01-28,63950,2021-03-31,3,132543000000,-0.110,,,,,-1834000000,,-2335000000,,,-7668000000,,-60.54,,,,,,,,,,,,,,,,,,,,,,true,false,9,2020-04-01,2020-12-31,-1
2022-01-28,63950,2022-03-31,3,205000000000,0.102,,,,,4200000000,,4200000000,,,11000000000,,86.77,,,,,,,,,,,,,,,,,,,,,,true,true,12,2021-04-01,2022-03-31,0
2022-01-28,63950,2021-03-31,3,,,,,,,,,,,,,,,,,,,,323920000000,145404000000,0.445,,144049000000,,,,,,,,,,,,true,false,12,2020-04-01,2021-03-31,-1
2022-01-28,63950,2021-03-31,3,,,,,,,,,,,,,,,,,,,,,,,,,,,,,3.00,,,,129500355,2806961,,false,false,12,2020-04-01,2021-03-31,-1
2022-01-28,63950,2022-03-31,3,,,,,,,,,,,,,,,,,,,,,,,,,,,,,3.00,,,,,,,false,false,12,2021-04-01,2022-03-31,0
2022-01-28,63950,2022-03-31,3,,,,,,,,,,,,,,,,,,,,,,,,,,,,,7.00,,,,,,,false,true,12,2021-04-01,2022-03-31,0
2022-01-28,63950,2022-03-31,3,,,,,,,,,,,,,,,,,,,,,,,,,,,,,,,,,129500355,2726785,126733554,false,false,9,2021-04-01,2021-12-31,0
2022-01-28,63950,2021-03-31,3,,,,,,,,,,,,,,,,,,,,,,,,,,,,,,,,,,,126661754,false,false,9,2020-04-01,2020-12-31,-1
2022-04-28,63950,2022-03-31,,205661000000,0.105,,,,,5251000000,,5454000000,,,13096000000,,103.33,,0.086,0.016,0.026,,344719000000,160313000000,0.462,1255.11,159114000000,17332000000,-7084000000,-471000000,115196000000,,0.068,,,,,,true,false,12,2021-04-01,2022-03-31,0
2022-04-28,63950,2021-03-31,,186040000000,-0.184,,,,,-4196000000,,-4683000000,,,-12987000000,,-102.53,,-0.086,-0.015,-0.023,,323920000000,145404000000,0.445,1137.00,144049000000,20448000000,-3731000000,29039000000,102995000000,,,,,,,,true,false,12,2020-04-01,2021-03-31,-1
2022-04-28,63950,2023-03-31,,205000000000,,,,,,4500000000,,3800000000,,,1900000000,,14.99,,,,,,,,,,,,,,,,0.534,,,,,,true,true,12,2022-04-01,2023-03-31,1
2022-04-28,63950,2022-03-31,,130458000000,0.094,,,,,10433000000,0.650,13181000000,0.849,9166000000,,,72.32,,,,,,300812000000,143113000000,0.476,1128.89,143113000000,,,,,7.00,,,,129500355,2726699,126742787,false,false,12,2021-04-01,2022-03-31,0
2022-04-28,63950,2021-03-31,,119223000000,-0.225,,,,,6323000000,-0.575,7130000000,-0.543,-5916000000,,,-46.71,,,,,,276304000000,134310000000,0.486,1060.13,134310000000,,,,,3.00,,,,129500355,2806961,126669077,false,false,12,2020-04-01,2021-03-31,-1
2022-04-28,63950,2023-03-31,,,,,,,,,,,,,,,,,,,,,,,,,,,,,,8.00,,,,,,,false,true,12,2022-04-01,2023-03-31,1
2022-08-10,63950,2022-12-31,1,77658000000,,,,,,1829000000,,1653000000,,,1884000000,,14.86,,,,,,352835000000,169060000000,0.476,,167998000000,,,,,,,,,,,,true,false,3,2022-01-01,2022-03-31,0
2022-08-10,63950,2021-12-31,1,42306000000,-0.021,,,,,791000000,,735000000,,,10651000000,,84.07,,,,,,,,,,,,,,,,,,,,,,true,false,3,2021-01-01,2021-03-31,-1
2022-08-10,63950,2022-12-31,1,205000000000,,,,,,4500000000,,3800000000,,,1900000000,,14.99,,,,,,,,,,,,,,,,,,,,,,true,true,12,2022-01-01,2022-12-31,0
2022-08-10,63950,2021-12-31,1,,,,,,,,,,,,,,,,,,,,344719000000,160313000000,0.462,,159114000000,,,,,,,,,,,,true,false,12,2021-01-01,2021-12-31,-1
2022-08-10,63950,2021-12-31,1,,,,,,,,,,,,,,,,,,,,,,,,,,,,,7.00,,,,129500355,2726699,,false,false,12,2021-01-01,2021-12-31,-1
2022-08-10,63950,2022-12-31,1,,,,,,,,,,,,,,,,,,,,,,,,,,,,,8.00,,,,,,,false,true,12,2022-01-01,2022-12-31,0
2022-08-10,63950,2022-12-31,1,,,,,,,,,,,,,,,,,,,,,,,,,,,,,,,,,129500355,2726699,126773642,false,false,3,2022-01-01,2022-03-31,0
2022-08-10,63950,2021-12-31,1,,,,,,,,,,,,,,,,,,,,,,,,,,,,,,,,,,,126693345,false,false,3,2021-01-01,2021-03-31,-1
2022-11-14,63950,2022-12-31,2,131310000000,,,,,,4440000000,,4201000000,,,1978000000,,15.60,,,,,,352901000000,169383000000,0.478,,168843000000,,,,,,,,,,,,true,false,6,2022-01-01,2022-06-30,0
2022-11-14,63950,2021-12-31,2,98680000000,0.083,,,,,2476000000,,2246000000,,,11387000000,,89.86,,,,,,,,,,,,,,,,,,,,,,true,false,6,2021-01-01,2021-06-30,-1
2022-11-14,63950,2022-12-31,2,190000000000,,,,,,4500000000,,3800000000,,,1900000000,,14.98,,,,,,,,,,,,,,,,,,,,,,true,true,12,2022-01-01,2022-12-31,0
2022-11-14,63950,2021-12-31,2,,,,,,,,,,,,,,,,,,,,344719000000,160313000000,0.462,,159114000000,,,,,,,,,,,,true,false,12,2021-01-01,2021-12-31,-1
2022-11-14,63950,2021-12-31,2,,,,,,,,,,,,,,,,,,,,,,,,,,,,,7.00,,,,129500355,2726699,,false,false,12,2021-01-01,2021-12-31,-1
2022-11-14,63950,2022-12-31,2,,,,,,,,,,,,,,,,,,,,,,,,,,,,,0.00,,,,,,,false,false,12,2022-01-01,2022-12-31,0
2022-11-14,63950,2022-12-31,2,,,,,,,,,,,,,,,,,,,,,,,,,,,,,8.00,,,,,,,false,true,12,2022-01-01,2022-12-31,0
2022-11-14,63950,2022-12-31,2,,,,,,,,,,,,,,,,,,,,,,,,,,,,,,,,,129500355,2663756,126791531,false,false,6,2022-01-01,2022-06-30,0
2022-11-14,63950,2021-12-31,2,,,,,,,,,,,,,,,,,,,,,,,,,,,,,,,,,,,126716353,false,false,6,2021-01-01,2021-06-30,-1
2023-02-14,63950,2022-12-31,,192932000000,,,,,,7191000000,,6540000000,,,2210000000,,17.43,,0.014,0.019,0.037,,356693000000,167767000000,0.469,1318.45,167227000000,-20419000000,4517000000,-5048000000,97990000000,,0.459,,,,,,true,false,12,2022-01-01,2022-12-31,0
2023-02-14,63950,2021-12-31,,205661000000,0.105,,,,,5251000000,,5454000000,,,13096000000,,103.33,,0.086,0.016,0.026,,344719000000,160313000000,0.462,1255.11,159114000000,17332000000,-7084000000,-471000000,115196000000,,0.068,,,,,,true,false,12,2021-01-01,2021-12-31,-1
2023-02-14,63950,2023-12-31,,135000000000,,,,,,6000000000,,5200000000,,,2500000000,,19.71,,,,,,,,,,,,,,,,,,,,,,true,true,6,2023-01-01,2023-06-30,1
2023-02-14,63950,2023-12-31,,270000000000,,,,,,12000000000,,10500000000,,,5000000000,,39.42,,,,,,,,,,,,,,,,0.254,,,,,,true,true,12,2023-01-01,2023-12-31,1
2023-02-14,63950,2022-12-31,,99397000000,,,,,,8734000000,,33857000000,,22519000000,,,177.59,,,,,,306582000000,164722000000,0.537,1298.70,164722000000,,,,,8.00,,,,129500355,2663756,126805051,false,false,12,2022-01-01,2022-12-31,0
2023-02-14,63950,2021-12-31,,130458000000,0.094,,,,,10433000000,0.650,13181000000,0.849,9166000000,,,72.32,,,,,,300812000000,143113000000,0.476,1128.89,143113000000,,,,,7.00,,,,129500355,2726699,126742787,false,false,12,2021-01-01,2021-12-31,-1
2023-02-14,63950,2023-12-31,,,,,,,,,,,,,,,,,,,,,,,,,,,,,,10.00,,,,,,,false,true,12,2023-01-01,2023-12-31,1
2023-05-15,63950,2023-12-31,1,64886000000,,,,,,3527000000,,2964000000,,,847000000,,6.68,,,,,,357530000000,169019000000,0.471,,168342000000,,,,,,,,,,,,true,false,3,2023-01-01,2023-03-31,0
2023-05-15,63950,2022-12-31,1,77658000000,,,,,,1829000000,,1653000000,,,1884000000,,14.86,,,,,,,,,,,,,,,,,,,,,,true,false,3,2022-01-01,2022-03-31,-1
2023-05-15,63950,2023-12-31,1,135000000000,,,,,,6000000000,,5200000000,,,2500000000,,19.71,,,,,,,,,,,,,,,,,,,,,,true,true,6,2023-01-01,2023-06-30,0
2023-05-15,63950,2023-12-31,1,270000000000,,,,,,12000000000,,10500000000,,,5000000000,,39.42,,,,,,,,,,,,,,,,,,,,,,true,true,12,2023-01-01,2023-12-31,0
2023-05-15,63950,2022-12-31,1,,,,,,,,,,,,,,,,,,,,356693000000,167767000000,0.469,,167227000000,,,,,,,,,,,,true,false,12,2022-01-01,2022-12-31,-1
2023-05-15,63950,2022-12-31,1,,,,,,,,,,,,,,,,,,,,,,,,,,,,,8.00,,,,129500355,2663756,,false,false,12,2022-01-01,2022-12-31,-1
2023-05-15,63950,2023-12-31,1,,,,,,,,,,,,,,,,,,,,,,,,,,,,,10.00,,,,,,,false,true,12,2023-01-01,2023-12-31,0
2023-05-15,63950,2023-12-31,1,,,,,,,,,,,,,,,,,,,,,,,,,,,,,,,,,129500355,2663766,126836597,false,false,3,2023-01-01,2023-03-31,0
2023-05-15,63950,2022-12-31,1,,,,,,,,,,,,,,,,,,,,,,,,,,,,,,,,,,,126773642,false,false,3,2022-01-01,2022-03-31,-1
2023-08-10,63950,2023-12-31,2,133267000000,,,,,,8797000000,,7820000000,,,3250000000,,25.62,,,,,,366750000000,176204000000,0.478,,175387000000,,,,,,,,,,,,true,false,6,2023-01-01,2023-06-30,0
2023-08-10,63950,2022-12-31,2,131310000000,,,,,,4440000000,,4201000000,,,1978000000,,15.60,,,,,,,,,,,,,,,,,,,,,,true,false,6,2022-01-01,2022-06-30,-1
2023-08-10,63950,2023-12-31,2,275000000000,,,,,,15000000000,,13000000000,,,5500000000,,43.34,,,,,,,,,,,,,,,,,,,,,,true,true,12,2023-01-01,2023-12-31,0
2023-08-10,63950,2022-12-31,2,,,,,,,,,,,,,,,,,,,,356693000000,167767000000,0.469,,167227000000,,,,,,,,,,,,true,false,12,2022-01-01,2022-12-31,-1
2023-08-10,63950,2022-12-31,2,,,,,,,,,,,,,,,,,,,,,,,,,,,,,8.00,,,,129500355,2663756,,false,false,12,2022-01-01,2022-12-31,-1
2023-08-10,63950,2023-12-31,2,,,,,,,,,,,,,,,,,,,,,,,,,,,,,4.00,,,,,,,false,false,12,2023-01-01,2023-12-31,0
2023-08-10,63950,2023-12-31,2,,,,,,,,,,,,,,,,,,,,,,,,,,,,,10.00,,,,,,,false,true,12,2023-01-01,2023-12-31,0
2023-08-10,63950,2023-12-31,2,,,,,,,,,,,,,,,,,,,,,,,,,,,,,,,,,129500355,2587788,126847438,false,false,6,2023-01-01,2023-06-30,0
2023-08-10,63950,2022-12-31,2,,,,,,,,,,,,,,,,,,,,,,,,,,,,,,,,,,,126791531,false,false,6,2022-01-01,2022-06-30,-1
2023-11-14,63950,2023-12-31,3,203922000000,,,,,,13193000000,,11683000000,,,4937000000,,38.92,,,,,,379017000000,178502000000,0.469,,177586000000,,,,,,,,,,,,true,false,9,2023-01-01,2023-09-30,0
2023-11-14,63950,2023-12-31,3,275000000000,,,,,,15000000000,,13000000000,,,5500000000,,43.34,,,,,,,,,,,,,,,,,,,,,,true,true,12,2023-01-01,2023-12-31,0
2023-11-14,63950,2022-12-31,3,,,,,,,,,,,,,,,,,,,,356693000000,167767000000,0.469,,167227000000,,,,,,,,,,,,true,false,12,2022-01-01,2022-12-31,-1
2023-11-14,63950,2022-12-31,3,,,,,,,,,,,,,,,,,,,,,,,,,,,,,8.00,,,,129500355,2663756,,false,false,12,2022-01-01,2022-12-31,-1
2023-11-14,63950,2023-12-31,3,,,,,,,,,,,,,,,,,,,,,,,,,,,,,4.00,,,,,,,false,false,12,2023-01-01,2023-12-31,0
2023-11-14,63950,2023-12-31,3,,,,,,,,,,,,,,,,,,,,,,,,,,,,,10.00,,,,,,,false,true,12,2023-01-01,2023-12-31,0
2023-11-14,63950,2023-12-31,3,,,,,,,,,,,,,,,,,,,,,,,,,,,,,,,,,129500355,2587972,126866959,false,false,9,2023-01-01,2023-09-30,0
2024-02-14,63950,2023-12-31,,280266000000,,,,,,18349000000,,16367000000,,,7773000000,,61.26,,0.045,0.045,0.065,,365244000000,181354000000,0.496,1426.38,181025000000,10121000000,-3983000000,-13253000000,94126000000,,0.310,,,,,,true,false,12,2023-01-01,2023-12-31,0
2024-02-14,63950,2022-12-31,,192932000000,,,,,,7191000000,,6540000000,,,2210000000,,17.43,,0.014,0.019,0.037,,356693000000,167767000000,0.469,1318.45,167227000000,-20419000000,4517000000,-5048000000,97990000000,,0.459,,,,,,true,false,12,2022-01-01,2022-12-31,-1
2024-02-14,63950,2024-12-31,,315000000000,0.124,,,,,20000000000,0.090,17000000000,0.039,,9500000000,,74.85,,,,,,,,,,,,,,,,0.307,,,,,,true,true,12,2024-01-01,2024-12-31,1
2024-02-14,63950,2023-12-31,,176404000000,,,,,,24832000000,,32140000000,,7285000000,,,57.42,,,,,,313847000000,172801000000,0.551,1361.59,172801000000,,,,,19.00,,,,129500355,2588032,126877436,false,false,12,2023-01-01,2023-12-31,0
2024-02-14,63950,2022-12-31,,99397000000,,,,,,8734000000,,33857000000,,22519000000,,,177.59,,,,,,306582000000,164722000000,0.537,1298.70,164722000000,,,,,8.00,,,,129500355,2663756,126805051,false,false,12,2022-01-01,2022-12-31,-1
2024-02-14,63950,2024-12-31,,,,,,,,,,,,,,,,,,,,,,,,,,,,,,23.00,,,,,,,false,true,12,2024-01-01,2024-12-31,1
2024-05-14,63950,2024-12-31,1,62460000000,-0.037,,,,,5625000000,0.595,4667000000,0.575,,2014000000,,15.87,,,,,,371462000000,184077000000,0.495,,183750000000,,,,,,,,,,,,true,false,3,2024-01-01,2024-03-31,0
2024-05-14,63950,2023-12-31,1,64886000000,,,,,,3527000000,,2964000000,,,847000000,,6.68,,,,,,,,,,,,,,,,,,,,,,true,false,3,2023-01-01,2023-03-31,-1
2024-05-14,63950,2024-12-31,1,315000000000,0.124,,,,,20000000000,0.090,17000000000,0.039,,9500000000,,74.85,,,,,,,,,,,,,,,,,,,,,,true,true,12,2024-01-01,2024-12-31,0
2024-05-14,63950,2023-12-31,1,,,,,,,,,,,,,,,,,,,,365244000000,181354000000,0.496,,181025000000,,,,,,,,,,,,true,false,12,2023-01-01,2023-12-31,-1
2024-05-14,63950,2023-12-31,1,,,,,,,,,,,,,,,,,,,,,,,,,,,,,19.00,,,,129500355,2588032,,false,false,12,2023-01-01,2023-12-31,-1
2024-05-14,63950,2024-12-31,1,,,,,,,,,,,,,,,,,,,,,,,,,,,,,23.00,,,,,,,false,true,12,2024-01-01,2024-12-31,0
2024-05-14,63950,2024-12-31,1,,,,,,,,,,,,,,,,,,,,,,,,,,,,,,,,,129500355,2588141,126912280,false,false,3,2024-01-01,2024-03-31,0
2024-05-14,63950,2023-12-31,1,,,,,,,,,,,,,,,,,,,,,,,,,,,,,,,,,,,126836597,false,false,3,2023-01-01,2023-03-31,-1
2024-08-09,63950,2024-12-31,2,141381000000,0.061,,,,,12283000000,0.396,10942000000,0.399,,5185000000,,40.86,,,,,,369731000000,189753000000,0.512,,189416000000,,,,,,,,,,,,true,false,6,2024-01-01,2024-06-30,0
2024-08-09,63950,2023-12-31,2,133267000000,,,,,,8797000000,,7820000000,,,3250000000,,25.62,,,,,,,,,,,,,,,,,,,,,,true,false,6,2023-01-01,2023-06-30,-1
2024-08-09,63950,2024-12-31,2,315000000000,0.124,,,,,20000000000,0.090,17000000000,0.039,,9500000000,,74.85,,,,,,,,,,,,,,,,,,,,,,true,true,12,2024-01-01,2024-12-31,0
2024-08-09,63950,2023-12-31,2,,,,,,,,,,,,,,,,,,,,365244000000,181354000000,0.496,,181025000000,,,,,,,,,,,,true,false,12,2023-01-01,2023-12-31,-1
2024-08-09,63950,2023-12-31,2,,,,,,,,,,,,,,,,,,,,,,,,,,,,,19.00,,,,129500355,2588032,,false,false,12,2023-01-01,2023-12-31,-1
2024-08-09,63950,2024-12-31,2,,,,,,,,,,,,,,,,,,,,,,,,,,,,,10.00,,,,,,,false,false,12,2024-01-01,2024-12-31,0
2024-08-09,63950,2024-12-31,2,,,,,,,,,,,,,,,,,,,,,,,,,,,,,23.00,,,,,,,false,true,12,2024-01-01,2024-12-31,0
2024-08-09,63950,2024-12-31,2,,,,,,,,,,,,,,,,,,,,,,,,,,,,,,,,,129500355,2529644,126928966,false,false,6,2024-01-01,2024-06-30,0
2024-08-09,63950,2023-12-31,2,,,,,,,,,,,,,,,,,,,,,,,,,,,,,,,,,,,126847438,false,false,6,2023-01-01,2023-06-30,-1
2024-11-11,63950,2024-12-31,3,212689000000,0.043,,,,,19408000000,0.471,17136000000,0.467,,8779000000,,69.13,,,,,,350598000000,188021000000,0.536,,187895000000,,,,,,,,,,,,true,false,9,2024-01-01,2024-09-30,0
2024-11-11,63950,2023-12-31,3,203922000000,,,,,,13193000000,,11683000000,,,4937000000,,38.92,,,,,,,,,,,,,,,,,,,,,,true,false,9,2023-01-01,2023-09-30,-1
2024-11-11,63950,2024-12-31,3,290000000000,0.035,,,,,23000000000,0.253,20000000000,0.222,,6500000000,,51.13,,,,,,,,,,,,,,,,,,,,,,true,true,12,2024-01-01,2024-12-31,0
2024-11-11,63950,2023-12-31,3,,,,,,,,,,,,,,,,,,,,365244000000,181354000000,0.496,,181025000000,,,,,,,,,,,,true,false,12,2023-01-01,2023-12-31,-1
2024-11-11,63950,2023-12-31,3,,,,,,,,,,,,,,,,,,,,,,,,,,,,,19.00,,,,129500355,2588032,,false,false,12,2023-01-01,2023-12-31,-1
2024-11-11,63950,2024-12-31,3,,,,,,,,,,,,,,,,,,,,,,,,,,,,,10.00,,,,,,,false,false,12,2024-01-01,2024-12-31,0
2024-11-11,63950,2024-12-31,3,,,,,,,,,,,,,,,,,,,,,,,,,,,,,23.00,,,,,,,false,true,12,2024-01-01,2024-12-31,0
2024-11-11,63950,2024-12-31,3,,,,,,,,,,,,,,,,,,,,,,,,,,,,,,,,,129500355,2361766,126991839,false,false,9,2024-01-01,2024-09-30,0
2024-11-11,63950,2023-12-31,3,,,,,,,,,,,,,,,,,,,,,,,,,,,,,,,,,,,126866959,false,false,9,2023-01-01,2023-09-30,-1
2025-02-14,63950,2024-12-31,,291500000000,0.040,,,,,23778000000,0.296,21077000000,0.288,,6642000000,,52.29,,0.036,0.055,0.082,,403422000000,188897000000,0.468,1484.92,188790000000,26000000,-25109000000,21623000000,92574000000,,0.440,,,,,,true,false,12,2024-01-01,2024-12-31,0
2025-02-14,63950,2023-12-31,,280266000000,,,,,,18349000000,,16367000000,,,7773000000,,61.26,,0.045,0.045,0.065,,365244000000,181354000000,0.496,1426.38,181025000000,10121000000,-3983000000,-13253000000,94126000000,,0.310,,,,,,true,false,12,2023-01-01,2023-12-31,-1
2025-02-14,63950,2025-12-31,,340000000000,0.166,,,,,24000000000,0.009,20000000000,-0.051,,15000000000,,117.98,,,,,,,,,,,,,,,,0.305,,,,,,true,true,12,2025-01-01,2025-12-31,1
2025-02-14,63950,2024-12-31,,181560000000,0.029,,,,,26029000000,0.048,36081000000,0.123,10864000000,,0.491,85.53,,,,,,339220000000,181675000000,0.536,1428.96,181675000000,,,,,23.00,,,,129500355,2361793,127025698,false,false,12,2024-01-01,2024-12-31,0
2025-02-14,63950,2023-12-31,,176404000000,,,,,,24832000000,,32140000000,,7285000000,,,57.42,,,,,,313847000000,172801000000,0.551,1361.59,172801000000,,,,,19.00,,,,129500355,2588032,126877436,false,false,12,2023-01-01,2023-12-31,-1
2025-02-14,63950,2025-12-31,,,,,,,,,,,,,,,,,,,,,,,,,,,,,,36.00,,,,,,,false,true,12,2025-01-01,2025-12-31,1
2025-05-09,63950,2025-12-31,1,80495000000,0.289,,,,,5392000000,-0.041,4155000000,-0.110,,3702000000,,29.20,,,,,,408566000000,187648000000,0.455,,185860000000,,,,,,,,,,,,true,false,3,2025-01-01,2025-03-31,0
2025-05-09,63950,2024-12-31,1,62460000000,-0.037,,,,,5625000000,0.595,4667000000,0.575,,2014000000,,15.87,,,,,,,,,,,,,,,,,,,,,,true,false,3,2024-01-01,2024-03-31,-1
2025-05-09,63950,2025-12-31,1,340000000000,0.166,,,,,24000000000,0.009,20000000000,-0.051,,15000000000,,117.98,,,,,,,,,,,,,,,,,,,,,,true,true,12,2025-01-01,2025-12-31,0
2025-05-09,63950,2024-12-31,1,,,,,,,,,,,,,,,,,,,,403422000000,188897000000,0.468,,188790000000,,,,,,,,,,,,true,false,12,2024-01-01,2024-12-31,-1
2025-05-09,63950,2024-12-31,1,,,,,,,,,,,,,,,,,,,,,,,,,,,,,23.00,,,,129500355,2361793,,false,false,12,2024-01-01,2024-12-31,-1
2025-05-09,63950,2025-12-31,1,,,,,,,,,,,,,,,,,,,,,,,,,,,,,36.00,,,,,,,false,true,12,2025-01-01,2025-12-31,0
2025-05-09,63950,2025-12-31,1,,,,,,,,,,,,,,,,,,,,,,,,,,,,,,,,,129500355,3723493,126798137,false,false,3,2025-01-01,2025-03-31,0
2025-05-09,63950,2024-12-31,1,,,,,,,,,,,,,,,,,,,,,,,,,,,,,,,,,,,126912280,false,false,3,2024-01-01,2024-03-31,-1
