filing_date,code,fiscal_year_end,quarterly_period,net_sales,net_sales_change,revenue,revenue_change,operating_revenue,operating_revenue_change,operating_profit,operating_profit_change,ordinary_profit,ordinary_profit_change,net_income,net_income_of_parent,net_income_change,eps,diluted_eps,roe,roa,operating_profit_to_net_sales,operating_profit_to_revenue,total_assets,net_assets,equity_ratio,bps,owner_equity,operating_cash_flow,investing_cash_flow,financing_cash_flow,cash,dividend_per_share,payout_ratio,commemorative_dividend,extra_dividend,number_of_shares,number_of_treqsury_shares,avg_number_of_shares,is_consolidated,is_forecast,duration,period_start,period_end,period_pos
2015-05-08,64130,2015-03-31,,85674000000,0.021,,,,,6839000000,0.038,6999000000,-0.027,5624000000,,0.228,136.99,,0.084,0.075,0.080,,94338000000,68946000000,0.731,1707.61,68946000000,8650000000,-1403000000,-4261000000,18127000000,,0.328,,,,,,true,false,12,2014-04-01,2015-03-31,0
2015-05-08,64130,2014-03-31,,83938000000,0.112,,,,,6588000000,0.342,7192000000,0.305,4578000000,,-0.051,105.07,,0.070,0.077,0.078,,91740000000,64804000000,0.706,1549.16,64804000000,4393000000,-5212000000,-6814000000,14580000000,,0.286,,,,,,true,false,12,2013-04-01,2014-03-31,-1
2015-05-08,64130,2016-03-31,,41940000000,0.046,,,,,3030000000,0.055,3140000000,0.022,,2080000000,,51.52,,,,,,,,,,,,,,,,,,,,,,true,true,6,2015-04-01,2015-09-30,1
2015-05-08,64130,2016-03-31,,88900000000,0.038,,,,,7990000000,0.168,8160000000,0.166,,5740000000,,142.16,,,,,,,,,,,,,,,,0.422,,,,,,true,true,12,2015-04-01,2016-03-31,1
2015-05-08,64130,2015-03-31,,68997000000,0.014,,,,,5458000000,-0.073,6313000000,-0.113,4552000000,,0.005,110.87,,,,,,82814000000,63214000000,0.763,1565.64,63214000000,,,,,45.00,,,,47406332,7030392,41056821,false,false,12,2014-04-01,2015-03-31,0
2015-05-08,64130,2014-03-31,,68065000000,0.055,,,,,5885000000,0.163,7120000000,0.283,4531000000,,-0.050,103.98,,,,,,82412000000,62171000000,0.754,1486.22,62171000000,,,,,60.00,,,,47406332,5574354,43582029,false,false,12,2013-04-01,2014-03-31,-1
2015-05-08,64130,2016-03-31,,,,,,,,,,,,,,,,,,,,,,,,,,,,,,60.00,,,,,,,false,true,12,2015-04-01,2016-03-31,1
2015-07-31,64130,2016-03-31,1,20501000000,0.034,,,,,1761000000,0.306,1915000000,0.332,,1369000000,,34.05,,,,,,92102000000,68242000000,0.741,,68242000000,,,,,,,,,,,,true,false,3,2015-04-01,2015-06-30,0
2015-07-31,64130,2015-03-31,1,19829000000,0.009,,,,,1349000000,0.410,1437000000,0.261,,801000000,,19.15,,,,,,,,,,,,,,,,,,,,,,true,false,3,2014-04-01,2014-06-30,-1
2015-07-31,64130,2016-03-31,1,41940000000,0.046,,,,,3030000000,0.055,3140000000,0.022,,2080000000,,51.89,,,,,,,,,,,,,,,,,,,,,,true,true,6,2015-04-01,2015-09-30,0
2015-07-31,64130,2016-03-31,1,88900000000,0.038,,,,,7990000000,0.168,8160000000,0.166,,5740000000,,143.42,,,,,,,,,,,,,,,,,,,,,,true,true,12,2015-04-01,2016-03-31,0
2015-07-31,64130,2015-03-31,1,,,,,,,,,,,,,,,,,,,,94338000000,68946000000,0.731,,68946000000,,,,,,,,,,,,true,false,12,2014-04-01,2015-03-31,-1
2015-07-31,64130,2015-03-31,1,,,,,,,,,,,,,,,,,,,,,,,,,,,,,45.00,,,,47406332,7030392,,false,false,12,2014-04-01,2015-03-31,-1
2015-07-31,64130,2016-03-31,1,,,,,,,,,,,,,,,,,,,,,,,,,,,,,60.00,,,,,,,false,true,12,2015-04-01,2016-03-31,0
2015-07-31,64130,2016-03-31,1,,,,,,,,,,,,,,,,,,,,,,,,,,,,,,,,,47406332,7444792,40211455,false,false,3,2015-04-01,2015-06-30,0
2015-07-31,64130,2015-03-31,1,,,,,,,,,,,,,,,,,,,,,,,,,,,,,,,,,,,41826283,false,false,3,2014-04-01,2014-06-30,-1
2015-11-05,64130,2016-03-31,2,40785000000,0.017,,,,,2738000000,-0.047,2699000000,-0.121,,1849000000,,46.20,,,,,,90315000000,67148000000,0.743,,67148000000,,,,,,,,,,,,true,false,6,2015-04-01,2015-09-30,0
2015-11-05,64130,2015-03-31,2,40107000000,0.027,,,,,2872000000,0.355,3072000000,0.305,,2214000000,,53.15,,,,,,,,,,,,,,,,,,,,,,true,false,6,2014-04-01,2014-09-30,-1
2015-11-05,64130,2016-03-31,2,86100000000,0.005,,,,,7370000000,0.078,7340000000,0.049,,4810000000,,120.56,,,,,,,,,,,,,,,,,,,,,,true,true,12,2015-04-01,2016-03-31,0
2015-11-05,64130,2015-03-31,2,,,,,,,,,,,,,,,,,,,,94338000000,68946000000,0.731,,68946000000,,,,,,,,,,,,true,false,12,2014-04-01,2015-03-31,-1
2015-11-05,64130,2015-03-31,2,,,,,,,,,,,,,,,,,,,,,,,,,,,,,45.00,,,,47406332,7030392,,false,false,12,2014-04-01,2015-03-31,-1
2015-11-05,64130,2016-03-31,2,,,,,,,,,,,,,,,,,,,,,,,,,,,,,0.00,,,,,,,false,false,12,2015-04-01,2016-03-31,0
2015-11-05,64130,2016-03-31,2,,,,,,,,,,,,,,,,,,,,,,,,,,,,,60.00,,,,,,,false,true,12,2015-04-01,2016-03-31,0
2015-11-05,64130,2016-03-31,2,,,,,,,,,,,,,,,,,,,,,,,,,,,,,,,,,47406332,7654392,40042602,false,false,6,2015-04-01,2015-09-30,0
2015-11-05,64130,2015-03-31,2,,,,,,,,,,,,,,,,,,,,,,,,,,,,,,,,,,,41656707,false,false,6,2014-04-01,2014-09-30,-1
2015-11-05,64130,2016-03-31,,86100000000,-0.031,,,,,7370000000,-0.078,7340000000,-0.100,,4810000000,,120.56,,,,,,,,,,,,,,,,,,,,,,true,true,12,2015-04-01,2016-03-31,0
2015-11-05,64130,2015-03-31,,85674000000,,,,,,6839000000,,6999000000,,,5624000000,,136.99,,,,,,,,,,,,,,,,,,,,,,true,false,12,2014-04-01,2015-03-31,-1
2016-01-29,64130,2016-03-31,3,61059000000,0.002,,,,,4165000000,-0.025,4141000000,-0.106,,2707000000,,67.97,,,,,,90740000000,66634000000,0.734,,66634000000,,,,,,,,,,,,true,false,9,2015-04-01,2015-12-31,0
2016-01-29,64130,2015-03-31,3,60952000000,0.032,,,,,4270000000,0.326,4635000000,0.217,,3110000000,,75.36,,,,,,,,,,,,,,,,,,,,,,true,false,9,2014-04-01,2014-12-31,-1
2016-01-29,64130,2016-03-31,3,85600000000,-0.001,,,,,5900000000,-0.137,5900000000,-0.157,,4600000000,,115.93,,,,,,,,,,,,,,,,,,,,,,true,true,12,2015-04-01,2016-03-31,0
2016-01-29,64130,2015-03-31,3,,,,,,,,,,,,,,,,,,,,94338000000,68946000000,0.731,,68946000000,,,,,,,,,,,,true,false,12,2014-04-01,2015-03-31,-1
2016-01-29,64130,2015-03-31,3,,,,,,,,,,,,,,,,,,,,,,,,,,,,,45.00,,,,47406332,7030392,,false,false,12,2014-04-01,2015-03-31,-1
2016-01-29,64130,2016-03-31,3,,,,,,,,,,,,,,,,,,,,,,,,,,,,,0.00,,,,,,,false,false,12,2015-04-01,2016-03-31,0
2016-01-29,64130,2016-03-31,3,,,,,,,,,,,,,,,,,,,,,,,,,,,,,60.00,,,,,,,false,true,12,2015-04-01,2016-03-31,0
2016-01-29,64130,2016-03-31,3,,,,,,,,,,,,,,,,,,,,,,,,,,,,,,,,,47406332,8223592,39841498,false,false,9,2015-04-01,2015-12-31,0
2016-01-29,64130,2015-03-31,3,,,,,,,,,,,,,,,,,,,,,,,,,,,,,,,,,,,41279624,false,false,9,2014-04-01,2014-12-31,-1
2016-01-29,64130,2016-03-31,,85600000000,-0.006,,,,,5900000000,-0.199,5900000000,-0.196,,4600000000,,115.93,,,,,,,,,,,,,,,,,,,,,,true,true,12,2015-04-01,2016-03-31,0
2016-01-29,64130,2015-03-31,,85674000000,,,,,,6839000000,,6999000000,,,5624000000,,136.99,,,,,,,,,,,,,,,,,,,,,,true,false,12,2014-04-01,2015-03-31,-1
2016-05-09,64130,2016-03-31,,85454000000,-0.003,,,,,6551000000,-0.042,6476000000,-0.075,,5267000000,,132.88,,0.078,0.070,0.077,,91669000000,65879000000,0.719,1694.07,65879000000,8681000000,-952000000,-5902000000,19388000000,,0.452,,,,,,true,false,12,2015-04-01,2016-03-31,0
2016-05-09,64130,2015-03-31,,85674000000,0.021,,,,,6839000000,0.038,6999000000,-0.027,,5624000000,,136.99,,0.084,0.075,0.080,,94338000000,68946000000,0.731,1707.61,68946000000,8650000000,-1403000000,-4261000000,18127000000,,0.328,,,,,,true,false,12,2014-04-01,2015-03-31,-1
2016-05-09,64130,2017-03-31,,38750000000,-0.050,,,,,1900000000,-0.306,1900000000,-0.296,,1400000000,,36.00,,,,,,,,,,,,,,,,,,,,,,true,true,6,2016-04-01,2016-09-30,1
2016-05-09,64130,2017-03-31,,82000000000,-0.040,,,,,4000000000,-0.389,4000000000,-0.382,,2800000000,,72.00,,,,,,,,,,,,,,,,0.833,,,,,,true,true,12,2016-04-01,2017-03-31,1
2016-05-09,64130,2016-03-31,,68067000000,-0.013,,,,,5215000000,-0.045,6070000000,-0.039,5217000000,,0.146,131.62,,,,,,82153000000,62923000000,0.766,1618.06,62923000000,,,,,60.00,,,,47406332,8518192,39642584,false,false,12,2015-04-01,2016-03-31,0
2016-05-09,64130,2015-03-31,,68997000000,0.014,,,,,5458000000,-0.073,6313000000,-0.113,4552000000,,0.005,110.87,,,,,,82814000000,63214000000,0.763,1565.64,63214000000,,,,,45.00,,,,47406332,7030392,41056821,false,false,12,2014-04-01,2015-03-31,-1
2016-05-09,64130,2017-03-31,,,,,,,,,,,,,,,,,,,,,,,,,,,,,,60.00,,,,,,,false,true,12,2016-04-01,2017-03-31,1
2016-07-29,64130,2017-03-31,1,19556000000,-0.046,,,,,999000000,-0.433,1146000000,-0.402,,679000000,,17.53,,,,,,86080000000,62175000000,0.722,,62175000000,,,,,,,,,,,,true,false,3,2016-04-01,2016-06-30,0
2016-07-29,64130,2016-03-31,1,20501000000,0.034,,,,,1761000000,0.306,1915000000,0.332,,1369000000,,34.05,,,,,,,,,,,,,,,,,,,,,,true,false,3,2015-04-01,2015-06-30,-1
2016-07-29,64130,2017-03-31,1,38750000000,-0.050,,,,,1900000000,-0.306,1900000000,-0.296,,1400000000,,36.20,,,,,,,,,,,,,,,,,,,,,,true,true,6,2016-04-01,2016-09-30,0
2016-07-29,64130,2017-03-31,1,82000000000,-0.040,,,,,4000000000,-0.389,4000000000,-0.382,,2800000000,,72.48,,,,,,,,,,,,,,,,,,,,,,true,true,12,2016-04-01,2017-03-31,0
2016-07-29,64130,2016-03-31,1,,,,,,,,,,,,,,,,,,,,91669000000,65879000000,0.719,,65879000000,,,,,,,,,,,,true,false,12,2015-04-01,2016-03-31,-1
2016-07-29,64130,2016-03-31,1,,,,,,,,,,,,,,,,,,,,,,,,,,,,,60.00,,,,47406332,8518192,,false,false,12,2015-04-01,2016-03-31,-1
2016-07-29,64130,2017-03-31,1,,,,,,,,,,,,,,,,,,,,,,,,,,,,,60.00,,,,,,,false,true,12,2016-04-01,2017-03-31,0
2016-07-29,64130,2017-03-31,1,,,,,,,,,,,,,,,,,,,,,,,,,,,,,,,,,47406332,8817392,38769265,false,false,3,2016-04-01,2016-06-30,0
2016-07-29,64130,2016-03-31,1,,,,,,,,,,,,,,,,,,,,,,,,,,,,,,,,,,,40211455,false,false,3,2015-04-01,2015-06-30,-1
2016-11-02,64130,2017-03-31,2,38590000000,-0.054,,,,,1625000000,-0.406,1721000000,-0.362,,1125000000,,29.18,,,,,,84509000000,61656000000,0.730,,61656000000,,,,,,,,,,,,true,false,6,2016-04-01,2016-09-30,0
2016-11-02,64130,2016-03-31,2,40785000000,0.017,,,,,2738000000,-0.047,2699000000,-0.121,,1849000000,,46.20,,,,,,,,,,,,,,,,,,,,,,true,false,6,2015-04-01,2015-09-30,-1
2016-11-02,64130,2017-03-31,2,80700000000,-0.056,,,,,3400000000,-0.481,3500000000,-0.460,,2600000000,,67.92,,,,,,,,,,,,,,,,,,,,,,true,true,12,2016-04-01,2017-03-31,0
2016-11-02,64130,2016-03-31,2,,,,,,,,,,,,,,,,,,,,91669000000,65879000000,0.719,,65879000000,,,,,,,,,,,,true,false,12,2015-04-01,2016-03-31,-1
2016-11-02,64130,2016-03-31,2,,,,,,,,,,,,,,,,,,,,,,,,,,,,,60.00,,,,47406332,8518192,,false,false,12,2015-04-01,2016-03-31,-1
2016-11-02,64130,2017-03-31,2,,,,,,,,,,,,,,,,,,,,,,,,,,,,,0.00,,,,,,,false,false,12,2016-04-01,2017-03-31,0
2016-11-02,64130,2017-03-31,2,,,,,,,,,,,,,,,,,,,,,,,,,,,,,60.00,,,,,,,false,true,12,2016-04-01,2017-03-31,0
2016-11-02,64130,2017-03-31,2,,,,,,,,,,,,,,,,,,,,,,,,,,,,,,,,,47406332,9420451,38570734,false,false,6,2016-04-01,2016-09-30,0
2016-11-02,64130,2016-03-31,2,,,,,,,,,,,,,,,,,,,,,,,,,,,,,,,,,,,40042602,false,false,6,2015-04-01,2015-09-30,-1
2016-11-02,64130,2017-03-31,,80700000000,-0.016,,,,,3400000000,-0.150,3500000000,-0.125,,2600000000,,67.92,,,,,,,,,,,,,,,,,,,,,,true,true,12,2016-04-01,2017-03-31,0
2016-11-02,64130,2016-03-31,,85454000000,,,,,,6551000000,,6476000000,,,5267000000,,132.88,,,,,,,,,,,,,,,,,,,,,,true,false,12,2015-04-01,2016-03-31,-1
2017-01-31,64130,2017-03-31,3,58204000000,-0.047,,,,,1914000000,-0.540,2208000000,-0.467,,1409000000,,36.77,,,,,,88374000000,63399000000,0.717,,63399000000,,,,,,,,,,,,true,false,9,2016-04-01,2016-12-31,0
2017-01-31,64130,2016-03-31,3,61059000000,0.002,,,,,4165000000,-0.025,4141000000,-0.106,,2707000000,,67.97,,,,,,,,,,,,,,,,,,,,,,true,false,9,2015-04-01,2015-12-31,-1
2017-01-31,64130,2017-03-31,3,80700000000,-0.056,,,,,3400000000,-0.481,3500000000,-0.460,,2600000000,,68.15,,,,,,,,,,,,,,,,,,,,,,true,true,12,2016-04-01,2017-03-31,0
2017-01-31,64130,2016-03-31,3,,,,,,,,,,,,,,,,,,,,91669000000,65879000000,0.719,,65879000000,,,,,,,,,,,,true,false,12,2015-04-01,2016-03-31,-1
2017-01-31,64130,2016-03-31,3,,,,,,,,,,,,,,,,,,,,,,,,,,,,,60.00,,,,47406332,8518192,,false,false,12,2015-04-01,2016-03-31,-1
2017-01-31,64130,2017-03-31,3,,,,,,,,,,,,,,,,,,,,,,,,,,,,,0.00,,,,,,,false,false,12,2016-04-01,2017-03-31,0
2017-01-31,64130,2017-03-31,3,,,,,,,,,,,,,,,,,,,,,,,,,,,,,60.00,,,,,,,false,true,12,2016-04-01,2017-03-31,0
2017-01-31,64130,2017-03-31,3,,,,,,,,,,,,,,,,,,,,,,,,,,,,,,,,,47406332,9780085,38325179,false,false,9,2016-04-01,2016-12-31,0
2017-01-31,64130,2016-03-31,3,,,,,,,,,,,,,,,,,,,,,,,,,,,,,,,,,,,39841498,false,false,9,2015-04-01,2015-12-31,-1
2017-05-09,64130,2017-03-31,,82995000000,-0.029,,,,,3993000000,-0.390,4129000000,-0.362,,2724000000,,71.46,,0.042,0.046,0.048,,87988000000,64013000000,0.728,1712.12,64013000000,5618000000,-4805000000,-5378000000,14701000000,,0.840,,,,,,true,false,12,2016-04-01,2017-03-31,0
2017-05-09,64130,2016-03-31,,85454000000,-0.003,,,,,6551000000,-0.042,6476000000,-0.075,,5267000000,,132.88,,0.078,0.070,0.077,,91669000000,65879000000,0.719,1694.07,65879000000,8681000000,-952000000,-5902000000,19388000000,,0.452,,,,,,true,false,12,2015-04-01,2016-03-31,-1
2017-05-09,64130,2018-03-31,,38900000000,0.008,,,,,1800000000,0.107,1800000000,0.046,,1200000000,,32.10,,,,,,,,,,,,,,,,,,,,,,true,true,6,2017-04-01,2017-09-30,1
2017-05-09,64130,2018-03-31,,83500000000,0.006,,,,,4400000000,0.102,4400000000,0.066,,3000000000,,80.24,,,,,,,,,,,,,,,,0.748,,,,,,true,true,12,2017-04-01,2018-03-31,1
2017-05-09,64130,2017-03-31,,68131000000,0.001,,,,,1948000000,-0.626,3772000000,-0.378,2677000000,,-0.487,70.22,,,,,,78949000000,60913000000,0.772,1629.23,60913000000,,,,,60.00,,,,47406332,10018145,38125746,false,false,12,2016-04-01,2017-03-31,0
2017-05-09,64130,2016-03-31,,68067000000,-0.013,,,,,5215000000,-0.045,6070000000,-0.039,5217000000,,0.146,131.62,,,,,,82153000000,62923000000,0.766,1618.06,62923000000,,,,,60.00,,,,47406332,8518192,39642584,false,false,12,2015-04-01,2016-03-31,-1
2017-05-09,64130,2018-03-31,,,,,,,,,,,,,,,,,,,,,,,,,,,,,,60.00,,,,,,,false,true,12,2017-04-01,2018-03-31,1
2017-07-31,64130,2018-03-31,1,20178000000,0.032,,,,,840000000,-0.159,928000000,-0.190,,702000000,,18.85,,,,,,85889000000,61999000000,0.722,,61999000000,,,,,,,,,,,,true,false,3,2017-04-01,2017-06-30,0
2017-07-31,64130,2017-03-31,1,19556000000,-0.046,,,,,999000000,-0.433,1146000000,-0.402,,679000000,,17.53,,,,,,,,,,,,,,,,,,,,,,true,false,3,2016-04-01,2016-06-30,-1
2017-07-31,64130,2018-03-31,1,38900000000,0.008,,,,,1800000000,0.107,1800000000,0.046,,1200000000,,32.28,,,,,,,,,,,,,,,,,,,,,,true,true,6,2017-04-01,2017-09-30,0
2017-07-31,64130,2018-03-31,1,83500000000,0.006,,,,,4400000000,0.102,4400000000,0.066,,3000000000,,80.81,,,,,,,,,,,,,,,,,,,,,,true,true,12,2017-04-01,2018-03-31,0
2017-07-31,64130,2017-03-31,1,,,,,,,,,,,,,,,,,,,,87988000000,64013000000,0.728,,64013000000,,,,,,,,,,,,true,false,12,2016-04-01,2017-03-31,-1
2017-07-31,64130,2017-03-31,1,,,,,,,,,,,,,,,,,,,,,,,,,,,,,60.00,,,,47406332,10018145,,false,false,12,2016-04-01,2017-03-31,-1
2017-07-31,64130,2018-03-31,1,,,,,,,,,,,,,,,,,,,,,,,,,,,,,60.00,,,,,,,false,true,12,2017-04-01,2018-03-31,0
2017-07-31,64130,2018-03-31,1,,,,,,,,,,,,,,,,,,,,,,,,,,,,,,,,,47406332,10330045,37266044,false,false,3,2017-04-01,2017-06-30,0
2017-07-31,64130,2017-03-31,1,,,,,,,,,,,,,,,,,,,,,,,,,,,,,,,,,,,38769265,false,false,3,2016-04-01,2016-06-30,-1
2017-11-02,64130,2018-03-31,2,40128000000,0.040,,,,,1387000000,-0.147,1585000000,-0.079,,1221000000,,32.88,,,,,,89268000000,62556000000,0.701,,62556000000,,,,,,,,,,,,true,false,6,2017-04-01,2017-09-30,0
2017-11-02,64130,2017-03-31,2,38590000000,-0.054,,,,,1625000000,-0.406,1721000000,-0.362,,1125000000,,29.18,,,,,,,,,,,,,,,,,,,,,,true,false,6,2016-04-01,2016-09-30,-1
2017-11-02,64130,2018-03-31,2,83500000000,0.006,,,,,4400000000,0.102,4400000000,0.066,,3000000000,,80.94,,,,,,,,,,,,,,,,,,,,,,true,true,12,2017-04-01,2018-03-31,0
2017-11-02,64130,2017-03-31,2,,,,,,,,,,,,,,,,,,,,87988000000,64013000000,0.728,,64013000000,,,,,,,,,,,,true,false,12,2016-04-01,2017-03-31,-1
2017-11-02,64130,2017-03-31,2,,,,,,,,,,,,,,,,,,,,,,,,,,,,,60.00,,,,47406332,10018145,,false,false,12,2016-04-01,2017-03-31,-1
2017-11-02,64130,2018-03-31,2,,,,,,,,,,,,,,,,,,,,,,,,,,,,,0.00,,,,,,,false,false,12,2017-04-01,2018-03-31,0
2017-11-02,64130,2018-03-31,2,,,,,,,,,,,,,,,,,,,,,,,,,,,,,60.00,,,,,,,false,true,12,2017-04-01,2018-03-31,0
2017-11-02,64130,2018-03-31,2,,,,,,,,,,,,,,,,,,,,,,,,,,,,,,,,,47406332,10427045,37150991,false,false,6,2017-04-01,2017-09-30,0
2017-11-02,64130,2017-03-31,2,,,,,,,,,,,,,,,,,,,,,,,,,,,,,,,,,,,38570734,false,false,6,2016-04-01,2016-09-30,-1
2018-01-31,64130,2018-03-31,3,60858000000,0.046,,,,,2059000000,0.076,2262000000,0.025,,1469000000,,39.63,,,,,,88675000000,62980000000,0.710,,62980000000,,,,,,,,,,,,true,false,9,2017-04-01,2017-12-31,0
2018-01-31,64130,2017-03-31,3,58204000000,-0.047,,,,,1914000000,-0.540,2208000000,-0.467,,1409000000,,36.77,,,,,,,,,,,,,,,,,,,,,,true,false,9,2016-04-01,2016-12-31,-1
2018-01-31,64130,2018-03-31,3,83500000000,0.006,,,,,4400000000,0.102,4400000000,0.066,,3000000000,,81.04,,,,,,,,,,,,,,,,,,,,,,true,true,12,2017-04-01,2018-03-31,0
2018-01-31,64130,2017-03-31,3,,,,,,,,,,,,,,,,,,,,87988000000,64013000000,0.728,,64013000000,,,,,,,,,,,,true,false,12,2016-04-01,2017-03-31,-1
2018-01-31,64130,2017-03-31,3,,,,,,,,,,,,,,,,,,,,,,,,,,,,,60.00,,,,47406332,10018145,,false,false,12,2016-04-01,2017-03-31,-1
2018-01-31,64130,2018-03-31,3,,,,,,,,,,,,,,,,,,,,,,,,,,,,,0.00,,,,,,,false,false,12,2017-04-01,2018-03-31,0
2018-01-31,64130,2018-03-31,3,,,,,,,,,,,,,,,,,,,,,,,,,,,,,60.00,,,,,,,false,true,12,2017-04-01,2018-03-31,0
2018-01-31,64130,2018-03-31,3,,,,,,,,,,,,,,,,,,,,,,,,,,,,,,,,,47406332,10567145,37075430,false,false,9,2017-04-01,2017-12-31,0
2018-01-31,64130,2017-03-31,3,,,,,,,,,,,,,,,,,,,,,,,,,,,,,,,,,,,38325179,false,false,9,2016-04-01,2016-12-31,-1
2018-05-08,64130,2018-03-31,,85507000000,0.030,,,,,3870000000,-0.031,3931000000,-0.048,,3033000000,,81.98,,0.047,0.044,0.045,,90089000000,63810000000,0.708,1738.62,63810000000,8287000000,-1334000000,-4062000000,17652000000,,0.732,,,,,,true,false,12,2017-04-01,2018-03-31,0
2018-05-08,64130,2017-03-31,,82995000000,-0.029,,,,,3993000000,-0.390,4129000000,-0.362,,2724000000,,71.46,,0.042,0.046,0.048,,87988000000,64013000000,0.728,1712.12,64013000000,5618000000,-4805000000,-5378000000,14701000000,,0.840,,,,,,true,false,12,2016-04-01,2017-03-31,-1
2018-05-08,64130,2019-03-31,,40100000000,-0.001,,,,,1600000000,0.153,1600000000,0.009,,900000000,,24.52,,,,,,,,,,,,,,,,,,,,,,true,true,6,2018-04-01,2018-09-30,1
2018-05-08,64130,2019-03-31,,85500000000,-0.000,,,,,3800000000,-0.018,3800000000,-0.033,,2400000000,,65.39,,,,,,,,,,,,,,,,0.918,,,,,,true,true,12,2018-04-01,2019-03-31,1
2018-05-08,64130,2018-03-31,,68290000000,0.002,,,,,2325000000,0.194,3952000000,0.048,3432000000,,0.282,92.76,,,,,,81324000000,60423000000,0.743,1646.36,60423000000,,,,,60.00,,,,47406332,10704867,37003280,false,false,12,2017-04-01,2018-03-31,0
2018-05-08,64130,2017-03-31,,68131000000,0.001,,,,,1948000000,-0.626,3772000000,-0.378,2677000000,,-0.487,70.22,,,,,,78949000000,60913000000,0.772,1629.23,60913000000,,,,,60.00,,,,47406332,10018145,38125746,false,false,12,2016-04-01,2017-03-31,-1
2018-05-08,64130,2019-03-31,,,,,,,,,,,,,,,,,,,,,,,,,,,,,,60.00,,,,,,,false,true,12,2018-04-01,2019-03-31,1
2018-07-31,64130,2019-03-31,1,20564000000,0.019,,,,,1395000000,0.660,1344000000,0.448,,1042000000,,28.53,,,,,,85921000000,61598000000,0.717,,61598000000,,,,,,,,,,,,true,false,3,2018-04-01,2018-06-30,0
2018-07-31,64130,2018-03-31,1,20178000000,0.032,,,,,840000000,-0.159,928000000,-0.190,,702000000,,18.85,,,,,,,,,,,,,,,,,,,,,,true,false,3,2017-04-01,2017-06-30,-1
2018-07-31,64130,2019-03-31,1,40100000000,-0.001,,,,,1800000000,0.298,1800000000,0.135,,1300000000,,35.69,,,,,,,,,,,,,,,,,,,,,,true,true,6,2018-04-01,2018-09-30,0
2018-07-31,64130,2019-03-31,1,85500000000,-0.000,,,,,4000000000,0.033,4000000000,0.017,,2800000000,,77.02,,,,,,,,,,,,,,,,,,,,,,true,true,12,2018-04-01,2019-03-31,0
2018-07-31,64130,2018-03-31,1,,,,,,,,,,,,,,,,,,,,90089000000,63810000000,0.708,,63810000000,,,,,,,,,,,,true,false,12,2017-04-01,2018-03-31,-1
2018-07-31,64130,2018-03-31,1,,,,,,,,,,,,,,,,,,,,,,,,,,,,,60.00,,,,47406332,10704867,,false,false,12,2017-04-01,2018-03-31,-1
2018-07-31,64130,2019-03-31,1,,,,,,,,,,,,,,,,,,,,,,,,,,,,,60.00,,,,,,,false,true,12,2018-04-01,2019-03-31,0
2018-07-31,64130,2019-03-31,1,,,,,,,,,,,,,,,,,,,,,,,,,,,,,,,,,47406332,11118791,36554295,false,false,3,2018-04-01,2018-06-30,0
2018-07-31,64130,2018-03-31,1,,,,,,,,,,,,,,,,,,,,,,,,,,,,,,,,,,,37266044,false,false,3,2017-04-01,2017-06-30,-1
2018-07-31,64130,2019-03-31,,40100000000,,,,,,1800000000,0.125,1800000000,0.125,,1300000000,,35.69,,,,,,,,,,,,,,,,,,,,,,true,true,6,2018-04-01,2018-09-30,0
2018-07-31,64130,2018-03-31,,40128000000,,,,,,1387000000,,1585000000,,,1221000000,,32.88,,,,,,,,,,,,,,,,,,,,,,true,false,6,2017-04-01,2017-09-30,-1
2018-07-31,64130,2019-03-31,,85500000000,,,,,,4000000000,0.053,4000000000,0.053,,2800000000,,77.02,,,,,,,,,,,,,,,,,,,,,,true,true,12,2018-04-01,2019-03-31,0
2018-07-31,64130,2018-03-31,,85507000000,,,,,,3870000000,,3931000000,,,3033000000,,81.98,,,,,,,,,,,,,,,,,,,,,,true,false,12,2017-04-01,2018-03-31,-1
2018-11-02,64130,2019-03-31,2,40092000000,-0.001,,,,,1730000000,0.247,1659000000,0.046,,1365000000,,37.55,,,,,,85695000000,61274000000,0.715,,61274000000,,,,,,,,,,,,true,false,6,2018-04-01,2018-09-30,0
2018-11-02,64130,2018-03-31,2,40128000000,0.040,,,,,1387000000,-0.147,1585000000,-0.079,,1221000000,,32.88,,,,,,,,,,,,,,,,,,,,,,true,false,6,2017-04-01,2017-09-30,-1
2018-11-02,64130,2019-03-31,2,85500000000,-0.000,,,,,4000000000,0.033,4000000000,0.017,,2800000000,,77.49,,,,,,,,,,,,,,,,,,,,,,true,true,12,2018-04-01,2019-03-31,0
2018-11-02,64130,2018-03-31,2,,,,,,,,,,,,,,,,,,,,90089000000,63810000000,0.708,,63810000000,,,,,,,,,,,,true,false,12,2017-04-01,2018-03-31,-1
2018-11-02,64130,2018-03-31,2,,,,,,,,,,,,,,,,,,,,,,,,,,,,,60.00,,,,47406332,10704867,,false,false,12,2017-04-01,2018-03-31,-1
2018-11-02,64130,2019-03-31,2,,,,,,,,,,,,,,,,,,,,,,,,,,,,,0.00,,,,,,,false,false,12,2018-04-01,2019-03-31,0
2018-11-02,64130,2019-03-31,2,,,,,,,,,,,,,,,,,,,,,,,,,,,,,60.00,,,,,,,false,true,12,2018-04-01,2019-03-31,0
2018-11-02,64130,2019-03-31,2,,,,,,,,,,,,,,,,,,,,,,,,,,,,,,,,,47406332,11494791,36352683,false,false,6,2018-04-01,2018-09-30,0
2018-11-02,64130,2018-03-31,2,,,,,,,,,,,,,,,,,,,,,,,,,,,,,,,,,,,37150991,false,false,6,2017-04-01,2017-09-30,-1
2019-01-31,64130,2019-03-31,3,60056000000,-0.013,,,,,2440000000,0.185,2418000000,0.069,,1801000000,,49.77,,,,,,84034000000,60926000000,0.725,,60926000000,,,,,,,,,,,,true,false,9,2018-04-01,2018-12-31,0
2019-01-31,64130,2018-03-31,3,60858000000,0.046,,,,,2059000000,0.076,2262000000,0.025,,1469000000,,39.63,,,,,,,,,,,,,,,,,,,,,,true,false,9,2017-04-01,2017-12-31,-1
2019-01-31,64130,2019-03-31,3,85500000000,-0.000,,,,,4000000000,0.033,4000000000,0.017,,2800000000,,77.53,,,,,,,,,,,,,,,,,,,,,,true,true,12,2018-04-01,2019-03-31,0
2019-01-31,64130,2018-03-31,3,,,,,,,,,,,,,,,,,,,,90089000000,63810000000,0.708,,63810000000,,,,,,,,,,,,true,false,12,2017-04-01,2018-03-31,-1
2019-01-31,64130,2018-03-31,3,,,,,,,,,,,,,,,,,,,,,,,,,,,,,60.00,,,,47406332,10704867,,false,false,12,2017-04-01,2018-03-31,-1
2019-01-31,64130,2019-03-31,3,,,,,,,,,,,,,,,,,,,,,,,,,,,,,0.00,,,,,,,false,false,12,2018-04-01,2019-03-31,0
2019-01-31,64130,2019-03-31,3,,,,,,,,,,,,,,,,,,,,,,,,,,,,,60.00,,,,,,,false,true,12,2018-04-01,2019-03-31,0
2019-01-31,64130,2019-03-31,3,,,,,,,,,,,,,,,,,,,,,,,,,,,,,,,,,47406332,11545591,36196764,false,false,9,2018-04-01,2018-12-31,0
2019-01-31,64130,2018-03-31,3,,,,,,,,,,,,,,,,,,,,,,,,,,,,,,,,,,,37075430,false,false,9,2017-04-01,2017-12-31,-1
2019-05-10,64130,2019-03-31,,83900000000,-0.019,,,,,3771000000,-0.025,3660000000,-0.069,,2771000000,,76.76,,0.044,0.041,0.045,,87158000000,62248000000,0.714,1738.48,62248000000,7207000000,-1429000000,-4813000000,18545000000,,0.782,,,,,,true,false,12,2018-04-01,2019-03-31,0
2019-05-10,64130,2018-03-31,,85507000000,0.030,,,,,3870000000,-0.031,3931000000,-0.048,,3033000000,,81.98,,0.047,0.044,0.045,,90089000000,63810000000,0.708,1738.62,63810000000,8287000000,-1334000000,-4062000000,17652000000,,0.732,,,,,,true,false,12,2017-04-01,2018-03-31,-1
2019-05-10,64130,2020-03-31,,39500000000,-0.015,,,,,1300000000,-0.249,1300000000,-0.216,,900000000,,25.14,,,,,,,,,,,,,,,,,,,,,,true,true,6,2019-04-01,2019-09-30,1
2019-05-10,64130,2020-03-31,,83300000000,-0.007,,,,,3100000000,-0.178,3100000000,-0.153,,2200000000,,61.44,,,,,,,,,,,,,,,,0.977,,,,,,true,true,12,2019-04-01,2020-03-31,1
2019-05-10,64130,2019-03-31,,65596000000,-0.039,,,,,1906000000,-0.180,3549000000,-0.102,2794000000,,-0.186,77.41,,,,,,78847000000,58500000000,0.742,1633.80,58500000000,,,,,60.00,,,,47406332,11599991,36107406,false,false,12,2018-04-01,2019-03-31,0
2019-05-10,64130,2018-03-31,,68290000000,0.002,,,,,2325000000,0.194,3952000000,0.048,3432000000,,0.282,92.76,,,,,,81324000000,60423000000,0.743,1646.36,60423000000,,,,,60.00,,,,47406332,10704867,37003280,false,false,12,2017-04-01,2018-03-31,-1
2019-05-10,64130,2020-03-31,,,,,,,,,,,,,,,,,,,,,,,,,,,,,,60.00,,,,,,,false,true,12,2019-04-01,2020-03-31,1
2019-07-31,64130,2020-03-31,1,19105000000,-0.071,,,,,957000000,-0.313,971000000,-0.277,,605000000,,16.95,,,,,,82959000000,59851000000,0.721,,59851000000,,,,,,,,,,,,true,false,3,2019-04-01,2019-06-30,0
2019-07-31,64130,2019-03-31,1,20564000000,0.019,,,,,1395000000,0.660,1344000000,0.448,,1042000000,,28.53,,,,,,,,,,,,,,,,,,,,,,true,false,3,2018-04-01,2018-06-30,-1
2019-07-31,64130,2020-03-31,1,39500000000,-0.015,,,,,1300000000,-0.249,1300000000,-0.216,,900000000,,25.27,,,,,,,,,,,,,,,,,,,,,,true,true,6,2019-04-01,2019-09-30,0
2019-07-31,64130,2020-03-31,1,83300000000,-0.007,,,,,3100000000,-0.178,3100000000,-0.153,,2200000000,,61.86,,,,,,,,,,,,,,,,,,,,,,true,true,12,2019-04-01,2020-03-31,0
2019-07-31,64130,2019-03-31,1,,,,,,,,,,,,,,,,,,,,87158000000,62248000000,0.714,,62248000000,,,,,,,,,,,,true,false,12,2018-04-01,2019-03-31,-1
2019-07-31,64130,2019-03-31,1,,,,,,,,,,,,,,,,,,,,,,,,,,,,,60.00,,,,47406332,11599991,,false,false,12,2018-04-01,2019-03-31,-1
2019-07-31,64130,2020-03-31,1,,,,,,,,,,,,,,,,,,,,,,,,,,,,,60.00,,,,,,,false,true,12,2019-04-01,2020-03-31,0
2019-07-31,64130,2020-03-31,1,,,,,,,,,,,,,,,,,,,,,,,,,,,,,,,,,47406332,11889391,35701251,false,false,3,2019-04-01,2019-06-30,0
2019-07-31,64130,2019-03-31,1,,,,,,,,,,,,,,,,,,,,,,,,,,,,,,,,,,,36554295,false,false,3,2018-04-01,2018-06-30,-1
2019-10-23,64130,2020-03-31,,39700000000,0.005,,,,,2100000000,0.615,2000000000,0.538,,1000000000,,28.13,,,,,,,,,,,,,,,,,,,,,,true,true,6,2019-04-01,2019-09-30,0
2019-10-23,64130,2019-03-31,,40092000000,,,,,,1730000000,,1659000000,,,1365000000,,37.55,,,,,,,,,,,,,,,,,,,,,,true,false,6,2018-04-01,2018-09-30,-1
2019-11-01,64130,2020-03-31,2,39754000000,-0.008,,,,,2108000000,0.219,2003000000,0.208,,1068000000,,30.06,,,,,,82104000000,59891000000,0.729,,59891000000,,,,,,,,,,,,true,false,6,2019-04-01,2019-09-30,0
2019-11-01,64130,2019-03-31,2,40092000000,-0.001,,,,,1730000000,0.247,1659000000,0.046,,1365000000,,37.55,,,,,,,,,,,,,,,,,,,,,,true,false,6,2018-04-01,2018-09-30,-1
2019-11-01,64130,2020-03-31,2,81000000000,-0.035,,,,,3000000000,-0.205,2900000000,-0.208,,1700000000,,48.03,,,,,,,,,,,,,,,,,,,,,,true,true,12,2019-04-01,2020-03-31,0
2019-11-01,64130,2019-03-31,2,,,,,,,,,,,,,,,,,,,,87158000000,62248000000,0.714,,62248000000,,,,,,,,,,,,true,false,12,2018-04-01,2019-03-31,-1
2019-11-01,64130,2019-03-31,2,,,,,,,,,,,,,,,,,,,,,,,,,,,,,60.00,,,,47406332,11599991,,false,false,12,2018-04-01,2019-03-31,-1
2019-11-01,64130,2020-03-31,2,,,,,,,,,,,,,,,,,,,,,,,,,,,,,0.00,,,,,,,false,false,12,2019-04-01,2020-03-31,0
2019-11-01,64130,2020-03-31,2,,,,,,,,,,,,,,,,,,,,,,,,,,,,,48.00,,,,,,,false,true,12,2019-04-01,2020-03-31,0
2019-11-01,64130,2020-03-31,2,,,,,,,,,,,,,,,,,,,,,,,,,,,,,,,,,47406332,12174151,35554964,false,false,6,2019-04-01,2019-09-30,0
2019-11-01,64130,2019-03-31,2,,,,,,,,,,,,,,,,,,,,,,,,,,,,,,,,,,,36352683,false,false,6,2018-04-01,2018-09-30,-1
2019-11-01,64130,2020-03-31,,81000000000,-0.028,,,,,3000000000,-0.032,2900000000,-0.065,,1700000000,,48.03,,,,,,,,,,,,,,,,,,,,,,true,true,12,2019-04-01,2020-03-31,0
2019-11-01,64130,2019-03-31,,83900000000,,,,,,3771000000,,3660000000,,,2771000000,,76.76,,,,,,,,,,,,,,,,,,,,,,true,false,12,2018-04-01,2019-03-31,-1
2019-11-01,64130,2020-03-31,,,,,,,,,,,,,,,,,,,,,,,,,,,,,,48.00,,,,,,,false,true,12,2019-04-01,2020-03-31,0
2019-11-01,64130,2020-03-31,,,,,,,,,,,,,,,,,,,,,,,,,,,,,,0.00,,,,,,,false,false,12,2019-04-01,2020-03-31,0
2019-11-01,64130,2019-03-31,,,,,,,,,,,,,,,,,,,,,,,,,,,,,,60.00,,,,,,,false,false,12,2018-04-01,2019-03-31,-1
2020-01-31,64130,2020-03-31,3,57606000000,-0.041,,,,,1749000000,-0.283,1749000000,-0.276,,738000000,,20.85,,,,,,81909000000,59555000000,0.727,,59555000000,,,,,,,,,,,,true,false,9,2019-04-01,2019-12-31,0
2020-01-31,64130,2019-03-31,3,60056000000,-0.013,,,,,2440000000,0.185,2418000000,0.069,,1801000000,,49.77,,,,,,,,,,,,,,,,,,,,,,true,false,9,2018-04-01,2018-12-31,-1
2020-01-31,64130,2020-03-31,3,81000000000,-0.035,,,,,3000000000,-0.205,2900000000,-0.208,,1700000000,,48.16,,,,,,,,,,,,,,,,,,,,,,true,true,12,2019-04-01,2020-03-31,0
2020-01-31,64130,2019-03-31,3,,,,,,,,,,,,,,,,,,,,87158000000,62248000000,0.714,,62248000000,,,,,,,,,,,,true,false,12,2018-04-01,2019-03-31,-1
2020-01-31,64130,2019-03-31,3,,,,,,,,,,,,,,,,,,,,,,,,,,,,,60.00,,,,47406332,11599991,,false,false,12,2018-04-01,2019-03-31,-1
2020-01-31,64130,2020-03-31,3,,,,,,,,,,,,,,,,,,,,,,,,,,,,,0.00,,,,,,,false,false,12,2019-04-01,2020-03-31,0
2020-01-31,64130,2020-03-31,3,,,,,,,,,,,,,,,,,,,,,,,,,,,,,48.00,,,,,,,false,true,12,2019-04-01,2020-03-31,0
2020-01-31,64130,2020-03-31,3,,,,,,,,,,,,,,,,,,,,,,,,,,,,,,,,,47406332,12433381,35406710,false,false,9,2019-04-01,2019-12-31,0
2020-01-31,64130,2019-03-31,3,,,,,,,,,,,,,,,,,,,,,,,,,,,,,,,,,,,36196764,false,false,9,2018-04-01,2018-12-31,-1
2020-04-28,64130,2020-03-31,,78000000000,-0.037,,,,,2500000000,-0.167,2400000000,-0.172,,600000000,,17.01,,,,,,,,,,,,,,,,,,,,,,true,true,12,2019-04-01,2020-03-31,0
2020-04-28,64130,2019-03-31,,83900000000,,,,,,3771000000,,3660000000,,,2771000000,,76.76,,,,,,,,,,,,,,,,,,,,,,true,false,12,2018-04-01,2019-03-31,-1
2020-04-28,64130,2020-03-31,,,,,,,,,,,,,,,,,,,,,,,,,,,,,,48.00,,,,,,,false,true,12,2019-04-01,2020-03-31,0
2020-04-28,64130,2020-03-31,,,,,,,,,,,,,,,,,,,,,,,,,,,,,,0.00,,,,,,,false,false,12,2019-04-01,2020-03-31,0
2020-04-28,64130,2019-03-31,,,,,,,,,,,,,,,,,,,,,,,,,,,,,,60.00,,,,,,,false,false,12,2018-04-01,2019-03-31,-1
2020-05-15,64130,2020-03-31,,78066000000,-0.070,,,,,2543000000,-0.326,2440000000,-0.333,,683000000,,19.38,,0.011,0.029,0.033,,80224000000,57876000000,0.721,1667.56,57876000000,3207000000,-2287000000,-4203000000,14845000000,,0.774,,,,,,true,false,12,2019-04-01,2020-03-31,0
2020-05-15,64130,2019-03-31,,83900000000,-0.019,,,,,3771000000,-0.025,3660000000,-0.069,,2771000000,,76.76,,0.044,0.041,0.045,,87158000000,62248000000,0.714,1738.48,62248000000,7207000000,-1429000000,-4813000000,18545000000,,0.782,,,,,,true,false,12,2018-04-01,2019-03-31,-1
2020-05-15,64130,2021-03-31,,26600000000,-0.331,,,,,-3200000000,,,,,,,,,,,,,,,,,,,,,,,,,,,,,true,true,6,2020-04-01,2020-09-30,1
2020-05-15,64130,2021-03-31,,62800000000,-0.196,,,,,-3400000000,,,,,,,,,,,,,,,,,,,,,,,,,,,,,true,true,12,2020-04-01,2021-03-31,1
2020-05-15,64130,2020-03-31,,61339000000,-0.065,,,,,704000000,-0.631,1746000000,-0.508,1077000000,,-0.615,30.54,,,,,,72755000000,55465000000,0.762,1598.11,55465000000,,,,,15.00,,,,47406332,12699181,35269708,false,false,12,2019-04-01,2020-03-31,0
2020-05-15,64130,2019-03-31,,65596000000,-0.039,,,,,1906000000,-0.180,3549000000,-0.102,2794000000,,-0.186,77.41,,,,,,78847000000,58500000000,0.742,1633.80,58500000000,,,,,60.00,,,,47406332,11599991,36107406,false,false,12,2018-04-01,2019-03-31,-1
2020-05-15,64130,2021-03-31,,,,,,,,,,,,,,,,,,,,,,,,,,,,,,0.00,,,,,,,false,true,12,2020-04-01,2021-03-31,1
2020-07-31,64130,2021-03-31,1,13455000000,-0.296,,,,,-678000000,,-605000000,,,46000000,,1.34,,,,,,77176000000,57571000000,0.746,,57571000000,,,,,,,,,,,,true,false,3,2020-04-01,2020-06-30,0
2020-07-31,64130,2020-03-31,1,19105000000,-0.071,,,,,957000000,-0.313,971000000,-0.277,,605000000,,16.95,,,,,,,,,,,,,,,,,,,,,,true,false,3,2019-04-01,2019-06-30,-1
2020-07-31,64130,2021-03-31,1,28500000000,-0.283,,,,,-2000000000,,-1900000000,,,-1100000000,,-31.69,,,,,,,,,,,,,,,,,,,,,,true,true,6,2020-04-01,2020-09-30,0
2020-07-31,64130,2021-03-31,1,63300000000,-0.189,,,,,-2500000000,,-2400000000,,,-1400000000,,-40.34,,,,,,,,,,,,,,,,,,,,,,true,true,12,2020-04-01,2021-03-31,0
2020-07-31,64130,2020-03-31,1,,,,,,,,,,,,,,,,,,,,80224000000,57876000000,0.721,,57876000000,,,,,,,,,,,,true,false,12,2019-04-01,2020-03-31,-1
2020-07-31,64130,2020-03-31,1,,,,,,,,,,,,,,,,,,,,,,,,,,,,,15.00,,,,47406332,12699181,,false,false,12,2019-04-01,2020-03-31,-1
2020-07-31,64130,2021-03-31,1,,,,,,,,,,,,,,,,,,,,,,,,,,,,,0.00,,,,,,,false,true,12,2020-04-01,2021-03-31,0
2020-07-31,64130,2021-03-31,1,,,,,,,,,,,,,,,,,,,,,,,,,,,,,,,,,47406332,12699181,34707151,false,false,3,2020-04-01,2020-06-30,0
2020-07-31,64130,2020-03-31,1,,,,,,,,,,,,,,,,,,,,,,,,,,,,,,,,,,,35701251,false,false,3,2019-04-01,2019-06-30,-1
2020-09-24,64130,2021-03-31,,29500000000,0.035,,,,,-800000000,,-700000000,,,100000000,,2.88,,,,,,,,,,,,,,,,,,,,,,true,true,6,2020-04-01,2020-09-30,0
2020-09-24,64130,2020-03-31,,39754000000,,,,,,2108000000,,2003000000,,,1068000000,,30.06,,,,,,,,,,,,,,,,,,,,,,true,false,6,2019-04-01,2019-09-30,-1
2020-09-24,64130,2021-03-31,,63300000000,,,,,,-2500000000,,-2400000000,,,-1400000000,,-40.34,,,,,,,,,,,,,,,,,,,,,,true,true,12,2020-04-01,2021-03-31,0
2020-09-24,64130,2020-03-31,,78066000000,,,,,,2543000000,,2440000000,,,683000000,,19.38,,,,,,,,,,,,,,,,,,,,,,true,false,12,2019-04-01,2020-03-31,-1
2020-10-27,64130,2021-03-31,,30150000000,0.022,,,,,-580000000,,-460000000,,,460000000,,13.25,,,,,,,,,,,,,,,,,,,,,,true,true,6,2020-04-01,2020-09-30,0
2020-10-27,64130,2020-03-31,,39754000000,,,,,,2108000000,,2003000000,,,1068000000,,30.06,,,,,,,,,,,,,,,,,,,,,,true,false,6,2019-04-01,2019-09-30,-1
2020-11-05,64130,2021-03-31,2,30191000000,-0.241,,,,,-574000000,,-454000000,,,469000000,,13.53,,,,,,75842000000,57925000000,0.764,,57925000000,,,,,,,,,,,,true,false,6,2020-04-01,2020-09-30,0
2020-11-05,64130,2020-03-31,2,39754000000,-0.008,,,,,2108000000,0.219,2003000000,0.208,,1068000000,,30.06,,,,,,,,,,,,,,,,,,,,,,true,false,6,2019-04-01,2019-09-30,-1
2020-11-05,64130,2021-03-31,2,63900000000,-0.181,,,,,400000000,-0.843,500000000,-0.795,,-300000000,,-8.64,,,,,,,,,,,,,,,,,,,,,,true,true,12,2020-04-01,2021-03-31,0
2020-11-05,64130,2020-03-31,2,,,,,,,,,,,,,,,,,,,,80224000000,57876000000,0.721,,57876000000,,,,,,,,,,,,true,false,12,2019-04-01,2020-03-31,-1
2020-11-05,64130,2020-03-31,2,,,,,,,,,,,,,,,,,,,,,,,,,,,,,15.00,,,,47406332,12699181,,false,false,12,2019-04-01,2020-03-31,-1
2020-11-05,64130,2021-03-31,2,,,,,,,,,,,,,,,,,,,,,,,,,,,,,0.00,,,,,,,false,false,12,2020-04-01,2021-03-31,0
2020-11-05,64130,2021-03-31,2,,,,,,,,,,,,,,,,,,,,,,,,,,,,,15.00,,,,,,,false,true,12,2020-04-01,2021-03-31,0
2020-11-05,64130,2021-03-31,2,,,,,,,,,,,,,,,,,,,,,,,,,,,,,,,,,47406332,12699241,34707126,false,false,6,2020-04-01,2020-09-30,0
2020-11-05,64130,2020-03-31,2,,,,,,,,,,,,,,,,,,,,,,,,,,,,,,,,,,,35554964,false,false,6,2019-04-01,2019-09-30,-1
2020-11-05,64130,2021-03-31,,63900000000,,,,,,400000000,,500000000,,,-300000000,,-8.64,,,,,,,,,,,,,,,,,,,,,,true,true,12,2020-04-01,2021-03-31,0
2020-11-05,64130,2020-03-31,,78066000000,,,,,,2543000000,,2440000000,,,683000000,,19.38,,,,,,,,,,,,,,,,,,,,,,true,false,12,2019-04-01,2020-03-31,-1
2020-11-05,64130,2021-03-31,,,,,,,,,,,,,,,,,,,,,,,,,,,,,,15.00,,,,,,,false,true,12,2020-04-01,2021-03-31,0
2020-11-05,64130,2021-03-31,,,,,,,,,,,,,,,,,,,,,,,,,,,,,,0.00,,,,,,,false,false,12,2020-04-01,2021-03-31,0
2020-11-05,64130,2020-03-31,,,,,,,,,,,,,,,,,,,,,,,,,,,,,,15.00,,,,,,,false,false,12,2019-04-01,2020-03-31,-1
2021-01-29,64130,2021-03-31,3,47478000000,-0.176,,,,,-47000000,,214000000,-0.878,,-215000000,,-6.20,,,,,,79418000000,57489000000,0.724,,57489000000,,,,,,,,,,,,true,false,9,2020-04-01,2020-12-31,0
2021-01-29,64130,2020-03-31,3,57606000000,-0.041,,,,,1749000000,-0.283,1749000000,-0.276,,738000000,,20.85,,,,,,,,,,,,,,,,,,,,,,true,false,9,2019-04-01,2019-12-31,-1
2021-01-29,64130,2021-03-31,3,66500000000,-0.148,,,,,1000000000,-0.607,1200000000,-0.508,,500000000,,14.41,,,,,,,,,,,,,,,,,,,,,,true,true,12,2020-04-01,2021-03-31,0
2021-01-29,64130,2020-03-31,3,,,,,,,,,,,,,,,,,,,,80224000000,57876000000,0.721,,57876000000,,,,,,,,,,,,true,false,12,2019-04-01,2020-03-31,-1
2021-01-29,64130,2020-03-31,3,,,,,,,,,,,,,,,,,,,,,,,,,,,,,15.00,,,,47406332,12699181,,false,false,12,2019-04-01,2020-03-31,-1
2021-01-29,64130,2021-03-31,3,,,,,,,,,,,,,,,,,,,,,,,,,,,,,0.00,,,,,,,false,false,12,2020-04-01,2021-03-31,0
2021-01-29,64130,2021-03-31,3,,,,,,,,,,,,,,,,,,,,,,,,,,,,,15.00,,,,,,,false,true,12,2020-04-01,2021-03-31,0
2021-01-29,64130,2021-03-31,3,,,,,,,,,,,,,,,,,,,,,,,,,,,,,,,,,47406332,12699263,34707113,false,false,9,2020-04-01,2020-12-31,0
2021-01-29,64130,2020-03-31,3,,,,,,,,,,,,,,,,,,,,,,,,,,,,,,,,,,,35406710,false,false,9,2019-04-01,2019-12-31,-1
2021-01-29,64130,2021-03-31,,66500000000,0.041,,,,,1000000000,1.500,1200000000,1.400,,500000000,,14.41,,,,,,,,,,,,,,,,,,,,,,true,true,12,2020-04-01,2021-03-31,0
2021-01-29,64130,2020-03-31,,78066000000,,,,,,2543000000,,2440000000,,,683000000,,19.38,,,,,,,,,,,,,,,,,,,,,,true,false,12,2019-04-01,2020-03-31,-1
2021-03-23,64130,2021-03-31,,67700000000,0.018,,,,,1350000000,0.350,1600000000,0.333,,700000000,,20.17,,,,,,,,,,,,,,,,,,,,,,true,true,12,2020-04-01,2021-03-31,0
2021-03-23,64130,2020-03-31,,78066000000,,,,,,2543000000,,2440000000,,,683000000,,19.38,,,,,,,,,,,,,,,,,,,,,,true,false,12,2019-04-01,2020-03-31,-1
2021-04-27,64130,2021-03-31,,68400000000,0.010,,,,,1390000000,0.030,1920000000,0.200,,1650000000,,47.54,,,,,,,,,,,,,,,,,,,,,,true,true,12,2020-04-01,2021-03-31,0
2021-04-27,64130,2020-03-31,,78066000000,,,,,,2543000000,,2440000000,,,683000000,,19.38,,,,,,,,,,,,,,,,,,,,,,true,false,12,2019-04-01,2020-03-31,-1
2021-04-27,64130,2021-03-31,,,,,,,,,,,,,,,,,,,,,,,,,,,,,,40.00,,,,,,,false,true,12,2020-04-01,2021-03-31,0
2021-04-27,64130,2021-03-31,,,,,,,,,,,,,,,,,,,,,,,,,,,,,,0.00,,,,,,,false,false,12,2020-04-01,2021-03-31,0
2021-04-27,64130,2020-03-31,,,,,,,,,,,,,,,,,,,,,,,,,,,,,,15.00,,,,,,,false,false,12,2019-04-01,2020-03-31,-1
2021-05-14,64130,2021-03-31,,68434000000,-0.123,,,,,1395000000,-0.452,1925000000,-0.211,,1651000000,,47.59,,0.028,0.024,0.020,,81764000000,61069000000,0.747,1759.56,61069000000,5628000000,-2162000000,-1156000000,17660000000,,0.840,,,,,,true,false,12,2020-04-01,2021-03-31,0
2021-05-14,64130,2020-03-31,,78066000000,-0.070,,,,,2543000000,-0.326,2440000000,-0.333,,683000000,,19.38,,0.011,0.029,0.033,,80224000000,57876000000,0.721,1667.56,57876000000,3207000000,-2287000000,-4203000000,14845000000,,0.774,,,,,,true,false,12,2019-04-01,2020-03-31,-1
2021-05-14,64130,2022-03-31,,33200000000,0.100,,,,,900000000,,900000000,,,700000000,,20.17,,,,,,,,,,,,,,,,,,,,,,true,true,6,2021-04-01,2021-09-30,1
2021-05-14,64130,2022-03-31,,70700000000,0.033,,,,,2900000000,1.079,2900000000,0.506,,2300000000,,66.27,,,,,,,,,,,,,,,,0.724,,,,,,true,true,12,2021-04-01,2022-03-31,1
2021-05-14,64130,2021-03-31,,53747000000,-0.124,,,,,240000000,-0.658,1207000000,-0.309,1322000000,,0.228,38.11,,,,,,74084000000,56505000000,0.763,1628.06,56505000000,,,,,40.00,,,,45000000,10292931,34707102,false,false,12,2020-04-01,2021-03-31,0
2021-05-14,64130,2020-03-31,,61339000000,-0.065,,,,,704000000,-0.631,1746000000,-0.508,1077000000,,-0.615,30.54,,,,,,72755000000,55465000000,0.762,1598.11,55465000000,,,,,15.00,,,,47406332,12699181,35269708,false,false,12,2019-04-01,2020-03-31,-1
2021-05-14,64130,2022-03-31,,,,,,,,,,,,,,,,,,,,,,,,,,,,,,48.00,,,,,,,false,true,12,2021-04-01,2022-03-31,1
2021-07-30,64130,2022-03-31,1,16655000000,0.238,,,,,1026000000,,1153000000,,,1016000000,,29.42,,,,,,78494000000,59922000000,0.763,,59922000000,,,,,,,,,,,,true,false,3,2021-04-01,2021-06-30,0
2021-07-30,64130,2021-03-31,1,13455000000,-0.296,,,,,-678000000,,-605000000,,,46000000,,1.34,,,,,,,,,,,,,,,,,,,,,,true,false,3,2020-04-01,2020-06-30,-1
2021-07-30,64130,2022-03-31,1,33500000000,0.110,,,,,1450000000,,1550000000,,,1300000000,,37.79,,,,,,,,,,,,,,,,,,,,,,true,true,6,2021-04-01,2021-09-30,0
2021-07-30,64130,2022-03-31,1,71250000000,0.041,,,,,3600000000,1.581,3700000000,0.921,,3000000000,,87.40,,,,,,,,,,,,,,,,,,,,,,true,true,12,2021-04-01,2022-03-31,0
2021-07-30,64130,2021-03-31,1,,,,,,,,,,,,,,,,,,,,81764000000,61069000000,0.747,,61069000000,,,,,,,,,,,,true,false,12,2020-04-01,2021-03-31,-1
2021-07-30,64130,2021-03-31,1,,,,,,,,,,,,,,,,,,,,,,,,,,,,,40.00,,,,45000000,10292931,,false,false,12,2020-04-01,2021-03-31,-1
2021-07-30,64130,2022-03-31,1,,,,,,,,,,,,,,,,,,,,,,,,,,,,,48.00,,,,,,,false,true,12,2021-04-01,2022-03-31,0
2021-07-30,64130,2022-03-31,1,,,,,,,,,,,,,,,,,,,,,,,,,,,,,,,,,45000000,10753931,34555410,false,false,3,2021-04-01,2021-06-30,0
2021-07-30,64130,2021-03-31,1,,,,,,,,,,,,,,,,,,,,,,,,,,,,,,,,,,,34707151,false,false,3,2020-04-01,2020-06-30,-1
2021-07-30,64130,2022-03-31,,33500000000,0.009,,,,,1450000000,0.611,1550000000,0.722,,1300000000,,37.79,,,,,,,,,,,,,,,,,,,,,,true,true,6,2021-04-01,2021-09-30,0
2021-07-30,64130,2021-03-31,,30191000000,,,,,,-574000000,,-454000000,,,469000000,,13.53,,,,,,,,,,,,,,,,,,,,,,true,false,6,2020-04-01,2020-09-30,-1
2021-07-30,64130,2022-03-31,,71250000000,0.008,,,,,3600000000,0.241,3700000000,0.276,,3000000000,,87.40,,,,,,,,,,,,,,,,,,,,,,true,true,12,2021-04-01,2022-03-31,0
2021-07-30,64130,2021-03-31,,68434000000,,,,,,1395000000,,1925000000,,,1651000000,,47.59,,,,,,,,,,,,,,,,,,,,,,true,false,12,2020-04-01,2021-03-31,-1
2021-11-02,64130,2022-03-31,2,32302000000,0.070,,,,,1395000000,,1544000000,,,1307000000,,38.13,,,,,,76628000000,58989000000,0.770,,58989000000,,,,,,,,,,,,true,false,6,2021-04-01,2021-09-30,0
2021-11-02,64130,2021-03-31,2,30191000000,-0.241,,,,,-574000000,,-454000000,,,469000000,,13.53,,,,,,,,,,,,,,,,,,,,,,true,false,6,2020-04-01,2020-09-30,-1
2021-11-02,64130,2022-03-31,2,68700000000,0.004,,,,,3100000000,1.222,3300000000,0.714,,2600000000,,76.42,,,,,,,,,,,,,,,,,,,,,,true,true,12,2021-04-01,2022-03-31,0
2021-11-02,64130,2021-03-31,2,,,,,,,,,,,,,,,,,,,,81764000000,61069000000,0.747,,61069000000,,,,,,,,,,,,true,false,12,2020-04-01,2021-03-31,-1
2021-11-02,64130,2021-03-31,2,,,,,,,,,,,,,,,,,,,,,,,,,,,,,40.00,,,,45000000,10292931,,false,false,12,2020-04-01,2021-03-31,-1
2021-11-02,64130,2022-03-31,2,,,,,,,,,,,,,,,,,,,,,,,,,,,,,0.00,,,,,,,false,false,12,2021-04-01,2022-03-31,0
2021-11-02,64130,2022-03-31,2,,,,,,,,,,,,,,,,,,,,,,,,,,,,,48.00,,,,,,,false,true,12,2021-04-01,2022-03-31,0
2021-11-02,64130,2022-03-31,2,,,,,,,,,,,,,,,,,,,,,,,,,,,,,,,,,45000000,11263451,34303809,false,false,6,2021-04-01,2021-09-30,0
2021-11-02,64130,2021-03-31,2,,,,,,,,,,,,,,,,,,,,,,,,,,,,,,,,,,,34707126,false,false,6,2020-04-01,2020-09-30,-1
2021-11-02,64130,2022-03-31,,68700000000,-0.036,,,,,3100000000,-0.139,3300000000,-0.108,,2600000000,,76.42,,,,,,,,,,,,,,,,,,,,,,true,true,12,2021-04-01,2022-03-31,0
2021-11-02,64130,2021-03-31,,68434000000,,,,,,1395000000,,1925000000,,,1651000000,,47.59,,,,,,,,,,,,,,,,,,,,,,true,false,12,2020-04-01,2021-03-31,-1
2022-01-31,64130,2022-03-31,3,48920000000,0.030,,,,,2344000000,,2629000000,,,2063000000,,60.50,,,,,,78687000000,60066000000,0.763,,60066000000,,,,,,,,,,,,true,false,9,2021-04-01,2021-12-31,0
2022-01-31,64130,2021-03-31,3,47478000000,-0.176,,,,,-47000000,,214000000,-0.878,,-215000000,,-6.20,,,,,,,,,,,,,,,,,,,,,,true,false,9,2020-04-01,2020-12-31,-1
2022-01-31,64130,2022-03-31,3,68700000000,0.004,,,,,3100000000,1.222,3300000000,0.714,,2600000000,,76.42,,,,,,,,,,,,,,,,,,,,,,true,true,12,2021-04-01,2022-03-31,0
2022-01-31,64130,2021-03-31,3,,,,,,,,,,,,,,,,,,,,81764000000,61069000000,0.747,,61069000000,,,,,,,,,,,,true,false,12,2020-04-01,2021-03-31,-1
2022-01-31,64130,2021-03-31,3,,,,,,,,,,,,,,,,,,,,,,,,,,,,,40.00,,,,45000000,10292931,,false,false,12,2020-04-01,2021-03-31,-1
2022-01-31,64130,2022-03-31,3,,,,,,,,,,,,,,,,,,,,,,,,,,,,,0.00,,,,,,,false,false,12,2021-04-01,2022-03-31,0
2022-01-31,64130,2022-03-31,3,,,,,,,,,,,,,,,,,,,,,,,,,,,,,60.00,,,,,,,false,true,12,2021-04-01,2022-03-31,0
2022-01-31,64130,2022-03-31,3,,,,,,,,,,,,,,,,,,,,,,,,,,,,,,,,,45000000,11263451,34114035,false,false,9,2021-04-01,2021-12-31,0
2022-01-31,64130,2021-03-31,3,,,,,,,,,,,,,,,,,,,,,,,,,,,,,,,,,,,34707113,false,false,9,2020-04-01,2020-12-31,-1
,64130,2022-03-31,,,,,,,,,,,,,,,,,,,,,,,,,,,,,,60.00,,,,,,,false,true,12,2021-04-01,2022-03-31,0
,64130,2022-03-31,,,,,,,,,,,,,,,,,,,,,,,,,,,,,,0.00,,,,,,,false,false,12,2021-04-01,2022-03-31,0
,64130,2021-03-31,,,,,,,,,,,,,,,,,,,,,,,,,,,,,,40.00,,,,,,,false,false,12,2020-04-01,2021-03-31,-1
,64130,2022-03-31,,,,,,,,,,,,,,,,,,,,,,,,,,,,,,100.00,,,,,,,false,true,12,2021-04-01,2022-03-31,0
,64130,2022-03-31,,,,,,,,,,,,,,,,,,,,,,,,,,,,,,0.00,,,,,,,false,false,12,2021-04-01,2022-03-31,0
,64130,2021-03-31,,,,,,,,,,,,,,,,,,,,,,,,,,,,,,40.00,,,,,,,false,false,12,2020-04-01,2021-03-31,-1
2022-04-26,64130,2022-03-31,,69100000000,0.006,,,,,4000000000,0.290,4500000000,0.364,,3500000000,,102.88,,,,,,,,,,,,,,,,,,,,,,true,true,12,2021-04-01,2022-03-31,0
2022-04-26,64130,2021-03-31,,68434000000,,,,,,1395000000,,1925000000,,,1651000000,,47.59,,,,,,,,,,,,,,,,,,,,,,true,false,12,2020-04-01,2021-03-31,-1
2022-05-13,64130,2022-03-31,,69313000000,0.013,,,,,4164000000,1.985,4644000000,1.412,,3578000000,,105.18,,0.058,0.057,0.060,,81829000000,62971000000,0.770,1866.58,62971000000,5390000000,-1375000000,-3593000000,18834000000,,0.951,,,,,,true,false,12,2021-04-01,2022-03-31,0
2022-05-13,64130,2021-03-31,,68434000000,-0.123,,,,,1395000000,-0.452,1925000000,-0.211,,1651000000,,47.59,,0.028,0.024,0.020,,81764000000,61069000000,0.747,1759.56,61069000000,5628000000,-2162000000,-1156000000,17660000000,,0.840,,,,,,true,false,12,2020-04-01,2021-03-31,-1
2022-05-13,64130,2023-03-31,,33500000000,0.037,,,,,1500000000,0.075,1500000000,-0.029,,1100000000,,32.61,,,,,,,,,,,,,,,,,,,,,,true,true,6,2022-04-01,2022-09-30,1
2022-05-13,64130,2023-03-31,,70800000000,0.021,,,,,3800000000,-0.088,3900000000,-0.160,,2800000000,,83.00,,,,,,,,,,,,,,,,0.723,,,,,,true,true,12,2022-04-01,2023-03-31,1
2022-05-13,64130,2022-03-31,,55659000000,0.036,,,,,2903000000,,4175000000,2.459,3279000000,,1.479,96.39,,,,,,73127000000,56557000000,0.773,1676.44,56557000000,,,,,100.00,,,,40000000,6263511,34020943,false,false,12,2021-04-01,2022-03-31,0
2022-05-13,64130,2021-03-31,,53747000000,-0.124,,,,,240000000,-0.658,1207000000,-0.309,1322000000,,0.228,38.11,,,,,,74084000000,56505000000,0.763,1628.06,56505000000,,,,,40.00,,,,45000000,10292931,34707102,false,false,12,2020-04-01,2021-03-31,-1
2022-05-13,64130,2023-03-31,,,,,,,,,,,,,,,,,,,,,,,,,,,,,,60.00,,,,,,,false,true,12,2022-04-01,2023-03-31,1
2022-07-29,64130,2023-03-31,1,17258000000,0.036,,,,,1356000000,0.322,1666000000,0.445,,1177000000,,34.94,,,,,,80404000000,61922000000,0.770,,61922000000,,,,,,,,,,,,true,false,3,2022-04-01,2022-06-30,0
2022-07-29,64130,2022-03-31,1,16655000000,0.238,,,,,1026000000,,1153000000,,,1016000000,,29.42,,,,,,,,,,,,,,,,,,,,,,true,false,3,2021-04-01,2021-06-30,-1
2022-07-29,64130,2023-03-31,1,34000000000,0.053,,,,,2000000000,0.433,2200000000,0.424,,1600000000,,47.51,,,,,,,,,,,,,,,,,,,,,,true,true,6,2022-04-01,2022-09-30,0
2022-07-29,64130,2023-03-31,1,70800000000,0.021,,,,,3800000000,-0.088,3900000000,-0.160,,2800000000,,83.18,,,,,,,,,,,,,,,,,,,,,,true,true,12,2022-04-01,2023-03-31,0
2022-07-29,64130,2022-03-31,1,,,,,,,,,,,,,,,,,,,,81829000000,62971000000,0.770,,62971000000,,,,,,,,,,,,true,false,12,2021-04-01,2022-03-31,-1
2022-07-29,64130,2022-03-31,1,,,,,,,,,,,,,,,,,,,,,,,,,,,,,100.00,,,,40000000,6263511,,false,false,12,2021-04-01,2022-03-31,-1
2022-07-29,64130,2023-03-31,1,,,,,,,,,,,,,,,,,,,,,,,,,,,,,60.00,,,,,,,false,true,12,2022-04-01,2023-03-31,0
2022-07-29,64130,2023-03-31,1,,,,,,,,,,,,,,,,,,,,,,,,,,,,,,,,,40000000,6353069,33714490,false,false,3,2022-04-01,2022-06-30,0
2022-07-29,64130,2022-03-31,1,,,,,,,,,,,,,,,,,,,,,,,,,,,,,,,,,,,34555410,false,false,3,2021-04-01,2021-06-30,-1
2022-07-29,64130,2023-03-31,,34000000000,0.015,,,,,2000000000,0.333,2200000000,0.467,,1600000000,,47.51,,,,,,,,,,,,,,,,,,,,,,true,true,6,2022-04-01,2022-09-30,0
2022-07-29,64130,2022-03-31,,32302000000,,,,,,1395000000,,1544000000,,,1307000000,,38.13,,,,,,,,,,,,,,,,,,,,,,true,false,6,2021-04-01,2021-09-30,-1
2022-11-02,64130,2023-03-31,2,35047000000,0.085,,,,,2393000000,0.715,2596000000,0.681,,2001000000,,59.47,,,,,,82045000000,62478000000,0.762,,62478000000,,,,,,,,,,,,true,false,6,2022-04-01,2022-09-30,0
2022-11-02,64130,2022-03-31,2,32302000000,0.070,,,,,1395000000,,1544000000,,,1307000000,,38.13,,,,,,,,,,,,,,,,,,,,,,true,false,6,2021-04-01,2021-09-30,-1
2022-11-02,64130,2023-03-31,2,73500000000,0.060,,,,,5100000000,0.225,5300000000,0.141,,3800000000,,113.12,,,,,,,,,,,,,,,,,,,,,,true,true,12,2022-04-01,2023-03-31,0
2022-11-02,64130,2022-03-31,2,,,,,,,,,,,,,,,,,,,,81829000000,62971000000,0.770,,62971000000,,,,,,,,,,,,true,false,12,2021-04-01,2022-03-31,-1
2022-11-02,64130,2022-03-31,2,,,,,,,,,,,,,,,,,,,,,,,,,,,,,100.00,,,,40000000,6263511,,false,false,12,2021-04-01,2022-03-31,-1
2022-11-02,64130,2023-03-31,2,,,,,,,,,,,,,,,,,,,,,,,,,,,,,0.00,,,,,,,false,false,12,2022-04-01,2023-03-31,0
2022-11-02,64130,2023-03-31,2,,,,,,,,,,,,,,,,,,,,,,,,,,,,,60.00,,,,,,,false,true,12,2022-04-01,2023-03-31,0
2022-11-02,64130,2023-03-31,2,,,,,,,,,,,,,,,,,,,,,,,,,,,,,,,,,40000000,6475304,33659085,false,false,6,2022-04-01,2022-09-30,0
2022-11-02,64130,2022-03-31,2,,,,,,,,,,,,,,,,,,,,,,,,,,,,,,,,,,,34303809,false,false,6,2021-04-01,2021-09-30,-1
2023-01-31,64130,2023-03-31,3,52942000000,0.082,,,,,3626000000,0.547,3771000000,0.434,,2836000000,,84.38,,,,,,82830000000,62629000000,0.756,,62629000000,,,,,,,,,,,,true,false,9,2022-04-01,2022-12-31,0
2023-01-31,64130,2022-03-31,3,48920000000,0.030,,,,,2344000000,,2629000000,,,2063000000,,60.50,,,,,,,,,,,,,,,,,,,,,,true,false,9,2021-04-01,2021-12-31,-1
2023-01-31,64130,2023-03-31,3,73500000000,0.060,,,,,5100000000,0.225,5300000000,0.141,,3800000000,,113.12,,,,,,,,,,,,,,,,,,,,,,true,true,12,2022-04-01,2023-03-31,0
2023-01-31,64130,2022-03-31,3,,,,,,,,,,,,,,,,,,,,81829000000,62971000000,0.770,,62971000000,,,,,,,,,,,,true,false,12,2021-04-01,2022-03-31,-1
2023-01-31,64130,2022-03-31,3,,,,,,,,,,,,,,,,,,,,,,,,,,,,,100.00,,,,40000000,6263511,,false,false,12,2021-04-01,2022-03-31,-1
2023-01-31,64130,2023-03-31,3,,,,,,,,,,,,,,,,,,,,,,,,,,,,,0.00,,,,,,,false,false,12,2022-04-01,2023-03-31,0
2023-01-31,64130,2023-03-31,3,,,,,,,,,,,,,,,,,,,,,,,,,,,,,100.00,,,,,,,false,true,12,2022-04-01,2023-03-31,0
2023-01-31,64130,2023-03-31,3,,,,,,,,,,,,,,,,,,,,,,,,,,,,,,,,,40000000,6475304,33614126,false,false,9,2022-04-01,2022-12-31,0
2023-01-31,64130,2022-03-31,3,,,,,,,,,,,,,,,,,,,,,,,,,,,,,,,,,,,34114035,false,false,9,2021-04-01,2021-12-31,-1
2023-05-09,64130,2023-03-31,,74655000000,0.077,,,,,5955000000,0.430,6201000000,0.335,,4624000000,,137.72,,0.073,0.074,0.080,,84773000000,64296000000,0.758,1924.95,64296000000,5644000000,-742000000,-4443000000,19676000000,,0.871,,,,,,true,false,12,2022-04-01,2023-03-31,0
2023-05-09,64130,2022-03-31,,69313000000,0.013,,,,,4164000000,1.985,4644000000,1.412,,3578000000,,105.18,,0.058,0.057,0.060,,81829000000,62971000000,0.770,1866.58,62971000000,5390000000,-1375000000,-3593000000,18834000000,,0.951,,,,,,true,false,12,2021-04-01,2022-03-31,-1
2023-05-09,64130,2024-03-31,,33800000000,-0.036,,,,,1500000000,-0.373,1500000000,-0.422,,1300000000,,38.92,,,,,,,,,,,,,,,,,,,,,,true,true,6,2023-04-01,2023-09-30,1
2023-05-09,64130,2024-03-31,,72100000000,-0.034,,,,,4000000000,-0.328,4100000000,-0.339,,3200000000,,95.80,,,,,,,,,,,,,,,,0.992,,,,,,true,true,12,2023-04-01,2024-03-31,1
2023-05-09,64130,2023-03-31,,59776000000,0.074,,,,,4715000000,0.624,6289000000,0.506,4894000000,,0.493,145.74,,,,,,74957000000,57514000000,0.767,1721.90,57514000000,,,,,120.00,,,,40000000,6598364,33581361,false,false,12,2022-04-01,2023-03-31,0
2023-05-09,64130,2022-03-31,,55659000000,0.036,,,,,2903000000,,4175000000,2.459,3279000000,,1.479,96.39,,,,,,73127000000,56557000000,0.773,1676.44,56557000000,,,,,100.00,,,,40000000,6263511,34020943,false,false,12,2021-04-01,2022-03-31,-1
2023-05-09,64130,2024-03-31,,,,,,,,,,,,,,,,,,,,,,,,,,,,,,95.00,,,,,,,false,true,12,2023-04-01,2024-03-31,1
2023-08-01,64130,2024-03-31,1,16787000000,-0.027,,,,,902000000,-0.335,1263000000,-0.242,,1048000000,,31.38,,,,,,81145000000,62466000000,0.770,,62466000000,,,,,,,,,,,,true,false,3,2023-04-01,2023-06-30,0
2023-08-01,64130,2023-03-31,1,17258000000,0.036,,,,,1356000000,0.322,1666000000,0.445,,1177000000,,34.94,,,,,,,,,,,,,,,,,,,,,,true,false,3,2022-04-01,2022-06-30,-1
2023-08-01,64130,2024-03-31,1,33800000000,-0.036,,,,,1500000000,-0.373,1500000000,-0.422,,1300000000,,38.92,,,,,,,,,,,,,,,,,,,,,,true,true,6,2023-04-01,2023-09-30,0
2023-08-01,64130,2024-03-31,1,72100000000,-0.034,,,,,4000000000,-0.328,4100000000,-0.339,,3200000000,,95.80,,,,,,,,,,,,,,,,,,,,,,true,true,12,2023-04-01,2024-03-31,0
2023-08-01,64130,2023-03-31,1,,,,,,,,,,,,,,,,,,,,84773000000,64296000000,0.758,,64296000000,,,,,,,,,,,,true,false,12,2022-04-01,2023-03-31,-1
2023-08-01,64130,2023-03-31,1,,,,,,,,,,,,,,,,,,,,,,,,,,,,,120.00,,,,40000000,6598364,,false,false,12,2022-04-01,2023-03-31,-1
2023-08-01,64130,2024-03-31,1,,,,,,,,,,,,,,,,,,,,,,,,,,,,,95.00,,,,,,,false,true,12,2023-04-01,2024-03-31,0
2023-08-01,64130,2024-03-31,1,,,,,,,,,,,,,,,,,,,,,,,,,,,,,,,,,36000000,2598398,33401617,false,false,3,2023-04-01,2023-06-30,0
2023-08-01,64130,2023-03-31,1,,,,,,,,,,,,,,,,,,,,,,,,,,,,,,,,,,,33714490,false,false,3,2022-04-01,2022-06-30,-1
2023-10-24,64130,2024-03-31,,34800000000,0.030,,,,,1800000000,0.200,2300000000,0.533,,1800000000,,53.92,,,,,,,,,,,,,,,,,,,,,,true,true,6,2023-04-01,2023-09-30,0
2023-10-24,64130,2023-03-31,,35047000000,,,,,,2393000000,,2596000000,,,2001000000,,59.47,,,,,,,,,,,,,,,,,,,,,,true,false,6,2022-04-01,2022-09-30,-1
2023-11-02,64130,2024-03-31,2,34837000000,-0.006,,,,,1841000000,-0.231,2343000000,-0.098,,1870000000,,56.04,,,,,,83634000000,63547000000,0.760,,63547000000,,,,,,,,,,,,true,false,6,2023-04-01,2023-09-30,0
2023-11-02,64130,2023-03-31,2,35047000000,0.085,,,,,2393000000,0.715,2596000000,0.681,,2001000000,,59.47,,,,,,,,,,,,,,,,,,,,,,true,false,6,2022-04-01,2022-09-30,-1
2023-11-02,64130,2024-03-31,2,73300000000,-0.018,,,,,4500000000,-0.244,5100000000,-0.178,,3900000000,,117.05,,,,,,,,,,,,,,,,,,,,,,true,true,12,2023-04-01,2024-03-31,0
2023-11-02,64130,2023-03-31,2,,,,,,,,,,,,,,,,,,,,84773000000,64296000000,0.758,,64296000000,,,,,,,,,,,,true,false,12,2022-04-01,2023-03-31,-1
2023-11-02,64130,2023-03-31,2,,,,,,,,,,,,,,,,,,,,,,,,,,,,,120.00,,,,40000000,6598364,,false,false,12,2022-04-01,2023-03-31,-1
2023-11-02,64130,2024-03-31,2,,,,,,,,,,,,,,,,,,,,,,,,,,,,,0.00,,,,,,,false,false,12,2023-04-01,2024-03-31,0
2023-11-02,64130,2024-03-31,2,,,,,,,,,,,,,,,,,,,,,,,,,,,,,100.00,,,,,,,false,true,12,2023-04-01,2024-03-31,0
2023-11-02,64130,2024-03-31,2,,,,,,,,,,,,,,,,,,,,,,,,,,,,,,,,,36000000,2742398,33381544,false,false,6,2023-04-01,2023-09-30,0
2023-11-02,64130,2023-03-31,2,,,,,,,,,,,,,,,,,,,,,,,,,,,,,,,,,,,33659085,false,false,6,2022-04-01,2022-09-30,-1
2024-01-30,64130,2024-03-31,3,52955000000,0.000,,,,,3197000000,-0.118,3691000000,-0.021,,2842000000,,85.36,,,,,,82535000000,63332000000,0.767,,63332000000,,,,,,,,,,,,true,false,9,2023-04-01,2023-12-31,0
2024-01-30,64130,2023-03-31,3,52942000000,0.082,,,,,3626000000,0.547,3771000000,0.434,,2836000000,,84.38,,,,,,,,,,,,,,,,,,,,,,true,false,9,2022-04-01,2022-12-31,-1
2024-01-30,64130,2024-03-31,3,73300000000,-0.018,,,,,4500000000,-0.244,5100000000,-0.178,,3900000000,,117.05,,,,,,,,,,,,,,,,,,,,,,true,true,12,2023-04-01,2024-03-31,0
2024-01-30,64130,2023-03-31,3,,,,,,,,,,,,,,,,,,,,84773000000,64296000000,0.758,,64296000000,,,,,,,,,,,,true,false,12,2022-04-01,2023-03-31,-1
2024-01-30,64130,2023-03-31,3,,,,,,,,,,,,,,,,,,,,,,,,,,,,,120.00,,,,40000000,6598364,,false,false,12,2022-04-01,2023-03-31,-1
2024-01-30,64130,2024-03-31,3,,,,,,,,,,,,,,,,,,,,,,,,,,,,,0.00,,,,,,,false,false,12,2023-04-01,2024-03-31,0
2024-01-30,64130,2024-03-31,3,,,,,,,,,,,,,,,,,,,,,,,,,,,,,100.00,,,,,,,false,true,12,2023-04-01,2024-03-31,0
2024-01-30,64130,2024-03-31,3,,,,,,,,,,,,,,,,,,,,,,,,,,,,,,,,,36000000,2981298,33303030,false,false,9,2023-04-01,2023-12-31,0
2024-01-30,64130,2023-03-31,3,,,,,,,,,,,,,,,,,,,,,,,,,,,,,,,,,,,33614126,false,false,9,2022-04-01,2022-12-31,-1
2024-05-09,64130,2024-03-31,,74602000000,-0.001,,,,,5256000000,-0.117,6202000000,0.000,,4831000000,,145.48,,0.074,0.072,0.070,,88628000000,66893000000,0.755,2036.34,66893000000,6482000000,-1305000000,-5602000000,20088000000,,0.687,,,,,,true,false,12,2023-04-01,2024-03-31,0
2024-05-09,64130,2023-03-31,,74655000000,0.077,,,,,5955000000,0.430,6201000000,0.335,,4624000000,,137.72,,0.073,0.074,0.080,,84773000000,64296000000,0.758,1924.95,64296000000,5644000000,-742000000,-4443000000,19676000000,,0.871,,,,,,true,false,12,2022-04-01,2023-03-31,-1
2024-05-09,64130,2025-03-31,,36500000000,0.048,,,,,1900000000,0.032,1900000000,-0.189,,1600000000,,47.93,,,,,,,,,,,,,,,,,,,,,,true,true,6,2024-04-01,2024-09-30,1
2024-05-09,64130,2025-03-31,,78300000000,0.050,,,,,4900000000,-0.068,5100000000,-0.178,,3700000000,,111.40,,,,,,,,,,,,,,,,0.898,,,,,,true,true,12,2024-04-01,2025-03-31,1
2024-05-09,64130,2024-03-31,,56956000000,-0.047,,,,,3724000000,-0.210,6095000000,-0.031,5110000000,,0.044,153.86,,,,,,75105000000,58166000000,0.774,1770.70,58166000000,,,,,100.00,,,,36000000,3150398,33213486,false,false,12,2023-04-01,2024-03-31,0
2024-05-09,64130,2023-03-31,,59776000000,0.074,,,,,4715000000,0.624,6289000000,0.506,4894000000,,0.493,145.74,,,,,,74957000000,57514000000,0.767,1721.90,57514000000,,,,,120.00,,,,40000000,6598364,33581361,false,false,12,2022-04-01,2023-03-31,-1
2024-05-09,64130,2025-03-31,,,,,,,,,,,,,,,,,,,,,,,,,,,,,,100.00,,,,,,,false,true,12,2024-04-01,2025-03-31,1
2024-07-30,6413,2025-03-31,1,19444000000,0.158,,,,,1919000000,1.128,2493000000,0.974,,1740000000,,53.07,,,,,,89133000000,66129000000,0.742,,66129000000,,,,,,,,,,,,true,false,3,2024-04-01,2024-06-30,0
2024-07-30,6413,2024-03-31,1,16787000000,-0.027,,,,,902000000,-0.335,1263000000,-0.242,,1048000000,,31.38,,,,,,,,,,,,,,,,,,,,,,true,false,3,2023-04-01,2023-06-30,-1
2024-07-30,6413,2025-03-31,1,37200000000,0.068,,,,,2200000000,0.195,2800000000,0.195,,1900000000,,58.02,,,,,,,,,,,,,,,,,,,,,,true,true,6,2024-04-01,2024-09-30,0
2024-07-30,6413,2025-03-31,1,78600000000,0.054,,,,,5600000000,0.065,6100000000,-0.017,,4300000000,,131.42,,,,,,,,,,,,,,,,,,,,,,true,true,12,2024-04-01,2025-03-31,0
2024-07-30,6413,2024-03-31,1,,,,,,,,,,,,,,,,,,,,88628000000,66893000000,0.755,,66893000000,,,,,,,,,,,,true,false,12,2023-04-01,2024-03-31,-1
2024-07-30,6413,2024-03-31,1,,,,,,,,,,,,,,,,,,,,,,,,,,,,,100.00,,,,36000000,3150398,,false,false,12,2023-04-01,2024-03-31,-1
2024-07-30,6413,2025-03-31,1,,,,,,,,,,,,,,,,,,,,,,,,,,,,,100.00,,,,,,,false,true,12,2024-04-01,2025-03-31,0
2024-07-30,6413,2025-03-31,1,,,,,,,,,,,,,,,,,,,,,,,,,,,,,,,,,36000000,3306938,32803210,false,false,3,2024-04-01,2024-06-30,0
2024-07-30,6413,2024-03-31,1,,,,,,,,,,,,,,,,,,,,,,,,,,,,,,,,,,,33401617,false,false,3,2023-04-01,2023-06-30,-1
2024-07-30,64130,2025-03-31,,37200000000,0.019,,,,,2200000000,0.158,2800000000,0.474,,1900000000,,58.02,,,,,,,,,,,,,,,,,,,,,,true,true,6,2024-04-01,2024-09-30,0
2024-07-30,64130,2024-03-31,,34837000000,,,,,,1841000000,,2343000000,,,1870000000,,56.04,,,,,,,,,,,,,,,,,,,,,,true,false,6,2023-04-01,2023-09-30,-1
2024-07-30,64130,2025-03-31,,78600000000,0.004,,,,,5600000000,0.143,6100000000,0.196,,4300000000,,131.42,,,,,,,,,,,,,,,,,,,,,,true,true,12,2024-04-01,2025-03-31,0
2024-07-30,64130,2024-03-31,,74602000000,,,,,,5256000000,,6202000000,,,4831000000,,145.48,,,,,,,,,,,,,,,,,,,,,,true,false,12,2023-04-01,2024-03-31,-1
2024-09-30,64130,2025-03-31,,38200000000,0.027,,,,,2900000000,0.318,2700000000,-0.036,,1900000000,,58.04,,,,,,,,,,,,,,,,,,,,,,true,true,6,2024-04-01,2024-09-30,0
2024-09-30,64130,2024-03-31,,34837000000,,,,,,1841000000,,2343000000,,,1870000000,,56.04,,,,,,,,,,,,,,,,,,,,,,true,false,6,2023-04-01,2023-09-30,-1
2024-11-01,6413,2025-03-31,2,38167000000,0.096,,,,,2804000000,0.523,2630000000,0.123,,1782000000,,54.46,,,,,,87414000000,64014000000,0.732,,64014000000,,,,,,,,,,,,true,false,6,2024-04-01,2024-09-30,0
2024-11-01,6413,2024-03-31,2,34837000000,-0.006,,,,,1841000000,-0.231,2343000000,-0.098,,1870000000,,56.04,,,,,,,,,,,,,,,,,,,,,,true,false,6,2023-04-01,2023-09-30,-1
2024-11-01,6413,2025-03-31,2,80500000000,0.079,,,,,6500000000,0.237,6600000000,0.064,,4200000000,,64.33,,,,,,,,,,,,,,,,,,,,,,true,true,12,2024-04-01,2025-03-31,0
2024-11-01,6413,2024-03-31,2,,,,,,,,,,,,,,,,,,,,88628000000,66893000000,0.755,,66893000000,,,,,,,,,,,,true,false,12,2023-04-01,2024-03-31,-1
2024-11-01,6413,2024-03-31,2,,,,,,,,,,,,,,,,,,,,,,,,,,,,,100.00,,,,36000000,3150398,,false,false,12,2023-04-01,2024-03-31,-1
2024-11-01,6413,2025-03-31,2,,,,,,,,,,,,,,,,,,,,,,,,,,,,,0.00,,,,,,,false,false,12,2024-04-01,2025-03-31,0
2024-11-01,6413,2025-03-31,2,,,,,,,,,,,,,,,,,,,,,,,,,,,,,50.00,,,,,,,false,true,12,2024-04-01,2025-03-31,0
2024-11-01,6413,2025-03-31,2,,,,,,,,,,,,,,,,,,,,,,,,,,,,,,,,,36000000,3439058,32727972,false,false,6,2024-04-01,2024-09-30,0
2024-11-01,6413,2024-03-31,2,,,,,,,,,,,,,,,,,,,,,,,,,,,,,,,,,,,33381544,false,false,6,2023-04-01,2023-09-30,-1
2024-11-01,64130,2025-03-31,,80500000000,0.024,,,,,6500000000,0.161,6600000000,0.082,,4200000000,,64.33,,,,,,,,,,,,,,,,,,,,,,true,true,12,2024-04-01,2025-03-31,0
2024-11-01,64130,2024-03-31,,74602000000,,,,,,5256000000,,6202000000,,,4831000000,,145.48,,,,,,,,,,,,,,,,,,,,,,true,false,12,2023-04-01,2024-03-31,-1
2024-11-01,64130,2025-03-31,,,,,,,,,,,,,,,,,,,,,,,,,,,,,,50.00,,,,,,,false,true,12,2024-04-01,2025-03-31,0
2024-11-01,64130,2025-03-31,,,,,,,,,,,,,,,,,,,,,,,,,,,,,,0.00,,,,,,,false,false,12,2024-04-01,2025-03-31,0
2024-11-01,64130,2024-03-31,,,,,,,,,,,,,,,,,,,,,,,,,,,,,,100.00,,,,,,,false,false,12,2023-04-01,2024-03-31,-1
2025-01-31,6413,2025-03-31,3,57087000000,0.078,,,,,4275000000,0.337,4572000000,0.239,,2699000000,,41.35,,,,,,88692000000,65493000000,0.738,,65493000000,,,,,,,,,,,,true,false,9,2024-04-01,2024-12-31,0
2025-01-31,6413,2024-03-31,3,52955000000,0.000,,,,,3197000000,-0.118,3691000000,-0.021,,2842000000,,42.68,,,,,,,,,,,,,,,,,,,,,,true,false,9,2023-04-01,2023-12-31,-1
2025-01-31,6413,2025-03-31,3,80500000000,0.079,,,,,6500000000,0.237,6600000000,0.064,,4200000000,,64.33,,,,,,,,,,,,,,,,,,,,,,true,true,12,2024-04-01,2025-03-31,0
2025-01-31,6413,2024-03-31,3,,,,,,,,,,,,,,,,,,,,88628000000,66893000000,0.755,,66893000000,,,,,,,,,,,,true,false,12,2023-04-01,2024-03-31,-1
2025-01-31,6413,2024-03-31,3,,,,,,,,,,,,,,,,,,,,,,,,,,,,,100.00,,,,72000000,6300796,,false,false,12,2023-04-01,2024-03-31,-1
2025-01-31,6413,2025-03-31,3,,,,,,,,,,,,,,,,,,,,,,,,,,,,,0.00,,,,,,,false,false,12,2024-04-01,2025-03-31,0
2025-01-31,6413,2025-03-31,3,,,,,,,,,,,,,,,,,,,,,,,,,,,,,50.00,,,,,,,false,true,12,2024-04-01,2025-03-31,0
2025-01-31,6413,2025-03-31,3,,,,,,,,,,,,,,,,,,,,,,,,,,,,,,,,,72000000,7306916,65290553,false,false,9,2024-04-01,2024-12-31,0
2025-01-31,6413,2024-03-31,3,,,,,,,,,,,,,,,,,,,,,,,,,,,,,,,,,,,66606061,false,false,9,2023-04-01,2023-12-31,-1
2025-05-09,6413,2025-03-31,,78723000000,0.055,,,,,6183000000,0.176,6364000000,0.026,,4088000000,,62.80,,0.061,0.072,0.079,,88911000000,66505000000,0.748,1037.20,66505000000,3347000000,-8303000000,-1465000000,13706000000,,0.796,,,,,,true,false,12,2024-04-01,2025-03-31,0
2025-05-09,6413,2024-03-31,,74602000000,-0.001,,,,,5256000000,-0.117,6202000000,0.000,,4831000000,,72.74,,0.074,0.072,0.070,,88628000000,66893000000,0.755,1018.17,66893000000,6482000000,-1305000000,-5602000000,20088000000,,0.687,,,,,,true,false,12,2023-04-01,2024-03-31,-1
2025-05-09,6413,2026-03-31,,37700000000,-0.012,,,,,2600000000,-0.073,2600000000,-0.012,,1900000000,,29.63,,,,,,,,,,,,,,,,,,,,,,true,true,6,2025-04-01,2025-09-30,1
2025-05-09,6413,2026-03-31,,78100000000,-0.008,,,,,5600000000,-0.094,5700000000,-0.104,,4100000000,,63.94,,,,,,,,,,,,,,,,0.782,,,,,,true,true,12,2025-04-01,2026-03-31,1
2025-05-09,6413,2025-03-31,,58989000000,0.036,,,,,4427000000,0.189,6256000000,0.026,5014000000,,-0.019,77.04,,,,,,74974000000,57899000000,0.772,902.98,57899000000,,,,,50.00,,,,72000000,7879016,65095968,false,false,12,2024-04-01,2025-03-31,0
2025-05-09,6413,2024-03-31,,56956000000,-0.047,,,,,3724000000,-0.210,6095000000,-0.031,5110000000,,0.044,76.93,,,,,,75105000000,58166000000,0.774,885.35,58166000000,,,,,100.00,,,,72000000,6300796,66426972,false,false,12,2023-04-01,2024-03-31,-1
2025-05-09,6413,2026-03-31,,,,,,,,,,,,,,,,,,,,,,,,,,,,,,50.00,,,,,,,false,true,12,2025-04-01,2026-03-31,1
2025-07-31,6413,2026-03-31,1,18282000000,-0.060,,,,,1476000000,-0.231,1534000000,-0.385,,888000000,,13.86,,,,,,89513000000,64174000000,0.717,,64174000000,,,,,,,,,,,,true,false,3,2025-04-01,2025-06-30,0
2025-07-31,6413,2025-03-31,1,19444000000,0.158,,,,,1919000000,1.128,2493000000,0.974,,1740000000,,26.53,,,,,,,,,,,,,,,,,,,,,,true,false,3,2024-04-01,2024-06-30,-1
2025-07-31,6413,2026-03-31,1,37700000000,-0.012,,,,,2600000000,-0.073,2600000000,-0.012,,1900000000,,29.63,,,,,,,,,,,,,,,,,,,,,,true,true,6,2025-04-01,2025-09-30,0
2025-07-31,6413,2026-03-31,1,78100000000,-0.008,,,,,5600000000,-0.094,5700000000,-0.104,,4100000000,,63.94,,,,,,,,,,,,,,,,,,,,,,true,true,12,2025-04-01,2026-03-31,0
2025-07-31,6413,2025-03-31,1,,,,,,,,,,,,,,,,,,,,88911000000,66505000000,0.748,,66505000000,,,,,,,,,,,,true,false,12,2024-04-01,2025-03-31,-1
2025-07-31,6413,2025-03-31,1,,,,,,,,,,,,,,,,,,,,,,,,,,,,,50.00,,,,72000000,7879016,,false,false,12,2024-04-01,2025-03-31,-1
2025-07-31,6413,2026-03-31,1,,,,,,,,,,,,,,,,,,,,,,,,,,,,,50.00,,,,,,,false,true,12,2025-04-01,2026-03-31,0
2025-07-31,6413,2026-03-31,1,,,,,,,,,,,,,,,,,,,,,,,,,,,,,,,,,72000000,7879016,64120984,false,false,3,2025-04-01,2025-06-30,0
2025-07-31,6413,2025-03-31,1,,,,,,,,,,,,,,,,,,,,,,,,,,,,,,,,,,,65606419,false,false,3,2024-04-01,2024-06-30,-1
