filing_date,code,fiscal_year_end,quarterly_period,net_sales,net_sales_change,revenue,revenue_change,operating_revenue,operating_revenue_change,operating_profit,operating_profit_change,ordinary_profit,ordinary_profit_change,net_income,net_income_of_parent,net_income_change,eps,diluted_eps,roe,roa,operating_profit_to_net_sales,operating_profit_to_revenue,total_assets,net_assets,equity_ratio,bps,owner_equity,operating_cash_flow,investing_cash_flow,financing_cash_flow,cash,dividend_per_share,payout_ratio,commemorative_dividend,extra_dividend,number_of_shares,number_of_treqsury_shares,avg_number_of_shares,is_consolidated,is_forecast,duration,period_start,period_end,period_pos
2015-05-07,64190,2015-03-31,,27767000000,0.015,,,,,5079000000,-0.039,5407000000,-0.080,3547000000,,-0.171,193.27,,0.071,0.088,0.183,,60474000000,49687000000,0.822,2745.28,49687000000,2354000000,202000000,-2906000000,22217000000,,0.336,,,,,,true,false,12,2014-04-01,2015-03-31,0
2015-05-07,64190,2014-03-31,,27349000000,-0.098,,,,,5282000000,-0.168,5880000000,-0.128,4281000000,,0.126,224.75,,0.091,0.097,0.193,,62323000000,49548000000,0.795,2601.07,49548000000,4291000000,2497000000,-1141000000,22565000000,,0.267,,,,,,true,false,12,2013-04-01,2014-03-31,-1
2015-05-07,64190,2016-03-31,,14300000000,0.084,,,,,2510000000,0.075,2720000000,0.083,,1730000000,,94.26,,,,,,,,,,,,,,,,,,,,,,true,true,6,2015-04-01,2015-09-30,1
2015-05-07,64190,2016-03-31,,30800000000,0.109,,,,,5910000000,0.164,6290000000,0.163,,3980000000,,216.84,,,,,,,,,,,,,,,,0.277,,,,,,true,true,12,2015-04-01,2016-03-31,1
2015-05-07,64190,2015-03-31,,19442000000,0.023,,,,,2495000000,-0.082,4315000000,-0.057,3491000000,,-0.131,190.24,,,,,,41920000000,37336000000,0.891,2062.90,37336000000,,,,,65.00,,,,22720000,4620912,18354256,false,false,12,2014-04-01,2015-03-31,0
2015-05-07,64190,2014-03-31,,19006000000,-0.108,,,,,2719000000,-0.283,4575000000,-0.143,4016000000,,0.129,210.87,,,,,,42551000000,37280000000,0.876,1957.06,37280000000,,,,,60.00,,,,22720000,3670772,19049249,false,false,12,2013-04-01,2014-03-31,-1
2015-05-07,64190,2016-03-31,,9800000000,0.080,,,,,1043000000,0.001,2720000000,0.006,2270000000,,0.002,123.68,,,,,,,,,,,,,,,,,,,,,,false,true,6,2015-04-01,2015-09-30,1
2015-05-07,64190,2016-03-31,,21000000000,0.080,,,,,2730000000,0.094,4560000000,0.057,3440000000,,-0.015,187.42,,,,,,,,,,,,,,,60.00,,,,,,,false,true,12,2015-04-01,2016-03-31,1
2015-07-31,64190,2016-03-31,1,6344000000,-0.027,,,,,1245000000,0.083,1447000000,0.093,,931000000,,51.50,,,,,,57164000000,47237000000,0.826,2811.97,47237000000,,,,,,,,,,,,true,false,3,2015-04-01,2015-06-30,0
2015-07-31,64190,2015-03-31,1,6520000000,-0.033,,,,,1149000000,-0.112,1323000000,-0.137,,815000000,,42.81,,,,,,,,,,,,,,,,,,,,,,true,false,3,2014-04-01,2014-06-30,-1
2015-07-31,64190,2016-03-31,1,14300000000,0.084,,,,,2510000000,0.075,2720000000,0.083,,1730000000,,94.26,,,,,,,,,,,,,,,,,,,,,,true,true,6,2015-04-01,2015-09-30,0
2015-07-31,64190,2016-03-31,1,30800000000,0.109,,,,,5910000000,0.164,6290000000,0.163,,3980000000,,216.84,,,,,,,,,,,,,,,,,,,,,,true,true,12,2015-04-01,2016-03-31,0
2015-07-31,64190,2015-03-31,1,,,,,,,,,,,,,,,,,,,,60474000000,49687000000,0.822,2745.28,49687000000,,,,,,,,,,,,true,false,12,2014-04-01,2015-03-31,-1
2015-07-31,64190,2015-03-31,1,,,,,,,,,,,,,,,,,,,,,,,,,,,,,65.00,,,,22720000,4620912,,false,false,12,2014-04-01,2015-03-31,-1
2015-07-31,64190,2016-03-31,1,,,,,,,,,,,,,,,,,,,,,,,,,,,,,60.00,,,,,,,false,true,12,2015-04-01,2016-03-31,0
2015-07-31,64190,2016-03-31,1,,,,,,,,,,,,,,,,,,,,,,,,,,,,,,,,,22720000,5921312,18084798,false,false,3,2015-04-01,2015-06-30,0
2015-07-31,64190,2015-03-31,1,,,,,,,,,,,,,,,,,,,,,,,,,,,,,,,,,,,19049228,false,false,3,2014-04-01,2014-06-30,-1
2015-10-02,64190,2016-03-31,,12620000000,-0.117,,,,,2250000000,-0.104,2520000000,-0.074,,1750000000,,100.35,,,,,,,,,,,,,,,,,,,,,,true,true,6,2015-04-01,2015-09-30,0
2015-10-02,64190,2015-03-31,,13195000000,,,,,,2333000000,,2511000000,,,1536000000,,82.55,,,,,,,,,,,,,,,,,,,,,,true,false,6,2014-04-01,2014-09-30,-1
2015-10-02,64190,2016-03-31,,30000000000,-0.026,,,,,5920000000,0.002,6330000000,0.006,,4170000000,,243.58,,,,,,,,,,,,,,,,,,,,,,true,true,12,2015-04-01,2016-03-31,0
2015-10-02,64190,2015-03-31,,27767000000,,,,,,5079000000,,5407000000,,,3547000000,,193.27,,,,,,,,,,,,,,,,,,,,,,true,false,12,2014-04-01,2015-03-31,-1
2015-10-02,64190,2016-03-31,,8250000000,-0.158,,,,,790000000,-0.243,2500000000,-0.081,2260000000,,-0.004,129.60,,,,,,,,,,,,,,,,,,,,,,false,true,6,2015-04-01,2015-09-30,0
2015-10-02,64190,2015-03-31,,9077000000,,,,,,1041000000,,2703000000,,2264000000,,,121.70,,,,,,,,,,,,,,,,,,,,,,false,false,6,2014-04-01,2014-09-30,-1
2015-10-02,64190,2016-03-31,,19500000000,-0.071,,,,,2520000000,-0.077,4390000000,-0.037,3480000000,,0.012,203.28,,,,,,,,,,,,,,,,,,,,,,false,true,12,2015-04-01,2016-03-31,0
2015-10-02,64190,2015-03-31,,19442000000,,,,,,2495000000,,4315000000,,3491000000,,,190.24,,,,,,,,,,,,,,,,,,,,,,false,false,12,2014-04-01,2015-03-31,-1
2015-10-29,64190,2016-03-31,2,12634000000,-0.043,,,,,2363000000,0.013,2636000000,0.050,,1787000000,,102.49,,,,,,56810000000,47422000000,0.835,2822.97,47422000000,,,,,,,,,,,,true,false,6,2015-04-01,2015-09-30,0
2015-10-29,64190,2015-03-31,2,13195000000,0.020,,,,,2333000000,-0.045,2511000000,-0.117,,1536000000,,82.55,,,,,,,,,,,,,,,,,,,,,,true,false,6,2014-04-01,2014-09-30,-1
2015-10-29,64190,2016-03-31,2,30000000000,0.080,,,,,5920000000,0.166,6330000000,0.171,,4170000000,,243.58,,,,,,,,,,,,,,,,,,,,,,true,true,12,2015-04-01,2016-03-31,0
2015-10-29,64190,2015-03-31,2,,,,,,,,,,,,,,,,,,,,60474000000,49687000000,0.822,2745.28,49687000000,,,,,,,,,,,,true,false,12,2014-04-01,2015-03-31,-1
2015-10-29,64190,2015-03-31,2,,,,,,,,,,,,,,,,,,,,,,,,,,,,,65.00,,,,22720000,4620912,,false,false,12,2014-04-01,2015-03-31,-1
2015-10-29,64190,2016-03-31,2,,,,,,,,,,,,,,,,,,,,,,,,,,,,,30.00,,,,,,,false,false,12,2015-04-01,2016-03-31,0
2015-10-29,64190,2016-03-31,2,,,,,,,,,,,,,,,,,,,,,,,,,,,,,60.00,,,,,,,false,true,12,2015-04-01,2016-03-31,0
2015-10-29,64190,2016-03-31,2,,,,,,,,,,,,,,,,,,,,,,,,,,,,,,,,,22720000,5921312,17438229,false,false,6,2015-04-01,2015-09-30,0
2015-10-29,64190,2015-03-31,2,,,,,,,,,,,,,,,,,,,,,,,,,,,,,,,,,,,18607971,false,false,6,2014-04-01,2014-09-30,-1
2016-02-01,64190,2016-03-31,3,19250000000,-0.089,,,,,3438000000,-0.166,3707000000,-0.143,,2458000000,,142.76,,,,,,57172000000,47704000000,0.834,2839.79,47704000000,,,,,,,,,,,,true,false,9,2015-04-01,2015-12-31,0
2016-02-01,64190,2015-03-31,3,21132000000,0.023,,,,,4121000000,-0.006,4323000000,-0.079,,2679000000,,145.34,,,,,,,,,,,,,,,,,,,,,,true,false,9,2014-04-01,2014-12-31,-1
2016-02-01,64190,2016-03-31,3,30000000000,0.080,,,,,5920000000,0.166,6330000000,0.171,,4170000000,,243.58,,,,,,,,,,,,,,,,,,,,,,true,true,12,2015-04-01,2016-03-31,0
2016-02-01,64190,2015-03-31,3,,,,,,,,,,,,,,,,,,,,60474000000,49687000000,0.822,2745.28,49687000000,,,,,,,,,,,,true,false,12,2014-04-01,2015-03-31,-1
2016-02-01,64190,2015-03-31,3,,,,,,,,,,,,,,,,,,,,,,,,,,,,,65.00,,,,22720000,4620912,,false,false,12,2014-04-01,2015-03-31,-1
2016-02-01,64190,2016-03-31,3,,,,,,,,,,,,,,,,,,,,,,,,,,,,,30.00,,,,,,,false,false,12,2015-04-01,2016-03-31,0
2016-02-01,64190,2016-03-31,3,,,,,,,,,,,,,,,,,,,,,,,,,,,,,60.00,,,,,,,false,true,12,2015-04-01,2016-03-31,0
2016-02-01,64190,2016-03-31,3,,,,,,,,,,,,,,,,,,,,,,,,,,,,,,,,,22720000,5921312,17224273,false,false,9,2015-04-01,2015-12-31,0
2016-02-01,64190,2015-03-31,3,,,,,,,,,,,,,,,,,,,,,,,,,,,,,,,,,,,18437766,false,false,9,2014-04-01,2014-12-31,-1
2016-04-01,64190,2016-03-31,,26440000000,-0.119,,,,,4470000000,-0.245,4840000000,-0.235,,3070000000,,179.43,,,,,,,,,,,,,,,,,,,,,,true,true,12,2015-04-01,2016-03-31,0
2016-04-01,64190,2015-03-31,,27767000000,,,,,,5079000000,,5407000000,,,3547000000,,193.27,,,,,,,,,,,,,,,,,,,,,,true,false,12,2014-04-01,2015-03-31,-1
2016-04-01,64190,2016-03-31,,16800000000,-0.138,,,,,1480000000,-0.413,3350000000,-0.237,2660000000,,-0.236,155.47,,,,,,,,,,,,,,,,,,,,,,false,true,12,2015-04-01,2016-03-31,0
2016-04-01,64190,2015-03-31,,19442000000,,,,,,2495000000,,4315000000,,3491000000,,,190.24,,,,,,,,,,,,,,,,,,,,,,false,false,12,2014-04-01,2015-03-31,-1
2016-05-13,64190,2016-03-31,,26442000000,-0.048,,,,,4431000000,-0.127,4806000000,-0.111,,2995000000,,175.11,,0.061,0.081,0.168,,57852000000,47755000000,0.825,2858.44,47755000000,5080000000,-4316000000,-3721000000,19315000000,,0.343,,,,,,true,false,12,2015-04-01,2016-03-31,0
2016-05-13,64190,2015-03-31,,27767000000,0.015,,,,,5079000000,-0.039,5407000000,-0.080,,3547000000,,193.27,,0.071,0.088,0.183,,60474000000,49687000000,0.822,2745.28,49687000000,2354000000,202000000,-2906000000,22217000000,,0.336,,,,,,true,false,12,2014-04-01,2015-03-31,-1
2016-05-13,64190,2017-03-31,,13800000000,0.092,,,,,2270000000,-0.040,2520000000,-0.044,,1610000000,,96.37,,,,,,,,,,,,,,,,,,,,,,true,true,6,2016-04-01,2016-09-30,1
2016-05-13,64190,2017-03-31,,30200000000,0.142,,,,,5600000000,0.264,6100000000,0.269,,3970000000,,237.63,,,,,,,,,,,,,,,,0.295,,,,,,true,true,12,2016-04-01,2017-03-31,1
2016-05-13,64190,2016-03-31,,16807000000,-0.136,,,,,1439000000,-0.423,3308000000,-0.233,2598000000,,-0.256,151.86,,,,,,38927000000,35028000000,0.900,2096.68,35028000000,,,,,60.00,,,,22720000,6013112,17108845,false,false,12,2015-04-01,2016-03-31,0
2016-05-13,64190,2015-03-31,,19442000000,0.023,,,,,2495000000,-0.082,4315000000,-0.057,3491000000,,-0.131,190.24,,,,,,41920000000,37336000000,0.891,2062.90,37336000000,,,,,65.00,,,,22720000,4620912,18354256,false,false,12,2014-04-01,2015-03-31,-1
2016-05-13,64190,2017-03-31,,8500000000,0.028,,,,,651000000,-0.250,2403000000,-0.072,2033000000,,-0.119,121.69,,,,,,,,,,,,,,,,,,,,,,false,true,6,2016-04-01,2016-09-30,1
2016-05-13,64190,2017-03-31,,18500000000,0.101,,,,,1960000000,0.362,3910000000,0.182,3000000000,,0.155,179.57,,,,,,,,,,,,,,,70.00,,,,,,,false,true,12,2016-04-01,2017-03-31,1
2016-07-28,64190,2017-03-31,1,5955000000,-0.061,,,,,940000000,-0.245,1095000000,-0.243,,711000000,,42.59,,,,,,56868000000,47435000000,0.834,2840.44,47435000000,,,,,,,,,,,,true,false,3,2016-04-01,2016-06-30,0
2016-07-28,64190,2016-03-31,1,6344000000,-0.027,,,,,1245000000,0.083,1447000000,0.093,,931000000,,51.50,,,,,,,,,,,,,,,,,,,,,,true,false,3,2015-04-01,2015-06-30,-1
2016-07-28,64190,2017-03-31,1,13800000000,0.092,,,,,2270000000,-0.040,2520000000,-0.044,,1610000000,,96.37,,,,,,,,,,,,,,,,,,,,,,true,true,6,2016-04-01,2016-09-30,0
2016-07-28,64190,2017-03-31,1,30200000000,0.142,,,,,5600000000,0.264,6100000000,0.269,,3970000000,,237.63,,,,,,,,,,,,,,,,,,,,,,true,true,12,2016-04-01,2017-03-31,0
2016-07-28,64190,2016-03-31,1,,,,,,,,,,,,,,,,,,,,57852000000,47755000000,0.825,2858.44,47755000000,,,,,,,,,,,,true,false,12,2015-04-01,2016-03-31,-1
2016-07-28,64190,2016-03-31,1,,,,,,,,,,,,,,,,,,,,,,,,,,,,,60.00,,,,22720000,6013112,,false,false,12,2015-04-01,2016-03-31,-1
2016-07-28,64190,2017-03-31,1,,,,,,,,,,,,,,,,,,,,,,,,,,,,,70.00,,,,,,,false,true,12,2016-04-01,2017-03-31,0
2016-07-28,64190,2017-03-31,1,,,,,,,,,,,,,,,,,,,,,,,,,,,,,,,,,22720000,6019812,16700987,false,false,3,2016-04-01,2016-06-30,0
2016-07-28,64190,2016-03-31,1,,,,,,,,,,,,,,,,,,,,,,,,,,,,,,,,,,,18084798,false,false,3,2015-04-01,2015-06-30,-1
2016-09-30,64190,2017-03-31,,11660000000,-0.155,,,,,1830000000,-0.194,2000000000,-0.206,1360000000,,-0.155,81.43,,,,,,,,,,,,,,,,,,,,,,true,true,6,2016-04-01,2016-09-30,0
2016-09-30,64190,2016-03-31,,12634000000,,,,,,2363000000,,2636000000,,1787000000,,,102.49,,,,,,,,,,,,,,,,,,,,,,true,false,6,2015-04-01,2015-09-30,-1
2016-09-30,64190,2017-03-31,,26200000000,-0.132,,,,,4200000000,-0.250,4500000000,-0.262,,2900000000,,173.65,,,,,,,,,,,,,,,,,,,,,,true,true,12,2016-04-01,2017-03-31,0
2016-09-30,64190,2016-03-31,,26442000000,,,,,,4431000000,,4806000000,,,2995000000,,175.11,,,,,,,,,,,,,,,,,,,,,,true,false,12,2015-04-01,2016-03-31,-1
2016-09-30,64190,2017-03-31,,6880000000,-0.191,,,,,340000000,-0.478,2000000000,-0.168,1890000000,,-0.070,113.17,,,,,,,,,,,,,,,,,,,,,,false,true,6,2016-04-01,2016-09-30,0
2016-09-30,64190,2016-03-31,,8266000000,,,,,,868000000,,2588000000,,2308000000,,,132.40,,,,,,,,,,,,,,,,,,,,,,false,false,6,2015-04-01,2015-09-30,-1
2016-09-30,64190,2017-03-31,,15000000000,-0.189,,,,,720000000,-0.633,2550000000,-0.348,2040000000,,-0.320,122.15,,,,,,,,,,,,,,,,,,,,,,false,true,12,2016-04-01,2017-03-31,0
2016-09-30,64190,2016-03-31,,16807000000,,,,,,1439000000,,3308000000,,2598000000,,,151.86,,,,,,,,,,,,,,,,,,,,,,false,false,12,2015-04-01,2016-03-31,-1
2016-10-28,64190,2017-03-31,2,11732000000,-0.071,,,,,1943000000,-0.178,2118000000,-0.197,,1418000000,,84.94,,,,,,57070000000,48366000000,0.847,2896.17,48366000000,,,,,,,,,,,,true,false,6,2016-04-01,2016-09-30,0
2016-10-28,64190,2016-03-31,2,12634000000,-0.043,,,,,2363000000,0.013,2636000000,0.050,,1787000000,,102.49,,,,,,,,,,,,,,,,,,,,,,true,false,6,2015-04-01,2015-09-30,-1
2016-10-28,64190,2017-03-31,2,26200000000,-0.009,,,,,4200000000,-0.052,4500000000,-0.064,,2900000000,,173.65,,,,,,,,,,,,,,,,,,,,,,true,true,12,2016-04-01,2017-03-31,0
2016-10-28,64190,2016-03-31,2,,,,,,,,,,,,,,,,,,,,57852000000,47755000000,0.825,2858.44,47755000000,,,,,,,,,,,,true,false,12,2015-04-01,2016-03-31,-1
2016-10-28,64190,2016-03-31,2,,,,,,,,,,,,,,,,,,,,,,,,,,,,,60.00,,,,22720000,6013112,,false,false,12,2015-04-01,2016-03-31,-1
2016-10-28,64190,2017-03-31,2,,,,,,,,,,,,,,,,,,,,,,,,,,,,,35.00,,,,,,,false,false,12,2016-04-01,2017-03-31,0
2016-10-28,64190,2017-03-31,2,,,,,,,,,,,,,,,,,,,,,,,,,,,,,70.00,,,,,,,false,true,12,2016-04-01,2017-03-31,0
2016-10-28,64190,2017-03-31,2,,,,,,,,,,,,,,,,,,,,,,,,,,,,,,,,,22720000,6019812,16700585,false,false,6,2016-04-01,2016-09-30,0
2016-10-28,64190,2016-03-31,2,,,,,,,,,,,,,,,,,,,,,,,,,,,,,,,,,,,17438229,false,false,6,2015-04-01,2015-09-30,-1
2017-01-31,64190,2017-03-31,3,18973000000,-0.014,,,,,3418000000,-0.006,3697000000,-0.003,,2946000000,,176.46,,,,,,59907000000,50354000000,0.841,3015.23,50354000000,,,,,,,,,,,,true,false,9,2016-04-01,2016-12-31,0
2017-01-31,64190,2016-03-31,3,19250000000,-0.089,,,,,3438000000,-0.166,3707000000,-0.143,,2458000000,,142.76,,,,,,,,,,,,,,,,,,,,,,true,false,9,2015-04-01,2015-12-31,-1
2017-01-31,64190,2017-03-31,3,26200000000,-0.009,,,,,4200000000,-0.052,4500000000,-0.064,,2900000000,,173.65,,,,,,,,,,,,,,,,,,,,,,true,true,12,2016-04-01,2017-03-31,0
2017-01-31,64190,2016-03-31,3,,,,,,,,,,,,,,,,,,,,57852000000,47755000000,0.825,2858.44,47755000000,,,,,,,,,,,,true,false,12,2015-04-01,2016-03-31,-1
2017-01-31,64190,2016-03-31,3,,,,,,,,,,,,,,,,,,,,,,,,,,,,,60.00,,,,22720000,6013112,,false,false,12,2015-04-01,2016-03-31,-1
2017-01-31,64190,2017-03-31,3,,,,,,,,,,,,,,,,,,,,,,,,,,,,,35.00,,,,,,,false,false,12,2016-04-01,2017-03-31,0
2017-01-31,64190,2017-03-31,3,,,,,,,,,,,,,,,,,,,,,,,,,,,,,70.00,,,,,,,false,true,12,2016-04-01,2017-03-31,0
2017-01-31,64190,2017-03-31,3,,,,,,,,,,,,,,,,,,,,,,,,,,,,,,,,,22720000,6019812,16700452,false,false,9,2016-04-01,2016-12-31,0
2017-01-31,64190,2016-03-31,3,,,,,,,,,,,,,,,,,,,,,,,,,,,,,,,,,,,17224273,false,false,9,2015-04-01,2015-12-31,-1
2017-05-12,64190,2017-03-31,,25071000000,-0.052,,,,,4313000000,-0.027,4695000000,-0.023,,3618000000,,216.68,,0.073,0.079,0.172,,60623000000,51195000000,0.844,3065.55,51195000000,4061000000,3167000000,-1103000000,25444000000,,0.323,,,,,,true,false,12,2016-04-01,2017-03-31,0
2017-05-12,64190,2016-03-31,,26442000000,-0.048,,,,,4431000000,-0.127,4806000000,-0.111,,2995000000,,175.11,,0.061,0.081,0.168,,57852000000,47755000000,0.825,2858.44,47755000000,5080000000,-4316000000,-3721000000,19315000000,,0.343,,,,,,true,false,12,2015-04-01,2016-03-31,-1
2017-05-12,64190,2018-03-31,,13800000000,0.176,,,,,1900000000,-0.022,2100000000,-0.009,,1400000000,,83.83,,,,,,,,,,,,,,,,,,,,,,true,true,6,2017-04-01,2017-09-30,1
2017-05-12,64190,2018-03-31,,28700000000,0.145,,,,,5000000000,0.159,5300000000,0.129,,3500000000,,209.58,,,,,,,,,,,,,,,,0.334,,,,,,true,true,12,2017-04-01,2018-03-31,1
2017-05-12,64190,2017-03-31,,14515000000,-0.136,,,,,1099000000,-0.236,2991000000,-0.096,3026000000,,0.165,181.23,,,,,,41646000000,37753000000,0.907,2260.67,37753000000,,,,,70.00,,,,22720000,6019812,16700387,false,false,12,2016-04-01,2017-03-31,0
2017-05-12,64190,2016-03-31,,16807000000,-0.136,,,,,1439000000,-0.423,3308000000,-0.233,2598000000,,-0.256,151.86,,,,,,38927000000,35028000000,0.900,2096.68,35028000000,,,,,60.00,,,,22720000,6013112,17108845,false,false,12,2015-04-01,2016-03-31,-1
2017-05-12,64190,2018-03-31,,7700000000,0.117,,,,,500000000,0.192,2140000000,0.019,1916000000,,-0.013,114.73,,,,,,,,,,,,,,,,,,,,,,false,true,6,2017-04-01,2017-09-30,1
2017-05-12,64190,2018-03-31,,17000000000,0.171,,,,,1700000000,0.546,3480000000,0.163,2800000000,,-0.075,167.66,,,,,,,,,,,,,,,70.00,,,,,,,false,true,12,2017-04-01,2018-03-31,1
2017-07-28,64190,2018-03-31,1,5283000000,-0.113,,,,,379000000,-0.596,528000000,-0.518,,320000000,,19.17,,,,,,59945000000,50918000000,0.849,3048.99,50918000000,,,,,,,,,,,,true,false,3,2017-04-01,2017-06-30,0
2017-07-28,64190,2017-03-31,1,5955000000,-0.061,,,,,940000000,-0.245,1095000000,-0.243,,711000000,,42.59,,,,,,,,,,,,,,,,,,,,,,true,false,3,2016-04-01,2016-06-30,-1
2017-07-28,64190,2018-03-31,1,13800000000,0.176,,,,,1900000000,-0.022,2100000000,-0.009,,1400000000,,83.83,,,,,,,,,,,,,,,,,,,,,,true,true,6,2017-04-01,2017-09-30,0
2017-07-28,64190,2018-03-31,1,28700000000,0.145,,,,,5000000000,0.159,5300000000,0.129,,3500000000,,209.58,,,,,,,,,,,,,,,,,,,,,,true,true,12,2017-04-01,2018-03-31,0
2017-07-28,64190,2017-03-31,1,,,,,,,,,,,,,,,,,,,,60623000000,51195000000,0.844,3065.55,51195000000,,,,,,,,,,,,true,false,12,2016-04-01,2017-03-31,-1
2017-07-28,64190,2017-03-31,1,,,,,,,,,,,,,,,,,,,,,,,,,,,,,70.00,,,,22720000,6019812,,false,false,12,2016-04-01,2017-03-31,-1
2017-07-28,64190,2018-03-31,1,,,,,,,,,,,,,,,,,,,,,,,,,,,,,70.00,,,,,,,false,true,12,2017-04-01,2018-03-31,0
2017-07-28,64190,2018-03-31,1,,,,,,,,,,,,,,,,,,,,,,,,,,,,,,,,,22720000,6019857,16700167,false,false,3,2017-04-01,2017-06-30,0
2017-07-28,64190,2017-03-31,1,,,,,,,,,,,,,,,,,,,,,,,,,,,,,,,,,,,16700987,false,false,3,2016-04-01,2016-06-30,-1
2017-10-16,64190,2018-03-31,,11350000000,-0.178,,,,,1310000000,-0.311,1470000000,-0.300,,930000000,,55.69,,,,,,,,,,,,,,,,,,,,,,true,true,6,2017-04-01,2017-09-30,0
2017-10-16,64190,2017-03-31,,11732000000,,,,,,1943000000,,2118000000,,,1418000000,,84.94,,,,,,,,,,,,,,,,,,,,,,true,false,6,2016-04-01,2016-09-30,-1
2017-10-16,64190,2018-03-31,,25000000000,-0.129,,,,,4000000000,-0.200,4300000000,-0.189,,2700000000,,161.68,,,,,,,,,,,,,,,,,,,,,,true,true,12,2017-04-01,2018-03-31,0
2017-10-16,64190,2017-03-31,,25071000000,,,,,,4313000000,,4695000000,,,3618000000,,216.68,,,,,,,,,,,,,,,,,,,,,,true,false,12,2016-04-01,2017-03-31,-1
2017-10-16,64190,2018-03-31,,5680000000,-0.262,,,,,30000000,-0.940,1670000000,-0.220,1590000000,,-0.170,95.21,,,,,,,,,,,,,,,,,,,,,,false,true,6,2017-04-01,2017-09-30,0
2017-10-16,64190,2017-03-31,,6893000000,,,,,,419000000,,2099000000,,1941000000,,,116.25,,,,,,,,,,,,,,,,,,,,,,false,false,6,2016-04-01,2016-09-30,-1
2017-10-16,64190,2018-03-31,,14000000000,-0.176,,,,,800000000,-0.529,2600000000,-0.253,2100000000,,-0.250,125.75,,,,,,,,,,,,,,,,,,,,,,false,true,12,2017-04-01,2018-03-31,0
2017-10-16,64190,2017-03-31,,14515000000,,,,,,1099000000,,2991000000,,3026000000,,,181.23,,,,,,,,,,,,,,,,,,,,,,false,false,12,2016-04-01,2017-03-31,-1
2017-10-27,64190,2018-03-31,2,11359000000,-0.032,,,,,1315000000,-0.323,1470000000,-0.306,,941000000,,56.37,,,,,,59665000000,51291000000,0.860,3071.30,51291000000,,,,,,,,,,,,true,false,6,2017-04-01,2017-09-30,0
2017-10-27,64190,2017-03-31,2,11732000000,-0.071,,,,,1943000000,-0.178,2118000000,-0.197,,1418000000,,84.94,,,,,,,,,,,,,,,,,,,,,,true,false,6,2016-04-01,2016-09-30,-1
2017-10-27,64190,2018-03-31,2,25000000000,-0.003,,,,,4000000000,-0.073,4300000000,-0.084,,2700000000,,161.68,,,,,,,,,,,,,,,,,,,,,,true,true,12,2017-04-01,2018-03-31,0
2017-10-27,64190,2017-03-31,2,,,,,,,,,,,,,,,,,,,,60623000000,51195000000,0.844,3065.55,51195000000,,,,,,,,,,,,true,false,12,2016-04-01,2017-03-31,-1
2017-10-27,64190,2017-03-31,2,,,,,,,,,,,,,,,,,,,,,,,,,,,,,70.00,,,,22720000,6019812,,false,false,12,2016-04-01,2017-03-31,-1
2017-10-27,64190,2018-03-31,2,,,,,,,,,,,,,,,,,,,,,,,,,,,,,35.00,,,,,,,false,false,12,2017-04-01,2018-03-31,0
2017-10-27,64190,2018-03-31,2,,,,,,,,,,,,,,,,,,,,,,,,,,,,,70.00,,,,,,,false,true,12,2017-04-01,2018-03-31,0
2017-10-27,64190,2018-03-31,2,,,,,,,,,,,,,,,,,,,,,,,,,,,,,,,,,22720000,6019857,16700155,false,false,6,2017-04-01,2017-09-30,0
2017-10-27,64190,2017-03-31,2,,,,,,,,,,,,,,,,,,,,,,,,,,,,,,,,,,,16700585,false,false,6,2016-04-01,2016-09-30,-1
2018-01-31,64190,2018-03-31,3,18264000000,-0.037,,,,,2719000000,-0.204,2934000000,-0.206,,1915000000,,114.69,,,,,,60227000000,51748000000,0.859,3098.71,51748000000,,,,,,,,,,,,true,false,9,2017-04-01,2017-12-31,0
2018-01-31,64190,2017-03-31,3,18973000000,-0.014,,,,,3418000000,-0.006,3697000000,-0.003,,2946000000,,176.46,,,,,,,,,,,,,,,,,,,,,,true,false,9,2016-04-01,2016-12-31,-1
2018-01-31,64190,2018-03-31,3,25000000000,-0.003,,,,,4000000000,-0.073,4300000000,-0.084,,2700000000,,161.68,,,,,,,,,,,,,,,,,,,,,,true,true,12,2017-04-01,2018-03-31,0
2018-01-31,64190,2017-03-31,3,,,,,,,,,,,,,,,,,,,,60623000000,51195000000,0.844,3065.55,51195000000,,,,,,,,,,,,true,false,12,2016-04-01,2017-03-31,-1
2018-01-31,64190,2017-03-31,3,,,,,,,,,,,,,,,,,,,,,,,,,,,,,70.00,,,,22720000,6019812,,false,false,12,2016-04-01,2017-03-31,-1
2018-01-31,64190,2018-03-31,3,,,,,,,,,,,,,,,,,,,,,,,,,,,,,35.00,,,,,,,false,false,12,2017-04-01,2018-03-31,0
2018-01-31,64190,2018-03-31,3,,,,,,,,,,,,,,,,,,,,,,,,,,,,,70.00,,,,,,,false,true,12,2017-04-01,2018-03-31,0
2018-01-31,64190,2018-03-31,3,,,,,,,,,,,,,,,,,,,,,,,,,,,,,,,,,22720000,6019917,16700136,false,false,9,2017-04-01,2017-12-31,0
2018-01-31,64190,2017-03-31,3,,,,,,,,,,,,,,,,,,,,,,,,,,,,,,,,,,,16700452,false,false,9,2016-04-01,2016-12-31,-1
2018-04-06,64190,2018-03-31,,23400000000,-0.064,,,,,3450000000,-0.138,3750000000,-0.128,,2550000000,,152.69,,,,,,,,,,,,,,,,,,,,,,true,true,12,2017-04-01,2018-03-31,0
2018-04-06,64190,2017-03-31,,25071000000,,,,,,4313000000,,4695000000,,,3618000000,,216.68,,,,,,,,,,,,,,,,,,,,,,true,false,12,2016-04-01,2017-03-31,-1
2018-04-06,64190,2018-03-31,,12000000000,-0.143,,,,,390000000,-0.513,2150000000,-0.173,2050000000,,-0.024,122.75,,,,,,,,,,,,,,,,,,,,,,false,true,12,2017-04-01,2018-03-31,0
2018-04-06,64190,2017-03-31,,14515000000,,,,,,1099000000,,2991000000,,3026000000,,,181.23,,,,,,,,,,,,,,,,,,,,,,false,false,12,2016-04-01,2017-03-31,-1
2018-05-14,64190,2018-03-31,,23427000000,-0.066,,,,,3517000000,-0.185,3836000000,-0.183,,2608000000,,156.20,,0.050,0.063,0.150,,60644000000,52254000000,0.862,3128.99,52254000000,1973000000,-2319000000,-1161000000,23933000000,,0.448,,,,,,true,false,12,2017-04-01,2018-03-31,0
2018-05-14,64190,2017-03-31,,25071000000,-0.052,,,,,4313000000,-0.027,4695000000,-0.023,,3618000000,,216.68,,0.073,0.079,0.172,,60623000000,51195000000,0.844,3065.55,51195000000,4061000000,3167000000,-1103000000,25444000000,,0.323,,,,,,true,false,12,2016-04-01,2017-03-31,-1
2018-05-14,64190,2019-03-31,,12300000000,0.083,,,,,1930000000,0.468,2130000000,0.449,,1380000000,,82.63,,,,,,,,,,,,,,,,,,,,,,true,true,6,2018-04-01,2018-09-30,1
2018-05-14,64190,2019-03-31,,26300000000,0.123,,,,,4700000000,0.336,5100000000,0.329,,3350000000,,200.60,,,,,,,,,,,,,,,,0.349,,,,,,true,true,12,2018-04-01,2019-03-31,1
2018-05-14,64190,2018-03-31,,12002000000,-0.173,,,,,428000000,-0.610,2232000000,-0.254,2126000000,,-0.298,127.31,,,,,,41226000000,38189000000,0.926,2286.80,38189000000,,,,,70.00,,,,22720000,6019964,16700121,false,false,12,2017-04-01,2018-03-31,0
2018-05-14,64190,2017-03-31,,14515000000,-0.136,,,,,1099000000,-0.236,2991000000,-0.096,3026000000,,0.165,181.23,,,,,,41646000000,37753000000,0.907,2260.67,37753000000,,,,,70.00,,,,22720000,6019812,16700387,false,false,12,2016-04-01,2017-03-31,-1
2018-05-14,64190,2019-03-31,,,,,,,,,,,,,,,,,,,,,,,,,,,,,,70.00,,,,,,,false,true,12,2018-04-01,2019-03-31,1
2018-07-31,64190,2019-03-31,1,6089000000,0.152,,,,,1072000000,1.826,1272000000,1.409,,198000000,,11.87,,,,,,61028000000,51781000000,0.848,3100.70,51781000000,,,,,,,,,,,,true,false,3,2018-04-01,2018-06-30,0
2018-07-31,64190,2018-03-31,1,5283000000,-0.113,,,,,379000000,-0.596,528000000,-0.518,,320000000,,19.17,,,,,,,,,,,,,,,,,,,,,,true,false,3,2017-04-01,2017-06-30,-1
2018-07-31,64190,2019-03-31,1,12300000000,0.083,,,,,1930000000,0.468,2130000000,0.449,,1380000000,,82.63,,,,,,,,,,,,,,,,,,,,,,true,true,6,2018-04-01,2018-09-30,0
2018-07-31,64190,2019-03-31,1,26300000000,0.123,,,,,4700000000,0.336,5100000000,0.329,,3350000000,,200.60,,,,,,,,,,,,,,,,,,,,,,true,true,12,2018-04-01,2019-03-31,0
2018-07-31,64190,2018-03-31,1,,,,,,,,,,,,,,,,,,,,60644000000,52254000000,0.862,3128.99,52254000000,,,,,,,,,,,,true,false,12,2017-04-01,2018-03-31,-1
2018-07-31,64190,2018-03-31,1,,,,,,,,,,,,,,,,,,,,,,,,,,,,,70.00,,,,22720000,6019964,,false,false,12,2017-04-01,2018-03-31,-1
2018-07-31,64190,2019-03-31,1,,,,,,,,,,,,,,,,,,,,,,,,,,,,,70.00,,,,,,,false,true,12,2018-04-01,2019-03-31,0
2018-07-31,64190,2019-03-31,1,,,,,,,,,,,,,,,,,,,,,,,,,,,,,,,,,22720000,6019964,16700036,false,false,3,2018-04-01,2018-06-30,0
2018-07-31,64190,2018-03-31,1,,,,,,,,,,,,,,,,,,,,,,,,,,,,,,,,,,,16700167,false,false,3,2017-04-01,2017-06-30,-1
2018-10-15,64190,2019-03-31,,11800000000,-0.041,,,,,2210000000,0.145,2430000000,0.141,,840000000,,50.30,,,,,,,,,,,,,,,,,,,,,,true,true,6,2018-04-01,2018-09-30,0
2018-10-15,64190,2018-03-31,,11359000000,,,,,,1315000000,,1470000000,,,941000000,,56.37,,,,,,,,,,,,,,,,,,,,,,true,false,6,2017-04-01,2017-09-30,-1
2018-10-30,64190,2019-03-31,2,11796000000,0.038,,,,,2215000000,0.685,2437000000,0.658,,864000000,,51.79,,,,,,59321000000,52266000000,0.881,3129.74,52266000000,,,,,,,,,,,,true,false,6,2018-04-01,2018-09-30,0
2018-10-30,64190,2018-03-31,2,11359000000,-0.032,,,,,1315000000,-0.323,1470000000,-0.306,,941000000,,56.37,,,,,,,,,,,,,,,,,,,,,,true,false,6,2017-04-01,2017-09-30,-1
2018-10-30,64190,2019-03-31,2,26300000000,0.123,,,,,4700000000,0.336,5100000000,0.329,,3350000000,,200.60,,,,,,,,,,,,,,,,,,,,,,true,true,12,2018-04-01,2019-03-31,0
2018-10-30,64190,2018-03-31,2,,,,,,,,,,,,,,,,,,,,60644000000,52254000000,0.862,3128.99,52254000000,,,,,,,,,,,,true,false,12,2017-04-01,2018-03-31,-1
2018-10-30,64190,2018-03-31,2,,,,,,,,,,,,,,,,,,,,,,,,,,,,,70.00,,,,22720000,6019964,,false,false,12,2017-04-01,2018-03-31,-1
2018-10-30,64190,2019-03-31,2,,,,,,,,,,,,,,,,,,,,,,,,,,,,,45.00,,,,,,,false,false,12,2018-04-01,2019-03-31,0
2018-10-30,64190,2019-03-31,2,,,,,,,,,,,,,,,,,,,,,,,,,,,,,80.00,,,,,,,false,true,12,2018-04-01,2019-03-31,0
2018-10-30,64190,2019-03-31,2,,,,,,,,,,,,,,,,,,,,,,,,,,,,,,,,,22720000,6019964,16700036,false,false,6,2018-04-01,2018-09-30,0
2018-10-30,64190,2018-03-31,2,,,,,,,,,,,,,,,,,,,,,,,,,,,,,,,,,,,16700155,false,false,6,2017-04-01,2017-09-30,-1
2019-01-31,64190,2019-03-31,3,18501000000,0.013,,,,,3701000000,0.361,3986000000,0.359,,1294000000,,77.49,,,,,,59191000000,51611000000,0.872,3090.49,51611000000,,,,,,,,,,,,true,false,9,2018-04-01,2018-12-31,0
2019-01-31,64190,2018-03-31,3,18264000000,-0.037,,,,,2719000000,-0.204,2934000000,-0.206,,1915000000,,114.69,,,,,,,,,,,,,,,,,,,,,,true,false,9,2017-04-01,2017-12-31,-1
2019-01-31,64190,2019-03-31,3,26300000000,0.123,,,,,4700000000,0.336,5100000000,0.329,,3350000000,,200.60,,,,,,,,,,,,,,,,,,,,,,true,true,12,2018-04-01,2019-03-31,0
2019-01-31,64190,2018-03-31,3,,,,,,,,,,,,,,,,,,,,60644000000,52254000000,0.862,3128.99,52254000000,,,,,,,,,,,,true,false,12,2017-04-01,2018-03-31,-1
2019-01-31,64190,2018-03-31,3,,,,,,,,,,,,,,,,,,,,,,,,,,,,,70.00,,,,22720000,6019964,,false,false,12,2017-04-01,2018-03-31,-1
2019-01-31,64190,2019-03-31,3,,,,,,,,,,,,,,,,,,,,,,,,,,,,,45.00,,,,,,,false,false,12,2018-04-01,2019-03-31,0
2019-01-31,64190,2019-03-31,3,,,,,,,,,,,,,,,,,,,,,,,,,,,,,80.00,,,,,,,false,true,12,2018-04-01,2019-03-31,0
2019-01-31,64190,2019-03-31,3,,,,,,,,,,,,,,,,,,,,,,,,,,,,,,,,,22720000,6019964,16700036,false,false,9,2018-04-01,2018-12-31,0
2019-01-31,64190,2018-03-31,3,,,,,,,,,,,,,,,,,,,,,,,,,,,,,,,,,,,16700136,false,false,9,2017-04-01,2017-12-31,-1
2019-01-31,64190,2019-03-31,3,18501000000,0.013,,,,,3701000000,0.361,3986000000,0.359,,1652000000,,98.97,,,,,,59549000000,51970000000,0.873,3111.97,51970000000,,,,,,,,,,,,true,false,9,2018-04-01,2018-12-31,0
2019-01-31,64190,2018-03-31,3,18264000000,-0.037,,,,,2719000000,-0.204,2934000000,-0.206,,1915000000,,114.69,,,,,,,,,,,,,,,,,,,,,,true,false,9,2017-04-01,2017-12-31,-1
2019-01-31,64190,2019-03-31,3,26300000000,0.123,,,,,4700000000,0.336,5100000000,0.329,,3350000000,,200.60,,,,,,,,,,,,,,,,,,,,,,true,true,12,2018-04-01,2019-03-31,0
2019-01-31,64190,2018-03-31,3,,,,,,,,,,,,,,,,,,,,60644000000,52254000000,0.862,3128.99,52254000000,,,,,,,,,,,,true,false,12,2017-04-01,2018-03-31,-1
2019-01-31,64190,2018-03-31,3,,,,,,,,,,,,,,,,,,,,,,,,,,,,,70.00,,,,22720000,6019964,,false,false,12,2017-04-01,2018-03-31,-1
2019-01-31,64190,2019-03-31,3,,,,,,,,,,,,,,,,,,,,,,,,,,,,,45.00,,,,,,,false,false,12,2018-04-01,2019-03-31,0
2019-01-31,64190,2019-03-31,3,,,,,,,,,,,,,,,,,,,,,,,,,,,,,80.00,,,,,,,false,true,12,2018-04-01,2019-03-31,0
2019-01-31,64190,2019-03-31,3,,,,,,,,,,,,,,,,,,,,,,,,,,,,,,,,,22720000,6019964,16700036,false,false,9,2018-04-01,2018-12-31,0
2019-01-31,64190,2018-03-31,3,,,,,,,,,,,,,,,,,,,,,,,,,,,,,,,,,,,16700136,false,false,9,2017-04-01,2017-12-31,-1
2019-05-20,64190,2019-03-31,,24345000000,0.039,,,,,4691000000,0.334,5104000000,0.330,,1094000000,,65.57,,0.021,0.085,0.193,,59220000000,51204000000,0.865,3066.15,51204000000,3652000000,-3056000000,-1334000000,23200000000,,1.220,,,,,,true,false,12,2018-04-01,2019-03-31,0
2019-05-20,64190,2018-03-31,,23427000000,-0.066,,,,,3517000000,-0.185,3836000000,-0.183,,2608000000,,156.20,,0.050,0.063,0.150,,60644000000,52254000000,0.862,3128.99,52254000000,1973000000,-2319000000,-1161000000,23933000000,,0.448,,,,,,true,false,12,2017-04-01,2018-03-31,-1
2019-05-20,64190,2020-03-31,,12000000000,0.017,,,,,1900000000,-0.143,2000000000,-0.179,,1300000000,,77.84,,,,,,,,,,,,,,,,,,,,,,true,true,6,2019-04-01,2019-09-30,1
2019-05-20,64190,2020-03-31,,26000000000,0.068,,,,,4700000000,0.002,5200000000,0.019,,3200000000,,191.62,,,,,,,,,,,,,,,,0.417,,,,,,true,true,12,2019-04-01,2020-03-31,1
2019-05-20,64190,2018-03-31,,,,,,,,,,,,,,,,,,,,,,,,,,,,,,70.00,,,,22720000,6019964,16700121,false,false,12,2017-04-01,2018-03-31,-1
2019-05-20,64190,2019-03-31,,,,,,,,,,,,,,,,,,,,,,,,,,,,,,80.00,,,,22720000,6019964,16700036,false,false,12,2018-04-01,2019-03-31,0
2019-05-20,64190,2020-03-31,,,,,,,,,,,,,,,,,,,,,,,,,,,,,,80.00,,,,,,,false,true,12,2019-04-01,2020-03-31,1
2019-07-31,64190,2020-03-31,1,5304000000,-0.129,,,,,835000000,-0.221,1043000000,-0.180,,703000000,,42.11,,,,,,58934000000,51429000000,0.873,3079.62,51429000000,,,,,,,,,,,,true,false,3,2019-04-01,2019-06-30,0
2019-07-31,64190,2019-03-31,1,6089000000,0.152,,,,,1072000000,1.826,1272000000,1.409,,198000000,,11.87,,,,,,,,,,,,,,,,,,,,,,true,false,3,2018-04-01,2018-06-30,-1
2019-07-31,64190,2020-03-31,1,12000000000,0.017,,,,,1900000000,-0.143,2000000000,-0.179,,1300000000,,77.84,,,,,,,,,,,,,,,,,,,,,,true,true,6,2019-04-01,2019-09-30,0
2019-07-31,64190,2020-03-31,1,26000000000,0.068,,,,,4700000000,0.002,5200000000,0.019,,3200000000,,191.62,,,,,,,,,,,,,,,,,,,,,,true,true,12,2019-04-01,2020-03-31,0
2019-07-31,64190,2019-03-31,1,,,,,,,,,,,,,,,,,,,,59220000000,51204000000,0.865,3066.15,51204000000,,,,,,,,,,,,true,false,12,2018-04-01,2019-03-31,-1
2019-07-31,64190,2019-03-31,1,,,,,,,,,,,,,,,,,,,,,,,,,,,,,80.00,,,,22720000,6019964,,false,false,12,2018-04-01,2019-03-31,-1
2019-07-31,64190,2020-03-31,1,,,,,,,,,,,,,,,,,,,,,,,,,,,,,80.00,,,,,,,false,true,12,2019-04-01,2020-03-31,0
2019-07-31,64190,2020-03-31,1,,,,,,,,,,,,,,,,,,,,,,,,,,,,,,,,,22720000,6020024,16699977,false,false,3,2019-04-01,2019-06-30,0
2019-07-31,64190,2019-03-31,1,,,,,,,,,,,,,,,,,,,,,,,,,,,,,,,,,,,16700036,false,false,3,2018-04-01,2018-06-30,-1
2019-10-15,64190,2020-03-31,,10960000000,-0.087,,,,,1700000000,-0.105,1940000000,-0.030,,890000000,,53.29,,,,,,,,,,,,,,,,,,,,,,true,true,6,2019-04-01,2019-09-30,0
2019-10-15,64190,2019-03-31,,11796000000,,,,,,2215000000,,2437000000,,,864000000,,51.79,,,,,,,,,,,,,,,,,,,,,,true,false,6,2018-04-01,2018-09-30,-1
2019-10-15,64190,2020-03-31,,25000000000,-0.038,,,,,4500000000,-0.043,5100000000,-0.019,,2800000000,,167.66,,,,,,,,,,,,,,,,,,,,,,true,true,12,2019-04-01,2020-03-31,0
2019-10-15,64190,2019-03-31,,24345000000,,,,,,4691000000,,5104000000,,,1094000000,,65.57,,,,,,,,,,,,,,,,,,,,,,true,false,12,2018-04-01,2019-03-31,-1
2019-10-30,64190,2020-03-31,2,10970000000,-0.070,,,,,1710000000,-0.228,1948000000,-0.200,,897000000,,53.76,,,,,,58948000000,51893000000,0.880,3107.39,51893000000,,,,,,,,,,,,true,false,6,2019-04-01,2019-09-30,0
2019-10-30,64190,2019-03-31,2,11796000000,0.038,,,,,2215000000,0.685,2437000000,0.658,,864000000,,51.79,,,,,,,,,,,,,,,,,,,,,,true,false,6,2018-04-01,2018-09-30,-1
2019-10-30,64190,2020-03-31,2,25000000000,0.027,,,,,4500000000,-0.041,5100000000,-0.001,,2800000000,,167.66,,,,,,,,,,,,,,,,,,,,,,true,true,12,2019-04-01,2020-03-31,0
2019-10-30,64190,2019-03-31,2,,,,,,,,,,,,,,,,,,,,59220000000,51204000000,0.865,3066.15,51204000000,,,,,,,,,,,,true,false,12,2018-04-01,2019-03-31,-1
2019-10-30,64190,2019-03-31,2,,,,,,,,,,,,,,,,,,,,,,,,,,,,,80.00,,,,22720000,6019964,,false,false,12,2018-04-01,2019-03-31,-1
2019-10-30,64190,2020-03-31,2,,,,,,,,,,,,,,,,,,,,,,,,,,,,,45.00,,,,,,,false,false,12,2019-04-01,2020-03-31,0
2019-10-30,64190,2020-03-31,2,,,,,,,,,,,,,,,,,,,,,,,,,,,,,80.00,,,,,,,false,true,12,2019-04-01,2020-03-31,0
2019-10-30,64190,2020-03-31,2,,,,,,,,,,,,,,,,,,,,,,,,,,,,,,,,,22720000,6020024,16699976,false,false,6,2019-04-01,2019-09-30,0
2019-10-30,64190,2019-03-31,2,,,,,,,,,,,,,,,,,,,,,,,,,,,,,,,,,,,16700036,false,false,6,2018-04-01,2018-09-30,-1
2020-01-31,64190,2020-03-31,3,17260000000,-0.067,,,,,3014000000,-0.186,3370000000,-0.155,,1830000000,,109.62,,,,,,60104000000,52365000000,0.871,3135.69,52365000000,,,,,,,,,,,,true,false,9,2019-04-01,2019-12-31,0
2020-01-31,64190,2019-03-31,3,18501000000,0.013,,,,,3701000000,0.361,3986000000,0.359,,1652000000,,98.97,,,,,,,,,,,,,,,,,,,,,,true,false,9,2018-04-01,2018-12-31,-1
2020-01-31,64190,2020-03-31,3,25000000000,0.027,,,,,4500000000,-0.041,5100000000,-0.001,,2800000000,,167.66,,,,,,,,,,,,,,,,,,,,,,true,true,12,2019-04-01,2020-03-31,0
2020-01-31,64190,2019-03-31,3,,,,,,,,,,,,,,,,,,,,59220000000,51204000000,0.865,3066.15,51204000000,,,,,,,,,,,,true,false,12,2018-04-01,2019-03-31,-1
2020-01-31,64190,2019-03-31,3,,,,,,,,,,,,,,,,,,,,,,,,,,,,,80.00,,,,22720000,6019964,,false,false,12,2018-04-01,2019-03-31,-1
2020-01-31,64190,2020-03-31,3,,,,,,,,,,,,,,,,,,,,,,,,,,,,,45.00,,,,,,,false,false,12,2019-04-01,2020-03-31,0
2020-01-31,64190,2020-03-31,3,,,,,,,,,,,,,,,,,,,,,,,,,,,,,80.00,,,,,,,false,true,12,2019-04-01,2020-03-31,0
2020-01-31,64190,2020-03-31,3,,,,,,,,,,,,,,,,,,,,,,,,,,,,,,,,,22720000,6020024,16699976,false,false,9,2019-04-01,2019-12-31,0
2020-01-31,64190,2019-03-31,3,,,,,,,,,,,,,,,,,,,,,,,,,,,,,,,,,,,16700036,false,false,9,2018-04-01,2018-12-31,-1
2020-05-20,64190,2020-03-31,,22562000000,-0.073,,,,,3799000000,-0.190,4286000000,-0.160,,2300000000,,137.78,,0.045,0.073,0.168,,58422000000,51439000000,0.880,3080.23,51439000000,4217000000,-3703000000,-1343000000,22371000000,,0.581,,,,,,true,false,12,2019-04-01,2020-03-31,0
2020-05-20,64190,2019-03-31,,24345000000,0.039,,,,,4691000000,0.334,5104000000,0.330,,1094000000,,65.57,,0.021,0.085,0.193,,59220000000,51204000000,0.865,3066.15,51204000000,3652000000,-3056000000,-1334000000,23200000000,,1.220,,,,,,true,false,12,2018-04-01,2019-03-31,-1
2020-05-20,64190,2019-03-31,,,,,,,,,,,,,,,,,,,,,,,,,,,,,,80.00,,,,22720000,6019964,16700036,false,false,12,2018-04-01,2019-03-31,-1
2020-05-20,64190,2020-03-31,,,,,,,,,,,,,,,,,,,,,,,,,,,,,,80.00,,,,22720000,6020024,16699976,false,false,12,2019-04-01,2020-03-31,0
2020-05-20,64190,2021-03-31,,,,,,,,,,,,,,,,,,,,,,,,,,,,,,70.00,,,,,,,false,true,12,2020-04-01,2021-03-31,1
2020-07-31,64190,2021-03-31,1,3262000000,-0.385,,,,,-169000000,,10000000,-0.989,,3000000,,0.21,,,,,,57031000000,50914000000,0.893,3048.78,50914000000,,,,,,,,,,,,true,false,3,2020-04-01,2020-06-30,0
2020-07-31,64190,2020-03-31,1,5304000000,-0.129,,,,,835000000,-0.221,1043000000,-0.180,,703000000,,42.11,,,,,,,,,,,,,,,,,,,,,,true,false,3,2019-04-01,2019-06-30,-1
2020-07-31,64190,2020-03-31,1,,,,,,,,,,,,,,,,,,,,58422000000,51439000000,0.880,3080.23,51439000000,,,,,,,,,,,,true,false,12,2019-04-01,2020-03-31,-1
2020-07-31,64190,2020-03-31,1,,,,,,,,,,,,,,,,,,,,,,,,,,,,,80.00,,,,22720000,6020024,,false,false,12,2019-04-01,2020-03-31,-1
2020-07-31,64190,2021-03-31,1,,,,,,,,,,,,,,,,,,,,,,,,,,,,,70.00,,,,,,,false,true,12,2020-04-01,2021-03-31,0
2020-07-31,64190,2021-03-31,1,,,,,,,,,,,,,,,,,,,,,,,,,,,,,,,,,22720000,6020024,16699976,false,false,3,2020-04-01,2020-06-30,0
2020-07-31,64190,2020-03-31,1,,,,,,,,,,,,,,,,,,,,,,,,,,,,,,,,,,,16699977,false,false,3,2019-04-01,2019-06-30,-1
2020-11-13,64190,2021-03-31,2,6883000000,-0.373,,,,,136000000,-0.920,205000000,-0.895,,61000000,,3.68,,,,,,56648000000,51059000000,0.901,3057.45,51059000000,,,,,,,,,,,,true,false,6,2020-04-01,2020-09-30,0
2020-11-13,64190,2020-03-31,2,10970000000,-0.070,,,,,1710000000,-0.228,1948000000,-0.200,,897000000,,53.76,,,,,,,,,,,,,,,,,,,,,,true,false,6,2019-04-01,2019-09-30,-1
2020-11-13,64190,2020-03-31,2,,,,,,,,,,,,,,,,,,,,58422000000,51439000000,0.880,3080.23,51439000000,,,,,,,,,,,,true,false,12,2019-04-01,2020-03-31,-1
2020-11-13,64190,2020-03-31,2,,,,,,,,,,,,,,,,,,,,,,,,,,,,,80.00,,,,22720000,6020024,,false,false,12,2019-04-01,2020-03-31,-1
2020-11-13,64190,2021-03-31,2,,,,,,,,,,,,,,,,,,,,,,,,,,,,,35.00,,,,,,,false,false,12,2020-04-01,2021-03-31,0
2020-11-13,64190,2021-03-31,2,,,,,,,,,,,,,,,,,,,,,,,,,,,,,70.00,,,,,,,false,true,12,2020-04-01,2021-03-31,0
2020-11-13,64190,2021-03-31,2,,,,,,,,,,,,,,,,,,,,,,,,,,,,,,,,,22720000,6020024,16699976,false,false,6,2020-04-01,2020-09-30,0
2020-11-13,64190,2020-03-31,2,,,,,,,,,,,,,,,,,,,,,,,,,,,,,,,,,,,16699976,false,false,6,2019-04-01,2019-09-30,-1
2020-12-14,64190,2021-03-31,,14500000000,,,,,,700000000,,1000000000,,,400000000,,23.95,,,,,,,,,,,,,,,,,,,,,,true,true,12,2020-04-01,2021-03-31,0
2020-12-14,64190,2020-03-31,,22562000000,,,,,,3799000000,,4286000000,,,2300000000,,137.78,,,,,,,,,,,,,,,,,,,,,,true,false,12,2019-04-01,2020-03-31,-1
2021-01-29,64190,2021-03-31,3,11001000000,-0.363,,,,,809000000,-0.731,1107000000,-0.672,,571000000,,34.23,,,,,,57285000000,51296000000,0.895,3071.63,51296000000,,,,,,,,,,,,true,false,9,2020-04-01,2020-12-31,0
2021-01-29,64190,2020-03-31,3,17260000000,-0.067,,,,,3014000000,-0.186,3370000000,-0.155,,1830000000,,109.62,,,,,,,,,,,,,,,,,,,,,,true,false,9,2019-04-01,2019-12-31,-1
2021-01-29,64190,2021-03-31,3,14500000000,-0.357,,,,,700000000,-0.816,1000000000,-0.767,400000000,,-0.826,23.95,,,,,,,,,,,,,,,,,,,,,,true,true,12,2020-04-01,2021-03-31,0
2021-01-29,64190,2020-03-31,3,,,,,,,,,,,,,,,,,,,,58422000000,51439000000,0.880,3080.23,51439000000,,,,,,,,,,,,true,false,12,2019-04-01,2020-03-31,-1
2021-01-29,64190,2020-03-31,3,,,,,,,,,,,,,,,,,,,,,,,,,,,,,80.00,,,,22720000,6020024,,false,false,12,2019-04-01,2020-03-31,-1
2021-01-29,64190,2021-03-31,3,,,,,,,,,,,,,,,,,,,,,,,,,,,,,35.00,,,,,,,false,false,12,2020-04-01,2021-03-31,0
2021-01-29,64190,2021-03-31,3,,,,,,,,,,,,,,,,,,,,,,,,,,,,,70.00,,,,,,,false,true,12,2020-04-01,2021-03-31,0
2021-01-29,64190,2021-03-31,3,,,,,,,,,,,,,,,,,,,,,,,,,,,,,,,,,22720000,6020024,16699976,false,false,9,2020-04-01,2020-12-31,0
2021-01-29,64190,2020-03-31,3,,,,,,,,,,,,,,,,,,,,,,,,,,,,,,,,,,,16699976,false,false,9,2019-04-01,2019-12-31,-1
2021-05-17,64190,2021-03-31,,14760000000,-0.346,,,,,1130000000,-0.702,1533000000,-0.642,,807000000,,48.32,,0.016,0.026,0.077,,57961000000,52297000000,0.902,3131.56,52297000000,2599000000,-590000000,-1168000000,23228000000,,1.449,,,,,,true,false,12,2020-04-01,2021-03-31,0
2021-05-17,64190,2020-03-31,,22562000000,-0.073,,,,,3799000000,-0.190,4286000000,-0.160,,2300000000,,137.78,,0.045,0.073,0.168,,58422000000,51439000000,0.880,3080.23,51439000000,4217000000,-3703000000,-1343000000,22371000000,,0.581,,,,,,true,false,12,2019-04-01,2020-03-31,-1
2021-05-17,64190,2022-03-31,,8400000000,0.220,,,,,1000000000,6.346,1180000000,4.748,720000000,,10.714,43.11,,,,,,,,,,,,,,,,,,,,,,true,true,6,2021-04-01,2021-09-30,1
2021-05-17,64190,2022-03-31,,18000000000,0.219,,,,,2400000000,1.123,2800000000,0.826,1800000000,,1.230,107.78,,,,,,,,,,,,,,,,0.649,,,,,,true,true,12,2021-04-01,2022-03-31,1
2021-05-17,64190,2020-03-31,,,,,,,,,,,,,,,,,,,,,,,,,,,,,,80.00,,,,22720000,6020024,16699976,false,false,12,2019-04-01,2020-03-31,-1
2021-05-17,64190,2021-03-31,,,,,,,,,,,,,,,,,,,,,,,,,,,,,,70.00,,,,22720000,6020024,16699976,false,false,12,2020-04-01,2021-03-31,0
2021-05-17,64190,2022-03-31,,,,,,,,,,,,,,,,,,,,,,,,,,,,,,70.00,,,,,,,false,true,12,2021-04-01,2022-03-31,1
2021-07-30,64190,2022-03-31,1,3516000000,0.078,,,,,322000000,,619000000,55.313,,1046000000,,62.64,,,,,,58278000000,52709000000,0.904,3156.27,52709000000,,,,,,,,,,,,true,false,3,2021-04-01,2021-06-30,0
2021-07-30,64190,2021-03-31,1,3262000000,-0.385,,,,,-169000000,,10000000,-0.989,,3000000,,0.21,,,,,,,,,,,,,,,,,,,,,,true,false,3,2020-04-01,2020-06-30,-1
2021-07-30,64190,2022-03-31,1,8400000000,0.220,,,,,1000000000,6.346,1180000000,4.748,720000000,,10.714,43.11,,,,,,,,,,,,,,,,,,,,,,true,true,6,2021-04-01,2021-09-30,0
2021-07-30,64190,2022-03-31,1,18000000000,0.219,,,,,2400000000,1.123,2800000000,0.826,1800000000,,1.230,107.78,,,,,,,,,,,,,,,,,,,,,,true,true,12,2021-04-01,2022-03-31,0
2021-07-30,64190,2021-03-31,1,,,,,,,,,,,,,,,,,,,,57961000000,52297000000,0.902,3131.56,52297000000,,,,,,,,,,,,true,false,12,2020-04-01,2021-03-31,-1
2021-07-30,64190,2021-03-31,1,,,,,,,,,,,,,,,,,,,,,,,,,,,,,70.00,,,,22720000,6020024,,false,false,12,2020-04-01,2021-03-31,-1
2021-07-30,64190,2022-03-31,1,,,,,,,,,,,,,,,,,,,,,,,,,,,,,70.00,,,,,,,false,true,12,2021-04-01,2022-03-31,0
2021-07-30,64190,2022-03-31,1,,,,,,,,,,,,,,,,,,,,,,,,,,,,,,,,,22720000,6020024,16699976,false,false,3,2021-04-01,2021-06-30,0
2021-07-30,64190,2021-03-31,1,,,,,,,,,,,,,,,,,,,,,,,,,,,,,,,,,,,16699976,false,false,3,2020-04-01,2020-06-30,-1
2021-10-29,64190,2022-03-31,2,6840000000,-0.006,,,,,585000000,3.301,1094000000,4.329,,1511000000,,90.23,,,,,,59323000000,53704000000,0.905,3174.77,53704000000,,,,,,,,,,,,true,false,6,2021-04-01,2021-09-30,0
2021-10-29,64190,2021-03-31,2,6883000000,-0.373,,,,,136000000,-0.920,205000000,-0.895,,61000000,,3.68,,,,,,,,,,,,,,,,,,,,,,true,false,6,2020-04-01,2020-09-30,-1
2021-10-29,64190,2022-03-31,2,18000000000,0.219,,,,,2400000000,1.123,2800000000,0.826,1800000000,,1.230,107.78,,,,,,,,,,,,,,,,,,,,,,true,true,12,2021-04-01,2022-03-31,0
2021-10-29,64190,2021-03-31,2,,,,,,,,,,,,,,,,,,,,57961000000,52297000000,0.902,3131.56,52297000000,,,,,,,,,,,,true,false,12,2020-04-01,2021-03-31,-1
2021-10-29,64190,2021-03-31,2,,,,,,,,,,,,,,,,,,,,,,,,,,,,,70.00,,,,22720000,6020024,,false,false,12,2020-04-01,2021-03-31,-1
2021-10-29,64190,2022-03-31,2,,,,,,,,,,,,,,,,,,,,,,,,,,,,,35.00,,,,,,,false,false,12,2021-04-01,2022-03-31,0
2021-10-29,64190,2022-03-31,2,,,,,,,,,,,,,,,,,,,,,,,,,,,,,70.00,,,,,,,false,true,12,2021-04-01,2022-03-31,0
2021-10-29,64190,2022-03-31,2,,,,,,,,,,,,,,,,,,,,,,,,,,,,,,,,,22720000,5803824,16750956,false,false,6,2021-04-01,2021-09-30,0
2021-10-29,64190,2021-03-31,2,,,,,,,,,,,,,,,,,,,,,,,,,,,,,,,,,,,16699976,false,false,6,2020-04-01,2020-09-30,-1
2022-01-28,64190,2022-03-31,3,11043000000,0.004,,,,,1301000000,0.607,2137000000,0.930,,1650000000,,98.23,,,,,,59915000000,54093000000,0.903,3197.95,54093000000,,,,,,,,,,,,true,false,9,2021-04-01,2021-12-31,0
2022-01-28,64190,2021-03-31,3,11001000000,-0.363,,,,,809000000,-0.731,1107000000,-0.672,,571000000,,34.23,,,,,,,,,,,,,,,,,,,,,,true,false,9,2020-04-01,2020-12-31,-1
2022-01-28,64190,2022-03-31,3,15000000000,0.016,,,,,1900000000,0.681,2800000000,0.826,2100000000,,1.602,124.95,,,,,,,,,,,,,,,,,,,,,,true,true,12,2021-04-01,2022-03-31,0
2022-01-28,64190,2021-03-31,3,,,,,,,,,,,,,,,,,,,,57961000000,52297000000,0.902,3131.56,52297000000,,,,,,,,,,,,true,false,12,2020-04-01,2021-03-31,-1
2022-01-28,64190,2021-03-31,3,,,,,,,,,,,,,,,,,,,,,,,,,,,,,70.00,,,,22720000,6020024,,false,false,12,2020-04-01,2021-03-31,-1
2022-01-28,64190,2022-03-31,3,,,,,,,,,,,,,,,,,,,,,,,,,,,,,35.00,,,,,,,false,false,12,2021-04-01,2022-03-31,0
2022-01-28,64190,2022-03-31,3,,,,,,,,,,,,,,,,,,,,,,,,,,,,,70.00,,,,,,,false,true,12,2021-04-01,2022-03-31,0
2022-01-28,64190,2022-03-31,3,,,,,,,,,,,,,,,,,,,,,,,,,,,,,,,,,22720000,5804824,16806146,false,false,9,2021-04-01,2021-12-31,0
2022-01-28,64190,2021-03-31,3,,,,,,,,,,,,,,,,,,,,,,,,,,,,,,,,,,,16699976,false,false,9,2020-04-01,2020-12-31,-1
2022-01-28,64190,2022-03-31,,15000000000,-0.167,,,,,1900000000,-0.208,2800000000,,,2100000000,,124.95,,,,,,,,,,,,,,,,,,,,,,true,true,12,2021-04-01,2022-03-31,0
2022-01-28,64190,2021-03-31,,14760000000,,,,,,1130000000,,1533000000,,,807000000,,48.32,,,,,,,,,,,,,,,,,,,,,,true,false,12,2020-04-01,2021-03-31,-1
2022-05-16,64190,2022-03-31,,15103000000,0.023,,,,,1578000000,0.396,2502000000,0.632,,1855000000,,110.23,,0.035,0.042,0.105,,60135000000,54241000000,0.902,3221.26,54241000000,3567000000,423000000,-1295000000,26003000000,,0.635,,,,,,true,false,12,2021-04-01,2022-03-31,0
2022-05-16,64190,2021-03-31,,14760000000,-0.346,,,,,1130000000,-0.702,1533000000,-0.642,,807000000,,48.32,,0.016,0.026,0.077,,57961000000,52297000000,0.902,3131.56,52297000000,2599000000,-590000000,-1168000000,23228000000,,1.449,,,,,,true,false,12,2020-04-01,2021-03-31,-1
2022-05-16,64190,2023-03-31,,7500000000,0.096,,,,,500000000,-0.146,700000000,-0.360,500000000,,-0.669,29.69,,,,,,,,,,,,,,,,,,,,,,true,true,6,2022-04-01,2022-09-30,1
2022-05-16,64190,2023-03-31,,18500000000,0.225,,,,,2800000000,0.774,3200000000,0.279,2000000000,,0.078,118.77,,,,,,,,,,,,,,,,0.589,,,,,,true,true,12,2022-04-01,2023-03-31,1
2022-05-16,64190,2021-03-31,,,,,,,,,,,,,,,,,,,,,,,,,,,,,,70.00,,,,22720000,6020024,16699976,false,false,12,2020-04-01,2021-03-31,-1
2022-05-16,64190,2022-03-31,,,,,,,,,,,,,,,,,,,,,,,,,,,,,,70.00,,,,22720000,5881224,16830261,false,false,12,2021-04-01,2022-03-31,0
2022-05-16,64190,2023-03-31,,,,,,,,,,,,,,,,,,,,,,,,,,,,,,70.00,,,,,,,false,true,12,2022-04-01,2023-03-31,1
2022-07-29,64190,2023-03-31,1,3420000000,-0.027,,,,,300000000,-0.066,532000000,-0.141,,351000000,,21.07,,,,,,59606000000,54278000000,0.911,3282.34,54278000000,,,,,,,,,,,,true,false,3,2022-04-01,2022-06-30,0
2022-07-29,64190,2022-03-31,1,3516000000,0.078,,,,,322000000,,619000000,55.313,,1046000000,,62.64,,,,,,,,,,,,,,,,,,,,,,true,false,3,2021-04-01,2021-06-30,-1
2022-07-29,64190,2023-03-31,1,7500000000,0.096,,,,,500000000,-0.146,700000000,-0.360,500000000,,-0.669,29.69,,,,,,,,,,,,,,,,,,,,,,true,true,6,2022-04-01,2022-09-30,0
2022-07-29,64190,2023-03-31,1,18500000000,0.225,,,,,2800000000,0.774,3200000000,0.279,2000000000,,0.078,118.77,,,,,,,,,,,,,,,,,,,,,,true,true,12,2022-04-01,2023-03-31,0
2022-07-29,64190,2022-03-31,1,,,,,,,,,,,,,,,,,,,,60135000000,54241000000,0.902,3221.26,54241000000,,,,,,,,,,,,true,false,12,2021-04-01,2022-03-31,-1
2022-07-29,64190,2022-03-31,1,,,,,,,,,,,,,,,,,,,,,,,,,,,,,70.00,,,,22720000,5881224,,false,false,12,2021-04-01,2022-03-31,-1
2022-07-29,64190,2023-03-31,1,,,,,,,,,,,,,,,,,,,,,,,,,,,,,70.00,,,,,,,false,true,12,2022-04-01,2023-03-31,0
2022-07-29,64190,2023-03-31,1,,,,,,,,,,,,,,,,,,,,,,,,,,,,,,,,,22720000,6183624,16672911,false,false,3,2022-04-01,2022-06-30,0
2022-07-29,64190,2022-03-31,1,,,,,,,,,,,,,,,,,,,,,,,,,,,,,,,,,,,16699976,false,false,3,2021-04-01,2021-06-30,-1
2022-10-28,64190,2023-03-31,2,7500000000,0.096,,,,,862000000,0.473,1197000000,0.095,,825000000,,49.61,,,,,,60342000000,54785000000,0.908,3294.36,54785000000,,,,,,,,,,,,true,false,6,2022-04-01,2022-09-30,0
2022-10-28,64190,2022-03-31,2,6840000000,-0.006,,,,,585000000,3.301,1094000000,4.329,,1511000000,,90.23,,,,,,,,,,,,,,,,,,,,,,true,false,6,2021-04-01,2021-09-30,-1
2022-10-28,64190,2023-03-31,2,18500000000,0.225,,,,,2800000000,0.774,3200000000,0.279,2000000000,,0.078,118.77,,,,,,,,,,,,,,,,,,,,,,true,true,12,2022-04-01,2023-03-31,0
2022-10-28,64190,2022-03-31,2,,,,,,,,,,,,,,,,,,,,60135000000,54241000000,0.902,3221.26,54241000000,,,,,,,,,,,,true,false,12,2021-04-01,2022-03-31,-1
2022-10-28,64190,2022-03-31,2,,,,,,,,,,,,,,,,,,,,,,,,,,,,,70.00,,,,22720000,5881224,,false,false,12,2021-04-01,2022-03-31,-1
2022-10-28,64190,2023-03-31,2,,,,,,,,,,,,,,,,,,,,,,,,,,,,,35.00,,,,,,,false,false,12,2022-04-01,2023-03-31,0
2022-10-28,64190,2023-03-31,2,,,,,,,,,,,,,,,,,,,,,,,,,,,,,70.00,,,,,,,false,true,12,2022-04-01,2023-03-31,0
2022-10-28,64190,2023-03-31,2,,,,,,,,,,,,,,,,,,,,,,,,,,,,,,,,,22720000,6089824,16632836,false,false,6,2022-04-01,2022-09-30,0
2022-10-28,64190,2022-03-31,2,,,,,,,,,,,,,,,,,,,,,,,,,,,,,,,,,,,16750956,false,false,6,2021-04-01,2021-09-30,-1
2023-01-27,64190,2023-03-31,3,13755000000,0.246,,,,,2491000000,0.914,2997000000,0.403,,2236000000,,134.93,,,,,,61763000000,55562000000,0.900,3382.52,55562000000,,,,,,,,,,,,true,false,9,2022-04-01,2022-12-31,0
2023-01-27,64190,2022-03-31,3,11043000000,0.004,,,,,1301000000,0.607,2137000000,0.930,,1650000000,,98.23,,,,,,,,,,,,,,,,,,,,,,true,false,9,2021-04-01,2021-12-31,-1
2023-01-27,64190,2023-03-31,3,18500000000,0.225,,,,,2800000000,0.774,3200000000,0.279,2000000000,,0.078,118.77,,,,,,,,,,,,,,,,,,,,,,true,true,12,2022-04-01,2023-03-31,0
2023-01-27,64190,2022-03-31,3,,,,,,,,,,,,,,,,,,,,60135000000,54241000000,0.902,3221.26,54241000000,,,,,,,,,,,,true,false,12,2021-04-01,2022-03-31,-1
2023-01-27,64190,2022-03-31,3,,,,,,,,,,,,,,,,,,,,,,,,,,,,,70.00,,,,22720000,5881224,,false,false,12,2021-04-01,2022-03-31,-1
2023-01-27,64190,2023-03-31,3,,,,,,,,,,,,,,,,,,,,,,,,,,,,,35.00,,,,,,,false,false,12,2022-04-01,2023-03-31,0
2023-01-27,64190,2023-03-31,3,,,,,,,,,,,,,,,,,,,,,,,,,,,,,70.00,,,,,,,false,true,12,2022-04-01,2023-03-31,0
2023-01-27,64190,2023-03-31,3,,,,,,,,,,,,,,,,,,,,,,,,,,,,,,,,,22720000,6293746,16574218,false,false,9,2022-04-01,2022-12-31,0
2023-01-27,64190,2022-03-31,3,,,,,,,,,,,,,,,,,,,,,,,,,,,,,,,,,,,16806146,false,false,9,2021-04-01,2021-12-31,-1
2023-04-17,64190,2023-03-31,,20300000000,0.097,,,,,4100000000,0.464,4700000000,0.469,,3200000000,,193.50,,,,,,,,,,,,,,,,,,,,,,true,true,12,2022-04-01,2023-03-31,0
2023-04-17,64190,2022-03-31,,15103000000,,,,,,1578000000,,2502000000,,,1855000000,,110.23,,,,,,,,,,,,,,,,,,,,,,true,false,12,2021-04-01,2022-03-31,-1
2023-05-15,64190,2023-03-31,,20346000000,0.347,,,,,4126000000,1.614,4730000000,0.890,,3144000000,,190.17,,0.057,0.076,0.203,,63922000000,56307000000,0.881,3429.37,56307000000,943000000,-2106000000,-2163000000,22700000000,,0.368,,,,,,true,false,12,2022-04-01,2023-03-31,0
2023-05-15,64190,2022-03-31,,15103000000,0.023,,,,,1578000000,0.396,2502000000,0.632,,1855000000,,110.23,,0.035,0.042,0.105,,60135000000,54241000000,0.902,3221.26,54241000000,3567000000,423000000,-1295000000,26003000000,,0.635,,,,,,true,false,12,2021-04-01,2022-03-31,-1
2023-05-15,64190,2024-03-31,,13000000000,0.733,,,,,2800000000,2.246,3000000000,1.505,1900000000,,1.303,114.89,,,,,,,,,,,,,,,,,,,,,,true,true,6,2023-04-01,2023-09-30,1
2023-05-15,64190,2024-03-31,,28000000000,0.376,,,,,6700000000,0.624,7100000000,0.501,4500000000,,0.431,272.12,,,,,,,,,,,,,,,,0.312,,,,,,true,true,12,2023-04-01,2024-03-31,1
2023-05-15,64190,2022-03-31,,,,,,,,,,,,,,,,,,,,,,,,,,,,,,70.00,,,,22720000,5881224,16830261,false,false,12,2021-04-01,2022-03-31,-1
2023-05-15,64190,2023-03-31,,,,,,,,,,,,,,,,,,,,,,,,,,,,,,70.00,,,,22720000,6300865,16537093,false,false,12,2022-04-01,2023-03-31,0
2023-05-15,64190,2024-03-31,,,,,,,,,,,,,,,,,,,,,,,,,,,,,,85.00,,,,,,,false,true,12,2023-04-01,2024-03-31,1
2023-07-31,64190,2024-03-31,1,8359000000,1.444,,,,,2788000000,8.266,3136000000,4.893,,2227000000,,135.69,135.60,,,,,68310000000,59144000000,0.866,3601.15,59144000000,,,,,,,,,,,,true,false,3,2023-04-01,2023-06-30,0
2023-07-31,64190,2023-03-31,1,3420000000,-0.027,,,,,300000000,-0.066,532000000,-0.141,,351000000,,21.07,,,,,,,,,,,,,,,,,,,,,,true,false,3,2022-04-01,2022-06-30,-1
2023-07-31,64190,2024-03-31,1,13000000000,0.733,,,,,2800000000,2.246,3000000000,1.505,1900000000,,1.303,114.89,,,,,,,,,,,,,,,,,,,,,,true,true,6,2023-04-01,2023-09-30,0
2023-07-31,64190,2024-03-31,1,28000000000,0.376,,,,,6700000000,0.624,7100000000,0.501,4500000000,,0.431,272.12,,,,,,,,,,,,,,,,,,,,,,true,true,12,2023-04-01,2024-03-31,0
2023-07-31,64190,2023-03-31,1,,,,,,,,,,,,,,,,,,,,63922000000,56307000000,0.881,3429.37,56307000000,,,,,,,,,,,,true,false,12,2022-04-01,2023-03-31,-1
2023-07-31,64190,2023-03-31,1,,,,,,,,,,,,,,,,,,,,,,,,,,,,,70.00,,,,22720000,6300865,,false,false,12,2022-04-01,2023-03-31,-1
2023-07-31,64190,2024-03-31,1,,,,,,,,,,,,,,,,,,,,,,,,,,,,,85.00,,,,,,,false,true,12,2023-04-01,2024-03-31,0
2023-07-31,64190,2024-03-31,1,,,,,,,,,,,,,,,,,,,,,,,,,,,,,,,,,22720000,6296265,16418660,false,false,3,2023-04-01,2023-06-30,0
2023-07-31,64190,2023-03-31,1,,,,,,,,,,,,,,,,,,,,,,,,,,,,,,,,,,,16672911,false,false,3,2022-04-01,2022-06-30,-1
2023-09-13,64190,2024-03-31,,17000000000,0.308,,,,,5400000000,0.929,5900000000,0.967,,4000000000,,239.37,,,,,,,,,,,,,,,,,,,,,,true,true,6,2023-04-01,2023-09-30,0
2023-09-13,64190,2023-03-31,,7500000000,,,,,,862000000,,1197000000,,,825000000,,49.61,,,,,,,,,,,,,,,,,,,,,,true,false,6,2022-04-01,2022-09-30,-1
2023-09-13,64190,2024-03-31,,32000000000,0.143,,,,,9300000000,0.388,10000000000,0.408,,6600000000,,379.05,,,,,,,,,,,,,,,,,,,,,,true,true,12,2023-04-01,2024-03-31,0
2023-09-13,64190,2023-03-31,,20346000000,,,,,,4126000000,,4730000000,,,3144000000,,190.17,,,,,,,,,,,,,,,,,,,,,,true,false,12,2022-04-01,2023-03-31,-1
2023-09-13,64190,2024-03-31,,,,,,,,,,,,,,,,,,,,,,,,,,,,,,105.00,,,,,,,false,true,12,2023-04-01,2024-03-31,0
2023-09-13,64190,2023-03-31,,,,,,,,,,,,,,,,,,,,,,,,,,,,,,70.00,,,,,,,false,false,12,2022-04-01,2023-03-31,-1
2023-10-30,64190,2024-03-31,2,17349000000,1.313,,,,,5826000000,5.754,6308000000,4.268,,4356000000,,260.69,259.34,,,,,76234000000,65380000000,0.857,3722.10,65365000000,,,,,,,,,,,,true,false,6,2023-04-01,2023-09-30,0
2023-10-30,64190,2023-03-31,2,7500000000,0.096,,,,,862000000,0.473,1197000000,0.095,,825000000,,49.61,,,,,,,,,,,,,,,,,,,,,,true,false,6,2022-04-01,2022-09-30,-1
2023-10-30,64190,2024-03-31,2,32000000000,0.573,,,,,9300000000,1.254,10000000000,1.114,6600000000,,1.099,379.05,,,,,,,,,,,,,,,,,,,,,,true,true,12,2023-04-01,2024-03-31,0
2023-10-30,64190,2023-03-31,2,,,,,,,,,,,,,,,,,,,,63922000000,56307000000,0.881,3429.37,56307000000,,,,,,,,,,,,true,false,12,2022-04-01,2023-03-31,-1
2023-10-30,64190,2023-03-31,2,,,,,,,,,,,,,,,,,,,,,,,,,,,,,70.00,,,,22720000,6300865,,false,false,12,2022-04-01,2023-03-31,-1
2023-10-30,64190,2024-03-31,2,,,,,,,,,,,,,,,,,,,,,,,,,,,,,60.00,,,,,,,false,false,12,2023-04-01,2024-03-31,0
2023-10-30,64190,2024-03-31,2,,,,,,,,,,,,,,,,,,,,,,,,,,,,,105.00,,,,,,,false,true,12,2023-04-01,2024-03-31,0
2023-10-30,64190,2024-03-31,2,,,,,,,,,,,,,,,,,,,,,,,,,,,,,,,,,22720000,5158504,16710353,false,false,6,2023-04-01,2023-09-30,0
2023-10-30,64190,2023-03-31,2,,,,,,,,,,,,,,,,,,,,,,,,,,,,,,,,,,,16632836,false,false,6,2022-04-01,2022-09-30,-1
2024-01-31,64190,2024-03-31,3,27378000000,0.990,,,,,9181000000,2.685,9834000000,2.281,,6725000000,,395.68,393.65,,,,,78744000000,66497000000,0.844,3783.55,66482000000,,,,,,,,,,,,true,false,9,2023-04-01,2023-12-31,0
2024-01-31,64190,2023-03-31,3,13755000000,0.246,,,,,2491000000,0.914,2997000000,0.403,,2236000000,,134.93,,,,,,,,,,,,,,,,,,,,,,true,false,9,2022-04-01,2022-12-31,-1
2024-01-31,64190,2024-03-31,3,32000000000,0.573,,,,,9300000000,1.254,10000000000,1.114,6600000000,,1.099,379.05,,,,,,,,,,,,,,,,,,,,,,true,true,12,2023-04-01,2024-03-31,0
2024-01-31,64190,2023-03-31,3,,,,,,,,,,,,,,,,,,,,63922000000,56307000000,0.881,3429.37,56307000000,,,,,,,,,,,,true,false,12,2022-04-01,2023-03-31,-1
2024-01-31,64190,2023-03-31,3,,,,,,,,,,,,,,,,,,,,,,,,,,,,,70.00,,,,22720000,6300865,,false,false,12,2022-04-01,2023-03-31,-1
2024-01-31,64190,2024-03-31,3,,,,,,,,,,,,,,,,,,,,,,,,,,,,,60.00,,,,,,,false,false,12,2023-04-01,2024-03-31,0
2024-01-31,64190,2024-03-31,3,,,,,,,,,,,,,,,,,,,,,,,,,,,,,105.00,,,,,,,false,true,12,2023-04-01,2024-03-31,0
2024-01-31,64190,2024-03-31,3,,,,,,,,,,,,,,,,,,,,,,,,,,,,,,,,,22720000,5148604,16998516,false,false,9,2023-04-01,2023-12-31,0
2024-01-31,64190,2023-03-31,3,,,,,,,,,,,,,,,,,,,,,,,,,,,,,,,,,,,16574218,false,false,9,2022-04-01,2022-12-31,-1
2024-04-15,64190,2024-03-31,,36550000000,0.142,,,,,11650000000,0.253,12400000000,0.240,,8500000000,,494.88,,,,,,,,,,,,,,,,,,,,,,true,true,12,2023-04-01,2024-03-31,0
2024-04-15,64190,2023-03-31,,20346000000,,,,,,4126000000,,4730000000,,,3144000000,,190.17,,,,,,,,,,,,,,,,,,,,,,true,false,12,2022-04-01,2023-03-31,-1
2024-04-15,64190,2024-03-31,,,,,,,,,,,,,,,,,,,,,,,,,,,,,,150.00,,,,,,,false,true,12,2023-04-01,2024-03-31,0
2024-04-15,64190,2024-03-31,,,,,,,,,,,,,,,,,,,,,,,,,,,,,,60.00,,,,,,,false,false,12,2023-04-01,2024-03-31,0
2024-04-15,64190,2023-03-31,,,,,,,,,,,,,,,,,,,,,,,,,,,,,,70.00,,,,,,,false,false,12,2022-04-01,2023-03-31,-1
2024-05-14,64190,2024-03-31,,36575000000,0.798,,,,,11694000000,1.834,12500000000,1.643,,8585000000,,499.89,497.10,0.135,0.169,0.320,,83956000000,71254000000,0.849,3975.65,71242000000,6447000000,-1636000000,1813000000,29353000000,,0.300,,,,,,true,false,12,2023-04-01,2024-03-31,0
2024-05-14,64190,2023-03-31,,20346000000,0.347,,,,,4126000000,1.614,4730000000,0.890,,3144000000,,190.17,,0.057,0.076,0.203,,63922000000,56307000000,0.881,3429.37,56307000000,943000000,-2106000000,-2163000000,22700000000,,0.368,,,,,,true,false,12,2022-04-01,2023-03-31,-1
2024-05-14,64190,2025-03-31,,20700000000,0.193,,,,,7040000000,0.208,7440000000,0.179,5040000000,,0.157,279.11,,,,,,,,,,,,,,,,,,,,,,true,true,6,2024-04-01,2024-09-30,1
2024-05-14,64190,2025-03-31,,37000000000,0.012,,,,,11700000000,0.000,12520000000,0.002,8600000000,,0.002,476.19,,,,,,,,,,,,,,,,0.410,,,,,,true,true,12,2024-04-01,2025-03-31,1
2024-05-14,64190,2023-03-31,,,,,,,,,,,,,,,,,,,,,,,,,,,,,,70.00,,,,22720000,6300865,16537093,false,false,12,2022-04-01,2023-03-31,-1
2024-05-14,64190,2024-03-31,,,,,,,,,,,,,,,,,,,,,,,,,,,,,,150.00,,,,22720000,4800290,17175721,false,false,12,2023-04-01,2024-03-31,0
2024-05-14,64190,2025-03-31,,,,,,,,,,,,,,,,,,,,,,,,,,,,,,195.00,,,,,,,false,true,12,2024-04-01,2025-03-31,1
2024-07-30,64190,2025-03-31,1,13563000000,0.622,,,,,4893000000,0.755,5320000000,0.696,,3698000000,,204.44,,,,,,84423000000,73702000000,0.873,4058.34,73702000000,,,,,,,,,,,,true,false,3,2024-04-01,2024-06-30,0
2024-07-30,64190,2024-03-31,1,8359000000,1.444,,,,,2788000000,8.266,3136000000,4.893,,2227000000,,135.69,135.60,,,,,,,,,,,,,,,,,,,,,true,false,3,2023-04-01,2023-06-30,-1
2024-07-30,64190,2025-03-31,1,20700000000,0.193,,,,,7040000000,0.208,7440000000,0.179,5040000000,,0.157,279.11,,,,,,,,,,,,,,,,,,,,,,true,true,6,2024-04-01,2024-09-30,0
2024-07-30,64190,2025-03-31,1,37000000000,0.012,,,,,11700000000,0.000,12520000000,0.002,8600000000,,0.002,476.19,,,,,,,,,,,,,,,,,,,,,,true,true,12,2024-04-01,2025-03-31,0
2024-07-30,64190,2024-03-31,1,,,,,,,,,,,,,,,,,,,,83956000000,71254000000,0.849,3975.65,71242000000,,,,,,,,,,,,true,false,12,2023-04-01,2024-03-31,-1
2024-07-30,64190,2024-03-31,1,,,,,,,,,,,,,,,,,,,,,,,,,,,,,150.00,,,,22720000,4800290,,false,false,12,2023-04-01,2024-03-31,-1
2024-07-30,64190,2025-03-31,1,,,,,,,,,,,,,,,,,,,,,,,,,,,,,195.00,,,,,,,false,true,12,2024-04-01,2025-03-31,0
2024-07-30,64190,2025-03-31,1,,,,,,,,,,,,,,,,,,,,,,,,,,,,,,,,,22720000,4559190,18090789,false,false,3,2024-04-01,2024-06-30,0
2024-07-30,64190,2024-03-31,1,,,,,,,,,,,,,,,,,,,,,,,,,,,,,,,,,,,16418660,false,false,3,2023-04-01,2023-06-30,-1
2024-10-07,64190,2025-03-31,,25500000000,0.232,,,,,7800000000,0.108,8300000000,0.116,5000000000,,-0.008,274.74,,,,,,,,,,,,,,,,,,,,,,true,true,6,2024-04-01,2024-09-30,0
2024-10-07,64190,2024-03-31,,17349000000,,,,,,5826000000,,6308000000,,4356000000,,,260.69,,,,,,,,,,,,,,,,,,,,,,true,false,6,2023-04-01,2023-09-30,-1
2024-10-07,64190,2025-03-31,,41800000000,0.130,,,,,12200000000,0.043,13100000000,0.046,8200000000,,-0.047,447.53,,,,,,,,,,,,,,,,,,,,,,true,true,12,2024-04-01,2025-03-31,0
2024-10-07,64190,2024-03-31,,36575000000,,,,,,11694000000,,12500000000,,8585000000,,,499.89,,,,,,,,,,,,,,,,,,,,,,true,false,12,2023-04-01,2024-03-31,-1
2024-10-30,6419,2025-03-31,2,25552000000,0.473,,,,,7996000000,0.372,8470000000,0.343,,5124000000,,281.58,,,,,,87000000000,76652000000,0.881,4155.16,76652000000,,,,,,,,,,,,true,false,6,2024-04-01,2024-09-30,0
2024-10-30,6419,2024-03-31,2,17349000000,1.313,,,,,5826000000,5.754,6308000000,4.268,,4356000000,,260.69,259.34,,,,,,,,,,,,,,,,,,,,,true,false,6,2023-04-01,2023-09-30,-1
2024-10-30,6419,2025-03-31,2,41800000000,0.143,,,,,12200000000,0.043,13100000000,0.048,,8200000000,,447.53,,,,,,,,,,,,,,,,,,,,,,true,true,12,2024-04-01,2025-03-31,0
2024-10-30,6419,2024-03-31,2,,,,,,,,,,,,,,,,,,,,83956000000,71254000000,0.849,3975.65,71242000000,,,,,,,,,,,,true,false,12,2023-04-01,2024-03-31,-1
2024-10-30,6419,2024-03-31,2,,,,,,,,,,,,,,,,,,,,,,,,,,,,,150.00,,,,22720000,4800290,,false,false,12,2023-04-01,2024-03-31,-1
2024-10-30,6419,2025-03-31,2,,,,,,,,,,,,,,,,,,,,,,,,,,,,,120.00,,,,,,,false,false,12,2024-04-01,2025-03-31,0
2024-10-30,6419,2025-03-31,2,,,,,,,,,,,,,,,,,,,,,,,,,,,,,195.00,,,,,,,false,true,12,2024-04-01,2025-03-31,0
2024-10-30,6419,2025-03-31,2,,,,,,,,,,,,,,,,,,,,,,,,,,,,,,,,,22720000,4272440,18199024,false,false,6,2024-04-01,2024-09-30,0
2024-10-30,6419,2024-03-31,2,,,,,,,,,,,,,,,,,,,,,,,,,,,,,,,,,,,16710353,false,false,6,2023-04-01,2023-09-30,-1
2025-01-30,6419,2025-03-31,3,34764000000,0.270,,,,,10603000000,0.155,11301000000,0.149,,7198000000,,393.75,,,,,,86255000000,76807000000,0.890,4164.35,76807000000,,,,,,,,,,,,true,false,9,2024-04-01,2024-12-31,0
2025-01-30,6419,2024-03-31,3,27378000000,0.990,,,,,9181000000,2.685,9834000000,2.281,,6725000000,,395.68,393.65,,,,,,,,,,,,,,,,,,,,,true,false,9,2023-04-01,2023-12-31,-1
2025-01-30,6419,2025-03-31,3,41800000000,0.143,,,,,12200000000,0.043,13100000000,0.048,,8200000000,,447.53,,,,,,,,,,,,,,,,,,,,,,true,true,12,2024-04-01,2025-03-31,0
2025-01-30,6419,2024-03-31,3,,,,,,,,,,,,,,,,,,,,83956000000,71254000000,0.849,3975.65,71242000000,,,,,,,,,,,,true,false,12,2023-04-01,2024-03-31,-1
2025-01-30,6419,2024-03-31,3,,,,,,,,,,,,,,,,,,,,,,,,,,,,,150.00,,,,22720000,4800290,,false,false,12,2023-04-01,2024-03-31,-1
2025-01-30,6419,2025-03-31,3,,,,,,,,,,,,,,,,,,,,,,,,,,,,,120.00,,,,,,,false,false,12,2024-04-01,2025-03-31,0
2025-01-30,6419,2025-03-31,3,,,,,,,,,,,,,,,,,,,,,,,,,,,,,195.00,,,,,,,false,true,12,2024-04-01,2025-03-31,0
2025-01-30,6419,2025-03-31,3,,,,,,,,,,,,,,,,,,,,,,,,,,,,,,,,,22720000,4275815,18281595,false,false,9,2024-04-01,2024-12-31,0
2025-01-30,6419,2024-03-31,3,,,,,,,,,,,,,,,,,,,,,,,,,,,,,,,,,,,16998516,false,false,9,2023-04-01,2023-12-31,-1
2025-05-14,6419,2025-03-31,,42250000000,0.155,,,,,12331000000,0.054,13086000000,0.047,,8716000000,,475.74,,0.117,0.153,0.292,,87000000000,78230000000,0.899,4241.83,78230000000,10651000000,-558000000,-3069000000,36373000000,,0.412,,,,,,true,false,12,2024-04-01,2025-03-31,0
2025-05-14,6419,2024-03-31,,36575000000,0.798,,,,,11694000000,1.834,12500000000,1.643,,8585000000,,499.89,497.10,0.135,0.169,0.320,,83956000000,71254000000,0.849,3975.65,71242000000,6447000000,-1636000000,1813000000,29353000000,,0.300,,,,,,true,false,12,2023-04-01,2024-03-31,-1
2025-05-14,6419,2026-03-31,,17200000000,-0.327,,,,,4600000000,-0.425,5000000000,-0.410,,3400000000,,184.36,,,,,,,,,,,,,,,,,,,,,,true,true,6,2025-04-01,2025-09-30,1
2025-05-14,6419,2026-03-31,,37500000000,-0.112,,,,,10700000000,-0.132,11500000000,-0.121,,7800000000,,422.93,,,,,,,,,,,,,,,,0.355,,,,,,true,true,12,2025-04-01,2026-03-31,1
2025-05-14,6419,2024-03-31,,,,,,,,,,,,,,,,,,,,,,,,,,,,,,150.00,,,,22720000,4800290,17175721,false,false,12,2023-04-01,2024-03-31,-1
2025-05-14,6419,2025-03-31,,,,,,,,,,,,,,,,,,,,,,,,,,,,,,195.00,,,,22720000,4277415,18321553,false,false,12,2024-04-01,2025-03-31,0
2025-05-14,6419,2026-03-31,,,,,,,,,,,,,,,,,,,,,,,,,,,,,,150.00,,,,,,,false,true,12,2025-04-01,2026-03-31,1
