filing_date,code,fiscal_year_end,quarterly_period,net_sales,net_sales_change,revenue,revenue_change,operating_revenue,operating_revenue_change,operating_profit,operating_profit_change,ordinary_profit,ordinary_profit_change,net_income,net_income_of_parent,net_income_change,eps,diluted_eps,roe,roa,operating_profit_to_net_sales,operating_profit_to_revenue,total_assets,net_assets,equity_ratio,bps,owner_equity,operating_cash_flow,investing_cash_flow,financing_cash_flow,cash,dividend_per_share,payout_ratio,commemorative_dividend,extra_dividend,number_of_shares,number_of_treqsury_shares,avg_number_of_shares,is_consolidated,is_forecast,duration,period_start,period_end,period_pos
2015-07-28,64540,2016-03-31,1,15822000000,0.032,,,,,1310000000,0.005,1433000000,0.103,,923000000,,18.73,,,,,,87009000000,65083000000,0.747,1318.09,64963000000,,,,,,,,,,,,true,false,3,2015-04-01,2015-06-30,0
2015-07-28,64540,2015-03-31,1,15338000000,0.031,,,,,1303000000,0.342,1299000000,0.186,,793000000,,16.10,,,,,,,,,,,,,,,,,,,,,,true,false,3,2014-04-01,2014-06-30,-1
2015-07-28,64540,2016-03-31,1,32200000000,0.029,,,,,2720000000,0.034,2800000000,-0.021,,1940000000,,39.36,,,,,,,,,,,,,,,,,,,,,,true,true,6,2015-04-01,2015-09-30,0
2015-07-28,64540,2016-03-31,1,67000000000,0.032,,,,,5400000000,0.021,5570000000,-0.062,,3550000000,,72.02,,,,,,,,,,,,,,,,,,,,,,true,true,12,2015-04-01,2016-03-31,0
2015-07-28,64540,2015-03-31,1,,,,,,,,,,,,,,,,,,,,88590000000,65495000000,0.738,1326.48,65379000000,,,,,,,,,,,,true,false,12,2014-04-01,2015-03-31,-1
2015-07-28,64540,2015-03-31,1,,,,,,,,,,,,,,,,,,,,,,,,,,,,,37.00,,,,49500626,212716,,false,false,12,2014-04-01,2015-03-31,-1
2015-07-28,64540,2016-03-31,1,,,,,,,,,,,,,,,,,,,,,,,,,,,,,37.00,,,,,,,false,true,12,2015-04-01,2016-03-31,0
2015-07-28,64540,2016-03-31,1,,,,,,,,,,,,,,,,,,,,,,,,,,,,,,,,,49500626,214410,49286587,false,false,3,2015-04-01,2015-06-30,0
2015-07-28,64540,2015-03-31,1,,,,,,,,,,,,,,,,,,,,,,,,,,,,,,,,,,,49294147,false,false,3,2014-04-01,2014-06-30,-1
2015-10-29,64540,2016-03-31,2,32437000000,0.037,,,,,2865000000,0.089,2912000000,0.018,,1906000000,,38.68,,,,,,86782000000,65055000000,0.748,1317.93,64952000000,,,,,,,,,,,,true,false,6,2015-04-01,2015-09-30,0
2015-10-29,64540,2015-03-31,2,31281000000,0.020,,,,,2631000000,0.203,2861000000,0.270,,1912000000,,38.80,,,,,,,,,,,,,,,,,,,,,,true,false,6,2014-04-01,2014-09-30,-1
2015-10-29,64540,2016-03-31,2,67000000000,0.032,,,,,5400000000,0.021,5570000000,-0.062,,3550000000,,72.02,,,,,,,,,,,,,,,,,,,,,,true,true,12,2015-04-01,2016-03-31,0
2015-10-29,64540,2015-03-31,2,,,,,,,,,,,,,,,,,,,,88590000000,65495000000,0.738,1326.48,65379000000,,,,,,,,,,,,true,false,12,2014-04-01,2015-03-31,-1
2015-10-29,64540,2015-03-31,2,,,,,,,,,,,,,,,,,,,,,,,,,,,,,37.00,,,,49500626,212716,,false,false,12,2014-04-01,2015-03-31,-1
2015-10-29,64540,2016-03-31,2,,,,,,,,,,,,,,,,,,,,,,,,,,,,,37.00,,,,,,,false,true,12,2015-04-01,2016-03-31,0
2015-10-29,64540,2016-03-31,2,,,,,,,,,,,,,,,,,,,,,,,,,,,,,,,,,49500626,217095,49285548,false,false,6,2015-04-01,2015-09-30,0
2015-10-29,64540,2015-03-31,2,,,,,,,,,,,,,,,,,,,,,,,,,,,,,,,,,,,49292868,false,false,6,2014-04-01,2014-09-30,-1
2016-01-28,64540,2016-03-31,3,49209000000,0.031,,,,,4236000000,0.075,4405000000,-0.045,,2856000000,,57.96,,,,,,87830000000,66473000000,0.756,1346.70,66364000000,,,,,,,,,,,,true,false,9,2015-04-01,2015-12-31,0
2016-01-28,64540,2015-03-31,3,47729000000,0.012,,,,,3942000000,0.232,4613000000,0.309,,3024000000,,61.36,,,,,,,,,,,,,,,,,,,,,,true,false,9,2014-04-01,2014-12-31,-1
2016-01-28,64540,2016-03-31,3,67000000000,0.032,,,,,5400000000,0.021,5570000000,-0.062,,3550000000,,72.02,,,,,,,,,,,,,,,,,,,,,,true,true,12,2015-04-01,2016-03-31,0
2016-01-28,64540,2015-03-31,3,,,,,,,,,,,,,,,,,,,,88590000000,65495000000,0.738,1326.48,65379000000,,,,,,,,,,,,true,false,12,2014-04-01,2015-03-31,-1
2016-01-28,64540,2015-03-31,3,,,,,,,,,,,,,,,,,,,,,,,,,,,,,37.00,,,,49500626,212716,,false,false,12,2014-04-01,2015-03-31,-1
2016-01-28,64540,2016-03-31,3,,,,,,,,,,,,,,,,,,,,,,,,,,,,,37.00,,,,,,,false,true,12,2015-04-01,2016-03-31,0
2016-01-28,64540,2016-03-31,3,,,,,,,,,,,,,,,,,,,,,,,,,,,,,,,,,49500626,221276,49283802,false,false,9,2015-04-01,2015-12-31,0
2016-01-28,64540,2015-03-31,3,,,,,,,,,,,,,,,,,,,,,,,,,,,,,,,,,,,49292023,false,false,9,2014-04-01,2014-12-31,-1
2016-04-28,64540,2016-03-31,,66510000000,0.024,,,,,5883000000,0.112,5792000000,-0.025,,3512000000,,71.27,,0.054,0.065,0.088,,88828000000,64263000000,0.722,1301.81,64150000000,5471000000,-570000000,-2068000000,17783000000,,0.547,,,,,,true,false,12,2015-04-01,2016-03-31,0
2016-04-28,64540,2015-03-31,,64950000000,0.002,,,,,5290000000,0.154,5939000000,0.231,,3222000000,,65.37,,0.051,0.069,0.081,,88590000000,65495000000,0.738,1326.48,65379000000,6713000000,-1275000000,-2025000000,15343000000,,0.566,,,,,,true,false,12,2014-04-01,2015-03-31,-1
2016-04-28,64540,2017-03-31,,33200000000,0.024,,,,,2600000000,-0.092,2700000000,-0.073,,1750000000,,35.51,,,,,,,,,,,,,,,,,,,,,,true,true,6,2016-04-01,2016-09-30,1
2016-04-28,64540,2017-03-31,,69400000000,0.043,,,,,6000000000,0.020,6150000000,0.062,,4000000000,,81.24,,,,,,,,,,,,,,,,0.480,,,,,,true,true,12,2016-04-01,2017-03-31,1
2016-04-28,64540,2016-03-31,,59668000000,0.019,,,,,4949000000,0.074,5274000000,-0.012,3363000000,,0.109,68.25,,,,,,84282000000,65324000000,0.775,1325.64,65324000000,,,,,39.00,,,,49500626,222798,49282397,false,false,12,2015-04-01,2016-03-31,0
2016-04-28,64540,2015-03-31,,58570000000,-0.015,,,,,4610000000,0.136,5340000000,0.089,3033000000,,-0.035,61.54,,,,,,83987000000,64146000000,0.764,1301.48,64146000000,,,,,37.00,,,,49500626,212716,49291366,false,false,12,2014-04-01,2015-03-31,-1
2016-04-28,64540,2017-03-31,,,,,,,,,,,,,,,,,,,,,,,,,,,,,,39.00,,,,,,,false,true,12,2016-04-01,2017-03-31,1
2016-07-28,64540,2017-03-31,1,15764000000,-0.004,,,,,1447000000,0.105,1228000000,-0.143,,1078000000,,21.89,,,,,,85919000000,62338000000,0.724,1263.13,62241000000,,,,,,,,,,,,true,false,3,2016-04-01,2016-06-30,0
2016-07-28,64540,2016-03-31,1,15822000000,0.032,,,,,1310000000,0.005,1433000000,0.103,,923000000,,18.73,,,,,,,,,,,,,,,,,,,,,,true,false,3,2015-04-01,2015-06-30,-1
2016-07-28,64540,2017-03-31,1,33200000000,0.024,,,,,2600000000,-0.092,2700000000,-0.073,,1750000000,,35.51,,,,,,,,,,,,,,,,,,,,,,true,true,6,2016-04-01,2016-09-30,0
2016-07-28,64540,2017-03-31,1,69400000000,0.043,,,,,6000000000,0.020,6150000000,0.062,,4000000000,,81.24,,,,,,,,,,,,,,,,,,,,,,true,true,12,2016-04-01,2017-03-31,0
2016-07-28,64540,2016-03-31,1,,,,,,,,,,,,,,,,,,,,88828000000,64263000000,0.722,1301.81,64150000000,,,,,,,,,,,,true,false,12,2015-04-01,2016-03-31,-1
2016-07-28,64540,2016-03-31,1,,,,,,,,,,,,,,,,,,,,,,,,,,,,,39.00,,,,49500626,222798,,false,false,12,2015-04-01,2016-03-31,-1
2016-07-28,64540,2017-03-31,1,,,,,,,,,,,,,,,,,,,,,,,,,,,,,39.00,,,,,,,false,true,12,2016-04-01,2017-03-31,0
2016-07-28,64540,2017-03-31,1,,,,,,,,,,,,,,,,,,,,,,,,,,,,,,,,,49500626,224821,49276707,false,false,3,2016-04-01,2016-06-30,0
2016-07-28,64540,2016-03-31,1,,,,,,,,,,,,,,,,,,,,,,,,,,,,,,,,,,,49286587,false,false,3,2015-04-01,2015-06-30,-1
2016-10-28,64540,2017-03-31,2,32362000000,-0.002,,,,,3065000000,0.070,2767000000,-0.050,,2171000000,,44.06,,,,,,87612000000,63615000000,0.725,1289.17,63523000000,,,,,,,,,,,,true,false,6,2016-04-01,2016-09-30,0
2016-10-28,64540,2016-03-31,2,32437000000,0.037,,,,,2865000000,0.089,2912000000,0.018,,1906000000,,38.68,,,,,,,,,,,,,,,,,,,,,,true,false,6,2015-04-01,2015-09-30,-1
2016-10-28,64540,2017-03-31,2,69400000000,0.043,,,,,6000000000,0.020,6150000000,0.062,,4000000000,,81.24,,,,,,,,,,,,,,,,,,,,,,true,true,12,2016-04-01,2017-03-31,0
2016-10-28,64540,2016-03-31,2,,,,,,,,,,,,,,,,,,,,88828000000,64263000000,0.722,1301.81,64150000000,,,,,,,,,,,,true,false,12,2015-04-01,2016-03-31,-1
2016-10-28,64540,2016-03-31,2,,,,,,,,,,,,,,,,,,,,,,,,,,,,,39.00,,,,49500626,222798,,false,false,12,2015-04-01,2016-03-31,-1
2016-10-28,64540,2017-03-31,2,,,,,,,,,,,,,,,,,,,,,,,,,,,,,39.00,,,,,,,false,true,12,2016-04-01,2017-03-31,0
2016-10-28,64540,2017-03-31,2,,,,,,,,,,,,,,,,,,,,,,,,,,,,,,,,,49500626,225823,49275835,false,false,6,2016-04-01,2016-09-30,0
2016-10-28,64540,2016-03-31,2,,,,,,,,,,,,,,,,,,,,,,,,,,,,,,,,,,,49285548,false,false,6,2015-04-01,2015-09-30,-1
2017-01-27,64540,2017-03-31,3,49237000000,0.001,,,,,4631000000,0.093,4912000000,0.115,,3683000000,,74.75,,,,,,91578000000,66815000000,0.729,1353.99,66715000000,,,,,,,,,,,,true,false,9,2016-04-01,2016-12-31,0
2017-01-27,64540,2016-03-31,3,49209000000,0.031,,,,,4236000000,0.075,4405000000,-0.045,,2856000000,,57.96,,,,,,,,,,,,,,,,,,,,,,true,false,9,2015-04-01,2015-12-31,-1
2017-01-27,64540,2017-03-31,3,67000000000,0.007,,,,,6000000000,0.020,6150000000,0.062,,4000000000,,81.24,,,,,,,,,,,,,,,,,,,,,,true,true,12,2016-04-01,2017-03-31,0
2017-01-27,64540,2016-03-31,3,,,,,,,,,,,,,,,,,,,,88828000000,64263000000,0.722,1301.81,64150000000,,,,,,,,,,,,true,false,12,2015-04-01,2016-03-31,-1
2017-01-27,64540,2016-03-31,3,,,,,,,,,,,,,,,,,,,,,,,,,,,,,39.00,,,,49500626,222798,,false,false,12,2015-04-01,2016-03-31,-1
2017-01-27,64540,2017-03-31,3,,,,,,,,,,,,,,,,,,,,,,,,,,,,,39.00,,,,,,,false,true,12,2016-04-01,2017-03-31,0
2017-01-27,64540,2017-03-31,3,,,,,,,,,,,,,,,,,,,,,,,,,,,,,,,,,49500626,227415,49275283,false,false,9,2016-04-01,2016-12-31,0
2017-01-27,64540,2016-03-31,3,,,,,,,,,,,,,,,,,,,,,,,,,,,,,,,,,,,49283802,false,false,9,2015-04-01,2015-12-31,-1
2017-01-27,64540,2017-03-31,,67000000000,-0.035,,,,,6000000000,0.000,6150000000,0.000,,4000000000,,81.24,,,,,,,,,,,,,,,,,,,,,,true,true,12,2016-04-01,2017-03-31,0
2017-01-27,64540,2016-03-31,,66510000000,,,,,,5883000000,,5792000000,,,3512000000,,71.27,,,,,,,,,,,,,,,,,,,,,,true,false,12,2015-04-01,2016-03-31,-1
2017-04-27,64540,2017-03-31,,66967000000,0.007,,,,,6323000000,0.075,6455000000,0.114,,4726000000,,95.93,,0.072,0.071,0.094,,93000000000,67210000000,0.722,1362.05,67110000000,8512000000,-1816000000,-2152000000,21965000000,,0.438,,,,,,true,false,12,2016-04-01,2017-03-31,0
2017-04-27,64540,2016-03-31,,66510000000,0.024,,,,,5883000000,0.112,5792000000,-0.025,,3512000000,,71.27,,0.054,0.065,0.088,,88828000000,64263000000,0.722,1301.81,64150000000,5471000000,-570000000,-2068000000,17783000000,,0.547,,,,,,true,false,12,2015-04-01,2016-03-31,-1
2017-04-27,64540,2018-03-31,,33900000000,0.047,,,,,3070000000,0.001,3140000000,0.135,,2200000000,,44.65,,,,,,,,,,,,,,,,,,,,,,true,true,6,2017-04-01,2017-09-30,1
2017-04-27,64540,2018-03-31,,70500000000,0.053,,,,,6500000000,0.028,6650000000,0.030,,4650000000,,94.37,,,,,,,,,,,,,,,,0.445,,,,,,true,true,12,2017-04-01,2018-03-31,1
2017-04-27,64540,2017-03-31,,60251000000,0.010,,,,,4961000000,0.002,5306000000,0.006,4033000000,,0.199,81.86,,,,,,88695000000,67871000000,0.765,1377.49,67871000000,,,,,42.00,,,,49500626,228862,49274497,false,false,12,2016-04-01,2017-03-31,0
2017-04-27,64540,2016-03-31,,59668000000,0.019,,,,,4949000000,0.074,5274000000,-0.012,3363000000,,0.109,68.25,,,,,,84282000000,65324000000,0.775,1325.64,65324000000,,,,,39.00,,,,49500626,222798,49282397,false,false,12,2015-04-01,2016-03-31,-1
2017-04-27,64540,2018-03-31,,,,,,,,,,,,,,,,,,,,,,,,,,,,,,42.00,,,,,,,false,true,12,2017-04-01,2018-03-31,1
2017-07-28,64540,2018-03-31,1,15830000000,0.004,,,,,1302000000,-0.101,1367000000,0.113,,1104000000,,22.41,,,,,,91201000000,66913000000,0.733,1356.05,66811000000,,,,,,,,,,,,true,false,3,2017-04-01,2017-06-30,0
2017-07-28,64540,2017-03-31,1,15764000000,-0.004,,,,,1447000000,0.105,1228000000,-0.143,,1078000000,,21.89,,,,,,,,,,,,,,,,,,,,,,true,false,3,2016-04-01,2016-06-30,-1
2017-07-28,64540,2018-03-31,1,33900000000,0.047,,,,,3070000000,0.001,3140000000,0.135,,2200000000,,44.65,,,,,,,,,,,,,,,,,,,,,,true,true,6,2017-04-01,2017-09-30,0
2017-07-28,64540,2018-03-31,1,70500000000,0.053,,,,,6500000000,0.028,6650000000,0.030,,4650000000,,94.37,,,,,,,,,,,,,,,,,,,,,,true,true,12,2017-04-01,2018-03-31,0
2017-07-28,64540,2017-03-31,1,,,,,,,,,,,,,,,,,,,,93000000000,67210000000,0.722,1362.05,67110000000,,,,,,,,,,,,true,false,12,2016-04-01,2017-03-31,-1
2017-07-28,64540,2017-03-31,1,,,,,,,,,,,,,,,,,,,,,,,,,,,,,42.00,,,,49500626,228862,,false,false,12,2016-04-01,2017-03-31,-1
2017-07-28,64540,2018-03-31,1,,,,,,,,,,,,,,,,,,,,,,,,,,,,,42.00,,,,,,,false,true,12,2017-04-01,2018-03-31,0
2017-07-28,64540,2018-03-31,1,,,,,,,,,,,,,,,,,,,,,,,,,,,,,,,,,49500626,231666,49269797,false,false,3,2017-04-01,2017-06-30,0
2017-07-28,64540,2017-03-31,1,,,,,,,,,,,,,,,,,,,,,,,,,,,,,,,,,,,49276707,false,false,3,2016-04-01,2016-06-30,-1
2017-10-30,64540,2018-03-31,2,32925000000,0.017,,,,,2874000000,-0.062,2992000000,0.081,,2290000000,,46.49,,,,,,93930000000,68746000000,0.731,1393.24,68641000000,,,,,,,,,,,,true,false,6,2017-04-01,2017-09-30,0
2017-10-30,64540,2017-03-31,2,32362000000,-0.002,,,,,3065000000,0.070,2767000000,-0.050,,2171000000,,44.06,,,,,,,,,,,,,,,,,,,,,,true,false,6,2016-04-01,2016-09-30,-1
2017-10-30,64540,2018-03-31,2,70500000000,0.053,,,,,6500000000,0.028,6650000000,0.030,,4650000000,,94.37,,,,,,,,,,,,,,,,,,,,,,true,true,12,2017-04-01,2018-03-31,0
2017-10-30,64540,2017-03-31,2,,,,,,,,,,,,,,,,,,,,93000000000,67210000000,0.722,1362.05,67110000000,,,,,,,,,,,,true,false,12,2016-04-01,2017-03-31,-1
2017-10-30,64540,2017-03-31,2,,,,,,,,,,,,,,,,,,,,,,,,,,,,,42.00,,,,49500626,228862,,false,false,12,2016-04-01,2017-03-31,-1
2017-10-30,64540,2018-03-31,2,,,,,,,,,,,,,,,,,,,,,,,,,,,,,42.00,,,,,,,false,true,12,2017-04-01,2018-03-31,0
2017-10-30,64540,2018-03-31,2,,,,,,,,,,,,,,,,,,,,,,,,,,,,,,,,,49500626,233317,49268881,false,false,6,2017-04-01,2017-09-30,0
2017-10-30,64540,2017-03-31,2,,,,,,,,,,,,,,,,,,,,,,,,,,,,,,,,,,,49275835,false,false,6,2016-04-01,2016-09-30,-1
2018-01-30,64540,2018-03-31,3,50278000000,0.021,,,,,4397000000,-0.051,4584000000,-0.067,,3369000000,,68.40,,,,,,95200000000,70789000000,0.742,1434.65,70681000000,,,,,,,,,,,,true,false,9,2017-04-01,2017-12-31,0
2018-01-30,64540,2017-03-31,3,49237000000,0.001,,,,,4631000000,0.093,4912000000,0.115,,3683000000,,74.75,,,,,,,,,,,,,,,,,,,,,,true,false,9,2016-04-01,2016-12-31,-1
2018-01-30,64540,2018-03-31,3,68200000000,0.018,,,,,6000000000,-0.051,6200000000,-0.040,,4500000000,,91.34,,,,,,,,,,,,,,,,,,,,,,true,true,12,2017-04-01,2018-03-31,0
2018-01-30,64540,2017-03-31,3,,,,,,,,,,,,,,,,,,,,93000000000,67210000000,0.722,1362.05,67110000000,,,,,,,,,,,,true,false,12,2016-04-01,2017-03-31,-1
2018-01-30,64540,2017-03-31,3,,,,,,,,,,,,,,,,,,,,,,,,,,,,,42.00,,,,49500626,228862,,false,false,12,2016-04-01,2017-03-31,-1
2018-01-30,64540,2018-03-31,3,,,,,,,,,,,,,,,,,,,,,,,,,,,,,42.00,,,,,,,false,true,12,2017-04-01,2018-03-31,0
2018-01-30,64540,2018-03-31,3,,,,,,,,,,,,,,,,,,,,,,,,,,,,,,,,,49500626,233375,49268350,false,false,9,2017-04-01,2017-12-31,0
2018-01-30,64540,2017-03-31,3,,,,,,,,,,,,,,,,,,,,,,,,,,,,,,,,,,,49275283,false,false,9,2016-04-01,2016-12-31,-1
2018-01-30,64540,2018-03-31,,68200000000,-0.033,,,,,6000000000,-0.077,6200000000,-0.068,,4500000000,,91.34,,,,,,,,,,,,,,,,,,,,,,true,true,12,2017-04-01,2018-03-31,0
2018-01-30,64540,2017-03-31,,66967000000,,,,,,6323000000,,6455000000,,,4726000000,,95.93,,,,,,,,,,,,,,,,,,,,,,true,false,12,2016-04-01,2017-03-31,-1
2018-04-27,64540,2018-03-31,,68138000000,0.017,,,,,6139000000,-0.029,6076000000,-0.059,,4654000000,,94.46,,0.067,0.064,0.090,,96133000000,71574000000,0.743,1450.61,71467000000,6859000000,-2931000000,-2279000000,23722000000,,0.445,,,,,,true,false,12,2017-04-01,2018-03-31,0
2018-04-27,64540,2017-03-31,,66967000000,0.007,,,,,6323000000,0.075,6455000000,0.114,,4726000000,,95.93,,0.072,0.071,0.094,,93000000000,67210000000,0.722,1362.05,67110000000,8512000000,-1816000000,-2152000000,21965000000,,0.438,,,,,,true,false,12,2016-04-01,2017-03-31,-1
2018-04-27,64540,2019-03-31,,33700000000,0.024,,,,,2970000000,0.033,3060000000,0.023,,2180000000,,44.25,,,,,,,,,,,,,,,,,,,,,,true,true,6,2018-04-01,2018-09-30,1
2018-04-27,64540,2019-03-31,,70400000000,0.033,,,,,6400000000,0.042,6550000000,0.078,,4600000000,,93.37,,,,,,,,,,,,,,,,0.471,,,,,,true,true,12,2018-04-01,2019-03-31,1
2018-04-27,64540,2018-03-31,,61147000000,0.015,,,,,4961000000,0.000,5376000000,0.013,4247000000,,0.053,86.22,,,,,,91544000000,70342000000,0.768,1427.77,70342000000,,,,,42.00,,,,49500626,233440,49268070,false,false,12,2017-04-01,2018-03-31,0
2018-04-27,64540,2017-03-31,,60251000000,0.010,,,,,4961000000,0.002,5306000000,0.006,4033000000,,0.199,81.86,,,,,,88695000000,67871000000,0.765,1377.49,67871000000,,,,,42.00,,,,49500626,228862,49274497,false,false,12,2016-04-01,2017-03-31,-1
2018-04-27,64540,2019-03-31,,,,,,,,,,,,,,,,,,,,,,,,,,,,,,44.00,,,,,,,false,true,12,2018-04-01,2019-03-31,1
2018-04-27,64540,2018-03-31,,68138000000,0.017,,,,,6139000000,-0.029,6076000000,-0.059,,4654000000,,94.46,,0.067,0.064,0.090,,96133000000,71574000000,0.743,1450.61,71467000000,6859000000,-2931000000,-2279000000,23722000000,,0.445,,,,,,true,false,12,2017-04-01,2018-03-31,0
2018-04-27,64540,2017-03-31,,66967000000,0.007,,,,,6323000000,0.075,6455000000,0.114,,4726000000,,95.93,,0.072,0.071,0.094,,93000000000,67210000000,0.722,1362.05,67110000000,8512000000,-1816000000,-2152000000,21965000000,,0.438,,,,,,true,false,12,2016-04-01,2017-03-31,-1
2018-04-27,64540,2019-03-31,,33700000000,0.024,,,,,2970000000,0.033,3060000000,0.023,,2180000000,,44.25,,,,,,,,,,,,,,,,,,,,,,true,true,6,2018-04-01,2018-09-30,1
2018-04-27,64540,2019-03-31,,70400000000,0.033,,,,,6400000000,0.042,6550000000,0.078,,4600000000,,93.37,,,,,,,,,,,,,,,,0.471,,,,,,true,true,12,2018-04-01,2019-03-31,1
2018-04-27,64540,2018-03-31,,61147000000,0.015,,,,,4961000000,0.000,5376000000,0.013,4247000000,,0.053,86.22,,,,,,91544000000,70342000000,0.768,1427.77,70342000000,,,,,42.00,,,,49500626,233440,49268070,false,false,12,2017-04-01,2018-03-31,0
2018-04-27,64540,2017-03-31,,60251000000,0.010,,,,,4961000000,0.002,5306000000,0.006,4033000000,,0.199,81.86,,,,,,88695000000,67871000000,0.765,1377.49,67871000000,,,,,42.00,,,,49500626,228862,49274497,false,false,12,2016-04-01,2017-03-31,-1
2018-04-27,64540,2019-03-31,,,,,,,,,,,,,,,,,,,,,,,,,,,,,,44.00,,,,,,,false,true,12,2018-04-01,2019-03-31,1
2018-07-27,64540,2019-03-31,1,16856000000,0.065,,,,,1650000000,0.267,1794000000,0.312,,1254000000,,25.47,,,,,,94812000000,70850000000,0.746,1435.95,70744000000,,,,,,,,,,,,true,false,3,2018-04-01,2018-06-30,0
2018-07-27,64540,2018-03-31,1,15830000000,0.004,,,,,1302000000,-0.101,1367000000,0.113,,1104000000,,22.41,,,,,,,,,,,,,,,,,,,,,,true,false,3,2017-04-01,2017-06-30,-1
2018-07-27,64540,2019-03-31,1,33700000000,0.024,,,,,2970000000,0.033,3060000000,0.023,,2180000000,,44.25,,,,,,,,,,,,,,,,,,,,,,true,true,6,2018-04-01,2018-09-30,0
2018-07-27,64540,2019-03-31,1,70400000000,0.033,,,,,6400000000,0.042,6550000000,0.078,,4600000000,,93.37,,,,,,,,,,,,,,,,,,,,,,true,true,12,2018-04-01,2019-03-31,0
2018-07-27,64540,2018-03-31,1,,,,,,,,,,,,,,,,,,,,96133000000,71574000000,0.743,1450.61,71467000000,,,,,,,,,,,,true,false,12,2017-04-01,2018-03-31,-1
2018-07-27,64540,2018-03-31,1,,,,,,,,,,,,,,,,,,,,,,,,,,,,,42.00,,,,49500626,233440,,false,false,12,2017-04-01,2018-03-31,-1
2018-07-27,64540,2019-03-31,1,,,,,,,,,,,,,,,,,,,,,,,,,,,,,44.00,,,,,,,false,true,12,2018-04-01,2019-03-31,0
2018-07-27,64540,2019-03-31,1,,,,,,,,,,,,,,,,,,,,,,,,,,,,,,,,,49500626,233486,49267140,false,false,3,2018-04-01,2018-06-30,0
2018-07-27,64540,2018-03-31,1,,,,,,,,,,,,,,,,,,,,,,,,,,,,,,,,,,,49269797,false,false,3,2017-04-01,2017-06-30,-1
2018-10-26,64540,2019-03-31,2,34207000000,0.039,,,,,3429000000,0.193,3720000000,0.243,,2605000000,,52.89,,,,,,96861000000,72398000000,0.746,1467.35,72291000000,,,,,,,,,,,,true,false,6,2018-04-01,2018-09-30,0
2018-10-26,64540,2018-03-31,2,32925000000,0.017,,,,,2874000000,-0.062,2992000000,0.081,,2290000000,,46.49,,,,,,,,,,,,,,,,,,,,,,true,false,6,2017-04-01,2017-09-30,-1
2018-10-26,64540,2019-03-31,2,70400000000,0.033,,,,,6650000000,0.083,6900000000,0.135,,4800000000,,97.43,,,,,,,,,,,,,,,,,,,,,,true,true,12,2018-04-01,2019-03-31,0
2018-10-26,64540,2018-03-31,2,,,,,,,,,,,,,,,,,,,,96133000000,71574000000,0.743,1450.61,71467000000,,,,,,,,,,,,true,false,12,2017-04-01,2018-03-31,-1
2018-10-26,64540,2018-03-31,2,,,,,,,,,,,,,,,,,,,,,,,,,,,,,42.00,,,,49500626,233440,,false,false,12,2017-04-01,2018-03-31,-1
2018-10-26,64540,2019-03-31,2,,,,,,,,,,,,,,,,,,,,,,,,,,,,,44.00,,,,,,,false,true,12,2018-04-01,2019-03-31,0
2018-10-26,64540,2019-03-31,2,,,,,,,,,,,,,,,,,,,,,,,,,,,,,,,,,49500626,233608,49267084,false,false,6,2018-04-01,2018-09-30,0
2018-10-26,64540,2018-03-31,2,,,,,,,,,,,,,,,,,,,,,,,,,,,,,,,,,,,49268881,false,false,6,2017-04-01,2017-09-30,-1
2018-10-26,64540,2019-03-31,,70400000000,,,,,,6650000000,0.039,6900000000,0.053,,4800000000,,97.43,,,,,,,,,,,,,,,,,,,,,,true,true,12,2018-04-01,2019-03-31,0
2018-10-26,64540,2018-03-31,,68138000000,,,,,,6139000000,,6076000000,,,4654000000,,94.46,,,,,,,,,,,,,,,,,,,,,,true,false,12,2017-04-01,2018-03-31,-1
2019-01-30,64540,2019-03-31,3,52274000000,0.040,,,,,5465000000,0.243,5674000000,0.238,,3981000000,,80.82,,,,,,96708000000,73074000000,0.755,1481.08,72968000000,,,,,,,,,,,,true,false,9,2018-04-01,2018-12-31,0
2019-01-30,64540,2018-03-31,3,50278000000,0.021,,,,,4397000000,-0.051,4584000000,-0.067,,3369000000,,68.40,,,,,,,,,,,,,,,,,,,,,,true,false,9,2017-04-01,2017-12-31,-1
2019-01-30,64540,2019-03-31,3,70400000000,0.033,,,,,6650000000,0.083,6900000000,0.135,,4800000000,,97.43,,,,,,,,,,,,,,,,,,,,,,true,true,12,2018-04-01,2019-03-31,0
2019-01-30,64540,2018-03-31,3,,,,,,,,,,,,,,,,,,,,96133000000,71574000000,0.743,1450.61,71467000000,,,,,,,,,,,,true,false,12,2017-04-01,2018-03-31,-1
2019-01-30,64540,2018-03-31,3,,,,,,,,,,,,,,,,,,,,,,,,,,,,,42.00,,,,49500626,233440,,false,false,12,2017-04-01,2018-03-31,-1
2019-01-30,64540,2019-03-31,3,,,,,,,,,,,,,,,,,,,,,,,,,,,,,44.00,,,,,,,false,true,12,2018-04-01,2019-03-31,0
2019-01-30,64540,2019-03-31,3,,,,,,,,,,,,,,,,,,,,,,,,,,,,,,,,,49500626,233711,49267027,false,false,9,2018-04-01,2018-12-31,0
2019-01-30,64540,2018-03-31,3,,,,,,,,,,,,,,,,,,,,,,,,,,,,,,,,,,,49268350,false,false,9,2017-04-01,2017-12-31,-1
2019-04-26,64540,2019-03-31,,70118000000,0.029,,,,,7150000000,0.165,7253000000,0.194,,5064000000,,102.92,,0.070,0.075,0.102,,98174000000,73950000000,0.752,1509.80,73840000000,7814000000,-6384000000,-2824000000,22190000000,,0.425,,,,,,true,false,12,2018-04-01,2019-03-31,0
2019-04-26,64540,2018-03-31,,68138000000,0.017,,,,,6139000000,-0.029,6076000000,-0.059,,4654000000,,94.46,,0.067,0.064,0.090,,96133000000,71574000000,0.743,1450.61,71467000000,6859000000,-2931000000,-2279000000,23722000000,,0.445,,,,,,true,false,12,2017-04-01,2018-03-31,-1
2019-04-26,64540,2020-03-31,,35400000000,0.035,,,,,3650000000,0.064,3700000000,-0.006,,2650000000,,54.18,,,,,,,,,,,,,,,,,,,,,,true,true,6,2019-04-01,2019-09-30,1
2019-04-26,64540,2020-03-31,,72350000000,0.032,,,,,7450000000,0.042,7600000000,0.048,,5250000000,,107.35,,,,,,,,,,,,,,,,0.410,,,,,,true,true,12,2019-04-01,2020-03-31,1
2019-04-26,64540,2019-03-31,,62498000000,0.022,,,,,5476000000,0.104,6129000000,0.140,4590000000,,0.081,93.29,,,,,,93433000000,71798000000,0.768,1468.04,71798000000,,,,,44.00,,,,49141426,233737,49207126,false,false,12,2018-04-01,2019-03-31,0
2019-04-26,64540,2018-03-31,,61147000000,0.015,,,,,4961000000,0.000,5376000000,0.013,4247000000,,0.053,86.22,,,,,,91544000000,70342000000,0.768,1427.77,70342000000,,,,,42.00,,,,49500626,233440,49268070,false,false,12,2017-04-01,2018-03-31,-1
2019-04-26,64540,2020-03-31,,,,,,,,,,,,,,,,,,,,,,,,,,,,,,44.00,,,,,,,false,true,12,2019-04-01,2020-03-31,1
2019-07-26,64540,2020-03-31,1,17249000000,0.023,,,,,1979000000,0.199,1891000000,0.054,,1421000000,,29.07,,,,,,95974000000,72644000000,0.756,1483.24,72541000000,,,,,,,,,,,,true,false,3,2019-04-01,2019-06-30,0
2019-07-26,64540,2019-03-31,1,16856000000,0.065,,,,,1650000000,0.267,1794000000,0.312,,1254000000,,25.47,,,,,,,,,,,,,,,,,,,,,,true,false,3,2018-04-01,2018-06-30,-1
2019-07-26,64540,2020-03-31,1,35400000000,0.035,,,,,3650000000,0.064,3700000000,-0.006,,2650000000,,54.18,,,,,,,,,,,,,,,,,,,,,,true,true,6,2019-04-01,2019-09-30,0
2019-07-26,64540,2020-03-31,1,72350000000,0.032,,,,,7450000000,0.042,7600000000,0.048,,5250000000,,107.35,,,,,,,,,,,,,,,,,,,,,,true,true,12,2019-04-01,2020-03-31,0
2019-07-26,64540,2019-03-31,1,,,,,,,,,,,,,,,,,,,,98174000000,73950000000,0.752,1509.80,73840000000,,,,,,,,,,,,true,false,12,2018-04-01,2019-03-31,-1
2019-07-26,64540,2019-03-31,1,,,,,,,,,,,,,,,,,,,,,,,,,,,,,44.00,,,,49141426,233737,,false,false,12,2018-04-01,2019-03-31,-1
2019-07-26,64540,2020-03-31,1,,,,,,,,,,,,,,,,,,,,,,,,,,,,,44.00,,,,,,,false,true,12,2019-04-01,2020-03-31,0
2019-07-26,64540,2020-03-31,1,,,,,,,,,,,,,,,,,,,,,,,,,,,,,,,,,49141426,233785,48907641,false,false,3,2019-04-01,2019-06-30,0
2019-07-26,64540,2019-03-31,1,,,,,,,,,,,,,,,,,,,,,,,,,,,,,,,,,,,49267140,false,false,3,2018-04-01,2018-06-30,-1
2019-10-30,64540,2020-03-31,2,34885000000,0.020,,,,,4065000000,0.185,3913000000,0.052,,2858000000,,58.44,,,,,,97323000000,74127000000,0.761,1513.56,74024000000,,,,,,,,,,,,true,false,6,2019-04-01,2019-09-30,0
2019-10-30,64540,2019-03-31,2,34207000000,0.039,,,,,3429000000,0.193,3720000000,0.243,,2605000000,,52.89,,,,,,,,,,,,,,,,,,,,,,true,false,6,2018-04-01,2018-09-30,-1
2019-10-30,64540,2020-03-31,2,70500000000,0.005,,,,,7900000000,0.105,7800000000,0.075,,5400000000,,110.41,,,,,,,,,,,,,,,,,,,,,,true,true,12,2019-04-01,2020-03-31,0
2019-10-30,64540,2019-03-31,2,,,,,,,,,,,,,,,,,,,,98174000000,73950000000,0.752,1509.80,73840000000,,,,,,,,,,,,true,false,12,2018-04-01,2019-03-31,-1
2019-10-30,64540,2019-03-31,2,,,,,,,,,,,,,,,,,,,,,,,,,,,,,44.00,,,,49141426,233737,,false,false,12,2018-04-01,2019-03-31,-1
2019-10-30,64540,2020-03-31,2,,,,,,,,,,,,,,,,,,,,,,,,,,,,,44.00,,,,,,,false,true,12,2019-04-01,2020-03-31,0
2019-10-30,64540,2020-03-31,2,,,,,,,,,,,,,,,,,,,,,,,,,,,,,,,,,49141426,233956,48907590,false,false,6,2019-04-01,2019-09-30,0
2019-10-30,64540,2019-03-31,2,,,,,,,,,,,,,,,,,,,,,,,,,,,,,,,,,,,49267084,false,false,6,2018-04-01,2018-09-30,-1
2020-01-30,64540,2020-03-31,3,52374000000,0.002,,,,,6106000000,0.117,6097000000,0.075,,4379000000,,89.54,,,,,,99776000000,76221000000,0.763,1556.31,76114000000,,,,,,,,,,,,true,false,9,2019-04-01,2019-12-31,0
2020-01-30,64540,2019-03-31,3,52274000000,0.040,,,,,5465000000,0.243,5674000000,0.238,,3981000000,,80.82,,,,,,,,,,,,,,,,,,,,,,true,false,9,2018-04-01,2018-12-31,-1
2020-01-30,64540,2020-03-31,3,70500000000,0.005,,,,,7900000000,0.105,7800000000,0.075,,5400000000,,110.41,,,,,,,,,,,,,,,,,,,,,,true,true,12,2019-04-01,2020-03-31,0
2020-01-30,64540,2019-03-31,3,,,,,,,,,,,,,,,,,,,,98174000000,73950000000,0.752,1509.80,73840000000,,,,,,,,,,,,true,false,12,2018-04-01,2019-03-31,-1
2020-01-30,64540,2019-03-31,3,,,,,,,,,,,,,,,,,,,,,,,,,,,,,44.00,,,,49141426,233737,,false,false,12,2018-04-01,2019-03-31,-1
2020-01-30,64540,2020-03-31,3,,,,,,,,,,,,,,,,,,,,,,,,,,,,,44.00,,,,,,,false,true,12,2019-04-01,2020-03-31,0
2020-01-30,64540,2020-03-31,3,,,,,,,,,,,,,,,,,,,,,,,,,,,,,,,,,49141426,234263,48907487,false,false,9,2019-04-01,2019-12-31,0
2020-01-30,64540,2019-03-31,3,,,,,,,,,,,,,,,,,,,,,,,,,,,,,,,,,,,49267027,false,false,9,2018-04-01,2018-12-31,-1
2020-05-13,64540,2020-03-31,,69671000000,-0.006,,,,,7586000000,0.061,7405000000,0.021,,5510000000,,112.67,,0.074,0.075,0.109,,99378000000,75972000000,0.763,1551.34,75871000000,8196000000,-5916000000,-2411000000,21849000000,,0.408,,,,,,true,false,12,2019-04-01,2020-03-31,0
2020-05-13,64540,2019-03-31,,70118000000,0.029,,,,,7150000000,0.165,7253000000,0.194,,5064000000,,102.92,,0.070,0.075,0.102,,98174000000,73950000000,0.752,1509.80,73840000000,7814000000,-6384000000,-2824000000,22190000000,,0.425,,,,,,true,false,12,2018-04-01,2019-03-31,-1
2020-05-13,64540,2020-03-31,,61115000000,-0.022,,,,,4586000000,-0.162,5161000000,-0.158,3984000000,,-0.132,81.47,,,,,,93479000000,72572000000,0.776,1483.88,72572000000,,,,,46.00,,,,49141426,234263,48907406,false,false,12,2019-04-01,2020-03-31,0
2020-05-13,64540,2019-03-31,,62498000000,0.022,,,,,5476000000,0.104,6129000000,0.140,4590000000,,0.081,93.29,,,,,,93433000000,71798000000,0.768,1468.04,71798000000,,,,,44.00,,,,49141426,233737,49207126,false,false,12,2018-04-01,2019-03-31,-1
2020-05-13,64540,2020-03-31,,69671000000,-0.006,,,,,7586000000,0.061,7405000000,0.021,,5510000000,,112.67,,0.074,0.075,0.109,,99378000000,75972000000,0.763,1551.34,75871000000,8330000000,-5986000000,-2411000000,21849000000,,0.408,,,,,,true,false,12,2019-04-01,2020-03-31,0
2020-05-13,64540,2019-03-31,,70118000000,0.029,,,,,7150000000,0.165,7253000000,0.194,,5064000000,,102.92,,0.070,0.075,0.102,,98174000000,73950000000,0.752,1509.80,73840000000,7814000000,-6384000000,-2824000000,22190000000,,0.425,,,,,,true,false,12,2018-04-01,2019-03-31,-1
2020-05-13,64540,2020-03-31,,61115000000,-0.022,,,,,4586000000,-0.162,5161000000,-0.158,3984000000,,-0.132,81.47,,,,,,93479000000,72572000000,0.776,1483.88,72572000000,,,,,46.00,,,,49141426,234263,48907406,false,false,12,2019-04-01,2020-03-31,0
2020-05-13,64540,2019-03-31,,62498000000,0.022,,,,,5476000000,0.104,6129000000,0.140,4590000000,,0.081,93.29,,,,,,93433000000,71798000000,0.768,1468.04,71798000000,,,,,44.00,,,,49141426,233737,49207126,false,false,12,2018-04-01,2019-03-31,-1
2020-07-29,64540,2021-03-31,1,14574000000,-0.155,,,,,1439000000,-0.273,1461000000,-0.227,,1096000000,,22.43,,,,,,97385000000,75135000000,0.771,1534.29,75038000000,,,,,,,,,,,,true,false,3,2020-04-01,2020-06-30,0
2020-07-29,64540,2020-03-31,1,17249000000,0.023,,,,,1979000000,0.199,1891000000,0.054,,1421000000,,29.07,,,,,,,,,,,,,,,,,,,,,,true,false,3,2019-04-01,2019-06-30,-1
2020-07-29,64540,2021-03-31,1,29800000000,-0.146,,,,,2550000000,-0.373,2570000000,-0.343,,1880000000,,38.44,,,,,,,,,,,,,,,,,,,,,,true,true,6,2020-04-01,2020-09-30,0
2020-07-29,64540,2021-03-31,1,63500000000,-0.089,,,,,5700000000,-0.249,5800000000,-0.217,,4200000000,,85.88,,,,,,,,,,,,,,,,,,,,,,true,true,12,2020-04-01,2021-03-31,0
2020-07-29,64540,2020-03-31,1,,,,,,,,,,,,,,,,,,,,99378000000,75972000000,0.763,1551.34,75871000000,,,,,,,,,,,,true,false,12,2019-04-01,2020-03-31,-1
2020-07-29,64540,2020-03-31,1,,,,,,,,,,,,,,,,,,,,,,,,,,,,,46.00,,,,49141426,234263,,false,false,12,2019-04-01,2020-03-31,-1
2020-07-29,64540,2021-03-31,1,,,,,,,,,,,,,,,,,,,,,,,,,,,,,46.00,,,,,,,false,true,12,2020-04-01,2021-03-31,0
2020-07-29,64540,2021-03-31,1,,,,,,,,,,,,,,,,,,,,,,,,,,,,,,,,,49141426,234294,48907152,false,false,3,2020-04-01,2020-06-30,0
2020-07-29,64540,2020-03-31,1,,,,,,,,,,,,,,,,,,,,,,,,,,,,,,,,,,,48907641,false,false,3,2019-04-01,2019-06-30,-1
2020-10-28,64540,2021-03-31,2,30040000000,-0.139,,,,,3004000000,-0.261,2919000000,-0.254,,2265000000,,46.32,,,,,,98519000000,76519000000,0.776,1562.59,76421000000,,,,,,,,,,,,true,false,6,2020-04-01,2020-09-30,0
2020-10-28,64540,2020-03-31,2,34885000000,0.020,,,,,4065000000,0.185,3913000000,0.052,,2858000000,,58.44,,,,,,,,,,,,,,,,,,,,,,true,false,6,2019-04-01,2019-09-30,-1
2020-10-28,64540,2021-03-31,2,63500000000,-0.089,,,,,5700000000,-0.249,5800000000,-0.217,,4200000000,,85.88,,,,,,,,,,,,,,,,,,,,,,true,true,12,2020-04-01,2021-03-31,0
2020-10-28,64540,2020-03-31,2,,,,,,,,,,,,,,,,,,,,99378000000,75972000000,0.763,1551.34,75871000000,,,,,,,,,,,,true,false,12,2019-04-01,2020-03-31,-1
2020-10-28,64540,2020-03-31,2,,,,,,,,,,,,,,,,,,,,,,,,,,,,,46.00,,,,49141426,234263,,false,false,12,2019-04-01,2020-03-31,-1
2020-10-28,64540,2021-03-31,2,,,,,,,,,,,,,,,,,,,,,,,,,,,,,46.00,,,,,,,false,true,12,2020-04-01,2021-03-31,0
2020-10-28,64540,2021-03-31,2,,,,,,,,,,,,,,,,,,,,,,,,,,,,,,,,,49141426,234393,48907098,false,false,6,2020-04-01,2020-09-30,0
2020-10-28,64540,2020-03-31,2,,,,,,,,,,,,,,,,,,,,,,,,,,,,,,,,,,,48907590,false,false,6,2019-04-01,2019-09-30,-1
2021-01-29,64540,2021-03-31,3,46689000000,-0.109,,,,,4842000000,-0.207,4654000000,-0.237,,3497000000,,71.50,,,,,,100346000000,78064000000,0.777,1594.17,77965000000,,,,,,,,,,,,true,false,9,2020-04-01,2020-12-31,0
2021-01-29,64540,2020-03-31,3,52374000000,0.002,,,,,6106000000,0.117,6097000000,0.075,,4379000000,,89.54,,,,,,,,,,,,,,,,,,,,,,true,false,9,2019-04-01,2019-12-31,-1
2021-01-29,64540,2021-03-31,3,63500000000,-0.089,,,,,6500000000,-0.143,6300000000,-0.149,,4700000000,,96.10,,,,,,,,,,,,,,,,,,,,,,true,true,12,2020-04-01,2021-03-31,0
2021-01-29,64540,2020-03-31,3,,,,,,,,,,,,,,,,,,,,99378000000,75972000000,0.763,1551.34,75871000000,,,,,,,,,,,,true,false,12,2019-04-01,2020-03-31,-1
2021-01-29,64540,2020-03-31,3,,,,,,,,,,,,,,,,,,,,,,,,,,,,,46.00,,,,49141426,234263,,false,false,12,2019-04-01,2020-03-31,-1
2021-01-29,64540,2021-03-31,3,,,,,,,,,,,,,,,,,,,,,,,,,,,,,46.00,,,,,,,false,true,12,2020-04-01,2021-03-31,0
2021-01-29,64540,2021-03-31,3,,,,,,,,,,,,,,,,,,,,,,,,,,,,,,,,,49141426,234397,48907075,false,false,9,2020-04-01,2020-12-31,0
2021-01-29,64540,2020-03-31,3,,,,,,,,,,,,,,,,,,,,,,,,,,,,,,,,,,,48907487,false,false,9,2019-04-01,2019-12-31,-1
2021-04-28,64540,2021-03-31,,64029000000,-0.081,,,,,6685000000,-0.119,6826000000,-0.078,,5153000000,,105.80,,0.067,0.068,0.104,,102538000000,78696000000,0.767,1647.68,78599000000,8798000000,-5349000000,-4483000000,21421000000,,0.444,,,,,,true,false,12,2020-04-01,2021-03-31,0
2021-04-28,64540,2020-03-31,,69671000000,-0.006,,,,,7586000000,0.061,7405000000,0.021,,5510000000,,112.67,,0.074,0.075,0.109,,99378000000,75972000000,0.763,1551.34,75871000000,8330000000,-5986000000,-2411000000,21849000000,,0.408,,,,,,true,false,12,2019-04-01,2020-03-31,-1
2021-04-28,64540,2022-03-31,,32800000000,0.092,,,,,3350000000,0.115,3350000000,0.148,2500000000,,0.104,52.41,,,,,,,,,,,,,,,,,,,,,,true,true,6,2021-04-01,2021-09-30,1
2021-04-28,64540,2022-03-31,,67400000000,0.053,,,,,7100000000,0.062,7100000000,0.040,5250000000,,0.019,110.06,,,,,,,,,,,,,,,,0.454,,,,,,true,true,12,2021-04-01,2022-03-31,1
2021-04-28,64540,2021-03-31,,54940000000,-0.101,,,,,2333000000,-0.491,3265000000,-0.367,2608000000,,-0.345,53.55,,,,,,93121000000,71855000000,0.772,1506.32,71855000000,,,,,48.00,,,,47937426,234490,48706387,false,false,12,2020-04-01,2021-03-31,0
2021-04-28,64540,2020-03-31,,61115000000,-0.022,,,,,4586000000,-0.162,5161000000,-0.158,3984000000,,-0.132,81.47,,,,,,93479000000,72572000000,0.776,1483.88,72572000000,,,,,46.00,,,,49141426,234263,48907406,false,false,12,2019-04-01,2020-03-31,-1
2021-04-28,64540,2022-03-31,,,,,,,,,,,,,,,,,,,,,,,,,,,,,,50.00,,,,,,,false,true,12,2021-04-01,2022-03-31,1
2021-07-30,64540,2022-03-31,1,17163000000,0.178,,,,,1791000000,0.245,1813000000,0.240,,1323000000,,27.75,,,,,,101049000000,77714000000,0.768,1627.12,77618000000,,,,,,,,,,,,true,false,3,2021-04-01,2021-06-30,0
2021-07-30,64540,2021-03-31,1,14574000000,-0.155,,,,,1439000000,-0.273,1461000000,-0.227,,1096000000,,22.43,,,,,,,,,,,,,,,,,,,,,,true,false,3,2020-04-01,2020-06-30,-1
2021-07-30,64540,2022-03-31,1,32800000000,0.092,,,,,3350000000,0.115,3350000000,0.148,,2500000000,,52.41,,,,,,,,,,,,,,,,,,,,,,true,true,6,2021-04-01,2021-09-30,0
2021-07-30,64540,2022-03-31,1,67400000000,0.053,,,,,7100000000,0.062,7100000000,0.040,,5250000000,,110.06,,,,,,,,,,,,,,,,,,,,,,true,true,12,2021-04-01,2022-03-31,0
2021-07-30,64540,2021-03-31,1,,,,,,,,,,,,,,,,,,,,102538000000,78696000000,0.767,1647.68,78599000000,,,,,,,,,,,,true,false,12,2020-04-01,2021-03-31,-1
2021-07-30,64540,2021-03-31,1,,,,,,,,,,,,,,,,,,,,,,,,,,,,,48.00,,,,47937426,234490,,false,false,12,2020-04-01,2021-03-31,-1
2021-07-30,64540,2022-03-31,1,,,,,,,,,,,,,,,,,,,,,,,,,,,,,50.00,,,,,,,false,true,12,2021-04-01,2022-03-31,0
2021-07-30,64540,2022-03-31,1,,,,,,,,,,,,,,,,,,,,,,,,,,,,,,,,,47937426,234571,47702860,false,false,3,2021-04-01,2021-06-30,0
2021-07-30,64540,2021-03-31,1,,,,,,,,,,,,,,,,,,,,,,,,,,,,,,,,,,,48907152,false,false,3,2020-04-01,2020-06-30,-1
2021-10-29,64540,2022-03-31,2,35521000000,0.182,,,,,3810000000,0.268,3808000000,0.305,,2833000000,,59.56,,,,,,102708000000,78520000000,0.764,1657.99,78427000000,,,,,,,,,,,,true,false,6,2021-04-01,2021-09-30,0
2021-10-29,64540,2021-03-31,2,30040000000,-0.139,,,,,3004000000,-0.261,2919000000,-0.254,,2265000000,,46.32,,,,,,,,,,,,,,,,,,,,,,true,false,6,2020-04-01,2020-09-30,-1
2021-10-29,64540,2022-03-31,2,72600000000,0.134,,,,,7600000000,0.137,7600000000,0.113,,5650000000,,119.11,,,,,,,,,,,,,,,,,,,,,,true,true,12,2021-04-01,2022-03-31,0
2021-10-29,64540,2021-03-31,2,,,,,,,,,,,,,,,,,,,,102538000000,78696000000,0.767,1647.68,78599000000,,,,,,,,,,,,true,false,12,2020-04-01,2021-03-31,-1
2021-10-29,64540,2021-03-31,2,,,,,,,,,,,,,,,,,,,,,,,,,,,,,48.00,,,,47937426,234490,,false,false,12,2020-04-01,2021-03-31,-1
2021-10-29,64540,2022-03-31,2,,,,,,,,,,,,,,,,,,,,,,,,,,,,,50.00,,,,,,,false,true,12,2021-04-01,2022-03-31,0
2021-10-29,64540,2022-03-31,2,,,,,,,,,,,,,,,,,,,,,,,,,,,,,,,,,47537426,234763,47569439,false,false,6,2021-04-01,2021-09-30,0
2021-10-29,64540,2021-03-31,2,,,,,,,,,,,,,,,,,,,,,,,,,,,,,,,,,,,48907098,false,false,6,2020-04-01,2020-09-30,-1
2022-01-31,64540,2022-03-31,3,54439000000,0.166,,,,,5683000000,0.174,5937000000,0.275,,4338000000,,91.38,,,,,,105558000000,80337000000,0.760,1696.35,80241000000,,,,,,,,,,,,true,false,9,2021-04-01,2021-12-31,0
2022-01-31,64540,2021-03-31,3,46689000000,-0.109,,,,,4842000000,-0.207,4654000000,-0.237,,3497000000,,71.50,,,,,,,,,,,,,,,,,,,,,,true,false,9,2020-04-01,2020-12-31,-1
2022-01-31,64540,2022-03-31,3,72600000000,0.134,,,,,7600000000,0.137,7600000000,0.113,,5650000000,,119.11,,,,,,,,,,,,,,,,,,,,,,true,true,12,2021-04-01,2022-03-31,0
2022-01-31,64540,2021-03-31,3,,,,,,,,,,,,,,,,,,,,102538000000,78696000000,0.767,1647.68,78599000000,,,,,,,,,,,,true,false,12,2020-04-01,2021-03-31,-1
2022-01-31,64540,2021-03-31,3,,,,,,,,,,,,,,,,,,,,,,,,,,,,,48.00,,,,47937426,234490,,false,false,12,2020-04-01,2021-03-31,-1
2022-01-31,64540,2022-03-31,3,,,,,,,,,,,,,,,,,,,,,,,,,,,,,50.00,,,,,,,false,true,12,2021-04-01,2022-03-31,0
2022-01-31,64540,2022-03-31,3,,,,,,,,,,,,,,,,,,,,,,,,,,,,,,,,,47537426,234763,47480513,false,false,9,2021-04-01,2021-12-31,0
2022-01-31,64540,2021-03-31,3,,,,,,,,,,,,,,,,,,,,,,,,,,,,,,,,,,,48907075,false,false,9,2020-04-01,2020-12-31,-1
2022-04-28,64540,2022-03-31,,73958000000,0.155,,,,,7498000000,0.122,8282000000,0.213,,6090000000,,128.40,,0.075,0.078,0.101,,109043000000,83136000000,0.761,1755.41,83035000000,5629000000,-1651000000,-3274000000,23302000000,,0.498,,,,,,true,false,12,2021-04-01,2022-03-31,0
2022-04-28,64540,2021-03-31,,64029000000,-0.081,,,,,6685000000,-0.119,6826000000,-0.078,,5153000000,,105.80,,0.067,0.068,0.104,,102538000000,78696000000,0.767,1647.68,78599000000,8798000000,-5349000000,-4483000000,21421000000,,0.444,,,,,,true,false,12,2020-04-01,2021-03-31,-1
2022-04-28,64540,2023-03-31,,37600000000,0.059,,,,,3580000000,-0.061,3570000000,-0.063,2650000000,,-0.065,56.02,,,,,,,,,,,,,,,,,,,,,,true,true,6,2022-04-01,2022-09-30,1
2022-04-28,64540,2023-03-31,,78100000000,0.056,,,,,8200000000,0.093,8200000000,-0.010,6000000000,,-0.015,126.84,,,,,,,,,,,,,,,,0.505,,,,,,true,true,12,2022-04-01,2023-03-31,1
2022-04-28,64540,2022-03-31,,65023000000,0.184,,,,,4735000000,1.030,5446000000,0.668,3921000000,,0.503,82.66,,,,,,95843000000,72593000000,0.757,1534.66,72593000000,,,,,64.00,,,,47537426,234892,47436026,false,false,12,2021-04-01,2022-03-31,0
2022-04-28,64540,2021-03-31,,54940000000,-0.101,,,,,2333000000,-0.491,3265000000,-0.367,2608000000,,-0.345,53.55,,,,,,93121000000,71855000000,0.772,1506.32,71855000000,,,,,48.00,,,,47937426,234490,48706387,false,false,12,2020-04-01,2021-03-31,-1
2022-04-28,64540,2023-03-31,,,,,,,,,,,,,,,,,,,,,,,,,,,,,,64.00,,,,,,,false,true,12,2022-04-01,2023-03-31,1
2022-07-29,64540,2023-03-31,1,20336000000,0.185,,,,,2191000000,0.223,3082000000,0.700,,2220000000,,46.95,,,,,,109950000000,83972000000,0.763,1772.92,83863000000,,,,,,,,,,,,true,false,3,2022-04-01,2022-06-30,0
2022-07-29,64540,2022-03-31,1,17163000000,0.178,,,,,1791000000,0.245,1813000000,0.240,,1323000000,,27.75,,,,,,,,,,,,,,,,,,,,,,true,false,3,2021-04-01,2021-06-30,-1
2022-07-29,64540,2023-03-31,1,41300000000,0.163,,,,,4380000000,0.149,4770000000,0.252,,3450000000,,72.93,,,,,,,,,,,,,,,,,,,,,,true,true,6,2022-04-01,2022-09-30,0
2022-07-29,64540,2023-03-31,1,82400000000,0.114,,,,,9000000000,0.200,9400000000,0.135,,6800000000,,143.76,,,,,,,,,,,,,,,,,,,,,,true,true,12,2022-04-01,2023-03-31,0
2022-07-29,64540,2022-03-31,1,,,,,,,,,,,,,,,,,,,,109043000000,83136000000,0.761,1755.41,83035000000,,,,,,,,,,,,true,false,12,2021-04-01,2022-03-31,-1
2022-07-29,64540,2022-03-31,1,,,,,,,,,,,,,,,,,,,,,,,,,,,,,64.00,,,,47537426,234892,,false,false,12,2021-04-01,2022-03-31,-1
2022-07-29,64540,2023-03-31,1,,,,,,,,,,,,,,,,,,,,,,,,,,,,,64.00,,,,,,,false,true,12,2022-04-01,2023-03-31,0
2022-07-29,64540,2023-03-31,1,,,,,,,,,,,,,,,,,,,,,,,,,,,,,,,,,47537426,234945,47302498,false,false,3,2022-04-01,2022-06-30,0
2022-07-29,64540,2022-03-31,1,,,,,,,,,,,,,,,,,,,,,,,,,,,,,,,,,,,47702860,false,false,3,2021-04-01,2021-06-30,-1
2022-10-28,64540,2023-03-31,2,41963000000,0.181,,,,,4436000000,0.164,5723000000,0.503,,4129000000,,87.29,,,,,,113644000000,86495000000,0.760,1826.21,86384000000,,,,,,,,,,,,true,false,6,2022-04-01,2022-09-30,0
2022-10-28,64540,2022-03-31,2,35521000000,0.182,,,,,3810000000,0.268,3808000000,0.305,,2833000000,,59.56,,,,,,,,,,,,,,,,,,,,,,true,false,6,2021-04-01,2021-09-30,-1
2022-10-28,64540,2023-03-31,2,85400000000,0.155,,,,,9000000000,0.200,9800000000,0.183,,7200000000,,152.21,,,,,,,,,,,,,,,,,,,,,,true,true,12,2022-04-01,2023-03-31,0
2022-10-28,64540,2022-03-31,2,,,,,,,,,,,,,,,,,,,,109043000000,83136000000,0.761,1755.41,83035000000,,,,,,,,,,,,true,false,12,2021-04-01,2022-03-31,-1
2022-10-28,64540,2022-03-31,2,,,,,,,,,,,,,,,,,,,,,,,,,,,,,64.00,,,,47537426,234892,,false,false,12,2021-04-01,2022-03-31,-1
2022-10-28,64540,2023-03-31,2,,,,,,,,,,,,,,,,,,,,,,,,,,,,,64.00,,,,,,,false,true,12,2022-04-01,2023-03-31,0
2022-10-28,64540,2023-03-31,2,,,,,,,,,,,,,,,,,,,,,,,,,,,,,,,,,47537426,235114,47302440,false,false,6,2022-04-01,2022-09-30,0
2022-10-28,64540,2022-03-31,2,,,,,,,,,,,,,,,,,,,,,,,,,,,,,,,,,,,47569439,false,false,6,2021-04-01,2021-09-30,-1
2023-01-31,64540,2023-03-31,3,63880000000,0.173,,,,,7595000000,0.336,8249000000,0.389,,5871000000,,124.14,,,,,,114191000000,87410000000,0.765,1845.62,87302000000,,,,,,,,,,,,true,false,9,2022-04-01,2022-12-31,0
2023-01-31,64540,2022-03-31,3,54439000000,0.166,,,,,5683000000,0.174,5937000000,0.275,,4338000000,,91.38,,,,,,,,,,,,,,,,,,,,,,true,false,9,2021-04-01,2021-12-31,-1
2023-01-31,64540,2023-03-31,3,85400000000,0.155,,,,,9800000000,0.307,10150000000,0.225,,7250000000,,153.27,,,,,,,,,,,,,,,,,,,,,,true,true,12,2022-04-01,2023-03-31,0
2023-01-31,64540,2022-03-31,3,,,,,,,,,,,,,,,,,,,,109043000000,83136000000,0.761,1755.41,83035000000,,,,,,,,,,,,true,false,12,2021-04-01,2022-03-31,-1
2023-01-31,64540,2022-03-31,3,,,,,,,,,,,,,,,,,,,,,,,,,,,,,64.00,,,,47537426,234892,,false,false,12,2021-04-01,2022-03-31,-1
2023-01-31,64540,2023-03-31,3,,,,,,,,,,,,,,,,,,,,,,,,,,,,,74.00,,,,,,,false,true,12,2022-04-01,2023-03-31,0
2023-01-31,64540,2023-03-31,3,,,,,,,,,,,,,,,,,,,,,,,,,,,,,,,,,47537426,235205,47302387,false,false,9,2022-04-01,2022-12-31,0
2023-01-31,64540,2022-03-31,3,,,,,,,,,,,,,,,,,,,,,,,,,,,,,,,,,,,47480513,false,false,9,2021-04-01,2021-12-31,-1
2023-04-28,64540,2023-03-31,,84316000000,0.140,,,,,9926000000,0.324,10510000000,0.269,,7619000000,,161.07,,0.089,0.093,0.118,,116742000000,88906000000,0.761,1877.19,88795000000,8248000000,-1085000000,-3332000000,26987000000,,0.484,,,,,,true,false,12,2022-04-01,2023-03-31,0
2023-04-28,64540,2022-03-31,,73958000000,0.155,,,,,7498000000,0.122,8282000000,0.213,,6090000000,,128.40,,0.075,0.078,0.101,,109043000000,83136000000,0.761,1755.41,83035000000,5629000000,-2442000000,-3274000000,22435000000,,0.498,,,,,,true,false,12,2021-04-01,2022-03-31,-1
2023-04-28,64540,2024-03-31,,42850000000,0.021,,,,,4950000000,0.116,4900000000,-0.144,3590000000,,-0.131,75.90,,,,,,,,,,,,,,,,,,,,,,true,true,6,2023-04-01,2023-09-30,1
2023-04-28,64540,2024-03-31,,87800000000,0.041,,,,,10700000000,0.078,10600000000,0.008,7700000000,,0.011,162.78,,,,,,,,,,,,,,,,0.479,,,,,,true,true,12,2023-04-01,2024-03-31,1
2023-04-28,64540,2023-03-31,,75063000000,0.154,,,,,8378000000,0.769,8997000000,0.652,6459000000,,0.647,136.56,,,,,,101833000000,76426000000,0.751,1615.72,76426000000,,,,,78.00,,,,47537426,235275,47302336,false,false,12,2022-04-01,2023-03-31,0
2023-04-28,64540,2022-03-31,,65023000000,0.184,,,,,4735000000,1.030,5446000000,0.668,3921000000,,0.503,82.66,,,,,,95843000000,72593000000,0.757,1534.66,72593000000,,,,,64.00,,,,47537426,234892,47436026,false,false,12,2021-04-01,2022-03-31,-1
2023-04-28,64540,2024-03-31,,,,,,,,,,,,,,,,,,,,,,,,,,,,,,78.00,,,,,,,false,true,12,2023-04-01,2024-03-31,1
2022-04-28,64540,2022-03-31,,73958000000,0.155,,,,,7498000000,0.122,8282000000,0.213,,6090000000,,128.40,,0.075,0.078,0.101,,109043000000,83136000000,0.761,1755.41,83035000000,5629000000,-2442000000,-3274000000,22435000000,,0.498,,,,,,true,false,12,2021-04-01,2022-03-31,0
2022-04-28,64540,2021-03-31,,64029000000,-0.081,,,,,6685000000,-0.119,6826000000,-0.078,,5153000000,,105.80,,0.067,0.068,0.104,,102538000000,78696000000,0.767,1647.68,78599000000,8798000000,-5349000000,-4483000000,21421000000,,0.444,,,,,,true,false,12,2020-04-01,2021-03-31,-1
2022-04-28,64540,2023-03-31,,37600000000,0.059,,,,,3580000000,-0.061,3570000000,-0.063,2650000000,,-0.065,56.02,,,,,,,,,,,,,,,,,,,,,,true,true,6,2022-04-01,2022-09-30,1
2022-04-28,64540,2023-03-31,,78100000000,0.056,,,,,8200000000,0.093,8200000000,-0.010,6000000000,,-0.015,126.84,,,,,,,,,,,,,,,,0.505,,,,,,true,true,12,2022-04-01,2023-03-31,1
2022-04-28,64540,2022-03-31,,65023000000,0.184,,,,,4735000000,1.030,5446000000,0.668,3921000000,,0.503,82.66,,,,,,95843000000,72593000000,0.757,1534.66,72593000000,,,,,64.00,,,,47537426,234892,47436026,false,false,12,2021-04-01,2022-03-31,0
2022-04-28,64540,2021-03-31,,54940000000,-0.101,,,,,2333000000,-0.491,3265000000,-0.367,2608000000,,-0.345,53.55,,,,,,93121000000,71855000000,0.772,1506.32,71855000000,,,,,48.00,,,,47937426,234490,48706387,false,false,12,2020-04-01,2021-03-31,-1
2022-04-28,64540,2023-03-31,,,,,,,,,,,,,,,,,,,,,,,,,,,,,,64.00,,,,,,,false,true,12,2022-04-01,2023-03-31,1
2023-07-31,64540,2024-03-31,1,21200000000,0.042,,,,,3510000000,0.602,4196000000,0.362,,2918000000,,61.71,,,,,,116083000000,90042000000,0.775,1901.19,89930000000,,,,,,,,,,,,true,false,3,2023-04-01,2023-06-30,0
2023-07-31,64540,2023-03-31,1,20336000000,0.185,,,,,2191000000,0.223,3082000000,0.700,,2220000000,,46.95,,,,,,,,,,,,,,,,,,,,,,true,false,3,2022-04-01,2022-06-30,-1
2023-07-31,64540,2024-03-31,1,42850000000,0.021,,,,,6250000000,0.409,6260000000,0.094,,4390000000,,92.80,,,,,,,,,,,,,,,,,,,,,,true,true,6,2023-04-01,2023-09-30,0
2023-07-31,64540,2024-03-31,1,87800000000,0.041,,,,,12000000000,0.209,11960000000,0.138,,8500000000,,179.57,,,,,,,,,,,,,,,,,,,,,,true,true,12,2023-04-01,2024-03-31,0
2023-07-31,64540,2023-03-31,1,,,,,,,,,,,,,,,,,,,,116742000000,88906000000,0.761,1877.19,88795000000,,,,,,,,,,,,true,false,12,2022-04-01,2023-03-31,-1
2023-07-31,64540,2023-03-31,1,,,,,,,,,,,,,,,,,,,,,,,,,,,,,78.00,,,,47537426,235275,,false,false,12,2022-04-01,2023-03-31,-1
2023-07-31,64540,2024-03-31,1,,,,,,,,,,,,,,,,,,,,,,,,,,,,,78.00,,,,,,,false,true,12,2023-04-01,2024-03-31,0
2023-07-31,64540,2024-03-31,1,,,,,,,,,,,,,,,,,,,,,,,,,,,,,,,,,47537426,235503,47301996,false,false,3,2023-04-01,2023-06-30,0
2023-07-31,64540,2023-03-31,1,,,,,,,,,,,,,,,,,,,,,,,,,,,,,,,,,,,47302498,false,false,3,2022-04-01,2022-06-30,-1
2023-10-31,64540,2024-03-31,2,42920000000,0.023,,,,,6649000000,0.499,7436000000,0.299,,5587000000,,118.51,,,,,,119868000000,92688000000,0.772,1976.82,92573000000,,,,,,,,,,,,true,false,6,2023-04-01,2023-09-30,0
2023-10-31,64540,2023-03-31,2,41963000000,0.181,,,,,4436000000,0.164,5723000000,0.503,,4129000000,,87.29,,,,,,,,,,,,,,,,,,,,,,true,false,6,2022-04-01,2022-09-30,-1
2023-10-31,64540,2024-03-31,2,87000000000,0.032,,,,,12300000000,0.239,12500000000,0.189,,9380000000,,199.53,,,,,,,,,,,,,,,,,,,,,,true,true,12,2023-04-01,2024-03-31,0
2023-10-31,64540,2023-03-31,2,,,,,,,,,,,,,,,,,,,,116742000000,88906000000,0.761,1877.19,88795000000,,,,,,,,,,,,true,false,12,2022-04-01,2023-03-31,-1
2023-10-31,64540,2023-03-31,2,,,,,,,,,,,,,,,,,,,,,,,,,,,,,78.00,,,,47537426,235275,,false,false,12,2022-04-01,2023-03-31,-1
2023-10-31,64540,2024-03-31,2,,,,,,,,,,,,,,,,,,,,,,,,,,,,,95.00,,,,,,,false,true,12,2023-04-01,2024-03-31,0
2023-10-31,64540,2024-03-31,2,,,,,,,,,,,,,,,,,,,,,,,,,,,,,,,,,47537426,708045,47144445,false,false,6,2023-04-01,2023-09-30,0
2023-10-31,64540,2023-03-31,2,,,,,,,,,,,,,,,,,,,,,,,,,,,,,,,,,,,47302440,false,false,6,2022-04-01,2022-09-30,-1
2024-01-31,64540,2024-03-31,3,65332000000,0.023,,,,,9879000000,0.301,10463000000,0.268,,7989000000,,169.94,,,,,,119093000000,93397000000,0.783,2005.30,93283000000,,,,,,,,,,,,true,false,9,2023-04-01,2023-12-31,0
2024-01-31,64540,2023-03-31,3,63880000000,0.173,,,,,7595000000,0.336,8249000000,0.389,,5871000000,,124.14,,,,,,,,,,,,,,,,,,,,,,true,false,9,2022-04-01,2022-12-31,-1
2024-01-31,64540,2024-03-31,3,87000000000,0.032,,,,,12300000000,0.239,12500000000,0.189,,9600000000,,204.74,,,,,,,,,,,,,,,,,,,,,,true,true,12,2023-04-01,2024-03-31,0
2024-01-31,64540,2023-03-31,3,,,,,,,,,,,,,,,,,,,,116742000000,88906000000,0.761,1877.19,88795000000,,,,,,,,,,,,true,false,12,2022-04-01,2023-03-31,-1
2024-01-31,64540,2023-03-31,3,,,,,,,,,,,,,,,,,,,,,,,,,,,,,78.00,,,,47537426,235275,,false,false,12,2022-04-01,2023-03-31,-1
2024-01-31,64540,2024-03-31,3,,,,,,,,,,,,,,,,,,,,,,,,,,,,,98.00,,,,,,,false,true,12,2023-04-01,2024-03-31,0
2024-01-31,64540,2024-03-31,3,,,,,,,,,,,,,,,,,,,,,,,,,,,,,,,,,47537426,1018943,47011217,false,false,9,2023-04-01,2023-12-31,0
2024-01-31,64540,2023-03-31,3,,,,,,,,,,,,,,,,,,,,,,,,,,,,,,,,,,,47302387,false,false,9,2022-04-01,2022-12-31,-1
2024-04-26,64540,2024-03-31,,86638000000,0.028,,,,,12601000000,0.269,13717000000,0.305,,10521000000,,224.40,,0.112,0.115,0.145,,121803000000,99933000000,0.819,2145.79,99816000000,12120000000,-3715000000,-7196000000,29579000000,,0.450,,,,,,true,false,12,2023-04-01,2024-03-31,0
2024-04-26,64540,2023-03-31,,84316000000,0.140,,,,,9926000000,0.324,10510000000,0.269,,7619000000,,161.07,,0.089,0.093,0.118,,116742000000,88906000000,0.761,1877.19,88795000000,8248000000,-1085000000,-3332000000,26987000000,,0.484,,,,,,true,false,12,2022-04-01,2023-03-31,-1
2024-04-26,64540,2025-03-31,,44430000000,0.035,,,,,6650000000,0.000,6650000000,-0.106,5280000000,,-0.055,113.49,,,,,,,,,,,,,,,,,,,,,,true,true,6,2024-04-01,2024-09-30,1
2024-04-26,64540,2025-03-31,,89800000000,0.036,,,,,13000000000,0.032,13000000000,-0.052,10000000000,,-0.050,216.10,,,,,,,,,,,,,,,,0.500,,,,,,true,true,12,2024-04-01,2025-03-31,1
2024-04-26,64540,2024-03-31,,74009000000,-0.014,,,,,8438000000,0.007,10696000000,0.189,8564000000,,0.326,182.66,,,,,,105511000000,80235000000,0.760,1724.84,80235000000,,,,,101.00,,,,47537426,1020076,46887923,false,false,12,2023-04-01,2024-03-31,0
2024-04-26,64540,2023-03-31,,75063000000,0.154,,,,,8378000000,0.769,8997000000,0.652,6459000000,,0.647,136.56,,,,,,101833000000,76426000000,0.751,1615.72,76426000000,,,,,78.00,,,,47537426,235275,47302336,false,false,12,2022-04-01,2023-03-31,-1
2024-04-26,64540,2025-03-31,,,,,,,,,,,,,,,,,,,,,,,,,,,,,,108.00,,,,,,,false,true,12,2024-04-01,2025-03-31,1
2024-04-26,64540,2024-03-31,,86638000000,0.028,,,,,12601000000,0.269,13717000000,0.305,,10435000000,,222.57,,0.111,0.115,0.145,,121717000000,99847000000,0.819,2143.94,99730000000,12120000000,-3715000000,-7196000000,29579000000,,0.454,,,,,,true,false,12,2023-04-01,2024-03-31,0
2024-04-26,64540,2023-03-31,,84316000000,0.140,,,,,9926000000,0.324,10510000000,0.269,,7619000000,,161.07,,0.089,0.093,0.118,,116742000000,88906000000,0.761,1877.19,88795000000,8248000000,-1085000000,-3332000000,26987000000,,0.484,,,,,,true,false,12,2022-04-01,2023-03-31,-1
2024-04-26,64540,2025-03-31,,44430000000,0.035,,,,,6650000000,0.000,6650000000,-0.106,5280000000,,-0.055,113.49,,,,,,,,,,,,,,,,,,,,,,true,true,6,2024-04-01,2024-09-30,1
2024-04-26,64540,2025-03-31,,89800000000,0.036,,,,,13000000000,0.032,13000000000,-0.052,10000000000,,-0.042,216.10,,,,,,,,,,,,,,,,0.500,,,,,,true,true,12,2024-04-01,2025-03-31,1
2024-04-26,64540,2024-03-31,,74009000000,-0.014,,,,,8438000000,0.007,10696000000,0.189,8478000000,,0.313,180.82,,,,,,105425000000,80149000000,0.760,1722.99,80149000000,,,,,101.00,,,,47537426,1020076,46887923,false,false,12,2023-04-01,2024-03-31,0
2024-04-26,64540,2023-03-31,,75063000000,0.154,,,,,8378000000,0.769,8997000000,0.652,6459000000,,0.647,136.56,,,,,,101833000000,76426000000,0.751,1615.72,76426000000,,,,,78.00,,,,47537426,235275,47302336,false,false,12,2022-04-01,2023-03-31,-1
2024-04-26,64540,2025-03-31,,,,,,,,,,,,,,,,,,,,,,,,,,,,,,108.00,,,,,,,false,true,12,2024-04-01,2025-03-31,1
2024-07-31,64540,2025-03-31,1,22588000000,0.065,,,,,3988000000,0.136,4572000000,0.090,,3340000000,,71.82,,,,,,121341000000,100129000000,0.824,2149.90,100006000000,,,,,,,,,,,,true,false,3,2024-04-01,2024-06-30,0
2024-07-31,64540,2024-03-31,1,21200000000,0.042,,,,,3510000000,0.602,4196000000,0.362,,2918000000,,61.71,,,,,,,,,,,,,,,,,,,,,,true,false,3,2023-04-01,2023-06-30,-1
2024-07-31,64540,2025-03-31,1,45000000000,0.048,,,,,7200000000,0.083,7340000000,-0.013,,5600000000,,120.37,,,,,,,,,,,,,,,,,,,,,,true,true,6,2024-04-01,2024-09-30,0
2024-07-31,64540,2025-03-31,1,90300000000,0.042,,,,,13600000000,0.079,13740000000,0.002,,10360000000,,222.91,,,,,,,,,,,,,,,,,,,,,,true,true,12,2024-04-01,2025-03-31,0
2024-07-31,64540,2024-03-31,1,,,,,,,,,,,,,,,,,,,,121717000000,99847000000,0.819,2143.94,99730000000,,,,,,,,,,,,true,false,12,2023-04-01,2024-03-31,-1
2024-07-31,64540,2024-03-31,1,,,,,,,,,,,,,,,,,,,,,,,,,,,,,101.00,,,,47537426,1020076,,false,false,12,2023-04-01,2024-03-31,-1
2024-07-31,64540,2025-03-31,1,,,,,,,,,,,,,,,,,,,,,,,,,,,,,108.00,,,,,,,false,true,12,2024-04-01,2025-03-31,0
2024-07-31,64540,2025-03-31,1,,,,,,,,,,,,,,,,,,,,,,,,,,,,,,,,,47537426,1020437,46517215,false,false,3,2024-04-01,2024-06-30,0
2024-07-31,64540,2024-03-31,1,,,,,,,,,,,,,,,,,,,,,,,,,,,,,,,,,,,47301996,false,false,3,2023-04-01,2023-06-30,-1
2024-10-31,64540,2025-03-31,2,44881000000,0.046,,,,,7416000000,0.115,7150000000,-0.038,,5453000000,,117.22,,,,,,121591000000,100334000000,0.824,2153.65,100208000000,,,,,,,,,,,,true,false,6,2024-04-01,2024-09-30,0
2024-10-31,64540,2024-03-31,2,42920000000,0.023,,,,,6649000000,0.499,7436000000,0.299,,5587000000,,118.51,,,,,,,,,,,,,,,,,,,,,,true,false,6,2023-04-01,2023-09-30,-1
2024-10-31,64540,2025-03-31,2,90300000000,0.042,,,,,13600000000,0.079,13740000000,0.002,,10360000000,,222.67,,,,,,,,,,,,,,,,,,,,,,true,true,12,2024-04-01,2025-03-31,0
2024-10-31,64540,2024-03-31,2,,,,,,,,,,,,,,,,,,,,121717000000,99847000000,0.819,2143.94,99730000000,,,,,,,,,,,,true,false,12,2023-04-01,2024-03-31,-1
2024-10-31,64540,2024-03-31,2,,,,,,,,,,,,,,,,,,,,,,,,,,,,,101.00,,,,47537426,1020076,,false,false,12,2023-04-01,2024-03-31,-1
2024-10-31,64540,2025-03-31,2,,,,,,,,,,,,,,,,,,,,,,,,,,,,,108.00,,,,,,,false,true,12,2024-04-01,2025-03-31,0
2024-10-31,64540,2025-03-31,2,,,,,,,,,,,,,,,,,,,,,,,,,,,,,,,,,47537426,1007989,46521306,false,false,6,2024-04-01,2024-09-30,0
2024-10-31,64540,2024-03-31,2,,,,,,,,,,,,,,,,,,,,,,,,,,,,,,,,,,,47144445,false,false,6,2023-04-01,2023-09-30,-1
2025-01-31,64540,2025-03-31,3,69010000000,0.056,,,,,11477000000,0.162,12145000000,0.161,,9109000000,,195.80,,,,,,127746000000,106044000000,0.829,2276.20,105909000000,,,,,,,,,,,,true,false,9,2024-04-01,2024-12-31,0
2025-01-31,64540,2024-03-31,3,65332000000,0.023,,,,,9879000000,0.301,10463000000,0.268,,7989000000,,169.94,,,,,,,,,,,,,,,,,,,,,,true,false,9,2023-04-01,2023-12-31,-1
2025-01-31,64540,2025-03-31,3,91300000000,0.054,,,,,13800000000,0.095,14100000000,0.028,,10600000000,,228.32,,,,,,,,,,,,,,,,,,,,,,true,true,12,2024-04-01,2025-03-31,0
2025-01-31,64540,2024-03-31,3,,,,,,,,,,,,,,,,,,,,121717000000,99847000000,0.819,2143.94,99730000000,,,,,,,,,,,,true,false,12,2023-04-01,2024-03-31,-1
2025-01-31,64540,2024-03-31,3,,,,,,,,,,,,,,,,,,,,,,,,,,,,,101.00,,,,47537426,1020076,,false,false,12,2023-04-01,2024-03-31,-1
2025-01-31,64540,2025-03-31,3,,,,,,,,,,,,,,,,,,,,,,,,,,,,,112.00,,,,,,,false,true,12,2024-04-01,2025-03-31,0
2025-01-31,64540,2025-03-31,3,,,,,,,,,,,,,,,,,,,,,,,,,,,,,,,,,46537426,8344,46523860,false,false,9,2024-04-01,2024-12-31,0
2025-01-31,64540,2024-03-31,3,,,,,,,,,,,,,,,,,,,,,,,,,,,,,,,,,,,47011217,false,false,9,2023-04-01,2023-12-31,-1
2025-04-30,64540,2025-03-31,,91839000000,0.060,,,,,14468000000,0.148,14809000000,0.080,,11225000000,,241.81,,0.109,0.120,0.158,,124611000000,106034000000,0.850,2304.19,105906000000,14588000000,-1750000000,-7614000000,34582000000,,0.471,,,,,,true,false,12,2024-04-01,2025-03-31,0
2025-04-30,64540,2024-03-31,,86638000000,0.028,,,,,12601000000,0.269,13717000000,0.305,,10435000000,,222.57,,0.111,0.115,0.145,,121717000000,99847000000,0.819,2143.94,99730000000,12120000000,-3715000000,-7196000000,29579000000,,0.454,,,,,,true,false,12,2023-04-01,2024-03-31,-1
2025-04-30,64540,2026-03-31,,46360000000,0.033,,,,,7330000000,-0.012,7400000000,0.035,,5770000000,,125.59,,,,,,,,,,,,,,,,,,,,,,true,true,6,2025-04-01,2025-09-30,1
2025-04-30,64540,2026-03-31,,94100000000,0.025,,,,,14700000000,0.016,14900000000,0.006,,11300000000,,246.38,,,,,,,,,,,,,,,,0.483,,,,,,true,true,12,2025-04-01,2026-03-31,1
2025-04-30,64540,2025-03-31,,79249000000,0.071,,,,,10617000000,0.258,11770000000,0.100,9253000000,,0.091,199.33,,,,,,106557000000,82541000000,0.775,1795.83,82541000000,,,,,114.00,,,,46537426,574598,46424433,false,false,12,2024-04-01,2025-03-31,0
2025-04-30,64540,2024-03-31,,74009000000,-0.014,,,,,8438000000,0.007,10696000000,0.189,8478000000,,0.313,180.82,,,,,,105425000000,80149000000,0.760,1722.99,80149000000,,,,,101.00,,,,47537426,1020076,46887923,false,false,12,2023-04-01,2024-03-31,-1
2025-04-30,64540,2026-03-31,,,,,,,,,,,,,,,,,,,,,,,,,,,,,,120.00,,,,,,,false,true,12,2025-04-01,2026-03-31,1
