filing_date,code,fiscal_year_end,quarterly_period,net_sales,net_sales_change,revenue,revenue_change,operating_revenue,operating_revenue_change,operating_profit,operating_profit_change,ordinary_profit,ordinary_profit_change,net_income,net_income_of_parent,net_income_change,eps,diluted_eps,roe,roa,operating_profit_to_net_sales,operating_profit_to_revenue,total_assets,net_assets,equity_ratio,bps,owner_equity,operating_cash_flow,investing_cash_flow,financing_cash_flow,cash,dividend_per_share,payout_ratio,commemorative_dividend,extra_dividend,number_of_shares,number_of_treqsury_shares,avg_number_of_shares,is_consolidated,is_forecast,duration,period_start,period_end,period_pos
2015-07-29,64550,2016-03-31,1,8257000000,0.066,,,,,32000000,,231000000,,,153000000,,3.37,,,,,,79140000000,49171000000,0.614,,48602000000,,,,,,,,,,,,true,false,3,2015-04-01,2015-06-30,0
2015-07-29,64550,2015-03-31,1,7743000000,-0.207,,,,,-510000000,,-358000000,,,-322000000,,-6.96,,,,,,,,,,,,,,,,,,,,,,true,false,3,2014-04-01,2014-06-30,-1
2015-07-29,64550,2016-03-31,1,21000000000,-0.103,,,,,700000000,-0.305,800000000,-0.322,,450000000,,9.98,,,,,,,,,,,,,,,,,,,,,,true,true,6,2015-04-01,2015-09-30,0
2015-07-29,64550,2016-03-31,1,67000000000,-0.069,,,,,6700000000,-0.187,6900000000,-0.176,,4000000000,,89.90,,,,,,,,,,,,,,,,,,,,,,true,true,12,2015-04-01,2016-03-31,0
2015-07-29,64550,2015-03-31,1,,,,,,,,,,,,,,,,,,,,88539000000,49572000000,0.553,,48995000000,,,,,,,,,,,,true,false,12,2014-04-01,2015-03-31,-1
2015-07-29,64550,2015-03-31,1,,,,,,,,,,,,,,,,,,,,,,,,,,,,,20.00,,,,46918542,1432051,,false,false,12,2014-04-01,2015-03-31,-1
2015-07-29,64550,2016-03-31,1,,,,,,,,,,,,,,,,,,,,,,,,,,,,,20.00,,,,,,,false,true,12,2015-04-01,2016-03-31,0
2015-07-29,64550,2016-03-31,1,,,,,,,,,,,,,,,,,,,,,,,,,,,,,,,,,46918542,1676566,45401827,false,false,3,2015-04-01,2015-06-30,0
2015-07-29,64550,2015-03-31,1,,,,,,,,,,,,,,,,,,,,,,,,,,,,,,,,,,,46293611,false,false,3,2014-04-01,2014-06-30,-1
2015-10-28,64550,2016-03-31,,21890000000,0.042,,,,,1480000000,1.114,1830000000,1.288,,920000000,,20.29,,,,,,,,,,,,,,,,,,,,,,true,true,6,2015-04-01,2015-09-30,0
2015-10-28,64550,2015-03-31,,23400000000,,,,,,1006000000,,1180000000,,,792000000,,17.11,,,,,,,,,,,,,,,,,,,,,,true,false,6,2014-04-01,2014-09-30,-1
2015-10-30,64550,2016-03-31,2,21899000000,-0.064,,,,,1486000000,0.477,1833000000,0.553,,922000000,,20.36,,,,,,80515000000,49174000000,0.604,,48594000000,,,,,,,,,,,,true,false,6,2015-04-01,2015-09-30,0
2015-10-30,64550,2015-03-31,2,23400000000,-0.024,,,,,1006000000,-0.021,1180000000,0.089,,792000000,,17.11,,,,,,,,,,,,,,,,,,,,,,true,false,6,2014-04-01,2014-09-30,-1
2015-10-30,64550,2016-03-31,2,68000000000,-0.055,,,,,7000000000,-0.151,7200000000,-0.140,,4200000000,,92.96,,,,,,,,,,,,,,,,,,,,,,true,true,12,2015-04-01,2016-03-31,0
2015-10-30,64550,2015-03-31,2,,,,,,,,,,,,,,,,,,,,88539000000,49572000000,0.553,,48995000000,,,,,,,,,,,,true,false,12,2014-04-01,2015-03-31,-1
2015-10-30,64550,2015-03-31,2,,,,,,,,,,,,,,,,,,,,,,,,,,,,,20.00,,,,46918542,1432051,,false,false,12,2014-04-01,2015-03-31,-1
2015-10-30,64550,2016-03-31,2,,,,,,,,,,,,,,,,,,,,,,,,,,,,,10.00,,,,,,,false,false,12,2015-04-01,2016-03-31,0
2015-10-30,64550,2016-03-31,2,,,,,,,,,,,,,,,,,,,,,,,,,,,,,20.00,,,,,,,false,true,12,2015-04-01,2016-03-31,0
2015-10-30,64550,2016-03-31,2,,,,,,,,,,,,,,,,,,,,,,,,,,,,,,,,,46918542,1677093,45333127,false,false,6,2015-04-01,2015-09-30,0
2015-10-30,64550,2015-03-31,2,,,,,,,,,,,,,,,,,,,,,,,,,,,,,,,,,,,46291471,false,false,6,2014-04-01,2014-09-30,-1
2016-01-29,64550,2016-03-31,3,42386000000,-0.025,,,,,4531000000,0.088,4987000000,0.121,,2694000000,,59.48,,,,,,90614000000,50815000000,0.554,,50187000000,,,,,,,,,,,,true,false,9,2015-04-01,2015-12-31,0
2016-01-29,64550,2015-03-31,3,43475000000,0.002,,,,,4165000000,0.253,4449000000,0.304,,2581000000,,55.77,,,,,,,,,,,,,,,,,,,,,,true,false,9,2014-04-01,2014-12-31,-1
2016-01-29,64550,2016-03-31,3,68000000000,-0.055,,,,,7000000000,-0.151,7200000000,-0.140,,4200000000,,92.73,,,,,,,,,,,,,,,,,,,,,,true,true,12,2015-04-01,2016-03-31,0
2016-01-29,64550,2015-03-31,3,,,,,,,,,,,,,,,,,,,,88539000000,49572000000,0.553,,48995000000,,,,,,,,,,,,true,false,12,2014-04-01,2015-03-31,-1
2016-01-29,64550,2015-03-31,3,,,,,,,,,,,,,,,,,,,,,,,,,,,,,20.00,,,,46918542,1432051,,false,false,12,2014-04-01,2015-03-31,-1
2016-01-29,64550,2016-03-31,3,,,,,,,,,,,,,,,,,,,,,,,,,,,,,10.00,,,,,,,false,false,12,2015-04-01,2016-03-31,0
2016-01-29,64550,2016-03-31,3,,,,,,,,,,,,,,,,,,,,,,,,,,,,,20.00,,,,,,,false,true,12,2015-04-01,2016-03-31,0
2016-01-29,64550,2016-03-31,3,,,,,,,,,,,,,,,,,,,,,,,,,,,,,,,,,46918542,1677660,45305552,false,false,9,2015-04-01,2015-12-31,0
2016-01-29,64550,2015-03-31,3,,,,,,,,,,,,,,,,,,,,,,,,,,,,,,,,,,,46290252,false,false,9,2014-04-01,2014-12-31,-1
2016-04-28,64550,2016-03-31,,68574000000,-0.047,,,,,7517000000,-0.088,8123000000,-0.030,,4537000000,,100.18,,0.091,0.086,0.110,,99947000000,51716000000,0.511,1127.89,51026000000,5944000000,-10212000000,5623000000,7771000000,,0.200,,,,,,true,false,12,2015-04-01,2016-03-31,0
2016-04-28,64550,2015-03-31,,71943000000,0.004,,,,,8240000000,0.231,8375000000,0.199,,4709000000,,102.12,,0.102,0.096,0.115,,88539000000,49572000000,0.553,1077.14,48995000000,4501000000,-3101000000,-4217000000,6424000000,,0.196,,,,,,true,false,12,2014-04-01,2015-03-31,-1
2016-04-28,64550,2017-03-31,,27000000000,0.233,,,,,1300000000,-0.126,1400000000,-0.236,,800000000,,17.68,,,,,,,,,,,,,,,,,,,,,,true,true,6,2016-04-01,2016-09-30,1
2016-04-28,64550,2017-03-31,,83000000000,0.210,,,,,8700000000,0.157,8900000000,0.096,,5300000000,,117.15,,,,,,,,,,,,,,,,0.205,,,,,,true,true,12,2016-04-01,2017-03-31,1
2016-04-28,64550,2015-03-31,,,,,,,,,,,,,,,,,,,,,,,,,,,,,,20.00,,,,46918542,1432051,46121163,false,false,12,2014-04-01,2015-03-31,-1
2016-04-28,64550,2016-03-31,,,,,,,,,,,,,,,,,,,,,,,,,,,,,,20.00,,,,46918542,1678115,45290538,false,false,12,2015-04-01,2016-03-31,0
2016-04-28,64550,2017-03-31,,,,,,,,,,,,,,,,,,,,,,,,,,,,,,24.00,,,,,,,false,true,12,2016-04-01,2017-03-31,1
2016-07-29,64550,2017-03-31,1,10953000000,0.326,,,,,-221000000,,-94000000,,,-180000000,,-3.98,,,,,,91641000000,50123000000,0.540,,49448000000,,,,,,,,,,,,true,false,3,2016-04-01,2016-06-30,0
2016-07-29,64550,2016-03-31,1,8257000000,0.066,,,,,32000000,,231000000,,,153000000,,3.37,,,,,,,,,,,,,,,,,,,,,,true,false,3,2015-04-01,2015-06-30,-1
2016-07-29,64550,2017-03-31,1,27000000000,0.233,,,,,1300000000,-0.126,1400000000,-0.236,,800000000,,17.68,,,,,,,,,,,,,,,,,,,,,,true,true,6,2016-04-01,2016-09-30,0
2016-07-29,64550,2017-03-31,1,83000000000,0.210,,,,,8700000000,0.157,8900000000,0.096,,5300000000,,117.15,,,,,,,,,,,,,,,,,,,,,,true,true,12,2016-04-01,2017-03-31,0
2016-07-29,64550,2016-03-31,1,,,,,,,,,,,,,,,,,,,,99947000000,51716000000,0.511,,51026000000,,,,,,,,,,,,true,false,12,2015-04-01,2016-03-31,-1
2016-07-29,64550,2016-03-31,1,,,,,,,,,,,,,,,,,,,,,,,,,,,,,20.00,,,,46918542,1678115,,false,false,12,2015-04-01,2016-03-31,-1
2016-07-29,64550,2017-03-31,1,,,,,,,,,,,,,,,,,,,,,,,,,,,,,24.00,,,,,,,false,true,12,2016-04-01,2017-03-31,0
2016-07-29,64550,2017-03-31,1,,,,,,,,,,,,,,,,,,,,,,,,,,,,,,,,,46918542,1678137,45240451,false,false,3,2016-04-01,2016-06-30,0
2016-07-29,64550,2016-03-31,1,,,,,,,,,,,,,,,,,,,,,,,,,,,,,,,,,,,45401827,false,false,3,2015-04-01,2015-06-30,-1
2016-10-26,64550,2017-03-31,,29500000000,0.093,,,,,1850000000,0.423,2050000000,0.464,,1300000000,,28.74,,,,,,,,,,,,,,,,,,,,,,true,true,6,2016-04-01,2016-09-30,0
2016-10-26,64550,2016-03-31,,21899000000,,,,,,1486000000,,1833000000,,,922000000,,20.36,,,,,,,,,,,,,,,,,,,,,,true,false,6,2015-04-01,2015-09-30,-1
2016-10-28,64550,2017-03-31,2,29571000000,0.350,,,,,1850000000,0.245,2052000000,0.119,,1304000000,,28.83,,,,,,96655000000,51048000000,0.521,,50342000000,,,,,,,,,,,,true,false,6,2016-04-01,2016-09-30,0
2016-10-28,64550,2016-03-31,2,21899000000,-0.064,,,,,1486000000,0.477,1833000000,0.553,,922000000,,20.36,,,,,,,,,,,,,,,,,,,,,,true,false,6,2015-04-01,2015-09-30,-1
2016-10-28,64550,2017-03-31,2,85000000000,0.240,,,,,9000000000,0.197,9200000000,0.133,,5400000000,,119.36,,,,,,,,,,,,,,,,,,,,,,true,true,12,2016-04-01,2017-03-31,0
2016-10-28,64550,2016-03-31,2,,,,,,,,,,,,,,,,,,,,99947000000,51716000000,0.511,,51026000000,,,,,,,,,,,,true,false,12,2015-04-01,2016-03-31,-1
2016-10-28,64550,2016-03-31,2,,,,,,,,,,,,,,,,,,,,,,,,,,,,,20.00,,,,46918542,1678115,,false,false,12,2015-04-01,2016-03-31,-1
2016-10-28,64550,2017-03-31,2,,,,,,,,,,,,,,,,,,,,,,,,,,,,,12.00,,,,,,,false,false,12,2016-04-01,2017-03-31,0
2016-10-28,64550,2017-03-31,2,,,,,,,,,,,,,,,,,,,,,,,,,,,,,24.00,,,,,,,false,true,12,2016-04-01,2017-03-31,0
2016-10-28,64550,2017-03-31,2,,,,,,,,,,,,,,,,,,,,,,,,,,,,,,,,,46918542,1678405,45240335,false,false,6,2016-04-01,2016-09-30,0
2016-10-28,64550,2016-03-31,2,,,,,,,,,,,,,,,,,,,,,,,,,,,,,,,,,,,45333127,false,false,6,2015-04-01,2015-09-30,-1
2017-01-31,64550,2017-03-31,3,52817000000,0.246,,,,,5227000000,0.154,5548000000,0.113,,3620000000,,80.03,,,,,,107186000000,53632000000,0.493,,52879000000,,,,,,,,,,,,true,false,9,2016-04-01,2016-12-31,0
2017-01-31,64550,2016-03-31,3,42386000000,-0.025,,,,,4531000000,0.088,4987000000,0.121,,2694000000,,59.48,,,,,,,,,,,,,,,,,,,,,,true,false,9,2015-04-01,2015-12-31,-1
2017-01-31,64550,2017-03-31,3,85000000000,0.240,,,,,9000000000,0.197,9200000000,0.133,,5400000000,,119.36,,,,,,,,,,,,,,,,,,,,,,true,true,12,2016-04-01,2017-03-31,0
2017-01-31,64550,2016-03-31,3,,,,,,,,,,,,,,,,,,,,99947000000,51716000000,0.511,,51026000000,,,,,,,,,,,,true,false,12,2015-04-01,2016-03-31,-1
2017-01-31,64550,2016-03-31,3,,,,,,,,,,,,,,,,,,,,,,,,,,,,,20.00,,,,46918542,1678115,,false,false,12,2015-04-01,2016-03-31,-1
2017-01-31,64550,2017-03-31,3,,,,,,,,,,,,,,,,,,,,,,,,,,,,,12.00,,,,,,,false,false,12,2016-04-01,2017-03-31,0
2017-01-31,64550,2017-03-31,3,,,,,,,,,,,,,,,,,,,,,,,,,,,,,24.00,,,,,,,false,true,12,2016-04-01,2017-03-31,0
2017-01-31,64550,2017-03-31,3,,,,,,,,,,,,,,,,,,,,,,,,,,,,,,,,,46918542,1679464,45240140,false,false,9,2016-04-01,2016-12-31,0
2017-01-31,64550,2016-03-31,3,,,,,,,,,,,,,,,,,,,,,,,,,,,,,,,,,,,45305552,false,false,9,2015-04-01,2015-12-31,-1
2017-04-28,64550,2017-03-31,,85063000000,0.240,,,,,9649000000,0.284,10129000000,0.247,,6040000000,,133.52,,0.113,0.098,0.113,,106037000000,56722000000,0.527,1236.06,55918000000,7681000000,-6574000000,-945000000,7886000000,,0.217,,,,,,true,false,12,2016-04-01,2017-03-31,0
2017-04-28,64550,2016-03-31,,68574000000,-0.047,,,,,7517000000,-0.088,8123000000,-0.030,,4537000000,,100.18,,0.091,0.086,0.110,,99947000000,51716000000,0.511,1127.89,51026000000,5944000000,-10212000000,5623000000,7771000000,,0.200,,,,,,true,false,12,2015-04-01,2016-03-31,-1
2017-04-28,64550,2018-03-31,,27000000000,-0.087,,,,,1000000000,-0.460,1200000000,-0.415,,700000000,,15.47,,,,,,,,,,,,,,,,,,,,,,true,true,6,2017-04-01,2017-09-30,1
2017-04-28,64550,2018-03-31,,83000000000,-0.024,,,,,8700000000,-0.098,9000000000,-0.111,,5400000000,,119.37,,,,,,,,,,,,,,,,0.201,,,,,,true,true,12,2017-04-01,2018-03-31,1
2017-04-28,64550,2016-03-31,,,,,,,,,,,,,,,,,,,,,,,,,,,,,,20.00,,,,46918542,1678115,45290538,false,false,12,2015-04-01,2016-03-31,-1
2017-04-28,64550,2017-03-31,,,,,,,,,,,,,,,,,,,,,,,,,,,,,,29.00,,,,46918542,1679767,45239840,false,false,12,2016-04-01,2017-03-31,0
2017-04-28,64550,2018-03-31,,,,,,,,,,,,,,,,,,,,,,,,,,,,,,24.00,,,,,,,false,true,12,2017-04-01,2018-03-31,1
2017-07-31,64550,2018-03-31,1,10671000000,-0.026,,,,,-319000000,,-166000000,,,-290000000,,-6.43,,,,,,98320000000,55870000000,0.560,,55071000000,,,,,,,,,,,,true,false,3,2017-04-01,2017-06-30,0
2017-07-31,64550,2017-03-31,1,10953000000,0.326,,,,,-221000000,,-94000000,,,-180000000,,-3.98,,,,,,,,,,,,,,,,,,,,,,true,false,3,2016-04-01,2016-06-30,-1
2017-07-31,64550,2018-03-31,1,27000000000,-0.087,,,,,1000000000,-0.460,1200000000,-0.415,,700000000,,15.47,,,,,,,,,,,,,,,,,,,,,,true,true,6,2017-04-01,2017-09-30,0
2017-07-31,64550,2018-03-31,1,83000000000,-0.024,,,,,8700000000,-0.098,9000000000,-0.111,,5400000000,,119.37,,,,,,,,,,,,,,,,,,,,,,true,true,12,2017-04-01,2018-03-31,0
2017-07-31,64550,2017-03-31,1,,,,,,,,,,,,,,,,,,,,106037000000,56722000000,0.527,,55918000000,,,,,,,,,,,,true,false,12,2016-04-01,2017-03-31,-1
2017-07-31,64550,2017-03-31,1,,,,,,,,,,,,,,,,,,,,,,,,,,,,,29.00,,,,46918542,1679767,,false,false,12,2016-04-01,2017-03-31,-1
2017-07-31,64550,2018-03-31,1,,,,,,,,,,,,,,,,,,,,,,,,,,,,,24.00,,,,,,,false,true,12,2017-04-01,2018-03-31,0
2017-07-31,64550,2018-03-31,1,,,,,,,,,,,,,,,,,,,,,,,,,,,,,,,,,46918542,1680125,45238594,false,false,3,2017-04-01,2017-06-30,0
2017-07-31,64550,2017-03-31,1,,,,,,,,,,,,,,,,,,,,,,,,,,,,,,,,,,,45240451,false,false,3,2016-04-01,2016-06-30,-1
2017-10-31,64550,2018-03-31,2,27516000000,-0.069,,,,,950000000,-0.486,1242000000,-0.394,,664000000,,14.69,,,,,,103247000000,57457000000,0.548,,56624000000,,,,,,,,,,,,true,false,6,2017-04-01,2017-09-30,0
2017-10-31,64550,2017-03-31,2,29571000000,0.350,,,,,1850000000,0.245,2052000000,0.119,,1304000000,,28.83,,,,,,,,,,,,,,,,,,,,,,true,false,6,2016-04-01,2016-09-30,-1
2017-10-31,64550,2018-03-31,2,83000000000,-0.024,,,,,8700000000,-0.098,9000000000,-0.111,,5400000000,,119.37,,,,,,,,,,,,,,,,,,,,,,true,true,12,2017-04-01,2018-03-31,0
2017-10-31,64550,2017-03-31,2,,,,,,,,,,,,,,,,,,,,106037000000,56722000000,0.527,,55918000000,,,,,,,,,,,,true,false,12,2016-04-01,2017-03-31,-1
2017-10-31,64550,2017-03-31,2,,,,,,,,,,,,,,,,,,,,,,,,,,,,,29.00,,,,46918542,1679767,,false,false,12,2016-04-01,2017-03-31,-1
2017-10-31,64550,2018-03-31,2,,,,,,,,,,,,,,,,,,,,,,,,,,,,,12.00,,,,,,,false,false,12,2017-04-01,2018-03-31,0
2017-10-31,64550,2018-03-31,2,,,,,,,,,,,,,,,,,,,,,,,,,,,,,24.00,,,,,,,false,true,12,2017-04-01,2018-03-31,0
2017-10-31,64550,2018-03-31,2,,,,,,,,,,,,,,,,,,,,,,,,,,,,,,,,,46918542,1680602,45238346,false,false,6,2017-04-01,2017-09-30,0
2017-10-31,64550,2017-03-31,2,,,,,,,,,,,,,,,,,,,,,,,,,,,,,,,,,,,45240335,false,false,6,2016-04-01,2016-09-30,-1
2018-01-30,64550,2018-03-31,3,50257000000,-0.048,,,,,3727000000,-0.287,4182000000,-0.246,,2578000000,,56.99,,,,,,113812000000,59738000000,0.517,,58857000000,,,,,,,,,,,,true,false,9,2017-04-01,2017-12-31,0
2018-01-30,64550,2017-03-31,3,52817000000,0.246,,,,,5227000000,0.154,5548000000,0.113,,3620000000,,80.03,,,,,,,,,,,,,,,,,,,,,,true,false,9,2016-04-01,2016-12-31,-1
2018-01-30,64550,2018-03-31,3,83000000000,-0.024,,,,,8700000000,-0.098,9000000000,-0.111,,5400000000,,119.37,,,,,,,,,,,,,,,,,,,,,,true,true,12,2017-04-01,2018-03-31,0
2018-01-30,64550,2017-03-31,3,,,,,,,,,,,,,,,,,,,,106037000000,56722000000,0.527,,55918000000,,,,,,,,,,,,true,false,12,2016-04-01,2017-03-31,-1
2018-01-30,64550,2017-03-31,3,,,,,,,,,,,,,,,,,,,,,,,,,,,,,29.00,,,,46918542,1679767,,false,false,12,2016-04-01,2017-03-31,-1
2018-01-30,64550,2018-03-31,3,,,,,,,,,,,,,,,,,,,,,,,,,,,,,12.00,,,,,,,false,false,12,2017-04-01,2018-03-31,0
2018-01-30,64550,2018-03-31,3,,,,,,,,,,,,,,,,,,,,,,,,,,,,,24.00,,,,,,,false,true,12,2017-04-01,2018-03-31,0
2018-01-30,64550,2018-03-31,3,,,,,,,,,,,,,,,,,,,,,,,,,,,,,,,,,46918542,1681107,45238116,false,false,9,2017-04-01,2017-12-31,0
2018-01-30,64550,2017-03-31,3,,,,,,,,,,,,,,,,,,,,,,,,,,,,,,,,,,,45240140,false,false,9,2016-04-01,2016-12-31,-1
2018-04-27,64550,2018-03-31,,85502000000,0.005,,,,,8483000000,-0.121,9030000000,-0.108,,5741000000,,126.93,,0.098,0.082,0.099,,114839000000,62701000000,0.538,1365.32,61763000000,7213000000,-2372000000,-3509000000,9172000000,,0.205,,,,,,true,false,12,2017-04-01,2018-03-31,0
2018-04-27,64550,2017-03-31,,85063000000,0.240,,,,,9649000000,0.284,10129000000,0.247,,6040000000,,133.52,,0.113,0.098,0.113,,106037000000,56722000000,0.527,1236.06,55918000000,7681000000,-6574000000,-945000000,7886000000,,0.217,,,,,,true,false,12,2016-04-01,2017-03-31,-1
2018-04-27,64550,2019-03-31,,31000000000,0.127,,,,,1200000000,0.263,1400000000,0.126,,800000000,,17.68,,,,,,,,,,,,,,,,,,,,,,true,true,6,2018-04-01,2018-09-30,1
2018-04-27,64550,2019-03-31,,88000000000,0.029,,,,,9200000000,0.084,9600000000,0.063,,5800000000,,128.21,,,,,,,,,,,,,,,,0.234,,,,,,true,true,12,2018-04-01,2019-03-31,1
2018-04-27,64550,2017-03-31,,,,,,,,,,,,,,,,,,,,,,,,,,,,,,29.00,,,,46918542,1679767,45239840,false,false,12,2016-04-01,2017-03-31,-1
2018-04-27,64550,2018-03-31,,,,,,,,,,,,,,,,,,,,,,,,,,,,,,26.00,,12.00,5.00,46918542,1681342,45237925,false,false,12,2017-04-01,2018-03-31,0
2018-04-27,64550,2019-03-31,,,,,,,,,,,,,,,,,,,,,,,,,,,,,,30.00,,,,,,,false,true,12,2018-04-01,2019-03-31,1
2018-07-30,64550,2019-03-31,1,12127000000,0.136,,,,,-551000000,,-407000000,,,-441000000,,-9.77,,,,,,106188000000,61606000000,0.571,,60682000000,,,,,,,,,,,,true,false,3,2018-04-01,2018-06-30,0
2018-07-30,64550,2018-03-31,1,10671000000,-0.026,,,,,-319000000,,-166000000,,,-290000000,,-6.43,,,,,,,,,,,,,,,,,,,,,,true,false,3,2017-04-01,2017-06-30,-1
2018-07-30,64550,2019-03-31,1,31000000000,0.127,,,,,1200000000,0.263,1400000000,0.126,,800000000,,17.68,,,,,,,,,,,,,,,,,,,,,,true,true,6,2018-04-01,2018-09-30,0
2018-07-30,64550,2019-03-31,1,88000000000,0.029,,,,,9200000000,0.084,9600000000,0.063,,5800000000,,128.21,,,,,,,,,,,,,,,,,,,,,,true,true,12,2018-04-01,2019-03-31,0
2018-07-30,64550,2018-03-31,1,,,,,,,,,,,,,,,,,,,,114434000000,62701000000,0.540,,61763000000,,,,,,,,,,,,true,false,12,2017-04-01,2018-03-31,-1
2018-07-30,64550,2018-03-31,1,,,,,,,,,,,,,,,,,,,,,,,,,,,,,26.00,,,,46918542,1681342,,false,false,12,2017-04-01,2018-03-31,-1
2018-07-30,64550,2019-03-31,1,,,,,,,,,,,,,,,,,,,,,,,,,,,,,30.00,,,,,,,false,true,12,2018-04-01,2019-03-31,0
2018-07-30,64550,2019-03-31,1,,,,,,,,,,,,,,,,,,,,,,,,,,,,,,,,,46918542,1681740,45236946,false,false,3,2018-04-01,2018-06-30,0
2018-07-30,64550,2018-03-31,1,,,,,,,,,,,,,,,,,,,,,,,,,,,,,,,,,,,45238594,false,false,3,2017-04-01,2017-06-30,-1
2018-10-31,64550,2019-03-31,2,31925000000,0.160,,,,,1093000000,0.151,1379000000,0.110,,728000000,,16.11,,,,,,109943000000,63622000000,0.570,,62662000000,,,,,,,,,,,,true,false,6,2018-04-01,2018-09-30,0
2018-10-31,64550,2018-03-31,2,27516000000,-0.069,,,,,950000000,-0.486,1242000000,-0.394,,664000000,,14.69,,,,,,,,,,,,,,,,,,,,,,true,false,6,2017-04-01,2017-09-30,-1
2018-10-31,64550,2019-03-31,2,88000000000,0.029,,,,,9200000000,0.084,9600000000,0.063,,5800000000,,128.21,,,,,,,,,,,,,,,,,,,,,,true,true,12,2018-04-01,2019-03-31,0
2018-10-31,64550,2018-03-31,2,,,,,,,,,,,,,,,,,,,,114434000000,62701000000,0.540,,61763000000,,,,,,,,,,,,true,false,12,2017-04-01,2018-03-31,-1
2018-10-31,64550,2018-03-31,2,,,,,,,,,,,,,,,,,,,,,,,,,,,,,26.00,,,,46918542,1681342,,false,false,12,2017-04-01,2018-03-31,-1
2018-10-31,64550,2019-03-31,2,,,,,,,,,,,,,,,,,,,,,,,,,,,,,15.00,,,,,,,false,false,12,2018-04-01,2019-03-31,0
2018-10-31,64550,2019-03-31,2,,,,,,,,,,,,,,,,,,,,,,,,,,,,,30.00,,,,,,,false,true,12,2018-04-01,2019-03-31,0
2018-10-31,64550,2019-03-31,2,,,,,,,,,,,,,,,,,,,,,,,,,,,,,,,,,46918542,1682065,45236790,false,false,6,2018-04-01,2018-09-30,0
2018-10-31,64550,2018-03-31,2,,,,,,,,,,,,,,,,,,,,,,,,,,,,,,,,,,,45238346,false,false,6,2017-04-01,2017-09-30,-1
2019-01-30,64550,2019-03-31,3,54201000000,0.078,,,,,3876000000,0.040,4348000000,0.040,,2541000000,,56.19,,,,,,114696000000,63386000000,0.544,,62393000000,,,,,,,,,,,,true,false,9,2018-04-01,2018-12-31,0
2019-01-30,64550,2018-03-31,3,50257000000,-0.048,,,,,3727000000,-0.287,4182000000,-0.246,,2578000000,,56.99,,,,,,,,,,,,,,,,,,,,,,true,false,9,2017-04-01,2017-12-31,-1
2019-01-30,64550,2019-03-31,3,88000000000,0.029,,,,,9200000000,0.084,9600000000,0.063,,5800000000,,128.22,,,,,,,,,,,,,,,,,,,,,,true,true,12,2018-04-01,2019-03-31,0
2019-01-30,64550,2018-03-31,3,,,,,,,,,,,,,,,,,,,,114434000000,62701000000,0.540,,61763000000,,,,,,,,,,,,true,false,12,2017-04-01,2018-03-31,-1
2019-01-30,64550,2018-03-31,3,,,,,,,,,,,,,,,,,,,,,,,,,,,,,26.00,,,,46918542,1681342,,false,false,12,2017-04-01,2018-03-31,-1
2019-01-30,64550,2019-03-31,3,,,,,,,,,,,,,,,,,,,,,,,,,,,,,15.00,,,,,,,false,false,12,2018-04-01,2019-03-31,0
2019-01-30,64550,2019-03-31,3,,,,,,,,,,,,,,,,,,,,,,,,,,,,,30.00,,,,,,,false,true,12,2018-04-01,2019-03-31,0
2019-01-30,64550,2019-03-31,3,,,,,,,,,,,,,,,,,,,,,,,,,,,,,,,,,46918542,1682385,45236634,false,false,9,2018-04-01,2018-12-31,0
2019-01-30,64550,2018-03-31,3,,,,,,,,,,,,,,,,,,,,,,,,,,,,,,,,,,,45238116,false,false,9,2017-04-01,2017-12-31,-1
2019-04-26,64550,2019-03-31,,91524000000,0.070,,,,,9483000000,0.118,10104000000,0.119,,6391000000,,141.30,,0.100,0.087,0.104,,117218000000,67607000000,0.568,1470.94,66539000000,8389000000,-1427000000,-2966000000,13182000000,,0.241,,,,,,true,false,12,2018-04-01,2019-03-31,0
2019-04-26,64550,2018-03-31,,85502000000,0.005,,,,,8483000000,-0.121,9030000000,-0.108,,5741000000,,126.93,,0.098,0.082,0.099,,114434000000,62701000000,0.540,1365.32,61763000000,7213000000,-2372000000,-3509000000,9172000000,,0.205,,,,,,true,false,12,2017-04-01,2018-03-31,-1
2019-04-26,64550,2020-03-31,,29000000000,-0.092,,,,,1200000000,0.097,1400000000,0.015,,800000000,,17.69,,,,,,,,,,,,,,,,,,,,,,true,true,6,2019-04-01,2019-09-30,1
2019-04-26,64550,2020-03-31,,88000000000,-0.039,,,,,9200000000,-0.030,9600000000,-0.050,,6000000000,,132.64,,,,,,,,,,,,,,,,0.286,,,,,,true,true,12,2019-04-01,2020-03-31,1
2019-04-26,64550,2018-03-31,,,,,,,,,,,,,,,,,,,,,,,,,,,,,,26.00,,,,46918542,1681342,45237925,false,false,12,2017-04-01,2018-03-31,-1
2019-04-26,64550,2019-03-31,,,,,,,,,,,,,,,,,,,,,,,,,,,,,,34.00,,,,46918542,1682601,45236519,false,false,12,2018-04-01,2019-03-31,0
2019-04-26,64550,2020-03-31,,,,,,,,,,,,,,,,,,,,,,,,,,,,,,38.00,,,,,,,false,true,12,2019-04-01,2020-03-31,1
2019-05-24,64550,2020-03-31,,29000000000,,,,,,1200000000,,1400000000,,,2100000000,,46.42,,,,,,,,,,,,,,,,,,,,,,true,true,6,2019-04-01,2019-09-30,0
2019-05-24,64550,2019-03-31,,31925000000,,,,,,1093000000,,1379000000,,,728000000,,16.11,,,,,,,,,,,,,,,,,,,,,,true,false,6,2018-04-01,2018-09-30,-1
2019-05-24,64550,2020-03-31,,88000000000,,,,,,9200000000,,9600000000,,,7300000000,,161.38,,,,,,,,,,,,,,,,,,,,,,true,true,12,2019-04-01,2020-03-31,0
2019-05-24,64550,2019-03-31,,91524000000,,,,,,9483000000,,10104000000,,,6391000000,,141.30,,,,,,,,,,,,,,,,,,,,,,true,false,12,2018-04-01,2019-03-31,-1
2019-07-31,64550,2020-03-31,1,11277000000,-0.070,,,,,-317000000,,-234000000,,,-321000000,,-7.10,,,,,,107160000000,65641000000,0.603,,64577000000,,,,,,,,,,,,true,false,3,2019-04-01,2019-06-30,0
2019-07-31,64550,2019-03-31,1,12127000000,0.136,,,,,-551000000,,-407000000,,,-441000000,,-9.77,,,,,,,,,,,,,,,,,,,,,,true,false,3,2018-04-01,2018-06-30,-1
2019-07-31,64550,2020-03-31,1,29000000000,-0.092,,,,,1200000000,0.097,1400000000,0.015,,2100000000,,46.40,,,,,,,,,,,,,,,,,,,,,,true,true,6,2019-04-01,2019-09-30,0
2019-07-31,64550,2020-03-31,1,88000000000,-0.039,,,,,9200000000,-0.030,9600000000,-0.050,,7300000000,,161.17,,,,,,,,,,,,,,,,,,,,,,true,true,12,2019-04-01,2020-03-31,0
2019-07-31,64550,2019-03-31,1,,,,,,,,,,,,,,,,,,,,117218000000,67607000000,0.568,,66539000000,,,,,,,,,,,,true,false,12,2018-04-01,2019-03-31,-1
2019-07-31,64550,2019-03-31,1,,,,,,,,,,,,,,,,,,,,,,,,,,,,,34.00,,,,46918542,1682601,,false,false,12,2018-04-01,2019-03-31,-1
2019-07-31,64550,2020-03-31,1,,,,,,,,,,,,,,,,,,,,,,,,,,,,,38.00,,,,,,,false,true,12,2019-04-01,2020-03-31,0
2019-07-31,64550,2020-03-31,1,,,,,,,,,,,,,,,,,,,,,,,,,,,,,,,,,46918542,1682720,45235869,false,false,3,2019-04-01,2019-06-30,0
2019-07-31,64550,2019-03-31,1,,,,,,,,,,,,,,,,,,,,,,,,,,,,,,,,,,,45236946,false,false,3,2018-04-01,2018-06-30,-1
2019-10-31,64550,2020-03-31,2,31678000000,-0.008,,,,,1424000000,0.303,1557000000,0.129,,2065000000,,45.63,,,,,,108680000000,67907000000,0.615,,66815000000,,,,,,,,,,,,true,false,6,2019-04-01,2019-09-30,0
2019-10-31,64550,2019-03-31,2,31925000000,0.160,,,,,1093000000,0.151,1379000000,0.110,,728000000,,16.11,,,,,,,,,,,,,,,,,,,,,,true,false,6,2018-04-01,2018-09-30,-1
2019-10-31,64550,2020-03-31,2,88000000000,-0.039,,,,,9200000000,-0.030,9600000000,-0.050,,7300000000,,161.17,,,,,,,,,,,,,,,,,,,,,,true,true,12,2019-04-01,2020-03-31,0
2019-10-31,64550,2019-03-31,2,,,,,,,,,,,,,,,,,,,,117218000000,67607000000,0.568,,66539000000,,,,,,,,,,,,true,false,12,2018-04-01,2019-03-31,-1
2019-10-31,64550,2019-03-31,2,,,,,,,,,,,,,,,,,,,,,,,,,,,,,34.00,,,,46918542,1682601,,false,false,12,2018-04-01,2019-03-31,-1
2019-10-31,64550,2020-03-31,2,,,,,,,,,,,,,,,,,,,,,,,,,,,,,19.00,,,,,,,false,false,12,2019-04-01,2020-03-31,0
2019-10-31,64550,2020-03-31,2,,,,,,,,,,,,,,,,,,,,,,,,,,,,,38.00,,,,,,,false,true,12,2019-04-01,2020-03-31,0
2019-10-31,64550,2020-03-31,2,,,,,,,,,,,,,,,,,,,,,,,,,,,,,,,,,46918542,1588239,45262696,false,false,6,2019-04-01,2019-09-30,0
2019-10-31,64550,2019-03-31,2,,,,,,,,,,,,,,,,,,,,,,,,,,,,,,,,,,,45236790,false,false,6,2018-04-01,2018-09-30,-1
2020-01-31,64550,2020-03-31,3,51804000000,-0.044,,,,,3744000000,-0.034,4068000000,-0.064,,3571000000,,78.86,,,,,,114878000000,68691000000,0.588,,67578000000,,,,,,,,,,,,true,false,9,2019-04-01,2019-12-31,0
2020-01-31,64550,2019-03-31,3,54201000000,0.078,,,,,3876000000,0.040,4348000000,0.040,,2541000000,,56.19,,,,,,,,,,,,,,,,,,,,,,true,false,9,2018-04-01,2018-12-31,-1
2020-01-31,64550,2020-03-31,3,88000000000,-0.039,,,,,9200000000,-0.030,9600000000,-0.050,,7300000000,,161.17,,,,,,,,,,,,,,,,,,,,,,true,true,12,2019-04-01,2020-03-31,0
2020-01-31,64550,2019-03-31,3,,,,,,,,,,,,,,,,,,,,117218000000,67607000000,0.568,,66539000000,,,,,,,,,,,,true,false,12,2018-04-01,2019-03-31,-1
2020-01-31,64550,2019-03-31,3,,,,,,,,,,,,,,,,,,,,,,,,,,,,,34.00,,,,46918542,1682601,,false,false,12,2018-04-01,2019-03-31,-1
2020-01-31,64550,2020-03-31,3,,,,,,,,,,,,,,,,,,,,,,,,,,,,,19.00,,,,,,,false,false,12,2019-04-01,2020-03-31,0
2020-01-31,64550,2020-03-31,3,,,,,,,,,,,,,,,,,,,,,,,,,,,,,38.00,,,,,,,false,true,12,2019-04-01,2020-03-31,0
2020-01-31,64550,2020-03-31,3,,,,,,,,,,,,,,,,,,,,,,,,,,,,,,,,,46918542,1588814,45282893,false,false,9,2019-04-01,2019-12-31,0
2020-01-31,64550,2019-03-31,3,,,,,,,,,,,,,,,,,,,,,,,,,,,,,,,,,,,45236634,false,false,9,2018-04-01,2018-12-31,-1
2020-04-28,64550,2020-03-31,,86922000000,-0.050,,,,,8855000000,-0.066,9326000000,-0.077,,6971000000,,153.93,,0.102,0.080,0.102,,115753000000,71334000000,0.606,1547.57,70150000000,5075000000,940000000,-3770000000,15426000000,,0.247,,,,,,true,false,12,2019-04-01,2020-03-31,0
2020-04-28,64550,2019-03-31,,91524000000,0.070,,,,,9483000000,0.118,10104000000,0.119,,6391000000,,141.30,,0.100,0.087,0.104,,117218000000,67607000000,0.568,1470.94,66539000000,8389000000,-1427000000,-2966000000,13182000000,,0.241,,,,,,true,false,12,2018-04-01,2019-03-31,-1
2020-04-28,64550,2019-03-31,,,,,,,,,,,,,,,,,,,,,,,,,,,,,,34.00,,,,46918542,1682601,45236519,false,false,12,2018-04-01,2019-03-31,-1
2020-04-28,64550,2020-03-31,,,,,,,,,,,,,,,,,,,,,,,,,,,,,,38.00,,,,46918542,1589093,45293646,false,false,12,2019-04-01,2020-03-31,0
2020-04-28,64550,2021-03-31,,,,,,,,,,,,,,,,,,,,,,,,,,,,,,38.00,,,,,,,false,true,12,2020-04-01,2021-03-31,1
2020-07-31,64550,2021-03-31,1,10404000000,-0.077,,,,,-531000000,,-463000000,,,-448000000,,-9.90,,,,,,108184000000,70861000000,0.644,,69688000000,,,,,,,,,,,,true,false,3,2020-04-01,2020-06-30,0
2020-07-31,64550,2020-03-31,1,11277000000,-0.070,,,,,-317000000,,-234000000,,,-321000000,,-7.10,,,,,,,,,,,,,,,,,,,,,,true,false,3,2019-04-01,2019-06-30,-1
2020-07-31,64550,2021-03-31,1,83000000000,-0.045,,,,,8100000000,-0.085,8600000000,-0.078,,5400000000,,118.93,,,,,,,,,,,,,,,,,,,,,,true,true,12,2020-04-01,2021-03-31,0
2020-07-31,64550,2020-03-31,1,,,,,,,,,,,,,,,,,,,,115753000000,71334000000,0.606,,70150000000,,,,,,,,,,,,true,false,12,2019-04-01,2020-03-31,-1
2020-07-31,64550,2020-03-31,1,,,,,,,,,,,,,,,,,,,,,,,,,,,,,38.00,,,,46918542,1589093,,false,false,12,2019-04-01,2020-03-31,-1
2020-07-31,64550,2021-03-31,1,,,,,,,,,,,,,,,,,,,,,,,,,,,,,38.00,,,,,,,false,true,12,2020-04-01,2021-03-31,0
2020-07-31,64550,2021-03-31,1,,,,,,,,,,,,,,,,,,,,,,,,,,,,,,,,,46918542,1589171,45329425,false,false,3,2020-04-01,2020-06-30,0
2020-07-31,64550,2020-03-31,1,,,,,,,,,,,,,,,,,,,,,,,,,,,,,,,,,,,45235869,false,false,3,2019-04-01,2019-06-30,-1
2020-10-30,64550,2021-03-31,2,28163000000,-0.111,,,,,810000000,-0.431,1018000000,-0.346,,504000000,,11.11,,,,,,112212000000,72347000000,0.634,,71141000000,,,,,,,,,,,,true,false,6,2020-04-01,2020-09-30,0
2020-10-30,64550,2020-03-31,2,31678000000,-0.008,,,,,1424000000,0.303,1557000000,0.129,,2065000000,,45.63,,,,,,,,,,,,,,,,,,,,,,true,false,6,2019-04-01,2019-09-30,-1
2020-10-30,64550,2021-03-31,2,83000000000,-0.045,,,,,8100000000,-0.085,8600000000,-0.078,,5400000000,,118.93,,,,,,,,,,,,,,,,,,,,,,true,true,12,2020-04-01,2021-03-31,0
2020-10-30,64550,2020-03-31,2,,,,,,,,,,,,,,,,,,,,115753000000,71334000000,0.606,,70150000000,,,,,,,,,,,,true,false,12,2019-04-01,2020-03-31,-1
2020-10-30,64550,2020-03-31,2,,,,,,,,,,,,,,,,,,,,,,,,,,,,,38.00,,,,46918542,1589093,,false,false,12,2019-04-01,2020-03-31,-1
2020-10-30,64550,2021-03-31,2,,,,,,,,,,,,,,,,,,,,,,,,,,,,,19.00,,,,,,,false,false,12,2020-04-01,2021-03-31,0
2020-10-30,64550,2021-03-31,2,,,,,,,,,,,,,,,,,,,,,,,,,,,,,38.00,,,,,,,false,true,12,2020-04-01,2021-03-31,0
2020-10-30,64550,2021-03-31,2,,,,,,,,,,,,,,,,,,,,,,,,,,,,,,,,,46918542,1482008,45375391,false,false,6,2020-04-01,2020-09-30,0
2020-10-30,64550,2020-03-31,2,,,,,,,,,,,,,,,,,,,,,,,,,,,,,,,,,,,45262696,false,false,6,2019-04-01,2019-09-30,-1
2021-02-05,64550,2021-03-31,3,50528000000,-0.025,,,,,3902000000,0.042,4292000000,0.055,,2730000000,,60.16,,,,,,121383000000,74675000000,0.605,,73433000000,,,,,,,,,,,,true,false,9,2020-04-01,2020-12-31,0
2021-02-05,64550,2020-03-31,3,51804000000,-0.044,,,,,3744000000,-0.034,4068000000,-0.064,,3571000000,,78.86,,,,,,,,,,,,,,,,,,,,,,true,false,9,2019-04-01,2019-12-31,-1
2021-02-05,64550,2021-03-31,3,83000000000,-0.045,,,,,8100000000,-0.085,8600000000,-0.078,,5400000000,,118.93,,,,,,,,,,,,,,,,,,,,,,true,true,12,2020-04-01,2021-03-31,0
2021-02-05,64550,2020-03-31,3,,,,,,,,,,,,,,,,,,,,115753000000,71334000000,0.606,,70150000000,,,,,,,,,,,,true,false,12,2019-04-01,2020-03-31,-1
2021-02-05,64550,2020-03-31,3,,,,,,,,,,,,,,,,,,,,,,,,,,,,,38.00,,,,46918542,1589093,,false,false,12,2019-04-01,2020-03-31,-1
2021-02-05,64550,2021-03-31,3,,,,,,,,,,,,,,,,,,,,,,,,,,,,,19.00,,,,,,,false,false,12,2020-04-01,2021-03-31,0
2021-02-05,64550,2021-03-31,3,,,,,,,,,,,,,,,,,,,,,,,,,,,,,38.00,,,,,,,false,true,12,2020-04-01,2021-03-31,0
2021-02-05,64550,2021-03-31,3,,,,,,,,,,,,,,,,,,,,,,,,,,,,,,,,,46918542,1482158,45393678,false,false,9,2020-04-01,2020-12-31,0
2021-02-05,64550,2020-03-31,3,,,,,,,,,,,,,,,,,,,,,,,,,,,,,,,,,,,45282893,false,false,9,2019-04-01,2019-12-31,-1
2021-05-10,64550,2021-03-31,,84667000000,-0.026,,,,,8855000000,0.000,9479000000,0.016,,6224000000,,137.09,,0.084,0.080,0.105,,122515000000,79368000000,0.637,1717.79,78049000000,11673000000,-611000000,-3647000000,22839000000,,0.277,,,,,,true,false,12,2020-04-01,2021-03-31,0
2021-05-10,64550,2020-03-31,,86922000000,-0.050,,,,,8855000000,-0.066,9326000000,-0.077,,6971000000,,153.93,,0.102,0.080,0.102,,115753000000,71334000000,0.606,1547.57,70150000000,5075000000,940000000,-3770000000,15426000000,,0.247,,,,,,true,false,12,2019-04-01,2020-03-31,-1
2021-05-10,64550,2022-03-31,,83000000000,-0.020,,,,,8100000000,-0.085,8600000000,-0.093,,5500000000,,120.87,,,,,,,,,,,,,,,,0.314,,,,,,true,true,12,2021-04-01,2022-03-31,1
2021-05-10,64550,2020-03-31,,,,,,,,,,,,,,,,,,,,,,,,,,,,,,38.00,,,,46918542,1589093,45293646,false,false,12,2019-04-01,2020-03-31,-1
2021-05-10,64550,2021-03-31,,,,,,,,,,,,,,,,,,,,,,,,,,,,,,38.00,,,,46918542,1482677,45403485,false,false,12,2020-04-01,2021-03-31,0
2021-05-10,64550,2022-03-31,,,,,,,,,,,,,,,,,,,,,,,,,,,,,,38.00,,,,,,,false,true,12,2021-04-01,2022-03-31,1
2021-07-28,64550,2022-03-31,1,10411000000,0.001,,,,,-721000000,,-623000000,,,-601000000,,-13.25,,,,,,115628000000,77937000000,0.663,,76627000000,,,,,,,,,,,,true,false,3,2021-04-01,2021-06-30,0
2021-07-28,64550,2021-03-31,1,10404000000,-0.077,,,,,-531000000,,-463000000,,,-448000000,,-9.90,,,,,,,,,,,,,,,,,,,,,,true,false,3,2020-04-01,2020-06-30,-1
2021-07-28,64550,2022-03-31,1,83000000000,-0.020,,,,,8100000000,-0.085,8600000000,-0.093,,5500000000,,120.80,,,,,,,,,,,,,,,,,,,,,,true,true,12,2021-04-01,2022-03-31,0
2021-07-28,64550,2021-03-31,1,,,,,,,,,,,,,,,,,,,,122515000000,79368000000,0.637,,78049000000,,,,,,,,,,,,true,false,12,2020-04-01,2021-03-31,-1
2021-07-28,64550,2021-03-31,1,,,,,,,,,,,,,,,,,,,,,,,,,,,,,38.00,,,,46918542,1482677,,false,false,12,2020-04-01,2021-03-31,-1
2021-07-28,64550,2022-03-31,1,,,,,,,,,,,,,,,,,,,,,,,,,,,,,38.00,,,,,,,false,true,12,2021-04-01,2022-03-31,0
2021-07-28,64550,2022-03-31,1,,,,,,,,,,,,,,,,,,,,,,,,,,,,,,,,,46918542,1483312,45435540,false,false,3,2021-04-01,2021-06-30,0
2021-07-28,64550,2021-03-31,1,,,,,,,,,,,,,,,,,,,,,,,,,,,,,,,,,,,45329425,false,false,3,2020-04-01,2020-06-30,-1
2021-10-29,64550,2022-03-31,2,27011000000,-0.041,,,,,311000000,-0.615,631000000,-0.380,,262000000,,5.76,,,,,,120873000000,80328000000,0.654,,78996000000,,,,,,,,,,,,true,false,6,2021-04-01,2021-09-30,0
2021-10-29,64550,2021-03-31,2,28163000000,-0.111,,,,,810000000,-0.431,1018000000,-0.346,,504000000,,11.11,,,,,,,,,,,,,,,,,,,,,,true,false,6,2020-04-01,2020-09-30,-1
2021-10-29,64550,2022-03-31,2,83000000000,-0.020,,,,,8100000000,-0.085,8600000000,-0.093,,5500000000,,120.80,,,,,,,,,,,,,,,,,,,,,,true,true,12,2021-04-01,2022-03-31,0
2021-10-29,64550,2021-03-31,2,,,,,,,,,,,,,,,,,,,,122515000000,79368000000,0.637,,78049000000,,,,,,,,,,,,true,false,12,2020-04-01,2021-03-31,-1
2021-10-29,64550,2021-03-31,2,,,,,,,,,,,,,,,,,,,,,,,,,,,,,38.00,,,,46918542,1482677,,false,false,12,2020-04-01,2021-03-31,-1
2021-10-29,64550,2022-03-31,2,,,,,,,,,,,,,,,,,,,,,,,,,,,,,19.00,,,,,,,false,false,12,2021-04-01,2022-03-31,0
2021-10-29,64550,2022-03-31,2,,,,,,,,,,,,,,,,,,,,,,,,,,,,,38.00,,,,,,,false,true,12,2021-04-01,2022-03-31,0
2021-10-29,64550,2022-03-31,2,,,,,,,,,,,,,,,,,,,,,,,,,,,,,,,,,46918542,1345196,45494644,false,false,6,2021-04-01,2021-09-30,0
2021-10-29,64550,2021-03-31,2,,,,,,,,,,,,,,,,,,,,,,,,,,,,,,,,,,,45375391,false,false,6,2020-04-01,2020-09-30,-1
2022-01-28,64550,2022-03-31,3,47510000000,-0.060,,,,,2618000000,-0.329,3016000000,-0.297,,1903000000,,41.82,,,,,,125566000000,80861000000,0.637,,79947000000,,,,,,,,,,,,true,false,9,2021-04-01,2021-12-31,0
2022-01-28,64550,2021-03-31,3,50528000000,-0.025,,,,,3902000000,0.042,4292000000,0.055,,2730000000,,60.16,,,,,,,,,,,,,,,,,,,,,,true,false,9,2020-04-01,2020-12-31,-1
2022-01-28,64550,2022-03-31,3,83000000000,-0.020,,,,,8100000000,-0.085,8600000000,-0.093,,5500000000,,120.80,,,,,,,,,,,,,,,,,,,,,,true,true,12,2021-04-01,2022-03-31,0
2022-01-28,64550,2021-03-31,3,,,,,,,,,,,,,,,,,,,,122515000000,79368000000,0.637,,78049000000,,,,,,,,,,,,true,false,12,2020-04-01,2021-03-31,-1
2022-01-28,64550,2021-03-31,3,,,,,,,,,,,,,,,,,,,,,,,,,,,,,38.00,,,,46918542,1482677,,false,false,12,2020-04-01,2021-03-31,-1
2022-01-28,64550,2022-03-31,3,,,,,,,,,,,,,,,,,,,,,,,,,,,,,19.00,,,,,,,false,false,12,2021-04-01,2022-03-31,0
2022-01-28,64550,2022-03-31,3,,,,,,,,,,,,,,,,,,,,,,,,,,,,,38.00,,,,,,,false,true,12,2021-04-01,2022-03-31,0
2022-01-28,64550,2022-03-31,3,,,,,,,,,,,,,,,,,,,,,,,,,,,,,,,,,46918542,1345296,45518238,false,false,9,2021-04-01,2021-12-31,0
2022-01-28,64550,2021-03-31,3,,,,,,,,,,,,,,,,,,,,,,,,,,,,,,,,,,,45393678,false,false,9,2020-04-01,2020-12-31,-1
2022-04-28,64550,2022-03-31,,83602000000,-0.013,,,,,8115000000,-0.084,8761000000,-0.076,,5350000000,,118.10,,0.067,0.071,0.097,,125167000000,81906000000,0.647,1835.49,80947000000,10544000000,-685000000,-3630000000,29132000000,,0.339,,,,,,true,false,12,2021-04-01,2022-03-31,0
2022-04-28,64550,2021-03-31,,84667000000,-0.026,,,,,8855000000,0.000,9479000000,0.016,,6224000000,,137.09,,0.084,0.080,0.105,,122515000000,79368000000,0.637,1717.79,78049000000,11673000000,-611000000,-3647000000,22839000000,,0.277,,,,,,true,false,12,2020-04-01,2021-03-31,-1
2022-04-28,64550,2021-03-31,,,,,,,,,,,,,,,,,,,,,,,,,,,,,,38.00,,,,46918542,1482677,45403485,false,false,12,2020-04-01,2021-03-31,-1
2022-04-28,64550,2022-03-31,,,,,,,,,,,,,,,,,,,,,,,,,,,,,,40.00,,,,46918542,2817506,45304445,false,false,12,2021-04-01,2022-03-31,0
2022-07-27,64550,2023-03-31,1,12417000000,0.193,,,,,-27000000,,58000000,,,-124000000,,-2.83,,,,,,119461000000,80525000000,0.666,,79574000000,,,,,,,,,,,,true,false,3,2022-04-01,2022-06-30,0
2022-07-27,64550,2022-03-31,1,10411000000,0.001,,,,,-721000000,,-623000000,,,-601000000,,-13.25,,,,,,,,,,,,,,,,,,,,,,true,false,3,2021-04-01,2021-06-30,-1
2022-07-27,64550,2022-03-31,1,,,,,,,,,,,,,,,,,,,,125167000000,81906000000,0.647,,80947000000,,,,,,,,,,,,true,false,12,2021-04-01,2022-03-31,-1
2022-07-27,64550,2022-03-31,1,,,,,,,,,,,,,,,,,,,,,,,,,,,,,40.00,,,,46918542,2817506,,false,false,12,2021-04-01,2022-03-31,-1
2022-07-27,64550,2023-03-31,1,,,,,,,,,,,,,,,,,,,,,,,,,,,,,,,,,46918542,2817534,44101040,false,false,3,2022-04-01,2022-06-30,0
2022-07-27,64550,2022-03-31,1,,,,,,,,,,,,,,,,,,,,,,,,,,,,,,,,,,,45435540,false,false,3,2021-04-01,2021-06-30,-1
2022-10-28,64550,2023-03-31,2,28156000000,0.042,,,,,702000000,1.253,864000000,0.370,,363000000,,8.25,,,,,,121186000000,81071000000,0.661,,80116000000,,,,,,,,,,,,true,false,6,2022-04-01,2022-09-30,0
2022-10-28,64550,2022-03-31,2,27011000000,-0.041,,,,,311000000,-0.615,631000000,-0.380,,262000000,,5.76,,,,,,,,,,,,,,,,,,,,,,true,false,6,2021-04-01,2021-09-30,-1
2022-10-28,64550,2022-03-31,2,,,,,,,,,,,,,,,,,,,,125167000000,81906000000,0.647,,80947000000,,,,,,,,,,,,true,false,12,2021-04-01,2022-03-31,-1
2022-10-28,64550,2022-03-31,2,,,,,,,,,,,,,,,,,,,,,,,,,,,,,40.00,,,,46918542,2817506,,false,false,12,2021-04-01,2022-03-31,-1
2022-10-28,64550,2023-03-31,2,,,,,,,,,,,,,,,,,,,,,,,,,,,,,20.00,,,,,,,false,false,12,2022-04-01,2023-03-31,0
2022-10-28,64550,2023-03-31,2,,,,,,,,,,,,,,,,,,,,,,,,,,,,,,,,,46918542,3111356,44038676,false,false,6,2022-04-01,2022-09-30,0
2022-10-28,64550,2022-03-31,2,,,,,,,,,,,,,,,,,,,,,,,,,,,,,,,,,,,45494644,false,false,6,2021-04-01,2021-09-30,-1
2022-12-16,64550,2023-03-31,,74000000000,,,,,,3700000000,,4200000000,,2700000000,,,61.46,,,,,,,,,,,,,,,,,,,,,,true,true,12,2022-04-01,2023-03-31,0
2022-12-16,64550,2022-03-31,,83602000000,,,,,,8115000000,,8761000000,,5350000000,,,118.10,,,,,,,,,,,,,,,,,,,,,,true,false,12,2021-04-01,2022-03-31,-1
2022-12-16,64550,2023-03-31,,,,,,,,,,,,,,,,,,,,,,,,,,,,,,40.00,,,,,,,false,true,12,2022-04-01,2023-03-31,0
2022-12-16,64550,2023-03-31,,,,,,,,,,,,,,,,,,,,,,,,,,,,,,20.00,,,,,,,false,false,12,2022-04-01,2023-03-31,0
2022-12-16,64550,2022-03-31,,,,,,,,,,,,,,,,,,,,,,,,,,,,,,40.00,,,,,,,false,false,12,2021-04-01,2022-03-31,-1
2023-01-31,64550,2023-03-31,3,43804000000,-0.078,,,,,934000000,-0.643,1265000000,-0.580,,627000000,,14.26,,,,,,126102000000,80088000000,0.627,,79127000000,,,,,,,,,,,,true,false,9,2022-04-01,2022-12-31,0
2023-01-31,64550,2022-03-31,3,47510000000,-0.060,,,,,2618000000,-0.329,3016000000,-0.297,,1903000000,,41.82,,,,,,,,,,,,,,,,,,,,,,true,false,9,2021-04-01,2021-12-31,-1
2023-01-31,64550,2023-03-31,3,74000000000,-0.115,,,,,3700000000,-0.544,4200000000,-0.521,,2700000000,,61.46,,,,,,,,,,,,,,,,,,,,,,true,true,12,2022-04-01,2023-03-31,0
2023-01-31,64550,2022-03-31,3,,,,,,,,,,,,,,,,,,,,125167000000,81906000000,0.647,,80947000000,,,,,,,,,,,,true,false,12,2021-04-01,2022-03-31,-1
2023-01-31,64550,2022-03-31,3,,,,,,,,,,,,,,,,,,,,,,,,,,,,,40.00,,,,46918542,2817506,,false,false,12,2021-04-01,2022-03-31,-1
2023-01-31,64550,2023-03-31,3,,,,,,,,,,,,,,,,,,,,,,,,,,,,,20.00,,,,,,,false,false,12,2022-04-01,2023-03-31,0
2023-01-31,64550,2023-03-31,3,,,,,,,,,,,,,,,,,,,,,,,,,,,,,40.00,,,,,,,false,true,12,2022-04-01,2023-03-31,0
2023-01-31,64550,2023-03-31,3,,,,,,,,,,,,,,,,,,,,,,,,,,,,,,,,,46918542,3111505,43969194,false,false,9,2022-04-01,2022-12-31,0
2023-01-31,64550,2022-03-31,3,,,,,,,,,,,,,,,,,,,,,,,,,,,,,,,,,,,45518238,false,false,9,2021-04-01,2021-12-31,-1
2023-04-28,64550,2023-03-31,,81344000000,-0.027,,,,,5081000000,-0.374,5913000000,-0.325,,3996000000,,90.98,,0.049,0.047,0.062,,123986000000,84213000000,0.671,1899.79,83223000000,2140000000,-2669000000,-8961000000,19651000000,,0.473,,,,,,true,false,12,2022-04-01,2023-03-31,0
2023-04-28,64550,2022-03-31,,83602000000,-0.013,,,,,8115000000,-0.084,8761000000,-0.076,,5350000000,,118.10,,0.067,0.071,0.097,,125167000000,81906000000,0.647,1835.49,80947000000,10544000000,-685000000,-3630000000,29132000000,,0.339,,,,,,true,false,12,2021-04-01,2022-03-31,-1
2023-04-28,64550,2024-03-31,,90000000000,0.106,,,,,8100000000,0.594,8600000000,0.454,,5500000000,,125.55,,,,,,,,,,,,,,,,0.382,,,,,,true,true,12,2023-04-01,2024-03-31,1
2023-04-28,64550,2022-03-31,,,,,,,,,,,,,,,,,,,,,,,,,,,,,,40.00,,,,46918542,2817506,45304445,false,false,12,2021-04-01,2022-03-31,-1
2023-04-28,64550,2023-03-31,,,,,,,,,,,,,,,,,,,,,,,,,,,,,,43.00,,,,46918542,3111634,43931749,false,false,12,2022-04-01,2023-03-31,0
2023-04-28,64550,2024-03-31,,,,,,,,,,,,,,,,,,,,,,,,,,,,,,48.00,,,,,,,false,true,12,2023-04-01,2024-03-31,1
2023-07-28,64550,2024-03-31,1,14598000000,0.176,,,,,143000000,,289000000,3.968,,-44000000,,-1.03,,,,,,121194000000,84054000000,0.685,,83064000000,,,,,,,,,,,,true,false,3,2023-04-01,2023-06-30,0
2023-07-28,64550,2023-03-31,1,12417000000,0.193,,,,,-27000000,,58000000,,,-124000000,,-2.83,,,,,,,,,,,,,,,,,,,,,,true,false,3,2022-04-01,2022-06-30,-1
2023-07-28,64550,2024-03-31,1,90000000000,0.106,,,,,8100000000,0.594,8600000000,0.454,,5500000000,,125.29,,,,,,,,,,,,,,,,,,,,,,true,true,12,2023-04-01,2024-03-31,0
2023-07-28,64550,2023-03-31,1,,,,,,,,,,,,,,,,,,,,123986000000,84213000000,0.671,,83223000000,,,,,,,,,,,,true,false,12,2022-04-01,2023-03-31,-1
2023-07-28,64550,2023-03-31,1,,,,,,,,,,,,,,,,,,,,,,,,,,,,,43.00,,,,46918542,3111634,,false,false,12,2022-04-01,2023-03-31,-1
2023-07-28,64550,2024-03-31,1,,,,,,,,,,,,,,,,,,,,,,,,,,,,,48.00,,,,,,,false,true,12,2023-04-01,2024-03-31,0
2023-07-28,64550,2024-03-31,1,,,,,,,,,,,,,,,,,,,,,,,,,,,,,,,,,46918542,3112019,43806790,false,false,3,2023-04-01,2023-06-30,0
2023-07-28,64550,2023-03-31,1,,,,,,,,,,,,,,,,,,,,,,,,,,,,,,,,,,,44101040,false,false,3,2022-04-01,2022-06-30,-1
2023-10-31,64550,2024-03-31,2,34588000000,0.228,,,,,1856000000,1.641,2048000000,1.369,,893000000,,20.38,,,,,,129214000000,85843000000,0.657,,84839000000,,,,,,,,,,,,true,false,6,2023-04-01,2023-09-30,0
2023-10-31,64550,2023-03-31,2,28156000000,0.042,,,,,702000000,1.253,864000000,0.370,,363000000,,8.25,,,,,,,,,,,,,,,,,,,,,,true,false,6,2022-04-01,2022-09-30,-1
2023-10-31,64550,2024-03-31,2,90000000000,0.106,,,,,8100000000,0.594,8600000000,0.454,,5500000000,,125.29,,,,,,,,,,,,,,,,,,,,,,true,true,12,2023-04-01,2024-03-31,0
2023-10-31,64550,2023-03-31,2,,,,,,,,,,,,,,,,,,,,123986000000,84213000000,0.671,,83223000000,,,,,,,,,,,,true,false,12,2022-04-01,2023-03-31,-1
2023-10-31,64550,2023-03-31,2,,,,,,,,,,,,,,,,,,,,,,,,,,,,,43.00,,,,46918542,3111634,,false,false,12,2022-04-01,2023-03-31,-1
2023-10-31,64550,2024-03-31,2,,,,,,,,,,,,,,,,,,,,,,,,,,,,,24.00,,,,,,,false,false,12,2023-04-01,2024-03-31,0
2023-10-31,64550,2024-03-31,2,,,,,,,,,,,,,,,,,,,,,,,,,,,,,48.00,,,,,,,false,true,12,2023-04-01,2024-03-31,0
2023-10-31,64550,2024-03-31,2,,,,,,,,,,,,,,,,,,,,,,,,,,,,,,,,,46918542,2981847,43862491,false,false,6,2023-04-01,2023-09-30,0
2023-10-31,64550,2023-03-31,2,,,,,,,,,,,,,,,,,,,,,,,,,,,,,,,,,,,44038676,false,false,6,2022-04-01,2022-09-30,-1
2024-01-31,64550,2024-03-31,3,54708000000,0.249,,,,,3296000000,2.528,3450000000,1.726,,1715000000,,39.09,,,,,,131558000000,86059000000,0.646,,85032000000,,,,,,,,,,,,true,false,9,2023-04-01,2023-12-31,0
2024-01-31,64550,2023-03-31,3,43804000000,-0.078,,,,,934000000,-0.643,1265000000,-0.580,,627000000,,14.26,,,,,,,,,,,,,,,,,,,,,,true,false,9,2022-04-01,2022-12-31,-1
2024-01-31,64550,2024-03-31,3,90000000000,0.106,,,,,8100000000,0.594,8600000000,0.454,,5500000000,,125.29,,,,,,,,,,,,,,,,,,,,,,true,true,12,2023-04-01,2024-03-31,0
2024-01-31,64550,2023-03-31,3,,,,,,,,,,,,,,,,,,,,123986000000,84213000000,0.671,,83223000000,,,,,,,,,,,,true,false,12,2022-04-01,2023-03-31,-1
2024-01-31,64550,2023-03-31,3,,,,,,,,,,,,,,,,,,,,,,,,,,,,,43.00,,,,46918542,3111634,,false,false,12,2022-04-01,2023-03-31,-1
2024-01-31,64550,2024-03-31,3,,,,,,,,,,,,,,,,,,,,,,,,,,,,,24.00,,,,,,,false,false,12,2023-04-01,2024-03-31,0
2024-01-31,64550,2024-03-31,3,,,,,,,,,,,,,,,,,,,,,,,,,,,,,48.00,,,,,,,false,true,12,2023-04-01,2024-03-31,0
2024-01-31,64550,2024-03-31,3,,,,,,,,,,,,,,,,,,,,,,,,,,,,,,,,,46918542,2982083,43884682,false,false,9,2023-04-01,2023-12-31,0
2024-01-31,64550,2023-03-31,3,,,,,,,,,,,,,,,,,,,,,,,,,,,,,,,,,,,43969194,false,false,9,2022-04-01,2022-12-31,-1
2024-04-26,64550,2024-03-31,,95205000000,0.170,,,,,9453000000,0.860,9627000000,0.628,,6011000000,,137.09,,0.069,0.073,0.099,,139695000000,91583000000,0.648,2074.22,90511000000,11172000000,-3479000000,-1485000000,25910000000,,0.350,,,,,,true,false,12,2023-04-01,2024-03-31,0
2024-04-26,64550,2023-03-31,,81344000000,-0.027,,,,,5081000000,-0.374,5913000000,-0.325,,3996000000,,90.98,,0.049,0.047,0.062,,123986000000,84213000000,0.671,1899.79,83223000000,2140000000,-2669000000,-8961000000,19651000000,,0.473,,,,,,true,false,12,2022-04-01,2023-03-31,-1
2024-04-26,64550,2025-03-31,,100000000000,0.050,,,,,10000000000,0.058,10500000000,0.091,,7000000000,,160.42,,,,,,,,,,,,,,,,0.312,,,,,,true,true,12,2024-04-01,2025-03-31,1
2024-04-26,64550,2023-03-31,,,,,,,,,,,,,,,,,,,,,,,,,,,,,,43.00,,,,46918542,3111634,43931749,false,false,12,2022-04-01,2023-03-31,-1
2024-04-26,64550,2024-03-31,,,,,,,,,,,,,,,,,,,,,,,,,,,,,,48.00,,,,46918542,3282234,43850446,false,false,12,2023-04-01,2024-03-31,0
2024-04-26,64550,2025-03-31,,,,,,,,,,,,,,,,,,,,,,,,,,,,,,50.00,,,,,,,false,true,12,2024-04-01,2025-03-31,1
2024-07-30,64550,2025-03-31,1,18622000000,0.276,,,,,1431000000,8.944,1672000000,4.769,,993000000,,22.76,,,,,,133974000000,92594000000,0.683,,91519000000,,,,,,,,,,,,true,false,3,2024-04-01,2024-06-30,0
2024-07-30,64550,2024-03-31,1,14598000000,0.176,,,,,143000000,,289000000,3.968,,-44000000,,-1.03,,,,,,,,,,,,,,,,,,,,,,true,false,3,2023-04-01,2023-06-30,-1
2024-07-30,64550,2025-03-31,1,100000000000,0.050,,,,,10000000000,0.058,10500000000,0.091,,7000000000,,160.13,,,,,,,,,,,,,,,,,,,,,,true,true,12,2024-04-01,2025-03-31,0
2024-07-30,64550,2024-03-31,1,,,,,,,,,,,,,,,,,,,,139695000000,91583000000,0.648,,90511000000,,,,,,,,,,,,true,false,12,2023-04-01,2024-03-31,-1
2024-07-30,64550,2024-03-31,1,,,,,,,,,,,,,,,,,,,,,,,,,,,,,48.00,,,,46918542,3282234,,false,false,12,2023-04-01,2024-03-31,-1
2024-07-30,64550,2025-03-31,1,,,,,,,,,,,,,,,,,,,,,,,,,,,,,50.00,,,,,,,false,true,12,2024-04-01,2025-03-31,0
2024-07-30,64550,2025-03-31,1,,,,,,,,,,,,,,,,,,,,,,,,,,,,,,,,,46918542,3283181,43635628,false,false,3,2024-04-01,2024-06-30,0
2024-07-30,64550,2024-03-31,1,,,,,,,,,,,,,,,,,,,,,,,,,,,,,,,,,,,43806790,false,false,3,2023-04-01,2023-06-30,-1
2024-10-31,64550,2025-03-31,2,42633000000,0.233,,,,,4172000000,1.248,4226000000,1.063,,2554000000,,58.48,,,,,,136749000000,95365000000,0.689,,94274000000,,,,,,,,,,,,true,false,6,2024-04-01,2024-09-30,0
2024-10-31,64550,2024-03-31,2,34588000000,0.228,,,,,1856000000,1.641,2048000000,1.369,,893000000,,20.38,,,,,,,,,,,,,,,,,,,,,,true,false,6,2023-04-01,2023-09-30,-1
2024-10-31,64550,2025-03-31,2,110000000000,0.155,,,,,12000000000,0.269,12500000000,0.298,,8400000000,,192.15,,,,,,,,,,,,,,,,,,,,,,true,true,12,2024-04-01,2025-03-31,0
2024-10-31,64550,2024-03-31,2,,,,,,,,,,,,,,,,,,,,139695000000,91583000000,0.648,,90511000000,,,,,,,,,,,,true,false,12,2023-04-01,2024-03-31,-1
2024-10-31,64550,2024-03-31,2,,,,,,,,,,,,,,,,,,,,,,,,,,,,,48.00,,,,46918542,3282234,,false,false,12,2023-04-01,2024-03-31,-1
2024-10-31,64550,2025-03-31,2,,,,,,,,,,,,,,,,,,,,,,,,,,,,,25.00,,,,,,,false,false,12,2024-04-01,2025-03-31,0
2024-10-31,64550,2025-03-31,2,,,,,,,,,,,,,,,,,,,,,,,,,,,,,54.00,,,,,,,false,true,12,2024-04-01,2025-03-31,0
2024-10-31,64550,2025-03-31,2,,,,,,,,,,,,,,,,,,,,,,,,,,,,,,,,,46918542,3167456,43685144,false,false,6,2024-04-01,2024-09-30,0
2024-10-31,64550,2024-03-31,2,,,,,,,,,,,,,,,,,,,,,,,,,,,,,,,,,,,43862491,false,false,6,2023-04-01,2023-09-30,-1
2025-01-31,64550,2025-03-31,3,65495000000,0.197,,,,,6607000000,1.004,6860000000,0.988,,4324000000,,98.94,,,,,,141451000000,94008000000,0.657,,92896000000,,,,,,,,,,,,true,false,9,2024-04-01,2024-12-31,0
2025-01-31,64550,2024-03-31,3,54708000000,0.249,,,,,3296000000,2.528,3450000000,1.726,,1715000000,,39.09,,,,,,,,,,,,,,,,,,,,,,true,false,9,2023-04-01,2023-12-31,-1
2025-01-31,64550,2025-03-31,3,110000000000,0.155,,,,,12000000000,0.269,12500000000,0.298,,8400000000,,192.15,,,,,,,,,,,,,,,,,,,,,,true,true,12,2024-04-01,2025-03-31,0
2025-01-31,64550,2024-03-31,3,,,,,,,,,,,,,,,,,,,,139695000000,91583000000,0.648,,90511000000,,,,,,,,,,,,true,false,12,2023-04-01,2024-03-31,-1
2025-01-31,64550,2024-03-31,3,,,,,,,,,,,,,,,,,,,,,,,,,,,,,48.00,,,,46918542,3282234,,false,false,12,2023-04-01,2024-03-31,-1
2025-01-31,64550,2025-03-31,3,,,,,,,,,,,,,,,,,,,,,,,,,,,,,25.00,,,,,,,false,false,12,2024-04-01,2025-03-31,0
2025-01-31,64550,2025-03-31,3,,,,,,,,,,,,,,,,,,,,,,,,,,,,,54.00,,,,,,,false,true,12,2024-04-01,2025-03-31,0
2025-01-31,64550,2025-03-31,3,,,,,,,,,,,,,,,,,,,,,,,,,,,,,,,,,46918542,3167579,43704913,false,false,9,2024-04-01,2024-12-31,0
2025-01-31,64550,2024-03-31,3,,,,,,,,,,,,,,,,,,,,,,,,,,,,,,,,,,,43884682,false,false,9,2023-04-01,2023-12-31,-1
2025-04-25,64550,2025-03-31,,111743000000,0.174,,,,,13733000000,0.453,13744000000,0.428,,9472000000,,217.47,,0.101,0.097,0.123,,143352000000,97702000000,0.673,2258.99,96528000000,11391000000,-1487000000,-6003000000,29724000000,,0.267,,,,,,true,false,12,2024-04-01,2025-03-31,0
2025-04-25,64550,2024-03-31,,95205000000,0.170,,,,,9453000000,0.860,9627000000,0.628,,6011000000,,137.09,,0.069,0.073,0.099,,139695000000,91583000000,0.648,2074.22,90511000000,11172000000,-3479000000,-1485000000,25910000000,,0.350,,,,,,true,false,12,2023-04-01,2024-03-31,-1
2025-04-25,64550,2026-03-31,,115000000000,0.029,,,,,13800000000,0.005,14300000000,0.040,,9500000000,,226.24,,,,,,,,,,,,,,,,0.256,,,,,,true,true,12,2025-04-01,2026-03-31,1
2025-04-25,64550,2024-03-31,,,,,,,,,,,,,,,,,,,,,,,,,,,,,,48.00,,,,46918542,3282234,43850446,false,false,12,2023-04-01,2024-03-31,-1
2025-04-25,64550,2025-03-31,,,,,,,,,,,,,,,,,,,,,,,,,,,,,,58.00,,,,46918542,4187659,43558601,false,false,12,2024-04-01,2025-03-31,0
2025-04-25,64550,2026-03-31,,,,,,,,,,,,,,,,,,,,,,,,,,,,,,58.00,,,,,,,false,true,12,2025-04-01,2026-03-31,1
2025-07-31,64550,2026-03-31,1,18260000000,-0.019,,,,,1377000000,-0.038,1539000000,-0.079,,770000000,,18.03,,,,,,137854000000,97060000000,0.696,,95888000000,,,,,,,,,,,,true,false,3,2025-04-01,2025-06-30,0
2025-07-31,64550,2025-03-31,1,18622000000,0.276,,,,,1431000000,8.944,1672000000,4.769,,993000000,,22.76,,,,,,,,,,,,,,,,,,,,,,true,false,3,2024-04-01,2024-06-30,-1
2025-07-31,64550,2026-03-31,1,115000000000,0.029,,,,,13800000000,0.005,14300000000,0.040,,9500000000,,225.85,,,,,,,,,,,,,,,,,,,,,,true,true,12,2025-04-01,2026-03-31,0
2025-07-31,64550,2025-03-31,1,,,,,,,,,,,,,,,,,,,,143352000000,97702000000,0.673,,96528000000,,,,,,,,,,,,true,false,12,2024-04-01,2025-03-31,-1
2025-07-31,64550,2025-03-31,1,,,,,,,,,,,,,,,,,,,,,,,,,,,,,58.00,,,,46918542,4187659,,false,false,12,2024-04-01,2025-03-31,-1
2025-07-31,64550,2026-03-31,1,,,,,,,,,,,,,,,,,,,,,,,,,,,,,58.00,,,,,,,false,true,12,2025-04-01,2026-03-31,0
2025-07-31,64550,2026-03-31,1,,,,,,,,,,,,,,,,,,,,,,,,,,,,,,,,,46918542,4188873,42729974,false,false,3,2025-04-01,2025-06-30,0
2025-07-31,64550,2025-03-31,1,,,,,,,,,,,,,,,,,,,,,,,,,,,,,,,,,,,43635628,false,false,3,2024-04-01,2024-06-30,-1
