filing_date,code,fiscal_year_end,quarterly_period,net_sales,net_sales_change,revenue,revenue_change,operating_revenue,operating_revenue_change,operating_profit,operating_profit_change,ordinary_profit,ordinary_profit_change,net_income,net_income_of_parent,net_income_change,eps,diluted_eps,roe,roa,operating_profit_to_net_sales,operating_profit_to_revenue,total_assets,net_assets,equity_ratio,bps,owner_equity,operating_cash_flow,investing_cash_flow,financing_cash_flow,cash,dividend_per_share,payout_ratio,commemorative_dividend,extra_dividend,number_of_shares,number_of_treqsury_shares,avg_number_of_shares,is_consolidated,is_forecast,duration,period_start,period_end,period_pos
2015-07-31,64670,2016-03-31,1,3799000000,0.009,,,,,267000000,-0.217,269000000,-0.201,,186000000,,20.59,,,,,,16732000000,10487000000,0.570,,9535000000,,,,,,,,,,,,true,false,3,2015-04-01,2015-06-30,0
2015-07-31,64670,2015-03-31,1,3764000000,0.130,,,,,341000000,1.319,337000000,0.637,,224000000,,24.81,,,,,,,,,,,,,,,,,,,,,,true,false,3,2014-04-01,2014-06-30,-1
2015-07-31,64670,2016-03-31,1,7500000000,0.030,,,,,620000000,-0.042,595000000,-0.093,,390000000,,43.09,,,,,,,,,,,,,,,,,,,,,,true,true,6,2015-04-01,2015-09-30,0
2015-07-31,64670,2016-03-31,1,15700000000,0.073,,,,,1400000000,0.102,1350000000,0.029,,890000000,,98.33,,,,,,,,,,,,,,,,,,,,,,true,true,12,2015-04-01,2016-03-31,0
2015-07-31,64670,2015-03-31,1,,,,,,,,,,,,,,,,,,,,16331000000,10327000000,0.577,,9426000000,,,,,,,,,,,,true,false,12,2014-04-01,2015-03-31,-1
2015-07-31,64670,2015-03-31,1,,,,,,,,,,,,,,,,,,,,,,,,,,,,,20.00,,,,9053300,1956,,false,false,12,2014-04-01,2015-03-31,-1
2015-07-31,64670,2016-03-31,1,,,,,,,,,,,,,,,,,,,,,,,,,,,,,20.00,,,,,,,false,true,12,2015-04-01,2016-03-31,0
2015-07-31,64670,2016-03-31,1,,,,,,,,,,,,,,,,,,,,,,,,,,,,,,,,,9053300,1956,9051344,false,false,3,2015-04-01,2015-06-30,0
2015-07-31,64670,2015-03-31,1,,,,,,,,,,,,,,,,,,,,,,,,,,,,,,,,,,,9051432,false,false,3,2014-04-01,2014-06-30,-1
2015-10-21,64670,2016-03-31,,7166000000,-0.044,,,,,441000000,-0.288,426000000,-0.284,285000000,,-0.267,31.56,,,,,,,,,,,,,,,,,,,,,,true,true,6,2015-04-01,2015-09-30,0
2015-10-21,64670,2015-03-31,,7282000000,,,,,,646000000,,656000000,,388000000,,,42.95,,,,,,,,,,,,,,,,,,,,,,true,false,6,2014-04-01,2014-09-30,-1
2015-10-21,64670,2016-03-31,,14400000000,-0.083,,,,,920000000,-0.343,890000000,-0.341,580000000,,-0.348,64.08,,,,,,,,,,,,,,,,,,,,,,true,true,12,2015-04-01,2016-03-31,0
2015-10-21,64670,2015-03-31,,14635000000,,,,,,1269000000,,1311000000,,875000000,,,96.75,,,,,,,,,,,,,,,,,,,,,,true,false,12,2014-04-01,2015-03-31,-1
2015-10-30,64670,2016-03-31,2,7166000000,-0.016,,,,,441000000,-0.318,426000000,-0.350,,285000000,,31.56,,,,,,15908000000,10565000000,0.604,,9603000000,,,,,,,,,,,,true,false,6,2015-04-01,2015-09-30,0
2015-10-30,64670,2015-03-31,2,7282000000,0.089,,,,,646000000,0.568,656000000,0.495,,388000000,,42.95,,,,,,,,,,,,,,,,,,,,,,true,false,6,2014-04-01,2014-09-30,-1
2015-10-30,64670,2016-03-31,2,14400000000,-0.016,,,,,920000000,-0.276,890000000,-0.321,,580000000,,64.08,,,,,,,,,,,,,,,,,,,,,,true,true,12,2015-04-01,2016-03-31,0
2015-10-30,64670,2015-03-31,2,,,,,,,,,,,,,,,,,,,,16331000000,10327000000,0.577,,9426000000,,,,,,,,,,,,true,false,12,2014-04-01,2015-03-31,-1
2015-10-30,64670,2015-03-31,2,,,,,,,,,,,,,,,,,,,,,,,,,,,,,20.00,,,,9053300,1956,,false,false,12,2014-04-01,2015-03-31,-1
2015-10-30,64670,2016-03-31,2,,,,,,,,,,,,,,,,,,,,,,,,,,,,,10.00,,,,,,,false,false,12,2015-04-01,2016-03-31,0
2015-10-30,64670,2016-03-31,2,,,,,,,,,,,,,,,,,,,,,,,,,,,,,20.00,,,,,,,false,true,12,2015-04-01,2016-03-31,0
2015-10-30,64670,2016-03-31,2,,,,,,,,,,,,,,,,,,,,,,,,,,,,,,,,,9053300,1956,9051344,false,false,6,2015-04-01,2015-09-30,0
2015-10-30,64670,2015-03-31,2,,,,,,,,,,,,,,,,,,,,,,,,,,,,,,,,,,,9051432,false,false,6,2014-04-01,2014-09-30,-1
2016-02-04,64670,2016-03-31,3,10635000000,-0.017,,,,,630000000,-0.362,592000000,-0.418,,394000000,,43.60,,,,,,15554000000,10286000000,0.604,,9396000000,,,,,,,,,,,,true,false,9,2015-04-01,2015-12-31,0
2016-02-04,64670,2015-03-31,3,10823000000,0.016,,,,,987000000,0.034,1019000000,0.024,,664000000,,73.39,,,,,,,,,,,,,,,,,,,,,,true,false,9,2014-04-01,2014-12-31,-1
2016-02-04,64670,2016-03-31,3,14400000000,-0.016,,,,,920000000,-0.276,890000000,-0.321,,580000000,,64.08,,,,,,,,,,,,,,,,,,,,,,true,true,12,2015-04-01,2016-03-31,0
2016-02-04,64670,2015-03-31,3,,,,,,,,,,,,,,,,,,,,16331000000,10327000000,0.577,,9426000000,,,,,,,,,,,,true,false,12,2014-04-01,2015-03-31,-1
2016-02-04,64670,2015-03-31,3,,,,,,,,,,,,,,,,,,,,,,,,,,,,,20.00,,,,9053300,1956,,false,false,12,2014-04-01,2015-03-31,-1
2016-02-04,64670,2016-03-31,3,,,,,,,,,,,,,,,,,,,,,,,,,,,,,10.00,,,,,,,false,false,12,2015-04-01,2016-03-31,0
2016-02-04,64670,2016-03-31,3,,,,,,,,,,,,,,,,,,,,,,,,,,,,,20.00,,,,,,,false,true,12,2015-04-01,2016-03-31,0
2016-02-04,64670,2016-03-31,3,,,,,,,,,,,,,,,,,,,,,,,,,,,,,,,,,9053300,1956,9051344,false,false,9,2015-04-01,2015-12-31,0
2016-02-04,64670,2015-03-31,3,,,,,,,,,,,,,,,,,,,,,,,,,,,,,,,,,,,9051422,false,false,9,2014-04-01,2014-12-31,-1
2016-05-06,64670,2016-03-31,,14264000000,-0.025,,,,,828000000,-0.348,766000000,-0.416,,485000000,,53.67,,0.052,0.048,0.058,,15764000000,10326000000,0.596,1038.38,9398000000,1074000000,-692000000,-664000000,1964000000,,0.373,,,,,,true,false,12,2015-04-01,2016-03-31,0
2016-05-06,64670,2015-03-31,,14635000000,0.025,,,,,1269000000,-0.028,1311000000,-0.016,,875000000,,96.75,,0.099,0.083,0.087,,16331000000,10327000000,0.577,1041.46,9426000000,1475000000,-926000000,-174000000,2316000000,,0.207,,,,,,true,false,12,2014-04-01,2015-03-31,-1
2016-05-06,64670,2017-03-31,,6760000000,-0.057,,,,,310000000,-0.298,305000000,-0.285,,195000000,,21.54,,,,,,,,,,,,,,,,,,,,,,true,true,6,2016-04-01,2016-09-30,1
2016-05-06,64670,2017-03-31,,14000000000,-0.019,,,,,885000000,0.069,870000000,0.136,,575000000,,63.53,,,,,,,,,,,,,,,,0.315,,,,,,true,true,12,2016-04-01,2017-03-31,1
2016-05-06,64670,2015-03-31,,,,,,,,,,,,,,,,,,,,,,,,,,,,,,20.00,,,,9053300,1956,9051403,false,false,12,2014-04-01,2015-03-31,-1
2016-05-06,64670,2016-03-31,,,,,,,,,,,,,,,,,,,,,,,,,,,,,,20.00,,,,9053300,2003,9051336,false,false,12,2015-04-01,2016-03-31,0
2016-05-06,64670,2017-03-31,,,,,,,,,,,,,,,,,,,,,,,,,,,,,,20.00,,,,,,,false,true,12,2016-04-01,2017-03-31,1
2016-08-01,64670,2017-03-31,1,3373000000,-0.112,,,,,50000000,-0.811,18000000,-0.932,,-45000000,,-5.05,,,,,,15590000000,10059000000,0.587,,9159000000,,,,,,,,,,,,true,false,3,2016-04-01,2016-06-30,0
2016-08-01,64670,2016-03-31,1,3799000000,0.009,,,,,267000000,-0.217,269000000,-0.201,,186000000,,20.59,,,,,,,,,,,,,,,,,,,,,,true,false,3,2015-04-01,2015-06-30,-1
2016-08-01,64670,2017-03-31,1,6760000000,-0.057,,,,,310000000,-0.298,305000000,-0.285,,195000000,,21.54,,,,,,,,,,,,,,,,,,,,,,true,true,6,2016-04-01,2016-09-30,0
2016-08-01,64670,2017-03-31,1,14000000000,-0.019,,,,,885000000,0.069,870000000,0.136,,575000000,,63.53,,,,,,,,,,,,,,,,,,,,,,true,true,12,2016-04-01,2017-03-31,0
2016-08-01,64670,2016-03-31,1,,,,,,,,,,,,,,,,,,,,15725000000,10326000000,0.598,,9398000000,,,,,,,,,,,,true,false,12,2015-04-01,2016-03-31,-1
2016-08-01,64670,2016-03-31,1,,,,,,,,,,,,,,,,,,,,,,,,,,,,,20.00,,,,9053300,2003,,false,false,12,2015-04-01,2016-03-31,-1
2016-08-01,64670,2017-03-31,1,,,,,,,,,,,,,,,,,,,,,,,,,,,,,20.00,,,,,,,false,true,12,2016-04-01,2017-03-31,0
2016-08-01,64670,2017-03-31,1,,,,,,,,,,,,,,,,,,,,,,,,,,,,,,,,,9053300,2003,9051297,false,false,3,2016-04-01,2016-06-30,0
2016-08-01,64670,2016-03-31,1,,,,,,,,,,,,,,,,,,,,,,,,,,,,,,,,,,,9051344,false,false,3,2015-04-01,2015-06-30,-1
2016-10-25,64670,2017-03-31,,6790000000,0.004,,,,,175000000,-0.434,124000000,-0.590,,64000000,,7.16,,,,,,,,,,,,,,,,,,,,,,true,true,6,2016-04-01,2016-09-30,0
2016-10-25,64670,2016-03-31,,7166000000,,,,,,441000000,,426000000,,,285000000,,31.56,,,,,,,,,,,,,,,,,,,,,,true,false,6,2015-04-01,2015-09-30,-1
2016-10-25,64670,2017-03-31,,14000000000,0.000,,,,,570000000,-0.356,500000000,-0.425,,325000000,,35.91,,,,,,,,,,,,,,,,,,,,,,true,true,12,2016-04-01,2017-03-31,0
2016-10-25,64670,2016-03-31,,14264000000,,,,,,828000000,,766000000,,,485000000,,53.67,,,,,,,,,,,,,,,,,,,,,,true,false,12,2015-04-01,2016-03-31,-1
2016-10-31,64670,2017-03-31,2,6790000000,-0.053,,,,,175000000,-0.602,124000000,-0.707,,64000000,,7.16,,,,,,15113000000,9904000000,0.601,,9079000000,,,,,,,,,,,,true,false,6,2016-04-01,2016-09-30,0
2016-10-31,64670,2016-03-31,2,7166000000,-0.016,,,,,441000000,-0.318,426000000,-0.350,,285000000,,31.56,,,,,,,,,,,,,,,,,,,,,,true,false,6,2015-04-01,2015-09-30,-1
2016-10-31,64670,2017-03-31,2,14000000000,-0.019,,,,,570000000,-0.312,500000000,-0.347,,325000000,,35.91,,,,,,,,,,,,,,,,,,,,,,true,true,12,2016-04-01,2017-03-31,0
2016-10-31,64670,2016-03-31,2,,,,,,,,,,,,,,,,,,,,15725000000,10326000000,0.598,,9398000000,,,,,,,,,,,,true,false,12,2015-04-01,2016-03-31,-1
2016-10-31,64670,2016-03-31,2,,,,,,,,,,,,,,,,,,,,,,,,,,,,,20.00,,,,9053300,2003,,false,false,12,2015-04-01,2016-03-31,-1
2016-10-31,64670,2017-03-31,2,,,,,,,,,,,,,,,,,,,,,,,,,,,,,10.00,,,,,,,false,false,12,2016-04-01,2017-03-31,0
2016-10-31,64670,2017-03-31,2,,,,,,,,,,,,,,,,,,,,,,,,,,,,,20.00,,,,,,,false,true,12,2016-04-01,2017-03-31,0
2016-10-31,64670,2017-03-31,2,,,,,,,,,,,,,,,,,,,,,,,,,,,,,,,,,9053300,2015,9051293,false,false,6,2016-04-01,2016-09-30,0
2016-10-31,64670,2016-03-31,2,,,,,,,,,,,,,,,,,,,,,,,,,,,,,,,,,,,9051344,false,false,6,2015-04-01,2015-09-30,-1
2017-02-02,64670,2017-03-31,3,10170000000,-0.044,,,,,345000000,-0.452,330000000,-0.443,,194000000,,21.54,,,,,,15709000000,9939000000,0.580,,9113000000,,,,,,,,,,,,true,false,9,2016-04-01,2016-12-31,0
2017-02-02,64670,2016-03-31,3,10635000000,-0.017,,,,,630000000,-0.362,592000000,-0.418,,394000000,,43.60,,,,,,,,,,,,,,,,,,,,,,true,false,9,2015-04-01,2015-12-31,-1
2017-02-02,64670,2017-03-31,3,14000000000,-0.019,,,,,570000000,-0.312,500000000,-0.347,,325000000,,35.91,,,,,,,,,,,,,,,,,,,,,,true,true,12,2016-04-01,2017-03-31,0
2017-02-02,64670,2016-03-31,3,,,,,,,,,,,,,,,,,,,,15725000000,10326000000,0.598,,9398000000,,,,,,,,,,,,true,false,12,2015-04-01,2016-03-31,-1
2017-02-02,64670,2016-03-31,3,,,,,,,,,,,,,,,,,,,,,,,,,,,,,20.00,,,,9053300,2003,,false,false,12,2015-04-01,2016-03-31,-1
2017-02-02,64670,2017-03-31,3,,,,,,,,,,,,,,,,,,,,,,,,,,,,,10.00,,,,,,,false,false,12,2016-04-01,2017-03-31,0
2017-02-02,64670,2017-03-31,3,,,,,,,,,,,,,,,,,,,,,,,,,,,,,20.00,,,,,,,false,true,12,2016-04-01,2017-03-31,0
2017-02-02,64670,2017-03-31,3,,,,,,,,,,,,,,,,,,,,,,,,,,,,,,,,,9053300,2015,9051294,false,false,9,2016-04-01,2016-12-31,0
2017-02-02,64670,2016-03-31,3,,,,,,,,,,,,,,,,,,,,,,,,,,,,,,,,,,,9051344,false,false,9,2015-04-01,2015-12-31,-1
2017-04-27,64670,2017-03-31,,14147000000,0.011,,,,,642000000,0.126,643000000,0.288,,424000000,,46.92,,,,,,,,,,,,,,,,,,,,,,true,true,12,2016-04-01,2017-03-31,0
2017-04-27,64670,2016-03-31,,14264000000,,,,,,828000000,,766000000,,,485000000,,53.67,,,,,,,,,,,,,,,,,,,,,,true,false,12,2015-04-01,2016-03-31,-1
2017-05-01,64670,2017-03-31,,14147000000,-0.008,,,,,642000000,-0.225,643000000,-0.160,,424000000,,46.92,,0.045,0.041,0.045,,15961000000,10577000000,0.604,1065.09,9640000000,1801000000,-581000000,-691000000,2478000000,,0.426,,,,,,true,false,12,2016-04-01,2017-03-31,0
2017-05-01,64670,2016-03-31,,14264000000,-0.025,,,,,828000000,-0.348,766000000,-0.416,,485000000,,53.67,,0.052,0.048,0.058,,15725000000,10326000000,0.598,1038.38,9398000000,1074000000,-692000000,-664000000,1964000000,,0.373,,,,,,true,false,12,2015-04-01,2016-03-31,-1
2017-05-01,64670,2018-03-31,,7200000000,0.060,,,,,300000000,0.709,290000000,1.320,,170000000,,18.78,,,,,,,,,,,,,,,,,,,,,,true,true,6,2017-04-01,2017-09-30,1
2017-05-01,64670,2018-03-31,,14700000000,0.039,,,,,740000000,0.153,720000000,0.118,,440000000,,48.61,,,,,,,,,,,,,,,,0.329,,,,,,true,true,12,2017-04-01,2018-03-31,1
2017-05-01,64670,2017-03-31,,8770000000,0.005,,,,,139000000,0.143,273000000,0.407,206000000,,0.997,22.76,,,,,,11441000000,7097000000,0.620,784.10,7097000000,,,,,20.00,,,,9053300,2015,9051289,false,false,12,2016-04-01,2017-03-31,0
2017-05-01,64670,2016-03-31,,8726000000,-0.162,,,,,122000000,-0.808,194000000,-0.747,103000000,,-0.865,11.39,,,,,,11325000000,7068000000,0.624,780.95,7068000000,,,,,20.00,,,,9053300,2003,9051336,false,false,12,2015-04-01,2016-03-31,-1
2017-05-01,64670,2018-03-31,,,,,,,,,,,,,,,,,,,,,,,,,,,,,,16.00,,,,,,,false,true,12,2017-04-01,2018-03-31,1
2017-08-01,64670,2018-03-31,1,3773000000,0.119,,,,,187000000,2.699,191000000,9.355,,107000000,,11.82,,,,,,16290000000,10627000000,0.593,,9665000000,,,,,,,,,,,,true,false,3,2017-04-01,2017-06-30,0
2017-08-01,64670,2017-03-31,1,3373000000,-0.112,,,,,50000000,-0.811,18000000,-0.932,,-45000000,,-5.05,,,,,,,,,,,,,,,,,,,,,,true,false,3,2016-04-01,2016-06-30,-1
2017-08-01,64670,2018-03-31,1,7200000000,0.060,,,,,300000000,0.709,290000000,1.320,,170000000,,18.78,,,,,,,,,,,,,,,,,,,,,,true,true,6,2017-04-01,2017-09-30,0
2017-08-01,64670,2018-03-31,1,14700000000,0.039,,,,,740000000,0.153,720000000,0.118,,440000000,,48.61,,,,,,,,,,,,,,,,,,,,,,true,true,12,2017-04-01,2018-03-31,0
2017-08-01,64670,2017-03-31,1,,,,,,,,,,,,,,,,,,,,15961000000,10577000000,0.604,,9640000000,,,,,,,,,,,,true,false,12,2016-04-01,2017-03-31,-1
2017-08-01,64670,2017-03-31,1,,,,,,,,,,,,,,,,,,,,,,,,,,,,,20.00,,,,9053300,2015,,false,false,12,2016-04-01,2017-03-31,-1
2017-08-01,64670,2018-03-31,1,,,,,,,,,,,,,,,,,,,,,,,,,,,,,16.00,,,,,,,false,true,12,2017-04-01,2018-03-31,0
2017-08-01,64670,2018-03-31,1,,,,,,,,,,,,,,,,,,,,,,,,,,,,,,,,,9053300,2015,9051285,false,false,3,2017-04-01,2017-06-30,0
2017-08-01,64670,2017-03-31,1,,,,,,,,,,,,,,,,,,,,,,,,,,,,,,,,,,,9051297,false,false,3,2016-04-01,2016-06-30,-1
2017-10-31,64670,2018-03-31,2,7378000000,0.087,,,,,326000000,0.858,338000000,1.711,,216000000,,23.93,,,,,,16008000000,10792000000,0.613,,9813000000,,,,,,,,,,,,true,false,6,2017-04-01,2017-09-30,0
2017-10-31,64670,2017-03-31,2,6790000000,-0.053,,,,,175000000,-0.602,124000000,-0.707,,64000000,,7.16,,,,,,,,,,,,,,,,,,,,,,true,false,6,2016-04-01,2016-09-30,-1
2017-10-31,64670,2018-03-31,2,14700000000,0.039,,,,,740000000,0.153,720000000,0.118,,440000000,,48.61,,,,,,,,,,,,,,,,,,,,,,true,true,12,2017-04-01,2018-03-31,0
2017-10-31,64670,2017-03-31,2,,,,,,,,,,,,,,,,,,,,15961000000,10577000000,0.604,,9640000000,,,,,,,,,,,,true,false,12,2016-04-01,2017-03-31,-1
2017-10-31,64670,2017-03-31,2,,,,,,,,,,,,,,,,,,,,,,,,,,,,,20.00,,,,9053300,2015,,false,false,12,2016-04-01,2017-03-31,-1
2017-10-31,64670,2018-03-31,2,,,,,,,,,,,,,,,,,,,,,,,,,,,,,8.00,,,,,,,false,false,12,2017-04-01,2018-03-31,0
2017-10-31,64670,2018-03-31,2,,,,,,,,,,,,,,,,,,,,,,,,,,,,,16.00,,,,,,,false,true,12,2017-04-01,2018-03-31,0
2017-10-31,64670,2018-03-31,2,,,,,,,,,,,,,,,,,,,,,,,,,,,,,,,,,9053300,2015,9051285,false,false,6,2017-04-01,2017-09-30,0
2017-10-31,64670,2017-03-31,2,,,,,,,,,,,,,,,,,,,,,,,,,,,,,,,,,,,9051293,false,false,6,2016-04-01,2016-09-30,-1
2018-02-01,64670,2018-03-31,3,11224000000,0.104,,,,,655000000,0.895,680000000,1.060,,443000000,,49.01,,,,,,15913000000,11063000000,0.631,,10041000000,,,,,,,,,,,,true,false,9,2017-04-01,2017-12-31,0
2018-02-01,64670,2017-03-31,3,10170000000,-0.044,,,,,345000000,-0.452,330000000,-0.443,,194000000,,21.54,,,,,,,,,,,,,,,,,,,,,,true,false,9,2016-04-01,2016-12-31,-1
2018-02-01,64670,2018-03-31,3,14700000000,0.039,,,,,740000000,0.153,720000000,0.118,,440000000,,48.61,,,,,,,,,,,,,,,,,,,,,,true,true,12,2017-04-01,2018-03-31,0
2018-02-01,64670,2017-03-31,3,,,,,,,,,,,,,,,,,,,,15961000000,10577000000,0.604,,9640000000,,,,,,,,,,,,true,false,12,2016-04-01,2017-03-31,-1
2018-02-01,64670,2017-03-31,3,,,,,,,,,,,,,,,,,,,,,,,,,,,,,20.00,,,,9053300,2015,,false,false,12,2016-04-01,2017-03-31,-1
2018-02-01,64670,2018-03-31,3,,,,,,,,,,,,,,,,,,,,,,,,,,,,,8.00,,,,,,,false,false,12,2017-04-01,2018-03-31,0
2018-02-01,64670,2018-03-31,3,,,,,,,,,,,,,,,,,,,,,,,,,,,,,16.00,,,,,,,false,true,12,2017-04-01,2018-03-31,0
2018-02-01,64670,2018-03-31,3,,,,,,,,,,,,,,,,,,,,,,,,,,,,,,,,,9053300,2015,9051285,false,false,9,2017-04-01,2017-12-31,0
2018-02-01,64670,2017-03-31,3,,,,,,,,,,,,,,,,,,,,,,,,,,,,,,,,,,,9051290,false,false,9,2016-04-01,2016-12-31,-1
2018-05-01,64670,2018-03-31,,15248000000,0.078,,,,,755000000,0.176,778000000,0.209,,522000000,,57.71,,0.053,0.048,0.050,,16151000000,11228000000,0.630,1123.97,10173000000,1483000000,-568000000,-798000000,2665000000,,0.312,,,,,,true,false,12,2017-04-01,2018-03-31,0
2018-05-01,64670,2017-03-31,,14147000000,-0.008,,,,,642000000,-0.225,643000000,-0.160,,424000000,,46.92,,0.045,0.041,0.045,,15961000000,10577000000,0.604,1065.09,9640000000,1801000000,-581000000,-691000000,2478000000,,0.426,,,,,,true,false,12,2016-04-01,2017-03-31,-1
2018-05-01,64670,2019-03-31,,7880000000,0.068,,,,,440000000,0.349,430000000,0.269,,280000000,,30.94,,,,,,,,,,,,,,,,,,,,,,true,true,6,2018-04-01,2018-09-30,1
2018-05-01,64670,2019-03-31,,15700000000,0.030,,,,,960000000,0.271,950000000,0.220,,630000000,,69.60,,,,,,,,,,,,,,,,0.287,,,,,,true,true,12,2018-04-01,2019-03-31,1
2018-05-01,64670,2018-03-31,,9290000000,0.059,,,,,184000000,0.318,319000000,0.166,234000000,,0.139,25.93,,,,,,11368000000,7171000000,0.631,792.37,7171000000,,,,,18.00,,,,9053300,2066,9051272,false,false,12,2017-04-01,2018-03-31,0
2018-05-01,64670,2017-03-31,,8770000000,0.005,,,,,139000000,0.143,273000000,0.407,206000000,,0.997,22.76,,,,,,11440000000,7097000000,0.620,784.10,7097000000,,,,,20.00,,,,9053300,2015,9051289,false,false,12,2016-04-01,2017-03-31,-1
2018-05-01,64670,2019-03-31,,,,,,,,,,,,,,,,,,,,,,,,,,,,,,20.00,,,,,,,false,true,12,2018-04-01,2019-03-31,1
2018-08-01,64670,2019-03-31,1,4234000000,0.122,,,,,317000000,0.696,319000000,0.673,,209000000,,23.18,,,,,,16384000000,11307000000,0.625,,10240000000,,,,,,,,,,,,true,false,3,2018-04-01,2018-06-30,0
2018-08-01,64670,2018-03-31,1,3773000000,0.119,,,,,187000000,2.699,191000000,9.355,,107000000,,11.82,,,,,,,,,,,,,,,,,,,,,,true,false,3,2017-04-01,2017-06-30,-1
2018-08-01,64670,2019-03-31,1,7880000000,0.068,,,,,440000000,0.349,430000000,0.269,,280000000,,30.94,,,,,,,,,,,,,,,,,,,,,,true,true,6,2018-04-01,2018-09-30,0
2018-08-01,64670,2019-03-31,1,15700000000,0.030,,,,,960000000,0.271,950000000,0.220,,630000000,,69.60,,,,,,,,,,,,,,,,,,,,,,true,true,12,2018-04-01,2019-03-31,0
2018-08-01,64670,2018-03-31,1,,,,,,,,,,,,,,,,,,,,16151000000,11228000000,0.630,,10173000000,,,,,,,,,,,,true,false,12,2017-04-01,2018-03-31,-1
2018-08-01,64670,2018-03-31,1,,,,,,,,,,,,,,,,,,,,,,,,,,,,,18.00,,,,9053300,2066,,false,false,12,2017-04-01,2018-03-31,-1
2018-08-01,64670,2019-03-31,1,,,,,,,,,,,,,,,,,,,,,,,,,,,,,20.00,,,,,,,false,true,12,2018-04-01,2019-03-31,0
2018-08-01,64670,2019-03-31,1,,,,,,,,,,,,,,,,,,,,,,,,,,,,,,,,,9053300,2066,9051234,false,false,3,2018-04-01,2018-06-30,0
2018-08-01,64670,2018-03-31,1,,,,,,,,,,,,,,,,,,,,,,,,,,,,,,,,,,,9051285,false,false,3,2017-04-01,2017-06-30,-1
2018-10-17,64670,2019-03-31,,8400000000,0.066,,,,,652000000,0.482,666000000,0.550,,440000000,,48.68,,,,,,,,,,,,,,,,,,,,,,true,true,6,2018-04-01,2018-09-30,0
2018-10-17,64670,2018-03-31,,7378000000,,,,,,326000000,,338000000,,,216000000,,23.93,,,,,,,,,,,,,,,,,,,,,,true,false,6,2017-04-01,2017-09-30,-1
2018-10-17,64670,2019-03-31,,16220000000,0.033,,,,,1173000000,0.222,1187000000,0.249,,790000000,,87.28,,,,,,,,,,,,,,,,,,,,,,true,true,12,2018-04-01,2019-03-31,0
2018-10-17,64670,2018-03-31,,15248000000,,,,,,755000000,,778000000,,,522000000,,57.71,,,,,,,,,,,,,,,,,,,,,,true,false,12,2017-04-01,2018-03-31,-1
2018-10-31,64670,2019-03-31,2,8400000000,0.139,,,,,652000000,1.000,666000000,0.966,,440000000,,48.68,,,,,,16617000000,11487000000,0.627,,10424000000,,,,,,,,,,,,true,false,6,2018-04-01,2018-09-30,0
2018-10-31,64670,2018-03-31,2,7378000000,0.087,,,,,326000000,0.858,338000000,1.711,,216000000,,23.93,,,,,,,,,,,,,,,,,,,,,,true,false,6,2017-04-01,2017-09-30,-1
2018-10-31,64670,2019-03-31,2,16220000000,0.064,,,,,1173000000,0.553,1187000000,0.525,,790000000,,87.28,,,,,,,,,,,,,,,,,,,,,,true,true,12,2018-04-01,2019-03-31,0
2018-10-31,64670,2018-03-31,2,,,,,,,,,,,,,,,,,,,,16151000000,11228000000,0.630,,10173000000,,,,,,,,,,,,true,false,12,2017-04-01,2018-03-31,-1
2018-10-31,64670,2018-03-31,2,,,,,,,,,,,,,,,,,,,,,,,,,,,,,18.00,,,,9053300,2066,,false,false,12,2017-04-01,2018-03-31,-1
2018-10-31,64670,2019-03-31,2,,,,,,,,,,,,,,,,,,,,,,,,,,,,,10.00,,,,,,,false,false,12,2018-04-01,2019-03-31,0
2018-10-31,64670,2019-03-31,2,,,,,,,,,,,,,,,,,,,,,,,,,,,,,20.00,,,,,,,false,true,12,2018-04-01,2019-03-31,0
2018-10-31,64670,2019-03-31,2,,,,,,,,,,,,,,,,,,,,,,,,,,,,,,,,,9053300,2066,9051234,false,false,6,2018-04-01,2018-09-30,0
2018-10-31,64670,2018-03-31,2,,,,,,,,,,,,,,,,,,,,,,,,,,,,,,,,,,,9051285,false,false,6,2017-04-01,2017-09-30,-1
2019-02-01,64670,2019-03-31,3,12907000000,0.150,,,,,1044000000,0.594,1064000000,0.565,,722000000,,79.81,,,,,,17155000000,11890000000,0.627,,10757000000,,,,,,,,,,,,true,false,9,2018-04-01,2018-12-31,0
2019-02-01,64670,2018-03-31,3,11224000000,0.104,,,,,655000000,0.895,680000000,1.060,,443000000,,49.01,,,,,,,,,,,,,,,,,,,,,,true,false,9,2017-04-01,2017-12-31,-1
2019-02-01,64670,2019-03-31,3,16220000000,0.064,,,,,1173000000,0.553,1187000000,0.525,,790000000,,87.28,,,,,,,,,,,,,,,,,,,,,,true,true,12,2018-04-01,2019-03-31,0
2019-02-01,64670,2018-03-31,3,,,,,,,,,,,,,,,,,,,,16151000000,11228000000,0.630,,10173000000,,,,,,,,,,,,true,false,12,2017-04-01,2018-03-31,-1
2019-02-01,64670,2018-03-31,3,,,,,,,,,,,,,,,,,,,,,,,,,,,,,18.00,,,,9053300,2066,,false,false,12,2017-04-01,2018-03-31,-1
2019-02-01,64670,2019-03-31,3,,,,,,,,,,,,,,,,,,,,,,,,,,,,,10.00,,,,,,,false,false,12,2018-04-01,2019-03-31,0
2019-02-01,64670,2019-03-31,3,,,,,,,,,,,,,,,,,,,,,,,,,,,,,20.00,,,,,,,false,true,12,2018-04-01,2019-03-31,0
2019-02-01,64670,2019-03-31,3,,,,,,,,,,,,,,,,,,,,,,,,,,,,,,,,,9053300,2066,9051234,false,false,9,2018-04-01,2018-12-31,0
2019-02-01,64670,2018-03-31,3,,,,,,,,,,,,,,,,,,,,,,,,,,,,,,,,,,,9051285,false,false,9,2017-04-01,2017-12-31,-1
2019-05-08,64670,2019-03-31,,17416000000,0.142,,,,,1387000000,0.838,1417000000,0.820,,968000000,,106.99,,0.092,0.085,0.080,,17183000000,12037000000,0.635,1205.60,10912000000,1304000000,-830000000,-428000000,2689000000,,0.234,,,,,,true,false,12,2018-04-01,2019-03-31,0
2019-05-08,64670,2018-03-31,,15248000000,0.078,,,,,755000000,0.176,778000000,0.209,,522000000,,57.71,,0.053,0.048,0.050,,16151000000,11228000000,0.630,1123.97,10173000000,1483000000,-568000000,-798000000,2665000000,,0.312,,,,,,true,false,12,2017-04-01,2018-03-31,-1
2019-05-08,64670,2020-03-31,,7800000000,-0.071,,,,,440000000,-0.325,440000000,-0.340,,300000000,,33.14,,,,,,,,,,,,,,,,,,,,,,true,true,6,2019-04-01,2019-09-30,1
2019-05-08,64670,2020-03-31,,15500000000,-0.110,,,,,1000000000,-0.279,1000000000,-0.294,,660000000,,72.92,,,,,,,,,,,,,,,,0.274,,,,,,true,true,12,2019-04-01,2020-03-31,1
2019-05-08,64670,2019-03-31,,10787000000,0.161,,,,,809000000,3.389,938000000,1.941,666000000,,1.839,73.61,,,,,,12014000000,7652000000,0.637,845.43,7652000000,,,,,25.00,,,,9053300,2066,9051234,false,false,12,2018-04-01,2019-03-31,0
2019-05-08,64670,2018-03-31,,9290000000,0.059,,,,,184000000,0.318,319000000,0.166,234000000,,0.139,25.93,,,,,,11353000000,7171000000,0.632,792.37,7171000000,,,,,18.00,,,,9053300,2066,9051272,false,false,12,2017-04-01,2018-03-31,-1
2019-05-08,64670,2020-03-31,,,,,,,,,,,,,,,,,,,,,,,,,,,,,,20.00,,,,,,,false,true,12,2019-04-01,2020-03-31,1
2019-08-01,64670,2020-03-31,1,4046000000,-0.044,,,,,255000000,-0.197,261000000,-0.184,,175000000,,19.41,,,,,,17281000000,12192000000,0.638,,11020000000,,,,,,,,,,,,true,false,3,2019-04-01,2019-06-30,0
2019-08-01,64670,2019-03-31,1,4234000000,0.122,,,,,317000000,0.696,319000000,0.673,,209000000,,23.18,,,,,,,,,,,,,,,,,,,,,,true,false,3,2018-04-01,2018-06-30,-1
2019-08-01,64670,2020-03-31,1,7800000000,-0.071,,,,,440000000,-0.325,440000000,-0.340,,300000000,,33.14,,,,,,,,,,,,,,,,,,,,,,true,true,6,2019-04-01,2019-09-30,0
2019-08-01,64670,2020-03-31,1,15500000000,-0.110,,,,,1000000000,-0.279,1000000000,-0.294,,660000000,,72.92,,,,,,,,,,,,,,,,,,,,,,true,true,12,2019-04-01,2020-03-31,0
2019-08-01,64670,2019-03-31,1,,,,,,,,,,,,,,,,,,,,17183000000,12037000000,0.635,,10912000000,,,,,,,,,,,,true,false,12,2018-04-01,2019-03-31,-1
2019-08-01,64670,2019-03-31,1,,,,,,,,,,,,,,,,,,,,,,,,,,,,,25.00,,,,9053300,2066,,false,false,12,2018-04-01,2019-03-31,-1
2019-08-01,64670,2020-03-31,1,,,,,,,,,,,,,,,,,,,,,,,,,,,,,20.00,,,,,,,false,true,12,2019-04-01,2020-03-31,0
2019-08-01,64670,2020-03-31,1,,,,,,,,,,,,,,,,,,,,,,,,,,,,,,,,,9053300,2066,9051234,false,false,3,2019-04-01,2019-06-30,0
2019-08-01,64670,2019-03-31,1,,,,,,,,,,,,,,,,,,,,,,,,,,,,,,,,,,,9051234,false,false,3,2018-04-01,2018-06-30,-1
2019-10-31,64670,2020-03-31,2,7925000000,-0.057,,,,,505000000,-0.224,526000000,-0.210,,349000000,,38.62,,,,,,17050000000,12401000000,0.658,,11211000000,,,,,,,,,,,,true,false,6,2019-04-01,2019-09-30,0
2019-10-31,64670,2019-03-31,2,8400000000,0.139,,,,,652000000,1.000,666000000,0.966,,440000000,,48.68,,,,,,,,,,,,,,,,,,,,,,true,false,6,2018-04-01,2018-09-30,-1
2019-10-31,64670,2020-03-31,2,15500000000,-0.110,,,,,1000000000,-0.279,1000000000,-0.294,,660000000,,72.92,,,,,,,,,,,,,,,,,,,,,,true,true,12,2019-04-01,2020-03-31,0
2019-10-31,64670,2019-03-31,2,,,,,,,,,,,,,,,,,,,,17183000000,12037000000,0.635,,10912000000,,,,,,,,,,,,true,false,12,2018-04-01,2019-03-31,-1
2019-10-31,64670,2019-03-31,2,,,,,,,,,,,,,,,,,,,,,,,,,,,,,25.00,,,,9053300,2066,,false,false,12,2018-04-01,2019-03-31,-1
2019-10-31,64670,2020-03-31,2,,,,,,,,,,,,,,,,,,,,,,,,,,,,,10.00,,,,,,,false,false,12,2019-04-01,2020-03-31,0
2019-10-31,64670,2020-03-31,2,,,,,,,,,,,,,,,,,,,,,,,,,,,,,20.00,,,,,,,false,true,12,2019-04-01,2020-03-31,0
2019-10-31,64670,2020-03-31,2,,,,,,,,,,,,,,,,,,,,,,,,,,,,,,,,,9053300,2066,9051234,false,false,6,2019-04-01,2019-09-30,0
2019-10-31,64670,2019-03-31,2,,,,,,,,,,,,,,,,,,,,,,,,,,,,,,,,,,,9051234,false,false,6,2018-04-01,2018-09-30,-1
2020-02-03,64670,2020-03-31,3,11447000000,-0.113,,,,,688000000,-0.341,724000000,-0.320,,481000000,,53.17,,,,,,17071000000,12489000000,0.660,,11274000000,,,,,,,,,,,,true,false,9,2019-04-01,2019-12-31,0
2020-02-03,64670,2019-03-31,3,12907000000,0.150,,,,,1044000000,0.594,1064000000,0.565,,722000000,,79.81,,,,,,,,,,,,,,,,,,,,,,true,false,9,2018-04-01,2018-12-31,-1
2020-02-03,64670,2020-03-31,3,15500000000,-0.110,,,,,1000000000,-0.279,1000000000,-0.294,,660000000,,72.92,,,,,,,,,,,,,,,,,,,,,,true,true,12,2019-04-01,2020-03-31,0
2020-02-03,64670,2019-03-31,3,,,,,,,,,,,,,,,,,,,,17183000000,12037000000,0.635,,10912000000,,,,,,,,,,,,true,false,12,2018-04-01,2019-03-31,-1
2020-02-03,64670,2019-03-31,3,,,,,,,,,,,,,,,,,,,,,,,,,,,,,25.00,,,,9053300,2066,,false,false,12,2018-04-01,2019-03-31,-1
2020-02-03,64670,2020-03-31,3,,,,,,,,,,,,,,,,,,,,,,,,,,,,,10.00,,,,,,,false,false,12,2019-04-01,2020-03-31,0
2020-02-03,64670,2020-03-31,3,,,,,,,,,,,,,,,,,,,,,,,,,,,,,20.00,,,,,,,false,true,12,2019-04-01,2020-03-31,0
2020-02-03,64670,2020-03-31,3,,,,,,,,,,,,,,,,,,,,,,,,,,,,,,,,,9053300,2066,9051234,false,false,9,2019-04-01,2019-12-31,0
2020-02-03,64670,2019-03-31,3,,,,,,,,,,,,,,,,,,,,,,,,,,,,,,,,,,,9051234,false,false,9,2018-04-01,2018-12-31,-1
2020-04-28,64670,2020-03-31,,14774000000,-0.047,,,,,712000000,-0.287,743000000,-0.256,,477000000,,52.76,,,,,,,,,,,,,,,,,,,,,,true,true,12,2019-04-01,2020-03-31,0
2020-04-28,64670,2019-03-31,,17416000000,,,,,,1387000000,,1417000000,,,968000000,,106.99,,,,,,,,,,,,,,,,,,,,,,true,false,12,2018-04-01,2019-03-31,-1
2020-05-01,64670,2020-03-31,,14774000000,-0.152,,,,,712000000,-0.486,743000000,-0.475,,477000000,,52.76,,0.043,0.044,0.048,,16384000000,12600000000,0.693,1253.69,11347000000,2263000000,-924000000,-755000000,3367000000,,0.379,,,,,,true,false,12,2019-04-01,2020-03-31,0
2020-05-01,64670,2019-03-31,,17416000000,0.142,,,,,1387000000,0.838,1417000000,0.820,,968000000,,106.99,,0.092,0.085,0.080,,17183000000,12037000000,0.635,1205.60,10912000000,1304000000,-830000000,-428000000,2689000000,,0.234,,,,,,true,false,12,2018-04-01,2019-03-31,-1
2020-05-01,64670,2020-03-31,,9266000000,-0.141,,,,,207000000,-0.743,316000000,-0.663,215000000,,-0.677,23.76,,,,,,10844000000,7635000000,0.704,843.64,7635000000,,,,,20.00,,,,9053300,2066,9051234,false,false,12,2019-04-01,2020-03-31,0
2020-05-01,64670,2019-03-31,,10787000000,0.161,,,,,809000000,3.389,938000000,1.941,666000000,,1.839,73.61,,,,,,12014000000,7652000000,0.637,845.43,7652000000,,,,,25.00,,,,9053300,2066,9051234,false,false,12,2018-04-01,2019-03-31,-1
2020-08-03,64670,2021-03-31,1,2712000000,-0.330,,,,,-154000000,,-104000000,,,-79000000,,-8.75,,,,,,15972000000,12078000000,0.684,,10925000000,,,,,,,,,,,,true,false,3,2020-04-01,2020-06-30,0
2020-08-03,64670,2020-03-31,1,4046000000,-0.044,,,,,255000000,-0.197,261000000,-0.184,,175000000,,19.41,,,,,,,,,,,,,,,,,,,,,,true,false,3,2019-04-01,2019-06-30,-1
2020-08-03,64670,2021-03-31,1,4970000000,-0.373,,,,,-490000000,,-320000000,,,-240000000,,-26.52,,,,,,,,,,,,,,,,,,,,,,true,true,6,2020-04-01,2020-09-30,0
2020-08-03,64670,2020-03-31,1,,,,,,,,,,,,,,,,,,,,16384000000,12600000000,0.693,,11347000000,,,,,,,,,,,,true,false,12,2019-04-01,2020-03-31,-1
2020-08-03,64670,2020-03-31,1,,,,,,,,,,,,,,,,,,,,,,,,,,,,,20.00,,,,9053300,2066,,false,false,12,2019-04-01,2020-03-31,-1
2020-08-03,64670,2021-03-31,1,,,,,,,,,,,,,,,,,,,,,,,,,,,,,0.00,,,,,,,false,true,12,2020-04-01,2021-03-31,0
2020-08-03,64670,2021-03-31,1,,,,,,,,,,,,,,,,,,,,,,,,,,,,,,,,,9053300,2066,9051234,false,false,3,2020-04-01,2020-06-30,0
2020-08-03,64670,2020-03-31,1,,,,,,,,,,,,,,,,,,,,,,,,,,,,,,,,,,,9051234,false,false,3,2019-04-01,2019-06-30,-1
2020-10-30,64670,2021-03-31,2,5099000000,-0.357,,,,,-399000000,,-273000000,,,-208000000,,-23.05,,,,,,15592000000,12123000000,0.701,,10930000000,,,,,,,,,,,,true,false,6,2020-04-01,2020-09-30,0
2020-10-30,64670,2020-03-31,2,7925000000,-0.057,,,,,505000000,-0.224,526000000,-0.210,,349000000,,38.62,,,,,,,,,,,,,,,,,,,,,,true,false,6,2019-04-01,2019-09-30,-1
2020-10-30,64670,2021-03-31,2,10400000000,-0.296,,,,,-580000000,,-375000000,,,-300000000,,-33.14,,,,,,,,,,,,,,,,,,,,,,true,true,12,2020-04-01,2021-03-31,0
2020-10-30,64670,2020-03-31,2,,,,,,,,,,,,,,,,,,,,16384000000,12600000000,0.693,,11347000000,,,,,,,,,,,,true,false,12,2019-04-01,2020-03-31,-1
2020-10-30,64670,2020-03-31,2,,,,,,,,,,,,,,,,,,,,,,,,,,,,,20.00,,,,9053300,2066,,false,false,12,2019-04-01,2020-03-31,-1
2020-10-30,64670,2021-03-31,2,,,,,,,,,,,,,,,,,,,,,,,,,,,,,0.00,,,,,,,false,false,12,2020-04-01,2021-03-31,0
2020-10-30,64670,2021-03-31,2,,,,,,,,,,,,,,,,,,,,,,,,,,,,,4.00,,,,,,,false,true,12,2020-04-01,2021-03-31,0
2020-10-30,64670,2021-03-31,2,,,,,,,,,,,,,,,,,,,,,,,,,,,,,,,,,9053300,2066,9051234,false,false,6,2020-04-01,2020-09-30,0
2020-10-30,64670,2020-03-31,2,,,,,,,,,,,,,,,,,,,,,,,,,,,,,,,,,,,9051234,false,false,6,2019-04-01,2019-09-30,-1
2020-10-30,64670,2021-03-31,,10400000000,,,,,,-580000000,,-375000000,,,-300000000,,-33.14,,,,,,,,,,,,,,,,,,,,,,true,true,12,2020-04-01,2021-03-31,0
2020-10-30,64670,2020-03-31,,14774000000,,,,,,712000000,,743000000,,,477000000,,52.76,,,,,,,,,,,,,,,,,,,,,,true,false,12,2019-04-01,2020-03-31,-1
2020-10-30,64670,2021-03-31,,,,,,,,,,,,,,,,,,,,,,,,,,,,,,4.00,,,,,,,false,true,12,2020-04-01,2021-03-31,0
2020-10-30,64670,2021-03-31,,,,,,,,,,,,,,,,,,,,,,,,,,,,,,0.00,,,,,,,false,false,12,2020-04-01,2021-03-31,0
2020-10-30,64670,2020-03-31,,,,,,,,,,,,,,,,,,,,,,,,,,,,,,20.00,,,,,,,false,false,12,2019-04-01,2020-03-31,-1
2021-02-01,64670,2021-03-31,3,7732000000,-0.325,,,,,-442000000,,-293000000,,,-238000000,,-26.40,,,,,,15550000000,11893000000,0.693,,10774000000,,,,,,,,,,,,true,false,9,2020-04-01,2020-12-31,0
2021-02-01,64670,2020-03-31,3,11447000000,-0.113,,,,,688000000,-0.341,724000000,-0.320,,481000000,,53.17,,,,,,,,,,,,,,,,,,,,,,true,false,9,2019-04-01,2019-12-31,-1
2021-02-01,64670,2021-03-31,3,10400000000,-0.296,,,,,-580000000,,-375000000,,,-300000000,,-33.14,,,,,,,,,,,,,,,,,,,,,,true,true,12,2020-04-01,2021-03-31,0
2021-02-01,64670,2020-03-31,3,,,,,,,,,,,,,,,,,,,,16384000000,12600000000,0.693,,11347000000,,,,,,,,,,,,true,false,12,2019-04-01,2020-03-31,-1
2021-02-01,64670,2020-03-31,3,,,,,,,,,,,,,,,,,,,,,,,,,,,,,20.00,,,,9053300,2066,,false,false,12,2019-04-01,2020-03-31,-1
2021-02-01,64670,2021-03-31,3,,,,,,,,,,,,,,,,,,,,,,,,,,,,,0.00,,,,,,,false,false,12,2020-04-01,2021-03-31,0
2021-02-01,64670,2021-03-31,3,,,,,,,,,,,,,,,,,,,,,,,,,,,,,4.00,,,,,,,false,true,12,2020-04-01,2021-03-31,0
2021-02-01,64670,2021-03-31,3,,,,,,,,,,,,,,,,,,,,,,,,,,,,,,,,,9053300,2066,9051234,false,false,9,2020-04-01,2020-12-31,0
2021-02-01,64670,2020-03-31,3,,,,,,,,,,,,,,,,,,,,,,,,,,,,,,,,,,,9051234,false,false,9,2019-04-01,2019-12-31,-1
2021-04-30,64670,2021-03-31,,10823000000,-0.267,,,,,-339000000,,-173000000,,,-170000000,,-18.86,,-0.015,-0.011,-0.031,,15656000000,12169000000,0.704,1217.26,11017000000,781000000,-650000000,-260000000,3144000000,,,,,,,,true,false,12,2020-04-01,2021-03-31,0
2021-04-30,64670,2020-03-31,,14774000000,-0.152,,,,,712000000,-0.486,743000000,-0.475,,477000000,,52.76,,0.043,0.044,0.048,,16384000000,12600000000,0.693,1253.69,11347000000,2263000000,-924000000,-755000000,3367000000,,0.379,,,,,,true,false,12,2019-04-01,2020-03-31,-1
2021-04-30,64670,2022-03-31,,6800000000,0.333,,,,,135000000,,145000000,,,100000000,,11.05,,,,,,,,,,,,,,,,,,,,,,true,true,6,2021-04-01,2021-09-30,1
2021-04-30,64670,2022-03-31,,13600000000,0.257,,,,,400000000,,430000000,,,290000000,,32.04,,,,,,,,,,,,,,,,0.312,,,,,,true,true,12,2021-04-01,2022-03-31,1
2021-04-30,64670,2021-03-31,,6663000000,-0.281,,,,,-508000000,,-238000000,,-155000000,,,-17.13,,,,,,10300000000,7397000000,0.718,817.26,7397000000,,,,,4.00,,,,9053300,2066,9051234,false,false,12,2020-04-01,2021-03-31,0
2021-04-30,64670,2020-03-31,,9266000000,-0.141,,,,,207000000,-0.743,316000000,-0.663,215000000,,-0.677,23.76,,,,,,10844000000,7635000000,0.704,843.64,7635000000,,,,,20.00,,,,9053300,2066,9051234,false,false,12,2019-04-01,2020-03-31,-1
2021-04-30,64670,2022-03-31,,,,,,,,,,,,,,,,,,,,,,,,,,,,,,10.00,,,,,,,false,true,12,2021-04-01,2022-03-31,1
2021-04-30,64670,2021-03-31,,10823000000,0.041,,,,,-339000000,,-173000000,,,-170000000,,-18.86,,,,,,,,,,,,,,,,,,,,,,true,true,12,2020-04-01,2021-03-31,0
2021-04-30,64670,2020-03-31,,14774000000,,,,,,712000000,,743000000,,,477000000,,52.76,,,,,,,,,,,,,,,,,,,,,,true,false,12,2019-04-01,2020-03-31,-1
2021-07-30,64670,2022-03-31,1,3373000000,0.244,,,,,146000000,,149000000,,,99000000,,11.00,,,,,,16681000000,12369000000,0.670,,11170000000,,,,,,,,,,,,true,false,3,2021-04-01,2021-06-30,0
2021-07-30,64670,2021-03-31,1,2712000000,-0.330,,,,,-154000000,,-104000000,,,-79000000,,-8.75,,,,,,,,,,,,,,,,,,,,,,true,false,3,2020-04-01,2020-06-30,-1
2021-07-30,64670,2022-03-31,1,6800000000,0.333,,,,,135000000,,145000000,,,100000000,,11.05,,,,,,,,,,,,,,,,,,,,,,true,true,6,2021-04-01,2021-09-30,0
2021-07-30,64670,2022-03-31,1,13600000000,0.257,,,,,400000000,,430000000,,,290000000,,32.04,,,,,,,,,,,,,,,,,,,,,,true,true,12,2021-04-01,2022-03-31,0
2021-07-30,64670,2021-03-31,1,,,,,,,,,,,,,,,,,,,,15656000000,12169000000,0.704,,11017000000,,,,,,,,,,,,true,false,12,2020-04-01,2021-03-31,-1
2021-07-30,64670,2021-03-31,1,,,,,,,,,,,,,,,,,,,,,,,,,,,,,4.00,,,,9053300,2066,,false,false,12,2020-04-01,2021-03-31,-1
2021-07-30,64670,2022-03-31,1,,,,,,,,,,,,,,,,,,,,,,,,,,,,,10.00,,,,,,,false,true,12,2021-04-01,2022-03-31,0
2021-07-30,64670,2022-03-31,1,,,,,,,,,,,,,,,,,,,,,,,,,,,,,,,,,9053300,2066,9051234,false,false,3,2021-04-01,2021-06-30,0
2021-07-30,64670,2021-03-31,1,,,,,,,,,,,,,,,,,,,,,,,,,,,,,,,,,,,9051234,false,false,3,2020-04-01,2020-06-30,-1
2021-10-29,64670,2022-03-31,2,6788000000,0.331,,,,,255000000,,250000000,,,142000000,,15.70,,,,,,16575000000,12312000000,0.672,,11135000000,,,,,,,,,,,,true,false,6,2021-04-01,2021-09-30,0
2021-10-29,64670,2021-03-31,2,5099000000,-0.357,,,,,-399000000,,-273000000,,,-208000000,,-23.05,,,,,,,,,,,,,,,,,,,,,,true,false,6,2020-04-01,2020-09-30,-1
2021-10-29,64670,2022-03-31,2,13600000000,0.257,,,,,400000000,,430000000,,,290000000,,32.04,,,,,,,,,,,,,,,,,,,,,,true,true,12,2021-04-01,2022-03-31,0
2021-10-29,64670,2021-03-31,2,,,,,,,,,,,,,,,,,,,,15656000000,12169000000,0.704,,11017000000,,,,,,,,,,,,true,false,12,2020-04-01,2021-03-31,-1
2021-10-29,64670,2021-03-31,2,,,,,,,,,,,,,,,,,,,,,,,,,,,,,4.00,,,,9053300,2066,,false,false,12,2020-04-01,2021-03-31,-1
2021-10-29,64670,2022-03-31,2,,,,,,,,,,,,,,,,,,,,,,,,,,,,,5.00,,,,,,,false,false,12,2021-04-01,2022-03-31,0
2021-10-29,64670,2022-03-31,2,,,,,,,,,,,,,,,,,,,,,,,,,,,,,10.00,,,,,,,false,true,12,2021-04-01,2022-03-31,0
2021-10-29,64670,2022-03-31,2,,,,,,,,,,,,,,,,,,,,,,,,,,,,,,,,,9053300,2066,9051234,false,false,6,2021-04-01,2021-09-30,0
2021-10-29,64670,2021-03-31,2,,,,,,,,,,,,,,,,,,,,,,,,,,,,,,,,,,,9051234,false,false,6,2020-04-01,2020-09-30,-1
2022-02-01,64670,2022-03-31,3,9748000000,0.261,,,,,288000000,,298000000,,,133000000,,14.80,,,,,,15854000000,12083000000,0.691,,10953000000,,,,,,,,,,,,true,false,9,2021-04-01,2021-12-31,0
2022-02-01,64670,2021-03-31,3,7732000000,-0.325,,,,,-442000000,,-293000000,,,-238000000,,-26.40,,,,,,,,,,,,,,,,,,,,,,true,false,9,2020-04-01,2020-12-31,-1
2022-02-01,64670,2022-03-31,3,13600000000,0.257,,,,,400000000,,430000000,,,290000000,,32.04,,,,,,,,,,,,,,,,,,,,,,true,true,12,2021-04-01,2022-03-31,0
2022-02-01,64670,2021-03-31,3,,,,,,,,,,,,,,,,,,,,15656000000,12169000000,0.704,,11017000000,,,,,,,,,,,,true,false,12,2020-04-01,2021-03-31,-1
2022-02-01,64670,2021-03-31,3,,,,,,,,,,,,,,,,,,,,,,,,,,,,,4.00,,,,9053300,2066,,false,false,12,2020-04-01,2021-03-31,-1
2022-02-01,64670,2022-03-31,3,,,,,,,,,,,,,,,,,,,,,,,,,,,,,5.00,,,,,,,false,false,12,2021-04-01,2022-03-31,0
2022-02-01,64670,2022-03-31,3,,,,,,,,,,,,,,,,,,,,,,,,,,,,,10.00,,,,,,,false,true,12,2021-04-01,2022-03-31,0
2022-02-01,64670,2022-03-31,3,,,,,,,,,,,,,,,,,,,,,,,,,,,,,,,,,9053300,2066,9051234,false,false,9,2021-04-01,2021-12-31,0
2022-02-01,64670,2021-03-31,3,,,,,,,,,,,,,,,,,,,,,,,,,,,,,,,,,,,9051234,false,false,9,2020-04-01,2020-12-31,-1
2022-03-25,64670,2022-03-31,,12274000000,-0.098,,,,,198000000,-0.505,256000000,-0.405,,-747000000,,-82.53,,,,,,,,,,,,,,,,,,,,,,true,true,12,2021-04-01,2022-03-31,0
2022-03-25,64670,2021-03-31,,10823000000,,,,,,-339000000,,-173000000,,,-170000000,,-18.86,,,,,,,,,,,,,,,,,,,,,,true,false,12,2020-04-01,2021-03-31,-1
2022-03-25,64670,2022-03-31,,,,,,,,,,,,,,,,,,,,,,,,,,,,,,8.00,,,,,,,false,true,12,2021-04-01,2022-03-31,0
2022-03-25,64670,2022-03-31,,,,,,,,,,,,,,,,,,,,,,,,,,,,,,5.00,,,,,,,false,false,12,2021-04-01,2022-03-31,0
2022-03-25,64670,2021-03-31,,,,,,,,,,,,,,,,,,,,,,,,,,,,,,4.00,,,,,,,false,false,12,2020-04-01,2021-03-31,-1
2022-04-28,64670,2022-03-31,,12301000000,0.137,,,,,217000000,,264000000,,,-632000000,,-69.87,,-0.059,0.017,0.018,,15309000000,11422000000,0.676,1143.54,10350000000,699000000,-586000000,504000000,3767000000,,,,,,,,true,false,12,2021-04-01,2022-03-31,0
2022-04-28,64670,2021-03-31,,10823000000,-0.267,,,,,-339000000,,-173000000,,,-170000000,,-18.86,,-0.015,-0.011,-0.031,,15656000000,12169000000,0.704,1217.26,11017000000,781000000,-650000000,-260000000,3144000000,,,,,,,,true,false,12,2020-04-01,2021-03-31,-1
2022-04-28,64670,2023-03-31,,5850000000,-0.138,,,,,90000000,-0.648,85000000,-0.660,,25000000,,2.76,,,,,,,,,,,,,,,,,,,,,,true,true,6,2022-04-01,2022-09-30,1
2022-04-28,64670,2023-03-31,,12200000000,-0.008,,,,,310000000,0.427,300000000,0.133,,200000000,,22.10,,,,,,,,,,,,,,,,0.362,,,,,,true,true,12,2022-04-01,2023-03-31,1
2022-04-28,64670,2022-03-31,,7185000000,0.078,,,,,-202000000,,-49000000,,-511000000,,,-56.55,,,,,,10032000000,6801000000,0.678,751.50,6801000000,,,,,8.00,,,,9053300,2066,9051234,false,false,12,2021-04-01,2022-03-31,0
2022-04-28,64670,2021-03-31,,6663000000,-0.281,,,,,-508000000,,-238000000,,-155000000,,,-17.13,,,,,,10300000000,7397000000,0.718,817.26,7397000000,,,,,4.00,,,,9053300,2066,9051234,false,false,12,2020-04-01,2021-03-31,-1
2022-04-28,64670,2023-03-31,,,,,,,,,,,,,,,,,,,,,,,,,,,,,,8.00,,,,,,,false,true,12,2022-04-01,2023-03-31,1
2022-04-28,64670,2022-03-31,,12301000000,0.137,,,,,217000000,,264000000,,,-619000000,,-68.43,,-0.058,0.017,0.018,,15327000000,11439000000,0.676,1144.98,10363000000,699000000,-586000000,504000000,3767000000,,,,,,,,true,false,12,2021-04-01,2022-03-31,0
2022-04-28,64670,2021-03-31,,10823000000,-0.267,,,,,-339000000,,-173000000,,,-170000000,,-18.86,,-0.015,-0.011,-0.031,,15656000000,12169000000,0.704,1217.26,11017000000,781000000,-650000000,-260000000,3144000000,,,,,,,,true,false,12,2020-04-01,2021-03-31,-1
2022-04-28,64670,2023-03-31,,5850000000,-0.138,,,,,90000000,-0.648,85000000,-0.660,,25000000,,2.76,,,,,,,,,,,,,,,,,,,,,,true,true,6,2022-04-01,2022-09-30,1
2022-04-28,64670,2023-03-31,,12200000000,-0.008,,,,,310000000,0.427,300000000,0.133,,200000000,,22.10,,,,,,,,,,,,,,,,0.362,,,,,,true,true,12,2022-04-01,2023-03-31,1
2022-04-28,64670,2022-03-31,,7185000000,0.078,,,,,-202000000,,-49000000,,-511000000,,,-56.55,,,,,,10032000000,6801000000,0.678,751.50,6801000000,,,,,8.00,,,,9053300,2066,9051234,false,false,12,2021-04-01,2022-03-31,0
2022-04-28,64670,2021-03-31,,6663000000,-0.281,,,,,-508000000,,-238000000,,-155000000,,,-17.13,,,,,,10300000000,7397000000,0.718,817.26,7397000000,,,,,4.00,,,,9053300,2066,9051234,false,false,12,2020-04-01,2021-03-31,-1
2022-04-28,64670,2023-03-31,,,,,,,,,,,,,,,,,,,,,,,,,,,,,,8.00,,,,,,,false,true,12,2022-04-01,2023-03-31,1
2022-08-01,64670,2023-03-31,1,2645000000,-0.216,,,,,-44000000,,-6000000,,,-69000000,,-7.72,,,,,,15488000000,11612000000,0.676,,10465000000,,,,,,,,,,,,true,false,3,2022-04-01,2022-06-30,0
2022-08-01,64670,2022-03-31,1,3373000000,0.244,,,,,146000000,,149000000,,,99000000,,11.00,,,,,,,,,,,,,,,,,,,,,,true,false,3,2021-04-01,2021-06-30,-1
2022-08-01,64670,2023-03-31,1,5850000000,-0.138,,,,,90000000,-0.648,85000000,-0.660,,25000000,,2.76,,,,,,,,,,,,,,,,,,,,,,true,true,6,2022-04-01,2022-09-30,0
2022-08-01,64670,2023-03-31,1,12200000000,-0.008,,,,,310000000,0.427,300000000,0.133,,200000000,,22.10,,,,,,,,,,,,,,,,,,,,,,true,true,12,2022-04-01,2023-03-31,0
2022-08-01,64670,2022-03-31,1,,,,,,,,,,,,,,,,,,,,15327000000,11439000000,0.676,,10363000000,,,,,,,,,,,,true,false,12,2021-04-01,2022-03-31,-1
2022-08-01,64670,2022-03-31,1,,,,,,,,,,,,,,,,,,,,,,,,,,,,,8.00,,,,9053300,2066,,false,false,12,2021-04-01,2022-03-31,-1
2022-08-01,64670,2023-03-31,1,,,,,,,,,,,,,,,,,,,,,,,,,,,,,8.00,,,,,,,false,true,12,2022-04-01,2023-03-31,0
2022-08-01,64670,2023-03-31,1,,,,,,,,,,,,,,,,,,,,,,,,,,,,,,,,,9053300,2066,9051234,false,false,3,2022-04-01,2022-06-30,0
2022-08-01,64670,2022-03-31,1,,,,,,,,,,,,,,,,,,,,,,,,,,,,,,,,,,,9051234,false,false,3,2021-04-01,2021-06-30,-1
2022-10-31,64670,2023-03-31,2,5248000000,-0.227,,,,,-143000000,,-25000000,,,-151000000,,-16.69,,,,,,15641000000,11723000000,0.674,,10541000000,,,,,,,,,,,,true,false,6,2022-04-01,2022-09-30,0
2022-10-31,64670,2022-03-31,2,6788000000,0.331,,,,,255000000,,250000000,,,142000000,,15.70,,,,,,,,,,,,,,,,,,,,,,true,false,6,2021-04-01,2021-09-30,-1
2022-10-31,64670,2023-03-31,2,11400000000,-0.073,,,,,40000000,-0.816,180000000,-0.320,,65000000,,7.18,,,,,,,,,,,,,,,,,,,,,,true,true,12,2022-04-01,2023-03-31,0
2022-10-31,64670,2022-03-31,2,,,,,,,,,,,,,,,,,,,,15327000000,11439000000,0.676,,10363000000,,,,,,,,,,,,true,false,12,2021-04-01,2022-03-31,-1
2022-10-31,64670,2022-03-31,2,,,,,,,,,,,,,,,,,,,,,,,,,,,,,8.00,,,,9053300,2066,,false,false,12,2021-04-01,2022-03-31,-1
2022-10-31,64670,2023-03-31,2,,,,,,,,,,,,,,,,,,,,,,,,,,,,,4.00,,,,,,,false,false,12,2022-04-01,2023-03-31,0
2022-10-31,64670,2023-03-31,2,,,,,,,,,,,,,,,,,,,,,,,,,,,,,8.00,,,,,,,false,true,12,2022-04-01,2023-03-31,0
2022-10-31,64670,2023-03-31,2,,,,,,,,,,,,,,,,,,,,,,,,,,,,,,,,,9053300,2066,9051234,false,false,6,2022-04-01,2022-09-30,0
2022-10-31,64670,2022-03-31,2,,,,,,,,,,,,,,,,,,,,,,,,,,,,,,,,,,,9051234,false,false,6,2021-04-01,2021-09-30,-1
2022-10-31,64670,2023-03-31,,5248000000,-0.103,,,,,-143000000,,-25000000,,,-151000000,,-16.69,,,,,,,,,,,,,,,,,,,,,,true,true,6,2022-04-01,2022-09-30,0
2022-10-31,64670,2022-03-31,,6788000000,,,,,,255000000,,250000000,,,142000000,,15.70,,,,,,,,,,,,,,,,,,,,,,true,false,6,2021-04-01,2021-09-30,-1
2022-10-31,64670,2023-03-31,,11400000000,-0.066,,,,,40000000,-0.871,180000000,-0.400,,65000000,,7.18,,,,,,,,,,,,,,,,,,,,,,true,true,12,2022-04-01,2023-03-31,0
2022-10-31,64670,2022-03-31,,12301000000,,,,,,217000000,,264000000,,,-619000000,,-68.43,,,,,,,,,,,,,,,,,,,,,,true,false,12,2021-04-01,2022-03-31,-1
2023-02-01,64670,2023-03-31,3,8182000000,-0.161,,,,,-133000000,,-14000000,,,-225000000,,-24.95,,,,,,15816000000,11612000000,0.660,,10437000000,,,,,,,,,,,,true,false,9,2022-04-01,2022-12-31,0
2023-02-01,64670,2022-03-31,3,9748000000,0.261,,,,,288000000,,298000000,,,133000000,,14.80,,,,,,,,,,,,,,,,,,,,,,true,false,9,2021-04-01,2021-12-31,-1
2023-02-01,64670,2023-03-31,3,11400000000,-0.073,,,,,40000000,-0.816,180000000,-0.320,,65000000,,7.18,,,,,,,,,,,,,,,,,,,,,,true,true,12,2022-04-01,2023-03-31,0
2023-02-01,64670,2022-03-31,3,,,,,,,,,,,,,,,,,,,,15327000000,11439000000,0.676,,10363000000,,,,,,,,,,,,true,false,12,2021-04-01,2022-03-31,-1
2023-02-01,64670,2022-03-31,3,,,,,,,,,,,,,,,,,,,,,,,,,,,,,8.00,,,,9053300,2066,,false,false,12,2021-04-01,2022-03-31,-1
2023-02-01,64670,2023-03-31,3,,,,,,,,,,,,,,,,,,,,,,,,,,,,,4.00,,,,,,,false,false,12,2022-04-01,2023-03-31,0
2023-02-01,64670,2023-03-31,3,,,,,,,,,,,,,,,,,,,,,,,,,,,,,8.00,,,,,,,false,true,12,2022-04-01,2023-03-31,0
2023-02-01,64670,2023-03-31,3,,,,,,,,,,,,,,,,,,,,,,,,,,,,,,,,,9053300,2066,9051234,false,false,9,2022-04-01,2022-12-31,0
2023-02-01,64670,2022-03-31,3,,,,,,,,,,,,,,,,,,,,,,,,,,,,,,,,,,,9051234,false,false,9,2021-04-01,2021-12-31,-1
2023-03-23,64670,2023-03-31,,10851000000,-0.048,,,,,-231000000,,-86000000,,,-391000000,,-43.20,,,,,,,,,,,,,,,,,,,,,,true,true,12,2022-04-01,2023-03-31,0
2023-03-23,64670,2022-03-31,,12301000000,,,,,,217000000,,264000000,,,-619000000,,-68.43,,,,,,,,,,,,,,,,,,,,,,true,false,12,2021-04-01,2022-03-31,-1
2023-03-23,64670,2023-03-31,,,,,,,,,,,,,,,,,,,,,,,,,,,,,,6.00,,,,,,,false,true,12,2022-04-01,2023-03-31,0
2023-03-23,64670,2023-03-31,,,,,,,,,,,,,,,,,,,,,,,,,,,,,,4.00,,,,,,,false,false,12,2022-04-01,2023-03-31,0
2023-03-23,64670,2022-03-31,,,,,,,,,,,,,,,,,,,,,,,,,,,,,,8.00,,,,,,,false,false,12,2021-04-01,2022-03-31,-1
2023-05-01,64670,2023-03-31,,10847000000,-0.118,,,,,-202000000,,-65000000,,,-484000000,,-53.55,,-0.047,-0.004,-0.019,,15374000000,11301000000,0.660,1121.18,10148000000,208000000,-467000000,89000000,3800000000,,,,,,,,true,false,12,2022-04-01,2023-03-31,0
2023-05-01,64670,2022-03-31,,12301000000,0.137,,,,,217000000,,264000000,,,-619000000,,-68.43,,-0.058,0.017,0.018,,15327000000,11439000000,0.676,1144.98,10363000000,699000000,-586000000,504000000,3767000000,,,,,,,,true,false,12,2021-04-01,2022-03-31,-1
2023-05-01,64670,2024-03-31,,5620000000,0.071,,,,,-80000000,,-75000000,,,-100000000,,-11.05,,,,,,,,,,,,,,,,,,,,,,true,true,6,2023-04-01,2023-09-30,1
2023-05-01,64670,2024-03-31,,11900000000,0.097,,,,,170000000,,175000000,,,115000000,,12.71,,,,,,,,,,,,,,,,0.629,,,,,,true,true,12,2023-04-01,2024-03-31,1
2023-05-01,64670,2023-03-31,,6457000000,-0.101,,,,,-373000000,,-162000000,,-457000000,,,-50.57,,,,,,9813000000,6280000000,0.640,693.93,6280000000,,,,,6.00,,,,9053300,2066,9051234,false,false,12,2022-04-01,2023-03-31,0
2023-05-01,64670,2022-03-31,,7185000000,0.078,,,,,-202000000,,-49000000,,-511000000,,,-56.55,,,,,,10032000000,6801000000,0.678,751.50,6801000000,,,,,8.00,,,,9053300,2066,9051234,false,false,12,2021-04-01,2022-03-31,-1
2023-05-01,64670,2024-03-31,,,,,,,,,,,,,,,,,,,,,,,,,,,,,,8.00,,,,,,,false,true,12,2023-04-01,2024-03-31,1
2023-08-01,64670,2024-03-31,1,2677000000,0.012,,,,,-82000000,,-31000000,,,-43000000,,-4.82,,,,,,15577000000,11319000000,0.652,,10152000000,,,,,,,,,,,,true,false,3,2023-04-01,2023-06-30,0
2023-08-01,64670,2023-03-31,1,2645000000,-0.216,,,,,-44000000,,-6000000,,,-69000000,,-7.72,,,,,,,,,,,,,,,,,,,,,,true,false,3,2022-04-01,2022-06-30,-1
2023-08-01,64670,2024-03-31,1,5620000000,0.071,,,,,-80000000,,-75000000,,,-100000000,,-11.05,,,,,,,,,,,,,,,,,,,,,,true,true,6,2023-04-01,2023-09-30,0
2023-08-01,64670,2024-03-31,1,11900000000,0.097,,,,,170000000,,175000000,,,115000000,,12.71,,,,,,,,,,,,,,,,,,,,,,true,true,12,2023-04-01,2024-03-31,0
2023-08-01,64670,2023-03-31,1,,,,,,,,,,,,,,,,,,,,15374000000,11301000000,0.660,,10148000000,,,,,,,,,,,,true,false,12,2022-04-01,2023-03-31,-1
2023-08-01,64670,2023-03-31,1,,,,,,,,,,,,,,,,,,,,,,,,,,,,,6.00,,,,9053300,2066,,false,false,12,2022-04-01,2023-03-31,-1
2023-08-01,64670,2024-03-31,1,,,,,,,,,,,,,,,,,,,,,,,,,,,,,8.00,,,,,,,false,true,12,2023-04-01,2024-03-31,0
2023-08-01,64670,2024-03-31,1,,,,,,,,,,,,,,,,,,,,,,,,,,,,,,,,,9053300,2066,9051234,false,false,3,2023-04-01,2023-06-30,0
2023-08-01,64670,2023-03-31,1,,,,,,,,,,,,,,,,,,,,,,,,,,,,,,,,,,,9051234,false,false,3,2022-04-01,2022-06-30,-1
2023-10-31,64670,2024-03-31,2,5426000000,0.034,,,,,-188000000,,-119000000,,,-168000000,,-18.63,,,,,,15881000000,11352000000,0.639,,10148000000,,,,,,,,,,,,true,false,6,2023-04-01,2023-09-30,0
2023-10-31,64670,2023-03-31,2,5248000000,-0.227,,,,,-143000000,,-25000000,,,-151000000,,-16.69,,,,,,,,,,,,,,,,,,,,,,true,false,6,2022-04-01,2022-09-30,-1
2023-10-31,64670,2024-03-31,2,11200000000,0.032,,,,,-330000000,,-255000000,,,-300000000,,-33.14,,,,,,,,,,,,,,,,,,,,,,true,true,12,2023-04-01,2024-03-31,0
2023-10-31,64670,2023-03-31,2,,,,,,,,,,,,,,,,,,,,15374000000,11301000000,0.660,,10148000000,,,,,,,,,,,,true,false,12,2022-04-01,2023-03-31,-1
2023-10-31,64670,2023-03-31,2,,,,,,,,,,,,,,,,,,,,,,,,,,,,,6.00,,,,9053300,2066,,false,false,12,2022-04-01,2023-03-31,-1
2023-10-31,64670,2024-03-31,2,,,,,,,,,,,,,,,,,,,,,,,,,,,,,4.00,,,,,,,false,false,12,2023-04-01,2024-03-31,0
2023-10-31,64670,2024-03-31,2,,,,,,,,,,,,,,,,,,,,,,,,,,,,,,,,,9053300,2067,9051233,false,false,6,2023-04-01,2023-09-30,0
2023-10-31,64670,2023-03-31,2,,,,,,,,,,,,,,,,,,,,,,,,,,,,,,,,,,,9051234,false,false,6,2022-04-01,2022-09-30,-1
2023-10-31,64670,2024-03-31,,5426000000,-0.035,,,,,-188000000,,-119000000,,,-168000000,,-18.63,,,,,,,,,,,,,,,,,,,,,,true,true,6,2023-04-01,2023-09-30,0
2023-10-31,64670,2023-03-31,,5248000000,,,,,,-143000000,,-25000000,,,-151000000,,-16.69,,,,,,,,,,,,,,,,,,,,,,true,false,6,2022-04-01,2022-09-30,-1
2023-10-31,64670,2024-03-31,,11200000000,-0.059,,,,,-330000000,,-255000000,,,-300000000,,-33.14,,,,,,,,,,,,,,,,,,,,,,true,true,12,2023-04-01,2024-03-31,0
2023-10-31,64670,2023-03-31,,10847000000,,,,,,-202000000,,-65000000,,,-484000000,,-53.55,,,,,,,,,,,,,,,,,,,,,,true,false,12,2022-04-01,2023-03-31,-1
2023-10-31,64670,2024-03-31,,,,,,,,,,,,,,,,,,,,,,,,,,,,,,8.00,,,,,,,false,true,12,2023-04-01,2024-03-31,0
2023-10-31,64670,2024-03-31,,,,,,,,,,,,,,,,,,,,,,,,,,,,,,4.00,,,,,,,false,false,12,2023-04-01,2024-03-31,0
2023-10-31,64670,2023-03-31,,,,,,,,,,,,,,,,,,,,,,,,,,,,,,6.00,,,,,,,false,false,12,2022-04-01,2023-03-31,-1
2024-02-01,64670,2024-03-31,3,8272000000,0.011,,,,,-161000000,,-75000000,,,-129000000,,-14.34,,,,,,15533000000,11379000000,0.655,,10175000000,,,,,,,,,,,,true,false,9,2023-04-01,2023-12-31,0
2024-02-01,64670,2023-03-31,3,8182000000,-0.161,,,,,-133000000,,-14000000,,,-225000000,,-24.95,,,,,,,,,,,,,,,,,,,,,,true,false,9,2022-04-01,2022-12-31,-1
2024-02-01,64670,2024-03-31,3,11200000000,0.032,,,,,-330000000,,-255000000,,,-300000000,,-33.14,,,,,,,,,,,,,,,,,,,,,,true,true,12,2023-04-01,2024-03-31,0
2024-02-01,64670,2023-03-31,3,,,,,,,,,,,,,,,,,,,,15374000000,11301000000,0.660,,10148000000,,,,,,,,,,,,true,false,12,2022-04-01,2023-03-31,-1
2024-02-01,64670,2023-03-31,3,,,,,,,,,,,,,,,,,,,,,,,,,,,,,6.00,,,,9053300,2066,,false,false,12,2022-04-01,2023-03-31,-1
2024-02-01,64670,2024-03-31,3,,,,,,,,,,,,,,,,,,,,,,,,,,,,,4.00,,,,,,,false,false,12,2023-04-01,2024-03-31,0
2024-02-01,64670,2024-03-31,3,,,,,,,,,,,,,,,,,,,,,,,,,,,,,,,,,9053300,2067,9051233,false,false,9,2023-04-01,2023-12-31,0
2024-02-01,64670,2023-03-31,3,,,,,,,,,,,,,,,,,,,,,,,,,,,,,,,,,,,9051234,false,false,9,2022-04-01,2022-12-31,-1
2024-04-23,64670,2024-03-31,,11323000000,0.011,,,,,-42000000,,64000000,,,32000000,,3.57,,,,,,,,,,,,,,,,,,,,,,true,true,12,2023-04-01,2024-03-31,0
2024-04-23,64670,2023-03-31,,10847000000,,,,,,-202000000,,-65000000,,,-484000000,,-53.55,,,,,,,,,,,,,,,,,,,,,,true,false,12,2022-04-01,2023-03-31,-1
2024-04-23,64670,2024-03-31,,,,,,,,,,,,,,,,,,,,,,,,,,,,,,6.00,,,,,,,false,true,12,2023-04-01,2024-03-31,0
2024-04-23,64670,2024-03-31,,,,,,,,,,,,,,,,,,,,,,,,,,,,,,4.00,,,,,,,false,false,12,2023-04-01,2024-03-31,0
2024-04-23,64670,2023-03-31,,,,,,,,,,,,,,,,,,,,,,,,,,,,,,6.00,,,,,,,false,false,12,2022-04-01,2023-03-31,-1
2024-05-01,64670,2024-03-31,,11323000000,0.044,,,,,-42000000,,64000000,,,44000000,,4.97,,0.004,0.004,-0.004,,15187000000,10895000000,0.687,1153.08,10436000000,740000000,-491000000,-1133000000,3046000000,,1.207,,,,,,true,false,12,2023-04-01,2024-03-31,0
2024-05-01,64670,2023-03-31,,10847000000,-0.118,,,,,-202000000,,-65000000,,,-484000000,,-53.55,,-0.047,-0.004,-0.019,,15374000000,11301000000,0.660,1121.18,10148000000,208000000,-467000000,89000000,3800000000,,,,,,,,true,false,12,2022-04-01,2023-03-31,-1
2024-05-01,64670,2025-03-31,,5870000000,0.082,,,,,2000000,,15000000,,,-20000000,,-2.21,,,,,,,,,,,,,,,,,,,,,,true,true,6,2024-04-01,2024-09-30,1
2024-05-01,64670,2025-03-31,,11900000000,0.051,,,,,80000000,,100000000,0.540,,50000000,,5.52,,,,,,,,,,,,,,,,1.087,,,,,,true,true,12,2024-04-01,2025-03-31,1
2024-05-01,64670,2024-03-31,,7132000000,0.104,,,,,25000000,,180000000,,154000000,,,17.07,,,,,,10429000000,6392000000,0.613,706.24,6392000000,,,,,6.00,,,,9053300,2068,9051233,false,false,12,2023-04-01,2024-03-31,0
2024-05-01,64670,2023-03-31,,6457000000,-0.101,,,,,-373000000,,-162000000,,-457000000,,,-50.57,,,,,,9813000000,6280000000,0.640,693.93,6280000000,,,,,6.00,,,,9053300,2066,9051234,false,false,12,2022-04-01,2023-03-31,-1
2024-05-01,64670,2025-03-31,,,,,,,,,,,,,,,,,,,,,,,,,,,,,,6.00,,,,,,,false,true,12,2024-04-01,2025-03-31,1
2024-08-01,64670,2025-03-31,1,2766000000,0.033,,,,,92000000,,110000000,,,51000000,,5.68,,,,,,15457000000,10965000000,0.679,,10502000000,,,,,,,,,,,,true,false,3,2024-04-01,2024-06-30,0
2024-08-01,64670,2024-03-31,1,2677000000,0.012,,,,,-82000000,,-31000000,,,-43000000,,-4.82,,,,,,,,,,,,,,,,,,,,,,true,false,3,2023-04-01,2023-06-30,-1
2024-08-01,64670,2025-03-31,1,5870000000,0.082,,,,,2000000,,15000000,,,-20000000,,-2.21,,,,,,,,,,,,,,,,,,,,,,true,true,6,2024-04-01,2024-09-30,0
2024-08-01,64670,2025-03-31,1,11900000000,0.051,,,,,80000000,,100000000,0.540,,50000000,,5.52,,,,,,,,,,,,,,,,,,,,,,true,true,12,2024-04-01,2025-03-31,0
2024-08-01,64670,2024-03-31,1,,,,,,,,,,,,,,,,,,,,15187000000,10895000000,0.687,,10436000000,,,,,,,,,,,,true,false,12,2023-04-01,2024-03-31,-1
2024-08-01,64670,2024-03-31,1,,,,,,,,,,,,,,,,,,,,,,,,,,,,,6.00,,,,9053300,2068,,false,false,12,2023-04-01,2024-03-31,-1
2024-08-01,64670,2025-03-31,1,,,,,,,,,,,,,,,,,,,,,,,,,,,,,6.00,,,,,,,false,true,12,2024-04-01,2025-03-31,0
2024-08-01,64670,2025-03-31,1,,,,,,,,,,,,,,,,,,,,,,,,,,,,,,,,,9053300,2136,9051187,false,false,3,2024-04-01,2024-06-30,0
2024-08-01,64670,2024-03-31,1,,,,,,,,,,,,,,,,,,,,,,,,,,,,,,,,,,,9051234,false,false,3,2023-04-01,2023-06-30,-1
2024-11-01,64670,2025-03-31,2,5842000000,0.077,,,,,70000000,,92000000,,,23000000,,2.57,,,,,,15556000000,11140000000,0.685,,10649000000,,,,,,,,,,,,true,false,6,2024-04-01,2024-09-30,0
2024-11-01,64670,2024-03-31,2,5426000000,0.034,,,,,-188000000,,-119000000,,,-168000000,,-18.63,,,,,,,,,,,,,,,,,,,,,,true,false,6,2023-04-01,2023-09-30,-1
2024-11-01,64670,2025-03-31,2,11900000000,0.051,,,,,80000000,,100000000,0.540,,50000000,,5.52,,,,,,,,,,,,,,,,,,,,,,true,true,12,2024-04-01,2025-03-31,0
2024-11-01,64670,2024-03-31,2,,,,,,,,,,,,,,,,,,,,15187000000,10895000000,0.687,,10436000000,,,,,,,,,,,,true,false,12,2023-04-01,2024-03-31,-1
2024-11-01,64670,2024-03-31,2,,,,,,,,,,,,,,,,,,,,,,,,,,,,,6.00,,,,9053300,2068,,false,false,12,2023-04-01,2024-03-31,-1
2024-11-01,64670,2025-03-31,2,,,,,,,,,,,,,,,,,,,,,,,,,,,,,2.00,,,,,,,false,false,12,2024-04-01,2025-03-31,0
2024-11-01,64670,2025-03-31,2,,,,,,,,,,,,,,,,,,,,,,,,,,,,,6.00,,,,,,,false,true,12,2024-04-01,2025-03-31,0
2024-11-01,64670,2025-03-31,2,,,,,,,,,,,,,,,,,,,,,,,,,,,,,,,,,9053300,2136,9051175,false,false,6,2024-04-01,2024-09-30,0
2024-11-01,64670,2024-03-31,2,,,,,,,,,,,,,,,,,,,,,,,,,,,,,,,,,,,9051233,false,false,6,2023-04-01,2023-09-30,-1
2025-02-03,64670,2025-03-31,3,8614000000,0.041,,,,,83000000,,118000000,,,14000000,,1.66,,,,,,15476000000,11139000000,0.688,,10640000000,,,,,,,,,,,,true,false,9,2024-04-01,2024-12-31,0
2025-02-03,64670,2024-03-31,3,8272000000,0.011,,,,,-161000000,,-75000000,,,-129000000,,-14.34,,,,,,,,,,,,,,,,,,,,,,true,false,9,2023-04-01,2023-12-31,-1
2025-02-03,64670,2025-03-31,3,11900000000,0.051,,,,,80000000,,100000000,0.540,,50000000,,5.52,,,,,,,,,,,,,,,,,,,,,,true,true,12,2024-04-01,2025-03-31,0
2025-02-03,64670,2024-03-31,3,,,,,,,,,,,,,,,,,,,,15187000000,10895000000,0.687,,10436000000,,,,,,,,,,,,true,false,12,2023-04-01,2024-03-31,-1
2025-02-03,64670,2024-03-31,3,,,,,,,,,,,,,,,,,,,,,,,,,,,,,6.00,,,,9053300,2068,,false,false,12,2023-04-01,2024-03-31,-1
2025-02-03,64670,2025-03-31,3,,,,,,,,,,,,,,,,,,,,,,,,,,,,,2.00,,,,,,,false,false,12,2024-04-01,2025-03-31,0
2025-02-03,64670,2025-03-31,3,,,,,,,,,,,,,,,,,,,,,,,,,,,,,6.00,,,,,,,false,true,12,2024-04-01,2025-03-31,0
2025-02-03,64670,2025-03-31,3,,,,,,,,,,,,,,,,,,,,,,,,,,,,,,,,,9053300,2136,9051172,false,false,9,2024-04-01,2024-12-31,0
2025-02-03,64670,2024-03-31,3,,,,,,,,,,,,,,,,,,,,,,,,,,,,,,,,,,,9051233,false,false,9,2023-04-01,2023-12-31,-1
2025-05-01,64670,2025-03-31,,11602000000,0.025,,,,,153000000,,185000000,1.853,,56000000,,6.24,,0.005,0.012,0.013,,15173000000,11170000000,0.722,1211.15,10962000000,762000000,-891000000,-376000000,2753000000,,0.962,,,,,,true,false,12,2024-04-01,2025-03-31,0
2025-05-01,64670,2024-03-31,,11323000000,0.044,,,,,-42000000,,64000000,,,44000000,,4.97,,0.004,0.004,-0.004,,15187000000,10895000000,0.687,1153.08,10436000000,740000000,-491000000,-1133000000,3046000000,,1.207,,,,,,true,false,12,2023-04-01,2024-03-31,-1
2025-05-01,64670,2026-03-31,,5850000000,0.001,,,,,-110000000,,-100000000,,,-140000000,,-15.47,,,,,,,,,,,,,,,,,,,,,,true,true,6,2025-04-01,2025-09-30,1
2025-05-01,64670,2026-03-31,,12100000000,0.043,,,,,160000000,0.041,190000000,0.025,,100000000,,11.05,,,,,,,,,,,,,,,,0.543,,,,,,true,true,12,2025-04-01,2026-03-31,1
2025-05-01,64670,2025-03-31,,7304000000,0.024,,,,,42000000,0.675,92000000,-0.484,61000000,,-0.603,6.77,,,,,,10097000000,6414000000,0.635,708.72,6414000000,,,,,6.00,,,,9053300,2196,9051160,false,false,12,2024-04-01,2025-03-31,0
2025-05-01,64670,2024-03-31,,7132000000,0.104,,,,,25000000,,180000000,,154000000,,,17.07,,,,,,10429000000,6392000000,0.613,706.24,6392000000,,,,,6.00,,,,9053300,2068,9051233,false,false,12,2023-04-01,2024-03-31,-1
2025-05-01,64670,2026-03-31,,,,,,,,,,,,,,,,,,,,,,,,,,,,,,6.00,,,,,,,false,true,12,2025-04-01,2026-03-31,1
