filing_date,code,fiscal_year_end,quarterly_period,net_sales,net_sales_change,revenue,revenue_change,operating_revenue,operating_revenue_change,operating_profit,operating_profit_change,ordinary_profit,ordinary_profit_change,net_income,net_income_of_parent,net_income_change,eps,diluted_eps,roe,roa,operating_profit_to_net_sales,operating_profit_to_revenue,total_assets,net_assets,equity_ratio,bps,owner_equity,operating_cash_flow,investing_cash_flow,financing_cash_flow,cash,dividend_per_share,payout_ratio,commemorative_dividend,extra_dividend,number_of_shares,number_of_treqsury_shares,avg_number_of_shares,is_consolidated,is_forecast,duration,period_start,period_end,period_pos
2015-07-30,64700,2016-03-31,1,26328000000,0.090,,,,,1542000000,0.316,1514000000,0.309,,1020000000,,35.57,35.47,,,,,104581000000,58700000000,0.553,2015.85,57834000000,,,,,,,,,,,,true,false,3,2015-04-01,2015-06-30,0
2015-07-30,64700,2015-03-31,1,24148000000,0.078,,,,,1171000000,0.098,1156000000,-0.107,,787000000,,27.52,27.50,,,,,,,,,,,,,,,,,,,,,true,false,3,2014-04-01,2014-06-30,-1
2015-07-30,64700,2016-03-31,1,53500000000,0.092,,,,,3100000000,0.372,3000000000,0.341,,1800000000,,62.74,,,,,,,,,,,,,,,,,,,,,,true,true,6,2015-04-01,2015-09-30,0
2015-07-30,64700,2016-03-31,1,110000000000,0.120,,,,,7150000000,0.529,6600000000,0.327,,4200000000,,146.40,,,,,,,,,,,,,,,,,,,,,,true,true,12,2015-04-01,2016-03-31,0
2015-07-30,64700,2015-03-31,1,,,,,,,,,,,,,,,,,,,,103944000000,58006000000,0.550,1992.49,57160000000,,,,,,,,,,,,true,false,12,2014-04-01,2015-03-31,-1
2015-07-30,64700,2015-03-31,1,,,,,,,,,,,,,,,,,,,,,,,,,,,,,33.00,,,,28842457,154652,,false,false,12,2014-04-01,2015-03-31,-1
2015-07-30,64700,2016-03-31,1,,,,,,,,,,,,,,,,,,,,,,,,,,,,,36.00,,,,,,,false,true,12,2015-04-01,2016-03-31,0
2015-07-30,64700,2016-03-31,1,,,,,,,,,,,,,,,,,,,,,,,,,,,,,,,,,28844457,154856,28689170,false,false,3,2015-04-01,2015-06-30,0
2015-07-30,64700,2015-03-31,1,,,,,,,,,,,,,,,,,,,,,,,,,,,,,,,,,,,28612061,false,false,3,2014-04-01,2014-06-30,-1
2015-10-29,64700,2016-03-31,2,52686000000,0.075,,,,,2884000000,0.276,2846000000,0.272,,1660000000,,57.87,57.73,,,,,101191000000,59170000000,0.576,2032.20,58302000000,,,,,,,,,,,,true,false,6,2015-04-01,2015-09-30,0
2015-10-29,64700,2015-03-31,2,49006000000,0.077,,,,,2260000000,0.094,2237000000,-0.055,,1411000000,,49.30,49.26,,,,,,,,,,,,,,,,,,,,,true,false,6,2014-04-01,2014-09-30,-1
2015-10-29,64700,2016-03-31,2,108000000000,0.100,,,,,6500000000,0.390,6500000000,0.307,,3100000000,,108.05,,,,,,,,,,,,,,,,,,,,,,true,true,12,2015-04-01,2016-03-31,0
2015-10-29,64700,2015-03-31,2,,,,,,,,,,,,,,,,,,,,103944000000,58006000000,0.550,1992.49,57160000000,,,,,,,,,,,,true,false,12,2014-04-01,2015-03-31,-1
2015-10-29,64700,2015-03-31,2,,,,,,,,,,,,,,,,,,,,,,,,,,,,,33.00,,,,28842457,154652,,false,false,12,2014-04-01,2015-03-31,-1
2015-10-29,64700,2016-03-31,2,,,,,,,,,,,,,,,,,,,,,,,,,,,,,18.00,,,,,,,false,false,12,2015-04-01,2016-03-31,0
2015-10-29,64700,2016-03-31,2,,,,,,,,,,,,,,,,,,,,,,,,,,,,,36.00,,,,,,,false,true,12,2015-04-01,2016-03-31,0
2015-10-29,64700,2016-03-31,2,,,,,,,,,,,,,,,,,,,,,,,,,,,,,,,,,28844457,154934,28689332,false,false,6,2015-04-01,2015-09-30,0
2015-10-29,64700,2015-03-31,2,,,,,,,,,,,,,,,,,,,,,,,,,,,,,,,,,,,28625674,false,false,6,2014-04-01,2014-09-30,-1
2015-10-29,64700,2016-03-31,,108000000000,-0.018,,,,,6500000000,-0.091,6500000000,-0.015,,3100000000,,108.05,,,,,,,,,,,,,,,,,,,,,,true,true,12,2015-04-01,2016-03-31,0
2015-10-29,64700,2015-03-31,,98221000000,,,,,,4675000000,,4973000000,,,3194000000,,111.51,,,,,,,,,,,,,,,,,,,,,,true,false,12,2014-04-01,2015-03-31,-1
2016-02-02,64700,2016-03-31,3,79211000000,0.085,,,,,4673000000,0.376,4421000000,0.241,,2799000000,,97.57,97.35,,,,,100898000000,58744000000,0.574,2018.58,57911000000,,,,,,,,,,,,true,false,9,2015-04-01,2015-12-31,0
2016-02-02,64700,2015-03-31,3,72972000000,0.059,,,,,3396000000,0.094,3563000000,0.037,,2236000000,,78.09,78.04,,,,,,,,,,,,,,,,,,,,,true,false,9,2014-04-01,2014-12-31,-1
2016-02-02,64700,2016-03-31,3,108000000000,0.100,,,,,6500000000,0.390,6500000000,0.307,,3100000000,,108.05,,,,,,,,,,,,,,,,,,,,,,true,true,12,2015-04-01,2016-03-31,0
2016-02-02,64700,2015-03-31,3,,,,,,,,,,,,,,,,,,,,103944000000,58006000000,0.550,1992.49,57160000000,,,,,,,,,,,,true,false,12,2014-04-01,2015-03-31,-1
2016-02-02,64700,2015-03-31,3,,,,,,,,,,,,,,,,,,,,,,,,,,,,,33.00,,,,28842457,154652,,false,false,12,2014-04-01,2015-03-31,-1
2016-02-02,64700,2016-03-31,3,,,,,,,,,,,,,,,,,,,,,,,,,,,,,18.00,,,,,,,false,false,12,2015-04-01,2016-03-31,0
2016-02-02,64700,2016-03-31,3,,,,,,,,,,,,,,,,,,,,,,,,,,,,,36.00,,,,,,,false,true,12,2015-04-01,2016-03-31,0
2016-02-02,64700,2016-03-31,3,,,,,,,,,,,,,,,,,,,,,,,,,,,,,,,,,28844457,155144,28689354,false,false,9,2015-04-01,2015-12-31,0
2016-02-02,64700,2015-03-31,3,,,,,,,,,,,,,,,,,,,,,,,,,,,,,,,,,,,28636671,false,false,9,2014-04-01,2014-12-31,-1
2016-04-27,64700,2016-03-31,,107288000000,0.092,,,,,6629000000,0.418,6297000000,0.266,,3772000000,,131.48,131.26,0.065,0.060,0.062,,104906000000,59173000000,0.556,2033.12,58328000000,10474000000,-8493000000,-2057000000,12571000000,,0.297,,,,,,true,false,12,2015-04-01,2016-03-31,0
2016-04-27,64700,2015-03-31,,98221000000,0.049,,,,,4675000000,0.123,4973000000,0.118,,3194000000,,111.51,111.44,0.058,0.049,0.048,,103944000000,58006000000,0.550,1992.49,57160000000,8858000000,-8940000000,-5301000000,12711000000,,0.296,,,,,,true,false,12,2014-04-01,2015-03-31,-1
2016-04-27,64700,2017-03-31,,52500000000,-0.004,,,,,2900000000,0.005,2900000000,0.019,,1700000000,,59.26,,,,,,,,,,,,,,,,,,,,,,true,true,6,2016-04-01,2016-09-30,1
2016-04-27,64700,2017-03-31,,109000000000,0.016,,,,,6900000000,0.041,6400000000,0.016,,3900000000,,135.94,,,,,,,,,,,,,,,,0.294,,,,,,true,true,12,2016-04-01,2017-03-31,1
2016-04-27,64700,2016-03-31,,58922000000,0.023,,,,,2423000000,0.558,3599000000,0.329,1899000000,,0.012,66.19,66.08,,,,,75016000000,42738000000,0.568,1485.81,42626000000,,,,,39.00,,,,28844457,155341,28689329,false,false,12,2015-04-01,2016-03-31,0
2016-04-27,64700,2015-03-31,,57608000000,0.038,,,,,1555000000,-0.037,2709000000,0.047,1876000000,,-0.032,65.50,65.47,,,,,74113000000,42113000000,0.567,1465.58,42044000000,,,,,33.00,,,,28842457,154652,28647306,false,false,12,2014-04-01,2015-03-31,-1
2016-04-27,64700,2017-03-31,,,,,,,,,,,,,,,,,,,,,,,,,,,,,,40.00,,,,,,,false,true,12,2016-04-01,2017-03-31,1
2016-07-28,64700,2017-03-31,1,26406000000,0.003,,,,,1357000000,-0.120,1187000000,-0.216,,839000000,,29.25,,,,,,101282000000,58100000000,0.565,1995.63,57252000000,,,,,,,,,,,,true,false,3,2016-04-01,2016-06-30,0
2016-07-28,64700,2016-03-31,1,26328000000,0.090,,,,,1542000000,0.316,1514000000,0.309,,1020000000,,35.57,35.47,,,,,,,,,,,,,,,,,,,,,true,false,3,2015-04-01,2015-06-30,-1
2016-07-28,64700,2017-03-31,1,52500000000,-0.004,,,,,2900000000,0.005,2900000000,0.019,,1700000000,,59.26,,,,,,,,,,,,,,,,,,,,,,true,true,6,2016-04-01,2016-09-30,0
2016-07-28,64700,2017-03-31,1,109000000000,0.016,,,,,6900000000,0.041,6400000000,0.016,,3900000000,,135.94,,,,,,,,,,,,,,,,,,,,,,true,true,12,2016-04-01,2017-03-31,0
2016-07-28,64700,2016-03-31,1,,,,,,,,,,,,,,,,,,,,104906000000,59173000000,0.556,2033.12,58328000000,,,,,,,,,,,,true,false,12,2015-04-01,2016-03-31,-1
2016-07-28,64700,2016-03-31,1,,,,,,,,,,,,,,,,,,,,,,,,,,,,,39.00,,,,28844457,155341,,false,false,12,2015-04-01,2016-03-31,-1
2016-07-28,64700,2017-03-31,1,,,,,,,,,,,,,,,,,,,,,,,,,,,,,40.00,,,,,,,false,true,12,2016-04-01,2017-03-31,0
2016-07-28,64700,2017-03-31,1,,,,,,,,,,,,,,,,,,,,,,,,,,,,,,,,,28844457,155376,28689098,false,false,3,2016-04-01,2016-06-30,0
2016-07-28,64700,2016-03-31,1,,,,,,,,,,,,,,,,,,,,,,,,,,,,,,,,,,,28689170,false,false,3,2015-04-01,2015-06-30,-1
2016-10-27,64700,2017-03-31,2,53926000000,0.024,,,,,3369000000,0.168,3028000000,0.064,,2130000000,,74.26,,,,,,113801000000,57655000000,0.499,1979.71,56831000000,,,,,,,,,,,,true,false,6,2016-04-01,2016-09-30,0
2016-10-27,64700,2016-03-31,2,52686000000,0.075,,,,,2884000000,0.276,2846000000,0.272,,1660000000,,57.87,57.73,,,,,,,,,,,,,,,,,,,,,true,false,6,2015-04-01,2015-09-30,-1
2016-10-27,64700,2017-03-31,2,109000000000,0.016,,,,,6900000000,0.041,6400000000,0.016,,3900000000,,135.94,,,,,,,,,,,,,,,,,,,,,,true,true,12,2016-04-01,2017-03-31,0
2016-10-27,64700,2016-03-31,2,,,,,,,,,,,,,,,,,,,,104906000000,59173000000,0.556,2033.12,58328000000,,,,,,,,,,,,true,false,12,2015-04-01,2016-03-31,-1
2016-10-27,64700,2016-03-31,2,,,,,,,,,,,,,,,,,,,,,,,,,,,,,39.00,,,,28844457,155341,,false,false,12,2015-04-01,2016-03-31,-1
2016-10-27,64700,2017-03-31,2,,,,,,,,,,,,,,,,,,,,,,,,,,,,,19.00,,,,,,,false,false,12,2016-04-01,2017-03-31,0
2016-10-27,64700,2017-03-31,2,,,,,,,,,,,,,,,,,,,,,,,,,,,,,40.00,,,,,,,false,true,12,2016-04-01,2017-03-31,0
2016-10-27,64700,2017-03-31,2,,,,,,,,,,,,,,,,,,,,,,,,,,,,,,,,,28862457,155463,28691636,false,false,6,2016-04-01,2016-09-30,0
2016-10-27,64700,2016-03-31,2,,,,,,,,,,,,,,,,,,,,,,,,,,,,,,,,,,,28689332,false,false,6,2015-04-01,2015-09-30,-1
2017-02-01,64700,2017-03-31,3,81159000000,0.025,,,,,4928000000,0.055,4671000000,0.057,,3217000000,,112.04,111.96,,,,,113323000000,58587000000,0.510,1999.82,57770000000,,,,,,,,,,,,true,false,9,2016-04-01,2016-12-31,0
2017-02-01,64700,2016-03-31,3,79211000000,0.085,,,,,4673000000,0.376,4421000000,0.241,,2799000000,,97.57,97.35,,,,,,,,,,,,,,,,,,,,,true,false,9,2015-04-01,2015-12-31,-1
2017-02-01,64700,2017-03-31,3,108200000000,0.008,,,,,6350000000,-0.042,6200000000,-0.015,,3900000000,,135.94,,,,,,,,,,,,,,,,,,,,,,true,true,12,2016-04-01,2017-03-31,0
2017-02-01,64700,2016-03-31,3,,,,,,,,,,,,,,,,,,,,104906000000,59173000000,0.556,2033.12,58328000000,,,,,,,,,,,,true,false,12,2015-04-01,2016-03-31,-1
2017-02-01,64700,2016-03-31,3,,,,,,,,,,,,,,,,,,,,,,,,,,,,,39.00,,,,28844457,155341,,false,false,12,2015-04-01,2016-03-31,-1
2017-02-01,64700,2017-03-31,3,,,,,,,,,,,,,,,,,,,,,,,,,,,,,19.00,,,,,,,false,false,12,2016-04-01,2017-03-31,0
2017-02-01,64700,2017-03-31,3,,,,,,,,,,,,,,,,,,,,,,,,,,,,,40.00,,,,,,,false,true,12,2016-04-01,2017-03-31,0
2017-02-01,64700,2017-03-31,3,,,,,,,,,,,,,,,,,,,,,,,,,,,,,,,,,29043457,155657,28721520,false,false,9,2016-04-01,2016-12-31,0
2017-02-01,64700,2016-03-31,3,,,,,,,,,,,,,,,,,,,,,,,,,,,,,,,,,,,28689354,false,false,9,2015-04-01,2015-12-31,-1
2017-04-27,64700,2017-03-31,,108953000000,0.016,,,,,6357000000,-0.041,6265000000,-0.005,,4454000000,,154.86,154.67,0.075,0.057,0.058,,113586000000,61790000000,0.537,2108.26,60957000000,8641000000,-7416000000,5951000000,19694000000,,0.278,,,,,,true,false,12,2016-04-01,2017-03-31,0
2017-04-27,64700,2016-03-31,,107288000000,0.092,,,,,6629000000,0.418,6297000000,0.266,,3772000000,,131.48,131.26,0.065,0.060,0.062,,104906000000,59173000000,0.556,2033.12,58328000000,10474000000,-8493000000,-2057000000,12571000000,,0.297,,,,,,true,false,12,2015-04-01,2016-03-31,-1
2017-04-27,64700,2018-03-31,,54300000000,0.007,,,,,3000000000,-0.110,3000000000,-0.009,,1950000000,,67.44,,,,,,,,,,,,,,,,,,,,,,true,true,6,2017-04-01,2017-09-30,1
2017-04-27,64700,2018-03-31,,110000000000,0.010,,,,,6100000000,-0.041,6000000000,-0.042,,4000000000,,138.34,,,,,,,,,,,,,,,,0.311,,,,,,true,true,12,2017-04-01,2018-03-31,1
2017-04-27,64700,2017-03-31,,58456000000,-0.008,,,,,1416000000,-0.416,3210000000,-0.108,2802000000,,0.476,97.41,97.29,,,,,85382000000,44842000000,0.524,1546.80,44723000000,,,,,43.00,,,,29069457,155695,28764038,false,false,12,2016-04-01,2017-03-31,0
2017-04-27,64700,2016-03-31,,58922000000,0.023,,,,,2423000000,0.558,3599000000,0.329,1899000000,,0.012,66.19,66.08,,,,,75016000000,42738000000,0.568,1485.81,42626000000,,,,,39.00,,,,28844457,155341,28689329,false,false,12,2015-04-01,2016-03-31,-1
2017-04-27,64700,2018-03-31,,,,,,,,,,,,,,,,,,,,,,,,,,,,,,43.00,,,,,,,false,true,12,2017-04-01,2018-03-31,1
2017-07-27,64700,2018-03-31,1,28526000000,0.080,,,,,1881000000,0.386,1873000000,0.578,,1431000000,,49.52,49.40,,,,,114567000000,62213000000,0.535,2120.66,61316000000,,,,,,,,,,,,true,false,3,2017-04-01,2017-06-30,0
2017-07-27,64700,2017-03-31,1,26406000000,0.003,,,,,1357000000,-0.120,1187000000,-0.216,,839000000,,29.25,,,,,,,,,,,,,,,,,,,,,,true,false,3,2016-04-01,2016-06-30,-1
2017-07-27,64700,2018-03-31,1,54300000000,0.007,,,,,3000000000,-0.110,3000000000,-0.009,,1950000000,,67.44,,,,,,,,,,,,,,,,,,,,,,true,true,6,2017-04-01,2017-09-30,0
2017-07-27,64700,2018-03-31,1,110000000000,0.010,,,,,6100000000,-0.041,6000000000,-0.042,,4000000000,,138.34,,,,,,,,,,,,,,,,,,,,,,true,true,12,2017-04-01,2018-03-31,0
2017-07-27,64700,2017-03-31,1,,,,,,,,,,,,,,,,,,,,113586000000,61790000000,0.537,2108.26,60957000000,,,,,,,,,,,,true,false,12,2016-04-01,2017-03-31,-1
2017-07-27,64700,2017-03-31,1,,,,,,,,,,,,,,,,,,,,,,,,,,,,,43.00,,,,29069457,155695,,false,false,12,2016-04-01,2017-03-31,-1
2017-07-27,64700,2018-03-31,1,,,,,,,,,,,,,,,,,,,,,,,,,,,,,43.00,,,,,,,false,true,12,2017-04-01,2018-03-31,0
2017-07-27,64700,2018-03-31,1,,,,,,,,,,,,,,,,,,,,,,,,,,,,,,,,,29069457,155735,28913752,false,false,3,2017-04-01,2017-06-30,0
2017-07-27,64700,2017-03-31,1,,,,,,,,,,,,,,,,,,,,,,,,,,,,,,,,,,,28689098,false,false,3,2016-04-01,2016-06-30,-1
2017-10-30,64700,2018-03-31,2,57158000000,0.060,,,,,3689000000,0.095,3715000000,0.227,,2693000000,,93.13,92.86,,,,,116190000000,63830000000,0.542,2175.08,62924000000,,,,,,,,,,,,true,false,6,2017-04-01,2017-09-30,0
2017-10-30,64700,2017-03-31,2,53926000000,0.024,,,,,3369000000,0.168,3028000000,0.064,,2130000000,,74.26,,,,,,,,,,,,,,,,,,,,,,true,false,6,2016-04-01,2016-09-30,-1
2017-10-30,64700,2018-03-31,2,110000000000,0.010,,,,,6100000000,-0.041,6000000000,-0.042,,4000000000,,138.34,,,,,,,,,,,,,,,,,,,,,,true,true,12,2017-04-01,2018-03-31,0
2017-10-30,64700,2017-03-31,2,,,,,,,,,,,,,,,,,,,,113586000000,61790000000,0.537,2108.26,60957000000,,,,,,,,,,,,true,false,12,2016-04-01,2017-03-31,-1
2017-10-30,64700,2017-03-31,2,,,,,,,,,,,,,,,,,,,,,,,,,,,,,43.00,,,,29069457,155695,,false,false,12,2016-04-01,2017-03-31,-1
2017-10-30,64700,2018-03-31,2,,,,,,,,,,,,,,,,,,,,,,,,,,,,,22.00,,,,,,,false,false,12,2017-04-01,2018-03-31,0
2017-10-30,64700,2018-03-31,2,,,,,,,,,,,,,,,,,,,,,,,,,,,,,45.00,,,,,,,false,true,12,2017-04-01,2018-03-31,0
2017-10-30,64700,2018-03-31,2,,,,,,,,,,,,,,,,,,,,,,,,,,,,,,,,,29085457,155844,28916856,false,false,6,2017-04-01,2017-09-30,0
2017-10-30,64700,2017-03-31,2,,,,,,,,,,,,,,,,,,,,,,,,,,,,,,,,,,,28691636,false,false,6,2016-04-01,2016-09-30,-1
2018-02-01,64700,2018-03-31,3,85526000000,0.054,,,,,5378000000,0.091,5460000000,0.169,,3897000000,,134.76,134.32,,,,,116431000000,65156000000,0.551,2216.38,64176000000,,,,,,,,,,,,true,false,9,2017-04-01,2017-12-31,0
2018-02-01,64700,2017-03-31,3,81159000000,0.025,,,,,4928000000,0.055,4671000000,0.057,,3217000000,,112.04,111.96,,,,,,,,,,,,,,,,,,,,,true,false,9,2016-04-01,2016-12-31,-1
2018-02-01,64700,2018-03-31,3,114000000000,0.046,,,,,6600000000,0.038,6500000000,0.038,,4300000000,,148.50,,,,,,,,,,,,,,,,,,,,,,true,true,12,2017-04-01,2018-03-31,0
2018-02-01,64700,2017-03-31,3,,,,,,,,,,,,,,,,,,,,113586000000,61790000000,0.537,2108.26,60957000000,,,,,,,,,,,,true,false,12,2016-04-01,2017-03-31,-1
2018-02-01,64700,2017-03-31,3,,,,,,,,,,,,,,,,,,,,,,,,,,,,,43.00,,,,29069457,155695,,false,false,12,2016-04-01,2017-03-31,-1
2018-02-01,64700,2018-03-31,3,,,,,,,,,,,,,,,,,,,,,,,,,,,,,22.00,,,,,,,false,false,12,2017-04-01,2018-03-31,0
2018-02-01,64700,2018-03-31,3,,,,,,,,,,,,,,,,,,,,,,,,,,,,,45.00,,,,,,,false,true,12,2017-04-01,2018-03-31,0
2018-02-01,64700,2018-03-31,3,,,,,,,,,,,,,,,,,,,,,,,,,,,,,,,,,29111457,155886,28925575,false,false,9,2017-04-01,2017-12-31,0
2018-02-01,64700,2017-03-31,3,,,,,,,,,,,,,,,,,,,,,,,,,,,,,,,,,,,28721520,false,false,9,2016-04-01,2016-12-31,-1
2018-04-26,64700,2018-03-31,,114665000000,0.052,,,,,6800000000,0.070,6785000000,0.083,,4254000000,,147.06,146.57,0.068,0.059,0.059,,115884000000,65909000000,0.561,2244.79,65014000000,8011000000,-9455000000,-3563000000,14795000000,,0.306,,,,,,true,false,12,2017-04-01,2018-03-31,0
2018-04-26,64700,2017-03-31,,108953000000,0.016,,,,,6357000000,-0.041,6265000000,-0.005,,4454000000,,154.86,154.67,0.075,0.057,0.058,,113586000000,61790000000,0.537,2108.26,60957000000,8641000000,-7416000000,5951000000,19694000000,,0.278,,,,,,true,false,12,2016-04-01,2017-03-31,-1
2018-04-26,64700,2019-03-31,,58700000000,0.027,,,,,2900000000,-0.214,2850000000,-0.233,,1900000000,,65.60,,,,,,,,,,,,,,,,,,,,,,true,true,6,2018-04-01,2018-09-30,1
2018-04-26,64700,2019-03-31,,115000000000,0.003,,,,,5800000000,-0.147,5700000000,-0.160,,4000000000,,138.11,,,,,,,,,,,,,,,,0.304,,,,,,true,true,12,2018-04-01,2019-03-31,1
2018-04-26,64700,2018-03-31,,61921000000,0.059,,,,,1285000000,-0.093,3718000000,0.159,3308000000,,0.181,114.35,113.97,,,,,84210000000,47009000000,0.557,1618.84,46885000000,,,,,45.00,,,,29121457,159119,28934312,false,false,12,2017-04-01,2018-03-31,0
2018-04-26,64700,2017-03-31,,58456000000,-0.008,,,,,1416000000,-0.416,3210000000,-0.108,2802000000,,0.476,97.41,97.29,,,,,85382000000,44842000000,0.524,1546.80,44723000000,,,,,43.00,,,,29069457,155695,28764038,false,false,12,2016-04-01,2017-03-31,-1
2018-04-26,64700,2019-03-31,,,,,,,,,,,,,,,,,,,,,,,,,,,,,,42.00,,,,,,,false,true,12,2018-04-01,2019-03-31,1
2018-07-30,64700,2019-03-31,1,28133000000,-0.014,,,,,1117000000,-0.406,1152000000,-0.385,,869000000,,30.02,29.95,,,,,114081000000,65317000000,0.564,2221.17,64386000000,,,,,,,,,,,,true,false,3,2018-04-01,2018-06-30,0
2018-07-30,64700,2018-03-31,1,28526000000,0.080,,,,,1881000000,0.386,1873000000,0.578,,1431000000,,49.52,49.40,,,,,,,,,,,,,,,,,,,,,true,false,3,2017-04-01,2017-06-30,-1
2018-07-30,64700,2019-03-31,1,58700000000,0.027,,,,,2900000000,-0.214,2850000000,-0.233,,1900000000,,65.60,,,,,,,,,,,,,,,,,,,,,,true,true,6,2018-04-01,2018-09-30,0
2018-07-30,64700,2019-03-31,1,115000000000,0.003,,,,,5800000000,-0.147,5700000000,-0.160,,4000000000,,138.11,,,,,,,,,,,,,,,,,,,,,,true,true,12,2018-04-01,2019-03-31,0
2018-07-30,64700,2018-03-31,1,,,,,,,,,,,,,,,,,,,,115884000000,65909000000,0.561,2244.79,65014000000,,,,,,,,,,,,true,false,12,2017-04-01,2018-03-31,-1
2018-07-30,64700,2018-03-31,1,,,,,,,,,,,,,,,,,,,,,,,,,,,,,45.00,,,,29121457,159119,,false,false,12,2017-04-01,2018-03-31,-1
2018-07-30,64700,2019-03-31,1,,,,,,,,,,,,,,,,,,,,,,,,,,,,,42.00,,,,,,,false,true,12,2018-04-01,2019-03-31,0
2018-07-30,64700,2019-03-31,1,,,,,,,,,,,,,,,,,,,,,,,,,,,,,,,,,29147457,159949,28968896,false,false,3,2018-04-01,2018-06-30,0
2018-07-30,64700,2018-03-31,1,,,,,,,,,,,,,,,,,,,,,,,,,,,,,,,,,,,28913752,false,false,3,2017-04-01,2017-06-30,-1
2018-10-30,64700,2019-03-31,2,56436000000,-0.013,,,,,2296000000,-0.378,2268000000,-0.390,,1599000000,,55.17,55.08,,,,,113585000000,65910000000,0.572,2238.82,64953000000,,,,,,,,,,,,true,false,6,2018-04-01,2018-09-30,0
2018-10-30,64700,2018-03-31,2,57158000000,0.060,,,,,3689000000,0.095,3715000000,0.227,,2693000000,,93.13,92.86,,,,,,,,,,,,,,,,,,,,,true,false,6,2017-04-01,2017-09-30,-1
2018-10-30,64700,2019-03-31,2,113000000000,-0.015,,,,,5000000000,-0.265,4900000000,-0.278,,3300000000,,113.74,,,,,,,,,,,,,,,,,,,,,,true,true,12,2018-04-01,2019-03-31,0
2018-10-30,64700,2018-03-31,2,,,,,,,,,,,,,,,,,,,,115884000000,65909000000,0.561,2244.79,65014000000,,,,,,,,,,,,true,false,12,2017-04-01,2018-03-31,-1
2018-10-30,64700,2018-03-31,2,,,,,,,,,,,,,,,,,,,,,,,,,,,,,45.00,,,,29121457,159119,,false,false,12,2017-04-01,2018-03-31,-1
2018-10-30,64700,2019-03-31,2,,,,,,,,,,,,,,,,,,,,,,,,,,,,,17.00,,,,,,,false,false,12,2018-04-01,2019-03-31,0
2018-10-30,64700,2019-03-31,2,,,,,,,,,,,,,,,,,,,,,,,,,,,,,35.00,,,,,,,false,true,12,2018-04-01,2019-03-31,0
2018-10-30,64700,2019-03-31,2,,,,,,,,,,,,,,,,,,,,,,,,,,,,,,,,,29172457,160035,28983992,false,false,6,2018-04-01,2018-09-30,0
2018-10-30,64700,2018-03-31,2,,,,,,,,,,,,,,,,,,,,,,,,,,,,,,,,,,,28916856,false,false,6,2017-04-01,2017-09-30,-1
,64700,2019-03-31,,,,,,,,,,,,,,,,,,,,,,,,,,,,,,35.00,,,,,,,false,true,12,2018-04-01,2019-03-31,0
,64700,2019-03-31,,,,,,,,,,,,,,,,,,,,,,,,,,,,,,17.00,,,,,,,false,false,12,2018-04-01,2019-03-31,0
,64700,2018-03-31,,,,,,,,,,,,,,,,,,,,,,,,,,,,,,45.00,,,,,,,false,false,12,2017-04-01,2018-03-31,-1
2018-10-30,64700,2019-03-31,,113000000000,-0.017,,,,,5000000000,-0.138,4900000000,-0.140,,3300000000,,113.74,,,,,,,,,,,,,,,,,,,,,,true,true,12,2018-04-01,2019-03-31,0
2018-10-30,64700,2018-03-31,,114665000000,,,,,,6800000000,,6785000000,,,4254000000,,147.06,,,,,,,,,,,,,,,,,,,,,,true,false,12,2017-04-01,2018-03-31,-1
2019-01-31,64700,2019-03-31,3,85556000000,0.000,,,,,3917000000,-0.272,3844000000,-0.296,,2565000000,,88.50,88.41,,,,,110927000000,66543000000,0.590,2257.37,65491000000,,,,,,,,,,,,true,false,9,2018-04-01,2018-12-31,0
2019-01-31,64700,2018-03-31,3,85526000000,0.054,,,,,5378000000,0.091,5460000000,0.169,,3897000000,,134.76,134.32,,,,,,,,,,,,,,,,,,,,,true,false,9,2017-04-01,2017-12-31,-1
2019-01-31,64700,2019-03-31,3,113000000000,-0.015,,,,,5000000000,-0.265,4900000000,-0.278,,3300000000,,113.74,,,,,,,,,,,,,,,,,,,,,,true,true,12,2018-04-01,2019-03-31,0
2019-01-31,64700,2018-03-31,3,,,,,,,,,,,,,,,,,,,,115884000000,65909000000,0.561,2244.79,65014000000,,,,,,,,,,,,true,false,12,2017-04-01,2018-03-31,-1
2019-01-31,64700,2018-03-31,3,,,,,,,,,,,,,,,,,,,,,,,,,,,,,45.00,,,,29121457,159119,,false,false,12,2017-04-01,2018-03-31,-1
2019-01-31,64700,2019-03-31,3,,,,,,,,,,,,,,,,,,,,,,,,,,,,,17.00,,,,,,,false,false,12,2018-04-01,2019-03-31,0
2019-01-31,64700,2019-03-31,3,,,,,,,,,,,,,,,,,,,,,,,,,,,,,35.00,,,,,,,false,true,12,2018-04-01,2019-03-31,0
2019-01-31,64700,2019-03-31,3,,,,,,,,,,,,,,,,,,,,,,,,,,,,,,,,,29172457,160203,28992494,false,false,9,2018-04-01,2018-12-31,0
2019-01-31,64700,2018-03-31,3,,,,,,,,,,,,,,,,,,,,,,,,,,,,,,,,,,,28925575,false,false,9,2017-04-01,2017-12-31,-1
2019-04-25,64700,2019-03-31,,113419000000,-0.011,,,,,4815000000,-0.292,4705000000,-0.306,,3087000000,,106.48,106.41,0.047,0.041,0.043,,111856000000,66349000000,0.585,2255.74,65444000000,10517000000,-9519000000,-3396000000,12199000000,,0.301,,,,,,true,false,12,2018-04-01,2019-03-31,0
2019-04-25,64700,2018-03-31,,114665000000,0.052,,,,,6800000000,0.070,6785000000,0.083,,4254000000,,147.06,146.57,0.068,0.059,0.059,,115884000000,65909000000,0.561,2244.79,65014000000,8011000000,-9455000000,-3563000000,14795000000,,0.306,,,,,,true,false,12,2017-04-01,2018-03-31,-1
2019-04-25,64700,2020-03-31,,54000000000,-0.043,,,,,1600000000,-0.303,1600000000,-0.295,,1000000000,,34.49,,,,,,,,,,,,,,,,,,,,,,true,true,6,2019-04-01,2019-09-30,1
2019-04-25,64700,2020-03-31,,110000000000,-0.030,,,,,3300000000,-0.315,3200000000,-0.320,,2200000000,,75.87,,,,,,,,,,,,,,,,,,,,,,true,true,12,2019-04-01,2020-03-31,1
2019-04-25,64700,2019-03-31,,60844000000,-0.017,,,,,719000000,-0.440,3007000000,-0.191,2722000000,,-0.177,93.89,93.84,,,,,81769000000,48516000000,0.591,1666.84,48358000000,,,,,32.00,,,,29172457,160203,28997053,false,false,12,2018-04-01,2019-03-31,0
2019-04-25,64700,2018-03-31,,61921000000,0.059,,,,,1285000000,-0.093,3718000000,0.159,3308000000,,0.181,114.35,113.97,,,,,84210000000,47009000000,0.557,1618.84,46885000000,,,,,45.00,,,,29121457,159119,28934312,false,false,12,2017-04-01,2018-03-31,-1
2019-04-25,64700,2019-03-31,,113419000000,-0.011,,,,,4837000000,-0.257,4727000000,-0.273,,2626000000,,90.57,90.51,0.042,0.042,0.043,,109635000000,64148000000,0.577,2179.88,63243000000,10517000000,-9519000000,-3396000000,12199000000,,0.353,,,,,,true,false,12,2018-04-01,2019-03-31,0
2019-04-25,64700,2018-03-31,,114665000000,0.052,,,,,6514000000,0.025,6499000000,0.037,,2497000000,,86.32,86.04,0.040,0.057,0.057,,114133000000,64138000000,0.554,2183.61,63242000000,8011000000,-9455000000,-3563000000,14795000000,,0.521,,,,,,true,false,12,2017-04-01,2018-03-31,-1
2019-04-25,64700,2020-03-31,,54000000000,-0.043,,,,,1600000000,-0.303,1600000000,-0.295,,1000000000,,34.49,,,,,,,,,,,,,,,,,,,,,,true,true,6,2019-04-01,2019-09-30,1
2019-04-25,64700,2020-03-31,,110000000000,-0.030,,,,,3300000000,-0.315,3200000000,-0.320,,2200000000,,75.87,,,,,,,,,,,,,,,,,,,,,,true,true,12,2019-04-01,2020-03-31,1
2019-04-25,64700,2019-03-31,,60844000000,-0.017,,,,,719000000,-0.440,3007000000,-0.191,1026000000,,1.208,35.42,35.40,,,,,79246000000,43977000000,0.553,1510.38,43819000000,,,,,32.00,,,,29172457,160203,28997053,false,false,12,2018-04-01,2019-03-31,0
2019-04-25,64700,2018-03-31,,61921000000,0.059,,,,,1285000000,-0.093,3718000000,0.159,465000000,,-0.834,16.07,16.02,,,,,83339000000,44166000000,0.528,1520.67,44042000000,,,,,45.00,,,,29121457,159119,28934312,false,false,12,2017-04-01,2018-03-31,-1
2019-09-30,64700,2020-03-31,1,26583000000,-0.055,,,,,754000000,-0.303,645000000,-0.423,,542000000,,18.71,,,,,,109301000000,64567000000,0.582,2191.85,63590000000,,,,,,,,,,,,true,false,3,2019-04-01,2019-06-30,0
2019-09-30,64700,2019-03-31,1,28133000000,-0.014,,,,,1082000000,-0.378,1117000000,-0.355,,820000000,,28.34,28.27,,,,,,,,,,,,,,,,,,,,,true,false,3,2018-04-01,2018-06-30,-1
2019-09-30,64700,2020-03-31,1,54000000000,-0.043,,,,,1600000000,-0.277,1600000000,-0.268,,1000000000,,34.49,,,,,,,,,,,,,,,,,,,,,,true,true,6,2019-04-01,2019-09-30,0
2019-09-30,64700,2020-03-31,1,110000000000,-0.030,,,,,3300000000,-0.318,3200000000,-0.323,,2200000000,,75.87,,,,,,,,,,,,,,,,,,,,,,true,true,12,2019-04-01,2020-03-31,0
2019-09-30,64700,2019-03-31,1,,,,,,,,,,,,,,,,,,,,109635000000,64148000000,0.577,2179.88,63243000000,,,,,,,,,,,,true,false,12,2018-04-01,2019-03-31,-1
2019-09-30,64700,2019-03-31,1,,,,,,,,,,,,,,,,,,,,,,,,,,,,,32.00,,,,29172457,160203,,false,false,12,2018-04-01,2019-03-31,-1
2019-09-30,64700,2020-03-31,1,,,,,,,,,,,,,,,,,,,,,,,,,,,,,,,,,29172457,160203,29012254,false,false,3,2019-04-01,2019-06-30,0
2019-09-30,64700,2019-03-31,1,,,,,,,,,,,,,,,,,,,,,,,,,,,,,,,,,,,28968896,false,false,3,2018-04-01,2018-06-30,-1
2019-10-30,64700,2020-03-31,2,52395000000,-0.072,,,,,1603000000,-0.276,1433000000,-0.344,,919000000,,31.71,,,,,,106619000000,64382000000,0.594,2184.22,63368000000,,,,,,,,,,,,true,false,6,2019-04-01,2019-09-30,0
2019-10-30,64700,2019-03-31,2,56436000000,-0.013,,,,,2214000000,-0.371,2186000000,-0.384,,1329000000,,45.86,45.79,,,,,,,,,,,,,,,,,,,,,true,false,6,2018-04-01,2018-09-30,-1
2019-10-30,64700,2020-03-31,2,110000000000,-0.030,,,,,3300000000,-0.318,3200000000,-0.323,,2200000000,,75.87,,,,,,,,,,,,,,,,,,,,,,true,true,12,2019-04-01,2020-03-31,0
2019-10-30,64700,2019-03-31,2,,,,,,,,,,,,,,,,,,,,109635000000,64148000000,0.577,2179.88,63243000000,,,,,,,,,,,,true,false,12,2018-04-01,2019-03-31,-1
2019-10-30,64700,2019-03-31,2,,,,,,,,,,,,,,,,,,,,,,,,,,,,,32.00,,,,29172457,160203,,false,false,12,2018-04-01,2019-03-31,-1
2019-10-30,64700,2020-03-31,2,,,,,,,,,,,,,,,,,,,,,,,,,,,,,15.00,,,,,,,false,false,12,2019-04-01,2020-03-31,0
2019-10-30,64700,2020-03-31,2,,,,,,,,,,,,,,,,,,,,,,,,,,,,,,,,,29172457,160283,29012220,false,false,6,2019-04-01,2019-09-30,0
2019-10-30,64700,2019-03-31,2,,,,,,,,,,,,,,,,,,,,,,,,,,,,,,,,,,,28983992,false,false,6,2018-04-01,2018-09-30,-1
2020-01-30,64700,2020-03-31,3,77897000000,-0.090,,,,,2237000000,-0.426,2134000000,-0.442,,1283000000,,44.23,,,,,,105418000000,63923000000,0.596,2166.79,62863000000,,,,,,,,,,,,true,false,9,2019-04-01,2019-12-31,0
2020-01-30,64700,2019-03-31,3,85556000000,0.000,,,,,3897000000,-0.235,3823000000,-0.261,,2078000000,,71.71,71.63,,,,,,,,,,,,,,,,,,,,,true,false,9,2018-04-01,2018-12-31,-1
2020-01-30,64700,2020-03-31,3,105000000000,-0.074,,,,,2400000000,-0.504,2300000000,-0.514,,1200000000,,41.36,,,,,,,,,,,,,,,,,,,,,,true,true,12,2019-04-01,2020-03-31,0
2020-01-30,64700,2019-03-31,3,,,,,,,,,,,,,,,,,,,,109635000000,64148000000,0.577,2179.88,63243000000,,,,,,,,,,,,true,false,12,2018-04-01,2019-03-31,-1
2020-01-30,64700,2019-03-31,3,,,,,,,,,,,,,,,,,,,,,,,,,,,,,32.00,,,,29172457,160203,,false,false,12,2018-04-01,2019-03-31,-1
2020-01-30,64700,2020-03-31,3,,,,,,,,,,,,,,,,,,,,,,,,,,,,,15.00,,,,,,,false,false,12,2019-04-01,2020-03-31,0
2020-01-30,64700,2020-03-31,3,,,,,,,,,,,,,,,,,,,,,,,,,,,,,24.00,,,,,,,false,true,12,2019-04-01,2020-03-31,0
2020-01-30,64700,2020-03-31,3,,,,,,,,,,,,,,,,,,,,,,,,,,,,,,,,,29172457,160288,29012204,false,false,9,2019-04-01,2019-12-31,0
2020-01-30,64700,2019-03-31,3,,,,,,,,,,,,,,,,,,,,,,,,,,,,,,,,,,,28992494,false,false,9,2018-04-01,2018-12-31,-1
2020-04-28,64700,2020-03-31,,104149000000,-0.082,,,,,2413000000,-0.501,2173000000,-0.540,,991000000,,34.17,,0.016,0.020,0.023,,106299000000,63276000000,0.587,2151.00,62405000000,9795000000,-7495000000,-2863000000,11641000000,,0.702,,,,,,true,false,12,2019-04-01,2020-03-31,0
2020-04-28,64700,2019-03-31,,113419000000,-0.011,,,,,4837000000,-0.257,4727000000,-0.273,,2626000000,,90.57,90.51,0.042,0.042,0.043,,109635000000,64148000000,0.577,2179.88,63243000000,10517000000,-9519000000,-3396000000,12199000000,,0.353,,,,,,true,false,12,2018-04-01,2019-03-31,-1
2020-04-28,64700,2020-03-31,,55773000000,-0.083,,,,,-791000000,,908000000,-0.698,1536000000,,0.496,52.96,,,,,,76872000000,44466000000,0.576,1526.58,44289000000,,,,,24.00,,,,29172457,160288,29012196,false,false,12,2019-04-01,2020-03-31,0
2020-04-28,64700,2019-03-31,,60844000000,-0.017,,,,,719000000,-0.440,3007000000,-0.191,1026000000,,1.208,35.42,35.40,,,,,79246000000,43977000000,0.553,1510.38,43819000000,,,,,32.00,,,,29172457,160203,28997053,false,false,12,2018-04-01,2019-03-31,-1
2020-07-30,64700,2021-03-31,1,19538000000,-0.265,,,,,-1724000000,,-1691000000,,,-1792000000,,-61.77,,,,,,110703000000,60268000000,0.537,2048.58,59433000000,,,,,,,,,,,,true,false,3,2020-04-01,2020-06-30,0
2020-07-30,64700,2020-03-31,1,26583000000,-0.055,,,,,754000000,-0.303,645000000,-0.423,,542000000,,18.71,,,,,,,,,,,,,,,,,,,,,,true,false,3,2019-04-01,2019-06-30,-1
2020-07-30,64700,2021-03-31,1,87000000000,-0.165,,,,,0,,300000000,-0.862,,100000000,,3.45,,,,,,,,,,,,,,,,,,,,,,true,true,12,2020-04-01,2021-03-31,0
2020-07-30,64700,2020-03-31,1,,,,,,,,,,,,,,,,,,,,106299000000,63276000000,0.587,2151.00,62405000000,,,,,,,,,,,,true,false,12,2019-04-01,2020-03-31,-1
2020-07-30,64700,2020-03-31,1,,,,,,,,,,,,,,,,,,,,,,,,,,,,,24.00,,,,29172457,160288,,false,false,12,2019-04-01,2020-03-31,-1
2020-07-30,64700,2021-03-31,1,,,,,,,,,,,,,,,,,,,,,,,,,,,,,,,,,29172457,160296,29012167,false,false,3,2020-04-01,2020-06-30,0
2020-07-30,64700,2020-03-31,1,,,,,,,,,,,,,,,,,,,,,,,,,,,,,,,,,,,29012254,false,false,3,2019-04-01,2019-06-30,-1
2020-10-28,64700,2021-03-31,2,40480000000,-0.227,,,,,-2291000000,,-2258000000,,,-2507000000,,-86.43,,,,,,110137000000,59832000000,0.536,2034.13,59014000000,,,,,,,,,,,,true,false,6,2020-04-01,2020-09-30,0
2020-10-28,64700,2020-03-31,2,52395000000,-0.072,,,,,1603000000,-0.276,1433000000,-0.344,,919000000,,31.71,,,,,,,,,,,,,,,,,,,,,,true,false,6,2019-04-01,2019-09-30,-1
2020-10-28,64700,2021-03-31,2,87000000000,-0.165,,,,,0,,300000000,-0.862,,100000000,,3.45,,,,,,,,,,,,,,,,,,,,,,true,true,12,2020-04-01,2021-03-31,0
2020-10-28,64700,2020-03-31,2,,,,,,,,,,,,,,,,,,,,106299000000,63276000000,0.587,2151.00,62405000000,,,,,,,,,,,,true,false,12,2019-04-01,2020-03-31,-1
2020-10-28,64700,2020-03-31,2,,,,,,,,,,,,,,,,,,,,,,,,,,,,,24.00,,,,29172457,160288,,false,false,12,2019-04-01,2020-03-31,-1
2020-10-28,64700,2021-03-31,2,,,,,,,,,,,,,,,,,,,,,,,,,,,,,8.00,,,,,,,false,false,12,2020-04-01,2021-03-31,0
2020-10-28,64700,2021-03-31,2,,,,,,,,,,,,,,,,,,,,,,,,,,,,,20.00,,,,,,,false,true,12,2020-04-01,2021-03-31,0
2020-10-28,64700,2021-03-31,2,,,,,,,,,,,,,,,,,,,,,,,,,,,,,,,,,29172457,160373,29012142,false,false,6,2020-04-01,2020-09-30,0
2020-10-28,64700,2020-03-31,2,,,,,,,,,,,,,,,,,,,,,,,,,,,,,,,,,,,29012220,false,false,6,2019-04-01,2019-09-30,-1
2021-02-01,64700,2021-03-31,3,66284000000,-0.149,,,,,-965000000,,-953000000,,,-1421000000,,-48.99,,,,,,110898000000,61009000000,0.543,2074.54,60186000000,,,,,,,,,,,,true,false,9,2020-04-01,2020-12-31,0
2021-02-01,64700,2020-03-31,3,77897000000,-0.090,,,,,2237000000,-0.426,2134000000,-0.442,,1283000000,,44.23,,,,,,,,,,,,,,,,,,,,,,true,false,9,2019-04-01,2019-12-31,-1
2021-02-01,64700,2021-03-31,3,92000000000,-0.117,,,,,700000000,-0.710,800000000,-0.632,,300000000,,10.34,,,,,,,,,,,,,,,,,,,,,,true,true,12,2020-04-01,2021-03-31,0
2021-02-01,64700,2020-03-31,3,,,,,,,,,,,,,,,,,,,,106299000000,63276000000,0.587,2151.00,62405000000,,,,,,,,,,,,true,false,12,2019-04-01,2020-03-31,-1
2021-02-01,64700,2020-03-31,3,,,,,,,,,,,,,,,,,,,,,,,,,,,,,24.00,,,,29172457,160288,,false,false,12,2019-04-01,2020-03-31,-1
2021-02-01,64700,2021-03-31,3,,,,,,,,,,,,,,,,,,,,,,,,,,,,,8.00,,,,,,,false,false,12,2020-04-01,2021-03-31,0
2021-02-01,64700,2021-03-31,3,,,,,,,,,,,,,,,,,,,,,,,,,,,,,20.00,,,,,,,false,true,12,2020-04-01,2021-03-31,0
2021-02-01,64700,2021-03-31,3,,,,,,,,,,,,,,,,,,,,,,,,,,,,,,,,,29172457,160373,29012125,false,false,9,2020-04-01,2020-12-31,0
2021-02-01,64700,2020-03-31,3,,,,,,,,,,,,,,,,,,,,,,,,,,,,,,,,,,,29012204,false,false,9,2019-04-01,2019-12-31,-1
2021-04-27,64700,2021-03-31,,92945000000,-0.108,,,,,710000000,-0.706,788000000,-0.637,,300000000,,10.37,,0.005,0.007,0.008,,113726000000,64336000000,0.559,2191.42,63577000000,5440000000,-4932000000,8536000000,20478000000,,1.929,,,,,,true,false,12,2020-04-01,2021-03-31,0
2021-04-27,64700,2020-03-31,,104149000000,-0.082,,,,,2413000000,-0.501,2173000000,-0.540,,991000000,,34.17,,0.016,0.020,0.023,,106299000000,63276000000,0.587,2151.00,62405000000,9795000000,-7495000000,-2863000000,11641000000,,0.702,,,,,,true,false,12,2019-04-01,2020-03-31,-1
2021-04-27,64700,2021-03-31,,48985000000,-0.122,,,,,-1920000000,,-578000000,,-161000000,,,-5.57,,,,,,86032000000,44308000000,0.513,1521.83,44151000000,,,,,20.00,,,,29172457,160454,29012102,false,false,12,2020-04-01,2021-03-31,0
2021-04-27,64700,2020-03-31,,55773000000,-0.083,,,,,-791000000,,908000000,-0.698,1536000000,,0.496,52.96,,,,,,76872000000,44466000000,0.576,1526.58,44289000000,,,,,24.00,,,,29172457,160288,29012196,false,false,12,2019-04-01,2020-03-31,-1
2021-07-29,64700,2022-03-31,1,25514000000,0.306,,,,,1070000000,,1136000000,,,963000000,,33.22,33.04,,,,,116931000000,66205000000,0.559,2253.74,65385000000,,,,,,,,,,,,true,false,3,2021-04-01,2021-06-30,0
2021-07-29,64700,2021-03-31,1,19538000000,-0.265,,,,,-1724000000,,-1691000000,,,-1792000000,,-61.77,,,,,,,,,,,,,,,,,,,,,,true,false,3,2020-04-01,2020-06-30,-1
2021-07-29,64700,2022-03-31,1,101000000000,0.087,,,,,3500000000,3.929,3600000000,3.563,,2800000000,,96.51,,,,,,,,,,,,,,,,,,,,,,true,true,12,2021-04-01,2022-03-31,0
2021-07-29,64700,2021-03-31,1,,,,,,,,,,,,,,,,,,,,113726000000,64336000000,0.559,2191.42,63577000000,,,,,,,,,,,,true,false,12,2020-04-01,2021-03-31,-1
2021-07-29,64700,2021-03-31,1,,,,,,,,,,,,,,,,,,,,,,,,,,,,,20.00,,,,29172457,160454,,false,false,12,2020-04-01,2021-03-31,-1
2021-07-29,64700,2022-03-31,1,,,,,,,,,,,,,,,,,,,,,,,,,,,,,,,,,29172457,160454,29012003,false,false,3,2021-04-01,2021-06-30,0
2021-07-29,64700,2021-03-31,1,,,,,,,,,,,,,,,,,,,,,,,,,,,,,,,,,,,29012167,false,false,3,2020-04-01,2020-06-30,-1
2021-10-28,6470,2022-03-31,2,50170000000,0.239,,,,,1300000000,,1534000000,,,1539000000,,53.05,52.80,,,,,115110000000,66909000000,0.574,2277.93,66087000000,,,,,,,,,,,,true,false,6,2021-04-01,2021-09-30,0
2021-10-28,6470,2021-03-31,2,40480000000,-0.227,,,,,-2291000000,,-2258000000,,,-2507000000,,-86.43,,,,,,,,,,,,,,,,,,,,,,true,false,6,2020-04-01,2020-09-30,-1
2021-10-28,6470,2022-03-31,2,101000000000,0.087,,,,,3500000000,3.929,3600000000,3.563,,2800000000,,96.51,,,,,,,,,,,,,,,,,,,,,,true,true,12,2021-04-01,2022-03-31,0
2021-10-28,6470,2021-03-31,2,,,,,,,,,,,,,,,,,,,,113726000000,64336000000,0.559,2191.42,63577000000,,,,,,,,,,,,true,false,12,2020-04-01,2021-03-31,-1
2021-10-28,6470,2021-03-31,2,,,,,,,,,,,,,,,,,,,,,,,,,,,,,20.00,,,,29172457,160454,,false,false,12,2020-04-01,2021-03-31,-1
2021-10-28,6470,2022-03-31,2,,,,,,,,,,,,,,,,,,,,,,,,,,,,,12.00,,,,,,,false,false,12,2021-04-01,2022-03-31,0
2021-10-28,6470,2022-03-31,2,,,,,,,,,,,,,,,,,,,,,,,,,,,,,,,,,29172457,160498,29011990,false,false,6,2021-04-01,2021-09-30,0
2021-10-28,6470,2021-03-31,2,,,,,,,,,,,,,,,,,,,,,,,,,,,,,,,,,,,29012142,false,false,6,2020-04-01,2020-09-30,-1
2022-02-01,6470,2022-03-31,3,73464000000,0.108,,,,,1329000000,,1680000000,,,1604000000,,55.31,55.09,,,,,112752000000,66655000000,0.584,2268.82,65822000000,,,,,,,,,,,,true,false,9,2021-04-01,2021-12-31,0
2022-02-01,6470,2021-03-31,3,66284000000,-0.149,,,,,-965000000,,-953000000,,,-1421000000,,-48.99,,,,,,,,,,,,,,,,,,,,,,true,false,9,2020-04-01,2020-12-31,-1
2022-02-01,6470,2022-03-31,3,98000000000,0.054,,,,,1700000000,1.394,2000000000,1.535,,1700000000,,58.60,,,,,,,,,,,,,,,,,,,,,,true,true,12,2021-04-01,2022-03-31,0
2022-02-01,6470,2021-03-31,3,,,,,,,,,,,,,,,,,,,,113726000000,64336000000,0.559,2191.42,63577000000,,,,,,,,,,,,true,false,12,2020-04-01,2021-03-31,-1
2022-02-01,6470,2021-03-31,3,,,,,,,,,,,,,,,,,,,,,,,,,,,,,20.00,,,,29172457,160454,,false,false,12,2020-04-01,2021-03-31,-1
2022-02-01,6470,2022-03-31,3,,,,,,,,,,,,,,,,,,,,,,,,,,,,,12.00,,,,,,,false,false,12,2021-04-01,2022-03-31,0
2022-02-01,6470,2022-03-31,3,,,,,,,,,,,,,,,,,,,,,,,,,,,,,22.00,,,,,,,false,true,12,2021-04-01,2022-03-31,0
2022-02-01,6470,2022-03-31,3,,,,,,,,,,,,,,,,,,,,,,,,,,,,,,,,,29172457,160575,29011973,false,false,9,2021-04-01,2021-12-31,0
2022-02-01,6470,2021-03-31,3,,,,,,,,,,,,,,,,,,,,,,,,,,,,,,,,,,,29012125,false,false,9,2020-04-01,2020-12-31,-1
2022-04-18,64700,2022-03-31,,98000000000,0.000,,,,,1300000000,-0.235,1800000000,-0.100,,500000000,,17.23,,,,,,,,,,,,,,,,,,,,,,true,true,12,2021-04-01,2022-03-31,0
2022-04-18,64700,2021-03-31,,92945000000,,,,,,710000000,,788000000,,,300000000,,10.37,,,,,,,,,,,,,,,,,,,,,,true,false,12,2020-04-01,2021-03-31,-1
2022-04-27,6470,2022-03-31,,98820000000,0.063,,,,,1108000000,0.561,1650000000,1.092,,621000000,,21.42,21.35,0.010,0.015,0.011,,114379000000,66305000000,0.574,2262.24,65631000000,7100000000,-4725000000,-3732000000,19615000000,,1.027,,,,,,true,false,12,2021-04-01,2022-03-31,0
2022-04-27,6470,2021-03-31,,92945000000,-0.108,,,,,710000000,-0.706,788000000,-0.637,,300000000,,10.37,,0.005,0.007,0.008,,113726000000,64336000000,0.559,2191.42,63577000000,5639000000,-5132000000,8537000000,20478000000,,1.929,,,,,,true,false,12,2020-04-01,2021-03-31,-1
2022-04-27,6470,2022-03-31,,55248000000,0.128,,,,,-1117000000,,1137000000,,-467000000,,,-16.12,,,,,,83015000000,43065000000,0.517,1479.02,42909000000,,,,,22.00,,,,29172457,160575,29011952,false,false,12,2021-04-01,2022-03-31,0
2022-04-27,6470,2021-03-31,,48985000000,-0.122,,,,,-1920000000,,-578000000,,-161000000,,,-5.57,,,,,,86032000000,44308000000,0.513,1521.83,44151000000,,,,,20.00,,,,29172457,160454,29012102,false,false,12,2020-04-01,2021-03-31,-1
2022-07-28,6470,2023-03-31,1,24700000000,-0.032,,,,,52000000,-0.951,531000000,-0.533,,305000000,,10.54,10.52,,,,,116931000000,67659000000,0.572,2321.79,66894000000,,,,,,,,,,,,true,false,3,2022-04-01,2022-06-30,0
2022-07-28,6470,2022-03-31,1,25514000000,0.306,,,,,1070000000,,1136000000,,,963000000,,33.22,33.04,,,,,,,,,,,,,,,,,,,,,true,false,3,2021-04-01,2021-06-30,-1
2022-07-28,6470,2023-03-31,1,103000000000,0.042,,,,,1600000000,0.444,2100000000,0.273,,1300000000,,44.93,,,,,,,,,,,,,,,,,,,,,,true,true,12,2022-04-01,2023-03-31,0
2022-07-28,6470,2022-03-31,1,,,,,,,,,,,,,,,,,,,,114379000000,66305000000,0.574,2262.24,65631000000,,,,,,,,,,,,true,false,12,2021-04-01,2022-03-31,-1
2022-07-28,6470,2022-03-31,1,,,,,,,,,,,,,,,,,,,,,,,,,,,,,22.00,,,,29172457,160575,,false,false,12,2021-04-01,2022-03-31,-1
2022-07-28,6470,2023-03-31,1,,,,,,,,,,,,,,,,,,,,,,,,,,,,,,,,,29172457,360975,28936682,false,false,3,2022-04-01,2022-06-30,0
2022-07-28,6470,2022-03-31,1,,,,,,,,,,,,,,,,,,,,,,,,,,,,,,,,,,,29012003,false,false,3,2021-04-01,2021-06-30,-1
2022-10-27,6470,2023-03-31,2,51179000000,0.020,,,,,105000000,-0.919,759000000,-0.505,,500000000,,17.35,17.32,,,,,117170000000,68938000000,0.582,2366.83,68159000000,,,,,,,,,,,,true,false,6,2022-04-01,2022-09-30,0
2022-10-27,6470,2022-03-31,2,50170000000,0.239,,,,,1300000000,,1534000000,,,1539000000,,53.05,52.80,,,,,,,,,,,,,,,,,,,,,true,false,6,2021-04-01,2021-09-30,-1
2022-10-27,6470,2023-03-31,2,103000000000,0.042,,,,,1600000000,0.444,2100000000,0.273,,1300000000,,44.93,,,,,,,,,,,,,,,,,,,,,,true,true,12,2022-04-01,2023-03-31,0
2022-10-27,6470,2022-03-31,2,,,,,,,,,,,,,,,,,,,,114379000000,66305000000,0.574,2262.24,65631000000,,,,,,,,,,,,true,false,12,2021-04-01,2022-03-31,-1
2022-10-27,6470,2022-03-31,2,,,,,,,,,,,,,,,,,,,,,,,,,,,,,22.00,,,,29172457,160575,,false,false,12,2021-04-01,2022-03-31,-1
2022-10-27,6470,2023-03-31,2,,,,,,,,,,,,,,,,,,,,,,,,,,,,,10.00,,,,,,,false,false,12,2022-04-01,2023-03-31,0
2022-10-27,6470,2023-03-31,2,,,,,,,,,,,,,,,,,,,,,,,,,,,,,,,,,29172457,374575,28870711,false,false,6,2022-04-01,2022-09-30,0
2022-10-27,6470,2022-03-31,2,,,,,,,,,,,,,,,,,,,,,,,,,,,,,,,,,,,29011990,false,false,6,2021-04-01,2021-09-30,-1
2023-02-02,6470,2023-03-31,3,77522000000,0.055,,,,,286000000,-0.785,792000000,-0.528,,350000000,,12.17,12.15,,,,,114275000000,68598000000,0.593,2353.47,67775000000,,,,,,,,,,,,true,false,9,2022-04-01,2022-12-31,0
2023-02-02,6470,2022-03-31,3,73464000000,0.108,,,,,1329000000,,1680000000,,,1604000000,,55.31,55.09,,,,,,,,,,,,,,,,,,,,,true,false,9,2021-04-01,2021-12-31,-1
2023-02-02,6470,2023-03-31,3,104000000000,0.052,,,,,200000000,-0.820,600000000,-0.636,,-300000000,,-10.40,,,,,,,,,,,,,,,,,,,,,,true,true,12,2022-04-01,2023-03-31,0
2023-02-02,6470,2022-03-31,3,,,,,,,,,,,,,,,,,,,,114379000000,66305000000,0.574,2262.24,65631000000,,,,,,,,,,,,true,false,12,2021-04-01,2022-03-31,-1
2023-02-02,6470,2022-03-31,3,,,,,,,,,,,,,,,,,,,,,,,,,,,,,22.00,,,,29172457,160575,,false,false,12,2021-04-01,2022-03-31,-1
2023-02-02,6470,2023-03-31,3,,,,,,,,,,,,,,,,,,,,,,,,,,,,,10.00,,,,,,,false,false,12,2022-04-01,2023-03-31,0
2023-02-02,6470,2023-03-31,3,,,,,,,,,,,,,,,,,,,,,,,,,,,,,20.00,,,,,,,false,true,12,2022-04-01,2023-03-31,0
2023-02-02,6470,2023-03-31,3,,,,,,,,,,,,,,,,,,,,,,,,,,,,,,,,,29172457,374575,28848862,false,false,9,2022-04-01,2022-12-31,0
2023-02-02,6470,2022-03-31,3,,,,,,,,,,,,,,,,,,,,,,,,,,,,,,,,,,,29011973,false,false,9,2021-04-01,2021-12-31,-1
2023-04-26,6470,2023-03-31,,105161000000,0.064,,,,,694000000,-0.374,1211000000,-0.266,,399000000,,13.86,13.84,0.006,0.011,0.007,,113774000000,67085000000,0.584,2307.30,66445000000,5870000000,-5843000000,-4025000000,16080000000,,1.443,,,,,,true,false,12,2022-04-01,2023-03-31,0
2023-04-26,6470,2022-03-31,,98820000000,0.063,,,,,1108000000,0.561,1650000000,1.092,,621000000,,21.42,21.35,0.010,0.015,0.011,,114379000000,66305000000,0.574,2262.24,65631000000,7100000000,-4725000000,-3732000000,19615000000,,1.027,,,,,,true,false,12,2021-04-01,2022-03-31,-1
2023-04-26,6470,2024-03-31,,114000000000,0.084,,,,,2400000000,2.458,2200000000,0.816,,1200000000,,41.66,,,,,,,,,,,,,,,,0.480,,,,,,true,true,12,2023-04-01,2024-03-31,1
2023-04-26,6470,2023-03-31,,56499000000,0.023,,,,,-2010000000,,-6000000,,1385000000,,,48.04,47.97,,,,,80467000000,43638000000,0.541,1510.66,43503000000,,,,,20.00,,,,29172457,374575,28837097,false,false,12,2022-04-01,2023-03-31,0
2023-04-26,6470,2022-03-31,,55248000000,0.128,,,,,-1117000000,,1137000000,,-467000000,,,-16.12,,,,,,83015000000,43065000000,0.517,1479.02,42909000000,,,,,22.00,,,,29172457,160575,29011952,false,false,12,2021-04-01,2022-03-31,-1
2023-04-26,6470,2024-03-31,,,,,,,,,,,,,,,,,,,,,,,,,,,,,,20.00,,,,,,,false,true,12,2023-04-01,2024-03-31,1
2023-07-27,6470,2024-03-31,1,26867000000,0.088,,,,,22000000,-0.560,502000000,-0.054,,338000000,,11.75,11.73,,,,,116785000000,68143000000,0.578,2339.03,67443000000,,,,,,,,,,,,true,false,3,2023-04-01,2023-06-30,0
2023-07-27,6470,2023-03-31,1,24700000000,-0.032,,,,,52000000,-0.951,531000000,-0.533,,305000000,,10.54,10.52,,,,,,,,,,,,,,,,,,,,,true,false,3,2022-04-01,2022-06-30,-1
2023-07-27,6470,2024-03-31,1,114000000000,0.084,,,,,2400000000,2.458,2200000000,0.816,,1200000000,,41.66,,,,,,,,,,,,,,,,,,,,,,true,true,12,2023-04-01,2024-03-31,0
2023-07-27,6470,2023-03-31,1,,,,,,,,,,,,,,,,,,,,113774000000,67085000000,0.584,2307.30,66445000000,,,,,,,,,,,,true,false,12,2022-04-01,2023-03-31,-1
2023-07-27,6470,2023-03-31,1,,,,,,,,,,,,,,,,,,,,,,,,,,,,,20.00,,,,29172457,374575,,false,false,12,2022-04-01,2023-03-31,-1
2023-07-27,6470,2024-03-31,1,,,,,,,,,,,,,,,,,,,,,,,,,,,,,20.00,,,,,,,false,true,12,2023-04-01,2024-03-31,0
2023-07-27,6470,2024-03-31,1,,,,,,,,,,,,,,,,,,,,,,,,,,,,,,,,,29172457,338575,28810132,false,false,3,2023-04-01,2023-06-30,0
2023-07-27,6470,2023-03-31,1,,,,,,,,,,,,,,,,,,,,,,,,,,,,,,,,,,,28936682,false,false,3,2022-04-01,2022-06-30,-1
2023-10-30,6470,2024-03-31,2,55558000000,0.086,,,,,879000000,7.333,1570000000,1.067,,1073000000,,37.23,37.15,,,,,118184000000,70614000000,0.591,2420.72,69883000000,,,,,,,,,,,,true,false,6,2023-04-01,2023-09-30,0
2023-10-30,6470,2023-03-31,2,51179000000,0.020,,,,,105000000,-0.919,759000000,-0.505,,500000000,,17.35,17.32,,,,,,,,,,,,,,,,,,,,,true,false,6,2022-04-01,2022-09-30,-1
2023-10-30,6470,2024-03-31,2,114000000000,0.084,,,,,2400000000,2.458,2200000000,0.816,,1200000000,,41.66,,,,,,,,,,,,,,,,,,,,,,true,true,12,2023-04-01,2024-03-31,0
2023-10-30,6470,2023-03-31,2,,,,,,,,,,,,,,,,,,,,113774000000,67085000000,0.584,2307.30,66445000000,,,,,,,,,,,,true,false,12,2022-04-01,2023-03-31,-1
2023-10-30,6470,2023-03-31,2,,,,,,,,,,,,,,,,,,,,,,,,,,,,,20.00,,,,29172457,374575,,false,false,12,2022-04-01,2023-03-31,-1
2023-10-30,6470,2024-03-31,2,,,,,,,,,,,,,,,,,,,,,,,,,,,,,10.00,,,,,,,false,false,12,2023-04-01,2024-03-31,0
2023-10-30,6470,2024-03-31,2,,,,,,,,,,,,,,,,,,,,,,,,,,,,,20.00,,,,,,,false,true,12,2023-04-01,2024-03-31,0
2023-10-30,6470,2024-03-31,2,,,,,,,,,,,,,,,,,,,,,,,,,,,,,,,,,29172457,303575,28833453,false,false,6,2023-04-01,2023-09-30,0
2023-10-30,6470,2023-03-31,2,,,,,,,,,,,,,,,,,,,,,,,,,,,,,,,,,,,28870711,false,false,6,2022-04-01,2022-09-30,-1
2024-02-01,6470,2024-03-31,3,84684000000,0.092,,,,,1973000000,5.899,2543000000,2.209,,1788000000,,62.01,61.88,,,,,117964000000,71522000000,0.600,2447.81,70743000000,,,,,,,,,,,,true,false,9,2023-04-01,2023-12-31,0
2024-02-01,6470,2023-03-31,3,77522000000,0.055,,,,,286000000,-0.785,792000000,-0.528,,350000000,,12.17,12.15,,,,,,,,,,,,,,,,,,,,,true,false,9,2022-04-01,2022-12-31,-1
2024-02-01,6470,2024-03-31,3,112000000000,0.065,,,,,2200000000,2.170,2900000000,1.394,,1800000000,,62.28,,,,,,,,,,,,,,,,,,,,,,true,true,12,2023-04-01,2024-03-31,0
2024-02-01,6470,2023-03-31,3,,,,,,,,,,,,,,,,,,,,113774000000,67085000000,0.584,2307.30,66445000000,,,,,,,,,,,,true,false,12,2022-04-01,2023-03-31,-1
2024-02-01,6470,2023-03-31,3,,,,,,,,,,,,,,,,,,,,,,,,,,,,,20.00,,,,29172457,374575,,false,false,12,2022-04-01,2023-03-31,-1
2024-02-01,6470,2024-03-31,3,,,,,,,,,,,,,,,,,,,,,,,,,,,,,10.00,,,,,,,false,false,12,2023-04-01,2024-03-31,0
2024-02-01,6470,2024-03-31,3,,,,,,,,,,,,,,,,,,,,,,,,,,,,,20.00,,,,,,,false,true,12,2023-04-01,2024-03-31,0
2024-02-01,6470,2024-03-31,3,,,,,,,,,,,,,,,,,,,,,,,,,,,,,,,,,29172457,271726,28850767,false,false,9,2023-04-01,2023-12-31,0
2024-02-01,6470,2023-03-31,3,,,,,,,,,,,,,,,,,,,,,,,,,,,,,,,,,,,28848862,false,false,9,2022-04-01,2022-12-31,-1
2024-04-25,6470,2024-03-31,,112044000000,0.065,,,,,2489000000,2.587,3236000000,1.672,,1747000000,,60.56,60.42,0.025,0.028,0.022,,119254000000,71695000000,0.596,2457.53,71024000000,10739000000,-6220000000,-1008000000,20046000000,,0.330,,,,,,true,false,12,2023-04-01,2024-03-31,0
2024-04-25,6470,2023-03-31,,105161000000,0.064,,,,,694000000,-0.374,1211000000,-0.266,,399000000,,13.86,13.84,0.006,0.011,0.007,,113774000000,67085000000,0.584,2307.30,66445000000,5870000000,-5843000000,-4025000000,16080000000,,1.443,,,,,,true,false,12,2022-04-01,2023-03-31,-1
2024-04-25,6470,2025-03-31,,118000000000,0.053,,,,,3000000000,0.205,2900000000,-0.104,,1900000000,,65.74,,,,,,,,,,,,,,,,0.304,,,,,,true,true,12,2024-04-01,2025-03-31,1
2024-04-25,6470,2024-03-31,,62035000000,0.098,,,,,-750000000,,1286000000,,824000000,,-0.405,28.57,28.50,,,,,83823000000,44820000000,0.534,1547.59,44726000000,,,,,20.00,,,,29172457,271888,28862264,false,false,12,2023-04-01,2024-03-31,0
2024-04-25,6470,2023-03-31,,56499000000,0.023,,,,,-2010000000,,-6000000,,1385000000,,,48.04,47.97,,,,,80467000000,43638000000,0.541,1510.66,43503000000,,,,,20.00,,,,29172457,374575,28837097,false,false,12,2022-04-01,2023-03-31,-1
2024-04-25,6470,2025-03-31,,,,,,,,,,,,,,,,,,,,,,,,,,,,,,20.00,,,,,,,false,true,12,2024-04-01,2025-03-31,1
2024-04-25,6470,2024-03-31,,112044000000,0.065,,,,,2489000000,2.587,3236000000,1.672,,1747000000,,60.56,60.42,0.025,0.028,0.022,,119457000000,72587000000,0.602,2488.39,71915000000,10739000000,-6220000000,-1008000000,20046000000,,0.330,,,,,,true,false,12,2023-04-01,2024-03-31,0
2024-04-25,6470,2023-03-31,,105161000000,0.064,,,,,694000000,-0.374,1211000000,-0.266,,399000000,,13.86,13.84,0.006,0.011,0.007,,113774000000,67085000000,0.584,2307.30,66445000000,5870000000,-5843000000,-4025000000,16080000000,,1.443,,,,,,true,false,12,2022-04-01,2023-03-31,-1
2024-04-25,6470,2025-03-31,,118000000000,0.053,,,,,3000000000,0.205,2900000000,-0.104,,1900000000,,65.74,,,,,,,,,,,,,,,,0.304,,,,,,true,true,12,2024-04-01,2025-03-31,1
2024-04-25,6470,2024-03-31,,62035000000,0.098,,,,,-750000000,,1286000000,,824000000,,-0.405,28.57,28.50,,,,,83823000000,44820000000,0.534,1547.59,44726000000,,,,,20.00,,,,29172457,271888,28862264,false,false,12,2023-04-01,2024-03-31,0
2024-04-25,6470,2023-03-31,,56499000000,0.023,,,,,-2010000000,,-6000000,,1385000000,,,48.04,47.97,,,,,80467000000,43638000000,0.541,1510.66,43503000000,,,,,20.00,,,,29172457,374575,28837097,false,false,12,2022-04-01,2023-03-31,-1
2024-04-25,6470,2025-03-31,,,,,,,,,,,,,,,,,,,,,,,,,,,,,,20.00,,,,,,,false,true,12,2024-04-01,2025-03-31,1
2024-07-30,6470,2025-03-31,1,26762000000,-0.004,,,,,-84000000,,305000000,-0.393,,222000000,,7.71,7.69,,,,,128317000000,73614000000,0.568,2522.36,72897000000,,,,,,,,,,,,true,false,3,2024-04-01,2024-06-30,0
2024-07-30,6470,2024-03-31,1,26867000000,0.088,,,,,22000000,-0.560,502000000,-0.054,,338000000,,11.75,11.73,,,,,,,,,,,,,,,,,,,,,true,false,3,2023-04-01,2023-06-30,-1
2024-07-30,6470,2025-03-31,1,118000000000,0.053,,,,,3000000000,0.205,2900000000,-0.104,,1900000000,,65.74,,,,,,,,,,,,,,,,,,,,,,true,true,12,2024-04-01,2025-03-31,0
2024-07-30,6470,2024-03-31,1,,,,,,,,,,,,,,,,,,,,119457000000,72587000000,0.602,2488.39,71915000000,,,,,,,,,,,,true,false,12,2023-04-01,2024-03-31,-1
2024-07-30,6470,2024-03-31,1,,,,,,,,,,,,,,,,,,,,,,,,,,,,,20.00,,,,29172457,271888,,false,false,12,2023-04-01,2024-03-31,-1
2024-07-30,6470,2025-03-31,1,,,,,,,,,,,,,,,,,,,,,,,,,,,,,20.00,,,,,,,false,true,12,2024-04-01,2025-03-31,0
2024-07-30,6470,2025-03-31,1,,,,,,,,,,,,,,,,,,,,,,,,,,,,,,,,,29172457,271888,28900569,false,false,3,2024-04-01,2024-06-30,0
2024-07-30,6470,2024-03-31,1,,,,,,,,,,,,,,,,,,,,,,,,,,,,,,,,,,,28810132,false,false,3,2023-04-01,2023-06-30,-1
2024-10-30,6470,2025-03-31,2,54687000000,-0.016,,,,,-369000000,,-318000000,,,-3363000000,,-116.35,,,,,,124986000000,70518000000,0.558,2413.39,69772000000,,,,,,,,,,,,true,false,6,2024-04-01,2024-09-30,0
2024-10-30,6470,2024-03-31,2,55558000000,0.086,,,,,879000000,7.333,1570000000,1.067,,1073000000,,37.23,37.15,,,,,,,,,,,,,,,,,,,,,true,false,6,2023-04-01,2023-09-30,-1
2024-10-30,6470,2025-03-31,2,112500000000,0.004,,,,,600000000,-0.759,600000000,-0.815,,-2900000000,,-100.33,,,,,,,,,,,,,,,,,,,,,,true,true,12,2024-04-01,2025-03-31,0
2024-10-30,6470,2024-03-31,2,,,,,,,,,,,,,,,,,,,,119457000000,72587000000,0.602,2488.39,71915000000,,,,,,,,,,,,true,false,12,2023-04-01,2024-03-31,-1
2024-10-30,6470,2024-03-31,2,,,,,,,,,,,,,,,,,,,,,,,,,,,,,20.00,,,,29172457,271888,,false,false,12,2023-04-01,2024-03-31,-1
2024-10-30,6470,2025-03-31,2,,,,,,,,,,,,,,,,,,,,,,,,,,,,,10.00,,,,,,,false,false,12,2024-04-01,2025-03-31,0
2024-10-30,6470,2025-03-31,2,,,,,,,,,,,,,,,,,,,,,,,,,,,,,20.00,,,,,,,false,true,12,2024-04-01,2025-03-31,0
2024-10-30,6470,2025-03-31,2,,,,,,,,,,,,,,,,,,,,,,,,,,,,,,,,,29172457,261962,28904823,false,false,6,2024-04-01,2024-09-30,0
2024-10-30,6470,2024-03-31,2,,,,,,,,,,,,,,,,,,,,,,,,,,,,,,,,,,,28833453,false,false,6,2023-04-01,2023-09-30,-1
2025-01-30,6470,2025-03-31,3,83367000000,-0.016,,,,,2000000,-0.999,381000000,-0.850,,-3103000000,,-107.54,,,,,,117941000000,68890000000,0.577,2381.48,68109000000,,,,,,,,,,,,true,false,9,2024-04-01,2024-12-31,0
2025-01-30,6470,2024-03-31,3,84684000000,0.092,,,,,1973000000,5.899,2543000000,2.209,,1788000000,,62.01,61.88,,,,,,,,,,,,,,,,,,,,,true,false,9,2023-04-01,2023-12-31,-1
2025-01-30,6470,2025-03-31,3,112500000000,0.004,,,,,200000000,-0.920,600000000,-0.815,,-4000000000,,-139.86,,,,,,,,,,,,,,,,,,,,,,true,true,12,2024-04-01,2025-03-31,0
2025-01-30,6470,2024-03-31,3,,,,,,,,,,,,,,,,,,,,119457000000,72587000000,0.602,2488.39,71915000000,,,,,,,,,,,,true,false,12,2023-04-01,2024-03-31,-1
2025-01-30,6470,2024-03-31,3,,,,,,,,,,,,,,,,,,,,,,,,,,,,,20.00,,,,29172457,271888,,false,false,12,2023-04-01,2024-03-31,-1
2025-01-30,6470,2025-03-31,3,,,,,,,,,,,,,,,,,,,,,,,,,,,,,10.00,,,,,,,false,false,12,2024-04-01,2025-03-31,0
2025-01-30,6470,2025-03-31,3,,,,,,,,,,,,,,,,,,,,,,,,,,,,,20.00,,,,,,,false,true,12,2024-04-01,2025-03-31,0
2025-01-30,6470,2025-03-31,3,,,,,,,,,,,,,,,,,,,,,,,,,,,,,,,,,29172457,572634,28858313,false,false,9,2024-04-01,2024-12-31,0
2025-01-30,6470,2024-03-31,3,,,,,,,,,,,,,,,,,,,,,,,,,,,,,,,,,,,28850767,false,false,9,2023-04-01,2023-12-31,-1
2025-04-24,6470,2025-03-31,,112789000000,0.007,,,,,610000000,-0.755,910000000,-0.718,,-4187000000,,-145.69,,-0.060,0.008,0.005,,122336000000,69283000000,0.561,2423.24,68602000000,6245000000,-10201000000,2071000000,18852000000,,,,,,,,true,false,12,2024-04-01,2025-03-31,0
2025-04-24,6470,2024-03-31,,112044000000,0.065,,,,,2489000000,2.587,3236000000,1.672,,1747000000,,60.56,60.42,0.025,0.028,0.022,,119457000000,72587000000,0.602,2488.39,71915000000,10739000000,-6220000000,-1008000000,20046000000,,0.330,,,,,,true,false,12,2023-04-01,2024-03-31,-1
2025-04-24,6470,2026-03-31,,117000000000,0.037,,,,,2100000000,2.437,2300000000,1.525,,1100000000,,38.85,,,,,,,,,,,,,,,,0.515,,,,,,true,true,12,2025-04-01,2026-03-31,1
2025-04-24,6470,2025-03-31,,62119000000,0.001,,,,,-1876000000,,111000000,-0.913,-3359000000,,,-116.87,,,,,,84648000000,40118000000,0.473,1414.67,40049000000,,,,,20.00,,,,29172457,862190,28742451,false,false,12,2024-04-01,2025-03-31,0
2025-04-24,6470,2024-03-31,,62035000000,0.098,,,,,-750000000,,1286000000,,824000000,,-0.405,28.57,28.50,,,,,83823000000,44820000000,0.534,1547.59,44726000000,,,,,20.00,,,,29172457,271888,28862264,false,false,12,2023-04-01,2024-03-31,-1
2025-04-24,6470,2026-03-31,,,,,,,,,,,,,,,,,,,,,,,,,,,,,,20.00,,,,,,,false,true,12,2025-04-01,2026-03-31,1
