filing_date,code,fiscal_year_end,quarterly_period,net_sales,net_sales_change,revenue,revenue_change,operating_revenue,operating_revenue_change,operating_profit,operating_profit_change,ordinary_profit,ordinary_profit_change,net_income,net_income_of_parent,net_income_change,eps,diluted_eps,roe,roa,operating_profit_to_net_sales,operating_profit_to_revenue,total_assets,net_assets,equity_ratio,bps,owner_equity,operating_cash_flow,investing_cash_flow,financing_cash_flow,cash,dividend_per_share,payout_ratio,commemorative_dividend,extra_dividend,number_of_shares,number_of_treqsury_shares,avg_number_of_shares,is_consolidated,is_forecast,duration,period_start,period_end,period_pos
2015-05-11,64710,2015-03-31,,974885000000,0.118,,,,,97327000000,0.430,91002000000,0.363,61962000000,,0.988,114.56,114.42,0.153,0.086,0.100,,1129164000000,481859000000,0.404,842.69,456046000000,67709000000,-46335000000,-8304000000,184374000000,,0.244,,,,,,true,false,12,2014-04-01,2015-03-31,0
2015-05-11,64710,2014-03-31,,871742000000,0.190,,,,,68049000000,1.103,66785000000,1.203,31167000000,,0.980,57.70,57.63,0.092,0.071,0.078,,1000932000000,382155000000,0.359,664.74,359201000000,70342000000,-42402000000,-3204000000,168940000000,,0.277,,,,,,true,false,12,2013-04-01,2014-03-31,-1
2015-05-11,64710,2016-03-31,,490000000000,0.055,,,,,47000000000,0.153,46000000000,0.124,,31000000000,,57.28,,,,,,,,,,,,,,,,,,,,,,true,true,6,2015-04-01,2015-09-30,1
2015-05-11,64710,2016-03-31,,1020000000000,0.046,,,,,102000000000,0.048,100000000000,0.099,,70000000000,,129.35,,,,,,,,,,,,,,,,0.263,,,,,,true,true,12,2015-04-01,2016-03-31,1
2015-05-11,64710,2015-03-31,,464780000000,0.012,,,,,21502000000,-0.018,38566000000,0.647,32537000000,,9.806,60.11,60.03,,,,,762221000000,278631000000,0.365,513.98,278378000000,,,,,28.00,,,,551268104,10085598,540865077,false,false,12,2014-04-01,2015-03-31,0
2015-05-11,64710,2014-03-31,,459060000000,0.018,,,,,21890000000,1.455,23412000000,1.300,3011000000,,-0.084,5.57,5.56,,,,,739675000000,252126000000,0.340,465.61,251798000000,,,,,16.00,,,,551268104,10901237,540118473,false,false,12,2013-04-01,2014-03-31,-1
2015-05-11,64710,2016-03-31,,,,,,,,,,,,,,,,,,,,,,,,,,,,,,34.00,,,,,,,false,true,12,2015-04-01,2016-03-31,1
,64710,2015-03-31,,,,,,,,,,,,,,,,,,,,,,,,,,,,,,28.00,,,,,,,false,true,12,2014-04-01,2015-03-31,0
,64710,2015-03-31,,,,,,,,,,,,,,,,,,,,,,,,,,,,,,12.00,,,,,,,false,false,12,2014-04-01,2015-03-31,0
,64710,2014-03-31,,,,,,,,,,,,,,,,,,,,,,,,,,,,,,16.00,,,,,,,false,false,12,2013-04-01,2014-03-31,-1
2015-07-29,64710,2016-03-31,1,251222000000,0.096,,,,,26060000000,0.278,27616000000,0.353,,17837000000,,32.95,32.92,,,,,1150251000000,505175000000,0.418,,480984000000,,,,,,,,,,,,true,false,3,2015-04-01,2015-06-30,0
2015-07-29,64710,2015-03-31,1,229307000000,0.119,,,,,20395000000,0.591,20409000000,0.506,,14091000000,,26.07,26.04,,,,,,,,,,,,,,,,,,,,,true,false,3,2014-04-01,2014-06-30,-1
2015-07-29,64710,2016-03-31,1,490000000000,0.055,,,,,47000000000,0.153,46000000000,0.124,,31000000000,,57.28,,,,,,,,,,,,,,,,,,,,,,true,true,6,2015-04-01,2015-09-30,0
2015-07-29,64710,2016-03-31,1,1020000000000,0.046,,,,,102000000000,0.048,100000000000,0.099,,70000000000,,129.35,,,,,,,,,,,,,,,,,,,,,,true,true,12,2015-04-01,2016-03-31,0
2015-07-29,64710,2015-03-31,1,,,,,,,,,,,,,,,,,,,,1129164000000,481859000000,0.404,,456046000000,,,,,,,,,,,,true,false,12,2014-04-01,2015-03-31,-1
2015-07-29,64710,2015-03-31,1,,,,,,,,,,,,,,,,,,,,,,,,,,,,,28.00,,,,551268104,10085598,,false,false,12,2014-04-01,2015-03-31,-1
2015-07-29,64710,2016-03-31,1,,,,,,,,,,,,,,,,,,,,,,,,,,,,,34.00,,,,,,,false,true,12,2015-04-01,2016-03-31,0
2015-07-29,64710,2016-03-31,1,,,,,,,,,,,,,,,,,,,,,,,,,,,,,,,,,551268104,9939193,541280082,false,false,3,2015-04-01,2015-06-30,0
2015-07-29,64710,2015-03-31,1,,,,,,,,,,,,,,,,,,,,,,,,,,,,,,,,,,,540531191,false,false,3,2014-04-01,2014-06-30,-1
2015-10-27,64710,2016-03-31,2,489735000000,0.055,,,,,49438000000,0.213,49022000000,0.198,,33457000000,,61.80,61.75,,,,,1101096000000,488122000000,0.422,,464339000000,,,,,,,,,,,,true,false,6,2015-04-01,2015-09-30,0
2015-10-27,64710,2015-03-31,2,464390000000,0.123,,,,,40746000000,0.417,40927000000,0.454,,25890000000,,47.88,47.82,,,,,,,,,,,,,,,,,,,,,true,false,6,2014-04-01,2014-09-30,-1
2015-10-27,64710,2016-03-31,2,980000000000,0.005,,,,,94000000000,-0.034,92000000000,0.011,,66000000000,,121.91,,,,,,,,,,,,,,,,,,,,,,true,true,12,2015-04-01,2016-03-31,0
2015-10-27,64710,2015-03-31,2,,,,,,,,,,,,,,,,,,,,1129164000000,481859000000,0.404,,456046000000,,,,,,,,,,,,true,false,12,2014-04-01,2015-03-31,-1
2015-10-27,64710,2015-03-31,2,,,,,,,,,,,,,,,,,,,,,,,,,,,,,28.00,,,,551268104,10085598,,false,false,12,2014-04-01,2015-03-31,-1
2015-10-27,64710,2016-03-31,2,,,,,,,,,,,,,,,,,,,,,,,,,,,,,17.00,,,,,,,false,false,12,2015-04-01,2016-03-31,0
2015-10-27,64710,2016-03-31,2,,,,,,,,,,,,,,,,,,,,,,,,,,,,,34.00,,,,,,,false,true,12,2015-04-01,2016-03-31,0
2015-10-27,64710,2016-03-31,2,,,,,,,,,,,,,,,,,,,,,,,,,,,,,,,,,551268104,9813462,541351293,false,false,6,2015-04-01,2015-09-30,0
2015-10-27,64710,2015-03-31,2,,,,,,,,,,,,,,,,,,,,,,,,,,,,,,,,,,,540694942,false,false,6,2014-04-01,2014-09-30,-1
2015-10-27,64710,2016-03-31,,980000000000,-0.039,,,,,94000000000,-0.078,92000000000,-0.080,,66000000000,,121.91,,,,,,,,,,,,,,,,,,,,,,true,true,12,2015-04-01,2016-03-31,0
2015-10-27,64710,2015-03-31,,974885000000,,,,,,97327000000,,91002000000,,,61962000000,,114.56,,,,,,,,,,,,,,,,,,,,,,true,false,12,2014-04-01,2015-03-31,-1
2016-02-01,64710,2016-03-31,3,735457000000,0.033,,,,,73714000000,0.100,74060000000,0.108,,50275000000,,92.86,92.79,,,,,1117007000000,506321000000,0.431,,481773000000,,,,,,,,,,,,true,false,9,2015-04-01,2015-12-31,0
2016-02-01,64710,2015-03-31,3,711903000000,0.116,,,,,67021000000,0.499,66833000000,0.488,,43725000000,,80.86,80.75,,,,,,,,,,,,,,,,,,,,,true,false,9,2014-04-01,2014-12-31,-1
2016-02-01,64710,2016-03-31,3,980000000000,0.005,,,,,94000000000,-0.034,92000000000,0.011,,66000000000,,121.91,,,,,,,,,,,,,,,,,,,,,,true,true,12,2015-04-01,2016-03-31,0
2016-02-01,64710,2015-03-31,3,,,,,,,,,,,,,,,,,,,,1129164000000,481859000000,0.404,,456046000000,,,,,,,,,,,,true,false,12,2014-04-01,2015-03-31,-1
2016-02-01,64710,2015-03-31,3,,,,,,,,,,,,,,,,,,,,,,,,,,,,,28.00,,,,551268104,10085598,,false,false,12,2014-04-01,2015-03-31,-1
2016-02-01,64710,2016-03-31,3,,,,,,,,,,,,,,,,,,,,,,,,,,,,,17.00,,,,,,,false,false,12,2015-04-01,2016-03-31,0
2016-02-01,64710,2016-03-31,3,,,,,,,,,,,,,,,,,,,,,,,,,,,,,34.00,,,,,,,false,true,12,2015-04-01,2016-03-31,0
2016-02-01,64710,2016-03-31,3,,,,,,,,,,,,,,,,,,,,,,,,,,,,,,,,,551268104,9798977,541390996,false,false,9,2015-04-01,2015-12-31,0
2016-02-01,64710,2015-03-31,3,,,,,,,,,,,,,,,,,,,,,,,,,,,,,,,,,,,540782244,false,false,9,2014-04-01,2014-12-31,-1
2016-05-11,64710,2016-03-31,,975319000000,0.000,,,,,94726000000,-0.027,93964000000,0.033,,67169000000,,124.06,123.97,0.149,0.087,0.097,,1038218000000,473560000000,0.432,828.33,448578000000,105273000000,-44422000000,-65514000000,175515000000,,0.274,,,,,,true,false,12,2015-04-01,2016-03-31,0
2016-05-11,64710,2015-03-31,,974885000000,0.118,,,,,97327000000,0.430,91002000000,0.363,,61962000000,,114.56,114.42,0.153,0.086,0.100,,1129164000000,481859000000,0.404,842.69,456046000000,67709000000,-46335000000,-8304000000,184374000000,,0.244,,,,,,true,false,12,2014-04-01,2015-03-31,-1
2016-05-11,64710,2017-03-31,,450000000000,,,,,,28000000000,,,,,17000000000,,31.39,,,,,,,,,,,,,,,,,,,,,,true,true,6,2016-04-01,2016-09-30,1
2016-05-11,64710,2017-03-31,,920000000000,,,,,,65000000000,,,,,40000000000,,73.86,,,,,,,,,,,,,,,,0.514,,,,,,true,true,12,2016-04-01,2017-03-31,1
2016-05-11,64710,2016-03-31,,443637000000,-0.045,,,,,9277000000,-0.569,23562000000,-0.389,22799000000,,-0.299,42.08,42.05,,,,,724535000000,275009000000,0.379,506.54,274532000000,,,,,34.00,,,,551268104,9723762,541423065,false,false,12,2015-04-01,2016-03-31,0
2016-05-11,64710,2015-03-31,,464780000000,0.012,,,,,21502000000,-0.018,38566000000,0.647,32537000000,,9.806,60.11,60.03,,,,,762221000000,278631000000,0.365,513.98,278378000000,,,,,28.00,,,,551268104,10085598,540865077,false,false,12,2014-04-01,2015-03-31,-1
2016-05-11,64710,2017-03-31,,,,,,,,,,,,,,,,,,,,,,,,,,,,,,38.00,,,,,,,false,true,12,2016-04-01,2017-03-31,1
2016-06-24,64710,2016-03-31,,975319000000,0.000,,,,,89534000000,0.030,,,,65719000000,,121.38,121.30,,,0.092,,1032374000000,,,,,108622000000,-45212000000,-68073000000,,,0.280,,,,,,true,false,12,2015-04-01,2016-03-31,0
2016-06-24,64710,2015-03-31,,974885000000,,,,,,86958000000,,,,,59383000000,,109.79,109.66,,,0.089,,1125509000000,,,,,65529000000,-46715000000,-5744000000,,,0.255,,,,,,true,false,12,2014-04-01,2015-03-31,-1
2016-06-24,64710,2017-03-31,,450000000000,-0.081,,,,,28000000000,-0.423,,,,17000000000,,32.10,,,,,,,,,,,,,,,,,,,,,,true,true,6,2016-04-01,2016-09-30,1
2016-06-24,64710,2017-03-31,,920000000000,-0.057,,,,,65000000000,-0.274,,,,40000000000,,75.71,,,,,,,,,,,,,,,,0.502,,,,,,true,true,12,2016-04-01,2017-03-31,1
2016-06-24,64710,2015-03-31,,,,,,,,,,,,,,,,,,,,,,,,,,,,,,28.00,,,,551268104,10085598,540865077,false,false,12,2014-04-01,2015-03-31,-1
2016-06-24,64710,2016-03-31,,,,,,,,,,,,,,,,,,,,,,,,,,,,,,34.00,,,,551268104,9723762,541423065,false,false,12,2015-04-01,2016-03-31,0
2016-06-24,64710,2017-03-31,,,,,,,,,,,,,,,,,,,,,,,,,,,,,,38.00,,,,,,,false,true,12,2016-04-01,2017-03-31,1
2016-08-01,64710,2017-03-31,1,231818000000,-0.077,,,,,14637000000,-0.449,,,,11634000000,,21.87,21.87,,,,,965670000000,,,,,,,,,,,,,,,,true,false,3,2016-04-01,2016-06-30,0
2016-08-01,64710,2016-03-31,1,251222000000,,,,,,26566000000,,,,,17220000000,,31.81,31.78,,,,,,,,,,,,,,,,,,,,,true,false,3,2015-04-01,2015-06-30,-1
2016-08-01,64710,2017-03-31,1,450000000000,-0.081,,,,,28000000000,-0.423,,,,17000000000,,32.10,,,,,,,,,,,,,,,,,,,,,,true,true,6,2016-04-01,2016-09-30,0
2016-08-01,64710,2017-03-31,1,920000000000,-0.057,,,,,65000000000,-0.274,,,,40000000000,,75.71,,,,,,,,,,,,,,,,,,,,,,true,true,12,2016-04-01,2017-03-31,0
2016-08-01,64710,2016-03-31,1,,,,,,,,,,,,,,,,,,,,1032374000000,,,,,,,,,,,,,,,,true,false,12,2015-04-01,2016-03-31,-1
2016-08-01,64710,2016-03-31,1,,,,,,,,,,,,,,,,,,,,,,,,,,,,,34.00,,,,551268104,9723762,,false,false,12,2015-04-01,2016-03-31,-1
2016-08-01,64710,2017-03-31,1,,,,,,,,,,,,,,,,,,,,,,,,,,,,,38.00,,,,,,,false,true,12,2016-04-01,2017-03-31,0
2016-08-01,64710,2017-03-31,1,,,,,,,,,,,,,,,,,,,,,,,,,,,,,,,,,551268104,24143997,531931302,false,false,3,2016-04-01,2016-06-30,0
2016-08-01,64710,2016-03-31,1,,,,,,,,,,,,,,,,,,,,,,,,,,,,,,,,,,,541280082,false,false,3,2015-04-01,2015-06-30,-1
2016-11-01,64710,2017-03-31,2,455580000000,-0.070,,,,,27328000000,-0.437,,,,19869000000,,37.48,37.48,,,,,967590000000,,,,,,,,,,,,,,,,true,false,6,2016-04-01,2016-09-30,0
2016-11-01,64710,2016-03-31,2,489735000000,,,,,,48513000000,,,,,32558000000,,60.14,60.09,,,,,,,,,,,,,,,,,,,,,true,false,6,2015-04-01,2015-09-30,-1
2016-11-01,64710,2017-03-31,2,920000000000,-0.057,,,,,65000000000,-0.274,,,,40000000000,,75.71,,,,,,,,,,,,,,,,,,,,,,true,true,12,2016-04-01,2017-03-31,0
2016-11-01,64710,2016-03-31,2,,,,,,,,,,,,,,,,,,,,1032374000000,,,,,,,,,,,,,,,,true,false,12,2015-04-01,2016-03-31,-1
2016-11-01,64710,2016-03-31,2,,,,,,,,,,,,,,,,,,,,,,,,,,,,,34.00,,,,551268104,9723762,,false,false,12,2015-04-01,2016-03-31,-1
2016-11-01,64710,2017-03-31,2,,,,,,,,,,,,,,,,,,,,,,,,,,,,,24.00,,,,,,,false,false,12,2016-04-01,2017-03-31,0
2016-11-01,64710,2017-03-31,2,,,,,,,,,,,,,,,,,,,,,,,,,,,,,38.00,,,,,,,false,true,12,2016-04-01,2017-03-31,0
2016-11-01,64710,2017-03-31,2,,,,,,,,,,,,,,,,,,,,,,,,,,,,,,,,,551268104,22866491,530160294,false,false,6,2016-04-01,2016-09-30,0
2016-11-01,64710,2016-03-31,2,,,,,,,,,,,,,,,,,,,,,,,,,,,,,,,,,,,541351293,false,false,6,2015-04-01,2015-09-30,-1
2017-02-01,64710,2017-03-31,3,697658000000,-0.051,,,,,45011000000,-0.384,,,,30281000000,,57.18,57.18,,,,,1048071000000,,,,,,,,,,,,,,,,true,false,9,2016-04-01,2016-12-31,0
2017-02-01,64710,2016-03-31,3,735457000000,,,,,,73114000000,,,,,48626000000,,89.82,89.74,,,,,,,,,,,,,,,,,,,,,true,false,9,2015-04-01,2015-12-31,-1
2017-02-01,64710,2017-03-31,3,920000000000,-0.057,,,,,65000000000,-0.274,,,,40000000000,,75.71,,,,,,,,,,,,,,,,,,,,,,true,true,12,2016-04-01,2017-03-31,0
2017-02-01,64710,2016-03-31,3,,,,,,,,,,,,,,,,,,,,1032374000000,,,,,,,,,,,,,,,,true,false,12,2015-04-01,2016-03-31,-1
2017-02-01,64710,2016-03-31,3,,,,,,,,,,,,,,,,,,,,,,,,,,,,,34.00,,,,551268104,9723762,,false,false,12,2015-04-01,2016-03-31,-1
2017-02-01,64710,2017-03-31,3,,,,,,,,,,,,,,,,,,,,,,,,,,,,,24.00,,,,,,,false,false,12,2016-04-01,2017-03-31,0
2017-02-01,64710,2017-03-31,3,,,,,,,,,,,,,,,,,,,,,,,,,,,,,38.00,,,,,,,false,true,12,2016-04-01,2017-03-31,0
2017-02-01,64710,2017-03-31,3,,,,,,,,,,,,,,,,,,,,,,,,,,,,,,,,,551268104,22868885,529573699,false,false,9,2016-04-01,2016-12-31,0
2017-02-01,64710,2016-03-31,3,,,,,,,,,,,,,,,,,,,,,,,,,,,,,,,,,,,541390996,false,false,9,2015-04-01,2015-12-31,-1
2017-05-10,64710,2017-03-31,,949170000000,-0.027,,,,,65341000000,-0.270,,,,45560000000,,86.08,86.03,,,0.069,,1043955000000,,,,,67936000000,-54243000000,-48413000000,,,0.441,,,,,,true,false,12,2016-04-01,2017-03-31,0
2017-05-10,64710,2016-03-31,,975319000000,0.000,,,,,89534000000,0.030,,,,65719000000,,121.38,121.30,,,0.092,,1032374000000,,,,,108622000000,-45212000000,-68073000000,,,0.280,,,,,,true,false,12,2015-04-01,2016-03-31,-1
2017-05-10,64710,2018-03-31,,474000000000,0.040,,,,,39000000000,0.427,,,,27000000000,,51.10,,,,,,,,,,,,,,,,,,,,,,true,true,6,2017-04-01,2017-09-30,1
2017-05-10,64710,2018-03-31,,960000000000,0.011,,,,,82000000000,0.255,,,,56000000000,,105.98,,,,,,,,,,,,,,,,0.359,,,,,,true,true,12,2017-04-01,2018-03-31,1
2017-05-10,64710,2017-03-31,,450407000000,0.015,,,,,-6428000000,,10336000000,-0.561,15308000000,,-0.329,28.82,28.82,,,,,707961000000,257185000000,0.362,483.12,256498000000,,,,,38.00,,,,551268104,22870726,529279774,false,false,12,2016-04-01,2017-03-31,0
2017-05-10,64710,2016-03-31,,443637000000,-0.045,,,,,9277000000,-0.569,23562000000,-0.389,22799000000,,-0.299,42.08,42.05,,,,,724535000000,275009000000,0.379,506.54,274532000000,,,,,34.00,,,,551268104,9723762,541423065,false,false,12,2015-04-01,2016-03-31,-1
2017-05-10,64710,2018-03-31,,,,,,,,,,,,,,,,,,,,,,,,,,,,,,38.00,,,,,,,false,true,12,2017-04-01,2018-03-31,1
2017-08-01,64710,2018-03-31,1,243834000000,0.052,,,,,23314000000,0.593,,,,16546000000,,31.31,31.29,,,,,1065149000000,,,,,,,,,,,,,,,,true,false,3,2017-04-01,2017-06-30,0
2017-08-01,64710,2017-03-31,1,231818000000,-0.077,,,,,14637000000,-0.449,,,,11634000000,,21.87,21.87,,,,,,,,,,,,,,,,,,,,,true,false,3,2016-04-01,2016-06-30,-1
2017-08-01,64710,2018-03-31,1,474000000000,0.040,,,,,39000000000,0.427,,,,27000000000,,51.10,,,,,,,,,,,,,,,,,,,,,,true,true,6,2017-04-01,2017-09-30,0
2017-08-01,64710,2018-03-31,1,960000000000,0.011,,,,,82000000000,0.255,,,,56000000000,,105.98,,,,,,,,,,,,,,,,,,,,,,true,true,12,2017-04-01,2018-03-31,0
2017-08-01,64710,2017-03-31,1,,,,,,,,,,,,,,,,,,,,1043955000000,,,,,,,,,,,,,,,,true,false,12,2016-04-01,2017-03-31,-1
2017-08-01,64710,2017-03-31,1,,,,,,,,,,,,,,,,,,,,,,,,,,,,,38.00,,,,551268104,22870726,,false,false,12,2016-04-01,2017-03-31,-1
2017-08-01,64710,2018-03-31,1,,,,,,,,,,,,,,,,,,,,,,,,,,,,,38.00,,,,,,,false,true,12,2017-04-01,2018-03-31,0
2017-08-01,64710,2018-03-31,1,,,,,,,,,,,,,,,,,,,,,,,,,,,,,,,,,551268104,22839868,528408393,false,false,3,2017-04-01,2017-06-30,0
2017-08-01,64710,2017-03-31,1,,,,,,,,,,,,,,,,,,,,,,,,,,,,,,,,,,,531931302,false,false,3,2016-04-01,2016-06-30,-1
2017-11-01,64710,2018-03-31,2,493325000000,0.083,,,,,42734000000,0.564,,,,28383000000,,53.71,53.66,,,,,1086354000000,,,,,,,,,,,,,,,,true,false,6,2017-04-01,2017-09-30,0
2017-11-01,64710,2017-03-31,2,455580000000,-0.070,,,,,27328000000,-0.437,,,,19869000000,,37.48,37.48,,,,,,,,,,,,,,,,,,,,,true,false,6,2016-04-01,2016-09-30,-1
2017-11-01,64710,2018-03-31,2,1000000000000,0.054,,,,,92000000000,0.408,,,,62000000000,,117.33,,,,,,,,,,,,,,,,,,,,,,true,true,12,2017-04-01,2018-03-31,0
2017-11-01,64710,2017-03-31,2,,,,,,,,,,,,,,,,,,,,1043955000000,,,,,,,,,,,,,,,,true,false,12,2016-04-01,2017-03-31,-1
2017-11-01,64710,2017-03-31,2,,,,,,,,,,,,,,,,,,,,,,,,,,,,,38.00,,,,551268104,22870726,,false,false,12,2016-04-01,2017-03-31,-1
2017-11-01,64710,2018-03-31,2,,,,,,,,,,,,,,,,,,,,,,,,,,,,,19.00,,,,,,,false,false,12,2017-04-01,2018-03-31,0
2017-11-01,64710,2018-03-31,2,,,,,,,,,,,,,,,,,,,,,,,,,,,,,38.00,,,,,,,false,true,12,2017-04-01,2018-03-31,0
2017-11-01,64710,2018-03-31,2,,,,,,,,,,,,,,,,,,,,,,,,,,,,,,,,,551268104,22827047,528420222,false,false,6,2017-04-01,2017-09-30,0
2017-11-01,64710,2017-03-31,2,,,,,,,,,,,,,,,,,,,,,,,,,,,,,,,,,,,530160294,false,false,6,2016-04-01,2016-09-30,-1
2017-11-01,64710,2018-03-31,,1000000000000,0.042,,,,,92000000000,0.122,,,,62000000000,,117.33,,,,,,,,,,,,,,,,,,,,,,true,true,12,2017-04-01,2018-03-31,0
2017-11-01,64710,2017-03-31,,949170000000,,,,,,65341000000,,,,,45560000000,,86.08,,,,,,,,,,,,,,,,,,,,,,true,false,12,2016-04-01,2017-03-31,-1
2018-02-02,64710,2018-03-31,3,757669000000,0.086,,,,,70681000000,0.570,,,,48084000000,,90.99,90.87,,,,,1109103000000,,,,,,,,,,,,,,,,true,false,9,2017-04-01,2017-12-31,0
2018-02-02,64710,2017-03-31,3,697658000000,-0.051,,,,,45011000000,-0.384,,,,30281000000,,57.18,57.18,,,,,,,,,,,,,,,,,,,,,true,false,9,2016-04-01,2016-12-31,-1
2018-02-02,64710,2018-03-31,3,1000000000000,0.054,,,,,92000000000,0.408,,,,62000000000,,117.33,,,,,,,,,,,,,,,,,,,,,,true,true,12,2017-04-01,2018-03-31,0
2018-02-02,64710,2017-03-31,3,,,,,,,,,,,,,,,,,,,,1043955000000,,,,,,,,,,,,,,,,true,false,12,2016-04-01,2017-03-31,-1
2018-02-02,64710,2017-03-31,3,,,,,,,,,,,,,,,,,,,,,,,,,,,,,38.00,,,,551268104,22870726,,false,false,12,2016-04-01,2017-03-31,-1
2018-02-02,64710,2018-03-31,3,,,,,,,,,,,,,,,,,,,,,,,,,,,,,19.00,,,,,,,false,false,12,2017-04-01,2018-03-31,0
2018-02-02,64710,2018-03-31,3,,,,,,,,,,,,,,,,,,,,,,,,,,,,,38.00,,,,,,,false,true,12,2017-04-01,2018-03-31,0
2018-02-02,64710,2018-03-31,3,,,,,,,,,,,,,,,,,,,,,,,,,,,,,,,,,551268104,22802172,528432794,false,false,9,2017-04-01,2017-12-31,0
2018-02-02,64710,2017-03-31,3,,,,,,,,,,,,,,,,,,,,,,,,,,,,,,,,,,,529573699,false,false,9,2016-04-01,2016-12-31,-1
2018-05-09,64710,2018-03-31,,1020338000000,0.075,,,,,97875000000,0.498,,,,69312000000,,131.16,130.96,,,0.096,,1092310000000,,,,,83746000000,-53001000000,-39804000000,,,0.305,,,,,,true,false,12,2017-04-01,2018-03-31,0
2018-05-09,64710,2017-03-31,,949170000000,-0.027,,,,,65341000000,-0.270,,,,45560000000,,86.08,86.03,,,0.069,,1043955000000,,,,,67936000000,-54243000000,-48413000000,,,0.441,,,,,,true,false,12,2016-04-01,2017-03-31,-1
2018-05-09,64710,2019-03-31,,509000000000,0.032,,,,,47000000000,0.100,,,,33000000000,,62.43,,,,,,,,,,,,,,,,,,,,,,true,true,6,2018-04-01,2018-09-30,1
2018-05-09,64710,2019-03-31,,1020000000000,-0.000,,,,,98000000000,0.001,,,,69000000000,,130.54,,,,,,,,,,,,,,,,0.306,,,,,,true,true,12,2018-04-01,2019-03-31,1
2018-05-09,64710,2018-03-31,,500535000000,0.111,,,,,9198000000,,37335000000,2.612,37751000000,,1.466,71.09,71.08,,,,,713496000000,282549000000,0.395,530.61,281854000000,,,,,40.00,,,,551268104,22707846,528456757,false,false,12,2017-04-01,2018-03-31,0
2018-05-09,64710,2017-03-31,,450407000000,0.015,,,,,-6428000000,,10336000000,-0.561,15308000000,,-0.329,28.82,28.82,,,,,707961000000,257185000000,0.362,483.12,256498000000,,,,,38.00,,,,551268104,22870726,529279774,false,false,12,2016-04-01,2017-03-31,-1
2018-05-09,64710,2019-03-31,,,,,,,,,,,,,,,,,,,,,,,,,,,,,,40.00,,,,,,,false,true,12,2018-04-01,2019-03-31,1
,64710,2018-03-31,,,,,,,,,,,,,,,,,,,,,,,,,,,,,,40.00,,,,,,,false,true,12,2017-04-01,2018-03-31,0
,64710,2018-03-31,,,,,,,,,,,,,,,,,,,,,,,,,,,,,,19.00,,,,,,,false,false,12,2017-04-01,2018-03-31,0
,64710,2017-03-31,,,,,,,,,,,,,,,,,,,,,,,,,,,,,,38.00,,,,,,,false,false,12,2016-04-01,2017-03-31,-1
2018-08-01,64710,2019-03-31,1,260694000000,0.069,,,,,24776000000,0.063,,,,17703000000,,33.49,33.44,,,,,1106586000000,,,,,,,,,,,,,,,,true,false,3,2018-04-01,2018-06-30,0
2018-08-01,64710,2018-03-31,1,243834000000,0.052,,,,,23314000000,0.593,,,,16546000000,,31.31,31.29,,,,,,,,,,,,,,,,,,,,,true,false,3,2017-04-01,2017-06-30,-1
2018-08-01,64710,2019-03-31,1,509000000000,0.032,,,,,47000000000,0.100,,,,33000000000,,62.72,,,,,,,,,,,,,,,,,,,,,,true,true,6,2018-04-01,2018-09-30,0
2018-08-01,64710,2019-03-31,1,1020000000000,-0.000,,,,,98000000000,0.001,,,,69000000000,,133.25,,,,,,,,,,,,,,,,,,,,,,true,true,12,2018-04-01,2019-03-31,0
2018-08-01,64710,2018-03-31,1,,,,,,,,,,,,,,,,,,,,1092310000000,,,,,,,,,,,,,,,,true,false,12,2017-04-01,2018-03-31,-1
2018-08-01,64710,2018-03-31,1,,,,,,,,,,,,,,,,,,,,,,,,,,,,,40.00,,,,551268104,22707846,,false,false,12,2017-04-01,2018-03-31,-1
2018-08-01,64710,2019-03-31,1,,,,,,,,,,,,,,,,,,,,,,,,,,,,,40.00,,,,,,,false,true,12,2018-04-01,2019-03-31,0
2018-08-01,64710,2019-03-31,1,,,,,,,,,,,,,,,,,,,,,,,,,,,,,,,,,551268104,22659501,528609422,false,false,3,2018-04-01,2018-06-30,0
2018-08-01,64710,2018-03-31,1,,,,,,,,,,,,,,,,,,,,,,,,,,,,,,,,,,,528408393,false,false,3,2017-04-01,2017-06-30,-1
2018-10-29,64710,2019-03-31,2,509576000000,0.033,,,,,44964000000,0.052,,,,30941000000,,58.79,58.69,,,,,1097410000000,,,,,,,,,,,,,,,,true,false,6,2018-04-01,2018-09-30,0
2018-10-29,64710,2018-03-31,2,493325000000,0.083,,,,,42734000000,0.564,,,,28383000000,,53.71,53.66,,,,,,,,,,,,,,,,,,,,,true,false,6,2017-04-01,2017-09-30,-1
2018-10-29,64710,2019-03-31,2,1010000000000,-0.010,,,,,93000000000,-0.050,,,,65000000000,,125.10,,,,,,,,,,,,,,,,,,,,,,true,true,12,2018-04-01,2019-03-31,0
2018-10-29,64710,2018-03-31,2,,,,,,,,,,,,,,,,,,,,1092310000000,,,,,,,,,,,,,,,,true,false,12,2017-04-01,2018-03-31,-1
2018-10-29,64710,2018-03-31,2,,,,,,,,,,,,,,,,,,,,,,,,,,,,,40.00,,,,551268104,22707846,,false,false,12,2017-04-01,2018-03-31,-1
2018-10-29,64710,2019-03-31,2,,,,,,,,,,,,,,,,,,,,,,,,,,,,,20.00,,,,,,,false,false,12,2018-04-01,2019-03-31,0
2018-10-29,64710,2019-03-31,2,,,,,,,,,,,,,,,,,,,,,,,,,,,,,40.00,,,,,,,false,true,12,2018-04-01,2019-03-31,0
2018-10-29,64710,2019-03-31,2,,,,,,,,,,,,,,,,,,,,,,,,,,,,,,,,,551268104,31450485,526301770,false,false,6,2018-04-01,2018-09-30,0
2018-10-29,64710,2018-03-31,2,,,,,,,,,,,,,,,,,,,,,,,,,,,,,,,,,,,528420222,false,false,6,2017-04-01,2017-09-30,-1
2019-02-01,64710,2019-03-31,3,757653000000,-0.000,,,,,66265000000,-0.062,,,,46778000000,,89.65,89.48,,,,,1080664000000,,,,,,,,,,,,,,,,true,false,9,2018-04-01,2018-12-31,0
2019-02-01,64710,2018-03-31,3,757669000000,0.086,,,,,70681000000,0.570,,,,48084000000,,90.99,90.87,,,,,,,,,,,,,,,,,,,,,true,false,9,2017-04-01,2017-12-31,-1
2019-02-01,64710,2019-03-31,3,985000000000,-0.035,,,,,83000000000,-0.152,,,,58000000000,,111.68,,,,,,,,,,,,,,,,,,,,,,true,true,12,2018-04-01,2019-03-31,0
2019-02-01,64710,2018-03-31,3,,,,,,,,,,,,,,,,,,,,1092310000000,,,,,,,,,,,,,,,,true,false,12,2017-04-01,2018-03-31,-1
2019-02-01,64710,2018-03-31,3,,,,,,,,,,,,,,,,,,,,,,,,,,,,,40.00,,,,551268104,22707846,,false,false,12,2017-04-01,2018-03-31,-1
2019-02-01,64710,2019-03-31,3,,,,,,,,,,,,,,,,,,,,,,,,,,,,,20.00,,,,,,,false,false,12,2018-04-01,2019-03-31,0
2019-02-01,64710,2019-03-31,3,,,,,,,,,,,,,,,,,,,,,,,,,,,,,40.00,,,,,,,false,true,12,2018-04-01,2019-03-31,0
2019-02-01,64710,2019-03-31,3,,,,,,,,,,,,,,,,,,,,,,,,,,,,,,,,,551268104,39259232,521798136,false,false,9,2018-04-01,2018-12-31,0
2019-02-01,64710,2018-03-31,3,,,,,,,,,,,,,,,,,,,,,,,,,,,,,,,,,,,528432794,false,false,9,2017-04-01,2017-12-31,-1
2019-05-09,64710,2019-03-31,,991365000000,-0.028,,,,,79279000000,-0.190,,,,55809000000,,107.46,107.24,,,0.080,,1086456000000,,,,,92617000000,-72673000000,-20477000000,,,0.372,,,,,,true,false,12,2018-04-01,2019-03-31,0
2019-05-09,64710,2018-03-31,,1020338000000,0.075,,,,,97875000000,0.498,,,,69312000000,,131.16,130.96,,,0.096,,1092310000000,,,,,83746000000,-53001000000,-39804000000,,,0.305,,,,,,true,false,12,2017-04-01,2018-03-31,-1
2019-05-09,64710,2020-03-31,,464000000000,-0.089,,,,,25000000000,-0.444,,,,19000000000,,37.11,,,,,,,,,,,,,,,,,,,,,,true,true,6,2019-04-01,2019-09-30,1
2019-05-09,64710,2020-03-31,,945000000000,-0.047,,,,,63000000000,-0.205,,,,45000000000,,87.89,,,,,,,,,,,,,,,,0.455,,,,,,true,true,12,2019-04-01,2020-03-31,1
2019-05-09,64710,2019-03-31,,493524000000,-0.014,,,,,3899000000,-0.576,28726000000,-0.230,28284000000,,-0.251,54.41,,,,,,691132000000,262221000000,0.378,510.36,261540000000,,,,,40.00,,,,551268104,39262010,519350336,false,false,12,2018-04-01,2019-03-31,0
2019-05-09,64710,2018-03-31,,500535000000,0.111,,,,,9198000000,,37328000000,5.465,37751000000,,1.466,71.09,71.08,,,,,708468000000,282549000000,0.398,530.61,281854000000,,,,,40.00,,,,551268104,22707846,528456757,false,false,12,2017-04-01,2018-03-31,-1
2019-05-09,64710,2020-03-31,,,,,,,,,,,,,,,,,,,,,,,,,,,,,,40.00,,,,,,,false,true,12,2019-04-01,2020-03-31,1
2019-07-29,64710,2020-03-31,1,222942000000,-0.145,,,,,10263000000,-0.586,,,,8838000000,,17.26,17.21,,,,,1085088000000,,,,,,,,,,,,,,,,true,false,3,2019-04-01,2019-06-30,0
2019-07-29,64710,2019-03-31,1,260694000000,0.069,,,,,24776000000,0.063,,,,17703000000,,33.49,33.44,,,,,,,,,,,,,,,,,,,,,true,false,3,2018-04-01,2018-06-30,-1
2019-07-29,64710,2020-03-31,1,464000000000,-0.089,,,,,25000000000,-0.444,,,,19000000000,,37.11,,,,,,,,,,,,,,,,,,,,,,true,true,6,2019-04-01,2019-09-30,0
2019-07-29,64710,2020-03-31,1,945000000000,-0.047,,,,,63000000000,-0.205,,,,45000000000,,87.89,,,,,,,,,,,,,,,,,,,,,,true,true,12,2019-04-01,2020-03-31,0
2019-07-29,64710,2019-03-31,1,,,,,,,,,,,,,,,,,,,,1086456000000,,,,,,,,,,,,,,,,true,false,12,2018-04-01,2019-03-31,-1
2019-07-29,64710,2019-03-31,1,,,,,,,,,,,,,,,,,,,,,,,,,,,,,40.00,,,,551268104,39262010,,false,false,12,2018-04-01,2019-03-31,-1
2019-07-29,64710,2020-03-31,1,,,,,,,,,,,,,,,,,,,,,,,,,,,,,40.00,,,,,,,false,true,12,2019-04-01,2020-03-31,0
2019-07-29,64710,2020-03-31,1,,,,,,,,,,,,,,,,,,,,,,,,,,,,,,,,,551268104,39126217,512108078,false,false,3,2019-04-01,2019-06-30,0
2019-07-29,64710,2019-03-31,1,,,,,,,,,,,,,,,,,,,,,,,,,,,,,,,,,,,528609422,false,false,3,2018-04-01,2018-06-30,-1
2019-10-30,64710,2020-03-31,2,434820000000,-0.147,,,,,15765000000,-0.649,,,,11816000000,,23.07,23.01,,,,,1064869000000,,,,,,,,,,,,,,,,true,false,6,2019-04-01,2019-09-30,0
2019-10-30,64710,2019-03-31,2,509576000000,0.033,,,,,44964000000,0.052,,,,30941000000,,58.79,58.69,,,,,,,,,,,,,,,,,,,,,true,false,6,2018-04-01,2018-09-30,-1
2019-10-30,64710,2020-03-31,2,860000000000,-0.133,,,,,32000000000,-0.596,,,,21000000000,,41.00,,,,,,,,,,,,,,,,,,,,,,true,true,12,2019-04-01,2020-03-31,0
2019-10-30,64710,2019-03-31,2,,,,,,,,,,,,,,,,,,,,1086456000000,,,,,,,,,,,,,,,,true,false,12,2018-04-01,2019-03-31,-1
2019-10-30,64710,2019-03-31,2,,,,,,,,,,,,,,,,,,,,,,,,,,,,,40.00,,,,551268104,39262010,,false,false,12,2018-04-01,2019-03-31,-1
2019-10-30,64710,2020-03-31,2,,,,,,,,,,,,,,,,,,,,,,,,,,,,,20.00,,,,,,,false,false,12,2019-04-01,2020-03-31,0
2019-10-30,64710,2020-03-31,2,,,,,,,,,,,,,,,,,,,,,,,,,,,,,40.00,,,,,,,false,true,12,2019-04-01,2020-03-31,0
2019-10-30,64710,2020-03-31,2,,,,,,,,,,,,,,,,,,,,,,,,,,,,,,,,,551268104,39109576,512129985,false,false,6,2019-04-01,2019-09-30,0
2019-10-30,64710,2019-03-31,2,,,,,,,,,,,,,,,,,,,,,,,,,,,,,,,,,,,526301770,false,false,6,2018-04-01,2018-09-30,-1
2020-01-30,64710,2020-03-31,3,641620000000,-0.153,,,,,22780000000,-0.656,,,,16272000000,,31.77,31.69,,,,,1083731000000,,,,,,,,,,,,,,,,true,false,9,2019-04-01,2019-12-31,0
2020-01-30,64710,2019-03-31,3,757653000000,-0.000,,,,,66265000000,-0.062,,,,46778000000,,89.65,89.48,,,,,,,,,,,,,,,,,,,,,true,false,9,2018-04-01,2018-12-31,-1
2020-01-30,64710,2020-03-31,3,860000000000,-0.133,,,,,32000000000,-0.596,,,,21000000000,,41.00,,,,,,,,,,,,,,,,,,,,,,true,true,12,2019-04-01,2020-03-31,0
2020-01-30,64710,2019-03-31,3,,,,,,,,,,,,,,,,,,,,1086456000000,,,,,,,,,,,,,,,,true,false,12,2018-04-01,2019-03-31,-1
2020-01-30,64710,2019-03-31,3,,,,,,,,,,,,,,,,,,,,,,,,,,,,,40.00,,,,551268104,39262010,,false,false,12,2018-04-01,2019-03-31,-1
2020-01-30,64710,2020-03-31,3,,,,,,,,,,,,,,,,,,,,,,,,,,,,,20.00,,,,,,,false,false,12,2019-04-01,2020-03-31,0
2020-01-30,64710,2020-03-31,3,,,,,,,,,,,,,,,,,,,,,,,,,,,,,40.00,,,,,,,false,true,12,2019-04-01,2020-03-31,0
2020-01-30,64710,2020-03-31,3,,,,,,,,,,,,,,,,,,,,,,,,,,,,,,,,,551268104,39110012,512138582,false,false,9,2019-04-01,2019-12-31,0
2020-01-30,64710,2019-03-31,3,,,,,,,,,,,,,,,,,,,,,,,,,,,,,,,,,,,521798136,false,false,9,2018-04-01,2018-12-31,-1
2020-06-02,64710,2020-03-31,,831034000000,-0.162,,,,,23604000000,-0.702,,,,17412000000,,34.00,33.91,,,0.028,,1029884000000,,,,,72387000000,-39784000000,-21333000000,,,0.882,,,,,,true,false,12,2019-04-01,2020-03-31,0
2020-06-02,64710,2019-03-31,,991365000000,-0.028,,,,,79279000000,-0.190,,,,55809000000,,107.46,107.24,,,0.080,,1086456000000,,,,,92617000000,-72673000000,-20477000000,,,0.372,,,,,,true,false,12,2018-04-01,2019-03-31,-1
2020-06-02,64710,2020-03-31,,427006000000,-0.135,,,,,-6372000000,,19706000000,-0.314,21267000000,,-0.248,41.49,,,,,,666368000000,252086000000,0.378,490.93,251664000000,,,,,30.00,,,,551268104,39111034,512142780,false,false,12,2019-04-01,2020-03-31,0
2020-06-02,64710,2019-03-31,,493524000000,-0.014,,,,,3899000000,-0.576,28726000000,-0.230,28284000000,,-0.251,54.41,,,,,,691132000000,262221000000,0.378,510.36,261540000000,,,,,40.00,,,,551268104,39262010,519350336,false,false,12,2018-04-01,2019-03-31,-1
2020-08-04,64710,2021-03-31,1,128870000000,-0.422,,,,,-12903000000,,,,,-9699000000,,-18.94,-18.94,,,,,1060030000000,,,,,,,,,,,,,,,,true,false,3,2020-04-01,2020-06-30,0
2020-08-04,64710,2020-03-31,1,222942000000,-0.145,,,,,10263000000,-0.586,,,,8838000000,,17.26,17.21,,,,,,,,,,,,,,,,,,,,,true,false,3,2019-04-01,2019-06-30,-1
2020-08-04,64710,2021-03-31,1,720000000000,-0.134,,,,,1000000000,-0.958,,,,0,,0.00,,,,,,,,,,,,,,,,,,,,,,true,true,12,2020-04-01,2021-03-31,0
2020-08-04,64710,2020-03-31,1,,,,,,,,,,,,,,,,,,,,1029884000000,,,,,,,,,,,,,,,,true,false,12,2019-04-01,2020-03-31,-1
2020-08-04,64710,2020-03-31,1,,,,,,,,,,,,,,,,,,,,,,,,,,,,,30.00,,,,551268104,39111034,,false,false,12,2019-04-01,2020-03-31,-1
2020-08-04,64710,2021-03-31,1,,,,,,,,,,,,,,,,,,,,,,,,,,,,,,,,,551268104,39099123,512164857,false,false,3,2020-04-01,2020-06-30,0
2020-08-04,64710,2020-03-31,1,,,,,,,,,,,,,,,,,,,,,,,,,,,,,,,,,,,512108078,false,false,3,2019-04-01,2019-06-30,-1
2020-11-02,64710,2021-03-31,2,315892000000,-0.274,,,,,-10636000000,,,,,-12287000000,,-23.98,-23.98,,,,,1077037000000,,,,,,,,,,,,,,,,true,false,6,2020-04-01,2020-09-30,0
2020-11-02,64710,2020-03-31,2,434820000000,-0.147,,,,,15765000000,-0.649,,,,11816000000,,23.07,23.01,,,,,,,,,,,,,,,,,,,,,true,false,6,2019-04-01,2019-09-30,-1
2020-11-02,64710,2021-03-31,2,720000000000,-0.134,,,,,1000000000,-0.958,,,,0,,0.00,,,,,,,,,,,,,,,,,,,,,,true,true,12,2020-04-01,2021-03-31,0
2020-11-02,64710,2020-03-31,2,,,,,,,,,,,,,,,,,,,,1029884000000,,,,,,,,,,,,,,,,true,false,12,2019-04-01,2020-03-31,-1
2020-11-02,64710,2020-03-31,2,,,,,,,,,,,,,,,,,,,,,,,,,,,,,30.00,,,,551268104,39111034,,false,false,12,2019-04-01,2020-03-31,-1
2020-11-02,64710,2021-03-31,2,,,,,,,,,,,,,,,,,,,,,,,,,,,,,10.00,,,,,,,false,false,12,2020-04-01,2021-03-31,0
2020-11-02,64710,2021-03-31,2,,,,,,,,,,,,,,,,,,,,,,,,,,,,,20.00,,,,,,,false,true,12,2020-04-01,2021-03-31,0
2020-11-02,64710,2021-03-31,2,,,,,,,,,,,,,,,,,,,,,,,,,,,,,,,,,551268104,38730634,512323051,false,false,6,2020-04-01,2020-09-30,0
2020-11-02,64710,2020-03-31,2,,,,,,,,,,,,,,,,,,,,,,,,,,,,,,,,,,,512129985,false,false,6,2019-04-01,2019-09-30,-1
2021-02-02,64710,2021-03-31,3,530338000000,-0.173,,,,,-4977000000,,,,,-7948000000,,-15.51,-15.51,,,,,1116997000000,,,,,,,,,,,,,,,,true,false,9,2020-04-01,2020-12-31,0
2021-02-02,64710,2020-03-31,3,641620000000,-0.153,,,,,22780000000,-0.656,,,,16272000000,,31.77,31.69,,,,,,,,,,,,,,,,,,,,,true,false,9,2019-04-01,2019-12-31,-1
2021-02-02,64710,2021-03-31,3,740000000000,-0.110,,,,,4000000000,-0.831,,,,500000000,,0.98,,,,,,,,,,,,,,,,,,,,,,true,true,12,2020-04-01,2021-03-31,0
2021-02-02,64710,2020-03-31,3,,,,,,,,,,,,,,,,,,,,1029884000000,,,,,,,,,,,,,,,,true,false,12,2019-04-01,2020-03-31,-1
2021-02-02,64710,2020-03-31,3,,,,,,,,,,,,,,,,,,,,,,,,,,,,,30.00,,,,551268104,39111034,,false,false,12,2019-04-01,2020-03-31,-1
2021-02-02,64710,2021-03-31,3,,,,,,,,,,,,,,,,,,,,,,,,,,,,,10.00,,,,,,,false,false,12,2020-04-01,2021-03-31,0
2021-02-02,64710,2021-03-31,3,,,,,,,,,,,,,,,,,,,,,,,,,,,,,20.00,,,,,,,false,true,12,2020-04-01,2021-03-31,0
2021-02-02,64710,2021-03-31,3,,,,,,,,,,,,,,,,,,,,,,,,,,,,,,,,,551268104,38719352,512390237,false,false,9,2020-04-01,2020-12-31,0
2021-02-02,64710,2020-03-31,3,,,,,,,,,,,,,,,,,,,,,,,,,,,,,,,,,,,512138582,false,false,9,2019-04-01,2019-12-31,-1
2021-05-11,64710,2021-03-31,,747559000000,-0.100,,,,,6364000000,-0.730,,,,355000000,,0.69,0.69,,,0.009,,1167498000000,,,,,53842000000,-51096000000,29992000000,,,28.858,,,,,,true,false,12,2020-04-01,2021-03-31,0
2021-05-11,64710,2020-03-31,,831034000000,-0.162,,,,,23604000000,-0.702,,,,17412000000,,34.00,33.91,,,0.028,,1029884000000,,,,,72387000000,-39784000000,-21333000000,,,0.882,,,,,,true,false,12,2019-04-01,2020-03-31,-1
2021-05-11,64710,2022-03-31,,425000000000,0.345,,,,,18000000000,,,,,13000000000,,25.36,,,,,,,,,,,,,,,,,,,,,,true,true,6,2021-04-01,2021-09-30,1
2021-05-11,64710,2022-03-31,,860000000000,0.150,,,,,53000000000,7.327,,,,38000000000,,74.14,,,,,,,,,,,,,,,,0.337,,,,,,true,true,12,2021-04-01,2022-03-31,1
2021-05-11,64710,2021-03-31,,389199000000,-0.089,,,,,-3108000000,,15329000000,-0.215,16178000000,,-0.239,31.54,,,,,,717129000000,273959000000,0.381,533.22,273554000000,,,,,20.00,,,,551268104,38717721,512427148,false,false,12,2020-04-01,2021-03-31,0
2021-05-11,64710,2020-03-31,,427006000000,-0.135,,,,,-6372000000,,19518000000,-0.321,21267000000,,-0.248,41.49,,,,,,666368000000,252086000000,0.378,490.93,251664000000,,,,,30.00,,,,551268104,39111034,512142780,false,false,12,2019-04-01,2020-03-31,-1
2021-05-11,64710,2022-03-31,,,,,,,,,,,,,,,,,,,,,,,,,,,,,,25.00,,,,,,,false,true,12,2021-04-01,2022-03-31,1
2021-07-30,64710,2022-03-31,1,213458000000,0.656,,,,,9177000000,,,,,4833000000,,9.43,9.40,,,,,1172294000000,,,,,,,,,,,,,,,,true,false,3,2021-04-01,2021-06-30,0
2021-07-30,64710,2021-03-31,1,128870000000,-0.422,,,,,-12903000000,,,,,-9699000000,,-18.94,-18.94,,,,,,,,,,,,,,,,,,,,,true,false,3,2020-04-01,2020-06-30,-1
2021-07-30,64710,2022-03-31,1,425000000000,0.345,,,,,18000000000,,,,,13000000000,,25.36,,,,,,,,,,,,,,,,,,,,,,true,true,6,2021-04-01,2021-09-30,0
2021-07-30,64710,2022-03-31,1,860000000000,0.150,,,,,53000000000,7.327,,,,38000000000,,74.14,,,,,,,,,,,,,,,,,,,,,,true,true,12,2021-04-01,2022-03-31,0
2021-07-30,64710,2021-03-31,1,,,,,,,,,,,,,,,,,,,,1167498000000,,,,,,,,,,,,,,,,true,false,12,2020-04-01,2021-03-31,-1
2021-07-30,64710,2021-03-31,1,,,,,,,,,,,,,,,,,,,,,,,,,,,,,20.00,,,,551268104,38717721,,false,false,12,2020-04-01,2021-03-31,-1
2021-07-30,64710,2022-03-31,1,,,,,,,,,,,,,,,,,,,,,,,,,,,,,25.00,,,,,,,false,true,12,2021-04-01,2022-03-31,0
2021-07-30,64710,2022-03-31,1,,,,,,,,,,,,,,,,,,,,,,,,,,,,,,,,,551268104,38713303,512553816,false,false,3,2021-04-01,2021-06-30,0
2021-07-30,64710,2021-03-31,1,,,,,,,,,,,,,,,,,,,,,,,,,,,,,,,,,,,512164857,false,false,3,2020-04-01,2020-06-30,-1
2021-11-01,64710,2022-03-31,2,417764000000,0.322,,,,,15989000000,,,,,7970000000,,15.55,15.50,,,,,1162613000000,,,,,,,,,,,,,,,,true,false,6,2021-04-01,2021-09-30,0
2021-11-01,64710,2021-03-31,2,315892000000,-0.274,,,,,-10636000000,,,,,-12287000000,,-23.98,-23.98,,,,,,,,,,,,,,,,,,,,,true,false,6,2020-04-01,2020-09-30,-1
2021-11-01,64710,2022-03-31,2,860000000000,0.150,,,,,44500000000,5.992,,,,30000000000,,58.51,,,,,,,,,,,,,,,,,,,,,,true,true,12,2021-04-01,2022-03-31,0
2021-11-01,64710,2021-03-31,2,,,,,,,,,,,,,,,,,,,,1167498000000,,,,,,,,,,,,,,,,true,false,12,2020-04-01,2021-03-31,-1
2021-11-01,64710,2021-03-31,2,,,,,,,,,,,,,,,,,,,,,,,,,,,,,20.00,,,,551268104,38717721,,false,false,12,2020-04-01,2021-03-31,-1
2021-11-01,64710,2022-03-31,2,,,,,,,,,,,,,,,,,,,,,,,,,,,,,10.00,,,,,,,false,false,12,2021-04-01,2022-03-31,0
2021-11-01,64710,2022-03-31,2,,,,,,,,,,,,,,,,,,,,,,,,,,,,,25.00,,,,,,,false,true,12,2021-04-01,2022-03-31,0
2021-11-01,64710,2022-03-31,2,,,,,,,,,,,,,,,,,,,,,,,,,,,,,,,,,551268104,38417300,512681371,false,false,6,2021-04-01,2021-09-30,0
2021-11-01,64710,2021-03-31,2,,,,,,,,,,,,,,,,,,,,,,,,,,,,,,,,,,,512323051,false,false,6,2020-04-01,2020-09-30,-1
2022-01-31,64710,2022-03-31,3,632780000000,0.193,,,,,20790000000,,,,,12055000000,,23.51,23.44,,,,,1200762000000,,,,,,,,,,,,,,,,true,false,9,2021-04-01,2021-12-31,0
2022-01-31,64710,2021-03-31,3,530338000000,-0.173,,,,,-4977000000,,,,,-7948000000,,-15.51,-15.51,,,,,,,,,,,,,,,,,,,,,true,false,9,2020-04-01,2020-12-31,-1
2022-01-31,64710,2022-03-31,3,860000000000,0.150,,,,,30000000000,3.714,,,,19500000000,,38.03,,,,,,,,,,,,,,,,,,,,,,true,true,12,2021-04-01,2022-03-31,0
2022-01-31,64710,2021-03-31,3,,,,,,,,,,,,,,,,,,,,1171699000000,,,,,,,,,,,,,,,,true,false,12,2020-04-01,2021-03-31,-1
2022-01-31,64710,2021-03-31,3,,,,,,,,,,,,,,,,,,,,,,,,,,,,,20.00,,,,551268104,38717721,,false,false,12,2020-04-01,2021-03-31,-1
2022-01-31,64710,2022-03-31,3,,,,,,,,,,,,,,,,,,,,,,,,,,,,,10.00,,,,,,,false,false,12,2021-04-01,2022-03-31,0
2022-01-31,64710,2022-03-31,3,,,,,,,,,,,,,,,,,,,,,,,,,,,,,25.00,,,,,,,false,true,12,2021-04-01,2022-03-31,0
2022-01-31,64710,2022-03-31,3,,,,,,,,,,,,,,,,,,,,,,,,,,,,,,,,,551268104,38415953,512732615,false,false,9,2021-04-01,2021-12-31,0
2022-01-31,64710,2021-03-31,3,,,,,,,,,,,,,,,,,,,,,,,,,,,,,,,,,,,512390237,false,false,9,2020-04-01,2020-12-31,-1
2022-05-10,64710,2022-03-31,,865166000000,0.157,,,,,29430000000,3.624,,,,16587000000,,32.35,32.26,,,0.034,,1234551000000,,,,,22733000000,-19973000000,-48224000000,,,0.773,,,,,,true,false,12,2021-04-01,2022-03-31,0
2022-05-10,64710,2021-03-31,,747559000000,-0.100,,,,,6364000000,-0.730,,,,355000000,,0.69,0.69,,,0.009,,1171699000000,,,,,53842000000,-51096000000,29992000000,,,28.858,,,,,,true,false,12,2020-04-01,2021-03-31,-1
2022-05-10,64710,2023-03-31,,450000000000,0.077,,,,,11000000000,-0.299,,,,7000000000,,13.65,,,,,,,,,,,,,,,,,,,,,,true,true,6,2022-04-01,2022-09-30,1
2022-05-10,64710,2023-03-31,,940000000000,0.086,,,,,40000000000,0.359,,,,27000000000,,52.65,,,,,,,,,,,,,,,,0.570,,,,,,true,true,12,2022-04-01,2023-03-31,1
2022-05-10,64710,2022-03-31,,446623000000,0.148,,,,,8143000000,,26842000000,0.751,34379000000,,1.125,66.99,,,,,,715771000000,291484000000,0.407,567.18,291154000000,,,,,25.00,,,,551268104,38413984,512760152,false,false,12,2021-04-01,2022-03-31,0
2022-05-10,64710,2021-03-31,,389199000000,-0.089,,,,,-3108000000,,15329000000,-0.215,16178000000,,-0.239,31.54,,,,,,717129000000,273959000000,0.381,533.22,273554000000,,,,,20.00,,,,551268104,38717721,512427148,false,false,12,2020-04-01,2021-03-31,-1
2022-05-10,64710,2023-03-31,,,,,,,,,,,,,,,,,,,,,,,,,,,,,,30.00,,,,,,,false,true,12,2022-04-01,2023-03-31,1
2022-05-10,64710,2022-03-31,,865166000000,0.157,,,,,29430000000,3.624,,,,16587000000,,32.35,32.26,,,0.034,,1234551000000,,,,,22733000000,-19973000000,-48224000000,,,0.773,,,,,,true,false,12,2021-04-01,2022-03-31,0
2022-05-10,64710,2021-03-31,,747559000000,-0.100,,,,,6364000000,-0.730,,,,355000000,,0.69,0.69,,,0.009,,1171699000000,,,,,53842000000,-51096000000,29992000000,,,28.858,,,,,,true,false,12,2020-04-01,2021-03-31,-1
2022-05-10,64710,2023-03-31,,450000000000,0.077,,,,,11000000000,-0.299,,,,7000000000,,13.65,,,,,,,,,,,,,,,,,,,,,,true,true,6,2022-04-01,2022-09-30,1
2022-05-10,64710,2023-03-31,,940000000000,0.086,,,,,40000000000,0.359,,,,27000000000,,52.65,,,,,,,,,,,,,,,,0.570,,,,,,true,true,12,2022-04-01,2023-03-31,1
2022-05-10,64710,2022-03-31,,446623000000,0.148,,,,,8143000000,,26842000000,0.751,34379000000,,1.125,66.99,,,,,,715771000000,291484000000,0.407,567.18,291154000000,,,,,25.00,,,,551268104,38413984,512760152,false,false,12,2021-04-01,2022-03-31,0
2022-05-10,64710,2021-03-31,,389199000000,-0.089,,,,,-3108000000,,15329000000,-0.222,16178000000,,-0.239,31.54,,,,,,717129000000,273959000000,0.381,533.22,273554000000,,,,,20.00,,,,551268104,38717721,512427148,false,false,12,2020-04-01,2021-03-31,-1
2022-05-10,64710,2023-03-31,,,,,,,,,,,,,,,,,,,,,,,,,,,,,,30.00,,,,,,,false,true,12,2022-04-01,2023-03-31,1
2022-07-29,64710,2023-03-31,1,219387000000,0.028,,,,,4538000000,-0.496,,,,1320000000,,2.57,2.57,,,,,1255938000000,,,,,,,,,,,,,,,,true,false,3,2022-04-01,2022-06-30,0
2022-07-29,64710,2022-03-31,1,213458000000,0.656,,,,,9004000000,,,,,4712000000,,9.19,9.16,,,,,,,,,,,,,,,,,,,,,true,false,3,2021-04-01,2021-06-30,-1
2022-07-29,64710,2023-03-31,1,450000000000,0.077,,,,,11000000000,-0.299,,,,7000000000,,13.65,,,,,,,,,,,,,,,,,,,,,,true,true,6,2022-04-01,2022-09-30,0
2022-07-29,64710,2023-03-31,1,940000000000,0.086,,,,,40000000000,0.359,,,,27000000000,,52.65,,,,,,,,,,,,,,,,,,,,,,true,true,12,2022-04-01,2023-03-31,0
2022-07-29,64710,2022-03-31,1,,,,,,,,,,,,,,,,,,,,1234551000000,,,,,,,,,,,,,,,,true,false,12,2021-04-01,2022-03-31,-1
2022-07-29,64710,2022-03-31,1,,,,,,,,,,,,,,,,,,,,,,,,,,,,,25.00,,,,551268104,38413984,,false,false,12,2021-04-01,2022-03-31,-1
2022-07-29,64710,2023-03-31,1,,,,,,,,,,,,,,,,,,,,,,,,,,,,,30.00,,,,,,,false,true,12,2022-04-01,2023-03-31,0
2022-07-29,64710,2023-03-31,1,,,,,,,,,,,,,,,,,,,,,,,,,,,,,,,,,551268104,38410565,512857741,false,false,3,2022-04-01,2022-06-30,0
2022-07-29,64710,2022-03-31,1,,,,,,,,,,,,,,,,,,,,,,,,,,,,,,,,,,,512553816,false,false,3,2021-04-01,2021-06-30,-1
2022-10-31,64710,2023-03-31,2,463824000000,0.110,,,,,13523000000,-0.138,,,,6027000000,,11.75,11.71,,,,,1265937000000,,,,,,,,,,,,,,,,true,false,6,2022-04-01,2022-09-30,0
2022-10-31,64710,2022-03-31,2,417764000000,0.322,,,,,15688000000,,,,,7760000000,,15.14,15.09,,,,,,,,,,,,,,,,,,,,,true,false,6,2021-04-01,2021-09-30,-1
2022-10-31,64710,2023-03-31,2,980000000000,0.133,,,,,44000000000,0.495,,,,27000000000,,52.63,,,,,,,,,,,,,,,,,,,,,,true,true,12,2022-04-01,2023-03-31,0
2022-10-31,64710,2022-03-31,2,,,,,,,,,,,,,,,,,,,,1234551000000,,,,,,,,,,,,,,,,true,false,12,2021-04-01,2022-03-31,-1
2022-10-31,64710,2022-03-31,2,,,,,,,,,,,,,,,,,,,,,,,,,,,,,25.00,,,,551268104,38413984,,false,false,12,2021-04-01,2022-03-31,-1
2022-10-31,64710,2023-03-31,2,,,,,,,,,,,,,,,,,,,,,,,,,,,,,15.00,,,,,,,false,false,12,2022-04-01,2023-03-31,0
2022-10-31,64710,2023-03-31,2,,,,,,,,,,,,,,,,,,,,,,,,,,,,,30.00,,,,,,,false,true,12,2022-04-01,2023-03-31,0
2022-10-31,64710,2023-03-31,2,,,,,,,,,,,,,,,,,,,,,,,,,,,,,,,,,551268104,38170245,512960705,false,false,6,2022-04-01,2022-09-30,0
2022-10-31,64710,2022-03-31,2,,,,,,,,,,,,,,,,,,,,,,,,,,,,,,,,,,,512681371,false,false,6,2021-04-01,2021-09-30,-1
2023-02-01,64710,2023-03-31,3,700180000000,0.107,,,,,21982000000,0.057,,,,10926000000,,21.30,21.23,,,,,1201318000000,,,,,,,,,,,,,,,,true,false,9,2022-04-01,2022-12-31,0
2023-02-01,64710,2022-03-31,3,632780000000,0.193,,,,,20790000000,,,,,12055000000,,23.51,23.44,,,,,,,,,,,,,,,,,,,,,true,false,9,2021-04-01,2021-12-31,-1
2023-02-01,64710,2023-03-31,3,930000000000,0.075,,,,,28000000000,-0.049,,,,13500000000,,26.31,,,,,,,,,,,,,,,,,,,,,,true,true,12,2022-04-01,2023-03-31,0
2023-02-01,64710,2022-03-31,3,,,,,,,,,,,,,,,,,,,,1234551000000,,,,,,,,,,,,,,,,true,false,12,2021-04-01,2022-03-31,-1
2023-02-01,64710,2022-03-31,3,,,,,,,,,,,,,,,,,,,,,,,,,,,,,25.00,,,,551268104,38413984,,false,false,12,2021-04-01,2022-03-31,-1
2023-02-01,64710,2023-03-31,3,,,,,,,,,,,,,,,,,,,,,,,,,,,,,15.00,,,,,,,false,false,12,2022-04-01,2023-03-31,0
2023-02-01,64710,2023-03-31,3,,,,,,,,,,,,,,,,,,,,,,,,,,,,,30.00,,,,,,,false,true,12,2022-04-01,2023-03-31,0
2023-02-01,64710,2023-03-31,3,,,,,,,,,,,,,,,,,,,,,,,,,,,,,,,,,551268104,38164192,513004169,false,false,9,2022-04-01,2022-12-31,0
2023-02-01,64710,2022-03-31,3,,,,,,,,,,,,,,,,,,,,,,,,,,,,,,,,,,,512732615,false,false,9,2021-04-01,2021-12-31,-1
2023-05-12,64710,2023-03-31,,938098000000,0.084,,,,,32936000000,0.119,,,,18412000000,,35.89,35.77,,,0.035,,1233256000000,,,,,64163000000,-48778000000,4417000000,,,0.836,,,,,,true,false,12,2022-04-01,2023-03-31,0
2023-05-12,64710,2022-03-31,,865166000000,0.157,,,,,29430000000,3.624,,,,16587000000,,32.35,32.26,,,0.034,,1234551000000,,,,,22733000000,-19973000000,-48224000000,,,0.773,,,,,,true,false,12,2021-04-01,2022-03-31,-1
2023-05-12,64710,2024-03-31,,476000000000,0.026,,,,,8500000000,-0.371,,,,4000000000,,8.08,,,,,,,,,,,,,,,,,,,,,,true,true,6,2023-04-01,2023-09-30,1
2023-05-12,64710,2024-03-31,,990000000000,0.055,,,,,41500000000,0.260,,,,25500000000,,51.83,,,,,,,,,,,,,,,,0.579,,,,,,true,true,12,2023-04-01,2024-03-31,1
2023-05-12,64710,2023-03-31,,452351000000,0.013,,,,,12370000000,0.519,52723000000,0.964,49876000000,,0.451,97.13,,,,,,755144000000,320357000000,0.424,623.14,320047000000,,,,,30.00,,,,551268104,38152172,513029005,false,false,12,2022-04-01,2023-03-31,0
2023-05-12,64710,2022-03-31,,446623000000,0.148,,,,,8143000000,,26842000000,0.751,34379000000,,1.125,66.99,,,,,,715771000000,291484000000,0.407,567.18,291154000000,,,,,25.00,,,,551268104,38413984,512760152,false,false,12,2021-04-01,2022-03-31,-1
2023-05-12,64710,2024-03-31,,,,,,,,,,,,,,,,,,,,,,,,,,,,,,30.00,,,,,,,false,true,12,2023-04-01,2024-03-31,1
2023-07-31,64710,2024-03-31,1,188247000000,0.026,,,,,4128000000,-0.507,,,,-929000000,,-1.85,-1.85,,,,,1257877000000,,,,,,,,,,,,,,,,true,false,3,2023-04-01,2023-06-30,0
2023-07-31,64710,2023-03-31,1,183461000000,,,,,,8367000000,,,,,1320000000,,2.57,2.57,,,,,,,,,,,,,,,,,,,,,true,false,3,2022-04-01,2022-06-30,-1
2023-07-31,64710,2024-03-31,1,392000000000,0.015,,,,,14000000000,-0.286,,,,6000000000,,12.11,,,,,,,,,,,,,,,,,,,,,,true,true,6,2023-04-01,2023-09-30,0
2023-07-31,64710,2024-03-31,1,808000000000,0.040,,,,,44000000000,0.004,,,,25500000000,,51.82,,,,,,,,,,,,,,,,,,,,,,true,true,12,2023-04-01,2024-03-31,0
2023-07-31,64710,2023-03-31,1,,,,,,,,,,,,,,,,,,,,1233256000000,,,,,,,,,,,,,,,,true,false,12,2022-04-01,2023-03-31,-1
2023-07-31,64710,2023-03-31,1,,,,,,,,,,,,,,,,,,,,,,,,,,,,,30.00,,,,551268104,38152172,,false,false,12,2022-04-01,2023-03-31,-1
2023-07-31,64710,2024-03-31,1,,,,,,,,,,,,,,,,,,,,,,,,,,,,,30.00,,,,,,,false,true,12,2023-04-01,2024-03-31,0
2023-07-31,64710,2024-03-31,1,,,,,,,,,,,,,,,,,,,,,,,,,,,,,,,,,551268104,63148654,501057627,false,false,3,2023-04-01,2023-06-30,0
2023-07-31,64710,2023-03-31,1,,,,,,,,,,,,,,,,,,,,,,,,,,,,,,,,,,,512857741,false,false,3,2022-04-01,2022-06-30,-1
2023-10-31,64710,2024-03-31,2,800000000000,-0.147,,,,,30000000000,-0.089,,,,14000000000,,28.43,,,,,,,,,,,,,,,,,,,,,,true,true,12,2023-04-01,2024-03-31,0
2023-10-31,64710,2024-03-31,2,,,,,,,11123000000,-0.433,,,,659000000,,1.33,1.33,,,,,1311989000000,,,,,,,,,,,,,,,,true,false,6,2023-04-01,2023-09-30,0
2023-10-31,64710,2023-03-31,2,,,,,,,19606000000,,,,,6027000000,,11.75,11.71,,,,,,,,,,,,,,,,,,,,,true,false,6,2022-04-01,2022-09-30,-1
2023-10-31,64710,2023-03-31,2,,,,,,,,,,,,,,,,,,,,1233256000000,,,,,,,,,,,,,,,,true,false,12,2022-04-01,2023-03-31,-1
2023-10-31,64710,2023-03-31,2,,,,,,,,,,,,,,,,,,,,,,,,,,,,,30.00,,,,551268104,38152172,,false,false,12,2022-04-01,2023-03-31,-1
2023-10-31,64710,2024-03-31,2,,,,,,,,,,,,,,,,,,,,,,,,,,,,,15.00,,,,,,,false,false,12,2023-04-01,2024-03-31,0
2023-10-31,64710,2024-03-31,2,,,,,,,,,,,,,,,,,,,,,,,,,,,,,30.00,,,,,,,false,true,12,2023-04-01,2024-03-31,0
2023-10-31,64710,2024-03-31,2,,,,,,,,,,,,,,,,,,,,,,,,,,,,,,,,,500000000,11377298,495720569,false,false,6,2023-04-01,2023-09-30,0
2023-10-31,64710,2023-03-31,2,,,,,,,,,,,,,,,,,,,,,,,,,,,,,,,,,,,512960705,false,false,6,2022-04-01,2022-09-30,-1
2024-02-02,64710,2024-03-31,3,588059000000,0.012,,,,,19303000000,-0.354,,,,4723000000,,9.57,9.53,,,,,1261083000000,,,,,,,,,,,,,,,,true,false,9,2023-04-01,2023-12-31,0
2024-02-02,64710,2023-03-31,3,580871000000,,,,,,29874000000,,,,,10926000000,,21.30,21.23,,,,,,,,,,,,,,,,,,,,,true,false,9,2022-04-01,2022-12-31,-1
2024-02-02,64710,2024-03-31,3,800000000000,0.030,,,,,30000000000,-0.316,,,,14000000000,,28.43,,,,,,,,,,,,,,,,,,,,,,true,true,12,2023-04-01,2024-03-31,0
2024-02-02,64710,2023-03-31,3,,,,,,,,,,,,,,,,,,,,1233256000000,,,,,,,,,,,,,,,,true,false,12,2022-04-01,2023-03-31,-1
2024-02-02,64710,2023-03-31,3,,,,,,,,,,,,,,,,,,,,,,,,,,,,,30.00,,,,551268104,38152172,,false,false,12,2022-04-01,2023-03-31,-1
2024-02-02,64710,2024-03-31,3,,,,,,,,,,,,,,,,,,,,,,,,,,,,,15.00,,,,,,,false,false,12,2023-04-01,2024-03-31,0
2024-02-02,64710,2024-03-31,3,,,,,,,,,,,,,,,,,,,,,,,,,,,,,30.00,,,,,,,false,true,12,2023-04-01,2024-03-31,0
2024-02-02,64710,2024-03-31,3,,,,,,,,,,,,,,,,,,,,,,,,,,,,,,,,,500000000,11322142,493598219,false,false,9,2023-04-01,2023-12-31,0
2024-02-02,64710,2023-03-31,3,,,,,,,,,,,,,,,,,,,,,,,,,,,,,,,,,,,513004169,false,false,9,2022-04-01,2022-12-31,-1
2024-05-09,64710,2024-03-31,,788867000000,0.016,,,,,27391000000,-0.375,,,,8502000000,,17.27,17.20,,,0.035,,1298077000000,,,,,99818000000,-90814000000,-24780000000,,,1.738,,,,,,true,false,12,2023-04-01,2024-03-31,0
2024-05-09,64710,2023-03-31,,776762000000,,,,,,43836000000,,,,,18412000000,,35.89,35.77,,,0.056,,1233256000000,,,,,64163000000,-48778000000,4417000000,,,0.836,,,,,,true,false,12,2022-04-01,2023-03-31,-1
2024-05-09,64710,2025-03-31,,393000000000,0.016,,,,,8000000000,-0.281,,,,500000000,,1.02,,,,,,,,,,,,,,,,,,,,,,true,true,6,2024-04-01,2024-09-30,1
2024-05-09,64710,2025-03-31,,820000000000,0.039,,,,,36000000000,0.314,,,,19000000000,,38.88,,,,,,,,,,,,,,,,,,,,,,true,true,12,2024-04-01,2025-03-31,1
2024-05-09,64710,2024-03-31,,387079000000,-0.144,,,,,2854000000,-0.769,39590000000,-0.249,64029000000,,0.284,129.89,,,,,,783859000000,346113000000,0.441,706.98,345843000000,,,,,30.00,,,,500000000,11316326,492463449,false,false,12,2023-04-01,2024-03-31,0
2024-05-09,64710,2023-03-31,,452351000000,0.013,,,,,12370000000,0.519,52723000000,0.964,49876000000,,0.451,97.13,,,,,,755144000000,320357000000,0.424,623.14,320047000000,,,,,30.00,,,,551268104,38152172,513029005,false,false,12,2022-04-01,2023-03-31,-1
2024-05-09,64710,2025-03-31,,,,,,,,,,,,,,,,,,,,,,,,,,,,,,34.00,,,,,,,false,true,12,2024-04-01,2025-03-31,1
2024-07-29,64710,2025-03-31,1,200495000000,0.065,,,,,5873000000,0.422,,,,1902000000,,3.89,3.88,,,,,1301184000000,,,,,,,,,,,,,,,,true,false,3,2024-04-01,2024-06-30,0
2024-07-29,64710,2024-03-31,1,188247000000,0.026,,,,,4128000000,-0.507,,,,-929000000,,-1.85,-1.85,,,,,,,,,,,,,,,,,,,,,true,false,3,2023-04-01,2023-06-30,-1
2024-07-29,64710,2025-03-31,1,393000000000,0.016,,,,,8000000000,-0.281,,,,500000000,,1.02,,,,,,,,,,,,,,,,,,,,,,true,true,6,2024-04-01,2024-09-30,0
2024-07-29,64710,2025-03-31,1,820000000000,0.039,,,,,36000000000,0.314,,,,19000000000,,38.88,,,,,,,,,,,,,,,,,,,,,,true,true,12,2024-04-01,2025-03-31,0
2024-07-29,64710,2024-03-31,1,,,,,,,,,,,,,,,,,,,,1298077000000,,,,,,,,,,,,,,,,true,false,12,2023-04-01,2024-03-31,-1
2024-07-29,64710,2024-03-31,1,,,,,,,,,,,,,,,,,,,,,,,,,,,,,30.00,,,,500000000,11316326,,false,false,12,2023-04-01,2024-03-31,-1
2024-07-29,64710,2025-03-31,1,,,,,,,,,,,,,,,,,,,,,,,,,,,,,34.00,,,,,,,false,true,12,2024-04-01,2025-03-31,0
2024-07-29,64710,2025-03-31,1,,,,,,,,,,,,,,,,,,,,,,,,,,,,,,,,,500000000,11301024,488693908,false,false,3,2024-04-01,2024-06-30,0
2024-07-29,64710,2024-03-31,1,,,,,,,,,,,,,,,,,,,,,,,,,,,,,,,,,,,501057627,false,false,3,2023-04-01,2023-06-30,-1
2024-10-31,64710,2025-03-31,2,397643000000,0.028,,,,,9704000000,-0.128,,,,1969000000,,4.03,4.01,,,,,1220509000000,,,,,,,,,,,,,,,,true,false,6,2024-04-01,2024-09-30,0
2024-10-31,64710,2024-03-31,2,386691000000,0.001,,,,,11123000000,-0.433,,,,659000000,,1.33,1.33,,,,,,,,,,,,,,,,,,,,,true,false,6,2023-04-01,2023-09-30,-1
2024-10-31,64710,2025-03-31,2,790000000000,0.001,,,,,22000000000,-0.197,,,,6000000000,,12.28,,,,,,,,,,,,,,,,,,,,,,true,true,12,2024-04-01,2025-03-31,0
2024-10-31,64710,2024-03-31,2,,,,,,,,,,,,,,,,,,,,1298077000000,,,,,,,,,,,,,,,,true,false,12,2023-04-01,2024-03-31,-1
2024-10-31,64710,2024-03-31,2,,,,,,,,,,,,,,,,,,,,,,,,,,,,,30.00,,,,500000000,11316326,,false,false,12,2023-04-01,2024-03-31,-1
2024-10-31,64710,2025-03-31,2,,,,,,,,,,,,,,,,,,,,,,,,,,,,,17.00,,,,,,,false,false,12,2024-04-01,2025-03-31,0
2024-10-31,64710,2025-03-31,2,,,,,,,,,,,,,,,,,,,,,,,,,,,,,34.00,,,,,,,false,true,12,2024-04-01,2025-03-31,0
2024-10-31,64710,2025-03-31,2,,,,,,,,,,,,,,,,,,,,,,,,,,,,,,,,,500000000,11205509,488737437,false,false,6,2024-04-01,2024-09-30,0
2024-10-31,64710,2024-03-31,2,,,,,,,,,,,,,,,,,,,,,,,,,,,,,,,,,,,495720569,false,false,6,2023-04-01,2023-09-30,-1
2025-01-31,64710,2025-03-31,3,596921000000,0.015,,,,,15633000000,-0.190,,,,3931000000,,8.04,8.01,,,,,1249417000000,,,,,,,,,,,,,,,,true,false,9,2024-04-01,2024-12-31,0
2025-01-31,64710,2024-03-31,3,588059000000,0.012,,,,,19303000000,-0.354,,,,4723000000,,9.57,9.53,,,,,,,,,,,,,,,,,,,,,true,false,9,2023-04-01,2023-12-31,-1
2025-01-31,64710,2025-03-31,3,790000000000,0.001,,,,,22000000000,-0.197,,,,6000000000,,12.28,,,,,,,,,,,,,,,,,,,,,,true,true,12,2024-04-01,2025-03-31,0
2025-01-31,64710,2024-03-31,3,,,,,,,,,,,,,,,,,,,,1298077000000,,,,,,,,,,,,,,,,true,false,12,2023-04-01,2024-03-31,-1
2025-01-31,64710,2024-03-31,3,,,,,,,,,,,,,,,,,,,,,,,,,,,,,30.00,,,,500000000,11316326,,false,false,12,2023-04-01,2024-03-31,-1
2025-01-31,64710,2025-03-31,3,,,,,,,,,,,,,,,,,,,,,,,,,,,,,17.00,,,,,,,false,false,12,2024-04-01,2025-03-31,0
2025-01-31,64710,2025-03-31,3,,,,,,,,,,,,,,,,,,,,,,,,,,,,,34.00,,,,,,,false,true,12,2024-04-01,2025-03-31,0
2025-01-31,64710,2025-03-31,3,,,,,,,,,,,,,,,,,,,,,,,,,,,,,,,,,500000000,11207897,488754412,false,false,9,2024-04-01,2024-12-31,0
2025-01-31,64710,2024-03-31,3,,,,,,,,,,,,,,,,,,,,,,,,,,,,,,,,,,,493598219,false,false,9,2023-04-01,2023-12-31,-1
2025-05-12,64710,2025-03-31,,796667000000,0.010,,,,,28457000000,0.039,,,,10647000000,,21.78,21.71,,,0.036,,1219543000000,,,,,82176000000,-58753000000,-33741000000,,,1.561,,,,,,true,false,12,2024-04-01,2025-03-31,0
2025-05-12,64710,2024-03-31,,788867000000,0.016,,,,,27391000000,-0.375,,,,8502000000,,17.27,17.20,,,0.035,,1298077000000,,,,,99818000000,-90814000000,-24780000000,,,1.738,,,,,,true,false,12,2023-04-01,2024-03-31,-1
2025-05-12,64710,2026-03-31,,380000000000,-0.044,,,,,10500000000,0.082,,,,3500000000,,7.16,,,,,,,,,,,,,,,,,,,,,,true,true,6,2025-04-01,2025-09-30,1
2025-05-12,64710,2026-03-31,,760000000000,-0.046,,,,,22000000000,-0.227,,,,7000000000,,14.32,,,,,,,,,,,,,,,,,,,,,,true,true,12,2025-04-01,2026-03-31,1
2025-05-12,64710,2025-03-31,,383802000000,-0.008,,,,,2286000000,-0.199,33979000000,-0.142,30421000000,,-0.525,62.18,,,,,,751330000000,357592000000,0.476,730.27,357331000000,,,,,34.00,,,,500000000,11199753,488763677,false,false,12,2024-04-01,2025-03-31,0
2025-05-12,64710,2024-03-31,,387079000000,-0.144,,,,,2854000000,-0.769,39590000000,-0.249,64029000000,,0.284,129.89,,,,,,783859000000,346113000000,0.441,706.98,345843000000,,,,,30.00,,,,500000000,11316326,492463449,false,false,12,2023-04-01,2024-03-31,-1
2025-05-12,64710,2026-03-31,,,,,,,,,,,,,,,,,,,,,,,,,,,,,,34.00,,,,,,,false,true,12,2025-04-01,2026-03-31,1
