filing_date,code,fiscal_year_end,quarterly_period,net_sales,net_sales_change,revenue,revenue_change,operating_revenue,operating_revenue_change,operating_profit,operating_profit_change,ordinary_profit,ordinary_profit_change,net_income,net_income_of_parent,net_income_change,eps,diluted_eps,roe,roa,operating_profit_to_net_sales,operating_profit_to_revenue,total_assets,net_assets,equity_ratio,bps,owner_equity,operating_cash_flow,investing_cash_flow,financing_cash_flow,cash,dividend_per_share,payout_ratio,commemorative_dividend,extra_dividend,number_of_shares,number_of_treqsury_shares,avg_number_of_shares,is_consolidated,is_forecast,duration,period_start,period_end,period_pos
2015-05-13,64720,2015-03-31,,701900000000,0.098,,,,,43850000000,0.329,38868000000,0.356,23352000000,,,43.91,,0.105,0.046,0.062,,856277000000,262559000000,0.286,461.21,245270000000,25120000000,-31293000000,-37492000000,87777000000,,0.137,,,,,,true,false,12,2014-04-01,2015-03-31,0
2015-05-13,64720,2014-03-31,,638970000000,0.184,,,,,33003000000,3.535,28670000000,,-14648000000,,,-27.54,,-0.073,0.035,0.052,,848037000000,213368000000,0.235,374.68,199272000000,69058000000,-34132000000,6595000000,129670000000,,,,,,,,true,false,12,2013-04-01,2014-03-31,-1
2015-05-13,64720,2016-03-31,,355000000000,0.056,,,,,22000000000,0.205,20000000000,0.200,,14000000000,,26.33,,,,,,,,,,,,,,,,,,,,,,true,true,6,2015-04-01,2015-09-30,1
2015-05-13,64720,2016-03-31,,725000000000,0.033,,,,,50000000000,0.140,45000000000,0.158,,31000000000,,58.29,,,,,,,,,,,,,,,,0.172,,,,,,true,true,12,2015-04-01,2016-03-31,1
2015-05-13,64720,2015-03-31,,337995000000,0.052,,,,,12652000000,-0.181,18869000000,-0.132,11488000000,,1.297,21.60,,,,,,556785000000,178148000000,0.320,335.00,178148000000,,,,,6.00,,,,532463527,670098,531821433,false,false,12,2014-04-01,2015-03-31,0
2015-05-13,64720,2014-03-31,,321358000000,0.009,,,,,15456000000,3.491,21751000000,1.472,5001000000,,,9.40,,,,,,524441000000,160605000000,0.306,301.98,160605000000,,,,,2.00,,,,532463527,619746,531868045,false,false,12,2013-04-01,2014-03-31,-1
2015-05-13,64720,2016-03-31,,,,,,,,,,,,,,,,,,,,,,,,,,,,,,10.00,,,,,,,false,true,12,2015-04-01,2016-03-31,1
2015-07-31,64720,2016-03-31,1,182788000000,0.094,,,,,14064000000,0.602,14580000000,0.816,,9785000000,,18.40,,,,,,858839000000,278093000000,0.303,,260181000000,,,,,,,,,,,,true,false,3,2015-04-01,2015-06-30,0
2015-07-31,64720,2015-03-31,1,167049000000,0.084,,,,,8780000000,0.800,8027000000,1.246,,5525000000,,10.39,,,,,,,,,,,,,,,,,,,,,,true,false,3,2014-04-01,2014-06-30,-1
2015-07-31,64720,2016-03-31,1,355000000000,0.056,,,,,22000000000,0.205,20000000000,0.200,,14000000000,,26.33,,,,,,,,,,,,,,,,,,,,,,true,true,6,2015-04-01,2015-09-30,0
2015-07-31,64720,2016-03-31,1,725000000000,0.033,,,,,50000000000,0.140,45000000000,0.158,,31000000000,,58.29,,,,,,,,,,,,,,,,,,,,,,true,true,12,2015-04-01,2016-03-31,0
2015-07-31,64720,2015-03-31,1,,,,,,,,,,,,,,,,,,,,856277000000,262559000000,0.286,,245270000000,,,,,,,,,,,,true,false,12,2014-04-01,2015-03-31,-1
2015-07-31,64720,2015-03-31,1,,,,,,,,,,,,,,,,,,,,,,,,,,,,,6.00,,,,532463527,670098,,false,false,12,2014-04-01,2015-03-31,-1
2015-07-31,64720,2016-03-31,1,,,,,,,,,,,,,,,,,,,,,,,,,,,,,10.00,,,,,,,false,true,12,2015-04-01,2016-03-31,0
2015-07-31,64720,2016-03-31,1,,,,,,,,,,,,,,,,,,,,,,,,,,,,,,,,,532463527,683496,531787584,false,false,3,2015-04-01,2015-06-30,0
2015-07-31,64720,2015-03-31,1,,,,,,,,,,,,,,,,,,,,,,,,,,,,,,,,,,,531841477,false,false,3,2014-04-01,2014-06-30,-1
2015-10-30,64720,2016-03-31,2,360771000000,0.073,,,,,24819000000,0.359,18002000000,0.081,,10391000000,,19.54,,,,,,838571000000,265717000000,0.296,,248471000000,,,,,,,,,,,,true,false,6,2015-04-01,2015-09-30,0
2015-10-30,64720,2015-03-31,2,336244000000,0.095,,,,,18259000000,0.402,16660000000,0.612,,9270000000,,17.43,,,,,,,,,,,,,,,,,,,,,,true,false,6,2014-04-01,2014-09-30,-1
2015-10-30,64720,2016-03-31,2,725000000000,0.033,,,,,50000000000,0.140,45000000000,0.158,,31000000000,,58.29,,,,,,,,,,,,,,,,,,,,,,true,true,12,2015-04-01,2016-03-31,0
2015-10-30,64720,2015-03-31,2,,,,,,,,,,,,,,,,,,,,856277000000,262559000000,0.286,,245270000000,,,,,,,,,,,,true,false,12,2014-04-01,2015-03-31,-1
2015-10-30,64720,2015-03-31,2,,,,,,,,,,,,,,,,,,,,,,,,,,,,,6.00,,,,532463527,670098,,false,false,12,2014-04-01,2015-03-31,-1
2015-10-30,64720,2016-03-31,2,,,,,,,,,,,,,,,,,,,,,,,,,,,,,5.00,,,,,,,false,false,12,2015-04-01,2016-03-31,0
2015-10-30,64720,2016-03-31,2,,,,,,,,,,,,,,,,,,,,,,,,,,,,,10.00,,,,,,,false,true,12,2015-04-01,2016-03-31,0
2015-10-30,64720,2016-03-31,2,,,,,,,,,,,,,,,,,,,,,,,,,,,,,,,,,532463527,696435,531780233,false,false,6,2015-04-01,2015-09-30,0
2015-10-30,64720,2015-03-31,2,,,,,,,,,,,,,,,,,,,,,,,,,,,,,,,,,,,531835548,false,false,6,2014-04-01,2014-09-30,-1
2016-01-29,64720,2016-03-31,3,537316000000,0.047,,,,,36761000000,0.251,29704000000,0.087,,9591000000,,18.04,,,,,,823190000000,260224000000,0.296,,243391000000,,,,,,,,,,,,true,false,9,2015-04-01,2015-12-31,0
2016-01-29,64720,2015-03-31,3,513164000000,0.107,,,,,29396000000,0.427,27319000000,0.506,,16017000000,,30.12,,,,,,,,,,,,,,,,,,,,,,true,false,9,2014-04-01,2014-12-31,-1
2016-01-29,64720,2016-03-31,3,718000000000,0.023,,,,,48000000000,0.095,38000000000,-0.022,,15000000000,,28.21,,,,,,,,,,,,,,,,,,,,,,true,true,12,2015-04-01,2016-03-31,0
2016-01-29,64720,2015-03-31,3,,,,,,,,,,,,,,,,,,,,856277000000,262559000000,0.286,,245270000000,,,,,,,,,,,,true,false,12,2014-04-01,2015-03-31,-1
2016-01-29,64720,2015-03-31,3,,,,,,,,,,,,,,,,,,,,,,,,,,,,,6.00,,,,532463527,670098,,false,false,12,2014-04-01,2015-03-31,-1
2016-01-29,64720,2016-03-31,3,,,,,,,,,,,,,,,,,,,,,,,,,,,,,5.00,,,,,,,false,false,12,2015-04-01,2016-03-31,0
2016-01-29,64720,2016-03-31,3,,,,,,,,,,,,,,,,,,,,,,,,,,,,,10.00,,,,,,,false,true,12,2015-04-01,2016-03-31,0
2016-01-29,64720,2016-03-31,3,,,,,,,,,,,,,,,,,,,,,,,,,,,,,,,,,532463527,710039,531774203,false,false,9,2015-04-01,2015-12-31,0
2016-01-29,64720,2015-03-31,3,,,,,,,,,,,,,,,,,,,,,,,,,,,,,,,,,,,531828538,false,false,9,2014-04-01,2014-12-31,-1
2016-05-13,64720,2016-03-31,,716996000000,0.022,,,,,47770000000,0.089,38211000000,-0.017,,15037000000,,28.28,,0.063,0.046,0.067,,794650000000,248504000000,0.292,436.97,232322000000,46247000000,-33770000000,-27958000000,67310000000,,0.354,,,,,,true,false,12,2015-04-01,2016-03-31,0
2016-05-13,64720,2015-03-31,,701900000000,0.098,,,,,43850000000,0.329,38868000000,0.356,,23352000000,,43.91,,0.105,0.046,0.062,,856277000000,262559000000,0.286,461.21,245270000000,25120000000,-31293000000,-37492000000,87777000000,,0.137,,,,,,true,false,12,2014-04-01,2015-03-31,-1
2016-05-13,64720,2017-03-31,,337000000000,-0.066,,,,,15000000000,-0.396,11000000000,-0.389,,6000000000,,11.29,,,,,,,,,,,,,,,,,,,,,,true,true,6,2016-04-01,2016-09-30,1
2016-05-13,64720,2017-03-31,,690000000000,-0.038,,,,,35000000000,-0.267,27000000000,-0.293,,16000000000,,30.09,,,,,,,,,,,,,,,,0.399,,,,,,true,true,12,2016-04-01,2017-03-31,1
2016-05-13,64720,2016-03-31,,335544000000,-0.007,,,,,9110000000,-0.280,19593000000,0.038,12864000000,,0.120,24.19,,,,,,543002000000,180452000000,0.332,339.41,180452000000,,,,,10.00,,,,532463527,795969,531762193,false,false,12,2015-04-01,2016-03-31,0
2016-05-13,64720,2015-03-31,,337995000000,0.052,,,,,12652000000,-0.181,18869000000,-0.132,11488000000,,1.297,21.60,,,,,,556785000000,178148000000,0.320,335.00,178148000000,,,,,6.00,,,,532463527,670098,531821433,false,false,12,2014-04-01,2015-03-31,-1
2016-05-13,64720,2017-03-31,,,,,,,,,,,,,,,,,,,,,,,,,,,,,,12.00,,,,,,,false,true,12,2016-04-01,2017-03-31,1
2016-07-27,64720,2017-03-31,1,167260000000,-0.085,,,,,10903000000,-0.225,8290000000,-0.431,,3689000000,,6.94,,,,,,753299000000,226413000000,0.281,,211614000000,,,,,,,,,,,,true,false,3,2016-04-01,2016-06-30,0
2016-07-27,64720,2016-03-31,1,182788000000,0.094,,,,,14064000000,0.602,14580000000,0.816,,9785000000,,18.40,,,,,,,,,,,,,,,,,,,,,,true,false,3,2015-04-01,2015-06-30,-1
2016-07-27,64720,2017-03-31,1,337000000000,-0.066,,,,,15000000000,-0.396,11000000000,-0.389,,6000000000,,11.29,,,,,,,,,,,,,,,,,,,,,,true,true,6,2016-04-01,2016-09-30,0
2016-07-27,64720,2017-03-31,1,690000000000,-0.038,,,,,35000000000,-0.267,27000000000,-0.293,,16000000000,,30.09,,,,,,,,,,,,,,,,,,,,,,true,true,12,2016-04-01,2017-03-31,0
2016-07-27,64720,2016-03-31,1,,,,,,,,,,,,,,,,,,,,794650000000,248504000000,0.292,,232322000000,,,,,,,,,,,,true,false,12,2015-04-01,2016-03-31,-1
2016-07-27,64720,2016-03-31,1,,,,,,,,,,,,,,,,,,,,,,,,,,,,,10.00,,,,532463527,795969,,false,false,12,2015-04-01,2016-03-31,-1
2016-07-27,64720,2017-03-31,1,,,,,,,,,,,,,,,,,,,,,,,,,,,,,12.00,,,,,,,false,true,12,2016-04-01,2017-03-31,0
2016-07-27,64720,2017-03-31,1,,,,,,,,,,,,,,,,,,,,,,,,,,,,,,,,,532463527,797990,531666738,false,false,3,2016-04-01,2016-06-30,0
2016-07-27,64720,2016-03-31,1,,,,,,,,,,,,,,,,,,,,,,,,,,,,,,,,,,,531787584,false,false,3,2015-04-01,2015-06-30,-1
2016-11-01,64720,2017-03-31,2,326824000000,-0.094,,,,,15841000000,-0.362,11531000000,-0.359,,6126000000,,11.52,,,,,,743249000000,227602000000,0.286,,212784000000,,,,,,,,,,,,true,false,6,2016-04-01,2016-09-30,0
2016-11-01,64720,2016-03-31,2,360771000000,0.073,,,,,24819000000,0.359,18002000000,0.081,,10391000000,,19.54,,,,,,,,,,,,,,,,,,,,,,true,false,6,2015-04-01,2015-09-30,-1
2016-11-01,64720,2017-03-31,2,650000000000,-0.093,,,,,30000000000,-0.372,22000000000,-0.424,,3000000000,,5.64,,,,,,,,,,,,,,,,,,,,,,true,true,12,2016-04-01,2017-03-31,0
2016-11-01,64720,2016-03-31,2,,,,,,,,,,,,,,,,,,,,794650000000,248504000000,0.292,,232322000000,,,,,,,,,,,,true,false,12,2015-04-01,2016-03-31,-1
2016-11-01,64720,2016-03-31,2,,,,,,,,,,,,,,,,,,,,,,,,,,,,,10.00,,,,532463527,795969,,false,false,12,2015-04-01,2016-03-31,-1
2016-11-01,64720,2017-03-31,2,,,,,,,,,,,,,,,,,,,,,,,,,,,,,5.00,,,,,,,false,false,12,2016-04-01,2017-03-31,0
2016-11-01,64720,2017-03-31,2,,,,,,,,,,,,,,,,,,,,,,,,,,,,,10.00,,,,,,,false,true,12,2016-04-01,2017-03-31,0
2016-11-01,64720,2017-03-31,2,,,,,,,,,,,,,,,,,,,,,,,,,,,,,,,,,532463527,802862,531664892,false,false,6,2016-04-01,2016-09-30,0
2016-11-01,64720,2016-03-31,2,,,,,,,,,,,,,,,,,,,,,,,,,,,,,,,,,,,531780233,false,false,6,2015-04-01,2015-09-30,-1
2017-01-31,64720,2017-03-31,3,498338000000,-0.073,,,,,24830000000,-0.325,21496000000,-0.276,,9713000000,,18.28,,,,,,788163000000,253904000000,0.301,,237344000000,,,,,,,,,,,,true,false,9,2016-04-01,2016-12-31,0
2017-01-31,64720,2016-03-31,3,537316000000,0.047,,,,,36761000000,0.251,29704000000,0.087,,9591000000,,18.04,,,,,,,,,,,,,,,,,,,,,,true,false,9,2015-04-01,2015-12-31,-1
2017-01-31,64720,2017-03-31,3,650000000000,-0.093,,,,,30000000000,-0.372,22000000000,-0.424,,3000000000,,5.64,,,,,,,,,,,,,,,,,,,,,,true,true,12,2016-04-01,2017-03-31,0
2017-01-31,64720,2016-03-31,3,,,,,,,,,,,,,,,,,,,,794650000000,248504000000,0.292,,232322000000,,,,,,,,,,,,true,false,12,2015-04-01,2016-03-31,-1
2017-01-31,64720,2016-03-31,3,,,,,,,,,,,,,,,,,,,,,,,,,,,,,10.00,,,,532463527,795969,,false,false,12,2015-04-01,2016-03-31,-1
2017-01-31,64720,2017-03-31,3,,,,,,,,,,,,,,,,,,,,,,,,,,,,,5.00,,,,,,,false,false,12,2016-04-01,2017-03-31,0
2017-01-31,64720,2017-03-31,3,,,,,,,,,,,,,,,,,,,,,,,,,,,,,10.00,,,,,,,false,true,12,2016-04-01,2017-03-31,0
2017-01-31,64720,2017-03-31,3,,,,,,,,,,,,,,,,,,,,,,,,,,,,,,,,,532463527,1379138,531378133,false,false,9,2016-04-01,2016-12-31,0
2017-01-31,64720,2016-03-31,3,,,,,,,,,,,,,,,,,,,,,,,,,,,,,,,,,,,531774203,false,false,9,2015-04-01,2015-12-31,-1
2017-05-09,64720,2017-03-31,,683000000000,0.051,,,,,35500000000,0.183,29500000000,0.341,,2800000000,,5.27,,,,,,,,,,,,,,,,,,,,,,true,true,12,2016-04-01,2017-03-31,0
2017-05-09,64720,2016-03-31,,716996000000,,,,,,47770000000,,38211000000,,,15037000000,,28.28,,,,,,,,,,,,,,,,,,,,,,true,false,12,2015-04-01,2016-03-31,-1
2017-05-12,64720,2017-03-31,,683328000000,-0.047,,,,,35622000000,-0.254,29604000000,-0.225,,2830000000,,5.33,,0.012,0.037,0.052,,798891000000,245050000000,0.287,431.66,229243000000,62387000000,-41218000000,-8218000000,79284000000,,1.876,,,,,,true,false,12,2016-04-01,2017-03-31,0
2017-05-12,64720,2016-03-31,,716996000000,0.022,,,,,47770000000,0.089,38211000000,-0.017,,15037000000,,28.28,,0.063,0.046,0.067,,794650000000,248504000000,0.292,436.97,232322000000,46247000000,-33770000000,-27958000000,67310000000,,0.354,,,,,,true,false,12,2015-04-01,2016-03-31,-1
2017-05-12,64720,2018-03-31,,345000000000,0.056,,,,,15000000000,-0.053,11000000000,-0.046,,3000000000,,5.65,,,,,,,,,,,,,,,,,,,,,,true,true,6,2017-04-01,2017-09-30,1
2017-05-12,64720,2018-03-31,,700000000000,0.024,,,,,36000000000,0.011,28000000000,-0.054,,10000000000,,18.83,,,,,,,,,,,,,,,,0.797,,,,,,true,true,12,2017-04-01,2018-03-31,1
2017-05-12,64720,2017-03-31,,318561000000,-0.051,,,,,-7681000000,,-2522000000,,-7936000000,,,-14.94,,,,,,568900000000,171961000000,0.302,323.80,171961000000,,,,,10.00,,,,532463527,1388394,531308905,false,false,12,2016-04-01,2017-03-31,0
2017-05-12,64720,2016-03-31,,335544000000,-0.007,,,,,9110000000,-0.280,19593000000,0.038,12864000000,,0.120,24.19,,,,,,543002000000,180452000000,0.332,339.41,180452000000,,,,,10.00,,,,532463527,795969,531762193,false,false,12,2015-04-01,2016-03-31,-1
2017-05-12,64720,2018-03-31,,,,,,,,,,,,,,,,,,,,,,,,,,,,,,15.00,,,,,,,false,true,12,2017-04-01,2018-03-31,1
2017-08-02,64720,2018-03-31,1,179047000000,0.070,,,,,8596000000,-0.212,6735000000,-0.188,,3892000000,,7.33,,,,,,810502000000,254601000000,0.294,,238054000000,,,,,,,,,,,,true,false,3,2017-04-01,2017-06-30,0
2017-08-02,64720,2017-03-31,1,167260000000,-0.085,,,,,10903000000,-0.225,8290000000,-0.431,,3689000000,,6.94,,,,,,,,,,,,,,,,,,,,,,true,false,3,2016-04-01,2016-06-30,-1
2017-08-02,64720,2018-03-31,1,345000000000,0.056,,,,,15000000000,-0.053,11000000000,-0.046,,3000000000,,5.65,,,,,,,,,,,,,,,,,,,,,,true,true,6,2017-04-01,2017-09-30,0
2017-08-02,64720,2018-03-31,1,700000000000,0.024,,,,,36000000000,0.011,28000000000,-0.054,,10000000000,,18.83,,,,,,,,,,,,,,,,,,,,,,true,true,12,2017-04-01,2018-03-31,0
2017-08-02,64720,2017-03-31,1,,,,,,,,,,,,,,,,,,,,798891000000,245050000000,0.287,,229243000000,,,,,,,,,,,,true,false,12,2016-04-01,2017-03-31,-1
2017-08-02,64720,2017-03-31,1,,,,,,,,,,,,,,,,,,,,,,,,,,,,,10.00,,,,532463527,1388394,,false,false,12,2016-04-01,2017-03-31,-1
2017-08-02,64720,2018-03-31,1,,,,,,,,,,,,,,,,,,,,,,,,,,,,,15.00,,,,,,,false,true,12,2017-04-01,2018-03-31,0
2017-08-02,64720,2018-03-31,1,,,,,,,,,,,,,,,,,,,,,,,,,,,,,,,,,532463527,1394120,531072022,false,false,3,2017-04-01,2017-06-30,0
2017-08-02,64720,2017-03-31,1,,,,,,,,,,,,,,,,,,,,,,,,,,,,,,,,,,,531666738,false,false,3,2016-04-01,2016-06-30,-1
2017-10-31,64720,2018-03-31,2,357935000000,0.095,,,,,16828000000,0.062,13641000000,0.183,,8381000000,,15.78,,,,,,824932000000,264966000000,0.300,,247698000000,,,,,,,,,,,,true,false,6,2017-04-01,2017-09-30,0
2017-10-31,64720,2017-03-31,2,326824000000,-0.094,,,,,15841000000,-0.362,11531000000,-0.359,,6126000000,,11.52,,,,,,,,,,,,,,,,,,,,,,true,false,6,2016-04-01,2016-09-30,-1
2017-10-31,64720,2018-03-31,2,720000000000,0.054,,,,,39000000000,0.095,32000000000,0.081,,13000000000,,24.48,,,,,,,,,,,,,,,,,,,,,,true,true,12,2017-04-01,2018-03-31,0
2017-10-31,64720,2017-03-31,2,,,,,,,,,,,,,,,,,,,,798891000000,245050000000,0.287,,229243000000,,,,,,,,,,,,true,false,12,2016-04-01,2017-03-31,-1
2017-10-31,64720,2017-03-31,2,,,,,,,,,,,,,,,,,,,,,,,,,,,,,10.00,,,,532463527,1388394,,false,false,12,2016-04-01,2017-03-31,-1
2017-10-31,64720,2018-03-31,2,,,,,,,,,,,,,,,,,,,,,,,,,,,,,7.50,,,,,,,false,false,12,2017-04-01,2018-03-31,0
2017-10-31,64720,2018-03-31,2,,,,,,,,,,,,,,,,,,,,,,,,,,,,,15.00,,,,,,,false,true,12,2017-04-01,2018-03-31,0
2017-10-31,64720,2018-03-31,2,,,,,,,,,,,,,,,,,,,,,,,,,,,,,,,,,532463527,1404659,531067502,false,false,6,2017-04-01,2017-09-30,0
2017-10-31,64720,2017-03-31,2,,,,,,,,,,,,,,,,,,,,,,,,,,,,,,,,,,,531664892,false,false,6,2016-04-01,2016-09-30,-1
2017-10-31,64720,2018-03-31,,357935000000,0.037,,,,,16828000000,0.122,13641000000,0.240,,8381000000,,15.78,,,,,,,,,,,,,,,,,,,,,,true,true,6,2017-04-01,2017-09-30,0
2017-10-31,64720,2017-03-31,,326824000000,,,,,,15841000000,,11531000000,,,6126000000,,11.52,,,,,,,,,,,,,,,,,,,,,,true,false,6,2016-04-01,2016-09-30,-1
2017-10-31,64720,2018-03-31,,720000000000,0.029,,,,,39000000000,0.083,32000000000,0.143,,13000000000,,24.48,,,,,,,,,,,,,,,,,,,,,,true,true,12,2017-04-01,2018-03-31,0
2017-10-31,64720,2017-03-31,,683328000000,,,,,,35622000000,,29604000000,,,2830000000,,5.33,,,,,,,,,,,,,,,,,,,,,,true,false,12,2016-04-01,2017-03-31,-1
2018-01-31,64720,2018-03-31,3,548454000000,0.101,,,,,27112000000,0.092,22242000000,0.035,,13779000000,,25.95,,,,,,836858000000,273408000000,0.307,,257049000000,,,,,,,,,,,,true,false,9,2017-04-01,2017-12-31,0
2018-01-31,64720,2017-03-31,3,498338000000,-0.073,,,,,24830000000,-0.325,21496000000,-0.276,,9713000000,,18.28,,,,,,,,,,,,,,,,,,,,,,true,false,9,2016-04-01,2016-12-31,-1
2018-01-31,64720,2018-03-31,3,720000000000,0.054,,,,,39000000000,0.095,32000000000,0.081,,13000000000,,24.48,,,,,,,,,,,,,,,,,,,,,,true,true,12,2017-04-01,2018-03-31,0
2018-01-31,64720,2017-03-31,3,,,,,,,,,,,,,,,,,,,,798891000000,245050000000,0.287,,229243000000,,,,,,,,,,,,true,false,12,2016-04-01,2017-03-31,-1
2018-01-31,64720,2017-03-31,3,,,,,,,,,,,,,,,,,,,,,,,,,,,,,10.00,,,,532463527,1388394,,false,false,12,2016-04-01,2017-03-31,-1
2018-01-31,64720,2018-03-31,3,,,,,,,,,,,,,,,,,,,,,,,,,,,,,7.50,,,,,,,false,false,12,2017-04-01,2018-03-31,0
2018-01-31,64720,2018-03-31,3,,,,,,,,,,,,,,,,,,,,,,,,,,,,,15.00,,,,,,,false,true,12,2017-04-01,2018-03-31,0
2018-01-31,64720,2018-03-31,3,,,,,,,,,,,,,,,,,,,,,,,,,,,,,,,,,532463527,1405614,531064737,false,false,9,2017-04-01,2017-12-31,0
2018-01-31,64720,2017-03-31,3,,,,,,,,,,,,,,,,,,,,,,,,,,,,,,,,,,,531378133,false,false,9,2016-04-01,2016-12-31,-1
2018-05-15,64720,2018-03-31,,744372000000,0.089,,,,,39608000000,0.112,31250000000,0.056,,20373000000,,38.36,,0.084,0.038,0.053,,840051000000,269759000000,0.302,477.17,253403000000,61799000000,-48358000000,-7520000000,86087000000,,0.391,,,,,,true,false,12,2017-04-01,2018-03-31,0
2018-05-15,64720,2017-03-31,,683328000000,-0.047,,,,,35622000000,-0.254,29604000000,-0.225,,2830000000,,5.33,,0.012,0.037,0.052,,798891000000,245050000000,0.287,431.66,229243000000,62387000000,-41218000000,-8218000000,79284000000,,1.876,,,,,,true,false,12,2016-04-01,2017-03-31,-1
2018-05-15,64720,2019-03-31,,370000000000,0.034,,,,,20000000000,0.188,17000000000,0.246,,7000000000,,13.18,,,,,,,,,,,,,,,,,,,,,,true,true,6,2018-04-01,2018-09-30,1
2018-05-15,64720,2019-03-31,,750000000000,0.008,,,,,43000000000,0.086,37000000000,0.184,,21000000000,,39.54,,,,,,,,,,,,,,,,0.379,,,,,,true,true,12,2018-04-01,2019-03-31,1
2018-05-15,64720,2018-03-31,,342446000000,0.075,,,,,-2630000000,,7965000000,,7413000000,,,13.96,,,,,,589700000000,175593000000,0.298,330.65,175593000000,,,,,15.00,,,,532463527,1405959,531063087,false,false,12,2017-04-01,2018-03-31,0
2018-05-15,64720,2017-03-31,,318561000000,-0.051,,,,,-7681000000,,-2522000000,,-7936000000,,,-14.94,,,,,,568900000000,171961000000,0.302,323.80,171961000000,,,,,10.00,,,,532463527,1388394,531308905,false,false,12,2016-04-01,2017-03-31,-1
2018-05-15,64720,2019-03-31,,,,,,,,,,,,,,,,,,,,,,,,,,,,,,15.00,,,,,,,false,true,12,2018-04-01,2019-03-31,1
2018-07-31,64720,2019-03-31,1,189199000000,0.057,,,,,9922000000,0.154,8337000000,0.238,,5903000000,,11.12,,,,,,840631000000,270431000000,0.302,,253688000000,,,,,,,,,,,,true,false,3,2018-04-01,2018-06-30,0
2018-07-31,64720,2018-03-31,1,179047000000,0.070,,,,,8596000000,-0.212,6735000000,-0.188,,3892000000,,7.33,,,,,,,,,,,,,,,,,,,,,,true,false,3,2017-04-01,2017-06-30,-1
2018-07-31,64720,2019-03-31,1,370000000000,0.034,,,,,20000000000,0.188,17000000000,0.246,,7000000000,,13.18,,,,,,,,,,,,,,,,,,,,,,true,true,6,2018-04-01,2018-09-30,0
2018-07-31,64720,2019-03-31,1,750000000000,0.008,,,,,43000000000,0.086,37000000000,0.184,,21000000000,,39.54,,,,,,,,,,,,,,,,,,,,,,true,true,12,2018-04-01,2019-03-31,0
2018-07-31,64720,2018-03-31,1,,,,,,,,,,,,,,,,,,,,839427000000,269759000000,0.302,,253403000000,,,,,,,,,,,,true,false,12,2017-04-01,2018-03-31,-1
2018-07-31,64720,2018-03-31,1,,,,,,,,,,,,,,,,,,,,,,,,,,,,,15.00,,,,532463527,1405959,,false,false,12,2017-04-01,2018-03-31,-1
2018-07-31,64720,2019-03-31,1,,,,,,,,,,,,,,,,,,,,,,,,,,,,,15.00,,,,,,,false,true,12,2018-04-01,2019-03-31,0
2018-07-31,64720,2019-03-31,1,,,,,,,,,,,,,,,,,,,,,,,,,,,,,,,,,532463527,1362115,531068393,false,false,3,2018-04-01,2018-06-30,0
2018-07-31,64720,2018-03-31,1,,,,,,,,,,,,,,,,,,,,,,,,,,,,,,,,,,,531072022,false,false,3,2017-04-01,2017-06-30,-1
2018-10-31,64720,2019-03-31,2,370187000000,0.034,,,,,15376000000,-0.086,12550000000,-0.080,,8140000000,,15.33,,,,,,859179000000,279351000000,0.305,,262313000000,,,,,,,,,,,,true,false,6,2018-04-01,2018-09-30,0
2018-10-31,64720,2018-03-31,2,357935000000,0.095,,,,,16828000000,0.062,13641000000,0.183,,8381000000,,15.78,,,,,,,,,,,,,,,,,,,,,,true,false,6,2017-04-01,2017-09-30,-1
2018-10-31,64720,2019-03-31,2,750000000000,0.008,,,,,35000000000,-0.116,29000000000,-0.072,,15000000000,,28.24,,,,,,,,,,,,,,,,,,,,,,true,true,12,2018-04-01,2019-03-31,0
2018-10-31,64720,2018-03-31,2,,,,,,,,,,,,,,,,,,,,839427000000,269759000000,0.302,,253403000000,,,,,,,,,,,,true,false,12,2017-04-01,2018-03-31,-1
2018-10-31,64720,2018-03-31,2,,,,,,,,,,,,,,,,,,,,,,,,,,,,,15.00,,,,532463527,1405959,,false,false,12,2017-04-01,2018-03-31,-1
2018-10-31,64720,2019-03-31,2,,,,,,,,,,,,,,,,,,,,,,,,,,,,,7.50,,,,,,,false,false,12,2018-04-01,2019-03-31,0
2018-10-31,64720,2019-03-31,2,,,,,,,,,,,,,,,,,,,,,,,,,,,,,15.00,,,,,,,false,true,12,2018-04-01,2019-03-31,0
2018-10-31,64720,2019-03-31,2,,,,,,,,,,,,,,,,,,,,,,,,,,,,,,,,,532463527,1362450,531082445,false,false,6,2018-04-01,2018-09-30,0
2018-10-31,64720,2018-03-31,2,,,,,,,,,,,,,,,,,,,,,,,,,,,,,,,,,,,531067502,false,false,6,2017-04-01,2017-09-30,-1
2019-02-01,64720,2019-03-31,3,552104000000,0.007,,,,,20755000000,-0.234,16612000000,-0.253,,9082000000,,17.10,,,,,,851121000000,262201000000,0.289,,245898000000,,,,,,,,,,,,true,false,9,2018-04-01,2018-12-31,0
2019-02-01,64720,2018-03-31,3,548454000000,0.101,,,,,27112000000,0.092,22242000000,0.035,,13779000000,,25.95,,,,,,,,,,,,,,,,,,,,,,true,false,9,2017-04-01,2017-12-31,-1
2019-02-01,64720,2019-03-31,3,750000000000,0.008,,,,,35000000000,-0.116,29000000000,-0.072,,15000000000,,28.24,,,,,,,,,,,,,,,,,,,,,,true,true,12,2018-04-01,2019-03-31,0
2019-02-01,64720,2018-03-31,3,,,,,,,,,,,,,,,,,,,,839427000000,269759000000,0.302,,253403000000,,,,,,,,,,,,true,false,12,2017-04-01,2018-03-31,-1
2019-02-01,64720,2018-03-31,3,,,,,,,,,,,,,,,,,,,,,,,,,,,,,15.00,,,,532463527,1405959,,false,false,12,2017-04-01,2018-03-31,-1
2019-02-01,64720,2019-03-31,3,,,,,,,,,,,,,,,,,,,,,,,,,,,,,7.50,,,,,,,false,false,12,2018-04-01,2019-03-31,0
2019-02-01,64720,2019-03-31,3,,,,,,,,,,,,,,,,,,,,,,,,,,,,,15.00,,,,,,,false,true,12,2018-04-01,2019-03-31,0
2019-02-01,64720,2019-03-31,3,,,,,,,,,,,,,,,,,,,,,,,,,,,,,,,,,532463527,1320198,531096533,false,false,9,2018-04-01,2018-12-31,0
2019-02-01,64720,2018-03-31,3,,,,,,,,,,,,,,,,,,,,,,,,,,,,,,,,,,,531064737,false,false,9,2017-04-01,2017-12-31,-1
2019-05-15,64720,2019-03-31,,733569000000,-0.015,,,,,26945000000,-0.320,22231000000,-0.289,,-6958000000,,-13.10,,-0.029,0.026,0.037,,840750000000,246404000000,0.274,433.32,230154000000,43224000000,-65614000000,20745000000,83474000000,,,,,,,,true,false,12,2018-04-01,2019-03-31,0
2019-05-15,64720,2018-03-31,,744372000000,0.089,,,,,39608000000,0.112,31250000000,0.056,,20373000000,,38.36,,0.084,0.038,0.053,,839427000000,269759000000,0.302,477.17,253403000000,61799000000,-48358000000,-7520000000,86087000000,,0.391,,,,,,true,false,12,2017-04-01,2018-03-31,-1
2019-05-15,64720,2020-03-31,,360000000000,-0.028,,,,,10000000000,-0.350,7000000000,-0.442,,3500000000,,6.59,,,,,,,,,,,,,,,,,,,,,,true,true,6,2019-04-01,2019-09-30,1
2019-05-15,64720,2020-03-31,,730000000000,-0.005,,,,,24000000000,-0.109,18000000000,-0.190,,9500000000,,17.89,,,,,,,,,,,,,,,,0.838,,,,,,true,true,12,2019-04-01,2020-03-31,1
2019-05-15,64720,2019-03-31,,347154000000,0.014,,,,,-5354000000,,3801000000,-0.523,6963000000,,-0.061,13.11,,,,,,595658000000,170247000000,0.286,320.53,170247000000,,,,,15.00,,,,532463527,1320628,531107252,false,false,12,2018-04-01,2019-03-31,0
2019-05-15,64720,2018-03-31,,342446000000,0.075,,,,,-2630000000,,7965000000,,7413000000,,,13.96,,,,,,589700000000,175593000000,0.298,330.65,175593000000,,,,,15.00,,,,532463527,1405959,531063087,false,false,12,2017-04-01,2018-03-31,-1
2019-05-15,64720,2020-03-31,,,,,,,,,,,,,,,,,,,,,,,,,,,,,,15.00,,,,,,,false,true,12,2019-04-01,2020-03-31,1
2019-05-15,64720,2019-03-31,,733569000000,-0.022,,,,,26945000000,-0.230,22231000000,-0.233,,-6958000000,,-13.10,,,,,,,,,,,,,,,,,,,,,,true,true,12,2018-04-01,2019-03-31,0
2019-05-15,64720,2018-03-31,,744372000000,,,,,,39608000000,,31250000000,,,20373000000,,38.36,,,,,,,,,,,,,,,,,,,,,,true,false,12,2017-04-01,2018-03-31,-1
2019-07-30,64720,2020-03-31,1,171675000000,-0.093,,,,,3119000000,-0.686,2603000000,-0.688,,2396000000,,4.51,,,,,,827564000000,237766000000,0.269,,222212000000,,,,,,,,,,,,true,false,3,2019-04-01,2019-06-30,0
2019-07-30,64720,2019-03-31,1,189199000000,0.057,,,,,9922000000,0.154,8337000000,0.238,,5903000000,,11.12,,,,,,,,,,,,,,,,,,,,,,true,false,3,2018-04-01,2018-06-30,-1
2019-07-30,64720,2020-03-31,1,340000000000,-0.082,,,,,6000000000,-0.610,3500000000,-0.721,,1000000000,,1.88,,,,,,,,,,,,,,,,,,,,,,true,true,6,2019-04-01,2019-09-30,0
2019-07-30,64720,2020-03-31,1,690000000000,-0.059,,,,,15000000000,-0.443,9000000000,-0.595,,3000000000,,5.65,,,,,,,,,,,,,,,,,,,,,,true,true,12,2019-04-01,2020-03-31,0
2019-07-30,64720,2019-03-31,1,,,,,,,,,,,,,,,,,,,,840750000000,246404000000,0.274,,230154000000,,,,,,,,,,,,true,false,12,2018-04-01,2019-03-31,-1
2019-07-30,64720,2019-03-31,1,,,,,,,,,,,,,,,,,,,,,,,,,,,,,15.00,,,,532463527,1320628,,false,false,12,2018-04-01,2019-03-31,-1
2019-07-30,64720,2020-03-31,1,,,,,,,,,,,,,,,,,,,,,,,,,,,,,15.00,,,,,,,false,true,12,2019-04-01,2020-03-31,0
2019-07-30,64720,2020-03-31,1,,,,,,,,,,,,,,,,,,,,,,,,,,,,,,,,,532463527,1317409,531143537,false,false,3,2019-04-01,2019-06-30,0
2019-07-30,64720,2019-03-31,1,,,,,,,,,,,,,,,,,,,,,,,,,,,,,,,,,,,531068393,false,false,3,2018-04-01,2018-06-30,-1
2019-07-30,64720,2020-03-31,,340000000000,-0.056,,,,,6000000000,-0.400,3500000000,-0.500,,1000000000,,1.88,,,,,,,,,,,,,,,,,,,,,,true,true,6,2019-04-01,2019-09-30,0
2019-07-30,64720,2019-03-31,,370187000000,,,,,,15376000000,,12550000000,,,8140000000,,15.33,,,,,,,,,,,,,,,,,,,,,,true,false,6,2018-04-01,2018-09-30,-1
2019-07-30,64720,2020-03-31,,690000000000,-0.055,,,,,15000000000,-0.375,9000000000,-0.500,,3000000000,,5.65,,,,,,,,,,,,,,,,,,,,,,true,true,12,2019-04-01,2020-03-31,0
2019-07-30,64720,2019-03-31,,733569000000,,,,,,26945000000,,22231000000,,,-6958000000,,-13.10,,,,,,,,,,,,,,,,,,,,,,true,false,12,2018-04-01,2019-03-31,-1
2019-10-31,64720,2020-03-31,2,334493000000,-0.096,,,,,4486000000,-0.708,2833000000,-0.774,,1134000000,,2.14,,,,,,819902000000,231244000000,0.263,,216041000000,,,,,,,,,,,,true,false,6,2019-04-01,2019-09-30,0
2019-10-31,64720,2019-03-31,2,370187000000,0.034,,,,,15376000000,-0.086,12550000000,-0.080,,8140000000,,15.33,,,,,,,,,,,,,,,,,,,,,,true,false,6,2018-04-01,2018-09-30,-1
2019-10-31,64720,2020-03-31,2,680000000000,-0.073,,,,,10000000000,-0.629,6000000000,-0.730,,500000000,,0.94,,,,,,,,,,,,,,,,,,,,,,true,true,12,2019-04-01,2020-03-31,0
2019-10-31,64720,2019-03-31,2,,,,,,,,,,,,,,,,,,,,840750000000,246404000000,0.274,,230154000000,,,,,,,,,,,,true,false,12,2018-04-01,2019-03-31,-1
2019-10-31,64720,2019-03-31,2,,,,,,,,,,,,,,,,,,,,,,,,,,,,,15.00,,,,532463527,1320628,,false,false,12,2018-04-01,2019-03-31,-1
2019-10-31,64720,2020-03-31,2,,,,,,,,,,,,,,,,,,,,,,,,,,,,,5.00,,,,,,,false,false,12,2019-04-01,2020-03-31,0
2019-10-31,64720,2020-03-31,2,,,,,,,,,,,,,,,,,,,,,,,,,,,,,10.00,,,,,,,false,true,12,2019-04-01,2020-03-31,0
2019-10-31,64720,2020-03-31,2,,,,,,,,,,,,,,,,,,,,,,,,,,,,,,,,,532463527,1314012,531146099,false,false,6,2019-04-01,2019-09-30,0
2019-10-31,64720,2019-03-31,2,,,,,,,,,,,,,,,,,,,,,,,,,,,,,,,,,,,531082445,false,false,6,2018-04-01,2018-09-30,-1
2019-10-31,64720,2020-03-31,,680000000000,-0.014,,,,,10000000000,-0.333,6000000000,-0.333,,500000000,,0.94,,,,,,,,,,,,,,,,,,,,,,true,true,12,2019-04-01,2020-03-31,0
2019-10-31,64720,2019-03-31,,733569000000,,,,,,26945000000,,22231000000,,,-6958000000,,-13.10,,,,,,,,,,,,,,,,,,,,,,true,false,12,2018-04-01,2019-03-31,-1
,64720,2020-03-31,,,,,,,,,,,,,,,,,,,,,,,,,,,,,,10.00,,,,,,,false,true,12,2019-04-01,2020-03-31,0
,64720,2020-03-31,,,,,,,,,,,,,,,,,,,,,,,,,,,,,,5.00,,,,,,,false,false,12,2019-04-01,2020-03-31,0
,64720,2019-03-31,,,,,,,,,,,,,,,,,,,,,,,,,,,,,,15.00,,,,,,,false,false,12,2018-04-01,2019-03-31,-1
2020-01-30,64720,2020-03-31,3,494928000000,-0.104,,,,,5028000000,-0.758,966000000,-0.942,,-1128000000,,-2.12,,,,,,825526000000,231463000000,0.263,,217385000000,,,,,,,,,,,,true,false,9,2019-04-01,2019-12-31,0
2020-01-30,64720,2019-03-31,3,552104000000,0.007,,,,,20755000000,-0.234,16612000000,-0.253,,9082000000,,17.10,,,,,,,,,,,,,,,,,,,,,,true,false,9,2018-04-01,2018-12-31,-1
2020-01-30,64720,2020-03-31,3,680000000000,-0.073,,,,,10000000000,-0.629,6000000000,-0.730,,500000000,,0.94,,,,,,,,,,,,,,,,,,,,,,true,true,12,2019-04-01,2020-03-31,0
2020-01-30,64720,2019-03-31,3,,,,,,,,,,,,,,,,,,,,840750000000,246404000000,0.274,,230154000000,,,,,,,,,,,,true,false,12,2018-04-01,2019-03-31,-1
2020-01-30,64720,2019-03-31,3,,,,,,,,,,,,,,,,,,,,,,,,,,,,,15.00,,,,532463527,1320628,,false,false,12,2018-04-01,2019-03-31,-1
2020-01-30,64720,2020-03-31,3,,,,,,,,,,,,,,,,,,,,,,,,,,,,,5.00,,,,,,,false,false,12,2019-04-01,2020-03-31,0
2020-01-30,64720,2020-03-31,3,,,,,,,,,,,,,,,,,,,,,,,,,,,,,10.00,,,,,,,false,true,12,2019-04-01,2020-03-31,0
2020-01-30,64720,2020-03-31,3,,,,,,,,,,,,,,,,,,,,,,,,,,,,,,,,,532463527,1314404,532463527,false,false,9,2019-04-01,2019-12-31,0
2020-01-30,64720,2019-03-31,3,,,,,,,,,,,,,,,,,,,,,,,,,,,,,,,,,,,531096533,false,false,9,2018-04-01,2018-12-31,-1
,64720,2020-03-31,,,,,,,,,,,,,,,,,,,,,,,,,,,,,,5.00,,,,,,,false,true,12,2019-04-01,2020-03-31,0
,64720,2020-03-31,,,,,,,,,,,,,,,,,,,,,,,,,,,,,,5.00,,,,,,,false,false,12,2019-04-01,2020-03-31,0
,64720,2019-03-31,,,,,,,,,,,,,,,,,,,,,,,,,,,,,,15.00,,,,,,,false,false,12,2018-04-01,2019-03-31,-1
2020-06-17,64720,2020-03-31,,651495000000,-0.112,,,,,7056000000,-0.738,-1698000000,,,-43992000000,,-82.83,,-0.228,-0.002,0.011,,757822000000,168378000000,0.206,294.00,156157000000,43749000000,-61807000000,7413000000,71165000000,,,,,,,,true,false,12,2019-04-01,2020-03-31,0
2020-06-17,64720,2019-03-31,,733569000000,-0.015,,,,,26945000000,-0.320,22231000000,-0.289,,-6958000000,,-13.10,,-0.029,0.026,0.037,,840750000000,246404000000,0.274,433.32,230154000000,43224000000,-65614000000,20745000000,83474000000,,,,,,,,true,false,12,2018-04-01,2019-03-31,-1
2020-06-17,64720,2020-03-31,,330158000000,-0.049,,,,,-1299000000,,7835000000,1.061,-17535000000,,,-33.01,,,,,,569705000000,139143000000,0.244,261.97,139143000000,,,,,5.00,,,,532463527,1314946,531147461,false,false,12,2019-04-01,2020-03-31,0
2020-06-17,64720,2019-03-31,,347154000000,0.014,,,,,-5354000000,,3801000000,-0.523,6963000000,,-0.061,13.11,,,,,,595658000000,170247000000,0.286,320.53,170247000000,,,,,15.00,,,,532463527,1320628,531107252,false,false,12,2018-04-01,2019-03-31,-1
2020-06-17,64720,2021-03-31,,651495000000,-0.041,,,,,7056000000,-0.294,-1698000000,-1.283,-43992000000,,,-82.83,,,,,,,,,,,,,,,,,,,,,,true,true,12,2020-04-01,2021-03-31,0
2020-06-17,64720,2020-03-31,,733569000000,,,,,,26945000000,,-22231000000,,-6958000000,,,-13.10,,,,,,,,,,,,,,,,,,,,,,true,false,12,2019-04-01,2020-03-31,-1
2020-07-31,64720,2021-03-31,1,91929000000,-0.465,,,,,-9715000000,,-9799000000,,,-12126000000,,-22.83,,,,,,749825000000,160224000000,0.197,,147805000000,,,,,,,,,,,,true,false,3,2020-04-01,2020-06-30,0
2020-07-31,64720,2020-03-31,1,171684000000,-0.093,,,,,3128000000,-0.685,2603000000,-0.688,,2396000000,,4.51,,,,,,,,,,,,,,,,,,,,,,true,false,3,2019-04-01,2019-06-30,-1
2020-07-31,64720,2021-03-31,1,234000000000,-0.301,,,,,-18000000000,,-20000000000,,,-26500000000,,-49.89,,,,,,,,,,,,,,,,,,,,,,true,true,6,2020-04-01,2020-09-30,0
2020-07-31,64720,2021-03-31,1,540000000000,-0.172,,,,,-20000000000,,-25000000000,,,-33000000000,,-62.13,,,,,,,,,,,,,,,,,,,,,,true,true,12,2020-04-01,2021-03-31,0
2020-07-31,64720,2020-03-31,1,,,,,,,,,,,,,,,,,,,,757822000000,168378000000,0.206,,156157000000,,,,,,,,,,,,true,false,12,2019-04-01,2020-03-31,-1
2020-07-31,64720,2020-03-31,1,,,,,,,,,,,,,,,,,,,,,,,,,,,,,5.00,,,,532463527,1314946,,false,false,12,2019-04-01,2020-03-31,-1
2020-07-31,64720,2021-03-31,1,,,,,,,,,,,,,,,,,,,,,,,,,,,,,0.00,,,,,,,false,true,12,2020-04-01,2021-03-31,0
2020-07-31,64720,2021-03-31,1,,,,,,,,,,,,,,,,,,,,,,,,,,,,,,,,,532463527,1315056,531148535,false,false,3,2020-04-01,2020-06-30,0
2020-07-31,64720,2020-03-31,1,,,,,,,,,,,,,,,,,,,,,,,,,,,,,,,,,,,531143537,false,false,3,2019-04-01,2019-06-30,-1
2020-10-30,64720,2021-03-31,2,239221000000,-0.285,,,,,-12323000000,,-13426000000,,,-14413000000,,-27.14,,,,,,753051000000,160347000000,0.196,,147260000000,,,,,,,,,,,,true,false,6,2020-04-01,2020-09-30,0
2020-10-30,64720,2020-03-31,2,334692000000,-0.096,,,,,4684000000,-0.698,2833000000,-0.774,,1134000000,,2.14,,,,,,,,,,,,,,,,,,,,,,true,false,6,2019-04-01,2019-09-30,-1
2020-10-30,64720,2021-03-31,2,545000000000,-0.164,,,,,-14000000000,,-18000000000,,,-24500000000,,-46.13,,,,,,,,,,,,,,,,,,,,,,true,true,12,2020-04-01,2021-03-31,0
2020-10-30,64720,2020-03-31,2,,,,,,,,,,,,,,,,,,,,757822000000,168378000000,0.206,,156157000000,,,,,,,,,,,,true,false,12,2019-04-01,2020-03-31,-1
2020-10-30,64720,2020-03-31,2,,,,,,,,,,,,,,,,,,,,,,,,,,,,,5.00,,,,532463527,1314946,,false,false,12,2019-04-01,2020-03-31,-1
2020-10-30,64720,2021-03-31,2,,,,,,,,,,,,,,,,,,,,,,,,,,,,,0.00,,,,,,,false,false,12,2020-04-01,2021-03-31,0
2020-10-30,64720,2021-03-31,2,,,,,,,,,,,,,,,,,,,,,,,,,,,,,0.00,,,,,,,false,true,12,2020-04-01,2021-03-31,0
2020-10-30,64720,2021-03-31,2,,,,,,,,,,,,,,,,,,,,,,,,,,,,,,,,,532463527,1298744,531155544,false,false,6,2020-04-01,2020-09-30,0
2020-10-30,64720,2020-03-31,2,,,,,,,,,,,,,,,,,,,,,,,,,,,,,,,,,,,531146099,false,false,6,2019-04-01,2019-09-30,-1
2020-10-30,64720,2021-03-31,,239221000000,0.022,,,,,-12323000000,,-13426000000,,,-14413000000,,-27.14,,,,,,,,,,,,,,,,,,,,,,true,true,6,2020-04-01,2020-09-30,0
2020-10-30,64720,2020-03-31,,334692000000,,,,,,4684000000,,2833000000,,,1134000000,,2.14,,,,,,,,,,,,,,,,,,,,,,true,false,6,2019-04-01,2019-09-30,-1
2020-10-30,64720,2021-03-31,,545000000000,0.009,,,,,-14000000000,,-18000000000,,,-24500000000,,-46.13,,,,,,,,,,,,,,,,,,,,,,true,true,12,2020-04-01,2021-03-31,0
2020-10-30,64720,2020-03-31,,651956000000,,,,,,7517000000,,-1698000000,,,43992000000,,-82.83,,,,,,,,,,,,,,,,,,,,,,true,false,12,2019-04-01,2020-03-31,-1
2021-01-28,64720,2021-03-31,3,399552000000,-0.193,,,,,-8791000000,,-10901000000,,,-13284000000,,-25.01,,,,,,763565000000,165940000000,0.201,,153397000000,,,,,,,,,,,,true,false,9,2020-04-01,2020-12-31,0
2021-01-28,64720,2020-03-31,3,495184000000,-0.103,,,,,5284000000,-0.747,966000000,-0.942,,-1128000000,,-2.12,,,,,,,,,,,,,,,,,,,,,,true,false,9,2019-04-01,2019-12-31,-1
2021-01-28,64720,2021-03-31,3,555000000000,-0.149,,,,,-8500000000,,-12500000000,,,-21000000000,,-39.54,,,,,,,,,,,,,,,,,,,,,,true,true,12,2020-04-01,2021-03-31,0
2021-01-28,64720,2020-03-31,3,,,,,,,,,,,,,,,,,,,,757822000000,168378000000,0.206,,156157000000,,,,,,,,,,,,true,false,12,2019-04-01,2020-03-31,-1
2021-01-28,64720,2020-03-31,3,,,,,,,,,,,,,,,,,,,,,,,,,,,,,5.00,,,,532463527,1314946,,false,false,12,2019-04-01,2020-03-31,-1
2021-01-28,64720,2021-03-31,3,,,,,,,,,,,,,,,,,,,,,,,,,,,,,0.00,,,,,,,false,false,12,2020-04-01,2021-03-31,0
2021-01-28,64720,2021-03-31,3,,,,,,,,,,,,,,,,,,,,,,,,,,,,,0.00,,,,,,,false,true,12,2020-04-01,2021-03-31,0
2021-01-28,64720,2021-03-31,3,,,,,,,,,,,,,,,,,,,,,,,,,,,,,,,,,532463527,1299067,531158253,false,false,9,2020-04-01,2020-12-31,0
2021-01-28,64720,2020-03-31,3,,,,,,,,,,,,,,,,,,,,,,,,,,,,,,,,,,,531147050,false,false,9,2019-04-01,2019-12-31,-1
2021-01-28,64720,2021-03-31,,555000000000,0.018,,,,,-8500000000,,-12500000000,,,-21000000000,,-39.54,,,,,,,,,,,,,,,,,,,,,,true,true,12,2020-04-01,2021-03-31,0
2021-01-28,64720,2020-03-31,,651956000000,,,,,,7517000000,,-1698000000,,,-43992000000,,-82.83,,,,,,,,,,,,,,,,,,,,,,true,false,12,2019-04-01,2020-03-31,-1
2021-05-14,64720,2021-03-31,,562847000000,-0.137,,,,,-3138000000,,-5742000000,,,-11641000000,,-21.92,,-0.071,-0.007,-0.006,,836563000000,183751000000,0.204,321.04,170526000000,36473000000,-17938000000,54671000000,147249000000,,,,,,,,true,false,12,2020-04-01,2021-03-31,0
2021-05-14,64720,2020-03-31,,651956000000,-0.112,,,,,7517000000,-0.724,-1698000000,,,-43992000000,,-82.83,,-0.228,-0.002,0.012,,757822000000,168378000000,0.206,294.00,156157000000,43749000000,-61807000000,7413000000,71165000000,,,,,,,,true,false,12,2019-04-01,2020-03-31,-1
2021-05-14,64720,2022-03-31,,320000000000,0.338,,,,,4000000000,,1500000000,,,-1000000000,,-1.88,,,,,,,,,,,,,,,,,,,,,,true,true,6,2021-04-01,2021-09-30,1
2021-05-14,64720,2022-03-31,,660000000000,0.173,,,,,15000000000,,10000000000,,,5000000000,,9.41,,,,,,,,,,,,,,,,,,,,,,true,true,12,2021-04-01,2022-03-31,1
2021-05-14,64720,2021-03-31,,266678000000,-0.201,,,,,-9432000000,,-5204000000,,-9382000000,,,-17.66,,,,,,628701000000,133183000000,0.212,250.74,133183000000,,,,,0.00,,,,532463527,1299641,531159613,false,false,12,2020-04-01,2021-03-31,0
2021-05-14,64720,2020-03-31,,333634000000,-0.049,,,,,2176000000,,7835000000,1.061,-17535000000,,,-33.01,,,,,,569705000000,139143000000,0.244,261.97,139143000000,,,,,5.00,,,,532463527,1314946,531147461,false,false,12,2019-04-01,2020-03-31,-1
2021-05-14,64720,2022-03-31,,,,,,,,,,,,,,,,,,,,,,,,,,,,,,0.00,,,,,,,false,true,12,2021-04-01,2022-03-31,1
2021-07-30,64720,2022-03-31,1,156623000000,0.704,,,,,1654000000,,2554000000,,,1184000000,,2.23,,,,,,840310000000,191922000000,0.208,,174453000000,,,,,,,,,,,,true,false,3,2021-04-01,2021-06-30,0
2021-07-30,64720,2021-03-31,1,91929000000,-0.465,,,,,-9715000000,,-9799000000,,,-12126000000,,-22.83,,,,,,,,,,,,,,,,,,,,,,true,false,3,2020-04-01,2020-06-30,-1
2021-07-30,64720,2022-03-31,1,320000000000,0.338,,,,,4000000000,,1500000000,,,-1000000000,,-1.88,,,,,,,,,,,,,,,,,,,,,,true,true,6,2021-04-01,2021-09-30,0
2021-07-30,64720,2022-03-31,1,660000000000,0.173,,,,,15000000000,,10000000000,,,5000000000,,9.41,,,,,,,,,,,,,,,,,,,,,,true,true,12,2021-04-01,2022-03-31,0
2021-07-30,64720,2021-03-31,1,,,,,,,,,,,,,,,,,,,,836563000000,183751000000,0.204,,170526000000,,,,,,,,,,,,true,false,12,2020-04-01,2021-03-31,-1
2021-07-30,64720,2021-03-31,1,,,,,,,,,,,,,,,,,,,,,,,,,,,,,0.00,,,,532463527,1299641,,false,false,12,2020-04-01,2021-03-31,-1
2021-07-30,64720,2022-03-31,1,,,,,,,,,,,,,,,,,,,,,,,,,,,,,0.00,,,,,,,false,true,12,2021-04-01,2022-03-31,0
2021-07-30,64720,2022-03-31,1,,,,,,,,,,,,,,,,,,,,,,,,,,,,,,,,,532463527,1300131,531163621,false,false,3,2021-04-01,2021-06-30,0
2021-07-30,64720,2021-03-31,1,,,,,,,,,,,,,,,,,,,,,,,,,,,,,,,,,,,531148535,false,false,3,2020-04-01,2020-06-30,-1
2021-10-29,6472,2022-03-31,2,305796000000,0.278,,,,,1608000000,,1702000000,,,-1048000000,,-1.97,,,,,,826796000000,189465000000,0.208,,171947000000,,,,,,,,,,,,true,false,6,2021-04-01,2021-09-30,0
2021-10-29,6472,2021-03-31,2,239221000000,-0.285,,,,,-12323000000,,-13426000000,,,-14413000000,,-27.14,,,,,,,,,,,,,,,,,,,,,,true,false,6,2020-04-01,2020-09-30,-1
2021-10-29,6472,2022-03-31,2,630000000000,0.119,,,,,6000000000,,5000000000,,,2000000000,,3.77,,,,,,,,,,,,,,,,,,,,,,true,true,12,2021-04-01,2022-03-31,0
2021-10-29,6472,2021-03-31,2,,,,,,,,,,,,,,,,,,,,836563000000,183751000000,0.204,,170526000000,,,,,,,,,,,,true,false,12,2020-04-01,2021-03-31,-1
2021-10-29,6472,2021-03-31,2,,,,,,,,,,,,,,,,,,,,,,,,,,,,,0.00,,,,532463527,1299641,,false,false,12,2020-04-01,2021-03-31,-1
2021-10-29,6472,2022-03-31,2,,,,,,,,,,,,,,,,,,,,,,,,,,,,,0.00,,,,,,,false,false,12,2021-04-01,2022-03-31,0
2021-10-29,6472,2022-03-31,2,,,,,,,,,,,,,,,,,,,,,,,,,,,,,0.00,,,,,,,false,true,12,2021-04-01,2022-03-31,0
2021-10-29,6472,2022-03-31,2,,,,,,,,,,,,,,,,,,,,,,,,,,,,,,,,,532463527,1598874,531081819,false,false,6,2021-04-01,2021-09-30,0
2021-10-29,6472,2021-03-31,2,,,,,,,,,,,,,,,,,,,,,,,,,,,,,,,,,,,531155544,false,false,6,2020-04-01,2020-09-30,-1
2021-10-29,64720,2022-03-31,,305796000000,-0.044,,,,,1608000000,-0.598,1702000000,0.135,,-1048000000,,-1.97,,,,,,,,,,,,,,,,,,,,,,true,true,6,2021-04-01,2021-09-30,0
2021-10-29,64720,2021-03-31,,239221000000,,,,,,-12323000000,,-13426000000,,,-14413000000,,-27.14,,,,,,,,,,,,,,,,,,,,,,true,false,6,2020-04-01,2020-09-30,-1
2021-10-29,64720,2022-03-31,,630000000000,-0.045,,,,,6000000000,-0.600,5000000000,-0.500,,2000000000,,3.77,,,,,,,,,,,,,,,,,,,,,,true,true,12,2021-04-01,2022-03-31,0
2021-10-29,64720,2021-03-31,,562847000000,,,,,,-3138000000,,-5742000000,,,-11641000000,,-21.92,,,,,,,,,,,,,,,,,,,,,,true,false,12,2020-04-01,2021-03-31,-1
2022-01-31,6472,2022-03-31,3,468126000000,0.172,,,,,2542000000,,1778000000,,,-1508000000,,-2.84,,,,,,828241000000,195485000000,0.215,,178163000000,,,,,,,,,,,,true,false,9,2021-04-01,2021-12-31,0
2022-01-31,6472,2021-03-31,3,399552000000,-0.193,,,,,-8791000000,,-10901000000,,,-13284000000,,-25.01,,,,,,,,,,,,,,,,,,,,,,true,false,9,2020-04-01,2020-12-31,-1
2022-01-31,6472,2022-03-31,3,630000000000,0.119,,,,,6000000000,,5000000000,,,2000000000,,3.77,,,,,,,,,,,,,,,,,,,,,,true,true,12,2021-04-01,2022-03-31,0
2022-01-31,6472,2021-03-31,3,,,,,,,,,,,,,,,,,,,,836563000000,183751000000,0.204,,170526000000,,,,,,,,,,,,true,false,12,2020-04-01,2021-03-31,-1
2022-01-31,6472,2021-03-31,3,,,,,,,,,,,,,,,,,,,,,,,,,,,,,0.00,,,,532463527,1299641,,false,false,12,2020-04-01,2021-03-31,-1
2022-01-31,6472,2022-03-31,3,,,,,,,,,,,,,,,,,,,,,,,,,,,,,0.00,,,,,,,false,false,12,2021-04-01,2022-03-31,0
2022-01-31,6472,2022-03-31,3,,,,,,,,,,,,,,,,,,,,,,,,,,,,,0.00,,,,,,,false,true,12,2021-04-01,2022-03-31,0
2022-01-31,6472,2022-03-31,3,,,,,,,,,,,,,,,,,,,,,,,,,,,,,,,,,532463527,1599016,531017984,false,false,9,2021-04-01,2021-12-31,0
2022-01-31,6472,2021-03-31,3,,,,,,,,,,,,,,,,,,,,,,,,,,,,,,,,,,,531158253,false,false,9,2020-04-01,2020-12-31,-1
2022-05-13,6472,2022-03-31,,642023000000,0.141,,,,,6880000000,,6815000000,,,7341000000,,13.83,,0.040,0.008,0.011,,855483000000,216425000000,0.231,372.70,197850000000,8956000000,2512000000,-41300000000,121460000000,,,,,,,,true,false,12,2021-04-01,2022-03-31,0
2022-05-13,6472,2021-03-31,,562847000000,-0.137,,,,,-3138000000,,-5742000000,,,-11641000000,,-21.92,,-0.071,-0.007,-0.006,,836563000000,183751000000,0.204,321.04,170526000000,36473000000,-17938000000,54671000000,147249000000,,,,,,,,true,false,12,2020-04-01,2021-03-31,-1
2022-05-13,6472,2023-03-31,,720000000000,0.121,,,,,23000000000,2.343,20000000000,1.935,,10000000000,,18.84,,,,,,,,,,,,,,,,0.265,,,,,,true,true,12,2022-04-01,2023-03-31,1
2022-05-13,6472,2022-03-31,,314917000000,0.181,,,,,6589000000,,10834000000,,21629000000,,,40.74,,,,,,614231000000,147279000000,0.240,277.43,147279000000,,,,,0.00,,,,532463527,1599787,530982436,false,false,12,2021-04-01,2022-03-31,0
2022-05-13,6472,2021-03-31,,266678000000,-0.201,,,,,-9432000000,,-5204000000,,-9382000000,,,-17.66,,,,,,628701000000,133183000000,0.212,250.74,133183000000,,,,,0.00,,,,532463527,1299641,531159613,false,false,12,2020-04-01,2021-03-31,-1
2022-05-13,6472,2023-03-31,,,,,,,,,,,,,,,,,,,,,,,,,,,,,,5.00,,,,,,,false,true,12,2022-04-01,2023-03-31,1
2022-08-02,6472,2023-03-31,1,172614000000,0.102,,,,,-783000000,,10000000,-0.996,,-2487000000,,-4.69,,,,,,895843000000,232544000000,0.238,,212862000000,,,,,,,,,,,,true,false,3,2022-04-01,2022-06-30,0
2022-08-02,6472,2022-03-31,1,156623000000,0.704,,,,,1654000000,,2554000000,,,1184000000,,2.23,,,,,,,,,,,,,,,,,,,,,,true,false,3,2021-04-01,2021-06-30,-1
2022-08-02,6472,2023-03-31,1,350000000000,0.145,,,,,1000000000,-0.378,1000000000,-0.412,,-3500000000,,-6.59,,,,,,,,,,,,,,,,,,,,,,true,true,6,2022-04-01,2022-09-30,0
2022-08-02,6472,2023-03-31,1,720000000000,0.121,,,,,23000000000,2.343,20000000000,1.935,,10000000000,,18.84,,,,,,,,,,,,,,,,,,,,,,true,true,12,2022-04-01,2023-03-31,0
2022-08-02,6472,2022-03-31,1,,,,,,,,,,,,,,,,,,,,855483000000,216425000000,0.231,,197850000000,,,,,,,,,,,,true,false,12,2021-04-01,2022-03-31,-1
2022-08-02,6472,2022-03-31,1,,,,,,,,,,,,,,,,,,,,,,,,,,,,,0.00,,,,532463527,1599787,,false,false,12,2021-04-01,2022-03-31,-1
2022-08-02,6472,2023-03-31,1,,,,,,,,,,,,,,,,,,,,,,,,,,,,,5.00,,,,,,,false,true,12,2022-04-01,2023-03-31,0
2022-08-02,6472,2023-03-31,1,,,,,,,,,,,,,,,,,,,,,,,,,,,,,,,,,532463527,1583544,530867753,false,false,3,2022-04-01,2022-06-30,0
2022-08-02,6472,2022-03-31,1,,,,,,,,,,,,,,,,,,,,,,,,,,,,,,,,,,,531163621,false,false,3,2021-04-01,2021-06-30,-1
2022-10-31,6472,2023-03-31,2,371702000000,0.216,,,,,3860000000,1.400,3593000000,1.111,,-1633000000,,-3.08,,,,,,886071000000,237400000000,0.245,,217286000000,,,,,,,,,,,,true,false,6,2022-04-01,2022-09-30,0
2022-10-31,6472,2022-03-31,2,305796000000,0.278,,,,,1608000000,,1702000000,,,-1048000000,,-1.97,,,,,,,,,,,,,,,,,,,,,,true,false,6,2021-04-01,2021-09-30,-1
2022-10-31,6472,2023-03-31,2,770000000000,0.199,,,,,26000000000,2.779,23000000000,2.375,,12000000000,,22.60,,,,,,,,,,,,,,,,,,,,,,true,true,12,2022-04-01,2023-03-31,0
2022-10-31,6472,2022-03-31,2,,,,,,,,,,,,,,,,,,,,855483000000,216425000000,0.231,,197850000000,,,,,,,,,,,,true,false,12,2021-04-01,2022-03-31,-1
2022-10-31,6472,2022-03-31,2,,,,,,,,,,,,,,,,,,,,,,,,,,,,,0.00,,,,532463527,1599787,,false,false,12,2021-04-01,2022-03-31,-1
2022-10-31,6472,2023-03-31,2,,,,,,,,,,,,,,,,,,,,,,,,,,,,,2.50,,,,,,,false,false,12,2022-04-01,2023-03-31,0
2022-10-31,6472,2023-03-31,2,,,,,,,,,,,,,,,,,,,,,,,,,,,,,5.00,,,,,,,false,true,12,2022-04-01,2023-03-31,0
2022-10-31,6472,2023-03-31,2,,,,,,,,,,,,,,,,,,,,,,,,,,,,,,,,,532463527,1567298,530879967,false,false,6,2022-04-01,2022-09-30,0
2022-10-31,6472,2022-03-31,2,,,,,,,,,,,,,,,,,,,,,,,,,,,,,,,,,,,531081819,false,false,6,2021-04-01,2021-09-30,-1
2023-02-02,6472,2023-03-31,3,569422000000,0.216,,,,,9891000000,2.891,7411000000,3.168,,-754000000,,-1.42,,,,,,857703000000,222963000000,0.241,,206512000000,,,,,,,,,,,,true,false,9,2022-04-01,2022-12-31,0
2023-02-02,6472,2022-03-31,3,468126000000,0.172,,,,,2542000000,,1778000000,,,-1508000000,,-2.84,,,,,,,,,,,,,,,,,,,,,,true,false,9,2021-04-01,2021-12-31,-1
2023-02-02,6472,2023-03-31,3,770000000000,0.199,,,,,26000000000,2.779,23000000000,2.375,,12000000000,,22.60,,,,,,,,,,,,,,,,,,,,,,true,true,12,2022-04-01,2023-03-31,0
2023-02-02,6472,2022-03-31,3,,,,,,,,,,,,,,,,,,,,855483000000,216425000000,0.231,,197850000000,,,,,,,,,,,,true,false,12,2021-04-01,2022-03-31,-1
2023-02-02,6472,2022-03-31,3,,,,,,,,,,,,,,,,,,,,,,,,,,,,,0.00,,,,532463527,1599787,,false,false,12,2021-04-01,2022-03-31,-1
2023-02-02,6472,2023-03-31,3,,,,,,,,,,,,,,,,,,,,,,,,,,,,,2.50,,,,,,,false,false,12,2022-04-01,2023-03-31,0
2023-02-02,6472,2023-03-31,3,,,,,,,,,,,,,,,,,,,,,,,,,,,,,5.00,,,,,,,false,true,12,2022-04-01,2023-03-31,0
2023-02-02,6472,2023-03-31,3,,,,,,,,,,,,,,,,,,,,,,,,,,,,,,,,,532463527,1567553,530884801,false,false,9,2022-04-01,2022-12-31,0
2023-02-02,6472,2022-03-31,3,,,,,,,,,,,,,,,,,,,,,,,,,,,,,,,,,,,531017984,false,false,9,2021-04-01,2021-12-31,-1
2023-05-09,64720,2023-03-31,,770000000000,,,,,,17000000000,-0.346,12000000000,-0.478,,10000000000,,18.84,,,,,,,,,,,,,,,,,,,,,,true,true,12,2022-04-01,2023-03-31,0
2023-05-09,64720,2022-03-31,,642023000000,,,,,,6880000000,,6815000000,,,7341000000,,13.83,,,,,,,,,,,,,,,,,,,,,,true,false,12,2021-04-01,2022-03-31,-1
2023-05-12,6472,2023-03-31,,773960000000,0.206,,,,,17145000000,1.492,12047000000,0.768,,10367000000,,19.53,,0.050,0.014,0.022,,869827000000,237425000000,0.254,415.64,220659000000,34219000000,-13858000000,-33258000000,110675000000,,0.256,,,,,,true,false,12,2022-04-01,2023-03-31,0
2023-05-12,6472,2022-03-31,,642023000000,0.141,,,,,6880000000,,6815000000,,,7341000000,,13.83,,0.040,0.008,0.011,,855483000000,216425000000,0.231,372.70,197850000000,8956000000,2512000000,-41300000000,121460000000,,,,,,,,true,false,12,2021-04-01,2022-03-31,-1
2023-05-12,6472,2024-03-31,,810000000000,0.047,,,,,30000000000,0.750,23000000000,0.909,,11000000000,,20.72,,,,,,,,,,,,,,,,0.483,,,,,,true,true,12,2023-04-01,2024-03-31,1
2023-05-12,6472,2023-03-31,,356612000000,0.132,,,,,13447000000,1.041,24865000000,1.295,24463000000,,0.131,46.08,,,,,,648767000000,170634000000,0.263,321.41,170634000000,,,,,5.00,,,,532463527,1567870,530887334,false,false,12,2022-04-01,2023-03-31,0
2023-05-12,6472,2022-03-31,,314917000000,0.181,,,,,6589000000,,10834000000,,21629000000,,,40.74,,,,,,614231000000,147279000000,0.240,277.43,147279000000,,,,,0.00,,,,532463527,1599787,530982436,false,false,12,2021-04-01,2022-03-31,-1
2023-05-12,6472,2024-03-31,,,,,,,,,,,,,,,,,,,,,,,,,,,,,,10.00,,,,,,,false,true,12,2023-04-01,2024-03-31,1
2023-08-02,6472,2024-03-31,1,200768000000,0.163,,,,,1490000000,,1925000000,,,1641000000,,3.09,,,,,,897379000000,257324000000,0.267,,239794000000,,,,,,,,,,,,true,false,3,2023-04-01,2023-06-30,0
2023-08-02,6472,2023-03-31,1,172614000000,0.102,,,,,-783000000,,10000000,-0.996,,-2487000000,,-4.69,,,,,,,,,,,,,,,,,,,,,,true,false,3,2022-04-01,2022-06-30,-1
2023-08-02,6472,2024-03-31,1,404000000000,0.087,,,,,6500000000,0.684,4500000000,0.252,,4500000000,,8.48,,,,,,,,,,,,,,,,,,,,,,true,true,6,2023-04-01,2023-09-30,0
2023-08-02,6472,2024-03-31,1,825000000000,0.066,,,,,30000000000,0.750,23000000000,0.909,,11000000000,,20.72,,,,,,,,,,,,,,,,,,,,,,true,true,12,2023-04-01,2024-03-31,0
2023-08-02,6472,2023-03-31,1,,,,,,,,,,,,,,,,,,,,869827000000,237425000000,0.254,,220659000000,,,,,,,,,,,,true,false,12,2022-04-01,2023-03-31,-1
2023-08-02,6472,2023-03-31,1,,,,,,,,,,,,,,,,,,,,,,,,,,,,,5.00,,,,532463527,1567870,,false,false,12,2022-04-01,2023-03-31,-1
2023-08-02,6472,2024-03-31,1,,,,,,,,,,,,,,,,,,,,,,,,,,,,,10.00,,,,,,,false,true,12,2023-04-01,2024-03-31,0
2023-08-02,6472,2024-03-31,1,,,,,,,,,,,,,,,,,,,,,,,,,,,,,,,,,532463527,1529420,530905266,false,false,3,2023-04-01,2023-06-30,0
2023-08-02,6472,2023-03-31,1,,,,,,,,,,,,,,,,,,,,,,,,,,,,,,,,,,,530867753,false,false,3,2022-04-01,2022-06-30,-1
2023-10-31,6472,2024-03-31,2,409647000000,0.102,,,,,6763000000,0.752,4883000000,0.359,,4124000000,,7.77,7.63,,,,,924239000000,265508000000,0.268,,247281000000,,,,,,,,,,,,true,false,6,2023-04-01,2023-09-30,0
2023-10-31,6472,2023-03-31,2,371702000000,0.216,,,,,3860000000,1.400,3593000000,1.111,,-1633000000,,-3.08,,,,,,,,,,,,,,,,,,,,,,true,false,6,2022-04-01,2022-09-30,-1
2023-10-31,6472,2024-03-31,2,825000000000,0.066,,,,,30000000000,0.750,23000000000,0.909,,11000000000,,20.72,,,,,,,,,,,,,,,,,,,,,,true,true,12,2023-04-01,2024-03-31,0
2023-10-31,6472,2023-03-31,2,,,,,,,,,,,,,,,,,,,,869827000000,237425000000,0.254,,220659000000,,,,,,,,,,,,true,false,12,2022-04-01,2023-03-31,-1
2023-10-31,6472,2023-03-31,2,,,,,,,,,,,,,,,,,,,,,,,,,,,,,5.00,,,,532463527,1567870,,false,false,12,2022-04-01,2023-03-31,-1
2023-10-31,6472,2024-03-31,2,,,,,,,,,,,,,,,,,,,,,,,,,,,,,5.00,,,,,,,false,false,12,2023-04-01,2024-03-31,0
2023-10-31,6472,2024-03-31,2,,,,,,,,,,,,,,,,,,,,,,,,,,,,,10.00,,,,,,,false,true,12,2023-04-01,2024-03-31,0
2023-10-31,6472,2024-03-31,2,,,,,,,,,,,,,,,,,,,,,,,,,,,,,,,,,532463527,1491596,530933871,false,false,6,2023-04-01,2023-09-30,0
2023-10-31,6472,2023-03-31,2,,,,,,,,,,,,,,,,,,,,,,,,,,,,,,,,,,,530879967,false,false,6,2022-04-01,2022-09-30,-1
2024-02-02,6472,2024-03-31,3,620545000000,0.090,,,,,15393000000,0.556,9781000000,0.320,,7682000000,,14.47,13.78,,,,,903236000000,257008000000,0.267,,241354000000,,,,,,,,,,,,true,false,9,2023-04-01,2023-12-31,0
2024-02-02,6472,2023-03-31,3,569422000000,0.216,,,,,9891000000,2.891,7411000000,3.168,,-754000000,,-1.42,,,,,,,,,,,,,,,,,,,,,,true,false,9,2022-04-01,2022-12-31,-1
2024-02-02,6472,2024-03-31,3,830000000000,0.072,,,,,25000000000,0.458,17500000000,0.453,,9000000000,,16.95,,,,,,,,,,,,,,,,,,,,,,true,true,12,2023-04-01,2024-03-31,0
2024-02-02,6472,2023-03-31,3,,,,,,,,,,,,,,,,,,,,869827000000,237425000000,0.254,,220659000000,,,,,,,,,,,,true,false,12,2022-04-01,2023-03-31,-1
2024-02-02,6472,2023-03-31,3,,,,,,,,,,,,,,,,,,,,,,,,,,,,,5.00,,,,532463527,1567870,,false,false,12,2022-04-01,2023-03-31,-1
2024-02-02,6472,2024-03-31,3,,,,,,,,,,,,,,,,,,,,,,,,,,,,,5.00,,,,,,,false,false,12,2023-04-01,2024-03-31,0
2024-02-02,6472,2024-03-31,3,,,,,,,,,,,,,,,,,,,,,,,,,,,,,10.00,,,,,,,false,true,12,2023-04-01,2024-03-31,0
2024-02-02,6472,2024-03-31,3,,,,,,,,,,,,,,,,,,,,,,,,,,,,,,,,,532463527,1491959,530945239,false,false,9,2023-04-01,2023-12-31,0
2024-02-02,6472,2023-03-31,3,,,,,,,,,,,,,,,,,,,,,,,,,,,,,,,,,,,530884801,false,false,9,2022-04-01,2022-12-31,-1
2024-05-14,6472,2024-03-31,,836285000000,0.081,,,,,28149000000,0.642,20001000000,0.660,,10568000000,,19.91,18.65,0.044,0.022,0.034,,910252000000,280822000000,0.290,497.83,264330000000,65103000000,-24970000000,-30212000000,127266000000,,0.502,,,,,,true,false,12,2023-04-01,2024-03-31,0
2024-05-14,6472,2023-03-31,,773960000000,0.206,,,,,17145000000,1.492,12047000000,0.768,,10367000000,,19.53,,0.050,0.014,0.022,,869827000000,237425000000,0.254,415.64,220659000000,34219000000,-13858000000,-33258000000,110675000000,,0.256,,,,,,true,false,12,2022-04-01,2023-03-31,-1
2024-05-14,6472,2025-03-31,,860000000000,0.028,,,,,32000000000,0.137,22000000000,0.100,,5000000000,,9.42,,,,,,,,,,,,,,,,1.168,,,,,,true,true,12,2024-04-01,2025-03-31,1
2024-05-14,6472,2024-03-31,,355525000000,-0.003,,,,,11343000000,-0.156,20686000000,-0.168,-4200000000,,,-7.91,,,,,,648459000000,161428000000,0.249,304.03,161428000000,,,,,10.00,,,,532463527,1494526,530950908,false,false,12,2023-04-01,2024-03-31,0
2024-05-14,6472,2023-03-31,,356612000000,0.132,,,,,13447000000,1.041,24865000000,1.295,24463000000,,0.131,46.08,,,,,,648767000000,170634000000,0.263,321.41,170634000000,,,,,5.00,,,,532463527,1567870,530887334,false,false,12,2022-04-01,2023-03-31,-1
2024-05-14,6472,2025-03-31,,,,,,,,,,,,,,,,,,,,,,,,,,,,,,11.00,,,,,,,false,true,12,2024-04-01,2025-03-31,1
2024-08-02,6472,2025-03-31,1,210809000000,0.050,,,,,4532000000,2.042,2200000000,0.142,,170000000,,0.32,0.27,,,,,935873000000,294116000000,0.296,,276703000000,,,,,,,,,,,,true,false,3,2024-04-01,2024-06-30,0
2024-08-02,6472,2024-03-31,1,200768000000,0.163,,,,,1490000000,,1925000000,,,1641000000,,3.09,,,,,,,,,,,,,,,,,,,,,,true,false,3,2023-04-01,2023-06-30,-1
2024-08-02,6472,2025-03-31,1,430000000000,0.050,,,,,11000000000,0.626,6000000000,0.229,,2000000000,,3.77,,,,,,,,,,,,,,,,,,,,,,true,true,6,2024-04-01,2024-09-30,0
2024-08-02,6472,2025-03-31,1,860000000000,0.028,,,,,32000000000,0.137,22000000000,0.100,,5000000000,,9.42,,,,,,,,,,,,,,,,,,,,,,true,true,12,2024-04-01,2025-03-31,0
2024-08-02,6472,2024-03-31,1,,,,,,,,,,,,,,,,,,,,910252000000,280822000000,0.290,,264330000000,,,,,,,,,,,,true,false,12,2023-04-01,2024-03-31,-1
2024-08-02,6472,2024-03-31,1,,,,,,,,,,,,,,,,,,,,,,,,,,,,,10.00,,,,532463527,1494526,,false,false,12,2023-04-01,2024-03-31,-1
2024-08-02,6472,2025-03-31,1,,,,,,,,,,,,,,,,,,,,,,,,,,,,,11.00,,,,,,,false,true,12,2024-04-01,2025-03-31,0
2024-08-02,6472,2025-03-31,1,,,,,,,,,,,,,,,,,,,,,,,,,,,,,,,,,532463527,1200831,531042200,false,false,3,2024-04-01,2024-06-30,0
2024-08-02,6472,2024-03-31,1,,,,,,,,,,,,,,,,,,,,,,,,,,,,,,,,,,,530905266,false,false,3,2023-04-01,2023-06-30,-1
2024-10-31,6472,2025-03-31,2,413947000000,0.010,,,,,9949000000,0.471,3483000000,-0.287,,-2125000000,,-4.01,,,,,,887852000000,269077000000,0.285,,252625000000,,,,,,,,,,,,true,false,6,2024-04-01,2024-09-30,0
2024-10-31,6472,2024-03-31,2,409647000000,0.102,,,,,6763000000,0.752,4883000000,0.359,,4124000000,,7.77,7.63,,,,,,,,,,,,,,,,,,,,,true,false,6,2023-04-01,2023-09-30,-1
2024-10-31,6472,2025-03-31,2,815000000000,-0.025,,,,,22000000000,-0.218,9000000000,-0.550,,-16000000000,,-30.18,,,,,,,,,,,,,,,,,,,,,,true,true,12,2024-04-01,2025-03-31,0
2024-10-31,6472,2024-03-31,2,,,,,,,,,,,,,,,,,,,,910252000000,280822000000,0.290,,264330000000,,,,,,,,,,,,true,false,12,2023-04-01,2024-03-31,-1
2024-10-31,6472,2024-03-31,2,,,,,,,,,,,,,,,,,,,,,,,,,,,,,10.00,,,,532463527,1494526,,false,false,12,2023-04-01,2024-03-31,-1
2024-10-31,6472,2025-03-31,2,,,,,,,,,,,,,,,,,,,,,,,,,,,,,5.50,,,,,,,false,false,12,2024-04-01,2025-03-31,0
2024-10-31,6472,2025-03-31,2,,,,,,,,,,,,,,,,,,,,,,,,,,,,,11.00,,,,,,,false,true,12,2024-04-01,2025-03-31,0
2024-10-31,6472,2025-03-31,2,,,,,,,,,,,,,,,,,,,,,,,,,,,,,,,,,532463527,3037453,530651072,false,false,6,2024-04-01,2024-09-30,0
2024-10-31,6472,2024-03-31,2,,,,,,,,,,,,,,,,,,,,,,,,,,,,,,,,,,,530933871,false,false,6,2023-04-01,2023-09-30,-1
2025-02-04,6472,2025-03-31,3,615518000000,-0.008,,,,,14213000000,-0.077,5787000000,-0.408,,-8251000000,,-15.56,,,,,,887614000000,271576000000,0.288,,255214000000,,,,,,,,,,,,true,false,9,2024-04-01,2024-12-31,0
2025-02-04,6472,2024-03-31,3,620545000000,0.090,,,,,15393000000,0.556,9781000000,0.320,,7682000000,,14.47,13.78,,,,,,,,,,,,,,,,,,,,,true,false,9,2023-04-01,2023-12-31,-1
2025-02-04,6472,2025-03-31,3,815000000000,-0.025,,,,,22000000000,-0.218,9000000000,-0.550,,-16000000000,,-30.18,,,,,,,,,,,,,,,,,,,,,,true,true,12,2024-04-01,2025-03-31,0
2025-02-04,6472,2024-03-31,3,,,,,,,,,,,,,,,,,,,,910252000000,280822000000,0.290,,264330000000,,,,,,,,,,,,true,false,12,2023-04-01,2024-03-31,-1
2025-02-04,6472,2024-03-31,3,,,,,,,,,,,,,,,,,,,,,,,,,,,,,10.00,,,,532463527,1494526,,false,false,12,2023-04-01,2024-03-31,-1
2025-02-04,6472,2025-03-31,3,,,,,,,,,,,,,,,,,,,,,,,,,,,,,5.50,,,,,,,false,false,12,2024-04-01,2025-03-31,0
2025-02-04,6472,2025-03-31,3,,,,,,,,,,,,,,,,,,,,,,,,,,,,,11.00,,,,,,,false,true,12,2024-04-01,2025-03-31,0
2025-02-04,6472,2025-03-31,3,,,,,,,,,,,,,,,,,,,,,,,,,,,,,,,,,532463527,3037886,530283468,false,false,9,2024-04-01,2024-12-31,0
2025-02-04,6472,2024-03-31,3,,,,,,,,,,,,,,,,,,,,,,,,,,,,,,,,,,,530945239,false,false,9,2023-04-01,2023-12-31,-1
2025-05-14,64720,2025-03-31,,825587000000,-0.013,,,,,22959000000,-0.184,10475000000,-0.476,,-23801000000,,-44.90,,-0.096,0.012,0.028,,856425000000,248699000000,0.272,439.89,232886000000,45623000000,-25960000000,-18708000000,127712000000,,,,,,,,true,false,12,2024-04-01,2025-03-31,0
2025-05-14,64720,2024-03-31,,836285000000,0.081,,,,,28149000000,0.642,20001000000,0.660,,10568000000,,19.91,18.65,0.044,0.022,0.034,,910252000000,280822000000,0.290,497.83,264330000000,65103000000,-24970000000,-30212000000,127266000000,,0.502,,,,,,true,false,12,2023-04-01,2024-03-31,-1
2025-05-14,64720,2026-03-31,,790000000000,-0.043,,,,,24000000000,0.045,11000000000,0.050,,-6000000000,,-113.33,,,,,,,,,,,,,,,,,,,,,,true,true,12,2025-04-01,2026-03-31,1
2025-05-14,64720,2025-03-31,,346244000000,-0.026,,,,,7622000000,-0.328,10488000000,-0.493,-14262000000,,,-26.91,,,,,,615776000000,141101000000,0.229,266.52,141101000000,,,,,11.00,,,,532463527,3038095,530085474,false,false,12,2024-04-01,2025-03-31,0
2025-05-14,64720,2024-03-31,,355525000000,-0.003,,,,,11343000000,-0.156,20686000000,-0.168,-4200000000,,,-7.91,,,,,,648459000000,161428000000,0.249,304.03,161428000000,,,,,10.00,,,,532463527,1494526,530950908,false,false,12,2023-04-01,2024-03-31,-1
2025-05-14,64720,2025-03-31,,825587000000,-0.013,,,,,22959000000,-0.184,10475000000,-0.476,,-23801000000,,-44.90,,-0.096,0.012,0.028,,856425000000,248699000000,0.272,439.89,232886000000,45623000000,-25960000000,-18708000000,127712000000,,,,,,,,true,false,12,2024-04-01,2025-03-31,0
2025-05-14,64720,2024-03-31,,836285000000,0.081,,,,,28149000000,0.642,20001000000,0.660,,10568000000,,19.91,18.65,0.044,0.022,0.034,,910252000000,280822000000,0.290,497.83,264330000000,65103000000,-24970000000,-30212000000,127266000000,,0.502,,,,,,true,false,12,2023-04-01,2024-03-31,-1
2025-05-14,64720,2026-03-31,,790000000000,-0.043,,,,,24000000000,0.045,11000000000,0.050,,-6000000000,,-11.33,,,,,,,,,,,,,,,,,,,,,,true,true,12,2025-04-01,2026-03-31,1
2025-05-14,64720,2025-03-31,,346244000000,-0.026,,,,,7622000000,-0.328,10488000000,-0.493,-14262000000,,,-26.91,,,,,,615776000000,141101000000,0.229,266.52,141101000000,,,,,11.00,,,,532463527,3038095,530085474,false,false,12,2024-04-01,2025-03-31,0
2025-05-14,64720,2024-03-31,,355525000000,-0.003,,,,,11343000000,-0.156,20686000000,-0.168,-4200000000,,,-7.91,,,,,,648459000000,161428000000,0.249,304.03,161428000000,,,,,10.00,,,,532463527,1494526,530950908,false,false,12,2023-04-01,2024-03-31,-1
