filing_date,code,fiscal_year_end,quarterly_period,net_sales,net_sales_change,revenue,revenue_change,operating_revenue,operating_revenue_change,operating_profit,operating_profit_change,ordinary_profit,ordinary_profit_change,net_income,net_income_of_parent,net_income_change,eps,diluted_eps,roe,roa,operating_profit_to_net_sales,operating_profit_to_revenue,total_assets,net_assets,equity_ratio,bps,owner_equity,operating_cash_flow,investing_cash_flow,financing_cash_flow,cash,dividend_per_share,payout_ratio,commemorative_dividend,extra_dividend,number_of_shares,number_of_treqsury_shares,avg_number_of_shares,is_consolidated,is_forecast,duration,period_start,period_end,period_pos
2015-07-31,64730,2016-03-31,1,346500000000,0.077,,,,,19966000000,0.209,22428000000,0.291,,16370000000,,47.73,,,,,,1149394000000,513096000000,0.424,,487405000000,,,,,,,,,,,,true,false,3,2015-04-01,2015-06-30,0
2015-07-31,64730,2015-03-31,1,321810000000,0.068,,,,,16514000000,0.588,17374000000,0.341,,12742000000,,37.27,,,,,,,,,,,,,,,,,,,,,,true,false,3,2014-04-01,2014-06-30,-1
2015-07-31,64730,2016-03-31,1,670000000000,0.022,,,,,35000000000,0.047,36000000000,0.019,,22000000000,,64.14,,,,,,,,,,,,,,,,,,,,,,true,true,6,2015-04-01,2015-09-30,0
2015-07-31,64730,2016-03-31,1,1370000000000,0.010,,,,,78000000000,0.052,80000000000,0.008,,49000000000,,142.86,,,,,,,,,,,,,,,,,,,,,,true,true,12,2015-04-01,2016-03-31,0
2015-07-31,64730,2015-03-31,1,,,,,,,,,,,,,,,,,,,,1126235000000,499773000000,0.420,,473493000000,,,,,,,,,,,,true,false,12,2014-04-01,2015-03-31,-1
2015-07-31,64730,2015-03-31,1,,,,,,,,,,,,,,,,,,,,,,,,,,,,,34.00,,,,343286307,302905,,false,false,12,2014-04-01,2015-03-31,-1
2015-07-31,64730,2016-03-31,1,,,,,,,,,,,,,,,,,,,,,,,,,,,,,34.00,,,,,,,false,true,12,2015-04-01,2016-03-31,0
2015-07-31,64730,2016-03-31,1,,,,,,,,,,,,,,,,,,,,,,,,,,,,,,,,,343286307,304099,342982908,false,false,3,2015-04-01,2015-06-30,0
2015-07-31,64730,2015-03-31,1,,,,,,,,,,,,,,,,,,,,,,,,,,,,,,,,,,,341887763,false,false,3,2014-04-01,2014-06-30,-1
2015-10-30,64730,2016-03-31,2,701817000000,0.071,,,,,40394000000,0.209,42180000000,0.194,,28391000000,,82.78,,,,,,1106924000000,500411000000,0.429,,475310000000,,,,,,,,,,,,true,false,6,2015-04-01,2015-09-30,0
2015-10-30,64730,2015-03-31,2,655269000000,0.070,,,,,33421000000,0.369,35316000000,0.275,,22245000000,,65.07,,,,,,,,,,,,,,,,,,,,,,true,false,6,2014-04-01,2014-09-30,-1
2015-10-30,64730,2016-03-31,2,1410000000000,0.040,,,,,82000000000,0.106,85000000000,0.071,,53000000000,,154.53,,,,,,,,,,,,,,,,,,,,,,true,true,12,2015-04-01,2016-03-31,0
2015-10-30,64730,2015-03-31,2,,,,,,,,,,,,,,,,,,,,1126235000000,499773000000,0.420,,473493000000,,,,,,,,,,,,true,false,12,2014-04-01,2015-03-31,-1
2015-10-30,64730,2015-03-31,2,,,,,,,,,,,,,,,,,,,,,,,,,,,,,34.00,,,,343286307,302905,,false,false,12,2014-04-01,2015-03-31,-1
2015-10-30,64730,2016-03-31,2,,,,,,,,,,,,,,,,,,,,,,,,,,,,,21.00,,,,,,,false,false,12,2015-04-01,2016-03-31,0
2015-10-30,64730,2016-03-31,2,,,,,,,,,,,,,,,,,,,,,,,,,,,,,42.00,,,,,,,false,true,12,2015-04-01,2016-03-31,0
2015-10-30,64730,2016-03-31,2,,,,,,,,,,,,,,,,,,,,,,,,,,,,,,,,,343286307,306146,342981918,false,false,6,2015-04-01,2015-09-30,0
2015-10-30,64730,2015-03-31,2,,,,,,,,,,,,,,,,,,,,,,,,,,,,,,,,,,,341887205,false,false,6,2014-04-01,2014-09-30,-1
2015-10-30,64730,2016-03-31,,1410000000000,0.029,,,,,82000000000,0.051,85000000000,0.063,,53000000000,,154.53,,,,,,,,,,,,,,,,,,,,,,true,true,12,2015-04-01,2016-03-31,0
2015-10-30,64730,2015-03-31,,1355992000000,,,,,,74154000000,,79379000000,,,42520000000,,124.24,,,,,,,,,,,,,,,,,,,,,,true,false,12,2014-04-01,2015-03-31,-1
2015-10-30,64730,2016-03-31,,,,,,,,,,,,,,,,,,,,,,,,,,,,,,42.00,,,,,,,false,true,12,2015-04-01,2016-03-31,0
2015-10-30,64730,2016-03-31,,,,,,,,,,,,,,,,,,,,,,,,,,,,,,21.00,,,,,,,false,false,12,2015-04-01,2016-03-31,0
2015-10-30,64730,2015-03-31,,,,,,,,,,,,,,,,,,,,,,,,,,,,,,34.00,,,,,,,false,false,12,2014-04-01,2015-03-31,-1
2016-02-03,64730,2016-03-31,3,1047975000000,0.056,,,,,60373000000,0.195,62679000000,0.123,,41102000000,,119.84,,,,,,1099632000000,507446000000,0.438,,482030000000,,,,,,,,,,,,true,false,9,2015-04-01,2015-12-31,0
2016-02-03,64730,2015-03-31,3,992235000000,0.071,,,,,50526000000,0.225,55797000000,0.219,,35001000000,,102.32,,,,,,,,,,,,,,,,,,,,,,true,false,9,2014-04-01,2014-12-31,-1
2016-02-03,64730,2016-03-31,3,1410000000000,0.040,,,,,82000000000,0.106,85000000000,0.071,,53000000000,,154.53,,,,,,,,,,,,,,,,,,,,,,true,true,12,2015-04-01,2016-03-31,0
2016-02-03,64730,2015-03-31,3,,,,,,,,,,,,,,,,,,,,1126235000000,499773000000,0.420,,473493000000,,,,,,,,,,,,true,false,12,2014-04-01,2015-03-31,-1
2016-02-03,64730,2015-03-31,3,,,,,,,,,,,,,,,,,,,,,,,,,,,,,34.00,,,,343286307,302905,,false,false,12,2014-04-01,2015-03-31,-1
2016-02-03,64730,2016-03-31,3,,,,,,,,,,,,,,,,,,,,,,,,,,,,,21.00,,,,,,,false,false,12,2015-04-01,2016-03-31,0
2016-02-03,64730,2016-03-31,3,,,,,,,,,,,,,,,,,,,,,,,,,,,,,42.00,,,,,,,false,true,12,2015-04-01,2016-03-31,0
2016-02-03,64730,2016-03-31,3,,,,,,,,,,,,,,,,,,,,,,,,,,,,,,,,,343286307,307701,342981119,false,false,9,2015-04-01,2015-12-31,0
2016-02-03,64730,2015-03-31,3,,,,,,,,,,,,,,,,,,,,,,,,,,,,,,,,,,,342081166,false,false,9,2014-04-01,2014-12-31,-1
2016-04-28,64730,2016-03-31,,1399987000000,0.032,,,,,81923000000,0.105,81260000000,0.024,,48672000000,,141.91,,0.105,0.074,0.059,,1075835000000,480066000000,0.423,1327.34,455249000000,110125000000,-59923000000,-49301000000,61668000000,,0.296,,,,,,true,false,12,2015-04-01,2016-03-31,0
2016-04-28,64730,2015-03-31,,1355992000000,0.076,,,,,74154000000,0.274,79379000000,0.283,,42520000000,,124.24,,0.098,0.072,0.055,,1126235000000,499773000000,0.420,1380.51,473493000000,103386000000,-62072000000,-36475000000,65417000000,,0.274,,,,,,true,false,12,2014-04-01,2015-03-31,-1
2016-04-28,64730,2017-03-31,,640000000000,-0.088,,,,,27000000000,-0.332,28000000000,-0.336,,19000000000,,55.40,,,,,,,,,,,,,,,,,,,,,,true,true,6,2016-04-01,2016-09-30,1
2016-04-28,64730,2017-03-31,,1300000000000,-0.071,,,,,60000000000,-0.268,61000000000,-0.249,,41000000000,,119.54,,,,,,,,,,,,,,,,0.351,,,,,,true,true,12,2016-04-01,2017-03-31,1
2016-04-28,64730,2016-03-31,,634831000000,-0.023,,,,,19795000000,-0.096,29396000000,-0.070,19218000000,,0.617,56.03,,,,,,709258000000,322516000000,0.455,940.23,322516000000,,,,,42.00,,,,343286307,308032,342980455,false,false,12,2015-04-01,2016-03-31,0
2016-04-28,64730,2015-03-31,,649444000000,0.011,,,,,21903000000,-0.078,31618000000,-0.032,11884000000,,0.506,34.70,,,,,,741485000000,326985000000,0.441,953.25,326985000000,,,,,34.00,,,,343286307,302905,342232782,false,false,12,2014-04-01,2015-03-31,-1
2016-04-28,64730,2017-03-31,,,,,,,,,,,,,,,,,,,,,,,,,,,,,,42.00,,,,,,,false,true,12,2016-04-01,2017-03-31,1
2016-07-29,64730,2017-03-31,1,321368000000,-0.073,,,,,18613000000,-0.068,16864000000,-0.248,,12507000000,,36.47,,,,,,1039491000000,449022000000,0.410,,426338000000,,,,,,,,,,,,true,false,3,2016-04-01,2016-06-30,0
2016-07-29,64730,2016-03-31,1,346500000000,0.077,,,,,19966000000,0.209,22428000000,0.291,,16370000000,,47.73,,,,,,,,,,,,,,,,,,,,,,true,false,3,2015-04-01,2015-06-30,-1
2016-07-29,64730,2017-03-31,1,640000000000,-0.088,,,,,27000000000,-0.332,28000000000,-0.336,,19000000000,,55.40,,,,,,,,,,,,,,,,,,,,,,true,true,6,2016-04-01,2016-09-30,0
2016-07-29,64730,2017-03-31,1,1300000000000,-0.071,,,,,60000000000,-0.268,61000000000,-0.249,,41000000000,,119.54,,,,,,,,,,,,,,,,,,,,,,true,true,12,2016-04-01,2017-03-31,0
2016-07-29,64730,2016-03-31,1,,,,,,,,,,,,,,,,,,,,1075835000000,480066000000,0.423,,455249000000,,,,,,,,,,,,true,false,12,2015-04-01,2016-03-31,-1
2016-07-29,64730,2016-03-31,1,,,,,,,,,,,,,,,,,,,,,,,,,,,,,42.00,,,,343286307,308032,,false,false,12,2015-04-01,2016-03-31,-1
2016-07-29,64730,2017-03-31,1,,,,,,,,,,,,,,,,,,,,,,,,,,,,,42.00,,,,,,,false,true,12,2016-04-01,2017-03-31,0
2016-07-29,64730,2017-03-31,1,,,,,,,,,,,,,,,,,,,,,,,,,,,,,,,,,343286307,308297,342978126,false,false,3,2016-04-01,2016-06-30,0
2016-07-29,64730,2016-03-31,1,,,,,,,,,,,,,,,,,,,,,,,,,,,,,,,,,,,342982908,false,false,3,2015-04-01,2015-06-30,-1
2016-10-24,64730,2017-03-31,,640000000000,,,,,,35500000000,0.315,33500000000,0.196,,12500000000,,36.45,,,,,,,,,,,,,,,,,,,,,,true,true,6,2016-04-01,2016-09-30,0
2016-10-24,64730,2016-03-31,,701817000000,,,,,,40394000000,,42180000000,,,28391000000,,82.78,,,,,,,,,,,,,,,,,,,,,,true,false,6,2015-04-01,2015-09-30,-1
2016-10-28,64730,2017-03-31,2,640315000000,-0.088,,,,,35876000000,-0.112,33986000000,-0.194,,12619000000,,36.79,,,,,,1046167000000,448881000000,0.407,,426239000000,,,,,,,,,,,,true,false,6,2016-04-01,2016-09-30,0
2016-10-28,64730,2016-03-31,2,701817000000,0.071,,,,,40394000000,0.209,42180000000,0.194,,28391000000,,82.78,,,,,,,,,,,,,,,,,,,,,,true,false,6,2015-04-01,2015-09-30,-1
2016-10-28,64730,2017-03-31,2,1270000000000,-0.093,,,,,65000000000,-0.207,62000000000,-0.237,,33000000000,,96.22,,,,,,,,,,,,,,,,,,,,,,true,true,12,2016-04-01,2017-03-31,0
2016-10-28,64730,2016-03-31,2,,,,,,,,,,,,,,,,,,,,1075835000000,480066000000,0.423,,455249000000,,,,,,,,,,,,true,false,12,2015-04-01,2016-03-31,-1
2016-10-28,64730,2016-03-31,2,,,,,,,,,,,,,,,,,,,,,,,,,,,,,42.00,,,,343286307,308032,,false,false,12,2015-04-01,2016-03-31,-1
2016-10-28,64730,2017-03-31,2,,,,,,,,,,,,,,,,,,,,,,,,,,,,,21.00,,,,,,,false,false,12,2016-04-01,2017-03-31,0
2016-10-28,64730,2017-03-31,2,,,,,,,,,,,,,,,,,,,,,,,,,,,,,42.00,,,,,,,false,true,12,2016-04-01,2017-03-31,0
2016-10-28,64730,2017-03-31,2,,,,,,,,,,,,,,,,,,,,,,,,,,,,,,,,,343286307,309032,342977903,false,false,6,2016-04-01,2016-09-30,0
2016-10-28,64730,2016-03-31,2,,,,,,,,,,,,,,,,,,,,,,,,,,,,,,,,,,,342981918,false,false,6,2015-04-01,2015-09-30,-1
2016-10-28,64730,2017-03-31,,1270000000000,-0.023,,,,,65000000000,0.083,62000000000,0.016,,33000000000,,96.22,,,,,,,,,,,,,,,,,,,,,,true,true,12,2016-04-01,2017-03-31,0
2016-10-28,64730,2016-03-31,,1399987000000,,,,,,81923000000,,81260000000,,,48672000000,,141.91,,,,,,,,,,,,,,,,,,,,,,true,false,12,2015-04-01,2016-03-31,-1
2017-02-02,64730,2017-03-31,3,964118000000,-0.080,,,,,51200000000,-0.152,53306000000,-0.150,,24485000000,,71.39,,,,,,1127704000000,494940000000,0.417,,470035000000,,,,,,,,,,,,true,false,9,2016-04-01,2016-12-31,0
2017-02-02,64730,2016-03-31,3,1047975000000,0.056,,,,,60373000000,0.195,62679000000,0.123,,41102000000,,119.84,,,,,,,,,,,,,,,,,,,,,,true,false,9,2015-04-01,2015-12-31,-1
2017-02-02,64730,2017-03-31,3,1300000000000,-0.071,,,,,70000000000,-0.146,71000000000,-0.126,,40000000000,,116.63,,,,,,,,,,,,,,,,,,,,,,true,true,12,2016-04-01,2017-03-31,0
2017-02-02,64730,2016-03-31,3,,,,,,,,,,,,,,,,,,,,1075835000000,480066000000,0.423,,455249000000,,,,,,,,,,,,true,false,12,2015-04-01,2016-03-31,-1
2017-02-02,64730,2016-03-31,3,,,,,,,,,,,,,,,,,,,,,,,,,,,,,42.00,,,,343286307,308032,,false,false,12,2015-04-01,2016-03-31,-1
2017-02-02,64730,2017-03-31,3,,,,,,,,,,,,,,,,,,,,,,,,,,,,,21.00,,,,,,,false,false,12,2016-04-01,2017-03-31,0
2017-02-02,64730,2017-03-31,3,,,,,,,,,,,,,,,,,,,,,,,,,,,,,42.00,,,,,,,false,true,12,2016-04-01,2017-03-31,0
2017-02-02,64730,2017-03-31,3,,,,,,,,,,,,,,,,,,,,,,,,,,,,,,,,,343286307,309753,342977662,false,false,9,2016-04-01,2016-12-31,0
2017-02-02,64730,2016-03-31,3,,,,,,,,,,,,,,,,,,,,,,,,,,,,,,,,,,,342981119,false,false,9,2015-04-01,2015-12-31,-1
2017-02-02,64730,2017-03-31,,1300000000000,0.024,,,,,70000000000,0.077,71000000000,0.145,,40000000000,,116.63,,,,,,,,,,,,,,,,,,,,,,true,true,12,2016-04-01,2017-03-31,0
2017-02-02,64730,2016-03-31,,1399987000000,,,,,,81923000000,,81260000000,,,48672000000,,141.91,,,,,,,,,,,,,,,,,,,,,,true,false,12,2015-04-01,2016-03-31,-1
2017-04-28,64730,2017-03-31,,1318310000000,-0.058,,,,,77442000000,-0.055,78096000000,-0.039,,47522000000,,138.56,,0.101,0.071,0.059,,1117851000000,512906000000,0.436,1422.08,487737000000,99277000000,-68066000000,-22104000000,70207000000,,0.303,,,,,,true,false,12,2016-04-01,2017-03-31,0
2017-04-28,64730,2016-03-31,,1399987000000,0.032,,,,,81923000000,0.105,81260000000,0.024,,48672000000,,141.91,,0.105,0.074,0.059,,1075835000000,480066000000,0.423,1327.34,455249000000,110125000000,-59923000000,-49301000000,61668000000,,0.296,,,,,,true,false,12,2015-04-01,2016-03-31,-1
2017-04-28,64730,2018-03-31,,640000000000,-0.000,,,,,32000000000,-0.108,31500000000,-0.073,,20000000000,,58.31,,,,,,,,,,,,,,,,,,,,,,true,true,6,2017-04-01,2017-09-30,1
2017-04-28,64730,2018-03-31,,1300000000000,-0.014,,,,,68000000000,-0.122,68000000000,-0.129,,42000000000,,122.46,,,,,,,,,,,,,,,,0.343,,,,,,true,true,12,2017-04-01,2018-03-31,1
2017-04-28,64730,2017-03-31,,615942000000,-0.030,,,,,11403000000,-0.424,22156000000,-0.246,4291000000,,-0.777,12.51,,,,,,730104000000,316621000000,0.434,923.06,316621000000,,,,,42.00,,,,343286307,310497,342977287,false,false,12,2016-04-01,2017-03-31,0
2017-04-28,64730,2016-03-31,,634831000000,-0.023,,,,,19795000000,-0.096,29396000000,-0.070,19218000000,,0.617,56.03,,,,,,709258000000,322516000000,0.455,940.23,322516000000,,,,,42.00,,,,343286307,308032,342980455,false,false,12,2015-04-01,2016-03-31,-1
2017-04-28,64730,2018-03-31,,,,,,,,,,,,,,,,,,,,,,,,,,,,,,42.00,,,,,,,false,true,12,2017-04-01,2018-03-31,1
2017-07-28,64730,2018-03-31,1,335700000000,0.045,,,,,16172000000,-0.131,17590000000,0.043,,16230000000,,47.32,,,,,,1167729000000,530594000000,0.431,,503803000000,,,,,,,,,,,,true,false,3,2017-04-01,2017-06-30,0
2017-07-28,64730,2017-03-31,1,321368000000,-0.073,,,,,18613000000,-0.068,16864000000,-0.248,,12507000000,,36.47,,,,,,,,,,,,,,,,,,,,,,true,false,3,2016-04-01,2016-06-30,-1
2017-07-28,64730,2018-03-31,1,640000000000,-0.000,,,,,32000000000,-0.108,31500000000,-0.073,,20000000000,,58.31,,,,,,,,,,,,,,,,,,,,,,true,true,6,2017-04-01,2017-09-30,0
2017-07-28,64730,2018-03-31,1,1300000000000,-0.014,,,,,68000000000,-0.122,68000000000,-0.129,,42000000000,,122.46,,,,,,,,,,,,,,,,,,,,,,true,true,12,2017-04-01,2018-03-31,0
2017-07-28,64730,2017-03-31,1,,,,,,,,,,,,,,,,,,,,1117851000000,512906000000,0.436,,487737000000,,,,,,,,,,,,true,false,12,2016-04-01,2017-03-31,-1
2017-07-28,64730,2017-03-31,1,,,,,,,,,,,,,,,,,,,,,,,,,,,,,42.00,,,,343286307,310497,,false,false,12,2016-04-01,2017-03-31,-1
2017-07-28,64730,2018-03-31,1,,,,,,,,,,,,,,,,,,,,,,,,,,,,,42.00,,,,,,,false,true,12,2017-04-01,2018-03-31,0
2017-07-28,64730,2018-03-31,1,,,,,,,,,,,,,,,,,,,,,,,,,,,,,,,,,343286307,310946,342975622,false,false,3,2017-04-01,2017-06-30,0
2017-07-28,64730,2017-03-31,1,,,,,,,,,,,,,,,,,,,,,,,,,,,,,,,,,,,342978126,false,false,3,2016-04-01,2016-06-30,-1
2017-10-23,64730,2018-03-31,,680000000000,0.063,,,,,35000000000,0.094,37500000000,0.190,28500000000,,0.425,83.10,,,,,,,,,,,,,,,,,,,,,,true,true,6,2017-04-01,2017-09-30,0
2017-10-23,64730,2017-03-31,,640315000000,,,,,,35876000000,,33986000000,,12619000000,,,36.79,,,,,,,,,,,,,,,,,,,,,,true,false,6,2016-04-01,2016-09-30,-1
2017-10-31,64730,2018-03-31,2,682253000000,0.065,,,,,35241000000,-0.018,37950000000,0.117,,28672000000,,83.60,,,,,,1209356000000,553952000000,0.436,,526723000000,,,,,,,,,,,,true,false,6,2017-04-01,2017-09-30,0
2017-10-31,64730,2017-03-31,2,640315000000,-0.088,,,,,35876000000,-0.112,33986000000,-0.194,,12619000000,,36.79,,,,,,,,,,,,,,,,,,,,,,true,false,6,2016-04-01,2016-09-30,-1
2017-10-31,64730,2018-03-31,2,1400000000000,0.062,,,,,78000000000,0.007,79000000000,0.012,,60000000000,,174.94,,,,,,,,,,,,,,,,,,,,,,true,true,12,2017-04-01,2018-03-31,0
2017-10-31,64730,2017-03-31,2,,,,,,,,,,,,,,,,,,,,1117851000000,512906000000,0.436,,487737000000,,,,,,,,,,,,true,false,12,2016-04-01,2017-03-31,-1
2017-10-31,64730,2017-03-31,2,,,,,,,,,,,,,,,,,,,,,,,,,,,,,42.00,,,,343286307,310497,,false,false,12,2016-04-01,2017-03-31,-1
2017-10-31,64730,2018-03-31,2,,,,,,,,,,,,,,,,,,,,,,,,,,,,,21.00,,,,,,,false,false,12,2017-04-01,2018-03-31,0
2017-10-31,64730,2018-03-31,2,,,,,,,,,,,,,,,,,,,,,,,,,,,,,42.00,,,,,,,false,true,12,2017-04-01,2018-03-31,0
2017-10-31,64730,2018-03-31,2,,,,,,,,,,,,,,,,,,,,,,,,,,,,,,,,,343286307,311363,342975375,false,false,6,2017-04-01,2017-09-30,0
2017-10-31,64730,2017-03-31,2,,,,,,,,,,,,,,,,,,,,,,,,,,,,,,,,,,,342977903,false,false,6,2016-04-01,2016-09-30,-1
2017-10-31,64730,2018-03-31,,1400000000000,0.077,,,,,78000000000,0.147,79000000000,0.162,,60000000000,,174.94,,,,,,,,,,,,,,,,,,,,,,true,true,12,2017-04-01,2018-03-31,0
2017-10-31,64730,2017-03-31,,1318310000000,,,,,,77442000000,,78096000000,,,47522000000,,138.56,,,,,,,,,,,,,,,,,,,,,,true,false,12,2016-04-01,2017-03-31,-1
2018-02-02,64730,2018-03-31,3,1048868000000,0.088,,,,,55631000000,0.087,58044000000,0.089,,41302000000,,120.42,,,,,,1288789000000,580636000000,0.422,,543399000000,,,,,,,,,,,,true,false,9,2017-04-01,2017-12-31,0
2018-02-02,64730,2017-03-31,3,964118000000,-0.080,,,,,51200000000,-0.152,53306000000,-0.150,,24485000000,,71.39,,,,,,,,,,,,,,,,,,,,,,true,false,9,2016-04-01,2016-12-31,-1
2018-02-02,64730,2018-03-31,3,1400000000000,0.062,,,,,78000000000,0.007,79000000000,0.012,,60000000000,,174.94,,,,,,,,,,,,,,,,,,,,,,true,true,12,2017-04-01,2018-03-31,0
2018-02-02,64730,2017-03-31,3,,,,,,,,,,,,,,,,,,,,1117851000000,512906000000,0.436,,487737000000,,,,,,,,,,,,true,false,12,2016-04-01,2017-03-31,-1
2018-02-02,64730,2017-03-31,3,,,,,,,,,,,,,,,,,,,,,,,,,,,,,42.00,,,,343286307,310497,,false,false,12,2016-04-01,2017-03-31,-1
2018-02-02,64730,2018-03-31,3,,,,,,,,,,,,,,,,,,,,,,,,,,,,,21.00,,,,,,,false,false,12,2017-04-01,2018-03-31,0
2018-02-02,64730,2018-03-31,3,,,,,,,,,,,,,,,,,,,,,,,,,,,,,42.00,,,,,,,false,true,12,2017-04-01,2018-03-31,0
2018-02-02,64730,2018-03-31,3,,,,,,,,,,,,,,,,,,,,,,,,,,,,,,,,,343286307,312002,342975119,false,false,9,2017-04-01,2017-12-31,0
2018-02-02,64730,2017-03-31,3,,,,,,,,,,,,,,,,,,,,,,,,,,,,,,,,,,,342977662,false,false,9,2016-04-01,2016-12-31,-1
2018-04-27,64730,2018-03-31,,1441170000000,0.093,,,,,81391000000,0.051,82571000000,0.057,,49697000000,,144.90,,0.097,0.069,0.056,,1277066000000,572592000000,0.417,1554.11,533018000000,100033000000,-99049000000,60282000000,132648000000,,0.297,,,,,,true,false,12,2017-04-01,2018-03-31,0
2018-04-27,64730,2017-03-31,,1318310000000,-0.058,,,,,77442000000,-0.055,78096000000,-0.039,,47522000000,,138.56,,0.101,0.071,0.059,,1117851000000,512906000000,0.436,1422.08,487737000000,99277000000,-68066000000,-22104000000,70207000000,,0.303,,,,,,true,false,12,2016-04-01,2017-03-31,-1
2018-04-27,64730,2019-03-31,,720000000000,0.055,,,,,39000000000,0.107,38500000000,0.014,,23500000000,,68.52,,,,,,,,,,,,,,,,,,,,,,true,true,6,2018-04-01,2018-09-30,1
2018-04-27,64730,2019-03-31,,1500000000000,0.041,,,,,87000000000,0.069,86000000000,0.042,,55000000000,,160.36,,,,,,,,,,,,,,,,0.274,,,,,,true,true,12,2018-04-01,2019-03-31,1
2018-04-27,64730,2018-03-31,,647101000000,0.051,,,,,15856000000,0.390,32979000000,0.488,22016000000,,4.130,64.18,,,,,,832260000000,332344000000,0.399,968.90,332344000000,,,,,43.00,,,,343286307,312933,342974805,false,false,12,2017-04-01,2018-03-31,0
2018-04-27,64730,2017-03-31,,615942000000,-0.030,,,,,11403000000,-0.424,22156000000,-0.246,4291000000,,-0.777,12.51,,,,,,730104000000,316621000000,0.434,923.06,316621000000,,,,,42.00,,,,343286307,310497,342977287,false,false,12,2016-04-01,2017-03-31,-1
2018-04-27,64730,2019-03-31,,,,,,,,,,,,,,,,,,,,,,,,,,,,,,44.00,,,,,,,false,true,12,2018-04-01,2019-03-31,1
2018-07-31,64730,2019-03-31,1,376375000000,0.121,,,,,19340000000,0.196,20606000000,0.171,,12608000000,,36.76,,,,,,1284949000000,575687000000,0.417,,535702000000,,,,,,,,,,,,true,false,3,2018-04-01,2018-06-30,0
2018-07-31,64730,2018-03-31,1,335700000000,0.045,,,,,16172000000,-0.131,17590000000,0.043,,16230000000,,47.32,,,,,,,,,,,,,,,,,,,,,,true,false,3,2017-04-01,2017-06-30,-1
2018-07-31,64730,2019-03-31,1,720000000000,0.055,,,,,39000000000,0.107,38500000000,0.014,,23500000000,,68.52,,,,,,,,,,,,,,,,,,,,,,true,true,6,2018-04-01,2018-09-30,0
2018-07-31,64730,2019-03-31,1,1500000000000,0.041,,,,,87000000000,0.069,86000000000,0.042,,55000000000,,160.36,,,,,,,,,,,,,,,,,,,,,,true,true,12,2018-04-01,2019-03-31,0
2018-07-31,64730,2018-03-31,1,,,,,,,,,,,,,,,,,,,,1270564000000,572592000000,0.420,,533018000000,,,,,,,,,,,,true,false,12,2017-04-01,2018-03-31,-1
2018-07-31,64730,2018-03-31,1,,,,,,,,,,,,,,,,,,,,,,,,,,,,,43.00,,,,343286307,312933,,false,false,12,2017-04-01,2018-03-31,-1
2018-07-31,64730,2019-03-31,1,,,,,,,,,,,,,,,,,,,,,,,,,,,,,44.00,,,,,,,false,true,12,2018-04-01,2019-03-31,0
2018-07-31,64730,2019-03-31,1,,,,,,,,,,,,,,,,,,,,,,,,,,,,,,,,,343286307,313382,342973179,false,false,3,2018-04-01,2018-06-30,0
2018-07-31,64730,2018-03-31,1,,,,,,,,,,,,,,,,,,,,,,,,,,,,,,,,,,,342975622,false,false,3,2017-04-01,2017-06-30,-1
2018-10-31,64730,2019-03-31,2,742918000000,0.089,,,,,32584000000,-0.075,34739000000,-0.085,,19024000000,,55.47,,,,,,1284561000000,591057000000,0.429,,551085000000,,,,,,,,,,,,true,false,6,2018-04-01,2018-09-30,0
2018-10-31,64730,2018-03-31,2,682253000000,0.065,,,,,35241000000,-0.018,37950000000,0.117,,28672000000,,83.60,,,,,,,,,,,,,,,,,,,,,,true,false,6,2017-04-01,2017-09-30,-1
2018-10-31,64730,2019-03-31,2,1500000000000,0.041,,,,,87000000000,0.069,86000000000,0.042,,55000000000,,160.36,,,,,,,,,,,,,,,,,,,,,,true,true,12,2018-04-01,2019-03-31,0
2018-10-31,64730,2018-03-31,2,,,,,,,,,,,,,,,,,,,,1270564000000,572592000000,0.420,,533018000000,,,,,,,,,,,,true,false,12,2017-04-01,2018-03-31,-1
2018-10-31,64730,2018-03-31,2,,,,,,,,,,,,,,,,,,,,,,,,,,,,,43.00,,,,343286307,312933,,false,false,12,2017-04-01,2018-03-31,-1
2018-10-31,64730,2019-03-31,2,,,,,,,,,,,,,,,,,,,,,,,,,,,,,22.00,,,,,,,false,false,12,2018-04-01,2019-03-31,0
2018-10-31,64730,2019-03-31,2,,,,,,,,,,,,,,,,,,,,,,,,,,,,,44.00,,,,,,,false,true,12,2018-04-01,2019-03-31,0
2018-10-31,64730,2019-03-31,2,,,,,,,,,,,,,,,,,,,,,,,,,,,,,,,,,343286307,313832,342972964,false,false,6,2018-04-01,2018-09-30,0
2018-10-31,64730,2018-03-31,2,,,,,,,,,,,,,,,,,,,,,,,,,,,,,,,,,,,342975375,false,false,6,2017-04-01,2017-09-30,-1
2019-02-01,64730,2019-03-31,3,1125686000000,0.073,,,,,48835000000,-0.122,50652000000,-0.127,,27735000000,,80.87,,,,,,1274104000000,568336000000,0.419,,533880000000,,,,,,,,,,,,true,false,9,2018-04-01,2018-12-31,0
2019-02-01,64730,2018-03-31,3,1048868000000,0.088,,,,,55631000000,0.087,58044000000,0.089,,41302000000,,120.42,,,,,,,,,,,,,,,,,,,,,,true,false,9,2017-04-01,2017-12-31,-1
2019-02-01,64730,2019-03-31,3,1500000000000,0.041,,,,,69000000000,-0.152,70000000000,-0.152,,32000000000,,93.30,,,,,,,,,,,,,,,,,,,,,,true,true,12,2018-04-01,2019-03-31,0
2019-02-01,64730,2018-03-31,3,,,,,,,,,,,,,,,,,,,,1270564000000,572592000000,0.420,,533018000000,,,,,,,,,,,,true,false,12,2017-04-01,2018-03-31,-1
2019-02-01,64730,2018-03-31,3,,,,,,,,,,,,,,,,,,,,,,,,,,,,,43.00,,,,343286307,312933,,false,false,12,2017-04-01,2018-03-31,-1
2019-02-01,64730,2019-03-31,3,,,,,,,,,,,,,,,,,,,,,,,,,,,,,22.00,,,,,,,false,false,12,2018-04-01,2019-03-31,0
2019-02-01,64730,2019-03-31,3,,,,,,,,,,,,,,,,,,,,,,,,,,,,,44.00,,,,,,,false,true,12,2018-04-01,2019-03-31,0
2019-02-01,64730,2019-03-31,3,,,,,,,,,,,,,,,,,,,,,,,,,,,,,,,,,343286307,314366,342972716,false,false,9,2018-04-01,2018-12-31,0
2019-02-01,64730,2018-03-31,3,,,,,,,,,,,,,,,,,,,,,,,,,,,,,,,,,,,342975119,false,false,9,2017-04-01,2017-12-31,-1
2019-02-01,64730,2019-03-31,,1500000000000,,,,,,69000000000,-0.207,70000000000,-0.186,,32000000000,,93.30,,,,,,,,,,,,,,,,,,,,,,true,true,12,2018-04-01,2019-03-31,0
2019-02-01,64730,2018-03-31,,1441170000000,,,,,,81391000000,,82571000000,,,49697000000,,144.90,,,,,,,,,,,,,,,,,,,,,,true,false,12,2017-04-01,2018-03-31,-1
2019-04-26,64730,2019-03-31,,1520893000000,0.055,,,,,66608000000,-0.182,69658000000,-0.156,,24663000000,,71.91,,0.046,0.055,0.044,,1267819000000,571080000000,0.423,1564.21,536478000000,103022000000,-75324000000,-26592000000,132471000000,,0.612,,,,,,true,false,12,2018-04-01,2019-03-31,0
2019-04-26,64730,2018-03-31,,1441170000000,0.093,,,,,81391000000,0.051,82571000000,0.057,,49697000000,,144.90,,0.097,0.069,0.056,,1270564000000,572592000000,0.420,1554.11,533018000000,100033000000,-99049000000,60282000000,132648000000,,0.297,,,,,,true,false,12,2017-04-01,2018-03-31,-1
2019-04-26,64730,2020-03-31,,750000000000,0.010,,,,,30000000000,-0.079,31000000000,-0.108,,17000000000,,49.57,,,,,,,,,,,,,,,,,,,,,,true,true,6,2019-04-01,2019-09-30,1
2019-04-26,64730,2020-03-31,,1530000000000,0.006,,,,,70000000000,0.051,72000000000,0.034,,40000000000,,116.63,,,,,,,,,,,,,,,,0.377,,,,,,true,true,12,2019-04-01,2020-03-31,1
2019-04-26,64730,2019-03-31,,669912000000,0.035,,,,,8145000000,-0.486,53851000000,0.633,40797000000,,0.853,118.94,,,,,,829553000000,352371000000,0.425,1027.29,352371000000,,,,,44.00,,,,343286307,314966,342972456,false,false,12,2018-04-01,2019-03-31,0
2019-04-26,64730,2018-03-31,,647101000000,0.051,,,,,15856000000,0.390,32979000000,0.488,22016000000,,4.130,64.18,,,,,,832223000000,332344000000,0.399,968.90,332344000000,,,,,43.00,,,,343286307,312933,342974805,false,false,12,2017-04-01,2018-03-31,-1
2019-04-26,64730,2020-03-31,,,,,,,,,,,,,,,,,,,,,,,,,,,,,,44.00,,,,,,,false,true,12,2019-04-01,2020-03-31,1
2019-07-31,64730,2020-03-31,1,362219000000,-0.038,,,,,10270000000,-0.469,11242000000,-0.454,,6195000000,,18.07,,,,,,1237266000000,560681000000,0.426,,527256000000,,,,,,,,,,,,true,false,3,2019-04-01,2019-06-30,0
2019-07-31,64730,2019-03-31,1,376375000000,0.121,,,,,19340000000,0.196,20606000000,0.171,,12608000000,,36.76,,,,,,,,,,,,,,,,,,,,,,true,false,3,2018-04-01,2018-06-30,-1
2019-07-31,64730,2020-03-31,1,750000000000,0.010,,,,,30000000000,-0.079,31000000000,-0.108,,17000000000,,49.57,,,,,,,,,,,,,,,,,,,,,,true,true,6,2019-04-01,2019-09-30,0
2019-07-31,64730,2020-03-31,1,1530000000000,0.006,,,,,70000000000,0.051,72000000000,0.034,,40000000000,,116.63,,,,,,,,,,,,,,,,,,,,,,true,true,12,2019-04-01,2020-03-31,0
2019-07-31,64730,2019-03-31,1,,,,,,,,,,,,,,,,,,,,1267819000000,571080000000,0.423,,536478000000,,,,,,,,,,,,true,false,12,2018-04-01,2019-03-31,-1
2019-07-31,64730,2019-03-31,1,,,,,,,,,,,,,,,,,,,,,,,,,,,,,44.00,,,,343286307,314966,,false,false,12,2018-04-01,2019-03-31,-1
2019-07-31,64730,2020-03-31,1,,,,,,,,,,,,,,,,,,,,,,,,,,,,,44.00,,,,,,,false,true,12,2019-04-01,2020-03-31,0
2019-07-31,64730,2020-03-31,1,,,,,,,,,,,,,,,,,,,,,,,,,,,,,,,,,343286307,315315,342971098,false,false,3,2019-04-01,2019-06-30,0
2019-07-31,64730,2019-03-31,1,,,,,,,,,,,,,,,,,,,,,,,,,,,,,,,,,,,342973179,false,false,3,2018-04-01,2018-06-30,-1
2019-10-31,64730,2020-03-31,2,721957000000,-0.028,,,,,21185000000,-0.350,22448000000,-0.354,,4709000000,,13.73,,,,,,1208110000000,554101000000,0.432,,521766000000,,,,,,,,,,,,true,false,6,2019-04-01,2019-09-30,0
2019-10-31,64730,2019-03-31,2,742918000000,0.089,,,,,32584000000,-0.075,34739000000,-0.085,,19024000000,,55.47,,,,,,,,,,,,,,,,,,,,,,true,false,6,2018-04-01,2018-09-30,-1
2019-10-31,64730,2020-03-31,2,1440000000000,-0.053,,,,,45000000000,-0.324,47000000000,-0.325,,18000000000,,52.48,,,,,,,,,,,,,,,,,,,,,,true,true,12,2019-04-01,2020-03-31,0
2019-10-31,64730,2019-03-31,2,,,,,,,,,,,,,,,,,,,,1267819000000,571080000000,0.423,,536478000000,,,,,,,,,,,,true,false,12,2018-04-01,2019-03-31,-1
2019-10-31,64730,2019-03-31,2,,,,,,,,,,,,,,,,,,,,,,,,,,,,,44.00,,,,343286307,314966,,false,false,12,2018-04-01,2019-03-31,-1
2019-10-31,64730,2020-03-31,2,,,,,,,,,,,,,,,,,,,,,,,,,,,,,22.00,,,,,,,false,false,12,2019-04-01,2020-03-31,0
2019-10-31,64730,2020-03-31,2,,,,,,,,,,,,,,,,,,,,,,,,,,,,,44.00,,,,,,,false,true,12,2019-04-01,2020-03-31,0
2019-10-31,64730,2020-03-31,2,,,,,,,,,,,,,,,,,,,,,,,,,,,,,,,,,343286307,315700,342970959,false,false,6,2019-04-01,2019-09-30,0
2019-10-31,64730,2019-03-31,2,,,,,,,,,,,,,,,,,,,,,,,,,,,,,,,,,,,342972964,false,false,6,2018-04-01,2018-09-30,-1
2020-01-31,64730,2020-03-31,3,1071012000000,-0.049,,,,,29149000000,-0.403,32109000000,-0.366,,8986000000,,26.20,,,,,,1247836000000,564920000000,0.426,,531398000000,,,,,,,,,,,,true,false,9,2019-04-01,2019-12-31,0
2020-01-31,64730,2019-03-31,3,1125686000000,0.073,,,,,48835000000,-0.122,50652000000,-0.127,,27735000000,,80.87,,,,,,,,,,,,,,,,,,,,,,true,false,9,2018-04-01,2018-12-31,-1
2020-01-31,64730,2020-03-31,3,1440000000000,-0.053,,,,,45000000000,-0.324,47000000000,-0.325,,18000000000,,52.48,,,,,,,,,,,,,,,,,,,,,,true,true,12,2019-04-01,2020-03-31,0
2020-01-31,64730,2019-03-31,3,,,,,,,,,,,,,,,,,,,,1267819000000,571080000000,0.423,,536478000000,,,,,,,,,,,,true,false,12,2018-04-01,2019-03-31,-1
2020-01-31,64730,2019-03-31,3,,,,,,,,,,,,,,,,,,,,,,,,,,,,,44.00,,,,343286307,314966,,false,false,12,2018-04-01,2019-03-31,-1
2020-01-31,64730,2020-03-31,3,,,,,,,,,,,,,,,,,,,,,,,,,,,,,22.00,,,,,,,false,false,12,2019-04-01,2020-03-31,0
2020-01-31,64730,2020-03-31,3,,,,,,,,,,,,,,,,,,,,,,,,,,,,,44.00,,,,,,,false,true,12,2019-04-01,2020-03-31,0
2020-01-31,64730,2020-03-31,3,,,,,,,,,,,,,,,,,,,,,,,,,,,,,,,,,343286307,316526,342970743,false,false,9,2019-04-01,2019-12-31,0
2020-01-31,64730,2019-03-31,3,,,,,,,,,,,,,,,,,,,,,,,,,,,,,,,,,,,342972716,false,false,9,2018-04-01,2018-12-31,-1
2020-04-30,64730,2020-03-31,,1418570000000,-0.067,,,,,34693000000,-0.479,34756000000,-0.501,,-6633000000,,-19.34,,-0.013,0.028,0.024,,1212053000000,517768000000,0.401,1415.45,485456000000,61618000000,-91746000000,34309000000,134852000000,,,,,,,,true,false,12,2019-04-01,2020-03-31,0
2020-04-30,64730,2019-03-31,,1520893000000,0.055,,,,,66608000000,-0.182,69658000000,-0.156,,24663000000,,71.91,,0.046,0.055,0.044,,1267819000000,571080000000,0.423,1564.21,536478000000,103022000000,-75324000000,-26592000000,132471000000,,0.612,,,,,,true,false,12,2018-04-01,2019-03-31,-1
2020-04-30,64730,2020-03-31,,652075000000,-0.027,,,,,2293000000,-0.718,26114000000,-0.515,-20877000000,,,-60.87,,,,,,794040000000,308019000000,0.388,898.00,308019000000,,,,,38.00,,,,343286307,317200,342970416,false,false,12,2019-04-01,2020-03-31,0
2020-04-30,64730,2019-03-31,,669912000000,0.035,,,,,8145000000,-0.486,53851000000,0.633,40797000000,,0.853,118.94,,,,,,829553000000,352371000000,0.425,1027.29,352371000000,,,,,44.00,,,,343286307,314966,342972456,false,false,12,2018-04-01,2019-03-31,-1
2020-06-25,64730,2020-03-31,,,,,,,,,,,,,-3794000000,,-11.06,,,,,,1244213000000,,,,,62312000000,-91771000000,34239000000,,,,,,,,,true,false,12,2019-04-01,2020-03-31,0
2020-06-25,64730,2019-03-31,,,,,,,,,,,,,27248000000,,79.45,,,,,,1298067000000,,,,,104147000000,-75207000000,-27361000000,,,0.554,,,,,,true,false,12,2018-04-01,2019-03-31,-1
2020-06-25,64730,2019-03-31,,,,,,,,,,,,,,,,,,,,,,,,,,,,,,44.00,,,,,,,false,false,12,2018-04-01,2019-03-31,-1
2020-06-25,64730,2020-03-31,,,,,,,,,,,,,,,,,,,,,,,,,,,,,,38.00,,,,,,,false,false,12,2019-04-01,2020-03-31,0
2020-07-31,64730,2021-03-31,1,,,,,,,,,,,,-25188000000,,-73.44,,,,,,1239793000000,,,,,,,,,,,,,,,,true,false,3,2020-04-01,2020-06-30,0
2020-07-31,64730,2020-03-31,1,,,,,,,,,,,,7243000000,,21.12,,,,,,,,,,,,,,,,,,,,,,true,false,3,2019-04-01,2019-06-30,-1
2020-07-31,64730,2021-03-31,1,,,,,,,,,,,,-26000000000,,-75.81,,,,,,,,,,,,,,,,,,,,,,true,true,12,2020-04-01,2021-03-31,0
2020-07-31,64730,2020-03-31,1,,,,,,,,,,,,,,,,,,,,1244213000000,,,,,,,,,,,,,,,,true,false,12,2019-04-01,2020-03-31,-1
2020-07-31,64730,2020-03-31,1,,,,,,,,,,,,,,,,,,,,,,,,,,,,,38.00,,,,343286307,317200,,false,false,12,2019-04-01,2020-03-31,-1
2020-07-31,64730,2021-03-31,1,,,,,,,,,,,,,,,,,,,,,,,,,,,,,,,,,343286307,317386,342969019,false,false,3,2020-04-01,2020-06-30,0
2020-07-31,64730,2020-03-31,1,,,,,,,,,,,,,,,,,,,,,,,,,,,,,,,,,,,342971098,false,false,3,2019-04-01,2019-06-30,-1
2020-10-29,64730,2021-03-31,2,,,,,,,-20000000000,,,,,-26000000000,,-75.81,,,,,,,,,,,,,,,,,,,,,,true,true,12,2020-04-01,2021-03-31,0
2020-10-29,64730,2021-03-31,2,,,,,,,,,,,,-24044000000,,-70.11,,,,,,1247386000000,,,,,,,,,,,,,,,,true,false,6,2020-04-01,2020-09-30,0
2020-10-29,64730,2020-03-31,2,,,,,,,,,,,,6015000000,,17.54,,,,,,,,,,,,,,,,,,,,,,true,false,6,2019-04-01,2019-09-30,-1
2020-10-29,64730,2020-03-31,2,,,,,,,,,,,,,,,,,,,,1244213000000,,,,,,,,,,,,,,,,true,false,12,2019-04-01,2020-03-31,-1
2020-10-29,64730,2020-03-31,2,,,,,,,,,,,,,,,,,,,,,,,,,,,,,38.00,,,,343286307,317200,,false,false,12,2019-04-01,2020-03-31,-1
2020-10-29,64730,2021-03-31,2,,,,,,,,,,,,,,,,,,,,,,,,,,,,,8.00,,,,,,,false,false,12,2020-04-01,2021-03-31,0
2020-10-29,64730,2021-03-31,2,,,,,,,,,,,,,,,,,,,,,,,,,,,,,,,,,343286307,318156,342968719,false,false,6,2020-04-01,2020-09-30,0
2020-10-29,64730,2020-03-31,2,,,,,,,,,,,,,,,,,,,,,,,,,,,,,,,,,,,342970959,false,false,6,2019-04-01,2019-09-30,-1
2021-02-02,64730,2021-03-31,3,,,,,,,,,,,,-13648000000,,-39.79,,,,,,1238491000000,,,,,,,,,,,,,,,,true,false,9,2020-04-01,2020-12-31,0
2021-02-02,64730,2020-03-31,3,,,,,,,,,,,,11307000000,,32.97,,,,,,,,,,,,,,,,,,,,,,true,false,9,2019-04-01,2019-12-31,-1
2021-02-02,64730,2021-03-31,3,,,,,,,,,,,,-9000000000,,-26.24,,,,,,,,,,,,,,,,,,,,,,true,true,12,2020-04-01,2021-03-31,0
2021-02-02,64730,2020-03-31,3,,,,,,,,,,,,,,,,,,,,1244213000000,,,,,,,,,,,,,,,,true,false,12,2019-04-01,2020-03-31,-1
2021-02-02,64730,2020-03-31,3,,,,,,,,,,,,,,,,,,,,,,,,,,,,,38.00,,,,343286307,317200,,false,false,12,2019-04-01,2020-03-31,-1
2021-02-02,64730,2021-03-31,3,,,,,,,,,,,,,,,,,,,,,,,,,,,,,8.00,,,,,,,false,false,12,2020-04-01,2021-03-31,0
2021-02-02,64730,2021-03-31,3,,,,,,,,,,,,,,,,,,,,,,,,,,,,,16.00,,,,,,,false,true,12,2020-04-01,2021-03-31,0
2021-02-02,64730,2021-03-31,3,,,,,,,,,,,,,,,,,,,,,,,,,,,,,,,,,343286307,318768,342968426,false,false,9,2020-04-01,2020-12-31,0
2021-02-02,64730,2020-03-31,3,,,,,,,,,,,,,,,,,,,,,,,,,,,,,,,,,,,342970743,false,false,9,2019-04-01,2019-12-31,-1
2021-04-28,64730,2021-03-31,,550470000000,-0.156,,,,,-1796000000,,18568000000,-0.289,16264000000,,,47.42,,,,,,813054000000,342848000000,0.422,999.54,342848000000,,,,,16.00,,,,343286307,319571,342968125,false,false,12,2020-04-01,2021-03-31,0
2021-04-28,64730,2020-03-31,,652075000000,-0.027,,,,,2293000000,-0.718,26114000000,-0.515,-20877000000,,,-60.87,,,,,,794040000000,308019000000,0.388,898.00,308019000000,,,,,38.00,,,,343286307,317200,342970416,false,false,12,2019-04-01,2020-03-31,-1
2021-04-28,64730,2021-03-31,,,,,,,,,,,,,800000000,,2.33,,,,,,1291300000000,,,,,91757000000,-52515000000,-57957000000,,,6.852,,,,,,true,false,12,2020-04-01,2021-03-31,0
2021-04-28,64730,2020-03-31,,,,,,,,,,,,,-3794000000,,-11.06,,,,,,1244213000000,,,,,62312000000,-91771000000,34239000000,,,,,,,,,true,false,12,2019-04-01,2020-03-31,-1
2021-04-28,64730,2022-03-31,,,,,,,,,,,,,17000000000,,49.57,,,,,,,,,,,,,,,,0.323,,,,,,true,true,12,2021-04-01,2022-03-31,1
2021-04-28,64730,2022-03-31,,,,,,,,,,,,,,,,,,,,,,,,,,,,,,16.00,,,,,,,false,true,12,2021-04-01,2022-03-31,1
2021-07-30,64730,2022-03-31,1,,,,,,,,,,,,5726000000,,16.70,,,,,,1320549000000,,,,,,,,,,,,,,,,true,false,3,2021-04-01,2021-06-30,0
2021-07-30,64730,2021-03-31,1,,,,,,,,,,,,-25188000000,,-73.44,,,,,,,,,,,,,,,,,,,,,,true,false,3,2020-04-01,2020-06-30,-1
2021-07-30,64730,2022-03-31,1,,,,,,,,,,,,21000000000,,61.23,,,,,,,,,,,,,,,,,,,,,,true,true,12,2021-04-01,2022-03-31,0
2021-07-30,64730,2021-03-31,1,,,,,,,,,,,,,,,,,,,,1291300000000,,,,,,,,,,,,,,,,true,false,12,2020-04-01,2021-03-31,-1
2021-07-30,64730,2021-03-31,1,,,,,,,,,,,,,,,,,,,,,,,,,,,,,16.00,,,,343286307,319571,,false,false,12,2020-04-01,2021-03-31,-1
2021-07-30,64730,2022-03-31,1,,,,,,,,,,,,,,,,,,,,,,,,,,,,,16.00,,,,,,,false,true,12,2021-04-01,2022-03-31,0
2021-07-30,64730,2022-03-31,1,,,,,,,,,,,,,,,,,,,,,,,,,,,,,,,,,343286307,320147,342966471,false,false,3,2021-04-01,2021-06-30,0
2021-07-30,64730,2021-03-31,1,,,,,,,,,,,,,,,,,,,,,,,,,,,,,,,,,,,342969019,false,false,3,2020-04-01,2020-06-30,-1
2021-10-29,64730,2022-03-31,2,,,,,,,45000000000,1.828,,,,21000000000,,61.23,,,,,,,,,,,,,,,,,,,,,,true,true,12,2021-04-01,2022-03-31,0
2021-10-29,64730,2022-03-31,2,,,,,,,,,,,,6769000000,,19.74,,,,,,1294016000000,,,,,,,,,,,,,,,,true,false,6,2021-04-01,2021-09-30,0
2021-10-29,64730,2021-03-31,2,,,,,,,,,,,,-24044000000,,-70.11,,,,,,,,,,,,,,,,,,,,,,true,false,6,2020-04-01,2020-09-30,-1
2021-10-29,64730,2021-03-31,2,,,,,,,,,,,,,,,,,,,,1291300000000,,,,,,,,,,,,,,,,true,false,12,2020-04-01,2021-03-31,-1
2021-10-29,64730,2021-03-31,2,,,,,,,,,,,,,,,,,,,,,,,,,,,,,16.00,,,,343286307,319571,,false,false,12,2020-04-01,2021-03-31,-1
2021-10-29,64730,2022-03-31,2,,,,,,,,,,,,,,,,,,,,,,,,,,,,,8.00,,,,,,,false,false,12,2021-04-01,2022-03-31,0
2021-10-29,64730,2022-03-31,2,,,,,,,,,,,,,,,,,,,,,,,,,,,,,16.00,,,,,,,false,true,12,2021-04-01,2022-03-31,0
2021-10-29,64730,2022-03-31,2,,,,,,,,,,,,,,,,,,,,,,,,,,,,,,,,,343286307,320720,342966204,false,false,6,2021-04-01,2021-09-30,0
2021-10-29,64730,2021-03-31,2,,,,,,,,,,,,,,,,,,,,,,,,,,,,,,,,,,,342968719,false,false,6,2020-04-01,2020-09-30,-1
2022-02-02,64730,2022-03-31,3,,,,,,,,,,,,10131000000,,29.54,29.53,,,,,1344927000000,,,,,,,,,,,,,,,,true,false,9,2021-04-01,2021-12-31,0
2022-02-02,64730,2021-03-31,3,,,,,,,,,,,,-13648000000,,-39.79,,,,,,,,,,,,,,,,,,,,,,true,false,9,2020-04-01,2020-12-31,-1
2022-02-02,64730,2022-03-31,3,,,,,,,,,,,,21000000000,,61.23,,,,,,,,,,,,,,,,,,,,,,true,true,12,2021-04-01,2022-03-31,0
2022-02-02,64730,2021-03-31,3,,,,,,,,,,,,,,,,,,,,1291300000000,,,,,,,,,,,,,,,,true,false,12,2020-04-01,2021-03-31,-1
2022-02-02,64730,2021-03-31,3,,,,,,,,,,,,,,,,,,,,,,,,,,,,,16.00,,,,343286307,319571,,false,false,12,2020-04-01,2021-03-31,-1
2022-02-02,64730,2022-03-31,3,,,,,,,,,,,,,,,,,,,,,,,,,,,,,8.00,,,,,,,false,false,12,2021-04-01,2022-03-31,0
2022-02-02,64730,2022-03-31,3,,,,,,,,,,,,,,,,,,,,,,,,,,,,,16.00,,,,,,,false,true,12,2021-04-01,2022-03-31,0
2022-02-02,64730,2022-03-31,3,,,,,,,,,,,,,,,,,,,,,,,,,,,,,,,,,343286307,321253,342965910,false,false,9,2021-04-01,2021-12-31,0
2022-02-02,64730,2021-03-31,3,,,,,,,,,,,,,,,,,,,,,,,,,,,,,,,,,,,342968426,false,false,9,2020-04-01,2020-12-31,-1
2022-04-28,64730,2022-03-31,,620091000000,0.126,,,,,12302000000,,38595000000,1.079,31828000000,,0.957,92.79,92.75,,,,,833543000000,356966000000,0.428,1040.71,356966000000,,,,,18.00,,,,343286307,321786,342965632,false,false,12,2021-04-01,2022-03-31,0
2022-04-28,64730,2021-03-31,,550470000000,-0.156,,,,,-1796000000,,18568000000,-0.289,16264000000,,,47.42,,,,,,813054000000,342848000000,0.422,999.54,342848000000,,,,,16.00,,,,343286307,319571,342968125,false,false,12,2020-04-01,2021-03-31,-1
2022-04-28,64730,2022-03-31,,,,,,,,,,,,,20682000000,,60.31,60.28,,,,,1386463000000,,,,,67039000000,-25265000000,-43531000000,,,0.298,,,,,,true,false,12,2021-04-01,2022-03-31,0
2022-04-28,64730,2021-03-31,,,,,,,,,,,,,800000000,,2.33,,,,,,1291300000000,,,,,91757000000,-52515000000,-57957000000,,,6.852,,,,,,true,false,12,2020-04-01,2021-03-31,-1
2022-04-28,64730,2023-03-31,,,,,,,,,,,,,25000000000,,72.89,,,,,,,,,,,,,,,,,,,,,,true,true,12,2022-04-01,2023-03-31,1
2022-04-28,64730,2023-03-31,,,,,,,,,,,,,,,,,,,,,,,,,,,,,,22.00,,,,,,,false,true,12,2022-04-01,2023-03-31,1
2022-07-29,64730,2023-03-31,1,,,,,,,,,,,,3132000000,,9.13,9.13,,,,,1424154000000,,,,,,,,,,,,,,,,true,false,3,2022-04-01,2022-06-30,0
2022-07-29,64730,2022-03-31,1,,,,,,,,,,,,5726000000,,16.70,16.69,,,,,,,,,,,,,,,,,,,,,true,false,3,2021-04-01,2021-06-30,-1
2022-07-29,64730,2023-03-31,1,,,,,,,,,,,,25000000000,,72.89,,,,,,,,,,,,,,,,,,,,,,true,true,12,2022-04-01,2023-03-31,0
2022-07-29,64730,2022-03-31,1,,,,,,,,,,,,,,,,,,,,1386463000000,,,,,,,,,,,,,,,,true,false,12,2021-04-01,2022-03-31,-1
2022-07-29,64730,2022-03-31,1,,,,,,,,,,,,,,,,,,,,,,,,,,,,,18.00,,,,343286307,321786,,false,false,12,2021-04-01,2022-03-31,-1
2022-07-29,64730,2023-03-31,1,,,,,,,,,,,,,,,,,,,,,,,,,,,,,22.00,,,,,,,false,true,12,2022-04-01,2023-03-31,0
2022-07-29,64730,2023-03-31,1,,,,,,,,,,,,,,,,,,,,,,,,,,,,,,,,,343286307,310407,342964571,false,false,3,2022-04-01,2022-06-30,0
2022-07-29,64730,2022-03-31,1,,,,,,,,,,,,,,,,,,,,,,,,,,,,,,,,,,,342966471,false,false,3,2021-04-01,2021-06-30,-1
2022-10-28,64730,2023-03-31,2,,,,,,,60000000000,0.417,,,,25000000000,,72.89,,,,,,,,,,,,,,,,,,,,,,true,true,12,2022-04-01,2023-03-31,0
2022-10-28,64730,2023-03-31,2,,,,,,,,,,,,12233000000,,35.67,35.65,,,,,1425560000000,,,,,,,,,,,,,,,,true,false,6,2022-04-01,2022-09-30,0
2022-10-28,64730,2022-03-31,2,,,,,,,,,,,,6769000000,,19.74,19.73,,,,,,,,,,,,,,,,,,,,,true,false,6,2021-04-01,2021-09-30,-1
2022-10-28,64730,2022-03-31,2,,,,,,,,,,,,,,,,,,,,1386463000000,,,,,,,,,,,,,,,,true,false,12,2021-04-01,2022-03-31,-1
2022-10-28,64730,2022-03-31,2,,,,,,,,,,,,,,,,,,,,,,,,,,,,,18.00,,,,343286307,321786,,false,false,12,2021-04-01,2022-03-31,-1
2022-10-28,64730,2023-03-31,2,,,,,,,,,,,,,,,,,,,,,,,,,,,,,11.00,,,,,,,false,false,12,2022-04-01,2023-03-31,0
2022-10-28,64730,2023-03-31,2,,,,,,,,,,,,,,,,,,,,,,,,,,,,,22.00,,,,,,,false,true,12,2022-04-01,2023-03-31,0
2022-10-28,64730,2023-03-31,2,,,,,,,,,,,,,,,,,,,,,,,,,,,,,,,,,343286307,310783,342970191,false,false,6,2022-04-01,2022-09-30,0
2022-10-28,64730,2022-03-31,2,,,,,,,,,,,,,,,,,,,,,,,,,,,,,,,,,,,342966204,false,false,6,2021-04-01,2021-09-30,-1
2023-02-03,64730,2023-03-31,3,,,,,,,,,,,,18332000000,,53.45,53.43,,,,,1387979000000,,,,,,,,,,,,,,,,true,false,9,2022-04-01,2022-12-31,0
2023-02-03,64730,2022-03-31,3,,,,,,,,,,,,10131000000,,29.54,29.53,,,,,,,,,,,,,,,,,,,,,true,false,9,2021-04-01,2021-12-31,-1
2023-02-03,64730,2023-03-31,3,,,,,,,,,,,,25000000000,,72.89,,,,,,,,,,,,,,,,,,,,,,true,true,12,2022-04-01,2023-03-31,0
2023-02-03,64730,2022-03-31,3,,,,,,,,,,,,,,,,,,,,1386463000000,,,,,,,,,,,,,,,,true,false,12,2021-04-01,2022-03-31,-1
2023-02-03,64730,2022-03-31,3,,,,,,,,,,,,,,,,,,,,,,,,,,,,,18.00,,,,343286307,321786,,false,false,12,2021-04-01,2022-03-31,-1
2023-02-03,64730,2023-03-31,3,,,,,,,,,,,,,,,,,,,,,,,,,,,,,11.00,,,,,,,false,false,12,2022-04-01,2023-03-31,0
2023-02-03,64730,2023-03-31,3,,,,,,,,,,,,,,,,,,,,,,,,,,,,,22.00,,,,,,,false,true,12,2022-04-01,2023-03-31,0
2023-02-03,64730,2023-03-31,3,,,,,,,,,,,,,,,,,,,,,,,,,,,,,,,,,343286307,311369,342971849,false,false,9,2022-04-01,2022-12-31,0
2023-02-03,64730,2022-03-31,3,,,,,,,,,,,,,,,,,,,,,,,,,,,,,,,,,,,342965910,false,false,9,2021-04-01,2021-12-31,-1
2023-04-27,64730,2023-03-31,,695275000000,0.121,,,,,20438000000,0.661,98486000000,1.552,42574000000,,0.338,124.12,124.07,,,,,847756000000,386153000000,0.456,1125.77,386153000000,,,,,30.00,,,,343286307,311980,342972521,false,false,12,2022-04-01,2023-03-31,0
2023-04-27,64730,2022-03-31,,620091000000,0.126,,,,,12302000000,,38595000000,1.079,31828000000,,0.957,92.79,92.75,,,,,833543000000,356966000000,0.428,1040.71,356966000000,,,,,18.00,,,,343286307,321786,342965632,false,false,12,2021-04-01,2022-03-31,-1
2023-04-27,64730,2023-03-31,,,,,,,,,,,,,34276000000,,99.94,99.90,,,,,1441355000000,,,,,78279000000,-52109000000,-28707000000,,,0.300,,,,,,true,false,12,2022-04-01,2023-03-31,0
2023-04-27,64730,2022-03-31,,,,,,,,,,,,,20682000000,,60.31,60.28,,,,,1386463000000,,,,,67039000000,-25265000000,-43531000000,,,0.298,,,,,,true,false,12,2021-04-01,2022-03-31,-1
2023-04-27,64730,2024-03-31,,,,,,,,,,,,,35000000000,,102.05,,,,,,,,,,,,,,,,0.314,,,,,,true,true,12,2023-04-01,2024-03-31,1
2023-04-27,64730,2024-03-31,,,,,,,,,,,,,,,,,,,,,,,,,,,,,,32.00,,,,,,,false,true,12,2023-04-01,2024-03-31,1
2023-07-28,64730,2024-03-31,1,,,,,,,,,,,,14983000000,,43.69,43.67,,,,,1542647000000,,,,,,,,,,,,,,,,true,false,3,2023-04-01,2023-06-30,0
2023-07-28,64730,2023-03-31,1,,,,,,,,,,,,3132000000,,9.13,9.13,,,,,,,,,,,,,,,,,,,,,true,false,3,2022-04-01,2022-06-30,-1
2023-07-28,64730,2024-03-31,1,,,,,,,,,,,,35000000000,,102.05,,,,,,,,,,,,,,,,,,,,,,true,true,12,2023-04-01,2024-03-31,0
2023-07-28,64730,2023-03-31,1,,,,,,,,,,,,,,,,,,,,1441355000000,,,,,,,,,,,,,,,,true,false,12,2022-04-01,2023-03-31,-1
2023-07-28,64730,2023-03-31,1,,,,,,,,,,,,,,,,,,,,,,,,,,,,,30.00,,,,343286307,311980,,false,false,12,2022-04-01,2023-03-31,-1
2023-07-28,64730,2024-03-31,1,,,,,,,,,,,,,,,,,,,,,,,,,,,,,32.00,,,,,,,false,true,12,2023-04-01,2024-03-31,0
2023-07-28,64730,2024-03-31,1,,,,,,,,,,,,,,,,,,,,,,,,,,,,,,,,,343286307,295161,342975683,false,false,3,2023-04-01,2023-06-30,0
2023-07-28,64730,2023-03-31,1,,,,,,,,,,,,,,,,,,,,,,,,,,,,,,,,,,,342964571,false,false,3,2022-04-01,2022-06-30,-1
2023-10-31,64730,2024-03-31,2,,,,,,,80000000000,0.277,,,,40000000000,,116.62,,,,,,,,,,,,,,,,,,,,,,true,true,12,2023-04-01,2024-03-31,0
2023-10-31,64730,2024-03-31,2,,,,,,,,,,,,23114000000,,67.39,67.36,,,,,1564736000000,,,,,,,,,,,,,,,,true,false,6,2023-04-01,2023-09-30,0
2023-10-31,64730,2023-03-31,2,,,,,,,,,,,,12233000000,,35.67,35.65,,,,,,,,,,,,,,,,,,,,,true,false,6,2022-04-01,2022-09-30,-1
2023-10-31,64730,2023-03-31,2,,,,,,,,,,,,,,,,,,,,1441355000000,,,,,,,,,,,,,,,,true,false,12,2022-04-01,2023-03-31,-1
2023-10-31,64730,2023-03-31,2,,,,,,,,,,,,,,,,,,,,,,,,,,,,,30.00,,,,343286307,311980,,false,false,12,2022-04-01,2023-03-31,-1
2023-10-31,64730,2024-03-31,2,,,,,,,,,,,,,,,,,,,,,,,,,,,,,16.00,,,,,,,false,false,12,2023-04-01,2024-03-31,0
2023-10-31,64730,2024-03-31,2,,,,,,,,,,,,,,,,,,,,,,,,,,,,,36.00,,,,,,,false,true,12,2023-04-01,2024-03-31,0
2023-10-31,64730,2024-03-31,2,,,,,,,,,,,,,,,,,,,,,,,,,,,,,,,,,343286307,295923,342983238,false,false,6,2023-04-01,2023-09-30,0
2023-10-31,64730,2023-03-31,2,,,,,,,,,,,,,,,,,,,,,,,,,,,,,,,,,,,342970191,false,false,6,2022-04-01,2022-09-30,-1
2024-02-02,64730,2024-03-31,3,,,,,,,,,,,,36411000000,,106.16,106.11,,,,,1529939000000,,,,,,,,,,,,,,,,true,false,9,2023-04-01,2023-12-31,0
2024-02-02,64730,2023-03-31,3,,,,,,,,,,,,18332000000,,53.45,53.43,,,,,,,,,,,,,,,,,,,,,true,false,9,2022-04-01,2022-12-31,-1
2024-02-02,64730,2024-03-31,3,,,,,,,,,,,,40000000000,,116.62,,,,,,,,,,,,,,,,,,,,,,true,true,12,2023-04-01,2024-03-31,0
2024-02-02,64730,2023-03-31,3,,,,,,,,,,,,,,,,,,,,1441355000000,,,,,,,,,,,,,,,,true,false,12,2022-04-01,2023-03-31,-1
2024-02-02,64730,2023-03-31,3,,,,,,,,,,,,,,,,,,,,,,,,,,,,,30.00,,,,343286307,311980,,false,false,12,2022-04-01,2023-03-31,-1
2024-02-02,64730,2024-03-31,3,,,,,,,,,,,,,,,,,,,,,,,,,,,,,16.00,,,,,,,false,false,12,2023-04-01,2024-03-31,0
2024-02-02,64730,2024-03-31,3,,,,,,,,,,,,,,,,,,,,,,,,,,,,,36.00,,,,,,,false,true,12,2023-04-01,2024-03-31,0
2024-02-02,64730,2024-03-31,3,,,,,,,,,,,,,,,,,,,,,,,,,,,,,,,,,343286307,296678,342985517,false,false,9,2023-04-01,2023-12-31,0
2024-02-02,64730,2023-03-31,3,,,,,,,,,,,,,,,,,,,,,,,,,,,,,,,,,,,342971849,false,false,9,2022-04-01,2022-12-31,-1
2024-04-26,64730,2024-03-31,,807382000000,0.161,,,,,24459000000,0.197,73236000000,-0.256,55436000000,,0.302,161.61,161.54,,,,,966571000000,464231000000,0.480,1353.34,464231000000,,,,,36.00,,,,343286307,297894,342986389,false,false,12,2023-04-01,2024-03-31,0
2024-04-26,64730,2023-03-31,,695275000000,0.121,,,,,20438000000,0.661,98486000000,1.552,42574000000,,0.338,124.12,124.07,,,,,847756000000,386153000000,0.456,1125.77,386153000000,,,,,30.00,,,,343286307,311980,342972521,false,false,12,2022-04-01,2023-03-31,-1
2024-04-26,64730,2024-03-31,,,,,,,,,,,,,40257000000,,117.37,117.32,,,,,1628514000000,,,,,154461000000,-71352000000,-47224000000,,,0.307,,,,,,true,false,12,2023-04-01,2024-03-31,0
2024-04-26,64730,2023-03-31,,,,,,,,,,,,,34276000000,,99.94,99.90,,,,,1441355000000,,,,,78279000000,-52109000000,-28707000000,,,0.300,,,,,,true,false,12,2022-04-01,2023-03-31,-1
2024-04-26,64730,2025-03-31,,,,,,,,,,,,,35000000000,,102.04,,,,,,,,,,,,,,,,0.294,,,,,,true,true,12,2024-04-01,2025-03-31,1
2024-04-26,64730,2025-03-31,,,,,,,,,,,,,,,,,,,,,,,,,,,,,,30.00,,,,,,,false,true,12,2024-04-01,2025-03-31,1
2024-07-31,64730,2025-03-31,1,,,,,,,,,,,,10813000000,,31.53,31.51,,,,,1667792000000,,,,,,,,,,,,,,,,true,false,3,2024-04-01,2024-06-30,0
2024-07-31,64730,2024-03-31,1,,,,,,,,,,,,14983000000,,43.69,43.67,,,,,,,,,,,,,,,,,,,,,true,false,3,2023-04-01,2023-06-30,-1
2024-07-31,64730,2025-03-31,1,,,,,,,,,,,,35000000000,,102.04,,,,,,,,,,,,,,,,,,,,,,true,true,12,2024-04-01,2025-03-31,0
2024-07-31,64730,2024-03-31,1,,,,,,,,,,,,,,,,,,,,1628514000000,,,,,,,,,,,,,,,,true,false,12,2023-04-01,2024-03-31,-1
2024-07-31,64730,2024-03-31,1,,,,,,,,,,,,,,,,,,,,,,,,,,,,,36.00,,,,343286307,297894,,false,false,12,2023-04-01,2024-03-31,-1
2024-07-31,64730,2025-03-31,1,,,,,,,,,,,,,,,,,,,,,,,,,,,,,30.00,,,,,,,false,true,12,2024-04-01,2025-03-31,0
2024-07-31,64730,2025-03-31,1,,,,,,,,,,,,,,,,,,,,,,,,,,,,,,,,,343286307,286240,342988904,false,false,3,2024-04-01,2024-06-30,0
2024-07-31,64730,2024-03-31,1,,,,,,,,,,,,,,,,,,,,,,,,,,,,,,,,,,,342975683,false,false,3,2023-04-01,2023-06-30,-1
2024-10-31,64730,2025-03-31,2,,,,,,,,,,,,6231000000,,18.17,18.16,,,,,1556840000000,,,,,,,,,,,,,,,,true,false,6,2024-04-01,2024-09-30,0
2024-10-31,64730,2024-03-31,2,,,,,,,,,,,,23114000000,,67.39,67.36,,,,,,,,,,,,,,,,,,,,,true,false,6,2023-04-01,2023-09-30,-1
2024-10-31,64730,2025-03-31,2,,,,,,,,,,,,20000000000,,58.31,,,,,,,,,,,,,,,,,,,,,,true,true,12,2024-04-01,2025-03-31,0
2024-10-31,64730,2024-03-31,2,,,,,,,,,,,,,,,,,,,,1628514000000,,,,,,,,,,,,,,,,true,false,12,2023-04-01,2024-03-31,-1
2024-10-31,64730,2024-03-31,2,,,,,,,,,,,,,,,,,,,,,,,,,,,,,36.00,,,,343286307,297894,,false,false,12,2023-04-01,2024-03-31,-1
2024-10-31,64730,2025-03-31,2,,,,,,,,,,,,,,,,,,,,,,,,,,,,,25.00,,,,,,,false,false,12,2024-04-01,2025-03-31,0
2024-10-31,64730,2025-03-31,2,,,,,,,,,,,,,,,,,,,,,,,,,,,,,50.00,,,,,,,false,true,12,2024-04-01,2025-03-31,0
2024-10-31,64730,2025-03-31,2,,,,,,,,,,,,,,,,,,,,,,,,,,,,,,,,,343286307,287037,342994265,false,false,6,2024-04-01,2024-09-30,0
2024-10-31,64730,2024-03-31,2,,,,,,,,,,,,,,,,,,,,,,,,,,,,,,,,,,,342983238,false,false,6,2023-04-01,2023-09-30,-1
2025-01-31,64730,2025-03-31,3,,,,,,,,,,,,9947000000,,29.00,28.99,,,,,1632663000000,,,,,,,,,,,,,,,,true,false,9,2024-04-01,2024-12-31,0
2025-01-31,64730,2024-03-31,3,,,,,,,,,,,,36411000000,,106.16,106.11,,,,,,,,,,,,,,,,,,,,,true,false,9,2023-04-01,2023-12-31,-1
2025-01-31,64730,2025-03-31,3,,,,,,,,,,,,5000000000,,14.58,,,,,,,,,,,,,,,,,,,,,,true,true,12,2024-04-01,2025-03-31,0
2025-01-31,64730,2024-03-31,3,,,,,,,,,,,,,,,,,,,,1628514000000,,,,,,,,,,,,,,,,true,false,12,2023-04-01,2024-03-31,-1
2025-01-31,64730,2024-03-31,3,,,,,,,,,,,,,,,,,,,,,,,,,,,,,36.00,,,,343286307,297894,,false,false,12,2023-04-01,2024-03-31,-1
2025-01-31,64730,2025-03-31,3,,,,,,,,,,,,,,,,,,,,,,,,,,,,,25.00,,,,,,,false,false,12,2024-04-01,2025-03-31,0
2025-01-31,64730,2025-03-31,3,,,,,,,,,,,,,,,,,,,,,,,,,,,,,50.00,,,,,,,false,true,12,2024-04-01,2025-03-31,0
2025-01-31,64730,2025-03-31,3,,,,,,,,,,,,,,,,,,,,,,,,,,,,,,,,,343286307,287751,342995809,false,false,9,2024-04-01,2024-12-31,0
2025-01-31,64730,2024-03-31,3,,,,,,,,,,,,,,,,,,,,,,,,,,,,,,,,,,,342985517,false,false,9,2023-04-01,2023-12-31,-1
2025-04-23,64730,2025-03-31,,,,,,,,,,,,,13000000000,,38.26,,,,,,,,,,,,,,,,,,,,,,true,true,12,2024-04-01,2025-03-31,0
2025-04-23,64730,2024-03-31,,,,,,,,,,,,,40257000000,,117.37,,,,,,,,,,,,,,,,,,,,,,true,false,12,2023-04-01,2024-03-31,-1
2025-04-25,64730,2025-03-31,,808034000000,0.001,,,,,20228000000,-0.173,73580000000,0.005,53097000000,,-0.042,156.27,156.20,,,,,942962000000,448916000000,0.476,1410.10,448916000000,,,,,50.00,,,,318608107,288238,339751084,false,false,12,2024-04-01,2025-03-31,0
2025-04-25,64730,2024-03-31,,807382000000,0.161,,,,,24459000000,0.197,73236000000,-0.256,55436000000,,0.302,161.61,161.54,,,,,966571000000,464231000000,0.480,1353.34,464231000000,,,,,36.00,,,,343286307,297894,342986389,false,false,12,2023-04-01,2024-03-31,-1
2025-04-25,64730,2025-03-31,,,,,,,,38452000000,-0.382,,,,13713000000,,40.36,40.34,,,,,1565391000000,,,,,80238000000,-75936000000,-52076000000,,,1.239,,,,,,true,false,12,2024-04-01,2025-03-31,0
2025-04-25,64730,2024-03-31,,,,,,,,62196000000,0.261,,,,40257000000,,117.37,117.32,,,,,1628514000000,,,,,154461000000,-71352000000,-47224000000,,,0.307,,,,,,true,false,12,2023-04-01,2024-03-31,-1
2025-04-25,64730,2026-03-31,,,,,,,,50000000000,0.300,,,,20000000000,,62.83,,,,,,,,,,,,,,,,0.955,,,,,,true,true,12,2025-04-01,2026-03-31,1
2025-04-25,64730,2026-03-31,,,,,,,,,,,,,,,,,,,,,,,,,,,,,,60.00,,,,,,,false,true,12,2025-04-01,2026-03-31,1
