filing_date,code,fiscal_year_end,quarterly_period,net_sales,net_sales_change,revenue,revenue_change,operating_revenue,operating_revenue_change,operating_profit,operating_profit_change,ordinary_profit,ordinary_profit_change,net_income,net_income_of_parent,net_income_change,eps,diluted_eps,roe,roa,operating_profit_to_net_sales,operating_profit_to_revenue,total_assets,net_assets,equity_ratio,bps,owner_equity,operating_cash_flow,investing_cash_flow,financing_cash_flow,cash,dividend_per_share,payout_ratio,commemorative_dividend,extra_dividend,number_of_shares,number_of_treqsury_shares,avg_number_of_shares,is_consolidated,is_forecast,duration,period_start,period_end,period_pos
2015-05-13,64840,2015-03-31,,23711000000,-0.082,,,,,1682000000,-0.274,1764000000,-0.276,1040000000,,-0.360,63.60,61.78,0.070,0.080,0.071,,22190000000,15553000000,0.696,944.48,15444000000,2467000000,-209000000,-327000000,3887000000,,0.283,,,,,,true,false,12,2014-04-01,2015-03-31,0
2015-05-13,64840,2014-03-31,,25834000000,0.064,,,,,2318000000,0.014,2436000000,0.013,1624000000,,0.112,99.09,96.27,0.120,0.114,0.090,,21731000000,14360000000,0.657,872.62,14272000000,1460000000,-957000000,-993000000,1913000000,,0.182,,,,,,true,false,12,2013-04-01,2014-03-31,-1
2015-05-13,64840,2016-03-31,,12000000000,0.003,,,,,900000000,0.010,950000000,0.042,,600000000,,36.69,,,,,,,,,,,,,,,,,,,,,,true,true,6,2015-04-01,2015-09-30,1
2015-05-13,64840,2016-03-31,,24500000000,0.033,,,,,1900000000,0.129,1950000000,0.105,,1250000000,,76.44,,,,,,,,,,,,,,,,0.235,,,,,,true,true,12,2015-04-01,2016-03-31,1
2015-05-13,64840,2015-03-31,,23839000000,-0.084,,,,,1760000000,-0.209,1912000000,-0.222,1187000000,,-0.261,72.62,70.53,,,,,21447000000,14852000000,0.687,901.58,14742000000,,,,,18.00,,,,16531157,178869,16354795,false,false,12,2014-04-01,2015-03-31,0
2015-05-13,64840,2014-03-31,,26012000000,0.057,,,,,2225000000,0.036,2457000000,0.010,1607000000,,0.080,98.00,95.21,,,,,21132000000,13737000000,0.646,834.58,13650000000,,,,,18.00,,,,16531157,174816,16398260,false,false,12,2013-04-01,2014-03-31,-1
2015-05-13,64840,2016-03-31,,12100000000,0.005,,,,,850000000,0.077,900000000,0.037,550000000,,0.031,33.63,,,,,,,,,,,,,,,,,,,,,,false,true,6,2015-04-01,2015-09-30,1
2015-05-13,64840,2016-03-31,,24600000000,0.032,,,,,1800000000,0.023,1950000000,0.020,1200000000,,0.010,73.38,,,,,,,,,,,,,,,18.00,,,,,,,false,true,12,2015-04-01,2016-03-31,1
2015-07-31,64840,2016-03-31,1,5705000000,-0.099,,,,,198000000,-0.635,223000000,-0.607,,131000000,,8.02,7.79,,,,,21783000000,15587000000,0.711,,15491000000,,,,,,,,,,,,true,false,3,2015-04-01,2015-06-30,0
2015-07-31,64840,2015-03-31,1,6329000000,0.031,,,,,544000000,0.139,568000000,0.018,,398000000,,24.35,23.70,,,,,,,,,,,,,,,,,,,,,true,false,3,2014-04-01,2014-06-30,-1
2015-07-31,64840,2016-03-31,1,12000000000,0.003,,,,,900000000,0.010,950000000,0.042,,600000000,,36.69,,,,,,,,,,,,,,,,,,,,,,true,true,6,2015-04-01,2015-09-30,0
2015-07-31,64840,2016-03-31,1,24500000000,0.033,,,,,1900000000,0.129,1950000000,0.105,,1250000000,,76.44,,,,,,,,,,,,,,,,,,,,,,true,true,12,2015-04-01,2016-03-31,0
2015-07-31,64840,2015-03-31,1,,,,,,,,,,,,,,,,,,,,22190000000,15553000000,0.696,,15444000000,,,,,,,,,,,,true,false,12,2014-04-01,2015-03-31,-1
2015-07-31,64840,2015-03-31,1,,,,,,,,,,,,,,,,,,,,,,,,,,,,,18.00,,,,16531157,178869,,false,false,12,2014-04-01,2015-03-31,-1
2015-07-31,64840,2016-03-31,1,,,,,,,,,,,,,,,,,,,,,,,,,,,,,18.00,,,,,,,false,true,12,2015-04-01,2016-03-31,0
2015-07-31,64840,2016-03-31,1,,,,,,,,,,,,,,,,,,,,,,,,,,,,,,,,,16531157,113164,16355824,false,false,3,2015-04-01,2015-06-30,0
2015-07-31,64840,2015-03-31,1,,,,,,,,,,,,,,,,,,,,,,,,,,,,,,,,,,,16356341,false,false,3,2014-04-01,2014-06-30,-1
2015-10-29,64840,2016-03-31,2,11296000000,-0.056,,,,,583000000,-0.358,641000000,-0.296,,442000000,,27.02,26.25,,,,,21971000000,15796000000,0.714,,15680000000,,,,,,,,,,,,true,false,6,2015-04-01,2015-09-30,0
2015-10-29,64840,2015-03-31,2,11967000000,-0.017,,,,,908000000,-0.032,911000000,-0.119,,599000000,,36.66,35.64,,,,,,,,,,,,,,,,,,,,,true,false,6,2014-04-01,2014-09-30,-1
2015-10-29,64840,2016-03-31,2,24500000000,0.033,,,,,1900000000,0.105,1950000000,0.105,,1250000000,,76.44,,,,,,,,,,,,,,,,,,,,,,true,true,12,2015-04-01,2016-03-31,0
2015-10-29,64840,2015-03-31,2,,,,,,,,,,,,,,,,,,,,22190000000,15553000000,0.696,,15444000000,,,,,,,,,,,,true,false,12,2014-04-01,2015-03-31,-1
2015-10-29,64840,2015-03-31,2,,,,,,,,,,,,,,,,,,,,,,,,,,,,,18.00,,,,16531157,178869,,false,false,12,2014-04-01,2015-03-31,-1
2015-10-29,64840,2016-03-31,2,,,,,,,,,,,,,,,,,,,,,,,,,,,,,9.00,,,,,,,false,false,12,2015-04-01,2016-03-31,0
2015-10-29,64840,2016-03-31,2,,,,,,,,,,,,,,,,,,,,,,,,,,,,,18.00,,,,,,,false,true,12,2015-04-01,2016-03-31,0
2015-10-29,64840,2016-03-31,2,,,,,,,,,,,,,,,,,,,,,,,,,,,,,,,,,16531157,113588,16386961,false,false,6,2015-04-01,2015-09-30,0
2015-10-29,64840,2015-03-31,2,,,,,,,,,,,,,,,,,,,,,,,,,,,,,,,,,,,16355785,false,false,6,2014-04-01,2014-09-30,-1
2016-01-29,64840,2016-03-31,3,17183000000,-0.043,,,,,1147000000,-0.131,1232000000,-0.086,,807000000,,49.27,47.83,,,,,22403000000,15979000000,0.708,,15863000000,,,,,,,,,,,,true,false,9,2015-04-01,2015-12-31,0
2016-01-29,64840,2015-03-31,3,17954000000,-0.049,,,,,1320000000,-0.140,1348000000,-0.186,,811000000,,49.60,48.19,,,,,,,,,,,,,,,,,,,,,true,false,9,2014-04-01,2014-12-31,-1
2016-01-29,64840,2016-03-31,3,24500000000,0.033,,,,,1900000000,0.105,1950000000,0.105,,1250000000,,76.44,,,,,,,,,,,,,,,,,,,,,,true,true,12,2015-04-01,2016-03-31,0
2016-01-29,64840,2015-03-31,3,,,,,,,,,,,,,,,,,,,,22190000000,15553000000,0.696,,15444000000,,,,,,,,,,,,true,false,12,2014-04-01,2015-03-31,-1
2016-01-29,64840,2015-03-31,3,,,,,,,,,,,,,,,,,,,,,,,,,,,,,18.00,,,,16531157,178869,,false,false,12,2014-04-01,2015-03-31,-1
2016-01-29,64840,2016-03-31,3,,,,,,,,,,,,,,,,,,,,,,,,,,,,,9.00,,,,,,,false,false,12,2015-04-01,2016-03-31,0
2016-01-29,64840,2016-03-31,3,,,,,,,,,,,,,,,,,,,,,,,,,,,,,18.00,,,,,,,false,true,12,2015-04-01,2016-03-31,0
2016-01-29,64840,2016-03-31,3,,,,,,,,,,,,,,,,,,,,,,,,,,,,,,,,,16531157,114245,16397124,false,false,9,2015-04-01,2015-12-31,0
2016-01-29,64840,2015-03-31,3,,,,,,,,,,,,,,,,,,,,,,,,,,,,,,,,,,,16355241,false,false,9,2014-04-01,2014-12-31,-1
2016-04-27,64840,2016-03-31,,23382000000,-0.046,,,,,1902000000,0.001,2009000000,0.030,,1419000000,,86.53,,,,,,,,,,,,,,,,,,,,,,true,true,12,2015-04-01,2016-03-31,0
2016-04-27,64840,2015-03-31,,23711000000,,,,,,1719000000,,1764000000,,,1040000000,,63.60,,,,,,,,,,,,,,,,,,,,,,true,false,12,2014-04-01,2015-03-31,-1
2016-04-27,64840,2016-03-31,,23492000000,-0.045,,,,,1534000000,-0.148,1648000000,-0.155,1095000000,,-0.088,66.78,,,,,,,,,,,,,,,19.00,,,,,,,false,true,12,2015-04-01,2016-03-31,0
2016-04-27,64840,2015-03-31,,23839000000,,,,,,1796000000,,1912000000,,1187000000,,,72.62,,,,,,,,,,,,,,,18.00,,,,,,,false,false,12,2014-04-01,2015-03-31,-1
2016-04-27,64840,2016-03-31,,,,,,,,,,,,,,,,,,,,,,,,,,,,,,9.00,,,,,,,false,false,12,2015-04-01,2016-03-31,0
2016-05-13,64840,2016-03-31,,23382000000,-0.014,,,,,1902000000,0.107,2009000000,0.139,,1419000000,,86.53,84.06,0.090,0.089,0.081,,22869000000,16309000000,0.708,986.49,16193000000,2059000000,-1830000000,-325000000,3713000000,,0.220,,,,,,true,false,12,2015-04-01,2016-03-31,0
2016-05-13,64840,2015-03-31,,23711000000,-0.082,,,,,1719000000,-0.258,1764000000,-0.276,,1040000000,,63.60,61.78,0.070,0.080,0.071,,22190000000,15553000000,0.696,944.48,15444000000,2467000000,-209000000,-327000000,3887000000,,0.283,,,,,,true,false,12,2014-04-01,2015-03-31,-1
2016-05-13,64840,2017-03-31,,11400000000,0.009,,,,,750000000,0.286,800000000,0.248,,500000000,,30.46,,,,,,,,,,,,,,,,,,,,,,true,true,6,2016-04-01,2016-09-30,1
2016-05-13,64840,2017-03-31,,23500000000,0.005,,,,,1950000000,0.025,2050000000,0.020,,1300000000,,79.19,,,,,,,,,,,,,,,,0.253,,,,,,true,true,12,2016-04-01,2017-03-31,1
2016-05-13,64840,2016-03-31,,23492000000,-0.015,,,,,1534000000,-0.146,1648000000,-0.138,1095000000,,-0.078,66.78,64.87,,,,,22123000000,15641000000,0.702,945.77,15525000000,,,,,19.00,,,,16531157,115611,16401926,false,false,12,2015-04-01,2016-03-31,0
2016-05-13,64840,2015-03-31,,23839000000,-0.084,,,,,1796000000,-0.193,1912000000,-0.222,1187000000,,-0.261,72.62,70.53,,,,,21447000000,14852000000,0.687,901.58,14742000000,,,,,18.00,,,,16531157,178869,16354795,false,false,12,2014-04-01,2015-03-31,-1
2016-05-13,64840,2017-03-31,,11500000000,0.014,,,,,550000000,0.203,600000000,0.153,400000000,,0.268,24.37,,,,,,,,,,,,,,,,,,,,,,false,true,6,2016-04-01,2016-09-30,1
2016-05-13,64840,2017-03-31,,23600000000,0.005,,,,,1700000000,0.108,1800000000,0.092,1150000000,,0.050,70.06,,,,,,,,,,,,,,,20.00,,,,,,,false,true,12,2016-04-01,2017-03-31,1
2016-07-29,64840,2017-03-31,1,5862000000,0.028,,,,,606000000,2.052,685000000,2.070,,473000000,,28.83,28.01,,,,,22491000000,16371000000,0.723,,16263000000,,,,,,,,,,,,true,false,3,2016-04-01,2016-06-30,0
2016-07-29,64840,2016-03-31,1,5705000000,-0.099,,,,,198000000,-0.635,223000000,-0.607,,131000000,,8.02,7.79,,,,,,,,,,,,,,,,,,,,,true,false,3,2015-04-01,2015-06-30,-1
2016-07-29,64840,2017-03-31,1,11400000000,0.009,,,,,1000000000,0.715,1100000000,0.716,,700000000,,42.56,,,,,,,,,,,,,,,,,,,,,,true,true,6,2016-04-01,2016-09-30,0
2016-07-29,64840,2017-03-31,1,23500000000,0.005,,,,,1950000000,0.025,2050000000,0.020,,1300000000,,79.19,,,,,,,,,,,,,,,,,,,,,,true,true,12,2016-04-01,2017-03-31,0
2016-07-29,64840,2016-03-31,1,,,,,,,,,,,,,,,,,,,,22869000000,16309000000,0.708,,16193000000,,,,,,,,,,,,true,false,12,2015-04-01,2016-03-31,-1
2016-07-29,64840,2016-03-31,1,,,,,,,,,,,,,,,,,,,,,,,,,,,,,19.00,,,,16531157,115611,,false,false,12,2015-04-01,2016-03-31,-1
2016-07-29,64840,2017-03-31,1,,,,,,,,,,,,,,,,,,,,,,,,,,,,,20.00,,,,,,,false,true,12,2016-04-01,2017-03-31,0
2016-07-29,64840,2017-03-31,1,,,,,,,,,,,,,,,,,,,,,,,,,,,,,,,,,16531157,82711,16416929,false,false,3,2016-04-01,2016-06-30,0
2016-07-29,64840,2016-03-31,1,,,,,,,,,,,,,,,,,,,,,,,,,,,,,,,,,,,16355824,false,false,3,2015-04-01,2015-06-30,-1
2016-07-29,64840,2017-03-31,,11400000000,0.000,,,,,1000000000,0.333,1100000000,0.375,,700000000,,42.56,,,,,,,,,,,,,,,,,,,,,,true,true,6,2016-04-01,2016-09-30,0
2016-07-29,64840,2016-03-31,,11296000000,,,,,,583000000,,641000000,,,442000000,,27.02,,,,,,,,,,,,,,,,,,,,,,true,false,6,2015-04-01,2015-09-30,-1
2016-07-29,64840,2017-03-31,,11500000000,0.000,,,,,750000000,0.364,800000000,0.333,550000000,,0.375,33.44,,,,,,,,,,,,,,,,,,,,,,false,true,6,2016-04-01,2016-09-30,0
2016-07-29,64840,2016-03-31,,11345000000,,,,,,457000000,,520000000,,315000000,,,19.25,,,,,,,,,,,,,,,,,,,,,,false,false,6,2015-04-01,2015-09-30,-1
2016-10-31,64840,2017-03-31,2,11487000000,0.017,,,,,1250000000,1.144,1356000000,1.115,,913000000,,55.58,53.97,,,,,22908000000,16801000000,0.728,,16674000000,,,,,,,,,,,,true,false,6,2016-04-01,2016-09-30,0
2016-10-31,64840,2016-03-31,2,11296000000,-0.056,,,,,583000000,-0.358,641000000,-0.296,,442000000,,27.02,26.25,,,,,,,,,,,,,,,,,,,,,true,false,6,2015-04-01,2015-09-30,-1
2016-10-31,64840,2017-03-31,2,23600000000,0.009,,,,,2300000000,0.209,2400000000,0.195,,1400000000,,85.12,,,,,,,,,,,,,,,,,,,,,,true,true,12,2016-04-01,2017-03-31,0
2016-10-31,64840,2016-03-31,2,,,,,,,,,,,,,,,,,,,,22869000000,16309000000,0.708,,16193000000,,,,,,,,,,,,true,false,12,2015-04-01,2016-03-31,-1
2016-10-31,64840,2016-03-31,2,,,,,,,,,,,,,,,,,,,,,,,,,,,,,19.00,,,,16531157,115611,,false,false,12,2015-04-01,2016-03-31,-1
2016-10-31,64840,2017-03-31,2,,,,,,,,,,,,,,,,,,,,,,,,,,,,,10.00,,,,,,,false,false,12,2016-04-01,2017-03-31,0
2016-10-31,64840,2017-03-31,2,,,,,,,,,,,,,,,,,,,,,,,,,,,,,20.00,,,,,,,false,true,12,2016-04-01,2017-03-31,0
2016-10-31,64840,2017-03-31,2,,,,,,,,,,,,,,,,,,,,,,,,,,,,,,,,,16531157,83220,16432771,false,false,6,2016-04-01,2016-09-30,0
2016-10-31,64840,2016-03-31,2,,,,,,,,,,,,,,,,,,,,,,,,,,,,,,,,,,,16386961,false,false,6,2015-04-01,2015-09-30,-1
2016-10-31,64840,2017-03-31,,23700000000,0.004,,,,,1900000000,0.118,1950000000,0.083,1100000000,,-0.043,66.88,,,,,,,,,,,,,,,,,,,,,,false,true,12,2016-04-01,2017-03-31,0
2016-10-31,64840,2016-03-31,,23492000000,,,,,,1534000000,,1648000000,,1095000000,,,66.78,,,,,,,,,,,,,,,,,,,,,,false,false,12,2015-04-01,2016-03-31,-1
2017-01-30,64840,2017-03-31,3,17554000000,0.022,,,,,2020000000,0.761,2069000000,0.679,,1365000000,,83.06,80.63,,,,,23854000000,17347000000,0.722,,17221000000,,,,,,,,,,,,true,false,9,2016-04-01,2016-12-31,0
2017-01-30,64840,2016-03-31,3,17183000000,-0.043,,,,,1147000000,-0.131,1232000000,-0.086,,807000000,,49.27,47.83,,,,,,,,,,,,,,,,,,,,,true,false,9,2015-04-01,2015-12-31,-1
2017-01-30,64840,2017-03-31,3,23600000000,0.009,,,,,2300000000,0.209,2400000000,0.195,,1400000000,,85.12,,,,,,,,,,,,,,,,,,,,,,true,true,12,2016-04-01,2017-03-31,0
2017-01-30,64840,2016-03-31,3,,,,,,,,,,,,,,,,,,,,22869000000,16309000000,0.708,,16193000000,,,,,,,,,,,,true,false,12,2015-04-01,2016-03-31,-1
2017-01-30,64840,2016-03-31,3,,,,,,,,,,,,,,,,,,,,,,,,,,,,,19.00,,,,16531157,115611,,false,false,12,2015-04-01,2016-03-31,-1
2017-01-30,64840,2017-03-31,3,,,,,,,,,,,,,,,,,,,,,,,,,,,,,10.00,,,,,,,false,false,12,2016-04-01,2017-03-31,0
2017-01-30,64840,2017-03-31,3,,,,,,,,,,,,,,,,,,,,,,,,,,,,,20.00,,,,,,,false,true,12,2016-04-01,2017-03-31,0
2017-01-30,64840,2017-03-31,3,,,,,,,,,,,,,,,,,,,,,,,,,,,,,,,,,16531157,83650,16437748,false,false,9,2016-04-01,2016-12-31,0
2017-01-30,64840,2016-03-31,3,,,,,,,,,,,,,,,,,,,,,,,,,,,,,,,,,,,16397124,false,false,9,2015-04-01,2015-12-31,-1
2017-01-30,64840,2017-03-31,3,17554000000,0.022,,,,,2020000000,0.761,2069000000,0.679,,1365000000,,83.06,80.63,,,,,23752000000,17347000000,0.725,,17221000000,,,,,,,,,,,,true,false,9,2016-04-01,2016-12-31,0
2017-01-30,64840,2016-03-31,3,17183000000,-0.043,,,,,1147000000,-0.131,1232000000,-0.086,,807000000,,49.27,47.83,,,,,,,,,,,,,,,,,,,,,true,false,9,2015-04-01,2015-12-31,-1
2017-01-30,64840,2017-03-31,3,23600000000,0.009,,,,,2300000000,0.209,2400000000,0.195,,1400000000,,85.12,,,,,,,,,,,,,,,,,,,,,,true,true,12,2016-04-01,2017-03-31,0
2017-01-30,64840,2016-03-31,3,,,,,,,,,,,,,,,,,,,,22869000000,16309000000,0.708,,16193000000,,,,,,,,,,,,true,false,12,2015-04-01,2016-03-31,-1
2017-01-30,64840,2016-03-31,3,,,,,,,,,,,,,,,,,,,,,,,,,,,,,19.00,,,,16531157,115611,,false,false,12,2015-04-01,2016-03-31,-1
2017-01-30,64840,2017-03-31,3,,,,,,,,,,,,,,,,,,,,,,,,,,,,,10.00,,,,,,,false,false,12,2016-04-01,2017-03-31,0
2017-01-30,64840,2017-03-31,3,,,,,,,,,,,,,,,,,,,,,,,,,,,,,20.00,,,,,,,false,true,12,2016-04-01,2017-03-31,0
2017-01-30,64840,2017-03-31,3,,,,,,,,,,,,,,,,,,,,,,,,,,,,,,,,,16531157,83650,16437748,false,false,9,2016-04-01,2016-12-31,0
2017-01-30,64840,2016-03-31,3,,,,,,,,,,,,,,,,,,,,,,,,,,,,,,,,,,,16397124,false,false,9,2015-04-01,2015-12-31,-1
2017-05-12,64840,2017-03-31,,23730000000,0.015,,,,,2585000000,0.359,2676000000,0.332,,1629000000,,99.11,96.19,0.097,0.112,0.109,,24750000000,17529000000,0.703,1058.13,17402000000,2947000000,-2347000000,-353000000,3908000000,,0.212,,,,,,true,false,12,2016-04-01,2017-03-31,0
2017-05-12,64840,2016-03-31,,23382000000,-0.014,,,,,1902000000,0.107,2009000000,0.139,,1419000000,,86.53,84.06,0.090,0.089,0.081,,22869000000,16309000000,0.708,986.49,16193000000,2059000000,-1830000000,-325000000,3713000000,,0.220,,,,,,true,false,12,2015-04-01,2016-03-31,-1
2017-05-12,64840,2018-03-31,,11700000000,0.019,,,,,1050000000,-0.161,1100000000,-0.189,,750000000,,45.60,,,,,,,,,,,,,,,,,,,,,,true,true,6,2017-04-01,2017-09-30,1
2017-05-12,64840,2018-03-31,,24000000000,0.011,,,,,2300000000,-0.110,2400000000,-0.103,,1500000000,,91.20,,,,,,,,,,,,,,,,0.241,,,,,,true,true,12,2017-04-01,2018-03-31,1
2017-05-12,64840,2017-03-31,,23833000000,0.015,,,,,2336000000,0.523,2616000000,0.587,1642000000,,0.500,99.92,96.97,,,,,24156000000,16984000000,0.698,1024.98,16857000000,,,,,21.00,,,,16531157,84338,16440105,false,false,12,2016-04-01,2017-03-31,0
2017-05-12,64840,2016-03-31,,23492000000,-0.015,,,,,1534000000,-0.146,1648000000,-0.138,1095000000,,-0.078,66.78,64.87,,,,,22123000000,15641000000,0.702,945.77,15525000000,,,,,19.00,,,,16531157,115611,16401926,false,false,12,2015-04-01,2016-03-31,-1
2017-05-12,64840,2018-03-31,,,,,,,,,,,,,,,,,,,,,,,,,,,,,,22.00,,,,,,,false,true,12,2017-04-01,2018-03-31,1
2017-07-31,64840,2018-03-31,1,5926000000,0.011,,,,,483000000,-0.202,502000000,-0.266,,316000000,,19.26,18.69,,,,,23817000000,17753000000,0.742,,17679000000,,,,,,,,,,,,true,false,3,2017-04-01,2017-06-30,0
2017-07-31,64840,2017-03-31,1,5862000000,0.028,,,,,606000000,2.052,685000000,2.070,,473000000,,28.83,28.01,,,,,,,,,,,,,,,,,,,,,true,false,3,2016-04-01,2016-06-30,-1
2017-07-31,64840,2018-03-31,1,11700000000,0.019,,,,,1050000000,-0.161,1100000000,-0.189,,750000000,,45.60,,,,,,,,,,,,,,,,,,,,,,true,true,6,2017-04-01,2017-09-30,0
2017-07-31,64840,2018-03-31,1,24000000000,0.011,,,,,2300000000,-0.110,2400000000,-0.103,,1500000000,,182.41,,,,,,,,,,,,,,,,,,,,,,true,true,12,2017-04-01,2018-03-31,0
2017-07-31,64840,2017-03-31,1,,,,,,,,,,,,,,,,,,,,24750000000,17529000000,0.703,,17402000000,,,,,,,,,,,,true,false,12,2016-04-01,2017-03-31,-1
2017-07-31,64840,2017-03-31,1,,,,,,,,,,,,,,,,,,,,,,,,,,,,,21.00,,,,16531157,84338,,false,false,12,2016-04-01,2017-03-31,-1
2017-07-31,64840,2018-03-31,1,,,,,,,,,,,,,,,,,,,,,,,,,,,,,22.00,,,,,,,false,true,12,2017-04-01,2018-03-31,0
2017-07-31,64840,2018-03-31,1,,,,,,,,,,,,,,,,,,,,,,,,,,,,,,,,,16674869,1288,16451558,false,false,3,2017-04-01,2017-06-30,0
2017-07-31,64840,2017-03-31,1,,,,,,,,,,,,,,,,,,,,,,,,,,,,,,,,,,,16416929,false,false,3,2016-04-01,2016-06-30,-1
2017-10-30,64840,2018-03-31,2,11764000000,0.024,,,,,946000000,-0.244,959000000,-0.293,,654000000,,78.67,76.80,,,,,24404000000,18162000000,0.741,,18071000000,,,,,,,,,,,,true,false,6,2017-04-01,2017-09-30,0
2017-10-30,64840,2017-03-31,2,11487000000,0.017,,,,,1250000000,1.144,1356000000,1.115,,913000000,,111.16,107.94,,,,,,,,,,,,,,,,,,,,,true,false,6,2016-04-01,2016-09-30,-1
2017-10-30,64840,2018-03-31,2,24000000000,0.011,,,,,2300000000,-0.110,2400000000,-0.103,,1500000000,,182.41,,,,,,,,,,,,,,,,,,,,,,true,true,12,2017-04-01,2018-03-31,0
2017-10-30,64840,2017-03-31,2,,,,,,,,,,,,,,,,,,,,24750000000,17529000000,0.703,,17402000000,,,,,,,,,,,,true,false,12,2016-04-01,2017-03-31,-1
2017-10-30,64840,2017-03-31,2,,,,,,,,,,,,,,,,,,,,,,,,,,,,,21.00,,,,8265578,42169,,false,false,12,2016-04-01,2017-03-31,-1
2017-10-30,64840,2018-03-31,2,,,,,,,,,,,,,,,,,,,,,,,,,,,,,11.00,,,,,,,false,false,12,2017-04-01,2018-03-31,0
2017-10-30,64840,2018-03-31,2,,,,,,,,,,,,,,,,,,,,,,,,,,,,,22.00,,,,,,,false,true,12,2017-04-01,2018-03-31,0
2017-10-30,64840,2018-03-31,2,,,,,,,,,,,,,,,,,,,,,,,,,,,,,,,,,8338078,644,8317172,false,false,6,2017-04-01,2017-09-30,0
2017-10-30,64840,2017-03-31,2,,,,,,,,,,,,,,,,,,,,,,,,,,,,,,,,,,,8216385,false,false,6,2016-04-01,2016-09-30,-1
2018-01-31,64840,2018-03-31,3,18028000000,0.027,,,,,1525000000,-0.245,1538000000,-0.256,,1043000000,,125.35,122.60,,,,,24871000000,18397000000,0.736,,18306000000,,,,,,,,,,,,true,false,9,2017-04-01,2017-12-31,0
2018-01-31,64840,2017-03-31,3,17554000000,0.022,,,,,2020000000,0.761,2069000000,0.679,,1365000000,,166.12,161.25,,,,,,,,,,,,,,,,,,,,,true,false,9,2016-04-01,2016-12-31,-1
2018-01-31,64840,2018-03-31,3,24000000000,0.011,,,,,2300000000,-0.110,2400000000,-0.103,,1500000000,,182.41,,,,,,,,,,,,,,,,,,,,,,true,true,12,2017-04-01,2018-03-31,0
2018-01-31,64840,2017-03-31,3,,,,,,,,,,,,,,,,,,,,24750000000,17529000000,0.703,,17402000000,,,,,,,,,,,,true,false,12,2016-04-01,2017-03-31,-1
2018-01-31,64840,2017-03-31,3,,,,,,,,,,,,,,,,,,,,,,,,,,,,,21.00,,,,8265578,42169,,false,false,12,2016-04-01,2017-03-31,-1
2018-01-31,64840,2018-03-31,3,,,,,,,,,,,,,,,,,,,,,,,,,,,,,11.00,,,,,,,false,false,12,2017-04-01,2018-03-31,0
2018-01-31,64840,2018-03-31,3,,,,,,,,,,,,,,,,,,,,,,,,,,,,,22.00,,,,,,,false,true,12,2017-04-01,2018-03-31,0
2018-01-31,64840,2018-03-31,3,,,,,,,,,,,,,,,,,,,,,,,,,,,,,,,,,8338078,1004,8323930,false,false,9,2017-04-01,2017-12-31,0
2018-01-31,64840,2017-03-31,3,,,,,,,,,,,,,,,,,,,,,,,,,,,,,,,,,,,8218874,false,false,9,2016-04-01,2016-12-31,-1
2018-05-14,64840,2018-03-31,,24550000000,0.035,,,,,2175000000,-0.159,2206000000,-0.175,,1395000000,,167.57,164.05,0.078,0.087,0.089,,25775000000,18690000000,0.722,2231.01,18600000000,1626000000,-764000000,-377000000,4417000000,,0.263,,,,,,true,false,12,2017-04-01,2018-03-31,0
2018-05-14,64840,2017-03-31,,23730000000,0.015,,,,,2585000000,0.359,2676000000,0.332,,1629000000,,198.21,192.37,0.097,0.112,0.109,,24750000000,17529000000,0.703,2116.27,17402000000,2947000000,-2347000000,-353000000,3908000000,,0.212,,,,,,true,false,12,2016-04-01,2017-03-31,-1
2018-05-14,64840,2019-03-31,,11900000000,0.011,,,,,950000000,0.004,1000000000,0.043,,600000000,,71.97,,,,,,,,,,,,,,,,,,,,,,true,true,6,2018-04-01,2018-09-30,1
2018-05-14,64840,2019-03-31,,24600000000,0.002,,,,,2200000000,0.011,2250000000,0.020,,1280000000,,153.53,,,,,,,,,,,,,,,,0.319,,,,,,true,true,12,2018-04-01,2019-03-31,1
2018-05-14,64840,2018-03-31,,24426000000,0.025,,,,,2151000000,-0.079,2262000000,-0.135,1444000000,,-0.121,173.45,169.81,,,,,25127000000,18075000000,0.716,2157.29,17985000000,,,,,22.00,,,,8338078,1004,8327171,false,false,12,2017-04-01,2018-03-31,0
2018-05-14,64840,2017-03-31,,23833000000,0.015,,,,,2336000000,0.523,2616000000,0.587,1642000000,,0.500,199.84,193.94,,,,,24156000000,16984000000,0.698,2049.96,16857000000,,,,,21.00,,,,8265578,42169,8220052,false,false,12,2016-04-01,2017-03-31,-1
2018-05-14,64840,2019-03-31,,,,,,,,,,,,,,,,,,,,,,,,,,,,,,44.00,,,,,,,false,true,12,2018-04-01,2019-03-31,1
2018-07-30,64840,2019-03-31,1,6129000000,0.034,,,,,446000000,-0.077,477000000,-0.050,,324000000,,38.89,38.18,,,,,25097000000,18802000000,0.746,,18719000000,,,,,,,,,,,,true,false,3,2018-04-01,2018-06-30,0
2018-07-30,64840,2018-03-31,1,5926000000,0.011,,,,,483000000,-0.202,502000000,-0.266,,316000000,,38.52,37.38,,,,,,,,,,,,,,,,,,,,,true,false,3,2017-04-01,2017-06-30,-1
2018-07-30,64840,2019-03-31,1,11900000000,0.011,,,,,950000000,0.004,1000000000,0.043,,600000000,,71.97,,,,,,,,,,,,,,,,,,,,,,true,true,6,2018-04-01,2018-09-30,0
2018-07-30,64840,2019-03-31,1,24600000000,0.002,,,,,2200000000,0.011,2250000000,0.020,,1280000000,,153.53,,,,,,,,,,,,,,,,,,,,,,true,true,12,2018-04-01,2019-03-31,0
2018-07-30,64840,2018-03-31,1,,,,,,,,,,,,,,,,,,,,25775000000,18690000000,0.722,,18600000000,,,,,,,,,,,,true,false,12,2017-04-01,2018-03-31,-1
2018-07-30,64840,2018-03-31,1,,,,,,,,,,,,,,,,,,,,,,,,,,,,,22.00,,,,8338078,1004,,false,false,12,2017-04-01,2018-03-31,-1
2018-07-30,64840,2019-03-31,1,,,,,,,,,,,,,,,,,,,,,,,,,,,,,44.00,,,,,,,false,true,12,2018-04-01,2019-03-31,0
2018-07-30,64840,2019-03-31,1,,,,,,,,,,,,,,,,,,,,,,,,,,,,,,,,,8347078,4,8337293,false,false,3,2018-04-01,2018-06-30,0
2018-07-30,64840,2018-03-31,1,,,,,,,,,,,,,,,,,,,,,,,,,,,,,,,,,,,8225779,false,false,3,2017-04-01,2017-06-30,-1
2018-10-31,64840,2019-03-31,2,11822000000,0.005,,,,,817000000,-0.136,868000000,-0.095,,281000000,,34.09,33.66,,,,,25156000000,18269000000,0.726,,18269000000,,,,,,,,,,,,true,false,6,2018-04-01,2018-09-30,0
2018-10-31,64840,2018-03-31,2,11764000000,0.024,,,,,946000000,-0.244,959000000,-0.293,,654000000,,78.67,76.80,,,,,,,,,,,,,,,,,,,,,true,false,6,2017-04-01,2017-09-30,-1
2018-10-31,64840,2019-03-31,2,24600000000,0.002,,,,,2200000000,0.011,2250000000,0.020,,1280000000,,153.53,,,,,,,,,,,,,,,,,,,,,,true,true,12,2018-04-01,2019-03-31,0
2018-10-31,64840,2018-03-31,2,,,,,,,,,,,,,,,,,,,,25775000000,18690000000,0.722,,18600000000,,,,,,,,,,,,true,false,12,2017-04-01,2018-03-31,-1
2018-10-31,64840,2018-03-31,2,,,,,,,,,,,,,,,,,,,,,,,,,,,,,22.00,,,,8338078,1004,,false,false,12,2017-04-01,2018-03-31,-1
2018-10-31,64840,2019-03-31,2,,,,,,,,,,,,,,,,,,,,,,,,,,,,,22.00,,,,,,,false,false,12,2018-04-01,2019-03-31,0
2018-10-31,64840,2019-03-31,2,,,,,,,,,,,,,,,,,,,,,,,,,,,,,44.00,,,,,,,false,true,12,2018-04-01,2019-03-31,0
2018-10-31,64840,2019-03-31,2,,,,,,,,,,,,,,,,,,,,,,,,,,,,,,,,,8347078,250004,8263916,false,false,6,2018-04-01,2018-09-30,0
2018-10-31,64840,2018-03-31,2,,,,,,,,,,,,,,,,,,,,,,,,,,,,,,,,,,,8317172,false,false,6,2017-04-01,2017-09-30,-1
2019-01-30,64840,2019-03-31,3,18036000000,0.000,,,,,1368000000,-0.103,1468000000,-0.046,,716000000,,87.23,86.48,,,,,25407000000,18440000000,0.726,,18440000000,,,,,,,,,,,,true,false,9,2018-04-01,2018-12-31,0
2019-01-30,64840,2018-03-31,3,18028000000,0.027,,,,,1525000000,-0.245,1538000000,-0.256,,1043000000,,125.35,122.60,,,,,,,,,,,,,,,,,,,,,true,false,9,2017-04-01,2017-12-31,-1
2019-01-30,64840,2019-03-31,3,24600000000,0.002,,,,,2200000000,0.011,2250000000,0.020,,1280000000,,153.53,,,,,,,,,,,,,,,,,,,,,,true,true,12,2018-04-01,2019-03-31,0
2019-01-30,64840,2018-03-31,3,,,,,,,,,,,,,,,,,,,,25775000000,18690000000,0.722,,18600000000,,,,,,,,,,,,true,false,12,2017-04-01,2018-03-31,-1
2019-01-30,64840,2018-03-31,3,,,,,,,,,,,,,,,,,,,,,,,,,,,,,22.00,,,,8338078,1004,,false,false,12,2017-04-01,2018-03-31,-1
2019-01-30,64840,2019-03-31,3,,,,,,,,,,,,,,,,,,,,,,,,,,,,,22.00,,,,,,,false,false,12,2018-04-01,2019-03-31,0
2019-01-30,64840,2019-03-31,3,,,,,,,,,,,,,,,,,,,,,,,,,,,,,44.00,,,,,,,false,true,12,2018-04-01,2019-03-31,0
2019-01-30,64840,2019-03-31,3,,,,,,,,,,,,,,,,,,,,,,,,,,,,,,,,,8347078,250062,8211104,false,false,9,2018-04-01,2018-12-31,0
2019-01-30,64840,2018-03-31,3,,,,,,,,,,,,,,,,,,,,,,,,,,,,,,,,,,,8323930,false,false,9,2017-04-01,2017-12-31,-1
2019-05-15,64840,2019-03-31,,24152000000,-0.016,,,,,1813000000,-0.166,1928000000,-0.126,,924000000,,113.07,,0.050,0.075,0.075,,25656000000,18639000000,0.727,2310.60,18639000000,1687000000,-2319000000,-833000000,2961000000,,0.433,,,,,,true,false,12,2018-04-01,2019-03-31,0
2019-05-15,64840,2018-03-31,,24550000000,0.035,,,,,2175000000,-0.159,2206000000,-0.175,,1395000000,,167.57,164.05,0.078,0.087,0.089,,25775000000,18690000000,0.722,2231.01,18600000000,1626000000,-764000000,-377000000,4417000000,,0.263,,,,,,true,false,12,2017-04-01,2018-03-31,-1
2019-05-15,64840,2020-03-31,,12000000000,0.015,,,,,850000000,0.040,900000000,0.037,,650000000,,80.58,,,,,,,,,,,,,,,,,,,,,,true,true,6,2019-04-01,2019-09-30,1
2019-05-15,64840,2020-03-31,,24500000000,0.014,,,,,1850000000,0.020,1950000000,0.011,,1400000000,,173.55,,,,,,,,,,,,,,,,0.254,,,,,,true,true,12,2019-04-01,2020-03-31,1
2019-05-15,64840,2019-03-31,,24501000000,0.003,,,,,1500000000,-0.303,1957000000,-0.135,1027000000,,-0.289,125.59,,,,,,25290000000,18224000000,0.721,2259.20,18224000000,,,,,49.00,,,,8347078,280112,8180091,false,false,12,2018-04-01,2019-03-31,0
2019-05-15,64840,2018-03-31,,24426000000,0.025,,,,,2151000000,-0.079,2262000000,-0.135,1444000000,,-0.121,173.45,169.81,,,,,25127000000,18075000000,0.716,2157.29,17985000000,,,,,22.00,,,,8338078,1004,8327171,false,false,12,2017-04-01,2018-03-31,-1
2019-05-15,64840,2020-03-31,,,,,,,,,,,,,,,,,,,,,,,,,,,,,,44.00,,,,,,,false,true,12,2019-04-01,2020-03-31,1
2019-07-31,64840,2020-03-31,1,6094000000,-0.006,,,,,464000000,0.041,524000000,0.097,,364000000,,45.14,,,,,,25665000000,18738000000,0.730,,18738000000,,,,,,,,,,,,true,false,3,2019-04-01,2019-06-30,0
2019-07-31,64840,2019-03-31,1,6129000000,0.034,,,,,446000000,-0.077,477000000,-0.050,,324000000,,38.89,38.18,,,,,,,,,,,,,,,,,,,,,true,false,3,2018-04-01,2018-06-30,-1
2019-07-31,64840,2020-03-31,1,12000000000,0.015,,,,,850000000,0.040,900000000,0.037,,650000000,,80.58,,,,,,,,,,,,,,,,,,,,,,true,true,6,2019-04-01,2019-09-30,0
2019-07-31,64840,2020-03-31,1,24500000000,0.014,,,,,1850000000,0.020,1950000000,0.011,,1400000000,,173.55,,,,,,,,,,,,,,,,,,,,,,true,true,12,2019-04-01,2020-03-31,0
2019-07-31,64840,2019-03-31,1,,,,,,,,,,,,,,,,,,,,25656000000,18639000000,0.727,,18639000000,,,,,,,,,,,,true,false,12,2018-04-01,2019-03-31,-1
2019-07-31,64840,2019-03-31,1,,,,,,,,,,,,,,,,,,,,,,,,,,,,,49.00,,,,8347078,280112,,false,false,12,2018-04-01,2019-03-31,-1
2019-07-31,64840,2020-03-31,1,,,,,,,,,,,,,,,,,,,,,,,,,,,,,44.00,,,,,,,false,true,12,2019-04-01,2020-03-31,0
2019-07-31,64840,2020-03-31,1,,,,,,,,,,,,,,,,,,,,,,,,,,,,,,,,,8347078,280112,8066966,false,false,3,2019-04-01,2019-06-30,0
2019-07-31,64840,2019-03-31,1,,,,,,,,,,,,,,,,,,,,,,,,,,,,,,,,,,,8337293,false,false,3,2018-04-01,2018-06-30,-1
2019-10-31,64840,2020-03-31,2,12106000000,0.024,,,,,1038000000,0.270,1130000000,0.302,,779000000,,96.54,,,,,,26088000000,19126000000,0.733,,19126000000,,,,,,,,,,,,true,false,6,2019-04-01,2019-09-30,0
2019-10-31,64840,2019-03-31,2,11822000000,0.005,,,,,817000000,-0.136,868000000,-0.095,,281000000,,34.07,33.63,,,,,,,,,,,,,,,,,,,,,true,false,6,2018-04-01,2018-09-30,-1
2019-10-31,64840,2020-03-31,2,24500000000,0.014,,,,,1850000000,0.020,1950000000,0.011,,1400000000,,173.55,,,,,,,,,,,,,,,,,,,,,,true,true,12,2019-04-01,2020-03-31,0
2019-10-31,64840,2019-03-31,2,,,,,,,,,,,,,,,,,,,,25656000000,18639000000,0.727,,18639000000,,,,,,,,,,,,true,false,12,2018-04-01,2019-03-31,-1
2019-10-31,64840,2019-03-31,2,,,,,,,,,,,,,,,,,,,,,,,,,,,,,27.00,,,,8347078,280112,,false,false,12,2018-04-01,2019-03-31,-1
2019-10-31,64840,2020-03-31,2,,,,,,,,,,,,,,,,,,,,,,,,,,,,,22.00,,,,,,,false,false,12,2019-04-01,2020-03-31,0
2019-10-31,64840,2020-03-31,2,,,,,,,,,,,,,,,,,,,,,,,,,,,,,44.00,,,,,,,false,true,12,2019-04-01,2020-03-31,0
2019-10-31,64840,2020-03-31,2,,,,,,,,,,,,,,,,,,,,,,,,,,,,,,,,,8347078,268007,8070534,false,false,6,2019-04-01,2019-09-30,0
2019-10-31,64840,2019-03-31,2,,,,,,,,,,,,,,,,,,,,,,,,,,,,,,,,,,,8263916,false,false,6,2018-04-01,2018-09-30,-1
2020-01-31,64840,2020-03-31,3,18289000000,0.014,,,,,1703000000,0.245,1824000000,0.243,,1278000000,,158.37,,,,,,26688000000,19521000000,0.731,,19521000000,,,,,,,,,,,,true,false,9,2019-04-01,2019-12-31,0
2020-01-31,64840,2019-03-31,3,18036000000,0.000,,,,,1368000000,-0.103,1468000000,-0.046,,716000000,,87.23,86.48,,,,,,,,,,,,,,,,,,,,,true,false,9,2018-04-01,2018-12-31,-1
2020-01-31,64840,2020-03-31,3,24500000000,0.014,,,,,1850000000,0.020,1950000000,0.011,,1400000000,,173.55,,,,,,,,,,,,,,,,,,,,,,true,true,12,2019-04-01,2020-03-31,0
2020-01-31,64840,2019-03-31,3,,,,,,,,,,,,,,,,,,,,25656000000,18639000000,0.727,,18639000000,,,,,,,,,,,,true,false,12,2018-04-01,2019-03-31,-1
2020-01-31,64840,2019-03-31,3,,,,,,,,,,,,,,,,,,,,,,,,,,,,,49.00,,,,8347078,280112,,false,false,12,2018-04-01,2019-03-31,-1
2020-01-31,64840,2020-03-31,3,,,,,,,,,,,,,,,,,,,,,,,,,,,,,22.00,,,,,,,false,false,12,2019-04-01,2020-03-31,0
2020-01-31,64840,2020-03-31,3,,,,,,,,,,,,,,,,,,,,,,,,,,,,,44.00,,,,,,,false,true,12,2019-04-01,2020-03-31,0
2020-01-31,64840,2020-03-31,3,,,,,,,,,,,,,,,,,,,,,,,,,,,,,,,,,8347078,268022,8073387,false,false,9,2019-04-01,2019-12-31,0
2020-01-31,64840,2019-03-31,3,,,,,,,,,,,,,,,,,,,,,,,,,,,,,,,,,,,8211104,false,false,9,2018-04-01,2018-12-31,-1
2020-05-13,64840,2020-03-31,,24531000000,0.016,,,,,2345000000,0.293,2523000000,0.309,,1701000000,,210.69,,0.089,0.095,0.096,,27270000000,19665000000,0.721,2434.07,19665000000,3824000000,-1633000000,-440000000,4682000000,,0.233,,,,,,true,false,12,2019-04-01,2020-03-31,0
2020-05-13,64840,2019-03-31,,24152000000,-0.016,,,,,1813000000,-0.166,1928000000,-0.126,,924000000,,113.06,,0.050,0.075,0.075,,25656000000,18639000000,0.727,2310.60,18639000000,1687000000,-2319000000,-833000000,2961000000,,0.433,,,,,,true,false,12,2018-04-01,2019-03-31,-1
2020-05-13,64840,2020-03-31,,24759000000,0.011,,,,,1927000000,0.285,2289000000,0.170,1618000000,,0.575,200.41,,,,,,26941000000,19396000000,0.720,2400.51,19396000000,,,,,49.00,,,,8347078,268045,8074793,false,false,12,2019-04-01,2020-03-31,0
2020-05-13,64840,2019-03-31,,24501000000,0.003,,,,,1500000000,-0.303,1957000000,-0.135,1027000000,,-0.289,125.59,,,,,,25290000000,18224000000,0.721,2259.20,18224000000,,,,,49.00,,,,8347078,280112,8180091,false,false,12,2018-04-01,2019-03-31,-1
2020-07-30,64840,2021-03-31,1,5971000000,-0.020,,,,,797000000,0.715,836000000,0.595,,576000000,,71.38,,,,,,26831000000,20039000000,0.747,,20039000000,,,,,,,,,,,,true,false,3,2020-04-01,2020-06-30,0
2020-07-30,64840,2020-03-31,1,6094000000,-0.006,,,,,464000000,0.041,524000000,0.097,,364000000,,45.14,,,,,,,,,,,,,,,,,,,,,,true,false,3,2019-04-01,2019-06-30,-1
2020-07-30,64840,2020-03-31,1,,,,,,,,,,,,,,,,,,,,27270000000,19665000000,0.721,,19665000000,,,,,,,,,,,,true,false,12,2019-04-01,2020-03-31,-1
2020-07-30,64840,2020-03-31,1,,,,,,,,,,,,,,,,,,,,,,,,,,,,,49.00,,,,8347078,268045,,false,false,12,2019-04-01,2020-03-31,-1
2020-07-30,64840,2021-03-31,1,,,,,,,,,,,,,,,,,,,,,,,,,,,,,,,,,8347078,268045,8079033,false,false,3,2020-04-01,2020-06-30,0
2020-07-30,64840,2020-03-31,1,,,,,,,,,,,,,,,,,,,,,,,,,,,,,,,,,,,8066966,false,false,3,2019-04-01,2019-06-30,-1
2020-08-12,64840,2021-03-31,,11400000000,,,,,,1200000000,,1300000000,,,900000000,,111.39,,,,,,,,,,,,,,,,,,,,,,true,true,6,2020-04-01,2020-09-30,0
2020-08-12,64840,2020-03-31,,12106000000,,,,,,1038000000,,1130000000,,,779000000,,96.54,,,,,,,,,,,,,,,,,,,,,,true,false,6,2019-04-01,2019-09-30,-1
2020-08-12,64840,2021-03-31,,22600000000,,,,,,2000000000,,2100000000,,,1500000000,,185.66,,,,,,,,,,,,,,,,,,,,,,true,true,12,2020-04-01,2021-03-31,0
2020-08-12,64840,2020-03-31,,24531000000,,,,,,2345000000,,2523000000,,,1701000000,,210.69,,,,,,,,,,,,,,,,,,,,,,true,false,12,2019-04-01,2020-03-31,-1
2020-08-12,64840,2021-03-31,,,,,,,,,,,,,,,,,,,,,,,,,,,,,,44.00,,,,,,,false,true,12,2020-04-01,2021-03-31,0
2020-08-12,64840,2020-03-31,,,,,,,,,,,,,,,,,,,,,,,,,,,,,,49.00,,,,,,,false,false,12,2019-04-01,2020-03-31,-1
2020-10-30,64840,2021-03-31,2,11828000000,-0.023,,,,,1627000000,0.568,1680000000,0.487,,1146000000,,141.85,,,,,,27599000000,20663000000,0.749,,20663000000,,,,,,,,,,,,true,false,6,2020-04-01,2020-09-30,0
2020-10-30,64840,2020-03-31,2,12106000000,0.024,,,,,1038000000,0.270,1130000000,0.302,,779000000,,96.54,,,,,,,,,,,,,,,,,,,,,,true,false,6,2019-04-01,2019-09-30,-1
2020-10-30,64840,2021-03-31,2,24000000000,-0.022,,,,,2400000000,0.023,2500000000,-0.009,,1800000000,,222.69,,,,,,,,,,,,,,,,,,,,,,true,true,12,2020-04-01,2021-03-31,0
2020-10-30,64840,2020-03-31,2,,,,,,,,,,,,,,,,,,,,27270000000,19665000000,0.721,,19665000000,,,,,,,,,,,,true,false,12,2019-04-01,2020-03-31,-1
2020-10-30,64840,2020-03-31,2,,,,,,,,,,,,,,,,,,,,,,,,,,,,,49.00,,,,8347078,268045,,false,false,12,2019-04-01,2020-03-31,-1
2020-10-30,64840,2021-03-31,2,,,,,,,,,,,,,,,,,,,,,,,,,,,,,22.00,,,,,,,false,false,12,2020-04-01,2021-03-31,0
2020-10-30,64840,2021-03-31,2,,,,,,,,,,,,,,,,,,,,,,,,,,,,,44.00,,,,,,,false,true,12,2020-04-01,2021-03-31,0
2020-10-30,64840,2021-03-31,2,,,,,,,,,,,,,,,,,,,,,,,,,,,,,,,,,8347078,263970,8080841,false,false,6,2020-04-01,2020-09-30,0
2020-10-30,64840,2020-03-31,2,,,,,,,,,,,,,,,,,,,,,,,,,,,,,,,,,,,8070534,false,false,6,2019-04-01,2019-09-30,-1
2021-01-28,64840,2021-03-31,3,18603000000,0.017,,,,,2331000000,0.368,2390000000,0.310,,1605000000,,198.69,,,,,,28519000000,21020000000,0.737,,21020000000,,,,,,,,,,,,true,false,9,2020-04-01,2020-12-31,0
2021-01-28,64840,2020-03-31,3,18289000000,0.014,,,,,1703000000,0.245,1824000000,0.243,,1278000000,,158.37,,,,,,,,,,,,,,,,,,,,,,true,false,9,2019-04-01,2019-12-31,-1
2021-01-28,64840,2021-03-31,3,24000000000,-0.022,,,,,2400000000,0.023,2500000000,-0.009,,1800000000,,222.69,,,,,,,,,,,,,,,,,,,,,,true,true,12,2020-04-01,2021-03-31,0
2021-01-28,64840,2020-03-31,3,,,,,,,,,,,,,,,,,,,,27270000000,19665000000,0.721,,19665000000,,,,,,,,,,,,true,false,12,2019-04-01,2020-03-31,-1
2021-01-28,64840,2020-03-31,3,,,,,,,,,,,,,,,,,,,,,,,,,,,,,49.00,,,,8347078,268045,,false,false,12,2019-04-01,2020-03-31,-1
2021-01-28,64840,2021-03-31,3,,,,,,,,,,,,,,,,,,,,,,,,,,,,,22.00,,,,,,,false,false,12,2020-04-01,2021-03-31,0
2021-01-28,64840,2021-03-31,3,,,,,,,,,,,,,,,,,,,,,,,,,,,,,44.00,,,,,,,false,true,12,2020-04-01,2021-03-31,0
2021-01-28,64840,2021-03-31,3,,,,,,,,,,,,,,,,,,,,,,,,,,,,,,,,,8347078,263970,8081223,false,false,9,2020-04-01,2020-12-31,0
2021-01-28,64840,2020-03-31,3,,,,,,,,,,,,,,,,,,,,,,,,,,,,,,,,,,,8073387,false,false,9,2019-04-01,2019-12-31,-1
2021-05-14,64840,2021-03-31,,25441000000,0.037,,,,,3034000000,0.294,3117000000,0.235,,2196000000,,271.82,,0.106,0.108,0.119,,30484000000,21969000000,0.721,2717.94,21969000000,2822000000,-424000000,-443000000,6701000000,,0.173,,,,,,true,false,12,2020-04-01,2021-03-31,0
2021-05-14,64840,2020-03-31,,24531000000,0.016,,,,,2345000000,0.293,2523000000,0.309,,1701000000,,210.69,,0.089,0.095,0.096,,27270000000,19665000000,0.721,2434.07,19665000000,3824000000,-1633000000,-440000000,4682000000,,0.233,,,,,,true,false,12,2019-04-01,2020-03-31,-1
2021-05-14,64840,2022-03-31,,12100000000,0.023,,,,,1040000000,-0.361,1070000000,-0.363,,740000000,,91.55,,,,,,,,,,,,,,,,,,,,,,true,true,6,2021-04-01,2021-09-30,1
2021-05-14,64840,2022-03-31,,25700000000,0.010,,,,,2800000000,-0.077,2900000000,-0.070,,2000000000,,247.43,,,,,,,,,,,,,,,,0.202,,,,,,true,true,12,2021-04-01,2022-03-31,1
2021-05-14,64840,2021-03-31,,25655000000,0.036,,,,,2704000000,0.403,3124000000,0.365,2252000000,,0.392,278.75,,,,,,29974000000,21375000000,0.713,2644.46,21375000000,,,,,47.00,,,,8347078,263970,8081972,false,false,12,2020-04-01,2021-03-31,0
2021-05-14,64840,2020-03-31,,24759000000,0.011,,,,,1927000000,0.285,2289000000,0.170,1618000000,,0.575,200.41,,,,,,26941000000,19396000000,0.720,2400.84,19396000000,,,,,49.00,,,,8347078,268045,8074793,false,false,12,2019-04-01,2020-03-31,-1
2021-05-14,64840,2022-03-31,,,,,,,,,,,,,,,,,,,,,,,,,,,,,,50.00,,,,,,,false,true,12,2021-04-01,2022-03-31,1
2021-07-29,64840,2022-03-31,1,6871000000,0.151,,,,,992000000,0.246,1014000000,0.214,,706000000,,87.45,,,,,,30203000000,22509000000,0.745,,22509000000,,,,,,,,,,,,true,false,3,2021-04-01,2021-06-30,0
2021-07-29,64840,2021-03-31,1,5971000000,-0.020,,,,,797000000,0.715,836000000,0.595,,576000000,,71.38,,,,,,,,,,,,,,,,,,,,,,true,false,3,2020-04-01,2020-06-30,-1
2021-07-29,64840,2022-03-31,1,12100000000,0.023,,,,,1040000000,-0.361,1070000000,-0.363,,740000000,,91.55,,,,,,,,,,,,,,,,,,,,,,true,true,6,2021-04-01,2021-09-30,0
2021-07-29,64840,2022-03-31,1,25700000000,0.010,,,,,2800000000,-0.077,2900000000,-0.070,,2000000000,,247.43,,,,,,,,,,,,,,,,,,,,,,true,true,12,2021-04-01,2022-03-31,0
2021-07-29,64840,2021-03-31,1,,,,,,,,,,,,,,,,,,,,30484000000,21969000000,0.721,,21969000000,,,,,,,,,,,,true,false,12,2020-04-01,2021-03-31,-1
2021-07-29,64840,2021-03-31,1,,,,,,,,,,,,,,,,,,,,,,,,,,,,,47.00,,,,8347078,263970,,false,false,12,2020-04-01,2021-03-31,-1
2021-07-29,64840,2022-03-31,1,,,,,,,,,,,,,,,,,,,,,,,,,,,,,50.00,,,,,,,false,true,12,2021-04-01,2022-03-31,0
2021-07-29,64840,2022-03-31,1,,,,,,,,,,,,,,,,,,,,,,,,,,,,,,,,,8347078,263870,8083132,false,false,3,2021-04-01,2021-06-30,0
2021-07-29,64840,2021-03-31,1,,,,,,,,,,,,,,,,,,,,,,,,,,,,,,,,,,,8079033,false,false,3,2020-04-01,2020-06-30,-1
2021-10-29,6484,2022-03-31,2,13315000000,0.126,,,,,1582000000,-0.028,1566000000,-0.068,,1068000000,,132.12,,,,,,30779000000,22903000000,0.744,,22903000000,,,,,,,,,,,,true,false,6,2021-04-01,2021-09-30,0
2021-10-29,6484,2021-03-31,2,11828000000,-0.023,,,,,1627000000,0.568,1680000000,0.487,,1146000000,,141.85,,,,,,,,,,,,,,,,,,,,,,true,false,6,2020-04-01,2020-09-30,-1
2021-10-29,6484,2022-03-31,2,25700000000,0.010,,,,,2800000000,-0.077,2900000000,-0.070,,2000000000,,247.43,,,,,,,,,,,,,,,,,,,,,,true,true,12,2021-04-01,2022-03-31,0
2021-10-29,6484,2021-03-31,2,,,,,,,,,,,,,,,,,,,,30484000000,21969000000,0.721,,21969000000,,,,,,,,,,,,true,false,12,2020-04-01,2021-03-31,-1
2021-10-29,6484,2021-03-31,2,,,,,,,,,,,,,,,,,,,,,,,,,,,,,47.00,,,,8347078,263970,,false,false,12,2020-04-01,2021-03-31,-1
2021-10-29,6484,2022-03-31,2,,,,,,,,,,,,,,,,,,,,,,,,,,,,,25.00,,,,,,,false,false,12,2021-04-01,2022-03-31,0
2021-10-29,6484,2022-03-31,2,,,,,,,,,,,,,,,,,,,,,,,,,,,,,50.00,,,,,,,false,true,12,2021-04-01,2022-03-31,0
2021-10-29,6484,2022-03-31,2,,,,,,,,,,,,,,,,,,,,,,,,,,,,,,,,,8347078,261670,8083840,false,false,6,2021-04-01,2021-09-30,0
2021-10-29,6484,2021-03-31,2,,,,,,,,,,,,,,,,,,,,,,,,,,,,,,,,,,,8080841,false,false,6,2020-04-01,2020-09-30,-1
2022-01-27,6484,2022-03-31,3,20745000000,0.115,,,,,1980000000,-0.151,1975000000,-0.174,,1347000000,,166.63,,,,,,31374000000,23087000000,0.736,,23087000000,,,,,,,,,,,,true,false,9,2021-04-01,2021-12-31,0
2022-01-27,6484,2021-03-31,3,18603000000,0.017,,,,,2331000000,0.368,2390000000,0.310,,1605000000,,198.69,,,,,,,,,,,,,,,,,,,,,,true,false,9,2020-04-01,2020-12-31,-1
2022-01-27,6484,2022-03-31,3,25700000000,0.010,,,,,2800000000,-0.077,2900000000,-0.070,,2000000000,,247.43,,,,,,,,,,,,,,,,,,,,,,true,true,12,2021-04-01,2022-03-31,0
2022-01-27,6484,2021-03-31,3,,,,,,,,,,,,,,,,,,,,30484000000,21969000000,0.721,,21969000000,,,,,,,,,,,,true,false,12,2020-04-01,2021-03-31,-1
2022-01-27,6484,2021-03-31,3,,,,,,,,,,,,,,,,,,,,,,,,,,,,,47.00,,,,8347078,263970,,false,false,12,2020-04-01,2021-03-31,-1
2022-01-27,6484,2022-03-31,3,,,,,,,,,,,,,,,,,,,,,,,,,,,,,25.00,,,,,,,false,false,12,2021-04-01,2022-03-31,0
2022-01-27,6484,2022-03-31,3,,,,,,,,,,,,,,,,,,,,,,,,,,,,,50.00,,,,,,,false,true,12,2021-04-01,2022-03-31,0
2022-01-27,6484,2022-03-31,3,,,,,,,,,,,,,,,,,,,,,,,,,,,,,,,,,8347078,261670,8084365,false,false,9,2021-04-01,2021-12-31,0
2022-01-27,6484,2021-03-31,3,,,,,,,,,,,,,,,,,,,,,,,,,,,,,,,,,,,8081223,false,false,9,2020-04-01,2020-12-31,-1
2022-05-12,6484,2022-03-31,,27960000000,0.099,,,,,2439000000,-0.196,2440000000,-0.217,,1689000000,,209.60,,0.075,0.078,0.087,,32326000000,23274000000,0.720,2933.00,23274000000,1225000000,-1156000000,-736000000,6101000000,,0.239,,,,,,true,false,12,2021-04-01,2022-03-31,0
2022-05-12,6484,2021-03-31,,25441000000,0.037,,,,,3034000000,0.294,3117000000,0.235,,2196000000,,271.82,,0.106,0.108,0.119,,30484000000,21969000000,0.721,2717.94,21969000000,2822000000,-424000000,-443000000,6701000000,,0.173,,,,,,true,false,12,2020-04-01,2021-03-31,-1
2022-05-12,6484,2023-03-31,,14500000000,0.089,,,,,1100000000,-0.305,1240000000,-0.209,,820000000,,103.33,,,,,,,,,,,,,,,,,,,,,,true,true,6,2022-04-01,2022-09-30,1
2022-05-12,6484,2023-03-31,,30000000000,0.073,,,,,2520000000,0.033,2740000000,0.123,,1960000000,,247.00,,,,,,,,,,,,,,,,0.202,,,,,,true,true,12,2022-04-01,2023-03-31,1
2022-05-12,6484,2022-03-31,,27675000000,0.079,,,,,2341000000,-0.134,2440000000,-0.219,1660000000,,-0.263,205.98,,,,,,31265000000,22361000000,0.715,2817.90,22361000000,,,,,50.00,,,,8347078,411714,8060368,false,false,12,2021-04-01,2022-03-31,0
2022-05-12,6484,2021-03-31,,25655000000,0.036,,,,,2704000000,0.403,3124000000,0.365,2252000000,,0.392,278.75,,,,,,29974000000,21375000000,0.713,2644.46,21375000000,,,,,47.00,,,,8347078,263970,8081972,false,false,12,2020-04-01,2021-03-31,-1
2022-05-12,6484,2023-03-31,,,,,,,,,,,,,,,,,,,,,,,,,,,,,,50.00,,,,,,,false,true,12,2022-04-01,2023-03-31,1
2022-07-28,6484,2023-03-31,1,7070000000,0.029,,,,,369000000,-0.627,385000000,-0.620,,258000000,,32.60,,,,,,32344000000,23443000000,0.725,,23443000000,,,,,,,,,,,,true,false,3,2022-04-01,2022-06-30,0
2022-07-28,6484,2022-03-31,1,6871000000,0.151,,,,,992000000,0.246,1014000000,0.214,,706000000,,87.45,,,,,,,,,,,,,,,,,,,,,,true,false,3,2021-04-01,2021-06-30,-1
2022-07-28,6484,2023-03-31,1,14500000000,0.089,,,,,1100000000,-0.305,1240000000,-0.209,,820000000,,103.33,,,,,,,,,,,,,,,,,,,,,,true,true,6,2022-04-01,2022-09-30,0
2022-07-28,6484,2023-03-31,1,30000000000,0.073,,,,,2520000000,0.033,2740000000,0.123,,1960000000,,247.00,,,,,,,,,,,,,,,,,,,,,,true,true,12,2022-04-01,2023-03-31,0
2022-07-28,6484,2022-03-31,1,,,,,,,,,,,,,,,,,,,,32326000000,23274000000,0.720,,23274000000,,,,,,,,,,,,true,false,12,2021-04-01,2022-03-31,-1
2022-07-28,6484,2022-03-31,1,,,,,,,,,,,,,,,,,,,,,,,,,,,,,50.00,,,,8347078,411714,,false,false,12,2021-04-01,2022-03-31,-1
2022-07-28,6484,2023-03-31,1,,,,,,,,,,,,,,,,,,,,,,,,,,,,,50.00,,,,,,,false,true,12,2022-04-01,2023-03-31,0
2022-07-28,6484,2023-03-31,1,,,,,,,,,,,,,,,,,,,,,,,,,,,,,,,,,8347078,411744,7935354,false,false,3,2022-04-01,2022-06-30,0
2022-07-28,6484,2022-03-31,1,,,,,,,,,,,,,,,,,,,,,,,,,,,,,,,,,,,8083132,false,false,3,2021-04-01,2021-06-30,-1
2022-10-28,6484,2023-03-31,2,14389000000,0.081,,,,,793000000,-0.499,843000000,-0.462,,567000000,,71.44,,,,,,33674000000,23769000000,0.706,,23769000000,,,,,,,,,,,,true,false,6,2022-04-01,2022-09-30,0
2022-10-28,6484,2022-03-31,2,13315000000,0.126,,,,,1582000000,-0.028,1566000000,-0.068,,1068000000,,132.12,,,,,,,,,,,,,,,,,,,,,,true,false,6,2021-04-01,2021-09-30,-1
2022-10-28,6484,2023-03-31,2,30000000000,0.073,,,,,2520000000,0.033,2740000000,0.123,,1960000000,,247.00,,,,,,,,,,,,,,,,,,,,,,true,true,12,2022-04-01,2023-03-31,0
2022-10-28,6484,2022-03-31,2,,,,,,,,,,,,,,,,,,,,32326000000,23274000000,0.720,,23274000000,,,,,,,,,,,,true,false,12,2021-04-01,2022-03-31,-1
2022-10-28,6484,2022-03-31,2,,,,,,,,,,,,,,,,,,,,,,,,,,,,,50.00,,,,8347078,411714,,false,false,12,2021-04-01,2022-03-31,-1
2022-10-28,6484,2023-03-31,2,,,,,,,,,,,,,,,,,,,,,,,,,,,,,25.00,,,,,,,false,false,12,2022-04-01,2023-03-31,0
2022-10-28,6484,2023-03-31,2,,,,,,,,,,,,,,,,,,,,,,,,,,,,,50.00,,,,,,,false,true,12,2022-04-01,2023-03-31,0
2022-10-28,6484,2023-03-31,2,,,,,,,,,,,,,,,,,,,,,,,,,,,,,,,,,8347078,404994,7937373,false,false,6,2022-04-01,2022-09-30,0
2022-10-28,6484,2022-03-31,2,,,,,,,,,,,,,,,,,,,,,,,,,,,,,,,,,,,8083840,false,false,6,2021-04-01,2021-09-30,-1
2023-01-27,6484,2023-03-31,3,21862000000,0.054,,,,,1412000000,-0.287,1551000000,-0.214,,1033000000,,130.23,,,,,,34928000000,23910000000,0.685,,23910000000,,,,,,,,,,,,true,false,9,2022-04-01,2022-12-31,0
2023-01-27,6484,2022-03-31,3,20745000000,0.115,,,,,1980000000,-0.151,1975000000,-0.174,,1347000000,,166.63,,,,,,,,,,,,,,,,,,,,,,true,false,9,2021-04-01,2021-12-31,-1
2023-01-27,6484,2023-03-31,3,30000000000,0.073,,,,,2520000000,0.033,2740000000,0.123,,1960000000,,247.00,,,,,,,,,,,,,,,,,,,,,,true,true,12,2022-04-01,2023-03-31,0
2023-01-27,6484,2022-03-31,3,,,,,,,,,,,,,,,,,,,,32326000000,23274000000,0.720,,23274000000,,,,,,,,,,,,true,false,12,2021-04-01,2022-03-31,-1
2023-01-27,6484,2022-03-31,3,,,,,,,,,,,,,,,,,,,,,,,,,,,,,50.00,,,,8347078,411714,,false,false,12,2021-04-01,2022-03-31,-1
2023-01-27,6484,2023-03-31,3,,,,,,,,,,,,,,,,,,,,,,,,,,,,,25.00,,,,,,,false,false,12,2022-04-01,2023-03-31,0
2023-01-27,6484,2023-03-31,3,,,,,,,,,,,,,,,,,,,,,,,,,,,,,50.00,,,,,,,false,true,12,2022-04-01,2023-03-31,0
2023-01-27,6484,2023-03-31,3,,,,,,,,,,,,,,,,,,,,,,,,,,,,,,,,,8347078,404994,7938949,false,false,9,2022-04-01,2022-12-31,0
2023-01-27,6484,2022-03-31,3,,,,,,,,,,,,,,,,,,,,,,,,,,,,,,,,,,,8084365,false,false,9,2021-04-01,2021-12-31,-1
2023-05-11,6484,2023-03-31,,29742000000,0.064,,,,,2450000000,0.004,2615000000,0.072,,1773000000,,223.37,,0.074,0.076,0.082,,36160000000,24669000000,0.682,3106.13,24669000000,2308000000,-2319000000,-425000000,5658000000,,0.224,,,,,,true,false,12,2022-04-01,2023-03-31,0
2023-05-11,6484,2022-03-31,,27960000000,0.099,,,,,2439000000,-0.196,2440000000,-0.217,,1689000000,,209.60,,0.075,0.078,0.087,,32326000000,23274000000,0.720,2933.00,23274000000,1225000000,-1156000000,-736000000,6101000000,,0.239,,,,,,true,false,12,2021-04-01,2022-03-31,-1
2023-05-11,6484,2024-03-31,,15300000000,0.063,,,,,1200000000,0.513,1250000000,0.482,,850000000,,107.02,,,,,,,,,,,,,,,,,,,,,,true,true,6,2023-04-01,2023-09-30,1
2023-05-11,6484,2024-03-31,,31000000000,0.042,,,,,2500000000,0.020,2600000000,-0.006,,1800000000,,226.64,,,,,,,,,,,,,,,,0.243,,,,,,true,true,12,2023-04-01,2024-03-31,1
2023-05-11,6484,2023-03-31,,29381000000,0.062,,,,,1894000000,-0.191,2410000000,-0.012,1710000000,,0.030,215.48,,,,,,35133000000,23715000000,0.675,2986.00,23715000000,,,,,50.00,,,,8347078,404994,7939722,false,false,12,2022-04-01,2023-03-31,0
2023-05-11,6484,2022-03-31,,27675000000,0.079,,,,,2341000000,-0.134,2440000000,-0.219,1660000000,,-0.263,205.98,,,,,,31265000000,22361000000,0.715,2817.90,22361000000,,,,,50.00,,,,8347078,411714,8060368,false,false,12,2021-04-01,2022-03-31,-1
2023-05-11,6484,2024-03-31,,,,,,,,,,,,,,,,,,,,,,,,,,,,,,55.00,,,,,,,false,true,12,2023-04-01,2024-03-31,1
2023-07-28,6484,2024-03-31,1,7619000000,0.078,,,,,667000000,0.806,674000000,0.749,,405000000,,51.02,,,,,,35413000000,25116000000,0.709,,25116000000,,,,,,,,,,,,true,false,3,2023-04-01,2023-06-30,0
2023-07-28,6484,2023-03-31,1,7070000000,0.029,,,,,369000000,-0.627,385000000,-0.620,,258000000,,32.60,,,,,,,,,,,,,,,,,,,,,,true,false,3,2022-04-01,2022-06-30,-1
2023-07-28,6484,2024-03-31,1,15300000000,0.063,,,,,1200000000,0.513,1250000000,0.482,,850000000,,107.02,,,,,,,,,,,,,,,,,,,,,,true,true,6,2023-04-01,2023-09-30,0
2023-07-28,6484,2024-03-31,1,31000000000,0.042,,,,,2500000000,0.020,2600000000,-0.006,,1800000000,,226.64,,,,,,,,,,,,,,,,,,,,,,true,true,12,2023-04-01,2024-03-31,0
2023-07-28,6484,2023-03-31,1,,,,,,,,,,,,,,,,,,,,36160000000,24669000000,0.682,,24669000000,,,,,,,,,,,,true,false,12,2022-04-01,2023-03-31,-1
2023-07-28,6484,2023-03-31,1,,,,,,,,,,,,,,,,,,,,,,,,,,,,,50.00,,,,8347078,404994,,false,false,12,2022-04-01,2023-03-31,-1
2023-07-28,6484,2024-03-31,1,,,,,,,,,,,,,,,,,,,,,,,,,,,,,55.00,,,,,,,false,true,12,2023-04-01,2024-03-31,0
2023-07-28,6484,2024-03-31,1,,,,,,,,,,,,,,,,,,,,,,,,,,,,,,,,,8347078,404994,7942084,false,false,3,2023-04-01,2023-06-30,0
2023-07-28,6484,2023-03-31,1,,,,,,,,,,,,,,,,,,,,,,,,,,,,,,,,,,,7935354,false,false,3,2022-04-01,2022-06-30,-1
2023-10-27,6484,2024-03-31,2,14643000000,0.018,,,,,1102000000,0.390,1125000000,0.334,,708000000,,89.11,,,,,,34727000000,25566000000,0.736,,25566000000,,,,,,,,,,,,true,false,6,2023-04-01,2023-09-30,0
2023-10-27,6484,2023-03-31,2,14389000000,0.081,,,,,793000000,-0.499,843000000,-0.462,,567000000,,71.44,,,,,,,,,,,,,,,,,,,,,,true,false,6,2022-04-01,2022-09-30,-1
2023-10-27,6484,2024-03-31,2,31000000000,0.042,,,,,2500000000,0.020,2600000000,-0.006,,1800000000,,226.64,,,,,,,,,,,,,,,,,,,,,,true,true,12,2023-04-01,2024-03-31,0
2023-10-27,6484,2023-03-31,2,,,,,,,,,,,,,,,,,,,,36160000000,24669000000,0.682,,24669000000,,,,,,,,,,,,true,false,12,2022-04-01,2023-03-31,-1
2023-10-27,6484,2023-03-31,2,,,,,,,,,,,,,,,,,,,,,,,,,,,,,50.00,,,,8347078,404994,,false,false,12,2022-04-01,2023-03-31,-1
2023-10-27,6484,2024-03-31,2,,,,,,,,,,,,,,,,,,,,,,,,,,,,,25.00,,,,,,,false,false,12,2023-04-01,2024-03-31,0
2023-10-27,6484,2024-03-31,2,,,,,,,,,,,,,,,,,,,,,,,,,,,,,55.00,,,,,,,false,true,12,2023-04-01,2024-03-31,0
2023-10-27,6484,2024-03-31,2,,,,,,,,,,,,,,,,,,,,,,,,,,,,,,,,,8347078,375194,7950821,false,false,6,2023-04-01,2023-09-30,0
2023-10-27,6484,2023-03-31,2,,,,,,,,,,,,,,,,,,,,,,,,,,,,,,,,,,,7937373,false,false,6,2022-04-01,2022-09-30,-1
2024-01-29,6484,2024-03-31,3,22368000000,0.023,,,,,1770000000,0.253,1888000000,0.217,,1199000000,,150.72,,,,,,33919000000,25856000000,0.762,,25856000000,,,,,,,,,,,,true,false,9,2023-04-01,2023-12-31,0
2024-01-29,6484,2023-03-31,3,21862000000,0.054,,,,,1412000000,-0.287,1551000000,-0.214,,1033000000,,130.23,,,,,,,,,,,,,,,,,,,,,,true,false,9,2022-04-01,2022-12-31,-1
2024-01-29,6484,2024-03-31,3,31000000000,0.042,,,,,2500000000,0.020,2600000000,-0.006,,1800000000,,226.64,,,,,,,,,,,,,,,,,,,,,,true,true,12,2023-04-01,2024-03-31,0
2024-01-29,6484,2023-03-31,3,,,,,,,,,,,,,,,,,,,,36160000000,24669000000,0.682,,24669000000,,,,,,,,,,,,true,false,12,2022-04-01,2023-03-31,-1
2024-01-29,6484,2023-03-31,3,,,,,,,,,,,,,,,,,,,,,,,,,,,,,50.00,,,,8347078,404994,,false,false,12,2022-04-01,2023-03-31,-1
2024-01-29,6484,2024-03-31,3,,,,,,,,,,,,,,,,,,,,,,,,,,,,,25.00,,,,,,,false,false,12,2023-04-01,2024-03-31,0
2024-01-29,6484,2024-03-31,3,,,,,,,,,,,,,,,,,,,,,,,,,,,,,55.00,,,,,,,false,true,12,2023-04-01,2024-03-31,0
2024-01-29,6484,2024-03-31,3,,,,,,,,,,,,,,,,,,,,,,,,,,,,,,,,,8347078,375194,7957867,false,false,9,2023-04-01,2023-12-31,0
2024-01-29,6484,2023-03-31,3,,,,,,,,,,,,,,,,,,,,,,,,,,,,,,,,,,,7938949,false,false,9,2022-04-01,2022-12-31,-1
2024-05-13,6484,2024-03-31,,29799000000,0.002,,,,,2530000000,0.033,2866000000,0.096,,1980000000,,248.76,,0.077,0.082,0.085,,34293000000,26840000000,0.783,3366.85,26840000000,615000000,-3161000000,-434000000,2764000000,,0.241,,,,,,true,false,12,2023-04-01,2024-03-31,0
2024-05-13,6484,2023-03-31,,29742000000,0.064,,,,,2450000000,0.004,2615000000,0.072,,1773000000,,223.37,,0.074,0.076,0.082,,36160000000,24669000000,0.682,3106.13,24669000000,2308000000,-2319000000,-425000000,5658000000,,0.224,,,,,,true,false,12,2022-04-01,2023-03-31,-1
2024-05-13,6484,2025-03-31,,15000000000,0.024,,,,,1250000000,0.133,1300000000,0.155,,900000000,,112.90,,,,,,,,,,,,,,,,,,,,,,true,true,6,2024-04-01,2024-09-30,1
2024-05-13,6484,2025-03-31,,30500000000,0.024,,,,,2600000000,0.028,2800000000,-0.023,,1900000000,,238.34,,,,,,,,,,,,,,,,0.294,,,,,,true,true,12,2024-04-01,2025-03-31,1
2024-05-13,6484,2024-03-31,,29544000000,0.006,,,,,2091000000,0.104,2863000000,0.188,2054000000,,0.201,258.10,,,,,,33081000000,25722000000,0.778,3226.68,25722000000,,,,,60.00,,,,8322178,350294,7961353,false,false,12,2023-04-01,2024-03-31,0
2024-05-13,6484,2023-03-31,,29381000000,0.062,,,,,1894000000,-0.191,2410000000,-0.012,1710000000,,0.030,215.48,,,,,,35133000000,23715000000,0.675,2986.00,23715000000,,,,,50.00,,,,8347078,404994,7939722,false,false,12,2022-04-01,2023-03-31,-1
2024-05-13,6484,2025-03-31,,,,,,,,,,,,,,,,,,,,,,,,,,,,,,70.00,,,,,,,false,true,12,2024-04-01,2025-03-31,1
2024-05-13,6484,2024-03-31,,29799000000,0.002,,,,,2530000000,0.033,2866000000,0.096,,1980000000,,248.76,,0.077,0.081,0.085,,34464000000,27010000000,0.784,3388.20,27010000000,615000000,-3161000000,-434000000,2764000000,,0.241,,,,,,true,false,12,2023-04-01,2024-03-31,0
2024-05-13,6484,2023-03-31,,29742000000,0.064,,,,,2450000000,0.004,2615000000,0.072,,1773000000,,223.37,,0.074,0.076,0.082,,36160000000,24669000000,0.682,3106.13,24669000000,2308000000,-2319000000,-425000000,5658000000,,0.224,,,,,,true,false,12,2022-04-01,2023-03-31,-1
2024-05-13,6484,2025-03-31,,15000000000,0.024,,,,,1250000000,0.133,1300000000,0.155,,900000000,,112.90,,,,,,,,,,,,,,,,,,,,,,true,true,6,2024-04-01,2024-09-30,1
2024-05-13,6484,2025-03-31,,30500000000,0.024,,,,,2600000000,0.028,2800000000,-0.023,,1900000000,,238.34,,,,,,,,,,,,,,,,0.294,,,,,,true,true,12,2024-04-01,2025-03-31,1
2024-05-13,6484,2024-03-31,,29544000000,0.006,,,,,2091000000,0.104,2863000000,0.188,2054000000,,0.201,258.10,,,,,,33081000000,25722000000,0.778,3226.68,25722000000,,,,,60.00,,,,8322178,350294,7961353,false,false,12,2023-04-01,2024-03-31,0
2024-05-13,6484,2023-03-31,,29381000000,0.062,,,,,1894000000,-0.191,2410000000,-0.012,1710000000,,0.030,215.48,,,,,,35133000000,23715000000,0.675,2986.00,23715000000,,,,,50.00,,,,8347078,404994,7939722,false,false,12,2022-04-01,2023-03-31,-1
2024-05-13,6484,2025-03-31,,,,,,,,,,,,,,,,,,,,,,,,,,,,,,70.00,,,,,,,false,true,12,2024-04-01,2025-03-31,1
2024-08-14,6484,2025-03-31,1,7232000000,-0.051,,,,,590000000,-0.117,602000000,-0.105,,408000000,,51.27,,,,,,34193000000,27261000000,0.797,,27261000000,,,,,,,,,,,,true,false,3,2024-04-01,2024-06-30,0
2024-08-14,6484,2024-03-31,1,7619000000,0.078,,,,,667000000,0.806,674000000,0.749,,405000000,,51.02,,,,,,,,,,,,,,,,,,,,,,true,false,3,2023-04-01,2023-06-30,-1
2024-08-14,6484,2025-03-31,1,15000000000,0.024,,,,,1250000000,0.133,1300000000,0.155,,900000000,,112.90,,,,,,,,,,,,,,,,,,,,,,true,true,6,2024-04-01,2024-09-30,0
2024-08-14,6484,2025-03-31,1,30500000000,0.024,,,,,2600000000,0.028,2800000000,-0.023,,1900000000,,238.34,,,,,,,,,,,,,,,,,,,,,,true,true,12,2024-04-01,2025-03-31,0
2024-08-14,6484,2024-03-31,1,,,,,,,,,,,,,,,,,,,,34464000000,27010000000,0.784,,27010000000,,,,,,,,,,,,true,false,12,2023-04-01,2024-03-31,-1
2024-08-14,6484,2024-03-31,1,,,,,,,,,,,,,,,,,,,,,,,,,,,,,60.00,,,,8322178,350294,,false,false,12,2023-04-01,2024-03-31,-1
2024-08-14,6484,2025-03-31,1,,,,,,,,,,,,,,,,,,,,,,,,,,,,,70.00,,,,,,,false,true,12,2024-04-01,2025-03-31,0
2024-08-14,6484,2025-03-31,1,,,,,,,,,,,,,,,,,,,,,,,,,,,,,,,,,8322178,350294,7971884,false,false,3,2024-04-01,2024-06-30,0
2024-08-14,6484,2024-03-31,1,,,,,,,,,,,,,,,,,,,,,,,,,,,,,,,,,,,7942084,false,false,3,2023-04-01,2023-06-30,-1
2024-10-28,6484,2025-03-31,2,14224000000,-0.029,,,,,1183000000,0.073,1405000000,0.248,,944000000,,118.30,,,,,,34451000000,27462000000,0.797,,27462000000,,,,,,,,,,,,true,false,6,2024-04-01,2024-09-30,0
2024-10-28,6484,2024-03-31,2,14643000000,0.018,,,,,1102000000,0.390,1125000000,0.334,,708000000,,89.11,,,,,,,,,,,,,,,,,,,,,,true,false,6,2023-04-01,2023-09-30,-1
2024-10-28,6484,2025-03-31,2,30500000000,0.024,,,,,2600000000,0.028,2800000000,-0.023,,1900000000,,238.34,,,,,,,,,,,,,,,,,,,,,,true,true,12,2024-04-01,2025-03-31,0
2024-10-28,6484,2024-03-31,2,,,,,,,,,,,,,,,,,,,,34464000000,27010000000,0.784,,27010000000,,,,,,,,,,,,true,false,12,2023-04-01,2024-03-31,-1
2024-10-28,6484,2024-03-31,2,,,,,,,,,,,,,,,,,,,,,,,,,,,,,60.00,,,,8322178,350294,,false,false,12,2023-04-01,2024-03-31,-1
2024-10-28,6484,2025-03-31,2,,,,,,,,,,,,,,,,,,,,,,,,,,,,,35.00,,,,,,,false,false,12,2024-04-01,2025-03-31,0
2024-10-28,6484,2025-03-31,2,,,,,,,,,,,,,,,,,,,,,,,,,,,,,70.00,,,,,,,false,true,12,2024-04-01,2025-03-31,0
2024-10-28,6484,2025-03-31,2,,,,,,,,,,,,,,,,,,,,,,,,,,,,,,,,,8322178,314794,7981343,false,false,6,2024-04-01,2024-09-30,0
2024-10-28,6484,2024-03-31,2,,,,,,,,,,,,,,,,,,,,,,,,,,,,,,,,,,,7950821,false,false,6,2023-04-01,2023-09-30,-1
2025-02-14,6484,2025-03-31,3,21979000000,-0.017,,,,,1835000000,0.037,2112000000,0.118,,1444000000,,180.83,,,,,,35037000000,27844000000,0.795,,27844000000,,,,,,,,,,,,true,false,9,2024-04-01,2024-12-31,0
2025-02-14,6484,2024-03-31,3,22368000000,0.023,,,,,1770000000,0.253,1888000000,0.217,,1199000000,,150.72,,,,,,,,,,,,,,,,,,,,,,true,false,9,2023-04-01,2023-12-31,-1
2025-02-14,6484,2025-03-31,3,30500000000,0.024,,,,,2600000000,0.028,2800000000,-0.023,,1900000000,,238.34,,,,,,,,,,,,,,,,,,,,,,true,true,12,2024-04-01,2025-03-31,0
2025-02-14,6484,2024-03-31,3,,,,,,,,,,,,,,,,,,,,34464000000,27010000000,0.784,,27010000000,,,,,,,,,,,,true,false,12,2023-04-01,2024-03-31,-1
2025-02-14,6484,2024-03-31,3,,,,,,,,,,,,,,,,,,,,,,,,,,,,,60.00,,,,8322178,350294,,false,false,12,2023-04-01,2024-03-31,-1
2025-02-14,6484,2025-03-31,3,,,,,,,,,,,,,,,,,,,,,,,,,,,,,35.00,,,,,,,false,false,12,2024-04-01,2025-03-31,0
2025-02-14,6484,2025-03-31,3,,,,,,,,,,,,,,,,,,,,,,,,,,,,,70.00,,,,,,,false,true,12,2024-04-01,2025-03-31,0
2025-02-14,6484,2025-03-31,3,,,,,,,,,,,,,,,,,,,,,,,,,,,,,,,,,8322178,314794,7990055,false,false,9,2024-04-01,2024-12-31,0
2025-02-14,6484,2024-03-31,3,,,,,,,,,,,,,,,,,,,,,,,,,,,,,,,,,,,7957867,false,false,9,2023-04-01,2023-12-31,-1
2025-05-12,6484,2025-03-31,,29648000000,-0.005,,,,,2660000000,0.052,3072000000,0.072,,2110000000,,264.03,,0.076,0.087,0.090,,36276000000,28325000000,0.781,3537.44,28325000000,3565000000,-242000000,-606000000,5455000000,,0.284,,,,,,true,false,12,2024-04-01,2025-03-31,0
2025-05-12,6484,2024-03-31,,29799000000,0.002,,,,,2530000000,0.033,2866000000,0.096,,1980000000,,248.76,,0.077,0.081,0.085,,34464000000,27010000000,0.784,3388.20,27010000000,615000000,-3161000000,-434000000,2764000000,,0.241,,,,,,true,false,12,2023-04-01,2024-03-31,-1
2025-05-12,6484,2026-03-31,,15000000000,0.055,,,,,1300000000,0.099,1350000000,-0.039,,900000000,,112.40,,,,,,,,,,,,,,,,,,,,,,true,true,6,2025-04-01,2025-09-30,1
2025-05-12,6484,2026-03-31,,30500000000,0.029,,,,,2700000000,0.015,2800000000,-0.089,,1900000000,,237.28,,,,,,,,,,,,,,,,0.337,,,,,,true,true,12,2025-04-01,2026-03-31,1
2025-05-12,6484,2025-03-31,,29448000000,-0.003,,,,,2250000000,0.076,2877000000,0.005,2014000000,,-0.020,251.99,,,,,,34927000000,27019000000,0.774,3374.30,27019000000,,,,,75.00,,,,8322178,314794,7994328,false,false,12,2024-04-01,2025-03-31,0
2025-05-12,6484,2024-03-31,,29544000000,0.006,,,,,2091000000,0.104,2863000000,0.188,2054000000,,0.201,258.10,,,,,,33081000000,25722000000,0.778,3226.68,25722000000,,,,,60.00,,,,8322178,350294,7961353,false,false,12,2023-04-01,2024-03-31,-1
2025-05-12,6484,2026-03-31,,,,,,,,,,,,,,,,,,,,,,,,,,,,,,80.00,,,,,,,false,true,12,2025-04-01,2026-03-31,1
