filing_date,code,fiscal_year_end,quarterly_period,net_sales,net_sales_change,revenue,revenue_change,operating_revenue,operating_revenue_change,operating_profit,operating_profit_change,ordinary_profit,ordinary_profit_change,net_income,net_income_of_parent,net_income_change,eps,diluted_eps,roe,roa,operating_profit_to_net_sales,operating_profit_to_revenue,total_assets,net_assets,equity_ratio,bps,owner_equity,operating_cash_flow,investing_cash_flow,financing_cash_flow,cash,dividend_per_share,payout_ratio,commemorative_dividend,extra_dividend,number_of_shares,number_of_treqsury_shares,avg_number_of_shares,is_consolidated,is_forecast,duration,period_start,period_end,period_pos
2015-05-13,64880,2015-03-31,,6374000000,0.036,,,,,102000000,1.040,578000000,0.376,281000000,,-0.174,44.16,,,,,,,,,,,,,,,,,,,,,,true,true,12,2014-04-01,2015-03-31,0
2015-05-13,64880,2014-03-31,,6035000000,,,,,,107000000,,407000000,,228000000,,,35.69,,,,,,,,,,,,,,,,,,,,,,true,false,12,2013-04-01,2014-03-31,-1
2015-05-13,64880,2015-03-31,,5241000000,0.018,,,,,,,302000000,0.438,234000000,,0.170,36.70,,,,,,,,,,,,,,,,,,,,,,false,true,12,2014-04-01,2015-03-31,0
2015-05-13,64880,2014-03-31,,5203000000,,,,,,,,498000000,,364000000,,,56.96,,,,,,,,,,,,,,,,,,,,,,false,false,12,2013-04-01,2014-03-31,-1
2015-05-20,64880,2015-03-31,,6374000000,0.056,,,,,102000000,-0.051,578000000,0.419,281000000,,0.234,44.16,,0.030,0.051,0.016,,11794000000,9577000000,0.812,1500.68,9577000000,704000000,-101000000,-322000000,1134000000,,0.476,,,,,,true,false,12,2014-04-01,2015-03-31,0
2015-05-20,64880,2014-03-31,,6035000000,0.021,,,,,107000000,,407000000,-0.332,228000000,,-0.563,35.69,,0.026,0.037,0.018,,10995000000,8915000000,0.811,1396.81,8915000000,95000000,-607000000,-200000000,704000000,,0.560,,,,,,true,false,12,2013-04-01,2014-03-31,-1
2015-05-20,64880,2016-03-31,,3170000000,0.071,,,,,180000000,,300000000,0.806,,200000000,,31.34,,,,,,,,,,,,,,,,,,,,,,true,true,6,2015-04-01,2015-09-30,1
2015-05-20,64880,2016-03-31,,6750000000,0.059,,,,,480000000,3.725,750000000,0.296,,510000000,,79.91,,,,,,,,,,,,,,,,0.300,,,,,,true,true,12,2015-04-01,2016-03-31,1
2015-05-20,64880,2015-03-31,,5241000000,0.007,,,,,-130000000,,302000000,-0.395,234000000,,-0.358,36.70,,,,,,10427000000,8563000000,0.821,1341.77,8563000000,,,,,21.00,,,,6967473,585063,6382468,false,false,12,2014-04-01,2015-03-31,0
2015-05-20,64880,2014-03-31,,5203000000,0.048,,,,,123000000,,498000000,0.399,364000000,,0.286,56.96,,,,,,10165000000,8464000000,0.833,1326.21,8464000000,,,,,20.00,,,,6967473,585003,6402312,false,false,12,2013-04-01,2014-03-31,-1
2015-05-20,64880,2016-03-31,,2550000000,0.046,,,,,,,180000000,1.134,130000000,,0.333,20.37,,,,,,,,,,,,,,,,,,,,,,false,true,6,2015-04-01,2015-09-30,1
2015-05-20,64880,2016-03-31,,5500000000,0.049,,,,,,,420000000,0.388,300000000,,0.281,47.00,,,,,,,,,,,,,,,24.00,,,,,,,false,true,12,2015-04-01,2016-03-31,1
2015-07-31,64880,2016-03-31,1,1440000000,-0.010,,,,,69000000,4.912,165000000,2.795,,100000000,,15.76,,,,,,11655000000,9536000000,0.812,1482.99,9536000000,,,,,,,,,,,,true,false,3,2015-04-01,2015-06-30,0
2015-07-31,64880,2015-03-31,1,1455000000,-0.036,,,,,11000000,0.701,43000000,-0.482,,20000000,,3.19,,,,,,,,,,,,,,,,,,,,,,true,false,3,2014-04-01,2014-06-30,-1
2015-07-31,64880,2016-03-31,1,3170000000,0.071,,,,,180000000,,300000000,0.806,,200000000,,31.34,,,,,,,,,,,,,,,,,,,,,,true,true,6,2015-04-01,2015-09-30,0
2015-07-31,64880,2016-03-31,1,6750000000,0.059,,,,,480000000,3.725,750000000,0.296,,510000000,,79.91,,,,,,,,,,,,,,,,,,,,,,true,true,12,2015-04-01,2016-03-31,0
2015-07-31,64880,2015-03-31,1,,,,,,,,,,,,,,,,,,,,11794000000,9577000000,0.806,1489.49,9577000000,,,,,,,,,,,,true,false,12,2014-04-01,2015-03-31,-1
2015-07-31,64880,2015-03-31,1,,,,,,,,,,,,,,,,,,,,,,,,,,,,,21.00,,,,6967473,585063,,false,false,12,2014-04-01,2015-03-31,-1
2015-07-31,64880,2016-03-31,1,,,,,,,,,,,,,,,,,,,,,,,,,,,,,24.00,,,,,,,false,true,12,2015-04-01,2016-03-31,0
2015-07-31,64880,2016-03-31,1,,,,,,,,,,,,,,,,,,,,,,,,,,,,,,,,,6967473,585133,6382350,false,false,3,2015-04-01,2015-06-30,0
2015-07-31,64880,2015-03-31,1,,,,,,,,,,,,,,,,,,,,,,,,,,,,,,,,,,,6382470,false,false,3,2014-04-01,2014-06-30,-1
2015-10-30,64880,2016-03-31,2,2999000000,0.014,,,,,216000000,,311000000,0.878,,226000000,,35.55,,,,,,11620000000,9452000000,0.808,1471.19,9389000000,,,,,,,,,,,,true,false,6,2015-04-01,2015-09-30,0
2015-10-30,64880,2015-03-31,2,2958000000,0.009,,,,,-54000000,,166000000,0.367,,147000000,,23.08,,,,,,,,,,,,,,,,,,,,,,true,false,6,2014-04-01,2014-09-30,-1
2015-10-30,64880,2016-03-31,2,6750000000,0.059,,,,,480000000,3.725,750000000,0.296,,510000000,,79.91,,,,,,,,,,,,,,,,,,,,,,true,true,12,2015-04-01,2016-03-31,0
2015-10-30,64880,2015-03-31,2,,,,,,,,,,,,,,,,,,,,11794000000,9577000000,0.806,1489.49,9506000000,,,,,,,,,,,,true,false,12,2014-04-01,2015-03-31,-1
2015-10-30,64880,2015-03-31,2,,,,,,,,,,,,,,,,,,,,,,,,,,,,,21.00,,,,6967473,585063,,false,false,12,2014-04-01,2015-03-31,-1
2015-10-30,64880,2016-03-31,2,,,,,,,,,,,,,,,,,,,,,,,,,,,,,0.00,,,,,,,false,false,12,2015-04-01,2016-03-31,0
2015-10-30,64880,2016-03-31,2,,,,,,,,,,,,,,,,,,,,,,,,,,,,,24.00,,,,,,,false,true,12,2015-04-01,2016-03-31,0
2015-10-30,64880,2016-03-31,2,,,,,,,,,,,,,,,,,,,,,,,,,,,,,,,,,6967473,585133,6382345,false,false,6,2015-04-01,2015-09-30,0
2015-10-30,64880,2015-03-31,2,,,,,,,,,,,,,,,,,,,,,,,,,,,,,,,,,,,6382470,false,false,6,2014-04-01,2014-09-30,-1
2016-01-29,64880,2016-03-31,3,4667000000,0.016,,,,,339000000,7.423,525000000,0.142,,371000000,,58.28,,,,,,11698000000,9645000000,0.819,1501.41,9582000000,,,,,,,,,,,,true,false,9,2015-04-01,2015-12-31,0
2016-01-29,64880,2015-03-31,3,4591000000,0.025,,,,,40000000,-0.321,459000000,0.483,,375000000,,58.85,,,,,,,,,,,,,,,,,,,,,,true,false,9,2014-04-01,2014-12-31,-1
2016-01-29,64880,2016-03-31,3,6750000000,0.059,,,,,480000000,3.725,750000000,0.296,,510000000,,79.91,,,,,,,,,,,,,,,,,,,,,,true,true,12,2015-04-01,2016-03-31,0
2016-01-29,64880,2015-03-31,3,,,,,,,,,,,,,,,,,,,,11794000000,9577000000,0.806,1489.49,9506000000,,,,,,,,,,,,true,false,12,2014-04-01,2015-03-31,-1
2016-01-29,64880,2015-03-31,3,,,,,,,,,,,,,,,,,,,,,,,,,,,,,21.00,,,,6967473,585063,,false,false,12,2014-04-01,2015-03-31,-1
2016-01-29,64880,2016-03-31,3,,,,,,,,,,,,,,,,,,,,,,,,,,,,,0.00,,,,,,,false,false,12,2015-04-01,2016-03-31,0
2016-01-29,64880,2016-03-31,3,,,,,,,,,,,,,,,,,,,,,,,,,,,,,24.00,,,,,,,false,true,12,2015-04-01,2016-03-31,0
2016-01-29,64880,2016-03-31,3,,,,,,,,,,,,,,,,,,,,,,,,,,,,,,,,,6967473,585133,6382343,false,false,9,2015-04-01,2015-12-31,0
2016-01-29,64880,2015-03-31,3,,,,,,,,,,,,,,,,,,,,,,,,,,,,,,,,,,,6382470,false,false,9,2014-04-01,2014-12-31,-1
2016-05-20,64880,2016-03-31,,6363000000,-0.002,,,,,484000000,3.727,697000000,0.206,,502000000,,78.81,,0.053,0.059,0.076,,11895000000,9666000000,0.807,1504.59,9602000000,923000000,67000000,-197000000,1835000000,,0.305,,,,,,true,false,12,2015-04-01,2016-03-31,0
2016-05-20,64880,2015-03-31,,6374000000,0.056,,,,,102000000,-0.051,578000000,0.419,,281000000,,44.16,,0.030,0.051,0.016,,11794000000,9577000000,0.806,1489.49,9506000000,704000000,-101000000,-322000000,1134000000,,0.476,,,,,,true,false,12,2014-04-01,2015-03-31,-1
2016-05-20,64880,2017-03-31,,3170000000,0.057,,,,,320000000,0.475,400000000,0.282,,290000000,,45.44,,,,,,,,,,,,,,,,,,,,,,true,true,6,2016-04-01,2016-09-30,1
2016-05-20,64880,2017-03-31,,6430000000,0.010,,,,,570000000,0.177,780000000,0.118,,550000000,,86.18,,,,,,,,,,,,,,,,0.302,,,,,,true,true,12,2016-04-01,2017-03-31,1
2016-05-20,64880,2016-03-31,,5184000000,-0.011,,,,,120000000,,448000000,0.484,354000000,,0.513,55.55,,,,,,10632000000,8776000000,0.825,1375.18,8776000000,,,,,24.00,,,,6967473,585133,6382342,false,false,12,2015-04-01,2016-03-31,0
2016-05-20,64880,2015-03-31,,5241000000,0.007,,,,,-130000000,,302000000,-0.395,234000000,,-0.358,36.70,,,,,,10427000000,8563000000,0.821,1341.77,8563000000,,,,,21.00,,,,6967473,585063,6382468,false,false,12,2014-04-01,2015-03-31,-1
2016-05-20,64880,2017-03-31,,2500000000,0.018,,,,,,,290000000,-0.055,250000000,,-0.053,39.17,,,,,,,,,,,,,,,,,,,,,,false,true,6,2016-04-01,2016-09-30,1
2016-05-20,64880,2017-03-31,,5400000000,0.042,,,,,,,510000000,0.137,390000000,,0.100,61.11,,,,,,,,,,,,,,,26.00,,,,,,,false,true,12,2016-04-01,2017-03-31,1
2016-07-29,64880,2017-03-31,1,1537000000,0.067,,,,,131000000,0.897,49000000,-0.699,,36000000,,5.66,,,,,,11522000000,9320000000,0.803,1450.15,9255000000,,,,,,,,,,,,true,false,3,2016-04-01,2016-06-30,0
2016-07-29,64880,2016-03-31,1,1440000000,-0.010,,,,,69000000,4.912,165000000,2.795,,100000000,,15.76,,,,,,,,,,,,,,,,,,,,,,true,false,3,2015-04-01,2015-06-30,-1
2016-07-29,64880,2017-03-31,1,3170000000,0.057,,,,,320000000,0.475,400000000,0.282,,290000000,,45.44,,,,,,,,,,,,,,,,,,,,,,true,true,6,2016-04-01,2016-09-30,0
2016-07-29,64880,2017-03-31,1,6430000000,0.010,,,,,570000000,0.177,780000000,0.118,,550000000,,86.18,,,,,,,,,,,,,,,,,,,,,,true,true,12,2016-04-01,2017-03-31,0
2016-07-29,64880,2016-03-31,1,,,,,,,,,,,,,,,,,,,,11895000000,9666000000,0.807,1504.59,9602000000,,,,,,,,,,,,true,false,12,2015-04-01,2016-03-31,-1
2016-07-29,64880,2016-03-31,1,,,,,,,,,,,,,,,,,,,,,,,,,,,,,24.00,,,,6967473,585133,,false,false,12,2015-04-01,2016-03-31,-1
2016-07-29,64880,2017-03-31,1,,,,,,,,,,,,,,,,,,,,,,,,,,,,,26.00,,,,,,,false,true,12,2016-04-01,2017-03-31,0
2016-07-29,64880,2017-03-31,1,,,,,,,,,,,,,,,,,,,,,,,,,,,,,,,,,6967473,585133,6382340,false,false,3,2016-04-01,2016-06-30,0
2016-07-29,64880,2016-03-31,1,,,,,,,,,,,,,,,,,,,,,,,,,,,,,,,,,,,6382350,false,false,3,2015-04-01,2015-06-30,-1
2016-10-28,64880,2017-03-31,,3128000000,-0.013,,,,,312000000,-0.025,265000000,-0.338,181000000,,-0.376,28.45,,,,,,,,,,,,,,,,,,,,,,true,true,6,2016-04-01,2016-09-30,0
2016-10-28,64880,2016-03-31,,2999000000,,,,,,216000000,,311000000,,226000000,,,35.55,,,,,,,,,,,,,,,,,,,,,,true,false,6,2015-04-01,2015-09-30,-1
2016-10-28,64880,2017-03-31,,6400000000,-0.005,,,,,550000000,-0.035,610000000,-0.218,420000000,,-0.236,65.81,,,,,,,,,,,,,,,,,,,,,,true,true,12,2016-04-01,2017-03-31,0
2016-10-28,64880,2016-03-31,,6363000000,,,,,,484000000,,697000000,,502000000,,,78.81,,,,,,,,,,,,,,,,,,,,,,true,false,12,2015-04-01,2016-03-31,-1
2016-10-28,64880,2017-03-31,,5350000000,-0.009,,,,,,,420000000,-0.176,320000000,,-0.179,50.14,,,,,,,,,,,,,,,24.00,,,,,,,false,true,12,2016-04-01,2017-03-31,0
2016-10-28,64880,2016-03-31,,5184000000,,,,,,,,448000000,,354000000,,,55.55,,,,,,,,,,,,,,,24.00,,,,,,,false,false,12,2015-04-01,2016-03-31,-1
2016-10-28,64880,2017-03-31,,,,,,,,,,,,,,,,,,,,,,,,,,,,,,0.00,,,,,,,false,false,12,2016-04-01,2017-03-31,0
2016-10-31,64880,2017-03-31,2,3128000000,0.043,,,,,312000000,0.443,265000000,-0.149,,181000000,,28.45,,,,,,11549000000,9445000000,0.812,1469.87,9381000000,,,,,,,,,,,,true,false,6,2016-04-01,2016-09-30,0
2016-10-31,64880,2016-03-31,2,2999000000,0.014,,,,,216000000,,311000000,0.878,,226000000,,35.55,,,,,,,,,,,,,,,,,,,,,,true,false,6,2015-04-01,2015-09-30,-1
2016-10-31,64880,2017-03-31,2,6400000000,0.006,,,,,550000000,0.136,610000000,-0.126,,420000000,,65.81,,,,,,,,,,,,,,,,,,,,,,true,true,12,2016-04-01,2017-03-31,0
2016-10-31,64880,2016-03-31,2,,,,,,,,,,,,,,,,,,,,11895000000,9666000000,0.807,1504.59,9602000000,,,,,,,,,,,,true,false,12,2015-04-01,2016-03-31,-1
2016-10-31,64880,2016-03-31,2,,,,,,,,,,,,,,,,,,,,,,,,,,,,,24.00,,,,6967473,585133,,false,false,12,2015-04-01,2016-03-31,-1
2016-10-31,64880,2017-03-31,2,,,,,,,,,,,,,,,,,,,,,,,,,,,,,0.00,,,,,,,false,false,12,2016-04-01,2017-03-31,0
2016-10-31,64880,2017-03-31,2,,,,,,,,,,,,,,,,,,,,,,,,,,,,,24.00,,,,,,,false,true,12,2016-04-01,2017-03-31,0
2016-10-31,64880,2017-03-31,2,,,,,,,,,,,,,,,,,,,,,,,,,,,,,,,,,6967473,585133,6382340,false,false,6,2016-04-01,2016-09-30,0
2016-10-31,64880,2016-03-31,2,,,,,,,,,,,,,,,,,,,,,,,,,,,,,,,,,,,6382345,false,false,6,2015-04-01,2015-09-30,-1
2017-01-31,64880,2017-03-31,3,4764000000,0.021,,,,,454000000,0.338,602000000,0.147,,423000000,,66.34,,,,,,11857000000,9901000000,0.829,1540.89,9834000000,,,,,,,,,,,,true,false,9,2016-04-01,2016-12-31,0
2017-01-31,64880,2016-03-31,3,4667000000,0.016,,,,,339000000,7.423,525000000,0.142,,371000000,,58.28,,,,,,,,,,,,,,,,,,,,,,true,false,9,2015-04-01,2015-12-31,-1
2017-01-31,64880,2017-03-31,3,6400000000,0.006,,,,,550000000,0.136,610000000,-0.126,,420000000,,65.81,,,,,,,,,,,,,,,,,,,,,,true,true,12,2016-04-01,2017-03-31,0
2017-01-31,64880,2016-03-31,3,,,,,,,,,,,,,,,,,,,,11895000000,9666000000,0.807,1504.59,9602000000,,,,,,,,,,,,true,false,12,2015-04-01,2016-03-31,-1
2017-01-31,64880,2016-03-31,3,,,,,,,,,,,,,,,,,,,,,,,,,,,,,24.00,,,,6967473,585133,,false,false,12,2015-04-01,2016-03-31,-1
2017-01-31,64880,2017-03-31,3,,,,,,,,,,,,,,,,,,,,,,,,,,,,,0.00,,,,,,,false,false,12,2016-04-01,2017-03-31,0
2017-01-31,64880,2017-03-31,3,,,,,,,,,,,,,,,,,,,,,,,,,,,,,24.00,,,,,,,false,true,12,2016-04-01,2017-03-31,0
2017-01-31,64880,2017-03-31,3,,,,,,,,,,,,,,,,,,,,,,,,,,,,,,,,,6967473,585133,6382340,false,false,9,2016-04-01,2016-12-31,0
2017-01-31,64880,2016-03-31,3,,,,,,,,,,,,,,,,,,,,,,,,,,,,,,,,,,,6382343,false,false,9,2015-04-01,2015-12-31,-1
2017-05-15,64880,2017-03-31,,6412000000,0.002,,,,,637000000,0.158,854000000,0.400,621000000,,0.479,97.35,,,,,,,,,,,,,,,,,,,,,,true,true,12,2016-04-01,2017-03-31,0
2017-05-15,64880,2016-03-31,,6363000000,,,,,,484000000,,697000000,,502000000,,,78.81,,,,,,,,,,,,,,,,,,,,,,true,false,12,2015-04-01,2016-03-31,-1
2017-05-15,64880,2017-03-31,,5305000000,-0.008,,,,,,,515000000,0.226,408000000,,0.275,64.00,,,,,,,,,,,,,,,30.00,,,,,,,false,true,12,2016-04-01,2017-03-31,0
2017-05-15,64880,2016-03-31,,5184000000,,,,,,,,448000000,,354000000,,,55.55,,,,,,,,,,,,,,,24.00,,,,,,,false,false,12,2015-04-01,2016-03-31,-1
2017-05-15,64880,2017-03-31,,,,,,,,,,,,,,,,,,,,,,,,,,,,,,0.00,,,,,,,false,false,12,2016-04-01,2017-03-31,0
2017-05-19,64880,2017-03-31,,6412000000,0.008,,,,,637000000,0.316,854000000,0.224,,621000000,,97.35,,0.063,0.071,0.099,,12249000000,10062000000,0.816,1565.67,9992000000,722000000,-732000000,-215000000,1607000000,,0.308,,,,,,true,false,12,2016-04-01,2017-03-31,0
2017-05-19,64880,2016-03-31,,6363000000,-0.002,,,,,484000000,3.727,697000000,0.206,,502000000,,78.81,,0.053,0.059,0.076,,11895000000,9666000000,0.807,1504.59,9602000000,923000000,67000000,-197000000,1835000000,,0.305,,,,,,true,false,12,2015-04-01,2016-03-31,-1
2017-05-19,64880,2018-03-31,,3290000000,0.052,,,,,330000000,0.054,420000000,0.582,,320000000,,50.14,,,,,,,,,,,,,,,,,,,,,,true,true,6,2017-04-01,2017-09-30,1
2017-05-19,64880,2018-03-31,,6730000000,0.050,,,,,700000000,0.099,890000000,0.042,,680000000,,106.54,,,,,,,,,,,,,,,,0.300,,,,,,true,true,12,2017-04-01,2018-03-31,1
2017-05-19,64880,2017-03-31,,5305000000,0.023,,,,,232000000,0.932,515000000,0.151,408000000,,0.152,64.00,,,,,,10880000000,9021000000,0.829,1413.50,9021000000,,,,,30.00,,,,6967473,585133,6382340,false,false,12,2016-04-01,2017-03-31,0
2017-05-19,64880,2016-03-31,,5184000000,-0.011,,,,,120000000,,448000000,0.484,354000000,,0.513,55.55,,,,,,10632000000,8776000000,0.825,1375.18,8776000000,,,,,24.00,,,,6967473,585133,6382342,false,false,12,2015-04-01,2016-03-31,-1
2017-05-19,64880,2018-03-31,,2700000000,0.049,,,,,,,250000000,0.186,210000000,,0.170,32.90,,,,,,,,,,,,,,,,,,,,,,false,true,6,2017-04-01,2017-09-30,1
2017-05-19,64880,2018-03-31,,5570000000,0.050,,,,,,,520000000,0.008,420000000,,0.028,65.81,,,,,,,,,,,,,,,32.00,,,,,,,false,true,12,2017-04-01,2018-03-31,1
2017-07-31,64880,2018-03-31,1,1677000000,0.091,,,,,169000000,0.294,222000000,3.468,,147000000,,23.09,,,,,,12190000000,10040000000,0.818,1562.05,9969000000,,,,,,,,,,,,true,false,3,2017-04-01,2017-06-30,0
2017-07-31,64880,2017-03-31,1,1537000000,0.067,,,,,131000000,0.897,49000000,-0.699,,36000000,,5.66,,,,,,,,,,,,,,,,,,,,,,true,false,3,2016-04-01,2016-06-30,-1
2017-07-31,64880,2018-03-31,1,3290000000,0.052,,,,,330000000,0.054,420000000,0.582,,320000000,,50.14,,,,,,,,,,,,,,,,,,,,,,true,true,6,2017-04-01,2017-09-30,0
2017-07-31,64880,2018-03-31,1,6730000000,0.050,,,,,700000000,0.099,890000000,0.042,,680000000,,106.54,,,,,,,,,,,,,,,,,,,,,,true,true,12,2017-04-01,2018-03-31,0
2017-07-31,64880,2017-03-31,1,,,,,,,,,,,,,,,,,,,,12249000000,10062000000,0.816,1565.67,9992000000,,,,,,,,,,,,true,false,12,2016-04-01,2017-03-31,-1
2017-07-31,64880,2017-03-31,1,,,,,,,,,,,,,,,,,,,,,,,,,,,,,30.00,,,,6967473,585133,,false,false,12,2016-04-01,2017-03-31,-1
2017-07-31,64880,2018-03-31,1,,,,,,,,,,,,,,,,,,,,,,,,,,,,,32.00,,,,,,,false,true,12,2017-04-01,2018-03-31,0
2017-07-31,64880,2018-03-31,1,,,,,,,,,,,,,,,,,,,,,,,,,,,,,,,,,6967473,585133,6382340,false,false,3,2017-04-01,2017-06-30,0
2017-07-31,64880,2017-03-31,1,,,,,,,,,,,,,,,,,,,,,,,,,,,,,,,,,,,6382340,false,false,3,2016-04-01,2016-06-30,-1
2017-10-31,64880,2018-03-31,2,3300000000,0.055,,,,,330000000,0.055,413000000,0.557,,285000000,,44.68,,,,,,12640000000,10367000000,0.815,1614.61,10304000000,,,,,,,,,,,,true,false,6,2017-04-01,2017-09-30,0
2017-10-31,64880,2017-03-31,2,3128000000,0.043,,,,,312000000,0.443,265000000,-0.149,,181000000,,28.45,,,,,,,,,,,,,,,,,,,,,,true,false,6,2016-04-01,2016-09-30,-1
2017-10-31,64880,2018-03-31,2,6730000000,0.050,,,,,700000000,0.099,890000000,0.042,,680000000,,106.54,,,,,,,,,,,,,,,,,,,,,,true,true,12,2017-04-01,2018-03-31,0
2017-10-31,64880,2017-03-31,2,,,,,,,,,,,,,,,,,,,,12249000000,10062000000,0.816,1565.67,9992000000,,,,,,,,,,,,true,false,12,2016-04-01,2017-03-31,-1
2017-10-31,64880,2017-03-31,2,,,,,,,,,,,,,,,,,,,,,,,,,,,,,30.00,,,,6967473,585133,,false,false,12,2016-04-01,2017-03-31,-1
2017-10-31,64880,2018-03-31,2,,,,,,,,,,,,,,,,,,,,,,,,,,,,,0.00,,,,,,,false,false,12,2017-04-01,2018-03-31,0
2017-10-31,64880,2018-03-31,2,,,,,,,,,,,,,,,,,,,,,,,,,,,,,32.00,,,,,,,false,true,12,2017-04-01,2018-03-31,0
2017-10-31,64880,2018-03-31,2,,,,,,,,,,,,,,,,,,,,,,,,,,,,,,,,,6967473,585133,6382340,false,false,6,2017-04-01,2017-09-30,0
2017-10-31,64880,2017-03-31,2,,,,,,,,,,,,,,,,,,,,,,,,,,,,,,,,,,,6382340,false,false,6,2016-04-01,2016-09-30,-1
2018-01-31,64880,2018-03-31,3,5071000000,0.064,,,,,542000000,0.195,674000000,0.120,,470000000,,73.79,,,,,,12779000000,10602000000,0.824,1650.72,10535000000,,,,,,,,,,,,true,false,9,2017-04-01,2017-12-31,0
2018-01-31,64880,2017-03-31,3,4764000000,0.021,,,,,454000000,0.338,602000000,0.147,,423000000,,66.34,,,,,,,,,,,,,,,,,,,,,,true,false,9,2016-04-01,2016-12-31,-1
2018-01-31,64880,2018-03-31,3,6730000000,0.050,,,,,700000000,0.099,890000000,0.042,,680000000,,106.54,,,,,,,,,,,,,,,,,,,,,,true,true,12,2017-04-01,2018-03-31,0
2018-01-31,64880,2017-03-31,3,,,,,,,,,,,,,,,,,,,,12249000000,10062000000,0.816,1565.67,9992000000,,,,,,,,,,,,true,false,12,2016-04-01,2017-03-31,-1
2018-01-31,64880,2017-03-31,3,,,,,,,,,,,,,,,,,,,,,,,,,,,,,30.00,,,,6967473,585133,,false,false,12,2016-04-01,2017-03-31,-1
2018-01-31,64880,2018-03-31,3,,,,,,,,,,,,,,,,,,,,,,,,,,,,,0.00,,,,,,,false,false,12,2017-04-01,2018-03-31,0
2018-01-31,64880,2018-03-31,3,,,,,,,,,,,,,,,,,,,,,,,,,,,,,32.00,,,,,,,false,true,12,2017-04-01,2018-03-31,0
2018-01-31,64880,2018-03-31,3,,,,,,,,,,,,,,,,,,,,,,,,,,,,,,,,,6967473,585133,6382340,false,false,9,2017-04-01,2017-12-31,0
2018-01-31,64880,2017-03-31,3,,,,,,,,,,,,,,,,,,,,,,,,,,,,,,,,,,,6382340,false,false,9,2016-04-01,2016-12-31,-1
2018-05-18,64880,2018-03-31,,6787000000,0.059,,,,,693000000,0.088,847000000,-0.008,,647000000,,101.42,,0.063,0.068,0.102,,12725000000,10730000000,0.838,1670.58,10662000000,491000000,-559000000,-262000000,1281000000,,0.316,,,,,,true,false,12,2017-04-01,2018-03-31,0
2018-05-18,64880,2017-03-31,,6412000000,0.008,,,,,637000000,0.316,854000000,0.224,,621000000,,97.35,,0.063,0.071,0.099,,12249000000,10062000000,0.816,1565.67,9992000000,722000000,-732000000,-215000000,1607000000,,0.308,,,,,,true,false,12,2016-04-01,2017-03-31,-1
2018-05-18,64880,2019-03-31,,3400000000,0.030,,,,,340000000,0.030,450000000,0.088,,330000000,,51.71,,,,,,,,,,,,,,,,,,,,,,true,true,6,2018-04-01,2018-09-30,1
2018-05-18,64880,2019-03-31,,7000000000,0.031,,,,,730000000,0.053,950000000,0.121,,700000000,,109.68,,,,,,,,,,,,,,,,0.301,,,,,,true,true,12,2018-04-01,2019-03-31,1
2018-05-18,64880,2018-03-31,,5666000000,0.068,,,,,254000000,0.095,475000000,-0.078,405000000,,-0.008,63.50,,,,,,11019000000,9267000000,0.841,1452.08,9267000000,,,,,32.00,,,,6967473,585133,6382340,false,false,12,2017-04-01,2018-03-31,0
2018-05-18,64880,2017-03-31,,5305000000,0.023,,,,,232000000,0.932,515000000,0.151,408000000,,0.152,64.00,,,,,,10880000000,9021000000,0.829,1413.50,9021000000,,,,,30.00,,,,6967473,585133,6382340,false,false,12,2016-04-01,2017-03-31,-1
2018-05-18,64880,2019-03-31,,2850000000,0.052,,,,,,,330000000,0.196,290000000,,0.306,45.44,,,,,,,,,,,,,,,,,,,,,,false,true,6,2018-04-01,2018-09-30,1
2018-05-18,64880,2019-03-31,,5950000000,0.050,,,,,,,600000000,0.262,500000000,,0.234,78.34,,,,,,,,,,,,,,,33.00,,,,,,,false,true,12,2018-04-01,2019-03-31,1
2018-07-31,64880,2019-03-31,1,1772000000,0.057,,,,,193000000,0.140,240000000,0.084,,182000000,,28.59,,,,,,12624000000,10634000000,0.837,1655.20,10564000000,,,,,,,,,,,,true,false,3,2018-04-01,2018-06-30,0
2018-07-31,64880,2018-03-31,1,1677000000,0.091,,,,,169000000,0.294,222000000,3.468,,147000000,,23.09,,,,,,,,,,,,,,,,,,,,,,true,false,3,2017-04-01,2017-06-30,-1
2018-07-31,64880,2019-03-31,1,3400000000,0.030,,,,,340000000,0.030,450000000,0.088,,330000000,,51.71,,,,,,,,,,,,,,,,,,,,,,true,true,6,2018-04-01,2018-09-30,0
2018-07-31,64880,2019-03-31,1,7000000000,0.031,,,,,730000000,0.053,950000000,0.121,,700000000,,109.68,,,,,,,,,,,,,,,,,,,,,,true,true,12,2018-04-01,2019-03-31,0
2018-07-31,64880,2018-03-31,1,,,,,,,,,,,,,,,,,,,,12725000000,10730000000,0.838,1670.58,10662000000,,,,,,,,,,,,true,false,12,2017-04-01,2018-03-31,-1
2018-07-31,64880,2018-03-31,1,,,,,,,,,,,,,,,,,,,,,,,,,,,,,32.00,,,,6967473,585133,,false,false,12,2017-04-01,2018-03-31,-1
2018-07-31,64880,2019-03-31,1,,,,,,,,,,,,,,,,,,,,,,,,,,,,,33.00,,,,,,,false,true,12,2018-04-01,2019-03-31,0
2018-07-31,64880,2019-03-31,1,,,,,,,,,,,,,,,,,,,,,,,,,,,,,,,,,6967473,585133,6382340,false,false,3,2018-04-01,2018-06-30,0
2018-07-31,64880,2018-03-31,1,,,,,,,,,,,,,,,,,,,,,,,,,,,,,,,,,,,6382340,false,false,3,2017-04-01,2017-06-30,-1
2018-10-31,64880,2019-03-31,2,3397000000,0.029,,,,,304000000,-0.076,445000000,0.079,,360000000,,56.46,,,,,,12992000000,10981000000,0.840,1710.84,10919000000,,,,,,,,,,,,true,false,6,2018-04-01,2018-09-30,0
2018-10-31,64880,2018-03-31,2,3300000000,0.055,,,,,330000000,0.055,413000000,0.557,,285000000,,44.68,,,,,,,,,,,,,,,,,,,,,,true,false,6,2017-04-01,2017-09-30,-1
2018-10-31,64880,2019-03-31,2,7000000000,0.031,,,,,730000000,0.053,950000000,0.121,,700000000,,109.68,,,,,,,,,,,,,,,,,,,,,,true,true,12,2018-04-01,2019-03-31,0
2018-10-31,64880,2018-03-31,2,,,,,,,,,,,,,,,,,,,,12725000000,10730000000,0.838,1670.58,10662000000,,,,,,,,,,,,true,false,12,2017-04-01,2018-03-31,-1
2018-10-31,64880,2018-03-31,2,,,,,,,,,,,,,,,,,,,,,,,,,,,,,32.00,,,,6967473,585133,,false,false,12,2017-04-01,2018-03-31,-1
2018-10-31,64880,2019-03-31,2,,,,,,,,,,,,,,,,,,,,,,,,,,,,,0.00,,,,,,,false,false,12,2018-04-01,2019-03-31,0
2018-10-31,64880,2019-03-31,2,,,,,,,,,,,,,,,,,,,,,,,,,,,,,33.00,,,,,,,false,true,12,2018-04-01,2019-03-31,0
2018-10-31,64880,2019-03-31,2,,,,,,,,,,,,,,,,,,,,,,,,,,,,,,,,,6967473,585134,6382340,false,false,6,2018-04-01,2018-09-30,0
2018-10-31,64880,2018-03-31,2,,,,,,,,,,,,,,,,,,,,,,,,,,,,,,,,,,,6382340,false,false,6,2017-04-01,2017-09-30,-1
2019-01-31,64880,2019-03-31,3,5215000000,0.028,,,,,489000000,-0.099,656000000,-0.026,,600000000,,94.16,,,,,,12969000000,11064000000,0.848,1723.06,10997000000,,,,,,,,,,,,true,false,9,2018-04-01,2018-12-31,0
2019-01-31,64880,2018-03-31,3,5071000000,0.064,,,,,542000000,0.195,674000000,0.120,,470000000,,73.79,,,,,,,,,,,,,,,,,,,,,,true,false,9,2017-04-01,2017-12-31,-1
2019-01-31,64880,2019-03-31,3,7000000000,0.031,,,,,730000000,0.053,950000000,0.121,,700000000,,109.68,,,,,,,,,,,,,,,,,,,,,,true,true,12,2018-04-01,2019-03-31,0
2019-01-31,64880,2018-03-31,3,,,,,,,,,,,,,,,,,,,,12725000000,10730000000,0.838,1670.58,10662000000,,,,,,,,,,,,true,false,12,2017-04-01,2018-03-31,-1
2019-01-31,64880,2018-03-31,3,,,,,,,,,,,,,,,,,,,,,,,,,,,,,32.00,,,,6967473,585133,,false,false,12,2017-04-01,2018-03-31,-1
2019-01-31,64880,2019-03-31,3,,,,,,,,,,,,,,,,,,,,,,,,,,,,,0.00,,,,,,,false,false,12,2018-04-01,2019-03-31,0
2019-01-31,64880,2019-03-31,3,,,,,,,,,,,,,,,,,,,,,,,,,,,,,33.00,,,,,,,false,true,12,2018-04-01,2019-03-31,0
2019-01-31,64880,2019-03-31,3,,,,,,,,,,,,,,,,,,,,,,,,,,,,,,,,,6967473,585134,6382340,false,false,9,2018-04-01,2018-12-31,0
2019-01-31,64880,2018-03-31,3,,,,,,,,,,,,,,,,,,,,,,,,,,,,,,,,,,,6382340,false,false,9,2017-04-01,2017-12-31,-1
2019-05-17,64880,2019-03-31,,7008000000,0.032,,,,,602000000,-0.131,822000000,-0.029,,721000000,,113.11,,0.066,0.063,0.086,,13279000000,11316000000,0.847,1762.06,11246000000,523000000,4000000,-274000000,1548000000,,0.301,,,,,,true,false,12,2018-04-01,2019-03-31,0
2019-05-17,64880,2018-03-31,,6787000000,0.059,,,,,693000000,0.088,847000000,-0.008,,647000000,,101.42,,0.063,0.068,0.102,,12725000000,10730000000,0.838,1670.58,10662000000,491000000,-559000000,-262000000,1281000000,,0.316,,,,,,true,false,12,2017-04-01,2018-03-31,-1
2019-05-17,64880,2020-03-31,,3450000000,0.016,,,,,310000000,0.017,480000000,0.075,,390000000,,61.11,,,,,,,,,,,,,,,,,,,,,,true,true,6,2019-04-01,2019-09-30,1
2019-05-17,64880,2020-03-31,,7250000000,0.035,,,,,650000000,0.093,940000000,0.141,,760000000,,119.08,,,,,,,,,,,,,,,,0.302,,,,,,true,true,12,2019-04-01,2020-03-31,1
2019-05-17,64880,2019-03-31,,5918000000,0.044,,,,,136000000,-0.464,408000000,-0.140,442000000,,0.092,69.35,,,,,,11230000000,9482000000,0.844,1485.74,9482000000,,,,,34.00,,,,6967473,585134,6382339,false,false,12,2018-04-01,2019-03-31,0
2019-05-17,64880,2018-03-31,,5666000000,0.068,,,,,254000000,0.095,475000000,-0.078,405000000,,-0.008,63.50,,,,,,11019000000,9267000000,0.841,1452.08,9267000000,,,,,32.00,,,,6967473,585133,6382340,false,false,12,2017-04-01,2018-03-31,-1
2019-05-17,64880,2020-03-31,,2900000000,0.016,,,,,,,240000000,-0.367,190000000,,-0.416,29.77,,,,,,,,,,,,,,,,,,,,,,false,true,6,2019-04-01,2019-09-30,1
2019-05-17,64880,2020-03-31,,6100000000,0.031,,,,,,,480000000,0.174,400000000,,-0.096,62.67,,,,,,,,,,,,,,,36.00,,,,,,,false,true,12,2019-04-01,2020-03-31,1
2019-07-31,64880,2020-03-31,1,1706000000,-0.037,,,,,117000000,-0.392,147000000,-0.388,,109000000,,17.17,,,,,,13121000000,11256000000,0.852,1752.35,11184000000,,,,,,,,,,,,true,false,3,2019-04-01,2019-06-30,0
2019-07-31,64880,2019-03-31,1,1772000000,0.057,,,,,193000000,0.140,240000000,0.084,,182000000,,28.59,,,,,,,,,,,,,,,,,,,,,,true,false,3,2018-04-01,2018-06-30,-1
2019-07-31,64880,2020-03-31,1,3450000000,0.016,,,,,310000000,0.017,480000000,0.075,,390000000,,61.11,,,,,,,,,,,,,,,,,,,,,,true,true,6,2019-04-01,2019-09-30,0
2019-07-31,64880,2020-03-31,1,7250000000,0.035,,,,,650000000,0.093,940000000,0.141,,760000000,,119.08,,,,,,,,,,,,,,,,,,,,,,true,true,12,2019-04-01,2020-03-31,0
2019-07-31,64880,2019-03-31,1,,,,,,,,,,,,,,,,,,,,13279000000,11316000000,0.847,1762.06,11246000000,,,,,,,,,,,,true,false,12,2018-04-01,2019-03-31,-1
2019-07-31,64880,2019-03-31,1,,,,,,,,,,,,,,,,,,,,,,,,,,,,,34.00,,,,6967473,585134,,false,false,12,2018-04-01,2019-03-31,-1
2019-07-31,64880,2020-03-31,1,,,,,,,,,,,,,,,,,,,,,,,,,,,,,36.00,,,,,,,false,true,12,2019-04-01,2020-03-31,0
2019-07-31,64880,2020-03-31,1,,,,,,,,,,,,,,,,,,,,,,,,,,,,,,,,,6967473,585134,6382339,false,false,3,2019-04-01,2019-06-30,0
2019-07-31,64880,2019-03-31,1,,,,,,,,,,,,,,,,,,,,,,,,,,,,,,,,,,,6382340,false,false,3,2018-04-01,2018-06-30,-1
2019-10-31,64880,2020-03-31,2,3461000000,0.019,,,,,290000000,-0.047,428000000,-0.038,,332000000,,52.10,,,,,,13332000000,11472000000,0.856,1787.35,11407000000,,,,,,,,,,,,true,false,6,2019-04-01,2019-09-30,0
2019-10-31,64880,2019-03-31,2,3397000000,0.029,,,,,304000000,-0.076,445000000,0.079,,360000000,,56.46,,,,,,,,,,,,,,,,,,,,,,true,false,6,2018-04-01,2018-09-30,-1
2019-10-31,64880,2020-03-31,2,7250000000,0.035,,,,,650000000,0.093,940000000,0.141,,760000000,,119.08,,,,,,,,,,,,,,,,,,,,,,true,true,12,2019-04-01,2020-03-31,0
2019-10-31,64880,2019-03-31,2,,,,,,,,,,,,,,,,,,,,13279000000,11316000000,0.847,1762.06,11246000000,,,,,,,,,,,,true,false,12,2018-04-01,2019-03-31,-1
2019-10-31,64880,2019-03-31,2,,,,,,,,,,,,,,,,,,,,,,,,,,,,,34.00,,,,6967473,585134,,false,false,12,2018-04-01,2019-03-31,-1
2019-10-31,64880,2020-03-31,2,,,,,,,,,,,,,,,,,,,,,,,,,,,,,0.00,,,,,,,false,false,12,2019-04-01,2020-03-31,0
2019-10-31,64880,2020-03-31,2,,,,,,,,,,,,,,,,,,,,,,,,,,,,,36.00,,,,,,,false,true,12,2019-04-01,2020-03-31,0
2019-10-31,64880,2020-03-31,2,,,,,,,,,,,,,,,,,,,,,,,,,,,,,,,,,6967473,585134,6382339,false,false,6,2019-04-01,2019-09-30,0
2019-10-31,64880,2019-03-31,2,,,,,,,,,,,,,,,,,,,,,,,,,,,,,,,,,,,6382340,false,false,6,2018-04-01,2018-09-30,-1
2020-01-31,64880,2020-03-31,3,5279000000,0.012,,,,,481000000,-0.016,757000000,0.153,,584000000,,91.63,,,,,,13717000000,11855000000,0.859,1846.88,11787000000,,,,,,,,,,,,true,false,9,2019-04-01,2019-12-31,0
2020-01-31,64880,2019-03-31,3,5215000000,0.028,,,,,489000000,-0.099,656000000,-0.026,,600000000,,94.16,,,,,,,,,,,,,,,,,,,,,,true,false,9,2018-04-01,2018-12-31,-1
2020-01-31,64880,2020-03-31,3,7250000000,0.035,,,,,650000000,0.093,940000000,0.141,,760000000,,119.08,,,,,,,,,,,,,,,,,,,,,,true,true,12,2019-04-01,2020-03-31,0
2020-01-31,64880,2019-03-31,3,,,,,,,,,,,,,,,,,,,,13279000000,11316000000,0.847,1762.06,11246000000,,,,,,,,,,,,true,false,12,2018-04-01,2019-03-31,-1
2020-01-31,64880,2019-03-31,3,,,,,,,,,,,,,,,,,,,,,,,,,,,,,34.00,,,,6967473,585134,,false,false,12,2018-04-01,2019-03-31,-1
2020-01-31,64880,2020-03-31,3,,,,,,,,,,,,,,,,,,,,,,,,,,,,,0.00,,,,,,,false,false,12,2019-04-01,2020-03-31,0
2020-01-31,64880,2020-03-31,3,,,,,,,,,,,,,,,,,,,,,,,,,,,,,36.00,,,,,,,false,true,12,2019-04-01,2020-03-31,0
2020-01-31,64880,2020-03-31,3,,,,,,,,,,,,,,,,,,,,,,,,,,,,,,,,,6967473,585134,6382339,false,false,9,2019-04-01,2019-12-31,0
2020-01-31,64880,2019-03-31,3,,,,,,,,,,,,,,,,,,,,,,,,,,,,,,,,,,,6382340,false,false,9,2018-04-01,2018-12-31,-1
2020-05-26,64880,2020-03-31,,6983000000,-0.003,,,,,608000000,0.009,907000000,0.103,,721000000,,113.08,,0.063,0.068,0.087,,13556000000,11606000000,0.851,1807.36,11535000000,1395000000,-305000000,-288000000,2329000000,,0.301,,,,,,true,false,12,2019-04-01,2020-03-31,0
2020-05-26,64880,2019-03-31,,7008000000,0.032,,,,,602000000,-0.131,822000000,-0.029,,721000000,,113.11,,0.066,0.063,0.086,,13279000000,11316000000,0.847,1762.06,11246000000,523000000,4000000,-274000000,1548000000,,0.301,,,,,,true,false,12,2018-04-01,2019-03-31,-1
2020-05-26,64880,2021-03-31,,2800000000,-0.191,,,,,20000000,-0.931,120000000,-0.720,,100000000,,15.67,,,,,,,,,,,,,,,,,,,,,,true,true,6,2020-04-01,2020-09-30,1
2020-05-26,64880,2021-03-31,,5600000000,-0.198,,,,,60000000,-0.901,300000000,-0.670,,250000000,,39.17,,,,,,,,,,,,,,,,0.511,,,,,,true,true,12,2020-04-01,2021-03-31,1
2020-05-26,64880,2020-03-31,,5973000000,0.009,,,,,226000000,0.658,520000000,0.273,436000000,,-0.013,68.44,,,,,,11419000000,9680000000,0.848,1516.80,9680000000,,,,,34.00,,,,6967473,585134,6382339,false,false,12,2019-04-01,2020-03-31,0
2020-05-26,64880,2019-03-31,,5918000000,0.044,,,,,136000000,-0.464,408000000,-0.140,442000000,,0.092,69.35,,,,,,11230000000,9482000000,0.844,1485.74,9482000000,,,,,34.00,,,,6967473,585134,6382339,false,false,12,2018-04-01,2019-03-31,-1
2020-05-26,64880,2021-03-31,,2400000000,-0.194,,,,,,,40000000,-0.870,30000000,,-0.902,4.70,,,,,,,,,,,,,,,,,,,,,,false,true,6,2020-04-01,2020-09-30,1
2020-05-26,64880,2021-03-31,,4800000000,-0.197,,,,,,,70000000,-0.866,40000000,,-0.908,6.27,,,,,,,,,,,,,,,20.00,,,,,,,false,true,12,2020-04-01,2021-03-31,1
2020-08-03,64880,2021-03-31,1,1486000000,-0.129,,,,,109000000,-0.072,163000000,0.110,,130000000,,20.50,,,,,,13515000000,11709000000,0.861,1823.70,11639000000,,,,,,,,,,,,true,false,3,2020-04-01,2020-06-30,0
2020-08-03,64880,2020-03-31,1,1706000000,-0.037,,,,,117000000,-0.392,147000000,-0.388,,109000000,,17.17,,,,,,,,,,,,,,,,,,,,,,true,false,3,2019-04-01,2019-06-30,-1
2020-08-03,64880,2021-03-31,1,2800000000,-0.191,,,,,20000000,-0.931,120000000,-0.720,,100000000,,15.67,,,,,,,,,,,,,,,,,,,,,,true,true,6,2020-04-01,2020-09-30,0
2020-08-03,64880,2021-03-31,1,5600000000,-0.198,,,,,60000000,-0.901,300000000,-0.670,,250000000,,39.17,,,,,,,,,,,,,,,,,,,,,,true,true,12,2020-04-01,2021-03-31,0
2020-08-03,64880,2020-03-31,1,,,,,,,,,,,,,,,,,,,,13556000000,11606000000,0.851,1807.36,11535000000,,,,,,,,,,,,true,false,12,2019-04-01,2020-03-31,-1
2020-08-03,64880,2020-03-31,1,,,,,,,,,,,,,,,,,,,,,,,,,,,,,34.00,,,,6967473,585134,,false,false,12,2019-04-01,2020-03-31,-1
2020-08-03,64880,2021-03-31,1,,,,,,,,,,,,,,,,,,,,,,,,,,,,,20.00,,,,,,,false,true,12,2020-04-01,2021-03-31,0
2020-08-03,64880,2021-03-31,1,,,,,,,,,,,,,,,,,,,,,,,,,,,,,,,,,6967473,585134,6382339,false,false,3,2020-04-01,2020-06-30,0
2020-08-03,64880,2020-03-31,1,,,,,,,,,,,,,,,,,,,,,,,,,,,,,,,,,,,6382339,false,false,3,2019-04-01,2019-06-30,-1
2020-11-02,64880,2021-03-31,2,3008000000,-0.131,,,,,190000000,-0.346,310000000,-0.277,,239000000,,37.54,,,,,,13425000000,11677000000,0.865,1819.38,11611000000,,,,,,,,,,,,true,false,6,2020-04-01,2020-09-30,0
2020-11-02,64880,2020-03-31,2,3461000000,0.019,,,,,290000000,-0.047,428000000,-0.038,,332000000,,52.10,,,,,,,,,,,,,,,,,,,,,,true,false,6,2019-04-01,2019-09-30,-1
2020-11-02,64880,2021-03-31,2,5950000000,-0.148,,,,,370000000,-0.392,610000000,-0.328,,470000000,,73.31,,,,,,,,,,,,,,,,,,,,,,true,true,12,2020-04-01,2021-03-31,0
2020-11-02,64880,2020-03-31,2,,,,,,,,,,,,,,,,,,,,13556000000,11606000000,0.851,1807.36,11535000000,,,,,,,,,,,,true,false,12,2019-04-01,2020-03-31,-1
2020-11-02,64880,2020-03-31,2,,,,,,,,,,,,,,,,,,,,,,,,,,,,,34.00,,,,6967473,585134,,false,false,12,2019-04-01,2020-03-31,-1
2020-11-02,64880,2021-03-31,2,,,,,,,,,,,,,,,,,,,,,,,,,,,,,0.00,,,,,,,false,false,12,2020-04-01,2021-03-31,0
2020-11-02,64880,2021-03-31,2,,,,,,,,,,,,,,,,,,,,,,,,,,,,,22.00,,,,,,,false,true,12,2020-04-01,2021-03-31,0
2020-11-02,64880,2021-03-31,2,,,,,,,,,,,,,,,,,,,,,,,,,,,,,,,,,6967473,585134,6382339,false,false,6,2020-04-01,2020-09-30,0
2020-11-02,64880,2020-03-31,2,,,,,,,,,,,,,,,,,,,,,,,,,,,,,,,,,,,6382339,false,false,6,2019-04-01,2019-09-30,-1
2020-11-02,64880,2021-03-31,,3008000000,0.074,,,,,190000000,8.500,310000000,1.583,,239000000,,37.54,,,,,,,,,,,,,,,,,,,,,,true,true,6,2020-04-01,2020-09-30,0
2020-11-02,64880,2020-03-31,,3461000000,,,,,,290000000,,428000000,,,332000000,,52.10,,,,,,,,,,,,,,,,,,,,,,true,false,6,2019-04-01,2019-09-30,-1
2020-11-02,64880,2021-03-31,,5950000000,0.063,,,,,370000000,5.167,610000000,1.033,,470000000,,73.31,,,,,,,,,,,,,,,,,,,,,,true,true,12,2020-04-01,2021-03-31,0
2020-11-02,64880,2020-03-31,,6983000000,,,,,,608000000,,907000000,,,721000000,,113.08,,,,,,,,,,,,,,,,,,,,,,true,false,12,2019-04-01,2020-03-31,-1
2020-11-02,64880,2021-03-31,,2564000000,0.068,,,,,,,222000000,4.550,172000000,,4.733,27.05,,,,,,,,,,,,,,,,,,,,,,false,true,6,2020-04-01,2020-09-30,0
2020-11-02,64880,2020-03-31,,2977000000,,,,,,,,303000000,,264000000,,,41.38,,,,,,,,,,,,,,,,,,,,,,false,false,6,2019-04-01,2019-09-30,-1
2020-11-02,64880,2021-03-31,,5050000000,0.052,,,,,,,350000000,4.000,260000000,,5.500,41.41,,,,,,,,,,,,,,,22.00,,,,,,,false,true,12,2020-04-01,2021-03-31,0
2020-11-02,64880,2020-03-31,,5973000000,,,,,,,,520000000,,436000000,,,68.44,,,,,,,,,,,,,,,34.00,,,,,,,false,false,12,2019-04-01,2020-03-31,-1
2020-11-02,64880,2021-03-31,,,,,,,,,,,,,,,,,,,,,,,,,,,,,,0.00,,,,,,,false,false,12,2020-04-01,2021-03-31,0
2021-02-01,64880,2021-03-31,3,4586000000,-0.131,,,,,305000000,-0.366,490000000,-0.352,,375000000,,58.80,,,,,,13653000000,11936000000,0.869,1859.92,11870000000,,,,,,,,,,,,true,false,9,2020-04-01,2020-12-31,0
2021-02-01,64880,2020-03-31,3,5279000000,0.012,,,,,481000000,-0.016,757000000,0.153,,584000000,,91.63,,,,,,,,,,,,,,,,,,,,,,true,false,9,2019-04-01,2019-12-31,-1
2021-02-01,64880,2021-03-31,3,5950000000,-0.148,,,,,370000000,-0.392,610000000,-0.328,,470000000,,73.31,,,,,,,,,,,,,,,,,,,,,,true,true,12,2020-04-01,2021-03-31,0
2021-02-01,64880,2020-03-31,3,,,,,,,,,,,,,,,,,,,,13556000000,11606000000,0.851,1807.36,11535000000,,,,,,,,,,,,true,false,12,2019-04-01,2020-03-31,-1
2021-02-01,64880,2020-03-31,3,,,,,,,,,,,,,,,,,,,,,,,,,,,,,34.00,,,,6967473,585134,,false,false,12,2019-04-01,2020-03-31,-1
2021-02-01,64880,2021-03-31,3,,,,,,,,,,,,,,,,,,,,,,,,,,,,,0.00,,,,,,,false,false,12,2020-04-01,2021-03-31,0
2021-02-01,64880,2021-03-31,3,,,,,,,,,,,,,,,,,,,,,,,,,,,,,22.00,,,,,,,false,true,12,2020-04-01,2021-03-31,0
2021-02-01,64880,2021-03-31,3,,,,,,,,,,,,,,,,,,,,,,,,,,,,,,,,,6967473,585134,6382339,false,false,9,2020-04-01,2020-12-31,0
2021-02-01,64880,2020-03-31,3,,,,,,,,,,,,,,,,,,,,,,,,,,,,,,,,,,,6382339,false,false,9,2019-04-01,2019-12-31,-1
2021-05-14,64880,2021-03-31,,6263000000,0.053,,,,,456000000,0.232,777000000,0.274,,589000000,,46.15,,,,,,,,,,,,,,,,,,,,,,true,true,12,2020-04-01,2021-03-31,0
2021-05-14,64880,2020-03-31,,6983000000,,,,,,608000000,,907000000,,,721000000,,56.54,,,,,,,,,,,,,,,,,,,,,,true,false,12,2019-04-01,2020-03-31,-1
2021-05-14,64880,2021-03-31,,5383000000,0.066,,,,,,,552000000,0.577,421000000,,0.619,33.05,,,,,,,,,,,,,,,30.00,,,,,,,false,true,12,2020-04-01,2021-03-31,0
2021-05-14,64880,2020-03-31,,5973000000,,,,,,,,520000000,,436000000,,,34.22,,,,,,,,,,,,,,,34.00,,,,,,,false,false,12,2019-04-01,2020-03-31,-1
2021-05-14,64880,2021-03-31,,,,,,,,,,,,,,,,,,,,,,,,,,,,,,0.00,,,,,,,false,false,12,2020-04-01,2021-03-31,0
2021-05-17,64880,2021-03-31,,6263000000,-0.103,,,,,456000000,-0.249,777000000,-0.143,,589000000,,46.15,,0.050,0.056,0.073,,14128000000,12261000000,0.863,955.08,12191000000,1258000000,-850000000,-254000000,2516000000,,0.325,,,,,,true,false,12,2020-04-01,2021-03-31,0
2021-05-17,64880,2020-03-31,,6983000000,-0.003,,,,,608000000,0.009,907000000,0.103,,721000000,,56.54,,0.063,0.068,0.087,,13556000000,11606000000,0.851,903.68,11535000000,1395000000,-305000000,-288000000,2329000000,,0.301,,,,,,true,false,12,2019-04-01,2020-03-31,-1
2021-05-17,64880,2022-03-31,,3200000000,0.064,,,,,230000000,0.209,320000000,0.032,,250000000,,19.59,,,,,,,,,,,,,,,,,,,,,,true,true,6,2021-04-01,2021-09-30,1
2021-05-17,64880,2022-03-31,,6700000000,0.070,,,,,540000000,0.183,830000000,0.067,,630000000,,49.35,,,,,,,,,,,,,,,,0.344,,,,,,true,true,12,2021-04-01,2022-03-31,1
2021-05-17,64880,2021-03-31,,5383000000,-0.099,,,,,211000000,-0.065,552000000,0.060,421000000,,-0.034,33.05,,,,,,11666000000,9954000000,0.853,779.84,9954000000,,,,,30.00,,,,13934946,1170268,12764678,false,false,12,2020-04-01,2021-03-31,0
2021-05-17,64880,2020-03-31,,5973000000,0.009,,,,,226000000,0.658,520000000,0.273,436000000,,-0.013,34.22,,,,,,11419000000,9680000000,0.848,758.40,9680000000,,,,,34.00,,,,13934946,1170268,12764678,false,false,12,2019-04-01,2020-03-31,-1
2021-05-17,64880,2022-03-31,,2750000000,0.072,,,,,,,250000000,0.121,205000000,,0.188,16.06,,,,,,,,,,,,,,,,,,,,,,false,true,6,2021-04-01,2021-09-30,1
2021-05-17,64880,2022-03-31,,5650000000,0.050,,,,,,,570000000,0.033,440000000,,0.049,34.47,,,,,,,,,,,,,,,17.00,,,,,,,false,true,12,2021-04-01,2022-03-31,1
2021-07-30,64880,2022-03-31,1,1600000000,0.077,,,,,154000000,0.418,225000000,0.382,,169000000,,13.26,,,,,,13881000000,12099000000,0.866,942.16,12026000000,,,,,,,,,,,,true,false,3,2021-04-01,2021-06-30,0
2021-07-30,64880,2021-03-31,1,1486000000,-0.129,,,,,109000000,-0.072,163000000,0.110,,130000000,,10.25,,,,,,,,,,,,,,,,,,,,,,true,false,3,2020-04-01,2020-06-30,-1
2021-07-30,64880,2022-03-31,1,3200000000,0.064,,,,,230000000,0.209,320000000,0.032,,250000000,,19.59,,,,,,,,,,,,,,,,,,,,,,true,true,6,2021-04-01,2021-09-30,0
2021-07-30,64880,2022-03-31,1,6700000000,0.070,,,,,540000000,0.183,830000000,0.067,,630000000,,49.35,,,,,,,,,,,,,,,,,,,,,,true,true,12,2021-04-01,2022-03-31,0
2021-07-30,64880,2021-03-31,1,,,,,,,,,,,,,,,,,,,,14128000000,12261000000,0.863,955.08,12191000000,,,,,,,,,,,,true,false,12,2020-04-01,2021-03-31,-1
2021-07-30,64880,2021-03-31,1,,,,,,,,,,,,,,,,,,,,,,,,,,,,,30.00,,,,13934946,1170268,,false,false,12,2020-04-01,2021-03-31,-1
2021-07-30,64880,2022-03-31,1,,,,,,,,,,,,,,,,,,,,,,,,,,,,,17.00,,,,,,,false,true,12,2021-04-01,2022-03-31,0
2021-07-30,64880,2022-03-31,1,,,,,,,,,,,,,,,,,,,,,,,,,,,,,,,,,13934946,1170268,12764678,false,false,3,2021-04-01,2021-06-30,0
2021-07-30,64880,2021-03-31,1,,,,,,,,,,,,,,,,,,,,,,,,,,,,,,,,,,,12764678,false,false,3,2020-04-01,2020-06-30,-1
2021-10-28,64880,2022-03-31,,3400000000,0.063,,,,,444000000,0.930,593000000,0.853,,431000000,,33.79,,,,,,,,,,,,,,,,,,,,,,true,true,6,2021-04-01,2021-09-30,0
2021-10-28,64880,2021-03-31,,3008000000,,,,,,190000000,,310000000,,,239000000,,18.77,,,,,,,,,,,,,,,,,,,,,,true,false,6,2020-04-01,2020-09-30,-1
2021-10-28,64880,2022-03-31,,6960000000,0.039,,,,,770000000,0.426,1070000000,0.289,,810000000,,63.46,,,,,,,,,,,,,,,,,,,,,,true,true,12,2021-04-01,2022-03-31,0
2021-10-28,64880,2021-03-31,,6263000000,,,,,,456000000,,777000000,,,589000000,,46.15,,,,,,,,,,,,,,,,,,,,,,true,false,12,2020-04-01,2021-03-31,-1
2021-10-28,64880,2022-03-31,,2969000000,0.080,,,,,,,403000000,0.612,306000000,,0.493,24.05,,,,,,,,,,,,,,,,,,,,,,false,true,6,2021-04-01,2021-09-30,0
2021-10-28,64880,2021-03-31,,2564000000,,,,,,,,222000000,,172000000,,,13.52,,,,,,,,,,,,,,,,,,,,,,false,false,6,2020-04-01,2020-09-30,-1
2021-10-28,64880,2022-03-31,,5930000000,0.050,,,,,,,720000000,0.263,540000000,,0.227,42.30,,,,,,,,,,,,,,,21.00,,,,,,,false,true,12,2021-04-01,2022-03-31,0
2021-10-28,64880,2021-03-31,,5383000000,,,,,,,,552000000,,421000000,,,33.05,,,,,,,,,,,,,,,30.00,,,,,,,false,false,12,2020-04-01,2021-03-31,-1
2021-10-29,64880,2022-03-31,2,3400000000,0.130,,,,,444000000,1.339,593000000,0.915,,431000000,,33.79,,,,,,14114000000,12177000000,0.858,948.62,12108000000,,,,,,,,,,,,true,false,6,2021-04-01,2021-09-30,0
2021-10-29,64880,2021-03-31,2,3008000000,-0.131,,,,,190000000,-0.346,310000000,-0.277,,239000000,,18.77,,,,,,,,,,,,,,,,,,,,,,true,false,6,2020-04-01,2020-09-30,-1
2021-10-29,64880,2022-03-31,2,6960000000,0.111,,,,,770000000,0.686,1070000000,0.375,,810000000,,63.46,,,,,,,,,,,,,,,,,,,,,,true,true,12,2021-04-01,2022-03-31,0
2021-10-29,64880,2021-03-31,2,,,,,,,,,,,,,,,,,,,,14128000000,12261000000,0.863,955.08,12191000000,,,,,,,,,,,,true,false,12,2020-04-01,2021-03-31,-1
2021-10-29,64880,2021-03-31,2,,,,,,,,,,,,,,,,,,,,,,,,,,,,,30.00,,,,13934946,1170268,,false,false,12,2020-04-01,2021-03-31,-1
2021-10-29,64880,2022-03-31,2,,,,,,,,,,,,,,,,,,,,,,,,,,,,,0.00,,,,,,,false,false,12,2021-04-01,2022-03-31,0
2021-10-29,64880,2022-03-31,2,,,,,,,,,,,,,,,,,,,,,,,,,,,,,21.00,,,,,,,false,true,12,2021-04-01,2022-03-31,0
2021-10-29,64880,2022-03-31,2,,,,,,,,,,,,,,,,,,,,,,,,,,,,,,,,,13934946,1170268,12764678,false,false,6,2021-04-01,2021-09-30,0
2021-10-29,64880,2021-03-31,2,,,,,,,,,,,,,,,,,,,,,,,,,,,,,,,,,,,12764678,false,false,6,2020-04-01,2020-09-30,-1
2022-01-31,64880,2022-03-31,3,5346000000,0.166,,,,,716000000,1.347,964000000,0.966,,712000000,,55.83,,,,,,14606000000,12663000000,0.862,986.47,12592000000,,,,,,,,,,,,true,false,9,2021-04-01,2021-12-31,0
2022-01-31,64880,2021-03-31,3,4586000000,-0.131,,,,,305000000,-0.366,490000000,-0.352,,375000000,,29.40,,,,,,,,,,,,,,,,,,,,,,true,false,9,2020-04-01,2020-12-31,-1
2022-01-31,64880,2022-03-31,3,6960000000,0.111,,,,,770000000,0.686,1070000000,0.375,,810000000,,63.46,,,,,,,,,,,,,,,,,,,,,,true,true,12,2021-04-01,2022-03-31,0
2022-01-31,64880,2021-03-31,3,,,,,,,,,,,,,,,,,,,,14128000000,12261000000,0.863,955.08,12191000000,,,,,,,,,,,,true,false,12,2020-04-01,2021-03-31,-1
2022-01-31,64880,2021-03-31,3,,,,,,,,,,,,,,,,,,,,,,,,,,,,,30.00,,,,13934946,1170268,,false,false,12,2020-04-01,2021-03-31,-1
2022-01-31,64880,2022-03-31,3,,,,,,,,,,,,,,,,,,,,,,,,,,,,,0.00,,,,,,,false,false,12,2021-04-01,2022-03-31,0
2022-01-31,64880,2022-03-31,3,,,,,,,,,,,,,,,,,,,,,,,,,,,,,21.00,,,,,,,false,true,12,2021-04-01,2022-03-31,0
2022-01-31,64880,2022-03-31,3,,,,,,,,,,,,,,,,,,,,,,,,,,,,,,,,,13934946,1170268,12764678,false,false,9,2021-04-01,2021-12-31,0
2022-01-31,64880,2021-03-31,3,,,,,,,,,,,,,,,,,,,,,,,,,,,,,,,,,,,12764678,false,false,9,2020-04-01,2020-12-31,-1
2022-05-13,64880,2022-03-31,,7091000000,0.019,,,,,910000000,0.182,1352000000,0.264,,967000000,,75.78,,,,,,,,,,,,,,,,,,,,,,true,true,12,2021-04-01,2022-03-31,0
2022-05-13,64880,2021-03-31,,6263000000,,,,,,456000000,,777000000,,,589000000,,46.15,,,,,,,,,,,,,,,,,,,,,,true,false,12,2020-04-01,2021-03-31,-1
2022-05-13,64880,2022-03-31,,6177000000,0.042,,,,,,,931000000,0.293,698000000,,0.293,54.76,,,,,,,,,,,,,,,25.00,,,,,,,false,true,12,2021-04-01,2022-03-31,0
2022-05-13,64880,2021-03-31,,5383000000,,,,,,,,552000000,,421000000,,,33.05,,,,,,,,,,,,,,,30.00,,,,,,,false,false,12,2020-04-01,2021-03-31,-1
2022-05-13,64880,2022-03-31,,,,,,,,,,,,,,,,,,,,,,,,,,,,,,0.00,,,,,,,false,false,12,2021-04-01,2022-03-31,0
2022-05-16,64880,2022-03-31,,7091000000,0.132,,,,,910000000,0.993,1352000000,0.739,,967000000,,75.78,,0.076,0.092,0.128,,15313000000,13186000000,0.856,1027.14,13111000000,1259000000,-801000000,-227000000,2849000000,,0.330,,,,,,true,false,12,2021-04-01,2022-03-31,0
2022-05-16,64880,2021-03-31,,6263000000,-0.103,,,,,456000000,-0.249,777000000,-0.143,,589000000,,46.15,,0.050,0.056,0.073,,14128000000,12261000000,0.863,955.08,12191000000,1258000000,-850000000,-254000000,2516000000,,0.325,,,,,,true,false,12,2020-04-01,2021-03-31,-1
2022-05-16,64880,2023-03-31,,3630000000,0.068,,,,,470000000,0.057,650000000,0.094,,500000000,,39.17,,,,,,,,,,,,,,,,,,,,,,true,true,6,2022-04-01,2022-09-30,1
2022-05-16,64880,2023-03-31,,7500000000,0.058,,,,,1040000000,0.101,1430000000,0.031,,1020000000,,79.91,,,,,,,,,,,,,,,,0.325,,,,,,true,true,12,2022-04-01,2023-03-31,1
2022-05-16,64880,2022-03-31,,6177000000,0.147,,,,,545000000,1.576,931000000,0.687,698000000,,0.657,54.76,,,,,,12364000000,10403000000,0.841,815.05,10403000000,,,,,25.00,,,,13934946,1170268,12764678,false,false,12,2021-04-01,2022-03-31,0
2022-05-16,64880,2021-03-31,,5383000000,-0.099,,,,,211000000,-0.065,552000000,0.060,421000000,,-0.034,33.05,,,,,,11666000000,9954000000,0.853,779.84,9954000000,,,,,30.00,,,,13934946,1170268,12764678,false,false,12,2020-04-01,2021-03-31,-1
2022-05-16,64880,2023-03-31,,3170000000,0.068,,,,,,,410000000,0.017,310000000,,0.010,24.29,,,,,,,,,,,,,,,,,,,,,,false,true,6,2022-04-01,2022-09-30,1
2022-05-16,64880,2023-03-31,,6550000000,0.060,,,,,,,900000000,-0.063,640000000,,-0.098,50.14,,,,,,,,,,,,,,,26.00,,,,,,,false,true,12,2022-04-01,2023-03-31,1
2022-07-29,64880,2023-03-31,1,1871000000,0.169,,,,,170000000,0.104,362000000,0.603,,248000000,,19.47,,,,,,15575000000,13311000000,0.850,1036.76,13233000000,,,,,,,,,,,,true,false,3,2022-04-01,2022-06-30,0
2022-07-29,64880,2022-03-31,1,1600000000,0.077,,,,,154000000,0.418,225000000,0.382,,169000000,,13.26,,,,,,,,,,,,,,,,,,,,,,true,false,3,2021-04-01,2021-06-30,-1
2022-07-29,64880,2023-03-31,1,3630000000,0.068,,,,,470000000,0.057,650000000,0.094,,500000000,,39.17,,,,,,,,,,,,,,,,,,,,,,true,true,6,2022-04-01,2022-09-30,0
2022-07-29,64880,2023-03-31,1,7500000000,0.058,,,,,1040000000,0.101,1430000000,0.031,,1020000000,,79.91,,,,,,,,,,,,,,,,,,,,,,true,true,12,2022-04-01,2023-03-31,0
2022-07-29,64880,2022-03-31,1,,,,,,,,,,,,,,,,,,,,15313000000,13186000000,0.856,1027.14,13111000000,,,,,,,,,,,,true,false,12,2021-04-01,2022-03-31,-1
2022-07-29,64880,2022-03-31,1,,,,,,,,,,,,,,,,,,,,,,,,,,,,,25.00,,,,13934946,1170268,,false,false,12,2021-04-01,2022-03-31,-1
2022-07-29,64880,2023-03-31,1,,,,,,,,,,,,,,,,,,,,,,,,,,,,,26.00,,,,,,,false,true,12,2022-04-01,2023-03-31,0
2022-07-29,64880,2023-03-31,1,,,,,,,,,,,,,,,,,,,,,,,,,,,,,,,,,13934946,1170268,12764678,false,false,3,2022-04-01,2022-06-30,0
2022-07-29,64880,2022-03-31,1,,,,,,,,,,,,,,,,,,,,,,,,,,,,,,,,,,,12764678,false,false,3,2021-04-01,2021-06-30,-1
2022-10-31,64880,2023-03-31,2,3758000000,0.105,,,,,423000000,-0.047,766000000,0.290,,649000000,,50.86,,,,,,15633000000,13709000000,0.872,1068.44,13638000000,,,,,,,,,,,,true,false,6,2022-04-01,2022-09-30,0
2022-10-31,64880,2022-03-31,2,3400000000,0.130,,,,,444000000,1.339,593000000,0.915,,431000000,,33.79,,,,,,,,,,,,,,,,,,,,,,true,false,6,2021-04-01,2021-09-30,-1
2022-10-31,64880,2023-03-31,2,7500000000,0.058,,,,,1040000000,0.101,1430000000,0.031,,1020000000,,79.91,,,,,,,,,,,,,,,,,,,,,,true,true,12,2022-04-01,2023-03-31,0
2022-10-31,64880,2022-03-31,2,,,,,,,,,,,,,,,,,,,,15313000000,13186000000,0.856,1027.14,13111000000,,,,,,,,,,,,true,false,12,2021-04-01,2022-03-31,-1
2022-10-31,64880,2022-03-31,2,,,,,,,,,,,,,,,,,,,,,,,,,,,,,25.00,,,,13934946,1170268,,false,false,12,2021-04-01,2022-03-31,-1
2022-10-31,64880,2023-03-31,2,,,,,,,,,,,,,,,,,,,,,,,,,,,,,0.00,,,,,,,false,false,12,2022-04-01,2023-03-31,0
2022-10-31,64880,2023-03-31,2,,,,,,,,,,,,,,,,,,,,,,,,,,,,,26.00,,,,,,,false,true,12,2022-04-01,2023-03-31,0
2022-10-31,64880,2023-03-31,2,,,,,,,,,,,,,,,,,,,,,,,,,,,,,,,,,13934946,1170268,12764678,false,false,6,2022-04-01,2022-09-30,0
2022-10-31,64880,2022-03-31,2,,,,,,,,,,,,,,,,,,,,,,,,,,,,,,,,,,,12764678,false,false,6,2021-04-01,2021-09-30,-1
2023-01-31,64880,2023-03-31,3,5677000000,0.062,,,,,675000000,-0.058,996000000,0.034,,835000000,,65.46,,,,,,15691000000,13960000000,0.885,1089.54,13885000000,,,,,,,,,,,,true,false,9,2022-04-01,2022-12-31,0
2023-01-31,64880,2022-03-31,3,5346000000,0.166,,,,,716000000,1.347,964000000,0.966,,712000000,,55.83,,,,,,,,,,,,,,,,,,,,,,true,false,9,2021-04-01,2021-12-31,-1
2023-01-31,64880,2023-03-31,3,7500000000,0.058,,,,,1040000000,0.101,1430000000,0.031,,1020000000,,79.91,,,,,,,,,,,,,,,,,,,,,,true,true,12,2022-04-01,2023-03-31,0
2023-01-31,64880,2022-03-31,3,,,,,,,,,,,,,,,,,,,,15313000000,13186000000,0.856,1027.14,13111000000,,,,,,,,,,,,true,false,12,2021-04-01,2022-03-31,-1
2023-01-31,64880,2022-03-31,3,,,,,,,,,,,,,,,,,,,,,,,,,,,,,25.00,,,,13934946,1170268,,false,false,12,2021-04-01,2022-03-31,-1
2023-01-31,64880,2023-03-31,3,,,,,,,,,,,,,,,,,,,,,,,,,,,,,0.00,,,,,,,false,false,12,2022-04-01,2023-03-31,0
2023-01-31,64880,2023-03-31,3,,,,,,,,,,,,,,,,,,,,,,,,,,,,,26.00,,,,,,,false,true,12,2022-04-01,2023-03-31,0
2023-01-31,64880,2023-03-31,3,,,,,,,,,,,,,,,,,,,,,,,,,,,,,,,,,13934946,1190268,12761405,false,false,9,2022-04-01,2022-12-31,0
2023-01-31,64880,2022-03-31,3,,,,,,,,,,,,,,,,,,,,,,,,,,,,,,,,,,,12764678,false,false,9,2021-04-01,2021-12-31,-1
2023-05-15,64880,2023-03-31,,7517000000,0.002,,,,,890000000,-0.144,1320000000,-0.077,,1064000000,,83.42,,,,,,,,,,,,,,,,,,,,,,true,true,12,2022-04-01,2023-03-31,0
2023-05-15,64880,2022-03-31,,7091000000,,,,,,910000000,,1352000000,,,967000000,,75.78,,,,,,,,,,,,,,,,,,,,,,true,false,12,2021-04-01,2022-03-31,-1
2023-05-15,64880,2023-03-31,,6378000000,-0.026,,,,,,,1111000000,0.234,949000000,,0.483,74.42,,,,,,,,,,,,,,,,,,,,,,false,true,12,2022-04-01,2023-03-31,0
2023-05-15,64880,2022-03-31,,6177000000,,,,,,,,931000000,,698000000,,,54.76,,,,,,,,,,,,,,,,,,,,,,false,false,12,2021-04-01,2022-03-31,-1
2023-05-16,64880,2023-03-31,,7517000000,0.060,,,,,890000000,-0.022,1320000000,-0.024,,1064000000,,83.42,,0.077,0.082,0.118,,16796000000,14478000000,0.857,1130.02,14401000000,961000000,-1586000000,-67000000,2230000000,,0.312,,,,,,true,false,12,2022-04-01,2023-03-31,0
2023-05-16,64880,2022-03-31,,7091000000,0.132,,,,,910000000,0.993,1352000000,0.739,,967000000,,75.78,,0.076,0.092,0.128,,15313000000,13186000000,0.856,1027.14,13111000000,1259000000,-801000000,-227000000,2849000000,,0.330,,,,,,true,false,12,2021-04-01,2022-03-31,-1
2023-05-16,64880,2024-03-31,,4160000000,0.107,,,,,480000000,0.132,810000000,0.053,,630000000,,49.43,,,,,,,,,,,,,,,,,,,,,,true,true,6,2023-04-01,2023-09-30,1
2023-05-16,64880,2024-03-31,,8400000000,0.118,,,,,1020000000,0.074,1500000000,0.132,,1100000000,,86.31,,,,,,,,,,,,,,,,0.313,,,,,,true,true,12,2023-04-01,2024-03-31,1
2023-05-16,64880,2023-03-31,,6378000000,0.033,,,,,664000000,0.219,1111000000,0.193,949000000,,0.358,74.42,,,,,,13016000000,11029000000,0.847,865.44,11029000000,,,,,26.00,,,,13934946,1190268,12757281,false,false,12,2022-04-01,2023-03-31,0
2023-05-16,64880,2022-03-31,,6177000000,0.147,,,,,545000000,1.576,931000000,0.687,698000000,,0.657,54.76,,,,,,12364000000,10403000000,0.841,815.05,10403000000,,,,,25.00,,,,13934946,1170268,12764678,false,false,12,2021-04-01,2022-03-31,-1
2023-05-16,64880,2024-03-31,,3290000000,0.027,,,,,,,560000000,-0.139,440000000,,-0.257,34.52,,,,,,,,,,,,,,,,,,,,,,false,true,6,2023-04-01,2023-09-30,1
2023-05-16,64880,2024-03-31,,6780000000,0.063,,,,,,,1110000000,-0.001,920000000,,-0.029,72.19,,,,,,,,,,,,,,,27.00,,,,,,,false,true,12,2023-04-01,2024-03-31,1
2023-07-31,64880,2024-03-31,1,2005000000,0.075,,,,,249000000,0.490,487000000,0.357,,335000000,,26.32,,,,,,17314000000,14791000000,0.850,1154.32,14711000000,,,,,,,,,,,,true,false,3,2023-04-01,2023-06-30,0
2023-07-31,64880,2023-03-31,1,1865000000,0.165,,,,,167000000,0.083,358000000,0.588,,245000000,,19.25,,,,,,,,,,,,,,,,,,,,,,true,false,3,2022-04-01,2022-06-30,-1
2023-07-31,64880,2024-03-31,1,4160000000,0.107,,,,,480000000,0.132,810000000,0.053,,630000000,,49.43,,,,,,,,,,,,,,,,,,,,,,true,true,6,2023-04-01,2023-09-30,0
2023-07-31,64880,2024-03-31,1,8400000000,0.118,,,,,1020000000,0.074,1500000000,0.132,,1100000000,,86.31,,,,,,,,,,,,,,,,,,,,,,true,true,12,2023-04-01,2024-03-31,0
2023-07-31,64880,2023-03-31,1,,,,,,,,,,,,,,,,,,,,16796000000,14478000000,0.857,1130.02,14401000000,,,,,,,,,,,,true,false,12,2022-04-01,2023-03-31,-1
2023-07-31,64880,2023-03-31,1,,,,,,,,,,,,,,,,,,,,,,,,,,,,,26.00,,,,13934946,1190268,,false,false,12,2022-04-01,2023-03-31,-1
2023-07-31,64880,2024-03-31,1,,,,,,,,,,,,,,,,,,,,,,,,,,,,,27.00,,,,,,,false,true,12,2023-04-01,2024-03-31,0
2023-07-31,64880,2024-03-31,1,,,,,,,,,,,,,,,,,,,,,,,,,,,,,,,,,13934946,1190268,12744678,false,false,3,2023-04-01,2023-06-30,0
2023-07-31,64880,2023-03-31,1,,,,,,,,,,,,,,,,,,,,,,,,,,,,,,,,,,,12764678,false,false,3,2022-04-01,2022-06-30,-1
2023-10-31,64880,2024-03-31,2,4195000000,0.116,,,,,515000000,0.215,883000000,0.152,,635000000,,49.88,,,,,,17676000000,15022000000,0.846,1173.06,14950000000,,,,,,,,,,,,true,false,6,2023-04-01,2023-09-30,0
2023-10-31,64880,2023-03-31,2,3758000000,0.105,,,,,423000000,-0.047,766000000,0.290,,649000000,,50.86,,,,,,,,,,,,,,,,,,,,,,true,false,6,2022-04-01,2022-09-30,-1
2023-10-31,64880,2024-03-31,2,8400000000,0.118,,,,,1020000000,0.074,1500000000,0.132,,1100000000,,86.31,,,,,,,,,,,,,,,,,,,,,,true,true,12,2023-04-01,2024-03-31,0
2023-10-31,64880,2023-03-31,2,,,,,,,,,,,,,,,,,,,,16796000000,14478000000,0.857,1130.02,14401000000,,,,,,,,,,,,true,false,12,2022-04-01,2023-03-31,-1
2023-10-31,64880,2023-03-31,2,,,,,,,,,,,,,,,,,,,,,,,,,,,,,26.00,,,,13934946,1190268,,false,false,12,2022-04-01,2023-03-31,-1
2023-10-31,64880,2024-03-31,2,,,,,,,,,,,,,,,,,,,,,,,,,,,,,0.00,,,,,,,false,false,12,2023-04-01,2024-03-31,0
2023-10-31,64880,2024-03-31,2,,,,,,,,,,,,,,,,,,,,,,,,,,,,,27.00,,,,,,,false,true,12,2023-04-01,2024-03-31,0
2023-10-31,64880,2024-03-31,2,,,,,,,,,,,,,,,,,,,,,,,,,,,,,,,,,13934946,1190268,12744678,false,false,6,2023-04-01,2023-09-30,0
2023-10-31,64880,2023-03-31,2,,,,,,,,,,,,,,,,,,,,,,,,,,,,,,,,,,,12764678,false,false,6,2022-04-01,2022-09-30,-1
2024-01-31,64880,2024-03-31,3,6483000000,0.142,,,,,724000000,0.073,1142000000,0.146,,852000000,,66.91,,,,,,19128000000,15299000000,0.796,1197.27,15226000000,,,,,,,,,,,,true,false,9,2023-04-01,2023-12-31,0
2024-01-31,64880,2023-03-31,3,5677000000,0.062,,,,,675000000,-0.058,996000000,0.034,,835000000,,65.46,,,,,,,,,,,,,,,,,,,,,,true,false,9,2022-04-01,2022-12-31,-1
2024-01-31,64880,2024-03-31,3,8400000000,0.118,,,,,1020000000,0.074,1500000000,0.132,,1100000000,,86.31,,,,,,,,,,,,,,,,,,,,,,true,true,12,2023-04-01,2024-03-31,0
2024-01-31,64880,2023-03-31,3,,,,,,,,,,,,,,,,,,,,16796000000,14478000000,0.857,1130.02,14401000000,,,,,,,,,,,,true,false,12,2022-04-01,2023-03-31,-1
2024-01-31,64880,2023-03-31,3,,,,,,,,,,,,,,,,,,,,,,,,,,,,,26.00,,,,13934946,1190268,,false,false,12,2022-04-01,2023-03-31,-1
2024-01-31,64880,2024-03-31,3,,,,,,,,,,,,,,,,,,,,,,,,,,,,,0.00,,,,,,,false,false,12,2023-04-01,2024-03-31,0
2024-01-31,64880,2024-03-31,3,,,,,,,,,,,,,,,,,,,,,,,,,,,,,27.00,,,,,,,false,true,12,2023-04-01,2024-03-31,0
2024-01-31,64880,2024-03-31,3,,,,,,,,,,,,,,,,,,,,,,,,,,,,,,,,,13934946,1217068,12740098,false,false,9,2023-04-01,2023-12-31,0
2024-01-31,64880,2023-03-31,3,,,,,,,,,,,,,,,,,,,,,,,,,,,,,,,,,,,12761405,false,false,9,2022-04-01,2022-12-31,-1
2024-05-16,64880,2024-03-31,,8952000000,0.191,,,,,874000000,-0.017,1484000000,0.124,,1133000000,,89.03,,0.075,0.082,0.098,,19340000000,15788000000,0.809,1230.44,15648000000,1450000000,-1081000000,312000000,3002000000,,0.303,,,,,,true,false,12,2023-04-01,2024-03-31,0
2024-05-16,64880,2023-03-31,,7517000000,0.060,,,,,890000000,-0.022,1320000000,-0.024,,1064000000,,83.42,,0.077,0.082,0.118,,16796000000,14478000000,0.857,1130.02,14401000000,961000000,-1586000000,-67000000,2230000000,,0.312,,,,,,true,false,12,2022-04-01,2023-03-31,-1
2024-05-16,64880,2025-03-31,,4710000000,0.123,,,,,520000000,0.009,820000000,-0.072,,620000000,,48.75,,,,,,,,,,,,,,,,,,,,,,true,true,6,2024-04-01,2024-09-30,1
2024-05-16,64880,2025-03-31,,9700000000,0.084,,,,,870000000,-0.006,1350000000,-0.091,,1000000000,,78.63,,,,,,,,,,,,,,,,0.343,,,,,,true,true,12,2024-04-01,2025-03-31,1
2024-05-16,64880,2024-03-31,,6519000000,0.022,,,,,711000000,0.071,1263000000,0.137,1005000000,,0.059,78.97,,,,,,14557000000,11742000000,0.807,923.31,11742000000,,,,,27.00,,,,13934946,1217068,12734573,false,false,12,2023-04-01,2024-03-31,0
2024-05-16,64880,2023-03-31,,6378000000,0.033,,,,,664000000,0.219,1111000000,0.193,949000000,,0.358,74.42,,,,,,13016000000,11029000000,0.847,865.44,11029000000,,,,,26.00,,,,13934946,1190268,12757281,false,false,12,2022-04-01,2023-03-31,-1
2024-05-16,64880,2025-03-31,,3290000000,0.036,,,,,,,650000000,-0.142,500000000,,-0.133,39.31,,,,,,,,,,,,,,,,,,,,,,false,true,6,2024-04-01,2024-09-30,1
2024-05-16,64880,2025-03-31,,6780000000,0.040,,,,,,,1100000000,-0.129,850000000,,-0.155,66.84,,,,,,,,,,,,,,,27.00,,,,,,,false,true,12,2024-04-01,2025-03-31,1
2024-07-31,64880,2025-03-31,1,2198000000,0.096,,,,,195000000,-0.217,338000000,-0.305,,242000000,,19.10,,,,,,19854000000,16040000000,0.801,1250.05,15898000000,,,,,,,,,,,,true,false,3,2024-04-01,2024-06-30,0
2024-07-31,64880,2024-03-31,1,2005000000,0.075,,,,,249000000,0.490,487000000,0.357,,335000000,,26.32,,,,,,,,,,,,,,,,,,,,,,true,false,3,2023-04-01,2023-06-30,-1
2024-07-31,64880,2025-03-31,1,4710000000,0.123,,,,,520000000,0.009,820000000,-0.072,,620000000,,48.75,,,,,,,,,,,,,,,,,,,,,,true,true,6,2024-04-01,2024-09-30,0
2024-07-31,64880,2025-03-31,1,9700000000,0.084,,,,,870000000,-0.006,1350000000,-0.091,,1000000000,,78.63,,,,,,,,,,,,,,,,,,,,,,true,true,12,2024-04-01,2025-03-31,0
2024-07-31,64880,2024-03-31,1,,,,,,,,,,,,,,,,,,,,19340000000,15788000000,0.809,1230.44,15648000000,,,,,,,,,,,,true,false,12,2023-04-01,2024-03-31,-1
2024-07-31,64880,2024-03-31,1,,,,,,,,,,,,,,,,,,,,,,,,,,,,,27.00,,,,13934946,1217068,,false,false,12,2023-04-01,2024-03-31,-1
2024-07-31,64880,2025-03-31,1,,,,,,,,,,,,,,,,,,,,,,,,,,,,,27.00,,,,,,,false,true,12,2024-04-01,2025-03-31,0
2024-07-31,64880,2025-03-31,1,,,,,,,,,,,,,,,,,,,,,,,,,,,,,,,,,13934946,1217068,12717878,false,false,3,2024-04-01,2024-06-30,0
2024-07-31,64880,2024-03-31,1,,,,,,,,,,,,,,,,,,,,,,,,,,,,,,,,,,,12744678,false,false,3,2023-04-01,2023-06-30,-1
2024-10-30,64880,2025-03-31,,4755000000,0.010,,,,,473000000,-0.090,518000000,-0.368,,407000000,,32.07,,,,,,,,,,,,,,,,,,,,,,true,true,6,2024-04-01,2024-09-30,0
2024-10-30,64880,2024-03-31,,4195000000,,,,,,515000000,,883000000,,,635000000,,49.88,,,,,,,,,,,,,,,,,,,,,,true,false,6,2023-04-01,2023-09-30,-1
2024-10-31,64880,2025-03-31,2,4755000000,0.133,,,,,473000000,-0.081,518000000,-0.413,,407000000,,32.07,,,,,,20010000000,16222000000,0.804,1264.35,16079000000,,,,,,,,,,,,true,false,6,2024-04-01,2024-09-30,0
2024-10-31,64880,2024-03-31,2,4195000000,0.116,,,,,515000000,0.215,883000000,0.152,,635000000,,49.88,,,,,,,,,,,,,,,,,,,,,,true,false,6,2023-04-01,2023-09-30,-1
2024-10-31,64880,2025-03-31,2,9700000000,0.084,,,,,870000000,-0.006,1350000000,-0.091,,1000000000,,78.63,,,,,,,,,,,,,,,,,,,,,,true,true,12,2024-04-01,2025-03-31,0
2024-10-31,64880,2024-03-31,2,,,,,,,,,,,,,,,,,,,,19340000000,15788000000,0.809,1230.44,15648000000,,,,,,,,,,,,true,false,12,2023-04-01,2024-03-31,-1
2024-10-31,64880,2024-03-31,2,,,,,,,,,,,,,,,,,,,,,,,,,,,,,27.00,,,,13934946,1217068,,false,false,12,2023-04-01,2024-03-31,-1
2024-10-31,64880,2025-03-31,2,,,,,,,,,,,,,,,,,,,,,,,,,,,,,0.00,,,,,,,false,false,12,2024-04-01,2025-03-31,0
2024-10-31,64880,2025-03-31,2,,,,,,,,,,,,,,,,,,,,,,,,,,,,,27.00,,,,,,,false,true,12,2024-04-01,2025-03-31,0
2024-10-31,64880,2025-03-31,2,,,,,,,,,,,,,,,,,,,,,,,,,,,,,,,,,13934946,1217068,12717878,false,false,6,2024-04-01,2024-09-30,0
2024-10-31,64880,2024-03-31,2,,,,,,,,,,,,,,,,,,,,,,,,,,,,,,,,,,,12744678,false,false,6,2023-04-01,2023-09-30,-1
2025-01-31,64880,2025-03-31,3,7248000000,0.118,,,,,729000000,0.006,1010000000,-0.115,,760000000,,59.82,,,,,,20426000000,16943000000,0.823,1321.29,16803000000,,,,,,,,,,,,true,false,9,2024-04-01,2024-12-31,0
2025-01-31,64880,2024-03-31,3,6483000000,0.142,,,,,724000000,0.073,1142000000,0.146,,852000000,,66.91,,,,,,,,,,,,,,,,,,,,,,true,false,9,2023-04-01,2023-12-31,-1
2025-01-31,64880,2025-03-31,3,9700000000,0.084,,,,,870000000,-0.006,1350000000,-0.091,,1000000000,,78.63,,,,,,,,,,,,,,,,,,,,,,true,true,12,2024-04-01,2025-03-31,0
2025-01-31,64880,2024-03-31,3,,,,,,,,,,,,,,,,,,,,19340000000,15788000000,0.809,1230.44,15648000000,,,,,,,,,,,,true,false,12,2023-04-01,2024-03-31,-1
2025-01-31,64880,2024-03-31,3,,,,,,,,,,,,,,,,,,,,,,,,,,,,,27.00,,,,13934946,1217068,,false,false,12,2023-04-01,2024-03-31,-1
2025-01-31,64880,2025-03-31,3,,,,,,,,,,,,,,,,,,,,,,,,,,,,,0.00,,,,,,,false,false,12,2024-04-01,2025-03-31,0
2025-01-31,64880,2025-03-31,3,,,,,,,,,,,,,,,,,,,,,,,,,,,,,27.00,,,,,,,false,true,12,2024-04-01,2025-03-31,0
2025-01-31,64880,2025-03-31,3,,,,,,,,,,,,,,,,,,,,,,,,,,,,,,,,,13934946,1217114,12717875,false,false,9,2024-04-01,2024-12-31,0
2025-01-31,64880,2024-03-31,3,,,,,,,,,,,,,,,,,,,,,,,,,,,,,,,,,,,12740098,false,false,9,2023-04-01,2023-12-31,-1
2025-05-16,64880,2025-03-31,,9843000000,0.099,,,,,1068000000,0.222,1449000000,-0.023,,932000000,,73.36,,0.057,0.073,0.109,,20258000000,16964000000,0.830,1322.58,16820000000,1419000000,-396000000,-677000000,3469000000,,0.368,,,,,,true,false,12,2024-04-01,2025-03-31,0
2025-05-16,64880,2024-03-31,,8952000000,0.191,,,,,874000000,-0.017,1484000000,0.124,,1133000000,,89.03,,0.075,0.082,0.098,,19340000000,15788000000,0.809,1230.44,15648000000,1450000000,-1081000000,312000000,3002000000,,0.303,,,,,,true,false,12,2023-04-01,2024-03-31,-1
2025-05-16,64880,2026-03-31,,5140000000,0.081,,,,,550000000,0.161,780000000,0.504,,690000000,,54.25,,,,,,,,,,,,,,,,,,,,,,true,true,6,2025-04-01,2025-09-30,1
2025-05-16,64880,2026-03-31,,10530000000,0.070,,,,,1250000000,0.169,1590000000,0.097,,1185000000,,93.18,,,,,,,,,,,,,,,,0.301,,,,,,true,true,12,2025-04-01,2026-03-31,1
2025-05-16,64880,2025-03-31,,6852000000,0.051,,,,,765000000,0.075,1105000000,-0.125,633000000,,-0.370,49.84,,,,,,14548000000,12029000000,0.827,945.86,12029000000,,,,,27.00,,,,13934946,1217114,12717862,false,false,12,2024-04-01,2025-03-31,0
2025-05-16,64880,2024-03-31,,6519000000,0.022,,,,,711000000,0.071,1263000000,0.137,1005000000,,0.059,78.97,,,,,,14557000000,11742000000,0.807,923.31,11742000000,,,,,27.00,,,,13934946,1217068,12734573,false,false,12,2023-04-01,2024-03-31,-1
2025-05-16,64880,2026-03-31,,3500000000,0.057,,,,,,,750000000,0.346,660000000,,0.513,51.90,,,,,,,,,,,,,,,,,,,,,,false,true,6,2025-04-01,2025-09-30,1
2025-05-16,64880,2026-03-31,,7240000000,0.056,,,,,,,1350000000,0.221,1080000000,,0.704,84.92,,,,,,,,,,,,,,,28.00,,,,,,,false,true,12,2025-04-01,2026-03-31,1
