filing_date,code,fiscal_year_end,quarterly_period,net_sales,net_sales_change,revenue,revenue_change,operating_revenue,operating_revenue_change,operating_profit,operating_profit_change,ordinary_profit,ordinary_profit_change,net_income,net_income_of_parent,net_income_change,eps,diluted_eps,roe,roa,operating_profit_to_net_sales,operating_profit_to_revenue,total_assets,net_assets,equity_ratio,bps,owner_equity,operating_cash_flow,investing_cash_flow,financing_cash_flow,cash,dividend_per_share,payout_ratio,commemorative_dividend,extra_dividend,number_of_shares,number_of_treqsury_shares,avg_number_of_shares,is_consolidated,is_forecast,duration,period_start,period_end,period_pos
2015-05-14,64930,2015-03-31,,43105000000,0.106,,,,,2617000000,1.253,3201000000,0.955,658000000,,2.423,22.80,,0.027,0.059,0.061,,57356000000,32867000000,0.439,871.47,25173000000,3568000000,-5568000000,1126000000,5250000000,,0.439,,,,,,true,false,12,2014-04-01,2015-03-31,0
2015-05-14,64930,2014-03-31,,38972000000,0.098,,,,,1161000000,0.152,1637000000,0.107,192000000,,,6.66,,0.009,0.035,0.030,,51248000000,29196000000,0.450,797.86,23047000000,2715000000,-6259000000,4456000000,4951000000,,1.501,,,,,,true,false,12,2013-04-01,2014-03-31,-1
2015-05-14,64930,2016-03-31,,21000000000,0.074,,,,,1600000000,0.774,1700000000,0.644,,500000000,,17.31,,,,,,,,,,,,,,,,,,,,,,true,true,6,2015-04-01,2015-09-30,1
2015-05-14,64930,2016-03-31,,42700000000,-0.009,,,,,3100000000,0.184,3200000000,-0.000,,1000000000,,34.62,,,,,,,,,,,,,,,,0.289,,,,,,true,true,12,2015-04-01,2016-03-31,1
2015-05-14,64930,2015-03-31,,19263000000,-0.120,,,,,91000000,-0.222,1052000000,0.122,518000000,,-0.217,17.93,,,,,,35132000000,21454000000,0.611,742.73,21454000000,,,,,10.00,,,,28978860,92362,28886766,false,false,12,2014-04-01,2015-03-31,0
2015-05-14,64930,2014-03-31,,21883000000,-0.007,,,,,117000000,,937000000,0.294,661000000,,,22.89,,,,,,33512000000,20317000000,0.606,703.35,20317000000,,,,,10.00,,,,28978860,91770,28887563,false,false,12,2013-04-01,2014-03-31,-1
2015-05-14,64930,2016-03-31,,8600000000,-0.147,,,,,30000000,,200000000,-0.435,150000000,,,5.19,,,,,,,,,,,,,,,,,,,,,,false,true,6,2015-04-01,2015-09-30,1
2015-05-14,64930,2016-03-31,,18000000000,-0.066,,,,,130000000,0.426,900000000,-0.145,650000000,,0.255,22.50,,,,,,,,,,,,,,,10.00,,,,,,,false,true,12,2015-04-01,2016-03-31,1
2015-07-31,64930,2016-03-31,1,10648000000,0.088,,,,,870000000,0.796,927000000,0.481,,465000000,,16.10,,,,,,58221000000,33249000000,0.437,,25465000000,,,,,,,,,,,,true,false,3,2015-04-01,2015-06-30,0
2015-07-31,64930,2015-03-31,1,9787000000,0.053,,,,,484000000,-0.232,626000000,-0.237,,107000000,,3.71,,,,,,,,,,,,,,,,,,,,,,true,false,3,2014-04-01,2014-06-30,-1
2015-07-31,64930,2016-03-31,1,21000000000,0.074,,,,,1600000000,0.774,1700000000,0.644,,500000000,,17.31,,,,,,,,,,,,,,,,,,,,,,true,true,6,2015-04-01,2015-09-30,0
2015-07-31,64930,2016-03-31,1,42700000000,-0.009,,,,,3100000000,0.184,3200000000,-0.000,,1000000000,,34.62,,,,,,,,,,,,,,,,,,,,,,true,true,12,2015-04-01,2016-03-31,0
2015-07-31,64930,2015-03-31,1,,,,,,,,,,,,,,,,,,,,57356000000,32867000000,0.439,,25173000000,,,,,,,,,,,,true,false,12,2014-04-01,2015-03-31,-1
2015-07-31,64930,2015-03-31,1,,,,,,,,,,,,,,,,,,,,,,,,,,,,,10.00,,,,28978860,92362,,false,false,12,2014-04-01,2015-03-31,-1
2015-07-31,64930,2016-03-31,1,,,,,,,,,,,,,,,,,,,,,,,,,,,,,10.00,,,,,,,false,true,12,2015-04-01,2016-03-31,0
2015-07-31,64930,2016-03-31,1,,,,,,,,,,,,,,,,,,,,,,,,,,,,,,,,,28978860,92455,28886458,false,false,3,2015-04-01,2015-06-30,0
2015-07-31,64930,2015-03-31,1,,,,,,,,,,,,,,,,,,,,,,,,,,,,,,,,,,,28886958,false,false,3,2014-04-01,2014-06-30,-1
2015-10-30,64930,2016-03-31,2,21497000000,0.099,,,,,1544000000,0.713,1583000000,0.531,,493000000,,17.09,,,,,,57454000000,32964000000,0.432,,24800000000,,,,,,,,,,,,true,false,6,2015-04-01,2015-09-30,0
2015-10-30,64930,2015-03-31,2,19558000000,0.028,,,,,901000000,-0.026,1034000000,-0.106,,31000000,,1.10,,,,,,,,,,,,,,,,,,,,,,true,false,6,2014-04-01,2014-09-30,-1
2015-10-30,64930,2016-03-31,2,42700000000,-0.009,,,,,3100000000,0.184,3200000000,-0.000,,1000000000,,34.62,,,,,,,,,,,,,,,,,,,,,,true,true,12,2015-04-01,2016-03-31,0
2015-10-30,64930,2015-03-31,2,,,,,,,,,,,,,,,,,,,,57356000000,32867000000,0.439,,25173000000,,,,,,,,,,,,true,false,12,2014-04-01,2015-03-31,-1
2015-10-30,64930,2015-03-31,2,,,,,,,,,,,,,,,,,,,,,,,,,,,,,10.00,,,,28978860,92362,,false,false,12,2014-04-01,2015-03-31,-1
2015-10-30,64930,2016-03-31,2,,,,,,,,,,,,,,,,,,,,,,,,,,,,,5.00,,,,,,,false,false,12,2015-04-01,2016-03-31,0
2015-10-30,64930,2016-03-31,2,,,,,,,,,,,,,,,,,,,,,,,,,,,,,10.00,,,,,,,false,true,12,2015-04-01,2016-03-31,0
2015-10-30,64930,2016-03-31,2,,,,,,,,,,,,,,,,,,,,,,,,,,,,,,,,,28978860,92718,28886300,false,false,6,2015-04-01,2015-09-30,0
2015-10-30,64930,2015-03-31,2,,,,,,,,,,,,,,,,,,,,,,,,,,,,,,,,,,,28886888,false,false,6,2014-04-01,2014-09-30,-1
2016-01-29,64930,2016-03-31,3,31494000000,0.038,,,,,2402000000,0.554,2412000000,0.279,,896000000,,31.05,,,,,,58458000000,32813000000,0.425,,24833000000,,,,,,,,,,,,true,false,9,2015-04-01,2015-12-31,0
2016-01-29,64930,2015-03-31,3,30329000000,0.074,,,,,1545000000,0.470,1885000000,0.381,,336000000,,11.66,,,,,,,,,,,,,,,,,,,,,,true,false,9,2014-04-01,2014-12-31,-1
2016-01-29,64930,2016-03-31,3,42700000000,-0.009,,,,,3100000000,0.184,3200000000,-0.000,,1000000000,,34.62,,,,,,,,,,,,,,,,,,,,,,true,true,12,2015-04-01,2016-03-31,0
2016-01-29,64930,2015-03-31,3,,,,,,,,,,,,,,,,,,,,57356000000,32867000000,0.439,,25173000000,,,,,,,,,,,,true,false,12,2014-04-01,2015-03-31,-1
2016-01-29,64930,2015-03-31,3,,,,,,,,,,,,,,,,,,,,,,,,,,,,,10.00,,,,28978860,92362,,false,false,12,2014-04-01,2015-03-31,-1
2016-01-29,64930,2016-03-31,3,,,,,,,,,,,,,,,,,,,,,,,,,,,,,5.00,,,,,,,false,false,12,2015-04-01,2016-03-31,0
2016-01-29,64930,2016-03-31,3,,,,,,,,,,,,,,,,,,,,,,,,,,,,,10.00,,,,,,,false,true,12,2015-04-01,2016-03-31,0
2016-01-29,64930,2016-03-31,3,,,,,,,,,,,,,,,,,,,,,,,,,,,,,,,,,28978860,92789,28886231,false,false,9,2015-04-01,2015-12-31,0
2016-01-29,64930,2015-03-31,3,,,,,,,,,,,,,,,,,,,,,,,,,,,,,,,,,,,28886830,false,false,9,2014-04-01,2014-12-31,-1
2016-05-10,64930,2016-03-31,,42500000000,-0.005,,,,,3100000000,0.000,3100000000,-0.031,,950000000,,32.89,,,,,,,,,,,,,,,,,,,,,,true,true,12,2015-04-01,2016-03-31,0
2016-05-10,64930,2015-03-31,,43105000000,,,,,,2617000000,,3201000000,,,658000000,,22.80,,,,,,,,,,,,,,,,,,,,,,true,false,12,2014-04-01,2015-03-31,-1
2016-05-10,64930,2016-03-31,,17900000000,-0.006,,,,,-320000000,,400000000,-0.556,260000000,,-0.600,9.00,,,,,,,,,,,,,,,,,,,,,,false,true,12,2015-04-01,2016-03-31,0
2016-05-10,64930,2015-03-31,,19263000000,,,,,,91000000,,1052000000,,518000000,,,17.93,,,,,,,,,,,,,,,,,,,,,,false,false,12,2014-04-01,2015-03-31,-1
2016-05-13,64930,2016-03-31,,42494000000,-0.014,,,,,3124000000,0.194,3140000000,-0.019,,953000000,,33.02,,0.039,0.055,0.074,,55833000000,31384000000,0.419,810.47,23411000000,5254000000,-3465000000,-1006000000,5729000000,,0.303,,,,,,true,false,12,2015-04-01,2016-03-31,0
2016-05-13,64930,2015-03-31,,43105000000,0.106,,,,,2617000000,1.253,3201000000,0.955,,658000000,,22.80,,0.027,0.059,0.061,,57356000000,32867000000,0.439,871.47,25173000000,3568000000,-5568000000,1126000000,5250000000,,0.439,,,,,,true,false,12,2014-04-01,2015-03-31,-1
2016-05-13,64930,2017-03-31,,20900000000,-0.028,,,,,1600000000,0.036,1650000000,0.042,,650000000,,22.50,,,,,,,,,,,,,,,,,,,,,,true,true,6,2016-04-01,2016-09-30,1
2016-05-13,64930,2017-03-31,,42600000000,0.002,,,,,3750000000,0.200,3800000000,0.210,,1700000000,,58.85,,,,,,,,,,,,,,,,0.204,,,,,,true,true,12,2016-04-01,2017-03-31,1
2016-05-13,64930,2016-03-31,,17892000000,-0.071,,,,,-318000000,,398000000,-0.621,266000000,,-0.486,9.22,,,,,,34443000000,20414000000,0.593,706.72,20414000000,,,,,10.00,,,,28978860,92902,28886168,false,false,12,2015-04-01,2016-03-31,0
2016-05-13,64930,2015-03-31,,19263000000,-0.120,,,,,91000000,-0.222,1052000000,0.122,518000000,,-0.217,17.93,,,,,,35132000000,21454000000,0.611,742.73,21454000000,,,,,10.00,,,,28978860,92362,28886766,false,false,12,2014-04-01,2015-03-31,-1
2016-05-13,64930,2017-03-31,,,,,,,,,,,,,,,,,,,,,,,,,,,,,,12.00,,,,,,,false,true,12,2016-04-01,2017-03-31,1
2016-07-29,64930,2017-03-31,1,10427000000,-0.021,,,,,997000000,0.146,916000000,-0.012,,361000000,,12.50,,,,,,52861000000,29710000000,0.423,,22336000000,,,,,,,,,,,,true,false,3,2016-04-01,2016-06-30,0
2016-07-29,64930,2016-03-31,1,10648000000,0.088,,,,,870000000,0.796,927000000,0.481,,465000000,,16.10,,,,,,,,,,,,,,,,,,,,,,true,false,3,2015-04-01,2015-06-30,-1
2016-07-29,64930,2017-03-31,1,20900000000,-0.028,,,,,1600000000,0.036,1650000000,0.042,,650000000,,22.50,,,,,,,,,,,,,,,,,,,,,,true,true,6,2016-04-01,2016-09-30,0
2016-07-29,64930,2017-03-31,1,42600000000,0.002,,,,,3750000000,0.200,3800000000,0.210,,1700000000,,58.85,,,,,,,,,,,,,,,,,,,,,,true,true,12,2016-04-01,2017-03-31,0
2016-07-29,64930,2016-03-31,1,,,,,,,,,,,,,,,,,,,,55833000000,31384000000,0.419,,23411000000,,,,,,,,,,,,true,false,12,2015-04-01,2016-03-31,-1
2016-07-29,64930,2016-03-31,1,,,,,,,,,,,,,,,,,,,,,,,,,,,,,10.00,,,,28978860,92902,,false,false,12,2015-04-01,2016-03-31,-1
2016-07-29,64930,2017-03-31,1,,,,,,,,,,,,,,,,,,,,,,,,,,,,,12.00,,,,,,,false,true,12,2016-04-01,2017-03-31,0
2016-07-29,64930,2017-03-31,1,,,,,,,,,,,,,,,,,,,,,,,,,,,,,,,,,28978860,93035,28885838,false,false,3,2016-04-01,2016-06-30,0
2016-07-29,64930,2016-03-31,1,,,,,,,,,,,,,,,,,,,,,,,,,,,,,,,,,,,28886458,false,false,3,2015-04-01,2015-06-30,-1
2016-12-14,64930,2017-03-31,2,19823000000,-0.078,,,,,1621000000,0.082,1592000000,0.035,,696000000,,24.11,,,,,,50576000000,28746000000,0.430,,21763000000,,,,,,,,,,,,true,false,6,2016-04-01,2016-09-30,0
2016-12-14,64930,2016-03-31,2,21497000000,0.099,,,,,1498000000,0.623,1537000000,0.457,,449000000,,15.54,,,,,,,,,,,,,,,,,,,,,,true,false,6,2015-04-01,2015-09-30,-1
2016-12-14,64930,2017-03-31,2,42600000000,0.003,,,,,3750000000,0.202,3800000000,0.212,,1700000000,,58.85,,,,,,,,,,,,,,,,,,,,,,true,true,12,2016-04-01,2017-03-31,0
2016-12-14,64930,2016-03-31,2,,,,,,,,,,,,,,,,,,,,55404000000,30955000000,0.415,,22999000000,,,,,,,,,,,,true,false,12,2015-04-01,2016-03-31,-1
2016-12-14,64930,2016-03-31,2,,,,,,,,,,,,,,,,,,,,,,,,,,,,,10.00,,,,28978860,92902,,false,false,12,2015-04-01,2016-03-31,-1
2016-12-14,64930,2017-03-31,2,,,,,,,,,,,,,,,,,,,,,,,,,,,,,6.00,,,,,,,false,false,12,2016-04-01,2017-03-31,0
2016-12-14,64930,2017-03-31,2,,,,,,,,,,,,,,,,,,,,,,,,,,,,,12.00,,,,,,,false,true,12,2016-04-01,2017-03-31,0
2016-12-14,64930,2017-03-31,2,,,,,,,,,,,,,,,,,,,,,,,,,,,,,,,,,28978860,93083,28885823,false,false,6,2016-04-01,2016-09-30,0
2016-12-14,64930,2016-03-31,2,,,,,,,,,,,,,,,,,,,,,,,,,,,,,,,,,,,28886300,false,false,6,2015-04-01,2015-09-30,-1
2016-07-29,64930,2017-03-31,1,10432000000,-0.020,,,,,991000000,0.167,995000000,0.098,,457000000,,15.83,,,,,,52549000000,29388000000,0.419,,22014000000,,,,,,,,,,,,true,false,3,2016-04-01,2016-06-30,0
2016-07-29,64930,2016-03-31,1,10648000000,0.088,,,,,849000000,0.723,906000000,0.429,,444000000,,15.39,,,,,,,,,,,,,,,,,,,,,,true,false,3,2015-04-01,2015-06-30,-1
2016-07-29,64930,2017-03-31,1,20900000000,-0.028,,,,,1600000000,0.068,1650000000,0.073,,650000000,,22.50,,,,,,,,,,,,,,,,,,,,,,true,true,6,2016-04-01,2016-09-30,0
2016-07-29,64930,2017-03-31,1,42600000000,0.003,,,,,3750000000,0.202,3800000000,0.212,,1700000000,,58.85,,,,,,,,,,,,,,,,,,,,,,true,true,12,2016-04-01,2017-03-31,0
2016-07-29,64930,2016-03-31,1,,,,,,,,,,,,,,,,,,,,55404000000,30955000000,0.415,,22999000000,,,,,,,,,,,,true,false,12,2015-04-01,2016-03-31,-1
2016-07-29,64930,2016-03-31,1,,,,,,,,,,,,,,,,,,,,,,,,,,,,,10.00,,,,28978860,92902,,false,false,12,2015-04-01,2016-03-31,-1
2016-07-29,64930,2017-03-31,1,,,,,,,,,,,,,,,,,,,,,,,,,,,,,12.00,,,,,,,false,true,12,2016-04-01,2017-03-31,0
2016-07-29,64930,2017-03-31,1,,,,,,,,,,,,,,,,,,,,,,,,,,,,,,,,,28978860,93035,28885838,false,false,3,2016-04-01,2016-06-30,0
2016-07-29,64930,2016-03-31,1,,,,,,,,,,,,,,,,,,,,,,,,,,,,,,,,,,,28886458,false,false,3,2015-04-01,2015-06-30,-1
2016-05-13,64930,2016-03-31,,42489000000,-0.014,,,,,3120000000,0.178,3135000000,-0.030,,810000000,,28.06,,0.034,0.056,0.073,,55404000000,30955000000,0.415,796.21,22999000000,5254000000,-3465000000,-1006000000,5729000000,,0.356,,,,,,true,false,12,2015-04-01,2016-03-31,0
2016-05-13,64930,2015-03-31,,43105000000,0.106,,,,,2649000000,1.551,3232000000,1.136,,681000000,,23.60,,0.029,0.060,0.061,,57087000000,32598000000,0.436,862.16,24904000000,3568000000,-5568000000,1126000000,5250000000,,0.424,,,,,,true,false,12,2014-04-01,2015-03-31,-1
2016-05-13,64930,2017-03-31,,20900000000,-0.028,,,,,1600000000,0.068,1650000000,0.073,,650000000,,22.50,,,,,,,,,,,,,,,,,,,,,,true,true,6,2016-04-01,2016-09-30,1
2016-05-13,64930,2017-03-31,,42600000000,0.003,,,,,3750000000,0.202,3800000000,0.212,,1700000000,,58.85,,,,,,,,,,,,,,,,0.204,,,,,,true,true,12,2016-04-01,2017-03-31,1
2016-05-13,64930,2016-03-31,,17887000000,-0.071,,,,,-323000000,,394000000,-0.631,134000000,,-0.748,4.66,,,,,,34043000000,20013000000,0.588,692.85,20013000000,,,,,10.00,,,,28978860,92902,28886168,false,false,12,2015-04-01,2016-03-31,0
2016-05-13,64930,2015-03-31,,19263000000,-0.120,,,,,107000000,,1069000000,0.305,534000000,,-0.036,18.51,,,,,,34863000000,21185000000,0.608,733.42,21185000000,,,,,10.00,,,,28978860,92362,28886766,false,false,12,2014-04-01,2015-03-31,-1
2016-05-13,64930,2017-03-31,,,,,,,,,,,,,,,,,,,,,,,,,,,,,,12.00,,,,,,,false,true,12,2016-04-01,2017-03-31,1
2017-01-31,64930,2017-03-31,3,29766000000,-0.055,,,,,2273000000,-0.038,2355000000,-0.007,,872000000,,30.21,,,,,,53394000000,29886000000,0.425,,22715000000,,,,,,,,,,,,true,false,9,2016-04-01,2016-12-31,0
2017-01-31,64930,2016-03-31,3,31494000000,0.038,,,,,2362000000,0.509,2372000000,0.245,,859000000,,29.75,,,,,,,,,,,,,,,,,,,,,,true,false,9,2015-04-01,2015-12-31,-1
2017-01-31,64930,2017-03-31,3,42600000000,0.003,,,,,3750000000,0.202,3800000000,0.212,,1700000000,,58.85,,,,,,,,,,,,,,,,,,,,,,true,true,12,2016-04-01,2017-03-31,0
2017-01-31,64930,2016-03-31,3,,,,,,,,,,,,,,,,,,,,55404000000,30955000000,0.415,,22999000000,,,,,,,,,,,,true,false,12,2015-04-01,2016-03-31,-1
2017-01-31,64930,2016-03-31,3,,,,,,,,,,,,,,,,,,,,,,,,,,,,,10.00,,,,28978860,92902,,false,false,12,2015-04-01,2016-03-31,-1
2017-01-31,64930,2017-03-31,3,,,,,,,,,,,,,,,,,,,,,,,,,,,,,6.00,,,,,,,false,false,12,2016-04-01,2017-03-31,0
2017-01-31,64930,2017-03-31,3,,,,,,,,,,,,,,,,,,,,,,,,,,,,,12.00,,,,,,,false,true,12,2016-04-01,2017-03-31,0
2017-01-31,64930,2017-03-31,3,,,,,,,,,,,,,,,,,,,,,,,,,,,,,,,,,28978860,93238,28885765,false,false,9,2016-04-01,2016-12-31,0
2017-01-31,64930,2016-03-31,3,,,,,,,,,,,,,,,,,,,,,,,,,,,,,,,,,,,28886231,false,false,9,2015-04-01,2015-12-31,-1
2017-05-12,64930,2017-03-31,,43175000000,0.016,,,,,3483000000,0.116,3618000000,0.154,,1413000000,,48.92,,0.060,0.065,0.081,,55835000000,31640000000,0.428,827.31,23897000000,6724000000,-3506000000,-2352000000,6455000000,,0.245,,,,,,true,false,12,2016-04-01,2017-03-31,0
2017-05-12,64930,2016-03-31,,42489000000,-0.014,,,,,3120000000,0.178,3135000000,-0.030,,810000000,,28.06,,0.034,0.056,0.073,,55404000000,30955000000,0.415,796.21,22999000000,5254000000,-3465000000,-1006000000,5729000000,,0.356,,,,,,true,false,12,2015-04-01,2016-03-31,-1
2017-05-12,64930,2018-03-31,,20100000000,0.014,,,,,1200000000,-0.260,1450000000,-0.089,,500000000,,17.31,,,,,,,,,,,,,,,,,,,,,,true,true,6,2017-04-01,2017-09-30,1
2017-05-12,64930,2018-03-31,,42400000000,-0.018,,,,,2850000000,-0.182,3200000000,-0.116,,1350000000,,46.74,,,,,,,,,,,,,,,,0.257,,,,,,true,true,12,2017-04-01,2018-03-31,1
2017-05-12,64930,2017-03-31,,18949000000,0.059,,,,,-231000000,,888000000,1.255,371000000,,1.758,12.85,,,,,,36525000000,20297000000,0.556,702.68,20297000000,,,,,12.00,,,,28978860,93428,28885432,false,false,12,2016-04-01,2017-03-31,0
2017-05-12,64930,2016-03-31,,17887000000,-0.071,,,,,-323000000,,394000000,-0.631,134000000,,-0.748,4.66,,,,,,34043000000,20013000000,0.588,692.85,20013000000,,,,,10.00,,,,28978860,92902,28886168,false,false,12,2015-04-01,2016-03-31,-1
2017-05-12,64930,2018-03-31,,,,,,,,,,,,,,,,,,,,,,,,,,,,,,12.00,,,,,,,false,true,12,2017-04-01,2018-03-31,1
2017-07-31,64930,2018-03-31,1,11025000000,0.057,,,,,985000000,-0.005,1026000000,0.031,,435000000,,15.07,,,,,,55941000000,31141000000,0.427,,23878000000,,,,,,,,,,,,true,false,3,2017-04-01,2017-06-30,0
2017-07-31,64930,2017-03-31,1,10432000000,-0.020,,,,,991000000,0.167,995000000,0.098,,457000000,,15.83,,,,,,,,,,,,,,,,,,,,,,true,false,3,2016-04-01,2016-06-30,-1
2017-07-31,64930,2018-03-31,1,20100000000,0.014,,,,,1200000000,-0.260,1450000000,-0.089,,500000000,,17.31,,,,,,,,,,,,,,,,,,,,,,true,true,6,2017-04-01,2017-09-30,0
2017-07-31,64930,2018-03-31,1,42400000000,-0.018,,,,,2850000000,-0.182,3200000000,-0.116,,1350000000,,46.74,,,,,,,,,,,,,,,,,,,,,,true,true,12,2017-04-01,2018-03-31,0
2017-07-31,64930,2017-03-31,1,,,,,,,,,,,,,,,,,,,,55835000000,31640000000,0.428,,23897000000,,,,,,,,,,,,true,false,12,2016-04-01,2017-03-31,-1
2017-07-31,64930,2017-03-31,1,,,,,,,,,,,,,,,,,,,,,,,,,,,,,12.00,,,,28978860,93428,,false,false,12,2016-04-01,2017-03-31,-1
2017-07-31,64930,2018-03-31,1,,,,,,,,,,,,,,,,,,,,,,,,,,,,,12.00,,,,,,,false,true,12,2017-04-01,2018-03-31,0
2017-07-31,64930,2018-03-31,1,,,,,,,,,,,,,,,,,,,,,,,,,,,,,,,,,28978860,93468,28885392,false,false,3,2017-04-01,2017-06-30,0
2017-07-31,64930,2017-03-31,1,,,,,,,,,,,,,,,,,,,,,,,,,,,,,,,,,,,28885838,false,false,3,2016-04-01,2016-06-30,-1
2017-10-31,64930,2018-03-31,2,21974000000,0.109,,,,,1546000000,-0.047,1616000000,0.016,,498000000,,17.27,,,,,,57296000000,31809000000,0.425,,24354000000,,,,,,,,,,,,true,false,6,2017-04-01,2017-09-30,0
2017-10-31,64930,2017-03-31,2,19823000000,-0.078,,,,,1621000000,0.082,1592000000,0.035,,696000000,,24.11,,,,,,,,,,,,,,,,,,,,,,true,false,6,2016-04-01,2016-09-30,-1
2017-10-31,64930,2018-03-31,2,42400000000,-0.018,,,,,2850000000,-0.182,3200000000,-0.116,,1350000000,,46.74,,,,,,,,,,,,,,,,,,,,,,true,true,12,2017-04-01,2018-03-31,0
2017-10-31,64930,2017-03-31,2,,,,,,,,,,,,,,,,,,,,55835000000,31640000000,0.428,,23897000000,,,,,,,,,,,,true,false,12,2016-04-01,2017-03-31,-1
2017-10-31,64930,2017-03-31,2,,,,,,,,,,,,,,,,,,,,,,,,,,,,,12.00,,,,28978860,93428,,false,false,12,2016-04-01,2017-03-31,-1
2017-10-31,64930,2018-03-31,2,,,,,,,,,,,,,,,,,,,,,,,,,,,,,6.00,,,,,,,false,false,12,2017-04-01,2018-03-31,0
2017-10-31,64930,2018-03-31,2,,,,,,,,,,,,,,,,,,,,,,,,,,,,,12.00,,,,,,,false,true,12,2017-04-01,2018-03-31,0
2017-10-31,64930,2018-03-31,2,,,,,,,,,,,,,,,,,,,,,,,,,,,,,,,,,28978860,93564,28885376,false,false,6,2017-04-01,2017-09-30,0
2017-10-31,64930,2017-03-31,2,,,,,,,,,,,,,,,,,,,,,,,,,,,,,,,,,,,28885823,false,false,6,2016-04-01,2016-09-30,-1
2018-01-31,64930,2018-03-31,3,33851000000,0.137,,,,,2192000000,-0.036,2371000000,0.007,,529000000,,18.33,,,,,,60387000000,32739000000,0.414,,24975000000,,,,,,,,,,,,true,false,9,2017-04-01,2017-12-31,0
2018-01-31,64930,2017-03-31,3,29766000000,-0.055,,,,,2273000000,-0.038,2355000000,-0.007,,872000000,,30.21,,,,,,,,,,,,,,,,,,,,,,true,false,9,2016-04-01,2016-12-31,-1
2018-01-31,64930,2018-03-31,3,45500000000,0.054,,,,,2400000000,-0.311,2800000000,-0.226,,850000000,,29.43,,,,,,,,,,,,,,,,,,,,,,true,true,12,2017-04-01,2018-03-31,0
2018-01-31,64930,2017-03-31,3,,,,,,,,,,,,,,,,,,,,55835000000,31640000000,0.428,,23897000000,,,,,,,,,,,,true,false,12,2016-04-01,2017-03-31,-1
2018-01-31,64930,2017-03-31,3,,,,,,,,,,,,,,,,,,,,,,,,,,,,,12.00,,,,28978860,93428,,false,false,12,2016-04-01,2017-03-31,-1
2018-01-31,64930,2018-03-31,3,,,,,,,,,,,,,,,,,,,,,,,,,,,,,6.00,,,,,,,false,false,12,2017-04-01,2018-03-31,0
2018-01-31,64930,2018-03-31,3,,,,,,,,,,,,,,,,,,,,,,,,,,,,,12.00,,,,,,,false,true,12,2017-04-01,2018-03-31,0
2018-01-31,64930,2018-03-31,3,,,,,,,,,,,,,,,,,,,,,,,,,,,,,,,,,28978860,93637,28885325,false,false,9,2017-04-01,2017-12-31,0
2018-01-31,64930,2017-03-31,3,,,,,,,,,,,,,,,,,,,,,,,,,,,,,,,,,,,28885765,false,false,9,2016-04-01,2016-12-31,-1
2018-01-31,64930,2018-03-31,,45500000000,0.073,,,,,2400000000,-0.158,2800000000,-0.125,,850000000,,29.43,,,,,,,,,,,,,,,,,,,,,,true,true,12,2017-04-01,2018-03-31,0
2018-01-31,64930,2017-03-31,,43175000000,,,,,,3483000000,,3618000000,,,1413000000,,48.92,,,,,,,,,,,,,,,,,,,,,,true,false,12,2016-04-01,2017-03-31,-1
2018-04-26,64930,2018-03-31,,45600000000,0.002,,,,,2300000000,-0.042,2700000000,-0.036,,-350000000,,-12.12,,,,,,,,,,,,,,,,,,,,,,true,true,12,2017-04-01,2018-03-31,0
2018-04-26,64930,2017-03-31,,43175000000,,,,,,3483000000,,3618000000,,,1413000000,,48.92,,,,,,,,,,,,,,,,,,,,,,true,false,12,2016-04-01,2017-03-31,-1
2018-05-15,64930,2018-03-31,,45492000000,0.054,,,,,2484000000,-0.287,2675000000,-0.261,,-368000000,,-12.77,,-0.016,0.047,0.055,,56840000000,31207000000,0.416,819.41,23668000000,6151000000,-6097000000,-668000000,5858000000,,,,,,,,true,false,12,2017-04-01,2018-03-31,0
2018-05-15,64930,2017-03-31,,43175000000,0.016,,,,,3483000000,0.116,3618000000,0.154,,1413000000,,48.92,,0.060,0.065,0.081,,55835000000,31640000000,0.428,827.31,23897000000,6724000000,-3506000000,-2352000000,6455000000,,0.245,,,,,,true,false,12,2016-04-01,2017-03-31,-1
2018-05-15,64930,2019-03-31,,22200000000,0.010,,,,,1300000000,-0.159,1400000000,-0.134,,600000000,,20.77,,,,,,,,,,,,,,,,,,,,,,true,true,6,2018-04-01,2018-09-30,1
2018-05-15,64930,2019-03-31,,45600000000,0.002,,,,,2900000000,0.167,3100000000,0.159,,1500000000,,51.93,,,,,,,,,,,,,,,,0.231,,,,,,true,true,12,2018-04-01,2019-03-31,1
2018-05-15,64930,2018-03-31,,22904000000,0.209,,,,,-1003000000,,680000000,-0.234,-673000000,,,-23.31,,,,,,38689000000,19543000000,0.505,676.60,19543000000,,,,,12.00,,,,28978860,93867,28885252,false,false,12,2017-04-01,2018-03-31,0
2018-05-15,64930,2017-03-31,,18949000000,0.059,,,,,-231000000,,888000000,1.255,371000000,,1.758,12.85,,,,,,36525000000,20297000000,0.556,702.68,20297000000,,,,,12.00,,,,28978860,93428,28885432,false,false,12,2016-04-01,2017-03-31,-1
2018-05-15,64930,2019-03-31,,,,,,,,,,,,,,,,,,,,,,,,,,,,,,12.00,,,,,,,false,true,12,2018-04-01,2019-03-31,1
2018-07-31,64930,2019-03-31,1,11366000000,0.031,,,,,842000000,-0.145,907000000,-0.115,,422000000,,14.62,,,,,,56490000000,30357000000,0.414,,23381000000,,,,,,,,,,,,true,false,3,2018-04-01,2018-06-30,0
2018-07-31,64930,2018-03-31,1,11025000000,0.057,,,,,985000000,-0.005,1026000000,0.031,,435000000,,15.07,,,,,,,,,,,,,,,,,,,,,,true,false,3,2017-04-01,2017-06-30,-1
2018-07-31,64930,2019-03-31,1,22200000000,0.010,,,,,1300000000,-0.159,1400000000,-0.134,,600000000,,20.77,,,,,,,,,,,,,,,,,,,,,,true,true,6,2018-04-01,2018-09-30,0
2018-07-31,64930,2019-03-31,1,45600000000,0.002,,,,,2900000000,0.167,3100000000,0.159,,1500000000,,51.93,,,,,,,,,,,,,,,,,,,,,,true,true,12,2018-04-01,2019-03-31,0
2018-07-31,64930,2018-03-31,1,,,,,,,,,,,,,,,,,,,,56578000000,31207000000,0.418,,23668000000,,,,,,,,,,,,true,false,12,2017-04-01,2018-03-31,-1
2018-07-31,64930,2018-03-31,1,,,,,,,,,,,,,,,,,,,,,,,,,,,,,12.00,,,,28978860,93867,,false,false,12,2017-04-01,2018-03-31,-1
2018-07-31,64930,2019-03-31,1,,,,,,,,,,,,,,,,,,,,,,,,,,,,,12.00,,,,,,,false,true,12,2018-04-01,2019-03-31,0
2018-07-31,64930,2019-03-31,1,,,,,,,,,,,,,,,,,,,,,,,,,,,,,,,,,28978860,93881,28884983,false,false,3,2018-04-01,2018-06-30,0
2018-07-31,64930,2018-03-31,1,,,,,,,,,,,,,,,,,,,,,,,,,,,,,,,,,,,28885392,false,false,3,2017-04-01,2017-06-30,-1
2018-10-31,64930,2019-03-31,2,22781000000,0.037,,,,,1523000000,-0.014,1691000000,0.046,,734000000,,25.42,,,,,,57377000000,30897000000,0.416,,23845000000,,,,,,,,,,,,true,false,6,2018-04-01,2018-09-30,0
2018-10-31,64930,2018-03-31,2,21974000000,0.109,,,,,1546000000,-0.047,1616000000,0.016,,498000000,,17.27,,,,,,,,,,,,,,,,,,,,,,true,false,6,2017-04-01,2017-09-30,-1
2018-10-31,64930,2019-03-31,2,45600000000,0.002,,,,,2900000000,0.167,3100000000,0.159,,1500000000,,51.93,,,,,,,,,,,,,,,,,,,,,,true,true,12,2018-04-01,2019-03-31,0
2018-10-31,64930,2018-03-31,2,,,,,,,,,,,,,,,,,,,,56578000000,31207000000,0.418,,23668000000,,,,,,,,,,,,true,false,12,2017-04-01,2018-03-31,-1
2018-10-31,64930,2018-03-31,2,,,,,,,,,,,,,,,,,,,,,,,,,,,,,12.00,,,,28978860,93867,,false,false,12,2017-04-01,2018-03-31,-1
2018-10-31,64930,2019-03-31,2,,,,,,,,,,,,,,,,,,,,,,,,,,,,,6.00,,,,,,,false,false,12,2018-04-01,2019-03-31,0
2018-10-31,64930,2019-03-31,2,,,,,,,,,,,,,,,,,,,,,,,,,,,,,12.00,,,,,,,false,true,12,2018-04-01,2019-03-31,0
2018-10-31,64930,2019-03-31,2,,,,,,,,,,,,,,,,,,,,,,,,,,,,,,,,,28978860,93947,28884970,false,false,6,2018-04-01,2018-09-30,0
2018-10-31,64930,2018-03-31,2,,,,,,,,,,,,,,,,,,,,,,,,,,,,,,,,,,,28885376,false,false,6,2017-04-01,2017-09-30,-1
2019-01-31,64930,2019-03-31,3,34947000000,0.032,,,,,2410000000,0.099,2715000000,0.145,,1308000000,,45.30,,,,,,59567000000,31272000000,0.397,,23634000000,,,,,,,,,,,,true,false,9,2018-04-01,2018-12-31,0
2019-01-31,64930,2018-03-31,3,33851000000,0.137,,,,,2192000000,-0.036,2371000000,0.007,,529000000,,18.33,,,,,,,,,,,,,,,,,,,,,,true,false,9,2017-04-01,2017-12-31,-1
2019-01-31,64930,2019-03-31,3,45600000000,0.002,,,,,2900000000,0.167,3100000000,0.159,,1500000000,,51.93,,,,,,,,,,,,,,,,,,,,,,true,true,12,2018-04-01,2019-03-31,0
2019-01-31,64930,2018-03-31,3,,,,,,,,,,,,,,,,,,,,56578000000,31207000000,0.418,,23668000000,,,,,,,,,,,,true,false,12,2017-04-01,2018-03-31,-1
2019-01-31,64930,2018-03-31,3,,,,,,,,,,,,,,,,,,,,,,,,,,,,,12.00,,,,28978860,93867,,false,false,12,2017-04-01,2018-03-31,-1
2019-01-31,64930,2019-03-31,3,,,,,,,,,,,,,,,,,,,,,,,,,,,,,6.00,,,,,,,false,false,12,2018-04-01,2019-03-31,0
2019-01-31,64930,2019-03-31,3,,,,,,,,,,,,,,,,,,,,,,,,,,,,,12.00,,,,,,,false,true,12,2018-04-01,2019-03-31,0
2019-01-31,64930,2019-03-31,3,,,,,,,,,,,,,,,,,,,,,,,,,,,,,,,,,28978860,94006,28884938,false,false,9,2018-04-01,2018-12-31,0
2019-01-31,64930,2018-03-31,3,,,,,,,,,,,,,,,,,,,,,,,,,,,,,,,,,,,28885325,false,false,9,2017-04-01,2017-12-31,-1
2019-04-24,64930,2019-03-31,,45900000000,0.007,,,,,2500000000,-0.138,2800000000,-0.097,,800000000,,27.70,,,,,,,,,,,,,,,,,,,,,,true,true,12,2018-04-01,2019-03-31,0
2019-04-24,64930,2018-03-31,,45492000000,,,,,,2484000000,,2675000000,,,-368000000,,-23.31,,,,,,,,,,,,,,,,,,,,,,true,false,12,2017-04-01,2018-03-31,-1
2019-05-14,64930,2019-03-31,,45972000000,0.011,,,,,2561000000,0.031,2870000000,0.073,,809000000,,28.01,,0.035,0.050,0.056,,57266000000,30481000000,0.402,797.17,23025000000,5850000000,-5827000000,-803000000,4934000000,,0.428,,,,,,true,false,12,2018-04-01,2019-03-31,0
2019-05-14,64930,2018-03-31,,45492000000,0.054,,,,,2484000000,-0.287,2675000000,-0.261,,-368000000,,-12.77,,-0.016,0.048,0.055,,56578000000,31207000000,0.418,819.41,23668000000,6151000000,-6097000000,-668000000,5858000000,,,,,,,,true,false,12,2017-04-01,2018-03-31,-1
2019-05-14,64930,2020-03-31,,21900000000,-0.039,,,,,1000000000,-0.344,1200000000,-0.291,,550000000,,19.04,,,,,,,,,,,,,,,,,,,,,,true,true,6,2019-04-01,2019-09-30,1
2019-05-14,64930,2020-03-31,,44500000000,-0.032,,,,,2300000000,-0.102,2600000000,-0.094,,1250000000,,43.28,,,,,,,,,,,,,,,,0.277,,,,,,true,true,12,2019-04-01,2020-03-31,1
2019-05-14,64930,2019-03-31,,27060000000,0.181,,,,,110000000,,1835000000,1.697,-388000000,,,-13.45,,,,,,38429000000,18217000000,0.474,630.69,18217000000,,,,,12.00,,,,28978860,94129,28884893,false,false,12,2018-04-01,2019-03-31,0
2019-05-14,64930,2018-03-31,,22904000000,0.209,,,,,-1003000000,,680000000,-0.234,-673000000,,,-23.31,,,,,,38427000000,19543000000,0.509,676.60,19543000000,,,,,12.00,,,,28978860,93867,28885252,false,false,12,2017-04-01,2018-03-31,-1
2019-05-14,64930,2020-03-31,,,,,,,,,,,,,,,,,,,,,,,,,,,,,,12.00,,,,,,,false,true,12,2019-04-01,2020-03-31,1
2019-07-31,64930,2020-03-31,1,11050000000,-0.028,,,,,636000000,-0.244,764000000,-0.158,,304000000,,10.53,,,,,,57165000000,30402000000,0.404,,23086000000,,,,,,,,,,,,true,false,3,2019-04-01,2019-06-30,0
2019-07-31,64930,2019-03-31,1,11366000000,0.031,,,,,842000000,-0.145,907000000,-0.115,,422000000,,14.62,,,,,,,,,,,,,,,,,,,,,,true,false,3,2018-04-01,2018-06-30,-1
2019-07-31,64930,2020-03-31,1,21900000000,-0.039,,,,,1000000000,-0.344,1200000000,-0.291,,550000000,,19.04,,,,,,,,,,,,,,,,,,,,,,true,true,6,2019-04-01,2019-09-30,0
2019-07-31,64930,2020-03-31,1,44500000000,-0.032,,,,,2300000000,-0.102,2600000000,-0.094,,1250000000,,43.28,,,,,,,,,,,,,,,,,,,,,,true,true,12,2019-04-01,2020-03-31,0
2019-07-31,64930,2019-03-31,1,,,,,,,,,,,,,,,,,,,,57266000000,30481000000,0.402,,23025000000,,,,,,,,,,,,true,false,12,2018-04-01,2019-03-31,-1
2019-07-31,64930,2019-03-31,1,,,,,,,,,,,,,,,,,,,,,,,,,,,,,12.00,,,,28978860,94129,,false,false,12,2018-04-01,2019-03-31,-1
2019-07-31,64930,2020-03-31,1,,,,,,,,,,,,,,,,,,,,,,,,,,,,,12.00,,,,,,,false,true,12,2019-04-01,2020-03-31,0
2019-07-31,64930,2020-03-31,1,,,,,,,,,,,,,,,,,,,,,,,,,,,,,,,,,28978860,94129,28884731,false,false,3,2019-04-01,2019-06-30,0
2019-07-31,64930,2019-03-31,1,,,,,,,,,,,,,,,,,,,,,,,,,,,,,,,,,,,28884983,false,false,3,2018-04-01,2018-06-30,-1
2019-10-31,64930,2020-03-31,2,21323000000,-0.064,,,,,766000000,-0.497,971000000,-0.426,,267000000,,9.25,,,,,,57736000000,30251000000,0.398,,22975000000,,,,,,,,,,,,true,false,6,2019-04-01,2019-09-30,0
2019-10-31,64930,2019-03-31,2,22781000000,0.037,,,,,1523000000,-0.014,1691000000,0.046,,734000000,,25.42,,,,,,,,,,,,,,,,,,,,,,true,false,6,2018-04-01,2018-09-30,-1
2019-10-31,64930,2020-03-31,2,42600000000,-0.073,,,,,1500000000,-0.414,1900000000,-0.338,,700000000,,24.23,,,,,,,,,,,,,,,,,,,,,,true,true,12,2019-04-01,2020-03-31,0
2019-10-31,64930,2019-03-31,2,,,,,,,,,,,,,,,,,,,,57266000000,30481000000,0.402,,23025000000,,,,,,,,,,,,true,false,12,2018-04-01,2019-03-31,-1
2019-10-31,64930,2019-03-31,2,,,,,,,,,,,,,,,,,,,,,,,,,,,,,12.00,,,,28978860,94129,,false,false,12,2018-04-01,2019-03-31,-1
2019-10-31,64930,2020-03-31,2,,,,,,,,,,,,,,,,,,,,,,,,,,,,,6.00,,,,,,,false,false,12,2019-04-01,2020-03-31,0
2019-10-31,64930,2020-03-31,2,,,,,,,,,,,,,,,,,,,,,,,,,,,,,12.00,,,,,,,false,true,12,2019-04-01,2020-03-31,0
2019-10-31,64930,2020-03-31,2,,,,,,,,,,,,,,,,,,,,,,,,,,,,,,,,,28978860,94232,28884706,false,false,6,2019-04-01,2019-09-30,0
2019-10-31,64930,2019-03-31,2,,,,,,,,,,,,,,,,,,,,,,,,,,,,,,,,,,,28884970,false,false,6,2018-04-01,2018-09-30,-1
2019-10-31,64930,2020-03-31,,21323000000,-0.026,,,,,766000000,-0.234,971000000,-0.191,,267000000,,9.25,,,,,,,,,,,,,,,,,,,,,,true,true,6,2019-04-01,2019-09-30,0
2019-10-31,64930,2019-03-31,,22781000000,,,,,,1523000000,,1691000000,,,734000000,,25.42,,,,,,,,,,,,,,,,,,,,,,true,false,6,2018-04-01,2018-09-30,-1
2019-10-31,64930,2020-03-31,,42600000000,-0.043,,,,,1500000000,-0.348,1900000000,-0.269,,700000000,,24.23,,,,,,,,,,,,,,,,,,,,,,true,true,12,2019-04-01,2020-03-31,0
2019-10-31,64930,2019-03-31,,45972000000,,,,,,2561000000,,2870000000,,,809000000,,28.01,,,,,,,,,,,,,,,,,,,,,,true,false,12,2018-04-01,2019-03-31,-1
2020-01-31,64930,2020-03-31,3,31707000000,-0.093,,,,,892000000,-0.630,1137000000,-0.581,,188000000,,6.54,,,,,,58963000000,30148000000,0.389,,22927000000,,,,,,,,,,,,true,false,9,2019-04-01,2019-12-31,0
2020-01-31,64930,2019-03-31,3,34947000000,0.032,,,,,2410000000,0.099,2715000000,0.145,,1308000000,,45.30,,,,,,,,,,,,,,,,,,,,,,true,false,9,2018-04-01,2018-12-31,-1
2020-01-31,64930,2020-03-31,3,42600000000,-0.073,,,,,1500000000,-0.414,1900000000,-0.338,,700000000,,24.23,,,,,,,,,,,,,,,,,,,,,,true,true,12,2019-04-01,2020-03-31,0
2020-01-31,64930,2019-03-31,3,,,,,,,,,,,,,,,,,,,,57266000000,30481000000,0.402,,23025000000,,,,,,,,,,,,true,false,12,2018-04-01,2019-03-31,-1
2020-01-31,64930,2019-03-31,3,,,,,,,,,,,,,,,,,,,,,,,,,,,,,12.00,,,,28978860,94129,,false,false,12,2018-04-01,2019-03-31,-1
2020-01-31,64930,2020-03-31,3,,,,,,,,,,,,,,,,,,,,,,,,,,,,,6.00,,,,,,,false,false,12,2019-04-01,2020-03-31,0
2020-01-31,64930,2020-03-31,3,,,,,,,,,,,,,,,,,,,,,,,,,,,,,12.00,,,,,,,false,true,12,2019-04-01,2020-03-31,0
2020-01-31,64930,2020-03-31,3,,,,,,,,,,,,,,,,,,,,,,,,,,,,,,,,,28978860,94292,28884673,false,false,9,2019-04-01,2019-12-31,0
2020-01-31,64930,2019-03-31,3,,,,,,,,,,,,,,,,,,,,,,,,,,,,,,,,,,,28884938,false,false,9,2018-04-01,2018-12-31,-1
2020-05-21,64930,2020-03-31,,42465000000,-0.076,,,,,1337000000,-0.478,1604000000,-0.441,,431000000,,14.94,,0.019,0.028,0.032,,56192000000,29485000000,0.394,765.57,22113000000,4177000000,-5663000000,1703000000,5140000000,,0.669,,,,,,true,false,12,2019-04-01,2020-03-31,0
2020-05-21,64930,2019-03-31,,45972000000,0.011,,,,,2561000000,0.031,2870000000,0.073,,809000000,,28.01,,0.035,0.050,0.056,,57266000000,30481000000,0.402,797.17,23025000000,5850000000,-5827000000,-803000000,4934000000,,0.428,,,,,,true,false,12,2018-04-01,2019-03-31,-1
2020-05-21,64930,2020-03-31,,24453000000,-0.096,,,,,-370000000,,1218000000,-0.336,1038000000,,,35.96,,,,,,37292000000,17998000000,0.483,623.13,17998000000,,,,,10.00,,,,28978860,94330,28884637,false,false,12,2019-04-01,2020-03-31,0
2020-05-21,64930,2019-03-31,,27060000000,0.181,,,,,110000000,,1835000000,1.697,-388000000,,,-13.45,,,,,,38429000000,18217000000,0.474,630.69,18217000000,,,,,12.00,,,,28978860,94129,28884893,false,false,12,2018-04-01,2019-03-31,-1
2020-07-31,64930,2021-03-31,1,7437000000,-0.327,,,,,-464000000,,-364000000,,,-648000000,,-22.57,,,,,,53669000000,27860000000,0.391,,20977000000,,,,,,,,,,,,true,false,3,2020-04-01,2020-06-30,0
2020-07-31,64930,2020-03-31,1,11050000000,-0.028,,,,,636000000,-0.244,764000000,-0.158,,304000000,,10.53,,,,,,,,,,,,,,,,,,,,,,true,false,3,2019-04-01,2019-06-30,-1
2020-07-31,64930,2020-03-31,1,,,,,,,,,,,,,,,,,,,,56192000000,29485000000,0.394,,22113000000,,,,,,,,,,,,true,false,12,2019-04-01,2020-03-31,-1
2020-07-31,64930,2020-03-31,1,,,,,,,,,,,,,,,,,,,,,,,,,,,,,10.00,,,,28978860,94330,,false,false,12,2019-04-01,2020-03-31,-1
2020-07-31,64930,2021-03-31,1,,,,,,,,,,,,,,,,,,,,,,,,,,,,,,,,,28978860,330630,28726996,false,false,3,2020-04-01,2020-06-30,0
2020-07-31,64930,2020-03-31,1,,,,,,,,,,,,,,,,,,,,,,,,,,,,,,,,,,,28884731,false,false,3,2019-04-01,2019-06-30,-1
2020-09-30,64930,2021-03-31,,14500000000,,,,,,-1230000000,,-1000000000,,,-1220000000,,-42.47,,,,,,,,,,,,,,,,,,,,,,true,true,6,2020-04-01,2020-09-30,0
2020-09-30,64930,2020-03-31,,21323000000,,,,,,766000000,,971000000,,,267000000,,9.25,,,,,,,,,,,,,,,,,,,,,,true,false,6,2019-04-01,2019-09-30,-1
2020-09-30,64930,2021-03-31,,34000000000,,,,,,-330000000,,-170000000,,,-970000000,,-33.77,,,,,,,,,,,,,,,,,,,,,,true,true,12,2020-04-01,2021-03-31,0
2020-09-30,64930,2020-03-31,,42465000000,,,,,,1337000000,,1604000000,,,431000000,,14.94,,,,,,,,,,,,,,,,,,,,,,true,false,12,2019-04-01,2020-03-31,-1
2020-09-30,64930,2021-03-31,,,,,,,,,,,,,,,,,,,,,,,,,,,,,,6.00,,,,,,,false,true,12,2020-04-01,2021-03-31,0
2020-09-30,64930,2020-03-31,,,,,,,,,,,,,,,,,,,,,,,,,,,,,,10.00,,,,,,,false,false,12,2019-04-01,2020-03-31,-1
2020-10-30,64930,2021-03-31,2,14625000000,-0.314,,,,,-1342000000,,-1064000000,,,-1294000000,,-45.06,,,,,,53673000000,27330000000,0.382,,20481000000,,,,,,,,,,,,true,false,6,2020-04-01,2020-09-30,0
2020-10-30,64930,2020-03-31,2,21323000000,-0.064,,,,,766000000,-0.497,971000000,-0.426,,267000000,,9.25,,,,,,,,,,,,,,,,,,,,,,true,false,6,2019-04-01,2019-09-30,-1
2020-10-30,64930,2021-03-31,2,34000000000,-0.199,,,,,-330000000,,-170000000,,,-970000000,,-33.77,,,,,,,,,,,,,,,,,,,,,,true,true,12,2020-04-01,2021-03-31,0
2020-10-30,64930,2020-03-31,2,,,,,,,,,,,,,,,,,,,,56192000000,29485000000,0.394,,22113000000,,,,,,,,,,,,true,false,12,2019-04-01,2020-03-31,-1
2020-10-30,64930,2020-03-31,2,,,,,,,,,,,,,,,,,,,,,,,,,,,,,10.00,,,,28978860,94330,,false,false,12,2019-04-01,2020-03-31,-1
2020-10-30,64930,2021-03-31,2,,,,,,,,,,,,,,,,,,,,,,,,,,,,,3.00,,,,,,,false,false,12,2020-04-01,2021-03-31,0
2020-10-30,64930,2021-03-31,2,,,,,,,,,,,,,,,,,,,,,,,,,,,,,6.00,,,,,,,false,true,12,2020-04-01,2021-03-31,0
2020-10-30,64930,2021-03-31,2,,,,,,,,,,,,,,,,,,,,,,,,,,,,,,,,,28978860,233621,28719949,false,false,6,2020-04-01,2020-09-30,0
2020-10-30,64930,2020-03-31,2,,,,,,,,,,,,,,,,,,,,,,,,,,,,,,,,,,,28884706,false,false,6,2019-04-01,2019-09-30,-1
2021-01-29,64930,2021-03-31,3,24315000000,-0.233,,,,,-981000000,,-643000000,,,-751000000,,-26.16,,,,,,54996000000,27868000000,0.382,,20989000000,,,,,,,,,,,,true,false,9,2020-04-01,2020-12-31,0
2021-01-29,64930,2020-03-31,3,31707000000,-0.093,,,,,892000000,-0.630,1137000000,-0.581,,188000000,,6.54,,,,,,,,,,,,,,,,,,,,,,true,false,9,2019-04-01,2019-12-31,-1
2021-01-29,64930,2021-03-31,3,34000000000,-0.199,,,,,-330000000,,-170000000,,,-970000000,,-33.77,,,,,,,,,,,,,,,,,,,,,,true,true,12,2020-04-01,2021-03-31,0
2021-01-29,64930,2020-03-31,3,,,,,,,,,,,,,,,,,,,,56192000000,29485000000,0.394,,22113000000,,,,,,,,,,,,true,false,12,2019-04-01,2020-03-31,-1
2021-01-29,64930,2020-03-31,3,,,,,,,,,,,,,,,,,,,,,,,,,,,,,10.00,,,,28978860,94330,,false,false,12,2019-04-01,2020-03-31,-1
2021-01-29,64930,2021-03-31,3,,,,,,,,,,,,,,,,,,,,,,,,,,,,,3.00,,,,,,,false,false,12,2020-04-01,2021-03-31,0
2021-01-29,64930,2021-03-31,3,,,,,,,,,,,,,,,,,,,,,,,,,,,,,6.00,,,,,,,false,true,12,2020-04-01,2021-03-31,0
2021-01-29,64930,2021-03-31,3,,,,,,,,,,,,,,,,,,,,,,,,,,,,,,,,,28978860,233701,28728361,false,false,9,2020-04-01,2020-12-31,0
2021-01-29,64930,2020-03-31,3,,,,,,,,,,,,,,,,,,,,,,,,,,,,,,,,,,,28884673,false,false,9,2019-04-01,2019-12-31,-1
2021-04-28,64930,2021-03-31,,34705000000,0.021,,,,,18000000,,375000000,,,670000000,,23.33,,,,,,,,,,,,,,,,,,,,,,true,true,12,2020-04-01,2021-03-31,0
2021-04-28,64930,2020-03-31,,42465000000,,,,,,1337000000,,1604000000,,,431000000,,14.94,,,,,,,,,,,,,,,,,,,,,,true,false,12,2019-04-01,2020-03-31,-1
2021-05-13,64930,2021-03-31,,34705000000,-0.183,,,,,18000000,-0.986,375000000,-0.766,,670000000,,23.33,,0.030,0.007,0.001,,54134000000,29635000000,0.417,785.42,22577000000,5442000000,-2578000000,-1861000000,6004000000,,0.300,,,,,,true,false,12,2020-04-01,2021-03-31,0
2021-05-13,64930,2020-03-31,,42465000000,-0.076,,,,,1337000000,-0.478,1604000000,-0.441,,431000000,,14.94,,0.019,0.028,0.032,,56192000000,29485000000,0.394,765.57,22113000000,4177000000,-5663000000,1703000000,5140000000,,0.669,,,,,,true,false,12,2019-04-01,2020-03-31,-1
2021-05-13,64930,2022-03-31,,18800000000,0.285,,,,,1570000000,,1640000000,,,840000000,,29.22,,,,,,,,,,,,,,,,,,,,,,true,true,6,2021-04-01,2021-09-30,1
2021-05-13,64930,2022-03-31,,38000000000,0.095,,,,,3150000000,,3200000000,7.522,,1550000000,,53.92,,,,,,,,,,,,,,,,0.204,,,,,,true,true,12,2021-04-01,2022-03-31,1
2021-05-13,64930,2021-03-31,,18594000000,-0.240,,,,,-1593000000,,-167000000,,826000000,,-0.204,28.77,,,,,,35907000000,18615000000,0.518,647.60,18615000000,,,,,7.00,,,,28978860,233743,28732552,false,false,12,2020-04-01,2021-03-31,0
2021-05-13,64930,2020-03-31,,24453000000,-0.096,,,,,-370000000,,1218000000,-0.336,1038000000,,,35.96,,,,,,37292000000,17998000000,0.483,623.13,17998000000,,,,,10.00,,,,28978860,94330,28884637,false,false,12,2019-04-01,2020-03-31,-1
2021-05-13,64930,2022-03-31,,,,,,,,,,,,,,,,,,,,,,,,,,,,,,11.00,,,,,,,false,true,12,2021-04-01,2022-03-31,1
2021-07-30,64930,2022-03-31,1,9732000000,0.309,,,,,859000000,,938000000,,,421000000,,14.66,,,,,,55645000000,30940000000,0.422,,23496000000,,,,,,,,,,,,true,false,3,2021-04-01,2021-06-30,0
2021-07-30,64930,2021-03-31,1,7437000000,-0.327,,,,,-464000000,,-364000000,,,-648000000,,-22.57,,,,,,,,,,,,,,,,,,,,,,true,false,3,2020-04-01,2020-06-30,-1
2021-07-30,64930,2022-03-31,1,18800000000,0.285,,,,,1570000000,,1640000000,,,840000000,,29.22,,,,,,,,,,,,,,,,,,,,,,true,true,6,2021-04-01,2021-09-30,0
2021-07-30,64930,2022-03-31,1,38000000000,0.095,,,,,3150000000,,3200000000,7.522,,1550000000,,53.92,,,,,,,,,,,,,,,,,,,,,,true,true,12,2021-04-01,2022-03-31,0
2021-07-30,64930,2021-03-31,1,,,,,,,,,,,,,,,,,,,,54134000000,29635000000,0.417,,22577000000,,,,,,,,,,,,true,false,12,2020-04-01,2021-03-31,-1
2021-07-30,64930,2021-03-31,1,,,,,,,,,,,,,,,,,,,,,,,,,,,,,7.00,,,,28978860,233743,,false,false,12,2020-04-01,2021-03-31,-1
2021-07-30,64930,2022-03-31,1,,,,,,,,,,,,,,,,,,,,,,,,,,,,,11.00,,,,,,,false,true,12,2021-04-01,2022-03-31,0
2021-07-30,64930,2022-03-31,1,,,,,,,,,,,,,,,,,,,,,,,,,,,,,,,,,28978860,233828,28745088,false,false,3,2021-04-01,2021-06-30,0
2021-07-30,64930,2021-03-31,1,,,,,,,,,,,,,,,,,,,,,,,,,,,,,,,,,,,28726996,false,false,3,2020-04-01,2020-06-30,-1
2021-10-29,64930,2022-03-31,2,19206000000,0.313,,,,,1320000000,,1346000000,,,552000000,,19.19,,,,,,54873000000,31036000000,0.430,,23616000000,,,,,,,,,,,,true,false,6,2021-04-01,2021-09-30,0
2021-10-29,64930,2021-03-31,2,14625000000,-0.314,,,,,-1342000000,,-1064000000,,,-1294000000,,-45.06,,,,,,,,,,,,,,,,,,,,,,true,false,6,2020-04-01,2020-09-30,-1
2021-10-29,64930,2022-03-31,2,38530000000,0.110,,,,,2220000000,,2240000000,4.965,,1060000000,,36.79,,,,,,,,,,,,,,,,,,,,,,true,true,12,2021-04-01,2022-03-31,0
2021-10-29,64930,2021-03-31,2,,,,,,,,,,,,,,,,,,,,54134000000,29635000000,0.417,,22577000000,,,,,,,,,,,,true,false,12,2020-04-01,2021-03-31,-1
2021-10-29,64930,2021-03-31,2,,,,,,,,,,,,,,,,,,,,,,,,,,,,,7.00,,,,28978860,233743,,false,false,12,2020-04-01,2021-03-31,-1
2021-10-29,64930,2022-03-31,2,,,,,,,,,,,,,,,,,,,,,,,,,,,,,5.00,,,,,,,false,false,12,2021-04-01,2022-03-31,0
2021-10-29,64930,2022-03-31,2,,,,,,,,,,,,,,,,,,,,,,,,,,,,,11.00,,,,,,,false,true,12,2021-04-01,2022-03-31,0
2021-10-29,64930,2022-03-31,2,,,,,,,,,,,,,,,,,,,,,,,,,,,,,,,,,28978860,165220,28767931,false,false,6,2021-04-01,2021-09-30,0
2021-10-29,64930,2021-03-31,2,,,,,,,,,,,,,,,,,,,,,,,,,,,,,,,,,,,28719949,false,false,6,2020-04-01,2020-09-30,-1
2022-01-31,64930,2022-03-31,3,28261000000,0.162,,,,,1435000000,,1599000000,,,552000000,,19.21,,,,,,54817000000,30685000000,0.425,,23283000000,,,,,,,,,,,,true,false,9,2021-04-01,2021-12-31,0
2022-01-31,64930,2021-03-31,3,24315000000,-0.233,,,,,-981000000,,-643000000,,,-751000000,,-26.16,,,,,,,,,,,,,,,,,,,,,,true,false,9,2020-04-01,2020-12-31,-1
2022-01-31,64930,2022-03-31,3,38530000000,0.110,,,,,2220000000,,2240000000,4.965,,1060000000,,36.79,,,,,,,,,,,,,,,,,,,,,,true,true,12,2021-04-01,2022-03-31,0
2022-01-31,64930,2021-03-31,3,,,,,,,,,,,,,,,,,,,,54134000000,29635000000,0.417,,22577000000,,,,,,,,,,,,true,false,12,2020-04-01,2021-03-31,-1
2022-01-31,64930,2021-03-31,3,,,,,,,,,,,,,,,,,,,,,,,,,,,,,7.00,,,,28978860,233743,,false,false,12,2020-04-01,2021-03-31,-1
2022-01-31,64930,2022-03-31,3,,,,,,,,,,,,,,,,,,,,,,,,,,,,,5.00,,,,,,,false,false,12,2021-04-01,2022-03-31,0
2022-01-31,64930,2022-03-31,3,,,,,,,,,,,,,,,,,,,,,,,,,,,,,11.00,,,,,,,false,true,12,2021-04-01,2022-03-31,0
2022-01-31,64930,2022-03-31,3,,,,,,,,,,,,,,,,,,,,,,,,,,,,,,,,,28978860,165273,28783155,false,false,9,2021-04-01,2021-12-31,0
2022-01-31,64930,2021-03-31,3,,,,,,,,,,,,,,,,,,,,,,,,,,,,,,,,,,,28728361,false,false,9,2020-04-01,2020-12-31,-1
2022-04-28,64930,2022-03-31,,38669000000,0.004,,,,,1963000000,-0.116,2106000000,-0.060,,644000000,,22.39,,,,,,,,,,,,,,,,,,,,,,true,true,12,2021-04-01,2022-03-31,0
2022-04-28,64930,2021-03-31,,34705000000,,,,,,18000000,,375000000,,,670000000,,23.33,,,,,,,,,,,,,,,,,,,,,,true,false,12,2020-04-01,2021-03-31,-1
2022-05-12,64930,2022-03-31,,38669000000,0.114,,,,,1963000000,,2106000000,4.609,,644000000,,22.39,,0.028,0.039,0.051,,54751000000,31421000000,0.437,830.41,23926000000,6884000000,-3535000000,-3304000000,6309000000,,0.491,,,,,,true,false,12,2021-04-01,2022-03-31,0
2022-05-12,64930,2021-03-31,,34705000000,-0.183,,,,,18000000,-0.986,375000000,-0.766,,670000000,,23.33,,0.030,0.007,0.001,,54134000000,29635000000,0.417,785.42,22577000000,5442000000,-2578000000,-1861000000,6004000000,,0.300,,,,,,true,false,12,2020-04-01,2021-03-31,-1
2022-05-12,64930,2023-03-31,,20560000000,0.070,,,,,820000000,-0.379,820000000,-0.391,,200000000,,6.94,,,,,,,,,,,,,,,,,,,,,,true,true,6,2022-04-01,2022-09-30,1
2022-05-12,64930,2023-03-31,,42790000000,0.107,,,,,2560000000,0.304,2560000000,0.215,,1080000000,,37.48,,,,,,,,,,,,,,,,0.320,,,,,,true,true,12,2022-04-01,2023-03-31,1
2022-05-12,64930,2022-03-31,,19695000000,0.059,,,,,-280000000,,1359000000,,1133000000,,0.371,39.38,,,,,,34374000000,19482000000,0.567,676.15,19482000000,,,,,11.00,,,,28978860,165332,28790758,false,false,12,2021-04-01,2022-03-31,0
2022-05-12,64930,2021-03-31,,18594000000,-0.240,,,,,-1593000000,,-167000000,,826000000,,-0.204,28.77,,,,,,35907000000,18615000000,0.518,647.60,18615000000,,,,,7.00,,,,28978860,233743,28732552,false,false,12,2020-04-01,2021-03-31,-1
2022-05-12,64930,2023-03-31,,,,,,,,,,,,,,,,,,,,,,,,,,,,,,12.00,,,,,,,false,true,12,2022-04-01,2023-03-31,1
2022-07-29,64930,2023-03-31,1,9911000000,0.018,,,,,338000000,-0.607,463000000,-0.506,,32000000,,1.11,,,,,,56012000000,32367000000,0.437,,24485000000,,,,,,,,,,,,true,false,3,2022-04-01,2022-06-30,0
2022-07-29,64930,2022-03-31,1,9732000000,0.309,,,,,859000000,,938000000,,,421000000,,14.66,,,,,,,,,,,,,,,,,,,,,,true,false,3,2021-04-01,2021-06-30,-1
2022-07-29,64930,2023-03-31,1,20560000000,0.070,,,,,820000000,-0.379,820000000,-0.391,,200000000,,6.94,,,,,,,,,,,,,,,,,,,,,,true,true,6,2022-04-01,2022-09-30,0
2022-07-29,64930,2023-03-31,1,42790000000,0.107,,,,,2560000000,0.304,2560000000,0.215,,1080000000,,37.48,,,,,,,,,,,,,,,,,,,,,,true,true,12,2022-04-01,2023-03-31,0
2022-07-29,64930,2022-03-31,1,,,,,,,,,,,,,,,,,,,,54751000000,31421000000,0.437,,23926000000,,,,,,,,,,,,true,false,12,2021-04-01,2022-03-31,-1
2022-07-29,64930,2022-03-31,1,,,,,,,,,,,,,,,,,,,,,,,,,,,,,11.00,,,,28978860,165332,,false,false,12,2021-04-01,2022-03-31,-1
2022-07-29,64930,2023-03-31,1,,,,,,,,,,,,,,,,,,,,,,,,,,,,,12.00,,,,,,,false,true,12,2022-04-01,2023-03-31,0
2022-07-29,64930,2023-03-31,1,,,,,,,,,,,,,,,,,,,,,,,,,,,,,,,,,28978860,165332,28813528,false,false,3,2022-04-01,2022-06-30,0
2022-07-29,64930,2022-03-31,1,,,,,,,,,,,,,,,,,,,,,,,,,,,,,,,,,,,28745088,false,false,3,2021-04-01,2021-06-30,-1
2022-11-10,64930,2023-03-31,2,20355000000,0.060,,,,,354000000,-0.731,557000000,-0.586,,-45000000,,-1.56,,,,,,56362000000,33424000000,0.446,,25118000000,,,,,,,,,,,,true,false,6,2022-04-01,2022-09-30,0
2022-11-10,64930,2022-03-31,2,19206000000,0.313,,,,,1320000000,,1346000000,,,552000000,,19.19,,,,,,,,,,,,,,,,,,,,,,true,false,6,2021-04-01,2021-09-30,-1
2022-11-10,64930,2023-03-31,2,42790000000,0.107,,,,,2560000000,0.304,2560000000,0.215,,1080000000,,37.48,,,,,,,,,,,,,,,,,,,,,,true,true,12,2022-04-01,2023-03-31,0
2022-11-10,64930,2022-03-31,2,,,,,,,,,,,,,,,,,,,,54751000000,31421000000,0.437,,23926000000,,,,,,,,,,,,true,false,12,2021-04-01,2022-03-31,-1
2022-11-10,64930,2022-03-31,2,,,,,,,,,,,,,,,,,,,,,,,,,,,,,11.00,,,,28978860,165332,,false,false,12,2021-04-01,2022-03-31,-1
2022-11-10,64930,2023-03-31,2,,,,,,,,,,,,,,,,,,,,,,,,,,,,,6.00,,,,,,,false,false,12,2022-04-01,2023-03-31,0
2022-11-10,64930,2023-03-31,2,,,,,,,,,,,,,,,,,,,,,,,,,,,,,12.00,,,,,,,false,true,12,2022-04-01,2023-03-31,0
2022-11-10,64930,2023-03-31,2,,,,,,,,,,,,,,,,,,,,,,,,,,,,,,,,,28978860,112541,28831113,false,false,6,2022-04-01,2022-09-30,0
2022-11-10,64930,2022-03-31,2,,,,,,,,,,,,,,,,,,,,,,,,,,,,,,,,,,,28767931,false,false,6,2021-04-01,2021-09-30,-1
2023-01-31,64930,2023-03-31,3,31617000000,0.119,,,,,588000000,-0.590,887000000,-0.445,,-34000000,,-1.18,,,,,,57191000000,33485000000,0.437,,24971000000,,,,,,,,,,,,true,false,9,2022-04-01,2022-12-31,0
2023-01-31,64930,2022-03-31,3,28261000000,0.162,,,,,1435000000,,1599000000,,,552000000,,19.21,,,,,,,,,,,,,,,,,,,,,,true,false,9,2021-04-01,2021-12-31,-1
2023-01-31,64930,2023-03-31,3,41973000000,0.085,,,,,1439000000,-0.267,1688000000,-0.199,,356000000,,12.33,,,,,,,,,,,,,,,,,,,,,,true,true,12,2022-04-01,2023-03-31,0
2023-01-31,64930,2022-03-31,3,,,,,,,,,,,,,,,,,,,,54751000000,31421000000,0.437,,23926000000,,,,,,,,,,,,true,false,12,2021-04-01,2022-03-31,-1
2023-01-31,64930,2022-03-31,3,,,,,,,,,,,,,,,,,,,,,,,,,,,,,11.00,,,,28978860,165332,,false,false,12,2021-04-01,2022-03-31,-1
2023-01-31,64930,2023-03-31,3,,,,,,,,,,,,,,,,,,,,,,,,,,,,,6.00,,,,,,,false,false,12,2022-04-01,2023-03-31,0
2023-01-31,64930,2023-03-31,3,,,,,,,,,,,,,,,,,,,,,,,,,,,,,9.00,,,,,,,false,true,12,2022-04-01,2023-03-31,0
2023-01-31,64930,2023-03-31,3,,,,,,,,,,,,,,,,,,,,,,,,,,,,,,,,,28978860,112581,28842844,false,false,9,2022-04-01,2022-12-31,0
2023-01-31,64930,2022-03-31,3,,,,,,,,,,,,,,,,,,,,,,,,,,,,,,,,,,,28783155,false,false,9,2021-04-01,2021-12-31,-1
2023-05-12,64930,2023-03-31,,41876000000,0.083,,,,,1440000000,-0.266,1759000000,-0.164,,391000000,,13.60,,0.016,0.032,0.034,,56907000000,32977000000,0.438,869.50,24950000000,4798000000,-2532000000,-2196000000,6825000000,,0.662,,,,,,true,false,12,2022-04-01,2023-03-31,0
2023-05-12,64930,2022-03-31,,38669000000,0.114,,,,,1963000000,,2106000000,4.609,,644000000,,22.39,,0.028,0.039,0.051,,54751000000,31421000000,0.437,830.41,23926000000,6884000000,-3535000000,-3304000000,6309000000,,0.491,,,,,,true,false,12,2021-04-01,2022-03-31,-1
2023-05-12,64930,2024-03-31,,23700000000,0.164,,,,,690000000,0.945,720000000,0.290,,230000000,,8.02,,,,,,,,,,,,,,,,,,,,,,true,true,6,2023-04-01,2023-09-30,1
2023-05-12,64930,2024-03-31,,48100000000,0.149,,,,,2200000000,0.527,2250000000,0.279,,1080000000,,37.64,,,,,,,,,,,,,,,,0.266,,,,,,true,true,12,2023-04-01,2024-03-31,1
2023-05-12,64930,2023-03-31,,18877000000,-0.042,,,,,-936000000,,707000000,-0.479,568000000,,-0.499,19.73,,,,,,35552000000,19768000000,0.556,688.91,19768000000,,,,,9.00,,,,28978860,283692,28820184,false,false,12,2022-04-01,2023-03-31,0
2023-05-12,64930,2022-03-31,,19695000000,0.059,,,,,-280000000,,1359000000,,1133000000,,0.371,39.38,,,,,,34374000000,19482000000,0.567,676.15,19482000000,,,,,11.00,,,,28978860,165332,28790758,false,false,12,2021-04-01,2022-03-31,-1
2023-05-12,64930,2024-03-31,,,,,,,,,,,,,,,,,,,,,,,,,,,,,,10.00,,,,,,,false,true,12,2023-04-01,2024-03-31,1
2023-07-31,64930,2024-03-31,1,11711000000,0.182,,,,,604000000,0.787,735000000,0.587,,237000000,,8.27,,,,,,60140000000,34244000000,0.435,,26164000000,,,,,,,,,,,,true,false,3,2023-04-01,2023-06-30,0
2023-07-31,64930,2023-03-31,1,9911000000,0.018,,,,,338000000,-0.607,463000000,-0.506,,32000000,,1.11,,,,,,,,,,,,,,,,,,,,,,true,false,3,2022-04-01,2022-06-30,-1
2023-07-31,64930,2024-03-31,1,23700000000,0.164,,,,,690000000,0.945,720000000,0.290,,230000000,,8.02,,,,,,,,,,,,,,,,,,,,,,true,true,6,2023-04-01,2023-09-30,0
2023-07-31,64930,2024-03-31,1,48100000000,0.149,,,,,2200000000,0.527,2250000000,0.279,,1080000000,,37.64,,,,,,,,,,,,,,,,,,,,,,true,true,12,2023-04-01,2024-03-31,0
2023-07-31,64930,2023-03-31,1,,,,,,,,,,,,,,,,,,,,56907000000,32977000000,0.438,,24950000000,,,,,,,,,,,,true,false,12,2022-04-01,2023-03-31,-1
2023-07-31,64930,2023-03-31,1,,,,,,,,,,,,,,,,,,,,,,,,,,,,,9.00,,,,28978860,283692,,false,false,12,2022-04-01,2023-03-31,-1
2023-07-31,64930,2024-03-31,1,,,,,,,,,,,,,,,,,,,,,,,,,,,,,10.00,,,,,,,false,true,12,2023-04-01,2024-03-31,0
2023-07-31,64930,2024-03-31,1,,,,,,,,,,,,,,,,,,,,,,,,,,,,,,,,,28978860,283730,28695155,false,false,3,2023-04-01,2023-06-30,0
2023-07-31,64930,2023-03-31,1,,,,,,,,,,,,,,,,,,,,,,,,,,,,,,,,,,,28813528,false,false,3,2022-04-01,2022-06-30,-1
2023-10-31,64930,2024-03-31,2,24841000000,0.220,,,,,1068000000,2.011,1304000000,1.338,,423000000,,14.75,,,,,,62035000000,36194000000,0.446,,27660000000,,,,,,,,,,,,true,false,6,2023-04-01,2023-09-30,0
2023-10-31,64930,2023-03-31,2,20355000000,0.060,,,,,354000000,-0.731,557000000,-0.586,,-45000000,,-1.56,,,,,,,,,,,,,,,,,,,,,,true,false,6,2022-04-01,2022-09-30,-1
2023-10-31,64930,2024-03-31,2,48100000000,0.149,,,,,2500000000,0.735,2750000000,0.563,,1250000000,,43.56,,,,,,,,,,,,,,,,,,,,,,true,true,12,2023-04-01,2024-03-31,0
2023-10-31,64930,2023-03-31,2,,,,,,,,,,,,,,,,,,,,56907000000,32977000000,0.438,,24950000000,,,,,,,,,,,,true,false,12,2022-04-01,2023-03-31,-1
2023-10-31,64930,2023-03-31,2,,,,,,,,,,,,,,,,,,,,,,,,,,,,,9.00,,,,28978860,283692,,false,false,12,2022-04-01,2023-03-31,-1
2023-10-31,64930,2024-03-31,2,,,,,,,,,,,,,,,,,,,,,,,,,,,,,5.00,,,,,,,false,false,12,2023-04-01,2024-03-31,0
2023-10-31,64930,2024-03-31,2,,,,,,,,,,,,,,,,,,,,,,,,,,,,,12.00,,,,,,,false,true,12,2023-04-01,2024-03-31,0
2023-10-31,64930,2024-03-31,2,,,,,,,,,,,,,,,,,,,,,,,,,,,,,,,,,28978860,239245,28709971,false,false,6,2023-04-01,2023-09-30,0
2023-10-31,64930,2023-03-31,2,,,,,,,,,,,,,,,,,,,,,,,,,,,,,,,,,,,28831113,false,false,6,2022-04-01,2022-09-30,-1
2024-01-31,64930,2024-03-31,3,37914000000,0.199,,,,,1875000000,2.184,2262000000,1.550,,819000000,,28.53,,,,,,62542000000,36445000000,0.441,,27575000000,,,,,,,,,,,,true,false,9,2023-04-01,2023-12-31,0
2024-01-31,64930,2023-03-31,3,31617000000,0.119,,,,,588000000,-0.590,887000000,-0.445,,-34000000,,-1.18,,,,,,,,,,,,,,,,,,,,,,true,false,9,2022-04-01,2022-12-31,-1
2024-01-31,64930,2024-03-31,3,48100000000,0.149,,,,,2500000000,0.735,2750000000,0.563,,1250000000,,43.56,,,,,,,,,,,,,,,,,,,,,,true,true,12,2023-04-01,2024-03-31,0
2024-01-31,64930,2023-03-31,3,,,,,,,,,,,,,,,,,,,,56907000000,32977000000,0.438,,24950000000,,,,,,,,,,,,true,false,12,2022-04-01,2023-03-31,-1
2024-01-31,64930,2023-03-31,3,,,,,,,,,,,,,,,,,,,,,,,,,,,,,9.00,,,,28978860,283692,,false,false,12,2022-04-01,2023-03-31,-1
2024-01-31,64930,2024-03-31,3,,,,,,,,,,,,,,,,,,,,,,,,,,,,,5.00,,,,,,,false,false,12,2023-04-01,2024-03-31,0
2024-01-31,64930,2024-03-31,3,,,,,,,,,,,,,,,,,,,,,,,,,,,,,12.00,,,,,,,false,true,12,2023-04-01,2024-03-31,0
2024-01-31,64930,2024-03-31,3,,,,,,,,,,,,,,,,,,,,,,,,,,,,,,,,,28978860,239276,28719842,false,false,9,2023-04-01,2023-12-31,0
2024-01-31,64930,2023-03-31,3,,,,,,,,,,,,,,,,,,,,,,,,,,,,,,,,,,,28842844,false,false,9,2022-04-01,2022-12-31,-1
2024-05-08,64930,2024-03-31,,49478000000,0.029,,,,,2023000000,-0.191,2482000000,-0.097,,601000000,,20.92,,,,,,,,,,,,,,,,,,,,,,true,true,12,2023-04-01,2024-03-31,0
2024-05-08,64930,2023-03-31,,41876000000,,,,,,1440000000,,1759000000,,,391000000,,13.60,,,,,,,,,,,,,,,,,,,,,,true,false,12,2022-04-01,2023-03-31,-1
2024-05-13,64930,2024-03-31,,49478000000,0.182,,,,,2023000000,0.404,2482000000,0.411,,601000000,,20.92,,0.023,0.041,0.041,,62981000000,37045000000,0.452,990.58,28468000000,6961000000,-3335000000,-1912000000,9069000000,,0.574,,,,,,true,false,12,2023-04-01,2024-03-31,0
2024-05-13,64930,2023-03-31,,41876000000,0.083,,,,,1440000000,-0.266,1759000000,-0.164,,391000000,,13.60,,0.016,0.032,0.034,,56907000000,32977000000,0.438,869.50,24950000000,4798000000,-2532000000,-2196000000,6825000000,,0.662,,,,,,true,false,12,2022-04-01,2023-03-31,-1
2024-05-13,64930,2025-03-31,,25100000000,0.010,,,,,760000000,-0.289,900000000,-0.310,,255000000,,8.87,,,,,,,,,,,,,,,,,,,,,,true,true,6,2024-04-01,2024-09-30,1
2024-05-13,64930,2025-03-31,,52200000000,0.055,,,,,2180000000,0.077,2370000000,-0.045,,1050000000,,36.53,,,,,,,,,,,,,,,,0.328,,,,,,true,true,12,2024-04-01,2025-03-31,1
2024-05-13,64930,2024-03-31,,21042000000,0.115,,,,,-598000000,,1343000000,0.899,959000000,,0.687,33.40,,,,,,39391000000,22436000000,0.570,780.68,22436000000,,,,,12.00,,,,28978860,239276,28724777,false,false,12,2023-04-01,2024-03-31,0
2024-05-13,64930,2023-03-31,,18877000000,-0.042,,,,,-936000000,,707000000,-0.479,568000000,,-0.499,19.73,,,,,,35552000000,19768000000,0.556,688.91,19768000000,,,,,9.00,,,,28978860,283692,28820184,false,false,12,2022-04-01,2023-03-31,-1
2024-05-13,64930,2025-03-31,,,,,,,,,,,,,,,,,,,,,,,,,,,,,,12.00,,,,,,,false,true,12,2024-04-01,2025-03-31,1
2024-08-01,64930,2025-03-31,1,12079000000,0.031,,,,,-60000000,,167000000,-0.772,,-189000000,,-6.60,,,,,,62928000000,36832000000,0.450,,28302000000,,,,,,,,,,,,true,false,3,2024-04-01,2024-06-30,0
2024-08-01,64930,2024-03-31,1,11711000000,0.182,,,,,604000000,0.787,735000000,0.587,,237000000,,8.27,,,,,,,,,,,,,,,,,,,,,,true,false,3,2023-04-01,2023-06-30,-1
2024-08-01,64930,2025-03-31,1,25100000000,0.010,,,,,760000000,-0.289,900000000,-0.310,,255000000,,8.87,,,,,,,,,,,,,,,,,,,,,,true,true,6,2024-04-01,2024-09-30,0
2024-08-01,64930,2025-03-31,1,52200000000,0.055,,,,,2180000000,0.077,2370000000,-0.045,,1050000000,,36.53,,,,,,,,,,,,,,,,,,,,,,true,true,12,2024-04-01,2025-03-31,0
2024-08-01,64930,2024-03-31,1,,,,,,,,,,,,,,,,,,,,62981000000,37045000000,0.452,,28468000000,,,,,,,,,,,,true,false,12,2023-04-01,2024-03-31,-1
2024-08-01,64930,2024-03-31,1,,,,,,,,,,,,,,,,,,,,,,,,,,,,,12.00,,,,28978860,239276,,false,false,12,2023-04-01,2024-03-31,-1
2024-08-01,64930,2025-03-31,1,,,,,,,,,,,,,,,,,,,,,,,,,,,,,12.00,,,,,,,false,true,12,2024-04-01,2025-03-31,0
2024-08-01,64930,2025-03-31,1,,,,,,,,,,,,,,,,,,,,,,,,,,,,,,,,,28978860,239346,28739533,false,false,3,2024-04-01,2024-06-30,0
2024-08-01,64930,2024-03-31,1,,,,,,,,,,,,,,,,,,,,,,,,,,,,,,,,,,,28695155,false,false,3,2023-04-01,2023-06-30,-1
2024-10-30,64930,2025-03-31,,25552000000,0.018,,,,,333000000,-0.561,614000000,-0.317,,54000000,,1.88,,,,,,,,,,,,,,,,,,,,,,true,true,6,2024-04-01,2024-09-30,0
2024-10-30,64930,2024-03-31,,24841000000,,,,,,1068000000,,1304000000,,,423000000,,14.75,,,,,,,,,,,,,,,,,,,,,,true,false,6,2023-04-01,2023-09-30,-1
2024-10-30,64930,2025-03-31,,50000000000,-0.042,,,,,1750000000,-0.197,1850000000,-0.219,,700000000,,24.36,,,,,,,,,,,,,,,,,,,,,,true,true,12,2024-04-01,2025-03-31,0
2024-10-30,64930,2024-03-31,,49478000000,,,,,,2023000000,,2482000000,,,601000000,,20.92,,,,,,,,,,,,,,,,,,,,,,true,false,12,2023-04-01,2024-03-31,-1
2024-11-01,64930,2025-03-31,2,25552000000,0.029,,,,,333000000,-0.687,614000000,-0.529,,54000000,,1.88,,,,,,62901000000,37463000000,0.451,,28387000000,,,,,,,,,,,,true,false,6,2024-04-01,2024-09-30,0
2024-11-01,64930,2024-03-31,2,24841000000,0.220,,,,,1068000000,2.011,1304000000,1.338,,423000000,,14.75,,,,,,,,,,,,,,,,,,,,,,true,false,6,2023-04-01,2023-09-30,-1
2024-11-01,64930,2025-03-31,2,50000000000,0.011,,,,,1750000000,-0.135,1850000000,-0.255,,700000000,,24.36,,,,,,,,,,,,,,,,,,,,,,true,true,12,2024-04-01,2025-03-31,0
2024-11-01,64930,2024-03-31,2,,,,,,,,,,,,,,,,,,,,62981000000,37045000000,0.452,,28468000000,,,,,,,,,,,,true,false,12,2023-04-01,2024-03-31,-1
2024-11-01,64930,2024-03-31,2,,,,,,,,,,,,,,,,,,,,,,,,,,,,,12.00,,,,28978860,239276,,false,false,12,2023-04-01,2024-03-31,-1
2024-11-01,64930,2025-03-31,2,,,,,,,,,,,,,,,,,,,,,,,,,,,,,6.00,,,,,,,false,false,12,2024-04-01,2025-03-31,0
2024-11-01,64930,2025-03-31,2,,,,,,,,,,,,,,,,,,,,,,,,,,,,,12.00,,,,,,,false,true,12,2024-04-01,2025-03-31,0
2024-11-01,64930,2025-03-31,2,,,,,,,,,,,,,,,,,,,,,,,,,,,,,,,,,28978860,203735,28751393,false,false,6,2024-04-01,2024-09-30,0
2024-11-01,64930,2024-03-31,2,,,,,,,,,,,,,,,,,,,,,,,,,,,,,,,,,,,28709971,false,false,6,2023-04-01,2023-09-30,-1
2024-11-01,64930,2025-03-31,2,25552000000,0.029,,,,,211000000,-0.802,492000000,-0.622,,-8000000,,-0.29,,,,,,62779000000,37341000000,0.451,,28324000000,,,,,,,,,,,,true,false,6,2024-04-01,2024-09-30,0
2024-11-01,64930,2024-03-31,2,24841000000,0.220,,,,,1068000000,2.011,1304000000,1.338,,423000000,,14.75,,,,,,,,,,,,,,,,,,,,,,true,false,6,2023-04-01,2023-09-30,-1
2024-11-01,64930,2025-03-31,2,50000000000,0.011,,,,,1750000000,-0.135,1850000000,-0.255,,700000000,,24.36,,,,,,,,,,,,,,,,,,,,,,true,true,12,2024-04-01,2025-03-31,0
2024-11-01,64930,2024-03-31,2,,,,,,,,,,,,,,,,,,,,62981000000,37045000000,0.452,,28468000000,,,,,,,,,,,,true,false,12,2023-04-01,2024-03-31,-1
2024-11-01,64930,2024-03-31,2,,,,,,,,,,,,,,,,,,,,,,,,,,,,,12.00,,,,28978860,239276,,false,false,12,2023-04-01,2024-03-31,-1
2024-11-01,64930,2025-03-31,2,,,,,,,,,,,,,,,,,,,,,,,,,,,,,6.00,,,,,,,false,false,12,2024-04-01,2025-03-31,0
2024-11-01,64930,2025-03-31,2,,,,,,,,,,,,,,,,,,,,,,,,,,,,,12.00,,,,,,,false,true,12,2024-04-01,2025-03-31,0
2024-11-01,64930,2025-03-31,2,,,,,,,,,,,,,,,,,,,,,,,,,,,,,,,,,28978860,203735,28751393,false,false,6,2024-04-01,2024-09-30,0
2024-11-01,64930,2024-03-31,2,,,,,,,,,,,,,,,,,,,,,,,,,,,,,,,,,,,28709971,false,false,6,2023-04-01,2023-09-30,-1
2025-01-31,64930,2025-03-31,3,37506000000,-0.011,,,,,923000000,-0.508,1188000000,-0.475,,302000000,,10.52,,,,,,65818000000,36499000000,0.424,,27924000000,,,,,,,,,,,,true,false,9,2024-04-01,2024-12-31,0
2025-01-31,64930,2024-03-31,3,37914000000,0.199,,,,,1875000000,2.184,2262000000,1.550,,819000000,,28.53,,,,,,,,,,,,,,,,,,,,,,true,false,9,2023-04-01,2023-12-31,-1
2025-01-31,64930,2025-03-31,3,50000000000,0.011,,,,,1750000000,-0.135,1850000000,-0.255,,700000000,,24.36,,,,,,,,,,,,,,,,,,,,,,true,true,12,2024-04-01,2025-03-31,0
2025-01-31,64930,2024-03-31,3,,,,,,,,,,,,,,,,,,,,62981000000,37045000000,0.452,,28468000000,,,,,,,,,,,,true,false,12,2023-04-01,2024-03-31,-1
2025-01-31,64930,2024-03-31,3,,,,,,,,,,,,,,,,,,,,,,,,,,,,,12.00,,,,28978860,239276,,false,false,12,2023-04-01,2024-03-31,-1
2025-01-31,64930,2025-03-31,3,,,,,,,,,,,,,,,,,,,,,,,,,,,,,6.00,,,,,,,false,false,12,2024-04-01,2025-03-31,0
2025-01-31,64930,2025-03-31,3,,,,,,,,,,,,,,,,,,,,,,,,,,,,,12.00,,,,,,,false,true,12,2024-04-01,2025-03-31,0
2025-01-31,64930,2025-03-31,3,,,,,,,,,,,,,,,,,,,,,,,,,,,,,,,,,28978860,203752,28759299,false,false,9,2024-04-01,2024-12-31,0
2025-01-31,64930,2024-03-31,3,,,,,,,,,,,,,,,,,,,,,,,,,,,,,,,,,,,28719842,false,false,9,2023-04-01,2023-12-31,-1
2025-05-14,64930,2025-03-31,,51446000000,0.040,,,,,1507000000,-0.255,1896000000,-0.236,,630000000,,21.91,,0.022,0.029,0.029,,66613000000,38045000000,0.436,1008.82,29028000000,4304000000,-3771000000,-864000000,9272000000,,0.548,,,,,,true,false,12,2024-04-01,2025-03-31,0
2025-05-14,64930,2024-03-31,,49478000000,0.182,,,,,2023000000,0.404,2482000000,0.411,,601000000,,20.92,,0.023,0.041,0.041,,62981000000,37045000000,0.452,990.58,28468000000,6961000000,-3335000000,-1912000000,9069000000,,0.574,,,,,,true,false,12,2023-04-01,2024-03-31,-1
2025-05-14,64930,2026-03-31,,23800000000,-0.069,,,,,910000000,3.299,1200000000,1.436,,910000000,,31.62,,,,,,,,,,,,,,,,,,,,,,true,true,6,2025-04-01,2025-09-30,1
2025-05-14,64930,2026-03-31,,48700000000,-0.053,,,,,2370000000,0.572,2450000000,0.292,,1490000000,,51.78,,,,,,,,,,,,,,,,0.270,,,,,,true,true,12,2025-04-01,2026-03-31,1
2025-05-14,64930,2025-03-31,,20419000000,-0.030,,,,,-926000000,,1065000000,-0.207,1320000000,,0.377,45.92,,,,,,38257000000,22230000000,0.581,772.56,22230000000,,,,,12.00,,,,28978860,203752,28763251,false,false,12,2024-04-01,2025-03-31,0
2025-05-14,64930,2024-03-31,,21042000000,0.115,,,,,-598000000,,1343000000,0.899,959000000,,0.687,33.40,,,,,,39391000000,22436000000,0.570,780.68,22436000000,,,,,12.00,,,,28978860,239276,28724777,false,false,12,2023-04-01,2024-03-31,-1
2025-05-14,64930,2026-03-31,,,,,,,,,,,,,,,,,,,,,,,,,,,,,,14.00,,,,,,,false,true,12,2025-04-01,2026-03-31,1
2025-01-31,64930,2025-03-31,3,37506000000,-0.011,,,,,832000000,-0.556,1188000000,-0.475,,302000000,,10.52,,,,,,65818000000,36499000000,0.424,,27924000000,,,,,,,,,,,,true,false,9,2024-04-01,2024-12-31,0
2025-01-31,64930,2024-03-31,3,37914000000,0.199,,,,,1875000000,2.184,2262000000,1.550,,819000000,,28.53,,,,,,,,,,,,,,,,,,,,,,true,false,9,2023-04-01,2023-12-31,-1
2025-01-31,64930,2025-03-31,3,50000000000,0.011,,,,,1750000000,-0.135,1850000000,-0.255,,700000000,,24.36,,,,,,,,,,,,,,,,,,,,,,true,true,12,2024-04-01,2025-03-31,0
2025-01-31,64930,2024-03-31,3,,,,,,,,,,,,,,,,,,,,62981000000,37045000000,0.452,,28468000000,,,,,,,,,,,,true,false,12,2023-04-01,2024-03-31,-1
2025-01-31,64930,2024-03-31,3,,,,,,,,,,,,,,,,,,,,,,,,,,,,,12.00,,,,28978860,239276,,false,false,12,2023-04-01,2024-03-31,-1
2025-01-31,64930,2025-03-31,3,,,,,,,,,,,,,,,,,,,,,,,,,,,,,6.00,,,,,,,false,false,12,2024-04-01,2025-03-31,0
2025-01-31,64930,2025-03-31,3,,,,,,,,,,,,,,,,,,,,,,,,,,,,,12.00,,,,,,,false,true,12,2024-04-01,2025-03-31,0
2025-01-31,64930,2025-03-31,3,,,,,,,,,,,,,,,,,,,,,,,,,,,,,,,,,28978860,203752,28759299,false,false,9,2024-04-01,2024-12-31,0
2025-01-31,64930,2024-03-31,3,,,,,,,,,,,,,,,,,,,,,,,,,,,,,,,,,,,28719842,false,false,9,2023-04-01,2023-12-31,-1
2025-07-31,64930,2026-03-31,1,12428000000,0.029,,,,,925000000,,994000000,4.930,,728000000,,25.30,,,,,,63981000000,37169000000,0.449,,28711000000,,,,,,,,,,,,true,false,3,2025-04-01,2025-06-30,0
2025-07-31,64930,2025-03-31,1,12079000000,0.031,,,,,-60000000,,167000000,-0.772,,-189000000,,-6.60,,,,,,,,,,,,,,,,,,,,,,true,false,3,2024-04-01,2024-06-30,-1
2025-07-31,64930,2026-03-31,1,23800000000,-0.069,,,,,910000000,3.299,1200000000,1.436,,910000000,,31.62,,,,,,,,,,,,,,,,,,,,,,true,true,6,2025-04-01,2025-09-30,0
2025-07-31,64930,2026-03-31,1,48700000000,-0.053,,,,,2370000000,0.572,2450000000,0.292,,1490000000,,51.78,,,,,,,,,,,,,,,,,,,,,,true,true,12,2025-04-01,2026-03-31,0
2025-07-31,64930,2025-03-31,1,,,,,,,,,,,,,,,,,,,,66613000000,38045000000,0.436,,29028000000,,,,,,,,,,,,true,false,12,2024-04-01,2025-03-31,-1
2025-07-31,64930,2025-03-31,1,,,,,,,,,,,,,,,,,,,,,,,,,,,,,12.00,,,,28978860,203752,,false,false,12,2024-04-01,2025-03-31,-1
2025-07-31,64930,2026-03-31,1,,,,,,,,,,,,,,,,,,,,,,,,,,,,,14.00,,,,,,,false,true,12,2025-04-01,2026-03-31,0
2025-07-31,64930,2026-03-31,1,,,,,,,,,,,,,,,,,,,,,,,,,,,,,,,,,28978860,203822,28775084,false,false,3,2025-04-01,2025-06-30,0
2025-07-31,64930,2025-03-31,1,,,,,,,,,,,,,,,,,,,,,,,,,,,,,,,,,,,28739533,false,false,3,2024-04-01,2024-06-30,-1
