filing_date,code,fiscal_year_end,quarterly_period,net_sales,net_sales_change,revenue,revenue_change,operating_revenue,operating_revenue_change,operating_profit,operating_profit_change,ordinary_profit,ordinary_profit_change,net_income,net_income_of_parent,net_income_change,eps,diluted_eps,roe,roa,operating_profit_to_net_sales,operating_profit_to_revenue,total_assets,net_assets,equity_ratio,bps,owner_equity,operating_cash_flow,investing_cash_flow,financing_cash_flow,cash,dividend_per_share,payout_ratio,commemorative_dividend,extra_dividend,number_of_shares,number_of_treqsury_shares,avg_number_of_shares,is_consolidated,is_forecast,duration,period_start,period_end,period_pos
2015-07-30,65040,2016-03-31,1,165192000000,0.038,,,,,2399000000,0.266,3003000000,0.856,,2020000000,,2.83,2.83,,,,,886096000000,311589000000,0.318,,282158000000,,,,,,,,,,,,true,false,3,2015-04-01,2015-06-30,0
2015-07-30,65040,2015-03-31,1,159117000000,0.049,,,,,1895000000,2.981,1618000000,0.596,,228000000,,0.32,0.32,,,,,,,,,,,,,,,,,,,,,true,false,3,2014-04-01,2014-06-30,-1
2015-07-30,65040,2016-03-31,1,364300000000,0.055,,,,,6000000000,0.020,4300000000,-0.292,,2000000000,,2.80,,,,,,,,,,,,,,,,,,,,,,true,true,6,2015-04-01,2015-09-30,0
2015-07-30,65040,2016-03-31,1,850000000000,0.049,,,,,45000000000,0.145,45000000000,0.043,,29000000000,,40.59,,,,,,,,,,,,,,,,,,,,,,true,true,12,2015-04-01,2016-03-31,0
2015-07-30,65040,2015-03-31,1,,,,,,,,,,,,,,,,,,,,904522000000,319636000000,0.321,,290339000000,,,,,,,,,,,,true,false,12,2014-04-01,2015-03-31,-1
2015-07-30,65040,2015-03-31,1,,,,,,,,,,,,,,,,,,,,,,,,,,,,,9.00,,,,746484957,32057107,,false,false,12,2014-04-01,2015-03-31,-1
2015-07-30,65040,2016-03-31,1,,,,,,,,,,,,,,,,,,,,,,,,,,,,,,,,,746484957,32069075,714420494,false,false,3,2015-04-01,2015-06-30,0
2015-07-30,65040,2015-03-31,1,,,,,,,,,,,,,,,,,,,,,,,,,,,,,,,,,,,714492102,false,false,3,2014-04-01,2014-06-30,-1
2015-10-29,65040,2016-03-31,2,354321000000,0.026,,,,,6884000000,0.170,7000000000,0.153,,4170000000,,5.84,5.83,,,,,841159000000,289487000000,0.309,,260049000000,,,,,,,,,,,,true,false,6,2015-04-01,2015-09-30,0
2015-10-29,65040,2015-03-31,2,345341000000,0.051,,,,,5885000000,0.981,6072000000,1.438,,1974000000,,2.76,2.76,,,,,,,,,,,,,,,,,,,,,true,false,6,2014-04-01,2014-09-30,-1
2015-10-29,65040,2016-03-31,2,850000000000,0.049,,,,,45000000000,0.145,45000000000,0.043,,29000000000,,40.59,,,,,,,,,,,,,,,,,,,,,,true,true,12,2015-04-01,2016-03-31,0
2015-10-29,65040,2015-03-31,2,,,,,,,,,,,,,,,,,,,,904522000000,319636000000,0.321,,290339000000,,,,,,,,,,,,true,false,12,2014-04-01,2015-03-31,-1
2015-10-29,65040,2015-03-31,2,,,,,,,,,,,,,,,,,,,,,,,,,,,,,9.00,,,,746484957,32057107,,false,false,12,2014-04-01,2015-03-31,-1
2015-10-29,65040,2016-03-31,2,,,,,,,,,,,,,,,,,,,,,,,,,,,,,5.00,,,,,,,false,false,12,2015-04-01,2016-03-31,0
2015-10-29,65040,2016-03-31,2,,,,,,,,,,,,,,,,,,,,,,,,,,,,,,,,,746484957,32079503,714414933,false,false,6,2015-04-01,2015-09-30,0
2015-10-29,65040,2015-03-31,2,,,,,,,,,,,,,,,,,,,,,,,,,,,,,,,,,,,714482814,false,false,6,2014-04-01,2014-09-30,-1
2016-01-28,65040,2016-03-31,3,536071000000,-0.011,,,,,11487000000,0.005,12505000000,-0.080,,8212000000,,11.50,11.49,,,,,890232000000,299397000000,0.303,,269328000000,,,,,,,,,,,,true,false,9,2015-04-01,2015-12-31,0
2016-01-28,65040,2015-03-31,3,541846000000,0.078,,,,,11427000000,0.949,13597000000,1.055,,11213000000,,15.70,15.68,,,,,,,,,,,,,,,,,,,,,true,false,9,2014-04-01,2014-12-31,-1
2016-01-28,65040,2016-03-31,3,850000000000,0.049,,,,,45000000000,0.145,45000000000,0.043,,29000000000,,40.59,,,,,,,,,,,,,,,,,,,,,,true,true,12,2015-04-01,2016-03-31,0
2016-01-28,65040,2015-03-31,3,,,,,,,,,,,,,,,,,,,,904522000000,319636000000,0.321,,290339000000,,,,,,,,,,,,true,false,12,2014-04-01,2015-03-31,-1
2016-01-28,65040,2015-03-31,3,,,,,,,,,,,,,,,,,,,,,,,,,,,,,9.00,,,,746484957,32057107,,false,false,12,2014-04-01,2015-03-31,-1
2016-01-28,65040,2016-03-31,3,,,,,,,,,,,,,,,,,,,,,,,,,,,,,5.00,,,,,,,false,false,12,2015-04-01,2016-03-31,0
2016-01-28,65040,2016-03-31,3,,,,,,,,,,,,,,,,,,,,,,,,,,,,,,,,,746484957,32100008,714409367,false,false,9,2015-04-01,2015-12-31,0
2016-01-28,65040,2015-03-31,3,,,,,,,,,,,,,,,,,,,,,,,,,,,,,,,,,,,714474941,false,false,9,2014-04-01,2014-12-31,-1
2016-04-27,65040,2016-03-31,,813550000000,0.004,,,,,45006000000,0.145,45614000000,0.057,,30644000000,,42.90,42.86,0.118,0.052,0.055,,845378000000,260980000000,0.273,322.52,230399000000,48450000000,-19410000000,-31566000000,30838000000,,0.233,,,,,,true,false,12,2015-04-01,2016-03-31,0
2016-04-27,65040,2015-03-31,,810678000000,0.067,,,,,39316000000,0.187,43139000000,0.174,,27978000000,,39.16,39.13,0.108,0.050,0.048,,904522000000,319636000000,0.321,406.39,290339000000,51459000000,-22750000000,-33828000000,31895000000,,0.230,,,,,,true,false,12,2014-04-01,2015-03-31,-1
2016-04-27,65040,2017-03-31,,370500000000,0.046,,,,,5400000000,-0.216,3800000000,-0.457,,900000000,,1.26,,,,,,,,,,,,,,,,,,,,,,true,true,6,2016-04-01,2016-09-30,1
2016-04-27,65040,2017-03-31,,830000000000,0.020,,,,,47000000000,0.044,47000000000,0.030,,31000000000,,43.39,,,,,,,,,,,,,,,,,,,,,,true,true,12,2016-04-01,2017-03-31,1
2016-04-27,65040,2016-03-31,,503513000000,-0.014,,,,,16896000000,-0.038,18561000000,-0.149,14248000000,,-0.056,19.95,19.93,,,,,649637000000,196739000000,0.303,275.40,196739000000,,,,,10.00,,,,746484957,32109374,714402094,false,false,12,2015-04-01,2016-03-31,0
2016-04-27,65040,2015-03-31,,510862000000,0.031,,,,,17571000000,0.100,21800000000,-0.020,15086000000,,-0.291,21.12,21.10,,,,,677376000000,228400000000,0.337,319.70,228400000000,,,,,9.00,,,,746484957,32057107,714465716,false,false,12,2014-04-01,2015-03-31,-1
2016-07-28,65040,2017-03-31,1,165055000000,-0.001,,,,,2288000000,-0.046,296000000,-0.901,,-721000000,,-1.01,,,,,,805702000000,242816000000,0.264,,213048000000,,,,,,,,,,,,true,false,3,2016-04-01,2016-06-30,0
2016-07-28,65040,2016-03-31,1,165192000000,0.038,,,,,2399000000,0.266,3003000000,0.856,,2020000000,,2.83,2.83,,,,,,,,,,,,,,,,,,,,,true,false,3,2015-04-01,2015-06-30,-1
2016-07-28,65040,2017-03-31,1,370500000000,0.046,,,,,5400000000,-0.216,3800000000,-0.457,,900000000,,1.26,,,,,,,,,,,,,,,,,,,,,,true,true,6,2016-04-01,2016-09-30,0
2016-07-28,65040,2017-03-31,1,830000000000,0.020,,,,,47000000000,0.044,47000000000,0.030,,31000000000,,43.39,,,,,,,,,,,,,,,,,,,,,,true,true,12,2016-04-01,2017-03-31,0
2016-07-28,65040,2016-03-31,1,,,,,,,,,,,,,,,,,,,,845378000000,260980000000,0.273,,230399000000,,,,,,,,,,,,true,false,12,2015-04-01,2016-03-31,-1
2016-07-28,65040,2016-03-31,1,,,,,,,,,,,,,,,,,,,,,,,,,,,,,10.00,,,,746484957,32109374,,false,false,12,2015-04-01,2016-03-31,-1
2016-07-28,65040,2017-03-31,1,,,,,,,,,,,,,,,,,,,,,,,,,,,,,,,,,746484957,32113712,714373887,false,false,3,2016-04-01,2016-06-30,0
2016-07-28,65040,2016-03-31,1,,,,,,,,,,,,,,,,,,,,,,,,,,,,,,,,,,,714420494,false,false,3,2015-04-01,2015-06-30,-1
2016-10-27,65040,2017-03-31,2,351558000000,-0.008,,,,,5870000000,-0.147,2729000000,-0.610,,22000000,,0.03,,,,,,806013000000,257329000000,0.283,,227850000000,,,,,,,,,,,,true,false,6,2016-04-01,2016-09-30,0
2016-10-27,65040,2016-03-31,2,354321000000,0.026,,,,,6884000000,0.170,7000000000,0.153,,4170000000,,5.84,5.83,,,,,,,,,,,,,,,,,,,,,true,false,6,2015-04-01,2015-09-30,-1
2016-10-27,65040,2017-03-31,2,820000000000,0.008,,,,,45000000000,-0.000,43000000000,-0.057,,27000000000,,37.80,,,,,,,,,,,,,,,,,,,,,,true,true,12,2016-04-01,2017-03-31,0
2016-10-27,65040,2016-03-31,2,,,,,,,,,,,,,,,,,,,,845378000000,260980000000,0.273,,230399000000,,,,,,,,,,,,true,false,12,2015-04-01,2016-03-31,-1
2016-10-27,65040,2016-03-31,2,,,,,,,,,,,,,,,,,,,,,,,,,,,,,10.00,,,,746484957,32109374,,false,false,12,2015-04-01,2016-03-31,-1
2016-10-27,65040,2017-03-31,2,,,,,,,,,,,,,,,,,,,,,,,,,,,,,5.00,,,,,,,false,false,12,2016-04-01,2017-03-31,0
2016-10-27,65040,2017-03-31,2,,,,,,,,,,,,,,,,,,,,,,,,,,,,,,,,,746484957,32120864,714370883,false,false,6,2016-04-01,2016-09-30,0
2016-10-27,65040,2016-03-31,2,,,,,,,,,,,,,,,,,,,,,,,,,,,,,,,,,,,714414933,false,false,6,2015-04-01,2015-09-30,-1
2017-01-26,65040,2017-03-31,3,555284000000,0.036,,,,,10716000000,-0.067,11044000000,-0.117,,4920000000,,6.89,,,,,,878109000000,283011000000,0.287,,251728000000,,,,,,,,,,,,true,false,9,2016-04-01,2016-12-31,0
2017-01-26,65040,2016-03-31,3,536071000000,-0.011,,,,,11487000000,0.005,12505000000,-0.080,,8212000000,,11.50,11.49,,,,,,,,,,,,,,,,,,,,,true,false,9,2015-04-01,2015-12-31,-1
2017-01-26,65040,2017-03-31,3,820000000000,0.008,,,,,45000000000,-0.000,43000000000,-0.057,,27000000000,,37.80,,,,,,,,,,,,,,,,,,,,,,true,true,12,2016-04-01,2017-03-31,0
2017-01-26,65040,2016-03-31,3,,,,,,,,,,,,,,,,,,,,845378000000,260980000000,0.273,,230399000000,,,,,,,,,,,,true,false,12,2015-04-01,2016-03-31,-1
2017-01-26,65040,2016-03-31,3,,,,,,,,,,,,,,,,,,,,,,,,,,,,,10.00,,,,746484957,32109374,,false,false,12,2015-04-01,2016-03-31,-1
2017-01-26,65040,2017-03-31,3,,,,,,,,,,,,,,,,,,,,,,,,,,,,,5.00,,,,,,,false,false,12,2016-04-01,2017-03-31,0
2017-01-26,65040,2017-03-31,3,,,,,,,,,,,,,,,,,,,,,,,,,,,,,,,,,746484957,32142871,714365916,false,false,9,2016-04-01,2016-12-31,0
2017-01-26,65040,2016-03-31,3,,,,,,,,,,,,,,,,,,,,,,,,,,,,,,,,,,,714409367,false,false,9,2015-04-01,2015-12-31,-1
2017-04-27,65040,2017-03-31,,837765000000,0.030,,,,,44709000000,-0.007,46296000000,0.015,,40978000000,,57.36,,0.157,0.053,0.053,,886663000000,323863000000,0.328,407.68,291215000000,58185000000,9748000000,-56083000000,41886000000,,0.192,,,,,,true,false,12,2016-04-01,2017-03-31,0
2017-04-27,65040,2016-03-31,,813550000000,0.004,,,,,45006000000,0.145,45614000000,0.057,,30644000000,,42.90,42.86,0.118,0.052,0.055,,845378000000,260980000000,0.273,322.52,230399000000,48450000000,-19410000000,-31566000000,30838000000,,0.233,,,,,,true,false,12,2015-04-01,2016-03-31,-1
2017-04-27,65040,2018-03-31,,368900000000,0.049,,,,,6100000000,0.039,3200000000,0.173,,0,,0.00,,,,,,,,,,,,,,,,,,,,,,true,true,6,2017-04-01,2017-09-30,1
2017-04-27,65040,2018-03-31,,850000000000,0.015,,,,,48000000000,0.074,47000000000,0.015,,29000000000,,40.60,,,,,,,,,,,,,,,,,,,,,,true,true,12,2017-04-01,2018-03-31,1
2017-04-27,65040,2017-03-31,,515797000000,0.024,,,,,15733000000,-0.069,19465000000,0.049,29588000000,,1.077,41.42,,,,,,668151000000,230248000000,0.345,322.33,230248000000,,,,,11.00,,,,746484957,32158991,714357862,false,false,12,2016-04-01,2017-03-31,0
2017-04-27,65040,2016-03-31,,503513000000,-0.014,,,,,16896000000,-0.038,18561000000,-0.149,14248000000,,-0.056,19.95,19.93,,,,,649637000000,196739000000,0.303,275.40,196739000000,,,,,10.00,,,,746484957,32109374,714402094,false,false,12,2015-04-01,2016-03-31,-1
2017-07-27,65040,2018-03-31,1,173460000000,0.051,,,,,2820000000,0.233,2793000000,8.436,,1132000000,,1.59,,,,,,864655000000,329553000000,0.344,,297632000000,,,,,,,,,,,,true,false,3,2017-04-01,2017-06-30,0
2017-07-27,65040,2017-03-31,1,165055000000,-0.001,,,,,2288000000,-0.046,296000000,-0.901,,-721000000,,-1.01,,,,,,,,,,,,,,,,,,,,,,true,false,3,2016-04-01,2016-06-30,-1
2017-07-27,65040,2018-03-31,1,370000000000,0.052,,,,,7000000000,0.193,4500000000,0.649,,1100000000,,1.54,,,,,,,,,,,,,,,,,,,,,,true,true,6,2017-04-01,2017-09-30,0
2017-07-27,65040,2018-03-31,1,850000000000,0.015,,,,,48000000000,0.074,47000000000,0.015,,29000000000,,40.60,,,,,,,,,,,,,,,,,,,,,,true,true,12,2017-04-01,2018-03-31,0
2017-07-27,65040,2017-03-31,1,,,,,,,,,,,,,,,,,,,,886663000000,323863000000,0.328,,291215000000,,,,,,,,,,,,true,false,12,2016-04-01,2017-03-31,-1
2017-07-27,65040,2017-03-31,1,,,,,,,,,,,,,,,,,,,,,,,,,,,,,11.00,,,,746484957,32158991,,false,false,12,2016-04-01,2017-03-31,-1
2017-07-27,65040,2018-03-31,1,,,,,,,,,,,,,,,,,,,,,,,,,,,,,,,,,746484957,32167751,714321203,false,false,3,2017-04-01,2017-06-30,0
2017-07-27,65040,2017-03-31,1,,,,,,,,,,,,,,,,,,,,,,,,,,,,,,,,,,,714373887,false,false,3,2016-04-01,2016-06-30,-1
2017-10-26,65040,2018-03-31,2,395014000000,0.124,,,,,12742000000,1.171,11726000000,3.297,,6219000000,,8.71,,,,,,890278000000,342001000000,0.347,,309074000000,,,,,,,,,,,,true,false,6,2017-04-01,2017-09-30,0
2017-10-26,65040,2017-03-31,2,351558000000,-0.008,,,,,5870000000,-0.147,2729000000,-0.610,,22000000,,0.03,,,,,,,,,,,,,,,,,,,,,,true,false,6,2016-04-01,2016-09-30,-1
2017-10-26,65040,2018-03-31,2,870000000000,0.038,,,,,52000000000,0.163,51000000000,0.102,,31000000000,,43.40,,,,,,,,,,,,,,,,,,,,,,true,true,12,2017-04-01,2018-03-31,0
2017-10-26,65040,2017-03-31,2,,,,,,,,,,,,,,,,,,,,886663000000,323863000000,0.328,,291215000000,,,,,,,,,,,,true,false,12,2016-04-01,2017-03-31,-1
2017-10-26,65040,2017-03-31,2,,,,,,,,,,,,,,,,,,,,,,,,,,,,,11.00,,,,746484957,32158991,,false,false,12,2016-04-01,2017-03-31,-1
2017-10-26,65040,2018-03-31,2,,,,,,,,,,,,,,,,,,,,,,,,,,,,,6.00,,,,,,,false,false,12,2017-04-01,2018-03-31,0
2017-10-26,65040,2018-03-31,2,,,,,,,,,,,,,,,,,,,,,,,,,,,,,,,,,746484957,32177615,714316731,false,false,6,2017-04-01,2017-09-30,0
2017-10-26,65040,2017-03-31,2,,,,,,,,,,,,,,,,,,,,,,,,,,,,,,,,,,,714370883,false,false,6,2016-04-01,2016-09-30,-1
2018-01-29,65040,2018-03-31,3,601151000000,0.083,,,,,22386000000,1.089,21830000000,0.977,,13375000000,,18.72,,,,,,920958000000,349538000000,0.343,,315487000000,,,,,,,,,,,,true,false,9,2017-04-01,2017-12-31,0
2018-01-29,65040,2017-03-31,3,555284000000,0.036,,,,,10716000000,-0.067,11044000000,-0.117,,4920000000,,6.89,,,,,,,,,,,,,,,,,,,,,,true,false,9,2016-04-01,2016-12-31,-1
2018-01-29,65040,2018-03-31,3,875000000000,0.044,,,,,53000000000,0.185,51000000000,0.102,,31000000000,,43.40,,,,,,,,,,,,,,,,,,,,,,true,true,12,2017-04-01,2018-03-31,0
2018-01-29,65040,2017-03-31,3,,,,,,,,,,,,,,,,,,,,886663000000,323863000000,0.328,,291215000000,,,,,,,,,,,,true,false,12,2016-04-01,2017-03-31,-1
2018-01-29,65040,2017-03-31,3,,,,,,,,,,,,,,,,,,,,,,,,,,,,,11.00,,,,746484957,32158991,,false,false,12,2016-04-01,2017-03-31,-1
2018-01-29,65040,2018-03-31,3,,,,,,,,,,,,,,,,,,,,,,,,,,,,,6.00,,,,,,,false,false,12,2017-04-01,2018-03-31,0
2018-01-29,65040,2018-03-31,3,,,,,,,,,,,,,,,,,,,,,,,,,,,,,,,,,746484957,32201420,714310140,false,false,9,2017-04-01,2017-12-31,0
2018-01-29,65040,2017-03-31,3,,,,,,,,,,,,,,,,,,,,,,,,,,,,,,,,,,,714365916,false,false,9,2016-04-01,2016-12-31,-1
2018-04-26,65040,2018-03-31,,893451000000,0.066,,,,,55962000000,0.252,56047000000,0.211,,37763000000,,52.87,,0.121,0.062,0.063,,918859000000,366546000000,0.360,462.90,330635000000,53146000000,-14550000000,-46887000000,33329000000,,0.265,,,,,,true,false,12,2017-04-01,2018-03-31,0
2018-04-26,65040,2017-03-31,,837765000000,0.030,,,,,44709000000,-0.007,46296000000,0.015,,40978000000,,57.36,,0.157,0.053,0.053,,886663000000,323863000000,0.328,407.68,291215000000,58185000000,9748000000,-56083000000,41886000000,,0.192,,,,,,true,false,12,2016-04-01,2017-03-31,-1
2018-04-26,65040,2019-03-31,,400000000000,0.013,,,,,13000000000,0.020,12200000000,0.040,,7500000000,,10.50,,,,,,,,,,,,,,,,,,,,,,true,true,6,2018-04-01,2018-09-30,1
2018-04-26,65040,2019-03-31,,900000000000,0.007,,,,,58500000000,0.045,60000000000,0.071,,39500000000,,55.30,,,,,,,,,,,,,,,,,,,,,,true,true,12,2018-04-01,2019-03-31,1
2018-04-26,65040,2018-03-31,,571101000000,0.107,,,,,23156000000,0.472,28342000000,0.456,24348000000,,-0.177,34.09,,,,,,692494000000,252408000000,0.364,353.38,252408000000,,,,,14.00,,,,746484957,32215710,714301521,false,false,12,2017-04-01,2018-03-31,0
2018-04-26,65040,2017-03-31,,515797000000,0.024,,,,,15733000000,-0.069,19465000000,0.049,29588000000,,1.077,41.42,,,,,,668151000000,230248000000,0.345,322.33,230248000000,,,,,11.00,,,,746484957,32158991,714357862,false,false,12,2016-04-01,2017-03-31,-1
2018-07-26,65040,2019-03-31,1,195815000000,0.129,,,,,6354000000,1.253,7352000000,1.632,,5375000000,,7.53,,,,,,890441000000,360902000000,0.365,,325281000000,,,,,,,,,,,,true,false,3,2018-04-01,2018-06-30,0
2018-07-26,65040,2018-03-31,1,173460000000,0.051,,,,,2820000000,0.233,2793000000,8.436,,1132000000,,1.59,,,,,,,,,,,,,,,,,,,,,,true,false,3,2017-04-01,2017-06-30,-1
2018-07-26,65040,2019-03-31,1,400000000000,0.013,,,,,13000000000,0.020,12200000000,0.040,,7500000000,,52.50,,,,,,,,,,,,,,,,,,,,,,true,true,6,2018-04-01,2018-09-30,0
2018-07-26,65040,2019-03-31,1,900000000000,0.007,,,,,58500000000,0.045,60000000000,0.071,,39500000000,,276.51,,,,,,,,,,,,,,,,,,,,,,true,true,12,2018-04-01,2019-03-31,0
2018-07-26,65040,2018-03-31,1,,,,,,,,,,,,,,,,,,,,914744000000,366546000000,0.361,,330635000000,,,,,,,,,,,,true,false,12,2017-04-01,2018-03-31,-1
2018-07-26,65040,2018-03-31,1,,,,,,,,,,,,,,,,,,,,,,,,,,,,,14.00,,,,746484957,32215710,,false,false,12,2017-04-01,2018-03-31,-1
2018-07-26,65040,2019-03-31,1,,,,,,,,,,,,,,,,,,,,,,,,,,,,,,,,,746484957,32220759,714267037,false,false,3,2018-04-01,2018-06-30,0
2018-07-26,65040,2018-03-31,1,,,,,,,,,,,,,,,,,,,,,,,,,,,,,,,,,,,714321203,false,false,3,2017-04-01,2017-06-30,-1
2018-10-25,65040,2019-03-31,2,419431000000,0.062,,,,,18519000000,0.453,19423000000,0.656,,12536000000,,87.76,,,,,,910134000000,375405000000,0.372,,338340000000,,,,,,,,,,,,true,false,6,2018-04-01,2018-09-30,0
2018-10-25,65040,2018-03-31,2,395014000000,0.124,,,,,12742000000,1.171,11726000000,3.297,,6219000000,,43.54,,,,,,,,,,,,,,,,,,,,,,true,false,6,2017-04-01,2017-09-30,-1
2018-10-25,65040,2019-03-31,2,910000000000,0.019,,,,,61000000000,0.090,62500000000,0.115,,41500000000,,290.51,,,,,,,,,,,,,,,,,,,,,,true,true,12,2018-04-01,2019-03-31,0
2018-10-25,65040,2018-03-31,2,,,,,,,,,,,,,,,,,,,,914744000000,366546000000,0.361,,330635000000,,,,,,,,,,,,true,false,12,2017-04-01,2018-03-31,-1
2018-10-25,65040,2018-03-31,2,,,,,,,,,,,,,,,,,,,,,,,,,,,,,14.00,,,,149296991,6443142,,false,false,12,2017-04-01,2018-03-31,-1
2018-10-25,65040,2019-03-31,2,,,,,,,,,,,,,,,,,,,,,,,,,,,,,8.00,,,,,,,false,false,12,2018-04-01,2019-03-31,0
2018-10-25,65040,2019-03-31,2,,,,,,,,,,,,,,,,,,,,,,,,,,,,,,,,,149296991,6445698,142852767,false,false,6,2018-04-01,2018-09-30,0
2018-10-25,65040,2018-03-31,2,,,,,,,,,,,,,,,,,,,,,,,,,,,,,,,,,,,142863346,false,false,6,2017-04-01,2017-09-30,-1
2019-01-31,65040,2019-03-31,3,622250000000,0.035,,,,,24472000000,0.093,26462000000,0.212,,16366000000,,114.57,,,,,,938543000000,359569000000,0.343,,322208000000,,,,,,,,,,,,true,false,9,2018-04-01,2018-12-31,0
2019-01-31,65040,2018-03-31,3,601151000000,0.083,,,,,22386000000,1.089,21830000000,0.977,,13375000000,,93.62,,,,,,,,,,,,,,,,,,,,,,true,false,9,2017-04-01,2017-12-31,-1
2019-01-31,65040,2019-03-31,3,905000000000,0.013,,,,,58000000000,0.036,60000000000,0.071,,38000000000,,266.01,,,,,,,,,,,,,,,,,,,,,,true,true,12,2018-04-01,2019-03-31,0
2019-01-31,65040,2018-03-31,3,,,,,,,,,,,,,,,,,,,,914744000000,366546000000,0.361,,330635000000,,,,,,,,,,,,true,false,12,2017-04-01,2018-03-31,-1
2019-01-31,65040,2018-03-31,3,,,,,,,,,,,,,,,,,,,,,,,,,,,,,14.00,,,,149296991,6443142,,false,false,12,2017-04-01,2018-03-31,-1
2019-01-31,65040,2019-03-31,3,,,,,,,,,,,,,,,,,,,,,,,,,,,,,8.00,,,,,,,false,false,12,2018-04-01,2019-03-31,0
2019-01-31,65040,2019-03-31,3,,,,,,,,,,,,,,,,,,,,,,,,,,,,,,,,,149296991,6447388,142852020,false,false,9,2018-04-01,2018-12-31,0
2019-01-31,65040,2018-03-31,3,,,,,,,,,,,,,,,,,,,,,,,,,,,,,,,,,,,142862028,false,false,9,2017-04-01,2017-12-31,-1
2019-04-25,65040,2019-03-31,,914915000000,0.024,,,,,59972000000,0.072,63479000000,0.133,,40267000000,,281.89,,0.118,0.068,0.066,,952659000000,392061000000,0.370,2470.65,352921000000,54949000000,-21448000000,-38174000000,29134000000,,0.284,,,,,,true,false,12,2018-04-01,2019-03-31,0
2019-04-25,65040,2018-03-31,,893451000000,0.066,,,,,55962000000,0.252,56047000000,0.211,,37763000000,,264.34,,0.121,0.062,0.063,,914744000000,366546000000,0.361,2314.50,330635000000,53146000000,-14550000000,-46887000000,33329000000,,0.265,,,,,,true,false,12,2017-04-01,2018-03-31,-1
2019-04-25,65040,2020-03-31,,411500000000,-0.019,,,,,15600000000,-0.158,14800000000,-0.238,,8600000000,,60.20,,,,,,,,,,,,,,,,,,,,,,true,true,6,2019-04-01,2019-09-30,1
2019-04-25,65040,2020-03-31,,930000000000,0.016,,,,,62000000000,0.034,63600000000,0.002,,40400000000,,282.82,,,,,,,,,,,,,,,,,,,,,,true,true,12,2019-04-01,2020-03-31,1
2019-04-25,65040,2019-03-31,,579830000000,0.015,,,,,21046000000,-0.091,28272000000,-0.002,22094000000,,-0.093,154.67,,,,,,699740000000,258772000000,0.370,1811.56,258772000000,,,,,40.00,,,,149296991,6451315,142850874,false,false,12,2018-04-01,2019-03-31,0
2019-04-25,65040,2018-03-31,,571101000000,0.107,,,,,23156000000,0.472,28342000000,0.456,24348000000,,-0.177,170.43,,,,,,690831000000,252408000000,0.365,1766.90,252408000000,,,,,14.00,,,,149296991,6443142,142860304,false,false,12,2017-04-01,2018-03-31,-1
2019-07-25,65040,2020-03-31,1,176010000000,-0.101,,,,,3642000000,-0.427,3852000000,-0.476,,2528000000,,17.70,,,,,,952923000000,383179000000,0.362,,345430000000,,,,,,,,,,,,true,false,3,2019-04-01,2019-06-30,0
2019-07-25,65040,2019-03-31,1,195815000000,0.129,,,,,6354000000,1.253,7352000000,1.632,,5375000000,,37.63,,,,,,,,,,,,,,,,,,,,,,true,false,3,2018-04-01,2018-06-30,-1
2019-07-25,65040,2020-03-31,1,405500000000,-0.033,,,,,12600000000,-0.320,11800000000,-0.392,,6500000000,,45.50,,,,,,,,,,,,,,,,,,,,,,true,true,6,2019-04-01,2019-09-30,0
2019-07-25,65040,2020-03-31,1,930000000000,0.016,,,,,62000000000,0.034,63600000000,0.002,,40400000000,,282.82,,,,,,,,,,,,,,,,,,,,,,true,true,12,2019-04-01,2020-03-31,0
2019-07-25,65040,2019-03-31,1,,,,,,,,,,,,,,,,,,,,952659000000,392061000000,0.370,,352921000000,,,,,,,,,,,,true,false,12,2018-04-01,2019-03-31,-1
2019-07-25,65040,2019-03-31,1,,,,,,,,,,,,,,,,,,,,,,,,,,,,,40.00,,,,149296991,6451315,,false,false,12,2018-04-01,2019-03-31,-1
2019-07-25,65040,2020-03-31,1,,,,,,,,,,,,,,,,,,,,,,,,,,,,,,,,,149296991,6451963,142845423,false,false,3,2019-04-01,2019-06-30,0
2019-07-25,65040,2019-03-31,1,,,,,,,,,,,,,,,,,,,,,,,,,,,,,,,,,,,142853408,false,false,3,2018-04-01,2018-06-30,-1
2019-10-31,65040,2020-03-31,2,406661000000,-0.030,,,,,11116000000,-0.400,10861000000,-0.441,,5978000000,,41.85,,,,,,950433000000,390605000000,0.371,,352490000000,,,,,,,,,,,,true,false,6,2019-04-01,2019-09-30,0
2019-10-31,65040,2019-03-31,2,419431000000,0.062,,,,,18519000000,0.453,19423000000,0.656,,12536000000,,87.76,,,,,,,,,,,,,,,,,,,,,,true,false,6,2018-04-01,2018-09-30,-1
2019-10-31,65040,2020-03-31,2,915000000000,0.000,,,,,50000000000,-0.166,51600000000,-0.187,,33000000000,,231.02,,,,,,,,,,,,,,,,,,,,,,true,true,12,2019-04-01,2020-03-31,0
2019-10-31,65040,2019-03-31,2,,,,,,,,,,,,,,,,,,,,952659000000,392061000000,0.370,,352921000000,,,,,,,,,,,,true,false,12,2018-04-01,2019-03-31,-1
2019-10-31,65040,2019-03-31,2,,,,,,,,,,,,,,,,,,,,,,,,,,,,,40.00,,,,149296991,6451315,,false,false,12,2018-04-01,2019-03-31,-1
2019-10-31,65040,2020-03-31,2,,,,,,,,,,,,,,,,,,,,,,,,,,,,,40.00,,,,,,,false,false,12,2019-04-01,2020-03-31,0
2019-10-31,65040,2020-03-31,2,,,,,,,,,,,,,,,,,,,,,,,,,,,,,,,,,149296991,6452578,142845056,false,false,6,2019-04-01,2019-09-30,0
2019-10-31,65040,2019-03-31,2,,,,,,,,,,,,,,,,,,,,,,,,,,,,,,,,,,,142852767,false,false,6,2018-04-01,2018-09-30,-1
2020-01-30,65040,2020-03-31,3,611732000000,-0.017,,,,,16836000000,-0.312,17713000000,-0.331,,10284000000,,72.00,,,,,,981728000000,401894000000,0.369,,362578000000,,,,,,,,,,,,true,false,9,2019-04-01,2019-12-31,0
2020-01-30,65040,2019-03-31,3,622250000000,0.035,,,,,24472000000,0.093,26462000000,0.212,,16366000000,,114.57,,,,,,,,,,,,,,,,,,,,,,true,false,9,2018-04-01,2018-12-31,-1
2020-01-30,65040,2020-03-31,3,915000000000,0.000,,,,,50000000000,-0.166,51600000000,-0.187,,33000000000,,231.02,,,,,,,,,,,,,,,,,,,,,,true,true,12,2019-04-01,2020-03-31,0
2020-01-30,65040,2019-03-31,3,,,,,,,,,,,,,,,,,,,,952659000000,392061000000,0.370,,352921000000,,,,,,,,,,,,true,false,12,2018-04-01,2019-03-31,-1
2020-01-30,65040,2019-03-31,3,,,,,,,,,,,,,,,,,,,,,,,,,,,,,40.00,,,,149296991,6451315,,false,false,12,2018-04-01,2019-03-31,-1
2020-01-30,65040,2020-03-31,3,,,,,,,,,,,,,,,,,,,,,,,,,,,,,40.00,,,,,,,false,false,12,2019-04-01,2020-03-31,0
2020-01-30,65040,2020-03-31,3,,,,,,,,,,,,,,,,,,,,,,,,,,,,,,,,,149296991,6453353,142844735,false,false,9,2019-04-01,2019-12-31,0
2020-01-30,65040,2019-03-31,3,,,,,,,,,,,,,,,,,,,,,,,,,,,,,,,,,,,142852020,false,false,9,2018-04-01,2018-12-31,-1
2020-05-29,65040,2020-03-31,,900604000000,-0.016,,,,,42515000000,-0.291,44513000000,-0.299,,28793000000,,201.57,,0.080,0.046,0.047,,996827000000,406002000000,0.367,2559.60,365619000000,46087000000,-27621000000,16917000000,63746000000,,0.397,,,,,,true,false,12,2019-04-01,2020-03-31,0
2020-05-29,65040,2019-03-31,,914915000000,0.024,,,,,59972000000,0.072,63479000000,0.133,,40267000000,,281.89,,0.118,0.068,0.066,,952659000000,392061000000,0.370,2470.65,352921000000,54949000000,-21448000000,-38174000000,29134000000,,0.284,,,,,,true,false,12,2018-04-01,2019-03-31,-1
2020-05-29,65040,2020-03-31,,565845000000,-0.024,,,,,8393000000,-0.601,14281000000,-0.495,16431000000,,-0.256,115.03,,,,,,725345000000,264088000000,0.364,1848.81,264088000000,,,,,80.00,,,,149296991,6454259,142844340,false,false,12,2019-04-01,2020-03-31,0
2020-05-29,65040,2019-03-31,,579830000000,0.015,,,,,21046000000,-0.091,28272000000,-0.002,22094000000,,-0.093,154.67,,,,,,699740000000,258772000000,0.370,1811.56,258772000000,,,,,40.00,,,,149296991,6451315,142850874,false,false,12,2018-04-01,2019-03-31,-1
2020-07-30,65040,2021-03-31,1,168844000000,-0.041,,,,,2435000000,-0.331,2639000000,-0.315,,1356000000,,9.50,,,,,,1060788000000,417791000000,0.356,,377537000000,,,,,,,,,,,,true,false,3,2020-04-01,2020-06-30,0
2020-07-30,65040,2020-03-31,1,176010000000,-0.101,,,,,3642000000,-0.427,3852000000,-0.476,,2528000000,,17.70,,,,,,,,,,,,,,,,,,,,,,true,false,3,2019-04-01,2019-06-30,-1
2020-07-30,65040,2020-03-31,1,,,,,,,,,,,,,,,,,,,,996827000000,406002000000,0.367,,365619000000,,,,,,,,,,,,true,false,12,2019-04-01,2020-03-31,-1
2020-07-30,65040,2020-03-31,1,,,,,,,,,,,,,,,,,,,,,,,,,,,,,80.00,,,,149296991,6454259,,false,false,12,2019-04-01,2020-03-31,-1
2020-07-30,65040,2021-03-31,1,,,,,,,,,,,,,,,,,,,,,,,,,,,,,,,,,149296991,6454610,142842555,false,false,3,2020-04-01,2020-06-30,0
2020-07-30,65040,2020-03-31,1,,,,,,,,,,,,,,,,,,,,,,,,,,,,,,,,,,,142845423,false,false,3,2019-04-01,2019-06-30,-1
2020-10-29,65040,2021-03-31,2,356993000000,-0.122,,,,,5295000000,-0.524,5164000000,-0.525,,2065000000,,14.46,,,,,,1065130000000,427617000000,0.363,,386836000000,,,,,,,,,,,,true,false,6,2020-04-01,2020-09-30,0
2020-10-29,65040,2020-03-31,2,406661000000,-0.030,,,,,11116000000,-0.400,10861000000,-0.441,,5978000000,,41.85,,,,,,,,,,,,,,,,,,,,,,true,false,6,2019-04-01,2019-09-30,-1
2020-10-29,65040,2021-03-31,2,870000000000,-0.034,,,,,41000000000,-0.036,42500000000,-0.045,,27500000000,,192.52,,,,,,,,,,,,,,,,,,,,,,true,true,12,2020-04-01,2021-03-31,0
2020-10-29,65040,2020-03-31,2,,,,,,,,,,,,,,,,,,,,996827000000,406002000000,0.367,,365619000000,,,,,,,,,,,,true,false,12,2019-04-01,2020-03-31,-1
2020-10-29,65040,2020-03-31,2,,,,,,,,,,,,,,,,,,,,,,,,,,,,,80.00,,,,149296991,6454259,,false,false,12,2019-04-01,2020-03-31,-1
2020-10-29,65040,2021-03-31,2,,,,,,,,,,,,,,,,,,,,,,,,,,,,,40.00,,,,,,,false,false,12,2020-04-01,2021-03-31,0
2020-10-29,65040,2021-03-31,2,,,,,,,,,,,,,,,,,,,,,,,,,,,,,,,,,149296991,6455591,142842260,false,false,6,2020-04-01,2020-09-30,0
2020-10-29,65040,2020-03-31,2,,,,,,,,,,,,,,,,,,,,,,,,,,,,,,,,,,,142845056,false,false,6,2019-04-01,2019-09-30,-1
2021-01-28,65040,2021-03-31,3,561310000000,-0.082,,,,,14073000000,-0.164,13956000000,-0.212,,-4033000000,,-28.24,,,,,,1078999000000,424863000000,0.355,,383056000000,,,,,,,,,,,,true,false,9,2020-04-01,2020-12-31,0
2021-01-28,65040,2020-03-31,3,611732000000,-0.017,,,,,16836000000,-0.312,17713000000,-0.331,,10284000000,,72.00,,,,,,,,,,,,,,,,,,,,,,true,false,9,2019-04-01,2019-12-31,-1
2021-01-28,65040,2021-03-31,3,860000000000,-0.045,,,,,41000000000,-0.036,42500000000,-0.045,,33000000000,,231.03,,,,,,,,,,,,,,,,,,,,,,true,true,12,2020-04-01,2021-03-31,0
2021-01-28,65040,2020-03-31,3,,,,,,,,,,,,,,,,,,,,996827000000,406002000000,0.367,,365619000000,,,,,,,,,,,,true,false,12,2019-04-01,2020-03-31,-1
2021-01-28,65040,2020-03-31,3,,,,,,,,,,,,,,,,,,,,,,,,,,,,,80.00,,,,149296991,6454259,,false,false,12,2019-04-01,2020-03-31,-1
2021-01-28,65040,2021-03-31,3,,,,,,,,,,,,,,,,,,,,,,,,,,,,,40.00,,,,,,,false,false,12,2020-04-01,2021-03-31,0
2021-01-28,65040,2021-03-31,3,,,,,,,,,,,,,,,,,,,,,,,,,,,,,,,,,149296991,6457010,142841812,false,false,9,2020-04-01,2020-12-31,0
2021-01-28,65040,2020-03-31,3,,,,,,,,,,,,,,,,,,,,,,,,,,,,,,,,,,,142844735,false,false,9,2019-04-01,2019-12-31,-1
2021-04-27,65040,2021-03-31,,875927000000,-0.027,,,,,48595000000,0.143,50401000000,0.132,,41926000000,,293.52,,0.107,0.049,0.055,,1051952000000,461254000000,0.396,2919.34,416996000000,26931000000,23477000000,-39520000000,75332000000,,0.290,,,,,,true,false,12,2020-04-01,2021-03-31,0
2021-04-27,65040,2020-03-31,,900604000000,-0.016,,,,,42515000000,-0.291,44513000000,-0.299,,28793000000,,201.57,,0.080,0.046,0.047,,996827000000,406002000000,0.367,2559.60,365619000000,46087000000,-27621000000,16917000000,63746000000,,0.397,,,,,,true,false,12,2019-04-01,2020-03-31,-1
2021-04-27,65040,2022-03-31,,410000000000,0.148,,,,,11500000000,1.172,11000000000,1.130,,8000000000,,56.01,,,,,,,,,,,,,,,,,,,,,,true,true,6,2021-04-01,2021-09-30,1
2021-04-27,65040,2022-03-31,,900000000000,0.027,,,,,60000000000,0.235,61000000000,0.210,,42000000000,,294.04,,,,,,,,,,,,,,,,,,,,,,true,true,12,2021-04-01,2022-03-31,1
2021-04-27,65040,2021-03-31,,515517000000,-0.089,,,,,9006000000,0.073,14895000000,0.043,21592000000,,0.314,151.16,,,,,,728095000000,284159000000,0.390,1989.37,284159000000,,,,,85.00,,,,149296991,6457667,142841302,false,false,12,2020-04-01,2021-03-31,0
2021-04-27,65040,2020-03-31,,565845000000,-0.024,,,,,8393000000,-0.601,14281000000,-0.495,16431000000,,-0.256,115.03,,,,,,725345000000,264088000000,0.364,1848.81,264088000000,,,,,80.00,,,,149296991,6454259,142844340,false,false,12,2019-04-01,2020-03-31,-1
2021-07-29,65040,2022-03-31,1,189958000000,0.125,,,,,5299000000,1.176,5909000000,1.239,,4973000000,,34.82,,,,,,1019030000000,471057000000,0.418,,426355000000,,,,,,,,,,,,true,false,3,2021-04-01,2021-06-30,0
2021-07-29,65040,2021-03-31,1,168844000000,-0.041,,,,,2435000000,-0.331,2639000000,-0.315,,1356000000,,9.50,,,,,,,,,,,,,,,,,,,,,,true,false,3,2020-04-01,2020-06-30,-1
2021-07-29,65040,2022-03-31,1,410000000000,0.148,,,,,11500000000,1.172,11000000000,1.130,,8000000000,,56.01,,,,,,,,,,,,,,,,,,,,,,true,true,6,2021-04-01,2021-09-30,0
2021-07-29,65040,2022-03-31,1,900000000000,0.027,,,,,60000000000,0.235,61000000000,0.210,,42000000000,,294.04,,,,,,,,,,,,,,,,,,,,,,true,true,12,2021-04-01,2022-03-31,0
2021-07-29,65040,2021-03-31,1,,,,,,,,,,,,,,,,,,,,1051952000000,461254000000,0.396,,416996000000,,,,,,,,,,,,true,false,12,2020-04-01,2021-03-31,-1
2021-07-29,65040,2021-03-31,1,,,,,,,,,,,,,,,,,,,,,,,,,,,,,85.00,,,,149296991,6457667,,false,false,12,2020-04-01,2021-03-31,-1
2021-07-29,65040,2022-03-31,1,,,,,,,,,,,,,,,,,,,,,,,,,,,,,,,,,149296991,6458350,142838936,false,false,3,2021-04-01,2021-06-30,0
2021-07-29,65040,2021-03-31,1,,,,,,,,,,,,,,,,,,,,,,,,,,,,,,,,,,,142842555,false,false,3,2020-04-01,2020-06-30,-1
2021-10-28,65040,2022-03-31,2,397685000000,0.114,,,,,16291000000,2.077,16892000000,2.271,,13979000000,,97.87,,,,,,1029769000000,475970000000,0.418,,430221000000,,,,,,,,,,,,true,false,6,2021-04-01,2021-09-30,0
2021-10-28,65040,2021-03-31,2,356993000000,-0.122,,,,,5295000000,-0.524,5164000000,-0.525,,2065000000,,14.46,,,,,,,,,,,,,,,,,,,,,,true,false,6,2020-04-01,2020-09-30,-1
2021-10-28,65040,2022-03-31,2,900000000000,0.027,,,,,67000000000,0.379,68000000000,0.349,,50000000000,,350.05,,,,,,,,,,,,,,,,,,,,,,true,true,12,2021-04-01,2022-03-31,0
2021-10-28,65040,2021-03-31,2,,,,,,,,,,,,,,,,,,,,1051952000000,461254000000,0.396,,416996000000,,,,,,,,,,,,true,false,12,2020-04-01,2021-03-31,-1
2021-10-28,65040,2021-03-31,2,,,,,,,,,,,,,,,,,,,,,,,,,,,,,85.00,,,,149296991,6457667,,false,false,12,2020-04-01,2021-03-31,-1
2021-10-28,65040,2022-03-31,2,,,,,,,,,,,,,,,,,,,,,,,,,,,,,45.00,,,,,,,false,false,12,2021-04-01,2022-03-31,0
2021-10-28,65040,2022-03-31,2,,,,,,,,,,,,,,,,,,,,,,,,,,,,,,,,,149296991,6459304,142838523,false,false,6,2021-04-01,2021-09-30,0
2021-10-28,65040,2021-03-31,2,,,,,,,,,,,,,,,,,,,,,,,,,,,,,,,,,,,142842260,false,false,6,2020-04-01,2020-09-30,-1
2022-01-27,65040,2022-03-31,3,619981000000,0.105,,,,,32660000000,1.321,34122000000,1.445,,25396000000,,177.80,,,,,,1050641000000,483871000000,0.416,,436695000000,,,,,,,,,,,,true,false,9,2021-04-01,2021-12-31,0
2022-01-27,65040,2021-03-31,3,561310000000,-0.082,,,,,14073000000,-0.164,13956000000,-0.212,,-4033000000,,-28.24,,,,,,,,,,,,,,,,,,,,,,true,false,9,2020-04-01,2020-12-31,-1
2022-01-27,65040,2022-03-31,3,900000000000,0.027,,,,,72000000000,0.482,73000000000,0.448,,52500000000,,367.55,,,,,,,,,,,,,,,,,,,,,,true,true,12,2021-04-01,2022-03-31,0
2022-01-27,65040,2021-03-31,3,,,,,,,,,,,,,,,,,,,,1051952000000,461254000000,0.396,,416996000000,,,,,,,,,,,,true,false,12,2020-04-01,2021-03-31,-1
2022-01-27,65040,2021-03-31,3,,,,,,,,,,,,,,,,,,,,,,,,,,,,,85.00,,,,149296991,6457667,,false,false,12,2020-04-01,2021-03-31,-1
2022-01-27,65040,2022-03-31,3,,,,,,,,,,,,,,,,,,,,,,,,,,,,,45.00,,,,,,,false,false,12,2021-04-01,2022-03-31,0
2022-01-27,65040,2022-03-31,3,,,,,,,,,,,,,,,,,,,,,,,,,,,,,,,,,149296991,6460304,142838120,false,false,9,2021-04-01,2021-12-31,0
2022-01-27,65040,2021-03-31,3,,,,,,,,,,,,,,,,,,,,,,,,,,,,,,,,,,,142841812,false,false,9,2020-04-01,2020-12-31,-1
2022-04-27,65040,2022-03-31,,910226000000,0.039,,,,,74835000000,0.540,79297000000,0.573,,58660000000,,410.68,,0.132,0.073,0.082,,1117112000000,523729000000,0.423,3310.80,472900000000,76809000000,-22350000000,-42894000000,91350000000,,0.243,,,,,,true,false,12,2021-04-01,2022-03-31,0
2022-04-27,65040,2021-03-31,,875927000000,-0.027,,,,,48595000000,0.143,50401000000,0.132,,41926000000,,293.52,,0.107,0.049,0.055,,1051952000000,461254000000,0.396,2919.34,416996000000,26931000000,23477000000,-39520000000,75332000000,,0.290,,,,,,true,false,12,2020-04-01,2021-03-31,-1
2022-04-27,65040,2023-03-31,,424000000000,0.066,,,,,22000000000,0.350,22000000000,0.302,,15500000000,,108.52,,,,,,,,,,,,,,,,,,,,,,true,true,6,2022-04-01,2022-09-30,1
2022-04-27,65040,2023-03-31,,960000000000,0.055,,,,,82000000000,0.096,83000000000,0.047,,59000000000,,413.06,,,,,,,,,,,,,,,,,,,,,,true,true,12,2022-04-01,2023-03-31,1
2022-04-27,65040,2022-03-31,,570470000000,0.107,,,,,26054000000,1.893,37026000000,1.486,33298000000,,0.542,233.12,,,,,,757016000000,304074000000,0.402,2128.84,304074000000,,,,,100.00,,,,149296991,6461058,142837640,false,false,12,2021-04-01,2022-03-31,0
2022-04-27,65040,2021-03-31,,515517000000,-0.089,,,,,9006000000,0.073,14895000000,0.043,21592000000,,0.314,151.16,,,,,,728095000000,284159000000,0.390,1989.37,284159000000,,,,,85.00,,,,149296991,6457667,142841302,false,false,12,2020-04-01,2021-03-31,-1
2022-07-28,65040,2023-03-31,1,203940000000,0.074,,,,,9872000000,0.863,12296000000,1.081,,9931000000,,69.53,,,,,,1100200000000,528606000000,0.435,,478823000000,,,,,,,,,,,,true,false,3,2022-04-01,2022-06-30,0
2022-07-28,65040,2022-03-31,1,189958000000,0.125,,,,,5299000000,1.176,5909000000,1.239,,4973000000,,34.82,,,,,,,,,,,,,,,,,,,,,,true,false,3,2021-04-01,2021-06-30,-1
2022-07-28,65040,2023-03-31,1,424000000000,0.066,,,,,22000000000,0.350,22000000000,0.302,,15500000000,,108.52,,,,,,,,,,,,,,,,,,,,,,true,true,6,2022-04-01,2022-09-30,0
2022-07-28,65040,2023-03-31,1,960000000000,0.055,,,,,82000000000,0.096,83000000000,0.047,,59000000000,,413.06,,,,,,,,,,,,,,,,,,,,,,true,true,12,2022-04-01,2023-03-31,0
2022-07-28,65040,2022-03-31,1,,,,,,,,,,,,,,,,,,,,1117112000000,523729000000,0.423,,472900000000,,,,,,,,,,,,true,false,12,2021-04-01,2022-03-31,-1
2022-07-28,65040,2022-03-31,1,,,,,,,,,,,,,,,,,,,,,,,,,,,,,100.00,,,,149296991,6461058,,false,false,12,2021-04-01,2022-03-31,-1
2022-07-28,65040,2023-03-31,1,,,,,,,,,,,,,,,,,,,,,,,,,,,,,,,,,149296991,6461483,142835749,false,false,3,2022-04-01,2022-06-30,0
2022-07-28,65040,2022-03-31,1,,,,,,,,,,,,,,,,,,,,,,,,,,,,,,,,,,,142838936,false,false,3,2021-04-01,2021-06-30,-1
2022-10-27,65040,2023-03-31,2,447138000000,0.124,,,,,26719000000,0.640,28879000000,0.710,,20258000000,,141.83,,,,,,1125684000000,540677000000,0.435,,489154000000,,,,,,,,,,,,true,false,6,2022-04-01,2022-09-30,0
2022-10-27,65040,2022-03-31,2,397685000000,0.114,,,,,16291000000,2.077,16892000000,2.271,,13979000000,,97.87,,,,,,,,,,,,,,,,,,,,,,true,false,6,2021-04-01,2021-09-30,-1
2022-10-27,65040,2023-03-31,2,985000000000,0.082,,,,,87000000000,0.163,88000000000,0.110,,59500000000,,416.56,,,,,,,,,,,,,,,,,,,,,,true,true,12,2022-04-01,2023-03-31,0
2022-10-27,65040,2022-03-31,2,,,,,,,,,,,,,,,,,,,,1117112000000,523729000000,0.423,,472900000000,,,,,,,,,,,,true,false,12,2021-04-01,2022-03-31,-1
2022-10-27,65040,2022-03-31,2,,,,,,,,,,,,,,,,,,,,,,,,,,,,,100.00,,,,149296991,6461058,,false,false,12,2021-04-01,2022-03-31,-1
2022-10-27,65040,2023-03-31,2,,,,,,,,,,,,,,,,,,,,,,,,,,,,,55.00,,,,,,,false,false,12,2022-04-01,2023-03-31,0
2022-10-27,65040,2023-03-31,2,,,,,,,,,,,,,,,,,,,,,,,,,,,,,,,,,149296991,6462088,142835470,false,false,6,2022-04-01,2022-09-30,0
2022-10-27,65040,2022-03-31,2,,,,,,,,,,,,,,,,,,,,,,,,,,,,,,,,,,,142838523,false,false,6,2021-04-01,2021-09-30,-1
2023-01-26,65040,2023-03-31,3,690776000000,0.114,,,,,42434000000,0.299,41267000000,0.209,,28960000000,,202.75,,,,,,1149179000000,535219000000,0.421,,483258000000,,,,,,,,,,,,true,false,9,2022-04-01,2022-12-31,0
2023-01-26,65040,2022-03-31,3,619981000000,0.105,,,,,32660000000,1.321,34122000000,1.445,,25396000000,,177.80,,,,,,,,,,,,,,,,,,,,,,true,false,9,2021-04-01,2021-12-31,-1
2023-01-26,65040,2023-03-31,3,985000000000,0.082,,,,,87000000000,0.163,88000000000,0.110,,59500000000,,416.57,,,,,,,,,,,,,,,,,,,,,,true,true,12,2022-04-01,2023-03-31,0
2023-01-26,65040,2022-03-31,3,,,,,,,,,,,,,,,,,,,,1117112000000,523729000000,0.423,,472900000000,,,,,,,,,,,,true,false,12,2021-04-01,2022-03-31,-1
2023-01-26,65040,2022-03-31,3,,,,,,,,,,,,,,,,,,,,,,,,,,,,,100.00,,,,149296991,6461058,,false,false,12,2021-04-01,2022-03-31,-1
2023-01-26,65040,2023-03-31,3,,,,,,,,,,,,,,,,,,,,,,,,,,,,,55.00,,,,,,,false,false,12,2022-04-01,2023-03-31,0
2023-01-26,65040,2023-03-31,3,,,,,,,,,,,,,,,,,,,,,,,,,,,,,,,,,149296991,6462578,142835219,false,false,9,2022-04-01,2022-12-31,0
2023-01-26,65040,2022-03-31,3,,,,,,,,,,,,,,,,,,,,,,,,,,,,,,,,,,,142838120,false,false,9,2021-04-01,2021-12-31,-1
2023-04-27,65040,2023-03-31,,1009447000000,0.109,,,,,88882000000,0.188,87811000000,0.107,,61348000000,,429.50,,0.124,0.076,0.088,,1181552000000,572068000000,0.438,3620.23,517091000000,116163000000,-49498000000,-77193000000,84165000000,,0.268,,,,,,true,false,12,2022-04-01,2023-03-31,0
2023-04-27,65040,2022-03-31,,910226000000,0.039,,,,,74835000000,0.540,79297000000,0.573,,58660000000,,410.68,,0.132,0.073,0.082,,1117112000000,523729000000,0.423,3310.80,472900000000,76809000000,-22350000000,-42894000000,91350000000,,0.243,,,,,,true,false,12,2021-04-01,2022-03-31,-1
2023-04-27,65040,2024-03-31,,466000000000,0.042,,,,,28200000000,0.055,25500000000,-0.117,,17500000000,,122.52,,,,,,,,,,,,,,,,,,,,,,true,true,6,2023-04-01,2023-09-30,1
2023-04-27,65040,2024-03-31,,1050000000000,0.040,,,,,94000000000,0.058,92000000000,0.048,,62500000000,,437.57,,,,,,,,,,,,,,,,,,,,,,true,true,12,2023-04-01,2024-03-31,1
2023-04-27,65040,2023-03-31,,639580000000,0.121,,,,,31825000000,0.222,49132000000,0.327,45962000000,,0.380,321.79,,,,,,794571000000,328263000000,0.413,2298.22,328263000000,,,,,115.00,,,,149296991,6462999,142834977,false,false,12,2022-04-01,2023-03-31,0
2023-04-27,65040,2022-03-31,,570470000000,0.107,,,,,26054000000,1.893,37026000000,1.486,33298000000,,0.542,233.12,,,,,,757016000000,304074000000,0.402,2128.84,304074000000,,,,,100.00,,,,149296991,6461058,142837640,false,false,12,2021-04-01,2022-03-31,-1
2023-07-27,65040,2024-03-31,1,234148000000,0.148,,,,,14663000000,0.485,15120000000,0.230,,12303000000,,86.14,,,,,,1132598000000,582256000000,0.467,,529350000000,,,,,,,,,,,,true,false,3,2023-04-01,2023-06-30,0
2023-07-27,65040,2023-03-31,1,203940000000,0.074,,,,,9872000000,0.863,12296000000,1.081,,9931000000,,69.53,,,,,,,,,,,,,,,,,,,,,,true,false,3,2022-04-01,2022-06-30,-1
2023-07-27,65040,2024-03-31,1,474000000000,0.060,,,,,30000000000,0.123,27500000000,-0.048,,19500000000,,136.52,,,,,,,,,,,,,,,,,,,,,,true,true,6,2023-04-01,2023-09-30,0
2023-07-27,65040,2024-03-31,1,1060000000000,0.050,,,,,96000000000,0.080,94500000000,0.076,,64500000000,,451.58,,,,,,,,,,,,,,,,,,,,,,true,true,12,2023-04-01,2024-03-31,0
2023-07-27,65040,2023-03-31,1,,,,,,,,,,,,,,,,,,,,1181552000000,572068000000,0.438,,517091000000,,,,,,,,,,,,true,false,12,2022-04-01,2023-03-31,-1
2023-07-27,65040,2023-03-31,1,,,,,,,,,,,,,,,,,,,,,,,,,,,,,115.00,,,,149296991,6462999,,false,false,12,2022-04-01,2023-03-31,-1
2023-07-27,65040,2024-03-31,1,,,,,,,,,,,,,,,,,,,,,,,,,,,,,,,,,149296991,6463657,142833678,false,false,3,2023-04-01,2023-06-30,0
2023-07-27,65040,2023-03-31,1,,,,,,,,,,,,,,,,,,,,,,,,,,,,,,,,,,,142835749,false,false,3,2022-04-01,2022-06-30,-1
2023-10-26,65040,2024-03-31,2,491692000000,0.100,,,,,34994000000,0.310,34619000000,0.199,,24343000000,,170.43,,,,,,1172933000000,595759000000,0.461,,541102000000,,,,,,,,,,,,true,false,6,2023-04-01,2023-09-30,0
2023-10-26,65040,2023-03-31,2,447138000000,0.124,,,,,26719000000,0.640,28879000000,0.710,,20258000000,,141.83,,,,,,,,,,,,,,,,,,,,,,true,false,6,2022-04-01,2022-09-30,-1
2023-10-26,65040,2024-03-31,2,1060000000000,0.050,,,,,96000000000,0.080,94500000000,0.076,,64500000000,,451.58,,,,,,,,,,,,,,,,,,,,,,true,true,12,2023-04-01,2024-03-31,0
2023-10-26,65040,2023-03-31,2,,,,,,,,,,,,,,,,,,,,1181552000000,572068000000,0.438,,517091000000,,,,,,,,,,,,true,false,12,2022-04-01,2023-03-31,-1
2023-10-26,65040,2023-03-31,2,,,,,,,,,,,,,,,,,,,,,,,,,,,,,115.00,,,,149296991,6462999,,false,false,12,2022-04-01,2023-03-31,-1
2023-10-26,65040,2024-03-31,2,,,,,,,,,,,,,,,,,,,,,,,,,,,,,60.00,,,,,,,false,false,12,2023-04-01,2024-03-31,0
2023-10-26,65040,2024-03-31,2,,,,,,,,,,,,,,,,,,,,,,,,,,,,,,,,,149296991,6464715,142833215,false,false,6,2023-04-01,2023-09-30,0
2023-10-26,65040,2023-03-31,2,,,,,,,,,,,,,,,,,,,,,,,,,,,,,,,,,,,142835470,false,false,6,2022-04-01,2022-09-30,-1
2024-01-31,65040,2024-03-31,3,759661000000,0.100,,,,,57656000000,0.359,56639000000,0.373,,37255000000,,260.84,,,,,,1194461000000,604274000000,0.459,,548596000000,,,,,,,,,,,,true,false,9,2023-04-01,2023-12-31,0
2024-01-31,65040,2023-03-31,3,690776000000,0.114,,,,,42434000000,0.299,41267000000,0.209,,28960000000,,202.75,,,,,,,,,,,,,,,,,,,,,,true,false,9,2022-04-01,2022-12-31,-1
2024-01-31,65040,2024-03-31,3,1070000000000,0.060,,,,,100000000000,0.125,99000000000,0.127,,68000000000,,476.09,,,,,,,,,,,,,,,,,,,,,,true,true,12,2023-04-01,2024-03-31,0
2024-01-31,65040,2023-03-31,3,,,,,,,,,,,,,,,,,,,,1181552000000,572068000000,0.438,,517091000000,,,,,,,,,,,,true,false,12,2022-04-01,2023-03-31,-1
2024-01-31,65040,2023-03-31,3,,,,,,,,,,,,,,,,,,,,,,,,,,,,,115.00,,,,149296991,6462999,,false,false,12,2022-04-01,2023-03-31,-1
2024-01-31,65040,2024-03-31,3,,,,,,,,,,,,,,,,,,,,,,,,,,,,,60.00,,,,,,,false,false,12,2023-04-01,2024-03-31,0
2024-01-31,65040,2024-03-31,3,,,,,,,,,,,,,,,,,,,,,,,,,,,,,,,,,149296991,6465765,142832761,false,false,9,2023-04-01,2023-12-31,0
2024-01-31,65040,2023-03-31,3,,,,,,,,,,,,,,,,,,,,,,,,,,,,,,,,,,,142835219,false,false,9,2022-04-01,2022-12-31,-1
2024-04-25,65040,2024-03-31,,1103214000000,0.093,,,,,106066000000,0.193,107822000000,0.228,,75353000000,,527.57,,0.135,0.088,0.096,,1271174000000,661472000000,0.474,4218.41,602515000000,84858000000,-62418000000,-45867000000,65543000000,,0.256,,,,,,true,false,12,2023-04-01,2024-03-31,0
2024-04-25,65040,2023-03-31,,1009447000000,0.109,,,,,88882000000,0.188,87811000000,0.107,,61348000000,,429.50,,0.124,0.076,0.088,,1181552000000,572068000000,0.438,3620.23,517091000000,116163000000,-49498000000,-77193000000,84165000000,,0.268,,,,,,true,false,12,2022-04-01,2023-03-31,-1
2024-04-25,65040,2025-03-31,,494000000000,0.005,,,,,35500000000,0.014,33000000000,-0.047,,20000000000,,140.03,,,,,,,,,,,,,,,,,,,,,,true,true,6,2024-04-01,2024-09-30,1
2024-04-25,65040,2025-03-31,,1114000000000,0.010,,,,,109000000000,0.028,109500000000,0.016,,76500000000,,535.60,,,,,,,,,,,,,,,,,,,,,,true,true,12,2024-04-01,2025-03-31,1
2024-04-25,65040,2024-03-31,,694920000000,0.087,,,,,44964000000,0.413,65794000000,0.339,53486000000,,0.164,374.47,,,,,,842508000000,373638000000,0.443,2615.96,373638000000,,,,,135.00,,,,149296991,6466915,142832241,false,false,12,2023-04-01,2024-03-31,0
2024-04-25,65040,2023-03-31,,639580000000,0.121,,,,,31825000000,0.222,49132000000,0.327,45962000000,,0.380,321.79,,,,,,794571000000,328263000000,0.413,2298.22,328263000000,,,,,115.00,,,,149296991,6462999,142834977,false,false,12,2022-04-01,2023-03-31,-1
2024-07-25,65040,2025-03-31,1,236387000000,0.010,,,,,17254000000,0.177,18251000000,0.207,,11475000000,,80.34,,,,,,1252382000000,673957000000,0.491,,615075000000,,,,,,,,,,,,true,false,3,2024-04-01,2024-06-30,0
2024-07-25,65040,2024-03-31,1,234148000000,0.148,,,,,14663000000,0.485,15120000000,0.230,,12303000000,,86.14,,,,,,,,,,,,,,,,,,,,,,true,false,3,2023-04-01,2023-06-30,-1
2024-07-25,65040,2025-03-31,1,494000000000,0.005,,,,,35500000000,0.014,33000000000,-0.047,,29500000000,,206.54,,,,,,,,,,,,,,,,,,,,,,true,true,6,2024-04-01,2024-09-30,0
2024-07-25,65040,2025-03-31,1,1114000000000,0.010,,,,,109000000000,0.028,109500000000,0.016,,80500000000,,563.61,,,,,,,,,,,,,,,,,,,,,,true,true,12,2024-04-01,2025-03-31,0
2024-07-25,65040,2024-03-31,1,,,,,,,,,,,,,,,,,,,,1271174000000,661472000000,0.474,,602515000000,,,,,,,,,,,,true,false,12,2023-04-01,2024-03-31,-1
2024-07-25,65040,2024-03-31,1,,,,,,,,,,,,,,,,,,,,,,,,,,,,,135.00,,,,149296991,6466915,,false,false,12,2023-04-01,2024-03-31,-1
2024-07-25,65040,2025-03-31,1,,,,,,,,,,,,,,,,,,,,,,,,,,,,,,,,,149296991,6467254,142829890,false,false,3,2024-04-01,2024-06-30,0
2024-07-25,65040,2024-03-31,1,,,,,,,,,,,,,,,,,,,,,,,,,,,,,,,,,,,142833678,false,false,3,2023-04-01,2023-06-30,-1
2024-08-09,65040,2025-03-31,1,236387000000,0.010,,,,,17254000000,0.177,18251000000,0.207,,11475000000,,80.34,,,,,,1252382000000,673957000000,0.491,,615075000000,,,,,,,,,,,,true,false,3,2024-04-01,2024-06-30,0
2024-08-09,65040,2024-03-31,1,234148000000,0.148,,,,,14663000000,0.485,15120000000,0.230,,12303000000,,86.14,,,,,,,,,,,,,,,,,,,,,,true,false,3,2023-04-01,2023-06-30,-1
2024-08-09,65040,2025-03-31,1,494000000000,0.005,,,,,35500000000,0.014,33000000000,-0.047,,29500000000,,206.54,,,,,,,,,,,,,,,,,,,,,,true,true,6,2024-04-01,2024-09-30,0
2024-08-09,65040,2025-03-31,1,1114000000000,0.010,,,,,109000000000,0.028,109500000000,0.016,,80500000000,,563.61,,,,,,,,,,,,,,,,,,,,,,true,true,12,2024-04-01,2025-03-31,0
2024-08-09,65040,2024-03-31,1,,,,,,,,,,,,,,,,,,,,1271174000000,661472000000,0.474,,602515000000,,,,,,,,,,,,true,false,12,2023-04-01,2024-03-31,-1
2024-08-09,65040,2024-03-31,1,,,,,,,,,,,,,,,,,,,,,,,,,,,,,135.00,,,,149296991,6466915,,false,false,12,2023-04-01,2024-03-31,-1
2024-08-09,65040,2025-03-31,1,,,,,,,,,,,,,,,,,,,,,,,,,,,,,,,,,149296991,6467254,142829890,false,false,3,2024-04-01,2024-06-30,0
2024-08-09,65040,2024-03-31,1,,,,,,,,,,,,,,,,,,,,,,,,,,,,,,,,,,,142833678,false,false,3,2023-04-01,2023-06-30,-1
2024-10-31,65040,2025-03-31,2,497377000000,0.012,,,,,40336000000,0.153,38949000000,0.125,,35539000000,,248.82,,,,,,1232518000000,679987000000,0.504,,621101000000,,,,,,,,,,,,true,false,6,2024-04-01,2024-09-30,0
2024-10-31,65040,2024-03-31,2,491692000000,0.100,,,,,34994000000,0.310,34619000000,0.199,,24343000000,,170.43,,,,,,,,,,,,,,,,,,,,,,true,false,6,2023-04-01,2023-09-30,-1
2024-10-31,65040,2025-03-31,2,1114000000000,0.010,,,,,111500000000,0.051,111500000000,0.034,,86000000000,,602.12,,,,,,,,,,,,,,,,,,,,,,true,true,12,2024-04-01,2025-03-31,0
2024-10-31,65040,2024-03-31,2,,,,,,,,,,,,,,,,,,,,1271174000000,661472000000,0.474,,602515000000,,,,,,,,,,,,true,false,12,2023-04-01,2024-03-31,-1
2024-10-31,65040,2024-03-31,2,,,,,,,,,,,,,,,,,,,,,,,,,,,,,135.00,,,,149296991,6466915,,false,false,12,2023-04-01,2024-03-31,-1
2024-10-31,65040,2025-03-31,2,,,,,,,,,,,,,,,,,,,,,,,,,,,,,75.00,,,,,,,false,false,12,2024-04-01,2025-03-31,0
2024-10-31,65040,2025-03-31,2,,,,,,,,,,,,,,,,,,,,,,,,,,,,,,,,,149296991,6468032,142829588,false,false,6,2024-04-01,2024-09-30,0
2024-10-31,65040,2024-03-31,2,,,,,,,,,,,,,,,,,,,,,,,,,,,,,,,,,,,142833215,false,false,6,2023-04-01,2023-09-30,-1
2025-01-30,65040,2025-03-31,3,791064000000,0.041,,,,,68431000000,0.187,68370000000,0.207,,55415000000,,387.98,,,,,,1295287000000,699187000000,0.493,,637994000000,,,,,,,,,,,,true,false,9,2024-04-01,2024-12-31,0
2025-01-30,65040,2024-03-31,3,759661000000,0.100,,,,,57656000000,0.359,56639000000,0.373,,37255000000,,260.84,,,,,,,,,,,,,,,,,,,,,,true,false,9,2023-04-01,2023-12-31,-1
2025-01-30,65040,2025-03-31,3,1114000000000,0.010,,,,,111500000000,0.051,111500000000,0.034,,86000000000,,602.12,,,,,,,,,,,,,,,,,,,,,,true,true,12,2024-04-01,2025-03-31,0
2025-01-30,65040,2024-03-31,3,,,,,,,,,,,,,,,,,,,,1271174000000,661472000000,0.474,,602515000000,,,,,,,,,,,,true,false,12,2023-04-01,2024-03-31,-1
2025-01-30,65040,2024-03-31,3,,,,,,,,,,,,,,,,,,,,,,,,,,,,,135.00,,,,149296991,6466915,,false,false,12,2023-04-01,2024-03-31,-1
2025-01-30,65040,2025-03-31,3,,,,,,,,,,,,,,,,,,,,,,,,,,,,,75.00,,,,,,,false,false,12,2024-04-01,2025-03-31,0
2025-01-30,65040,2025-03-31,3,,,,,,,,,,,,,,,,,,,,,,,,,,,,,,,,,149296991,6468640,142829323,false,false,9,2024-04-01,2024-12-31,0
2025-01-30,65040,2024-03-31,3,,,,,,,,,,,,,,,,,,,,,,,,,,,,,,,,,,,142832761,false,false,9,2023-04-01,2023-12-31,-1
2025-02-14,65040,2025-03-31,3,791064000000,0.041,,,,,68431000000,0.187,68370000000,0.207,,55415000000,,387.98,,,,,,1295287000000,699187000000,0.493,,637994000000,,,,,,,,,,,,true,false,9,2024-04-01,2024-12-31,0
2025-02-14,65040,2024-03-31,3,759661000000,0.100,,,,,57656000000,0.359,56639000000,0.373,,37255000000,,260.84,,,,,,,,,,,,,,,,,,,,,,true,false,9,2023-04-01,2023-12-31,-1
2025-02-14,65040,2025-03-31,3,1114000000000,0.010,,,,,111500000000,0.051,111500000000,0.034,,86000000000,,602.12,,,,,,,,,,,,,,,,,,,,,,true,true,12,2024-04-01,2025-03-31,0
2025-02-14,65040,2024-03-31,3,,,,,,,,,,,,,,,,,,,,1271174000000,661472000000,0.474,,602515000000,,,,,,,,,,,,true,false,12,2023-04-01,2024-03-31,-1
2025-02-14,65040,2024-03-31,3,,,,,,,,,,,,,,,,,,,,,,,,,,,,,135.00,,,,149296991,6466915,,false,false,12,2023-04-01,2024-03-31,-1
2025-02-14,65040,2025-03-31,3,,,,,,,,,,,,,,,,,,,,,,,,,,,,,75.00,,,,,,,false,false,12,2024-04-01,2025-03-31,0
2025-02-14,65040,2025-03-31,3,,,,,,,,,,,,,,,,,,,,,,,,,,,,,,,,,149296991,6468640,142829323,false,false,9,2024-04-01,2024-12-31,0
2025-02-14,65040,2024-03-31,3,,,,,,,,,,,,,,,,,,,,,,,,,,,,,,,,,,,142832761,false,false,9,2023-04-01,2023-12-31,-1
2025-04-25,65040,2025-03-31,,1123407000000,0.018,,,,,117646000000,0.109,118759000000,0.101,,92239000000,,642.69,,0.143,0.092,0.105,,1312175000000,730658000000,0.527,4695.56,691767000000,144920000000,-63384000000,-86246000000,62675000000,,0.249,,,,,,true,false,12,2024-04-01,2025-03-31,0
2025-04-25,65040,2024-03-31,,1103214000000,0.093,,,,,106066000000,0.193,107822000000,0.228,,75353000000,,527.57,,0.135,0.088,0.096,,1271174000000,661472000000,0.474,4218.41,602515000000,84858000000,-62418000000,-45867000000,65543000000,,0.256,,,,,,true,false,12,2023-04-01,2024-03-31,-1
2025-04-25,65040,2026-03-31,,519000000000,0.043,,,,,34000000000,-0.157,31000000000,-0.204,,19000000000,,128.97,,,,,,,,,,,,,,,,,,,,,,true,true,6,2025-04-01,2025-09-30,1
2025-04-25,65040,2026-03-31,,1140000000000,0.015,,,,,118000000000,0.003,116500000000,-0.019,,81000000000,,549.81,,,,,,,,,,,,,,,,,,,,,,true,true,12,2025-04-01,2026-03-31,1
2025-04-25,65040,2025-03-31,,714271000000,0.028,,,,,54012000000,0.201,91180000000,0.386,88032000000,,0.646,613.38,,,,,,907595000000,473299000000,0.521,3212.65,473299000000,,,,,160.00,,,,149296991,1973223,143520695,false,false,12,2024-04-01,2025-03-31,0
2025-04-25,65040,2024-03-31,,694920000000,0.087,,,,,44964000000,0.413,65794000000,0.339,53486000000,,0.164,374.47,,,,,,842508000000,373638000000,0.443,2615.96,373638000000,,,,,135.00,,,,149296991,6466915,142832241,false,false,12,2023-04-01,2024-03-31,-1
2025-07-31,65040,2026-03-31,1,247916000000,0.049,,,,,18091000000,0.049,17324000000,-0.051,,10925000000,,74.16,,,,,,1271972000000,732456000000,0.546,,694804000000,,,,,,,,,,,,true,false,3,2025-04-01,2025-06-30,0
2025-07-31,65040,2025-03-31,1,236387000000,0.010,,,,,17254000000,0.177,18251000000,0.207,,11475000000,,80.34,,,,,,,,,,,,,,,,,,,,,,true,false,3,2024-04-01,2024-06-30,-1
2025-07-31,65040,2026-03-31,1,534000000000,0.074,,,,,40500000000,0.004,37000000000,-0.050,,23500000000,,159.51,,,,,,,,,,,,,,,,,,,,,,true,true,6,2025-04-01,2025-09-30,0
2025-07-31,65040,2026-03-31,1,1155000000000,0.028,,,,,124500000000,0.058,122500000000,0.032,,85500000000,,580.36,,,,,,,,,,,,,,,,,,,,,,true,true,12,2025-04-01,2026-03-31,0
2025-07-31,65040,2025-03-31,1,,,,,,,,,,,,,,,,,,,,1312175000000,730658000000,0.527,,691767000000,,,,,,,,,,,,true,false,12,2024-04-01,2025-03-31,-1
2025-07-31,65040,2025-03-31,1,,,,,,,,,,,,,,,,,,,,,,,,,,,,,160.00,,,,149296991,1973223,,false,false,12,2024-04-01,2025-03-31,-1
2025-07-31,65040,2026-03-31,1,,,,,,,,,,,,,,,,,,,,,,,,,,,,,,,,,149296991,1973937,147323284,false,false,3,2025-04-01,2025-06-30,0
2025-07-31,65040,2025-03-31,1,,,,,,,,,,,,,,,,,,,,,,,,,,,,,,,,,,,142829890,false,false,3,2024-04-01,2024-06-30,-1
2025-08-08,65040,2026-03-31,1,247916000000,0.049,,,,,18091000000,0.049,17324000000,-0.051,,10925000000,,74.16,,,,,,1271972000000,732456000000,0.546,,694804000000,,,,,,,,,,,,true,false,3,2025-04-01,2025-06-30,0
2025-08-08,65040,2025-03-31,1,236387000000,0.010,,,,,17254000000,0.177,18251000000,0.207,,11475000000,,80.34,,,,,,,,,,,,,,,,,,,,,,true,false,3,2024-04-01,2024-06-30,-1
2025-08-08,65040,2026-03-31,1,534000000000,0.074,,,,,40500000000,0.004,37000000000,-0.050,,23500000000,,159.51,,,,,,,,,,,,,,,,,,,,,,true,true,6,2025-04-01,2025-09-30,0
2025-08-08,65040,2026-03-31,1,1155000000000,0.028,,,,,124500000000,0.058,122500000000,0.032,,85500000000,,580.36,,,,,,,,,,,,,,,,,,,,,,true,true,12,2025-04-01,2026-03-31,0
2025-08-08,65040,2025-03-31,1,,,,,,,,,,,,,,,,,,,,1312175000000,730658000000,0.527,,691767000000,,,,,,,,,,,,true,false,12,2024-04-01,2025-03-31,-1
2025-08-08,65040,2025-03-31,1,,,,,,,,,,,,,,,,,,,,,,,,,,,,,160.00,,,,149296991,1973223,,false,false,12,2024-04-01,2025-03-31,-1
2025-08-08,65040,2026-03-31,1,,,,,,,,,,,,,,,,,,,,,,,,,,,,,,,,,149296991,1973937,147323284,false,false,3,2025-04-01,2025-06-30,0
2025-08-08,65040,2025-03-31,1,,,,,,,,,,,,,,,,,,,,,,,,,,,,,,,,,,,142829890,false,false,3,2024-04-01,2024-06-30,-1
