filing_date,code,fiscal_year_end,quarterly_period,net_sales,net_sales_change,revenue,revenue_change,operating_revenue,operating_revenue_change,operating_profit,operating_profit_change,ordinary_profit,ordinary_profit_change,net_income,net_income_of_parent,net_income_change,eps,diluted_eps,roe,roa,operating_profit_to_net_sales,operating_profit_to_revenue,total_assets,net_assets,equity_ratio,bps,owner_equity,operating_cash_flow,investing_cash_flow,financing_cash_flow,cash,dividend_per_share,payout_ratio,commemorative_dividend,extra_dividend,number_of_shares,number_of_treqsury_shares,avg_number_of_shares,is_consolidated,is_forecast,duration,period_start,period_end,period_pos
2015-05-13,65080,2015-03-31,,230299000000,0.065,,,,,11163000000,0.169,10502000000,0.348,6868000000,,0.044,30.27,,0.109,0.042,0.048,,255519000000,67405000000,0.259,291.35,66109000000,11165000000,-8772000000,-5282000000,8671000000,,0.231,,,,,,true,false,12,2014-04-01,2015-03-31,0
2015-05-13,65080,2014-03-31,,216176000000,0.093,,,,,9546000000,0.211,7790000000,0.310,6580000000,,0.635,29.00,,0.113,0.033,0.044,,248379000000,60607000000,0.240,262.50,59565000000,18239000000,-11316000000,-3873000000,11117000000,,0.207,,,,,,true,false,12,2013-04-01,2014-03-31,-1
2015-05-13,65080,2016-03-31,,83000000000,0.050,,,,,-4500000000,,-4500000000,,,-3000000000,,-13.22,,,,,,,,,,,,,,,,,,,,,,true,true,6,2015-04-01,2015-09-30,1
2015-05-13,65080,2016-03-31,,235000000000,0.020,,,,,11500000000,0.030,11000000000,0.047,,7500000000,,33.05,,,,,,,,,,,,,,,,,,,,,,true,true,12,2015-04-01,2016-03-31,1
2015-05-13,65080,2015-03-31,,167678000000,-0.021,,,,,4040000000,0.025,5166000000,0.071,3050000000,,-0.380,13.44,,,,,,212873000000,61057000000,0.287,269.09,61057000000,,,,,7.00,,,,227637704,733800,226910880,false,false,12,2014-04-01,2015-03-31,0
2015-05-13,65080,2014-03-31,,171219000000,0.140,,,,,3940000000,0.662,4825000000,0.439,4922000000,,0.617,21.69,,,,,,212481000000,59761000000,0.281,263.36,59761000000,,,,,6.00,,,,227637704,722074,226925484,false,false,12,2013-04-01,2014-03-31,-1
2015-07-31,65080,2016-03-31,1,34038000000,0.102,,,,,-3065000000,,-2895000000,,,-1944000000,,-8.57,,,,,,231368000000,64958000000,0.275,,63708000000,,,,,,,,,,,,true,false,3,2015-04-01,2015-06-30,0
2015-07-31,65080,2015-03-31,1,30888000000,0.154,,,,,-3972000000,,-3793000000,,,-2633000000,,-11.61,,,,,,,,,,,,,,,,,,,,,,true,false,3,2014-04-01,2014-06-30,-1
2015-07-31,65080,2016-03-31,1,83000000000,0.050,,,,,-4500000000,,-4500000000,,,-3000000000,,-13.22,,,,,,,,,,,,,,,,,,,,,,true,true,6,2015-04-01,2015-09-30,0
2015-07-31,65080,2016-03-31,1,235000000000,0.020,,,,,11500000000,0.030,11000000000,0.047,,7500000000,,33.05,,,,,,,,,,,,,,,,,,,,,,true,true,12,2015-04-01,2016-03-31,0
2015-07-31,65080,2015-03-31,1,,,,,,,,,,,,,,,,,,,,255519000000,67405000000,0.259,,66109000000,,,,,,,,,,,,true,false,12,2014-04-01,2015-03-31,-1
2015-07-31,65080,2015-03-31,1,,,,,,,,,,,,,,,,,,,,,,,,,,,,,7.00,,,,227637704,733800,,false,false,12,2014-04-01,2015-03-31,-1
2015-07-31,65080,2016-03-31,1,,,,,,,,,,,,,,,,,,,,,,,,,,,,,,,,,227637704,734847,226903362,false,false,3,2015-04-01,2015-06-30,0
2015-07-31,65080,2015-03-31,1,,,,,,,,,,,,,,,,,,,,,,,,,,,,,,,,,,,226915022,false,false,3,2014-04-01,2014-06-30,-1
,65080,2016-03-31,,,,,,,,,,,,,,,,,,,,,,,,,,,,,,4.00,,,,,,,false,true,12,2015-04-01,2016-03-31,0
,65080,2015-03-31,,,,,,,,,,,,,,,,,,,,,,,,,,,,,,7.00,,,,,,,false,false,12,2014-04-01,2015-03-31,-1
2015-10-30,65080,2016-03-31,2,84168000000,0.064,,,,,-4457000000,,-4540000000,,,-3142000000,,-13.85,,,,,,236454000000,62292000000,0.258,,61028000000,,,,,,,,,,,,true,false,6,2015-04-01,2015-09-30,0
2015-10-30,65080,2015-03-31,2,79079000000,0.078,,,,,-5557000000,,-5098000000,,,-3300000000,,-14.54,,,,,,,,,,,,,,,,,,,,,,true,false,6,2014-04-01,2014-09-30,-1
2015-10-30,65080,2016-03-31,2,235000000000,0.020,,,,,11500000000,0.030,11000000000,0.047,,7500000000,,33.05,,,,,,,,,,,,,,,,,,,,,,true,true,12,2015-04-01,2016-03-31,0
2015-10-30,65080,2015-03-31,2,,,,,,,,,,,,,,,,,,,,255519000000,67405000000,0.259,,66109000000,,,,,,,,,,,,true,false,12,2014-04-01,2015-03-31,-1
2015-10-30,65080,2015-03-31,2,,,,,,,,,,,,,,,,,,,,,,,,,,,,,7.00,,,,227637704,733800,,false,false,12,2014-04-01,2015-03-31,-1
2015-10-30,65080,2016-03-31,2,,,,,,,,,,,,,,,,,,,,,,,,,,,,,4.00,,,,,,,false,false,12,2015-04-01,2016-03-31,0
2015-10-30,65080,2016-03-31,2,,,,,,,,,,,,,,,,,,,,,,,,,,,,,,,,,227637704,739073,226901838,false,false,6,2015-04-01,2015-09-30,0
2015-10-30,65080,2015-03-31,2,,,,,,,,,,,,,,,,,,,,,,,,,,,,,,,,,,,226913460,false,false,6,2014-04-01,2014-09-30,-1
2015-10-30,65080,2016-03-31,2,84168000000,0.064,,,,,-4457000000,,-4540000000,,,-3142000000,,-13.85,,,,,,236454000000,62292000000,0.258,,61028000000,,,,,,,,,,,,true,false,6,2015-04-01,2015-09-30,0
2015-10-30,65080,2015-03-31,2,79079000000,0.078,,,,,-5557000000,,-5098000000,,,-3300000000,,-14.54,,,,,,,,,,,,,,,,,,,,,,true,false,6,2014-04-01,2014-09-30,-1
2015-10-30,65080,2016-03-31,2,235000000000,0.020,,,,,11500000000,0.150,11000000000,0.047,,7500000000,,33.05,,,,,,,,,,,,,,,,,,,,,,true,true,12,2015-04-01,2016-03-31,0
2015-10-30,65080,2015-03-31,2,,,,,,,,,,,,,,,,,,,,255519000000,67405000000,0.259,,66109000000,,,,,,,,,,,,true,false,12,2014-04-01,2015-03-31,-1
2015-10-30,65080,2015-03-31,2,,,,,,,,,,,,,,,,,,,,,,,,,,,,,7.00,,,,227637704,733800,,false,false,12,2014-04-01,2015-03-31,-1
2015-10-30,65080,2016-03-31,2,,,,,,,,,,,,,,,,,,,,,,,,,,,,,4.00,,,,,,,false,false,12,2015-04-01,2016-03-31,0
2015-10-30,65080,2016-03-31,2,,,,,,,,,,,,,,,,,,,,,,,,,,,,,,,,,227637704,739073,226901838,false,false,6,2015-04-01,2015-09-30,0
2015-10-30,65080,2015-03-31,2,,,,,,,,,,,,,,,,,,,,,,,,,,,,,,,,,,,226913460,false,false,6,2014-04-01,2014-09-30,-1
2015-07-31,65080,2016-03-31,1,34038000000,0.102,,,,,-3065000000,,-2895000000,,,-1944000000,,-8.57,,,,,,231368000000,64958000000,0.275,,63708000000,,,,,,,,,,,,true,false,3,2015-04-01,2015-06-30,0
2015-07-31,65080,2015-03-31,1,30888000000,0.154,,,,,-3972000000,,-3793000000,,,-2633000000,,-11.61,,,,,,,,,,,,,,,,,,,,,,true,false,3,2014-04-01,2014-06-30,-1
2015-07-31,65080,2016-03-31,1,83000000000,0.050,,,,,-4500000000,,-4500000000,,,-3000000000,,-13.22,,,,,,,,,,,,,,,,,,,,,,true,true,6,2015-04-01,2015-09-30,0
2015-07-31,65080,2016-03-31,1,235000000000,0.020,,,,,11500000000,0.150,11000000000,0.047,,7500000000,,33.05,,,,,,,,,,,,,,,,,,,,,,true,true,12,2015-04-01,2016-03-31,0
2015-07-31,65080,2015-03-31,1,,,,,,,,,,,,,,,,,,,,255519000000,67405000000,0.259,,66109000000,,,,,,,,,,,,true,false,12,2014-04-01,2015-03-31,-1
2015-07-31,65080,2015-03-31,1,,,,,,,,,,,,,,,,,,,,,,,,,,,,,7.00,,,,227637704,733800,,false,false,12,2014-04-01,2015-03-31,-1
2015-07-31,65080,2016-03-31,1,,,,,,,,,,,,,,,,,,,,,,,,,,,,,,,,,227637704,734847,226903362,false,false,3,2015-04-01,2015-06-30,0
2015-07-31,65080,2015-03-31,1,,,,,,,,,,,,,,,,,,,,,,,,,,,,,,,,,,,226915022,false,false,3,2014-04-01,2014-06-30,-1
2016-01-29,65080,2016-03-31,3,133368000000,0.089,,,,,-2932000000,,-3519000000,,,-2674000000,,-11.79,,,,,,250976000000,62050000000,0.242,,60784000000,,,,,,,,,,,,true,false,9,2015-04-01,2015-12-31,0
2016-01-29,65080,2015-03-31,3,122460000000,0.088,,,,,-6588000000,,-6081000000,,,-3919000000,,-17.27,,,,,,,,,,,,,,,,,,,,,,true,false,9,2014-04-01,2014-12-31,-1
2016-01-29,65080,2016-03-31,3,235000000000,0.020,,,,,11500000000,0.150,11000000000,0.047,,7500000000,,33.05,,,,,,,,,,,,,,,,,,,,,,true,true,12,2015-04-01,2016-03-31,0
2016-01-29,65080,2015-03-31,3,,,,,,,,,,,,,,,,,,,,255519000000,67405000000,0.259,,66109000000,,,,,,,,,,,,true,false,12,2014-04-01,2015-03-31,-1
2016-01-29,65080,2015-03-31,3,,,,,,,,,,,,,,,,,,,,,,,,,,,,,7.00,,,,227637704,733800,,false,false,12,2014-04-01,2015-03-31,-1
2016-01-29,65080,2016-03-31,3,,,,,,,,,,,,,,,,,,,,,,,,,,,,,4.00,,,,,,,false,false,12,2015-04-01,2016-03-31,0
2016-01-29,65080,2016-03-31,3,,,,,,,,,,,,,,,,,,,,,,,,,,,,,,,,,227637704,745173,226899990,false,false,9,2015-04-01,2015-12-31,0
2016-01-29,65080,2015-03-31,3,,,,,,,,,,,,,,,,,,,,,,,,,,,,,,,,,,,226912268,false,false,9,2014-04-01,2014-12-31,-1
,65080,2016-03-31,,,,,,,,,,,,,,,,,,,,,,,,,,,,,,8.00,,,,,,,false,true,12,2015-04-01,2016-03-31,0
,65080,2016-03-31,,,,,,,,,,,,,,,,,,,,,,,,,,,,,,4.00,,,,,,,false,false,12,2015-04-01,2016-03-31,0
,65080,2015-03-31,,,,,,,,,,,,,,,,,,,,,,,,,,,,,,7.00,,,,,,,false,false,12,2014-04-01,2015-03-31,-1
2016-05-13,65080,2016-03-31,,237404000000,0.031,,,,,10517000000,0.052,10595000000,0.009,,6962000000,,30.68,,0.104,0.042,0.044,,255024000000,68771000000,0.265,297.64,67532000000,22597000000,-10530000000,-5847000000,14438000000,,0.261,,,,,,true,false,12,2015-04-01,2016-03-31,0
2016-05-13,65080,2015-03-31,,230299000000,0.065,,,,,9997000000,0.047,10502000000,0.348,,6868000000,,30.27,,0.109,0.042,0.043,,255519000000,67405000000,0.259,291.35,66109000000,11165000000,-8772000000,-5282000000,8671000000,,0.231,,,,,,true,false,12,2014-04-01,2015-03-31,-1
2016-05-13,65080,2017-03-31,,90000000000,0.069,,,,,-4800000000,,-4800000000,,,-3500000000,,-15.43,,,,,,,,,,,,,,,,,,,,,,true,true,6,2016-04-01,2016-09-30,1
2016-05-13,65080,2017-03-31,,240000000000,0.011,,,,,10500000000,-0.002,10500000000,-0.009,,7000000000,,30.85,,,,,,,,,,,,,,,,,,,,,,true,true,12,2016-04-01,2017-03-31,1
2016-05-13,65080,2016-03-31,,165973000000,-0.010,,,,,4034000000,-0.001,5530000000,0.070,3728000000,,0.222,16.43,,,,,,208079000000,60211000000,0.289,265.38,60211000000,,,,,8.00,,,,227637704,748304,226897774,false,false,12,2015-04-01,2016-03-31,0
2016-05-13,65080,2015-03-31,,167678000000,-0.021,,,,,4040000000,0.025,5166000000,0.071,3050000000,,-0.380,13.44,,,,,,212873000000,61057000000,0.287,269.09,61057000000,,,,,7.00,,,,227637704,733800,226910880,false,false,12,2014-04-01,2015-03-31,-1
2016-07-29,65080,2017-03-31,1,36910000000,0.084,,,,,-3591000000,,-3737000000,,,-2670000000,,-11.77,,,,,,225864000000,63214000000,0.275,,62169000000,,,,,,,,,,,,true,false,3,2016-04-01,2016-06-30,0
2016-07-29,65080,2016-03-31,1,34038000000,0.102,,,,,-3065000000,,-2895000000,,,-1944000000,,-8.57,,,,,,,,,,,,,,,,,,,,,,true,false,3,2015-04-01,2015-06-30,-1
2016-07-29,65080,2017-03-31,1,90000000000,0.069,,,,,-4800000000,,-4800000000,,,-3500000000,,-15.43,,,,,,,,,,,,,,,,,,,,,,true,true,6,2016-04-01,2016-09-30,0
2016-07-29,65080,2017-03-31,1,240000000000,0.011,,,,,10500000000,-0.002,10500000000,-0.009,,7000000000,,30.85,,,,,,,,,,,,,,,,,,,,,,true,true,12,2016-04-01,2017-03-31,0
2016-07-29,65080,2016-03-31,1,,,,,,,,,,,,,,,,,,,,255024000000,68771000000,0.265,,67532000000,,,,,,,,,,,,true,false,12,2015-04-01,2016-03-31,-1
2016-07-29,65080,2016-03-31,1,,,,,,,,,,,,,,,,,,,,,,,,,,,,,8.00,,,,227637704,748304,,false,false,12,2015-04-01,2016-03-31,-1
2016-07-29,65080,2017-03-31,1,,,,,,,,,,,,,,,,,,,,,,,,,,,,,,,,,227637704,749612,226888727,false,false,3,2016-04-01,2016-06-30,0
2016-07-29,65080,2016-03-31,1,,,,,,,,,,,,,,,,,,,,,,,,,,,,,,,,,,,226903362,false,false,3,2015-04-01,2015-06-30,-1
,65080,2017-03-31,,,,,,,,,,,,,,,,,,,,,,,,,,,,,,4.00,,,,,,,false,true,12,2016-04-01,2017-03-31,0
,65080,2016-03-31,,,,,,,,,,,,,,,,,,,,,,,,,,,,,,8.00,,,,,,,false,false,12,2015-04-01,2016-03-31,-1
2016-10-31,65080,2017-03-31,2,82876000000,-0.015,,,,,-4926000000,,-5302000000,,,-3733000000,,-16.46,,,,,,226151000000,62126000000,0.270,,61121000000,,,,,,,,,,,,true,false,6,2016-04-01,2016-09-30,0
2016-10-31,65080,2016-03-31,2,84168000000,0.064,,,,,-4457000000,,-4540000000,,,-3142000000,,-13.85,,,,,,,,,,,,,,,,,,,,,,true,false,6,2015-04-01,2015-09-30,-1
2016-10-31,65080,2017-03-31,2,230000000000,-0.031,,,,,9000000000,-0.144,8500000000,-0.198,,6000000000,,26.44,,,,,,,,,,,,,,,,,,,,,,true,true,12,2016-04-01,2017-03-31,0
2016-10-31,65080,2016-03-31,2,,,,,,,,,,,,,,,,,,,,255024000000,68771000000,0.265,,67532000000,,,,,,,,,,,,true,false,12,2015-04-01,2016-03-31,-1
2016-10-31,65080,2016-03-31,2,,,,,,,,,,,,,,,,,,,,,,,,,,,,,8.00,,,,227637704,748304,,false,false,12,2015-04-01,2016-03-31,-1
2016-10-31,65080,2017-03-31,2,,,,,,,,,,,,,,,,,,,,,,,,,,,,,4.00,,,,,,,false,false,12,2016-04-01,2017-03-31,0
2016-10-31,65080,2017-03-31,2,,,,,,,,,,,,,,,,,,,,,,,,,,,,,,,,,227637704,750987,226888081,false,false,6,2016-04-01,2016-09-30,0
2016-10-31,65080,2016-03-31,2,,,,,,,,,,,,,,,,,,,,,,,,,,,,,,,,,,,226901838,false,false,6,2015-04-01,2015-09-30,-1
2017-01-31,65080,2017-03-31,3,126326000000,-0.053,,,,,-6096000000,,-6380000000,,,-4719000000,,-20.80,,,,,,243646000000,62665000000,0.253,,61737000000,,,,,,,,,,,,true,false,9,2016-04-01,2016-12-31,0
2017-01-31,65080,2016-03-31,3,133368000000,0.089,,,,,-2932000000,,-3519000000,,,-2674000000,,-11.79,,,,,,,,,,,,,,,,,,,,,,true,false,9,2015-04-01,2015-12-31,-1
2017-01-31,65080,2017-03-31,3,230000000000,-0.031,,,,,9000000000,-0.144,8500000000,-0.198,,6000000000,,26.44,,,,,,,,,,,,,,,,,,,,,,true,true,12,2016-04-01,2017-03-31,0
2017-01-31,65080,2016-03-31,3,,,,,,,,,,,,,,,,,,,,255024000000,68771000000,0.265,,67532000000,,,,,,,,,,,,true,false,12,2015-04-01,2016-03-31,-1
2017-01-31,65080,2016-03-31,3,,,,,,,,,,,,,,,,,,,,,,,,,,,,,8.00,,,,227637704,748304,,false,false,12,2015-04-01,2016-03-31,-1
2017-01-31,65080,2017-03-31,3,,,,,,,,,,,,,,,,,,,,,,,,,,,,,4.00,,,,,,,false,false,12,2016-04-01,2017-03-31,0
2017-01-31,65080,2017-03-31,3,,,,,,,,,,,,,,,,,,,,,,,,,,,,,,,,,227637704,754784,226887034,false,false,9,2016-04-01,2016-12-31,0
2017-01-31,65080,2016-03-31,3,,,,,,,,,,,,,,,,,,,,,,,,,,,,,,,,,,,226899990,false,false,9,2015-04-01,2015-12-31,-1
,65080,2017-03-31,,,,,,,,,,,,,,,,,,,,,,,,,,,,,,8.00,,,,,,,false,true,12,2016-04-01,2017-03-31,0
,65080,2017-03-31,,,,,,,,,,,,,,,,,,,,,,,,,,,,,,4.00,,,,,,,false,false,12,2016-04-01,2017-03-31,0
,65080,2016-03-31,,,,,,,,,,,,,,,,,,,,,,,,,,,,,,8.00,,,,,,,false,false,12,2015-04-01,2016-03-31,-1
2017-05-12,65080,2017-03-31,,220141000000,-0.073,,,,,8849000000,-0.159,8209000000,-0.225,,5743000000,,25.31,,0.082,0.033,0.040,,247646000000,74312000000,0.296,322.80,73237000000,11840000000,-12031000000,-3767000000,10008000000,,0.316,,,,,,true,false,12,2016-04-01,2017-03-31,0
2017-05-12,65080,2016-03-31,,237404000000,0.031,,,,,10517000000,0.052,10595000000,0.009,,6962000000,,30.68,,0.104,0.042,0.044,,255024000000,68771000000,0.265,297.64,67532000000,22597000000,-10530000000,-5847000000,14438000000,,0.261,,,,,,true,false,12,2015-04-01,2016-03-31,-1
2017-05-12,65080,2018-03-31,,90000000000,0.086,,,,,-4900000000,,-5000000000,,,-3500000000,,-15.43,,,,,,,,,,,,,,,,,,,,,,true,true,6,2017-04-01,2017-09-30,1
2017-05-12,65080,2018-03-31,,240000000000,0.090,,,,,10000000000,0.130,9500000000,0.157,,6500000000,,28.65,,,,,,,,,,,,,,,,,,,,,,true,true,12,2017-04-01,2018-03-31,1
2017-05-12,65080,2017-03-31,,148371000000,-0.106,,,,,2032000000,-0.496,3696000000,-0.332,3425000000,,-0.081,15.10,,,,,,203447000000,63328000000,0.311,279.13,63328000000,,,,,8.00,,,,227637704,756384,226885791,false,false,12,2016-04-01,2017-03-31,0
2017-05-12,65080,2016-03-31,,165973000000,-0.010,,,,,4034000000,-0.001,5530000000,0.070,3728000000,,0.222,16.43,,,,,,208079000000,60211000000,0.289,265.38,60211000000,,,,,8.00,,,,227637704,748304,226897774,false,false,12,2015-04-01,2016-03-31,-1
2017-07-31,65080,2018-03-31,1,41290000000,0.119,,,,,-2962000000,,-3225000000,,,-2368000000,,-10.44,,,,,,226627000000,71417000000,0.311,,70369000000,,,,,,,,,,,,true,false,3,2017-04-01,2017-06-30,0
2017-07-31,65080,2017-03-31,1,36910000000,0.084,,,,,-3591000000,,-3737000000,,,-2670000000,,-11.77,,,,,,,,,,,,,,,,,,,,,,true,false,3,2016-04-01,2016-06-30,-1
2017-07-31,65080,2018-03-31,1,90000000000,0.086,,,,,-4900000000,,-5000000000,,,-3500000000,,-15.43,,,,,,,,,,,,,,,,,,,,,,true,true,6,2017-04-01,2017-09-30,0
2017-07-31,65080,2018-03-31,1,240000000000,0.090,,,,,10000000000,0.130,9500000000,0.157,,6500000000,,28.65,,,,,,,,,,,,,,,,,,,,,,true,true,12,2017-04-01,2018-03-31,0
2017-07-31,65080,2017-03-31,1,,,,,,,,,,,,,,,,,,,,247646000000,74312000000,0.296,,73237000000,,,,,,,,,,,,true,false,12,2016-04-01,2017-03-31,-1
2017-07-31,65080,2017-03-31,1,,,,,,,,,,,,,,,,,,,,,,,,,,,,,8.00,,,,227637704,756384,,false,false,12,2016-04-01,2017-03-31,-1
2017-07-31,65080,2018-03-31,1,,,,,,,,,,,,,,,,,,,,,,,,,,,,,,,,,227637704,759409,226880098,false,false,3,2017-04-01,2017-06-30,0
2017-07-31,65080,2017-03-31,1,,,,,,,,,,,,,,,,,,,,,,,,,,,,,,,,,,,226888727,false,false,3,2016-04-01,2016-06-30,-1
,65080,2018-03-31,,,,,,,,,,,,,,,,,,,,,,,,,,,,,,4.00,,,,,,,false,true,12,2017-04-01,2018-03-31,0
,65080,2017-03-31,,,,,,,,,,,,,,,,,,,,,,,,,,,,,,8.00,,,,,,,false,false,12,2016-04-01,2017-03-31,-1
2017-10-31,65080,2018-03-31,2,90738000000,0.095,,,,,-4857000000,,-5586000000,,,-4231000000,,-18.65,,,,,,229345000000,70550000000,0.303,,69460000000,,,,,,,,,,,,true,false,6,2017-04-01,2017-09-30,0
2017-10-31,65080,2017-03-31,2,82876000000,-0.015,,,,,-4926000000,,-5302000000,,,-3733000000,,-16.46,,,,,,,,,,,,,,,,,,,,,,true,false,6,2016-04-01,2016-09-30,-1
2017-10-31,65080,2018-03-31,2,240000000000,0.090,,,,,10000000000,0.130,9500000000,0.157,,6500000000,,28.65,,,,,,,,,,,,,,,,,,,,,,true,true,12,2017-04-01,2018-03-31,0
2017-10-31,65080,2017-03-31,2,,,,,,,,,,,,,,,,,,,,247646000000,74312000000,0.296,,73237000000,,,,,,,,,,,,true,false,12,2016-04-01,2017-03-31,-1
2017-10-31,65080,2017-03-31,2,,,,,,,,,,,,,,,,,,,,,,,,,,,,,8.00,,,,227637704,756384,,false,false,12,2016-04-01,2017-03-31,-1
2017-10-31,65080,2018-03-31,2,,,,,,,,,,,,,,,,,,,,,,,,,,,,,4.00,,,,,,,false,false,12,2017-04-01,2018-03-31,0
2017-10-31,65080,2018-03-31,2,,,,,,,,,,,,,,,,,,,,,,,,,,,,,,,,,227637704,762048,226878359,false,false,6,2017-04-01,2017-09-30,0
2017-10-31,65080,2017-03-31,2,,,,,,,,,,,,,,,,,,,,,,,,,,,,,,,,,,,226888081,false,false,6,2016-04-01,2016-09-30,-1
2018-01-31,65080,2018-03-31,3,137707000000,0.090,,,,,-5129000000,,-6281000000,,,-5130000000,,-22.61,,,,,,245007000000,70320000000,0.283,,69330000000,,,,,,,,,,,,true,false,9,2017-04-01,2017-12-31,0
2018-01-31,65080,2017-03-31,3,126326000000,-0.053,,,,,-6096000000,,-6380000000,,,-4719000000,,-20.80,,,,,,,,,,,,,,,,,,,,,,true,false,9,2016-04-01,2016-12-31,-1
2018-01-31,65080,2018-03-31,3,240000000000,0.090,,,,,10000000000,0.130,9500000000,0.157,,6500000000,,28.65,,,,,,,,,,,,,,,,,,,,,,true,true,12,2017-04-01,2018-03-31,0
2018-01-31,65080,2017-03-31,3,,,,,,,,,,,,,,,,,,,,247646000000,74312000000,0.296,,73237000000,,,,,,,,,,,,true,false,12,2016-04-01,2017-03-31,-1
2018-01-31,65080,2017-03-31,3,,,,,,,,,,,,,,,,,,,,,,,,,,,,,8.00,,,,227637704,756384,,false,false,12,2016-04-01,2017-03-31,-1
2018-01-31,65080,2018-03-31,3,,,,,,,,,,,,,,,,,,,,,,,,,,,,,4.00,,,,,,,false,false,12,2017-04-01,2018-03-31,0
2018-01-31,65080,2018-03-31,3,,,,,,,,,,,,,,,,,,,,,,,,,,,,,,,,,227637704,763107,226877389,false,false,9,2017-04-01,2017-12-31,0
2018-01-31,65080,2017-03-31,3,,,,,,,,,,,,,,,,,,,,,,,,,,,,,,,,,,,226887034,false,false,9,2016-04-01,2016-12-31,-1
,65080,2018-03-31,,,,,,,,,,,,,,,,,,,,,,,,,,,,,,9.00,,,,,,,false,true,12,2017-04-01,2018-03-31,0
,65080,2018-03-31,,,,,,,,,,,,,,,,,,,,,,,,,,,,,,4.00,,,,,,,false,false,12,2017-04-01,2018-03-31,0
,65080,2017-03-31,,,,,,,,,,,,,,,,,,,,,,,,,,,,,,8.00,,,,,,,false,false,12,2016-04-01,2017-03-31,-1
2018-05-14,65080,2018-03-31,,241832000000,0.099,,,,,11381000000,0.286,9992000000,0.217,,7056000000,,31.10,,0.092,0.039,0.047,,264457000000,81229000000,0.303,353.65,80233000000,17975000000,-7582000000,-11230000000,9236000000,,0.289,,,,,,true,false,12,2017-04-01,2018-03-31,0
2018-05-14,65080,2017-03-31,,220141000000,-0.073,,,,,8849000000,-0.159,8209000000,-0.225,,5743000000,,25.31,,0.082,0.033,0.040,,247646000000,74312000000,0.296,322.80,73237000000,11840000000,-12031000000,-3767000000,10008000000,,0.316,,,,,,true,false,12,2016-04-01,2017-03-31,-1
2018-05-14,65080,2019-03-31,,90000000000,-0.008,,,,,-4600000000,,-4800000000,,,-3500000000,,-15.43,,,,,,,,,,,,,,,,,,,,,,true,true,6,2018-04-01,2018-09-30,1
2018-05-14,65080,2019-03-31,,245000000000,0.013,,,,,11500000000,0.010,10800000000,0.081,,7500000000,,33.06,,,,,,,,,,,,,,,,,,,,,,true,true,12,2018-04-01,2019-03-31,1
2018-05-14,65080,2018-03-31,,164487000000,0.109,,,,,4333000000,1.132,5875000000,0.589,5413000000,,0.580,23.86,,,,,,215249000000,67732000000,0.315,298.55,67732000000,,,,,9.00,,,,227637704,766790,226876154,false,false,12,2017-04-01,2018-03-31,0
2018-05-14,65080,2017-03-31,,148371000000,-0.106,,,,,2032000000,-0.496,3696000000,-0.332,3425000000,,-0.081,15.10,,,,,,203447000000,63328000000,0.311,279.13,63328000000,,,,,8.00,,,,227637704,756384,226885791,false,false,12,2016-04-01,2017-03-31,-1
2018-07-31,65080,2019-03-31,1,38836000000,-0.059,,,,,-3468000000,,-3405000000,,,-2366000000,,-10.43,,,,,,247728000000,77057000000,0.308,,76249000000,,,,,,,,,,,,true,false,3,2018-04-01,2018-06-30,0
2018-07-31,65080,2018-03-31,1,41290000000,0.119,,,,,-2962000000,,-3225000000,,,-2368000000,,-10.44,,,,,,,,,,,,,,,,,,,,,,true,false,3,2017-04-01,2017-06-30,-1
2018-07-31,65080,2019-03-31,1,90000000000,-0.008,,,,,-4600000000,,-4800000000,,,-3500000000,,-15.43,,,,,,,,,,,,,,,,,,,,,,true,true,6,2018-04-01,2018-09-30,0
2018-07-31,65080,2019-03-31,1,245000000000,0.013,,,,,11500000000,0.010,10800000000,0.081,,7500000000,,33.06,,,,,,,,,,,,,,,,,,,,,,true,true,12,2018-04-01,2019-03-31,0
2018-07-31,65080,2018-03-31,1,,,,,,,,,,,,,,,,,,,,264457000000,81229000000,0.303,,80233000000,,,,,,,,,,,,true,false,12,2017-04-01,2018-03-31,-1
2018-07-31,65080,2018-03-31,1,,,,,,,,,,,,,,,,,,,,,,,,,,,,,9.00,,,,227637704,766790,,false,false,12,2017-04-01,2018-03-31,-1
2018-07-31,65080,2019-03-31,1,,,,,,,,,,,,,,,,,,,,,,,,,,,,,,,,,227637704,769952,226868693,false,false,3,2018-04-01,2018-06-30,0
2018-07-31,65080,2018-03-31,1,,,,,,,,,,,,,,,,,,,,,,,,,,,,,,,,,,,226880098,false,false,3,2017-04-01,2017-06-30,-1
,65080,2019-03-31,,,,,,,,,,,,,,,,,,,,,,,,,,,,,,4.00,,,,,,,false,true,12,2018-04-01,2019-03-31,0
,65080,2018-03-31,,,,,,,,,,,,,,,,,,,,,,,,,,,,,,9.00,,,,,,,false,false,12,2017-04-01,2018-03-31,-1
2018-10-26,65080,2019-03-31,2,89773000000,-0.011,,,,,-4766000000,,-4865000000,,,-3442000000,,-75.87,,,,,,246024000000,76117000000,0.306,,75334000000,,,,,,,,,,,,true,false,6,2018-04-01,2018-09-30,0
2018-10-26,65080,2018-03-31,2,90738000000,0.095,,,,,-4857000000,,-5586000000,,,-4231000000,,-93.26,,,,,,,,,,,,,,,,,,,,,,true,false,6,2017-04-01,2017-09-30,-1
2018-10-26,65080,2019-03-31,2,240000000000,-0.008,,,,,10700000000,-0.060,10400000000,0.041,,7200000000,,158.68,,,,,,,,,,,,,,,,,,,,,,true,true,12,2018-04-01,2019-03-31,0
2018-10-26,65080,2018-03-31,2,,,,,,,,,,,,,,,,,,,,264457000000,81229000000,0.303,,80233000000,,,,,,,,,,,,true,false,12,2017-04-01,2018-03-31,-1
2018-10-26,65080,2018-03-31,2,,,,,,,,,,,,,,,,,,,,,,,,,,,,,9.00,,,,45527540,153358,,false,false,12,2017-04-01,2018-03-31,-1
2018-10-26,65080,2019-03-31,2,,,,,,,,,,,,,,,,,,,,,,,,,,,,,4.00,,,,,,,false,false,12,2018-04-01,2019-03-31,0
2018-10-26,65080,2019-03-31,2,,,,,,,,,,,,,,,,,,,,,,,,,,,,,,,,,45527540,154478,45373554,false,false,6,2018-04-01,2018-09-30,0
2018-10-26,65080,2018-03-31,2,,,,,,,,,,,,,,,,,,,,,,,,,,,,,,,,,,,45375672,false,false,6,2017-04-01,2017-09-30,-1
2019-01-31,65080,2019-03-31,3,139285000000,0.011,,,,,-4893000000,,-4972000000,,,-3460000000,,-76.26,,,,,,253380000000,72497000000,0.283,,71713000000,,,,,,,,,,,,true,false,9,2018-04-01,2018-12-31,0
2019-01-31,65080,2018-03-31,3,137707000000,0.090,,,,,-5129000000,,-6281000000,,,-5130000000,,-113.06,,,,,,,,,,,,,,,,,,,,,,true,false,9,2017-04-01,2017-12-31,-1
2019-01-31,65080,2019-03-31,3,240000000000,-0.008,,,,,10200000000,-0.104,10000000000,0.001,,7200000000,,158.68,,,,,,,,,,,,,,,,,,,,,,true,true,12,2018-04-01,2019-03-31,0
2019-01-31,65080,2018-03-31,3,,,,,,,,,,,,,,,,,,,,264457000000,81229000000,0.303,,80233000000,,,,,,,,,,,,true,false,12,2017-04-01,2018-03-31,-1
2019-01-31,65080,2018-03-31,3,,,,,,,,,,,,,,,,,,,,,,,,,,,,,9.00,,,,45527540,153358,,false,false,12,2017-04-01,2018-03-31,-1
2019-01-31,65080,2019-03-31,3,,,,,,,,,,,,,,,,,,,,,,,,,,,,,4.00,,,,,,,false,false,12,2018-04-01,2019-03-31,0
2019-01-31,65080,2019-03-31,3,,,,,,,,,,,,,,,,,,,,,,,,,,,,,,,,,45527540,155750,45373156,false,false,9,2018-04-01,2018-12-31,0
2019-01-31,65080,2018-03-31,3,,,,,,,,,,,,,,,,,,,,,,,,,,,,,,,,,,,45375478,false,false,9,2017-04-01,2017-12-31,-1
,65080,2019-03-31,,,,,,,,,,,,,,,,,,,,,,,,,,,,,,25.00,,,,,,,false,true,12,2018-04-01,2019-03-31,0
,65080,2019-03-31,,,,,,,,,,,,,,,,,,,,,,,,,,,,,,4.00,,,,,,,false,false,12,2018-04-01,2019-03-31,0
,65080,2018-03-31,,,,,,,,,,,,,,,,,,,,,,,,,,,,,,9.00,,,,,,,false,false,12,2017-04-01,2018-03-31,-1
2019-05-14,65080,2019-03-31,,245033000000,0.013,,,,,10336000000,-0.092,10128000000,0.014,,7653000000,,168.68,,0.093,0.038,0.042,,265586000000,84497000000,0.315,1845.21,83720000000,14365000000,-8074000000,-3101000000,12433000000,,0.267,,,,,,true,false,12,2018-04-01,2019-03-31,0
2019-05-14,65080,2018-03-31,,241832000000,0.099,,,,,11381000000,0.286,9992000000,0.217,,7056000000,,155.52,,0.092,0.039,0.047,,264457000000,81229000000,0.303,1768.27,80233000000,17975000000,-7582000000,-11230000000,9236000000,,0.289,,,,,,true,false,12,2017-04-01,2018-03-31,-1
2019-05-14,65080,2020-03-31,,95000000000,0.058,,,,,-5000000000,,-5000000000,,,-3500000000,,-77.14,,,,,,,,,,,,,,,,,,,,,,true,true,6,2019-04-01,2019-09-30,1
2019-05-14,65080,2020-03-31,,260000000000,0.061,,,,,11000000000,0.064,10800000000,0.066,,7800000000,,171.91,,,,,,,,,,,,,,,,,,,,,,true,true,12,2019-04-01,2020-03-31,1
2019-05-14,65080,2019-03-31,,167614000000,0.019,,,,,5050000000,0.165,7751000000,0.319,7352000000,,0.358,162.06,,,,,,221108000000,71729000000,0.324,1580.94,71729000000,,,,,25.00,,,,45527540,156040,45372792,false,false,12,2018-04-01,2019-03-31,0
2019-05-14,65080,2018-03-31,,164487000000,0.109,,,,,4333000000,1.132,5875000000,0.589,5413000000,,0.580,119.30,,,,,,215249000000,67732000000,0.315,1492.76,67732000000,,,,,9.00,,,,45527540,153358,45375231,false,false,12,2017-04-01,2018-03-31,-1
2019-07-31,65080,2020-03-31,1,38151000000,-0.018,,,,,-3642000000,,-3745000000,,,-2196000000,,-48.40,,,,,,261223000000,81618000000,0.302,,78825000000,,,,,,,,,,,,true,false,3,2019-04-01,2019-06-30,0
2019-07-31,65080,2019-03-31,1,38836000000,-0.059,,,,,-3468000000,,-3405000000,,,-2366000000,,-52.15,,,,,,,,,,,,,,,,,,,,,,true,false,3,2018-04-01,2018-06-30,-1
2019-07-31,65080,2020-03-31,1,95000000000,0.058,,,,,-5000000000,,-5000000000,,,-3500000000,,-77.14,,,,,,,,,,,,,,,,,,,,,,true,true,6,2019-04-01,2019-09-30,0
2019-07-31,65080,2020-03-31,1,260000000000,0.061,,,,,11000000000,0.064,10800000000,0.066,,7800000000,,171.91,,,,,,,,,,,,,,,,,,,,,,true,true,12,2019-04-01,2020-03-31,0
2019-07-31,65080,2019-03-31,1,,,,,,,,,,,,,,,,,,,,265586000000,84497000000,0.315,,83720000000,,,,,,,,,,,,true,false,12,2018-04-01,2019-03-31,-1
2019-07-31,65080,2019-03-31,1,,,,,,,,,,,,,,,,,,,,,,,,,,,,,25.00,,,,45527540,156040,,false,false,12,2018-04-01,2019-03-31,-1
2019-07-31,65080,2020-03-31,1,,,,,,,,,,,,,,,,,,,,,,,,,,,,,,,,,45527540,156160,45371450,false,false,3,2019-04-01,2019-06-30,0
2019-07-31,65080,2019-03-31,1,,,,,,,,,,,,,,,,,,,,,,,,,,,,,,,,,,,45373739,false,false,3,2018-04-01,2018-06-30,-1
,65080,2020-03-31,,,,,,,,,,,,,,,,,,,,,,,,,,,,,,25.00,,,,,,,false,true,12,2019-04-01,2020-03-31,0
,65080,2019-03-31,,,,,,,,,,,,,,,,,,,,,,,,,,,,,,25.00,,,,,,,false,false,12,2018-04-01,2019-03-31,-1
2019-10-30,65080,2020-03-31,2,93910000000,0.046,,,,,-4132000000,,-4824000000,,,-3091000000,,-68.14,,,,,,259015000000,80649000000,0.300,,77816000000,,,,,,,,,,,,true,false,6,2019-04-01,2019-09-30,0
2019-10-30,65080,2019-03-31,2,89773000000,-0.011,,,,,-4766000000,,-4865000000,,,-3442000000,,-75.87,,,,,,,,,,,,,,,,,,,,,,true,false,6,2018-04-01,2018-09-30,-1
2019-10-30,65080,2020-03-31,2,260000000000,0.061,,,,,11500000000,0.113,10800000000,0.066,,7800000000,,171.91,,,,,,,,,,,,,,,,,,,,,,true,true,12,2019-04-01,2020-03-31,0
2019-10-30,65080,2019-03-31,2,,,,,,,,,,,,,,,,,,,,265586000000,84497000000,0.315,,83720000000,,,,,,,,,,,,true,false,12,2018-04-01,2019-03-31,-1
2019-10-30,65080,2019-03-31,2,,,,,,,,,,,,,,,,,,,,,,,,,,,,,25.00,,,,45527540,156040,,false,false,12,2018-04-01,2019-03-31,-1
2019-10-30,65080,2020-03-31,2,,,,,,,,,,,,,,,,,,,,,,,,,,,,,25.00,,,,,,,false,false,12,2019-04-01,2020-03-31,0
2019-10-30,65080,2020-03-31,2,,,,,,,,,,,,,,,,,,,,,,,,,,,,,,,,,45527540,156421,45371354,false,false,6,2019-04-01,2019-09-30,0
2019-10-30,65080,2019-03-31,2,,,,,,,,,,,,,,,,,,,,,,,,,,,,,,,,,,,45373554,false,false,6,2018-04-01,2018-09-30,-1
2020-01-30,65080,2020-03-31,3,143727000000,0.032,,,,,-4887000000,,-5559000000,,,-3921000000,,-86.44,,,,,,265436000000,79678000000,0.289,,76830000000,,,,,,,,,,,,true,false,9,2019-04-01,2019-12-31,0
2020-01-30,65080,2019-03-31,3,139285000000,0.011,,,,,-4893000000,,-4972000000,,,-3460000000,,-76.26,,,,,,,,,,,,,,,,,,,,,,true,false,9,2018-04-01,2018-12-31,-1
2020-01-30,65080,2020-03-31,3,260000000000,0.061,,,,,11500000000,0.113,10800000000,0.066,,7800000000,,171.91,,,,,,,,,,,,,,,,,,,,,,true,true,12,2019-04-01,2020-03-31,0
2020-01-30,65080,2019-03-31,3,,,,,,,,,,,,,,,,,,,,265586000000,84497000000,0.315,,83720000000,,,,,,,,,,,,true,false,12,2018-04-01,2019-03-31,-1
2020-01-30,65080,2019-03-31,3,,,,,,,,,,,,,,,,,,,,,,,,,,,,,25.00,,,,45527540,156040,,false,false,12,2018-04-01,2019-03-31,-1
2020-01-30,65080,2020-03-31,3,,,,,,,,,,,,,,,,,,,,,,,,,,,,,25.00,,,,,,,false,false,12,2019-04-01,2020-03-31,0
2020-01-30,65080,2020-03-31,3,,,,,,,,,,,,,,,,,,,,,,,,,,,,,50.00,,,,,,,false,true,12,2019-04-01,2020-03-31,0
2020-01-30,65080,2020-03-31,3,,,,,,,,,,,,,,,,,,,,,,,,,,,,,,,,,45527540,156747,45371222,false,false,9,2019-04-01,2019-12-31,0
2020-01-30,65080,2019-03-31,3,,,,,,,,,,,,,,,,,,,,,,,,,,,,,,,,,,,45373156,false,false,9,2018-04-01,2018-12-31,-1
,65080,2020-03-31,,,,,,,,,,,,,,,,,,,,,,,,,,,,,,50.00,,,,,,,false,true,12,2019-04-01,2020-03-31,0
,65080,2020-03-31,,,,,,,,,,,,,,,,,,,,,,,,,,,,,,25.00,,,,,,,false,false,12,2019-04-01,2020-03-31,0
,65080,2019-03-31,,,,,,,,,,,,,,,,,,,,,,,,,,,,,,25.00,,,,,,,false,false,12,2018-04-01,2019-03-31,-1
2020-05-13,65080,2020-03-31,,255748000000,0.044,,,,,12725000000,0.231,11481000000,0.134,,8208000000,,180.91,,0.096,0.043,0.050,,270410000000,90117000000,0.322,1920.01,87111000000,10416000000,-13700000000,3735000000,12621000000,,0.276,,,,,,true,false,12,2019-04-01,2020-03-31,0
2020-05-13,65080,2019-03-31,,245033000000,0.013,,,,,10336000000,-0.092,10128000000,0.014,,7653000000,,168.68,,0.093,0.038,0.042,,265586000000,84497000000,0.315,1845.21,83720000000,14365000000,-8074000000,-3101000000,12433000000,,0.267,,,,,,true,false,12,2018-04-01,2019-03-31,-1
2020-05-13,65080,2021-03-31,,87000000000,-0.074,,,,,-5400000000,,-5600000000,,,-3900000000,,-85.96,,,,,,,,,,,,,,,,,,,,,,true,true,6,2020-04-01,2020-09-30,1
2020-05-13,65080,2021-03-31,,236000000000,-0.077,,,,,7000000000,-0.450,6600000000,-0.425,,4700000000,,103.59,,,,,,,,,,,,,,,,,,,,,,true,true,12,2020-04-01,2021-03-31,1
2020-05-13,65080,2020-03-31,,174533000000,0.041,,,,,4640000000,-0.081,6755000000,-0.129,1718000000,,-0.766,37.87,,,,,,221625000000,68368000000,0.308,1506.89,68368000000,,,,,50.00,,,,45527540,157093,45371066,false,false,12,2019-04-01,2020-03-31,0
2020-05-13,65080,2019-03-31,,167614000000,0.019,,,,,5050000000,0.165,7751000000,0.319,7352000000,,0.358,162.06,,,,,,221108000000,71729000000,0.324,1580.94,71729000000,,,,,25.00,,,,45527540,156040,45372792,false,false,12,2018-04-01,2019-03-31,-1
2020-07-31,65080,2021-03-31,1,36165000000,-0.052,,,,,-3021000000,,-2951000000,,,-2156000000,,-47.53,,,,,,255458000000,87421000000,0.331,,84485000000,,,,,,,,,,,,true,false,3,2020-04-01,2020-06-30,0
2020-07-31,65080,2020-03-31,1,38151000000,-0.018,,,,,-3642000000,,-3745000000,,,-2196000000,,-48.40,,,,,,,,,,,,,,,,,,,,,,true,false,3,2019-04-01,2019-06-30,-1
2020-07-31,65080,2021-03-31,1,87000000000,-0.074,,,,,-5400000000,,-5600000000,,,-3900000000,,-85.96,,,,,,,,,,,,,,,,,,,,,,true,true,6,2020-04-01,2020-09-30,0
2020-07-31,65080,2021-03-31,1,236000000000,-0.077,,,,,7000000000,-0.450,6600000000,-0.425,,4700000000,,103.59,,,,,,,,,,,,,,,,,,,,,,true,true,12,2020-04-01,2021-03-31,0
2020-07-31,65080,2020-03-31,1,,,,,,,,,,,,,,,,,,,,270410000000,90117000000,0.322,,87111000000,,,,,,,,,,,,true,false,12,2019-04-01,2020-03-31,-1
2020-07-31,65080,2020-03-31,1,,,,,,,,,,,,,,,,,,,,,,,,,,,,,50.00,,,,45527540,157093,,false,false,12,2019-04-01,2020-03-31,-1
2020-07-31,65080,2021-03-31,1,,,,,,,,,,,,,,,,,,,,,,,,,,,,,,,,,45527540,157145,45370435,false,false,3,2020-04-01,2020-06-30,0
2020-07-31,65080,2020-03-31,1,,,,,,,,,,,,,,,,,,,,,,,,,,,,,,,,,,,45371450,false,false,3,2019-04-01,2019-06-30,-1
,65080,2021-03-31,,,,,,,,,,,,,,,,,,,,,,,,,,,,,,20.00,,,,,,,false,true,12,2020-04-01,2021-03-31,0
,65080,2020-03-31,,,,,,,,,,,,,,,,,,,,,,,,,,,,,,50.00,,,,,,,false,false,12,2019-04-01,2020-03-31,-1
2020-10-29,65080,2021-03-31,2,88967000000,-0.053,,,,,-3550000000,,-3720000000,,,-3316000000,,-73.11,,,,,,255988000000,86727000000,0.327,,83773000000,,,,,,,,,,,,true,false,6,2020-04-01,2020-09-30,0
2020-10-29,65080,2020-03-31,2,93910000000,0.046,,,,,-4132000000,,-4824000000,,,-3091000000,,-68.14,,,,,,,,,,,,,,,,,,,,,,true,false,6,2019-04-01,2019-09-30,-1
2020-10-29,65080,2021-03-31,2,230000000000,-0.101,,,,,7000000000,-0.450,6600000000,-0.425,,4700000000,,103.59,,,,,,,,,,,,,,,,,,,,,,true,true,12,2020-04-01,2021-03-31,0
2020-10-29,65080,2020-03-31,2,,,,,,,,,,,,,,,,,,,,270410000000,90117000000,0.322,,87111000000,,,,,,,,,,,,true,false,12,2019-04-01,2020-03-31,-1
2020-10-29,65080,2020-03-31,2,,,,,,,,,,,,,,,,,,,,,,,,,,,,,50.00,,,,45527540,157093,,false,false,12,2019-04-01,2020-03-31,-1
2020-10-29,65080,2021-03-31,2,,,,,,,,,,,,,,,,,,,,,,,,,,,,,20.00,,,,,,,false,false,12,2020-04-01,2021-03-31,0
2020-10-29,65080,2021-03-31,2,,,,,,,,,,,,,,,,,,,,,,,,,,,,,,,,,45527540,157292,45370383,false,false,6,2020-04-01,2020-09-30,0
2020-10-29,65080,2020-03-31,2,,,,,,,,,,,,,,,,,,,,,,,,,,,,,,,,,,,45371354,false,false,6,2019-04-01,2019-09-30,-1
2021-01-29,65080,2021-03-31,3,137213000000,-0.045,,,,,-3476000000,,-3771000000,,,-3402000000,,-75.00,,,,,,269164000000,86728000000,0.311,,83762000000,,,,,,,,,,,,true,false,9,2020-04-01,2020-12-31,0
2021-01-29,65080,2020-03-31,3,143727000000,0.032,,,,,-4887000000,,-5559000000,,,-3921000000,,-86.44,,,,,,,,,,,,,,,,,,,,,,true,false,9,2019-04-01,2019-12-31,-1
2021-01-29,65080,2021-03-31,3,230000000000,-0.101,,,,,7000000000,-0.450,6600000000,-0.425,,4700000000,,103.59,,,,,,,,,,,,,,,,,,,,,,true,true,12,2020-04-01,2021-03-31,0
2021-01-29,65080,2020-03-31,3,,,,,,,,,,,,,,,,,,,,270410000000,90117000000,0.322,,87111000000,,,,,,,,,,,,true,false,12,2019-04-01,2020-03-31,-1
2021-01-29,65080,2020-03-31,3,,,,,,,,,,,,,,,,,,,,,,,,,,,,,50.00,,,,45527540,157093,,false,false,12,2019-04-01,2020-03-31,-1
2021-01-29,65080,2021-03-31,3,,,,,,,,,,,,,,,,,,,,,,,,,,,,,20.00,,,,,,,false,false,12,2020-04-01,2021-03-31,0
2021-01-29,65080,2021-03-31,3,,,,,,,,,,,,,,,,,,,,,,,,,,,,,,,,,45527540,157598,45370293,false,false,9,2020-04-01,2020-12-31,0
2021-01-29,65080,2020-03-31,3,,,,,,,,,,,,,,,,,,,,,,,,,,,,,,,,,,,45371222,false,false,9,2019-04-01,2019-12-31,-1
,65080,2021-03-31,,,,,,,,,,,,,,,,,,,,,,,,,,,,,,48.00,,,,,,,false,true,12,2020-04-01,2021-03-31,0
,65080,2021-03-31,,,,,,,,,,,,,,,,,,,,,,,,,,,,,,20.00,,,,,,,false,false,12,2020-04-01,2021-03-31,0
,65080,2020-03-31,,,,,,,,,,,,,,,,,,,,,,,,,,,,,,50.00,,,,,,,false,false,12,2019-04-01,2020-03-31,-1
2021-02-25,65080,2021-03-31,,230000000000,,,,,,7700000000,0.100,7300000000,0.106,7300000000,,0.553,160.90,,,,,,,,,,,,,,,,,,,,,,true,true,12,2020-04-01,2021-03-31,0
2021-02-25,65080,2020-03-31,,255748000000,,,,,,12725000000,,11481000000,,8208000000,,,180.91,,,,,,,,,,,,,,,,,,,,,,true,false,12,2019-04-01,2020-03-31,-1
2021-05-13,65080,2021-03-31,,231254000000,-0.096,,,,,8384000000,-0.341,8465000000,-0.263,,7303000000,,160.98,,0.080,0.031,0.036,,279059000000,99736000000,0.346,2127.74,96535000000,14601000000,-13117000000,-1402000000,13064000000,,0.298,,,,,,true,false,12,2020-04-01,2021-03-31,0
2021-05-13,65080,2020-03-31,,255748000000,0.044,,,,,12725000000,0.231,11481000000,0.134,,8208000000,,180.91,,0.096,0.043,0.050,,270410000000,90117000000,0.322,1920.01,87111000000,10416000000,-13700000000,3735000000,12621000000,,0.276,,,,,,true,false,12,2019-04-01,2020-03-31,-1
2021-05-13,65080,2022-03-31,,97000000000,,,,,,-3000000000,,-3000000000,,,-2100000000,,-46.29,,,,,,,,,,,,,,,,,,,,,,true,true,6,2021-04-01,2021-09-30,1
2021-05-13,65080,2022-03-31,,245000000000,,,,,,10000000000,,10000000000,,,7000000000,,154.29,,,,,,,,,,,,,,,,,,,,,,true,true,12,2021-04-01,2022-03-31,1
2021-05-13,65080,2021-03-31,,156039000000,-0.106,,,,,2872000000,-0.381,7105000000,0.052,7140000000,,3.155,157.38,,,,,,226950000000,76837000000,0.339,1693.58,76837000000,,,,,48.00,,,,45527540,157831,45370174,false,false,12,2020-04-01,2021-03-31,0
2021-05-13,65080,2020-03-31,,174533000000,0.041,,,,,4640000000,-0.081,6755000000,-0.129,1718000000,,-0.766,37.87,,,,,,221625000000,68368000000,0.308,1506.89,68368000000,,,,,50.00,,,,45527540,157093,45371066,false,false,12,2019-04-01,2020-03-31,-1
2021-07-30,65080,2022-03-31,1,45113000000,0.247,,,,,-2027000000,,-1931000000,,,-1433000000,,-31.60,,,,,,267413000000,96700000000,0.350,,93462000000,,,,,,,,,,,,true,false,3,2021-04-01,2021-06-30,0
2021-07-30,65080,2021-03-31,1,36165000000,-0.052,,,,,-3021000000,,-2951000000,,,-2156000000,,-47.53,,,,,,,,,,,,,,,,,,,,,,true,false,3,2020-04-01,2020-06-30,-1
2021-07-30,65080,2022-03-31,1,97000000000,0.090,,,,,-3000000000,,-3000000000,,,-2100000000,,-46.29,,,,,,,,,,,,,,,,,,,,,,true,true,6,2021-04-01,2021-09-30,0
2021-07-30,65080,2022-03-31,1,245000000000,0.059,,,,,10000000000,0.193,10000000000,0.181,,7000000000,,154.29,,,,,,,,,,,,,,,,,,,,,,true,true,12,2021-04-01,2022-03-31,0
2021-07-30,65080,2021-03-31,1,,,,,,,,,,,,,,,,,,,,279059000000,99736000000,0.346,,96535000000,,,,,,,,,,,,true,false,12,2020-04-01,2021-03-31,-1
2021-07-30,65080,2021-03-31,1,,,,,,,,,,,,,,,,,,,,,,,,,,,,,48.00,,,,45527540,157831,,false,false,12,2020-04-01,2021-03-31,-1
2021-07-30,65080,2022-03-31,1,,,,,,,,,,,,,,,,,,,,,,,,,,,,,,,,,45527540,157967,45369610,false,false,3,2021-04-01,2021-06-30,0
2021-07-30,65080,2021-03-31,1,,,,,,,,,,,,,,,,,,,,,,,,,,,,,,,,,,,45370435,false,false,3,2020-04-01,2020-06-30,-1
,65080,2022-03-31,,,,,,,,,,,,,,,,,,,,,,,,,,,,,,25.00,,,,,,,false,true,12,2021-04-01,2022-03-31,0
,65080,2021-03-31,,,,,,,,,,,,,,,,,,,,,,,,,,,,,,48.00,,,,,,,false,false,12,2020-04-01,2021-03-31,-1
2021-10-28,65080,2022-03-31,2,98950000000,0.112,,,,,-2750000000,,-2734000000,,,-2180000000,,-48.07,,,,,,263956000000,95671000000,0.350,,92416000000,,,,,,,,,,,,true,false,6,2021-04-01,2021-09-30,0
2021-10-28,65080,2021-03-31,2,88967000000,-0.053,,,,,-3550000000,,-3720000000,,,-3316000000,,-73.11,,,,,,,,,,,,,,,,,,,,,,true,false,6,2020-04-01,2020-09-30,-1
2021-10-28,65080,2022-03-31,2,245000000000,0.059,,,,,10000000000,0.193,10000000000,0.181,,7000000000,,154.29,,,,,,,,,,,,,,,,,,,,,,true,true,12,2021-04-01,2022-03-31,0
2021-10-28,65080,2021-03-31,2,,,,,,,,,,,,,,,,,,,,279059000000,99736000000,0.346,,96535000000,,,,,,,,,,,,true,false,12,2020-04-01,2021-03-31,-1
2021-10-28,65080,2021-03-31,2,,,,,,,,,,,,,,,,,,,,,,,,,,,,,48.00,,,,45527540,157831,,false,false,12,2020-04-01,2021-03-31,-1
2021-10-28,65080,2022-03-31,2,,,,,,,,,,,,,,,,,,,,,,,,,,,,,25.00,,,,,,,false,false,12,2021-04-01,2022-03-31,0
2021-10-28,65080,2022-03-31,2,,,,,,,,,,,,,,,,,,,,,,,,,,,,,,,,,45527540,158204,45369519,false,false,6,2021-04-01,2021-09-30,0
2021-10-28,65080,2021-03-31,2,,,,,,,,,,,,,,,,,,,,,,,,,,,,,,,,,,,45370383,false,false,6,2020-04-01,2020-09-30,-1
2022-01-31,65080,2022-03-31,3,158441000000,0.155,,,,,-1121000000,,-875000000,,,-1203000000,,-26.53,,,,,,283247000000,96423000000,0.329,,93125000000,,,,,,,,,,,,true,false,9,2021-04-01,2021-12-31,0
2022-01-31,65080,2021-03-31,3,137213000000,-0.045,,,,,-3476000000,,-3771000000,,,-3402000000,,-75.00,,,,,,,,,,,,,,,,,,,,,,true,false,9,2020-04-01,2020-12-31,-1
2022-01-31,65080,2022-03-31,3,245000000000,0.059,,,,,10000000000,0.193,10000000000,0.181,,7000000000,,154.29,,,,,,,,,,,,,,,,,,,,,,true,true,12,2021-04-01,2022-03-31,0
2022-01-31,65080,2021-03-31,3,,,,,,,,,,,,,,,,,,,,279059000000,99736000000,0.346,,96535000000,,,,,,,,,,,,true,false,12,2020-04-01,2021-03-31,-1
2022-01-31,65080,2021-03-31,3,,,,,,,,,,,,,,,,,,,,,,,,,,,,,48.00,,,,45527540,157831,,false,false,12,2020-04-01,2021-03-31,-1
2022-01-31,65080,2022-03-31,3,,,,,,,,,,,,,,,,,,,,,,,,,,,,,25.00,,,,,,,false,false,12,2021-04-01,2022-03-31,0
2022-01-31,65080,2022-03-31,3,,,,,,,,,,,,,,,,,,,,,,,,,,,,,50.00,,,,,,,false,true,12,2021-04-01,2022-03-31,0
2022-01-31,65080,2022-03-31,3,,,,,,,,,,,,,,,,,,,,,,,,,,,,,,,,,45527540,158352,45369429,false,false,9,2021-04-01,2021-12-31,0
2022-01-31,65080,2021-03-31,3,,,,,,,,,,,,,,,,,,,,,,,,,,,,,,,,,,,45370293,false,false,9,2020-04-01,2020-12-31,-1
,65080,2022-03-31,,,,,,,,,,,,,,,,,,,,,,,,,,,,,,50.00,,,,,,,false,true,12,2021-04-01,2022-03-31,0
,65080,2022-03-31,,,,,,,,,,,,,,,,,,,,,,,,,,,,,,25.00,,,,,,,false,false,12,2021-04-01,2022-03-31,0
,65080,2021-03-31,,,,,,,,,,,,,,,,,,,,,,,,,,,,,,48.00,,,,,,,false,false,12,2020-04-01,2021-03-31,-1
2022-05-13,65080,2022-03-31,,255046000000,0.103,,,,,9468000000,0.129,10206000000,0.206,,6733000000,,148.43,,0.068,0.036,0.037,,290899000000,105421000000,0.351,2247.49,101966000000,11389000000,-7503000000,-4266000000,13254000000,,0.337,,,,,,true,false,12,2021-04-01,2022-03-31,0
2022-05-13,65080,2021-03-31,,231254000000,-0.096,,,,,8384000000,-0.341,8465000000,-0.263,,7303000000,,160.98,,0.080,0.031,0.036,,279059000000,99736000000,0.346,2127.74,96535000000,14601000000,-13117000000,-1402000000,13064000000,,0.298,,,,,,true,false,12,2020-04-01,2021-03-31,-1
2022-05-13,65080,2023-03-31,,105000000000,0.061,,,,,-2800000000,,-2800000000,,,-2000000000,,-44.08,,,,,,,,,,,,,,,,,,,,,,true,true,6,2022-04-01,2022-09-30,1
2022-05-13,65080,2023-03-31,,270000000000,0.059,,,,,12000000000,0.267,12000000000,0.176,,8400000000,,185.15,,,,,,,,,,,,,,,,,,,,,,true,true,12,2022-04-01,2023-03-31,1
2022-05-13,65080,2022-03-31,,163369000000,0.047,,,,,3097000000,0.078,7730000000,0.088,7580000000,,0.062,167.09,,,,,,227591000000,80827000000,0.355,1781.57,80827000000,,,,,50.00,,,,45527540,158652,45369345,false,false,12,2021-04-01,2022-03-31,0
2022-05-13,65080,2021-03-31,,156039000000,-0.106,,,,,2872000000,-0.381,7105000000,0.052,7140000000,,3.155,157.38,,,,,,226950000000,76837000000,0.339,1693.58,76837000000,,,,,48.00,,,,45527540,157831,45370174,false,false,12,2020-04-01,2021-03-31,-1
2022-07-28,65080,2023-03-31,1,47525000000,0.053,,,,,-4477000000,,-3732000000,,,-2496000000,,-55.03,,,,,,283732000000,103353000000,0.352,,99942000000,,,,,,,,,,,,true,false,3,2022-04-01,2022-06-30,0
2022-07-28,65080,2022-03-31,1,45113000000,0.247,,,,,-2027000000,,-1931000000,,,-1433000000,,-31.60,,,,,,,,,,,,,,,,,,,,,,true,false,3,2021-04-01,2021-06-30,-1
2022-07-28,65080,2023-03-31,1,105000000000,0.061,,,,,-2800000000,,-2800000000,,,-2000000000,,-44.08,,,,,,,,,,,,,,,,,,,,,,true,true,6,2022-04-01,2022-09-30,0
2022-07-28,65080,2023-03-31,1,270000000000,0.059,,,,,12000000000,0.267,12000000000,0.176,,8400000000,,185.15,,,,,,,,,,,,,,,,,,,,,,true,true,12,2022-04-01,2023-03-31,0
2022-07-28,65080,2022-03-31,1,,,,,,,,,,,,,,,,,,,,290899000000,105421000000,0.351,,101966000000,,,,,,,,,,,,true,false,12,2021-04-01,2022-03-31,-1
2022-07-28,65080,2022-03-31,1,,,,,,,,,,,,,,,,,,,,,,,,,,,,,50.00,,,,45527540,158652,,false,false,12,2021-04-01,2022-03-31,-1
2022-07-28,65080,2023-03-31,1,,,,,,,,,,,,,,,,,,,,,,,,,,,,,,,,,45527540,158747,45368823,false,false,3,2022-04-01,2022-06-30,0
2022-07-28,65080,2022-03-31,1,,,,,,,,,,,,,,,,,,,,,,,,,,,,,,,,,,,45369610,false,false,3,2021-04-01,2021-06-30,-1
,65080,2023-03-31,,,,,,,,,,,,,,,,,,,,,,,,,,,,,,28.00,,,,,,,false,true,12,2022-04-01,2023-03-31,0
,65080,2022-03-31,,,,,,,,,,,,,,,,,,,,,,,,,,,,,,50.00,,,,,,,false,false,12,2021-04-01,2022-03-31,-1
2022-08-31,65080,2023-03-31,,105000000000,,,,,,-4200000000,,-3600000000,,,-2200000000,,-48.49,,,,,,,,,,,,,,,,,,,,,,true,true,6,2022-04-01,2022-09-30,0
2022-08-31,65080,2022-03-31,,98950000000,,,,,,-2750000000,,-2734000000,,,-2180000000,,-48.07,,,,,,,,,,,,,,,,,,,,,,true,false,6,2021-04-01,2021-09-30,-1
2022-08-31,65080,2023-03-31,,270000000000,,,,,,12000000000,,12000000000,,,8400000000,,185.15,,,,,,,,,,,,,,,,,,,,,,true,true,12,2022-04-01,2023-03-31,0
2022-08-31,65080,2022-03-31,,255046000000,,,,,,9468000000,,10206000000,,,6733000000,,148.43,,,,,,,,,,,,,,,,,,,,,,true,false,12,2021-04-01,2022-03-31,-1
2022-10-31,65080,2023-03-31,2,111742000000,0.129,,,,,-4892000000,,-3957000000,,,-2746000000,,-60.54,,,,,,282780000000,103144000000,0.353,,99723000000,,,,,,,,,,,,true,false,6,2022-04-01,2022-09-30,0
2022-10-31,65080,2022-03-31,2,98950000000,0.112,,,,,-2750000000,,-2734000000,,,-2180000000,,-48.07,,,,,,,,,,,,,,,,,,,,,,true,false,6,2021-04-01,2021-09-30,-1
2022-10-31,65080,2023-03-31,2,275000000000,0.078,,,,,12000000000,0.267,12500000000,0.225,,8400000000,,185.15,,,,,,,,,,,,,,,,,,,,,,true,true,12,2022-04-01,2023-03-31,0
2022-10-31,65080,2022-03-31,2,,,,,,,,,,,,,,,,,,,,290899000000,105421000000,0.351,,101966000000,,,,,,,,,,,,true,false,12,2021-04-01,2022-03-31,-1
2022-10-31,65080,2022-03-31,2,,,,,,,,,,,,,,,,,,,,,,,,,,,,,50.00,,,,45527540,158652,,false,false,12,2021-04-01,2022-03-31,-1
2022-10-31,65080,2023-03-31,2,,,,,,,,,,,,,,,,,,,,,,,,,,,,,28.00,,,,,,,false,false,12,2022-04-01,2023-03-31,0
2022-10-31,65080,2023-03-31,2,,,,,,,,,,,,,,,,,,,,,,,,,,,,,,,,,45527540,158854,45368783,false,false,6,2022-04-01,2022-09-30,0
2022-10-31,65080,2022-03-31,2,,,,,,,,,,,,,,,,,,,,,,,,,,,,,,,,,,,45369519,false,false,6,2021-04-01,2021-09-30,-1
2023-01-31,65080,2023-03-31,3,170009000000,0.073,,,,,-4692000000,,-4269000000,,,-2582000000,,-56.92,,,,,,296343000000,101190000000,0.330,,97858000000,,,,,,,,,,,,true,false,9,2022-04-01,2022-12-31,0
2023-01-31,65080,2022-03-31,3,158441000000,0.155,,,,,-1121000000,,-875000000,,,-1203000000,,-26.53,,,,,,,,,,,,,,,,,,,,,,true,false,9,2021-04-01,2021-12-31,-1
2023-01-31,65080,2023-03-31,3,275000000000,0.078,,,,,12000000000,0.267,12500000000,0.225,,8400000000,,185.15,,,,,,,,,,,,,,,,,,,,,,true,true,12,2022-04-01,2023-03-31,0
2023-01-31,65080,2022-03-31,3,,,,,,,,,,,,,,,,,,,,290899000000,105421000000,0.351,,101966000000,,,,,,,,,,,,true,false,12,2021-04-01,2022-03-31,-1
2023-01-31,65080,2022-03-31,3,,,,,,,,,,,,,,,,,,,,,,,,,,,,,50.00,,,,45527540,158652,,false,false,12,2021-04-01,2022-03-31,-1
2023-01-31,65080,2023-03-31,3,,,,,,,,,,,,,,,,,,,,,,,,,,,,,28.00,,,,,,,false,false,12,2022-04-01,2023-03-31,0
2023-01-31,65080,2023-03-31,3,,,,,,,,,,,,,,,,,,,,,,,,,,,,,,,,,45527540,159153,45368698,false,false,9,2022-04-01,2022-12-31,0
2023-01-31,65080,2022-03-31,3,,,,,,,,,,,,,,,,,,,,,,,,,,,,,,,,,,,45369429,false,false,9,2021-04-01,2021-12-31,-1
2023-02-27,65080,2023-03-31,,268000000000,-0.025,,,,,9000000000,-0.250,9200000000,-0.264,,7500000000,,165.31,,,,,,,,,,,,,,,,,,,,,,true,true,12,2022-04-01,2023-03-31,0
2023-02-27,65080,2022-03-31,,255046000000,,,,,,9468000000,,10206000000,,,6733000000,,148.43,,,,,,,,,,,,,,,,,,,,,,true,false,12,2021-04-01,2022-03-31,-1
,65080,2023-03-31,,,,,,,,,,,,,,,,,,,,,,,,,,,,,,50.00,,,,,,,false,true,12,2022-04-01,2023-03-31,0
,65080,2023-03-31,,,,,,,,,,,,,,,,,,,,,,,,,,,,,,28.00,,,,,,,false,false,12,2022-04-01,2023-03-31,0
,65080,2022-03-31,,,,,,,,,,,,,,,,,,,,,,,,,,,,,,50.00,,,,,,,false,false,12,2021-04-01,2022-03-31,-1
2023-05-12,65080,2023-03-31,,272578000000,0.069,,,,,8539000000,-0.098,8823000000,-0.135,,7128000000,,157.13,,0.068,0.029,0.031,,307390000000,110881000000,0.351,2378.26,107897000000,13742000000,-10506000000,-2685000000,14116000000,,0.318,,,,,,true,false,12,2022-04-01,2023-03-31,0
2023-05-12,65080,2022-03-31,,255046000000,0.103,,,,,9468000000,0.129,10206000000,0.206,,6733000000,,148.43,,0.068,0.036,0.037,,290899000000,105421000000,0.351,2247.49,101966000000,11389000000,-7503000000,-4266000000,13254000000,,0.337,,,,,,true,false,12,2021-04-01,2022-03-31,-1
2023-05-12,65080,2024-03-31,,118000000000,0.056,,,,,-4200000000,,-4200000000,,,-3000000000,,-66.13,,,,,,,,,,,,,,,,,,,,,,true,true,6,2023-04-01,2023-09-30,1
2023-05-12,65080,2024-03-31,,290000000000,0.064,,,,,10000000000,0.171,10000000000,0.133,,7000000000,,154.29,,,,,,,,,,,,,,,,,,,,,,true,true,12,2023-04-01,2024-03-31,1
2023-05-12,65080,2023-03-31,,177249000000,0.085,,,,,996000000,-0.678,5041000000,-0.348,4518000000,,-0.404,99.59,,,,,,238702000000,82879000000,0.347,1826.81,82879000000,,,,,50.00,,,,45527540,159447,45368593,false,false,12,2022-04-01,2023-03-31,0
2023-05-12,65080,2022-03-31,,163369000000,0.047,,,,,3097000000,0.078,7730000000,0.088,7580000000,,0.062,167.09,,,,,,227591000000,80827000000,0.355,1781.57,80827000000,,,,,50.00,,,,45527540,158652,45369345,false,false,12,2021-04-01,2022-03-31,-1
2023-07-28,65080,2024-03-31,1,53532000000,0.126,,,,,-3374000000,,-2648000000,,,-2102000000,,-46.34,,,,,,295979000000,111171000000,0.366,,108223000000,,,,,,,,,,,,true,false,3,2023-04-01,2023-06-30,0
2023-07-28,65080,2023-03-31,1,47525000000,0.053,,,,,-4477000000,,-3732000000,,,-2496000000,,-55.03,,,,,,,,,,,,,,,,,,,,,,true,false,3,2022-04-01,2022-06-30,-1
2023-07-28,65080,2024-03-31,1,118000000000,0.056,,,,,-4200000000,,-4200000000,,,-3000000000,,-66.13,,,,,,,,,,,,,,,,,,,,,,true,true,6,2023-04-01,2023-09-30,0
2023-07-28,65080,2024-03-31,1,290000000000,0.064,,,,,10000000000,0.171,10000000000,0.133,,7000000000,,154.29,,,,,,,,,,,,,,,,,,,,,,true,true,12,2023-04-01,2024-03-31,0
2023-07-28,65080,2023-03-31,1,,,,,,,,,,,,,,,,,,,,307390000000,110881000000,0.351,,107897000000,,,,,,,,,,,,true,false,12,2022-04-01,2023-03-31,-1
2023-07-28,65080,2023-03-31,1,,,,,,,,,,,,,,,,,,,,,,,,,,,,,50.00,,,,45527540,159447,,false,false,12,2022-04-01,2023-03-31,-1
2023-07-28,65080,2024-03-31,1,,,,,,,,,,,,,,,,,,,,,,,,,,,,,,,,,45527540,159562,45368030,false,false,3,2023-04-01,2023-06-30,0
2023-07-28,65080,2023-03-31,1,,,,,,,,,,,,,,,,,,,,,,,,,,,,,,,,,,,45368823,false,false,3,2022-04-01,2022-06-30,-1
,65080,2024-03-31,,,,,,,,,,,,,,,,,,,,,,,,,,,,,,25.00,,,,,,,false,true,12,2023-04-01,2024-03-31,0
,65080,2023-03-31,,,,,,,,,,,,,,,,,,,,,,,,,,,,,,50.00,,,,,,,false,false,12,2022-04-01,2023-03-31,-1
2023-10-30,65080,2024-03-31,2,119047000000,0.065,,,,,-2366000000,,-1622000000,,,-1616000000,,-35.62,,,,,,304510000000,113833000000,0.364,,110915000000,,,,,,,,,,,,true,false,6,2023-04-01,2023-09-30,0
2023-10-30,65080,2023-03-31,2,111742000000,0.129,,,,,-4892000000,,-3957000000,,,-2746000000,,-60.54,,,,,,,,,,,,,,,,,,,,,,true,false,6,2022-04-01,2022-09-30,-1
2023-10-30,65080,2024-03-31,2,290000000000,0.064,,,,,11000000000,0.288,11500000000,0.303,,10000000000,,220.42,,,,,,,,,,,,,,,,,,,,,,true,true,12,2023-04-01,2024-03-31,0
2023-10-30,65080,2023-03-31,2,,,,,,,,,,,,,,,,,,,,307390000000,110881000000,0.351,,107897000000,,,,,,,,,,,,true,false,12,2022-04-01,2023-03-31,-1
2023-10-30,65080,2023-03-31,2,,,,,,,,,,,,,,,,,,,,,,,,,,,,,50.00,,,,45527540,159447,,false,false,12,2022-04-01,2023-03-31,-1
2023-10-30,65080,2024-03-31,2,,,,,,,,,,,,,,,,,,,,,,,,,,,,,25.00,,,,,,,false,false,12,2023-04-01,2024-03-31,0
2023-10-30,65080,2024-03-31,2,,,,,,,,,,,,,,,,,,,,,,,,,,,,,,,,,45527540,159906,45367929,false,false,6,2023-04-01,2023-09-30,0
2023-10-30,65080,2023-03-31,2,,,,,,,,,,,,,,,,,,,,,,,,,,,,,,,,,,,45368783,false,false,6,2022-04-01,2022-09-30,-1
2024-01-31,65080,2024-03-31,3,183918000000,0.082,,,,,-79000000,,424000000,,,1641000000,,36.19,,,,,,315224000000,115243000000,0.356,,112288000000,,,,,,,,,,,,true,false,9,2023-04-01,2023-12-31,0
2024-01-31,65080,2023-03-31,3,170009000000,0.073,,,,,-4692000000,,-4269000000,,,-2582000000,,-56.92,,,,,,,,,,,,,,,,,,,,,,true,false,9,2022-04-01,2022-12-31,-1
2024-01-31,65080,2024-03-31,3,290000000000,0.064,,,,,11000000000,0.288,11500000000,0.303,,10000000000,,220.42,,,,,,,,,,,,,,,,,,,,,,true,true,12,2023-04-01,2024-03-31,0
2024-01-31,65080,2023-03-31,3,,,,,,,,,,,,,,,,,,,,307390000000,110881000000,0.351,,107897000000,,,,,,,,,,,,true,false,12,2022-04-01,2023-03-31,-1
2024-01-31,65080,2023-03-31,3,,,,,,,,,,,,,,,,,,,,,,,,,,,,,50.00,,,,45527540,159447,,false,false,12,2022-04-01,2023-03-31,-1
2024-01-31,65080,2024-03-31,3,,,,,,,,,,,,,,,,,,,,,,,,,,,,,25.00,,,,,,,false,false,12,2023-04-01,2024-03-31,0
2024-01-31,65080,2024-03-31,3,,,,,,,,,,,,,,,,,,,,,,,,,,,,,,,,,45527540,160417,45367732,false,false,9,2023-04-01,2023-12-31,0
2024-01-31,65080,2023-03-31,3,,,,,,,,,,,,,,,,,,,,,,,,,,,,,,,,,,,45368698,false,false,9,2022-04-01,2022-12-31,-1
2024-02-27,65080,2024-03-31,,285000000000,-0.017,,,,,11000000000,,11500000000,,,10000000000,,220.42,,,,,,,,,,,,,,,,,,,,,,true,true,12,2023-04-01,2024-03-31,0
2024-02-27,65080,2023-03-31,,272578000000,,,,,,8539000000,,8823000000,,,7128000000,,157.13,,,,,,,,,,,,,,,,,,,,,,true,false,12,2022-04-01,2023-03-31,-1
,65080,2024-03-31,,,,,,,,,,,,,,,,,,,,,,,,,,,,,,67.00,,,,,,,false,true,12,2023-04-01,2024-03-31,0
,65080,2024-03-31,,,,,,,,,,,,,,,,,,,,,,,,,,,,,,25.00,,,,,,,false,false,12,2023-04-01,2024-03-31,0
,65080,2023-03-31,,,,,,,,,,,,,,,,,,,,,,,,,,,,,,50.00,,,,,,,false,false,12,2022-04-01,2023-03-31,-1
2024-05-10,65080,2024-03-31,,287880000000,0.056,,,,,12731000000,0.491,13385000000,0.517,,11205000000,,247.00,,0.096,0.042,0.044,,334787000000,129488000000,0.378,2786.35,126407000000,8968000000,-7553000000,749000000,17224000000,,0.304,,,,,,true,false,12,2023-04-01,2024-03-31,0
2024-05-10,65080,2023-03-31,,272578000000,0.069,,,,,8539000000,-0.098,8823000000,-0.135,,7128000000,,157.13,,0.068,0.029,0.031,,307390000000,110881000000,0.351,2378.26,107897000000,13742000000,-10506000000,-2685000000,14116000000,,0.318,,,,,,true,false,12,2022-04-01,2023-03-31,-1
2024-05-10,65080,2025-03-31,,123000000000,0.033,,,,,-1500000000,,-1500000000,,,-1000000000,,-22.04,,,,,,,,,,,,,,,,,,,,,,true,true,6,2024-04-01,2024-09-30,1
2024-05-10,65080,2025-03-31,,310000000000,0.077,,,,,15000000000,0.178,14500000000,0.083,,10500000000,,231.44,,,,,,,,,,,,,,,,,,,,,,true,true,12,2024-04-01,2025-03-31,1
2024-05-10,65080,2024-03-31,,184329000000,0.040,,,,,413000000,-0.585,5162000000,0.024,6704000000,,0.484,147.78,,,,,,254993000000,94221000000,0.370,2076.88,94221000000,,,,,75.00,,,,45527540,160777,45367530,false,false,12,2023-04-01,2024-03-31,0
2024-05-10,65080,2023-03-31,,177249000000,0.085,,,,,996000000,-0.678,5041000000,-0.348,4518000000,,-0.404,99.59,,,,,,238702000000,82879000000,0.347,1826.81,82879000000,,,,,50.00,,,,45527540,159447,45368593,false,false,12,2022-04-01,2023-03-31,-1
2024-07-31,65080,2025-03-31,1,54975000000,0.027,,,,,-896000000,,213000000,,,1017000000,,22.44,,,,,,315768000000,129139000000,0.399,,126040000000,,,,,,,,,,,,true,false,3,2024-04-01,2024-06-30,0
2024-07-31,65080,2024-03-31,1,53532000000,0.126,,,,,-3374000000,,-2648000000,,,-2102000000,,-46.34,,,,,,,,,,,,,,,,,,,,,,true,false,3,2023-04-01,2023-06-30,-1
2024-07-31,65080,2025-03-31,1,123000000000,0.033,,,,,-1500000000,,-1500000000,,,-1000000000,,-22.04,,,,,,,,,,,,,,,,,,,,,,true,true,6,2024-04-01,2024-09-30,0
2024-07-31,65080,2025-03-31,1,310000000000,0.077,,,,,15000000000,0.178,14500000000,0.083,,10500000000,,231.44,,,,,,,,,,,,,,,,,,,,,,true,true,12,2024-04-01,2025-03-31,0
2024-07-31,65080,2024-03-31,1,,,,,,,,,,,,,,,,,,,,334787000000,129488000000,0.378,,126407000000,,,,,,,,,,,,true,false,12,2023-04-01,2024-03-31,-1
2024-07-31,65080,2024-03-31,1,,,,,,,,,,,,,,,,,,,,,,,,,,,,,75.00,,,,45527540,160777,,false,false,12,2023-04-01,2024-03-31,-1
2024-07-31,65080,2025-03-31,1,,,,,,,,,,,,,,,,,,,,,,,,,,,,,,,,,45527540,161074,45366638,false,false,3,2024-04-01,2024-06-30,0
2024-07-31,65080,2024-03-31,1,,,,,,,,,,,,,,,,,,,,,,,,,,,,,,,,,,,45368030,false,false,3,2023-04-01,2023-06-30,-1
,65080,2025-03-31,,,,,,,,,,,,,,,,,,,,,,,,,,,,,,35.00,,,,,,,false,true,12,2024-04-01,2025-03-31,0
,65080,2024-03-31,,,,,,,,,,,,,,,,,,,,,,,,,,,,,,75.00,,,,,,,false,false,12,2023-04-01,2024-03-31,-1
2024-10-28,65080,2025-03-31,2,120099000000,0.009,,,,,1909000000,,1743000000,,,2094000000,,46.17,,,,,,314157000000,126376000000,0.392,,123301000000,,,,,,,,,,,,true,false,6,2024-04-01,2024-09-30,0
2024-10-28,65080,2024-03-31,2,119047000000,0.065,,,,,-2366000000,,-1622000000,,,-1616000000,,-35.62,,,,,,,,,,,,,,,,,,,,,,true,false,6,2023-04-01,2023-09-30,-1
2024-10-28,65080,2025-03-31,2,300000000000,0.042,,,,,16000000000,0.257,15500000000,0.158,,11500000000,,253.49,,,,,,,,,,,,,,,,,,,,,,true,true,12,2024-04-01,2025-03-31,0
2024-10-28,65080,2024-03-31,2,,,,,,,,,,,,,,,,,,,,334787000000,129488000000,0.378,,126407000000,,,,,,,,,,,,true,false,12,2023-04-01,2024-03-31,-1
2024-10-28,65080,2024-03-31,2,,,,,,,,,,,,,,,,,,,,,,,,,,,,,75.00,,,,45527540,160777,,false,false,12,2023-04-01,2024-03-31,-1
2024-10-28,65080,2025-03-31,2,,,,,,,,,,,,,,,,,,,,,,,,,,,,,35.00,,,,,,,false,false,12,2024-04-01,2025-03-31,0
2024-10-28,65080,2025-03-31,2,,,,,,,,,,,,,,,,,,,,,,,,,,,,,,,,,45527540,161672,45366364,false,false,6,2024-04-01,2024-09-30,0
2024-10-28,65080,2024-03-31,2,,,,,,,,,,,,,,,,,,,,,,,,,,,,,,,,,,,45367929,false,false,6,2023-04-01,2023-09-30,-1
2025-01-31,65080,2025-03-31,3,191083000000,0.039,,,,,5990000000,,6722000000,,,5931000000,,130.75,,,,,,334947000000,131628000000,0.383,,128302000000,,,,,,,,,,,,true,false,9,2024-04-01,2024-12-31,0
2025-01-31,65080,2024-03-31,3,183918000000,0.082,,,,,-79000000,,424000000,,,1641000000,,36.19,,,,,,,,,,,,,,,,,,,,,,true,false,9,2023-04-01,2023-12-31,-1
2025-01-31,65080,2025-03-31,3,305000000000,0.059,,,,,18500000000,0.453,18500000000,0.382,,14000000000,,308.60,,,,,,,,,,,,,,,,,,,,,,true,true,12,2024-04-01,2025-03-31,0
2025-01-31,65080,2024-03-31,3,,,,,,,,,,,,,,,,,,,,334787000000,129488000000,0.378,,126407000000,,,,,,,,,,,,true,false,12,2023-04-01,2024-03-31,-1
2025-01-31,65080,2024-03-31,3,,,,,,,,,,,,,,,,,,,,,,,,,,,,,75.00,,,,45527540,160777,,false,false,12,2023-04-01,2024-03-31,-1
2025-01-31,65080,2025-03-31,3,,,,,,,,,,,,,,,,,,,,,,,,,,,,,35.00,,,,,,,false,false,12,2024-04-01,2025-03-31,0
2025-01-31,65080,2025-03-31,3,,,,,,,,,,,,,,,,,,,,,,,,,,,,,,,,,45527540,161980,45366135,false,false,9,2024-04-01,2024-12-31,0
2025-01-31,65080,2024-03-31,3,,,,,,,,,,,,,,,,,,,,,,,,,,,,,,,,,,,45367732,false,false,9,2023-04-01,2023-12-31,-1
,65080,2025-03-31,,,,,,,,,,,,,,,,,,,,,,,,,,,,,,93.00,,,,,,,false,true,12,2024-04-01,2025-03-31,0
,65080,2025-03-31,,,,,,,,,,,,,,,,,,,,,,,,,,,,,,35.00,,,,,,,false,false,12,2024-04-01,2025-03-31,0
,65080,2024-03-31,,,,,,,,,,,,,,,,,,,,,,,,,,,,,,75.00,,,,,,,false,false,12,2023-04-01,2024-03-31,-1
2025-05-13,65080,2025-03-31,,301101000000,0.046,,,,,21512000000,0.690,21192000000,0.583,,18487000000,,407.51,,0.139,0.063,0.071,,341347000000,142212000000,0.407,3059.10,138777000000,35454000000,-9065000000,-14536000000,29091000000,,0.302,,,,,,true,false,12,2024-04-01,2025-03-31,0
2025-05-13,65080,2024-03-31,,287880000000,0.056,,,,,12731000000,0.491,13385000000,0.517,,11205000000,,247.00,,0.096,0.042,0.044,,334787000000,129488000000,0.378,2786.35,126407000000,8968000000,-7553000000,749000000,17224000000,,0.304,,,,,,true,false,12,2023-04-01,2024-03-31,-1
2025-05-13,65080,2026-03-31,,136000000000,0.132,,,,,2000000000,0.048,2000000000,0.147,,1400000000,,30.86,,,,,,,,,,,,,,,,,,,,,,true,true,6,2025-04-01,2025-09-30,1
2025-05-13,65080,2026-03-31,,335000000000,0.113,,,,,20000000000,-0.070,20000000000,-0.056,,14000000000,,308.60,,,,,,,,,,,,,,,,,,,,,,true,true,12,2025-04-01,2026-03-31,1
2025-05-13,65080,2025-03-31,,181573000000,-0.015,,,,,1288000000,2.115,5078000000,-0.016,7654000000,,0.142,168.73,,,,,,258641000000,95798000000,0.370,2111.71,95798000000,,,,,123.00,,,,45527540,162152,45365972,false,false,12,2024-04-01,2025-03-31,0
2025-05-13,65080,2024-03-31,,184329000000,0.040,,,,,413000000,-0.585,5162000000,0.024,6704000000,,0.484,147.78,,,,,,254993000000,94221000000,0.370,2076.88,94221000000,,,,,75.00,,,,45527540,160777,45367530,false,false,12,2023-04-01,2024-03-31,-1
