filing_date,code,fiscal_year_end,quarterly_period,net_sales,net_sales_change,revenue,revenue_change,operating_revenue,operating_revenue_change,operating_profit,operating_profit_change,ordinary_profit,ordinary_profit_change,net_income,net_income_of_parent,net_income_change,eps,diluted_eps,roe,roa,operating_profit_to_net_sales,operating_profit_to_revenue,total_assets,net_assets,equity_ratio,bps,owner_equity,operating_cash_flow,investing_cash_flow,financing_cash_flow,cash,dividend_per_share,payout_ratio,commemorative_dividend,extra_dividend,number_of_shares,number_of_treqsury_shares,avg_number_of_shares,is_consolidated,is_forecast,duration,period_start,period_end,period_pos
2015-07-30,65160,2016-03-31,1,20596000000,-0.155,,,,,1540000000,-0.297,1679000000,-0.249,,1171000000,,18.85,,,,,,91011000000,52740000000,0.579,849.06,52734000000,,,,,,,,,,,,true,false,3,2015-04-01,2015-06-30,0
2015-07-30,65160,2015-03-31,1,24375000000,0.688,,,,,2192000000,1.447,2237000000,0.869,,1705000000,,27.45,,,,,,,,,,,,,,,,,,,,,,true,false,3,2014-04-01,2014-06-30,-1
2015-07-30,65160,2016-03-31,1,42000000000,-0.068,,,,,3600000000,0.007,3700000000,-0.063,,2600000000,,41.86,,,,,,,,,,,,,,,,,,,,,,true,true,6,2015-04-01,2015-09-30,0
2015-07-30,65160,2016-03-31,1,86000000000,-0.063,,,,,7900000000,0.056,8000000000,-0.049,,5600000000,,90.16,,,,,,,,,,,,,,,,,,,,,,true,true,12,2015-04-01,2016-03-31,0
2015-07-30,65160,2015-03-31,1,,,,,,,,,,,,,,,,,,,,90176000000,51618000000,0.572,830.94,51612000000,,,,,,,,,,,,true,false,12,2014-04-01,2015-03-31,-1
2015-07-30,65160,2015-03-31,1,,,,,,,,,,,,,,,,,,,,,,,,,,,,,17.00,,,,64860935,2748132,,false,false,12,2014-04-01,2015-03-31,-1
2015-07-30,65160,2016-03-31,1,,,,,,,,,,,,,,,,,,,,,,,,,,,,,18.00,,,,,,,false,true,12,2015-04-01,2016-03-31,0
2015-07-30,65160,2016-03-31,1,,,,,,,,,,,,,,,,,,,,,,,,,,,,,,,,,64860935,2752010,62110607,false,false,3,2015-04-01,2015-06-30,0
2015-07-30,65160,2015-03-31,1,,,,,,,,,,,,,,,,,,,,,,,,,,,,,,,,,,,62118404,false,false,3,2014-04-01,2014-06-30,-1
2015-10-29,65160,2016-03-31,2,40410000000,-0.103,,,,,3041000000,-0.149,3141000000,-0.205,,1959000000,,31.55,,,,,,85393000000,52501000000,0.615,845.24,52494000000,,,,,,,,,,,,true,false,6,2015-04-01,2015-09-30,0
2015-10-29,65160,2015-03-31,2,45071000000,0.437,,,,,3573000000,0.688,3950000000,0.671,,2848000000,,45.85,,,,,,,,,,,,,,,,,,,,,,true,false,6,2014-04-01,2014-09-30,-1
2015-10-29,65160,2016-03-31,2,86000000000,-0.063,,,,,7900000000,0.056,8000000000,-0.049,,5600000000,,90.16,,,,,,,,,,,,,,,,,,,,,,true,true,12,2015-04-01,2016-03-31,0
2015-10-29,65160,2015-03-31,2,,,,,,,,,,,,,,,,,,,,90176000000,51618000000,0.572,830.94,51612000000,,,,,,,,,,,,true,false,12,2014-04-01,2015-03-31,-1
2015-10-29,65160,2015-03-31,2,,,,,,,,,,,,,,,,,,,,,,,,,,,,,17.00,,,,64860935,2748132,,false,false,12,2014-04-01,2015-03-31,-1
2015-10-29,65160,2016-03-31,2,,,,,,,,,,,,,,,,,,,,,,,,,,,,,9.00,,,,,,,false,false,12,2015-04-01,2016-03-31,0
2015-10-29,65160,2016-03-31,2,,,,,,,,,,,,,,,,,,,,,,,,,,,,,18.00,,,,,,,false,true,12,2015-04-01,2016-03-31,0
2015-10-29,65160,2016-03-31,2,,,,,,,,,,,,,,,,,,,,,,,,,,,,,,,,,64860935,2754081,62108874,false,false,6,2015-04-01,2015-09-30,0
2015-10-29,65160,2015-03-31,2,,,,,,,,,,,,,,,,,,,,,,,,,,,,,,,,,,,62117027,false,false,6,2014-04-01,2014-09-30,-1
2016-01-28,65160,2016-03-31,3,60108000000,-0.106,,,,,4053000000,-0.215,4232000000,-0.302,,2741000000,,44.14,,,,,,85264000000,53085000000,0.623,854.66,53079000000,,,,,,,,,,,,true,false,9,2015-04-01,2015-12-31,0
2016-01-28,65160,2015-03-31,3,67202000000,0.364,,,,,5164000000,0.447,6060000000,0.485,,4284000000,,68.98,,,,,,,,,,,,,,,,,,,,,,true,false,9,2014-04-01,2014-12-31,-1
2016-01-28,65160,2016-03-31,3,86000000000,-0.063,,,,,7900000000,0.056,8000000000,-0.049,,5600000000,,90.16,,,,,,,,,,,,,,,,,,,,,,true,true,12,2015-04-01,2016-03-31,0
2016-01-28,65160,2015-03-31,3,,,,,,,,,,,,,,,,,,,,90176000000,51618000000,0.572,830.94,51612000000,,,,,,,,,,,,true,false,12,2014-04-01,2015-03-31,-1
2016-01-28,65160,2015-03-31,3,,,,,,,,,,,,,,,,,,,,,,,,,,,,,17.00,,,,64860935,2748132,,false,false,12,2014-04-01,2015-03-31,-1
2016-01-28,65160,2016-03-31,3,,,,,,,,,,,,,,,,,,,,,,,,,,,,,9.00,,,,,,,false,false,12,2015-04-01,2016-03-31,0
2016-01-28,65160,2016-03-31,3,,,,,,,,,,,,,,,,,,,,,,,,,,,,,18.00,,,,,,,false,true,12,2015-04-01,2016-03-31,0
2016-01-28,65160,2016-03-31,3,,,,,,,,,,,,,,,,,,,,,,,,,,,,,,,,,64860935,2755257,62108010,false,false,9,2015-04-01,2015-12-31,0
2016-01-28,65160,2015-03-31,3,,,,,,,,,,,,,,,,,,,,,,,,,,,,,,,,,,,62115890,false,false,9,2014-04-01,2014-12-31,-1
2016-04-26,65160,2016-03-31,,80282000000,-0.066,,,,,5342000000,-0.324,5387000000,-0.327,,3685000000,,59.34,,,,,,,,,,,,,,,,,,,,,,true,true,12,2015-04-01,2016-03-31,0
2016-04-26,65160,2015-03-31,,91745000000,,,,,,7478000000,,8409000000,,,5720000000,,92.09,,,,,,,,,,,,,,,,,,,,,,true,false,12,2014-04-01,2015-03-31,-1
2016-04-26,65160,2016-03-31,,60301000000,-0.140,,,,,,,3516000000,-0.414,2272000000,,-0.459,36.60,,,,,,,,,,,,,,,,,,,,,,false,true,12,2015-04-01,2016-03-31,0
2016-04-26,65160,2015-03-31,,68102000000,,,,,,,,5898000000,,3948000000,,,63.57,,,,,,,,,,,,,,,,,,,,,,false,false,12,2014-04-01,2015-03-31,-1
2016-04-27,65160,2016-03-31,,80282000000,-0.125,,,,,5342000000,-0.286,5387000000,-0.359,,3685000000,,59.34,,0.071,0.062,0.067,,84945000000,52099000000,0.613,838.80,52092000000,4863000000,-2057000000,-2708000000,12743000000,,0.303,,,,,,true,false,12,2015-04-01,2016-03-31,0
2016-04-27,65160,2015-03-31,,91745000000,0.356,,,,,7478000000,0.551,8409000000,0.566,,5720000000,,92.09,,0.117,0.100,0.082,,90176000000,51618000000,0.572,830.94,51612000000,5801000000,-3587000000,-3352000000,13151000000,,0.185,,,,,,true,false,12,2014-04-01,2015-03-31,-1
2016-04-27,65160,2017-03-31,,39300000000,-0.027,,,,,2900000000,-0.047,2900000000,-0.077,,2000000000,,32.20,,,,,,,,,,,,,,,,,,,,,,true,true,6,2016-04-01,2016-09-30,1
2016-04-27,65160,2017-03-31,,82300000000,0.025,,,,,6700000000,0.254,6700000000,0.244,,4600000000,,74.07,,,,,,,,,,,,,,,,0.243,,,,,,true,true,12,2016-04-01,2017-03-31,1
2016-04-27,65160,2016-03-31,,60301000000,-0.115,,,,,2851000000,-0.426,3516000000,-0.404,2272000000,,-0.424,36.60,,,,,,60430000000,39117000000,0.647,629.87,39117000000,,,,,18.00,,,,64860935,2757424,62107090,false,false,12,2015-04-01,2016-03-31,0
2016-04-27,65160,2015-03-31,,68102000000,0.245,,,,,4969000000,0.689,5898000000,0.680,3948000000,,0.658,63.57,,,,,,65805000000,38076000000,0.579,613.02,38076000000,,,,,17.00,,,,64860935,2748132,62115156,false,false,12,2014-04-01,2015-03-31,-1
2016-04-27,65160,2017-03-31,,30400000000,-0.017,,,,,,,2100000000,-0.157,1500000000,,-0.205,24.15,,,,,,,,,,,,,,,,,,,,,,false,true,6,2016-04-01,2016-09-30,1
2016-04-27,65160,2017-03-31,,64000000000,0.061,,,,,,,4500000000,0.280,3200000000,,0.408,51.53,,,,,,,,,,,,,,,18.00,,,,,,,false,true,12,2016-04-01,2017-03-31,1
2016-07-27,65160,2017-03-31,1,17895000000,-0.131,,,,,1043000000,-0.323,774000000,-0.539,,556000000,,9.06,,,,,,85061000000,50738000000,0.596,829.69,50732000000,,,,,,,,,,,,true,false,3,2016-04-01,2016-06-30,0
2016-07-27,65160,2016-03-31,1,20596000000,-0.155,,,,,1540000000,-0.297,1679000000,-0.249,,1171000000,,18.85,,,,,,,,,,,,,,,,,,,,,,true,false,3,2015-04-01,2015-06-30,-1
2016-07-27,65160,2017-03-31,1,39300000000,-0.027,,,,,2900000000,-0.047,2900000000,-0.077,,2000000000,,32.71,,,,,,,,,,,,,,,,,,,,,,true,true,6,2016-04-01,2016-09-30,0
2016-07-27,65160,2017-03-31,1,82300000000,0.025,,,,,6700000000,0.254,6700000000,0.244,,4600000000,,75.23,,,,,,,,,,,,,,,,,,,,,,true,true,12,2016-04-01,2017-03-31,0
2016-07-27,65160,2016-03-31,1,,,,,,,,,,,,,,,,,,,,84945000000,52099000000,0.613,838.80,52092000000,,,,,,,,,,,,true,false,12,2015-04-01,2016-03-31,-1
2016-07-27,65160,2016-03-31,1,,,,,,,,,,,,,,,,,,,,,,,,,,,,,18.00,,,,64860935,2757424,,false,false,12,2015-04-01,2016-03-31,-1
2016-07-27,65160,2017-03-31,1,,,,,,,,,,,,,,,,,,,,,,,,,,,,,18.00,,,,,,,false,true,12,2016-04-01,2017-03-31,0
2016-07-27,65160,2017-03-31,1,,,,,,,,,,,,,,,,,,,,,,,,,,,,,,,,,64860935,3714634,61465371,false,false,3,2016-04-01,2016-06-30,0
2016-07-27,65160,2016-03-31,1,,,,,,,,,,,,,,,,,,,,,,,,,,,,,,,,,,,62110607,false,false,3,2015-04-01,2015-06-30,-1
2016-10-26,65160,2017-03-31,,35818000000,-0.089,,,,,2329000000,-0.197,1960000000,-0.324,,1395000000,,22.76,,,,,,,,,,,,,,,,,,,,,,true,true,6,2016-04-01,2016-09-30,0
2016-10-26,65160,2016-03-31,,40410000000,,,,,,3041000000,,3141000000,,,1959000000,,31.55,,,,,,,,,,,,,,,,,,,,,,true,false,6,2015-04-01,2015-09-30,-1
2016-10-26,65160,2017-03-31,,28389000000,-0.066,,,,,,,1393000000,-0.336,1154000000,,-0.231,18.83,,,,,,,,,,,,,,,,,,,,,,false,true,6,2016-04-01,2016-09-30,0
2016-10-28,65160,2017-03-31,2,35818000000,-0.114,,,,,2329000000,-0.234,1960000000,-0.376,,1395000000,,22.76,,,,,,81682000000,51892000000,0.635,848.59,51886000000,,,,,,,,,,,,true,false,6,2016-04-01,2016-09-30,0
2016-10-28,65160,2016-03-31,2,40410000000,-0.103,,,,,3041000000,-0.149,3141000000,-0.205,,1959000000,,31.55,,,,,,,,,,,,,,,,,,,,,,true,false,6,2015-04-01,2015-09-30,-1
2016-10-28,65160,2017-03-31,2,82300000000,0.025,,,,,6700000000,0.254,6700000000,0.244,,4600000000,,75.23,,,,,,,,,,,,,,,,,,,,,,true,true,12,2016-04-01,2017-03-31,0
2016-10-28,65160,2016-03-31,2,,,,,,,,,,,,,,,,,,,,84945000000,52099000000,0.613,838.80,52092000000,,,,,,,,,,,,true,false,12,2015-04-01,2016-03-31,-1
2016-10-28,65160,2016-03-31,2,,,,,,,,,,,,,,,,,,,,,,,,,,,,,18.00,,,,64860935,2757424,,false,false,12,2015-04-01,2016-03-31,-1
2016-10-28,65160,2017-03-31,2,,,,,,,,,,,,,,,,,,,,,,,,,,,,,9.00,,,,,,,false,false,12,2016-04-01,2017-03-31,0
2016-10-28,65160,2017-03-31,2,,,,,,,,,,,,,,,,,,,,,,,,,,,,,18.00,,,,,,,false,true,12,2016-04-01,2017-03-31,0
2016-10-28,65160,2017-03-31,2,,,,,,,,,,,,,,,,,,,,,,,,,,,,,,,,,64860935,3715869,61305583,false,false,6,2016-04-01,2016-09-30,0
2016-10-28,65160,2016-03-31,2,,,,,,,,,,,,,,,,,,,,,,,,,,,,,,,,,,,62108874,false,false,6,2015-04-01,2015-09-30,-1
2017-01-30,65160,2017-03-31,3,54093000000,-0.100,,,,,3127000000,-0.228,3423000000,-0.191,,2503000000,,40.87,,,,,,87287000000,54589000000,0.625,892.71,54582000000,,,,,,,,,,,,true,false,9,2016-04-01,2016-12-31,0
2017-01-30,65160,2016-03-31,3,60108000000,-0.106,,,,,4053000000,-0.215,4232000000,-0.302,,2741000000,,44.14,,,,,,,,,,,,,,,,,,,,,,true,false,9,2015-04-01,2015-12-31,-1
2017-01-30,65160,2017-03-31,3,82300000000,0.025,,,,,6700000000,0.254,6700000000,0.244,,4600000000,,75.23,,,,,,,,,,,,,,,,,,,,,,true,true,12,2016-04-01,2017-03-31,0
2017-01-30,65160,2016-03-31,3,,,,,,,,,,,,,,,,,,,,84945000000,52099000000,0.613,838.80,52092000000,,,,,,,,,,,,true,false,12,2015-04-01,2016-03-31,-1
2017-01-30,65160,2016-03-31,3,,,,,,,,,,,,,,,,,,,,,,,,,,,,,18.00,,,,64860935,2757424,,false,false,12,2015-04-01,2016-03-31,-1
2017-01-30,65160,2017-03-31,3,,,,,,,,,,,,,,,,,,,,,,,,,,,,,9.00,,,,,,,false,false,12,2016-04-01,2017-03-31,0
2017-01-30,65160,2017-03-31,3,,,,,,,,,,,,,,,,,,,,,,,,,,,,,18.00,,,,,,,false,true,12,2016-04-01,2017-03-31,0
2017-01-30,65160,2017-03-31,3,,,,,,,,,,,,,,,,,,,,,,,,,,,,,,,,,64860935,3718527,61251527,false,false,9,2016-04-01,2016-12-31,0
2017-01-30,65160,2016-03-31,3,,,,,,,,,,,,,,,,,,,,,,,,,,,,,,,,,,,62108010,false,false,9,2015-04-01,2015-12-31,-1
2017-04-27,65160,2017-03-31,,74798000000,-0.068,,,,,5390000000,0.009,5504000000,0.022,,4066000000,,66.41,,0.075,0.063,0.072,,89487000000,56275000000,0.629,920.34,56269000000,5588000000,-1924000000,-2544000000,13766000000,,0.271,,,,,,true,false,12,2016-04-01,2017-03-31,0
2017-04-27,65160,2016-03-31,,80282000000,-0.125,,,,,5342000000,-0.286,5387000000,-0.359,,3685000000,,59.34,,0.071,0.062,0.067,,84945000000,52099000000,0.613,838.80,52092000000,4863000000,-2057000000,-2708000000,12743000000,,0.303,,,,,,true,false,12,2015-04-01,2016-03-31,-1
2017-04-27,65160,2017-03-31,,60702000000,0.007,,,,,3061000000,0.074,3874000000,0.102,2955000000,,0.300,48.27,,,,,,67058000000,41904000000,0.625,685.38,41904000000,,,,,18.00,,,,64860935,3720831,61223839,false,false,12,2016-04-01,2017-03-31,0
2017-04-27,65160,2016-03-31,,60301000000,-0.115,,,,,2851000000,-0.426,3516000000,-0.404,2272000000,,-0.424,36.60,,,,,,60430000000,39117000000,0.647,629.87,39117000000,,,,,18.00,,,,64860935,2757424,62107090,false,false,12,2015-04-01,2016-03-31,-1
2017-04-27,65160,2018-03-31,,,,,,,,3100000000,,,,,2400000000,,39.25,,,,,,,,,,,,,,,,,,,,,,true,true,6,2017-04-01,2017-09-30,1
2017-04-27,65160,2018-03-31,,,,,,,,6500000000,,,,,4900000000,,80.14,,,,,,,,,,,,,,,,0.225,,,,,,true,true,12,2017-04-01,2018-03-31,1
2017-04-27,65160,2018-03-31,,,,,,,,,,,,,,,,,,,,,,,,,,,,,,18.00,,,,,,,false,true,12,2017-04-01,2018-03-31,1
,65160,2018-03-31,,,,,,,,,,,,,,,,,,,,,,,,,,,,,,45.00,,,,,,,false,true,12,2017-04-01,2018-03-31,0
,65160,2017-03-31,,,,,,,,,,,,,,,,,,,,,,,,,,,,,,18.00,,,,,,,false,false,12,2016-04-01,2017-03-31,-1
2017-08-02,65160,2018-03-31,1,,,,,,,1793000000,0.708,,,,1473000000,,24.10,,,,,,96436000000,,,,,,,,,,,,,,,,true,false,3,2017-04-01,2017-06-30,0
2017-08-02,65160,2017-03-31,1,,,,,,,1050000000,,,,,568000000,,9.24,,,,,,,,,,,,,,,,,,,,,,true,false,3,2016-04-01,2016-06-30,-1
2017-08-02,65160,2018-03-31,1,,,,,,,3100000000,,,,,2400000000,,39.25,,,,,,,,,,,,,,,,,,,,,,true,true,6,2017-04-01,2017-09-30,0
2017-08-02,65160,2018-03-31,1,,,,,,,6500000000,0.200,,,,4900000000,,400.72,,,,,,,,,,,,,,,,,,,,,,true,true,12,2017-04-01,2018-03-31,0
2017-08-02,65160,2017-03-31,1,,,,,,,,,,,,,,,,,,,,93156000000,,,,,,,,,,,,,,,,true,false,12,2016-04-01,2017-03-31,-1
2017-08-02,65160,2017-03-31,1,,,,,,,,,,,,,,,,,,,,,,,,,,,,,18.00,,,,64860935,3720831,,false,false,12,2016-04-01,2017-03-31,-1
2017-08-02,65160,2018-03-31,1,,,,,,,,,,,,,,,,,,,,,,,,,,,,,45.00,,,,,,,false,true,12,2017-04-01,2018-03-31,0
2017-08-02,65160,2018-03-31,1,,,,,,,,,,,,,,,,,,,,,,,,,,,,,,,,,64860935,3724586,61137853,false,false,3,2017-04-01,2017-06-30,0
2017-08-02,65160,2017-03-31,1,,,,,,,,,,,,,,,,,,,,,,,,,,,,,,,,,,,61465371,false,false,3,2016-04-01,2016-06-30,-1
2017-10-30,65160,2018-03-31,,,,,,,,3873000000,0.249,,,,2900000000,,237.19,,,,,,,,,,,,,,,,,,,,,,true,true,6,2017-04-01,2017-09-30,0
2017-10-30,65160,2017-03-31,,,,,,,,2403000000,,,,,1372000000,,111.95,,,,,,,,,,,,,,,,,,,,,,true,false,6,2016-04-01,2016-09-30,-1
2017-10-30,65160,2018-03-31,,,,,,,,8500000000,0.308,,,,6100000000,,498.91,,,,,,,,,,,,,,,,,,,,,,true,true,12,2017-04-01,2018-03-31,0
2017-10-30,65160,2017-03-31,,,,,,,,5414000000,,,,,4031000000,,329.25,,,,,,,,,,,,,,,,,,,,,,true,false,12,2016-04-01,2017-03-31,-1
2017-10-31,65160,2018-03-31,2,,,,,,,3873000000,0.611,,,,2900000000,,237.19,,,,,,101316000000,,,,,,,,,,,,,,,,true,false,6,2017-04-01,2017-09-30,0
2017-10-31,65160,2017-03-31,2,,,,,,,2403000000,,,,,1372000000,,111.95,,,,,,,,,,,,,,,,,,,,,,true,false,6,2016-04-01,2016-09-30,-1
2017-10-31,65160,2018-03-31,2,,,,,,,8500000000,0.570,,,,6100000000,,498.91,,,,,,,,,,,,,,,,,,,,,,true,true,12,2017-04-01,2018-03-31,0
2017-10-31,65160,2017-03-31,2,,,,,,,,,,,,,,,,,,,,93156000000,,,,,,,,,,,,,,,,true,false,12,2016-04-01,2017-03-31,-1
2017-10-31,65160,2017-03-31,2,,,,,,,,,,,,,,,,,,,,,,,,,,,,,18.00,,,,12972187,744166,,false,false,12,2016-04-01,2017-03-31,-1
2017-10-31,65160,2018-03-31,2,,,,,,,,,,,,,,,,,,,,,,,,,,,,,10.00,,,,,,,false,false,12,2017-04-01,2018-03-31,0
2017-10-31,65160,2018-03-31,2,,,,,,,,,,,,,,,,,,,,,,,,,,,,,50.00,,,,,,,false,true,12,2017-04-01,2018-03-31,0
2017-10-31,65160,2018-03-31,2,,,,,,,,,,,,,,,,,,,,,,,,,,,,,,,,,12972187,745842,12227110,false,false,6,2017-04-01,2017-09-30,0
2017-10-31,65160,2017-03-31,2,,,,,,,,,,,,,,,,,,,,,,,,,,,,,,,,,,,12261117,false,false,6,2016-04-01,2016-09-30,-1
2018-01-31,65160,2018-03-31,3,,,,,,,5959000000,0.813,,,,4444000000,,364.34,,,,,,105165000000,,,,,,,,,,,,,,,,true,false,9,2017-04-01,2017-12-31,0
2018-01-31,65160,2017-03-31,3,,,,,,,3286000000,,,,,2317000000,,189.18,,,,,,,,,,,,,,,,,,,,,,true,false,9,2016-04-01,2016-12-31,-1
2018-01-31,65160,2018-03-31,3,,,,,,,8500000000,0.570,,,,6100000000,,498.91,,,,,,,,,,,,,,,,,,,,,,true,true,12,2017-04-01,2018-03-31,0
2018-01-31,65160,2017-03-31,3,,,,,,,,,,,,,,,,,,,,93156000000,,,,,,,,,,,,,,,,true,false,12,2016-04-01,2017-03-31,-1
2018-01-31,65160,2017-03-31,3,,,,,,,,,,,,,,,,,,,,,,,,,,,,,18.00,,,,12972187,744166,,false,false,12,2016-04-01,2017-03-31,-1
2018-01-31,65160,2018-03-31,3,,,,,,,,,,,,,,,,,,,,,,,,,,,,,10.00,,,,,,,false,false,12,2017-04-01,2018-03-31,0
2018-01-31,65160,2018-03-31,3,,,,,,,,,,,,,,,,,,,,,,,,,,,,,50.00,,,,,,,false,true,12,2017-04-01,2018-03-31,0
2018-01-31,65160,2018-03-31,3,,,,,,,,,,,,,,,,,,,,,,,,,,,,,,,,,12972187,866212,12200129,false,false,9,2017-04-01,2017-12-31,0
2018-01-31,65160,2017-03-31,3,,,,,,,,,,,,,,,,,,,,,,,,,,,,,,,,,,,12250305,false,false,9,2016-04-01,2016-12-31,-1
2018-04-26,65160,2018-03-31,,75257000000,0.240,,,,,5996000000,0.959,6401000000,0.652,4964000000,,0.680,407.75,,,,,,80265000000,45186000000,0.563,3732.74,45186000000,,,,,55.00,,,,12972187,866678,12176519,false,false,12,2017-04-01,2018-03-31,0
2018-04-26,65160,2017-03-31,,60702000000,0.007,,,,,3061000000,0.074,3874000000,0.102,2955000000,,0.300,241.35,,,,,,67058000000,41904000000,0.625,3426.89,41904000000,,,,,18.00,,,,12972187,744166,12244768,false,false,12,2016-04-01,2017-03-31,-1
2018-04-26,65160,2018-03-31,,,,,,,,8784000000,0.622,,,,6415000000,,526.89,,,,0.098,,107631000000,,,,,5797000000,-6770000000,422000000,,,0.199,,,,,,true,false,12,2017-04-01,2018-03-31,0
2018-04-26,65160,2017-03-31,,,,,,,,5414000000,-0.003,,,,4031000000,,329.25,,,,0.072,,93156000000,,,,,6571000000,-2825000000,-2626000000,,,0.273,,,,,,true,false,12,2016-04-01,2017-03-31,-1
2018-04-26,65160,2019-03-31,,,,,,,,5400000000,0.394,,,,3900000000,,322.17,,,,,,,,,,,,,,,,,,,,,,true,true,6,2018-04-01,2018-09-30,1
2018-04-26,65160,2019-03-31,,,,,,,,11000000000,0.252,,,,7800000000,,644.33,,,,,,,,,,,,,,,,0.171,,,,,,true,true,12,2018-04-01,2019-03-31,1
2018-04-26,65160,2019-03-31,,,,,,,,,,,,,,,,,,,,,,,,,,,,,,110.00,,,,,,,false,true,12,2018-04-01,2019-03-31,1
2018-07-27,65160,2019-03-31,1,,,,,,,2602000000,0.451,,,,2161000000,,178.55,,,,,,109390000000,,,,,,,,,,,,,,,,true,false,3,2018-04-01,2018-06-30,0
2018-07-27,65160,2018-03-31,1,,,,,,,1793000000,0.708,,,,1473000000,,120.52,,,,,,,,,,,,,,,,,,,,,,true,false,3,2017-04-01,2017-06-30,-1
2018-07-27,65160,2019-03-31,1,,,,,,,5400000000,0.394,,,,3900000000,,322.17,,,,,,,,,,,,,,,,,,,,,,true,true,6,2018-04-01,2018-09-30,0
2018-07-27,65160,2019-03-31,1,,,,,,,11000000000,0.252,,,,7800000000,,644.33,,,,,,,,,,,,,,,,,,,,,,true,true,12,2018-04-01,2019-03-31,0
2018-07-27,65160,2018-03-31,1,,,,,,,,,,,,,,,,,,,,107631000000,,,,,,,,,,,,,,,,true,false,12,2017-04-01,2018-03-31,-1
2018-07-27,65160,2018-03-31,1,,,,,,,,,,,,,,,,,,,,,,,,,,,,,55.00,,,,12972187,866678,,false,false,12,2017-04-01,2018-03-31,-1
2018-07-27,65160,2019-03-31,1,,,,,,,,,,,,,,,,,,,,,,,,,,,,,110.00,,,,,,,false,true,12,2018-04-01,2019-03-31,0
2018-07-27,65160,2019-03-31,1,,,,,,,,,,,,,,,,,,,,,,,,,,,,,,,,,12972187,866913,12105339,false,false,3,2018-04-01,2018-06-30,0
2018-07-27,65160,2018-03-31,1,,,,,,,,,,,,,,,,,,,,,,,,,,,,,,,,,,,12227571,false,false,3,2017-04-01,2017-06-30,-1
2018-10-30,65160,2019-03-31,,,,,,,,4706000000,-0.128,,,,3792000000,,313.27,,,,,,,,,,,,,,,,,,,,,,true,true,6,2018-04-01,2018-09-30,0
2018-10-30,65160,2018-03-31,,,,,,,,3873000000,,,,,2900000000,,237.19,,,,,,,,,,,,,,,,,,,,,,true,false,6,2017-04-01,2017-09-30,-1
2018-10-30,65160,2019-03-31,,,,,,,,9400000000,-0.145,,,,7100000000,,586.52,,,,,,,,,,,,,,,,,,,,,,true,true,12,2018-04-01,2019-03-31,0
2018-10-30,65160,2018-03-31,,,,,,,,8784000000,,,,,6415000000,,526.89,,,,,,,,,,,,,,,,,,,,,,true,false,12,2017-04-01,2018-03-31,-1
2018-10-31,65160,2019-03-31,2,,,,,,,4706000000,0.215,,,,3792000000,,313.27,,,,,,111382000000,,,,,,,,,,,,,,,,true,false,6,2018-04-01,2018-09-30,0
2018-10-31,65160,2018-03-31,2,,,,,,,3873000000,0.611,,,,2900000000,,237.19,,,,,,,,,,,,,,,,,,,,,,true,false,6,2017-04-01,2017-09-30,-1
2018-10-31,65160,2019-03-31,2,,,,,,,9400000000,0.070,,,,7100000000,,586.52,,,,,,,,,,,,,,,,,,,,,,true,true,12,2018-04-01,2019-03-31,0
2018-10-31,65160,2018-03-31,2,,,,,,,,,,,,,,,,,,,,107631000000,,,,,,,,,,,,,,,,true,false,12,2017-04-01,2018-03-31,-1
2018-10-31,65160,2018-03-31,2,,,,,,,,,,,,,,,,,,,,,,,,,,,,,55.00,,,,12972187,866678,,false,false,12,2017-04-01,2018-03-31,-1
2018-10-31,65160,2019-03-31,2,,,,,,,,,,,,,,,,,,,,,,,,,,,,,55.00,,,,,,,false,false,12,2018-04-01,2019-03-31,0
2018-10-31,65160,2019-03-31,2,,,,,,,,,,,,,,,,,,,,,,,,,,,,,110.00,,,,,,,false,true,12,2018-04-01,2019-03-31,0
2018-10-31,65160,2019-03-31,2,,,,,,,,,,,,,,,,,,,,,,,,,,,,,,,,,12972187,867045,12105249,false,false,6,2018-04-01,2018-09-30,0
2018-10-31,65160,2018-03-31,2,,,,,,,,,,,,,,,,,,,,,,,,,,,,,,,,,,,12227110,false,false,6,2017-04-01,2017-09-30,-1
2019-01-31,65160,2019-03-31,3,,,,,,,6110000000,0.025,,,,4702000000,,388.45,,,,,,108750000000,,,,,,,,,,,,,,,,true,false,9,2018-04-01,2018-12-31,0
2019-01-31,65160,2018-03-31,3,,,,,,,5959000000,0.813,,,,4444000000,,364.34,,,,,,,,,,,,,,,,,,,,,,true,false,9,2017-04-01,2017-12-31,-1
2019-01-31,65160,2019-03-31,3,,,,,,,9400000000,0.070,,,,7100000000,,586.52,,,,,,,,,,,,,,,,,,,,,,true,true,12,2018-04-01,2019-03-31,0
2019-01-31,65160,2018-03-31,3,,,,,,,,,,,,,,,,,,,,107631000000,,,,,,,,,,,,,,,,true,false,12,2017-04-01,2018-03-31,-1
2019-01-31,65160,2018-03-31,3,,,,,,,,,,,,,,,,,,,,,,,,,,,,,55.00,,,,12972187,866678,,false,false,12,2017-04-01,2018-03-31,-1
2019-01-31,65160,2019-03-31,3,,,,,,,,,,,,,,,,,,,,,,,,,,,,,55.00,,,,,,,false,false,12,2018-04-01,2019-03-31,0
2019-01-31,65160,2019-03-31,3,,,,,,,,,,,,,,,,,,,,,,,,,,,,,110.00,,,,,,,false,true,12,2018-04-01,2019-03-31,0
2019-01-31,65160,2019-03-31,3,,,,,,,,,,,,,,,,,,,,,,,,,,,,,,,,,12972187,867121,12105188,false,false,9,2018-04-01,2018-12-31,0
2019-01-31,65160,2018-03-31,3,,,,,,,,,,,,,,,,,,,,,,,,,,,,,,,,,,,12200129,false,false,9,2017-04-01,2017-12-31,-1
2019-04-23,65160,2019-03-31,,,,,,,,6590000000,-0.299,,,,4983000000,,411.66,,,,,,,,,,,,,,,,,,,,,,true,true,12,2018-04-01,2019-03-31,0
2019-04-23,65160,2018-03-31,,,,,,,,8784000000,,,,,6415000000,,526.89,,,,,,,,,,,,,,,,,,,,,,true,false,12,2017-04-01,2018-03-31,-1
2019-04-25,65160,2019-03-31,,70261000000,-0.066,,,,,3499000000,-0.416,4657000000,-0.272,3492000000,,-0.297,288.54,,,,,,75690000000,46424000000,0.613,3835.15,46424000000,,,,,110.00,,,,12972187,867181,12105149,false,false,12,2018-04-01,2019-03-31,0
2019-04-25,65160,2018-03-31,,75257000000,0.240,,,,,5996000000,0.959,6401000000,0.652,4964000000,,0.680,407.75,,,,,,79642000000,45186000000,0.567,3732.74,45186000000,,,,,55.00,,,,12972187,866678,12176519,false,false,12,2017-04-01,2018-03-31,-1
2019-04-25,65160,2019-03-31,,,,,,,,6590000000,-0.250,,,,4983000000,,411.66,,,,,,106304000000,,,,,3058000000,-8164000000,3682000000,,,0.267,,,,,,true,false,12,2018-04-01,2019-03-31,0
2019-04-25,65160,2018-03-31,,,,,,,,8784000000,0.622,,,,6415000000,,526.89,,,,,,107631000000,,,,,5797000000,-6770000000,422000000,,,0.199,,,,,,true,false,12,2017-04-01,2018-03-31,-1
2019-04-25,65160,2020-03-31,,,,,,,,3200000000,-0.320,,,,2300000000,,190.00,,,,,,,,,,,,,,,,,,,,,,true,true,6,2019-04-01,2019-09-30,1
2019-04-25,65160,2020-03-31,,,,,,,,7300000000,0.108,,,,5200000000,,429.57,,,,,,,,,,,,,,,,0.268,,,,,,true,true,12,2019-04-01,2020-03-31,1
2019-04-25,65160,2020-03-31,,,,,,,,,,,,,,,,,,,,,,,,,,,,,,115.00,,,,,,,false,true,12,2019-04-01,2020-03-31,1
2019-07-25,65160,2020-03-31,,,,,,,,700000000,-0.781,,,,500000000,,41.31,,,,,,,,,,,,,,,,,,,,,,true,true,6,2019-04-01,2019-09-30,0
2019-07-25,65160,2019-03-31,,,,,,,,4706000000,,,,,3792000000,,313.27,,,,,,,,,,,,,,,,,,,,,,true,false,6,2018-04-01,2018-09-30,-1
2019-07-25,65160,2020-03-31,,,,,,,,4800000000,-0.342,,,,3400000000,,280.88,,,,,,,,,,,,,,,,,,,,,,true,true,12,2019-04-01,2020-03-31,0
2019-07-25,65160,2019-03-31,,,,,,,,6590000000,,,,,4983000000,,411.66,,,,,,,,,,,,,,,,,,,,,,true,false,12,2018-04-01,2019-03-31,-1
2019-07-26,65160,2020-03-31,1,,,,,,,40000000,-0.984,,,,-169000000,,-13.97,,,,,,105983000000,,,,,,,,,,,,,,,,true,false,3,2019-04-01,2019-06-30,0
2019-07-26,65160,2019-03-31,1,,,,,,,2602000000,0.451,,,,2161000000,,178.55,,,,,,,,,,,,,,,,,,,,,,true,false,3,2018-04-01,2018-06-30,-1
2019-07-26,65160,2020-03-31,1,,,,,,,700000000,-0.851,,,,500000000,,41.31,,,,,,,,,,,,,,,,,,,,,,true,true,6,2019-04-01,2019-09-30,0
2019-07-26,65160,2020-03-31,1,,,,,,,4800000000,-0.272,,,,3400000000,,280.88,,,,,,,,,,,,,,,,,,,,,,true,true,12,2019-04-01,2020-03-31,0
2019-07-26,65160,2019-03-31,1,,,,,,,,,,,,,,,,,,,,106304000000,,,,,,,,,,,,,,,,true,false,12,2018-04-01,2019-03-31,-1
2019-07-26,65160,2019-03-31,1,,,,,,,,,,,,,,,,,,,,,,,,,,,,,110.00,,,,12972187,867181,,false,false,12,2018-04-01,2019-03-31,-1
2019-07-26,65160,2020-03-31,1,,,,,,,,,,,,,,,,,,,,,,,,,,,,,115.00,,,,,,,false,true,12,2019-04-01,2020-03-31,0
2019-07-26,65160,2020-03-31,1,,,,,,,,,,,,,,,,,,,,,,,,,,,,,,,,,12972187,867386,12104845,false,false,3,2019-04-01,2019-06-30,0
2019-07-26,65160,2019-03-31,1,,,,,,,,,,,,,,,,,,,,,,,,,,,,,,,,,,,12105339,false,false,3,2018-04-01,2018-06-30,-1
2019-10-30,65160,2020-03-31,,,,,,,,-139000000,,,,,-491000000,,-40.62,,,,,,,,,,,,,,,,,,,,,,true,true,6,2019-04-01,2019-09-30,0
2019-10-30,65160,2019-03-31,,,,,,,,4706000000,,,,,3792000000,,313.27,,,,,,,,,,,,,,,,,,,,,,true,false,6,2018-04-01,2018-09-30,-1
2019-10-30,65160,2020-03-31,,,,,,,,1800000000,-0.625,,,,1300000000,,107.40,,,,,,,,,,,,,,,,,,,,,,true,true,12,2019-04-01,2020-03-31,0
2019-10-30,65160,2019-03-31,,,,,,,,6590000000,,,,,4983000000,,411.66,,,,,,,,,,,,,,,,,,,,,,true,false,12,2018-04-01,2019-03-31,-1
,65160,2020-03-31,,,,,,,,,,,,,,,,,,,,,,,,,,,,,,100.00,,,,,,,false,true,12,2019-04-01,2020-03-31,0
,65160,2020-03-31,,,,,,,,,,,,,,,,,,,,,,,,,,,,,,50.00,,,,,,,false,false,12,2019-04-01,2020-03-31,0
,65160,2019-03-31,,,,,,,,,,,,,,,,,,,,,,,,,,,,,,110.00,,,,,,,false,false,12,2018-04-01,2019-03-31,-1
2019-10-31,65160,2020-03-31,2,,,,,,,-139000000,,,,,-491000000,,-40.62,,,,,,105045000000,,,,,,,,,,,,,,,,true,false,6,2019-04-01,2019-09-30,0
2019-10-31,65160,2019-03-31,2,,,,,,,4706000000,0.215,,,,3792000000,,313.27,,,,,,,,,,,,,,,,,,,,,,true,false,6,2018-04-01,2018-09-30,-1
2019-10-31,65160,2020-03-31,2,,,,,,,1800000000,-0.727,,,,1300000000,,107.40,,,,,,,,,,,,,,,,,,,,,,true,true,12,2019-04-01,2020-03-31,0
2019-10-31,65160,2019-03-31,2,,,,,,,,,,,,,,,,,,,,106304000000,,,,,,,,,,,,,,,,true,false,12,2018-04-01,2019-03-31,-1
2019-10-31,65160,2019-03-31,2,,,,,,,,,,,,,,,,,,,,,,,,,,,,,110.00,,,,12972187,867181,,false,false,12,2018-04-01,2019-03-31,-1
2019-10-31,65160,2020-03-31,2,,,,,,,,,,,,,,,,,,,,,,,,,,,,,50.00,,,,,,,false,false,12,2019-04-01,2020-03-31,0
2019-10-31,65160,2020-03-31,2,,,,,,,,,,,,,,,,,,,,,,,,,,,,,100.00,,,,,,,false,true,12,2019-04-01,2020-03-31,0
2019-10-31,65160,2020-03-31,2,,,,,,,,,,,,,,,,,,,,,,,,,,,,,,,,,12972187,867474,12104793,false,false,6,2019-04-01,2019-09-30,0
2019-10-31,65160,2019-03-31,2,,,,,,,,,,,,,,,,,,,,,,,,,,,,,,,,,,,12105249,false,false,6,2018-04-01,2018-09-30,-1
2020-01-30,65160,2020-03-31,3,,,,,,,379000000,-0.938,,,,17000000,,1.41,,,,,,106774000000,,,,,,,,,,,,,,,,true,false,9,2019-04-01,2019-12-31,0
2020-01-30,65160,2019-03-31,3,,,,,,,6110000000,0.025,,,,4702000000,,388.45,,,,,,,,,,,,,,,,,,,,,,true,false,9,2018-04-01,2018-12-31,-1
2020-01-30,65160,2020-03-31,3,,,,,,,1800000000,-0.727,,,,1300000000,,107.40,,,,,,,,,,,,,,,,,,,,,,true,true,12,2019-04-01,2020-03-31,0
2020-01-30,65160,2019-03-31,3,,,,,,,,,,,,,,,,,,,,106304000000,,,,,,,,,,,,,,,,true,false,12,2018-04-01,2019-03-31,-1
2020-01-30,65160,2019-03-31,3,,,,,,,,,,,,,,,,,,,,,,,,,,,,,110.00,,,,12972187,867181,,false,false,12,2018-04-01,2019-03-31,-1
2020-01-30,65160,2020-03-31,3,,,,,,,,,,,,,,,,,,,,,,,,,,,,,50.00,,,,,,,false,false,12,2019-04-01,2020-03-31,0
2020-01-30,65160,2020-03-31,3,,,,,,,,,,,,,,,,,,,,,,,,,,,,,100.00,,,,,,,false,true,12,2019-04-01,2020-03-31,0
2020-01-30,65160,2020-03-31,3,,,,,,,,,,,,,,,,,,,,,,,,,,,,,,,,,12972187,867938,12104661,false,false,9,2019-04-01,2019-12-31,0
2020-01-30,65160,2019-03-31,3,,,,,,,,,,,,,,,,,,,,,,,,,,,,,,,,,,,12105188,false,false,9,2018-04-01,2018-12-31,-1
2020-05-07,65160,2020-03-31,,,,,,,,1043000000,-0.420,,,,426000000,,35.22,,,,,,,,,,,,,,,,,,,,,,true,true,12,2019-04-01,2020-03-31,0
2020-05-07,65160,2019-03-31,,,,,,,,6590000000,,,,,4983000000,,411.66,,,,,,,,,,,,,,,,,,,,,,true,false,12,2018-04-01,2019-03-31,-1
2020-05-07,65160,2020-03-31,,,,,,,,,,,,,,,,,,,,,,,,,,,,,,90.00,,,,,,,false,true,12,2019-04-01,2020-03-31,0
2020-05-07,65160,2020-03-31,,,,,,,,,,,,,,,,,,,,,,,,,,,,,,50.00,,,,,,,false,false,12,2019-04-01,2020-03-31,0
2020-05-07,65160,2019-03-31,,,,,,,,,,,,,,,,,,,,,,,,,,,,,,110.00,,,,,,,false,false,12,2018-04-01,2019-03-31,-1
2020-05-11,65160,2020-03-31,,55917000000,-0.204,,,,,-860000000,,205000000,-0.956,152000000,,-0.956,12.57,,,,,,73188000000,44608000000,0.610,3685.46,44608000000,,,,,90.00,,,,12972187,868156,12104512,false,false,12,2019-04-01,2020-03-31,0
2020-05-11,65160,2019-03-31,,70261000000,-0.066,,,,,3499000000,-0.416,4657000000,-0.272,3492000000,,-0.297,288.54,,,,,,75690000000,46424000000,0.613,3835.15,46424000000,,,,,110.00,,,,12972187,867181,12105149,false,false,12,2018-04-01,2019-03-31,-1
2020-05-11,65160,2020-03-31,,,,,,,,1043000000,-0.842,,,,426000000,,35.22,,,,,,106103000000,,,,,8728000000,-5330000000,-1113000000,,,2.555,,,,,,true,false,12,2019-04-01,2020-03-31,0
2020-05-11,65160,2019-03-31,,,,,,,,6590000000,-0.250,,,,4983000000,,411.66,,,,,,106304000000,,,,,3058000000,-8164000000,3682000000,,,0.267,,,,,,true,false,12,2018-04-01,2019-03-31,-1
2020-06-16,65160,2021-03-31,,,,,,,,1100000000,,,,,900000000,,74.36,,,,,,,,,,,,,,,,,,,,,,true,true,6,2020-04-01,2020-09-30,0
2020-06-16,65160,2020-03-31,,,,,,,,-139000000,,,,,-491000000,,-40.62,,,,,,,,,,,,,,,,,,,,,,true,false,6,2019-04-01,2019-09-30,-1
2020-06-16,65160,2021-03-31,,,,,,,,2300000000,,,,,1800000000,,148.71,,,,,,,,,,,,,,,,,,,,,,true,true,12,2020-04-01,2021-03-31,0
2020-06-16,65160,2020-03-31,,,,,,,,1043000000,,,,,426000000,,35.22,,,,,,,,,,,,,,,,,,,,,,true,false,12,2019-04-01,2020-03-31,-1
2020-06-16,65160,2021-03-31,,,,,,,,,,,,,,,,,,,,,,,,,,,,,,80.00,,,,,,,false,true,12,2020-04-01,2021-03-31,0
2020-06-16,65160,2020-03-31,,,,,,,,,,,,,,,,,,,,,,,,,,,,,,90.00,,,,,,,false,false,12,2019-04-01,2020-03-31,-1
2020-07-29,65160,2021-03-31,1,,,,,,,-632000000,,,,,-662000000,,-54.72,,,,,,108801000000,,,,,,,,,,,,,,,,true,false,3,2020-04-01,2020-06-30,0
2020-07-29,65160,2020-03-31,1,,,,,,,40000000,-0.984,,,,-169000000,,-13.97,,,,,,,,,,,,,,,,,,,,,,true,false,3,2019-04-01,2019-06-30,-1
2020-07-29,65160,2021-03-31,1,,,,,,,1100000000,,,,,900000000,,74.36,,,,,,,,,,,,,,,,,,,,,,true,true,6,2020-04-01,2020-09-30,0
2020-07-29,65160,2021-03-31,1,,,,,,,2300000000,1.203,,,,1800000000,,148.71,,,,,,,,,,,,,,,,,,,,,,true,true,12,2020-04-01,2021-03-31,0
2020-07-29,65160,2020-03-31,1,,,,,,,,,,,,,,,,,,,,106103000000,,,,,,,,,,,,,,,,true,false,12,2019-04-01,2020-03-31,-1
2020-07-29,65160,2020-03-31,1,,,,,,,,,,,,,,,,,,,,,,,,,,,,,90.00,,,,12972187,868156,,false,false,12,2019-04-01,2020-03-31,-1
2020-07-29,65160,2021-03-31,1,,,,,,,,,,,,,,,,,,,,,,,,,,,,,80.00,,,,,,,false,true,12,2020-04-01,2021-03-31,0
2020-07-29,65160,2021-03-31,1,,,,,,,,,,,,,,,,,,,,,,,,,,,,,,,,,12972187,868409,12103890,false,false,3,2020-04-01,2020-06-30,0
2020-07-29,65160,2020-03-31,1,,,,,,,,,,,,,,,,,,,,,,,,,,,,,,,,,,,12104845,false,false,3,2019-04-01,2019-06-30,-1
2020-10-29,65160,2021-03-31,,,,,,,,701000000,-0.362,,,,391000000,,32.31,,,,,,,,,,,,,,,,,,,,,,true,true,6,2020-04-01,2020-09-30,0
2020-10-29,65160,2020-03-31,,,,,,,,-139000000,,,,,-491000000,,-40.62,,,,,,,,,,,,,,,,,,,,,,true,false,6,2019-04-01,2019-09-30,-1
2020-10-29,65160,2021-03-31,,,,,,,,1900000000,-0.174,,,,1400000000,,115.67,,,,,,,,,,,,,,,,,,,,,,true,true,12,2020-04-01,2021-03-31,0
2020-10-29,65160,2020-03-31,,,,,,,,1043000000,,,,,426000000,,35.22,,,,,,,,,,,,,,,,,,,,,,true,false,12,2019-04-01,2020-03-31,-1
2020-10-30,65160,2021-03-31,2,,,,,,,701000000,,,,,391000000,,32.31,,,,,,108918000000,,,,,,,,,,,,,,,,true,false,6,2020-04-01,2020-09-30,0
2020-10-30,65160,2020-03-31,2,,,,,,,-139000000,,,,,-491000000,,-40.62,,,,,,,,,,,,,,,,,,,,,,true,false,6,2019-04-01,2019-09-30,-1
2020-10-30,65160,2021-03-31,2,,,,,,,1900000000,0.820,,,,1400000000,,115.67,,,,,,,,,,,,,,,,,,,,,,true,true,12,2020-04-01,2021-03-31,0
2020-10-30,65160,2020-03-31,2,,,,,,,,,,,,,,,,,,,,106103000000,,,,,,,,,,,,,,,,true,false,12,2019-04-01,2020-03-31,-1
2020-10-30,65160,2020-03-31,2,,,,,,,,,,,,,,,,,,,,,,,,,,,,,90.00,,,,12972187,868156,,false,false,12,2019-04-01,2020-03-31,-1
2020-10-30,65160,2021-03-31,2,,,,,,,,,,,,,,,,,,,,,,,,,,,,,35.00,,,,,,,false,false,12,2020-04-01,2021-03-31,0
2020-10-30,65160,2021-03-31,2,,,,,,,,,,,,,,,,,,,,,,,,,,,,,75.00,,,,,,,false,true,12,2020-04-01,2021-03-31,0
2020-10-30,65160,2021-03-31,2,,,,,,,,,,,,,,,,,,,,,,,,,,,,,,,,,12972187,868646,12103734,false,false,6,2020-04-01,2020-09-30,0
2020-10-30,65160,2020-03-31,2,,,,,,,,,,,,,,,,,,,,,,,,,,,,,,,,,,,12104793,false,false,6,2019-04-01,2019-09-30,-1
2021-01-25,65160,2021-03-31,,,,,,,,3600000000,0.895,,,,2500000000,,206.55,,,,,,,,,,,,,,,,,,,,,,true,true,12,2020-04-01,2021-03-31,0
2021-01-25,65160,2020-03-31,,,,,,,,1043000000,,,,,426000000,,35.22,,,,,,,,,,,,,,,,,,,,,,true,false,12,2019-04-01,2020-03-31,-1
2021-01-25,65160,2021-03-31,,,,,,,,,,,,,,,,,,,,,,,,,,,,,,80.00,,,,,,,false,true,12,2020-04-01,2021-03-31,0
2021-01-25,65160,2021-03-31,,,,,,,,,,,,,,,,,,,,,,,,,,,,,,35.00,,,,,,,false,false,12,2020-04-01,2021-03-31,0
2021-01-25,65160,2020-03-31,,,,,,,,,,,,,,,,,,,,,,,,,,,,,,90.00,,,,,,,false,false,12,2019-04-01,2020-03-31,-1
2021-01-29,65160,2021-03-31,3,,,,,,,2186000000,4.759,,,,1509000000,,124.69,,,,,,110549000000,,,,,,,,,,,,,,,,true,false,9,2020-04-01,2020-12-31,0
2021-01-29,65160,2020-03-31,3,,,,,,,379000000,-0.938,,,,17000000,,1.41,,,,,,,,,,,,,,,,,,,,,,true,false,9,2019-04-01,2019-12-31,-1
2021-01-29,65160,2021-03-31,3,,,,,,,3600000000,2.448,,,,2500000000,,206.55,,,,,,,,,,,,,,,,,,,,,,true,true,12,2020-04-01,2021-03-31,0
2021-01-29,65160,2020-03-31,3,,,,,,,,,,,,,,,,,,,,106103000000,,,,,,,,,,,,,,,,true,false,12,2019-04-01,2020-03-31,-1
2021-01-29,65160,2020-03-31,3,,,,,,,,,,,,,,,,,,,,,,,,,,,,,90.00,,,,12972187,868156,,false,false,12,2019-04-01,2020-03-31,-1
2021-01-29,65160,2021-03-31,3,,,,,,,,,,,,,,,,,,,,,,,,,,,,,35.00,,,,,,,false,false,12,2020-04-01,2021-03-31,0
2021-01-29,65160,2021-03-31,3,,,,,,,,,,,,,,,,,,,,,,,,,,,,,80.00,,,,,,,false,true,12,2020-04-01,2021-03-31,0
2021-01-29,65160,2021-03-31,3,,,,,,,,,,,,,,,,,,,,,,,,,,,,,,,,,12972187,868868,12103641,false,false,9,2020-04-01,2020-12-31,0
2021-01-29,65160,2020-03-31,3,,,,,,,,,,,,,,,,,,,,,,,,,,,,,,,,,,,12104661,false,false,9,2019-04-01,2019-12-31,-1
2021-04-26,65160,2021-03-31,,,,,,,,4830000000,0.342,,,,3942000000,,325.70,,,,,,,,,,,,,,,,,,,,,,true,true,12,2020-04-01,2021-03-31,0
2021-04-26,65160,2020-03-31,,,,,,,,1043000000,,,,,426000000,,35.22,,,,,,,,,,,,,,,,,,,,,,true,false,12,2019-04-01,2020-03-31,-1
2021-04-26,65160,2021-03-31,,,,,,,,,,,,,,,,,,,,,,,,,,,,,,90.00,,,,,,,false,true,12,2020-04-01,2021-03-31,0
2021-04-26,65160,2021-03-31,,,,,,,,,,,,,,,,,,,,,,,,,,,,,,35.00,,,,,,,false,false,12,2020-04-01,2021-03-31,0
2021-04-26,65160,2020-03-31,,,,,,,,,,,,,,,,,,,,,,,,,,,,,,90.00,,,,,,,false,false,12,2019-04-01,2020-03-31,-1
2021-04-27,65160,2021-03-31,,63664000000,0.139,,,,,1757000000,,2337000000,,1971000000,,,162.90,,,,,,81223000000,47152000000,0.581,3895.88,47152000000,,,,,90.00,,,,12972187,869099,12103521,false,false,12,2020-04-01,2021-03-31,0
2021-04-27,65160,2020-03-31,,55917000000,-0.204,,,,,-860000000,,205000000,-0.956,152000000,,-0.956,12.57,,,,,,73188000000,44608000000,0.610,3685.46,44608000000,,,,,90.00,,,,12972187,868156,12104512,false,false,12,2019-04-01,2020-03-31,-1
2021-04-27,65160,2021-03-31,,,,,,,,4830000000,3.627,,,,3942000000,,325.70,,,,,,113962000000,,,,,4959000000,-4294000000,10000000,,,0.276,,,,,,true,false,12,2020-04-01,2021-03-31,0
2021-04-27,65160,2020-03-31,,,,,,,,1043000000,-0.842,,,,426000000,,35.22,,,,,,106103000000,,,,,8728000000,-5330000000,-1113000000,,,2.555,,,,,,true,false,12,2019-04-01,2020-03-31,-1
2021-04-27,65160,2022-03-31,,,,,,,,5000000000,6.124,,,,3600000000,,297.44,,,,,,,,,,,,,,,,,,,,,,true,true,6,2021-04-01,2021-09-30,1
2021-04-27,65160,2022-03-31,,,,,,,,10500000000,1.174,,,,7500000000,,619.68,,,,,,,,,,,,,,,,0.186,,,,,,true,true,12,2021-04-01,2022-03-31,1
2021-04-27,65160,2022-03-31,,,,,,,,,,,,,,,,,,,,,,,,,,,,,,115.00,,,,,,,false,true,12,2021-04-01,2022-03-31,1
2021-07-29,65160,2022-03-31,1,,,,,,,2475000000,,,,,1909000000,,157.79,,,,,,121531000000,,,,,,,,,,,,,,,,true,false,3,2021-04-01,2021-06-30,0
2021-07-29,65160,2021-03-31,1,,,,,,,-632000000,,,,,-662000000,,-54.72,,,,,,,,,,,,,,,,,,,,,,true,false,3,2020-04-01,2020-06-30,-1
2021-07-29,65160,2022-03-31,1,,,,,,,5000000000,6.124,,,,3600000000,,297.44,,,,,,,,,,,,,,,,,,,,,,true,true,6,2021-04-01,2021-09-30,0
2021-07-29,65160,2022-03-31,1,,,,,,,10500000000,1.174,,,,7500000000,,619.68,,,,,,,,,,,,,,,,,,,,,,true,true,12,2021-04-01,2022-03-31,0
2021-07-29,65160,2021-03-31,1,,,,,,,,,,,,,,,,,,,,113962000000,,,,,,,,,,,,,,,,true,false,12,2020-04-01,2021-03-31,-1
2021-07-29,65160,2021-03-31,1,,,,,,,,,,,,,,,,,,,,,,,,,,,,,90.00,,,,12972187,869099,,false,false,12,2020-04-01,2021-03-31,-1
2021-07-29,65160,2022-03-31,1,,,,,,,,,,,,,,,,,,,,,,,,,,,,,115.00,,,,,,,false,true,12,2021-04-01,2022-03-31,0
2021-07-29,65160,2022-03-31,1,,,,,,,,,,,,,,,,,,,,,,,,,,,,,,,,,12972187,869262,12102939,false,false,3,2021-04-01,2021-06-30,0
2021-07-29,65160,2021-03-31,1,,,,,,,,,,,,,,,,,,,,,,,,,,,,,,,,,,,12103890,false,false,3,2020-04-01,2020-06-30,-1
2021-10-29,65160,2022-03-31,2,,,,,,,5325000000,6.588,,,,4072000000,,336.49,,,,,,122221000000,,,,,,,,,,,,,,,,true,false,6,2021-04-01,2021-09-30,0
2021-10-29,65160,2021-03-31,2,,,,,,,701000000,,,,,391000000,,32.31,,,,,,,,,,,,,,,,,,,,,,true,false,6,2020-04-01,2020-09-30,-1
2021-10-29,65160,2022-03-31,2,,,,,,,10500000000,1.174,,,,7500000000,,619.68,,,,,,,,,,,,,,,,,,,,,,true,true,12,2021-04-01,2022-03-31,0
2021-10-29,65160,2021-03-31,2,,,,,,,,,,,,,,,,,,,,113962000000,,,,,,,,,,,,,,,,true,false,12,2020-04-01,2021-03-31,-1
2021-10-29,65160,2021-03-31,2,,,,,,,,,,,,,,,,,,,,,,,,,,,,,90.00,,,,12972187,869099,,false,false,12,2020-04-01,2021-03-31,-1
2021-10-29,65160,2022-03-31,2,,,,,,,,,,,,,,,,,,,,,,,,,,,,,55.00,,,,,,,false,false,12,2021-04-01,2022-03-31,0
2021-10-29,65160,2022-03-31,2,,,,,,,,,,,,,,,,,,,,,,,,,,,,,115.00,,,,,,,false,true,12,2021-04-01,2022-03-31,0
2021-10-29,65160,2022-03-31,2,,,,,,,,,,,,,,,,,,,,,,,,,,,,,,,,,12972187,869765,12102758,false,false,6,2021-04-01,2021-09-30,0
2021-10-29,65160,2021-03-31,2,,,,,,,,,,,,,,,,,,,,,,,,,,,,,,,,,,,12103734,false,false,6,2020-04-01,2020-09-30,-1
2022-01-31,65160,2022-03-31,3,,,,,,,7635000000,2.493,,,,6044000000,,499.42,,,,,,128641000000,,,,,,,,,,,,,,,,true,false,9,2021-04-01,2021-12-31,0
2022-01-31,65160,2021-03-31,3,,,,,,,2186000000,4.759,,,,1509000000,,124.69,,,,,,,,,,,,,,,,,,,,,,true,false,9,2020-04-01,2020-12-31,-1
2022-01-31,65160,2022-03-31,3,,,,,,,10500000000,1.174,,,,7500000000,,619.68,,,,,,,,,,,,,,,,,,,,,,true,true,12,2021-04-01,2022-03-31,0
2022-01-31,65160,2021-03-31,3,,,,,,,,,,,,,,,,,,,,113962000000,,,,,,,,,,,,,,,,true,false,12,2020-04-01,2021-03-31,-1
2022-01-31,65160,2021-03-31,3,,,,,,,,,,,,,,,,,,,,,,,,,,,,,90.00,,,,12972187,869099,,false,false,12,2020-04-01,2021-03-31,-1
2022-01-31,65160,2022-03-31,3,,,,,,,,,,,,,,,,,,,,,,,,,,,,,55.00,,,,,,,false,false,12,2021-04-01,2022-03-31,0
2022-01-31,65160,2022-03-31,3,,,,,,,,,,,,,,,,,,,,,,,,,,,,,115.00,,,,,,,false,true,12,2021-04-01,2022-03-31,0
2022-01-31,65160,2022-03-31,3,,,,,,,,,,,,,,,,,,,,,,,,,,,,,,,,,12972187,870040,12102579,false,false,9,2021-04-01,2021-12-31,0
2022-01-31,65160,2021-03-31,3,,,,,,,,,,,,,,,,,,,,,,,,,,,,,,,,,,,12103641,false,false,9,2020-04-01,2020-12-31,-1
2022-04-27,65160,2022-03-31,,83040000000,0.304,,,,,4525000000,1.575,5619000000,1.404,4370000000,,1.217,361.12,,,,,,88609000000,49734000000,0.561,4109.59,49734000000,,,,,115.00,,,,12972187,870200,12102443,false,false,12,2021-04-01,2022-03-31,0
2022-04-27,65160,2021-03-31,,63664000000,0.139,,,,,1757000000,,2337000000,,1971000000,,,162.90,,,,,,81223000000,47152000000,0.581,3895.88,47152000000,,,,,90.00,,,,12972187,869099,12103521,false,false,12,2020-04-01,2021-03-31,-1
2022-04-27,65160,2022-03-31,,,,,,,,10971000000,1.271,,,,9015000000,,744.94,,,,,,128667000000,,,,,8234000000,-4826000000,-622000000,,,0.154,,,,,,true,false,12,2021-04-01,2022-03-31,0
2022-04-27,65160,2021-03-31,,,,,,,,4830000000,3.627,,,,3942000000,,325.70,,,,,,113962000000,,,,,4959000000,-4294000000,10000000,,,0.276,,,,,,true,false,12,2020-04-01,2021-03-31,-1
2022-04-27,65160,2023-03-31,,,,,,,,6100000000,0.145,,,,4600000000,,380.10,,,,,,,,,,,,,,,,,,,,,,true,true,6,2022-04-01,2022-09-30,1
2022-04-27,65160,2023-03-31,,,,,,,,12700000000,0.158,,,,9500000000,,785.00,,,,,,,,,,,,,,,,0.153,,,,,,true,true,12,2022-04-01,2023-03-31,1
2022-04-27,65160,2023-03-31,,,,,,,,,,,,,,,,,,,,,,,,,,,,,,120.00,,,,,,,false,true,12,2022-04-01,2023-03-31,1
2022-08-01,65160,2023-03-31,1,,,,,,,2895000000,0.170,,,,3309000000,,273.50,,,,,,137989000000,,,,,,,,,,,,,,,,true,false,3,2022-04-01,2022-06-30,0
2022-08-01,65160,2022-03-31,1,,,,,,,2475000000,,,,,1909000000,,157.79,,,,,,,,,,,,,,,,,,,,,,true,false,3,2021-04-01,2021-06-30,-1
2022-08-01,65160,2023-03-31,1,,,,,,,6100000000,0.145,,,,4600000000,,380.10,,,,,,,,,,,,,,,,,,,,,,true,true,6,2022-04-01,2022-09-30,0
2022-08-01,65160,2023-03-31,1,,,,,,,12700000000,0.158,,,,9500000000,,785.00,,,,,,,,,,,,,,,,,,,,,,true,true,12,2022-04-01,2023-03-31,0
2022-08-01,65160,2022-03-31,1,,,,,,,,,,,,,,,,,,,,128667000000,,,,,,,,,,,,,,,,true,false,12,2021-04-01,2022-03-31,-1
2022-08-01,65160,2022-03-31,1,,,,,,,,,,,,,,,,,,,,,,,,,,,,,115.00,,,,12972187,870200,,false,false,12,2021-04-01,2022-03-31,-1
2022-08-01,65160,2023-03-31,1,,,,,,,,,,,,,,,,,,,,,,,,,,,,,120.00,,,,,,,false,true,12,2022-04-01,2023-03-31,0
2022-08-01,65160,2023-03-31,1,,,,,,,,,,,,,,,,,,,,,,,,,,,,,,,,,12972187,870260,12101947,false,false,3,2022-04-01,2022-06-30,0
2022-08-01,65160,2022-03-31,1,,,,,,,,,,,,,,,,,,,,,,,,,,,,,,,,,,,12102939,false,false,3,2021-04-01,2021-06-30,-1
2022-10-27,65160,2023-03-31,,,,,,,,6648000000,0.090,,,,6253000000,,516.75,,,,,,,,,,,,,,,,,,,,,,true,true,6,2022-04-01,2022-09-30,0
2022-10-27,65160,2022-03-31,,,,,,,,5325000000,,,,,4072000000,,336.49,,,,,,,,,,,,,,,,,,,,,,true,false,6,2021-04-01,2021-09-30,-1
2022-10-27,65160,2023-03-31,,,,,,,,14200000000,0.118,,,,11700000000,,966.80,,,,,,,,,,,,,,,,,,,,,,true,true,12,2022-04-01,2023-03-31,0
2022-10-27,65160,2022-03-31,,,,,,,,10971000000,,,,,9015000000,,744.94,,,,,,,,,,,,,,,,,,,,,,true,false,12,2021-04-01,2022-03-31,-1
2022-10-27,65160,2023-03-31,,,,,,,,,,,,,,,,,,,,,,,,,,,,,,130.00,,,,,,,false,true,12,2022-04-01,2023-03-31,0
2022-10-27,65160,2023-03-31,,,,,,,,,,,,,,,,,,,,,,,,,,,,,,65.00,,,,,,,false,false,12,2022-04-01,2023-03-31,0
2022-10-27,65160,2022-03-31,,,,,,,,,,,,,,,,,,,,,,,,,,,,,,115.00,,,,,,,false,false,12,2021-04-01,2022-03-31,-1
2022-10-31,65160,2023-03-31,2,,,,,,,6648000000,0.248,,,,6253000000,,516.75,516.61,,,,,141627000000,,,,,,,,,,,,,,,,true,false,6,2022-04-01,2022-09-30,0
2022-10-31,65160,2022-03-31,2,,,,,,,5325000000,6.588,,,,4072000000,,336.49,,,,,,,,,,,,,,,,,,,,,,true,false,6,2021-04-01,2021-09-30,-1
2022-10-31,65160,2023-03-31,2,,,,,,,14200000000,0.294,,,,11700000000,,966.80,,,,,,,,,,,,,,,,,,,,,,true,true,12,2022-04-01,2023-03-31,0
2022-10-31,65160,2022-03-31,2,,,,,,,,,,,,,,,,,,,,128667000000,,,,,,,,,,,,,,,,true,false,12,2021-04-01,2022-03-31,-1
2022-10-31,65160,2022-03-31,2,,,,,,,,,,,,,,,,,,,,,,,,,,,,,115.00,,,,12972187,870200,,false,false,12,2021-04-01,2022-03-31,-1
2022-10-31,65160,2023-03-31,2,,,,,,,,,,,,,,,,,,,,,,,,,,,,,65.00,,,,,,,false,false,12,2022-04-01,2023-03-31,0
2022-10-31,65160,2023-03-31,2,,,,,,,,,,,,,,,,,,,,,,,,,,,,,130.00,,,,,,,false,true,12,2022-04-01,2023-03-31,0
2022-10-31,65160,2023-03-31,2,,,,,,,,,,,,,,,,,,,,,,,,,,,,,,,,,12972187,859594,12101878,false,false,6,2022-04-01,2022-09-30,0
2022-10-31,65160,2022-03-31,2,,,,,,,,,,,,,,,,,,,,,,,,,,,,,,,,,,,12102758,false,false,6,2021-04-01,2021-09-30,-1
2023-01-31,65160,2023-03-31,3,,,,,,,9716000000,0.273,,,,8211000000,,678.51,678.18,,,,,143510000000,,,,,,,,,,,,,,,,true,false,9,2022-04-01,2022-12-31,0
2023-01-31,65160,2022-03-31,3,,,,,,,7635000000,2.493,,,,6044000000,,499.42,,,,,,,,,,,,,,,,,,,,,,true,false,9,2021-04-01,2021-12-31,-1
2023-01-31,65160,2023-03-31,3,,,,,,,14200000000,0.294,,,,11700000000,,966.80,,,,,,,,,,,,,,,,,,,,,,true,true,12,2022-04-01,2023-03-31,0
2023-01-31,65160,2022-03-31,3,,,,,,,,,,,,,,,,,,,,128667000000,,,,,,,,,,,,,,,,true,false,12,2021-04-01,2022-03-31,-1
2023-01-31,65160,2022-03-31,3,,,,,,,,,,,,,,,,,,,,,,,,,,,,,115.00,,,,12972187,870200,,false,false,12,2021-04-01,2022-03-31,-1
2023-01-31,65160,2023-03-31,3,,,,,,,,,,,,,,,,,,,,,,,,,,,,,65.00,,,,,,,false,false,12,2022-04-01,2023-03-31,0
2023-01-31,65160,2023-03-31,3,,,,,,,,,,,,,,,,,,,,,,,,,,,,,130.00,,,,,,,false,true,12,2022-04-01,2023-03-31,0
2023-01-31,65160,2023-03-31,3,,,,,,,,,,,,,,,,,,,,,,,,,,,,,,,,,12972187,859818,12101758,false,false,9,2022-04-01,2022-12-31,0
2023-01-31,65160,2022-03-31,3,,,,,,,,,,,,,,,,,,,,,,,,,,,,,,,,,,,12102579,false,false,9,2021-04-01,2021-12-31,-1
2023-04-27,65160,2023-03-31,,100620000000,0.212,,,,,6314000000,0.395,8169000000,0.454,6695000000,,0.532,552.94,552.55,,,,,95487000000,55273000000,0.579,4563.54,55273000000,,,,,135.00,,,,12972187,860130,12101615,false,false,12,2022-04-01,2023-03-31,0
2023-04-27,65160,2022-03-31,,83040000000,0.304,,,,,4525000000,1.575,5619000000,1.404,4370000000,,1.217,361.12,,,,,,88609000000,49734000000,0.561,4109.59,49734000000,,,,,115.00,,,,12972187,870200,12102443,false,false,12,2021-04-01,2022-03-31,-1
2023-04-27,65160,2023-03-31,,,,,,,,13421000000,0.223,,,,11410000000,,942.91,942.25,,,,,143871000000,,,,,8258000000,-4422000000,-2675000000,,,0.143,,,,,,true,false,12,2022-04-01,2023-03-31,0
2023-04-27,65160,2022-03-31,,,,,,,,10971000000,1.271,,,,9015000000,,744.94,,,,,,128667000000,,,,,8234000000,-4826000000,-622000000,,,0.154,,,,,,true,false,12,2021-04-01,2022-03-31,-1
2023-04-27,65160,2024-03-31,,,,,,,,8100000000,0.218,,,,6100000000,,504.09,,,,,,,,,,,,,,,,,,,,,,true,true,6,2023-04-01,2023-09-30,1
2023-04-27,65160,2024-03-31,,,,,,,,16600000000,0.237,,,,12500000000,,1032.96,,,,,,,,,,,,,,,,0.136,,,,,,true,true,12,2023-04-01,2024-03-31,1
2023-04-27,65160,2024-03-31,,,,,,,,,,,,,,,,,,,,,,,,,,,,,,140.00,,,,,,,false,true,12,2023-04-01,2024-03-31,1
2023-07-31,65160,2024-03-31,1,,,,,,,3800000000,0.313,,,,3447000000,,284.88,284.67,,,,,148671000000,,,,,,,,,,,,,,,,true,false,3,2023-04-01,2023-06-30,0
2023-07-31,65160,2023-03-31,1,,,,,,,2895000000,0.170,,,,3309000000,,273.50,,,,,,,,,,,,,,,,,,,,,,true,false,3,2022-04-01,2022-06-30,-1
2023-07-31,65160,2024-03-31,1,,,,,,,8100000000,0.218,,,,6100000000,,504.09,,,,,,,,,,,,,,,,,,,,,,true,true,6,2023-04-01,2023-09-30,0
2023-07-31,65160,2024-03-31,1,,,,,,,16600000000,0.237,,,,12500000000,,1032.96,,,,,,,,,,,,,,,,,,,,,,true,true,12,2023-04-01,2024-03-31,0
2023-07-31,65160,2023-03-31,1,,,,,,,,,,,,,,,,,,,,143871000000,,,,,,,,,,,,,,,,true,false,12,2022-04-01,2023-03-31,-1
2023-07-31,65160,2023-03-31,1,,,,,,,,,,,,,,,,,,,,,,,,,,,,,135.00,,,,12972187,860130,,false,false,12,2022-04-01,2023-03-31,-1
2023-07-31,65160,2024-03-31,1,,,,,,,,,,,,,,,,,,,,,,,,,,,,,140.00,,,,,,,false,true,12,2023-04-01,2024-03-31,0
2023-07-31,65160,2024-03-31,1,,,,,,,,,,,,,,,,,,,,,,,,,,,,,,,,,12972187,860546,12102409,false,false,3,2023-04-01,2023-06-30,0
2023-07-31,65160,2023-03-31,1,,,,,,,,,,,,,,,,,,,,,,,,,,,,,,,,,,,12101947,false,false,3,2022-04-01,2022-06-30,-1
2023-10-31,65160,2024-03-31,2,,,,,,,6923000000,0.041,,,,5796000000,,478.80,478.80,,,,,149338000000,,,,,,,,,,,,,,,,true,false,6,2023-04-01,2023-09-30,0
2023-10-31,65160,2023-03-31,2,,,,,,,6648000000,0.248,,,,6253000000,,516.75,516.61,,,,,,,,,,,,,,,,,,,,,true,false,6,2022-04-01,2022-09-30,-1
2023-10-31,65160,2024-03-31,2,,,,,,,16600000000,0.237,,,,12500000000,,1032.96,,,,,,,,,,,,,,,,,,,,,,true,true,12,2023-04-01,2024-03-31,0
2023-10-31,65160,2023-03-31,2,,,,,,,,,,,,,,,,,,,,143871000000,,,,,,,,,,,,,,,,true,false,12,2022-04-01,2023-03-31,-1
2023-10-31,65160,2023-03-31,2,,,,,,,,,,,,,,,,,,,,,,,,,,,,,135.00,,,,12972187,860130,,false,false,12,2022-04-01,2023-03-31,-1
2023-10-31,65160,2024-03-31,2,,,,,,,,,,,,,,,,,,,,,,,,,,,,,70.00,,,,,,,false,false,12,2023-04-01,2024-03-31,0
2023-10-31,65160,2024-03-31,2,,,,,,,,,,,,,,,,,,,,,,,,,,,,,140.00,,,,,,,false,true,12,2023-04-01,2024-03-31,0
2023-10-31,65160,2024-03-31,2,,,,,,,,,,,,,,,,,,,,,,,,,,,,,,,,,12972187,854289,12106890,false,false,6,2023-04-01,2023-09-30,0
2023-10-31,65160,2023-03-31,2,,,,,,,,,,,,,,,,,,,,,,,,,,,,,,,,,,,12101878,false,false,6,2022-04-01,2022-09-30,-1
2024-01-30,65160,2024-03-31,,,,,,,,11700000000,-0.295,,,,9200000000,,759.76,,,,,,,,,,,,,,,,,,,,,,true,true,12,2023-04-01,2024-03-31,0
2024-01-30,65160,2023-03-31,,,,,,,,13421000000,,,,,11410000000,,942.91,,,,,,,,,,,,,,,,,,,,,,true,false,12,2022-04-01,2023-03-31,-1
2024-01-31,65160,2024-03-31,3,,,,,,,9674000000,-0.004,,,,7814000000,,645.37,645.37,,,,,145692000000,,,,,,,,,,,,,,,,true,false,9,2023-04-01,2023-12-31,0
2024-01-31,65160,2023-03-31,3,,,,,,,9716000000,0.273,,,,8211000000,,678.51,678.18,,,,,,,,,,,,,,,,,,,,,true,false,9,2022-04-01,2022-12-31,-1
2024-01-31,65160,2024-03-31,3,,,,,,,11700000000,-0.128,,,,9200000000,,759.76,,,,,,,,,,,,,,,,,,,,,,true,true,12,2023-04-01,2024-03-31,0
2024-01-31,65160,2023-03-31,3,,,,,,,,,,,,,,,,,,,,143871000000,,,,,,,,,,,,,,,,true,false,12,2022-04-01,2023-03-31,-1
2024-01-31,65160,2023-03-31,3,,,,,,,,,,,,,,,,,,,,,,,,,,,,,135.00,,,,12972187,860130,,false,false,12,2022-04-01,2023-03-31,-1
2024-01-31,65160,2024-03-31,3,,,,,,,,,,,,,,,,,,,,,,,,,,,,,70.00,,,,,,,false,false,12,2023-04-01,2024-03-31,0
2024-01-31,65160,2024-03-31,3,,,,,,,,,,,,,,,,,,,,,,,,,,,,,140.00,,,,,,,false,true,12,2023-04-01,2024-03-31,0
2024-01-31,65160,2024-03-31,3,,,,,,,,,,,,,,,,,,,,,,,,,,,,,,,,,12972187,854373,12108327,false,false,9,2023-04-01,2023-12-31,0
2024-01-31,65160,2023-03-31,3,,,,,,,,,,,,,,,,,,,,,,,,,,,,,,,,,,,12101758,false,false,9,2022-04-01,2022-12-31,-1
2024-04-25,65160,2024-03-31,,93357000000,-0.072,,,,,5720000000,-0.094,8946000000,0.095,7448000000,,0.112,616.38,,,,,,91157000000,62104000000,0.681,5207.41,62104000000,,,,,145.00,,,,12972187,1045982,12077104,false,false,12,2023-04-01,2024-03-31,0
2024-04-25,65160,2023-03-31,,100620000000,0.212,,,,,6314000000,0.395,8169000000,0.454,6695000000,,0.532,552.94,552.55,,,,,95487000000,55273000000,0.579,4563.54,55273000000,,,,,135.00,,,,12972187,860130,12101615,false,false,12,2022-04-01,2023-03-31,-1
2024-04-25,65160,2024-03-31,,,,,,,,11811000000,-0.120,,,,10477000000,,867.52,867.52,,,,,150688000000,,,,,21452000000,-6466000000,-10666000000,,,0.167,,,,,,true,false,12,2023-04-01,2024-03-31,0
2024-04-25,65160,2023-03-31,,,,,,,,13421000000,0.223,,,,11410000000,,942.91,942.25,,,,,143871000000,,,,,8258000000,-4422000000,-2675000000,,,0.143,,,,,,true,false,12,2022-04-01,2023-03-31,-1
2024-04-25,65160,2025-03-31,,,,,,,,4000000000,-0.422,,,,3100000000,,260.08,,,,,,,,,,,,,,,,,,,,,,true,true,6,2024-04-01,2024-09-30,1
2024-04-25,65160,2025-03-31,,,,,,,,10600000000,-0.103,,,,8100000000,,679.55,,,,,,,,,,,,,,,,0.221,,,,,,true,true,12,2024-04-01,2025-03-31,1
2024-04-25,65160,2025-03-31,,,,,,,,,,,,,,,,,,,,,,,,,,,,,,150.00,,,,,,,false,true,12,2024-04-01,2025-03-31,1
2024-07-31,65160,2025-03-31,1,,,,,,,1453000000,-0.617,,,,1360000000,,114.18,114.12,,,,,151726000000,,,,,,,,,,,,,,,,true,false,3,2024-04-01,2024-06-30,0
2024-07-31,65160,2024-03-31,1,,,,,,,3800000000,0.313,,,,3447000000,,284.88,284.67,,,,,,,,,,,,,,,,,,,,,true,false,3,2023-04-01,2023-06-30,-1
2024-07-31,65160,2025-03-31,1,,,,,,,4000000000,-0.422,,,,3100000000,,260.08,,,,,,,,,,,,,,,,,,,,,,true,true,6,2024-04-01,2024-09-30,0
2024-07-31,65160,2025-03-31,1,,,,,,,10600000000,-0.103,,,,8100000000,,679.55,,,,,,,,,,,,,,,,,,,,,,true,true,12,2024-04-01,2025-03-31,0
2024-07-31,65160,2024-03-31,1,,,,,,,,,,,,,,,,,,,,150688000000,,,,,,,,,,,,,,,,true,false,12,2023-04-01,2024-03-31,-1
2024-07-31,65160,2024-03-31,1,,,,,,,,,,,,,,,,,,,,,,,,,,,,,145.00,,,,12972187,1045982,,false,false,12,2023-04-01,2024-03-31,-1
2024-07-31,65160,2025-03-31,1,,,,,,,,,,,,,,,,,,,,,,,,,,,,,150.00,,,,,,,false,true,12,2024-04-01,2025-03-31,0
2024-07-31,65160,2025-03-31,1,,,,,,,,,,,,,,,,,,,,,,,,,,,,,,,,,12972187,1046134,11919489,false,false,3,2024-04-01,2024-06-30,0
2024-07-31,65160,2024-03-31,1,,,,,,,,,,,,,,,,,,,,,,,,,,,,,,,,,,,12102409,false,false,3,2023-04-01,2023-06-30,-1
2024-10-30,65160,2025-03-31,,,,,,3046000000,-0.238,,,,,,1600000000,,134.24,,,,,,,,,,,,,,,,,,,,,,true,true,6,2024-04-01,2024-09-30,0
2024-10-30,65160,2024-03-31,,,,,,6923000000,,,,,,,5796000000,,478.80,,,,,,,,,,,,,,,,,,,,,,true,false,6,2023-04-01,2023-09-30,-1
2024-10-30,65160,2025-03-31,,,,,,,,6600000000,-0.377,,,,4700000000,,394.16,,,,,,,,,,,,,,,,,,,,,,true,true,12,2024-04-01,2025-03-31,0
2024-10-30,65160,2024-03-31,,,,,,,,11811000000,,,,,10477000000,,867.52,,,,,,,,,,,,,,,,,,,,,,true,false,12,2023-04-01,2024-03-31,-1
2024-10-31,65160,2025-03-31,2,,,,,,,3046000000,-0.560,,,,1600000000,,134.24,134.22,,,,,145078000000,,,,,,,,,,,,,,,,true,false,6,2024-04-01,2024-09-30,0
2024-10-31,65160,2024-03-31,2,,,,,,,6923000000,0.041,,,,5796000000,,478.80,478.80,,,,,,,,,,,,,,,,,,,,,true,false,6,2023-04-01,2023-09-30,-1
2024-10-31,65160,2025-03-31,2,,,,,,,6600000000,-0.441,,,,4700000000,,394.16,,,,,,,,,,,,,,,,,,,,,,true,true,12,2024-04-01,2025-03-31,0
2024-10-31,65160,2024-03-31,2,,,,,,,,,,,,,,,,,,,,150688000000,,,,,,,,,,,,,,,,true,false,12,2023-04-01,2024-03-31,-1
2024-10-31,65160,2024-03-31,2,,,,,,,,,,,,,,,,,,,,,,,,,,,,,145.00,,,,12972187,1045982,,false,false,12,2023-04-01,2024-03-31,-1
2024-10-31,65160,2025-03-31,2,,,,,,,,,,,,,,,,,,,,,,,,,,,,,75.00,,,,,,,false,false,12,2024-04-01,2025-03-31,0
2024-10-31,65160,2025-03-31,2,,,,,,,,,,,,,,,,,,,,,,,,,,,,,150.00,,,,,,,false,true,12,2024-04-01,2025-03-31,0
2024-10-31,65160,2025-03-31,2,,,,,,,,,,,,,,,,,,,,,,,,,,,,,,,,,12972187,1040028,11922642,false,false,6,2024-04-01,2024-09-30,0
2024-10-31,65160,2024-03-31,2,,,,,,,,,,,,,,,,,,,,,,,,,,,,,,,,,,,12106890,false,false,6,2023-04-01,2023-09-30,-1
2025-01-30,65160,2025-03-31,3,,,,,,,4904000000,-0.493,,,,4001000000,,335.64,335.54,,,,,151458000000,,,,,,,,,,,,,,,,true,false,9,2024-04-01,2024-12-31,0
2025-01-30,65160,2024-03-31,3,,,,,,,9674000000,-0.004,,,,7814000000,,645.37,645.37,,,,,,,,,,,,,,,,,,,,,true,false,9,2023-04-01,2023-12-31,-1
2025-01-30,65160,2025-03-31,3,,,,,,,6600000000,-0.441,,,,4700000000,,394.16,,,,,,,,,,,,,,,,,,,,,,true,true,12,2024-04-01,2025-03-31,0
2025-01-30,65160,2024-03-31,3,,,,,,,,,,,,,,,,,,,,150688000000,,,,,,,,,,,,,,,,true,false,12,2023-04-01,2024-03-31,-1
2025-01-30,65160,2024-03-31,3,,,,,,,,,,,,,,,,,,,,,,,,,,,,,145.00,,,,12972187,1045982,,false,false,12,2023-04-01,2024-03-31,-1
2025-01-30,65160,2025-03-31,3,,,,,,,,,,,,,,,,,,,,,,,,,,,,,75.00,,,,,,,false,false,12,2024-04-01,2025-03-31,0
2025-01-30,65160,2025-03-31,3,,,,,,,,,,,,,,,,,,,,,,,,,,,,,150.00,,,,,,,false,true,12,2024-04-01,2025-03-31,0
2025-01-30,65160,2025-03-31,3,,,,,,,,,,,,,,,,,,,,,,,,,,,,,,,,,12972187,1040092,11923639,false,false,9,2024-04-01,2024-12-31,0
2025-01-30,65160,2024-03-31,3,,,,,,,,,,,,,,,,,,,,,,,,,,,,,,,,,,,12108327,false,false,9,2023-04-01,2023-12-31,-1
2025-04-25,65160,2025-03-31,,78503000000,-0.159,,,,,2525000000,-0.559,4985000000,-0.443,4527000000,,-0.392,379.46,,,,,,86613000000,63112000000,0.729,5289.54,63112000000,,,,,165.00,,,,12972187,1040575,11924130,false,false,12,2024-04-01,2025-03-31,0
2025-04-25,65160,2024-03-31,,93357000000,-0.072,,,,,5720000000,-0.094,8946000000,0.095,7448000000,,0.112,616.38,,,,,,91157000000,62104000000,0.681,5207.41,62104000000,,,,,145.00,,,,12972187,1045982,12077104,false,false,12,2023-04-01,2024-03-31,-1
2025-04-25,65160,2025-03-31,,,,,,,,7936000000,-0.328,,,,5637000000,,472.79,472.59,,,,,145628000000,,,,,15788000000,-3734000000,-9690000000,,,0.349,,,,,,true,false,12,2024-04-01,2025-03-31,0
2025-04-25,65160,2024-03-31,,,,,,,,11811000000,-0.120,,,,10477000000,,867.52,867.52,,,,,150688000000,,,,,21452000000,-6466000000,-10666000000,,,0.167,,,,,,true,false,12,2023-04-01,2024-03-31,-1
2025-04-25,65160,2026-03-31,,,,,,,,5000000000,0.641,,,,3800000000,,318.64,,,,,,,,,,,,,,,,,,,,,,true,true,6,2025-04-01,2025-09-30,1
2025-04-25,65160,2026-03-31,,,,,,,,11550000000,0.455,,,,8500000000,,712.76,,,,,,,,,,,,,,,,0.295,,,,,,true,true,12,2025-04-01,2026-03-31,1
2025-04-25,65160,2026-03-31,,,,,,,,,,,,,,,,,,,,,,,,,,,,,,210.00,,,,,,,false,true,12,2025-04-01,2026-03-31,1
2025-07-30,65160,2026-03-31,1,,,,,,,1767000000,0.216,,,,1051000000,,88.72,88.67,,,,,146044000000,,,,,,,,,,,,,,,,true,false,3,2025-04-01,2025-06-30,0
2025-07-30,65160,2025-03-31,1,,,,,,,1453000000,-0.617,,,,1360000000,,114.18,114.12,,,,,,,,,,,,,,,,,,,,,true,false,3,2024-04-01,2024-06-30,-1
2025-07-30,65160,2026-03-31,1,,,,,,,5000000000,0.641,,,,3800000000,,318.64,,,,,,,,,,,,,,,,,,,,,,true,true,6,2025-04-01,2025-09-30,0
2025-07-30,65160,2026-03-31,1,,,,,,,11550000000,0.455,,,,8500000000,,712.76,,,,,,,,,,,,,,,,,,,,,,true,true,12,2025-04-01,2026-03-31,0
2025-07-30,65160,2025-03-31,1,,,,,,,,,,,,,,,,,,,,145628000000,,,,,,,,,,,,,,,,true,false,12,2024-04-01,2025-03-31,-1
2025-07-30,65160,2025-03-31,1,,,,,,,,,,,,,,,,,,,,,,,,,,,,,165.00,,,,12972187,1040575,,false,false,12,2024-04-01,2025-03-31,-1
2025-07-30,65160,2026-03-31,1,,,,,,,,,,,,,,,,,,,,,,,,,,,,,210.00,,,,,,,false,true,12,2025-04-01,2026-03-31,0
2025-07-30,65160,2026-03-31,1,,,,,,,,,,,,,,,,,,,,,,,,,,,,,,,,,12972187,1141691,11858081,false,false,3,2025-04-01,2025-06-30,0
2025-07-30,65160,2025-03-31,1,,,,,,,,,,,,,,,,,,,,,,,,,,,,,,,,,,,11919489,false,false,3,2024-04-01,2024-06-30,-1
