filing_date,code,fiscal_year_end,quarterly_period,net_sales,net_sales_change,revenue,revenue_change,operating_revenue,operating_revenue_change,operating_profit,operating_profit_change,ordinary_profit,ordinary_profit_change,net_income,net_income_of_parent,net_income_change,eps,diluted_eps,roe,roa,operating_profit_to_net_sales,operating_profit_to_revenue,total_assets,net_assets,equity_ratio,bps,owner_equity,operating_cash_flow,investing_cash_flow,financing_cash_flow,cash,dividend_per_share,payout_ratio,commemorative_dividend,extra_dividend,number_of_shares,number_of_treqsury_shares,avg_number_of_shares,is_consolidated,is_forecast,duration,period_start,period_end,period_pos
2015-05-08,65180,2015-03-31,,13443000000,0.095,,,,,467000000,3.632,544000000,2.073,411000000,,3.016,45.61,,0.065,0.044,0.035,,12986000000,6555000000,0.505,726.96,6555000000,646000000,-483000000,453000000,1948000000,,0.110,,,,,,true,false,12,2014-04-01,2015-03-31,0
2015-05-08,65180,2014-03-31,,12277000000,0.081,,,,,100000000,2.242,177000000,0.236,102000000,,-0.130,11.35,,0.017,0.015,0.008,,11828000000,6113000000,0.517,677.74,6113000000,479000000,-211000000,-297000000,1243000000,,0.441,,,,,,true,false,12,2013-04-01,2014-03-31,-1
2015-05-08,65180,2016-03-31,,6800000000,-0.004,,,,,280000000,0.215,300000000,0.082,,200000000,,22.18,,,,,,,,,,,,,,,,,,,,,,true,true,6,2015-04-01,2015-09-30,1
2015-05-08,65180,2016-03-31,,13650000000,0.015,,,,,600000000,0.283,650000000,0.194,,430000000,,47.69,,,,,,,,,,,,,,,,0.105,,,,,,true,true,12,2015-04-01,2016-03-31,1
2015-05-08,65180,2014-03-31,,,,,,,,,,,,,,,,,,,,,,,,,,,,,,5.00,,,,9143200,122746,9020454,false,false,12,2013-04-01,2014-03-31,-1
2015-05-08,65180,2015-03-31,,,,,,,,,,,,,,,,,,,,,,,,,,,,,,5.00,,,,9143200,125973,9018901,false,false,12,2014-04-01,2015-03-31,0
2015-05-08,65180,2016-03-31,,,,,,,,,,,,,,,,,,,,,,,,,,,,,,5.00,,,,,,,false,true,12,2015-04-01,2016-03-31,1
2015-07-31,65180,2016-03-31,1,3127000000,-0.049,,,,,111000000,0.058,142000000,0.163,,115000000,,12.76,,,,,,13357000000,6607000000,0.495,732.74,6607000000,,,,,,,,,,,,true,false,3,2015-04-01,2015-06-30,0
2015-07-31,65180,2015-03-31,1,3290000000,0.145,,,,,105000000,,122000000,2.516,,75000000,,8.37,,,,,,,,,,,,,,,,,,,,,,true,false,3,2014-04-01,2014-06-30,-1
2015-07-31,65180,2016-03-31,1,6800000000,-0.004,,,,,280000000,0.215,300000000,0.082,,200000000,,22.18,,,,,,,,,,,,,,,,,,,,,,true,true,6,2015-04-01,2015-09-30,0
2015-07-31,65180,2016-03-31,1,13650000000,0.015,,,,,600000000,0.283,650000000,0.194,,430000000,,47.69,,,,,,,,,,,,,,,,,,,,,,true,true,12,2015-04-01,2016-03-31,0
2015-07-31,65180,2015-03-31,1,,,,,,,,,,,,,,,,,,,,12986000000,6555000000,0.505,726.96,6555000000,,,,,,,,,,,,true,false,12,2014-04-01,2015-03-31,-1
2015-07-31,65180,2015-03-31,1,,,,,,,,,,,,,,,,,,,,,,,,,,,,,5.00,,,,9143200,125973,,false,false,12,2014-04-01,2015-03-31,-1
2015-07-31,65180,2016-03-31,1,,,,,,,,,,,,,,,,,,,,,,,,,,,,,5.00,,,,,,,false,true,12,2015-04-01,2016-03-31,0
2015-07-31,65180,2016-03-31,1,,,,,,,,,,,,,,,,,,,,,,,,,,,,,,,,,9143200,126256,9017015,false,false,3,2015-04-01,2015-06-30,0
2015-07-31,65180,2015-03-31,1,,,,,,,,,,,,,,,,,,,,,,,,,,,,,,,,,,,9020204,false,false,3,2014-04-01,2014-06-30,-1
2015-10-30,65180,2016-03-31,2,6560000000,-0.039,,,,,282000000,0.227,328000000,0.183,,214000000,,23.81,,,,,,13904000000,6622000000,0.476,734.45,6622000000,,,,,,,,,,,,true,false,6,2015-04-01,2015-09-30,0
2015-10-30,65180,2015-03-31,2,6830000000,0.179,,,,,230000000,,277000000,,,170000000,,18.95,,,,,,,,,,,,,,,,,,,,,,true,false,6,2014-04-01,2014-09-30,-1
2015-10-30,65180,2016-03-31,2,13650000000,0.015,,,,,600000000,0.283,650000000,0.194,,430000000,,47.69,,,,,,,,,,,,,,,,,,,,,,true,true,12,2015-04-01,2016-03-31,0
2015-10-30,65180,2015-03-31,2,,,,,,,,,,,,,,,,,,,,12986000000,6555000000,0.505,726.96,6555000000,,,,,,,,,,,,true,false,12,2014-04-01,2015-03-31,-1
2015-10-30,65180,2015-03-31,2,,,,,,,,,,,,,,,,,,,,,,,,,,,,,5.00,,,,9143200,125973,,false,false,12,2014-04-01,2015-03-31,-1
2015-10-30,65180,2016-03-31,2,,,,,,,,,,,,,,,,,,,,,,,,,,,,,0.00,,,,,,,false,false,12,2015-04-01,2016-03-31,0
2015-10-30,65180,2016-03-31,2,,,,,,,,,,,,,,,,,,,,,,,,,,,,,5.00,,,,,,,false,true,12,2015-04-01,2016-03-31,0
2015-10-30,65180,2016-03-31,2,,,,,,,,,,,,,,,,,,,,,,,,,,,,,,,,,9143200,126256,9016984,false,false,6,2015-04-01,2015-09-30,0
2015-10-30,65180,2015-03-31,2,,,,,,,,,,,,,,,,,,,,,,,,,,,,,,,,,,,9019901,false,false,6,2014-04-01,2014-09-30,-1
2016-01-29,65180,2016-03-31,3,9988000000,-0.012,,,,,392000000,0.121,471000000,0.146,,301000000,,33.47,,,,,,13543000000,6629000000,0.489,735.20,6629000000,,,,,,,,,,,,true,false,9,2015-04-01,2015-12-31,0
2016-01-29,65180,2015-03-31,3,10108000000,0.136,,,,,349000000,,411000000,6.666,,272000000,,30.21,,,,,,,,,,,,,,,,,,,,,,true,false,9,2014-04-01,2014-12-31,-1
2016-01-29,65180,2016-03-31,3,13650000000,0.015,,,,,600000000,0.283,650000000,0.194,,430000000,,47.69,,,,,,,,,,,,,,,,,,,,,,true,true,12,2015-04-01,2016-03-31,0
2016-01-29,65180,2015-03-31,3,,,,,,,,,,,,,,,,,,,,12986000000,6555000000,0.505,726.96,6555000000,,,,,,,,,,,,true,false,12,2014-04-01,2015-03-31,-1
2016-01-29,65180,2015-03-31,3,,,,,,,,,,,,,,,,,,,,,,,,,,,,,5.00,,,,9143200,125973,,false,false,12,2014-04-01,2015-03-31,-1
2016-01-29,65180,2016-03-31,3,,,,,,,,,,,,,,,,,,,,,,,,,,,,,0.00,,,,,,,false,false,12,2015-04-01,2016-03-31,0
2016-01-29,65180,2016-03-31,3,,,,,,,,,,,,,,,,,,,,,,,,,,,,,5.00,,,,,,,false,true,12,2015-04-01,2016-03-31,0
2016-01-29,65180,2016-03-31,3,,,,,,,,,,,,,,,,,,,,,,,,,,,,,,,,,9143200,126256,9016972,false,false,9,2015-04-01,2015-12-31,0
2016-01-29,65180,2015-03-31,3,,,,,,,,,,,,,,,,,,,,,,,,,,,,,,,,,,,9019394,false,false,9,2014-04-01,2014-12-31,-1
2016-05-12,65180,2016-03-31,,13383000000,-0.004,,,,,526000000,0.125,613000000,0.126,,663000000,,73.57,,0.098,0.046,0.039,,13867000000,6976000000,0.503,773.79,6976000000,1125000000,-1089000000,543000000,2485000000,,0.082,,,,,,true,false,12,2015-04-01,2016-03-31,0
2016-05-12,65180,2015-03-31,,13443000000,0.095,,,,,467000000,3.632,544000000,2.073,,411000000,,45.61,,0.065,0.044,0.035,,12986000000,6555000000,0.505,726.96,6555000000,646000000,-483000000,453000000,1948000000,,0.110,,,,,,true,false,12,2014-04-01,2015-03-31,-1
2016-05-12,65180,2017-03-31,,7000000000,0.067,,,,,280000000,-0.010,320000000,-0.025,,210000000,,23.29,,,,,,,,,,,,,,,,,,,,,,true,true,6,2016-04-01,2016-09-30,1
2016-05-12,65180,2017-03-31,,14300000000,0.069,,,,,580000000,0.102,650000000,0.060,,430000000,,47.69,,,,,,,,,,,,,,,,0.126,,,,,,true,true,12,2016-04-01,2017-03-31,1
2016-05-12,65180,2015-03-31,,,,,,,,,,,,,,,,,,,,,,,,,,,,,,5.00,,,,9143200,125973,9018901,false,false,12,2014-04-01,2015-03-31,-1
2016-05-12,65180,2016-03-31,,,,,,,,,,,,,,,,,,,,,,,,,,,,,,6.00,,,,9143200,126857,9016827,false,false,12,2015-04-01,2016-03-31,0
2016-05-12,65180,2017-03-31,,,,,,,,,,,,,,,,,,,,,,,,,,,,,,6.00,,,,,,,false,true,12,2016-04-01,2017-03-31,1
2016-08-05,65180,2017-03-31,1,3415000000,0.092,,,,,182000000,0.639,191000000,0.341,,300000000,,33.37,,,,,,15223000000,7087000000,0.466,786.13,7087000000,,,,,,,,,,,,true,false,3,2016-04-01,2016-06-30,0
2016-08-05,65180,2016-03-31,1,3127000000,-0.049,,,,,111000000,0.058,142000000,0.163,,115000000,,12.76,,,,,,,,,,,,,,,,,,,,,,true,false,3,2015-04-01,2015-06-30,-1
2016-08-05,65180,2017-03-31,1,7000000000,0.067,,,,,280000000,-0.010,320000000,-0.025,,380000000,,42.15,,,,,,,,,,,,,,,,,,,,,,true,true,6,2016-04-01,2016-09-30,0
2016-08-05,65180,2017-03-31,1,14300000000,0.069,,,,,580000000,0.102,650000000,0.060,,600000000,,66.55,,,,,,,,,,,,,,,,,,,,,,true,true,12,2016-04-01,2017-03-31,0
2016-08-05,65180,2016-03-31,1,,,,,,,,,,,,,,,,,,,,13867000000,6976000000,0.503,773.79,6976000000,,,,,,,,,,,,true,false,12,2015-04-01,2016-03-31,-1
2016-08-05,65180,2016-03-31,1,,,,,,,,,,,,,,,,,,,,,,,,,,,,,6.00,,,,9143200,126857,,false,false,12,2015-04-01,2016-03-31,-1
2016-08-05,65180,2017-03-31,1,,,,,,,,,,,,,,,,,,,,,,,,,,,,,6.00,,,,,,,false,true,12,2016-04-01,2017-03-31,0
2016-08-05,65180,2017-03-31,1,,,,,,,,,,,,,,,,,,,,,,,,,,,,,,,,,9143200,127327,9016225,false,false,3,2016-04-01,2016-06-30,0
2016-08-05,65180,2016-03-31,1,,,,,,,,,,,,,,,,,,,,,,,,,,,,,,,,,,,9017015,false,false,3,2015-04-01,2015-06-30,-1
2016-10-28,65180,2017-03-31,2,6782000000,0.034,,,,,362000000,0.281,405000000,0.236,,481000000,,53.45,,,,,,14835000000,7125000000,0.480,790.36,7125000000,,,,,,,,,,,,true,false,6,2016-04-01,2016-09-30,0
2016-10-28,65180,2016-03-31,2,6560000000,-0.039,,,,,282000000,0.227,328000000,0.183,,214000000,,23.81,,,,,,,,,,,,,,,,,,,,,,true,false,6,2015-04-01,2015-09-30,-1
2016-10-28,65180,2017-03-31,2,14300000000,0.069,,,,,580000000,0.102,650000000,0.060,,600000000,,66.55,,,,,,,,,,,,,,,,,,,,,,true,true,12,2016-04-01,2017-03-31,0
2016-10-28,65180,2016-03-31,2,,,,,,,,,,,,,,,,,,,,13867000000,6976000000,0.503,773.79,6976000000,,,,,,,,,,,,true,false,12,2015-04-01,2016-03-31,-1
2016-10-28,65180,2016-03-31,2,,,,,,,,,,,,,,,,,,,,,,,,,,,,,6.00,,,,9143200,126857,,false,false,12,2015-04-01,2016-03-31,-1
2016-10-28,65180,2017-03-31,2,,,,,,,,,,,,,,,,,,,,,,,,,,,,,0.00,,,,,,,false,false,12,2016-04-01,2017-03-31,0
2016-10-28,65180,2017-03-31,2,,,,,,,,,,,,,,,,,,,,,,,,,,,,,6.00,,,,,,,false,true,12,2016-04-01,2017-03-31,0
2016-10-28,65180,2017-03-31,2,,,,,,,,,,,,,,,,,,,,,,,,,,,,,,,,,9143200,127527,9016017,false,false,6,2016-04-01,2016-09-30,0
2016-10-28,65180,2016-03-31,2,,,,,,,,,,,,,,,,,,,,,,,,,,,,,,,,,,,9016984,false,false,6,2015-04-01,2015-09-30,-1
2017-01-31,65180,2017-03-31,3,10238000000,0.025,,,,,577000000,0.472,671000000,0.425,,643000000,,71.42,,,,,,14782000000,7400000000,0.501,821.01,7400000000,,,,,,,,,,,,true,false,9,2016-04-01,2016-12-31,0
2017-01-31,65180,2016-03-31,3,9988000000,-0.012,,,,,392000000,0.121,471000000,0.146,,301000000,,33.47,,,,,,,,,,,,,,,,,,,,,,true,false,9,2015-04-01,2015-12-31,-1
2017-01-31,65180,2017-03-31,3,14300000000,0.069,,,,,580000000,0.102,650000000,0.060,,600000000,,66.55,,,,,,,,,,,,,,,,,,,,,,true,true,12,2016-04-01,2017-03-31,0
2017-01-31,65180,2016-03-31,3,,,,,,,,,,,,,,,,,,,,13867000000,6976000000,0.503,773.79,6976000000,,,,,,,,,,,,true,false,12,2015-04-01,2016-03-31,-1
2017-01-31,65180,2016-03-31,3,,,,,,,,,,,,,,,,,,,,,,,,,,,,,6.00,,,,9143200,126857,,false,false,12,2015-04-01,2016-03-31,-1
2017-01-31,65180,2017-03-31,3,,,,,,,,,,,,,,,,,,,,,,,,,,,,,0.00,,,,,,,false,false,12,2016-04-01,2017-03-31,0
2017-01-31,65180,2017-03-31,3,,,,,,,,,,,,,,,,,,,,,,,,,,,,,6.00,,,,,,,false,true,12,2016-04-01,2017-03-31,0
2017-01-31,65180,2017-03-31,3,,,,,,,,,,,,,,,,,,,,,,,,,,,,,,,,,9143200,129261,9015454,false,false,9,2016-04-01,2016-12-31,0
2017-01-31,65180,2016-03-31,3,,,,,,,,,,,,,,,,,,,,,,,,,,,,,,,,,,,9016972,false,false,9,2015-04-01,2015-12-31,-1
2017-05-12,65180,2017-03-31,,13948000000,0.042,,,,,681000000,0.295,774000000,0.263,,807000000,,89.54,,0.110,0.052,0.049,,15745000000,7706000000,0.489,855.03,7706000000,1730000000,-485000000,-579000000,3055000000,,0.078,,,,,,true,false,12,2016-04-01,2017-03-31,0
2017-05-12,65180,2016-03-31,,13383000000,-0.004,,,,,526000000,0.125,613000000,0.126,,663000000,,73.57,,0.098,0.046,0.039,,13867000000,6976000000,0.503,773.79,6976000000,1125000000,-1089000000,543000000,2485000000,,0.082,,,,,,true,false,12,2015-04-01,2016-03-31,-1
2017-05-12,65180,2018-03-31,,7000000000,0.032,,,,,350000000,-0.034,370000000,-0.087,,250000000,,27.74,,,,,,,,,,,,,,,,,,,,,,true,true,6,2017-04-01,2017-09-30,1
2017-05-12,65180,2018-03-31,,14500000000,0.040,,,,,750000000,0.100,790000000,0.020,,530000000,,117.61,,,,,,,,,,,,,,,,0.119,,,,,,true,true,12,2017-04-01,2018-03-31,1
2017-05-12,65180,2016-03-31,,,,,,,,,,,,,,,,,,,,,,,,,,,,,,6.00,,,,9143200,126857,9016827,false,false,12,2015-04-01,2016-03-31,-1
2017-05-12,65180,2017-03-31,,,,,,,,,,,,,,,,,,,,,,,,,,,,,,7.00,,,,9143200,130067,9014980,false,false,12,2016-04-01,2017-03-31,0
2017-05-12,65180,2018-03-31,,,,,,,,,,,,,,,,,,,,,,,,,,,,,,14.00,,,,,,,false,true,12,2017-04-01,2018-03-31,1
2017-08-04,65180,2018-03-31,1,3621000000,0.060,,,,,245000000,0.349,240000000,0.258,,168000000,,18.70,,,,,,15810000000,7813000000,0.494,,7813000000,,,,,,,,,,,,true,false,3,2017-04-01,2017-06-30,0
2017-08-04,65180,2017-03-31,1,3415000000,0.092,,,,,182000000,0.639,191000000,0.341,,300000000,,33.37,,,,,,,,,,,,,,,,,,,,,,true,false,3,2016-04-01,2016-06-30,-1
2017-08-04,65180,2018-03-31,1,7000000000,0.032,,,,,350000000,-0.034,370000000,-0.087,,250000000,,27.74,,,,,,,,,,,,,,,,,,,,,,true,true,6,2017-04-01,2017-09-30,0
2017-08-04,65180,2018-03-31,1,14500000000,0.040,,,,,750000000,0.100,790000000,0.020,,530000000,,117.61,,,,,,,,,,,,,,,,,,,,,,true,true,12,2017-04-01,2018-03-31,0
2017-08-04,65180,2017-03-31,1,,,,,,,,,,,,,,,,,,,,15745000000,7706000000,0.489,,7706000000,,,,,,,,,,,,true,false,12,2016-04-01,2017-03-31,-1
2017-08-04,65180,2017-03-31,1,,,,,,,,,,,,,,,,,,,,,,,,,,,,,7.00,,,,9143200,130067,,false,false,12,2016-04-01,2017-03-31,-1
2017-08-04,65180,2018-03-31,1,,,,,,,,,,,,,,,,,,,,,,,,,,,,,14.00,,,,,,,false,true,12,2017-04-01,2018-03-31,0
2017-08-04,65180,2018-03-31,1,,,,,,,,,,,,,,,,,,,,,,,,,,,,,,,,,9143200,130067,9013133,false,false,3,2017-04-01,2017-06-30,0
2017-08-04,65180,2017-03-31,1,,,,,,,,,,,,,,,,,,,,,,,,,,,,,,,,,,,9016225,false,false,3,2016-04-01,2016-06-30,-1
2017-10-31,65180,2018-03-31,2,7550000000,0.113,,,,,485000000,0.339,500000000,0.235,,343000000,,76.18,,,,,,15960000000,8080000000,0.506,,8080000000,,,,,,,,,,,,true,false,6,2017-04-01,2017-09-30,0
2017-10-31,65180,2017-03-31,2,6782000000,0.034,,,,,362000000,0.281,405000000,0.236,,481000000,,106.89,,,,,,,,,,,,,,,,,,,,,,true,false,6,2016-04-01,2016-09-30,-1
2017-10-31,65180,2018-03-31,2,14800000000,0.061,,,,,930000000,0.364,950000000,0.227,,660000000,,146.46,,,,,,,,,,,,,,,,,,,,,,true,true,12,2017-04-01,2018-03-31,0
2017-10-31,65180,2017-03-31,2,,,,,,,,,,,,,,,,,,,,15745000000,7706000000,0.489,,7706000000,,,,,,,,,,,,true,false,12,2016-04-01,2017-03-31,-1
2017-10-31,65180,2017-03-31,2,,,,,,,,,,,,,,,,,,,,,,,,,,,,,7.00,,,,4571600,65033,,false,false,12,2016-04-01,2017-03-31,-1
2017-10-31,65180,2018-03-31,2,,,,,,,,,,,,,,,,,,,,,,,,,,,,,0.00,,,,,,,false,false,12,2017-04-01,2018-03-31,0
2017-10-31,65180,2018-03-31,2,,,,,,,,,,,,,,,,,,,,,,,,,,,,,14.00,,,,,,,false,true,12,2017-04-01,2018-03-31,0
2017-10-31,65180,2018-03-31,2,,,,,,,,,,,,,,,,,,,,,,,,,,,,,,,,,4571600,66044,4506332,false,false,6,2017-04-01,2017-09-30,0
2017-10-31,65180,2017-03-31,2,,,,,,,,,,,,,,,,,,,,,,,,,,,,,,,,,,,4508008,false,false,6,2016-04-01,2016-09-30,-1
2018-01-31,65180,2018-03-31,3,11543000000,0.128,,,,,747000000,0.295,775000000,0.154,,572000000,,127.05,,,,,,16118000000,8393000000,0.521,,8393000000,,,,,,,,,,,,true,false,9,2017-04-01,2017-12-31,0
2018-01-31,65180,2017-03-31,3,10238000000,0.025,,,,,577000000,0.472,671000000,0.425,,643000000,,142.84,,,,,,,,,,,,,,,,,,,,,,true,false,9,2016-04-01,2016-12-31,-1
2018-01-31,65180,2018-03-31,3,14800000000,0.061,,,,,930000000,0.364,950000000,0.227,,660000000,,146.46,,,,,,,,,,,,,,,,,,,,,,true,true,12,2017-04-01,2018-03-31,0
2018-01-31,65180,2017-03-31,3,,,,,,,,,,,,,,,,,,,,15745000000,7706000000,0.489,,7706000000,,,,,,,,,,,,true,false,12,2016-04-01,2017-03-31,-1
2018-01-31,65180,2017-03-31,3,,,,,,,,,,,,,,,,,,,,,,,,,,,,,7.00,,,,4571600,65033,,false,false,12,2016-04-01,2017-03-31,-1
2018-01-31,65180,2018-03-31,3,,,,,,,,,,,,,,,,,,,,,,,,,,,,,0.00,,,,,,,false,false,12,2017-04-01,2018-03-31,0
2018-01-31,65180,2018-03-31,3,,,,,,,,,,,,,,,,,,,,,,,,,,,,,14.00,,,,,,,false,true,12,2017-04-01,2018-03-31,0
2018-01-31,65180,2018-03-31,3,,,,,,,,,,,,,,,,,,,,,,,,,,,,,,,,,4571600,66067,4506093,false,false,9,2017-04-01,2017-12-31,0
2018-01-31,65180,2017-03-31,3,,,,,,,,,,,,,,,,,,,,,,,,,,,,,,,,,,,4507727,false,false,9,2016-04-01,2016-12-31,-1
,65180,2018-03-31,,,,,,,,,,,,,,,,,,,,,,,,,,,,,,20.00,,,,,,,false,true,12,2017-04-01,2018-03-31,0
,65180,2018-03-31,,,,,,,,,,,,,,,,,,,,,,,,,,,,,,0.00,,,,,,,false,false,12,2017-04-01,2018-03-31,0
,65180,2017-03-31,,,,,,,,,,,,,,,,,,,,,,,,,,,,,,7.00,,,,,,,false,false,12,2016-04-01,2017-03-31,-1
2018-05-11,65180,2018-03-31,,15554000000,0.115,,,,,882000000,0.295,924000000,0.194,,798000000,,177.15,,0.098,0.057,0.057,,16427000000,8590000000,0.523,1906.57,8590000000,1117000000,-652000000,-861000000,2677000000,,0.113,,,,,,true,false,12,2017-04-01,2018-03-31,0
2018-05-11,65180,2017-03-31,,13948000000,0.042,,,,,681000000,0.295,774000000,0.263,,807000000,,179.07,,0.110,0.052,0.049,,15745000000,7706000000,0.489,1710.06,7706000000,1730000000,-485000000,-579000000,3055000000,,0.078,,,,,,true,false,12,2016-04-01,2017-03-31,-1
2018-05-11,65180,2019-03-31,,8100000000,0.073,,,,,610000000,0.257,620000000,0.238,,430000000,,95.44,,,,,,,,,,,,,,,,,,,,,,true,true,6,2018-04-01,2018-09-30,1
2018-05-11,65180,2019-03-31,,16200000000,0.042,,,,,1100000000,0.246,1130000000,0.222,,800000000,,177.56,,,,,,,,,,,,,,,,0.122,,,,,,true,true,12,2018-04-01,2019-03-31,1
2018-05-11,65180,2018-03-31,,13585000000,0.191,,,,,773000000,1.395,851000000,0.530,747000000,,0.624,165.87,,,,,,13926000000,7148000000,0.513,1586.54,7148000000,,,,,20.00,,,,4571600,66067,4505963,false,false,12,2017-04-01,2018-03-31,0
2018-05-11,65180,2017-03-31,,11405000000,0.003,,,,,323000000,0.122,556000000,0.567,460000000,,0.323,102.12,,,,,,13393000000,6412000000,0.479,1422.97,6412000000,,,,,7.00,,,,4571600,65033,4507490,false,false,12,2016-04-01,2017-03-31,-1
2018-05-11,65180,2019-03-31,,,,,,,,,,,,,,,,,,,,,,,,,,,,,,22.00,,,,,,,false,true,12,2018-04-01,2019-03-31,1
2018-07-31,65180,2019-03-31,1,3984000000,0.100,,,,,306000000,0.246,315000000,0.310,,225000000,,49.99,,,,,,16707000000,8675000000,0.519,,8675000000,,,,,,,,,,,,true,false,3,2018-04-01,2018-06-30,0
2018-07-31,65180,2018-03-31,1,3621000000,0.060,,,,,245000000,0.349,240000000,0.258,,168000000,,37.39,,,,,,,,,,,,,,,,,,,,,,true,false,3,2017-04-01,2017-06-30,-1
2018-07-31,65180,2019-03-31,1,8100000000,0.073,,,,,610000000,0.257,620000000,0.238,,430000000,,95.44,,,,,,,,,,,,,,,,,,,,,,true,true,6,2018-04-01,2018-09-30,0
2018-07-31,65180,2019-03-31,1,16200000000,0.042,,,,,1100000000,0.246,1130000000,0.222,,800000000,,177.56,,,,,,,,,,,,,,,,,,,,,,true,true,12,2018-04-01,2019-03-31,0
2018-07-31,65180,2018-03-31,1,,,,,,,,,,,,,,,,,,,,16420000000,8590000000,0.523,,8590000000,,,,,,,,,,,,true,false,12,2017-04-01,2018-03-31,-1
2018-07-31,65180,2018-03-31,1,,,,,,,,,,,,,,,,,,,,,,,,,,,,,20.00,,,,4571600,66067,,false,false,12,2017-04-01,2018-03-31,-1
2018-07-31,65180,2019-03-31,1,,,,,,,,,,,,,,,,,,,,,,,,,,,,,22.00,,,,,,,false,true,12,2018-04-01,2019-03-31,0
2018-07-31,65180,2019-03-31,1,,,,,,,,,,,,,,,,,,,,,,,,,,,,,,,,,4571600,66087,4505528,false,false,3,2018-04-01,2018-06-30,0
2018-07-31,65180,2018-03-31,1,,,,,,,,,,,,,,,,,,,,,,,,,,,,,,,,,,,4506566,false,false,3,2017-04-01,2017-06-30,-1
2018-10-31,65180,2019-03-31,2,8120000000,0.076,,,,,562000000,0.159,581000000,0.162,,402000000,,89.31,,,,,,17425000000,8858000000,0.508,,8858000000,,,,,,,,,,,,true,false,6,2018-04-01,2018-09-30,0
2018-10-31,65180,2018-03-31,2,7550000000,0.113,,,,,485000000,0.339,500000000,0.235,,343000000,,76.18,,,,,,,,,,,,,,,,,,,,,,true,false,6,2017-04-01,2017-09-30,-1
2018-10-31,65180,2019-03-31,2,16200000000,0.042,,,,,1100000000,0.246,1130000000,0.222,,800000000,,177.56,,,,,,,,,,,,,,,,,,,,,,true,true,12,2018-04-01,2019-03-31,0
2018-10-31,65180,2018-03-31,2,,,,,,,,,,,,,,,,,,,,16420000000,8590000000,0.523,,8590000000,,,,,,,,,,,,true,false,12,2017-04-01,2018-03-31,-1
2018-10-31,65180,2018-03-31,2,,,,,,,,,,,,,,,,,,,,,,,,,,,,,20.00,,,,4571600,66067,,false,false,12,2017-04-01,2018-03-31,-1
2018-10-31,65180,2019-03-31,2,,,,,,,,,,,,,,,,,,,,,,,,,,,,,0.00,,,,,,,false,false,12,2018-04-01,2019-03-31,0
2018-10-31,65180,2019-03-31,2,,,,,,,,,,,,,,,,,,,,,,,,,,,,,22.00,,,,,,,false,true,12,2018-04-01,2019-03-31,0
2018-10-31,65180,2019-03-31,2,,,,,,,,,,,,,,,,,,,,,,,,,,,,,,,,,4571600,66087,4505522,false,false,6,2018-04-01,2018-09-30,0
2018-10-31,65180,2018-03-31,2,,,,,,,,,,,,,,,,,,,,,,,,,,,,,,,,,,,4506332,false,false,6,2017-04-01,2017-09-30,-1
2019-01-31,65180,2019-03-31,3,12170000000,0.054,,,,,793000000,0.061,808000000,0.043,,542000000,,120.41,,,,,,16919000000,8835000000,0.522,,8835000000,,,,,,,,,,,,true,false,9,2018-04-01,2018-12-31,0
2019-01-31,65180,2018-03-31,3,11543000000,0.128,,,,,747000000,0.295,775000000,0.154,,572000000,,127.05,,,,,,,,,,,,,,,,,,,,,,true,false,9,2017-04-01,2017-12-31,-1
2019-01-31,65180,2019-03-31,3,16200000000,0.042,,,,,1100000000,0.246,1130000000,0.222,,800000000,,177.56,,,,,,,,,,,,,,,,,,,,,,true,true,12,2018-04-01,2019-03-31,0
2019-01-31,65180,2018-03-31,3,,,,,,,,,,,,,,,,,,,,16420000000,8590000000,0.523,,8590000000,,,,,,,,,,,,true,false,12,2017-04-01,2018-03-31,-1
2019-01-31,65180,2018-03-31,3,,,,,,,,,,,,,,,,,,,,,,,,,,,,,20.00,,,,4571600,66067,,false,false,12,2017-04-01,2018-03-31,-1
2019-01-31,65180,2019-03-31,3,,,,,,,,,,,,,,,,,,,,,,,,,,,,,0.00,,,,,,,false,false,12,2018-04-01,2019-03-31,0
2019-01-31,65180,2019-03-31,3,,,,,,,,,,,,,,,,,,,,,,,,,,,,,22.00,,,,,,,false,true,12,2018-04-01,2019-03-31,0
2019-01-31,65180,2019-03-31,3,,,,,,,,,,,,,,,,,,,,,,,,,,,,,,,,,4571600,66087,4505519,false,false,9,2018-04-01,2018-12-31,0
2019-01-31,65180,2018-03-31,3,,,,,,,,,,,,,,,,,,,,,,,,,,,,,,,,,,,4506093,false,false,9,2017-04-01,2017-12-31,-1
2019-05-10,65180,2019-03-31,,15804000000,0.016,,,,,859000000,-0.026,893000000,-0.034,,657000000,,146.10,,0.075,0.054,0.054,,16606000000,8928000000,0.538,1997.13,8928000000,1265000000,-1220000000,-58000000,2621000000,,0.151,,,,,,true,false,12,2018-04-01,2019-03-31,0
2019-05-10,65180,2018-03-31,,15554000000,0.115,,,,,882000000,0.295,924000000,0.194,,798000000,,177.15,,0.098,0.058,0.057,,16420000000,8590000000,0.523,1906.57,8590000000,1117000000,-652000000,-861000000,2677000000,,0.113,,,,,,true,false,12,2017-04-01,2018-03-31,-1
2019-05-10,65180,2020-03-31,,7000000000,-0.138,,,,,190000000,-0.662,200000000,-0.656,,140000000,,31.32,,,,,,,,,,,,,,,,,,,,,,true,true,6,2019-04-01,2019-09-30,1
2019-05-10,65180,2020-03-31,,14300000000,-0.095,,,,,440000000,-0.488,460000000,-0.485,,330000000,,73.82,,,,,,,,,,,,,,,,0.298,,,,,,true,true,12,2019-04-01,2020-03-31,1
2019-05-10,65180,2019-03-31,,13792000000,0.015,,,,,723000000,-0.064,764000000,-0.102,662000000,,-0.114,147.16,,,,,,14373000000,7634000000,0.531,1707.71,7634000000,,,,,22.00,,,,4571600,101087,4500133,false,false,12,2018-04-01,2019-03-31,0
2019-05-10,65180,2018-03-31,,13585000000,0.191,,,,,773000000,1.395,851000000,0.530,747000000,,0.624,165.87,,,,,,13926000000,7148000000,0.513,1586.54,7148000000,,,,,20.00,,,,4571600,66067,4505963,false,false,12,2017-04-01,2018-03-31,-1
2019-05-10,65180,2020-03-31,,,,,,,,,,,,,,,,,,,,,,,,,,,,,,22.00,,,,,,,false,true,12,2019-04-01,2020-03-31,1
2019-07-31,65180,2020-03-31,1,3586000000,-0.100,,,,,103000000,-0.662,126000000,-0.597,,76000000,,17.10,,,,,,16659000000,8877000000,0.533,,8877000000,,,,,,,,,,,,true,false,3,2019-04-01,2019-06-30,0
2019-07-31,65180,2019-03-31,1,3984000000,0.100,,,,,306000000,0.246,315000000,0.310,,225000000,,49.99,,,,,,,,,,,,,,,,,,,,,,true,false,3,2018-04-01,2018-06-30,-1
2019-07-31,65180,2020-03-31,1,7000000000,-0.138,,,,,190000000,-0.662,200000000,-0.656,,140000000,,31.32,,,,,,,,,,,,,,,,,,,,,,true,true,6,2019-04-01,2019-09-30,0
2019-07-31,65180,2020-03-31,1,14300000000,-0.095,,,,,440000000,-0.488,460000000,-0.485,,330000000,,73.82,,,,,,,,,,,,,,,,,,,,,,true,true,12,2019-04-01,2020-03-31,0
2019-07-31,65180,2019-03-31,1,,,,,,,,,,,,,,,,,,,,16606000000,8928000000,0.538,,8928000000,,,,,,,,,,,,true,false,12,2018-04-01,2019-03-31,-1
2019-07-31,65180,2019-03-31,1,,,,,,,,,,,,,,,,,,,,,,,,,,,,,22.00,,,,4571600,101087,,false,false,12,2018-04-01,2019-03-31,-1
2019-07-31,65180,2020-03-31,1,,,,,,,,,,,,,,,,,,,,,,,,,,,,,22.00,,,,,,,false,true,12,2019-04-01,2020-03-31,0
2019-07-31,65180,2020-03-31,1,,,,,,,,,,,,,,,,,,,,,,,,,,,,,,,,,4571600,101087,4470513,false,false,3,2019-04-01,2019-06-30,0
2019-07-31,65180,2019-03-31,1,,,,,,,,,,,,,,,,,,,,,,,,,,,,,,,,,,,4505528,false,false,3,2018-04-01,2018-06-30,-1
2019-10-31,65180,2020-03-31,2,7031000000,-0.134,,,,,164000000,-0.708,197000000,-0.661,,130000000,,29.15,,,,,,16193000000,8842000000,0.546,,8842000000,,,,,,,,,,,,true,false,6,2019-04-01,2019-09-30,0
2019-10-31,65180,2019-03-31,2,8120000000,0.076,,,,,562000000,0.159,581000000,0.162,,402000000,,89.31,,,,,,,,,,,,,,,,,,,,,,true,false,6,2018-04-01,2018-09-30,-1
2019-10-31,65180,2020-03-31,2,14300000000,-0.095,,,,,440000000,-0.488,460000000,-0.485,,330000000,,73.82,,,,,,,,,,,,,,,,,,,,,,true,true,12,2019-04-01,2020-03-31,0
2019-10-31,65180,2019-03-31,2,,,,,,,,,,,,,,,,,,,,16606000000,8928000000,0.538,,8928000000,,,,,,,,,,,,true,false,12,2018-04-01,2019-03-31,-1
2019-10-31,65180,2019-03-31,2,,,,,,,,,,,,,,,,,,,,,,,,,,,,,22.00,,,,4571600,101087,,false,false,12,2018-04-01,2019-03-31,-1
2019-10-31,65180,2020-03-31,2,,,,,,,,,,,,,,,,,,,,,,,,,,,,,0.00,,,,,,,false,false,12,2019-04-01,2020-03-31,0
2019-10-31,65180,2020-03-31,2,,,,,,,,,,,,,,,,,,,,,,,,,,,,,22.00,,,,,,,false,true,12,2019-04-01,2020-03-31,0
2019-10-31,65180,2020-03-31,2,,,,,,,,,,,,,,,,,,,,,,,,,,,,,,,,,4589800,101087,4478313,false,false,6,2019-04-01,2019-09-30,0
2019-10-31,65180,2019-03-31,2,,,,,,,,,,,,,,,,,,,,,,,,,,,,,,,,,,,4505522,false,false,6,2018-04-01,2018-09-30,-1
2020-01-31,65180,2020-03-31,3,10402000000,-0.145,,,,,238000000,-0.700,287000000,-0.645,,181000000,,40.57,,,,,,15850000000,8922000000,0.563,,8922000000,,,,,,,,,,,,true,false,9,2019-04-01,2019-12-31,0
2020-01-31,65180,2019-03-31,3,12170000000,0.054,,,,,793000000,0.061,808000000,0.043,,542000000,,120.41,,,,,,,,,,,,,,,,,,,,,,true,false,9,2018-04-01,2018-12-31,-1
2020-01-31,65180,2020-03-31,3,13800000000,-0.127,,,,,280000000,-0.674,340000000,-0.619,,220000000,,49.07,,,,,,,,,,,,,,,,,,,,,,true,true,12,2019-04-01,2020-03-31,0
2020-01-31,65180,2019-03-31,3,,,,,,,,,,,,,,,,,,,,16606000000,8928000000,0.538,,8928000000,,,,,,,,,,,,true,false,12,2018-04-01,2019-03-31,-1
2020-01-31,65180,2019-03-31,3,,,,,,,,,,,,,,,,,,,,,,,,,,,,,22.00,,,,4571600,101087,,false,false,12,2018-04-01,2019-03-31,-1
2020-01-31,65180,2020-03-31,3,,,,,,,,,,,,,,,,,,,,,,,,,,,,,0.00,,,,,,,false,false,12,2019-04-01,2020-03-31,0
2020-01-31,65180,2020-03-31,3,,,,,,,,,,,,,,,,,,,,,,,,,,,,,22.00,,,,,,,false,true,12,2019-04-01,2020-03-31,0
2020-01-31,65180,2020-03-31,3,,,,,,,,,,,,,,,,,,,,,,,,,,,,,,,,,4589800,101087,4481433,false,false,9,2019-04-01,2019-12-31,0
2020-01-31,65180,2019-03-31,3,,,,,,,,,,,,,,,,,,,,,,,,,,,,,,,,,,,4505519,false,false,9,2018-04-01,2018-12-31,-1
2020-01-31,65180,2020-03-31,,13800000000,-0.035,,,,,280000000,-0.364,340000000,-0.261,,220000000,,49.07,,,,,,,,,,,,,,,,,,,,,,true,true,12,2019-04-01,2020-03-31,0
2020-01-31,65180,2019-03-31,,15804000000,,,,,,859000000,,893000000,,,657000000,,146.10,,,,,,,,,,,,,,,,,,,,,,true,false,12,2018-04-01,2019-03-31,-1
2020-05-15,65180,2020-03-31,,13719000000,-0.132,,,,,245000000,-0.714,282000000,-0.683,,172000000,,38.58,,0.019,0.018,0.018,,15422000000,8831000000,0.573,1967.60,8831000000,1518000000,-982000000,-641000000,2495000000,,0.570,,,,,,true,false,12,2019-04-01,2020-03-31,0
2020-05-15,65180,2019-03-31,,15804000000,0.016,,,,,859000000,-0.026,893000000,-0.034,,657000000,,146.10,,0.075,0.054,0.054,,16606000000,8928000000,0.538,1997.13,8928000000,1265000000,-1220000000,-58000000,2621000000,,0.151,,,,,,true,false,12,2018-04-01,2019-03-31,-1
2020-05-15,65180,2021-03-31,,7000000000,0.995,,,,,330000000,2.011,350000000,1.774,,220000000,,49.07,,,,,,,,,,,,,,,,,,,,,,true,true,6,2020-04-01,2020-09-30,1
2020-05-15,65180,2021-03-31,,13800000000,1.006,,,,,600000000,2.445,630000000,2.228,,400000000,,89.22,,,,,,,,,,,,,,,,0.247,,,,,,true,true,12,2020-04-01,2021-03-31,1
2020-05-15,65180,2020-03-31,,11933000000,-0.135,,,,,341000000,-0.528,397000000,-0.480,317000000,,-0.521,70.72,,,,,,13256000000,7761000000,0.585,1729.11,7761000000,,,,,22.00,,,,4589800,101087,4483113,false,false,12,2019-04-01,2020-03-31,0
2020-05-15,65180,2019-03-31,,13792000000,0.015,,,,,723000000,-0.064,764000000,-0.102,662000000,,-0.114,147.16,,,,,,14373000000,7634000000,0.531,1707.71,7634000000,,,,,22.00,,,,4571600,101087,4500133,false,false,12,2018-04-01,2019-03-31,-1
2020-05-15,65180,2021-03-31,,,,,,,,,,,,,,,,,,,,,,,,,,,,,,22.00,,,,,,,false,true,12,2020-04-01,2021-03-31,1
2020-07-31,65180,2021-03-31,1,3120000000,-0.130,,,,,172000000,0.672,191000000,0.511,,128000000,,28.55,,,,,,15579000000,8906000000,0.572,,8906000000,,,,,,,,,,,,true,false,3,2020-04-01,2020-06-30,0
2020-07-31,65180,2020-03-31,1,3586000000,-0.100,,,,,103000000,-0.662,126000000,-0.597,,76000000,,17.10,,,,,,,,,,,,,,,,,,,,,,true,false,3,2019-04-01,2019-06-30,-1
2020-07-31,65180,2021-03-31,1,7000000000,0.995,,,,,330000000,2.011,350000000,1.774,,220000000,,49.07,,,,,,,,,,,,,,,,,,,,,,true,true,6,2020-04-01,2020-09-30,0
2020-07-31,65180,2021-03-31,1,13800000000,1.006,,,,,600000000,2.445,630000000,2.228,,400000000,,89.22,,,,,,,,,,,,,,,,,,,,,,true,true,12,2020-04-01,2021-03-31,0
2020-07-31,65180,2020-03-31,1,,,,,,,,,,,,,,,,,,,,15422000000,8831000000,0.573,,8831000000,,,,,,,,,,,,true,false,12,2019-04-01,2020-03-31,-1
2020-07-31,65180,2020-03-31,1,,,,,,,,,,,,,,,,,,,,,,,,,,,,,22.00,,,,4589800,101087,,false,false,12,2019-04-01,2020-03-31,-1
2020-07-31,65180,2021-03-31,1,,,,,,,,,,,,,,,,,,,,,,,,,,,,,22.00,,,,,,,false,true,12,2020-04-01,2021-03-31,0
2020-07-31,65180,2021-03-31,1,,,,,,,,,,,,,,,,,,,,,,,,,,,,,,,,,4589800,101087,4488713,false,false,3,2020-04-01,2020-06-30,0
2020-07-31,65180,2020-03-31,1,,,,,,,,,,,,,,,,,,,,,,,,,,,,,,,,,,,4470513,false,false,3,2019-04-01,2019-06-30,-1
2020-10-30,65180,2021-03-31,2,6287000000,-0.106,,,,,177000000,0.080,265000000,0.343,,139000000,,31.14,,,,,,15349000000,8983000000,0.585,,8983000000,,,,,,,,,,,,true,false,6,2020-04-01,2020-09-30,0
2020-10-30,65180,2020-03-31,2,7031000000,-0.134,,,,,164000000,-0.708,197000000,-0.661,,130000000,,29.15,,,,,,,,,,,,,,,,,,,,,,true,false,6,2019-04-01,2019-09-30,-1
2020-10-30,65180,2021-03-31,2,12800000000,-0.067,,,,,230000000,-0.063,400000000,0.414,,220000000,,48.89,,,,,,,,,,,,,,,,,,,,,,true,true,12,2020-04-01,2021-03-31,0
2020-10-30,65180,2020-03-31,2,,,,,,,,,,,,,,,,,,,,15422000000,8831000000,0.573,,8831000000,,,,,,,,,,,,true,false,12,2019-04-01,2020-03-31,-1
2020-10-30,65180,2020-03-31,2,,,,,,,,,,,,,,,,,,,,,,,,,,,,,22.00,,,,4589800,101087,,false,false,12,2019-04-01,2020-03-31,-1
2020-10-30,65180,2021-03-31,2,,,,,,,,,,,,,,,,,,,,,,,,,,,,,0.00,,,,,,,false,false,12,2020-04-01,2021-03-31,0
2020-10-30,65180,2021-03-31,2,,,,,,,,,,,,,,,,,,,,,,,,,,,,,22.00,,,,,,,false,true,12,2020-04-01,2021-03-31,0
2020-10-30,65180,2021-03-31,2,,,,,,,,,,,,,,,,,,,,,,,,,,,,,,,,,4606100,101087,4495699,false,false,6,2020-04-01,2020-09-30,0
2020-10-30,65180,2020-03-31,2,,,,,,,,,,,,,,,,,,,,,,,,,,,,,,,,,,,4478313,false,false,6,2019-04-01,2019-09-30,-1
2021-01-29,65180,2021-03-31,3,9549000000,-0.082,,,,,269000000,0.131,423000000,0.476,,244000000,,54.31,,,,,,15486000000,9112000000,0.588,,9112000000,,,,,,,,,,,,true,false,9,2020-04-01,2020-12-31,0
2021-01-29,65180,2020-03-31,3,10402000000,-0.145,,,,,238000000,-0.700,287000000,-0.645,,181000000,,40.57,,,,,,,,,,,,,,,,,,,,,,true,false,9,2019-04-01,2019-12-31,-1
2021-01-29,65180,2021-03-31,3,12800000000,-0.067,,,,,230000000,-0.063,400000000,0.414,,220000000,,48.89,,,,,,,,,,,,,,,,,,,,,,true,true,12,2020-04-01,2021-03-31,0
2021-01-29,65180,2020-03-31,3,,,,,,,,,,,,,,,,,,,,15422000000,8831000000,0.573,,8831000000,,,,,,,,,,,,true,false,12,2019-04-01,2020-03-31,-1
2021-01-29,65180,2020-03-31,3,,,,,,,,,,,,,,,,,,,,,,,,,,,,,22.00,,,,4589800,101087,,false,false,12,2019-04-01,2020-03-31,-1
2021-01-29,65180,2021-03-31,3,,,,,,,,,,,,,,,,,,,,,,,,,,,,,0.00,,,,,,,false,false,12,2020-04-01,2021-03-31,0
2021-01-29,65180,2021-03-31,3,,,,,,,,,,,,,,,,,,,,,,,,,,,,,22.00,,,,,,,false,true,12,2020-04-01,2021-03-31,0
2021-01-29,65180,2021-03-31,3,,,,,,,,,,,,,,,,,,,,,,,,,,,,,,,,,4606100,101087,4498493,false,false,9,2020-04-01,2020-12-31,0
2021-01-29,65180,2020-03-31,3,,,,,,,,,,,,,,,,,,,,,,,,,,,,,,,,,,,4481433,false,false,9,2019-04-01,2019-12-31,-1
2021-04-26,65180,2021-03-31,,12926000000,0.010,,,,,387000000,0.683,586000000,0.465,,403000000,,89.68,,,,,,,,,,,,,,,,,,,,,,true,true,12,2020-04-01,2021-03-31,0
2021-04-26,65180,2020-03-31,,13719000000,,,,,,245000000,,282000000,,,172000000,,38.58,,,,,,,,,,,,,,,,,,,,,,true,false,12,2019-04-01,2020-03-31,-1
2021-05-07,65180,2021-03-31,,12926000000,-0.058,,,,,385000000,0.569,583000000,1.065,,402000000,,89.41,,0.044,0.037,0.030,,15749000000,9356000000,0.594,2076.83,9356000000,1239000000,-244000000,-573000000,2922000000,,0.246,,,,,,true,false,12,2020-04-01,2021-03-31,0
2021-05-07,65180,2020-03-31,,13719000000,-0.132,,,,,245000000,-0.714,282000000,-0.683,,172000000,,38.58,,0.019,0.018,0.018,,15422000000,8831000000,0.573,1967.60,8831000000,1518000000,-982000000,-641000000,2495000000,,0.570,,,,,,true,false,12,2019-04-01,2020-03-31,-1
2021-05-07,65180,2022-03-31,,7000000000,0.113,,,,,260000000,0.467,300000000,0.132,,240000000,,53.27,,,,,,,,,,,,,,,,,,,,,,true,true,6,2021-04-01,2021-09-30,1
2021-05-07,65180,2022-03-31,,13700000000,0.060,,,,,560000000,0.454,630000000,0.079,,470000000,,104.33,,,,,,,,,,,,,,,,,,,,,,true,true,12,2021-04-01,2022-03-31,1
2021-05-07,65180,2021-03-31,,11214000000,-0.060,,,,,435000000,0.276,620000000,0.562,479000000,,0.512,106.52,,,,,,13606000000,8299000000,0.610,1842.36,8299000000,,,,,22.00,,,,4606100,101087,4499998,false,false,12,2020-04-01,2021-03-31,0
2021-05-07,65180,2020-03-31,,11933000000,-0.135,,,,,341000000,-0.528,397000000,-0.480,317000000,,-0.521,70.72,,,,,,13256000000,7761000000,0.585,1729.11,7761000000,,,,,22.00,,,,4589800,101087,4483113,false,false,12,2019-04-01,2020-03-31,-1
2021-05-07,65180,2022-03-31,,,,,,,,,,,,,,,,,,,,,,,,,,,,,,22.00,,,,,,,false,true,12,2021-04-01,2022-03-31,1
2021-07-30,65180,2022-03-31,1,3812000000,0.222,,,,,242000000,0.401,289000000,0.510,,253000000,,56.27,,,,,,16590000000,9620000000,0.580,,9620000000,,,,,,,,,,,,true,false,3,2021-04-01,2021-06-30,0
2021-07-30,65180,2021-03-31,1,3120000000,-0.130,,,,,172000000,0.672,191000000,0.511,,128000000,,28.55,,,,,,,,,,,,,,,,,,,,,,true,false,3,2020-04-01,2020-06-30,-1
2021-07-30,65180,2022-03-31,1,7000000000,0.113,,,,,260000000,0.467,300000000,0.132,,240000000,,53.27,,,,,,,,,,,,,,,,,,,,,,true,true,6,2021-04-01,2021-09-30,0
2021-07-30,65180,2022-03-31,1,13700000000,0.060,,,,,560000000,0.454,630000000,0.079,,470000000,,104.33,,,,,,,,,,,,,,,,,,,,,,true,true,12,2021-04-01,2022-03-31,0
2021-07-30,65180,2021-03-31,1,,,,,,,,,,,,,,,,,,,,15749000000,9356000000,0.594,,9356000000,,,,,,,,,,,,true,false,12,2020-04-01,2021-03-31,-1
2021-07-30,65180,2021-03-31,1,,,,,,,,,,,,,,,,,,,,,,,,,,,,,22.00,,,,4606100,101087,,false,false,12,2020-04-01,2021-03-31,-1
2021-07-30,65180,2022-03-31,1,,,,,,,,,,,,,,,,,,,,,,,,,,,,,22.00,,,,,,,false,true,12,2021-04-01,2022-03-31,0
2021-07-30,65180,2022-03-31,1,,,,,,,,,,,,,,,,,,,,,,,,,,,,,,,,,4606100,101087,4505013,false,false,3,2021-04-01,2021-06-30,0
2021-07-30,65180,2021-03-31,1,,,,,,,,,,,,,,,,,,,,,,,,,,,,,,,,,,,4488713,false,false,3,2020-04-01,2020-06-30,-1
2021-10-25,65180,2022-03-31,,7871000000,0.124,,,,,403000000,0.550,463000000,0.543,505000000,,1.104,111.94,,,,,,,,,,,,,,,,,,,,,,true,true,6,2021-04-01,2021-09-30,0
2021-10-25,65180,2021-03-31,,6287000000,,,,,,177000000,,265000000,,139000000,,,31.14,,,,,,,,,,,,,,,,,,,,,,true,false,6,2020-04-01,2020-09-30,-1
2021-10-25,65180,2022-03-31,,15800000000,0.153,,,,,740000000,0.321,820000000,0.302,,770000000,,170.51,,,,,,,,,,,,,,,,,,,,,,true,true,12,2021-04-01,2022-03-31,0
2021-10-25,65180,2021-03-31,,12926000000,,,,,,385000000,,583000000,,,402000000,,89.41,,,,,,,,,,,,,,,,,,,,,,true,false,12,2020-04-01,2021-03-31,-1
2021-10-25,65180,2022-03-31,,,,,,,,,,,,,,,,,,,,,,,,,,,,,,25.00,,,,,,,false,true,12,2021-04-01,2022-03-31,0
2021-10-25,65180,2021-03-31,,,,,,,,,,,,,,,,,,,,,,,,,,,,,,22.00,,,,,,,false,false,12,2020-04-01,2021-03-31,-1
2021-10-29,65180,2022-03-31,2,7871000000,0.252,,,,,403000000,1.274,463000000,0.749,,505000000,,111.94,,,,,,17193000000,9930000000,0.578,,9930000000,,,,,,,,,,,,true,false,6,2021-04-01,2021-09-30,0
2021-10-29,65180,2021-03-31,2,6287000000,-0.106,,,,,177000000,0.080,265000000,0.343,,139000000,,31.14,,,,,,,,,,,,,,,,,,,,,,true,false,6,2020-04-01,2020-09-30,-1
2021-10-29,65180,2022-03-31,2,15800000000,0.222,,,,,740000000,0.922,820000000,0.404,,770000000,,170.51,,,,,,,,,,,,,,,,,,,,,,true,true,12,2021-04-01,2022-03-31,0
2021-10-29,65180,2021-03-31,2,,,,,,,,,,,,,,,,,,,,15749000000,9356000000,0.594,,9356000000,,,,,,,,,,,,true,false,12,2020-04-01,2021-03-31,-1
2021-10-29,65180,2021-03-31,2,,,,,,,,,,,,,,,,,,,,,,,,,,,,,22.00,,,,4606100,101087,,false,false,12,2020-04-01,2021-03-31,-1
2021-10-29,65180,2022-03-31,2,,,,,,,,,,,,,,,,,,,,,,,,,,,,,0.00,,,,,,,false,false,12,2021-04-01,2022-03-31,0
2021-10-29,65180,2022-03-31,2,,,,,,,,,,,,,,,,,,,,,,,,,,,,,25.00,,,,,,,false,true,12,2021-04-01,2022-03-31,0
2021-10-29,65180,2022-03-31,2,,,,,,,,,,,,,,,,,,,,,,,,,,,,,,,,,4621900,101087,4511784,false,false,6,2021-04-01,2021-09-30,0
2021-10-29,65180,2021-03-31,2,,,,,,,,,,,,,,,,,,,,,,,,,,,,,,,,,,,4495699,false,false,6,2020-04-01,2020-09-30,-1
2022-01-31,65180,2022-03-31,3,12337000000,0.292,,,,,567000000,1.107,656000000,0.548,,651000000,,144.28,,,,,,17179000000,10082000000,0.587,,10082000000,,,,,,,,,,,,true,false,9,2021-04-01,2021-12-31,0
2022-01-31,65180,2021-03-31,3,9549000000,-0.082,,,,,269000000,0.131,423000000,0.476,,244000000,,54.31,,,,,,,,,,,,,,,,,,,,,,true,false,9,2020-04-01,2020-12-31,-1
2022-01-31,65180,2022-03-31,3,15800000000,0.222,,,,,740000000,0.922,820000000,0.404,,770000000,,170.51,,,,,,,,,,,,,,,,,,,,,,true,true,12,2021-04-01,2022-03-31,0
2022-01-31,65180,2021-03-31,3,,,,,,,,,,,,,,,,,,,,15749000000,9356000000,0.594,,9356000000,,,,,,,,,,,,true,false,12,2020-04-01,2021-03-31,-1
2022-01-31,65180,2021-03-31,3,,,,,,,,,,,,,,,,,,,,,,,,,,,,,22.00,,,,4606100,101087,,false,false,12,2020-04-01,2021-03-31,-1
2022-01-31,65180,2022-03-31,3,,,,,,,,,,,,,,,,,,,,,,,,,,,,,0.00,,,,,,,false,false,12,2021-04-01,2022-03-31,0
2022-01-31,65180,2022-03-31,3,,,,,,,,,,,,,,,,,,,,,,,,,,,,,25.00,,,,,,,false,true,12,2021-04-01,2022-03-31,0
2022-01-31,65180,2022-03-31,3,,,,,,,,,,,,,,,,,,,,,,,,,,,,,,,,,4621900,101147,4514481,false,false,9,2021-04-01,2021-12-31,0
2022-01-31,65180,2021-03-31,3,,,,,,,,,,,,,,,,,,,,,,,,,,,,,,,,,,,4498493,false,false,9,2020-04-01,2020-12-31,-1
2022-05-10,65180,2022-03-31,,17098000000,0.323,,,,,806000000,1.094,939000000,0.609,,884000000,,195.82,,0.090,0.056,0.047,,17679000000,10369000000,0.586,2293.65,10369000000,570000000,-619000000,-409000000,2534000000,,0.128,,,,,,true,false,12,2021-04-01,2022-03-31,0
2022-05-10,65180,2021-03-31,,12926000000,-0.058,,,,,385000000,0.569,583000000,1.065,,402000000,,89.41,,0.044,0.037,0.030,,15749000000,9356000000,0.594,2076.83,9356000000,1239000000,-244000000,-573000000,2922000000,,0.246,,,,,,true,false,12,2020-04-01,2021-03-31,-1
2022-05-10,65180,2023-03-31,,8400000000,0.067,,,,,400000000,-0.008,420000000,-0.094,,300000000,,66.36,,,,,,,,,,,,,,,,,,,,,,true,true,6,2022-04-01,2022-09-30,1
2022-05-10,65180,2023-03-31,,17200000000,0.006,,,,,970000000,0.203,1020000000,0.086,,730000000,,161.48,,,,,,,,,,,,,,,,0.155,,,,,,true,true,12,2022-04-01,2023-03-31,1
2022-05-10,65180,2022-03-31,,14003000000,0.249,,,,,637000000,0.462,759000000,0.224,866000000,,0.808,191.94,,,,,,15246000000,9123000000,0.598,2018.13,9123000000,,,,,25.00,,,,4621900,101147,4515928,false,false,12,2021-04-01,2022-03-31,0
2022-05-10,65180,2021-03-31,,11214000000,-0.060,,,,,435000000,0.276,620000000,0.562,479000000,,0.512,106.52,,,,,,13606000000,8299000000,0.610,1842.36,8299000000,,,,,22.00,,,,4606100,101087,4499998,false,false,12,2020-04-01,2021-03-31,-1
2022-05-10,65180,2023-03-31,,,,,,,,,,,,,,,,,,,,,,,,,,,,,,25.00,,,,,,,false,true,12,2022-04-01,2023-03-31,1
2022-07-29,65180,2023-03-31,1,4467000000,0.172,,,,,246000000,0.016,296000000,0.024,,221000000,,49.10,,,,,,18302000000,10579000000,0.578,,10579000000,,,,,,,,,,,,true,false,3,2022-04-01,2022-06-30,0
2022-07-29,65180,2022-03-31,1,3812000000,0.222,,,,,242000000,0.401,289000000,0.510,,253000000,,56.27,,,,,,,,,,,,,,,,,,,,,,true,false,3,2021-04-01,2021-06-30,-1
2022-07-29,65180,2023-03-31,1,8400000000,0.067,,,,,400000000,-0.008,420000000,-0.094,,300000000,,66.36,,,,,,,,,,,,,,,,,,,,,,true,true,6,2022-04-01,2022-09-30,0
2022-07-29,65180,2023-03-31,1,17200000000,0.006,,,,,970000000,0.203,1020000000,0.086,,730000000,,161.48,,,,,,,,,,,,,,,,,,,,,,true,true,12,2022-04-01,2023-03-31,0
2022-07-29,65180,2022-03-31,1,,,,,,,,,,,,,,,,,,,,17679000000,10369000000,0.586,,10369000000,,,,,,,,,,,,true,false,12,2021-04-01,2022-03-31,-1
2022-07-29,65180,2022-03-31,1,,,,,,,,,,,,,,,,,,,,,,,,,,,,,25.00,,,,4621900,101147,,false,false,12,2021-04-01,2022-03-31,-1
2022-07-29,65180,2023-03-31,1,,,,,,,,,,,,,,,,,,,,,,,,,,,,,25.00,,,,,,,false,true,12,2022-04-01,2023-03-31,0
2022-07-29,65180,2023-03-31,1,,,,,,,,,,,,,,,,,,,,,,,,,,,,,,,,,4621900,101147,4520753,false,false,3,2022-04-01,2022-06-30,0
2022-07-29,65180,2022-03-31,1,,,,,,,,,,,,,,,,,,,,,,,,,,,,,,,,,,,4505013,false,false,3,2021-04-01,2021-06-30,-1
2022-10-31,65180,2023-03-31,2,8516000000,0.082,,,,,429000000,0.066,498000000,0.076,,342000000,,75.64,,,,,,18638000000,10776000000,0.578,,10776000000,,,,,,,,,,,,true,false,6,2022-04-01,2022-09-30,0
2022-10-31,65180,2022-03-31,2,7871000000,0.252,,,,,403000000,1.274,463000000,0.749,,505000000,,111.94,,,,,,,,,,,,,,,,,,,,,,true,false,6,2021-04-01,2021-09-30,-1
2022-10-31,65180,2023-03-31,2,17200000000,0.006,,,,,970000000,0.203,1020000000,0.086,,730000000,,161.48,,,,,,,,,,,,,,,,,,,,,,true,true,12,2022-04-01,2023-03-31,0
2022-10-31,65180,2022-03-31,2,,,,,,,,,,,,,,,,,,,,17679000000,10369000000,0.586,,10369000000,,,,,,,,,,,,true,false,12,2021-04-01,2022-03-31,-1
2022-10-31,65180,2022-03-31,2,,,,,,,,,,,,,,,,,,,,,,,,,,,,,25.00,,,,4621900,101147,,false,false,12,2021-04-01,2022-03-31,-1
2022-10-31,65180,2023-03-31,2,,,,,,,,,,,,,,,,,,,,,,,,,,,,,0.00,,,,,,,false,false,12,2022-04-01,2023-03-31,0
2022-10-31,65180,2023-03-31,2,,,,,,,,,,,,,,,,,,,,,,,,,,,,,25.00,,,,,,,false,true,12,2022-04-01,2023-03-31,0
2022-10-31,65180,2023-03-31,2,,,,,,,,,,,,,,,,,,,,,,,,,,,,,,,,,4637200,101147,4527310,false,false,6,2022-04-01,2022-09-30,0
2022-10-31,65180,2022-03-31,2,,,,,,,,,,,,,,,,,,,,,,,,,,,,,,,,,,,4511784,false,false,6,2021-04-01,2021-09-30,-1
2023-01-31,65180,2023-03-31,3,13493000000,0.094,,,,,671000000,0.183,787000000,0.200,,556000000,,122.94,,,,,,19863000000,10975000000,0.553,,10975000000,,,,,,,,,,,,true,false,9,2022-04-01,2022-12-31,0
2023-01-31,65180,2022-03-31,3,12337000000,0.292,,,,,567000000,1.107,656000000,0.548,,651000000,,144.28,,,,,,,,,,,,,,,,,,,,,,true,false,9,2021-04-01,2021-12-31,-1
2023-01-31,65180,2023-03-31,3,17200000000,0.006,,,,,970000000,0.203,1020000000,0.086,,730000000,,161.48,,,,,,,,,,,,,,,,,,,,,,true,true,12,2022-04-01,2023-03-31,0
2023-01-31,65180,2022-03-31,3,,,,,,,,,,,,,,,,,,,,17679000000,10369000000,0.586,,10369000000,,,,,,,,,,,,true,false,12,2021-04-01,2022-03-31,-1
2023-01-31,65180,2022-03-31,3,,,,,,,,,,,,,,,,,,,,,,,,,,,,,25.00,,,,4621900,101147,,false,false,12,2021-04-01,2022-03-31,-1
2023-01-31,65180,2023-03-31,3,,,,,,,,,,,,,,,,,,,,,,,,,,,,,0.00,,,,,,,false,false,12,2022-04-01,2023-03-31,0
2023-01-31,65180,2023-03-31,3,,,,,,,,,,,,,,,,,,,,,,,,,,,,,25.00,,,,,,,false,true,12,2022-04-01,2023-03-31,0
2023-01-31,65180,2023-03-31,3,,,,,,,,,,,,,,,,,,,,,,,,,,,,,,,,,4637200,101147,4529933,false,false,9,2022-04-01,2022-12-31,0
2023-01-31,65180,2022-03-31,3,,,,,,,,,,,,,,,,,,,,,,,,,,,,,,,,,,,4514481,false,false,9,2021-04-01,2021-12-31,-1
2023-05-10,65180,2023-03-31,,18618000000,0.089,,,,,901000000,0.118,1055000000,0.123,,815000000,,180.00,,0.076,0.055,0.048,,20427000000,11121000000,0.544,2451.88,11121000000,1161000000,-715000000,1259000000,4247000000,,0.150,,,,,,true,false,12,2022-04-01,2023-03-31,0
2023-05-10,65180,2022-03-31,,17098000000,0.323,,,,,806000000,1.094,939000000,0.609,,884000000,,195.82,,0.090,0.056,0.047,,17679000000,10369000000,0.586,2293.65,10369000000,570000000,-619000000,-409000000,2534000000,,0.128,,,,,,true,false,12,2021-04-01,2022-03-31,-1
2023-05-10,65180,2024-03-31,,8900000000,0.045,,,,,400000000,-0.069,420000000,-0.158,,300000000,,66.14,,,,,,,,,,,,,,,,,,,,,,true,true,6,2023-04-01,2023-09-30,1
2023-05-10,65180,2024-03-31,,17700000000,-0.049,,,,,680000000,-0.246,720000000,-0.318,,500000000,,110.23,,,,,,,,,,,,,,,,0.245,,,,,,true,true,12,2023-04-01,2024-03-31,1
2023-05-10,65180,2023-03-31,,15360000000,0.097,,,,,701000000,0.100,876000000,0.154,807000000,,-0.069,178.10,,,,,,17485000000,9769000000,0.559,2153.65,9769000000,,,,,27.00,,,,4637200,101147,4531345,false,false,12,2022-04-01,2023-03-31,0
2023-05-10,65180,2022-03-31,,14003000000,0.249,,,,,637000000,0.462,759000000,0.224,866000000,,0.808,191.94,,,,,,15246000000,9123000000,0.598,2018.13,9123000000,,,,,25.00,,,,4621900,101147,4515928,false,false,12,2021-04-01,2022-03-31,-1
2023-05-10,65180,2024-03-31,,,,,,,,,,,,,,,,,,,,,,,,,,,,,,27.00,,,,,,,false,true,12,2023-04-01,2024-03-31,1
,65180,2023-03-31,,,,,,,,,,,,,,,,,,,,,,,,,,,,,,27.00,,,,,,,false,true,12,2022-04-01,2023-03-31,0
,65180,2023-03-31,,,,,,,,,,,,,,,,,,,,,,,,,,,,,,0.00,,,,,,,false,false,12,2022-04-01,2023-03-31,0
,65180,2022-03-31,,,,,,,,,,,,,,,,,,,,,,,,,,,,,,25.00,,,,,,,false,false,12,2021-04-01,2022-03-31,-1
2023-07-31,65180,2024-03-31,1,4679000000,0.047,,,,,298000000,0.211,361000000,0.218,,246000000,,54.40,,,,,,20354000000,11308000000,0.556,,11308000000,,,,,,,,,,,,true,false,3,2023-04-01,2023-06-30,0
2023-07-31,65180,2023-03-31,1,4467000000,0.172,,,,,246000000,0.016,296000000,0.024,,221000000,,49.10,,,,,,,,,,,,,,,,,,,,,,true,false,3,2022-04-01,2022-06-30,-1
2023-07-31,65180,2024-03-31,1,8900000000,0.045,,,,,400000000,-0.069,420000000,-0.158,,300000000,,66.14,,,,,,,,,,,,,,,,,,,,,,true,true,6,2023-04-01,2023-09-30,0
2023-07-31,65180,2024-03-31,1,17700000000,-0.049,,,,,680000000,-0.246,720000000,-0.318,,500000000,,110.23,,,,,,,,,,,,,,,,,,,,,,true,true,12,2023-04-01,2024-03-31,0
2023-07-31,65180,2023-03-31,1,,,,,,,,,,,,,,,,,,,,20427000000,11121000000,0.544,,11121000000,,,,,,,,,,,,true,false,12,2022-04-01,2023-03-31,-1
2023-07-31,65180,2023-03-31,1,,,,,,,,,,,,,,,,,,,,,,,,,,,,,27.00,,,,4637200,101147,,false,false,12,2022-04-01,2023-03-31,-1
2023-07-31,65180,2024-03-31,1,,,,,,,,,,,,,,,,,,,,,,,,,,,,,27.00,,,,,,,false,true,12,2023-04-01,2024-03-31,0
2023-07-31,65180,2024-03-31,1,,,,,,,,,,,,,,,,,,,,,,,,,,,,,,,,,4637200,101147,4536053,false,false,3,2023-04-01,2023-06-30,0
2023-07-31,65180,2023-03-31,1,,,,,,,,,,,,,,,,,,,,,,,,,,,,,,,,,,,4520753,false,false,3,2022-04-01,2022-06-30,-1
2023-10-31,65180,2024-03-31,2,9360000000,0.099,,,,,521000000,0.215,610000000,0.224,,425000000,,93.70,,,,,,20298000000,11558000000,0.569,,11558000000,,,,,,,,,,,,true,false,6,2023-04-01,2023-09-30,0
2023-10-31,65180,2023-03-31,2,8516000000,0.082,,,,,429000000,0.066,498000000,0.076,,342000000,,75.64,,,,,,,,,,,,,,,,,,,,,,true,false,6,2022-04-01,2022-09-30,-1
2023-10-31,65180,2024-03-31,2,17700000000,-0.049,,,,,680000000,-0.246,720000000,-0.318,,500000000,,110.23,,,,,,,,,,,,,,,,,,,,,,true,true,12,2023-04-01,2024-03-31,0
2023-10-31,65180,2023-03-31,2,,,,,,,,,,,,,,,,,,,,20427000000,11121000000,0.544,,11121000000,,,,,,,,,,,,true,false,12,2022-04-01,2023-03-31,-1
2023-10-31,65180,2023-03-31,2,,,,,,,,,,,,,,,,,,,,,,,,,,,,,27.00,,,,4637200,101147,,false,false,12,2022-04-01,2023-03-31,-1
2023-10-31,65180,2024-03-31,2,,,,,,,,,,,,,,,,,,,,,,,,,,,,,0.00,,,,,,,false,false,12,2023-04-01,2024-03-31,0
2023-10-31,65180,2024-03-31,2,,,,,,,,,,,,,,,,,,,,,,,,,,,,,27.00,,,,,,,false,true,12,2023-04-01,2024-03-31,0
2023-10-31,65180,2024-03-31,2,,,,,,,,,,,,,,,,,,,,,,,,,,,,,,,,,4650500,101147,4541753,false,false,6,2023-04-01,2023-09-30,0
2023-10-31,65180,2023-03-31,2,,,,,,,,,,,,,,,,,,,,,,,,,,,,,,,,,,,4527310,false,false,6,2022-04-01,2022-09-30,-1
2024-01-31,65180,2024-03-31,3,13739000000,0.018,,,,,686000000,0.022,788000000,0.001,,542000000,,119.47,,,,,,19856000000,11748000000,0.592,,11748000000,,,,,,,,,,,,true,false,9,2023-04-01,2023-12-31,0
2024-01-31,65180,2023-03-31,3,13493000000,0.094,,,,,671000000,0.183,787000000,0.200,,556000000,,122.94,,,,,,,,,,,,,,,,,,,,,,true,false,9,2022-04-01,2022-12-31,-1
2024-01-31,65180,2024-03-31,3,17700000000,-0.049,,,,,680000000,-0.246,720000000,-0.318,,500000000,,110.23,,,,,,,,,,,,,,,,,,,,,,true,true,12,2023-04-01,2024-03-31,0
2024-01-31,65180,2023-03-31,3,,,,,,,,,,,,,,,,,,,,20427000000,11121000000,0.544,,11121000000,,,,,,,,,,,,true,false,12,2022-04-01,2023-03-31,-1
2024-01-31,65180,2023-03-31,3,,,,,,,,,,,,,,,,,,,,,,,,,,,,,27.00,,,,4637200,101147,,false,false,12,2022-04-01,2023-03-31,-1
2024-01-31,65180,2024-03-31,3,,,,,,,,,,,,,,,,,,,,,,,,,,,,,0.00,,,,,,,false,false,12,2023-04-01,2024-03-31,0
2024-01-31,65180,2024-03-31,3,,,,,,,,,,,,,,,,,,,,,,,,,,,,,27.00,,,,,,,false,true,12,2023-04-01,2024-03-31,0
2024-01-31,65180,2024-03-31,3,,,,,,,,,,,,,,,,,,,,,,,,,,,,,,,,,4650500,101147,4544033,false,false,9,2023-04-01,2023-12-31,0
2024-01-31,65180,2023-03-31,3,,,,,,,,,,,,,,,,,,,,,,,,,,,,,,,,,,,4529933,false,false,9,2022-04-01,2022-12-31,-1
2024-05-09,65180,2024-03-31,,17666000000,-0.051,,,,,677000000,-0.248,796000000,-0.246,,493000000,,108.48,,0.043,0.040,0.038,,19533000000,11715000000,0.600,2575.17,11715000000,2040000000,-339000000,-1059000000,4928000000,,0.249,,,,,,true,false,12,2023-04-01,2024-03-31,0
2024-05-09,65180,2023-03-31,,18618000000,0.089,,,,,901000000,0.118,1055000000,0.123,,815000000,,180.00,,0.076,0.055,0.048,,20427000000,11121000000,0.544,2451.88,11121000000,1161000000,-715000000,1259000000,4247000000,,0.150,,,,,,true,false,12,2022-04-01,2023-03-31,-1
2024-05-09,65180,2025-03-31,,7700000000,-0.177,,,,,80000000,-0.847,40000000,-0.934,,10000000,,2.20,,,,,,,,,,,,,,,,,,,,,,true,true,6,2024-04-01,2024-09-30,1
2024-05-09,65180,2025-03-31,,16100000000,-0.089,,,,,310000000,-0.543,250000000,-0.686,,150000000,,32.97,,,,,,,,,,,,,,,,0.758,,,,,,true,true,12,2024-04-01,2025-03-31,1
2024-05-09,65180,2024-03-31,,14692000000,-0.043,,,,,795000000,0.135,942000000,0.075,603000000,,-0.252,132.80,,,,,,16925000000,10393000000,0.614,2284.54,10393000000,,,,,27.00,,,,4650500,101147,4545261,false,false,12,2023-04-01,2024-03-31,0
2024-05-09,65180,2023-03-31,,15360000000,0.097,,,,,701000000,0.100,876000000,0.154,807000000,,-0.069,178.10,,,,,,17485000000,9769000000,0.559,2153.65,9769000000,,,,,27.00,,,,4637200,101147,4531345,false,false,12,2022-04-01,2023-03-31,-1
2024-05-09,65180,2025-03-31,,,,,,,,,,,,,,,,,,,,,,,,,,,,,,25.00,,,,,,,false,true,12,2024-04-01,2025-03-31,1
2024-08-09,65180,2025-03-31,1,3612000000,-0.228,,,,,-66000000,,-51000000,,,-54000000,,-11.90,,,,,,19196000000,11689000000,0.609,,11689000000,,,,,,,,,,,,true,false,3,2024-04-01,2024-06-30,0
2024-08-09,65180,2024-03-31,1,4679000000,0.047,,,,,298000000,0.211,361000000,0.218,,246000000,,54.40,,,,,,,,,,,,,,,,,,,,,,true,false,3,2023-04-01,2023-06-30,-1
2024-08-09,65180,2025-03-31,1,7700000000,-0.177,,,,,80000000,-0.847,40000000,-0.934,,10000000,,2.20,,,,,,,,,,,,,,,,,,,,,,true,true,6,2024-04-01,2024-09-30,0
2024-08-09,65180,2025-03-31,1,16100000000,-0.089,,,,,310000000,-0.543,250000000,-0.686,,150000000,,32.97,,,,,,,,,,,,,,,,,,,,,,true,true,12,2024-04-01,2025-03-31,0
2024-08-09,65180,2024-03-31,1,,,,,,,,,,,,,,,,,,,,19533000000,11715000000,0.600,,11715000000,,,,,,,,,,,,true,false,12,2023-04-01,2024-03-31,-1
2024-08-09,65180,2024-03-31,1,,,,,,,,,,,,,,,,,,,,,,,,,,,,,27.00,,,,4650500,101147,,false,false,12,2023-04-01,2024-03-31,-1
2024-08-09,65180,2025-03-31,1,,,,,,,,,,,,,,,,,,,,,,,,,,,,,25.00,,,,,,,false,true,12,2024-04-01,2025-03-31,0
2024-08-09,65180,2025-03-31,1,,,,,,,,,,,,,,,,,,,,,,,,,,,,,,,,,4650500,101147,4549353,false,false,3,2024-04-01,2024-06-30,0
2024-08-09,65180,2024-03-31,1,,,,,,,,,,,,,,,,,,,,,,,,,,,,,,,,,,,4536053,false,false,3,2023-04-01,2023-06-30,-1
2024-10-28,65180,2025-03-31,,7616000000,-0.011,,,,,-96000000,,-76000000,,-119000000,,,-26.20,,,,,,,,,,,,,,,,,,,,,,true,true,6,2024-04-01,2024-09-30,0
2024-10-28,65180,2024-03-31,,9360000000,,,,,,521000000,,610000000,,425000000,,,93.70,,,,,,,,,,,,,,,,,,,,,,true,false,6,2023-04-01,2023-09-30,-1
2024-10-28,65180,2025-03-31,,15600000000,-0.031,,,,,-170000000,,-150000000,,,-230000000,,-50.46,,,,,,,,,,,,,,,,,,,,,,true,true,12,2024-04-01,2025-03-31,0
2024-10-28,65180,2024-03-31,,17666000000,,,,,,677000000,,796000000,,,493000000,,108.48,,,,,,,,,,,,,,,,,,,,,,true,false,12,2023-04-01,2024-03-31,-1
2024-10-31,6518,2025-03-31,2,7616000000,-0.186,,,,,-96000000,,-76000000,,,-119000000,,-26.20,,,,,,19161000000,11738000000,0.613,,11738000000,,,,,,,,,,,,true,false,6,2024-04-01,2024-09-30,0
2024-10-31,6518,2024-03-31,2,9360000000,0.099,,,,,521000000,0.215,610000000,0.224,,425000000,,93.70,,,,,,,,,,,,,,,,,,,,,,true,false,6,2023-04-01,2023-09-30,-1
2024-10-31,6518,2025-03-31,2,15600000000,-0.117,,,,,-170000000,,-150000000,,,-230000000,,-50.46,,,,,,,,,,,,,,,,,,,,,,true,true,12,2024-04-01,2025-03-31,0
2024-10-31,6518,2024-03-31,2,,,,,,,,,,,,,,,,,,,,19533000000,11715000000,0.600,,11715000000,,,,,,,,,,,,true,false,12,2023-04-01,2024-03-31,-1
2024-10-31,6518,2024-03-31,2,,,,,,,,,,,,,,,,,,,,,,,,,,,,,27.00,,,,4650500,101147,,false,false,12,2023-04-01,2024-03-31,-1
2024-10-31,6518,2025-03-31,2,,,,,,,,,,,,,,,,,,,,,,,,,,,,,0.00,,,,,,,false,false,12,2024-04-01,2025-03-31,0
2024-10-31,6518,2025-03-31,2,,,,,,,,,,,,,,,,,,,,,,,,,,,,,25.00,,,,,,,false,true,12,2024-04-01,2025-03-31,0
2024-10-31,6518,2025-03-31,2,,,,,,,,,,,,,,,,,,,,,,,,,,,,,,,,,4663000,101147,4554710,false,false,6,2024-04-01,2024-09-30,0
2024-10-31,6518,2024-03-31,2,,,,,,,,,,,,,,,,,,,,,,,,,,,,,,,,,,,4541753,false,false,6,2023-04-01,2023-09-30,-1
2025-02-07,6518,2025-03-31,3,11914000000,-0.133,,,,,-11000000,,47000000,-0.940,,-31000000,,-6.94,,,,,,18494000000,11688000000,0.632,,11688000000,,,,,,,,,,,,true,false,9,2024-04-01,2024-12-31,0
2025-02-07,6518,2024-03-31,3,13739000000,0.018,,,,,686000000,0.022,788000000,0.001,,542000000,,119.47,,,,,,,,,,,,,,,,,,,,,,true,false,9,2023-04-01,2023-12-31,-1
2025-02-07,6518,2025-03-31,3,15600000000,-0.117,,,,,-170000000,,-150000000,,,-230000000,,-50.46,,,,,,,,,,,,,,,,,,,,,,true,true,12,2024-04-01,2025-03-31,0
2025-02-07,6518,2024-03-31,3,,,,,,,,,,,,,,,,,,,,19533000000,11715000000,0.600,,11715000000,,,,,,,,,,,,true,false,12,2023-04-01,2024-03-31,-1
2025-02-07,6518,2024-03-31,3,,,,,,,,,,,,,,,,,,,,,,,,,,,,,27.00,,,,4650500,101147,,false,false,12,2023-04-01,2024-03-31,-1
2025-02-07,6518,2025-03-31,3,,,,,,,,,,,,,,,,,,,,,,,,,,,,,0.00,,,,,,,false,false,12,2024-04-01,2025-03-31,0
2025-02-07,6518,2025-03-31,3,,,,,,,,,,,,,,,,,,,,,,,,,,,,,25.00,,,,,,,false,true,12,2024-04-01,2025-03-31,0
2025-02-07,6518,2025-03-31,3,,,,,,,,,,,,,,,,,,,,,,,,,,,,,,,,,4663000,101147,4556853,false,false,9,2024-04-01,2024-12-31,0
2025-02-07,6518,2024-03-31,3,,,,,,,,,,,,,,,,,,,,,,,,,,,,,,,,,,,4544033,false,false,9,2023-04-01,2023-12-31,-1
2025-05-09,6518,2025-03-31,,16029000000,-0.093,,,,,69000000,-0.897,136000000,-0.829,,118000000,,25.98,,0.010,0.007,0.004,,18508000000,11898000000,0.643,2608.16,11898000000,302000000,-1873000000,-939000000,2506000000,,0.962,,,,,,true,false,12,2024-04-01,2025-03-31,0
2025-05-09,6518,2024-03-31,,17666000000,-0.051,,,,,677000000,-0.248,796000000,-0.246,,493000000,,108.48,,0.043,0.040,0.038,,19533000000,11715000000,0.600,2575.17,11715000000,2040000000,-339000000,-1059000000,4928000000,,0.249,,,,,,true,false,12,2023-04-01,2024-03-31,-1
2025-05-09,6518,2026-03-31,,8000000000,0.050,,,,,40000000,,50000000,,,40000000,,8.77,,,,,,,,,,,,,,,,,,,,,,true,true,6,2025-04-01,2025-09-30,1
2025-05-09,6518,2026-03-31,,16500000000,0.029,,,,,120000000,0.722,140000000,0.026,,110000000,,24.11,,,,,,,,,,,,,,,,1.037,,,,,,true,true,12,2025-04-01,2026-03-31,1
2025-05-09,6518,2025-03-31,,12960000000,-0.118,,,,,307000000,-0.613,394000000,-0.581,85000000,,-0.858,18.81,,,,,,15829000000,10373000000,0.655,2273.93,10373000000,,,,,25.00,,,,4663000,101147,4558007,false,false,12,2024-04-01,2025-03-31,0
2025-05-09,6518,2024-03-31,,14692000000,-0.043,,,,,795000000,0.135,942000000,0.075,603000000,,-0.252,132.80,,,,,,16925000000,10393000000,0.614,2284.54,10393000000,,,,,27.00,,,,4650500,101147,4545261,false,false,12,2023-04-01,2024-03-31,-1
2025-05-09,6518,2026-03-31,,,,,,,,,,,,,,,,,,,,,,,,,,,,,,25.00,,,,,,,false,true,12,2025-04-01,2026-03-31,1
2025-08-08,6518,2026-03-31,1,3971000000,0.099,,,,,201000000,,244000000,,,160000000,,35.15,,,,,,18707000000,11903000000,0.636,,11903000000,,,,,,,,,,,,true,false,3,2025-04-01,2025-06-30,0
2025-08-08,6518,2025-03-31,1,3612000000,-0.228,,,,,-66000000,,-51000000,,,-54000000,,-11.90,,,,,,,,,,,,,,,,,,,,,,true,false,3,2024-04-01,2024-06-30,-1
2025-08-08,6518,2026-03-31,1,8000000000,0.050,,,,,360000000,,390000000,,,260000000,,56.86,,,,,,,,,,,,,,,,,,,,,,true,true,6,2025-04-01,2025-09-30,0
2025-08-08,6518,2026-03-31,1,16400000000,0.023,,,,,550000000,6.891,570000000,3.177,,370000000,,80.92,,,,,,,,,,,,,,,,,,,,,,true,true,12,2025-04-01,2026-03-31,0
2025-08-08,6518,2025-03-31,1,,,,,,,,,,,,,,,,,,,,18508000000,11898000000,0.643,,11898000000,,,,,,,,,,,,true,false,12,2024-04-01,2025-03-31,-1
2025-08-08,6518,2025-03-31,1,,,,,,,,,,,,,,,,,,,,,,,,,,,,,25.00,,,,4663000,101147,,false,false,12,2024-04-01,2025-03-31,-1
2025-08-08,6518,2026-03-31,1,,,,,,,,,,,,,,,,,,,,,,,,,,,,,25.00,,,,,,,false,true,12,2025-04-01,2026-03-31,0
2025-08-08,6518,2026-03-31,1,,,,,,,,,,,,,,,,,,,,,,,,,,,,,,,,,4663000,101147,4561853,false,false,3,2025-04-01,2025-06-30,0
2025-08-08,6518,2025-03-31,1,,,,,,,,,,,,,,,,,,,,,,,,,,,,,,,,,,,4549353,false,false,3,2024-04-01,2024-06-30,-1
2025-08-08,65180,2026-03-31,,8000000000,0.000,,,,,360000000,8.000,390000000,6.800,260000000,,5.500,56.86,,,,,,,,,,,,,,,,,,,,,,true,true,6,2025-04-01,2025-09-30,0
2025-08-08,65180,2025-03-31,,7616000000,,,,,,-96000000,,-76000000,,-119000000,,,-26.20,,,,,,,,,,,,,,,,,,,,,,true,false,6,2024-04-01,2024-09-30,-1
2025-08-08,65180,2026-03-31,,16400000000,-0.006,,,,,550000000,3.583,570000000,3.071,,370000000,,80.92,,,,,,,,,,,,,,,,,,,,,,true,true,12,2025-04-01,2026-03-31,0
2025-08-08,65180,2025-03-31,,16029000000,,,,,,69000000,,136000000,,,118000000,,25.98,,,,,,,,,,,,,,,,,,,,,,true,false,12,2024-04-01,2025-03-31,-1
