filing_date,code,fiscal_year_end,quarterly_period,net_sales,net_sales_change,revenue,revenue_change,operating_revenue,operating_revenue_change,operating_profit,operating_profit_change,ordinary_profit,ordinary_profit_change,net_income,net_income_of_parent,net_income_change,eps,diluted_eps,roe,roa,operating_profit_to_net_sales,operating_profit_to_revenue,total_assets,net_assets,equity_ratio,bps,owner_equity,operating_cash_flow,investing_cash_flow,financing_cash_flow,cash,dividend_per_share,payout_ratio,commemorative_dividend,extra_dividend,number_of_shares,number_of_treqsury_shares,avg_number_of_shares,is_consolidated,is_forecast,duration,period_start,period_end,period_pos
2015-07-31,65860,2016-03-31,1,107574000000,0.057,,,,,,,,,,,,,,,,,,584070000000,,,,,,,,,,,,,,,,true,false,3,2015-04-01,2015-06-30,0
2015-07-31,65860,2015-03-31,1,101754000000,0.121,,,,,,,,,,,,,,,,,,,,,,,,,,,,,,,,,,true,false,3,2014-04-01,2014-06-30,-1
2015-07-31,65860,2016-03-31,1,200800000000,-0.033,,,,,,,,,,,,,,,,,,,,,,,,,,,,,,,,,,true,true,6,2015-04-01,2015-09-30,0
2015-07-31,65860,2016-03-31,1,400000000000,-0.035,,,,,,,,,,,,,,,,,,,,,,,,,,,,,,,,,,true,true,12,2015-04-01,2016-03-31,0
2015-07-31,65860,2015-03-31,1,,,,,,,,,,,,,,,,,,,,575328000000,,,,,,,,,,,,,,,,true,false,12,2014-04-01,2015-03-31,-1
2015-07-31,65860,2015-03-31,1,,,,,,,,,,,,,,,,,,,,,,,,,,,,,118.00,,,,140008760,4273892,,false,false,12,2014-04-01,2015-03-31,-1
2015-07-31,65860,2016-03-31,1,,,,,,,,,,,,,,,,,,,,,,,,,,,,,18.00,,,,,,,false,true,12,2015-04-01,2016-03-31,0
2015-07-31,65860,2016-03-31,1,,,,,,,,,,,,,,,,,,,,,,,,,,,,,,,,,140008760,4274271,135734704,false,false,3,2015-04-01,2015-06-30,0
2015-07-31,65860,2015-03-31,1,,,,,,,,,,,,,,,,,,,,,,,,,,,,,,,,,,,135737380,false,false,3,2014-04-01,2014-06-30,-1
2015-10-30,65860,2016-03-31,2,217187000000,0.046,,,,,,,,,,,,,,,,,,576395000000,,,,,,,,,,,,,,,,true,false,6,2015-04-01,2015-09-30,0
2015-10-30,65860,2015-03-31,2,207642000000,0.117,,,,,,,,,,,,,,,,,,,,,,,,,,,,,,,,,,true,false,6,2014-04-01,2014-09-30,-1
2015-10-30,65860,2016-03-31,2,416000000000,0.003,,,,,,,,,,,,,,,,,,,,,,,,,,,,,,,,,,true,true,12,2015-04-01,2016-03-31,0
2015-10-30,65860,2015-03-31,2,,,,,,,,,,,,,,,,,,,,575328000000,,,,,,,,,,,,,,,,true,false,12,2014-04-01,2015-03-31,-1
2015-10-30,65860,2015-03-31,2,,,,,,,,,,,,,,,,,,,,,,,,,,,,,118.00,,,,140008760,4273892,,false,false,12,2014-04-01,2015-03-31,-1
2015-10-30,65860,2016-03-31,2,,,,,,,,,,,,,,,,,,,,,,,,,,,,,18.00,,,,,,,false,false,12,2015-04-01,2016-03-31,0
2015-10-30,65860,2016-03-31,2,,,,,,,,,,,,,,,,,,,,,,,,,,,,,,,,,148008760,4274567,135734489,false,false,6,2015-04-01,2015-09-30,0
2015-10-30,65860,2015-03-31,2,,,,,,,,,,,,,,,,,,,,,,,,,,,,,,,,,,,135736926,false,false,6,2014-04-01,2014-09-30,-1
2015-10-30,65860,2016-03-31,,416000000000,0.040,,,,,61500000000,0.088,,,,,,,,,,,,,,,,,,,,,,,,,,,,true,true,12,2015-04-01,2016-03-31,0
2015-10-30,65860,2015-03-31,,414718000000,,,,,,71905000000,,,,,,,,,,,,,,,,,,,,,,,,,,,,,true,false,12,2014-04-01,2015-03-31,-1
2016-01-29,65860,2016-03-31,3,324090000000,0.042,,,,,,,,,,,,,,,,,,572572000000,,,,,,,,,,,,,,,,true,false,9,2015-04-01,2015-12-31,0
2016-01-29,65860,2015-03-31,3,311119000000,0.099,,,,,,,,,,,,,,,,,,,,,,,,,,,,,,,,,,true,false,9,2014-04-01,2014-12-31,-1
2016-01-29,65860,2016-03-31,3,420000000000,0.013,,,,,,,,,,,,,,,,,,,,,,,,,,,,,,,,,,true,true,12,2015-04-01,2016-03-31,0
2016-01-29,65860,2015-03-31,3,,,,,,,,,,,,,,,,,,,,575328000000,,,,,,,,,,,,,,,,true,false,12,2014-04-01,2015-03-31,-1
2016-01-29,65860,2015-03-31,3,,,,,,,,,,,,,,,,,,,,,,,,,,,,,118.00,,,,140008760,4273892,,false,false,12,2014-04-01,2015-03-31,-1
2016-01-29,65860,2016-03-31,3,,,,,,,,,,,,,,,,,,,,,,,,,,,,,18.00,,,,,,,false,false,12,2015-04-01,2016-03-31,0
2016-01-29,65860,2016-03-31,3,,,,,,,,,,,,,,,,,,,,,,,,,,,,,,,,,140008760,4275022,135734342,false,false,9,2015-04-01,2015-12-31,0
2016-01-29,65860,2015-03-31,3,,,,,,,,,,,,,,,,,,,,,,,,,,,,,,,,,,,135736564,false,false,9,2014-04-01,2014-12-31,-1
2016-01-29,65860,2016-03-31,,420000000000,0.010,,,,,63000000000,0.024,,,,,,,,,,,,,,,,,,,,,,,,,,,,true,true,12,2015-04-01,2016-03-31,0
2016-01-29,65860,2015-03-31,,414718000000,,,,,,71905000000,,,,,,,,,,,,,,,,,,,,,,,,,,,,,true,false,12,2014-04-01,2015-03-31,-1
2016-04-27,65860,2016-03-31,,423623000000,0.021,,,,,,,,,,,,,,,,,,558024000000,,,,,34188000000,-6573000000,-18719000000,99915000000,,0.329,,,,,,true,false,12,2015-04-01,2016-03-31,0
2016-04-27,65860,2015-03-31,,414718000000,0.082,,,,,,,,,,,,,,,,,,575328000000,,,,,35894000000,-20096000000,-12017000000,94529000000,,0.354,,,,,,true,false,12,2014-04-01,2015-03-31,-1
2016-04-27,65860,2017-03-31,,195000000000,-0.102,,,,,,,,,,,,,,,,,,,,,,,,,,,,,,,,,,true,true,6,2016-04-01,2016-09-30,1
2016-04-27,65860,2017-03-31,,400000000000,-0.056,,,,,,,,,,,,,,,,,,,,,,,,,,,,,,,,,,true,true,12,2016-04-01,2017-03-31,1
2016-04-27,65860,2016-03-31,,169180000000,0.001,,,,,18492000000,-0.141,32499000000,0.091,23556000000,,0.027,173.55,173.54,,,,,282038000000,254963000000,0.904,1878.41,254963000000,,,,,101.00,,,,140008760,4275499,135734118,false,false,12,2015-04-01,2016-03-31,0
2016-04-27,65860,2015-03-31,,169083000000,0.164,,,,,21538000000,-0.049,29793000000,-0.219,22940000000,,-0.186,169.00,,,,,,282070000000,250730000000,0.889,1847.20,250730000000,,,,,118.00,,,,140008760,4273892,135736215,false,false,12,2014-04-01,2015-03-31,-1
2016-04-27,65860,2017-03-31,,,,,,,,,,,,,,,,,,,,,,,,,,,,,,18.00,,,,,,,false,true,12,2016-04-01,2017-03-31,1
2016-07-28,65860,2017-03-31,1,101276000000,-0.059,,,,,,,,,,,,,,,,,,513191000000,,,,,,,,,,,,,,,,true,false,3,2016-04-01,2016-06-30,0
2016-07-28,65860,2016-03-31,1,107574000000,0.057,,,,,,,,,,,,,,,,,,,,,,,,,,,,,,,,,,true,false,3,2015-04-01,2015-06-30,-1
2016-07-28,65860,2017-03-31,1,195000000000,-0.102,,,,,,,,,,,,,,,,,,,,,,,,,,,,,,,,,,true,true,6,2016-04-01,2016-09-30,0
2016-07-28,65860,2017-03-31,1,400000000000,-0.056,,,,,,,,,,,,,,,,,,,,,,,,,,,,,,,,,,true,true,12,2016-04-01,2017-03-31,0
2016-07-28,65860,2016-03-31,1,,,,,,,,,,,,,,,,,,,,558024000000,,,,,,,,,,,,,,,,true,false,12,2015-04-01,2016-03-31,-1
2016-07-28,65860,2016-03-31,1,,,,,,,,,,,,,,,,,,,,,,,,,,,,,101.00,,,,140008760,4275499,,false,false,12,2015-04-01,2016-03-31,-1
2016-07-28,65860,2017-03-31,1,,,,,,,,,,,,,,,,,,,,,,,,,,,,,18.00,,,,,,,false,true,12,2016-04-01,2017-03-31,0
2016-07-28,65860,2017-03-31,1,,,,,,,,,,,,,,,,,,,,,,,,,,,,,,,,,140008760,4276022,135733139,false,false,3,2016-04-01,2016-06-30,0
2016-07-28,65860,2016-03-31,1,,,,,,,,,,,,,,,,,,,,,,,,,,,,,,,,,,,135734704,false,false,3,2015-04-01,2015-06-30,-1
2016-10-27,65860,2017-03-31,2,200055000000,-0.079,,,,,,,,,,,,,,,,,,525064000000,,,,,,,,,,,,,,,,true,false,6,2016-04-01,2016-09-30,0
2016-10-27,65860,2016-03-31,2,217187000000,0.046,,,,,,,,,,,,,,,,,,,,,,,,,,,,,,,,,,true,false,6,2015-04-01,2015-09-30,-1
2016-10-27,65860,2017-03-31,2,390000000000,-0.079,,,,,,,,,,,,,,,,,,,,,,,,,,,,,,,,,,true,true,12,2016-04-01,2017-03-31,0
2016-10-27,65860,2016-03-31,2,,,,,,,,,,,,,,,,,,,,558024000000,,,,,,,,,,,,,,,,true,false,12,2015-04-01,2016-03-31,-1
2016-10-27,65860,2016-03-31,2,,,,,,,,,,,,,,,,,,,,,,,,,,,,,101.00,,,,140008760,4275499,,false,false,12,2015-04-01,2016-03-31,-1
2016-10-27,65860,2017-03-31,2,,,,,,,,,,,,,,,,,,,,,,,,,,,,,18.00,,,,,,,false,false,12,2016-04-01,2017-03-31,0
2016-10-27,65860,2017-03-31,2,,,,,,,,,,,,,,,,,,,,,,,,,,,,,,,,,140008760,4277111,135732722,false,false,6,2016-04-01,2016-09-30,0
2016-10-27,65860,2016-03-31,2,,,,,,,,,,,,,,,,,,,,,,,,,,,,,,,,,,,135734489,false,false,6,2015-04-01,2015-09-30,-1
2016-10-27,65860,2017-03-31,,390000000000,-0.025,,,,,60000000000,0.000,,,,,,,,,,,,,,,,,,,,,,,,,,,,true,true,12,2016-04-01,2017-03-31,0
2016-10-27,65860,2016-03-31,,423623000000,,,,,,64676000000,,,,,,,,,,,,,,,,,,,,,,,,,,,,,true,false,12,2015-04-01,2016-03-31,-1
2017-01-31,65860,2017-03-31,3,306315000000,-0.055,,,,,,,,,,,,,,,,,,581238000000,,,,,,,,,,,,,,,,true,false,9,2016-04-01,2016-12-31,0
2017-01-31,65860,2016-03-31,3,324090000000,0.042,,,,,,,,,,,,,,,,,,,,,,,,,,,,,,,,,,true,false,9,2015-04-01,2015-12-31,-1
2017-01-31,65860,2017-03-31,3,405000000000,-0.044,,,,,,,,,,,,,,,,,,,,,,,,,,,,,,,,,,true,true,12,2016-04-01,2017-03-31,0
2017-01-31,65860,2016-03-31,3,,,,,,,,,,,,,,,,,,,,558024000000,,,,,,,,,,,,,,,,true,false,12,2015-04-01,2016-03-31,-1
2017-01-31,65860,2016-03-31,3,,,,,,,,,,,,,,,,,,,,,,,,,,,,,101.00,,,,140008760,4275499,,false,false,12,2015-04-01,2016-03-31,-1
2017-01-31,65860,2017-03-31,3,,,,,,,,,,,,,,,,,,,,,,,,,,,,,18.00,,,,,,,false,false,12,2016-04-01,2017-03-31,0
2017-01-31,65860,2017-03-31,3,,,,,,,,,,,,,,,,,,,,,,,,,,,,,,,,,140008760,4277996,135732255,false,false,9,2016-04-01,2016-12-31,0
2017-01-31,65860,2016-03-31,3,,,,,,,,,,,,,,,,,,,,,,,,,,,,,,,,,,,135734342,false,false,9,2015-04-01,2015-12-31,-1
2017-01-31,65860,2017-03-31,,405000000000,0.038,,,,,60500000000,0.008,,,,,,,,,,,,,,,,,,,,,,,,,,,,true,true,12,2016-04-01,2017-03-31,0
2017-01-31,65860,2016-03-31,,423623000000,,,,,,64676000000,,,,,,,,,,,,,,,,,,,,,,,,,,,,,true,false,12,2015-04-01,2016-03-31,-1
2017-04-27,65860,2017-03-31,,414999000000,-0.020,,,,,,,,,,,,,,,,,,597249000000,,,,,63351000000,-5015000000,-9495000000,142181000000,,0.303,,,,,,true,false,12,2016-04-01,2017-03-31,0
2017-04-27,65860,2016-03-31,,423623000000,0.021,,,,,,,,,,,,,,,,,,558024000000,,,,,34188000000,-6573000000,-18719000000,99915000000,,0.329,,,,,,true,false,12,2015-04-01,2016-03-31,-1
2017-04-27,65860,2018-03-31,,207000000000,0.035,,,,,,,,,,,,,,,,,,,,,,,,,,,,,,,,,,true,true,6,2017-04-01,2017-09-30,1
2017-04-27,65860,2018-03-31,,418000000000,0.007,,,,,,,,,,,,,,,,,,,,,,,,,,,,,,,,,,true,true,12,2017-04-01,2018-03-31,1
2017-04-27,65860,2017-03-31,,242267000000,0.432,,,,,23072000000,0.248,46897000000,0.443,38344000000,,0.628,141.25,141.24,,,,,355784000000,290490000000,0.816,1070.10,290410000000,,,,,100.00,,,,280017520,8556948,271463676,false,false,12,2016-04-01,2017-03-31,0
2017-04-27,65860,2016-03-31,,169180000000,0.001,,,,,18492000000,-0.141,32499000000,0.091,23556000000,,0.027,86.78,86.77,,,,,282038000000,254963000000,0.904,939.21,254928000000,,,,,101.00,,,,280017520,8550998,271468232,false,false,12,2015-04-01,2016-03-31,-1
2017-04-27,65860,2018-03-31,,,,,,,,,,,,,,,,,,,,,,,,,,,,,,10.00,,,,,,,false,true,12,2017-04-01,2018-03-31,1
2017-07-31,65860,2018-03-31,1,113064000000,0.116,,,,,,,,,,,,,,,,,,604635000000,,,,,,,,,,,,,,,,true,false,3,2017-04-01,2017-06-30,0
2017-07-31,65860,2017-03-31,1,101276000000,-0.059,,,,,,,,,,,,,,,,,,,,,,,,,,,,,,,,,,true,false,3,2016-04-01,2016-06-30,-1
2017-07-31,65860,2018-03-31,1,207000000000,0.035,,,,,,,,,,,,,,,,,,,,,,,,,,,,,,,,,,true,true,6,2017-04-01,2017-09-30,0
2017-07-31,65860,2018-03-31,1,418000000000,0.007,,,,,,,,,,,,,,,,,,,,,,,,,,,,,,,,,,true,true,12,2017-04-01,2018-03-31,0
2017-07-31,65860,2017-03-31,1,,,,,,,,,,,,,,,,,,,,597249000000,,,,,,,,,,,,,,,,true,false,12,2016-04-01,2017-03-31,-1
2017-07-31,65860,2017-03-31,1,,,,,,,,,,,,,,,,,,,,,,,,,,,,,100.00,,,,280017520,8556948,,false,false,12,2016-04-01,2017-03-31,-1
2017-07-31,65860,2018-03-31,1,,,,,,,,,,,,,,,,,,,,,,,,,,,,,10.00,,,,,,,false,true,12,2017-04-01,2018-03-31,0
2017-07-31,65860,2018-03-31,1,,,,,,,,,,,,,,,,,,,,,,,,,,,,,,,,,280017520,8557485,271460148,false,false,3,2017-04-01,2017-06-30,0
2017-07-31,65860,2017-03-31,1,,,,,,,,,,,,,,,,,,,,,,,,,,,,,,,,,,,271466278,false,false,3,2016-04-01,2016-06-30,-1
2017-10-25,65860,2018-03-31,,230900000000,0.115,,,,,,,,,,,,,,,,,,,,,,,,,,,,,,,,,,true,true,6,2017-04-01,2017-09-30,0
2017-10-25,65860,2017-03-31,,200055000000,,,,,,,,,,,,,,,,,,,,,,,,,,,,,,,,,,,true,false,6,2016-04-01,2016-09-30,-1
2017-10-25,65860,2018-03-31,,455000000000,0.089,,,,,70000000000,0.167,,,,,,,,,,,,,,,,,,,,,,,,,,,,true,true,12,2017-04-01,2018-03-31,0
2017-10-25,65860,2017-03-31,,414999000000,,,,,,62564000000,,,,,,,,,,,,,,,,,,,,,,,,,,,,,true,false,12,2016-04-01,2017-03-31,-1
2017-10-30,65860,2018-03-31,2,230951000000,0.154,,,,,,,,,,,,,,,,,,634897000000,,,,,,,,,,,,,,,,true,false,6,2017-04-01,2017-09-30,0
2017-10-30,65860,2017-03-31,2,200055000000,-0.079,,,,,,,,,,,,,,,,,,,,,,,,,,,,,,,,,,true,false,6,2016-04-01,2016-09-30,-1
2017-10-30,65860,2018-03-31,2,455000000000,0.096,,,,,,,,,,,,,,,,,,,,,,,,,,,,,,,,,,true,true,12,2017-04-01,2018-03-31,0
2017-10-30,65860,2017-03-31,2,,,,,,,,,,,,,,,,,,,,597249000000,,,,,,,,,,,,,,,,true,false,12,2016-04-01,2017-03-31,-1
2017-10-30,65860,2017-03-31,2,,,,,,,,,,,,,,,,,,,,,,,,,,,,,100.00,,,,280017520,8556948,,false,false,12,2016-04-01,2017-03-31,-1
2017-10-30,65860,2018-03-31,2,,,,,,,,,,,,,,,,,,,,,,,,,,,,,10.00,,,,,,,false,false,12,2017-04-01,2018-03-31,0
2017-10-30,65860,2018-03-31,2,,,,,,,,,,,,,,,,,,,,,,,,,,,,,,,,,280017520,8549102,271463675,false,false,6,2017-04-01,2017-09-30,0
2017-10-30,65860,2017-03-31,2,,,,,,,,,,,,,,,,,,,,,,,,,,,,,,,,,,,271465442,false,false,6,2016-04-01,2016-09-30,-1
2018-01-31,65860,2018-03-31,3,355234000000,0.160,,,,,,,,,,,,,,,,,,655820000000,,,,,,,,,,,,,,,,true,false,9,2017-04-01,2017-12-31,0
2018-01-31,65860,2017-03-31,3,306315000000,-0.055,,,,,,,,,,,,,,,,,,,,,,,,,,,,,,,,,,true,false,9,2016-04-01,2016-12-31,-1
2018-01-31,65860,2018-03-31,3,467000000000,0.125,,,,,,,,,,,,,,,,,,,,,,,,,,,,,,,,,,true,true,12,2017-04-01,2018-03-31,0
2018-01-31,65860,2017-03-31,3,,,,,,,,,,,,,,,,,,,,597249000000,,,,,,,,,,,,,,,,true,false,12,2016-04-01,2017-03-31,-1
2018-01-31,65860,2017-03-31,3,,,,,,,,,,,,,,,,,,,,,,,,,,,,,100.00,,,,280017520,8556948,,false,false,12,2016-04-01,2017-03-31,-1
2018-01-31,65860,2018-03-31,3,,,,,,,,,,,,,,,,,,,,,,,,,,,,,10.00,,,,,,,false,false,12,2017-04-01,2018-03-31,0
2018-01-31,65860,2018-03-31,3,,,,,,,,,,,,,,,,,,,,,,,,,,,,,,,,,280017520,8549252,271465233,false,false,9,2017-04-01,2017-12-31,0
2018-01-31,65860,2017-03-31,3,,,,,,,,,,,,,,,,,,,,,,,,,,,,,,,,,,,271464514,false,false,9,2016-04-01,2016-12-31,-1
2018-01-31,65860,2018-03-31,,467000000000,0.026,,,,,75500000000,0.079,,,,,,,,,,,,,,,,,,,,,,,,,,,,true,true,12,2017-04-01,2018-03-31,0
2018-01-31,65860,2017-03-31,,414999000000,,,,,,62564000000,,,,,,,,,,,,,,,,,,,,,,,,,,,,,true,false,12,2016-04-01,2017-03-31,-1
2018-04-26,65860,2018-03-31,,477298000000,0.150,,,,,,,,,,,,,,,,,,651031000000,,,,,33294000000,-14811000000,-17743000000,147320000000,,0.302,,,,,,true,false,12,2017-04-01,2018-03-31,0
2018-04-26,65860,2017-03-31,,414999000000,-0.020,,,,,,,,,,,,,,,,,,597249000000,,,,,63351000000,-5015000000,-9495000000,142181000000,,0.303,,,,,,true,false,12,2016-04-01,2017-03-31,-1
2018-04-26,65860,2018-03-31,,309647000000,0.278,,,,,30006000000,0.301,60762000000,0.296,49432000000,,0.289,182.09,182.08,,,,,392907000000,324755000000,0.826,1196.29,324662000000,,,,,61.00,,,,280017520,8549592,271465951,false,false,12,2017-04-01,2018-03-31,0
2018-04-26,65860,2017-03-31,,242267000000,0.432,,,,,23072000000,0.248,46897000000,0.443,38344000000,,0.628,141.25,141.24,,,,,355784000000,290490000000,0.816,1070.10,290410000000,,,,,100.00,,,,280017520,8556948,271463676,false,false,12,2016-04-01,2017-03-31,-1
2018-04-26,65860,2019-03-31,,,,,,,,78500000000,,,,,54800000000,,201.87,,,,,,,,,,,,,,,,,,,,,,true,true,12,2018-04-01,2019-03-31,1
2018-04-26,65860,2019-03-31,,,,,,,,,,,,,,,,,,,,,,,,,,,,,,10.00,,,,,,,false,true,12,2018-04-01,2019-03-31,1
2018-07-31,65860,2019-03-31,1,122638000000,0.085,,,,,21029000000,0.163,,,,15550000000,,57.28,57.28,,,,,635615000000,,,,,,,,,,,,,,,,true,false,3,2018-04-01,2018-06-30,0
2018-07-31,65860,2018-03-31,1,113064000000,,,,,,18084000000,,,,,13037000000,,48.03,48.02,,,,,,,,,,,,,,,,,,,,,true,false,3,2017-04-01,2017-06-30,-1
2018-07-31,65860,2019-03-31,1,,,,,,,78500000000,-0.022,,,,54800000000,,201.87,,,,,,,,,,,,,,,,,,,,,,true,true,12,2018-04-01,2019-03-31,0
2018-07-31,65860,2018-03-31,1,,,,,,,,,,,,,,,,,,,,654841000000,,,,,,,,,,,,,,,,true,false,12,2017-04-01,2018-03-31,-1
2018-07-31,65860,2018-03-31,1,,,,,,,,,,,,,,,,,,,,,,,,,,,,,61.00,,,,280017520,8549592,,false,false,12,2017-04-01,2018-03-31,-1
2018-07-31,65860,2019-03-31,1,,,,,,,,,,,,,,,,,,,,,,,,,,,,,10.00,,,,,,,false,true,12,2018-04-01,2019-03-31,0
2018-07-31,65860,2019-03-31,1,,,,,,,,,,,,,,,,,,,,,,,,,,,,,,,,,280017520,8549648,271467893,false,false,3,2018-04-01,2018-06-30,0
2018-07-31,65860,2018-03-31,1,,,,,,,,,,,,,,,,,,,,,,,,,,,,,,,,,,,271460148,false,false,3,2017-04-01,2017-06-30,-1
2018-10-30,65860,2019-03-31,2,,,,,,,40064000000,0.056,,,,29679000000,,109.33,109.32,,,,,660917000000,,,,,,,,,,,,,,,,true,false,6,2018-04-01,2018-09-30,0
2018-10-30,65860,2018-03-31,2,,,,,,,37934000000,,,,,27348000000,,100.74,100.73,,,,,,,,,,,,,,,,,,,,,true,false,6,2017-04-01,2017-09-30,-1
2018-10-30,65860,2019-03-31,2,,,,,,,78500000000,-0.022,,,,54800000000,,201.87,,,,,,,,,,,,,,,,,,,,,,true,true,12,2018-04-01,2019-03-31,0
2018-10-30,65860,2018-03-31,2,,,,,,,,,,,,,,,,,,,,654841000000,,,,,,,,,,,,,,,,true,false,12,2017-04-01,2018-03-31,-1
2018-10-30,65860,2018-03-31,2,,,,,,,,,,,,,,,,,,,,,,,,,,,,,61.00,,,,280017520,8549592,,false,false,12,2017-04-01,2018-03-31,-1
2018-10-30,65860,2019-03-31,2,,,,,,,,,,,,,,,,,,,,,,,,,,,,,10.00,,,,,,,false,false,12,2018-04-01,2019-03-31,0
2018-10-30,65860,2019-03-31,2,,,,,,,,,,,,,,,,,,,,,,,,,,,,,,,,,280017520,8550012,271467793,false,false,6,2018-04-01,2018-09-30,0
2018-10-30,65860,2018-03-31,2,,,,,,,,,,,,,,,,,,,,,,,,,,,,,,,,,,,271463675,false,false,6,2017-04-01,2017-09-30,-1
2019-01-30,65860,2019-03-31,3,,,,,,,60070000000,0.019,,,,43151000000,,158.95,158.93,,,,,649890000000,,,,,,,,,,,,,,,,true,false,9,2018-04-01,2018-12-31,0
2019-01-30,65860,2018-03-31,3,,,,,,,58969000000,,,,,41324000000,,152.23,152.21,,,,,,,,,,,,,,,,,,,,,true,false,9,2017-04-01,2017-12-31,-1
2019-01-30,65860,2019-03-31,3,,,,,,,78500000000,-0.022,,,,54800000000,,201.87,,,,,,,,,,,,,,,,,,,,,,true,true,12,2018-04-01,2019-03-31,0
2019-01-30,65860,2018-03-31,3,,,,,,,,,,,,,,,,,,,,654841000000,,,,,,,,,,,,,,,,true,false,12,2017-04-01,2018-03-31,-1
2019-01-30,65860,2018-03-31,3,,,,,,,,,,,,,,,,,,,,,,,,,,,,,61.00,,,,280017520,8549592,,false,false,12,2017-04-01,2018-03-31,-1
2019-01-30,65860,2019-03-31,3,,,,,,,,,,,,,,,,,,,,,,,,,,,,,10.00,,,,,,,false,false,12,2018-04-01,2019-03-31,0
2019-01-30,65860,2019-03-31,3,,,,,,,,,,,,,,,,,,,,,,,,,,,,,,,,,280017520,8550074,271467689,false,false,9,2018-04-01,2018-12-31,0
2019-01-30,65860,2018-03-31,3,,,,,,,,,,,,,,,,,,,,,,,,,,,,,,,,,,,271465233,false,false,9,2017-04-01,2017-12-31,-1
2019-04-26,65860,2019-03-31,,326390000000,0.054,,,,,32175000000,0.072,77826000000,0.281,65601000000,,0.327,241.65,241.62,,,,,421387000000,365709000000,0.868,1347.16,365576000000,,,,,62.00,,,,280017520,8550463,271467574,false,false,12,2018-04-01,2019-03-31,0
2019-04-26,65860,2018-03-31,,309647000000,0.278,,,,,30006000000,0.301,60762000000,0.296,49432000000,,0.289,182.09,182.08,,,,,392907000000,324755000000,0.826,1196.29,324662000000,,,,,61.00,,,,280017520,8549592,271465951,false,false,12,2017-04-01,2018-03-31,-1
2019-04-26,65860,2019-03-31,,,,,,,,78305000000,-0.024,,,,55750000000,,205.37,205.34,,,,,680250000000,,,,,23155000000,-15329000000,-8231000000,,,0.302,,,,,,true,false,12,2018-04-01,2019-03-31,0
2019-04-26,65860,2018-03-31,,,,,,,,80231000000,,,,,54943000000,,202.39,202.37,,,,,654841000000,,,,,34191000000,-15708000000,-17743000000,,,0.301,,,,,,true,false,12,2017-04-01,2018-03-31,-1
2019-04-26,65860,2020-03-31,,,,,,,,72000000000,-0.081,,,,50000000000,,184.18,,,,,,,,,,,,,,,,,,,,,,true,true,12,2019-04-01,2020-03-31,1
2019-04-26,65860,2020-03-31,,,,,,,,,,,,,,,,,,,,,,,,,,,,,,10.00,,,,,,,false,true,12,2019-04-01,2020-03-31,1
2019-07-31,65860,2020-03-31,1,,,,,,,17375000000,-0.174,,,,14159000000,,52.16,52.15,,,,,665761000000,,,,,,,,,,,,,,,,true,false,3,2019-04-01,2019-06-30,0
2019-07-31,65860,2019-03-31,1,,,,,,,21029000000,0.163,,,,15550000000,,57.28,57.28,,,,,,,,,,,,,,,,,,,,,true,false,3,2018-04-01,2018-06-30,-1
2019-07-31,65860,2020-03-31,1,,,,,,,72000000000,-0.081,,,,50000000000,,184.18,,,,,,,,,,,,,,,,,,,,,,true,true,12,2019-04-01,2020-03-31,0
2019-07-31,65860,2019-03-31,1,,,,,,,,,,,,,,,,,,,,680250000000,,,,,,,,,,,,,,,,true,false,12,2018-04-01,2019-03-31,-1
2019-07-31,65860,2019-03-31,1,,,,,,,,,,,,,,,,,,,,,,,,,,,,,62.00,,,,280017520,8550463,,false,false,12,2018-04-01,2019-03-31,-1
2019-07-31,65860,2020-03-31,1,,,,,,,,,,,,,,,,,,,,,,,,,,,,,10.00,,,,,,,false,true,12,2019-04-01,2020-03-31,0
2019-07-31,65860,2020-03-31,1,,,,,,,,,,,,,,,,,,,,,,,,,,,,,,,,,280017520,8550659,271466880,false,false,3,2019-04-01,2019-06-30,0
2019-07-31,65860,2019-03-31,1,,,,,,,,,,,,,,,,,,,,,,,,,,,,,,,,,,,271467893,false,false,3,2018-04-01,2018-06-30,-1
2019-10-30,65860,2020-03-31,2,,,,,,,32416000000,-0.191,,,,24979000000,,92.01,,,,,,675339000000,,,,,,,,,,,,,,,,true,false,6,2019-04-01,2019-09-30,0
2019-10-30,65860,2019-03-31,2,,,,,,,40064000000,0.056,,,,29679000000,,109.33,109.32,,,,,,,,,,,,,,,,,,,,,true,false,6,2018-04-01,2018-09-30,-1
2019-10-30,65860,2020-03-31,2,,,,,,,63000000000,-0.195,,,,44000000000,,162.05,,,,,,,,,,,,,,,,,,,,,,true,true,12,2019-04-01,2020-03-31,0
2019-10-30,65860,2019-03-31,2,,,,,,,,,,,,,,,,,,,,680250000000,,,,,,,,,,,,,,,,true,false,12,2018-04-01,2019-03-31,-1
2019-10-30,65860,2019-03-31,2,,,,,,,,,,,,,,,,,,,,,,,,,,,,,62.00,,,,280017520,8550463,,false,false,12,2018-04-01,2019-03-31,-1
2019-10-30,65860,2020-03-31,2,,,,,,,,,,,,,,,,,,,,,,,,,,,,,10.00,,,,,,,false,false,12,2019-04-01,2020-03-31,0
2019-10-30,65860,2020-03-31,2,,,,,,,,,,,,,,,,,,,,,,,,,,,,,,,,,280017520,8500225,271487895,false,false,6,2019-04-01,2019-09-30,0
2019-10-30,65860,2019-03-31,2,,,,,,,,,,,,,,,,,,,,,,,,,,,,,,,,,,,271467793,false,false,6,2018-04-01,2018-09-30,-1
2019-10-30,65860,2020-03-31,,,,,,,,63000000000,-0.125,,,,44000000000,,162.05,,,,,,,,,,,,,,,,,,,,,,true,true,12,2019-04-01,2020-03-31,0
2019-10-30,65860,2019-03-31,,,,,,,,78305000000,,,,,55750000000,,205.37,,,,,,,,,,,,,,,,,,,,,,true,false,12,2018-04-01,2019-03-31,-1
2020-01-30,65860,2020-03-31,3,,,,,,,50906000000,-0.153,,,,38569000000,,142.06,,,,,,701881000000,,,,,,,,,,,,,,,,true,false,9,2019-04-01,2019-12-31,0
2020-01-30,65860,2019-03-31,3,,,,,,,60070000000,0.019,,,,43151000000,,158.95,158.93,,,,,,,,,,,,,,,,,,,,,true,false,9,2018-04-01,2018-12-31,-1
2020-01-30,65860,2020-03-31,3,,,,,,,63000000000,-0.195,,,,44000000000,,162.05,,,,,,,,,,,,,,,,,,,,,,true,true,12,2019-04-01,2020-03-31,0
2020-01-30,65860,2019-03-31,3,,,,,,,,,,,,,,,,,,,,680250000000,,,,,,,,,,,,,,,,true,false,12,2018-04-01,2019-03-31,-1
2020-01-30,65860,2019-03-31,3,,,,,,,,,,,,,,,,,,,,,,,,,,,,,62.00,,,,280017520,8550463,,false,false,12,2018-04-01,2019-03-31,-1
2020-01-30,65860,2020-03-31,3,,,,,,,,,,,,,,,,,,,,,,,,,,,,,10.00,,,,,,,false,false,12,2019-04-01,2020-03-31,0
2020-01-30,65860,2020-03-31,3,,,,,,,,,,,,,,,,,,,,,,,,,,,,,,,,,280017520,8500293,271497673,false,false,9,2019-04-01,2019-12-31,0
2020-01-30,65860,2019-03-31,3,,,,,,,,,,,,,,,,,,,,,,,,,,,,,,,,,,,271467689,false,false,9,2018-04-01,2018-12-31,-1
2020-05-21,65860,2020-03-31,,295161000000,-0.096,,,,,21739000000,-0.324,60344000000,-0.225,52371000000,,-0.202,192.89,,,,,,437971000000,398358000000,0.910,1467.16,398358000000,,,,,53.00,,,,280017520,8500530,271502528,false,false,12,2019-04-01,2020-03-31,0
2020-05-21,65860,2019-03-31,,326390000000,0.054,,,,,32175000000,0.072,77826000000,0.281,65601000000,,0.327,241.65,241.62,,,,,421387000000,365709000000,0.868,1347.16,365576000000,,,,,62.00,,,,280017520,8550463,271467574,false,false,12,2018-04-01,2019-03-31,-1
2020-05-21,65860,2020-03-31,,,,,,,,64046000000,-0.182,,,,47731000000,,175.80,,,,,,674564000000,,,,,57310000000,-30506000000,-22931000000,,,0.301,,,,,,true,false,12,2019-04-01,2020-03-31,0
2020-05-21,65860,2019-03-31,,,,,,,,78305000000,-0.024,,,,55750000000,,205.37,205.34,,,,,680250000000,,,,,23155000000,-15329000000,-8231000000,,,0.302,,,,,,true,false,12,2018-04-01,2019-03-31,-1
2020-05-21,65860,2021-03-31,,,,,,,,,,,,,,,,,,,,,,,,,,,,,,10.00,,,,,,,false,true,12,2020-04-01,2021-03-31,1
2020-07-31,65860,2021-03-31,1,,,,,,,15569000000,-0.104,,,,11521000000,,42.43,,,,,,686337000000,,,,,,,,,,,,,,,,true,false,3,2020-04-01,2020-06-30,0
2020-07-31,65860,2020-03-31,1,,,,,,,17375000000,-0.174,,,,14159000000,,52.16,52.15,,,,,,,,,,,,,,,,,,,,,true,false,3,2019-04-01,2019-06-30,-1
2020-07-31,65860,2021-03-31,1,,,,,,,53000000000,-0.172,,,,37300000000,,137.38,,,,,,,,,,,,,,,,,,,,,,true,true,12,2020-04-01,2021-03-31,0
2020-07-31,65860,2020-03-31,1,,,,,,,,,,,,,,,,,,,,674564000000,,,,,,,,,,,,,,,,true,false,12,2019-04-01,2020-03-31,-1
2020-07-31,65860,2020-03-31,1,,,,,,,,,,,,,,,,,,,,,,,,,,,,,53.00,,,,280017520,8500530,,false,false,12,2019-04-01,2020-03-31,-1
2020-07-31,65860,2021-03-31,1,,,,,,,,,,,,,,,,,,,,,,,,,,,,,10.00,,,,,,,false,true,12,2020-04-01,2021-03-31,0
2020-07-31,65860,2021-03-31,1,,,,,,,,,,,,,,,,,,,,,,,,,,,,,,,,,280017520,8500594,271516937,false,false,3,2020-04-01,2020-06-30,0
2020-07-31,65860,2020-03-31,1,,,,,,,,,,,,,,,,,,,,,,,,,,,,,,,,,,,271466880,false,false,3,2019-04-01,2019-06-30,-1
2020-10-30,65860,2021-03-31,2,,,,,,,38165000000,0.177,,,,27141000000,,99.96,,,,,,712384000000,,,,,,,,,,,,,,,,true,false,6,2020-04-01,2020-09-30,0
2020-10-30,65860,2020-03-31,2,,,,,,,32416000000,-0.191,,,,24979000000,,92.01,,,,,,,,,,,,,,,,,,,,,,true,false,6,2019-04-01,2019-09-30,-1
2020-10-30,65860,2021-03-31,2,,,,,,,67500000000,0.054,,,,48000000000,,176.78,,,,,,,,,,,,,,,,,,,,,,true,true,12,2020-04-01,2021-03-31,0
2020-10-30,65860,2020-03-31,2,,,,,,,,,,,,,,,,,,,,674564000000,,,,,,,,,,,,,,,,true,false,12,2019-04-01,2020-03-31,-1
2020-10-30,65860,2020-03-31,2,,,,,,,,,,,,,,,,,,,,,,,,,,,,,53.00,,,,280017520,8500530,,false,false,12,2019-04-01,2020-03-31,-1
2020-10-30,65860,2021-03-31,2,,,,,,,,,,,,,,,,,,,,,,,,,,,,,10.00,,,,,,,false,false,12,2020-04-01,2021-03-31,0
2020-10-30,65860,2021-03-31,2,,,,,,,,,,,,,,,,,,,,,,,,,,,,,,,,,280017520,8489988,271521377,false,false,6,2020-04-01,2020-09-30,0
2020-10-30,65860,2020-03-31,2,,,,,,,,,,,,,,,,,,,,,,,,,,,,,,,,,,,271487895,false,false,6,2019-04-01,2019-09-30,-1
2020-10-30,65860,2021-03-31,,,,,,,,67500000000,0.274,,,,48000000000,,176.78,,,,,,,,,,,,,,,,,,,,,,true,true,12,2020-04-01,2021-03-31,0
2020-10-30,65860,2020-03-31,,,,,,,,64046000000,,,,,47731000000,,175.80,,,,,,,,,,,,,,,,,,,,,,true,false,12,2019-04-01,2020-03-31,-1
2021-01-29,65860,2021-03-31,3,,,,,,,65703000000,0.291,,,,46890000000,,172.69,,,,,,751634000000,,,,,,,,,,,,,,,,true,false,9,2020-04-01,2020-12-31,0
2021-01-29,65860,2020-03-31,3,,,,,,,50906000000,-0.153,,,,38569000000,,142.06,,,,,,,,,,,,,,,,,,,,,,true,false,9,2019-04-01,2019-12-31,-1
2021-01-29,65860,2021-03-31,3,,,,,,,82000000000,0.280,,,,58000000000,,213.61,,,,,,,,,,,,,,,,,,,,,,true,true,12,2020-04-01,2021-03-31,0
2021-01-29,65860,2020-03-31,3,,,,,,,,,,,,,,,,,,,,674564000000,,,,,,,,,,,,,,,,true,false,12,2019-04-01,2020-03-31,-1
2021-01-29,65860,2020-03-31,3,,,,,,,,,,,,,,,,,,,,,,,,,,,,,53.00,,,,280017520,8500530,,false,false,12,2019-04-01,2020-03-31,-1
2021-01-29,65860,2021-03-31,3,,,,,,,,,,,,,,,,,,,,,,,,,,,,,10.00,,,,,,,false,false,12,2020-04-01,2021-03-31,0
2021-01-29,65860,2021-03-31,3,,,,,,,,,,,,,,,,,,,,,,,,,,,,,,,,,280017520,8489998,271523428,false,false,9,2020-04-01,2020-12-31,0
2021-01-29,65860,2020-03-31,3,,,,,,,,,,,,,,,,,,,,,,,,,,,,,,,,,,,271497673,false,false,9,2019-04-01,2019-12-31,-1
2021-01-29,65860,2021-03-31,,,,,,,,82000000000,0.215,,,,58000000000,,213.61,,,,,,,,,,,,,,,,,,,,,,true,true,12,2020-04-01,2021-03-31,0
2021-01-29,65860,2020-03-31,,,,,,,,64046000000,,,,,47731000000,,175.80,,,,,,,,,,,,,,,,,,,,,,true,false,12,2019-04-01,2020-03-31,-1
2021-04-27,65860,2021-03-31,,378486000000,0.282,,,,,30985000000,0.425,47574000000,-0.212,37076000000,,-0.292,136.55,,,,,,503637000000,430368000000,0.855,1584.99,430368000000,,,,,69.00,,,,280017520,8490396,271524393,false,false,12,2020-04-01,2021-03-31,0
2021-04-27,65860,2020-03-31,,295161000000,-0.096,,,,,21739000000,-0.324,60344000000,-0.225,52371000000,,-0.202,192.89,,,,,,437971000000,398358000000,0.910,1467.16,398358000000,,,,,53.00,,,,280017520,8500530,271502528,false,false,12,2019-04-01,2020-03-31,-1
2021-04-27,65860,2021-03-31,,,,,,,,88464000000,0.381,,,,62018000000,,228.41,,,,,,812878000000,,,,,64537000000,-42913000000,-23036000000,,,0.302,,,,,,true,false,12,2020-04-01,2021-03-31,0
2021-04-27,65860,2020-03-31,,,,,,,,64046000000,-0.182,,,,47731000000,,175.80,,,,,,674564000000,,,,,57310000000,-30506000000,-22931000000,,,0.301,,,,,,true,false,12,2019-04-01,2020-03-31,-1
2021-04-27,65860,2022-03-31,,,,,,,,83000000000,-0.062,,,,59000000000,,217.29,,,,,,,,,,,,,,,,,,,,,,true,true,12,2021-04-01,2022-03-31,1
2021-04-27,65860,2022-03-31,,,,,,,,,,,,,,,,,,,,,,,,,,,,,,10.00,,,,,,,false,true,12,2021-04-01,2022-03-31,1
2021-07-30,65860,2022-03-31,1,,,,,,,28382000000,0.823,,,,21612000000,,79.59,,,,,,828861000000,,,,,,,,,,,,,,,,true,false,3,2021-04-01,2021-06-30,0
2021-07-30,65860,2021-03-31,1,,,,,,,15569000000,-0.104,,,,11521000000,,42.43,,,,,,,,,,,,,,,,,,,,,,true,false,3,2020-04-01,2020-06-30,-1
2021-07-30,65860,2022-03-31,1,,,,,,,88500000000,0.000,,,,63200000000,,232.76,,,,,,,,,,,,,,,,,,,,,,true,true,12,2021-04-01,2022-03-31,0
2021-07-30,65860,2021-03-31,1,,,,,,,,,,,,,,,,,,,,812878000000,,,,,,,,,,,,,,,,true,false,12,2020-04-01,2021-03-31,-1
2021-07-30,65860,2021-03-31,1,,,,,,,,,,,,,,,,,,,,,,,,,,,,,69.00,,,,280017520,8490396,,false,false,12,2020-04-01,2021-03-31,-1
2021-07-30,65860,2022-03-31,1,,,,,,,,,,,,,,,,,,,,,,,,,,,,,10.00,,,,,,,false,true,12,2021-04-01,2022-03-31,0
2021-07-30,65860,2022-03-31,1,,,,,,,,,,,,,,,,,,,,,,,,,,,,,,,,,280017520,8490979,271526825,false,false,3,2021-04-01,2021-06-30,0
2021-07-30,65860,2021-03-31,1,,,,,,,,,,,,,,,,,,,,,,,,,,,,,,,,,,,271516937,false,false,3,2020-04-01,2020-06-30,-1
2021-07-30,65860,2022-03-31,,,,,,,,88500000000,0.066,,,,63200000000,,232.76,,,,,,,,,,,,,,,,,,,,,,true,true,12,2021-04-01,2022-03-31,0
2021-07-30,65860,2021-03-31,,,,,,,,88464000000,,,,,62018000000,,228.41,,,,,,,,,,,,,,,,,,,,,,true,false,12,2020-04-01,2021-03-31,-1
2021-10-28,65860,2022-03-31,2,,,,,,,52160000000,0.367,,,,37820000000,,139.29,,,,,,850842000000,,,,,,,,,,,,,,,,true,false,6,2021-04-01,2021-09-30,0
2021-10-28,65860,2021-03-31,2,,,,,,,38165000000,0.177,,,,27141000000,,99.96,,,,,,,,,,,,,,,,,,,,,,true,false,6,2020-04-01,2020-09-30,-1
2021-10-28,65860,2022-03-31,2,,,,,,,90000000000,0.017,,,,65000000000,,239.38,,,,,,,,,,,,,,,,,,,,,,true,true,12,2021-04-01,2022-03-31,0
2021-10-28,65860,2021-03-31,2,,,,,,,,,,,,,,,,,,,,812878000000,,,,,,,,,,,,,,,,true,false,12,2020-04-01,2021-03-31,-1
2021-10-28,65860,2021-03-31,2,,,,,,,,,,,,,,,,,,,,,,,,,,,,,69.00,,,,280017520,8490396,,false,false,12,2020-04-01,2021-03-31,-1
2021-10-28,65860,2022-03-31,2,,,,,,,,,,,,,,,,,,,,,,,,,,,,,10.00,,,,,,,false,false,12,2021-04-01,2022-03-31,0
2021-10-28,65860,2022-03-31,2,,,,,,,,,,,,,,,,,,,,,,,,,,,,,,,,,280017520,8484811,271529324,false,false,6,2021-04-01,2021-09-30,0
2021-10-28,65860,2021-03-31,2,,,,,,,,,,,,,,,,,,,,,,,,,,,,,,,,,,,271521377,false,false,6,2020-04-01,2020-09-30,-1
2021-10-28,65860,2022-03-31,,,,,,,,90000000000,0.017,,,,65000000000,,239.38,,,,,,,,,,,,,,,,,,,,,,true,true,12,2021-04-01,2022-03-31,0
2021-10-28,65860,2021-03-31,,,,,,,,88464000000,,,,,62018000000,,228.41,,,,,,,,,,,,,,,,,,,,,,true,false,12,2020-04-01,2021-03-31,-1
2022-01-31,65860,2022-03-31,3,,,,,,,73233000000,0.115,,,,51355000000,,189.13,,,,,,902085000000,,,,,,,,,,,,,,,,true,false,9,2021-04-01,2021-12-31,0
2022-01-31,65860,2021-03-31,3,,,,,,,65703000000,0.291,,,,46890000000,,172.69,,,,,,,,,,,,,,,,,,,,,,true,false,9,2020-04-01,2020-12-31,-1
2022-01-31,65860,2022-03-31,3,,,,,,,90000000000,0.017,,,,65000000000,,239.38,,,,,,,,,,,,,,,,,,,,,,true,true,12,2021-04-01,2022-03-31,0
2022-01-31,65860,2021-03-31,3,,,,,,,,,,,,,,,,,,,,812878000000,,,,,,,,,,,,,,,,true,false,12,2020-04-01,2021-03-31,-1
2022-01-31,65860,2021-03-31,3,,,,,,,,,,,,,,,,,,,,,,,,,,,,,69.00,,,,280017520,8490396,,false,false,12,2020-04-01,2021-03-31,-1
2022-01-31,65860,2022-03-31,3,,,,,,,,,,,,,,,,,,,,,,,,,,,,,10.00,,,,,,,false,false,12,2021-04-01,2022-03-31,0
2022-01-31,65860,2022-03-31,3,,,,,,,,,,,,,,,,,,,,,,,,,,,,,,,,,280017520,8484933,271530440,false,false,9,2021-04-01,2021-12-31,0
2022-01-31,65860,2021-03-31,3,,,,,,,,,,,,,,,,,,,,,,,,,,,,,,,,,,,271523428,false,false,9,2020-04-01,2020-12-31,-1
2022-04-27,65860,2022-03-31,,536677000000,0.418,,,,,31574000000,0.019,38040000000,-0.200,32916000000,,-0.112,121.22,,,,,,605668000000,436519000000,0.721,1607.61,436519000000,,,,,72.00,,,,280017520,8485061,271530966,false,false,12,2021-04-01,2022-03-31,0
2022-04-27,65860,2021-03-31,,378486000000,0.282,,,,,30985000000,0.425,47574000000,-0.212,37077000000,,-0.292,136.55,,,,,,503637000000,430368000000,0.855,1584.99,430368000000,,,,,69.00,,,,280017520,8490396,271524393,false,false,12,2020-04-01,2021-03-31,-1
2022-04-27,65860,2022-03-31,,,,,,,,91728000000,0.037,,,,64770000000,,238.54,,,,,,1007497000000,,,,,-103660000000,-27891000000,52626000000,,,0.302,,,,,,true,false,12,2021-04-01,2022-03-31,0
2022-04-27,65860,2021-03-31,,,,,,,,88464000000,0.381,,,,62018000000,,228.41,,,,,,812878000000,,,,,64537000000,-42913000000,-23036000000,,,0.302,,,,,,true,false,12,2020-04-01,2021-03-31,-1
2022-04-27,65860,2023-03-31,,,,,,,,85000000000,-0.073,,,,59000000000,,217.29,,,,,,,,,,,,,,,,,,,,,,true,true,12,2022-04-01,2023-03-31,1
2022-04-27,65860,2023-03-31,,,,,,,,,,,,,,,,,,,,,,,,,,,,,,10.00,,,,,,,false,true,12,2022-04-01,2023-03-31,1
2022-07-26,65860,2023-03-31,1,,,,,,,15228000000,-0.463,,,,10563000000,,38.90,,,,,,1112111000000,,,,,,,,,,,,,,,,true,false,3,2022-04-01,2022-06-30,0
2022-07-26,65860,2022-03-31,1,,,,,,,28382000000,0.823,,,,21612000000,,79.59,,,,,,,,,,,,,,,,,,,,,,true,false,3,2021-04-01,2021-06-30,-1
2022-07-26,65860,2023-03-31,1,,,,,,,85000000000,-0.073,,,,59000000000,,217.29,,,,,,,,,,,,,,,,,,,,,,true,true,12,2022-04-01,2023-03-31,0
2022-07-26,65860,2022-03-31,1,,,,,,,,,,,,,,,,,,,,1007497000000,,,,,,,,,,,,,,,,true,false,12,2021-04-01,2022-03-31,-1
2022-07-26,65860,2022-03-31,1,,,,,,,,,,,,,,,,,,,,,,,,,,,,,72.00,,,,280017520,8485061,,false,false,12,2021-04-01,2022-03-31,-1
2022-07-26,65860,2023-03-31,1,,,,,,,,,,,,,,,,,,,,,,,,,,,,,10.00,,,,,,,false,true,12,2022-04-01,2023-03-31,0
2022-07-26,65860,2023-03-31,1,,,,,,,,,,,,,,,,,,,,,,,,,,,,,,,,,280017520,8485289,271532359,false,false,3,2022-04-01,2022-06-30,0
2022-07-26,65860,2022-03-31,1,,,,,,,,,,,,,,,,,,,,,,,,,,,,,,,,,,,271526825,false,false,3,2021-04-01,2021-06-30,-1
2022-10-28,65860,2023-03-31,2,,,,,,,21919000000,-0.580,,,,11078000000,,40.80,,,,,,1155694000000,,,,,,,,,,,,,,,,true,false,6,2022-04-01,2022-09-30,0
2022-10-28,65860,2022-03-31,2,,,,,,,52160000000,0.367,,,,37820000000,,139.29,,,,,,,,,,,,,,,,,,,,,,true,false,6,2021-04-01,2021-09-30,-1
2022-10-28,65860,2023-03-31,2,,,,,,,40000000000,-0.564,,,,22000000000,,81.02,,,,,,,,,,,,,,,,,,,,,,true,true,12,2022-04-01,2023-03-31,0
2022-10-28,65860,2022-03-31,2,,,,,,,,,,,,,,,,,,,,1007497000000,,,,,,,,,,,,,,,,true,false,12,2021-04-01,2022-03-31,-1
2022-10-28,65860,2022-03-31,2,,,,,,,,,,,,,,,,,,,,,,,,,,,,,72.00,,,,280017520,8485061,,false,false,12,2021-04-01,2022-03-31,-1
2022-10-28,65860,2023-03-31,2,,,,,,,,,,,,,,,,,,,,,,,,,,,,,10.00,,,,,,,false,false,12,2022-04-01,2023-03-31,0
2022-10-28,65860,2023-03-31,2,,,,,,,,,,,,,,,,,,,,,,,,,,,,,,,,,280017520,8475653,271536353,false,false,6,2022-04-01,2022-09-30,0
2022-10-28,65860,2022-03-31,2,,,,,,,,,,,,,,,,,,,,,,,,,,,,,,,,,,,271529324,false,false,6,2021-04-01,2021-09-30,-1
2023-01-31,65860,2023-03-31,3,,,,,,,27158000000,-0.629,,,,14219000000,,52.36,,,,,,1117363000000,,,,,,,,,,,,,,,,true,false,9,2022-04-01,2022-12-31,0
2023-01-31,65860,2022-03-31,3,,,,,,,73233000000,0.115,,,,51355000000,,189.13,,,,,,,,,,,,,,,,,,,,,,true,false,9,2021-04-01,2021-12-31,-1
2023-01-31,65860,2023-03-31,3,,,,,,,25000000000,-0.727,,,,12000000000,,44.19,,,,,,,,,,,,,,,,,,,,,,true,true,12,2022-04-01,2023-03-31,0
2023-01-31,65860,2022-03-31,3,,,,,,,,,,,,,,,,,,,,1007497000000,,,,,,,,,,,,,,,,true,false,12,2021-04-01,2022-03-31,-1
2023-01-31,65860,2022-03-31,3,,,,,,,,,,,,,,,,,,,,,,,,,,,,,72.00,,,,280017520,8485061,,false,false,12,2021-04-01,2022-03-31,-1
2023-01-31,65860,2023-03-31,3,,,,,,,,,,,,,,,,,,,,,,,,,,,,,10.00,,,,,,,false,false,12,2022-04-01,2023-03-31,0
2023-01-31,65860,2023-03-31,3,,,,,,,,,,,,,,,,,,,,,,,,,,,,,,,,,280017520,8475670,271538191,false,false,9,2022-04-01,2022-12-31,0
2023-01-31,65860,2022-03-31,3,,,,,,,,,,,,,,,,,,,,,,,,,,,,,,,,,,,271530440,false,false,9,2021-04-01,2021-12-31,-1
2023-04-27,65860,2023-03-31,,414948000000,-0.227,,,,,-2071000000,,18967000000,-0.501,15451000000,,-0.531,56.90,,,,,,621657000000,434002000000,0.698,1598.29,434002000000,,,,,21.00,,,,280017520,8475674,271539104,false,false,12,2022-04-01,2023-03-31,0
2023-04-27,65860,2022-03-31,,536677000000,0.418,,,,,31574000000,0.019,38040000000,-0.200,32916000000,,-0.112,121.22,,,,,,605668000000,436519000000,0.721,1607.61,436519000000,,,,,72.00,,,,280017520,8485061,271530966,false,false,12,2021-04-01,2022-03-31,-1
2023-04-27,65860,2023-03-31,,,,,,,,28246000000,-0.692,,,,11705000000,,43.11,,,,,,1099351000000,,,,,44430000000,-37680000000,80970000000,,,0.487,,,,,,true,false,12,2022-04-01,2023-03-31,0
2023-04-27,65860,2022-03-31,,,,,,,,91728000000,0.037,,,,64770000000,,238.54,,,,,,1007497000000,,,,,-103660000000,-27891000000,52626000000,,,0.302,,,,,,true,false,12,2021-04-01,2022-03-31,-1
2023-04-27,65860,2024-03-31,,,,,,,,55000000000,0.947,,,,33300000000,,122.63,,,,,,,,,,,,,,,,,,,,,,true,true,12,2023-04-01,2024-03-31,1
2023-04-27,65860,2024-03-31,,,,,,,,,,,,,,,,,,,,,,,,,,,,,,10.00,,,,,,,false,true,12,2023-04-01,2024-03-31,1
2023-07-31,65860,2024-03-31,1,,,,,,,16311000000,0.071,,,,11185000000,,41.30,,,,,,1080933000000,,,,,,,,,,,,,,,,true,false,3,2023-04-01,2023-06-30,0
2023-07-31,65860,2023-03-31,1,,,,,,,15228000000,-0.463,,,,10563000000,,38.90,,,,,,,,,,,,,,,,,,,,,,true,false,3,2022-04-01,2022-06-30,-1
2023-07-31,65860,2024-03-31,1,,,,,,,55000000000,0.947,,,,33300000000,,122.63,,,,,,,,,,,,,,,,,,,,,,true,true,12,2023-04-01,2024-03-31,0
2023-07-31,65860,2023-03-31,1,,,,,,,,,,,,,,,,,,,,1099351000000,,,,,,,,,,,,,,,,true,false,12,2022-04-01,2023-03-31,-1
2023-07-31,65860,2023-03-31,1,,,,,,,,,,,,,,,,,,,,,,,,,,,,,21.00,,,,280017520,8475674,,false,false,12,2022-04-01,2023-03-31,-1
2023-07-31,65860,2024-03-31,1,,,,,,,,,,,,,,,,,,,,,,,,,,,,,10.00,,,,,,,false,true,12,2023-04-01,2024-03-31,0
2023-07-31,65860,2024-03-31,1,,,,,,,,,,,,,,,,,,,,,,,,,,,,,,,,,280017520,10674514,270831718,false,false,3,2023-04-01,2023-06-30,0
2023-07-31,65860,2023-03-31,1,,,,,,,,,,,,,,,,,,,,,,,,,,,,,,,,,,,271532359,false,false,3,2022-04-01,2022-06-30,-1
2023-10-31,65860,2024-03-31,2,,,,,,,31760000000,0.449,,,,20816000000,,77.11,,,,,,1035051000000,,,,,,,,,,,,,,,,true,false,6,2023-04-01,2023-09-30,0
2023-10-31,65860,2023-03-31,2,,,,,,,21919000000,-0.580,,,,11078000000,,40.80,,,,,,,,,,,,,,,,,,,,,,true,false,6,2022-04-01,2022-09-30,-1
2023-10-31,65860,2024-03-31,2,,,,,,,55000000000,0.947,,,,33300000000,,123.36,,,,,,,,,,,,,,,,,,,,,,true,true,12,2023-04-01,2024-03-31,0
2023-10-31,65860,2023-03-31,2,,,,,,,,,,,,,,,,,,,,1099351000000,,,,,,,,,,,,,,,,true,false,12,2022-04-01,2023-03-31,-1
2023-10-31,65860,2023-03-31,2,,,,,,,,,,,,,,,,,,,,,,,,,,,,,21.00,,,,280017520,8475674,,false,false,12,2022-04-01,2023-03-31,-1
2023-10-31,65860,2024-03-31,2,,,,,,,,,,,,,,,,,,,,,,,,,,,,,10.00,,,,,,,false,false,12,2023-04-01,2024-03-31,0
2023-10-31,65860,2024-03-31,2,,,,,,,,,,,,,,,,,,,,,,,,,,,,,,,,,280017520,11000016,269951802,false,false,6,2023-04-01,2023-09-30,0
2023-10-31,65860,2023-03-31,2,,,,,,,,,,,,,,,,,,,,,,,,,,,,,,,,,,,271536353,false,false,6,2022-04-01,2022-09-30,-1
2024-01-31,65860,2024-03-31,3,,,,,,,48049000000,0.769,,,,32637000000,,121.04,,,,,,997200000000,,,,,,,,,,,,,,,,true,false,9,2023-04-01,2023-12-31,0
2024-01-31,65860,2023-03-31,3,,,,,,,27158000000,-0.629,,,,14219000000,,52.37,,,,,,,,,,,,,,,,,,,,,,true,false,9,2022-04-01,2022-12-31,-1
2024-01-31,65860,2024-03-31,3,,,,,,,59000000000,1.089,,,,39500000000,,146.49,,,,,,,,,,,,,,,,,,,,,,true,true,12,2023-04-01,2024-03-31,0
2024-01-31,65860,2023-03-31,3,,,,,,,,,,,,,,,,,,,,1099351000000,,,,,,,,,,,,,,,,true,false,12,2022-04-01,2023-03-31,-1
2024-01-31,65860,2023-03-31,3,,,,,,,,,,,,,,,,,,,,,,,,,,,,,21.00,,,,280017520,8475674,,false,false,12,2022-04-01,2023-03-31,-1
2024-01-31,65860,2024-03-31,3,,,,,,,,,,,,,,,,,,,,,,,,,,,,,10.00,,,,,,,false,false,12,2023-04-01,2024-03-31,0
2024-01-31,65860,2024-03-31,3,,,,,,,,,,,,,,,,,,,,,,,,,,,,,,,,,280017520,10999998,269640364,false,false,9,2023-04-01,2023-12-31,0
2024-01-31,65860,2023-03-31,3,,,,,,,,,,,,,,,,,,,,,,,,,,,,,,,,,,,271538191,false,false,9,2022-04-01,2022-12-31,-1
2024-04-26,65860,2024-03-31,,321080000000,-0.226,,,,,20037000000,,99626000000,4.253,84081000000,,4.442,312.01,,,,,,602265000000,508266000000,0.844,1889.30,508275000000,,,,,57.00,,,,280017520,10993621,269484912,false,false,12,2023-04-01,2024-03-31,0
2024-04-26,65860,2023-03-31,,414948000000,-0.227,,,,,-2071000000,,18967000000,-0.501,15451000000,,-0.531,56.90,,,,,,621657000000,434002000000,0.698,1598.29,434002000000,,,,,21.00,,,,280017520,8475674,271539104,false,false,12,2022-04-01,2023-03-31,-1
2024-04-26,65860,2024-03-31,,,,,,,,66169000000,1.343,,,,43691000000,,162.13,,,,,,1055808000000,,,,,237086000000,-25619000000,-191277000000,,,0.352,,,,,,true,false,12,2023-04-01,2024-03-31,0
2024-04-26,65860,2023-03-31,,,,,,,,28246000000,-0.692,,,,11705000000,,43.11,,,,,,1099351000000,,,,,44430000000,-37680000000,80970000000,,,0.487,,,,,,true,false,12,2022-04-01,2023-03-31,-1
2024-04-26,65860,2025-03-31,,,,,,,,75000000000,0.133,,,,51000000000,,189.57,,,,,,,,,,,,,,,,,,,,,,true,true,12,2024-04-01,2025-03-31,1
2024-04-26,65860,2025-03-31,,,,,,,,,,,,,,,,,,,,,,,,,,,,,,20.00,,,,,,,false,true,12,2024-04-01,2025-03-31,1
2024-04-26,65860,2024-03-31,,321080000000,-0.226,,,,,20037000000,,99626000000,4.253,84081000000,,4.442,312.01,,,,,,602265000000,508266000000,0.844,1889.30,508266000000,,,,,57.00,,,,280017520,10993621,269484912,false,false,12,2023-04-01,2024-03-31,0
2024-04-26,65860,2023-03-31,,414948000000,-0.227,,,,,-2071000000,,18967000000,-0.501,15451000000,,-0.531,56.90,,,,,,621657000000,434002000000,0.698,1598.29,434002000000,,,,,21.00,,,,280017520,8475674,271539104,false,false,12,2022-04-01,2023-03-31,-1
2024-04-26,65860,2024-03-31,,,,,,,,66169000000,1.343,,,,43691000000,,162.13,,,,,,1055808000000,,,,,237086000000,-25619000000,-191277000000,,,0.352,,,,,,true,false,12,2023-04-01,2024-03-31,0
2024-04-26,65860,2023-03-31,,,,,,,,28246000000,-0.692,,,,11705000000,,43.11,,,,,,1099351000000,,,,,44430000000,-37680000000,80970000000,,,0.487,,,,,,true,false,12,2022-04-01,2023-03-31,-1
2024-04-26,65860,2025-03-31,,,,,,,,75000000000,0.133,,,,51000000000,,189.57,,,,,,,,,,,,,,,,,,,,,,true,true,12,2024-04-01,2025-03-31,1
2024-04-26,65860,2025-03-31,,,,,,,,,,,,,,,,,,,,,,,,,,,,,,20.00,,,,,,,false,true,12,2024-04-01,2025-03-31,1
2024-07-30,65860,2025-03-31,1,,,,,,,21344000000,0.309,,,,16010000000,,59.51,,,,,,1088586000000,,,,,,,,,,,,,,,,true,false,3,2024-04-01,2024-06-30,0
2024-07-30,65860,2024-03-31,1,,,,,,,16311000000,0.071,,,,11185000000,,41.30,,,,,,,,,,,,,,,,,,,,,,true,false,3,2023-04-01,2023-06-30,-1
2024-07-30,65860,2025-03-31,1,,,,,,,75000000000,0.133,,,,51000000000,,189.57,,,,,,,,,,,,,,,,,,,,,,true,true,12,2024-04-01,2025-03-31,0
2024-07-30,65860,2024-03-31,1,,,,,,,,,,,,,,,,,,,,1055808000000,,,,,,,,,,,,,,,,true,false,12,2023-04-01,2024-03-31,-1
2024-07-30,65860,2024-03-31,1,,,,,,,,,,,,,,,,,,,,,,,,,,,,,57.00,,,,280017520,10993621,,false,false,12,2023-04-01,2024-03-31,-1
2024-07-30,65860,2025-03-31,1,,,,,,,,,,,,,,,,,,,,,,,,,,,,,20.00,,,,,,,false,true,12,2024-04-01,2025-03-31,0
2024-07-30,65860,2025-03-31,1,,,,,,,,,,,,,,,,,,,,,,,,,,,,,,,,,280017520,10993793,269023818,false,false,3,2024-04-01,2024-06-30,0
2024-07-30,65860,2024-03-31,1,,,,,,,,,,,,,,,,,,,,,,,,,,,,,,,,,,,270831718,false,false,3,2023-04-01,2023-06-30,-1
2024-10-30,65860,2025-03-31,2,,,,,,,51415000000,0.619,,,,38200000000,,141.99,,,,,,1046951000000,,,,,,,,,,,,,,,,true,false,6,2024-04-01,2024-09-30,0
2024-10-30,65860,2024-03-31,2,,,,,,,31760000000,0.449,,,,20816000000,,77.11,,,,,,,,,,,,,,,,,,,,,,true,false,6,2023-04-01,2023-09-30,-1
2024-10-30,65860,2025-03-31,2,,,,,,,85000000000,0.285,,,,61000000000,,226.74,,,,,,,,,,,,,,,,,,,,,,true,true,12,2024-04-01,2025-03-31,0
2024-10-30,65860,2024-03-31,2,,,,,,,,,,,,,,,,,,,,1055808000000,,,,,,,,,,,,,,,,true,false,12,2023-04-01,2024-03-31,-1
2024-10-30,65860,2024-03-31,2,,,,,,,,,,,,,,,,,,,,,,,,,,,,,57.00,,,,280017520,10993621,,false,false,12,2023-04-01,2024-03-31,-1
2024-10-30,65860,2025-03-31,2,,,,,,,,,,,,,,,,,,,,,,,,,,,,,20.00,,,,,,,false,false,12,2024-04-01,2025-03-31,0
2024-10-30,65860,2025-03-31,2,,,,,,,,,,,,,,,,,,,,,,,,,,,,,,,,,280017520,10982127,269026887,false,false,6,2024-04-01,2024-09-30,0
2024-10-30,65860,2024-03-31,2,,,,,,,,,,,,,,,,,,,,,,,,,,,,,,,,,,,269951802,false,false,6,2023-04-01,2023-09-30,-1
2025-01-29,65860,2025-03-31,3,,,,,,,82334000000,0.714,,,,61843000000,,229.88,,,,,,1104553000000,,,,,,,,,,,,,,,,true,false,9,2024-04-01,2024-12-31,0
2025-01-29,65860,2024-03-31,3,,,,,,,48049000000,0.769,,,,32637000000,,121.04,,,,,,,,,,,,,,,,,,,,,,true,false,9,2023-04-01,2023-12-31,-1
2025-01-29,65860,2025-03-31,3,,,,,,,99000000000,0.496,,,,72000000000,,267.63,,,,,,,,,,,,,,,,,,,,,,true,true,12,2024-04-01,2025-03-31,0
2025-01-29,65860,2024-03-31,3,,,,,,,,,,,,,,,,,,,,1055808000000,,,,,,,,,,,,,,,,true,false,12,2023-04-01,2024-03-31,-1
2025-01-29,65860,2024-03-31,3,,,,,,,,,,,,,,,,,,,,,,,,,,,,,57.00,,,,280017520,10993621,,false,false,12,2023-04-01,2024-03-31,-1
2025-01-29,65860,2025-03-31,3,,,,,,,,,,,,,,,,,,,,,,,,,,,,,20.00,,,,,,,false,false,12,2024-04-01,2025-03-31,0
2025-01-29,65860,2025-03-31,3,,,,,,,,,,,,,,,,,,,,,,,,,,,,,,,,,280017520,10982221,269029717,false,false,9,2024-04-01,2024-12-31,0
2025-01-29,65860,2024-03-31,3,,,,,,,,,,,,,,,,,,,,,,,,,,,,,,,,,,,269640364,false,false,9,2023-04-01,2023-12-31,-1
2025-04-28,65860,2025-03-31,,434880000000,0.354,,,,,28434000000,0.419,45945000000,-0.539,37269000000,,-0.557,138.53,,,,,,605075000000,527557000000,0.872,1960.88,527557000000,,,,,110.00,,,,280017520,10976752,269031331,false,false,12,2024-04-01,2025-03-31,0
2025-04-28,65860,2024-03-31,,321080000000,-0.226,,,,,20037000000,,99626000000,4.253,84081000000,,4.442,312.01,,,,,,602265000000,508266000000,0.844,1889.30,508266000000,,,,,57.00,,,,280017520,10993621,269484912,false,false,12,2023-04-01,2024-03-31,-1
2025-04-28,65860,2025-03-31,,,,,,,,107038000000,0.618,,,,79338000000,,294.90,,,,,,1106525000000,,,,,129874000000,-37872000000,-33545000000,,,0.373,,,,,,true,false,12,2024-04-01,2025-03-31,0
2025-04-28,65860,2024-03-31,,,,,,,,66169000000,1.343,,,,43691000000,,162.13,,,,,,1055808000000,,,,,237086000000,-25619000000,-191277000000,,,0.352,,,,,,true,false,12,2023-04-01,2024-03-31,-1
2025-04-28,65860,2026-03-31,,,,,,,,74000000000,-0.309,,,,54000000000,,200.71,,,,,,,,,,,,,,,,,,,,,,true,true,12,2025-04-01,2026-03-31,1
2025-04-28,65860,2026-03-31,,,,,,,,,,,,,,,,,,,,,,,,,,,,,,20.00,,,,,,,false,true,12,2025-04-01,2026-03-31,1
