filing_date,code,fiscal_year_end,quarterly_period,net_sales,net_sales_change,revenue,revenue_change,operating_revenue,operating_revenue_change,operating_profit,operating_profit_change,ordinary_profit,ordinary_profit_change,net_income,net_income_of_parent,net_income_change,eps,diluted_eps,roe,roa,operating_profit_to_net_sales,operating_profit_to_revenue,total_assets,net_assets,equity_ratio,bps,owner_equity,operating_cash_flow,investing_cash_flow,financing_cash_flow,cash,dividend_per_share,payout_ratio,commemorative_dividend,extra_dividend,number_of_shares,number_of_treqsury_shares,avg_number_of_shares,is_consolidated,is_forecast,duration,period_start,period_end,period_pos
2015-05-14,66290,2015-03-31,,21379000000,-0.090,,,,,72000000,,315000000,,120000000,,,8.91,,0.022,0.012,0.003,,23954000000,5939000000,0.244,433.81,5846000000,2846000000,-217000000,-2737000000,2333000000,,0.225,,,,,,true,false,12,2014-04-01,2015-03-31,0
2015-05-14,66290,2014-03-31,,23481000000,-0.117,,,,,-1908000000,,-1289000000,,-3401000000,,,-252.37,,-0.503,-0.046,-0.081,,26802000000,5348000000,0.196,390.62,5264000000,-984000000,-590000000,764000000,2377000000,,,,,,,,true,false,12,2013-04-01,2014-03-31,-1
2015-05-14,66290,2016-03-31,,21500000000,0.006,,,,,250000000,2.436,150000000,-0.525,,50000000,,3.71,,,,,,,,,,,,,,,,0.539,,,,,,true,true,12,2015-04-01,2016-03-31,1
2015-05-14,66290,2015-03-31,,420000000,-0.063,,,,,162000000,-0.170,12000000,-0.847,12000000,,,0.93,,,,,,12113000000,5029000000,0.414,372.12,5015000000,,,,,2.00,,,,21063240,7585355,13478007,false,false,12,2014-04-01,2015-03-31,0
2015-05-14,66290,2014-03-31,,448000000,-0.022,,,,,196000000,0.006,81000000,-0.550,-2141000000,,,-158.90,,,,,,9630000000,5015000000,0.519,371.10,5001000000,,,,,0.00,,,,21063240,7585055,13478211,false,false,12,2013-04-01,2014-03-31,-1
2015-05-14,66290,2016-03-31,,,,,,,,,,,,,,,,,,,,,,,,,,,,,,2.00,,,,,,,false,true,12,2015-04-01,2016-03-31,1
2015-07-31,66290,2016-03-31,1,4657000000,-0.019,,,,,88000000,-0.277,64000000,-0.262,,40000000,,2.99,,,,,,23416000000,5920000000,0.250,,5858000000,,,,,,,,,,,,true,false,3,2015-04-01,2015-06-30,0
2015-07-31,66290,2015-03-31,1,4746000000,-0.128,,,,,122000000,,87000000,,,158000000,,11.77,,,,,,,,,,,,,,,,,,,,,,true,false,3,2014-04-01,2014-06-30,-1
2015-07-31,66290,2016-03-31,1,21500000000,0.006,,,,,250000000,2.436,150000000,-0.525,,50000000,,3.71,,,,,,,,,,,,,,,,,,,,,,true,true,12,2015-04-01,2016-03-31,0
2015-07-31,66290,2015-03-31,1,,,,,,,,,,,,,,,,,,,,23954000000,5939000000,0.244,,5846000000,,,,,,,,,,,,true,false,12,2014-04-01,2015-03-31,-1
2015-07-31,66290,2015-03-31,1,,,,,,,,,,,,,,,,,,,,,,,,,,,,,2.00,,,,21063240,7585355,,false,false,12,2014-04-01,2015-03-31,-1
2015-07-31,66290,2016-03-31,1,,,,,,,,,,,,,,,,,,,,,,,,,,,,,2.00,,,,,,,false,true,12,2015-04-01,2016-03-31,0
2015-07-31,66290,2016-03-31,1,,,,,,,,,,,,,,,,,,,,,,,,,,,,,,,,,21063240,7585355,13477885,false,false,3,2015-04-01,2015-06-30,0
2015-07-31,66290,2015-03-31,1,,,,,,,,,,,,,,,,,,,,,,,,,,,,,,,,,,,13478143,false,false,3,2014-04-01,2014-06-30,-1
2015-10-29,66290,2016-03-31,2,10341000000,0.035,,,,,131000000,-0.361,151000000,-0.109,,108000000,,8.05,,,,,,23467000000,5999000000,0.253,,5936000000,,,,,,,,,,,,true,false,6,2015-04-01,2015-09-30,0
2015-10-29,66290,2015-03-31,2,9991000000,-0.179,,,,,206000000,,169000000,7.396,,83000000,,6.18,,,,,,,,,,,,,,,,,,,,,,true,false,6,2014-04-01,2014-09-30,-1
2015-10-29,66290,2016-03-31,2,21500000000,0.006,,,,,250000000,2.436,150000000,-0.525,,50000000,,3.71,,,,,,,,,,,,,,,,,,,,,,true,true,12,2015-04-01,2016-03-31,0
2015-10-29,66290,2015-03-31,2,,,,,,,,,,,,,,,,,,,,23954000000,5939000000,0.244,,5846000000,,,,,,,,,,,,true,false,12,2014-04-01,2015-03-31,-1
2015-10-29,66290,2015-03-31,2,,,,,,,,,,,,,,,,,,,,,,,,,,,,,2.00,,,,21063240,7585355,,false,false,12,2014-04-01,2015-03-31,-1
2015-10-29,66290,2016-03-31,2,,,,,,,,,,,,,,,,,,,,,,,,,,,,,0.00,,,,,,,false,false,12,2015-04-01,2016-03-31,0
2015-10-29,66290,2016-03-31,2,,,,,,,,,,,,,,,,,,,,,,,,,,,,,2.00,,,,,,,false,true,12,2015-04-01,2016-03-31,0
2015-10-29,66290,2016-03-31,2,,,,,,,,,,,,,,,,,,,,,,,,,,,,,,,,,21063240,7585375,13477876,false,false,6,2015-04-01,2015-09-30,0
2015-10-29,66290,2015-03-31,2,,,,,,,,,,,,,,,,,,,,,,,,,,,,,,,,,,,13478088,false,false,6,2014-04-01,2014-09-30,-1
2016-01-29,66290,2016-03-31,3,15559000000,0.008,,,,,175000000,-0.245,135000000,-0.633,,124000000,,9.22,,,,,,22921000000,5864000000,0.253,,5800000000,,,,,,,,,,,,true,false,9,2015-04-01,2015-12-31,0
2016-01-29,66290,2015-03-31,3,15439000000,-0.106,,,,,231000000,,368000000,,,200000000,,14.85,,,,,,,,,,,,,,,,,,,,,,true,false,9,2014-04-01,2014-12-31,-1
2016-01-29,66290,2016-03-31,3,21500000000,0.006,,,,,250000000,2.436,150000000,-0.525,,50000000,,3.71,,,,,,,,,,,,,,,,,,,,,,true,true,12,2015-04-01,2016-03-31,0
2016-01-29,66290,2015-03-31,3,,,,,,,,,,,,,,,,,,,,23954000000,5939000000,0.244,,5846000000,,,,,,,,,,,,true,false,12,2014-04-01,2015-03-31,-1
2016-01-29,66290,2015-03-31,3,,,,,,,,,,,,,,,,,,,,,,,,,,,,,2.00,,,,21063240,7585355,,false,false,12,2014-04-01,2015-03-31,-1
2016-01-29,66290,2016-03-31,3,,,,,,,,,,,,,,,,,,,,,,,,,,,,,0.00,,,,,,,false,false,12,2015-04-01,2016-03-31,0
2016-01-29,66290,2016-03-31,3,,,,,,,,,,,,,,,,,,,,,,,,,,,,,2.00,,,,,,,false,true,12,2015-04-01,2016-03-31,0
2016-01-29,66290,2016-03-31,3,,,,,,,,,,,,,,,,,,,,,,,,,,,,,,,,,21063240,7585465,13477855,false,false,9,2015-04-01,2015-12-31,0
2016-01-29,66290,2015-03-31,3,,,,,,,,,,,,,,,,,,,,,,,,,,,,,,,,,,,13478044,false,false,9,2014-04-01,2014-12-31,-1
2016-04-28,66290,2016-03-31,,21110000000,-0.018,,,,,-40000000,,-120000000,,-280000000,,,-20.77,,,,,,,,,,,,,,,,,,,,,,true,true,12,2015-04-01,2016-03-31,0
2016-04-28,66290,2015-03-31,,21379000000,,,,,,72000000,,315000000,,120000000,,,8.91,,,,,,,,,,,,,,,,,,,,,,true,false,12,2014-04-01,2015-03-31,-1
2016-05-16,66290,2016-03-31,,21115000000,-0.012,,,,,-39000000,,-118000000,,,-278000000,,-20.69,,-0.050,-0.005,-0.002,,20263000000,5432000000,0.265,398.35,5368000000,2569000000,-123000000,-3382000000,1350000000,,-0.097,,,,,,true,false,12,2015-04-01,2016-03-31,0
2016-05-16,66290,2015-03-31,,21379000000,-0.090,,,,,72000000,,315000000,,,120000000,,8.91,,0.022,0.012,0.003,,23954000000,5939000000,0.244,433.81,5846000000,2846000000,-217000000,-2737000000,2333000000,,0.225,,,,,,true,false,12,2014-04-01,2015-03-31,-1
2016-05-16,66290,2017-03-31,,22000000000,0.042,,,,,280000000,,180000000,,,80000000,,5.94,,,,,,,,,,,,,,,,0.337,,,,,,true,true,12,2016-04-01,2017-03-31,1
2016-05-16,66290,2016-03-31,,566000000,0.348,,,,,296000000,0.818,114000000,8.270,113000000,,8.024,8.44,,,,,,11097000000,5116000000,0.460,378.59,5102000000,,,,,2.00,,,,21063240,7585585,13477815,false,false,12,2015-04-01,2016-03-31,0
2016-05-16,66290,2015-03-31,,420000000,-0.063,,,,,162000000,-0.170,12000000,-0.847,12000000,,,0.93,,,,,,12111000000,5029000000,0.414,372.12,5015000000,,,,,2.00,,,,21063240,7585355,13478007,false,false,12,2014-04-01,2015-03-31,-1
2016-05-16,66290,2017-03-31,,,,,,,,,,,,,,,,,,,,,,,,,,,,,,2.00,,,,,,,false,true,12,2016-04-01,2017-03-31,1
2016-07-29,66290,2017-03-31,1,4978000000,0.069,,,,,-92000000,,-241000000,,,-289000000,,-21.49,,,,,,20511000000,4757000000,0.231,,4729000000,,,,,,,,,,,,true,false,3,2016-04-01,2016-06-30,0
2016-07-29,66290,2016-03-31,1,4657000000,-0.019,,,,,88000000,-0.277,64000000,-0.262,,40000000,,2.99,,,,,,,,,,,,,,,,,,,,,,true,false,3,2015-04-01,2015-06-30,-1
2016-07-29,66290,2017-03-31,1,22000000000,0.042,,,,,280000000,,180000000,,,80000000,,5.94,,,,,,,,,,,,,,,,,,,,,,true,true,12,2016-04-01,2017-03-31,0
2016-07-29,66290,2016-03-31,1,,,,,,,,,,,,,,,,,,,,20263000000,5432000000,0.265,,5368000000,,,,,,,,,,,,true,false,12,2015-04-01,2016-03-31,-1
2016-07-29,66290,2016-03-31,1,,,,,,,,,,,,,,,,,,,,,,,,,,,,,2.00,,,,21063240,7585585,,false,false,12,2015-04-01,2016-03-31,-1
2016-07-29,66290,2017-03-31,1,,,,,,,,,,,,,,,,,,,,,,,,,,,,,2.00,,,,,,,false,true,12,2016-04-01,2017-03-31,0
2016-07-29,66290,2017-03-31,1,,,,,,,,,,,,,,,,,,,,,,,,,,,,,,,,,21063240,7585585,13477655,false,false,3,2016-04-01,2016-06-30,0
2016-07-29,66290,2016-03-31,1,,,,,,,,,,,,,,,,,,,,,,,,,,,,,,,,,,,13477885,false,false,3,2015-04-01,2015-06-30,-1
2016-10-28,66290,2017-03-31,2,10036000000,-0.029,,,,,103000000,-0.214,-151000000,,,-293000000,,-21.79,,,,,,19906000000,4488000000,0.225,,4475000000,,,,,,,,,,,,true,false,6,2016-04-01,2016-09-30,0
2016-10-28,66290,2016-03-31,2,10341000000,0.035,,,,,131000000,-0.361,151000000,-0.109,,108000000,,8.05,,,,,,,,,,,,,,,,,,,,,,true,false,6,2015-04-01,2015-09-30,-1
2016-10-28,66290,2017-03-31,2,22000000000,0.042,,,,,280000000,,0,,,-200000000,,-14.84,,,,,,,,,,,,,,,,,,,,,,true,true,12,2016-04-01,2017-03-31,0
2016-10-28,66290,2016-03-31,2,,,,,,,,,,,,,,,,,,,,20263000000,5432000000,0.265,,5368000000,,,,,,,,,,,,true,false,12,2015-04-01,2016-03-31,-1
2016-10-28,66290,2016-03-31,2,,,,,,,,,,,,,,,,,,,,,,,,,,,,,2.00,,,,21063240,7585585,,false,false,12,2015-04-01,2016-03-31,-1
2016-10-28,66290,2017-03-31,2,,,,,,,,,,,,,,,,,,,,,,,,,,,,,0.00,,,,,,,false,false,12,2016-04-01,2017-03-31,0
2016-10-28,66290,2017-03-31,2,,,,,,,,,,,,,,,,,,,,,,,,,,,,,2.00,,,,,,,false,true,12,2016-04-01,2017-03-31,0
2016-10-28,66290,2017-03-31,2,,,,,,,,,,,,,,,,,,,,,,,,,,,,,,,,,21063240,7585585,13477655,false,false,6,2016-04-01,2016-09-30,0
2016-10-28,66290,2016-03-31,2,,,,,,,,,,,,,,,,,,,,,,,,,,,,,,,,,,,13477876,false,false,6,2015-04-01,2015-09-30,-1
2017-01-31,66290,2017-03-31,3,14565000000,-0.064,,,,,189000000,0.084,34000000,-0.744,,-224000000,,-16.67,,,,,,20043000000,4511000000,0.225,,4511000000,,,,,,,,,,,,true,false,9,2016-04-01,2016-12-31,0
2017-01-31,66290,2016-03-31,3,15559000000,0.008,,,,,175000000,-0.245,135000000,-0.633,,124000000,,9.22,,,,,,,,,,,,,,,,,,,,,,true,false,9,2015-04-01,2015-12-31,-1
2017-01-31,66290,2017-03-31,3,22000000000,0.042,,,,,280000000,,0,,,-200000000,,-14.84,,,,,,,,,,,,,,,,,,,,,,true,true,12,2016-04-01,2017-03-31,0
2017-01-31,66290,2016-03-31,3,,,,,,,,,,,,,,,,,,,,20263000000,5432000000,0.265,,5368000000,,,,,,,,,,,,true,false,12,2015-04-01,2016-03-31,-1
2017-01-31,66290,2016-03-31,3,,,,,,,,,,,,,,,,,,,,,,,,,,,,,2.00,,,,21063240,7585585,,false,false,12,2015-04-01,2016-03-31,-1
2017-01-31,66290,2017-03-31,3,,,,,,,,,,,,,,,,,,,,,,,,,,,,,0.00,,,,,,,false,false,12,2016-04-01,2017-03-31,0
2017-01-31,66290,2017-03-31,3,,,,,,,,,,,,,,,,,,,,,,,,,,,,,2.00,,,,,,,false,true,12,2016-04-01,2017-03-31,0
2017-01-31,66290,2017-03-31,3,,,,,,,,,,,,,,,,,,,,,,,,,,,,,,,,,21063240,7585605,13477649,false,false,9,2016-04-01,2016-12-31,0
2017-01-31,66290,2016-03-31,3,,,,,,,,,,,,,,,,,,,,,,,,,,,,,,,,,,,13477855,false,false,9,2015-04-01,2015-12-31,-1
2017-05-10,66290,2017-03-31,,20075000000,-0.088,,,,,475000000,0.696,372000000,,-148000000,,,-11.00,,,,,,,,,,,,,,,,,,,,,,true,true,12,2016-04-01,2017-03-31,0
2017-05-10,66290,2016-03-31,,21115000000,,,,,,-39000000,,-118000000,,-278000000,,,-20.69,,,,,,,,,,,,,,,,,,,,,,true,false,12,2015-04-01,2016-03-31,-1
2017-05-16,66290,2017-03-31,,20075000000,-0.049,,,,,475000000,,372000000,,,-148000000,,-11.00,,-0.029,0.019,0.024,,18263000000,4934000000,0.270,366.16,4934000000,1826000000,-6000000,-1346000000,1825000000,,-0.182,,,,,,true,false,12,2016-04-01,2017-03-31,0
2017-05-16,66290,2016-03-31,,21115000000,-0.012,,,,,-39000000,,-118000000,,,-278000000,,-20.69,,-0.050,-0.005,-0.002,,20263000000,5432000000,0.265,398.35,5368000000,2569000000,-123000000,-3382000000,1350000000,,-0.097,,,,,,true,false,12,2015-04-01,2016-03-31,-1
2017-05-16,66290,2018-03-31,,20500000000,0.021,,,,,500000000,0.052,400000000,0.074,,200000000,,14.84,,,,,,,,,,,,,,,,0.135,,,,,,true,true,12,2017-04-01,2018-03-31,1
2017-05-16,66290,2017-03-31,,860000000,0.520,,,,,507000000,0.714,495000000,3.316,-40000000,,,-3.00,,,,,,10606000000,5038000000,0.475,373.81,5038000000,,,,,2.00,,,,21063240,7585705,13477624,false,false,12,2016-04-01,2017-03-31,0
2017-05-16,66290,2016-03-31,,566000000,0.348,,,,,296000000,0.818,114000000,8.270,113000000,,8.024,8.44,,,,,,11097000000,5116000000,0.460,378.59,5102000000,,,,,2.00,,,,21063240,7585585,13477815,false,false,12,2015-04-01,2016-03-31,-1
2017-05-16,66290,2018-03-31,,,,,,,,,,,,,,,,,,,,,,,,,,,,,,2.00,,,,,,,false,true,12,2017-04-01,2018-03-31,1
2017-07-28,66290,2018-03-31,1,4073000000,-0.182,,,,,76000000,,61000000,,,-1000000,,-0.08,,,,,,19232000000,4873000000,0.253,,4873000000,,,,,,,,,,,,true,false,3,2017-04-01,2017-06-30,0
2017-07-28,66290,2017-03-31,1,4978000000,0.069,,,,,-92000000,,-241000000,,,-289000000,,-21.49,,,,,,,,,,,,,,,,,,,,,,true,false,3,2016-04-01,2016-06-30,-1
2017-07-28,66290,2018-03-31,1,20500000000,0.021,,,,,500000000,0.052,400000000,0.074,,200000000,,14.84,,,,,,,,,,,,,,,,,,,,,,true,true,12,2017-04-01,2018-03-31,0
2017-07-28,66290,2017-03-31,1,,,,,,,,,,,,,,,,,,,,18263000000,4934000000,0.270,,4934000000,,,,,,,,,,,,true,false,12,2016-04-01,2017-03-31,-1
2017-07-28,66290,2017-03-31,1,,,,,,,,,,,,,,,,,,,,,,,,,,,,,2.00,,,,21063240,7585705,,false,false,12,2016-04-01,2017-03-31,-1
2017-07-28,66290,2018-03-31,1,,,,,,,,,,,,,,,,,,,,,,,,,,,,,2.00,,,,,,,false,true,12,2017-04-01,2018-03-31,0
2017-07-28,66290,2018-03-31,1,,,,,,,,,,,,,,,,,,,,,,,,,,,,,,,,,21063240,7585705,13477535,false,false,3,2017-04-01,2017-06-30,0
2017-07-28,66290,2017-03-31,1,,,,,,,,,,,,,,,,,,,,,,,,,,,,,,,,,,,13477655,false,false,3,2016-04-01,2016-06-30,-1
2017-10-31,66290,2018-03-31,2,9367000000,-0.067,,,,,473000000,3.569,518000000,,,283000000,,21.00,,,,,,19378000000,5206000000,0.269,,5206000000,,,,,,,,,,,,true,false,6,2017-04-01,2017-09-30,0
2017-10-31,66290,2017-03-31,2,10036000000,-0.029,,,,,103000000,-0.214,-151000000,,,-293000000,,-21.79,,,,,,,,,,,,,,,,,,,,,,true,false,6,2016-04-01,2016-09-30,-1
2017-10-31,66290,2018-03-31,2,20500000000,0.021,,,,,800000000,0.683,700000000,0.880,,400000000,,29.68,,,,,,,,,,,,,,,,,,,,,,true,true,12,2017-04-01,2018-03-31,0
2017-10-31,66290,2017-03-31,2,,,,,,,,,,,,,,,,,,,,18263000000,4934000000,0.270,,4934000000,,,,,,,,,,,,true,false,12,2016-04-01,2017-03-31,-1
2017-10-31,66290,2017-03-31,2,,,,,,,,,,,,,,,,,,,,,,,,,,,,,2.00,,,,21063240,7585705,,false,false,12,2016-04-01,2017-03-31,-1
2017-10-31,66290,2018-03-31,2,,,,,,,,,,,,,,,,,,,,,,,,,,,,,0.00,,,,,,,false,false,12,2017-04-01,2018-03-31,0
2017-10-31,66290,2018-03-31,2,,,,,,,,,,,,,,,,,,,,,,,,,,,,,2.00,,,,,,,false,true,12,2017-04-01,2018-03-31,0
2017-10-31,66290,2018-03-31,2,,,,,,,,,,,,,,,,,,,,,,,,,,,,,,,,,21063240,7585705,13477535,false,false,6,2017-04-01,2017-09-30,0
2017-10-31,66290,2017-03-31,2,,,,,,,,,,,,,,,,,,,,,,,,,,,,,,,,,,,13477655,false,false,6,2016-04-01,2016-09-30,-1
2017-10-31,66290,2018-03-31,,20500000000,,,,,,800000000,0.600,700000000,0.750,400000000,,1.000,29.68,,,,,,,,,,,,,,,,,,,,,,true,true,12,2017-04-01,2018-03-31,0
2017-10-31,66290,2017-03-31,,20075000000,,,,,,475000000,,372000000,,-148000000,,,-11.00,,,,,,,,,,,,,,,,,,,,,,true,false,12,2016-04-01,2017-03-31,-1
2018-01-31,66290,2018-03-31,3,14079000000,-0.033,,,,,778000000,3.101,870000000,,,644000000,,47.80,,,,,,19232000000,5596000000,0.291,,5596000000,,,,,,,,,,,,true,false,9,2017-04-01,2017-12-31,0
2018-01-31,66290,2017-03-31,3,14565000000,-0.064,,,,,189000000,0.084,34000000,-0.744,,-224000000,,-16.67,,,,,,,,,,,,,,,,,,,,,,true,false,9,2016-04-01,2016-12-31,-1
2018-01-31,66290,2018-03-31,3,20500000000,0.021,,,,,1000000000,1.104,1100000000,1.954,,800000000,,59.36,,,,,,,,,,,,,,,,,,,,,,true,true,12,2017-04-01,2018-03-31,0
2018-01-31,66290,2017-03-31,3,,,,,,,,,,,,,,,,,,,,18263000000,4934000000,0.270,,4934000000,,,,,,,,,,,,true,false,12,2016-04-01,2017-03-31,-1
2018-01-31,66290,2017-03-31,3,,,,,,,,,,,,,,,,,,,,,,,,,,,,,2.00,,,,21063240,7585705,,false,false,12,2016-04-01,2017-03-31,-1
2018-01-31,66290,2018-03-31,3,,,,,,,,,,,,,,,,,,,,,,,,,,,,,0.00,,,,,,,false,false,12,2017-04-01,2018-03-31,0
2018-01-31,66290,2018-03-31,3,,,,,,,,,,,,,,,,,,,,,,,,,,,,,4.00,,,,,,,false,true,12,2017-04-01,2018-03-31,0
2018-01-31,66290,2018-03-31,3,,,,,,,,,,,,,,,,,,,,,,,,,,,,,,,,,21063240,7585865,13477503,false,false,9,2017-04-01,2017-12-31,0
2018-01-31,66290,2017-03-31,3,,,,,,,,,,,,,,,,,,,,,,,,,,,,,,,,,,,13477649,false,false,9,2016-04-01,2016-12-31,-1
2018-01-31,66290,2018-03-31,,20500000000,,,,,,1000000000,0.250,1100000000,0.571,800000000,,1.000,59.36,,,,,,,,,,,,,,,,,,,,,,true,true,12,2017-04-01,2018-03-31,0
2018-01-31,66290,2017-03-31,,20075000000,,,,,,475000000,,372000000,,-148000000,,,-11.00,,,,,,,,,,,,,,,,,,,,,,true,false,12,2016-04-01,2017-03-31,-1
2018-01-31,66290,2018-03-31,,,,,,,,,,,,,,,,,,,,,,,,,,,,,,4.00,,,,,,,false,true,12,2017-04-01,2018-03-31,0
2018-01-31,66290,2018-03-31,,,,,,,,,,,,,,,,,,,,,,,,,,,,,,0.00,,,,,,,false,false,12,2017-04-01,2018-03-31,0
2018-01-31,66290,2017-03-31,,,,,,,,,,,,,,,,,,,,,,,,,,,,,,2.00,,,,,,,false,false,12,2016-04-01,2017-03-31,-1
2018-05-15,66290,2018-03-31,,19398000000,-0.034,,,,,1000000000,1.105,1110000000,1.982,,764000000,,56.72,,0.143,0.062,0.052,,17465000000,5723000000,0.328,424.67,5723000000,1820000000,-307000000,-1599000000,1793000000,,0.071,,,,,,true,false,12,2017-04-01,2018-03-31,0
2018-05-15,66290,2017-03-31,,20075000000,-0.049,,,,,475000000,,372000000,,,-148000000,,-11.00,,-0.029,0.019,0.024,,18263000000,4934000000,0.270,366.16,4934000000,1826000000,-6000000,-1346000000,1825000000,,-0.182,,,,,,true,false,12,2016-04-01,2017-03-31,-1
2018-05-15,66290,2019-03-31,,20000000000,0.031,,,,,1200000000,0.200,1000000000,-0.099,,800000000,,59.36,,,,,,,,,,,,,,,,0.067,,,,,,true,true,12,2018-04-01,2019-03-31,1
2018-05-15,66290,2018-03-31,,366000000,-0.574,,,,,11000000,-0.978,-5000000,,45000000,,,3.37,,,,,,10197000000,5044000000,0.495,374.27,5044000000,,,,,4.00,,,,21063240,7585845,13477478,false,false,12,2017-04-01,2018-03-31,0
2018-05-15,66290,2017-03-31,,860000000,0.520,,,,,507000000,0.714,495000000,3.316,-40000000,,,-3.00,,,,,,10606000000,5038000000,0.475,373.81,5038000000,,,,,2.00,,,,21063240,7585705,13477624,false,false,12,2016-04-01,2017-03-31,-1
2018-05-15,66290,2019-03-31,,,,,,,,,,,,,,,,,,,,,,,,,,,,,,4.00,,,,,,,false,true,12,2018-04-01,2019-03-31,1
2018-07-31,66290,2019-03-31,1,3896000000,-0.043,,,,,48000000,-0.369,46000000,-0.240,,0,,0.00,,,,,,18393000000,5561000000,0.302,,5561000000,,,,,,,,,,,,true,false,3,2018-04-01,2018-06-30,0
2018-07-31,66290,2018-03-31,1,4073000000,-0.182,,,,,76000000,,61000000,,,-1000000,,-0.08,,,,,,,,,,,,,,,,,,,,,,true,false,3,2017-04-01,2017-06-30,-1
2018-07-31,66290,2019-03-31,1,20000000000,0.031,,,,,1200000000,0.200,1000000000,-0.099,,800000000,,59.36,,,,,,,,,,,,,,,,,,,,,,true,true,12,2018-04-01,2019-03-31,0
2018-07-31,66290,2018-03-31,1,,,,,,,,,,,,,,,,,,,,17465000000,5723000000,0.328,,5723000000,,,,,,,,,,,,true,false,12,2017-04-01,2018-03-31,-1
2018-07-31,66290,2018-03-31,1,,,,,,,,,,,,,,,,,,,,,,,,,,,,,4.00,,,,21063240,7585845,,false,false,12,2017-04-01,2018-03-31,-1
2018-07-31,66290,2019-03-31,1,,,,,,,,,,,,,,,,,,,,,,,,,,,,,4.00,,,,,,,false,true,12,2018-04-01,2019-03-31,0
2018-07-31,66290,2019-03-31,1,,,,,,,,,,,,,,,,,,,,,,,,,,,,,,,,,21063240,7585925,13477335,false,false,3,2018-04-01,2018-06-30,0
2018-07-31,66290,2018-03-31,1,,,,,,,,,,,,,,,,,,,,,,,,,,,,,,,,,,,13477535,false,false,3,2017-04-01,2017-06-30,-1
2018-10-31,66290,2019-03-31,2,8682000000,-0.073,,,,,301000000,-0.363,301000000,-0.418,,-46000000,,-3.44,,,,,,18898000000,5513000000,0.292,,5513000000,,,,,,,,,,,,true,false,6,2018-04-01,2018-09-30,0
2018-10-31,66290,2018-03-31,2,9367000000,-0.067,,,,,473000000,3.569,518000000,,,283000000,,21.00,,,,,,,,,,,,,,,,,,,,,,true,false,6,2017-04-01,2017-09-30,-1
2018-10-31,66290,2019-03-31,2,20000000000,0.031,,,,,1200000000,0.200,1000000000,-0.099,,800000000,,59.36,,,,,,,,,,,,,,,,,,,,,,true,true,12,2018-04-01,2019-03-31,0
2018-10-31,66290,2018-03-31,2,,,,,,,,,,,,,,,,,,,,17465000000,5723000000,0.328,,5723000000,,,,,,,,,,,,true,false,12,2017-04-01,2018-03-31,-1
2018-10-31,66290,2018-03-31,2,,,,,,,,,,,,,,,,,,,,,,,,,,,,,4.00,,,,21063240,7585845,,false,false,12,2017-04-01,2018-03-31,-1
2018-10-31,66290,2019-03-31,2,,,,,,,,,,,,,,,,,,,,,,,,,,,,,0.00,,,,,,,false,false,12,2018-04-01,2019-03-31,0
2018-10-31,66290,2019-03-31,2,,,,,,,,,,,,,,,,,,,,,,,,,,,,,4.00,,,,,,,false,true,12,2018-04-01,2019-03-31,0
2018-10-31,66290,2019-03-31,2,,,,,,,,,,,,,,,,,,,,,,,,,,,,,,,,,21063240,7585925,13477326,false,false,6,2018-04-01,2018-09-30,0
2018-10-31,66290,2018-03-31,2,,,,,,,,,,,,,,,,,,,,,,,,,,,,,,,,,,,13477535,false,false,6,2017-04-01,2017-09-30,-1
2019-01-31,66290,2019-03-31,3,13621000000,-0.033,,,,,627000000,-0.193,616000000,-0.292,,188000000,,13.97,,,,,,19839000000,5809000000,0.293,,5809000000,,,,,,,,,,,,true,false,9,2018-04-01,2018-12-31,0
2019-01-31,66290,2018-03-31,3,14079000000,-0.033,,,,,778000000,3.101,870000000,,,644000000,,47.80,,,,,,,,,,,,,,,,,,,,,,true,false,9,2017-04-01,2017-12-31,-1
2019-01-31,66290,2019-03-31,3,20000000000,0.031,,,,,1200000000,0.200,1000000000,-0.099,,800000000,,59.36,,,,,,,,,,,,,,,,,,,,,,true,true,12,2018-04-01,2019-03-31,0
2019-01-31,66290,2018-03-31,3,,,,,,,,,,,,,,,,,,,,17465000000,5723000000,0.328,,5723000000,,,,,,,,,,,,true,false,12,2017-04-01,2018-03-31,-1
2019-01-31,66290,2018-03-31,3,,,,,,,,,,,,,,,,,,,,,,,,,,,,,4.00,,,,21063240,7585845,,false,false,12,2017-04-01,2018-03-31,-1
2019-01-31,66290,2019-03-31,3,,,,,,,,,,,,,,,,,,,,,,,,,,,,,0.00,,,,,,,false,false,12,2018-04-01,2019-03-31,0
2019-01-31,66290,2019-03-31,3,,,,,,,,,,,,,,,,,,,,,,,,,,,,,4.00,,,,,,,false,true,12,2018-04-01,2019-03-31,0
2019-01-31,66290,2019-03-31,3,,,,,,,,,,,,,,,,,,,,,,,,,,,,,,,,,21063240,7585925,13477323,false,false,9,2018-04-01,2018-12-31,0
2019-01-31,66290,2018-03-31,3,,,,,,,,,,,,,,,,,,,,,,,,,,,,,,,,,,,13477503,false,false,9,2017-04-01,2017-12-31,-1
2019-03-29,66290,2019-03-31,,20000000000,,,,,,1100000000,-0.083,1100000000,0.100,,500000000,,37.10,,,,,,,,,,,,,,,,,,,,,,true,true,12,2018-04-01,2019-03-31,0
2019-03-29,66290,2018-03-31,,19398000000,,,,,,1000000000,,1110000000,,,764000000,,56.72,,,,,,,,,,,,,,,,,,,,,,true,false,12,2017-04-01,2018-03-31,-1
2019-05-15,66290,2019-03-31,,19615000000,0.011,,,,,1141000000,0.141,1110000000,-0.000,,646000000,,47.95,,0.108,0.062,0.058,,18634000000,6221000000,0.334,461.62,6221000000,465000000,-683000000,546000000,2068000000,,0.083,,,,,,true,false,12,2018-04-01,2019-03-31,0
2019-05-15,66290,2018-03-31,,19398000000,-0.034,,,,,1000000000,1.105,1110000000,1.982,,764000000,,56.72,,0.143,0.062,0.052,,17465000000,5723000000,0.328,424.67,5723000000,1820000000,-307000000,-1599000000,1793000000,,0.071,,,,,,true,false,12,2017-04-01,2018-03-31,-1
2019-05-15,66290,2020-03-31,,21500000000,0.096,,,,,1200000000,0.052,1200000000,0.081,,900000000,,66.78,,,,,,,,,,,,,,,,0.150,,,,,,true,true,12,2019-04-01,2020-03-31,1
2019-05-15,66290,2019-03-31,,1122000000,2.067,,,,,448000000,,431000000,,428000000,,8.436,31.76,,,,,,11080000000,5415000000,0.489,401.86,5415000000,,,,,4.00,,,,21063240,7585945,13477320,false,false,12,2018-04-01,2019-03-31,0
2019-05-15,66290,2018-03-31,,366000000,-0.574,,,,,11000000,-0.978,-5000000,,45000000,,,3.37,,,,,,10197000000,5044000000,0.495,374.27,5044000000,,,,,4.00,,,,21063240,7585845,13477478,false,false,12,2017-04-01,2018-03-31,-1
2019-05-15,66290,2020-03-31,,,,,,,,,,,,,,,,,,,,,,,,,,,,,,10.00,,,,,,,false,true,12,2019-04-01,2020-03-31,1
2019-07-31,66290,2020-03-31,1,4176000000,0.072,,,,,-44000000,,-54000000,,,-99000000,,-7.38,,,,,,19898000000,6091000000,0.306,,6091000000,,,,,,,,,,,,true,false,3,2019-04-01,2019-06-30,0
2019-07-31,66290,2019-03-31,1,3896000000,-0.043,,,,,48000000,-0.369,46000000,-0.240,,0,,0.00,,,,,,,,,,,,,,,,,,,,,,true,false,3,2018-04-01,2018-06-30,-1
2019-07-31,66290,2020-03-31,1,21500000000,0.096,,,,,1200000000,0.052,1200000000,0.081,,900000000,,66.78,,,,,,,,,,,,,,,,,,,,,,true,true,12,2019-04-01,2020-03-31,0
2019-07-31,66290,2019-03-31,1,,,,,,,,,,,,,,,,,,,,18634000000,6221000000,0.334,,6221000000,,,,,,,,,,,,true,false,12,2018-04-01,2019-03-31,-1
2019-07-31,66290,2019-03-31,1,,,,,,,,,,,,,,,,,,,,,,,,,,,,,4.00,,,,21063240,7585945,,false,false,12,2018-04-01,2019-03-31,-1
2019-07-31,66290,2020-03-31,1,,,,,,,,,,,,,,,,,,,,,,,,,,,,,10.00,,,,,,,false,true,12,2019-04-01,2020-03-31,0
2019-07-31,66290,2020-03-31,1,,,,,,,,,,,,,,,,,,,,,,,,,,,,,,,,,21063240,7585945,13477295,false,false,3,2019-04-01,2019-06-30,0
2019-07-31,66290,2019-03-31,1,,,,,,,,,,,,,,,,,,,,,,,,,,,,,,,,,,,13477335,false,false,3,2018-04-01,2018-06-30,-1
2019-10-31,66290,2020-03-31,2,11491000000,0.324,,,,,797000000,1.644,753000000,1.495,,764000000,,56.70,,,,,,21343000000,6900000000,0.323,,6900000000,,,,,,,,,,,,true,false,6,2019-04-01,2019-09-30,0
2019-10-31,66290,2019-03-31,2,8682000000,-0.073,,,,,301000000,-0.363,301000000,-0.418,,-46000000,,-3.44,,,,,,,,,,,,,,,,,,,,,,true,false,6,2018-04-01,2018-09-30,-1
2019-10-31,66290,2020-03-31,2,21500000000,0.096,,,,,1200000000,0.052,1200000000,0.081,,900000000,,66.78,,,,,,,,,,,,,,,,,,,,,,true,true,12,2019-04-01,2020-03-31,0
2019-10-31,66290,2019-03-31,2,,,,,,,,,,,,,,,,,,,,18634000000,6221000000,0.334,,6221000000,,,,,,,,,,,,true,false,12,2018-04-01,2019-03-31,-1
2019-10-31,66290,2019-03-31,2,,,,,,,,,,,,,,,,,,,,,,,,,,,,,4.00,,,,21063240,7585945,,false,false,12,2018-04-01,2019-03-31,-1
2019-10-31,66290,2020-03-31,2,,,,,,,,,,,,,,,,,,,,,,,,,,,,,0.00,,,,,,,false,false,12,2019-04-01,2020-03-31,0
2019-10-31,66290,2020-03-31,2,,,,,,,,,,,,,,,,,,,,,,,,,,,,,10.00,,,,,,,false,true,12,2019-04-01,2020-03-31,0
2019-10-31,66290,2020-03-31,2,,,,,,,,,,,,,,,,,,,,,,,,,,,,,,,,,21063240,7585945,13477295,false,false,6,2019-04-01,2019-09-30,0
2019-10-31,66290,2019-03-31,2,,,,,,,,,,,,,,,,,,,,,,,,,,,,,,,,,,,13477326,false,false,6,2018-04-01,2018-09-30,-1
2020-01-31,66290,2020-03-31,3,17022000000,0.250,,,,,1125000000,0.793,1090000000,0.768,,922000000,,68.43,,,,,,19514000000,7022000000,0.360,,7022000000,,,,,,,,,,,,true,false,9,2019-04-01,2019-12-31,0
2020-01-31,66290,2019-03-31,3,13621000000,-0.033,,,,,627000000,-0.193,616000000,-0.292,,188000000,,13.97,,,,,,,,,,,,,,,,,,,,,,true,false,9,2018-04-01,2018-12-31,-1
2020-01-31,66290,2020-03-31,3,24000000000,0.224,,,,,1600000000,0.402,1600000000,0.441,,1200000000,,89.04,,,,,,,,,,,,,,,,,,,,,,true,true,12,2019-04-01,2020-03-31,0
2020-01-31,66290,2019-03-31,3,,,,,,,,,,,,,,,,,,,,18634000000,6221000000,0.334,,6221000000,,,,,,,,,,,,true,false,12,2018-04-01,2019-03-31,-1
2020-01-31,66290,2019-03-31,3,,,,,,,,,,,,,,,,,,,,,,,,,,,,,4.00,,,,21063240,7585945,,false,false,12,2018-04-01,2019-03-31,-1
2020-01-31,66290,2020-03-31,3,,,,,,,,,,,,,,,,,,,,,,,,,,,,,0.00,,,,,,,false,false,12,2019-04-01,2020-03-31,0
2020-01-31,66290,2020-03-31,3,,,,,,,,,,,,,,,,,,,,,,,,,,,,,15.00,,,,,,,false,true,12,2019-04-01,2020-03-31,0
2020-01-31,66290,2020-03-31,3,,,,,,,,,,,,,,,,,,,,,,,,,,,,,,,,,21063240,7586081,13477277,false,false,9,2019-04-01,2019-12-31,0
2020-01-31,66290,2019-03-31,3,,,,,,,,,,,,,,,,,,,,,,,,,,,,,,,,,,,13477323,false,false,9,2018-04-01,2018-12-31,-1
2020-01-31,66290,2020-03-31,,24000000000,0.116,,,,,1600000000,0.333,1600000000,0.333,,1200000000,,89.04,,,,,,,,,,,,,,,,,,,,,,true,true,12,2019-04-01,2020-03-31,0
2020-01-31,66290,2019-03-31,,19615000000,,,,,,1141000000,,1110000000,,,646000000,,47.95,,,,,,,,,,,,,,,,,,,,,,true,false,12,2018-04-01,2019-03-31,-1
2020-01-31,66290,2020-03-31,,,,,,,,,,,,,,,,,,,,,,,,,,,,,,15.00,,,,,,,false,true,12,2019-04-01,2020-03-31,0
2020-01-31,66290,2020-03-31,,,,,,,,,,,,,,,,,,,,,,,,,,,,,,0.00,,,,,,,false,false,12,2019-04-01,2020-03-31,0
2020-01-31,66290,2019-03-31,,,,,,,,,,,,,,,,,,,,,,,,,,,,,,4.00,,,,,,,false,false,12,2018-04-01,2019-03-31,-1
2020-05-15,66290,2020-03-31,,22357000000,0.140,,,,,1443000000,0.265,1384000000,0.247,,1319000000,,97.91,,0.193,0.070,0.065,,21117000000,7460000000,0.353,553.60,7460000000,2050000000,-334000000,1164000000,4953000000,,0.153,,,,,,true,false,12,2019-04-01,2020-03-31,0
2020-05-15,66290,2019-03-31,,19615000000,0.011,,,,,1141000000,0.141,1110000000,-0.000,,646000000,,47.95,,0.108,0.062,0.058,,18634000000,6221000000,0.334,461.62,6221000000,465000000,-683000000,546000000,2068000000,,0.083,,,,,,true,false,12,2018-04-01,2019-03-31,-1
2020-05-15,66290,2021-03-31,,22500000000,0.006,,,,,1500000000,0.039,1400000000,0.011,,1300000000,,96.46,,,,,,,,,,,,,,,,0.156,,,,,,true,true,12,2020-04-01,2021-03-31,1
2020-05-15,66290,2020-03-31,,1316000000,0.173,,,,,630000000,0.405,615000000,0.424,611000000,,0.428,45.35,,,,,,15621000000,5970000000,0.382,443.03,5970000000,,,,,15.00,,,,21063240,7586081,13477250,false,false,12,2019-04-01,2020-03-31,0
2020-05-15,66290,2019-03-31,,1122000000,2.067,,,,,448000000,,431000000,,428000000,,8.436,31.76,,,,,,11080000000,5415000000,0.489,401.86,5415000000,,,,,4.00,,,,21063240,7585945,13477320,false,false,12,2018-04-01,2019-03-31,-1
2020-05-15,66290,2021-03-31,,,,,,,,,,,,,,,,,,,,,,,,,,,,,,15.00,,,,,,,false,true,12,2020-04-01,2021-03-31,1
2020-07-31,66290,2021-03-31,1,4373000000,0.047,,,,,-51000000,,-78000000,,,-111000000,,-8.29,,,,,,21788000000,7093000000,0.326,,7093000000,,,,,,,,,,,,true,false,3,2020-04-01,2020-06-30,0
2020-07-31,66290,2020-03-31,1,4176000000,0.072,,,,,-44000000,,-54000000,,,-99000000,,-7.38,,,,,,,,,,,,,,,,,,,,,,true,false,3,2019-04-01,2019-06-30,-1
2020-07-31,66290,2021-03-31,1,22500000000,0.006,,,,,1500000000,0.039,1400000000,0.011,,1300000000,,96.46,,,,,,,,,,,,,,,,,,,,,,true,true,12,2020-04-01,2021-03-31,0
2020-07-31,66290,2020-03-31,1,,,,,,,,,,,,,,,,,,,,21117000000,7460000000,0.353,,7460000000,,,,,,,,,,,,true,false,12,2019-04-01,2020-03-31,-1
2020-07-31,66290,2020-03-31,1,,,,,,,,,,,,,,,,,,,,,,,,,,,,,15.00,,,,21063240,7586081,,false,false,12,2019-04-01,2020-03-31,-1
2020-07-31,66290,2021-03-31,1,,,,,,,,,,,,,,,,,,,,,,,,,,,,,15.00,,,,,,,false,true,12,2020-04-01,2021-03-31,0
2020-07-31,66290,2021-03-31,1,,,,,,,,,,,,,,,,,,,,,,,,,,,,,,,,,21063240,7586081,13477159,false,false,3,2020-04-01,2020-06-30,0
2020-07-31,66290,2020-03-31,1,,,,,,,,,,,,,,,,,,,,,,,,,,,,,,,,,,,13477295,false,false,3,2019-04-01,2019-06-30,-1
2020-10-30,66290,2021-03-31,2,9754000000,-0.151,,,,,138000000,-0.826,88000000,-0.883,,34000000,,2.57,,,,,,25152000000,7239000000,0.288,,7239000000,,,,,,,,,,,,true,false,6,2020-04-01,2020-09-30,0
2020-10-30,66290,2020-03-31,2,11491000000,0.324,,,,,797000000,1.644,753000000,1.495,,764000000,,56.70,,,,,,,,,,,,,,,,,,,,,,true,false,6,2019-04-01,2019-09-30,-1
2020-10-30,66290,2021-03-31,2,22500000000,0.006,,,,,1500000000,0.039,1400000000,0.011,,1300000000,,96.46,,,,,,,,,,,,,,,,,,,,,,true,true,12,2020-04-01,2021-03-31,0
2020-10-30,66290,2020-03-31,2,,,,,,,,,,,,,,,,,,,,21117000000,7460000000,0.353,,7460000000,,,,,,,,,,,,true,false,12,2019-04-01,2020-03-31,-1
2020-10-30,66290,2020-03-31,2,,,,,,,,,,,,,,,,,,,,,,,,,,,,,15.00,,,,21063240,7586081,,false,false,12,2019-04-01,2020-03-31,-1
2020-10-30,66290,2021-03-31,2,,,,,,,,,,,,,,,,,,,,,,,,,,,,,0.00,,,,,,,false,false,12,2020-04-01,2021-03-31,0
2020-10-30,66290,2021-03-31,2,,,,,,,,,,,,,,,,,,,,,,,,,,,,,15.00,,,,,,,false,true,12,2020-04-01,2021-03-31,0
2020-10-30,66290,2021-03-31,2,,,,,,,,,,,,,,,,,,,,,,,,,,,,,,,,,21063240,7586081,13477159,false,false,6,2020-04-01,2020-09-30,0
2020-10-30,66290,2020-03-31,2,,,,,,,,,,,,,,,,,,,,,,,,,,,,,,,,,,,13477295,false,false,6,2019-04-01,2019-09-30,-1
2021-01-29,66290,2021-03-31,3,15876000000,-0.067,,,,,939000000,-0.165,930000000,-0.147,,836000000,,62.08,,,,,,25696000000,8055000000,0.313,,8055000000,,,,,,,,,,,,true,false,9,2020-04-01,2020-12-31,0
2021-01-29,66290,2020-03-31,3,17022000000,0.250,,,,,1125000000,0.793,1090000000,0.768,,922000000,,68.43,,,,,,,,,,,,,,,,,,,,,,true,false,9,2019-04-01,2019-12-31,-1
2021-01-29,66290,2021-03-31,3,25000000000,0.118,,,,,2000000000,0.385,1900000000,0.372,,1700000000,,126.14,,,,,,,,,,,,,,,,,,,,,,true,true,12,2020-04-01,2021-03-31,0
2021-01-29,66290,2020-03-31,3,,,,,,,,,,,,,,,,,,,,21117000000,7460000000,0.353,,7460000000,,,,,,,,,,,,true,false,12,2019-04-01,2020-03-31,-1
2021-01-29,66290,2020-03-31,3,,,,,,,,,,,,,,,,,,,,,,,,,,,,,15.00,,,,21063240,7586081,,false,false,12,2019-04-01,2020-03-31,-1
2021-01-29,66290,2021-03-31,3,,,,,,,,,,,,,,,,,,,,,,,,,,,,,0.00,,,,,,,false,false,12,2020-04-01,2021-03-31,0
2021-01-29,66290,2021-03-31,3,,,,,,,,,,,,,,,,,,,,,,,,,,,,,15.00,,,,,,,false,true,12,2020-04-01,2021-03-31,0
2021-01-29,66290,2021-03-31,3,,,,,,,,,,,,,,,,,,,,,,,,,,,,,,,,,21063240,7586081,13477159,false,false,9,2020-04-01,2020-12-31,0
2021-01-29,66290,2020-03-31,3,,,,,,,,,,,,,,,,,,,,,,,,,,,,,,,,,,,13477277,false,false,9,2019-04-01,2019-12-31,-1
2021-01-29,66290,2021-03-31,,25000000000,0.111,,,,,2000000000,0.333,1900000000,0.357,,1700000000,,126.14,,,,,,,,,,,,,,,,,,,,,,true,true,12,2020-04-01,2021-03-31,0
2021-01-29,66290,2020-03-31,,22357000000,,,,,,1443000000,,1384000000,,,1319000000,,97.91,,,,,,,,,,,,,,,,,,,,,,true,false,12,2019-04-01,2020-03-31,-1
,66290,2021-03-31,,,,,,,,,,,,,,,,,,,,,,,,,,,,,,20.00,,,,,,,false,true,12,2020-04-01,2021-03-31,0
,66290,2021-03-31,,,,,,,,,,,,,,,,,,,,,,,,,,,,,,0.00,,,,,,,false,false,12,2020-04-01,2021-03-31,0
,66290,2020-03-31,,,,,,,,,,,,,,,,,,,,,,,,,,,,,,15.00,,,,,,,false,false,12,2019-04-01,2020-03-31,-1
2021-04-28,66290,2021-03-31,,26400000000,0.056,,,,,2400000000,0.200,2500000000,0.316,,2100000000,,155.82,,,,,,,,,,,,,,,,,,,,,,true,true,12,2020-04-01,2021-03-31,0
2021-04-28,66290,2020-03-31,,22357000000,,,,,,1443000000,,1384000000,,,1319000000,,97.91,,,,,,,,,,,,,,,,,,,,,,true,false,12,2019-04-01,2020-03-31,-1
2021-05-10,66290,2021-03-31,,26481000000,0.184,,,,,2420000000,0.677,2533000000,0.830,,2147000000,,159.31,,0.256,0.101,0.091,,28976000000,9338000000,0.322,692.89,9338000000,1654000000,-2329000000,4014000000,8284000000,,0.126,,,,,,true,false,12,2020-04-01,2021-03-31,0
2021-05-10,66290,2020-03-31,,22357000000,0.140,,,,,1443000000,0.265,1384000000,0.247,,1319000000,,97.91,,0.193,0.070,0.065,,21117000000,7460000000,0.353,553.60,7460000000,2050000000,-334000000,1164000000,4953000000,,0.153,,,,,,true,false,12,2019-04-01,2020-03-31,-1
2021-05-10,66290,2022-03-31,,33000000000,0.246,,,,,3000000000,0.239,2900000000,0.145,,2300000000,,170.66,,,,,,,,,,,,,,,,0.117,,,,,,true,true,12,2021-04-01,2022-03-31,1
2021-05-10,66290,2021-03-31,,1274000000,-0.032,,,,,488000000,-0.226,452000000,-0.264,447000000,,-0.269,33.17,,,,,,20104000000,6216000000,0.309,461.28,6216000000,,,,,20.00,,,,21063240,7586081,13477159,false,false,12,2020-04-01,2021-03-31,0
2021-05-10,66290,2020-03-31,,1316000000,0.173,,,,,630000000,0.405,615000000,0.424,611000000,,0.428,45.35,,,,,,15621000000,5970000000,0.382,443.03,5970000000,,,,,15.00,,,,21063240,7586081,13477250,false,false,12,2019-04-01,2020-03-31,-1
2021-05-10,66290,2022-03-31,,,,,,,,,,,,,,,,,,,,,,,,,,,,,,20.00,,,,,,,false,true,12,2021-04-01,2022-03-31,1
2021-07-30,66290,2022-03-31,1,5826000000,0.332,,,,,-343000000,,-310000000,,,-394000000,,-29.31,,,,,,30256000000,8806000000,0.291,,8806000000,,,,,,,,,,,,true,false,3,2021-04-01,2021-06-30,0
2021-07-30,66290,2021-03-31,1,4373000000,0.047,,,,,-51000000,,-78000000,,,-111000000,,-8.29,,,,,,,,,,,,,,,,,,,,,,true,false,3,2020-04-01,2020-06-30,-1
2021-07-30,66290,2022-03-31,1,33000000000,0.246,,,,,3000000000,0.239,2900000000,0.145,,2300000000,,170.66,,,,,,,,,,,,,,,,,,,,,,true,true,12,2021-04-01,2022-03-31,0
2021-07-30,66290,2021-03-31,1,,,,,,,,,,,,,,,,,,,,28976000000,9338000000,0.322,,9338000000,,,,,,,,,,,,true,false,12,2020-04-01,2021-03-31,-1
2021-07-30,66290,2021-03-31,1,,,,,,,,,,,,,,,,,,,,,,,,,,,,,20.00,,,,21063240,7586081,,false,false,12,2020-04-01,2021-03-31,-1
2021-07-30,66290,2022-03-31,1,,,,,,,,,,,,,,,,,,,,,,,,,,,,,20.00,,,,,,,false,true,12,2021-04-01,2022-03-31,0
2021-07-30,66290,2022-03-31,1,,,,,,,,,,,,,,,,,,,,,,,,,,,,,,,,,21063240,7586171,13477136,false,false,3,2021-04-01,2021-06-30,0
2021-07-30,66290,2021-03-31,1,,,,,,,,,,,,,,,,,,,,,,,,,,,,,,,,,,,13477159,false,false,3,2020-04-01,2020-06-30,-1
2021-10-29,66290,2022-03-31,2,13995000000,0.435,,,,,82000000,-0.402,149000000,0.695,,-130000000,,-9.68,,,,,,32262000000,9077000000,0.281,,9077000000,,,,,,,,,,,,true,false,6,2021-04-01,2021-09-30,0
2021-10-29,66290,2021-03-31,2,9754000000,-0.151,,,,,138000000,-0.826,88000000,-0.883,,34000000,,2.57,,,,,,,,,,,,,,,,,,,,,,true,false,6,2020-04-01,2020-09-30,-1
2021-10-29,66290,2022-03-31,2,36500000000,0.378,,,,,2000000000,-0.174,2000000000,-0.211,,1500000000,,111.30,,,,,,,,,,,,,,,,,,,,,,true,true,12,2021-04-01,2022-03-31,0
2021-10-29,66290,2021-03-31,2,,,,,,,,,,,,,,,,,,,,28973000000,9335000000,0.322,,9335000000,,,,,,,,,,,,true,false,12,2020-04-01,2021-03-31,-1
2021-10-29,66290,2021-03-31,2,,,,,,,,,,,,,,,,,,,,,,,,,,,,,20.00,,,,21063240,7586081,,false,false,12,2020-04-01,2021-03-31,-1
2021-10-29,66290,2022-03-31,2,,,,,,,,,,,,,,,,,,,,,,,,,,,,,0.00,,,,,,,false,false,12,2021-04-01,2022-03-31,0
2021-10-29,66290,2022-03-31,2,,,,,,,,,,,,,,,,,,,,,,,,,,,,,20.00,,,,,,,false,true,12,2021-04-01,2022-03-31,0
2021-10-29,66290,2022-03-31,2,,,,,,,,,,,,,,,,,,,,,,,,,,,,,,,,,21063240,7586171,13477108,false,false,6,2021-04-01,2021-09-30,0
2021-10-29,66290,2021-03-31,2,,,,,,,,,,,,,,,,,,,,,,,,,,,,,,,,,,,13477159,false,false,6,2020-04-01,2020-09-30,-1
2021-10-29,66290,2022-03-31,,36500000000,0.106,,,,,2000000000,-0.333,2000000000,-0.310,,1500000000,,111.30,,,,,,,,,,,,,,,,,,,,,,true,true,12,2021-04-01,2022-03-31,0
2021-10-29,66290,2021-03-31,,26481000000,,,,,,2420000000,,2533000000,,,2147000000,,159.31,,,,,,,,,,,,,,,,,,,,,,true,false,12,2020-04-01,2021-03-31,-1
2022-01-31,66290,2022-03-31,3,23475000000,0.479,,,,,315000000,-0.664,430000000,-0.537,,-23000000,,-1.74,,,,,,31863000000,9091000000,0.285,,9091000000,,,,,,,,,,,,true,false,9,2021-04-01,2021-12-31,0
2022-01-31,66290,2021-03-31,3,15876000000,-0.067,,,,,939000000,-0.165,930000000,-0.147,,836000000,,62.08,,,,,,,,,,,,,,,,,,,,,,true,false,9,2020-04-01,2020-12-31,-1
2022-01-31,66290,2022-03-31,3,36500000000,0.378,,,,,2000000000,-0.174,2000000000,-0.211,,1500000000,,111.30,,,,,,,,,,,,,,,,,,,,,,true,true,12,2021-04-01,2022-03-31,0
2022-01-31,66290,2021-03-31,3,,,,,,,,,,,,,,,,,,,,28973000000,9335000000,0.322,,9335000000,,,,,,,,,,,,true,false,12,2020-04-01,2021-03-31,-1
2022-01-31,66290,2021-03-31,3,,,,,,,,,,,,,,,,,,,,,,,,,,,,,20.00,,,,21063240,7586081,,false,false,12,2020-04-01,2021-03-31,-1
2022-01-31,66290,2022-03-31,3,,,,,,,,,,,,,,,,,,,,,,,,,,,,,0.00,,,,,,,false,false,12,2021-04-01,2022-03-31,0
2022-01-31,66290,2022-03-31,3,,,,,,,,,,,,,,,,,,,,,,,,,,,,,20.00,,,,,,,false,true,12,2021-04-01,2022-03-31,0
2022-01-31,66290,2022-03-31,3,,,,,,,,,,,,,,,,,,,,,,,,,,,,,,,,,21063240,7586231,13477082,false,false,9,2021-04-01,2021-12-31,0
2022-01-31,66290,2021-03-31,3,,,,,,,,,,,,,,,,,,,,,,,,,,,,,,,,,,,13477159,false,false,9,2020-04-01,2020-12-31,-1
2022-04-25,66290,2022-03-31,,34500000000,-0.055,,,,,600000000,-0.700,800000000,-0.600,,300000000,,22.26,,,,,,,,,,,,,,,,,,,,,,true,true,12,2021-04-01,2022-03-31,0
2022-04-25,66290,2021-03-31,,26481000000,,,,,,2420000000,,2533000000,,,2147000000,,159.31,,,,,,,,,,,,,,,,,,,,,,true,false,12,2020-04-01,2021-03-31,-1
2022-05-10,66290,2022-03-31,,34521000000,0.304,,,,,685000000,-0.717,890000000,-0.648,,343000000,,25.47,,0.036,0.029,0.020,,31505000000,9644000000,0.306,715.63,9644000000,1029000000,-4585000000,-789000000,4145000000,,0.785,,,,,,true,false,12,2021-04-01,2022-03-31,0
2022-05-10,66290,2021-03-31,,26481000000,0.184,,,,,2417000000,0.675,2530000000,0.827,,2144000000,,159.09,,0.255,0.101,0.091,,28973000000,9335000000,0.322,692.71,9335000000,1654000000,-2329000000,4014000000,8284000000,,0.126,,,,,,true,false,12,2020-04-01,2021-03-31,-1
2022-05-10,66290,2023-03-31,,40000000000,0.159,,,,,1500000000,1.189,1300000000,0.460,,900000000,,66.78,,,,,,,,,,,,,,,,0.299,,,,,,true,true,12,2022-04-01,2023-03-31,1
2022-05-10,66290,2022-03-31,,20256000000,,,,,,101000000,,532000000,,3835000000,,,284.60,,,,,,28274000000,9805000000,0.347,727.56,9805000000,,,,,20.00,,,,21063240,7586231,13477065,false,false,12,2021-04-01,2022-03-31,0
2022-05-10,66290,2021-03-31,,1274000000,-0.032,,,,,488000000,-0.226,452000000,-0.264,447000000,,-0.269,33.17,,,,,,20104000000,6216000000,0.309,461.28,6216000000,,,,,20.00,,,,21063240,7586081,13477159,false,false,12,2020-04-01,2021-03-31,-1
2022-05-10,66290,2023-03-31,,,,,,,,,,,,,,,,,,,,,,,,,,,,,,20.00,,,,,,,false,true,12,2022-04-01,2023-03-31,1
2022-07-25,66290,2023-03-31,1,7827000000,0.343,,,,,-537000000,,-352000000,,,-412000000,,-30.63,,,,,,32069000000,9296000000,0.290,,9296000000,,,,,,,,,,,,true,false,3,2022-04-01,2022-06-30,0
2022-07-25,66290,2022-03-31,1,5826000000,0.332,,,,,-346000000,,-314000000,,,-398000000,,-29.54,,,,,,,,,,,,,,,,,,,,,,true,false,3,2021-04-01,2021-06-30,-1
2022-07-25,66290,2023-03-31,1,40000000000,0.159,,,,,1500000000,1.000,1300000000,0.361,,900000000,,66.78,,,,,,,,,,,,,,,,,,,,,,true,true,12,2022-04-01,2023-03-31,0
2022-07-25,66290,2022-03-31,1,,,,,,,,,,,,,,,,,,,,31781000000,9735000000,0.306,,9735000000,,,,,,,,,,,,true,false,12,2021-04-01,2022-03-31,-1
2022-07-25,66290,2022-03-31,1,,,,,,,,,,,,,,,,,,,,,,,,,,,,,20.00,,,,21063240,7586231,,false,false,12,2021-04-01,2022-03-31,-1
2022-07-25,66290,2023-03-31,1,,,,,,,,,,,,,,,,,,,,,,,,,,,,,20.00,,,,,,,false,true,12,2022-04-01,2023-03-31,0
2022-07-25,66290,2023-03-31,1,,,,,,,,,,,,,,,,,,,,,,,,,,,,,,,,,21063240,7586231,13477009,false,false,3,2022-04-01,2022-06-30,0
2022-07-25,66290,2022-03-31,1,,,,,,,,,,,,,,,,,,,,,,,,,,,,,,,,,,,13477136,false,false,3,2021-04-01,2021-06-30,-1
2022-10-25,66290,2023-03-31,2,19017000000,0.359,,,,,-664000000,,-304000000,,,-454000000,,-33.69,,,,,,34349000000,9824000000,0.286,,9824000000,,,,,,,,,,,,true,false,6,2022-04-01,2022-09-30,0
2022-10-25,66290,2022-03-31,2,13995000000,0.435,,,,,82000000,-0.402,149000000,0.695,,-130000000,,-9.68,,,,,,,,,,,,,,,,,,,,,,true,false,6,2021-04-01,2021-09-30,-1
2022-10-25,66290,2023-03-31,2,40000000000,0.159,,,,,1500000000,1.000,1300000000,0.361,,900000000,,66.78,,,,,,,,,,,,,,,,,,,,,,true,true,12,2022-04-01,2023-03-31,0
2022-10-25,66290,2022-03-31,2,,,,,,,,,,,,,,,,,,,,31781000000,9735000000,0.306,,9735000000,,,,,,,,,,,,true,false,12,2021-04-01,2022-03-31,-1
2022-10-25,66290,2022-03-31,2,,,,,,,,,,,,,,,,,,,,,,,,,,,,,20.00,,,,21063240,7586231,,false,false,12,2021-04-01,2022-03-31,-1
2022-10-25,66290,2023-03-31,2,,,,,,,,,,,,,,,,,,,,,,,,,,,,,0.00,,,,,,,false,false,12,2022-04-01,2023-03-31,0
2022-10-25,66290,2023-03-31,2,,,,,,,,,,,,,,,,,,,,,,,,,,,,,20.00,,,,,,,false,true,12,2022-04-01,2023-03-31,0
2022-10-25,66290,2023-03-31,2,,,,,,,,,,,,,,,,,,,,,,,,,,,,,,,,,21063240,7586231,13477009,false,false,6,2022-04-01,2022-09-30,0
2022-10-25,66290,2022-03-31,2,,,,,,,,,,,,,,,,,,,,,,,,,,,,,,,,,,,13477108,false,false,6,2021-04-01,2021-09-30,-1
2023-01-25,66290,2023-03-31,3,29710000000,0.266,,,,,-1202000000,,-1084000000,,,-1784000000,,-132.44,,,,,,35510000000,8870000000,0.250,,8870000000,,,,,,,,,,,,true,false,9,2022-04-01,2022-12-31,0
2023-01-25,66290,2022-03-31,3,23475000000,0.479,,,,,347000000,-0.630,462000000,-0.503,,12000000,,0.90,,,,,,,,,,,,,,,,,,,,,,true,false,9,2021-04-01,2021-12-31,-1
2023-01-25,66290,2023-03-31,3,45000000000,0.304,,,,,-500000000,,-400000000,,,-1300000000,,-96.46,,,,,,,,,,,,,,,,,,,,,,true,true,12,2022-04-01,2023-03-31,0
2023-01-25,66290,2022-03-31,3,,,,,,,,,,,,,,,,,,,,31781000000,9735000000,0.306,,9735000000,,,,,,,,,,,,true,false,12,2021-04-01,2022-03-31,-1
2023-01-25,66290,2022-03-31,3,,,,,,,,,,,,,,,,,,,,,,,,,,,,,20.00,,,,21063240,7586231,,false,false,12,2021-04-01,2022-03-31,-1
2023-01-25,66290,2023-03-31,3,,,,,,,,,,,,,,,,,,,,,,,,,,,,,0.00,,,,,,,false,false,12,2022-04-01,2023-03-31,0
2023-01-25,66290,2023-03-31,3,,,,,,,,,,,,,,,,,,,,,,,,,,,,,0.00,,,,,,,false,true,12,2022-04-01,2023-03-31,0
2023-01-25,66290,2023-03-31,3,,,,,,,,,,,,,,,,,,,,,,,,,,,,,,,,,21063240,7586231,13477009,false,false,9,2022-04-01,2022-12-31,0
2023-01-25,66290,2022-03-31,3,,,,,,,,,,,,,,,,,,,,,,,,,,,,,,,,,,,13477082,false,false,9,2021-04-01,2021-12-31,-1
2023-01-25,66290,2023-03-31,,45000000000,0.125,,,,,-500000000,,-400000000,,,-1300000000,,-96.46,,,,,,,,,,,,,,,,,,,,,,true,true,12,2022-04-01,2023-03-31,0
2023-01-25,66290,2022-03-31,,34521000000,,,,,,749000000,,955000000,,,431000000,,31.99,,,,,,,,,,,,,,,,,,,,,,true,false,12,2021-04-01,2022-03-31,-1
2023-01-25,66290,2023-03-31,,,,,,,,,,,,,,,,,,,,,,,,,,,,,,0.00,,,,,,,false,true,12,2022-04-01,2023-03-31,0
2023-01-25,66290,2023-03-31,,,,,,,,,,,,,,,,,,,,,,,,,,,,,,0.00,,,,,,,false,false,12,2022-04-01,2023-03-31,0
2023-01-25,66290,2022-03-31,,,,,,,,,,,,,,,,,,,,,,,,,,,,,,20.00,,,,,,,false,false,12,2021-04-01,2022-03-31,-1
2023-05-10,66290,2023-03-31,,43765000000,0.268,,,,,-530000000,,-405000000,,,-1553000000,,-115.26,,-0.168,-0.012,-0.012,,36903000000,8711000000,0.236,645.91,8704000000,-1271000000,-864000000,1524000000,3683000000,,,,,,,,true,false,12,2022-04-01,2023-03-31,0
2023-05-10,66290,2022-03-31,,34521000000,0.304,,,,,749000000,-0.690,955000000,-0.622,,431000000,,31.99,,0.045,0.031,0.022,,31781000000,9735000000,0.306,722.35,9735000000,1029000000,-4585000000,-789000000,4145000000,,0.625,,,,,,true,false,12,2021-04-01,2022-03-31,-1
2023-05-10,66290,2024-03-31,,48000000000,0.097,,,,,800000000,,600000000,,,500000000,,37.10,,,,,,,,,,,,,,,,0.270,,,,,,true,true,12,2023-04-01,2024-03-31,1
2023-05-10,66290,2023-03-31,,21473000000,0.060,,,,,-1281000000,,-1033000000,,-2537000000,,,-188.28,,,,,,30761000000,6974000000,0.227,517.55,6974000000,,,,,0.00,,,,21063240,7586231,13477009,false,false,12,2022-04-01,2023-03-31,0
2023-05-10,66290,2022-03-31,,20256000000,,,,,,101000000,,532000000,,3835000000,,,284.60,,,,,,28274000000,9805000000,0.347,727.56,9805000000,,,,,20.00,,,,21063240,7586231,13477065,false,false,12,2021-04-01,2022-03-31,-1
2023-05-10,66290,2024-03-31,,,,,,,,,,,,,,,,,,,,,,,,,,,,,,10.00,,,,,,,false,true,12,2023-04-01,2024-03-31,1
2023-07-25,66290,2024-03-31,1,10768000000,0.376,,,,,-269000000,,94000000,,,-203000000,,-15.06,,,,,,35913000000,8307000000,0.230,,8252000000,,,,,,,,,,,,true,false,3,2023-04-01,2023-06-30,0
2023-07-25,66290,2023-03-31,1,7827000000,0.343,,,,,-537000000,,-352000000,,,-412000000,,-30.63,,,,,,,,,,,,,,,,,,,,,,true,false,3,2022-04-01,2022-06-30,-1
2023-07-25,66290,2024-03-31,1,48000000000,0.097,,,,,800000000,,600000000,,,500000000,,37.10,,,,,,,,,,,,,,,,,,,,,,true,true,12,2023-04-01,2024-03-31,0
2023-07-25,66290,2023-03-31,1,,,,,,,,,,,,,,,,,,,,36903000000,8711000000,0.236,,8704000000,,,,,,,,,,,,true,false,12,2022-04-01,2023-03-31,-1
2023-07-25,66290,2023-03-31,1,,,,,,,,,,,,,,,,,,,,,,,,,,,,,0.00,,,,21063240,7586231,,false,false,12,2022-04-01,2023-03-31,-1
2023-07-25,66290,2024-03-31,1,,,,,,,,,,,,,,,,,,,,,,,,,,,,,10.00,,,,,,,false,true,12,2023-04-01,2024-03-31,0
2023-07-25,66290,2024-03-31,1,,,,,,,,,,,,,,,,,,,,,,,,,,,,,,,,,21063240,7586231,13477009,false,false,3,2023-04-01,2023-06-30,0
2023-07-25,66290,2023-03-31,1,,,,,,,,,,,,,,,,,,,,,,,,,,,,,,,,,,,13477009,false,false,3,2022-04-01,2022-06-30,-1
2023-10-25,66290,2024-03-31,2,23286000000,0.224,,,,,161000000,,680000000,,,293000000,,21.81,,,,,,36732000000,9254000000,0.250,,9188000000,,,,,,,,,,,,true,false,6,2023-04-01,2023-09-30,0
2023-10-25,66290,2023-03-31,2,19017000000,0.359,,,,,-664000000,,-304000000,,,-454000000,,-33.69,,,,,,,,,,,,,,,,,,,,,,true,false,6,2022-04-01,2022-09-30,-1
2023-10-25,66290,2024-03-31,2,48000000000,0.097,,,,,800000000,,600000000,,,500000000,,37.10,,,,,,,,,,,,,,,,,,,,,,true,true,12,2023-04-01,2024-03-31,0
2023-10-25,66290,2023-03-31,2,,,,,,,,,,,,,,,,,,,,36903000000,8711000000,0.236,,8704000000,,,,,,,,,,,,true,false,12,2022-04-01,2023-03-31,-1
2023-10-25,66290,2023-03-31,2,,,,,,,,,,,,,,,,,,,,,,,,,,,,,0.00,,,,21063240,7586231,,false,false,12,2022-04-01,2023-03-31,-1
2023-10-25,66290,2024-03-31,2,,,,,,,,,,,,,,,,,,,,,,,,,,,,,0.00,,,,,,,false,false,12,2023-04-01,2024-03-31,0
2023-10-25,66290,2024-03-31,2,,,,,,,,,,,,,,,,,,,,,,,,,,,,,10.00,,,,,,,false,true,12,2023-04-01,2024-03-31,0
2023-10-25,66290,2024-03-31,2,,,,,,,,,,,,,,,,,,,,,,,,,,,,,,,,,21063240,7586232,13477009,false,false,6,2023-04-01,2023-09-30,0
2023-10-25,66290,2023-03-31,2,,,,,,,,,,,,,,,,,,,,,,,,,,,,,,,,,,,13477009,false,false,6,2022-04-01,2022-09-30,-1
2024-01-25,66290,2024-03-31,3,34429000000,0.159,,,,,60000000,,479000000,,,-27000000,,-2.06,,,,,,35995000000,9340000000,0.258,,9269000000,,,,,,,,,,,,true,false,9,2023-04-01,2023-12-31,0
2024-01-25,66290,2023-03-31,3,29710000000,0.266,,,,,-1202000000,,-1084000000,,,-1784000000,,-132.44,,,,,,,,,,,,,,,,,,,,,,true,false,9,2022-04-01,2022-12-31,-1
2024-01-25,66290,2024-03-31,3,48000000000,0.097,,,,,800000000,,600000000,,,500000000,,37.10,,,,,,,,,,,,,,,,,,,,,,true,true,12,2023-04-01,2024-03-31,0
2024-01-25,66290,2023-03-31,3,,,,,,,,,,,,,,,,,,,,36903000000,8711000000,0.236,,8704000000,,,,,,,,,,,,true,false,12,2022-04-01,2023-03-31,-1
2024-01-25,66290,2023-03-31,3,,,,,,,,,,,,,,,,,,,,,,,,,,,,,0.00,,,,21063240,7586231,,false,false,12,2022-04-01,2023-03-31,-1
2024-01-25,66290,2024-03-31,3,,,,,,,,,,,,,,,,,,,,,,,,,,,,,0.00,,,,,,,false,false,12,2023-04-01,2024-03-31,0
2024-01-25,66290,2024-03-31,3,,,,,,,,,,,,,,,,,,,,,,,,,,,,,10.00,,,,,,,false,true,12,2023-04-01,2024-03-31,0
2024-01-25,66290,2024-03-31,3,,,,,,,,,,,,,,,,,,,,,,,,,,,,,,,,,21063240,7586232,13477009,false,false,9,2023-04-01,2023-12-31,0
2024-01-25,66290,2023-03-31,3,,,,,,,,,,,,,,,,,,,,,,,,,,,,,,,,,,,13477009,false,false,9,2022-04-01,2022-12-31,-1
2024-04-25,66290,2024-03-31,,48000000000,0.000,,,,,1000000000,0.250,1700000000,1.833,,1000000000,,74.20,,,,,,,,,,,,,,,,,,,,,,true,true,12,2023-04-01,2024-03-31,0
2024-04-25,66290,2023-03-31,,43765000000,,,,,,-530000000,,-405000000,,,-1553000000,,-115.26,,,,,,,,,,,,,,,,,,,,,,true,false,12,2022-04-01,2023-03-31,-1
2024-05-10,66290,2024-03-31,,48623000000,0.111,,,,,1036000000,,1709000000,,,1001000000,,74.30,,0.108,0.047,0.021,,36092000000,9813000000,0.272,727.14,9799000000,1368000000,-835000000,-1505000000,3191000000,,0.135,,,,,,true,false,12,2023-04-01,2024-03-31,0
2024-05-10,66290,2023-03-31,,43765000000,0.268,,,,,-530000000,,-405000000,,,-1553000000,,-115.26,,-0.168,-0.012,-0.012,,36903000000,8711000000,0.236,645.91,8704000000,-1271000000,-864000000,1524000000,3683000000,,,,,,,,true,false,12,2022-04-01,2023-03-31,-1
2024-05-10,66290,2025-03-31,,50000000000,0.028,,,,,1050000000,0.013,900000000,-0.473,,600000000,,44.52,,,,,,,,,,,,,,,,0.270,,,,,,true,true,12,2024-04-01,2025-03-31,1
2024-05-10,66290,2024-03-31,,19808000000,-0.078,,,,,179000000,,1618000000,,1263000000,,,93.74,,,,,,28541000000,8241000000,0.289,611.53,8241000000,,,,,10.00,,,,21063240,7586232,13477008,false,false,12,2023-04-01,2024-03-31,0
2024-05-10,66290,2023-03-31,,21473000000,0.060,,,,,-1281000000,,-1033000000,,-2537000000,,,-188.28,,,,,,30761000000,6974000000,0.227,517.55,6974000000,,,,,0.00,,,,21063240,7586231,13477009,false,false,12,2022-04-01,2023-03-31,-1
2024-05-10,66290,2025-03-31,,,,,,,,,,,,,,,,,,,,,,,,,,,,,,12.00,,,,,,,false,true,12,2024-04-01,2025-03-31,1
2024-07-26,66290,2025-03-31,1,11184000000,0.039,,,,,-275000000,,-46000000,,,-219000000,,-16.27,,,,,,37526000000,9753000000,0.260,,9738000000,,,,,,,,,,,,true,false,3,2024-04-01,2024-06-30,0
2024-07-26,66290,2024-03-31,1,10768000000,0.376,,,,,-269000000,,94000000,,,-203000000,,-15.06,,,,,,,,,,,,,,,,,,,,,,true,false,3,2023-04-01,2023-06-30,-1
2024-07-26,66290,2025-03-31,1,50000000000,0.028,,,,,1050000000,0.013,900000000,-0.473,,600000000,,44.52,,,,,,,,,,,,,,,,,,,,,,true,true,12,2024-04-01,2025-03-31,0
2024-07-26,66290,2024-03-31,1,,,,,,,,,,,,,,,,,,,,36092000000,9813000000,0.272,,9799000000,,,,,,,,,,,,true,false,12,2023-04-01,2024-03-31,-1
2024-07-26,66290,2024-03-31,1,,,,,,,,,,,,,,,,,,,,,,,,,,,,,10.00,,,,21063240,7586232,,false,false,12,2023-04-01,2024-03-31,-1
2024-07-26,66290,2025-03-31,1,,,,,,,,,,,,,,,,,,,,,,,,,,,,,12.00,,,,,,,false,true,12,2024-04-01,2025-03-31,0
2024-07-26,66290,2025-03-31,1,,,,,,,,,,,,,,,,,,,,,,,,,,,,,,,,,21063240,7586242,13477003,false,false,3,2024-04-01,2024-06-30,0
2024-07-26,66290,2024-03-31,1,,,,,,,,,,,,,,,,,,,,,,,,,,,,,,,,,,,13477009,false,false,3,2023-04-01,2023-06-30,-1
2024-10-25,66290,2025-03-31,2,23503000000,0.009,,,,,148000000,-0.080,-7000000,,,-276000000,,-20.50,,,,,,37539000000,10659000000,0.284,,10644000000,,,,,,,,,,,,true,false,6,2024-04-01,2024-09-30,0
2024-10-25,66290,2024-03-31,2,23286000000,0.224,,,,,161000000,,680000000,,,293000000,,21.81,,,,,,,,,,,,,,,,,,,,,,true,false,6,2023-04-01,2023-09-30,-1
2024-10-25,66290,2025-03-31,2,50000000000,0.028,,,,,1050000000,0.013,900000000,-0.473,,600000000,,44.52,,,,,,,,,,,,,,,,,,,,,,true,true,12,2024-04-01,2025-03-31,0
2024-10-25,66290,2024-03-31,2,,,,,,,,,,,,,,,,,,,,36092000000,9813000000,0.272,,9799000000,,,,,,,,,,,,true,false,12,2023-04-01,2024-03-31,-1
2024-10-25,66290,2024-03-31,2,,,,,,,,,,,,,,,,,,,,,,,,,,,,,10.00,,,,21063240,7586232,,false,false,12,2023-04-01,2024-03-31,-1
2024-10-25,66290,2025-03-31,2,,,,,,,,,,,,,,,,,,,,,,,,,,,,,12.00,,,,,,,false,true,12,2024-04-01,2025-03-31,0
2024-10-25,66290,2025-03-31,2,,,,,,,,,,,,,,,,,,,,,,,,,,,,,,,,,21063240,7586242,13477001,false,false,6,2024-04-01,2024-09-30,0
2024-10-25,66290,2024-03-31,2,,,,,,,,,,,,,,,,,,,,,,,,,,,,,,,,,,,13477009,false,false,6,2023-04-01,2023-09-30,-1
2025-01-24,66290,2025-03-31,3,35980000000,0.045,,,,,330000000,4.436,588000000,0.227,,247000000,,18.37,,,,,,36298000000,9944000000,0.274,,9928000000,,,,,,,,,,,,true,false,9,2024-04-01,2024-12-31,0
2025-01-24,66290,2024-03-31,3,34429000000,0.159,,,,,60000000,,479000000,,,-27000000,,-2.06,,,,,,,,,,,,,,,,,,,,,,true,false,9,2023-04-01,2023-12-31,-1
2025-01-24,66290,2025-03-31,3,50000000000,0.028,,,,,1050000000,0.013,900000000,-0.473,,600000000,,44.52,,,,,,,,,,,,,,,,,,,,,,true,true,12,2024-04-01,2025-03-31,0
2025-01-24,66290,2024-03-31,3,,,,,,,,,,,,,,,,,,,,36092000000,9813000000,0.272,,9799000000,,,,,,,,,,,,true,false,12,2023-04-01,2024-03-31,-1
2025-01-24,66290,2024-03-31,3,,,,,,,,,,,,,,,,,,,,,,,,,,,,,10.00,,,,21063240,7586232,,false,false,12,2023-04-01,2024-03-31,-1
2025-01-24,66290,2025-03-31,3,,,,,,,,,,,,,,,,,,,,,,,,,,,,,12.00,,,,,,,false,true,12,2024-04-01,2025-03-31,0
2025-01-24,66290,2025-03-31,3,,,,,,,,,,,,,,,,,,,,,,,,,,,,,,,,,21063240,7586242,13477000,false,false,9,2024-04-01,2024-12-31,0
2025-01-24,66290,2024-03-31,3,,,,,,,,,,,,,,,,,,,,,,,,,,,,,,,,,,,13477009,false,false,9,2023-04-01,2023-12-31,-1
2025-05-09,66290,2025-03-31,,50624000000,0.041,,,,,518000000,-0.500,494000000,-0.711,,-435000000,,-32.30,,-0.043,0.013,0.010,,37579000000,10279000000,0.273,762.06,10270000000,850000000,-955000000,141000000,3438000000,,-0.371,,,,,,true,false,12,2024-04-01,2025-03-31,0
2025-05-09,66290,2024-03-31,,48623000000,0.111,,,,,1036000000,,1709000000,,,1001000000,,74.30,,0.108,0.047,0.021,,36092000000,9813000000,0.272,727.14,9799000000,1368000000,-835000000,-1505000000,3191000000,,0.135,,,,,,true,false,12,2023-04-01,2024-03-31,-1
2025-05-09,66290,2026-03-31,,53000000000,0.047,,,,,1200000000,1.316,950000000,0.920,,450000000,,33.39,,,,,,,,,,,,,,,,0.389,,,,,,true,true,12,2025-04-01,2026-03-31,1
2025-05-09,66290,2025-03-31,,18369000000,-0.072,,,,,-13000000,,767000000,-0.526,-642000000,,,-47.70,,,,,,27741000000,7465000000,0.269,553.96,7465000000,,,,,12.00,,,,21063240,7586242,13477000,false,false,12,2024-04-01,2025-03-31,0
2025-05-09,66290,2024-03-31,,19808000000,-0.078,,,,,179000000,,1618000000,,1263000000,,,93.74,,,,,,28541000000,8241000000,0.289,611.53,8241000000,,,,,10.00,,,,21063240,7586232,13477008,false,false,12,2023-04-01,2024-03-31,-1
2025-05-09,66290,2026-03-31,,,,,,,,,,,,,,,,,,,,,,,,,,,,,,13.00,,,,,,,false,true,12,2025-04-01,2026-03-31,1
2025-05-09,66290,2025-03-31,,50624000000,0.041,,,,,373000000,-0.640,350000000,-0.795,,-616000000,,-45.72,,-0.062,0.010,0.007,,37397000000,10098000000,0.270,748.58,10088000000,851000000,-955000000,141000000,3438000000,,-0.263,,,,,,true,false,12,2024-04-01,2025-03-31,0
2025-05-09,66290,2024-03-31,,48623000000,0.111,,,,,1036000000,,1709000000,,,1001000000,,74.30,,0.108,0.047,0.021,,36092000000,9813000000,0.272,727.14,9799000000,1368000000,-835000000,-1505000000,3191000000,,0.135,,,,,,true,false,12,2023-04-01,2024-03-31,-1
2025-05-09,66290,2026-03-31,,53000000000,0.047,,,,,1200000000,2.212,950000000,1.711,,450000000,,33.39,,,,,,,,,,,,,,,,0.389,,,,,,true,true,12,2025-04-01,2026-03-31,1
2025-05-09,66290,2025-03-31,,18369000000,-0.072,,,,,-148000000,,632000000,-0.609,-838000000,,,-62.25,,,,,,27545000000,7269000000,0.264,539.40,7269000000,,,,,12.00,,,,21063240,7586242,13477000,false,false,12,2024-04-01,2025-03-31,0
2025-05-09,66290,2024-03-31,,19808000000,-0.078,,,,,179000000,,1618000000,,1263000000,,,93.74,,,,,,28541000000,8241000000,0.289,611.53,8241000000,,,,,10.00,,,,21063240,7586232,13477008,false,false,12,2023-04-01,2024-03-31,-1
2025-05-09,66290,2026-03-31,,,,,,,,,,,,,,,,,,,,,,,,,,,,,,13.00,,,,,,,false,true,12,2025-04-01,2026-03-31,1
