filing_date,code,fiscal_year_end,quarterly_period,net_sales,net_sales_change,revenue,revenue_change,operating_revenue,operating_revenue_change,operating_profit,operating_profit_change,ordinary_profit,ordinary_profit_change,net_income,net_income_of_parent,net_income_change,eps,diluted_eps,roe,roa,operating_profit_to_net_sales,operating_profit_to_revenue,total_assets,net_assets,equity_ratio,bps,owner_equity,operating_cash_flow,investing_cash_flow,financing_cash_flow,cash,dividend_per_share,payout_ratio,commemorative_dividend,extra_dividend,number_of_shares,number_of_treqsury_shares,avg_number_of_shares,is_consolidated,is_forecast,duration,period_start,period_end,period_pos
2015-07-31,66320,2016-03-31,1,67283000000,0.012,,,,,-1067000000,,-1606000000,,,-2315000000,,-16.70,,,,,,276658000000,76715000000,0.255,,70552000000,,,,,,,,,,,,true,false,3,2015-04-01,2015-06-30,0
2015-07-31,66320,2015-03-31,1,66502000000,-0.047,,,,,339000000,,-43000000,,,-2654000000,,-19.14,,,,,,,,,,,,,,,,,,,,,,true,false,3,2014-04-01,2014-06-30,-1
2015-07-31,66320,2016-03-31,1,300000000000,0.053,,,,,8000000000,0.218,4500000000,0.417,,2000000000,,14.42,,,,,,,,,,,,,,,,,,,,,,true,true,12,2015-04-01,2016-03-31,0
2015-07-31,66320,2015-03-31,1,,,,,,,,,,,,,,,,,,,,278669000000,79221000000,0.258,,71779000000,,,,,,,,,,,,true,false,12,2014-04-01,2015-03-31,-1
2015-07-31,66320,2015-03-31,1,,,,,,,,,,,,,,,,,,,,,,,,,,,,,5.00,,,,139000201,340031,,false,false,12,2014-04-01,2015-03-31,-1
2015-07-31,66320,2016-03-31,1,,,,,,,,,,,,,,,,,,,,,,,,,,,,,5.00,,,,,,,false,true,12,2015-04-01,2016-03-31,0
2015-07-31,66320,2016-03-31,1,,,,,,,,,,,,,,,,,,,,,,,,,,,,,,,,,139000201,341158,138659677,false,false,3,2015-04-01,2015-06-30,0
2015-07-31,66320,2015-03-31,1,,,,,,,,,,,,,,,,,,,,,,,,,,,,,,,,,,,138663894,false,false,3,2014-04-01,2014-06-30,-1
2015-10-30,66320,2016-03-31,2,139384000000,0.029,,,,,-980000000,,-3093000000,,,-4775000000,,-34.45,,,,,,271541000000,68918000000,0.233,,63205000000,,,,,,,,,,,,true,false,6,2015-04-01,2015-09-30,0
2015-10-30,66320,2015-03-31,2,135399000000,-0.088,,,,,1121000000,,-433000000,,,-3028000000,,-21.84,,,,,,,,,,,,,,,,,,,,,,true,false,6,2014-04-01,2014-09-30,-1
2015-10-30,66320,2016-03-31,2,295000000000,0.035,,,,,4500000000,-0.315,1000000000,-0.685,,1500000000,,10.82,,,,,,,,,,,,,,,,,,,,,,true,true,12,2015-04-01,2016-03-31,0
2015-10-30,66320,2015-03-31,2,,,,,,,,,,,,,,,,,,,,278669000000,79221000000,0.258,,71779000000,,,,,,,,,,,,true,false,12,2014-04-01,2015-03-31,-1
2015-10-30,66320,2015-03-31,2,,,,,,,,,,,,,,,,,,,,,,,,,,,,,5.00,,,,139000201,340031,,false,false,12,2014-04-01,2015-03-31,-1
2015-10-30,66320,2016-03-31,2,,,,,,,,,,,,,,,,,,,,,,,,,,,,,0.00,,,,,,,false,false,12,2015-04-01,2016-03-31,0
2015-10-30,66320,2016-03-31,2,,,,,,,,,,,,,,,,,,,,,,,,,,,,,5.00,,,,,,,false,true,12,2015-04-01,2016-03-31,0
2015-10-30,66320,2016-03-31,2,,,,,,,,,,,,,,,,,,,,,,,,,,,,,,,,,139000201,48590,138620283,false,false,6,2015-04-01,2015-09-30,0
2015-10-30,66320,2015-03-31,2,,,,,,,,,,,,,,,,,,,,,,,,,,,,,,,,,,,138663486,false,false,6,2014-04-01,2014-09-30,-1
2015-10-30,66320,2016-03-31,,295000000000,-0.017,,,,,4500000000,-0.438,1000000000,-0.778,1500000000,,-0.250,10.82,,,,,,,,,,,,,,,,,,,,,,true,true,12,2015-04-01,2016-03-31,0
2015-10-30,66320,2015-03-31,,285010000000,,,,,,6570000000,,3176000000,,4654000000,,,33.56,,,,,,,,,,,,,,,,,,,,,,true,false,12,2014-04-01,2015-03-31,-1
2016-01-29,66320,2016-03-31,3,214540000000,0.037,,,,,149000000,-0.940,-2361000000,,,-5658000000,,-40.79,,,,,,271513000000,68858000000,0.232,,62937000000,,,,,,,,,,,,true,false,9,2015-04-01,2015-12-31,0
2016-01-29,66320,2015-03-31,3,206943000000,-0.101,,,,,2479000000,,124000000,,,-652000000,,-4.70,,,,,,,,,,,,,,,,,,,,,,true,false,9,2014-04-01,2014-12-31,-1
2016-01-29,66320,2016-03-31,3,295000000000,0.035,,,,,4500000000,-0.315,1000000000,-0.685,,1500000000,,10.82,,,,,,,,,,,,,,,,,,,,,,true,true,12,2015-04-01,2016-03-31,0
2016-01-29,66320,2015-03-31,3,,,,,,,,,,,,,,,,,,,,278669000000,79221000000,0.258,,71779000000,,,,,,,,,,,,true,false,12,2014-04-01,2015-03-31,-1
2016-01-29,66320,2015-03-31,3,,,,,,,,,,,,,,,,,,,,,,,,,,,,,5.00,,,,139000201,340031,,false,false,12,2014-04-01,2015-03-31,-1
2016-01-29,66320,2016-03-31,3,,,,,,,,,,,,,,,,,,,,,,,,,,,,,0.00,,,,,,,false,false,12,2015-04-01,2016-03-31,0
2016-01-29,66320,2016-03-31,3,,,,,,,,,,,,,,,,,,,,,,,,,,,,,5.00,,,,,,,false,true,12,2015-04-01,2016-03-31,0
2016-01-29,66320,2016-03-31,3,,,,,,,,,,,,,,,,,,,,,,,,,,,,,,,,,139000201,49696,138730976,false,false,9,2015-04-01,2015-12-31,0
2016-01-29,66320,2015-03-31,3,,,,,,,,,,,,,,,,,,,,,,,,,,,,,,,,,,,138663038,false,false,9,2014-04-01,2014-12-31,-1
2016-04-22,66320,2016-03-31,,292000000000,-0.010,,,,,4200000000,-0.067,1000000000,0.000,3200000000,,1.133,23.06,,,,,,,,,,,,,,,,,,,,,,true,true,12,2015-04-01,2016-03-31,0
2016-04-22,66320,2015-03-31,,285010000000,,,,,,6570000000,,3176000000,,4654000000,,,33.56,,,,,,,,,,,,,,,,,,,,,,true,false,12,2014-04-01,2015-03-31,-1
2016-04-28,66320,2016-03-31,,292195000000,0.025,,,,,4221000000,-0.358,1018000000,-0.679,,3194000000,,23.02,,0.052,0.004,0.014,,255859000000,56818000000,0.202,371.19,51576000000,12258000000,-8395000000,-14967000000,41551000000,,0.217,,,,,,true,false,12,2015-04-01,2016-03-31,0
2016-04-28,66320,2015-03-31,,285010000000,-0.099,,,,,6570000000,0.486,3176000000,,,4654000000,,33.56,,0.075,0.012,0.023,,278669000000,79221000000,0.258,517.67,71779000000,8575000000,-3857000000,-7514000000,54452000000,,0.149,,,,,,true,false,12,2014-04-01,2015-03-31,-1
2016-04-28,66320,2017-03-31,,295000000000,0.010,,,,,4800000000,0.137,3300000000,2.239,,300000000,,2.16,,,,,,,,,,,,,,,,,,,,,,true,true,12,2016-04-01,2017-03-31,1
2016-04-28,66320,2016-03-31,,169191000000,-0.037,,,,,-3076000000,,1590000000,-0.657,1767000000,,-0.614,12.74,,,,,,222411000000,74151000000,0.333,533.65,74151000000,,,,,5.00,,,,139000201,50032,138785499,false,false,12,2015-04-01,2016-03-31,0
2016-04-28,66320,2015-03-31,,175667000000,-0.083,,,,,287000000,-0.132,4642000000,,4579000000,,,33.03,,,,,,220023000000,74154000000,0.337,534.79,74154000000,,,,,5.00,,,,139000201,340031,138662525,false,false,12,2014-04-01,2015-03-31,-1
2016-07-29,66320,2017-03-31,1,65699000000,-0.024,,,,,-1419000000,,-1524000000,,,-2794000000,,-20.11,,,,,,238278000000,46673000000,0.175,,41813000000,,,,,,,,,,,,true,false,3,2016-04-01,2016-06-30,0
2016-07-29,66320,2016-03-31,1,67283000000,0.012,,,,,-1099000000,,-1638000000,,,-2337000000,,-16.86,,,,,,,,,,,,,,,,,,,,,,true,false,3,2015-04-01,2015-06-30,-1
2016-07-29,66320,2017-03-31,1,295000000000,0.010,,,,,4800000000,0.137,3300000000,2.239,,300000000,,2.16,,,,,,,,,,,,,,,,,,,,,,true,true,12,2016-04-01,2017-03-31,0
2016-07-29,66320,2016-03-31,1,,,,,,,,,,,,,,,,,,,,255859000000,56818000000,0.202,,51576000000,,,,,,,,,,,,true,false,12,2015-04-01,2016-03-31,-1
2016-07-29,66320,2016-03-31,1,,,,,,,,,,,,,,,,,,,,,,,,,,,,,5.00,,,,139000201,50032,,false,false,12,2015-04-01,2016-03-31,-1
2016-07-29,66320,2017-03-31,1,,,,,,,,,,,,,,,,,,,,,,,,,,,,,,,,,139000201,50463,138949954,false,false,3,2016-04-01,2016-06-30,0
2016-07-29,66320,2016-03-31,1,,,,,,,,,,,,,,,,,,,,,,,,,,,,,,,,,,,138659677,false,false,3,2015-04-01,2015-06-30,-1
2016-10-31,66320,2017-03-31,2,136391000000,-0.021,,,,,-869000000,,-1725000000,,,-5979000000,,-43.03,,,,,,240541000000,43493000000,0.160,,38533000000,,,,,,,,,,,,true,false,6,2016-04-01,2016-09-30,0
2016-10-31,66320,2016-03-31,2,139384000000,0.029,,,,,-980000000,,-3093000000,,,-4775000000,,-34.45,,,,,,,,,,,,,,,,,,,,,,true,false,6,2015-04-01,2015-09-30,-1
2016-10-31,66320,2017-03-31,2,295000000000,0.010,,,,,4800000000,0.137,3300000000,2.239,,300000000,,2.16,,,,,,,,,,,,,,,,,,,,,,true,true,12,2016-04-01,2017-03-31,0
2016-10-31,66320,2016-03-31,2,,,,,,,,,,,,,,,,,,,,255859000000,56818000000,0.202,,51576000000,,,,,,,,,,,,true,false,12,2015-04-01,2016-03-31,-1
2016-10-31,66320,2016-03-31,2,,,,,,,,,,,,,,,,,,,,,,,,,,,,,5.00,,,,139000201,50032,,false,false,12,2015-04-01,2016-03-31,-1
2016-10-31,66320,2017-03-31,2,,,,,,,,,,,,,,,,,,,,,,,,,,,,,0.00,,,,,,,false,false,12,2016-04-01,2017-03-31,0
2016-10-31,66320,2017-03-31,2,,,,,,,,,,,,,,,,,,,,,,,,,,,,,,,,,139000201,50686,138949798,false,false,6,2016-04-01,2016-09-30,0
2016-10-31,66320,2016-03-31,2,,,,,,,,,,,,,,,,,,,,,,,,,,,,,,,,,,,138620283,false,false,6,2015-04-01,2015-09-30,-1
2016-10-31,66320,2017-03-31,2,136391000000,-0.021,,,,,-632000000,,-1488000000,,,-5742000000,,-41.33,,,,,,241288000000,44477000000,0.164,,39518000000,,,,,,,,,,,,true,false,6,2016-04-01,2016-09-30,0
2016-10-31,66320,2016-03-31,2,139384000000,0.029,,,,,-843000000,,-2957000000,,,-4638000000,,-33.46,,,,,,,,,,,,,,,,,,,,,,true,false,6,2015-04-01,2015-09-30,-1
2016-10-31,66320,2017-03-31,2,295000000000,0.010,,,,,4800000000,0.137,3300000000,2.239,,300000000,,2.16,,,,,,,,,,,,,,,,,,,,,,true,true,12,2016-04-01,2017-03-31,0
2016-10-31,66320,2016-03-31,2,,,,,,,,,,,,,,,,,,,,256334000000,57565000000,0.204,,52324000000,,,,,,,,,,,,true,false,12,2015-04-01,2016-03-31,-1
2016-10-31,66320,2016-03-31,2,,,,,,,,,,,,,,,,,,,,,,,,,,,,,5.00,,,,139000201,50032,,false,false,12,2015-04-01,2016-03-31,-1
2016-10-31,66320,2017-03-31,2,,,,,,,,,,,,,,,,,,,,,,,,,,,,,0.00,,,,,,,false,false,12,2016-04-01,2017-03-31,0
2016-10-31,66320,2017-03-31,2,,,,,,,,,,,,,,,,,,,,,,,,,,,,,,,,,139000201,50686,138949798,false,false,6,2016-04-01,2016-09-30,0
2016-10-31,66320,2016-03-31,2,,,,,,,,,,,,,,,,,,,,,,,,,,,,,,,,,,,138620283,false,false,6,2015-04-01,2015-09-30,-1
2016-07-29,66320,2017-03-31,1,65699000000,-0.024,,,,,-1300000000,,-1406000000,,,-2676000000,,-19.26,,,,,,238752000000,47539000000,0.179,,42679000000,,,,,,,,,,,,true,false,3,2016-04-01,2016-06-30,0
2016-07-29,66320,2016-03-31,1,67283000000,0.012,,,,,-1031000000,,-1569000000,,,-2269000000,,-16.37,,,,,,,,,,,,,,,,,,,,,,true,false,3,2015-04-01,2015-06-30,-1
2016-07-29,66320,2017-03-31,1,295000000000,0.010,,,,,4800000000,0.137,3300000000,2.239,,300000000,,2.16,,,,,,,,,,,,,,,,,,,,,,true,true,12,2016-04-01,2017-03-31,0
2016-07-29,66320,2016-03-31,1,,,,,,,,,,,,,,,,,,,,256334000000,57565000000,0.204,,52324000000,,,,,,,,,,,,true,false,12,2015-04-01,2016-03-31,-1
2016-07-29,66320,2016-03-31,1,,,,,,,,,,,,,,,,,,,,,,,,,,,,,5.00,,,,139000201,50032,,false,false,12,2015-04-01,2016-03-31,-1
2016-07-29,66320,2017-03-31,1,,,,,,,,,,,,,,,,,,,,,,,,,,,,,,,,,139000201,50463,138949954,false,false,3,2016-04-01,2016-06-30,0
2016-07-29,66320,2016-03-31,1,,,,,,,,,,,,,,,,,,,,,,,,,,,,,,,,,,,138659677,false,false,3,2015-04-01,2015-06-30,-1
2016-04-28,66320,2016-03-31,,292195000000,0.025,,,,,4494000000,-0.335,1291000000,-0.616,,3401000000,,24.51,,0.055,0.005,0.015,,256334000000,57565000000,0.204,376.57,52324000000,12258000000,-8395000000,-14967000000,41551000000,,0.204,,,,,,true,false,12,2015-04-01,2016-03-31,0
2016-04-28,66320,2015-03-31,,285010000000,-0.099,,,,,6757000000,0.471,3362000000,,,4795000000,,34.58,,0.077,0.012,0.024,,279041000000,79762000000,0.259,521.57,72320000000,8575000000,-3857000000,-7514000000,54452000000,,0.145,,,,,,true,false,12,2014-04-01,2015-03-31,-1
2016-04-28,66320,2017-03-31,,295000000000,0.010,,,,,4800000000,0.137,3300000000,2.239,,300000000,,2.16,,,,,,,,,,,,,,,,,,,,,,true,true,12,2016-04-01,2017-03-31,1
2016-04-28,66320,2016-03-31,,169191000000,-0.037,,,,,-2803000000,,1864000000,-0.614,1974000000,,-0.581,14.23,,,,,,222886000000,74898000000,0.336,539.03,74898000000,,,,,5.00,,,,139000201,50032,138785499,false,false,12,2015-04-01,2016-03-31,0
2016-04-28,66320,2015-03-31,,175667000000,-0.083,,,,,474000000,-0.055,4829000000,,4721000000,,,34.05,,,,,,220395000000,74695000000,0.339,538.69,74695000000,,,,,5.00,,,,139000201,340031,138662525,false,false,12,2014-04-01,2015-03-31,-1
2017-01-31,66320,2017-03-31,3,215812000000,0.006,,,,,1497000000,3.229,-256000000,,,-10742000000,,-77.31,,,,,,257296000000,50611000000,0.174,,44807000000,,,,,,,,,,,,true,false,9,2016-04-01,2016-12-31,0
2017-01-31,66320,2016-03-31,3,214540000000,0.037,,,,,354000000,-0.865,-2156000000,,,-5453000000,,-39.31,,,,,,,,,,,,,,,,,,,,,,true,false,9,2015-04-01,2015-12-31,-1
2017-01-31,66320,2017-03-31,3,297500000000,0.018,,,,,4800000000,0.068,2500000000,0.935,,-7300000000,,-52.54,,,,,,,,,,,,,,,,,,,,,,true,true,12,2016-04-01,2017-03-31,0
2017-01-31,66320,2016-03-31,3,,,,,,,,,,,,,,,,,,,,256334000000,57565000000,0.204,,52324000000,,,,,,,,,,,,true,false,12,2015-04-01,2016-03-31,-1
2017-01-31,66320,2016-03-31,3,,,,,,,,,,,,,,,,,,,,,,,,,,,,,5.00,,,,139000201,50032,,false,false,12,2015-04-01,2016-03-31,-1
2017-01-31,66320,2017-03-31,3,,,,,,,,,,,,,,,,,,,,,,,,,,,,,0.00,,,,,,,false,false,12,2016-04-01,2017-03-31,0
2017-01-31,66320,2017-03-31,3,,,,,,,,,,,,,,,,,,,,,,,,,,,,,5.00,,,,,,,false,true,12,2016-04-01,2017-03-31,0
2017-01-31,66320,2017-03-31,3,,,,,,,,,,,,,,,,,,,,,,,,,,,,,,,,,139000201,51326,138949635,false,false,9,2016-04-01,2016-12-31,0
2017-01-31,66320,2016-03-31,3,,,,,,,,,,,,,,,,,,,,,,,,,,,,,,,,,,,138730976,false,false,9,2015-04-01,2015-12-31,-1
2017-01-31,66320,2017-03-31,,297500000000,0.008,,,,,4800000000,0.000,2500000000,-0.242,-7300000000,,,-52.54,,,,,,,,,,,,,,,,,,,,,,true,true,12,2016-04-01,2017-03-31,0
2017-01-31,66320,2016-03-31,,292195000000,,,,,,4494000000,,1291000000,,3401000000,,,24.51,,,,,,,,,,,,,,,,,,,,,,true,false,12,2015-04-01,2016-03-31,-1
2017-01-31,66320,2017-03-31,,,,,,,,,,,,,,,,,,,,,,,,,,,,,,5.00,,,,,,,false,true,12,2016-04-01,2017-03-31,0
2017-01-31,66320,2017-03-31,,,,,,,,,,,,,,,,,,,,,,,,,,,,,,0.00,,,,,,,false,false,12,2016-04-01,2017-03-31,0
2017-01-31,66320,2016-03-31,,,,,,,,,,,,,,,,,,,,,,,,,,,,,,5.00,,,,,,,false,false,12,2015-04-01,2016-03-31,-1
2017-04-21,66320,2017-03-31,,299200000000,0.006,,,,,5700000000,0.188,3500000000,0.400,,-6900000000,,-49.66,,,,,,,,,,,,,,,,,,,,,,true,true,12,2016-04-01,2017-03-31,0
2017-04-21,66320,2016-03-31,,292195000000,,,,,,4494000000,,1291000000,,,3401000000,,24.51,,,,,,,,,,,,,,,,,,,,,,true,false,12,2015-04-01,2016-03-31,-1
2017-04-27,66320,2017-03-31,,299278000000,0.024,,,,,5781000000,0.286,3616000000,1.800,,-6727000000,,-48.42,,-0.124,0.014,0.019,,262297000000,61514000000,0.214,403.31,56039000000,15369000000,-14390000000,-1083000000,40681000000,,,,,,,,true,false,12,2016-04-01,2017-03-31,0
2017-04-27,66320,2016-03-31,,292195000000,0.025,,,,,4494000000,-0.335,1291000000,-0.616,,3401000000,,24.51,,0.055,0.005,0.015,,256334000000,57565000000,0.204,376.57,52324000000,12258000000,-8395000000,-14967000000,41551000000,,0.204,,,,,,true,false,12,2015-04-01,2016-03-31,-1
2017-04-27,66320,2018-03-31,,295000000000,-0.014,,,,,6400000000,0.107,4400000000,0.217,,1400000000,,10.08,,,,,,,,,,,,,,,,0.496,,,,,,true,true,12,2017-04-01,2018-03-31,1
2017-04-27,66320,2017-03-31,,160049000000,-0.054,,,,,-5316000000,,-5026000000,,-12422000000,,,-89.40,,,,,,205680000000,63792000000,0.310,459.11,63792000000,,,,,5.00,,,,139000201,51849,138949380,false,false,12,2016-04-01,2017-03-31,0
2017-04-27,66320,2016-03-31,,169191000000,-0.037,,,,,-2803000000,,1864000000,-0.614,1974000000,,-0.581,14.23,,,,,,222886000000,74898000000,0.336,539.03,74898000000,,,,,5.00,,,,139000201,50032,138785499,false,false,12,2015-04-01,2016-03-31,-1
2017-04-27,66320,2018-03-31,,,,,,,,,,,,,,,,,,,,,,,,,,,,,,5.00,,,,,,,false,true,12,2017-04-01,2018-03-31,1
2017-07-31,66320,2018-03-31,1,69298000000,0.055,,,,,-261000000,,-300000000,,,-1195000000,,-8.60,,,,,,260083000000,60458000000,0.211,,54887000000,,,,,,,,,,,,true,false,3,2017-04-01,2017-06-30,0
2017-07-31,66320,2017-03-31,1,65699000000,-0.024,,,,,-1300000000,,-1406000000,,,-2676000000,,-19.26,,,,,,,,,,,,,,,,,,,,,,true,false,3,2016-04-01,2016-06-30,-1
2017-07-31,66320,2018-03-31,1,295000000000,-0.014,,,,,6400000000,0.107,4400000000,0.217,,1400000000,,10.08,,,,,,,,,,,,,,,,,,,,,,true,true,12,2017-04-01,2018-03-31,0
2017-07-31,66320,2017-03-31,1,,,,,,,,,,,,,,,,,,,,262297000000,61514000000,0.214,,56039000000,,,,,,,,,,,,true,false,12,2016-04-01,2017-03-31,-1
2017-07-31,66320,2017-03-31,1,,,,,,,,,,,,,,,,,,,,,,,,,,,,,5.00,,,,139000201,51849,,false,false,12,2016-04-01,2017-03-31,-1
2017-07-31,66320,2018-03-31,1,,,,,,,,,,,,,,,,,,,,,,,,,,,,,5.00,,,,,,,false,true,12,2017-04-01,2018-03-31,0
2017-07-31,66320,2018-03-31,1,,,,,,,,,,,,,,,,,,,,,,,,,,,,,,,,,139000201,52697,138948051,false,false,3,2017-04-01,2017-06-30,0
2017-07-31,66320,2017-03-31,1,,,,,,,,,,,,,,,,,,,,,,,,,,,,,,,,,,,138949954,false,false,3,2016-04-01,2016-06-30,-1
2017-10-31,66320,2018-03-31,2,142468000000,0.045,,,,,1126000000,,652000000,,,-288000000,,-2.07,,,,,,267105000000,63745000000,0.217,,57983000000,,,,,,,,,,,,true,false,6,2017-04-01,2017-09-30,0
2017-10-31,66320,2017-03-31,2,136391000000,-0.021,,,,,-632000000,,-1488000000,,,-5742000000,,-41.33,,,,,,,,,,,,,,,,,,,,,,true,false,6,2016-04-01,2016-09-30,-1
2017-10-31,66320,2018-03-31,2,295000000000,-0.014,,,,,6400000000,0.107,4400000000,0.217,,1400000000,,10.08,,,,,,,,,,,,,,,,,,,,,,true,true,12,2017-04-01,2018-03-31,0
2017-10-31,66320,2017-03-31,2,,,,,,,,,,,,,,,,,,,,262297000000,61514000000,0.214,,56039000000,,,,,,,,,,,,true,false,12,2016-04-01,2017-03-31,-1
2017-10-31,66320,2017-03-31,2,,,,,,,,,,,,,,,,,,,,,,,,,,,,,5.00,,,,139000201,51849,,false,false,12,2016-04-01,2017-03-31,-1
2017-10-31,66320,2018-03-31,2,,,,,,,,,,,,,,,,,,,,,,,,,,,,,0.00,,,,,,,false,false,12,2017-04-01,2018-03-31,0
2017-10-31,66320,2018-03-31,2,,,,,,,,,,,,,,,,,,,,,,,,,,,,,5.00,,,,,,,false,true,12,2017-04-01,2018-03-31,0
2017-10-31,66320,2018-03-31,2,,,,,,,,,,,,,,,,,,,,,,,,,,,,,,,,,139000201,53484,138947550,false,false,6,2017-04-01,2017-09-30,0
2017-10-31,66320,2017-03-31,2,,,,,,,,,,,,,,,,,,,,,,,,,,,,,,,,,,,138949798,false,false,6,2016-04-01,2016-09-30,-1
2018-01-31,66320,2018-03-31,3,217669000000,0.009,,,,,2184000000,0.459,1718000000,,,1828000000,,13.16,,,,,,254849000000,65589000000,0.244,,62084000000,,,,,,,,,,,,true,false,9,2017-04-01,2017-12-31,0
2018-01-31,66320,2017-03-31,3,215812000000,0.006,,,,,1497000000,3.229,-256000000,,,-10742000000,,-77.31,,,,,,,,,,,,,,,,,,,,,,true,false,9,2016-04-01,2016-12-31,-1
2018-01-31,66320,2018-03-31,3,295000000000,-0.014,,,,,6400000000,0.107,5000000000,0.382,,2500000000,,17.99,,,,,,,,,,,,,,,,,,,,,,true,true,12,2017-04-01,2018-03-31,0
2018-01-31,66320,2017-03-31,3,,,,,,,,,,,,,,,,,,,,262297000000,61514000000,0.214,,56039000000,,,,,,,,,,,,true,false,12,2016-04-01,2017-03-31,-1
2018-01-31,66320,2017-03-31,3,,,,,,,,,,,,,,,,,,,,,,,,,,,,,5.00,,,,139000201,51849,,false,false,12,2016-04-01,2017-03-31,-1
2018-01-31,66320,2018-03-31,3,,,,,,,,,,,,,,,,,,,,,,,,,,,,,0.00,,,,,,,false,false,12,2017-04-01,2018-03-31,0
2018-01-31,66320,2018-03-31,3,,,,,,,,,,,,,,,,,,,,,,,,,,,,,6.00,,,,,,,false,true,12,2017-04-01,2018-03-31,0
2018-01-31,66320,2018-03-31,3,,,,,,,,,,,,,,,,,,,,,,,,,,,,,,,,,139000201,54313,138947131,false,false,9,2017-04-01,2017-12-31,0
2018-01-31,66320,2017-03-31,3,,,,,,,,,,,,,,,,,,,,,,,,,,,,,,,,,,,138949635,false,false,9,2016-04-01,2016-12-31,-1
2018-01-31,66320,2018-03-31,,295000000000,,,,,,6400000000,,5000000000,0.136,,2500000000,,17.99,,,,,,,,,,,,,,,,,,,,,,true,true,12,2017-04-01,2018-03-31,0
2018-01-31,66320,2017-03-31,,299278000000,,,,,,5781000000,,3616000000,,,-6727000000,,-48.42,,,,,,,,,,,,,,,,,,,,,,true,false,12,2016-04-01,2017-03-31,-1
2018-01-31,66320,2018-03-31,,,,,,,,,,,,,,,,,,,,,,,,,,,,,,6.00,,,,,,,false,true,12,2017-04-01,2018-03-31,0
2018-01-31,66320,2018-03-31,,,,,,,,,,,,,,,,,,,,,,,,,,,,,,0.00,,,,,,,false,false,12,2017-04-01,2018-03-31,0
2018-01-31,66320,2017-03-31,,,,,,,,,,,,,,,,,,,,,,,,,,,,,,5.00,,,,,,,false,false,12,2016-04-01,2017-03-31,-1
2018-04-23,66320,2018-03-31,,302000000000,0.024,,,,,6600000000,0.031,5800000000,0.160,,4000000000,,28.79,,,,,,,,,,,,,,,,,,,,,,true,true,12,2017-04-01,2018-03-31,0
2018-04-23,66320,2017-03-31,,299278000000,,,,,,5781000000,,3616000000,,,-6727000000,,-48.42,,,,,,,,,,,,,,,,,,,,,,true,false,12,2016-04-01,2017-03-31,-1
2018-04-26,66320,2018-03-31,,302434000000,0.011,,,,,6682000000,0.156,5803000000,0.605,,3936000000,,28.33,,0.066,0.022,0.022,,254342000000,65816000000,0.247,451.64,62752000000,13678000000,-10752000000,-6463000000,37006000000,,0.212,,,,,,true,false,12,2017-04-01,2018-03-31,0
2018-04-26,66320,2017-03-31,,299278000000,0.024,,,,,5781000000,0.286,3616000000,1.800,,-6727000000,,-48.42,,-0.124,0.014,0.019,,262297000000,61514000000,0.214,403.31,56039000000,15369000000,-14390000000,-1083000000,40681000000,,,,,,,,true,false,12,2016-04-01,2017-03-31,-1
2018-04-26,66320,2018-03-31,,170283000000,0.064,,,,,586000000,,3932000000,,8806000000,,,63.38,,,,,,206434000000,71136000000,0.345,511.98,71136000000,,,,,6.00,,,,139000201,55050,138946717,false,false,12,2017-04-01,2018-03-31,0
2018-04-26,66320,2017-03-31,,160049000000,-0.054,,,,,-5316000000,,-5026000000,,-12422000000,,,-89.40,,,,,,205680000000,63792000000,0.310,459.11,63792000000,,,,,5.00,,,,139000201,51849,138949380,false,false,12,2016-04-01,2017-03-31,-1
2018-04-26,66320,2019-03-31,,,,,,,,7100000000,,,,,2700000000,,19.43,,,,,,,,,,,,,,,,0.309,,,,,,true,true,12,2018-04-01,2019-03-31,1
2018-04-26,66320,2019-03-31,,,,,,,,,,,,,,,,,,,,,,,,,,,,,,6.00,,,,,,,false,true,12,2018-04-01,2019-03-31,1
2018-06-22,66320,2018-03-31,,170283000000,0.064,,,,,586000000,,3932000000,,8806000000,,,63.38,,,,,,206434000000,71136000000,0.345,511.98,71136000000,,,,,6.00,,,,139000201,55050,138946717,false,false,12,2017-04-01,2018-03-31,0
2018-06-22,66320,2017-03-31,,160049000000,-0.054,,,,,-5316000000,,-5026000000,,-12422000000,,,-89.40,,,,,,205680000000,63792000000,0.310,459.11,63792000000,,,,,5.00,,,,139000201,51849,138949380,false,false,12,2016-04-01,2017-03-31,-1
2018-06-22,66320,2018-03-31,,,,,,,,6942000000,,,,,2393000000,,17.23,,,,,,239877000000,,,,,18379000000,-14835000000,-7043000000,,,0.348,,,,,,true,false,12,2017-04-01,2018-03-31,0
2018-06-22,66320,2017-03-31,,,,,,,,-128000000,,,,,-3114000000,,-22.42,,,,,,241696000000,,,,,19624000000,-17690000000,-2052000000,,,,,,,,,true,false,12,2016-04-01,2017-03-31,-1
2018-06-22,66320,2019-03-31,,,,,,,,7100000000,0.023,,,,2700000000,,19.43,,,,,,,,,,,,,,,,0.309,,,,,,true,true,12,2018-04-01,2019-03-31,1
2018-06-22,66320,2019-03-31,,,,,,,,,,,,,,,,,,,,,,,,,,,,,,6.00,,,,,,,false,true,12,2018-04-01,2019-03-31,1
2018-07-31,66320,2019-03-31,1,,,,,,,1000000000,8.635,,,,272000000,,1.96,1.96,,,,,235671000000,,,,,,,,,,,,,,,,true,false,3,2018-04-01,2018-06-30,0
2018-07-31,66320,2018-03-31,1,,,,,,,103000000,,,,,-740000000,,-5.33,,,,,,,,,,,,,,,,,,,,,,true,false,3,2017-04-01,2017-06-30,-1
2018-07-31,66320,2019-03-31,1,,,,,,,7100000000,0.023,,,,2700000000,,19.43,,,,,,,,,,,,,,,,,,,,,,true,true,12,2018-04-01,2019-03-31,0
2018-07-31,66320,2018-03-31,1,,,,,,,,,,,,,,,,,,,,239933000000,,,,,,,,,,,,,,,,true,false,12,2017-04-01,2018-03-31,-1
2018-07-31,66320,2018-03-31,1,,,,,,,,,,,,,,,,,,,,,,,,,,,,,6.00,,,,139000201,55050,,false,false,12,2017-04-01,2018-03-31,-1
2018-07-31,66320,2019-03-31,1,,,,,,,,,,,,,,,,,,,,,,,,,,,,,6.00,,,,,,,false,true,12,2018-04-01,2019-03-31,0
2018-07-31,66320,2019-03-31,1,,,,,,,,,,,,,,,,,,,,,,,,,,,,,,,,,141000201,55656,139164744,false,false,3,2018-04-01,2018-06-30,0
2018-07-31,66320,2018-03-31,1,,,,,,,,,,,,,,,,,,,,,,,,,,,,,,,,,,,138948051,false,false,3,2017-04-01,2017-06-30,-1
2018-10-31,66320,2019-03-31,2,,,,,,,3516000000,0.491,,,,1771000000,,12.24,12.19,,,,,251412000000,,,,,,,,,,,,,,,,true,false,6,2018-04-01,2018-09-30,0
2018-10-31,66320,2018-03-31,2,,,,,,,2357000000,,,,,835000000,,6.01,,,,,,,,,,,,,,,,,,,,,,true,false,6,2017-04-01,2017-09-30,-1
2018-10-31,66320,2019-03-31,2,,,,,,,7100000000,0.023,,,,2700000000,,19.43,,,,,,,,,,,,,,,,,,,,,,true,true,12,2018-04-01,2019-03-31,0
2018-10-31,66320,2018-03-31,2,,,,,,,,,,,,,,,,,,,,239933000000,,,,,,,,,,,,,,,,true,false,12,2017-04-01,2018-03-31,-1
2018-10-31,66320,2018-03-31,2,,,,,,,,,,,,,,,,,,,,,,,,,,,,,6.00,,,,139000201,55050,,false,false,12,2017-04-01,2018-03-31,-1
2018-10-31,66320,2019-03-31,2,,,,,,,,,,,,,,,,,,,,,,,,,,,,,0.00,,,,,,,false,false,12,2018-04-01,2019-03-31,0
2018-10-31,66320,2019-03-31,2,,,,,,,,,,,,,,,,,,,,,,,,,,,,,6.00,,,,,,,false,true,12,2018-04-01,2019-03-31,0
2018-10-31,66320,2019-03-31,2,,,,,,,,,,,,,,,,,,,,,,,,,,,,,,,,,157300201,55905,144793889,false,false,6,2018-04-01,2018-09-30,0
2018-10-31,66320,2018-03-31,2,,,,,,,,,,,,,,,,,,,,,,,,,,,,,,,,,,,138947550,false,false,6,2017-04-01,2017-09-30,-1
2019-01-31,66320,2019-03-31,3,,,,,,,6359000000,0.350,,,,3540000000,,23.51,23.45,,,,,250505000000,,,,,,,,,,,,,,,,true,false,9,2018-04-01,2018-12-31,0
2019-01-31,66320,2018-03-31,3,,,,,,,4710000000,,,,,1514000000,,10.90,,,,,,,,,,,,,,,,,,,,,,true,false,9,2017-04-01,2017-12-31,-1
2019-01-31,66320,2019-03-31,3,,,,,,,7100000000,0.023,,,,2700000000,,19.43,,,,,,,,,,,,,,,,,,,,,,true,true,12,2018-04-01,2019-03-31,0
2019-01-31,66320,2018-03-31,3,,,,,,,,,,,,,,,,,,,,239933000000,,,,,,,,,,,,,,,,true,false,12,2017-04-01,2018-03-31,-1
2019-01-31,66320,2018-03-31,3,,,,,,,,,,,,,,,,,,,,,,,,,,,,,6.00,,,,139000201,55050,,false,false,12,2017-04-01,2018-03-31,-1
2019-01-31,66320,2019-03-31,3,,,,,,,,,,,,,,,,,,,,,,,,,,,,,0.00,,,,,,,false,false,12,2018-04-01,2019-03-31,0
2019-01-31,66320,2019-03-31,3,,,,,,,,,,,,,,,,,,,,,,,,,,,,,6.00,,,,,,,false,true,12,2018-04-01,2019-03-31,0
2019-01-31,66320,2019-03-31,3,,,,,,,,,,,,,,,,,,,,,,,,,,,,,,,,,164000201,56272,150610678,false,false,9,2018-04-01,2018-12-31,0
2019-01-31,66320,2018-03-31,3,,,,,,,,,,,,,,,,,,,,,,,,,,,,,,,,,,,138947131,false,false,9,2017-04-01,2017-12-31,-1
2019-04-26,66320,2019-03-31,,175873000000,0.033,,,,,-1415000000,,1554000000,-0.605,850000000,,-0.903,5.53,5.52,,,,,211766000000,79561000000,0.376,485.30,79561000000,,,,,6.00,,,,164000201,56643,153898299,false,false,12,2018-04-01,2019-03-31,0
2019-04-26,66320,2018-03-31,,170283000000,0.064,,,,,586000000,,3932000000,,8806000000,,,63.38,,,,,,205276000000,71387000000,0.348,513.78,71387000000,,,,,6.00,,,,139000201,55050,138946717,false,false,12,2017-04-01,2018-03-31,-1
2019-04-26,66320,2019-03-31,,,,,,,,7263000000,0.047,,,,3847000000,,25.00,24.96,,,,,250617000000,,,,,20983000000,-25768000000,8479000000,,,0.240,,,,,,true,false,12,2018-04-01,2019-03-31,0
2019-04-26,66320,2018-03-31,,,,,,,,6937000000,,,,,2389000000,,17.20,,,,,,239933000000,,,,,18379000000,-14835000000,-7043000000,,,0.349,,,,,,true,false,12,2017-04-01,2018-03-31,-1
2019-04-26,66320,2020-03-31,,,,,,,,7400000000,0.019,,,,4000000000,,24.40,,,,,,,,,,,,,,,,0.246,,,,,,true,true,12,2019-04-01,2020-03-31,1
2019-04-26,66320,2020-03-31,,,,,,,,,,,,,,,,,,,,,,,,,,,,,,6.00,,,,,,,false,true,12,2019-04-01,2020-03-31,1
2019-08-06,66320,2020-03-31,1,,,,,,,1771000000,0.779,,,,882000000,,5.39,,,,,,254718000000,,,,,,,,,,,,,,,,true,false,3,2019-04-01,2019-06-30,0
2019-08-06,66320,2019-03-31,1,,,,,,,995000000,,,,,269000000,,1.94,1.93,,,,,,,,,,,,,,,,,,,,,true,false,3,2018-04-01,2018-06-30,-1
2019-08-06,66320,2020-03-31,1,,,,,,,7400000000,0.019,,,,4000000000,,24.40,,,,,,,,,,,,,,,,,,,,,,true,true,12,2019-04-01,2020-03-31,0
2019-08-06,66320,2019-03-31,1,,,,,,,,,,,,,,,,,,,,250617000000,,,,,,,,,,,,,,,,true,false,12,2018-04-01,2019-03-31,-1
2019-08-06,66320,2019-03-31,1,,,,,,,,,,,,,,,,,,,,,,,,,,,,,6.00,,,,164000201,56643,,false,false,12,2018-04-01,2019-03-31,-1
2019-08-06,66320,2020-03-31,1,,,,,,,,,,,,,,,,,,,,,,,,,,,,,6.00,,,,,,,false,true,12,2019-04-01,2020-03-31,0
2019-08-06,66320,2020-03-31,1,,,,,,,,,,,,,,,,,,,,,,,,,,,,,,,,,164000201,57189,163943226,false,false,3,2019-04-01,2019-06-30,0
2019-08-06,66320,2019-03-31,1,,,,,,,,,,,,,,,,,,,,,,,,,,,,,,,,,,,139164744,false,false,3,2018-04-01,2018-06-30,-1
2019-10-31,66320,2020-03-31,2,,,,,,,3177000000,-0.094,,,,1203000000,,7.34,,,,,,255401000000,,,,,,,,,,,,,,,,true,false,6,2019-04-01,2019-09-30,0
2019-10-31,66320,2019-03-31,2,,,,,,,3505000000,,,,,1764000000,,12.18,12.14,,,,,,,,,,,,,,,,,,,,,true,false,6,2018-04-01,2018-09-30,-1
2019-10-31,66320,2020-03-31,2,,,,,,,7400000000,0.019,,,,4000000000,,24.40,,,,,,,,,,,,,,,,,,,,,,true,true,12,2019-04-01,2020-03-31,0
2019-10-31,66320,2019-03-31,2,,,,,,,,,,,,,,,,,,,,250617000000,,,,,,,,,,,,,,,,true,false,12,2018-04-01,2019-03-31,-1
2019-10-31,66320,2019-03-31,2,,,,,,,,,,,,,,,,,,,,,,,,,,,,,6.00,,,,164000201,56643,,false,false,12,2018-04-01,2019-03-31,-1
2019-10-31,66320,2020-03-31,2,,,,,,,,,,,,,,,,,,,,,,,,,,,,,0.00,,,,,,,false,false,12,2019-04-01,2020-03-31,0
2019-10-31,66320,2020-03-31,2,,,,,,,,,,,,,,,,,,,,,,,,,,,,,6.00,,,,,,,false,true,12,2019-04-01,2020-03-31,0
2019-10-31,66320,2020-03-31,2,,,,,,,,,,,,,,,,,,,,,,,,,,,,,,,,,164000201,57705,163943003,false,false,6,2019-04-01,2019-09-30,0
2019-10-31,66320,2019-03-31,2,,,,,,,,,,,,,,,,,,,,,,,,,,,,,,,,,,,144793889,false,false,6,2018-04-01,2018-09-30,-1
2020-01-31,66320,2020-03-31,3,,,,,,,4203000000,-0.339,,,,1720000000,,10.50,,,,,,259509000000,,,,,,,,,,,,,,,,true,false,9,2019-04-01,2019-12-31,0
2020-01-31,66320,2019-03-31,3,,,,,,,6359000000,0.350,,,,3540000000,,23.51,23.45,,,,,,,,,,,,,,,,,,,,,true,false,9,2018-04-01,2018-12-31,-1
2020-01-31,66320,2020-03-31,3,,,,,,,7400000000,0.019,,,,4000000000,,24.40,,,,,,,,,,,,,,,,,,,,,,true,true,12,2019-04-01,2020-03-31,0
2020-01-31,66320,2019-03-31,3,,,,,,,,,,,,,,,,,,,,250617000000,,,,,,,,,,,,,,,,true,false,12,2018-04-01,2019-03-31,-1
2020-01-31,66320,2019-03-31,3,,,,,,,,,,,,,,,,,,,,,,,,,,,,,6.00,,,,164000201,56643,,false,false,12,2018-04-01,2019-03-31,-1
2020-01-31,66320,2020-03-31,3,,,,,,,,,,,,,,,,,,,,,,,,,,,,,0.00,,,,,,,false,false,12,2019-04-01,2020-03-31,0
2020-01-31,66320,2020-03-31,3,,,,,,,,,,,,,,,,,,,,,,,,,,,,,6.00,,,,,,,false,true,12,2019-04-01,2020-03-31,0
2020-01-31,66320,2020-03-31,3,,,,,,,,,,,,,,,,,,,,,,,,,,,,,,,,,164000201,58040,163942779,false,false,9,2019-04-01,2019-12-31,0
2020-01-31,66320,2019-03-31,3,,,,,,,,,,,,,,,,,,,,,,,,,,,,,,,,,,,150610678,false,false,9,2018-04-01,2018-12-31,-1
2020-04-27,66320,2020-03-31,,,,,,,,4000000000,-0.459,,,,900000000,,5.49,,,,,,,,,,,,,,,,,,,,,,true,true,12,2019-04-01,2020-03-31,0
2020-04-27,66320,2019-03-31,,,,,,,,7263000000,,,,,3847000000,,25.00,,,,,,,,,,,,,,,,,,,,,,true,false,12,2018-04-01,2019-03-31,-1
2020-04-27,66320,2020-03-31,,,,,,,,,,,,,,,,,,,,,,,,,,,,,,5.00,,,,,,,false,true,12,2019-04-01,2020-03-31,0
2020-04-27,66320,2020-03-31,,,,,,,,,,,,,,,,,,,,,,,,,,,,,,0.00,,,,,,,false,false,12,2019-04-01,2020-03-31,0
2020-04-27,66320,2019-03-31,,,,,,,,,,,,,,,,,,,,,,,,,,,,,,6.00,,,,,,,false,false,12,2018-04-01,2019-03-31,-1
2020-05-20,66320,2020-03-31,,162290000000,-0.077,,,,,-2709000000,,697000000,-0.551,-1830000000,,,-11.17,,,,,,211805000000,77117000000,0.364,470.39,77117000000,,,,,5.00,,,,164000201,58449,163942567,false,false,12,2019-04-01,2020-03-31,0
2020-05-20,66320,2019-03-31,,175873000000,0.033,,,,,-1415000000,,1554000000,-0.605,850000000,,-0.903,5.53,5.52,,,,,211766000000,79561000000,0.376,485.30,79561000000,,,,,6.00,,,,164000201,56643,153898299,false,false,12,2018-04-01,2019-03-31,-1
2020-05-20,66320,2020-03-31,,,,,,,,4080000000,-0.438,,,,954000000,,5.82,,,,,,249660000000,,,,,21642000000,-19675000000,-1665000000,,,0.859,,,,,,true,false,12,2019-04-01,2020-03-31,0
2020-05-20,66320,2019-03-31,,,,,,,,7263000000,0.047,,,,3847000000,,25.00,24.96,,,,,250617000000,,,,,20983000000,-25768000000,8479000000,,,0.240,,,,,,true,false,12,2018-04-01,2019-03-31,-1
2020-08-03,66320,2021-03-31,1,,,,,,,-3073000000,,,,,-3584000000,,-21.86,,,,,,234309000000,,,,,,,,,,,,,,,,true,false,3,2020-04-01,2020-06-30,0
2020-08-03,66320,2020-03-31,1,,,,,,,1771000000,0.779,,,,882000000,,5.39,,,,,,,,,,,,,,,,,,,,,,true,false,3,2019-04-01,2019-06-30,-1
2020-08-03,66320,2021-03-31,1,,,,,,,2000000000,-0.510,,,,-1400000000,,-8.54,,,,,,,,,,,,,,,,,,,,,,true,true,12,2020-04-01,2021-03-31,0
2020-08-03,66320,2020-03-31,1,,,,,,,,,,,,,,,,,,,,249660000000,,,,,,,,,,,,,,,,true,false,12,2019-04-01,2020-03-31,-1
2020-08-03,66320,2020-03-31,1,,,,,,,,,,,,,,,,,,,,,,,,,,,,,5.00,,,,164000201,58449,,false,false,12,2019-04-01,2020-03-31,-1
2020-08-03,66320,2021-03-31,1,,,,,,,,,,,,,,,,,,,,,,,,,,,,,5.00,,,,,,,false,true,12,2020-04-01,2021-03-31,0
2020-08-03,66320,2021-03-31,1,,,,,,,,,,,,,,,,,,,,,,,,,,,,,,,,,164000201,58645,163941704,false,false,3,2020-04-01,2020-06-30,0
2020-08-03,66320,2020-03-31,1,,,,,,,,,,,,,,,,,,,,,,,,,,,,,,,,,,,163943226,false,false,3,2019-04-01,2019-06-30,-1
2020-08-03,66320,2021-03-31,,,,,,,,2000000000,,,,,-1400000000,,-8.54,,,,,,,,,,,,,,,,,,,,,,true,true,12,2020-04-01,2021-03-31,0
2020-08-03,66320,2020-03-31,,,,,,,,4080000000,,,,,954000000,,5.82,,,,,,,,,,,,,,,,,,,,,,true,false,12,2019-04-01,2020-03-31,-1
2020-08-03,66320,2021-03-31,,,,,,,,,,,,,,,,,,,,,,,,,,,,,,5.00,,,,,,,false,true,12,2020-04-01,2021-03-31,0
2020-08-03,66320,2020-03-31,,,,,,,,,,,,,,,,,,,,,,,,,,,,,,5.00,,,,,,,false,false,12,2019-04-01,2020-03-31,-1
2020-10-30,66320,2021-03-31,2,,,,,,,-3352000000,,,,,-4292000000,,-26.18,,,,,,245779000000,,,,,,,,,,,,,,,,true,false,6,2020-04-01,2020-09-30,0
2020-10-30,66320,2020-03-31,2,,,,,,,3177000000,-0.094,,,,1203000000,,7.34,,,,,,,,,,,,,,,,,,,,,,true,false,6,2019-04-01,2019-09-30,-1
2020-10-30,66320,2021-03-31,2,,,,,,,2000000000,-0.510,,,,-1400000000,,-8.54,,,,,,,,,,,,,,,,,,,,,,true,true,12,2020-04-01,2021-03-31,0
2020-10-30,66320,2020-03-31,2,,,,,,,,,,,,,,,,,,,,249660000000,,,,,,,,,,,,,,,,true,false,12,2019-04-01,2020-03-31,-1
2020-10-30,66320,2020-03-31,2,,,,,,,,,,,,,,,,,,,,,,,,,,,,,5.00,,,,164000201,58449,,false,false,12,2019-04-01,2020-03-31,-1
2020-10-30,66320,2021-03-31,2,,,,,,,,,,,,,,,,,,,,,,,,,,,,,0.00,,,,,,,false,false,12,2020-04-01,2021-03-31,0
2020-10-30,66320,2021-03-31,2,,,,,,,,,,,,,,,,,,,,,,,,,,,,,5.00,,,,,,,false,true,12,2020-04-01,2021-03-31,0
2020-10-30,66320,2021-03-31,2,,,,,,,,,,,,,,,,,,,,,,,,,,,,,,,,,164000201,59016,163941516,false,false,6,2020-04-01,2020-09-30,0
2020-10-30,66320,2020-03-31,2,,,,,,,,,,,,,,,,,,,,,,,,,,,,,,,,,,,163943003,false,false,6,2019-04-01,2019-09-30,-1
2021-01-29,66320,2021-03-31,3,,,,,,,2058000000,-0.510,,,,497000000,,3.03,,,,,,261679000000,,,,,,,,,,,,,,,,true,false,9,2020-04-01,2020-12-31,0
2021-01-29,66320,2020-03-31,3,,,,,,,4203000000,-0.339,,,,1720000000,,10.50,,,,,,,,,,,,,,,,,,,,,,true,false,9,2019-04-01,2019-12-31,-1
2021-01-29,66320,2021-03-31,3,,,,,,,2000000000,-0.510,,,,-1400000000,,-8.54,,,,,,,,,,,,,,,,,,,,,,true,true,12,2020-04-01,2021-03-31,0
2021-01-29,66320,2020-03-31,3,,,,,,,,,,,,,,,,,,,,249660000000,,,,,,,,,,,,,,,,true,false,12,2019-04-01,2020-03-31,-1
2021-01-29,66320,2020-03-31,3,,,,,,,,,,,,,,,,,,,,,,,,,,,,,5.00,,,,164000201,58449,,false,false,12,2019-04-01,2020-03-31,-1
2021-01-29,66320,2021-03-31,3,,,,,,,,,,,,,,,,,,,,,,,,,,,,,0.00,,,,,,,false,false,12,2020-04-01,2021-03-31,0
2021-01-29,66320,2021-03-31,3,,,,,,,,,,,,,,,,,,,,,,,,,,,,,5.00,,,,,,,false,true,12,2020-04-01,2021-03-31,0
2021-01-29,66320,2021-03-31,3,,,,,,,,,,,,,,,,,,,,,,,,,,,,,,,,,164000201,59622,163941324,false,false,9,2020-04-01,2020-12-31,0
2021-01-29,66320,2020-03-31,3,,,,,,,,,,,,,,,,,,,,,,,,,,,,,,,,,,,163942779,false,false,9,2019-04-01,2019-12-31,-1
2021-04-21,66320,2021-03-31,,,,,,,,4800000000,1.400,,,,2000000000,,12.20,,,,,,,,,,,,,,,,,,,,,,true,true,12,2020-04-01,2021-03-31,0
2021-04-21,66320,2020-03-31,,,,,,,,4080000000,,,,,954000000,,5.82,,,,,,,,,,,,,,,,,,,,,,true,false,12,2019-04-01,2020-03-31,-1
2021-04-27,66320,2021-03-31,,148419000000,-0.085,,,,,-3365000000,,281000000,-0.597,-3758000000,,,-22.92,,,,,,214553000000,72779000000,0.339,443.94,72779000000,,,,,5.00,,,,164000201,59758,163941137,false,false,12,2020-04-01,2021-03-31,0
2021-04-27,66320,2020-03-31,,162290000000,-0.077,,,,,-2709000000,,697000000,-0.551,-1830000000,,,-11.17,,,,,,211805000000,77117000000,0.364,470.39,77117000000,,,,,5.00,,,,164000201,58449,163942567,false,false,12,2019-04-01,2020-03-31,-1
2021-04-27,66320,2021-03-31,,,,,,,,4893000000,0.199,,,,2154000000,,13.14,,,,,,264326000000,,,,,35829000000,-11804000000,-5342000000,,,0.380,,,,,,true,false,12,2020-04-01,2021-03-31,0
2021-04-27,66320,2020-03-31,,,,,,,,4080000000,-0.438,,,,954000000,,5.82,,,,,,249660000000,,,,,21642000000,-19675000000,-1665000000,,,0.859,,,,,,true,false,12,2019-04-01,2020-03-31,-1
2021-04-27,66320,2022-03-31,,,,,,,,7500000000,0.533,,,,3000000000,,18.30,,,,,,,,,,,,,,,,0.328,,,,,,true,true,12,2021-04-01,2022-03-31,1
2021-04-27,66320,2022-03-31,,,,,,,,,,,,,,,,,,,,,,,,,,,,,,6.00,,,,,,,false,true,12,2021-04-01,2022-03-31,1
2021-07-29,66320,2022-03-31,1,,,,,,,2874000000,,,,,1470000000,,8.97,,,,,,254910000000,,,,,,,,,,,,,,,,true,false,3,2021-04-01,2021-06-30,0
2021-07-29,66320,2021-03-31,1,,,,,,,-3073000000,,,,,-3584000000,,-21.86,,,,,,,,,,,,,,,,,,,,,,true,false,3,2020-04-01,2020-06-30,-1
2021-07-29,66320,2022-03-31,1,,,,,,,7500000000,0.533,,,,3000000000,,18.30,,,,,,,,,,,,,,,,,,,,,,true,true,12,2021-04-01,2022-03-31,0
2021-07-29,66320,2021-03-31,1,,,,,,,,,,,,,,,,,,,,264326000000,,,,,,,,,,,,,,,,true,false,12,2020-04-01,2021-03-31,-1
2021-07-29,66320,2021-03-31,1,,,,,,,,,,,,,,,,,,,,,,,,,,,,,5.00,,,,164000201,59758,,false,false,12,2020-04-01,2021-03-31,-1
2021-07-29,66320,2022-03-31,1,,,,,,,,,,,,,,,,,,,,,,,,,,,,,6.00,,,,,,,false,true,12,2021-04-01,2022-03-31,0
2021-07-29,66320,2022-03-31,1,,,,,,,,,,,,,,,,,,,,,,,,,,,,,,,,,164000201,60118,163940304,false,false,3,2021-04-01,2021-06-30,0
2021-07-29,66320,2021-03-31,1,,,,,,,,,,,,,,,,,,,,,,,,,,,,,,,,,,,163941704,false,false,3,2020-04-01,2020-06-30,-1
2021-10-29,66320,2022-03-31,2,,,,,,,2071000000,,,,,-256000000,,-1.56,-1.56,,,,,257082000000,,,,,,,,,,,,,,,,true,false,6,2021-04-01,2021-09-30,0
2021-10-29,66320,2021-03-31,2,,,,,,,-3352000000,,,,,-4292000000,,-26.18,,,,,,,,,,,,,,,,,,,,,,true,false,6,2020-04-01,2020-09-30,-1
2021-10-29,66320,2022-03-31,2,,,,,,,7500000000,0.533,,,,3000000000,,18.30,,,,,,,,,,,,,,,,,,,,,,true,true,12,2021-04-01,2022-03-31,0
2021-10-29,66320,2021-03-31,2,,,,,,,,,,,,,,,,,,,,264326000000,,,,,,,,,,,,,,,,true,false,12,2020-04-01,2021-03-31,-1
2021-10-29,66320,2021-03-31,2,,,,,,,,,,,,,,,,,,,,,,,,,,,,,5.00,,,,164000201,59758,,false,false,12,2020-04-01,2021-03-31,-1
2021-10-29,66320,2022-03-31,2,,,,,,,,,,,,,,,,,,,,,,,,,,,,,0.00,,,,,,,false,false,12,2021-04-01,2022-03-31,0
2021-10-29,66320,2022-03-31,2,,,,,,,,,,,,,,,,,,,,,,,,,,,,,6.00,,,,,,,false,true,12,2021-04-01,2022-03-31,0
2021-10-29,66320,2022-03-31,2,,,,,,,,,,,,,,,,,,,,,,,,,,,,,,,,,164000201,514578,163813557,false,false,6,2021-04-01,2021-09-30,0
2021-10-29,66320,2021-03-31,2,,,,,,,,,,,,,,,,,,,,,,,,,,,,,,,,,,,163941516,false,false,6,2020-04-01,2020-09-30,-1
2022-02-01,66320,2022-03-31,3,,,,,,,3625000000,0.761,,,,503000000,,3.08,3.08,,,,,264432000000,,,,,,,,,,,,,,,,true,false,9,2021-04-01,2021-12-31,0
2022-02-01,66320,2021-03-31,3,,,,,,,2058000000,-0.510,,,,497000000,,3.03,,,,,,,,,,,,,,,,,,,,,,true,false,9,2020-04-01,2020-12-31,-1
2022-02-01,66320,2022-03-31,3,,,,,,,7500000000,0.533,,,,3000000000,,18.30,,,,,,,,,,,,,,,,,,,,,,true,true,12,2021-04-01,2022-03-31,0
2022-02-01,66320,2021-03-31,3,,,,,,,,,,,,,,,,,,,,264326000000,,,,,,,,,,,,,,,,true,false,12,2020-04-01,2021-03-31,-1
2022-02-01,66320,2021-03-31,3,,,,,,,,,,,,,,,,,,,,,,,,,,,,,5.00,,,,164000201,59758,,false,false,12,2020-04-01,2021-03-31,-1
2022-02-01,66320,2022-03-31,3,,,,,,,,,,,,,,,,,,,,,,,,,,,,,0.00,,,,,,,false,false,12,2021-04-01,2022-03-31,0
2022-02-01,66320,2022-03-31,3,,,,,,,,,,,,,,,,,,,,,,,,,,,,,6.00,,,,,,,false,true,12,2021-04-01,2022-03-31,0
2022-02-01,66320,2022-03-31,3,,,,,,,,,,,,,,,,,,,,,,,,,,,,,,,,,164000201,514682,163703837,false,false,9,2021-04-01,2021-12-31,0
2022-02-01,66320,2021-03-31,3,,,,,,,,,,,,,,,,,,,,,,,,,,,,,,,,,,,163941324,false,false,9,2020-04-01,2020-12-31,-1
2022-04-21,66320,2022-03-31,,,,,,,,9000000000,0.200,,,,5800000000,,35.44,,,,,,,,,,,,,,,,,,,,,,true,true,12,2021-04-01,2022-03-31,0
2022-04-21,66320,2021-03-31,,,,,,,,4893000000,,,,,2154000000,,13.14,,,,,,,,,,,,,,,,,,,,,,true,false,12,2020-04-01,2021-03-31,-1
2022-04-27,6632,2022-03-31,,144134000000,-0.029,,,,,-1457000000,,1992000000,6.080,1369000000,,,8.37,,,,,,221466000000,76304000000,0.345,466.74,76304000000,,,,,6.00,,,,164000201,515100,163649966,false,false,12,2021-04-01,2022-03-31,0
2022-04-27,6632,2021-03-31,,148419000000,-0.085,,,,,-3365000000,,281000000,-0.597,-3758000000,,,-22.92,,,,,,214553000000,72779000000,0.339,443.94,72779000000,,,,,5.00,,,,164000201,59758,163941137,false,false,12,2020-04-01,2021-03-31,-1
2022-04-27,6632,2022-03-31,,,,,,,,9054000000,0.850,,,,5873000000,,35.89,35.86,,,,,280807000000,,,,,7059000000,-9804000000,-11273000000,,,0.167,,,,,,true,false,12,2021-04-01,2022-03-31,0
2022-04-27,6632,2021-03-31,,,,,,,,4893000000,0.199,,,,2154000000,,13.14,,,,,,264326000000,,,,,35829000000,-11804000000,-5342000000,,,0.380,,,,,,true,false,12,2020-04-01,2021-03-31,-1
2022-04-27,6632,2023-03-31,,,,,,,,8000000000,-0.116,,,,4000000000,,24.47,,,,,,,,,,,,,,,,0.286,,,,,,true,true,12,2022-04-01,2023-03-31,1
2022-04-27,6632,2023-03-31,,,,,,,,,,,,,,,,,,,,,,,,,,,,,,7.00,,,,,,,false,true,12,2022-04-01,2023-03-31,1
2022-04-27,6632,2022-03-31,,144134000000,-0.029,,,,,-1457000000,,1992000000,6.080,1369000000,,,8.37,,,,,,221466000000,76304000000,0.345,466.74,76304000000,,,,,6.00,,,,164000201,515100,163649966,false,false,12,2021-04-01,2022-03-31,0
2022-04-27,6632,2021-03-31,,148419000000,-0.085,,,,,-3365000000,,281000000,-0.597,-3758000000,,,-22.92,,,,,,214553000000,72779000000,0.339,443.94,72779000000,,,,,5.00,,,,164000201,59758,163941137,false,false,12,2020-04-01,2021-03-31,-1
2022-04-27,6632,2022-03-31,,,,,,,,9054000000,0.850,,,,5873000000,,35.89,35.86,,,,,280807000000,,,,,7059000000,-9804000000,-11273000000,,,0.167,,,,,,true,false,12,2021-04-01,2022-03-31,0
2022-04-27,6632,2021-03-31,,,,,,,,4893000000,0.199,,,,2154000000,,13.14,,,,,,264326000000,,,,,35829000000,-11804000000,-5342000000,,,0.380,,,,,,true,false,12,2020-04-01,2021-03-31,-1
2022-04-27,6632,2023-03-31,,,,,,,,8000000000,-0.116,,,,4000000000,,24.47,,,,,,,,,,,,,,,,0.286,,,,,,true,true,12,2022-04-01,2023-03-31,1
2022-04-27,6632,2023-03-31,,,,,,,,,,,,,,,,,,,,,,,,,,,,,,7.00,,,,,,,false,true,12,2022-04-01,2023-03-31,1
2022-07-29,6632,2023-03-31,1,,,,,,,516000000,-0.820,,,,-246000000,,-1.51,-1.51,,,,,292360000000,,,,,,,,,,,,,,,,true,false,3,2022-04-01,2022-06-30,0
2022-07-29,6632,2022-03-31,1,,,,,,,2874000000,,,,,1470000000,,8.97,,,,,,,,,,,,,,,,,,,,,,true,false,3,2021-04-01,2021-06-30,-1
2022-07-29,6632,2023-03-31,1,,,,,,,8000000000,-0.116,,,,4000000000,,24.47,,,,,,,,,,,,,,,,,,,,,,true,true,12,2022-04-01,2023-03-31,0
2022-07-29,6632,2022-03-31,1,,,,,,,,,,,,,,,,,,,,280807000000,,,,,,,,,,,,,,,,true,false,12,2021-04-01,2022-03-31,-1
2022-07-29,6632,2022-03-31,1,,,,,,,,,,,,,,,,,,,,,,,,,,,,,6.00,,,,164000201,515100,,false,false,12,2021-04-01,2022-03-31,-1
2022-07-29,6632,2023-03-31,1,,,,,,,,,,,,,,,,,,,,,,,,,,,,,7.00,,,,,,,false,true,12,2022-04-01,2023-03-31,0
2022-07-29,6632,2023-03-31,1,,,,,,,,,,,,,,,,,,,,,,,,,,,,,,,,,164000201,515523,163484960,false,false,3,2022-04-01,2022-06-30,0
2022-07-29,6632,2022-03-31,1,,,,,,,,,,,,,,,,,,,,,,,,,,,,,,,,,,,163940304,false,false,3,2021-04-01,2021-06-30,-1
2022-10-31,6632,2023-03-31,2,,,,,,,5760000000,1.781,,,,3677000000,,22.49,22.47,,,,,305280000000,,,,,,,,,,,,,,,,true,false,6,2022-04-01,2022-09-30,0
2022-10-31,6632,2022-03-31,2,,,,,,,2071000000,,,,,-256000000,,-1.56,-1.56,,,,,,,,,,,,,,,,,,,,,true,false,6,2021-04-01,2021-09-30,-1
2022-10-31,6632,2023-03-31,2,,,,,,,20800000000,1.297,,,,15200000000,,92.98,,,,,,,,,,,,,,,,,,,,,,true,true,12,2022-04-01,2023-03-31,0
2022-10-31,6632,2022-03-31,2,,,,,,,,,,,,,,,,,,,,280807000000,,,,,,,,,,,,,,,,true,false,12,2021-04-01,2022-03-31,-1
2022-10-31,6632,2022-03-31,2,,,,,,,,,,,,,,,,,,,,,,,,,,,,,6.00,,,,164000201,515100,,false,false,12,2021-04-01,2022-03-31,-1
2022-10-31,6632,2023-03-31,2,,,,,,,,,,,,,,,,,,,,,,,,,,,,,0.00,,,,,,,false,false,12,2022-04-01,2023-03-31,0
2022-10-31,6632,2023-03-31,2,,,,,,,,,,,,,,,,,,,,,,,,,,,,,7.00,,,,,,,false,true,12,2022-04-01,2023-03-31,0
2022-10-31,6632,2023-03-31,2,,,,,,,,,,,,,,,,,,,,,,,,,,,,,,,,,164000201,515944,163484730,false,false,6,2022-04-01,2022-09-30,0
2022-10-31,6632,2022-03-31,2,,,,,,,,,,,,,,,,,,,,,,,,,,,,,,,,,,,163813557,false,false,6,2021-04-01,2021-09-30,-1
2022-10-31,66320,2023-03-31,,,,,,,,20800000000,1.600,,,,15200000000,,92.98,,,,,,,,,,,,,,,,,,,,,,true,true,12,2022-04-01,2023-03-31,0
2022-10-31,66320,2022-03-31,,,,,,,,9054000000,,,,,5873000000,,35.89,,,,,,,,,,,,,,,,,,,,,,true,false,12,2021-04-01,2022-03-31,-1
2023-02-01,6632,2023-03-31,3,,,,,,,19506000000,4.381,,,,15513000000,,94.89,94.75,,,,,298010000000,,,,,,,,,,,,,,,,true,false,9,2022-04-01,2022-12-31,0
2023-02-01,6632,2022-03-31,3,,,,,,,3625000000,0.761,,,,503000000,,3.08,3.08,,,,,,,,,,,,,,,,,,,,,true,false,9,2021-04-01,2021-12-31,-1
2023-02-01,6632,2023-03-31,3,,,,,,,21400000000,1.363,,,,16000000000,,97.87,,,,,,,,,,,,,,,,,,,,,,true,true,12,2022-04-01,2023-03-31,0
2023-02-01,6632,2022-03-31,3,,,,,,,,,,,,,,,,,,,,280807000000,,,,,,,,,,,,,,,,true,false,12,2021-04-01,2022-03-31,-1
2023-02-01,6632,2022-03-31,3,,,,,,,,,,,,,,,,,,,,,,,,,,,,,6.00,,,,164000201,515100,,false,false,12,2021-04-01,2022-03-31,-1
2023-02-01,6632,2023-03-31,3,,,,,,,,,,,,,,,,,,,,,,,,,,,,,0.00,,,,,,,false,false,12,2022-04-01,2023-03-31,0
2023-02-01,6632,2023-03-31,3,,,,,,,,,,,,,,,,,,,,,,,,,,,,,12.00,,,,,,,false,true,12,2022-04-01,2023-03-31,0
2023-02-01,6632,2023-03-31,3,,,,,,,,,,,,,,,,,,,,,,,,,,,,,,,,,164000201,516479,163484515,false,false,9,2022-04-01,2022-12-31,0
2023-02-01,6632,2022-03-31,3,,,,,,,,,,,,,,,,,,,,,,,,,,,,,,,,,,,163703837,false,false,9,2021-04-01,2021-12-31,-1
2023-02-01,66320,2023-03-31,,,,,,,,21400000000,0.029,,,,16000000000,,97.87,,,,,,,,,,,,,,,,,,,,,,true,true,12,2022-04-01,2023-03-31,0
2023-02-01,66320,2022-03-31,,,,,,,,9054000000,,,,,5873000000,,35.89,,,,,,,,,,,,,,,,,,,,,,true,false,12,2021-04-01,2022-03-31,-1
2023-04-27,6632,2023-03-31,,173131000000,0.201,,,,,4715000000,,6968000000,2.497,5016000000,,2.664,30.68,,,,,,222118000000,79452000000,0.358,486.00,79452000000,,,,,12.00,,,,164000201,516992,163484274,false,false,12,2022-04-01,2023-03-31,0
2023-04-27,6632,2022-03-31,,144134000000,-0.029,,,,,-1457000000,,1992000000,6.080,1369000000,,,8.37,,,,,,221466000000,76304000000,0.345,466.74,76304000000,,,,,6.00,,,,164000201,515100,163649966,false,false,12,2021-04-01,2022-03-31,-1
2023-04-27,6632,2023-03-31,,,,,,,,21634000000,1.389,,,,16229000000,,99.27,99.10,,,,,299355000000,,,,,26607000000,-7329000000,-14032000000,,,0.121,,,,,,true,false,12,2022-04-01,2023-03-31,0
2023-04-27,6632,2022-03-31,,,,,,,,9054000000,0.850,,,,5873000000,,35.89,35.86,,,,,280807000000,,,,,7059000000,-9804000000,-11273000000,,,0.167,,,,,,true,false,12,2021-04-01,2022-03-31,-1
2023-04-27,6632,2024-03-31,,,,,,,,13400000000,-0.381,,,,8000000000,,51.14,,,,,,,,,,,,,,,,0.156,,,,,,true,true,12,2023-04-01,2024-03-31,1
2023-04-27,6632,2024-03-31,,,,,,,,,,,,,,,,,,,,,,,,,,,,,,8.00,,,,,,,false,true,12,2023-04-01,2024-03-31,1
2023-08-01,6632,2024-03-31,1,,,,,,,5012000000,8.713,,,,3477000000,,21.84,21.77,,,,,307063000000,,,,,,,,,,,,,,,,true,false,3,2023-04-01,2023-06-30,0
2023-08-01,6632,2023-03-31,1,,,,,,,516000000,-0.820,,,,-246000000,,-1.51,-1.51,,,,,,,,,,,,,,,,,,,,,true,false,3,2022-04-01,2022-06-30,-1
2023-08-01,6632,2024-03-31,1,,,,,,,13400000000,-0.381,,,,8000000000,,51.14,,,,,,,,,,,,,,,,,,,,,,true,true,12,2023-04-01,2024-03-31,0
2023-08-01,6632,2023-03-31,1,,,,,,,,,,,,,,,,,,,,299355000000,,,,,,,,,,,,,,,,true,false,12,2022-04-01,2023-03-31,-1
2023-08-01,6632,2023-03-31,1,,,,,,,,,,,,,,,,,,,,,,,,,,,,,12.00,,,,164000201,516992,,false,false,12,2022-04-01,2023-03-31,-1
2023-08-01,6632,2024-03-31,1,,,,,,,,,,,,,,,,,,,,,,,,,,,,,8.00,,,,,,,false,true,12,2023-04-01,2024-03-31,0
2023-08-01,6632,2024-03-31,1,,,,,,,,,,,,,,,,,,,,,,,,,,,,,,,,,164000201,9559267,159235882,false,false,3,2023-04-01,2023-06-30,0
2023-08-01,6632,2023-03-31,1,,,,,,,,,,,,,,,,,,,,,,,,,,,,,,,,,,,163484960,false,false,3,2022-04-01,2022-06-30,-1
2023-10-31,6632,2024-03-31,2,,,,,,,9807000000,0.703,,,,6750000000,,43.04,42.86,,,,,313703000000,,,,,,,,,,,,,,,,true,false,6,2023-04-01,2023-09-30,0
2023-10-31,6632,2023-03-31,2,,,,,,,5760000000,1.781,,,,3677000000,,22.49,22.47,,,,,,,,,,,,,,,,,,,,,true,false,6,2022-04-01,2022-09-30,-1
2023-10-31,6632,2024-03-31,2,,,,,,,16500000000,-0.237,,,,10500000000,,67.97,,,,,,,,,,,,,,,,,,,,,,true,true,12,2023-04-01,2024-03-31,0
2023-10-31,6632,2023-03-31,2,,,,,,,,,,,,,,,,,,,,299355000000,,,,,,,,,,,,,,,,true,false,12,2022-04-01,2023-03-31,-1
2023-10-31,6632,2023-03-31,2,,,,,,,,,,,,,,,,,,,,,,,,,,,,,12.00,,,,164000201,516992,,false,false,12,2022-04-01,2023-03-31,-1
2023-10-31,6632,2024-03-31,2,,,,,,,,,,,,,,,,,,,,,,,,,,,,,0.00,,,,,,,false,false,12,2023-04-01,2024-03-31,0
2023-10-31,6632,2024-03-31,2,,,,,,,,,,,,,,,,,,,,,,,,,,,,,8.00,,,,,,,false,true,12,2023-04-01,2024-03-31,0
2023-10-31,6632,2024-03-31,2,,,,,,,,,,,,,,,,,,,,,,,,,,,,,,,,,164000201,9557404,156825652,false,false,6,2023-04-01,2023-09-30,0
2023-10-31,6632,2023-03-31,2,,,,,,,,,,,,,,,,,,,,,,,,,,,,,,,,,,,163484730,false,false,6,2022-04-01,2022-09-30,-1
2023-10-31,66320,2024-03-31,,,,,,,,16500000000,0.231,,,,10500000000,,67.97,,,,,,,,,,,,,,,,,,,,,,true,true,12,2023-04-01,2024-03-31,0
2023-10-31,66320,2023-03-31,,,,,,,,21634000000,,,,,16229000000,,99.27,,,,,,,,,,,,,,,,,,,,,,true,false,12,2022-04-01,2023-03-31,-1
2024-02-01,6632,2024-03-31,3,,,,,,,14982000000,-0.232,,,,10922000000,,70.24,69.88,,,,,306847000000,,,,,,,,,,,,,,,,true,false,9,2023-04-01,2023-12-31,0
2024-02-01,6632,2023-03-31,3,,,,,,,19506000000,4.381,,,,15513000000,,94.89,94.75,,,,,,,,,,,,,,,,,,,,,true,false,9,2022-04-01,2022-12-31,-1
2024-02-01,6632,2024-03-31,3,,,,,,,16500000000,-0.237,,,,10500000000,,67.97,,,,,,,,,,,,,,,,,,,,,,true,true,12,2023-04-01,2024-03-31,0
2024-02-01,6632,2023-03-31,3,,,,,,,,,,,,,,,,,,,,299355000000,,,,,,,,,,,,,,,,true,false,12,2022-04-01,2023-03-31,-1
2024-02-01,6632,2023-03-31,3,,,,,,,,,,,,,,,,,,,,,,,,,,,,,12.00,,,,164000201,516992,,false,false,12,2022-04-01,2023-03-31,-1
2024-02-01,6632,2024-03-31,3,,,,,,,,,,,,,,,,,,,,,,,,,,,,,0.00,,,,,,,false,false,12,2023-04-01,2024-03-31,0
2024-02-01,6632,2024-03-31,3,,,,,,,,,,,,,,,,,,,,,,,,,,,,,8.00,,,,,,,false,true,12,2023-04-01,2024-03-31,0
2024-02-01,6632,2024-03-31,3,,,,,,,,,,,,,,,,,,,,,,,,,,,,,,,,,164000201,13223875,155499848,false,false,9,2023-04-01,2023-12-31,0
2024-02-01,6632,2023-03-31,3,,,,,,,,,,,,,,,,,,,,,,,,,,,,,,,,,,,163484515,false,false,9,2022-04-01,2022-12-31,-1
2024-04-22,66320,2024-03-31,,,,,,,,18100000000,0.097,,,,12900000000,,83.59,,,,,,,,,,,,,,,,,,,,,,true,true,12,2023-04-01,2024-03-31,0
2024-04-22,66320,2023-03-31,,,,,,,,21634000000,,,,,16229000000,,99.27,,,,,,,,,,,,,,,,,,,,,,true,false,12,2022-04-01,2023-03-31,-1
,66320,2024-03-31,,,,,,,,,,,,,,,,,,,,,,,,,,,,,,12.00,,,,,,,false,true,12,2023-04-01,2024-03-31,0
,66320,2024-03-31,,,,,,,,,,,,,,,,,,,,,,,,,,,,,,0.00,,,,,,,false,false,12,2023-04-01,2024-03-31,0
,66320,2023-03-31,,,,,,,,,,,,,,,,,,,,,,,,,,,,,,12.00,,,,,,,false,false,12,2022-04-01,2023-03-31,-1
2024-04-26,6632,2024-03-31,,164551000000,-0.050,,,,,1743000000,-0.630,9399000000,0.349,10937000000,,1.180,70.87,,,,,,223791000000,81827000000,0.366,542.67,81827000000,,,,,12.00,,,,164000201,13213108,154326461,false,false,12,2023-04-01,2024-03-31,0
2024-04-26,6632,2023-03-31,,173131000000,0.201,,,,,4715000000,,6968000000,2.497,5016000000,,2.664,30.68,,,,,,222118000000,79452000000,0.358,486.00,79452000000,,,,,12.00,,,,164000201,516992,163484274,false,false,12,2022-04-01,2023-03-31,-1
2024-04-26,6632,2024-03-31,,,,,,,,18226000000,-0.158,,,,13016000000,,84.34,83.84,,,,,316819000000,,,,,33172000000,-16062000000,-19353000000,,,0.142,,,,,,true,false,12,2023-04-01,2024-03-31,0
2024-04-26,6632,2023-03-31,,,,,,,,21634000000,1.389,,,,16229000000,,99.27,99.10,,,,,299355000000,,,,,26607000000,-7329000000,-14032000000,,,0.121,,,,,,true,false,12,2022-04-01,2023-03-31,-1
2024-04-26,6632,2025-03-31,,,,,,,,18200000000,-0.001,,,,12500000000,,82.90,,,,,,,,,,,,,,,,0.157,,,,,,true,true,12,2024-04-01,2025-03-31,1
2024-04-26,6632,2025-03-31,,,,,,,,,,,,,,,,,,,,,,,,,,,,,,13.00,,,,,,,false,true,12,2024-04-01,2025-03-31,1
2024-08-01,6632,2025-03-31,1,,,,,,,6022000000,0.202,,,,5503000000,,36.50,36.24,,,,,326933000000,,,,,,,,,,,,,,,,true,false,3,2024-04-01,2024-06-30,0
2024-08-01,6632,2024-03-31,1,,,,,,,5012000000,8.713,,,,3477000000,,21.84,21.77,,,,,,,,,,,,,,,,,,,,,true,false,3,2023-04-01,2023-06-30,-1
2024-08-01,6632,2025-03-31,1,,,,,,,18200000000,-0.001,,,,12500000000,,82.90,,,,,,,,,,,,,,,,,,,,,,true,true,12,2024-04-01,2025-03-31,0
2024-08-01,6632,2024-03-31,1,,,,,,,,,,,,,,,,,,,,316819000000,,,,,,,,,,,,,,,,true,false,12,2023-04-01,2024-03-31,-1
2024-08-01,6632,2024-03-31,1,,,,,,,,,,,,,,,,,,,,,,,,,,,,,12.00,,,,164000201,13213108,,false,false,12,2023-04-01,2024-03-31,-1
2024-08-01,6632,2025-03-31,1,,,,,,,,,,,,,,,,,,,,,,,,,,,,,13.00,,,,,,,false,true,12,2024-04-01,2025-03-31,0
2024-08-01,6632,2025-03-31,1,,,,,,,,,,,,,,,,,,,,,,,,,,,,,,,,,164000201,13173814,150808637,false,false,3,2024-04-01,2024-06-30,0
2024-08-01,6632,2024-03-31,1,,,,,,,,,,,,,,,,,,,,,,,,,,,,,,,,,,,159235882,false,false,3,2023-04-01,2023-06-30,-1
2024-10-31,6632,2025-03-31,2,,,,,,,13556000000,0.382,,,,11093000000,,73.55,73.01,,,,,308598000000,,,,,,,,,,,,,,,,true,false,6,2024-04-01,2024-09-30,0
2024-10-31,6632,2024-03-31,2,,,,,,,9807000000,0.703,,,,6750000000,,43.04,42.86,,,,,,,,,,,,,,,,,,,,,true,false,6,2023-04-01,2023-09-30,-1
2024-10-31,6632,2025-03-31,2,,,,,,,22000000000,0.207,,,,17000000000,,113.46,,,,,,,,,,,,,,,,,,,,,,true,true,12,2024-04-01,2025-03-31,0
2024-10-31,6632,2024-03-31,2,,,,,,,,,,,,,,,,,,,,316819000000,,,,,,,,,,,,,,,,true,false,12,2023-04-01,2024-03-31,-1
2024-10-31,6632,2024-03-31,2,,,,,,,,,,,,,,,,,,,,,,,,,,,,,12.00,,,,164000201,13213108,,false,false,12,2023-04-01,2024-03-31,-1
2024-10-31,6632,2025-03-31,2,,,,,,,,,,,,,,,,,,,,,,,,,,,,,5.00,,,,,,,false,false,12,2024-04-01,2025-03-31,0
2024-10-31,6632,2025-03-31,2,,,,,,,,,,,,,,,,,,,,,,,,,,,,,13.00,,,,,,,false,true,12,2024-04-01,2025-03-31,0
2024-10-31,6632,2025-03-31,2,,,,,,,,,,,,,,,,,,,,,,,,,,,,,,,,,164000201,13136184,150827111,false,false,6,2024-04-01,2024-09-30,0
2024-10-31,6632,2024-03-31,2,,,,,,,,,,,,,,,,,,,,,,,,,,,,,,,,,,,156825652,false,false,6,2023-04-01,2023-09-30,-1
2025-02-03,6632,2025-03-31,3,,,,,,,16783000000,0.120,,,,14070000000,,93.43,92.70,,,,,322653000000,,,,,,,,,,,,,,,,true,false,9,2024-04-01,2024-12-31,0
2025-02-03,6632,2024-03-31,3,,,,,,,14982000000,-0.232,,,,10922000000,,70.24,69.88,,,,,,,,,,,,,,,,,,,,,true,false,9,2023-04-01,2023-12-31,-1
2025-02-03,6632,2025-03-31,3,,,,,,,22000000000,0.207,,,,17000000000,,113.46,,,,,,,,,,,,,,,,,,,,,,true,true,12,2024-04-01,2025-03-31,0
2025-02-03,6632,2024-03-31,3,,,,,,,,,,,,,,,,,,,,316819000000,,,,,,,,,,,,,,,,true,false,12,2023-04-01,2024-03-31,-1
2025-02-03,6632,2024-03-31,3,,,,,,,,,,,,,,,,,,,,,,,,,,,,,12.00,,,,164000201,13213108,,false,false,12,2023-04-01,2024-03-31,-1
2025-02-03,6632,2025-03-31,3,,,,,,,,,,,,,,,,,,,,,,,,,,,,,5.00,,,,,,,false,false,12,2024-04-01,2025-03-31,0
2025-02-03,6632,2025-03-31,3,,,,,,,,,,,,,,,,,,,,,,,,,,,,,13.00,,,,,,,false,true,12,2024-04-01,2025-03-31,0
2025-02-03,6632,2025-03-31,3,,,,,,,,,,,,,,,,,,,,,,,,,,,,,,,,,164000201,15150929,150589984,false,false,9,2024-04-01,2024-12-31,0
2025-02-03,6632,2024-03-31,3,,,,,,,,,,,,,,,,,,,,,,,,,,,,,,,,,,,155499848,false,false,9,2023-04-01,2023-12-31,-1
2025-05-01,6632,2025-03-31,,160803000000,-0.023,,,,,6937000000,2.979,14704000000,0.564,21394000000,,0.956,142.63,,,,,,212124000000,93966000000,0.443,634.74,93966000000,,,,,15.00,,,,164000201,15960655,150004895,false,false,12,2024-04-01,2025-03-31,0
2025-05-01,6632,2024-03-31,,164551000000,-0.050,,,,,1743000000,-0.630,9399000000,0.349,10937000000,,1.180,70.87,,,,,,223791000000,81827000000,0.366,542.67,81827000000,,,,,12.00,,,,164000201,13213108,154326461,false,false,12,2023-04-01,2024-03-31,-1
2025-05-01,6632,2025-03-31,,,,,,,,21792000000,0.196,,,,20276000000,,135.17,134.07,,,,,313336000000,,,,,31452000000,-21545000000,-18793000000,,,0.111,,,,,,true,false,12,2024-04-01,2025-03-31,0
2025-05-01,6632,2024-03-31,,,,,,,,18226000000,-0.158,,,,13016000000,,84.34,83.84,,,,,316819000000,,,,,33172000000,-16062000000,-19353000000,,,0.142,,,,,,true,false,12,2023-04-01,2024-03-31,-1
2025-05-01,6632,2026-03-31,,,,,,,,19000000000,-0.128,,,,14000000000,,95.69,,,,,,,,,,,,,,,,0.188,,,,,,true,true,12,2025-04-01,2026-03-31,1
2025-05-01,6632,2026-03-31,,,,,,,,,,,,,,,,,,,,,,,,,,,,,,18.00,,,,,,,false,true,12,2025-04-01,2026-03-31,1
