filing_date,code,fiscal_year_end,quarterly_period,net_sales,net_sales_change,revenue,revenue_change,operating_revenue,operating_revenue_change,operating_profit,operating_profit_change,ordinary_profit,ordinary_profit_change,net_income,net_income_of_parent,net_income_change,eps,diluted_eps,roe,roa,operating_profit_to_net_sales,operating_profit_to_revenue,total_assets,net_assets,equity_ratio,bps,owner_equity,operating_cash_flow,investing_cash_flow,financing_cash_flow,cash,dividend_per_share,payout_ratio,commemorative_dividend,extra_dividend,number_of_shares,number_of_treqsury_shares,avg_number_of_shares,is_consolidated,is_forecast,duration,period_start,period_end,period_pos
2015-04-28,67010,2015-03-31,,2935517000000,-0.035,,,,,128084000000,0.206,112112000000,0.621,57302000000,,0.698,22.05,,0.075,0.044,0.044,,2620652000000,884192000000,0.314,316.93,823650000000,87917000000,-47510000000,-72027000000,181132000000,,0.181,,,,,,true,false,12,2014-04-01,2015-03-31,0
2015-04-28,67010,2014-03-31,,3043114000000,-0.009,,,,,106193000000,-0.074,69152000000,-0.249,33742000000,,0.109,12.99,,0.048,0.027,0.035,,2505329000000,767663000000,0.278,267.86,695949000000,94124000000,-38893000000,-49983000000,206637000000,,0.308,,,,,,true,false,12,2013-04-01,2014-03-31,-1
2015-04-28,67010,2016-03-31,,3100000000000,0.056,,,,,135000000000,0.054,120000000000,0.070,,65000000000,,25.01,,,,,,,,,,,,,,,,0.240,,,,,,true,true,12,2015-04-01,2016-03-31,1
2015-04-28,67010,2015-03-31,,1919579000000,0.009,,,,,40989000000,0.456,56033000000,0.201,55591000000,,-0.178,21.39,,,,,,2223568000000,671338000000,0.302,258.32,671338000000,,,,,4.00,,,,2604732635,5916032,2598601106,false,false,12,2014-04-01,2015-03-31,0
2015-04-28,67010,2014-03-31,,1902365000000,0.025,,,,,28144000000,-0.276,46671000000,-0.414,67622000000,,1.549,26.02,,,,,,2143668000000,617941000000,0.288,237.76,617941000000,,,,,4.00,,,,2604732635,6515015,2598290220,false,false,12,2013-04-01,2014-03-31,-1
2015-04-28,67010,2016-03-31,,,,,,,,,,,,,,,,,,,,,,,,,,,,,,6.00,,,,,,,false,true,12,2015-04-01,2016-03-31,1
2015-07-30,67010,2016-03-31,1,586591000000,-0.020,,,,,-10074000000,,-7720000000,,,-10016000000,,-3.85,,,,,,2448443000000,873618000000,0.333,,814175000000,,,,,,,,,,,,true,false,3,2015-04-01,2015-06-30,0
2015-07-30,67010,2015-03-31,1,598701000000,-0.065,,,,,-7059000000,,-9991000000,,,-10100000000,,-3.89,,,,,,,,,,,,,,,,,,,,,,true,false,3,2014-04-01,2014-06-30,-1
2015-07-30,67010,2016-03-31,1,3100000000000,0.056,,,,,135000000000,0.054,120000000000,0.070,,65000000000,,25.01,,,,,,,,,,,,,,,,,,,,,,true,true,12,2015-04-01,2016-03-31,0
2015-07-30,67010,2015-03-31,1,,,,,,,,,,,,,,,,,,,,2620652000000,884192000000,0.314,,823650000000,,,,,,,,,,,,true,false,12,2014-04-01,2015-03-31,-1
2015-07-30,67010,2015-03-31,1,,,,,,,,,,,,,,,,,,,,,,,,,,,,,4.00,,,,2604732635,5916032,,false,false,12,2014-04-01,2015-03-31,-1
2015-07-30,67010,2016-03-31,1,,,,,,,,,,,,,,,,,,,,,,,,,,,,,6.00,,,,,,,false,true,12,2015-04-01,2016-03-31,0
2015-07-30,67010,2016-03-31,1,,,,,,,,,,,,,,,,,,,,,,,,,,,,,,,,,2604732635,5962700,2598793068,false,false,3,2015-04-01,2015-06-30,0
2015-07-30,67010,2015-03-31,1,,,,,,,,,,,,,,,,,,,,,,,,,,,,,,,,,,,2598203551,false,false,3,2014-04-01,2014-06-30,-1
2015-10-29,67010,2016-03-31,2,1308132000000,-0.013,,,,,13339000000,-0.380,11405000000,-0.317,,218000000,,0.08,,,,,,2465544000000,861122000000,0.325,,800097000000,,,,,,,,,,,,true,false,6,2015-04-01,2015-09-30,0
2015-10-29,67010,2015-03-31,2,1324824000000,-0.042,,,,,21520000000,,16699000000,,,12455000000,,4.79,,,,,,,,,,,,,,,,,,,,,,true,false,6,2014-04-01,2014-09-30,-1
2015-10-29,67010,2016-03-31,2,3100000000000,0.056,,,,,135000000000,0.054,120000000000,0.070,,65000000000,,25.01,,,,,,,,,,,,,,,,,,,,,,true,true,12,2015-04-01,2016-03-31,0
2015-10-29,67010,2015-03-31,2,,,,,,,,,,,,,,,,,,,,2620652000000,884192000000,0.314,,823650000000,,,,,,,,,,,,true,false,12,2014-04-01,2015-03-31,-1
2015-10-29,67010,2015-03-31,2,,,,,,,,,,,,,,,,,,,,,,,,,,,,,4.00,,,,2604732635,5916032,,false,false,12,2014-04-01,2015-03-31,-1
2015-10-29,67010,2016-03-31,2,,,,,,,,,,,,,,,,,,,,,,,,,,,,,0.00,,,,,,,false,false,12,2015-04-01,2016-03-31,0
2015-10-29,67010,2016-03-31,2,,,,,,,,,,,,,,,,,,,,,,,,,,,,,6.00,,,,,,,false,true,12,2015-04-01,2016-03-31,0
2015-10-29,67010,2016-03-31,2,,,,,,,,,,,,,,,,,,,,,,,,,,,,,,,,,2604732635,5994586,2598772633,false,false,6,2015-04-01,2015-09-30,0
2015-10-29,67010,2015-03-31,2,,,,,,,,,,,,,,,,,,,,,,,,,,,,,,,,,,,2598393440,false,false,6,2014-04-01,2014-09-30,-1
2016-01-28,67010,2016-03-31,3,1949096000000,-0.026,,,,,18265000000,-0.487,15241000000,-0.581,,342000000,,0.13,,,,,,2497429000000,867684000000,0.323,,807209000000,,,,,,,,,,,,true,false,9,2015-04-01,2015-12-31,0
2016-01-28,67010,2015-03-31,3,2002024000000,-0.039,,,,,35637000000,0.501,36383000000,5.626,,22763000000,,8.76,,,,,,,,,,,,,,,,,,,,,,true,false,9,2014-04-01,2014-12-31,-1
2016-01-28,67010,2016-03-31,3,3100000000000,0.056,,,,,135000000000,0.054,120000000000,0.070,,65000000000,,25.01,,,,,,,,,,,,,,,,,,,,,,true,true,12,2015-04-01,2016-03-31,0
2016-01-28,67010,2015-03-31,3,,,,,,,,,,,,,,,,,,,,2620652000000,884192000000,0.314,,823650000000,,,,,,,,,,,,true,false,12,2014-04-01,2015-03-31,-1
2016-01-28,67010,2015-03-31,3,,,,,,,,,,,,,,,,,,,,,,,,,,,,,4.00,,,,2604732635,5916032,,false,false,12,2014-04-01,2015-03-31,-1
2016-01-28,67010,2016-03-31,3,,,,,,,,,,,,,,,,,,,,,,,,,,,,,0.00,,,,,,,false,false,12,2015-04-01,2016-03-31,0
2016-01-28,67010,2016-03-31,3,,,,,,,,,,,,,,,,,,,,,,,,,,,,,6.00,,,,,,,false,true,12,2015-04-01,2016-03-31,0
2016-01-28,67010,2016-03-31,3,,,,,,,,,,,,,,,,,,,,,,,,,,,,,,,,,2604732635,6040717,2598754750,false,false,9,2015-04-01,2015-12-31,0
2016-01-28,67010,2015-03-31,3,,,,,,,,,,,,,,,,,,,,,,,,,,,,,,,,,,,2598533567,false,false,9,2014-04-01,2014-12-31,-1
2016-02-29,67010,2016-03-31,,2900000000000,-0.065,,,,,100000000000,-0.259,85000000000,-0.292,,65000000000,,,,,,,,,,,,,,,,,,,,,,,,true,true,12,2015-04-01,2016-03-31,0
2016-02-29,67010,2015-03-31,,2935517000000,,,,,,128084000000,,112112000000,,,57302000000,,,,,,,,,,,,,,,,,,,,,,,,true,false,12,2014-04-01,2015-03-31,-1
2016-04-28,67010,2016-03-31,,2821181000000,-0.039,,,,,107306000000,-0.162,82735000000,-0.262,,68749000000,,26.45,,0.085,0.032,0.038,,2493441000000,852493000000,0.318,304.81,792092000000,97829000000,-32202000000,-50082000000,192323000000,,0.227,,,,,,true,false,12,2015-04-01,2016-03-31,0
2016-04-28,67010,2015-03-31,,2935517000000,-0.035,,,,,128084000000,0.206,112112000000,0.621,,57302000000,,22.05,,0.075,0.044,0.044,,2620652000000,884192000000,0.314,316.93,823650000000,87917000000,-47510000000,-72027000000,181132000000,,0.181,,,,,,true,false,12,2014-04-01,2015-03-31,-1
2016-04-28,67010,2017-03-31,,2880000000000,,,,,,100000000000,,,,,50000000000,,19.24,,,,,,,,,,,,,,,,0.312,,,,,,true,true,12,2016-04-01,2017-03-31,1
2016-04-28,67010,2016-03-31,,1820109000000,-0.052,,,,,20035000000,-0.511,28642000000,-0.489,42057000000,,-0.243,16.18,,,,,,2069830000000,692600000000,0.335,266.51,692600000000,,,,,6.00,,,,2604732635,6058720,2598737365,false,false,12,2015-04-01,2016-03-31,0
2016-04-28,67010,2015-03-31,,1919579000000,0.009,,,,,40989000000,0.456,56033000000,0.201,55591000000,,-0.178,21.39,,,,,,2223568000000,671338000000,0.302,258.32,671338000000,,,,,4.00,,,,2604732635,5916032,2598601106,false,false,12,2014-04-01,2015-03-31,-1
2016-04-28,67010,2017-03-31,,,,,,,,,,,,,,,,,,,,,,,,,,,,,,6.00,,,,,,,false,true,12,2016-04-01,2017-03-31,1
2016-07-29,67010,2017-03-31,1,,,,,,,-29944000000,,,,,-20104000000,,-7.74,,,,,,2332424000000,,,,,,,,,,,,,,,,true,false,3,2016-04-01,2016-06-30,0
2016-07-29,67010,2016-03-31,1,,,,,,,-7575000000,,,,,-5612000000,,-2.16,,,,,,,,,,,,,,,,,,,,,,true,false,3,2015-04-01,2015-06-30,-1
2016-07-29,67010,2017-03-31,1,,,,,,,100000000000,0.094,,,,50000000000,,19.24,,,,,,,,,,,,,,,,,,,,,,true,true,12,2016-04-01,2017-03-31,0
2016-07-29,67010,2016-03-31,1,,,,,,,,,,,,,,,,,,,,2528904000000,,,,,,,,,,,,,,,,true,false,12,2015-04-01,2016-03-31,-1
2016-07-29,67010,2016-03-31,1,,,,,,,,,,,,,,,,,,,,,,,,,,,,,6.00,,,,2604732635,6058720,,false,false,12,2015-04-01,2016-03-31,-1
2016-07-29,67010,2017-03-31,1,,,,,,,,,,,,,,,,,,,,,,,,,,,,,6.00,,,,,,,false,true,12,2016-04-01,2017-03-31,0
2016-07-29,67010,2017-03-31,1,,,,,,,,,,,,,,,,,,,,,,,,,,,,,,,,,2604732635,6069912,2598669000,false,false,3,2016-04-01,2016-06-30,0
2016-07-29,67010,2016-03-31,1,,,,,,,,,,,,,,,,,,,,,,,,,,,,,,,,,,,2598793068,false,false,3,2015-04-01,2015-06-30,-1
2016-10-31,67010,2017-03-31,2,,,,,,,3744000000,-0.803,,,,13118000000,,5.05,,,,,,2437229000000,,,,,,,,,,,,,,,,true,false,6,2016-04-01,2016-09-30,0
2016-10-31,67010,2016-03-31,2,,,,,,,19011000000,,,,,8610000000,,3.31,,,,,,,,,,,,,,,,,,,,,,true,false,6,2015-04-01,2015-09-30,-1
2016-10-31,67010,2017-03-31,2,,,,,,,100000000000,0.094,,,,50000000000,,19.24,,,,,,,,,,,,,,,,,,,,,,true,true,12,2016-04-01,2017-03-31,0
2016-10-31,67010,2016-03-31,2,,,,,,,,,,,,,,,,,,,,2528904000000,,,,,,,,,,,,,,,,true,false,12,2015-04-01,2016-03-31,-1
2016-10-31,67010,2016-03-31,2,,,,,,,,,,,,,,,,,,,,,,,,,,,,,6.00,,,,2604732635,6058720,,false,false,12,2015-04-01,2016-03-31,-1
2016-10-31,67010,2017-03-31,2,,,,,,,,,,,,,,,,,,,,,,,,,,,,,0.00,,,,,,,false,false,12,2016-04-01,2017-03-31,0
2016-10-31,67010,2017-03-31,2,,,,,,,,,,,,,,,,,,,,,,,,,,,,,6.00,,,,,,,false,true,12,2016-04-01,2017-03-31,0
2016-10-31,67010,2017-03-31,2,,,,,,,,,,,,,,,,,,,,,,,,,,,,,,,,,2604732635,6096792,2598658500,false,false,6,2016-04-01,2016-09-30,0
2016-10-31,67010,2016-03-31,2,,,,,,,,,,,,,,,,,,,,,,,,,,,,,,,,,,,2598772633,false,false,6,2015-04-01,2015-09-30,-1
2017-01-30,67010,2017-03-31,3,,,,,,,-17035000000,,,,,-2846000000,,-1.10,,,,,,2483164000000,,,,,,,,,,,,,,,,true,false,9,2016-04-01,2016-12-31,0
2017-01-30,67010,2016-03-31,3,,,,,,,27673000000,,,,,13417000000,,5.16,,,,,,,,,,,,,,,,,,,,,,true,false,9,2015-04-01,2015-12-31,-1
2017-01-30,67010,2017-03-31,3,,,,,,,30000000000,-0.672,,,,20000000000,,7.70,,,,,,,,,,,,,,,,,,,,,,true,true,12,2016-04-01,2017-03-31,0
2017-01-30,67010,2016-03-31,3,,,,,,,,,,,,,,,,,,,,2528904000000,,,,,,,,,,,,,,,,true,false,12,2015-04-01,2016-03-31,-1
2017-01-30,67010,2016-03-31,3,,,,,,,,,,,,,,,,,,,,,,,,,,,,,6.00,,,,2604732635,6058720,,false,false,12,2015-04-01,2016-03-31,-1
2017-01-30,67010,2017-03-31,3,,,,,,,,,,,,,,,,,,,,,,,,,,,,,0.00,,,,,,,false,false,12,2016-04-01,2017-03-31,0
2017-01-30,67010,2017-03-31,3,,,,,,,,,,,,,,,,,,,,,,,,,,,,,6.00,,,,,,,false,true,12,2016-04-01,2017-03-31,0
2017-01-30,67010,2017-03-31,3,,,,,,,,,,,,,,,,,,,,,,,,,,,,,,,,,2604732635,6123535,2598647013,false,false,9,2016-04-01,2016-12-31,0
2017-01-30,67010,2016-03-31,3,,,,,,,,,,,,,,,,,,,,,,,,,,,,,,,,,,,2598754750,false,false,9,2015-04-01,2015-12-31,-1
2017-01-30,67010,2017-03-31,,,,,,,,30000000000,-0.700,,,,20000000000,,,,,,,,,,,,,,,,,,,,,,,,true,true,12,2016-04-01,2017-03-31,0
2017-01-30,67010,2016-03-31,,,,,,,,91418000000,,,,,75923000000,,,,,,,,,,,,,,,,,,,,,,,,true,false,12,2015-04-01,2016-03-31,-1
2017-04-24,67010,2017-03-31,,,,,,,,41000000000,0.367,,,,27000000000,,,,,,,,,,,,,,,,,,,,,,,,true,true,12,2016-04-01,2017-03-31,0
2017-04-24,67010,2016-03-31,,,,,,,,91418000000,,,,,75923000000,,,,,,,,,,,,,,,,,,,,,,,,true,false,12,2015-04-01,2016-03-31,-1
2017-04-27,67010,2017-03-31,,1679423000000,-0.077,,,,,-38031000000,,660000000,-0.977,9492000000,,-0.774,3.65,,,,,,1988028000000,702171000000,0.353,270.21,702171000000,,,,,6.00,,,,2604732635,6149388,2598634060,false,false,12,2016-04-01,2017-03-31,0
2017-04-27,67010,2016-03-31,,1820109000000,-0.052,,,,,20035000000,-0.511,28642000000,-0.489,42057000000,,-0.243,16.18,,,,,,2069830000000,692600000000,0.335,266.51,692600000000,,,,,6.00,,,,2604732635,6058720,2598737365,false,false,12,2015-04-01,2016-03-31,-1
2017-04-27,67010,2017-03-31,,,,,,,,41838000000,-0.542,,,,27310000000,,10.51,10.51,,,,,2683996000000,,,,,92525000000,6425000000,-48881000000,,,0.571,,,,,,true,false,12,2016-04-01,2017-03-31,0
2017-04-27,67010,2016-03-31,,,,,,,,91418000000,,,,,75923000000,,29.22,,,,,,2528904000000,,,,,97829000000,-32202000000,-50082000000,,,0.205,,,,,,true,false,12,2015-04-01,2016-03-31,-1
2017-04-27,67010,2018-03-31,,,,,,,,50000000000,0.195,,,,30000000000,,11.54,,,,,,,,,,,,,,,,0.520,,,,,,true,true,12,2017-04-01,2018-03-31,1
2017-04-27,67010,2018-03-31,,,,,,,,,,,,,,,,,,,,,,,,,,,,,,6.00,,,,,,,false,true,12,2017-04-01,2018-03-31,1
2017-07-31,67010,2018-03-31,1,,,,,,,-14441000000,,,,,7831000000,,3.01,3.01,,,,,2662209000000,,,,,,,,,,,,,,,,true,false,3,2017-04-01,2017-06-30,0
2017-07-31,67010,2017-03-31,1,,,,,,,-29944000000,,,,,-20104000000,,-7.74,,,,,,,,,,,,,,,,,,,,,,true,false,3,2016-04-01,2016-06-30,-1
2017-07-31,67010,2018-03-31,1,,,,,,,50000000000,0.195,,,,30000000000,,115.45,,,,,,,,,,,,,,,,,,,,,,true,true,12,2017-04-01,2018-03-31,0
2017-07-31,67010,2017-03-31,1,,,,,,,,,,,,,,,,,,,,2683996000000,,,,,,,,,,,,,,,,true,false,12,2016-04-01,2017-03-31,-1
2017-07-31,67010,2017-03-31,1,,,,,,,,,,,,,,,,,,,,,,,,,,,,,6.00,,,,2604732635,6149388,,false,false,12,2016-04-01,2017-03-31,-1
2017-07-31,67010,2018-03-31,1,,,,,,,,,,,,,,,,,,,,,,,,,,,,,60.00,,,,,,,false,true,12,2017-04-01,2018-03-31,0
2017-07-31,67010,2018-03-31,1,,,,,,,,,,,,,,,,,,,,,,,,,,,,,,,,,2604732635,6168159,2598574553,false,false,3,2017-04-01,2017-06-30,0
2017-07-31,67010,2017-03-31,1,,,,,,,,,,,,,,,,,,,,,,,,,,,,,,,,,,,2598669000,false,false,3,2016-04-01,2016-06-30,-1
2017-10-31,67010,2018-03-31,2,,,,,,,7272000000,0.942,,,,18817000000,,72.42,72.41,,,,,2716405000000,,,,,,,,,,,,,,,,true,false,6,2017-04-01,2017-09-30,0
2017-10-31,67010,2017-03-31,2,,,,,,,3744000000,-0.803,,,,13118000000,,50.48,,,,,,,,,,,,,,,,,,,,,,true,false,6,2016-04-01,2016-09-30,-1
2017-10-31,67010,2018-03-31,2,,,,,,,50000000000,0.195,,,,35000000000,,134.69,,,,,,,,,,,,,,,,,,,,,,true,true,12,2017-04-01,2018-03-31,0
2017-10-31,67010,2017-03-31,2,,,,,,,,,,,,,,,,,,,,2683996000000,,,,,,,,,,,,,,,,true,false,12,2016-04-01,2017-03-31,-1
2017-10-31,67010,2017-03-31,2,,,,,,,,,,,,,,,,,,,,,,,,,,,,,6.00,,,,260473263,622351,,false,false,12,2016-04-01,2017-03-31,-1
2017-10-31,67010,2018-03-31,2,,,,,,,,,,,,,,,,,,,,,,,,,,,,,0.00,,,,,,,false,false,12,2017-04-01,2018-03-31,0
2017-10-31,67010,2018-03-31,2,,,,,,,,,,,,,,,,,,,,,,,,,,,,,60.00,,,,,,,false,true,12,2017-04-01,2018-03-31,0
2017-10-31,67010,2018-03-31,2,,,,,,,,,,,,,,,,,,,,,,,,,,,,,,,,,260473263,626969,259848786,false,false,6,2017-04-01,2017-09-30,0
2017-10-31,67010,2017-03-31,2,,,,,,,,,,,,,,,,,,,,,,,,,,,,,,,,,,,259858437,false,false,6,2016-04-01,2016-09-30,-1
2018-01-30,67010,2018-03-31,3,,,,,,,14272000000,,,,,17582000000,,67.66,67.66,,,,,2710345000000,,,,,,,,,,,,,,,,true,false,9,2017-04-01,2017-12-31,0
2018-01-30,67010,2017-03-31,3,,,,,,,-17035000000,,,,,-2846000000,,-10.95,,,,,,,,,,,,,,,,,,,,,,true,false,9,2016-04-01,2016-12-31,-1
2018-01-30,67010,2018-03-31,3,,,,,,,60000000000,0.434,,,,40000000000,,153.57,,,,,,,,,,,,,,,,,,,,,,true,true,12,2017-04-01,2018-03-31,0
2018-01-30,67010,2017-03-31,3,,,,,,,,,,,,,,,,,,,,2683996000000,,,,,,,,,,,,,,,,true,false,12,2016-04-01,2017-03-31,-1
2018-01-30,67010,2017-03-31,3,,,,,,,,,,,,,,,,,,,,,,,,,,,,,6.00,,,,260473263,622351,,false,false,12,2016-04-01,2017-03-31,-1
2018-01-30,67010,2018-03-31,3,,,,,,,,,,,,,,,,,,,,,,,,,,,,,0.00,,,,,,,false,false,12,2017-04-01,2018-03-31,0
2018-01-30,67010,2018-03-31,3,,,,,,,,,,,,,,,,,,,,,,,,,,,,,60.00,,,,,,,false,true,12,2017-04-01,2018-03-31,0
2018-01-30,67010,2018-03-31,3,,,,,,,,,,,,,,,,,,,,,,,,,,,,,,,,,260473263,633985,259846723,false,false,9,2017-04-01,2017-12-31,0
2018-01-30,67010,2017-03-31,3,,,,,,,,,,,,,,,,,,,,,,,,,,,,,,,,,,,259857288,false,false,9,2016-04-01,2016-12-31,-1
2018-04-27,67010,2018-03-31,,1574370000000,-0.063,,,,,-32022000000,,13329000000,,33963000000,,2.578,130.71,,,,,,2057081000000,718911000000,0.349,2767.41,718911000000,,,,,60.00,,,,260473263,701936,259824475,false,false,12,2017-04-01,2018-03-31,0
2018-04-27,67010,2017-03-31,,1679423000000,-0.077,,,,,-38031000000,,660000000,-0.977,9492000000,,-0.774,36.52,,,,,,1988028000000,702171000000,0.353,2702.06,702171000000,,,,,6.00,,,,260473263,622351,259855993,false,false,12,2016-04-01,2017-03-31,-1
2018-04-27,67010,2018-03-31,,,,,,,,63850000000,0.526,,,,45870000000,,176.54,176.54,,,,,2821351000000,,,,,129981000000,-14231000000,-7239000000,,,0.340,,,,,,true,false,12,2017-04-01,2018-03-31,0
2018-04-27,67010,2017-03-31,,,,,,,,41838000000,-0.542,,,,27310000000,,105.10,105.10,,,,,2683996000000,,,,,92525000000,6425000000,-48881000000,,,0.571,,,,,,true,false,12,2016-04-01,2017-03-31,-1
2018-04-27,67010,2019-03-31,,,,,,,,50000000000,-0.217,,,,25000000000,,96.24,,,,,,,,,,,,,,,,0.416,,,,,,true,true,12,2018-04-01,2019-03-31,1
2018-04-27,67010,2019-03-31,,,,,,,,,,,,,,,,,,,,,,,,,,,,,,40.00,,,,,,,false,true,12,2018-04-01,2019-03-31,1
2018-07-31,67010,2019-03-31,1,,,,,,,-10700000000,,,,,-5760000000,,-22.17,-22.18,,,,,2741407000000,,,,,,,,,,,,,,,,true,false,3,2018-04-01,2018-06-30,0
2018-07-31,67010,2018-03-31,1,,,,,,,-14441000000,,,,,7831000000,,30.14,30.14,,,,,,,,,,,,,,,,,,,,,true,false,3,2017-04-01,2017-06-30,-1
2018-07-31,67010,2019-03-31,1,,,,,,,50000000000,-0.217,,,,25000000000,,96.24,,,,,,,,,,,,,,,,,,,,,,true,true,12,2018-04-01,2019-03-31,0
2018-07-31,67010,2018-03-31,1,,,,,,,,,,,,,,,,,,,,2821351000000,,,,,,,,,,,,,,,,true,false,12,2017-04-01,2018-03-31,-1
2018-07-31,67010,2018-03-31,1,,,,,,,,,,,,,,,,,,,,,,,,,,,,,60.00,,,,260473263,701936,,false,false,12,2017-04-01,2018-03-31,-1
2018-07-31,67010,2019-03-31,1,,,,,,,,,,,,,,,,,,,,,,,,,,,,,40.00,,,,,,,false,true,12,2018-04-01,2019-03-31,0
2018-07-31,67010,2019-03-31,1,,,,,,,,,,,,,,,,,,,,,,,,,,,,,,,,,260473263,703641,259770476,false,false,3,2018-04-01,2018-06-30,0
2018-07-31,67010,2018-03-31,1,,,,,,,,,,,,,,,,,,,,,,,,,,,,,,,,,,,259850042,false,false,3,2017-04-01,2017-06-30,-1
2018-10-30,67010,2019-03-31,2,,,,,,,13825000000,0.901,,,,9159000000,,35.26,35.26,,,,,2832499000000,,,,,,,,,,,,,,,,true,false,6,2018-04-01,2018-09-30,0
2018-10-30,67010,2018-03-31,2,,,,,,,7272000000,0.942,,,,18817000000,,72.42,72.41,,,,,,,,,,,,,,,,,,,,,true,false,6,2017-04-01,2017-09-30,-1
2018-10-30,67010,2019-03-31,2,,,,,,,50000000000,-0.217,,,,25000000000,,96.24,,,,,,,,,,,,,,,,,,,,,,true,true,12,2018-04-01,2019-03-31,0
2018-10-30,67010,2018-03-31,2,,,,,,,,,,,,,,,,,,,,2821351000000,,,,,,,,,,,,,,,,true,false,12,2017-04-01,2018-03-31,-1
2018-10-30,67010,2018-03-31,2,,,,,,,,,,,,,,,,,,,,,,,,,,,,,60.00,,,,260473263,701936,,false,false,12,2017-04-01,2018-03-31,-1
2018-10-30,67010,2019-03-31,2,,,,,,,,,,,,,,,,,,,,,,,,,,,,,0.00,,,,,,,false,false,12,2018-04-01,2019-03-31,0
2018-10-30,67010,2019-03-31,2,,,,,,,,,,,,,,,,,,,,,,,,,,,,,40.00,,,,,,,false,true,12,2018-04-01,2019-03-31,0
2018-10-30,67010,2019-03-31,2,,,,,,,,,,,,,,,,,,,,,,,,,,,,,,,,,260473263,760666,259761560,false,false,6,2018-04-01,2018-09-30,0
2018-10-30,67010,2018-03-31,2,,,,,,,,,,,,,,,,,,,,,,,,,,,,,,,,,,,259848786,false,false,6,2017-04-01,2017-09-30,-1
2019-01-30,67010,2019-03-31,3,,,,,,,16688000000,0.169,,,,7652000000,,29.46,29.46,,,,,2760849000000,,,,,,,,,,,,,,,,true,false,9,2018-04-01,2018-12-31,0
2019-01-30,67010,2018-03-31,3,,,,,,,14272000000,,,,,17582000000,,67.66,67.66,,,,,,,,,,,,,,,,,,,,,true,false,9,2017-04-01,2017-12-31,-1
2019-01-30,67010,2019-03-31,3,,,,,,,50000000000,-0.217,,,,25000000000,,96.24,,,,,,,,,,,,,,,,,,,,,,true,true,12,2018-04-01,2019-03-31,0
2019-01-30,67010,2018-03-31,3,,,,,,,,,,,,,,,,,,,,2821351000000,,,,,,,,,,,,,,,,true,false,12,2017-04-01,2018-03-31,-1
2019-01-30,67010,2018-03-31,3,,,,,,,,,,,,,,,,,,,,,,,,,,,,,60.00,,,,260473263,701936,,false,false,12,2017-04-01,2018-03-31,-1
2019-01-30,67010,2019-03-31,3,,,,,,,,,,,,,,,,,,,,,,,,,,,,,0.00,,,,,,,false,false,12,2018-04-01,2019-03-31,0
2019-01-30,67010,2019-03-31,3,,,,,,,,,,,,,,,,,,,,,,,,,,,,,40.00,,,,,,,false,true,12,2018-04-01,2019-03-31,0
2019-01-30,67010,2019-03-31,3,,,,,,,,,,,,,,,,,,,,,,,,,,,,,,,,,260473263,763137,259746394,false,false,9,2018-04-01,2018-12-31,0
2019-01-30,67010,2018-03-31,3,,,,,,,,,,,,,,,,,,,,,,,,,,,,,,,,,,,259846723,false,false,9,2017-04-01,2017-12-31,-1
2019-04-24,67010,2019-03-31,,,,,,,,58000000000,0.160,,,,40000000000,,,,,,,,,,,,,,,,,,,,,,,,true,true,12,2018-04-01,2019-03-31,0
2019-04-24,67010,2018-03-31,,,,,,,,63850000000,,,,,45870000000,,,,,,,,,,,,,,,,,,,,,,,,true,false,12,2017-04-01,2018-03-31,-1
2019-04-26,67010,2019-03-31,,1654242000000,0.051,,,,,3255000000,,35644000000,1.674,21603000000,,-0.364,83.17,,,,,,2129875000000,720575000000,0.338,2774.49,720575000000,,,,,40.00,,,,260473263,763126,259737901,false,false,12,2018-04-01,2019-03-31,0
2019-04-26,67010,2018-03-31,,1574370000000,-0.063,,,,,-32022000000,,13329000000,,33963000000,,2.578,130.71,,,,,,2057081000000,718911000000,0.349,2767.41,718911000000,,,,,60.00,,,,260473263,701936,259824475,false,false,12,2017-04-01,2018-03-31,-1
2019-04-26,67010,2019-03-31,,,,,,,,58465000000,-0.084,,,,40195000000,,154.75,154.75,,,,,2950639000000,,,,,64235000000,-76675000000,-50503000000,,,0.258,,,,,,true,false,12,2018-04-01,2019-03-31,0
2019-04-26,67010,2018-03-31,,,,,,,,63850000000,0.526,,,,45870000000,,176.54,176.54,,,,,2821351000000,,,,,129981000000,-14231000000,-7239000000,,,0.340,,,,,,true,false,12,2017-04-01,2018-03-31,-1
2019-04-26,67010,2020-03-31,,,,,,,,110000000000,0.881,,,,65000000000,,250.28,,,,,,,,,,,,,,,,0.240,,,,,,true,true,12,2019-04-01,2020-03-31,1
2019-04-26,67010,2020-03-31,,,,,,,,,,,,,,,,,,,,,,,,,,,,,,60.00,,,,,,,false,true,12,2019-04-01,2020-03-31,1
2019-07-31,67010,2020-03-31,1,,,,,,,5417000000,,,,,4578000000,,17.63,17.63,,,,,2968039000000,,,,,,,,,,,,,,,,true,false,3,2019-04-01,2019-06-30,0
2019-07-31,67010,2019-03-31,1,,,,,,,-10700000000,,,,,-5760000000,,-22.17,-22.18,,,,,,,,,,,,,,,,,,,,,true,false,3,2018-04-01,2018-06-30,-1
2019-07-31,67010,2020-03-31,1,,,,,,,110000000000,0.881,,,,65000000000,,250.28,,,,,,,,,,,,,,,,,,,,,,true,true,12,2019-04-01,2020-03-31,0
2019-07-31,67010,2019-03-31,1,,,,,,,,,,,,,,,,,,,,2950639000000,,,,,,,,,,,,,,,,true,false,12,2018-04-01,2019-03-31,-1
2019-07-31,67010,2019-03-31,1,,,,,,,,,,,,,,,,,,,,,,,,,,,,,40.00,,,,260473263,763126,,false,false,12,2018-04-01,2019-03-31,-1
2019-07-31,67010,2020-03-31,1,,,,,,,,,,,,,,,,,,,,,,,,,,,,,60.00,,,,,,,false,true,12,2019-04-01,2020-03-31,0
2019-07-31,67010,2020-03-31,1,,,,,,,,,,,,,,,,,,,,,,,,,,,,,,,,,260473263,765036,259709208,false,false,3,2019-04-01,2019-06-30,0
2019-07-31,67010,2019-03-31,1,,,,,,,,,,,,,,,,,,,,,,,,,,,,,,,,,,,259770476,false,false,3,2018-04-01,2018-06-30,-1
2019-10-29,67010,2020-03-31,2,,,,,,,46856000000,2.389,,,,29162000000,,112.30,112.30,,,,,2983735000000,,,,,,,,,,,,,,,,true,false,6,2019-04-01,2019-09-30,0
2019-10-29,67010,2019-03-31,2,,,,,,,13825000000,0.901,,,,9159000000,,35.26,35.26,,,,,,,,,,,,,,,,,,,,,true,false,6,2018-04-01,2018-09-30,-1
2019-10-29,67010,2020-03-31,2,,,,,,,110000000000,0.881,,,,65000000000,,250.28,,,,,,,,,,,,,,,,,,,,,,true,true,12,2019-04-01,2020-03-31,0
2019-10-29,67010,2019-03-31,2,,,,,,,,,,,,,,,,,,,,2963222000000,,,,,,,,,,,,,,,,true,false,12,2018-04-01,2019-03-31,-1
2019-10-29,67010,2019-03-31,2,,,,,,,,,,,,,,,,,,,,,,,,,,,,,40.00,,,,260473263,763126,,false,false,12,2018-04-01,2019-03-31,-1
2019-10-29,67010,2020-03-31,2,,,,,,,,,,,,,,,,,,,,,,,,,,,,,30.00,,,,,,,false,false,12,2019-04-01,2020-03-31,0
2019-10-29,67010,2020-03-31,2,,,,,,,,,,,,,,,,,,,,,,,,,,,,,60.00,,,,,,,false,true,12,2019-04-01,2020-03-31,0
2019-10-29,67010,2020-03-31,2,,,,,,,,,,,,,,,,,,,,,,,,,,,,,,,,,260473263,881876,259690532,false,false,6,2019-04-01,2019-09-30,0
2019-10-29,67010,2019-03-31,2,,,,,,,,,,,,,,,,,,,,,,,,,,,,,,,,,,,259761560,false,false,6,2018-04-01,2018-09-30,-1
2020-01-29,67010,2020-03-31,3,,,,,,,77906000000,3.668,,,,49196000000,,189.46,189.46,,,,,3041887000000,,,,,,,,,,,,,,,,true,false,9,2019-04-01,2019-12-31,0
2020-01-29,67010,2019-03-31,3,,,,,,,16688000000,0.169,,,,7652000000,,29.46,29.46,,,,,,,,,,,,,,,,,,,,,true,false,9,2018-04-01,2018-12-31,-1
2020-01-29,67010,2020-03-31,3,,,,,,,110000000000,0.881,,,,65000000000,,250.28,,,,,,,,,,,,,,,,,,,,,,true,true,12,2019-04-01,2020-03-31,0
2020-01-29,67010,2019-03-31,3,,,,,,,,,,,,,,,,,,,,2963222000000,,,,,,,,,,,,,,,,true,false,12,2018-04-01,2019-03-31,-1
2020-01-29,67010,2019-03-31,3,,,,,,,,,,,,,,,,,,,,,,,,,,,,,40.00,,,,260473263,763126,,false,false,12,2018-04-01,2019-03-31,-1
2020-01-29,67010,2020-03-31,3,,,,,,,,,,,,,,,,,,,,,,,,,,,,,30.00,,,,,,,false,false,12,2019-04-01,2020-03-31,0
2020-01-29,67010,2020-03-31,3,,,,,,,,,,,,,,,,,,,,,,,,,,,,,60.00,,,,,,,false,true,12,2019-04-01,2020-03-31,0
2020-01-29,67010,2020-03-31,3,,,,,,,,,,,,,,,,,,,,,,,,,,,,,,,,,260473263,883548,259661268,false,false,9,2019-04-01,2019-12-31,0
2020-01-29,67010,2019-03-31,3,,,,,,,,,,,,,,,,,,,,,,,,,,,,,,,,,,,259746394,false,false,9,2018-04-01,2018-12-31,-1
2020-05-08,67010,2020-03-31,,,,,,,,127000000000,0.155,,,,100000000000,,,,,,,,,,,,,,,,,,,,,,,,true,true,12,2019-04-01,2020-03-31,0
2020-05-08,67010,2019-03-31,,,,,,,,57780000000,,,,,39675000000,,,,,,,,,,,,,,,,,,,,,,,,true,false,12,2018-04-01,2019-03-31,-1
2020-05-12,67010,2020-03-31,,1789661000000,0.082,,,,,56815000000,,64508000000,0.810,38843000000,,0.798,149.60,,,,,,2100174000000,719433000000,0.343,2771.40,719433000000,,,,,70.00,,,,260473263,885719,259644373,false,false,12,2019-04-01,2020-03-31,0
2020-05-12,67010,2019-03-31,,1654242000000,0.051,,,,,3255000000,,35644000000,1.674,21603000000,,-0.364,83.17,,,,,,2129875000000,720575000000,0.338,2774.49,720575000000,,,,,40.00,,,,260473263,763126,259737901,false,false,12,2018-04-01,2019-03-31,-1
2020-05-12,67010,2020-03-31,,,,,,,,127609000000,1.209,,,,99967000000,,385.02,385.01,,,,,3123254000000,,,,,261863000000,-84023000000,-91747000000,,,0.182,,,,,,true,false,12,2019-04-01,2020-03-31,0
2020-05-12,67010,2019-03-31,,,,,,,,57780000000,-0.095,,,,39675000000,,152.75,152.75,,,,,2963222000000,,,,,64235000000,-76675000000,-50503000000,,,0.262,,,,,,true,false,12,2018-04-01,2019-03-31,-1
2020-05-12,67010,2021-03-31,,,,,,,,150000000000,0.175,,,,90000000000,,346.70,,,,,,,,,,,,,,,,0.231,,,,,,true,true,12,2020-04-01,2021-03-31,1
2020-05-12,67010,2021-03-31,,,,,,,,,,,,,,,,,,,,,,,,,,,,,,80.00,,,,,,,false,true,12,2020-04-01,2021-03-31,1
2020-07-31,67010,2021-03-31,1,,,,,,,-10274000000,,,,,-5002000000,,-19.27,-19.27,,,,,2969658000000,,,,,,,,,,,,,,,,true,false,3,2020-04-01,2020-06-30,0
2020-07-31,67010,2020-03-31,1,,,,,,,3382000000,,,,,3265000000,,12.57,12.57,,,,,,,,,,,,,,,,,,,,,true,false,3,2019-04-01,2019-06-30,-1
2020-07-31,67010,2021-03-31,1,,,,,,,150000000000,0.175,,,,90000000000,,335.07,,,,,,,,,,,,,,,,,,,,,,true,true,12,2020-04-01,2021-03-31,0
2020-07-31,67010,2020-03-31,1,,,,,,,,,,,,,,,,,,,,3123254000000,,,,,,,,,,,,,,,,true,false,12,2019-04-01,2020-03-31,-1
2020-07-31,67010,2020-03-31,1,,,,,,,,,,,,,,,,,,,,,,,,,,,,,70.00,,,,260473263,885719,,false,false,12,2019-04-01,2020-03-31,-1
2020-07-31,67010,2021-03-31,1,,,,,,,,,,,,,,,,,,,,,,,,,,,,,80.00,,,,,,,false,true,12,2020-04-01,2021-03-31,0
2020-07-31,67010,2021-03-31,1,,,,,,,,,,,,,,,,,,,,,,,,,,,,,,,,,260473263,1005867,259527577,false,false,3,2020-04-01,2020-06-30,0
2020-07-31,67010,2020-03-31,1,,,,,,,,,,,,,,,,,,,,,,,,,,,,,,,,,,,259709208,false,false,3,2019-04-01,2019-06-30,-1
2020-10-29,67010,2021-03-31,2,,,,,,,19973000000,-0.574,,,,11008000000,,41.53,41.53,,,,,3025927000000,,,,,,,,,,,,,,,,true,false,6,2020-04-01,2020-09-30,0
2020-10-29,67010,2020-03-31,2,,,,,,,46856000000,2.389,,,,29162000000,,112.30,112.30,,,,,,,,,,,,,,,,,,,,,true,false,6,2019-04-01,2019-09-30,-1
2020-10-29,67010,2021-03-31,2,,,,,,,150000000000,0.175,,,,90000000000,,335.07,,,,,,,,,,,,,,,,,,,,,,true,true,12,2020-04-01,2021-03-31,0
2020-10-29,67010,2020-03-31,2,,,,,,,,,,,,,,,,,,,,3123254000000,,,,,,,,,,,,,,,,true,false,12,2019-04-01,2020-03-31,-1
2020-10-29,67010,2020-03-31,2,,,,,,,,,,,,,,,,,,,,,,,,,,,,,70.00,,,,260473263,885719,,false,false,12,2019-04-01,2020-03-31,-1
2020-10-29,67010,2021-03-31,2,,,,,,,,,,,,,,,,,,,,,,,,,,,,,40.00,,,,,,,false,false,12,2020-04-01,2021-03-31,0
2020-10-29,67010,2021-03-31,2,,,,,,,,,,,,,,,,,,,,,,,,,,,,,80.00,,,,,,,false,true,12,2020-04-01,2021-03-31,0
2020-10-29,67010,2021-03-31,2,,,,,,,,,,,,,,,,,,,,,,,,,,,,,,,,,272849863,361816,265082491,false,false,6,2020-04-01,2020-09-30,0
2020-10-29,67010,2020-03-31,2,,,,,,,,,,,,,,,,,,,,,,,,,,,,,,,,,,,259690532,false,false,6,2019-04-01,2019-09-30,-1
2021-01-29,67010,2021-03-31,3,,,,,,,82375000000,0.057,,,,54536000000,,204.02,204.02,,,,,3343873000000,,,,,,,,,,,,,,,,true,false,9,2020-04-01,2020-12-31,0
2021-01-29,67010,2020-03-31,3,,,,,,,77906000000,3.668,,,,49196000000,,189.46,189.46,,,,,,,,,,,,,,,,,,,,,true,false,9,2019-04-01,2019-12-31,-1
2021-01-29,67010,2021-03-31,3,,,,,,,150000000000,0.175,,,,90000000000,,335.07,,,,,,,,,,,,,,,,,,,,,,true,true,12,2020-04-01,2021-03-31,0
2021-01-29,67010,2020-03-31,3,,,,,,,,,,,,,,,,,,,,3123254000000,,,,,,,,,,,,,,,,true,false,12,2019-04-01,2020-03-31,-1
2021-01-29,67010,2020-03-31,3,,,,,,,,,,,,,,,,,,,,,,,,,,,,,70.00,,,,260473263,885719,,false,false,12,2019-04-01,2020-03-31,-1
2021-01-29,67010,2021-03-31,3,,,,,,,,,,,,,,,,,,,,,,,,,,,,,40.00,,,,,,,false,false,12,2020-04-01,2021-03-31,0
2021-01-29,67010,2021-03-31,3,,,,,,,,,,,,,,,,,,,,,,,,,,,,,80.00,,,,,,,false,true,12,2020-04-01,2021-03-31,0
2021-01-29,67010,2021-03-31,3,,,,,,,,,,,,,,,,,,,,,,,,,,,,,,,,,272849863,354025,267306903,false,false,9,2020-04-01,2020-12-31,0
2021-01-29,67010,2020-03-31,3,,,,,,,,,,,,,,,,,,,,,,,,,,,,,,,,,,,259661268,false,false,9,2019-04-01,2019-12-31,-1
2021-05-12,67010,2021-03-31,,1705459000000,-0.047,,,,,52403000000,-0.078,66267000000,0.027,164404000000,,3.233,612.27,,,,,,2396088000000,928862000000,0.388,3408.74,928862000000,,,,,90.00,,,,272849863,356713,268503921,false,false,12,2020-04-01,2021-03-31,0
2021-05-12,67010,2020-03-31,,1789661000000,0.082,,,,,56815000000,,64508000000,0.810,38843000000,,0.798,149.60,,,,,,2100174000000,719433000000,0.343,2771.40,719433000000,,,,,70.00,,,,260473263,885719,259644373,false,false,12,2019-04-01,2020-03-31,-1
2021-05-12,67010,2021-03-31,,,,,,,,153759000000,0.205,,,,149606000000,,557.18,557.18,,,,,3668564000000,,,,,274907000000,-122491000000,1394000000,,,0.162,,,,,,true,false,12,2020-04-01,2021-03-31,0
2021-05-12,67010,2020-03-31,,,,,,,,127609000000,1.209,,,,99967000000,,385.02,385.01,,,,,3123254000000,,,,,261863000000,-84023000000,-91747000000,,,0.182,,,,,,true,false,12,2019-04-01,2020-03-31,-1
2021-05-12,67010,2022-03-31,,,,,,,,120000000000,-0.220,,,,67000000000,,245.88,,,,,,,,,,,,,,,,0.407,,,,,,true,true,12,2021-04-01,2022-03-31,1
2021-05-12,67010,2022-03-31,,,,,,,,,,,,,,,,,,,,,,,,,,,,,,100.00,,,,,,,false,true,12,2021-04-01,2022-03-31,1
2021-07-30,67010,2022-03-31,1,,,,,,,1133000000,,,,,226000000,,0.83,0.83,,,,,3518882000000,,,,,,,,,,,,,,,,true,false,3,2021-04-01,2021-06-30,0
2021-07-30,67010,2021-03-31,1,,,,,,,-10274000000,,,,,-5002000000,,-19.27,-19.27,,,,,,,,,,,,,,,,,,,,,true,false,3,2020-04-01,2020-06-30,-1
2021-07-30,67010,2022-03-31,1,,,,,,,120000000000,-0.220,,,,67000000000,,245.88,,,,,,,,,,,,,,,,,,,,,,true,true,12,2021-04-01,2022-03-31,0
2021-07-30,67010,2021-03-31,1,,,,,,,,,,,,,,,,,,,,3668564000000,,,,,,,,,,,,,,,,true,false,12,2020-04-01,2021-03-31,-1
2021-07-30,67010,2021-03-31,1,,,,,,,,,,,,,,,,,,,,,,,,,,,,,90.00,,,,272849863,356713,,false,false,12,2020-04-01,2021-03-31,-1
2021-07-30,67010,2022-03-31,1,,,,,,,,,,,,,,,,,,,,,,,,,,,,,100.00,,,,,,,false,true,12,2021-04-01,2022-03-31,0
2021-07-30,67010,2022-03-31,1,,,,,,,,,,,,,,,,,,,,,,,,,,,,,,,,,272849863,460507,272466711,false,false,3,2021-04-01,2021-06-30,0
2021-07-30,67010,2021-03-31,1,,,,,,,,,,,,,,,,,,,,,,,,,,,,,,,,,,,259527577,false,false,3,2020-04-01,2020-06-30,-1
2021-10-29,6701,2022-03-31,2,,,,,,,23205000000,0.162,,,,13342000000,,48.97,48.97,,,,,3515669000000,,,,,,,,,,,,,,,,true,false,6,2021-04-01,2021-09-30,0
2021-10-29,6701,2021-03-31,2,,,,,,,19973000000,-0.574,,,,11008000000,,41.53,41.53,,,,,,,,,,,,,,,,,,,,,true,false,6,2020-04-01,2020-09-30,-1
2021-10-29,6701,2022-03-31,2,,,,,,,120000000000,-0.220,,,,67000000000,,245.88,,,,,,,,,,,,,,,,,,,,,,true,true,12,2021-04-01,2022-03-31,0
2021-10-29,6701,2021-03-31,2,,,,,,,,,,,,,,,,,,,,3668564000000,,,,,,,,,,,,,,,,true,false,12,2020-04-01,2021-03-31,-1
2021-10-29,6701,2021-03-31,2,,,,,,,,,,,,,,,,,,,,,,,,,,,,,90.00,,,,272849863,356713,,false,false,12,2020-04-01,2021-03-31,-1
2021-10-29,6701,2022-03-31,2,,,,,,,,,,,,,,,,,,,,,,,,,,,,,50.00,,,,,,,false,false,12,2021-04-01,2022-03-31,0
2021-10-29,6701,2022-03-31,2,,,,,,,,,,,,,,,,,,,,,,,,,,,,,100.00,,,,,,,false,true,12,2021-04-01,2022-03-31,0
2021-10-29,6701,2022-03-31,2,,,,,,,,,,,,,,,,,,,,,,,,,,,,,,,,,272849863,391840,272443043,false,false,6,2021-04-01,2021-09-30,0
2021-10-29,6701,2021-03-31,2,,,,,,,,,,,,,,,,,,,,,,,,,,,,,,,,,,,265082491,false,false,6,2020-04-01,2020-09-30,-1
2022-01-31,6701,2022-03-31,3,,,,,,,47262000000,-0.426,,,,24933000000,,91.51,91.51,,,,,3528718000000,,,,,,,,,,,,,,,,true,false,9,2021-04-01,2021-12-31,0
2022-01-31,6701,2021-03-31,3,,,,,,,82375000000,0.057,,,,54536000000,,204.02,204.02,,,,,,,,,,,,,,,,,,,,,true,false,9,2020-04-01,2020-12-31,-1
2022-01-31,6701,2022-03-31,3,,,,,,,125000000000,-0.187,,,,70000000000,,256.89,,,,,,,,,,,,,,,,,,,,,,true,true,12,2021-04-01,2022-03-31,0
2022-01-31,6701,2021-03-31,3,,,,,,,,,,,,,,,,,,,,3668564000000,,,,,,,,,,,,,,,,true,false,12,2020-04-01,2021-03-31,-1
2022-01-31,6701,2021-03-31,3,,,,,,,,,,,,,,,,,,,,,,,,,,,,,90.00,,,,272849863,356713,,false,false,12,2020-04-01,2021-03-31,-1
2022-01-31,6701,2022-03-31,3,,,,,,,,,,,,,,,,,,,,,,,,,,,,,50.00,,,,,,,false,false,12,2021-04-01,2022-03-31,0
2022-01-31,6701,2022-03-31,3,,,,,,,,,,,,,,,,,,,,,,,,,,,,,100.00,,,,,,,false,true,12,2021-04-01,2022-03-31,0
2022-01-31,6701,2022-03-31,3,,,,,,,,,,,,,,,,,,,,,,,,,,,,,,,,,272849863,392211,272447409,false,false,9,2021-04-01,2021-12-31,0
2022-01-31,6701,2021-03-31,3,,,,,,,,,,,,,,,,,,,,,,,,,,,,,,,,,,,267306903,false,false,9,2020-04-01,2020-12-31,-1
2022-04-28,6701,2022-03-31,,1664434000000,-0.024,,,,,6458000000,-0.877,28461000000,-0.571,82200000000,,-0.500,301.71,,,,,,2321679000000,976260000000,0.420,3583.17,976260000000,,,,,100.00,,,,272849863,393971,272449514,false,false,12,2021-04-01,2022-03-31,0
2022-04-28,6701,2021-03-31,,1705459000000,-0.047,,,,,52403000000,-0.078,66267000000,0.027,164404000000,,3.233,612.27,,,,,,2396088000000,928862000000,0.388,3408.74,928862000000,,,,,90.00,,,,272849863,356713,268503921,false,false,12,2020-04-01,2021-03-31,-1
2022-04-28,6701,2022-03-31,,,,,,,,132525000000,-0.138,,,,141277000000,,518.54,518.54,,,,,3761733000000,,,,,147517000000,-63377000000,-189616000000,,,0.193,,,,,,true,false,12,2021-04-01,2022-03-31,0
2022-04-28,6701,2021-03-31,,,,,,,,153759000000,0.205,,,,149606000000,,557.18,557.18,,,,,3668564000000,,,,,274907000000,-122491000000,1394000000,,,0.162,,,,,,true,false,12,2020-04-01,2021-03-31,-1
2022-04-28,6701,2023-03-31,,,,,,,,185000000000,0.082,,,,115000000000,,422.09,,,,,,,,,,,,,,,,,,,,,,true,true,12,2022-04-01,2023-03-31,1
2022-04-28,6701,2023-03-31,,,,,,,,,,,,,,,,,,,,,,,,,,,,,,110.00,,,,,,,false,true,12,2022-04-01,2023-03-31,1
2022-07-28,6701,2023-03-31,1,,,,,,,-15341000000,,,,,-13862000000,,-50.88,-50.89,,,,,3694294000000,,,,,,,,,,,,,,,,true,false,3,2022-04-01,2022-06-30,0
2022-07-28,6701,2022-03-31,1,,,,,,,1133000000,,,,,226000000,,0.83,0.83,,,,,,,,,,,,,,,,,,,,,true,false,3,2021-04-01,2021-06-30,-1
2022-07-28,6701,2023-03-31,1,,,,,,,185000000000,0.082,,,,115000000000,,422.09,,,,,,,,,,,,,,,,,,,,,,true,true,12,2022-04-01,2023-03-31,0
2022-07-28,6701,2022-03-31,1,,,,,,,,,,,,,,,,,,,,3761733000000,,,,,,,,,,,,,,,,true,false,12,2021-04-01,2022-03-31,-1
2022-07-28,6701,2022-03-31,1,,,,,,,,,,,,,,,,,,,,,,,,,,,,,100.00,,,,272849863,393971,,false,false,12,2021-04-01,2022-03-31,-1
2022-07-28,6701,2023-03-31,1,,,,,,,,,,,,,,,,,,,,,,,,,,,,,110.00,,,,,,,false,true,12,2022-04-01,2023-03-31,0
2022-07-28,6701,2023-03-31,1,,,,,,,,,,,,,,,,,,,,,,,,,,,,,,,,,272849863,493251,272430834,false,false,3,2022-04-01,2022-06-30,0
2022-07-28,6701,2022-03-31,1,,,,,,,,,,,,,,,,,,,,,,,,,,,,,,,,,,,272466711,false,false,3,2021-04-01,2021-06-30,-1
2022-10-28,6701,2023-03-31,2,,,,,,,13867000000,-0.402,,,,3973000000,,14.60,14.59,,,,,3858015000000,,,,,,,,,,,,,,,,true,false,6,2022-04-01,2022-09-30,0
2022-10-28,6701,2022-03-31,2,,,,,,,23205000000,0.162,,,,13342000000,,48.97,48.97,,,,,,,,,,,,,,,,,,,,,true,false,6,2021-04-01,2021-09-30,-1
2022-10-28,6701,2023-03-31,2,,,,,,,185000000000,0.082,,,,115000000000,,422.09,,,,,,,,,,,,,,,,,,,,,,true,true,12,2022-04-01,2023-03-31,0
2022-10-28,6701,2022-03-31,2,,,,,,,,,,,,,,,,,,,,3761733000000,,,,,,,,,,,,,,,,true,false,12,2021-04-01,2022-03-31,-1
2022-10-28,6701,2022-03-31,2,,,,,,,,,,,,,,,,,,,,,,,,,,,,,100.00,,,,272849863,393971,,false,false,12,2021-04-01,2022-03-31,-1
2022-10-28,6701,2023-03-31,2,,,,,,,,,,,,,,,,,,,,,,,,,,,,,55.00,,,,,,,false,false,12,2022-04-01,2023-03-31,0
2022-10-28,6701,2023-03-31,2,,,,,,,,,,,,,,,,,,,,,,,,,,,,,110.00,,,,,,,false,true,12,2022-04-01,2023-03-31,0
2022-10-28,6701,2023-03-31,2,,,,,,,,,,,,,,,,,,,,,,,,,,,,,,,,,272849863,2097217,272169648,false,false,6,2022-04-01,2022-09-30,0
2022-10-28,6701,2022-03-31,2,,,,,,,,,,,,,,,,,,,,,,,,,,,,,,,,,,,272443043,false,false,6,2021-04-01,2021-09-30,-1
2023-01-30,6701,2023-03-31,3,,,,,,,57099000000,0.208,,,,26369000000,,97.42,97.41,,,,,3889196000000,,,,,,,,,,,,,,,,true,false,9,2022-04-01,2022-12-31,0
2023-01-30,6701,2022-03-31,3,,,,,,,47262000000,-0.426,,,,24933000000,,91.51,91.51,,,,,,,,,,,,,,,,,,,,,true,false,9,2021-04-01,2021-12-31,-1
2023-01-30,6701,2023-03-31,3,,,,,,,185000000000,0.082,,,,115000000000,,426.51,,,,,,,,,,,,,,,,,,,,,,true,true,12,2022-04-01,2023-03-31,0
2023-01-30,6701,2022-03-31,3,,,,,,,,,,,,,,,,,,,,3761733000000,,,,,,,,,,,,,,,,true,false,12,2021-04-01,2022-03-31,-1
2023-01-30,6701,2022-03-31,3,,,,,,,,,,,,,,,,,,,,,,,,,,,,,100.00,,,,272849863,393971,,false,false,12,2021-04-01,2022-03-31,-1
2023-01-30,6701,2023-03-31,3,,,,,,,,,,,,,,,,,,,,,,,,,,,,,55.00,,,,,,,false,false,12,2022-04-01,2023-03-31,0
2023-01-30,6701,2023-03-31,3,,,,,,,,,,,,,,,,,,,,,,,,,,,,,110.00,,,,,,,false,true,12,2022-04-01,2023-03-31,0
2023-01-30,6701,2023-03-31,3,,,,,,,,,,,,,,,,,,,,,,,,,,,,,,,,,272849863,6500122,270672983,false,false,9,2022-04-01,2022-12-31,0
2023-01-30,6701,2022-03-31,3,,,,,,,,,,,,,,,,,,,,,,,,,,,,,,,,,,,272447409,false,false,9,2021-04-01,2021-12-31,-1
2023-04-28,6701,2023-03-31,,1775558000000,0.067,,,,,39119000000,5.057,71210000000,1.502,102109000000,,0.242,378.57,,,,,,2431755000000,1017113000000,0.418,3818.72,1017113000000,,,,,110.00,,,,272849863,6501510,269721996,false,false,12,2022-04-01,2023-03-31,0
2023-04-28,6701,2022-03-31,,1664434000000,-0.024,,,,,6458000000,-0.877,28461000000,-0.571,82200000000,,-0.500,301.71,,,,,,2321679000000,976260000000,0.420,3583.17,976260000000,,,,,100.00,,,,272849863,393971,272449514,false,false,12,2021-04-01,2022-03-31,-1
2023-04-28,6701,2023-03-31,,,,,,,,170447000000,0.286,,,,114500000000,,424.51,424.50,,,,,3984050000000,,,,,152127000000,-49591000000,-122786000000,,,0.259,,,,,,true,false,12,2022-04-01,2023-03-31,0
2023-04-28,6701,2022-03-31,,,,,,,,132525000000,-0.138,,,,141277000000,,518.54,518.54,,,,,3761733000000,,,,,147517000000,-63377000000,-189616000000,,,0.193,,,,,,true,false,12,2021-04-01,2022-03-31,-1
2023-04-28,6701,2024-03-31,,,,,,,,220000000000,0.070,,,,140000000000,,525.63,,,,,,,,,,,,,,,,,,,,,,true,true,12,2023-04-01,2024-03-31,1
2023-04-28,6701,2024-03-31,,,,,,,,,,,,,,,,,,,,,,,,,,,,,,120.00,,,,,,,false,true,12,2023-04-01,2024-03-31,1
2023-07-28,6701,2024-03-31,1,,,,,,,-8125000000,,,,,-7388000000,,-27.74,-27.74,,,,,4016079000000,,,,,,,,,,,,,,,,true,false,3,2023-04-01,2023-06-30,0
2023-07-28,6701,2023-03-31,1,,,,,,,-15341000000,,,,,-13862000000,,-50.88,-50.89,,,,,,,,,,,,,,,,,,,,,true,false,3,2022-04-01,2022-06-30,-1
2023-07-28,6701,2024-03-31,1,,,,,,,220000000000,0.070,,,,140000000000,,525.63,,,,,,,,,,,,,,,,,,,,,,true,true,12,2023-04-01,2024-03-31,0
2023-07-28,6701,2023-03-31,1,,,,,,,,,,,,,,,,,,,,3984050000000,,,,,,,,,,,,,,,,true,false,12,2022-04-01,2023-03-31,-1
2023-07-28,6701,2023-03-31,1,,,,,,,,,,,,,,,,,,,,,,,,,,,,,110.00,,,,272849863,6501510,,false,false,12,2022-04-01,2023-03-31,-1
2023-07-28,6701,2024-03-31,1,,,,,,,,,,,,,,,,,,,,,,,,,,,,,120.00,,,,,,,false,true,12,2023-04-01,2024-03-31,0
2023-07-28,6701,2024-03-31,1,,,,,,,,,,,,,,,,,,,,,,,,,,,,,,,,,272849863,6504172,266347281,false,false,3,2023-04-01,2023-06-30,0
2023-07-28,6701,2023-03-31,1,,,,,,,,,,,,,,,,,,,,,,,,,,,,,,,,,,,272430834,false,false,3,2022-04-01,2022-06-30,-1
2023-10-30,6701,2024-03-31,2,,,,,,,27995000000,1.019,,,,12914000000,,48.48,48.48,,,,,4078113000000,,,,,,,,,,,,,,,,true,false,6,2023-04-01,2023-09-30,0
2023-10-30,6701,2023-03-31,2,,,,,,,13867000000,-0.402,,,,3973000000,,14.60,14.59,,,,,,,,,,,,,,,,,,,,,true,false,6,2022-04-01,2022-09-30,-1
2023-10-30,6701,2024-03-31,2,,,,,,,220000000000,0.070,,,,140000000000,,525.63,,,,,,,,,,,,,,,,,,,,,,true,true,12,2023-04-01,2024-03-31,0
2023-10-30,6701,2023-03-31,2,,,,,,,,,,,,,,,,,,,,3984050000000,,,,,,,,,,,,,,,,true,false,12,2022-04-01,2023-03-31,-1
2023-10-30,6701,2023-03-31,2,,,,,,,,,,,,,,,,,,,,,,,,,,,,,110.00,,,,272849863,6501510,,false,false,12,2022-04-01,2023-03-31,-1
2023-10-30,6701,2024-03-31,2,,,,,,,,,,,,,,,,,,,,,,,,,,,,,60.00,,,,,,,false,false,12,2023-04-01,2024-03-31,0
2023-10-30,6701,2024-03-31,2,,,,,,,,,,,,,,,,,,,,,,,,,,,,,120.00,,,,,,,false,true,12,2023-04-01,2024-03-31,0
2023-10-30,6701,2024-03-31,2,,,,,,,,,,,,,,,,,,,,,,,,,,,,,,,,,272849863,6393154,266362078,false,false,6,2023-04-01,2023-09-30,0
2023-10-30,6701,2023-03-31,2,,,,,,,,,,,,,,,,,,,,,,,,,,,,,,,,,,,272169648,false,false,6,2022-04-01,2022-09-30,-1
2024-01-30,6701,2024-03-31,3,,,,,,,69815000000,0.223,,,,34040000000,,127.78,127.77,,,,,4090910000000,,,,,,,,,,,,,,,,true,false,9,2023-04-01,2023-12-31,0
2024-01-30,6701,2023-03-31,3,,,,,,,57099000000,0.208,,,,26369000000,,97.42,97.41,,,,,,,,,,,,,,,,,,,,,true,false,9,2022-04-01,2022-12-31,-1
2024-01-30,6701,2024-03-31,3,,,,,,,220000000000,0.070,,,,140000000000,,525.63,,,,,,,,,,,,,,,,,,,,,,true,true,12,2023-04-01,2024-03-31,0
2024-01-30,6701,2023-03-31,3,,,,,,,,,,,,,,,,,,,,3984050000000,,,,,,,,,,,,,,,,true,false,12,2022-04-01,2023-03-31,-1
2024-01-30,6701,2023-03-31,3,,,,,,,,,,,,,,,,,,,,,,,,,,,,,110.00,,,,272849863,6501510,,false,false,12,2022-04-01,2023-03-31,-1
2024-01-30,6701,2024-03-31,3,,,,,,,,,,,,,,,,,,,,,,,,,,,,,60.00,,,,,,,false,false,12,2023-04-01,2024-03-31,0
2024-01-30,6701,2024-03-31,3,,,,,,,,,,,,,,,,,,,,,,,,,,,,,120.00,,,,,,,false,true,12,2023-04-01,2024-03-31,0
2024-01-30,6701,2024-03-31,3,,,,,,,,,,,,,,,,,,,,,,,,,,,,,,,,,272849863,6392569,266390331,false,false,9,2023-04-01,2023-12-31,0
2024-01-30,6701,2023-03-31,3,,,,,,,,,,,,,,,,,,,,,,,,,,,,,,,,,,,270672983,false,false,9,2022-04-01,2022-12-31,-1
2024-04-26,6701,2024-03-31,,1837979000000,0.035,,,,,110294000000,1.819,158337000000,1.224,220760000000,,1.162,828.66,,,,,,2745211000000,1210199000000,0.441,4541.84,1210199000000,,,,,120.00,,,,272849863,6395064,266405416,false,false,12,2023-04-01,2024-03-31,0
2024-04-26,6701,2023-03-31,,1775558000000,0.067,,,,,39119000000,5.057,71210000000,1.502,102109000000,,0.242,378.57,,,,,,2431755000000,1017113000000,0.418,3818.72,1017113000000,,,,,110.00,,,,272849863,6501510,269721996,false,false,12,2022-04-01,2023-03-31,-1
2024-04-26,6701,2024-03-31,,,,,,,,188012000000,0.103,,,,149521000000,,561.25,561.24,,,,,4227514000000,,,,,271228000000,-76015000000,-155508000000,,,0.214,,,,,,true,false,12,2023-04-01,2024-03-31,0
2024-04-26,6701,2023-03-31,,,,,,,,170447000000,0.286,,,,114500000000,,424.51,424.50,,,,,3984050000000,,,,,152127000000,-49591000000,-122786000000,,,0.259,,,,,,true,false,12,2022-04-01,2023-03-31,-1
2024-04-26,6701,2025-03-31,,,,,,,,255000000000,0.141,,,,165000000000,,619.24,,,,,,,,,,,,,,,,,,,,,,true,true,12,2024-04-01,2025-03-31,1
2024-04-26,6701,2025-03-31,,,,,,,,,,,,,,,,,,,,,,,,,,,,,,140.00,,,,,,,false,true,12,2024-04-01,2025-03-31,1
2024-07-30,6701,2025-03-31,1,,,,,,,4540000000,,,,,-5836000000,,-21.90,-21.90,,,,,4124277000000,,,,,,,,,,,,,,,,true,false,3,2024-04-01,2024-06-30,0
2024-07-30,6701,2024-03-31,1,,,,,,,-8125000000,,,,,-7388000000,,-27.74,-27.74,,,,,,,,,,,,,,,,,,,,,true,false,3,2023-04-01,2023-06-30,-1
2024-07-30,6701,2024-03-31,1,,,,,,,,,,,,,,,,,,,,4227514000000,,,,,,,,,,,,,,,,true,false,12,2023-04-01,2024-03-31,-1
2024-07-30,6701,2024-03-31,1,,,,,,,,,,,,,,,,,,,,,,,,,,,,,120.00,,,,272849863,6395064,,false,false,12,2023-04-01,2024-03-31,-1
2024-07-30,6701,2025-03-31,1,,,,,,,,,,,,,,,,,,,,,,,,,,,,,140.00,,,,,,,false,true,12,2024-04-01,2025-03-31,0
2024-07-30,6701,2025-03-31,1,,,,,,,,,,,,,,,,,,,,,,,,,,,,,,,,,272849863,6396717,266454033,false,false,3,2024-04-01,2024-06-30,0
2024-07-30,6701,2024-03-31,1,,,,,,,,,,,,,,,,,,,,,,,,,,,,,,,,,,,266347281,false,false,3,2023-04-01,2023-06-30,-1
2024-10-29,6701,2025-03-31,2,,,,,,,44693000000,0.596,,,,13460000000,,50.52,50.52,,,,,4069359000000,,,,,,,,,,,,,,,,true,false,6,2024-04-01,2024-09-30,0
2024-10-29,6701,2024-03-31,2,,,,,,,27995000000,1.019,,,,12914000000,,48.48,48.48,,,,,,,,,,,,,,,,,,,,,true,false,6,2023-04-01,2023-09-30,-1
2024-10-29,6701,2025-03-31,2,,,,,,,255000000000,0.141,,,,165000000000,,619.24,,,,,,,,,,,,,,,,,,,,,,true,true,12,2024-04-01,2025-03-31,0
2024-10-29,6701,2024-03-31,2,,,,,,,,,,,,,,,,,,,,4227514000000,,,,,,,,,,,,,,,,true,false,12,2023-04-01,2024-03-31,-1
2024-10-29,6701,2024-03-31,2,,,,,,,,,,,,,,,,,,,,,,,,,,,,,120.00,,,,272849863,6395064,,false,false,12,2023-04-01,2024-03-31,-1
2024-10-29,6701,2025-03-31,2,,,,,,,,,,,,,,,,,,,,,,,,,,,,,70.00,,,,,,,false,false,12,2024-04-01,2025-03-31,0
2024-10-29,6701,2025-03-31,2,,,,,,,,,,,,,,,,,,,,,,,,,,,,,140.00,,,,,,,false,true,12,2024-04-01,2025-03-31,0
2024-10-29,6701,2025-03-31,2,,,,,,,,,,,,,,,,,,,,,,,,,,,,,,,,,272849863,6306059,266448347,false,false,6,2024-04-01,2024-09-30,0
2024-10-29,6701,2024-03-31,2,,,,,,,,,,,,,,,,,,,,,,,,,,,,,,,,,,,266362078,false,false,6,2023-04-01,2023-09-30,-1
2025-01-30,6701,2025-03-31,3,,,,,,,126166000000,0.807,,,,71554000000,,268.52,268.52,,,,,4220988000000,,,,,,,,,,,,,,,,true,false,9,2024-04-01,2024-12-31,0
2025-01-30,6701,2024-03-31,3,,,,,,,69815000000,0.223,,,,34040000000,,127.78,127.77,,,,,,,,,,,,,,,,,,,,,true,false,9,2023-04-01,2023-12-31,-1
2025-01-30,6701,2025-03-31,3,,,,,,,260000000000,0.163,,,,182000000000,,683.04,,,,,,,,,,,,,,,,,,,,,,true,true,12,2024-04-01,2025-03-31,0
2025-01-30,6701,2024-03-31,3,,,,,,,,,,,,,,,,,,,,4227514000000,,,,,,,,,,,,,,,,true,false,12,2023-04-01,2024-03-31,-1
2025-01-30,6701,2024-03-31,3,,,,,,,,,,,,,,,,,,,,,,,,,,,,,120.00,,,,272849863,6395064,,false,false,12,2023-04-01,2024-03-31,-1
2025-01-30,6701,2025-03-31,3,,,,,,,,,,,,,,,,,,,,,,,,,,,,,70.00,,,,,,,false,false,12,2024-04-01,2025-03-31,0
2025-01-30,6701,2025-03-31,3,,,,,,,,,,,,,,,,,,,,,,,,,,,,,140.00,,,,,,,false,true,12,2024-04-01,2025-03-31,0
2025-01-30,6701,2025-03-31,3,,,,,,,,,,,,,,,,,,,,,,,,,,,,,,,,,272849863,6308368,266476548,false,false,9,2024-04-01,2024-12-31,0
2025-01-30,6701,2024-03-31,3,,,,,,,,,,,,,,,,,,,,,,,,,,,,,,,,,,,266390331,false,false,9,2023-04-01,2023-12-31,-1
2025-04-28,6701,2025-03-31,,1981159000000,0.078,,,,,250457000000,1.271,253345000000,0.600,233705000000,,0.059,175.39,,,,,,3069616000000,1415772000000,0.461,1062.33,1415772000000,,,,,140.00,,,,1364249315,31549847,1332240499,false,false,12,2024-04-01,2025-03-31,0
2025-04-28,6701,2024-03-31,,1837979000000,0.035,,,,,110294000000,1.819,158337000000,1.224,220760000000,,1.162,165.73,,,,,,2745211000000,1210199000000,0.441,908.37,1210199000000,,,,,120.00,,,,1364249315,31975320,1332027079,false,false,12,2023-04-01,2024-03-31,-1
2025-04-28,6701,2025-03-31,,,,,,,,256497000000,0.364,,,,175183000000,,131.50,131.49,,,,,4315368000000,,,,,344408000000,-131164000000,-103974000000,,,0.213,,,,,,true,false,12,2024-04-01,2025-03-31,0
2025-04-28,6701,2024-03-31,,,,,,,,188012000000,0.103,,,,149521000000,,112.25,112.25,,,,,4227514000000,,,,,271228000000,-76015000000,-155508000000,,,0.214,,,,,,true,false,12,2023-04-01,2024-03-31,-1
2025-04-28,6701,2026-03-31,,,,,,,,,,,,,,,,,,,,,,,,,,,,,,32.00,,,,,,,false,true,12,2025-04-01,2026-03-31,1
2025-07-29,6701,2026-03-31,1,,,,,,,35389000000,6.795,,,,19310000000,,14.49,14.49,,,,,3874944000000,,,,,,,,,,,,,,,,true,false,3,2025-04-01,2025-06-30,0
2025-07-29,6701,2025-03-31,1,,,,,,,4540000000,,,,,-5836000000,,-4.38,-4.38,,,,,,,,,,,,,,,,,,,,,true,false,3,2024-04-01,2024-06-30,-1
2025-07-29,6701,2025-03-31,1,,,,,,,,,,,,,,,,,,,,4315368000000,,,,,,,,,,,,,,,,true,false,12,2024-04-01,2025-03-31,-1
2025-07-29,6701,2025-03-31,1,,,,,,,,,,,,,,,,,,,,,,,,,,,,,140.00,,,,1364249315,31549847,,false,false,12,2024-04-01,2025-03-31,-1
2025-07-29,6701,2026-03-31,1,,,,,,,,,,,,,,,,,,,,,,,,,,,,,32.00,,,,,,,false,true,12,2025-04-01,2026-03-31,0
2025-07-29,6701,2026-03-31,1,,,,,,,,,,,,,,,,,,,,,,,,,,,,,,,,,1364249315,31551758,1332698314,false,false,3,2025-04-01,2025-06-30,0
2025-07-29,6701,2025-03-31,1,,,,,,,,,,,,,,,,,,,,,,,,,,,,,,,,,,,1332270166,false,false,3,2024-04-01,2024-06-30,-1
