filing_date,code,fiscal_year_end,quarterly_period,net_sales,net_sales_change,revenue,revenue_change,operating_revenue,operating_revenue_change,operating_profit,operating_profit_change,ordinary_profit,ordinary_profit_change,net_income,net_income_of_parent,net_income_change,eps,diluted_eps,roe,roa,operating_profit_to_net_sales,operating_profit_to_revenue,total_assets,net_assets,equity_ratio,bps,owner_equity,operating_cash_flow,investing_cash_flow,financing_cash_flow,cash,dividend_per_share,payout_ratio,commemorative_dividend,extra_dividend,number_of_shares,number_of_treqsury_shares,avg_number_of_shares,is_consolidated,is_forecast,duration,period_start,period_end,period_pos
2015-07-31,67270,2016-03-31,1,15142000000,0.108,,,,,29000000,-0.632,26000000,-0.814,,-235000000,,-1.41,,,,,,50290000000,29868000000,0.590,180.62,29689000000,,,,,,,,,,,,true,false,3,2015-04-01,2015-06-30,0
2015-07-31,67270,2015-03-31,1,13669000000,-0.113,,,,,80000000,-0.923,142000000,-0.855,,95000000,,0.57,0.57,,,,,,,,,,,,,,,,,,,,,true,false,3,2014-04-01,2014-06-30,-1
2015-07-31,67270,2016-03-31,1,34800000000,0.087,,,,,0,-1.000,-50000000,,,-50000000,,-0.30,,,,,,,,,,,,,,,,,,,,,,true,true,6,2015-04-01,2015-09-30,0
2015-07-31,67270,2016-03-31,1,84000000000,0.127,,,,,5500000000,-0.105,5350000000,-0.118,,3530000000,,21.48,,,,,,,,,,,,,,,,,,,,,,true,true,12,2015-04-01,2016-03-31,0
2015-07-31,67270,2015-03-31,1,,,,,,,,,,,,,,,,,,,,51457000000,33859000000,0.654,202.14,33678000000,,,,,,,,,,,,true,false,12,2014-04-01,2015-03-31,-1
2015-07-31,67270,2015-03-31,1,,,,,,,,,,,,,,,,,,,,,,,,,,,,,18.00,,,,169046400,2438000,,false,false,12,2014-04-01,2015-03-31,-1
2015-07-31,67270,2016-03-31,1,,,,,,,,,,,,,,,,,,,,,,,,,,,,,18.00,,,,,,,false,true,12,2015-04-01,2016-03-31,0
2015-07-31,67270,2016-03-31,1,,,,,,,,,,,,,,,,,,,,,,,,,,,,,,,,,169046400,4674000,166604971,false,false,3,2015-04-01,2015-06-30,0
2015-07-31,67270,2015-03-31,1,,,,,,,,,,,,,,,,,,,,,,,,,,,,,,,,,,,166468400,false,false,3,2014-04-01,2014-06-30,-1
2015-10-23,67270,2016-03-31,,38950000000,0.119,,,,,2040000000,,2080000000,,,1250000000,,7.60,,,,,,,,,,,,,,,,,,,,,,true,true,6,2015-04-01,2015-09-30,0
2015-10-23,67270,2015-03-31,,32011000000,,,,,,1826000000,,1761000000,,,1147000000,,6.89,,,,,,,,,,,,,,,,,,,,,,true,false,6,2014-04-01,2014-09-30,-1
2015-10-23,67270,2016-03-31,,81000000000,-0.036,,,,,4800000000,-0.127,4780000000,-0.107,,3050000000,,18.55,,,,,,,,,,,,,,,,,,,,,,true,true,12,2015-04-01,2016-03-31,0
2015-10-23,67270,2015-03-31,,74557000000,,,,,,6143000000,,6065000000,,,3473000000,,20.86,,,,,,,,,,,,,,,,,,,,,,true,false,12,2014-04-01,2015-03-31,-1
2015-10-30,67270,2016-03-31,2,38956000000,0.217,,,,,2053000000,0.124,2098000000,0.191,,1261000000,,7.62,7.61,,,,,57688000000,30941000000,0.534,187.16,30781000000,,,,,,,,,,,,true,false,6,2015-04-01,2015-09-30,0
2015-10-30,67270,2015-03-31,2,32011000000,-0.071,,,,,1826000000,-0.403,1761000000,-0.409,,1147000000,,6.89,6.87,,,,,,,,,,,,,,,,,,,,,true,false,6,2014-04-01,2014-09-30,-1
2015-10-30,67270,2016-03-31,2,81000000000,0.086,,,,,4800000000,-0.219,4780000000,-0.212,,3050000000,,18.55,,,,,,,,,,,,,,,,,,,,,,true,true,12,2015-04-01,2016-03-31,0
2015-10-30,67270,2015-03-31,2,,,,,,,,,,,,,,,,,,,,51457000000,33859000000,0.654,202.14,33678000000,,,,,,,,,,,,true,false,12,2014-04-01,2015-03-31,-1
2015-10-30,67270,2015-03-31,2,,,,,,,,,,,,,,,,,,,,,,,,,,,,,18.00,,,,169046400,2438000,,false,false,12,2014-04-01,2015-03-31,-1
2015-10-30,67270,2016-03-31,2,,,,,,,,,,,,,,,,,,,,,,,,,,,,,0.00,,,,,,,false,false,12,2015-04-01,2016-03-31,0
2015-10-30,67270,2016-03-31,2,,,,,,,,,,,,,,,,,,,,,,,,,,,,,18.00,,,,,,,false,true,12,2015-04-01,2016-03-31,0
2015-10-30,67270,2016-03-31,2,,,,,,,,,,,,,,,,,,,,,,,,,,,,,,,,,169046400,4584000,165503252,false,false,6,2015-04-01,2015-09-30,0
2015-10-30,67270,2015-03-31,2,,,,,,,,,,,,,,,,,,,,,,,,,,,,,,,,,,,166470422,false,false,6,2014-04-01,2014-09-30,-1
2016-01-29,67270,2016-03-31,3,60892000000,0.069,,,,,4834000000,-0.150,4893000000,-0.106,,3085000000,,18.68,18.67,,,,,56602000000,32637000000,0.574,197.47,32477000000,,,,,,,,,,,,true,false,9,2015-04-01,2015-12-31,0
2016-01-29,67270,2015-03-31,3,56965000000,-0.015,,,,,5687000000,-0.135,5475000000,-0.157,,3199000000,,19.22,19.18,,,,,,,,,,,,,,,,,,,,,true,false,9,2014-04-01,2014-12-31,-1
2016-01-29,67270,2016-03-31,3,81000000000,0.086,,,,,4800000000,-0.219,4780000000,-0.212,,3050000000,,18.55,,,,,,,,,,,,,,,,,,,,,,true,true,12,2015-04-01,2016-03-31,0
2016-01-29,67270,2015-03-31,3,,,,,,,,,,,,,,,,,,,,51457000000,33859000000,0.654,202.14,33678000000,,,,,,,,,,,,true,false,12,2014-04-01,2015-03-31,-1
2016-01-29,67270,2015-03-31,3,,,,,,,,,,,,,,,,,,,,,,,,,,,,,18.00,,,,169046400,2438000,,false,false,12,2014-04-01,2015-03-31,-1
2016-01-29,67270,2016-03-31,3,,,,,,,,,,,,,,,,,,,,,,,,,,,,,0.00,,,,,,,false,false,12,2015-04-01,2016-03-31,0
2016-01-29,67270,2016-03-31,3,,,,,,,,,,,,,,,,,,,,,,,,,,,,,18.00,,,,,,,false,true,12,2015-04-01,2016-03-31,0
2016-01-29,67270,2016-03-31,3,,,,,,,,,,,,,,,,,,,,,,,,,,,,,,,,,169046400,4584000,165155040,false,false,9,2015-04-01,2015-12-31,0
2016-01-29,67270,2015-03-31,3,,,,,,,,,,,,,,,,,,,,,,,,,,,,,,,,,,,166469738,false,false,9,2014-04-01,2014-12-31,-1
2016-05-11,67270,2016-03-31,,77568000000,0.040,,,,,3664000000,-0.403,3777000000,-0.377,,2310000000,,14.00,13.99,0.071,0.073,0.047,,51567000000,31096000000,0.600,188.22,30959000000,2009000000,-4878000000,1209000000,14365000000,,1.286,,,,,,true,false,12,2015-04-01,2016-03-31,0
2016-05-11,67270,2015-03-31,,74557000000,-0.052,,,,,6143000000,-0.291,6065000000,-0.268,,3473000000,,20.86,20.82,0.105,0.119,0.082,,51457000000,33859000000,0.654,202.14,33678000000,6782000000,-3278000000,-2850000000,16687000000,,0.863,,,,,,true,false,12,2014-04-01,2015-03-31,-1
2016-05-11,67270,2017-03-31,,37230000000,-0.044,,,,,100000000,-0.951,70000000,-0.967,,50000000,,0.30,,,,,,,,,,,,,,,,,,,,,,true,true,6,2016-04-01,2016-09-30,1
2016-05-11,67270,2017-03-31,,82000000000,0.057,,,,,4200000000,0.146,4140000000,0.096,,3000000000,,18.24,,,,,,,,,,,,,,,,0.987,,,,,,true,true,12,2016-04-01,2017-03-31,1
2016-05-11,67270,2016-03-31,,67090000000,0.096,,,,,1441000000,-0.495,1374000000,-0.524,866000000,,-0.424,5.25,5.25,,,,,38234000000,21137000000,0.549,127.67,20999000000,,,,,18.00,,,,169046400,4568000,164983548,false,false,12,2015-04-01,2016-03-31,0
2016-05-11,67270,2015-03-31,,61223000000,-0.141,,,,,2855000000,-0.652,2886000000,-0.647,1503000000,,-0.716,9.03,9.01,,,,,39969000000,24458000000,0.607,145.71,24277000000,,,,,18.00,,,,169046400,2438000,166476833,false,false,12,2014-04-01,2015-03-31,-1
2016-05-11,67270,2017-03-31,,,,,,,,,,,,,,,,,,,,,,,,,,,,,,18.00,,,,,,,false,true,12,2016-04-01,2017-03-31,1
2016-08-05,67270,2017-03-31,1,13261000000,-0.124,,,,,-1447000000,,-1481000000,,,-1147000000,,-6.97,,,,,,47958000000,25242000000,0.523,153.30,25104000000,,,,,,,,,,,,true,false,3,2016-04-01,2016-06-30,0
2016-08-05,67270,2016-03-31,1,15142000000,0.108,,,,,29000000,-0.632,26000000,-0.814,,-235000000,,-1.41,,,,,,,,,,,,,,,,,,,,,,true,false,3,2015-04-01,2015-06-30,-1
2016-08-05,67270,2017-03-31,1,34180000000,-0.123,,,,,-1070000000,,-1140000000,,,-870000000,,-5.31,,,,,,,,,,,,,,,,,,,,,,true,true,6,2016-04-01,2016-09-30,0
2016-08-05,67270,2017-03-31,1,77900000000,0.004,,,,,2400000000,-0.345,2300000000,-0.391,,1620000000,,9.89,,,,,,,,,,,,,,,,,,,,,,true,true,12,2016-04-01,2017-03-31,0
2016-08-05,67270,2016-03-31,1,,,,,,,,,,,,,,,,,,,,51567000000,31096000000,0.600,188.22,30959000000,,,,,,,,,,,,true,false,12,2015-04-01,2016-03-31,-1
2016-08-05,67270,2016-03-31,1,,,,,,,,,,,,,,,,,,,,,,,,,,,,,18.00,,,,169046400,4568000,,false,false,12,2015-04-01,2016-03-31,-1
2016-08-05,67270,2017-03-31,1,,,,,,,,,,,,,,,,,,,,,,,,,,,,,12.00,,,,,,,false,true,12,2016-04-01,2017-03-31,0
2016-08-05,67270,2017-03-31,1,,,,,,,,,,,,,,,,,,,,,,,,,,,,,,,,,166546400,2791800,164405963,false,false,3,2016-04-01,2016-06-30,0
2016-08-05,67270,2016-03-31,1,,,,,,,,,,,,,,,,,,,,,,,,,,,,,,,,,,,166604971,false,false,3,2015-04-01,2015-06-30,-1
2016-08-05,67270,2017-03-31,,34180000000,-0.082,,,,,-1070000000,,-1140000000,,,-870000000,,-5.31,,,,,,,,,,,,,,,,,,,,,,true,true,6,2016-04-01,2016-09-30,0
2016-08-05,67270,2016-03-31,,38956000000,,,,,,2053000000,,2098000000,,,1261000000,,7.62,,,,,,,,,,,,,,,,,,,,,,true,false,6,2015-04-01,2015-09-30,-1
2016-08-05,67270,2017-03-31,,77900000000,-0.050,,,,,2400000000,-0.429,2300000000,-0.444,,1620000000,,9.89,,,,,,,,,,,,,,,,,,,,,,true,true,12,2016-04-01,2017-03-31,0
2016-08-05,67270,2016-03-31,,77568000000,,,,,,3664000000,,3777000000,,,2310000000,,14.00,,,,,,,,,,,,,,,,,,,,,,true,false,12,2015-04-01,2016-03-31,-1
2016-08-05,67270,2017-03-31,,,,,,,,,,,,,,,,,,,,,,,,,,,,,,12.00,,,,,,,false,true,12,2016-04-01,2017-03-31,0
2016-08-05,67270,2017-03-31,,,,,,,,,,,,,,,,,,,,,,,,,,,,,,0.00,,,,,,,false,false,12,2016-04-01,2017-03-31,0
2016-08-05,67270,2016-03-31,,,,,,,,,,,,,,,,,,,,,,,,,,,,,,18.00,,,,,,,false,false,12,2015-04-01,2016-03-31,-1
2016-11-09,67270,2017-03-31,2,33797000000,-0.132,,,,,-898000000,,-1021000000,,,-1226000000,,-7.48,,,,,,54360000000,24564000000,0.449,150.42,24424000000,,,,,,,,,,,,true,false,6,2016-04-01,2016-09-30,0
2016-11-09,67270,2016-03-31,2,38956000000,0.217,,,,,2053000000,0.124,2098000000,0.191,,1261000000,,7.62,7.61,,,,,,,,,,,,,,,,,,,,,true,false,6,2015-04-01,2015-09-30,-1
2016-11-09,67270,2017-03-31,2,70300000000,-0.094,,,,,-500000000,,-650000000,,,-1500000000,,-9.24,,,,,,,,,,,,,,,,,,,,,,true,true,12,2016-04-01,2017-03-31,0
2016-11-09,67270,2016-03-31,2,,,,,,,,,,,,,,,,,,,,51567000000,31096000000,0.600,188.22,30959000000,,,,,,,,,,,,true,false,12,2015-04-01,2016-03-31,-1
2016-11-09,67270,2016-03-31,2,,,,,,,,,,,,,,,,,,,,,,,,,,,,,18.00,,,,169046400,4568000,,false,false,12,2015-04-01,2016-03-31,-1
2016-11-09,67270,2017-03-31,2,,,,,,,,,,,,,,,,,,,,,,,,,,,,,0.00,,,,,,,false,false,12,2016-04-01,2017-03-31,0
2016-11-09,67270,2017-03-31,2,,,,,,,,,,,,,,,,,,,,,,,,,,,,,6.00,,,,,,,false,true,12,2016-04-01,2017-03-31,0
2016-11-09,67270,2017-03-31,2,,,,,,,,,,,,,,,,,,,,,,,,,,,,,,,,,166546400,4175300,163862462,false,false,6,2016-04-01,2016-09-30,0
2016-11-09,67270,2016-03-31,2,,,,,,,,,,,,,,,,,,,,,,,,,,,,,,,,,,,165503252,false,false,6,2015-04-01,2015-09-30,-1
2016-11-09,67270,2017-03-31,,33797000000,-0.011,,,,,-898000000,,-1021000000,,,-1226000000,,-7.48,,,,,,,,,,,,,,,,,,,,,,true,true,6,2016-04-01,2016-09-30,0
2016-11-09,67270,2016-03-31,,38956000000,,,,,,2053000000,,2098000000,,,1261000000,,7.62,,,,,,,,,,,,,,,,,,,,,,true,false,6,2015-04-01,2015-09-30,-1
2016-11-09,67270,2017-03-31,,70300000000,-0.098,,,,,-500000000,,-650000000,,,-1500000000,,-9.24,,,,,,,,,,,,,,,,,,,,,,true,true,12,2016-04-01,2017-03-31,0
2016-11-09,67270,2016-03-31,,77568000000,,,,,,3664000000,,3777000000,,,2310000000,,14.00,,,,,,,,,,,,,,,,,,,,,,true,false,12,2015-04-01,2016-03-31,-1
2016-11-09,67270,2017-03-31,,,,,,,,,,,,,,,,,,,,,,,,,,,,,,6.00,,,,,,,false,true,12,2016-04-01,2017-03-31,0
2016-11-09,67270,2017-03-31,,,,,,,,,,,,,,,,,,,,,,,,,,,,,,0.00,,,,,,,false,false,12,2016-04-01,2017-03-31,0
2016-11-09,67270,2016-03-31,,,,,,,,,,,,,,,,,,,,,,,,,,,,,,18.00,,,,,,,false,false,12,2015-04-01,2016-03-31,-1
2017-02-08,67270,2017-03-31,3,54739000000,-0.101,,,,,626000000,-0.871,768000000,-0.843,,-99000000,,-0.61,,,,,,58116000000,27156000000,0.465,166.38,27016000000,,,,,,,,,,,,true,false,9,2016-04-01,2016-12-31,0
2017-02-08,67270,2016-03-31,3,60892000000,0.069,,,,,4834000000,-0.150,4893000000,-0.106,,3085000000,,18.68,18.67,,,,,,,,,,,,,,,,,,,,,true,false,9,2015-04-01,2015-12-31,-1
2017-02-08,67270,2017-03-31,3,71500000000,-0.078,,,,,-500000000,,-650000000,,,-1500000000,,-9.24,,,,,,,,,,,,,,,,,,,,,,true,true,12,2016-04-01,2017-03-31,0
2017-02-08,67270,2016-03-31,3,,,,,,,,,,,,,,,,,,,,51567000000,31096000000,0.600,188.22,30959000000,,,,,,,,,,,,true,false,12,2015-04-01,2016-03-31,-1
2017-02-08,67270,2016-03-31,3,,,,,,,,,,,,,,,,,,,,,,,,,,,,,18.00,,,,169046400,4568000,,false,false,12,2015-04-01,2016-03-31,-1
2017-02-08,67270,2017-03-31,3,,,,,,,,,,,,,,,,,,,,,,,,,,,,,0.00,,,,,,,false,false,12,2016-04-01,2017-03-31,0
2017-02-08,67270,2017-03-31,3,,,,,,,,,,,,,,,,,,,,,,,,,,,,,6.00,,,,,,,false,true,12,2016-04-01,2017-03-31,0
2017-02-08,67270,2017-03-31,3,,,,,,,,,,,,,,,,,,,,,,,,,,,,,,,,,166546400,4175300,163363534,false,false,9,2016-04-01,2016-12-31,0
2017-02-08,67270,2016-03-31,3,,,,,,,,,,,,,,,,,,,,,,,,,,,,,,,,,,,165155040,false,false,9,2015-04-01,2015-12-31,-1
2017-03-14,67270,2017-03-31,,71500000000,,,,,,-500000000,,-650000000,,,-5600000000,,-34.49,,,,,,,,,,,,,,,,,,,,,,true,true,12,2016-04-01,2017-03-31,0
2017-03-14,67270,2016-03-31,,77568000000,,,,,,3664000000,,3777000000,,,2310000000,,14.00,,,,,,,,,,,,,,,,,,,,,,true,false,12,2015-04-01,2016-03-31,-1
2017-05-02,67270,2017-03-31,,71300000000,-0.003,,,,,-1150000000,,-900000000,,,-5550000000,,-34.18,,,,,,,,,,,,,,,,,,,,,,true,true,12,2016-04-01,2017-03-31,0
2017-05-02,67270,2016-03-31,,77568000000,,,,,,3664000000,,3777000000,,,2310000000,,14.00,,,,,,,,,,,,,,,,,,,,,,true,false,12,2015-04-01,2016-03-31,-1
2017-05-10,67270,2017-03-31,,71314000000,-0.081,,,,,-1171000000,,-870000000,,,-5534000000,,-33.93,,-0.212,-0.017,-0.016,,50250000000,21357000000,0.422,130.75,21230000000,122000000,-3480000000,3299000000,14205000000,,,,,,,,true,false,12,2016-04-01,2017-03-31,0
2017-05-10,67270,2016-03-31,,77568000000,0.040,,,,,3664000000,-0.403,3777000000,-0.377,,2310000000,,14.00,13.99,0.071,0.073,0.047,,51567000000,31096000000,0.600,188.22,30959000000,2009000000,-4878000000,1209000000,14365000000,,1.286,,,,,,true,false,12,2015-04-01,2016-03-31,-1
2017-05-10,67270,2018-03-31,,35180000000,0.041,,,,,-470000000,,-500000000,,,-100000000,,-0.62,,,,,,,,,,,,,,,,,,,,,,true,true,6,2017-04-01,2017-09-30,1
2017-05-10,67270,2018-03-31,,76800000000,0.077,,,,,1800000000,,1740000000,,,1130000000,,6.96,,,,,,,,,,,,,,,,0.862,,,,,,true,true,12,2017-04-01,2018-03-31,1
2017-05-10,67270,2017-03-31,,61138000000,-0.089,,,,,-3358000000,,-732000000,,-4182000000,,,-25.64,,,,,,39550000000,13205000000,0.331,80.55,13079000000,,,,,6.00,,,,166546400,4175300,163118824,false,false,12,2016-04-01,2017-03-31,0
2017-05-10,67270,2016-03-31,,67090000000,0.096,,,,,1441000000,-0.495,1374000000,-0.524,866000000,,-0.424,5.25,5.25,,,,,38234000000,21137000000,0.549,127.67,20999000000,,,,,18.00,,,,169046400,4568000,164983548,false,false,12,2015-04-01,2016-03-31,-1
2017-05-10,67270,2018-03-31,,,,,,,,,,,,,,,,,,,,,,,,,,,,,,6.00,,,,,,,false,true,12,2017-04-01,2018-03-31,1
2017-08-07,67270,2018-03-31,1,15966000000,0.204,,,,,-138000000,,-46000000,,,172000000,,1.06,,,,,,49708000000,20721000000,0.414,126.86,20598000000,,,,,,,,,,,,true,false,3,2017-04-01,2017-06-30,0
2017-08-07,67270,2017-03-31,1,13261000000,-0.124,,,,,-1447000000,,-1481000000,,,-1147000000,,-6.97,,,,,,,,,,,,,,,,,,,,,,true,false,3,2016-04-01,2016-06-30,-1
2017-08-07,67270,2018-03-31,1,35180000000,0.041,,,,,-470000000,,-500000000,,,-100000000,,-0.62,,,,,,,,,,,,,,,,,,,,,,true,true,6,2017-04-01,2017-09-30,0
2017-08-07,67270,2018-03-31,1,76800000000,0.077,,,,,1800000000,,1740000000,,,1130000000,,6.96,,,,,,,,,,,,,,,,,,,,,,true,true,12,2017-04-01,2018-03-31,0
2017-08-07,67270,2017-03-31,1,,,,,,,,,,,,,,,,,,,,50250000000,21357000000,0.422,130.75,21230000000,,,,,,,,,,,,true,false,12,2016-04-01,2017-03-31,-1
2017-08-07,67270,2017-03-31,1,,,,,,,,,,,,,,,,,,,,,,,,,,,,,6.00,,,,166546400,4175300,,false,false,12,2016-04-01,2017-03-31,-1
2017-08-07,67270,2018-03-31,1,,,,,,,,,,,,,,,,,,,,,,,,,,,,,6.00,,,,,,,false,true,12,2017-04-01,2018-03-31,0
2017-08-07,67270,2018-03-31,1,,,,,,,,,,,,,,,,,,,,,,,,,,,,,,,,,166546400,4175300,162371100,false,false,3,2017-04-01,2017-06-30,0
2017-08-07,67270,2017-03-31,1,,,,,,,,,,,,,,,,,,,,,,,,,,,,,,,,,,,164405963,false,false,3,2016-04-01,2016-06-30,-1
2017-11-01,67270,2018-03-31,,40689000000,0.157,,,,,1501000000,,1642000000,,,1674000000,,10.31,,,,,,,,,,,,,,,,,,,,,,true,true,6,2017-04-01,2017-09-30,0
2017-11-01,67270,2017-03-31,,33797000000,,,,,,-898000000,,-1021000000,,,-1226000000,,-7.48,,,,,,,,,,,,,,,,,,,,,,true,false,6,2016-04-01,2016-09-30,-1
2017-11-01,67270,2018-03-31,,80900000000,0.053,,,,,2900000000,0.611,3100000000,0.782,,1930000000,,11.89,,,,,,,,,,,,,,,,,,,,,,true,true,12,2017-04-01,2018-03-31,0
2017-11-01,67270,2017-03-31,,71314000000,,,,,,-1171000000,,-870000000,,,-5534000000,,-33.93,,,,,,,,,,,,,,,,,,,,,,true,false,12,2016-04-01,2017-03-31,-1
2017-11-07,67270,2018-03-31,2,40689000000,0.204,,,,,1501000000,,1642000000,,,1674000000,,10.31,,,,,,58335000000,22375000000,0.383,137.61,22344000000,,,,,,,,,,,,true,false,6,2017-04-01,2017-09-30,0
2017-11-07,67270,2017-03-31,2,33797000000,-0.132,,,,,-898000000,,-1021000000,,,-1226000000,,-7.48,,,,,,,,,,,,,,,,,,,,,,true,false,6,2016-04-01,2016-09-30,-1
2017-11-07,67270,2018-03-31,2,80900000000,0.134,,,,,2900000000,,3100000000,,,1930000000,,11.89,,,,,,,,,,,,,,,,,,,,,,true,true,12,2017-04-01,2018-03-31,0
2017-11-07,67270,2017-03-31,2,,,,,,,,,,,,,,,,,,,,50250000000,21357000000,0.422,130.75,21230000000,,,,,,,,,,,,true,false,12,2016-04-01,2017-03-31,-1
2017-11-07,67270,2017-03-31,2,,,,,,,,,,,,,,,,,,,,,,,,,,,,,6.00,,,,166546400,4175300,,false,false,12,2016-04-01,2017-03-31,-1
2017-11-07,67270,2018-03-31,2,,,,,,,,,,,,,,,,,,,,,,,,,,,,,0.00,,,,,,,false,false,12,2017-04-01,2018-03-31,0
2017-11-07,67270,2018-03-31,2,,,,,,,,,,,,,,,,,,,,,,,,,,,,,6.00,,,,,,,false,true,12,2017-04-01,2018-03-31,0
2017-11-07,67270,2018-03-31,2,,,,,,,,,,,,,,,,,,,,,,,,,,,,,,,,,166546400,4175300,162371100,false,false,6,2017-04-01,2017-09-30,0
2017-11-07,67270,2017-03-31,2,,,,,,,,,,,,,,,,,,,,,,,,,,,,,,,,,,,163862462,false,false,6,2016-04-01,2016-09-30,-1
2018-02-07,67270,2018-03-31,3,65273000000,0.192,,,,,4007000000,5.404,4203000000,4.473,,3978000000,,24.50,24.50,,,,,56818000000,24883000000,0.437,153.05,24851000000,,,,,,,,,,,,true,false,9,2017-04-01,2017-12-31,0
2018-02-07,67270,2017-03-31,3,54739000000,-0.101,,,,,626000000,-0.871,768000000,-0.843,,-99000000,,-0.61,,,,,,,,,,,,,,,,,,,,,,true,false,9,2016-04-01,2016-12-31,-1
2018-02-07,67270,2018-03-31,3,80900000000,0.134,,,,,2900000000,,3100000000,,,1930000000,,11.89,,,,,,,,,,,,,,,,,,,,,,true,true,12,2017-04-01,2018-03-31,0
2018-02-07,67270,2017-03-31,3,,,,,,,,,,,,,,,,,,,,50250000000,21357000000,0.422,130.75,21230000000,,,,,,,,,,,,true,false,12,2016-04-01,2017-03-31,-1
2018-02-07,67270,2017-03-31,3,,,,,,,,,,,,,,,,,,,,,,,,,,,,,6.00,,,,166546400,4175300,,false,false,12,2016-04-01,2017-03-31,-1
2018-02-07,67270,2018-03-31,3,,,,,,,,,,,,,,,,,,,,,,,,,,,,,0.00,,,,,,,false,false,12,2017-04-01,2018-03-31,0
2018-02-07,67270,2018-03-31,3,,,,,,,,,,,,,,,,,,,,,,,,,,,,,6.00,,,,,,,false,true,12,2017-04-01,2018-03-31,0
2018-02-07,67270,2018-03-31,3,,,,,,,,,,,,,,,,,,,,,,,,,,,,,,,,,166546400,4175300,162371100,false,false,9,2017-04-01,2017-12-31,0
2018-02-07,67270,2017-03-31,3,,,,,,,,,,,,,,,,,,,,,,,,,,,,,,,,,,,163363534,false,false,9,2016-04-01,2016-12-31,-1
2018-05-11,67270,2018-03-31,,82263000000,0.154,,,,,3527000000,,3585000000,,,2362000000,,14.55,14.54,0.108,0.071,0.043,,50910000000,22668000000,0.445,139.45,22643000000,6781000000,-767000000,-974000000,19157000000,,0.412,,,,,,true,false,12,2017-04-01,2018-03-31,0
2018-05-11,67270,2017-03-31,,71314000000,-0.081,,,,,-1171000000,,-870000000,,,-5534000000,,-33.93,,-0.212,-0.017,-0.016,,50250000000,21357000000,0.422,130.75,21230000000,122000000,-3480000000,3299000000,14205000000,,,,,,,,true,false,12,2016-04-01,2017-03-31,-1
2018-05-11,67270,2019-03-31,,41330000000,0.016,,,,,830000000,-0.447,670000000,-0.592,,660000000,,4.06,,,,,,,,,,,,,,,,,,,,,,true,true,6,2018-04-01,2018-09-30,1
2018-05-11,67270,2019-03-31,,85000000000,0.033,,,,,4000000000,0.134,3920000000,0.094,,2980000000,,18.35,,,,,,,,,,,,,,,,0.327,,,,,,true,true,12,2018-04-01,2019-03-31,1
2018-05-11,67270,2018-03-31,,67861000000,0.110,,,,,1042000000,,2292000000,,1566000000,,,9.64,9.64,,,,,38874000000,13694000000,0.352,84.18,13669000000,,,,,6.00,,,,166546400,4175300,162371100,false,false,12,2017-04-01,2018-03-31,0
2018-05-11,67270,2017-03-31,,61138000000,-0.089,,,,,-3358000000,,-732000000,,-4182000000,,,-25.64,,,,,,39550000000,13205000000,0.331,80.55,13079000000,,,,,6.00,,,,166546400,4175300,163118824,false,false,12,2016-04-01,2017-03-31,-1
2018-05-11,67270,2019-03-31,,,,,,,,,,,,,,,,,,,,,,,,,,,,,,6.00,,,,,,,false,true,12,2018-04-01,2019-03-31,1
2018-08-06,67270,2019-03-31,1,17861000000,0.119,,,,,-388000000,,-324000000,,,-115000000,,-0.71,,,,,,51521000000,21644000000,0.420,133.14,21626000000,,,,,,,,,,,,true,false,3,2018-04-01,2018-06-30,0
2018-08-06,67270,2018-03-31,1,15966000000,0.204,,,,,-138000000,,-46000000,,,172000000,,1.06,,,,,,,,,,,,,,,,,,,,,,true,false,3,2017-04-01,2017-06-30,-1
2018-08-06,67270,2019-03-31,1,41330000000,0.016,,,,,830000000,-0.447,670000000,-0.592,,660000000,,4.06,,,,,,,,,,,,,,,,,,,,,,true,true,6,2018-04-01,2018-09-30,0
2018-08-06,67270,2019-03-31,1,85000000000,0.033,,,,,4000000000,0.134,3920000000,0.094,,2980000000,,18.35,,,,,,,,,,,,,,,,,,,,,,true,true,12,2018-04-01,2019-03-31,0
2018-08-06,67270,2018-03-31,1,,,,,,,,,,,,,,,,,,,,50910000000,22668000000,0.445,139.45,22643000000,,,,,,,,,,,,true,false,12,2017-04-01,2018-03-31,-1
2018-08-06,67270,2018-03-31,1,,,,,,,,,,,,,,,,,,,,,,,,,,,,,6.00,,,,166546400,4175300,,false,false,12,2017-04-01,2018-03-31,-1
2018-08-06,67270,2019-03-31,1,,,,,,,,,,,,,,,,,,,,,,,,,,,,,6.00,,,,,,,false,true,12,2018-04-01,2019-03-31,0
2018-08-06,67270,2019-03-31,1,,,,,,,,,,,,,,,,,,,,,,,,,,,,,,,,,166546400,4121300,162371693,false,false,3,2018-04-01,2018-06-30,0
2018-08-06,67270,2018-03-31,1,,,,,,,,,,,,,,,,,,,,,,,,,,,,,,,,,,,162371100,false,false,3,2017-04-01,2017-06-30,-1
2018-10-12,67270,2019-03-31,,46200000000,0.118,,,,,2700000000,2.253,2900000000,3.328,,1900000000,,11.70,,,,,,,,,,,,,,,,,,,,,,true,true,6,2018-04-01,2018-09-30,0
2018-10-12,67270,2018-03-31,,40689000000,,,,,,1501000000,,1642000000,,,1674000000,,10.31,,,,,,,,,,,,,,,,,,,,,,true,false,6,2017-04-01,2017-09-30,-1
2018-10-12,67270,2019-03-31,,89000000000,0.047,,,,,4000000000,,3920000000,,2980000000,,,18.35,,,,,,,,,,,,,,,,,,,,,,true,true,12,2018-04-01,2019-03-31,0
2018-10-12,67270,2018-03-31,,82263000000,,,,,,3527000000,,3585000000,,2362000000,,,14.55,,,,,,,,,,,,,,,,,,,,,,true,false,12,2017-04-01,2018-03-31,-1
2018-11-05,67270,2019-03-31,2,46263000000,0.137,,,,,2734000000,0.821,2912000000,0.774,,1975000000,,12.16,12.16,,,,,61863000000,23933000000,0.387,147.25,23917000000,,,,,,,,,,,,true,false,6,2018-04-01,2018-09-30,0
2018-11-05,67270,2018-03-31,2,40689000000,0.204,,,,,1501000000,,1642000000,,,1674000000,,10.31,,,,,,,,,,,,,,,,,,,,,,true,false,6,2017-04-01,2017-09-30,-1
2018-11-05,67270,2019-03-31,2,89000000000,0.082,,,,,4000000000,0.134,3920000000,0.094,,2980000000,,18.35,,,,,,,,,,,,,,,,,,,,,,true,true,12,2018-04-01,2019-03-31,0
2018-11-05,67270,2018-03-31,2,,,,,,,,,,,,,,,,,,,,50910000000,22668000000,0.445,139.45,22643000000,,,,,,,,,,,,true,false,12,2017-04-01,2018-03-31,-1
2018-11-05,67270,2018-03-31,2,,,,,,,,,,,,,,,,,,,,,,,,,,,,,6.00,,,,166546400,4175300,,false,false,12,2017-04-01,2018-03-31,-1
2018-11-05,67270,2019-03-31,2,,,,,,,,,,,,,,,,,,,,,,,,,,,,,0.00,,,,,,,false,false,12,2018-04-01,2019-03-31,0
2018-11-05,67270,2019-03-31,2,,,,,,,,,,,,,,,,,,,,,,,,,,,,,6.00,,,,,,,false,true,12,2018-04-01,2019-03-31,0
2018-11-05,67270,2019-03-31,2,,,,,,,,,,,,,,,,,,,,,,,,,,,,,,,,,166546400,4121300,162398543,false,false,6,2018-04-01,2018-09-30,0
2018-11-05,67270,2018-03-31,2,,,,,,,,,,,,,,,,,,,,,,,,,,,,,,,,,,,162371100,false,false,6,2017-04-01,2017-09-30,-1
2019-02-07,67270,2019-03-31,3,73734000000,0.130,,,,,6062000000,0.513,6046000000,0.438,,4333000000,,26.68,26.68,,,,,62078000000,25970000000,0.418,159.79,25954000000,,,,,,,,,,,,true,false,9,2018-04-01,2018-12-31,0
2019-02-07,67270,2018-03-31,3,65273000000,0.192,,,,,4007000000,5.404,4203000000,4.473,,3978000000,,24.50,24.50,,,,,,,,,,,,,,,,,,,,,true,false,9,2017-04-01,2017-12-31,-1
2019-02-07,67270,2019-03-31,3,89000000000,0.082,,,,,4000000000,0.134,3920000000,0.094,,2980000000,,18.35,,,,,,,,,,,,,,,,,,,,,,true,true,12,2018-04-01,2019-03-31,0
2019-02-07,67270,2018-03-31,3,,,,,,,,,,,,,,,,,,,,50910000000,22668000000,0.445,139.45,22643000000,,,,,,,,,,,,true,false,12,2017-04-01,2018-03-31,-1
2019-02-07,67270,2018-03-31,3,,,,,,,,,,,,,,,,,,,,,,,,,,,,,6.00,,,,166546400,4175300,,false,false,12,2017-04-01,2018-03-31,-1
2019-02-07,67270,2019-03-31,3,,,,,,,,,,,,,,,,,,,,,,,,,,,,,0.00,,,,,,,false,false,12,2018-04-01,2019-03-31,0
2019-02-07,67270,2019-03-31,3,,,,,,,,,,,,,,,,,,,,,,,,,,,,,6.00,,,,,,,false,true,12,2018-04-01,2019-03-31,0
2019-02-07,67270,2019-03-31,3,,,,,,,,,,,,,,,,,,,,,,,,,,,,,,,,,166546400,4121301,162407427,false,false,9,2018-04-01,2018-12-31,0
2019-02-07,67270,2018-03-31,3,,,,,,,,,,,,,,,,,,,,,,,,,,,,,,,,,,,162371100,false,false,9,2017-04-01,2017-12-31,-1
2019-05-10,67270,2019-03-31,,89499000000,0.088,,,,,4152000000,0.177,4149000000,0.157,,3851000000,,23.71,23.71,0.160,0.081,0.046,,51551000000,25428000000,0.493,156.54,25426000000,1054000000,-2437000000,-951000000,16763000000,,0.253,,,,,,true,false,12,2018-04-01,2019-03-31,0
2019-05-10,67270,2018-03-31,,82263000000,0.154,,,,,3527000000,,3585000000,,,2362000000,,14.55,14.54,0.108,0.071,0.043,,50910000000,22668000000,0.445,139.45,22643000000,6781000000,-767000000,-974000000,19157000000,,0.412,,,,,,true,false,12,2017-04-01,2018-03-31,-1
2019-05-10,67270,2020-03-31,,44950000000,-0.028,,,,,1610000000,-0.411,1596000000,-0.452,,1094000000,,6.74,,,,,,,,,,,,,,,,,,,,,,true,true,6,2019-04-01,2019-09-30,1
2019-05-10,67270,2020-03-31,,93000000000,0.039,,,,,5200000000,0.252,5170000000,0.246,,3440000000,,21.18,,,,,,,,,,,,,,,,0.307,,,,,,true,true,12,2019-04-01,2020-03-31,1
2019-05-10,67270,2019-03-31,,80543000000,0.187,,,,,3164000000,2.038,4754000000,1.075,3966000000,,1.533,24.42,24.42,,,,,39917000000,16687000000,0.418,102.72,16685000000,,,,,6.00,,,,166546400,4121301,162411785,false,false,12,2018-04-01,2019-03-31,0
2019-05-10,67270,2018-03-31,,67861000000,0.110,,,,,1042000000,,2292000000,,1566000000,,,9.64,9.64,,,,,38874000000,13694000000,0.352,84.18,13669000000,,,,,6.00,,,,166546400,4175300,162371100,false,false,12,2017-04-01,2018-03-31,-1
2019-05-10,67270,2020-03-31,,,,,,,,,,,,,,,,,,,,,,,,,,,,,,6.50,,,,,,,false,true,12,2019-04-01,2020-03-31,1
2019-08-02,67270,2020-03-31,1,17100000000,-0.043,,,,,-259000000,,-517000000,,,-119000000,,-0.74,,,,,,51563000000,23916000000,0.464,147.23,23914000000,,,,,,,,,,,,true,false,3,2019-04-01,2019-06-30,0
2019-08-02,67270,2019-03-31,1,17861000000,0.119,,,,,-388000000,,-324000000,,,-115000000,,-0.71,,,,,,,,,,,,,,,,,,,,,,true,false,3,2018-04-01,2018-06-30,-1
2019-08-02,67270,2020-03-31,1,44950000000,-0.028,,,,,1610000000,-0.411,1596000000,-0.452,,1094000000,,6.74,,,,,,,,,,,,,,,,,,,,,,true,true,6,2019-04-01,2019-09-30,0
2019-08-02,67270,2020-03-31,1,95500000000,0.067,,,,,5200000000,0.252,5170000000,0.246,,3440000000,,21.18,,,,,,,,,,,,,,,,,,,,,,true,true,12,2019-04-01,2020-03-31,0
2019-08-02,67270,2019-03-31,1,,,,,,,,,,,,,,,,,,,,51551000000,25428000000,0.493,156.54,25426000000,,,,,,,,,,,,true,false,12,2018-04-01,2019-03-31,-1
2019-08-02,67270,2019-03-31,1,,,,,,,,,,,,,,,,,,,,,,,,,,,,,6.00,,,,166546400,4121301,,false,false,12,2018-04-01,2019-03-31,-1
2019-08-02,67270,2020-03-31,1,,,,,,,,,,,,,,,,,,,,,,,,,,,,,6.50,,,,,,,false,true,12,2019-04-01,2020-03-31,0
2019-08-02,67270,2020-03-31,1,,,,,,,,,,,,,,,,,,,,,,,,,,,,,,,,,166546400,4121301,162425099,false,false,3,2019-04-01,2019-06-30,0
2019-08-02,67270,2019-03-31,1,,,,,,,,,,,,,,,,,,,,,,,,,,,,,,,,,,,162371693,false,false,3,2018-04-01,2018-06-30,-1
2019-10-15,67270,2020-03-31,,46900000000,0.043,,,,,3000000000,0.863,2500000000,0.566,,2200000000,,13.54,,,,,,,,,,,,,,,,,,,,,,true,true,6,2019-04-01,2019-09-30,0
2019-10-15,67270,2019-03-31,,46263000000,,,,,,2734000000,,2912000000,,,1975000000,,12.16,,,,,,,,,,,,,,,,,,,,,,true,false,6,2018-04-01,2018-09-30,-1
2019-10-31,67270,2020-03-31,2,46932000000,0.014,,,,,3010000000,0.101,2548000000,-0.125,,2208000000,,13.59,,,,,,60887000000,25987000000,0.427,159.99,25987000000,,,,,,,,,,,,true,false,6,2019-04-01,2019-09-30,0
2019-10-31,67270,2019-03-31,2,46263000000,0.137,,,,,2734000000,0.821,2912000000,0.774,,1975000000,,12.16,12.16,,,,,,,,,,,,,,,,,,,,,true,false,6,2018-04-01,2018-09-30,-1
2019-10-31,67270,2020-03-31,2,94000000000,0.050,,,,,5200000000,0.252,4800000000,0.157,,3200000000,,19.70,,,,,,,,,,,,,,,,,,,,,,true,true,12,2019-04-01,2020-03-31,0
2019-10-31,67270,2019-03-31,2,,,,,,,,,,,,,,,,,,,,51551000000,25428000000,0.493,156.54,25426000000,,,,,,,,,,,,true,false,12,2018-04-01,2019-03-31,-1
2019-10-31,67270,2019-03-31,2,,,,,,,,,,,,,,,,,,,,,,,,,,,,,6.00,,,,166546400,4121301,,false,false,12,2018-04-01,2019-03-31,-1
2019-10-31,67270,2020-03-31,2,,,,,,,,,,,,,,,,,,,,,,,,,,,,,0.00,,,,,,,false,false,12,2019-04-01,2020-03-31,0
2019-10-31,67270,2020-03-31,2,,,,,,,,,,,,,,,,,,,,,,,,,,,,,6.50,,,,,,,false,true,12,2019-04-01,2020-03-31,0
2019-10-31,67270,2020-03-31,2,,,,,,,,,,,,,,,,,,,,,,,,,,,,,,,,,166546400,4121301,162425099,false,false,6,2019-04-01,2019-09-30,0
2019-10-31,67270,2019-03-31,2,,,,,,,,,,,,,,,,,,,,,,,,,,,,,,,,,,,162398543,false,false,6,2018-04-01,2018-09-30,-1
2020-01-31,67270,2020-03-31,3,70999000000,-0.037,,,,,5713000000,-0.058,5461000000,-0.097,,4323000000,,26.61,,,,,,56993000000,28450000000,0.499,175.16,28450000000,,,,,,,,,,,,true,false,9,2019-04-01,2019-12-31,0
2020-01-31,67270,2019-03-31,3,73734000000,0.130,,,,,6062000000,0.513,6046000000,0.438,,4333000000,,26.68,26.68,,,,,,,,,,,,,,,,,,,,,true,false,9,2018-04-01,2018-12-31,-1
2020-01-31,67270,2020-03-31,3,91500000000,0.022,,,,,5200000000,0.252,4800000000,0.157,,3200000000,,19.70,,,,,,,,,,,,,,,,,,,,,,true,true,12,2019-04-01,2020-03-31,0
2020-01-31,67270,2019-03-31,3,,,,,,,,,,,,,,,,,,,,51551000000,25428000000,0.493,156.54,25426000000,,,,,,,,,,,,true,false,12,2018-04-01,2019-03-31,-1
2020-01-31,67270,2019-03-31,3,,,,,,,,,,,,,,,,,,,,,,,,,,,,,6.00,,,,166546400,4121301,,false,false,12,2018-04-01,2019-03-31,-1
2020-01-31,67270,2020-03-31,3,,,,,,,,,,,,,,,,,,,,,,,,,,,,,0.00,,,,,,,false,false,12,2019-04-01,2020-03-31,0
2020-01-31,67270,2020-03-31,3,,,,,,,,,,,,,,,,,,,,,,,,,,,,,6.50,,,,,,,false,true,12,2019-04-01,2020-03-31,0
2020-01-31,67270,2020-03-31,3,,,,,,,,,,,,,,,,,,,,,,,,,,,,,,,,,166546400,4121301,162425099,false,false,9,2019-04-01,2019-12-31,0
2020-01-31,67270,2019-03-31,3,,,,,,,,,,,,,,,,,,,,,,,,,,,,,,,,,,,162407427,false,false,9,2018-04-01,2018-12-31,-1
2020-05-08,67270,2020-03-31,,88580000000,-0.010,,,,,5567000000,0.341,5194000000,0.252,,3917000000,,24.12,,0.147,0.101,0.063,,51156000000,27735000000,0.542,170.75,27735000000,13058000000,-1960000000,-5825000000,21541000000,,0.290,,,,,,true,false,12,2019-04-01,2020-03-31,0
2020-05-08,67270,2019-03-31,,89499000000,0.088,,,,,4152000000,0.177,4149000000,0.157,,3851000000,,23.71,23.71,0.160,0.081,0.046,,51551000000,25428000000,0.493,156.54,25426000000,1054000000,-2437000000,-951000000,16763000000,,0.253,,,,,,true,false,12,2018-04-01,2019-03-31,-1
2020-05-08,67270,2021-03-31,,89000000000,0.005,,,,,5600000000,0.006,5600000000,0.078,,4000000000,,24.63,,,,,,,,,,,,,,,,,,,,,,true,true,12,2020-04-01,2021-03-31,1
2020-05-08,67270,2021-03-31,,91500000000,0.033,,,,,6500000000,0.168,6500000000,0.251,,4600000000,,28.32,,,,,,,,,,,,,,,,,,,,,,true,true,12,2020-04-01,2021-03-31,1
2020-05-08,67270,2020-03-31,,71173000000,-0.116,,,,,2397000000,-0.242,2141000000,-0.550,966000000,,-0.756,5.95,,,,,,35641000000,16674000000,0.468,102.65,16674000000,,,,,7.00,,,,166546400,4121301,162425099,false,false,12,2019-04-01,2020-03-31,0
2020-05-08,67270,2019-03-31,,80543000000,0.187,,,,,3164000000,2.038,4754000000,1.075,3966000000,,1.533,24.42,24.42,,,,,39917000000,16687000000,0.418,102.72,16685000000,,,,,6.00,,,,166546400,4121301,162411785,false,false,12,2018-04-01,2019-03-31,-1
2020-05-08,67270,2021-03-31,,,,,,,,,,,,,,,,,,,,,,,,,,,,,,7.50,,,,,,,false,true,12,2020-04-01,2021-03-31,1
2020-07-31,67270,2021-03-31,1,20916000000,0.223,,,,,2217000000,,2098000000,,,1508000000,,9.28,,,,,,56556000000,28131000000,0.497,173.19,28131000000,,,,,,,,,,,,true,false,3,2020-04-01,2020-06-30,0
2020-07-31,67270,2020-03-31,1,17100000000,-0.043,,,,,-259000000,,-517000000,,,-119000000,,-0.74,,,,,,,,,,,,,,,,,,,,,,true,false,3,2019-04-01,2019-06-30,-1
2020-07-31,67270,2021-03-31,1,89000000000,0.005,,,,,5600000000,0.006,5600000000,0.078,,4000000000,,24.63,,,,,,,,,,,,,,,,,,,,,,true,true,12,2020-04-01,2021-03-31,0
2020-07-31,67270,2021-03-31,1,91500000000,0.033,,,,,6500000000,0.168,6500000000,0.251,,4600000000,,28.32,,,,,,,,,,,,,,,,,,,,,,true,true,12,2020-04-01,2021-03-31,0
2020-07-31,67270,2020-03-31,1,,,,,,,,,,,,,,,,,,,,51156000000,27735000000,0.542,170.75,27735000000,,,,,,,,,,,,true,false,12,2019-04-01,2020-03-31,-1
2020-07-31,67270,2020-03-31,1,,,,,,,,,,,,,,,,,,,,,,,,,,,,,7.00,,,,166546400,4121301,,false,false,12,2019-04-01,2020-03-31,-1
2020-07-31,67270,2021-03-31,1,,,,,,,,,,,,,,,,,,,,,,,,,,,,,7.50,,,,,,,false,true,12,2020-04-01,2021-03-31,0
2020-07-31,67270,2021-03-31,1,,,,,,,,,,,,,,,,,,,,,,,,,,,,,,,,,166546400,4121301,162425099,false,false,3,2020-04-01,2020-06-30,0
2020-07-31,67270,2020-03-31,1,,,,,,,,,,,,,,,,,,,,,,,,,,,,,,,,,,,162425099,false,false,3,2019-04-01,2019-06-30,-1
2020-10-30,67270,2021-03-31,2,55326000000,0.179,,,,,8618000000,1.864,8469000000,2.324,,6282000000,,38.68,,,,,,70244000000,33000000000,0.470,203.14,33000000000,,,,,,,,,,,,true,false,6,2020-04-01,2020-09-30,0
2020-10-30,67270,2020-03-31,2,46932000000,0.014,,,,,3010000000,0.101,2548000000,-0.125,,2208000000,,13.59,,,,,,,,,,,,,,,,,,,,,,true,false,6,2019-04-01,2019-09-30,-1
2020-10-30,67270,2021-03-31,2,99000000000,0.118,,,,,9000000000,0.617,8800000000,0.694,,6300000000,,38.78,,,,,,,,,,,,,,,,,,,,,,true,true,12,2020-04-01,2021-03-31,0
2020-10-30,67270,2020-03-31,2,,,,,,,,,,,,,,,,,,,,51156000000,27735000000,0.542,170.75,27735000000,,,,,,,,,,,,true,false,12,2019-04-01,2020-03-31,-1
2020-10-30,67270,2020-03-31,2,,,,,,,,,,,,,,,,,,,,,,,,,,,,,7.00,,,,166546400,4121301,,false,false,12,2019-04-01,2020-03-31,-1
2020-10-30,67270,2021-03-31,2,,,,,,,,,,,,,,,,,,,,,,,,,,,,,0.00,,,,,,,false,false,12,2020-04-01,2021-03-31,0
2020-10-30,67270,2021-03-31,2,,,,,,,,,,,,,,,,,,,,,,,,,,,,,7.50,,,,,,,false,true,12,2020-04-01,2021-03-31,0
2020-10-30,67270,2021-03-31,2,,,,,,,,,,,,,,,,,,,,,,,,,,,,,,,,,166546400,4097161,162429188,false,false,6,2020-04-01,2020-09-30,0
2020-10-30,67270,2020-03-31,2,,,,,,,,,,,,,,,,,,,,,,,,,,,,,,,,,,,162425099,false,false,6,2019-04-01,2019-09-30,-1
2021-01-29,67270,2021-03-31,3,85194000000,0.200,,,,,12773000000,1.236,12574000000,1.302,,9404000000,,57.89,,,,,,71108000000,36216000000,0.509,222.94,36216000000,,,,,,,,,,,,true,false,9,2020-04-01,2020-12-31,0
2021-01-29,67270,2020-03-31,3,70999000000,-0.037,,,,,5713000000,-0.058,5461000000,-0.097,,4323000000,,26.61,,,,,,,,,,,,,,,,,,,,,,true,false,9,2019-04-01,2019-12-31,-1
2021-01-29,67270,2021-03-31,3,106000000000,0.197,,,,,13000000000,1.335,12700000000,1.445,,9500000000,,58.48,,,,,,,,,,,,,,,,,,,,,,true,true,12,2020-04-01,2021-03-31,0
2021-01-29,67270,2020-03-31,3,,,,,,,,,,,,,,,,,,,,51156000000,27735000000,0.542,170.75,27735000000,,,,,,,,,,,,true,false,12,2019-04-01,2020-03-31,-1
2021-01-29,67270,2020-03-31,3,,,,,,,,,,,,,,,,,,,,,,,,,,,,,7.00,,,,166546400,4121301,,false,false,12,2019-04-01,2020-03-31,-1
2021-01-29,67270,2021-03-31,3,,,,,,,,,,,,,,,,,,,,,,,,,,,,,0.00,,,,,,,false,false,12,2020-04-01,2021-03-31,0
2021-01-29,67270,2021-03-31,3,,,,,,,,,,,,,,,,,,,,,,,,,,,,,7.50,,,,,,,false,true,12,2020-04-01,2021-03-31,0
2021-01-29,67270,2021-03-31,3,,,,,,,,,,,,,,,,,,,,,,,,,,,,,,,,,166546400,4097161,162435896,false,false,9,2020-04-01,2020-12-31,0
2021-01-29,67270,2020-03-31,3,,,,,,,,,,,,,,,,,,,,,,,,,,,,,,,,,,,162425099,false,false,9,2019-04-01,2019-12-31,-1
2021-05-12,67270,2021-03-31,,108531000000,0.225,,,,,13407000000,1.408,14091000000,1.713,,10226000000,,62.95,,0.313,0.230,0.124,,71181000000,37689000000,0.529,232.00,37689000000,14578000000,-1382000000,-4053000000,32043000000,,0.302,,,,,,true,false,12,2020-04-01,2021-03-31,0
2021-05-12,67270,2020-03-31,,88580000000,-0.010,,,,,5567000000,0.341,5194000000,0.252,,3917000000,,24.12,,0.147,0.101,0.063,,51156000000,27735000000,0.542,170.75,27735000000,13058000000,-1960000000,-5825000000,21541000000,,0.290,,,,,,true,false,12,2019-04-01,2020-03-31,-1
2021-05-12,67270,2022-03-31,,102000000000,-0.060,,,,,11000000000,-0.180,11000000000,-0.219,,8000000000,,49.25,,,,,,,,,,,,,,,,0.305,,,,,,true,true,12,2021-04-01,2022-03-31,1
2021-05-12,67270,2021-03-31,,94945000000,0.334,,,,,10617000000,3.428,19603000000,8.155,16192000000,,,99.68,,,,,,56730000000,31748000000,0.560,195.43,31748000000,,,,,19.00,,,,166546400,4097161,162439186,false,false,12,2020-04-01,2021-03-31,0
2021-05-12,67270,2020-03-31,,71173000000,-0.116,,,,,2397000000,-0.242,2141000000,-0.550,966000000,,-0.756,5.95,,,,,,35641000000,16674000000,0.468,102.65,16674000000,,,,,7.00,,,,166546400,4121301,162425099,false,false,12,2019-04-01,2020-03-31,-1
2021-05-12,67270,2022-03-31,,,,,,,,,,,,,,,,,,,,,,,,,,,,,,15.00,,,,,,,false,true,12,2021-04-01,2022-03-31,1
2021-07-30,67270,2022-03-31,1,24179000000,0.156,,,,,3028000000,0.366,3091000000,0.473,,2312000000,,14.23,,,,,,64054000000,36950000000,0.577,227.45,36950000000,,,,,,,,,,,,true,false,3,2021-04-01,2021-06-30,0
2021-07-30,67270,2021-03-31,1,20916000000,0.223,,,,,2217000000,,2098000000,,,1508000000,,9.28,,,,,,,,,,,,,,,,,,,,,,true,false,3,2020-04-01,2020-06-30,-1
2021-07-30,67270,2022-03-31,1,102000000000,-0.060,,,,,11000000000,-0.180,11000000000,-0.219,,8000000000,,49.25,,,,,,,,,,,,,,,,,,,,,,true,true,12,2021-04-01,2022-03-31,0
2021-07-30,67270,2021-03-31,1,,,,,,,,,,,,,,,,,,,,71181000000,37689000000,0.529,232.00,37689000000,,,,,,,,,,,,true,false,12,2020-04-01,2021-03-31,-1
2021-07-30,67270,2021-03-31,1,,,,,,,,,,,,,,,,,,,,,,,,,,,,,19.00,,,,166546400,4097161,,false,false,12,2020-04-01,2021-03-31,-1
2021-07-30,67270,2022-03-31,1,,,,,,,,,,,,,,,,,,,,,,,,,,,,,15.00,,,,,,,false,true,12,2021-04-01,2022-03-31,0
2021-07-30,67270,2022-03-31,1,,,,,,,,,,,,,,,,,,,,,,,,,,,,,,,,,166546400,4097161,162449239,false,false,3,2021-04-01,2021-06-30,0
2021-07-30,67270,2021-03-31,1,,,,,,,,,,,,,,,,,,,,,,,,,,,,,,,,,,,162425099,false,false,3,2020-04-01,2020-06-30,-1
2021-10-29,6727,2022-03-31,2,50259000000,-0.092,,,,,7560000000,-0.123,7661000000,-0.095,,5766000000,,35.54,,,,,,66831000000,39445000000,0.590,244.78,39445000000,,,,,,,,,,,,true,false,6,2021-04-01,2021-09-30,0
2021-10-29,6727,2021-03-31,2,55326000000,0.179,,,,,8618000000,1.864,8469000000,2.324,,6282000000,,38.68,,,,,,,,,,,,,,,,,,,,,,true,false,6,2020-04-01,2020-09-30,-1
2021-10-29,6727,2022-03-31,2,102000000000,-0.060,,,,,12000000000,-0.105,12000000000,-0.148,,8800000000,,54.43,,,,,,,,,,,,,,,,,,,,,,true,true,12,2021-04-01,2022-03-31,0
2021-10-29,6727,2021-03-31,2,,,,,,,,,,,,,,,,,,,,71181000000,37689000000,0.529,232.00,37689000000,,,,,,,,,,,,true,false,12,2020-04-01,2021-03-31,-1
2021-10-29,6727,2021-03-31,2,,,,,,,,,,,,,,,,,,,,,,,,,,,,,19.00,,,,166546400,4097161,,false,false,12,2020-04-01,2021-03-31,-1
2021-10-29,6727,2022-03-31,2,,,,,,,,,,,,,,,,,,,,,,,,,,,,,0.00,,,,,,,false,false,12,2021-04-01,2022-03-31,0
2021-10-29,6727,2022-03-31,2,,,,,,,,,,,,,,,,,,,,,,,,,,,,,15.00,,,,,,,false,true,12,2021-04-01,2022-03-31,0
2021-10-29,6727,2022-03-31,2,,,,,,,,,,,,,,,,,,,,,,,,,,,,,,,,,166546400,5401751,162228243,false,false,6,2021-04-01,2021-09-30,0
2021-10-29,6727,2021-03-31,2,,,,,,,,,,,,,,,,,,,,,,,,,,,,,,,,,,,162429188,false,false,6,2020-04-01,2020-09-30,-1
2022-01-31,6727,2022-03-31,3,81179000000,-0.047,,,,,12340000000,-0.034,12773000000,0.016,,9633000000,,59.51,,,,,,71786000000,41600000000,0.579,261.67,41600000000,,,,,,,,,,,,true,false,9,2021-04-01,2021-12-31,0
2022-01-31,6727,2021-03-31,3,85194000000,0.200,,,,,12773000000,1.236,12574000000,1.302,,9404000000,,57.89,,,,,,,,,,,,,,,,,,,,,,true,false,9,2020-04-01,2020-12-31,-1
2022-01-31,6727,2022-03-31,3,103000000000,-0.051,,,,,12500000000,-0.068,13000000000,-0.077,,9700000000,,60.20,,,,,,,,,,,,,,,,,,,,,,true,true,12,2021-04-01,2022-03-31,0
2022-01-31,6727,2021-03-31,3,,,,,,,,,,,,,,,,,,,,71181000000,37689000000,0.529,232.00,37689000000,,,,,,,,,,,,true,false,12,2020-04-01,2021-03-31,-1
2022-01-31,6727,2021-03-31,3,,,,,,,,,,,,,,,,,,,,,,,,,,,,,19.00,,,,166546400,4097161,,false,false,12,2020-04-01,2021-03-31,-1
2022-01-31,6727,2022-03-31,3,,,,,,,,,,,,,,,,,,,,,,,,,,,,,0.00,,,,,,,false,false,12,2021-04-01,2022-03-31,0
2022-01-31,6727,2022-03-31,3,,,,,,,,,,,,,,,,,,,,,,,,,,,,,15.00,,,,,,,false,true,12,2021-04-01,2022-03-31,0
2022-01-31,6727,2022-03-31,3,,,,,,,,,,,,,,,,,,,,,,,,,,,,,,,,,166546400,7570592,161857845,false,false,9,2021-04-01,2021-12-31,0
2022-01-31,6727,2021-03-31,3,,,,,,,,,,,,,,,,,,,,,,,,,,,,,,,,,,,162435896,false,false,9,2020-04-01,2020-12-31,-1
2022-05-12,6727,2022-03-31,,108790000000,0.002,,,,,13024000000,-0.029,14351000000,0.018,,10955000000,,67.98,,0.270,0.199,0.120,,73332000000,43503000000,0.593,273.65,43503000000,-236000000,-1372000000,-10516000000,21789000000,,0.294,,,,,,true,false,12,2021-04-01,2022-03-31,0
2022-05-12,6727,2021-03-31,,108531000000,0.225,,,,,13407000000,1.408,14091000000,1.713,,10226000000,,62.95,,0.313,0.230,0.124,,71181000000,37689000000,0.529,232.00,37689000000,14578000000,-1382000000,-4053000000,32043000000,,0.302,,,,,,true,false,12,2020-04-01,2021-03-31,-1
2022-05-12,6727,2023-03-31,,128000000000,0.177,,,,,13700000000,0.052,13700000000,-0.045,,10200000000,,64.16,,,,,,,,,,,,,,,,0.312,,,,,,true,true,12,2022-04-01,2023-03-31,1
2022-05-12,6727,2022-03-31,,99373000000,0.047,,,,,13336000000,0.256,14949000000,-0.237,11418000000,,-0.295,70.86,,,,,,61348000000,37109000000,0.605,233.42,37109000000,,,,,20.00,,,,166546400,7570592,161147206,false,false,12,2021-04-01,2022-03-31,0
2022-05-12,6727,2021-03-31,,94945000000,0.334,,,,,10617000000,3.428,19603000000,8.155,16192000000,,,99.68,,,,,,56730000000,31748000000,0.560,195.43,31748000000,,,,,19.00,,,,166546400,4097161,162439186,false,false,12,2020-04-01,2021-03-31,-1
2022-05-12,6727,2023-03-31,,,,,,,,,,,,,,,,,,,,,,,,,,,,,,20.00,,,,,,,false,true,12,2022-04-01,2023-03-31,1
2022-07-29,6727,2023-03-31,1,28473000000,0.178,,,,,1846000000,-0.390,3136000000,0.015,,2432000000,,15.30,,,,,,79054000000,43049000000,0.545,271.26,43049000000,,,,,,,,,,,,true,false,3,2022-04-01,2022-06-30,0
2022-07-29,6727,2022-03-31,1,24179000000,0.156,,,,,3028000000,0.366,3091000000,0.473,,2312000000,,14.23,,,,,,,,,,,,,,,,,,,,,,true,false,3,2021-04-01,2021-06-30,-1
2022-07-29,6727,2023-03-31,1,133000000000,0.223,,,,,13700000000,0.052,15000000000,0.045,,11200000000,,70.54,,,,,,,,,,,,,,,,,,,,,,true,true,12,2022-04-01,2023-03-31,0
2022-07-29,6727,2022-03-31,1,,,,,,,,,,,,,,,,,,,,73332000000,43503000000,0.593,273.65,43503000000,,,,,,,,,,,,true,false,12,2021-04-01,2022-03-31,-1
2022-07-29,6727,2022-03-31,1,,,,,,,,,,,,,,,,,,,,,,,,,,,,,20.00,,,,166546400,7570592,,false,false,12,2021-04-01,2022-03-31,-1
2022-07-29,6727,2023-03-31,1,,,,,,,,,,,,,,,,,,,,,,,,,,,,,20.00,,,,,,,false,true,12,2022-04-01,2023-03-31,0
2022-07-29,6727,2023-03-31,1,,,,,,,,,,,,,,,,,,,,,,,,,,,,,,,,,164546400,5844292,158961393,false,false,3,2022-04-01,2022-06-30,0
2022-07-29,6727,2022-03-31,1,,,,,,,,,,,,,,,,,,,,,,,,,,,,,,,,,,,162449239,false,false,3,2021-04-01,2021-06-30,-1
2022-10-14,67270,2023-03-31,,119000000000,-0.105,,,,,6000000000,-0.562,7900000000,-0.473,5900000000,,-0.473,37.24,,,,,,,,,,,,,,,,,,,,,,true,true,12,2022-04-01,2023-03-31,0
2022-10-14,67270,2022-03-31,,108790000000,,,,,,13024000000,,14351000000,,10955000000,,,67.98,,,,,,,,,,,,,,,,,,,,,,true,false,12,2021-04-01,2022-03-31,-1
2022-11-01,6727,2023-03-31,2,54138000000,0.077,,,,,2284000000,-0.698,4203000000,-0.451,,3231000000,,20.35,,,,,,81165000000,43786000000,0.539,276.86,43786000000,,,,,,,,,,,,true,false,6,2022-04-01,2022-09-30,0
2022-11-01,6727,2022-03-31,2,50259000000,-0.092,,,,,7560000000,-0.123,7661000000,-0.095,,5766000000,,35.54,,,,,,,,,,,,,,,,,,,,,,true,false,6,2021-04-01,2021-09-30,-1
2022-11-01,6727,2023-03-31,2,119000000000,0.094,,,,,6000000000,-0.539,7900000000,-0.450,,5900000000,,37.24,,,,,,,,,,,,,,,,,,,,,,true,true,12,2022-04-01,2023-03-31,0
2022-11-01,6727,2022-03-31,2,,,,,,,,,,,,,,,,,,,,73332000000,43503000000,0.593,273.65,43503000000,,,,,,,,,,,,true,false,12,2021-04-01,2022-03-31,-1
2022-11-01,6727,2022-03-31,2,,,,,,,,,,,,,,,,,,,,,,,,,,,,,20.00,,,,166546400,7570592,,false,false,12,2021-04-01,2022-03-31,-1
2022-11-01,6727,2023-03-31,2,,,,,,,,,,,,,,,,,,,,,,,,,,,,,0.00,,,,,,,false,false,12,2022-04-01,2023-03-31,0
2022-11-01,6727,2023-03-31,2,,,,,,,,,,,,,,,,,,,,,,,,,,,,,20.00,,,,,,,false,true,12,2022-04-01,2023-03-31,0
2022-11-01,6727,2023-03-31,2,,,,,,,,,,,,,,,,,,,,,,,,,,,,,,,,,164546400,6395292,158744021,false,false,6,2022-04-01,2022-09-30,0
2022-11-01,6727,2022-03-31,2,,,,,,,,,,,,,,,,,,,,,,,,,,,,,,,,,,,162228243,false,false,6,2021-04-01,2021-09-30,-1
2023-01-31,6727,2023-03-31,3,84021000000,0.035,,,,,4297000000,-0.652,4851000000,-0.620,,3676000000,,23.20,,,,,,77504000000,43088000000,0.556,273.60,43088000000,,,,,,,,,,,,true,false,9,2022-04-01,2022-12-31,0
2023-01-31,6727,2022-03-31,3,81179000000,-0.047,,,,,12340000000,-0.034,12773000000,0.016,,9633000000,,59.51,,,,,,,,,,,,,,,,,,,,,,true,false,9,2021-04-01,2021-12-31,-1
2023-01-31,6727,2023-03-31,3,110000000000,0.011,,,,,4300000000,-0.670,4850000000,-0.662,,3500000000,,22.12,,,,,,,,,,,,,,,,,,,,,,true,true,12,2022-04-01,2023-03-31,0
2023-01-31,6727,2022-03-31,3,,,,,,,,,,,,,,,,,,,,73332000000,43503000000,0.593,273.65,43503000000,,,,,,,,,,,,true,false,12,2021-04-01,2022-03-31,-1
2023-01-31,6727,2022-03-31,3,,,,,,,,,,,,,,,,,,,,,,,,,,,,,20.00,,,,166546400,7570592,,false,false,12,2021-04-01,2022-03-31,-1
2023-01-31,6727,2023-03-31,3,,,,,,,,,,,,,,,,,,,,,,,,,,,,,0.00,,,,,,,false,false,12,2022-04-01,2023-03-31,0
2023-01-31,6727,2023-03-31,3,,,,,,,,,,,,,,,,,,,,,,,,,,,,,20.00,,,,,,,false,true,12,2022-04-01,2023-03-31,0
2023-01-31,6727,2023-03-31,3,,,,,,,,,,,,,,,,,,,,,,,,,,,,,,,,,164546400,7062692,158451766,false,false,9,2022-04-01,2022-12-31,0
2023-01-31,6727,2022-03-31,3,,,,,,,,,,,,,,,,,,,,,,,,,,,,,,,,,,,161857845,false,false,9,2021-04-01,2021-12-31,-1
2023-05-11,6727,2023-03-31,,112730000000,0.036,,,,,2013000000,-0.845,2868000000,-0.800,,1792000000,,11.34,,0.043,0.039,0.018,,75279000000,40490000000,0.538,259.15,40490000000,-1056000000,-3142000000,1069000000,19980000000,,1.764,,,,,,true,false,12,2022-04-01,2023-03-31,0
2023-05-11,6727,2022-03-31,,108790000000,0.002,,,,,13024000000,-0.029,14351000000,0.018,,10955000000,,67.98,,0.270,0.199,0.120,,73332000000,43503000000,0.593,273.65,43503000000,-236000000,-1372000000,-10516000000,21789000000,,0.294,,,,,,true,false,12,2021-04-01,2022-03-31,-1
2023-05-11,6727,2024-03-31,,106000000000,-0.060,,,,,4500000000,1.235,4500000000,0.569,,3300000000,,21.12,,,,,,,,,,,,,,,,0.947,,,,,,true,true,12,2023-04-01,2024-03-31,1
2023-05-11,6727,2023-03-31,,104403000000,0.051,,,,,5567000000,-0.583,6730000000,-0.550,4882000000,,-0.572,30.88,,,,,,66223000000,36585000000,0.552,234.16,36585000000,,,,,20.00,,,,158000000,1762392,158096723,false,false,12,2022-04-01,2023-03-31,0
2023-05-11,6727,2022-03-31,,99373000000,0.047,,,,,13336000000,0.256,14949000000,-0.237,11418000000,,-0.295,70.86,,,,,,61348000000,37109000000,0.605,233.42,37109000000,,,,,20.00,,,,166546400,7570592,161147206,false,false,12,2021-04-01,2022-03-31,-1
2023-05-11,6727,2024-03-31,,,,,,,,,,,,,,,,,,,,,,,,,,,,,,20.00,,,,,,,false,true,12,2023-04-01,2024-03-31,1
2023-07-31,6727,2024-03-31,1,24140000000,-0.152,,,,,847000000,-0.541,2657000000,-0.153,,2059000000,,13.18,,,,,,82333000000,40242000000,0.489,257.57,40242000000,,,,,,,,,,,,true,false,3,2023-04-01,2023-06-30,0
2023-07-31,6727,2023-03-31,1,28473000000,0.178,,,,,1846000000,-0.390,3136000000,0.015,,2432000000,,15.30,,,,,,,,,,,,,,,,,,,,,,true,false,3,2022-04-01,2022-06-30,-1
2023-07-31,6727,2024-03-31,1,102500000000,-0.091,,,,,4500000000,1.235,4500000000,0.569,,3300000000,,21.12,,,,,,,,,,,,,,,,,,,,,,true,true,12,2023-04-01,2024-03-31,0
2023-07-31,6727,2023-03-31,1,,,,,,,,,,,,,,,,,,,,75279000000,40490000000,0.538,259.15,40490000000,,,,,,,,,,,,true,false,12,2022-04-01,2023-03-31,-1
2023-07-31,6727,2023-03-31,1,,,,,,,,,,,,,,,,,,,,,,,,,,,,,20.00,,,,158000000,1762392,,false,false,12,2022-04-01,2023-03-31,-1
2023-07-31,6727,2024-03-31,1,,,,,,,,,,,,,,,,,,,,,,,,,,,,,20.00,,,,,,,false,true,12,2023-04-01,2024-03-31,0
2023-07-31,6727,2024-03-31,1,,,,,,,,,,,,,,,,,,,,,,,,,,,,,,,,,158000000,1762392,156237608,false,false,3,2023-04-01,2023-06-30,0
2023-07-31,6727,2023-03-31,1,,,,,,,,,,,,,,,,,,,,,,,,,,,,,,,,,,,158961393,false,false,3,2022-04-01,2022-06-30,-1
2023-10-31,6727,2024-03-31,2,55591000000,0.027,,,,,2457000000,0.076,4990000000,0.187,,3804000000,,24.37,,,,,,85420000000,41213000000,0.482,266.48,41213000000,,,,,,,,,,,,true,false,6,2023-04-01,2023-09-30,0
2023-10-31,6727,2023-03-31,2,54138000000,0.077,,,,,2284000000,-0.698,4203000000,-0.451,,3231000000,,20.35,,,,,,,,,,,,,,,,,,,,,,true,false,6,2022-04-01,2022-09-30,-1
2023-10-31,6727,2024-03-31,2,109000000000,-0.033,,,,,4500000000,1.235,5200000000,0.813,,3950000000,,25.42,,,,,,,,,,,,,,,,,,,,,,true,true,12,2023-04-01,2024-03-31,0
2023-10-31,6727,2023-03-31,2,,,,,,,,,,,,,,,,,,,,75279000000,40490000000,0.538,259.15,40490000000,,,,,,,,,,,,true,false,12,2022-04-01,2023-03-31,-1
2023-10-31,6727,2023-03-31,2,,,,,,,,,,,,,,,,,,,,,,,,,,,,,20.00,,,,158000000,1762392,,false,false,12,2022-04-01,2023-03-31,-1
2023-10-31,6727,2024-03-31,2,,,,,,,,,,,,,,,,,,,,,,,,,,,,,0.00,,,,,,,false,false,12,2023-04-01,2024-03-31,0
2023-10-31,6727,2024-03-31,2,,,,,,,,,,,,,,,,,,,,,,,,,,,,,20.00,,,,,,,false,true,12,2023-04-01,2024-03-31,0
2023-10-31,6727,2024-03-31,2,,,,,,,,,,,,,,,,,,,,,,,,,,,,,,,,,158000000,3346888,156102868,false,false,6,2023-04-01,2023-09-30,0
2023-10-31,6727,2023-03-31,2,,,,,,,,,,,,,,,,,,,,,,,,,,,,,,,,,,,158744021,false,false,6,2022-04-01,2022-09-30,-1
2024-01-31,6727,2024-03-31,3,89151000000,0.061,,,,,5269000000,0.226,6656000000,0.372,,4893000000,,31.50,,,,,,85561000000,39632000000,0.463,262.03,39632000000,,,,,,,,,,,,true,false,9,2023-04-01,2023-12-31,0
2024-01-31,6727,2023-03-31,3,84021000000,0.035,,,,,4297000000,-0.652,4851000000,-0.620,,3676000000,,23.20,,,,,,,,,,,,,,,,,,,,,,true,false,9,2022-04-01,2022-12-31,-1
2024-01-31,6727,2024-03-31,3,117000000000,0.038,,,,,5300000000,1.633,6700000000,1.336,,4900000000,,31.75,,,,,,,,,,,,,,,,,,,,,,true,true,12,2023-04-01,2024-03-31,0
2024-01-31,6727,2023-03-31,3,,,,,,,,,,,,,,,,,,,,75279000000,40490000000,0.538,259.15,40490000000,,,,,,,,,,,,true,false,12,2022-04-01,2023-03-31,-1
2024-01-31,6727,2023-03-31,3,,,,,,,,,,,,,,,,,,,,,,,,,,,,,20.00,,,,158000000,1762392,,false,false,12,2022-04-01,2023-03-31,-1
2024-01-31,6727,2024-03-31,3,,,,,,,,,,,,,,,,,,,,,,,,,,,,,0.00,,,,,,,false,false,12,2023-04-01,2024-03-31,0
2024-01-31,6727,2024-03-31,3,,,,,,,,,,,,,,,,,,,,,,,,,,,,,20.00,,,,,,,false,true,12,2023-04-01,2024-03-31,0
2024-01-31,6727,2024-03-31,3,,,,,,,,,,,,,,,,,,,,,,,,,,,,,,,,,158000000,6749889,155363786,false,false,9,2023-04-01,2023-12-31,0
2024-01-31,6727,2023-03-31,3,,,,,,,,,,,,,,,,,,,,,,,,,,,,,,,,,,,158451766,false,false,9,2022-04-01,2022-12-31,-1
2024-03-29,67270,2024-03-31,,118000000000,0.009,,,,,5300000000,,8200000000,0.224,,3700000000,,24.09,,,,,,,,,,,,,,,,,,,,,,true,true,12,2023-04-01,2024-03-31,0
2024-03-29,67270,2023-03-31,,112730000000,,,,,,2013000000,,2868000000,,,1792000000,,11.34,,,,,,,,,,,,,,,,,,,,,,true,false,12,2022-04-01,2023-03-31,-1
2024-05-09,6727,2024-03-31,,118795000000,0.054,,,,,7058000000,2.506,9853000000,2.436,,4562000000,,29.64,,0.119,0.127,0.059,,79620000000,35968000000,0.452,247.64,35968000000,17476000000,-2281000000,-6432000000,31661000000,,0.675,,,,,,true,false,12,2023-04-01,2024-03-31,0
2024-05-09,6727,2023-03-31,,112730000000,0.036,,,,,2013000000,-0.845,2868000000,-0.800,,1792000000,,11.34,,0.043,0.039,0.018,,75279000000,40490000000,0.538,259.15,40490000000,-1056000000,-3142000000,1069000000,19980000000,,1.764,,,,,,true,false,12,2022-04-01,2023-03-31,-1
2024-05-09,6727,2025-03-31,,120000000000,0.010,,,,,8500000000,0.204,8500000000,-0.137,,6200000000,,42.69,,,,,,,,,,,,,,,,0.469,,,,,,true,true,12,2024-04-01,2025-03-31,1
2024-05-09,6727,2024-03-31,,94785000000,-0.092,,,,,-392000000,,2684000000,-0.601,-21000000,,,-0.14,,,,,,65326000000,26218000000,0.401,180.51,26218000000,,,,,20.00,,,,152000000,6756189,153883359,false,false,12,2023-04-01,2024-03-31,0
2024-05-09,6727,2023-03-31,,104403000000,0.051,,,,,5567000000,-0.583,6730000000,-0.550,4882000000,,-0.572,30.88,,,,,,66223000000,36585000000,0.552,234.16,36585000000,,,,,20.00,,,,158000000,1762392,158096723,false,false,12,2022-04-01,2023-03-31,-1
2024-05-09,6727,2025-03-31,,,,,,,,,,,,,,,,,,,,,,,,,,,,,,20.00,,,,,,,false,true,12,2024-04-01,2025-03-31,1
2024-07-29,6727,2025-03-31,1,29175000000,0.209,,,,,2525000000,1.981,3643000000,0.371,,2684000000,,18.54,,,,,,80063000000,34737000000,0.434,243.35,34737000000,,,,,,,,,,,,true,false,3,2024-04-01,2024-06-30,0
2024-07-29,6727,2024-03-31,1,24140000000,-0.152,,,,,847000000,-0.541,2657000000,-0.153,,2059000000,,13.18,,,,,,,,,,,,,,,,,,,,,,true,false,3,2023-04-01,2023-06-30,-1
2024-07-29,6727,2025-03-31,1,120000000000,0.010,,,,,8500000000,0.204,8500000000,-0.137,,6200000000,,42.69,,,,,,,,,,,,,,,,,,,,,,true,true,12,2024-04-01,2025-03-31,0
2024-07-29,6727,2024-03-31,1,,,,,,,,,,,,,,,,,,,,79620000000,35968000000,0.452,247.64,35968000000,,,,,,,,,,,,true,false,12,2023-04-01,2024-03-31,-1
2024-07-29,6727,2024-03-31,1,,,,,,,,,,,,,,,,,,,,,,,,,,,,,20.00,,,,152000000,6756189,,false,false,12,2023-04-01,2024-03-31,-1
2024-07-29,6727,2025-03-31,1,,,,,,,,,,,,,,,,,,,,,,,,,,,,,20.00,,,,,,,false,true,12,2024-04-01,2025-03-31,0
2024-07-29,6727,2025-03-31,1,,,,,,,,,,,,,,,,,,,,,,,,,,,,,,,,,146000000,3254689,144757355,false,false,3,2024-04-01,2024-06-30,0
2024-07-29,6727,2024-03-31,1,,,,,,,,,,,,,,,,,,,,,,,,,,,,,,,,,,,156237608,false,false,3,2023-04-01,2023-06-30,-1
2024-10-30,6727,2025-03-31,2,57315000000,0.031,,,,,5475000000,1.229,4785000000,-0.041,,3470000000,,24.22,,,,,,77466000000,33431000000,0.432,236.69,33431000000,,,,,,,,,,,,true,false,6,2024-04-01,2024-09-30,0
2024-10-30,6727,2024-03-31,2,55591000000,0.027,,,,,2457000000,0.076,4990000000,0.187,,3804000000,,24.37,,,,,,,,,,,,,,,,,,,,,,true,false,6,2023-04-01,2023-09-30,-1
2024-10-30,6727,2025-03-31,2,120000000000,0.010,,,,,8500000000,0.204,8500000000,-0.137,,6200000000,,42.69,,,,,,,,,,,,,,,,,,,,,,true,true,12,2024-04-01,2025-03-31,0
2024-10-30,6727,2024-03-31,2,,,,,,,,,,,,,,,,,,,,79620000000,35968000000,0.452,247.64,35968000000,,,,,,,,,,,,true,false,12,2023-04-01,2024-03-31,-1
2024-10-30,6727,2024-03-31,2,,,,,,,,,,,,,,,,,,,,,,,,,,,,,20.00,,,,152000000,6756189,,false,false,12,2023-04-01,2024-03-31,-1
2024-10-30,6727,2025-03-31,2,,,,,,,,,,,,,,,,,,,,,,,,,,,,,0.00,,,,,,,false,false,12,2024-04-01,2025-03-31,0
2024-10-30,6727,2025-03-31,2,,,,,,,,,,,,,,,,,,,,,,,,,,,,,20.00,,,,,,,false,true,12,2024-04-01,2025-03-31,0
2024-10-30,6727,2025-03-31,2,,,,,,,,,,,,,,,,,,,,,,,,,,,,,,,,,146000000,4754786,143282699,false,false,6,2024-04-01,2024-09-30,0
2024-10-30,6727,2024-03-31,2,,,,,,,,,,,,,,,,,,,,,,,,,,,,,,,,,,,156102868,false,false,6,2023-04-01,2023-09-30,-1
2025-01-31,6727,2025-03-31,3,87518000000,-0.018,,,,,7602000000,0.443,8401000000,0.262,,5383000000,,37.79,,,,,,79528000000,34865000000,0.438,250.63,34865000000,,,,,,,,,,,,true,false,9,2024-04-01,2024-12-31,0
2025-01-31,6727,2024-03-31,3,89151000000,0.061,,,,,5269000000,0.226,6656000000,0.372,,4893000000,,31.50,,,,,,,,,,,,,,,,,,,,,,true,false,9,2023-04-01,2023-12-31,-1
2025-01-31,6727,2025-03-31,3,120000000000,0.010,,,,,8500000000,0.204,8500000000,-0.137,,6200000000,,42.69,,,,,,,,,,,,,,,,,,,,,,true,true,12,2024-04-01,2025-03-31,0
2025-01-31,6727,2024-03-31,3,,,,,,,,,,,,,,,,,,,,79620000000,35968000000,0.452,247.64,35968000000,,,,,,,,,,,,true,false,12,2023-04-01,2024-03-31,-1
2025-01-31,6727,2024-03-31,3,,,,,,,,,,,,,,,,,,,,,,,,,,,,,20.00,,,,152000000,6756189,,false,false,12,2023-04-01,2024-03-31,-1
2025-01-31,6727,2025-03-31,3,,,,,,,,,,,,,,,,,,,,,,,,,,,,,0.00,,,,,,,false,false,12,2024-04-01,2025-03-31,0
2025-01-31,6727,2025-03-31,3,,,,,,,,,,,,,,,,,,,,,,,,,,,,,20.00,,,,,,,false,true,12,2024-04-01,2025-03-31,0
2025-01-31,6727,2025-03-31,3,,,,,,,,,,,,,,,,,,,,,,,,,,,,,,,,,146000000,6894486,142439843,false,false,9,2024-04-01,2024-12-31,0
2025-01-31,6727,2024-03-31,3,,,,,,,,,,,,,,,,,,,,,,,,,,,,,,,,,,,155363786,false,false,9,2023-04-01,2023-12-31,-1
2025-04-23,67270,2025-03-31,,115500000000,-0.038,,,,,10000000000,0.176,10000000000,0.176,,5000000000,,35.75,,,,,,,,,,,,,,,,,,,,,,true,true,12,2024-04-01,2025-03-31,0
2025-04-23,67270,2024-03-31,,118795000000,,,,,,7058000000,,9853000000,,,4562000000,,29.64,,,,,,,,,,,,,,,,,,,,,,true,false,12,2023-04-01,2024-03-31,-1
2025-04-23,67270,2025-03-31,,,,,,,,,,,,,,,,,,,,,,,,,,,,,,22.00,,,,,,,false,true,12,2024-04-01,2025-03-31,0
2025-04-23,67270,2025-03-31,,,,,,,,,,,,,,,,,,,,,,,,,,,,,,0.00,,,,,,,false,false,12,2024-04-01,2025-03-31,0
2025-04-23,67270,2024-03-31,,,,,,,,,,,,,,,,,,,,,,,,,,,,,,20.00,,,,,,,false,false,12,2023-04-01,2024-03-31,-1
2025-05-09,6727,2025-03-31,,115681000000,-0.026,,,,,10210000000,0.447,10394000000,0.055,,5225000000,,36.97,,0.156,0.138,0.088,,70771000000,30859000000,0.436,229.43,30859000000,8330000000,-2274000000,-13170000000,24364000000,,0.595,,,,,,true,false,12,2024-04-01,2025-03-31,0
2025-05-09,6727,2024-03-31,,118795000000,0.054,,,,,7058000000,2.506,9853000000,2.436,,4562000000,,29.64,,0.119,0.127,0.059,,79620000000,35968000000,0.452,247.64,35968000000,17476000000,-2281000000,-6432000000,31661000000,,0.675,,,,,,true,false,12,2023-04-01,2024-03-31,-1
2025-05-09,6727,2026-03-31,,110000000000,-0.049,,,,,11500000000,0.126,11500000000,0.106,,8500000000,,63.19,,,,,,,,,,,,,,,,0.348,,,,,,true,true,12,2025-04-01,2026-03-31,1
2025-05-09,6727,2025-03-31,,101401000000,0.070,,,,,5838000000,,5878000000,1.190,4159000000,,,29.43,,,,,,56028000000,20369000000,0.364,151.44,20369000000,,,,,22.00,,,,146000000,11495186,141320553,false,false,12,2024-04-01,2025-03-31,0
2025-05-09,6727,2024-03-31,,94785000000,-0.092,,,,,-392000000,,2684000000,-0.601,-21000000,,,-0.14,,,,,,65326000000,26218000000,0.401,180.51,26218000000,,,,,20.00,,,,152000000,6756189,153883359,false,false,12,2023-04-01,2024-03-31,-1
2025-05-09,6727,2026-03-31,,,,,,,,,,,,,,,,,,,,,,,,,,,,,,22.00,,,,,,,false,true,12,2025-04-01,2026-03-31,1
2025-07-30,6727,2026-03-31,1,24505000000,-0.160,,,,,2723000000,0.079,2376000000,-0.348,,1638000000,,12.18,,,,,,66063000000,29986000000,0.454,222.94,29986000000,,,,,,,,,,,,true,false,3,2025-04-01,2025-06-30,0
2025-07-30,6727,2025-03-31,1,29174000000,0.209,,,,,2525000000,1.981,3643000000,0.371,,2683000000,,18.54,,,,,,,,,,,,,,,,,,,,,,true,false,3,2024-04-01,2024-06-30,-1
2025-07-30,6727,2026-03-31,1,110000000000,-0.049,,,,,11500000000,0.126,11500000000,0.106,,8500000000,,63.19,,,,,,,,,,,,,,,,,,,,,,true,true,12,2025-04-01,2026-03-31,0
2025-07-30,6727,2025-03-31,1,,,,,,,,,,,,,,,,,,,,70771000000,30859000000,0.436,229.43,30859000000,,,,,,,,,,,,true,false,12,2024-04-01,2025-03-31,-1
2025-07-30,6727,2025-03-31,1,,,,,,,,,,,,,,,,,,,,,,,,,,,,,22.00,,,,146000000,11495186,,false,false,12,2024-04-01,2025-03-31,-1
2025-07-30,6727,2026-03-31,1,,,,,,,,,,,,,,,,,,,,,,,,,,,,,22.00,,,,,,,false,true,12,2025-04-01,2026-03-31,0
2025-07-30,6727,2026-03-31,1,,,,,,,,,,,,,,,,,,,,,,,,,,,,,,,,,135000000,495186,134504814,false,false,3,2025-04-01,2025-06-30,0
2025-07-30,6727,2025-03-31,1,,,,,,,,,,,,,,,,,,,,,,,,,,,,,,,,,,,144757355,false,false,3,2024-04-01,2024-06-30,-1
