filing_date,code,fiscal_year_end,quarterly_period,net_sales,net_sales_change,revenue,revenue_change,operating_revenue,operating_revenue_change,operating_profit,operating_profit_change,ordinary_profit,ordinary_profit_change,net_income,net_income_of_parent,net_income_change,eps,diluted_eps,roe,roa,operating_profit_to_net_sales,operating_profit_to_revenue,total_assets,net_assets,equity_ratio,bps,owner_equity,operating_cash_flow,investing_cash_flow,financing_cash_flow,cash,dividend_per_share,payout_ratio,commemorative_dividend,extra_dividend,number_of_shares,number_of_treqsury_shares,avg_number_of_shares,is_consolidated,is_forecast,duration,period_start,period_end,period_pos
2015-07-31,67370,2016-03-31,1,18146000000,0.179,,,,,950000000,1.266,1785000000,2.840,,1241000000,,58.23,,,,,,115462000000,84896000000,0.735,3981.85,84896000000,,,,,,,,,,,,true,false,3,2015-04-01,2015-06-30,0
2015-07-31,67370,2015-03-31,1,15388000000,-0.019,,,,,419000000,-0.629,465000000,-0.708,,320000000,,15.03,,,,,,,,,,,,,,,,,,,,,,true,false,3,2014-04-01,2014-06-30,-1
2015-07-31,67370,2016-03-31,1,74500000000,0.026,,,,,4900000000,0.096,5200000000,0.105,,3600000000,,168.85,,,,,,,,,,,,,,,,,,,,,,true,true,12,2015-04-01,2016-03-31,0
2015-07-31,67370,2015-03-31,1,,,,,,,,,,,,,,,,,,,,106519000000,79293000000,0.744,3719.08,79293000000,,,,,,,,,,,,true,false,12,2014-04-01,2015-03-31,-1
2015-07-31,67370,2015-03-31,1,,,,,,,,,,,,,,,,,,,,,,,,,,,,,60.00,,,,22731160,1410318,,false,false,12,2014-04-01,2015-03-31,-1
2015-07-31,67370,2016-03-31,1,,,,,,,,,,,,,,,,,,,,,,,,,,,,,70.00,,,,,,,false,true,12,2015-04-01,2016-03-31,0
2015-07-31,67370,2016-03-31,1,,,,,,,,,,,,,,,,,,,,,,,,,,,,,,,,,22731160,1410318,21320842,false,false,3,2015-04-01,2015-06-30,0
2015-07-31,67370,2015-03-31,1,,,,,,,,,,,,,,,,,,,,,,,,,,,,,,,,,,,21320890,false,false,3,2014-04-01,2014-06-30,-1
2015-10-30,67370,2016-03-31,2,34754000000,0.142,,,,,1738000000,0.655,2409000000,1.128,,1742000000,,81.74,,,,,,106477000000,79078000000,0.743,3709.00,79078000000,,,,,,,,,,,,true,false,6,2015-04-01,2015-09-30,0
2015-10-30,67370,2015-03-31,2,30437000000,-0.119,,,,,1050000000,-0.668,1132000000,-0.696,,815000000,,38.26,,,,,,,,,,,,,,,,,,,,,,true,false,6,2014-04-01,2014-09-30,-1
2015-10-30,67370,2016-03-31,2,74500000000,0.026,,,,,4900000000,0.096,5200000000,0.105,,3600000000,,168.85,,,,,,,,,,,,,,,,,,,,,,true,true,12,2015-04-01,2016-03-31,0
2015-10-30,67370,2015-03-31,2,,,,,,,,,,,,,,,,,,,,106519000000,79293000000,0.744,3719.08,79293000000,,,,,,,,,,,,true,false,12,2014-04-01,2015-03-31,-1
2015-10-30,67370,2015-03-31,2,,,,,,,,,,,,,,,,,,,,,,,,,,,,,60.00,,,,22731160,1410318,,false,false,12,2014-04-01,2015-03-31,-1
2015-10-30,67370,2016-03-31,2,,,,,,,,,,,,,,,,,,,,,,,,,,,,,35.00,,,,,,,false,false,12,2015-04-01,2016-03-31,0
2015-10-30,67370,2016-03-31,2,,,,,,,,,,,,,,,,,,,,,,,,,,,,,70.00,,,,,,,false,true,12,2015-04-01,2016-03-31,0
2015-10-30,67370,2016-03-31,2,,,,,,,,,,,,,,,,,,,,,,,,,,,,,,,,,22731160,1410357,21320831,false,false,6,2015-04-01,2015-09-30,0
2015-10-30,67370,2015-03-31,2,,,,,,,,,,,,,,,,,,,,,,,,,,,,,,,,,,,21320887,false,false,6,2014-04-01,2014-09-30,-1
2016-01-29,67370,2016-03-31,3,54363000000,0.054,,,,,3543000000,0.196,4364000000,0.233,,3195000000,,149.89,,,,,,109227000000,81991000000,0.751,3845.63,81991000000,,,,,,,,,,,,true,false,9,2015-04-01,2015-12-31,0
2016-01-29,67370,2015-03-31,3,51581000000,-0.067,,,,,2961000000,-0.470,3540000000,-0.486,,2592000000,,121.58,,,,,,,,,,,,,,,,,,,,,,true,false,9,2014-04-01,2014-12-31,-1
2016-01-29,67370,2016-03-31,3,74500000000,0.026,,,,,4900000000,0.096,5200000000,0.105,,3600000000,,168.85,,,,,,,,,,,,,,,,,,,,,,true,true,12,2015-04-01,2016-03-31,0
2016-01-29,67370,2015-03-31,3,,,,,,,,,,,,,,,,,,,,106519000000,79293000000,0.744,3719.08,79293000000,,,,,,,,,,,,true,false,12,2014-04-01,2015-03-31,-1
2016-01-29,67370,2015-03-31,3,,,,,,,,,,,,,,,,,,,,,,,,,,,,,60.00,,,,22731160,1410318,,false,false,12,2014-04-01,2015-03-31,-1
2016-01-29,67370,2016-03-31,3,,,,,,,,,,,,,,,,,,,,,,,,,,,,,35.00,,,,,,,false,false,12,2015-04-01,2016-03-31,0
2016-01-29,67370,2016-03-31,3,,,,,,,,,,,,,,,,,,,,,,,,,,,,,70.00,,,,,,,false,true,12,2015-04-01,2016-03-31,0
2016-01-29,67370,2016-03-31,3,,,,,,,,,,,,,,,,,,,,,,,,,,,,,,,,,22731160,1410426,21320812,false,false,9,2015-04-01,2015-12-31,0
2016-01-29,67370,2015-03-31,3,,,,,,,,,,,,,,,,,,,,,,,,,,,,,,,,,,,21320885,false,false,9,2014-04-01,2014-12-31,-1
2016-05-09,67370,2016-03-31,,74878000000,0.032,,,,,5081000000,0.136,5698000000,0.211,,4202000000,,197.10,,0.053,0.054,0.068,,104792000000,78011000000,0.744,3658.95,78011000000,6772000000,-3033000000,-1386000000,20221000000,,0.355,,,,,,true,false,12,2015-04-01,2016-03-31,0
2016-05-09,67370,2015-03-31,,72576000000,-0.014,,,,,4472000000,-0.345,4704000000,-0.412,,3321000000,,155.80,,0.045,0.047,0.062,,106519000000,79293000000,0.744,3719.08,79293000000,1445000000,-3426000000,923000000,18022000000,,0.385,,,,,,true,false,12,2014-04-01,2015-03-31,-1
2016-05-09,67370,2017-03-31,,77000000000,0.028,,,,,5700000000,0.122,6100000000,0.070,,4400000000,,206.37,,,,,,,,,,,,,,,,0.388,,,,,,true,true,12,2016-04-01,2017-03-31,1
2016-05-09,67370,2016-03-31,,55788000000,0.100,,,,,3166000000,0.108,4086000000,0.280,2962000000,,0.405,138.97,,,,,,96991000000,73677000000,0.760,3455.65,73677000000,,,,,70.00,,,,22731160,1410426,21320793,false,false,12,2015-04-01,2016-03-31,0
2016-05-09,67370,2015-03-31,,50695000000,-0.090,,,,,2858000000,-0.392,3192000000,-0.512,2108000000,,-0.533,98.89,,,,,,101017000000,75953000000,0.752,3562.40,75953000000,,,,,60.00,,,,22731160,1410318,21320883,false,false,12,2014-04-01,2015-03-31,-1
2016-05-09,67370,2017-03-31,,,,,,,,,,,,,,,,,,,,,,,,,,,,,,80.00,,,,,,,false,true,12,2016-04-01,2017-03-31,1
2016-07-29,67370,2017-03-31,1,16745000000,-0.077,,,,,858000000,-0.097,468000000,-0.737,,296000000,,13.93,,,,,,98479000000,74067000000,0.752,3473.97,74067000000,,,,,,,,,,,,true,false,3,2016-04-01,2016-06-30,0
2016-07-29,67370,2016-03-31,1,18146000000,0.179,,,,,950000000,1.266,1785000000,2.840,,1241000000,,58.23,,,,,,,,,,,,,,,,,,,,,,true,false,3,2015-04-01,2015-06-30,-1
2016-07-29,67370,2017-03-31,1,77000000000,0.028,,,,,5700000000,0.122,6100000000,0.070,,4400000000,,206.37,,,,,,,,,,,,,,,,,,,,,,true,true,12,2016-04-01,2017-03-31,0
2016-07-29,67370,2016-03-31,1,,,,,,,,,,,,,,,,,,,,104792000000,78011000000,0.744,3658.95,78011000000,,,,,,,,,,,,true,false,12,2015-04-01,2016-03-31,-1
2016-07-29,67370,2016-03-31,1,,,,,,,,,,,,,,,,,,,,,,,,,,,,,70.00,,,,22731160,1410426,,false,false,12,2015-04-01,2016-03-31,-1
2016-07-29,67370,2017-03-31,1,,,,,,,,,,,,,,,,,,,,,,,,,,,,,80.00,,,,,,,false,true,12,2016-04-01,2017-03-31,0
2016-07-29,67370,2017-03-31,1,,,,,,,,,,,,,,,,,,,,,,,,,,,,,,,,,22731160,1410426,21320734,false,false,3,2016-04-01,2016-06-30,0
2016-07-29,67370,2016-03-31,1,,,,,,,,,,,,,,,,,,,,,,,,,,,,,,,,,,,21320842,false,false,3,2015-04-01,2015-06-30,-1
2016-10-28,67370,2017-03-31,2,39532000000,0.137,,,,,4471000000,1.572,3969000000,0.647,,3112000000,,146.00,,,,,,106356000000,78990000000,0.743,3704.86,78990000000,,,,,,,,,,,,true,false,6,2016-04-01,2016-09-30,0
2016-10-28,67370,2016-03-31,2,34754000000,0.142,,,,,1738000000,0.655,2409000000,1.128,,1742000000,,81.74,,,,,,,,,,,,,,,,,,,,,,true,false,6,2015-04-01,2015-09-30,-1
2016-10-28,67370,2017-03-31,2,77000000000,0.028,,,,,5700000000,0.122,6100000000,0.070,,4400000000,,206.37,,,,,,,,,,,,,,,,,,,,,,true,true,12,2016-04-01,2017-03-31,0
2016-10-28,67370,2016-03-31,2,,,,,,,,,,,,,,,,,,,,104792000000,78011000000,0.744,3658.95,78011000000,,,,,,,,,,,,true,false,12,2015-04-01,2016-03-31,-1
2016-10-28,67370,2016-03-31,2,,,,,,,,,,,,,,,,,,,,,,,,,,,,,70.00,,,,22731160,1410426,,false,false,12,2015-04-01,2016-03-31,-1
2016-10-28,67370,2017-03-31,2,,,,,,,,,,,,,,,,,,,,,,,,,,,,,40.00,,,,,,,false,false,12,2016-04-01,2017-03-31,0
2016-10-28,67370,2017-03-31,2,,,,,,,,,,,,,,,,,,,,,,,,,,,,,80.00,,,,,,,false,true,12,2016-04-01,2017-03-31,0
2016-10-28,67370,2017-03-31,2,,,,,,,,,,,,,,,,,,,,,,,,,,,,,,,,,22731160,1410426,21320734,false,false,6,2016-04-01,2016-09-30,0
2016-10-28,67370,2016-03-31,2,,,,,,,,,,,,,,,,,,,,,,,,,,,,,,,,,,,21320831,false,false,6,2015-04-01,2015-09-30,-1
2017-01-30,67370,2017-03-31,3,57837000000,0.064,,,,,5648000000,0.594,5808000000,0.331,,4596000000,,215.57,,,,,,111445000000,84166000000,0.755,3947.66,84166000000,,,,,,,,,,,,true,false,9,2016-04-01,2016-12-31,0
2017-01-30,67370,2016-03-31,3,54363000000,0.054,,,,,3543000000,0.196,4364000000,0.233,,3195000000,,149.89,,,,,,,,,,,,,,,,,,,,,,true,false,9,2015-04-01,2015-12-31,-1
2017-01-30,67370,2017-03-31,3,77000000000,0.028,,,,,5700000000,0.122,6100000000,0.070,,4400000000,,206.37,,,,,,,,,,,,,,,,,,,,,,true,true,12,2016-04-01,2017-03-31,0
2017-01-30,67370,2016-03-31,3,,,,,,,,,,,,,,,,,,,,104792000000,78011000000,0.744,3658.95,78011000000,,,,,,,,,,,,true,false,12,2015-04-01,2016-03-31,-1
2017-01-30,67370,2016-03-31,3,,,,,,,,,,,,,,,,,,,,,,,,,,,,,70.00,,,,22731160,1410426,,false,false,12,2015-04-01,2016-03-31,-1
2017-01-30,67370,2017-03-31,3,,,,,,,,,,,,,,,,,,,,,,,,,,,,,40.00,,,,,,,false,false,12,2016-04-01,2017-03-31,0
2017-01-30,67370,2017-03-31,3,,,,,,,,,,,,,,,,,,,,,,,,,,,,,80.00,,,,,,,false,true,12,2016-04-01,2017-03-31,0
2017-01-30,67370,2017-03-31,3,,,,,,,,,,,,,,,,,,,,,,,,,,,,,,,,,22731160,1410426,21320734,false,false,9,2016-04-01,2016-12-31,0
2017-01-30,67370,2016-03-31,3,,,,,,,,,,,,,,,,,,,,,,,,,,,,,,,,,,,21320812,false,false,9,2015-04-01,2015-12-31,-1
2017-03-15,67370,2017-03-31,,77000000000,0.000,,,,,6900000000,0.211,6900000000,0.131,5400000000,,0.227,253.27,,,,,,,,,,,,,,,,,,,,,,true,true,12,2016-04-01,2017-03-31,0
2017-03-15,67370,2016-03-31,,74878000000,,,,,,5081000000,,5698000000,,4202000000,,,197.10,,,,,,,,,,,,,,,,,,,,,,true,false,12,2015-04-01,2016-03-31,-1
2017-05-08,67370,2017-03-31,,78284000000,0.045,,,,,7033000000,0.384,7105000000,0.247,,5661000000,,265.54,,0.069,0.065,0.090,,115160000000,85280000000,0.741,3999.89,85280000000,10533000000,-4157000000,-1598000000,24794000000,,0.301,,,,,,true,false,12,2016-04-01,2017-03-31,0
2017-05-08,67370,2016-03-31,,74878000000,0.032,,,,,5081000000,0.136,5698000000,0.211,,4202000000,,197.10,,0.053,0.054,0.068,,104792000000,78011000000,0.744,3658.95,78011000000,6772000000,-3033000000,-1386000000,20221000000,,0.355,,,,,,true,false,12,2015-04-01,2016-03-31,-1
2017-05-08,67370,2018-03-31,,79000000000,0.009,,,,,7100000000,0.009,7500000000,0.055,,5700000000,,267.35,,,,,,,,,,,,,,,,0.337,,,,,,true,true,12,2017-04-01,2018-03-31,1
2017-05-08,67370,2017-03-31,,57929000000,0.038,,,,,4027000000,0.272,4181000000,0.023,3225000000,,0.088,151.27,,,,,,105383000000,78834000000,0.748,3697.58,78834000000,,,,,80.00,,,,22731160,1410460,21320727,false,false,12,2016-04-01,2017-03-31,0
2017-05-08,67370,2016-03-31,,55788000000,0.100,,,,,3166000000,0.108,4086000000,0.280,2962000000,,0.405,138.97,,,,,,96991000000,73677000000,0.760,3455.65,73677000000,,,,,70.00,,,,22731160,1410426,21320793,false,false,12,2015-04-01,2016-03-31,-1
2017-05-08,67370,2018-03-31,,,,,,,,,,,,,,,,,,,,,,,,,,,,,,90.00,,,,,,,false,true,12,2017-04-01,2018-03-31,1
2017-07-31,67370,2018-03-31,1,19376000000,0.157,,,,,1897000000,1.210,2540000000,4.418,,1822000000,,85.49,,,,,,119354000000,88394000000,0.741,4145.94,88394000000,,,,,,,,,,,,true,false,3,2017-04-01,2017-06-30,0
2017-07-31,67370,2017-03-31,1,16745000000,-0.077,,,,,858000000,-0.097,468000000,-0.737,,296000000,,13.93,,,,,,,,,,,,,,,,,,,,,,true,false,3,2016-04-01,2016-06-30,-1
2017-07-31,67370,2018-03-31,1,79000000000,0.009,,,,,7100000000,0.009,7500000000,0.055,,5700000000,,267.35,,,,,,,,,,,,,,,,,,,,,,true,true,12,2017-04-01,2018-03-31,0
2017-07-31,67370,2017-03-31,1,,,,,,,,,,,,,,,,,,,,115160000000,85280000000,0.741,3999.89,85280000000,,,,,,,,,,,,true,false,12,2016-04-01,2017-03-31,-1
2017-07-31,67370,2017-03-31,1,,,,,,,,,,,,,,,,,,,,,,,,,,,,,80.00,,,,22731160,1410460,,false,false,12,2016-04-01,2017-03-31,-1
2017-07-31,67370,2018-03-31,1,,,,,,,,,,,,,,,,,,,,,,,,,,,,,90.00,,,,,,,false,true,12,2017-04-01,2018-03-31,0
2017-07-31,67370,2018-03-31,1,,,,,,,,,,,,,,,,,,,,,,,,,,,,,,,,,22731160,1410508,21320672,false,false,3,2017-04-01,2017-06-30,0
2017-07-31,67370,2017-03-31,1,,,,,,,,,,,,,,,,,,,,,,,,,,,,,,,,,,,21320734,false,false,3,2016-04-01,2016-06-30,-1
2017-10-31,67370,2018-03-31,2,38330000000,-0.030,,,,,3246000000,-0.274,4015000000,0.012,,2964000000,,139.05,,,,,,118768000000,90057000000,0.758,4223.96,90057000000,,,,,,,,,,,,true,false,6,2017-04-01,2017-09-30,0
2017-10-31,67370,2017-03-31,2,39532000000,0.137,,,,,4471000000,1.572,3969000000,0.647,,3112000000,,146.00,,,,,,,,,,,,,,,,,,,,,,true,false,6,2016-04-01,2016-09-30,-1
2017-10-31,67370,2018-03-31,2,79000000000,0.009,,,,,7100000000,0.009,7500000000,0.055,,5700000000,,267.35,,,,,,,,,,,,,,,,,,,,,,true,true,12,2017-04-01,2018-03-31,0
2017-10-31,67370,2017-03-31,2,,,,,,,,,,,,,,,,,,,,115160000000,85280000000,0.741,3999.89,85280000000,,,,,,,,,,,,true,false,12,2016-04-01,2017-03-31,-1
2017-10-31,67370,2017-03-31,2,,,,,,,,,,,,,,,,,,,,,,,,,,,,,80.00,,,,22731160,1410460,,false,false,12,2016-04-01,2017-03-31,-1
2017-10-31,67370,2018-03-31,2,,,,,,,,,,,,,,,,,,,,,,,,,,,,,45.00,,,,,,,false,false,12,2017-04-01,2018-03-31,0
2017-10-31,67370,2018-03-31,2,,,,,,,,,,,,,,,,,,,,,,,,,,,,,90.00,,,,,,,false,true,12,2017-04-01,2018-03-31,0
2017-10-31,67370,2018-03-31,2,,,,,,,,,,,,,,,,,,,,,,,,,,,,,,,,,22731160,1410536,21320654,false,false,6,2017-04-01,2017-09-30,0
2017-10-31,67370,2017-03-31,2,,,,,,,,,,,,,,,,,,,,,,,,,,,,,,,,,,,21320734,false,false,6,2016-04-01,2016-09-30,-1
2018-01-31,67370,2018-03-31,3,61479000000,0.063,,,,,6085000000,0.077,7207000000,0.241,,5387000000,,252.69,,,,,,120475000000,90934000000,0.755,4265.07,90934000000,,,,,,,,,,,,true,false,9,2017-04-01,2017-12-31,0
2018-01-31,67370,2017-03-31,3,57837000000,0.064,,,,,5648000000,0.594,5808000000,0.331,,4596000000,,215.57,,,,,,,,,,,,,,,,,,,,,,true,false,9,2016-04-01,2016-12-31,-1
2018-01-31,67370,2018-03-31,3,79000000000,0.009,,,,,7100000000,0.009,7500000000,0.055,,5700000000,,267.35,,,,,,,,,,,,,,,,,,,,,,true,true,12,2017-04-01,2018-03-31,0
2018-01-31,67370,2017-03-31,3,,,,,,,,,,,,,,,,,,,,115160000000,85280000000,0.741,3999.89,85280000000,,,,,,,,,,,,true,false,12,2016-04-01,2017-03-31,-1
2018-01-31,67370,2017-03-31,3,,,,,,,,,,,,,,,,,,,,,,,,,,,,,80.00,,,,22731160,1410460,,false,false,12,2016-04-01,2017-03-31,-1
2018-01-31,67370,2018-03-31,3,,,,,,,,,,,,,,,,,,,,,,,,,,,,,45.00,,,,,,,false,false,12,2017-04-01,2018-03-31,0
2018-01-31,67370,2018-03-31,3,,,,,,,,,,,,,,,,,,,,,,,,,,,,,90.00,,,,,,,false,true,12,2017-04-01,2018-03-31,0
2018-01-31,67370,2018-03-31,3,,,,,,,,,,,,,,,,,,,,,,,,,,,,,,,,,22731160,1410536,21320644,false,false,9,2017-04-01,2017-12-31,0
2018-01-31,67370,2017-03-31,3,,,,,,,,,,,,,,,,,,,,,,,,,,,,,,,,,,,21320734,false,false,9,2016-04-01,2016-12-31,-1
2018-03-13,67370,2018-03-31,,84000000000,0.063,,,,,8500000000,0.197,9600000000,0.280,,7100000000,,333.01,,,,,,,,,,,,,,,,,,,,,,true,true,12,2017-04-01,2018-03-31,0
2018-03-13,67370,2017-03-31,,78284000000,,,,,,7033000000,,7105000000,,,5661000000,,265.54,,,,,,,,,,,,,,,,,,,,,,true,false,12,2016-04-01,2017-03-31,-1
2018-05-08,67370,2018-03-31,,84057000000,0.074,,,,,8554000000,0.216,9505000000,0.338,,7138000000,,334.82,,0.081,0.080,0.102,,121207000000,91521000000,0.755,4292.63,91521000000,4829000000,-6567000000,-2772000000,20394000000,,0.269,,,,,,true,false,12,2017-04-01,2018-03-31,0
2018-05-08,67370,2017-03-31,,78284000000,0.045,,,,,7033000000,0.384,7105000000,0.247,,5661000000,,265.54,,0.069,0.065,0.090,,115160000000,85280000000,0.741,3999.89,85280000000,10533000000,-4157000000,-1598000000,24794000000,,0.301,,,,,,true,false,12,2016-04-01,2017-03-31,-1
2018-05-08,67370,2019-03-31,,84000000000,-0.001,,,,,8100000000,-0.053,8500000000,-0.106,,6300000000,,295.49,,,,,,,,,,,,,,,,0.338,,,,,,true,true,12,2018-04-01,2019-03-31,1
2018-05-08,67370,2018-03-31,,58342000000,0.007,,,,,5529000000,0.373,6769000000,0.619,5138000000,,0.593,240.99,,,,,,108243000000,82623000000,0.763,3875.28,82623000000,,,,,90.00,,,,22731160,1410536,21320639,false,false,12,2017-04-01,2018-03-31,0
2018-05-08,67370,2017-03-31,,57929000000,0.038,,,,,4027000000,0.272,4181000000,0.023,3225000000,,0.088,151.27,,,,,,105383000000,78834000000,0.748,3697.58,78834000000,,,,,80.00,,,,22731160,1410460,21320727,false,false,12,2016-04-01,2017-03-31,-1
2018-05-08,67370,2019-03-31,,,,,,,,,,,,,,,,,,,,,,,,,,,,,,100.00,,,,,,,false,true,12,2018-04-01,2019-03-31,1
2018-07-31,67370,2019-03-31,1,16540000000,-0.146,,,,,751000000,-0.604,1042000000,-0.589,,703000000,,33.00,,,,,,122005000000,95458000000,0.782,4477.29,95458000000,,,,,,,,,,,,true,false,3,2018-04-01,2018-06-30,0
2018-07-31,67370,2018-03-31,1,19376000000,0.157,,,,,1897000000,1.210,2540000000,4.418,,1822000000,,85.49,,,,,,,,,,,,,,,,,,,,,,true,false,3,2017-04-01,2017-06-30,-1
2018-07-31,67370,2019-03-31,1,84000000000,-0.001,,,,,8100000000,-0.053,8500000000,-0.106,,6300000000,,295.49,,,,,,,,,,,,,,,,,,,,,,true,true,12,2018-04-01,2019-03-31,0
2018-07-31,67370,2018-03-31,1,,,,,,,,,,,,,,,,,,,,119328000000,91521000000,0.767,4292.63,91521000000,,,,,,,,,,,,true,false,12,2017-04-01,2018-03-31,-1
2018-07-31,67370,2018-03-31,1,,,,,,,,,,,,,,,,,,,,,,,,,,,,,90.00,,,,22731160,1410536,,false,false,12,2017-04-01,2018-03-31,-1
2018-07-31,67370,2019-03-31,1,,,,,,,,,,,,,,,,,,,,,,,,,,,,,100.00,,,,,,,false,true,12,2018-04-01,2019-03-31,0
2018-07-31,67370,2019-03-31,1,,,,,,,,,,,,,,,,,,,,,,,,,,,,,,,,,22731160,1410536,21320624,false,false,3,2018-04-01,2018-06-30,0
2018-07-31,67370,2018-03-31,1,,,,,,,,,,,,,,,,,,,,,,,,,,,,,,,,,,,21320672,false,false,3,2017-04-01,2017-06-30,-1
2018-10-31,67370,2019-03-31,2,34711000000,-0.094,,,,,2015000000,-0.379,2386000000,-0.406,,1738000000,,81.55,,,,,,122106000000,95723000000,0.784,4489.71,95723000000,,,,,,,,,,,,true,false,6,2018-04-01,2018-09-30,0
2018-10-31,67370,2018-03-31,2,38330000000,-0.030,,,,,3246000000,-0.274,4015000000,0.012,,2964000000,,139.05,,,,,,,,,,,,,,,,,,,,,,true,false,6,2017-04-01,2017-09-30,-1
2018-10-31,67370,2019-03-31,2,74500000000,-0.114,,,,,5200000000,-0.392,5800000000,-0.390,,4300000000,,201.68,,,,,,,,,,,,,,,,,,,,,,true,true,12,2018-04-01,2019-03-31,0
2018-10-31,67370,2018-03-31,2,,,,,,,,,,,,,,,,,,,,119328000000,91521000000,0.767,4292.63,91521000000,,,,,,,,,,,,true,false,12,2017-04-01,2018-03-31,-1
2018-10-31,67370,2018-03-31,2,,,,,,,,,,,,,,,,,,,,,,,,,,,,,90.00,,,,22731160,1410536,,false,false,12,2017-04-01,2018-03-31,-1
2018-10-31,67370,2019-03-31,2,,,,,,,,,,,,,,,,,,,,,,,,,,,,,50.00,,,,,,,false,false,12,2018-04-01,2019-03-31,0
2018-10-31,67370,2019-03-31,2,,,,,,,,,,,,,,,,,,,,,,,,,,,,,100.00,,,,,,,false,true,12,2018-04-01,2019-03-31,0
2018-10-31,67370,2019-03-31,2,,,,,,,,,,,,,,,,,,,,,,,,,,,,,,,,,22731160,1410592,21320619,false,false,6,2018-04-01,2018-09-30,0
2018-10-31,67370,2018-03-31,2,,,,,,,,,,,,,,,,,,,,,,,,,,,,,,,,,,,21320654,false,false,6,2017-04-01,2017-09-30,-1
2019-01-31,67370,2019-03-31,3,54020000000,-0.121,,,,,3880000000,-0.362,4375000000,-0.393,,3187000000,,149.50,,,,,,117324000000,91164000000,0.777,4275.93,91164000000,,,,,,,,,,,,true,false,9,2018-04-01,2018-12-31,0
2019-01-31,67370,2018-03-31,3,61479000000,0.063,,,,,6085000000,0.077,7207000000,0.241,,5387000000,,252.69,,,,,,,,,,,,,,,,,,,,,,true,false,9,2017-04-01,2017-12-31,-1
2019-01-31,67370,2019-03-31,3,74500000000,-0.114,,,,,5200000000,-0.392,5800000000,-0.390,,4300000000,,201.68,,,,,,,,,,,,,,,,,,,,,,true,true,12,2018-04-01,2019-03-31,0
2019-01-31,67370,2018-03-31,3,,,,,,,,,,,,,,,,,,,,119497000000,91521000000,0.766,4292.63,91521000000,,,,,,,,,,,,true,false,12,2017-04-01,2018-03-31,-1
2019-01-31,67370,2018-03-31,3,,,,,,,,,,,,,,,,,,,,,,,,,,,,,90.00,,,,22731160,1410536,,false,false,12,2017-04-01,2018-03-31,-1
2019-01-31,67370,2019-03-31,3,,,,,,,,,,,,,,,,,,,,,,,,,,,,,50.00,,,,,,,false,false,12,2018-04-01,2019-03-31,0
2019-01-31,67370,2019-03-31,3,,,,,,,,,,,,,,,,,,,,,,,,,,,,,100.00,,,,,,,false,true,12,2018-04-01,2019-03-31,0
2019-01-31,67370,2019-03-31,3,,,,,,,,,,,,,,,,,,,,,,,,,,,,,,,,,22731160,1410672,21320576,false,false,9,2018-04-01,2018-12-31,0
2019-01-31,67370,2018-03-31,3,,,,,,,,,,,,,,,,,,,,,,,,,,,,,,,,,,,21320644,false,false,9,2017-04-01,2017-12-31,-1
2019-05-10,67370,2019-03-31,,72944000000,-0.132,,,,,5370000000,-0.372,5710000000,-0.399,,4308000000,,202.09,,0.046,0.047,0.074,,121423000000,94924000000,0.782,4452.27,94924000000,5348000000,-8713000000,-796000000,16099000000,,0.495,,,,,,true,false,12,2018-04-01,2019-03-31,0
2019-05-10,67370,2018-03-31,,84057000000,0.074,,,,,8554000000,0.216,9505000000,0.338,,7138000000,,334.82,,0.081,0.081,0.102,,119497000000,91521000000,0.766,4292.63,91521000000,4829000000,-6567000000,-2772000000,20394000000,,0.269,,,,,,true,false,12,2017-04-01,2018-03-31,-1
2019-05-10,67370,2020-03-31,,79000000000,0.083,,,,,6800000000,0.266,7400000000,0.296,,5300000000,,248.59,,,,,,,,,,,,,,,,0.442,,,,,,true,true,12,2019-04-01,2020-03-31,1
2019-05-10,67370,2019-03-31,,52132000000,-0.106,,,,,2904000000,-0.475,3292000000,-0.514,3056000000,,-0.405,143.35,,,,,,106878000000,84610000000,0.792,3968.50,84610000000,,,,,100.00,,,,22731160,1410709,21320547,false,false,12,2018-04-01,2019-03-31,0
2019-05-10,67370,2018-03-31,,58342000000,0.007,,,,,5529000000,0.373,6769000000,0.619,5138000000,,0.593,240.99,,,,,,106712000000,82623000000,0.774,3875.28,82623000000,,,,,90.00,,,,22731160,1410536,21320639,false,false,12,2017-04-01,2018-03-31,-1
2019-05-10,67370,2020-03-31,,,,,,,,,,,,,,,,,,,,,,,,,,,,,,110.00,,,,,,,false,true,12,2019-04-01,2020-03-31,1
2019-07-31,67370,2020-03-31,1,14990000000,-0.094,,,,,-89000000,,74000000,-0.929,,47000000,,2.25,,,,,,116445000000,91336000000,0.784,4283.98,91336000000,,,,,,,,,,,,true,false,3,2019-04-01,2019-06-30,0
2019-07-31,67370,2019-03-31,1,16540000000,-0.146,,,,,754000000,-0.602,1046000000,-0.588,,724000000,,33.98,,,,,,,,,,,,,,,,,,,,,,true,false,3,2018-04-01,2018-06-30,-1
2019-07-31,67370,2020-03-31,1,79000000000,0.083,,,,,6800000000,0.266,7400000000,0.296,,5300000000,,248.59,,,,,,,,,,,,,,,,,,,,,,true,true,12,2019-04-01,2020-03-31,0
2019-07-31,67370,2019-03-31,1,,,,,,,,,,,,,,,,,,,,121423000000,94924000000,0.782,4452.27,94924000000,,,,,,,,,,,,true,false,12,2018-04-01,2019-03-31,-1
2019-07-31,67370,2019-03-31,1,,,,,,,,,,,,,,,,,,,,,,,,,,,,,100.00,,,,22731160,1410709,,false,false,12,2018-04-01,2019-03-31,-1
2019-07-31,67370,2020-03-31,1,,,,,,,,,,,,,,,,,,,,,,,,,,,,,110.00,,,,,,,false,true,12,2019-04-01,2020-03-31,0
2019-07-31,67370,2020-03-31,1,,,,,,,,,,,,,,,,,,,,,,,,,,,,,,,,,22731160,1410746,21320446,false,false,3,2019-04-01,2019-06-30,0
2019-07-31,67370,2019-03-31,1,,,,,,,,,,,,,,,,,,,,,,,,,,,,,,,,,,,21320624,false,false,3,2018-04-01,2018-06-30,-1
2019-10-31,67370,2020-03-31,2,34400000000,-0.009,,,,,2006000000,-0.008,1879000000,-0.215,,1344000000,,63.06,,,,,,118495000000,93731000000,0.791,4396.31,93731000000,,,,,,,,,,,,true,false,6,2019-04-01,2019-09-30,0
2019-10-31,67370,2019-03-31,2,34711000000,-0.094,,,,,2022000000,-0.377,2393000000,-0.404,,1780000000,,83.51,,,,,,,,,,,,,,,,,,,,,,true,false,6,2018-04-01,2018-09-30,-1
2019-10-31,67370,2020-03-31,2,75000000000,0.028,,,,,5500000000,0.024,5600000000,-0.019,,4000000000,,187.61,,,,,,,,,,,,,,,,,,,,,,true,true,12,2019-04-01,2020-03-31,0
2019-10-31,67370,2019-03-31,2,,,,,,,,,,,,,,,,,,,,121423000000,94924000000,0.782,4452.27,94924000000,,,,,,,,,,,,true,false,12,2018-04-01,2019-03-31,-1
2019-10-31,67370,2019-03-31,2,,,,,,,,,,,,,,,,,,,,,,,,,,,,,100.00,,,,22731160,1410709,,false,false,12,2018-04-01,2019-03-31,-1
2019-10-31,67370,2020-03-31,2,,,,,,,,,,,,,,,,,,,,,,,,,,,,,55.00,,,,,,,false,false,12,2019-04-01,2020-03-31,0
2019-10-31,67370,2020-03-31,2,,,,,,,,,,,,,,,,,,,,,,,,,,,,,110.00,,,,,,,false,true,12,2019-04-01,2020-03-31,0
2019-10-31,67370,2020-03-31,2,,,,,,,,,,,,,,,,,,,,,,,,,,,,,,,,,22731160,1410746,21320430,false,false,6,2019-04-01,2019-09-30,0
2019-10-31,67370,2019-03-31,2,,,,,,,,,,,,,,,,,,,,,,,,,,,,,,,,,,,21320619,false,false,6,2018-04-01,2018-09-30,-1
2020-01-31,67370,2020-03-31,3,55566000000,0.029,,,,,3832000000,-0.012,4282000000,-0.021,,3083000000,,144.64,,,,,,129581000000,100388000000,0.775,4708.59,100388000000,,,,,,,,,,,,true,false,9,2019-04-01,2019-12-31,0
2020-01-31,67370,2019-03-31,3,54020000000,-0.121,,,,,3880000000,-0.362,4375000000,-0.393,,3187000000,,149.50,,,,,,,,,,,,,,,,,,,,,,true,false,9,2018-04-01,2018-12-31,-1
2020-01-31,67370,2020-03-31,3,75000000000,0.028,,,,,5500000000,0.024,5600000000,-0.019,,4000000000,,187.61,,,,,,,,,,,,,,,,,,,,,,true,true,12,2019-04-01,2020-03-31,0
2020-01-31,67370,2019-03-31,3,,,,,,,,,,,,,,,,,,,,121423000000,94924000000,0.782,4452.27,94924000000,,,,,,,,,,,,true,false,12,2018-04-01,2019-03-31,-1
2020-01-31,67370,2019-03-31,3,,,,,,,,,,,,,,,,,,,,,,,,,,,,,100.00,,,,22731160,1410709,,false,false,12,2018-04-01,2019-03-31,-1
2020-01-31,67370,2020-03-31,3,,,,,,,,,,,,,,,,,,,,,,,,,,,,,55.00,,,,,,,false,false,12,2019-04-01,2020-03-31,0
2020-01-31,67370,2020-03-31,3,,,,,,,,,,,,,,,,,,,,,,,,,,,,,110.00,,,,,,,false,true,12,2019-04-01,2020-03-31,0
2020-01-31,67370,2020-03-31,3,,,,,,,,,,,,,,,,,,,,,,,,,,,,,,,,,22731160,1410769,21320419,false,false,9,2019-04-01,2019-12-31,0
2020-01-31,67370,2019-03-31,3,,,,,,,,,,,,,,,,,,,,,,,,,,,,,,,,,,,21320576,false,false,9,2018-04-01,2018-12-31,-1
2020-05-08,67370,2020-03-31,,76480000000,0.048,,,,,6441000000,0.199,6597000000,0.155,,4671000000,,219.13,,0.049,0.053,0.084,,125284000000,95979000000,0.766,4501.78,95979000000,8157000000,-3717000000,-2433000000,17942000000,,0.502,,,,,,true,false,12,2019-04-01,2020-03-31,0
2020-05-08,67370,2019-03-31,,72944000000,-0.132,,,,,5370000000,-0.372,5710000000,-0.399,,4308000000,,202.09,,0.046,0.047,0.074,,121423000000,94924000000,0.782,4452.27,94924000000,5348000000,-8713000000,-796000000,16099000000,,0.495,,,,,,true,false,12,2018-04-01,2019-03-31,-1
2020-05-08,67370,2020-03-31,,51236000000,-0.017,,,,,3585000000,0.234,4011000000,0.219,2942000000,,-0.037,138.04,,,,,,110740000000,84744000000,0.765,3974.81,84744000000,,,,,110.00,,,,22731160,1410769,21320412,false,false,12,2019-04-01,2020-03-31,0
2020-05-08,67370,2019-03-31,,52132000000,-0.106,,,,,2904000000,-0.475,3292000000,-0.514,3056000000,,-0.405,143.35,,,,,,106878000000,84610000000,0.792,3968.50,84610000000,,,,,100.00,,,,22731160,1410709,21320547,false,false,12,2018-04-01,2019-03-31,-1
2020-07-31,67370,2021-03-31,1,14098000000,-0.059,,,,,171000000,,585000000,6.843,,390000000,,18.31,,,,,,129504000000,98758000000,0.763,4632.15,98758000000,,,,,,,,,,,,true,false,3,2020-04-01,2020-06-30,0
2020-07-31,67370,2020-03-31,1,14990000000,-0.094,,,,,-89000000,,74000000,-0.929,,47000000,,2.25,,,,,,,,,,,,,,,,,,,,,,true,false,3,2019-04-01,2019-06-30,-1
2020-07-31,67370,2020-03-31,1,,,,,,,,,,,,,,,,,,,,125284000000,95979000000,0.766,4501.78,95979000000,,,,,,,,,,,,true,false,12,2019-04-01,2020-03-31,-1
2020-07-31,67370,2020-03-31,1,,,,,,,,,,,,,,,,,,,,,,,,,,,,,110.00,,,,22731160,1410769,,false,false,12,2019-04-01,2020-03-31,-1
2020-07-31,67370,2021-03-31,1,,,,,,,,,,,,,,,,,,,,,,,,,,,,,,,,,22731160,1410887,21320355,false,false,3,2020-04-01,2020-06-30,0
2020-07-31,67370,2020-03-31,1,,,,,,,,,,,,,,,,,,,,,,,,,,,,,,,,,,,21320446,false,false,3,2019-04-01,2019-06-30,-1
,67370,2021-03-31,,,,,,,,,,,,,,,,,,,,,,,,,,,,,,55.00,,,,,,,false,true,12,2020-04-01,2021-03-31,0
,67370,2020-03-31,,,,,,,,,,,,,,,,,,,,,,,,,,,,,,110.00,,,,,,,false,false,12,2019-04-01,2020-03-31,-1
2020-10-30,67370,2021-03-31,2,31708000000,-0.078,,,,,1472000000,-0.266,1998000000,0.063,,1345000000,,63.09,,,,,,132642000000,101876000000,0.768,4778.40,101876000000,,,,,,,,,,,,true,false,6,2020-04-01,2020-09-30,0
2020-10-30,67370,2020-03-31,2,34400000000,-0.009,,,,,2006000000,-0.008,1879000000,-0.215,,1344000000,,63.06,,,,,,,,,,,,,,,,,,,,,,true,false,6,2019-04-01,2019-09-30,-1
2020-10-30,67370,2021-03-31,2,70500000000,-0.078,,,,,5700000000,-0.115,6600000000,0.000,,4700000000,,220.45,,,,,,,,,,,,,,,,,,,,,,true,true,12,2020-04-01,2021-03-31,0
2020-10-30,67370,2020-03-31,2,,,,,,,,,,,,,,,,,,,,125284000000,95979000000,0.766,4501.78,95979000000,,,,,,,,,,,,true,false,12,2019-04-01,2020-03-31,-1
2020-10-30,67370,2020-03-31,2,,,,,,,,,,,,,,,,,,,,,,,,,,,,,110.00,,,,22731160,1410769,,false,false,12,2019-04-01,2020-03-31,-1
2020-10-30,67370,2021-03-31,2,,,,,,,,,,,,,,,,,,,,,,,,,,,,,55.00,,,,,,,false,false,12,2020-04-01,2021-03-31,0
2020-10-30,67370,2021-03-31,2,,,,,,,,,,,,,,,,,,,,,,,,,,,,,110.00,,,,,,,false,true,12,2020-04-01,2021-03-31,0
2020-10-30,67370,2021-03-31,2,,,,,,,,,,,,,,,,,,,,,,,,,,,,,,,,,22731160,1410887,21320314,false,false,6,2020-04-01,2020-09-30,0
2020-10-30,67370,2020-03-31,2,,,,,,,,,,,,,,,,,,,,,,,,,,,,,,,,,,,21320430,false,false,6,2019-04-01,2019-09-30,-1
2021-01-29,67370,2021-03-31,3,53507000000,-0.037,,,,,4612000000,0.204,5587000000,0.305,,3884000000,,182.20,,,,,,144433000000,111340000000,0.771,5222.28,111340000000,,,,,,,,,,,,true,false,9,2020-04-01,2020-12-31,0
2021-01-29,67370,2020-03-31,3,55566000000,0.029,,,,,3832000000,-0.012,4282000000,-0.021,,3083000000,,144.64,,,,,,,,,,,,,,,,,,,,,,true,false,9,2019-04-01,2019-12-31,-1
2021-01-29,67370,2021-03-31,3,70500000000,-0.078,,,,,5700000000,-0.115,6600000000,0.000,,4700000000,,220.45,,,,,,,,,,,,,,,,,,,,,,true,true,12,2020-04-01,2021-03-31,0
2021-01-29,67370,2020-03-31,3,,,,,,,,,,,,,,,,,,,,125284000000,95979000000,0.766,4501.78,95979000000,,,,,,,,,,,,true,false,12,2019-04-01,2020-03-31,-1
2021-01-29,67370,2020-03-31,3,,,,,,,,,,,,,,,,,,,,,,,,,,,,,110.00,,,,22731160,1410769,,false,false,12,2019-04-01,2020-03-31,-1
2021-01-29,67370,2021-03-31,3,,,,,,,,,,,,,,,,,,,,,,,,,,,,,55.00,,,,,,,false,false,12,2020-04-01,2021-03-31,0
2021-01-29,67370,2021-03-31,3,,,,,,,,,,,,,,,,,,,,,,,,,,,,,110.00,,,,,,,false,true,12,2020-04-01,2021-03-31,0
2021-01-29,67370,2021-03-31,3,,,,,,,,,,,,,,,,,,,,,,,,,,,,,,,,,22731160,1410935,21320297,false,false,9,2020-04-01,2020-12-31,0
2021-01-29,67370,2020-03-31,3,,,,,,,,,,,,,,,,,,,,,,,,,,,,,,,,,,,21320419,false,false,9,2019-04-01,2019-12-31,-1
2021-03-11,67370,2021-03-31,,75000000000,0.064,,,,,7200000000,0.263,8200000000,0.242,,5600000000,,262.66,,,,,,,,,,,,,,,,,,,,,,true,true,12,2020-04-01,2021-03-31,0
2021-03-11,67370,2020-03-31,,76480000000,,,,,,6441000000,,6597000000,,,4671000000,,219.13,,,,,,,,,,,,,,,,,,,,,,true,false,12,2019-04-01,2020-03-31,-1
2021-03-11,67370,2021-03-31,,,,,,,,,,,,,,,,,,,,,,,,,,,,,,115.00,,,,,,,false,true,12,2020-04-01,2021-03-31,0
2021-03-11,67370,2021-03-31,,,,,,,,,,,,,,,,,,,,,,,,,,,,,,55.00,,,,,,,false,false,12,2020-04-01,2021-03-31,0
2021-03-11,67370,2020-03-31,,,,,,,,,,,,,,,,,,,,,,,,,,,,,,110.00,,,,,,,false,false,12,2019-04-01,2020-03-31,-1
2021-05-11,67370,2021-03-31,,76565000000,0.001,,,,,7935000000,0.232,8814000000,0.336,,6155000000,,288.71,,0.059,0.064,0.104,,150061000000,114453000000,0.763,5368.29,114453000000,6600000000,-3333000000,-2648000000,18882000000,,0.398,,,,,,true,false,12,2020-04-01,2021-03-31,0
2021-05-11,67370,2020-03-31,,76480000000,0.048,,,,,6441000000,0.199,6597000000,0.155,,4671000000,,219.13,,0.049,0.053,0.084,,125284000000,95979000000,0.766,4501.78,95979000000,8157000000,-3717000000,-2433000000,17942000000,,0.502,,,,,,true,false,12,2019-04-01,2020-03-31,-1
2021-05-11,67370,2022-03-31,,82200000000,0.074,,,,,9100000000,0.147,9800000000,0.112,,6900000000,,323.64,,,,,,,,,,,,,,,,0.371,,,,,,true,true,12,2021-04-01,2022-03-31,1
2021-05-11,67370,2021-03-31,,57346000000,0.119,,,,,6770000000,0.888,7909000000,0.972,5685000000,,0.932,266.68,,,,,,133400000000,101590000000,0.762,4764.97,101590000000,,,,,115.00,,,,22731160,1410935,21320279,false,false,12,2020-04-01,2021-03-31,0
2021-05-11,67370,2020-03-31,,51236000000,-0.017,,,,,3585000000,0.234,4011000000,0.219,2942000000,,-0.037,138.04,,,,,,110740000000,84744000000,0.765,3974.81,84744000000,,,,,110.00,,,,22731160,1410769,21320412,false,false,12,2019-04-01,2020-03-31,-1
2021-05-11,67370,2022-03-31,,,,,,,,,,,,,,,,,,,,,,,,,,,,,,120.00,,,,,,,false,true,12,2021-04-01,2022-03-31,1
2021-07-30,67370,2022-03-31,1,23151000000,0.642,,,,,4039000000,,4579000000,6.819,,3166000000,,148.54,,,,,,153371000000,115563000000,0.753,5420.40,115563000000,,,,,,,,,,,,true,false,3,2021-04-01,2021-06-30,0
2021-07-30,67370,2021-03-31,1,14098000000,-0.059,,,,,171000000,,585000000,6.843,,390000000,,18.31,,,,,,,,,,,,,,,,,,,,,,true,false,3,2020-04-01,2020-06-30,-1
2021-07-30,67370,2022-03-31,1,82200000000,0.074,,,,,9100000000,0.147,9800000000,0.112,,6900000000,,323.64,,,,,,,,,,,,,,,,,,,,,,true,true,12,2021-04-01,2022-03-31,0
2021-07-30,67370,2021-03-31,1,,,,,,,,,,,,,,,,,,,,150061000000,114453000000,0.763,5368.29,114453000000,,,,,,,,,,,,true,false,12,2020-04-01,2021-03-31,-1
2021-07-30,67370,2021-03-31,1,,,,,,,,,,,,,,,,,,,,,,,,,,,,,115.00,,,,22731160,1410935,,false,false,12,2020-04-01,2021-03-31,-1
2021-07-30,67370,2022-03-31,1,,,,,,,,,,,,,,,,,,,,,,,,,,,,,120.00,,,,,,,false,true,12,2021-04-01,2022-03-31,0
2021-07-30,67370,2022-03-31,1,,,,,,,,,,,,,,,,,,,,,,,,,,,,,,,,,22731160,1411001,21320197,false,false,3,2021-04-01,2021-06-30,0
2021-07-30,67370,2021-03-31,1,,,,,,,,,,,,,,,,,,,,,,,,,,,,,,,,,,,21320355,false,false,3,2020-04-01,2020-06-30,-1
2021-10-29,6737,2022-03-31,2,43743000000,0.380,,,,,6610000000,3.490,7034000000,2.520,,5152000000,,241.66,,,,,,161861000000,122521000000,0.757,5746.76,122521000000,,,,,,,,,,,,true,false,6,2021-04-01,2021-09-30,0
2021-10-29,6737,2021-03-31,2,31708000000,-0.078,,,,,1472000000,-0.266,1998000000,0.063,,1345000000,,63.09,,,,,,,,,,,,,,,,,,,,,,true,false,6,2020-04-01,2020-09-30,-1
2021-10-29,6737,2022-03-31,2,82200000000,0.074,,,,,9100000000,0.147,9800000000,0.112,,6900000000,,323.64,,,,,,,,,,,,,,,,,,,,,,true,true,12,2021-04-01,2022-03-31,0
2021-10-29,6737,2021-03-31,2,,,,,,,,,,,,,,,,,,,,150061000000,114453000000,0.763,5368.29,114453000000,,,,,,,,,,,,true,false,12,2020-04-01,2021-03-31,-1
2021-10-29,6737,2021-03-31,2,,,,,,,,,,,,,,,,,,,,,,,,,,,,,115.00,,,,22731160,1410935,,false,false,12,2020-04-01,2021-03-31,-1
2021-10-29,6737,2022-03-31,2,,,,,,,,,,,,,,,,,,,,,,,,,,,,,60.00,,,,,,,false,false,12,2021-04-01,2022-03-31,0
2021-10-29,6737,2022-03-31,2,,,,,,,,,,,,,,,,,,,,,,,,,,,,,120.00,,,,,,,false,true,12,2021-04-01,2022-03-31,0
2021-10-29,6737,2022-03-31,2,,,,,,,,,,,,,,,,,,,,,,,,,,,,,,,,,22731160,1411001,21320178,false,false,6,2021-04-01,2021-09-30,0
2021-10-29,6737,2021-03-31,2,,,,,,,,,,,,,,,,,,,,,,,,,,,,,,,,,,,21320314,false,false,6,2020-04-01,2020-09-30,-1
2022-01-31,6737,2022-03-31,3,63716000000,0.191,,,,,8409000000,0.823,9159000000,0.639,,6735000000,,315.92,,,,,,157416000000,120742000000,0.767,5663.30,120742000000,,,,,,,,,,,,true,false,9,2021-04-01,2021-12-31,0
2022-01-31,6737,2021-03-31,3,53507000000,-0.037,,,,,4612000000,0.204,5587000000,0.305,,3884000000,,182.20,,,,,,,,,,,,,,,,,,,,,,true,false,9,2020-04-01,2020-12-31,-1
2022-01-31,6737,2022-03-31,3,82200000000,0.074,,,,,9100000000,0.147,9800000000,0.112,,6900000000,,323.64,,,,,,,,,,,,,,,,,,,,,,true,true,12,2021-04-01,2022-03-31,0
2022-01-31,6737,2021-03-31,3,,,,,,,,,,,,,,,,,,,,150061000000,114453000000,0.763,5368.29,114453000000,,,,,,,,,,,,true,false,12,2020-04-01,2021-03-31,-1
2022-01-31,6737,2021-03-31,3,,,,,,,,,,,,,,,,,,,,,,,,,,,,,115.00,,,,22731160,1410935,,false,false,12,2020-04-01,2021-03-31,-1
2022-01-31,6737,2022-03-31,3,,,,,,,,,,,,,,,,,,,,,,,,,,,,,60.00,,,,,,,false,false,12,2021-04-01,2022-03-31,0
2022-01-31,6737,2022-03-31,3,,,,,,,,,,,,,,,,,,,,,,,,,,,,,120.00,,,,,,,false,true,12,2021-04-01,2022-03-31,0
2022-01-31,6737,2022-03-31,3,,,,,,,,,,,,,,,,,,,,,,,,,,,,,,,,,22731160,1411048,21320161,false,false,9,2021-04-01,2021-12-31,0
2022-01-31,6737,2021-03-31,3,,,,,,,,,,,,,,,,,,,,,,,,,,,,,,,,,,,21320297,false,false,9,2020-04-01,2020-12-31,-1
2022-05-11,6737,2022-03-31,,86789000000,0.134,,,,,11299000000,0.424,12110000000,0.374,,7794000000,,365.61,,0.067,0.079,0.130,,155459000000,118582000000,0.763,5562.01,118582000000,8429000000,-2394000000,-2899000000,22387000000,,0.328,,,,,,true,false,12,2021-04-01,2022-03-31,0
2022-05-11,6737,2021-03-31,,76565000000,0.001,,,,,7935000000,0.232,8814000000,0.336,,6155000000,,288.71,,0.059,0.064,0.104,,150061000000,114453000000,0.763,5368.29,114453000000,6600000000,-3333000000,-2648000000,18882000000,,0.398,,,,,,true,false,12,2020-04-01,2021-03-31,-1
2022-05-11,6737,2023-03-31,,86000000000,-0.009,,,,,8000000000,-0.292,9000000000,-0.257,,6300000000,,295.50,,,,,,,,,,,,,,,,0.423,,,,,,true,true,12,2022-04-01,2023-03-31,1
2022-05-11,6737,2022-03-31,,63439000000,0.106,,,,,9231000000,0.364,10060000000,0.272,4904000000,,-0.137,230.06,,,,,,134575000000,101307000000,0.753,4751.74,101307000000,,,,,120.00,,,,22731160,1411088,21320143,false,false,12,2021-04-01,2022-03-31,0
2022-05-11,6737,2021-03-31,,57346000000,0.119,,,,,6770000000,0.888,7909000000,0.972,5685000000,,0.932,266.68,,,,,,133400000000,101590000000,0.762,4764.97,101590000000,,,,,115.00,,,,22731160,1410935,21320279,false,false,12,2020-04-01,2021-03-31,-1
2022-05-11,6737,2023-03-31,,,,,,,,,,,,,,,,,,,,,,,,,,,,,,125.00,,,,,,,false,true,12,2022-04-01,2023-03-31,1
2022-07-29,6737,2023-03-31,1,17847000000,-0.229,,,,,877000000,-0.783,1258000000,-0.725,,1383000000,,65.11,,,,,,154232000000,117359000000,0.761,5569.97,117359000000,,,,,,,,,,,,true,false,3,2022-04-01,2022-06-30,0
2022-07-29,6737,2022-03-31,1,23151000000,0.642,,,,,4039000000,,4579000000,6.819,,3166000000,,148.54,,,,,,,,,,,,,,,,,,,,,,true,false,3,2021-04-01,2021-06-30,-1
2022-07-29,6737,2023-03-31,1,86000000000,-0.009,,,,,8000000000,-0.292,9000000000,-0.257,,6300000000,,295.50,,,,,,,,,,,,,,,,,,,,,,true,true,12,2022-04-01,2023-03-31,0
2022-07-29,6737,2022-03-31,1,,,,,,,,,,,,,,,,,,,,155459000000,118582000000,0.763,5562.01,118582000000,,,,,,,,,,,,true,false,12,2021-04-01,2022-03-31,-1
2022-07-29,6737,2022-03-31,1,,,,,,,,,,,,,,,,,,,,,,,,,,,,,120.00,,,,22731160,1411088,,false,false,12,2021-04-01,2022-03-31,-1
2022-07-29,6737,2023-03-31,1,,,,,,,,,,,,,,,,,,,,,,,,,,,,,125.00,,,,,,,false,true,12,2022-04-01,2023-03-31,0
2022-07-29,6737,2023-03-31,1,,,,,,,,,,,,,,,,,,,,,,,,,,,,,,,,,21981160,911038,21252184,false,false,3,2022-04-01,2022-06-30,0
2022-07-29,6737,2022-03-31,1,,,,,,,,,,,,,,,,,,,,,,,,,,,,,,,,,,,21320197,false,false,3,2021-04-01,2021-06-30,-1
2022-10-28,6737,2023-03-31,2,36566000000,-0.164,,,,,2212000000,-0.665,2508000000,-0.643,,3127000000,,148.16,,,,,,150839000000,115633000000,0.767,5566.12,115633000000,,,,,,,,,,,,true,false,6,2022-04-01,2022-09-30,0
2022-10-28,6737,2022-03-31,2,43743000000,0.380,,,,,6610000000,3.490,7034000000,2.520,,5152000000,,241.66,,,,,,,,,,,,,,,,,,,,,,true,false,6,2021-04-01,2021-09-30,-1
2022-10-28,6737,2023-03-31,2,82000000000,-0.055,,,,,5400000000,-0.522,6200000000,-0.488,,5700000000,,273.20,,,,,,,,,,,,,,,,,,,,,,true,true,12,2022-04-01,2023-03-31,0
2022-10-28,6737,2022-03-31,2,,,,,,,,,,,,,,,,,,,,155459000000,118582000000,0.763,5562.01,118582000000,,,,,,,,,,,,true,false,12,2021-04-01,2022-03-31,-1
2022-10-28,6737,2022-03-31,2,,,,,,,,,,,,,,,,,,,,,,,,,,,,,120.00,,,,22731160,1411088,,false,false,12,2021-04-01,2022-03-31,-1
2022-10-28,6737,2023-03-31,2,,,,,,,,,,,,,,,,,,,,,,,,,,,,,60.00,,,,,,,false,false,12,2022-04-01,2023-03-31,0
2022-10-28,6737,2023-03-31,2,,,,,,,,,,,,,,,,,,,,,,,,,,,,,125.00,,,,,,,false,true,12,2022-04-01,2023-03-31,0
2022-10-28,6737,2023-03-31,2,,,,,,,,,,,,,,,,,,,,,,,,,,,,,,,,,21981160,1206706,21105489,false,false,6,2022-04-01,2022-09-30,0
2022-10-28,6737,2022-03-31,2,,,,,,,,,,,,,,,,,,,,,,,,,,,,,,,,,,,21320178,false,false,6,2021-04-01,2021-09-30,-1
2023-01-31,6737,2023-03-31,3,57137000000,-0.103,,,,,2701000000,-0.679,3577000000,-0.609,,3898000000,,185.98,,,,,,145848000000,113361000000,0.777,5510.33,113361000000,,,,,,,,,,,,true,false,9,2022-04-01,2022-12-31,0
2023-01-31,6737,2022-03-31,3,63716000000,0.191,,,,,8409000000,0.823,9159000000,0.639,,6735000000,,315.92,,,,,,,,,,,,,,,,,,,,,,true,false,9,2021-04-01,2021-12-31,-1
2023-01-31,6737,2023-03-31,3,82000000000,-0.055,,,,,5400000000,-0.522,6200000000,-0.488,,5700000000,,273.20,,,,,,,,,,,,,,,,,,,,,,true,true,12,2022-04-01,2023-03-31,0
2023-01-31,6737,2022-03-31,3,,,,,,,,,,,,,,,,,,,,155459000000,118582000000,0.763,5562.01,118582000000,,,,,,,,,,,,true,false,12,2021-04-01,2022-03-31,-1
2023-01-31,6737,2022-03-31,3,,,,,,,,,,,,,,,,,,,,,,,,,,,,,120.00,,,,22731160,1411088,,false,false,12,2021-04-01,2022-03-31,-1
2023-01-31,6737,2023-03-31,3,,,,,,,,,,,,,,,,,,,,,,,,,,,,,60.00,,,,,,,false,false,12,2022-04-01,2023-03-31,0
2023-01-31,6737,2023-03-31,3,,,,,,,,,,,,,,,,,,,,,,,,,,,,,125.00,,,,,,,false,true,12,2022-04-01,2023-03-31,0
2023-01-31,6737,2023-03-31,3,,,,,,,,,,,,,,,,,,,,,,,,,,,,,,,,,21981160,1408606,20959685,false,false,9,2022-04-01,2022-12-31,0
2023-01-31,6737,2022-03-31,3,,,,,,,,,,,,,,,,,,,,,,,,,,,,,,,,,,,21320161,false,false,9,2021-04-01,2021-12-31,-1
2023-05-12,6737,2023-03-31,,80849000000,-0.068,,,,,5002000000,-0.557,6126000000,-0.494,,5862000000,,280.97,,0.049,0.039,0.062,,155935000000,120580000000,0.773,5861.22,120580000000,-7592000000,853000000,-6351000000,9557000000,,0.445,,,,,,true,false,12,2022-04-01,2023-03-31,0
2023-05-12,6737,2022-03-31,,86789000000,0.134,,,,,11299000000,0.424,12110000000,0.374,,7794000000,,365.61,,0.067,0.079,0.130,,155459000000,118582000000,0.763,5562.01,118582000000,8429000000,-2394000000,-2899000000,22387000000,,0.328,,,,,,true,false,12,2021-04-01,2022-03-31,-1
2023-05-12,6737,2024-03-31,,89000000000,0.101,,,,,7500000000,0.499,8600000000,0.404,,6000000000,,291.65,,,,,,,,,,,,,,,,0.686,,,,,,true,true,12,2023-04-01,2024-03-31,1
2023-05-12,6737,2023-03-31,,61427000000,-0.032,,,,,3808000000,-0.587,5022000000,-0.501,5296000000,,0.080,253.86,,,,,,132766000000,101308000000,0.763,4924.47,101308000000,,,,,125.00,,,,21981160,1408606,20864228,false,false,12,2022-04-01,2023-03-31,0
2023-05-12,6737,2022-03-31,,63439000000,0.106,,,,,9231000000,0.364,10060000000,0.272,4904000000,,-0.137,230.06,,,,,,134575000000,101307000000,0.753,4751.74,101307000000,,,,,120.00,,,,22731160,1411088,21320143,false,false,12,2021-04-01,2022-03-31,-1
2023-05-12,6737,2024-03-31,,,,,,,,,,,,,,,,,,,,,,,,,,,,,,200.00,,,,,,,false,true,12,2023-04-01,2024-03-31,1
2023-07-28,6737,2024-03-31,1,18548000000,0.039,,,,,1058000000,0.206,2518000000,1.002,,1723000000,,83.80,,,,,,164701000000,124802000000,0.758,6066.46,124802000000,,,,,,,,,,,,true,false,3,2023-04-01,2023-06-30,0
2023-07-28,6737,2023-03-31,1,17847000000,-0.229,,,,,877000000,-0.783,1258000000,-0.725,,1383000000,,65.11,,,,,,,,,,,,,,,,,,,,,,true,false,3,2022-04-01,2022-06-30,-1
2023-07-28,6737,2024-03-31,1,89000000000,0.101,,,,,7500000000,0.499,8600000000,0.404,,6000000000,,291.65,,,,,,,,,,,,,,,,,,,,,,true,true,12,2023-04-01,2024-03-31,0
2023-07-28,6737,2023-03-31,1,,,,,,,,,,,,,,,,,,,,155935000000,120580000000,0.773,5861.22,120580000000,,,,,,,,,,,,true,false,12,2022-04-01,2023-03-31,-1
2023-07-28,6737,2023-03-31,1,,,,,,,,,,,,,,,,,,,,,,,,,,,,,125.00,,,,21981160,1408606,,false,false,12,2022-04-01,2023-03-31,-1
2023-07-28,6737,2024-03-31,1,,,,,,,,,,,,,,,,,,,,,,,,,,,,,200.00,,,,,,,false,true,12,2023-04-01,2024-03-31,0
2023-07-28,6737,2024-03-31,1,,,,,,,,,,,,,,,,,,,,,,,,,,,,,,,,,21981160,1408606,20572554,false,false,3,2023-04-01,2023-06-30,0
2023-07-28,6737,2023-03-31,1,,,,,,,,,,,,,,,,,,,,,,,,,,,,,,,,,,,21252184,false,false,3,2022-04-01,2022-06-30,-1
2023-10-31,6737,2024-03-31,2,37185000000,0.017,,,,,1636000000,-0.260,3203000000,0.277,,2158000000,,104.89,,,,,,163340000000,125832000000,0.770,6115.50,125832000000,,,,,,,,,,,,true,false,6,2023-04-01,2023-09-30,0
2023-10-31,6737,2023-03-31,2,36566000000,-0.164,,,,,2212000000,-0.665,2508000000,-0.643,,3127000000,,148.16,,,,,,,,,,,,,,,,,,,,,,true,false,6,2022-04-01,2022-09-30,-1
2023-10-31,6737,2024-03-31,2,81500000000,0.008,,,,,5100000000,0.020,7200000000,0.175,,5100000000,,247.87,,,,,,,,,,,,,,,,,,,,,,true,true,12,2023-04-01,2024-03-31,0
2023-10-31,6737,2023-03-31,2,,,,,,,,,,,,,,,,,,,,155935000000,120580000000,0.773,5861.22,120580000000,,,,,,,,,,,,true,false,12,2022-04-01,2023-03-31,-1
2023-10-31,6737,2023-03-31,2,,,,,,,,,,,,,,,,,,,,,,,,,,,,,125.00,,,,21981160,1408606,,false,false,12,2022-04-01,2023-03-31,-1
2023-10-31,6737,2024-03-31,2,,,,,,,,,,,,,,,,,,,,,,,,,,,,,100.00,,,,,,,false,false,12,2023-04-01,2024-03-31,0
2023-10-31,6737,2024-03-31,2,,,,,,,,,,,,,,,,,,,,,,,,,,,,,200.00,,,,,,,false,true,12,2023-04-01,2024-03-31,0
2023-10-31,6737,2024-03-31,2,,,,,,,,,,,,,,,,,,,,,,,,,,,,,,,,,21981160,1405174,20573904,false,false,6,2023-04-01,2023-09-30,0
2023-10-31,6737,2023-03-31,2,,,,,,,,,,,,,,,,,,,,,,,,,,,,,,,,,,,21105489,false,false,6,2022-04-01,2022-09-30,-1
2024-01-31,6737,2024-03-31,3,58161000000,0.018,,,,,2559000000,-0.053,4544000000,0.270,,3740000000,,181.81,,,,,,164212000000,126501000000,0.770,6148.04,126501000000,,,,,,,,,,,,true,false,9,2023-04-01,2023-12-31,0
2024-01-31,6737,2023-03-31,3,57137000000,-0.103,,,,,2701000000,-0.679,3577000000,-0.609,,3898000000,,185.98,,,,,,,,,,,,,,,,,,,,,,true,false,9,2022-04-01,2022-12-31,-1
2024-01-31,6737,2024-03-31,3,81500000000,0.008,,,,,5100000000,0.020,7200000000,0.175,,5100000000,,247.87,,,,,,,,,,,,,,,,,,,,,,true,true,12,2023-04-01,2024-03-31,0
2024-01-31,6737,2023-03-31,3,,,,,,,,,,,,,,,,,,,,155935000000,120580000000,0.773,5861.22,120580000000,,,,,,,,,,,,true,false,12,2022-04-01,2023-03-31,-1
2024-01-31,6737,2023-03-31,3,,,,,,,,,,,,,,,,,,,,,,,,,,,,,125.00,,,,21981160,1408606,,false,false,12,2022-04-01,2023-03-31,-1
2024-01-31,6737,2024-03-31,3,,,,,,,,,,,,,,,,,,,,,,,,,,,,,100.00,,,,,,,false,false,12,2023-04-01,2024-03-31,0
2024-01-31,6737,2024-03-31,3,,,,,,,,,,,,,,,,,,,,,,,,,,,,,200.00,,,,,,,false,true,12,2023-04-01,2024-03-31,0
2024-01-31,6737,2024-03-31,3,,,,,,,,,,,,,,,,,,,,,,,,,,,,,,,,,21981160,1405254,20574575,false,false,9,2023-04-01,2023-12-31,0
2024-01-31,6737,2023-03-31,3,,,,,,,,,,,,,,,,,,,,,,,,,,,,,,,,,,,20959685,false,false,9,2022-04-01,2022-12-31,-1
2024-05-09,6737,2024-03-31,,80471000000,-0.005,,,,,3908000000,-0.219,6326000000,0.033,,5454000000,,265.13,,0.044,0.039,0.049,,164819000000,129424000000,0.785,6290.09,129424000000,7914000000,-1057000000,-533000000,16418000000,,0.754,,,,,,true,false,12,2023-04-01,2024-03-31,0
2024-05-09,6737,2023-03-31,,80849000000,-0.068,,,,,5002000000,-0.557,6126000000,-0.494,,5862000000,,280.97,,0.049,0.039,0.062,,155935000000,120580000000,0.773,5861.22,120580000000,-7592000000,853000000,-6351000000,9557000000,,0.445,,,,,,true,false,12,2022-04-01,2023-03-31,-1
2024-05-09,6737,2025-03-31,,85000000000,0.056,,,,,5500000000,0.407,7000000000,0.106,,5000000000,,243.00,,,,,,,,,,,,,,,,0.864,,,,,,true,true,12,2024-04-01,2025-03-31,1
2024-05-09,6737,2024-03-31,,53520000000,-0.129,,,,,4034000000,0.060,6842000000,0.362,6468000000,,0.221,314.38,,,,,,142405000000,108420000000,0.761,5269.32,108420000000,,,,,200.00,,,,21981160,1405254,20574906,false,false,12,2023-04-01,2024-03-31,0
2024-05-09,6737,2023-03-31,,61427000000,-0.032,,,,,3808000000,-0.587,5022000000,-0.501,5296000000,,0.080,253.86,,,,,,132766000000,101308000000,0.763,4924.47,101308000000,,,,,125.00,,,,21981160,1408606,20864228,false,false,12,2022-04-01,2023-03-31,-1
2024-05-09,6737,2025-03-31,,,,,,,,,,,,,,,,,,,,,,,,,,,,,,210.00,,,,,,,false,true,12,2024-04-01,2025-03-31,1
2024-07-31,6737,2025-03-31,1,18197000000,-0.019,,,,,57000000,-0.946,1005000000,-0.601,,725000000,,35.28,,,,,,172038000000,134177000000,0.780,6521.09,134177000000,,,,,,,,,,,,true,false,3,2024-04-01,2024-06-30,0
2024-07-31,6737,2024-03-31,1,18548000000,0.039,,,,,1058000000,0.206,2518000000,1.002,,1723000000,,83.80,,,,,,,,,,,,,,,,,,,,,,true,false,3,2023-04-01,2023-06-30,-1
2024-07-31,6737,2025-03-31,1,85000000000,0.056,,,,,5500000000,0.407,7000000000,0.106,,5000000000,,121.50,,,,,,,,,,,,,,,,,,,,,,true,true,12,2024-04-01,2025-03-31,0
2024-07-31,6737,2024-03-31,1,,,,,,,,,,,,,,,,,,,,164819000000,129424000000,0.785,6290.09,129424000000,,,,,,,,,,,,true,false,12,2023-04-01,2024-03-31,-1
2024-07-31,6737,2024-03-31,1,,,,,,,,,,,,,,,,,,,,,,,,,,,,,200.00,,,,21981160,1405254,,false,false,12,2023-04-01,2024-03-31,-1
2024-07-31,6737,2025-03-31,1,,,,,,,,,,,,,,,,,,,,,,,,,,,,,52.50,,,,,,,false,true,12,2024-04-01,2025-03-31,0
2024-07-31,6737,2025-03-31,1,,,,,,,,,,,,,,,,,,,,,,,,,,,,,,,,,21981160,1405254,20575906,false,false,3,2024-04-01,2024-06-30,0
2024-07-31,6737,2024-03-31,1,,,,,,,,,,,,,,,,,,,,,,,,,,,,,,,,,,,20572554,false,false,3,2023-04-01,2023-06-30,-1
2024-10-31,6737,2025-03-31,2,36817000000,-0.010,,,,,830000000,-0.493,1070000000,-0.666,,709000000,,17.24,,,,,,162015000000,127100000000,0.784,3088.07,127100000000,,,,,,,,,,,,true,false,6,2024-04-01,2024-09-30,0
2024-10-31,6737,2024-03-31,2,37185000000,0.017,,,,,1636000000,-0.260,3203000000,0.277,,2158000000,,52.45,,,,,,,,,,,,,,,,,,,,,,true,false,6,2023-04-01,2023-09-30,-1
2024-10-31,6737,2025-03-31,2,81000000000,0.007,,,,,4000000000,0.023,4800000000,-0.241,,3400000000,,82.61,,,,,,,,,,,,,,,,,,,,,,true,true,12,2024-04-01,2025-03-31,0
2024-10-31,6737,2024-03-31,2,,,,,,,,,,,,,,,,,,,,164819000000,129424000000,0.785,3145.04,129424000000,,,,,,,,,,,,true,false,12,2023-04-01,2024-03-31,-1
2024-10-31,6737,2024-03-31,2,,,,,,,,,,,,,,,,,,,,,,,,,,,,,200.00,,,,43962320,2810508,,false,false,12,2023-04-01,2024-03-31,-1
2024-10-31,6737,2025-03-31,2,,,,,,,,,,,,,,,,,,,,,,,,,,,,,105.00,,,,,,,false,false,12,2024-04-01,2025-03-31,0
2024-10-31,6737,2025-03-31,2,,,,,,,,,,,,,,,,,,,,,,,,,,,,,52.50,,,,,,,false,true,12,2024-04-01,2025-03-31,0
2024-10-31,6737,2025-03-31,2,,,,,,,,,,,,,,,,,,,,,,,,,,,,,,,,,43962320,2803674,41154575,false,false,6,2024-04-01,2024-09-30,0
2024-10-31,6737,2024-03-31,2,,,,,,,,,,,,,,,,,,,,,,,,,,,,,,,,,,,41147809,false,false,6,2023-04-01,2023-09-30,-1
2025-01-31,6737,2025-03-31,3,58127000000,-0.001,,,,,2168000000,-0.153,2998000000,-0.340,,1993000000,,48.44,,,,,,160240000000,126607000000,0.790,3076.09,126607000000,,,,,,,,,,,,true,false,9,2024-04-01,2024-12-31,0
2025-01-31,6737,2024-03-31,3,58161000000,0.018,,,,,2559000000,-0.053,4544000000,0.270,,3740000000,,90.90,,,,,,,,,,,,,,,,,,,,,,true,false,9,2023-04-01,2023-12-31,-1
2025-01-31,6737,2025-03-31,3,81000000000,0.007,,,,,4000000000,0.023,4800000000,-0.241,,3400000000,,82.61,,,,,,,,,,,,,,,,,,,,,,true,true,12,2024-04-01,2025-03-31,0
2025-01-31,6737,2024-03-31,3,,,,,,,,,,,,,,,,,,,,164819000000,129424000000,0.785,3145.04,129424000000,,,,,,,,,,,,true,false,12,2023-04-01,2024-03-31,-1
2025-01-31,6737,2024-03-31,3,,,,,,,,,,,,,,,,,,,,,,,,,,,,,200.00,,,,43962320,2810508,,false,false,12,2023-04-01,2024-03-31,-1
2025-01-31,6737,2025-03-31,3,,,,,,,,,,,,,,,,,,,,,,,,,,,,,105.00,,,,,,,false,false,12,2024-04-01,2025-03-31,0
2025-01-31,6737,2025-03-31,3,,,,,,,,,,,,,,,,,,,,,,,,,,,,,52.50,,,,,,,false,true,12,2024-04-01,2025-03-31,0
2025-01-31,6737,2025-03-31,3,,,,,,,,,,,,,,,,,,,,,,,,,,,,,,,,,43962320,2803674,41155937,false,false,9,2024-04-01,2024-12-31,0
2025-01-31,6737,2024-03-31,3,,,,,,,,,,,,,,,,,,,,,,,,,,,,,,,,,,,41149151,false,false,9,2023-04-01,2023-12-31,-1
2025-05-08,6737,2025-03-31,,80493000000,0.000,,,,,3706000000,-0.052,4555000000,-0.280,,4148000000,,100.81,,0.033,0.028,0.046,,157759000000,124355000000,0.788,3021.38,124355000000,11543000000,-2140000000,-4711000000,21058000000,,1.042,,,,,,true,false,12,2024-04-01,2025-03-31,0
2025-05-08,6737,2024-03-31,,80471000000,-0.005,,,,,3908000000,-0.219,6326000000,0.033,,5454000000,,132.56,,0.044,0.039,0.049,,164819000000,129424000000,0.785,3145.04,129424000000,7914000000,-1057000000,-533000000,16418000000,,0.754,,,,,,true,false,12,2023-04-01,2024-03-31,-1
2025-05-08,6737,2026-03-31,,85000000000,0.056,,,,,4800000000,0.295,6100000000,0.339,,4400000000,,106.90,,,,,,,,,,,,,,,,1.029,,,,,,true,true,12,2025-04-01,2026-03-31,1
2025-05-08,6737,2025-03-31,,52399000000,-0.021,,,,,1368000000,-0.661,2511000000,-0.633,3646000000,,-0.436,88.59,,,,,,134874000000,102972000000,0.763,2501.84,102972000000,,,,,52.50,,,,43962320,2803674,41156605,false,false,12,2024-04-01,2025-03-31,0
2025-05-08,6737,2024-03-31,,53520000000,-0.129,,,,,4034000000,0.060,6842000000,0.362,6468000000,,0.221,157.19,,,,,,142405000000,108420000000,0.761,2634.66,108420000000,,,,,200.00,,,,43962320,2810508,41149812,false,false,12,2023-04-01,2024-03-31,-1
2025-05-08,6737,2026-03-31,,,,,,,,,,,,,,,,,,,,,,,,,,,,,,110.00,,,,,,,false,true,12,2025-04-01,2026-03-31,1
