filing_date,code,fiscal_year_end,quarterly_period,net_sales,net_sales_change,revenue,revenue_change,operating_revenue,operating_revenue_change,operating_profit,operating_profit_change,ordinary_profit,ordinary_profit_change,net_income,net_income_of_parent,net_income_change,eps,diluted_eps,roe,roa,operating_profit_to_net_sales,operating_profit_to_revenue,total_assets,net_assets,equity_ratio,bps,owner_equity,operating_cash_flow,investing_cash_flow,financing_cash_flow,cash,dividend_per_share,payout_ratio,commemorative_dividend,extra_dividend,number_of_shares,number_of_treqsury_shares,avg_number_of_shares,is_consolidated,is_forecast,duration,period_start,period_end,period_pos
2015-07-29,67520,2016-03-31,1,1857843000000,0.003,,,,,76558000000,-0.070,,,,,,,,,,,,6037585000000,,,,,,,,,,,,,,,,true,false,3,2015-04-01,2015-06-30,0
2015-07-29,67520,2015-03-31,1,1852280000000,0.015,,,,,82286000000,0.282,,,,,,,,,,,,,,,,,,,,,,,,,,,,true,false,3,2014-04-01,2014-06-30,-1
2015-07-29,67520,2016-03-31,1,8000000000000,0.037,,,,,430000000000,0.126,,,,,,,,,,,,,,,,,,,,,,,,,,,,true,true,12,2015-04-01,2016-03-31,0
2015-07-29,67520,2015-03-31,1,,,,,,,,,,,,,,,,,,,,5956947000000,,,,,,,,,,,,,,,,true,false,12,2014-04-01,2015-03-31,-1
2015-07-29,67520,2015-03-31,1,,,,,,,,,,,,,,,,,,,,,,,,,,,,,18.00,,,,2453053497,141789018,,false,false,12,2014-04-01,2015-03-31,-1
2015-07-29,67520,2016-03-31,1,,,,,,,,,,,,,,,,,,,,,,,,,,,,,,,,,2453053497,141817371,2311250258,false,false,3,2015-04-01,2015-06-30,0
2015-07-29,67520,2015-03-31,1,,,,,,,,,,,,,,,,,,,,,,,,,,,,,,,,,,,2311550809,false,false,3,2014-04-01,2014-06-30,-1
,67520,2016-03-31,,,,,,,,,,,,,,,,,,,,,,,,,,,,,,10.00,,,,,,,false,true,12,2015-04-01,2016-03-31,0
,67520,2015-03-31,,,,,,,,,,,,,,,,,,,,,,,,,,,,,,18.00,,,,,,,false,false,12,2014-04-01,2015-03-31,-1
2015-10-29,67520,2016-03-31,2,3760428000000,0.010,,,,,200450000000,0.133,,,,,,,,,,,,5872060000000,,,,,,,,,,,,,,,,true,false,6,2015-04-01,2015-09-30,0
2015-10-29,67520,2015-03-31,2,3722883000000,0.004,,,,,176979000000,0.207,,,,,,,,,,,,,,,,,,,,,,,,,,,,true,false,6,2014-04-01,2014-09-30,-1
2015-10-29,67520,2016-03-31,2,8000000000000,0.037,,,,,430000000000,0.126,,,,,,,,,,,,,,,,,,,,,,,,,,,,true,true,12,2015-04-01,2016-03-31,0
2015-10-29,67520,2015-03-31,2,,,,,,,,,,,,,,,,,,,,5956947000000,,,,,,,,,,,,,,,,true,false,12,2014-04-01,2015-03-31,-1
2015-10-29,67520,2015-03-31,2,,,,,,,,,,,,,,,,,,,,,,,,,,,,,18.00,,,,2453053497,141789018,,false,false,12,2014-04-01,2015-03-31,-1
2015-10-29,67520,2016-03-31,2,,,,,,,,,,,,,,,,,,,,,,,,,,,,,10.00,,,,,,,false,false,12,2015-04-01,2016-03-31,0
2015-10-29,67520,2016-03-31,2,,,,,,,,,,,,,,,,,,,,,,,,,,,,,,,,,2453053497,132162221,2314002156,false,false,6,2015-04-01,2015-09-30,0
2015-10-29,67520,2015-03-31,2,,,,,,,,,,,,,,,,,,,,,,,,,,,,,,,,,,,2311540895,false,false,6,2014-04-01,2014-09-30,-1
2016-02-03,67520,2016-03-31,3,5671314000000,-0.008,,,,,320254000000,0.103,,,,,,,,,,,,5864872000000,,,,,,,,,,,,,,,,true,false,9,2015-04-01,2015-12-31,0
2016-02-03,67520,2015-03-31,3,5719333000000,0.007,,,,,290273000000,0.103,,,,,,,,,,,,,,,,,,,,,,,,,,,,true,false,9,2014-04-01,2014-12-31,-1
2016-02-03,67520,2016-03-31,3,7550000000000,-0.021,,,,,410000000000,0.074,,,,,,,,,,,,,,,,,,,,,,,,,,,,true,true,12,2015-04-01,2016-03-31,0
2016-02-03,67520,2015-03-31,3,,,,,,,,,,,,,,,,,,,,5956947000000,,,,,,,,,,,,,,,,true,false,12,2014-04-01,2015-03-31,-1
2016-02-03,67520,2015-03-31,3,,,,,,,,,,,,,,,,,,,,,,,,,,,,,18.00,,,,2453053497,141789018,,false,false,12,2014-04-01,2015-03-31,-1
2016-02-03,67520,2016-03-31,3,,,,,,,,,,,,,,,,,,,,,,,,,,,,,10.00,,,,,,,false,false,12,2015-04-01,2016-03-31,0
2016-02-03,67520,2016-03-31,3,,,,,,,,,,,,,,,,,,,,,,,,,,,,,,,,,2453053497,132183321,2316065598,false,false,9,2015-04-01,2015-12-31,0
2016-02-03,67520,2015-03-31,3,,,,,,,,,,,,,,,,,,,,,,,,,,,,,,,,,,,2311530788,false,false,9,2014-04-01,2014-12-31,-1
2016-02-03,67520,2016-03-31,,7550000000000,-0.056,,,,,410000000000,-0.047,,,,,,,,,,,,,,,,,,,,,,,,,,,,true,true,12,2015-04-01,2016-03-31,0
2016-02-03,67520,2015-03-31,,7715037000000,,,,,,381913000000,,,,,,,,,,,,,,,,,,,,,,,,,,,,,true,false,12,2014-04-01,2015-03-31,-1
,67520,2016-03-31,,,,,,,,,,,,,,,,,,,,,,,,,,,,,,24.00,,,,,,,false,true,12,2015-04-01,2016-03-31,0
,67520,2016-03-31,,,,,,,,,,,,,,,,,,,,,,,,,,,,,,10.00,,,,,,,false,false,12,2015-04-01,2016-03-31,0
,67520,2015-03-31,,,,,,,,,,,,,,,,,,,,,,,,,,,,,,18.00,,,,,,,false,false,12,2014-04-01,2015-03-31,-1
2016-04-28,67520,2016-03-31,,7553717000000,-0.021,,,,,415709000000,0.088,,,,,,,,,,0.055,,5596982000000,,,,,398680000000,-274274000000,-308031000000,1014264000000,,0.300,,,,,,true,false,12,2015-04-01,2016-03-31,0
2016-04-28,67520,2015-03-31,,7715037000000,-0.003,,,,,381913000000,0.252,,,,,,,,,,0.050,,5956947000000,,,,,491463000000,-138008000000,257615000000,1280408000000,,0.232,,,,,,true,false,12,2014-04-01,2015-03-31,-1
2016-04-28,67520,2017-03-31,,7600000000000,,,,,,310000000000,,,,,145000000000,,62.47,,,,,,,,,,,,,,,,,,,,,,true,true,12,2016-04-01,2017-03-31,1
2016-04-28,67520,2016-03-31,,3782279000000,-0.018,,,,,71894000000,-0.134,213761000000,0.124,3714000000,,-0.552,1.60,1.60,,,,,4935233000000,879713000000,0.178,378.85,879301000000,,,,,25.00,,,,2453053497,132057190,2317183721,false,false,12,2015-04-01,2016-03-31,0
2016-04-28,67520,2015-03-31,,3852419000000,-0.057,,,,,83014000000,0.180,190240000000,0.311,8282000000,,,3.58,3.58,,,,,4679087000000,902293000000,0.193,390.29,902073000000,,,,,18.00,,,,2453053497,141789018,2311472371,false,false,12,2014-04-01,2015-03-31,-1
2016-07-29,67520,2017-03-31,1,1748513000000,-0.059,,,,,66932000000,-0.126,,,,,,,,,,,,5399889000000,,,,,,,,,,,,,,,,true,false,3,2016-04-01,2016-06-30,0
2016-07-29,67520,2016-03-31,1,1857843000000,0.003,,,,,76558000000,-0.070,,,,,,,,,,,,,,,,,,,,,,,,,,,,true,false,3,2015-04-01,2015-06-30,-1
2016-07-29,67520,2017-03-31,1,7600000000000,,,,,,310000000000,,,,,145000000000,,62.47,,,,,,,,,,,,,,,,,,,,,,true,true,12,2016-04-01,2017-03-31,0
2016-07-29,67520,2016-03-31,1,,,,,,,,,,,,,,,,,,,,5596982000000,,,,,,,,,,,,,,,,true,false,12,2015-04-01,2016-03-31,-1
2016-07-29,67520,2016-03-31,1,,,,,,,,,,,,,,,,,,,,,,,,,,,,,25.00,,,,2453053497,132057190,,false,false,12,2015-04-01,2016-03-31,-1
2016-07-29,67520,2017-03-31,1,,,,,,,,,,,,,,,,,,,,,,,,,,,,,,,,,2453053497,132064273,2320993251,false,false,3,2016-04-01,2016-06-30,0
2016-07-29,67520,2016-03-31,1,,,,,,,,,,,,,,,,,,,,,,,,,,,,,,,,,,,2311250258,false,false,3,2015-04-01,2015-06-30,-1
,67520,2017-03-31,,,,,,,,,,,,,,,,,,,,,,,,,,,,,,10.00,,,,,,,false,true,12,2016-04-01,2017-03-31,0
,67520,2016-03-31,,,,,,,,,,,,,,,,,,,,,,,,,,,,,,25.00,,,,,,,false,false,12,2015-04-01,2016-03-31,-1
2016-10-31,67520,2017-03-31,2,3495491000000,-0.070,,,,,144627000000,-0.278,,,,,,,,,,,,5731952000000,,,,,,,,,,,,,,,,true,false,6,2016-04-01,2016-09-30,0
2016-10-31,67520,2016-03-31,2,3760428000000,0.010,,,,,200450000000,0.133,,,,,,,,,,,,,,,,,,,,,,,,,,,,true,false,6,2015-04-01,2015-09-30,-1
2016-10-31,67520,2017-03-31,2,7200000000000,,,,,,245000000000,,,,,120000000000,,51.70,,,,,,,,,,,,,,,,,,,,,,true,true,12,2016-04-01,2017-03-31,0
2016-10-31,67520,2016-03-31,2,,,,,,,,,,,,,,,,,,,,5596982000000,,,,,,,,,,,,,,,,true,false,12,2015-04-01,2016-03-31,-1
2016-10-31,67520,2016-03-31,2,,,,,,,,,,,,,,,,,,,,,,,,,,,,,25.00,,,,2453053497,132057190,,false,false,12,2015-04-01,2016-03-31,-1
2016-10-31,67520,2017-03-31,2,,,,,,,,,,,,,,,,,,,,,,,,,,,,,10.00,,,,,,,false,false,12,2016-04-01,2017-03-31,0
2016-10-31,67520,2017-03-31,2,,,,,,,,,,,,,,,,,,,,,,,,,,,,,,,,,2453053497,132073412,2320988799,false,false,6,2016-04-01,2016-09-30,0
2016-10-31,67520,2016-03-31,2,,,,,,,,,,,,,,,,,,,,,,,,,,,,,,,,,,,2314002156,false,false,6,2015-04-01,2015-09-30,-1
2017-02-02,67520,2017-03-31,3,5350028000000,-0.057,,,,,240557000000,-0.249,,,,,,,,,,,,6145007000000,,,,,,,,,,,,,,,,true,false,9,2016-04-01,2016-12-31,0
2017-02-02,67520,2016-03-31,3,5671314000000,-0.008,,,,,320254000000,0.103,,,,,,,,,,,,,,,,,,,,,,,,,,,,true,false,9,2015-04-01,2015-12-31,-1
2017-02-02,67520,2017-03-31,3,7350000000000,,,,,,265000000000,,,,,130000000000,,55.99,,,,,,,,,,,,,,,,,,,,,,true,true,12,2016-04-01,2017-03-31,0
2017-02-02,67520,2016-03-31,3,,,,,,,,,,,,,,,,,,,,5596982000000,,,,,,,,,,,,,,,,true,false,12,2015-04-01,2016-03-31,-1
2017-02-02,67520,2016-03-31,3,,,,,,,,,,,,,,,,,,,,,,,,,,,,,25.00,,,,2453053497,132057190,,false,false,12,2015-04-01,2016-03-31,-1
2017-02-02,67520,2017-03-31,3,,,,,,,,,,,,,,,,,,,,,,,,,,,,,10.00,,,,,,,false,false,12,2016-04-01,2017-03-31,0
2017-02-02,67520,2017-03-31,3,,,,,,,,,,,,,,,,,,,,,,,,,,,,,,,,,2453053497,132087930,2320983890,false,false,9,2016-04-01,2016-12-31,0
2017-02-02,67520,2016-03-31,3,,,,,,,,,,,,,,,,,,,,,,,,,,,,,,,,,,,2316065598,false,false,9,2015-04-01,2015-12-31,-1
,67520,2017-03-31,,,,,,,,,,,,,,,,,,,,,,,,,,,,,,20.00,,,,,,,false,true,12,2016-04-01,2017-03-31,0
,67520,2017-03-31,,,,,,,,,,,,,,,,,,,,,,,,,,,,,,10.00,,,,,,,false,false,12,2016-04-01,2017-03-31,0
,67520,2016-03-31,,,,,,,,,,,,,,,,,,,,,,,,,,,,,,25.00,,,,,,,false,false,12,2015-04-01,2016-03-31,-1
2017-05-11,67520,2017-03-31,,7343707000000,-0.037,,,,,276784000000,0.202,,,,149360000000,,64.33,64.31,,,0.038,,5982961000000,,,,,385410000000,-420156000000,294598000000,,,0.389,,,,,,true,false,12,2016-04-01,2017-03-31,0
2017-05-11,67520,2016-03-31,,7626306000000,,,,,,230299000000,,,,,165212000000,,71.30,71.29,,,0.030,,5488024000000,,,,,419355000000,-293804000000,-309565000000,,,0.351,,,,,,true,false,12,2015-04-01,2016-03-31,-1
2017-05-11,67520,2018-03-31,,7800000000000,0.062,,,,,335000000000,0.210,,,,160000000000,,68.60,,,,,,,,,,,,,,,,,,,,,,true,true,12,2017-04-01,2018-03-31,1
2017-05-11,67520,2017-03-31,,3655233000000,-0.034,,,,,45901000000,-0.362,247651000000,0.159,443416000000,,,190.97,190.91,,,,,4099204000000,1259685000000,0.307,539.73,1258860000000,,,,,25.00,,,,2453053497,120648723,2321856424,false,false,12,2016-04-01,2017-03-31,0
2017-05-11,67520,2016-03-31,,3782279000000,-0.018,,,,,71894000000,-0.134,213761000000,0.124,3714000000,,-0.552,1.60,1.60,,,,,4935233000000,879713000000,0.178,378.85,879301000000,,,,,25.00,,,,2453053497,132057190,2317183721,false,false,12,2015-04-01,2016-03-31,-1
2017-07-31,67520,2018-03-31,1,1865275000000,0.051,,,,,83925000000,0.169,,,,48759000000,,20.91,20.90,,,,,6156490000000,,,,,,,,,,,,,,,,true,false,3,2017-04-01,2017-06-30,0
2017-07-31,67520,2017-03-31,1,1774818000000,,,,,,71808000000,,,,,29173000000,,12.57,12.57,,,,,,,,,,,,,,,,,,,,,true,false,3,2016-04-01,2016-06-30,-1
2017-07-31,67520,2018-03-31,1,7800000000000,0.062,,,,,335000000000,0.210,,,,160000000000,,68.60,,,,,,,,,,,,,,,,,,,,,,true,true,12,2017-04-01,2018-03-31,0
2017-07-31,67520,2017-03-31,1,,,,,,,,,,,,,,,,,,,,5982961000000,,,,,,,,,,,,,,,,true,false,12,2016-04-01,2017-03-31,-1
2017-07-31,67520,2017-03-31,1,,,,,,,,,,,,,,,,,,,,,,,,,,,,,25.00,,,,2453053497,120648723,,false,false,12,2016-04-01,2017-03-31,-1
2017-07-31,67520,2018-03-31,1,,,,,,,,,,,,,,,,,,,,,,,,,,,,,,,,,2453053497,120670052,2332394346,false,false,3,2017-04-01,2017-06-30,0
2017-07-31,67520,2017-03-31,1,,,,,,,,,,,,,,,,,,,,,,,,,,,,,,,,,,,2320993251,false,false,3,2016-04-01,2016-06-30,-1
,67520,2018-03-31,,,,,,,,,,,,,,,,,,,,,,,,,,,,,,10.00,,,,,,,false,true,12,2017-04-01,2018-03-31,0
,67520,2017-03-31,,,,,,,,,,,,,,,,,,,,,,,,,,,,,,25.00,,,,,,,false,false,12,2016-04-01,2017-03-31,-1
2017-10-31,67520,2018-03-31,2,3857864000000,0.090,,,,,196551000000,0.104,,,,118911000000,,50.98,50.96,,,,,6283021000000,,,,,,,,,,,,,,,,true,false,6,2017-04-01,2017-09-30,0
2017-10-31,67520,2017-03-31,2,3539804000000,,,,,,178088000000,,,,,133455000000,,57.50,57.49,,,,,,,,,,,,,,,,,,,,,true,false,6,2016-04-01,2016-09-30,-1
2017-10-31,67520,2018-03-31,2,7800000000000,0.062,,,,,335000000000,0.210,,,,160000000000,,68.60,,,,,,,,,,,,,,,,,,,,,,true,true,12,2017-04-01,2018-03-31,0
2017-10-31,67520,2017-03-31,2,,,,,,,,,,,,,,,,,,,,5982961000000,,,,,,,,,,,,,,,,true,false,12,2016-04-01,2017-03-31,-1
2017-10-31,67520,2017-03-31,2,,,,,,,,,,,,,,,,,,,,,,,,,,,,,25.00,,,,2453053497,120648723,,false,false,12,2016-04-01,2017-03-31,-1
2017-10-31,67520,2018-03-31,2,,,,,,,,,,,,,,,,,,,,,,,,,,,,,10.00,,,,,,,false,false,12,2017-04-01,2018-03-31,0
2017-10-31,67520,2018-03-31,2,,,,,,,,,,,,,,,,,,,,,,,,,,,,,,,,,2453053497,120687500,2332384484,false,false,6,2017-04-01,2017-09-30,0
2017-10-31,67520,2017-03-31,2,,,,,,,,,,,,,,,,,,,,,,,,,,,,,,,,,,,2320988799,false,false,6,2016-04-01,2016-09-30,-1
2018-02-05,67520,2018-03-31,3,5912166000000,0.090,,,,,316698000000,0.149,,,,200111000000,,85.80,85.75,,,,,6374949000000,,,,,,,,,,,,,,,,true,false,9,2017-04-01,2017-12-31,0
2018-02-05,67520,2017-03-31,3,5422385000000,,,,,,275729000000,,,,,197459000000,,85.08,85.05,,,,,,,,,,,,,,,,,,,,,true,false,9,2016-04-01,2016-12-31,-1
2018-02-05,67520,2018-03-31,3,7950000000000,0.083,,,,,350000000000,0.265,,,,210000000000,,90.04,,,,,,,,,,,,,,,,,,,,,,true,true,12,2017-04-01,2018-03-31,0
2018-02-05,67520,2017-03-31,3,,,,,,,,,,,,,,,,,,,,5982961000000,,,,,,,,,,,,,,,,true,false,12,2016-04-01,2017-03-31,-1
2018-02-05,67520,2017-03-31,3,,,,,,,,,,,,,,,,,,,,,,,,,,,,,25.00,,,,2453053497,120648723,,false,false,12,2016-04-01,2017-03-31,-1
2018-02-05,67520,2018-03-31,3,,,,,,,,,,,,,,,,,,,,,,,,,,,,,10.00,,,,,,,false,false,12,2017-04-01,2018-03-31,0
2018-02-05,67520,2018-03-31,3,,,,,,,,,,,,,,,,,,,,,,,,,,,,,30.00,,,,,,,false,true,12,2017-04-01,2018-03-31,0
2018-02-05,67520,2018-03-31,3,,,,,,,,,,,,,,,,,,,,,,,,,,,,,,,,,2453053497,120709306,2332374586,false,false,9,2017-04-01,2017-12-31,0
2018-02-05,67520,2017-03-31,3,,,,,,,,,,,,,,,,,,,,,,,,,,,,,,,,,,,2320983890,false,false,9,2016-04-01,2016-12-31,-1
2018-05-10,67520,2018-03-31,,7982164000000,0.087,,,,,380539000000,0.375,,,,236040000000,,101.20,101.15,,,0.048,,6291148000000,,,,,423182000000,-458828000000,-128763000000,,,0.296,,,,,,true,false,12,2017-04-01,2018-03-31,0
2018-05-10,67520,2017-03-31,,7343707000000,-0.037,,,,,276784000000,0.202,,,,149360000000,,64.33,64.31,,,0.038,,5982961000000,,,,,385410000000,-420156000000,294598000000,,,0.389,,,,,,true,false,12,2016-04-01,2017-03-31,-1
2018-05-10,67520,2019-03-31,,8300000000000,0.040,,,,,425000000000,0.117,,,,250000000000,,107.19,,,,,,,,,,,,,,,,,,,,,,true,true,12,2018-04-01,2019-03-31,1
2018-05-10,67520,2018-03-31,,4056083000000,0.110,,,,,196209000000,3.275,321023000000,0.296,174011000000,,-0.608,74.61,74.57,,,,,4427681000000,1379701000000,0.311,591.03,1378477000000,,,,,30.00,,,,2453053497,120718303,2332366262,false,false,12,2017-04-01,2018-03-31,0
2018-05-10,67520,2017-03-31,,3655233000000,-0.034,,,,,45901000000,-0.362,247651000000,0.159,443416000000,,,190.97,190.91,,,,,4099204000000,1259685000000,0.307,539.73,1258860000000,,,,,25.00,,,,2453053497,120648723,2321856424,false,false,12,2016-04-01,2017-03-31,-1
2018-07-31,67520,2019-03-31,1,2008735000000,0.077,,,,,99956000000,0.191,,,,57360000000,,24.59,24.58,,,,,6385523000000,,,,,,,,,,,,,,,,true,false,3,2018-04-01,2018-06-30,0
2018-07-31,67520,2018-03-31,1,1865275000000,0.051,,,,,83925000000,0.169,,,,48759000000,,20.91,20.90,,,,,,,,,,,,,,,,,,,,,true,false,3,2017-04-01,2017-06-30,-1
2018-07-31,67520,2019-03-31,1,8300000000000,0.040,,,,,425000000000,0.117,,,,250000000000,,107.19,,,,,,,,,,,,,,,,,,,,,,true,true,12,2018-04-01,2019-03-31,0
2018-07-31,67520,2018-03-31,1,,,,,,,,,,,,,,,,,,,,6291148000000,,,,,,,,,,,,,,,,true,false,12,2017-04-01,2018-03-31,-1
2018-07-31,67520,2018-03-31,1,,,,,,,,,,,,,,,,,,,,,,,,,,,,,30.00,,,,2453053497,120718303,,false,false,12,2017-04-01,2018-03-31,-1
2018-07-31,67520,2019-03-31,1,,,,,,,,,,,,,,,,,,,,,,,,,,,,,,,,,2453053497,120685764,2332346428,false,false,3,2018-04-01,2018-06-30,0
2018-07-31,67520,2018-03-31,1,,,,,,,,,,,,,,,,,,,,,,,,,,,,,,,,,,,2332394346,false,false,3,2017-04-01,2017-06-30,-1
,67520,2019-03-31,,,,,,,,,,,,,,,,,,,,,,,,,,,,,,15.00,,,,,,,false,true,12,2018-04-01,2019-03-31,0
,67520,2018-03-31,,,,,,,,,,,,,,,,,,,,,,,,,,,,,,30.00,,,,,,,false,false,12,2017-04-01,2018-03-31,-1
2018-10-31,67520,2019-03-31,2,4008178000000,0.039,,,,,195240000000,-0.007,,,,113619000000,,48.71,48.68,,,,,6462583000000,,,,,,,,,,,,,,,,true,false,6,2018-04-01,2018-09-30,0
2018-10-31,67520,2018-03-31,2,3857864000000,0.090,,,,,196551000000,0.104,,,,118911000000,,50.98,50.96,,,,,,,,,,,,,,,,,,,,,true,false,6,2017-04-01,2017-09-30,-1
2018-10-31,67520,2019-03-31,2,8300000000000,0.040,,,,,425000000000,0.117,,,,250000000000,,107.19,,,,,,,,,,,,,,,,,,,,,,true,true,12,2018-04-01,2019-03-31,0
2018-10-31,67520,2018-03-31,2,,,,,,,,,,,,,,,,,,,,6291148000000,,,,,,,,,,,,,,,,true,false,12,2017-04-01,2018-03-31,-1
2018-10-31,67520,2018-03-31,2,,,,,,,,,,,,,,,,,,,,,,,,,,,,,30.00,,,,2453053497,120718303,,false,false,12,2017-04-01,2018-03-31,-1
2018-10-31,67520,2019-03-31,2,,,,,,,,,,,,,,,,,,,,,,,,,,,,,15.00,,,,,,,false,false,12,2018-04-01,2019-03-31,0
2018-10-31,67520,2019-03-31,2,,,,,,,,,,,,,,,,,,,,,,,,,,,,,,,,,2453053497,120680822,2332359114,false,false,6,2018-04-01,2018-09-30,0
2018-10-31,67520,2018-03-31,2,,,,,,,,,,,,,,,,,,,,,,,,,,,,,,,,,,,2332384484,false,false,6,2017-04-01,2017-09-30,-1
2019-02-04,67520,2019-03-31,3,6082985000000,0.029,,,,,292789000000,-0.075,,,,173715000000,,74.48,74.43,,,,,6261873000000,,,,,,,,,,,,,,,,true,false,9,2018-04-01,2018-12-31,0
2019-02-04,67520,2018-03-31,3,5912166000000,0.090,,,,,316698000000,0.149,,,,200111000000,,85.80,85.75,,,,,,,,,,,,,,,,,,,,,true,false,9,2017-04-01,2017-12-31,-1
2019-02-04,67520,2019-03-31,3,8100000000000,0.015,,,,,385000000000,0.012,,,,250000000000,,107.19,,,,,,,,,,,,,,,,,,,,,,true,true,12,2018-04-01,2019-03-31,0
2019-02-04,67520,2018-03-31,3,,,,,,,,,,,,,,,,,,,,6291148000000,,,,,,,,,,,,,,,,true,false,12,2017-04-01,2018-03-31,-1
2019-02-04,67520,2018-03-31,3,,,,,,,,,,,,,,,,,,,,,,,,,,,,,30.00,,,,2453053497,120718303,,false,false,12,2017-04-01,2018-03-31,-1
2019-02-04,67520,2019-03-31,3,,,,,,,,,,,,,,,,,,,,,,,,,,,,,15.00,,,,,,,false,false,12,2018-04-01,2019-03-31,0
2019-02-04,67520,2019-03-31,3,,,,,,,,,,,,,,,,,,,,,,,,,,,,,,,,,2453053497,120689430,2332361553,false,false,9,2018-04-01,2018-12-31,0
2019-02-04,67520,2018-03-31,3,,,,,,,,,,,,,,,,,,,,,,,,,,,,,,,,,,,2332374586,false,false,9,2017-04-01,2017-12-31,-1
,67520,2019-03-31,,,,,,,,,,,,,,,,,,,,,,,,,,,,,,30.00,,,,,,,false,true,12,2018-04-01,2019-03-31,0
,67520,2019-03-31,,,,,,,,,,,,,,,,,,,,,,,,,,,,,,15.00,,,,,,,false,false,12,2018-04-01,2019-03-31,0
,67520,2018-03-31,,,,,,,,,,,,,,,,,,,,,,,,,,,,,,30.00,,,,,,,false,false,12,2017-04-01,2018-03-31,-1
2019-05-09,67520,2019-03-31,,8002733000000,0.003,,,,,411498000000,0.081,,,,284149000000,,121.83,121.75,,,0.051,,6013931000000,,,,,203677000000,-193387000000,-341761000000,,,0.246,,,,,,true,false,12,2018-04-01,2019-03-31,0
2019-05-09,67520,2018-03-31,,7982164000000,0.087,,,,,380539000000,0.375,,,,236040000000,,101.20,101.15,,,0.048,,6291148000000,,,,,423182000000,-458828000000,-128763000000,,,0.296,,,,,,true,false,12,2017-04-01,2018-03-31,-1
2019-05-09,67520,2020-03-31,,7900000000000,-0.013,,,,,300000000000,-0.271,,,,200000000000,,85.75,,,,,,,,,,,,,,,,,,,,,,true,true,12,2019-04-01,2020-03-31,1
2019-05-09,67520,2019-03-31,,4255215000000,0.049,,,,,110301000000,-0.438,165210000000,-0.485,139098000000,,-0.210,59.64,59.60,,,,,4438409000000,1439139000000,0.324,616.38,1437639000000,,,,,30.00,,,,2453053497,120663025,2332365043,false,false,12,2018-04-01,2019-03-31,0
2019-05-09,67520,2018-03-31,,4056083000000,0.110,,,,,196209000000,3.275,321023000000,0.296,176054000000,,-0.603,75.48,75.44,,,,,4436635000000,1388655000000,0.313,594.87,1387431000000,,,,,30.00,,,,2453053497,120718303,2332366262,false,false,12,2017-04-01,2018-03-31,-1
2019-07-31,67520,2020-03-31,1,1891129000000,-0.059,,,,,56389000000,-0.436,,,,49777000000,,21.34,21.33,,,,,6503123000000,,,,,,,,,,,,,,,,true,false,3,2019-04-01,2019-06-30,0
2019-07-31,67520,2019-03-31,1,2008735000000,0.077,,,,,99956000000,0.191,,,,57360000000,,24.59,24.58,,,,,,,,,,,,,,,,,,,,,true,false,3,2018-04-01,2018-06-30,-1
2019-07-31,67520,2020-03-31,1,7900000000000,-0.013,,,,,300000000000,-0.271,,,,200000000000,,85.75,,,,,,,,,,,,,,,,,,,,,,true,true,12,2019-04-01,2020-03-31,0
2019-07-31,67520,2019-03-31,1,,,,,,,,,,,,,,,,,,,,6013931000000,,,,,,,,,,,,,,,,true,false,12,2018-04-01,2019-03-31,-1
2019-07-31,67520,2019-03-31,1,,,,,,,,,,,,,,,,,,,,,,,,,,,,,30.00,,,,2453053497,120663025,,false,false,12,2018-04-01,2019-03-31,-1
2019-07-31,67520,2020-03-31,1,,,,,,,,,,,,,,,,,,,,,,,,,,,,,,,,,2453053497,120668915,2332387733,false,false,3,2019-04-01,2019-06-30,0
2019-07-31,67520,2019-03-31,1,,,,,,,,,,,,,,,,,,,,,,,,,,,,,,,,,,,2332346428,false,false,3,2018-04-01,2018-06-30,-1
,67520,2020-03-31,,,,,,,,,,,,,,,,,,,,,,,,,,,,,,15.00,,,,,,,false,true,12,2019-04-01,2020-03-31,0
,67520,2019-03-31,,,,,,,,,,,,,,,,,,,,,,,,,,,,,,30.00,,,,,,,false,false,12,2018-04-01,2019-03-31,-1
2019-10-31,67520,2020-03-31,2,3844424000000,-0.041,,,,,140292000000,-0.281,,,,100919000000,,43.27,43.24,,,,,6626202000000,,,,,,,,,,,,,,,,true,false,6,2019-04-01,2019-09-30,0
2019-10-31,67520,2019-03-31,2,4008178000000,0.039,,,,,195240000000,-0.007,,,,113619000000,,48.71,48.68,,,,,,,,,,,,,,,,,,,,,true,false,6,2018-04-01,2018-09-30,-1
2019-10-31,67520,2020-03-31,2,7700000000000,-0.038,,,,,300000000000,-0.271,,,,200000000000,,85.75,,,,,,,,,,,,,,,,,,,,,,true,true,12,2019-04-01,2020-03-31,0
2019-10-31,67520,2019-03-31,2,,,,,,,,,,,,,,,,,,,,6013931000000,,,,,,,,,,,,,,,,true,false,12,2018-04-01,2019-03-31,-1
2019-10-31,67520,2019-03-31,2,,,,,,,,,,,,,,,,,,,,,,,,,,,,,30.00,,,,2453053497,120663025,,false,false,12,2018-04-01,2019-03-31,-1
2019-10-31,67520,2020-03-31,2,,,,,,,,,,,,,,,,,,,,,,,,,,,,,15.00,,,,,,,false,false,12,2019-04-01,2020-03-31,0
2019-10-31,67520,2020-03-31,2,,,,,,,,,,,,,,,,,,,,,,,,,,,,,,,,,2453326997,120473399,2332471627,false,false,6,2019-04-01,2019-09-30,0
2019-10-31,67520,2019-03-31,2,,,,,,,,,,,,,,,,,,,,,,,,,,,,,,,,,,,2332359114,false,false,6,2018-04-01,2018-09-30,-1
2020-02-03,67520,2020-03-31,3,5755634000000,-0.054,,,,,240673000000,-0.178,,,,178148000000,,76.37,76.33,,,,,6710685000000,,,,,,,,,,,,,,,,true,false,9,2019-04-01,2019-12-31,0
2020-02-03,67520,2019-03-31,3,6082985000000,0.029,,,,,292789000000,-0.075,,,,173715000000,,74.48,74.43,,,,,,,,,,,,,,,,,,,,,true,false,9,2018-04-01,2018-12-31,-1
2020-02-03,67520,2020-03-31,3,7700000000000,-0.038,,,,,300000000000,-0.271,,,,200000000000,,85.75,,,,,,,,,,,,,,,,,,,,,,true,true,12,2019-04-01,2020-03-31,0
2020-02-03,67520,2019-03-31,3,,,,,,,,,,,,,,,,,,,,6013931000000,,,,,,,,,,,,,,,,true,false,12,2018-04-01,2019-03-31,-1
2020-02-03,67520,2019-03-31,3,,,,,,,,,,,,,,,,,,,,,,,,,,,,,30.00,,,,2453053497,120663025,,false,false,12,2018-04-01,2019-03-31,-1
2020-02-03,67520,2020-03-31,3,,,,,,,,,,,,,,,,,,,,,,,,,,,,,15.00,,,,,,,false,false,12,2019-04-01,2020-03-31,0
2020-02-03,67520,2020-03-31,3,,,,,,,,,,,,,,,,,,,,,,,,,,,,,,,,,2453326997,120466964,2332552812,false,false,9,2019-04-01,2019-12-31,0
2020-02-03,67520,2019-03-31,3,,,,,,,,,,,,,,,,,,,,,,,,,,,,,,,,,,,2332361553,false,false,9,2018-04-01,2018-12-31,-1
,67520,2020-03-31,,,,,,,,,,,,,,,,,,,,,,,,,,,,,,30.00,,,,,,,false,true,12,2019-04-01,2020-03-31,0
,67520,2020-03-31,,,,,,,,,,,,,,,,,,,,,,,,,,,,,,15.00,,,,,,,false,false,12,2019-04-01,2020-03-31,0
,67520,2019-03-31,,,,,,,,,,,,,,,,,,,,,,,,,,,,,,30.00,,,,,,,false,false,12,2018-04-01,2019-03-31,-1
2020-04-27,67520,2020-03-31,,7450000000000,-0.032,,,,,300000000000,,,,,210000000000,,90.03,,,,,,,,,,,,,,,,,,,,,,true,true,12,2019-04-01,2020-03-31,0
2020-04-27,67520,2019-03-31,,8002733000000,,,,,,411498000000,,,,,284149000000,,121.83,,,,,,,,,,,,,,,,,,,,,,true,false,12,2018-04-01,2019-03-31,-1
2020-05-18,67520,2020-03-31,,7490601000000,-0.064,,,,,293751000000,-0.286,,,,225707000000,,96.76,96.70,,,0.039,,6218518000000,,,,,430303000000,-206096000000,48222000000,,,0.310,,,,,,true,false,12,2019-04-01,2020-03-31,0
2020-05-18,67520,2019-03-31,,8002733000000,0.003,,,,,411498000000,0.081,,,,284149000000,,121.83,121.75,,,0.051,,6013931000000,,,,,203677000000,-193387000000,-341761000000,,,0.246,,,,,,true,false,12,2018-04-01,2019-03-31,-1
2020-05-18,67520,2020-03-31,,4058822000000,-0.046,,,,,85272000000,-0.227,137332000000,-0.169,155528000000,,0.118,66.67,66.63,,,,,4432684000000,1518010000000,0.342,650.16,1516792000000,,,,,30.00,,,,2453326997,120365301,2332621373,false,false,12,2019-04-01,2020-03-31,0
2020-05-18,67520,2019-03-31,,4255215000000,0.049,,,,,110301000000,-0.438,165210000000,-0.485,139098000000,,-0.210,59.64,59.60,,,,,4438409000000,1439139000000,0.324,616.38,1437639000000,,,,,30.00,,,,2453053497,120663025,2332365043,false,false,12,2018-04-01,2019-03-31,-1
2020-07-30,67520,2021-03-31,1,1391912000000,-0.264,,,,,3758000000,-0.933,,,,-9833000000,,-4.21,-4.21,,,,,6209199000000,,,,,,,,,,,,,,,,true,false,3,2020-04-01,2020-06-30,0
2020-07-30,67520,2020-03-31,1,1891129000000,-0.059,,,,,56389000000,-0.436,,,,49777000000,,21.34,21.33,,,,,,,,,,,,,,,,,,,,,true,false,3,2019-04-01,2019-06-30,-1
2020-07-30,67520,2021-03-31,1,6500000000000,-0.132,,,,,150000000000,-0.489,,,,100000000000,,42.86,,,,,,,,,,,,,,,,,,,,,,true,true,12,2020-04-01,2021-03-31,0
2020-07-30,67520,2020-03-31,1,,,,,,,,,,,,,,,,,,,,6218518000000,,,,,,,,,,,,,,,,true,false,12,2019-04-01,2020-03-31,-1
2020-07-30,67520,2020-03-31,1,,,,,,,,,,,,,,,,,,,,,,,,,,,,,30.00,,,,2453326997,120365301,,false,false,12,2019-04-01,2020-03-31,-1
2020-07-30,67520,2021-03-31,1,,,,,,,,,,,,,,,,,,,,,,,,,,,,,,,,,2453326997,120322483,2332973474,false,false,3,2020-04-01,2020-06-30,0
2020-07-30,67520,2020-03-31,1,,,,,,,,,,,,,,,,,,,,,,,,,,,,,,,,,,,2332387733,false,false,3,2019-04-01,2019-06-30,-1
,67520,2021-03-31,,,,,,,,,,,,,,,,,,,,,,,,,,,,,,10.00,,,,,,,false,true,12,2020-04-01,2021-03-31,0
,67520,2020-03-31,,,,,,,,,,,,,,,,,,,,,,,,,,,,,,30.00,,,,,,,false,false,12,2019-04-01,2020-03-31,-1
2020-10-29,67520,2021-03-31,2,3059155000000,-0.204,,,,,96627000000,-0.311,,,,48864000000,,20.94,20.93,,,,,6384330000000,,,,,,,,,,,,,,,,true,false,6,2020-04-01,2020-09-30,0
2020-10-29,67520,2020-03-31,2,3844424000000,-0.041,,,,,140292000000,-0.281,,,,100919000000,,43.27,43.24,,,,,,,,,,,,,,,,,,,,,true,false,6,2019-04-01,2019-09-30,-1
2020-10-29,67520,2021-03-31,2,6500000000000,-0.132,,,,,150000000000,-0.489,,,,100000000000,,42.86,,,,,,,,,,,,,,,,,,,,,,true,true,12,2020-04-01,2021-03-31,0
2020-10-29,67520,2020-03-31,2,,,,,,,,,,,,,,,,,,,,6218518000000,,,,,,,,,,,,,,,,true,false,12,2019-04-01,2020-03-31,-1
2020-10-29,67520,2020-03-31,2,,,,,,,,,,,,,,,,,,,,,,,,,,,,,30.00,,,,2453326997,120365301,,false,false,12,2019-04-01,2020-03-31,-1
2020-10-29,67520,2021-03-31,2,,,,,,,,,,,,,,,,,,,,,,,,,,,,,10.00,,,,,,,false,false,12,2020-04-01,2021-03-31,0
2020-10-29,67520,2021-03-31,2,,,,,,,,,,,,,,,,,,,,,,,,,,,,,,,,,2453563397,120290466,2333020675,false,false,6,2020-04-01,2020-09-30,0
2020-10-29,67520,2020-03-31,2,,,,,,,,,,,,,,,,,,,,,,,,,,,,,,,,,,,2332471627,false,false,6,2019-04-01,2019-09-30,-1
2021-02-02,67520,2021-03-31,3,4873289000000,-0.153,,,,,226800000000,-0.058,,,,130142000000,,55.78,55.75,,,,,6672760000000,,,,,,,,,,,,,,,,true,false,9,2020-04-01,2020-12-31,0
2021-02-02,67520,2020-03-31,3,5755634000000,-0.054,,,,,240673000000,-0.178,,,,178148000000,,76.37,76.33,,,,,,,,,,,,,,,,,,,,,true,false,9,2019-04-01,2019-12-31,-1
2021-02-02,67520,2021-03-31,3,6600000000000,-0.119,,,,,230000000000,-0.217,,,,150000000000,,64.29,,,,,,,,,,,,,,,,,,,,,,true,true,12,2020-04-01,2021-03-31,0
2021-02-02,67520,2020-03-31,3,,,,,,,,,,,,,,,,,,,,6218518000000,,,,,,,,,,,,,,,,true,false,12,2019-04-01,2020-03-31,-1
2021-02-02,67520,2020-03-31,3,,,,,,,,,,,,,,,,,,,,,,,,,,,,,30.00,,,,2453326997,120365301,,false,false,12,2019-04-01,2020-03-31,-1
2021-02-02,67520,2021-03-31,3,,,,,,,,,,,,,,,,,,,,,,,,,,,,,10.00,,,,,,,false,false,12,2020-04-01,2021-03-31,0
2021-02-02,67520,2021-03-31,3,,,,,,,,,,,,,,,,,,,,,,,,,,,,,,,,,2453563397,120239742,2333081385,false,false,9,2020-04-01,2020-12-31,0
2021-02-02,67520,2020-03-31,3,,,,,,,,,,,,,,,,,,,,,,,,,,,,,,,,,,,2332552812,false,false,9,2019-04-01,2019-12-31,-1
,67520,2021-03-31,,,,,,,,,,,,,,,,,,,,,,,,,,,,,,20.00,,,,,,,false,true,12,2020-04-01,2021-03-31,0
,67520,2021-03-31,,,,,,,,,,,,,,,,,,,,,,,,,,,,,,10.00,,,,,,,false,false,12,2020-04-01,2021-03-31,0
,67520,2020-03-31,,,,,,,,,,,,,,,,,,,,,,,,,,,,,,30.00,,,,,,,false,false,12,2019-04-01,2020-03-31,-1
2021-05-10,67520,2021-03-31,,6698794000000,-0.106,,,,,258600000000,-0.120,,,,165077000000,,70.75,70.72,,,0.039,,6847073000000,,,,,504038000000,176596000000,-177704000000,,,0.283,,,,,,true,false,12,2020-04-01,2021-03-31,0
2021-05-10,67520,2020-03-31,,7490601000000,-0.064,,,,,293751000000,-0.286,,,,225707000000,,96.76,96.70,,,0.039,,6218518000000,,,,,430303000000,-206096000000,48222000000,,,0.310,,,,,,true,false,12,2019-04-01,2020-03-31,-1
2021-05-10,67520,2022-03-31,,7000000000000,0.045,,,,,330000000000,0.276,,,,210000000000,,90.00,,,,,,,,,,,,,,,,,,,,,,true,true,12,2021-04-01,2022-03-31,1
2021-05-10,67520,2021-03-31,,3812591000000,-0.061,,,,,36020000000,-0.578,137102000000,-0.002,78792000000,,-0.493,33.77,33.75,,,,,4482166000000,1545228000000,0.345,661.79,1544165000000,,,,,20.00,,,,2453563397,120239132,2333127719,false,false,12,2020-04-01,2021-03-31,0
2021-05-10,67520,2020-03-31,,4058822000000,-0.046,,,,,85272000000,-0.227,137332000000,-0.169,155528000000,,0.118,66.67,66.63,,,,,4432684000000,1518010000000,0.342,650.16,1516792000000,,,,,30.00,,,,2453326997,120365301,2332621373,false,false,12,2019-04-01,2020-03-31,-1
2021-07-29,67520,2022-03-31,1,1792421000000,0.288,,,,,104377000000,,,,,76537000000,,32.80,32.79,,,,,6945693000000,,,,,,,,,,,,,,,,true,false,3,2021-04-01,2021-06-30,0
2021-07-29,67520,2021-03-31,1,1391912000000,-0.264,,,,,3758000000,-0.933,,,,-9833000000,,-4.21,-4.21,,,,,,,,,,,,,,,,,,,,,true,false,3,2020-04-01,2020-06-30,-1
2021-07-29,67520,2022-03-31,1,7000000000000,0.045,,,,,330000000000,0.276,,,,210000000000,,90.00,,,,,,,,,,,,,,,,,,,,,,true,true,12,2021-04-01,2022-03-31,0
2021-07-29,67520,2021-03-31,1,,,,,,,,,,,,,,,,,,,,6847073000000,,,,,,,,,,,,,,,,true,false,12,2020-04-01,2021-03-31,-1
2021-07-29,67520,2021-03-31,1,,,,,,,,,,,,,,,,,,,,,,,,,,,,,20.00,,,,2453563397,120239132,,false,false,12,2020-04-01,2021-03-31,-1
2021-07-29,67520,2022-03-31,1,,,,,,,,,,,,,,,,,,,,,,,,,,,,,,,,,2453563397,120246259,2333307368,false,false,3,2021-04-01,2021-06-30,0
2021-07-29,67520,2021-03-31,1,,,,,,,,,,,,,,,,,,,,,,,,,,,,,,,,,,,2332973474,false,false,3,2020-04-01,2020-06-30,-1
,67520,2022-03-31,,,,,,,,,,,,,,,,,,,,,,,,,,,,,,15.00,,,,,,,false,true,12,2021-04-01,2022-03-31,0
,67520,2021-03-31,,,,,,,,,,,,,,,,,,,,,,,,,,,,,,20.00,,,,,,,false,false,12,2020-04-01,2021-03-31,-1
2021-10-28,6752,2022-03-31,2,3533554000000,0.155,,,,,201202000000,1.082,,,,153043000000,,65.59,65.56,,,,,7275344000000,,,,,,,,,,,,,,,,true,false,6,2021-04-01,2021-09-30,0
2021-10-28,6752,2021-03-31,2,3059155000000,-0.204,,,,,96627000000,-0.311,,,,48864000000,,20.94,20.93,,,,,,,,,,,,,,,,,,,,,true,false,6,2020-04-01,2020-09-30,-1
2021-10-28,6752,2022-03-31,2,7300000000000,0.090,,,,,370000000000,0.431,,,,240000000000,,102.85,,,,,,,,,,,,,,,,,,,,,,true,true,12,2021-04-01,2022-03-31,0
2021-10-28,6752,2021-03-31,2,,,,,,,,,,,,,,,,,,,,6847073000000,,,,,,,,,,,,,,,,true,false,12,2020-04-01,2021-03-31,-1
2021-10-28,6752,2021-03-31,2,,,,,,,,,,,,,,,,,,,,,,,,,,,,,20.00,,,,2453563397,120239132,,false,false,12,2020-04-01,2021-03-31,-1
2021-10-28,6752,2022-03-31,2,,,,,,,,,,,,,,,,,,,,,,,,,,,,,15.00,,,,,,,false,false,12,2021-04-01,2022-03-31,0
2021-10-28,6752,2022-03-31,2,,,,,,,,,,,,,,,,,,,,,,,,,,,,,,,,,2453866297,120103772,2333389195,false,false,6,2021-04-01,2021-09-30,0
2021-10-28,6752,2021-03-31,2,,,,,,,,,,,,,,,,,,,,,,,,,,,,,,,,,,,2333020675,false,false,6,2020-04-01,2020-09-30,-1
2022-02-02,6752,2022-03-31,3,5423356000000,0.113,,,,,274151000000,0.209,,,,195634000000,,83.83,83.80,,,,,7376772000000,,,,,,,,,,,,,,,,true,false,9,2021-04-01,2021-12-31,0
2022-02-02,6752,2021-03-31,3,4873289000000,-0.153,,,,,226800000000,-0.058,,,,130142000000,,55.78,55.75,,,,,,,,,,,,,,,,,,,,,true,false,9,2020-04-01,2020-12-31,-1
2022-02-02,6752,2022-03-31,3,7300000000000,0.090,,,,,370000000000,0.431,,,,240000000000,,102.85,,,,,,,,,,,,,,,,,,,,,,true,true,12,2021-04-01,2022-03-31,0
2022-02-02,6752,2021-03-31,3,,,,,,,,,,,,,,,,,,,,6847073000000,,,,,,,,,,,,,,,,true,false,12,2020-04-01,2021-03-31,-1
2022-02-02,6752,2021-03-31,3,,,,,,,,,,,,,,,,,,,,,,,,,,,,,20.00,,,,2453563397,120239132,,false,false,12,2020-04-01,2021-03-31,-1
2022-02-02,6752,2022-03-31,3,,,,,,,,,,,,,,,,,,,,,,,,,,,,,15.00,,,,,,,false,false,12,2021-04-01,2022-03-31,0
2022-02-02,6752,2022-03-31,3,,,,,,,,,,,,,,,,,,,,,,,,,,,,,,,,,2453866297,120064593,2333464380,false,false,9,2021-04-01,2021-12-31,0
2022-02-02,6752,2021-03-31,3,,,,,,,,,,,,,,,,,,,,,,,,,,,,,,,,,,,2333081385,false,false,9,2020-04-01,2020-12-31,-1
,67520,2022-03-31,,,,,,,,,,,,,,,,,,,,,,,,,,,,,,30.00,,,,,,,false,true,12,2021-04-01,2022-03-31,0
,67520,2022-03-31,,,,,,,,,,,,,,,,,,,,,,,,,,,,,,15.00,,,,,,,false,false,12,2021-04-01,2022-03-31,0
,67520,2021-03-31,,,,,,,,,,,,,,,,,,,,,,,,,,,,,,20.00,,,,,,,false,false,12,2020-04-01,2021-03-31,-1
2022-05-11,6752,2022-03-31,,7388791000000,0.103,,,,,357526000000,0.383,,,,255334000000,,109.41,109.37,,,0.048,,8023583000000,,,,,252630000000,-796149000000,58910000000,,,0.274,,,,,,true,false,12,2021-04-01,2022-03-31,0
2022-05-11,6752,2021-03-31,,6698794000000,-0.106,,,,,258600000000,-0.120,,,,165077000000,,70.75,70.72,,,0.039,,6847073000000,,,,,504038000000,176596000000,-177704000000,,,0.283,,,,,,true,false,12,2020-04-01,2021-03-31,-1
2022-05-11,6752,2023-03-31,,7900000000000,0.069,,,,,360000000000,0.007,,,,260000000000,,111.40,,,,,,,,,,,,,,,,,,,,,,true,true,12,2022-04-01,2023-03-31,1
2022-05-11,6752,2022-03-31,,2755967000000,-0.277,,,,,66269000000,0.840,126896000000,-0.074,86573000000,,0.099,37.10,37.08,,,,,5327546000000,1585353000000,0.297,678.94,1584581000000,,,,,30.00,,,,2453866297,119969766,2333538585,false,false,12,2021-04-01,2022-03-31,0
2022-05-11,6752,2021-03-31,,3812591000000,-0.061,,,,,36020000000,-0.578,137102000000,-0.002,78792000000,,-0.493,33.77,33.75,,,,,4482166000000,1545228000000,0.345,661.79,1544165000000,,,,,20.00,,,,2453563397,120239132,2333127719,false,false,12,2020-04-01,2021-03-31,-1
2022-07-28,6752,2023-03-31,1,1973861000000,0.101,,,,,63700000000,-0.390,,,,48949000000,,20.97,20.97,,,,,8257953000000,,,,,,,,,,,,,,,,true,false,3,2022-04-01,2022-06-30,0
2022-07-28,6752,2022-03-31,1,1792421000000,0.288,,,,,104377000000,,,,,76537000000,,32.80,32.79,,,,,,,,,,,,,,,,,,,,,true,false,3,2021-04-01,2021-06-30,-1
2022-07-28,6752,2023-03-31,1,7900000000000,0.069,,,,,360000000000,0.007,,,,260000000000,,111.40,,,,,,,,,,,,,,,,,,,,,,true,true,12,2022-04-01,2023-03-31,0
2022-07-28,6752,2022-03-31,1,,,,,,,,,,,,,,,,,,,,8023583000000,,,,,,,,,,,,,,,,true,false,12,2021-04-01,2022-03-31,-1
2022-07-28,6752,2022-03-31,1,,,,,,,,,,,,,,,,,,,,,,,,,,,,,30.00,,,,2453866297,119969766,,false,false,12,2021-04-01,2022-03-31,-1
2022-07-28,6752,2023-03-31,1,,,,,,,,,,,,,,,,,,,,,,,,,,,,,,,,,2453866297,119993923,2333867135,false,false,3,2022-04-01,2022-06-30,0
2022-07-28,6752,2022-03-31,1,,,,,,,,,,,,,,,,,,,,,,,,,,,,,,,,,,,2333307368,false,false,3,2021-04-01,2021-06-30,-1
,67520,2023-03-31,,,,,,,,,,,,,,,,,,,,,,,,,,,,,,15.00,,,,,,,false,true,12,2022-04-01,2023-03-31,0
,67520,2022-03-31,,,,,,,,,,,,,,,,,,,,,,,,,,,,,,30.00,,,,,,,false,false,12,2021-04-01,2022-03-31,-1
2022-10-31,6752,2023-03-31,2,4063929000000,0.150,,,,,149759000000,-0.256,,,,107337000000,,45.99,45.97,,,,,8383373000000,,,,,,,,,,,,,,,,true,false,6,2022-04-01,2022-09-30,0
2022-10-31,6752,2022-03-31,2,3533554000000,0.155,,,,,201202000000,1.082,,,,153043000000,,65.59,65.56,,,,,,,,,,,,,,,,,,,,,true,false,6,2021-04-01,2021-09-30,-1
2022-10-31,6752,2023-03-31,2,8200000000000,0.110,,,,,320000000000,-0.105,,,,235000000000,,100.69,,,,,,,,,,,,,,,,,,,,,,true,true,12,2022-04-01,2023-03-31,0
2022-10-31,6752,2022-03-31,2,,,,,,,,,,,,,,,,,,,,8023583000000,,,,,,,,,,,,,,,,true,false,12,2021-04-01,2022-03-31,-1
2022-10-31,6752,2022-03-31,2,,,,,,,,,,,,,,,,,,,,,,,,,,,,,30.00,,,,2453866297,119969766,,false,false,12,2021-04-01,2022-03-31,-1
2022-10-31,6752,2023-03-31,2,,,,,,,,,,,,,,,,,,,,,,,,,,,,,15.00,,,,,,,false,false,12,2022-04-01,2023-03-31,0
2022-10-31,6752,2023-03-31,2,,,,,,,,,,,,,,,,,,,,,,,,,,,,,,,,,2454056597,120000446,2333884576,false,false,6,2022-04-01,2022-09-30,0
2022-10-31,6752,2022-03-31,2,,,,,,,,,,,,,,,,,,,,,,,,,,,,,,,,,,,2333389195,false,false,6,2021-04-01,2021-09-30,-1
2023-02-02,6752,2023-03-31,3,6224521000000,0.148,,,,,234220000000,-0.146,,,,162870000000,,69.78,69.76,,,,,8006613000000,,,,,,,,,,,,,,,,true,false,9,2022-04-01,2022-12-31,0
2023-02-02,6752,2022-03-31,3,5423356000000,0.113,,,,,274151000000,0.209,,,,195634000000,,83.83,83.80,,,,,,,,,,,,,,,,,,,,,true,false,9,2021-04-01,2021-12-31,-1
2023-02-02,6752,2023-03-31,3,8200000000000,0.110,,,,,280000000000,-0.217,,,,210000000000,,89.98,,,,,,,,,,,,,,,,,,,,,,true,true,12,2022-04-01,2023-03-31,0
2023-02-02,6752,2022-03-31,3,,,,,,,,,,,,,,,,,,,,8023583000000,,,,,,,,,,,,,,,,true,false,12,2021-04-01,2022-03-31,-1
2023-02-02,6752,2022-03-31,3,,,,,,,,,,,,,,,,,,,,,,,,,,,,,30.00,,,,2453866297,119969766,,false,false,12,2021-04-01,2022-03-31,-1
2023-02-02,6752,2023-03-31,3,,,,,,,,,,,,,,,,,,,,,,,,,,,,,15.00,,,,,,,false,false,12,2022-04-01,2023-03-31,0
2023-02-02,6752,2023-03-31,3,,,,,,,,,,,,,,,,,,,,,,,,,,,,,,,,,2454056597,119958322,2333915866,false,false,9,2022-04-01,2022-12-31,0
2023-02-02,6752,2022-03-31,3,,,,,,,,,,,,,,,,,,,,,,,,,,,,,,,,,,,2333464380,false,false,9,2021-04-01,2021-12-31,-1
,67520,2023-03-31,,,,,,,,,,,,,,,,,,,,,,,,,,,,,,30.00,,,,,,,false,true,12,2022-04-01,2023-03-31,0
,67520,2023-03-31,,,,,,,,,,,,,,,,,,,,,,,,,,,,,,15.00,,,,,,,false,false,12,2022-04-01,2023-03-31,0
,67520,2022-03-31,,,,,,,,,,,,,,,,,,,,,,,,,,,,,,30.00,,,,,,,false,false,12,2021-04-01,2022-03-31,-1
2023-05-10,6752,2023-03-31,,8378942000000,0.134,,,,,288570000000,-0.193,,,,265502000000,,113.75,113.72,,,0.034,,8059527000000,,,,,520742000000,-344033000000,-607013000000,,,0.264,,,,,,true,false,12,2022-04-01,2023-03-31,0
2023-05-10,6752,2022-03-31,,7388791000000,0.103,,,,,357526000000,0.383,,,,255334000000,,109.41,109.37,,,0.048,,8023583000000,,,,,252630000000,-796149000000,58910000000,,,0.274,,,,,,true,false,12,2021-04-01,2022-03-31,-1
2023-05-10,6752,2024-03-31,,8500000000000,0.014,,,,,430000000000,0.490,,,,350000000000,,149.95,,,,,,,,,,,,,,,,,,,,,,true,true,12,2023-04-01,2024-03-31,1
2023-05-10,6752,2023-03-31,,,,,,247468000000,-0.910,117848000000,0.778,109660000000,-0.136,66610000000,,-0.231,28.54,28.53,,,,,3958577000000,1591098000000,0.402,681.37,1590400000000,,,,,30.00,,,,2454056597,119943749,2333947462,false,false,12,2022-04-01,2023-03-31,0
2023-05-10,6752,2022-03-31,,,,,,2755967000000,-0.277,66269000000,0.840,126896000000,-0.074,86573000000,,0.099,37.10,37.08,,,,,5327546000000,1585353000000,0.297,678.94,1584581000000,,,,,30.00,,,,2453866297,119969766,2333538585,false,false,12,2021-04-01,2022-03-31,-1
2023-07-31,6752,2024-03-31,1,2029694000000,0.028,,,,,90372000000,0.419,,,,200925000000,,86.08,86.06,,,,,8725816000000,,,,,,,,,,,,,,,,true,false,3,2023-04-01,2023-06-30,0
2023-07-31,6752,2023-03-31,1,1973861000000,0.101,,,,,63700000000,-0.390,,,,48949000000,,20.97,20.97,,,,,,,,,,,,,,,,,,,,,true,false,3,2022-04-01,2022-06-30,-1
2023-07-31,6752,2024-03-31,1,8500000000000,0.014,,,,,430000000000,0.490,,,,460000000000,,197.08,,,,,,,,,,,,,,,,,,,,,,true,true,12,2023-04-01,2024-03-31,0
2023-07-31,6752,2023-03-31,1,,,,,,,,,,,,,,,,,,,,8059527000000,,,,,,,,,,,,,,,,true,false,12,2022-04-01,2023-03-31,-1
2023-07-31,6752,2023-03-31,1,,,,,,,,,,,,,,,,,,,,,,,,,,,,,30.00,,,,2454056597,119943749,,false,false,12,2022-04-01,2023-03-31,-1
2023-07-31,6752,2024-03-31,1,,,,,,,,,,,,,,,,,,,,,,,,,,,,,,,,,2454056597,119952645,2334089022,false,false,3,2023-04-01,2023-06-30,0
2023-07-31,6752,2023-03-31,1,,,,,,,,,,,,,,,,,,,,,,,,,,,,,,,,,,,2333867135,false,false,3,2022-04-01,2022-06-30,-1
,67520,2024-03-31,,,,,,,,,,,,,,,,,,,,,,,,,,,,,,17.50,,,,,,,false,true,12,2023-04-01,2024-03-31,0
,67520,2023-03-31,,,,,,,,,,,,,,,,,,,,,,,,,,,,,,30.00,,,,,,,false,false,12,2022-04-01,2023-03-31,-1
2023-10-30,6752,2024-03-31,2,4119424000000,0.014,,,,,192835000000,0.288,,,,288379000000,,123.55,123.51,,,,,9125122000000,,,,,,,,,,,,,,,,true,false,6,2023-04-01,2023-09-30,0
2023-10-30,6752,2023-03-31,2,4063929000000,0.150,,,,,149759000000,-0.256,,,,107337000000,,45.99,45.97,,,,,,,,,,,,,,,,,,,,,true,false,6,2022-04-01,2022-09-30,-1
2023-10-30,6752,2024-03-31,2,8400000000000,0.003,,,,,400000000000,0.386,,,,460000000000,,197.07,,,,,,,,,,,,,,,,,,,,,,true,true,12,2023-04-01,2024-03-31,0
2023-10-30,6752,2023-03-31,2,,,,,,,,,,,,,,,,,,,,8059527000000,,,,,,,,,,,,,,,,true,false,12,2022-04-01,2023-03-31,-1
2023-10-30,6752,2023-03-31,2,,,,,,,,,,,,,,,,,,,,,,,,,,,,,30.00,,,,2454056597,119943749,,false,false,12,2022-04-01,2023-03-31,-1
2023-10-30,6752,2024-03-31,2,,,,,,,,,,,,,,,,,,,,,,,,,,,,,17.50,,,,,,,false,false,12,2023-04-01,2024-03-31,0
2023-10-30,6752,2024-03-31,2,,,,,,,,,,,,,,,,,,,,,,,,,,,,,,,,,2454261297,119949672,2334115675,false,false,6,2023-04-01,2023-09-30,0
2023-10-30,6752,2023-03-31,2,,,,,,,,,,,,,,,,,,,,,,,,,,,,,,,,,,,2333884576,false,false,6,2022-04-01,2022-09-30,-1
2024-02-02,6752,2024-03-31,3,6300306000000,0.012,,,,,320257000000,0.367,,,,399178000000,,171.01,170.96,,,,,8910636000000,,,,,,,,,,,,,,,,true,false,9,2023-04-01,2023-12-31,0
2024-02-02,6752,2023-03-31,3,6224521000000,0.148,,,,,234220000000,-0.146,,,,162870000000,,69.78,69.76,,,,,,,,,,,,,,,,,,,,,true,false,9,2022-04-01,2022-12-31,-1
2024-02-02,6752,2024-03-31,3,8400000000000,0.003,,,,,400000000000,0.386,,,,460000000000,,197.07,,,,,,,,,,,,,,,,,,,,,,true,true,12,2023-04-01,2024-03-31,0
2024-02-02,6752,2023-03-31,3,,,,,,,,,,,,,,,,,,,,8059527000000,,,,,,,,,,,,,,,,true,false,12,2022-04-01,2023-03-31,-1
2024-02-02,6752,2023-03-31,3,,,,,,,,,,,,,,,,,,,,,,,,,,,,,30.00,,,,2454056597,119943749,,false,false,12,2022-04-01,2023-03-31,-1
2024-02-02,6752,2024-03-31,3,,,,,,,,,,,,,,,,,,,,,,,,,,,,,17.50,,,,,,,false,false,12,2023-04-01,2024-03-31,0
2024-02-02,6752,2024-03-31,3,,,,,,,,,,,,,,,,,,,,,,,,,,,,,,,,,2454261297,119931757,2334143200,false,false,9,2023-04-01,2023-12-31,0
2024-02-02,6752,2023-03-31,3,,,,,,,,,,,,,,,,,,,,,,,,,,,,,,,,,,,2333915866,false,false,9,2022-04-01,2022-12-31,-1
,67520,2024-03-31,,,,,,,,,,,,,,,,,,,,,,,,,,,,,,35.00,,,,,,,false,true,12,2023-04-01,2024-03-31,0
,67520,2024-03-31,,,,,,,,,,,,,,,,,,,,,,,,,,,,,,17.50,,,,,,,false,false,12,2023-04-01,2024-03-31,0
,67520,2023-03-31,,,,,,,,,,,,,,,,,,,,,,,,,,,,,,30.00,,,,,,,false,false,12,2022-04-01,2023-03-31,-1
2024-04-24,67520,2024-03-31,,8500000000000,0.012,,,,,360000000000,-0.100,,,,440000000000,,188.50,,,,,,,,,,,,,,,,,,,,,,true,true,12,2023-04-01,2024-03-31,0
2024-04-24,67520,2023-03-31,,8378942000000,,,,,,288570000000,,,,,265502000000,,113.75,,,,,,,,,,,,,,,,,,,,,,true,false,12,2022-04-01,2023-03-31,-1
2024-05-09,6752,2024-03-31,,8496420000000,0.014,,,,,360962000000,0.251,,,,443994000000,,190.21,190.15,,,0.042,,9411195000000,,,,,866898000000,-578843000000,-83494000000,,,0.184,,,,,,true,false,12,2023-04-01,2024-03-31,0
2024-05-09,6752,2023-03-31,,8378942000000,0.134,,,,,288570000000,-0.193,,,,265502000000,,113.75,113.72,,,0.034,,8059527000000,,,,,520742000000,-344033000000,-607013000000,,,0.264,,,,,,true,false,12,2022-04-01,2023-03-31,-1
2024-05-09,6752,2025-03-31,,8600000000000,0.012,,,,,380000000000,0.053,,,,310000000000,,126.31,,,,,,,,,,,,,,,,,,,,,,true,true,12,2024-04-01,2025-03-31,1
2024-05-09,6752,2024-03-31,,,,,,263178000000,0.063,114431000000,-0.029,110368000000,0.006,52752000000,,-0.208,22.60,22.59,,,,,4361539000000,1561071000000,0.358,668.47,1560435000000,,,,,35.00,,,,2454261297,119915128,2334173939,false,false,12,2023-04-01,2024-03-31,0
2024-05-09,6752,2023-03-31,,,,,,247468000000,-0.910,117848000000,0.778,109660000000,-0.136,66610000000,,-0.231,28.54,28.53,,,,,3958577000000,1591098000000,0.402,681.37,1590400000000,,,,,30.00,,,,2454056597,119943749,2333947462,false,false,12,2022-04-01,2023-03-31,-1
2024-05-09,6752,2024-03-31,,8496420000000,0.014,,,,,360962000000,0.251,,,,443994000000,,190.21,190.15,,,0.042,,9411195000000,,,,,866898000000,-578843000000,-83494000000,,,0.184,,,,,,true,false,12,2023-04-01,2024-03-31,0
2024-05-09,6752,2023-03-31,,8378942000000,0.134,,,,,288570000000,-0.193,,,,265502000000,,113.75,113.72,,,0.034,,8059527000000,,,,,520742000000,-344033000000,-607013000000,,,0.264,,,,,,true,false,12,2022-04-01,2023-03-31,-1
2024-05-09,6752,2025-03-31,,8600000000000,0.012,,,,,380000000000,0.053,,,,310000000000,,132.80,,,,,,,,,,,,,,,,,,,,,,true,true,12,2024-04-01,2025-03-31,1
2024-05-09,6752,2024-03-31,,,,,,263178000000,0.063,114431000000,-0.029,110368000000,0.006,52752000000,,-0.208,22.60,22.59,,,,,4361539000000,1561071000000,0.358,668.47,1560435000000,,,,,35.00,,,,2454261297,119915128,2334173939,false,false,12,2023-04-01,2024-03-31,0
2024-05-09,6752,2023-03-31,,,,,,247468000000,-0.910,117848000000,0.778,109660000000,-0.136,66610000000,,-0.231,28.54,28.53,,,,,3958577000000,1591098000000,0.402,681.37,1590400000000,,,,,30.00,,,,2454056597,119943749,2333947462,false,false,12,2022-04-01,2023-03-31,-1
2024-07-31,6752,2025-03-31,1,2121689000000,0.045,,,,,83761000000,-0.073,,,,70633000000,,30.26,30.25,,,,,9874762000000,,,,,,,,,,,,,,,,true,false,3,2024-04-01,2024-06-30,0
2024-07-31,6752,2024-03-31,1,2029694000000,0.028,,,,,90372000000,0.419,,,,200925000000,,86.08,86.06,,,,,,,,,,,,,,,,,,,,,true,false,3,2023-04-01,2023-06-30,-1
2024-07-31,6752,2025-03-31,1,8600000000000,0.012,,,,,380000000000,0.053,,,,310000000000,,132.80,,,,,,,,,,,,,,,,,,,,,,true,true,12,2024-04-01,2025-03-31,0
2024-07-31,6752,2024-03-31,1,,,,,,,,,,,,,,,,,,,,9411195000000,,,,,,,,,,,,,,,,true,false,12,2023-04-01,2024-03-31,-1
2024-07-31,6752,2024-03-31,1,,,,,,,,,,,,,,,,,,,,,,,,,,,,,35.00,,,,2454261297,119915128,,false,false,12,2023-04-01,2024-03-31,-1
2024-07-31,6752,2025-03-31,1,,,,,,,,,,,,,,,,,,,,,,,,,,,,,,,,,2454261297,119906149,2334330437,false,false,3,2024-04-01,2024-06-30,0
2024-07-31,6752,2024-03-31,1,,,,,,,,,,,,,,,,,,,,,,,,,,,,,,,,,,,2334089022,false,false,3,2023-04-01,2023-06-30,-1
,67520,2025-03-31,,,,,,,,,,,,,,,,,,,,,,,,,,,,,,40.00,,,,,,,false,true,12,2024-04-01,2025-03-31,0
,67520,2024-03-31,,,,,,,,,,,,,,,,,,,,,,,,,,,,,,35.00,,,,,,,false,false,12,2023-04-01,2024-03-31,-1
2024-10-31,6752,2025-03-31,2,4251310000000,0.032,,,,,216046000000,0.120,,,,188909000000,,80.92,80.90,,,,,9315405000000,,,,,,,,,,,,,,,,true,false,6,2024-04-01,2024-09-30,0
2024-10-31,6752,2024-03-31,2,4119424000000,0.014,,,,,192835000000,0.288,,,,288379000000,,123.55,123.51,,,,,,,,,,,,,,,,,,,,,true,false,6,2023-04-01,2023-09-30,-1
2024-10-31,6752,2025-03-31,2,8600000000000,0.012,,,,,380000000000,0.053,,,,310000000000,,132.80,,,,,,,,,,,,,,,,,,,,,,true,true,12,2024-04-01,2025-03-31,0
2024-10-31,6752,2024-03-31,2,,,,,,,,,,,,,,,,,,,,9411195000000,,,,,,,,,,,,,,,,true,false,12,2023-04-01,2024-03-31,-1
2024-10-31,6752,2024-03-31,2,,,,,,,,,,,,,,,,,,,,,,,,,,,,,35.00,,,,2454261297,119915128,,false,false,12,2023-04-01,2024-03-31,-1
2024-10-31,6752,2025-03-31,2,,,,,,,,,,,,,,,,,,,,,,,,,,,,,20.00,,,,,,,false,false,12,2024-04-01,2025-03-31,0
2024-10-31,6752,2025-03-31,2,,,,,,,,,,,,,,,,,,,,,,,,,,,,,40.00,,,,,,,false,true,12,2024-04-01,2025-03-31,0
2024-10-31,6752,2025-03-31,2,,,,,,,,,,,,,,,,,,,,,,,,,,,,,,,,,2454446497,119847041,2334372615,false,false,6,2024-04-01,2024-09-30,0
2024-10-31,6752,2024-03-31,2,,,,,,,,,,,,,,,,,,,,,,,,,,,,,,,,,,,2334115675,false,false,6,2023-04-01,2023-09-30,-1
2025-02-04,6752,2025-03-31,3,6403897000000,0.016,,,,,348308000000,0.088,,,,288406000000,,123.54,123.51,,,,,9698499000000,,,,,,,,,,,,,,,,true,false,9,2024-04-01,2024-12-31,0
2025-02-04,6752,2024-03-31,3,6300306000000,0.012,,,,,320257000000,0.367,,,,399178000000,,171.01,170.96,,,,,,,,,,,,,,,,,,,,,true,false,9,2023-04-01,2023-12-31,-1
2025-02-04,6752,2025-03-31,3,8300000000000,-0.023,,,,,380000000000,0.053,,,,310000000000,,132.80,,,,,,,,,,,,,,,,,,,,,,true,true,12,2024-04-01,2025-03-31,0
2025-02-04,6752,2024-03-31,3,,,,,,,,,,,,,,,,,,,,9411195000000,,,,,,,,,,,,,,,,true,false,12,2023-04-01,2024-03-31,-1
2025-02-04,6752,2024-03-31,3,,,,,,,,,,,,,,,,,,,,,,,,,,,,,35.00,,,,2454261297,119915128,,false,false,12,2023-04-01,2024-03-31,-1
2025-02-04,6752,2025-03-31,3,,,,,,,,,,,,,,,,,,,,,,,,,,,,,20.00,,,,,,,false,false,12,2024-04-01,2025-03-31,0
2025-02-04,6752,2025-03-31,3,,,,,,,,,,,,,,,,,,,,,,,,,,,,,40.00,,,,,,,false,true,12,2024-04-01,2025-03-31,0
2025-02-04,6752,2025-03-31,3,,,,,,,,,,,,,,,,,,,,,,,,,,,,,,,,,2454446497,119854164,2334408368,false,false,9,2024-04-01,2024-12-31,0
2025-02-04,6752,2024-03-31,3,,,,,,,,,,,,,,,,,,,,,,,,,,,,,,,,,,,2334143200,false,false,9,2023-04-01,2023-12-31,-1
2025-05-09,6752,2025-03-31,,8458185000000,-0.005,,,,,426490000000,0.182,,,,366205000000,,156.87,156.83,,,0.050,,9343191000000,,,,,796083000000,-859926000000,-190347000000,,,0.306,,,,,,true,false,12,2024-04-01,2025-03-31,0
2025-05-09,6752,2024-03-31,,8496420000000,0.014,,,,,360962000000,0.251,,,,443994000000,,190.21,190.15,,,0.042,,9411195000000,,,,,866898000000,-578843000000,-83494000000,,,0.184,,,,,,true,false,12,2023-04-01,2024-03-31,-1
2025-05-09,6752,2026-03-31,,7800000000000,-0.078,,,,,370000000000,-0.132,,,,310000000000,,132.79,,,,,,,,,,,,,,,,,,,,,,true,true,12,2025-04-01,2026-03-31,1
2025-05-09,6752,2025-03-31,,,,,,292156000000,0.110,157140000000,0.373,128464000000,0.164,39732000000,,-0.247,17.02,17.02,,,,,4417684000000,1500231000000,0.339,642.38,1499684000000,,,,,48.00,,,,2454446497,119857118,2334437587,false,false,12,2024-04-01,2025-03-31,0
2025-05-09,6752,2024-03-31,,,,,,263178000000,0.063,114431000000,-0.029,110368000000,0.006,52752000000,,-0.208,22.60,22.59,,,,,4361539000000,1561071000000,0.358,668.47,1560435000000,,,,,35.00,,,,2454261297,119915128,2334173939,false,false,12,2023-04-01,2024-03-31,-1
2025-07-30,6752,2026-03-31,1,1896691000000,-0.106,,,,,86903000000,0.038,,,,71463000000,,30.61,30.60,,,,,9265885000000,,,,,,,,,,,,,,,,true,false,3,2025-04-01,2025-06-30,0
2025-07-30,6752,2025-03-31,1,2121689000000,0.045,,,,,83761000000,-0.073,,,,70633000000,,30.26,30.25,,,,,,,,,,,,,,,,,,,,,true,false,3,2024-04-01,2024-06-30,-1
2025-07-30,6752,2026-03-31,1,7800000000000,-0.078,,,,,370000000000,-0.132,,,,310000000000,,132.79,,,,,,,,,,,,,,,,,,,,,,true,true,12,2025-04-01,2026-03-31,0
2025-07-30,6752,2025-03-31,1,,,,,,,,,,,,,,,,,,,,9343191000000,,,,,,,,,,,,,,,,true,false,12,2024-04-01,2025-03-31,-1
2025-07-30,6752,2025-03-31,1,,,,,,,,,,,,,,,,,,,,,,,,,,,,,48.00,,,,2454446497,119857118,,false,false,12,2024-04-01,2025-03-31,-1
2025-07-30,6752,2026-03-31,1,,,,,,,,,,,,,,,,,,,,,,,,,,,,,,,,,2454446497,119843668,2334581517,false,false,3,2025-04-01,2025-06-30,0
2025-07-30,6752,2025-03-31,1,,,,,,,,,,,,,,,,,,,,,,,,,,,,,,,,,,,2334330437,false,false,3,2024-04-01,2024-06-30,-1
