filing_date,code,fiscal_year_end,quarterly_period,net_sales,net_sales_change,revenue,revenue_change,operating_revenue,operating_revenue_change,operating_profit,operating_profit_change,ordinary_profit,ordinary_profit_change,net_income,net_income_of_parent,net_income_change,eps,diluted_eps,roe,roa,operating_profit_to_net_sales,operating_profit_to_revenue,total_assets,net_assets,equity_ratio,bps,owner_equity,operating_cash_flow,investing_cash_flow,financing_cash_flow,cash,dividend_per_share,payout_ratio,commemorative_dividend,extra_dividend,number_of_shares,number_of_treqsury_shares,avg_number_of_shares,is_consolidated,is_forecast,duration,period_start,period_end,period_pos
2015-07-30,67540,2016-03-31,1,,,,,,,1530000000,0.076,,,,1143000000,,8.32,8.32,,,,,132064000000,,,,,,,,,,,,,,,,true,false,3,2015-04-01,2015-06-30,0
2015-07-30,67540,2015-03-31,1,,,,,,,1422000000,-0.423,,,,808000000,,5.64,5.64,,,,,,,,,,,,,,,,,,,,,true,false,3,2014-04-01,2014-06-30,-1
2015-07-30,67540,2016-03-31,1,,,,,,,11000000000,0.011,,,,8000000000,,58.19,,,,,,,,,,,,,,,,,,,,,,true,true,12,2015-04-01,2016-03-31,0
2015-07-30,67540,2015-03-31,1,,,,,,,,,,,,,,,,,,,,126893000000,,,,,,,,,,,,,,,,true,false,12,2014-04-01,2015-03-31,-1
2015-07-30,67540,2015-03-31,1,,,,,,,,,,,,,,,,,,,,,,,,,,,,,24.00,,,,138115294,643983,,false,false,12,2014-04-01,2015-03-31,-1
2015-07-30,67540,2016-03-31,1,,,,,,,,,,,,,,,,,,,,,,,,,,,,,24.00,,,,,,,false,true,12,2015-04-01,2016-03-31,0
2015-07-30,67540,2016-03-31,1,,,,,,,,,,,,,,,,,,,,,,,,,,,,,,,,,138115294,644175,137471263,false,false,3,2015-04-01,2015-06-30,0
2015-07-30,67540,2015-03-31,1,,,,,,,,,,,,,,,,,,,,,,,,,,,,,,,,,,,143312887,false,false,3,2014-04-01,2014-06-30,-1
2015-10-29,67540,2016-03-31,2,,,,,,,3237000000,-0.300,,,,2357000000,,17.16,17.16,,,,,129375000000,,,,,,,,,,,,,,,,true,false,6,2015-04-01,2015-09-30,0
2015-10-29,67540,2015-03-31,2,,,,,,,4625000000,-0.269,,,,3478000000,,24.27,24.27,,,,,,,,,,,,,,,,,,,,,true,false,6,2014-04-01,2014-09-30,-1
2015-10-29,67540,2016-03-31,2,,,,,,,11000000000,0.011,,,,8000000000,,58.22,,,,,,,,,,,,,,,,,,,,,,true,true,12,2015-04-01,2016-03-31,0
2015-10-29,67540,2015-03-31,2,,,,,,,,,,,,,,,,,,,,126893000000,,,,,,,,,,,,,,,,true,false,12,2014-04-01,2015-03-31,-1
2015-10-29,67540,2015-03-31,2,,,,,,,,,,,,,,,,,,,,,,,,,,,,,24.00,,,,138115294,643983,,false,false,12,2014-04-01,2015-03-31,-1
2015-10-29,67540,2016-03-31,2,,,,,,,,,,,,,,,,,,,,,,,,,,,,,12.00,,,,,,,false,false,12,2015-04-01,2016-03-31,0
2015-10-29,67540,2016-03-31,2,,,,,,,,,,,,,,,,,,,,,,,,,,,,,24.00,,,,,,,false,true,12,2015-04-01,2016-03-31,0
2015-10-29,67540,2016-03-31,2,,,,,,,,,,,,,,,,,,,,,,,,,,,,,,,,,138115294,838218,137411101,false,false,6,2015-04-01,2015-09-30,0
2015-10-29,67540,2015-03-31,2,,,,,,,,,,,,,,,,,,,,,,,,,,,,,,,,,,,143312770,false,false,6,2014-04-01,2014-09-30,-1
2016-01-28,67540,2016-03-31,3,,,,,,,5176000000,-0.289,,,,3911000000,,28.48,28.48,,,,,127584000000,,,,,,,,,,,,,,,,true,false,9,2015-04-01,2015-12-31,0
2016-01-28,67540,2015-03-31,3,,,,,,,7280000000,-0.181,,,,5553000000,,39.09,39.08,,,,,,,,,,,,,,,,,,,,,true,false,9,2014-04-01,2014-12-31,-1
2016-01-28,67540,2016-03-31,3,,,,,,,7200000000,-0.338,,,,5000000000,,36.40,,,,,,,,,,,,,,,,,,,,,,true,true,12,2015-04-01,2016-03-31,0
2016-01-28,67540,2015-03-31,3,,,,,,,,,,,,,,,,,,,,126893000000,,,,,,,,,,,,,,,,true,false,12,2014-04-01,2015-03-31,-1
2016-01-28,67540,2015-03-31,3,,,,,,,,,,,,,,,,,,,,,,,,,,,,,24.00,,,,138115294,643983,,false,false,12,2014-04-01,2015-03-31,-1
2016-01-28,67540,2016-03-31,3,,,,,,,,,,,,,,,,,,,,,,,,,,,,,12.00,,,,,,,false,false,12,2015-04-01,2016-03-31,0
2016-01-28,67540,2016-03-31,3,,,,,,,,,,,,,,,,,,,,,,,,,,,,,24.00,,,,,,,false,true,12,2015-04-01,2016-03-31,0
2016-01-28,67540,2016-03-31,3,,,,,,,,,,,,,,,,,,,,,,,,,,,,,,,,,138115294,838310,137370878,false,false,9,2015-04-01,2015-12-31,0
2016-01-28,67540,2015-03-31,3,,,,,,,,,,,,,,,,,,,,,,,,,,,,,,,,,,,142080806,false,false,9,2014-04-01,2014-12-31,-1
2016-03-30,67540,2016-03-31,,,,,,,,6000000000,-0.167,,,,3500000000,,25.48,,,,,,,,,,,,,,,,,,,,,,true,true,12,2015-04-01,2016-03-31,0
2016-03-30,67540,2015-03-31,,,,,,,,10882000000,,,,,7857000000,,55.72,,,,,,,,,,,,,,,,,,,,,,true,false,12,2014-04-01,2015-03-31,-1
2016-04-27,67540,2016-03-31,,46939000000,-0.059,,,,,2841000000,-0.366,3394000000,-0.429,2807000000,,-0.352,20.44,20.44,,,,,122297000000,77161000000,0.629,560.60,76957000000,,,,,24.00,,,,138115294,838609,137349163,false,false,12,2015-04-01,2016-03-31,0
2016-04-27,67540,2015-03-31,,49876000000,-0.078,,,,,4479000000,-0.386,5946000000,-0.254,4333000000,,-0.198,30.73,30.73,,,,,120350000000,77673000000,0.644,563.46,77459000000,,,,,24.00,,,,138115294,643983,141017097,false,false,12,2014-04-01,2015-03-31,-1
2016-04-27,67540,2016-03-31,,,,,,,,5897000000,-0.458,,,,3760000000,,27.38,27.38,,,,,124624000000,,,,,10195000000,-9042000000,2450000000,,,0.877,,,,,,true,false,12,2015-04-01,2016-03-31,0
2016-04-27,67540,2015-03-31,,,,,,,,10882000000,-0.229,,,,7857000000,,55.72,55.72,,,,,126893000000,,,,,7582000000,-6049000000,-11234000000,,,0.431,,,,,,true,false,12,2014-04-01,2015-03-31,-1
2016-04-27,67540,2017-03-31,,,,,,,,7200000000,0.221,,,,5300000000,,38.61,,,,,,,,,,,,,,,,0.389,,,,,,true,true,12,2016-04-01,2017-03-31,1
2016-04-27,67540,2017-03-31,,,,,,,,,,,,,,,,,,,,,,,,,,,,,,15.00,,,,,,,false,true,12,2016-04-01,2017-03-31,1
2016-07-28,67540,2017-03-31,1,,,,,,,727000000,-0.524,,,,6000000,,0.04,0.04,,,,,120819000000,,,,,,,,,,,,,,,,true,false,3,2016-04-01,2016-06-30,0
2016-07-28,67540,2016-03-31,1,,,,,,,1530000000,0.076,,,,1143000000,,8.32,8.32,,,,,,,,,,,,,,,,,,,,,true,false,3,2015-04-01,2015-06-30,-1
2016-07-28,67540,2017-03-31,1,,,,,,,7200000000,0.221,,,,5300000000,,38.61,,,,,,,,,,,,,,,,,,,,,,true,true,12,2016-04-01,2017-03-31,0
2016-07-28,67540,2016-03-31,1,,,,,,,,,,,,,,,,,,,,124624000000,,,,,,,,,,,,,,,,true,false,12,2015-04-01,2016-03-31,-1
2016-07-28,67540,2016-03-31,1,,,,,,,,,,,,,,,,,,,,,,,,,,,,,24.00,,,,138115294,838609,,false,false,12,2015-04-01,2016-03-31,-1
2016-07-28,67540,2017-03-31,1,,,,,,,,,,,,,,,,,,,,,,,,,,,,,15.00,,,,,,,false,true,12,2016-04-01,2017-03-31,0
2016-07-28,67540,2017-03-31,1,,,,,,,,,,,,,,,,,,,,,,,,,,,,,,,,,138115294,806306,137284761,false,false,3,2016-04-01,2016-06-30,0
2016-07-28,67540,2016-03-31,1,,,,,,,,,,,,,,,,,,,,,,,,,,,,,,,,,,,137471263,false,false,3,2015-04-01,2015-06-30,-1
2016-10-27,67540,2017-03-31,2,,,,,,,869000000,-0.731,,,,-97000000,,-0.71,-0.71,,,,,120097000000,,,,,,,,,,,,,,,,true,false,6,2016-04-01,2016-09-30,0
2016-10-27,67540,2016-03-31,2,,,,,,,3237000000,-0.300,,,,2357000000,,17.16,17.16,,,,,,,,,,,,,,,,,,,,,true,false,6,2015-04-01,2015-09-30,-1
2016-10-27,67540,2017-03-31,2,,,,,,,2200000000,-0.627,,,,1000000000,,7.28,,,,,,,,,,,,,,,,,,,,,,true,true,12,2016-04-01,2017-03-31,0
2016-10-27,67540,2016-03-31,2,,,,,,,,,,,,,,,,,,,,124624000000,,,,,,,,,,,,,,,,true,false,12,2015-04-01,2016-03-31,-1
2016-10-27,67540,2016-03-31,2,,,,,,,,,,,,,,,,,,,,,,,,,,,,,24.00,,,,138115294,838609,,false,false,12,2015-04-01,2016-03-31,-1
2016-10-27,67540,2017-03-31,2,,,,,,,,,,,,,,,,,,,,,,,,,,,,,7.50,,,,,,,false,false,12,2016-04-01,2017-03-31,0
2016-10-27,67540,2017-03-31,2,,,,,,,,,,,,,,,,,,,,,,,,,,,,,15.00,,,,,,,false,true,12,2016-04-01,2017-03-31,0
2016-10-27,67540,2017-03-31,2,,,,,,,,,,,,,,,,,,,,,,,,,,,,,,,,,138115294,806468,137295098,false,false,6,2016-04-01,2016-09-30,0
2016-10-27,67540,2016-03-31,2,,,,,,,,,,,,,,,,,,,,,,,,,,,,,,,,,,,137411101,false,false,6,2015-04-01,2015-09-30,-1
2016-10-27,67540,2017-03-31,,,,,,,,2200000000,-0.694,,,,1000000000,,7.28,,,,,,,,,,,,,,,,,,,,,,true,true,12,2016-04-01,2017-03-31,0
2016-10-27,67540,2016-03-31,,,,,,,,5897000000,,,,,3760000000,,27.38,,,,,,,,,,,,,,,,,,,,,,true,false,12,2015-04-01,2016-03-31,-1
2017-01-30,67540,2017-03-31,3,,,,,,,1669000000,-0.678,,,,698000000,,5.09,5.09,,,,,124098000000,,,,,,,,,,,,,,,,true,false,9,2016-04-01,2016-12-31,0
2017-01-30,67540,2016-03-31,3,,,,,,,5176000000,-0.289,,,,3911000000,,28.48,28.48,,,,,,,,,,,,,,,,,,,,,true,false,9,2015-04-01,2015-12-31,-1
2017-01-30,67540,2017-03-31,3,,,,,,,2200000000,-0.627,,,,1000000000,,7.28,,,,,,,,,,,,,,,,,,,,,,true,true,12,2016-04-01,2017-03-31,0
2017-01-30,67540,2016-03-31,3,,,,,,,,,,,,,,,,,,,,124624000000,,,,,,,,,,,,,,,,true,false,12,2015-04-01,2016-03-31,-1
2017-01-30,67540,2016-03-31,3,,,,,,,,,,,,,,,,,,,,,,,,,,,,,24.00,,,,138115294,838609,,false,false,12,2015-04-01,2016-03-31,-1
2017-01-30,67540,2017-03-31,3,,,,,,,,,,,,,,,,,,,,,,,,,,,,,7.50,,,,,,,false,false,12,2016-04-01,2017-03-31,0
2017-01-30,67540,2017-03-31,3,,,,,,,,,,,,,,,,,,,,,,,,,,,,,15.00,,,,,,,false,true,12,2016-04-01,2017-03-31,0
2017-01-30,67540,2017-03-31,3,,,,,,,,,,,,,,,,,,,,,,,,,,,,,,,,,138115294,806488,137299214,false,false,9,2016-04-01,2016-12-31,0
2017-01-30,67540,2016-03-31,3,,,,,,,,,,,,,,,,,,,,,,,,,,,,,,,,,,,137370878,false,false,9,2015-04-01,2015-12-31,-1
2017-04-27,67540,2017-03-31,,40333000000,-0.141,,,,,1306000000,-0.540,1053000000,-0.690,965000000,,-0.656,7.03,7.03,,,,,121758000000,75431000000,0.618,548.30,75286000000,,,,,15.00,,,,138115294,806552,137301414,false,false,12,2016-04-01,2017-03-31,0
2017-04-27,67540,2016-03-31,,46939000000,-0.059,,,,,2841000000,-0.366,3394000000,-0.429,2807000000,,-0.352,20.44,20.44,,,,,122297000000,77161000000,0.629,560.60,76957000000,,,,,24.00,,,,138115294,838609,137349163,false,false,12,2015-04-01,2016-03-31,-1
2017-04-27,67540,2017-03-31,,,,,,,,4234000000,-0.282,,,,2698000000,,19.65,19.65,,,,,125054000000,,,,,9246000000,-3665000000,-2758000000,,,0.763,,,,,,true,false,12,2016-04-01,2017-03-31,0
2017-04-27,67540,2016-03-31,,,,,,,,5897000000,-0.458,,,,3760000000,,27.38,27.38,,,,,124624000000,,,,,10195000000,-9042000000,2450000000,,,0.877,,,,,,true,false,12,2015-04-01,2016-03-31,-1
2017-04-27,67540,2018-03-31,,,,,,,,4400000000,0.039,,,,3000000000,,21.85,,,,,,,,,,,,,,,,0.687,,,,,,true,true,12,2017-04-01,2018-03-31,1
2017-04-27,67540,2018-03-31,,,,,,,,,,,,,,,,,,,,,,,,,,,,,,15.00,,,,,,,false,true,12,2017-04-01,2018-03-31,1
2017-07-27,67540,2018-03-31,1,,,,,,,-162000000,,,,,-222000000,,-1.62,-1.62,,,,,125729000000,,,,,,,,,,,,,,,,true,false,3,2017-04-01,2017-06-30,0
2017-07-27,67540,2017-03-31,1,,,,,,,727000000,-0.524,,,,6000000,,0.04,0.04,,,,,,,,,,,,,,,,,,,,,true,false,3,2016-04-01,2016-06-30,-1
2017-07-27,67540,2018-03-31,1,,,,,,,4400000000,0.039,,,,3000000000,,21.85,,,,,,,,,,,,,,,,,,,,,,true,true,12,2017-04-01,2018-03-31,0
2017-07-27,67540,2017-03-31,1,,,,,,,,,,,,,,,,,,,,125054000000,,,,,,,,,,,,,,,,true,false,12,2016-04-01,2017-03-31,-1
2017-07-27,67540,2017-03-31,1,,,,,,,,,,,,,,,,,,,,,,,,,,,,,15.00,,,,138115294,806552,,false,false,12,2016-04-01,2017-03-31,-1
2017-07-27,67540,2018-03-31,1,,,,,,,,,,,,,,,,,,,,,,,,,,,,,15.00,,,,,,,false,true,12,2017-04-01,2018-03-31,0
2017-07-27,67540,2018-03-31,1,,,,,,,,,,,,,,,,,,,,,,,,,,,,,,,,,138115294,777195,137316081,false,false,3,2017-04-01,2017-06-30,0
2017-07-27,67540,2017-03-31,1,,,,,,,,,,,,,,,,,,,,,,,,,,,,,,,,,,,137284761,false,false,3,2016-04-01,2016-06-30,-1
2017-10-30,67540,2018-03-31,2,,,,,,,573000000,-0.341,,,,193000000,,1.41,1.41,,,,,121036000000,,,,,,,,,,,,,,,,true,false,6,2017-04-01,2017-09-30,0
2017-10-30,67540,2017-03-31,2,,,,,,,869000000,-0.731,,,,-97000000,,-0.71,-0.71,,,,,,,,,,,,,,,,,,,,,true,false,6,2016-04-01,2016-09-30,-1
2017-10-30,67540,2018-03-31,2,,,,,,,4400000000,0.039,,,,3000000000,,21.85,,,,,,,,,,,,,,,,,,,,,,true,true,12,2017-04-01,2018-03-31,0
2017-10-30,67540,2017-03-31,2,,,,,,,,,,,,,,,,,,,,125054000000,,,,,,,,,,,,,,,,true,false,12,2016-04-01,2017-03-31,-1
2017-10-30,67540,2017-03-31,2,,,,,,,,,,,,,,,,,,,,,,,,,,,,,15.00,,,,138115294,806552,,false,false,12,2016-04-01,2017-03-31,-1
2017-10-30,67540,2018-03-31,2,,,,,,,,,,,,,,,,,,,,,,,,,,,,,7.50,,,,,,,false,false,12,2017-04-01,2018-03-31,0
2017-10-30,67540,2018-03-31,2,,,,,,,,,,,,,,,,,,,,,,,,,,,,,15.00,,,,,,,false,true,12,2017-04-01,2018-03-31,0
2017-10-30,67540,2018-03-31,2,,,,,,,,,,,,,,,,,,,,,,,,,,,,,,,,,138116294,777297,137325919,false,false,6,2017-04-01,2017-09-30,0
2017-10-30,67540,2017-03-31,2,,,,,,,,,,,,,,,,,,,,,,,,,,,,,,,,,,,137295098,false,false,6,2016-04-01,2016-09-30,-1
2018-01-30,67540,2018-03-31,3,,,,,,,2666000000,0.598,,,,1464000000,,10.67,10.67,,,,,120928000000,,,,,,,,,,,,,,,,true,false,9,2017-04-01,2017-12-31,0
2018-01-30,67540,2017-03-31,3,,,,,,,1669000000,-0.678,,,,698000000,,5.09,5.09,,,,,,,,,,,,,,,,,,,,,true,false,9,2016-04-01,2016-12-31,-1
2018-01-30,67540,2018-03-31,3,,,,,,,4400000000,0.039,,,,3000000000,,21.85,,,,,,,,,,,,,,,,,,,,,,true,true,12,2017-04-01,2018-03-31,0
2018-01-30,67540,2017-03-31,3,,,,,,,,,,,,,,,,,,,,125054000000,,,,,,,,,,,,,,,,true,false,12,2016-04-01,2017-03-31,-1
2018-01-30,67540,2017-03-31,3,,,,,,,,,,,,,,,,,,,,,,,,,,,,,15.00,,,,138115294,806552,,false,false,12,2016-04-01,2017-03-31,-1
2018-01-30,67540,2018-03-31,3,,,,,,,,,,,,,,,,,,,,,,,,,,,,,7.50,,,,,,,false,false,12,2017-04-01,2018-03-31,0
2018-01-30,67540,2018-03-31,3,,,,,,,,,,,,,,,,,,,,,,,,,,,,,15.00,,,,,,,false,true,12,2017-04-01,2018-03-31,0
2018-01-30,67540,2018-03-31,3,,,,,,,,,,,,,,,,,,,,,,,,,,,,,,,,,138118294,777633,137330189,false,false,9,2017-04-01,2017-12-31,0
2018-01-30,67540,2017-03-31,3,,,,,,,,,,,,,,,,,,,,,,,,,,,,,,,,,,,137299214,false,false,9,2016-04-01,2016-12-31,-1
2018-04-26,67540,2018-03-31,,38710000000,-0.040,,,,,3099000000,1.373,3773000000,2.583,2985000000,,2.092,21.74,21.74,,,,,117090000000,76474000000,0.652,556.09,76382000000,,,,,15.00,,,,138134794,777659,137335071,false,false,12,2017-04-01,2018-03-31,0
2018-04-26,67540,2017-03-31,,40333000000,-0.141,,,,,1306000000,-0.540,1053000000,-0.690,965000000,,-0.656,7.03,7.03,,,,,121758000000,75431000000,0.618,548.30,75286000000,,,,,15.00,,,,138115294,806552,137301414,false,false,12,2016-04-01,2017-03-31,-1
2018-04-26,67540,2018-03-31,,,,,,,,4912000000,0.160,,,,2880000000,,20.97,20.97,,,,,121190000000,,,,,7946000000,-3932000000,-8201000000,,,0.715,,,,,,true,false,12,2017-04-01,2018-03-31,0
2018-04-26,67540,2017-03-31,,,,,,,,4234000000,-0.282,,,,2698000000,,19.65,19.65,,,,,125054000000,,,,,9246000000,-3665000000,-2758000000,,,0.763,,,,,,true,false,12,2016-04-01,2017-03-31,-1
2018-04-26,67540,2019-03-31,,,,,,,,6600000000,0.344,,,,5000000000,,36.40,,,,,,,,,,,,,,,,0.467,,,,,,true,true,12,2018-04-01,2019-03-31,1
2018-04-26,67540,2019-03-31,,,,,,,,,,,,,,,,,,,,,,,,,,,,,,17.00,,,,,,,false,true,12,2018-04-01,2019-03-31,1
2018-07-30,67540,2019-03-31,1,,,,,,,1630000000,,,,,1690000000,,12.31,12.30,,,,,122871000000,,,,,,,,,,,,,,,,true,false,3,2018-04-01,2018-06-30,0
2018-07-30,67540,2018-03-31,1,,,,,,,-162000000,,,,,-222000000,,-1.62,-1.62,,,,,,,,,,,,,,,,,,,,,true,false,3,2017-04-01,2017-06-30,-1
2018-07-30,67540,2019-03-31,1,,,,,,,6600000000,0.344,,,,5000000000,,36.40,,,,,,,,,,,,,,,,,,,,,,true,true,12,2018-04-01,2019-03-31,0
2018-07-30,67540,2018-03-31,1,,,,,,,,,,,,,,,,,,,,121190000000,,,,,,,,,,,,,,,,true,false,12,2017-04-01,2018-03-31,-1
2018-07-30,67540,2018-03-31,1,,,,,,,,,,,,,,,,,,,,,,,,,,,,,15.00,,,,138134794,777659,,false,false,12,2017-04-01,2018-03-31,-1
2018-07-30,67540,2019-03-31,1,,,,,,,,,,,,,,,,,,,,,,,,,,,,,17.00,,,,,,,false,true,12,2018-04-01,2019-03-31,0
2018-07-30,67540,2019-03-31,1,,,,,,,,,,,,,,,,,,,,,,,,,,,,,,,,,138137794,751652,137364340,false,false,3,2018-04-01,2018-06-30,0
2018-07-30,67540,2018-03-31,1,,,,,,,,,,,,,,,,,,,,,,,,,,,,,,,,,,,137316081,false,false,3,2017-04-01,2017-06-30,-1
2018-10-31,67540,2019-03-31,2,,,,,,,3482000000,5.073,,,,3125000000,,22.75,22.74,,,,,126289000000,,,,,,,,,,,,,,,,true,false,6,2018-04-01,2018-09-30,0
2018-10-31,67540,2018-03-31,2,,,,,,,573000000,-0.341,,,,193000000,,1.41,1.41,,,,,,,,,,,,,,,,,,,,,true,false,6,2017-04-01,2017-09-30,-1
2018-10-31,67540,2019-03-31,2,,,,,,,7000000000,0.425,,,,5500000000,,40.03,,,,,,,,,,,,,,,,,,,,,,true,true,12,2018-04-01,2019-03-31,0
2018-10-31,67540,2018-03-31,2,,,,,,,,,,,,,,,,,,,,121190000000,,,,,,,,,,,,,,,,true,false,12,2017-04-01,2018-03-31,-1
2018-10-31,67540,2018-03-31,2,,,,,,,,,,,,,,,,,,,,,,,,,,,,,15.00,,,,138134794,777659,,false,false,12,2017-04-01,2018-03-31,-1
2018-10-31,67540,2019-03-31,2,,,,,,,,,,,,,,,,,,,,,,,,,,,,,8.50,,,,,,,false,false,12,2018-04-01,2019-03-31,0
2018-10-31,67540,2019-03-31,2,,,,,,,,,,,,,,,,,,,,,,,,,,,,,17.00,,,,,,,false,true,12,2018-04-01,2019-03-31,0
2018-10-31,67540,2019-03-31,2,,,,,,,,,,,,,,,,,,,,,,,,,,,,,,,,,138160794,751770,137381062,false,false,6,2018-04-01,2018-09-30,0
2018-10-31,67540,2018-03-31,2,,,,,,,,,,,,,,,,,,,,,,,,,,,,,,,,,,,137325919,false,false,6,2017-04-01,2017-09-30,-1
2019-01-30,67540,2019-03-31,3,,,,,,,7716000000,1.894,,,,6257000000,,45.55,45.53,,,,,126559000000,,,,,,,,,,,,,,,,true,false,9,2018-04-01,2018-12-31,0
2019-01-30,67540,2018-03-31,3,,,,,,,2666000000,0.598,,,,1464000000,,10.67,10.67,,,,,,,,,,,,,,,,,,,,,true,false,9,2017-04-01,2017-12-31,-1
2019-01-30,67540,2019-03-31,3,,,,,,,11000000000,1.239,,,,8500000000,,61.87,,,,,,,,,,,,,,,,,,,,,,true,true,12,2018-04-01,2019-03-31,0
2019-01-30,67540,2018-03-31,3,,,,,,,,,,,,,,,,,,,,121190000000,,,,,,,,,,,,,,,,true,false,12,2017-04-01,2018-03-31,-1
2019-01-30,67540,2018-03-31,3,,,,,,,,,,,,,,,,,,,,,,,,,,,,,15.00,,,,138134794,777659,,false,false,12,2017-04-01,2018-03-31,-1
2019-01-30,67540,2019-03-31,3,,,,,,,,,,,,,,,,,,,,,,,,,,,,,8.50,,,,,,,false,false,12,2018-04-01,2019-03-31,0
2019-01-30,67540,2019-03-31,3,,,,,,,,,,,,,,,,,,,,,,,,,,,,,22.00,,,,,,,false,true,12,2018-04-01,2019-03-31,0
2019-01-30,67540,2019-03-31,3,,,,,,,,,,,,,,,,,,,,,,,,,,,,,,,,,138174294,840220,137375011,false,false,9,2018-04-01,2018-12-31,0
2019-01-30,67540,2018-03-31,3,,,,,,,,,,,,,,,,,,,,,,,,,,,,,,,,,,,137330189,false,false,9,2017-04-01,2017-12-31,-1
2019-04-25,67540,2019-03-31,,46866000000,0.211,,,,,7379000000,1.381,8151000000,1.160,6970000000,,1.335,50.74,50.71,,,,,126327000000,80516000000,0.637,585.68,80452000000,,,,,22.00,,,,138206794,840435,137368418,false,false,12,2018-04-01,2019-03-31,0
2019-04-25,67540,2018-03-31,,38710000000,-0.040,,,,,3099000000,1.373,3773000000,2.583,2985000000,,2.092,21.74,21.74,,,,,117090000000,76474000000,0.652,556.09,76382000000,,,,,15.00,,,,138134794,777659,137335071,false,false,12,2017-04-01,2018-03-31,-1
2019-04-25,67540,2019-03-31,,,,,,,,11246000000,1.289,,,,8956000000,,65.20,65.16,,,,,130467000000,,,,,12247000000,-616000000,-2052000000,,,0.337,,,,,,true,false,12,2018-04-01,2019-03-31,0
2019-04-25,67540,2018-03-31,,,,,,,,4912000000,0.160,,,,2880000000,,20.97,20.97,,,,,121190000000,,,,,7946000000,-3932000000,-8201000000,,,0.715,,,,,,true,false,12,2017-04-01,2018-03-31,-1
2019-04-25,67540,2020-03-31,,,,,,,,10000000000,-0.111,,,,7500000000,,54.60,,,,,,,,,,,,,,,,0.403,,,,,,true,true,12,2019-04-01,2020-03-31,1
2019-04-25,67540,2020-03-31,,,,,,,,,,,,,,,,,,,,,,,,,,,,,,22.00,,,,,,,false,true,12,2019-04-01,2020-03-31,1
2019-07-30,67540,2020-03-31,1,,,,,,,2695000000,0.653,,,,1776000000,,12.93,12.92,,,,,130144000000,,,,,,,,,,,,,,,,true,false,3,2019-04-01,2019-06-30,0
2019-07-30,67540,2019-03-31,1,,,,,,,1630000000,,,,,1690000000,,12.31,12.30,,,,,,,,,,,,,,,,,,,,,true,false,3,2018-04-01,2018-06-30,-1
2019-07-30,67540,2020-03-31,1,,,,,,,10000000000,-0.111,,,,7500000000,,54.60,,,,,,,,,,,,,,,,,,,,,,true,true,12,2019-04-01,2020-03-31,0
2019-07-30,67540,2019-03-31,1,,,,,,,,,,,,,,,,,,,,130467000000,,,,,,,,,,,,,,,,true,false,12,2018-04-01,2019-03-31,-1
2019-07-30,67540,2019-03-31,1,,,,,,,,,,,,,,,,,,,,,,,,,,,,,22.00,,,,138206794,840435,,false,false,12,2018-04-01,2019-03-31,-1
2019-07-30,67540,2020-03-31,1,,,,,,,,,,,,,,,,,,,,,,,,,,,,,22.00,,,,,,,false,true,12,2019-04-01,2020-03-31,0
2019-07-30,67540,2020-03-31,1,,,,,,,,,,,,,,,,,,,,,,,,,,,,,,,,,138208294,840517,137367081,false,false,3,2019-04-01,2019-06-30,0
2019-07-30,67540,2019-03-31,1,,,,,,,,,,,,,,,,,,,,,,,,,,,,,,,,,,,137364340,false,false,3,2018-04-01,2018-06-30,-1
2019-10-30,67540,2020-03-31,2,,,,,,,6632000000,0.905,,,,4656000000,,33.89,33.88,,,,,129926000000,,,,,,,,,,,,,,,,true,false,6,2019-04-01,2019-09-30,0
2019-10-30,67540,2019-03-31,2,,,,,,,3482000000,5.073,,,,3125000000,,22.75,22.74,,,,,,,,,,,,,,,,,,,,,true,false,6,2018-04-01,2018-09-30,-1
2019-10-30,67540,2020-03-31,2,,,,,,,11500000000,0.023,,,,8500000000,,61.87,,,,,,,,,,,,,,,,,,,,,,true,true,12,2019-04-01,2020-03-31,0
2019-10-30,67540,2019-03-31,2,,,,,,,,,,,,,,,,,,,,130467000000,,,,,,,,,,,,,,,,true,false,12,2018-04-01,2019-03-31,-1
2019-10-30,67540,2019-03-31,2,,,,,,,,,,,,,,,,,,,,,,,,,,,,,22.00,,,,138206794,840435,,false,false,12,2018-04-01,2019-03-31,-1
2019-10-30,67540,2020-03-31,2,,,,,,,,,,,,,,,,,,,,,,,,,,,,,11.00,,,,,,,false,false,12,2019-04-01,2020-03-31,0
2019-10-30,67540,2020-03-31,2,,,,,,,,,,,,,,,,,,,,,,,,,,,,,22.00,,,,,,,false,true,12,2019-04-01,2020-03-31,0
2019-10-30,67540,2020-03-31,2,,,,,,,,,,,,,,,,,,,,,,,,,,,,,,,,,138234294,830118,137376098,false,false,6,2019-04-01,2019-09-30,0
2019-10-30,67540,2019-03-31,2,,,,,,,,,,,,,,,,,,,,,,,,,,,,,,,,,,,137381062,false,false,6,2018-04-01,2018-09-30,-1
2020-01-30,67540,2020-03-31,3,,,,,,,11314000000,0.466,,,,8306000000,,60.46,60.43,,,,,132453000000,,,,,,,,,,,,,,,,true,false,9,2019-04-01,2019-12-31,0
2020-01-30,67540,2019-03-31,3,,,,,,,7716000000,1.894,,,,6257000000,,45.55,45.53,,,,,,,,,,,,,,,,,,,,,true,false,9,2018-04-01,2018-12-31,-1
2020-01-30,67540,2020-03-31,3,,,,,,,15500000000,0.378,,,,11000000000,,80.07,,,,,,,,,,,,,,,,,,,,,,true,true,12,2019-04-01,2020-03-31,0
2020-01-30,67540,2019-03-31,3,,,,,,,,,,,,,,,,,,,,130467000000,,,,,,,,,,,,,,,,true,false,12,2018-04-01,2019-03-31,-1
2020-01-30,67540,2019-03-31,3,,,,,,,,,,,,,,,,,,,,,,,,,,,,,22.00,,,,138206794,840435,,false,false,12,2018-04-01,2019-03-31,-1
2020-01-30,67540,2020-03-31,3,,,,,,,,,,,,,,,,,,,,,,,,,,,,,11.00,,,,,,,false,false,12,2019-04-01,2020-03-31,0
2020-01-30,67540,2020-03-31,3,,,,,,,,,,,,,,,,,,,,,,,,,,,,,31.00,,,,,,,false,true,12,2019-04-01,2020-03-31,0
2020-01-30,67540,2020-03-31,3,,,,,,,,,,,,,,,,,,,,,,,,,,,,,,,,,138244794,830187,137386506,false,false,9,2019-04-01,2019-12-31,0
2020-01-30,67540,2019-03-31,3,,,,,,,,,,,,,,,,,,,,,,,,,,,,,,,,,,,137375011,false,false,9,2018-04-01,2018-12-31,-1
2020-04-27,67540,2020-03-31,,56963000000,0.215,,,,,10520000000,0.426,12784000000,0.568,10353000000,,0.485,75.36,75.32,,,,,133436000000,87547000000,0.656,636.69,87498000000,,,,,31.00,,,,138257294,830188,137394952,false,false,12,2019-04-01,2020-03-31,0
2020-04-27,67540,2019-03-31,,46866000000,0.211,,,,,7379000000,1.381,8151000000,1.160,6970000000,,1.335,50.74,50.71,,,,,126327000000,80516000000,0.637,585.68,80452000000,,,,,22.00,,,,138206794,840435,137368418,false,false,12,2018-04-01,2019-03-31,-1
2020-04-27,67540,2020-03-31,,,,,,,,17413000000,0.548,,,,13355000000,,97.20,97.16,,,,,138873000000,,,,,14721000000,-3686000000,-7592000000,,,0.319,,,,,,true,false,12,2019-04-01,2020-03-31,0
2020-04-27,67540,2019-03-31,,,,,,,,11246000000,1.289,,,,8956000000,,65.20,65.16,,,,,130467000000,,,,,12247000000,-616000000,-2052000000,,,0.337,,,,,,true,false,12,2018-04-01,2019-03-31,-1
2020-04-27,67540,2021-03-31,,,,,,,,17500000000,0.005,,,,13500000000,,98.23,,,,,,,,,,,,,,,,0.316,,,,,,true,true,12,2020-04-01,2021-03-31,1
2020-04-27,67540,2021-03-31,,,,,,,,,,,,,,,,,,,,,,,,,,,,,,31.00,,,,,,,false,true,12,2020-04-01,2021-03-31,1
2020-07-30,67540,2021-03-31,1,,,,,,,5121000000,0.900,,,,3515000000,,25.58,25.57,,,,,129681000000,,,,,,,,,,,,,,,,true,false,3,2020-04-01,2020-06-30,0
2020-07-30,67540,2020-03-31,1,,,,,,,2695000000,0.653,,,,1776000000,,12.93,12.92,,,,,,,,,,,,,,,,,,,,,true,false,3,2019-04-01,2019-06-30,-1
2020-07-30,67540,2021-03-31,1,,,,,,,17500000000,0.005,,,,13500000000,,98.23,,,,,,,,,,,,,,,,,,,,,,true,true,12,2020-04-01,2021-03-31,0
2020-07-30,67540,2020-03-31,1,,,,,,,,,,,,,,,,,,,,138873000000,,,,,,,,,,,,,,,,true,false,12,2019-04-01,2020-03-31,-1
2020-07-30,67540,2020-03-31,1,,,,,,,,,,,,,,,,,,,,,,,,,,,,,31.00,,,,138257294,830188,,false,false,12,2019-04-01,2020-03-31,-1
2020-07-30,67540,2021-03-31,1,,,,,,,,,,,,,,,,,,,,,,,,,,,,,31.00,,,,,,,false,true,12,2020-04-01,2021-03-31,0
2020-07-30,67540,2021-03-31,1,,,,,,,,,,,,,,,,,,,,,,,,,,,,,,,,,138270994,830311,137432824,false,false,3,2020-04-01,2020-06-30,0
2020-07-30,67540,2020-03-31,1,,,,,,,,,,,,,,,,,,,,,,,,,,,,,,,,,,,137367081,false,false,3,2019-04-01,2019-06-30,-1
2020-10-29,67540,2021-03-31,2,,,,,,,9846000000,0.485,,,,7061000000,,51.38,51.36,,,,,134069000000,,,,,,,,,,,,,,,,true,false,6,2020-04-01,2020-09-30,0
2020-10-29,67540,2020-03-31,2,,,,,,,6632000000,0.905,,,,4656000000,,33.89,33.88,,,,,,,,,,,,,,,,,,,,,true,false,6,2019-04-01,2019-09-30,-1
2020-10-29,67540,2021-03-31,2,,,,,,,17500000000,0.005,,,,13500000000,,98.23,,,,,,,,,,,,,,,,,,,,,,true,true,12,2020-04-01,2021-03-31,0
2020-10-29,67540,2020-03-31,2,,,,,,,,,,,,,,,,,,,,138873000000,,,,,,,,,,,,,,,,true,false,12,2019-04-01,2020-03-31,-1
2020-10-29,67540,2020-03-31,2,,,,,,,,,,,,,,,,,,,,,,,,,,,,,31.00,,,,138257294,830188,,false,false,12,2019-04-01,2020-03-31,-1
2020-10-29,67540,2021-03-31,2,,,,,,,,,,,,,,,,,,,,,,,,,,,,,15.50,,,,,,,false,false,12,2020-04-01,2021-03-31,0
2020-10-29,67540,2021-03-31,2,,,,,,,,,,,,,,,,,,,,,,,,,,,,,31.00,,,,,,,false,true,12,2020-04-01,2021-03-31,0
2020-10-29,67540,2021-03-31,2,,,,,,,,,,,,,,,,,,,,,,,,,,,,,,,,,138277494,830337,137438967,false,false,6,2020-04-01,2020-09-30,0
2020-10-29,67540,2020-03-31,2,,,,,,,,,,,,,,,,,,,,,,,,,,,,,,,,,,,137376098,false,false,6,2019-04-01,2019-09-30,-1
2021-01-28,67540,2021-03-31,3,,,,,,,14060000000,0.243,,,,10445000000,,76.00,75.96,,,,,132876000000,,,,,,,,,,,,,,,,true,false,9,2020-04-01,2020-12-31,0
2021-01-28,67540,2020-03-31,3,,,,,,,11314000000,0.466,,,,8306000000,,60.46,60.43,,,,,,,,,,,,,,,,,,,,,true,false,9,2019-04-01,2019-12-31,-1
2021-01-28,67540,2021-03-31,3,,,,,,,19000000000,0.091,,,,14500000000,,105.50,,,,,,,,,,,,,,,,,,,,,,true,true,12,2020-04-01,2021-03-31,0
2021-01-28,67540,2020-03-31,3,,,,,,,,,,,,,,,,,,,,138873000000,,,,,,,,,,,,,,,,true,false,12,2019-04-01,2020-03-31,-1
2021-01-28,67540,2020-03-31,3,,,,,,,,,,,,,,,,,,,,,,,,,,,,,31.00,,,,138257294,830188,,false,false,12,2019-04-01,2020-03-31,-1
2021-01-28,67540,2021-03-31,3,,,,,,,,,,,,,,,,,,,,,,,,,,,,,15.50,,,,,,,false,false,12,2020-04-01,2021-03-31,0
2021-01-28,67540,2021-03-31,3,,,,,,,,,,,,,,,,,,,,,,,,,,,,,37.00,,,,,,,false,true,12,2020-04-01,2021-03-31,0
2021-01-28,67540,2021-03-31,3,,,,,,,,,,,,,,,,,,,,,,,,,,,,,,,,,138280494,830429,137441710,false,false,9,2020-04-01,2020-12-31,0
2021-01-28,67540,2020-03-31,3,,,,,,,,,,,,,,,,,,,,,,,,,,,,,,,,,,,137386506,false,false,9,2019-04-01,2019-12-31,-1
2021-04-27,67540,2021-03-31,,59622000000,0.047,,,,,12306000000,0.170,15098000000,0.181,13727000000,,0.326,99.88,99.83,,,,,128902000000,96420000000,0.748,701.21,96382000000,,,,,40.00,,,,138282494,830502,137443859,false,false,12,2020-04-01,2021-03-31,0
2021-04-27,67540,2020-03-31,,56963000000,0.215,,,,,10520000000,0.426,12784000000,0.568,10353000000,,0.485,75.36,75.32,,,,,133436000000,87547000000,0.656,636.69,87498000000,,,,,31.00,,,,138257294,830188,137394952,false,false,12,2019-04-01,2020-03-31,-1
2021-04-27,67540,2021-03-31,,,,,,,,19651000000,0.128,,,,16105000000,,117.18,117.12,,,,,144100000000,,,,,20481000000,-5029000000,-14458000000,,,0.341,,,,,,true,false,12,2020-04-01,2021-03-31,0
2021-04-27,67540,2020-03-31,,,,,,,,17413000000,0.548,,,,13355000000,,97.20,97.16,,,,,138873000000,,,,,14721000000,-3686000000,-7592000000,,,0.319,,,,,,true,false,12,2019-04-01,2020-03-31,-1
2021-04-27,67540,2022-03-31,,,,,,,,20500000000,0.043,,,,16200000000,,117.86,,,,,,,,,,,,,,,,0.339,,,,,,true,true,12,2021-04-01,2022-03-31,1
2021-04-27,67540,2022-03-31,,,,,,,,,,,,,,,,,,,,,,,,,,,,,,40.00,,,,,,,false,true,12,2021-04-01,2022-03-31,1
2021-07-29,67540,2022-03-31,1,,,,,,,3083000000,-0.398,,,,2083000000,,15.16,15.15,,,,,141699000000,,,,,,,,,,,,,,,,true,false,3,2021-04-01,2021-06-30,0
2021-07-29,67540,2021-03-31,1,,,,,,,5121000000,0.900,,,,3515000000,,25.58,25.57,,,,,,,,,,,,,,,,,,,,,true,false,3,2020-04-01,2020-06-30,-1
2021-07-29,67540,2022-03-31,1,,,,,,,20500000000,0.043,,,,16200000000,,117.85,,,,,,,,,,,,,,,,,,,,,,true,true,12,2021-04-01,2022-03-31,0
2021-07-29,67540,2021-03-31,1,,,,,,,,,,,,,,,,,,,,144100000000,,,,,,,,,,,,,,,,true,false,12,2020-04-01,2021-03-31,-1
2021-07-29,67540,2021-03-31,1,,,,,,,,,,,,,,,,,,,,,,,,,,,,,40.00,,,,138282494,830502,,false,false,12,2020-04-01,2021-03-31,-1
2021-07-29,67540,2022-03-31,1,,,,,,,,,,,,,,,,,,,,,,,,,,,,,40.00,,,,,,,false,true,12,2021-04-01,2022-03-31,0
2021-07-29,67540,2022-03-31,1,,,,,,,,,,,,,,,,,,,,,,,,,,,,,,,,,138299494,830512,137460735,false,false,3,2021-04-01,2021-06-30,0
2021-07-29,67540,2021-03-31,1,,,,,,,,,,,,,,,,,,,,,,,,,,,,,,,,,,,137432824,false,false,3,2020-04-01,2020-06-30,-1
2021-10-28,67540,2022-03-31,2,,,,,,,7483000000,-0.240,,,,5464000000,,39.83,39.82,,,,,142604000000,,,,,,,,,,,,,,,,true,false,6,2021-04-01,2021-09-30,0
2021-10-28,67540,2021-03-31,2,,,,,,,9846000000,0.485,,,,7061000000,,51.38,51.36,,,,,,,,,,,,,,,,,,,,,true,false,6,2020-04-01,2020-09-30,-1
2021-10-28,67540,2022-03-31,2,,,,,,,20500000000,0.043,,,,16200000000,,118.09,,,,,,,,,,,,,,,,,,,,,,true,true,12,2021-04-01,2022-03-31,0
2021-10-28,67540,2021-03-31,2,,,,,,,,,,,,,,,,,,,,144100000000,,,,,,,,,,,,,,,,true,false,12,2020-04-01,2021-03-31,-1
2021-10-28,67540,2021-03-31,2,,,,,,,,,,,,,,,,,,,,,,,,,,,,,40.00,,,,138282494,830502,,false,false,12,2020-04-01,2021-03-31,-1
2021-10-28,67540,2022-03-31,2,,,,,,,,,,,,,,,,,,,,,,,,,,,,,20.00,,,,,,,false,false,12,2021-04-01,2022-03-31,0
2021-10-28,67540,2022-03-31,2,,,,,,,,,,,,,,,,,,,,,,,,,,,,,40.00,,,,,,,false,true,12,2021-04-01,2022-03-31,0
2021-10-28,67540,2022-03-31,2,,,,,,,,,,,,,,,,,,,,,,,,,,,,,,,,,138301494,2780927,137185923,false,false,6,2021-04-01,2021-09-30,0
2021-10-28,67540,2021-03-31,2,,,,,,,,,,,,,,,,,,,,,,,,,,,,,,,,,,,137438967,false,false,6,2020-04-01,2020-09-30,-1
2022-01-27,6754,2022-03-31,3,,,,,,,10943000000,-0.222,,,,8168000000,,59.83,59.81,,,,,142123000000,,,,,,,,,,,,,,,,true,false,9,2021-04-01,2021-12-31,0
2022-01-27,6754,2021-03-31,3,,,,,,,14060000000,0.243,,,,10445000000,,76.00,75.96,,,,,,,,,,,,,,,,,,,,,true,false,9,2020-04-01,2020-12-31,-1
2022-01-27,6754,2022-03-31,3,,,,,,,17500000000,-0.109,,,,14000000000,,102.55,,,,,,,,,,,,,,,,,,,,,,true,true,12,2021-04-01,2022-03-31,0
2022-01-27,6754,2021-03-31,3,,,,,,,,,,,,,,,,,,,,144100000000,,,,,,,,,,,,,,,,true,false,12,2020-04-01,2021-03-31,-1
2022-01-27,6754,2021-03-31,3,,,,,,,,,,,,,,,,,,,,,,,,,,,,,40.00,,,,138282494,830502,,false,false,12,2020-04-01,2021-03-31,-1
2022-01-27,6754,2022-03-31,3,,,,,,,,,,,,,,,,,,,,,,,,,,,,,20.00,,,,,,,false,false,12,2021-04-01,2022-03-31,0
2022-01-27,6754,2022-03-31,3,,,,,,,,,,,,,,,,,,,,,,,,,,,,,40.00,,,,,,,false,true,12,2021-04-01,2022-03-31,0
2022-01-27,6754,2022-03-31,3,,,,,,,,,,,,,,,,,,,,,,,,,,,,,,,,,138303994,3349538,136520492,false,false,9,2021-04-01,2021-12-31,0
2022-01-27,6754,2021-03-31,3,,,,,,,,,,,,,,,,,,,,,,,,,,,,,,,,,,,137441710,false,false,9,2020-04-01,2020-12-31,-1
2022-04-28,6754,2022-03-31,,73580000000,0.234,,,,,11358000000,-0.077,15394000000,0.020,18604000000,,0.355,136.64,136.60,,,,,141413000000,104139000000,0.736,771.41,104109000000,,,,,40.00,,,,138308494,3349588,136159510,false,false,12,2021-04-01,2022-03-31,0
2022-04-28,6754,2021-03-31,,59622000000,0.047,,,,,12306000000,0.170,15098000000,0.181,13727000000,,0.326,99.88,99.83,,,,,128902000000,96420000000,0.748,701.21,96382000000,,,,,40.00,,,,138282494,830502,137443859,false,false,12,2020-04-01,2021-03-31,-1
2022-04-28,6754,2022-03-31,,,,,,,,16499000000,-0.160,,,,12796000000,,93.98,93.95,,,,,153261000000,,,,,16031000000,-8706000000,-13395000000,,,0.426,,,,,,true,false,12,2021-04-01,2022-03-31,0
2022-04-28,6754,2021-03-31,,,,,,,,19651000000,0.128,,,,16105000000,,117.18,117.12,,,,,144100000000,,,,,20481000000,-5029000000,-14458000000,,,0.341,,,,,,true,false,12,2020-04-01,2021-03-31,-1
2022-04-28,6754,2023-03-31,,,,,,,,19000000000,0.152,,,,14000000000,,103.74,,,,,,,,,,,,,,,,0.386,,,,,,true,true,12,2022-04-01,2023-03-31,1
2022-04-28,6754,2023-03-31,,,,,,,,,,,,,,,,,,,,,,,,,,,,,,40.00,,,,,,,false,true,12,2022-04-01,2023-03-31,1
2022-07-28,6754,2023-03-31,1,,,,,,,3017000000,-0.021,,,,2917000000,,21.70,21.70,,,,,153539000000,,,,,,,,,,,,,,,,true,false,3,2022-04-01,2022-06-30,0
2022-07-28,6754,2022-03-31,1,,,,,,,3083000000,-0.398,,,,2083000000,,15.16,15.15,,,,,,,,,,,,,,,,,,,,,true,false,3,2021-04-01,2021-06-30,-1
2022-07-28,6754,2023-03-31,1,,,,,,,19000000000,0.152,,,,14000000000,,104.17,,,,,,,,,,,,,,,,,,,,,,true,true,12,2022-04-01,2023-03-31,0
2022-07-28,6754,2022-03-31,1,,,,,,,,,,,,,,,,,,,,153261000000,,,,,,,,,,,,,,,,true,false,12,2021-04-01,2022-03-31,-1
2022-07-28,6754,2022-03-31,1,,,,,,,,,,,,,,,,,,,,,,,,,,,,,40.00,,,,138308494,3349588,,false,false,12,2021-04-01,2022-03-31,-1
2022-07-28,6754,2023-03-31,1,,,,,,,,,,,,,,,,,,,,,,,,,,,,,40.00,,,,,,,false,true,12,2022-04-01,2023-03-31,0
2022-07-28,6754,2023-03-31,1,,,,,,,,,,,,,,,,,,,,,,,,,,,,,,,,,135830594,3108288,134400256,false,false,3,2022-04-01,2022-06-30,0
2022-07-28,6754,2022-03-31,1,,,,,,,,,,,,,,,,,,,,,,,,,,,,,,,,,,,137460735,false,false,3,2021-04-01,2021-06-30,-1
2022-10-28,6754,2023-03-31,2,,,,,,,5412000000,-0.277,,,,5100000000,,38.29,38.28,,,,,155686000000,,,,,,,,,,,,,,,,true,false,6,2022-04-01,2022-09-30,0
2022-10-28,6754,2022-03-31,2,,,,,,,7483000000,-0.240,,,,5464000000,,39.83,39.82,,,,,,,,,,,,,,,,,,,,,true,false,6,2021-04-01,2021-09-30,-1
2022-10-28,6754,2023-03-31,2,,,,,,,17500000000,0.061,,,,14000000000,,105.08,,,,,,,,,,,,,,,,,,,,,,true,true,12,2022-04-01,2023-03-31,0
2022-10-28,6754,2022-03-31,2,,,,,,,,,,,,,,,,,,,,153261000000,,,,,,,,,,,,,,,,true,false,12,2021-04-01,2022-03-31,-1
2022-10-28,6754,2022-03-31,2,,,,,,,,,,,,,,,,,,,,,,,,,,,,,40.00,,,,138308494,3349588,,false,false,12,2021-04-01,2022-03-31,-1
2022-10-28,6754,2023-03-31,2,,,,,,,,,,,,,,,,,,,,,,,,,,,,,20.00,,,,,,,false,false,12,2022-04-01,2023-03-31,0
2022-10-28,6754,2023-03-31,2,,,,,,,,,,,,,,,,,,,,,,,,,,,,,40.00,,,,,,,false,true,12,2022-04-01,2023-03-31,0
2022-10-28,6754,2023-03-31,2,,,,,,,,,,,,,,,,,,,,,,,,,,,,,,,,,135865594,4197098,133226233,false,false,6,2022-04-01,2022-09-30,0
2022-10-28,6754,2022-03-31,2,,,,,,,,,,,,,,,,,,,,,,,,,,,,,,,,,,,137185923,false,false,6,2021-04-01,2021-09-30,-1
2023-01-30,6754,2023-03-31,3,,,,,,,7998000000,-0.269,,,,6249000000,,47.08,47.07,,,,,148759000000,,,,,,,,,,,,,,,,true,false,9,2022-04-01,2022-12-31,0
2023-01-30,6754,2022-03-31,3,,,,,,,10943000000,-0.222,,,,8168000000,,59.83,59.81,,,,,,,,,,,,,,,,,,,,,true,false,9,2021-04-01,2021-12-31,-1
2023-01-30,6754,2023-03-31,3,,,,,,,13500000000,-0.182,,,,11000000000,,82.86,,,,,,,,,,,,,,,,,,,,,,true,true,12,2022-04-01,2023-03-31,0
2023-01-30,6754,2022-03-31,3,,,,,,,,,,,,,,,,,,,,153261000000,,,,,,,,,,,,,,,,true,false,12,2021-04-01,2022-03-31,-1
2023-01-30,6754,2022-03-31,3,,,,,,,,,,,,,,,,,,,,,,,,,,,,,40.00,,,,138308494,3349588,,false,false,12,2021-04-01,2022-03-31,-1
2023-01-30,6754,2023-03-31,3,,,,,,,,,,,,,,,,,,,,,,,,,,,,,20.00,,,,,,,false,false,12,2022-04-01,2023-03-31,0
2023-01-30,6754,2023-03-31,3,,,,,,,,,,,,,,,,,,,,,,,,,,,,,40.00,,,,,,,false,true,12,2022-04-01,2023-03-31,0
2023-01-30,6754,2023-03-31,3,,,,,,,,,,,,,,,,,,,,,,,,,,,,,,,,,135865594,4197048,132758927,false,false,9,2022-04-01,2022-12-31,0
2023-01-30,6754,2022-03-31,3,,,,,,,,,,,,,,,,,,,,,,,,,,,,,,,,,,,136520492,false,false,9,2021-04-01,2021-12-31,-1
2023-04-28,6754,2023-03-31,,69224000000,-0.059,,,,,7563000000,-0.334,12054000000,-0.217,9955000000,,-0.465,75.13,75.12,,,,,134637000000,103820000000,0.771,788.47,103818000000,,,,,40.00,,,,135868594,4197095,132507752,false,false,12,2022-04-01,2023-03-31,0
2023-04-28,6754,2022-03-31,,73580000000,0.234,,,,,11358000000,-0.077,15394000000,0.020,18604000000,,0.355,136.64,136.60,,,,,141413000000,104139000000,0.736,771.41,104109000000,,,,,40.00,,,,138308494,3349588,136159510,false,false,12,2021-04-01,2022-03-31,-1
2023-04-28,6754,2023-03-31,,,,,,,,11746000000,-0.288,,,,9272000000,,69.98,69.97,,,,,152238000000,,,,,6114000000,-5216000000,-11409000000,,,0.572,,,,,,true,false,12,2022-04-01,2023-03-31,0
2023-04-28,6754,2022-03-31,,,,,,,,16499000000,-0.160,,,,12796000000,,93.98,93.95,,,,,153261000000,,,,,16031000000,-8706000000,-13395000000,,,0.426,,,,,,true,false,12,2021-04-01,2022-03-31,-1
2023-04-28,6754,2024-03-31,,,,,,,,13700000000,0.166,,,,10000000000,,75.95,,,,,,,,,,,,,,,,0.527,,,,,,true,true,12,2023-04-01,2024-03-31,1
2023-04-28,6754,2024-03-31,,,,,,,,,,,,,,,,,,,,,,,,,,,,,,40.00,,,,,,,false,true,12,2023-04-01,2024-03-31,1
2023-07-28,6754,2024-03-31,1,,,,,,,-57000000,,,,,250000000,,1.90,1.90,,,,,151467000000,,,,,,,,,,,,,,,,true,false,3,2023-04-01,2023-06-30,0
2023-07-28,6754,2023-03-31,1,,,,,,,3017000000,-0.021,,,,2917000000,,21.70,21.70,,,,,,,,,,,,,,,,,,,,,true,false,3,2022-04-01,2022-06-30,-1
2023-07-28,6754,2024-03-31,1,,,,,,,13700000000,0.166,,,,10000000000,,75.95,,,,,,,,,,,,,,,,,,,,,,true,true,12,2023-04-01,2024-03-31,0
2023-07-28,6754,2023-03-31,1,,,,,,,,,,,,,,,,,,,,152238000000,,,,,,,,,,,,,,,,true,false,12,2022-04-01,2023-03-31,-1
2023-07-28,6754,2023-03-31,1,,,,,,,,,,,,,,,,,,,,,,,,,,,,,40.00,,,,135868594,4197095,,false,false,12,2022-04-01,2023-03-31,-1
2023-07-28,6754,2024-03-31,1,,,,,,,,,,,,,,,,,,,,,,,,,,,,,40.00,,,,,,,false,true,12,2023-04-01,2024-03-31,0
2023-07-28,6754,2024-03-31,1,,,,,,,,,,,,,,,,,,,,,,,,,,,,,,,,,135868594,4197095,131671499,false,false,3,2023-04-01,2023-06-30,0
2023-07-28,6754,2023-03-31,1,,,,,,,,,,,,,,,,,,,,,,,,,,,,,,,,,,,134400256,false,false,3,2022-04-01,2022-06-30,-1
2023-10-30,6754,2024-03-31,2,,,,,,,2934000000,-0.458,,,,2789000000,,21.19,21.19,,,,,157402000000,,,,,,,,,,,,,,,,true,false,6,2023-04-01,2023-09-30,0
2023-10-30,6754,2023-03-31,2,,,,,,,5412000000,-0.277,,,,5100000000,,38.29,38.28,,,,,,,,,,,,,,,,,,,,,true,false,6,2022-04-01,2022-09-30,-1
2023-10-30,6754,2024-03-31,2,,,,,,,10900000000,-0.072,,,,8500000000,,64.55,,,,,,,,,,,,,,,,,,,,,,true,true,12,2023-04-01,2024-03-31,0
2023-10-30,6754,2023-03-31,2,,,,,,,,,,,,,,,,,,,,152238000000,,,,,,,,,,,,,,,,true,false,12,2022-04-01,2023-03-31,-1
2023-10-30,6754,2023-03-31,2,,,,,,,,,,,,,,,,,,,,,,,,,,,,,40.00,,,,135868594,4197095,,false,false,12,2022-04-01,2023-03-31,-1
2023-10-30,6754,2024-03-31,2,,,,,,,,,,,,,,,,,,,,,,,,,,,,,20.00,,,,,,,false,false,12,2023-04-01,2024-03-31,0
2023-10-30,6754,2024-03-31,2,,,,,,,,,,,,,,,,,,,,,,,,,,,,,40.00,,,,,,,false,true,12,2023-04-01,2024-03-31,0
2023-10-30,6754,2024-03-31,2,,,,,,,,,,,,,,,,,,,,,,,,,,,,,,,,,135870594,4197191,131671757,false,false,6,2023-04-01,2023-09-30,0
2023-10-30,6754,2023-03-31,2,,,,,,,,,,,,,,,,,,,,,,,,,,,,,,,,,,,133226233,false,false,6,2022-04-01,2022-09-30,-1
2024-01-30,6754,2024-03-31,3,,,,,,,5159000000,-0.355,,,,3924000000,,29.80,29.80,,,,,154268000000,,,,,,,,,,,,,,,,true,false,9,2023-04-01,2023-12-31,0
2024-01-30,6754,2023-03-31,3,,,,,,,7998000000,-0.269,,,,6249000000,,47.08,47.07,,,,,,,,,,,,,,,,,,,,,true,false,9,2022-04-01,2022-12-31,-1
2024-01-30,6754,2024-03-31,3,,,,,,,10100000000,-0.140,,,,8000000000,,60.76,,,,,,,,,,,,,,,,,,,,,,true,true,12,2023-04-01,2024-03-31,0
2024-01-30,6754,2023-03-31,3,,,,,,,,,,,,,,,,,,,,152238000000,,,,,,,,,,,,,,,,true,false,12,2022-04-01,2023-03-31,-1
2024-01-30,6754,2023-03-31,3,,,,,,,,,,,,,,,,,,,,,,,,,,,,,40.00,,,,135868594,4197095,,false,false,12,2022-04-01,2023-03-31,-1
2024-01-30,6754,2024-03-31,3,,,,,,,,,,,,,,,,,,,,,,,,,,,,,20.00,,,,,,,false,false,12,2023-04-01,2024-03-31,0
2024-01-30,6754,2024-03-31,3,,,,,,,,,,,,,,,,,,,,,,,,,,,,,40.00,,,,,,,false,true,12,2023-04-01,2024-03-31,0
2024-01-30,6754,2024-03-31,3,,,,,,,,,,,,,,,,,,,,,,,,,,,,,,,,,135870594,4197201,131672248,false,false,9,2023-04-01,2023-12-31,0
2024-01-30,6754,2023-03-31,3,,,,,,,,,,,,,,,,,,,,,,,,,,,,,,,,,,,132758927,false,false,9,2022-04-01,2022-12-31,-1
2024-04-25,6754,2024-03-31,,62618000000,-0.095,,,,,5421000000,-0.283,9941000000,-0.175,8063000000,,-0.190,61.23,61.23,,,,,138046000000,106738000000,0.773,810.11,106738000000,,,,,40.00,,,,135870594,4112477,131692075,false,false,12,2023-04-01,2024-03-31,0
2024-04-25,6754,2023-03-31,,69224000000,-0.059,,,,,7563000000,-0.334,12054000000,-0.217,9955000000,,-0.465,75.13,75.12,,,,,134637000000,103820000000,0.771,788.47,103818000000,,,,,40.00,,,,135868594,4197095,132507752,false,false,12,2022-04-01,2023-03-31,-1
2024-04-25,6754,2024-03-31,,,,,,,,8983000000,-0.235,,,,7675000000,,58.29,58.29,,,,,161085000000,,,,,16573000000,-3643000000,-6578000000,,,0.686,,,,,,true,false,12,2023-04-01,2024-03-31,0
2024-04-25,6754,2023-03-31,,,,,,,,11746000000,-0.288,,,,9272000000,,69.98,69.97,,,,,152238000000,,,,,6114000000,-5216000000,-11409000000,,,0.572,,,,,,true,false,12,2022-04-01,2023-03-31,-1
2024-04-25,6754,2025-03-31,,,,,,,,11000000000,0.224,,,,8300000000,,62.99,,,,,,,,,,,,,,,,0.635,,,,,,true,true,12,2024-04-01,2025-03-31,1
2024-04-25,6754,2025-03-31,,,,,,,,,,,,,,,,,,,,,,,,,,,,,,40.00,,,,,,,false,true,12,2024-04-01,2025-03-31,1
2024-07-31,6754,2025-03-31,1,,,,,,,622000000,,,,,716000000,,5.43,5.43,,,,,161114000000,,,,,,,,,,,,,,,,true,false,3,2024-04-01,2024-06-30,0
2024-07-31,6754,2024-03-31,1,,,,,,,-57000000,,,,,250000000,,1.90,1.90,,,,,,,,,,,,,,,,,,,,,true,false,3,2023-04-01,2023-06-30,-1
2024-07-31,6754,2025-03-31,1,,,,,,,11000000000,0.224,,,,8300000000,,62.99,,,,,,,,,,,,,,,,,,,,,,true,true,12,2024-04-01,2025-03-31,0
2024-07-31,6754,2024-03-31,1,,,,,,,,,,,,,,,,,,,,161085000000,,,,,,,,,,,,,,,,true,false,12,2023-04-01,2024-03-31,-1
2024-07-31,6754,2024-03-31,1,,,,,,,,,,,,,,,,,,,,,,,,,,,,,40.00,,,,135870594,4112477,,false,false,12,2023-04-01,2024-03-31,-1
2024-07-31,6754,2025-03-31,1,,,,,,,,,,,,,,,,,,,,,,,,,,,,,40.00,,,,,,,false,true,12,2024-04-01,2025-03-31,0
2024-07-31,6754,2025-03-31,1,,,,,,,,,,,,,,,,,,,,,,,,,,,,,,,,,135870594,4112477,131758117,false,false,3,2024-04-01,2024-06-30,0
2024-07-31,6754,2024-03-31,1,,,,,,,,,,,,,,,,,,,,,,,,,,,,,,,,,,,131671499,false,false,3,2023-04-01,2023-06-30,-1
2024-10-30,6754,2025-03-31,2,,,,,,,3576000000,0.219,,,,2237000000,,16.98,16.98,,,,,155905000000,,,,,,,,,,,,,,,,true,false,6,2024-04-01,2024-09-30,0
2024-10-30,6754,2024-03-31,2,,,,,,,2934000000,-0.458,,,,2789000000,,21.19,21.19,,,,,,,,,,,,,,,,,,,,,true,false,6,2023-04-01,2023-09-30,-1
2024-10-30,6754,2025-03-31,2,,,,,,,11000000000,0.224,,,,8300000000,,62.99,,,,,,,,,,,,,,,,,,,,,,true,true,12,2024-04-01,2025-03-31,0
2024-10-30,6754,2024-03-31,2,,,,,,,,,,,,,,,,,,,,161085000000,,,,,,,,,,,,,,,,true,false,12,2023-04-01,2024-03-31,-1
2024-10-30,6754,2024-03-31,2,,,,,,,,,,,,,,,,,,,,,,,,,,,,,40.00,,,,135870594,4112477,,false,false,12,2023-04-01,2024-03-31,-1
2024-10-30,6754,2025-03-31,2,,,,,,,,,,,,,,,,,,,,,,,,,,,,,20.00,,,,,,,false,false,12,2024-04-01,2025-03-31,0
2024-10-30,6754,2025-03-31,2,,,,,,,,,,,,,,,,,,,,,,,,,,,,,40.00,,,,,,,false,true,12,2024-04-01,2025-03-31,0
2024-10-30,6754,2025-03-31,2,,,,,,,,,,,,,,,,,,,,,,,,,,,,,,,,,135870594,4086576,131765509,false,false,6,2024-04-01,2024-09-30,0
2024-10-30,6754,2024-03-31,2,,,,,,,,,,,,,,,,,,,,,,,,,,,,,,,,,,,131671757,false,false,6,2023-04-01,2023-09-30,-1
2025-01-30,6754,2025-03-31,3,,,,,,,6419000000,0.244,,,,4903000000,,37.21,37.21,,,,,162392000000,,,,,,,,,,,,,,,,true,false,9,2024-04-01,2024-12-31,0
2025-01-30,6754,2024-03-31,3,,,,,,,5159000000,-0.355,,,,3924000000,,29.80,29.80,,,,,,,,,,,,,,,,,,,,,true,false,9,2023-04-01,2023-12-31,-1
2025-01-30,6754,2025-03-31,3,,,,,,,11000000000,0.224,,,,8300000000,,62.99,,,,,,,,,,,,,,,,,,,,,,true,true,12,2024-04-01,2025-03-31,0
2025-01-30,6754,2024-03-31,3,,,,,,,,,,,,,,,,,,,,161085000000,,,,,,,,,,,,,,,,true,false,12,2023-04-01,2024-03-31,-1
2025-01-30,6754,2024-03-31,3,,,,,,,,,,,,,,,,,,,,,,,,,,,,,40.00,,,,135870594,4112477,,false,false,12,2023-04-01,2024-03-31,-1
2025-01-30,6754,2025-03-31,3,,,,,,,,,,,,,,,,,,,,,,,,,,,,,20.00,,,,,,,false,false,12,2024-04-01,2025-03-31,0
2025-01-30,6754,2025-03-31,3,,,,,,,,,,,,,,,,,,,,,,,,,,,,,40.00,,,,,,,false,true,12,2024-04-01,2025-03-31,0
2025-01-30,6754,2025-03-31,3,,,,,,,,,,,,,,,,,,,,,,,,,,,,,,,,,135870594,4087003,131770957,false,false,9,2024-04-01,2024-12-31,0
2025-01-30,6754,2024-03-31,3,,,,,,,,,,,,,,,,,,,,,,,,,,,,,,,,,,,131672248,false,false,9,2023-04-01,2023-12-31,-1
2025-04-25,6754,2025-03-31,,67984000000,0.086,,,,,8220000000,0.516,10276000000,0.034,7690000000,,-0.046,58.51,58.51,,,,,140119000000,105346000000,0.752,816.69,105346000000,,,,,40.00,,,,135870594,6878522,131455549,false,false,12,2024-04-01,2025-03-31,0
2025-04-25,6754,2024-03-31,,62618000000,-0.095,,,,,5421000000,-0.283,9941000000,-0.175,8063000000,,-0.190,61.23,61.23,,,,,138046000000,106738000000,0.773,810.11,106738000000,,,,,40.00,,,,135870594,4112477,131692075,false,false,12,2023-04-01,2024-03-31,-1
2025-04-25,6754,2025-03-31,,,,,,,,12124000000,0.350,,,,9257000000,,70.42,70.42,,,,,159826000000,,,,,21071000000,-3916000000,-12257000000,,,0.568,,,,,,true,false,12,2024-04-01,2025-03-31,0
2025-04-25,6754,2024-03-31,,,,,,,,8983000000,-0.235,,,,7675000000,,58.29,58.29,,,,,161085000000,,,,,16573000000,-3643000000,-6578000000,,,0.686,,,,,,true,false,12,2023-04-01,2024-03-31,-1
2025-04-25,6754,2026-03-31,,,,,,,,15000000000,0.237,,,,11000000000,,85.28,,,,,,,,,,,,,,,,0.469,,,,,,true,true,12,2025-04-01,2026-03-31,1
2025-04-25,6754,2026-03-31,,,,,,,,,,,,,,,,,,,,,,,,,,,,,,40.00,,,,,,,false,true,12,2025-04-01,2026-03-31,1
