filing_date,code,fiscal_year_end,quarterly_period,net_sales,net_sales_change,revenue,revenue_change,operating_revenue,operating_revenue_change,operating_profit,operating_profit_change,ordinary_profit,ordinary_profit_change,net_income,net_income_of_parent,net_income_change,eps,diluted_eps,roe,roa,operating_profit_to_net_sales,operating_profit_to_revenue,total_assets,net_assets,equity_ratio,bps,owner_equity,operating_cash_flow,investing_cash_flow,financing_cash_flow,cash,dividend_per_share,payout_ratio,commemorative_dividend,extra_dividend,number_of_shares,number_of_treqsury_shares,avg_number_of_shares,is_consolidated,is_forecast,duration,period_start,period_end,period_pos
2015-07-30,67580,2016-03-31,1,1808059000000,-0.001,,,,,,,,,,,,,,,,,,16091366000000,,,,,,,,,,,,,,,,true,false,3,2015-04-01,2015-06-30,0
2015-07-30,67580,2015-03-31,1,1809908000000,0.058,,,,,,,,,,,,,,,,,,,,,,,,,,,,,,,,,,true,false,3,2014-04-01,2014-06-30,-1
2015-07-30,67580,2016-03-31,1,7900000000000,-0.038,,,,,,,,,,,,,,,,,,,,,,,,,,,,,,,,,,true,true,12,2015-04-01,2016-03-31,0
2015-07-30,67580,2015-03-31,1,,,,,,,,,,,,,,,,,,,,15834331000000,,,,,,,,,,,,,,,,true,false,12,2014-04-01,2015-03-31,-1
2015-07-30,67580,2015-03-31,1,,,,,,,,,,,,,,,,,,,,,,,,,,,,,0.00,,,,1169773260,1031323,,false,false,12,2014-04-01,2015-03-31,-1
2015-07-30,67580,2016-03-31,1,,,,,,,,,,,,,,,,,,,,,,,,,,,,,10.00,,,,,,,false,true,12,2015-04-01,2016-03-31,0
2015-07-30,67580,2016-03-31,1,,,,,,,,,,,,,,,,,,,,,,,,,,,,,,,,,1170154560,1040219,1168968925,false,false,3,2015-04-01,2015-06-30,0
2015-07-30,67580,2015-03-31,1,,,,,,,,,,,,,,,,,,,,,,,,,,,,,,,,,,,1043681276,false,false,3,2014-04-01,2014-06-30,-1
2015-10-29,67580,2016-03-31,2,,,,,,,,,,,,,,,,,,,,16831178000000,,,,,,,,,,,,,,,,true,false,6,2015-04-01,2015-09-30,0
2015-10-29,67580,2015-03-31,2,,,,,,,,,,,,,,,,,,,,15834331000000,,,,,,,,,,,,,,,,true,false,12,2014-04-01,2015-03-31,-1
2015-10-29,67580,2015-03-31,2,,,,,,,,,,,,,,,,,,,,,,,,,,,,,0.00,,,,1169773260,1031323,,false,false,12,2014-04-01,2015-03-31,-1
2015-10-29,67580,2016-03-31,2,,,,,,,,,,,,,,,,,,,,,,,,,,,,,10.00,,,,,,,false,false,12,2015-04-01,2016-03-31,0
2015-10-29,67580,2016-03-31,2,,,,,,,,,,,,,,,,,,,,,,,,,,,,,,,,,1262215860,1029643,1214268134,false,false,6,2015-04-01,2015-09-30,0
2015-10-29,67580,2015-03-31,2,,,,,,,,,,,,,,,,,,,,,,,,,,,,,,,,,,,1068702893,false,false,6,2014-04-01,2014-09-30,-1
2016-01-29,67580,2016-03-31,3,,,,,,,,,,,,,,,,,,,,17106723000000,,,,,,,,,,,,,,,,true,false,9,2015-04-01,2015-12-31,0
2016-01-29,67580,2015-03-31,3,,,,,,,,,,,,,,,,,,,,15834331000000,,,,,,,,,,,,,,,,true,false,12,2014-04-01,2015-03-31,-1
2016-01-29,67580,2015-03-31,3,,,,,,,,,,,,,,,,,,,,,,,,,,,,,0.00,,,,1169773260,1031323,,false,false,12,2014-04-01,2015-03-31,-1
2016-01-29,67580,2016-03-31,3,,,,,,,,,,,,,,,,,,,,,,,,,,,,,10.00,,,,,,,false,false,12,2015-04-01,2016-03-31,0
2016-01-29,67580,2016-03-31,3,,,,,,,,,,,,,,,,,,,,,,,,,,,,,20.00,,,,,,,false,true,12,2015-04-01,2016-03-31,0
2016-01-29,67580,2016-03-31,3,,,,,,,,,,,,,,,,,,,,,,,,,,,,,,,,,1262406360,1042082,1229936595,false,false,9,2015-04-01,2015-12-31,0
2016-01-29,67580,2015-03-31,3,,,,,,,,,,,,,,,,,,,,,,,,,,,,,,,,,,,1096391940,false,false,9,2014-04-01,2014-12-31,-1
2016-04-28,67580,2016-03-31,,2064233000000,-0.004,,,,,55531000000,,165856000000,-0.086,205164000000,,,165.75,163.10,,,,,3690139000000,2482659000000,0.669,1957.61,2469424000000,,,,,20.00,,,,1262493760,1047745,1237802400,false,false,12,2015-04-01,2016-03-31,0
2016-04-28,67580,2015-03-31,,2072735000000,-0.052,,,,,-9881000000,,181389000000,,12509000000,,,11.22,10.70,,,,,3849826000000,2020956000000,0.522,1718.35,2008304000000,,,,,0.00,,,,1169773260,1031323,1114424316,false,false,12,2014-04-01,2015-03-31,-1
2016-04-28,67580,2016-03-31,,,,,,,,,,,,,,,,,,,,,16673390000000,,,,,749089000000,-1030403000000,380122000000,983612000000,,0.168,,,,,,true,false,12,2015-04-01,2016-03-31,0
2016-04-28,67580,2015-03-31,,,,,,,,,,,,,,,,,,,,,15834331000000,,,,,754640000000,-639636000000,-263195000000,949413000000,,,,,,,,true,false,12,2014-04-01,2015-03-31,-1
2016-07-29,67580,2017-03-31,1,,,,,,,,,,,,,,,,,,,,16381745000000,,,,,,,,,,,,,,,,true,false,3,2016-04-01,2016-06-30,0
2016-07-29,67580,2016-03-31,1,,,,,,,,,,,,,,,,,,,,16673390000000,,,,,,,,,,,,,,,,true,false,12,2015-04-01,2016-03-31,-1
2016-07-29,67580,2016-03-31,1,,,,,,,,,,,,,,,,,,,,,,,,,,,,,20.00,,,,1262493760,1047745,,false,false,12,2015-04-01,2016-03-31,-1
2016-07-29,67580,2017-03-31,1,,,,,,,,,,,,,,,,,,,,,,,,,,,,,10.00,,,,,,,false,true,12,2016-04-01,2017-03-31,0
2016-07-29,67580,2017-03-31,1,,,,,,,,,,,,,,,,,,,,,,,,,,,,,,,,,1262618460,1054928,1261522695,false,false,3,2016-04-01,2016-06-30,0
2016-07-29,67580,2016-03-31,1,,,,,,,,,,,,,,,,,,,,,,,,,,,,,,,,,,,1168968925,false,false,3,2015-04-01,2015-06-30,-1
2016-11-01,67580,2017-03-31,2,,,,,,,,,,,,,,,,,,,,16804371000000,,,,,,,,,,,,,,,,true,false,6,2016-04-01,2016-09-30,0
2016-11-01,67580,2016-03-31,2,,,,,,,,,,,,,,,,,,,,16673390000000,,,,,,,,,,,,,,,,true,false,12,2015-04-01,2016-03-31,-1
2016-11-01,67580,2016-03-31,2,,,,,,,,,,,,,,,,,,,,,,,,,,,,,20.00,,,,1262493760,1047745,,false,false,12,2015-04-01,2016-03-31,-1
2016-11-01,67580,2017-03-31,2,,,,,,,,,,,,,,,,,,,,,,,,,,,,,10.00,,,,,,,false,false,12,2016-04-01,2017-03-31,0
2016-11-01,67580,2017-03-31,2,,,,,,,,,,,,,,,,,,,,,,,,,,,,,,,,,1263184460,1053279,1261681203,false,false,6,2016-04-01,2016-09-30,0
2016-11-01,67580,2016-03-31,2,,,,,,,,,,,,,,,,,,,,,,,,,,,,,,,,,,,1214268134,false,false,6,2015-04-01,2015-09-30,-1
2017-02-02,67580,2017-03-31,3,,,,,,,,,,,,,,,,,,,,17695074000000,,,,,,,,,,,,,,,,true,false,9,2016-04-01,2016-12-31,0
2017-02-02,67580,2016-03-31,3,,,,,,,,,,,,,,,,,,,,16673390000000,,,,,,,,,,,,,,,,true,false,12,2015-04-01,2016-03-31,-1
2017-02-02,67580,2016-03-31,3,,,,,,,,,,,,,,,,,,,,,,,,,,,,,20.00,,,,1262493760,1047745,,false,false,12,2015-04-01,2016-03-31,-1
2017-02-02,67580,2017-03-31,3,,,,,,,,,,,,,,,,,,,,,,,,,,,,,10.00,,,,,,,false,false,12,2016-04-01,2017-03-31,0
2017-02-02,67580,2017-03-31,3,,,,,,,,,,,,,,,,,,,,,,,,,,,,,20.00,,,,,,,false,true,12,2016-04-01,2017-03-31,0
2017-02-02,67580,2017-03-31,3,,,,,,,,,,,,,,,,,,,,,,,,,,,,,,,,,1263361160,1063269,1261861887,false,false,9,2016-04-01,2016-12-31,0
2017-02-02,67580,2016-03-31,3,,,,,,,,,,,,,,,,,,,,,,,,,,,,,,,,,,,1229936595,false,false,9,2015-04-01,2015-12-31,-1
,67580,2017-03-31,,,,,,,,,,,,,,,,,,,,,,,,,,,,,,20.00,,,,,,,false,true,12,2016-04-01,2017-03-31,0
,67580,2017-03-31,,,,,,,,,,,,,,,,,,,,,,,,,,,,,,10.00,,,,,,,false,false,12,2016-04-01,2017-03-31,0
,67580,2016-03-31,,,,,,,,,,,,,,,,,,,,,,,,,,,,,,20.00,,,,,,,false,false,12,2015-04-01,2016-03-31,-1
2017-04-28,67580,2017-03-31,,992537000000,-0.519,,,,,-44224000000,,215619000000,0.300,128256000000,,-0.375,101.63,99.55,,,,,3735737000000,2587308000000,0.689,2039.88,2575735000000,,,,,20.00,,,,1263763660,1073222,1262023047,false,false,12,2016-04-01,2017-03-31,0
2017-04-28,67580,2016-03-31,,2064233000000,-0.004,,,,,55531000000,,165856000000,-0.086,205164000000,,,165.75,163.10,,,,,3690139000000,2482659000000,0.669,1957.61,2469424000000,,,,,20.00,,,,1262493760,1047745,1237802400,false,false,12,2015-04-01,2016-03-31,-1
2017-04-28,67580,2017-03-31,,,,,,,,,,,,,,,,,,,,,17660556000000,,,,,809262000000,-1253973000000,452302000000,960142000000,,0.344,,,,,,true,false,12,2016-04-01,2017-03-31,0
2017-04-28,67580,2016-03-31,,,,,,,,,,,,,,,,,,,,,16673390000000,,,,,749089000000,-1030403000000,380122000000,983612000000,,0.168,,,,,,true,false,12,2015-04-01,2016-03-31,-1
2017-08-01,67580,2018-03-31,1,,,,,,,,,,,,,,,,,,,,18138219000000,,,,,,,,,,,,,,,,true,false,3,2017-04-01,2017-06-30,0
2017-08-01,67580,2017-03-31,1,,,,,,,,,,,,,,,,,,,,17660556000000,,,,,,,,,,,,,,,,true,false,12,2016-04-01,2017-03-31,-1
2017-08-01,67580,2017-03-31,1,,,,,,,,,,,,,,,,,,,,,,,,,,,,,20.00,,,,1263763660,1073222,,false,false,12,2016-04-01,2017-03-31,-1
2017-08-01,67580,2018-03-31,1,,,,,,,,,,,,,,,,,,,,,,,,,,,,,12.50,,,,,,,false,true,12,2017-04-01,2018-03-31,0
2017-08-01,67580,2018-03-31,1,,,,,,,,,,,,,,,,,,,,,,,,,,,,,,,,,1264209060,1082243,1262920194,false,false,3,2017-04-01,2017-06-30,0
2017-08-01,67580,2017-03-31,1,,,,,,,,,,,,,,,,,,,,,,,,,,,,,,,,,,,1261522695,false,false,3,2016-04-01,2016-06-30,-1
2017-10-31,67580,2018-03-31,2,,,,,,,,,,,,,,,,,,,,18797106000000,,,,,,,,,,,,,,,,true,false,6,2017-04-01,2017-09-30,0
2017-10-31,67580,2017-03-31,2,,,,,,,,,,,,,,,,,,,,17660556000000,,,,,,,,,,,,,,,,true,false,12,2016-04-01,2017-03-31,-1
2017-10-31,67580,2017-03-31,2,,,,,,,,,,,,,,,,,,,,,,,,,,,,,20.00,,,,1263763660,1073222,,false,false,12,2016-04-01,2017-03-31,-1
2017-10-31,67580,2018-03-31,2,,,,,,,,,,,,,,,,,,,,,,,,,,,,,12.50,,,,,,,false,false,12,2017-04-01,2018-03-31,0
2017-10-31,67580,2018-03-31,2,,,,,,,,,,,,,,,,,,,,,,,,,,,,,25.00,,,,,,,false,true,12,2017-04-01,2018-03-31,0
2017-10-31,67580,2018-03-31,2,,,,,,,,,,,,,,,,,,,,,,,,,,,,,,,,,1264649260,1092334,1263185901,false,false,6,2017-04-01,2017-09-30,0
2017-10-31,67580,2017-03-31,2,,,,,,,,,,,,,,,,,,,,,,,,,,,,,,,,,,,1261681203,false,false,6,2016-04-01,2016-09-30,-1
2018-02-02,67580,2018-03-31,3,,,,,,,,,,,,,,,,,,,,19420676000000,,,,,,,,,,,,,,,,true,false,9,2017-04-01,2017-12-31,0
2018-02-02,67580,2017-03-31,3,,,,,,,,,,,,,,,,,,,,17660556000000,,,,,,,,,,,,,,,,true,false,12,2016-04-01,2017-03-31,-1
2018-02-02,67580,2017-03-31,3,,,,,,,,,,,,,,,,,,,,,,,,,,,,,20.00,,,,1263763660,1073222,,false,false,12,2016-04-01,2017-03-31,-1
2018-02-02,67580,2018-03-31,3,,,,,,,,,,,,,,,,,,,,,,,,,,,,,12.50,,,,,,,false,false,12,2017-04-01,2018-03-31,0
2018-02-02,67580,2018-03-31,3,,,,,,,,,,,,,,,,,,,,,,,,,,,,,25.00,,,,,,,false,true,12,2017-04-01,2018-03-31,0
2018-02-02,67580,2018-03-31,3,,,,,,,,,,,,,,,,,,,,,,,,,,,,,,,,,1265651953,1105679,1263484936,false,false,9,2017-04-01,2017-12-31,0
2018-02-02,67580,2017-03-31,3,,,,,,,,,,,,,,,,,,,,,,,,,,,,,,,,,,,1261861887,false,false,9,2016-04-01,2016-12-31,-1
2018-04-27,67580,2018-03-31,,,,,,536686000000,-0.569,110662000000,-0.472,117819000000,-0.454,123359000000,,-0.038,97.60,95.45,,,,,3570193000000,2687044000000,0.750,2115.12,2676526000000,,,,,27.50,,,,1266552149,1127101,1263895157,false,false,12,2017-04-01,2018-03-31,0
2018-04-27,67580,2017-03-31,,,,,,1246460000000,-0.430,209699000000,0.176,215619000000,0.300,128256000000,,-0.375,101.63,99.55,,,,,3735737000000,2587308000000,0.689,2039.88,2575735000000,,,,,20.00,,,,1263763660,1073222,1262023047,false,false,12,2016-04-01,2017-03-31,-1
2018-04-27,67580,2018-03-31,,,,,,,,,,,,,,,,,,,,,19065538000000,,,,,1254972000000,-822197000000,246456000000,1586329000000,,0.071,,,,,,true,false,12,2017-04-01,2018-03-31,0
2018-04-27,67580,2017-03-31,,,,,,,,,,,,,,,,,,,,,17660556000000,,,,,809262000000,-1253973000000,452302000000,960142000000,,0.344,,,,,,true,false,12,2016-04-01,2017-03-31,-1
2018-07-31,67580,2019-03-31,1,,,,,,,,,,,,,,,,,,,,19563341000000,,,,,,,,,,,,,,,,true,false,3,2018-04-01,2018-06-30,0
2018-07-31,67580,2018-03-31,1,,,,,,,,,,,,,,,,,,,,19065538000000,,,,,,,,,,,,,,,,true,false,12,2017-04-01,2018-03-31,-1
2018-07-31,67580,2018-03-31,1,,,,,,,,,,,,,,,,,,,,,,,,,,,,,27.50,,,,1266552149,1127101,,false,false,12,2017-04-01,2018-03-31,-1
2018-07-31,67580,2019-03-31,1,,,,,,,,,,,,,,,,,,,,,,,,,,,,,15.00,,,,,,,false,true,12,2018-04-01,2019-03-31,0
2018-07-31,67580,2019-03-31,1,,,,,,,,,,,,,,,,,,,,,,,,,,,,,,,,,1269175748,1134711,1267498822,false,false,3,2018-04-01,2018-06-30,0
2018-07-31,67580,2018-03-31,1,,,,,,,,,,,,,,,,,,,,,,,,,,,,,,,,,,,1262920194,false,false,3,2017-04-01,2017-06-30,-1
2018-10-30,67580,2019-03-31,2,,,,,,,,,,,,,,,,,,,,20325450000000,,,,,,,,,,,,,,,,true,false,6,2018-04-01,2018-09-30,0
2018-10-30,67580,2018-03-31,2,,,,,,,,,,,,,,,,,,,,19065538000000,,,,,,,,,,,,,,,,true,false,12,2017-04-01,2018-03-31,-1
2018-10-30,67580,2018-03-31,2,,,,,,,,,,,,,,,,,,,,,,,,,,,,,27.50,,,,1266552149,1127101,,false,false,12,2017-04-01,2018-03-31,-1
2018-10-30,67580,2019-03-31,2,,,,,,,,,,,,,,,,,,,,,,,,,,,,,15.00,,,,,,,false,false,12,2018-04-01,2019-03-31,0
2018-10-30,67580,2019-03-31,2,,,,,,,,,,,,,,,,,,,,,,,,,,,,,,,,,1270063442,1160849,1268016735,false,false,6,2018-04-01,2018-09-30,0
2018-10-30,67580,2018-03-31,2,,,,,,,,,,,,,,,,,,,,,,,,,,,,,,,,,,,1263185901,false,false,6,2017-04-01,2017-09-30,-1
2019-02-01,67580,2019-03-31,3,,,,,,,,,,,,,,,,,,,,20922140000000,,,,,,,,,,,,,,,,true,false,9,2018-04-01,2018-12-31,0
2019-02-01,67580,2018-03-31,3,,,,,,,,,,,,,,,,,,,,19065538000000,,,,,,,,,,,,,,,,true,false,12,2017-04-01,2018-03-31,-1
2019-02-01,67580,2018-03-31,3,,,,,,,,,,,,,,,,,,,,,,,,,,,,,27.50,,,,1266552149,1127101,,false,false,12,2017-04-01,2018-03-31,-1
2019-02-01,67580,2019-03-31,3,,,,,,,,,,,,,,,,,,,,,,,,,,,,,15.00,,,,,,,false,false,12,2018-04-01,2019-03-31,0
2019-02-01,67580,2019-03-31,3,,,,,,,,,,,,,,,,,,,,,,,,,,,,,35.00,,,,,,,false,true,12,2018-04-01,2019-03-31,0
2019-02-01,67580,2019-03-31,3,,,,,,,,,,,,,,,,,,,,,,,,,,,,,,,,,1270707442,1167866,1268454951,false,false,9,2018-04-01,2018-12-31,0
2019-02-01,67580,2018-03-31,3,,,,,,,,,,,,,,,,,,,,,,,,,,,,,,,,,,,1263484936,false,false,9,2017-04-01,2017-12-31,-1
2019-04-26,67580,2019-03-31,,,,,,373436000000,-0.304,141747000000,0.281,157462000000,0.336,15127000000,,-0.877,11.94,11.68,,,,,3241916000000,2591685000000,0.796,2062.91,2580173000000,,,,,35.00,,,,1271230341,20483474,1266591976,false,false,12,2018-04-01,2019-03-31,0
2019-04-26,67580,2018-03-31,,,,,,536686000000,-0.569,110662000000,-0.472,117819000000,-0.454,123359000000,,-0.038,97.60,95.45,,,,,3561251000000,2687044000000,0.752,2115.12,2676526000000,,,,,27.50,,,,1266552149,1127101,1263895157,false,false,12,2017-04-01,2018-03-31,-1
2019-04-26,67580,2019-03-31,,,,,,,,,,,,,,,,,,,,,20981586000000,,,,,1258738000000,-1307445000000,-122884000000,1470073000000,,0.048,,,,,,true,false,12,2018-04-01,2019-03-31,0
2019-04-26,67580,2018-03-31,,,,,,,,,,,,,,,,,,,,,19065538000000,,,,,1253971000000,-823068000000,246456000000,1586329000000,,0.071,,,,,,true,false,12,2017-04-01,2018-03-31,-1
2019-07-30,67580,2020-03-31,1,,,,,,,,,,,,,,,,,,,,21607483000000,,,,,,,,,,,,,,,,true,false,3,2019-04-01,2019-06-30,0
2019-07-30,67580,2019-03-31,1,,,,,,,,,,,,,,,,,,,,20981586000000,,,,,,,,,,,,,,,,true,false,12,2018-04-01,2019-03-31,-1
2019-07-30,67580,2019-03-31,1,,,,,,,,,,,,,,,,,,,,,,,,,,,,,35.00,,,,1271230341,20483474,,false,false,12,2018-04-01,2019-03-31,-1
2019-07-30,67580,2020-03-31,1,,,,,,,,,,,,,,,,,,,,,,,,,,,,,20.00,,,,,,,false,true,12,2019-04-01,2020-03-31,0
2019-07-30,67580,2020-03-31,1,,,,,,,,,,,,,,,,,,,,,,,,,,,,,,,,,1271525040,25235303,1249160427,false,false,3,2019-04-01,2019-06-30,0
2019-07-30,67580,2019-03-31,1,,,,,,,,,,,,,,,,,,,,,,,,,,,,,,,,,,,1267498822,false,false,3,2018-04-01,2018-06-30,-1
2019-10-30,67580,2020-03-31,2,,,,,,,,,,,,,,,,,,,,21966296000000,,,,,,,,,,,,,,,,true,false,6,2019-04-01,2019-09-30,0
2019-10-30,67580,2019-03-31,2,,,,,,,,,,,,,,,,,,,,20981586000000,,,,,,,,,,,,,,,,true,false,12,2018-04-01,2019-03-31,-1
2019-10-30,67580,2019-03-31,2,,,,,,,,,,,,,,,,,,,,,,,,,,,,,35.00,,,,1271230341,20483474,,false,false,12,2018-04-01,2019-03-31,-1
2019-10-30,67580,2020-03-31,2,,,,,,,,,,,,,,,,,,,,,,,,,,,,,20.00,,,,,,,false,false,12,2019-04-01,2020-03-31,0
2019-10-30,67580,2020-03-31,2,,,,,,,,,,,,,,,,,,,,,,,,,,,,,,,,,1272266343,41923475,1243085961,false,false,6,2019-04-01,2019-09-30,0
2019-10-30,67580,2019-03-31,2,,,,,,,,,,,,,,,,,,,,,,,,,,,,,,,,,,,1268016735,false,false,6,2018-04-01,2018-09-30,-1
2020-02-04,67580,2020-03-31,3,,,,,,,,,,,,,,,,,,,,22637546000000,,,,,,,,,,,,,,,,true,false,9,2019-04-01,2019-12-31,0
2020-02-04,67580,2019-03-31,3,,,,,,,,,,,,,,,,,,,,20981586000000,,,,,,,,,,,,,,,,true,false,12,2018-04-01,2019-03-31,-1
2020-02-04,67580,2019-03-31,3,,,,,,,,,,,,,,,,,,,,,,,,,,,,,35.00,,,,1271230341,20483474,,false,false,12,2018-04-01,2019-03-31,-1
2020-02-04,67580,2020-03-31,3,,,,,,,,,,,,,,,,,,,,,,,,,,,,,20.00,,,,,,,false,false,12,2019-04-01,2020-03-31,0
2020-02-04,67580,2020-03-31,3,,,,,,,,,,,,,,,,,,,,,,,,,,,,,45.00,,,,,,,false,true,12,2019-04-01,2020-03-31,0
2020-02-04,67580,2020-03-31,3,,,,,,,,,,,,,,,,,,,,,,,,,,,,,,,,,1272999044,46582799,1237842156,false,false,9,2019-04-01,2019-12-31,0
2020-02-04,67580,2019-03-31,3,,,,,,,,,,,,,,,,,,,,,,,,,,,,,,,,,,,1268454951,false,false,9,2018-04-01,2018-12-31,-1
2020-05-13,67580,2020-03-31,,,,,,569092000000,0.524,332309000000,1.344,339288000000,1.155,390987000000,,,316.74,309.75,,,,,3391804000000,2706537000000,0.794,2207.21,2693152000000,,,,,45.00,,,,1261058781,40898841,1234408143,false,false,12,2019-04-01,2020-03-31,0
2020-05-13,67580,2019-03-31,,,,,,373436000000,-0.304,141747000000,0.281,157462000000,0.336,15127000000,,-0.877,11.94,11.68,,,,,3241916000000,2591685000000,0.796,2062.91,2580173000000,,,,,35.00,,,,1271230341,20483474,1266591976,false,false,12,2018-04-01,2019-03-31,-1
2020-05-13,67580,2020-03-31,,,,,,,,,,,,,,,,,,,,,23039343000000,,,,,1349745000000,-1352278000000,65658000000,1512357000000,,0.095,,,,,,true,false,12,2019-04-01,2020-03-31,0
2020-05-13,67580,2019-03-31,,,,,,,,,,,,,,,,,,,,,20981586000000,,,,,1258738000000,-1307445000000,-122884000000,1470073000000,,0.048,,,,,,true,false,12,2018-04-01,2019-03-31,-1
2020-05-13,67580,2020-03-31,,,,,,569092000000,0.524,332309000000,1.344,339288000000,1.155,390987000000,,,316.74,309.75,,,,,3391804000000,2706537000000,0.794,2207.21,2693152000000,,,,,45.00,,,,1261058781,40898841,1234408143,false,false,12,2019-04-01,2020-03-31,0
2020-05-13,67580,2019-03-31,,,,,,373436000000,-0.304,141747000000,0.281,157462000000,0.336,15127000000,,-0.877,11.94,11.68,,,,,3241916000000,2591685000000,0.796,2062.91,2580173000000,,,,,35.00,,,,1271230341,20483474,1266591976,false,false,12,2018-04-01,2019-03-31,-1
2020-05-13,67580,2020-03-31,,,,,,,,,,,,,,,,,,,,,23039343000000,,,,,1349745000000,-1352278000000,65658000000,1512357000000,,0.095,,,,,,true,false,12,2019-04-01,2020-03-31,0
2020-05-13,67580,2019-03-31,,,,,,,,,,,,,,,,,,,,,20981586000000,,,,,1258738000000,-1307445000000,-122884000000,1470073000000,,0.048,,,,,,true,false,12,2018-04-01,2019-03-31,-1
2020-08-04,67580,2021-03-31,1,,,,,,,,,,,,,,,,,,,,23626356000000,,,,,,,,,,,,,,,,true,false,3,2020-04-01,2020-06-30,0
2020-08-04,67580,2020-03-31,1,,,,,,,,,,,,,,,,,,,,23039343000000,,,,,,,,,,,,,,,,true,false,12,2019-04-01,2020-03-31,-1
2020-08-04,67580,2020-03-31,1,,,,,,,,,,,,,,,,,,,,,,,,,,,,,45.00,,,,1261058781,40898841,,false,false,12,2019-04-01,2020-03-31,-1
2020-08-04,67580,2021-03-31,1,,,,,,,,,,,,,,,,,,,,,,,,,,,,,25.00,,,,,,,false,true,12,2020-04-01,2021-03-31,0
2020-08-04,67580,2021-03-31,1,,,,,,,,,,,,,,,,,,,,,,,,,,,,,,,,,1261058781,39628411,1220628816,false,false,3,2020-04-01,2020-06-30,0
2020-08-04,67580,2020-03-31,1,,,,,,,,,,,,,,,,,,,,,,,,,,,,,,,,,,,1249160427,false,false,3,2019-04-01,2019-06-30,-1
2020-10-28,67580,2021-03-31,2,,,,,,,,,,,,,,,,,,,,24951813000000,,,,,,,,,,,,,,,,true,false,6,2020-04-01,2020-09-30,0
2020-10-28,67580,2020-03-31,2,,,,,,,,,,,,,,,,,,,,23039343000000,,,,,,,,,,,,,,,,true,false,12,2019-04-01,2020-03-31,-1
2020-10-28,67580,2020-03-31,2,,,,,,,,,,,,,,,,,,,,,,,,,,,,,45.00,,,,1261058781,40898841,,false,false,12,2019-04-01,2020-03-31,-1
2020-10-28,67580,2021-03-31,2,,,,,,,,,,,,,,,,,,,,,,,,,,,,,25.00,,,,,,,false,false,12,2020-04-01,2021-03-31,0
2020-10-28,67580,2021-03-31,2,,,,,,,,,,,,,,,,,,,,,,,,,,,,,,,,,1261058781,27501719,1224237013,false,false,6,2020-04-01,2020-09-30,0
2020-10-28,67580,2020-03-31,2,,,,,,,,,,,,,,,,,,,,,,,,,,,,,,,,,,,1243085961,false,false,6,2019-04-01,2019-09-30,-1
2021-02-03,67580,2021-03-31,3,,,,,,,,,,,,,,,,,,,,25881122000000,,,,,,,,,,,,,,,,true,false,9,2020-04-01,2020-12-31,0
2021-02-03,67580,2020-03-31,3,,,,,,,,,,,,,,,,,,,,23039343000000,,,,,,,,,,,,,,,,true,false,12,2019-04-01,2020-03-31,-1
2021-02-03,67580,2020-03-31,3,,,,,,,,,,,,,,,,,,,,,,,,,,,,,45.00,,,,1261058781,40898841,,false,false,12,2019-04-01,2020-03-31,-1
2021-02-03,67580,2021-03-31,3,,,,,,,,,,,,,,,,,,,,,,,,,,,,,25.00,,,,,,,false,false,12,2020-04-01,2021-03-31,0
2021-02-03,67580,2021-03-31,3,,,,,,,,,,,,,,,,,,,,,,,,,,,,,55.00,,,,,,,false,true,12,2020-04-01,2021-03-31,0
2021-02-03,67580,2021-03-31,3,,,,,,,,,,,,,,,,,,,,,,,,,,,,,,,,,1261058781,24670705,1227878588,false,false,9,2020-04-01,2020-12-31,0
2021-02-03,67580,2020-03-31,3,,,,,,,,,,,,,,,,,,,,,,,,,,,,,,,,,,,1237842156,false,false,9,2019-04-01,2019-12-31,-1
2021-04-28,67580,2022-03-31,,9700000000000,,,,,,930000000000,,,,,660000000000,,,,,,,,,,,,,,,,,,,,,,,,true,true,12,2021-04-01,2022-03-31,1
2021-04-28,67580,2021-03-31,,,,,,314611000000,-0.447,92706000000,-0.721,118884000000,-0.650,195669000000,,-0.500,159.02,156.45,,,,,3777312000000,2940987000000,0.775,2361.33,2926229000000,,,,,55.00,,,,1261058781,21831206,1230479908,false,false,12,2020-04-01,2021-03-31,0
2021-04-28,67580,2020-03-31,,,,,,569092000000,0.524,332309000000,1.344,339288000000,1.155,390987000000,,,316.74,309.75,,,,,3391804000000,2706537000000,0.794,2207.21,2693152000000,,,,,45.00,,,,1261058781,40898841,1234408143,false,false,12,2019-04-01,2020-03-31,-1
2021-04-28,67580,2021-03-31,,,,,,,,,,,,,,,,,,,,,26354840000000,,,,,1350150000000,-1781516000000,666967000000,1786982000000,,0.058,,,,,,true,false,12,2020-04-01,2021-03-31,0
2021-04-28,67580,2020-03-31,,,,,,,,,,,,,,,,,,,,,23039343000000,,,,,1349745000000,-1352278000000,65658000000,1512357000000,,0.095,,,,,,true,false,12,2019-04-01,2020-03-31,-1
2021-04-28,67580,2022-03-31,,,,,,,,,,,,,,,,,,,,,,,,,,,,,,30.00,,,,,,,false,true,12,2021-04-01,2022-03-31,1
2021-08-04,6758,2022-03-31,1,,,,,,,280068000000,0.263,,,,211829000000,,170.95,169.22,,,,,28269689000000,,,,,,,,,,,,,,,,true,false,3,2021-04-01,2021-06-30,0
2021-08-04,6758,2021-03-31,1,,,,,,,221725000000,,,,,193583000000,,158.59,155.27,,,,,,,,,,,,,,,,,,,,,true,false,3,2020-04-01,2020-06-30,-1
2021-08-04,6758,2022-03-31,1,,,,,,,980000000000,0.026,,,,700000000000,,,,,,,,,,,,,,,,,,,,,,,,true,true,12,2021-04-01,2022-03-31,0
2021-08-04,6758,2021-03-31,1,,,,,,,,,,,,,,,,,,,,27507843000000,,,,,,,,,,,,,,,,true,false,12,2020-04-01,2021-03-31,-1
2021-08-04,6758,2021-03-31,1,,,,,,,,,,,,,,,,,,,,,,,,,,,,,55.00,,,,1261058781,21831206,,false,false,12,2020-04-01,2021-03-31,-1
2021-08-04,6758,2022-03-31,1,,,,,,,,,,,,,,,,,,,,,,,,,,,,,30.00,,,,,,,false,true,12,2021-04-01,2022-03-31,0
2021-08-04,6758,2022-03-31,1,,,,,,,,,,,,,,,,,,,,,,,,,,,,,,,,,1261058781,21860405,1239161674,false,false,3,2021-04-01,2021-06-30,0
2021-08-04,6758,2021-03-31,1,,,,,,,,,,,,,,,,,,,,,,,,,,,,,,,,,,,1220628816,false,false,3,2020-04-01,2020-06-30,-1
2021-10-28,6758,2022-03-31,2,,,,,,,598527000000,0.115,,,,424935000000,,342.80,339.45,,,,,28666866000000,,,,,,,,,,,,,,,,true,false,6,2021-04-01,2021-09-30,0
2021-10-28,6758,2021-03-31,2,,,,,,,536949000000,,,,,652180000000,,532.72,522.51,,,,,,,,,,,,,,,,,,,,,true,false,6,2020-04-01,2020-09-30,-1
2021-10-28,6758,2022-03-31,2,,,,,,,1040000000000,0.089,,,,730000000000,,,,,,,,,,,,,,,,,,,,,,,,true,true,12,2021-04-01,2022-03-31,0
2021-10-28,6758,2021-03-31,2,,,,,,,,,,,,,,,,,,,,27507843000000,,,,,,,,,,,,,,,,true,false,12,2020-04-01,2021-03-31,-1
2021-10-28,6758,2021-03-31,2,,,,,,,,,,,,,,,,,,,,,,,,,,,,,55.00,,,,1261058781,21831206,,false,false,12,2020-04-01,2021-03-31,-1
2021-10-28,6758,2022-03-31,2,,,,,,,,,,,,,,,,,,,,,,,,,,,,,30.00,,,,,,,false,false,12,2021-04-01,2022-03-31,0
2021-10-28,6758,2022-03-31,2,,,,,,,,,,,,,,,,,,,,,,,,,,,,,,,,,1261058781,20794759,1239605652,false,false,6,2021-04-01,2021-09-30,0
2021-10-28,6758,2021-03-31,2,,,,,,,,,,,,,,,,,,,,,,,,,,,,,,,,,,,1224237013,false,false,6,2020-04-01,2020-09-30,-1
2022-02-02,6758,2022-03-31,3,,,,,,,1063710000000,0.197,,,,771096000000,,622.03,616.00,,,,,29995137000000,,,,,,,,,,,,,,,,true,false,9,2021-04-01,2021-12-31,0
2022-02-02,6758,2021-03-31,3,,,,,,,888842000000,,,,,962911000000,,784.21,770.92,,,,,,,,,,,,,,,,,,,,,true,false,9,2020-04-01,2020-12-31,-1
2022-02-02,6758,2022-03-31,3,,,,,,,1200000000000,0.256,,,,860000000000,,,,,,,,,,,,,,,,,,,,,,,,true,true,12,2021-04-01,2022-03-31,0
2022-02-02,6758,2021-03-31,3,,,,,,,,,,,,,,,,,,,,27507843000000,,,,,,,,,,,,,,,,true,false,12,2020-04-01,2021-03-31,-1
2022-02-02,6758,2021-03-31,3,,,,,,,,,,,,,,,,,,,,,,,,,,,,,55.00,,,,1261058781,21831206,,false,false,12,2020-04-01,2021-03-31,-1
2022-02-02,6758,2022-03-31,3,,,,,,,,,,,,,,,,,,,,,,,,,,,,,30.00,,,,,,,false,false,12,2021-04-01,2022-03-31,0
2022-02-02,6758,2022-03-31,3,,,,,,,,,,,,,,,,,,,,,,,,,,,,,65.00,,,,,,,false,true,12,2021-04-01,2022-03-31,0
2022-02-02,6758,2022-03-31,3,,,,,,,,,,,,,,,,,,,,,,,,,,,,,,,,,1261081781,21575685,1239640118,false,false,9,2021-04-01,2021-12-31,0
2022-02-02,6758,2021-03-31,3,,,,,,,,,,,,,,,,,,,,,,,,,,,,,,,,,,,1227878588,false,false,9,2020-04-01,2020-12-31,-1
2022-05-10,6758,2022-03-31,,,,,,406247000000,0.291,217504000000,1.346,226660000000,0.907,238126000000,,0.217,192.15,190.31,,,,,5417832000000,3060824000000,0.561,2457.65,3040124000000,,,,,65.00,,,,1261081781,24078136,1239299392,false,false,12,2021-04-01,2022-03-31,0
2022-05-10,6758,2021-03-31,,,,,,314611000000,-0.447,92706000000,-0.721,118884000000,-0.650,195669000000,,-0.500,159.02,156.45,,,,,3777312000000,2940987000000,0.775,2361.33,2926229000000,,,,,55.00,,,,1261058781,21831206,1230479908,false,false,12,2020-04-01,2021-03-31,-1
2022-05-10,6758,2022-03-31,,,,,,,,1202339000000,0.259,,,,882178000000,,711.84,705.16,,,,,30480967000000,,,,,1233643000000,-728780000000,-336578000000,,,0.091,,,,,,true,false,12,2021-04-01,2022-03-31,0
2022-05-10,6758,2021-03-31,,,,,,,,955255000000,,,,,1029610000000,,836.75,823.77,,,,,27507843000000,,,,,1140217000000,-563910000000,-338533000000,,,0.066,,,,,,true,false,12,2020-04-01,2021-03-31,-1
2022-05-10,6758,2023-03-31,,,,,,,,1160000000000,-0.035,,,,830000000000,,,,,,,,,,,,,,,,,,,,,,,,true,true,12,2022-04-01,2023-03-31,1
2022-05-10,6758,2023-03-31,,,,,,,,,,,,,,,,,,,,,,,,,,,,,,35.00,,,,,,,false,true,12,2022-04-01,2023-03-31,1
2022-07-29,6758,2023-03-31,1,,,,,,,306963000000,0.096,,,,218196000000,,176.46,175.21,,,,,30374896000000,,,,,,,,,,,,,,,,true,false,3,2022-04-01,2022-06-30,0
2022-07-29,6758,2022-03-31,1,,,,,,,280068000000,0.263,,,,211829000000,,170.95,169.22,,,,,,,,,,,,,,,,,,,,,true,false,3,2021-04-01,2021-06-30,-1
2022-07-29,6758,2023-03-31,1,,,,,,,1110000000000,-0.077,,,,800000000000,,,,,,,,,,,,,,,,,,,,,,,,true,true,12,2022-04-01,2023-03-31,0
2022-07-29,6758,2022-03-31,1,,,,,,,,,,,,,,,,,,,,30480967000000,,,,,,,,,,,,,,,,true,false,12,2021-04-01,2022-03-31,-1
2022-07-29,6758,2022-03-31,1,,,,,,,,,,,,,,,,,,,,,,,,,,,,,65.00,,,,1261081781,24078136,,false,false,12,2021-04-01,2022-03-31,-1
2022-07-29,6758,2023-03-31,1,,,,,,,,,,,,,,,,,,,,,,,,,,,,,35.00,,,,,,,false,true,12,2022-04-01,2023-03-31,0
2022-07-29,6758,2023-03-31,1,,,,,,,,,,,,,,,,,,,,,,,,,,,,,,,,,1261081781,24606610,1236488860,false,false,3,2022-04-01,2022-06-30,0
2022-07-29,6758,2022-03-31,1,,,,,,,,,,,,,,,,,,,,,,,,,,,,,,,,,,,1239161674,false,false,3,2021-04-01,2021-06-30,-1
2022-11-01,6758,2023-03-31,2,,,,,,,651005000000,0.088,,,,482159000000,,389.90,387.46,,,,,31376002000000,,,,,,,,,,,,,,,,true,false,6,2022-04-01,2022-09-30,0
2022-11-01,6758,2022-03-31,2,,,,,,,598527000000,0.115,,,,424935000000,,342.80,339.45,,,,,,,,,,,,,,,,,,,,,true,false,6,2021-04-01,2021-09-30,-1
2022-11-01,6758,2023-03-31,2,,,,,,,1160000000000,-0.035,,,,840000000000,,,,,,,,,,,,,,,,,,,,,,,,true,true,12,2022-04-01,2023-03-31,0
2022-11-01,6758,2022-03-31,2,,,,,,,,,,,,,,,,,,,,30480967000000,,,,,,,,,,,,,,,,true,false,12,2021-04-01,2022-03-31,-1
2022-11-01,6758,2022-03-31,2,,,,,,,,,,,,,,,,,,,,,,,,,,,,,65.00,,,,1261081781,24078136,,false,false,12,2021-04-01,2022-03-31,-1
2022-11-01,6758,2023-03-31,2,,,,,,,,,,,,,,,,,,,,,,,,,,,,,35.00,,,,,,,false,false,12,2022-04-01,2023-03-31,0
2022-11-01,6758,2023-03-31,2,,,,,,,,,,,,,,,,,,,,,,,,,,,,,,,,,1261081781,22791885,1236621921,false,false,6,2022-04-01,2022-09-30,0
2022-11-01,6758,2022-03-31,2,,,,,,,,,,,,,,,,,,,,,,,,,,,,,,,,,,,1239605652,false,false,6,2021-04-01,2021-09-30,-1
2023-02-02,6758,2023-03-31,3,,,,,,,1079742000000,0.015,,,,808968000000,,654.41,651.11,,,,,30872490000000,,,,,,,,,,,,,,,,true,false,9,2022-04-01,2022-12-31,0
2023-02-02,6758,2022-03-31,3,,,,,,,1063710000000,0.197,,,,771096000000,,622.03,616.00,,,,,,,,,,,,,,,,,,,,,true,false,9,2021-04-01,2021-12-31,-1
2023-02-02,6758,2023-03-31,3,,,,,,,1180000000000,-0.019,,,,870000000000,,,,,,,,,,,,,,,,,,,,,,,,true,true,12,2022-04-01,2023-03-31,0
2023-02-02,6758,2022-03-31,3,,,,,,,,,,,,,,,,,,,,30480967000000,,,,,,,,,,,,,,,,true,false,12,2021-04-01,2022-03-31,-1
2023-02-02,6758,2022-03-31,3,,,,,,,,,,,,,,,,,,,,,,,,,,,,,65.00,,,,1261081781,24078136,,false,false,12,2021-04-01,2022-03-31,-1
2023-02-02,6758,2023-03-31,3,,,,,,,,,,,,,,,,,,,,,,,,,,,,,35.00,,,,,,,false,false,12,2022-04-01,2023-03-31,0
2023-02-02,6758,2023-03-31,3,,,,,,,,,,,,,,,,,,,,,,,,,,,,,75.00,,,,,,,false,true,12,2022-04-01,2023-03-31,0
2023-02-02,6758,2023-03-31,3,,,,,,,,,,,,,,,,,,,,,,,,,,,,,,,,,1261081781,26391450,1236176352,false,false,9,2022-04-01,2022-12-31,0
2023-02-02,6758,2022-03-31,3,,,,,,,,,,,,,,,,,,,,,,,,,,,,,,,,,,,1239640118,false,false,9,2021-04-01,2021-12-31,-1
2023-04-28,6758,2023-03-31,,,,,,490890000000,0.208,297091000000,0.366,312705000000,0.380,316913000000,,0.331,256.46,255.29,,,,,5225223000000,3240662000000,0.614,2600.29,3210046000000,,,,,75.00,,,,1261081781,26584221,1235700843,false,false,12,2022-04-01,2023-03-31,0
2023-04-28,6758,2022-03-31,,,,,,406247000000,0.291,217504000000,1.346,226660000000,0.907,238126000000,,0.217,192.15,190.31,,,,,5417832000000,3060824000000,0.561,2457.65,3040124000000,,,,,65.00,,,,1261081781,24078136,1239299392,false,false,12,2021-04-01,2022-03-31,-1
2023-04-28,6758,2023-03-31,,,,,,,,1208206000000,0.005,,,,937126000000,,758.38,754.95,,,,,32041222000000,,,,,314691000000,-1052664000000,84300000000,,,0.099,,,,,,true,false,12,2022-04-01,2023-03-31,0
2023-04-28,6758,2022-03-31,,,,,,,,1202339000000,0.259,,,,882178000000,,711.84,705.16,,,,,30480967000000,,,,,1233643000000,-728780000000,-336578000000,,,0.091,,,,,,true,false,12,2021-04-01,2022-03-31,-1
2023-04-28,6758,2024-03-31,,,,,,,,1170000000000,-0.032,,,,840000000000,,,,,,,,,,,,,,,,,,,,,,,,true,true,12,2023-04-01,2024-03-31,1
2023-04-28,6758,2024-03-31,,,,,,,,,,,,,,,,,,,,,,,,,,,,,,40.00,,,,,,,false,true,12,2023-04-01,2024-03-31,1
2023-08-09,6758,2024-03-31,1,,,,,,,253042000000,-0.306,,,,217545000000,,176.26,175.67,,,,,32860017000000,,,,,,,,,,,,,,,,true,false,3,2023-04-01,2023-06-30,0
2023-08-09,6758,2023-03-31,1,,,,,,,364865000000,,,,,261094000000,,211.16,209.66,,,,,,,,,,,,,,,,,,,,,true,false,3,2022-04-01,2022-06-30,-1
2023-08-09,6758,2024-03-31,1,,,,,,,1170000000000,-0.102,,,,860000000000,,,,,,,,,,,,,,,,,,,,,,,,true,true,12,2023-04-01,2024-03-31,0
2023-08-09,6758,2023-03-31,1,,,,,,,,,,,,,,,,,,,,31154095000000,,,,,,,,,,,,,,,,true,false,12,2022-04-01,2023-03-31,-1
2023-08-09,6758,2023-03-31,1,,,,,,,,,,,,,,,,,,,,,,,,,,,,,75.00,,,,1261081781,26584221,,false,false,12,2022-04-01,2023-03-31,-1
2023-08-09,6758,2024-03-31,1,,,,,,,,,,,,,,,,,,,,,,,,,,,,,40.00,,,,,,,false,true,12,2023-04-01,2024-03-31,0
2023-08-09,6758,2024-03-31,1,,,,,,,,,,,,,,,,,,,,,,,,,,,,,,,,,1261081781,26858560,1234242212,false,false,3,2023-04-01,2023-06-30,0
2023-08-09,6758,2023-03-31,1,,,,,,,,,,,,,,,,,,,,,,,,,,,,,,,,,,,1236488860,false,false,3,2022-04-01,2022-06-30,-1
2023-11-09,6758,2024-03-31,2,,,,,,,516051000000,-0.297,,,,417650000000,,338.48,337.39,,,,,32968793000000,,,,,,,,,,,,,,,,true,false,6,2023-04-01,2023-09-30,0
2023-11-09,6758,2023-03-31,2,,,,,,,734268000000,,,,,542775000000,,438.92,436.17,,,,,,,,,,,,,,,,,,,,,true,false,6,2022-04-01,2022-09-30,-1
2023-11-09,6758,2024-03-31,2,,,,,,,1170000000000,-0.102,,,,880000000000,,,,,,,,,,,,,,,,,,,,,,,,true,true,12,2023-04-01,2024-03-31,0
2023-11-09,6758,2023-03-31,2,,,,,,,,,,,,,,,,,,,,31154095000000,,,,,,,,,,,,,,,,true,false,12,2022-04-01,2023-03-31,-1
2023-11-09,6758,2023-03-31,2,,,,,,,,,,,,,,,,,,,,,,,,,,,,,75.00,,,,1261081781,26584221,,false,false,12,2022-04-01,2023-03-31,-1
2023-11-09,6758,2024-03-31,2,,,,,,,,,,,,,,,,,,,,,,,,,,,,,40.00,,,,,,,false,false,12,2023-04-01,2024-03-31,0
2023-11-09,6758,2024-03-31,2,,,,,,,,,,,,,,,,,,,,,,,,,,,,,,,,,1261081781,28444887,1233915248,false,false,6,2023-04-01,2023-09-30,0
2023-11-09,6758,2023-03-31,2,,,,,,,,,,,,,,,,,,,,,,,,,,,,,,,,,,,1236621921,false,false,6,2022-04-01,2022-09-30,-1
2024-02-14,6758,2024-03-31,3,,,,,,,979389000000,-0.153,,,,781568000000,,633.94,631.93,,,,,33643625000000,,,,,,,,,,,,,,,,true,false,9,2023-04-01,2023-12-31,0
2024-02-14,6758,2023-03-31,3,,,,,,,1155849000000,,,,,864296000000,,699.17,695.64,,,,,,,,,,,,,,,,,,,,,true,false,9,2022-04-01,2022-12-31,-1
2024-02-14,6758,2024-03-31,3,,,,,,,1180000000000,-0.094,,,,920000000000,,,,,,,,,,,,,,,,,,,,,,,,true,true,12,2023-04-01,2024-03-31,0
2024-02-14,6758,2023-03-31,3,,,,,,,,,,,,,,,,,,,,31154095000000,,,,,,,,,,,,,,,,true,false,12,2022-04-01,2023-03-31,-1
2024-02-14,6758,2023-03-31,3,,,,,,,,,,,,,,,,,,,,,,,,,,,,,75.00,,,,1261081781,26584221,,false,false,12,2022-04-01,2023-03-31,-1
2024-02-14,6758,2024-03-31,3,,,,,,,,,,,,,,,,,,,,,,,,,,,,,40.00,,,,,,,false,false,12,2023-04-01,2024-03-31,0
2024-02-14,6758,2024-03-31,3,,,,,,,,,,,,,,,,,,,,,,,,,,,,,85.00,,,,,,,false,true,12,2023-04-01,2024-03-31,0
2024-02-14,6758,2024-03-31,3,,,,,,,,,,,,,,,,,,,,,,,,,,,,,,,,,1261231889,30756717,1232878640,false,false,9,2023-04-01,2023-12-31,0
2024-02-14,6758,2023-03-31,3,,,,,,,,,,,,,,,,,,,,,,,,,,,,,,,,,,,1236176352,false,false,9,2022-04-01,2022-12-31,-1
2024-05-14,6758,2024-03-31,,,,,,473255000000,-0.036,294675000000,-0.008,303611000000,-0.029,316396000000,,-0.002,256.97,256.12,,,,,4965082000000,3289233000000,0.655,2661.69,3251114000000,,,,,85.00,,,,1261231889,39783003,1231242015,false,false,12,2023-04-01,2024-03-31,0
2024-05-14,6758,2023-03-31,,,,,,490890000000,0.208,297091000000,0.366,312705000000,0.380,316913000000,,0.331,256.46,255.29,,,,,5225223000000,3240662000000,0.614,2600.29,3210046000000,,,,,75.00,,,,1261081781,26584221,1235700843,false,false,12,2022-04-01,2023-03-31,-1
2024-05-14,6758,2024-03-31,,,,,,,,1208831000000,-0.072,,,,970573000000,,788.29,785.68,,,,,34107490000000,,,,,1373213000000,-818886000000,-210709000000,,,0.108,,,,,,true,false,12,2023-04-01,2024-03-31,0
2024-05-14,6758,2023-03-31,,,,,,,,1302389000000,,,,,1005277000000,,813.53,809.85,,,,,31154095000000,,,,,314691000000,-1052664000000,84300000000,,,0.092,,,,,,true,false,12,2022-04-01,2023-03-31,-1
2024-05-14,6758,2025-03-31,,,,,,,,1275000000000,0.055,,,,925000000000,,,,,,,,,,,,,,,,,,,,,,,,true,true,12,2024-04-01,2025-03-31,1
2024-05-14,6758,2025-03-31,,,,,,,,,,,,,,,,,,,,,,,,,,,,,,10.00,,,,,,,false,true,12,2024-04-01,2025-03-31,1
2024-08-07,6758,2025-03-31,1,,,,,,,279106000000,0.103,,,,231638000000,,189.90,189.43,,,,,34677809000000,,,,,,,,,,,,,,,,true,false,3,2024-04-01,2024-06-30,0
2024-08-07,6758,2024-03-31,1,,,,,,,253042000000,-0.306,,,,217545000000,,176.26,175.67,,,,,,,,,,,,,,,,,,,,,true,false,3,2023-04-01,2023-06-30,-1
2024-08-07,6758,2025-03-31,1,,,,,,,1310000000000,0.084,,,,980000000000,,,,,,,,,,,,,,,,,,,,,,,,true,true,12,2024-04-01,2025-03-31,0
2024-08-07,6758,2024-03-31,1,,,,,,,,,,,,,,,,,,,,34107490000000,,,,,,,,,,,,,,,,true,false,12,2023-04-01,2024-03-31,-1
2024-08-07,6758,2024-03-31,1,,,,,,,,,,,,,,,,,,,,,,,,,,,,,85.00,,,,1261231889,39783003,,false,false,12,2023-04-01,2024-03-31,-1
2024-08-07,6758,2025-03-31,1,,,,,,,,,,,,,,,,,,,,,,,,,,,,,10.00,,,,,,,false,true,12,2024-04-01,2025-03-31,0
2024-08-07,6758,2025-03-31,1,,,,,,,,,,,,,,,,,,,,,,,,,,,,,,,,,1248619589,30868630,1219769683,false,false,3,2024-04-01,2024-06-30,0
2024-08-07,6758,2024-03-31,1,,,,,,,,,,,,,,,,,,,,,,,,,,,,,,,,,,,1234242212,false,false,3,2023-04-01,2023-06-30,-1
2024-11-08,6758,2025-03-31,2,,,,,,,734183000000,0.423,,,,570134000000,,93.84,93.53,,,,,34280701000000,,,,,,,,,,,,,,,,true,false,6,2024-04-01,2024-09-30,0
2024-11-08,6758,2024-03-31,2,,,,,,,516051000000,-0.297,,,,417650000000,,67.70,67.48,,,,,,,,,,,,,,,,,,,,,true,false,6,2023-04-01,2023-09-30,-1
2024-11-08,6758,2025-03-31,2,,,,,,,1310000000000,0.084,,,,980000000000,,,,,,,,,,,,,,,,,,,,,,,,true,true,12,2024-04-01,2025-03-31,0
2024-11-08,6758,2024-03-31,2,,,,,,,,,,,,,,,,,,,,34107490000000,,,,,,,,,,,,,,,,true,false,12,2023-04-01,2024-03-31,-1
2024-11-08,6758,2024-03-31,2,,,,,,,,,,,,,,,,,,,,,,,,,,,,,85.00,,,,6306159445,198915015,,false,false,12,2023-04-01,2024-03-31,-1
2024-11-08,6758,2025-03-31,2,,,,,,,,,,,,,,,,,,,,,,,,,,,,,50.00,,,,,,,false,false,12,2024-04-01,2025-03-31,0
2024-11-08,6758,2025-03-31,2,,,,,,,,,,,,,,,,,,,,,,,,,,,,,10.00,,,,,,,false,true,12,2024-04-01,2025-03-31,0
2024-11-08,6758,2025-03-31,2,,,,,,,,,,,,,,,,,,,,,,,,,,,,,,,,,6243097945,208436240,6075284132,false,false,6,2024-04-01,2024-09-30,0
2024-11-08,6758,2024-03-31,2,,,,,,,,,,,,,,,,,,,,,,,,,,,,,,,,,,,6169576238,false,false,6,2023-04-01,2023-09-30,-1
2025-02-13,6758,2025-03-31,3,,,,,,,1203514000000,0.229,,,,943873000000,,155.83,155.25,,,,,35991547000000,,,,,,,,,,,,,,,,true,false,9,2024-04-01,2024-12-31,0
2025-02-13,6758,2024-03-31,3,,,,,,,979389000000,-0.153,,,,781568000000,,126.79,126.39,,,,,,,,,,,,,,,,,,,,,true,false,9,2023-04-01,2023-12-31,-1
2025-02-13,6758,2025-03-31,3,,,,,,,1335000000000,0.104,,,,1080000000000,,,,,,,,,,,,,,,,,,,,,,,,true,true,12,2024-04-01,2025-03-31,0
2025-02-13,6758,2024-03-31,3,,,,,,,,,,,,,,,,,,,,34107490000000,,,,,,,,,,,,,,,,true,false,12,2023-04-01,2024-03-31,-1
2025-02-13,6758,2024-03-31,3,,,,,,,,,,,,,,,,,,,,,,,,,,,,,85.00,,,,6306159445,198915015,,false,false,12,2023-04-01,2024-03-31,-1
2025-02-13,6758,2025-03-31,3,,,,,,,,,,,,,,,,,,,,,,,,,,,,,50.00,,,,,,,false,false,12,2024-04-01,2025-03-31,0
2025-02-13,6758,2025-03-31,3,,,,,,,,,,,,,,,,,,,,,,,,,,,,,10.00,,,,,,,false,true,12,2024-04-01,2025-03-31,0
2025-02-13,6758,2025-03-31,3,,,,,,,,,,,,,,,,,,,,,,,,,,,,,,,,,6149810645,124626241,6057239707,false,false,9,2024-04-01,2024-12-31,0
2025-02-13,6758,2024-03-31,3,,,,,,,,,,,,,,,,,,,,,,,,,,,,,,,,,,,6164393200,false,false,9,2023-04-01,2023-12-31,-1
2025-05-14,6758,2025-03-31,,,,,,480922000000,0.016,320175000000,0.087,322865000000,0.063,361678000000,,0.143,59.78,59.53,,,,,5281630000000,3295554000000,0.617,540.61,3257169000000,,,,,10.00,,,,6149810645,124806850,6049652046,false,false,12,2024-04-01,2025-03-31,0
2025-05-14,6758,2024-03-31,,,,,,473255000000,-0.036,294675000000,-0.008,303611000000,-0.029,316396000000,,-0.002,51.39,51.22,,,,,4965082000000,3289233000000,0.655,532.34,3251114000000,,,,,85.00,,,,6306159445,198915015,6156210073,false,false,12,2023-04-01,2024-03-31,-1
2025-05-14,6758,2025-03-31,,,,,,,,1407163000000,0.164,,,,1141600000000,,188.71,187.92,,,,,35293173000000,,,,,2321675000000,-930120000000,-298243000000,,,0.106,,,,,,true,false,12,2024-04-01,2025-03-31,0
2025-05-14,6758,2024-03-31,,,,,,,,1208831000000,-0.072,,,,970573000000,,157.66,157.14,,,,,34107490000000,,,,,1373213000000,-818886000000,-210709000000,,,0.108,,,,,,true,false,12,2023-04-01,2024-03-31,-1
2025-05-14,6758,2026-03-31,,,,,,,,1280000000000,0.003,,,,930000000000,,,,,,,,,,,,,,,,,,,,,,,,true,true,12,2025-04-01,2026-03-31,1
2025-05-14,6758,2026-03-31,,,,,,,,,,,,,,,,,,,,,,,,,,,,,,25.00,,,,,,,false,true,12,2025-04-01,2026-03-31,1
