filing_date,code,fiscal_year_end,quarterly_period,net_sales,net_sales_change,revenue,revenue_change,operating_revenue,operating_revenue_change,operating_profit,operating_profit_change,ordinary_profit,ordinary_profit_change,net_income,net_income_of_parent,net_income_change,eps,diluted_eps,roe,roa,operating_profit_to_net_sales,operating_profit_to_revenue,total_assets,net_assets,equity_ratio,bps,owner_equity,operating_cash_flow,investing_cash_flow,financing_cash_flow,cash,dividend_per_share,payout_ratio,commemorative_dividend,extra_dividend,number_of_shares,number_of_treqsury_shares,avg_number_of_shares,is_consolidated,is_forecast,duration,period_start,period_end,period_pos
2015-07-29,67700,2016-03-31,1,194226000000,0.161,,,,,13435000000,1.188,13406000000,1.293,,8642000000,,47.89,44.61,,,,,583001000000,299874000000,0.335,1069.05,195488000000,,,,,,,,,,,,true,false,3,2015-04-01,2015-06-30,0
2015-07-29,67700,2015-03-31,1,167347000000,0.074,,,,,6139000000,0.950,5846000000,0.970,,1823000000,,10.17,9.26,,,,,,,,,,,,,,,,,,,,,true,false,3,2014-04-01,2014-06-30,-1
2015-07-29,67700,2016-03-31,1,378000000000,0.069,,,,,24000000000,0.230,23500000000,0.122,,20000000000,,110.83,,,,,,,,,,,,,,,,,,,,,,true,true,6,2015-04-01,2015-09-30,0
2015-07-29,67700,2016-03-31,1,767000000000,0.025,,,,,54500000000,0.018,54500000000,-0.054,,41500000000,,229.98,,,,,,,,,,,,,,,,,,,,,,true,true,12,2015-04-01,2016-03-31,0
2015-07-29,67700,2015-03-31,1,,,,,,,,,,,,,,,,,,,,570482000000,283700000000,0.315,1001.55,179522000000,,,,,,,,,,,,true,false,12,2014-04-01,2015-03-31,-1
2015-07-29,67700,2015-03-31,1,,,,,,,,,,,,,,,,,,,,,,,,,,,,,15.00,,,,181559956,2314850,,false,false,12,2014-04-01,2015-03-31,-1
2015-07-29,67700,2016-03-31,1,,,,,,,,,,,,,,,,,,,,,,,,,,,,,20.00,,,,,,,false,true,12,2015-04-01,2016-03-31,0
2015-07-29,67700,2016-03-31,1,,,,,,,,,,,,,,,,,,,,,,,,,,,,,,,,,185172594,2310401,180450605,false,false,3,2015-04-01,2015-06-30,0
2015-07-29,67700,2015-03-31,1,,,,,,,,,,,,,,,,,,,,,,,,,,,,,,,,,,,179244577,false,false,3,2014-04-01,2014-06-30,-1
2015-07-29,67700,2016-03-31,,378000000000,0.000,,,,,24000000000,0.000,23500000000,0.000,20000000000,,0.333,110.83,,,,,,,,,,,,,,,,,,,,,,true,true,6,2015-04-01,2015-09-30,0
2015-07-29,67700,2015-03-31,,353557000000,,,,,,19519000000,,20947000000,,12964000000,,,72.33,,,,,,,,,,,,,,,,,,,,,,true,false,6,2014-04-01,2014-09-30,-1
2015-07-29,67700,2016-03-31,,767000000000,0.000,,,,,54500000000,0.000,54500000000,0.000,41500000000,,0.137,229.98,,,,,,,,,,,,,,,,,,,,,,true,true,12,2015-04-01,2016-03-31,0
2015-07-29,67700,2015-03-31,,748614000000,,,,,,53534000000,,57594000000,,34739000000,,,193.81,,,,,,,,,,,,,,,,,,,,,,true,false,12,2014-04-01,2015-03-31,-1
2015-09-28,67700,2016-03-31,,394000000000,0.042,,,,,31000000000,0.292,30500000000,0.298,25500000000,,0.275,141.31,,,,,,,,,,,,,,,,,,,,,,true,true,6,2015-04-01,2015-09-30,0
2015-09-28,67700,2015-03-31,,353557000000,,,,,,19519000000,,20947000000,,12964000000,,,72.33,,,,,,,,,,,,,,,,,,,,,,true,false,6,2014-04-01,2014-09-30,-1
2015-10-29,67700,2016-03-31,2,395308000000,0.118,,,,,32047000000,0.642,30948000000,0.477,,29152000000,,157.97,147.10,,,,,594876000000,335313000000,0.382,1181.55,227038000000,,,,,,,,,,,,true,false,6,2015-04-01,2015-09-30,0
2015-10-29,67700,2015-03-31,2,353557000000,0.077,,,,,19519000000,0.752,20947000000,0.942,,12964000000,,72.33,66.08,,,,,,,,,,,,,,,,,,,,,true,false,6,2014-04-01,2014-09-30,-1
2015-10-29,67700,2016-03-31,2,778000000000,0.039,,,,,60500000000,0.130,59500000000,0.033,,49500000000,,268.23,,,,,,,,,,,,,,,,,,,,,,true,true,12,2015-04-01,2016-03-31,0
2015-10-29,67700,2015-03-31,2,,,,,,,,,,,,,,,,,,,,570482000000,283700000000,0.315,1001.55,179522000000,,,,,,,,,,,,true,false,12,2014-04-01,2015-03-31,-1
2015-10-29,67700,2015-03-31,2,,,,,,,,,,,,,,,,,,,,,,,,,,,,,15.00,,,,181559956,2314850,,false,false,12,2014-04-01,2015-03-31,-1
2015-10-29,67700,2016-03-31,2,,,,,,,,,,,,,,,,,,,,,,,,,,,,,10.00,,,,,,,false,false,12,2015-04-01,2016-03-31,0
2015-10-29,67700,2016-03-31,2,,,,,,,,,,,,,,,,,,,,,,,,,,,,,20.00,,,,,,,false,true,12,2015-04-01,2016-03-31,0
2015-10-29,67700,2016-03-31,2,,,,,,,,,,,,,,,,,,,,,,,,,,,,,,,,,194462261,2309557,184545451,false,false,6,2015-04-01,2015-09-30,0
2015-10-29,67700,2015-03-31,2,,,,,,,,,,,,,,,,,,,,,,,,,,,,,,,,,,,179245426,false,false,6,2014-04-01,2014-09-30,-1
2015-10-29,67700,2016-03-31,,778000000000,0.014,,,,,60500000000,0.110,59500000000,0.092,49500000000,,0.193,268.23,,,,,,,,,,,,,,,,,,,,,,true,true,12,2015-04-01,2016-03-31,0
2015-10-29,67700,2015-03-31,,748614000000,,,,,,53534000000,,57594000000,,34739000000,,,193.81,,,,,,,,,,,,,,,,,,,,,,true,false,12,2014-04-01,2015-03-31,-1
2016-01-27,67700,2016-03-31,3,586884000000,0.061,,,,,44766000000,0.100,43982000000,-0.011,,37214000000,,198.76,188.40,,,,,585101000000,341219000000,0.399,1209.94,233357000000,,,,,,,,,,,,true,false,9,2015-04-01,2015-12-31,0
2016-01-27,67700,2015-03-31,3,553340000000,0.093,,,,,40714000000,0.785,44464000000,0.912,,28504000000,,159.03,145.34,,,,,,,,,,,,,,,,,,,,,true,false,9,2014-04-01,2014-12-31,-1
2016-01-27,67700,2016-03-31,3,775000000000,0.035,,,,,52500000000,-0.019,51500000000,-0.106,,40000000000,,213.64,,,,,,,,,,,,,,,,,,,,,,true,true,12,2015-04-01,2016-03-31,0
2016-01-27,67700,2015-03-31,3,,,,,,,,,,,,,,,,,,,,570482000000,283700000000,0.315,1001.55,179522000000,,,,,,,,,,,,true,false,12,2014-04-01,2015-03-31,-1
2016-01-27,67700,2015-03-31,3,,,,,,,,,,,,,,,,,,,,,,,,,,,,,15.00,,,,181559956,2314850,,false,false,12,2014-04-01,2015-03-31,-1
2016-01-27,67700,2016-03-31,3,,,,,,,,,,,,,,,,,,,,,,,,,,,,,10.00,,,,,,,false,false,12,2015-04-01,2016-03-31,0
2016-01-27,67700,2016-03-31,3,,,,,,,,,,,,,,,,,,,,,,,,,,,,,25.00,,,,,,,false,true,12,2015-04-01,2016-03-31,0
2016-01-27,67700,2016-03-31,3,,,,,,,,,,,,,,,,,,,,,,,,,,,,,,,,,195178127,2310337,187234565,false,false,9,2015-04-01,2015-12-31,0
2016-01-27,67700,2015-03-31,3,,,,,,,,,,,,,,,,,,,,,,,,,,,,,,,,,,,179245427,false,false,9,2014-04-01,2014-12-31,-1
2016-04-27,67700,2016-03-31,,774038000000,0.034,,,,,52327000000,-0.023,50038000000,-0.131,,39034000000,,206.64,197.73,0.191,0.088,0.068,,562856000000,331764000000,0.406,1166.41,228496000000,53958000000,-30383000000,-36340000000,116843000000,,0.121,,,,,,true,false,12,2015-04-01,2016-03-31,0
2016-04-27,67700,2015-03-31,,748614000000,0.094,,,,,53534000000,0.876,57594000000,1.050,,34739000000,,193.81,177.12,0.219,0.106,0.072,,570482000000,283700000000,0.315,1001.55,179522000000,65111000000,-29772000000,-27951000000,134298000000,,0.077,,,,,,true,false,12,2014-04-01,2015-03-31,-1
2016-04-27,67700,2017-03-31,,369000000000,-0.067,,,,,15000000000,-0.532,15000000000,-0.515,,10000000000,,52.94,,,,,,,,,,,,,,,,,,,,,,true,true,6,2016-04-01,2016-09-30,1
2016-04-27,67700,2017-03-31,,757000000000,-0.022,,,,,46500000000,-0.111,46000000000,-0.081,,32000000000,,169.40,,,,,,,,,,,,,,,,0.177,,,,,,true,true,12,2016-04-01,2017-03-31,1
2016-04-27,67700,2016-03-31,,361697000000,0.098,,,,,17375000000,-0.084,21860000000,-0.153,19571000000,,-0.042,103.61,99.10,,,,,258809000000,131561000000,0.508,671.08,131463000000,,,,,25.00,,,,198208086,2310443,188899998,false,false,12,2015-04-01,2016-03-31,0
2016-04-27,67700,2015-03-31,,329548000000,0.169,,,,,18974000000,,25809000000,3.673,20434000000,,1.906,114.00,104.10,,,,,257062000000,87075000000,0.339,485.52,87026000000,,,,,15.00,,,,181559956,2314850,179245492,false,false,12,2014-04-01,2015-03-31,-1
2016-04-27,67700,2017-03-31,,,,,,,,,,,,,,,,,,,,,,,,,,,,,,30.00,,,,,,,false,true,12,2016-04-01,2017-03-31,1
2016-07-27,67700,2017-03-31,1,174740000000,-0.100,,,,,5049000000,-0.624,3199000000,-0.761,,2638000000,,13.47,13.47,,,,,541524000000,314125000000,0.402,1111.62,217768000000,,,,,,,,,,,,true,false,3,2016-04-01,2016-06-30,0
2016-07-27,67700,2016-03-31,1,194226000000,0.161,,,,,13435000000,1.188,13406000000,1.293,,8642000000,,47.89,44.61,,,,,,,,,,,,,,,,,,,,,true,false,3,2015-04-01,2015-06-30,-1
2016-07-27,67700,2017-03-31,1,369000000000,-0.067,,,,,15000000000,-0.532,15000000000,-0.515,,10000000000,,52.94,,,,,,,,,,,,,,,,,,,,,,true,true,6,2016-04-01,2016-09-30,0
2016-07-27,67700,2017-03-31,1,757000000000,-0.022,,,,,46500000000,-0.111,46000000000,-0.081,,32000000000,,169.40,,,,,,,,,,,,,,,,,,,,,,true,true,12,2016-04-01,2017-03-31,0
2016-07-27,67700,2016-03-31,1,,,,,,,,,,,,,,,,,,,,562856000000,331764000000,0.406,1166.41,228496000000,,,,,,,,,,,,true,false,12,2015-04-01,2016-03-31,-1
2016-07-27,67700,2016-03-31,1,,,,,,,,,,,,,,,,,,,,,,,,,,,,,25.00,,,,198208086,2310443,,false,false,12,2015-04-01,2016-03-31,-1
2016-07-27,67700,2017-03-31,1,,,,,,,,,,,,,,,,,,,,,,,,,,,,,30.00,,,,,,,false,true,12,2016-04-01,2017-03-31,0
2016-07-27,67700,2017-03-31,1,,,,,,,,,,,,,,,,,,,,,,,,,,,,,,,,,198208086,2305957,195899065,false,false,3,2016-04-01,2016-06-30,0
2016-07-27,67700,2016-03-31,1,,,,,,,,,,,,,,,,,,,,,,,,,,,,,,,,,,,180450605,false,false,3,2015-04-01,2015-06-30,-1
2016-10-28,67700,2017-03-31,2,354041000000,-0.104,,,,,14023000000,-0.562,11009000000,-0.644,,8894000000,,45.40,45.39,,,,,536739000000,316830000000,0.411,1126.16,220622000000,,,,,,,,,,,,true,false,6,2016-04-01,2016-09-30,0
2016-10-28,67700,2016-03-31,2,395308000000,0.118,,,,,32047000000,0.642,30948000000,0.477,,29152000000,,157.97,147.10,,,,,,,,,,,,,,,,,,,,,true,false,6,2015-04-01,2015-09-30,-1
2016-10-28,67700,2017-03-31,2,719000000000,-0.071,,,,,38000000000,-0.274,34500000000,-0.311,,25500000000,,130.17,,,,,,,,,,,,,,,,,,,,,,true,true,12,2016-04-01,2017-03-31,0
2016-10-28,67700,2016-03-31,2,,,,,,,,,,,,,,,,,,,,562856000000,331764000000,0.406,1166.41,228496000000,,,,,,,,,,,,true,false,12,2015-04-01,2016-03-31,-1
2016-10-28,67700,2016-03-31,2,,,,,,,,,,,,,,,,,,,,,,,,,,,,,25.00,,,,198208086,2310443,,false,false,12,2015-04-01,2016-03-31,-1
2016-10-28,67700,2017-03-31,2,,,,,,,,,,,,,,,,,,,,,,,,,,,,,15.00,,,,,,,false,false,12,2016-04-01,2017-03-31,0
2016-10-28,67700,2017-03-31,2,,,,,,,,,,,,,,,,,,,,,,,,,,,,,30.00,,,,,,,false,true,12,2016-04-01,2017-03-31,0
2016-10-28,67700,2017-03-31,2,,,,,,,,,,,,,,,,,,,,,,,,,,,,,,,,,198208086,2301100,195903102,false,false,6,2016-04-01,2016-09-30,0
2016-10-28,67700,2016-03-31,2,,,,,,,,,,,,,,,,,,,,,,,,,,,,,,,,,,,184545451,false,false,6,2015-04-01,2015-09-30,-1
2017-01-27,67700,2017-03-31,3,551865000000,-0.060,,,,,32842000000,-0.266,32508000000,-0.261,,28197000000,,143.94,143.90,,,,,605279000000,354590000000,0.411,1268.69,248544000000,,,,,,,,,,,,true,false,9,2016-04-01,2016-12-31,0
2017-01-27,67700,2016-03-31,3,586884000000,0.061,,,,,44766000000,0.100,43982000000,-0.011,,37214000000,,198.76,188.40,,,,,,,,,,,,,,,,,,,,,true,false,9,2015-04-01,2015-12-31,-1
2017-01-27,67700,2017-03-31,3,743000000000,-0.040,,,,,42000000000,-0.197,41000000000,-0.181,,31000000000,,158.24,,,,,,,,,,,,,,,,,,,,,,true,true,12,2016-04-01,2017-03-31,0
2017-01-27,67700,2016-03-31,3,,,,,,,,,,,,,,,,,,,,562856000000,331764000000,0.406,1166.41,228496000000,,,,,,,,,,,,true,false,12,2015-04-01,2016-03-31,-1
2017-01-27,67700,2016-03-31,3,,,,,,,,,,,,,,,,,,,,,,,,,,,,,25.00,,,,198208086,2310443,,false,false,12,2015-04-01,2016-03-31,-1
2017-01-27,67700,2017-03-31,3,,,,,,,,,,,,,,,,,,,,,,,,,,,,,15.00,,,,,,,false,false,12,2016-04-01,2017-03-31,0
2017-01-27,67700,2017-03-31,3,,,,,,,,,,,,,,,,,,,,,,,,,,,,,30.00,,,,,,,false,true,12,2016-04-01,2017-03-31,0
2017-01-27,67700,2017-03-31,3,,,,,,,,,,,,,,,,,,,,,,,,,,,,,,,,,198208086,2301626,195904276,false,false,9,2016-04-01,2016-12-31,0
2017-01-27,67700,2016-03-31,3,,,,,,,,,,,,,,,,,,,,,,,,,,,,,,,,,,,187234565,false,false,9,2015-04-01,2015-12-31,-1
2017-04-27,67700,2017-03-31,,753262000000,-0.027,,,,,44373000000,-0.152,42725000000,-0.146,,34920000000,,178.25,178.20,0.145,0.073,0.059,,602961000000,361114000000,0.422,1299.11,254501000000,41603000000,-37981000000,-309000000,117991000000,,0.168,,,,,,true,false,12,2016-04-01,2017-03-31,0
2017-04-27,67700,2016-03-31,,774038000000,0.034,,,,,52327000000,-0.023,50038000000,-0.131,,39034000000,,206.64,197.73,0.191,0.088,0.068,,562856000000,331764000000,0.406,1166.41,228496000000,53958000000,-30383000000,-36340000000,116843000000,,0.121,,,,,,true,false,12,2015-04-01,2016-03-31,-1
2017-04-27,67700,2018-03-31,,380000000000,0.073,,,,,18500000000,0.319,16500000000,0.499,,12000000000,,61.25,,,,,,,,,,,,,,,,,,,,,,true,true,6,2017-04-01,2017-09-30,1
2017-04-27,67700,2018-03-31,,787000000000,0.045,,,,,54500000000,0.228,50500000000,0.182,,36000000000,,183.76,,,,,,,,,,,,,,,,0.185,,,,,,true,true,12,2017-04-01,2018-03-31,1
2017-04-27,67700,2017-03-31,,374382000000,0.035,,,,,13115000000,-0.245,20818000000,-0.048,20016000000,,0.023,102.18,102.15,,,,,290687000000,146175000000,0.502,745.50,146047000000,,,,,30.00,,,,198208086,2302846,195904627,false,false,12,2016-04-01,2017-03-31,0
2017-04-27,67700,2016-03-31,,361697000000,0.098,,,,,17375000000,-0.084,21860000000,-0.153,19571000000,,-0.042,103.61,99.10,,,,,258809000000,131561000000,0.508,671.08,131463000000,,,,,25.00,,,,198208086,2310443,188899998,false,false,12,2015-04-01,2016-03-31,-1
2017-04-27,67700,2018-03-31,,,,,,,,,,,,,,,,,,,,,,,,,,,,,,34.00,,,,,,,false,true,12,2017-04-01,2018-03-31,1
2017-07-27,67700,2018-03-31,1,189542000000,0.085,,,,,7903000000,0.565,7419000000,1.319,,6327000000,,32.30,32.29,,,,,619499000000,365239000000,0.419,1323.85,259348000000,,,,,,,,,,,,true,false,3,2017-04-01,2017-06-30,0
2017-07-27,67700,2017-03-31,1,174740000000,-0.100,,,,,5049000000,-0.624,3199000000,-0.761,,2638000000,,13.47,13.47,,,,,,,,,,,,,,,,,,,,,true,false,3,2016-04-01,2016-06-30,-1
2017-07-27,67700,2018-03-31,1,395000000000,0.116,,,,,25000000000,0.783,23000000000,1.089,,17000000000,,86.78,,,,,,,,,,,,,,,,,,,,,,true,true,6,2017-04-01,2017-09-30,0
2017-07-27,67700,2018-03-31,1,802000000000,0.065,,,,,61000000000,0.375,57000000000,0.334,,41000000000,,209.29,,,,,,,,,,,,,,,,,,,,,,true,true,12,2017-04-01,2018-03-31,0
2017-07-27,67700,2017-03-31,1,,,,,,,,,,,,,,,,,,,,602961000000,361114000000,0.422,1299.11,254501000000,,,,,,,,,,,,true,false,12,2016-04-01,2017-03-31,-1
2017-07-27,67700,2017-03-31,1,,,,,,,,,,,,,,,,,,,,,,,,,,,,,30.00,,,,198208086,2302846,,false,false,12,2016-04-01,2017-03-31,-1
2017-07-27,67700,2018-03-31,1,,,,,,,,,,,,,,,,,,,,,,,,,,,,,34.00,,,,,,,false,true,12,2017-04-01,2018-03-31,0
2017-07-27,67700,2018-03-31,1,,,,,,,,,,,,,,,,,,,,,,,,,,,,,,,,,198208086,2303101,195905088,false,false,3,2017-04-01,2017-06-30,0
2017-07-27,67700,2017-03-31,1,,,,,,,,,,,,,,,,,,,,,,,,,,,,,,,,,,,195899065,false,false,3,2016-04-01,2016-06-30,-1
2017-10-30,67700,2018-03-31,2,410143000000,0.158,,,,,30563000000,1.179,30046000000,1.729,,24856000000,,126.88,126.84,,,,,667118000000,391260000000,0.421,1434.11,280950000000,,,,,,,,,,,,true,false,6,2017-04-01,2017-09-30,0
2017-10-30,67700,2017-03-31,2,354041000000,-0.104,,,,,14023000000,-0.562,11009000000,-0.644,,8894000000,,45.40,45.39,,,,,,,,,,,,,,,,,,,,,true,false,6,2016-04-01,2016-09-30,-1
2017-10-30,67700,2018-03-31,2,820700000000,0.090,,,,,67300000000,0.517,64500000000,0.510,,49000000000,,250.12,,,,,,,,,,,,,,,,,,,,,,true,true,12,2017-04-01,2018-03-31,0
2017-10-30,67700,2017-03-31,2,,,,,,,,,,,,,,,,,,,,602961000000,361114000000,0.422,1299.11,254501000000,,,,,,,,,,,,true,false,12,2016-04-01,2017-03-31,-1
2017-10-30,67700,2017-03-31,2,,,,,,,,,,,,,,,,,,,,,,,,,,,,,30.00,,,,198208086,2302846,,false,false,12,2016-04-01,2017-03-31,-1
2017-10-30,67700,2018-03-31,2,,,,,,,,,,,,,,,,,,,,,,,,,,,,,17.00,,,,,,,false,false,12,2017-04-01,2018-03-31,0
2017-10-30,67700,2018-03-31,2,,,,,,,,,,,,,,,,,,,,,,,,,,,,,34.00,,,,,,,false,true,12,2017-04-01,2018-03-31,0
2017-10-30,67700,2018-03-31,2,,,,,,,,,,,,,,,,,,,,,,,,,,,,,,,,,198208086,2303210,195904991,false,false,6,2017-04-01,2017-09-30,0
2017-10-30,67700,2017-03-31,2,,,,,,,,,,,,,,,,,,,,,,,,,,,,,,,,,,,195903102,false,false,6,2016-04-01,2016-09-30,-1
2018-01-30,67700,2018-03-31,3,644247000000,0.167,,,,,59458000000,0.810,58097000000,0.787,,44415000000,,226.72,226.63,,,,,695583000000,415375000000,0.433,1537.26,301155000000,,,,,,,,,,,,true,false,9,2017-04-01,2017-12-31,0
2018-01-30,67700,2017-03-31,3,551865000000,-0.060,,,,,32842000000,-0.266,32508000000,-0.261,,28197000000,,143.94,143.90,,,,,,,,,,,,,,,,,,,,,true,false,9,2016-04-01,2016-12-31,-1
2018-01-30,67700,2018-03-31,3,855000000000,0.135,,,,,71000000000,0.600,67000000000,0.568,,50500000000,,257.78,,,,,,,,,,,,,,,,,,,,,,true,true,12,2017-04-01,2018-03-31,0
2018-01-30,67700,2017-03-31,3,,,,,,,,,,,,,,,,,,,,602961000000,361114000000,0.422,1299.11,254501000000,,,,,,,,,,,,true,false,12,2016-04-01,2017-03-31,-1
2018-01-30,67700,2017-03-31,3,,,,,,,,,,,,,,,,,,,,,,,,,,,,,30.00,,,,198208086,2302846,,false,false,12,2016-04-01,2017-03-31,-1
2018-01-30,67700,2018-03-31,3,,,,,,,,,,,,,,,,,,,,,,,,,,,,,17.00,,,,,,,false,false,12,2017-04-01,2018-03-31,0
2018-01-30,67700,2018-03-31,3,,,,,,,,,,,,,,,,,,,,,,,,,,,,,37.00,,,,,,,false,true,12,2017-04-01,2018-03-31,0
2018-01-30,67700,2018-03-31,3,,,,,,,,,,,,,,,,,,,,,,,,,,,,,,,,,198208086,2303666,195904866,false,false,9,2017-04-01,2017-12-31,0
2018-01-30,67700,2017-03-31,3,,,,,,,,,,,,,,,,,,,,,,,,,,,,,,,,,,,195904276,false,false,9,2016-04-01,2016-12-31,-1
2018-04-26,67700,2018-03-31,,858317000000,0.139,,,,,71907000000,0.620,66717000000,0.562,,47390000000,,241.91,241.82,0.171,0.105,0.084,,671799000000,415872000000,0.448,1537.37,301176000000,70387000000,-66722000000,-2957000000,120778000000,,0.153,,,,,,true,false,12,2017-04-01,2018-03-31,0
2018-04-26,67700,2017-03-31,,753262000000,-0.027,,,,,44373000000,-0.152,42725000000,-0.146,,34920000000,,178.25,178.20,0.145,0.073,0.059,,602961000000,361114000000,0.422,1299.11,254501000000,41603000000,-37981000000,-309000000,117991000000,,0.168,,,,,,true,false,12,2016-04-01,2017-03-31,-1
2018-04-26,67700,2019-03-31,,416500000000,0.015,,,,,18500000000,-0.395,16500000000,-0.451,,8500000000,,43.39,,,,,,,,,,,,,,,,,,,,,,true,true,6,2018-04-01,2018-09-30,1
2018-04-26,67700,2019-03-31,,874500000000,0.019,,,,,60000000000,-0.166,57500000000,-0.138,,37500000000,,191.42,,,,,,,,,,,,,,,,0.261,,,,,,true,true,12,2018-04-01,2019-03-31,1
2018-04-26,67700,2018-03-31,,462158000000,0.234,,,,,29680000000,1.263,33013000000,0.586,33084000000,,0.653,168.88,168.82,,,,,320362000000,173315000000,0.540,883.77,173134000000,,,,,37.00,,,,198208086,2304021,195904671,false,false,12,2017-04-01,2018-03-31,0
2018-04-26,67700,2017-03-31,,374382000000,0.035,,,,,13115000000,-0.245,20818000000,-0.048,20016000000,,0.023,102.18,102.15,,,,,290687000000,146175000000,0.502,745.50,146047000000,,,,,30.00,,,,198208086,2302846,195904627,false,false,12,2016-04-01,2017-03-31,-1
2018-04-26,67700,2019-03-31,,,,,,,,,,,,,,,,,,,,,,,,,,,,,,50.00,,,,,,,false,true,12,2018-04-01,2019-03-31,1
2018-07-27,67700,2019-03-31,1,202219000000,0.067,,,,,9621000000,0.217,8336000000,0.124,,3850000000,,19.65,19.64,,,,,667437000000,414501000000,0.449,1531.29,299994000000,,,,,,,,,,,,true,false,3,2018-04-01,2018-06-30,0
2018-07-27,67700,2018-03-31,1,189542000000,0.085,,,,,7903000000,0.565,7419000000,1.319,,6327000000,,32.30,32.29,,,,,,,,,,,,,,,,,,,,,true,false,3,2017-04-01,2017-06-30,-1
2018-07-27,67700,2019-03-31,1,421000000000,0.026,,,,,24500000000,-0.198,23000000000,-0.235,,14000000000,,71.46,,,,,,,,,,,,,,,,,,,,,,true,true,6,2018-04-01,2018-09-30,0
2018-07-27,67700,2019-03-31,1,879000000000,0.024,,,,,66000000000,-0.082,64000000000,-0.041,,43000000000,,219.49,,,,,,,,,,,,,,,,,,,,,,true,true,12,2018-04-01,2019-03-31,0
2018-07-27,67700,2018-03-31,1,,,,,,,,,,,,,,,,,,,,669874000000,415872000000,0.450,1537.37,301176000000,,,,,,,,,,,,true,false,12,2017-04-01,2018-03-31,-1
2018-07-27,67700,2018-03-31,1,,,,,,,,,,,,,,,,,,,,,,,,,,,,,37.00,,,,198208086,2304021,,false,false,12,2017-04-01,2018-03-31,-1
2018-07-27,67700,2019-03-31,1,,,,,,,,,,,,,,,,,,,,,,,,,,,,,50.00,,,,,,,false,true,12,2018-04-01,2019-03-31,0
2018-07-27,67700,2019-03-31,1,,,,,,,,,,,,,,,,,,,,,,,,,,,,,,,,,198208086,2298829,195905774,false,false,3,2018-04-01,2018-06-30,0
2018-07-27,67700,2018-03-31,1,,,,,,,,,,,,,,,,,,,,,,,,,,,,,,,,,,,195905088,false,false,3,2017-04-01,2017-06-30,-1
2018-10-30,67700,2019-03-31,2,423345000000,0.032,,,,,30178000000,-0.013,28972000000,-0.036,,17411000000,,88.88,88.84,,,,,693354000000,433139000000,0.454,1608.24,315068000000,,,,,,,,,,,,true,false,6,2018-04-01,2018-09-30,0
2018-10-30,67700,2018-03-31,2,410143000000,0.158,,,,,30563000000,1.179,30046000000,1.729,,24856000000,,126.88,126.84,,,,,,,,,,,,,,,,,,,,,true,false,6,2017-04-01,2017-09-30,-1
2018-10-30,67700,2019-03-31,2,879000000000,0.024,,,,,66000000000,-0.082,64000000000,-0.041,,43000000000,,219.49,,,,,,,,,,,,,,,,,,,,,,true,true,12,2018-04-01,2019-03-31,0
2018-10-30,67700,2018-03-31,2,,,,,,,,,,,,,,,,,,,,669874000000,415872000000,0.450,1537.37,301176000000,,,,,,,,,,,,true,false,12,2017-04-01,2018-03-31,-1
2018-10-30,67700,2018-03-31,2,,,,,,,,,,,,,,,,,,,,,,,,,,,,,37.00,,,,198208086,2304021,,false,false,12,2017-04-01,2018-03-31,-1
2018-10-30,67700,2019-03-31,2,,,,,,,,,,,,,,,,,,,,,,,,,,,,,25.00,,,,,,,false,false,12,2018-04-01,2019-03-31,0
2018-10-30,67700,2019-03-31,2,,,,,,,,,,,,,,,,,,,,,,,,,,,,,50.00,,,,,,,false,true,12,2018-04-01,2019-03-31,0
2018-10-30,67700,2019-03-31,2,,,,,,,,,,,,,,,,,,,,,,,,,,,,,,,,,198208086,2299123,195907405,false,false,6,2018-04-01,2018-09-30,0
2018-10-30,67700,2018-03-31,2,,,,,,,,,,,,,,,,,,,,,,,,,,,,,,,,,,,195904991,false,false,6,2017-04-01,2017-09-30,-1
2019-01-29,67700,2019-03-31,3,644519000000,0.000,,,,,49075000000,-0.175,44738000000,-0.230,,27199000000,,138.84,138.78,,,,,680275000000,428884000000,0.464,1609.55,315324000000,,,,,,,,,,,,true,false,9,2018-04-01,2018-12-31,0
2019-01-29,67700,2018-03-31,3,644247000000,0.167,,,,,59458000000,0.810,58097000000,0.787,,44415000000,,226.72,226.63,,,,,,,,,,,,,,,,,,,,,true,false,9,2017-04-01,2017-12-31,-1
2019-01-29,67700,2019-03-31,3,852000000000,-0.007,,,,,50000000000,-0.305,44500000000,-0.333,,24000000000,,120.51,,,,,,,,,,,,,,,,,,,,,,true,true,12,2018-04-01,2019-03-31,0
2019-01-29,67700,2018-03-31,3,,,,,,,,,,,,,,,,,,,,669874000000,415872000000,0.450,1537.37,301176000000,,,,,,,,,,,,true,false,12,2017-04-01,2018-03-31,-1
2019-01-29,67700,2018-03-31,3,,,,,,,,,,,,,,,,,,,,,,,,,,,,,37.00,,,,198208086,2304021,,false,false,12,2017-04-01,2018-03-31,-1
2019-01-29,67700,2019-03-31,3,,,,,,,,,,,,,,,,,,,,,,,,,,,,,25.00,,,,,,,false,false,12,2018-04-01,2019-03-31,0
2019-01-29,67700,2019-03-31,3,,,,,,,,,,,,,,,,,,,,,,,,,,,,,50.00,,,,,,,false,true,12,2018-04-01,2019-03-31,0
2019-01-29,67700,2019-03-31,3,,,,,,,,,,,,,,,,,,,,,,,,,,,,,,,,,198208086,2299369,195907859,false,false,9,2018-04-01,2018-12-31,0
2019-01-29,67700,2018-03-31,3,,,,,,,,,,,,,,,,,,,,,,,,,,,,,,,,,,,195904866,false,false,9,2017-04-01,2017-12-31,-1
2019-04-26,67700,2019-03-31,,851332000000,-0.008,,,,,49641000000,-0.310,43605000000,-0.346,,22114000000,,110.19,110.14,0.066,0.065,0.058,,675717000000,395360000000,0.541,1731.36,365346000000,72671000000,-67405000000,-6910000000,118318000000,,0.454,,,,,,true,false,12,2018-04-01,2019-03-31,0
2019-04-26,67700,2018-03-31,,858317000000,0.139,,,,,71907000000,0.620,66717000000,0.562,,47390000000,,241.91,241.82,0.171,0.105,0.084,,669874000000,415872000000,0.450,1537.37,301176000000,70387000000,-66722000000,-2957000000,120778000000,,0.153,,,,,,true,false,12,2017-04-01,2018-03-31,-1
2019-04-26,67700,2020-03-31,,438000000000,0.035,,,,,23500000000,-0.221,22000000000,-0.241,,15000000000,,73.36,,,,,,,,,,,,,,,,,,,,,,true,true,6,2019-04-01,2019-09-30,1
2019-04-26,67700,2020-03-31,,868500000000,0.020,,,,,50000000000,0.007,47000000000,0.078,,31500000000,,154.63,,,,,,,,,,,,,,,,0.259,,,,,,true,true,12,2019-04-01,2020-03-31,1
2019-04-26,67700,2019-03-31,,394661000000,-0.146,,,,,6602000000,-0.778,17726000000,-0.463,15974000000,,-0.517,79.60,79.56,,,,,373633000000,211438000000,0.565,1000.60,211142000000,,,,,50.00,,,,219281450,8264481,200694007,false,false,12,2018-04-01,2019-03-31,0
2019-04-26,67700,2018-03-31,,462158000000,0.234,,,,,29680000000,1.263,33013000000,0.586,33084000000,,0.653,168.88,168.82,,,,,320362000000,173315000000,0.540,883.77,173134000000,,,,,37.00,,,,198208086,2304021,195904671,false,false,12,2017-04-01,2018-03-31,-1
2019-04-26,67700,2020-03-31,,,,,,,,,,,,,,,,,,,,,,,,,,,,,,40.00,,,,,,,false,true,12,2019-04-01,2020-03-31,1
2019-07-30,67700,2020-03-31,1,205718000000,0.017,,,,,5877000000,-0.389,2284000000,-0.726,,-1115000000,,-5.39,,,,,,670072000000,372538000000,0.511,1660.53,342289000000,,,,,,,,,,,,true,false,3,2019-04-01,2019-06-30,0
2019-07-30,67700,2019-03-31,1,202219000000,0.067,,,,,9621000000,0.217,8336000000,0.124,,3850000000,,19.65,19.64,,,,,,,,,,,,,,,,,,,,,true,false,3,2018-04-01,2018-06-30,-1
2019-07-30,67700,2020-03-31,1,438000000000,0.035,,,,,23500000000,-0.221,22000000000,-0.241,,15000000000,,73.36,,,,,,,,,,,,,,,,,,,,,,true,true,6,2019-04-01,2019-09-30,0
2019-07-30,67700,2020-03-31,1,868500000000,0.020,,,,,50000000000,0.007,47000000000,0.078,,31500000000,,154.63,,,,,,,,,,,,,,,,,,,,,,true,true,12,2019-04-01,2020-03-31,0
2019-07-30,67700,2019-03-31,1,,,,,,,,,,,,,,,,,,,,675717000000,395360000000,0.541,1731.36,365346000000,,,,,,,,,,,,true,false,12,2018-04-01,2019-03-31,-1
2019-07-30,67700,2019-03-31,1,,,,,,,,,,,,,,,,,,,,,,,,,,,,,50.00,,,,219281450,8264281,,false,false,12,2018-04-01,2019-03-31,-1
2019-07-30,67700,2020-03-31,1,,,,,,,,,,,,,,,,,,,,,,,,,,,,,40.00,,,,,,,false,true,12,2019-04-01,2020-03-31,0
2019-07-30,67700,2020-03-31,1,,,,,,,,,,,,,,,,,,,,,,,,,,,,,,,,,219281450,13148937,207032950,false,false,3,2019-04-01,2019-06-30,0
2019-07-30,67700,2019-03-31,1,,,,,,,,,,,,,,,,,,,,,,,,,,,,,,,,,,,195905774,false,false,3,2018-04-01,2018-06-30,-1
2019-09-27,67700,2020-03-31,,428500000000,-0.022,,,,,22000000000,-0.064,15500000000,-0.295,6000000000,,-0.600,29.12,,,,,,,,,,,,,,,,,,,,,,true,true,6,2019-04-01,2019-09-30,0
2019-09-27,67700,2019-03-31,,423345000000,,,,,,30178000000,,28972000000,,17411000000,,,88.88,,,,,,,,,,,,,,,,,,,,,,true,false,6,2018-04-01,2018-09-30,-1
2019-09-27,67700,2020-03-31,,859000000000,-0.011,,,,,48500000000,-0.030,40500000000,-0.138,22500000000,,-0.286,110.49,,,,,,,,,,,,,,,,,,,,,,true,true,12,2019-04-01,2020-03-31,0
2019-09-27,67700,2019-03-31,,851332000000,,,,,,49641000000,,43605000000,,22114000000,,,110.19,,,,,,,,,,,,,,,,,,,,,,true,false,12,2018-04-01,2019-03-31,-1
2019-10-30,67700,2020-03-31,2,428141000000,0.011,,,,,21529000000,-0.287,15989000000,-0.448,,5949000000,,28.86,28.85,,,,,670675000000,370623000000,0.507,1662.73,340292000000,,,,,,,,,,,,true,false,6,2019-04-01,2019-09-30,0
2019-10-30,67700,2019-03-31,2,423345000000,0.032,,,,,30178000000,-0.013,28972000000,-0.036,,17411000000,,88.88,88.84,,,,,,,,,,,,,,,,,,,,,true,false,6,2018-04-01,2018-09-30,-1
2019-10-30,67700,2020-03-31,2,859000000000,0.009,,,,,48500000000,-0.023,40500000000,-0.071,,22500000000,,110.49,,,,,,,,,,,,,,,,,,,,,,true,true,12,2019-04-01,2020-03-31,0
2019-10-30,67700,2019-03-31,2,,,,,,,,,,,,,,,,,,,,675717000000,395360000000,0.541,1731.36,365346000000,,,,,,,,,,,,true,false,12,2018-04-01,2019-03-31,-1
2019-10-30,67700,2019-03-31,2,,,,,,,,,,,,,,,,,,,,,,,,,,,,,50.00,,,,219281450,8264481,,false,false,12,2018-04-01,2019-03-31,-1
2019-10-30,67700,2020-03-31,2,,,,,,,,,,,,,,,,,,,,,,,,,,,,,20.00,,,,,,,false,false,12,2019-04-01,2020-03-31,0
2019-10-30,67700,2020-03-31,2,,,,,,,,,,,,,,,,,,,,,,,,,,,,,40.00,,,,,,,false,true,12,2019-04-01,2020-03-31,0
2019-10-30,67700,2020-03-31,2,,,,,,,,,,,,,,,,,,,,,,,,,,,,,,,,,219281450,14622965,206167969,false,false,6,2019-04-01,2019-09-30,0
2019-10-30,67700,2019-03-31,2,,,,,,,,,,,,,,,,,,,,,,,,,,,,,,,,,,,195907405,false,false,6,2018-04-01,2018-09-30,-1
2020-01-30,67700,2020-03-31,3,632899000000,-0.018,,,,,31271000000,-0.363,25435000000,-0.431,,5286000000,,25.72,25.70,,,,,653918000000,371096000000,0.520,1663.84,340162000000,,,,,,,,,,,,true,false,9,2019-04-01,2019-12-31,0
2020-01-30,67700,2019-03-31,3,644519000000,0.000,,,,,49075000000,-0.175,44738000000,-0.230,,27199000000,,138.84,138.78,,,,,,,,,,,,,,,,,,,,,true,false,9,2018-04-01,2018-12-31,-1
2020-01-30,67700,2020-03-31,3,844000000000,-0.009,,,,,41000000000,-0.174,35000000000,-0.197,,10000000000,,48.71,,,,,,,,,,,,,,,,,,,,,,true,true,12,2019-04-01,2020-03-31,0
2020-01-30,67700,2019-03-31,3,,,,,,,,,,,,,,,,,,,,675717000000,395360000000,0.541,1731.36,365346000000,,,,,,,,,,,,true,false,12,2018-04-01,2019-03-31,-1
2020-01-30,67700,2019-03-31,3,,,,,,,,,,,,,,,,,,,,,,,,,,,,,50.00,,,,219281450,8264481,,false,false,12,2018-04-01,2019-03-31,-1
2020-01-30,67700,2020-03-31,3,,,,,,,,,,,,,,,,,,,,,,,,,,,,,20.00,,,,,,,false,false,12,2019-04-01,2020-03-31,0
2020-01-30,67700,2020-03-31,3,,,,,,,,,,,,,,,,,,,,,,,,,,,,,30.00,,,,,,,false,true,12,2019-04-01,2020-03-31,0
2020-01-30,67700,2020-03-31,3,,,,,,,,,,,,,,,,,,,,,,,,,,,,,,,,,219281450,14837191,205593710,false,false,9,2019-04-01,2019-12-31,0
2020-01-30,67700,2019-03-31,3,,,,,,,,,,,,,,,,,,,,,,,,,,,,,,,,,,,195907859,false,false,9,2018-04-01,2018-12-31,-1
2020-04-24,67700,2020-03-31,,810500000000,-0.040,,,,,26700000000,-0.349,18600000000,-0.469,-3800000000,,,-18.51,,,,,,,,,,,,,,,,,,,,,,true,true,12,2019-04-01,2020-03-31,0
2020-04-24,67700,2019-03-31,,851332000000,,,,,,49641000000,,43605000000,,22114000000,,,11019.00,,,,,,,,,,,,,,,,,,,,,,true,false,12,2018-04-01,2019-03-31,-1
2020-05-08,67700,2020-03-31,,810570000000,-0.048,,,,,26795000000,-0.460,18646000000,-0.572,,-4009000000,,-19.53,,-0.012,0.029,0.033,,625542000000,355615000000,0.519,1587.06,324464000000,87210000000,-42419000000,-31601000000,128217000000,,,,,,,,true,false,12,2019-04-01,2020-03-31,0
2020-05-08,67700,2019-03-31,,851332000000,-0.008,,,,,49641000000,-0.310,43605000000,-0.346,,22114000000,,110.19,110.14,0.066,0.065,0.058,,675717000000,395360000000,0.541,1731.36,365346000000,72671000000,-67405000000,-6910000000,118318000000,,0.454,,,,,,true,false,12,2018-04-01,2019-03-31,-1
2020-05-08,67700,2020-03-31,,357168000000,-0.095,,,,,-7524000000,,-1788000000,,-14760000000,,,-71.90,,,,,,328745000000,173046000000,0.526,845.32,172821000000,,,,,30.00,,,,219281450,14837907,205306192,false,false,12,2019-04-01,2020-03-31,0
2020-05-08,67700,2019-03-31,,394661000000,-0.146,,,,,6602000000,-0.778,17726000000,-0.463,15974000000,,-0.517,79.60,79.56,,,,,373633000000,211438000000,0.565,1000.60,211142000000,,,,,50.00,,,,219281450,8264481,200694007,false,false,12,2018-04-01,2019-03-31,-1
2020-06-04,67700,2021-03-31,,317500000000,,,,,,-10000000000,,-11000000000,,-14000000000,,,-68.48,,,,,,,,,,,,,,,,,,,,,,true,true,6,2020-04-01,2020-09-30,0
2020-06-04,67700,2020-03-31,,428141000000,,,,,,21529000000,,15989000000,,5949000000,,,28.86,,,,,,,,,,,,,,,,,,,,,,true,false,6,2019-04-01,2019-09-30,-1
2020-06-04,67700,2021-03-31,,702500000000,,,,,,13000000000,,10500000000,,3000000000,,,14.67,,,,,,,,,,,,,,,,,,,,,,true,true,12,2020-04-01,2021-03-31,0
2020-06-04,67700,2020-03-31,,810570000000,,,,,,26795000000,,18646000000,,-4009000000,,,-19.61,,,,,,,,,,,,,,,,,,,,,,true,false,12,2019-04-01,2020-03-31,-1
2020-06-04,67700,2021-03-31,,,,,,,,,,,,,,,,,,,,,,,,,,,,,,20.00,,,,,,,false,true,12,2020-04-01,2021-03-31,0
2020-06-04,67700,2020-03-31,,,,,,,,,,,,,,,,,,,,,,,,,,,,,,30.00,,,,,,,false,false,12,2019-04-01,2020-03-31,-1
2020-07-31,67700,2021-03-31,1,135473000000,-0.341,,,,,-6513000000,,-6798000000,,,-9110000000,,-44.56,,,,,,618426000000,346009000000,0.509,1540.24,314921000000,,,,,,,,,,,,true,false,3,2020-04-01,2020-06-30,0
2020-07-31,67700,2020-03-31,1,205718000000,0.017,,,,,5877000000,-0.389,2284000000,-0.726,,-1115000000,,-5.39,,,,,,,,,,,,,,,,,,,,,,true,false,3,2019-04-01,2019-06-30,-1
2020-07-31,67700,2021-03-31,1,317500000000,-0.258,,,,,-10000000000,,-11000000000,,,-14000000000,,-68.48,,,,,,,,,,,,,,,,,,,,,,true,true,6,2020-04-01,2020-09-30,0
2020-07-31,67700,2021-03-31,1,702500000000,-0.133,,,,,13000000000,-0.515,10500000000,-0.437,,3000000000,,14.67,,,,,,,,,,,,,,,,,,,,,,true,true,12,2020-04-01,2021-03-31,0
2020-07-31,67700,2020-03-31,1,,,,,,,,,,,,,,,,,,,,625542000000,355615000000,0.519,1587.06,324464000000,,,,,,,,,,,,true,false,12,2019-04-01,2020-03-31,-1
2020-07-31,67700,2020-03-31,1,,,,,,,,,,,,,,,,,,,,,,,,,,,,,30.00,,,,219281450,14837907,,false,false,12,2019-04-01,2020-03-31,-1
2020-07-31,67700,2021-03-31,1,,,,,,,,,,,,,,,,,,,,,,,,,,,,,20.00,,,,,,,false,true,12,2020-04-01,2021-03-31,0
2020-07-31,67700,2021-03-31,1,,,,,,,,,,,,,,,,,,,,,,,,,,,,,,,,,219281450,14818548,204449887,false,false,3,2020-04-01,2020-06-30,0
2020-07-31,67700,2020-03-31,1,,,,,,,,,,,,,,,,,,,,,,,,,,,,,,,,,,,207032950,false,false,3,2019-04-01,2019-06-30,-1
2020-09-25,67700,2021-03-31,,317000000000,-0.002,,,,,-6500000000,,-7500000000,,,-10500000000,,-51.36,,,,,,,,,,,,,,,,,,,,,,true,true,6,2020-04-01,2020-09-30,0
2020-09-25,67700,2020-03-31,,428141000000,,,,,,21529000000,,15989000000,,,5949000000,,28.86,,,,,,,,,,,,,,,,,,,,,,true,false,6,2019-04-01,2019-09-30,-1
2020-10-30,67700,2021-03-31,2,320789000000,-0.251,,,,,-3502000000,,-3954000000,,,-8992000000,,-43.98,,,,,,646777000000,351603000000,0.495,1565.43,320171000000,,,,,,,,,,,,true,false,6,2020-04-01,2020-09-30,0
2020-10-30,67700,2020-03-31,2,428141000000,0.011,,,,,21415000000,-0.290,15875000000,-0.452,,5936000000,,28.80,28.78,,,,,,,,,,,,,,,,,,,,,true,false,6,2019-04-01,2019-09-30,-1
2020-10-30,67700,2021-03-31,2,702500000000,-0.133,,,,,13000000000,-0.515,10500000000,-0.437,,3000000000,,14.67,,,,,,,,,,,,,,,,,,,,,,true,true,12,2020-04-01,2021-03-31,0
2020-10-30,67700,2020-03-31,2,,,,,,,,,,,,,,,,,,,,625542000000,355615000000,0.519,1587.06,324464000000,,,,,,,,,,,,true,false,12,2019-04-01,2020-03-31,-1
2020-10-30,67700,2020-03-31,2,,,,,,,,,,,,,,,,,,,,,,,,,,,,,30.00,,,,219281450,14837907,,false,false,12,2019-04-01,2020-03-31,-1
2020-10-30,67700,2021-03-31,2,,,,,,,,,,,,,,,,,,,,,,,,,,,,,10.00,,,,,,,false,false,12,2020-04-01,2021-03-31,0
2020-10-30,67700,2021-03-31,2,,,,,,,,,,,,,,,,,,,,,,,,,,,,,20.00,,,,,,,false,true,12,2020-04-01,2021-03-31,0
2020-10-30,67700,2021-03-31,2,,,,,,,,,,,,,,,,,,,,,,,,,,,,,,,,,219281450,14755243,204479376,false,false,6,2020-04-01,2020-09-30,0
2020-10-30,67700,2020-03-31,2,,,,,,,,,,,,,,,,,,,,,,,,,,,,,,,,,,,206167969,false,false,6,2019-04-01,2019-09-30,-1
2021-01-28,67700,2021-03-31,3,533726000000,-0.157,,,,,8670000000,-0.721,6421000000,-0.746,,-2169000000,,-10.61,,,,,,663523000000,358963000000,0.493,1597.88,326808000000,,,,,,,,,,,,true,false,9,2020-04-01,2020-12-31,0
2021-01-28,67700,2020-03-31,3,632899000000,-0.018,,,,,31113000000,-0.366,25277000000,-0.435,,5270000000,,25.63,25.62,,,,,,,,,,,,,,,,,,,,,true,false,9,2019-04-01,2019-12-31,-1
2021-01-28,67700,2021-03-31,3,702500000000,-0.133,,,,,13000000000,-0.515,10500000000,-0.437,,3000000000,,14.67,,,,,,,,,,,,,,,,,,,,,,true,true,12,2020-04-01,2021-03-31,0
2021-01-28,67700,2020-03-31,3,,,,,,,,,,,,,,,,,,,,625542000000,355615000000,0.519,1587.06,324464000000,,,,,,,,,,,,true,false,12,2019-04-01,2020-03-31,-1
2021-01-28,67700,2020-03-31,3,,,,,,,,,,,,,,,,,,,,,,,,,,,,,30.00,,,,219281450,14837907,,false,false,12,2019-04-01,2020-03-31,-1
2021-01-28,67700,2021-03-31,3,,,,,,,,,,,,,,,,,,,,,,,,,,,,,10.00,,,,,,,false,false,12,2020-04-01,2021-03-31,0
2021-01-28,67700,2021-03-31,3,,,,,,,,,,,,,,,,,,,,,,,,,,,,,20.00,,,,,,,false,true,12,2020-04-01,2021-03-31,0
2021-01-28,67700,2021-03-31,3,,,,,,,,,,,,,,,,,,,,,,,,,,,,,,,,,219281450,14755904,204494879,false,false,9,2020-04-01,2020-12-31,0
2021-01-28,67700,2020-03-31,3,,,,,,,,,,,,,,,,,,,,,,,,,,,,,,,,,,,205593710,false,false,9,2019-04-01,2019-12-31,-1
2021-04-06,67700,2021-03-31,,715000000000,0.018,,,,,13500000000,0.038,12500000000,0.190,,-4500000000,,-21.96,,,,,,,,,,,,,,,,,,,,,,true,true,12,2020-04-01,2021-03-31,0
2021-04-06,67700,2020-03-31,,810570000000,,,,,,26795000000,,18646000000,,,-4009000000,,-19.61,,,,,,,,,,,,,,,,,,,,,,true,false,12,2019-04-01,2020-03-31,-1
2021-04-30,67700,2021-03-31,,718013000000,-0.114,,,,,13109000000,-0.511,13227000000,-0.291,,-3837000000,,-18.72,,-0.011,0.020,0.018,,694285000000,378379000000,0.497,1665.29,344923000000,42636000000,-41165000000,14515000000,151748000000,,,,,,,,true,false,12,2020-04-01,2021-03-31,0
2021-04-30,67700,2020-03-31,,810570000000,-0.048,,,,,26795000000,-0.460,18646000000,-0.572,,-4009000000,,-19.53,,-0.012,0.029,0.033,,625542000000,355615000000,0.519,1587.06,324464000000,87210000000,-42419000000,-31601000000,128217000000,,,,,,,,true,false,12,2019-04-01,2020-03-31,-1
2021-04-30,67700,2022-03-31,,383000000000,0.194,,,,,10000000000,,9000000000,,,6500000000,,31.38,,,,,,,,,,,,,,,,,,,,,,true,true,6,2021-04-01,2021-09-30,1
2021-04-30,67700,2022-03-31,,793000000000,0.104,,,,,28000000000,1.136,26000000000,0.966,,16500000000,,79.66,,,,,,,,,,,,,,,,0.251,,,,,,true,true,12,2021-04-01,2022-03-31,1
2021-04-30,67700,2021-03-31,,435334000000,0.219,,,,,-19757000000,,-10539000000,,-13017000000,,,-63.52,,,,,,388108000000,159836000000,0.411,770.93,159679000000,,,,,20.00,,,,219281450,12156710,204935737,false,false,12,2020-04-01,2021-03-31,0
2021-04-30,67700,2020-03-31,,357168000000,-0.095,,,,,-7524000000,,-1788000000,,-14760000000,,,-71.90,,,,,,328745000000,173046000000,0.526,845.32,172821000000,,,,,30.00,,,,219281450,14837907,205306192,false,false,12,2019-04-01,2020-03-31,-1
2021-04-30,67700,2022-03-31,,,,,,,,,,,,,,,,,,,,,,,,,,,,,,20.00,,,,,,,false,true,12,2021-04-01,2022-03-31,1
2021-07-29,67700,2022-03-31,1,174798000000,0.290,,,,,495000000,,205000000,,,-4345000000,,-20.98,,,,,,686596000000,375333000000,0.498,1650.29,341837000000,,,,,,,,,,,,true,false,3,2021-04-01,2021-06-30,0
2021-07-29,67700,2021-03-31,1,135473000000,-0.341,,,,,-6513000000,,-6798000000,,,-9110000000,,-44.56,,,,,,,,,,,,,,,,,,,,,,true,false,3,2020-04-01,2020-06-30,-1
2021-07-29,67700,2022-03-31,1,383000000000,0.194,,,,,10000000000,,9000000000,,,6500000000,,31.38,,,,,,,,,,,,,,,,,,,,,,true,true,6,2021-04-01,2021-09-30,0
2021-07-29,67700,2022-03-31,1,793000000000,0.104,,,,,28000000000,1.136,26000000000,0.966,,16500000000,,79.66,,,,,,,,,,,,,,,,,,,,,,true,true,12,2021-04-01,2022-03-31,0
2021-07-29,67700,2021-03-31,1,,,,,,,,,,,,,,,,,,,,694285000000,378379000000,0.497,1665.29,344923000000,,,,,,,,,,,,true,false,12,2020-04-01,2021-03-31,-1
2021-07-29,67700,2021-03-31,1,,,,,,,,,,,,,,,,,,,,,,,,,,,,,20.00,,,,219281450,12156710,,false,false,12,2020-04-01,2021-03-31,-1
2021-07-29,67700,2022-03-31,1,,,,,,,,,,,,,,,,,,,,,,,,,,,,,20.00,,,,,,,false,true,12,2021-04-01,2022-03-31,0
2021-07-29,67700,2022-03-31,1,,,,,,,,,,,,,,,,,,,,,,,,,,,,,,,,,219281450,12144266,207128743,false,false,3,2021-04-01,2021-06-30,0
2021-07-29,67700,2021-03-31,1,,,,,,,,,,,,,,,,,,,,,,,,,,,,,,,,,,,204449887,false,false,3,2020-04-01,2020-06-30,-1
2021-10-28,67700,2022-03-31,2,367461000000,0.145,,,,,10552000000,,9705000000,,,2177000000,,10.51,10.51,,,,,710489000000,383503000000,0.492,1686.58,349468000000,,,,,,,,,,,,true,false,6,2021-04-01,2021-09-30,0
2021-10-28,67700,2021-03-31,2,320789000000,-0.251,,,,,-3502000000,,-3954000000,,,-8992000000,,-43.98,,,,,,,,,,,,,,,,,,,,,,true,false,6,2020-04-01,2020-09-30,-1
2021-10-28,67700,2022-03-31,2,775300000000,0.080,,,,,28000000000,1.136,26000000000,0.966,,13000000000,,62.75,,,,,,,,,,,,,,,,,,,,,,true,true,12,2021-04-01,2022-03-31,0
2021-10-28,67700,2021-03-31,2,,,,,,,,,,,,,,,,,,,,694285000000,378379000000,0.497,1665.29,344923000000,,,,,,,,,,,,true,false,12,2020-04-01,2021-03-31,-1
2021-10-28,67700,2021-03-31,2,,,,,,,,,,,,,,,,,,,,,,,,,,,,,20.00,,,,219281450,12156710,,false,false,12,2020-04-01,2021-03-31,-1
2021-10-28,67700,2022-03-31,2,,,,,,,,,,,,,,,,,,,,,,,,,,,,,10.00,,,,,,,false,false,12,2021-04-01,2022-03-31,0
2021-10-28,67700,2022-03-31,2,,,,,,,,,,,,,,,,,,,,,,,,,,,,,20.00,,,,,,,false,true,12,2021-04-01,2022-03-31,0
2021-10-28,67700,2022-03-31,2,,,,,,,,,,,,,,,,,,,,,,,,,,,,,,,,,219281450,12075308,207167534,false,false,6,2021-04-01,2021-09-30,0
2021-10-28,67700,2021-03-31,2,,,,,,,,,,,,,,,,,,,,,,,,,,,,,,,,,,,204479376,false,false,6,2020-04-01,2020-09-30,-1
2021-10-28,67700,2022-03-31,,775300000000,-0.022,,,,,28000000000,0.000,26000000000,0.000,,13000000000,,62.75,,,,,,,,,,,,,,,,,,,,,,true,true,12,2021-04-01,2022-03-31,0
2021-10-28,67700,2021-03-31,,718013000000,,,,,,13109000000,,13227000000,,,-3837000000,,-18.72,,,,,,,,,,,,,,,,,,,,,,true,false,12,2020-04-01,2021-03-31,-1
2022-01-28,67700,2022-03-31,3,593317000000,0.112,,,,,27875000000,2.215,28408000000,3.424,,14754000000,,71.22,71.20,,,,,729476000000,407197000000,0.511,1797.93,372541000000,,,,,,,,,,,,true,false,9,2021-04-01,2021-12-31,0
2022-01-28,67700,2021-03-31,3,533726000000,-0.157,,,,,8670000000,-0.721,6421000000,-0.746,,-2169000000,,-10.61,,,,,,,,,,,,,,,,,,,,,,true,false,9,2020-04-01,2020-12-31,-1
2022-01-28,67700,2022-03-31,3,785000000000,0.093,,,,,30500000000,1.326,30500000000,1.306,,16000000000,,77.23,,,,,,,,,,,,,,,,,,,,,,true,true,12,2021-04-01,2022-03-31,0
2022-01-28,67700,2021-03-31,3,,,,,,,,,,,,,,,,,,,,694285000000,378379000000,0.497,1665.29,344923000000,,,,,,,,,,,,true,false,12,2020-04-01,2021-03-31,-1
2022-01-28,67700,2021-03-31,3,,,,,,,,,,,,,,,,,,,,,,,,,,,,,20.00,,,,219281450,12156710,,false,false,12,2020-04-01,2021-03-31,-1
2022-01-28,67700,2022-03-31,3,,,,,,,,,,,,,,,,,,,,,,,,,,,,,10.00,,,,,,,false,false,12,2021-04-01,2022-03-31,0
2022-01-28,67700,2022-03-31,3,,,,,,,,,,,,,,,,,,,,,,,,,,,,,20.00,,,,,,,false,true,12,2021-04-01,2022-03-31,0
2022-01-28,67700,2022-03-31,3,,,,,,,,,,,,,,,,,,,,,,,,,,,,,,,,,219281450,12075830,207180295,false,false,9,2021-04-01,2021-12-31,0
2022-01-28,67700,2021-03-31,3,,,,,,,,,,,,,,,,,,,,,,,,,,,,,,,,,,,204494879,false,false,9,2020-04-01,2020-12-31,-1
2022-04-28,67700,2022-03-31,,802854000000,0.118,,,,,35208000000,1.686,40286000000,2.046,,22960000000,,110.82,110.79,0.063,0.056,0.044,,743520000000,425308000000,0.524,1879.42,389426000000,34304000000,-45507000000,-13539000000,138489000000,,0.180,,,,,,true,false,12,2021-04-01,2022-03-31,0
2022-04-28,67700,2021-03-31,,718013000000,-0.114,,,,,13109000000,-0.511,13227000000,-0.291,,-3837000000,,-18.72,,-0.011,0.020,0.018,,694285000000,378379000000,0.497,1665.29,344923000000,42636000000,-41165000000,14515000000,151748000000,,,,,,,,true,false,12,2020-04-01,2021-03-31,-1
2022-04-28,67700,2023-03-31,,412000000000,0.121,,,,,19500000000,0.848,19500000000,1.009,,12500000000,,60.33,,,,,,,,,,,,,,,,,,,,,,true,true,6,2022-04-01,2022-09-30,1
2022-04-28,67700,2023-03-31,,835000000000,0.040,,,,,47500000000,0.349,47500000000,0.179,,33000000000,,159.26,,,,,,,,,,,,,,,,0.251,,,,,,true,true,12,2022-04-01,2023-03-31,1
2022-04-28,67700,2022-03-31,,497157000000,0.142,,,,,5036000000,,14433000000,,14704000000,,,70.97,70.95,,,,,397814000000,169597000000,0.426,817.88,169469000000,,,,,20.00,,,,219281450,12076076,207186584,false,false,12,2021-04-01,2022-03-31,0
2022-04-28,67700,2021-03-31,,435334000000,0.219,,,,,-19757000000,,-10539000000,,-13017000000,,,-63.52,,,,,,388108000000,159836000000,0.411,770.93,159679000000,,,,,20.00,,,,219281450,12156710,204935737,false,false,12,2020-04-01,2021-03-31,-1
2022-04-28,67700,2023-03-31,,,,,,,,,,,,,,,,,,,,,,,,,,,,,,40.00,,,,,,,false,true,12,2022-04-01,2023-03-31,1
2022-07-29,67700,2023-03-31,1,204978000000,0.173,,,,,1730000000,2.496,7266000000,,,2613000000,,12.67,12.67,,,,,714233000000,404939000000,0.564,1960.39,402708000000,,,,,,,,,,,,true,false,3,2022-04-01,2022-06-30,0
2022-07-29,67700,2022-03-31,1,174798000000,0.290,,,,,495000000,,205000000,,,-4345000000,,-20.98,,,,,,,,,,,,,,,,,,,,,,true,false,3,2021-04-01,2021-06-30,-1
2022-07-29,67700,2023-03-31,1,412000000000,0.121,,,,,19500000000,0.848,19500000000,1.009,,12500000000,,60.33,,,,,,,,,,,,,,,,,,,,,,true,true,6,2022-04-01,2022-09-30,0
2022-07-29,67700,2023-03-31,1,835000000000,0.040,,,,,47500000000,0.349,47500000000,0.179,,33000000000,,159.26,,,,,,,,,,,,,,,,,,,,,,true,true,12,2022-04-01,2023-03-31,0
2022-07-29,67700,2022-03-31,1,,,,,,,,,,,,,,,,,,,,743520000000,425308000000,0.524,1879.42,389426000000,,,,,,,,,,,,true,false,12,2021-04-01,2022-03-31,-1
2022-07-29,67700,2022-03-31,1,,,,,,,,,,,,,,,,,,,,,,,,,,,,,20.00,,,,219281450,12076076,,false,false,12,2021-04-01,2022-03-31,-1
2022-07-29,67700,2023-03-31,1,,,,,,,,,,,,,,,,,,,,,,,,,,,,,40.00,,,,,,,false,true,12,2022-04-01,2023-03-31,0
2022-07-29,67700,2023-03-31,1,,,,,,,,,,,,,,,,,,,,,,,,,,,,,,,,,219281450,13858945,206258503,false,false,3,2022-04-01,2022-06-30,0
2022-07-29,67700,2022-03-31,1,,,,,,,,,,,,,,,,,,,,,,,,,,,,,,,,,,,207128743,false,false,3,2021-04-01,2021-06-30,-1
2022-10-28,67700,2023-03-31,2,454286000000,0.236,,,,,19913000000,0.887,26863000000,1.768,,17436000000,,84.70,84.68,,,,,756173000000,418445000000,0.551,2029.32,416984000000,,,,,,,,,,,,true,false,6,2022-04-01,2022-09-30,0
2022-10-28,67700,2022-03-31,2,367461000000,0.145,,,,,10552000000,,9705000000,,,2177000000,,10.51,10.51,,,,,,,,,,,,,,,,,,,,,true,false,6,2021-04-01,2021-09-30,-1
2022-10-28,67700,2023-03-31,2,905000000000,0.127,,,,,50000000000,0.420,57000000000,0.415,,40000000000,,194.30,,,,,,,,,,,,,,,,,,,,,,true,true,12,2022-04-01,2023-03-31,0
2022-10-28,67700,2022-03-31,2,,,,,,,,,,,,,,,,,,,,743520000000,425308000000,0.524,1879.42,389426000000,,,,,,,,,,,,true,false,12,2021-04-01,2022-03-31,-1
2022-10-28,67700,2022-03-31,2,,,,,,,,,,,,,,,,,,,,,,,,,,,,,20.00,,,,219281450,12076076,,false,false,12,2021-04-01,2022-03-31,-1
2022-10-28,67700,2023-03-31,2,,,,,,,,,,,,,,,,,,,,,,,,,,,,,20.00,,,,,,,false,false,12,2022-04-01,2023-03-31,0
2022-10-28,67700,2023-03-31,2,,,,,,,,,,,,,,,,,,,,,,,,,,,,,40.00,,,,,,,false,true,12,2022-04-01,2023-03-31,0
2022-10-28,67700,2023-03-31,2,,,,,,,,,,,,,,,,,,,,,,,,,,,,,,,,,219281450,13801063,205869539,false,false,6,2022-04-01,2022-09-30,0
2022-10-28,67700,2022-03-31,2,,,,,,,,,,,,,,,,,,,,,,,,,,,,,,,,,,,207167534,false,false,6,2021-04-01,2021-09-30,-1
2023-01-31,67700,2023-03-31,3,700616000000,0.181,,,,,34416000000,0.235,36687000000,0.291,,21125000000,,102.68,102.66,,,,,729244000000,404279000000,0.552,1959.91,402721000000,,,,,,,,,,,,true,false,9,2022-04-01,2022-12-31,0
2023-01-31,67700,2022-03-31,3,593317000000,0.112,,,,,27875000000,2.215,28408000000,3.424,,14754000000,,71.22,71.20,,,,,,,,,,,,,,,,,,,,,true,false,9,2021-04-01,2021-12-31,-1
2023-01-31,67700,2023-03-31,3,905000000000,0.127,,,,,50000000000,0.420,57000000000,0.415,,40000000000,,194.30,,,,,,,,,,,,,,,,,,,,,,true,true,12,2022-04-01,2023-03-31,0
2023-01-31,67700,2022-03-31,3,,,,,,,,,,,,,,,,,,,,743520000000,425308000000,0.524,1879.42,389426000000,,,,,,,,,,,,true,false,12,2021-04-01,2022-03-31,-1
2023-01-31,67700,2022-03-31,3,,,,,,,,,,,,,,,,,,,,,,,,,,,,,20.00,,,,219281450,12076076,,false,false,12,2021-04-01,2022-03-31,-1
2023-01-31,67700,2023-03-31,3,,,,,,,,,,,,,,,,,,,,,,,,,,,,,20.00,,,,,,,false,false,12,2022-04-01,2023-03-31,0
2023-01-31,67700,2023-03-31,3,,,,,,,,,,,,,,,,,,,,,,,,,,,,,40.00,,,,,,,false,true,12,2022-04-01,2023-03-31,0
2023-01-31,67700,2023-03-31,3,,,,,,,,,,,,,,,,,,,,,,,,,,,,,,,,,219281450,13801595,205739736,false,false,9,2022-04-01,2022-12-31,0
2023-01-31,67700,2022-03-31,3,,,,,,,,,,,,,,,,,,,,,,,,,,,,,,,,,,,207180295,false,false,9,2021-04-01,2021-12-31,-1
2023-04-14,67700,2023-03-31,,933000000000,0.031,,,,,33000000000,-0.340,34000000000,-0.404,,10500000000,,51.04,,,,,,,,,,,,,,,,,,,,,,true,true,12,2022-04-01,2023-03-31,0
2023-04-14,67700,2022-03-31,,802854000000,,,,,,35208000000,,40286000000,,,22960000000,,110.82,,,,,,,,,,,,,,,,,,,,,,true,false,12,2021-04-01,2022-03-31,-1
2023-04-28,67700,2023-03-31,,933114000000,0.162,,,,,33595000000,-0.046,34940000000,-0.133,,11470000000,,55.77,55.76,0.029,0.047,0.036,,736997000000,399782000000,0.540,1937.47,398111000000,15413000000,-54205000000,-742000000,82893000000,,0.717,,,,,,true,false,12,2022-04-01,2023-03-31,0
2023-04-28,67700,2022-03-31,,802854000000,0.118,,,,,35208000000,1.686,40286000000,2.046,,22960000000,,110.82,110.79,0.063,0.056,0.044,,743520000000,425308000000,0.524,1879.42,389426000000,34304000000,-45507000000,-13539000000,138489000000,,0.180,,,,,,true,false,12,2021-04-01,2022-03-31,-1
2023-04-28,67700,2024-03-31,,444000000000,-0.023,,,,,8500000000,-0.573,9000000000,-0.665,,5000000000,,24.33,,,,,,,,,,,,,,,,,,,,,,true,true,6,2023-04-01,2023-09-30,1
2023-04-28,67700,2024-03-31,,935000000000,0.002,,,,,32500000000,-0.033,33500000000,-0.041,,20000000000,,97.33,,,,,,,,,,,,,,,,0.411,,,,,,true,true,12,2023-04-01,2024-03-31,1
2023-04-28,67700,2023-03-31,,580801000000,0.168,,,,,-13311000000,,-8113000000,,-11120000000,,,-54.07,,,,,,409262000000,151368000000,0.370,736.15,151263000000,,,,,40.00,,,,219281450,13802000,205674681,false,false,12,2022-04-01,2023-03-31,0
2023-04-28,67700,2022-03-31,,497157000000,0.142,,,,,5036000000,,14433000000,,14704000000,,,70.97,70.95,,,,,397814000000,169597000000,0.426,817.88,169469000000,,,,,20.00,,,,219281450,12076076,207186584,false,false,12,2021-04-01,2022-03-31,-1
2023-04-28,67700,2024-03-31,,,,,,,,,,,,,,,,,,,,,,,,,,,,,,40.00,,,,,,,false,true,12,2023-04-01,2024-03-31,1
2023-07-28,67700,2024-03-31,1,218508000000,0.066,,,,,-2539000000,,2364000000,-0.675,,-2374000000,,-11.55,,,,,,756831000000,408584000000,0.537,1979.62,406793000000,,,,,,,,,,,,true,false,3,2023-04-01,2023-06-30,0
2023-07-28,67700,2023-03-31,1,204978000000,0.173,,,,,1730000000,2.496,7266000000,,,2613000000,,12.67,12.67,,,,,,,,,,,,,,,,,,,,,true,false,3,2022-04-01,2022-06-30,-1
2023-07-28,67700,2024-03-31,1,469000000000,0.032,,,,,8500000000,-0.573,9000000000,-0.665,,5000000000,,24.33,,,,,,,,,,,,,,,,,,,,,,true,true,6,2023-04-01,2023-09-30,0
2023-07-28,67700,2024-03-31,1,960000000000,0.029,,,,,32500000000,-0.033,33500000000,-0.041,,20000000000,,97.33,,,,,,,,,,,,,,,,,,,,,,true,true,12,2023-04-01,2024-03-31,0
2023-07-28,67700,2023-03-31,1,,,,,,,,,,,,,,,,,,,,736997000000,399782000000,0.540,1937.47,398111000000,,,,,,,,,,,,true,false,12,2022-04-01,2023-03-31,-1
2023-07-28,67700,2023-03-31,1,,,,,,,,,,,,,,,,,,,,,,,,,,,,,40.00,,,,219281450,13802000,,false,false,12,2022-04-01,2023-03-31,-1
2023-07-28,67700,2024-03-31,1,,,,,,,,,,,,,,,,,,,,,,,,,,,,,40.00,,,,,,,false,true,12,2023-04-01,2024-03-31,0
2023-07-28,67700,2024-03-31,1,,,,,,,,,,,,,,,,,,,,,,,,,,,,,,,,,219281450,13790540,205483106,false,false,3,2023-04-01,2023-06-30,0
2023-07-28,67700,2023-03-31,1,,,,,,,,,,,,,,,,,,,,,,,,,,,,,,,,,,,206258503,false,false,3,2022-04-01,2022-06-30,-1
2023-10-30,67700,2024-03-31,2,475009000000,0.046,,,,,10641000000,-0.466,16936000000,-0.370,,6711000000,,32.65,32.65,,,,,786635000000,424125000000,0.537,2055.51,422579000000,,,,,,,,,,,,true,false,6,2023-04-01,2023-09-30,0
2023-10-30,67700,2023-03-31,2,454286000000,0.236,,,,,19913000000,0.887,26863000000,1.768,,17436000000,,84.70,84.68,,,,,,,,,,,,,,,,,,,,,true,false,6,2022-04-01,2022-09-30,-1
2023-10-30,67700,2024-03-31,2,960000000000,0.029,,,,,32500000000,-0.033,33500000000,-0.041,,20000000000,,97.33,,,,,,,,,,,,,,,,,,,,,,true,true,12,2023-04-01,2024-03-31,0
2023-10-30,67700,2023-03-31,2,,,,,,,,,,,,,,,,,,,,736997000000,399782000000,0.540,1937.47,398111000000,,,,,,,,,,,,true,false,12,2022-04-01,2023-03-31,-1
2023-10-30,67700,2023-03-31,2,,,,,,,,,,,,,,,,,,,,,,,,,,,,,40.00,,,,219281450,13802000,,false,false,12,2022-04-01,2023-03-31,-1
2023-10-30,67700,2024-03-31,2,,,,,,,,,,,,,,,,,,,,,,,,,,,,,20.00,,,,,,,false,false,12,2023-04-01,2024-03-31,0
2023-10-30,67700,2024-03-31,2,,,,,,,,,,,,,,,,,,,,,,,,,,,,,40.00,,,,,,,false,true,12,2023-04-01,2024-03-31,0
2023-10-30,67700,2024-03-31,2,,,,,,,,,,,,,,,,,,,,,,,,,,,,,,,,,219281450,13697902,205533490,false,false,6,2023-04-01,2023-09-30,0
2023-10-30,67700,2023-03-31,2,,,,,,,,,,,,,,,,,,,,,,,,,,,,,,,,,,,205869539,false,false,6,2022-04-01,2022-09-30,-1
2024-01-30,67700,2024-03-31,3,735359000000,0.050,,,,,20583000000,-0.402,23932000000,-0.348,,-20376000000,,-99.13,,,,,,725059000000,383336000000,0.526,1856.65,381697000000,,,,,,,,,,,,true,false,9,2023-04-01,2023-12-31,0
2024-01-30,67700,2023-03-31,3,700616000000,0.181,,,,,34416000000,0.235,36687000000,0.291,,21125000000,,102.68,102.66,,,,,,,,,,,,,,,,,,,,,true,false,9,2022-04-01,2022-12-31,-1
2024-01-30,67700,2024-03-31,3,957000000000,0.026,,,,,16500000000,-0.509,17500000000,-0.499,,-35000000000,,-170.27,,,,,,,,,,,,,,,,,,,,,,true,true,12,2023-04-01,2024-03-31,0
2024-01-30,67700,2023-03-31,3,,,,,,,,,,,,,,,,,,,,736997000000,399782000000,0.540,1937.47,398111000000,,,,,,,,,,,,true,false,12,2022-04-01,2023-03-31,-1
2024-01-30,67700,2023-03-31,3,,,,,,,,,,,,,,,,,,,,,,,,,,,,,40.00,,,,219281450,13802000,,false,false,12,2022-04-01,2023-03-31,-1
2024-01-30,67700,2024-03-31,3,,,,,,,,,,,,,,,,,,,,,,,,,,,,,20.00,,,,,,,false,false,12,2023-04-01,2024-03-31,0
2024-01-30,67700,2024-03-31,3,,,,,,,,,,,,,,,,,,,,,,,,,,,,,30.00,,,,,,,false,true,12,2023-04-01,2024-03-31,0
2024-01-30,67700,2024-03-31,3,,,,,,,,,,,,,,,,,,,,,,,,,,,,,,,,,219281450,13698067,205550132,false,false,9,2023-04-01,2023-12-31,0
2024-01-30,67700,2023-03-31,3,,,,,,,,,,,,,,,,,,,,,,,,,,,,,,,,,,,205739736,false,false,9,2022-04-01,2022-12-31,-1
2024-05-09,67700,2024-03-31,,964090000000,0.033,,,,,19711000000,-0.413,24809000000,-0.290,,-29814000000,,-145.04,,-0.076,0.033,0.020,,753989000000,392824000000,0.519,1902.43,391108000000,89173000000,-55095000000,-1808000000,122298000000,,,,,,,,true,false,12,2023-04-01,2024-03-31,0
2024-05-09,67700,2023-03-31,,933114000000,0.162,,,,,33595000000,-0.046,34940000000,-0.133,,11470000000,,55.77,55.76,0.029,0.047,0.036,,736997000000,399782000000,0.540,1937.47,398111000000,15413000000,-54205000000,-742000000,82893000000,,0.717,,,,,,true,false,12,2022-04-01,2023-03-31,-1
2024-05-09,67700,2025-03-31,,450000000000,-0.053,,,,,2500000000,-0.765,2000000000,-0.882,,500000000,,2.43,,,,,,,,,,,,,,,,,,,,,,true,true,6,2024-04-01,2024-09-30,1
2024-05-09,67700,2025-03-31,,913000000000,-0.053,,,,,23000000000,0.167,22000000000,-0.113,,30000000000,,145.93,,,,,,,,,,,,,,,,0.411,,,,,,true,true,12,2024-04-01,2025-03-31,1
2024-05-09,67700,2024-03-31,,596779000000,0.028,,,,,-30875000000,,23473000000,,13646000000,,,66.39,66.38,,,,,423208000000,158406000000,0.374,770.19,158338000000,,,,,30.00,,,,219281450,13698507,205558375,false,false,12,2023-04-01,2024-03-31,0
2024-05-09,67700,2023-03-31,,580801000000,0.168,,,,,-13311000000,,-8113000000,,-11120000000,,,-54.07,,,,,,409262000000,151368000000,0.370,736.15,151263000000,,,,,40.00,,,,219281450,13802000,205674681,false,false,12,2022-04-01,2023-03-31,-1
2024-05-09,67700,2025-03-31,,,,,,,,,,,,,,,,,,,,,,,,,,,,,,60.00,,,,,,,false,true,12,2024-04-01,2025-03-31,1
2024-07-31,67700,2025-03-31,1,233593000000,0.069,,,,,1224000000,,4787000000,1.025,,445000000,,2.17,2.17,,,,,764187000000,406230000000,0.529,1967.52,404488000000,,,,,,,,,,,,true,false,3,2024-04-01,2024-06-30,0
2024-07-31,67700,2024-03-31,1,218508000000,0.066,,,,,-2539000000,,2364000000,-0.675,,-2374000000,,-11.55,,,,,,,,,,,,,,,,,,,,,,true,false,3,2023-04-01,2023-06-30,-1
2024-07-31,67700,2025-03-31,1,485000000000,0.021,,,,,10000000000,-0.060,12500000000,-0.262,,2000000000,,9.73,,,,,,,,,,,,,,,,,,,,,,true,true,6,2024-04-01,2024-09-30,0
2024-07-31,67700,2025-03-31,1,925000000000,-0.041,,,,,23000000000,0.167,24000000000,-0.033,,30000000000,,145.93,,,,,,,,,,,,,,,,,,,,,,true,true,12,2024-04-01,2025-03-31,0
2024-07-31,67700,2024-03-31,1,,,,,,,,,,,,,,,,,,,,753989000000,392824000000,0.519,1902.43,391108000000,,,,,,,,,,,,true,false,12,2023-04-01,2024-03-31,-1
2024-07-31,67700,2024-03-31,1,,,,,,,,,,,,,,,,,,,,,,,,,,,,,30.00,,,,219281450,13698507,,false,false,12,2023-04-01,2024-03-31,-1
2024-07-31,67700,2025-03-31,1,,,,,,,,,,,,,,,,,,,,,,,,,,,,,60.00,,,,,,,false,true,12,2024-04-01,2025-03-31,0
2024-07-31,67700,2025-03-31,1,,,,,,,,,,,,,,,,,,,,,,,,,,,,,,,,,219281450,13698980,205582626,false,false,3,2024-04-01,2024-06-30,0
2024-07-31,67700,2024-03-31,1,,,,,,,,,,,,,,,,,,,,,,,,,,,,,,,,,,,205483106,false,false,3,2023-04-01,2023-06-30,-1
2024-08-01,67700,2025-03-31,,485000000000,0.078,,,,,10000000000,3.000,12500000000,5.250,,2000000000,,9.73,,,,,,,,,,,,,,,,,,,,,,true,true,6,2024-04-01,2024-09-30,0
2024-08-01,67700,2024-03-31,,475009000000,,,,,,10641000000,,16936000000,,,6711000000,,32.65,,,,,,,,,,,,,,,,,,,,,,true,false,6,2023-04-01,2023-09-30,-1
2024-08-01,67700,2025-03-31,,925000000000,0.013,,,,,23000000000,0.000,24000000000,0.091,,30000000000,,145.93,,,,,,,,,,,,,,,,,,,,,,true,true,12,2024-04-01,2025-03-31,0
2024-08-01,67700,2024-03-31,,964090000000,,,,,,19711000000,,24809000000,,,-29814000000,,-145.04,,,,,,,,,,,,,,,,,,,,,,true,false,12,2023-04-01,2024-03-31,-1
2024-10-30,67700,2025-03-31,2,490311000000,0.032,,,,,11214000000,0.054,8193000000,-0.516,,1014000000,,4.93,4.93,,,,,703750000000,382347000000,0.541,1851.60,380787000000,,,,,,,,,,,,true,false,6,2024-04-01,2024-09-30,0
2024-10-30,67700,2024-03-31,2,475009000000,0.046,,,,,10641000000,-0.466,16936000000,-0.370,,6711000000,,32.65,32.65,,,,,,,,,,,,,,,,,,,,,true,false,6,2023-04-01,2023-09-30,-1
2024-10-30,67700,2025-03-31,2,940000000000,-0.025,,,,,23000000000,0.167,19000000000,-0.234,,30000000000,,145.90,,,,,,,,,,,,,,,,,,,,,,true,true,12,2024-04-01,2025-03-31,0
2024-10-30,67700,2024-03-31,2,,,,,,,,,,,,,,,,,,,,753989000000,392824000000,0.519,1902.43,391108000000,,,,,,,,,,,,true,false,12,2023-04-01,2024-03-31,-1
2024-10-30,67700,2024-03-31,2,,,,,,,,,,,,,,,,,,,,,,,,,,,,,30.00,,,,219281450,13698507,,false,false,12,2023-04-01,2024-03-31,-1
2024-10-30,67700,2025-03-31,2,,,,,,,,,,,,,,,,,,,,,,,,,,,,,30.00,,,,,,,false,false,12,2024-04-01,2025-03-31,0
2024-10-30,67700,2025-03-31,2,,,,,,,,,,,,,,,,,,,,,,,,,,,,,60.00,,,,,,,false,true,12,2024-04-01,2025-03-31,0
2024-10-30,67700,2025-03-31,2,,,,,,,,,,,,,,,,,,,,,,,,,,,,,,,,,219281450,13628191,205617974,false,false,6,2024-04-01,2024-09-30,0
2024-10-30,67700,2024-03-31,2,,,,,,,,,,,,,,,,,,,,,,,,,,,,,,,,,,,205533490,false,false,6,2023-04-01,2023-09-30,-1
2025-01-31,67700,2025-03-31,3,740616000000,0.007,,,,,25295000000,0.229,24459000000,0.022,,9912000000,,48.20,48.20,,,,,733158000000,405013000000,0.550,1961.22,403330000000,,,,,,,,,,,,true,false,9,2024-04-01,2024-12-31,0
2025-01-31,67700,2024-03-31,3,735359000000,0.050,,,,,20583000000,-0.402,23932000000,-0.348,,-20376000000,,-99.13,,,,,,,,,,,,,,,,,,,,,,true,false,9,2023-04-01,2023-12-31,-1
2025-01-31,67700,2025-03-31,3,980000000000,0.017,,,,,28000000000,0.421,24000000000,-0.033,,32000000000,,155.62,,,,,,,,,,,,,,,,,,,,,,true,true,12,2024-04-01,2025-03-31,0
2025-01-31,67700,2024-03-31,3,,,,,,,,,,,,,,,,,,,,753989000000,392824000000,0.519,1902.43,391108000000,,,,,,,,,,,,true,false,12,2023-04-01,2024-03-31,-1
2025-01-31,67700,2024-03-31,3,,,,,,,,,,,,,,,,,,,,,,,,,,,,,30.00,,,,219281450,13698507,,false,false,12,2023-04-01,2024-03-31,-1
2025-01-31,67700,2025-03-31,3,,,,,,,,,,,,,,,,,,,,,,,,,,,,,30.00,,,,,,,false,false,12,2024-04-01,2025-03-31,0
2025-01-31,67700,2025-03-31,3,,,,,,,,,,,,,,,,,,,,,,,,,,,,,60.00,,,,,,,false,true,12,2024-04-01,2025-03-31,0
2025-01-31,67700,2025-03-31,3,,,,,,,,,,,,,,,,,,,,,,,,,,,,,,,,,219281450,13628540,205629674,false,false,9,2024-04-01,2024-12-31,0
2025-01-31,67700,2024-03-31,3,,,,,,,,,,,,,,,,,,,,,,,,,,,,,,,,,,,205550132,false,false,9,2023-04-01,2023-12-31,-1
2025-04-30,67700,2025-03-31,,990407000000,0.027,,,,,34106000000,0.730,30521000000,0.230,,37837000000,,184.00,184.00,0.094,0.041,0.034,,740715000000,415515000000,0.559,2013.07,413994000000,65817000000,-1683000000,-37299000000,147464000000,,0.326,,,,,,true,false,12,2024-04-01,2025-03-31,0
2025-04-30,67700,2024-03-31,,964090000000,0.033,,,,,19711000000,-0.413,24809000000,-0.290,,-29814000000,,-145.04,,-0.076,0.033,0.020,,753989000000,392824000000,0.519,1902.43,391108000000,89173000000,-55095000000,-1808000000,122298000000,,,,,,,,true,false,12,2023-04-01,2024-03-31,-1
2025-04-30,67700,2026-03-31,,458000000000,-0.066,,,,,4000000000,-0.643,4500000000,-0.451,,1000000000,,4.86,,,,,,,,,,,,,,,,,,,,,,true,true,6,2025-04-01,2025-09-30,1
2025-04-30,67700,2026-03-31,,910000000000,-0.081,,,,,17000000000,-0.502,18000000000,-0.410,,4500000000,,21.88,,,,,,,,,,,,,,,,2.742,,,,,,true,true,12,2025-04-01,2026-03-31,1
2025-04-30,67700,2025-03-31,,620534000000,0.040,,,,,-18492000000,,10735000000,-0.543,43460000000,,2.185,211.35,211.34,,,,,431347000000,192783000000,0.447,937.39,192777000000,,,,,60.00,,,,219281450,13628814,205635437,false,false,12,2024-04-01,2025-03-31,0
2025-04-30,67700,2024-03-31,,596779000000,0.028,,,,,-30875000000,,23473000000,,13646000000,,,66.39,66.38,,,,,423208000000,158406000000,0.374,770.19,158338000000,,,,,30.00,,,,219281450,13698507,205558375,false,false,12,2023-04-01,2024-03-31,-1
2025-04-30,67700,2026-03-31,,,,,,,,,,,,,,,,,,,,,,,,,,,,,,60.00,,,,,,,false,true,12,2025-04-01,2026-03-31,1
2025-07-31,67700,2026-03-31,1,238920000000,0.023,,,,,3726000000,2.043,1270000000,-0.735,,-2821000000,,-13.76,,,,,,705085000000,401758000000,0.568,1960.42,400322000000,,,,,,,,,,,,true,false,3,2025-04-01,2025-06-30,0
2025-07-31,67700,2025-03-31,1,233593000000,0.069,,,,,1224000000,,4787000000,1.025,,445000000,,2.17,2.17,,,,,,,,,,,,,,,,,,,,,true,false,3,2024-04-01,2024-06-30,-1
2025-07-31,67700,2026-03-31,1,498000000000,0.016,,,,,12100000000,0.079,9000000000,0.098,,2000000000,,9.79,,,,,,,,,,,,,,,,,,,,,,true,true,6,2025-04-01,2025-09-30,0
2025-07-31,67700,2026-03-31,1,950000000000,-0.041,,,,,25000000000,-0.267,22500000000,-0.263,,5500000000,,26.81,,,,,,,,,,,,,,,,,,,,,,true,true,12,2025-04-01,2026-03-31,0
2025-07-31,67700,2025-03-31,1,,,,,,,,,,,,,,,,,,,,740715000000,415515000000,0.559,2013.07,413994000000,,,,,,,,,,,,true,false,12,2024-04-01,2025-03-31,-1
2025-07-31,67700,2025-03-31,1,,,,,,,,,,,,,,,,,,,,,,,,,,,,,60.00,,,,219281450,13628814,,false,false,12,2024-04-01,2025-03-31,-1
2025-07-31,67700,2026-03-31,1,,,,,,,,,,,,,,,,,,,,,,,,,,,,,60.00,,,,,,,false,true,12,2025-04-01,2026-03-31,0
2025-07-31,67700,2026-03-31,1,,,,,,,,,,,,,,,,,,,,,,,,,,,,,,,,,219281450,15078712,205136431,false,false,3,2025-04-01,2025-06-30,0
2025-07-31,67700,2025-03-31,1,,,,,,,,,,,,,,,,,,,,,,,,,,,,,,,,,,,205582626,false,false,3,2024-04-01,2024-06-30,-1
