filing_date,code,fiscal_year_end,quarterly_period,net_sales,net_sales_change,revenue,revenue_change,operating_revenue,operating_revenue_change,operating_profit,operating_profit_change,ordinary_profit,ordinary_profit_change,net_income,net_income_of_parent,net_income_change,eps,diluted_eps,roe,roa,operating_profit_to_net_sales,operating_profit_to_revenue,total_assets,net_assets,equity_ratio,bps,owner_equity,operating_cash_flow,investing_cash_flow,financing_cash_flow,cash,dividend_per_share,payout_ratio,commemorative_dividend,extra_dividend,number_of_shares,number_of_treqsury_shares,avg_number_of_shares,is_consolidated,is_forecast,duration,period_start,period_end,period_pos
2015-07-30,67940,2016-03-31,1,47092000000,0.113,,,,,2424000000,0.610,2728000000,0.799,,1784000000,,66.70,,,,,,105395000000,66860000000,0.598,2353.87,62975000000,,,,,,,,,,,,true,false,3,2015-04-01,2015-06-30,0
2015-07-30,67940,2015-03-31,1,42327000000,0.097,,,,,1505000000,-0.265,1516000000,-0.178,,967000000,,41.46,36.18,,,,,,,,,,,,,,,,,,,,,true,false,3,2014-04-01,2014-06-30,-1
2015-07-30,67940,2016-03-31,1,90000000000,0.029,,,,,4000000000,0.038,4000000000,-0.079,,2000000000,,74.76,,,,,,,,,,,,,,,,,,,,,,true,true,6,2015-04-01,2015-09-30,0
2015-07-30,67940,2016-03-31,1,190000000000,0.005,,,,,10000000000,0.026,10000000000,-0.038,,5000000000,,186.89,,,,,,,,,,,,,,,,,,,,,,true,true,12,2015-04-01,2016-03-31,0
2015-07-30,67940,2015-03-31,1,,,,,,,,,,,,,,,,,,,,104843000000,64944000000,0.582,2279.32,60980000000,,,,,,,,,,,,true,false,12,2014-04-01,2015-03-31,-1
2015-07-30,67940,2015-03-31,1,,,,,,,,,,,,,,,,,,,,,,,,,,,,,40.00,,,,26931051,177166,,false,false,12,2014-04-01,2015-03-31,-1
2015-07-30,67940,2016-03-31,1,,,,,,,,,,,,,,,,,,,,,,,,,,,,,40.00,,,,,,,false,true,12,2015-04-01,2016-03-31,0
2015-07-30,67940,2016-03-31,1,,,,,,,,,,,,,,,,,,,,,,,,,,,,,,,,,26931051,177206,26753855,false,false,3,2015-04-01,2015-06-30,0
2015-07-30,67940,2015-03-31,1,,,,,,,,,,,,,,,,,,,,,,,,,,,,,,,,,,,23328875,false,false,3,2014-04-01,2014-06-30,-1
2015-09-29,67940,2016-03-31,,94000000000,0.044,,,,,5200000000,0.300,5700000000,0.425,,4000000000,,149.51,,,,,,,,,,,,,,,,,,,,,,true,true,6,2015-04-01,2015-09-30,0
2015-09-29,67940,2015-03-31,,87481000000,,,,,,3852000000,,4342000000,,,2285000000,,97.95,,,,,,,,,,,,,,,,,,,,,,true,false,6,2014-04-01,2014-09-30,-1
2015-09-29,67940,2016-03-31,,,,,,,,,,,,,,,,,,,,,,,,,,,,,,50.00,,,,,,,false,true,12,2015-04-01,2016-03-31,0
2015-09-29,67940,2015-03-31,,,,,,,,,,,,,,,,,,,,,,,,,,,,,,40.00,,,,,,,false,false,12,2014-04-01,2015-03-31,-1
2015-10-29,67940,2016-03-31,2,96641000000,0.105,,,,,5524000000,0.434,5927000000,0.365,,4406000000,,164.71,,,,,,107099000000,68415000000,0.601,2404.39,64326000000,,,,,,,,,,,,true,false,6,2015-04-01,2015-09-30,0
2015-10-29,67940,2015-03-31,2,87481000000,0.080,,,,,3852000000,-0.035,4342000000,0.068,,2285000000,,97.95,85.44,,,,,,,,,,,,,,,,,,,,,true,false,6,2014-04-01,2014-09-30,-1
2015-10-29,67940,2016-03-31,2,190000000000,0.005,,,,,10000000000,0.026,10000000000,-0.038,,5000000000,,186.89,,,,,,,,,,,,,,,,,,,,,,true,true,12,2015-04-01,2016-03-31,0
2015-10-29,67940,2015-03-31,2,,,,,,,,,,,,,,,,,,,,104843000000,64944000000,0.582,2279.32,60980000000,,,,,,,,,,,,true,false,12,2014-04-01,2015-03-31,-1
2015-10-29,67940,2015-03-31,2,,,,,,,,,,,,,,,,,,,,,,,,,,,,,40.00,,,,26931051,177166,,false,false,12,2014-04-01,2015-03-31,-1
2015-10-29,67940,2016-03-31,2,,,,,,,,,,,,,,,,,,,,,,,,,,,,,25.00,,,,,,,false,false,12,2015-04-01,2016-03-31,0
2015-10-29,67940,2016-03-31,2,,,,,,,,,,,,,,,,,,,,,,,,,,,,,50.00,,,,,,,false,true,12,2015-04-01,2016-03-31,0
2015-10-29,67940,2016-03-31,2,,,,,,,,,,,,,,,,,,,,,,,,,,,,,,,,,26931051,177209,26753849,false,false,6,2015-04-01,2015-09-30,0
2015-10-29,67940,2015-03-31,2,,,,,,,,,,,,,,,,,,,,,,,,,,,,,,,,,,,23328881,false,false,6,2014-04-01,2014-09-30,-1
2016-01-28,67940,2016-03-31,3,149575000000,0.075,,,,,9867000000,0.207,10303000000,0.154,,7530000000,,281.47,,,,,,108983000000,70305000000,0.609,2478.79,66317000000,,,,,,,,,,,,true,false,9,2015-04-01,2015-12-31,0
2016-01-28,67940,2015-03-31,3,139105000000,0.118,,,,,8178000000,0.397,8928000000,0.405,,4584000000,,196.51,171.39,,,,,,,,,,,,,,,,,,,,,true,false,9,2014-04-01,2014-12-31,-1
2016-01-28,67940,2016-03-31,3,190000000000,0.005,,,,,10000000000,0.026,10000000000,-0.038,,5000000000,,186.89,,,,,,,,,,,,,,,,,,,,,,true,true,12,2015-04-01,2016-03-31,0
2016-01-28,67940,2015-03-31,3,,,,,,,,,,,,,,,,,,,,104843000000,64944000000,0.582,2279.32,60980000000,,,,,,,,,,,,true,false,12,2014-04-01,2015-03-31,-1
2016-01-28,67940,2015-03-31,3,,,,,,,,,,,,,,,,,,,,,,,,,,,,,40.00,,,,26931051,177166,,false,false,12,2014-04-01,2015-03-31,-1
2016-01-28,67940,2016-03-31,3,,,,,,,,,,,,,,,,,,,,,,,,,,,,,25.00,,,,,,,false,false,12,2015-04-01,2016-03-31,0
2016-01-28,67940,2016-03-31,3,,,,,,,,,,,,,,,,,,,,,,,,,,,,,50.00,,,,,,,false,true,12,2015-04-01,2016-03-31,0
2016-01-28,67940,2016-03-31,3,,,,,,,,,,,,,,,,,,,,,,,,,,,,,,,,,26931051,177209,26753847,false,false,9,2015-04-01,2015-12-31,0
2016-01-28,67940,2015-03-31,3,,,,,,,,,,,,,,,,,,,,,,,,,,,,,,,,,,,23328874,false,false,9,2014-04-01,2014-12-31,-1
2016-04-21,67940,2016-03-31,,190900000000,0.005,,,,,10300000000,0.030,10800000000,0.080,,6800000000,,254.17,,,,,,,,,,,,,,,,,,,,,,true,true,12,2015-04-01,2016-03-31,0
2016-04-21,67940,2015-03-31,,189124000000,,,,,,9747000000,,10398000000,,,4858000000,,206.18,,,,,,,,,,,,,,,,,,,,,,true,false,12,2014-04-01,2015-03-31,-1
2016-04-28,67940,2016-03-31,,190928000000,0.010,,,,,10351000000,0.062,10847000000,0.043,,6833000000,,255.44,,0.110,0.107,0.054,,98735000000,67017000000,0.637,2350.26,62878000000,24057000000,-3946000000,-6676000000,17858000000,,0.196,,,,,,true,false,12,2015-04-01,2016-03-31,0
2016-04-28,67940,2015-03-31,,189124000000,0.128,,,,,9747000000,0.619,10398000000,0.643,,4858000000,,206.18,,0.091,0.103,0.052,,104843000000,64944000000,0.582,2279.32,60980000000,15499000000,-4417000000,-11513000000,5924000000,,0.194,,,,,,true,false,12,2014-04-01,2015-03-31,-1
2016-04-28,67940,2017-03-31,,180000000000,-0.057,,,,,8000000000,-0.227,8000000000,-0.263,,4600000000,,171.94,,,,,,,,,,,,,,,,0.233,,,,,,true,true,12,2016-04-01,2017-03-31,1
2016-04-28,67940,2016-03-31,,139060000000,0.035,,,,,297000000,-0.874,2942000000,-0.283,3096000000,,0.236,115.73,,,,,,56151000000,33700000000,0.600,1259.64,33700000000,,,,,50.00,,,,26931051,177209,26753846,false,false,12,2015-04-01,2016-03-31,0
2016-04-28,67940,2015-03-31,,134350000000,0.103,,,,,2363000000,,4101000000,2.265,2504000000,,2.043,106.29,,,,,,57807000000,32269000000,0.558,1206.17,32269000000,,,,,40.00,,,,26931051,177166,23563800,false,false,12,2014-04-01,2015-03-31,-1
2016-04-28,67940,2017-03-31,,,,,,,,,,,,,,,,,,,,,,,,,,,,,,40.00,,,,,,,false,true,12,2016-04-01,2017-03-31,1
2016-07-28,67940,2017-03-31,1,34555000000,-0.266,,,,,885000000,-0.635,1048000000,-0.616,,997000000,,37.28,,,,,,92775000000,63285000000,0.639,2217.29,59320000000,,,,,,,,,,,,true,false,3,2016-04-01,2016-06-30,0
2016-07-28,67940,2016-03-31,1,47092000000,0.113,,,,,2424000000,0.610,2728000000,0.799,,1784000000,,66.70,,,,,,,,,,,,,,,,,,,,,,true,false,3,2015-04-01,2015-06-30,-1
2016-07-28,67940,2017-03-31,1,180000000000,-0.057,,,,,8000000000,-0.227,8000000000,-0.263,,4600000000,,171.94,,,,,,,,,,,,,,,,,,,,,,true,true,12,2016-04-01,2017-03-31,0
2016-07-28,67940,2016-03-31,1,,,,,,,,,,,,,,,,,,,,98735000000,67017000000,0.637,2350.26,62878000000,,,,,,,,,,,,true,false,12,2015-04-01,2016-03-31,-1
2016-07-28,67940,2016-03-31,1,,,,,,,,,,,,,,,,,,,,,,,,,,,,,50.00,,,,26931051,177209,,false,false,12,2015-04-01,2016-03-31,-1
2016-07-28,67940,2017-03-31,1,,,,,,,,,,,,,,,,,,,,,,,,,,,,,40.00,,,,,,,false,true,12,2016-04-01,2017-03-31,0
2016-07-28,67940,2017-03-31,1,,,,,,,,,,,,,,,,,,,,,,,,,,,,,,,,,26931051,177262,26753816,false,false,3,2016-04-01,2016-06-30,0
2016-07-28,67940,2016-03-31,1,,,,,,,,,,,,,,,,,,,,,,,,,,,,,,,,,,,26753855,false,false,3,2015-04-01,2015-06-30,-1
2016-10-28,67940,2017-03-31,2,68342000000,-0.293,,,,,-182000000,,28000000,-0.995,,-227000000,,-8.51,,,,,,97557000000,60913000000,0.586,2138.03,57200000000,,,,,,,,,,,,true,false,6,2016-04-01,2016-09-30,0
2016-10-28,67940,2016-03-31,2,96641000000,0.105,,,,,5524000000,0.434,5927000000,0.365,,4406000000,,164.71,,,,,,,,,,,,,,,,,,,,,,true,false,6,2015-04-01,2015-09-30,-1
2016-10-28,67940,2017-03-31,2,160000000000,-0.162,,,,,4000000000,-0.614,4000000000,-0.631,,2000000000,,74.76,,,,,,,,,,,,,,,,,,,,,,true,true,12,2016-04-01,2017-03-31,0
2016-10-28,67940,2016-03-31,2,,,,,,,,,,,,,,,,,,,,98735000000,67017000000,0.637,2350.26,62878000000,,,,,,,,,,,,true,false,12,2015-04-01,2016-03-31,-1
2016-10-28,67940,2016-03-31,2,,,,,,,,,,,,,,,,,,,,,,,,,,,,,50.00,,,,26931051,177209,,false,false,12,2015-04-01,2016-03-31,-1
2016-10-28,67940,2017-03-31,2,,,,,,,,,,,,,,,,,,,,,,,,,,,,,15.00,,,,,,,false,false,12,2016-04-01,2017-03-31,0
2016-10-28,67940,2017-03-31,2,,,,,,,,,,,,,,,,,,,,,,,,,,,,,40.00,,,,,,,false,true,12,2016-04-01,2017-03-31,0
2016-10-28,67940,2017-03-31,2,,,,,,,,,,,,,,,,,,,,,,,,,,,,,,,,,26931051,177262,26753804,false,false,6,2016-04-01,2016-09-30,0
2016-10-28,67940,2016-03-31,2,,,,,,,,,,,,,,,,,,,,,,,,,,,,,,,,,,,26753849,false,false,6,2015-04-01,2015-09-30,-1
2017-01-30,67940,2017-03-31,3,117987000000,-0.211,,,,,966000000,-0.902,936000000,-0.909,,-199000000,,-7.47,,,,,,110111000000,63447000000,0.542,2292.95,59640000000,,,,,,,,,,,,true,false,9,2016-04-01,2016-12-31,0
2017-01-30,67940,2016-03-31,3,149575000000,0.075,,,,,9867000000,0.207,10303000000,0.154,,7530000000,,281.47,,,,,,,,,,,,,,,,,,,,,,true,false,9,2015-04-01,2015-12-31,-1
2017-01-30,67940,2017-03-31,3,165000000000,-0.136,,,,,2500000000,-0.758,2500000000,-0.770,,1000000000,,37.52,,,,,,,,,,,,,,,,,,,,,,true,true,12,2016-04-01,2017-03-31,0
2017-01-30,67940,2016-03-31,3,,,,,,,,,,,,,,,,,,,,98735000000,67017000000,0.637,2350.26,62878000000,,,,,,,,,,,,true,false,12,2015-04-01,2016-03-31,-1
2017-01-30,67940,2016-03-31,3,,,,,,,,,,,,,,,,,,,,,,,,,,,,,50.00,,,,26931051,177209,,false,false,12,2015-04-01,2016-03-31,-1
2017-01-30,67940,2017-03-31,3,,,,,,,,,,,,,,,,,,,,,,,,,,,,,15.00,,,,,,,false,false,12,2016-04-01,2017-03-31,0
2017-01-30,67940,2017-03-31,3,,,,,,,,,,,,,,,,,,,,,,,,,,,,,40.00,,,,,,,false,true,12,2016-04-01,2017-03-31,0
2017-01-30,67940,2017-03-31,3,,,,,,,,,,,,,,,,,,,,,,,,,,,,,,,,,26931051,920861,26655846,false,false,9,2016-04-01,2016-12-31,0
2017-01-30,67940,2016-03-31,3,,,,,,,,,,,,,,,,,,,,,,,,,,,,,,,,,,,26753847,false,false,9,2015-04-01,2015-12-31,-1
2017-01-30,67940,2017-03-31,,165000000000,0.031,,,,,2500000000,-0.375,2500000000,-0.375,,1000000000,,37.52,,,,,,,,,,,,,,,,,,,,,,true,true,12,2016-04-01,2017-03-31,0
2017-01-30,67940,2016-03-31,,190928000000,,,,,,10351000000,,10847000000,,,6833000000,,255.44,,,,,,,,,,,,,,,,,,,,,,true,false,12,2015-04-01,2016-03-31,-1
2017-04-28,67940,2017-03-31,,160896000000,-0.157,,,,,2963000000,-0.714,3017000000,-0.722,,1088000000,,41.16,,0.018,0.030,0.018,,102409000000,63901000000,0.582,2316.09,59592000000,4372000000,-11089000000,1690000000,12037000000,,0.972,,,,,,true,false,12,2016-04-01,2017-03-31,0
2017-04-28,67940,2016-03-31,,190928000000,0.010,,,,,10351000000,0.062,10847000000,0.043,,6833000000,,255.44,,0.110,0.107,0.054,,98735000000,67017000000,0.637,2350.26,62878000000,24057000000,-3946000000,-6676000000,17858000000,,0.196,,,,,,true,false,12,2015-04-01,2016-03-31,-1
2017-04-28,67940,2018-03-31,,160000000000,-0.006,,,,,6000000000,1.025,6000000000,0.989,,3000000000,,116.60,,,,,,,,,,,,,,,,0.343,,,,,,true,true,12,2017-04-01,2018-03-31,1
2017-04-28,67940,2017-03-31,,117059000000,-0.158,,,,,34000000,-0.886,654000000,-0.778,933000000,,-0.699,35.31,,,,,,61054000000,31401000000,0.514,1220.44,31401000000,,,,,40.00,,,,26931051,1201261,26438400,false,false,12,2016-04-01,2017-03-31,0
2017-04-28,67940,2016-03-31,,139060000000,0.035,,,,,297000000,-0.874,2942000000,-0.283,3096000000,,0.236,115.73,,,,,,56151000000,33700000000,0.600,1259.64,33700000000,,,,,50.00,,,,26931051,177209,26753846,false,false,12,2015-04-01,2016-03-31,-1
2017-04-28,67940,2018-03-31,,,,,,,,,,,,,,,,,,,,,,,,,,,,,,40.00,,,,,,,false,true,12,2017-04-01,2018-03-31,1
2017-07-28,67940,2018-03-31,1,37800000000,0.094,,,,,1468000000,0.658,1656000000,0.580,,770000000,,29.95,,,,,,102175000000,63922000000,0.585,2321.56,59733000000,,,,,,,,,,,,true,false,3,2017-04-01,2017-06-30,0
2017-07-28,67940,2017-03-31,1,34555000000,-0.266,,,,,885000000,-0.635,1048000000,-0.616,,997000000,,37.28,,,,,,,,,,,,,,,,,,,,,,true,false,3,2016-04-01,2016-06-30,-1
2017-07-28,67940,2018-03-31,1,160000000000,-0.006,,,,,6000000000,1.025,6000000000,0.988,,3000000000,,116.60,,,,,,,,,,,,,,,,,,,,,,true,true,12,2017-04-01,2018-03-31,0
2017-07-28,67940,2017-03-31,1,,,,,,,,,,,,,,,,,,,,102409000000,63901000000,0.582,2316.09,59592000000,,,,,,,,,,,,true,false,12,2016-04-01,2017-03-31,-1
2017-07-28,67940,2017-03-31,1,,,,,,,,,,,,,,,,,,,,,,,,,,,,,40.00,,,,26931051,1201261,,false,false,12,2016-04-01,2017-03-31,-1
2017-07-28,67940,2018-03-31,1,,,,,,,,,,,,,,,,,,,,,,,,,,,,,40.00,,,,,,,false,true,12,2017-04-01,2018-03-31,0
2017-07-28,67940,2018-03-31,1,,,,,,,,,,,,,,,,,,,,,,,,,,,,,,,,,26931051,1201311,25729773,false,false,3,2017-04-01,2017-06-30,0
2017-07-28,67940,2017-03-31,1,,,,,,,,,,,,,,,,,,,,,,,,,,,,,,,,,,,26753816,false,false,3,2016-04-01,2016-06-30,-1
2017-10-30,67940,2018-03-31,2,80286000000,0.175,,,,,4015000000,,3973000000,,,2559000000,,99.46,,,,,,108471000000,66388000000,0.573,2414.25,62117000000,,,,,,,,,,,,true,false,6,2017-04-01,2017-09-30,0
2017-10-30,67940,2017-03-31,2,68342000000,-0.293,,,,,-182000000,,28000000,-0.995,,-227000000,,-8.51,,,,,,,,,,,,,,,,,,,,,,true,false,6,2016-04-01,2016-09-30,-1
2017-10-30,67940,2018-03-31,2,160000000000,-0.006,,,,,6000000000,1.025,6000000000,0.988,,3000000000,,116.60,,,,,,,,,,,,,,,,,,,,,,true,true,12,2017-04-01,2018-03-31,0
2017-10-30,67940,2017-03-31,2,,,,,,,,,,,,,,,,,,,,102409000000,63901000000,0.582,2316.09,59592000000,,,,,,,,,,,,true,false,12,2016-04-01,2017-03-31,-1
2017-10-30,67940,2017-03-31,2,,,,,,,,,,,,,,,,,,,,,,,,,,,,,40.00,,,,26931051,1201261,,false,false,12,2016-04-01,2017-03-31,-1
2017-10-30,67940,2018-03-31,2,,,,,,,,,,,,,,,,,,,,,,,,,,,,,20.00,,,,,,,false,false,12,2017-04-01,2018-03-31,0
2017-10-30,67940,2018-03-31,2,,,,,,,,,,,,,,,,,,,,,,,,,,,,,40.00,,,,,,,false,true,12,2017-04-01,2018-03-31,0
2017-10-30,67940,2018-03-31,2,,,,,,,,,,,,,,,,,,,,,,,,,,,,,,,,,26931051,1201372,25729744,false,false,6,2017-04-01,2017-09-30,0
2017-10-30,67940,2017-03-31,2,,,,,,,,,,,,,,,,,,,,,,,,,,,,,,,,,,,26753804,false,false,6,2016-04-01,2016-09-30,-1
2018-01-30,67940,2018-03-31,3,138946000000,0.178,,,,,8662000000,7.959,8695000000,8.289,,6033000000,,234.51,,,,,,113263000000,70076000000,0.579,2547.15,65537000000,,,,,,,,,,,,true,false,9,2017-04-01,2017-12-31,0
2018-01-30,67940,2017-03-31,3,117987000000,-0.211,,,,,966000000,-0.902,936000000,-0.909,,-199000000,,-7.47,,,,,,,,,,,,,,,,,,,,,,true,false,9,2016-04-01,2016-12-31,-1
2018-01-30,67940,2018-03-31,3,190000000000,0.181,,,,,9500000000,2.206,9500000000,2.149,,6500000000,,252.63,,,,,,,,,,,,,,,,,,,,,,true,true,12,2017-04-01,2018-03-31,0
2018-01-30,67940,2017-03-31,3,,,,,,,,,,,,,,,,,,,,102409000000,63901000000,0.582,2316.09,59592000000,,,,,,,,,,,,true,false,12,2016-04-01,2017-03-31,-1
2018-01-30,67940,2017-03-31,3,,,,,,,,,,,,,,,,,,,,,,,,,,,,,40.00,,,,26931051,1201261,,false,false,12,2016-04-01,2017-03-31,-1
2018-01-30,67940,2018-03-31,3,,,,,,,,,,,,,,,,,,,,,,,,,,,,,20.00,,,,,,,false,false,12,2017-04-01,2018-03-31,0
2018-01-30,67940,2018-03-31,3,,,,,,,,,,,,,,,,,,,,,,,,,,,,,55.00,,,,,,,false,true,12,2017-04-01,2018-03-31,0
2018-01-30,67940,2018-03-31,3,,,,,,,,,,,,,,,,,,,,,,,,,,,,,,,,,26931051,1201421,25729709,false,false,9,2017-04-01,2017-12-31,0
2018-01-30,67940,2017-03-31,3,,,,,,,,,,,,,,,,,,,,,,,,,,,,,,,,,,,26655846,false,false,9,2016-04-01,2016-12-31,-1
2018-04-27,67940,2018-03-31,,184800000000,0.149,,,,,9307000000,2.141,9062000000,2.003,,4265000000,,165.78,,0.070,0.089,0.050,,101350000000,66792000000,0.612,2412.06,62061000000,8153000000,-7131000000,-2859000000,10150000000,,0.332,,,,,,true,false,12,2017-04-01,2018-03-31,0
2018-04-27,67940,2017-03-31,,160896000000,-0.157,,,,,2963000000,-0.714,3017000000,-0.722,,1088000000,,41.16,,0.018,0.030,0.018,,102409000000,63901000000,0.582,2316.09,59592000000,4372000000,-11089000000,1690000000,12037000000,,0.972,,,,,,true,false,12,2016-04-01,2017-03-31,-1
2018-04-27,67940,2019-03-31,,150000000000,-0.188,,,,,5500000000,-0.409,5000000000,-0.448,,2500000000,,97.16,,,,,,,,,,,,,,,,0.206,,,,,,true,true,12,2018-04-01,2019-03-31,1
2018-04-27,67940,2018-03-31,,132723000000,0.134,,,,,-538000000,,438000000,-0.332,504000000,,-0.460,19.61,,,,,,59745000000,30790000000,0.515,1196.71,30790000000,,,,,55.00,,,,26931051,1201449,25729685,false,false,12,2017-04-01,2018-03-31,0
2018-04-27,67940,2017-03-31,,117059000000,-0.158,,,,,34000000,-0.886,654000000,-0.778,933000000,,-0.699,35.31,,,,,,61054000000,31401000000,0.514,1220.44,31401000000,,,,,40.00,,,,26931051,1201261,26438400,false,false,12,2016-04-01,2017-03-31,-1
2018-04-27,67940,2019-03-31,,,,,,,,,,,,,,,,,,,,,,,,,,,,,,20.00,,,,,,,false,true,12,2018-04-01,2019-03-31,1
2018-08-03,67940,2019-03-31,1,36512000000,-0.034,,,,,947000000,-0.355,1101000000,-0.335,,-2464000000,,-95.78,,,,,,97593000000,63289000000,0.603,2289.11,58897000000,,,,,,,,,,,,true,false,3,2018-04-01,2018-06-30,0
2018-08-03,67940,2018-03-31,1,37800000000,0.094,,,,,1468000000,0.658,1656000000,0.580,,770000000,,29.95,,,,,,,,,,,,,,,,,,,,,,true,false,3,2017-04-01,2017-06-30,-1
2018-08-03,67940,2019-03-31,1,140000000000,-0.242,,,,,3000000000,-0.678,2500000000,-0.724,,-2500000000,,-97.16,,,,,,,,,,,,,,,,,,,,,,true,true,12,2018-04-01,2019-03-31,0
2018-08-03,67940,2018-03-31,1,,,,,,,,,,,,,,,,,,,,100870000000,66792000000,0.615,2412.06,62061000000,,,,,,,,,,,,true,false,12,2017-04-01,2018-03-31,-1
2018-08-03,67940,2018-03-31,1,,,,,,,,,,,,,,,,,,,,,,,,,,,,,55.00,,,,26931051,1201449,,false,false,12,2017-04-01,2018-03-31,-1
2018-08-03,67940,2019-03-31,1,,,,,,,,,,,,,,,,,,,,,,,,,,,,,20.00,,,,,,,false,true,12,2018-04-01,2019-03-31,0
2018-08-03,67940,2019-03-31,1,,,,,,,,,,,,,,,,,,,,,,,,,,,,,,,,,26931051,1201489,25729597,false,false,3,2018-04-01,2018-06-30,0
2018-08-03,67940,2018-03-31,1,,,,,,,,,,,,,,,,,,,,,,,,,,,,,,,,,,,25729773,false,false,3,2017-04-01,2017-06-30,-1
2018-10-30,67940,2019-03-31,2,68758000000,-0.144,,,,,1938000000,-0.517,2198000000,-0.447,,-1776000000,,-69.21,,,,,,97346000000,63714000000,0.607,2373.52,59131000000,,,,,,,,,,,,true,false,6,2018-04-01,2018-09-30,0
2018-10-30,67940,2018-03-31,2,80286000000,0.175,,,,,4015000000,,3973000000,,,2559000000,,99.46,,,,,,,,,,,,,,,,,,,,,,true,false,6,2017-04-01,2017-09-30,-1
2018-10-30,67940,2019-03-31,2,140000000000,-0.242,,,,,3000000000,-0.678,2500000000,-0.724,,-2500000000,,-97.16,,,,,,,,,,,,,,,,,,,,,,true,true,12,2018-04-01,2019-03-31,0
2018-10-30,67940,2018-03-31,2,,,,,,,,,,,,,,,,,,,,100870000000,66792000000,0.615,2412.06,62061000000,,,,,,,,,,,,true,false,12,2017-04-01,2018-03-31,-1
2018-10-30,67940,2018-03-31,2,,,,,,,,,,,,,,,,,,,,,,,,,,,,,55.00,,,,26931051,1201449,,false,false,12,2017-04-01,2018-03-31,-1
2018-10-30,67940,2019-03-31,2,,,,,,,,,,,,,,,,,,,,,,,,,,,,,10.00,,,,,,,false,false,12,2018-04-01,2019-03-31,0
2018-10-30,67940,2019-03-31,2,,,,,,,,,,,,,,,,,,,,,,,,,,,,,20.00,,,,,,,false,true,12,2018-04-01,2019-03-31,0
2018-10-30,67940,2019-03-31,2,,,,,,,,,,,,,,,,,,,,,,,,,,,,,,,,,26931051,2018192,25662296,false,false,6,2018-04-01,2018-09-30,0
2018-10-30,67940,2018-03-31,2,,,,,,,,,,,,,,,,,,,,,,,,,,,,,,,,,,,25729744,false,false,6,2017-04-01,2017-09-30,-1
2019-01-30,67940,2019-03-31,3,108652000000,-0.218,,,,,3620000000,-0.582,4013000000,-0.538,,-2020000000,,-81.04,,,,,,93604000000,59436000000,0.582,2409.99,54483000000,,,,,,,,,,,,true,false,9,2018-04-01,2018-12-31,0
2019-01-30,67940,2018-03-31,3,138946000000,0.178,,,,,8662000000,7.959,8695000000,8.289,,6033000000,,234.51,,,,,,,,,,,,,,,,,,,,,,true,false,9,2017-04-01,2017-12-31,-1
2019-01-30,67940,2019-03-31,3,140000000000,-0.242,,,,,4000000000,-0.570,4000000000,-0.559,,-2200000000,,-90.33,,,,,,,,,,,,,,,,,,,,,,true,true,12,2018-04-01,2019-03-31,0
2019-01-30,67940,2018-03-31,3,,,,,,,,,,,,,,,,,,,,100870000000,66792000000,0.615,2412.06,62061000000,,,,,,,,,,,,true,false,12,2017-04-01,2018-03-31,-1
2019-01-30,67940,2018-03-31,3,,,,,,,,,,,,,,,,,,,,,,,,,,,,,55.00,,,,26931051,1201449,,false,false,12,2017-04-01,2018-03-31,-1
2019-01-30,67940,2019-03-31,3,,,,,,,,,,,,,,,,,,,,,,,,,,,,,10.00,,,,,,,false,false,12,2018-04-01,2019-03-31,0
2019-01-30,67940,2019-03-31,3,,,,,,,,,,,,,,,,,,,,,,,,,,,,,20.00,,,,,,,false,true,12,2018-04-01,2019-03-31,0
2019-01-30,67940,2019-03-31,3,,,,,,,,,,,,,,,,,,,,,,,,,,,,,,,,,26931051,4323692,24927851,false,false,9,2018-04-01,2018-12-31,0
2019-01-30,67940,2018-03-31,3,,,,,,,,,,,,,,,,,,,,,,,,,,,,,,,,,,,25729709,false,false,9,2017-04-01,2017-12-31,-1
2019-04-26,67940,2019-03-31,,140303000000,-0.241,,,,,3937000000,-0.577,4318000000,-0.523,,-2026000000,,-83.21,,-0.035,0.045,0.028,,91271000000,59294000000,0.595,2404.10,54350000000,17961000000,-3425000000,-2937000000,21524000000,,,,,,,,true,false,12,2018-04-01,2019-03-31,0
2019-04-26,67940,2018-03-31,,184800000000,0.149,,,,,9307000000,2.141,9062000000,2.003,,4265000000,,165.78,,0.070,0.089,0.050,,100870000000,66792000000,0.615,2412.06,62061000000,8153000000,-7131000000,-2859000000,10150000000,,0.332,,,,,,true,false,12,2017-04-01,2018-03-31,-1
2019-04-26,67940,2020-03-31,,120000000000,-0.145,,,,,3500000000,-0.111,3500000000,-0.189,,2800000000,,123.85,,,,,,,,,,,,,,,,0.283,,,,,,true,true,12,2019-04-01,2020-03-31,1
2019-04-26,67940,2019-03-31,,90345000000,-0.319,,,,,-3850000000,,1427000000,2.256,772000000,,0.531,31.72,,,,,,52411000000,25808000000,0.492,1141.61,25808000000,,,,,20.00,,,,26000000,3392641,24355675,false,false,12,2018-04-01,2019-03-31,0
2019-04-26,67940,2018-03-31,,132723000000,0.134,,,,,-538000000,,438000000,-0.332,504000000,,-0.460,19.61,,,,,,59745000000,30790000000,0.515,1196.71,30790000000,,,,,55.00,,,,26931051,1201449,25729685,false,false,12,2017-04-01,2018-03-31,-1
2019-04-26,67940,2020-03-31,,,,,,,,,,,,,,,,,,,,,,,,,,,,,,35.00,,,,,,,false,true,12,2019-04-01,2020-03-31,1
2019-07-30,67940,2020-03-31,1,27561000000,-0.245,,,,,741000000,-0.218,648000000,-0.411,,2067000000,,91.45,,,,,,90062000000,60171000000,0.613,2443.09,55231000000,,,,,,,,,,,,true,false,3,2019-04-01,2019-06-30,0
2019-07-30,67940,2019-03-31,1,36512000000,-0.034,,,,,947000000,-0.355,1101000000,-0.335,,-2464000000,,-95.78,,,,,,,,,,,,,,,,,,,,,,true,false,3,2018-04-01,2018-06-30,-1
2019-07-30,67940,2020-03-31,1,120000000000,-0.145,,,,,3500000000,-0.111,3500000000,-0.189,,2800000000,,123.85,,,,,,,,,,,,,,,,,,,,,,true,true,12,2019-04-01,2020-03-31,0
2019-07-30,67940,2019-03-31,1,,,,,,,,,,,,,,,,,,,,91271000000,59294000000,0.595,2404.10,54350000000,,,,,,,,,,,,true,false,12,2018-04-01,2019-03-31,-1
2019-07-30,67940,2019-03-31,1,,,,,,,,,,,,,,,,,,,,,,,,,,,,,20.00,,,,26000000,3392641,,false,false,12,2018-04-01,2019-03-31,-1
2019-07-30,67940,2020-03-31,1,,,,,,,,,,,,,,,,,,,,,,,,,,,,,35.00,,,,,,,false,true,12,2019-04-01,2020-03-31,0
2019-07-30,67940,2020-03-31,1,,,,,,,,,,,,,,,,,,,,,,,,,,,,,,,,,26000000,3392765,22607296,false,false,3,2019-04-01,2019-06-30,0
2019-07-30,67940,2019-03-31,1,,,,,,,,,,,,,,,,,,,,,,,,,,,,,,,,,,,25729597,false,false,3,2018-04-01,2018-06-30,-1
2019-10-30,67940,2020-03-31,2,55277000000,-0.196,,,,,1594000000,-0.177,1668000000,-0.241,,2090000000,,92.48,,,,,,87609000000,59602000000,0.624,2420.07,54711000000,,,,,,,,,,,,true,false,6,2019-04-01,2019-09-30,0
2019-10-30,67940,2019-03-31,2,68758000000,-0.144,,,,,1938000000,-0.517,2198000000,-0.447,,-1776000000,,-69.21,,,,,,,,,,,,,,,,,,,,,,true,false,6,2018-04-01,2018-09-30,-1
2019-10-30,67940,2020-03-31,2,120000000000,-0.145,,,,,3500000000,-0.111,3500000000,-0.189,,2800000000,,123.85,,,,,,,,,,,,,,,,,,,,,,true,true,12,2019-04-01,2020-03-31,0
2019-10-30,67940,2019-03-31,2,,,,,,,,,,,,,,,,,,,,91271000000,59294000000,0.595,2404.10,54350000000,,,,,,,,,,,,true,false,12,2018-04-01,2019-03-31,-1
2019-10-30,67940,2019-03-31,2,,,,,,,,,,,,,,,,,,,,,,,,,,,,,20.00,,,,26000000,3392641,,false,false,12,2018-04-01,2019-03-31,-1
2019-10-30,67940,2020-03-31,2,,,,,,,,,,,,,,,,,,,,,,,,,,,,,20.00,,,,,,,false,false,12,2019-04-01,2020-03-31,0
2019-10-30,67940,2020-03-31,2,,,,,,,,,,,,,,,,,,,,,,,,,,,,,35.00,,,,,,,false,true,12,2019-04-01,2020-03-31,0
2019-10-30,67940,2020-03-31,2,,,,,,,,,,,,,,,,,,,,,,,,,,,,,,,,,26000000,3392788,22607258,false,false,6,2019-04-01,2019-09-30,0
2019-10-30,67940,2019-03-31,2,,,,,,,,,,,,,,,,,,,,,,,,,,,,,,,,,,,25662296,false,false,6,2018-04-01,2018-09-30,-1
2020-01-30,67940,2020-03-31,3,84409000000,-0.223,,,,,2711000000,-0.251,2834000000,-0.294,,1350000000,,59.72,,,,,,83833000000,59785000000,0.654,2415.17,54809000000,,,,,,,,,,,,true,false,9,2019-04-01,2019-12-31,0
2020-01-30,67940,2019-03-31,3,108652000000,-0.218,,,,,3620000000,-0.582,4013000000,-0.538,,-2020000000,,-81.04,,,,,,,,,,,,,,,,,,,,,,true,false,9,2018-04-01,2018-12-31,-1
2020-01-30,67940,2020-03-31,3,110000000000,-0.216,,,,,2800000000,-0.289,3300000000,-0.236,,2200000000,,97.30,,,,,,,,,,,,,,,,,,,,,,true,true,12,2019-04-01,2020-03-31,0
2020-01-30,67940,2019-03-31,3,,,,,,,,,,,,,,,,,,,,91271000000,59294000000,0.595,2404.10,54350000000,,,,,,,,,,,,true,false,12,2018-04-01,2019-03-31,-1
2020-01-30,67940,2019-03-31,3,,,,,,,,,,,,,,,,,,,,,,,,,,,,,20.00,,,,26000000,3392641,,false,false,12,2018-04-01,2019-03-31,-1
2020-01-30,67940,2020-03-31,3,,,,,,,,,,,,,,,,,,,,,,,,,,,,,20.00,,,,,,,false,false,12,2019-04-01,2020-03-31,0
2020-01-30,67940,2020-03-31,3,,,,,,,,,,,,,,,,,,,,,,,,,,,,,35.00,,,,,,,false,true,12,2019-04-01,2020-03-31,0
2020-01-30,67940,2020-03-31,3,,,,,,,,,,,,,,,,,,,,,,,,,,,,,,,,,26000000,3306088,22611026,false,false,9,2019-04-01,2019-12-31,0
2020-01-30,67940,2019-03-31,3,,,,,,,,,,,,,,,,,,,,,,,,,,,,,,,,,,,24927851,false,false,9,2018-04-01,2018-12-31,-1
2020-05-18,67940,2020-03-31,,107298000000,-0.235,,,,,2064000000,-0.476,2599000000,-0.398,,1565000000,,69.15,,0.029,0.030,0.019,,80825000000,58995000000,0.665,2369.46,53771000000,11092000000,516000000,-8823000000,23930000000,,0.506,,,,,,true,false,12,2019-04-01,2020-03-31,0
2020-05-18,67940,2019-03-31,,140303000000,-0.241,,,,,3937000000,-0.577,4318000000,-0.523,,-2026000000,,-83.21,,-0.035,0.045,0.028,,91271000000,59294000000,0.595,2404.10,54350000000,17961000000,-3425000000,-2937000000,21524000000,,,,,,,,true,false,12,2018-04-01,2019-03-31,-1
2020-05-18,67940,2021-03-31,,80000000000,-0.254,,,,,500000000,-0.757,500000000,-0.807,,,,,,,,,,,,,,,,,,,,,,,,,,true,true,12,2020-04-01,2021-03-31,1
2020-05-18,67940,2021-03-31,,90000000000,-0.161,,,,,1000000000,-0.515,1000000000,-0.615,,,,,,,,,,,,,,,,,,,,,,,,,,true,true,12,2020-04-01,2021-03-31,1
2020-05-18,67940,2020-03-31,,59284000000,-0.344,,,,,-2921000000,,-2053000000,,338000000,,-0.562,14.95,,,,,,42093000000,25050000000,0.595,1103.85,25050000000,,,,,35.00,,,,26000000,3306288,22631618,false,false,12,2019-04-01,2020-03-31,0
2020-05-18,67940,2019-03-31,,90345000000,-0.319,,,,,-3850000000,,1427000000,2.256,772000000,,0.531,31.72,,,,,,52411000000,25808000000,0.492,1141.61,25808000000,,,,,20.00,,,,26000000,3392641,24355675,false,false,12,2018-04-01,2019-03-31,-1
2020-08-14,67940,2021-03-31,1,18480000000,-0.329,,,,,-507000000,,-518000000,,,-791000000,,-34.89,,,,,,75590000000,57205000000,0.691,2300.52,52249000000,,,,,,,,,,,,true,false,3,2020-04-01,2020-06-30,0
2020-08-14,67940,2020-03-31,1,27561000000,-0.245,,,,,741000000,-0.218,648000000,-0.411,,2067000000,,91.45,,,,,,,,,,,,,,,,,,,,,,true,false,3,2019-04-01,2019-06-30,-1
2020-08-14,67940,2021-03-31,1,80000000000,-0.254,,,,,500000000,-0.757,500000000,-0.807,,,,,,,,,,,,,,,,,,,,,,,,,,true,true,12,2020-04-01,2021-03-31,0
2020-08-14,67940,2021-03-31,1,90000000000,-0.161,,,,,1000000000,-0.515,1000000000,-0.615,,,,,,,,,,,,,,,,,,,,,,,,,,true,true,12,2020-04-01,2021-03-31,0
2020-08-14,67940,2020-03-31,1,,,,,,,,,,,,,,,,,,,,80825000000,58995000000,0.665,2369.46,53771000000,,,,,,,,,,,,true,false,12,2019-04-01,2020-03-31,-1
2020-08-14,67940,2020-03-31,1,,,,,,,,,,,,,,,,,,,,,,,,,,,,,35.00,,,,26000000,3306288,,false,false,12,2019-04-01,2020-03-31,-1
2020-08-14,67940,2021-03-31,1,,,,,,,,,,,,,,,,,,,,,,,,,,,,,,,,,26000000,3307088,22692978,false,false,3,2020-04-01,2020-06-30,0
2020-08-14,67940,2020-03-31,1,,,,,,,,,,,,,,,,,,,,,,,,,,,,,,,,,,,22607296,false,false,3,2019-04-01,2019-06-30,-1
2020-10-29,67940,2021-03-31,2,39528000000,-0.285,,,,,-688000000,,-488000000,,,-829000000,,-36.55,,,,,,75556000000,57015000000,0.689,2292.82,52036000000,,,,,,,,,,,,true,false,6,2020-04-01,2020-09-30,0
2020-10-29,67940,2020-03-31,2,55277000000,-0.196,,,,,1594000000,-0.177,1668000000,-0.241,,2090000000,,92.48,,,,,,,,,,,,,,,,,,,,,,true,false,6,2019-04-01,2019-09-30,-1
2020-10-29,67940,2021-03-31,2,80000000000,-0.254,,,,,500000000,-0.757,500000000,-0.807,,,,,,,,,,,,,,,,,,,,,,,,,,true,true,12,2020-04-01,2021-03-31,0
2020-10-29,67940,2021-03-31,2,90000000000,-0.161,,,,,1000000000,-0.515,1000000000,-0.615,,,,,,,,,,,,,,,,,,,,,,,,,,true,true,12,2020-04-01,2021-03-31,0
2020-10-29,67940,2020-03-31,2,,,,,,,,,,,,,,,,,,,,80825000000,58995000000,0.665,2369.46,53771000000,,,,,,,,,,,,true,false,12,2019-04-01,2020-03-31,-1
2020-10-29,67940,2020-03-31,2,,,,,,,,,,,,,,,,,,,,,,,,,,,,,35.00,,,,26000000,3306288,,false,false,12,2019-04-01,2020-03-31,-1
2020-10-29,67940,2021-03-31,2,,,,,,,,,,,,,,,,,,,,,,,,,,,,,10.00,,,,,,,false,false,12,2020-04-01,2021-03-31,0
2020-10-29,67940,2021-03-31,2,,,,,,,,,,,,,,,,,,,,,,,,,,,,,,,,,26000000,3304447,22693965,false,false,6,2020-04-01,2020-09-30,0
2020-10-29,67940,2020-03-31,2,,,,,,,,,,,,,,,,,,,,,,,,,,,,,,,,,,,22607258,false,false,6,2019-04-01,2019-09-30,-1
2021-02-01,67940,2021-03-31,3,62169000000,-0.263,,,,,111000000,-0.959,412000000,-0.855,,-1202000000,,-52.97,,,,,,77001000000,56260000000,0.663,2250.86,51081000000,,,,,,,,,,,,true,false,9,2020-04-01,2020-12-31,0
2021-02-01,67940,2020-03-31,3,84409000000,-0.223,,,,,2711000000,-0.251,2834000000,-0.294,,1350000000,,59.72,,,,,,,,,,,,,,,,,,,,,,true,false,9,2019-04-01,2019-12-31,-1
2021-02-01,67940,2021-03-31,3,85000000000,-0.207,,,,,50000000,-0.975,200000000,-0.923,,-2500000000,,-110.16,,,,,,,,,,,,,,,,,,,,,,true,true,12,2020-04-01,2021-03-31,0
2021-02-01,67940,2020-03-31,3,,,,,,,,,,,,,,,,,,,,80825000000,58995000000,0.665,2369.46,53771000000,,,,,,,,,,,,true,false,12,2019-04-01,2020-03-31,-1
2021-02-01,67940,2020-03-31,3,,,,,,,,,,,,,,,,,,,,,,,,,,,,,35.00,,,,26000000,3306288,,false,false,12,2019-04-01,2020-03-31,-1
2021-02-01,67940,2021-03-31,3,,,,,,,,,,,,,,,,,,,,,,,,,,,,,10.00,,,,,,,false,false,12,2020-04-01,2021-03-31,0
2021-02-01,67940,2021-03-31,3,,,,,,,,,,,,,,,,,,,,,,,,,,,,,15.00,,,,,,,false,true,12,2020-04-01,2021-03-31,0
2021-02-01,67940,2021-03-31,3,,,,,,,,,,,,,,,,,,,,,,,,,,,,,,,,,26000000,3305647,22694152,false,false,9,2020-04-01,2020-12-31,0
2021-02-01,67940,2020-03-31,3,,,,,,,,,,,,,,,,,,,,,,,,,,,,,,,,,,,22611026,false,false,9,2019-04-01,2019-12-31,-1
2021-05-17,67940,2021-03-31,,85220000000,-0.206,,,,,0,-1.000,219000000,-0.916,,-3363000000,,-148.47,,-0.064,0.003,0.000,,77233000000,55993000000,0.656,2276.20,50638000000,739000000,-1960000000,-2624000000,20373000000,,,,,,,,true,false,12,2020-04-01,2021-03-31,0
2021-05-17,67940,2020-03-31,,107298000000,-0.235,,,,,2064000000,-0.476,2599000000,-0.398,,1565000000,,69.15,,0.029,0.030,0.019,,80825000000,58995000000,0.665,2369.46,53771000000,11092000000,516000000,-8823000000,23930000000,,0.506,,,,,,true,false,12,2019-04-01,2020-03-31,-1
2021-05-17,67940,2022-03-31,,90000000000,0.056,,,,,1000000000,,1000000000,3.563,,300000000,,13.48,,,,,,,,,,,,,,,,1.511,,,,,,true,true,12,2021-04-01,2022-03-31,1
2021-05-17,67940,2021-03-31,,38035000000,-0.358,,,,,-1534000000,,-325000000,,-3392000000,,,-149.72,,,,,,38832000000,20688000000,0.533,929.93,20688000000,,,,,15.00,,,,25000000,2752847,22657406,false,false,12,2020-04-01,2021-03-31,0
2021-05-17,67940,2020-03-31,,59284000000,-0.344,,,,,-2921000000,,-2053000000,,338000000,,-0.562,14.95,,,,,,42093000000,25050000000,0.595,1103.85,25050000000,,,,,35.00,,,,26000000,3306288,22631618,false,false,12,2019-04-01,2020-03-31,-1
2021-05-17,67940,2022-03-31,,,,,,,,,,,,,,,,,,,,,,,,,,,,,,20.00,,,,,,,false,true,12,2021-04-01,2022-03-31,1
2021-07-29,67940,2022-03-31,1,21860000000,0.183,,,,,-511000000,,-345000000,,,-857000000,,-38.53,,,,,,78256000000,55962000000,0.643,2262.88,50341000000,,,,,,,,,,,,true,false,3,2021-04-01,2021-06-30,0
2021-07-29,67940,2021-03-31,1,18480000000,-0.329,,,,,-507000000,,-518000000,,,-791000000,,-34.89,,,,,,,,,,,,,,,,,,,,,,true,false,3,2020-04-01,2020-06-30,-1
2021-07-29,67940,2022-03-31,1,90000000000,0.056,,,,,1000000000,,1000000000,3.563,,300000000,,13.48,,,,,,,,,,,,,,,,,,,,,,true,true,12,2021-04-01,2022-03-31,0
2021-07-29,67940,2021-03-31,1,,,,,,,,,,,,,,,,,,,,77233000000,55993000000,0.656,2276.20,50638000000,,,,,,,,,,,,true,false,12,2020-04-01,2021-03-31,-1
2021-07-29,67940,2021-03-31,1,,,,,,,,,,,,,,,,,,,,,,,,,,,,,15.00,,,,25000000,2752847,,false,false,12,2020-04-01,2021-03-31,-1
2021-07-29,67940,2022-03-31,1,,,,,,,,,,,,,,,,,,,,,,,,,,,,,20.00,,,,,,,false,true,12,2021-04-01,2022-03-31,0
2021-07-29,67940,2022-03-31,1,,,,,,,,,,,,,,,,,,,,,,,,,,,,,,,,,25000000,2753447,22246553,false,false,3,2021-04-01,2021-06-30,0
2021-07-29,67940,2021-03-31,1,,,,,,,,,,,,,,,,,,,,,,,,,,,,,,,,,,,22692978,false,false,3,2020-04-01,2020-06-30,-1
2021-10-28,6794,2022-03-31,2,43976000000,0.113,,,,,-1568000000,,-1433000000,,,-2093000000,,-94.08,,,,,,81062000000,55063000000,0.610,2221.47,49435000000,,,,,,,,,,,,true,false,6,2021-04-01,2021-09-30,0
2021-10-28,6794,2021-03-31,2,39528000000,-0.285,,,,,-688000000,,-488000000,,,-829000000,,-36.55,,,,,,,,,,,,,,,,,,,,,,true,false,6,2020-04-01,2020-09-30,-1
2021-10-28,6794,2022-03-31,2,90000000000,0.056,,,,,-3500000000,,-3500000000,,,-3500000000,,-157.28,,,,,,,,,,,,,,,,,,,,,,true,true,12,2021-04-01,2022-03-31,0
2021-10-28,6794,2021-03-31,2,,,,,,,,,,,,,,,,,,,,77233000000,55993000000,0.656,2276.20,50638000000,,,,,,,,,,,,true,false,12,2020-04-01,2021-03-31,-1
2021-10-28,6794,2021-03-31,2,,,,,,,,,,,,,,,,,,,,,,,,,,,,,15.00,,,,25000000,2752847,,false,false,12,2020-04-01,2021-03-31,-1
2021-10-28,6794,2022-03-31,2,,,,,,,,,,,,,,,,,,,,,,,,,,,,,10.00,,,,,,,false,false,12,2021-04-01,2022-03-31,0
2021-10-28,6794,2022-03-31,2,,,,,,,,,,,,,,,,,,,,,,,,,,,,,20.00,,,,,,,false,true,12,2021-04-01,2022-03-31,0
2021-10-28,6794,2022-03-31,2,,,,,,,,,,,,,,,,,,,,,,,,,,,,,,,,,25000000,2746593,22249291,false,false,6,2021-04-01,2021-09-30,0
2021-10-28,6794,2021-03-31,2,,,,,,,,,,,,,,,,,,,,,,,,,,,,,,,,,,,22693965,false,false,6,2020-04-01,2020-09-30,-1
2022-01-31,6794,2022-03-31,3,65571000000,0.055,,,,,-3146000000,,-2762000000,,,-3298000000,,-148.26,,,,,,81150000000,54222000000,0.601,2190.68,48748000000,,,,,,,,,,,,true,false,9,2021-04-01,2021-12-31,0
2022-01-31,6794,2021-03-31,3,62169000000,-0.263,,,,,111000000,-0.959,412000000,-0.855,,-1202000000,,-52.97,,,,,,,,,,,,,,,,,,,,,,true,false,9,2020-04-01,2020-12-31,-1
2022-01-31,6794,2022-03-31,3,92000000000,0.080,,,,,-7000000000,,-7000000000,,,-6000000000,,-269.65,,,,,,,,,,,,,,,,,,,,,,true,true,12,2021-04-01,2022-03-31,0
2022-01-31,6794,2021-03-31,3,,,,,,,,,,,,,,,,,,,,77233000000,55993000000,0.656,2276.20,50638000000,,,,,,,,,,,,true,false,12,2020-04-01,2021-03-31,-1
2022-01-31,6794,2021-03-31,3,,,,,,,,,,,,,,,,,,,,,,,,,,,,,15.00,,,,25000000,2752847,,false,false,12,2020-04-01,2021-03-31,-1
2022-01-31,6794,2022-03-31,3,,,,,,,,,,,,,,,,,,,,,,,,,,,,,10.00,,,,,,,false,false,12,2021-04-01,2022-03-31,0
2022-01-31,6794,2022-03-31,3,,,,,,,,,,,,,,,,,,,,,,,,,,,,,10.00,,,,,,,false,true,12,2021-04-01,2022-03-31,0
2022-01-31,6794,2022-03-31,3,,,,,,,,,,,,,,,,,,,,,,,,,,,,,,,,,25000000,2747493,22250412,false,false,9,2021-04-01,2021-12-31,0
2022-01-31,6794,2021-03-31,3,,,,,,,,,,,,,,,,,,,,,,,,,,,,,,,,,,,22694152,false,false,9,2020-04-01,2020-12-31,-1
2022-05-16,6794,2022-03-31,,91106000000,0.069,,,,,-7757000000,,-7473000000,,,-7017000000,,-315.53,,-0.144,-0.091,-0.085,,86148000000,51632000000,0.547,2125.72,47163000000,-12767000000,-3071000000,6771000000,12089000000,,,,,,,,true,false,12,2021-04-01,2022-03-31,0
2022-05-16,6794,2021-03-31,,85220000000,-0.206,,,,,0,-1.000,219000000,-0.916,,-3363000000,,-148.47,,-0.064,0.003,0.000,,77233000000,55993000000,0.656,2276.20,50638000000,739000000,-1960000000,-2624000000,20373000000,,,,,,,,true,false,12,2020-04-01,2021-03-31,-1
2022-05-16,6794,2023-03-31,,100000000000,0.098,,,,,500000000,,500000000,,,300000000,,13.52,,,,,,,,,,,,,,,,,,,,,,true,true,12,2022-04-01,2023-03-31,1
2022-05-16,6794,2022-03-31,,42817000000,0.126,,,,,-3065000000,,-1909000000,,-2211000000,,,-99.44,,,,,,38973000000,18136000000,0.465,817.44,18136000000,,,,,10.00,,,,25000000,2812993,22240527,false,false,12,2021-04-01,2022-03-31,0
2022-05-16,6794,2021-03-31,,38035000000,-0.358,,,,,-1534000000,,-325000000,,-3392000000,,,-149.72,,,,,,38832000000,20688000000,0.533,929.93,20688000000,,,,,15.00,,,,25000000,2752847,22657406,false,false,12,2020-04-01,2021-03-31,-1
2022-05-16,6794,2023-03-31,,,,,,,,,,,,,,,,,,,,,,,,,,,,,,10.00,,,,,,,false,true,12,2022-04-01,2023-03-31,1
2022-08-12,6794,2023-03-31,1,27894000000,0.276,,,,,139000000,,102000000,,,-183000000,,-8.26,,,,,,95793000000,54965000000,0.527,2277.13,50520000000,,,,,,,,,,,,true,false,3,2022-04-01,2022-06-30,0
2022-08-12,6794,2022-03-31,1,21860000000,0.183,,,,,-511000000,,-345000000,,,-857000000,,-38.53,,,,,,,,,,,,,,,,,,,,,,true,false,3,2021-04-01,2021-06-30,-1
2022-08-12,6794,2023-03-31,1,100000000000,0.098,,,,,500000000,,500000000,,,300000000,,13.52,,,,,,,,,,,,,,,,,,,,,,true,true,12,2022-04-01,2023-03-31,0
2022-08-12,6794,2022-03-31,1,,,,,,,,,,,,,,,,,,,,86148000000,51632000000,0.547,2125.72,47163000000,,,,,,,,,,,,true,false,12,2021-04-01,2022-03-31,-1
2022-08-12,6794,2022-03-31,1,,,,,,,,,,,,,,,,,,,,,,,,,,,,,10.00,,,,25000000,2812993,,false,false,12,2021-04-01,2022-03-31,-1
2022-08-12,6794,2023-03-31,1,,,,,,,,,,,,,,,,,,,,,,,,,,,,,10.00,,,,,,,false,true,12,2022-04-01,2023-03-31,0
2022-08-12,6794,2023-03-31,1,,,,,,,,,,,,,,,,,,,,,,,,,,,,,,,,,25000000,2813993,22186109,false,false,3,2022-04-01,2022-06-30,0
2022-08-12,6794,2022-03-31,1,,,,,,,,,,,,,,,,,,,,,,,,,,,,,,,,,,,22246553,false,false,3,2021-04-01,2021-06-30,-1
2022-11-14,6794,2023-03-31,2,58385000000,0.328,,,,,351000000,,404000000,,,-249000000,,-11.25,,,,,,103441000000,57494000000,0.508,2370.76,52599000000,,,,,,,,,,,,true,false,6,2022-04-01,2022-09-30,0
2022-11-14,6794,2022-03-31,2,43976000000,0.113,,,,,-1568000000,,-1433000000,,,-2093000000,,-94.08,,,,,,,,,,,,,,,,,,,,,,true,false,6,2021-04-01,2021-09-30,-1
2022-11-14,6794,2023-03-31,2,120000000000,0.200,,,,,2000000000,3.000,2000000000,3.000,,1500000000,,67.60,,,,,,,,,,,,,,,,,,,,,,true,true,12,2022-04-01,2023-03-31,0
2022-11-14,6794,2022-03-31,2,,,,,,,,,,,,,,,,,,,,86148000000,51632000000,0.547,2125.72,47163000000,,,,,,,,,,,,true,false,12,2021-04-01,2022-03-31,-1
2022-11-14,6794,2022-03-31,2,,,,,,,,,,,,,,,,,,,,,,,,,,,,,10.00,,,,25000000,2812993,,false,false,12,2021-04-01,2022-03-31,-1
2022-11-14,6794,2023-03-31,2,,,,,,,,,,,,,,,,,,,,,,,,,,,,,10.00,,,,,,,false,false,12,2022-04-01,2023-03-31,0
2022-11-14,6794,2023-03-31,2,,,,,,,,,,,,,,,,,,,,,,,,,,,,,20.00,,,,,,,false,true,12,2022-04-01,2023-03-31,0
2022-11-14,6794,2023-03-31,2,,,,,,,,,,,,,,,,,,,,,,,,,,,,,,,,,25000000,2813300,22186310,false,false,6,2022-04-01,2022-09-30,0
2022-11-14,6794,2022-03-31,2,,,,,,,,,,,,,,,,,,,,,,,,,,,,,,,,,,,22249291,false,false,6,2021-04-01,2021-09-30,-1
2022-11-14,6794,2023-03-31,2,58385000000,0.328,,,,,351000000,,404000000,,,-249000000,,-11.25,,,,,,103441000000,57494000000,0.508,2370.76,52599000000,,,,,,,,,,,,true,false,6,2022-04-01,2022-09-30,0
2022-11-14,6794,2022-03-31,2,43976000000,0.113,,,,,-1568000000,,-1433000000,,,-2093000000,,-94.08,,,,,,,,,,,,,,,,,,,,,,true,false,6,2021-04-01,2021-09-30,-1
2022-11-14,6794,2023-03-31,2,120000000000,0.317,,,,,2000000000,,2000000000,,,1500000000,,67.60,,,,,,,,,,,,,,,,,,,,,,true,true,12,2022-04-01,2023-03-31,0
2022-11-14,6794,2022-03-31,2,,,,,,,,,,,,,,,,,,,,86148000000,51632000000,0.547,2125.72,47163000000,,,,,,,,,,,,true,false,12,2021-04-01,2022-03-31,-1
2022-11-14,6794,2022-03-31,2,,,,,,,,,,,,,,,,,,,,,,,,,,,,,10.00,,,,25000000,2812993,,false,false,12,2021-04-01,2022-03-31,-1
2022-11-14,6794,2023-03-31,2,,,,,,,,,,,,,,,,,,,,,,,,,,,,,10.00,,,,,,,false,false,12,2022-04-01,2023-03-31,0
2022-11-14,6794,2023-03-31,2,,,,,,,,,,,,,,,,,,,,,,,,,,,,,20.00,,,,,,,false,true,12,2022-04-01,2023-03-31,0
2022-11-14,6794,2023-03-31,2,,,,,,,,,,,,,,,,,,,,,,,,,,,,,,,,,25000000,2813300,22186310,false,false,6,2022-04-01,2022-09-30,0
2022-11-14,6794,2022-03-31,2,,,,,,,,,,,,,,,,,,,,,,,,,,,,,,,,,,,22249291,false,false,6,2021-04-01,2021-09-30,-1
2023-02-14,6794,2023-03-31,3,88612000000,0.351,,,,,723000000,,1219000000,,,-241000000,,-10.91,,,,,,98232000000,54774000000,0.504,2232.51,49542000000,,,,,,,,,,,,true,false,9,2022-04-01,2022-12-31,0
2023-02-14,6794,2022-03-31,3,65571000000,0.055,,,,,-3146000000,,-2762000000,,,-3298000000,,-148.26,,,,,,,,,,,,,,,,,,,,,,true,false,9,2021-04-01,2021-12-31,-1
2023-02-14,6794,2023-03-31,3,120000000000,0.317,,,,,2000000000,,2000000000,,,1500000000,,67.60,,,,,,,,,,,,,,,,,,,,,,true,true,12,2022-04-01,2023-03-31,0
2023-02-14,6794,2022-03-31,3,,,,,,,,,,,,,,,,,,,,86148000000,51632000000,0.547,2125.72,47163000000,,,,,,,,,,,,true,false,12,2021-04-01,2022-03-31,-1
2023-02-14,6794,2022-03-31,3,,,,,,,,,,,,,,,,,,,,,,,,,,,,,10.00,,,,25000000,2812993,,false,false,12,2021-04-01,2022-03-31,-1
2023-02-14,6794,2023-03-31,3,,,,,,,,,,,,,,,,,,,,,,,,,,,,,10.00,,,,,,,false,false,12,2022-04-01,2023-03-31,0
2023-02-14,6794,2023-03-31,3,,,,,,,,,,,,,,,,,,,,,,,,,,,,,20.00,,,,,,,false,true,12,2022-04-01,2023-03-31,0
2023-02-14,6794,2023-03-31,3,,,,,,,,,,,,,,,,,,,,,,,,,,,,,,,,,25000000,2808421,22187031,false,false,9,2022-04-01,2022-12-31,0
2023-02-14,6794,2022-03-31,3,,,,,,,,,,,,,,,,,,,,,,,,,,,,,,,,,,,22250412,false,false,9,2021-04-01,2021-12-31,-1
2023-03-30,67940,2023-03-31,,120000000000,0.000,,,,,2100000000,0.050,2100000000,0.050,,700000000,,31.54,,,,,,,,,,,,,,,,,,,,,,true,true,12,2022-04-01,2023-03-31,0
2023-03-30,67940,2022-03-31,,91106000000,,,,,,-7757000000,,-7473000000,,,-7017000000,,-315.53,,,,,,,,,,,,,,,,,,,,,,true,false,12,2021-04-01,2022-03-31,-1
2023-05-11,6794,2023-03-31,,121338000000,0.332,,,,,2445000000,,2327000000,,,848000000,,38.23,,0.017,0.026,0.020,,92871000000,56515000000,0.550,2302.49,51095000000,354000000,-1321000000,1776000000,13646000000,,0.523,,,,,,true,false,12,2022-04-01,2023-03-31,0
2023-05-11,6794,2022-03-31,,91106000000,0.069,,,,,-7757000000,,-7473000000,,,-7017000000,,-315.53,,-0.144,-0.091,-0.085,,86148000000,51632000000,0.547,2125.72,47163000000,-12767000000,-3071000000,6771000000,12089000000,,,,,,,,true,false,12,2021-04-01,2022-03-31,-1
2023-05-11,6794,2024-03-31,,120000000000,-0.011,,,,,3000000000,0.227,2500000000,0.074,,1300000000,,58.59,,,,,,,,,,,,,,,,0.341,,,,,,true,true,12,2023-04-01,2024-03-31,1
2023-05-11,6794,2023-03-31,,51576000000,0.205,,,,,-1676000000,,-904000000,,-1016000000,,,-45.81,,,,,,42500000000,17003000000,0.400,766.22,17003000000,,,,,20.00,,,,25000000,2808421,22188152,false,false,12,2022-04-01,2023-03-31,0
2023-05-11,6794,2022-03-31,,42817000000,0.126,,,,,-3065000000,,-1909000000,,-2211000000,,,-99.44,,,,,,38973000000,18136000000,0.465,817.44,18136000000,,,,,10.00,,,,25000000,2812993,22240527,false,false,12,2021-04-01,2022-03-31,-1
2023-05-11,6794,2024-03-31,,,,,,,,,,,,,,,,,,,,,,,,,,,,,,20.00,,,,,,,false,true,12,2023-04-01,2024-03-31,1
2023-08-09,6794,2024-03-31,1,27750000000,-0.005,,,,,602000000,3.314,509000000,3.947,,-36000000,,-1.63,,,,,,93849000000,58984000000,0.571,2413.43,53557000000,,,,,,,,,,,,true,false,3,2023-04-01,2023-06-30,0
2023-08-09,6794,2023-03-31,1,27894000000,0.276,,,,,139000000,,102000000,,,-183000000,,-8.26,,,,,,,,,,,,,,,,,,,,,,true,false,3,2022-04-01,2022-06-30,-1
2023-08-09,6794,2024-03-31,1,120000000000,-0.011,,,,,3000000000,0.227,2500000000,0.074,,1300000000,,58.59,,,,,,,,,,,,,,,,,,,,,,true,true,12,2023-04-01,2024-03-31,0
2023-08-09,6794,2023-03-31,1,,,,,,,,,,,,,,,,,,,,92871000000,56515000000,0.550,2302.49,51095000000,,,,,,,,,,,,true,false,12,2022-04-01,2023-03-31,-1
2023-08-09,6794,2023-03-31,1,,,,,,,,,,,,,,,,,,,,,,,,,,,,,20.00,,,,25000000,2808421,,false,false,12,2022-04-01,2023-03-31,-1
2023-08-09,6794,2024-03-31,1,,,,,,,,,,,,,,,,,,,,,,,,,,,,,20.00,,,,,,,false,true,12,2023-04-01,2024-03-31,0
2023-08-09,6794,2024-03-31,1,,,,,,,,,,,,,,,,,,,,,,,,,,,,,,,,,25000000,2808421,22191579,false,false,3,2023-04-01,2023-06-30,0
2023-08-09,6794,2023-03-31,1,,,,,,,,,,,,,,,,,,,,,,,,,,,,,,,,,,,22186109,false,false,3,2022-04-01,2022-06-30,-1
2023-11-14,6794,2024-03-31,2,59701000000,0.023,,,,,2165000000,5.162,2139000000,4.285,,1114000000,,50.17,,,,,,97280000000,62684000000,0.583,2547.67,56666000000,,,,,,,,,,,,true,false,6,2023-04-01,2023-09-30,0
2023-11-14,6794,2023-03-31,2,58385000000,0.328,,,,,351000000,,404000000,,,-249000000,,-11.25,,,,,,,,,,,,,,,,,,,,,,true,false,6,2022-04-01,2022-09-30,-1
2023-11-14,6794,2024-03-31,2,120000000000,-0.011,,,,,4000000000,0.635,3500000000,0.503,,2000000000,,90.05,,,,,,,,,,,,,,,,,,,,,,true,true,12,2023-04-01,2024-03-31,0
2023-11-14,6794,2023-03-31,2,,,,,,,,,,,,,,,,,,,,92871000000,56515000000,0.550,2302.49,51095000000,,,,,,,,,,,,true,false,12,2022-04-01,2023-03-31,-1
2023-11-14,6794,2023-03-31,2,,,,,,,,,,,,,,,,,,,,,,,,,,,,,20.00,,,,25000000,2808421,,false,false,12,2022-04-01,2023-03-31,-1
2023-11-14,6794,2024-03-31,2,,,,,,,,,,,,,,,,,,,,,,,,,,,,,10.00,,,,,,,false,false,12,2023-04-01,2024-03-31,0
2023-11-14,6794,2024-03-31,2,,,,,,,,,,,,,,,,,,,,,,,,,,,,,25.00,,,,,,,false,true,12,2023-04-01,2024-03-31,0
2023-11-14,6794,2024-03-31,2,,,,,,,,,,,,,,,,,,,,,,,,,,,,,,,,,25000000,2757660,22210437,false,false,6,2023-04-01,2023-09-30,0
2023-11-14,6794,2023-03-31,2,,,,,,,,,,,,,,,,,,,,,,,,,,,,,,,,,,,22186310,false,false,6,2022-04-01,2022-09-30,-1
2024-02-14,6794,2024-03-31,3,90844000000,0.025,,,,,3862000000,4.339,4007000000,2.285,,2480000000,,111.65,,,,,,101360000000,62611000000,0.553,2522.17,56098000000,,,,,,,,,,,,true,false,9,2023-04-01,2023-12-31,0
2024-02-14,6794,2023-03-31,3,88612000000,0.351,,,,,723000000,,1219000000,,,-241000000,,-10.91,,,,,,,,,,,,,,,,,,,,,,true,false,9,2022-04-01,2022-12-31,-1
2024-02-14,6794,2024-03-31,3,120000000000,-0.011,,,,,4000000000,0.635,3500000000,0.503,,2000000000,,90.05,,,,,,,,,,,,,,,,,,,,,,true,true,12,2023-04-01,2024-03-31,0
2024-02-14,6794,2023-03-31,3,,,,,,,,,,,,,,,,,,,,92871000000,56515000000,0.550,2302.49,51095000000,,,,,,,,,,,,true,false,12,2022-04-01,2023-03-31,-1
2024-02-14,6794,2023-03-31,3,,,,,,,,,,,,,,,,,,,,,,,,,,,,,20.00,,,,25000000,2808421,,false,false,12,2022-04-01,2023-03-31,-1
2024-02-14,6794,2024-03-31,3,,,,,,,,,,,,,,,,,,,,,,,,,,,,,10.00,,,,,,,false,false,12,2023-04-01,2024-03-31,0
2024-02-14,6794,2024-03-31,3,,,,,,,,,,,,,,,,,,,,,,,,,,,,,25.00,,,,,,,false,true,12,2023-04-01,2024-03-31,0
2024-02-14,6794,2024-03-31,3,,,,,,,,,,,,,,,,,,,,,,,,,,,,,,,,,25000000,2757705,22221109,false,false,9,2023-04-01,2023-12-31,0
2024-02-14,6794,2023-03-31,3,,,,,,,,,,,,,,,,,,,,,,,,,,,,,,,,,,,22187031,false,false,9,2022-04-01,2022-12-31,-1
2024-05-15,6794,2024-03-31,,122447000000,0.009,,,,,4412000000,0.804,4305000000,0.849,,2304000000,,103.70,,0.042,0.044,0.036,,102747000000,64319000000,0.565,2606.90,58004000000,15428000000,-5396000000,-4440000000,20216000000,,0.241,,,,,,true,false,12,2023-04-01,2024-03-31,0
2024-05-15,6794,2023-03-31,,121338000000,0.332,,,,,2445000000,,2327000000,,,848000000,,38.23,,0.017,0.026,0.020,,92871000000,56515000000,0.550,2302.49,51095000000,354000000,-1321000000,1776000000,13646000000,,0.523,,,,,,true,false,12,2022-04-01,2023-03-31,-1
2024-05-15,6794,2025-03-31,,130000000000,0.061,,,,,5500000000,0.246,5000000000,0.150,,3000000000,,134.83,,,,,,,,,,,,,,,,0.296,,,,,,true,true,12,2024-04-01,2025-03-31,1
2024-05-15,6794,2024-03-31,,55394000000,0.074,,,,,-1086000000,,825000000,,470000000,,,21.18,,,,,,46802000000,17507000000,0.374,786.82,17507000000,,,,,25.00,,,,25000000,2749532,22227254,false,false,12,2023-04-01,2024-03-31,0
2024-05-15,6794,2023-03-31,,51576000000,0.205,,,,,-1676000000,,-904000000,,-1016000000,,,-45.81,,,,,,42500000000,17003000000,0.400,766.22,17003000000,,,,,20.00,,,,25000000,2808421,22188152,false,false,12,2022-04-01,2023-03-31,-1
2024-05-15,6794,2025-03-31,,,,,,,,,,,,,,,,,,,,,,,,,,,,,,40.00,,,,,,,false,true,12,2024-04-01,2025-03-31,1
2024-05-15,6794,2024-03-31,,122447000000,0.009,,,,,4412000000,0.804,4305000000,0.849,,2304000000,,103.70,,0.042,0.044,0.036,,102747000000,64319000000,0.565,2606.90,58004000000,15428000000,-8539000000,-4440000000,17034000000,,0.241,,,,,,true,false,12,2023-04-01,2024-03-31,0
2024-05-15,6794,2023-03-31,,121338000000,0.332,,,,,2445000000,,2327000000,,,848000000,,38.23,,0.017,0.026,0.020,,92871000000,56515000000,0.550,2302.49,51095000000,354000000,-1321000000,1776000000,13646000000,,0.523,,,,,,true,false,12,2022-04-01,2023-03-31,-1
2024-05-15,6794,2025-03-31,,130000000000,0.061,,,,,5500000000,0.246,5000000000,0.150,,3000000000,,134.83,,,,,,,,,,,,,,,,0.296,,,,,,true,true,12,2024-04-01,2025-03-31,1
2024-05-15,6794,2024-03-31,,55394000000,0.074,,,,,-1086000000,,825000000,,470000000,,,21.18,,,,,,46802000000,17507000000,0.374,786.82,17507000000,,,,,25.00,,,,25000000,2749532,22227254,false,false,12,2023-04-01,2024-03-31,0
2024-05-15,6794,2023-03-31,,51576000000,0.205,,,,,-1676000000,,-904000000,,-1016000000,,,-45.81,,,,,,42500000000,17003000000,0.400,766.22,17003000000,,,,,20.00,,,,25000000,2808421,22188152,false,false,12,2022-04-01,2023-03-31,-1
2024-05-15,6794,2025-03-31,,,,,,,,,,,,,,,,,,,,,,,,,,,,,,40.00,,,,,,,false,true,12,2024-04-01,2025-03-31,1
2024-08-08,6794,2025-03-31,1,31687000000,0.142,,,,,1351000000,1.241,1757000000,2.451,,1106000000,,49.73,,,,,,108142000000,68483000000,0.571,2775.11,61747000000,,,,,,,,,,,,true,false,3,2024-04-01,2024-06-30,0
2024-08-08,6794,2024-03-31,1,27750000000,-0.005,,,,,602000000,3.314,509000000,3.947,,-36000000,,-1.63,,,,,,,,,,,,,,,,,,,,,,true,false,3,2023-04-01,2023-06-30,-1
2024-08-08,6794,2025-03-31,1,130000000000,0.061,,,,,5500000000,0.246,5000000000,0.150,,3000000000,,134.83,,,,,,,,,,,,,,,,,,,,,,true,true,12,2024-04-01,2025-03-31,0
2024-08-08,6794,2024-03-31,1,,,,,,,,,,,,,,,,,,,,102747000000,64319000000,0.565,2606.90,58004000000,,,,,,,,,,,,true,false,12,2023-04-01,2024-03-31,-1
2024-08-08,6794,2024-03-31,1,,,,,,,,,,,,,,,,,,,,,,,,,,,,,25.00,,,,25000000,2749532,,false,false,12,2023-04-01,2024-03-31,-1
2024-08-08,6794,2025-03-31,1,,,,,,,,,,,,,,,,,,,,,,,,,,,,,40.00,,,,,,,false,true,12,2024-04-01,2025-03-31,0
2024-08-08,6794,2025-03-31,1,,,,,,,,,,,,,,,,,,,,,,,,,,,,,,,,,25000000,2749532,22250468,false,false,3,2024-04-01,2024-06-30,0
2024-08-08,6794,2024-03-31,1,,,,,,,,,,,,,,,,,,,,,,,,,,,,,,,,,,,22191579,false,false,3,2023-04-01,2023-06-30,-1
2024-11-11,6794,2025-03-31,2,66612000000,0.116,,,,,3622000000,0.672,4108000000,0.920,,2363000000,,106.11,,,,,,109128000000,66729000000,0.542,2651.23,59198000000,,,,,,,,,,,,true,false,6,2024-04-01,2024-09-30,0
2024-11-11,6794,2024-03-31,2,59701000000,0.023,,,,,2165000000,5.162,2139000000,4.285,,1114000000,,50.17,,,,,,,,,,,,,,,,,,,,,,true,false,6,2023-04-01,2023-09-30,-1
2024-11-11,6794,2025-03-31,2,135000000000,0.103,,,,,6500000000,0.473,6500000000,0.510,,3500000000,,157.11,,,,,,,,,,,,,,,,,,,,,,true,true,12,2024-04-01,2025-03-31,0
2024-11-11,6794,2024-03-31,2,,,,,,,,,,,,,,,,,,,,102747000000,64319000000,0.565,2606.90,58004000000,,,,,,,,,,,,true,false,12,2023-04-01,2024-03-31,-1
2024-11-11,6794,2024-03-31,2,,,,,,,,,,,,,,,,,,,,,,,,,,,,,25.00,,,,25000000,2749532,,false,false,12,2023-04-01,2024-03-31,-1
2024-11-11,6794,2025-03-31,2,,,,,,,,,,,,,,,,,,,,,,,,,,,,,20.00,,,,,,,false,false,12,2024-04-01,2025-03-31,0
2024-11-11,6794,2025-03-31,2,,,,,,,,,,,,,,,,,,,,,,,,,,,,,50.00,,,,,,,false,true,12,2024-04-01,2025-03-31,0
2024-11-11,6794,2025-03-31,2,,,,,,,,,,,,,,,,,,,,,,,,,,,,,,,,,25000000,2671436,22277231,false,false,6,2024-04-01,2024-09-30,0
2024-11-11,6794,2024-03-31,2,,,,,,,,,,,,,,,,,,,,,,,,,,,,,,,,,,,22210437,false,false,6,2023-04-01,2023-09-30,-1
2025-02-10,6794,2025-03-31,3,103474000000,0.139,,,,,5624000000,0.456,5812000000,0.451,,3169000000,,142.15,,,,,,113374000000,69636000000,0.548,2782.47,62128000000,,,,,,,,,,,,true,false,9,2024-04-01,2024-12-31,0
2025-02-10,6794,2024-03-31,3,90844000000,0.025,,,,,3862000000,4.339,4007000000,2.285,,2480000000,,111.65,,,,,,,,,,,,,,,,,,,,,,true,false,9,2023-04-01,2023-12-31,-1
2025-02-10,6794,2025-03-31,3,135000000000,0.103,,,,,6500000000,0.473,6500000000,0.510,,3500000000,,157.11,,,,,,,,,,,,,,,,,,,,,,true,true,12,2024-04-01,2025-03-31,0
2025-02-10,6794,2024-03-31,3,,,,,,,,,,,,,,,,,,,,102747000000,64319000000,0.565,2606.90,58004000000,,,,,,,,,,,,true,false,12,2023-04-01,2024-03-31,-1
2025-02-10,6794,2024-03-31,3,,,,,,,,,,,,,,,,,,,,,,,,,,,,,25.00,,,,25000000,2749532,,false,false,12,2023-04-01,2024-03-31,-1
2025-02-10,6794,2025-03-31,3,,,,,,,,,,,,,,,,,,,,,,,,,,,,,20.00,,,,,,,false,false,12,2024-04-01,2025-03-31,0
2025-02-10,6794,2025-03-31,3,,,,,,,,,,,,,,,,,,,,,,,,,,,,,60.00,,,,,,,false,true,12,2024-04-01,2025-03-31,0
2025-02-10,6794,2025-03-31,3,,,,,,,,,,,,,,,,,,,,,,,,,,,,,,,,,25000000,2671436,22294404,false,false,9,2024-04-01,2024-12-31,0
2025-02-10,6794,2024-03-31,3,,,,,,,,,,,,,,,,,,,,,,,,,,,,,,,,,,,22221109,false,false,9,2023-04-01,2023-12-31,-1
2025-05-15,6794,2025-03-31,,137607000000,0.124,,,,,6796000000,0.540,7726000000,0.795,,3902000000,,174.98,,0.066,0.074,0.049,,106826000000,68731000000,0.570,2726.13,60870000000,14831000000,-844000000,-9884000000,20771000000,,0.343,,,,,,true,false,12,2024-04-01,2025-03-31,0
2025-05-15,6794,2024-03-31,,122447000000,0.009,,,,,4412000000,0.804,4305000000,0.849,,2304000000,,103.70,,0.042,0.044,0.036,,102747000000,64319000000,0.565,2606.90,58004000000,15428000000,-8539000000,-4440000000,17034000000,,0.241,,,,,,true,false,12,2023-04-01,2024-03-31,-1
2025-05-15,6794,2026-03-31,,135000000000,-0.019,,,,,6500000000,-0.044,6000000000,-0.223,,4000000000,,178.47,,,,,,,,,,,,,,,,0.392,,,,,,true,true,12,2025-04-01,2026-03-31,1
2025-05-15,6794,2025-03-31,,58133000000,0.049,,,,,-1645000000,,1140000000,0.382,1064000000,,1.261,47.72,,,,,,42287000000,18015000000,0.426,806.85,18015000000,,,,,60.00,,,,25000000,2671437,22302827,false,false,12,2024-04-01,2025-03-31,0
2025-05-15,6794,2024-03-31,,55394000000,0.074,,,,,-1086000000,,825000000,,470000000,,,21.18,,,,,,46802000000,17507000000,0.374,786.82,17507000000,,,,,25.00,,,,25000000,2749532,22227254,false,false,12,2023-04-01,2024-03-31,-1
2025-05-15,6794,2026-03-31,,,,,,,,,,,,,,,,,,,,,,,,,,,,,,70.00,,,,,,,false,true,12,2025-04-01,2026-03-31,1
