filing_date,code,fiscal_year_end,quarterly_period,net_sales,net_sales_change,revenue,revenue_change,operating_revenue,operating_revenue_change,operating_profit,operating_profit_change,ordinary_profit,ordinary_profit_change,net_income,net_income_of_parent,net_income_change,eps,diluted_eps,roe,roa,operating_profit_to_net_sales,operating_profit_to_revenue,total_assets,net_assets,equity_ratio,bps,owner_equity,operating_cash_flow,investing_cash_flow,financing_cash_flow,cash,dividend_per_share,payout_ratio,commemorative_dividend,extra_dividend,number_of_shares,number_of_treqsury_shares,avg_number_of_shares,is_consolidated,is_forecast,duration,period_start,period_end,period_pos
2015-07-30,68060,2016-03-31,1,30221000000,-0.024,,,,,7351000000,-0.116,7876000000,-0.082,,5218000000,,146.60,146.44,,,,,321924000000,290920000000,0.903,,290640000000,,,,,,,,,,,,true,false,3,2015-04-01,2015-06-30,0
2015-07-30,68060,2015-03-31,1,30954000000,0.042,,,,,8314000000,0.027,8582000000,-0.015,,5232000000,,153.40,153.39,,,,,,,,,,,,,,,,,,,,,true,false,3,2014-04-01,2014-06-30,-1
2015-07-30,68060,2016-03-31,1,61000000000,-0.022,,,,,15000000000,-0.104,16000000000,-0.099,,11000000000,,309.03,,,,,,,,,,,,,,,,,,,,,,true,true,6,2015-04-01,2015-09-30,0
2015-07-30,68060,2016-03-31,1,126000000000,0.002,,,,,33000000000,0.013,35000000000,0.001,,23000000000,,646.16,,,,,,,,,,,,,,,,,,,,,,true,true,12,2015-04-01,2016-03-31,0
2015-07-30,68060,2015-03-31,1,,,,,,,,,,,,,,,,,,,,319667000000,288302000000,0.901,,288072000000,,,,,,,,,,,,true,false,12,2014-04-01,2015-03-31,-1
2015-07-30,68060,2015-03-31,1,,,,,,,,,,,,,,,,,,,,,,,,,,,,,230.00,,,,40020736,6107711,,false,false,12,2014-04-01,2015-03-31,-1
2015-07-30,68060,2016-03-31,1,,,,,,,,,,,,,,,,,,,,,,,,,,,,,240.00,,,,,,,false,true,12,2015-04-01,2016-03-31,0
2015-07-30,68060,2016-03-31,1,,,,,,,,,,,,,,,,,,,,,,,,,,,,,,,,,40020736,4425752,35599523,false,false,3,2015-04-01,2015-06-30,0
2015-07-30,68060,2015-03-31,1,,,,,,,,,,,,,,,,,,,,,,,,,,,,,,,,,,,34109962,false,false,3,2014-04-01,2014-06-30,-1
2015-07-30,68060,2016-03-31,,61000000000,-0.069,,,,,15000000000,-0.189,16000000000,-0.158,,11000000000,,309.03,,,,,,,,,,,,,,,,,,,,,,true,true,6,2015-04-01,2015-09-30,0
2015-07-30,68060,2015-03-31,,62396000000,,,,,,16737000000,,17753000000,,,11296000000,,331.16,,,,,,,,,,,,,,,,,,,,,,true,false,6,2014-04-01,2014-09-30,-1
2015-07-30,68060,2016-03-31,,126000000000,-0.038,,,,,33000000000,-0.070,35000000000,-0.041,,23000000000,,646.16,,,,,,,,,,,,,,,,,,,,,,true,true,12,2015-04-01,2016-03-31,0
2015-07-30,68060,2015-03-31,,125726000000,,,,,,32588000000,,34962000000,,,22948000000,,674.25,,,,,,,,,,,,,,,,,,,,,,true,false,12,2014-04-01,2015-03-31,-1
2015-10-29,68060,2016-03-31,2,61233000000,-0.019,,,,,15257000000,-0.088,16741000000,-0.057,,11693000000,,328.50,328.24,,,,,322740000000,291706000000,0.903,,291365000000,,,,,,,,,,,,true,false,6,2015-04-01,2015-09-30,0
2015-10-29,68060,2015-03-31,2,62396000000,0.012,,,,,16737000000,-0.041,17753000000,-0.028,,11296000000,,331.16,331.15,,,,,,,,,,,,,,,,,,,,,true,false,6,2014-04-01,2014-09-30,-1
2015-10-29,68060,2016-03-31,2,126000000000,0.002,,,,,33000000000,0.013,35000000000,0.001,,23000000000,,646.16,,,,,,,,,,,,,,,,,,,,,,true,true,12,2015-04-01,2016-03-31,0
2015-10-29,68060,2015-03-31,2,,,,,,,,,,,,,,,,,,,,319667000000,288302000000,0.901,,288072000000,,,,,,,,,,,,true,false,12,2014-04-01,2015-03-31,-1
2015-10-29,68060,2015-03-31,2,,,,,,,,,,,,,,,,,,,,,,,,,,,,,230.00,,,,40020736,6107711,,false,false,12,2014-04-01,2015-03-31,-1
2015-10-29,68060,2016-03-31,2,,,,,,,,,,,,,,,,,,,,,,,,,,,,,120.00,,,,,,,false,false,12,2015-04-01,2016-03-31,0
2015-10-29,68060,2016-03-31,2,,,,,,,,,,,,,,,,,,,,,,,,,,,,,240.00,,,,,,,false,true,12,2015-04-01,2016-03-31,0
2015-10-29,68060,2016-03-31,2,,,,,,,,,,,,,,,,,,,,,,,,,,,,,,,,,40020736,4425805,35597223,false,false,6,2015-04-01,2015-09-30,0
2015-10-29,68060,2015-03-31,2,,,,,,,,,,,,,,,,,,,,,,,,,,,,,,,,,,,34110662,false,false,6,2014-04-01,2014-09-30,-1
2016-01-29,68060,2016-03-31,3,91953000000,-0.020,,,,,22955000000,-0.068,24894000000,-0.068,,17121000000,,481.88,481.55,,,,,316206000000,285403000000,0.901,,285043000000,,,,,,,,,,,,true,false,9,2015-04-01,2015-12-31,0
2016-01-29,68060,2015-03-31,3,93837000000,-0.004,,,,,24640000000,-0.054,26720000000,-0.026,,17253000000,,506.33,506.31,,,,,,,,,,,,,,,,,,,,,true,false,9,2014-04-01,2014-12-31,-1
2016-01-29,68060,2016-03-31,3,120000000000,-0.046,,,,,29000000000,-0.110,31000000000,-0.113,,21300000000,,609.09,,,,,,,,,,,,,,,,,,,,,,true,true,12,2015-04-01,2016-03-31,0
2016-01-29,68060,2015-03-31,3,,,,,,,,,,,,,,,,,,,,319667000000,288302000000,0.901,,288072000000,,,,,,,,,,,,true,false,12,2014-04-01,2015-03-31,-1
2016-01-29,68060,2015-03-31,3,,,,,,,,,,,,,,,,,,,,,,,,,,,,,230.00,,,,40020736,6107711,,false,false,12,2014-04-01,2015-03-31,-1
2016-01-29,68060,2016-03-31,3,,,,,,,,,,,,,,,,,,,,,,,,,,,,,120.00,,,,,,,false,false,12,2015-04-01,2016-03-31,0
2016-01-29,68060,2016-03-31,3,,,,,,,,,,,,,,,,,,,,,,,,,,,,,240.00,,,,,,,false,true,12,2015-04-01,2016-03-31,0
2016-01-29,68060,2016-03-31,3,,,,,,,,,,,,,,,,,,,,,,,,,,,,,,,,,40020736,5050284,35530497,false,false,9,2015-04-01,2015-12-31,0
2016-01-29,68060,2015-03-31,3,,,,,,,,,,,,,,,,,,,,,,,,,,,,,,,,,,,34074853,false,false,9,2014-04-01,2014-12-31,-1
2016-01-29,68060,2016-03-31,,120000000000,-0.048,,,,,29000000000,-0.121,31000000000,-0.114,21300000000,,-0.074,609.09,,,,,,,,,,,,,,,,,,,,,,true,true,12,2015-04-01,2016-03-31,0
2016-01-29,68060,2015-03-31,,125726000000,,,,,,32588000000,,34962000000,,22948000000,,,674.25,,,,,,,,,,,,,,,,,,,,,,true,false,12,2014-04-01,2015-03-31,-1
2016-04-28,68060,2016-03-31,,120284000000,-0.043,,,,,28794000000,-0.116,30516000000,-0.127,,21104000000,,596.31,596.00,0.074,0.096,0.239,,316595000000,285830000000,0.902,8162.65,285450000000,36037000000,2623000000,-17917000000,75392000000,,0.402,,,,,,true,false,12,2015-04-01,2016-03-31,0
2016-04-28,68060,2015-03-31,,125726000000,0.006,,,,,32588000000,-0.013,34962000000,0.006,,22948000000,,674.25,674.24,0.082,0.113,0.259,,319667000000,288302000000,0.901,8494.44,288072000000,31807000000,-16232000000,-12433000000,56711000000,,0.342,,,,,,true,false,12,2014-04-01,2015-03-31,-1
2016-04-28,68060,2017-03-31,,56000000000,-0.085,,,,,14000000000,-0.082,14000000000,-0.164,,10000000000,,285.96,,,,,,,,,,,,,,,,,,,,,,true,true,6,2016-04-01,2016-09-30,1
2016-04-28,68060,2017-03-31,,112000000000,-0.069,,,,,27000000000,-0.062,28000000000,-0.082,,19500000000,,557.62,,,,,,,,,,,,,,,,0.430,,,,,,true,true,12,2016-04-01,2017-03-31,1
2016-04-28,68060,2015-03-31,,,,,,,,,,,,,,,,,,,,,,,,,,,,,,230.00,,,,40020736,6107711,34034974,false,false,12,2014-04-01,2015-03-31,-1
2016-04-28,68060,2016-03-31,,,,,,,,,,,,,,,,,,,,,,,,,,,,,,240.00,,,,40020736,5050429,35391249,false,false,12,2015-04-01,2016-03-31,0
2016-04-28,68060,2017-03-31,,,,,,,,,,,,,,,,,,,,,,,,,,,,,,240.00,,,,,,,false,true,12,2016-04-01,2017-03-31,1
2016-07-29,68060,2017-03-31,1,27640000000,-0.085,,,,,7104000000,-0.034,7231000000,-0.082,,5291000000,,151.32,,,,,,310260000000,279938000000,0.901,,279525000000,,,,,,,,,,,,true,false,3,2016-04-01,2016-06-30,0
2016-07-29,68060,2016-03-31,1,30221000000,-0.024,,,,,7351000000,-0.116,7876000000,-0.082,,5218000000,,146.60,146.44,,,,,,,,,,,,,,,,,,,,,true,false,3,2015-04-01,2015-06-30,-1
2016-07-29,68060,2017-03-31,1,56000000000,-0.085,,,,,14000000000,-0.082,14000000000,-0.164,,10000000000,,285.96,,,,,,,,,,,,,,,,,,,,,,true,true,6,2016-04-01,2016-09-30,0
2016-07-29,68060,2017-03-31,1,112000000000,-0.069,,,,,27000000000,-0.062,28000000000,-0.082,,19500000000,,557.62,,,,,,,,,,,,,,,,,,,,,,true,true,12,2016-04-01,2017-03-31,0
2016-07-29,68060,2016-03-31,1,,,,,,,,,,,,,,,,,,,,316595000000,285830000000,0.902,,285450000000,,,,,,,,,,,,true,false,12,2015-04-01,2016-03-31,-1
2016-07-29,68060,2016-03-31,1,,,,,,,,,,,,,,,,,,,,,,,,,,,,,240.00,,,,40020736,5050429,,false,false,12,2015-04-01,2016-03-31,-1
2016-07-29,68060,2017-03-31,1,,,,,,,,,,,,,,,,,,,,,,,,,,,,,240.00,,,,,,,false,true,12,2016-04-01,2017-03-31,0
2016-07-29,68060,2017-03-31,1,,,,,,,,,,,,,,,,,,,,,,,,,,,,,,,,,40020736,5050474,34970288,false,false,3,2016-04-01,2016-06-30,0
2016-07-29,68060,2016-03-31,1,,,,,,,,,,,,,,,,,,,,,,,,,,,,,,,,,,,35599523,false,false,3,2015-04-01,2015-06-30,-1
2016-10-31,68060,2017-03-31,2,57175000000,-0.066,,,,,14289000000,-0.063,14360000000,-0.142,,10130000000,,289.69,289.69,,,,,316294000000,285137000000,0.900,,284695000000,,,,,,,,,,,,true,false,6,2016-04-01,2016-09-30,0
2016-10-31,68060,2016-03-31,2,61233000000,-0.019,,,,,15257000000,-0.088,16741000000,-0.057,,11693000000,,328.50,328.24,,,,,,,,,,,,,,,,,,,,,true,false,6,2015-04-01,2015-09-30,-1
2016-10-31,68060,2017-03-31,2,112000000000,-0.069,,,,,27000000000,-0.062,28000000000,-0.082,,19500000000,,557.62,,,,,,,,,,,,,,,,,,,,,,true,true,12,2016-04-01,2017-03-31,0
2016-10-31,68060,2016-03-31,2,,,,,,,,,,,,,,,,,,,,316595000000,285830000000,0.902,,285450000000,,,,,,,,,,,,true,false,12,2015-04-01,2016-03-31,-1
2016-10-31,68060,2016-03-31,2,,,,,,,,,,,,,,,,,,,,,,,,,,,,,240.00,,,,40020736,5050429,,false,false,12,2015-04-01,2016-03-31,-1
2016-10-31,68060,2017-03-31,2,,,,,,,,,,,,,,,,,,,,,,,,,,,,,120.00,,,,,,,false,false,12,2016-04-01,2017-03-31,0
2016-10-31,68060,2017-03-31,2,,,,,,,,,,,,,,,,,,,,,,,,,,,,,240.00,,,,,,,false,true,12,2016-04-01,2017-03-31,0
2016-10-31,68060,2017-03-31,2,,,,,,,,,,,,,,,,,,,,,,,,,,,,,,,,,40020736,5050518,34970262,false,false,6,2016-04-01,2016-09-30,0
2016-10-31,68060,2016-03-31,2,,,,,,,,,,,,,,,,,,,,,,,,,,,,,,,,,,,35597223,false,false,6,2015-04-01,2015-09-30,-1
2017-01-30,68060,2017-03-31,3,85502000000,-0.070,,,,,21293000000,-0.072,22615000000,-0.092,,16143000000,,461.95,461.91,,,,,320685000000,290622000000,0.905,,290216000000,,,,,,,,,,,,true,false,9,2016-04-01,2016-12-31,0
2017-01-30,68060,2016-03-31,3,91953000000,-0.020,,,,,22955000000,-0.068,24894000000,-0.068,,17121000000,,481.88,481.55,,,,,,,,,,,,,,,,,,,,,true,false,9,2015-04-01,2015-12-31,-1
2017-01-30,68060,2017-03-31,3,113000000000,-0.061,,,,,27300000000,-0.052,28500000000,-0.066,,20500000000,,589.41,,,,,,,,,,,,,,,,,,,,,,true,true,12,2016-04-01,2017-03-31,0
2017-01-30,68060,2016-03-31,3,,,,,,,,,,,,,,,,,,,,316595000000,285830000000,0.902,,285450000000,,,,,,,,,,,,true,false,12,2015-04-01,2016-03-31,-1
2017-01-30,68060,2016-03-31,3,,,,,,,,,,,,,,,,,,,,,,,,,,,,,240.00,,,,40020736,5050429,,false,false,12,2015-04-01,2016-03-31,-1
2017-01-30,68060,2017-03-31,3,,,,,,,,,,,,,,,,,,,,,,,,,,,,,120.00,,,,,,,false,false,12,2016-04-01,2017-03-31,0
2017-01-30,68060,2017-03-31,3,,,,,,,,,,,,,,,,,,,,,,,,,,,,,240.00,,,,,,,false,true,12,2016-04-01,2017-03-31,0
2017-01-30,68060,2017-03-31,3,,,,,,,,,,,,,,,,,,,,,,,,,,,,,,,,,40020736,5240278,34946043,false,false,9,2016-04-01,2016-12-31,0
2017-01-30,68060,2016-03-31,3,,,,,,,,,,,,,,,,,,,,,,,,,,,,,,,,,,,35530497,false,false,9,2015-04-01,2015-12-31,-1
2017-01-30,68060,2017-03-31,,113000000000,0.009,,,,,27300000000,0.011,28500000000,0.018,,20500000000,,589.41,,,,,,,,,,,,,,,,,,,,,,true,true,12,2016-04-01,2017-03-31,0
2017-01-30,68060,2016-03-31,,120284000000,,,,,,28794000000,,30516000000,,,21104000000,,596.31,,,,,,,,,,,,,,,,,,,,,,true,false,12,2015-04-01,2016-03-31,-1
2017-04-28,68060,2017-03-31,,115103000000,-0.043,,,,,28482000000,-0.011,29799000000,-0.023,,21356000000,,611.81,611.70,0.073,0.093,0.247,,326696000000,296293000000,0.906,8504.89,295938000000,28093000000,-10585000000,-10798000000,81884000000,,0.392,,,,,,true,false,12,2016-04-01,2017-03-31,0
2017-04-28,68060,2016-03-31,,120284000000,-0.043,,,,,28794000000,-0.116,30516000000,-0.127,,21104000000,,596.31,596.00,0.074,0.096,0.239,,316595000000,285830000000,0.902,8162.65,285450000000,36037000000,2623000000,-17917000000,75392000000,,0.402,,,,,,true,false,12,2015-04-01,2016-03-31,-1
2017-04-28,68060,2018-03-31,,60000000000,0.049,,,,,14200000000,-0.006,14600000000,0.017,,10200000000,,293.13,,,,,,,,,,,,,,,,,,,,,,true,true,6,2017-04-01,2017-09-30,1
2017-04-28,68060,2018-03-31,,120000000000,0.043,,,,,28300000000,-0.006,29300000000,-0.017,,20500000000,,589.14,,,,,,,,,,,,,,,,0.815,,,,,,true,true,12,2017-04-01,2018-03-31,1
2017-04-28,68060,2016-03-31,,,,,,,,,,,,,,,,,,,,,,,,,,,,,,240.00,,,,40020736,5050429,35391249,false,false,12,2015-04-01,2016-03-31,-1
2017-04-28,68060,2017-03-31,,,,,,,,,,,,,,,,,,,,,,,,,,,,,,240.00,,,,40020736,5224434,34906430,false,false,12,2016-04-01,2017-03-31,0
2017-04-28,68060,2018-03-31,,,,,,,,,,,,,,,,,,,,,,,,,,,,,,480.00,,,,,,,false,true,12,2017-04-01,2018-03-31,1
2017-07-28,68060,2018-03-31,1,29467000000,0.066,,,,,7036000000,-0.010,7398000000,0.023,,5062000000,,145.49,145.42,,,,,329394000000,297175000000,0.901,,296827000000,,,,,,,,,,,,true,false,3,2017-04-01,2017-06-30,0
2017-07-28,68060,2017-03-31,1,27640000000,-0.085,,,,,7104000000,-0.034,7231000000,-0.082,,5291000000,,151.32,,,,,,,,,,,,,,,,,,,,,,true,false,3,2016-04-01,2016-06-30,-1
2017-07-28,68060,2018-03-31,1,60000000000,0.049,,,,,14200000000,-0.006,14600000000,0.017,,10200000000,,293.10,,,,,,,,,,,,,,,,,,,,,,true,true,6,2017-04-01,2017-09-30,0
2017-07-28,68060,2018-03-31,1,120000000000,0.043,,,,,28300000000,-0.006,29300000000,-0.017,,20500000000,,589.08,,,,,,,,,,,,,,,,,,,,,,true,true,12,2017-04-01,2018-03-31,0
2017-07-28,68060,2017-03-31,1,,,,,,,,,,,,,,,,,,,,326696000000,296293000000,0.906,,295938000000,,,,,,,,,,,,true,false,12,2016-04-01,2017-03-31,-1
2017-07-28,68060,2017-03-31,1,,,,,,,,,,,,,,,,,,,,,,,,,,,,,240.00,,,,40020736,5224434,,false,false,12,2016-04-01,2017-03-31,-1
2017-07-28,68060,2018-03-31,1,,,,,,,,,,,,,,,,,,,,,,,,,,,,,480.00,,,,,,,false,true,12,2017-04-01,2018-03-31,0
2017-07-28,68060,2018-03-31,1,,,,,,,,,,,,,,,,,,,,,,,,,,,,,,,,,40020736,5220749,34796797,false,false,3,2017-04-01,2017-06-30,0
2017-07-28,68060,2017-03-31,1,,,,,,,,,,,,,,,,,,,,,,,,,,,,,,,,,,,34970288,false,false,3,2016-04-01,2016-06-30,-1
2017-10-31,68060,2018-03-31,2,61978000000,0.084,,,,,15143000000,0.060,15770000000,0.098,,10915000000,,313.66,313.52,,,,,338582000000,304272000000,0.898,,303958000000,,,,,,,,,,,,true,false,6,2017-04-01,2017-09-30,0
2017-10-31,68060,2017-03-31,2,57175000000,-0.066,,,,,14289000000,-0.063,14360000000,-0.142,,10130000000,,289.69,289.69,,,,,,,,,,,,,,,,,,,,,true,false,6,2016-04-01,2016-09-30,-1
2017-10-31,68060,2018-03-31,2,126000000000,0.095,,,,,29200000000,0.025,30300000000,0.017,,21400000000,,614.73,,,,,,,,,,,,,,,,,,,,,,true,true,12,2017-04-01,2018-03-31,0
2017-10-31,68060,2017-03-31,2,,,,,,,,,,,,,,,,,,,,326696000000,296293000000,0.906,,295938000000,,,,,,,,,,,,true,false,12,2016-04-01,2017-03-31,-1
2017-10-31,68060,2017-03-31,2,,,,,,,,,,,,,,,,,,,,,,,,,,,,,240.00,,,,40020736,5224434,,false,false,12,2016-04-01,2017-03-31,-1
2017-10-31,68060,2018-03-31,2,,,,,,,,,,,,,,,,,,,,,,,,,,,,,240.00,,,,,,,false,false,12,2017-04-01,2018-03-31,0
2017-10-31,68060,2018-03-31,2,,,,,,,,,,,,,,,,,,,,,,,,,,,,,480.00,,,,,,,false,true,12,2017-04-01,2018-03-31,0
2017-10-31,68060,2018-03-31,2,,,,,,,,,,,,,,,,,,,,,,,,,,,,,,,,,40020736,5208963,34800305,false,false,6,2017-04-01,2017-09-30,0
2017-10-31,68060,2017-03-31,2,,,,,,,,,,,,,,,,,,,,,,,,,,,,,,,,,,,34970262,false,false,6,2016-04-01,2016-09-30,-1
2018-01-30,68060,2018-03-31,3,94658000000,0.107,,,,,22756000000,0.069,23513000000,0.040,,16216000000,,465.90,465.69,,,,,340248000000,305139000000,0.896,,304915000000,,,,,,,,,,,,true,false,9,2017-04-01,2017-12-31,0
2018-01-30,68060,2017-03-31,3,85502000000,-0.070,,,,,21293000000,-0.072,22615000000,-0.092,,16143000000,,461.95,461.91,,,,,,,,,,,,,,,,,,,,,true,false,9,2016-04-01,2016-12-31,-1
2018-01-30,68060,2018-03-31,3,126000000000,0.095,,,,,29200000000,0.025,30300000000,0.017,,21400000000,,614.73,,,,,,,,,,,,,,,,,,,,,,true,true,12,2017-04-01,2018-03-31,0
2018-01-30,68060,2017-03-31,3,,,,,,,,,,,,,,,,,,,,326696000000,296293000000,0.906,,295938000000,,,,,,,,,,,,true,false,12,2016-04-01,2017-03-31,-1
2018-01-30,68060,2017-03-31,3,,,,,,,,,,,,,,,,,,,,,,,,,,,,,240.00,,,,40020736,5224434,,false,false,12,2016-04-01,2017-03-31,-1
2018-01-30,68060,2018-03-31,3,,,,,,,,,,,,,,,,,,,,,,,,,,,,,240.00,,,,,,,false,false,12,2017-04-01,2018-03-31,0
2018-01-30,68060,2018-03-31,3,,,,,,,,,,,,,,,,,,,,,,,,,,,,,480.00,,,,,,,false,true,12,2017-04-01,2018-03-31,0
2018-01-30,68060,2018-03-31,3,,,,,,,,,,,,,,,,,,,,,,,,,,,,,,,,,40020736,5177095,34805699,false,false,9,2017-04-01,2017-12-31,0
2018-01-30,68060,2017-03-31,3,,,,,,,,,,,,,,,,,,,,,,,,,,,,,,,,,,,34946043,false,false,9,2016-04-01,2016-12-31,-1
2018-05-08,68060,2018-03-31,,125280000000,0.088,,,,,28649000000,0.006,29234000000,0.019,,19526000000,,560.87,560.60,0.065,0.088,0.229,,339458000000,303783000000,0.894,8711.20,303572000000,29289000000,-30078000000,-11839000000,69323000000,,0.856,,,,,,true,false,12,2017-04-01,2018-03-31,0
2018-05-08,68060,2017-03-31,,115103000000,-0.043,,,,,28482000000,-0.011,29799000000,-0.023,,21356000000,,611.81,611.70,0.073,0.093,0.247,,326696000000,296293000000,0.906,8504.89,295938000000,28093000000,-10585000000,-10798000000,81884000000,,0.392,,,,,,true,false,12,2016-04-01,2017-03-31,-1
2018-05-08,68060,2019-03-31,,,,,,,,13000000000,,,,,9500000000,,259.63,,,,,,,,,,,,,,,,,,,,,,true,true,6,2018-04-01,2018-09-30,1
2018-05-08,68060,2019-03-31,,,,,,,,27300000000,,,,,20000000000,,546.58,,,,,,,,,,,,,,,,0.439,,,,,,true,true,12,2018-04-01,2019-03-31,1
2018-05-08,68060,2017-03-31,,,,,,,,,,,,,,,,,,,,,,,,,,,,,,240.00,,,,40020736,5224434,34906430,false,false,12,2016-04-01,2017-03-31,-1
2018-05-08,68060,2018-03-31,,,,,,,,,,,,,,,,,,,,,,,,,,,,,,480.00,,,,40020736,5172148,34815585,false,false,12,2017-04-01,2018-03-31,0
2018-05-08,68060,2019-03-31,,,,,,,,,,,,,,,,,,,,,,,,,,,,,,240.00,,,,,,,false,true,12,2018-04-01,2019-03-31,1
2018-08-03,68060,2019-03-31,1,,,,,,,5011000000,-0.279,,,,4133000000,,113.01,112.98,,,,,337060000000,,,,,,,,,,,,,,,,true,false,3,2018-04-01,2018-06-30,0
2018-08-03,68060,2018-03-31,1,,,,,,,6952000000,,,,,4745000000,,136.36,136.30,,,,,,,,,,,,,,,,,,,,,true,false,3,2017-04-01,2017-06-30,-1
2018-08-03,68060,2019-03-31,1,,,,,,,13000000000,-0.138,,,,9500000000,,259.63,,,,,,,,,,,,,,,,,,,,,,true,true,6,2018-04-01,2018-09-30,0
2018-08-03,68060,2019-03-31,1,,,,,,,27300000000,-0.027,,,,20000000000,,546.58,,,,,,,,,,,,,,,,,,,,,,true,true,12,2018-04-01,2019-03-31,0
2018-08-03,68060,2018-03-31,1,,,,,,,,,,,,,,,,,,,,341178000000,,,,,,,,,,,,,,,,true,false,12,2017-04-01,2018-03-31,-1
2018-08-03,68060,2018-03-31,1,,,,,,,,,,,,,,,,,,,,,,,,,,,,,480.00,,,,40020736,5172148,,false,false,12,2017-04-01,2018-03-31,-1
2018-08-03,68060,2019-03-31,1,,,,,,,,,,,,,,,,,,,,,,,,,,,,,240.00,,,,,,,false,true,12,2018-04-01,2019-03-31,0
2018-08-03,68060,2019-03-31,1,,,,,,,,,,,,,,,,,,,,,,,,,,,,,,,,,38513152,1925185,36570123,false,false,3,2018-04-01,2018-06-30,0
2018-08-03,68060,2018-03-31,1,,,,,,,,,,,,,,,,,,,,,,,,,,,,,,,,,,,34796797,false,false,3,2017-04-01,2017-06-30,-1
2018-11-02,68060,2019-03-31,2,,,,,,,12022000000,-0.203,,,,9325000000,,254.91,254.88,,,,,345529000000,,,,,,,,,,,,,,,,true,false,6,2018-04-01,2018-09-30,0
2018-11-02,68060,2018-03-31,2,,,,,,,15088000000,,,,,10812000000,,310.69,310.55,,,,,,,,,,,,,,,,,,,,,true,false,6,2017-04-01,2017-09-30,-1
2018-11-02,68060,2019-03-31,2,,,,,,,27300000000,-0.027,,,,20000000000,,546.58,,,,,,,,,,,,,,,,,,,,,,true,true,12,2018-04-01,2019-03-31,0
2018-11-02,68060,2018-03-31,2,,,,,,,,,,,,,,,,,,,,341178000000,,,,,,,,,,,,,,,,true,false,12,2017-04-01,2018-03-31,-1
2018-11-02,68060,2018-03-31,2,,,,,,,,,,,,,,,,,,,,,,,,,,,,,480.00,,,,40020736,5172148,,false,false,12,2017-04-01,2018-03-31,-1
2018-11-02,68060,2019-03-31,2,,,,,,,,,,,,,,,,,,,,,,,,,,,,,120.00,,,,,,,false,false,12,2018-04-01,2019-03-31,0
2018-11-02,68060,2019-03-31,2,,,,,,,,,,,,,,,,,,,,,,,,,,,,,240.00,,,,,,,false,true,12,2018-04-01,2019-03-31,0
2018-11-02,68060,2019-03-31,2,,,,,,,,,,,,,,,,,,,,,,,,,,,,,,,,,38513152,1925270,36579087,false,false,6,2018-04-01,2018-09-30,0
2018-11-02,68060,2018-03-31,2,,,,,,,,,,,,,,,,,,,,,,,,,,,,,,,,,,,34800305,false,false,6,2017-04-01,2017-09-30,-1
2019-02-06,68060,2019-03-31,3,,,,,,,19989000000,-0.136,,,,15216000000,,416.08,416.06,,,,,339689000000,,,,,,,,,,,,,,,,true,false,9,2018-04-01,2018-12-31,0
2019-02-06,68060,2018-03-31,3,,,,,,,23121000000,,,,,16346000000,,469.64,469.42,,,,,,,,,,,,,,,,,,,,,true,false,9,2017-04-01,2017-12-31,-1
2019-02-06,68060,2019-03-31,3,,,,,,,24000000000,-0.145,,,,18300000000,,500.60,,,,,,,,,,,,,,,,,,,,,,true,true,12,2018-04-01,2019-03-31,0
2019-02-06,68060,2018-03-31,3,,,,,,,,,,,,,,,,,,,,341178000000,,,,,,,,,,,,,,,,true,false,12,2017-04-01,2018-03-31,-1
2019-02-06,68060,2018-03-31,3,,,,,,,,,,,,,,,,,,,,,,,,,,,,,480.00,,,,40020736,5172148,,false,false,12,2017-04-01,2018-03-31,-1
2019-02-06,68060,2019-03-31,3,,,,,,,,,,,,,,,,,,,,,,,,,,,,,120.00,,,,,,,false,false,12,2018-04-01,2019-03-31,0
2019-02-06,68060,2019-03-31,3,,,,,,,,,,,,,,,,,,,,,,,,,,,,,240.00,,,,,,,false,true,12,2018-04-01,2019-03-31,0
2019-02-06,68060,2019-03-31,3,,,,,,,,,,,,,,,,,,,,,,,,,,,,,,,,,38513152,2000336,36570567,false,false,9,2018-04-01,2018-12-31,0
2019-02-06,68060,2018-03-31,3,,,,,,,,,,,,,,,,,,,,,,,,,,,,,,,,,,,34805699,false,false,9,2017-04-01,2017-12-31,-1
2019-05-08,68060,2019-03-31,,,,,,,,23157000000,-0.175,,,,17891000000,,489.46,489.45,,,,,341435000000,,,,,28182000000,-31154000000,-14298000000,,,0.490,,,,,,true,false,12,2018-04-01,2019-03-31,0
2019-05-08,68060,2018-03-31,,,,,,,,28064000000,,,,,19107000000,,548.80,548.54,,,,,341178000000,,,,,30561000000,-31425000000,-11839000000,,,0.875,,,,,,true,false,12,2017-04-01,2018-03-31,-1
2019-05-08,68060,2020-03-31,,,,,,,,11000000000,-0.085,,,,8000000000,,219.40,,,,,,,,,,,,,,,,,,,,,,true,true,6,2019-04-01,2019-09-30,1
2019-05-08,68060,2020-03-31,,,,,,,,25000000000,0.080,,,,18500000000,,507.37,,,,,,,,,,,,,,,,0.473,,,,,,true,true,12,2019-04-01,2020-03-31,1
2019-05-08,68060,2018-03-31,,,,,,,,,,,,,,,,,,,,,,,,,,,,,,480.00,,,,40020736,5172148,34815585,false,false,12,2017-04-01,2018-03-31,-1
2019-05-08,68060,2019-03-31,,,,,,,,,,,,,,,,,,,,,,,,,,,,,,240.00,,,,38513152,2050423,36551523,false,false,12,2018-04-01,2019-03-31,0
2019-05-08,68060,2020-03-31,,,,,,,,,,,,,,,,,,,,,,,,,,,,,,240.00,,,,,,,false,true,12,2019-04-01,2020-03-31,1
2019-08-02,68060,2020-03-31,1,,,,,,,5338000000,0.065,,,,4068000000,,111.56,,,,,,342102000000,,,,,,,,,,,,,,,,true,false,3,2019-04-01,2019-06-30,0
2019-08-02,68060,2019-03-31,1,,,,,,,5011000000,-0.279,,,,4133000000,,113.01,112.98,,,,,,,,,,,,,,,,,,,,,true,false,3,2018-04-01,2018-06-30,-1
2019-08-02,68060,2020-03-31,1,,,,,,,11000000000,-0.085,,,,8000000000,,219.40,,,,,,,,,,,,,,,,,,,,,,true,true,6,2019-04-01,2019-09-30,0
2019-08-02,68060,2020-03-31,1,,,,,,,25000000000,0.080,,,,18500000000,,507.37,,,,,,,,,,,,,,,,,,,,,,true,true,12,2019-04-01,2020-03-31,0
2019-08-02,68060,2019-03-31,1,,,,,,,,,,,,,,,,,,,,341435000000,,,,,,,,,,,,,,,,true,false,12,2018-04-01,2019-03-31,-1
2019-08-02,68060,2019-03-31,1,,,,,,,,,,,,,,,,,,,,,,,,,,,,,240.00,,,,38513152,2050423,,false,false,12,2018-04-01,2019-03-31,-1
2019-08-02,68060,2020-03-31,1,,,,,,,,,,,,,,,,,,,,,,,,,,,,,240.00,,,,,,,false,true,12,2019-04-01,2020-03-31,0
2019-08-02,68060,2020-03-31,1,,,,,,,,,,,,,,,,,,,,,,,,,,,,,,,,,38381820,1919111,36462721,false,false,3,2019-04-01,2019-06-30,0
2019-08-02,68060,2019-03-31,1,,,,,,,,,,,,,,,,,,,,,,,,,,,,,,,,,,,36570123,false,false,3,2018-04-01,2018-06-30,-1
2019-11-01,68060,2020-03-31,2,,,,,,,11534000000,-0.041,,,,8573000000,,235.12,235.12,,,,,343447000000,,,,,,,,,,,,,,,,true,false,6,2019-04-01,2019-09-30,0
2019-11-01,68060,2019-03-31,2,,,,,,,12022000000,-0.203,,,,9325000000,,254.91,254.88,,,,,,,,,,,,,,,,,,,,,true,false,6,2018-04-01,2018-09-30,-1
2019-11-01,68060,2020-03-31,2,,,,,,,22000000000,-0.050,,,,17500000000,,479.94,,,,,,,,,,,,,,,,,,,,,,true,true,12,2019-04-01,2020-03-31,0
2019-11-01,68060,2019-03-31,2,,,,,,,,,,,,,,,,,,,,341435000000,,,,,,,,,,,,,,,,true,false,12,2018-04-01,2019-03-31,-1
2019-11-01,68060,2019-03-31,2,,,,,,,,,,,,,,,,,,,,,,,,,,,,,240.00,,,,38513152,2050423,,false,false,12,2018-04-01,2019-03-31,-1
2019-11-01,68060,2020-03-31,2,,,,,,,,,,,,,,,,,,,,,,,,,,,,,120.00,,,,,,,false,false,12,2019-04-01,2020-03-31,0
2019-11-01,68060,2020-03-31,2,,,,,,,,,,,,,,,,,,,,,,,,,,,,,240.00,,,,,,,false,true,12,2019-04-01,2020-03-31,0
2019-11-01,68060,2020-03-31,2,,,,,,,,,,,,,,,,,,,,,,,,,,,,,,,,,38381820,1919178,36462714,false,false,6,2019-04-01,2019-09-30,0
2019-11-01,68060,2019-03-31,2,,,,,,,,,,,,,,,,,,,,,,,,,,,,,,,,,,,36579087,false,false,6,2018-04-01,2018-09-30,-1
2020-02-05,68060,2020-03-31,3,,,,,,,16205000000,-0.189,,,,11976000000,,328.53,328.52,,,,,344191000000,,,,,,,,,,,,,,,,true,false,9,2019-04-01,2019-12-31,0
2020-02-05,68060,2019-03-31,3,,,,,,,19989000000,-0.136,,,,15216000000,,416.08,416.06,,,,,,,,,,,,,,,,,,,,,true,false,9,2018-04-01,2018-12-31,-1
2020-02-05,68060,2020-03-31,3,,,,,,,22000000000,-0.050,,,,17500000000,,479.94,,,,,,,,,,,,,,,,,,,,,,true,true,12,2019-04-01,2020-03-31,0
2020-02-05,68060,2019-03-31,3,,,,,,,,,,,,,,,,,,,,341435000000,,,,,,,,,,,,,,,,true,false,12,2018-04-01,2019-03-31,-1
2020-02-05,68060,2019-03-31,3,,,,,,,,,,,,,,,,,,,,,,,,,,,,,240.00,,,,38513152,2050423,,false,false,12,2018-04-01,2019-03-31,-1
2020-02-05,68060,2020-03-31,3,,,,,,,,,,,,,,,,,,,,,,,,,,,,,120.00,,,,,,,false,false,12,2019-04-01,2020-03-31,0
2020-02-05,68060,2020-03-31,3,,,,,,,,,,,,,,,,,,,,,,,,,,,,,240.00,,,,,,,false,true,12,2019-04-01,2020-03-31,0
2020-02-05,68060,2020-03-31,3,,,,,,,,,,,,,,,,,,,,,,,,,,,,,,,,,38381820,2114646,36451996,false,false,9,2019-04-01,2019-12-31,0
2020-02-05,68060,2019-03-31,3,,,,,,,,,,,,,,,,,,,,,,,,,,,,,,,,,,,36570567,false,false,9,2018-04-01,2018-12-31,-1
2020-05-28,68060,2020-03-31,,,,,,,,20358000000,-0.121,,,,15305000000,,420.39,420.37,,,,,342644000000,,,,,28584000000,-17164000000,-12205000000,,,0.571,,,,,,true,false,12,2019-04-01,2020-03-31,0
2020-05-28,68060,2019-03-31,,,,,,,,23157000000,-0.175,,,,17891000000,,489.46,489.45,,,,,341435000000,,,,,28182000000,-31154000000,-14298000000,,,0.490,,,,,,true,false,12,2018-04-01,2019-03-31,-1
2020-05-28,68060,2021-03-31,,,,,,,,8500000000,-0.263,,,,6000000000,,165.44,,,,,,,,,,,,,,,,,,,,,,true,true,6,2020-04-01,2020-09-30,1
2020-05-28,68060,2021-03-31,,,,,,,,17200000000,-0.155,,,,13000000000,,358.45,,,,,,,,,,,,,,,,0.670,,,,,,true,true,12,2020-04-01,2021-03-31,1
2020-05-28,68060,2019-03-31,,,,,,,,,,,,,,,,,,,,,,,,,,,,,,240.00,,,,38513152,2050423,36551523,false,false,12,2018-04-01,2019-03-31,-1
2020-05-28,68060,2020-03-31,,,,,,,,,,,,,,,,,,,,,,,,,,,,,,240.00,,,,38381820,2114675,36407123,false,false,12,2019-04-01,2020-03-31,0
2020-05-28,68060,2021-03-31,,,,,,,,,,,,,,,,,,,,,,,,,,,,,,240.00,,,,,,,false,true,12,2020-04-01,2021-03-31,1
2020-08-03,68060,2021-03-31,1,,,,,,,5896000000,0.104,,,,4417000000,,121.78,121.78,,,,,343636000000,,,,,,,,,,,,,,,,true,false,3,2020-04-01,2020-06-30,0
2020-08-03,68060,2020-03-31,1,,,,,,,5338000000,0.065,,,,4068000000,,111.56,111.56,,,,,,,,,,,,,,,,,,,,,true,false,3,2019-04-01,2019-06-30,-1
2020-08-03,68060,2021-03-31,1,,,,,,,8500000000,-0.263,,,,6000000000,,165.44,,,,,,,,,,,,,,,,,,,,,,true,true,6,2020-04-01,2020-09-30,0
2020-08-03,68060,2021-03-31,1,,,,,,,17200000000,-0.155,,,,13000000000,,358.45,,,,,,,,,,,,,,,,,,,,,,true,true,12,2020-04-01,2021-03-31,0
2020-08-03,68060,2020-03-31,1,,,,,,,,,,,,,,,,,,,,342644000000,,,,,,,,,,,,,,,,true,false,12,2019-04-01,2020-03-31,-1
2020-08-03,68060,2020-03-31,1,,,,,,,,,,,,,,,,,,,,,,,,,,,,,240.00,,,,38381820,2114675,,false,false,12,2019-04-01,2020-03-31,-1
2020-08-03,68060,2021-03-31,1,,,,,,,,,,,,,,,,,,,,,,,,,,,,,240.00,,,,,,,false,true,12,2020-04-01,2021-03-31,0
2020-08-03,68060,2021-03-31,1,,,,,,,,,,,,,,,,,,,,,,,,,,,,,,,,,38175942,1908828,36267146,false,false,3,2020-04-01,2020-06-30,0
2020-08-03,68060,2020-03-31,1,,,,,,,,,,,,,,,,,,,,,,,,,,,,,,,,,,,36462721,false,false,3,2019-04-01,2019-06-30,-1
2020-09-24,68060,2021-03-31,,60000000000,0.200,,,,,12000000000,0.412,12000000000,0.333,,8000000000,,220.59,,,,,,,,,,,,,,,,,,,,,,true,true,6,2020-04-01,2020-09-30,0
2020-09-24,68060,2020-03-31,,60265000000,,,,,,11534000000,,12087000000,,,8573000000,,235.12,,,,,,,,,,,,,,,,,,,,,,true,false,6,2019-04-01,2019-09-30,-1
2020-11-02,68060,2021-03-31,2,,,,,,,12893000000,0.118,,,,9338000000,,257.48,257.48,,,,,348072000000,,,,,,,,,,,,,,,,true,false,6,2020-04-01,2020-09-30,0
2020-11-02,68060,2020-03-31,2,,,,,,,11534000000,-0.041,,,,8573000000,,235.12,235.12,,,,,,,,,,,,,,,,,,,,,true,false,6,2019-04-01,2019-09-30,-1
2020-11-02,68060,2021-03-31,2,,,,,,,21500000000,0.056,,,,16000000000,,441.17,,,,,,,,,,,,,,,,,,,,,,true,true,12,2020-04-01,2021-03-31,0
2020-11-02,68060,2020-03-31,2,,,,,,,,,,,,,,,,,,,,342644000000,,,,,,,,,,,,,,,,true,false,12,2019-04-01,2020-03-31,-1
2020-11-02,68060,2020-03-31,2,,,,,,,,,,,,,,,,,,,,,,,,,,,,,240.00,,,,38381820,2114675,,false,false,12,2019-04-01,2020-03-31,-1
2020-11-02,68060,2021-03-31,2,,,,,,,,,,,,,,,,,,,,,,,,,,,,,120.00,,,,,,,false,false,12,2020-04-01,2021-03-31,0
2020-11-02,68060,2021-03-31,2,,,,,,,,,,,,,,,,,,,,,,,,,,,,,240.00,,,,,,,false,true,12,2020-04-01,2021-03-31,0
2020-11-02,68060,2021-03-31,2,,,,,,,,,,,,,,,,,,,,,,,,,,,,,,,,,38175942,1908982,36267094,false,false,6,2020-04-01,2020-09-30,0
2020-11-02,68060,2020-03-31,2,,,,,,,,,,,,,,,,,,,,,,,,,,,,,,,,,,,36462714,false,false,6,2019-04-01,2019-09-30,-1
2021-02-03,68060,2021-03-31,3,,,,,,,21242000000,0.311,,,,14982000000,,413.09,413.07,,,,,356493000000,,,,,,,,,,,,,,,,true,false,9,2020-04-01,2020-12-31,0
2021-02-03,68060,2020-03-31,3,,,,,,,16205000000,-0.189,,,,11976000000,,328.53,328.52,,,,,,,,,,,,,,,,,,,,,true,false,9,2019-04-01,2019-12-31,-1
2021-02-03,68060,2021-03-31,3,,,,,,,26000000000,0.277,,,,18000000000,,496.29,,,,,,,,,,,,,,,,,,,,,,true,true,12,2020-04-01,2021-03-31,0
2021-02-03,68060,2020-03-31,3,,,,,,,,,,,,,,,,,,,,342644000000,,,,,,,,,,,,,,,,true,false,12,2019-04-01,2020-03-31,-1
2021-02-03,68060,2020-03-31,3,,,,,,,,,,,,,,,,,,,,,,,,,,,,,240.00,,,,38381820,2114675,,false,false,12,2019-04-01,2020-03-31,-1
2021-02-03,68060,2021-03-31,3,,,,,,,,,,,,,,,,,,,,,,,,,,,,,120.00,,,,,,,false,false,12,2020-04-01,2021-03-31,0
2021-02-03,68060,2021-03-31,3,,,,,,,,,,,,,,,,,,,,,,,,,,,,,240.00,,,,,,,false,true,12,2020-04-01,2021-03-31,0
2021-02-03,68060,2021-03-31,3,,,,,,,,,,,,,,,,,,,,,,,,,,,,,,,,,38175942,1901913,36267399,false,false,9,2020-04-01,2020-12-31,0
2021-02-03,68060,2020-03-31,3,,,,,,,,,,,,,,,,,,,,,,,,,,,,,,,,,,,36451996,false,false,9,2019-04-01,2019-12-31,-1
2021-05-06,68060,2021-03-31,,,,,,,,27885000000,0.370,,,,19916000000,,549.10,549.04,,,,,370504000000,,,,,35818000000,-20702000000,-9278000000,,,0.437,,,,,,true,false,12,2020-04-01,2021-03-31,0
2021-05-06,68060,2020-03-31,,,,,,,,20358000000,-0.121,,,,15305000000,,420.39,420.37,,,,,342644000000,,,,,28584000000,-17164000000,-12205000000,,,0.571,,,,,,true,false,12,2019-04-01,2020-03-31,-1
2021-05-06,68060,2022-03-31,,,,,,,,13500000000,0.047,,,,9500000000,,261.82,,,,,,,,,,,,,,,,,,,,,,true,true,6,2021-04-01,2021-09-30,1
2021-05-06,68060,2022-03-31,,,,,,,,26500000000,-0.050,,,,19000000000,,523.64,,,,,,,,,,,,,,,,0.497,,,,,,true,true,12,2021-04-01,2022-03-31,1
2021-05-06,68060,2020-03-31,,,,,,,,,,,,,,,,,,,,,,,,,,,,,,240.00,,,,38381820,2114675,36407123,false,false,12,2019-04-01,2020-03-31,-1
2021-05-06,68060,2021-03-31,,,,,,,,,,,,,,,,,,,,,,,,,,,,,,240.00,,,,38175942,1891247,36269861,false,false,12,2020-04-01,2021-03-31,0
2021-05-06,68060,2022-03-31,,,,,,,,,,,,,,,,,,,,,,,,,,,,,,260.00,,,,,,,false,true,12,2021-04-01,2022-03-31,1
2021-07-30,68060,2022-03-31,1,,,,,,,9094000000,0.542,,,,6686000000,,185.84,185.80,,,,,357045000000,,,,,,,,,,,,,,,,true,false,3,2021-04-01,2021-06-30,0
2021-07-30,68060,2021-03-31,1,,,,,,,5896000000,0.104,,,,4417000000,,121.78,121.78,,,,,,,,,,,,,,,,,,,,,true,false,3,2020-04-01,2020-06-30,-1
2021-07-30,68060,2022-03-31,1,,,,,,,17500000000,0.357,,,,13000000000,,367.80,,,,,,,,,,,,,,,,,,,,,,true,true,6,2021-04-01,2021-09-30,0
2021-07-30,68060,2022-03-31,1,,,,,,,33000000000,0.183,,,,25000000000,,707.30,,,,,,,,,,,,,,,,,,,,,,true,true,12,2021-04-01,2022-03-31,0
2021-07-30,68060,2021-03-31,1,,,,,,,,,,,,,,,,,,,,370504000000,,,,,,,,,,,,,,,,true,false,12,2020-04-01,2021-03-31,-1
2021-07-30,68060,2021-03-31,1,,,,,,,,,,,,,,,,,,,,,,,,,,,,,240.00,,,,38175942,1891247,,false,false,12,2020-04-01,2021-03-31,-1
2021-07-30,68060,2022-03-31,1,,,,,,,,,,,,,,,,,,,,,,,,,,,,,260.00,,,,,,,false,true,12,2021-04-01,2022-03-31,0
2021-07-30,68060,2022-03-31,1,,,,,,,,,,,,,,,,,,,,,,,,,,,,,,,,,38175942,2830335,35974808,false,false,3,2021-04-01,2021-06-30,0
2021-07-30,68060,2021-03-31,1,,,,,,,,,,,,,,,,,,,,,,,,,,,,,,,,,,,36267146,false,false,3,2020-04-01,2020-06-30,-1
2021-11-01,6806,2022-03-31,2,,,,,,,19792000000,0.535,,,,14797000000,,414.96,414.85,,,,,365731000000,,,,,,,,,,,,,,,,true,false,6,2021-04-01,2021-09-30,0
2021-11-01,6806,2021-03-31,2,,,,,,,12893000000,0.118,,,,9338000000,,257.48,257.48,,,,,,,,,,,,,,,,,,,,,true,false,6,2020-04-01,2020-09-30,-1
2021-11-01,6806,2022-03-31,2,,,,,,,35000000000,0.255,,,,26000000000,,732.32,,,,,,,,,,,,,,,,,,,,,,true,true,12,2021-04-01,2022-03-31,0
2021-11-01,6806,2021-03-31,2,,,,,,,,,,,,,,,,,,,,370504000000,,,,,,,,,,,,,,,,true,false,12,2020-04-01,2021-03-31,-1
2021-11-01,6806,2021-03-31,2,,,,,,,,,,,,,,,,,,,,,,,,,,,,,240.00,,,,38175942,1891247,,false,false,12,2020-04-01,2021-03-31,-1
2021-11-01,6806,2022-03-31,2,,,,,,,,,,,,,,,,,,,,,,,,,,,,,160.00,,,,,,,false,false,12,2021-04-01,2022-03-31,0
2021-11-01,6806,2022-03-31,2,,,,,,,,,,,,,,,,,,,,,,,,,,,,,320.00,,,,,,,false,true,12,2021-04-01,2022-03-31,0
2021-11-01,6806,2022-03-31,2,,,,,,,,,,,,,,,,,,,,,,,,,,,,,,,,,38175942,2828675,35658902,false,false,6,2021-04-01,2021-09-30,0
2021-11-01,6806,2021-03-31,2,,,,,,,,,,,,,,,,,,,,,,,,,,,,,,,,,,,36267094,false,false,6,2020-04-01,2020-09-30,-1
2022-01-31,6806,2022-03-31,3,,,,,,,31018000000,0.460,,,,23787000000,,669.01,668.82,,,,,373574000000,,,,,,,,,,,,,,,,true,false,9,2021-04-01,2021-12-31,0
2022-01-31,6806,2021-03-31,3,,,,,,,21242000000,0.311,,,,14982000000,,413.09,413.07,,,,,,,,,,,,,,,,,,,,,true,false,9,2020-04-01,2020-12-31,-1
2022-01-31,6806,2022-03-31,3,,,,,,,38000000000,0.363,,,,28000000000,,788.60,,,,,,,,,,,,,,,,,,,,,,true,true,12,2021-04-01,2022-03-31,0
2022-01-31,6806,2021-03-31,3,,,,,,,,,,,,,,,,,,,,370504000000,,,,,,,,,,,,,,,,true,false,12,2020-04-01,2021-03-31,-1
2022-01-31,6806,2021-03-31,3,,,,,,,,,,,,,,,,,,,,,,,,,,,,,240.00,,,,38175942,1891247,,false,false,12,2020-04-01,2021-03-31,-1
2022-01-31,6806,2022-03-31,3,,,,,,,,,,,,,,,,,,,,,,,,,,,,,160.00,,,,,,,false,false,12,2021-04-01,2022-03-31,0
2022-01-31,6806,2022-03-31,3,,,,,,,,,,,,,,,,,,,,,,,,,,,,,320.00,,,,,,,false,true,12,2021-04-01,2022-03-31,0
2022-01-31,6806,2022-03-31,3,,,,,,,,,,,,,,,,,,,,,,,,,,,,,,,,,38175942,2821941,35555478,false,false,9,2021-04-01,2021-12-31,0
2022-01-31,6806,2021-03-31,3,,,,,,,,,,,,,,,,,,,,,,,,,,,,,,,,,,,36267399,false,false,9,2020-04-01,2020-12-31,-1
2022-05-06,6806,2022-03-31,,,,,,,,40765000000,0.462,,,,31437000000,,885.39,885.16,,,,,394783000000,,,,,44323000000,-10875000000,-25249000000,,,0.497,,,,,,true,false,12,2021-04-01,2022-03-31,0
2022-05-06,6806,2021-03-31,,,,,,,,27885000000,0.370,,,,19916000000,,549.10,549.04,,,,,370504000000,,,,,35818000000,-20702000000,-9278000000,,,0.437,,,,,,true,false,12,2020-04-01,2021-03-31,-1
2022-05-06,6806,2023-03-31,,,,,,,,21500000000,0.086,,,,15500000000,,438.40,,,,,,,,,,,,,,,,,,,,,,true,true,6,2022-04-01,2022-09-30,1
2022-05-06,6806,2023-03-31,,,,,,,,44000000000,0.079,,,,33000000000,,933.37,,,,,,,,,,,,,,,,0.471,,,,,,true,true,12,2022-04-01,2023-03-31,1
2022-05-06,6806,2021-03-31,,,,,,,,,,,,,,,,,,,,,,,,,,,,,,240.00,,,,38175942,1891247,36269861,false,false,12,2020-04-01,2021-03-31,-1
2022-05-06,6806,2022-03-31,,,,,,,,,,,,,,,,,,,,,,,,,,,,,,440.00,,,,38175942,2820207,35505928,false,false,12,2021-04-01,2022-03-31,0
2022-05-06,6806,2023-03-31,,,,,,,,,,,,,,,,,,,,,,,,,,,,,,440.00,,,,,,,false,true,12,2022-04-01,2023-03-31,1
2022-05-06,68060,2022-03-31,,129549000000,0.224,,,,,17393000000,0.740,20319000000,0.712,14429000000,,0.727,401.24,,,,,,,,,,,,,,,,,,,,,,false,true,12,2021-04-01,2022-03-31,0
2022-05-06,68060,2021-03-31,,105872000000,,,,,,9996000000,,11869000000,,8252000000,,,227.52,,,,,,,,,,,,,,,,,,,,,,false,false,12,2020-04-01,2021-03-31,-1
2022-08-01,6806,2023-03-31,1,,,,,,,12971000000,0.426,,,,10052000000,,286.89,286.84,,,,,389938000000,,,,,,,,,,,,,,,,true,false,3,2022-04-01,2022-06-30,0
2022-08-01,6806,2022-03-31,1,,,,,,,9094000000,0.542,,,,6686000000,,185.84,185.80,,,,,,,,,,,,,,,,,,,,,true,false,3,2021-04-01,2021-06-30,-1
2022-08-01,6806,2023-03-31,1,,,,,,,21500000000,0.086,,,,15500000000,,438.40,,,,,,,,,,,,,,,,,,,,,,true,true,6,2022-04-01,2022-09-30,0
2022-08-01,6806,2023-03-31,1,,,,,,,44000000000,0.079,,,,33000000000,,933.37,,,,,,,,,,,,,,,,,,,,,,true,true,12,2022-04-01,2023-03-31,0
2022-08-01,6806,2022-03-31,1,,,,,,,,,,,,,,,,,,,,394783000000,,,,,,,,,,,,,,,,true,false,12,2021-04-01,2022-03-31,-1
2022-08-01,6806,2022-03-31,1,,,,,,,,,,,,,,,,,,,,,,,,,,,,,440.00,,,,38175942,2820207,,false,false,12,2021-04-01,2022-03-31,-1
2022-08-01,6806,2023-03-31,1,,,,,,,,,,,,,,,,,,,,,,,,,,,,,440.00,,,,,,,false,true,12,2022-04-01,2023-03-31,0
2022-08-01,6806,2023-03-31,1,,,,,,,,,,,,,,,,,,,,,,,,,,,,,,,,,37227089,2806641,35036876,false,false,3,2022-04-01,2022-06-30,0
2022-08-01,6806,2022-03-31,1,,,,,,,,,,,,,,,,,,,,,,,,,,,,,,,,,,,35974808,false,false,3,2021-04-01,2021-06-30,-1
2022-11-02,6806,2023-03-31,2,,,,,,,27170000000,0.373,,,,20636000000,,594.23,594.12,,,,,401282000000,,,,,,,,,,,,,,,,true,false,6,2022-04-01,2022-09-30,0
2022-11-02,6806,2022-03-31,2,,,,,,,19792000000,0.535,,,,14797000000,,414.96,414.85,,,,,,,,,,,,,,,,,,,,,true,false,6,2021-04-01,2021-09-30,-1
2022-11-02,6806,2023-03-31,2,,,,,,,50000000000,0.227,,,,36000000000,,1041.17,,,,,,,,,,,,,,,,,,,,,,true,true,12,2022-04-01,2023-03-31,0
2022-11-02,6806,2022-03-31,2,,,,,,,,,,,,,,,,,,,,394783000000,,,,,,,,,,,,,,,,true,false,12,2021-04-01,2022-03-31,-1
2022-11-02,6806,2022-03-31,2,,,,,,,,,,,,,,,,,,,,,,,,,,,,,440.00,,,,38175942,2820207,,false,false,12,2021-04-01,2022-03-31,-1
2022-11-02,6806,2023-03-31,2,,,,,,,,,,,,,,,,,,,,,,,,,,,,,220.00,,,,,,,false,false,12,2022-04-01,2023-03-31,0
2022-11-02,6806,2023-03-31,2,,,,,,,,,,,,,,,,,,,,,,,,,,,,,440.00,,,,,,,false,true,12,2022-04-01,2023-03-31,0
2022-11-02,6806,2023-03-31,2,,,,,,,,,,,,,,,,,,,,,,,,,,,,,,,,,37227089,2802739,34727578,false,false,6,2022-04-01,2022-09-30,0
2022-11-02,6806,2022-03-31,2,,,,,,,,,,,,,,,,,,,,,,,,,,,,,,,,,,,35658902,false,false,6,2021-04-01,2021-09-30,-1
2023-02-01,6806,2023-03-31,3,,,,,,,39667000000,0.279,,,,29230000000,,844.14,843.99,,,,,394765000000,,,,,,,,,,,,,,,,true,false,9,2022-04-01,2022-12-31,0
2023-02-01,6806,2022-03-31,3,,,,,,,31018000000,0.460,,,,23787000000,,669.01,668.82,,,,,,,,,,,,,,,,,,,,,true,false,9,2021-04-01,2021-12-31,-1
2023-02-01,6806,2023-03-31,3,,,,,,,47000000000,0.153,,,,34500000000,,997.77,,,,,,,,,,,,,,,,,,,,,,true,true,12,2022-04-01,2023-03-31,0
2023-02-01,6806,2022-03-31,3,,,,,,,,,,,,,,,,,,,,394783000000,,,,,,,,,,,,,,,,true,false,12,2021-04-01,2022-03-31,-1
2023-02-01,6806,2022-03-31,3,,,,,,,,,,,,,,,,,,,,,,,,,,,,,440.00,,,,38175942,2820207,,false,false,12,2021-04-01,2022-03-31,-1
2023-02-01,6806,2023-03-31,3,,,,,,,,,,,,,,,,,,,,,,,,,,,,,220.00,,,,,,,false,false,12,2022-04-01,2023-03-31,0
2023-02-01,6806,2023-03-31,3,,,,,,,,,,,,,,,,,,,,,,,,,,,,,440.00,,,,,,,false,true,12,2022-04-01,2023-03-31,0
2023-02-01,6806,2023-03-31,3,,,,,,,,,,,,,,,,,,,,,,,,,,,,,,,,,37227089,2801089,34626509,false,false,9,2022-04-01,2022-12-31,0
2023-02-01,6806,2022-03-31,3,,,,,,,,,,,,,,,,,,,,,,,,,,,,,,,,,,,35555478,false,false,9,2021-04-01,2021-12-31,-1
2023-05-08,6806,2023-03-31,,,,,,,,46751000000,0.147,,,,34648000000,,1002.04,1001.87,,,,,401357000000,,,,,45648000000,6403000000,-34171000000,,,0.499,,,,,,true,false,12,2022-04-01,2023-03-31,0
2023-05-08,6806,2022-03-31,,,,,,,,40765000000,0.462,,,,31437000000,,885.39,885.16,,,,,394783000000,,,,,44323000000,-10875000000,-25249000000,,,0.497,,,,,,true,false,12,2021-04-01,2022-03-31,-1
2023-05-08,6806,2024-03-31,,,,,,,,22000000000,-0.190,,,,17000000000,,493.79,,,,,,,,,,,,,,,,,,,,,,true,true,6,2023-04-01,2023-09-30,1
2023-05-08,6806,2024-03-31,,,,,,,,47000000000,0.005,,,,37000000000,,1074.71,,,,,,,,,,,,,,,,0.465,,,,,,true,true,12,2023-04-01,2024-03-31,1
2023-05-08,6806,2022-03-31,,,,,,,,,,,,,,,,,,,,,,,,,,,,,,440.00,,,,38175942,2820207,35505928,false,false,12,2021-04-01,2022-03-31,-1
2023-05-08,6806,2023-03-31,,,,,,,,,,,,,,,,,,,,,,,,,,,,,,500.00,,,,37227089,2799173,34577231,false,false,12,2022-04-01,2023-03-31,0
2023-05-08,6806,2024-03-31,,,,,,,,,,,,,,,,,,,,,,,,,,,,,,500.00,,,,,,,false,true,12,2023-04-01,2024-03-31,1
2023-05-08,68060,2023-03-31,,142134000000,0.097,,,,,21467000000,0.234,29751000000,0.464,23364000000,,0.640,675.50,,,,,,,,,,,,,,,,,,,,,,false,true,12,2022-04-01,2023-03-31,0
2023-05-08,68060,2022-03-31,,129549000000,,,,,,17393000000,,20324000000,,14249000000,,,401.24,,,,,,,,,,,,,,,,,,,,,,false,false,12,2021-04-01,2022-03-31,-1
2023-08-01,6806,2024-03-31,1,,,,,,,9057000000,-0.302,,,,6021000000,,174.89,174.87,,,,,403861000000,,,,,,,,,,,,,,,,true,false,3,2023-04-01,2023-06-30,0
2023-08-01,6806,2023-03-31,1,,,,,,,12971000000,0.426,,,,10052000000,,286.89,286.84,,,,,,,,,,,,,,,,,,,,,true,false,3,2022-04-01,2022-06-30,-1
2023-08-01,6806,2024-03-31,1,,,,,,,18500000000,-0.319,,,,14000000000,,406.60,,,,,,,,,,,,,,,,,,,,,,true,true,6,2023-04-01,2023-09-30,0
2023-08-01,6806,2024-03-31,1,,,,,,,38500000000,-0.176,,,,29000000000,,842.25,,,,,,,,,,,,,,,,,,,,,,true,true,12,2023-04-01,2024-03-31,0
2023-08-01,6806,2023-03-31,1,,,,,,,,,,,,,,,,,,,,401357000000,,,,,,,,,,,,,,,,true,false,12,2022-04-01,2023-03-31,-1
2023-08-01,6806,2023-03-31,1,,,,,,,,,,,,,,,,,,,,,,,,,,,,,500.00,,,,37227089,2799173,,false,false,12,2022-04-01,2023-03-31,-1
2023-08-01,6806,2024-03-31,1,,,,,,,,,,,,,,,,,,,,,,,,,,,,,500.00,,,,,,,false,true,12,2023-04-01,2024-03-31,0
2023-08-01,6806,2024-03-31,1,,,,,,,,,,,,,,,,,,,,,,,,,,,,,,,,,36250438,1817856,34429048,false,false,3,2023-04-01,2023-06-30,0
2023-08-01,6806,2023-03-31,1,,,,,,,,,,,,,,,,,,,,,,,,,,,,,,,,,,,35036876,false,false,3,2022-04-01,2022-06-30,-1
2023-11-01,6806,2024-03-31,2,,,,,,,17191000000,-0.367,,,,12597000000,,365.87,365.83,,,,,411496000000,,,,,,,,,,,,,,,,true,false,6,2023-04-01,2023-09-30,0
2023-11-01,6806,2023-03-31,2,,,,,,,27170000000,0.373,,,,20636000000,,594.23,594.12,,,,,,,,,,,,,,,,,,,,,true,false,6,2022-04-01,2022-09-30,-1
2023-11-01,6806,2024-03-31,2,,,,,,,38500000000,-0.176,,,,29000000000,,842.25,,,,,,,,,,,,,,,,,,,,,,true,true,12,2023-04-01,2024-03-31,0
2023-11-01,6806,2023-03-31,2,,,,,,,,,,,,,,,,,,,,401357000000,,,,,,,,,,,,,,,,true,false,12,2022-04-01,2023-03-31,-1
2023-11-01,6806,2023-03-31,2,,,,,,,,,,,,,,,,,,,,,,,,,,,,,500.00,,,,37227089,2799173,,false,false,12,2022-04-01,2023-03-31,-1
2023-11-01,6806,2024-03-31,2,,,,,,,,,,,,,,,,,,,,,,,,,,,,,220.00,,,,,,,false,false,12,2023-04-01,2024-03-31,0
2023-11-01,6806,2024-03-31,2,,,,,,,,,,,,,,,,,,,,,,,,,,,,,440.00,,,,,,,false,true,12,2023-04-01,2024-03-31,0
2023-11-01,6806,2024-03-31,2,,,,,,,,,,,,,,,,,,,,,,,,,,,,,,,,,36250438,1816740,34430998,false,false,6,2023-04-01,2023-09-30,0
2023-11-01,6806,2023-03-31,2,,,,,,,,,,,,,,,,,,,,,,,,,,,,,,,,,,,34727578,false,false,6,2022-04-01,2022-09-30,-1
2024-02-01,6806,2024-03-31,3,,,,,,,27231000000,-0.314,,,,20714000000,,602.04,601.99,,,,,395368000000,,,,,,,,,,,,,,,,true,false,9,2023-04-01,2023-12-31,0
2024-02-01,6806,2023-03-31,3,,,,,,,39667000000,0.279,,,,29230000000,,844.14,843.99,,,,,,,,,,,,,,,,,,,,,true,false,9,2022-04-01,2022-12-31,-1
2024-02-01,6806,2024-03-31,3,,,,,,,33000000000,-0.294,,,,26000000000,,757.73,,,,,,,,,,,,,,,,,,,,,,true,true,12,2023-04-01,2024-03-31,0
2024-02-01,6806,2023-03-31,3,,,,,,,,,,,,,,,,,,,,401357000000,,,,,,,,,,,,,,,,true,false,12,2022-04-01,2023-03-31,-1
2024-02-01,6806,2023-03-31,3,,,,,,,,,,,,,,,,,,,,,,,,,,,,,500.00,,,,37227089,2799173,,false,false,12,2022-04-01,2023-03-31,-1
2024-02-01,6806,2024-03-31,3,,,,,,,,,,,,,,,,,,,,,,,,,,,,,220.00,,,,,,,false,false,12,2023-04-01,2024-03-31,0
2024-02-01,6806,2024-03-31,3,,,,,,,,,,,,,,,,,,,,,,,,,,,,,440.00,,,,,,,false,true,12,2023-04-01,2024-03-31,0
2024-02-01,6806,2024-03-31,3,,,,,,,,,,,,,,,,,,,,,,,,,,,,,,,,,36250438,2217936,34405938,false,false,9,2023-04-01,2023-12-31,0
2024-02-01,6806,2023-03-31,3,,,,,,,,,,,,,,,,,,,,,,,,,,,,,,,,,,,34626509,false,false,9,2022-04-01,2022-12-31,-1
2024-05-07,6806,2024-03-31,,,,,,,,34017000000,-0.272,,,,26480000000,,772.38,772.33,,,,,403450000000,,,,,41049000000,-13935000000,-28187000000,,,0.570,,,,,,true,false,12,2023-04-01,2024-03-31,0
2024-05-07,6806,2023-03-31,,,,,,,,46751000000,0.147,,,,34648000000,,1002.04,1001.87,,,,,401357000000,,,,,45648000000,6403000000,-34171000000,,,0.499,,,,,,true,false,12,2022-04-01,2023-03-31,-1
2024-05-07,6806,2025-03-31,,,,,,,,16000000000,-0.069,,,,12000000000,,354.71,,,,,,,,,,,,,,,,,,,,,,true,true,6,2024-04-01,2024-09-30,1
2024-05-07,6806,2025-03-31,,,,,,,,36000000000,0.058,,,,28000000000,,827.65,,,,,,,,,,,,,,,,0.592,,,,,,true,true,12,2024-04-01,2025-03-31,1
2024-05-07,6806,2023-03-31,,,,,,,,,,,,,,,,,,,,,,,,,,,,,,500.00,,,,37227089,2799173,34577231,false,false,12,2022-04-01,2023-03-31,-1
2024-05-07,6806,2024-03-31,,,,,,,,,,,,,,,,,,,,,,,,,,,,,,440.00,,,,36250438,2419652,34283724,false,false,12,2023-04-01,2024-03-31,0
2024-05-07,6806,2025-03-31,,,,,,,,,,,,,,,,,,,,,,,,,,,,,,490.00,,,,,,,false,true,12,2024-04-01,2025-03-31,1
2024-05-07,68060,2024-03-31,,118974000000,-0.163,,,,,12206000000,-0.431,20734000000,-0.303,16222000000,,-0.306,473.05,,,,,,,,,,,,,,,,,,,,,,false,true,12,2023-04-01,2024-03-31,0
2024-05-07,68060,2023-03-31,,142134000000,,,,,,21467000000,,29751000000,,23364000000,,,675.50,,,,,,,,,,,,,,,,,,,,,,false,false,12,2022-04-01,2023-03-31,-1
2024-08-01,6806,2025-03-31,1,,,,,,,10261000000,0.133,,,,8404000000,,248.41,248.40,,,,,415704000000,,,,,,,,,,,,,,,,true,false,3,2024-04-01,2024-06-30,0
2024-08-01,6806,2024-03-31,1,,,,,,,9057000000,-0.302,,,,6021000000,,174.89,174.87,,,,,,,,,,,,,,,,,,,,,true,false,3,2023-04-01,2023-06-30,-1
2024-08-01,6806,2025-03-31,1,,,,,,,16000000000,-0.069,,,,12000000000,,354.71,,,,,,,,,,,,,,,,,,,,,,true,true,6,2024-04-01,2024-09-30,0
2024-08-01,6806,2025-03-31,1,,,,,,,36000000000,0.058,,,,28000000000,,827.65,,,,,,,,,,,,,,,,,,,,,,true,true,12,2024-04-01,2025-03-31,0
2024-08-01,6806,2024-03-31,1,,,,,,,,,,,,,,,,,,,,403450000000,,,,,,,,,,,,,,,,true,false,12,2023-04-01,2024-03-31,-1
2024-08-01,6806,2024-03-31,1,,,,,,,,,,,,,,,,,,,,,,,,,,,,,440.00,,,,36250438,2419652,,false,false,12,2023-04-01,2024-03-31,-1
2024-08-01,6806,2025-03-31,1,,,,,,,,,,,,,,,,,,,,,,,,,,,,,490.00,,,,,,,false,true,12,2024-04-01,2025-03-31,0
2024-08-01,6806,2025-03-31,1,,,,,,,,,,,,,,,,,,,,,,,,,,,,,,,,,35693969,1860220,33831643,false,false,3,2024-04-01,2024-06-30,0
2024-08-01,6806,2024-03-31,1,,,,,,,,,,,,,,,,,,,,,,,,,,,,,,,,,,,34429048,false,false,3,2023-04-01,2023-06-30,-1
2024-11-01,6806,2025-03-31,2,,,,,,,22216000000,0.292,,,,17531000000,,518.17,518.17,,,,,414715000000,,,,,,,,,,,,,,,,true,false,6,2024-04-01,2024-09-30,0
2024-11-01,6806,2024-03-31,2,,,,,,,17191000000,-0.367,,,,12597000000,,365.87,365.83,,,,,,,,,,,,,,,,,,,,,true,false,6,2023-04-01,2023-09-30,-1
2024-11-01,6806,2025-03-31,2,,,,,,,38000000000,0.117,,,,30000000000,,886.68,,,,,,,,,,,,,,,,,,,,,,true,true,12,2024-04-01,2025-03-31,0
2024-11-01,6806,2024-03-31,2,,,,,,,,,,,,,,,,,,,,403450000000,,,,,,,,,,,,,,,,true,false,12,2023-04-01,2024-03-31,-1
2024-11-01,6806,2024-03-31,2,,,,,,,,,,,,,,,,,,,,,,,,,,,,,440.00,,,,36250438,2419652,,false,false,12,2023-04-01,2024-03-31,-1
2024-11-01,6806,2025-03-31,2,,,,,,,,,,,,,,,,,,,,,,,,,,,,,245.00,,,,,,,false,false,12,2024-04-01,2025-03-31,0
2024-11-01,6806,2025-03-31,2,,,,,,,,,,,,,,,,,,,,,,,,,,,,,490.00,,,,,,,false,true,12,2024-04-01,2025-03-31,0
2024-11-01,6806,2025-03-31,2,,,,,,,,,,,,,,,,,,,,,,,,,,,,,,,,,35693969,1858459,33832913,false,false,6,2024-04-01,2024-09-30,0
2024-11-01,6806,2024-03-31,2,,,,,,,,,,,,,,,,,,,,,,,,,,,,,,,,,,,34430998,false,false,6,2023-04-01,2023-09-30,-1
2025-02-03,6806,2025-03-31,3,,,,,,,34215000000,0.256,,,,27583000000,,815.25,815.25,,,,,422293000000,,,,,,,,,,,,,,,,true,false,9,2024-04-01,2024-12-31,0
2025-02-03,6806,2024-03-31,3,,,,,,,27231000000,-0.314,,,,20714000000,,602.04,601.99,,,,,,,,,,,,,,,,,,,,,true,false,9,2023-04-01,2023-12-31,-1
2025-02-03,6806,2025-03-31,3,,,,,,,42000000000,0.235,,,,32000000000,,945.79,,,,,,,,,,,,,,,,,,,,,,true,true,12,2024-04-01,2025-03-31,0
2025-02-03,6806,2024-03-31,3,,,,,,,,,,,,,,,,,,,,403450000000,,,,,,,,,,,,,,,,true,false,12,2023-04-01,2024-03-31,-1
2025-02-03,6806,2024-03-31,3,,,,,,,,,,,,,,,,,,,,,,,,,,,,,440.00,,,,36250438,2419652,,false,false,12,2023-04-01,2024-03-31,-1
2025-02-03,6806,2025-03-31,3,,,,,,,,,,,,,,,,,,,,,,,,,,,,,245.00,,,,,,,false,false,12,2024-04-01,2025-03-31,0
2025-02-03,6806,2025-03-31,3,,,,,,,,,,,,,,,,,,,,,,,,,,,,,490.00,,,,,,,false,true,12,2024-04-01,2025-03-31,0
2025-02-03,6806,2025-03-31,3,,,,,,,,,,,,,,,,,,,,,,,,,,,,,,,,,35693969,1858459,33833750,false,false,9,2024-04-01,2024-12-31,0
2025-02-03,6806,2024-03-31,3,,,,,,,,,,,,,,,,,,,,,,,,,,,,,,,,,,,34405938,false,false,9,2023-04-01,2023-12-31,-1
2025-05-09,6806,2025-03-31,,,,,,,,42672000000,0.254,,,,33033000000,,976.33,976.33,,,,,416866000000,,,,,55682000000,-42947000000,-16671000000,,,0.502,,,,,,true,false,12,2024-04-01,2025-03-31,0
2025-05-09,6806,2024-03-31,,,,,,,,34017000000,-0.272,,,,26480000000,,772.38,772.33,,,,,403450000000,,,,,41049000000,-13935000000,-28187000000,,,0.570,,,,,,true,false,12,2023-04-01,2024-03-31,-1
2025-05-09,6806,2026-03-31,,,,,,,,19500000000,-0.122,,,,14000000000,,413.77,,,,,,,,,,,,,,,,,,,,,,true,true,6,2025-04-01,2025-09-30,1
2025-05-09,6806,2026-03-31,,,,,,,,38500000000,-0.098,,,,28000000000,,827.53,,,,,,,,,,,,,,,,0.592,,,,,,true,true,12,2025-04-01,2026-03-31,1
2025-05-09,6806,2024-03-31,,,,,,,,,,,,,,,,,,,,,,,,,,,,,,440.00,,,,36250438,2419652,34283724,false,false,12,2023-04-01,2024-03-31,-1
2025-05-09,6806,2025-03-31,,,,,,,,,,,,,,,,,,,,,,,,,,,,,,490.00,,,,35693969,1858461,33834183,false,false,12,2024-04-01,2025-03-31,0
2025-05-09,6806,2026-03-31,,,,,,,,,,,,,,,,,,,,,,,,,,,,,,490.00,,,,,,,false,true,12,2025-04-01,2026-03-31,1
