filing_date,code,fiscal_year_end,quarterly_period,net_sales,net_sales_change,revenue,revenue_change,operating_revenue,operating_revenue_change,operating_profit,operating_profit_change,ordinary_profit,ordinary_profit_change,net_income,net_income_of_parent,net_income_change,eps,diluted_eps,roe,roa,operating_profit_to_net_sales,operating_profit_to_revenue,total_assets,net_assets,equity_ratio,bps,owner_equity,operating_cash_flow,investing_cash_flow,financing_cash_flow,cash,dividend_per_share,payout_ratio,commemorative_dividend,extra_dividend,number_of_shares,number_of_treqsury_shares,avg_number_of_shares,is_consolidated,is_forecast,duration,period_start,period_end,period_pos
2015-07-29,68100,2016-03-31,1,37335000000,0.041,,,,,1276000000,0.681,1450000000,1.531,,1133000000,,21.44,,,,,,159648000000,119310000000,0.735,,117320000000,,,,,,,,,,,,true,false,3,2015-04-01,2015-06-30,0
2015-07-29,68100,2015-03-31,1,35870000000,0.220,,,,,759000000,0.773,573000000,-0.274,,451000000,,8.53,,,,,,,,,,,,,,,,,,,,,,true,false,3,2014-04-01,2014-06-30,-1
2015-07-29,68100,2016-03-31,1,76000000000,0.006,,,,,2150000000,0.041,1950000000,-0.183,,1400000000,,26.49,,,,,,,,,,,,,,,,,,,,,,true,true,6,2015-04-01,2015-09-30,0
2015-07-29,68100,2016-03-31,1,157000000000,0.006,,,,,6500000000,0.252,6100000000,0.115,,4800000000,,90.84,,,,,,,,,,,,,,,,,,,,,,true,true,12,2015-04-01,2016-03-31,0
2015-07-29,68100,2015-03-31,1,,,,,,,,,,,,,,,,,,,,160452000000,118743000000,0.728,,116848000000,,,,,,,,,,,,true,false,12,2014-04-01,2015-03-31,-1
2015-07-29,68100,2015-03-31,1,,,,,,,,,,,,,,,,,,,,,,,,,,,,,63.00,,,,53341500,500025,,false,false,12,2014-04-01,2015-03-31,-1
2015-07-29,68100,2016-03-31,1,,,,,,,,,,,,,,,,,,,,,,,,,,,,,36.00,,,,,,,false,true,12,2015-04-01,2016-03-31,0
2015-07-29,68100,2016-03-31,1,,,,,,,,,,,,,,,,,,,,,,,,,,,,,,,,,53341500,500025,52841475,false,false,3,2015-04-01,2015-06-30,0
2015-07-29,68100,2015-03-31,1,,,,,,,,,,,,,,,,,,,,,,,,,,,,,,,,,,,52841487,false,false,3,2014-04-01,2014-06-30,-1
2015-10-20,68100,2016-03-31,,78500000000,0.033,,,,,3600000000,0.674,3700000000,0.897,,2800000000,,52.99,,,,,,,,,,,,,,,,,,,,,,true,true,6,2015-04-01,2015-09-30,0
2015-10-20,68100,2015-03-31,,75522000000,,,,,,2065000000,,2386000000,,,1758000000,,33.27,,,,,,,,,,,,,,,,,,,,,,true,false,6,2014-04-01,2014-09-30,-1
2015-10-26,68100,2016-03-31,2,78566000000,0.040,,,,,3657000000,0.771,3753000000,0.573,,2861000000,,54.14,,,,,,161663000000,119426000000,0.726,,117375000000,,,,,,,,,,,,true,false,6,2015-04-01,2015-09-30,0
2015-10-26,68100,2015-03-31,2,75522000000,0.089,,,,,2065000000,0.003,2386000000,-0.006,,1758000000,,33.27,,,,,,,,,,,,,,,,,,,,,,true,false,6,2014-04-01,2014-09-30,-1
2015-10-26,68100,2016-03-31,2,157000000000,0.006,,,,,6500000000,0.252,6100000000,0.115,,4800000000,,90.84,,,,,,,,,,,,,,,,,,,,,,true,true,12,2015-04-01,2016-03-31,0
2015-10-26,68100,2015-03-31,2,,,,,,,,,,,,,,,,,,,,160452000000,118743000000,0.728,,116848000000,,,,,,,,,,,,true,false,12,2014-04-01,2015-03-31,-1
2015-10-26,68100,2015-03-31,2,,,,,,,,,,,,,,,,,,,,,,,,,,,,,63.00,,,,53341500,500025,,false,false,12,2014-04-01,2015-03-31,-1
2015-10-26,68100,2016-03-31,2,,,,,,,,,,,,,,,,,,,,,,,,,,,,,18.00,,,,,,,false,false,12,2015-04-01,2016-03-31,0
2015-10-26,68100,2016-03-31,2,,,,,,,,,,,,,,,,,,,,,,,,,,,,,36.00,,,,,,,false,true,12,2015-04-01,2016-03-31,0
2015-10-26,68100,2016-03-31,2,,,,,,,,,,,,,,,,,,,,,,,,,,,,,,,,,53341500,500025,52841475,false,false,6,2015-04-01,2015-09-30,0
2015-10-26,68100,2015-03-31,2,,,,,,,,,,,,,,,,,,,,,,,,,,,,,,,,,,,52841481,false,false,6,2014-04-01,2014-09-30,-1
2016-01-28,68100,2016-03-31,3,119164000000,0.013,,,,,5842000000,0.270,5699000000,0.081,,3751000000,,70.99,,,,,,160098000000,118979000000,0.732,,117124000000,,,,,,,,,,,,true,false,9,2015-04-01,2015-12-31,0
2016-01-28,68100,2015-03-31,3,117594000000,0.068,,,,,4601000000,-0.135,5273000000,-0.150,,-560000000,,-10.60,,,,,,,,,,,,,,,,,,,,,,true,false,9,2014-04-01,2014-12-31,-1
2016-01-28,68100,2016-03-31,3,157000000000,0.006,,,,,6500000000,0.252,6100000000,0.115,,4000000000,,75.70,,,,,,,,,,,,,,,,,,,,,,true,true,12,2015-04-01,2016-03-31,0
2016-01-28,68100,2015-03-31,3,,,,,,,,,,,,,,,,,,,,160452000000,118743000000,0.728,,116848000000,,,,,,,,,,,,true,false,12,2014-04-01,2015-03-31,-1
2016-01-28,68100,2015-03-31,3,,,,,,,,,,,,,,,,,,,,,,,,,,,,,63.00,,,,53341500,500025,,false,false,12,2014-04-01,2015-03-31,-1
2016-01-28,68100,2016-03-31,3,,,,,,,,,,,,,,,,,,,,,,,,,,,,,18.00,,,,,,,false,false,12,2015-04-01,2016-03-31,0
2016-01-28,68100,2016-03-31,3,,,,,,,,,,,,,,,,,,,,,,,,,,,,,36.00,,,,,,,false,true,12,2015-04-01,2016-03-31,0
2016-01-28,68100,2016-03-31,3,,,,,,,,,,,,,,,,,,,,,,,,,,,,,,,,,53341500,500025,52841475,false,false,9,2015-04-01,2015-12-31,0
2016-01-28,68100,2015-03-31,3,,,,,,,,,,,,,,,,,,,,,,,,,,,,,,,,,,,52841479,false,false,9,2014-04-01,2014-12-31,-1
2016-01-28,68100,2016-03-31,,157000000000,0.000,,,,,6500000000,0.000,6100000000,0.000,4000000000,,-0.166,75.70,,,,,,,,,,,,,,,,,,,,,,true,true,12,2015-04-01,2016-03-31,0
2016-01-28,68100,2015-03-31,,156033000000,,,,,,5190000000,,5470000000,,6820000000,,,129.07,,,,,,,,,,,,,,,,,,,,,,true,false,12,2014-04-01,2015-03-31,-1
2016-04-28,68100,2016-03-31,,156216000000,0.001,,,,,7306000000,0.408,6697000000,0.224,,3931000000,,74.39,,0.034,0.043,0.047,,154356000000,113826000000,0.726,2121.44,112100000000,14353000000,-6341000000,-2674000000,42017000000,,0.484,,,,,,true,false,12,2015-04-01,2016-03-31,0
2016-04-28,68100,2015-03-31,,156033000000,0.051,,,,,5190000000,-0.294,5470000000,-0.322,,6820000000,,129.07,,0.060,0.035,0.033,,160452000000,118743000000,0.728,2211.29,116848000000,5926000000,17827000000,-6499000000,38187000000,,0.488,,,,,,true,false,12,2014-04-01,2015-03-31,-1
2016-04-28,68100,2017-03-31,,69000000000,-0.122,,,,,2200000000,-0.398,2050000000,-0.454,,1300000000,,24.60,,,,,,,,,,,,,,,,,,,,,,true,true,6,2016-04-01,2016-09-30,1
2016-04-28,68100,2017-03-31,,140000000000,-0.104,,,,,6000000000,-0.179,5600000000,-0.164,,3900000000,,73.81,,,,,,,,,,,,,,,,0.488,,,,,,true,true,12,2016-04-01,2017-03-31,1
2016-04-28,68100,2015-03-31,,,,,,,,,,,,,,,,,,,,,,,,,,,,,,63.00,,,,53341500,500025,52841478,false,false,12,2014-04-01,2015-03-31,-1
2016-04-28,68100,2016-03-31,,,,,,,,,,,,,,,,,,,,,,,,,,,,,,36.00,,,,53341500,500025,52841475,false,false,12,2015-04-01,2016-03-31,0
2016-04-28,68100,2017-03-31,,,,,,,,,,,,,,,,,,,,,,,,,,,,,,36.00,,,,,,,false,true,12,2016-04-01,2017-03-31,1
2016-04-28,68100,2016-03-31,,113314000000,0.020,,,,,3679000000,0.158,3727000000,-0.040,2578000000,,-0.665,48.78,,,,,,,,,,,,,,,,,,,,,,true,true,12,2015-04-01,2016-03-31,0
2016-07-28,68100,2017-03-31,1,32698000000,-0.124,,,,,1113000000,-0.128,689000000,-0.525,,378000000,,7.15,,,,,,148635000000,109535000000,0.726,,107975000000,,,,,,,,,,,,true,false,3,2016-04-01,2016-06-30,0
2016-07-28,68100,2016-03-31,1,37335000000,0.041,,,,,1276000000,0.681,1450000000,1.531,,1133000000,,21.44,,,,,,,,,,,,,,,,,,,,,,true,false,3,2015-04-01,2015-06-30,-1
2016-07-28,68100,2017-03-31,1,69000000000,-0.122,,,,,2200000000,-0.398,2050000000,-0.454,,1300000000,,24.60,,,,,,,,,,,,,,,,,,,,,,true,true,6,2016-04-01,2016-09-30,0
2016-07-28,68100,2017-03-31,1,140000000000,-0.104,,,,,6000000000,-0.179,5600000000,-0.164,,3900000000,,73.81,,,,,,,,,,,,,,,,,,,,,,true,true,12,2016-04-01,2017-03-31,0
2016-07-28,68100,2016-03-31,1,,,,,,,,,,,,,,,,,,,,154356000000,113826000000,0.726,,112100000000,,,,,,,,,,,,true,false,12,2015-04-01,2016-03-31,-1
2016-07-28,68100,2016-03-31,1,,,,,,,,,,,,,,,,,,,,,,,,,,,,,36.00,,,,53341500,500025,,false,false,12,2015-04-01,2016-03-31,-1
2016-07-28,68100,2017-03-31,1,,,,,,,,,,,,,,,,,,,,,,,,,,,,,36.00,,,,,,,false,true,12,2016-04-01,2017-03-31,0
2016-07-28,68100,2017-03-31,1,,,,,,,,,,,,,,,,,,,,,,,,,,,,,,,,,53341500,500025,52841475,false,false,3,2016-04-01,2016-06-30,0
2016-07-28,68100,2016-03-31,1,,,,,,,,,,,,,,,,,,,,,,,,,,,,,,,,,,,52841475,false,false,3,2015-04-01,2015-06-30,-1
2016-10-27,68100,2017-03-31,2,65995000000,-0.160,,,,,2915000000,-0.203,2356000000,-0.372,,1695000000,,32.08,,,,,,149953000000,110561000000,0.727,,109021000000,,,,,,,,,,,,true,false,6,2016-04-01,2016-09-30,0
2016-10-27,68100,2016-03-31,2,78566000000,0.040,,,,,3657000000,0.771,3753000000,0.573,,2861000000,,54.14,,,,,,,,,,,,,,,,,,,,,,true,false,6,2015-04-01,2015-09-30,-1
2016-10-27,68100,2017-03-31,2,140000000000,-0.104,,,,,6000000000,-0.179,5600000000,-0.164,,3900000000,,73.81,,,,,,,,,,,,,,,,,,,,,,true,true,12,2016-04-01,2017-03-31,0
2016-10-27,68100,2016-03-31,2,,,,,,,,,,,,,,,,,,,,154356000000,113826000000,0.726,,112100000000,,,,,,,,,,,,true,false,12,2015-04-01,2016-03-31,-1
2016-10-27,68100,2016-03-31,2,,,,,,,,,,,,,,,,,,,,,,,,,,,,,36.00,,,,53341500,500025,,false,false,12,2015-04-01,2016-03-31,-1
2016-10-27,68100,2017-03-31,2,,,,,,,,,,,,,,,,,,,,,,,,,,,,,18.00,,,,,,,false,false,12,2016-04-01,2017-03-31,0
2016-10-27,68100,2017-03-31,2,,,,,,,,,,,,,,,,,,,,,,,,,,,,,36.00,,,,,,,false,true,12,2016-04-01,2017-03-31,0
2016-10-27,68100,2017-03-31,2,,,,,,,,,,,,,,,,,,,,,,,,,,,,,,,,,53341500,500025,52841475,false,false,6,2016-04-01,2016-09-30,0
2016-10-27,68100,2016-03-31,2,,,,,,,,,,,,,,,,,,,,,,,,,,,,,,,,,,,52841475,false,false,6,2015-04-01,2015-09-30,-1
2017-01-27,68100,2017-03-31,3,101054000000,-0.152,,,,,5279000000,-0.096,5167000000,-0.093,,3209000000,,60.73,,,,,,156860000000,115449000000,0.725,,113653000000,,,,,,,,,,,,true,false,9,2016-04-01,2016-12-31,0
2017-01-27,68100,2016-03-31,3,119164000000,0.013,,,,,5842000000,0.270,5699000000,0.081,,3751000000,,70.99,,,,,,,,,,,,,,,,,,,,,,true,false,9,2015-04-01,2015-12-31,-1
2017-01-27,68100,2017-03-31,3,140000000000,-0.104,,,,,6000000000,-0.179,5600000000,-0.164,,3900000000,,73.81,,,,,,,,,,,,,,,,,,,,,,true,true,12,2016-04-01,2017-03-31,0
2017-01-27,68100,2016-03-31,3,,,,,,,,,,,,,,,,,,,,154356000000,113826000000,0.726,,112100000000,,,,,,,,,,,,true,false,12,2015-04-01,2016-03-31,-1
2017-01-27,68100,2016-03-31,3,,,,,,,,,,,,,,,,,,,,,,,,,,,,,36.00,,,,53341500,500025,,false,false,12,2015-04-01,2016-03-31,-1
2017-01-27,68100,2017-03-31,3,,,,,,,,,,,,,,,,,,,,,,,,,,,,,18.00,,,,,,,false,false,12,2016-04-01,2017-03-31,0
2017-01-27,68100,2017-03-31,3,,,,,,,,,,,,,,,,,,,,,,,,,,,,,36.00,,,,,,,false,true,12,2016-04-01,2017-03-31,0
2017-01-27,68100,2017-03-31,3,,,,,,,,,,,,,,,,,,,,,,,,,,,,,,,,,53341500,500025,52841475,false,false,9,2016-04-01,2016-12-31,0
2017-01-27,68100,2016-03-31,3,,,,,,,,,,,,,,,,,,,,,,,,,,,,,,,,,,,52841475,false,false,9,2015-04-01,2015-12-31,-1
2017-04-27,68100,2017-03-31,,135116000000,-0.135,,,,,7567000000,0.036,7387000000,0.103,,5724000000,,108.32,,0.050,0.047,0.056,,159464000000,118140000000,0.730,2203.19,116420000000,11971000000,-2342000000,-2031000000,48901000000,,0.332,,,,,,true,false,12,2016-04-01,2017-03-31,0
2017-04-27,68100,2016-03-31,,156216000000,0.001,,,,,7306000000,0.408,6697000000,0.224,,3931000000,,74.39,,0.034,0.043,0.047,,154356000000,113826000000,0.726,2121.44,112100000000,14353000000,-6341000000,-2674000000,42017000000,,0.484,,,,,,true,false,12,2015-04-01,2016-03-31,-1
2017-04-27,68100,2018-03-31,,140000000000,0.036,,,,,8000000000,0.057,,,,5000000000,,94.62,,,,,,,,,,,,,,,,0.380,,,,,,true,true,12,2017-04-01,2018-03-31,1
2017-04-27,68100,2016-03-31,,,,,,,,,,,,,,,,,,,,,,,,,,,,,,36.00,,,,53341500,500025,52841475,false,false,12,2015-04-01,2016-03-31,-1
2017-04-27,68100,2017-03-31,,,,,,,,,,,,,,,,,,,,,,,,,,,,,,36.00,,,,53341500,500025,52841475,false,false,12,2016-04-01,2017-03-31,0
2017-04-27,68100,2018-03-31,,,,,,,,,,,,,,,,,,,,,,,,,,,,,,36.00,,,,,,,false,true,12,2017-04-01,2018-03-31,1
2017-07-28,68100,2018-03-31,1,33543000000,0.026,,,,,2084000000,0.872,2053000000,1.980,,1442000000,,27.29,,,,,,161842000000,119082000000,0.725,,117343000000,,,,,,,,,,,,true,false,3,2017-04-01,2017-06-30,0
2017-07-28,68100,2017-03-31,1,32698000000,-0.124,,,,,1113000000,-0.128,689000000,-0.525,,378000000,,7.15,,,,,,,,,,,,,,,,,,,,,,true,false,3,2016-04-01,2016-06-30,-1
2017-07-28,68100,2018-03-31,1,140000000000,0.036,,,,,8000000000,0.057,,,,5000000000,,94.62,,,,,,,,,,,,,,,,,,,,,,true,true,12,2017-04-01,2018-03-31,0
2017-07-28,68100,2017-03-31,1,,,,,,,,,,,,,,,,,,,,159464000000,118140000000,0.730,,116420000000,,,,,,,,,,,,true,false,12,2016-04-01,2017-03-31,-1
2017-07-28,68100,2017-03-31,1,,,,,,,,,,,,,,,,,,,,,,,,,,,,,36.00,,,,53341500,500025,,false,false,12,2016-04-01,2017-03-31,-1
2017-07-28,68100,2018-03-31,1,,,,,,,,,,,,,,,,,,,,,,,,,,,,,36.00,,,,,,,false,true,12,2017-04-01,2018-03-31,0
2017-07-28,68100,2018-03-31,1,,,,,,,,,,,,,,,,,,,,,,,,,,,,,,,,,53341500,500025,52841475,false,false,3,2017-04-01,2017-06-30,0
2017-07-28,68100,2017-03-31,1,,,,,,,,,,,,,,,,,,,,,,,,,,,,,,,,,,,52841475,false,false,3,2016-04-01,2016-06-30,-1
2017-10-27,68100,2018-03-31,2,73000000000,0.106,,,,,4579000000,0.571,4506000000,0.913,,4103000000,,77.65,,,,,,168708000000,122956000000,0.718,,121162000000,,,,,,,,,,,,true,false,6,2017-04-01,2017-09-30,0
2017-10-27,68100,2017-03-31,2,65995000000,-0.160,,,,,2915000000,-0.203,2356000000,-0.372,,1695000000,,32.08,,,,,,,,,,,,,,,,,,,,,,true,false,6,2016-04-01,2016-09-30,-1
2017-10-27,68100,2018-03-31,2,140000000000,0.036,,,,,8000000000,0.057,,,,5000000000,,94.62,,,,,,,,,,,,,,,,,,,,,,true,true,12,2017-04-01,2018-03-31,0
2017-10-27,68100,2017-03-31,2,,,,,,,,,,,,,,,,,,,,159464000000,118140000000,0.730,,116420000000,,,,,,,,,,,,true,false,12,2016-04-01,2017-03-31,-1
2017-10-27,68100,2017-03-31,2,,,,,,,,,,,,,,,,,,,,,,,,,,,,,36.00,,,,53341500,500025,,false,false,12,2016-04-01,2017-03-31,-1
2017-10-27,68100,2018-03-31,2,,,,,,,,,,,,,,,,,,,,,,,,,,,,,18.00,,,,,,,false,false,12,2017-04-01,2018-03-31,0
2017-10-27,68100,2018-03-31,2,,,,,,,,,,,,,,,,,,,,,,,,,,,,,36.00,,,,,,,false,true,12,2017-04-01,2018-03-31,0
2017-10-27,68100,2018-03-31,2,,,,,,,,,,,,,,,,,,,,,,,,,,,,,,,,,53341500,500025,52841475,false,false,6,2017-04-01,2017-09-30,0
2017-10-27,68100,2017-03-31,2,,,,,,,,,,,,,,,,,,,,,,,,,,,,,,,,,,,52841475,false,false,6,2016-04-01,2016-09-30,-1
2018-01-30,68100,2018-03-31,3,111893000000,0.107,,,,,7776000000,0.473,7743000000,0.499,,6500000000,,123.01,,,,,,171799000000,125265000000,0.718,,123407000000,,,,,,,,,,,,true,false,9,2017-04-01,2017-12-31,0
2018-01-30,68100,2017-03-31,3,101054000000,-0.152,,,,,5279000000,-0.096,5167000000,-0.093,,3209000000,,60.73,,,,,,,,,,,,,,,,,,,,,,true,false,9,2016-04-01,2016-12-31,-1
2018-01-30,68100,2018-03-31,3,150000000000,0.110,,,,,9000000000,0.189,,,,6700000000,,126.79,,,,,,,,,,,,,,,,,,,,,,true,true,12,2017-04-01,2018-03-31,0
2018-01-30,68100,2017-03-31,3,,,,,,,,,,,,,,,,,,,,159464000000,118140000000,0.730,,116420000000,,,,,,,,,,,,true,false,12,2016-04-01,2017-03-31,-1
2018-01-30,68100,2017-03-31,3,,,,,,,,,,,,,,,,,,,,,,,,,,,,,36.00,,,,53341500,500025,,false,false,12,2016-04-01,2017-03-31,-1
2018-01-30,68100,2018-03-31,3,,,,,,,,,,,,,,,,,,,,,,,,,,,,,18.00,,,,,,,false,false,12,2017-04-01,2018-03-31,0
2018-01-30,68100,2018-03-31,3,,,,,,,,,,,,,,,,,,,,,,,,,,,,,36.00,,,,,,,false,true,12,2017-04-01,2018-03-31,0
2018-01-30,68100,2018-03-31,3,,,,,,,,,,,,,,,,,,,,,,,,,,,,,,,,,53341500,500625,52841418,false,false,9,2017-04-01,2017-12-31,0
2018-01-30,68100,2017-03-31,3,,,,,,,,,,,,,,,,,,,,,,,,,,,,,,,,,,,52841475,false,false,9,2016-04-01,2016-12-31,-1
2018-04-27,68100,2018-03-31,,148198000000,0.097,,,,,8848000000,0.169,8567000000,0.160,,7127000000,,134.88,,0.060,0.052,0.060,,170523000000,122794000000,0.710,2290.22,121017000000,7797000000,-8920000000,-2127000000,45539000000,,0.326,,,,,,true,false,12,2017-04-01,2018-03-31,0
2018-04-27,68100,2017-03-31,,135116000000,-0.135,,,,,7567000000,0.036,7387000000,0.103,,5724000000,,108.32,,0.050,0.047,0.056,,159464000000,118140000000,0.730,2203.19,116420000000,11971000000,-2342000000,-2031000000,48901000000,,0.332,,,,,,true,false,12,2016-04-01,2017-03-31,-1
2018-04-27,68100,2019-03-31,,152000000000,0.026,,,,,9000000000,0.017,,,,5900000000,,111.66,,,,,,,,,,,,,,,,0.322,,,,,,true,true,12,2018-04-01,2019-03-31,1
2018-04-27,68100,2017-03-31,,,,,,,,,,,,,,,,,,,,,,,,,,,,,,36.00,,,,53341500,500025,52841475,false,false,12,2016-04-01,2017-03-31,-1
2018-04-27,68100,2018-03-31,,,,,,,,,,,,,,,,,,,,,,,,,,,,,,44.00,,,,53341500,500664,52841285,false,false,12,2017-04-01,2018-03-31,0
2018-04-27,68100,2019-03-31,,,,,,,,,,,,,,,,,,,,,,,,,,,,,,36.00,,,,,,,false,true,12,2018-04-01,2019-03-31,1
2018-04-27,68100,2018-03-31,,55639000000,,,,,,3253000000,,3589000000,,3518000000,,,66.58,,,,,,,,,,,,,,,,,,,,,,true,true,12,2017-04-01,2018-03-31,0
2018-04-27,68100,2017-03-31,,100540000000,,,,,,5404000000,,5489000000,,3936000000,,,74.50,,,,,,,,,,,,,,,,,,,,,,true,false,12,2016-04-01,2017-03-31,-1
2018-07-31,68100,2019-03-31,1,33866000000,0.010,,,,,1355000000,-0.347,1872000000,-0.084,,1096000000,,20.74,,,,,,168718000000,122505000000,0.716,,120733000000,,,,,,,,,,,,true,false,3,2018-04-01,2018-06-30,0
2018-07-31,68100,2018-03-31,1,33543000000,0.026,,,,,2074000000,0.863,2043000000,1.965,,1443000000,,27.31,,,,,,,,,,,,,,,,,,,,,,true,false,3,2017-04-01,2017-06-30,-1
2018-07-31,68100,2019-03-31,1,152000000000,0.026,,,,,9000000000,0.017,,,,5900000000,,111.66,,,,,,,,,,,,,,,,,,,,,,true,true,12,2018-04-01,2019-03-31,0
2018-07-31,68100,2018-03-31,1,,,,,,,,,,,,,,,,,,,,168230000000,122794000000,0.719,,121017000000,,,,,,,,,,,,true,false,12,2017-04-01,2018-03-31,-1
2018-07-31,68100,2018-03-31,1,,,,,,,,,,,,,,,,,,,,,,,,,,,,,44.00,,,,53341500,500664,,false,false,12,2017-04-01,2018-03-31,-1
2018-07-31,68100,2019-03-31,1,,,,,,,,,,,,,,,,,,,,,,,,,,,,,36.00,,,,,,,false,true,12,2018-04-01,2019-03-31,0
2018-07-31,68100,2019-03-31,1,,,,,,,,,,,,,,,,,,,,,,,,,,,,,,,,,53341500,500664,52840836,false,false,3,2018-04-01,2018-06-30,0
2018-07-31,68100,2018-03-31,1,,,,,,,,,,,,,,,,,,,,,,,,,,,,,,,,,,,52841475,false,false,3,2017-04-01,2017-06-30,-1
2018-10-30,68100,2019-03-31,2,70609000000,-0.033,,,,,2693000000,-0.409,3644000000,-0.187,,2066000000,,39.10,,,,,,172647000000,123963000000,0.707,,122142000000,,,,,,,,,,,,true,false,6,2018-04-01,2018-09-30,0
2018-10-30,68100,2018-03-31,2,73000000000,0.106,,,,,4554000000,0.562,4481000000,0.902,,4105000000,,77.69,,,,,,,,,,,,,,,,,,,,,,true,false,6,2017-04-01,2017-09-30,-1
2018-10-30,68100,2019-03-31,2,152000000000,0.026,,,,,6000000000,-0.322,,,,4900000000,,92.73,,,,,,,,,,,,,,,,,,,,,,true,true,12,2018-04-01,2019-03-31,0
2018-10-30,68100,2018-03-31,2,,,,,,,,,,,,,,,,,,,,168230000000,122794000000,0.719,,121017000000,,,,,,,,,,,,true,false,12,2017-04-01,2018-03-31,-1
2018-10-30,68100,2018-03-31,2,,,,,,,,,,,,,,,,,,,,,,,,,,,,,44.00,,,,53341500,500664,,false,false,12,2017-04-01,2018-03-31,-1
2018-10-30,68100,2019-03-31,2,,,,,,,,,,,,,,,,,,,,,,,,,,,,,18.00,,,,,,,false,false,12,2018-04-01,2019-03-31,0
2018-10-30,68100,2019-03-31,2,,,,,,,,,,,,,,,,,,,,,,,,,,,,,36.00,,,,,,,false,true,12,2018-04-01,2019-03-31,0
2018-10-30,68100,2019-03-31,2,,,,,,,,,,,,,,,,,,,,,,,,,,,,,,,,,53341500,500664,52840836,false,false,6,2018-04-01,2018-09-30,0
2018-10-30,68100,2018-03-31,2,,,,,,,,,,,,,,,,,,,,,,,,,,,,,,,,,,,52841475,false,false,6,2017-04-01,2017-09-30,-1
2019-01-30,68100,2019-03-31,3,108161000000,-0.033,,,,,3844000000,-0.503,4891000000,-0.365,,2999000000,,56.76,,,,,,170576000000,122276000000,0.706,,120413000000,,,,,,,,,,,,true,false,9,2018-04-01,2018-12-31,0
2019-01-30,68100,2018-03-31,3,111893000000,0.107,,,,,7736000000,0.465,7703000000,0.491,,6504000000,,123.09,,,,,,,,,,,,,,,,,,,,,,true,false,9,2017-04-01,2017-12-31,-1
2019-01-30,68100,2019-03-31,3,152000000000,0.026,,,,,6000000000,-0.322,,,,4900000000,,92.73,,,,,,,,,,,,,,,,,,,,,,true,true,12,2018-04-01,2019-03-31,0
2019-01-30,68100,2018-03-31,3,,,,,,,,,,,,,,,,,,,,168230000000,122794000000,0.719,,121017000000,,,,,,,,,,,,true,false,12,2017-04-01,2018-03-31,-1
2019-01-30,68100,2018-03-31,3,,,,,,,,,,,,,,,,,,,,,,,,,,,,,44.00,,,,53341500,500664,,false,false,12,2017-04-01,2018-03-31,-1
2019-01-30,68100,2019-03-31,3,,,,,,,,,,,,,,,,,,,,,,,,,,,,,18.00,,,,,,,false,false,12,2018-04-01,2019-03-31,0
2019-01-30,68100,2019-03-31,3,,,,,,,,,,,,,,,,,,,,,,,,,,,,,36.00,,,,,,,false,true,12,2018-04-01,2019-03-31,0
2019-01-30,68100,2019-03-31,3,,,,,,,,,,,,,,,,,,,,,,,,,,,,,,,,,53341500,500666,52840836,false,false,9,2018-04-01,2018-12-31,0
2019-01-30,68100,2018-03-31,3,,,,,,,,,,,,,,,,,,,,,,,,,,,,,,,,,,,52841429,false,false,9,2017-04-01,2017-12-31,-1
2019-04-26,68100,2019-03-31,,150584000000,0.016,,,,,5424000000,-0.387,6591000000,-0.231,,5311000000,,100.51,,0.044,0.036,0.036,,199385000000,125505000000,0.617,2328.41,123035000000,573000000,-46326000000,22608000000,22685000000,,0.358,,,,,,true,false,12,2018-04-01,2019-03-31,0
2019-04-26,68100,2018-03-31,,148198000000,0.097,,,,,8848000000,0.169,8567000000,0.160,,7127000000,,134.88,,0.060,0.053,0.060,,168230000000,122794000000,0.719,2290.22,121017000000,7797000000,-8920000000,-2127000000,45539000000,,0.326,,,,,,true,false,12,2017-04-01,2018-03-31,-1
2019-04-26,68100,2020-03-31,,167000000000,0.109,,,,,5000000000,-0.078,,,,3000000000,,56.77,,,,,,,,,,,,,,,,5.038,,,,,,true,true,12,2019-04-01,2020-03-31,1
2019-04-26,68100,2018-03-31,,,,,,,,,,,,,,,,,,,,,,,,,,,,,,44.00,,,,53341500,500664,52841285,false,false,12,2017-04-01,2018-03-31,-1
2019-04-26,68100,2019-03-31,,,,,,,,,,,,,,,,,,,,,,,,,,,,,,36.00,,,250.00,53341500,500666,52840835,false,false,12,2018-04-01,2019-03-31,0
2019-04-26,68100,2020-03-31,,,,,,,,,,,,,,,,,,,,,,,,,,,,,,286.00,,,,,,,false,true,12,2019-04-01,2020-03-31,1
2019-07-30,68100,2020-03-31,1,36422000000,0.075,,,,,314000000,-0.768,329000000,-0.824,,152000000,,2.88,,,,,,197156000000,123212000000,0.614,,120999000000,,,,,,,,,,,,true,false,3,2019-04-01,2019-06-30,0
2019-07-30,68100,2019-03-31,1,33866000000,0.010,,,,,1355000000,-0.347,1872000000,-0.084,,1096000000,,20.74,,,,,,,,,,,,,,,,,,,,,,true,false,3,2018-04-01,2018-06-30,-1
2019-07-30,68100,2020-03-31,1,167000000000,0.109,,,,,5000000000,-0.078,,,,3000000000,,56.79,,,,,,,,,,,,,,,,,,,,,,true,true,12,2019-04-01,2020-03-31,0
2019-07-30,68100,2019-03-31,1,,,,,,,,,,,,,,,,,,,,199385000000,125505000000,0.617,,123035000000,,,,,,,,,,,,true,false,12,2018-04-01,2019-03-31,-1
2019-07-30,68100,2019-03-31,1,,,,,,,,,,,,,,,,,,,,,,,,,,,,,36.00,,,,53341500,500666,,false,false,12,2018-04-01,2019-03-31,-1
2019-07-30,68100,2020-03-31,1,,,,,,,,,,,,,,,,,,,,,,,,,,,,,250.00,,,,,,,false,false,12,2019-04-01,2020-03-31,0
2019-07-30,68100,2020-03-31,1,,,,,,,,,,,,,,,,,,,,,,,,,,,,,286.00,,,,,,,false,true,12,2019-04-01,2020-03-31,0
2019-07-30,68100,2020-03-31,1,,,,,,,,,,,,,,,,,,,,,,,,,,,,,,,,250.00,53341500,520666,52829405,false,false,3,2019-04-01,2019-06-30,0
2019-07-30,68100,2019-03-31,1,,,,,,,,,,,,,,,,,,,,,,,,,,,,,,,,,,,52840836,false,false,3,2018-04-01,2018-06-30,-1
2019-10-30,68100,2020-03-31,2,73599000000,0.042,,,,,702000000,-0.739,789000000,-0.783,,817000000,,15.60,,,,,,197176000000,108042000000,0.536,,105610000000,,,,,,,,,,,,true,false,6,2019-04-01,2019-09-30,0
2019-10-30,68100,2019-03-31,2,70609000000,-0.033,,,,,2693000000,-0.409,3644000000,-0.187,,2066000000,,39.10,,,,,,,,,,,,,,,,,,,,,,true,false,6,2018-04-01,2018-09-30,-1
2019-10-30,68100,2020-03-31,2,167000000000,0.109,,,,,5000000000,-0.078,,,,3000000000,,57.29,,,,,,,,,,,,,,,,,,,,,,true,true,12,2019-04-01,2020-03-31,0
2019-10-30,68100,2019-03-31,2,,,,,,,,,,,,,,,,,,,,199385000000,125505000000,0.617,,123035000000,,,,,,,,,,,,true,false,12,2018-04-01,2019-03-31,-1
2019-10-30,68100,2019-03-31,2,,,,,,,,,,,,,,,,,,,,,,,,,,,,,36.00,,,,53341500,500666,,false,false,12,2018-04-01,2019-03-31,-1
2019-10-30,68100,2020-03-31,2,,,,,,,,,,,,,,,,,,,,,,,,,,,,,18.00,,,,,,,false,false,12,2019-04-01,2020-03-31,0
2019-10-30,68100,2020-03-31,2,,,,,,,,,,,,,,,,,,,,,,,,,,,,,286.00,,,,,,,false,true,12,2019-04-01,2020-03-31,0
2019-10-30,68100,2020-03-31,2,,,,,,,,,,,,,,,,,,,,,,,,,,,,,,,,,53341500,2275866,52360837,false,false,6,2019-04-01,2019-09-30,0
2019-10-30,68100,2019-03-31,2,,,,,,,,,,,,,,,,,,,,,,,,,,,,,,,,,,,52840836,false,false,6,2018-04-01,2018-09-30,-1
2020-01-30,68100,2020-03-31,3,111389000000,0.030,,,,,1410000000,-0.631,1454000000,-0.701,,1251000000,,24.22,,,,,,195871000000,106843000000,0.532,,104272000000,,,,,,,,,,,,true,false,9,2019-04-01,2019-12-31,0
2020-01-30,68100,2019-03-31,3,108161000000,-0.033,,,,,3823000000,-0.506,4870000000,-0.368,,3011000000,,56.98,,,,,,,,,,,,,,,,,,,,,,true,false,9,2018-04-01,2018-12-31,-1
2020-01-30,68100,2020-03-31,3,149000000000,-0.011,,,,,2000000000,-0.631,,,,1700000000,,32.92,,,,,,,,,,,,,,,,,,,,,,true,true,12,2019-04-01,2020-03-31,0
2020-01-30,68100,2019-03-31,3,,,,,,,,,,,,,,,,,,,,199385000000,125505000000,0.617,,123035000000,,,,,,,,,,,,true,false,12,2018-04-01,2019-03-31,-1
2020-01-30,68100,2019-03-31,3,,,,,,,,,,,,,,,,,,,,,,,,,,,,,36.00,,,,53341500,500666,,false,false,12,2018-04-01,2019-03-31,-1
2020-01-30,68100,2020-03-31,3,,,,,,,,,,,,,,,,,,,,,,,,,,,,,18.00,,,,,,,false,false,12,2019-04-01,2020-03-31,0
2020-01-30,68100,2020-03-31,3,,,,,,,,,,,,,,,,,,,,,,,,,,,,,286.00,,,,,,,false,true,12,2019-04-01,2020-03-31,0
2020-01-30,68100,2020-03-31,3,,,,,,,,,,,,,,,,,,,,,,,,,,,,,,,,,53341500,3882966,51641962,false,false,9,2019-04-01,2019-12-31,0
2020-01-30,68100,2019-03-31,3,,,,,,,,,,,,,,,,,,,,,,,,,,,,,,,,,,,52840836,false,false,9,2018-04-01,2018-12-31,-1
2020-03-10,68100,2020-03-31,,145000000000,-0.027,,,,,-700000000,,,,-4500000000,,,-87.14,,,,,,,,,,,,,,,,,,,,,,true,true,12,2019-04-01,2020-03-31,0
2020-03-10,68100,2019-03-31,,150584000000,,,,,,5424000000,,,,5311000000,,,100.51,,,,,,,,,,,,,,,,,,,,,,true,false,12,2018-04-01,2019-03-31,-1
,68100,2020-03-31,,,,,,,,,,,,,,,,,,,,,,,,,,,,,,268.00,,,,,,,false,true,12,2019-04-01,2020-03-31,0
,68100,2020-03-31,,,,,,,,,,,,,,,,,,,,,,,,,,,,,,18.00,,,,,,,false,false,12,2019-04-01,2020-03-31,0
,68100,2019-03-31,,,,,,,,,,,,,,,,,,,,,,,,,,,,,,36.00,,,,,,,false,false,12,2018-04-01,2019-03-31,-1
2020-05-13,68100,2020-03-31,,145041000000,-0.037,,,,,-137000000,,76000000,-0.988,,-10487000000,,-205.23,,-0.098,0.000,-0.001,,178873000000,92912000000,0.506,1828.68,90444000000,14226000000,-12098000000,-1791000000,22418000000,,,,,,,,true,false,12,2019-04-01,2020-03-31,0
2020-05-13,68100,2019-03-31,,150584000000,0.016,,,,,5424000000,-0.387,6591000000,-0.231,,5311000000,,100.51,,0.044,0.036,0.036,,199385000000,125505000000,0.617,2328.41,123035000000,573000000,-46326000000,22608000000,22685000000,,0.358,,,,,,true,false,12,2018-04-01,2019-03-31,-1
2020-05-13,68100,2021-03-31,,140000000000,-0.035,,,,,500000000,,,,,200000000,,4.04,,,,,,,,,,,,,,,,,,,,,,true,true,12,2020-04-01,2021-03-31,1
2020-05-13,68100,2019-03-31,,,,,,,,,,,,,,,,,,,,,,,,,,,,,,36.00,,,,53341500,500666,52840835,false,false,12,2018-04-01,2019-03-31,-1
2020-05-13,68100,2020-03-31,,,,,,,,,,,,,,,,,,,,,,,,,,,,,,268.00,,,,53341500,3882966,51099088,false,false,12,2019-04-01,2020-03-31,0
2020-05-13,68100,2021-03-31,,,,,,,,,,,,,,,,,,,,,,,,,,,,,,0.00,,,,,,,false,true,12,2020-04-01,2021-03-31,1
2020-07-30,68100,2021-03-31,1,29959000000,-0.177,,,,,-277000000,,-289000000,,,-501000000,,-10.13,,,,,,186380000000,92990000000,0.486,,90620000000,,,,,,,,,,,,true,false,3,2020-04-01,2020-06-30,0
2020-07-30,68100,2020-03-31,1,36422000000,0.075,,,,,314000000,-0.768,329000000,-0.824,,152000000,,2.88,,,,,,,,,,,,,,,,,,,,,,true,false,3,2019-04-01,2019-06-30,-1
2020-07-30,68100,2021-03-31,1,140000000000,-0.035,,,,,500000000,,,,,200000000,,4.04,,,,,,,,,,,,,,,,,,,,,,true,true,12,2020-04-01,2021-03-31,0
2020-07-30,68100,2020-03-31,1,,,,,,,,,,,,,,,,,,,,178873000000,92912000000,0.506,,90444000000,,,,,,,,,,,,true,false,12,2019-04-01,2020-03-31,-1
2020-07-30,68100,2020-03-31,1,,,,,,,,,,,,,,,,,,,,,,,,,,,,,268.00,,,,53341500,3882966,,false,false,12,2019-04-01,2020-03-31,-1
2020-07-30,68100,2021-03-31,1,,,,,,,,,,,,,,,,,,,,,,,,,,,,,0.00,,,,,,,false,true,12,2020-04-01,2021-03-31,0
2020-07-30,68100,2021-03-31,1,,,,,,,,,,,,,,,,,,,,,,,,,,,,,,,,,53341500,3882966,49458534,false,false,3,2020-04-01,2020-06-30,0
2020-07-30,68100,2020-03-31,1,,,,,,,,,,,,,,,,,,,,,,,,,,,,,,,,,,,52829405,false,false,3,2019-04-01,2019-06-30,-1
2020-10-29,68100,2021-03-31,2,63640000000,-0.135,,,,,827000000,0.178,816000000,0.034,,-844000000,,-17.06,,,,,,183826000000,88024000000,0.465,,85565000000,,,,,,,,,,,,true,false,6,2020-04-01,2020-09-30,0
2020-10-29,68100,2020-03-31,2,73599000000,0.042,,,,,702000000,-0.739,789000000,-0.783,,817000000,,15.60,,,,,,,,,,,,,,,,,,,,,,true,false,6,2019-04-01,2019-09-30,-1
2020-10-29,68100,2021-03-31,2,133000000000,-0.083,,,,,1500000000,,,,,-3400000000,,-68.74,,,,,,,,,,,,,,,,,,,,,,true,true,12,2020-04-01,2021-03-31,0
2020-10-29,68100,2020-03-31,2,,,,,,,,,,,,,,,,,,,,178873000000,92912000000,0.506,,90444000000,,,,,,,,,,,,true,false,12,2019-04-01,2020-03-31,-1
2020-10-29,68100,2020-03-31,2,,,,,,,,,,,,,,,,,,,,,,,,,,,,,268.00,,,,53341500,3882966,,false,false,12,2019-04-01,2020-03-31,-1
2020-10-29,68100,2021-03-31,2,,,,,,,,,,,,,,,,,,,,,,,,,,,,,0.00,,,,,,,false,false,12,2020-04-01,2021-03-31,0
2020-10-29,68100,2021-03-31,2,,,,,,,,,,,,,,,,,,,,,,,,,,,,,0.00,,,,,,,false,true,12,2020-04-01,2021-03-31,0
2020-10-29,68100,2021-03-31,2,,,,,,,,,,,,,,,,,,,,,,,,,,,,,,,,,53341500,3882166,49458726,false,false,6,2020-04-01,2020-09-30,0
2020-10-29,68100,2020-03-31,2,,,,,,,,,,,,,,,,,,,,,,,,,,,,,,,,,,,52360837,false,false,6,2019-04-01,2019-09-30,-1
2021-01-29,68100,2021-03-31,3,103336000000,-0.072,,,,,2849000000,1.021,2606000000,0.792,,-1144000000,,-23.13,,,,,,184397000000,88679000000,0.467,,86179000000,,,,,,,,,,,,true,false,9,2020-04-01,2020-12-31,0
2021-01-29,68100,2020-03-31,3,111389000000,0.030,,,,,1410000000,-0.631,1454000000,-0.701,,1251000000,,24.22,,,,,,,,,,,,,,,,,,,,,,true,false,9,2019-04-01,2019-12-31,-1
2021-01-29,68100,2021-03-31,3,137000000000,-0.055,,,,,3500000000,,,,,-1000000000,,-20.22,,,,,,,,,,,,,,,,,,,,,,true,true,12,2020-04-01,2021-03-31,0
2021-01-29,68100,2020-03-31,3,,,,,,,,,,,,,,,,,,,,178873000000,92912000000,0.506,,90444000000,,,,,,,,,,,,true,false,12,2019-04-01,2020-03-31,-1
2021-01-29,68100,2020-03-31,3,,,,,,,,,,,,,,,,,,,,,,,,,,,,,268.00,,,,53341500,3882966,,false,false,12,2019-04-01,2020-03-31,-1
2021-01-29,68100,2021-03-31,3,,,,,,,,,,,,,,,,,,,,,,,,,,,,,0.00,,,,,,,false,false,12,2020-04-01,2021-03-31,0
2021-01-29,68100,2021-03-31,3,,,,,,,,,,,,,,,,,,,,,,,,,,,,,0.00,,,,,,,false,true,12,2020-04-01,2021-03-31,0
2021-01-29,68100,2021-03-31,3,,,,,,,,,,,,,,,,,,,,,,,,,,,,,,,,,53341500,3882166,49458930,false,false,9,2020-04-01,2020-12-31,0
2021-01-29,68100,2020-03-31,3,,,,,,,,,,,,,,,,,,,,,,,,,,,,,,,,,,,51641962,false,false,9,2019-04-01,2019-12-31,-1
2021-04-28,68100,2021-03-31,,139055000000,-0.041,,,,,3806000000,,3846000000,,,-9373000000,,-189.51,,-0.109,0.022,0.027,,176807000000,83597000000,0.459,1640.98,81162000000,13029000000,8039000000,-11888000000,32795000000,,,,,,,,true,false,12,2020-04-01,2021-03-31,0
2021-04-28,68100,2020-03-31,,145041000000,-0.037,,,,,-137000000,,76000000,-0.988,,-10487000000,,-205.23,,-0.098,0.000,-0.001,,178873000000,92912000000,0.506,1828.68,90444000000,14226000000,-12098000000,-1791000000,22418000000,,,,,,,,true,false,12,2019-04-01,2020-03-31,-1
2021-04-28,68100,2022-03-31,,125000000000,-0.101,,,,,6000000000,0.576,,,,3500000000,,70.77,,,,,,,,,,,,,,,,0.339,,,,,,true,true,12,2021-04-01,2022-03-31,1
2021-04-28,68100,2020-03-31,,,,,,,,,,,,,,,,,,,,,,,,,,,,,,268.00,,,,53341500,3882966,51099088,false,false,12,2019-04-01,2020-03-31,-1
2021-04-28,68100,2021-03-31,,,,,,,,,,,,,,,,,,,,,,,,,,,,,,0.00,,,,53341500,3882166,49459029,false,false,12,2020-04-01,2021-03-31,0
2021-04-28,68100,2022-03-31,,,,,,,,,,,,,,,,,,,,,,,,,,,,,,24.00,,,,,,,false,true,12,2021-04-01,2022-03-31,1
2021-07-30,68100,2022-03-31,1,34930000000,0.166,,,,,3576000000,,3721000000,,,2651000000,,53.60,,,,,,184509000000,86329000000,0.454,,83836000000,,,,,,,,,,,,true,false,3,2021-04-01,2021-06-30,0
2021-07-30,68100,2021-03-31,1,29959000000,-0.177,,,,,-277000000,,-289000000,,,-501000000,,-10.13,,,,,,,,,,,,,,,,,,,,,,true,false,3,2020-04-01,2020-06-30,-1
2021-07-30,68100,2022-03-31,1,125000000000,-0.101,,,,,6000000000,0.576,,,,3500000000,,70.77,,,,,,,,,,,,,,,,,,,,,,true,true,12,2021-04-01,2022-03-31,0
2021-07-30,68100,2021-03-31,1,,,,,,,,,,,,,,,,,,,,176807000000,83597000000,0.459,,81162000000,,,,,,,,,,,,true,false,12,2020-04-01,2021-03-31,-1
2021-07-30,68100,2021-03-31,1,,,,,,,,,,,,,,,,,,,,,,,,,,,,,0.00,,,,53341500,3882166,,false,false,12,2020-04-01,2021-03-31,-1
2021-07-30,68100,2022-03-31,1,,,,,,,,,,,,,,,,,,,,,,,,,,,,,24.00,,,,,,,false,true,12,2021-04-01,2022-03-31,0
2021-07-30,68100,2022-03-31,1,,,,,,,,,,,,,,,,,,,,,,,,,,,,,,,,,53341500,3882166,49459334,false,false,3,2021-04-01,2021-06-30,0
2021-07-30,68100,2021-03-31,1,,,,,,,,,,,,,,,,,,,,,,,,,,,,,,,,,,,49458534,false,false,3,2020-04-01,2020-06-30,-1
2021-10-28,68100,2022-03-31,2,69261000000,0.088,,,,,6146000000,6.432,6425000000,6.874,,3972000000,,80.31,,,,,,186554000000,88283000000,0.459,,85642000000,,,,,,,,,,,,true,false,6,2021-04-01,2021-09-30,0
2021-10-28,68100,2021-03-31,2,63640000000,-0.135,,,,,827000000,0.178,816000000,0.034,,-844000000,,-17.06,,,,,,,,,,,,,,,,,,,,,,true,false,6,2020-04-01,2020-09-30,-1
2021-10-28,68100,2022-03-31,2,136500000000,-0.018,,,,,9500000000,1.496,,,,5700000000,,115.25,,,,,,,,,,,,,,,,,,,,,,true,true,12,2021-04-01,2022-03-31,0
2021-10-28,68100,2021-03-31,2,,,,,,,,,,,,,,,,,,,,176807000000,83597000000,0.459,,81162000000,,,,,,,,,,,,true,false,12,2020-04-01,2021-03-31,-1
2021-10-28,68100,2021-03-31,2,,,,,,,,,,,,,,,,,,,,,,,,,,,,,0.00,,,,53341500,3882166,,false,false,12,2020-04-01,2021-03-31,-1
2021-10-28,68100,2022-03-31,2,,,,,,,,,,,,,,,,,,,,,,,,,,,,,20.00,,,,,,,false,false,12,2021-04-01,2022-03-31,0
2021-10-28,68100,2022-03-31,2,,,,,,,,,,,,,,,,,,,,,,,,,,,,,40.00,,,,,,,false,true,12,2021-04-01,2022-03-31,0
2021-10-28,68100,2022-03-31,2,,,,,,,,,,,,,,,,,,,,,,,,,,,,,,,,,53341500,3882166,49459334,false,false,6,2021-04-01,2021-09-30,0
2021-10-28,68100,2021-03-31,2,,,,,,,,,,,,,,,,,,,,,,,,,,,,,,,,,,,49458726,false,false,6,2020-04-01,2020-09-30,-1
2022-01-27,68100,2022-03-31,3,104553000000,0.012,,,,,8571000000,2.008,8854000000,2.398,,5322000000,,107.60,,,,,,185560000000,89690000000,0.469,,86995000000,,,,,,,,,,,,true,false,9,2021-04-01,2021-12-31,0
2022-01-27,68100,2021-03-31,3,103336000000,-0.072,,,,,2849000000,1.021,2606000000,0.792,,-1144000000,,-23.13,,,,,,,,,,,,,,,,,,,,,,true,false,9,2020-04-01,2020-12-31,-1
2022-01-27,68100,2022-03-31,3,136500000000,-0.018,,,,,9500000000,1.496,,,,5700000000,,115.25,,,,,,,,,,,,,,,,,,,,,,true,true,12,2021-04-01,2022-03-31,0
2022-01-27,68100,2021-03-31,3,,,,,,,,,,,,,,,,,,,,176807000000,83597000000,0.459,,81162000000,,,,,,,,,,,,true,false,12,2020-04-01,2021-03-31,-1
2022-01-27,68100,2021-03-31,3,,,,,,,,,,,,,,,,,,,,,,,,,,,,,0.00,,,,53341500,3882166,,false,false,12,2020-04-01,2021-03-31,-1
2022-01-27,68100,2022-03-31,3,,,,,,,,,,,,,,,,,,,,,,,,,,,,,20.00,,,,,,,false,false,12,2021-04-01,2022-03-31,0
2022-01-27,68100,2022-03-31,3,,,,,,,,,,,,,,,,,,,,,,,,,,,,,40.00,,,,,,,false,true,12,2021-04-01,2022-03-31,0
2022-01-27,68100,2022-03-31,3,,,,,,,,,,,,,,,,,,,,,,,,,,,,,,,,,53341500,3882195,49459332,false,false,9,2021-04-01,2021-12-31,0
2022-01-27,68100,2021-03-31,3,,,,,,,,,,,,,,,,,,,,,,,,,,,,,,,,,,,49458930,false,false,9,2020-04-01,2020-12-31,-1
2022-05-13,68100,2022-03-31,,138215000000,-0.006,,,,,9332000000,1.452,9888000000,1.571,,-3659000000,,-73.98,,-0.045,0.056,0.068,,177535000000,84616000000,0.459,1647.78,81498000000,18442000000,-3908000000,-6211000000,43337000000,,,,,,,,true,false,12,2021-04-01,2022-03-31,0
2022-05-13,68100,2021-03-31,,139055000000,-0.041,,,,,3806000000,,3846000000,,,-9373000000,,-189.51,,-0.109,0.022,0.027,,176807000000,83597000000,0.459,1640.98,81162000000,13029000000,8039000000,-11888000000,32795000000,,,,,,,,true,false,12,2020-04-01,2021-03-31,-1
2022-05-13,68100,2023-03-31,,130000000000,-0.059,,,,,9500000000,0.018,,,,6000000000,,121.31,,,,,,,,,,,,,,,,0.330,,,,,,true,true,12,2022-04-01,2023-03-31,1
2022-05-13,68100,2021-03-31,,,,,,,,,,,,,,,,,,,,,,,,,,,,,,0.00,,,,53341500,3882166,49459029,false,false,12,2020-04-01,2021-03-31,-1
2022-05-13,68100,2022-03-31,,,,,,,,,,,,,,,,,,,,,,,,,,,,,,40.00,,,,53341500,3882195,49459325,false,false,12,2021-04-01,2022-03-31,0
2022-05-13,68100,2023-03-31,,,,,,,,,,,,,,,,,,,,,,,,,,,,,,40.00,,,,,,,false,true,12,2022-04-01,2023-03-31,1
2022-07-27,68100,2023-03-31,1,32227000000,-0.077,,,,,1286000000,-0.640,1934000000,-0.480,,1645000000,,33.43,,,,,,180275000000,87978000000,0.470,,84705000000,,,,,,,,,,,,true,false,3,2022-04-01,2022-06-30,0
2022-07-27,68100,2022-03-31,1,34930000000,0.166,,,,,3576000000,,3721000000,,,2651000000,,53.60,,,,,,,,,,,,,,,,,,,,,,true,false,3,2021-04-01,2021-06-30,-1
2022-07-27,68100,2023-03-31,1,130000000000,-0.059,,,,,9500000000,0.018,,,,6000000000,,121.92,,,,,,,,,,,,,,,,,,,,,,true,true,12,2022-04-01,2023-03-31,0
2022-07-27,68100,2022-03-31,1,,,,,,,,,,,,,,,,,,,,177535000000,84616000000,0.459,,81498000000,,,,,,,,,,,,true,false,12,2021-04-01,2022-03-31,-1
2022-07-27,68100,2022-03-31,1,,,,,,,,,,,,,,,,,,,,,,,,,,,,,40.00,,,,53341500,3882195,,false,false,12,2021-04-01,2022-03-31,-1
2022-07-27,68100,2023-03-31,1,,,,,,,,,,,,,,,,,,,,,,,,,,,,,40.00,,,,,,,false,true,12,2022-04-01,2023-03-31,0
2022-07-27,68100,2023-03-31,1,,,,,,,,,,,,,,,,,,,,,,,,,,,,,,,,,53341500,4798395,49213263,false,false,3,2022-04-01,2022-06-30,0
2022-07-27,68100,2022-03-31,1,,,,,,,,,,,,,,,,,,,,,,,,,,,,,,,,,,,49459334,false,false,3,2021-04-01,2021-06-30,-1
2022-10-28,68100,2023-03-31,2,65205000000,-0.059,,,,,2461000000,-0.600,3850000000,-0.401,,3140000000,,64.62,,,,,,176447000000,89173000000,0.486,,85817000000,,,,,,,,,,,,true,false,6,2022-04-01,2022-09-30,0
2022-10-28,68100,2022-03-31,2,69261000000,0.088,,,,,6146000000,6.432,6425000000,6.874,,3972000000,,80.31,,,,,,,,,,,,,,,,,,,,,,true,false,6,2021-04-01,2021-09-30,-1
2022-10-28,68100,2023-03-31,2,135000000000,-0.023,,,,,5500000000,-0.411,,,,5000000000,,102.90,,,,,,,,,,,,,,,,,,,,,,true,true,12,2022-04-01,2023-03-31,0
2022-10-28,68100,2022-03-31,2,,,,,,,,,,,,,,,,,,,,177535000000,84616000000,0.459,,81498000000,,,,,,,,,,,,true,false,12,2021-04-01,2022-03-31,-1
2022-10-28,68100,2022-03-31,2,,,,,,,,,,,,,,,,,,,,,,,,,,,,,40.00,,,,53341500,3882195,,false,false,12,2021-04-01,2022-03-31,-1
2022-10-28,68100,2023-03-31,2,,,,,,,,,,,,,,,,,,,,,,,,,,,,,20.00,,,,,,,false,false,12,2022-04-01,2023-03-31,0
2022-10-28,68100,2023-03-31,2,,,,,,,,,,,,,,,,,,,,,,,,,,,,,40.00,,,,,,,false,true,12,2022-04-01,2023-03-31,0
2022-10-28,68100,2023-03-31,2,,,,,,,,,,,,,,,,,,,,,,,,,,,,,,,,,53341500,5919220,48589932,false,false,6,2022-04-01,2022-09-30,0
2022-10-28,68100,2022-03-31,2,,,,,,,,,,,,,,,,,,,,,,,,,,,,,,,,,,,49459334,false,false,6,2021-04-01,2021-09-30,-1
2023-01-31,68100,2023-03-31,3,99235000000,-0.051,,,,,4564000000,-0.468,5764000000,-0.349,,4979000000,,103.76,,,,,,169578000000,86017000000,0.489,,82894000000,,,,,,,,,,,,true,false,9,2022-04-01,2022-12-31,0
2023-01-31,68100,2022-03-31,3,104553000000,0.012,,,,,8571000000,2.008,8854000000,2.398,,5322000000,,107.60,,,,,,,,,,,,,,,,,,,,,,true,false,9,2021-04-01,2021-12-31,-1
2023-01-31,68100,2023-03-31,3,135000000000,-0.023,,,,,5500000000,-0.411,,,,5000000000,,104.20,,,,,,,,,,,,,,,,,,,,,,true,true,12,2022-04-01,2023-03-31,0
2023-01-31,68100,2022-03-31,3,,,,,,,,,,,,,,,,,,,,177535000000,84616000000,0.459,,81498000000,,,,,,,,,,,,true,false,12,2021-04-01,2022-03-31,-1
2023-01-31,68100,2022-03-31,3,,,,,,,,,,,,,,,,,,,,,,,,,,,,,40.00,,,,53341500,3882195,,false,false,12,2021-04-01,2022-03-31,-1
2023-01-31,68100,2023-03-31,3,,,,,,,,,,,,,,,,,,,,,,,,,,,,,20.00,,,,,,,false,false,12,2022-04-01,2023-03-31,0
2023-01-31,68100,2023-03-31,3,,,,,,,,,,,,,,,,,,,,,,,,,,,,,40.00,,,,,,,false,true,12,2022-04-01,2023-03-31,0
2023-01-31,68100,2023-03-31,3,,,,,,,,,,,,,,,,,,,,,,,,,,,,,,,,,53341500,7076567,47986282,false,false,9,2022-04-01,2022-12-31,0
2023-01-31,68100,2022-03-31,3,,,,,,,,,,,,,,,,,,,,,,,,,,,,,,,,,,,49459332,false,false,9,2021-04-01,2021-12-31,-1
2023-04-27,68100,2023-03-31,,132776000000,-0.039,,,,,5638000000,-0.396,6727000000,-0.320,,5193000000,,109.33,,0.063,0.039,0.042,,168177000000,85940000000,0.492,1807.25,82816000000,4001000000,1713000000,-13985000000,36569000000,,0.366,,,,,,true,false,12,2022-04-01,2023-03-31,0
2023-04-27,68100,2022-03-31,,138215000000,-0.006,,,,,9332000000,1.452,9888000000,1.571,,-3659000000,,-73.98,,-0.045,0.056,0.068,,177535000000,84616000000,0.459,1647.78,81498000000,18442000000,-3908000000,-6211000000,43337000000,,,,,,,,true,false,12,2021-04-01,2022-03-31,-1
2023-04-27,68100,2024-03-31,,133000000000,0.002,,,,,7500000000,0.330,,,,5200000000,,113.48,,,,,,,,,,,,,,,,0.352,,,,,,true,true,12,2023-04-01,2024-03-31,1
2023-04-27,68100,2022-03-31,,,,,,,,,,,,,,,,,,,,,,,,,,,,,,40.00,,,,53341500,3882195,49459325,false,false,12,2021-04-01,2022-03-31,-1
2023-04-27,68100,2023-03-31,,,,,,,,,,,,,,,,,,,,,,,,,,,,,,40.00,,,,49695800,3871367,47499873,false,false,12,2022-04-01,2023-03-31,0
2023-04-27,68100,2024-03-31,,,,,,,,,,,,,,,,,,,,,,,,,,,,,,40.00,,,,,,,false,true,12,2023-04-01,2024-03-31,1
2023-07-27,68100,2024-03-31,1,32225000000,-0.000,,,,,2024000000,0.574,3140000000,0.624,,2346000000,,51.20,,,,,,163256000000,89521000000,0.529,,86289000000,,,,,,,,,,,,true,false,3,2023-04-01,2023-06-30,0
2023-07-27,68100,2023-03-31,1,32227000000,-0.077,,,,,1286000000,-0.640,1934000000,-0.480,,1645000000,,33.43,,,,,,,,,,,,,,,,,,,,,,true,false,3,2022-04-01,2022-06-30,-1
2023-07-27,68100,2024-03-31,1,133000000000,0.002,,,,,7500000000,0.330,,,,5200000000,,113.48,,,,,,,,,,,,,,,,,,,,,,true,true,12,2023-04-01,2024-03-31,0
2023-07-27,68100,2023-03-31,1,,,,,,,,,,,,,,,,,,,,168177000000,85940000000,0.492,,82816000000,,,,,,,,,,,,true,false,12,2022-04-01,2023-03-31,-1
2023-07-27,68100,2023-03-31,1,,,,,,,,,,,,,,,,,,,,,,,,,,,,,40.00,,,,49695800,3871367,,false,false,12,2022-04-01,2023-03-31,-1
2023-07-27,68100,2024-03-31,1,,,,,,,,,,,,,,,,,,,,,,,,,,,,,40.00,,,,,,,false,true,12,2023-04-01,2024-03-31,0
2023-07-27,68100,2024-03-31,1,,,,,,,,,,,,,,,,,,,,,,,,,,,,,,,,,49695800,3871367,45824433,false,false,3,2023-04-01,2023-06-30,0
2023-07-27,68100,2023-03-31,1,,,,,,,,,,,,,,,,,,,,,,,,,,,,,,,,,,,49213263,false,false,3,2022-04-01,2022-06-30,-1
2023-10-30,68100,2024-03-31,2,65620000000,0.006,,,,,4566000000,0.855,6001000000,0.559,,4934000000,,107.66,,,,,,168989000000,93521000000,0.534,,90283000000,,,,,,,,,,,,true,false,6,2023-04-01,2023-09-30,0
2023-10-30,68100,2023-03-31,2,65205000000,-0.059,,,,,2461000000,-0.600,3850000000,-0.401,,3140000000,,64.62,,,,,,,,,,,,,,,,,,,,,,true,false,6,2022-04-01,2022-09-30,-1
2023-10-30,68100,2024-03-31,2,130000000000,-0.021,,,,,7500000000,0.330,,,,5800000000,,126.56,,,,,,,,,,,,,,,,,,,,,,true,true,12,2023-04-01,2024-03-31,0
2023-10-30,68100,2023-03-31,2,,,,,,,,,,,,,,,,,,,,168177000000,85940000000,0.492,,82816000000,,,,,,,,,,,,true,false,12,2022-04-01,2023-03-31,-1
2023-10-30,68100,2023-03-31,2,,,,,,,,,,,,,,,,,,,,,,,,,,,,,40.00,,,,49695800,3871367,,false,false,12,2022-04-01,2023-03-31,-1
2023-10-30,68100,2024-03-31,2,,,,,,,,,,,,,,,,,,,,,,,,,,,,,20.00,,,,,,,false,false,12,2023-04-01,2024-03-31,0
2023-10-30,68100,2024-03-31,2,,,,,,,,,,,,,,,,,,,,,,,,,,,,,40.00,,,,,,,false,true,12,2023-04-01,2024-03-31,0
2023-10-30,68100,2024-03-31,2,,,,,,,,,,,,,,,,,,,,,,,,,,,,,,,,,49695800,3852132,45828590,false,false,6,2023-04-01,2023-09-30,0
2023-10-30,68100,2023-03-31,2,,,,,,,,,,,,,,,,,,,,,,,,,,,,,,,,,,,48589932,false,false,6,2022-04-01,2022-09-30,-1
2024-01-31,68100,2024-03-31,3,97304000000,-0.019,,,,,6471000000,0.418,7646000000,0.327,,5685000000,,124.04,,,,,,164934000000,91782000000,0.537,,88541000000,,,,,,,,,,,,true,false,9,2023-04-01,2023-12-31,0
2024-01-31,68100,2023-03-31,3,99235000000,-0.051,,,,,4564000000,-0.468,5764000000,-0.349,,4979000000,,103.76,,,,,,,,,,,,,,,,,,,,,,true,false,9,2022-04-01,2022-12-31,-1
2024-01-31,68100,2024-03-31,3,130000000000,-0.021,,,,,7500000000,0.330,,,,5800000000,,126.54,,,,,,,,,,,,,,,,,,,,,,true,true,12,2023-04-01,2024-03-31,0
2024-01-31,68100,2023-03-31,3,,,,,,,,,,,,,,,,,,,,168177000000,85940000000,0.492,,82816000000,,,,,,,,,,,,true,false,12,2022-04-01,2023-03-31,-1
2024-01-31,68100,2023-03-31,3,,,,,,,,,,,,,,,,,,,,,,,,,,,,,40.00,,,,49695800,3871367,,false,false,12,2022-04-01,2023-03-31,-1
2024-01-31,68100,2024-03-31,3,,,,,,,,,,,,,,,,,,,,,,,,,,,,,20.00,,,,,,,false,false,12,2023-04-01,2024-03-31,0
2024-01-31,68100,2024-03-31,3,,,,,,,,,,,,,,,,,,,,,,,,,,,,,40.00,,,,,,,false,true,12,2023-04-01,2024-03-31,0
2024-01-31,68100,2024-03-31,3,,,,,,,,,,,,,,,,,,,,,,,,,,,,,,,,,49695800,3852532,45833530,false,false,9,2023-04-01,2023-12-31,0
2024-01-31,68100,2023-03-31,3,,,,,,,,,,,,,,,,,,,,,,,,,,,,,,,,,,,47986282,false,false,9,2022-04-01,2022-12-31,-1
2024-04-26,68100,2024-03-31,,129139000000,-0.027,,,,,8083000000,0.434,9786000000,0.455,,7544000000,,164.59,,0.085,0.058,0.063,,171100000000,97307000000,0.549,2048.15,93894000000,14240000000,-4848000000,-9490000000,38665000000,,0.304,,,,,,true,false,12,2023-04-01,2024-03-31,0
2024-04-26,68100,2023-03-31,,132776000000,-0.039,,,,,5638000000,-0.396,6727000000,-0.320,,5193000000,,109.33,,0.063,0.039,0.042,,168177000000,85940000000,0.492,1807.25,82816000000,4001000000,1713000000,-13985000000,36569000000,,0.366,,,,,,true,false,12,2022-04-01,2023-03-31,-1
2024-04-26,68100,2025-03-31,,128000000000,-0.009,,,,,8000000000,-0.010,,,,6000000000,,130.88,,,,,,,,,,,,,,,,0.382,,,,,,true,true,12,2024-04-01,2025-03-31,1
2024-04-26,68100,2023-03-31,,,,,,,,,,,,,,,,,,,,,,,,,,,,,,40.00,,,,49695800,3871367,47499873,false,false,12,2022-04-01,2023-03-31,-1
2024-04-26,68100,2024-03-31,,,,,,,,,,,,,,,,,,,,,,,,,,,,,,50.00,,,,49695800,3852548,45835949,false,false,12,2023-04-01,2024-03-31,0
2024-04-26,68100,2025-03-31,,,,,,,,,,,,,,,,,,,,,,,,,,,,,,50.00,,,,,,,false,true,12,2024-04-01,2025-03-31,1
2024-07-31,68100,2025-03-31,1,31385000000,-0.026,,,,,2336000000,0.154,3026000000,-0.036,,2207000000,,48.34,,,,,,170303000000,98698000000,0.559,,95181000000,,,,,,,,,,,,true,false,3,2024-04-01,2024-06-30,0
2024-07-31,68100,2024-03-31,1,32225000000,-0.000,,,,,2024000000,0.574,3140000000,0.624,,2346000000,,51.20,,,,,,,,,,,,,,,,,,,,,,true,false,3,2023-04-01,2023-06-30,-1
2024-07-31,68100,2025-03-31,1,128000000000,-0.009,,,,,8000000000,-0.010,,,,6000000000,,131.43,,,,,,,,,,,,,,,,,,,,,,true,true,12,2024-04-01,2025-03-31,0
2024-07-31,68100,2024-03-31,1,,,,,,,,,,,,,,,,,,,,171100000000,97307000000,0.549,,93894000000,,,,,,,,,,,,true,false,12,2023-04-01,2024-03-31,-1
2024-07-31,68100,2024-03-31,1,,,,,,,,,,,,,,,,,,,,,,,,,,,,,50.00,,,,49695800,3852548,,false,false,12,2023-04-01,2024-03-31,-1
2024-07-31,68100,2025-03-31,1,,,,,,,,,,,,,,,,,,,,,,,,,,,,,50.00,,,,,,,false,true,12,2024-04-01,2025-03-31,0
2024-07-31,68100,2025-03-31,1,,,,,,,,,,,,,,,,,,,,,,,,,,,,,,,,,49695800,4973248,45653219,false,false,3,2024-04-01,2024-06-30,0
2024-07-31,68100,2024-03-31,1,,,,,,,,,,,,,,,,,,,,,,,,,,,,,,,,,,,45824433,false,false,3,2023-04-01,2023-06-30,-1
2024-10-31,68100,2025-03-31,2,63122000000,-0.038,,,,,4177000000,-0.085,3865000000,-0.356,,3085000000,,68.99,,,,,,162617000000,92616000000,0.553,,89963000000,,,,,,,,,,,,true,false,6,2024-04-01,2024-09-30,0
2024-10-31,68100,2024-03-31,2,65620000000,0.006,,,,,4566000000,0.855,6001000000,0.559,,4934000000,,107.66,,,,,,,,,,,,,,,,,,,,,,true,false,6,2023-04-01,2023-09-30,-1
2024-10-31,68100,2025-03-31,2,126000000000,-0.024,,,,,8000000000,-0.010,,,,6000000000,,134.18,,,,,,,,,,,,,,,,,,,,,,true,true,12,2024-04-01,2025-03-31,0
2024-10-31,68100,2024-03-31,2,,,,,,,,,,,,,,,,,,,,171100000000,97307000000,0.549,,93894000000,,,,,,,,,,,,true,false,12,2023-04-01,2024-03-31,-1
2024-10-31,68100,2024-03-31,2,,,,,,,,,,,,,,,,,,,,,,,,,,,,,50.00,,,,49695800,3852548,,false,false,12,2023-04-01,2024-03-31,-1
2024-10-31,68100,2025-03-31,2,,,,,,,,,,,,,,,,,,,,,,,,,,,,,25.00,,,,,,,false,false,12,2024-04-01,2025-03-31,0
2024-10-31,68100,2025-03-31,2,,,,,,,,,,,,,,,,,,,,,,,,,,,,,50.00,,,,,,,false,true,12,2024-04-01,2025-03-31,0
2024-10-31,68100,2025-03-31,2,,,,,,,,,,,,,,,,,,,,,,,,,,,,,,,,,49695800,6569603,44717413,false,false,6,2024-04-01,2024-09-30,0
2024-10-31,68100,2024-03-31,2,,,,,,,,,,,,,,,,,,,,,,,,,,,,,,,,,,,45828590,false,false,6,2023-04-01,2023-09-30,-1
2025-01-31,68100,2025-03-31,3,95587000000,-0.018,,,,,6578000000,0.017,7124000000,-0.068,,5544000000,,125.47,,,,,,166717000000,96788000000,0.563,,93882000000,,,,,,,,,,,,true,false,9,2024-04-01,2024-12-31,0
2025-01-31,68100,2024-03-31,3,97304000000,-0.019,,,,,6471000000,0.418,7646000000,0.327,,5685000000,,124.04,,,,,,,,,,,,,,,,,,,,,,true,false,9,2023-04-01,2023-12-31,-1
2025-01-31,68100,2025-03-31,3,126000000000,-0.024,,,,,8000000000,-0.010,,,,6000000000,,135.79,,,,,,,,,,,,,,,,,,,,,,true,true,12,2024-04-01,2025-03-31,0
2025-01-31,68100,2024-03-31,3,,,,,,,,,,,,,,,,,,,,171100000000,97307000000,0.549,,93894000000,,,,,,,,,,,,true,false,12,2023-04-01,2024-03-31,-1
2025-01-31,68100,2024-03-31,3,,,,,,,,,,,,,,,,,,,,,,,,,,,,,50.00,,,,49695800,3852548,,false,false,12,2023-04-01,2024-03-31,-1
2025-01-31,68100,2025-03-31,3,,,,,,,,,,,,,,,,,,,,,,,,,,,,,25.00,,,,,,,false,false,12,2024-04-01,2025-03-31,0
2025-01-31,68100,2025-03-31,3,,,,,,,,,,,,,,,,,,,,,,,,,,,,,50.00,,,,,,,false,true,12,2024-04-01,2025-03-31,0
2025-01-31,68100,2025-03-31,3,,,,,,,,,,,,,,,,,,,,,,,,,,,,,,,,,46956200,3830065,44185065,false,false,9,2024-04-01,2024-12-31,0
2025-01-31,68100,2024-03-31,3,,,,,,,,,,,,,,,,,,,,,,,,,,,,,,,,,,,45833530,false,false,9,2023-04-01,2023-12-31,-1
2025-03-19,68100,2025-03-31,,129300000000,0.026,,,,,8400000000,0.050,,,,3500000000,,79.68,,,,,,,,,,,,,,,,,,,,,,true,true,12,2024-04-01,2025-03-31,0
2025-03-19,68100,2024-03-31,,129139000000,,,,,,8083000000,,,,,7544000000,,164.59,,,,,,,,,,,,,,,,,,,,,,true,false,12,2023-04-01,2024-03-31,-1
2025-04-25,68100,2025-03-31,,129806000000,0.005,,,,,9318000000,0.153,9770000000,-0.002,,4090000000,,93.12,,0.044,0.058,0.072,,164514000000,94171000000,0.555,2118.37,91356000000,9836000000,-8025000000,-7749000000,33072000000,,0.537,,,,,,true,false,12,2024-04-01,2025-03-31,0
2025-04-25,68100,2024-03-31,,129139000000,-0.027,,,,,8083000000,0.434,9786000000,0.455,,7544000000,,164.59,,0.085,0.058,0.063,,171100000000,97307000000,0.549,2048.15,93894000000,14240000000,-4848000000,-9490000000,38665000000,,0.304,,,,,,true,false,12,2023-04-01,2024-03-31,-1
2025-04-25,68100,2026-03-31,,136500000000,0.052,,,,,10000000000,0.073,,,,7000000000,,162.32,,,,,,,,,,,,,,,,0.308,,,,,,true,true,12,2025-04-01,2026-03-31,1
2025-04-25,68100,2024-03-31,,,,,,,,,,,,,,,,,,,,,,,,,,,,,,50.00,,,,49695800,3852548,45835949,false,false,12,2023-04-01,2024-03-31,-1
2025-04-25,68100,2025-03-31,,,,,,,,,,,,,,,,,,,,,,,,,,,,,,50.00,,,,46956200,3830606,43923911,false,false,12,2024-04-01,2025-03-31,0
2025-04-25,68100,2026-03-31,,,,,,,,,,,,,,,,,,,,,,,,,,,,,,50.00,,,,,,,false,true,12,2025-04-01,2026-03-31,1
2025-07-31,68100,2026-03-31,1,30270000000,-0.036,,,,,1984000000,-0.151,2016000000,-0.334,,1593000000,,36.94,,,,,,160525000000,94395000000,0.571,,91664000000,,,,,,,,,,,,true,false,3,2025-04-01,2025-06-30,0
2025-07-31,68100,2025-03-31,1,31385000000,-0.026,,,,,2336000000,0.154,3026000000,-0.036,,2207000000,,48.34,,,,,,,,,,,,,,,,,,,,,,true,false,3,2024-04-01,2024-06-30,-1
2025-07-31,68100,2026-03-31,1,136500000000,0.052,,,,,10000000000,0.073,,,,7000000000,,162.32,,,,,,,,,,,,,,,,,,,,,,true,true,12,2025-04-01,2026-03-31,0
2025-07-31,68100,2025-03-31,1,,,,,,,,,,,,,,,,,,,,164514000000,94171000000,0.555,,91356000000,,,,,,,,,,,,true,false,12,2024-04-01,2025-03-31,-1
2025-07-31,68100,2025-03-31,1,,,,,,,,,,,,,,,,,,,,,,,,,,,,,50.00,,,,46956200,3830606,,false,false,12,2024-04-01,2025-03-31,-1
2025-07-31,68100,2026-03-31,1,,,,,,,,,,,,,,,,,,,,,,,,,,,,,50.00,,,,,,,false,true,12,2025-04-01,2026-03-31,0
2025-07-31,68100,2026-03-31,1,,,,,,,,,,,,,,,,,,,,,,,,,,,,,,,,,46956200,3830606,43125594,false,false,3,2025-04-01,2025-06-30,0
2025-07-31,68100,2025-03-31,1,,,,,,,,,,,,,,,,,,,,,,,,,,,,,,,,,,,45653219,false,false,3,2024-04-01,2024-06-30,-1
