filing_date,code,fiscal_year_end,quarterly_period,net_sales,net_sales_change,revenue,revenue_change,operating_revenue,operating_revenue_change,operating_profit,operating_profit_change,ordinary_profit,ordinary_profit_change,net_income,net_income_of_parent,net_income_change,eps,diluted_eps,roe,roa,operating_profit_to_net_sales,operating_profit_to_revenue,total_assets,net_assets,equity_ratio,bps,owner_equity,operating_cash_flow,investing_cash_flow,financing_cash_flow,cash,dividend_per_share,payout_ratio,commemorative_dividend,extra_dividend,number_of_shares,number_of_treqsury_shares,avg_number_of_shares,is_consolidated,is_forecast,duration,period_start,period_end,period_pos
2015-07-30,68170,2015-12-31,2,43546000000,0.157,,,,,2227000000,0.672,1899000000,0.927,1069000000,,0.557,46.10,,,,,,70098000000,18673000000,0.249,751.56,17444000000,,,,,,,,,,,,true,false,6,2015-01-01,2015-06-30,0
2015-07-30,68170,2014-12-31,2,37633000000,0.244,,,,,1332000000,0.932,985000000,0.996,687000000,,,29.61,,,,,,,,,,,,,,,,,,,,,,true,false,6,2014-01-01,2014-06-30,-1
2015-07-30,68170,2015-12-31,2,88000000000,0.135,,,,,4400000000,0.315,3720000000,0.329,2200000000,,0.634,94.78,,,,,,,,,,,,,,,,,,,,,,true,true,12,2015-01-01,2015-12-31,0
2015-07-30,68170,2014-12-31,2,,,,,,,,,,,,,,,,,,,,70110000000,17724000000,0.236,711.88,16523000000,,,,,,,,,,,,true,false,12,2014-01-01,2014-12-31,-1
2015-07-30,68170,2014-12-31,2,,,,,,,,,,,,,,,,,,,,,,,,,,,,,20.00,,,,23944317,733020,,false,false,12,2014-01-01,2014-12-31,-1
2015-07-30,68170,2015-12-31,2,,,,,,,,,,,,,,,,,,,,,,,,,,,,,5.00,,,,,,,false,false,12,2015-01-01,2015-12-31,0
2015-07-30,68170,2015-12-31,2,,,,,,,,,,,,,,,,,,,,,,,,,,,,,20.00,,,,,,,false,true,12,2015-01-01,2015-12-31,0
2015-07-30,68170,2015-12-31,2,,,,,,,,,,,,,,,,,,,,,,,,,,,,,,,,,23944317,733084,23211277,false,false,6,2015-01-01,2015-06-30,0
2015-07-30,68170,2014-12-31,2,,,,,,,,,,,,,,,,,,,,,,,,,,,,,,,,,,,23211573,false,false,6,2014-01-01,2014-06-30,-1
2015-10-29,68170,2015-12-31,3,65698000000,0.134,,,,,3712000000,0.341,3025000000,0.280,1834000000,,0.372,79.03,,,,,,67860000000,18703000000,0.257,750.47,17419000000,,,,,,,,,,,,true,false,9,2015-01-01,2015-09-30,0
2015-10-29,68170,2014-12-31,3,57938000000,0.224,,,,,2768000000,1.035,2364000000,1.458,1337000000,,,57.62,,,,,,,,,,,,,,,,,,,,,,true,false,9,2014-01-01,2014-09-30,-1
2015-10-29,68170,2015-12-31,3,88000000000,0.135,,,,,4400000000,0.315,3720000000,0.329,2200000000,,0.634,94.78,,,,,,,,,,,,,,,,,,,,,,true,true,12,2015-01-01,2015-12-31,0
2015-10-29,68170,2014-12-31,3,,,,,,,,,,,,,,,,,,,,70110000000,17724000000,0.236,711.88,16523000000,,,,,,,,,,,,true,false,12,2014-01-01,2014-12-31,-1
2015-10-29,68170,2014-12-31,3,,,,,,,,,,,,,,,,,,,,,,,,,,,,,20.00,,,,23944317,733020,,false,false,12,2014-01-01,2014-12-31,-1
2015-10-29,68170,2015-12-31,3,,,,,,,,,,,,,,,,,,,,,,,,,,,,,5.00,,,,,,,false,false,12,2015-01-01,2015-12-31,0
2015-10-29,68170,2015-12-31,3,,,,,,,,,,,,,,,,,,,,,,,,,,,,,20.00,,,,,,,false,true,12,2015-01-01,2015-12-31,0
2015-10-29,68170,2015-12-31,3,,,,,,,,,,,,,,,,,,,,,,,,,,,,,,,,,23944317,733140,23211248,false,false,9,2015-01-01,2015-09-30,0
2015-10-29,68170,2014-12-31,3,,,,,,,,,,,,,,,,,,,,,,,,,,,,,,,,,,,23211518,false,false,9,2014-01-01,2014-09-30,-1
2016-02-12,68170,2015-12-31,,86236000000,0.112,,,,,4237000000,0.267,3309000000,0.182,2032000000,,0.509,87.55,,0.120,0.048,0.049,,67876000000,18669000000,0.255,746.93,17337000000,5515000000,-4366000000,-1054000000,3538000000,,0.297,,,,,,true,false,12,2015-01-01,2015-12-31,0
2016-02-12,68170,2014-12-31,,77563000000,0.214,,,,,3345000000,0.970,2799000000,1.528,1346000000,,,58.01,,0.090,0.044,0.043,,70110000000,17724000000,0.236,711.88,16523000000,1512000000,-6279000000,4719000000,3713000000,,0.345,,,,,,true,false,12,2014-01-01,2014-12-31,-1
2016-02-12,68170,2016-12-31,,88000000000,0.020,,,,,4800000000,0.142,4200000000,0.250,,2500000000,,107.71,,,,,,,,,,,,,,,,,,,,,,true,true,12,2016-01-01,2016-12-31,1
2016-02-12,68170,2015-12-31,,,,,,2727000000,0.175,2024000000,0.129,1828000000,0.174,1698000000,,0.336,73.16,,,,,,45682000000,19283000000,0.421,827.63,19210000000,,,,,26.00,,,,23944317,733166,23211227,false,false,12,2015-01-01,2015-12-31,0
2016-02-12,68170,2014-12-31,,,,,,2321000000,0.256,1792000000,0.327,1557000000,0.425,1271000000,,1.916,54.77,,,,,,45009000000,17954000000,0.399,773.51,17954000000,,,,,20.00,,,,23944317,733020,23211487,false,false,12,2014-01-01,2014-12-31,-1
2016-02-12,68170,2016-12-31,,,,,,,,,,,,,,,,,,,,,,,,,,,,,,24.00,,,,,,,false,true,12,2016-01-01,2016-12-31,1
2016-04-28,68170,2016-12-31,1,20603000000,-0.045,,,,,1064000000,0.062,810000000,-0.111,,483000000,,20.85,,,,,,65661000000,17385000000,0.245,691.77,16056000000,,,,,,,,,,,,true,false,3,2016-01-01,2016-03-31,0
2016-04-28,68170,2015-12-31,1,21585000000,0.158,,,,,1003000000,0.914,911000000,1.648,,618000000,,26.65,,,,,,,,,,,,,,,,,,,,,,true,false,3,2015-01-01,2015-03-31,-1
2016-04-28,68170,2016-12-31,1,88000000000,0.020,,,,,4800000000,0.142,4200000000,0.250,,2500000000,,107.71,,,,,,,,,,,,,,,,,,,,,,true,true,12,2016-01-01,2016-12-31,0
2016-04-28,68170,2015-12-31,1,,,,,,,,,,,,,,,,,,,,67876000000,18669000000,0.255,746.93,17337000000,,,,,,,,,,,,true,false,12,2015-01-01,2015-12-31,-1
2016-04-28,68170,2015-12-31,1,,,,,,,,,,,,,,,,,,,,,,,,,,,,,26.00,,,,23944317,733166,,false,false,12,2015-01-01,2015-12-31,-1
2016-04-28,68170,2016-12-31,1,,,,,,,,,,,,,,,,,,,,,,,,,,,,,6.00,,,,,,,false,false,12,2016-01-01,2016-12-31,0
2016-04-28,68170,2016-12-31,1,,,,,,,,,,,,,,,,,,,,,,,,,,,,,24.00,,,,,,,false,true,12,2016-01-01,2016-12-31,0
2016-04-28,68170,2016-12-31,1,,,,,,,,,,,,,,,,,,,,,,,,,,,,,,,,,23944317,733350,23211063,false,false,3,2016-01-01,2016-03-31,0
2016-04-28,68170,2015-12-31,1,,,,,,,,,,,,,,,,,,,,,,,,,,,,,,,,,,,23211294,false,false,3,2015-01-01,2015-03-31,-1
2016-07-28,68170,2016-12-31,2,41525000000,-0.046,,,,,2845000000,0.277,2339000000,0.232,,1581000000,,68.12,,,,,,59817000000,15893000000,0.244,628.73,14593000000,,,,,,,,,,,,true,false,6,2016-01-01,2016-06-30,0
2016-07-28,68170,2015-12-31,2,43546000000,0.157,,,,,2227000000,0.672,1899000000,0.927,,1069000000,,46.10,,,,,,,,,,,,,,,,,,,,,,true,false,6,2015-01-01,2015-06-30,-1
2016-07-28,68170,2016-12-31,2,88000000000,0.020,,,,,4800000000,0.142,4200000000,0.250,,2500000000,,107.71,,,,,,,,,,,,,,,,,,,,,,true,true,12,2016-01-01,2016-12-31,0
2016-07-28,68170,2015-12-31,2,,,,,,,,,,,,,,,,,,,,67876000000,18669000000,0.255,746.93,17337000000,,,,,,,,,,,,true,false,12,2015-01-01,2015-12-31,-1
2016-07-28,68170,2015-12-31,2,,,,,,,,,,,,,,,,,,,,,,,,,,,,,26.00,,,,23944317,733166,,false,false,12,2015-01-01,2015-12-31,-1
2016-07-28,68170,2016-12-31,2,,,,,,,,,,,,,,,,,,,,,,,,,,,,,6.00,,,,,,,false,false,12,2016-01-01,2016-12-31,0
2016-07-28,68170,2016-12-31,2,,,,,,,,,,,,,,,,,,,,,,,,,,,,,24.00,,,,,,,false,true,12,2016-01-01,2016-12-31,0
2016-07-28,68170,2016-12-31,2,,,,,,,,,,,,,,,,,,,,,,,,,,,,,,,,,23944317,733350,23210988,false,false,6,2016-01-01,2016-06-30,0
2016-07-28,68170,2015-12-31,2,,,,,,,,,,,,,,,,,,,,,,,,,,,,,,,,,,,23211277,false,false,6,2015-01-01,2015-06-30,-1
2016-10-28,68170,2016-12-31,3,61401000000,-0.065,,,,,4551000000,0.226,3870000000,0.279,,2360000000,,101.69,,,,,,59271000000,16215000000,0.251,640.19,14859000000,,,,,,,,,,,,true,false,9,2016-01-01,2016-09-30,0
2016-10-28,68170,2015-12-31,3,65698000000,0.134,,,,,3712000000,0.341,3025000000,0.280,,1834000000,,79.03,,,,,,,,,,,,,,,,,,,,,,true,false,9,2015-01-01,2015-09-30,-1
2016-10-28,68170,2016-12-31,3,88000000000,0.020,,,,,4800000000,0.133,4200000000,0.269,,2500000000,,107.71,,,,,,,,,,,,,,,,,,,,,,true,true,12,2016-01-01,2016-12-31,0
2016-10-28,68170,2015-12-31,3,,,,,,,,,,,,,,,,,,,,67876000000,18669000000,0.255,746.93,17337000000,,,,,,,,,,,,true,false,12,2015-01-01,2015-12-31,-1
2016-10-28,68170,2015-12-31,3,,,,,,,,,,,,,,,,,,,,,,,,,,,,,26.00,,,,23944317,733166,,false,false,12,2015-01-01,2015-12-31,-1
2016-10-28,68170,2016-12-31,3,,,,,,,,,,,,,,,,,,,,,,,,,,,,,6.00,,,,,,,false,false,12,2016-01-01,2016-12-31,0
2016-10-28,68170,2016-12-31,3,,,,,,,,,,,,,,,,,,,,,,,,,,,,,24.00,,,,,,,false,true,12,2016-01-01,2016-12-31,0
2016-10-28,68170,2016-12-31,3,,,,,,,,,,,,,,,,,,,,,,,,,,,,,,,,,23944317,733521,23210945,false,false,9,2016-01-01,2016-09-30,0
2016-10-28,68170,2015-12-31,3,,,,,,,,,,,,,,,,,,,,,,,,,,,,,,,,,,,23211248,false,false,9,2015-01-01,2015-09-30,-1
2017-02-06,68170,2016-12-31,,81052000000,-0.060,,,,,5696000000,0.344,4805000000,0.452,,3087000000,,133.02,130.30,0.173,0.071,0.070,,67034000000,19903000000,0.274,790.14,18339000000,7774000000,-4445000000,-3016000000,3546000000,,0.256,,,,,,true,false,12,2016-01-01,2016-12-31,0
2017-02-06,68170,2015-12-31,,86236000000,0.112,,,,,4237000000,0.267,3309000000,0.182,,2032000000,,87.55,,0.120,0.048,0.049,,67876000000,18669000000,0.255,746.93,17337000000,5515000000,-4366000000,-1054000000,3538000000,,0.297,,,,,,true,false,12,2015-01-01,2015-12-31,-1
2017-02-06,68170,2016-12-31,,,,,,1524000000,-0.441,686000000,-0.661,589000000,-0.677,1120000000,,-0.340,48.27,47.29,,,,,44100000000,19834000000,0.446,847.13,19662000000,,,,,34.00,,,,23944317,733599,23210897,false,false,12,2016-01-01,2016-12-31,0
2017-02-06,68170,2015-12-31,,,,,,2727000000,0.175,2024000000,0.129,1828000000,0.174,1698000000,,0.336,73.16,,,,,,45682000000,19283000000,0.421,827.63,19210000000,,,,,26.00,,,,23944317,733166,23211227,false,false,12,2015-01-01,2015-12-31,-1
2017-02-06,68170,2017-12-31,,,,,,,,5900000000,,,,,3300000000,,142.18,,,,,,,,,,,,,,,,0.169,,,,,,true,true,12,2017-01-01,2017-12-31,1
2017-02-06,68170,2017-12-31,,,,,,,,,,,,,,,,,,,,,,,,,,,,,,24.00,,,,,,,false,true,12,2017-01-01,2017-12-31,1
2017-05-10,68170,2017-12-31,1,,,,,,,1566000000,0.280,,,,939000000,,40.48,40.48,,,,,67540000000,,,,,,,,,,,,,,,,true,false,3,2017-01-01,2017-03-31,0
2017-05-10,68170,2016-12-31,1,,,,,,,1223000000,,,,,596000000,,25.69,25.69,,,,,,,,,,,,,,,,,,,,,true,false,3,2016-01-01,2016-03-31,-1
2017-05-10,68170,2017-12-31,1,,,,,,,5900000000,-0.059,,,,3300000000,,123.55,,,,,,,,,,,,,,,,,,,,,,true,true,12,2017-01-01,2017-12-31,0
2017-05-10,68170,2016-12-31,1,,,,,,,,,,,,,,,,,,,,69007000000,,,,,,,,,,,,,,,,true,false,12,2016-01-01,2016-12-31,-1
2017-05-10,68170,2016-12-31,1,,,,,,,,,,,,,,,,,,,,,,,,,,,,,34.00,,,,23944317,733599,,false,false,12,2016-01-01,2016-12-31,-1
2017-05-10,68170,2017-12-31,1,,,,,,,,,,,,,,,,,,,,,,,,,,,,,6.00,,,,,,,false,false,12,2017-01-01,2017-12-31,0
2017-05-10,68170,2017-12-31,1,,,,,,,,,,,,,,,,,,,,,,,,,,,,,24.00,,,,,,,false,true,12,2017-01-01,2017-12-31,0
2017-05-10,68170,2017-12-31,1,,,,,,,,,,,,,,,,,,,,,,,,,,,,,,,,,23944317,733857,23210536,false,false,3,2017-01-01,2017-03-31,0
2017-05-10,68170,2016-12-31,1,,,,,,,,,,,,,,,,,,,,,,,,,,,,,,,,,,,23211063,false,false,3,2016-01-01,2016-03-31,-1
2017-07-28,68170,2017-12-31,2,,,,,,,3346000000,0.059,,,,2106000000,,86.54,86.54,,,,,74532000000,,,,,,,,,,,,,,,,true,false,6,2017-01-01,2017-06-30,0
2017-07-28,68170,2016-12-31,2,,,,,,,3159000000,,,,,1831000000,,78.89,78.89,,,,,,,,,,,,,,,,,,,,,true,false,6,2016-01-01,2016-06-30,-1
2017-07-28,68170,2017-12-31,2,,,,,,,5900000000,-0.059,,,,3300000000,,123.55,,,,,,,,,,,,,,,,,,,,,,true,true,12,2017-01-01,2017-12-31,0
2017-07-28,68170,2016-12-31,2,,,,,,,,,,,,,,,,,,,,69007000000,,,,,,,,,,,,,,,,true,false,12,2016-01-01,2016-12-31,-1
2017-07-28,68170,2016-12-31,2,,,,,,,,,,,,,,,,,,,,,,,,,,,,,34.00,,,,23944317,733599,,false,false,12,2016-01-01,2016-12-31,-1
2017-07-28,68170,2017-12-31,2,,,,,,,,,,,,,,,,,,,,,,,,,,,,,6.00,,,,,,,false,false,12,2017-01-01,2017-12-31,0
2017-07-28,68170,2017-12-31,2,,,,,,,,,,,,,,,,,,,,,,,,,,,,,24.00,,,,,,,false,true,12,2017-01-01,2017-12-31,0
2017-07-28,68170,2017-12-31,2,,,,,,,,,,,,,,,,,,,,,,,,,,,,,,,,,27444317,734154,24336327,false,false,6,2017-01-01,2017-06-30,0
2017-07-28,68170,2016-12-31,2,,,,,,,,,,,,,,,,,,,,,,,,,,,,,,,,,,,23210988,false,false,6,2016-01-01,2016-06-30,-1
2017-10-27,68170,2017-12-31,3,,,,,,,5120000000,0.022,,,,3242000000,,129.00,126.56,,,,,80150000000,,,,,,,,,,,,,,,,true,false,9,2017-01-01,2017-09-30,0
2017-10-27,68170,2016-12-31,3,,,,,,,5009000000,,,,,2782000000,,119.90,117.45,,,,,,,,,,,,,,,,,,,,,true,false,9,2016-01-01,2016-09-30,-1
2017-10-27,68170,2017-12-31,3,,,,,,,5900000000,-0.059,,,,3300000000,,123.55,,,,,,,,,,,,,,,,,,,,,,true,true,12,2017-01-01,2017-12-31,0
2017-10-27,68170,2016-12-31,3,,,,,,,,,,,,,,,,,,,,69007000000,,,,,,,,,,,,,,,,true,false,12,2016-01-01,2016-12-31,-1
2017-10-27,68170,2016-12-31,3,,,,,,,,,,,,,,,,,,,,,,,,,,,,,34.00,,,,23944317,733599,,false,false,12,2016-01-01,2016-12-31,-1
2017-10-27,68170,2017-12-31,3,,,,,,,,,,,,,,,,,,,,,,,,,,,,,6.00,,,,,,,false,false,12,2017-01-01,2017-12-31,0
2017-10-27,68170,2017-12-31,3,,,,,,,,,,,,,,,,,,,,,,,,,,,,,24.00,,,,,,,false,true,12,2017-01-01,2017-12-31,0
2017-10-27,68170,2017-12-31,3,,,,,,,,,,,,,,,,,,,,,,,,,,,,,,,,,27444317,734218,25136280,false,false,9,2017-01-01,2017-09-30,0
2017-10-27,68170,2016-12-31,3,,,,,,,,,,,,,,,,,,,,,,,,,,,,,,,,,,,23210945,false,false,9,2016-01-01,2016-09-30,-1
2018-02-13,68170,2017-12-31,,,,,,2088000000,0.370,1196000000,0.744,1103000000,0.871,1018000000,,-0.091,39.89,39.15,,,,,43224000000,24155000000,0.553,894.23,23884000000,,,,,45.00,,,,27444317,734541,25532925,false,false,12,2017-01-01,2017-12-31,0
2018-02-13,68170,2016-12-31,,,,,,1524000000,-0.441,686000000,-0.661,589000000,-0.677,1120000000,,-0.340,48.27,47.29,,,,,44100000000,19834000000,0.446,847.13,19662000000,,,,,34.00,,,,23944317,733599,23210897,false,false,12,2016-01-01,2016-12-31,-1
2018-02-13,68170,2017-12-31,,,,,,,,6217000000,-0.008,,,,4504000000,,176.41,173.13,,,,,84366000000,,,,,3658000000,-9254000000,7389000000,,,0.255,,,,,,true,false,12,2017-01-01,2017-12-31,0
2018-02-13,68170,2016-12-31,,,,,,,,6270000000,,,,,3666000000,,157.97,154.74,,,,,69007000000,,,,,8291000000,-4961000000,-3016000000,,,0.215,,,,,,true,false,12,2016-01-01,2016-12-31,-1
2018-02-13,68170,2018-12-31,,,,,,,,6200000000,-0.003,,,,3800000000,,142.27,,,,,,,,,,,,,,,,0.253,,,,,,true,true,12,2018-01-01,2018-12-31,1
2018-02-13,68170,2018-12-31,,,,,,,,,,,,,,,,,,,,,,,,,,,,,,36.00,,,,,,,false,true,12,2018-01-01,2018-12-31,1
2018-05-07,68170,2018-12-31,1,,,,,,,456000000,-0.708,,,,287000000,,10.76,10.57,,,,,82057000000,,,,,,,,,,,,,,,,true,false,3,2018-01-01,2018-03-31,0
2018-05-07,68170,2017-12-31,1,,,,,,,1566000000,0.280,,,,939000000,,40.48,40.48,,,,,,,,,,,,,,,,,,,,,true,false,3,2017-01-01,2017-03-31,-1
2018-05-07,68170,2018-12-31,1,,,,,,,6200000000,-0.003,,,,3800000000,,142.27,,,,,,,,,,,,,,,,,,,,,,true,true,12,2018-01-01,2018-12-31,0
2018-05-07,68170,2017-12-31,1,,,,,,,,,,,,,,,,,,,,84366000000,,,,,,,,,,,,,,,,true,false,12,2017-01-01,2017-12-31,-1
2018-05-07,68170,2017-12-31,1,,,,,,,,,,,,,,,,,,,,,,,,,,,,,45.00,,,,2744317,734541,,false,false,12,2017-01-01,2017-12-31,-1
2018-05-07,68170,2018-12-31,1,,,,,,,,,,,,,,,,,,,,,,,,,,,,,6.00,,,,,,,false,false,12,2018-01-01,2018-12-31,0
2018-05-07,68170,2018-12-31,1,,,,,,,,,,,,,,,,,,,,,,,,,,,,,36.00,,,,,,,false,true,12,2018-01-01,2018-12-31,0
2018-05-07,68170,2018-12-31,1,,,,,,,,,,,,,,,,,,,,,,,,,,,,,,,,,27444317,694699,26711938,false,false,3,2018-01-01,2018-03-31,0
2018-05-07,68170,2017-12-31,1,,,,,,,,,,,,,,,,,,,,,,,,,,,,,,,,,,,23210536,false,false,3,2017-01-01,2017-03-31,-1
2018-07-31,68170,2018-12-31,2,,,,,,,1738000000,-0.480,,,,703000000,,26.32,25.87,,,,,91426000000,,,,,,,,,,,,,,,,true,false,6,2018-01-01,2018-06-30,0
2018-07-31,68170,2017-12-31,2,,,,,,,3346000000,0.059,,,,2106000000,,86.54,86.54,,,,,,,,,,,,,,,,,,,,,true,false,6,2017-01-01,2017-06-30,-1
2018-07-31,68170,2018-12-31,2,,,,,,,6200000000,-0.003,,,,3800000000,,142.27,,,,,,,,,,,,,,,,,,,,,,true,true,12,2018-01-01,2018-12-31,0
2018-07-31,68170,2017-12-31,2,,,,,,,,,,,,,,,,,,,,84366000000,,,,,,,,,,,,,,,,true,false,12,2017-01-01,2017-12-31,-1
2018-07-31,68170,2017-12-31,2,,,,,,,,,,,,,,,,,,,,,,,,,,,,,45.00,,,,27444317,734541,,false,false,12,2017-01-01,2017-12-31,-1
2018-07-31,68170,2018-12-31,2,,,,,,,,,,,,,,,,,,,,,,,,,,,,,6.00,,,,,,,false,false,12,2018-01-01,2018-12-31,0
2018-07-31,68170,2018-12-31,2,,,,,,,,,,,,,,,,,,,,,,,,,,,,,36.00,,,,,,,false,true,12,2018-01-01,2018-12-31,0
2018-07-31,68170,2018-12-31,2,,,,,,,,,,,,,,,,,,,,,,,,,,,,,,,,,27444317,681199,26733103,false,false,6,2018-01-01,2018-06-30,0
2018-07-31,68170,2017-12-31,2,,,,,,,,,,,,,,,,,,,,,,,,,,,,,,,,,,,24336327,false,false,6,2017-01-01,2017-06-30,-1
2018-10-30,68170,2018-12-31,3,,,,,,,3823000000,-0.253,,,,1758000000,,65.72,64.67,,,,,96677000000,,,,,,,,,,,,,,,,true,false,9,2018-01-01,2018-09-30,0
2018-10-30,68170,2017-12-31,3,,,,,,,5120000000,0.022,,,,3242000000,,129.00,126.56,,,,,,,,,,,,,,,,,,,,,true,false,9,2017-01-01,2017-09-30,-1
2018-10-30,68170,2018-12-31,3,,,,,,,6200000000,-0.003,,,,3800000000,,142.27,,,,,,,,,,,,,,,,,,,,,,true,true,12,2018-01-01,2018-12-31,0
2018-10-30,68170,2017-12-31,3,,,,,,,,,,,,,,,,,,,,84366000000,,,,,,,,,,,,,,,,true,false,12,2017-01-01,2017-12-31,-1
2018-10-30,68170,2017-12-31,3,,,,,,,,,,,,,,,,,,,,,,,,,,,,,45.00,,,,27444317,734541,,false,false,12,2017-01-01,2017-12-31,-1
2018-10-30,68170,2018-12-31,3,,,,,,,,,,,,,,,,,,,,,,,,,,,,,6.00,,,,,,,false,false,12,2018-01-01,2018-12-31,0
2018-10-30,68170,2018-12-31,3,,,,,,,,,,,,,,,,,,,,,,,,,,,,,36.00,,,,,,,false,true,12,2018-01-01,2018-12-31,0
2018-10-30,68170,2018-12-31,3,,,,,,,,,,,,,,,,,,,,,,,,,,,,,,,,,27444317,593216,26759715,false,false,9,2018-01-01,2018-09-30,0
2018-10-30,68170,2017-12-31,3,,,,,,,,,,,,,,,,,,,,,,,,,,,,,,,,,,,25136280,false,false,9,2017-01-01,2017-09-30,-1
2019-02-08,68170,2018-12-31,,97500000000,-0.005,,,,,5380000000,-0.132,4060000000,-0.248,2400000000,,-0.368,89.49,,,,,,,,,,,,,,,,,,,,,,true,true,12,2018-01-01,2018-12-31,0
2019-02-08,68170,2017-12-31,,90153000000,,,,,,6217000000,,5697000000,,4504000000,,,176.41,,,,,,,,,,,,,,,,,,,,,,true,false,12,2017-01-01,2017-12-31,-1
2019-02-12,68170,2018-12-31,,,,,,2125000000,0.018,1141000000,-0.046,1143000000,0.037,683000000,,-0.329,25.49,25.14,,,,,50460000000,23721000000,0.462,869.37,23527000000,,,,,27.00,,,,27444317,381239,26817797,false,false,12,2018-01-01,2018-12-31,0
2019-02-12,68170,2017-12-31,,,,,,2088000000,0.370,1196000000,0.744,1103000000,0.871,1018000000,,-0.091,39.89,39.15,,,,,42898000000,24155000000,0.557,894.23,23884000000,,,,,45.00,,,,27444317,734541,25532925,false,false,12,2017-01-01,2017-12-31,-1
2019-02-12,68170,2018-12-31,,,,,,,,5383000000,-0.134,,,,2420000000,,90.24,88.99,,,,,94277000000,,,,,4672000000,-15153000000,9477000000,,,0.299,,,,,,true,false,12,2018-01-01,2018-12-31,0
2019-02-12,68170,2017-12-31,,,,,,,,6217000000,-0.008,,,,4504000000,,176.41,173.13,,,,,84366000000,,,,,3658000000,-9254000000,7389000000,,,0.255,,,,,,true,false,12,2017-01-01,2017-12-31,-1
2019-02-12,68170,2019-12-31,,,,,,,,6200000000,0.152,,,,3540000000,,130.81,,,,,,,,,,,,,,,,0.252,,,,,,true,true,12,2019-01-01,2019-12-31,1
2019-02-12,68170,2019-12-31,,,,,,,,,,,,,,,,,,,,,,,,,,,,,,33.00,,,,,,,false,true,12,2019-01-01,2019-12-31,1
2019-02-12,68170,2018-12-31,,,,,,2125000000,0.018,1141000000,-0.046,1143000000,0.037,683000000,,-0.329,25.49,25.14,,,,,50460000000,23721000000,0.462,869.37,23527000000,,,,,27.00,,,,27444317,381239,26817797,false,false,12,2018-01-01,2018-12-31,0
2019-02-12,68170,2017-12-31,,,,,,2088000000,0.370,1196000000,0.744,1103000000,0.871,1018000000,,-0.091,39.89,39.15,,,,,42898000000,24155000000,0.557,894.23,23884000000,,,,,45.00,,,,27444317,734541,25532925,false,false,12,2017-01-01,2017-12-31,-1
2019-02-12,68170,2018-12-31,,,,,,,,5383000000,-0.134,,,,2420000000,,90.24,88.99,,,,,94277000000,,,,,4672000000,-15153000000,9477000000,,,0.299,,,,,,true,false,12,2018-01-01,2018-12-31,0
2019-02-12,68170,2017-12-31,,,,,,,,6217000000,-0.008,,,,4504000000,,176.41,173.13,,,,,84366000000,,,,,3658000000,-9254000000,7389000000,,,0.255,,,,,,true,false,12,2017-01-01,2017-12-31,-1
2019-02-12,68170,2019-12-31,,,,,,,,6200000000,0.152,,,,3540000000,,130.81,,,,,,,,,,,,,,,,0.252,,,,,,true,true,12,2019-01-01,2019-12-31,1
2019-02-12,68170,2019-12-31,,,,,,,,,,,,,,,,,,,,,,,,,,,,,,33.00,,,,,,,false,true,12,2019-01-01,2019-12-31,1
2019-05-07,68170,2019-12-31,1,,,,,,,600000000,0.314,,,,114000000,,4.22,4.21,,,,,98298000000,,,,,,,,,,,,,,,,true,false,3,2019-01-01,2019-03-31,0
2019-05-07,68170,2018-12-31,1,,,,,,,456000000,-0.708,,,,287000000,,10.76,10.57,,,,,,,,,,,,,,,,,,,,,true,false,3,2018-01-01,2018-03-31,-1
2019-05-07,68170,2019-12-31,1,,,,,,,6200000000,0.152,,,,3540000000,,130.81,,,,,,,,,,,,,,,,,,,,,,true,true,12,2019-01-01,2019-12-31,0
2019-05-07,68170,2018-12-31,1,,,,,,,,,,,,,,,,,,,,94277000000,,,,,,,,,,,,,,,,true,false,12,2018-01-01,2018-12-31,-1
2019-05-07,68170,2018-12-31,1,,,,,,,,,,,,,,,,,,,,,,,,,,,,,27.00,,,,27444317,381239,,false,false,12,2018-01-01,2018-12-31,-1
2019-05-07,68170,2019-12-31,1,,,,,,,,,,,,,,,,,,,,,,,,,,,,,6.00,,,,,,,false,false,12,2019-01-01,2019-12-31,0
2019-05-07,68170,2019-12-31,1,,,,,,,,,,,,,,,,,,,,,,,,,,,,,33.00,,,,,,,false,true,12,2019-01-01,2019-12-31,0
2019-05-07,68170,2019-12-31,1,,,,,,,,,,,,,,,,,,,,,,,,,,,,,,,,,27444317,325739,27090384,false,false,3,2019-01-01,2019-03-31,0
2019-05-07,68170,2018-12-31,1,,,,,,,,,,,,,,,,,,,,,,,,,,,,,,,,,,,26711938,false,false,3,2018-01-01,2018-03-31,-1
2019-07-31,68170,2019-12-31,2,,,,,,,1124000000,-0.353,,,,118000000,,4.39,4.37,,,,,96084000000,,,,,,,,,,,,,,,,true,false,6,2019-01-01,2019-06-30,0
2019-07-31,68170,2018-12-31,2,,,,,,,1738000000,-0.480,,,,703000000,,26.32,25.87,,,,,,,,,,,,,,,,,,,,,true,false,6,2018-01-01,2018-06-30,-1
2019-07-31,68170,2019-12-31,2,,,,,,,2200000000,-0.591,,,,500000000,,18.43,,,,,,,,,,,,,,,,,,,,,,true,true,12,2019-01-01,2019-12-31,0
2019-07-31,68170,2018-12-31,2,,,,,,,,,,,,,,,,,,,,94277000000,,,,,,,,,,,,,,,,true,false,12,2018-01-01,2018-12-31,-1
2019-07-31,68170,2018-12-31,2,,,,,,,,,,,,,,,,,,,,,,,,,,,,,27.00,,,,27444317,381239,,false,false,12,2018-01-01,2018-12-31,-1
2019-07-31,68170,2019-12-31,2,,,,,,,,,,,,,,,,,,,,,,,,,,,,,6.00,,,,,,,false,false,12,2019-01-01,2019-12-31,0
2019-07-31,68170,2019-12-31,2,,,,,,,,,,,,,,,,,,,,,,,,,,,,,24.00,,,,,,,false,true,12,2019-01-01,2019-12-31,0
2019-07-31,68170,2019-12-31,2,,,,,,,,,,,,,,,,,,,,,,,,,,,,,,,,,27444317,314327,27107656,false,false,6,2019-01-01,2019-06-30,0
2019-07-31,68170,2018-12-31,2,,,,,,,,,,,,,,,,,,,,,,,,,,,,,,,,,,,26733103,false,false,6,2018-01-01,2018-06-30,-1
2019-10-30,68170,2019-12-31,3,,,,,,,2288000000,-0.402,,,,767000000,,28.30,28.22,,,,,95162000000,,,,,,,,,,,,,,,,true,false,9,2019-01-01,2019-09-30,0
2019-10-30,68170,2018-12-31,3,,,,,,,3823000000,-0.253,,,,1758000000,,65.72,64.67,,,,,,,,,,,,,,,,,,,,,true,false,9,2018-01-01,2018-09-30,-1
2019-10-30,68170,2019-12-31,3,,,,,,,3100000000,-0.424,,,,1000000000,,36.88,,,,,,,,,,,,,,,,,,,,,,true,true,12,2019-01-01,2019-12-31,0
2019-10-30,68170,2018-12-31,3,,,,,,,,,,,,,,,,,,,,94277000000,,,,,,,,,,,,,,,,true,false,12,2018-01-01,2018-12-31,-1
2019-10-30,68170,2018-12-31,3,,,,,,,,,,,,,,,,,,,,,,,,,,,,,27.00,,,,27444317,381239,,false,false,12,2018-01-01,2018-12-31,-1
2019-10-30,68170,2019-12-31,3,,,,,,,,,,,,,,,,,,,,,,,,,,,,,6.00,,,,,,,false,false,12,2019-01-01,2019-12-31,0
2019-10-30,68170,2019-12-31,3,,,,,,,,,,,,,,,,,,,,,,,,,,,,,24.00,,,,,,,false,true,12,2019-01-01,2019-12-31,0
2019-10-30,68170,2019-12-31,3,,,,,,,,,,,,,,,,,,,,,,,,,,,,,,,,,27444317,305440,27117179,false,false,9,2019-01-01,2019-09-30,0
2019-10-30,68170,2018-12-31,3,,,,,,,,,,,,,,,,,,,,,,,,,,,,,,,,,,,26759715,false,false,9,2018-01-01,2018-09-30,-1
2020-02-06,68170,2019-12-31,,,,,,1338000000,-0.370,690000000,-0.395,462000000,-0.596,61000000,,-0.911,2.25,2.25,,,,,48374000000,22935000000,0.473,843.07,22887000000,,,,,24.00,,,,27444317,296624,27122916,false,false,12,2019-01-01,2019-12-31,0
2020-02-06,68170,2018-12-31,,,,,,2125000000,0.018,1141000000,-0.046,1143000000,0.037,683000000,,-0.329,25.49,25.14,,,,,50460000000,23721000000,0.466,869.37,23527000000,,,,,27.00,,,,27444317,381239,26817797,false,false,12,2018-01-01,2018-12-31,-1
2020-02-06,68170,2019-12-31,,,,,,,,3543000000,-0.342,,,,1582000000,,58.36,58.20,,,,,96561000000,,,,,8732000000,-8133000000,-1261000000,,,0.411,,,,,,true,false,12,2019-01-01,2019-12-31,0
2020-02-06,68170,2018-12-31,,,,,,,,5383000000,-0.134,,,,2420000000,,90.24,88.99,,,,,94277000000,,,,,4672000000,-15153000000,9477000000,,,0.299,,,,,,true,false,12,2018-01-01,2018-12-31,-1
2020-02-06,68170,2020-12-31,,,,,,,,4000000000,0.129,,,,2000000000,,73.67,,,,,,,,,,,,,,,,0.326,,,,,,true,true,12,2020-01-01,2020-12-31,1
2020-02-06,68170,2020-12-31,,,,,,,,,,,,,,,,,,,,,,,,,,,,,,24.00,,,,,,,false,true,12,2020-01-01,2020-12-31,1
2020-04-28,68170,2020-12-31,1,,,,,,,-260000000,,,,,-481000000,,-17.75,-17.72,,,,,94744000000,,,,,,,,,,,,,,,,true,false,3,2020-01-01,2020-03-31,0
2020-04-28,68170,2019-12-31,1,,,,,,,600000000,0.314,,,,114000000,,4.22,4.21,,,,,,,,,,,,,,,,,,,,,true,false,3,2019-01-01,2019-03-31,-1
2020-04-28,68170,2020-12-31,1,,,,,,,4000000000,0.129,,,,2000000000,,73.67,,,,,,,,,,,,,,,,,,,,,,true,true,12,2020-01-01,2020-12-31,0
2020-04-28,68170,2019-12-31,1,,,,,,,,,,,,,,,,,,,,96561000000,,,,,,,,,,,,,,,,true,false,12,2019-01-01,2019-12-31,-1
2020-04-28,68170,2019-12-31,1,,,,,,,,,,,,,,,,,,,,,,,,,,,,,24.00,,,,27444317,296624,,false,false,12,2019-01-01,2019-12-31,-1
2020-04-28,68170,2020-12-31,1,,,,,,,,,,,,,,,,,,,,,,,,,,,,,0.00,,,,,,,false,false,12,2020-01-01,2020-12-31,0
2020-04-28,68170,2020-12-31,1,,,,,,,,,,,,,,,,,,,,,,,,,,,,,,,,,27444317,292624,27149836,false,false,3,2020-01-01,2020-03-31,0
2020-04-28,68170,2019-12-31,1,,,,,,,,,,,,,,,,,,,,,,,,,,,,,,,,,,,27090384,false,false,3,2019-01-01,2019-03-31,-1
2020-07-31,68170,2020-12-31,2,,,,,,,-1214000000,,,,,-1383000000,,-50.97,-50.97,,,,,94915000000,,,,,,,,,,,,,,,,true,false,6,2020-01-01,2020-06-30,0
2020-07-31,68170,2019-12-31,2,,,,,,,1124000000,-0.353,,,,118000000,,4.39,4.37,,,,,,,,,,,,,,,,,,,,,true,false,6,2019-01-01,2019-06-30,-1
2020-07-31,68170,2020-12-31,2,,,,,,,-220000000,,,,,-980000000,,-36.09,,,,,,,,,,,,,,,,,,,,,,true,true,12,2020-01-01,2020-12-31,0
2020-07-31,68170,2020-12-31,2,,,,,,,560000000,,,,,-270000000,,-9.94,,,,,,,,,,,,,,,,,,,,,,true,true,12,2020-01-01,2020-12-31,0
2020-07-31,68170,2019-12-31,2,,,,,,,,,,,,,,,,,,,,96561000000,,,,,,,,,,,,,,,,true,false,12,2019-01-01,2019-12-31,-1
2020-07-31,68170,2019-12-31,2,,,,,,,,,,,,,,,,,,,,,,,,,,,,,24.00,,,,27444317,314327,,false,false,12,2019-01-01,2019-12-31,-1
2020-07-31,68170,2020-12-31,2,,,,,,,,,,,,,,,,,,,,,,,,,,,,,0.00,,,,,,,false,false,12,2020-01-01,2020-12-31,0
2020-07-31,68170,2020-12-31,2,,,,,,,,,,,,,,,,,,,,,,,,,,,,,,,,,27444317,292624,27150764,false,false,6,2020-01-01,2020-06-30,0
2020-07-31,68170,2019-12-31,2,,,,,,,,,,,,,,,,,,,,,,,,,,,,,,,,,,,27107656,false,false,6,2019-01-01,2019-06-30,-1
,68170,2020-12-31,,,,,,,,,,,,,,,,,,,,,,,,,,,,,,0.00,,,,,,,false,true,12,2020-01-01,2020-12-31,0
,68170,2020-12-31,,,,,,,,,,,,,,,,,,,,,,,,,,,,,,0.00,,,,,,,false,false,12,2020-01-01,2020-12-31,0
,68170,2019-12-31,,,,,,,,,,,,,,,,,,,,,,,,,,,,,,24.00,,,,,,,false,false,12,2019-01-01,2019-12-31,-1
2020-10-30,68170,2020-12-31,3,,,,,,,116000000,-0.949,,,,-803000000,,-29.58,-29.58,,,,,96517000000,,,,,,,,,,,,,,,,true,false,9,2020-01-01,2020-09-30,0
2020-10-30,68170,2019-12-31,3,,,,,,,2288000000,-0.402,,,,767000000,,28.30,28.22,,,,,,,,,,,,,,,,,,,,,true,false,9,2019-01-01,2019-09-30,-1
2020-10-30,68170,2020-12-31,3,,,,,,,1300000000,-0.633,,,,0,,0.00,,,,,,,,,,,,,,,,,,,,,,true,true,12,2020-01-01,2020-12-31,0
2020-10-30,68170,2019-12-31,3,,,,,,,,,,,,,,,,,,,,96561000000,,,,,,,,,,,,,,,,true,false,12,2019-01-01,2019-12-31,-1
2020-10-30,68170,2019-12-31,3,,,,,,,,,,,,,,,,,,,,,,,,,,,,,24.00,,,,27444317,296624,,false,false,12,2019-01-01,2019-12-31,-1
2020-10-30,68170,2020-12-31,3,,,,,,,,,,,,,,,,,,,,,,,,,,,,,0.00,,,,,,,false,false,12,2020-01-01,2020-12-31,0
2020-10-30,68170,2020-12-31,3,,,,,,,,,,,,,,,,,,,,,,,,,,,,,,,,,27444317,287694,27151711,false,false,9,2020-01-01,2020-09-30,0
2020-10-30,68170,2019-12-31,3,,,,,,,,,,,,,,,,,,,,,,,,,,,,,,,,,,,27117179,false,false,9,2019-01-01,2019-09-30,-1
2021-02-01,68170,2020-12-31,,84400000000,0.013,,,,,,,2800000000,1.153,,,,,,,,,,,,,,,,,,,9.00,,,,,,,false,true,12,2020-01-01,2020-12-31,0
2021-02-01,68170,2019-12-31,,94283000000,,,,,,,,,,,,,,,,,,,,,,,,,,,,24.00,,,,,,,false,false,12,2019-01-01,2019-12-31,-1
2021-02-01,68170,2020-12-31,,,,,,2800000000,1.154,,,,,,800000000,,29.46,,,,,,,,,,,,,,,,,,,,,,true,true,12,2020-01-01,2020-12-31,0
2021-02-01,68170,2019-12-31,,,,,,3543000000,,,,,,,1582000000,,58.36,,,,,,,,,,,,,,,,,,,,,,true,false,12,2019-01-01,2019-12-31,-1
2021-02-01,68170,2020-12-31,,,,,,,,,,,,,,,,,,,,,,,,,,,,,,0.00,,,,,,,false,false,12,2020-01-01,2020-12-31,0
2021-02-08,68170,2020-12-31,,,,,,3442000000,1.572,2590000000,2.751,2528000000,4.468,2234000000,,,82.29,82.18,,,,,50448000000,25068000000,0.497,922.00,25060000000,,,,,9.00,,,,27444317,263694,27156681,false,false,12,2020-01-01,2020-12-31,0
2021-02-08,68170,2019-12-31,,,,,,1338000000,-0.370,690000000,-0.395,462000000,-0.596,61000000,,-0.911,2.25,2.25,,,,,48374000000,22935000000,0.473,843.07,22887000000,,,,,24.00,,,,27444317,296624,27122916,false,false,12,2019-01-01,2019-12-31,-1
2021-02-08,68170,2020-12-31,,,,,,,,2838000000,-0.199,,,,828000000,,30.50,30.46,,,,,98063000000,,,,,9107000000,-6669000000,-447000000,,,0.295,,,,,,true,false,12,2020-01-01,2020-12-31,0
2021-02-08,68170,2019-12-31,,,,,,,,3543000000,-0.342,,,,1582000000,,58.36,58.20,,,,,96561000000,,,,,8732000000,-8133000000,-1261000000,,,0.411,,,,,,true,false,12,2019-01-01,2019-12-31,-1
2021-02-08,68170,2021-12-31,,,,,,,,3500000000,0.233,,,,1500000000,,55.19,,,,,,,,,,,,,,,,0.217,,,,,,true,true,12,2021-01-01,2021-12-31,1
2021-02-08,68170,2021-12-31,,,,,,,,,,,,,,,,,,,,,,,,,,,,,,12.00,,,,,,,false,true,12,2021-01-01,2021-12-31,1
2021-04-28,68170,2021-12-31,1,,,,,,,1361000000,,,,,644000000,,23.69,23.66,,,,,104830000000,,,,,,,,,,,,,,,,true,false,3,2021-01-01,2021-03-31,0
2021-04-28,68170,2020-12-31,1,,,,,,,-260000000,,,,,-481000000,,-17.75,-17.75,,,,,,,,,,,,,,,,,,,,,true,false,3,2020-01-01,2020-03-31,-1
2021-04-28,68170,2021-12-31,1,,,,,,,3500000000,0.233,,,,1500000000,,55.19,,,,,,,,,,,,,,,,,,,,,,true,true,12,2021-01-01,2021-12-31,0
2021-04-28,68170,2020-12-31,1,,,,,,,,,,,,,,,,,,,,98063000000,,,,,,,,,,,,,,,,true,false,12,2020-01-01,2020-12-31,-1
2021-04-28,68170,2020-12-31,1,,,,,,,,,,,,,,,,,,,,,,,,,,,,,9.00,,,,27444317,263694,,false,false,12,2020-01-01,2020-12-31,-1
2021-04-28,68170,2021-12-31,1,,,,,,,,,,,,,,,,,,,,,,,,,,,,,3.00,,,,,,,false,false,12,2021-01-01,2021-12-31,0
2021-04-28,68170,2021-12-31,1,,,,,,,,,,,,,,,,,,,,,,,,,,,,,12.00,,,,,,,false,true,12,2021-01-01,2021-12-31,0
2021-04-28,68170,2021-12-31,1,,,,,,,,,,,,,,,,,,,,,,,,,,,,,,,,,27444317,250316,27186836,false,false,3,2021-01-01,2021-03-31,0
2021-04-28,68170,2020-12-31,1,,,,,,,,,,,,,,,,,,,,,,,,,,,,,,,,,,,27149836,false,false,3,2020-01-01,2020-03-31,-1
2021-07-30,6817,2021-12-31,2,,,,,,,3190000000,,,,,1779000000,,65.43,65.35,,,,,106920000000,,,,,,,,,,,,,,,,true,false,6,2021-01-01,2021-06-30,0
2021-07-30,6817,2020-12-31,2,,,,,,,-1214000000,,,,,-1383000000,,-50.97,-50.97,,,,,,,,,,,,,,,,,,,,,true,false,6,2020-01-01,2020-06-30,-1
2021-07-30,6817,2021-12-31,2,,,,,,,5500000000,0.938,,,,3000000000,,110.32,,,,,,,,,,,,,,,,,,,,,,true,true,12,2021-01-01,2021-12-31,0
2021-07-30,6817,2020-12-31,2,,,,,,,,,,,,,,,,,,,,98063000000,,,,,,,,,,,,,,,,true,false,12,2020-01-01,2020-12-31,-1
2021-07-30,6817,2020-12-31,2,,,,,,,,,,,,,,,,,,,,,,,,,,,,,9.00,,,,27444317,263694,,false,false,12,2020-01-01,2020-12-31,-1
2021-07-30,6817,2021-12-31,2,,,,,,,,,,,,,,,,,,,,,,,,,,,,,3.00,,,,,,,false,false,12,2021-01-01,2021-12-31,0
2021-07-30,6817,2021-12-31,2,,,,,,,,,,,,,,,,,,,,,,,,,,,,,12.00,,,,,,,false,true,12,2021-01-01,2021-12-31,0
2021-07-30,6817,2021-12-31,2,,,,,,,,,,,,,,,,,,,,,,,,,,,,,,,,,27444317,250349,27190430,false,false,6,2021-01-01,2021-06-30,0
2021-07-30,6817,2020-12-31,2,,,,,,,,,,,,,,,,,,,,,,,,,,,,,,,,,,,27150764,false,false,6,2020-01-01,2020-06-30,-1
2021-10-29,6817,2021-12-31,3,,,,,,,4678000000,,,,,2674000000,,98.36,98.32,,,,,110720000000,,,,,,,,,,,,,,,,true,false,9,2021-01-01,2021-09-30,0
2021-10-29,6817,2020-12-31,3,,,,,,,116000000,-0.949,,,,-803000000,,-29.58,-29.58,,,,,,,,,,,,,,,,,,,,,true,false,9,2020-01-01,2020-09-30,-1
2021-10-29,6817,2021-12-31,3,,,,,,,5500000000,0.938,,,,3000000000,,110.32,,,,,,,,,,,,,,,,,,,,,,true,true,12,2021-01-01,2021-12-31,0
2021-10-29,6817,2020-12-31,3,,,,,,,,,,,,,,,,,,,,98063000000,,,,,,,,,,,,,,,,true,false,12,2020-01-01,2020-12-31,-1
2021-10-29,6817,2020-12-31,3,,,,,,,,,,,,,,,,,,,,,,,,,,,,,9.00,,,,27444317,263694,,false,false,12,2020-01-01,2020-12-31,-1
2021-10-29,6817,2021-12-31,3,,,,,,,,,,,,,,,,,,,,,,,,,,,,,11.00,,,,,,,false,false,12,2021-01-01,2021-12-31,0
2021-10-29,6817,2021-12-31,3,,,,,,,,,,,,,,,,,,,,,,,,,,,,,28.00,,,,,,,false,true,12,2021-01-01,2021-12-31,0
2021-10-29,6817,2021-12-31,3,,,,,,,,,,,,,,,,,,,,,,,,,,,,,,,,,27444317,250395,27191618,false,false,9,2021-01-01,2021-09-30,0
2021-10-29,6817,2020-12-31,3,,,,,,,,,,,,,,,,,,,,,,,,,,,,,,,,,,,27151711,false,false,9,2020-01-01,2020-09-30,-1
2022-02-04,6817,2021-12-31,,,,,,1498000000,-0.565,625000000,-0.759,345000000,-0.863,134000000,,-0.940,4.95,4.94,,,,,49600000000,24371000000,0.489,892.35,24266000000,,,,,28.00,,,,27444317,250395,27192191,false,false,12,2021-01-01,2021-12-31,0
2022-02-04,6817,2020-12-31,,,,,,3442000000,1.572,2590000000,2.751,2528000000,4.468,2234000000,,,82.29,82.18,,,,,50448000000,25068000000,0.497,922.00,25060000000,,,,,9.00,,,,27444317,263694,27156681,false,false,12,2020-01-01,2020-12-31,-1
2022-02-04,6817,2021-12-31,,,,,,,,5326000000,0.877,,,,2629000000,,96.68,96.68,,,,,117725000000,,,,,600000000,-6712000000,4751000000,,,0.290,,,,,,true,false,12,2021-01-01,2021-12-31,0
2022-02-04,6817,2020-12-31,,,,,,,,2838000000,-0.199,,,,828000000,,30.50,30.46,,,,,98063000000,,,,,9107000000,-6669000000,-447000000,,,0.295,,,,,,true,false,12,2020-01-01,2020-12-31,-1
2022-02-04,6817,2022-12-31,,,,,,,,5500000000,0.033,,,,3100000000,,114.00,,,,,,,,,,,,,,,,0.254,,,,,,true,true,12,2022-01-01,2022-12-31,1
2022-02-04,6817,2022-12-31,,,,,,,,,,,,,,,,,,,,,,,,,,,,,,29.00,,,,,,,false,true,12,2022-01-01,2022-12-31,1
2022-04-28,6817,2022-12-31,1,,,,,,,850000000,-0.376,,,,339000000,,12.49,,,,,,127624000000,,,,,,,,,,,,,,,,true,false,3,2022-01-01,2022-03-31,0
2022-04-28,6817,2021-12-31,1,,,,,,,1361000000,,,,,644000000,,23.69,23.66,,,,,,,,,,,,,,,,,,,,,true,false,3,2021-01-01,2021-03-31,-1
2022-04-28,6817,2022-12-31,1,,,,,,,5500000000,0.033,,,,3100000000,,114.00,,,,,,,,,,,,,,,,,,,,,,true,true,12,2022-01-01,2022-12-31,0
2022-04-28,6817,2021-12-31,1,,,,,,,,,,,,,,,,,,,,117725000000,,,,,,,,,,,,,,,,true,false,12,2021-01-01,2021-12-31,-1
2022-04-28,6817,2021-12-31,1,,,,,,,,,,,,,,,,,,,,,,,,,,,,,28.00,,,,27444317,250395,,false,false,12,2021-01-01,2021-12-31,-1
2022-04-28,6817,2022-12-31,1,,,,,,,,,,,,,,,,,,,,,,,,,,,,,29.00,,,,,,,false,true,12,2022-01-01,2022-12-31,0
2022-04-28,6817,2022-12-31,1,,,,,,,,,,,,,,,,,,,,,,,,,,,,,,,,,27444317,250488,27193890,false,false,3,2022-01-01,2022-03-31,0
2022-04-28,6817,2021-12-31,1,,,,,,,,,,,,,,,,,,,,,,,,,,,,,,,,,,,27186836,false,false,3,2021-01-01,2021-03-31,-1
2022-07-29,6817,2022-12-31,2,,,,,,,2198000000,-0.311,,,,957000000,,35.23,,,,,,139786000000,,,,,,,,,,,,,,,,true,false,6,2022-01-01,2022-06-30,0
2022-07-29,6817,2021-12-31,2,,,,,,,3190000000,,,,,1779000000,,65.43,65.35,,,,,,,,,,,,,,,,,,,,,true,false,6,2021-01-01,2021-06-30,-1
2022-07-29,6817,2022-12-31,2,,,,,,,5500000000,0.033,,,,3100000000,,114.00,,,,,,,,,,,,,,,,,,,,,,true,true,12,2022-01-01,2022-12-31,0
2022-07-29,6817,2021-12-31,2,,,,,,,,,,,,,,,,,,,,117725000000,,,,,,,,,,,,,,,,true,false,12,2021-01-01,2021-12-31,-1
2022-07-29,6817,2021-12-31,2,,,,,,,,,,,,,,,,,,,,,,,,,,,,,28.00,,,,27444317,250395,,false,false,12,2021-01-01,2021-12-31,-1
2022-07-29,6817,2022-12-31,2,,,,,,,,,,,,,,,,,,,,,,,,,,,,,14.00,,,,,,,false,false,12,2022-01-01,2022-12-31,0
2022-07-29,6817,2022-12-31,2,,,,,,,,,,,,,,,,,,,,,,,,,,,,,29.00,,,,,,,false,true,12,2022-01-01,2022-12-31,0
2022-07-29,6817,2022-12-31,2,,,,,,,,,,,,,,,,,,,,,,,,,,,,,,,,,27444317,250560,27193824,false,false,6,2022-01-01,2022-06-30,0
2022-07-29,6817,2021-12-31,2,,,,,,,,,,,,,,,,,,,,,,,,,,,,,,,,,,,27190430,false,false,6,2021-01-01,2021-06-30,-1
2022-10-31,6817,2022-12-31,3,,,,,,,5348000000,0.143,,,,3033000000,,111.54,,,,,,142221000000,,,,,,,,,,,,,,,,true,false,9,2022-01-01,2022-09-30,0
2022-10-31,6817,2021-12-31,3,,,,,,,4678000000,,,,,2674000000,,98.36,98.32,,,,,,,,,,,,,,,,,,,,,true,false,9,2021-01-01,2021-09-30,-1
2022-10-31,6817,2022-12-31,3,,,,,,,7200000000,0.352,,,,3900000000,,143.42,,,,,,,,,,,,,,,,,,,,,,true,true,12,2022-01-01,2022-12-31,0
2022-10-31,6817,2021-12-31,3,,,,,,,,,,,,,,,,,,,,117725000000,,,,,,,,,,,,,,,,true,false,12,2021-01-01,2021-12-31,-1
2022-10-31,6817,2021-12-31,3,,,,,,,,,,,,,,,,,,,,,,,,,,,,,28.00,,,,27444317,250395,,false,false,12,2021-01-01,2021-12-31,-1
2022-10-31,6817,2022-12-31,3,,,,,,,,,,,,,,,,,,,,,,,,,,,,,14.00,,,,,,,false,false,12,2022-01-01,2022-12-31,0
2022-10-31,6817,2022-12-31,3,,,,,,,,,,,,,,,,,,,,,,,,,,,,,36.00,,,,,,,false,true,12,2022-01-01,2022-12-31,0
2022-10-31,6817,2022-12-31,3,,,,,,,,,,,,,,,,,,,,,,,,,,,,,,,,,27444317,250644,27193788,false,false,9,2022-01-01,2022-09-30,0
2022-10-31,6817,2021-12-31,3,,,,,,,,,,,,,,,,,,,,,,,,,,,,,,,,,,,27191618,false,false,9,2021-01-01,2021-09-30,-1
2022-10-31,68170,2022-12-31,,,,,,7200000000,0.309,,,,,,3900000000,,143.42,,,,,,,,,,,,,,,,,,,,,,true,true,12,2022-01-01,2022-12-31,0
2022-10-31,68170,2021-12-31,,,,,,5326000000,,,,,,,2629000000,,96.68,,,,,,,,,,,,,,,,,,,,,,true,false,12,2021-01-01,2021-12-31,-1
2022-10-31,68170,2022-12-31,,,,,,,,,,,,,,,,,,,,,,,,,,,,,,36.00,,,,,,,false,true,12,2022-01-01,2022-12-31,0
2022-10-31,68170,2022-12-31,,,,,,,,,,,,,,,,,,,,,,,,,,,,,,14.00,,,,,,,false,false,12,2022-01-01,2022-12-31,0
2022-10-31,68170,2021-12-31,,,,,,,,,,,,,,,,,,,,,,,,,,,,,,28.00,,,,,,,false,false,12,2021-01-01,2021-12-31,-1
2023-02-07,6817,2022-12-31,,,,,,,,8189000000,0.538,,,,5099000000,,187.54,185.48,,,,,134846000000,,,,,10566000000,-8174000000,-4130000000,,,0.251,,,,,,true,false,12,2022-01-01,2022-12-31,0
2023-02-07,6817,2021-12-31,,,,,,,,5326000000,0.877,,,,2629000000,,96.68,96.68,,,,,117725000000,,,,,600000000,-6712000000,4751000000,,,0.290,,,,,,true,false,12,2021-01-01,2021-12-31,-1
2023-02-07,6817,2023-12-31,,,,,,,,8600000000,0.050,,,,5100000000,,187.54,,,,,,,,,,,,,,,,0.251,,,,,,true,true,12,2023-01-01,2023-12-31,1
2023-02-07,6817,2021-12-31,,,,,,,,,,,,,,,,,,,,,,,,,,,,,,28.00,,,,27444317,250395,27192191,false,false,12,2021-01-01,2021-12-31,-1
2023-02-07,6817,2022-12-31,,,,,,,,,,,,,,,,,,,,,,,,,,,,,,47.00,,,,27444317,250742,27193746,false,false,12,2022-01-01,2022-12-31,0
2023-02-07,6817,2023-12-31,,,,,,,,,,,,,,,,,,,,,,,,,,,,,,47.00,,,,,,,false,true,12,2023-01-01,2023-12-31,1
2023-04-27,6817,2023-12-31,1,,,,,,,2259000000,1.658,,,,1234000000,,45.41,44.73,,,,,136743000000,,,,,,,,,,,,,,,,true,false,3,2023-01-01,2023-03-31,0
2023-04-27,6817,2022-12-31,1,,,,,,,850000000,-0.376,,,,339000000,,12.49,,,,,,,,,,,,,,,,,,,,,,true,false,3,2022-01-01,2022-03-31,-1
2023-04-27,6817,2023-12-31,1,,,,,,,8600000000,0.050,,,,5100000000,,187.54,,,,,,,,,,,,,,,,,,,,,,true,true,12,2023-01-01,2023-12-31,0
2023-04-27,6817,2022-12-31,1,,,,,,,,,,,,,,,,,,,,134846000000,,,,,,,,,,,,,,,,true,false,12,2022-01-01,2022-12-31,-1
2023-04-27,6817,2022-12-31,1,,,,,,,,,,,,,,,,,,,,,,,,,,,,,47.00,,,,27444317,250742,,false,false,12,2022-01-01,2022-12-31,-1
2023-04-27,6817,2023-12-31,1,,,,,,,,,,,,,,,,,,,,,,,,,,,,,47.00,,,,,,,false,true,12,2023-01-01,2023-12-31,0
2023-04-27,6817,2023-12-31,1,,,,,,,,,,,,,,,,,,,,,,,,,,,,,,,,,27444317,250792,27193555,false,false,3,2023-01-01,2023-03-31,0
2023-04-27,6817,2022-12-31,1,,,,,,,,,,,,,,,,,,,,,,,,,,,,,,,,,,,27193890,false,false,3,2022-01-01,2022-03-31,-1
2023-07-31,6817,2023-12-31,2,,,,,,,5238000000,1.383,,,,3278000000,,117.84,116.02,,,,,150733000000,,,,,,,,,,,,,,,,true,false,6,2023-01-01,2023-06-30,0
2023-07-31,6817,2022-12-31,2,,,,,,,2198000000,-0.311,,,,957000000,,35.23,,,,,,,,,,,,,,,,,,,,,,true,false,6,2022-01-01,2022-06-30,-1
2023-07-31,6817,2023-12-31,2,,,,,,,8600000000,0.050,,,,5100000000,,156.31,,,,,,,,,,,,,,,,,,,,,,true,true,12,2023-01-01,2023-12-31,0
2023-07-31,6817,2022-12-31,2,,,,,,,,,,,,,,,,,,,,134846000000,,,,,,,,,,,,,,,,true,false,12,2022-01-01,2022-12-31,-1
2023-07-31,6817,2022-12-31,2,,,,,,,,,,,,,,,,,,,,,,,,,,,,,47.00,,,,27444317,250742,,false,false,12,2022-01-01,2022-12-31,-1
2023-07-31,6817,2023-12-31,2,,,,,,,,,,,,,,,,,,,,,,,,,,,,,23.00,,,,,,,false,false,12,2023-01-01,2023-12-31,0
2023-07-31,6817,2023-12-31,2,,,,,,,,,,,,,,,,,,,,,,,,,,,,,47.00,,,,,,,false,true,12,2023-01-01,2023-12-31,0
2023-07-31,6817,2023-12-31,2,,,,,,,,,,,,,,,,,,,,,,,,,,,,,,,,,32879317,250828,27820791,false,false,6,2023-01-01,2023-06-30,0
2023-07-31,6817,2022-12-31,2,,,,,,,,,,,,,,,,,,,,,,,,,,,,,,,,,,,27193824,false,false,6,2022-01-01,2022-06-30,-1
2023-10-31,6817,2023-12-31,3,,,,,,,7415000000,0.386,,,,4362000000,,148.16,145.88,,,,,149591000000,,,,,,,,,,,,,,,,true,false,9,2023-01-01,2023-09-30,0
2023-10-31,6817,2022-12-31,3,,,,,,,5348000000,0.143,,,,3033000000,,111.54,,,,,,,,,,,,,,,,,,,,,,true,false,9,2022-01-01,2022-09-30,-1
2023-10-31,6817,2023-12-31,3,,,,,,,8600000000,0.050,,,,5100000000,,156.31,,,,,,,,,,,,,,,,,,,,,,true,true,12,2023-01-01,2023-12-31,0
2023-10-31,6817,2022-12-31,3,,,,,,,,,,,,,,,,,,,,134846000000,,,,,,,,,,,,,,,,true,false,12,2022-01-01,2022-12-31,-1
2023-10-31,6817,2022-12-31,3,,,,,,,,,,,,,,,,,,,,,,,,,,,,,47.00,,,,27444317,250742,,false,false,12,2022-01-01,2022-12-31,-1
2023-10-31,6817,2023-12-31,3,,,,,,,,,,,,,,,,,,,,,,,,,,,,,23.00,,,,,,,false,false,12,2023-01-01,2023-12-31,0
2023-10-31,6817,2023-12-31,3,,,,,,,,,,,,,,,,,,,,,,,,,,,,,47.00,,,,,,,false,true,12,2023-01-01,2023-12-31,0
2023-10-31,6817,2023-12-31,3,,,,,,,,,,,,,,,,,,,,,,,,,,,,,,,,,32879317,250828,29440968,false,false,9,2023-01-01,2023-09-30,0
2023-10-31,6817,2022-12-31,3,,,,,,,,,,,,,,,,,,,,,,,,,,,,,,,,,,,27193788,false,false,9,2022-01-01,2022-09-30,-1
2024-02-07,6817,2023-12-31,,,,,,,,8564000000,0.046,,,,5064000000,,167.46,164.71,,,,,142786000000,,,,,18343000000,-10702000000,-7782000000,,,0.305,,,,,,true,false,12,2023-01-01,2023-12-31,0
2024-02-07,6817,2022-12-31,,,,,,,,8189000000,0.538,,,,5099000000,,187.54,185.48,,,,,134846000000,,,,,10566000000,-8174000000,-4130000000,,,0.251,,,,,,true,false,12,2022-01-01,2022-12-31,-1
2024-02-07,6817,2024-12-31,,,,,,,,9500000000,0.109,,,,5700000000,,174.69,,,,,,,,,,,,,,,,0.303,,,,,,true,true,12,2024-01-01,2024-12-31,1
2024-02-07,6817,2022-12-31,,,,,,,,,,,,,,,,,,,,,,,,,,,,,,47.00,,,,27444317,250742,27193746,false,false,12,2022-01-01,2022-12-31,-1
2024-02-07,6817,2023-12-31,,,,,,,,,,,,,,,,,,,,,,,,,,,,,,51.00,,,,32879317,250963,30244368,false,false,12,2023-01-01,2023-12-31,0
2024-02-07,6817,2024-12-31,,,,,,,,,,,,,,,,,,,,,,,,,,,,,,53.00,,,,,,,false,true,12,2024-01-01,2024-12-31,1
2024-04-30,6817,2024-12-31,1,,,,,,,1194000000,-0.472,,,,348000000,,10.68,10.52,,,,,152361000000,,,,,,,,,,,,,,,,true,false,3,2024-01-01,2024-03-31,0
2024-04-30,6817,2023-12-31,1,,,,,,,2259000000,1.658,,,,1234000000,,45.41,44.74,,,,,,,,,,,,,,,,,,,,,true,false,3,2023-01-01,2023-03-31,-1
2024-04-30,6817,2024-12-31,1,,,,,,,9500000000,0.109,,,,5700000000,,174.69,,,,,,,,,,,,,,,,,,,,,,true,true,12,2024-01-01,2024-12-31,0
2024-04-30,6817,2023-12-31,1,,,,,,,,,,,,,,,,,,,,142786000000,,,,,,,,,,,,,,,,true,false,12,2023-01-01,2023-12-31,-1
2024-04-30,6817,2023-12-31,1,,,,,,,,,,,,,,,,,,,,,,,,,,,,,51.00,,,,32879317,250963,,false,false,12,2023-01-01,2023-12-31,-1
2024-04-30,6817,2024-12-31,1,,,,,,,,,,,,,,,,,,,,,,,,,,,,,53.00,,,,,,,false,true,12,2024-01-01,2024-12-31,0
2024-04-30,6817,2024-12-31,1,,,,,,,,,,,,,,,,,,,,,,,,,,,,,,,,,32879317,251108,32628272,false,false,3,2024-01-01,2024-03-31,0
2024-04-30,6817,2023-12-31,1,,,,,,,,,,,,,,,,,,,,,,,,,,,,,,,,,,,27193555,false,false,3,2023-01-01,2023-03-31,-1
2024-07-31,6817,2024-12-31,2,,,,,,,2332000000,-0.555,,,,486000000,,14.85,14.65,,,,,159600000000,,,,,,,,,,,,,,,,true,false,6,2024-01-01,2024-06-30,0
2024-07-31,6817,2023-12-31,2,,,,,,,5238000000,1.383,,,,3278000000,,117.84,116.02,,,,,,,,,,,,,,,,,,,,,true,false,6,2023-01-01,2023-06-30,-1
2024-07-31,6817,2024-12-31,2,,,,,,,6000000000,-0.299,,,,2100000000,,63.86,,,,,,,,,,,,,,,,,,,,,,true,true,12,2024-01-01,2024-12-31,0
2024-07-31,6817,2023-12-31,2,,,,,,,,,,,,,,,,,,,,142786000000,,,,,,,,,,,,,,,,true,false,12,2023-01-01,2023-12-31,-1
2024-07-31,6817,2023-12-31,2,,,,,,,,,,,,,,,,,,,,,,,,,,,,,51.00,,,,32879317,250963,,false,false,12,2023-01-01,2023-12-31,-1
2024-07-31,6817,2024-12-31,2,,,,,,,,,,,,,,,,,,,,,,,,,,,,,26.00,,,,,,,false,false,12,2024-01-01,2024-12-31,0
2024-07-31,6817,2024-12-31,2,,,,,,,,,,,,,,,,,,,,,,,,,,,,,53.00,,,,,,,false,true,12,2024-01-01,2024-12-31,0
2024-07-31,6817,2024-12-31,2,,,,,,,,,,,,,,,,,,,,,,,,,,,,,,,,,33060417,47608,32750071,false,false,6,2024-01-01,2024-06-30,0
2024-07-31,6817,2023-12-31,2,,,,,,,,,,,,,,,,,,,,,,,,,,,,,,,,,,,27820791,false,false,6,2023-01-01,2023-06-30,-1
2024-10-31,6817,2024-12-31,3,,,,,,,4106000000,-0.446,,,,1242000000,,37.82,37.37,,,,,143335000000,,,,,,,,,,,,,,,,true,false,9,2024-01-01,2024-09-30,0
2024-10-31,6817,2023-12-31,3,,,,,,,7415000000,0.386,,,,4362000000,,148.16,145.88,,,,,,,,,,,,,,,,,,,,,true,false,9,2023-01-01,2023-09-30,-1
2024-10-31,6817,2024-12-31,3,,,,,,,6000000000,-0.299,,,,2100000000,,63.86,,,,,,,,,,,,,,,,,,,,,,true,true,12,2024-01-01,2024-12-31,0
2024-10-31,6817,2023-12-31,3,,,,,,,,,,,,,,,,,,,,142786000000,,,,,,,,,,,,,,,,true,false,12,2023-01-01,2023-12-31,-1
2024-10-31,6817,2023-12-31,3,,,,,,,,,,,,,,,,,,,,,,,,,,,,,51.00,,,,32879317,250963,,false,false,12,2023-01-01,2023-12-31,-1
2024-10-31,6817,2024-12-31,3,,,,,,,,,,,,,,,,,,,,,,,,,,,,,26.00,,,,,,,false,false,12,2024-01-01,2024-12-31,0
2024-10-31,6817,2024-12-31,3,,,,,,,,,,,,,,,,,,,,,,,,,,,,,53.00,,,,,,,false,true,12,2024-01-01,2024-12-31,0
2024-10-31,6817,2024-12-31,3,,,,,,,,,,,,,,,,,,,,,,,,,,,,,,,,,33095817,47648,32846444,false,false,9,2024-01-01,2024-09-30,0
2024-10-31,6817,2023-12-31,3,,,,,,,,,,,,,,,,,,,,,,,,,,,,,,,,,,,29440968,false,false,9,2023-01-01,2023-09-30,-1
2024-12-13,68170,2024-12-31,,,,,,4000000000,-0.333,,,,,,500000000,,15.20,,,,,,,,,,,,,,,,,,,,,,true,true,12,2024-01-01,2024-12-31,0
2024-12-13,68170,2023-12-31,,,,,,8564000000,,,,,,,5064000000,,167.46,,,,,,,,,,,,,,,,,,,,,,true,false,12,2023-01-01,2023-12-31,-1
2025-02-07,6817,2024-12-31,,,,,,,,4513000000,-0.473,,,,590000000,,17.96,17.80,,,,,147766000000,,,,,14928000000,-8834000000,-5268000000,,,2.951,,,,,,true,false,12,2024-01-01,2024-12-31,0
2025-02-07,6817,2023-12-31,,,,,,,,8564000000,0.046,,,,5064000000,,167.46,164.71,,,,,142786000000,,,,,18343000000,-10702000000,-7782000000,,,0.305,,,,,,true,false,12,2023-01-01,2023-12-31,-1
2025-02-07,6817,2025-12-31,,,,,,,,7000000000,0.551,,,,3200000000,,96.83,,,,,,,,,,,,,,,,0.547,,,,,,true,true,12,2025-01-01,2025-12-31,1
2025-02-07,6817,2023-12-31,,,,,,,,,,,,,,,,,,,,,,,,,,,,,,51.00,,,,32879317,250963,30244368,false,false,12,2023-01-01,2023-12-31,-1
2025-02-07,6817,2024-12-31,,,,,,,,,,,,,,,,,,,,,,,,,,,,,,53.00,,,,33096017,47648,32897159,false,false,12,2024-01-01,2024-12-31,0
2025-02-07,6817,2025-12-31,,,,,,,,,,,,,,,,,,,,,,,,,,,,,,53.00,,,,,,,false,true,12,2025-01-01,2025-12-31,1
2025-04-30,6817,2025-12-31,1,,,,,,,1236000000,0.036,,,,585000000,,17.72,17.60,,,,,144110000000,,,,,,,,,,,,,,,,true,false,3,2025-01-01,2025-03-31,0
2025-04-30,6817,2024-12-31,1,,,,,,,1194000000,-0.472,,,,348000000,,10.68,10.52,,,,,,,,,,,,,,,,,,,,,true,false,3,2024-01-01,2024-03-31,-1
2025-04-30,6817,2025-12-31,1,,,,,,,7000000000,0.551,,,,3200000000,,96.83,,,,,,,,,,,,,,,,,,,,,,true,true,12,2025-01-01,2025-12-31,0
2025-04-30,6817,2024-12-31,1,,,,,,,,,,,,,,,,,,,,147766000000,,,,,,,,,,,,,,,,true,false,12,2024-01-01,2024-12-31,-1
2025-04-30,6817,2024-12-31,1,,,,,,,,,,,,,,,,,,,,,,,,,,,,,53.00,,,,33096017,47648,,false,false,12,2024-01-01,2024-12-31,-1
2025-04-30,6817,2025-12-31,1,,,,,,,,,,,,,,,,,,,,,,,,,,,,,53.00,,,,,,,false,true,12,2025-01-01,2025-12-31,0
2025-04-30,6817,2025-12-31,1,,,,,,,,,,,,,,,,,,,,,,,,,,,,,,,,,33097017,47648,33049058,false,false,3,2025-01-01,2025-03-31,0
2025-04-30,6817,2024-12-31,1,,,,,,,,,,,,,,,,,,,,,,,,,,,,,,,,,,,32628272,false,false,3,2024-01-01,2024-03-31,-1
2025-07-31,6817,2025-12-31,2,,,,,,,3364000000,0.442,,,,1667000000,,50.46,50.08,,,,,142062000000,,,,,,,,,,,,,,,,true,false,6,2025-01-01,2025-06-30,0
2025-07-31,6817,2024-12-31,2,,,,,,,2332000000,-0.555,,,,486000000,,14.85,14.65,,,,,,,,,,,,,,,,,,,,,true,false,6,2024-01-01,2024-06-30,-1
2025-07-31,6817,2025-12-31,2,,,,,,,7000000000,0.551,,,,3200000000,,96.83,,,,,,,,,,,,,,,,,,,,,,true,true,12,2025-01-01,2025-12-31,0
2025-07-31,6817,2024-12-31,2,,,,,,,,,,,,,,,,,,,,147766000000,,,,,,,,,,,,,,,,true,false,12,2024-01-01,2024-12-31,-1
2025-07-31,6817,2024-12-31,2,,,,,,,,,,,,,,,,,,,,,,,,,,,,,53.00,,,,33096017,47648,,false,false,12,2024-01-01,2024-12-31,-1
2025-07-31,6817,2025-12-31,2,,,,,,,,,,,,,,,,,,,,,,,,,,,,,26.00,,,,,,,false,false,12,2025-01-01,2025-12-31,0
2025-07-31,6817,2025-12-31,2,,,,,,,,,,,,,,,,,,,,,,,,,,,,,53.00,,,,,,,false,true,12,2025-01-01,2025-12-31,0
2025-07-31,6817,2025-12-31,2,,,,,,,,,,,,,,,,,,,,,,,,,,,,,,,,,33108217,47649,33053683,false,false,6,2025-01-01,2025-06-30,0
2025-07-31,6817,2024-12-31,2,,,,,,,,,,,,,,,,,,,,,,,,,,,,,,,,,,,32750071,false,false,6,2024-01-01,2024-06-30,-1
