filing_date,code,fiscal_year_end,quarterly_period,net_sales,net_sales_change,revenue,revenue_change,operating_revenue,operating_revenue_change,operating_profit,operating_profit_change,ordinary_profit,ordinary_profit_change,net_income,net_income_of_parent,net_income_change,eps,diluted_eps,roe,roa,operating_profit_to_net_sales,operating_profit_to_revenue,total_assets,net_assets,equity_ratio,bps,owner_equity,operating_cash_flow,investing_cash_flow,financing_cash_flow,cash,dividend_per_share,payout_ratio,commemorative_dividend,extra_dividend,number_of_shares,number_of_treqsury_shares,avg_number_of_shares,is_consolidated,is_forecast,duration,period_start,period_end,period_pos
2015-07-30,68230,2016-03-31,1,4323000000,0.054,,,,,345000000,0.074,376000000,0.142,,241000000,,19.76,19.61,,,,,25721000000,15846000000,0.616,,15842000000,,,,,,,,,,,,true,false,3,2015-04-01,2015-06-30,0
2015-07-30,68230,2015-03-31,1,4103000000,-0.004,,,,,321000000,-0.184,329000000,-0.194,,188000000,,15.55,15.36,,,,,,,,,,,,,,,,,,,,,true,false,3,2014-04-01,2014-06-30,-1
2015-07-30,68230,2016-03-31,1,9000000000,0.017,,,,,1000000000,0.028,1000000000,0.017,,700000000,,57.22,,,,,,,,,,,,,,,,,,,,,,true,true,6,2015-04-01,2015-09-30,0
2015-07-30,68230,2016-03-31,1,19100000000,0.018,,,,,2500000000,0.072,2500000000,0.036,,1700000000,,138.88,,,,,,,,,,,,,,,,,,,,,,true,true,12,2015-04-01,2016-03-31,0
2015-07-30,68230,2015-03-31,1,,,,,,,,,,,,,,,,,,,,25691000000,15685000000,0.610,,15679000000,,,,,,,,,,,,true,false,12,2014-04-01,2015-03-31,-1
2015-07-30,68230,2015-03-31,1,,,,,,,,,,,,,,,,,,,,,,,,,,,,,28.00,,,,12214400,17136,,false,false,12,2014-04-01,2015-03-31,-1
2015-07-30,68230,2016-03-31,1,,,,,,,,,,,,,,,,,,,,,,,,,,,,,30.00,,,,,,,false,true,12,2015-04-01,2016-03-31,0
2015-07-30,68230,2016-03-31,1,,,,,,,,,,,,,,,,,,,,,,,,,,,,,,,,,12264400,17136,12219597,false,false,3,2015-04-01,2015-06-30,0
2015-07-30,68230,2015-03-31,1,,,,,,,,,,,,,,,,,,,,,,,,,,,,,,,,,,,12125207,false,false,3,2014-04-01,2014-06-30,-1
2015-10-30,68230,2016-03-31,2,9060000000,0.024,,,,,888000000,-0.086,939000000,-0.044,,613000000,,50.11,,,,,,25072000000,16196000000,0.646,,16196000000,,,,,,,,,,,,true,false,6,2015-04-01,2015-09-30,0
2015-10-30,68230,2015-03-31,2,8846000000,0.017,,,,,972000000,0.078,982000000,0.082,,619000000,,51.05,50.47,,,,,,,,,,,,,,,,,,,,,true,false,6,2014-04-01,2014-09-30,-1
2015-10-30,68230,2016-03-31,2,19100000000,0.018,,,,,2500000000,0.072,2500000000,0.036,,1700000000,,138.63,,,,,,,,,,,,,,,,,,,,,,true,true,12,2015-04-01,2016-03-31,0
2015-10-30,68230,2015-03-31,2,,,,,,,,,,,,,,,,,,,,25691000000,15685000000,0.610,,15679000000,,,,,,,,,,,,true,false,12,2014-04-01,2015-03-31,-1
2015-10-30,68230,2015-03-31,2,,,,,,,,,,,,,,,,,,,,,,,,,,,,,28.00,,,,12214400,17136,,false,false,12,2014-04-01,2015-03-31,-1
2015-10-30,68230,2016-03-31,2,,,,,,,,,,,,,,,,,,,,,,,,,,,,,15.00,,,,,,,false,false,12,2015-04-01,2016-03-31,0
2015-10-30,68230,2016-03-31,2,,,,,,,,,,,,,,,,,,,,,,,,,,,,,30.00,,,,,,,false,true,12,2015-04-01,2016-03-31,0
2015-10-30,68230,2016-03-31,2,,,,,,,,,,,,,,,,,,,,,,,,,,,,,,,,,12294400,17136,12248430,false,false,6,2015-04-01,2015-09-30,0
2015-10-30,68230,2015-03-31,2,,,,,,,,,,,,,,,,,,,,,,,,,,,,,,,,,,,12133368,false,false,6,2014-04-01,2014-09-30,-1
2016-01-29,68230,2016-03-31,3,13695000000,0.027,,,,,1436000000,-0.053,1501000000,-0.022,,998000000,,81.50,,,,,,24759000000,16474000000,0.665,,16474000000,,,,,,,,,,,,true,false,9,2015-04-01,2015-12-31,0
2016-01-29,68230,2015-03-31,3,13339000000,0.020,,,,,1516000000,0.179,1534000000,0.182,,968000000,,79.82,78.94,,,,,,,,,,,,,,,,,,,,,true,false,9,2014-04-01,2014-12-31,-1
2016-01-29,68230,2016-03-31,3,19100000000,0.018,,,,,2500000000,0.072,2500000000,0.036,,1700000000,,138.63,,,,,,,,,,,,,,,,,,,,,,true,true,12,2015-04-01,2016-03-31,0
2016-01-29,68230,2015-03-31,3,,,,,,,,,,,,,,,,,,,,25691000000,15685000000,0.610,,15679000000,,,,,,,,,,,,true,false,12,2014-04-01,2015-03-31,-1
2016-01-29,68230,2015-03-31,3,,,,,,,,,,,,,,,,,,,,,,,,,,,,,28.00,,,,12214400,17136,,false,false,12,2014-04-01,2015-03-31,-1
2016-01-29,68230,2016-03-31,3,,,,,,,,,,,,,,,,,,,,,,,,,,,,,15.00,,,,,,,false,false,12,2015-04-01,2016-03-31,0
2016-01-29,68230,2016-03-31,3,,,,,,,,,,,,,,,,,,,,,,,,,,,,,30.00,,,,,,,false,true,12,2015-04-01,2016-03-31,0
2016-01-29,68230,2016-03-31,3,,,,,,,,,,,,,,,,,,,,,,,,,,,,,,,,,12294400,17136,12258041,false,false,9,2015-04-01,2015-12-31,0
2016-01-29,68230,2015-03-31,3,,,,,,,,,,,,,,,,,,,,,,,,,,,,,,,,,,,12138978,false,false,9,2014-04-01,2014-12-31,-1
2016-04-28,68230,2016-03-31,,18859000000,0.005,,,,,2268000000,-0.027,2370000000,-0.018,,1594000000,,129.99,,0.097,0.092,0.120,,25677000000,17039000000,0.664,1387.86,17039000000,2142000000,-536000000,-1274000000,2798000000,,0.231,,,,,,true,false,12,2015-04-01,2016-03-31,0
2016-04-28,68230,2015-03-31,,18758000000,0.013,,,,,2332000000,0.064,2413000000,0.077,,1427000000,,117.47,116.23,0.095,0.095,0.124,,25691000000,15685000000,0.610,1285.48,15679000000,1457000000,-1183000000,-588000000,2466000000,,0.238,,,,,,true,false,12,2014-04-01,2015-03-31,-1
2016-04-28,68230,2017-03-31,,9500000000,0.048,,,,,1000000000,0.125,1000000000,0.064,,700000000,,57.02,,,,,,,,,,,,,,,,,,,,,,true,true,6,2016-04-01,2016-09-30,1
2016-04-28,68230,2017-03-31,,19700000000,0.045,,,,,2500000000,0.102,2500000000,0.055,,1800000000,,146.61,,,,,,,,,,,,,,,,0.205,,,,,,true,true,12,2016-04-01,2017-03-31,1
2016-04-28,68230,2016-03-31,,15413000000,0.007,,,,,1744000000,-0.049,2092000000,-0.055,1489000000,,0.096,121.47,,,,,,23118000000,15145000000,0.655,1233.65,15145000000,,,,,30.00,,,,12294400,17136,12262847,false,false,12,2015-04-01,2016-03-31,0
2016-04-28,68230,2015-03-31,,15307000000,0.012,,,,,1833000000,0.158,2214000000,0.217,1358000000,,0.204,111.85,110.67,,,,,23277000000,13788000000,0.592,1129.89,13781000000,,,,,28.00,,,,12214400,17136,12148649,false,false,12,2014-04-01,2015-03-31,-1
2016-04-28,68230,2017-03-31,,,,,,,,,,,,,,,,,,,,,,,,,,,,,,30.00,,,,,,,false,true,12,2016-04-01,2017-03-31,1
2016-07-29,68230,2017-03-31,1,4185000000,-0.032,,,,,174000000,-0.495,195000000,-0.480,,144000000,,11.79,,,,,,25464000000,16908000000,0.664,,16908000000,,,,,,,,,,,,true,false,3,2016-04-01,2016-06-30,0
2016-07-29,68230,2016-03-31,1,4323000000,0.054,,,,,345000000,0.074,376000000,0.142,,241000000,,19.76,19.61,,,,,,,,,,,,,,,,,,,,,true,false,3,2015-04-01,2015-06-30,-1
2016-07-29,68230,2017-03-31,1,9500000000,0.048,,,,,1000000000,0.125,1000000000,0.064,,700000000,,57.02,,,,,,,,,,,,,,,,,,,,,,true,true,6,2016-04-01,2016-09-30,0
2016-07-29,68230,2017-03-31,1,19700000000,0.045,,,,,2500000000,0.102,2500000000,0.055,,1800000000,,146.61,,,,,,,,,,,,,,,,,,,,,,true,true,12,2016-04-01,2017-03-31,0
2016-07-29,68230,2016-03-31,1,,,,,,,,,,,,,,,,,,,,25677000000,17039000000,0.664,,17039000000,,,,,,,,,,,,true,false,12,2015-04-01,2016-03-31,-1
2016-07-29,68230,2016-03-31,1,,,,,,,,,,,,,,,,,,,,,,,,,,,,,30.00,,,,12294400,17136,,false,false,12,2015-04-01,2016-03-31,-1
2016-07-29,68230,2017-03-31,1,,,,,,,,,,,,,,,,,,,,,,,,,,,,,30.00,,,,,,,false,true,12,2016-04-01,2017-03-31,0
2016-07-29,68230,2017-03-31,1,,,,,,,,,,,,,,,,,,,,,,,,,,,,,,,,,12294400,17136,12277264,false,false,3,2016-04-01,2016-06-30,0
2016-07-29,68230,2016-03-31,1,,,,,,,,,,,,,,,,,,,,,,,,,,,,,,,,,,,12219597,false,false,3,2015-04-01,2015-06-30,-1
2016-09-15,68230,2017-03-31,,9200000000,-0.032,,,,,700000000,-0.300,700000000,-0.300,,500000000,,40.73,,,,,,,,,,,,,,,,,,,,,,true,true,6,2016-04-01,2016-09-30,0
2016-09-15,68230,2016-03-31,,9060000000,,,,,,888000000,,939000000,,,613000000,,50.11,,,,,,,,,,,,,,,,,,,,,,true,false,6,2015-04-01,2015-09-30,-1
2016-10-28,68230,2017-03-31,2,9101000000,0.005,,,,,645000000,-0.274,680000000,-0.276,,476000000,,38.79,,,,,,25330000000,17238000000,0.681,,17238000000,,,,,,,,,,,,true,false,6,2016-04-01,2016-09-30,0
2016-10-28,68230,2016-03-31,2,9060000000,0.024,,,,,888000000,-0.086,939000000,-0.044,,613000000,,50.11,,,,,,,,,,,,,,,,,,,,,,true,false,6,2015-04-01,2015-09-30,-1
2016-10-28,68230,2017-03-31,2,19700000000,0.045,,,,,2500000000,0.102,2500000000,0.055,,1800000000,,146.61,,,,,,,,,,,,,,,,,,,,,,true,true,12,2016-04-01,2017-03-31,0
2016-10-28,68230,2016-03-31,2,,,,,,,,,,,,,,,,,,,,25677000000,17039000000,0.664,,17039000000,,,,,,,,,,,,true,false,12,2015-04-01,2016-03-31,-1
2016-10-28,68230,2016-03-31,2,,,,,,,,,,,,,,,,,,,,,,,,,,,,,30.00,,,,12294400,17136,,false,false,12,2015-04-01,2016-03-31,-1
2016-10-28,68230,2017-03-31,2,,,,,,,,,,,,,,,,,,,,,,,,,,,,,15.00,,,,,,,false,false,12,2016-04-01,2017-03-31,0
2016-10-28,68230,2017-03-31,2,,,,,,,,,,,,,,,,,,,,,,,,,,,,,30.00,,,,,,,false,true,12,2016-04-01,2017-03-31,0
2016-10-28,68230,2017-03-31,2,,,,,,,,,,,,,,,,,,,,,,,,,,,,,,,,,12294400,17136,12277264,false,false,6,2016-04-01,2016-09-30,0
2016-10-28,68230,2016-03-31,2,,,,,,,,,,,,,,,,,,,,,,,,,,,,,,,,,,,12248430,false,false,6,2015-04-01,2015-09-30,-1
2017-01-30,68230,2017-03-31,3,13839000000,0.011,,,,,1112000000,-0.226,1170000000,-0.220,,808000000,,65.85,,,,,,25195000000,17446000000,0.692,,17446000000,,,,,,,,,,,,true,false,9,2016-04-01,2016-12-31,0
2017-01-30,68230,2016-03-31,3,13695000000,0.027,,,,,1436000000,-0.053,1501000000,-0.022,,998000000,,81.50,,,,,,,,,,,,,,,,,,,,,,true,false,9,2015-04-01,2015-12-31,-1
2017-01-30,68230,2017-03-31,3,19700000000,0.045,,,,,2500000000,0.102,2500000000,0.055,,1800000000,,146.61,,,,,,,,,,,,,,,,,,,,,,true,true,12,2016-04-01,2017-03-31,0
2017-01-30,68230,2016-03-31,3,,,,,,,,,,,,,,,,,,,,25677000000,17039000000,0.664,,17039000000,,,,,,,,,,,,true,false,12,2015-04-01,2016-03-31,-1
2017-01-30,68230,2016-03-31,3,,,,,,,,,,,,,,,,,,,,,,,,,,,,,30.00,,,,12294400,17136,,false,false,12,2015-04-01,2016-03-31,-1
2017-01-30,68230,2017-03-31,3,,,,,,,,,,,,,,,,,,,,,,,,,,,,,15.00,,,,,,,false,false,12,2016-04-01,2017-03-31,0
2017-01-30,68230,2017-03-31,3,,,,,,,,,,,,,,,,,,,,,,,,,,,,,30.00,,,,,,,false,true,12,2016-04-01,2017-03-31,0
2017-01-30,68230,2017-03-31,3,,,,,,,,,,,,,,,,,,,,,,,,,,,,,,,,,12294400,17136,12277264,false,false,9,2016-04-01,2016-12-31,0
2017-01-30,68230,2016-03-31,3,,,,,,,,,,,,,,,,,,,,,,,,,,,,,,,,,,,12258041,false,false,9,2015-04-01,2015-12-31,-1
2017-03-14,68230,2017-03-31,,19200000000,-0.025,,,,,1850000000,-0.260,1950000000,-0.220,,1350000000,,109.96,,,,,,,,,,,,,,,,,,,,,,true,true,12,2016-04-01,2017-03-31,0
2017-03-14,68230,2016-03-31,,18859000000,,,,,,2268000000,,2370000000,,,1594000000,,129.99,,,,,,,,,,,,,,,,,,,,,,true,false,12,2015-04-01,2016-03-31,-1
2017-04-28,68230,2017-03-31,,19194000000,0.018,,,,,1867000000,-0.177,1957000000,-0.174,,1408000000,,114.72,,0.080,0.076,0.097,,25919000000,17962000000,0.693,1463.04,17962000000,2168000000,-562000000,-990000000,3479000000,,0.262,,,,,,true,false,12,2016-04-01,2017-03-31,0
2017-04-28,68230,2016-03-31,,18859000000,0.005,,,,,2268000000,-0.027,2370000000,-0.018,,1594000000,,129.99,,0.097,0.092,0.120,,25677000000,17039000000,0.664,1387.86,17039000000,2142000000,-536000000,-1274000000,2798000000,,0.231,,,,,,true,false,12,2015-04-01,2016-03-31,-1
2017-04-28,68230,2018-03-31,,9300000000,0.022,,,,,900000000,0.395,900000000,0.322,,600000000,,48.87,,,,,,,,,,,,,,,,,,,,,,true,true,6,2017-04-01,2017-09-30,1
2017-04-28,68230,2018-03-31,,19600000000,0.021,,,,,2300000000,0.232,2400000000,0.226,,1700000000,,138.47,,,,,,,,,,,,,,,,0.217,,,,,,true,true,12,2017-04-01,2018-03-31,1
2017-04-28,68230,2017-03-31,,15320000000,-0.006,,,,,1372000000,-0.213,1844000000,-0.118,1463000000,,-0.017,119.21,,,,,,23353000000,16106000000,0.690,1311.91,16106000000,,,,,30.00,,,,12294400,17136,12277264,false,false,12,2016-04-01,2017-03-31,0
2017-04-28,68230,2016-03-31,,15413000000,0.007,,,,,1744000000,-0.049,2092000000,-0.055,1489000000,,0.096,121.47,,,,,,23118000000,15145000000,0.655,1233.65,15145000000,,,,,30.00,,,,12294400,17136,12262847,false,false,12,2015-04-01,2016-03-31,-1
2017-04-28,68230,2018-03-31,,,,,,,,,,,,,,,,,,,,,,,,,,,,,,30.00,,,,,,,false,true,12,2017-04-01,2018-03-31,1
2017-07-28,68230,2018-03-31,1,4475000000,0.069,,,,,417000000,1.392,449000000,1.297,,310000000,,25.29,,,,,,26227000000,18094000000,0.690,,18094000000,,,,,,,,,,,,true,false,3,2017-04-01,2017-06-30,0
2017-07-28,68230,2017-03-31,1,4185000000,-0.032,,,,,174000000,-0.495,195000000,-0.480,,144000000,,11.79,,,,,,,,,,,,,,,,,,,,,,true,false,3,2016-04-01,2016-06-30,-1
2017-07-28,68230,2018-03-31,1,9300000000,0.022,,,,,900000000,0.395,900000000,0.322,,600000000,,48.87,,,,,,,,,,,,,,,,,,,,,,true,true,6,2017-04-01,2017-09-30,0
2017-07-28,68230,2018-03-31,1,19600000000,0.021,,,,,2300000000,0.232,2400000000,0.226,,1700000000,,138.47,,,,,,,,,,,,,,,,,,,,,,true,true,12,2017-04-01,2018-03-31,0
2017-07-28,68230,2017-03-31,1,,,,,,,,,,,,,,,,,,,,25919000000,17962000000,0.693,,17962000000,,,,,,,,,,,,true,false,12,2016-04-01,2017-03-31,-1
2017-07-28,68230,2017-03-31,1,,,,,,,,,,,,,,,,,,,,,,,,,,,,,30.00,,,,12294400,17136,,false,false,12,2016-04-01,2017-03-31,-1
2017-07-28,68230,2018-03-31,1,,,,,,,,,,,,,,,,,,,,,,,,,,,,,30.00,,,,,,,false,true,12,2017-04-01,2018-03-31,0
2017-07-28,68230,2018-03-31,1,,,,,,,,,,,,,,,,,,,,,,,,,,,,,,,,,12294400,17136,12277264,false,false,3,2017-04-01,2017-06-30,0
2017-07-28,68230,2017-03-31,1,,,,,,,,,,,,,,,,,,,,,,,,,,,,,,,,,,,12277264,false,false,3,2016-04-01,2016-06-30,-1
2017-10-30,68230,2018-03-31,2,9488000000,0.043,,,,,1000000000,0.551,1055000000,0.550,,746000000,,60.77,,,,,,26297000000,18524000000,0.704,,18524000000,,,,,,,,,,,,true,false,6,2017-04-01,2017-09-30,0
2017-10-30,68230,2017-03-31,2,9101000000,0.005,,,,,645000000,-0.274,680000000,-0.276,,476000000,,38.79,,,,,,,,,,,,,,,,,,,,,,true,false,6,2016-04-01,2016-09-30,-1
2017-10-30,68230,2018-03-31,2,19600000000,0.021,,,,,2300000000,0.232,2400000000,0.226,,1700000000,,138.47,,,,,,,,,,,,,,,,,,,,,,true,true,12,2017-04-01,2018-03-31,0
2017-10-30,68230,2017-03-31,2,,,,,,,,,,,,,,,,,,,,25919000000,17962000000,0.693,,17962000000,,,,,,,,,,,,true,false,12,2016-04-01,2017-03-31,-1
2017-10-30,68230,2017-03-31,2,,,,,,,,,,,,,,,,,,,,,,,,,,,,,30.00,,,,12294400,17136,,false,false,12,2016-04-01,2017-03-31,-1
2017-10-30,68230,2018-03-31,2,,,,,,,,,,,,,,,,,,,,,,,,,,,,,15.00,,,,,,,false,false,12,2017-04-01,2018-03-31,0
2017-10-30,68230,2018-03-31,2,,,,,,,,,,,,,,,,,,,,,,,,,,,,,30.00,,,,,,,false,true,12,2017-04-01,2018-03-31,0
2017-10-30,68230,2018-03-31,2,,,,,,,,,,,,,,,,,,,,,,,,,,,,,,,,,12294400,17137,12277263,false,false,6,2017-04-01,2017-09-30,0
2017-10-30,68230,2017-03-31,2,,,,,,,,,,,,,,,,,,,,,,,,,,,,,,,,,,,12277264,false,false,6,2016-04-01,2016-09-30,-1
2018-01-30,68230,2018-03-31,3,14687000000,0.061,,,,,1799000000,0.618,1876000000,0.603,,1339000000,,109.14,,,,,,26381000000,19024000000,0.721,,19024000000,,,,,,,,,,,,true,false,9,2017-04-01,2017-12-31,0
2018-01-30,68230,2017-03-31,3,13839000000,0.011,,,,,1112000000,-0.226,1170000000,-0.220,,808000000,,65.85,,,,,,,,,,,,,,,,,,,,,,true,false,9,2016-04-01,2016-12-31,-1
2018-01-30,68230,2018-03-31,3,19600000000,0.021,,,,,2300000000,0.232,2400000000,0.226,,1700000000,,138.47,,,,,,,,,,,,,,,,,,,,,,true,true,12,2017-04-01,2018-03-31,0
2018-01-30,68230,2017-03-31,3,,,,,,,,,,,,,,,,,,,,25919000000,17962000000,0.693,,17962000000,,,,,,,,,,,,true,false,12,2016-04-01,2017-03-31,-1
2018-01-30,68230,2017-03-31,3,,,,,,,,,,,,,,,,,,,,,,,,,,,,,30.00,,,,12294400,17136,,false,false,12,2016-04-01,2017-03-31,-1
2018-01-30,68230,2018-03-31,3,,,,,,,,,,,,,,,,,,,,,,,,,,,,,15.00,,,,,,,false,false,12,2017-04-01,2018-03-31,0
2018-01-30,68230,2018-03-31,3,,,,,,,,,,,,,,,,,,,,,,,,,,,,,35.00,,,,,,,false,true,12,2017-04-01,2018-03-31,0
2018-01-30,68230,2018-03-31,3,,,,,,,,,,,,,,,,,,,,,,,,,,,,,,,,,12294400,17137,12277263,false,false,9,2017-04-01,2017-12-31,0
2018-01-30,68230,2017-03-31,3,,,,,,,,,,,,,,,,,,,,,,,,,,,,,,,,,,,12277264,false,false,9,2016-04-01,2016-12-31,-1
2018-04-27,68230,2018-03-31,,20350000000,0.060,,,,,2572000000,0.377,2651000000,0.354,,1887000000,,153.76,,0.101,0.099,0.126,,27795000000,19572000000,0.704,1594.19,19572000000,1920000000,-695000000,-816000000,3888000000,,0.228,,,,,,true,false,12,2017-04-01,2018-03-31,0
2018-04-27,68230,2017-03-31,,19194000000,0.018,,,,,1867000000,-0.177,1957000000,-0.174,,1408000000,,114.72,,0.080,0.076,0.097,,25919000000,17962000000,0.693,1463.04,17962000000,2168000000,-562000000,-990000000,3479000000,,0.262,,,,,,true,false,12,2016-04-01,2017-03-31,-1
2018-04-27,68230,2019-03-31,,9600000000,0.012,,,,,1050000000,0.050,1100000000,0.043,,800000000,,65.16,,,,,,,,,,,,,,,,,,,,,,true,true,6,2018-04-01,2018-09-30,1
2018-04-27,68230,2019-03-31,,20600000000,0.012,,,,,2700000000,0.050,2800000000,0.056,,2000000000,,162.90,,,,,,,,,,,,,,,,0.215,,,,,,true,true,12,2018-04-01,2019-03-31,1
2018-04-27,68230,2018-03-31,,16246000000,0.060,,,,,2160000000,0.574,2542000000,0.378,1930000000,,0.319,157.21,,,,,,25158000000,17812000000,0.708,1450.83,17812000000,,,,,35.00,,,,12294400,17137,12277263,false,false,12,2017-04-01,2018-03-31,0
2018-04-27,68230,2017-03-31,,15320000000,-0.006,,,,,1372000000,-0.213,1844000000,-0.118,1463000000,,-0.017,119.21,,,,,,23353000000,16106000000,0.690,1311.91,16106000000,,,,,30.00,,,,12294400,17136,12277264,false,false,12,2016-04-01,2017-03-31,-1
2018-04-27,68230,2019-03-31,,,,,,,,,,,,,,,,,,,,,,,,,,,,,,35.00,,,,,,,false,true,12,2018-04-01,2019-03-31,1
2018-07-30,68230,2019-03-31,1,4674000000,0.044,,,,,495000000,0.187,527000000,0.174,,379000000,,30.92,,,,,,27855000000,19762000000,0.709,,19762000000,,,,,,,,,,,,true,false,3,2018-04-01,2018-06-30,0
2018-07-30,68230,2018-03-31,1,4475000000,0.069,,,,,417000000,1.392,449000000,1.297,,310000000,,25.29,,,,,,,,,,,,,,,,,,,,,,true,false,3,2017-04-01,2017-06-30,-1
2018-07-30,68230,2019-03-31,1,9600000000,0.012,,,,,1050000000,0.050,1100000000,0.043,,800000000,,65.16,,,,,,,,,,,,,,,,,,,,,,true,true,6,2018-04-01,2018-09-30,0
2018-07-30,68230,2019-03-31,1,20600000000,0.012,,,,,2700000000,0.050,2800000000,0.056,,2000000000,,162.90,,,,,,,,,,,,,,,,,,,,,,true,true,12,2018-04-01,2019-03-31,0
2018-07-30,68230,2018-03-31,1,,,,,,,,,,,,,,,,,,,,27795000000,19572000000,0.704,,19572000000,,,,,,,,,,,,true,false,12,2017-04-01,2018-03-31,-1
2018-07-30,68230,2018-03-31,1,,,,,,,,,,,,,,,,,,,,,,,,,,,,,35.00,,,,12294400,17137,,false,false,12,2017-04-01,2018-03-31,-1
2018-07-30,68230,2019-03-31,1,,,,,,,,,,,,,,,,,,,,,,,,,,,,,35.00,,,,,,,false,true,12,2018-04-01,2019-03-31,0
2018-07-30,68230,2019-03-31,1,,,,,,,,,,,,,,,,,,,,,,,,,,,,,,,,,12294400,17137,12277263,false,false,3,2018-04-01,2018-06-30,0
2018-07-30,68230,2018-03-31,1,,,,,,,,,,,,,,,,,,,,,,,,,,,,,,,,,,,12277264,false,false,3,2017-04-01,2017-06-30,-1
2018-10-30,68230,2019-03-31,2,9903000000,0.044,,,,,1057000000,0.057,1111000000,0.054,,793000000,,64.66,,,,,,27609000000,20123000000,0.729,,20123000000,,,,,,,,,,,,true,false,6,2018-04-01,2018-09-30,0
2018-10-30,68230,2018-03-31,2,9488000000,0.043,,,,,1000000000,0.551,1055000000,0.550,,746000000,,60.77,,,,,,,,,,,,,,,,,,,,,,true,false,6,2017-04-01,2017-09-30,-1
2018-10-30,68230,2019-03-31,2,20600000000,0.012,,,,,2700000000,0.050,2800000000,0.056,,2000000000,,162.90,,,,,,,,,,,,,,,,,,,,,,true,true,12,2018-04-01,2019-03-31,0
2018-10-30,68230,2018-03-31,2,,,,,,,,,,,,,,,,,,,,27795000000,19572000000,0.704,,19572000000,,,,,,,,,,,,true,false,12,2017-04-01,2018-03-31,-1
2018-10-30,68230,2018-03-31,2,,,,,,,,,,,,,,,,,,,,,,,,,,,,,35.00,,,,12294400,17137,,false,false,12,2017-04-01,2018-03-31,-1
2018-10-30,68230,2019-03-31,2,,,,,,,,,,,,,,,,,,,,,,,,,,,,,18.00,,,,,,,false,false,12,2018-04-01,2019-03-31,0
2018-10-30,68230,2019-03-31,2,,,,,,,,,,,,,,,,,,,,,,,,,,,,,35.00,,,,,,,false,true,12,2018-04-01,2019-03-31,0
2018-10-30,68230,2019-03-31,2,,,,,,,,,,,,,,,,,,,,,,,,,,,,,,,,,12294400,17164,12277249,false,false,6,2018-04-01,2018-09-30,0
2018-10-30,68230,2018-03-31,2,,,,,,,,,,,,,,,,,,,,,,,,,,,,,,,,,,,12277263,false,false,6,2017-04-01,2017-09-30,-1
2019-01-30,68230,2019-03-31,3,15360000000,0.046,,,,,1835000000,0.020,1906000000,0.016,,1357000000,,110.53,,,,,,27289000000,20332000000,0.745,,20332000000,,,,,,,,,,,,true,false,9,2018-04-01,2018-12-31,0
2019-01-30,68230,2018-03-31,3,14687000000,0.061,,,,,1799000000,0.618,1876000000,0.603,,1339000000,,109.14,,,,,,,,,,,,,,,,,,,,,,true,false,9,2017-04-01,2017-12-31,-1
2019-01-30,68230,2019-03-31,3,20600000000,0.012,,,,,2700000000,0.050,2800000000,0.056,,2000000000,,162.90,,,,,,,,,,,,,,,,,,,,,,true,true,12,2018-04-01,2019-03-31,0
2019-01-30,68230,2018-03-31,3,,,,,,,,,,,,,,,,,,,,27795000000,19572000000,0.704,,19572000000,,,,,,,,,,,,true,false,12,2017-04-01,2018-03-31,-1
2019-01-30,68230,2018-03-31,3,,,,,,,,,,,,,,,,,,,,,,,,,,,,,35.00,,,,12294400,17137,,false,false,12,2017-04-01,2018-03-31,-1
2019-01-30,68230,2019-03-31,3,,,,,,,,,,,,,,,,,,,,,,,,,,,,,18.00,,,,,,,false,false,12,2018-04-01,2019-03-31,0
2019-01-30,68230,2019-03-31,3,,,,,,,,,,,,,,,,,,,,,,,,,,,,,40.00,,,,,,,false,true,12,2018-04-01,2019-03-31,0
2019-01-30,68230,2019-03-31,3,,,,,,,,,,,,,,,,,,,,,,,,,,,,,,,,,12294400,17197,12277234,false,false,9,2018-04-01,2018-12-31,0
2019-01-30,68230,2018-03-31,3,,,,,,,,,,,,,,,,,,,,,,,,,,,,,,,,,,,12277263,false,false,9,2017-04-01,2017-12-31,-1
,68230,2019-03-31,,,,,,,,,,,,,,,,,,,,,,,,,,,,,,40.00,,,,,,,false,true,12,2018-04-01,2019-03-31,0
,68230,2019-03-31,,,,,,,,,,,,,,,,,,,,,,,,,,,,,,18.00,,,,,,,false,false,12,2018-04-01,2019-03-31,0
,68230,2018-03-31,,,,,,,,,,,,,,,,,,,,,,,,,,,,,,35.00,,,,,,,false,false,12,2017-04-01,2018-03-31,-1
2019-04-26,68230,2019-03-31,,21289000000,0.046,,,,,2703000000,0.051,2789000000,0.052,,2002000000,,163.14,,0.099,0.099,0.127,,28476000000,21043000000,0.739,1713.99,21043000000,1664000000,-756000000,-532000000,4263000000,,0.245,,,,,,true,false,12,2018-04-01,2019-03-31,0
2019-04-26,68230,2018-03-31,,20350000000,0.060,,,,,2572000000,0.377,2651000000,0.354,,1887000000,,153.76,,0.101,0.099,0.126,,27795000000,19572000000,0.704,1594.19,19572000000,1920000000,-695000000,-816000000,3888000000,,0.228,,,,,,true,false,12,2017-04-01,2018-03-31,-1
2019-04-26,68230,2020-03-31,,10000000000,0.010,,,,,1050000000,-0.007,1200000000,0.080,,800000000,,65.16,,,,,,,,,,,,,,,,,,,,,,true,true,6,2019-04-01,2019-09-30,1
2019-04-26,68230,2020-03-31,,21600000000,0.015,,,,,2800000000,0.036,2900000000,0.040,,2100000000,,171.05,,,,,,,,,,,,,,,,0.234,,,,,,true,true,12,2019-04-01,2020-03-31,1
2019-04-26,68230,2019-03-31,,17041000000,0.049,,,,,2257000000,0.045,2617000000,0.030,1952000000,,0.012,159.05,,,,,,25788000000,19267000000,0.747,1569.38,19267000000,,,,,40.00,,,,12294400,17202,12277226,false,false,12,2018-04-01,2019-03-31,0
2019-04-26,68230,2018-03-31,,16246000000,0.060,,,,,2160000000,0.574,2542000000,0.378,1930000000,,0.319,157.21,,,,,,25158000000,17812000000,0.708,1450.83,17812000000,,,,,35.00,,,,12294400,17137,12277263,false,false,12,2017-04-01,2018-03-31,-1
2019-04-26,68230,2020-03-31,,,,,,,,,,,,,,,,,,,,,,,,,,,,,,40.00,,,,,,,false,true,12,2019-04-01,2020-03-31,1
2019-07-30,68230,2020-03-31,1,4888000000,0.046,,,,,627000000,0.267,644000000,0.222,,450000000,,36.73,,,,,,29042000000,21268000000,0.732,,21268000000,,,,,,,,,,,,true,false,3,2019-04-01,2019-06-30,0
2019-07-30,68230,2019-03-31,1,4674000000,0.044,,,,,495000000,0.187,527000000,0.174,,379000000,,30.92,,,,,,,,,,,,,,,,,,,,,,true,false,3,2018-04-01,2018-06-30,-1
2019-07-30,68230,2020-03-31,1,10000000000,0.010,,,,,1050000000,-0.007,1200000000,0.080,,800000000,,65.16,,,,,,,,,,,,,,,,,,,,,,true,true,6,2019-04-01,2019-09-30,0
2019-07-30,68230,2020-03-31,1,21600000000,0.015,,,,,2800000000,0.036,2900000000,0.040,,2100000000,,171.05,,,,,,,,,,,,,,,,,,,,,,true,true,12,2019-04-01,2020-03-31,0
2019-07-30,68230,2019-03-31,1,,,,,,,,,,,,,,,,,,,,28476000000,21043000000,0.739,,21043000000,,,,,,,,,,,,true,false,12,2018-04-01,2019-03-31,-1
2019-07-30,68230,2019-03-31,1,,,,,,,,,,,,,,,,,,,,,,,,,,,,,40.00,,,,12294400,17202,,false,false,12,2018-04-01,2019-03-31,-1
2019-07-30,68230,2020-03-31,1,,,,,,,,,,,,,,,,,,,,,,,,,,,,,40.00,,,,,,,false,true,12,2019-04-01,2020-03-31,0
2019-07-30,68230,2020-03-31,1,,,,,,,,,,,,,,,,,,,,,,,,,,,,,,,,,12294400,17240,12277172,false,false,3,2019-04-01,2019-06-30,0
2019-07-30,68230,2019-03-31,1,,,,,,,,,,,,,,,,,,,,,,,,,,,,,,,,,,,12277263,false,false,3,2018-04-01,2018-06-30,-1
2019-10-21,68230,2020-03-31,,10450000000,0.045,,,,,1400000000,0.333,1400000000,0.167,1000000000,,0.250,81.45,,,,,,,,,,,,,,,,,,,,,,true,true,6,2019-04-01,2019-09-30,0
2019-10-21,68230,2019-03-31,,9903000000,,,,,,1057000000,,1111000000,,793000000,,,64.66,,,,,,,,,,,,,,,,,,,,,,true,false,6,2018-04-01,2018-09-30,-1
2019-10-30,68230,2020-03-31,2,10489000000,0.059,,,,,1399000000,0.324,1437000000,0.293,,999000000,,81.38,,,,,,29161000000,21892000000,0.751,,21892000000,,,,,,,,,,,,true,false,6,2019-04-01,2019-09-30,0
2019-10-30,68230,2019-03-31,2,9903000000,0.044,,,,,1057000000,0.057,1111000000,0.054,,793000000,,64.66,,,,,,,,,,,,,,,,,,,,,,true,false,6,2018-04-01,2018-09-30,-1
2019-10-30,68230,2020-03-31,2,21600000000,0.015,,,,,2800000000,0.036,2900000000,0.040,,2100000000,,171.05,,,,,,,,,,,,,,,,,,,,,,true,true,12,2019-04-01,2020-03-31,0
2019-10-30,68230,2019-03-31,2,,,,,,,,,,,,,,,,,,,,28476000000,21043000000,0.739,,21043000000,,,,,,,,,,,,true,false,12,2018-04-01,2019-03-31,-1
2019-10-30,68230,2019-03-31,2,,,,,,,,,,,,,,,,,,,,,,,,,,,,,40.00,,,,12294400,17202,,false,false,12,2018-04-01,2019-03-31,-1
2019-10-30,68230,2020-03-31,2,,,,,,,,,,,,,,,,,,,,,,,,,,,,,20.00,,,,,,,false,false,12,2019-04-01,2020-03-31,0
2019-10-30,68230,2020-03-31,2,,,,,,,,,,,,,,,,,,,,,,,,,,,,,40.00,,,,,,,false,true,12,2019-04-01,2020-03-31,0
2019-10-30,68230,2020-03-31,2,,,,,,,,,,,,,,,,,,,,,,,,,,,,,,,,,12294400,17240,12277166,false,false,6,2019-04-01,2019-09-30,0
2019-10-30,68230,2019-03-31,2,,,,,,,,,,,,,,,,,,,,,,,,,,,,,,,,,,,12277249,false,false,6,2018-04-01,2018-09-30,-1
2020-01-30,68230,2020-03-31,3,15506000000,0.010,,,,,1822000000,-0.007,1883000000,-0.012,,1315000000,,107.15,,,,,,28886000000,21991000000,0.761,,21991000000,,,,,,,,,,,,true,false,9,2019-04-01,2019-12-31,0
2020-01-30,68230,2019-03-31,3,15360000000,0.046,,,,,1835000000,0.020,1906000000,0.016,,1357000000,,110.53,,,,,,,,,,,,,,,,,,,,,,true,false,9,2018-04-01,2018-12-31,-1
2020-01-30,68230,2020-03-31,3,21600000000,0.015,,,,,2800000000,0.036,2900000000,0.040,,2100000000,,171.05,,,,,,,,,,,,,,,,,,,,,,true,true,12,2019-04-01,2020-03-31,0
2020-01-30,68230,2019-03-31,3,,,,,,,,,,,,,,,,,,,,28476000000,21043000000,0.739,,21043000000,,,,,,,,,,,,true,false,12,2018-04-01,2019-03-31,-1
2020-01-30,68230,2019-03-31,3,,,,,,,,,,,,,,,,,,,,,,,,,,,,,40.00,,,,12294400,17202,,false,false,12,2018-04-01,2019-03-31,-1
2020-01-30,68230,2020-03-31,3,,,,,,,,,,,,,,,,,,,,,,,,,,,,,20.00,,,,,,,false,false,12,2019-04-01,2020-03-31,0
2020-01-30,68230,2020-03-31,3,,,,,,,,,,,,,,,,,,,,,,,,,,,,,43.00,,,,,,,false,true,12,2019-04-01,2020-03-31,0
2020-01-30,68230,2020-03-31,3,,,,,,,,,,,,,,,,,,,,,,,,,,,,,,,,,12294400,17293,12277151,false,false,9,2019-04-01,2019-12-31,0
2020-01-30,68230,2019-03-31,3,,,,,,,,,,,,,,,,,,,,,,,,,,,,,,,,,,,12277234,false,false,9,2018-04-01,2018-12-31,-1
,68230,2020-03-31,,,,,,,,,,,,,,,,,,,,,,,,,,,,,,43.00,,,,,,,false,true,12,2019-04-01,2020-03-31,0
,68230,2020-03-31,,,,,,,,,,,,,,,,,,,,,,,,,,,,,,20.00,,,,,,,false,false,12,2019-04-01,2020-03-31,0
,68230,2019-03-31,,,,,,,,,,,,,,,,,,,,,,,,,,,,,,40.00,,,,,,,false,false,12,2018-04-01,2019-03-31,-1
2020-04-28,68230,2020-03-31,,21465000000,0.008,,,,,2485000000,-0.081,2577000000,-0.076,,1779000000,,144.96,,0.082,0.088,0.116,,29850000000,22232000000,0.745,1810.87,22232000000,2696000000,-969000000,-528000000,5467000000,,0.297,,,,,,true,false,12,2019-04-01,2020-03-31,0
2020-04-28,68230,2019-03-31,,21289000000,0.046,,,,,2703000000,0.051,2789000000,0.052,,2002000000,,163.14,,0.099,0.099,0.127,,28476000000,21043000000,0.739,1713.99,21043000000,1664000000,-756000000,-532000000,4263000000,,0.245,,,,,,true,false,12,2018-04-01,2019-03-31,-1
2020-04-28,68230,2021-03-31,,10700000000,0.020,,,,,1400000000,0.000,1450000000,0.009,,1000000000,,81.45,,,,,,,,,,,,,,,,,,,,,,true,true,6,2020-04-01,2020-09-30,1
2020-04-28,68230,2021-03-31,,22300000000,0.039,,,,,2500000000,0.006,2600000000,0.009,,1900000000,,154.76,,,,,,,,,,,,,,,,0.278,,,,,,true,true,12,2020-04-01,2021-03-31,1
2020-04-28,68230,2020-03-31,,16999000000,-0.002,,,,,2053000000,-0.090,2330000000,-0.109,1686000000,,-0.136,137.39,,,,,,26832000000,20371000000,0.759,1659.30,20371000000,,,,,43.00,,,,12294400,17293,12277140,false,false,12,2019-04-01,2020-03-31,0
2020-04-28,68230,2019-03-31,,17041000000,0.049,,,,,2257000000,0.045,2617000000,0.030,1952000000,,0.012,159.05,,,,,,25788000000,19267000000,0.747,1569.38,19267000000,,,,,40.00,,,,12294400,17202,12277226,false,false,12,2018-04-01,2019-03-31,-1
2020-04-28,68230,2021-03-31,,,,,,,,,,,,,,,,,,,,,,,,,,,,,,43.00,,,,,,,false,true,12,2020-04-01,2021-03-31,1
2020-05-22,68230,2021-03-31,,9400000000,-0.121,,,,,700000000,-0.500,750000000,-0.483,,650000000,,52.94,,,,,,,,,,,,,,,,,,,,,,true,true,6,2020-04-01,2020-09-30,0
2020-05-22,68230,2020-03-31,,10489000000,,,,,,1399000000,,1437000000,,,999000000,,81.38,,,,,,,,,,,,,,,,,,,,,,true,false,6,2019-04-01,2019-09-30,-1
2020-05-22,68230,2021-03-31,,21000000000,-0.058,,,,,1800000000,-0.280,1900000000,-0.269,,1500000000,,122.18,,,,,,,,,,,,,,,,,,,,,,true,true,12,2020-04-01,2021-03-31,0
2020-05-22,68230,2020-03-31,,21465000000,,,,,,2485000000,,2577000000,,,1779000000,,144.96,,,,,,,,,,,,,,,,,,,,,,true,false,12,2019-04-01,2020-03-31,-1
2020-07-30,68230,2021-03-31,1,3997000000,-0.182,,,,,261000000,-0.583,281000000,-0.563,,303000000,,24.69,,,,,,29594000000,22328000000,0.754,,22328000000,,,,,,,,,,,,true,false,3,2020-04-01,2020-06-30,0
2020-07-30,68230,2020-03-31,1,4888000000,0.046,,,,,627000000,0.267,644000000,0.222,,450000000,,36.73,,,,,,,,,,,,,,,,,,,,,,true,false,3,2019-04-01,2019-06-30,-1
2020-07-30,68230,2021-03-31,1,9400000000,-0.104,,,,,700000000,-0.500,750000000,-0.478,,650000000,,52.94,,,,,,,,,,,,,,,,,,,,,,true,true,6,2020-04-01,2020-09-30,0
2020-07-30,68230,2021-03-31,1,21000000000,-0.022,,,,,1800000000,-0.276,1900000000,-0.263,,1500000000,,122.18,,,,,,,,,,,,,,,,,,,,,,true,true,12,2020-04-01,2021-03-31,0
2020-07-30,68230,2020-03-31,1,,,,,,,,,,,,,,,,,,,,29850000000,22232000000,0.745,,22232000000,,,,,,,,,,,,true,false,12,2019-04-01,2020-03-31,-1
2020-07-30,68230,2020-03-31,1,,,,,,,,,,,,,,,,,,,,,,,,,,,,,43.00,,,,12294400,17293,,false,false,12,2019-04-01,2020-03-31,-1
2020-07-30,68230,2021-03-31,1,,,,,,,,,,,,,,,,,,,,,,,,,,,,,43.00,,,,,,,false,true,12,2020-04-01,2021-03-31,0
2020-07-30,68230,2021-03-31,1,,,,,,,,,,,,,,,,,,,,,,,,,,,,,,,,,12294400,17293,12277107,false,false,3,2020-04-01,2020-06-30,0
2020-07-30,68230,2020-03-31,1,,,,,,,,,,,,,,,,,,,,,,,,,,,,,,,,,,,12277172,false,false,3,2019-04-01,2019-06-30,-1
2020-10-30,68230,2021-03-31,2,9328000000,-0.111,,,,,845000000,-0.396,876000000,-0.390,,721000000,,58.72,,,,,,29675000000,22830000000,0.769,,22830000000,,,,,,,,,,,,true,false,6,2020-04-01,2020-09-30,0
2020-10-30,68230,2020-03-31,2,10489000000,0.059,,,,,1399000000,0.324,1437000000,0.293,,999000000,,81.38,,,,,,,,,,,,,,,,,,,,,,true,false,6,2019-04-01,2019-09-30,-1
2020-10-30,68230,2021-03-31,2,21000000000,-0.022,,,,,1800000000,-0.276,1900000000,-0.263,,1500000000,,122.12,,,,,,,,,,,,,,,,,,,,,,true,true,12,2020-04-01,2021-03-31,0
2020-10-30,68230,2020-03-31,2,,,,,,,,,,,,,,,,,,,,29850000000,22232000000,0.745,,22232000000,,,,,,,,,,,,true,false,12,2019-04-01,2020-03-31,-1
2020-10-30,68230,2020-03-31,2,,,,,,,,,,,,,,,,,,,,,,,,,,,,,43.00,,,,12294400,17293,,false,false,12,2019-04-01,2020-03-31,-1
2020-10-30,68230,2021-03-31,2,,,,,,,,,,,,,,,,,,,,,,,,,,,,,22.00,,,,,,,false,false,12,2020-04-01,2021-03-31,0
2020-10-30,68230,2021-03-31,2,,,,,,,,,,,,,,,,,,,,,,,,,,,,,43.00,,,,,,,false,true,12,2020-04-01,2021-03-31,0
2020-10-30,68230,2021-03-31,2,,,,,,,,,,,,,,,,,,,,,,,,,,,,,,,,,12303400,17293,12280107,false,false,6,2020-04-01,2020-09-30,0
2020-10-30,68230,2020-03-31,2,,,,,,,,,,,,,,,,,,,,,,,,,,,,,,,,,,,12277166,false,false,6,2019-04-01,2019-09-30,-1
2021-01-29,68230,2021-03-31,3,14739000000,-0.050,,,,,1510000000,-0.171,1542000000,-0.181,,1180000000,,96.09,,,,,,29874000000,23118000000,0.774,,23118000000,,,,,,,,,,,,true,false,9,2020-04-01,2020-12-31,0
2021-01-29,68230,2020-03-31,3,15506000000,0.010,,,,,1822000000,-0.007,1883000000,-0.012,,1315000000,,107.15,,,,,,,,,,,,,,,,,,,,,,true,false,9,2019-04-01,2019-12-31,-1
2021-01-29,68230,2021-03-31,3,21000000000,-0.022,,,,,1800000000,-0.276,1900000000,-0.263,,1500000000,,122.12,,,,,,,,,,,,,,,,,,,,,,true,true,12,2020-04-01,2021-03-31,0
2021-01-29,68230,2020-03-31,3,,,,,,,,,,,,,,,,,,,,29850000000,22232000000,0.745,,22232000000,,,,,,,,,,,,true,false,12,2019-04-01,2020-03-31,-1
2021-01-29,68230,2020-03-31,3,,,,,,,,,,,,,,,,,,,,,,,,,,,,,43.00,,,,12294400,17293,,false,false,12,2019-04-01,2020-03-31,-1
2021-01-29,68230,2021-03-31,3,,,,,,,,,,,,,,,,,,,,,,,,,,,,,22.00,,,,,,,false,false,12,2020-04-01,2021-03-31,0
2021-01-29,68230,2021-03-31,3,,,,,,,,,,,,,,,,,,,,,,,,,,,,,43.00,,,,,,,false,true,12,2020-04-01,2021-03-31,0
2021-01-29,68230,2021-03-31,3,,,,,,,,,,,,,,,,,,,,,,,,,,,,,,,,,12303400,17293,12282107,false,false,9,2020-04-01,2020-12-31,0
2021-01-29,68230,2020-03-31,3,,,,,,,,,,,,,,,,,,,,,,,,,,,,,,,,,,,12277151,false,false,9,2019-04-01,2019-12-31,-1
2021-04-28,68230,2021-03-31,,20466000000,-0.047,,,,,2220000000,-0.106,2297000000,-0.109,,1636000000,,133.27,,0.071,0.076,0.109,,30683000000,23726000000,0.773,1931.15,23726000000,2064000000,-1137000000,-566000000,5826000000,,0.323,,,,,,true,false,12,2020-04-01,2021-03-31,0
2021-04-28,68230,2020-03-31,,21465000000,0.008,,,,,2485000000,-0.081,2577000000,-0.076,,1779000000,,144.96,,0.082,0.088,0.116,,29850000000,22232000000,0.745,1810.87,22232000000,2696000000,-969000000,-528000000,5467000000,,0.297,,,,,,true,false,12,2019-04-01,2020-03-31,-1
2021-04-28,68230,2022-03-31,,10100000000,0.083,,,,,950000000,0.124,1000000000,0.141,,750000000,,61.04,,,,,,,,,,,,,,,,,,,,,,true,true,6,2021-04-01,2021-09-30,1
2021-04-28,68230,2022-03-31,,22000000000,0.075,,,,,2500000000,0.126,2550000000,0.110,,1700000000,,138.37,,,,,,,,,,,,,,,,0.311,,,,,,true,true,12,2021-04-01,2022-03-31,1
2021-04-28,68230,2021-03-31,,16143000000,-0.050,,,,,1824000000,-0.111,2031000000,-0.129,1426000000,,-0.154,116.15,,,,,,27586000000,21504000000,0.780,1750.31,21504000000,,,,,43.00,,,,12303400,17293,12283107,false,false,12,2020-04-01,2021-03-31,0
2021-04-28,68230,2020-03-31,,16999000000,-0.002,,,,,2053000000,-0.090,2330000000,-0.109,1686000000,,-0.136,137.39,,,,,,26832000000,20371000000,0.759,1659.30,20371000000,,,,,43.00,,,,12294400,17293,12277140,false,false,12,2019-04-01,2020-03-31,-1
2021-04-28,68230,2022-03-31,,,,,,,,,,,,,,,,,,,,,,,,,,,,,,43.00,,,,,,,false,true,12,2021-04-01,2022-03-31,1
2021-07-30,68230,2022-03-31,1,4869000000,0.218,,,,,516000000,0.973,529000000,0.880,,364000000,,29.67,,,,,,30996000000,23807000000,0.768,,23807000000,,,,,,,,,,,,true,false,3,2021-04-01,2021-06-30,0
2021-07-30,68230,2021-03-31,1,3997000000,-0.182,,,,,261000000,-0.583,281000000,-0.563,,303000000,,24.69,,,,,,,,,,,,,,,,,,,,,,true,false,3,2020-04-01,2020-06-30,-1
2021-07-30,68230,2022-03-31,1,10100000000,0.083,,,,,950000000,0.124,1000000000,0.141,,750000000,,61.04,,,,,,,,,,,,,,,,,,,,,,true,true,6,2021-04-01,2021-09-30,0
2021-07-30,68230,2022-03-31,1,22000000000,0.075,,,,,2500000000,0.126,2550000000,0.110,,1700000000,,138.37,,,,,,,,,,,,,,,,,,,,,,true,true,12,2021-04-01,2022-03-31,0
2021-07-30,68230,2021-03-31,1,,,,,,,,,,,,,,,,,,,,30683000000,23726000000,0.773,,23726000000,,,,,,,,,,,,true,false,12,2020-04-01,2021-03-31,-1
2021-07-30,68230,2021-03-31,1,,,,,,,,,,,,,,,,,,,,,,,,,,,,,43.00,,,,12303400,17293,,false,false,12,2020-04-01,2021-03-31,-1
2021-07-30,68230,2022-03-31,1,,,,,,,,,,,,,,,,,,,,,,,,,,,,,43.00,,,,,,,false,true,12,2021-04-01,2022-03-31,0
2021-07-30,68230,2022-03-31,1,,,,,,,,,,,,,,,,,,,,,,,,,,,,,,,,,12303400,17293,12286107,false,false,3,2021-04-01,2021-06-30,0
2021-07-30,68230,2021-03-31,1,,,,,,,,,,,,,,,,,,,,,,,,,,,,,,,,,,,12277107,false,false,3,2020-04-01,2020-06-30,-1
2021-10-29,68230,2022-03-31,2,10215000000,0.095,,,,,1203000000,0.423,1235000000,0.409,,843000000,,68.60,,,,,,31113000000,24143000000,0.776,,24143000000,,,,,,,,,,,,true,false,6,2021-04-01,2021-09-30,0
2021-10-29,68230,2021-03-31,2,9328000000,-0.111,,,,,845000000,-0.396,876000000,-0.390,,721000000,,58.72,,,,,,,,,,,,,,,,,,,,,,true,false,6,2020-04-01,2020-09-30,-1
2021-10-29,68230,2022-03-31,2,22000000000,0.075,,,,,2500000000,0.126,2550000000,0.110,,1700000000,,138.32,,,,,,,,,,,,,,,,,,,,,,true,true,12,2021-04-01,2022-03-31,0
2021-10-29,68230,2021-03-31,2,,,,,,,,,,,,,,,,,,,,30683000000,23726000000,0.773,,23726000000,,,,,,,,,,,,true,false,12,2020-04-01,2021-03-31,-1
2021-10-29,68230,2021-03-31,2,,,,,,,,,,,,,,,,,,,,,,,,,,,,,43.00,,,,12303400,17293,,false,false,12,2020-04-01,2021-03-31,-1
2021-10-29,68230,2022-03-31,2,,,,,,,,,,,,,,,,,,,,,,,,,,,,,22.00,,,,,,,false,false,12,2021-04-01,2022-03-31,0
2021-10-29,68230,2022-03-31,2,,,,,,,,,,,,,,,,,,,,,,,,,,,,,43.00,,,,,,,false,true,12,2021-04-01,2022-03-31,0
2021-10-29,68230,2022-03-31,2,,,,,,,,,,,,,,,,,,,,,,,,,,,,,,,,,12309100,17293,12288007,false,false,6,2021-04-01,2021-09-30,0
2021-10-29,68230,2021-03-31,2,,,,,,,,,,,,,,,,,,,,,,,,,,,,,,,,,,,12280107,false,false,6,2020-04-01,2020-09-30,-1
2022-01-28,68230,2022-03-31,3,16123000000,0.094,,,,,2172000000,0.439,2233000000,0.448,,1537000000,,125.07,,,,,,31520000000,24569000000,0.779,,24569000000,,,,,,,,,,,,true,false,9,2021-04-01,2021-12-31,0
2022-01-28,68230,2021-03-31,3,14739000000,-0.050,,,,,1510000000,-0.171,1542000000,-0.181,,1180000000,,96.09,,,,,,,,,,,,,,,,,,,,,,true,false,9,2020-04-01,2020-12-31,-1
2022-01-28,68230,2022-03-31,3,22000000000,0.075,,,,,2500000000,0.126,2550000000,0.110,,1700000000,,138.32,,,,,,,,,,,,,,,,,,,,,,true,true,12,2021-04-01,2022-03-31,0
2022-01-28,68230,2021-03-31,3,,,,,,,,,,,,,,,,,,,,30683000000,23726000000,0.773,,23726000000,,,,,,,,,,,,true,false,12,2020-04-01,2021-03-31,-1
2022-01-28,68230,2021-03-31,3,,,,,,,,,,,,,,,,,,,,,,,,,,,,,43.00,,,,12303400,17293,,false,false,12,2020-04-01,2021-03-31,-1
2022-01-28,68230,2022-03-31,3,,,,,,,,,,,,,,,,,,,,,,,,,,,,,22.00,,,,,,,false,false,12,2021-04-01,2022-03-31,0
2022-01-28,68230,2022-03-31,3,,,,,,,,,,,,,,,,,,,,,,,,,,,,,45.00,,,,,,,false,true,12,2021-04-01,2022-03-31,0
2022-01-28,68230,2022-03-31,3,,,,,,,,,,,,,,,,,,,,,,,,,,,,,,,,,12309100,17293,12289273,false,false,9,2021-04-01,2021-12-31,0
2022-01-28,68230,2021-03-31,3,,,,,,,,,,,,,,,,,,,,,,,,,,,,,,,,,,,12282107,false,false,9,2020-04-01,2020-12-31,-1
,68230,2022-03-31,,,,,,,,,,,,,,,,,,,,,,,,,,,,,,45.00,,,,,,,false,true,12,2021-04-01,2022-03-31,0
,68230,2022-03-31,,,,,,,,,,,,,,,,,,,,,,,,,,,,,,22.00,,,,,,,false,false,12,2021-04-01,2022-03-31,0
,68230,2021-03-31,,,,,,,,,,,,,,,,,,,,,,,,,,,,,,43.00,,,,,,,false,false,12,2020-04-01,2021-03-31,-1
2022-03-14,68230,2022-03-31,,22500000000,0.023,,,,,3000000000,0.200,3050000000,0.196,,2100000000,,170.87,,,,,,,,,,,,,,,,,,,,,,true,true,12,2021-04-01,2022-03-31,0
2022-03-14,68230,2021-03-31,,20466000000,,,,,,2220000000,,2297000000,,,1636000000,,133.27,,,,,,,,,,,,,,,,,,,,,,true,false,12,2020-04-01,2021-03-31,-1
2022-04-28,68230,2022-03-31,,22635000000,0.106,,,,,3104000000,0.398,3212000000,0.398,,2229000000,,181.41,,0.091,0.101,0.137,,33157000000,25289000000,0.763,2057.40,25289000000,2841000000,-951000000,-541000000,7181000000,,0.248,,,,,,true,false,12,2021-04-01,2022-03-31,0
2022-04-28,68230,2021-03-31,,20466000000,-0.047,,,,,2220000000,-0.106,2297000000,-0.109,,1636000000,,133.27,,0.071,0.076,0.109,,30683000000,23726000000,0.773,1931.15,23726000000,2064000000,-1137000000,-566000000,5826000000,,0.323,,,,,,true,false,12,2020-04-01,2021-03-31,-1
2022-04-28,68230,2023-03-31,,11000000000,0.077,,,,,1450000000,0.205,1450000000,0.174,,850000000,,69.15,,,,,,,,,,,,,,,,,,,,,,true,true,6,2022-04-01,2022-09-30,1
2022-04-28,68230,2023-03-31,,23800000000,0.051,,,,,3450000000,0.111,3500000000,0.090,,2250000000,,183.05,,,,,,,,,,,,,,,,0.246,,,,,,true,true,12,2022-04-01,2023-03-31,1
2022-04-28,68230,2022-03-31,,18233000000,0.129,,,,,2588000000,0.418,2935000000,0.445,2117000000,,0.484,172.29,,,,,,29859000000,23014000000,0.771,1872.33,23014000000,,,,,45.00,,,,12309100,17324,12289904,false,false,12,2021-04-01,2022-03-31,0
2022-04-28,68230,2021-03-31,,16143000000,-0.050,,,,,1824000000,-0.111,2031000000,-0.129,1426000000,,-0.154,116.15,,,,,,27586000000,21504000000,0.780,1750.31,21504000000,,,,,43.00,,,,12303400,17293,12283107,false,false,12,2020-04-01,2021-03-31,-1
2022-04-28,68230,2023-03-31,,,,,,,,,,,,,,,,,,,,,,,,,,,,,,45.00,,,,,,,false,true,12,2022-04-01,2023-03-31,1
2022-07-29,68230,2023-03-31,1,5183000000,0.064,,,,,427000000,-0.173,462000000,-0.126,,187000000,,15.25,,,,,,33201000000,25177000000,0.758,,25177000000,,,,,,,,,,,,true,false,3,2022-04-01,2022-06-30,0
2022-07-29,68230,2022-03-31,1,4869000000,0.218,,,,,516000000,0.973,529000000,0.880,,364000000,,29.67,,,,,,,,,,,,,,,,,,,,,,true,false,3,2021-04-01,2021-06-30,-1
2022-07-29,68230,2023-03-31,1,11000000000,0.077,,,,,1450000000,0.205,1450000000,0.174,,850000000,,69.15,,,,,,,,,,,,,,,,,,,,,,true,true,6,2022-04-01,2022-09-30,0
2022-07-29,68230,2023-03-31,1,23800000000,0.051,,,,,3450000000,0.111,3500000000,0.090,,2250000000,,183.05,,,,,,,,,,,,,,,,,,,,,,true,true,12,2022-04-01,2023-03-31,0
2022-07-29,68230,2022-03-31,1,,,,,,,,,,,,,,,,,,,,33157000000,25289000000,0.763,,25289000000,,,,,,,,,,,,true,false,12,2021-04-01,2022-03-31,-1
2022-07-29,68230,2022-03-31,1,,,,,,,,,,,,,,,,,,,,,,,,,,,,,45.00,,,,12309100,17324,,false,false,12,2021-04-01,2022-03-31,-1
2022-07-29,68230,2023-03-31,1,,,,,,,,,,,,,,,,,,,,,,,,,,,,,45.00,,,,,,,false,true,12,2022-04-01,2023-03-31,0
2022-07-29,68230,2023-03-31,1,,,,,,,,,,,,,,,,,,,,,,,,,,,,,,,,,12309100,17361,12291763,false,false,3,2022-04-01,2022-06-30,0
2022-07-29,68230,2022-03-31,1,,,,,,,,,,,,,,,,,,,,,,,,,,,,,,,,,,,12286107,false,false,3,2021-04-01,2021-06-30,-1
2022-10-21,68230,2023-03-31,,10800000000,-0.018,,,,,1050000000,-0.276,1050000000,-0.276,,600000000,,48.80,,,,,,,,,,,,,,,,,,,,,,true,true,6,2022-04-01,2022-09-30,0
2022-10-21,68230,2022-03-31,,10215000000,,,,,,1203000000,,1235000000,,,843000000,,68.60,,,,,,,,,,,,,,,,,,,,,,true,false,6,2021-04-01,2021-09-30,-1
2022-10-21,68230,2023-03-31,,23200000000,-0.025,,,,,2700000000,-0.217,2750000000,-0.214,,1750000000,,142.29,,,,,,,,,,,,,,,,,,,,,,true,true,12,2022-04-01,2023-03-31,0
2022-10-21,68230,2022-03-31,,22635000000,,,,,,3104000000,,3212000000,,,2229000000,,181.41,,,,,,,,,,,,,,,,,,,,,,true,false,12,2021-04-01,2022-03-31,-1
2022-10-28,68230,2023-03-31,2,10798000000,0.057,,,,,1052000000,-0.126,1078000000,-0.127,,605000000,,49.24,,,,,,33182000000,25586000000,0.771,,25586000000,,,,,,,,,,,,true,false,6,2022-04-01,2022-09-30,0
2022-10-28,68230,2022-03-31,2,10215000000,0.095,,,,,1203000000,0.423,1235000000,0.409,,843000000,,68.60,,,,,,,,,,,,,,,,,,,,,,true,false,6,2021-04-01,2021-09-30,-1
2022-10-28,68230,2023-03-31,2,23200000000,0.025,,,,,2700000000,-0.130,2750000000,-0.144,,1750000000,,142.29,,,,,,,,,,,,,,,,,,,,,,true,true,12,2022-04-01,2023-03-31,0
2022-10-28,68230,2022-03-31,2,,,,,,,,,,,,,,,,,,,,33157000000,25289000000,0.763,,25289000000,,,,,,,,,,,,true,false,12,2021-04-01,2022-03-31,-1
2022-10-28,68230,2022-03-31,2,,,,,,,,,,,,,,,,,,,,,,,,,,,,,45.00,,,,12309100,17324,,false,false,12,2021-04-01,2022-03-31,-1
2022-10-28,68230,2023-03-31,2,,,,,,,,,,,,,,,,,,,,,,,,,,,,,23.00,,,,,,,false,false,12,2022-04-01,2023-03-31,0
2022-10-28,68230,2023-03-31,2,,,,,,,,,,,,,,,,,,,,,,,,,,,,,45.00,,,,,,,false,true,12,2022-04-01,2023-03-31,0
2022-10-28,68230,2023-03-31,2,,,,,,,,,,,,,,,,,,,,,,,,,,,,,,,,,12319100,17361,12295084,false,false,6,2022-04-01,2022-09-30,0
2022-10-28,68230,2022-03-31,2,,,,,,,,,,,,,,,,,,,,,,,,,,,,,,,,,,,12288007,false,false,6,2021-04-01,2021-09-30,-1
2023-01-30,68230,2023-03-31,3,16977000000,0.053,,,,,1949000000,-0.103,2074000000,-0.072,,1290000000,,104.96,,,,,,33473000000,25962000000,0.776,,25962000000,,,,,,,,,,,,true,false,9,2022-04-01,2022-12-31,0
2023-01-30,68230,2022-03-31,3,16123000000,0.094,,,,,2172000000,0.439,2233000000,0.448,,1537000000,,125.07,,,,,,,,,,,,,,,,,,,,,,true,false,9,2021-04-01,2021-12-31,-1
2023-01-30,68230,2023-03-31,3,23200000000,0.025,,,,,2700000000,-0.130,2750000000,-0.144,,1750000000,,142.29,,,,,,,,,,,,,,,,,,,,,,true,true,12,2022-04-01,2023-03-31,0
2023-01-30,68230,2022-03-31,3,,,,,,,,,,,,,,,,,,,,33157000000,25289000000,0.763,,25289000000,,,,,,,,,,,,true,false,12,2021-04-01,2022-03-31,-1
2023-01-30,68230,2022-03-31,3,,,,,,,,,,,,,,,,,,,,,,,,,,,,,45.00,,,,12309100,17324,,false,false,12,2021-04-01,2022-03-31,-1
2023-01-30,68230,2023-03-31,3,,,,,,,,,,,,,,,,,,,,,,,,,,,,,23.00,,,,,,,false,false,12,2022-04-01,2023-03-31,0
2023-01-30,68230,2023-03-31,3,,,,,,,,,,,,,,,,,,,,,,,,,,,,,45.00,,,,,,,false,true,12,2022-04-01,2023-03-31,0
2023-01-30,68230,2023-03-31,3,,,,,,,,,,,,,,,,,,,,,,,,,,,,,,,,,12319100,17361,12297302,false,false,9,2022-04-01,2022-12-31,0
2023-01-30,68230,2022-03-31,3,,,,,,,,,,,,,,,,,,,,,,,,,,,,,,,,,,,12289273,false,false,9,2021-04-01,2021-12-31,-1
2023-04-28,68230,2023-03-31,,23868000000,0.054,,,,,2844000000,-0.084,3007000000,-0.064,,1799000000,,146.33,,0.069,0.089,0.119,,34557000000,26612000000,0.770,2163.30,26612000000,1783000000,-3246000000,-577000000,5206000000,,0.308,,,,,,true,false,12,2022-04-01,2023-03-31,0
2023-04-28,68230,2022-03-31,,22635000000,0.106,,,,,3104000000,0.398,3212000000,0.398,,2229000000,,181.41,,0.091,0.101,0.137,,33157000000,25289000000,0.763,2057.40,25289000000,2841000000,-951000000,-541000000,7181000000,,0.248,,,,,,true,false,12,2021-04-01,2022-03-31,-1
2023-04-28,68230,2024-03-31,,11700000000,0.084,,,,,1100000000,0.045,1100000000,0.020,,700000000,,56.90,,,,,,,,,,,,,,,,,,,,,,true,true,6,2023-04-01,2023-09-30,1
2023-04-28,68230,2024-03-31,,25750000000,0.079,,,,,3000000000,0.055,3050000000,0.014,,2200000000,,178.84,,,,,,,,,,,,,,,,0.252,,,,,,true,true,12,2023-04-01,2024-03-31,1
2023-04-28,68230,2023-03-31,,18489000000,0.014,,,,,2106000000,-0.186,2578000000,-0.122,1593000000,,-0.248,129.53,,,,,,30689000000,24045000000,0.784,1954.68,24045000000,,,,,45.00,,,,12319100,17361,12298412,false,false,12,2022-04-01,2023-03-31,0
2023-04-28,68230,2022-03-31,,18233000000,0.129,,,,,2588000000,0.418,2935000000,0.445,2117000000,,0.484,172.29,,,,,,29859000000,23014000000,0.771,1872.33,23014000000,,,,,45.00,,,,12309100,17324,12289904,false,false,12,2021-04-01,2022-03-31,-1
2023-04-28,68230,2024-03-31,,,,,,,,,,,,,,,,,,,,,,,,,,,,,,45.00,,,,,,,false,true,12,2023-04-01,2024-03-31,1
2023-07-28,68230,2024-03-31,1,6013000000,0.160,,,,,933000000,1.185,978000000,1.114,,683000000,,55.58,,,,,,35466000000,27016000000,0.762,,27016000000,,,,,,,,,,,,true,false,3,2023-04-01,2023-06-30,0
2023-07-28,68230,2023-03-31,1,5183000000,0.064,,,,,427000000,-0.173,462000000,-0.126,,187000000,,15.25,,,,,,,,,,,,,,,,,,,,,,true,false,3,2022-04-01,2022-06-30,-1
2023-07-28,68230,2024-03-31,1,11700000000,0.084,,,,,1100000000,0.045,1100000000,0.020,,700000000,,56.90,,,,,,,,,,,,,,,,,,,,,,true,true,6,2023-04-01,2023-09-30,0
2023-07-28,68230,2024-03-31,1,25750000000,0.079,,,,,3000000000,0.055,3050000000,0.014,,2200000000,,178.84,,,,,,,,,,,,,,,,,,,,,,true,true,12,2023-04-01,2024-03-31,0
2023-07-28,68230,2023-03-31,1,,,,,,,,,,,,,,,,,,,,34557000000,26612000000,0.770,,26612000000,,,,,,,,,,,,true,false,12,2022-04-01,2023-03-31,-1
2023-07-28,68230,2023-03-31,1,,,,,,,,,,,,,,,,,,,,,,,,,,,,,45.00,,,,12319100,17361,,false,false,12,2022-04-01,2023-03-31,-1
2023-07-28,68230,2024-03-31,1,,,,,,,,,,,,,,,,,,,,,,,,,,,,,45.00,,,,,,,false,true,12,2023-04-01,2024-03-31,0
2023-07-28,68230,2024-03-31,1,,,,,,,,,,,,,,,,,,,,,,,,,,,,,,,,,12319100,17361,12301739,false,false,3,2023-04-01,2023-06-30,0
2023-07-28,68230,2023-03-31,1,,,,,,,,,,,,,,,,,,,,,,,,,,,,,,,,,,,12291763,false,false,3,2022-04-01,2022-06-30,-1
2023-09-14,68230,2024-03-31,,12100000000,0.034,,,,,1600000000,0.455,1700000000,0.545,,1200000000,,97.52,,,,,,,,,,,,,,,,,,,,,,true,true,6,2023-04-01,2023-09-30,0
2023-09-14,68230,2023-03-31,,10798000000,,,,,,1052000000,,1078000000,,,605000000,,49.24,,,,,,,,,,,,,,,,,,,,,,true,false,6,2022-04-01,2022-09-30,-1
2023-10-30,68230,2024-03-31,2,12101000000,0.121,,,,,1694000000,0.611,1757000000,0.630,,1258000000,,102.25,,,,,,35603000000,27630000000,0.776,,27630000000,,,,,,,,,,,,true,false,6,2023-04-01,2023-09-30,0
2023-10-30,68230,2023-03-31,2,10798000000,0.057,,,,,1052000000,-0.126,1078000000,-0.127,,605000000,,49.24,,,,,,,,,,,,,,,,,,,,,,true,false,6,2022-04-01,2022-09-30,-1
2023-10-30,68230,2024-03-31,2,25750000000,0.079,,,,,3000000000,0.055,3050000000,0.014,,2200000000,,178.75,,,,,,,,,,,,,,,,,,,,,,true,true,12,2023-04-01,2024-03-31,0
2023-10-30,68230,2023-03-31,2,,,,,,,,,,,,,,,,,,,,34557000000,26612000000,0.770,,26612000000,,,,,,,,,,,,true,false,12,2022-04-01,2023-03-31,-1
2023-10-30,68230,2023-03-31,2,,,,,,,,,,,,,,,,,,,,,,,,,,,,,45.00,,,,12319100,17361,,false,false,12,2022-04-01,2023-03-31,-1
2023-10-30,68230,2024-03-31,2,,,,,,,,,,,,,,,,,,,,,,,,,,,,,23.00,,,,,,,false,false,12,2023-04-01,2024-03-31,0
2023-10-30,68230,2024-03-31,2,,,,,,,,,,,,,,,,,,,,,,,,,,,,,45.00,,,,,,,false,true,12,2023-04-01,2024-03-31,0
2023-10-30,68230,2024-03-31,2,,,,,,,,,,,,,,,,,,,,,,,,,,,,,,,,,12327900,17361,12304672,false,false,6,2023-04-01,2023-09-30,0
2023-10-30,68230,2023-03-31,2,,,,,,,,,,,,,,,,,,,,,,,,,,,,,,,,,,,12295084,false,false,6,2022-04-01,2022-09-30,-1
2024-01-30,68230,2024-03-31,3,18508000000,0.090,,,,,2626000000,0.347,2694000000,0.299,,2002000000,,162.71,,,,,,35895000000,28113000000,0.783,,28113000000,,,,,,,,,,,,true,false,9,2023-04-01,2023-12-31,0
2024-01-30,68230,2023-03-31,3,16977000000,0.053,,,,,1949000000,-0.103,2074000000,-0.072,,1290000000,,104.96,,,,,,,,,,,,,,,,,,,,,,true,false,9,2022-04-01,2022-12-31,-1
2024-01-30,68230,2024-03-31,3,25750000000,0.079,,,,,3000000000,0.055,3050000000,0.014,,2200000000,,178.75,,,,,,,,,,,,,,,,,,,,,,true,true,12,2023-04-01,2024-03-31,0
2024-01-30,68230,2023-03-31,3,,,,,,,,,,,,,,,,,,,,34557000000,26612000000,0.770,,26612000000,,,,,,,,,,,,true,false,12,2022-04-01,2023-03-31,-1
2024-01-30,68230,2023-03-31,3,,,,,,,,,,,,,,,,,,,,,,,,,,,,,45.00,,,,12319100,17361,,false,false,12,2022-04-01,2023-03-31,-1
2024-01-30,68230,2024-03-31,3,,,,,,,,,,,,,,,,,,,,,,,,,,,,,23.00,,,,,,,false,false,12,2023-04-01,2024-03-31,0
2024-01-30,68230,2024-03-31,3,,,,,,,,,,,,,,,,,,,,,,,,,,,,,55.00,,,,,,,false,true,12,2023-04-01,2024-03-31,0
2024-01-30,68230,2024-03-31,3,,,,,,,,,,,,,,,,,,,,,,,,,,,,,,,,,12327900,17382,12306620,false,false,9,2023-04-01,2023-12-31,0
2024-01-30,68230,2023-03-31,3,,,,,,,,,,,,,,,,,,,,,,,,,,,,,,,,,,,12297302,false,false,9,2022-04-01,2022-12-31,-1
,68230,2024-03-31,,,,,,,,,,,,,,,,,,,,,,,,,,,,,,55.00,,,,,,,false,true,12,2023-04-01,2024-03-31,0
,68230,2024-03-31,,,,,,,,,,,,,,,,,,,,,,,,,,,,,,23.00,,,,,,,false,false,12,2023-04-01,2024-03-31,0
,68230,2023-03-31,,,,,,,,,,,,,,,,,,,,,,,,,,,,,,45.00,,,,,,,false,false,12,2022-04-01,2023-03-31,-1
2024-04-26,68230,2024-03-31,,25726000000,0.078,,,,,3474000000,0.222,3562000000,0.185,,2652000000,,215.51,,0.095,0.099,0.135,,37140000000,29211000000,0.787,2372.88,29211000000,2857000000,-2652000000,-565000000,4860000000,,0.255,,,,,,true,false,12,2023-04-01,2024-03-31,0
2024-04-26,68230,2023-03-31,,23868000000,0.054,,,,,2844000000,-0.084,3007000000,-0.064,,1799000000,,146.33,,0.069,0.089,0.119,,34557000000,26612000000,0.770,2163.30,26612000000,1783000000,-3246000000,-577000000,5206000000,,0.308,,,,,,true,false,12,2022-04-01,2023-03-31,-1
2024-04-26,68230,2025-03-31,,12400000000,0.025,,,,,1700000000,0.003,1750000000,-0.004,,1250000000,,101.54,,,,,,,,,,,,,,,,,,,,,,true,true,6,2024-04-01,2024-09-30,1
2024-04-26,68230,2025-03-31,,26900000000,0.046,,,,,3700000000,0.065,3700000000,0.038,,2700000000,,219.32,,,,,,,,,,,,,,,,0.251,,,,,,true,true,12,2024-04-01,2025-03-31,1
2024-04-26,68230,2024-03-31,,21011000000,0.136,,,,,2795000000,0.327,4162000000,0.614,3423000000,,1.149,278.19,,,,,,34300000000,26942000000,0.785,2188.60,26942000000,,,,,55.00,,,,12327900,17382,12307595,false,false,12,2023-04-01,2024-03-31,0
2024-04-26,68230,2023-03-31,,18489000000,0.014,,,,,2106000000,-0.186,2578000000,-0.122,1593000000,,-0.248,129.53,,,,,,30689000000,24045000000,0.784,1954.68,24045000000,,,,,45.00,,,,12319100,17361,12298412,false,false,12,2022-04-01,2023-03-31,-1
2024-04-26,68230,2025-03-31,,,,,,,,,,,,,,,,,,,,,,,,,,,,,,55.00,,,,,,,false,true,12,2024-04-01,2025-03-31,1
2024-07-30,68230,2025-03-31,1,6355000000,0.057,,,,,691000000,-0.259,714000000,-0.270,,400000000,,32.56,,,,,,37586000000,29254000000,0.778,,29254000000,,,,,,,,,,,,true,false,3,2024-04-01,2024-06-30,0
2024-07-30,68230,2024-03-31,1,6013000000,0.160,,,,,933000000,1.185,978000000,1.114,,683000000,,55.58,,,,,,,,,,,,,,,,,,,,,,true,false,3,2023-04-01,2023-06-30,-1
2024-07-30,68230,2025-03-31,1,12400000000,0.025,,,,,1700000000,0.003,1750000000,-0.004,,1250000000,,101.54,,,,,,,,,,,,,,,,,,,,,,true,true,6,2024-04-01,2024-09-30,0
2024-07-30,68230,2025-03-31,1,26900000000,0.046,,,,,3700000000,0.065,3700000000,0.038,,2700000000,,219.32,,,,,,,,,,,,,,,,,,,,,,true,true,12,2024-04-01,2025-03-31,0
2024-07-30,68230,2024-03-31,1,,,,,,,,,,,,,,,,,,,,37140000000,29211000000,0.787,,29211000000,,,,,,,,,,,,true,false,12,2023-04-01,2024-03-31,-1
2024-07-30,68230,2024-03-31,1,,,,,,,,,,,,,,,,,,,,,,,,,,,,,55.00,,,,12327900,17382,,false,false,12,2023-04-01,2024-03-31,-1
2024-07-30,68230,2025-03-31,1,,,,,,,,,,,,,,,,,,,,,,,,,,,,,55.00,,,,,,,false,true,12,2024-04-01,2025-03-31,0
2024-07-30,68230,2025-03-31,1,,,,,,,,,,,,,,,,,,,,,,,,,,,,,,,,,12327900,17382,12310518,false,false,3,2024-04-01,2024-06-30,0
2024-07-30,68230,2024-03-31,1,,,,,,,,,,,,,,,,,,,,,,,,,,,,,,,,,,,12301739,false,false,3,2023-04-01,2023-06-30,-1
2024-10-30,68230,2025-03-31,2,13040000000,0.078,,,,,1761000000,0.040,1802000000,0.026,,1197000000,,97.27,,,,,,38188000000,30099000000,0.788,,30099000000,,,,,,,,,,,,true,false,6,2024-04-01,2024-09-30,0
2024-10-30,68230,2024-03-31,2,12101000000,0.121,,,,,1694000000,0.611,1757000000,0.630,,1258000000,,102.25,,,,,,,,,,,,,,,,,,,,,,true,false,6,2023-04-01,2023-09-30,-1
2024-10-30,68230,2025-03-31,2,26900000000,0.046,,,,,3700000000,0.065,3700000000,0.038,,2700000000,,219.22,,,,,,,,,,,,,,,,,,,,,,true,true,12,2024-04-01,2025-03-31,0
2024-10-30,68230,2024-03-31,2,,,,,,,,,,,,,,,,,,,,37140000000,29211000000,0.787,,29211000000,,,,,,,,,,,,true,false,12,2023-04-01,2024-03-31,-1
2024-10-30,68230,2024-03-31,2,,,,,,,,,,,,,,,,,,,,,,,,,,,,,55.00,,,,12327900,17382,,false,false,12,2023-04-01,2024-03-31,-1
2024-10-30,68230,2025-03-31,2,,,,,,,,,,,,,,,,,,,,,,,,,,,,,28.00,,,,,,,false,false,12,2024-04-01,2025-03-31,0
2024-10-30,68230,2025-03-31,2,,,,,,,,,,,,,,,,,,,,,,,,,,,,,55.00,,,,,,,false,true,12,2024-04-01,2025-03-31,0
2024-10-30,68230,2025-03-31,2,,,,,,,,,,,,,,,,,,,,,,,,,,,,,,,,,12336700,17382,12313451,false,false,6,2024-04-01,2024-09-30,0
2024-10-30,68230,2024-03-31,2,,,,,,,,,,,,,,,,,,,,,,,,,,,,,,,,,,,12304672,false,false,6,2023-04-01,2023-09-30,-1
2025-01-30,68230,2025-03-31,3,20490000000,0.107,,,,,3069000000,0.169,3129000000,0.162,,2128000000,,172.87,,,,,,38305000000,30526000000,0.797,,30526000000,,,,,,,,,,,,true,false,9,2024-04-01,2024-12-31,0
2025-01-30,68230,2024-03-31,3,18508000000,0.090,,,,,2626000000,0.347,2694000000,0.299,,2002000000,,162.71,,,,,,,,,,,,,,,,,,,,,,true,false,9,2023-04-01,2023-12-31,-1
2025-01-30,68230,2025-03-31,3,26900000000,0.046,,,,,3700000000,0.065,3700000000,0.038,,2700000000,,219.22,,,,,,,,,,,,,,,,,,,,,,true,true,12,2024-04-01,2025-03-31,0
2025-01-30,68230,2024-03-31,3,,,,,,,,,,,,,,,,,,,,37140000000,29211000000,0.787,,29211000000,,,,,,,,,,,,true,false,12,2023-04-01,2024-03-31,-1
2025-01-30,68230,2024-03-31,3,,,,,,,,,,,,,,,,,,,,,,,,,,,,,55.00,,,,12327900,17382,,false,false,12,2023-04-01,2024-03-31,-1
2025-01-30,68230,2025-03-31,3,,,,,,,,,,,,,,,,,,,,,,,,,,,,,28.00,,,,,,,false,false,12,2024-04-01,2025-03-31,0
2025-01-30,68230,2025-03-31,3,,,,,,,,,,,,,,,,,,,,,,,,,,,,,70.00,,,,,,,false,true,12,2024-04-01,2025-03-31,0
2025-01-30,68230,2025-03-31,3,,,,,,,,,,,,,,,,,,,,,,,,,,,,,,,,,12336700,17382,12315406,false,false,9,2024-04-01,2024-12-31,0
2025-01-30,68230,2024-03-31,3,,,,,,,,,,,,,,,,,,,,,,,,,,,,,,,,,,,12306620,false,false,9,2023-04-01,2023-12-31,-1
2025-04-28,68230,2025-03-31,,27877000000,0.084,,,,,4033000000,0.161,4106000000,0.153,,2859000000,,232.19,,0.094,0.108,0.145,,39132000000,31435000000,0.803,2551.75,31435000000,3437000000,-1685000000,-748000000,5848000000,,0.301,,,,,,true,false,12,2024-04-01,2025-03-31,0
2025-04-28,68230,2024-03-31,,25726000000,0.078,,,,,3474000000,0.222,3562000000,0.185,,2652000000,,215.51,,0.095,0.099,0.135,,37140000000,29211000000,0.787,2372.88,29211000000,2857000000,-2652000000,-565000000,4860000000,,0.255,,,,,,true,false,12,2023-04-01,2024-03-31,-1
2025-04-28,68230,2026-03-31,,13300000000,0.020,,,,,1850000000,0.050,1850000000,0.026,,1350000000,,109.58,,,,,,,,,,,,,,,,,,,,,,true,true,6,2025-04-01,2025-09-30,1
2025-04-28,68230,2026-03-31,,28900000000,0.037,,,,,4400000000,0.091,4400000000,0.071,,3150000000,,255.70,,,,,,,,,,,,,,,,0.274,,,,,,true,true,12,2025-04-01,2026-03-31,1
2025-04-28,68230,2025-03-31,,22913000000,0.091,,,,,3461000000,0.238,4407000000,0.059,3314000000,,-0.032,269.12,,,,,,37024000000,29453000000,0.796,2390.82,29453000000,,,,,70.00,,,,12336700,17382,12316385,false,false,12,2024-04-01,2025-03-31,0
2025-04-28,68230,2024-03-31,,21011000000,0.136,,,,,2795000000,0.327,4162000000,0.614,3423000000,,1.149,278.19,,,,,,34300000000,26942000000,0.785,2188.60,26942000000,,,,,55.00,,,,12327900,17382,12307595,false,false,12,2023-04-01,2024-03-31,-1
2025-04-28,68230,2026-03-31,,,,,,,,,,,,,,,,,,,,,,,,,,,,,,70.00,,,,,,,false,true,12,2025-04-01,2026-03-31,1
2025-07-30,68230,2026-03-31,1,6629000000,0.043,,,,,829000000,0.200,853000000,0.194,,595000000,,48.31,,,,,,38978000000,31617000000,0.811,,31617000000,,,,,,,,,,,,true,false,3,2025-04-01,2025-06-30,0
2025-07-30,68230,2025-03-31,1,6355000000,0.057,,,,,691000000,-0.259,714000000,-0.270,,400000000,,32.56,,,,,,,,,,,,,,,,,,,,,,true,false,3,2024-04-01,2024-06-30,-1
2025-07-30,68230,2026-03-31,1,13300000000,0.020,,,,,1850000000,0.050,1850000000,0.026,,1350000000,,109.58,,,,,,,,,,,,,,,,,,,,,,true,true,6,2025-04-01,2025-09-30,0
2025-07-30,68230,2026-03-31,1,28900000000,0.037,,,,,4400000000,0.091,4400000000,0.071,,3150000000,,255.70,,,,,,,,,,,,,,,,,,,,,,true,true,12,2025-04-01,2026-03-31,0
2025-07-30,68230,2025-03-31,1,,,,,,,,,,,,,,,,,,,,39132000000,31435000000,0.803,,31435000000,,,,,,,,,,,,true,false,12,2024-04-01,2025-03-31,-1
2025-07-30,68230,2025-03-31,1,,,,,,,,,,,,,,,,,,,,,,,,,,,,,70.00,,,,12336700,17382,,false,false,12,2024-04-01,2025-03-31,-1
2025-07-30,68230,2026-03-31,1,,,,,,,,,,,,,,,,,,,,,,,,,,,,,70.00,,,,,,,false,true,12,2025-04-01,2026-03-31,0
2025-07-30,68230,2026-03-31,1,,,,,,,,,,,,,,,,,,,,,,,,,,,,,,,,,12336700,17382,12319318,false,false,3,2025-04-01,2025-06-30,0
2025-07-30,68230,2025-03-31,1,,,,,,,,,,,,,,,,,,,,,,,,,,,,,,,,,,,12310518,false,false,3,2024-04-01,2024-06-30,-1
