filing_date,code,fiscal_year_end,quarterly_period,net_sales,net_sales_change,revenue,revenue_change,operating_revenue,operating_revenue_change,operating_profit,operating_profit_change,ordinary_profit,ordinary_profit_change,net_income,net_income_of_parent,net_income_change,eps,diluted_eps,roe,roa,operating_profit_to_net_sales,operating_profit_to_revenue,total_assets,net_assets,equity_ratio,bps,owner_equity,operating_cash_flow,investing_cash_flow,financing_cash_flow,cash,dividend_per_share,payout_ratio,commemorative_dividend,extra_dividend,number_of_shares,number_of_treqsury_shares,avg_number_of_shares,is_consolidated,is_forecast,duration,period_start,period_end,period_pos
2015-05-12,68320,2015-03-31,,42854000000,0.180,,,,,7584000000,0.919,8120000000,0.886,5342000000,,1.049,445.26,,0.160,0.182,0.177,,48365000000,36120000000,0.747,3010.23,36120000000,7372000000,-2215000000,-849000000,20482000000,,0.119,,,,,,true,false,12,2014-04-01,2015-03-31,0
2015-05-12,68320,2014-03-31,,36320000000,0.281,,,,,3952000000,0.644,4305000000,0.478,2607000000,,1.011,217.28,,0.089,0.110,0.109,,40975000000,30505000000,0.744,2542.20,30505000000,3683000000,-1297000000,38000000,16064000000,,0.120,,,,,,true,false,12,2013-04-01,2014-03-31,-1
2015-05-12,68320,2016-03-31,,22874000000,0.052,,,,,4215000000,0.076,4407000000,0.051,,2768000000,,230.68,,,,,,,,,,,,,,,,,,,,,,true,true,6,2015-04-01,2015-09-30,1
2015-05-12,68320,2016-03-31,,45260000000,0.056,,,,,7700000000,0.015,8100000000,-0.002,,5086000000,,423.86,,,,,,,,,,,,,,,,0.125,,,,,,true,true,12,2015-04-01,2016-03-31,1
2015-05-12,68320,2015-03-31,,42793000000,0.180,,,,,6149000000,0.634,6531000000,0.628,3940000000,,0.693,328.39,,,,,,45213000000,33860000000,0.749,2821.84,33860000000,,,,,53.00,,,,12000000,644,11999404,false,false,12,2014-04-01,2015-03-31,0
2015-05-12,68320,2014-03-31,,36266000000,0.279,,,,,3763000000,0.563,4011000000,0.399,2327000000,,0.831,194.00,,,,,,40117000000,30183000000,0.752,2515.36,30183000000,,,,,26.00,,,,12000000,500,11999584,false,false,12,2013-04-01,2014-03-31,-1
2015-05-12,68320,2016-03-31,,22874000000,0.052,,,,,,,3690000000,0.001,2177000000,,0.008,181.42,,,,,,,,,,,,,,,,,,,,,,false,true,6,2015-04-01,2015-09-30,1
2015-05-12,68320,2016-03-31,,45260000000,0.058,,,,,,,6800000000,0.041,4012000000,,0.018,334.35,,,,,,,,,,,,,,,53.00,,,,,,,false,true,12,2015-04-01,2016-03-31,1
,68320,2015-03-31,,,,,,,,,,,,,,,,,,,,,,,,,,,,,,53.00,,,,,,,false,true,12,2014-04-01,2015-03-31,0
,68320,2015-03-31,,,,,,,,,,,,,,,,,,,,,,,,,,,,,,20.00,,,,,,,false,false,12,2014-04-01,2015-03-31,0
,68320,2014-03-31,,,,,,,,,,,,,,,,,,,,,,,,,,,,,,26.00,,,,,,,false,false,12,2013-04-01,2014-03-31,-1
2015-07-31,68320,2016-03-31,1,10589000000,0.024,,,,,1706000000,0.021,1859000000,0.066,,1208000000,,100.69,,,,,,47646000000,36939000000,0.775,3078.49,36939000000,,,,,,,,,,,,true,false,3,2015-04-01,2015-06-30,0
2015-07-31,68320,2015-03-31,1,10341000000,0.264,,,,,1671000000,2.249,1744000000,2.072,,1083000000,,90.30,,,,,,,,,,,,,,,,,,,,,,true,false,3,2014-04-01,2014-06-30,-1
2015-07-31,68320,2016-03-31,1,22874000000,0.052,,,,,4215000000,0.076,4407000000,0.051,,2768000000,,230.68,,,,,,,,,,,,,,,,,,,,,,true,true,6,2015-04-01,2015-09-30,0
2015-07-31,68320,2016-03-31,1,45260000000,0.056,,,,,7700000000,0.015,8100000000,-0.002,,5086000000,,423.86,,,,,,,,,,,,,,,,,,,,,,true,true,12,2015-04-01,2016-03-31,0
2015-07-31,68320,2015-03-31,1,,,,,,,,,,,,,,,,,,,,48365000000,36120000000,0.747,3010.23,36120000000,,,,,,,,,,,,true,false,12,2014-04-01,2015-03-31,-1
2015-07-31,68320,2015-03-31,1,,,,,,,,,,,,,,,,,,,,,,,,,,,,,53.00,,,,12000000,644,,false,false,12,2014-04-01,2015-03-31,-1
2015-07-31,68320,2016-03-31,1,,,,,,,,,,,,,,,,,,,,,,,,,,,,,53.00,,,,,,,false,true,12,2015-04-01,2016-03-31,0
2015-07-31,68320,2016-03-31,1,,,,,,,,,,,,,,,,,,,,,,,,,,,,,,,,,12000000,644,11999356,false,false,3,2015-04-01,2015-06-30,0
2015-07-31,68320,2015-03-31,1,,,,,,,,,,,,,,,,,,,,,,,,,,,,,,,,,,,11999465,false,false,3,2014-04-01,2014-06-30,-1
2015-10-30,68320,2016-03-31,2,21498000000,-0.011,,,,,3380000000,-0.137,3744000000,-0.107,,2427000000,,202.27,,,,,,49402000000,38071000000,0.771,3172.78,38071000000,,,,,,,,,,,,true,false,6,2015-04-01,2015-09-30,0
2015-10-30,68320,2015-03-31,2,21742000000,0.243,,,,,3916000000,1.545,4194000000,1.535,,2640000000,,220.05,,,,,,,,,,,,,,,,,,,,,,true,false,6,2014-04-01,2014-09-30,-1
2015-10-30,68320,2016-03-31,2,45260000000,0.056,,,,,7700000000,0.015,8100000000,-0.002,,5086000000,,423.86,,,,,,,,,,,,,,,,,,,,,,true,true,12,2015-04-01,2016-03-31,0
2015-10-30,68320,2015-03-31,2,,,,,,,,,,,,,,,,,,,,48365000000,36120000000,0.747,3010.23,36120000000,,,,,,,,,,,,true,false,12,2014-04-01,2015-03-31,-1
2015-10-30,68320,2015-03-31,2,,,,,,,,,,,,,,,,,,,,,,,,,,,,,53.00,,,,12000000,644,,false,false,12,2014-04-01,2015-03-31,-1
2015-10-30,68320,2016-03-31,2,,,,,,,,,,,,,,,,,,,,,,,,,,,,,26.00,,,,,,,false,false,12,2015-04-01,2016-03-31,0
2015-10-30,68320,2016-03-31,2,,,,,,,,,,,,,,,,,,,,,,,,,,,,,53.00,,,,,,,false,true,12,2015-04-01,2016-03-31,0
2015-10-30,68320,2016-03-31,2,,,,,,,,,,,,,,,,,,,,,,,,,,,,,,,,,12000000,644,11999356,false,false,6,2015-04-01,2015-09-30,0
2015-10-30,68320,2015-03-31,2,,,,,,,,,,,,,,,,,,,,,,,,,,,,,,,,,,,11999435,false,false,6,2014-04-01,2014-09-30,-1
2016-01-29,68320,2016-03-31,3,30471000000,-0.056,,,,,4462000000,-0.247,4671000000,-0.272,,3095000000,,257.99,,,,,,48360000000,38510000000,0.796,3209.38,38510000000,,,,,,,,,,,,true,false,9,2015-04-01,2015-12-31,0
2016-01-29,68320,2015-03-31,3,32264000000,0.214,,,,,5922000000,1.271,6419000000,1.248,,4137000000,,344.82,,,,,,,,,,,,,,,,,,,,,,true,false,9,2014-04-01,2014-12-31,-1
2016-01-29,68320,2016-03-31,3,40000000000,-0.067,,,,,5600000000,-0.262,5800000000,-0.286,,3100000000,,258.33,,,,,,,,,,,,,,,,,,,,,,true,true,12,2015-04-01,2016-03-31,0
2016-01-29,68320,2015-03-31,3,,,,,,,,,,,,,,,,,,,,48365000000,36120000000,0.747,3010.23,36120000000,,,,,,,,,,,,true,false,12,2014-04-01,2015-03-31,-1
2016-01-29,68320,2015-03-31,3,,,,,,,,,,,,,,,,,,,,,,,,,,,,,53.00,,,,12000000,644,,false,false,12,2014-04-01,2015-03-31,-1
2016-01-29,68320,2016-03-31,3,,,,,,,,,,,,,,,,,,,,,,,,,,,,,26.00,,,,,,,false,false,12,2015-04-01,2016-03-31,0
2016-01-29,68320,2016-03-31,3,,,,,,,,,,,,,,,,,,,,,,,,,,,,,53.00,,,,,,,false,true,12,2015-04-01,2016-03-31,0
2016-01-29,68320,2016-03-31,3,,,,,,,,,,,,,,,,,,,,,,,,,,,,,,,,,12000000,644,11999356,false,false,9,2015-04-01,2015-12-31,0
2016-01-29,68320,2015-03-31,3,,,,,,,,,,,,,,,,,,,,,,,,,,,,,,,,,,,11999419,false,false,9,2014-04-01,2014-12-31,-1
2016-01-29,68320,2016-03-31,,40000000000,-0.116,,,,,5600000000,-0.273,5800000000,-0.284,,3100000000,,258.33,,,,,,,,,,,,,,,,,,,,,,true,true,12,2015-04-01,2016-03-31,0
2016-01-29,68320,2015-03-31,,42854000000,,,,,,7584000000,,8120000000,,,5342000000,,445.26,,,,,,,,,,,,,,,,,,,,,,true,false,12,2014-04-01,2015-03-31,-1
2016-01-29,68320,2016-03-31,,40000000000,-0.116,,,,,,,5200000000,-0.235,2600000000,,-0.352,216.67,,,,,,,,,,,,,,,,,,,,,,false,true,12,2015-04-01,2016-03-31,0
2016-01-29,68320,2015-03-31,,42793000000,,,,,,,,6531000000,,3940000000,,,328.39,,,,,,,,,,,,,,,,,,,,,,false,false,12,2014-04-01,2015-03-31,-1
2016-05-13,68320,2016-03-31,,40345000000,-0.059,,,,,5633000000,-0.257,5805000000,-0.285,,3302000000,,275.23,,0.089,0.120,0.140,,48086000000,37808000000,0.786,3150.84,37808000000,4305000000,-1739000000,-975000000,21927000000,,0.193,,,,,,true,false,12,2015-04-01,2016-03-31,0
2016-05-13,68320,2015-03-31,,42854000000,0.180,,,,,7584000000,0.919,8120000000,0.886,,5342000000,,445.26,,0.160,0.182,0.177,,48365000000,36120000000,0.747,3010.23,36120000000,7372000000,-2215000000,-849000000,20482000000,,0.119,,,,,,true,false,12,2014-04-01,2015-03-31,-1
2016-05-13,68320,2017-03-31,,21200000000,-0.014,,,,,2570000000,-0.240,2570000000,-0.314,,1655000000,,137.92,,,,,,,,,,,,,,,,,,,,,,true,true,6,2016-04-01,2016-09-30,1
2016-05-13,68320,2017-03-31,,45000000000,0.115,,,,,5400000000,-0.041,5400000000,-0.070,,3650000000,,304.18,,,,,,,,,,,,,,,,0.174,,,,,,true,true,12,2016-04-01,2017-03-31,1
2016-05-13,68320,2016-03-31,,40295000000,-0.058,,,,,5073000000,-0.175,5143000000,-0.213,2712000000,,-0.312,226.09,,,,,,45520000000,35824000000,0.788,2985.56,35824000000,,,,,53.00,,,,12000000,644,11999356,false,false,12,2015-04-01,2016-03-31,0
2016-05-13,68320,2015-03-31,,42793000000,0.180,,,,,6149000000,0.634,6531000000,0.628,3940000000,,0.693,328.39,,,,,,45213000000,33860000000,0.749,2821.84,33860000000,,,,,53.00,,,,12000000,644,11999404,false,false,12,2014-04-01,2015-03-31,-1
2016-05-13,68320,2017-03-31,,21200000000,-0.013,,,,,,,2500000000,-0.267,1600000000,,-0.252,133.34,,,,,,,,,,,,,,,,,,,,,,false,true,6,2016-04-01,2016-09-30,1
2016-05-13,68320,2017-03-31,,45000000000,0.117,,,,,,,5200000000,0.011,3500000000,,0.290,291.68,,,,,,,,,,,,,,,53.00,,,,,,,false,true,12,2016-04-01,2017-03-31,1
2016-07-29,68320,2017-03-31,1,10761000000,0.016,,,,,1324000000,-0.224,1088000000,-0.415,,909000000,,75.82,,,,,,49691000000,38344000000,0.772,3195.56,38344000000,,,,,,,,,,,,true,false,3,2016-04-01,2016-06-30,0
2016-07-29,68320,2016-03-31,1,10589000000,0.024,,,,,1706000000,0.021,1859000000,0.066,,1208000000,,100.69,,,,,,,,,,,,,,,,,,,,,,true,false,3,2015-04-01,2015-06-30,-1
2016-07-29,68320,2017-03-31,1,21200000000,-0.014,,,,,2570000000,-0.240,2570000000,-0.314,,1655000000,,137.92,,,,,,,,,,,,,,,,,,,,,,true,true,6,2016-04-01,2016-09-30,0
2016-07-29,68320,2017-03-31,1,45000000000,0.115,,,,,5400000000,-0.041,5400000000,-0.070,,3650000000,,304.18,,,,,,,,,,,,,,,,,,,,,,true,true,12,2016-04-01,2017-03-31,0
2016-07-29,68320,2016-03-31,1,,,,,,,,,,,,,,,,,,,,48086000000,37808000000,0.786,3150.84,37808000000,,,,,,,,,,,,true,false,12,2015-04-01,2016-03-31,-1
2016-07-29,68320,2016-03-31,1,,,,,,,,,,,,,,,,,,,,,,,,,,,,,53.00,,,,12000000,644,,false,false,12,2015-04-01,2016-03-31,-1
2016-07-29,68320,2017-03-31,1,,,,,,,,,,,,,,,,,,,,,,,,,,,,,53.00,,,,,,,false,true,12,2016-04-01,2017-03-31,0
2016-07-29,68320,2017-03-31,1,,,,,,,,,,,,,,,,,,,,,,,,,,,,,,,,,12000000,644,11999356,false,false,3,2016-04-01,2016-06-30,0
2016-07-29,68320,2016-03-31,1,,,,,,,,,,,,,,,,,,,,,,,,,,,,,,,,,,,11999356,false,false,3,2015-04-01,2015-06-30,-1
2016-10-28,68320,2017-03-31,2,22099000000,0.028,,,,,2888000000,-0.146,2647000000,-0.293,,2036000000,,169.69,,,,,,49333000000,39483000000,0.800,3290.49,39483000000,,,,,,,,,,,,true,false,6,2016-04-01,2016-09-30,0
2016-10-28,68320,2016-03-31,2,21498000000,-0.011,,,,,3380000000,-0.137,3744000000,-0.107,,2427000000,,202.27,,,,,,,,,,,,,,,,,,,,,,true,false,6,2015-04-01,2015-09-30,-1
2016-10-28,68320,2017-03-31,2,45000000000,0.115,,,,,5400000000,-0.041,5400000000,-0.070,,3650000000,,304.18,,,,,,,,,,,,,,,,,,,,,,true,true,12,2016-04-01,2017-03-31,0
2016-10-28,68320,2016-03-31,2,,,,,,,,,,,,,,,,,,,,48086000000,37808000000,0.786,3150.84,37808000000,,,,,,,,,,,,true,false,12,2015-04-01,2016-03-31,-1
2016-10-28,68320,2016-03-31,2,,,,,,,,,,,,,,,,,,,,,,,,,,,,,53.00,,,,12000000,644,,false,false,12,2015-04-01,2016-03-31,-1
2016-10-28,68320,2017-03-31,2,,,,,,,,,,,,,,,,,,,,,,,,,,,,,26.00,,,,,,,false,false,12,2016-04-01,2017-03-31,0
2016-10-28,68320,2017-03-31,2,,,,,,,,,,,,,,,,,,,,,,,,,,,,,53.00,,,,,,,false,true,12,2016-04-01,2017-03-31,0
2016-10-28,68320,2017-03-31,2,,,,,,,,,,,,,,,,,,,,,,,,,,,,,,,,,12000000,644,11999356,false,false,6,2016-04-01,2016-09-30,0
2016-10-28,68320,2016-03-31,2,,,,,,,,,,,,,,,,,,,,,,,,,,,,,,,,,,,11999356,false,false,6,2015-04-01,2015-09-30,-1
2017-01-27,68320,2017-03-31,3,33499000000,0.099,,,,,4569000000,0.024,4950000000,0.060,,3699000000,,308.31,,,,,,51424000000,40948000000,0.796,3412.54,40948000000,,,,,,,,,,,,true,false,9,2016-04-01,2016-12-31,0
2017-01-27,68320,2016-03-31,3,30471000000,-0.056,,,,,4462000000,-0.247,4671000000,-0.272,,3095000000,,257.99,,,,,,,,,,,,,,,,,,,,,,true,false,9,2015-04-01,2015-12-31,-1
2017-01-27,68320,2017-03-31,3,45000000000,0.115,,,,,5650000000,0.003,5900000000,0.016,,4100000000,,341.69,,,,,,,,,,,,,,,,,,,,,,true,true,12,2016-04-01,2017-03-31,0
2017-01-27,68320,2016-03-31,3,,,,,,,,,,,,,,,,,,,,48086000000,37808000000,0.786,3150.84,37808000000,,,,,,,,,,,,true,false,12,2015-04-01,2016-03-31,-1
2017-01-27,68320,2016-03-31,3,,,,,,,,,,,,,,,,,,,,,,,,,,,,,53.00,,,,12000000,644,,false,false,12,2015-04-01,2016-03-31,-1
2017-01-27,68320,2017-03-31,3,,,,,,,,,,,,,,,,,,,,,,,,,,,,,26.00,,,,,,,false,false,12,2016-04-01,2017-03-31,0
2017-01-27,68320,2017-03-31,3,,,,,,,,,,,,,,,,,,,,,,,,,,,,,53.00,,,,,,,false,true,12,2016-04-01,2017-03-31,0
2017-01-27,68320,2017-03-31,3,,,,,,,,,,,,,,,,,,,,,,,,,,,,,,,,,12000000,644,11999356,false,false,9,2016-04-01,2016-12-31,0
2017-01-27,68320,2016-03-31,3,,,,,,,,,,,,,,,,,,,,,,,,,,,,,,,,,,,11999356,false,false,9,2015-04-01,2015-12-31,-1
2017-01-27,68320,2017-03-31,,45000000000,0.000,,,,,5650000000,0.046,5900000000,0.093,,4100000000,,341.69,,,,,,,,,,,,,,,,,,,,,,true,true,12,2016-04-01,2017-03-31,0
2017-01-27,68320,2016-03-31,,40345000000,,,,,,5633000000,,5805000000,,,3302000000,,275.23,,,,,,,,,,,,,,,,,,,,,,true,false,12,2015-04-01,2016-03-31,-1
2017-01-27,68320,2017-03-31,,45000000000,0.000,,,,,,,5400000000,0.038,3650000000,,0.043,304.18,,,,,,,,,,,,,,,,,,,,,,false,true,12,2016-04-01,2017-03-31,0
2017-01-27,68320,2016-03-31,,40295000000,,,,,,,,5143000000,,2712000000,,,226.09,,,,,,,,,,,,,,,,,,,,,,false,false,12,2015-04-01,2016-03-31,-1
2017-05-12,68320,2017-03-31,,44807000000,0.111,,,,,5778000000,0.026,6141000000,0.058,,4226000000,,352.23,,0.107,0.123,0.129,,52147000000,41592000000,0.798,3466.28,41592000000,5858000000,-4293000000,-1184000000,22053000000,,0.151,,,,,,true,false,12,2016-04-01,2017-03-31,0
2017-05-12,68320,2016-03-31,,40345000000,-0.059,,,,,5633000000,-0.257,5805000000,-0.285,,3302000000,,275.23,,0.089,0.120,0.140,,48086000000,37808000000,0.786,3150.84,37808000000,4305000000,-1739000000,-975000000,21927000000,,0.193,,,,,,true,false,12,2015-04-01,2016-03-31,-1
2017-05-12,68320,2018-03-31,,22500000000,0.018,,,,,2950000000,0.021,2950000000,0.114,,2040000000,,170.01,,,,,,,,,,,,,,,,,,,,,,true,true,6,2017-04-01,2017-09-30,1
2017-05-12,68320,2018-03-31,,46000000000,0.027,,,,,6200000000,0.073,6200000000,0.009,,4350000000,,362.52,,,,,,,,,,,,,,,,0.154,,,,,,true,true,12,2017-04-01,2018-03-31,1
2017-05-12,68320,2017-03-31,,44765000000,0.111,,,,,5264000000,0.038,5570000000,0.083,3722000000,,0.372,310.23,,,,,,47989000000,38953000000,0.812,3246.33,38953000000,,,,,53.00,,,,12000000,702,11999353,false,false,12,2016-04-01,2017-03-31,0
2017-05-12,68320,2016-03-31,,40295000000,-0.058,,,,,5073000000,-0.175,5143000000,-0.213,2712000000,,-0.312,226.09,,,,,,45520000000,35824000000,0.787,2985.56,35824000000,,,,,53.00,,,,12000000,644,11999356,false,false,12,2015-04-01,2016-03-31,-1
2017-05-12,68320,2018-03-31,,22500000000,0.019,,,,,,,2630000000,0.047,1820000000,,0.045,151.67,,,,,,,,,,,,,,,,,,,,,,false,true,6,2017-04-01,2017-09-30,1
2017-05-12,68320,2018-03-31,,46000000000,0.028,,,,,,,5600000000,0.005,3850000000,,0.034,320.85,,,,,,,,,,,,,,,56.00,,,,,,,false,true,12,2017-04-01,2018-03-31,1
2017-07-28,68320,2018-03-31,1,11633000000,0.081,,,,,1697000000,0.282,1783000000,0.638,,1249000000,,104.14,,,,,,53329000000,42531000000,0.798,3544.49,42531000000,,,,,,,,,,,,true,false,3,2017-04-01,2017-06-30,0
2017-07-28,68320,2017-03-31,1,10761000000,0.016,,,,,1324000000,-0.224,1088000000,-0.415,,909000000,,75.82,,,,,,,,,,,,,,,,,,,,,,true,false,3,2016-04-01,2016-06-30,-1
2017-07-28,68320,2018-03-31,1,22500000000,0.018,,,,,2950000000,0.021,2950000000,0.114,,2040000000,,170.01,,,,,,,,,,,,,,,,,,,,,,true,true,6,2017-04-01,2017-09-30,0
2017-07-28,68320,2018-03-31,1,46000000000,0.027,,,,,6200000000,0.073,6200000000,0.009,,4350000000,,362.52,,,,,,,,,,,,,,,,,,,,,,true,true,12,2017-04-01,2018-03-31,0
2017-07-28,68320,2017-03-31,1,,,,,,,,,,,,,,,,,,,,52147000000,41592000000,0.798,3466.28,41592000000,,,,,,,,,,,,true,false,12,2016-04-01,2017-03-31,-1
2017-07-28,68320,2017-03-31,1,,,,,,,,,,,,,,,,,,,,,,,,,,,,,53.00,,,,12000000,702,,false,false,12,2016-04-01,2017-03-31,-1
2017-07-28,68320,2018-03-31,1,,,,,,,,,,,,,,,,,,,,,,,,,,,,,56.00,,,,,,,false,true,12,2017-04-01,2018-03-31,0
2017-07-28,68320,2018-03-31,1,,,,,,,,,,,,,,,,,,,,,,,,,,,,,,,,,12000000,702,11999298,false,false,3,2017-04-01,2017-06-30,0
2017-07-28,68320,2017-03-31,1,,,,,,,,,,,,,,,,,,,,,,,,,,,,,,,,,,,11999356,false,false,3,2016-04-01,2016-06-30,-1
2017-10-27,68320,2018-03-31,2,23780000000,0.076,,,,,3487000000,0.207,3646000000,0.377,,2570000000,,214.25,,,,,,55994000000,43874000000,0.784,3656.42,43874000000,,,,,,,,,,,,true,false,6,2017-04-01,2017-09-30,0
2017-10-27,68320,2017-03-31,2,22099000000,0.028,,,,,2888000000,-0.146,2647000000,-0.293,,2036000000,,169.69,,,,,,,,,,,,,,,,,,,,,,true,false,6,2016-04-01,2016-09-30,-1
2017-10-27,68320,2018-03-31,2,46000000000,0.027,,,,,6200000000,0.073,6200000000,0.009,,4350000000,,362.52,,,,,,,,,,,,,,,,,,,,,,true,true,12,2017-04-01,2018-03-31,0
2017-10-27,68320,2017-03-31,2,,,,,,,,,,,,,,,,,,,,52147000000,41592000000,0.798,3466.28,41592000000,,,,,,,,,,,,true,false,12,2016-04-01,2017-03-31,-1
2017-10-27,68320,2017-03-31,2,,,,,,,,,,,,,,,,,,,,,,,,,,,,,53.00,,,,12000000,702,,false,false,12,2016-04-01,2017-03-31,-1
2017-10-27,68320,2018-03-31,2,,,,,,,,,,,,,,,,,,,,,,,,,,,,,27.00,,,,,,,false,false,12,2017-04-01,2018-03-31,0
2017-10-27,68320,2018-03-31,2,,,,,,,,,,,,,,,,,,,,,,,,,,,,,56.00,,,,,,,false,true,12,2017-04-01,2018-03-31,0
2017-10-27,68320,2018-03-31,2,,,,,,,,,,,,,,,,,,,,,,,,,,,,,,,,,12000000,702,11999298,false,false,6,2017-04-01,2017-09-30,0
2017-10-27,68320,2017-03-31,2,,,,,,,,,,,,,,,,,,,,,,,,,,,,,,,,,,,11999356,false,false,6,2016-04-01,2016-09-30,-1
2018-01-26,68320,2018-03-31,3,34987000000,0.044,,,,,4800000000,0.050,5079000000,0.026,,3606000000,,300.53,,,,,,55762000000,44597000000,0.800,3716.64,44597000000,,,,,,,,,,,,true,false,9,2017-04-01,2017-12-31,0
2018-01-26,68320,2017-03-31,3,33499000000,0.099,,,,,4569000000,0.024,4950000000,0.060,,3699000000,,308.31,,,,,,,,,,,,,,,,,,,,,,true,false,9,2016-04-01,2016-12-31,-1
2018-01-26,68320,2018-03-31,3,46000000000,0.027,,,,,6200000000,0.073,6200000000,0.009,,4350000000,,362.52,,,,,,,,,,,,,,,,,,,,,,true,true,12,2017-04-01,2018-03-31,0
2018-01-26,68320,2017-03-31,3,,,,,,,,,,,,,,,,,,,,52147000000,41592000000,0.798,3466.28,41592000000,,,,,,,,,,,,true,false,12,2016-04-01,2017-03-31,-1
2018-01-26,68320,2017-03-31,3,,,,,,,,,,,,,,,,,,,,,,,,,,,,,53.00,,,,12000000,702,,false,false,12,2016-04-01,2017-03-31,-1
2018-01-26,68320,2018-03-31,3,,,,,,,,,,,,,,,,,,,,,,,,,,,,,27.00,,,,,,,false,false,12,2017-04-01,2018-03-31,0
2018-01-26,68320,2018-03-31,3,,,,,,,,,,,,,,,,,,,,,,,,,,,,,56.00,,,,,,,false,true,12,2017-04-01,2018-03-31,0
2018-01-26,68320,2018-03-31,3,,,,,,,,,,,,,,,,,,,,,,,,,,,,,,,,,12000000,702,11999298,false,false,9,2017-04-01,2017-12-31,0
2018-01-26,68320,2017-03-31,3,,,,,,,,,,,,,,,,,,,,,,,,,,,,,,,,,,,11999356,false,false,9,2016-04-01,2016-12-31,-1
2018-05-11,68320,2018-03-31,,45675000000,0.019,,,,,5649000000,-0.022,6165000000,0.004,,4566000000,,380.58,,0.105,0.113,0.124,,56949000000,45576000000,0.800,3798.26,45576000000,8167000000,-4875000000,-1036000000,24173000000,,0.147,,,,,,true,false,12,2017-04-01,2018-03-31,0
2018-05-11,68320,2017-03-31,,44807000000,0.111,,,,,5778000000,0.026,6141000000,0.058,,4226000000,,352.23,,0.107,0.123,0.129,,52147000000,41592000000,0.798,3466.28,41592000000,5858000000,-4293000000,-1184000000,22053000000,,0.151,,,,,,true,false,12,2016-04-01,2017-03-31,-1
2018-05-11,68320,2019-03-31,,23000000000,-0.033,,,,,2200000000,-0.369,2200000000,-0.397,,1540000000,,128.34,,,,,,,,,,,,,,,,,,,,,,true,true,6,2018-04-01,2018-09-30,1
2018-05-11,68320,2019-03-31,,47000000000,0.029,,,,,5100000000,-0.097,5100000000,-0.173,,3570000000,,297.52,,,,,,,,,,,,,,,,0.222,,,,,,true,true,12,2018-04-01,2019-03-31,1
2018-05-11,68320,2018-03-31,,45699000000,0.021,,,,,4660000000,-0.115,5185000000,-0.069,3657000000,,-0.018,304.80,,,,,,51631000000,41947000000,0.812,3495.83,41947000000,,,,,56.00,,,,12000000,702,11999298,false,false,12,2017-04-01,2018-03-31,0
2018-05-11,68320,2017-03-31,,44765000000,0.111,,,,,5264000000,0.038,5570000000,0.083,3722000000,,0.372,310.23,,,,,,47989000000,38953000000,0.812,3246.33,38953000000,,,,,53.00,,,,12000000,702,11999353,false,false,12,2016-04-01,2017-03-31,-1
2018-05-11,68320,2019-03-31,,23000000000,-0.033,,,,,,,1800000000,-0.434,1260000000,,-0.423,105.01,,,,,,,,,,,,,,,,,,,,,,false,true,6,2018-04-01,2018-09-30,1
2018-05-11,68320,2019-03-31,,47000000000,0.028,,,,,,,4200000000,-0.190,2940000000,,-0.196,245.01,,,,,,,,,,,,,,,66.00,,,,,,,false,true,12,2018-04-01,2019-03-31,1
2018-07-27,68320,2019-03-31,1,10834000000,-0.069,,,,,955000000,-0.437,1131000000,-0.366,,760000000,,63.38,,,,,,56691000000,45971000000,0.811,3831.15,45971000000,,,,,,,,,,,,true,false,3,2018-04-01,2018-06-30,0
2018-07-27,68320,2018-03-31,1,11633000000,0.081,,,,,1697000000,0.282,1783000000,0.638,,1249000000,,104.14,,,,,,,,,,,,,,,,,,,,,,true,false,3,2017-04-01,2017-06-30,-1
2018-07-27,68320,2019-03-31,1,23000000000,-0.033,,,,,2200000000,-0.369,2200000000,-0.397,,1540000000,,128.34,,,,,,,,,,,,,,,,,,,,,,true,true,6,2018-04-01,2018-09-30,0
2018-07-27,68320,2019-03-31,1,47000000000,0.029,,,,,5100000000,-0.097,5100000000,-0.173,,3570000000,,297.52,,,,,,,,,,,,,,,,,,,,,,true,true,12,2018-04-01,2019-03-31,0
2018-07-27,68320,2018-03-31,1,,,,,,,,,,,,,,,,,,,,56949000000,45576000000,0.800,3798.26,45576000000,,,,,,,,,,,,true,false,12,2017-04-01,2018-03-31,-1
2018-07-27,68320,2018-03-31,1,,,,,,,,,,,,,,,,,,,,,,,,,,,,,56.00,,,,12000000,702,,false,false,12,2017-04-01,2018-03-31,-1
2018-07-27,68320,2019-03-31,1,,,,,,,,,,,,,,,,,,,,,,,,,,,,,66.00,,,,,,,false,true,12,2018-04-01,2019-03-31,0
2018-07-27,68320,2019-03-31,1,,,,,,,,,,,,,,,,,,,,,,,,,,,,,,,,,12000000,702,11999298,false,false,3,2018-04-01,2018-06-30,0
2018-07-27,68320,2018-03-31,1,,,,,,,,,,,,,,,,,,,,,,,,,,,,,,,,,,,11999298,false,false,3,2017-04-01,2017-06-30,-1
2018-10-19,68320,2019-03-31,,22800000000,-0.009,,,,,2600000000,0.182,2900000000,0.318,,2000000000,,166.68,,,,,,,,,,,,,,,,,,,,,,true,true,6,2018-04-01,2018-09-30,0
2018-10-19,68320,2018-03-31,,23780000000,,,,,,3487000000,,3646000000,,,2570000000,,214.25,,,,,,,,,,,,,,,,,,,,,,true,false,6,2017-04-01,2017-09-30,-1
2018-10-26,68320,2019-03-31,2,22883000000,-0.038,,,,,2629000000,-0.246,2946000000,-0.192,,2010000000,,167.51,,,,,,59612000000,47241000000,0.792,3936.99,47241000000,,,,,,,,,,,,true,false,6,2018-04-01,2018-09-30,0
2018-10-26,68320,2018-03-31,2,23780000000,0.076,,,,,3487000000,0.207,3646000000,0.377,,2570000000,,214.25,,,,,,,,,,,,,,,,,,,,,,true,false,6,2017-04-01,2017-09-30,-1
2018-10-26,68320,2019-03-31,2,47000000000,0.029,,,,,5100000000,-0.097,5100000000,-0.173,,3570000000,,297.52,,,,,,,,,,,,,,,,,,,,,,true,true,12,2018-04-01,2019-03-31,0
2018-10-26,68320,2018-03-31,2,,,,,,,,,,,,,,,,,,,,56949000000,45576000000,0.800,3798.26,45576000000,,,,,,,,,,,,true,false,12,2017-04-01,2018-03-31,-1
2018-10-26,68320,2018-03-31,2,,,,,,,,,,,,,,,,,,,,,,,,,,,,,56.00,,,,12000000,702,,false,false,12,2017-04-01,2018-03-31,-1
2018-10-26,68320,2019-03-31,2,,,,,,,,,,,,,,,,,,,,,,,,,,,,,27.00,,,,,,,false,false,12,2018-04-01,2019-03-31,0
2018-10-26,68320,2019-03-31,2,,,,,,,,,,,,,,,,,,,,,,,,,,,,,66.00,,,,,,,false,true,12,2018-04-01,2019-03-31,0
2018-10-26,68320,2019-03-31,2,,,,,,,,,,,,,,,,,,,,,,,,,,,,,,,,,12000000,702,11999298,false,false,6,2018-04-01,2018-09-30,0
2018-10-26,68320,2018-03-31,2,,,,,,,,,,,,,,,,,,,,,,,,,,,,,,,,,,,11999298,false,false,6,2017-04-01,2017-09-30,-1
2019-02-01,68320,2019-03-31,3,33451000000,-0.044,,,,,3424000000,-0.287,3834000000,-0.245,,2590000000,,215.88,,,,,,58290000000,47413000000,0.813,3951.36,47413000000,,,,,,,,,,,,true,false,9,2018-04-01,2018-12-31,0
2019-02-01,68320,2018-03-31,3,34987000000,0.044,,,,,4800000000,0.050,5079000000,0.026,,3606000000,,300.53,,,,,,,,,,,,,,,,,,,,,,true,false,9,2017-04-01,2017-12-31,-1
2019-02-01,68320,2019-03-31,3,42000000000,-0.080,,,,,2960000000,-0.476,3390000000,-0.450,,1970000000,,164.18,,,,,,,,,,,,,,,,,,,,,,true,true,12,2018-04-01,2019-03-31,0
2019-02-01,68320,2018-03-31,3,,,,,,,,,,,,,,,,,,,,56949000000,45576000000,0.800,3798.26,45576000000,,,,,,,,,,,,true,false,12,2017-04-01,2018-03-31,-1
2019-02-01,68320,2018-03-31,3,,,,,,,,,,,,,,,,,,,,,,,,,,,,,56.00,,,,12000000,702,,false,false,12,2017-04-01,2018-03-31,-1
2019-02-01,68320,2019-03-31,3,,,,,,,,,,,,,,,,,,,,,,,,,,,,,27.00,,,,,,,false,false,12,2018-04-01,2019-03-31,0
2019-02-01,68320,2019-03-31,3,,,,,,,,,,,,,,,,,,,,,,,,,,,,,66.00,,,,,,,false,true,12,2018-04-01,2019-03-31,0
2019-02-01,68320,2019-03-31,3,,,,,,,,,,,,,,,,,,,,,,,,,,,,,,,,,12000000,702,11999298,false,false,9,2018-04-01,2018-12-31,0
2019-02-01,68320,2018-03-31,3,,,,,,,,,,,,,,,,,,,,,,,,,,,,,,,,,,,11999298,false,false,9,2017-04-01,2017-12-31,-1
2019-02-01,68320,2019-03-31,,42000000000,-0.106,,,,,2960000000,-0.420,3390000000,-0.335,,1970000000,,164.18,,,,,,,,,,,,,,,,,,,,,,true,true,12,2018-04-01,2019-03-31,0
2019-02-01,68320,2018-03-31,,45675000000,,,,,,5649000000,,6165000000,,,4566000000,,380.58,,,,,,,,,,,,,,,,,,,,,,true,false,12,2017-04-01,2018-03-31,-1
2019-02-01,68320,2019-03-31,,42000000000,-0.106,,,,,,,3410000000,-0.188,1690000000,,-0.425,140.84,,,,,,,,,,,,,,,,,,,,,,false,true,12,2018-04-01,2019-03-31,0
2019-02-01,68320,2018-03-31,,45699000000,,,,,,,,5185000000,,3657000000,,,304.80,,,,,,,,,,,,,,,,,,,,,,false,false,12,2017-04-01,2018-03-31,-1
2019-05-10,68320,2019-03-31,,42777000000,-0.063,,,,,3289000000,-0.418,4038000000,-0.345,,2277000000,,189.77,,0.049,0.071,0.077,,57358000000,47227000000,0.823,3935.85,47227000000,7480000000,-2981000000,-782000000,27922000000,,0.348,,,,,,true,false,12,2018-04-01,2019-03-31,0
2019-05-10,68320,2018-03-31,,45675000000,0.019,,,,,5649000000,-0.022,6165000000,0.004,,4566000000,,380.58,,0.105,0.113,0.124,,56949000000,45576000000,0.800,3798.26,45576000000,8167000000,-4875000000,-1036000000,24173000000,,0.147,,,,,,true,false,12,2017-04-01,2018-03-31,-1
2019-05-10,68320,2020-03-31,,20000000000,-0.126,,,,,500000000,-0.810,600000000,-0.796,,350000000,,29.17,,,,,,,,,,,,,,,,,,,,,,true,true,6,2019-04-01,2019-09-30,1
2019-05-10,68320,2020-03-31,,40500000000,-0.053,,,,,1300000000,-0.605,1500000000,-0.629,,1000000000,,83.34,,,,,,,,,,,,,,,,0.672,,,,,,true,true,12,2019-04-01,2020-03-31,1
2019-05-10,68320,2018-03-31,,,,,,,,,,,,,,,,,,,,,,,,,,,,,,56.00,,,,12000000,702,11999298,false,false,12,2017-04-01,2018-03-31,-1
2019-05-10,68320,2019-03-31,,,,,,,,,,,,,,,,,,,,,,,,,,,,,,66.00,,,,12000000,702,11999298,false,false,12,2018-04-01,2019-03-31,0
2019-05-10,68320,2020-03-31,,,,,,,,,,,,,,,,,,,,,,,,,,,,,,56.00,,,,,,,false,true,12,2019-04-01,2020-03-31,1
2019-08-02,68320,2020-03-31,1,9840000000,-0.092,,,,,627000000,-0.343,631000000,-0.442,,416000000,,34.67,,,,,,56940000000,47173000000,0.828,3931.32,47173000000,,,,,,,,,,,,true,false,3,2019-04-01,2019-06-30,0
2019-08-02,68320,2019-03-31,1,10834000000,-0.069,,,,,955000000,-0.437,1131000000,-0.366,,760000000,,63.38,,,,,,,,,,,,,,,,,,,,,,true,false,3,2018-04-01,2018-06-30,-1
2019-08-02,68320,2020-03-31,1,21000000000,-0.082,,,,,1600000000,-0.391,1600000000,-0.457,,1120000000,,93.34,,,,,,,,,,,,,,,,,,,,,,true,true,6,2019-04-01,2019-09-30,0
2019-08-02,68320,2020-03-31,1,41500000000,-0.030,,,,,2400000000,-0.271,2500000000,-0.381,,1770000000,,147.51,,,,,,,,,,,,,,,,,,,,,,true,true,12,2019-04-01,2020-03-31,0
2019-08-02,68320,2019-03-31,1,,,,,,,,,,,,,,,,,,,,57358000000,47227000000,0.823,3935.85,47227000000,,,,,,,,,,,,true,false,12,2018-04-01,2019-03-31,-1
2019-08-02,68320,2019-03-31,1,,,,,,,,,,,,,,,,,,,,,,,,,,,,,66.00,,,,12000000,702,,false,false,12,2018-04-01,2019-03-31,-1
2019-08-02,68320,2020-03-31,1,,,,,,,,,,,,,,,,,,,,,,,,,,,,,56.00,,,,,,,false,true,12,2019-04-01,2020-03-31,0
2019-08-02,68320,2020-03-31,1,,,,,,,,,,,,,,,,,,,,,,,,,,,,,,,,,12000000,703,11999297,false,false,3,2019-04-01,2019-06-30,0
2019-08-02,68320,2019-03-31,1,,,,,,,,,,,,,,,,,,,,,,,,,,,,,,,,,,,11999298,false,false,3,2018-04-01,2018-06-30,-1
2019-08-02,68320,2020-03-31,,21000000000,0.050,,,,,1600000000,2.200,1600000000,1.667,1120000000,,2.200,93.34,,,,,,,,,,,,,,,,,,,,,,true,true,6,2019-04-01,2019-09-30,0
2019-08-02,68320,2019-03-31,,22883000000,,,,,,2629000000,,2946000000,,2010000000,,,167.51,,,,,,,,,,,,,,,,,,,,,,true,false,6,2018-04-01,2018-09-30,-1
2019-08-02,68320,2020-03-31,,41500000000,0.025,,,,,2400000000,0.846,2500000000,0.667,,1770000000,,147.51,,,,,,,,,,,,,,,,,,,,,,true,true,12,2019-04-01,2020-03-31,0
2019-08-02,68320,2019-03-31,,42777000000,,,,,,3289000000,,4038000000,,,2277000000,,189.77,,,,,,,,,,,,,,,,,,,,,,true,false,12,2018-04-01,2019-03-31,-1
2019-11-01,68320,2020-03-31,2,21089000000,-0.078,,,,,1785000000,-0.321,1813000000,-0.384,,1235000000,,102.93,,,,,,58464000000,48005000000,0.821,4000.72,48005000000,,,,,,,,,,,,true,false,6,2019-04-01,2019-09-30,0
2019-11-01,68320,2019-03-31,2,22883000000,-0.038,,,,,2629000000,-0.246,2946000000,-0.192,,2010000000,,167.51,,,,,,,,,,,,,,,,,,,,,,true,false,6,2018-04-01,2018-09-30,-1
2019-11-01,68320,2020-03-31,2,41500000000,-0.030,,,,,2400000000,-0.271,2500000000,-0.381,,1770000000,,147.51,,,,,,,,,,,,,,,,,,,,,,true,true,12,2019-04-01,2020-03-31,0
2019-11-01,68320,2019-03-31,2,,,,,,,,,,,,,,,,,,,,57358000000,47227000000,0.823,3935.85,47227000000,,,,,,,,,,,,true,false,12,2018-04-01,2019-03-31,-1
2019-11-01,68320,2019-03-31,2,,,,,,,,,,,,,,,,,,,,,,,,,,,,,66.00,,,,12000000,702,,false,false,12,2018-04-01,2019-03-31,-1
2019-11-01,68320,2020-03-31,2,,,,,,,,,,,,,,,,,,,,,,,,,,,,,27.00,,,,,,,false,false,12,2019-04-01,2020-03-31,0
2019-11-01,68320,2020-03-31,2,,,,,,,,,,,,,,,,,,,,,,,,,,,,,56.00,,,,,,,false,true,12,2019-04-01,2020-03-31,0
2019-11-01,68320,2020-03-31,2,,,,,,,,,,,,,,,,,,,,,,,,,,,,,,,,,12000000,703,11999297,false,false,6,2019-04-01,2019-09-30,0
2019-11-01,68320,2019-03-31,2,,,,,,,,,,,,,,,,,,,,,,,,,,,,,,,,,,,11999298,false,false,6,2018-04-01,2018-09-30,-1
2020-01-31,68320,2020-03-31,3,31837000000,-0.048,,,,,2686000000,-0.216,2824000000,-0.263,,1968000000,,164.02,,,,,,58980000000,48466000000,0.822,4039.12,48466000000,,,,,,,,,,,,true,false,9,2019-04-01,2019-12-31,0
2020-01-31,68320,2019-03-31,3,33451000000,-0.044,,,,,3424000000,-0.287,3834000000,-0.245,,2590000000,,215.88,,,,,,,,,,,,,,,,,,,,,,true,false,9,2018-04-01,2018-12-31,-1
2020-01-31,68320,2020-03-31,3,42200000000,-0.013,,,,,3200000000,-0.027,3200000000,-0.208,,1800000000,,150.01,,,,,,,,,,,,,,,,,,,,,,true,true,12,2019-04-01,2020-03-31,0
2020-01-31,68320,2019-03-31,3,,,,,,,,,,,,,,,,,,,,57358000000,47227000000,0.823,3935.85,47227000000,,,,,,,,,,,,true,false,12,2018-04-01,2019-03-31,-1
2020-01-31,68320,2019-03-31,3,,,,,,,,,,,,,,,,,,,,,,,,,,,,,66.00,,,,12000000,702,,false,false,12,2018-04-01,2019-03-31,-1
2020-01-31,68320,2020-03-31,3,,,,,,,,,,,,,,,,,,,,,,,,,,,,,27.00,,,,,,,false,false,12,2019-04-01,2020-03-31,0
2020-01-31,68320,2020-03-31,3,,,,,,,,,,,,,,,,,,,,,,,,,,,,,56.00,,,,,,,false,true,12,2019-04-01,2020-03-31,0
2020-01-31,68320,2020-03-31,3,,,,,,,,,,,,,,,,,,,,,,,,,,,,,,,,,12000000,703,11999297,false,false,9,2019-04-01,2019-12-31,0
2020-01-31,68320,2019-03-31,3,,,,,,,,,,,,,,,,,,,,,,,,,,,,,,,,,,,11999298,false,false,9,2018-04-01,2018-12-31,-1
2020-01-31,68320,2020-03-31,,42200000000,0.017,,,,,3200000000,0.333,3200000000,0.280,,1800000000,,150.01,,,,,,,,,,,,,,,,,,,,,,true,true,12,2019-04-01,2020-03-31,0
2020-01-31,68320,2019-03-31,,42777000000,,,,,,3289000000,,4038000000,,,2277000000,,189.77,,,,,,,,,,,,,,,,,,,,,,true,false,12,2018-04-01,2019-03-31,-1
2020-05-08,68320,2020-03-31,,42342000000,-0.010,,,,,3178000000,-0.034,3419000000,-0.153,,1798000000,,149.91,,0.038,0.059,0.075,,57758000000,48043000000,0.832,4003.91,48043000000,3481000000,-4048000000,-1400000000,25992000000,,0.374,,,,,,true,false,12,2019-04-01,2020-03-31,0
2020-05-08,68320,2019-03-31,,42777000000,-0.063,,,,,3289000000,-0.418,4038000000,-0.345,,2277000000,,189.77,,0.049,0.071,0.077,,57358000000,47227000000,0.823,3935.85,47227000000,7480000000,-2981000000,-782000000,27922000000,,0.348,,,,,,true,false,12,2018-04-01,2019-03-31,-1
2020-05-08,68320,2019-03-31,,,,,,,,,,,,,,,,,,,,,,,,,,,,,,66.00,,,,12000000,702,11999298,false,false,12,2018-04-01,2019-03-31,-1
2020-05-08,68320,2020-03-31,,,,,,,,,,,,,,,,,,,,,,,,,,,,,,56.00,,,,12000000,749,11999287,false,false,12,2019-04-01,2020-03-31,0
2020-07-31,68320,2021-03-31,1,10489000000,0.066,,,,,790000000,0.259,801000000,0.270,,567000000,,47.31,,,,,,57518000000,48297000000,0.840,4025.02,48297000000,,,,,,,,,,,,true,false,3,2020-04-01,2020-06-30,0
2020-07-31,68320,2020-03-31,1,9840000000,-0.092,,,,,627000000,-0.343,631000000,-0.442,,416000000,,34.67,,,,,,,,,,,,,,,,,,,,,,true,false,3,2019-04-01,2019-06-30,-1
2020-07-31,68320,2021-03-31,1,19300000000,-0.085,,,,,400000000,-0.776,400000000,-0.779,,280000000,,23.33,,,,,,,,,,,,,,,,,,,,,,true,true,6,2020-04-01,2020-09-30,0
2020-07-31,68320,2021-03-31,1,38000000000,-0.103,,,,,700000000,-0.780,700000000,-0.795,,500000000,,41.67,,,,,,,,,,,,,,,,,,,,,,true,true,12,2020-04-01,2021-03-31,0
2020-07-31,68320,2020-03-31,1,,,,,,,,,,,,,,,,,,,,57758000000,48043000000,0.832,4003.91,48043000000,,,,,,,,,,,,true,false,12,2019-04-01,2020-03-31,-1
2020-07-31,68320,2020-03-31,1,,,,,,,,,,,,,,,,,,,,,,,,,,,,,56.00,,,,12000000,749,,false,false,12,2019-04-01,2020-03-31,-1
2020-07-31,68320,2021-03-31,1,,,,,,,,,,,,,,,,,,,,,,,,,,,,,56.00,,,,,,,false,true,12,2020-04-01,2021-03-31,0
2020-07-31,68320,2021-03-31,1,,,,,,,,,,,,,,,,,,,,,,,,,,,,,,,,,12000000,792,11999219,false,false,3,2020-04-01,2020-06-30,0
2020-07-31,68320,2020-03-31,1,,,,,,,,,,,,,,,,,,,,,,,,,,,,,,,,,,,11999297,false,false,3,2019-04-01,2019-06-30,-1
2020-07-31,68320,2021-03-31,,19300000000,,,,,,400000000,,400000000,,280000000,,,23.33,,,,,,,,,,,,,,,,,,,,,,true,true,6,2020-04-01,2020-09-30,0
2020-07-31,68320,2020-03-31,,21089000000,,,,,,1785000000,,1813000000,,1235000000,,,102.93,,,,,,,,,,,,,,,,,,,,,,true,false,6,2019-04-01,2019-09-30,-1
2020-07-31,68320,2021-03-31,,38000000000,,,,,,700000000,,700000000,,,500000000,,41.67,,,,,,,,,,,,,,,,,,,,,,true,true,12,2020-04-01,2021-03-31,0
2020-07-31,68320,2020-03-31,,42342000000,,,,,,3178000000,,3419000000,,,1798000000,,149.91,,,,,,,,,,,,,,,,,,,,,,true,false,12,2019-04-01,2020-03-31,-1
2020-07-31,68320,2021-03-31,,,,,,,,,,,,,,,,,,,,,,,,,,,,,,56.00,,,,,,,false,true,12,2020-04-01,2021-03-31,0
2020-07-31,68320,2020-03-31,,,,,,,,,,,,,,,,,,,,,,,,,,,,,,56.00,,,,,,,false,false,12,2019-04-01,2020-03-31,-1
2020-10-30,68320,2021-03-31,2,19807000000,-0.061,,,,,659000000,-0.630,659000000,-0.636,,441000000,,36.82,,,,,,57815000000,48180000000,0.833,4015.27,48180000000,,,,,,,,,,,,true,false,6,2020-04-01,2020-09-30,0
2020-10-30,68320,2020-03-31,2,21089000000,-0.078,,,,,1785000000,-0.321,1813000000,-0.384,,1235000000,,102.93,,,,,,,,,,,,,,,,,,,,,,true,false,6,2019-04-01,2019-09-30,-1
2020-10-30,68320,2021-03-31,2,38000000000,-0.103,,,,,700000000,-0.780,700000000,-0.795,,500000000,,41.67,,,,,,,,,,,,,,,,,,,,,,true,true,12,2020-04-01,2021-03-31,0
2020-10-30,68320,2020-03-31,2,,,,,,,,,,,,,,,,,,,,57758000000,48043000000,0.832,4003.91,48043000000,,,,,,,,,,,,true,false,12,2019-04-01,2020-03-31,-1
2020-10-30,68320,2020-03-31,2,,,,,,,,,,,,,,,,,,,,,,,,,,,,,56.00,,,,12000000,749,,false,false,12,2019-04-01,2020-03-31,-1
2020-10-30,68320,2021-03-31,2,,,,,,,,,,,,,,,,,,,,,,,,,,,,,27.00,,,,,,,false,false,12,2020-04-01,2021-03-31,0
2020-10-30,68320,2021-03-31,2,,,,,,,,,,,,,,,,,,,,,,,,,,,,,56.00,,,,,,,false,true,12,2020-04-01,2021-03-31,0
2020-10-30,68320,2021-03-31,2,,,,,,,,,,,,,,,,,,,,,,,,,,,,,,,,,12000000,792,11999214,false,false,6,2020-04-01,2020-09-30,0
2020-10-30,68320,2020-03-31,2,,,,,,,,,,,,,,,,,,,,,,,,,,,,,,,,,,,11999297,false,false,6,2019-04-01,2019-09-30,-1
2021-01-29,68320,2021-03-31,3,29757000000,-0.065,,,,,1160000000,-0.568,1110000000,-0.607,,751000000,,62.63,,,,,,58359000000,48207000000,0.826,4017.55,48207000000,,,,,,,,,,,,true,false,9,2020-04-01,2020-12-31,0
2021-01-29,68320,2020-03-31,3,31837000000,-0.048,,,,,2686000000,-0.216,2824000000,-0.263,,1968000000,,164.02,,,,,,,,,,,,,,,,,,,,,,true,false,9,2019-04-01,2019-12-31,-1
2021-01-29,68320,2021-03-31,3,40000000000,-0.055,,,,,1330000000,-0.582,1300000000,-0.620,,850000000,,70.84,,,,,,,,,,,,,,,,,,,,,,true,true,12,2020-04-01,2021-03-31,0
2021-01-29,68320,2020-03-31,3,,,,,,,,,,,,,,,,,,,,57758000000,48043000000,0.832,4003.91,48043000000,,,,,,,,,,,,true,false,12,2019-04-01,2020-03-31,-1
2021-01-29,68320,2020-03-31,3,,,,,,,,,,,,,,,,,,,,,,,,,,,,,56.00,,,,12000000,749,,false,false,12,2019-04-01,2020-03-31,-1
2021-01-29,68320,2021-03-31,3,,,,,,,,,,,,,,,,,,,,,,,,,,,,,27.00,,,,,,,false,false,12,2020-04-01,2021-03-31,0
2021-01-29,68320,2021-03-31,3,,,,,,,,,,,,,,,,,,,,,,,,,,,,,56.00,,,,,,,false,true,12,2020-04-01,2021-03-31,0
2021-01-29,68320,2021-03-31,3,,,,,,,,,,,,,,,,,,,,,,,,,,,,,,,,,12000000,864,11999208,false,false,9,2020-04-01,2020-12-31,0
2021-01-29,68320,2020-03-31,3,,,,,,,,,,,,,,,,,,,,,,,,,,,,,,,,,,,11999297,false,false,9,2019-04-01,2019-12-31,-1
2021-01-29,68320,2021-03-31,,40000000000,0.053,,,,,1330000000,0.900,1300000000,0.857,,850000000,,70.84,,,,,,,,,,,,,,,,,,,,,,true,true,12,2020-04-01,2021-03-31,0
2021-01-29,68320,2020-03-31,,42342000000,,,,,,3178000000,,3419000000,,,1798000000,,149.91,,,,,,,,,,,,,,,,,,,,,,true,false,12,2019-04-01,2020-03-31,-1
2021-05-07,68320,2021-03-31,,40265000000,-0.049,,,,,1347000000,-0.576,1564000000,-0.542,,1054000000,,87.90,,0.022,0.027,0.033,,58492000000,48875000000,0.836,4073.29,48875000000,4575000000,-2450000000,-1092000000,27044000000,,0.637,,,,,,true,false,12,2020-04-01,2021-03-31,0
2021-05-07,68320,2020-03-31,,42342000000,-0.010,,,,,3178000000,-0.034,3419000000,-0.153,,1798000000,,149.91,,0.038,0.059,0.075,,57758000000,48043000000,0.832,4003.91,48043000000,3481000000,-4048000000,-1400000000,25992000000,,0.374,,,,,,true,false,12,2019-04-01,2020-03-31,-1
2021-05-07,68320,2022-03-31,,20000000000,0.066,,,,,800000000,0.213,800000000,0.212,,560000000,,46.67,,,,,,,,,,,,,,,,,,,,,,true,true,6,2021-04-01,2021-09-30,1
2021-05-07,68320,2022-03-31,,39500000000,0.042,,,,,1600000000,0.188,1600000000,0.023,,1100000000,,91.67,,,,,,,,,,,,,,,,0.611,,,,,,true,true,12,2021-04-01,2022-03-31,1
2021-05-07,68320,2020-03-31,,,,,,,,,,,,,,,,,,,,,,,,,,,,,,56.00,,,,12000000,749,11999287,false,false,12,2019-04-01,2020-03-31,-1
2021-05-07,68320,2021-03-31,,,,,,,,,,,,,,,,,,,,,,,,,,,,,,56.00,,,,12000000,899,11999185,false,false,12,2020-04-01,2021-03-31,0
2021-05-07,68320,2022-03-31,,,,,,,,,,,,,,,,,,,,,,,,,,,,,,56.00,,,,,,,false,true,12,2021-04-01,2022-03-31,1
2021-07-30,68320,2022-03-31,1,10723000000,,,,,,938000000,,992000000,,,675000000,,56.28,,,,,,59178000000,49332000000,0.834,4111.36,49332000000,,,,,,,,,,,,true,false,3,2021-04-01,2021-06-30,0
2021-07-30,68320,2021-03-31,1,10489000000,0.066,,,,,790000000,0.259,801000000,0.270,,567000000,,47.31,,,,,,,,,,,,,,,,,,,,,,true,false,3,2020-04-01,2020-06-30,-1
2021-07-30,68320,2022-03-31,1,21500000000,,,,,,1700000000,,1700000000,,,1200000000,,100.01,,,,,,,,,,,,,,,,,,,,,,true,true,6,2021-04-01,2021-09-30,0
2021-07-30,68320,2022-03-31,1,41000000000,,,,,,2500000000,,2500000000,,,1740000000,,145.01,,,,,,,,,,,,,,,,,,,,,,true,true,12,2021-04-01,2022-03-31,0
2021-07-30,68320,2021-03-31,1,,,,,,,,,,,,,,,,,,,,58492000000,48875000000,0.836,4073.29,48875000000,,,,,,,,,,,,true,false,12,2020-04-01,2021-03-31,-1
2021-07-30,68320,2021-03-31,1,,,,,,,,,,,,,,,,,,,,,,,,,,,,,56.00,,,,12000000,899,,false,false,12,2020-04-01,2021-03-31,-1
2021-07-30,68320,2022-03-31,1,,,,,,,,,,,,,,,,,,,,,,,,,,,,,56.00,,,,,,,false,true,12,2021-04-01,2022-03-31,0
2021-07-30,68320,2022-03-31,1,,,,,,,,,,,,,,,,,,,,,,,,,,,,,,,,,12000000,899,11999101,false,false,3,2021-04-01,2021-06-30,0
2021-07-30,68320,2021-03-31,1,,,,,,,,,,,,,,,,,,,,,,,,,,,,,,,,,,,11999219,false,false,3,2020-04-01,2020-06-30,-1
2021-07-30,68320,2022-03-31,,21500000000,0.075,,,,,1700000000,1.125,1700000000,1.125,1200000000,,1.143,100.01,,,,,,,,,,,,,,,,,,,,,,true,true,6,2021-04-01,2021-09-30,0
2021-07-30,68320,2021-03-31,,19807000000,,,,,,659000000,,659000000,,441000000,,,36.82,,,,,,,,,,,,,,,,,,,,,,true,false,6,2020-04-01,2020-09-30,-1
2021-07-30,68320,2022-03-31,,41000000000,0.038,,,,,2500000000,0.563,2500000000,0.563,,1740000000,,145.01,,,,,,,,,,,,,,,,,,,,,,true,true,12,2021-04-01,2022-03-31,0
2021-07-30,68320,2021-03-31,,40265000000,,,,,,1347000000,,1564000000,,,1054000000,,87.90,,,,,,,,,,,,,,,,,,,,,,true,false,12,2020-04-01,2021-03-31,-1
2021-10-29,6832,2022-03-31,2,21961000000,,,,,,1989000000,,2115000000,,,1447000000,,120.65,,,,,,60385000000,50091000000,0.830,4174.63,50091000000,,,,,,,,,,,,true,false,6,2021-04-01,2021-09-30,0
2021-10-29,6832,2021-03-31,2,19807000000,-0.061,,,,,659000000,-0.630,659000000,-0.636,,441000000,,36.82,,,,,,,,,,,,,,,,,,,,,,true,false,6,2020-04-01,2020-09-30,-1
2021-10-29,6832,2022-03-31,2,43000000000,,,,,,3200000000,,3200000000,,,2150000000,,179.18,,,,,,,,,,,,,,,,,,,,,,true,true,12,2021-04-01,2022-03-31,0
2021-10-29,6832,2021-03-31,2,,,,,,,,,,,,,,,,,,,,58492000000,48875000000,0.836,4073.29,48875000000,,,,,,,,,,,,true,false,12,2020-04-01,2021-03-31,-1
2021-10-29,6832,2021-03-31,2,,,,,,,,,,,,,,,,,,,,,,,,,,,,,56.00,,,,12000000,899,,false,false,12,2020-04-01,2021-03-31,-1
2021-10-29,6832,2022-03-31,2,,,,,,,,,,,,,,,,,,,,,,,,,,,,,27.00,,,,,,,false,false,12,2021-04-01,2022-03-31,0
2021-10-29,6832,2022-03-31,2,,,,,,,,,,,,,,,,,,,,,,,,,,,,,56.00,,,,,,,false,true,12,2021-04-01,2022-03-31,0
2021-10-29,6832,2022-03-31,2,,,,,,,,,,,,,,,,,,,,,,,,,,,,,,,,,12000000,899,11999101,false,false,6,2021-04-01,2021-09-30,0
2021-10-29,6832,2021-03-31,2,,,,,,,,,,,,,,,,,,,,,,,,,,,,,,,,,,,11999214,false,false,6,2020-04-01,2020-09-30,-1
2021-10-29,68320,2022-03-31,,43000000000,0.049,,,,,3200000000,0.280,3200000000,0.280,,2150000000,,179.18,,,,,,,,,,,,,,,,,,,,,,true,true,12,2021-04-01,2022-03-31,0
2021-10-29,68320,2021-03-31,,40265000000,,,,,,1347000000,,1564000000,,,1054000000,,87.90,,,,,,,,,,,,,,,,,,,,,,true,false,12,2020-04-01,2021-03-31,-1
2022-01-28,6832,2022-03-31,3,32506000000,,,,,,2692000000,,2970000000,,,2043000000,,170.30,,,,,,61351000000,50424000000,0.822,4202.32,50424000000,,,,,,,,,,,,true,false,9,2021-04-01,2021-12-31,0
2022-01-28,6832,2021-03-31,3,29757000000,-0.065,,,,,1160000000,-0.568,1110000000,-0.607,,751000000,,62.63,,,,,,,,,,,,,,,,,,,,,,true,false,9,2020-04-01,2020-12-31,-1
2022-01-28,6832,2022-03-31,3,43000000000,,,,,,3200000000,,3200000000,,,2150000000,,179.18,,,,,,,,,,,,,,,,,,,,,,true,true,12,2021-04-01,2022-03-31,0
2022-01-28,6832,2021-03-31,3,,,,,,,,,,,,,,,,,,,,58492000000,48875000000,0.836,4073.29,48875000000,,,,,,,,,,,,true,false,12,2020-04-01,2021-03-31,-1
2022-01-28,6832,2021-03-31,3,,,,,,,,,,,,,,,,,,,,,,,,,,,,,56.00,,,,12000000,899,,false,false,12,2020-04-01,2021-03-31,-1
2022-01-28,6832,2022-03-31,3,,,,,,,,,,,,,,,,,,,,,,,,,,,,,27.00,,,,,,,false,false,12,2021-04-01,2022-03-31,0
2022-01-28,6832,2022-03-31,3,,,,,,,,,,,,,,,,,,,,,,,,,,,,,56.00,,,,,,,false,true,12,2021-04-01,2022-03-31,0
2022-01-28,6832,2022-03-31,3,,,,,,,,,,,,,,,,,,,,,,,,,,,,,,,,,12000000,899,11999101,false,false,9,2021-04-01,2021-12-31,0
2022-01-28,6832,2021-03-31,3,,,,,,,,,,,,,,,,,,,,,,,,,,,,,,,,,,,11999208,false,false,9,2020-04-01,2020-12-31,-1
2022-04-01,68320,2022-03-31,,43300000000,0.007,,,,,3250000000,0.016,3900000000,0.219,,2620000000,,218.35,,,,,,,,,,,,,,,,,,,,,,true,true,12,2021-04-01,2022-03-31,0
2022-04-01,68320,2021-03-31,,40265000000,,,,,,1347000000,,1564000000,,,1054000000,,87.90,,,,,,,,,,,,,,,,,,,,,,true,false,12,2020-04-01,2021-03-31,-1
2022-05-11,6832,2022-03-31,,43347000000,,,,,,3310000000,,4134000000,,,2798000000,,233.21,,0.056,0.069,0.076,,61152000000,50946000000,0.833,4245.83,50946000000,4031000000,-2683000000,-1592000000,27114000000,,0.240,,,,,,true,false,12,2021-04-01,2022-03-31,0
2022-05-11,6832,2021-03-31,,40265000000,-0.049,,,,,1347000000,-0.576,1564000000,-0.542,,1054000000,,87.90,,0.022,0.027,0.033,,58492000000,48875000000,0.836,4073.29,48875000000,4575000000,-2450000000,-1092000000,27044000000,,0.637,,,,,,true,false,12,2020-04-01,2021-03-31,-1
2022-05-11,6832,2023-03-31,,22100000000,0.006,,,,,1220000000,-0.387,1220000000,-0.423,,850000000,,70.84,,,,,,,,,,,,,,,,,,,,,,true,true,6,2022-04-01,2022-09-30,1
2022-05-11,6832,2023-03-31,,44000000000,0.015,,,,,2500000000,-0.245,2500000000,-0.395,,1750000000,,145.84,,,,,,,,,,,,,,,,0.384,,,,,,true,true,12,2022-04-01,2023-03-31,1
2022-05-11,6832,2021-03-31,,,,,,,,,,,,,,,,,,,,,,,,,,,,,,56.00,,,,12000000,899,11999185,false,false,12,2020-04-01,2021-03-31,-1
2022-05-11,6832,2022-03-31,,,,,,,,,,,,,,,,,,,,,,,,,,,,,,56.00,,,,12000000,899,11999101,false,false,12,2021-04-01,2022-03-31,0
2022-05-11,6832,2023-03-31,,,,,,,,,,,,,,,,,,,,,,,,,,,,,,56.00,,,,,,,false,true,12,2022-04-01,2023-03-31,1
2022-07-29,6832,2023-03-31,1,10645000000,-0.007,,,,,796000000,-0.151,990000000,-0.002,,699000000,,58.26,,,,,,59742000000,51286000000,0.858,4274.22,51286000000,,,,,,,,,,,,true,false,3,2022-04-01,2022-06-30,0
2022-07-29,6832,2022-03-31,1,10723000000,,,,,,938000000,,992000000,,,675000000,,56.28,,,,,,,,,,,,,,,,,,,,,,true,false,3,2021-04-01,2021-06-30,-1
2022-07-29,6832,2023-03-31,1,22100000000,0.006,,,,,1220000000,-0.387,1220000000,-0.423,,850000000,,70.84,,,,,,,,,,,,,,,,,,,,,,true,true,6,2022-04-01,2022-09-30,0
2022-07-29,6832,2023-03-31,1,44000000000,0.015,,,,,2500000000,-0.245,2500000000,-0.395,,1750000000,,145.84,,,,,,,,,,,,,,,,,,,,,,true,true,12,2022-04-01,2023-03-31,0
2022-07-29,6832,2022-03-31,1,,,,,,,,,,,,,,,,,,,,61152000000,50946000000,0.833,4245.83,50946000000,,,,,,,,,,,,true,false,12,2021-04-01,2022-03-31,-1
2022-07-29,6832,2022-03-31,1,,,,,,,,,,,,,,,,,,,,,,,,,,,,,56.00,,,,12000000,899,,false,false,12,2021-04-01,2022-03-31,-1
2022-07-29,6832,2023-03-31,1,,,,,,,,,,,,,,,,,,,,,,,,,,,,,56.00,,,,,,,false,true,12,2022-04-01,2023-03-31,0
2022-07-29,6832,2023-03-31,1,,,,,,,,,,,,,,,,,,,,,,,,,,,,,,,,,12000000,899,11999101,false,false,3,2022-04-01,2022-06-30,0
2022-07-29,6832,2022-03-31,1,,,,,,,,,,,,,,,,,,,,,,,,,,,,,,,,,,,11999101,false,false,3,2021-04-01,2021-06-30,-1
2022-10-28,6832,2023-03-31,2,20657000000,-0.059,,,,,1102000000,-0.446,1409000000,-0.334,,972000000,,81.04,,,,,,59739000000,51553000000,0.863,4296.41,51553000000,,,,,,,,,,,,true,false,6,2022-04-01,2022-09-30,0
2022-10-28,6832,2022-03-31,2,21961000000,,,,,,1989000000,,2115000000,,,1447000000,,120.65,,,,,,,,,,,,,,,,,,,,,,true,false,6,2021-04-01,2021-09-30,-1
2022-10-28,6832,2023-03-31,2,44000000000,0.015,,,,,2500000000,-0.245,2500000000,-0.395,,1750000000,,145.84,,,,,,,,,,,,,,,,,,,,,,true,true,12,2022-04-01,2023-03-31,0
2022-10-28,6832,2022-03-31,2,,,,,,,,,,,,,,,,,,,,61152000000,50946000000,0.833,4245.83,50946000000,,,,,,,,,,,,true,false,12,2021-04-01,2022-03-31,-1
2022-10-28,6832,2022-03-31,2,,,,,,,,,,,,,,,,,,,,,,,,,,,,,56.00,,,,12000000,899,,false,false,12,2021-04-01,2022-03-31,-1
2022-10-28,6832,2023-03-31,2,,,,,,,,,,,,,,,,,,,,,,,,,,,,,27.00,,,,,,,false,false,12,2022-04-01,2023-03-31,0
2022-10-28,6832,2023-03-31,2,,,,,,,,,,,,,,,,,,,,,,,,,,,,,56.00,,,,,,,false,true,12,2022-04-01,2023-03-31,0
2022-10-28,6832,2023-03-31,2,,,,,,,,,,,,,,,,,,,,,,,,,,,,,,,,,12000000,899,11999101,false,false,6,2022-04-01,2022-09-30,0
2022-10-28,6832,2022-03-31,2,,,,,,,,,,,,,,,,,,,,,,,,,,,,,,,,,,,11999101,false,false,6,2021-04-01,2021-09-30,-1
2023-02-03,6832,2023-03-31,3,29355000000,-0.097,,,,,1078000000,-0.599,1288000000,-0.566,,881000000,,73.47,,,,,,58941000000,51177000000,0.868,4265.13,51177000000,,,,,,,,,,,,true,false,9,2022-04-01,2022-12-31,0
2023-02-03,6832,2022-03-31,3,32506000000,,,,,,2692000000,,2970000000,,,2043000000,,170.30,,,,,,,,,,,,,,,,,,,,,,true,false,9,2021-04-01,2021-12-31,-1
2023-02-03,6832,2023-03-31,3,37500000000,-0.135,,,,,300000000,-0.909,300000000,-0.927,,210000000,,17.50,,,,,,,,,,,,,,,,,,,,,,true,true,12,2022-04-01,2023-03-31,0
2023-02-03,6832,2022-03-31,3,,,,,,,,,,,,,,,,,,,,61152000000,50946000000,0.833,4245.83,50946000000,,,,,,,,,,,,true,false,12,2021-04-01,2022-03-31,-1
2023-02-03,6832,2022-03-31,3,,,,,,,,,,,,,,,,,,,,,,,,,,,,,56.00,,,,12000000,899,,false,false,12,2021-04-01,2022-03-31,-1
2023-02-03,6832,2023-03-31,3,,,,,,,,,,,,,,,,,,,,,,,,,,,,,27.00,,,,,,,false,false,12,2022-04-01,2023-03-31,0
2023-02-03,6832,2023-03-31,3,,,,,,,,,,,,,,,,,,,,,,,,,,,,,56.00,,,,,,,false,true,12,2022-04-01,2023-03-31,0
2023-02-03,6832,2023-03-31,3,,,,,,,,,,,,,,,,,,,,,,,,,,,,,,,,,12000000,975,11999083,false,false,9,2022-04-01,2022-12-31,0
2023-02-03,6832,2022-03-31,3,,,,,,,,,,,,,,,,,,,,,,,,,,,,,,,,,,,11999101,false,false,9,2021-04-01,2021-12-31,-1
2023-02-03,68320,2023-03-31,,37500000000,-0.148,,,,,300000000,-0.880,300000000,-0.880,,210000000,,17.50,,,,,,,,,,,,,,,,,,,,,,true,true,12,2022-04-01,2023-03-31,0
2023-02-03,68320,2022-03-31,,43347000000,,,,,,3310000000,,4134000000,,,2798000000,,233.21,,,,,,,,,,,,,,,,,,,,,,true,false,12,2021-04-01,2022-03-31,-1
2023-05-10,6832,2023-03-31,,37231000000,-0.141,,,,,158000000,-0.952,501000000,-0.879,,14000000,,1.25,,0.000,0.008,0.004,,57368000000,50537000000,0.881,4211.84,50537000000,3588000000,-3850000000,-1418000000,25561000000,,44.800,,,,,,true,false,12,2022-04-01,2023-03-31,0
2023-05-10,6832,2022-03-31,,43347000000,,,,,,3310000000,,4134000000,,,2798000000,,233.21,,0.056,0.069,0.076,,61152000000,50946000000,0.833,4245.83,50946000000,4031000000,-2683000000,-1592000000,27114000000,,0.240,,,,,,true,false,12,2021-04-01,2022-03-31,-1
2023-05-10,6832,2024-03-31,,17600000000,-0.148,,,,,-1200000000,,-1200000000,,,-1250000000,,-104.18,,,,,,,,,,,,,,,,,,,,,,true,true,6,2023-04-01,2023-09-30,1
2023-05-10,6832,2024-03-31,,39000000000,0.048,,,,,500000000,2.162,500000000,-0.003,,350000000,,29.17,,,,,,,,,,,,,,,,1.851,,,,,,true,true,12,2023-04-01,2024-03-31,1
2023-05-10,6832,2022-03-31,,,,,,,,,,,,,,,,,,,,,,,,,,,,,,56.00,,,,12000000,899,11999101,false,false,12,2021-04-01,2022-03-31,-1
2023-05-10,6832,2023-03-31,,,,,,,,,,,,,,,,,,,,,,,,,,,,,,56.00,,,,12000000,975,11999069,false,false,12,2022-04-01,2023-03-31,0
2023-05-10,6832,2024-03-31,,,,,,,,,,,,,,,,,,,,,,,,,,,,,,54.00,,,,,,,false,true,12,2023-04-01,2024-03-31,1
2023-07-28,6832,2024-03-31,1,8326000000,-0.218,,,,,-431000000,,-323000000,,,-369000000,,-30.79,,,,,,56757000000,49882000000,0.879,4157.24,49882000000,,,,,,,,,,,,true,false,3,2023-04-01,2023-06-30,0
2023-07-28,6832,2023-03-31,1,10645000000,-0.007,,,,,796000000,-0.151,990000000,-0.002,,699000000,,58.26,,,,,,,,,,,,,,,,,,,,,,true,false,3,2022-04-01,2022-06-30,-1
2023-07-28,6832,2024-03-31,1,17600000000,-0.148,,,,,-1200000000,,-1200000000,,,-1250000000,,-104.18,,,,,,,,,,,,,,,,,,,,,,true,true,6,2023-04-01,2023-09-30,0
2023-07-28,6832,2024-03-31,1,39000000000,0.048,,,,,500000000,2.162,500000000,-0.003,,350000000,,29.17,,,,,,,,,,,,,,,,,,,,,,true,true,12,2023-04-01,2024-03-31,0
2023-07-28,6832,2023-03-31,1,,,,,,,,,,,,,,,,,,,,57368000000,50537000000,0.881,4211.84,50537000000,,,,,,,,,,,,true,false,12,2022-04-01,2023-03-31,-1
2023-07-28,6832,2023-03-31,1,,,,,,,,,,,,,,,,,,,,,,,,,,,,,56.00,,,,12000000,975,,false,false,12,2022-04-01,2023-03-31,-1
2023-07-28,6832,2024-03-31,1,,,,,,,,,,,,,,,,,,,,,,,,,,,,,54.00,,,,,,,false,true,12,2023-04-01,2024-03-31,0
2023-07-28,6832,2024-03-31,1,,,,,,,,,,,,,,,,,,,,,,,,,,,,,,,,,12000000,975,11999025,false,false,3,2023-04-01,2023-06-30,0
2023-07-28,6832,2023-03-31,1,,,,,,,,,,,,,,,,,,,,,,,,,,,,,,,,,,,11999101,false,false,3,2022-04-01,2022-06-30,-1
2023-10-27,6832,2024-03-31,2,17076000000,-0.173,,,,,-789000000,,-646000000,,,-657000000,,-54.80,,,,,,56721000000,49597000000,0.874,4133.50,49597000000,,,,,,,,,,,,true,false,6,2023-04-01,2023-09-30,0
2023-10-27,6832,2023-03-31,2,20657000000,-0.059,,,,,1102000000,-0.446,1409000000,-0.334,,972000000,,81.04,,,,,,,,,,,,,,,,,,,,,,true,false,6,2022-04-01,2022-09-30,-1
2023-10-27,6832,2024-03-31,2,35300000000,-0.052,,,,,-900000000,,-900000000,,,-930000000,,-77.51,,,,,,,,,,,,,,,,,,,,,,true,true,12,2023-04-01,2024-03-31,0
2023-10-27,6832,2023-03-31,2,,,,,,,,,,,,,,,,,,,,57368000000,50537000000,0.881,4211.84,50537000000,,,,,,,,,,,,true,false,12,2022-04-01,2023-03-31,-1
2023-10-27,6832,2023-03-31,2,,,,,,,,,,,,,,,,,,,,,,,,,,,,,56.00,,,,12000000,975,,false,false,12,2022-04-01,2023-03-31,-1
2023-10-27,6832,2024-03-31,2,,,,,,,,,,,,,,,,,,,,,,,,,,,,,25.00,,,,,,,false,false,12,2023-04-01,2024-03-31,0
2023-10-27,6832,2024-03-31,2,,,,,,,,,,,,,,,,,,,,,,,,,,,,,54.00,,,,,,,false,true,12,2023-04-01,2024-03-31,0
2023-10-27,6832,2024-03-31,2,,,,,,,,,,,,,,,,,,,,,,,,,,,,,,,,,12000000,975,11999025,false,false,6,2023-04-01,2023-09-30,0
2023-10-27,6832,2023-03-31,2,,,,,,,,,,,,,,,,,,,,,,,,,,,,,,,,,,,11999101,false,false,6,2022-04-01,2022-09-30,-1
2023-10-27,68320,2024-03-31,,35300000000,-0.095,,,,,-900000000,,-900000000,,,-930000000,,-77.51,,,,,,,,,,,,,,,,,,,,,,true,true,12,2023-04-01,2024-03-31,0
2023-10-27,68320,2023-03-31,,37231000000,,,,,,158000000,,501000000,,,14000000,,1.25,,,,,,,,,,,,,,,,,,,,,,true,false,12,2022-04-01,2023-03-31,-1
2024-02-02,6832,2024-03-31,3,25518000000,-0.131,,,,,-942000000,,-797000000,,,-821000000,,-68.50,,,,,,56451000000,49097000000,0.870,4091.76,49097000000,,,,,,,,,,,,true,false,9,2023-04-01,2023-12-31,0
2024-02-02,6832,2023-03-31,3,29355000000,-0.097,,,,,1078000000,-0.599,1288000000,-0.566,,881000000,,73.47,,,,,,,,,,,,,,,,,,,,,,true,false,9,2022-04-01,2022-12-31,-1
2024-02-02,6832,2024-03-31,3,35300000000,-0.052,,,,,-900000000,,-900000000,,,-930000000,,-77.51,,,,,,,,,,,,,,,,,,,,,,true,true,12,2023-04-01,2024-03-31,0
2024-02-02,6832,2023-03-31,3,,,,,,,,,,,,,,,,,,,,57368000000,50537000000,0.881,4211.84,50537000000,,,,,,,,,,,,true,false,12,2022-04-01,2023-03-31,-1
2024-02-02,6832,2023-03-31,3,,,,,,,,,,,,,,,,,,,,,,,,,,,,,56.00,,,,12000000,975,,false,false,12,2022-04-01,2023-03-31,-1
2024-02-02,6832,2024-03-31,3,,,,,,,,,,,,,,,,,,,,,,,,,,,,,25.00,,,,,,,false,false,12,2023-04-01,2024-03-31,0
2024-02-02,6832,2024-03-31,3,,,,,,,,,,,,,,,,,,,,,,,,,,,,,54.00,,,,,,,false,true,12,2023-04-01,2024-03-31,0
2024-02-02,6832,2024-03-31,3,,,,,,,,,,,,,,,,,,,,,,,,,,,,,,,,,12000000,975,11999025,false,false,9,2023-04-01,2023-12-31,0
2024-02-02,6832,2023-03-31,3,,,,,,,,,,,,,,,,,,,,,,,,,,,,,,,,,,,11999083,false,false,9,2022-04-01,2022-12-31,-1
2024-03-11,68320,2024-03-31,,33300000000,-0.057,,,,,-1500000000,,-1500000000,,-5000000000,,,-416.70,,,,,,,,,,,,,,,,,,,,,,true,true,12,2023-04-01,2024-03-31,0
2024-03-11,68320,2023-03-31,,37231000000,,,,,,158000000,,501000000,,14000000,,,1.25,,,,,,,,,,,,,,,,,,,,,,true,false,12,2022-04-01,2023-03-31,-1
2024-05-10,6832,2024-03-31,,33941000000,-0.088,,,,,-1548000000,,-1287000000,,,-5260000000,,-439.81,,-0.112,-0.024,-0.046,,50134000000,43161000000,0.861,3854.03,43161000000,2705000000,-2964000000,-2266000000,23056000000,,,,,,,,true,false,12,2023-04-01,2024-03-31,0
2024-05-10,6832,2023-03-31,,37231000000,-0.141,,,,,158000000,-0.952,501000000,-0.879,,14000000,,1.25,,0.000,0.008,0.004,,57368000000,50537000000,0.881,4211.84,50537000000,3588000000,-3850000000,-1418000000,25561000000,,44.800,,,,,,true,false,12,2022-04-01,2023-03-31,-1
2024-05-10,6832,2025-03-31,,17800000000,0.042,,,,,450000000,,450000000,,,280000000,,25.00,,,,,,,,,,,,,,,,,,,,,,true,true,6,2024-04-01,2024-09-30,1
2024-05-10,6832,2025-03-31,,36500000000,0.075,,,,,1050000000,,1050000000,,,720000000,,64.29,,,,,,,,,,,,,,,,0.840,,,,,,true,true,12,2024-04-01,2025-03-31,1
2024-05-10,6832,2023-03-31,,,,,,,,,,,,,,,,,,,,,,,,,,,,,,56.00,,,,12000000,975,11999069,false,false,12,2022-04-01,2023-03-31,-1
2024-05-10,6832,2024-03-31,,,,,,,,,,,,,,,,,,,,,,,,,,,,,,54.00,,,,12000000,800975,11961867,false,false,12,2023-04-01,2024-03-31,0
2024-05-10,6832,2025-03-31,,,,,,,,,,,,,,,,,,,,,,,,,,,,,,54.00,,,,,,,false,true,12,2024-04-01,2025-03-31,1
2024-08-02,6832,2025-03-31,1,8566000000,0.029,,,,,361000000,,436000000,,,416000000,,37.22,,,,,,50948000000,43261000000,0.849,3863.00,43261000000,,,,,,,,,,,,true,false,3,2024-04-01,2024-06-30,0
2024-08-02,6832,2024-03-31,1,8326000000,-0.218,,,,,-431000000,,-323000000,,,-369000000,,-30.79,,,,,,,,,,,,,,,,,,,,,,true,false,3,2023-04-01,2023-06-30,-1
2024-08-02,6832,2025-03-31,1,17800000000,0.042,,,,,450000000,,450000000,,,280000000,,25.00,,,,,,,,,,,,,,,,,,,,,,true,true,6,2024-04-01,2024-09-30,0
2024-08-02,6832,2025-03-31,1,36500000000,0.075,,,,,1050000000,,1050000000,,,720000000,,64.29,,,,,,,,,,,,,,,,,,,,,,true,true,12,2024-04-01,2025-03-31,0
2024-08-02,6832,2024-03-31,1,,,,,,,,,,,,,,,,,,,,50134000000,43161000000,0.861,3854.03,43161000000,,,,,,,,,,,,true,false,12,2023-04-01,2024-03-31,-1
2024-08-02,6832,2024-03-31,1,,,,,,,,,,,,,,,,,,,,,,,,,,,,,54.00,,,,12000000,800975,,false,false,12,2023-04-01,2024-03-31,-1
2024-08-02,6832,2025-03-31,1,,,,,,,,,,,,,,,,,,,,,,,,,,,,,54.00,,,,,,,false,true,12,2024-04-01,2025-03-31,0
2024-08-02,6832,2025-03-31,1,,,,,,,,,,,,,,,,,,,,,,,,,,,,,,,,,12000000,800975,11199025,false,false,3,2024-04-01,2024-06-30,0
2024-08-02,6832,2024-03-31,1,,,,,,,,,,,,,,,,,,,,,,,,,,,,,,,,,,,11999025,false,false,3,2023-04-01,2023-06-30,-1
2024-11-01,6832,2025-03-31,2,17651000000,0.034,,,,,539000000,,537000000,,,479000000,,42.78,,,,,,50473000000,43244000000,0.857,3861.51,43244000000,,,,,,,,,,,,true,false,6,2024-04-01,2024-09-30,0
2024-11-01,6832,2024-03-31,2,17076000000,-0.173,,,,,-789000000,,-646000000,,,-657000000,,-54.80,,,,,,,,,,,,,,,,,,,,,,true,false,6,2023-04-01,2023-09-30,-1
2024-11-01,6832,2025-03-31,2,36500000000,0.075,,,,,1050000000,,1050000000,,,720000000,,64.29,,,,,,,,,,,,,,,,,,,,,,true,true,12,2024-04-01,2025-03-31,0
2024-11-01,6832,2024-03-31,2,,,,,,,,,,,,,,,,,,,,50134000000,43161000000,0.861,3854.03,43161000000,,,,,,,,,,,,true,false,12,2023-04-01,2024-03-31,-1
2024-11-01,6832,2024-03-31,2,,,,,,,,,,,,,,,,,,,,,,,,,,,,,54.00,,,,12000000,800975,,false,false,12,2023-04-01,2024-03-31,-1
2024-11-01,6832,2025-03-31,2,,,,,,,,,,,,,,,,,,,,,,,,,,,,,25.00,,,,,,,false,false,12,2024-04-01,2025-03-31,0
2024-11-01,6832,2025-03-31,2,,,,,,,,,,,,,,,,,,,,,,,,,,,,,54.00,,,,,,,false,true,12,2024-04-01,2025-03-31,0
2024-11-01,6832,2025-03-31,2,,,,,,,,,,,,,,,,,,,,,,,,,,,,,,,,,12000000,801000,11199015,false,false,6,2024-04-01,2024-09-30,0
2024-11-01,6832,2024-03-31,2,,,,,,,,,,,,,,,,,,,,,,,,,,,,,,,,,,,11999025,false,false,6,2023-04-01,2023-09-30,-1
2025-02-05,6832,2025-03-31,3,26303000000,0.031,,,,,761000000,,865000000,,,781000000,,69.77,,,,,,50583000000,43280000000,0.856,3864.64,43280000000,,,,,,,,,,,,true,false,9,2024-04-01,2024-12-31,0
2025-02-05,6832,2024-03-31,3,25518000000,-0.131,,,,,-942000000,,-797000000,,,-821000000,,-68.50,,,,,,,,,,,,,,,,,,,,,,true,false,9,2023-04-01,2023-12-31,-1
2025-02-05,6832,2025-03-31,3,36500000000,0.075,,,,,1050000000,,1050000000,,,720000000,,64.29,,,,,,,,,,,,,,,,,,,,,,true,true,12,2024-04-01,2025-03-31,0
2025-02-05,6832,2024-03-31,3,,,,,,,,,,,,,,,,,,,,50134000000,43161000000,0.861,3854.03,43161000000,,,,,,,,,,,,true,false,12,2023-04-01,2024-03-31,-1
2025-02-05,6832,2024-03-31,3,,,,,,,,,,,,,,,,,,,,,,,,,,,,,54.00,,,,12000000,800975,,false,false,12,2023-04-01,2024-03-31,-1
2025-02-05,6832,2025-03-31,3,,,,,,,,,,,,,,,,,,,,,,,,,,,,,25.00,,,,,,,false,false,12,2024-04-01,2025-03-31,0
2025-02-05,6832,2025-03-31,3,,,,,,,,,,,,,,,,,,,,,,,,,,,,,54.00,,,,,,,false,true,12,2024-04-01,2025-03-31,0
2025-02-05,6832,2025-03-31,3,,,,,,,,,,,,,,,,,,,,,,,,,,,,,,,,,12000000,801000,11199010,false,false,9,2024-04-01,2024-12-31,0
2025-02-05,6832,2024-03-31,3,,,,,,,,,,,,,,,,,,,,,,,,,,,,,,,,,,,11999025,false,false,9,2023-04-01,2023-12-31,-1
2025-04-30,68320,2025-03-31,,35000000000,-0.041,,,,,440000000,-0.581,420000000,-0.600,180000000,,-0.750,16.07,,,,,,,,,,,,,,,,,,,,,,true,true,12,2024-04-01,2025-03-31,0
2025-04-30,68320,2024-03-31,,33941000000,,,,,,-1548000000,,-1287000000,,-5260000000,,,-439.81,,,,,,,,,,,,,,,,,,,,,,true,false,12,2023-04-01,2024-03-31,-1
2025-05-09,6832,2025-03-31,,34974000000,0.030,,,,,438000000,,419000000,,,178000000,,15.90,,0.004,0.008,0.013,,51592000000,42915000000,0.832,3832.10,42915000000,1450000000,-7852000000,92000000,16701000000,,3.396,,,,,,true,false,12,2024-04-01,2025-03-31,0
2025-05-09,6832,2024-03-31,,33941000000,-0.088,,,,,-1548000000,,-1287000000,,,-5260000000,,-439.81,,-0.112,-0.024,-0.046,,50134000000,43161000000,0.861,3854.03,43161000000,2705000000,-2964000000,-2266000000,23056000000,,,,,,,,true,false,12,2023-04-01,2024-03-31,-1
2025-05-09,6832,2026-03-31,,19200000000,0.088,,,,,250000000,-0.536,250000000,-0.535,,230000000,,20.54,,,,,,,,,,,,,,,,,,,,,,true,true,6,2025-04-01,2025-09-30,1
2025-05-09,6832,2026-03-31,,38800000000,0.109,,,,,500000000,0.139,500000000,0.193,,450000000,,40.18,,,,,,,,,,,,,,,,1.344,,,,,,true,true,12,2025-04-01,2026-03-31,1
2025-05-09,6832,2024-03-31,,,,,,,,,,,,,,,,,,,,,,,,,,,,,,54.00,,,,12000000,800975,11961867,false,false,12,2023-04-01,2024-03-31,-1
2025-05-09,6832,2025-03-31,,,,,,,,,,,,,,,,,,,,,,,,,,,,,,54.00,,,,12000000,801033,11199002,false,false,12,2024-04-01,2025-03-31,0
2025-05-09,6832,2026-03-31,,,,,,,,,,,,,,,,,,,,,,,,,,,,,,54.00,,,,,,,false,true,12,2025-04-01,2026-03-31,1
2025-08-01,6832,2026-03-31,1,9317000000,0.088,,,,,223000000,-0.382,253000000,-0.420,,203000000,,18.16,,,,,,51201000000,42789000000,0.836,3820.86,42789000000,,,,,,,,,,,,true,false,3,2025-04-01,2025-06-30,0
2025-08-01,6832,2025-03-31,1,8566000000,0.029,,,,,361000000,,436000000,,,416000000,,37.22,,,,,,,,,,,,,,,,,,,,,,true,false,3,2024-04-01,2024-06-30,-1
2025-08-01,6832,2026-03-31,1,19200000000,0.088,,,,,400000000,-0.258,400000000,-0.256,,360000000,,32.15,,,,,,,,,,,,,,,,,,,,,,true,true,6,2025-04-01,2025-09-30,0
2025-08-01,6832,2026-03-31,1,38800000000,0.109,,,,,500000000,0.139,500000000,0.193,,450000000,,40.18,,,,,,,,,,,,,,,,,,,,,,true,true,12,2025-04-01,2026-03-31,0
2025-08-01,6832,2025-03-31,1,,,,,,,,,,,,,,,,,,,,51592000000,42915000000,0.832,3832.10,42915000000,,,,,,,,,,,,true,false,12,2024-04-01,2025-03-31,-1
2025-08-01,6832,2025-03-31,1,,,,,,,,,,,,,,,,,,,,,,,,,,,,,54.00,,,,12000000,801033,,false,false,12,2024-04-01,2025-03-31,-1
2025-08-01,6832,2026-03-31,1,,,,,,,,,,,,,,,,,,,,,,,,,,,,,54.00,,,,,,,false,true,12,2025-04-01,2026-03-31,0
2025-08-01,6832,2026-03-31,1,,,,,,,,,,,,,,,,,,,,,,,,,,,,,,,,,12000000,801033,11198967,false,false,3,2025-04-01,2025-06-30,0
2025-08-01,6832,2025-03-31,1,,,,,,,,,,,,,,,,,,,,,,,,,,,,,,,,,,,11199025,false,false,3,2024-04-01,2024-06-30,-1
2025-08-01,68320,2026-03-31,,19200000000,0.000,,,,,400000000,0.600,400000000,0.600,360000000,,0.565,32.15,,,,,,,,,,,,,,,,,,,,,,true,true,6,2025-04-01,2025-09-30,0
2025-08-01,68320,2025-03-31,,17651000000,,,,,,539000000,,537000000,,479000000,,,42.78,,,,,,,,,,,,,,,,,,,,,,true,false,6,2024-04-01,2024-09-30,-1
