filing_date,code,fiscal_year_end,quarterly_period,net_sales,net_sales_change,revenue,revenue_change,operating_revenue,operating_revenue_change,operating_profit,operating_profit_change,ordinary_profit,ordinary_profit_change,net_income,net_income_of_parent,net_income_change,eps,diluted_eps,roe,roa,operating_profit_to_net_sales,operating_profit_to_revenue,total_assets,net_assets,equity_ratio,bps,owner_equity,operating_cash_flow,investing_cash_flow,financing_cash_flow,cash,dividend_per_share,payout_ratio,commemorative_dividend,extra_dividend,number_of_shares,number_of_treqsury_shares,avg_number_of_shares,is_consolidated,is_forecast,duration,period_start,period_end,period_pos
2015-07-31,68370,2016-03-31,1,4697000000,0.128,,,,,194000000,-0.232,206000000,-0.169,,177000000,,12.37,,,,,,14236000000,6556000000,0.450,,6403000000,,,,,,,,,,,,true,false,3,2015-04-01,2015-06-30,0
2015-07-31,68370,2015-03-31,1,4165000000,0.106,,,,,253000000,1.242,248000000,0.637,,191000000,,13.33,,,,,,,,,,,,,,,,,,,,,,true,false,3,2014-04-01,2014-06-30,-1
2015-07-31,68370,2016-03-31,1,9500000000,0.104,,,,,500000000,0.027,480000000,-0.002,,370000000,,25.81,,,,,,,,,,,,,,,,,,,,,,true,true,6,2015-04-01,2015-09-30,0
2015-07-31,68370,2016-03-31,1,20000000000,0.131,,,,,1200000000,0.310,1170000000,0.252,,900000000,,62.79,,,,,,,,,,,,,,,,,,,,,,true,true,12,2015-04-01,2016-03-31,0
2015-07-31,68370,2015-03-31,1,,,,,,,,,,,,,,,,,,,,14124000000,6441000000,0.445,,6288000000,,,,,,,,,,,,true,false,12,2014-04-01,2015-03-31,-1
2015-07-31,68370,2015-03-31,1,,,,,,,,,,,,,,,,,,,,,,,,,,,,,8.00,,,,14624000,291132,,false,false,12,2014-04-01,2015-03-31,-1
2015-07-31,68370,2016-03-31,1,,,,,,,,,,,,,,,,,,,,,,,,,,,,,8.00,,,,,,,false,true,12,2015-04-01,2016-03-31,0
2015-07-31,68370,2016-03-31,1,,,,,,,,,,,,,,,,,,,,,,,,,,,,,,,,,14624000,291132,14332868,false,false,3,2015-04-01,2015-06-30,0
2015-07-31,68370,2015-03-31,1,,,,,,,,,,,,,,,,,,,,,,,,,,,,,,,,,,,14332868,false,false,3,2014-04-01,2014-06-30,-1
2015-09-30,68370,2016-03-31,,9300000000,-0.021,,,,,300000000,-0.400,310000000,-0.354,,240000000,,16.74,,,,,,,,,,,,,,,,,,,,,,true,true,6,2015-04-01,2015-09-30,0
2015-09-30,68370,2015-03-31,,8606000000,,,,,,486000000,,481000000,,,360000000,,25.17,,,,,,,,,,,,,,,,,,,,,,true,false,6,2014-04-01,2014-09-30,-1
2015-09-30,68370,2016-03-31,,19000000000,-0.050,,,,,700000000,-0.417,700000000,-0.402,,580000000,,40.47,,,,,,,,,,,,,,,,,,,,,,true,true,12,2015-04-01,2016-03-31,0
2015-09-30,68370,2015-03-31,,17677000000,,,,,,916000000,,934000000,,,685000000,,47.82,,,,,,,,,,,,,,,,,,,,,,true,false,12,2014-04-01,2015-03-31,-1
2015-10-30,68370,2016-03-31,2,9378000000,0.090,,,,,254000000,-0.476,270000000,-0.438,,221000000,,15.47,,,,,,14101000000,6607000000,0.458,,6451000000,,,,,,,,,,,,true,false,6,2015-04-01,2015-09-30,0
2015-10-30,68370,2015-03-31,2,8606000000,0.091,,,,,486000000,0.492,481000000,0.323,,360000000,,25.17,,,,,,,,,,,,,,,,,,,,,,true,false,6,2014-04-01,2014-09-30,-1
2015-10-30,68370,2016-03-31,2,19000000000,0.075,,,,,700000000,-0.236,700000000,-0.251,,580000000,,40.47,,,,,,,,,,,,,,,,,,,,,,true,true,12,2015-04-01,2016-03-31,0
2015-10-30,68370,2015-03-31,2,,,,,,,,,,,,,,,,,,,,14124000000,6441000000,0.445,,6288000000,,,,,,,,,,,,true,false,12,2014-04-01,2015-03-31,-1
2015-10-30,68370,2015-03-31,2,,,,,,,,,,,,,,,,,,,,,,,,,,,,,8.00,,,,14624000,291132,,false,false,12,2014-04-01,2015-03-31,-1
2015-10-30,68370,2016-03-31,2,,,,,,,,,,,,,,,,,,,,,,,,,,,,,0.00,,,,,,,false,false,12,2015-04-01,2016-03-31,0
2015-10-30,68370,2016-03-31,2,,,,,,,,,,,,,,,,,,,,,,,,,,,,,8.00,,,,,,,false,true,12,2015-04-01,2016-03-31,0
2015-10-30,68370,2016-03-31,2,,,,,,,,,,,,,,,,,,,,,,,,,,,,,,,,,14624000,291772,14332795,false,false,6,2015-04-01,2015-09-30,0
2015-10-30,68370,2015-03-31,2,,,,,,,,,,,,,,,,,,,,,,,,,,,,,,,,,,,14332868,false,false,6,2014-04-01,2014-09-30,-1
2016-01-29,68370,2016-03-31,3,14470000000,0.101,,,,,475000000,-0.345,479000000,-0.362,,486000000,,33.95,,,,,,13869000000,6615000000,0.466,,6469000000,,,,,,,,,,,,true,false,9,2015-04-01,2015-12-31,0
2016-01-29,68370,2015-03-31,3,13141000000,0.091,,,,,725000000,0.294,751000000,0.307,,561000000,,39.16,,,,,,,,,,,,,,,,,,,,,,true,false,9,2014-04-01,2014-12-31,-1
2016-01-29,68370,2016-03-31,3,19000000000,0.075,,,,,700000000,-0.236,700000000,-0.251,,580000000,,40.47,,,,,,,,,,,,,,,,,,,,,,true,true,12,2015-04-01,2016-03-31,0
2016-01-29,68370,2015-03-31,3,,,,,,,,,,,,,,,,,,,,14124000000,6441000000,0.445,,6288000000,,,,,,,,,,,,true,false,12,2014-04-01,2015-03-31,-1
2016-01-29,68370,2015-03-31,3,,,,,,,,,,,,,,,,,,,,,,,,,,,,,8.00,,,,14624000,291132,,false,false,12,2014-04-01,2015-03-31,-1
2016-01-29,68370,2016-03-31,3,,,,,,,,,,,,,,,,,,,,,,,,,,,,,0.00,,,,,,,false,false,12,2015-04-01,2016-03-31,0
2016-01-29,68370,2016-03-31,3,,,,,,,,,,,,,,,,,,,,,,,,,,,,,8.00,,,,,,,false,true,12,2015-04-01,2016-03-31,0
2016-01-29,68370,2016-03-31,3,,,,,,,,,,,,,,,,,,,,,,,,,,,,,,,,,14624000,291772,14332605,false,false,9,2015-04-01,2015-12-31,0
2016-01-29,68370,2015-03-31,3,,,,,,,,,,,,,,,,,,,,,,,,,,,,,,,,,,,14332868,false,false,9,2014-04-01,2014-12-31,-1
2016-04-28,68370,2016-03-31,,19379000000,0.096,,,,,517000000,-0.435,514000000,-0.449,,473000000,,33.04,,0.075,0.037,0.027,,13342000000,6502000000,0.477,444.12,6365000000,687000000,-291000000,-553000000,2925000000,,0.242,,,,,,true,false,12,2015-04-01,2016-03-31,0
2016-04-28,68370,2015-03-31,,17677000000,0.096,,,,,916000000,0.147,934000000,0.188,,685000000,,47.82,,0.123,0.072,0.052,,14124000000,6441000000,0.445,438.74,6288000000,1334000000,-673000000,-176000000,3105000000,,0.167,,,,,,true,false,12,2014-04-01,2015-03-31,-1
2016-04-28,68370,2017-03-31,,9500000000,0.013,,,,,280000000,0.098,250000000,-0.075,,180000000,,12.56,,,,,,,,,,,,,,,,,,,,,,true,true,6,2016-04-01,2016-09-30,1
2016-04-28,68370,2017-03-31,,20000000000,0.032,,,,,750000000,0.449,700000000,0.360,,500000000,,34.89,,,,,,,,,,,,,,,,0.229,,,,,,true,true,12,2016-04-01,2017-03-31,1
2016-04-28,68370,2016-03-31,,7491000000,-0.030,,,,,74000000,-0.651,303000000,-0.470,412000000,,-0.173,28.79,,,,,,8639000000,5326000000,0.617,371.67,5326000000,,,,,8.00,,,,14624000,291772,14332511,false,false,12,2015-04-01,2016-03-31,0
2016-04-28,68370,2015-03-31,,7721000000,0.203,,,,,214000000,1.889,573000000,-0.050,498000000,,-0.155,34.81,,,,,,8888000000,5119000000,0.576,357.15,5119000000,,,,,8.00,,,,14624000,291132,14332868,false,false,12,2014-04-01,2015-03-31,-1
2016-04-28,68370,2017-03-31,,,,,,,,,,,,,,,,,,,,,,,,,,,,,,8.00,,,,,,,false,true,12,2016-04-01,2017-03-31,1
2016-07-29,68370,2017-03-31,1,4654000000,-0.009,,,,,104000000,-0.464,117000000,-0.433,,98000000,,6.86,,,,,,12869000000,6179000000,0.470,,6050000000,,,,,,,,,,,,true,false,3,2016-04-01,2016-06-30,0
2016-07-29,68370,2016-03-31,1,4697000000,0.128,,,,,194000000,-0.232,206000000,-0.169,,177000000,,12.37,,,,,,,,,,,,,,,,,,,,,,true,false,3,2015-04-01,2015-06-30,-1
2016-07-29,68370,2017-03-31,1,9500000000,0.013,,,,,280000000,0.098,250000000,-0.075,,180000000,,12.56,,,,,,,,,,,,,,,,,,,,,,true,true,6,2016-04-01,2016-09-30,0
2016-07-29,68370,2017-03-31,1,20000000000,0.032,,,,,750000000,0.449,700000000,0.360,,500000000,,34.89,,,,,,,,,,,,,,,,,,,,,,true,true,12,2016-04-01,2017-03-31,0
2016-07-29,68370,2016-03-31,1,,,,,,,,,,,,,,,,,,,,13342000000,6502000000,0.477,,6365000000,,,,,,,,,,,,true,false,12,2015-04-01,2016-03-31,-1
2016-07-29,68370,2016-03-31,1,,,,,,,,,,,,,,,,,,,,,,,,,,,,,8.00,,,,14624000,291772,,false,false,12,2015-04-01,2016-03-31,-1
2016-07-29,68370,2017-03-31,1,,,,,,,,,,,,,,,,,,,,,,,,,,,,,8.00,,,,,,,false,true,12,2016-04-01,2017-03-31,0
2016-07-29,68370,2017-03-31,1,,,,,,,,,,,,,,,,,,,,,,,,,,,,,,,,,14624000,291772,14332228,false,false,3,2016-04-01,2016-06-30,0
2016-07-29,68370,2016-03-31,1,,,,,,,,,,,,,,,,,,,,,,,,,,,,,,,,,,,14332868,false,false,3,2015-04-01,2015-06-30,-1
2016-10-28,68370,2017-03-31,2,9345000000,-0.004,,,,,236000000,-0.073,244000000,-0.094,,187000000,,13.08,,,,,,12420000000,5862000000,0.462,,5743000000,,,,,,,,,,,,true,false,6,2016-04-01,2016-09-30,0
2016-10-28,68370,2016-03-31,2,9378000000,0.090,,,,,254000000,-0.476,270000000,-0.438,,221000000,,15.47,,,,,,,,,,,,,,,,,,,,,,true,false,6,2015-04-01,2015-09-30,-1
2016-10-28,68370,2017-03-31,2,20000000000,0.032,,,,,750000000,0.449,700000000,0.360,,500000000,,34.89,,,,,,,,,,,,,,,,,,,,,,true,true,12,2016-04-01,2017-03-31,0
2016-10-28,68370,2016-03-31,2,,,,,,,,,,,,,,,,,,,,13342000000,6502000000,0.477,,6365000000,,,,,,,,,,,,true,false,12,2015-04-01,2016-03-31,-1
2016-10-28,68370,2016-03-31,2,,,,,,,,,,,,,,,,,,,,,,,,,,,,,8.00,,,,14624000,291772,,false,false,12,2015-04-01,2016-03-31,-1
2016-10-28,68370,2017-03-31,2,,,,,,,,,,,,,,,,,,,,,,,,,,,,,0.00,,,,,,,false,false,12,2016-04-01,2017-03-31,0
2016-10-28,68370,2017-03-31,2,,,,,,,,,,,,,,,,,,,,,,,,,,,,,8.00,,,,,,,false,true,12,2016-04-01,2017-03-31,0
2016-10-28,68370,2017-03-31,2,,,,,,,,,,,,,,,,,,,,,,,,,,,,,,,,,14624000,291772,14332228,false,false,6,2016-04-01,2016-09-30,0
2016-10-28,68370,2016-03-31,2,,,,,,,,,,,,,,,,,,,,,,,,,,,,,,,,,,,14332795,false,false,6,2015-04-01,2015-09-30,-1
2017-01-31,68370,2017-03-31,3,14326000000,-0.010,,,,,495000000,0.043,513000000,0.071,,381000000,,26.59,,,,,,13013000000,6087000000,0.458,,5964000000,,,,,,,,,,,,true,false,9,2016-04-01,2016-12-31,0
2017-01-31,68370,2016-03-31,3,14470000000,0.101,,,,,475000000,-0.345,479000000,-0.362,,486000000,,33.95,,,,,,,,,,,,,,,,,,,,,,true,false,9,2015-04-01,2015-12-31,-1
2017-01-31,68370,2017-03-31,3,20000000000,0.032,,,,,750000000,0.449,700000000,0.360,,500000000,,34.89,,,,,,,,,,,,,,,,,,,,,,true,true,12,2016-04-01,2017-03-31,0
2017-01-31,68370,2016-03-31,3,,,,,,,,,,,,,,,,,,,,13342000000,6502000000,0.477,,6365000000,,,,,,,,,,,,true,false,12,2015-04-01,2016-03-31,-1
2017-01-31,68370,2016-03-31,3,,,,,,,,,,,,,,,,,,,,,,,,,,,,,8.00,,,,14624000,291772,,false,false,12,2015-04-01,2016-03-31,-1
2017-01-31,68370,2017-03-31,3,,,,,,,,,,,,,,,,,,,,,,,,,,,,,0.00,,,,,,,false,false,12,2016-04-01,2017-03-31,0
2017-01-31,68370,2017-03-31,3,,,,,,,,,,,,,,,,,,,,,,,,,,,,,8.00,,,,,,,false,true,12,2016-04-01,2017-03-31,0
2017-01-31,68370,2017-03-31,3,,,,,,,,,,,,,,,,,,,,,,,,,,,,,,,,,14624000,291772,14332228,false,false,9,2016-04-01,2016-12-31,0
2017-01-31,68370,2016-03-31,3,,,,,,,,,,,,,,,,,,,,,,,,,,,,,,,,,,,14332605,false,false,9,2015-04-01,2015-12-31,-1
2017-04-28,68370,2017-03-31,,19392000000,0.001,,,,,700000000,0.354,708000000,0.376,,554000000,,38.71,,0.087,0.051,0.036,,14526000000,6536000000,0.441,446.91,6405000000,768000000,-288000000,-215000000,3168000000,,0.207,,,,,,true,false,12,2016-04-01,2017-03-31,0
2017-04-28,68370,2016-03-31,,19379000000,0.096,,,,,517000000,-0.435,514000000,-0.449,,473000000,,33.04,,0.075,0.037,0.027,,13342000000,6502000000,0.477,444.12,6365000000,687000000,-291000000,-553000000,2925000000,,0.242,,,,,,true,false,12,2015-04-01,2016-03-31,-1
2017-04-28,68370,2018-03-31,,10200000000,0.091,,,,,350000000,0.481,320000000,0.307,,220000000,,15.35,,,,,,,,,,,,,,,,,,,,,,true,true,6,2017-04-01,2017-09-30,1
2017-04-28,68370,2018-03-31,,21000000000,0.083,,,,,850000000,0.213,800000000,0.130,,550000000,,38.38,,,,,,,,,,,,,,,,0.208,,,,,,true,true,12,2017-04-01,2018-03-31,1
2017-04-28,68370,2017-03-31,,7788000000,0.040,,,,,47000000,-0.360,347000000,0.143,381000000,,-0.075,26.62,,,,,,9007000000,5520000000,0.613,385.20,5520000000,,,,,8.00,,,,14624000,291847,14332228,false,false,12,2016-04-01,2017-03-31,0
2017-04-28,68370,2016-03-31,,7491000000,-0.030,,,,,74000000,-0.651,303000000,-0.470,412000000,,-0.173,28.79,,,,,,8639000000,5326000000,0.617,371.67,5326000000,,,,,8.00,,,,14624000,291772,14332511,false,false,12,2015-04-01,2016-03-31,-1
2017-04-28,68370,2018-03-31,,,,,,,,,,,,,,,,,,,,,,,,,,,,,,8.00,,,,,,,false,true,12,2017-04-01,2018-03-31,1
2017-07-28,68370,2018-03-31,1,5039000000,0.083,,,,,126000000,0.209,132000000,0.130,,95000000,,6.69,,,,,,15410000000,6374000000,0.405,,6244000000,,,,,,,,,,,,true,false,3,2017-04-01,2017-06-30,0
2017-07-28,68370,2017-03-31,1,4654000000,-0.009,,,,,104000000,-0.464,117000000,-0.433,,98000000,,6.86,,,,,,,,,,,,,,,,,,,,,,true,false,3,2016-04-01,2016-06-30,-1
2017-07-28,68370,2018-03-31,1,10200000000,0.091,,,,,350000000,0.481,320000000,0.307,,220000000,,15.35,,,,,,,,,,,,,,,,,,,,,,true,true,6,2017-04-01,2017-09-30,0
2017-07-28,68370,2018-03-31,1,21000000000,0.083,,,,,850000000,0.213,800000000,0.130,,550000000,,38.38,,,,,,,,,,,,,,,,,,,,,,true,true,12,2017-04-01,2018-03-31,0
2017-07-28,68370,2017-03-31,1,,,,,,,,,,,,,,,,,,,,14526000000,6536000000,0.441,,6405000000,,,,,,,,,,,,true,false,12,2016-04-01,2017-03-31,-1
2017-07-28,68370,2017-03-31,1,,,,,,,,,,,,,,,,,,,,,,,,,,,,,8.00,,,,14624000,291847,,false,false,12,2016-04-01,2017-03-31,-1
2017-07-28,68370,2018-03-31,1,,,,,,,,,,,,,,,,,,,,,,,,,,,,,8.00,,,,,,,false,true,12,2017-04-01,2018-03-31,0
2017-07-28,68370,2018-03-31,1,,,,,,,,,,,,,,,,,,,,,,,,,,,,,,,,,14624000,292349,14332065,false,false,3,2017-04-01,2017-06-30,0
2017-07-28,68370,2017-03-31,1,,,,,,,,,,,,,,,,,,,,,,,,,,,,,,,,,,,14332228,false,false,3,2016-04-01,2016-06-30,-1
2017-10-31,68370,2018-03-31,2,10307000000,0.103,,,,,324000000,0.373,342000000,0.399,,232000000,,16.20,,,,,,14142000000,6573000000,0.456,,6441000000,,,,,,,,,,,,true,false,6,2017-04-01,2017-09-30,0
2017-10-31,68370,2017-03-31,2,9345000000,-0.004,,,,,236000000,-0.073,244000000,-0.094,,187000000,,13.08,,,,,,,,,,,,,,,,,,,,,,true,false,6,2016-04-01,2016-09-30,-1
2017-10-31,68370,2018-03-31,2,21000000000,0.083,,,,,850000000,0.213,800000000,0.130,,550000000,,38.38,,,,,,,,,,,,,,,,,,,,,,true,true,12,2017-04-01,2018-03-31,0
2017-10-31,68370,2017-03-31,2,,,,,,,,,,,,,,,,,,,,14526000000,6536000000,0.441,,6405000000,,,,,,,,,,,,true,false,12,2016-04-01,2017-03-31,-1
2017-10-31,68370,2017-03-31,2,,,,,,,,,,,,,,,,,,,,,,,,,,,,,8.00,,,,14624000,291847,,false,false,12,2016-04-01,2017-03-31,-1
2017-10-31,68370,2018-03-31,2,,,,,,,,,,,,,,,,,,,,,,,,,,,,,0.00,,,,,,,false,false,12,2017-04-01,2018-03-31,0
2017-10-31,68370,2018-03-31,2,,,,,,,,,,,,,,,,,,,,,,,,,,,,,8.00,,,,,,,false,true,12,2017-04-01,2018-03-31,0
2017-10-31,68370,2018-03-31,2,,,,,,,,,,,,,,,,,,,,,,,,,,,,,,,,,14624000,293707,14331288,false,false,6,2017-04-01,2017-09-30,0
2017-10-31,68370,2017-03-31,2,,,,,,,,,,,,,,,,,,,,,,,,,,,,,,,,,,,14332228,false,false,6,2016-04-01,2016-09-30,-1
2018-01-31,68370,2018-03-31,3,15879000000,0.108,,,,,449000000,-0.094,476000000,-0.073,,315000000,,22.04,,,,,,14694000000,6775000000,0.452,,6637000000,,,,,,,,,,,,true,false,9,2017-04-01,2017-12-31,0
2018-01-31,68370,2017-03-31,3,14326000000,-0.010,,,,,495000000,0.043,513000000,0.071,,381000000,,26.59,,,,,,,,,,,,,,,,,,,,,,true,false,9,2016-04-01,2016-12-31,-1
2018-01-31,68370,2018-03-31,3,21000000000,0.083,,,,,560000000,-0.201,600000000,-0.153,,400000000,,27.91,,,,,,,,,,,,,,,,,,,,,,true,true,12,2017-04-01,2018-03-31,0
2018-01-31,68370,2017-03-31,3,,,,,,,,,,,,,,,,,,,,14526000000,6536000000,0.441,,6405000000,,,,,,,,,,,,true,false,12,2016-04-01,2017-03-31,-1
2018-01-31,68370,2017-03-31,3,,,,,,,,,,,,,,,,,,,,,,,,,,,,,8.00,,,,14624000,291847,,false,false,12,2016-04-01,2017-03-31,-1
2018-01-31,68370,2018-03-31,3,,,,,,,,,,,,,,,,,,,,,,,,,,,,,0.00,,,,,,,false,false,12,2017-04-01,2018-03-31,0
2018-01-31,68370,2018-03-31,3,,,,,,,,,,,,,,,,,,,,,,,,,,,,,8.00,,,,,,,false,true,12,2017-04-01,2018-03-31,0
2018-01-31,68370,2018-03-31,3,,,,,,,,,,,,,,,,,,,,,,,,,,,,,,,,,14624000,293927,14330890,false,false,9,2017-04-01,2017-12-31,0
2018-01-31,68370,2017-03-31,3,,,,,,,,,,,,,,,,,,,,,,,,,,,,,,,,,,,14332228,false,false,9,2016-04-01,2016-12-31,-1
2018-04-27,68370,2018-03-31,,21253000000,0.096,,,,,579000000,-0.173,615000000,-0.131,,465000000,,32.50,,0.071,0.042,0.027,,14795000000,6922000000,0.459,473.72,6788000000,970000000,-759000000,-77000000,3227000000,,0.246,,,,,,true,false,12,2017-04-01,2018-03-31,0
2018-04-27,68370,2017-03-31,,19392000000,0.001,,,,,700000000,0.354,708000000,0.376,,554000000,,38.71,,0.087,0.051,0.036,,14526000000,6536000000,0.441,446.91,6405000000,768000000,-288000000,-215000000,3168000000,,0.207,,,,,,true,false,12,2016-04-01,2017-03-31,-1
2018-04-27,68370,2019-03-31,,10300000000,-0.001,,,,,270000000,-0.168,260000000,-0.241,,170000000,,11.86,,,,,,,,,,,,,,,,,,,,,,true,true,6,2018-04-01,2018-09-30,1
2018-04-27,68370,2019-03-31,,22000000000,0.035,,,,,750000000,0.294,740000000,0.203,,500000000,,34.89,,,,,,,,,,,,,,,,0.228,,,,,,true,true,12,2018-04-01,2019-03-31,1
2018-04-27,68370,2018-03-31,,8831000000,0.134,,,,,76000000,0.586,281000000,-0.189,277000000,,-0.273,19.36,,,,,,9321000000,5708000000,0.612,398.39,5708000000,,,,,8.00,,,,14624000,294277,14330630,false,false,12,2017-04-01,2018-03-31,0
2018-04-27,68370,2017-03-31,,7788000000,0.040,,,,,47000000,-0.360,347000000,0.143,381000000,,-0.075,26.62,,,,,,9007000000,5520000000,0.613,385.20,5520000000,,,,,8.00,,,,14624000,291847,14332228,false,false,12,2016-04-01,2017-03-31,-1
2018-04-27,68370,2019-03-31,,,,,,,,,,,,,,,,,,,,,,,,,,,,,,8.00,,,,,,,false,true,12,2018-04-01,2019-03-31,1
2018-07-31,68370,2019-03-31,1,5241000000,0.040,,,,,83000000,-0.342,117000000,-0.114,,80000000,,5.65,,,,,,14162000000,6713000000,0.465,,6580000000,,,,,,,,,,,,true,false,3,2018-04-01,2018-06-30,0
2018-07-31,68370,2018-03-31,1,5039000000,0.083,,,,,126000000,0.209,132000000,0.130,,95000000,,6.69,,,,,,,,,,,,,,,,,,,,,,true,false,3,2017-04-01,2017-06-30,-1
2018-07-31,68370,2019-03-31,1,10300000000,-0.001,,,,,270000000,-0.168,260000000,-0.241,,170000000,,11.86,,,,,,,,,,,,,,,,,,,,,,true,true,6,2018-04-01,2018-09-30,0
2018-07-31,68370,2019-03-31,1,22000000000,0.035,,,,,750000000,0.294,740000000,0.203,,500000000,,34.89,,,,,,,,,,,,,,,,,,,,,,true,true,12,2018-04-01,2019-03-31,0
2018-07-31,68370,2018-03-31,1,,,,,,,,,,,,,,,,,,,,14795000000,6922000000,0.459,,6788000000,,,,,,,,,,,,true,false,12,2017-04-01,2018-03-31,-1
2018-07-31,68370,2018-03-31,1,,,,,,,,,,,,,,,,,,,,,,,,,,,,,8.00,,,,14624000,294277,,false,false,12,2017-04-01,2018-03-31,-1
2018-07-31,68370,2019-03-31,1,,,,,,,,,,,,,,,,,,,,,,,,,,,,,8.00,,,,,,,false,true,12,2018-04-01,2019-03-31,0
2018-07-31,68370,2019-03-31,1,,,,,,,,,,,,,,,,,,,,,,,,,,,,,,,,,14624000,294277,14329723,false,false,3,2018-04-01,2018-06-30,0
2018-07-31,68370,2018-03-31,1,,,,,,,,,,,,,,,,,,,,,,,,,,,,,,,,,,,14332065,false,false,3,2017-04-01,2017-06-30,-1
2018-10-31,68370,2019-03-31,2,10535000000,0.022,,,,,196000000,-0.396,209000000,-0.389,,134000000,,9.37,,,,,,14564000000,6808000000,0.458,,6676000000,,,,,,,,,,,,true,false,6,2018-04-01,2018-09-30,0
2018-10-31,68370,2018-03-31,2,10307000000,0.103,,,,,324000000,0.373,342000000,0.399,,232000000,,16.20,,,,,,,,,,,,,,,,,,,,,,true,false,6,2017-04-01,2017-09-30,-1
2018-10-31,68370,2019-03-31,2,22000000000,0.035,,,,,750000000,0.294,740000000,0.203,,500000000,,34.89,,,,,,,,,,,,,,,,,,,,,,true,true,12,2018-04-01,2019-03-31,0
2018-10-31,68370,2018-03-31,2,,,,,,,,,,,,,,,,,,,,14795000000,6922000000,0.459,,6788000000,,,,,,,,,,,,true,false,12,2017-04-01,2018-03-31,-1
2018-10-31,68370,2018-03-31,2,,,,,,,,,,,,,,,,,,,,,,,,,,,,,8.00,,,,14624000,294277,,false,false,12,2017-04-01,2018-03-31,-1
2018-10-31,68370,2019-03-31,2,,,,,,,,,,,,,,,,,,,,,,,,,,,,,0.00,,,,,,,false,false,12,2018-04-01,2019-03-31,0
2018-10-31,68370,2019-03-31,2,,,,,,,,,,,,,,,,,,,,,,,,,,,,,8.00,,,,,,,false,true,12,2018-04-01,2019-03-31,0
2018-10-31,68370,2019-03-31,2,,,,,,,,,,,,,,,,,,,,,,,,,,,,,,,,,14624000,294287,14329723,false,false,6,2018-04-01,2018-09-30,0
2018-10-31,68370,2018-03-31,2,,,,,,,,,,,,,,,,,,,,,,,,,,,,,,,,,,,14331288,false,false,6,2017-04-01,2017-09-30,-1
2019-01-31,68370,2019-03-31,3,16032000000,0.010,,,,,430000000,-0.043,423000000,-0.111,,292000000,,20.42,,,,,,14730000000,6919000000,0.461,,6784000000,,,,,,,,,,,,true,false,9,2018-04-01,2018-12-31,0
2019-01-31,68370,2018-03-31,3,15879000000,0.108,,,,,449000000,-0.094,476000000,-0.073,,315000000,,22.04,,,,,,,,,,,,,,,,,,,,,,true,false,9,2017-04-01,2017-12-31,-1
2019-01-31,68370,2019-03-31,3,22000000000,0.035,,,,,750000000,0.294,740000000,0.203,,500000000,,34.89,,,,,,,,,,,,,,,,,,,,,,true,true,12,2018-04-01,2019-03-31,0
2019-01-31,68370,2018-03-31,3,,,,,,,,,,,,,,,,,,,,14795000000,6922000000,0.459,,6788000000,,,,,,,,,,,,true,false,12,2017-04-01,2018-03-31,-1
2019-01-31,68370,2018-03-31,3,,,,,,,,,,,,,,,,,,,,,,,,,,,,,8.00,,,,14624000,294277,,false,false,12,2017-04-01,2018-03-31,-1
2019-01-31,68370,2019-03-31,3,,,,,,,,,,,,,,,,,,,,,,,,,,,,,0.00,,,,,,,false,false,12,2018-04-01,2019-03-31,0
2019-01-31,68370,2019-03-31,3,,,,,,,,,,,,,,,,,,,,,,,,,,,,,8.00,,,,,,,false,true,12,2018-04-01,2019-03-31,0
2019-01-31,68370,2019-03-31,3,,,,,,,,,,,,,,,,,,,,,,,,,,,,,,,,,14624000,294287,14329720,false,false,9,2018-04-01,2018-12-31,0
2019-01-31,68370,2018-03-31,3,,,,,,,,,,,,,,,,,,,,,,,,,,,,,,,,,,,14330890,false,false,9,2017-04-01,2017-12-31,-1
2019-03-15,68370,2019-03-31,,20800000000,-0.055,,,,,470000000,-0.373,470000000,-0.365,,280000000,,19.54,,,,,,,,,,,,,,,,,,,,,,true,true,12,2018-04-01,2019-03-31,0
2019-03-15,68370,2018-03-31,,21253000000,,,,,,579000000,,615000000,,,465000000,,32.50,,,,,,,,,,,,,,,,,,,,,,true,false,12,2017-04-01,2018-03-31,-1
2019-04-26,68370,2019-03-31,,21035000000,-0.010,,,,,498000000,-0.139,471000000,-0.234,,293000000,,20.48,,0.043,0.031,0.024,,15558000000,6887000000,0.434,471.18,6751000000,1030000000,-833000000,1182000000,4604000000,,0.391,,,,,,true,false,12,2018-04-01,2019-03-31,0
2019-04-26,68370,2018-03-31,,21253000000,0.096,,,,,579000000,-0.173,615000000,-0.131,,465000000,,32.50,,0.071,0.042,0.027,,14795000000,6922000000,0.459,473.72,6788000000,970000000,-759000000,-77000000,3227000000,,0.246,,,,,,true,false,12,2017-04-01,2018-03-31,-1
2019-04-26,68370,2020-03-31,,10000000000,-0.051,,,,,100000000,-0.490,90000000,-0.570,,50000000,,3.49,,,,,,,,,,,,,,,,,,,,,,true,true,6,2019-04-01,2019-09-30,1
2019-04-26,68370,2020-03-31,,21500000000,0.022,,,,,500000000,0.002,480000000,0.019,,300000000,,20.94,,,,,,,,,,,,,,,,0.287,,,,,,true,true,12,2019-04-01,2020-03-31,1
2019-04-26,68370,2019-03-31,,9583000000,0.085,,,,,-51000000,,170000000,-0.393,161000000,,-0.417,11.29,,,,,,10471000000,5663000000,0.541,395.21,5663000000,,,,,8.00,,,,14624000,294287,14329718,false,false,12,2018-04-01,2019-03-31,0
2019-04-26,68370,2018-03-31,,8831000000,0.134,,,,,76000000,0.586,281000000,-0.189,277000000,,-0.273,19.36,,,,,,9321000000,5708000000,0.612,398.39,5708000000,,,,,8.00,,,,14624000,294277,14330630,false,false,12,2017-04-01,2018-03-31,-1
2019-04-26,68370,2020-03-31,,,,,,,,,,,,,,,,,,,,,,,,,,,,,,6.00,,,,,,,false,true,12,2019-04-01,2020-03-31,1
2019-07-31,68370,2020-03-31,1,4696000000,-0.104,,,,,2000000,-0.971,-1000000,,,-6000000,,-0.46,,,,,,15207000000,6801000000,0.438,,6666000000,,,,,,,,,,,,true,false,3,2019-04-01,2019-06-30,0
2019-07-31,68370,2019-03-31,1,5241000000,0.040,,,,,83000000,-0.342,117000000,-0.114,,80000000,,5.65,,,,,,,,,,,,,,,,,,,,,,true,false,3,2018-04-01,2018-06-30,-1
2019-07-31,68370,2020-03-31,1,10000000000,-0.051,,,,,100000000,-0.490,90000000,-0.570,,50000000,,3.49,,,,,,,,,,,,,,,,,,,,,,true,true,6,2019-04-01,2019-09-30,0
2019-07-31,68370,2020-03-31,1,21500000000,0.022,,,,,500000000,0.002,480000000,0.019,,300000000,,20.94,,,,,,,,,,,,,,,,,,,,,,true,true,12,2019-04-01,2020-03-31,0
2019-07-31,68370,2019-03-31,1,,,,,,,,,,,,,,,,,,,,15558000000,6887000000,0.434,,6751000000,,,,,,,,,,,,true,false,12,2018-04-01,2019-03-31,-1
2019-07-31,68370,2019-03-31,1,,,,,,,,,,,,,,,,,,,,,,,,,,,,,8.00,,,,14624000,294287,,false,false,12,2018-04-01,2019-03-31,-1
2019-07-31,68370,2020-03-31,1,,,,,,,,,,,,,,,,,,,,,,,,,,,,,6.00,,,,,,,false,true,12,2019-04-01,2020-03-31,0
2019-07-31,68370,2020-03-31,1,,,,,,,,,,,,,,,,,,,,,,,,,,,,,,,,,14624000,294287,14329713,false,false,3,2019-04-01,2019-06-30,0
2019-07-31,68370,2019-03-31,1,,,,,,,,,,,,,,,,,,,,,,,,,,,,,,,,,,,14329723,false,false,3,2018-04-01,2018-06-30,-1
2019-10-31,68370,2020-03-31,2,9581000000,-0.091,,,,,54000000,-0.723,51000000,-0.755,,35000000,,2.49,,,,,,15071000000,6677000000,0.434,,6546000000,,,,,,,,,,,,true,false,6,2019-04-01,2019-09-30,0
2019-10-31,68370,2019-03-31,2,10535000000,0.022,,,,,196000000,-0.396,209000000,-0.389,,134000000,,9.37,,,,,,,,,,,,,,,,,,,,,,true,false,6,2018-04-01,2018-09-30,-1
2019-10-31,68370,2020-03-31,2,19200000000,-0.087,,,,,150000000,-0.699,130000000,-0.724,,100000000,,6.98,,,,,,,,,,,,,,,,,,,,,,true,true,12,2019-04-01,2020-03-31,0
2019-10-31,68370,2019-03-31,2,,,,,,,,,,,,,,,,,,,,15558000000,6887000000,0.434,,6751000000,,,,,,,,,,,,true,false,12,2018-04-01,2019-03-31,-1
2019-10-31,68370,2019-03-31,2,,,,,,,,,,,,,,,,,,,,,,,,,,,,,8.00,,,,14624000,294287,,false,false,12,2018-04-01,2019-03-31,-1
2019-10-31,68370,2020-03-31,2,,,,,,,,,,,,,,,,,,,,,,,,,,,,,0.00,,,,,,,false,false,12,2019-04-01,2020-03-31,0
2019-10-31,68370,2020-03-31,2,,,,,,,,,,,,,,,,,,,,,,,,,,,,,6.00,,,,,,,false,true,12,2019-04-01,2020-03-31,0
2019-10-31,68370,2020-03-31,2,,,,,,,,,,,,,,,,,,,,,,,,,,,,,,,,,14624000,294287,14329713,false,false,6,2019-04-01,2019-09-30,0
2019-10-31,68370,2019-03-31,2,,,,,,,,,,,,,,,,,,,,,,,,,,,,,,,,,,,14329723,false,false,6,2018-04-01,2018-09-30,-1
2019-10-31,68370,2020-03-31,,19200000000,-0.107,,,,,150000000,-0.700,130000000,-0.729,,100000000,,6.98,,,,,,,,,,,,,,,,,,,,,,true,true,12,2019-04-01,2020-03-31,0
2019-10-31,68370,2019-03-31,,21035000000,,,,,,498000000,,471000000,,,293000000,,20.48,,,,,,,,,,,,,,,,,,,,,,true,false,12,2018-04-01,2019-03-31,-1
2020-01-31,68370,2020-03-31,3,14197000000,-0.114,,,,,68000000,-0.841,61000000,-0.855,,67000000,,4.72,,,,,,15398000000,6640000000,0.423,,6517000000,,,,,,,,,,,,true,false,9,2019-04-01,2019-12-31,0
2020-01-31,68370,2019-03-31,3,16032000000,0.010,,,,,430000000,-0.043,423000000,-0.111,,292000000,,20.42,,,,,,,,,,,,,,,,,,,,,,true,false,9,2018-04-01,2018-12-31,-1
2020-01-31,68370,2020-03-31,3,19200000000,-0.087,,,,,150000000,-0.699,130000000,-0.724,,100000000,,6.98,,,,,,,,,,,,,,,,,,,,,,true,true,12,2019-04-01,2020-03-31,0
2020-01-31,68370,2019-03-31,3,,,,,,,,,,,,,,,,,,,,15558000000,6887000000,0.434,,6751000000,,,,,,,,,,,,true,false,12,2018-04-01,2019-03-31,-1
2020-01-31,68370,2019-03-31,3,,,,,,,,,,,,,,,,,,,,,,,,,,,,,8.00,,,,14624000,294287,,false,false,12,2018-04-01,2019-03-31,-1
2020-01-31,68370,2020-03-31,3,,,,,,,,,,,,,,,,,,,,,,,,,,,,,0.00,,,,,,,false,false,12,2019-04-01,2020-03-31,0
2020-01-31,68370,2020-03-31,3,,,,,,,,,,,,,,,,,,,,,,,,,,,,,6.00,,,,,,,false,true,12,2019-04-01,2020-03-31,0
2020-01-31,68370,2020-03-31,3,,,,,,,,,,,,,,,,,,,,,,,,,,,,,,,,,14624000,294287,14329713,false,false,9,2019-04-01,2019-12-31,0
2020-01-31,68370,2019-03-31,3,,,,,,,,,,,,,,,,,,,,,,,,,,,,,,,,,,,14329720,false,false,9,2018-04-01,2018-12-31,-1
2020-05-01,68370,2020-03-31,,19022000000,-0.096,,,,,79000000,-0.840,98000000,-0.791,,1000000,,0.08,,0.000,0.006,0.004,,17012000000,6645000000,0.383,454.87,6518000000,192000000,-1530000000,1708000000,4847000000,,,,,,,,true,false,12,2019-04-01,2020-03-31,0
2020-05-01,68370,2019-03-31,,21035000000,-0.010,,,,,498000000,-0.139,471000000,-0.234,,293000000,,20.48,,0.043,0.031,0.024,,15558000000,6887000000,0.434,471.18,6751000000,922000000,-833000000,1182000000,4496000000,,0.391,,,,,,true,false,12,2018-04-01,2019-03-31,-1
2020-05-01,68370,2020-03-31,,9239000000,-0.036,,,,,-250000000,,-65000000,,-15000000,,,-1.05,,,,,,11755000000,5517000000,0.469,385.01,5517000000,,,,,4.00,,,,14624000,294287,14329713,false,false,12,2019-04-01,2020-03-31,0
2020-05-01,68370,2019-03-31,,9583000000,0.085,,,,,-51000000,,170000000,-0.393,161000000,,-0.417,11.29,,,,,,10471000000,5663000000,0.541,395.21,5663000000,,,,,8.00,,,,14624000,294287,14329718,false,false,12,2018-04-01,2019-03-31,-1
2020-07-31,68370,2021-03-31,1,4006000000,-0.147,,,,,-108000000,,-148000000,,,-128000000,,-8.98,,,,,,17685000000,6317000000,0.350,,6193000000,,,,,,,,,,,,true,false,3,2020-04-01,2020-06-30,0
2020-07-31,68370,2020-03-31,1,4696000000,-0.104,,,,,2000000,-0.971,-1000000,,,-6000000,,-0.46,,,,,,,,,,,,,,,,,,,,,,true,false,3,2019-04-01,2019-06-30,-1
2020-07-31,68370,2020-03-31,1,,,,,,,,,,,,,,,,,,,,17025000000,6616000000,0.381,,6488000000,,,,,,,,,,,,true,false,12,2019-04-01,2020-03-31,-1
2020-07-31,68370,2020-03-31,1,,,,,,,,,,,,,,,,,,,,,,,,,,,,,4.00,,,,14624000,294287,,false,false,12,2019-04-01,2020-03-31,-1
2020-07-31,68370,2021-03-31,1,,,,,,,,,,,,,,,,,,,,,,,,,,,,,0.00,,,,,,,false,true,12,2020-04-01,2021-03-31,0
2020-07-31,68370,2021-03-31,1,,,,,,,,,,,,,,,,,,,,,,,,,,,,,,,,,14624000,294287,14329713,false,false,3,2020-04-01,2020-06-30,0
2020-07-31,68370,2020-03-31,1,,,,,,,,,,,,,,,,,,,,,,,,,,,,,,,,,,,14329713,false,false,3,2019-04-01,2019-06-30,-1
2020-10-30,68370,2021-03-31,2,7860000000,-0.180,,,,,-173000000,,-172000000,,,-335000000,,-23.38,,,,,,16763000000,6189000000,0.356,,5971000000,,,,,,,,,,,,true,false,6,2020-04-01,2020-09-30,0
2020-10-30,68370,2020-03-31,2,9581000000,-0.091,,,,,54000000,-0.723,51000000,-0.755,,35000000,,2.49,,,,,,,,,,,,,,,,,,,,,,true,false,6,2019-04-01,2019-09-30,-1
2020-10-30,68370,2021-03-31,2,16600000000,-0.127,,,,,-270000000,,-210000000,,,-560000000,,-39.08,,,,,,,,,,,,,,,,,,,,,,true,true,12,2020-04-01,2021-03-31,0
2020-10-30,68370,2020-03-31,2,,,,,,,,,,,,,,,,,,,,17025000000,6616000000,0.381,,6488000000,,,,,,,,,,,,true,false,12,2019-04-01,2020-03-31,-1
2020-10-30,68370,2020-03-31,2,,,,,,,,,,,,,,,,,,,,,,,,,,,,,4.00,,,,14624000,294287,,false,false,12,2019-04-01,2020-03-31,-1
2020-10-30,68370,2021-03-31,2,,,,,,,,,,,,,,,,,,,,,,,,,,,,,0.00,,,,,,,false,false,12,2020-04-01,2021-03-31,0
2020-10-30,68370,2021-03-31,2,,,,,,,,,,,,,,,,,,,,,,,,,,,,,0.00,,,,,,,false,true,12,2020-04-01,2021-03-31,0
2020-10-30,68370,2021-03-31,2,,,,,,,,,,,,,,,,,,,,,,,,,,,,,,,,,14624000,294287,14329713,false,false,6,2020-04-01,2020-09-30,0
2020-10-30,68370,2020-03-31,2,,,,,,,,,,,,,,,,,,,,,,,,,,,,,,,,,,,14329713,false,false,6,2019-04-01,2019-09-30,-1
2021-01-29,68370,2021-03-31,3,12512000000,-0.119,,,,,-72000000,,-59000000,,,-261000000,,-18.27,,,,,,17104000000,6259000000,0.353,,6044000000,,,,,,,,,,,,true,false,9,2020-04-01,2020-12-31,0
2021-01-29,68370,2020-03-31,3,14197000000,-0.114,,,,,68000000,-0.841,61000000,-0.855,,67000000,,4.72,,,,,,,,,,,,,,,,,,,,,,true,false,9,2019-04-01,2019-12-31,-1
2021-01-29,68370,2021-03-31,3,17300000000,-0.091,,,,,-70000000,,-10000000,,,-360000000,,-25.12,,,,,,,,,,,,,,,,,,,,,,true,true,12,2020-04-01,2021-03-31,0
2021-01-29,68370,2020-03-31,3,,,,,,,,,,,,,,,,,,,,17025000000,6616000000,0.381,,6488000000,,,,,,,,,,,,true,false,12,2019-04-01,2020-03-31,-1
2021-01-29,68370,2020-03-31,3,,,,,,,,,,,,,,,,,,,,,,,,,,,,,4.00,,,,14624000,294287,,false,false,12,2019-04-01,2020-03-31,-1
2021-01-29,68370,2021-03-31,3,,,,,,,,,,,,,,,,,,,,,,,,,,,,,0.00,,,,,,,false,false,12,2020-04-01,2021-03-31,0
2021-01-29,68370,2021-03-31,3,,,,,,,,,,,,,,,,,,,,,,,,,,,,,0.00,,,,,,,false,true,12,2020-04-01,2021-03-31,0
2021-01-29,68370,2021-03-31,3,,,,,,,,,,,,,,,,,,,,,,,,,,,,,,,,,14624000,294287,14329713,false,false,9,2020-04-01,2020-12-31,0
2021-01-29,68370,2020-03-31,3,,,,,,,,,,,,,,,,,,,,,,,,,,,,,,,,,,,14329713,false,false,9,2019-04-01,2019-12-31,-1
2021-04-30,68370,2021-03-31,,17334000000,-0.089,,,,,98000000,0.237,159000000,0.624,,-135000000,,-9.46,,-0.021,0.009,0.006,,17885000000,6433000000,0.348,434.76,6230000000,291000000,-2218000000,524000000,3359000000,,,,,,,,true,false,12,2020-04-01,2021-03-31,0
2021-04-30,68370,2020-03-31,,19022000000,-0.096,,,,,79000000,-0.840,98000000,-0.791,,1000000,,0.08,,0.000,0.006,0.004,,17025000000,6616000000,0.381,452.82,6488000000,192000000,-1530000000,1708000000,4847000000,,,,,,,,true,false,12,2019-04-01,2020-03-31,-1
2021-04-30,68370,2022-03-31,,19500000000,0.125,,,,,300000000,2.039,300000000,0.878,,120000000,,8.37,,,,,,,,,,,,,,,,0.597,,,,,,true,true,12,2021-04-01,2022-03-31,1
2021-04-30,68370,2021-03-31,,8421000000,-0.089,,,,,9000000,,318000000,,294000000,,,20.59,,,,,,12779000000,5829000000,0.456,406.84,5829000000,,,,,0.00,,,,14624000,294287,14329713,false,false,12,2020-04-01,2021-03-31,0
2021-04-30,68370,2020-03-31,,9239000000,-0.036,,,,,-250000000,,-65000000,,-15000000,,,-1.05,,,,,,11755000000,5517000000,0.469,385.01,5517000000,,,,,4.00,,,,14624000,294287,14329713,false,false,12,2019-04-01,2020-03-31,-1
2021-04-30,68370,2022-03-31,,,,,,,,,,,,,,,,,,,,,,,,,,,,,,5.00,,,,,,,false,true,12,2021-04-01,2022-03-31,1
2021-07-30,68370,2022-03-31,1,4871000000,0.216,,,,,84000000,,96000000,,,24000000,,1.73,,,,,,18514000000,6827000000,0.358,,6619000000,,,,,,,,,,,,true,false,3,2021-04-01,2021-06-30,0
2021-07-30,68370,2021-03-31,1,4006000000,-0.147,,,,,-108000000,,-148000000,,,-128000000,,-8.98,,,,,,,,,,,,,,,,,,,,,,true,false,3,2020-04-01,2020-06-30,-1
2021-07-30,68370,2022-03-31,1,19500000000,0.125,,,,,300000000,2.039,300000000,0.878,,120000000,,8.37,,,,,,,,,,,,,,,,,,,,,,true,true,12,2021-04-01,2022-03-31,0
2021-07-30,68370,2021-03-31,1,,,,,,,,,,,,,,,,,,,,17885000000,6433000000,0.348,,6230000000,,,,,,,,,,,,true,false,12,2020-04-01,2021-03-31,-1
2021-07-30,68370,2021-03-31,1,,,,,,,,,,,,,,,,,,,,,,,,,,,,,0.00,,,,14624000,294287,,false,false,12,2020-04-01,2021-03-31,-1
2021-07-30,68370,2022-03-31,1,,,,,,,,,,,,,,,,,,,,,,,,,,,,,5.00,,,,,,,false,true,12,2021-04-01,2022-03-31,0
2021-07-30,68370,2022-03-31,1,,,,,,,,,,,,,,,,,,,,,,,,,,,,,,,,,14624000,294287,14329713,false,false,3,2021-04-01,2021-06-30,0
2021-07-30,68370,2021-03-31,1,,,,,,,,,,,,,,,,,,,,,,,,,,,,,,,,,,,14329713,false,false,3,2020-04-01,2020-06-30,-1
2021-10-29,68370,2022-03-31,2,10186000000,0.296,,,,,250000000,,278000000,,,127000000,,8.89,,,,,,19370000000,6963000000,0.349,,6757000000,,,,,,,,,,,,true,false,6,2021-04-01,2021-09-30,0
2021-10-29,68370,2021-03-31,2,7860000000,-0.180,,,,,-173000000,,-172000000,,,-335000000,,-23.38,,,,,,,,,,,,,,,,,,,,,,true,false,6,2020-04-01,2020-09-30,-1
2021-10-29,68370,2022-03-31,2,20500000000,0.183,,,,,450000000,3.558,450000000,1.816,,260000000,,18.14,,,,,,,,,,,,,,,,,,,,,,true,true,12,2021-04-01,2022-03-31,0
2021-10-29,68370,2021-03-31,2,,,,,,,,,,,,,,,,,,,,17885000000,6433000000,0.348,,6230000000,,,,,,,,,,,,true,false,12,2020-04-01,2021-03-31,-1
2021-10-29,68370,2021-03-31,2,,,,,,,,,,,,,,,,,,,,,,,,,,,,,0.00,,,,14624000,294287,,false,false,12,2020-04-01,2021-03-31,-1
2021-10-29,68370,2022-03-31,2,,,,,,,,,,,,,,,,,,,,,,,,,,,,,0.00,,,,,,,false,false,12,2021-04-01,2022-03-31,0
2021-10-29,68370,2022-03-31,2,,,,,,,,,,,,,,,,,,,,,,,,,,,,,5.00,,,,,,,false,true,12,2021-04-01,2022-03-31,0
2021-10-29,68370,2022-03-31,2,,,,,,,,,,,,,,,,,,,,,,,,,,,,,,,,,14624000,294287,14329713,false,false,6,2021-04-01,2021-09-30,0
2021-10-29,68370,2021-03-31,2,,,,,,,,,,,,,,,,,,,,,,,,,,,,,,,,,,,14329713,false,false,6,2020-04-01,2020-09-30,-1
2022-01-28,68370,2022-03-31,3,15793000000,0.262,,,,,458000000,,490000000,,,266000000,,18.62,,,,,,20414000000,7148000000,0.340,,6942000000,,,,,,,,,,,,true,false,9,2021-04-01,2021-12-31,0
2022-01-28,68370,2021-03-31,3,12512000000,-0.119,,,,,-72000000,,-59000000,,,-261000000,,-18.27,,,,,,,,,,,,,,,,,,,,,,true,false,9,2020-04-01,2020-12-31,-1
2022-01-28,68370,2022-03-31,3,20500000000,0.183,,,,,450000000,3.558,450000000,1.816,,260000000,,18.14,,,,,,,,,,,,,,,,,,,,,,true,true,12,2021-04-01,2022-03-31,0
2022-01-28,68370,2021-03-31,3,,,,,,,,,,,,,,,,,,,,17885000000,6433000000,0.348,,6230000000,,,,,,,,,,,,true,false,12,2020-04-01,2021-03-31,-1
2022-01-28,68370,2021-03-31,3,,,,,,,,,,,,,,,,,,,,,,,,,,,,,0.00,,,,14624000,294287,,false,false,12,2020-04-01,2021-03-31,-1
2022-01-28,68370,2022-03-31,3,,,,,,,,,,,,,,,,,,,,,,,,,,,,,0.00,,,,,,,false,false,12,2021-04-01,2022-03-31,0
2022-01-28,68370,2022-03-31,3,,,,,,,,,,,,,,,,,,,,,,,,,,,,,5.00,,,,,,,false,true,12,2021-04-01,2022-03-31,0
2022-01-28,68370,2022-03-31,3,,,,,,,,,,,,,,,,,,,,,,,,,,,,,,,,,14624000,294287,14329713,false,false,9,2021-04-01,2021-12-31,0
2022-01-28,68370,2021-03-31,3,,,,,,,,,,,,,,,,,,,,,,,,,,,,,,,,,,,14329713,false,false,9,2020-04-01,2020-12-31,-1
2022-04-28,68370,2022-03-31,,21337000000,0.231,,,,,478000000,3.850,513000000,2.214,,289000000,,20.18,,0.043,0.026,0.022,,20894000000,7395000000,0.344,501.72,7189000000,-1018000000,-698000000,1338000000,3161000000,,0.248,,,,,,true,false,12,2021-04-01,2022-03-31,0
2022-04-28,68370,2021-03-31,,17334000000,-0.089,,,,,98000000,0.237,159000000,0.624,,-135000000,,-9.46,,-0.021,0.009,0.006,,17885000000,6433000000,0.348,434.76,6230000000,291000000,-2218000000,524000000,3359000000,,,,,,,,true,false,12,2020-04-01,2021-03-31,-1
2022-04-28,68370,2023-03-31,,23000000000,0.078,,,,,700000000,0.462,630000000,0.227,,360000000,,25.12,,,,,,,,,,,,,,,,0.239,,,,,,true,true,12,2022-04-01,2023-03-31,1
2022-04-28,68370,2022-03-31,,9100000000,0.081,,,,,281000000,,556000000,0.746,518000000,,0.757,36.16,,,,,,13713000000,6335000000,0.462,442.12,6335000000,,,,,5.00,,,,14624000,294287,14329713,false,false,12,2021-04-01,2022-03-31,0
2022-04-28,68370,2021-03-31,,8421000000,-0.089,,,,,9000000,,318000000,,294000000,,,20.59,,,,,,12779000000,5829000000,0.456,406.84,5829000000,,,,,0.00,,,,14624000,294287,14329713,false,false,12,2020-04-01,2021-03-31,-1
2022-04-28,68370,2023-03-31,,,,,,,,,,,,,,,,,,,,,,,,,,,,,,6.00,,,,,,,false,true,12,2022-04-01,2023-03-31,1
2022-07-29,68370,2023-03-31,1,5909000000,0.213,,,,,183000000,1.163,191000000,0.990,,115000000,,8.06,,,,,,22115000000,7793000000,0.343,,7577000000,,,,,,,,,,,,true,false,3,2022-04-01,2022-06-30,0
2022-07-29,68370,2022-03-31,1,4871000000,0.216,,,,,84000000,,96000000,,,24000000,,1.73,,,,,,,,,,,,,,,,,,,,,,true,false,3,2021-04-01,2021-06-30,-1
2022-07-29,68370,2023-03-31,1,23000000000,0.078,,,,,700000000,0.462,630000000,0.227,,360000000,,25.12,,,,,,,,,,,,,,,,,,,,,,true,true,12,2022-04-01,2023-03-31,0
2022-07-29,68370,2022-03-31,1,,,,,,,,,,,,,,,,,,,,20894000000,7395000000,0.344,,7189000000,,,,,,,,,,,,true,false,12,2021-04-01,2022-03-31,-1
2022-07-29,68370,2022-03-31,1,,,,,,,,,,,,,,,,,,,,,,,,,,,,,5.00,,,,14624000,294287,,false,false,12,2021-04-01,2022-03-31,-1
2022-07-29,68370,2023-03-31,1,,,,,,,,,,,,,,,,,,,,,,,,,,,,,6.00,,,,,,,false,true,12,2022-04-01,2023-03-31,0
2022-07-29,68370,2023-03-31,1,,,,,,,,,,,,,,,,,,,,,,,,,,,,,,,,,14624000,294287,14329713,false,false,3,2022-04-01,2022-06-30,0
2022-07-29,68370,2022-03-31,1,,,,,,,,,,,,,,,,,,,,,,,,,,,,,,,,,,,14329713,false,false,3,2021-04-01,2021-06-30,-1
2022-10-28,68370,2023-03-31,2,11751000000,0.154,,,,,213000000,-0.148,215000000,-0.227,,73000000,,5.12,,,,,,23153000000,8396000000,0.352,,8160000000,,,,,,,,,,,,true,false,6,2022-04-01,2022-09-30,0
2022-10-28,68370,2022-03-31,2,10186000000,0.296,,,,,250000000,,278000000,,,127000000,,8.89,,,,,,,,,,,,,,,,,,,,,,true,false,6,2021-04-01,2021-09-30,-1
2022-10-28,68370,2023-03-31,2,23000000000,0.078,,,,,700000000,0.462,630000000,0.227,,360000000,,25.12,,,,,,,,,,,,,,,,,,,,,,true,true,12,2022-04-01,2023-03-31,0
2022-10-28,68370,2022-03-31,2,,,,,,,,,,,,,,,,,,,,20894000000,7395000000,0.344,,7189000000,,,,,,,,,,,,true,false,12,2021-04-01,2022-03-31,-1
2022-10-28,68370,2022-03-31,2,,,,,,,,,,,,,,,,,,,,,,,,,,,,,5.00,,,,14624000,294287,,false,false,12,2021-04-01,2022-03-31,-1
2022-10-28,68370,2023-03-31,2,,,,,,,,,,,,,,,,,,,,,,,,,,,,,0.00,,,,,,,false,false,12,2022-04-01,2023-03-31,0
2022-10-28,68370,2023-03-31,2,,,,,,,,,,,,,,,,,,,,,,,,,,,,,6.00,,,,,,,false,true,12,2022-04-01,2023-03-31,0
2022-10-28,68370,2023-03-31,2,,,,,,,,,,,,,,,,,,,,,,,,,,,,,,,,,14624000,229487,14344900,false,false,6,2022-04-01,2022-09-30,0
2022-10-28,68370,2022-03-31,2,,,,,,,,,,,,,,,,,,,,,,,,,,,,,,,,,,,14329713,false,false,6,2021-04-01,2021-09-30,-1
2023-01-31,68370,2023-03-31,3,18110000000,0.147,,,,,447000000,-0.024,417000000,-0.149,,184000000,,12.85,,,,,,24862000000,8910000000,0.349,,8667000000,,,,,,,,,,,,true,false,9,2022-04-01,2022-12-31,0
2023-01-31,68370,2022-03-31,3,15793000000,0.262,,,,,458000000,,490000000,,,266000000,,18.62,,,,,,,,,,,,,,,,,,,,,,true,false,9,2021-04-01,2021-12-31,-1
2023-01-31,68370,2023-03-31,3,23000000000,0.078,,,,,700000000,0.462,630000000,0.227,,360000000,,25.12,,,,,,,,,,,,,,,,,,,,,,true,true,12,2022-04-01,2023-03-31,0
2023-01-31,68370,2022-03-31,3,,,,,,,,,,,,,,,,,,,,20894000000,7395000000,0.344,,7189000000,,,,,,,,,,,,true,false,12,2021-04-01,2022-03-31,-1
2023-01-31,68370,2022-03-31,3,,,,,,,,,,,,,,,,,,,,,,,,,,,,,5.00,,,,14624000,294287,,false,false,12,2021-04-01,2022-03-31,-1
2023-01-31,68370,2023-03-31,3,,,,,,,,,,,,,,,,,,,,,,,,,,,,,0.00,,,,,,,false,false,12,2022-04-01,2023-03-31,0
2023-01-31,68370,2023-03-31,3,,,,,,,,,,,,,,,,,,,,,,,,,,,,,6.00,,,,,,,false,true,12,2022-04-01,2023-03-31,0
2023-01-31,68370,2023-03-31,3,,,,,,,,,,,,,,,,,,,,,,,,,,,,,,,,,14624000,229487,14361498,false,false,9,2022-04-01,2022-12-31,0
2023-01-31,68370,2022-03-31,3,,,,,,,,,,,,,,,,,,,,,,,,,,,,,,,,,,,14329713,false,false,9,2021-04-01,2021-12-31,-1
2023-03-17,68370,2023-03-31,,24000000000,0.043,,,,,620000000,-0.114,600000000,-0.048,-540000000,,,-37.60,,,,,,,,,,,,,,,,,,,,,,true,true,12,2022-04-01,2023-03-31,0
2023-03-17,68370,2022-03-31,,21337000000,,,,,,478000000,,513000000,,289000000,,,20.18,,,,,,,,,,,,,,,,,,,,,,true,false,12,2021-04-01,2022-03-31,-1
2023-03-17,68370,2023-03-31,,,,,,,,,,,,,,,,,,,,,,,,,,,,,,3.00,,,,,,,false,true,12,2022-04-01,2023-03-31,0
2023-03-17,68370,2023-03-31,,,,,,,,,,,,,,,,,,,,,,,,,,,,,,0.00,,,,,,,false,false,12,2022-04-01,2023-03-31,0
2023-03-17,68370,2022-03-31,,,,,,,,,,,,,,,,,,,,,,,,,,,,,,5.00,,,,,,,false,false,12,2021-04-01,2022-03-31,-1
2023-05-12,68370,2023-03-31,,24462000000,0.146,,,,,671000000,0.403,619000000,0.206,,-485000000,,-33.78,,-0.067,0.028,0.027,,23879000000,7446000000,0.303,502.53,7233000000,1502000000,-1324000000,1470000000,5091000000,,,,,,,,true,false,12,2022-04-01,2023-03-31,0
2023-05-12,68370,2022-03-31,,21337000000,0.231,,,,,478000000,3.850,513000000,2.214,,289000000,,20.18,,0.043,0.026,0.022,,20894000000,7395000000,0.344,501.72,7189000000,-1018000000,-698000000,1338000000,3161000000,,0.248,,,,,,true,false,12,2021-04-01,2022-03-31,-1
2023-05-12,68370,2024-03-31,,25000000000,0.022,,,,,1000000000,0.488,830000000,0.340,,560000000,,38.97,,,,,,,,,,,,,,,,0.231,,,,,,true,true,12,2023-04-01,2024-03-31,1
2023-05-12,68370,2023-03-31,,9104000000,0.000,,,,,119000000,-0.576,487000000,-0.124,427000000,,-0.175,29.76,,,,,,15021000000,6692000000,0.446,464.96,6692000000,,,,,3.00,,,,14624000,229487,14369638,false,false,12,2022-04-01,2023-03-31,0
2023-05-12,68370,2022-03-31,,9100000000,0.081,,,,,281000000,,556000000,0.746,518000000,,0.757,36.16,,,,,,13713000000,6335000000,0.462,442.12,6335000000,,,,,5.00,,,,14624000,294287,14329713,false,false,12,2021-04-01,2022-03-31,-1
2023-05-12,68370,2024-03-31,,,,,,,,,,,,,,,,,,,,,,,,,,,,,,9.00,,,,,,,false,true,12,2023-04-01,2024-03-31,1
2023-07-28,68370,2024-03-31,1,6111000000,0.034,,,,,341000000,0.864,271000000,0.417,,201000000,,13.96,,,,,,22922000000,7625000000,0.323,,7404000000,,,,,,,,,,,,true,false,3,2023-04-01,2023-06-30,0
2023-07-28,68370,2023-03-31,1,5909000000,0.213,,,,,183000000,1.163,191000000,0.990,,115000000,,8.06,,,,,,,,,,,,,,,,,,,,,,true,false,3,2022-04-01,2022-06-30,-1
2023-07-28,68370,2024-03-31,1,25000000000,0.022,,,,,1000000000,0.488,830000000,0.340,,560000000,,38.97,,,,,,,,,,,,,,,,,,,,,,true,true,12,2023-04-01,2024-03-31,0
2023-07-28,68370,2023-03-31,1,,,,,,,,,,,,,,,,,,,,23879000000,7446000000,0.303,,7233000000,,,,,,,,,,,,true,false,12,2022-04-01,2023-03-31,-1
2023-07-28,68370,2023-03-31,1,,,,,,,,,,,,,,,,,,,,,,,,,,,,,3.00,,,,14624000,229487,,false,false,12,2022-04-01,2023-03-31,-1
2023-07-28,68370,2024-03-31,1,,,,,,,,,,,,,,,,,,,,,,,,,,,,,9.00,,,,,,,false,true,12,2023-04-01,2024-03-31,0
2023-07-28,68370,2024-03-31,1,,,,,,,,,,,,,,,,,,,,,,,,,,,,,,,,,14624000,231487,14393480,false,false,3,2023-04-01,2023-06-30,0
2023-07-28,68370,2023-03-31,1,,,,,,,,,,,,,,,,,,,,,,,,,,,,,,,,,,,14329713,false,false,3,2022-04-01,2022-06-30,-1
2023-10-31,68370,2024-03-31,2,12130000000,0.032,,,,,631000000,1.960,441000000,1.053,,287000000,,19.97,,,,,,24393000000,8232000000,0.328,,7996000000,,,,,,,,,,,,true,false,6,2023-04-01,2023-09-30,0
2023-10-31,68370,2023-03-31,2,11751000000,0.154,,,,,213000000,-0.148,215000000,-0.227,,73000000,,5.12,,,,,,,,,,,,,,,,,,,,,,true,false,6,2022-04-01,2022-09-30,-1
2023-10-31,68370,2024-03-31,2,25000000000,0.022,,,,,1000000000,0.488,830000000,0.340,,560000000,,38.97,,,,,,,,,,,,,,,,,,,,,,true,true,12,2023-04-01,2024-03-31,0
2023-10-31,68370,2023-03-31,2,,,,,,,,,,,,,,,,,,,,23879000000,7446000000,0.303,,7233000000,,,,,,,,,,,,true,false,12,2022-04-01,2023-03-31,-1
2023-10-31,68370,2023-03-31,2,,,,,,,,,,,,,,,,,,,,,,,,,,,,,3.00,,,,14624000,229487,,false,false,12,2022-04-01,2023-03-31,-1
2023-10-31,68370,2024-03-31,2,,,,,,,,,,,,,,,,,,,,,,,,,,,,,0.00,,,,,,,false,false,12,2023-04-01,2024-03-31,0
2023-10-31,68370,2024-03-31,2,,,,,,,,,,,,,,,,,,,,,,,,,,,,,9.00,,,,,,,false,true,12,2023-04-01,2024-03-31,0
2023-10-31,68370,2024-03-31,2,,,,,,,,,,,,,,,,,,,,,,,,,,,,,,,,,14624000,163887,14408771,false,false,6,2023-04-01,2023-09-30,0
2023-10-31,68370,2023-03-31,2,,,,,,,,,,,,,,,,,,,,,,,,,,,,,,,,,,,14344900,false,false,6,2022-04-01,2022-09-30,-1
2024-01-31,68370,2024-03-31,3,18682000000,0.032,,,,,921000000,1.059,602000000,0.442,,380000000,,26.39,,,,,,24588000000,8696000000,0.344,,8454000000,,,,,,,,,,,,true,false,9,2023-04-01,2023-12-31,0
2024-01-31,68370,2023-03-31,3,18110000000,0.147,,,,,447000000,-0.024,417000000,-0.149,,184000000,,12.85,,,,,,,,,,,,,,,,,,,,,,true,false,9,2022-04-01,2022-12-31,-1
2024-01-31,68370,2024-03-31,3,25000000000,0.022,,,,,1000000000,0.488,830000000,0.340,,560000000,,38.97,,,,,,,,,,,,,,,,,,,,,,true,true,12,2023-04-01,2024-03-31,0
2024-01-31,68370,2023-03-31,3,,,,,,,,,,,,,,,,,,,,23879000000,7446000000,0.303,,7233000000,,,,,,,,,,,,true,false,12,2022-04-01,2023-03-31,-1
2024-01-31,68370,2023-03-31,3,,,,,,,,,,,,,,,,,,,,,,,,,,,,,3.00,,,,14624000,229487,,false,false,12,2022-04-01,2023-03-31,-1
2024-01-31,68370,2024-03-31,3,,,,,,,,,,,,,,,,,,,,,,,,,,,,,0.00,,,,,,,false,false,12,2023-04-01,2024-03-31,0
2024-01-31,68370,2024-03-31,3,,,,,,,,,,,,,,,,,,,,,,,,,,,,,9.00,,,,,,,false,true,12,2023-04-01,2024-03-31,0
2024-01-31,68370,2024-03-31,3,,,,,,,,,,,,,,,,,,,,,,,,,,,,,,,,,14624000,163887,14425947,false,false,9,2023-04-01,2023-12-31,0
2024-01-31,68370,2023-03-31,3,,,,,,,,,,,,,,,,,,,,,,,,,,,,,,,,,,,14361498,false,false,9,2022-04-01,2022-12-31,-1
2024-04-30,68370,2024-03-31,,24580000000,0.005,,,,,1080000000,0.608,911000000,0.471,,604000000,,41.91,,0.078,0.039,0.044,,23340000000,8461000000,0.353,569.55,8235000000,2377000000,-769000000,-2236000000,4740000000,,0.239,,,,,,true,false,12,2023-04-01,2024-03-31,0
2024-04-30,68370,2023-03-31,,24462000000,0.146,,,,,671000000,0.403,619000000,0.206,,-485000000,,-33.78,,-0.067,0.028,0.027,,23879000000,7446000000,0.303,502.53,7233000000,1502000000,-1324000000,1470000000,5091000000,,,,,,,,true,false,12,2022-04-01,2023-03-31,-1
2024-04-30,68370,2025-03-31,,25000000000,0.017,,,,,1300000000,0.203,970000000,0.064,,640000000,,44.34,,,,,,,,,,,,,,,,0.248,,,,,,true,true,12,2024-04-01,2025-03-31,1
2024-04-30,68370,2024-03-31,,9358000000,0.028,,,,,-13000000,,586000000,0.204,294000000,,-0.311,20.41,,,,,,15210000000,7117000000,0.468,492.25,7117000000,,,,,10.00,,,,14624000,163887,14434442,false,false,12,2023-04-01,2024-03-31,0
2024-04-30,68370,2023-03-31,,9104000000,0.000,,,,,119000000,-0.576,487000000,-0.124,427000000,,-0.175,29.76,,,,,,15021000000,6692000000,0.446,464.96,6692000000,,,,,3.00,,,,14624000,229487,14369638,false,false,12,2022-04-01,2023-03-31,-1
2024-04-30,68370,2025-03-31,,,,,,,,,,,,,,,,,,,,,,,,,,,,,,11.00,,,,,,,false,true,12,2024-04-01,2025-03-31,1
2024-07-31,68370,2025-03-31,1,6246000000,0.022,,,,,359000000,0.051,239000000,-0.120,,140000000,,9.73,,,,,,25209000000,8920000000,0.344,,8671000000,,,,,,,,,,,,true,false,3,2024-04-01,2024-06-30,0
2024-07-31,68370,2024-03-31,1,6111000000,0.034,,,,,341000000,0.864,271000000,0.417,,201000000,,13.96,,,,,,,,,,,,,,,,,,,,,,true,false,3,2023-04-01,2023-06-30,-1
2024-07-31,68370,2025-03-31,1,25000000000,0.017,,,,,1300000000,0.203,970000000,0.064,,640000000,,44.34,,,,,,,,,,,,,,,,,,,,,,true,true,12,2024-04-01,2025-03-31,0
2024-07-31,68370,2024-03-31,1,,,,,,,,,,,,,,,,,,,,23340000000,8461000000,0.353,,8235000000,,,,,,,,,,,,true,false,12,2023-04-01,2024-03-31,-1
2024-07-31,68370,2024-03-31,1,,,,,,,,,,,,,,,,,,,,,,,,,,,,,10.00,,,,14624000,163887,,false,false,12,2023-04-01,2024-03-31,-1
2024-07-31,68370,2025-03-31,1,,,,,,,,,,,,,,,,,,,,,,,,,,,,,11.00,,,,,,,false,true,12,2024-04-01,2025-03-31,0
2024-07-31,68370,2025-03-31,1,,,,,,,,,,,,,,,,,,,,,,,,,,,,,,,,,14624000,163887,14460113,false,false,3,2024-04-01,2024-06-30,0
2024-07-31,68370,2024-03-31,1,,,,,,,,,,,,,,,,,,,,,,,,,,,,,,,,,,,14393480,false,false,3,2023-04-01,2023-06-30,-1
2024-10-31,68370,2025-03-31,2,12808000000,0.056,,,,,665000000,0.053,448000000,0.015,,270000000,,18.68,,,,,,25867000000,9886000000,0.372,,9616000000,,,,,,,,,,,,true,false,6,2024-04-01,2024-09-30,0
2024-10-31,68370,2024-03-31,2,12130000000,0.032,,,,,631000000,1.960,441000000,1.053,,287000000,,19.97,,,,,,,,,,,,,,,,,,,,,,true,false,6,2023-04-01,2023-09-30,-1
2024-10-31,68370,2025-03-31,2,25000000000,0.017,,,,,1300000000,0.203,970000000,0.064,,640000000,,44.34,,,,,,,,,,,,,,,,,,,,,,true,true,12,2024-04-01,2025-03-31,0
2024-10-31,68370,2024-03-31,2,,,,,,,,,,,,,,,,,,,,23340000000,8461000000,0.353,,8235000000,,,,,,,,,,,,true,false,12,2023-04-01,2024-03-31,-1
2024-10-31,68370,2024-03-31,2,,,,,,,,,,,,,,,,,,,,,,,,,,,,,10.00,,,,14624000,163887,,false,false,12,2023-04-01,2024-03-31,-1
2024-10-31,68370,2025-03-31,2,,,,,,,,,,,,,,,,,,,,,,,,,,,,,0.00,,,,,,,false,false,12,2024-04-01,2025-03-31,0
2024-10-31,68370,2025-03-31,2,,,,,,,,,,,,,,,,,,,,,,,,,,,,,11.00,,,,,,,false,true,12,2024-04-01,2025-03-31,0
2024-10-31,68370,2025-03-31,2,,,,,,,,,,,,,,,,,,,,,,,,,,,,,,,,,14624000,93687,14477798,false,false,6,2024-04-01,2024-09-30,0
2024-10-31,68370,2024-03-31,2,,,,,,,,,,,,,,,,,,,,,,,,,,,,,,,,,,,14408771,false,false,6,2023-04-01,2023-09-30,-1
2025-01-31,68370,2025-03-31,3,19614000000,0.050,,,,,1014000000,0.101,796000000,0.324,,546000000,,37.71,,,,,,24032000000,8959000000,0.363,,8717000000,,,,,,,,,,,,true,false,9,2024-04-01,2024-12-31,0
2025-01-31,68370,2024-03-31,3,18682000000,0.032,,,,,921000000,1.059,602000000,0.442,,380000000,,26.39,,,,,,,,,,,,,,,,,,,,,,true,false,9,2023-04-01,2023-12-31,-1
2025-01-31,68370,2025-03-31,3,25000000000,0.017,,,,,1300000000,0.203,970000000,0.064,,640000000,,44.34,,,,,,,,,,,,,,,,,,,,,,true,true,12,2024-04-01,2025-03-31,0
2025-01-31,68370,2024-03-31,3,,,,,,,,,,,,,,,,,,,,23340000000,8461000000,0.353,,8235000000,,,,,,,,,,,,true,false,12,2023-04-01,2024-03-31,-1
2025-01-31,68370,2024-03-31,3,,,,,,,,,,,,,,,,,,,,,,,,,,,,,10.00,,,,14624000,163887,,false,false,12,2023-04-01,2024-03-31,-1
2025-01-31,68370,2025-03-31,3,,,,,,,,,,,,,,,,,,,,,,,,,,,,,0.00,,,,,,,false,false,12,2024-04-01,2025-03-31,0
2025-01-31,68370,2025-03-31,3,,,,,,,,,,,,,,,,,,,,,,,,,,,,,11.00,,,,,,,false,true,12,2024-04-01,2025-03-31,0
2025-01-31,68370,2025-03-31,3,,,,,,,,,,,,,,,,,,,,,,,,,,,,,,,,,14624000,93687,14495367,false,false,9,2024-04-01,2024-12-31,0
2025-01-31,68370,2024-03-31,3,,,,,,,,,,,,,,,,,,,,,,,,,,,,,,,,,,,14425947,false,false,9,2023-04-01,2023-12-31,-1
2025-02-07,68370,2025-03-31,3,19614000000,0.050,,,,,1014000000,0.101,796000000,0.324,,546000000,,37.71,,,,,,24032000000,8959000000,0.363,,8717000000,,,,,,,,,,,,true,false,9,2024-04-01,2024-12-31,0
2025-02-07,68370,2024-03-31,3,18682000000,0.032,,,,,921000000,1.059,602000000,0.442,,380000000,,26.39,,,,,,,,,,,,,,,,,,,,,,true,false,9,2023-04-01,2023-12-31,-1
2025-02-07,68370,2025-03-31,3,25000000000,0.017,,,,,1300000000,0.203,970000000,0.064,,640000000,,44.34,,,,,,,,,,,,,,,,,,,,,,true,true,12,2024-04-01,2025-03-31,0
2025-02-07,68370,2024-03-31,3,,,,,,,,,,,,,,,,,,,,23340000000,8461000000,0.353,,8235000000,,,,,,,,,,,,true,false,12,2023-04-01,2024-03-31,-1
2025-02-07,68370,2024-03-31,3,,,,,,,,,,,,,,,,,,,,,,,,,,,,,10.00,,,,14624000,163887,,false,false,12,2023-04-01,2024-03-31,-1
2025-02-07,68370,2025-03-31,3,,,,,,,,,,,,,,,,,,,,,,,,,,,,,0.00,,,,,,,false,false,12,2024-04-01,2025-03-31,0
2025-02-07,68370,2025-03-31,3,,,,,,,,,,,,,,,,,,,,,,,,,,,,,11.00,,,,,,,false,true,12,2024-04-01,2025-03-31,0
2025-02-07,68370,2025-03-31,3,,,,,,,,,,,,,,,,,,,,,,,,,,,,,,,,,14624000,93687,14495367,false,false,9,2024-04-01,2024-12-31,0
2025-02-07,68370,2024-03-31,3,,,,,,,,,,,,,,,,,,,,,,,,,,,,,,,,,,,14425947,false,false,9,2023-04-01,2023-12-31,-1
2025-05-20,68370,2025-03-31,,26229000000,0.067,,,,,1277000000,0.182,992000000,0.089,,614000000,,42.37,,0.068,0.041,0.049,,24754000000,10100000000,0.397,676.53,9830000000,1666000000,-736000000,-761000000,5273000000,,0.260,,,,,,true,false,12,2024-04-01,2025-03-31,0
2025-05-20,68370,2024-03-31,,24580000000,0.005,,,,,1080000000,0.608,911000000,0.471,,604000000,,41.91,,0.078,0.039,0.044,,23340000000,8461000000,0.353,569.55,8235000000,2377000000,-769000000,-2236000000,4740000000,,0.239,,,,,,true,false,12,2023-04-01,2024-03-31,-1
2025-05-20,68370,2026-03-31,,27000000000,0.029,,,,,1600000000,0.253,1200000000,0.209,,800000000,,55.16,,,,,,,,,,,,,,,,0.254,,,,,,true,true,12,2025-04-01,2026-03-31,1
2025-05-20,68370,2025-03-31,,9068000000,-0.031,,,,,-404000000,,287000000,-0.510,361000000,,0.227,24.93,,,,,,14870000000,7368000000,0.496,507.13,7368000000,,,,,11.00,,,,14624000,93687,14503984,false,false,12,2024-04-01,2025-03-31,0
2025-05-20,68370,2024-03-31,,9358000000,0.028,,,,,-13000000,,586000000,0.204,294000000,,-0.311,20.41,,,,,,15210000000,7117000000,0.468,492.25,7117000000,,,,,10.00,,,,14624000,163887,14434442,false,false,12,2023-04-01,2024-03-31,-1
2025-05-20,68370,2026-03-31,,,,,,,,,,,,,,,,,,,,,,,,,,,,,,14.00,,,,,,,false,true,12,2025-04-01,2026-03-31,1
