filing_date,code,fiscal_year_end,quarterly_period,net_sales,net_sales_change,revenue,revenue_change,operating_revenue,operating_revenue_change,operating_profit,operating_profit_change,ordinary_profit,ordinary_profit_change,net_income,net_income_of_parent,net_income_change,eps,diluted_eps,roe,roa,operating_profit_to_net_sales,operating_profit_to_revenue,total_assets,net_assets,equity_ratio,bps,owner_equity,operating_cash_flow,investing_cash_flow,financing_cash_flow,cash,dividend_per_share,payout_ratio,commemorative_dividend,extra_dividend,number_of_shares,number_of_treqsury_shares,avg_number_of_shares,is_consolidated,is_forecast,duration,period_start,period_end,period_pos
2015-05-08,68480,2015-03-31,,14066000000,0.010,,,,,1265000000,-0.034,1287000000,-0.052,759000000,,-0.139,38.30,,0.065,0.072,0.090,,18220000000,12038000000,0.661,607.01,12038000000,1259000000,-358000000,-360000000,3353000000,,0.287,,,,,,true,false,12,2014-04-01,2015-03-31,0
2015-05-08,68480,2014-03-31,,13923000000,0.018,,,,,1310000000,-0.054,1357000000,-0.051,881000000,,0.003,44.45,,0.081,0.079,0.094,,17469000000,11228000000,0.643,566.14,11228000000,948000000,-476000000,-314000000,2813000000,,0.247,,,,,,true,false,12,2013-04-01,2014-03-31,-1
2015-05-08,68480,2016-03-31,,6470000000,0.012,,,,,420000000,0.050,430000000,0.034,,240000000,,12.10,,,,,,,,,,,,,,,,,,,,,,true,true,6,2015-04-01,2015-09-30,1
2015-05-08,68480,2016-03-31,,14400000000,0.024,,,,,1300000000,0.028,1320000000,0.025,,900000000,,45.38,,,,,,,,,,,,,,,,0.242,,,,,,true,true,12,2015-04-01,2016-03-31,1
2015-05-08,68480,2015-03-31,,13096000000,0.015,,,,,956000000,-0.090,1200000000,-0.086,794000000,,-0.159,40.04,,,,,,16453000000,10799000000,0.656,544.54,10799000000,,,,,11.00,,,,19880620,47597,19833148,false,false,12,2014-04-01,2015-03-31,0
2015-05-08,68480,2014-03-31,,12901000000,0.022,,,,,1050000000,-0.104,1313000000,-0.083,943000000,,-0.022,47.59,,,,,,15667000000,10034000000,0.640,505.97,10034000000,,,,,11.00,,,,19880620,47451,19833228,false,false,12,2013-04-01,2014-03-31,-1
2015-05-08,68480,2016-03-31,,,,,,,,,,,,,,,,,,,,,,,,,,,,,,11.00,,,,,,,false,true,12,2015-04-01,2016-03-31,1
2015-07-31,68480,2016-03-31,1,2999000000,0.029,,,,,124000000,-0.060,136000000,-0.039,,35000000,,1.80,,,,,,17921000000,11937000000,0.666,,11937000000,,,,,,,,,,,,true,false,3,2015-04-01,2015-06-30,0
2015-07-31,68480,2015-03-31,1,2914000000,0.004,,,,,132000000,0.577,142000000,0.293,,37000000,,1.91,,,,,,,,,,,,,,,,,,,,,,true,false,3,2014-04-01,2014-06-30,-1
2015-07-31,68480,2016-03-31,1,6470000000,0.012,,,,,420000000,0.050,430000000,0.034,,240000000,,12.10,,,,,,,,,,,,,,,,,,,,,,true,true,6,2015-04-01,2015-09-30,0
2015-07-31,68480,2016-03-31,1,14400000000,0.024,,,,,1300000000,0.028,1320000000,0.025,,900000000,,45.38,,,,,,,,,,,,,,,,,,,,,,true,true,12,2015-04-01,2016-03-31,0
2015-07-31,68480,2015-03-31,1,,,,,,,,,,,,,,,,,,,,18220000000,12038000000,0.661,,12038000000,,,,,,,,,,,,true,false,12,2014-04-01,2015-03-31,-1
2015-07-31,68480,2015-03-31,1,,,,,,,,,,,,,,,,,,,,,,,,,,,,,11.00,,,,19880620,47597,,false,false,12,2014-04-01,2015-03-31,-1
2015-07-31,68480,2016-03-31,1,,,,,,,,,,,,,,,,,,,,,,,,,,,,,11.00,,,,,,,false,true,12,2015-04-01,2016-03-31,0
2015-07-31,68480,2016-03-31,1,,,,,,,,,,,,,,,,,,,,,,,,,,,,,,,,,19880620,47597,19833023,false,false,3,2015-04-01,2015-06-30,0
2015-07-31,68480,2015-03-31,1,,,,,,,,,,,,,,,,,,,,,,,,,,,,,,,,,,,19833169,false,false,3,2014-04-01,2014-06-30,-1
2015-10-30,68480,2016-03-31,2,6669000000,0.043,,,,,453000000,0.134,480000000,0.155,,281000000,,14.21,,,,,,17783000000,12042000000,0.677,,12042000000,,,,,,,,,,,,true,false,6,2015-04-01,2015-09-30,0
2015-10-30,68480,2015-03-31,2,6395000000,0.040,,,,,399000000,0.145,415000000,0.075,,226000000,,11.40,,,,,,,,,,,,,,,,,,,,,,true,false,6,2014-04-01,2014-09-30,-1
2015-10-30,68480,2016-03-31,2,14400000000,0.024,,,,,1300000000,0.028,1320000000,0.025,,900000000,,45.38,,,,,,,,,,,,,,,,,,,,,,true,true,12,2015-04-01,2016-03-31,0
2015-10-30,68480,2015-03-31,2,,,,,,,,,,,,,,,,,,,,18220000000,12038000000,0.661,,12038000000,,,,,,,,,,,,true,false,12,2014-04-01,2015-03-31,-1
2015-10-30,68480,2015-03-31,2,,,,,,,,,,,,,,,,,,,,,,,,,,,,,11.00,,,,19880620,47597,,false,false,12,2014-04-01,2015-03-31,-1
2015-10-30,68480,2016-03-31,2,,,,,,,,,,,,,,,,,,,,,,,,,,,,,11.00,,,,,,,false,true,12,2015-04-01,2016-03-31,0
2015-10-30,68480,2016-03-31,2,,,,,,,,,,,,,,,,,,,,,,,,,,,,,,,,,19880620,47607,19833020,false,false,6,2015-04-01,2015-09-30,0
2015-10-30,68480,2015-03-31,2,,,,,,,,,,,,,,,,,,,,,,,,,,,,,,,,,,,19833169,false,false,6,2014-04-01,2014-09-30,-1
2016-02-02,68480,2016-03-31,3,10121000000,0.040,,,,,823000000,0.323,859000000,0.348,,546000000,,27.55,,,,,,18387000000,12388000000,0.674,,12388000000,,,,,,,,,,,,true,false,9,2015-04-01,2015-12-31,0
2016-02-02,68480,2015-03-31,3,9737000000,0.021,,,,,622000000,0.072,637000000,0.043,,378000000,,19.07,,,,,,,,,,,,,,,,,,,,,,true,false,9,2014-04-01,2014-12-31,-1
2016-02-02,68480,2016-03-31,3,14400000000,0.024,,,,,1300000000,0.028,1320000000,0.025,,900000000,,45.38,,,,,,,,,,,,,,,,,,,,,,true,true,12,2015-04-01,2016-03-31,0
2016-02-02,68480,2015-03-31,3,,,,,,,,,,,,,,,,,,,,18220000000,12038000000,0.661,,12038000000,,,,,,,,,,,,true,false,12,2014-04-01,2015-03-31,-1
2016-02-02,68480,2015-03-31,3,,,,,,,,,,,,,,,,,,,,,,,,,,,,,11.00,,,,19880620,47597,,false,false,12,2014-04-01,2015-03-31,-1
2016-02-02,68480,2016-03-31,3,,,,,,,,,,,,,,,,,,,,,,,,,,,,,11.00,,,,,,,false,true,12,2015-04-01,2016-03-31,0
2016-02-02,68480,2016-03-31,3,,,,,,,,,,,,,,,,,,,,,,,,,,,,,,,,,19880620,47645,19833014,false,false,9,2015-04-01,2015-12-31,0
2016-02-02,68480,2015-03-31,3,,,,,,,,,,,,,,,,,,,,,,,,,,,,,,,,,,,19833168,false,false,9,2014-04-01,2014-12-31,-1
,68480,2016-03-31,,,,,,,,,,,,,,,,,,,,,,,,,,,,,,12.00,,,,,,,false,true,12,2015-04-01,2016-03-31,0
,68480,2015-03-31,,,,,,,,,,,,,,,,,,,,,,,,,,,,,,11.00,,,,,,,false,false,12,2014-04-01,2015-03-31,-1
2016-05-10,68480,2016-03-31,,14326000000,0.019,,,,,1367000000,0.081,1418000000,0.102,,931000000,,46.97,,0.076,0.077,0.095,,18651000000,12459000000,0.668,628.23,12459000000,988000000,-492000000,-291000000,3558000000,,0.255,,,,,,true,false,12,2015-04-01,2016-03-31,0
2016-05-10,68480,2015-03-31,,14066000000,0.010,,,,,1265000000,-0.034,1287000000,-0.052,,759000000,,38.30,,0.065,0.072,0.090,,18220000000,12038000000,0.661,607.01,12038000000,1259000000,-358000000,-360000000,3353000000,,0.287,,,,,,true,false,12,2014-04-01,2015-03-31,-1
2016-05-10,68480,2017-03-31,,6400000000,-0.040,,,,,360000000,-0.206,370000000,-0.229,,210000000,,10.59,,,,,,,,,,,,,,,,,,,,,,true,true,6,2016-04-01,2016-09-30,1
2016-05-10,68480,2017-03-31,,14500000000,0.012,,,,,1200000000,-0.122,1300000000,-0.083,,900000000,,45.38,,,,,,,,,,,,,,,,0.264,,,,,,true,true,12,2016-04-01,2017-03-31,1
2016-05-10,68480,2016-03-31,,13318000000,0.017,,,,,1006000000,0.053,1272000000,0.060,907000000,,0.143,45.76,,,,,,16806000000,11386000000,0.678,574.13,11386000000,,,,,12.00,,,,19880620,47555,19833012,false,false,12,2015-04-01,2016-03-31,0
2016-05-10,68480,2015-03-31,,13096000000,0.015,,,,,956000000,-0.090,1200000000,-0.086,794000000,,-0.159,40.04,,,,,,16453000000,10799000000,0.656,544.54,10799000000,,,,,11.00,,,,19880620,47597,19833148,false,false,12,2014-04-01,2015-03-31,-1
2016-05-10,68480,2017-03-31,,,,,,,,,,,,,,,,,,,,,,,,,,,,,,12.00,,,,,,,false,true,12,2016-04-01,2017-03-31,1
2016-07-29,68480,2017-03-31,1,2970000000,-0.010,,,,,89000000,-0.281,121000000,-0.108,,27000000,,1.38,,,,,,18254000000,12264000000,0.672,,12264000000,,,,,,,,,,,,true,false,3,2016-04-01,2016-06-30,0
2016-07-29,68480,2016-03-31,1,2999000000,0.029,,,,,124000000,-0.060,136000000,-0.039,,35000000,,1.80,,,,,,,,,,,,,,,,,,,,,,true,false,3,2015-04-01,2015-06-30,-1
2016-07-29,68480,2017-03-31,1,6400000000,-0.040,,,,,360000000,-0.206,370000000,-0.229,,210000000,,10.59,,,,,,,,,,,,,,,,,,,,,,true,true,6,2016-04-01,2016-09-30,0
2016-07-29,68480,2017-03-31,1,14500000000,0.012,,,,,1200000000,-0.122,1300000000,-0.083,,900000000,,45.38,,,,,,,,,,,,,,,,,,,,,,true,true,12,2016-04-01,2017-03-31,0
2016-07-29,68480,2016-03-31,1,,,,,,,,,,,,,,,,,,,,18651000000,12459000000,0.668,,12459000000,,,,,,,,,,,,true,false,12,2015-04-01,2016-03-31,-1
2016-07-29,68480,2016-03-31,1,,,,,,,,,,,,,,,,,,,,,,,,,,,,,12.00,,,,19880620,47555,,false,false,12,2015-04-01,2016-03-31,-1
2016-07-29,68480,2017-03-31,1,,,,,,,,,,,,,,,,,,,,,,,,,,,,,12.00,,,,,,,false,true,12,2016-04-01,2017-03-31,0
2016-07-29,68480,2017-03-31,1,,,,,,,,,,,,,,,,,,,,,,,,,,,,,,,,,19880620,47600,19833042,false,false,3,2016-04-01,2016-06-30,0
2016-07-29,68480,2016-03-31,1,,,,,,,,,,,,,,,,,,,,,,,,,,,,,,,,,,,19833023,false,false,3,2015-04-01,2015-06-30,-1
2016-10-28,68480,2017-03-31,2,6377000000,-0.044,,,,,361000000,-0.203,410000000,-0.145,,234000000,,11.84,,,,,,18334000000,12564000000,0.685,,12564000000,,,,,,,,,,,,true,false,6,2016-04-01,2016-09-30,0
2016-10-28,68480,2016-03-31,2,6669000000,0.043,,,,,453000000,0.134,480000000,0.155,,281000000,,14.21,,,,,,,,,,,,,,,,,,,,,,true,false,6,2015-04-01,2015-09-30,-1
2016-10-28,68480,2017-03-31,2,14000000000,-0.023,,,,,1100000000,-0.195,1150000000,-0.189,,1030000000,,51.93,,,,,,,,,,,,,,,,,,,,,,true,true,12,2016-04-01,2017-03-31,0
2016-10-28,68480,2016-03-31,2,,,,,,,,,,,,,,,,,,,,18651000000,12459000000,0.668,,12459000000,,,,,,,,,,,,true,false,12,2015-04-01,2016-03-31,-1
2016-10-28,68480,2016-03-31,2,,,,,,,,,,,,,,,,,,,,,,,,,,,,,12.00,,,,19880620,47555,,false,false,12,2015-04-01,2016-03-31,-1
2016-10-28,68480,2017-03-31,2,,,,,,,,,,,,,,,,,,,,,,,,,,,,,12.00,,,,,,,false,true,12,2016-04-01,2017-03-31,0
2016-10-28,68480,2017-03-31,2,,,,,,,,,,,,,,,,,,,,,,,,,,,,,,,,,19880620,47620,19833024,false,false,6,2016-04-01,2016-09-30,0
2016-10-28,68480,2016-03-31,2,,,,,,,,,,,,,,,,,,,,,,,,,,,,,,,,,,,19833020,false,false,6,2015-04-01,2015-09-30,-1
2016-10-28,68480,2017-03-31,,14000000000,-0.034,,,,,1100000000,-0.083,1150000000,-0.115,,1030000000,,51.93,,,,,,,,,,,,,,,,,,,,,,true,true,12,2016-04-01,2017-03-31,0
2016-10-28,68480,2016-03-31,,14326000000,,,,,,1367000000,,1418000000,,,931000000,,46.97,,,,,,,,,,,,,,,,,,,,,,true,false,12,2015-04-01,2016-03-31,-1
2017-02-02,68480,2017-03-31,3,9974000000,-0.015,,,,,730000000,-0.112,777000000,-0.095,,501000000,,25.30,,,,,,18899000000,12954000000,0.685,,12954000000,,,,,,,,,,,,true,false,9,2016-04-01,2016-12-31,0
2017-02-02,68480,2016-03-31,3,10121000000,0.040,,,,,823000000,0.323,859000000,0.348,,546000000,,27.55,,,,,,,,,,,,,,,,,,,,,,true,false,9,2015-04-01,2015-12-31,-1
2017-02-02,68480,2017-03-31,3,14000000000,-0.023,,,,,1100000000,-0.195,1150000000,-0.189,,1030000000,,51.93,,,,,,,,,,,,,,,,,,,,,,true,true,12,2016-04-01,2017-03-31,0
2017-02-02,68480,2016-03-31,3,,,,,,,,,,,,,,,,,,,,18651000000,12459000000,0.668,,12459000000,,,,,,,,,,,,true,false,12,2015-04-01,2016-03-31,-1
2017-02-02,68480,2016-03-31,3,,,,,,,,,,,,,,,,,,,,,,,,,,,,,12.00,,,,19880620,47555,,false,false,12,2015-04-01,2016-03-31,-1
2017-02-02,68480,2017-03-31,3,,,,,,,,,,,,,,,,,,,,,,,,,,,,,12.00,,,,,,,false,true,12,2016-04-01,2017-03-31,0
2017-02-02,68480,2017-03-31,3,,,,,,,,,,,,,,,,,,,,,,,,,,,,,,,,,19880620,47620,19833017,false,false,9,2016-04-01,2016-12-31,0
2017-02-02,68480,2016-03-31,3,,,,,,,,,,,,,,,,,,,,,,,,,,,,,,,,,,,19833014,false,false,9,2015-04-01,2015-12-31,-1
,68480,2017-03-31,,,,,,,,,,,,,,,,,,,,,,,,,,,,,,13.00,,,,,,,false,true,12,2016-04-01,2017-03-31,0
,68480,2016-03-31,,,,,,,,,,,,,,,,,,,,,,,,,,,,,,12.00,,,,,,,false,false,12,2015-04-01,2016-03-31,-1
2017-05-09,68480,2017-03-31,,14445000000,0.008,,,,,1365000000,-0.001,1426000000,0.006,,1226000000,,61.85,,0.094,0.074,0.095,,19986000000,13769000000,0.689,694.28,13769000000,1116000000,-1205000000,-244000000,3225000000,,0.210,,,,,,true,false,12,2016-04-01,2017-03-31,0
2017-05-09,68480,2016-03-31,,14326000000,0.019,,,,,1367000000,0.081,1418000000,0.102,,931000000,,46.97,,0.076,0.077,0.095,,18651000000,12459000000,0.668,628.23,12459000000,988000000,-492000000,-291000000,3558000000,,0.255,,,,,,true,false,12,2015-04-01,2016-03-31,-1
2017-05-09,68480,2018-03-31,,6600000000,0.035,,,,,430000000,0.190,440000000,0.072,,250000000,,12.61,,,,,,,,,,,,,,,,,,,,,,true,true,6,2017-04-01,2017-09-30,1
2017-05-09,68480,2018-03-31,,15000000000,0.038,,,,,1470000000,0.077,1500000000,0.051,,1000000000,,50.42,,,,,,,,,,,,,,,,0.258,,,,,,true,true,12,2017-04-01,2018-03-31,1
2017-05-09,68480,2017-03-31,,13487000000,0.013,,,,,892000000,-0.114,1194000000,-0.061,1162000000,,0.280,58.60,,,,,,18150000000,12608000000,0.695,635.74,12608000000,,,,,13.00,,,,19880620,47663,19833009,false,false,12,2016-04-01,2017-03-31,0
2017-05-09,68480,2016-03-31,,13318000000,0.017,,,,,1006000000,0.053,1272000000,0.060,907000000,,0.143,45.76,,,,,,16806000000,11386000000,0.678,574.13,11386000000,,,,,12.00,,,,19880620,47555,19833012,false,false,12,2015-04-01,2016-03-31,-1
2017-05-09,68480,2018-03-31,,,,,,,,,,,,,,,,,,,,,,,,,,,,,,13.00,,,,,,,false,true,12,2017-04-01,2018-03-31,1
2017-07-28,68480,2018-03-31,1,3091000000,0.041,,,,,178000000,0.994,185000000,0.520,,73000000,,3.70,,,,,,19660000000,13727000000,0.698,,13727000000,,,,,,,,,,,,true,false,3,2017-04-01,2017-06-30,0
2017-07-28,68480,2017-03-31,1,2970000000,-0.010,,,,,89000000,-0.281,121000000,-0.108,,27000000,,1.38,,,,,,,,,,,,,,,,,,,,,,true,false,3,2016-04-01,2016-06-30,-1
2017-07-28,68480,2018-03-31,1,6600000000,0.035,,,,,430000000,0.190,440000000,0.072,,250000000,,12.61,,,,,,,,,,,,,,,,,,,,,,true,true,6,2017-04-01,2017-09-30,0
2017-07-28,68480,2018-03-31,1,15000000000,0.038,,,,,1470000000,0.077,1500000000,0.051,,1000000000,,50.42,,,,,,,,,,,,,,,,,,,,,,true,true,12,2017-04-01,2018-03-31,0
2017-07-28,68480,2017-03-31,1,,,,,,,,,,,,,,,,,,,,19986000000,13769000000,0.689,,13769000000,,,,,,,,,,,,true,false,12,2016-04-01,2017-03-31,-1
2017-07-28,68480,2017-03-31,1,,,,,,,,,,,,,,,,,,,,,,,,,,,,,13.00,,,,19880620,47663,,false,false,12,2016-04-01,2017-03-31,-1
2017-07-28,68480,2018-03-31,1,,,,,,,,,,,,,,,,,,,,,,,,,,,,,13.00,,,,,,,false,true,12,2017-04-01,2018-03-31,0
2017-07-28,68480,2018-03-31,1,,,,,,,,,,,,,,,,,,,,,,,,,,,,,,,,,19880620,47663,19832957,false,false,3,2017-04-01,2017-06-30,0
2017-07-28,68480,2017-03-31,1,,,,,,,,,,,,,,,,,,,,,,,,,,,,,,,,,,,19833042,false,false,3,2016-04-01,2016-06-30,-1
2017-10-17,68480,2018-03-31,,6779000000,0.027,,,,,548000000,0.276,577000000,0.314,,358000000,,18.08,,,,,,,,,,,,,,,,,,,,,,true,true,6,2017-04-01,2017-09-30,0
2017-10-17,68480,2017-03-31,,6377000000,,,,,,361000000,,410000000,,,234000000,,11.84,,,,,,,,,,,,,,,,,,,,,,true,false,6,2016-04-01,2016-09-30,-1
2017-10-31,68480,2018-03-31,2,6779000000,0.063,,,,,548000000,0.519,577000000,0.408,,358000000,,18.08,,,,,,19972000000,13967000000,0.699,,13967000000,,,,,,,,,,,,true,false,6,2017-04-01,2017-09-30,0
2017-10-31,68480,2017-03-31,2,6377000000,-0.044,,,,,361000000,-0.203,410000000,-0.145,,234000000,,11.84,,,,,,,,,,,,,,,,,,,,,,true,false,6,2016-04-01,2016-09-30,-1
2017-10-31,68480,2018-03-31,2,15000000000,0.038,,,,,1470000000,0.077,1500000000,0.051,,1000000000,,50.42,,,,,,,,,,,,,,,,,,,,,,true,true,12,2017-04-01,2018-03-31,0
2017-10-31,68480,2017-03-31,2,,,,,,,,,,,,,,,,,,,,19986000000,13769000000,0.689,,13769000000,,,,,,,,,,,,true,false,12,2016-04-01,2017-03-31,-1
2017-10-31,68480,2017-03-31,2,,,,,,,,,,,,,,,,,,,,,,,,,,,,,13.00,,,,19880620,47663,,false,false,12,2016-04-01,2017-03-31,-1
2017-10-31,68480,2018-03-31,2,,,,,,,,,,,,,,,,,,,,,,,,,,,,,13.00,,,,,,,false,true,12,2017-04-01,2018-03-31,0
2017-10-31,68480,2018-03-31,2,,,,,,,,,,,,,,,,,,,,,,,,,,,,,,,,,19880620,47728,19832938,false,false,6,2017-04-01,2017-09-30,0
2017-10-31,68480,2017-03-31,2,,,,,,,,,,,,,,,,,,,,,,,,,,,,,,,,,,,19833024,false,false,6,2016-04-01,2016-09-30,-1
2018-02-02,68480,2018-03-31,3,10714000000,0.074,,,,,990000000,0.356,1027000000,0.322,,691000000,,34.87,,,,,,20784000000,14415000000,0.694,,14415000000,,,,,,,,,,,,true,false,9,2017-04-01,2017-12-31,0
2018-02-02,68480,2017-03-31,3,9974000000,-0.015,,,,,730000000,-0.112,777000000,-0.095,,501000000,,25.30,,,,,,,,,,,,,,,,,,,,,,true,false,9,2016-04-01,2016-12-31,-1
2018-02-02,68480,2018-03-31,3,15000000000,0.038,,,,,1470000000,0.077,1500000000,0.051,,1000000000,,50.42,,,,,,,,,,,,,,,,,,,,,,true,true,12,2017-04-01,2018-03-31,0
2018-02-02,68480,2017-03-31,3,,,,,,,,,,,,,,,,,,,,19986000000,13769000000,0.689,,13769000000,,,,,,,,,,,,true,false,12,2016-04-01,2017-03-31,-1
2018-02-02,68480,2017-03-31,3,,,,,,,,,,,,,,,,,,,,,,,,,,,,,13.00,,,,19880620,47663,,false,false,12,2016-04-01,2017-03-31,-1
2018-02-02,68480,2018-03-31,3,,,,,,,,,,,,,,,,,,,,,,,,,,,,,13.00,,,,,,,false,true,12,2017-04-01,2018-03-31,0
2018-02-02,68480,2018-03-31,3,,,,,,,,,,,,,,,,,,,,,,,,,,,,,,,,,19880620,47783,19832913,false,false,9,2017-04-01,2017-12-31,0
2018-02-02,68480,2017-03-31,3,,,,,,,,,,,,,,,,,,,,,,,,,,,,,,,,,,,19833017,false,false,9,2016-04-01,2016-12-31,-1
2018-05-08,68480,2018-03-31,,15605000000,0.080,,,,,1704000000,0.249,1765000000,0.237,,1230000000,,62.03,,0.085,0.084,0.109,,22150000000,15140000000,0.684,763.40,15140000000,995000000,-823000000,-442000000,2955000000,,0.242,,,,,,true,false,12,2017-04-01,2018-03-31,0
2018-05-08,68480,2017-03-31,,14445000000,0.008,,,,,1365000000,-0.001,1426000000,0.006,,1226000000,,61.85,,0.094,0.074,0.095,,19986000000,13769000000,0.689,694.28,13769000000,1116000000,-1205000000,-244000000,3225000000,,0.210,,,,,,true,false,12,2016-04-01,2017-03-31,-1
2018-05-08,68480,2019-03-31,,16200000000,0.038,,,,,1740000000,0.021,1800000000,0.020,1260000000,,0.024,63.53,,,,,,,,,,,,,,,,0.220,,,,,,true,true,12,2018-04-01,2019-03-31,1
2018-05-08,68480,2018-03-31,,14641000000,0.085,,,,,1287000000,0.443,1640000000,0.374,1237000000,,0.065,62.41,,,,,,19969000000,13944000000,0.698,703.13,13944000000,,,,,15.00,,,,19880620,47866,19832883,false,false,12,2017-04-01,2018-03-31,0
2018-05-08,68480,2017-03-31,,13487000000,0.013,,,,,892000000,-0.114,1194000000,-0.061,1162000000,,0.280,58.60,,,,,,18150000000,12608000000,0.695,635.74,12608000000,,,,,13.00,,,,19880620,47663,19833009,false,false,12,2016-04-01,2017-03-31,-1
2018-05-08,68480,2019-03-31,,,,,,,,,,,,,,,,,,,,,,,,,,,,,,14.00,,,,,,,false,true,12,2018-04-01,2019-03-31,1
2018-07-31,68480,2019-03-31,1,4058000000,0.313,,,,,359000000,1.017,361000000,0.957,,204000000,,10.32,,,,,,21946000000,14972000000,0.682,,14972000000,,,,,,,,,,,,true,false,3,2018-04-01,2018-06-30,0
2018-07-31,68480,2018-03-31,1,3091000000,0.041,,,,,178000000,0.994,185000000,0.520,,73000000,,3.70,,,,,,,,,,,,,,,,,,,,,,true,false,3,2017-04-01,2017-06-30,-1
2018-07-31,68480,2019-03-31,1,16200000000,0.038,,,,,1740000000,0.021,1800000000,0.020,,1260000000,,63.53,,,,,,,,,,,,,,,,,,,,,,true,true,12,2018-04-01,2019-03-31,0
2018-07-31,68480,2018-03-31,1,,,,,,,,,,,,,,,,,,,,22133000000,15140000000,0.684,,15140000000,,,,,,,,,,,,true,false,12,2017-04-01,2018-03-31,-1
2018-07-31,68480,2018-03-31,1,,,,,,,,,,,,,,,,,,,,,,,,,,,,,15.00,,,,19880620,47866,,false,false,12,2017-04-01,2018-03-31,-1
2018-07-31,68480,2019-03-31,1,,,,,,,,,,,,,,,,,,,,,,,,,,,,,14.00,,,,,,,false,true,12,2018-04-01,2019-03-31,0
2018-07-31,68480,2019-03-31,1,,,,,,,,,,,,,,,,,,,,,,,,,,,,,,,,,19880620,47866,19832754,false,false,3,2018-04-01,2018-06-30,0
2018-07-31,68480,2018-03-31,1,,,,,,,,,,,,,,,,,,,,,,,,,,,,,,,,,,,19832957,false,false,3,2017-04-01,2017-06-30,-1
2018-10-30,68480,2019-03-31,2,8515000000,0.256,,,,,868000000,0.583,883000000,0.529,,572000000,,28.88,,,,,,21919000000,15126000000,0.690,,15126000000,,,,,,,,,,,,true,false,6,2018-04-01,2018-09-30,0
2018-10-30,68480,2018-03-31,2,6779000000,0.063,,,,,548000000,0.519,577000000,0.408,,358000000,,18.08,,,,,,,,,,,,,,,,,,,,,,true,false,6,2017-04-01,2017-09-30,-1
2018-10-30,68480,2019-03-31,2,16200000000,0.038,,,,,1740000000,0.021,1800000000,0.020,,1260000000,,63.53,,,,,,,,,,,,,,,,,,,,,,true,true,12,2018-04-01,2019-03-31,0
2018-10-30,68480,2018-03-31,2,,,,,,,,,,,,,,,,,,,,22133000000,15140000000,0.684,,15140000000,,,,,,,,,,,,true,false,12,2017-04-01,2018-03-31,-1
2018-10-30,68480,2018-03-31,2,,,,,,,,,,,,,,,,,,,,,,,,,,,,,15.00,,,,19880620,47866,,false,false,12,2017-04-01,2018-03-31,-1
2018-10-30,68480,2019-03-31,2,,,,,,,,,,,,,,,,,,,,,,,,,,,,,14.00,,,,,,,false,true,12,2018-04-01,2019-03-31,0
2018-10-30,68480,2019-03-31,2,,,,,,,,,,,,,,,,,,,,,,,,,,,,,,,,,19880620,47943,19832734,false,false,6,2018-04-01,2018-09-30,0
2018-10-30,68480,2018-03-31,2,,,,,,,,,,,,,,,,,,,,,,,,,,,,,,,,,,,19832938,false,false,6,2017-04-01,2017-09-30,-1
2019-02-01,68480,2019-03-31,3,12900000000,0.204,,,,,1459000000,0.474,1490000000,0.451,,1008000000,,50.85,,,,,,22151000000,15264000000,0.689,,15264000000,,,,,,,,,,,,true,false,9,2018-04-01,2018-12-31,0
2019-02-01,68480,2018-03-31,3,10714000000,0.074,,,,,990000000,0.356,1027000000,0.322,,691000000,,34.87,,,,,,,,,,,,,,,,,,,,,,true,false,9,2017-04-01,2017-12-31,-1
2019-02-01,68480,2019-03-31,3,16200000000,0.038,,,,,1740000000,0.021,1800000000,0.020,,1260000000,,63.53,,,,,,,,,,,,,,,,,,,,,,true,true,12,2018-04-01,2019-03-31,0
2019-02-01,68480,2018-03-31,3,,,,,,,,,,,,,,,,,,,,22133000000,15140000000,0.684,,15140000000,,,,,,,,,,,,true,false,12,2017-04-01,2018-03-31,-1
2019-02-01,68480,2018-03-31,3,,,,,,,,,,,,,,,,,,,,,,,,,,,,,15.00,,,,19880620,47866,,false,false,12,2017-04-01,2018-03-31,-1
2019-02-01,68480,2019-03-31,3,,,,,,,,,,,,,,,,,,,,,,,,,,,,,14.00,,,,,,,false,true,12,2018-04-01,2019-03-31,0
2019-02-01,68480,2019-03-31,3,,,,,,,,,,,,,,,,,,,,,,,,,,,,,,,,,19880620,47943,19832717,false,false,9,2018-04-01,2018-12-31,0
2019-02-01,68480,2018-03-31,3,,,,,,,,,,,,,,,,,,,,,,,,,,,,,,,,,,,19832913,false,false,9,2017-04-01,2017-12-31,-1
2019-05-08,68480,2019-03-31,,17548000000,0.125,,,,,1982000000,0.163,2046000000,0.159,,1322000000,,66.67,,0.085,0.091,0.113,,22793000000,15841000000,0.695,798.73,15841000000,1849000000,-476000000,-153000000,4174000000,,0.240,,,,,,true,false,12,2018-04-01,2019-03-31,0
2019-05-08,68480,2018-03-31,,15605000000,0.080,,,,,1704000000,0.249,1765000000,0.237,,1230000000,,62.03,,0.085,0.084,0.109,,22133000000,15140000000,0.684,763.40,15140000000,995000000,-823000000,-442000000,2955000000,,0.242,,,,,,true,false,12,2017-04-01,2018-03-31,-1
2019-05-08,68480,2020-03-31,,17650000000,0.006,,,,,2050000000,0.034,2100000000,0.026,1400000000,,0.059,70.59,,,,,,,,,,,,,,,,0.227,,,,,,true,true,12,2019-04-01,2020-03-31,1
2019-05-08,68480,2019-03-31,,16645000000,0.137,,,,,1918000000,0.490,2251000000,0.372,1638000000,,0.324,82.61,,,,,,20789000000,14941000000,0.719,753.39,14941000000,,,,,16.00,,,,19880620,47943,19832708,false,false,12,2018-04-01,2019-03-31,0
2019-05-08,68480,2018-03-31,,14641000000,0.085,,,,,1287000000,0.443,1640000000,0.374,1237000000,,0.065,62.41,,,,,,19890000000,13944000000,0.701,703.13,13944000000,,,,,15.00,,,,19880620,47866,19832883,false,false,12,2017-04-01,2018-03-31,-1
2019-05-08,68480,2020-03-31,,,,,,,,,,,,,,,,,,,,,,,,,,,,,,16.00,,,,,,,false,true,12,2019-04-01,2020-03-31,1
2019-07-30,68480,2020-03-31,1,3333000000,-0.179,,,,,147000000,-0.590,168000000,-0.534,,57000000,,2.89,,,,,,21718000000,15496000000,0.714,,15496000000,,,,,,,,,,,,true,false,3,2019-04-01,2019-06-30,0
2019-07-30,68480,2019-03-31,1,4058000000,0.313,,,,,359000000,1.017,361000000,0.957,,204000000,,10.32,,,,,,,,,,,,,,,,,,,,,,true,false,3,2018-04-01,2018-06-30,-1
2019-07-30,68480,2020-03-31,1,17650000000,0.006,,,,,2050000000,0.034,2100000000,0.026,,1400000000,,70.59,,,,,,,,,,,,,,,,,,,,,,true,true,12,2019-04-01,2020-03-31,0
2019-07-30,68480,2019-03-31,1,,,,,,,,,,,,,,,,,,,,22793000000,15841000000,0.695,,15841000000,,,,,,,,,,,,true,false,12,2018-04-01,2019-03-31,-1
2019-07-30,68480,2019-03-31,1,,,,,,,,,,,,,,,,,,,,,,,,,,,,,16.00,,,,19880620,47943,,false,false,12,2018-04-01,2019-03-31,-1
2019-07-30,68480,2020-03-31,1,,,,,,,,,,,,,,,,,,,,,,,,,,,,,16.00,,,,,,,false,true,12,2019-04-01,2020-03-31,0
2019-07-30,68480,2020-03-31,1,,,,,,,,,,,,,,,,,,,,,,,,,,,,,,,,,19880620,47943,19832677,false,false,3,2019-04-01,2019-06-30,0
2019-07-30,68480,2019-03-31,1,,,,,,,,,,,,,,,,,,,,,,,,,,,,,,,,,,,19832754,false,false,3,2018-04-01,2018-06-30,-1
2019-10-29,68480,2020-03-31,2,7482000000,-0.121,,,,,601000000,-0.308,651000000,-0.263,,398000000,,20.11,,,,,,22065000000,15943000000,0.723,,15943000000,,,,,,,,,,,,true,false,6,2019-04-01,2019-09-30,0
2019-10-29,68480,2019-03-31,2,8515000000,0.256,,,,,868000000,0.583,883000000,0.529,,572000000,,28.88,,,,,,,,,,,,,,,,,,,,,,true,false,6,2018-04-01,2018-09-30,-1
2019-10-29,68480,2020-03-31,2,17650000000,0.006,,,,,2050000000,0.034,2100000000,0.026,,1400000000,,70.59,,,,,,,,,,,,,,,,,,,,,,true,true,12,2019-04-01,2020-03-31,0
2019-10-29,68480,2019-03-31,2,,,,,,,,,,,,,,,,,,,,22793000000,15841000000,0.695,,15841000000,,,,,,,,,,,,true,false,12,2018-04-01,2019-03-31,-1
2019-10-29,68480,2019-03-31,2,,,,,,,,,,,,,,,,,,,,,,,,,,,,,16.00,,,,19880620,47943,,false,false,12,2018-04-01,2019-03-31,-1
2019-10-29,68480,2020-03-31,2,,,,,,,,,,,,,,,,,,,,,,,,,,,,,16.00,,,,,,,false,true,12,2019-04-01,2020-03-31,0
2019-10-29,68480,2020-03-31,2,,,,,,,,,,,,,,,,,,,,,,,,,,,,,,,,,19880620,47943,19832677,false,false,6,2019-04-01,2019-09-30,0
2019-10-29,68480,2019-03-31,2,,,,,,,,,,,,,,,,,,,,,,,,,,,,,,,,,,,19832734,false,false,6,2018-04-01,2018-09-30,-1
2020-01-31,68480,2020-03-31,3,11538000000,-0.106,,,,,1158000000,-0.206,1217000000,-0.183,,840000000,,42.38,,,,,,22964000000,16547000000,0.721,,16547000000,,,,,,,,,,,,true,false,9,2019-04-01,2019-12-31,0
2020-01-31,68480,2019-03-31,3,12900000000,0.204,,,,,1459000000,0.474,1490000000,0.451,,1008000000,,50.85,,,,,,,,,,,,,,,,,,,,,,true,false,9,2018-04-01,2018-12-31,-1
2020-01-31,68480,2020-03-31,3,17650000000,0.006,,,,,2050000000,0.034,2100000000,0.026,,1400000000,,70.59,,,,,,,,,,,,,,,,,,,,,,true,true,12,2019-04-01,2020-03-31,0
2020-01-31,68480,2019-03-31,3,,,,,,,,,,,,,,,,,,,,22793000000,15841000000,0.695,,15841000000,,,,,,,,,,,,true,false,12,2018-04-01,2019-03-31,-1
2020-01-31,68480,2019-03-31,3,,,,,,,,,,,,,,,,,,,,,,,,,,,,,16.00,,,,19880620,47943,,false,false,12,2018-04-01,2019-03-31,-1
2020-01-31,68480,2020-03-31,3,,,,,,,,,,,,,,,,,,,,,,,,,,,,,16.00,,,,,,,false,true,12,2019-04-01,2020-03-31,0
2020-01-31,68480,2020-03-31,3,,,,,,,,,,,,,,,,,,,,,,,,,,,,,,,,,19880620,47943,19832677,false,false,9,2019-04-01,2019-12-31,0
2020-01-31,68480,2019-03-31,3,,,,,,,,,,,,,,,,,,,,,,,,,,,,,,,,,,,19832717,false,false,9,2018-04-01,2018-12-31,-1
2020-04-22,68480,2020-03-31,,16349000000,-0.074,,,,,1834000000,-0.105,1918000000,-0.087,1369000000,,-0.022,69.04,,,,,,,,,,,,,,,,,,,,,,true,true,12,2019-04-01,2020-03-31,0
2020-04-22,68480,2019-03-31,,17548000000,,,,,,1982000000,,2046000000,,1322000000,,,66.67,,,,,,,,,,,,,,,,,,,,,,true,false,12,2018-04-01,2019-03-31,-1
2020-04-22,68480,2020-03-31,,,,,,,,,,,,,,,,,,,,,,,,,,,,,,17.00,,,,,,,false,true,12,2019-04-01,2020-03-31,0
2020-04-22,68480,2019-03-31,,,,,,,,,,,,,,,,,,,,,,,,,,,,,,16.00,,,,,,,false,false,12,2018-04-01,2019-03-31,-1
2020-05-08,68480,2020-03-31,,16349000000,-0.068,,,,,1834000000,-0.075,1918000000,-0.062,,1369000000,,69.04,,0.084,0.084,0.112,,23134000000,16746000000,0.724,844.40,16746000000,1074000000,-350000000,-443000000,4454000000,,0.246,,,,,,true,false,12,2019-04-01,2020-03-31,0
2020-05-08,68480,2019-03-31,,17548000000,0.125,,,,,1982000000,0.163,2046000000,0.159,,1322000000,,66.67,,0.085,0.091,0.113,,22793000000,15841000000,0.695,798.73,15841000000,1849000000,-476000000,-153000000,4174000000,,0.240,,,,,,true,false,12,2018-04-01,2019-03-31,-1
2020-05-08,68480,2020-03-31,,15438000000,-0.073,,,,,1705000000,-0.111,1911000000,-0.151,1516000000,,-0.074,76.47,,,,,,21396000000,15965000000,0.746,805.04,15965000000,,,,,17.00,,,,19880620,48013,19832668,false,false,12,2019-04-01,2020-03-31,0
2020-05-08,68480,2019-03-31,,16645000000,0.137,,,,,1918000000,0.490,2251000000,0.372,1638000000,,0.324,82.61,,,,,,20789000000,14941000000,0.719,753.39,14941000000,,,,,16.00,,,,19880620,47943,19832708,false,false,12,2018-04-01,2019-03-31,-1
2020-07-31,68480,2021-03-31,1,3133000000,-0.060,,,,,189000000,0.286,201000000,0.197,,118000000,,5.97,,,,,,22604000000,16615000000,0.735,,16615000000,,,,,,,,,,,,true,false,3,2020-04-01,2020-06-30,0
2020-07-31,68480,2020-03-31,1,3333000000,-0.179,,,,,147000000,-0.590,168000000,-0.534,,57000000,,2.89,,,,,,,,,,,,,,,,,,,,,,true,false,3,2019-04-01,2019-06-30,-1
2020-07-31,68480,2020-03-31,1,,,,,,,,,,,,,,,,,,,,23134000000,16746000000,0.724,,16746000000,,,,,,,,,,,,true,false,12,2019-04-01,2020-03-31,-1
2020-07-31,68480,2020-03-31,1,,,,,,,,,,,,,,,,,,,,,,,,,,,,,17.00,,,,19880620,48013,,false,false,12,2019-04-01,2020-03-31,-1
2020-07-31,68480,2021-03-31,1,,,,,,,,,,,,,,,,,,,,,,,,,,,,,,,,,19880620,48013,19832607,false,false,3,2020-04-01,2020-06-30,0
2020-07-31,68480,2020-03-31,1,,,,,,,,,,,,,,,,,,,,,,,,,,,,,,,,,,,19832677,false,false,3,2019-04-01,2019-06-30,-1
2020-10-30,68480,2021-03-31,2,7085000000,-0.053,,,,,619000000,0.031,646000000,-0.008,,438000000,,22.09,,,,,,23018000000,16931000000,0.736,,16931000000,,,,,,,,,,,,true,false,6,2020-04-01,2020-09-30,0
2020-10-30,68480,2020-03-31,2,7482000000,-0.121,,,,,601000000,-0.308,651000000,-0.263,,398000000,,20.11,,,,,,,,,,,,,,,,,,,,,,true,false,6,2019-04-01,2019-09-30,-1
2020-10-30,68480,2020-03-31,2,,,,,,,,,,,,,,,,,,,,23134000000,16746000000,0.724,,16746000000,,,,,,,,,,,,true,false,12,2019-04-01,2020-03-31,-1
2020-10-30,68480,2020-03-31,2,,,,,,,,,,,,,,,,,,,,,,,,,,,,,17.00,,,,19880620,48013,,false,false,12,2019-04-01,2020-03-31,-1
2020-10-30,68480,2021-03-31,2,,,,,,,,,,,,,,,,,,,,,,,,,,,,,,,,,19880620,48013,19832607,false,false,6,2020-04-01,2020-09-30,0
2020-10-30,68480,2020-03-31,2,,,,,,,,,,,,,,,,,,,,,,,,,,,,,,,,,,,19832677,false,false,6,2019-04-01,2019-09-30,-1
2020-11-26,68480,2021-03-31,,15660000000,,,,,,1520000000,,1560000000,,,1100000000,,55.46,,,,,,,,,,,,,,,,,,,,,,true,true,12,2020-04-01,2021-03-31,0
2020-11-26,68480,2020-03-31,,16349000000,,,,,,1834000000,,1918000000,,,1369000000,,69.04,,,,,,,,,,,,,,,,,,,,,,true,false,12,2019-04-01,2020-03-31,-1
2020-11-26,68480,2021-03-31,,,,,,,,,,,,,,,,,,,,,,,,,,,,,,16.00,,,,,,,false,true,12,2020-04-01,2021-03-31,0
2020-11-26,68480,2020-03-31,,,,,,,,,,,,,,,,,,,,,,,,,,,,,,17.00,,,,,,,false,false,12,2019-04-01,2020-03-31,-1
2021-01-29,68480,2021-03-31,3,11243000000,-0.026,,,,,1207000000,0.042,1251000000,0.028,,877000000,,44.27,,,,,,23673000000,17476000000,0.738,,17476000000,,,,,,,,,,,,true,false,9,2020-04-01,2020-12-31,0
2021-01-29,68480,2020-03-31,3,11538000000,-0.106,,,,,1158000000,-0.206,1217000000,-0.183,,840000000,,42.38,,,,,,,,,,,,,,,,,,,,,,true,false,9,2019-04-01,2019-12-31,-1
2021-01-29,68480,2021-03-31,3,15660000000,-0.042,,,,,1520000000,-0.172,1560000000,-0.187,1100000000,,-0.197,55.46,,,,,,,,,,,,,,,,,,,,,,true,true,12,2020-04-01,2021-03-31,0
2021-01-29,68480,2020-03-31,3,,,,,,,,,,,,,,,,,,,,23134000000,16746000000,0.724,,16746000000,,,,,,,,,,,,true,false,12,2019-04-01,2020-03-31,-1
2021-01-29,68480,2020-03-31,3,,,,,,,,,,,,,,,,,,,,,,,,,,,,,17.00,,,,19880620,48013,,false,false,12,2019-04-01,2020-03-31,-1
2021-01-29,68480,2021-03-31,3,,,,,,,,,,,,,,,,,,,,,,,,,,,,,16.00,,,,,,,false,true,12,2020-04-01,2021-03-31,0
2021-01-29,68480,2021-03-31,3,,,,,,,,,,,,,,,,,,,,,,,,,,,,,,,,,19880620,48013,19832607,false,false,9,2020-04-01,2020-12-31,0
2021-01-29,68480,2020-03-31,3,,,,,,,,,,,,,,,,,,,,,,,,,,,,,,,,,,,19832677,false,false,9,2019-04-01,2019-12-31,-1
2021-04-21,68480,2021-03-31,,15988000000,0.021,,,,,1852000000,0.218,1907000000,0.222,,1374000000,,69.29,,,,,,,,,,,,,,,,,,,,,,true,true,12,2020-04-01,2021-03-31,0
2021-04-21,68480,2020-03-31,,16349000000,,,,,,1834000000,,1918000000,,,1369000000,,69.04,,,,,,,,,,,,,,,,,,,,,,true,false,12,2019-04-01,2020-03-31,-1
2021-04-21,68480,2021-03-31,,,,,,,,,,,,,,,,,,,,,,,,,,,,,,17.00,,,,,,,false,true,12,2020-04-01,2021-03-31,0
2021-04-21,68480,2020-03-31,,,,,,,,,,,,,,,,,,,,,,,,,,,,,,17.00,,,,,,,false,false,12,2019-04-01,2020-03-31,-1
2021-05-07,68480,2021-03-31,,15988000000,-0.022,,,,,1852000000,0.010,1907000000,-0.006,,1374000000,,69.29,,0.079,0.080,0.116,,24394000000,18122000000,0.743,913.79,18122000000,1809000000,-451000000,-482000000,5329000000,,0.245,,,,,,true,false,12,2020-04-01,2021-03-31,0
2021-05-07,68480,2020-03-31,,16349000000,-0.068,,,,,1834000000,-0.075,1918000000,-0.062,,1369000000,,69.04,,0.084,0.084,0.112,,23134000000,16746000000,0.724,844.40,16746000000,1074000000,-350000000,-443000000,4454000000,,0.246,,,,,,true,false,12,2019-04-01,2020-03-31,-1
2021-05-07,68480,2022-03-31,,16700000000,0.044,,,,,2000000000,0.080,2060000000,0.080,1440000000,,0.048,72.61,,,,,,,,,,,,,,,,0.234,,,,,,true,true,12,2021-04-01,2022-03-31,1
2021-05-07,68480,2021-03-31,,15117000000,-0.021,,,,,1697000000,-0.005,1786000000,-0.066,1375000000,,-0.093,69.34,,,,,,22716000000,17346000000,0.764,874.62,17346000000,,,,,17.00,,,,19880620,48013,19832607,false,false,12,2020-04-01,2021-03-31,0
2021-05-07,68480,2020-03-31,,15438000000,-0.073,,,,,1705000000,-0.111,1911000000,-0.151,1516000000,,-0.074,76.47,,,,,,21396000000,15965000000,0.746,805.04,15965000000,,,,,17.00,,,,19880620,48013,19832668,false,false,12,2019-04-01,2020-03-31,-1
2021-05-07,68480,2022-03-31,,,,,,,,,,,,,,,,,,,,,,,,,,,,,,17.00,,,,,,,false,true,12,2021-04-01,2022-03-31,1
2021-07-20,68480,2022-03-31,1,3325000000,0.061,,,,,206000000,0.090,219000000,0.085,,138000000,,6.98,,,,,,23973000000,17956000000,0.749,,17956000000,,,,,,,,,,,,true,false,3,2021-04-01,2021-06-30,0
2021-07-20,68480,2021-03-31,1,3133000000,-0.060,,,,,189000000,0.286,201000000,0.197,,118000000,,5.97,,,,,,,,,,,,,,,,,,,,,,true,false,3,2020-04-01,2020-06-30,-1
2021-07-20,68480,2022-03-31,1,16700000000,0.044,,,,,2000000000,0.080,2060000000,0.080,1440000000,,0.048,72.61,,,,,,,,,,,,,,,,,,,,,,true,true,12,2021-04-01,2022-03-31,0
2021-07-20,68480,2021-03-31,1,,,,,,,,,,,,,,,,,,,,24394000000,18122000000,0.743,,18122000000,,,,,,,,,,,,true,false,12,2020-04-01,2021-03-31,-1
2021-07-20,68480,2021-03-31,1,,,,,,,,,,,,,,,,,,,,,,,,,,,,,17.00,,,,19880620,48013,,false,false,12,2020-04-01,2021-03-31,-1
2021-07-20,68480,2022-03-31,1,,,,,,,,,,,,,,,,,,,,,,,,,,,,,17.00,,,,,,,false,true,12,2021-04-01,2022-03-31,0
2021-07-20,68480,2022-03-31,1,,,,,,,,,,,,,,,,,,,,,,,,,,,,,,,,,19880620,48013,19832607,false,false,3,2021-04-01,2021-06-30,0
2021-07-20,68480,2021-03-31,1,,,,,,,,,,,,,,,,,,,,,,,,,,,,,,,,,,,19832607,false,false,3,2020-04-01,2020-06-30,-1
2021-10-29,68480,2022-03-31,2,7434000000,0.049,,,,,640000000,0.034,673000000,0.042,,465000000,,23.49,,,,,,24435000000,18381000000,0.752,,18381000000,,,,,,,,,,,,true,false,6,2021-04-01,2021-09-30,0
2021-10-29,68480,2021-03-31,2,7085000000,-0.053,,,,,619000000,0.031,646000000,-0.008,,438000000,,22.09,,,,,,,,,,,,,,,,,,,,,,true,false,6,2020-04-01,2020-09-30,-1
2021-10-29,68480,2022-03-31,2,16700000000,0.044,,,,,2000000000,0.080,2060000000,0.080,,1440000000,,72.61,,,,,,,,,,,,,,,,,,,,,,true,true,12,2021-04-01,2022-03-31,0
2021-10-29,68480,2021-03-31,2,,,,,,,,,,,,,,,,,,,,24394000000,18122000000,0.743,,18122000000,,,,,,,,,,,,true,false,12,2020-04-01,2021-03-31,-1
2021-10-29,68480,2021-03-31,2,,,,,,,,,,,,,,,,,,,,,,,,,,,,,17.00,,,,19880620,48013,,false,false,12,2020-04-01,2021-03-31,-1
2021-10-29,68480,2022-03-31,2,,,,,,,,,,,,,,,,,,,,,,,,,,,,,17.00,,,,,,,false,true,12,2021-04-01,2022-03-31,0
2021-10-29,68480,2022-03-31,2,,,,,,,,,,,,,,,,,,,,,,,,,,,,,,,,,19880620,48013,19832607,false,false,6,2021-04-01,2021-09-30,0
2021-10-29,68480,2021-03-31,2,,,,,,,,,,,,,,,,,,,,,,,,,,,,,,,,,,,19832607,false,false,6,2020-04-01,2020-09-30,-1
2022-01-28,68480,2022-03-31,3,11787000000,0.048,,,,,1377000000,0.142,1419000000,0.134,,963000000,,48.57,,,,,,25063000000,18742000000,0.748,,18742000000,,,,,,,,,,,,true,false,9,2021-04-01,2021-12-31,0
2022-01-28,68480,2021-03-31,3,11243000000,-0.026,,,,,1207000000,0.042,1251000000,0.028,,877000000,,44.27,,,,,,,,,,,,,,,,,,,,,,true,false,9,2020-04-01,2020-12-31,-1
2022-01-28,68480,2022-03-31,3,16700000000,0.044,,,,,2000000000,0.080,2060000000,0.080,,1440000000,,72.61,,,,,,,,,,,,,,,,,,,,,,true,true,12,2021-04-01,2022-03-31,0
2022-01-28,68480,2021-03-31,3,,,,,,,,,,,,,,,,,,,,24394000000,18122000000,0.743,,18122000000,,,,,,,,,,,,true,false,12,2020-04-01,2021-03-31,-1
2022-01-28,68480,2021-03-31,3,,,,,,,,,,,,,,,,,,,,,,,,,,,,,17.00,,,,19880620,48013,,false,false,12,2020-04-01,2021-03-31,-1
2022-01-28,68480,2022-03-31,3,,,,,,,,,,,,,,,,,,,,,,,,,,,,,17.00,,,,,,,false,true,12,2021-04-01,2022-03-31,0
2022-01-28,68480,2022-03-31,3,,,,,,,,,,,,,,,,,,,,,,,,,,,,,,,,,19880620,48097,19832590,false,false,9,2021-04-01,2021-12-31,0
2022-01-28,68480,2021-03-31,3,,,,,,,,,,,,,,,,,,,,,,,,,,,,,,,,,,,19832607,false,false,9,2020-04-01,2020-12-31,-1
2022-04-28,68480,2022-03-31,,16424000000,0.027,,,,,1909000000,0.031,1968000000,0.032,,1347000000,,67.92,,0.072,0.079,0.116,,25400000000,19123000000,0.753,964.26,19123000000,1492000000,-366000000,-343000000,6111000000,,0.250,,,,,,true,false,12,2021-04-01,2022-03-31,0
2022-04-28,68480,2021-03-31,,15988000000,-0.022,,,,,1852000000,0.010,1907000000,-0.006,,1374000000,,69.29,,0.079,0.080,0.116,,24394000000,18122000000,0.743,913.79,18122000000,1809000000,-451000000,-482000000,5329000000,,0.245,,,,,,true,false,12,2020-04-01,2021-03-31,-1
2022-04-28,68480,2023-03-31,,17300000000,0.053,,,,,1740000000,-0.089,1800000000,-0.086,,1240000000,,62.52,,,,,,,,,,,,,,,,0.272,,,,,,true,true,12,2022-04-01,2023-03-31,1
2022-04-28,68480,2022-03-31,,15497000000,0.025,,,,,1754000000,0.034,1873000000,0.049,1305000000,,-0.051,65.82,,,,,,23438000000,18288000000,0.780,922.15,18288000000,,,,,17.00,,,,19880620,48106,19832574,false,false,12,2021-04-01,2022-03-31,0
2022-04-28,68480,2021-03-31,,15117000000,-0.021,,,,,1697000000,-0.005,1786000000,-0.066,1375000000,,-0.093,69.34,,,,,,22716000000,17346000000,0.764,874.62,17346000000,,,,,17.00,,,,19880620,48013,19832607,false,false,12,2020-04-01,2021-03-31,-1
2022-04-28,68480,2023-03-31,,,,,,,,,,,,,,,,,,,,,,,,,,,,,,17.00,,,,,,,false,true,12,2022-04-01,2023-03-31,1
2022-07-29,68480,2023-03-31,1,3262000000,-0.019,,,,,99000000,-0.518,92000000,-0.579,,67000000,,3.38,,,,,,24897000000,18729000000,0.752,,18729000000,,,,,,,,,,,,true,false,3,2022-04-01,2022-06-30,0
2022-07-29,68480,2022-03-31,1,3325000000,0.061,,,,,206000000,0.090,219000000,0.085,,138000000,,6.98,,,,,,,,,,,,,,,,,,,,,,true,false,3,2021-04-01,2021-06-30,-1
2022-07-29,68480,2023-03-31,1,17300000000,0.053,,,,,1740000000,-0.089,1800000000,-0.086,,1240000000,,62.52,,,,,,,,,,,,,,,,,,,,,,true,true,12,2022-04-01,2023-03-31,0
2022-07-29,68480,2022-03-31,1,,,,,,,,,,,,,,,,,,,,25400000000,19123000000,0.753,,19123000000,,,,,,,,,,,,true,false,12,2021-04-01,2022-03-31,-1
2022-07-29,68480,2022-03-31,1,,,,,,,,,,,,,,,,,,,,,,,,,,,,,17.00,,,,19880620,48106,,false,false,12,2021-04-01,2022-03-31,-1
2022-07-29,68480,2023-03-31,1,,,,,,,,,,,,,,,,,,,,,,,,,,,,,17.00,,,,,,,false,true,12,2022-04-01,2023-03-31,0
2022-07-29,68480,2023-03-31,1,,,,,,,,,,,,,,,,,,,,,,,,,,,,,,,,,19880620,48106,19832514,false,false,3,2022-04-01,2022-06-30,0
2022-07-29,68480,2022-03-31,1,,,,,,,,,,,,,,,,,,,,,,,,,,,,,,,,,,,19832607,false,false,3,2021-04-01,2021-06-30,-1
2022-10-28,68480,2023-03-31,2,7154000000,-0.038,,,,,360000000,-0.438,372000000,-0.447,,311000000,,15.70,,,,,,24939000000,18908000000,0.758,,18908000000,,,,,,,,,,,,true,false,6,2022-04-01,2022-09-30,0
2022-10-28,68480,2022-03-31,2,7434000000,0.049,,,,,640000000,0.034,673000000,0.042,,465000000,,23.49,,,,,,,,,,,,,,,,,,,,,,true,false,6,2021-04-01,2021-09-30,-1
2022-10-28,68480,2023-03-31,2,17300000000,0.053,,,,,1740000000,-0.089,1800000000,-0.086,,1240000000,,62.52,,,,,,,,,,,,,,,,,,,,,,true,true,12,2022-04-01,2023-03-31,0
2022-10-28,68480,2022-03-31,2,,,,,,,,,,,,,,,,,,,,25400000000,19123000000,0.753,,19123000000,,,,,,,,,,,,true,false,12,2021-04-01,2022-03-31,-1
2022-10-28,68480,2022-03-31,2,,,,,,,,,,,,,,,,,,,,,,,,,,,,,17.00,,,,19880620,48106,,false,false,12,2021-04-01,2022-03-31,-1
2022-10-28,68480,2023-03-31,2,,,,,,,,,,,,,,,,,,,,,,,,,,,,,17.00,,,,,,,false,true,12,2022-04-01,2023-03-31,0
2022-10-28,68480,2023-03-31,2,,,,,,,,,,,,,,,,,,,,,,,,,,,,,,,,,19880620,48106,19832514,false,false,6,2022-04-01,2022-09-30,0
2022-10-28,68480,2022-03-31,2,,,,,,,,,,,,,,,,,,,,,,,,,,,,,,,,,,,19832607,false,false,6,2021-04-01,2021-09-30,-1
2023-01-31,68480,2023-03-31,3,11269000000,-0.044,,,,,880000000,-0.361,921000000,-0.351,,709000000,,35.79,,,,,,25758000000,19361000000,0.752,,19361000000,,,,,,,,,,,,true,false,9,2022-04-01,2022-12-31,0
2023-01-31,68480,2022-03-31,3,11787000000,0.048,,,,,1377000000,0.142,1419000000,0.134,,963000000,,48.57,,,,,,,,,,,,,,,,,,,,,,true,false,9,2021-04-01,2021-12-31,-1
2023-01-31,68480,2023-03-31,3,17300000000,0.053,,,,,1740000000,-0.089,1800000000,-0.086,,1240000000,,62.52,,,,,,,,,,,,,,,,,,,,,,true,true,12,2022-04-01,2023-03-31,0
2023-01-31,68480,2022-03-31,3,,,,,,,,,,,,,,,,,,,,25400000000,19123000000,0.753,,19123000000,,,,,,,,,,,,true,false,12,2021-04-01,2022-03-31,-1
2023-01-31,68480,2022-03-31,3,,,,,,,,,,,,,,,,,,,,,,,,,,,,,17.00,,,,19880620,48106,,false,false,12,2021-04-01,2022-03-31,-1
2023-01-31,68480,2023-03-31,3,,,,,,,,,,,,,,,,,,,,,,,,,,,,,17.00,,,,,,,false,true,12,2022-04-01,2023-03-31,0
2023-01-31,68480,2023-03-31,3,,,,,,,,,,,,,,,,,,,,,,,,,,,,,,,,,19880620,48106,19832514,false,false,9,2022-04-01,2022-12-31,0
2023-01-31,68480,2022-03-31,3,,,,,,,,,,,,,,,,,,,,,,,,,,,,,,,,,,,19832590,false,false,9,2021-04-01,2021-12-31,-1
2023-04-18,68480,2023-03-31,,16540000000,-0.044,,,,,1649000000,-0.052,1735000000,-0.036,,1190000000,,60.06,,,,,,,,,,,,,,,,,,,,,,true,true,12,2022-04-01,2023-03-31,0
2023-04-18,68480,2022-03-31,,16424000000,,,,,,1909000000,,1968000000,,,1347000000,,67.92,,,,,,,,,,,,,,,,,,,,,,true,false,12,2021-04-01,2022-03-31,-1
2023-04-18,68480,2023-03-31,,,,,,,,,,,,,,,,,,,,,,,,,,,,,,18.00,,,,,,,false,true,12,2022-04-01,2023-03-31,0
2023-04-18,68480,2022-03-31,,,,,,,,,,,,,,,,,,,,,,,,,,,,,,17.00,,,,,,,false,false,12,2021-04-01,2022-03-31,-1
2023-04-28,68480,2023-03-31,,16540000000,0.007,,,,,1649000000,-0.136,1732000000,-0.120,,1218000000,,61.49,,0.062,0.066,0.100,,26717000000,20085000000,0.752,1019.66,20085000000,307000000,-374000000,-553000000,5491000000,,0.293,,,,,,true,false,12,2022-04-01,2023-03-31,0
2023-04-28,68480,2022-03-31,,16424000000,0.027,,,,,1909000000,0.031,1968000000,0.032,,1347000000,,67.92,,0.072,0.079,0.116,,25400000000,19123000000,0.753,964.26,19123000000,1492000000,-366000000,-343000000,6111000000,,0.250,,,,,,true,false,12,2021-04-01,2022-03-31,-1
2023-04-28,68480,2024-03-31,,17700000000,0.070,,,,,1700000000,0.031,1780000000,0.027,,1300000000,,65.62,,,,,,,,,,,,,,,,0.305,,,,,,true,true,12,2023-04-01,2024-03-31,1
2023-04-28,68480,2023-03-31,,15546000000,0.003,,,,,1417000000,-0.192,1460000000,-0.221,1023000000,,-0.216,51.66,,,,,,24536000000,19066000000,0.777,967.91,19066000000,,,,,18.00,,,,19880620,181906,19811929,false,false,12,2022-04-01,2023-03-31,0
2023-04-28,68480,2022-03-31,,15497000000,0.025,,,,,1754000000,0.034,1873000000,0.049,1305000000,,-0.051,65.82,,,,,,23438000000,18288000000,0.780,922.15,18288000000,,,,,17.00,,,,19880620,48106,19832574,false,false,12,2021-04-01,2022-03-31,-1
2023-04-28,68480,2024-03-31,,,,,,,,,,,,,,,,,,,,,,,,,,,,,,20.00,,,,,,,false,true,12,2023-04-01,2024-03-31,1
2023-07-31,68480,2024-03-31,1,3685000000,0.130,,,,,266000000,1.676,272000000,1.960,,181000000,,9.19,,,,,,26369000000,20016000000,0.759,,20016000000,,,,,,,,,,,,true,false,3,2023-04-01,2023-06-30,0
2023-07-31,68480,2023-03-31,1,3262000000,-0.019,,,,,99000000,-0.518,92000000,-0.579,,67000000,,3.38,,,,,,,,,,,,,,,,,,,,,,true,false,3,2022-04-01,2022-06-30,-1
2023-07-31,68480,2024-03-31,1,17700000000,0.070,,,,,1700000000,0.031,1780000000,0.027,,1300000000,,65.62,,,,,,,,,,,,,,,,,,,,,,true,true,12,2023-04-01,2024-03-31,0
2023-07-31,68480,2023-03-31,1,,,,,,,,,,,,,,,,,,,,26717000000,20085000000,0.752,,20085000000,,,,,,,,,,,,true,false,12,2022-04-01,2023-03-31,-1
2023-07-31,68480,2023-03-31,1,,,,,,,,,,,,,,,,,,,,,,,,,,,,,18.00,,,,19880620,181906,,false,false,12,2022-04-01,2023-03-31,-1
2023-07-31,68480,2024-03-31,1,,,,,,,,,,,,,,,,,,,,,,,,,,,,,20.00,,,,,,,false,true,12,2023-04-01,2024-03-31,0
2023-07-31,68480,2024-03-31,1,,,,,,,,,,,,,,,,,,,,,,,,,,,,,,,,,19880620,181906,19698714,false,false,3,2023-04-01,2023-06-30,0
2023-07-31,68480,2023-03-31,1,,,,,,,,,,,,,,,,,,,,,,,,,,,,,,,,,,,19832514,false,false,3,2022-04-01,2022-06-30,-1
2023-10-31,68480,2024-03-31,2,7666000000,0.072,,,,,545000000,0.514,570000000,0.532,,391000000,,19.89,,,,,,26520000000,20242000000,0.763,,20242000000,,,,,,,,,,,,true,false,6,2023-04-01,2023-09-30,0
2023-10-31,68480,2023-03-31,2,7154000000,-0.038,,,,,360000000,-0.438,372000000,-0.447,,311000000,,15.70,,,,,,,,,,,,,,,,,,,,,,true,false,6,2022-04-01,2022-09-30,-1
2023-10-31,68480,2024-03-31,2,17700000000,0.070,,,,,1700000000,0.031,1780000000,0.027,,1300000000,,65.62,,,,,,,,,,,,,,,,,,,,,,true,true,12,2023-04-01,2024-03-31,0
2023-10-31,68480,2023-03-31,2,,,,,,,,,,,,,,,,,,,,26717000000,20085000000,0.752,,20085000000,,,,,,,,,,,,true,false,12,2022-04-01,2023-03-31,-1
2023-10-31,68480,2023-03-31,2,,,,,,,,,,,,,,,,,,,,,,,,,,,,,18.00,,,,19880620,181906,,false,false,12,2022-04-01,2023-03-31,-1
2023-10-31,68480,2024-03-31,2,,,,,,,,,,,,,,,,,,,,,,,,,,,,,20.00,,,,,,,false,true,12,2023-04-01,2024-03-31,0
2023-10-31,68480,2024-03-31,2,,,,,,,,,,,,,,,,,,,,,,,,,,,,,,,,,19880620,143488,19709690,false,false,6,2023-04-01,2023-09-30,0
2023-10-31,68480,2023-03-31,2,,,,,,,,,,,,,,,,,,,,,,,,,,,,,,,,,,,19832514,false,false,6,2022-04-01,2022-09-30,-1
2024-01-30,68480,2024-03-31,3,12363000000,0.097,,,,,1237000000,0.405,1281000000,0.391,,896000000,,45.49,,,,,,27283000000,21156000000,0.775,,21156000000,,,,,,,,,,,,true,false,9,2023-04-01,2023-12-31,0
2024-01-30,68480,2023-03-31,3,11269000000,-0.044,,,,,880000000,-0.361,921000000,-0.351,,709000000,,35.79,,,,,,,,,,,,,,,,,,,,,,true,false,9,2022-04-01,2022-12-31,-1
2024-01-30,68480,2024-03-31,3,17700000000,0.070,,,,,1700000000,0.031,1780000000,0.027,,1300000000,,65.62,,,,,,,,,,,,,,,,,,,,,,true,true,12,2023-04-01,2024-03-31,0
2024-01-30,68480,2023-03-31,3,,,,,,,,,,,,,,,,,,,,26717000000,20085000000,0.752,,20085000000,,,,,,,,,,,,true,false,12,2022-04-01,2023-03-31,-1
2024-01-30,68480,2023-03-31,3,,,,,,,,,,,,,,,,,,,,,,,,,,,,,18.00,,,,19880620,181906,,false,false,12,2022-04-01,2023-03-31,-1
2024-01-30,68480,2024-03-31,3,,,,,,,,,,,,,,,,,,,,,,,,,,,,,20.00,,,,,,,false,true,12,2023-04-01,2024-03-31,0
2024-01-30,68480,2024-03-31,3,,,,,,,,,,,,,,,,,,,,,,,,,,,,,,,,,19880620,143503,19717920,false,false,9,2023-04-01,2023-12-31,0
2024-01-30,68480,2023-03-31,3,,,,,,,,,,,,,,,,,,,,,,,,,,,,,,,,,,,19832514,false,false,9,2022-04-01,2022-12-31,-1
,68480,2024-03-31,,,,,,,,,,,,,,,,,,,,,,,,,,,,,,21.00,,,,,,,false,true,12,2023-04-01,2024-03-31,0
,68480,2023-03-31,,,,,,,,,,,,,,,,,,,,,,,,,,,,,,18.00,,,,,,,false,false,12,2022-04-01,2023-03-31,-1
2024-04-26,68480,2024-03-31,,17444000000,0.055,,,,,1768000000,0.072,1849000000,0.067,,1292000000,,65.53,,0.061,0.066,0.101,,29043000000,22369000000,0.770,1133.35,22369000000,165000000,-1729000000,-376000000,3550000000,,0.320,,,,,,true,false,12,2023-04-01,2024-03-31,0
2024-04-26,68480,2023-03-31,,16540000000,0.007,,,,,1649000000,-0.136,1732000000,-0.120,,1218000000,,61.49,,0.062,0.066,0.100,,26717000000,20085000000,0.752,1019.66,20085000000,307000000,-374000000,-553000000,5491000000,,0.293,,,,,,true,false,12,2022-04-01,2023-03-31,-1
2024-04-26,68480,2025-03-31,,18000000000,0.032,,,,,1540000000,-0.129,1630000000,-0.119,,1170000000,,59.32,,,,,,,,,,,,,,,,0.354,,,,,,true,true,12,2024-04-01,2025-03-31,1
2024-04-26,68480,2024-03-31,,16519000000,0.063,,,,,1437000000,0.014,1531000000,0.049,1077000000,,0.053,54.65,,,,,,26927000000,21083000000,0.783,1068.22,21083000000,,,,,21.00,,,,19880620,143503,19722350,false,false,12,2023-04-01,2024-03-31,0
2024-04-26,68480,2023-03-31,,15546000000,0.003,,,,,1417000000,-0.192,1460000000,-0.221,1023000000,,-0.216,51.66,,,,,,24536000000,19066000000,0.777,967.91,19066000000,,,,,18.00,,,,19880620,181906,19811929,false,false,12,2022-04-01,2023-03-31,-1
2024-04-26,68480,2025-03-31,,,,,,,,,,,,,,,,,,,,,,,,,,,,,,21.00,,,,,,,false,true,12,2024-04-01,2025-03-31,1
2024-08-09,68480,2025-03-31,1,3854000000,0.046,,,,,216000000,-0.186,239000000,-0.121,,146000000,,7.42,,,,,,28456000000,21703000000,0.763,,21703000000,,,,,,,,,,,,true,false,3,2024-04-01,2024-06-30,0
2024-08-09,68480,2024-03-31,1,3685000000,0.130,,,,,266000000,1.676,272000000,1.960,,181000000,,9.19,,,,,,,,,,,,,,,,,,,,,,true,false,3,2023-04-01,2023-06-30,-1
2024-08-09,68480,2025-03-31,1,18000000000,0.032,,,,,1540000000,-0.129,1630000000,-0.119,,1170000000,,59.32,,,,,,,,,,,,,,,,,,,,,,true,true,12,2024-04-01,2025-03-31,0
2024-08-09,68480,2024-03-31,1,,,,,,,,,,,,,,,,,,,,29043000000,22369000000,0.770,,22369000000,,,,,,,,,,,,true,false,12,2023-04-01,2024-03-31,-1
2024-08-09,68480,2024-03-31,1,,,,,,,,,,,,,,,,,,,,,,,,,,,,,21.00,,,,19880620,143503,,false,false,12,2023-04-01,2024-03-31,-1
2024-08-09,68480,2025-03-31,1,,,,,,,,,,,,,,,,,,,,,,,,,,,,,21.00,,,,,,,false,true,12,2024-04-01,2025-03-31,0
2024-08-09,68480,2025-03-31,1,,,,,,,,,,,,,,,,,,,,,,,,,,,,,,,,,19880620,143556,19737103,false,false,3,2024-04-01,2024-06-30,0
2024-08-09,68480,2024-03-31,1,,,,,,,,,,,,,,,,,,,,,,,,,,,,,,,,,,,19698714,false,false,3,2023-04-01,2023-06-30,-1
2024-11-12,68480,2025-03-31,2,8059000000,0.051,,,,,319000000,-0.414,408000000,-0.285,,262000000,,13.28,,,,,,27457000000,21279000000,0.775,,21279000000,,,,,,,,,,,,true,false,6,2024-04-01,2024-09-30,0
2024-11-12,68480,2024-03-31,2,7666000000,0.072,,,,,545000000,0.514,570000000,0.532,,391000000,,19.89,,,,,,,,,,,,,,,,,,,,,,true,false,6,2023-04-01,2023-09-30,-1
2024-11-12,68480,2025-03-31,2,18000000000,0.032,,,,,1540000000,-0.129,1630000000,-0.119,,1170000000,,59.32,,,,,,,,,,,,,,,,,,,,,,true,true,12,2024-04-01,2025-03-31,0
2024-11-12,68480,2024-03-31,2,,,,,,,,,,,,,,,,,,,,29043000000,22369000000,0.770,,22369000000,,,,,,,,,,,,true,false,12,2023-04-01,2024-03-31,-1
2024-11-12,68480,2024-03-31,2,,,,,,,,,,,,,,,,,,,,,,,,,,,,,21.00,,,,19880620,143503,,false,false,12,2023-04-01,2024-03-31,-1
2024-11-12,68480,2025-03-31,2,,,,,,,,,,,,,,,,,,,,,,,,,,,,,21.00,,,,,,,false,true,12,2024-04-01,2025-03-31,0
2024-11-12,68480,2025-03-31,2,,,,,,,,,,,,,,,,,,,,,,,,,,,,,,,,,19880620,101616,19749067,false,false,6,2024-04-01,2024-09-30,0
2024-11-12,68480,2024-03-31,2,,,,,,,,,,,,,,,,,,,,,,,,,,,,,,,,,,,19709690,false,false,6,2023-04-01,2023-09-30,-1
2025-02-10,68480,2025-03-31,3,12909000000,0.044,,,,,863000000,-0.302,949000000,-0.259,,650000000,,32.93,,,,,,27975000000,21691000000,0.775,,21691000000,,,,,,,,,,,,true,false,9,2024-04-01,2024-12-31,0
2025-02-10,68480,2024-03-31,3,12363000000,0.097,,,,,1237000000,0.405,1281000000,0.391,,896000000,,45.49,,,,,,,,,,,,,,,,,,,,,,true,false,9,2023-04-01,2023-12-31,-1
2025-02-10,68480,2025-03-31,3,18000000000,0.032,,,,,1540000000,-0.129,1630000000,-0.119,,1170000000,,59.32,,,,,,,,,,,,,,,,,,,,,,true,true,12,2024-04-01,2025-03-31,0
2025-02-10,68480,2024-03-31,3,,,,,,,,,,,,,,,,,,,,29043000000,22369000000,0.770,,22369000000,,,,,,,,,,,,true,false,12,2023-04-01,2024-03-31,-1
2025-02-10,68480,2024-03-31,3,,,,,,,,,,,,,,,,,,,,,,,,,,,,,21.00,,,,19880620,143503,,false,false,12,2023-04-01,2024-03-31,-1
2025-02-10,68480,2025-03-31,3,,,,,,,,,,,,,,,,,,,,,,,,,,,,,21.00,,,,,,,false,true,12,2024-04-01,2025-03-31,0
2025-02-10,68480,2025-03-31,3,,,,,,,,,,,,,,,,,,,,,,,,,,,,,,,,,19880620,101616,19758048,false,false,9,2024-04-01,2024-12-31,0
2025-02-10,68480,2024-03-31,3,,,,,,,,,,,,,,,,,,,,,,,,,,,,,,,,,,,19717920,false,false,9,2023-04-01,2023-12-31,-1
,68480,2025-03-31,,,,,,,,,,,,,,,,,,,,,,,,,,,,,,22.00,,,,,,,false,true,12,2024-04-01,2025-03-31,0
,68480,2024-03-31,,,,,,,,,,,,,,,,,,,,,,,,,,,,,,20.00,,,,,,,false,false,12,2023-04-01,2024-03-31,-1
2025-05-13,68480,2025-03-31,,18058000000,0.035,,,,,1338000000,-0.243,1474000000,-0.203,,1113000000,,56.36,,0.050,0.051,0.074,,28653000000,21919000000,0.765,1108.24,21919000000,1837000000,-596000000,266000000,5057000000,,0.390,,,,,,true,false,12,2024-04-01,2025-03-31,0
2025-05-13,68480,2024-03-31,,17444000000,0.055,,,,,1768000000,0.072,1849000000,0.067,,1292000000,,65.53,,0.061,0.066,0.101,,29043000000,22369000000,0.770,1133.35,22369000000,165000000,-1729000000,-376000000,3550000000,,0.320,,,,,,true,false,12,2023-04-01,2024-03-31,-1
2025-05-13,68480,2026-03-31,,18500000000,0.024,,,,,1516000000,0.133,1584000000,0.074,,1160000000,,58.70,,,,,,,,,,,,,,,,0.375,,,,,,true,true,12,2025-04-01,2026-03-31,1
2025-05-13,68480,2025-03-31,,17178000000,0.040,,,,,926000000,-0.355,1159000000,-0.243,1153000000,,0.070,58.35,,,,,,26699000000,20681000000,0.775,1045.63,20681000000,,,,,22.00,,,,19880620,101616,19762884,false,false,12,2024-04-01,2025-03-31,0
2025-05-13,68480,2024-03-31,,16519000000,0.063,,,,,1437000000,0.014,1531000000,0.049,1077000000,,0.053,54.65,,,,,,26927000000,21083000000,0.783,1068.22,21083000000,,,,,21.00,,,,19880620,143503,19722350,false,false,12,2023-04-01,2024-03-31,-1
2025-05-13,68480,2026-03-31,,,,,,,,,,,,,,,,,,,,,,,,,,,,,,22.00,,,,,,,false,true,12,2025-04-01,2026-03-31,1
