filing_date,code,fiscal_year_end,quarterly_period,net_sales,net_sales_change,revenue,revenue_change,operating_revenue,operating_revenue_change,operating_profit,operating_profit_change,ordinary_profit,ordinary_profit_change,net_income,net_income_of_parent,net_income_change,eps,diluted_eps,roe,roa,operating_profit_to_net_sales,operating_profit_to_revenue,total_assets,net_assets,equity_ratio,bps,owner_equity,operating_cash_flow,investing_cash_flow,financing_cash_flow,cash,dividend_per_share,payout_ratio,commemorative_dividend,extra_dividend,number_of_shares,number_of_treqsury_shares,avg_number_of_shares,is_consolidated,is_forecast,duration,period_start,period_end,period_pos
2015-05-15,68640,2015-03-31,,8309000000,0.131,,,,,1085000000,0.127,1060000000,0.135,634000000,,-0.287,108.31,,0.099,0.102,0.131,,10949000000,6857000000,0.626,1092.11,6857000000,855000000,-35000000,-42000000,1387000000,,0.185,,,,,,true,false,12,2014-04-01,2015-03-31,0
2015-05-15,68640,2014-03-31,,7350000000,0.113,,,,,962000000,0.151,933000000,0.118,888000000,,0.766,152.63,,0.159,0.099,0.131,,9912000000,5951000000,0.600,1022.54,5951000000,569000000,-173000000,-239000000,610000000,,0.111,,,,,,true,false,12,2013-04-01,2014-03-31,-1
2015-05-15,68640,2016-03-31,,3900000000,0.015,,,,,500000000,0.054,490000000,0.028,,310000000,,49.37,,,,,,,,,,,,,,,,,,,,,,true,true,6,2015-04-01,2015-09-30,1
2015-05-15,68640,2016-03-31,,8750000000,0.053,,,,,1200000000,0.106,1180000000,0.113,,710000000,,113.07,,,,,,,,,,,,,,,,0.185,,,,,,true,true,12,2015-04-01,2016-03-31,1
2015-05-15,68640,2015-03-31,,6947000000,0.060,,,,,922000000,0.114,953000000,0.056,593000000,,0.004,101.38,,,,,,10441000000,6468000000,0.619,1030.08,6468000000,,,,,20.00,,,,6330000,50574,5853931,false,false,12,2014-04-01,2015-03-31,0
2015-05-15,68640,2014-03-31,,6557000000,0.010,,,,,828000000,0.132,902000000,0.156,591000000,,0.228,101.51,,,,,,9440000000,5610000000,0.594,963.92,5610000000,,,,,17.00,,,,6270000,449299,5822272,false,false,12,2013-04-01,2014-03-31,-1
2015-05-15,68640,2016-03-31,,,,,,,,,,,,,,,,,,,,,,,,,,,,,,20.00,,,,,,,false,true,12,2015-04-01,2016-03-31,1
2015-07-30,68640,2016-03-31,1,1544000000,0.039,,,,,118000000,0.056,131000000,0.084,,99000000,,15.91,,,,,,10664000000,6826000000,0.640,,6826000000,,,,,,,,,,,,true,false,3,2015-04-01,2015-06-30,0
2015-07-30,68640,2015-03-31,1,1487000000,-0.007,,,,,112000000,-0.546,121000000,-0.507,,75000000,,12.94,,,,,,,,,,,,,,,,,,,,,,true,false,3,2014-04-01,2014-06-30,-1
2015-07-30,68640,2016-03-31,1,3900000000,0.015,,,,,500000000,0.054,490000000,0.028,,310000000,,49.37,,,,,,,,,,,,,,,,,,,,,,true,true,6,2015-04-01,2015-09-30,0
2015-07-30,68640,2016-03-31,1,8750000000,0.053,,,,,1200000000,0.106,1180000000,0.113,,710000000,,113.07,,,,,,,,,,,,,,,,,,,,,,true,true,12,2015-04-01,2016-03-31,0
2015-07-30,68640,2015-03-31,1,,,,,,,,,,,,,,,,,,,,10949000000,6857000000,0.626,,6857000000,,,,,,,,,,,,true,false,12,2014-04-01,2015-03-31,-1
2015-07-30,68640,2015-03-31,1,,,,,,,,,,,,,,,,,,,,,,,,,,,,,20.00,,,,6330000,50574,,false,false,12,2014-04-01,2015-03-31,-1
2015-07-30,68640,2016-03-31,1,,,,,,,,,,,,,,,,,,,,,,,,,,,,,20.00,,,,,,,false,true,12,2015-04-01,2016-03-31,0
2015-07-30,68640,2016-03-31,1,,,,,,,,,,,,,,,,,,,,,,,,,,,,,,,,,6330000,50574,6279426,false,false,3,2015-04-01,2015-06-30,0
2015-07-30,68640,2015-03-31,1,,,,,,,,,,,,,,,,,,,,,,,,,,,,,,,,,,,5820701,false,false,3,2014-04-01,2014-06-30,-1
2015-10-29,68640,2016-03-31,2,3531000000,-0.081,,,,,355000000,-0.252,363000000,-0.238,,249000000,,39.70,,,,,,10287000000,6955000000,0.676,,6955000000,,,,,,,,,,,,true,false,6,2015-04-01,2015-09-30,0
2015-10-29,68640,2015-03-31,2,3840000000,0.280,,,,,474000000,0.118,476000000,0.155,,304000000,,52.23,,,,,,,,,,,,,,,,,,,,,,true,false,6,2014-04-01,2014-09-30,-1
2015-10-29,68640,2016-03-31,2,8750000000,0.053,,,,,1200000000,0.106,1180000000,0.113,,710000000,,113.07,,,,,,,,,,,,,,,,,,,,,,true,true,12,2015-04-01,2016-03-31,0
2015-10-29,68640,2015-03-31,2,,,,,,,,,,,,,,,,,,,,10949000000,6857000000,0.626,,6857000000,,,,,,,,,,,,true,false,12,2014-04-01,2015-03-31,-1
2015-10-29,68640,2015-03-31,2,,,,,,,,,,,,,,,,,,,,,,,,,,,,,20.00,,,,6330000,50574,,false,false,12,2014-04-01,2015-03-31,-1
2015-10-29,68640,2016-03-31,2,,,,,,,,,,,,,,,,,,,,,,,,,,,,,0.00,,,,,,,false,false,12,2015-04-01,2016-03-31,0
2015-10-29,68640,2016-03-31,2,,,,,,,,,,,,,,,,,,,,,,,,,,,,,0.00,,,,,,,false,true,12,2015-04-01,2016-03-31,0
2015-10-29,68640,2016-03-31,2,,,,,,,,,,,,,,,,,,,,,,,,,,,,,,,,,6330000,50574,6279426,false,false,6,2015-04-01,2015-09-30,0
2015-10-29,68640,2015-03-31,2,,,,,,,,,,,,,,,,,,,,,,,,,,,,,,,,,,,5820681,false,false,6,2014-04-01,2014-09-30,-1
2015-10-29,68640,2016-03-31,2,3531000000,-0.081,,,,,355000000,-0.252,363000000,-0.238,,249000000,,39.70,,,,,,10287000000,6955000000,0.676,,6955000000,,,,,,,,,,,,true,false,6,2015-04-01,2015-09-30,0
2015-10-29,68640,2015-03-31,2,3840000000,,,,,,474000000,,476000000,,,304000000,,52.23,,,,,,,,,,,,,,,,,,,,,,true,false,6,2014-04-01,2014-09-30,-1
2015-10-29,68640,2016-03-31,2,8750000000,0.053,,,,,1200000000,0.106,1180000000,0.113,,710000000,,113.07,,,,,,,,,,,,,,,,,,,,,,true,true,12,2015-04-01,2016-03-31,0
2015-10-29,68640,2015-03-31,2,,,,,,,,,,,,,,,,,,,,10949000000,6857000000,0.626,,6857000000,,,,,,,,,,,,true,false,12,2014-04-01,2015-03-31,-1
2015-10-29,68640,2015-03-31,2,,,,,,,,,,,,,,,,,,,,,,,,,,,,,20.00,,,,6330000,50574,,false,false,12,2014-04-01,2015-03-31,-1
2015-10-29,68640,2016-03-31,2,,,,,,,,,,,,,,,,,,,,,,,,,,,,,0.00,,,,,,,false,false,12,2015-04-01,2016-03-31,0
2015-10-29,68640,2016-03-31,2,,,,,,,,,,,,,,,,,,,,,,,,,,,,,20.00,,,,,,,false,true,12,2015-04-01,2016-03-31,0
2015-10-29,68640,2016-03-31,2,,,,,,,,,,,,,,,,,,,,,,,,,,,,,,,,,6330000,50574,6279426,false,false,6,2015-04-01,2015-09-30,0
2015-10-29,68640,2015-03-31,2,,,,,,,,,,,,,,,,,,,,,,,,,,,,,,,,,,,5820681,false,false,6,2014-04-01,2014-09-30,-1
2016-01-29,68640,2016-03-31,3,5076000000,-0.083,,,,,455000000,-0.285,463000000,-0.271,,310000000,,49.49,,,,,,10443000000,7031000000,0.673,,7031000000,,,,,,,,,,,,true,false,9,2015-04-01,2015-12-31,0
2016-01-29,68640,2015-03-31,3,5534000000,0.199,,,,,637000000,0.105,635000000,0.138,,396000000,,68.05,,,,,,,,,,,,,,,,,,,,,,true,false,9,2014-04-01,2014-12-31,-1
2016-01-29,68640,2016-03-31,3,7780000000,-0.064,,,,,640000000,-0.410,640000000,-0.396,,390000000,,62.11,,,,,,,,,,,,,,,,,,,,,,true,true,12,2015-04-01,2016-03-31,0
2016-01-29,68640,2015-03-31,3,,,,,,,,,,,,,,,,,,,,10949000000,6857000000,0.626,,6857000000,,,,,,,,,,,,true,false,12,2014-04-01,2015-03-31,-1
2016-01-29,68640,2015-03-31,3,,,,,,,,,,,,,,,,,,,,,,,,,,,,,20.00,,,,6330000,50574,,false,false,12,2014-04-01,2015-03-31,-1
2016-01-29,68640,2016-03-31,3,,,,,,,,,,,,,,,,,,,,,,,,,,,,,0.00,,,,,,,false,false,12,2015-04-01,2016-03-31,0
2016-01-29,68640,2016-03-31,3,,,,,,,,,,,,,,,,,,,,,,,,,,,,,20.00,,,,,,,false,true,12,2015-04-01,2016-03-31,0
2016-01-29,68640,2016-03-31,3,,,,,,,,,,,,,,,,,,,,,,,,,,,,,,,,,6330000,50574,6279426,false,false,9,2015-04-01,2015-12-31,0
2016-01-29,68640,2015-03-31,3,,,,,,,,,,,,,,,,,,,,,,,,,,,,,,,,,,,5820278,false,false,9,2014-04-01,2014-12-31,-1
2016-01-29,68640,2016-03-31,,7780000000,-0.111,,,,,640000000,-0.467,640000000,-0.458,,390000000,,62.11,,,,,,,,,,,,,,,,,,,,,,true,true,12,2015-04-01,2016-03-31,0
2016-01-29,68640,2015-03-31,,8309000000,,,,,,1085000000,,1060000000,,,634000000,,108.31,,,,,,,,,,,,,,,,,,,,,,true,false,12,2014-04-01,2015-03-31,-1
2016-05-16,68640,2016-03-31,,7628000000,-0.082,,,,,706000000,-0.349,715000000,-0.326,,457000000,,72.82,,0.065,0.066,0.093,,10572000000,7145000000,0.676,1137.86,7145000000,214000000,-808000000,-222000000,571000000,,0.275,,,,,,true,false,12,2015-04-01,2016-03-31,0
2016-05-16,68640,2015-03-31,,8309000000,0.131,,,,,1085000000,0.127,1060000000,0.135,,634000000,,108.31,,0.099,0.102,0.131,,10949000000,6857000000,0.626,1092.11,6857000000,855000000,-35000000,-42000000,1387000000,,0.185,,,,,,true,false,12,2014-04-01,2015-03-31,-1
2016-05-16,68640,2017-03-31,,3600000000,0.019,,,,,380000000,0.070,380000000,0.046,,260000000,,41.41,,,,,,,,,,,,,,,,,,,,,,true,true,6,2016-04-01,2016-09-30,1
2016-05-16,68640,2017-03-31,,8000000000,0.049,,,,,750000000,0.061,750000000,0.049,,470000000,,74.85,,,,,,,,,,,,,,,,0.267,,,,,,true,true,12,2016-04-01,2017-03-31,1
2016-05-16,68640,2016-03-31,,6060000000,-0.128,,,,,484000000,-0.475,596000000,-0.374,406000000,,-0.316,64.67,,,,,,10086000000,6711000000,0.665,1068.81,6711000000,,,,,20.00,,,,6330000,50574,6279426,false,false,12,2015-04-01,2016-03-31,0
2016-05-16,68640,2015-03-31,,6947000000,0.060,,,,,922000000,0.114,953000000,0.056,593000000,,0.004,101.38,,,,,,10441000000,6468000000,0.619,1030.08,6468000000,,,,,20.00,,,,6330000,50574,5853931,false,false,12,2014-04-01,2015-03-31,-1
2016-05-16,68640,2017-03-31,,,,,,,,,,,,,,,,,,,,,,,,,,,,,,20.00,,,,,,,false,true,12,2016-04-01,2017-03-31,1
2016-07-29,68640,2017-03-31,1,1394000000,-0.098,,,,,52000000,-0.557,57000000,-0.562,,37000000,,6.02,,,,,,10500000000,7047000000,0.671,,7047000000,,,,,,,,,,,,true,false,3,2016-04-01,2016-06-30,0
2016-07-29,68640,2016-03-31,1,1544000000,0.039,,,,,118000000,0.056,131000000,0.084,,99000000,,15.91,,,,,,,,,,,,,,,,,,,,,,true,false,3,2015-04-01,2015-06-30,-1
2016-07-29,68640,2017-03-31,1,3600000000,0.019,,,,,380000000,0.070,380000000,0.046,,260000000,,41.41,,,,,,,,,,,,,,,,,,,,,,true,true,6,2016-04-01,2016-09-30,0
2016-07-29,68640,2017-03-31,1,8000000000,0.049,,,,,750000000,0.061,750000000,0.049,,470000000,,74.85,,,,,,,,,,,,,,,,,,,,,,true,true,12,2016-04-01,2017-03-31,0
2016-07-29,68640,2016-03-31,1,,,,,,,,,,,,,,,,,,,,10572000000,7145000000,0.676,,7145000000,,,,,,,,,,,,true,false,12,2015-04-01,2016-03-31,-1
2016-07-29,68640,2016-03-31,1,,,,,,,,,,,,,,,,,,,,,,,,,,,,,20.00,,,,6330000,50574,,false,false,12,2015-04-01,2016-03-31,-1
2016-07-29,68640,2017-03-31,1,,,,,,,,,,,,,,,,,,,,,,,,,,,,,20.00,,,,,,,false,true,12,2016-04-01,2017-03-31,0
2016-07-29,68640,2017-03-31,1,,,,,,,,,,,,,,,,,,,,,,,,,,,,,,,,,6330000,50624,6279383,false,false,3,2016-04-01,2016-06-30,0
2016-07-29,68640,2016-03-31,1,,,,,,,,,,,,,,,,,,,,,,,,,,,,,,,,,,,6279426,false,false,3,2015-04-01,2015-06-30,-1
2016-10-28,68640,2017-03-31,2,3451000000,-0.023,,,,,362000000,0.022,365000000,0.006,,246000000,,39.22,,,,,,10424000000,7261000000,0.697,,7261000000,,,,,,,,,,,,true,false,6,2016-04-01,2016-09-30,0
2016-10-28,68640,2016-03-31,2,3531000000,-0.081,,,,,355000000,-0.252,363000000,-0.238,,249000000,,39.70,,,,,,,,,,,,,,,,,,,,,,true,false,6,2015-04-01,2015-09-30,-1
2016-10-28,68640,2017-03-31,2,8000000000,0.049,,,,,750000000,0.061,750000000,0.049,,470000000,,74.85,,,,,,,,,,,,,,,,,,,,,,true,true,12,2016-04-01,2017-03-31,0
2016-10-28,68640,2016-03-31,2,,,,,,,,,,,,,,,,,,,,10572000000,7145000000,0.676,,7145000000,,,,,,,,,,,,true,false,12,2015-04-01,2016-03-31,-1
2016-10-28,68640,2016-03-31,2,,,,,,,,,,,,,,,,,,,,,,,,,,,,,20.00,,,,6330000,50574,,false,false,12,2015-04-01,2016-03-31,-1
2016-10-28,68640,2017-03-31,2,,,,,,,,,,,,,,,,,,,,,,,,,,,,,0.00,,,,,,,false,false,12,2016-04-01,2017-03-31,0
2016-10-28,68640,2017-03-31,2,,,,,,,,,,,,,,,,,,,,,,,,,,,,,20.00,,,,,,,false,true,12,2016-04-01,2017-03-31,0
2016-10-28,68640,2017-03-31,2,,,,,,,,,,,,,,,,,,,,,,,,,,,,,,,,,6330000,50624,6279380,false,false,6,2016-04-01,2016-09-30,0
2016-10-28,68640,2016-03-31,2,,,,,,,,,,,,,,,,,,,,,,,,,,,,,,,,,,,6279426,false,false,6,2015-04-01,2015-09-30,-1
2017-01-30,68640,2017-03-31,3,4720000000,-0.070,,,,,347000000,-0.238,348000000,-0.247,,219000000,,34.92,,,,,,10104000000,7257000000,0.718,,7257000000,,,,,,,,,,,,true,false,9,2016-04-01,2016-12-31,0
2017-01-30,68640,2016-03-31,3,5076000000,-0.083,,,,,455000000,-0.285,463000000,-0.271,,310000000,,49.49,,,,,,,,,,,,,,,,,,,,,,true,false,9,2015-04-01,2015-12-31,-1
2017-01-30,68640,2017-03-31,3,8000000000,0.049,,,,,750000000,0.061,750000000,0.049,,470000000,,74.85,,,,,,,,,,,,,,,,,,,,,,true,true,12,2016-04-01,2017-03-31,0
2017-01-30,68640,2016-03-31,3,,,,,,,,,,,,,,,,,,,,10572000000,7145000000,0.676,,7145000000,,,,,,,,,,,,true,false,12,2015-04-01,2016-03-31,-1
2017-01-30,68640,2016-03-31,3,,,,,,,,,,,,,,,,,,,,,,,,,,,,,20.00,,,,6330000,50574,,false,false,12,2015-04-01,2016-03-31,-1
2017-01-30,68640,2017-03-31,3,,,,,,,,,,,,,,,,,,,,,,,,,,,,,0.00,,,,,,,false,false,12,2016-04-01,2017-03-31,0
2017-01-30,68640,2017-03-31,3,,,,,,,,,,,,,,,,,,,,,,,,,,,,,20.00,,,,,,,false,true,12,2016-04-01,2017-03-31,0
2017-01-30,68640,2017-03-31,3,,,,,,,,,,,,,,,,,,,,,,,,,,,,,,,,,6330000,50624,6279379,false,false,9,2016-04-01,2016-12-31,0
2017-01-30,68640,2016-03-31,3,,,,,,,,,,,,,,,,,,,,,,,,,,,,,,,,,,,6279426,false,false,9,2015-04-01,2015-12-31,-1
2017-04-05,68640,2017-03-31,,7040000000,-0.120,,,,,580000000,-0.227,580000000,-0.227,,360000000,,57.33,,,,,,,,,,,,,,,,,,,,,,true,true,12,2016-04-01,2017-03-31,0
2017-04-05,68640,2016-03-31,,7628000000,,,,,,706000000,,715000000,,,457000000,,72.82,,,,,,,,,,,,,,,,,,,,,,true,false,12,2015-04-01,2016-03-31,-1
2017-05-15,68640,2017-03-31,,7044000000,-0.076,,,,,589000000,-0.167,586000000,-0.180,,380000000,,60.62,,0.052,0.055,0.084,,10806000000,7428000000,0.687,1182.93,7428000000,369000000,-253000000,-1000000,685000000,,0.330,,,,,,true,false,12,2016-04-01,2017-03-31,0
2017-05-15,68640,2016-03-31,,7628000000,-0.082,,,,,706000000,-0.349,715000000,-0.326,,457000000,,72.82,,0.065,0.066,0.093,,10572000000,7145000000,0.676,1137.86,7145000000,214000000,-808000000,-222000000,571000000,,0.275,,,,,,true,false,12,2015-04-01,2016-03-31,-1
2017-05-15,68640,2018-03-31,,3950000000,0.144,,,,,380000000,0.048,380000000,0.040,,250000000,,39.81,,,,,,,,,,,,,,,,,,,,,,true,true,6,2017-04-01,2017-09-30,1
2017-05-15,68640,2018-03-31,,8350000000,0.185,,,,,610000000,0.035,600000000,0.023,,390000000,,62.11,,,,,,,,,,,,,,,,0.322,,,,,,true,true,12,2017-04-01,2018-03-31,1
2017-05-15,68640,2017-03-31,,5688000000,-0.061,,,,,407000000,-0.159,518000000,-0.131,368000000,,-0.093,58.67,,,,,,10362000000,6966000000,0.672,1109.49,6966000000,,,,,20.00,,,,6330000,50624,6279378,false,false,12,2016-04-01,2017-03-31,0
2017-05-15,68640,2016-03-31,,6060000000,-0.128,,,,,484000000,-0.475,596000000,-0.374,406000000,,-0.316,64.67,,,,,,10086000000,6711000000,0.665,1068.81,6711000000,,,,,20.00,,,,6330000,50574,6279426,false,false,12,2015-04-01,2016-03-31,-1
2017-05-15,68640,2018-03-31,,,,,,,,,,,,,,,,,,,,,,,,,,,,,,20.00,,,,,,,false,true,12,2017-04-01,2018-03-31,1
2017-07-27,68640,2018-03-31,1,1565000000,0.123,,,,,-24000000,,-16000000,,,77000000,,12.29,,,,,,11082000000,7384000000,0.666,,7384000000,,,,,,,,,,,,true,false,3,2017-04-01,2017-06-30,0
2017-07-27,68640,2017-03-31,1,1394000000,-0.098,,,,,52000000,-0.557,57000000,-0.562,,37000000,,6.02,,,,,,,,,,,,,,,,,,,,,,true,false,3,2016-04-01,2016-06-30,-1
2017-07-27,68640,2018-03-31,1,3950000000,0.144,,,,,380000000,0.048,380000000,0.040,,250000000,,39.81,,,,,,,,,,,,,,,,,,,,,,true,true,6,2017-04-01,2017-09-30,0
2017-07-27,68640,2018-03-31,1,8350000000,0.185,,,,,610000000,0.035,600000000,0.023,,390000000,,62.11,,,,,,,,,,,,,,,,,,,,,,true,true,12,2017-04-01,2018-03-31,0
2017-07-27,68640,2017-03-31,1,,,,,,,,,,,,,,,,,,,,10806000000,7428000000,0.687,,7428000000,,,,,,,,,,,,true,false,12,2016-04-01,2017-03-31,-1
2017-07-27,68640,2017-03-31,1,,,,,,,,,,,,,,,,,,,,,,,,,,,,,20.00,,,,6330000,50624,,false,false,12,2016-04-01,2017-03-31,-1
2017-07-27,68640,2018-03-31,1,,,,,,,,,,,,,,,,,,,,,,,,,,,,,20.00,,,,,,,false,true,12,2017-04-01,2018-03-31,0
2017-07-27,68640,2018-03-31,1,,,,,,,,,,,,,,,,,,,,,,,,,,,,,,,,,6330000,50624,6279376,false,false,3,2017-04-01,2017-06-30,0
2017-07-27,68640,2017-03-31,1,,,,,,,,,,,,,,,,,,,,,,,,,,,,,,,,,,,6279383,false,false,3,2016-04-01,2016-06-30,-1
2017-10-20,68640,2018-03-31,,3810000000,-0.035,,,,,120000000,-0.684,130000000,-0.658,,170000000,,27.07,,,,,,,,,,,,,,,,,,,,,,true,true,6,2017-04-01,2017-09-30,0
2017-10-20,68640,2017-03-31,,3451000000,,,,,,362000000,,365000000,,,246000000,,39.22,,,,,,,,,,,,,,,,,,,,,,true,false,6,2016-04-01,2016-09-30,-1
2017-10-30,68640,2018-03-31,2,3814000000,0.105,,,,,113000000,-0.686,125000000,-0.658,,172000000,,27.46,,,,,,11692000000,7499000000,0.641,,7499000000,,,,,,,,,,,,true,false,6,2017-04-01,2017-09-30,0
2017-10-30,68640,2017-03-31,2,3451000000,-0.023,,,,,362000000,0.022,365000000,0.006,,246000000,,39.22,,,,,,,,,,,,,,,,,,,,,,true,false,6,2016-04-01,2016-09-30,-1
2017-10-30,68640,2018-03-31,2,8350000000,0.185,,,,,610000000,0.035,600000000,0.023,,390000000,,62.11,,,,,,,,,,,,,,,,,,,,,,true,true,12,2017-04-01,2018-03-31,0
2017-10-30,68640,2017-03-31,2,,,,,,,,,,,,,,,,,,,,10806000000,7428000000,0.687,,7428000000,,,,,,,,,,,,true,false,12,2016-04-01,2017-03-31,-1
2017-10-30,68640,2017-03-31,2,,,,,,,,,,,,,,,,,,,,,,,,,,,,,20.00,,,,6330000,50624,,false,false,12,2016-04-01,2017-03-31,-1
2017-10-30,68640,2018-03-31,2,,,,,,,,,,,,,,,,,,,,,,,,,,,,,0.00,,,,,,,false,false,12,2017-04-01,2018-03-31,0
2017-10-30,68640,2018-03-31,2,,,,,,,,,,,,,,,,,,,,,,,,,,,,,20.00,,,,,,,false,true,12,2017-04-01,2018-03-31,0
2017-10-30,68640,2018-03-31,2,,,,,,,,,,,,,,,,,,,,,,,,,,,,,,,,,6330000,50690,6279362,false,false,6,2017-04-01,2017-09-30,0
2017-10-30,68640,2017-03-31,2,,,,,,,,,,,,,,,,,,,,,,,,,,,,,,,,,,,6279380,false,false,6,2016-04-01,2016-09-30,-1
2018-01-25,68640,2018-03-31,3,6457000000,0.368,,,,,466000000,0.344,476000000,0.367,,403000000,,64.25,,,,,,12697000000,7765000000,0.612,,7765000000,,,,,,,,,,,,true,false,9,2017-04-01,2017-12-31,0
2018-01-25,68640,2017-03-31,3,4720000000,-0.070,,,,,347000000,-0.238,348000000,-0.247,,219000000,,34.92,,,,,,,,,,,,,,,,,,,,,,true,false,9,2016-04-01,2016-12-31,-1
2018-01-25,68640,2018-03-31,3,9600000000,0.363,,,,,830000000,0.409,840000000,0.432,,640000000,,101.92,,,,,,,,,,,,,,,,,,,,,,true,true,12,2017-04-01,2018-03-31,0
2018-01-25,68640,2017-03-31,3,,,,,,,,,,,,,,,,,,,,10806000000,7428000000,0.687,,7428000000,,,,,,,,,,,,true,false,12,2016-04-01,2017-03-31,-1
2018-01-25,68640,2017-03-31,3,,,,,,,,,,,,,,,,,,,,,,,,,,,,,20.00,,,,6330000,50624,,false,false,12,2016-04-01,2017-03-31,-1
2018-01-25,68640,2018-03-31,3,,,,,,,,,,,,,,,,,,,,,,,,,,,,,0.00,,,,,,,false,false,12,2017-04-01,2018-03-31,0
2018-01-25,68640,2018-03-31,3,,,,,,,,,,,,,,,,,,,,,,,,,,,,,20.00,,,,,,,false,true,12,2017-04-01,2018-03-31,0
2018-01-25,68640,2018-03-31,3,,,,,,,,,,,,,,,,,,,,,,,,,,,,,,,,,6330000,50701,6279345,false,false,9,2017-04-01,2017-12-31,0
2018-01-25,68640,2017-03-31,3,,,,,,,,,,,,,,,,,,,,,,,,,,,,,,,,,,,6279379,false,false,9,2016-04-01,2016-12-31,-1
2018-01-25,68640,2018-03-31,,9600000000,0.150,,,,,830000000,0.361,840000000,0.400,,640000000,,101.92,,,,,,,,,,,,,,,,,,,,,,true,true,12,2017-04-01,2018-03-31,0
2018-01-25,68640,2017-03-31,,7044000000,,,,,,589000000,,586000000,,,380000000,,60.62,,,,,,,,,,,,,,,,,,,,,,true,false,12,2016-04-01,2017-03-31,-1
2018-05-14,68640,2018-03-31,,10098000000,0.052,,,,,1102000000,0.328,1109000000,0.320,,822000000,,130.96,,,,,,,,,,,,,,,,,,,,,,true,true,12,2017-04-01,2018-03-31,0
2018-05-14,68640,2017-03-31,,7044000000,,,,,,589000000,,586000000,,,380000000,,60.62,,,,,,,,,,,,,,,,,,,,,,true,false,12,2016-04-01,2017-03-31,-1
2018-05-15,68640,2018-03-31,,10098000000,0.433,,,,,1102000000,0.872,1109000000,0.892,,822000000,,130.96,,0.106,0.088,0.109,,14455000000,8155000000,0.564,1298.87,8155000000,1881000000,165000000,-562000000,2169000000,,0.191,,,,,,true,false,12,2017-04-01,2018-03-31,0
2018-05-15,68640,2017-03-31,,7044000000,-0.076,,,,,589000000,-0.167,586000000,-0.180,,380000000,,60.62,,0.052,0.055,0.084,,10806000000,7428000000,0.687,1182.93,7428000000,369000000,-253000000,-1000000,685000000,,0.330,,,,,,true,false,12,2016-04-01,2017-03-31,-1
2018-05-15,68640,2019-03-31,,4400000000,0.154,,,,,220000000,0.931,220000000,0.758,,140000000,,22.30,,,,,,,,,,,,,,,,,,,,,,true,true,6,2018-04-01,2018-09-30,1
2018-05-15,68640,2019-03-31,,10500000000,0.040,,,,,1150000000,0.043,1150000000,0.037,,750000000,,119.44,,,,,,,,,,,,,,,,0.209,,,,,,true,true,12,2018-04-01,2019-03-31,1
2018-05-15,68640,2018-03-31,,7788000000,0.369,,,,,629000000,0.546,711000000,0.371,489000000,,0.328,77.91,,,,,,13449000000,7349000000,0.546,1170.39,7349000000,,,,,25.00,,,,6330000,50729,6279332,false,false,12,2017-04-01,2018-03-31,0
2018-05-15,68640,2017-03-31,,5688000000,-0.061,,,,,407000000,-0.159,518000000,-0.131,368000000,,-0.093,58.67,,,,,,10362000000,6966000000,0.672,1109.49,6966000000,,,,,20.00,,,,6330000,50624,6279378,false,false,12,2016-04-01,2017-03-31,-1
2018-05-15,68640,2019-03-31,,,,,,,,,,,,,,,,,,,,,,,,,,,,,,25.00,,,,,,,false,true,12,2018-04-01,2019-03-31,1
,68640,2018-03-31,,,,,,,,,,,,,,,,,,,,,,,,,,,,,,25.00,,,,,,,false,true,12,2017-04-01,2018-03-31,0
,68640,2018-03-31,,,,,,,,,,,,,,,,,,,,,,,,,,,,,,0.00,,,,,,,false,false,12,2017-04-01,2018-03-31,0
,68640,2017-03-31,,,,,,,,,,,,,,,,,,,,,,,,,,,,,,20.00,,,,,,,false,false,12,2016-04-01,2017-03-31,-1
2018-07-26,68640,2019-03-31,1,2122000000,0.356,,,,,150000000,,150000000,,,93000000,,14.85,,,,,,13181000000,8082000000,0.613,,8082000000,,,,,,,,,,,,true,false,3,2018-04-01,2018-06-30,0
2018-07-26,68640,2018-03-31,1,1565000000,0.123,,,,,-24000000,,-16000000,,,77000000,,12.29,,,,,,,,,,,,,,,,,,,,,,true,false,3,2017-04-01,2017-06-30,-1
2018-07-26,68640,2019-03-31,1,4400000000,0.154,,,,,220000000,0.931,220000000,0.758,,140000000,,22.30,,,,,,,,,,,,,,,,,,,,,,true,true,6,2018-04-01,2018-09-30,0
2018-07-26,68640,2019-03-31,1,10500000000,0.040,,,,,1150000000,0.043,1150000000,0.037,,750000000,,119.44,,,,,,,,,,,,,,,,,,,,,,true,true,12,2018-04-01,2019-03-31,0
2018-07-26,68640,2018-03-31,1,,,,,,,,,,,,,,,,,,,,14455000000,8155000000,0.564,,8155000000,,,,,,,,,,,,true,false,12,2017-04-01,2018-03-31,-1
2018-07-26,68640,2018-03-31,1,,,,,,,,,,,,,,,,,,,,,,,,,,,,,25.00,,,,6330000,50729,,false,false,12,2017-04-01,2018-03-31,-1
2018-07-26,68640,2019-03-31,1,,,,,,,,,,,,,,,,,,,,,,,,,,,,,25.00,,,,,,,false,true,12,2018-04-01,2019-03-31,0
2018-07-26,68640,2019-03-31,1,,,,,,,,,,,,,,,,,,,,,,,,,,,,,,,,,6330000,50767,6279259,false,false,3,2018-04-01,2018-06-30,0
2018-07-26,68640,2018-03-31,1,,,,,,,,,,,,,,,,,,,,,,,,,,,,,,,,,,,6279376,false,false,3,2017-04-01,2017-06-30,-1
2018-09-20,68640,2019-03-31,,5000000000,0.136,,,,,450000000,1.045,460000000,1.091,,300000000,,47.78,,,,,,,,,,,,,,,,,,,,,,true,true,6,2018-04-01,2018-09-30,0
2018-09-20,68640,2018-03-31,,3814000000,,,,,,113000000,,125000000,,,172000000,,27.46,,,,,,,,,,,,,,,,,,,,,,true,false,6,2017-04-01,2017-09-30,-1
2018-09-20,68640,2019-03-31,,10800000000,0.029,,,,,1200000000,0.043,1200000000,0.043,,800000000,,127.40,,,,,,,,,,,,,,,,,,,,,,true,true,12,2018-04-01,2019-03-31,0
2018-09-20,68640,2018-03-31,,10098000000,,,,,,1102000000,,1109000000,,,822000000,,130.96,,,,,,,,,,,,,,,,,,,,,,true,false,12,2017-04-01,2018-03-31,-1
2018-10-31,68640,2019-03-31,2,5044000000,0.322,,,,,490000000,3.301,501000000,3.004,,338000000,,53.88,,,,,,13226000000,8333000000,0.630,,8333000000,,,,,,,,,,,,true,false,6,2018-04-01,2018-09-30,0
2018-10-31,68640,2018-03-31,2,3814000000,0.105,,,,,113000000,-0.686,125000000,-0.658,,172000000,,27.46,,,,,,,,,,,,,,,,,,,,,,true,false,6,2017-04-01,2017-09-30,-1
2018-10-31,68640,2019-03-31,2,10800000000,0.069,,,,,1200000000,0.088,1200000000,0.082,,800000000,,127.40,,,,,,,,,,,,,,,,,,,,,,true,true,12,2018-04-01,2019-03-31,0
2018-10-31,68640,2018-03-31,2,,,,,,,,,,,,,,,,,,,,14455000000,8155000000,0.564,,8155000000,,,,,,,,,,,,true,false,12,2017-04-01,2018-03-31,-1
2018-10-31,68640,2018-03-31,2,,,,,,,,,,,,,,,,,,,,,,,,,,,,,25.00,,,,6330000,50729,,false,false,12,2017-04-01,2018-03-31,-1
2018-10-31,68640,2019-03-31,2,,,,,,,,,,,,,,,,,,,,,,,,,,,,,0.00,,,,,,,false,false,12,2018-04-01,2019-03-31,0
2018-10-31,68640,2019-03-31,2,,,,,,,,,,,,,,,,,,,,,,,,,,,,,25.00,,,,,,,false,true,12,2018-04-01,2019-03-31,0
2018-10-31,68640,2019-03-31,2,,,,,,,,,,,,,,,,,,,,,,,,,,,,,,,,,6330000,50768,6279246,false,false,6,2018-04-01,2018-09-30,0
2018-10-31,68640,2018-03-31,2,,,,,,,,,,,,,,,,,,,,,,,,,,,,,,,,,,,6279362,false,false,6,2017-04-01,2017-09-30,-1
2019-01-30,68640,2019-03-31,3,7889000000,0.222,,,,,894000000,0.918,899000000,0.887,,610000000,,95.97,95.88,,,,,14336000000,9313000000,0.649,,9310000000,,,,,,,,,,,,true,false,9,2018-04-01,2018-12-31,0
2019-01-30,68640,2018-03-31,3,6457000000,0.368,,,,,466000000,0.344,476000000,0.367,,403000000,,64.25,,,,,,,,,,,,,,,,,,,,,,true,false,9,2017-04-01,2017-12-31,-1
2019-01-30,68640,2019-03-31,3,11300000000,0.119,,,,,1300000000,0.179,1300000000,0.172,,870000000,,136.84,,,,,,,,,,,,,,,,,,,,,,true,true,12,2018-04-01,2019-03-31,0
2019-01-30,68640,2018-03-31,3,,,,,,,,,,,,,,,,,,,,14455000000,8155000000,0.564,,8155000000,,,,,,,,,,,,true,false,12,2017-04-01,2018-03-31,-1
2019-01-30,68640,2018-03-31,3,,,,,,,,,,,,,,,,,,,,,,,,,,,,,25.00,,,,6330000,50729,,false,false,12,2017-04-01,2018-03-31,-1
2019-01-30,68640,2019-03-31,3,,,,,,,,,,,,,,,,,,,,,,,,,,,,,0.00,,,,,,,false,false,12,2018-04-01,2019-03-31,0
2019-01-30,68640,2019-03-31,3,,,,,,,,,,,,,,,,,,,,,,,,,,,,,25.00,,,,,,,false,true,12,2018-04-01,2019-03-31,0
2019-01-30,68640,2019-03-31,3,,,,,,,,,,,,,,,,,,,,,,,,,,,,,,,,,6750000,50768,6357565,false,false,9,2018-04-01,2018-12-31,0
2019-01-30,68640,2018-03-31,3,,,,,,,,,,,,,,,,,,,,,,,,,,,,,,,,,,,6279345,false,false,9,2017-04-01,2017-12-31,-1
2019-01-30,68640,2019-03-31,,11300000000,0.046,,,,,1300000000,0.083,1300000000,0.083,,870000000,,136.84,,,,,,,,,,,,,,,,,,,,,,true,true,12,2018-04-01,2019-03-31,0
2019-01-30,68640,2018-03-31,,10098000000,,,,,,1102000000,,1109000000,,,822000000,,130.96,,,,,,,,,,,,,,,,,,,,,,true,false,12,2017-04-01,2018-03-31,-1
2019-05-15,68640,2019-03-31,,12011000000,0.190,,,,,1424000000,0.291,1431000000,0.291,,952000000,,147.81,147.70,0.107,0.094,0.119,,15977000000,9675000000,0.605,1443.78,9672000000,1302000000,-383000000,72000000,3161000000,,0.237,,,,,,true,false,12,2018-04-01,2019-03-31,0
2019-05-15,68640,2018-03-31,,10098000000,0.433,,,,,1102000000,0.872,1109000000,0.892,,822000000,,130.96,,0.106,0.088,0.109,,14455000000,8155000000,0.564,1298.87,8155000000,1881000000,165000000,-562000000,2169000000,,0.191,,,,,,true,false,12,2017-04-01,2018-03-31,-1
2019-05-15,68640,2020-03-31,,5600000000,0.110,,,,,500000000,0.020,510000000,0.018,,340000000,,52.78,,,,,,,,,,,,,,,,,,,,,,true,true,6,2019-04-01,2019-09-30,1
2019-05-15,68640,2020-03-31,,12600000000,0.049,,,,,1500000000,0.053,1500000000,0.048,,970000000,,150.58,,,,,,,,,,,,,,,,0.166,,,,,,true,true,12,2019-04-01,2020-03-31,1
2019-05-15,68640,2019-03-31,,9936000000,0.276,,,,,991000000,0.575,1198000000,0.685,869000000,,0.777,134.96,134.86,,,,,15150000000,8799000000,0.581,1313.06,8796000000,,,,,35.00,,,,6750000,50876,6441803,false,false,12,2018-04-01,2019-03-31,0
2019-05-15,68640,2018-03-31,,7788000000,0.369,,,,,629000000,0.546,711000000,0.371,489000000,,0.328,77.91,,,,,,13449000000,7349000000,0.546,1170.39,7349000000,,,,,25.00,,,,6330000,50729,6279332,false,false,12,2017-04-01,2018-03-31,-1
2019-05-15,68640,2020-03-31,,,,,,,,,,,,,,,,,,,,,,,,,,,,,,25.00,,,,,,,false,true,12,2019-04-01,2020-03-31,1
2019-07-30,68640,2020-03-31,1,2889000000,0.361,,,,,187000000,0.246,191000000,0.277,,121000000,,18.17,,,,,,15463000000,9555000000,0.618,,9552000000,,,,,,,,,,,,true,false,3,2019-04-01,2019-06-30,0
2019-07-30,68640,2019-03-31,1,2122000000,0.356,,,,,150000000,,150000000,,,93000000,,14.85,,,,,,,,,,,,,,,,,,,,,,true,false,3,2018-04-01,2018-06-30,-1
2019-07-30,68640,2020-03-31,1,5600000000,0.110,,,,,500000000,0.020,510000000,0.018,,340000000,,52.78,,,,,,,,,,,,,,,,,,,,,,true,true,6,2019-04-01,2019-09-30,0
2019-07-30,68640,2020-03-31,1,12600000000,0.049,,,,,1500000000,0.053,1500000000,0.048,,970000000,,150.58,,,,,,,,,,,,,,,,,,,,,,true,true,12,2019-04-01,2020-03-31,0
2019-07-30,68640,2019-03-31,1,,,,,,,,,,,,,,,,,,,,15977000000,9675000000,0.605,,9672000000,,,,,,,,,,,,true,false,12,2018-04-01,2019-03-31,-1
2019-07-30,68640,2019-03-31,1,,,,,,,,,,,,,,,,,,,,,,,,,,,,,35.00,,,,6750000,50876,,false,false,12,2018-04-01,2019-03-31,-1
2019-07-30,68640,2020-03-31,1,,,,,,,,,,,,,,,,,,,,,,,,,,,,,25.00,,,,,,,false,true,12,2019-04-01,2020-03-31,0
2019-07-30,68640,2020-03-31,1,,,,,,,,,,,,,,,,,,,,,,,,,,,,,,,,,6750000,50953,6699077,false,false,3,2019-04-01,2019-06-30,0
2019-07-30,68640,2019-03-31,1,,,,,,,,,,,,,,,,,,,,,,,,,,,,,,,,,,,6279259,false,false,3,2018-04-01,2018-06-30,-1
2019-10-24,68640,2020-03-31,,6180000000,0.104,,,,,570000000,0.140,570000000,0.118,,380000000,,56.30,,,,,,,,,,,,,,,,,,,,,,true,true,6,2019-04-01,2019-09-30,0
2019-10-24,68640,2019-03-31,,5044000000,,,,,,490000000,,501000000,,,338000000,,53.88,,,,,,,,,,,,,,,,,,,,,,true,false,6,2018-04-01,2018-09-30,-1
2019-10-29,68640,2020-03-31,2,6188000000,0.227,,,,,575000000,0.175,575000000,0.149,,390000000,,58.33,,,,,,15879000000,9803000000,0.617,,9800000000,,,,,,,,,,,,true,false,6,2019-04-01,2019-09-30,0
2019-10-29,68640,2019-03-31,2,5044000000,0.322,,,,,490000000,3.301,501000000,3.004,,338000000,,53.88,,,,,,,,,,,,,,,,,,,,,,true,false,6,2018-04-01,2018-09-30,-1
2019-10-29,68640,2020-03-31,2,12600000000,0.049,,,,,1500000000,0.053,1500000000,0.048,,970000000,,150.58,,,,,,,,,,,,,,,,,,,,,,true,true,12,2019-04-01,2020-03-31,0
2019-10-29,68640,2019-03-31,2,,,,,,,,,,,,,,,,,,,,15977000000,9675000000,0.605,,9672000000,,,,,,,,,,,,true,false,12,2018-04-01,2019-03-31,-1
2019-10-29,68640,2019-03-31,2,,,,,,,,,,,,,,,,,,,,,,,,,,,,,35.00,,,,6750000,50876,,false,false,12,2018-04-01,2019-03-31,-1
2019-10-29,68640,2020-03-31,2,,,,,,,,,,,,,,,,,,,,,,,,,,,,,0.00,,,,,,,false,false,12,2019-04-01,2020-03-31,0
2019-10-29,68640,2020-03-31,2,,,,,,,,,,,,,,,,,,,,,,,,,,,,,25.00,,,,,,,false,true,12,2019-04-01,2020-03-31,0
2019-10-29,68640,2020-03-31,2,,,,,,,,,,,,,,,,,,,,,,,,,,,,,,,,,6750000,51032,6699033,false,false,6,2019-04-01,2019-09-30,0
2019-10-29,68640,2019-03-31,2,,,,,,,,,,,,,,,,,,,,,,,,,,,,,,,,,,,6279246,false,false,6,2018-04-01,2018-09-30,-1
2020-01-30,68640,2020-03-31,3,9282000000,0.177,,,,,936000000,0.047,938000000,0.043,,630000000,,94.11,,,,,,16369000000,10082000000,0.616,,10079000000,,,,,,,,,,,,true,false,9,2019-04-01,2019-12-31,0
2020-01-30,68640,2019-03-31,3,7889000000,0.222,,,,,894000000,0.918,899000000,0.887,,610000000,,95.97,95.88,,,,,,,,,,,,,,,,,,,,,true,false,9,2018-04-01,2018-12-31,-1
2020-01-30,68640,2020-03-31,3,12600000000,0.049,,,,,1500000000,0.053,1500000000,0.048,,970000000,,150.58,,,,,,,,,,,,,,,,,,,,,,true,true,12,2019-04-01,2020-03-31,0
2020-01-30,68640,2019-03-31,3,,,,,,,,,,,,,,,,,,,,15977000000,9675000000,0.605,,9672000000,,,,,,,,,,,,true,false,12,2018-04-01,2019-03-31,-1
2020-01-30,68640,2019-03-31,3,,,,,,,,,,,,,,,,,,,,,,,,,,,,,35.00,,,,6750000,50876,,false,false,12,2018-04-01,2019-03-31,-1
2020-01-30,68640,2020-03-31,3,,,,,,,,,,,,,,,,,,,,,,,,,,,,,0.00,,,,,,,false,false,12,2019-04-01,2020-03-31,0
2020-01-30,68640,2020-03-31,3,,,,,,,,,,,,,,,,,,,,,,,,,,,,,30.00,,,,,,,false,true,12,2019-04-01,2020-03-31,0
2020-01-30,68640,2020-03-31,3,,,,,,,,,,,,,,,,,,,,,,,,,,,,,,,,,6750000,51032,6699012,false,false,9,2019-04-01,2019-12-31,0
2020-01-30,68640,2019-03-31,3,,,,,,,,,,,,,,,,,,,,,,,,,,,,,,,,,,,6357565,false,false,9,2018-04-01,2018-12-31,-1
2020-05-15,68640,2020-03-31,,13231000000,0.102,,,,,1532000000,0.076,1540000000,0.076,,981000000,,146.31,,0.097,0.090,0.116,,18255000000,11863000000,0.583,1580.29,10636000000,1464000000,-1022000000,1542000000,5146000000,,0.205,,,,,,true,false,12,2019-04-01,2020-03-31,0
2020-05-15,68640,2019-03-31,,12011000000,0.190,,,,,1424000000,0.291,1431000000,0.291,,952000000,,147.81,147.70,0.107,0.094,0.119,,15977000000,9675000000,0.605,1443.78,9672000000,1302000000,-383000000,72000000,3161000000,,0.237,,,,,,true,false,12,2018-04-01,2019-03-31,-1
2020-05-15,68640,2020-03-31,,10801000000,0.087,,,,,1095000000,0.105,1391000000,0.161,986000000,,0.135,147.16,,,,,,16029000000,9551000000,0.596,1418.62,9548000000,,,,,30.00,,,,6782000,51032,6706376,false,false,12,2019-04-01,2020-03-31,0
2020-05-15,68640,2019-03-31,,9936000000,0.276,,,,,991000000,0.575,1198000000,0.685,869000000,,0.777,134.96,134.86,,,,,15150000000,8799000000,0.581,1313.06,8796000000,,,,,35.00,,,,6750000,50876,6441803,false,false,12,2018-04-01,2019-03-31,-1
2020-07-30,68640,2021-03-31,1,2179000000,-0.246,,,,,136000000,-0.269,150000000,-0.214,,85000000,,12.66,,,,,,17493000000,11794000000,0.604,,10567000000,,,,,,,,,,,,true,false,3,2020-04-01,2020-06-30,0
2020-07-30,68640,2020-03-31,1,2889000000,0.361,,,,,187000000,0.246,191000000,0.277,,121000000,,18.17,,,,,,,,,,,,,,,,,,,,,,true,false,3,2019-04-01,2019-06-30,-1
2020-07-30,68640,2020-03-31,1,,,,,,,,,,,,,,,,,,,,18255000000,11863000000,0.583,,10636000000,,,,,,,,,,,,true,false,12,2019-04-01,2020-03-31,-1
2020-07-30,68640,2020-03-31,1,,,,,,,,,,,,,,,,,,,,,,,,,,,,,30.00,,,,6782000,51032,,false,false,12,2019-04-01,2020-03-31,-1
2020-07-30,68640,2021-03-31,1,,,,,,,,,,,,,,,,,,,,,,,,,,,,,,,,,6782000,51032,6730968,false,false,3,2020-04-01,2020-06-30,0
2020-07-30,68640,2020-03-31,1,,,,,,,,,,,,,,,,,,,,,,,,,,,,,,,,,,,6699077,false,false,3,2019-04-01,2019-06-30,-1
2020-10-29,68640,2021-03-31,2,4774000000,-0.228,,,,,266000000,-0.537,282000000,-0.510,,189000000,,28.03,28.03,,,,,17246000000,12129000000,0.632,,10898000000,,,,,,,,,,,,true,false,6,2020-04-01,2020-09-30,0
2020-10-29,68640,2020-03-31,2,6188000000,0.227,,,,,575000000,0.175,575000000,0.149,,390000000,,58.33,,,,,,,,,,,,,,,,,,,,,,true,false,6,2019-04-01,2019-09-30,-1
2020-10-29,68640,2021-03-31,2,11500000000,-0.131,,,,,640000000,-0.582,650000000,-0.578,,390000000,,57.80,,,,,,,,,,,,,,,,,,,,,,true,true,12,2020-04-01,2021-03-31,0
2020-10-29,68640,2020-03-31,2,,,,,,,,,,,,,,,,,,,,18255000000,11863000000,0.583,,10636000000,,,,,,,,,,,,true,false,12,2019-04-01,2020-03-31,-1
2020-10-29,68640,2020-03-31,2,,,,,,,,,,,,,,,,,,,,,,,,,,,,,30.00,,,,6782000,51032,,false,false,12,2019-04-01,2020-03-31,-1
2020-10-29,68640,2021-03-31,2,,,,,,,,,,,,,,,,,,,,,,,,,,,,,0.00,,,,,,,false,false,12,2020-04-01,2021-03-31,0
2020-10-29,68640,2021-03-31,2,,,,,,,,,,,,,,,,,,,,,,,,,,,,,30.00,,,,,,,false,true,12,2020-04-01,2021-03-31,0
2020-10-29,68640,2021-03-31,2,,,,,,,,,,,,,,,,,,,,,,,,,,,,,,,,,6905300,51032,6746686,false,false,6,2020-04-01,2020-09-30,0
2020-10-29,68640,2020-03-31,2,,,,,,,,,,,,,,,,,,,,,,,,,,,,,,,,,,,6699033,false,false,6,2019-04-01,2019-09-30,-1
2021-01-28,68640,2021-03-31,3,7375000000,-0.205,,,,,547000000,-0.415,576000000,-0.386,,374000000,,54.82,54.80,,,,,18128000000,12677000000,0.631,,11431000000,,,,,,,,,,,,true,false,9,2020-04-01,2020-12-31,0
2021-01-28,68640,2020-03-31,3,9282000000,0.177,,,,,936000000,0.047,938000000,0.043,,630000000,,94.11,,,,,,,,,,,,,,,,,,,,,,true,false,9,2019-04-01,2019-12-31,-1
2021-01-28,68640,2021-03-31,3,11500000000,-0.131,,,,,640000000,-0.582,650000000,-0.578,,390000000,,57.80,,,,,,,,,,,,,,,,,,,,,,true,true,12,2020-04-01,2021-03-31,0
2021-01-28,68640,2020-03-31,3,,,,,,,,,,,,,,,,,,,,18255000000,11863000000,0.583,,10636000000,,,,,,,,,,,,true,false,12,2019-04-01,2020-03-31,-1
2021-01-28,68640,2020-03-31,3,,,,,,,,,,,,,,,,,,,,,,,,,,,,,30.00,,,,6782000,51032,,false,false,12,2019-04-01,2020-03-31,-1
2021-01-28,68640,2021-03-31,3,,,,,,,,,,,,,,,,,,,,,,,,,,,,,0.00,,,,,,,false,false,12,2020-04-01,2021-03-31,0
2021-01-28,68640,2021-03-31,3,,,,,,,,,,,,,,,,,,,,,,,,,,,,,30.00,,,,,,,false,true,12,2020-04-01,2021-03-31,0
2021-01-28,68640,2021-03-31,3,,,,,,,,,,,,,,,,,,,,,,,,,,,,,,,,,7070000,51032,6826858,false,false,9,2020-04-01,2020-12-31,0
2021-01-28,68640,2020-03-31,3,,,,,,,,,,,,,,,,,,,,,,,,,,,,,,,,,,,6699012,false,false,9,2019-04-01,2019-12-31,-1
2021-05-13,68640,2021-03-31,,10651000000,-0.195,,,,,704000000,-0.540,738000000,-0.521,,444000000,,64.62,64.60,0.040,0.040,0.066,,18826000000,12801000000,0.613,1643.91,11538000000,-411000000,-237000000,1037000000,5534000000,,0.464,,,,,,true,false,12,2020-04-01,2021-03-31,0
2021-05-13,68640,2020-03-31,,13231000000,0.102,,,,,1532000000,0.076,1540000000,0.076,,981000000,,146.31,,0.097,0.090,0.116,,18255000000,11863000000,0.583,1580.29,10636000000,1464000000,-1022000000,1542000000,5146000000,,0.205,,,,,,true,false,12,2019-04-01,2020-03-31,-1
2021-05-13,68640,2022-03-31,,5200000000,0.089,,,,,350000000,0.313,380000000,0.346,,210000000,,30.55,,,,,,,,,,,,,,,,,,,,,,true,true,6,2021-04-01,2021-09-30,1
2021-05-13,68640,2022-03-31,,12800000000,0.202,,,,,1040000000,0.475,1130000000,0.531,,640000000,,93.10,,,,,,,,,,,,,,,,0.322,,,,,,true,true,12,2021-04-01,2022-03-31,1
2021-05-13,68640,2021-03-31,,4738000000,-0.794,,,,,1644000000,0.501,2199000000,0.580,2077000000,,1.105,302.15,302.05,,,,,15127000000,9342000000,0.618,1331.00,9342000000,,,,,30.00,,,,7070000,51032,6874227,false,false,12,2020-04-01,2021-03-31,0
2021-05-13,68640,2020-03-31,,10801000000,0.087,,,,,1095000000,0.105,1391000000,0.161,986000000,,0.135,147.16,,,,,,16029000000,9551000000,0.596,1418.62,9548000000,,,,,30.00,,,,6782000,51032,6706376,false,false,12,2019-04-01,2020-03-31,-1
2021-05-13,68640,2022-03-31,,,,,,,,,,,,,,,,,,,,,,,,,,,,,,30.00,,,,,,,false,true,12,2021-04-01,2022-03-31,1
2021-07-29,68640,2022-03-31,1,2279000000,0.046,,,,,150000000,0.097,182000000,0.210,,93000000,,13.33,,,,,,18632000000,12776000000,0.618,,11518000000,,,,,,,,,,,,true,false,3,2021-04-01,2021-06-30,0
2021-07-29,68640,2021-03-31,1,2179000000,-0.246,,,,,136000000,-0.269,150000000,-0.214,,85000000,,12.66,,,,,,,,,,,,,,,,,,,,,,true,false,3,2020-04-01,2020-06-30,-1
2021-07-29,68640,2022-03-31,1,5200000000,0.089,,,,,350000000,0.313,380000000,0.346,,210000000,,29.92,,,,,,,,,,,,,,,,,,,,,,true,true,6,2021-04-01,2021-09-30,0
2021-07-29,68640,2022-03-31,1,12800000000,0.202,,,,,1040000000,0.475,1130000000,0.531,,640000000,,91.18,,,,,,,,,,,,,,,,,,,,,,true,true,12,2021-04-01,2022-03-31,0
2021-07-29,68640,2021-03-31,1,,,,,,,,,,,,,,,,,,,,18826000000,12801000000,0.613,,11538000000,,,,,,,,,,,,true,false,12,2020-04-01,2021-03-31,-1
2021-07-29,68640,2021-03-31,1,,,,,,,,,,,,,,,,,,,,,,,,,,,,,30.00,,,,7070000,51032,,false,false,12,2020-04-01,2021-03-31,-1
2021-07-29,68640,2022-03-31,1,,,,,,,,,,,,,,,,,,,,,,,,,,,,,30.00,,,,,,,false,true,12,2021-04-01,2022-03-31,0
2021-07-29,68640,2022-03-31,1,,,,,,,,,,,,,,,,,,,,,,,,,,,,,,,,,7070000,51161,7018954,false,false,3,2021-04-01,2021-06-30,0
2021-07-29,68640,2021-03-31,1,,,,,,,,,,,,,,,,,,,,,,,,,,,,,,,,,,,6730968,false,false,3,2020-04-01,2020-06-30,-1
2021-10-22,68640,2022-03-31,,4535000000,-0.128,,,,,300000000,-0.143,360000000,-0.053,,230000000,,32.77,,,,,,,,,,,,,,,,,,,,,,true,true,6,2021-04-01,2021-09-30,0
2021-10-22,68640,2021-03-31,,4774000000,,,,,,266000000,,282000000,,,189000000,,28.03,,,,,,,,,,,,,,,,,,,,,,true,false,6,2020-04-01,2020-09-30,-1
2021-10-22,68640,2022-03-31,,11400000000,-0.109,,,,,950000000,-0.087,1040000000,-0.080,,600000000,,85.48,,,,,,,,,,,,,,,,,,,,,,true,true,12,2021-04-01,2022-03-31,0
2021-10-22,68640,2021-03-31,,10651000000,,,,,,704000000,,738000000,,,444000000,,64.62,,,,,,,,,,,,,,,,,,,,,,true,false,12,2020-04-01,2021-03-31,-1
2021-10-28,68640,2022-03-31,2,4535000000,-0.050,,,,,307000000,0.154,366000000,0.297,,235000000,,33.61,,,,,,18376000000,12914000000,0.634,,11642000000,,,,,,,,,,,,true,false,6,2021-04-01,2021-09-30,0
2021-10-28,68640,2021-03-31,2,4774000000,-0.228,,,,,266000000,-0.537,282000000,-0.510,,189000000,,28.03,28.03,,,,,,,,,,,,,,,,,,,,,true,false,6,2020-04-01,2020-09-30,-1
2021-10-28,68640,2022-03-31,2,11400000000,0.070,,,,,950000000,0.348,1040000000,0.409,,600000000,,85.48,,,,,,,,,,,,,,,,,,,,,,true,true,12,2021-04-01,2022-03-31,0
2021-10-28,68640,2021-03-31,2,,,,,,,,,,,,,,,,,,,,18826000000,12801000000,0.613,,11538000000,,,,,,,,,,,,true,false,12,2020-04-01,2021-03-31,-1
2021-10-28,68640,2021-03-31,2,,,,,,,,,,,,,,,,,,,,,,,,,,,,,30.00,,,,7070000,51032,,false,false,12,2020-04-01,2021-03-31,-1
2021-10-28,68640,2022-03-31,2,,,,,,,,,,,,,,,,,,,,,,,,,,,,,0.00,,,,,,,false,false,12,2021-04-01,2022-03-31,0
2021-10-28,68640,2022-03-31,2,,,,,,,,,,,,,,,,,,,,,,,,,,,,,30.00,,,,,,,false,true,12,2021-04-01,2022-03-31,0
2021-10-28,68640,2022-03-31,2,,,,,,,,,,,,,,,,,,,,,,,,,,,,,,,,,7070000,51161,7018896,false,false,6,2021-04-01,2021-09-30,0
2021-10-28,68640,2021-03-31,2,,,,,,,,,,,,,,,,,,,,,,,,,,,,,,,,,,,6746686,false,false,6,2020-04-01,2020-09-30,-1
2022-01-27,68640,2022-03-31,3,6944000000,-0.058,,,,,609000000,0.113,687000000,0.194,,424000000,,60.49,,,,,,18898000000,13197000000,0.627,,11852000000,,,,,,,,,,,,true,false,9,2021-04-01,2021-12-31,0
2022-01-27,68640,2021-03-31,3,7375000000,-0.205,,,,,547000000,-0.415,576000000,-0.386,,374000000,,54.82,54.80,,,,,,,,,,,,,,,,,,,,,true,false,9,2020-04-01,2020-12-31,-1
2022-01-27,68640,2022-03-31,3,11400000000,0.070,,,,,950000000,0.348,1040000000,0.409,,600000000,,85.48,,,,,,,,,,,,,,,,,,,,,,true,true,12,2021-04-01,2022-03-31,0
2022-01-27,68640,2021-03-31,3,,,,,,,,,,,,,,,,,,,,18826000000,12801000000,0.613,,11538000000,,,,,,,,,,,,true,false,12,2020-04-01,2021-03-31,-1
2022-01-27,68640,2021-03-31,3,,,,,,,,,,,,,,,,,,,,,,,,,,,,,30.00,,,,7070000,51032,,false,false,12,2020-04-01,2021-03-31,-1
2022-01-27,68640,2022-03-31,3,,,,,,,,,,,,,,,,,,,,,,,,,,,,,0.00,,,,,,,false,false,12,2021-04-01,2022-03-31,0
2022-01-27,68640,2022-03-31,3,,,,,,,,,,,,,,,,,,,,,,,,,,,,,30.00,,,,,,,false,true,12,2021-04-01,2022-03-31,0
2022-01-27,68640,2022-03-31,3,,,,,,,,,,,,,,,,,,,,,,,,,,,,,,,,,7070000,51226,7018867,false,false,9,2021-04-01,2021-12-31,0
2022-01-27,68640,2021-03-31,3,,,,,,,,,,,,,,,,,,,,,,,,,,,,,,,,,,,6826858,false,false,9,2020-04-01,2020-12-31,-1
2022-04-18,68640,2022-03-31,,10150000000,-0.110,,,,,930000000,-0.021,1050000000,0.010,,620000000,,88.33,,,,,,,,,,,,,,,,,,,,,,true,true,12,2021-04-01,2022-03-31,0
2022-04-18,68640,2021-03-31,,10651000000,,,,,,704000000,,738000000,,,444000000,,64.62,,,,,,,,,,,,,,,,,,,,,,true,false,12,2020-04-01,2021-03-31,-1
2022-05-13,68640,2022-03-31,,10148000000,-0.047,,,,,952000000,0.351,1058000000,0.434,,615000000,,87.69,,0.052,0.057,0.094,,18637000000,13417000000,0.646,1714.82,12035000000,-594000000,-832000000,-580000000,3526000000,,0.342,,,,,,true,false,12,2021-04-01,2022-03-31,0
2022-05-13,68640,2021-03-31,,10651000000,-0.195,,,,,704000000,-0.540,738000000,-0.521,,444000000,,64.62,64.60,0.040,0.040,0.066,,18826000000,12801000000,0.613,1643.91,11538000000,-411000000,-237000000,1037000000,5534000000,,0.464,,,,,,true,false,12,2020-04-01,2021-03-31,-1
2022-05-13,68640,2023-03-31,,4700000000,0.036,,,,,210000000,-0.318,260000000,-0.290,,160000000,,22.80,,,,,,,,,,,,,,,,,,,,,,true,true,6,2022-04-01,2022-09-30,1
2022-05-13,68640,2023-03-31,,10700000000,0.054,,,,,700000000,-0.265,800000000,-0.244,,470000000,,66.96,,,,,,,,,,,,,,,,0.448,,,,,,true,true,12,2022-04-01,2023-03-31,1
2022-05-13,68640,2022-03-31,,1741000000,-0.632,,,,,388000000,-0.764,435000000,-0.802,398000000,,-0.808,56.80,,,,,,14459000000,9636000000,0.666,1372.94,9636000000,,,,,30.00,,,,7070000,51226,7018844,false,false,12,2021-04-01,2022-03-31,0
2022-05-13,68640,2021-03-31,,4738000000,-0.794,,,,,1644000000,0.501,2199000000,0.580,2077000000,,1.105,302.15,302.05,,,,,15127000000,9342000000,0.618,1331.00,9342000000,,,,,30.00,,,,7070000,51032,6874227,false,false,12,2020-04-01,2021-03-31,-1
2022-05-13,68640,2023-03-31,,,,,,,,,,,,,,,,,,,,,,,,,,,,,,30.00,,,,,,,false,true,12,2022-04-01,2023-03-31,1
2022-07-28,68640,2023-03-31,1,1826000000,-0.199,,,,,-75000000,,-32000000,,,-11000000,,-1.69,,,,,,17678000000,13083000000,0.668,,11807000000,,,,,,,,,,,,true,false,3,2022-04-01,2022-06-30,0
2022-07-28,68640,2022-03-31,1,2279000000,0.046,,,,,150000000,0.097,182000000,0.210,,93000000,,13.33,,,,,,,,,,,,,,,,,,,,,,true,false,3,2021-04-01,2021-06-30,-1
2022-07-28,68640,2023-03-31,1,4700000000,0.036,,,,,210000000,-0.318,260000000,-0.290,,160000000,,22.80,,,,,,,,,,,,,,,,,,,,,,true,true,6,2022-04-01,2022-09-30,0
2022-07-28,68640,2023-03-31,1,10700000000,0.054,,,,,700000000,-0.265,800000000,-0.244,,470000000,,66.96,,,,,,,,,,,,,,,,,,,,,,true,true,12,2022-04-01,2023-03-31,0
2022-07-28,68640,2022-03-31,1,,,,,,,,,,,,,,,,,,,,18637000000,13417000000,0.646,,12035000000,,,,,,,,,,,,true,false,12,2021-04-01,2022-03-31,-1
2022-07-28,68640,2022-03-31,1,,,,,,,,,,,,,,,,,,,,,,,,,,,,,30.00,,,,7070000,51226,,false,false,12,2021-04-01,2022-03-31,-1
2022-07-28,68640,2023-03-31,1,,,,,,,,,,,,,,,,,,,,,,,,,,,,,30.00,,,,,,,false,true,12,2022-04-01,2023-03-31,0
2022-07-28,68640,2023-03-31,1,,,,,,,,,,,,,,,,,,,,,,,,,,,,,,,,,7070000,51226,7018774,false,false,3,2022-04-01,2022-06-30,0
2022-07-28,68640,2022-03-31,1,,,,,,,,,,,,,,,,,,,,,,,,,,,,,,,,,,,7018954,false,false,3,2021-04-01,2021-06-30,-1
2022-10-27,68640,2023-03-31,2,4188000000,-0.076,,,,,93000000,-0.695,164000000,-0.550,,123000000,,17.66,,,,,,17922000000,13215000000,0.666,,11933000000,,,,,,,,,,,,true,false,6,2022-04-01,2022-09-30,0
2022-10-27,68640,2022-03-31,2,4535000000,-0.050,,,,,307000000,0.154,366000000,0.297,,235000000,,33.61,,,,,,,,,,,,,,,,,,,,,,true,false,6,2021-04-01,2021-09-30,-1
2022-10-27,68640,2023-03-31,2,10000000000,-0.015,,,,,350000000,-0.632,440000000,-0.584,,300000000,,42.74,,,,,,,,,,,,,,,,,,,,,,true,true,12,2022-04-01,2023-03-31,0
2022-10-27,68640,2022-03-31,2,,,,,,,,,,,,,,,,,,,,18637000000,13417000000,0.646,,12035000000,,,,,,,,,,,,true,false,12,2021-04-01,2022-03-31,-1
2022-10-27,68640,2022-03-31,2,,,,,,,,,,,,,,,,,,,,,,,,,,,,,30.00,,,,7070000,51226,,false,false,12,2021-04-01,2022-03-31,-1
2022-10-27,68640,2023-03-31,2,,,,,,,,,,,,,,,,,,,,,,,,,,,,,0.00,,,,,,,false,false,12,2022-04-01,2023-03-31,0
2022-10-27,68640,2023-03-31,2,,,,,,,,,,,,,,,,,,,,,,,,,,,,,30.00,,,,,,,false,true,12,2022-04-01,2023-03-31,0
2022-10-27,68640,2023-03-31,2,,,,,,,,,,,,,,,,,,,,,,,,,,,,,,,,,7070000,51226,7018774,false,false,6,2022-04-01,2022-09-30,0
2022-10-27,68640,2022-03-31,2,,,,,,,,,,,,,,,,,,,,,,,,,,,,,,,,,,,7018896,false,false,6,2021-04-01,2021-09-30,-1
2023-01-30,68640,2023-03-31,3,6619000000,-0.047,,,,,293000000,-0.518,398000000,-0.420,,226000000,,32.20,,,,,,18306000000,13397000000,0.660,,12078000000,,,,,,,,,,,,true,false,9,2022-04-01,2022-12-31,0
2023-01-30,68640,2022-03-31,3,6944000000,-0.058,,,,,609000000,0.113,687000000,0.194,,424000000,,60.49,,,,,,,,,,,,,,,,,,,,,,true,false,9,2021-04-01,2021-12-31,-1
2023-01-30,68640,2023-03-31,3,10000000000,-0.015,,,,,350000000,-0.632,440000000,-0.584,,300000000,,42.74,,,,,,,,,,,,,,,,,,,,,,true,true,12,2022-04-01,2023-03-31,0
2023-01-30,68640,2022-03-31,3,,,,,,,,,,,,,,,,,,,,18637000000,13417000000,0.646,,12035000000,,,,,,,,,,,,true,false,12,2021-04-01,2022-03-31,-1
2023-01-30,68640,2022-03-31,3,,,,,,,,,,,,,,,,,,,,,,,,,,,,,30.00,,,,7070000,51226,,false,false,12,2021-04-01,2022-03-31,-1
2023-01-30,68640,2023-03-31,3,,,,,,,,,,,,,,,,,,,,,,,,,,,,,0.00,,,,,,,false,false,12,2022-04-01,2023-03-31,0
2023-01-30,68640,2023-03-31,3,,,,,,,,,,,,,,,,,,,,,,,,,,,,,30.00,,,,,,,false,true,12,2022-04-01,2023-03-31,0
2023-01-30,68640,2023-03-31,3,,,,,,,,,,,,,,,,,,,,,,,,,,,,,,,,,7070000,51226,7018774,false,false,9,2022-04-01,2022-12-31,0
2023-01-30,68640,2022-03-31,3,,,,,,,,,,,,,,,,,,,,,,,,,,,,,,,,,,,7018867,false,false,9,2021-04-01,2021-12-31,-1
2023-04-26,68640,2023-03-31,,9600000000,-0.040,,,,,470000000,0.343,620000000,0.409,,440000000,,62.69,,,,,,,,,,,,,,,,,,,,,,true,true,12,2022-04-01,2023-03-31,0
2023-04-26,68640,2022-03-31,,10148000000,,,,,,952000000,,1058000000,,,615000000,,87.69,,,,,,,,,,,,,,,,,,,,,,true,false,12,2021-04-01,2022-03-31,-1
2023-05-12,68640,2023-03-31,,9642000000,-0.050,,,,,467000000,-0.509,622000000,-0.412,,457000000,,65.12,,0.037,0.033,0.049,,18827000000,13716000000,0.659,1766.59,12399000000,279000000,-700000000,-540000000,2563000000,,0.461,,,,,,true,false,12,2022-04-01,2023-03-31,0
2023-05-12,68640,2022-03-31,,10148000000,-0.047,,,,,952000000,0.351,1058000000,0.434,,615000000,,87.69,,0.052,0.057,0.094,,18637000000,13417000000,0.646,1714.82,12035000000,-594000000,-832000000,-580000000,3526000000,,0.342,,,,,,true,false,12,2021-04-01,2022-03-31,-1
2023-05-12,68640,2024-03-31,,4600000000,0.098,,,,,220000000,1.342,240000000,0.456,,165000000,,23.51,,,,,,,,,,,,,,,,,,,,,,true,true,6,2023-04-01,2023-09-30,1
2023-05-12,68640,2024-03-31,,10500000000,0.089,,,,,640000000,0.368,690000000,0.109,,480000000,,63.39,,,,,,,,,,,,,,,,0.468,,,,,,true,true,12,2023-04-01,2024-03-31,1
2023-05-12,68640,2023-03-31,,1724000000,-0.010,,,,,288000000,-0.258,333000000,-0.234,356000000,,-0.107,50.72,,,,,,14274000000,9917000000,0.695,1412.95,9917000000,,,,,30.00,,,,7070000,51226,7018774,false,false,12,2022-04-01,2023-03-31,0
2023-05-12,68640,2022-03-31,,1741000000,-0.632,,,,,388000000,-0.764,435000000,-0.802,398000000,,-0.808,56.80,,,,,,14459000000,9636000000,0.666,1372.94,9636000000,,,,,30.00,,,,7070000,51226,7018844,false,false,12,2021-04-01,2022-03-31,-1
2023-05-12,68640,2024-03-31,,,,,,,,,,,,,,,,,,,,,,,,,,,,,,32.00,,,,,,,false,true,12,2023-04-01,2024-03-31,1
2023-05-12,68640,2023-03-31,,9642000000,-0.050,,,,,467000000,-0.509,622000000,-0.412,,457000000,,65.12,,0.037,0.033,0.049,,18827000000,13716000000,0.659,1766.59,12399000000,279000000,-700000000,-540000000,2563000000,,0.461,,,,,,true,false,12,2022-04-01,2023-03-31,0
2023-05-12,68640,2022-03-31,,10148000000,-0.047,,,,,952000000,0.351,1058000000,0.434,,615000000,,87.69,,0.052,0.057,0.094,,18637000000,13417000000,0.646,1714.82,12035000000,-594000000,-832000000,-580000000,3526000000,,0.342,,,,,,true,false,12,2021-04-01,2022-03-31,-1
2023-05-12,68640,2024-03-31,,4600000000,0.098,,,,,220000000,1.342,240000000,0.456,,165000000,,23.51,,,,,,,,,,,,,,,,,,,,,,true,true,6,2023-04-01,2023-09-30,1
2023-05-12,68640,2024-03-31,,10500000000,0.089,,,,,640000000,0.368,690000000,0.109,,480000000,,68.39,,,,,,,,,,,,,,,,0.468,,,,,,true,true,12,2023-04-01,2024-03-31,1
2023-05-12,68640,2023-03-31,,1724000000,-0.010,,,,,288000000,-0.258,333000000,-0.234,356000000,,-0.107,50.72,,,,,,14274000000,9917000000,0.695,1412.95,9917000000,,,,,30.00,,,,7070000,51226,7018774,false,false,12,2022-04-01,2023-03-31,0
2023-05-12,68640,2022-03-31,,1741000000,-0.632,,,,,388000000,-0.764,435000000,-0.802,398000000,,-0.808,56.80,,,,,,14459000000,9636000000,0.666,1372.94,9636000000,,,,,30.00,,,,7070000,51226,7018844,false,false,12,2021-04-01,2022-03-31,-1
2023-05-12,68640,2024-03-31,,,,,,,,,,,,,,,,,,,,,,,,,,,,,,32.00,,,,,,,false,true,12,2023-04-01,2024-03-31,1
2023-07-26,68640,2024-03-31,1,2358000000,0.291,,,,,165000000,,187000000,,,138000000,,19.77,,,,,,18164000000,13644000000,0.681,,12362000000,,,,,,,,,,,,true,false,3,2023-04-01,2023-06-30,0
2023-07-26,68640,2023-03-31,1,1826000000,-0.199,,,,,-75000000,,-32000000,,,-11000000,,-1.69,,,,,,,,,,,,,,,,,,,,,,true,false,3,2022-04-01,2022-06-30,-1
2023-07-26,68640,2024-03-31,1,4600000000,0.098,,,,,220000000,1.342,240000000,0.456,,165000000,,23.51,,,,,,,,,,,,,,,,,,,,,,true,true,6,2023-04-01,2023-09-30,0
2023-07-26,68640,2024-03-31,1,10500000000,0.089,,,,,640000000,0.368,690000000,0.109,,480000000,,68.39,,,,,,,,,,,,,,,,,,,,,,true,true,12,2023-04-01,2024-03-31,0
2023-07-26,68640,2023-03-31,1,,,,,,,,,,,,,,,,,,,,18827000000,13716000000,0.659,,12399000000,,,,,,,,,,,,true,false,12,2022-04-01,2023-03-31,-1
2023-07-26,68640,2023-03-31,1,,,,,,,,,,,,,,,,,,,,,,,,,,,,,30.00,,,,7070000,51226,,false,false,12,2022-04-01,2023-03-31,-1
2023-07-26,68640,2024-03-31,1,,,,,,,,,,,,,,,,,,,,,,,,,,,,,32.00,,,,,,,false,true,12,2023-04-01,2024-03-31,0
2023-07-26,68640,2024-03-31,1,,,,,,,,,,,,,,,,,,,,,,,,,,,,,,,,,7070000,51226,7018774,false,false,3,2023-04-01,2023-06-30,0
2023-07-26,68640,2023-03-31,1,,,,,,,,,,,,,,,,,,,,,,,,,,,,,,,,,,,7018774,false,false,3,2022-04-01,2022-06-30,-1
2023-10-27,68640,2024-03-31,,5350000000,0.163,,,,,440000000,1.000,470000000,0.958,310000000,,0.879,44.17,,,,,,,,,,,,,,,,,,,,,,true,true,6,2023-04-01,2023-09-30,0
2023-10-27,68640,2023-03-31,,4188000000,,,,,,93000000,,164000000,,123000000,,,17.66,,,,,,,,,,,,,,,,,,,,,,true,false,6,2022-04-01,2022-09-30,-1
2023-10-30,68640,2024-03-31,2,5356000000,0.279,,,,,449000000,3.785,478000000,1.904,,313000000,,44.70,,,,,,19047000000,13874000000,0.660,,12570000000,,,,,,,,,,,,true,false,6,2023-04-01,2023-09-30,0
2023-10-30,68640,2023-03-31,2,4188000000,-0.076,,,,,93000000,-0.695,164000000,-0.550,,123000000,,17.66,,,,,,,,,,,,,,,,,,,,,,true,false,6,2022-04-01,2022-09-30,-1
2023-10-30,68640,2024-03-31,2,10500000000,0.089,,,,,640000000,0.368,690000000,0.109,,480000000,,68.39,,,,,,,,,,,,,,,,,,,,,,true,true,12,2023-04-01,2024-03-31,0
2023-10-30,68640,2023-03-31,2,,,,,,,,,,,,,,,,,,,,18827000000,13716000000,0.659,,12399000000,,,,,,,,,,,,true,false,12,2022-04-01,2023-03-31,-1
2023-10-30,68640,2023-03-31,2,,,,,,,,,,,,,,,,,,,,,,,,,,,,,30.00,,,,7070000,51226,,false,false,12,2022-04-01,2023-03-31,-1
2023-10-30,68640,2024-03-31,2,,,,,,,,,,,,,,,,,,,,,,,,,,,,,0.00,,,,,,,false,false,12,2023-04-01,2024-03-31,0
2023-10-30,68640,2024-03-31,2,,,,,,,,,,,,,,,,,,,,,,,,,,,,,32.00,,,,,,,false,true,12,2023-04-01,2024-03-31,0
2023-10-30,68640,2024-03-31,2,,,,,,,,,,,,,,,,,,,,,,,,,,,,,,,,,7070000,51226,7018774,false,false,6,2023-04-01,2023-09-30,0
2023-10-30,68640,2023-03-31,2,,,,,,,,,,,,,,,,,,,,,,,,,,,,,,,,,,,7018774,false,false,6,2022-04-01,2022-09-30,-1
2024-01-31,68640,2024-03-31,3,6860000000,0.036,,,,,338000000,0.154,393000000,-0.015,,281000000,,40.06,,,,,,18529000000,13774000000,0.675,,12499000000,,,,,,,,,,,,true,false,9,2023-04-01,2023-12-31,0
2024-01-31,68640,2023-03-31,3,6619000000,-0.047,,,,,293000000,-0.518,398000000,-0.420,,226000000,,32.20,,,,,,,,,,,,,,,,,,,,,,true,false,9,2022-04-01,2022-12-31,-1
2024-01-31,68640,2024-03-31,3,10500000000,0.089,,,,,640000000,0.368,690000000,0.109,,480000000,,68.39,,,,,,,,,,,,,,,,,,,,,,true,true,12,2023-04-01,2024-03-31,0
2024-01-31,68640,2023-03-31,3,,,,,,,,,,,,,,,,,,,,18827000000,13716000000,0.659,,12399000000,,,,,,,,,,,,true,false,12,2022-04-01,2023-03-31,-1
2024-01-31,68640,2023-03-31,3,,,,,,,,,,,,,,,,,,,,,,,,,,,,,30.00,,,,7070000,51226,,false,false,12,2022-04-01,2023-03-31,-1
2024-01-31,68640,2024-03-31,3,,,,,,,,,,,,,,,,,,,,,,,,,,,,,0.00,,,,,,,false,false,12,2023-04-01,2024-03-31,0
2024-01-31,68640,2024-03-31,3,,,,,,,,,,,,,,,,,,,,,,,,,,,,,32.00,,,,,,,false,true,12,2023-04-01,2024-03-31,0
2024-01-31,68640,2024-03-31,3,,,,,,,,,,,,,,,,,,,,,,,,,,,,,,,,,7070000,51226,7018774,false,false,9,2023-04-01,2023-12-31,0
2024-01-31,68640,2023-03-31,3,,,,,,,,,,,,,,,,,,,,,,,,,,,,,,,,,,,7018774,false,false,9,2022-04-01,2022-12-31,-1
2024-04-24,68640,2024-03-31,,9390000000,-0.106,,,,,410000000,-0.359,475000000,-0.312,315000000,,-0.344,44.88,,,,,,,,,,,,,,,,,,,,,,true,true,6,2023-04-01,2023-09-30,0
2024-04-24,68640,2023-03-31,,9642000000,,,,,,467000000,,622000000,,457000000,,,65.12,,,,,,,,,,,,,,,,,,,,,,true,false,6,2022-04-01,2022-09-30,-1
2024-05-14,68640,2024-03-31,,9399000000,-0.025,,,,,418000000,-0.104,484000000,-0.221,,323000000,,46.14,,0.026,0.026,0.045,,18627000000,13937000000,0.679,1801.05,12641000000,530000000,-44000000,-349000000,2699000000,,0.694,,,,,,true,false,12,2023-04-01,2024-03-31,0
2024-05-14,68640,2023-03-31,,9642000000,-0.050,,,,,467000000,-0.509,622000000,-0.412,,457000000,,65.12,,0.037,0.033,0.049,,18827000000,13716000000,0.659,1766.59,12399000000,279000000,-700000000,-540000000,2563000000,,0.461,,,,,,true,false,12,2022-04-01,2023-03-31,-1
2024-05-14,68640,2025-03-31,,4300000000,-0.197,,,,,150000000,-0.666,160000000,-0.666,,110000000,,15.67,,,,,,,,,,,,,,,,,,,,,,true,true,6,2024-04-01,2024-09-30,1
2024-05-14,68640,2025-03-31,,9500000000,0.011,,,,,500000000,0.194,520000000,0.073,,360000000,,51.29,,,,,,,,,,,,,,,,0.624,,,,,,true,true,12,2024-04-01,2025-03-31,1
2024-05-14,68640,2024-03-31,,1745000000,0.012,,,,,246000000,-0.144,320000000,-0.041,363000000,,0.020,51.76,,,,,,14744000000,10187000000,0.691,1451.49,10187000000,,,,,32.00,,,,7070000,51226,7018774,false,false,12,2023-04-01,2024-03-31,0
2024-05-14,68640,2023-03-31,,1724000000,-0.010,,,,,288000000,-0.258,333000000,-0.234,356000000,,-0.107,50.72,,,,,,14274000000,9917000000,0.695,1412.95,9917000000,,,,,30.00,,,,7070000,51226,7018774,false,false,12,2022-04-01,2023-03-31,-1
2024-05-14,68640,2025-03-31,,,,,,,,,,,,,,,,,,,,,,,,,,,,,,32.00,,,,,,,false,true,12,2024-04-01,2025-03-31,1
2024-07-29,68640,2025-03-31,1,1878000000,-0.203,,,,,52000000,-0.680,70000000,-0.626,,188000000,,26.89,,,,,,17865000000,13762000000,0.699,,12488000000,,,,,,,,,,,,true,false,3,2024-04-01,2024-06-30,0
2024-07-29,68640,2024-03-31,1,2358000000,0.291,,,,,165000000,,187000000,,,138000000,,19.77,,,,,,,,,,,,,,,,,,,,,,true,false,3,2023-04-01,2023-06-30,-1
2024-07-29,68640,2025-03-31,1,4300000000,-0.197,,,,,150000000,-0.666,160000000,-0.666,,110000000,,15.67,,,,,,,,,,,,,,,,,,,,,,true,true,6,2024-04-01,2024-09-30,0
2024-07-29,68640,2025-03-31,1,9500000000,0.011,,,,,500000000,0.194,520000000,0.073,,360000000,,51.29,,,,,,,,,,,,,,,,,,,,,,true,true,12,2024-04-01,2025-03-31,0
2024-07-29,68640,2024-03-31,1,,,,,,,,,,,,,,,,,,,,18627000000,13937000000,0.679,,12641000000,,,,,,,,,,,,true,false,12,2023-04-01,2024-03-31,-1
2024-07-29,68640,2024-03-31,1,,,,,,,,,,,,,,,,,,,,,,,,,,,,,32.00,,,,7070000,51226,,false,false,12,2023-04-01,2024-03-31,-1
2024-07-29,68640,2025-03-31,1,,,,,,,,,,,,,,,,,,,,,,,,,,,,,32.00,,,,,,,false,true,12,2024-04-01,2025-03-31,0
2024-07-29,68640,2025-03-31,1,,,,,,,,,,,,,,,,,,,,,,,,,,,,,,,,,7070000,51226,7018774,false,false,3,2024-04-01,2024-06-30,0
2024-07-29,68640,2024-03-31,1,,,,,,,,,,,,,,,,,,,,,,,,,,,,,,,,,,,7018774,false,false,3,2023-04-01,2023-06-30,-1
2024-10-24,68640,2025-03-31,,4085000000,-0.050,,,,,200000000,0.333,215000000,0.344,305000000,,1.773,43.45,,,,,,,,,,,,,,,,,,,,,,true,true,6,2024-04-01,2024-09-30,0
2024-10-24,68640,2024-03-31,,5356000000,,,,,,449000000,,478000000,,313000000,,,44.70,,,,,,,,,,,,,,,,,,,,,,true,false,6,2023-04-01,2023-09-30,-1
2024-10-30,68640,2025-03-31,2,4089000000,-0.237,,,,,202000000,-0.549,220000000,-0.540,,310000000,,44.27,,,,,,17424000000,13630000000,0.715,,12460000000,,,,,,,,,,,,true,false,6,2024-04-01,2024-09-30,0
2024-10-30,68640,2024-03-31,2,5356000000,0.279,,,,,449000000,3.785,478000000,1.904,,313000000,,44.70,,,,,,,,,,,,,,,,,,,,,,true,false,6,2023-04-01,2023-09-30,-1
2024-10-30,68640,2025-03-31,2,9500000000,0.011,,,,,500000000,0.194,520000000,0.073,,360000000,,51.29,,,,,,,,,,,,,,,,,,,,,,true,true,12,2024-04-01,2025-03-31,0
2024-10-30,68640,2024-03-31,2,,,,,,,,,,,,,,,,,,,,18627000000,13937000000,0.679,,12641000000,,,,,,,,,,,,true,false,12,2023-04-01,2024-03-31,-1
2024-10-30,68640,2024-03-31,2,,,,,,,,,,,,,,,,,,,,,,,,,,,,,32.00,,,,7070000,51226,,false,false,12,2023-04-01,2024-03-31,-1
2024-10-30,68640,2025-03-31,2,,,,,,,,,,,,,,,,,,,,,,,,,,,,,0.00,,,,,,,false,false,12,2024-04-01,2025-03-31,0
2024-10-30,68640,2025-03-31,2,,,,,,,,,,,,,,,,,,,,,,,,,,,,,32.00,,,,,,,false,true,12,2024-04-01,2025-03-31,0
2024-10-30,68640,2025-03-31,2,,,,,,,,,,,,,,,,,,,,,,,,,,,,,,,,,7070000,51226,7018774,false,false,6,2024-04-01,2024-09-30,0
2024-10-30,68640,2024-03-31,2,,,,,,,,,,,,,,,,,,,,,,,,,,,,,,,,,,,7018774,false,false,6,2023-04-01,2023-09-30,-1
2025-01-31,68640,2025-03-31,3,6116000000,-0.108,,,,,243000000,-0.281,272000000,-0.306,,391000000,,55.78,,,,,,17758000000,13670000000,0.706,,12544000000,,,,,,,,,,,,true,false,9,2024-04-01,2024-12-31,0
2025-01-31,68640,2024-03-31,3,6860000000,0.036,,,,,338000000,0.154,393000000,-0.015,,281000000,,40.06,,,,,,,,,,,,,,,,,,,,,,true,false,9,2023-04-01,2023-12-31,-1
2025-01-31,68640,2025-03-31,3,9500000000,0.011,,,,,500000000,0.194,520000000,0.073,,360000000,,51.29,,,,,,,,,,,,,,,,,,,,,,true,true,12,2024-04-01,2025-03-31,0
2025-01-31,68640,2024-03-31,3,,,,,,,,,,,,,,,,,,,,18627000000,13937000000,0.679,,12641000000,,,,,,,,,,,,true,false,12,2023-04-01,2024-03-31,-1
2025-01-31,68640,2024-03-31,3,,,,,,,,,,,,,,,,,,,,,,,,,,,,,32.00,,,,7070000,51226,,false,false,12,2023-04-01,2024-03-31,-1
2025-01-31,68640,2025-03-31,3,,,,,,,,,,,,,,,,,,,,,,,,,,,,,0.00,,,,,,,false,false,12,2024-04-01,2025-03-31,0
2025-01-31,68640,2025-03-31,3,,,,,,,,,,,,,,,,,,,,,,,,,,,,,32.00,,,,,,,false,true,12,2024-04-01,2025-03-31,0
2025-01-31,68640,2025-03-31,3,,,,,,,,,,,,,,,,,,,,,,,,,,,,,,,,,7070000,51226,7018774,false,false,9,2024-04-01,2024-12-31,0
2025-01-31,68640,2024-03-31,3,,,,,,,,,,,,,,,,,,,,,,,,,,,,,,,,,,,7018774,false,false,9,2023-04-01,2023-12-31,-1
2025-05-12,68640,2025-03-31,,9080000000,-0.044,,,,,540000000,0.080,580000000,0.115,,435000000,,61.98,,,,,,,,,,,,,,,,,,,,,,true,true,12,2024-04-01,2025-03-31,0
2025-05-12,68640,2024-03-31,,9399000000,,,,,,418000000,,484000000,,,323000000,,46.14,,,,,,,,,,,,,,,,,,,,,,true,false,12,2023-04-01,2024-03-31,-1
2025-05-15,68640,2025-03-31,,9083000000,-0.034,,,,,547000000,0.307,587000000,0.212,,450000000,,64.21,,0.036,0.033,0.060,,17321000000,13666000000,0.725,1789.96,12563000000,340000000,1281000000,-735000000,3680000000,,0.498,,,,,,true,false,12,2024-04-01,2025-03-31,0
2025-05-15,68640,2024-03-31,,9399000000,-0.025,,,,,418000000,-0.104,484000000,-0.221,,323000000,,46.14,,0.026,0.026,0.045,,18627000000,13937000000,0.679,1801.05,12641000000,530000000,-44000000,-349000000,2699000000,,0.694,,,,,,true,false,12,2023-04-01,2024-03-31,-1
2025-05-15,68640,2026-03-31,,4100000000,0.003,,,,,210000000,0.036,210000000,-0.047,,150000000,,21.37,,,,,,,,,,,,,,,,,,,,,,true,true,6,2025-04-01,2025-09-30,1
2025-05-15,68640,2026-03-31,,8900000000,-0.020,,,,,680000000,0.242,680000000,0.158,,480000000,,68.39,,,,,,,,,,,,,,,,0.497,,,,,,true,true,12,2025-04-01,2026-03-31,1
2025-05-15,68640,2025-03-31,,1762000000,0.010,,,,,570000000,1.313,637000000,0.991,776000000,,1.138,110.64,,,,,,13944000000,10402000000,0.746,1482.04,10402000000,,,,,32.00,,,,7070000,51226,7018774,false,false,12,2024-04-01,2025-03-31,0
2025-05-15,68640,2024-03-31,,1745000000,0.012,,,,,246000000,-0.144,320000000,-0.041,363000000,,0.020,51.76,,,,,,14744000000,10187000000,0.691,1451.49,10187000000,,,,,32.00,,,,7070000,51226,7018774,false,false,12,2023-04-01,2024-03-31,-1
2025-05-15,68640,2026-03-31,,,,,,,,,,,,,,,,,,,,,,,,,,,,,,34.00,,,,,,,false,true,12,2025-04-01,2026-03-31,1
2025-07-31,68640,2026-03-31,1,2074000000,0.104,,,,,145000000,1.750,152000000,1.185,,101000000,,14.40,,,,,,16032000000,13559000000,0.777,,12453000000,,,,,,,,,,,,true,false,3,2025-04-01,2025-06-30,0
2025-07-31,68640,2025-03-31,1,1878000000,-0.203,,,,,52000000,-0.680,70000000,-0.626,,188000000,,26.89,,,,,,,,,,,,,,,,,,,,,,true,false,3,2024-04-01,2024-06-30,-1
2025-07-31,68640,2026-03-31,1,4100000000,0.003,,,,,210000000,0.036,210000000,-0.047,,150000000,,21.37,,,,,,,,,,,,,,,,,,,,,,true,true,6,2025-04-01,2025-09-30,0
2025-07-31,68640,2026-03-31,1,8900000000,-0.020,,,,,680000000,0.242,680000000,0.158,,480000000,,68.39,,,,,,,,,,,,,,,,,,,,,,true,true,12,2025-04-01,2026-03-31,0
2025-07-31,68640,2025-03-31,1,,,,,,,,,,,,,,,,,,,,17321000000,13666000000,0.725,,12563000000,,,,,,,,,,,,true,false,12,2024-04-01,2025-03-31,-1
2025-07-31,68640,2025-03-31,1,,,,,,,,,,,,,,,,,,,,,,,,,,,,,32.00,,,,7070000,51226,,false,false,12,2024-04-01,2025-03-31,-1
2025-07-31,68640,2026-03-31,1,,,,,,,,,,,,,,,,,,,,,,,,,,,,,34.00,,,,,,,false,true,12,2025-04-01,2026-03-31,0
2025-07-31,68640,2026-03-31,1,,,,,,,,,,,,,,,,,,,,,,,,,,,,,,,,,7070000,51226,7018774,false,false,3,2025-04-01,2025-06-30,0
2025-07-31,68640,2025-03-31,1,,,,,,,,,,,,,,,,,,,,,,,,,,,,,,,,,,,7018774,false,false,3,2024-04-01,2024-06-30,-1
