filing_date,code,fiscal_year_end,quarterly_period,net_sales,net_sales_change,revenue,revenue_change,operating_revenue,operating_revenue_change,operating_profit,operating_profit_change,ordinary_profit,ordinary_profit_change,net_income,net_income_of_parent,net_income_change,eps,diluted_eps,roe,roa,operating_profit_to_net_sales,operating_profit_to_revenue,total_assets,net_assets,equity_ratio,bps,owner_equity,operating_cash_flow,investing_cash_flow,financing_cash_flow,cash,dividend_per_share,payout_ratio,commemorative_dividend,extra_dividend,number_of_shares,number_of_treqsury_shares,avg_number_of_shares,is_consolidated,is_forecast,duration,period_start,period_end,period_pos
2015-07-30,68700,2015-12-31,2,10384000000,0.037,,,,,972000000,0.077,1014000000,0.120,677000000,,0.182,114.95,,,,,,17125000000,9121000000,0.533,1547.99,9121000000,,,,,,,,,,,,true,false,6,2015-01-01,2015-06-30,0
2015-07-30,68700,2014-12-31,2,10013000000,0.092,,,,,903000000,0.165,905000000,0.105,572000000,,0.090,97.22,,,,,,,,,,,,,,,,,,,,,,true,false,6,2014-01-01,2014-06-30,-1
2015-07-30,68700,2015-12-31,2,20802000000,0.056,,,,,1696000000,0.094,1701000000,0.065,1086000000,,0.076,184.33,,,,,,,,,,,,,,,,,,,,,,true,true,12,2015-01-01,2015-12-31,0
2015-07-30,68700,2014-12-31,2,,,,,,,,,,,,,,,,,,,,16330000000,8517000000,0.522,1445.38,8517000000,,,,,,,,,,,,true,false,12,2014-01-01,2014-12-31,-1
2015-07-30,68700,2014-12-31,2,,,,,,,,,,,,,,,,,,,,,,,,,,,,,45.00,,,,5893000,276,,false,false,12,2014-01-01,2014-12-31,-1
2015-07-30,68700,2015-12-31,2,,,,,,,,,,,,,,,,,,,,,,,,,,,,,0.00,,,,,,,false,false,12,2015-01-01,2015-12-31,0
2015-07-30,68700,2015-12-31,2,,,,,,,,,,,,,,,,,,,,,,,,,,,,,45.00,,,,,,,false,true,12,2015-01-01,2015-12-31,0
2015-07-30,68700,2015-12-31,2,,,,,,,,,,,,,,,,,,,,,,,,,,,,,,,,,5893000,276,5892724,false,false,6,2015-01-01,2015-06-30,0
2015-07-30,68700,2014-12-31,2,,,,,,,,,,,,,,,,,,,,,,,,,,,,,,,,,,,5892763,false,false,6,2014-01-01,2014-06-30,-1
2015-10-29,68700,2015-12-31,3,14752000000,0.020,,,,,1127000000,0.019,1165000000,0.025,766000000,,0.051,130.12,,,,,,16688000000,8991000000,0.539,1525.85,8991000000,,,,,,,,,,,,true,false,9,2015-01-01,2015-09-30,0
2015-10-29,68700,2014-12-31,3,14469000000,0.057,,,,,1107000000,0.111,1136000000,0.096,729000000,,0.061,123.82,,,,,,,,,,,,,,,,,,,,,,true,false,9,2014-01-01,2014-09-30,-1
2015-10-29,68700,2015-12-31,3,20802000000,0.056,,,,,1696000000,0.094,1701000000,0.065,1086000000,,0.076,184.33,,,,,,,,,,,,,,,,,,,,,,true,true,12,2015-01-01,2015-12-31,0
2015-10-29,68700,2014-12-31,3,,,,,,,,,,,,,,,,,,,,16330000000,8517000000,0.522,1445.38,8517000000,,,,,,,,,,,,true,false,12,2014-01-01,2014-12-31,-1
2015-10-29,68700,2014-12-31,3,,,,,,,,,,,,,,,,,,,,,,,,,,,,,45.00,,,,5893000,276,,false,false,12,2014-01-01,2014-12-31,-1
2015-10-29,68700,2015-12-31,3,,,,,,,,,,,,,,,,,,,,,,,,,,,,,0.00,,,,,,,false,false,12,2015-01-01,2015-12-31,0
2015-10-29,68700,2015-12-31,3,,,,,,,,,,,,,,,,,,,,,,,,,,,,,45.00,,,,,,,false,true,12,2015-01-01,2015-12-31,0
2015-10-29,68700,2015-12-31,3,,,,,,,,,,,,,,,,,,,,,,,,,,,,,,,,,5893000,276,5892724,false,false,9,2015-01-01,2015-09-30,0
2015-10-29,68700,2014-12-31,3,,,,,,,,,,,,,,,,,,,,,,,,,,,,,,,,,,,5892763,false,false,9,2014-01-01,2014-09-30,-1
,68700,2015-12-31,,,,,,,,,,,,,,,,,,,,,,,,,,,,,,52.00,,,,,,,false,true,12,2015-01-01,2015-12-31,0
,68700,2015-12-31,,,,,,,,,,,,,,,,,,,,,,,,,,,,,,0.00,,,,,,,false,false,12,2015-01-01,2015-12-31,0
,68700,2014-12-31,,,,,,,,,,,,,,,,,,,,,,,,,,,,,,45.00,,,,,,,false,false,12,2014-01-01,2014-12-31,-1
2016-02-10,68700,2015-12-31,,20126000000,0.022,,,,,1763000000,0.137,1823000000,0.141,1158000000,,0.147,196.55,,0.128,0.111,0.088,,16607000000,9521000000,0.573,1615.83,9521000000,1850000000,-277000000,-572000000,4002000000,,0.265,,,,,,true,false,12,2015-01-01,2015-12-31,0
2016-02-10,68700,2014-12-31,,19696000000,0.033,,,,,1550000000,0.188,1597000000,0.158,1009000000,,0.155,171.39,,0.128,0.102,0.079,,16330000000,8517000000,0.522,1445.38,8517000000,281000000,-600000000,-422000000,3007000000,,0.263,,,,,,true,false,12,2014-01-01,2014-12-31,-1
2016-02-10,68700,2016-12-31,,9649000000,-0.071,,,,,752000000,-0.226,771000000,-0.240,,518000000,,87.95,,,,,,,,,,,,,,,,,,,,,,true,true,6,2016-01-01,2016-06-30,1
2016-02-10,68700,2016-12-31,,19604000000,-0.026,,,,,1682000000,-0.046,1724000000,-0.054,,1110000000,,188.46,,,,,,,,,,,,,,,,0.249,,,,,,true,true,12,2016-01-01,2016-12-31,1
2016-02-10,68700,2015-12-31,,11107000000,0.001,,,,,1128000000,0.043,1185000000,0.049,674000000,,0.092,114.54,,,,,,12201000000,7328000000,0.601,1243.63,7328000000,,,,,52.00,,,,5893000,276,5892724,false,false,12,2015-01-01,2015-12-31,0
2016-02-10,68700,2014-12-31,,11097000000,0.006,,,,,1081000000,0.304,1129000000,0.249,617000000,,0.149,104.87,,,,,,12075000000,6782000000,0.562,1150.92,6782000000,,,,,45.00,,,,5893000,276,5892753,false,false,12,2014-01-01,2014-12-31,-1
2016-02-10,68700,2016-12-31,,5479000000,-0.064,,,,,503000000,-0.226,522000000,-0.248,295000000,,-0.287,50.22,,,,,,,,,,,,,,,,,,,,,,false,true,6,2016-01-01,2016-06-30,1
2016-02-10,68700,2016-12-31,,12009000000,0.081,,,,,1297000000,0.150,1339000000,0.130,744000000,,0.104,126.32,,,,,,,,,,,,,,,47.00,,,,,,,false,true,12,2016-01-01,2016-12-31,1
2016-04-28,68700,2016-12-31,1,4315000000,-0.197,,,,,521000000,-0.112,511000000,-0.152,,355000000,,60.40,,,,,,16032000000,9311000000,0.581,1580.14,9311000000,,,,,,,,,,,,true,false,3,2016-01-01,2016-03-31,0
2016-04-28,68700,2015-12-31,1,5371000000,-0.006,,,,,587000000,-0.030,602000000,0.007,,381000000,,64.77,,,,,,,,,,,,,,,,,,,,,,true,false,3,2015-01-01,2015-03-31,-1
2016-04-28,68700,2016-12-31,1,9649000000,-0.071,,,,,752000000,-0.226,771000000,-0.240,,518000000,,87.95,,,,,,,,,,,,,,,,,,,,,,true,true,6,2016-01-01,2016-06-30,0
2016-04-28,68700,2016-12-31,1,19604000000,-0.026,,,,,1682000000,-0.046,1724000000,-0.054,,1110000000,,188.46,,,,,,,,,,,,,,,,,,,,,,true,true,12,2016-01-01,2016-12-31,0
2016-04-28,68700,2015-12-31,1,,,,,,,,,,,,,,,,,,,,16607000000,9521000000,0.573,1615.83,9521000000,,,,,,,,,,,,true,false,12,2015-01-01,2015-12-31,-1
2016-04-28,68700,2015-12-31,1,,,,,,,,,,,,,,,,,,,,,,,,,,,,,52.00,,,,5893000,276,,false,false,12,2015-01-01,2015-12-31,-1
2016-04-28,68700,2016-12-31,1,,,,,,,,,,,,,,,,,,,,,,,,,,,,,47.00,,,,,,,false,true,12,2016-01-01,2016-12-31,0
2016-04-28,68700,2016-12-31,1,,,,,,,,,,,,,,,,,,,,,,,,,,,,,,,,,5893000,276,5892724,false,false,3,2016-01-01,2016-03-31,0
2016-04-28,68700,2015-12-31,1,,,,,,,,,,,,,,,,,,,,,,,,,,,,,,,,,,,5892724,false,false,3,2015-01-01,2015-03-31,-1
2016-07-29,68700,2016-12-31,2,8598000000,-0.172,,,,,897000000,-0.077,897000000,-0.116,,623000000,,105.78,,,,,,15784000000,9356000000,0.593,1587.87,9356000000,,,,,,,,,,,,true,false,6,2016-01-01,2016-06-30,0
2016-07-29,68700,2015-12-31,2,10384000000,0.037,,,,,972000000,0.077,1014000000,0.120,,677000000,,114.95,,,,,,,,,,,,,,,,,,,,,,true,false,6,2015-01-01,2015-06-30,-1
2016-07-29,68700,2016-12-31,2,17054000000,-0.153,,,,,1460000000,-0.172,1483000000,-0.186,,972000000,,165.00,,,,,,,,,,,,,,,,,,,,,,true,true,12,2016-01-01,2016-12-31,0
2016-07-29,68700,2015-12-31,2,,,,,,,,,,,,,,,,,,,,16607000000,9521000000,0.573,1615.83,9521000000,,,,,,,,,,,,true,false,12,2015-01-01,2015-12-31,-1
2016-07-29,68700,2015-12-31,2,,,,,,,,,,,,,,,,,,,,,,,,,,,,,52.00,,,,5893000,276,,false,false,12,2015-01-01,2015-12-31,-1
2016-07-29,68700,2016-12-31,2,,,,,,,,,,,,,,,,,,,,,,,,,,,,,0.00,,,,,,,false,false,12,2016-01-01,2016-12-31,0
2016-07-29,68700,2016-12-31,2,,,,,,,,,,,,,,,,,,,,,,,,,,,,,47.00,,,,,,,false,true,12,2016-01-01,2016-12-31,0
2016-07-29,68700,2016-12-31,2,,,,,,,,,,,,,,,,,,,,,,,,,,,,,,,,,5893000,276,5892724,false,false,6,2016-01-01,2016-06-30,0
2016-07-29,68700,2015-12-31,2,,,,,,,,,,,,,,,,,,,,,,,,,,,,,,,,,,,5892724,false,false,6,2015-01-01,2015-06-30,-1
2016-10-31,68700,2016-12-31,3,12358000000,-0.162,,,,,1126000000,-0.002,1123000000,-0.036,,778000000,,132.08,,,,,,15933000000,9563000000,0.600,1622.96,9563000000,,,,,,,,,,,,true,false,9,2016-01-01,2016-09-30,0
2016-10-31,68700,2015-12-31,3,14752000000,0.020,,,,,1127000000,0.019,1165000000,0.025,,766000000,,130.12,,,,,,,,,,,,,,,,,,,,,,true,false,9,2015-01-01,2015-09-30,-1
2016-10-31,68700,2016-12-31,3,17054000000,-0.153,,,,,1460000000,-0.172,1483000000,-0.186,,972000000,,165.00,,,,,,,,,,,,,,,,,,,,,,true,true,12,2016-01-01,2016-12-31,0
2016-10-31,68700,2015-12-31,3,,,,,,,,,,,,,,,,,,,,16607000000,9521000000,0.573,1615.83,9521000000,,,,,,,,,,,,true,false,12,2015-01-01,2015-12-31,-1
2016-10-31,68700,2015-12-31,3,,,,,,,,,,,,,,,,,,,,,,,,,,,,,52.00,,,,5893000,276,,false,false,12,2015-01-01,2015-12-31,-1
2016-10-31,68700,2016-12-31,3,,,,,,,,,,,,,,,,,,,,,,,,,,,,,0.00,,,,,,,false,false,12,2016-01-01,2016-12-31,0
2016-10-31,68700,2016-12-31,3,,,,,,,,,,,,,,,,,,,,,,,,,,,,,47.00,,,,,,,false,true,12,2016-01-01,2016-12-31,0
2016-10-31,68700,2016-12-31,3,,,,,,,,,,,,,,,,,,,,,,,,,,,,,,,,,5893000,276,5892724,false,false,9,2016-01-01,2016-09-30,0
2016-10-31,68700,2015-12-31,3,,,,,,,,,,,,,,,,,,,,,,,,,,,,,,,,,,,5892724,false,false,9,2015-01-01,2015-09-30,-1
2017-02-10,68700,2016-12-31,,16566000000,-0.177,,,,,1502000000,-0.148,1550000000,-0.150,,1073000000,,182.14,,0.108,0.094,0.091,,16368000000,10311000000,0.630,1749.95,10311000000,1523000000,-305000000,-341000000,4851000000,,0.285,,,,,,true,false,12,2016-01-01,2016-12-31,0
2017-02-10,68700,2015-12-31,,20126000000,0.022,,,,,1763000000,0.137,1823000000,0.141,,1158000000,,196.55,,0.128,0.111,0.088,,16607000000,9521000000,0.573,1615.83,9521000000,1850000000,-277000000,-572000000,4002000000,,0.265,,,,,,true,false,12,2015-01-01,2015-12-31,-1
2017-02-10,68700,2017-12-31,,6819000000,-0.207,,,,,362000000,-0.596,386000000,-0.570,,280000000,,47.55,,,,,,,,,,,,,,,,,,,,,,true,true,6,2017-01-01,2017-06-30,1
2017-02-10,68700,2017-12-31,,15864000000,-0.042,,,,,1529000000,0.018,1570000000,0.013,,1111000000,,188.71,,,,,,,,,,,,,,,,0.276,,,,,,true,true,12,2017-01-01,2017-12-31,1
2017-02-10,68700,2016-12-31,,10088000000,-0.092,,,,,1025000000,-0.091,1193000000,0.007,749000000,,0.111,127.25,,,,,,12236000000,7941000000,0.649,1347.64,7941000000,,,,,52.00,,,,5893000,276,5892724,false,false,12,2016-01-01,2016-12-31,0
2017-02-10,68700,2015-12-31,,11107000000,0.001,,,,,1128000000,0.043,1185000000,0.049,674000000,,0.092,114.54,,,,,,12201000000,7328000000,0.601,1243.63,7328000000,,,,,52.00,,,,5893000,276,5892724,false,false,12,2015-01-01,2015-12-31,-1
2017-02-10,68700,2017-12-31,,4643000000,-0.092,,,,,261000000,-0.592,282000000,-0.564,179000000,,-0.542,30.45,,,,,,,,,,,,,,,,,,,,,,false,true,6,2017-01-01,2017-06-30,1
2017-02-10,68700,2017-12-31,,11418000000,0.132,,,,,1295000000,0.263,1430000000,0.198,987000000,,0.317,167.62,,,,,,,,,,,,,,,52.00,,,,,,,false,true,12,2017-01-01,2017-12-31,1
,68700,2016-12-31,,,,,,,,,,,,,,,,,,,,,,,,,,,,,,52.00,,,,,,,false,true,12,2016-01-01,2016-12-31,0
,68700,2016-12-31,,,,,,,,,,,,,,,,,,,,,,,,,,,,,,0.00,,,,,,,false,false,12,2016-01-01,2016-12-31,0
,68700,2015-12-31,,,,,,,,,,,,,,,,,,,,,,,,,,,,,,52.00,,,,,,,false,false,12,2015-01-01,2015-12-31,-1
2017-04-28,68700,2017-12-31,1,3826000000,-0.113,,,,,465000000,-0.108,463000000,-0.094,,340000000,,57.72,,,,,,16341000000,10284000000,0.629,1745.25,10284000000,,,,,,,,,,,,true,false,3,2017-01-01,2017-03-31,0
2017-04-28,68700,2016-12-31,1,4315000000,-0.197,,,,,521000000,-0.112,511000000,-0.152,,355000000,,60.40,,,,,,,,,,,,,,,,,,,,,,true,false,3,2016-01-01,2016-03-31,-1
2017-04-28,68700,2017-12-31,1,6819000000,-0.207,,,,,362000000,-0.596,386000000,-0.570,,280000000,,47.55,,,,,,,,,,,,,,,,,,,,,,true,true,6,2017-01-01,2017-06-30,0
2017-04-28,68700,2017-12-31,1,15864000000,-0.042,,,,,1529000000,0.018,1570000000,0.013,,1111000000,,188.71,,,,,,,,,,,,,,,,,,,,,,true,true,12,2017-01-01,2017-12-31,0
2017-04-28,68700,2016-12-31,1,,,,,,,,,,,,,,,,,,,,16368000000,10311000000,0.630,1749.95,10311000000,,,,,,,,,,,,true,false,12,2016-01-01,2016-12-31,-1
2017-04-28,68700,2016-12-31,1,,,,,,,,,,,,,,,,,,,,,,,,,,,,,52.00,,,,5893000,276,,false,false,12,2016-01-01,2016-12-31,-1
2017-04-28,68700,2017-12-31,1,,,,,,,,,,,,,,,,,,,,,,,,,,,,,52.00,,,,,,,false,true,12,2017-01-01,2017-12-31,0
2017-04-28,68700,2017-12-31,1,,,,,,,,,,,,,,,,,,,,,,,,,,,,,,,,,5893000,332,5892718,false,false,3,2017-01-01,2017-03-31,0
2017-04-28,68700,2016-12-31,1,,,,,,,,,,,,,,,,,,,,,,,,,,,,,,,,,,,5892724,false,false,3,2016-01-01,2016-03-31,-1
2017-07-31,68700,2017-12-31,2,7215000000,-0.161,,,,,733000000,-0.183,786000000,-0.124,,561000000,,95.21,,,,,,16378000000,10649000000,0.650,1807.27,10649000000,,,,,,,,,,,,true,false,6,2017-01-01,2017-06-30,0
2017-07-31,68700,2016-12-31,2,8598000000,-0.172,,,,,897000000,-0.077,897000000,-0.116,,623000000,,105.78,,,,,,,,,,,,,,,,,,,,,,true,false,6,2016-01-01,2016-06-30,-1
2017-07-31,68700,2017-12-31,2,15864000000,-0.042,,,,,1529000000,0.018,1570000000,0.013,,1111000000,,188.71,,,,,,,,,,,,,,,,,,,,,,true,true,12,2017-01-01,2017-12-31,0
2017-07-31,68700,2016-12-31,2,,,,,,,,,,,,,,,,,,,,16368000000,10311000000,0.630,1749.95,10311000000,,,,,,,,,,,,true,false,12,2016-01-01,2016-12-31,-1
2017-07-31,68700,2016-12-31,2,,,,,,,,,,,,,,,,,,,,,,,,,,,,,52.00,,,,5893000,276,,false,false,12,2016-01-01,2016-12-31,-1
2017-07-31,68700,2017-12-31,2,,,,,,,,,,,,,,,,,,,,,,,,,,,,,0.00,,,,,,,false,false,12,2017-01-01,2017-12-31,0
2017-07-31,68700,2017-12-31,2,,,,,,,,,,,,,,,,,,,,,,,,,,,,,52.00,,,,,,,false,true,12,2017-01-01,2017-12-31,0
2017-07-31,68700,2017-12-31,2,,,,,,,,,,,,,,,,,,,,,,,,,,,,,,,,,5893000,332,5892693,false,false,6,2017-01-01,2017-06-30,0
2017-07-31,68700,2016-12-31,2,,,,,,,,,,,,,,,,,,,,,,,,,,,,,,,,,,,5892724,false,false,6,2016-01-01,2016-06-30,-1
2017-10-31,68700,2017-12-31,3,10434000000,-0.156,,,,,954000000,-0.153,1006000000,-0.104,,713000000,,121.09,,,,,,17099000000,10988000000,0.643,1864.80,10988000000,,,,,,,,,,,,true,false,9,2017-01-01,2017-09-30,0
2017-10-31,68700,2016-12-31,3,12358000000,-0.162,,,,,1126000000,-0.002,1123000000,-0.036,,778000000,,132.08,,,,,,,,,,,,,,,,,,,,,,true,false,9,2016-01-01,2016-09-30,-1
2017-10-31,68700,2017-12-31,3,15864000000,-0.042,,,,,1529000000,0.018,1570000000,0.013,,1111000000,,188.71,,,,,,,,,,,,,,,,,,,,,,true,true,12,2017-01-01,2017-12-31,0
2017-10-31,68700,2016-12-31,3,,,,,,,,,,,,,,,,,,,,16368000000,10311000000,0.630,1749.95,10311000000,,,,,,,,,,,,true,false,12,2016-01-01,2016-12-31,-1
2017-10-31,68700,2016-12-31,3,,,,,,,,,,,,,,,,,,,,,,,,,,,,,52.00,,,,5893000,276,,false,false,12,2016-01-01,2016-12-31,-1
2017-10-31,68700,2017-12-31,3,,,,,,,,,,,,,,,,,,,,,,,,,,,,,0.00,,,,,,,false,false,12,2017-01-01,2017-12-31,0
2017-10-31,68700,2017-12-31,3,,,,,,,,,,,,,,,,,,,,,,,,,,,,,52.00,,,,,,,false,true,12,2017-01-01,2017-12-31,0
2017-10-31,68700,2017-12-31,3,,,,,,,,,,,,,,,,,,,,,,,,,,,,,,,,,5893000,332,5892684,false,false,9,2017-01-01,2017-09-30,0
2017-10-31,68700,2016-12-31,3,,,,,,,,,,,,,,,,,,,,,,,,,,,,,,,,,,,5892724,false,false,9,2016-01-01,2016-09-30,-1
2018-02-13,68700,2017-12-31,,14307000000,-0.136,,,,,1403000000,-0.066,1476000000,-0.048,,1128000000,,191.55,,0.104,0.087,0.098,,17605000000,11425000000,0.649,1938.99,11425000000,1332000000,-63000000,-363000000,5714000000,,0.287,,,,,,true,false,12,2017-01-01,2017-12-31,0
2018-02-13,68700,2016-12-31,,16566000000,-0.177,,,,,1502000000,-0.148,1550000000,-0.150,,1073000000,,182.14,,0.108,0.094,0.091,,16368000000,10311000000,0.630,1749.95,10311000000,1523000000,-305000000,-341000000,4851000000,,0.285,,,,,,true,false,12,2016-01-01,2016-12-31,-1
2018-02-13,68700,2018-12-31,,6691000000,-0.073,,,,,734000000,0.002,766000000,-0.024,,531000000,,90.13,,,,,,,,,,,,,,,,,,,,,,true,true,6,2018-01-01,2018-06-30,1
2018-02-13,68700,2018-12-31,,13625000000,-0.048,,,,,1604000000,0.143,1663000000,0.127,,1165000000,,197.86,,,,,,,,,,,,,,,,0.278,,,,,,true,true,12,2018-01-01,2018-12-31,1
2018-02-13,68700,2017-12-31,,9635000000,-0.045,,,,,1152000000,0.123,1329000000,0.113,1013000000,,0.352,172.02,,,,,,13923000000,8977000000,0.645,1523.43,8977000000,,,,,55.00,,,,5893000,332,5892680,false,false,12,2017-01-01,2017-12-31,0
2018-02-13,68700,2016-12-31,,10088000000,-0.092,,,,,1025000000,-0.091,1193000000,0.007,749000000,,0.111,127.25,,,,,,12236000000,7941000000,0.649,1347.64,7941000000,,,,,52.00,,,,5893000,276,5892724,false,false,12,2016-01-01,2016-12-31,-1
2018-02-13,68700,2018-12-31,,5167000000,0.095,,,,,684000000,0.140,712000000,0.093,474000000,,0.065,80.56,,,,,,,,,,,,,,,,,,,,,,false,true,6,2018-01-01,2018-06-30,1
2018-02-13,68700,2018-12-31,,10692000000,0.110,,,,,1503000000,0.304,1662000000,0.251,1145000000,,0.130,194.39,,,,,,,,,,,,,,,55.00,,,,,,,false,true,12,2018-01-01,2018-12-31,1
,68700,2017-12-31,,,,,,,,,,,,,,,,,,,,,,,,,,,,,,55.00,,,,,,,false,true,12,2017-01-01,2017-12-31,0
,68700,2016-12-31,,,,,,,,,,,,,,,,,,,,,,,,,,,,,,52.00,,,,,,,false,false,12,2016-01-01,2016-12-31,-1
2018-05-07,68700,2018-12-31,1,3280000000,-0.143,,,,,370000000,-0.204,366000000,-0.208,,251000000,,42.65,,,,,,16794000000,11219000000,0.668,1903.97,11219000000,,,,,,,,,,,,true,false,3,2018-01-01,2018-03-31,0
2018-05-07,68700,2017-12-31,1,3826000000,-0.113,,,,,465000000,-0.108,463000000,-0.094,,340000000,,57.72,,,,,,,,,,,,,,,,,,,,,,true,false,3,2017-01-01,2017-03-31,-1
2018-05-07,68700,2018-12-31,1,6691000000,-0.073,,,,,734000000,0.002,766000000,-0.024,,531000000,,90.13,,,,,,,,,,,,,,,,,,,,,,true,true,6,2018-01-01,2018-06-30,0
2018-05-07,68700,2018-12-31,1,13625000000,-0.048,,,,,1604000000,0.143,1663000000,0.127,,1165000000,,197.86,,,,,,,,,,,,,,,,,,,,,,true,true,12,2018-01-01,2018-12-31,0
2018-05-07,68700,2017-12-31,1,,,,,,,,,,,,,,,,,,,,17605000000,11425000000,0.649,1938.99,11425000000,,,,,,,,,,,,true,false,12,2017-01-01,2017-12-31,-1
2018-05-07,68700,2017-12-31,1,,,,,,,,,,,,,,,,,,,,,,,,,,,,,55.00,,,,5893000,332,,false,false,12,2017-01-01,2017-12-31,-1
2018-05-07,68700,2018-12-31,1,,,,,,,,,,,,,,,,,,,,,,,,,,,,,55.00,,,,,,,false,true,12,2018-01-01,2018-12-31,0
2018-05-07,68700,2018-12-31,1,,,,,,,,,,,,,,,,,,,,,,,,,,,,,,,,,5893000,332,5892668,false,false,3,2018-01-01,2018-03-31,0
2018-05-07,68700,2017-12-31,1,,,,,,,,,,,,,,,,,,,,,,,,,,,,,,,,,,,5892718,false,false,3,2017-01-01,2017-03-31,-1
2018-07-31,68700,2018-12-31,2,6288000000,-0.128,,,,,685000000,-0.065,717000000,-0.088,,492000000,,83.63,,,,,,16809000000,11522000000,0.686,1955.44,11522000000,,,,,,,,,,,,true,false,6,2018-01-01,2018-06-30,0
2018-07-31,68700,2017-12-31,2,7215000000,-0.161,,,,,733000000,-0.183,786000000,-0.124,,561000000,,95.21,,,,,,,,,,,,,,,,,,,,,,true,false,6,2017-01-01,2017-06-30,-1
2018-07-31,68700,2018-12-31,2,13625000000,-0.048,,,,,1604000000,0.143,1663000000,0.127,,1165000000,,197.86,,,,,,,,,,,,,,,,,,,,,,true,true,12,2018-01-01,2018-12-31,0
2018-07-31,68700,2017-12-31,2,,,,,,,,,,,,,,,,,,,,17605000000,11425000000,0.649,1938.99,11425000000,,,,,,,,,,,,true,false,12,2017-01-01,2017-12-31,-1
2018-07-31,68700,2017-12-31,2,,,,,,,,,,,,,,,,,,,,,,,,,,,,,55.00,,,,5893000,332,,false,false,12,2017-01-01,2017-12-31,-1
2018-07-31,68700,2018-12-31,2,,,,,,,,,,,,,,,,,,,,,,,,,,,,,0.00,,,,,,,false,false,12,2018-01-01,2018-12-31,0
2018-07-31,68700,2018-12-31,2,,,,,,,,,,,,,,,,,,,,,,,,,,,,,55.00,,,,,,,false,true,12,2018-01-01,2018-12-31,0
2018-07-31,68700,2018-12-31,2,,,,,,,,,,,,,,,,,,,,,,,,,,,,,,,,,5893000,332,5892668,false,false,6,2018-01-01,2018-06-30,0
2018-07-31,68700,2017-12-31,2,,,,,,,,,,,,,,,,,,,,,,,,,,,,,,,,,,,5892693,false,false,6,2017-01-01,2017-06-30,-1
2018-10-31,68700,2018-12-31,3,9072000000,-0.131,,,,,863000000,-0.095,902000000,-0.104,,616000000,,104.66,,,,,,16584000000,11584000000,0.698,1965.85,11584000000,,,,,,,,,,,,true,false,9,2018-01-01,2018-09-30,0
2018-10-31,68700,2017-12-31,3,10434000000,-0.156,,,,,954000000,-0.153,1006000000,-0.104,,713000000,,121.09,,,,,,,,,,,,,,,,,,,,,,true,false,9,2017-01-01,2017-09-30,-1
2018-10-31,68700,2018-12-31,3,13625000000,-0.048,,,,,1604000000,0.143,1663000000,0.127,,1165000000,,197.86,,,,,,,,,,,,,,,,,,,,,,true,true,12,2018-01-01,2018-12-31,0
2018-10-31,68700,2017-12-31,3,,,,,,,,,,,,,,,,,,,,17605000000,11425000000,0.649,1938.99,11425000000,,,,,,,,,,,,true,false,12,2017-01-01,2017-12-31,-1
2018-10-31,68700,2017-12-31,3,,,,,,,,,,,,,,,,,,,,,,,,,,,,,55.00,,,,5893000,332,,false,false,12,2017-01-01,2017-12-31,-1
2018-10-31,68700,2018-12-31,3,,,,,,,,,,,,,,,,,,,,,,,,,,,,,0.00,,,,,,,false,false,12,2018-01-01,2018-12-31,0
2018-10-31,68700,2018-12-31,3,,,,,,,,,,,,,,,,,,,,,,,,,,,,,55.00,,,,,,,false,true,12,2018-01-01,2018-12-31,0
2018-10-31,68700,2018-12-31,3,,,,,,,,,,,,,,,,,,,,,,,,,,,,,,,,,5893000,332,5892668,false,false,9,2018-01-01,2018-09-30,0
2018-10-31,68700,2017-12-31,3,,,,,,,,,,,,,,,,,,,,,,,,,,,,,,,,,,,5892684,false,false,9,2017-01-01,2017-09-30,-1
2019-02-13,68700,2018-12-31,,12542000000,-0.123,,,,,1424000000,0.015,1497000000,0.014,,1169000000,,198.52,,0.101,0.088,0.114,,16615000000,11820000000,0.711,2005.99,11820000000,454000000,-1057000000,-449000000,4620000000,,0.292,,,,,,true,false,12,2018-01-01,2018-12-31,0
2019-02-13,68700,2017-12-31,,14307000000,-0.136,,,,,1403000000,-0.066,1476000000,-0.048,,1128000000,,191.55,,0.104,0.087,0.098,,17605000000,11425000000,0.649,1938.99,11425000000,1332000000,-63000000,-363000000,5714000000,,0.287,,,,,,true,false,12,2017-01-01,2017-12-31,-1
2019-02-13,68700,2019-12-31,,5510000000,-0.124,,,,,372000000,-0.457,406000000,-0.432,,281000000,,47.82,,,,,,,,,,,,,,,,,,,,,,true,true,6,2019-01-01,2019-06-30,1
2019-02-13,68700,2019-12-31,,13260000000,0.057,,,,,1610000000,0.131,1670000000,0.116,,1170000000,,198.69,,,,,,,,,,,,,,,,0.292,,,,,,true,true,12,2019-01-01,2019-12-31,1
2019-02-13,68700,2018-12-31,,9469000000,-0.017,,,,,1251000000,0.086,1419000000,0.068,1220000000,,0.204,207.13,,,,,,13572000000,9527000000,0.702,1616.77,9527000000,,,,,58.00,,,,5893000,332,5892668,false,false,12,2018-01-01,2018-12-31,0
2019-02-13,68700,2017-12-31,,9635000000,-0.045,,,,,1152000000,0.123,1329000000,0.113,1013000000,,0.352,172.02,,,,,,13923000000,8977000000,0.645,1523.43,8977000000,,,,,55.00,,,,5893000,332,5892680,false,false,12,2017-01-01,2017-12-31,-1
2019-02-13,68700,2019-12-31,,4291000000,-0.090,,,,,324000000,-0.444,353000000,-0.420,236000000,,-0.421,40.18,,,,,,,,,,,,,,,,,,,,,,false,true,6,2019-01-01,2019-06-30,1
2019-02-13,68700,2019-12-31,,10217000000,0.079,,,,,1463000000,0.169,1626000000,0.146,1158000000,,-0.051,196.63,,,,,,,,,,,,,,,58.00,,,,,,,false,true,12,2019-01-01,2019-12-31,1
2019-02-13,68700,2018-12-31,,12542000000,-0.079,,,,,1424000000,-0.112,1497000000,-0.100,,1169000000,,198.52,,,,,,,,,,,,,,,,,,,,,,true,true,12,2018-01-01,2018-12-31,0
2019-02-13,68700,2017-12-31,,14307000000,,,,,,1403000000,,1476000000,,,1128000000,,191.55,,,,,,,,,,,,,,,,,,,,,,true,false,12,2017-01-01,2017-12-31,-1
2019-02-13,68700,2018-12-31,,9469000000,-0.114,,,,,1251000000,-0.168,1419000000,-0.146,1220000000,,0.066,207.13,,,,,,,,,,,,,,,,,,,,,,false,true,12,2018-01-01,2018-12-31,0
2019-02-13,68700,2017-12-31,,9635000000,,,,,,1152000000,,1329000000,,1013000000,,,172.02,,,,,,,,,,,,,,,,,,,,,,false,false,12,2017-01-01,2017-12-31,-1
,68700,2018-12-31,,,,,,,,,,,,,,,,,,,,,,,,,,,,,,58.00,,,,,,,false,true,12,2018-01-01,2018-12-31,0
,68700,2018-12-31,,,,,,,,,,,,,,,,,,,,,,,,,,,,,,0.00,,,,,,,false,false,12,2018-01-01,2018-12-31,0
,68700,2017-12-31,,,,,,,,,,,,,,,,,,,,,,,,,,,,,,55.00,,,,,,,false,false,12,2017-01-01,2017-12-31,-1
2019-05-07,68700,2019-12-31,1,2508000000,-0.235,,,,,212000000,-0.426,218000000,-0.404,,192000000,,32.59,,,,,,16517000000,11813000000,0.715,2004.80,11813000000,,,,,,,,,,,,true,false,3,2019-01-01,2019-03-31,0
2019-05-07,68700,2018-12-31,1,3280000000,-0.143,,,,,370000000,-0.204,366000000,-0.208,,251000000,,42.65,,,,,,,,,,,,,,,,,,,,,,true,false,3,2018-01-01,2018-03-31,-1
2019-05-07,68700,2019-12-31,1,5510000000,-0.124,,,,,372000000,-0.457,406000000,-0.432,,281000000,,47.82,,,,,,,,,,,,,,,,,,,,,,true,true,6,2019-01-01,2019-06-30,0
2019-05-07,68700,2019-12-31,1,13260000000,0.057,,,,,1610000000,0.131,1670000000,0.116,,1170000000,,198.69,,,,,,,,,,,,,,,,,,,,,,true,true,12,2019-01-01,2019-12-31,0
2019-05-07,68700,2018-12-31,1,,,,,,,,,,,,,,,,,,,,16615000000,11820000000,0.711,2005.99,11820000000,,,,,,,,,,,,true,false,12,2018-01-01,2018-12-31,-1
2019-05-07,68700,2018-12-31,1,,,,,,,,,,,,,,,,,,,,,,,,,,,,,58.00,,,,5893000,332,,false,false,12,2018-01-01,2018-12-31,-1
2019-05-07,68700,2019-12-31,1,,,,,,,,,,,,,,,,,,,,,,,,,,,,,58.00,,,,,,,false,true,12,2019-01-01,2019-12-31,0
2019-05-07,68700,2019-12-31,1,,,,,,,,,,,,,,,,,,,,,,,,,,,,,,,,,5893000,333,5892667,false,false,3,2019-01-01,2019-03-31,0
2019-05-07,68700,2018-12-31,1,,,,,,,,,,,,,,,,,,,,,,,,,,,,,,,,,,,5892668,false,false,3,2018-01-01,2018-03-31,-1
2019-07-31,68700,2019-12-31,2,5073000000,-0.193,,,,,278000000,-0.593,331000000,-0.538,,298000000,,50.61,,,,,,16222000000,11753000000,0.724,1994.55,11753000000,,,,,,,,,,,,true,false,6,2019-01-01,2019-06-30,0
2019-07-31,68700,2018-12-31,2,6288000000,-0.128,,,,,685000000,-0.065,717000000,-0.088,,492000000,,83.63,,,,,,,,,,,,,,,,,,,,,,true,false,6,2018-01-01,2018-06-30,-1
2019-07-31,68700,2019-12-31,2,10805000000,-0.139,,,,,550000000,-0.614,628000000,-0.581,,505000000,,85.70,,,,,,,,,,,,,,,,,,,,,,true,true,12,2019-01-01,2019-12-31,0
2019-07-31,68700,2018-12-31,2,,,,,,,,,,,,,,,,,,,,16615000000,11820000000,0.711,2005.99,11820000000,,,,,,,,,,,,true,false,12,2018-01-01,2018-12-31,-1
2019-07-31,68700,2018-12-31,2,,,,,,,,,,,,,,,,,,,,,,,,,,,,,58.00,,,,5893000,332,,false,false,12,2018-01-01,2018-12-31,-1
2019-07-31,68700,2019-12-31,2,,,,,,,,,,,,,,,,,,,,,,,,,,,,,0.00,,,,,,,false,false,12,2019-01-01,2019-12-31,0
2019-07-31,68700,2019-12-31,2,,,,,,,,,,,,,,,,,,,,,,,,,,,,,58.00,,,,,,,false,true,12,2019-01-01,2019-12-31,0
2019-07-31,68700,2019-12-31,2,,,,,,,,,,,,,,,,,,,,,,,,,,,,,,,,,5893000,399,5892641,false,false,6,2019-01-01,2019-06-30,0
2019-07-31,68700,2018-12-31,2,,,,,,,,,,,,,,,,,,,,,,,,,,,,,,,,,,,5892668,false,false,6,2018-01-01,2018-06-30,-1
2019-07-31,68700,2019-12-31,,10805000000,-0.185,,,,,550000000,-0.658,628000000,-0.624,,505000000,,85.70,,,,,,,,,,,,,,,,,,,,,,true,true,12,2019-01-01,2019-12-31,0
2019-07-31,68700,2018-12-31,,12542000000,,,,,,1424000000,,1497000000,,,1169000000,,198.52,,,,,,,,,,,,,,,,,,,,,,true,false,12,2018-01-01,2018-12-31,-1
2019-07-31,68700,2019-12-31,,8443000000,-0.174,,,,,597000000,-0.592,777000000,-0.522,609000000,,-0.475,103.34,,,,,,,,,,,,,,,,,,,,,,false,true,12,2019-01-01,2019-12-31,0
2019-07-31,68700,2018-12-31,,9469000000,,,,,,1251000000,,1419000000,,1220000000,,,207.13,,,,,,,,,,,,,,,,,,,,,,false,false,12,2018-01-01,2018-12-31,-1
2019-10-31,68700,2019-12-31,3,8286000000,-0.087,,,,,739000000,-0.143,800000000,-0.112,,18000000,,3.09,,,,,,15957000000,11613000000,0.728,1970.86,11613000000,,,,,,,,,,,,true,false,9,2019-01-01,2019-09-30,0
2019-10-31,68700,2018-12-31,3,9072000000,-0.131,,,,,863000000,-0.095,902000000,-0.104,,616000000,,104.66,,,,,,,,,,,,,,,,,,,,,,true,false,9,2018-01-01,2018-09-30,-1
2019-10-31,68700,2019-12-31,3,10389000000,-0.039,,,,,655000000,0.191,739000000,0.177,,519000000,,88.07,,,,,,,,,,,,,,,,,,,,,,true,true,12,2019-01-01,2019-12-31,0
2019-10-31,68700,2018-12-31,3,,,,,,,,,,,,,,,,,,,,16615000000,11820000000,0.711,2005.99,11820000000,,,,,,,,,,,,true,false,12,2018-01-01,2018-12-31,-1
2019-10-31,68700,2018-12-31,3,,,,,,,,,,,,,,,,,,,,,,,,,,,,,58.00,,,,5893000,332,,false,false,12,2018-01-01,2018-12-31,-1
2019-10-31,68700,2019-12-31,3,,,,,,,,,,,,,,,,,,,,,,,,,,,,,0.00,,,,,,,false,false,12,2019-01-01,2019-12-31,0
2019-10-31,68700,2019-12-31,3,,,,,,,,,,,,,,,,,,,,,,,,,,,,,58.00,,,,,,,false,true,12,2019-01-01,2019-12-31,0
2019-10-31,68700,2019-12-31,3,,,,,,,,,,,,,,,,,,,,,,,,,,,,,,,,,5893000,399,5892627,false,false,9,2019-01-01,2019-09-30,0
2019-10-31,68700,2018-12-31,3,,,,,,,,,,,,,,,,,,,,,,,,,,,,,,,,,,,5892668,false,false,9,2018-01-01,2018-09-30,-1
2019-10-31,68700,2019-12-31,3,8286000000,-0.087,,,,,739000000,-0.143,800000000,-0.112,,18000000,,3.09,,,,,,15957000000,11613000000,0.728,1970.86,11613000000,,,,,,,,,,,,true,false,9,2019-01-01,2019-09-30,0
2019-10-31,68700,2018-12-31,3,9072000000,-0.131,,,,,863000000,-0.095,902000000,-0.104,,616000000,,104.66,,,,,,,,,,,,,,,,,,,,,,true,false,9,2018-01-01,2018-09-30,-1
2019-10-31,68700,2019-12-31,3,10389000000,-0.172,,,,,655000000,-0.540,739000000,-0.506,,519000000,,88.07,,,,,,,,,,,,,,,,,,,,,,true,true,12,2019-01-01,2019-12-31,0
2019-10-31,68700,2018-12-31,3,,,,,,,,,,,,,,,,,,,,16615000000,11820000000,0.711,2005.99,11820000000,,,,,,,,,,,,true,false,12,2018-01-01,2018-12-31,-1
2019-10-31,68700,2018-12-31,3,,,,,,,,,,,,,,,,,,,,,,,,,,,,,58.00,,,,5893000,332,,false,false,12,2018-01-01,2018-12-31,-1
2019-10-31,68700,2019-12-31,3,,,,,,,,,,,,,,,,,,,,,,,,,,,,,0.00,,,,,,,false,false,12,2019-01-01,2019-12-31,0
2019-10-31,68700,2019-12-31,3,,,,,,,,,,,,,,,,,,,,,,,,,,,,,58.00,,,,,,,false,true,12,2019-01-01,2019-12-31,0
2019-10-31,68700,2019-12-31,3,,,,,,,,,,,,,,,,,,,,,,,,,,,,,,,,,5893000,399,5892627,false,false,9,2019-01-01,2019-09-30,0
2019-10-31,68700,2018-12-31,3,,,,,,,,,,,,,,,,,,,,,,,,,,,,,,,,,,,5892668,false,false,9,2018-01-01,2018-09-30,-1
2020-02-10,68700,2019-12-31,,10385000000,-0.172,,,,,716000000,-0.497,828000000,-0.447,,526000000,,89.72,,0.045,0.052,0.069,,15463000000,11515000000,0.745,2039.26,11515000000,799000000,757000000,-928000000,5231000000,,0.646,,,,,,true,false,12,2019-01-01,2019-12-31,0
2020-02-10,68700,2018-12-31,,12542000000,-0.123,,,,,1424000000,0.015,1497000000,0.014,,1169000000,,198.52,,0.101,0.088,0.114,,16615000000,11820000000,0.711,2005.99,11820000000,454000000,-1057000000,-449000000,4620000000,,0.292,,,,,,true,false,12,2018-01-01,2018-12-31,-1
2020-02-10,68700,2020-12-31,,4179000000,-0.176,,,,,130000000,-0.534,158000000,-0.523,,109000000,,19.30,,,,,,,,,,,,,,,,,,,,,,true,true,6,2020-01-01,2020-06-30,1
2020-02-10,68700,2020-12-31,,9154000000,-0.119,,,,,762000000,0.063,831000000,0.003,,582000000,,103.06,,,,,,,,,,,,,,,,0.485,,,,,,true,true,12,2020-01-01,2020-12-31,1
2020-02-10,68700,2019-12-31,,8185000000,-0.136,,,,,684000000,-0.453,881000000,-0.379,857000000,,-0.297,146.11,,,,,,13392000000,9541000000,0.712,1689.70,9541000000,,,,,58.00,,,,5893000,245999,5868727,false,false,12,2019-01-01,2019-12-31,0
2020-02-10,68700,2018-12-31,,9469000000,-0.017,,,,,1251000000,0.086,1419000000,0.068,1220000000,,0.204,207.13,,,,,,13555000000,9527000000,0.703,1616.77,9527000000,,,,,58.00,,,,5893000,332,5892668,false,false,12,2018-01-01,2018-12-31,-1
2020-02-10,68700,2020-12-31,,,,,,,,,,,,,,,,,,,,,,,,,,,,,,50.00,,,,,,,false,true,12,2020-01-01,2020-12-31,1
2020-05-08,68700,2020-12-31,1,2390000000,-0.047,,,,,297000000,0.399,324000000,0.487,,251000000,,44.47,,,,,,15472000000,11257000000,0.728,1993.51,11257000000,,,,,,,,,,,,true,false,3,2020-01-01,2020-03-31,0
2020-05-08,68700,2019-12-31,1,2508000000,-0.235,,,,,212000000,-0.426,218000000,-0.404,,192000000,,32.59,,,,,,,,,,,,,,,,,,,,,,true,false,3,2019-01-01,2019-03-31,-1
2020-05-08,68700,2020-12-31,1,4179000000,-0.176,,,,,130000000,-0.534,158000000,-0.523,,109000000,,19.30,,,,,,,,,,,,,,,,,,,,,,true,true,6,2020-01-01,2020-06-30,0
2020-05-08,68700,2020-12-31,1,9154000000,-0.119,,,,,762000000,0.063,831000000,0.003,,582000000,,103.06,,,,,,,,,,,,,,,,,,,,,,true,true,12,2020-01-01,2020-12-31,0
2020-05-08,68700,2019-12-31,1,,,,,,,,,,,,,,,,,,,,15463000000,11515000000,0.745,2039.26,11515000000,,,,,,,,,,,,true,false,12,2019-01-01,2019-12-31,-1
2020-05-08,68700,2019-12-31,1,,,,,,,,,,,,,,,,,,,,,,,,,,,,,58.00,,,,5893000,245999,,false,false,12,2019-01-01,2019-12-31,-1
2020-05-08,68700,2020-12-31,1,,,,,,,,,,,,,,,,,,,,,,,,,,,,,50.00,,,,,,,false,true,12,2020-01-01,2020-12-31,0
2020-05-08,68700,2020-12-31,1,,,,,,,,,,,,,,,,,,,,,,,,,,,,,,,,,5893000,245999,5647001,false,false,3,2020-01-01,2020-03-31,0
2020-05-08,68700,2019-12-31,1,,,,,,,,,,,,,,,,,,,,,,,,,,,,,,,,,,,5892667,false,false,3,2019-01-01,2019-03-31,-1
2020-07-30,68700,2020-12-31,2,4789000000,-0.056,,,,,583000000,1.092,642000000,0.939,,414000000,,73.39,,,,,,15778000000,11493000000,0.728,2035.24,11493000000,,,,,,,,,,,,true,false,6,2020-01-01,2020-06-30,0
2020-07-30,68700,2019-12-31,2,5073000000,-0.193,,,,,278000000,-0.593,331000000,-0.538,,298000000,,50.61,,,,,,,,,,,,,,,,,,,,,,true,false,6,2019-01-01,2019-06-30,-1
2020-07-30,68700,2020-12-31,2,9154000000,-0.119,,,,,762000000,0.063,831000000,0.003,,582000000,,103.06,,,,,,,,,,,,,,,,,,,,,,true,true,12,2020-01-01,2020-12-31,0
2020-07-30,68700,2019-12-31,2,,,,,,,,,,,,,,,,,,,,15463000000,11515000000,0.745,2039.26,11515000000,,,,,,,,,,,,true,false,12,2019-01-01,2019-12-31,-1
2020-07-30,68700,2019-12-31,2,,,,,,,,,,,,,,,,,,,,,,,,,,,,,58.00,,,,5893000,245999,,false,false,12,2019-01-01,2019-12-31,-1
2020-07-30,68700,2020-12-31,2,,,,,,,,,,,,,,,,,,,,,,,,,,,,,0.00,,,,,,,false,false,12,2020-01-01,2020-12-31,0
2020-07-30,68700,2020-12-31,2,,,,,,,,,,,,,,,,,,,,,,,,,,,,,50.00,,,,,,,false,true,12,2020-01-01,2020-12-31,0
2020-07-30,68700,2020-12-31,2,,,,,,,,,,,,,,,,,,,,,,,,,,,,,,,,,5893000,245999,5647001,false,false,6,2020-01-01,2020-06-30,0
2020-07-30,68700,2019-12-31,2,,,,,,,,,,,,,,,,,,,,,,,,,,,,,,,,,,,5892641,false,false,6,2019-01-01,2019-06-30,-1
2020-10-30,68700,2020-12-31,3,6657000000,-0.197,,,,,606000000,-0.179,667000000,-0.167,,428000000,,75.86,,,,,,15568000000,11522000000,0.740,2040.48,11522000000,,,,,,,,,,,,true,false,9,2020-01-01,2020-09-30,0
2020-10-30,68700,2019-12-31,3,8286000000,-0.087,,,,,739000000,-0.143,800000000,-0.112,,18000000,,3.09,,,,,,,,,,,,,,,,,,,,,,true,false,9,2019-01-01,2019-09-30,-1
2020-10-30,68700,2020-12-31,3,9154000000,-0.119,,,,,762000000,0.063,831000000,0.003,,582000000,,103.06,,,,,,,,,,,,,,,,,,,,,,true,true,12,2020-01-01,2020-12-31,0
2020-10-30,68700,2019-12-31,3,,,,,,,,,,,,,,,,,,,,15463000000,11515000000,0.745,2039.26,11515000000,,,,,,,,,,,,true,false,12,2019-01-01,2019-12-31,-1
2020-10-30,68700,2019-12-31,3,,,,,,,,,,,,,,,,,,,,,,,,,,,,,58.00,,,,5893000,245999,,false,false,12,2019-01-01,2019-12-31,-1
2020-10-30,68700,2020-12-31,3,,,,,,,,,,,,,,,,,,,,,,,,,,,,,0.00,,,,,,,false,false,12,2020-01-01,2020-12-31,0
2020-10-30,68700,2020-12-31,3,,,,,,,,,,,,,,,,,,,,,,,,,,,,,50.00,,,,,,,false,true,12,2020-01-01,2020-12-31,0
2020-10-30,68700,2020-12-31,3,,,,,,,,,,,,,,,,,,,,,,,,,,,,,,,,,5893000,245999,5647001,false,false,9,2020-01-01,2020-09-30,0
2020-10-30,68700,2019-12-31,3,,,,,,,,,,,,,,,,,,,,,,,,,,,,,,,,,,,5892627,false,false,9,2019-01-01,2019-09-30,-1
2021-02-10,68700,2020-12-31,,9125000000,-0.121,,,,,765000000,0.069,838000000,0.012,,585000000,,103.64,,0.051,0.054,0.084,,15674000000,11623000000,0.742,2058.28,11623000000,1761000000,-944000000,-460000000,5527000000,,0.627,,,,,,true,false,12,2020-01-01,2020-12-31,0
2021-02-10,68700,2019-12-31,,10385000000,-0.172,,,,,716000000,-0.497,828000000,-0.447,,526000000,,89.72,,0.045,0.052,0.069,,15463000000,11515000000,0.745,2039.26,11515000000,799000000,757000000,-928000000,5231000000,,0.646,,,,,,true,false,12,2019-01-01,2019-12-31,-1
2021-02-10,68700,2021-12-31,,12007000000,0.316,,,,,900000000,0.175,906000000,0.081,,618000000,,109.44,,,,,,,,,,,,,,,,0.612,,,,,,true,true,12,2021-01-01,2021-12-31,1
2021-02-10,68700,2020-12-31,,9125000000,0.115,,,,,810000000,0.185,1180000000,0.340,953000000,,0.112,168.85,,,,,,14112000000,10106000000,0.716,1789.75,10106000000,,,,,65.00,,,,5893000,245999,5647001,false,false,12,2020-01-01,2020-12-31,0
2021-02-10,68700,2019-12-31,,8185000000,-0.136,,,,,684000000,-0.453,881000000,-0.379,857000000,,-0.297,146.11,,,,,,13392000000,9541000000,0.712,1689.70,9541000000,,,,,58.00,,,,5893000,245999,5868727,false,false,12,2019-01-01,2019-12-31,-1
2021-02-10,68700,2021-12-31,,,,,,,,,,,,,,,,,,,,,,,,,,,,,,67.00,,,,,,,false,true,12,2021-01-01,2021-12-31,1
2021-04-30,68700,2021-12-31,1,3970000000,0.660,,,,,446000000,0.501,448000000,0.381,,271000000,,48.02,,,,,,18934000000,11646000000,0.615,2062.42,11646000000,,,,,,,,,,,,true,false,3,2021-01-01,2021-03-31,0
2021-04-30,68700,2020-12-31,1,2390000000,-0.047,,,,,297000000,0.399,324000000,0.487,,251000000,,44.47,,,,,,,,,,,,,,,,,,,,,,true,false,3,2020-01-01,2020-03-31,-1
2021-04-30,68700,2021-12-31,1,12007000000,0.316,,,,,900000000,0.175,906000000,0.081,,618000000,,109.44,,,,,,,,,,,,,,,,,,,,,,true,true,12,2021-01-01,2021-12-31,0
2021-04-30,68700,2020-12-31,1,,,,,,,,,,,,,,,,,,,,15674000000,11623000000,0.742,2058.28,11623000000,,,,,,,,,,,,true,false,12,2020-01-01,2020-12-31,-1
2021-04-30,68700,2020-12-31,1,,,,,,,,,,,,,,,,,,,,,,,,,,,,,65.00,,,,5893000,245999,,false,false,12,2020-01-01,2020-12-31,-1
2021-04-30,68700,2021-12-31,1,,,,,,,,,,,,,,,,,,,,,,,,,,,,,67.00,,,,,,,false,true,12,2021-01-01,2021-12-31,0
2021-04-30,68700,2021-12-31,1,,,,,,,,,,,,,,,,,,,,,,,,,,,,,,,,,5893000,245999,5647001,false,false,3,2021-01-01,2021-03-31,0
2021-04-30,68700,2020-12-31,1,,,,,,,,,,,,,,,,,,,,,,,,,,,,,,,,,,,5647001,false,false,3,2020-01-01,2020-03-31,-1
2021-07-30,6870,2021-12-31,2,6505000000,0.358,,,,,688000000,0.181,709000000,0.104,,440000000,,78.04,,,,,,18237000000,11746000000,0.644,2080.14,11746000000,,,,,,,,,,,,true,false,6,2021-01-01,2021-06-30,0
2021-07-30,6870,2020-12-31,2,4789000000,-0.056,,,,,583000000,1.092,642000000,0.939,,414000000,,73.39,,,,,,,,,,,,,,,,,,,,,,true,false,6,2020-01-01,2020-06-30,-1
2021-07-30,6870,2021-12-31,2,12298000000,0.348,,,,,1100000000,0.436,1128000000,0.346,,789000000,,139.72,,,,,,,,,,,,,,,,,,,,,,true,true,12,2021-01-01,2021-12-31,0
2021-07-30,6870,2020-12-31,2,,,,,,,,,,,,,,,,,,,,15674000000,11623000000,0.742,2058.28,11623000000,,,,,,,,,,,,true,false,12,2020-01-01,2020-12-31,-1
2021-07-30,6870,2020-12-31,2,,,,,,,,,,,,,,,,,,,,,,,,,,,,,65.00,,,,5893000,245999,,false,false,12,2020-01-01,2020-12-31,-1
2021-07-30,6870,2021-12-31,2,,,,,,,,,,,,,,,,,,,,,,,,,,,,,0.00,,,,,,,false,false,12,2021-01-01,2021-12-31,0
2021-07-30,6870,2021-12-31,2,,,,,,,,,,,,,,,,,,,,,,,,,,,,,67.00,,,,,,,false,true,12,2021-01-01,2021-12-31,0
2021-07-30,6870,2021-12-31,2,,,,,,,,,,,,,,,,,,,,,,,,,,,,,,,,,5893000,246073,5646970,false,false,6,2021-01-01,2021-06-30,0
2021-07-30,6870,2020-12-31,2,,,,,,,,,,,,,,,,,,,,,,,,,,,,,,,,,,,5647001,false,false,6,2020-01-01,2020-06-30,-1
2021-07-29,68700,2021-12-31,,12298000000,0.024,,,,,1100000000,0.222,1128000000,0.245,,789000000,,139.72,,,,,,,,,,,,,,,,,,,,,,true,true,12,2021-01-01,2021-12-31,0
2021-07-29,68700,2020-12-31,,9125000000,,,,,,765000000,,838000000,,,585000000,,103.64,,,,,,,,,,,,,,,,,,,,,,true,false,12,2020-01-01,2020-12-31,-1
2021-10-29,6870,2021-12-31,3,9072000000,0.363,,,,,922000000,0.521,955000000,0.433,,593000000,,105.16,,,,,,18575000000,12008000000,0.647,2126.64,12008000000,,,,,,,,,,,,true,false,9,2021-01-01,2021-09-30,0
2021-10-29,6870,2020-12-31,3,6657000000,-0.197,,,,,606000000,-0.179,667000000,-0.167,,428000000,,75.86,,,,,,,,,,,,,,,,,,,,,,true,false,9,2020-01-01,2020-09-30,-1
2021-10-29,6870,2021-12-31,3,12298000000,0.348,,,,,1100000000,0.436,1128000000,0.346,,789000000,,139.72,,,,,,,,,,,,,,,,,,,,,,true,true,12,2021-01-01,2021-12-31,0
2021-10-29,6870,2020-12-31,3,,,,,,,,,,,,,,,,,,,,15674000000,11623000000,0.742,2058.28,11623000000,,,,,,,,,,,,true,false,12,2020-01-01,2020-12-31,-1
2021-10-29,6870,2020-12-31,3,,,,,,,,,,,,,,,,,,,,,,,,,,,,,65.00,,,,5893000,245999,,false,false,12,2020-01-01,2020-12-31,-1
2021-10-29,6870,2021-12-31,3,,,,,,,,,,,,,,,,,,,,,,,,,,,,,0.00,,,,,,,false,false,12,2021-01-01,2021-12-31,0
2021-10-29,6870,2021-12-31,3,,,,,,,,,,,,,,,,,,,,,,,,,,,,,67.00,,,,,,,false,true,12,2021-01-01,2021-12-31,0
2021-10-29,6870,2021-12-31,3,,,,,,,,,,,,,,,,,,,,,,,,,,,,,,,,,5893000,246073,5646955,false,false,9,2021-01-01,2021-09-30,0
2021-10-29,6870,2020-12-31,3,,,,,,,,,,,,,,,,,,,,,,,,,,,,,,,,,,,5647001,false,false,9,2020-01-01,2020-09-30,-1
2022-03-31,6870,2021-12-31,,12372000000,0.356,,,,,1270000000,0.659,1338000000,0.596,,387000000,,68.67,,0.033,0.078,0.103,,18686000000,11921000000,0.638,2130.10,11921000000,1203000000,-1265000000,226000000,5740000000,,0.976,,,,,,true,false,12,2021-01-01,2021-12-31,0
2022-03-31,6870,2020-12-31,,9125000000,-0.121,,,,,765000000,0.069,838000000,0.012,,585000000,,103.64,,0.051,0.054,0.084,,15674000000,11623000000,0.742,2058.28,11623000000,1761000000,-944000000,-460000000,5527000000,,0.627,,,,,,true,false,12,2020-01-01,2020-12-31,-1
2022-03-31,6870,2021-12-31,,9498000000,0.041,,,,,1201000000,0.482,1621000000,0.373,790000000,,-0.171,140.05,,,,,,15948000000,10579000000,0.663,1890.20,10579000000,,,,,67.00,,,,5893000,296073,5643798,false,false,12,2021-01-01,2021-12-31,0
2022-03-31,6870,2020-12-31,,9125000000,0.115,,,,,810000000,0.185,1180000000,0.340,953000000,,0.112,168.85,,,,,,14112000000,10106000000,0.716,1789.75,10106000000,,,,,65.00,,,,5893000,245999,5647001,false,false,12,2020-01-01,2020-12-31,-1
2022-04-28,6870,2022-12-31,1,3181000000,-0.199,,,,,402000000,-0.097,424000000,-0.055,,297000000,,53.21,,,,,,18807000000,11775000000,0.626,2103.89,11775000000,,,,,,,,,,,,true,false,3,2022-01-01,2022-03-31,0
2022-04-28,6870,2021-12-31,1,3970000000,0.660,,,,,446000000,0.501,448000000,0.381,,271000000,,48.02,,,,,,,,,,,,,,,,,,,,,,true,false,3,2021-01-01,2021-03-31,-1
2022-04-28,6870,2021-12-31,1,,,,,,,,,,,,,,,,,,,,18686000000,11921000000,0.638,2130.10,11921000000,,,,,,,,,,,,true,false,12,2021-01-01,2021-12-31,-1
2022-04-28,6870,2021-12-31,1,,,,,,,,,,,,,,,,,,,,,,,,,,,,,67.00,,,,5893000,296073,,false,false,12,2021-01-01,2021-12-31,-1
2022-04-28,6870,2022-12-31,1,,,,,,,,,,,,,,,,,,,,,,,,,,,,,,,,,5893000,296073,5596927,false,false,3,2022-01-01,2022-03-31,0
2022-04-28,6870,2021-12-31,1,,,,,,,,,,,,,,,,,,,,,,,,,,,,,,,,,,,5647001,false,false,3,2021-01-01,2021-03-31,-1
2022-07-29,6870,2022-12-31,2,5891000000,-0.094,,,,,628000000,-0.088,730000000,0.030,,320000000,,57.34,,,,,,18359000000,11839000000,0.645,2115.27,11839000000,,,,,,,,,,,,true,false,6,2022-01-01,2022-06-30,0
2022-07-29,6870,2021-12-31,2,6505000000,0.358,,,,,688000000,0.181,709000000,0.104,,440000000,,78.04,,,,,,,,,,,,,,,,,,,,,,true,false,6,2021-01-01,2021-06-30,-1
2022-07-29,6870,2021-12-31,2,,,,,,,,,,,,,,,,,,,,18686000000,11921000000,0.638,2130.10,11921000000,,,,,,,,,,,,true,false,12,2021-01-01,2021-12-31,-1
2022-07-29,6870,2021-12-31,2,,,,,,,,,,,,,,,,,,,,,,,,,,,,,67.00,,,,5893000,296073,,false,false,12,2021-01-01,2021-12-31,-1
2022-07-29,6870,2022-12-31,2,,,,,,,,,,,,,,,,,,,,,,,,,,,,,0.00,,,,,,,false,false,12,2022-01-01,2022-12-31,0
2022-07-29,6870,2022-12-31,2,,,,,,,,,,,,,,,,,,,,,,,,,,,,,,,,,5893000,296073,5596927,false,false,6,2022-01-01,2022-06-30,0
2022-07-29,6870,2021-12-31,2,,,,,,,,,,,,,,,,,,,,,,,,,,,,,,,,,,,5646970,false,false,6,2021-01-01,2021-06-30,-1
2022-10-28,6870,2022-12-31,3,8505000000,-0.062,,,,,589000000,-0.361,728000000,-0.237,,202000000,,36.24,,,,,,18593000000,11769000000,0.633,2099.79,11769000000,,,,,,,,,,,,true,false,9,2022-01-01,2022-09-30,0
2022-10-28,6870,2021-12-31,3,9072000000,0.363,,,,,922000000,0.521,955000000,0.433,,593000000,,105.16,,,,,,,,,,,,,,,,,,,,,,true,false,9,2021-01-01,2021-09-30,-1
2022-10-28,6870,2022-12-31,3,12109000000,-0.021,,,,,1111000000,-0.125,1177000000,-0.120,,440000000,,78.61,,,,,,,,,,,,,,,,,,,,,,true,true,12,2022-01-01,2022-12-31,0
2022-10-28,6870,2021-12-31,3,,,,,,,,,,,,,,,,,,,,18686000000,11921000000,0.638,2130.10,11921000000,,,,,,,,,,,,true,false,12,2021-01-01,2021-12-31,-1
2022-10-28,6870,2021-12-31,3,,,,,,,,,,,,,,,,,,,,,,,,,,,,,67.00,,,,5893000,296073,,false,false,12,2021-01-01,2021-12-31,-1
2022-10-28,6870,2022-12-31,3,,,,,,,,,,,,,,,,,,,,,,,,,,,,,0.00,,,,,,,false,false,12,2022-01-01,2022-12-31,0
2022-10-28,6870,2022-12-31,3,,,,,,,,,,,,,,,,,,,,,,,,,,,,,67.00,,,,,,,false,true,12,2022-01-01,2022-12-31,0
2022-10-28,6870,2022-12-31,3,,,,,,,,,,,,,,,,,,,,,,,,,,,,,,,,,5893000,287873,5597541,false,false,9,2022-01-01,2022-09-30,0
2022-10-28,6870,2021-12-31,3,,,,,,,,,,,,,,,,,,,,,,,,,,,,,,,,,,,5646955,false,false,9,2021-01-01,2021-09-30,-1
2023-02-10,6870,2022-12-31,,12401000000,0.002,,,,,1310000000,0.031,1479000000,0.105,,826000000,,147.62,,0.068,0.079,0.106,,18813000000,12312000000,0.654,2196.73,12312000000,401000000,-80000000,-714000000,5387000000,,0.474,,,,,,true,false,12,2022-01-01,2022-12-31,0
2023-02-10,6870,2021-12-31,,12372000000,0.356,,,,,1270000000,0.659,1338000000,0.596,,387000000,,68.67,,0.033,0.078,0.103,,18686000000,11921000000,0.638,2130.10,11921000000,1203000000,-1265000000,226000000,5740000000,,0.976,,,,,,true,false,12,2021-01-01,2021-12-31,-1
2023-02-10,6870,2023-12-31,,13039000000,0.051,,,,,1255000000,-0.042,1310000000,-0.114,,712000000,,127.09,,,,,,,,,,,,,,,,0.567,,,,,,true,true,12,2023-01-01,2023-12-31,1
2023-02-10,6870,2022-12-31,,9956000000,0.048,,,,,1274000000,0.061,1925000000,0.187,1340000000,,0.696,239.42,,,,,,16516000000,11334000000,0.686,2022.24,11334000000,,,,,70.00,,,,5893000,287922,5599451,false,false,12,2022-01-01,2022-12-31,0
2023-02-10,6870,2021-12-31,,9498000000,0.041,,,,,1201000000,0.482,1621000000,0.373,790000000,,-0.171,140.05,,,,,,15948000000,10579000000,0.663,1890.20,10579000000,,,,,67.00,,,,5893000,296073,5643798,false,false,12,2021-01-01,2021-12-31,-1
2023-02-10,6870,2023-12-31,,,,,,,,,,,,,,,,,,,,,,,,,,,,,,72.00,,,,,,,false,true,12,2023-01-01,2023-12-31,1
2023-04-28,6870,2023-12-31,1,4064000000,0.277,,,,,624000000,0.551,630000000,0.488,,424000000,,75.77,,,,,,19435000000,12425000000,0.639,2216.56,12425000000,,,,,,,,,,,,true,false,3,2023-01-01,2023-03-31,0
2023-04-28,6870,2022-12-31,1,3181000000,-0.199,,,,,402000000,-0.097,424000000,-0.055,,297000000,,53.21,,,,,,,,,,,,,,,,,,,,,,true,false,3,2022-01-01,2022-03-31,-1
2023-04-28,6870,2023-12-31,1,13039000000,0.051,,,,,1255000000,-0.042,1310000000,-0.114,,712000000,,127.09,,,,,,,,,,,,,,,,,,,,,,true,true,12,2023-01-01,2023-12-31,0
2023-04-28,6870,2022-12-31,1,,,,,,,,,,,,,,,,,,,,18813000000,12312000000,0.654,2196.73,12312000000,,,,,,,,,,,,true,false,12,2022-01-01,2022-12-31,-1
2023-04-28,6870,2022-12-31,1,,,,,,,,,,,,,,,,,,,,,,,,,,,,,70.00,,,,5893000,287922,,false,false,12,2022-01-01,2022-12-31,-1
2023-04-28,6870,2023-12-31,1,,,,,,,,,,,,,,,,,,,,,,,,,,,,,72.00,,,,,,,false,true,12,2023-01-01,2023-12-31,0
2023-04-28,6870,2023-12-31,1,,,,,,,,,,,,,,,,,,,,,,,,,,,,,,,,,5893000,287122,5605274,false,false,3,2023-01-01,2023-03-31,0
2023-04-28,6870,2022-12-31,1,,,,,,,,,,,,,,,,,,,,,,,,,,,,,,,,,,,5596927,false,false,3,2022-01-01,2022-03-31,-1
2023-07-31,6870,2023-12-31,2,6486000000,0.101,,,,,601000000,-0.042,671000000,-0.080,,279000000,,49.92,,,,,,18789000000,12404000000,0.660,2212.14,12404000000,,,,,,,,,,,,true,false,6,2023-01-01,2023-06-30,0
2023-07-31,6870,2022-12-31,2,5891000000,-0.094,,,,,628000000,-0.088,730000000,0.030,,320000000,,57.34,,,,,,,,,,,,,,,,,,,,,,true,false,6,2022-01-01,2022-06-30,-1
2023-07-31,6870,2023-12-31,2,13039000000,0.051,,,,,1255000000,-0.042,1310000000,-0.114,,712000000,,127.09,,,,,,,,,,,,,,,,,,,,,,true,true,12,2023-01-01,2023-12-31,0
2023-07-31,6870,2022-12-31,2,,,,,,,,,,,,,,,,,,,,18813000000,12312000000,0.654,2196.73,12312000000,,,,,,,,,,,,true,false,12,2022-01-01,2022-12-31,-1
2023-07-31,6870,2022-12-31,2,,,,,,,,,,,,,,,,,,,,,,,,,,,,,70.00,,,,5893000,287922,,false,false,12,2022-01-01,2022-12-31,-1
2023-07-31,6870,2023-12-31,2,,,,,,,,,,,,,,,,,,,,,,,,,,,,,0.00,,,,,,,false,false,12,2023-01-01,2023-12-31,0
2023-07-31,6870,2023-12-31,2,,,,,,,,,,,,,,,,,,,,,,,,,,,,,72.00,,,,,,,false,true,12,2023-01-01,2023-12-31,0
2023-07-31,6870,2023-12-31,2,,,,,,,,,,,,,,,,,,,,,,,,,,,,,,,,,5893000,285522,5606231,false,false,6,2023-01-01,2023-06-30,0
2023-07-31,6870,2022-12-31,2,,,,,,,,,,,,,,,,,,,,,,,,,,,,,,,,,,,5596927,false,false,6,2022-01-01,2022-06-30,-1
2023-10-31,6870,2023-12-31,3,9083000000,0.068,,,,,705000000,0.197,801000000,0.099,,46000000,,8.30,,,,,,19091000000,12262000000,0.642,2186.74,12262000000,,,,,,,,,,,,true,false,9,2023-01-01,2023-09-30,0
2023-10-31,6870,2022-12-31,3,8505000000,-0.062,,,,,589000000,-0.361,728000000,-0.237,,202000000,,36.24,,,,,,,,,,,,,,,,,,,,,,true,false,9,2022-01-01,2022-09-30,-1
2023-10-31,6870,2023-12-31,3,12342000000,-0.005,,,,,850000000,-0.351,930000000,-0.371,,147000000,,26.22,,,,,,,,,,,,,,,,,,,,,,true,true,12,2023-01-01,2023-12-31,0
2023-10-31,6870,2022-12-31,3,,,,,,,,,,,,,,,,,,,,18813000000,12312000000,0.654,2196.73,12312000000,,,,,,,,,,,,true,false,12,2022-01-01,2022-12-31,-1
2023-10-31,6870,2022-12-31,3,,,,,,,,,,,,,,,,,,,,,,,,,,,,,70.00,,,,5893000,287922,,false,false,12,2022-01-01,2022-12-31,-1
2023-10-31,6870,2023-12-31,3,,,,,,,,,,,,,,,,,,,,,,,,,,,,,0.00,,,,,,,false,false,12,2023-01-01,2023-12-31,0
2023-10-31,6870,2023-12-31,3,,,,,,,,,,,,,,,,,,,,,,,,,,,,,72.00,,,,,,,false,true,12,2023-01-01,2023-12-31,0
2023-10-31,6870,2023-12-31,3,,,,,,,,,,,,,,,,,,,,,,,,,,,,,,,,,5893000,285522,5606652,false,false,9,2023-01-01,2023-09-30,0
2023-10-31,6870,2022-12-31,3,,,,,,,,,,,,,,,,,,,,,,,,,,,,,,,,,,,5597541,false,false,9,2022-01-01,2022-09-30,-1
2024-02-09,6870,2023-12-31,,12601000000,0.016,,,,,1035000000,-0.210,1159000000,-0.216,,385000000,,68.83,,0.031,0.061,0.082,,19075000000,12680000000,0.665,2261.30,12680000000,1114000000,940000000,-646000000,6819000000,,1.046,,,,,,true,false,12,2023-01-01,2023-12-31,0
2024-02-09,6870,2022-12-31,,12401000000,0.002,,,,,1310000000,0.031,1479000000,0.105,,826000000,,147.62,,0.068,0.079,0.106,,18813000000,12312000000,0.654,2196.73,12312000000,401000000,-80000000,-714000000,5387000000,,0.474,,,,,,true,false,12,2022-01-01,2022-12-31,-1
2024-02-09,6870,2024-12-31,,12790000000,0.015,,,,,907000000,-0.123,944000000,-0.185,,508000000,,90.66,,,,,,,,,,,,,,,,0.816,,,,,,true,true,12,2024-01-01,2024-12-31,1
2024-02-09,6870,2023-12-31,,9600000000,-0.036,,,,,871000000,-0.316,2087000000,0.084,1395000000,,0.041,248.91,,,,,,17748000000,12590000000,0.709,2245.33,12590000000,,,,,72.00,,,,5893000,285522,5606860,false,false,12,2023-01-01,2023-12-31,0
2024-02-09,6870,2022-12-31,,9956000000,0.048,,,,,1274000000,0.061,1925000000,0.187,1340000000,,0.696,239.42,,,,,,16516000000,11334000000,0.686,2022.24,11334000000,,,,,70.00,,,,5893000,287922,5599451,false,false,12,2022-01-01,2022-12-31,-1
2024-02-09,6870,2024-12-31,,,,,,,,,,,,,,,,,,,,,,,,,,,,,,74.00,,,,,,,false,true,12,2024-01-01,2024-12-31,1
2024-04-30,6870,2024-12-31,1,3656000000,-0.100,,,,,605000000,-0.032,662000000,0.050,,554000000,,98.94,,,,,,19718000000,12974000000,0.658,2313.84,12974000000,,,,,,,,,,,,true,false,3,2024-01-01,2024-03-31,0
2024-04-30,6870,2023-12-31,1,4064000000,0.277,,,,,624000000,0.551,630000000,0.488,,424000000,,75.77,,,,,,,,,,,,,,,,,,,,,,true,false,3,2023-01-01,2023-03-31,-1
2024-04-30,6870,2024-12-31,1,12790000000,0.015,,,,,907000000,-0.123,944000000,-0.185,,508000000,,90.66,,,,,,,,,,,,,,,,,,,,,,true,true,12,2024-01-01,2024-12-31,0
2024-04-30,6870,2023-12-31,1,,,,,,,,,,,,,,,,,,,,19075000000,12680000000,0.665,2261.30,12680000000,,,,,,,,,,,,true,false,12,2023-01-01,2023-12-31,-1
2024-04-30,6870,2023-12-31,1,,,,,,,,,,,,,,,,,,,,,,,,,,,,,72.00,,,,5893000,285522,,false,false,12,2023-01-01,2023-12-31,-1
2024-04-30,6870,2024-12-31,1,,,,,,,,,,,,,,,,,,,,,,,,,,,,,74.00,,,,,,,false,true,12,2024-01-01,2024-12-31,0
2024-04-30,6870,2024-12-31,1,,,,,,,,,,,,,,,,,,,,,,,,,,,,,,,,,5893000,285522,5607478,false,false,3,2024-01-01,2024-03-31,0
2024-04-30,6870,2023-12-31,1,,,,,,,,,,,,,,,,,,,,,,,,,,,,,,,,,,,5605274,false,false,3,2023-01-01,2023-03-31,-1
2024-07-30,6870,2024-12-31,2,6496000000,0.002,,,,,978000000,0.627,1122000000,0.671,,922000000,,164.53,,,,,,19308000000,13547000000,0.702,2416.05,13547000000,,,,,,,,,,,,true,false,6,2024-01-01,2024-06-30,0
2024-07-30,6870,2023-12-31,2,6486000000,0.101,,,,,601000000,-0.042,671000000,-0.080,,279000000,,49.92,,,,,,,,,,,,,,,,,,,,,,true,false,6,2023-01-01,2023-06-30,-1
2024-07-30,6870,2024-12-31,2,12790000000,0.015,,,,,907000000,-0.123,944000000,-0.185,,508000000,,90.66,,,,,,,,,,,,,,,,,,,,,,true,true,12,2024-01-01,2024-12-31,0
2024-07-30,6870,2023-12-31,2,,,,,,,,,,,,,,,,,,,,19075000000,12680000000,0.665,2261.30,12680000000,,,,,,,,,,,,true,false,12,2023-01-01,2023-12-31,-1
2024-07-30,6870,2023-12-31,2,,,,,,,,,,,,,,,,,,,,,,,,,,,,,72.00,,,,5893000,285522,,false,false,12,2023-01-01,2023-12-31,-1
2024-07-30,6870,2024-12-31,2,,,,,,,,,,,,,,,,,,,,,,,,,,,,,37.00,,,,,,,false,false,12,2024-01-01,2024-12-31,0
2024-07-30,6870,2024-12-31,2,,,,,,,,,,,,,,,,,,,,,,,,,,,,,74.00,,,,,,,false,true,12,2024-01-01,2024-12-31,0
2024-07-30,6870,2024-12-31,2,,,,,,,,,,,,,,,,,,,,,,,,,,,,,,,,,5893000,285522,5607478,false,false,6,2024-01-01,2024-06-30,0
2024-07-30,6870,2023-12-31,2,,,,,,,,,,,,,,,,,,,,,,,,,,,,,,,,,,,5606231,false,false,6,2023-01-01,2023-06-30,-1
2024-10-31,6870,2024-12-31,3,8882000000,-0.022,,,,,969000000,0.374,1018000000,0.271,,851000000,,151.90,,,,,,18772000000,13045000000,0.695,2326.43,13045000000,,,,,,,,,,,,true,false,9,2024-01-01,2024-09-30,0
2024-10-31,6870,2023-12-31,3,9083000000,0.068,,,,,705000000,0.197,801000000,0.099,,46000000,,8.30,,,,,,,,,,,,,,,,,,,,,,true,false,9,2023-01-01,2023-09-30,-1
2024-10-31,6870,2024-12-31,3,12790000000,0.015,,,,,907000000,-0.123,944000000,-0.185,,508000000,,90.66,,,,,,,,,,,,,,,,,,,,,,true,true,12,2024-01-01,2024-12-31,0
2024-10-31,6870,2023-12-31,3,,,,,,,,,,,,,,,,,,,,19075000000,12680000000,0.665,2261.30,12680000000,,,,,,,,,,,,true,false,12,2023-01-01,2023-12-31,-1
2024-10-31,6870,2023-12-31,3,,,,,,,,,,,,,,,,,,,,,,,,,,,,,72.00,,,,5893000,285522,,false,false,12,2023-01-01,2023-12-31,-1
2024-10-31,6870,2024-12-31,3,,,,,,,,,,,,,,,,,,,,,,,,,,,,,37.00,,,,,,,false,false,12,2024-01-01,2024-12-31,0
2024-10-31,6870,2024-12-31,3,,,,,,,,,,,,,,,,,,,,,,,,,,,,,74.00,,,,,,,false,true,12,2024-01-01,2024-12-31,0
2024-10-31,6870,2024-12-31,3,,,,,,,,,,,,,,,,,,,,,,,,,,,,,,,,,5893000,285522,5607478,false,false,9,2024-01-01,2024-09-30,0
2024-10-31,6870,2023-12-31,3,,,,,,,,,,,,,,,,,,,,,,,,,,,,,,,,,,,5606652,false,false,9,2023-01-01,2023-09-30,-1
2025-02-10,6870,2024-12-31,,12515000000,-0.007,,,,,1181000000,0.142,1359000000,0.172,,1115000000,,198.99,,0.085,0.070,0.094,,19521000000,13585000000,0.696,2422.68,13585000000,949000000,-659000000,-920000000,6289000000,,0.372,,,,,,true,false,12,2024-01-01,2024-12-31,0
2025-02-10,6870,2023-12-31,,12601000000,0.016,,,,,1035000000,-0.210,1159000000,-0.216,,385000000,,68.83,,0.031,0.061,0.082,,19075000000,12680000000,0.665,2261.30,12680000000,1114000000,940000000,-646000000,6819000000,,1.046,,,,,,true,false,12,2023-01-01,2023-12-31,-1
2025-02-10,6870,2025-12-31,,11600000000,-0.073,,,,,500000000,-0.577,545000000,-0.599,,619000000,,110.39,,,,,,,,,,,,,,,,0.670,,,,,,true,true,12,2025-01-01,2025-12-31,1
2025-02-10,6870,2024-12-31,,9633000000,0.003,,,,,1147000000,0.317,1378000000,-0.340,1044000000,,-0.251,186.35,,,,,,18251000000,13538000000,0.742,2414.28,13538000000,,,,,74.00,,,,5893000,285522,5607478,false,false,12,2024-01-01,2024-12-31,0
2025-02-10,6870,2023-12-31,,9600000000,-0.036,,,,,871000000,-0.316,2087000000,0.084,1395000000,,0.041,248.91,,,,,,17748000000,12590000000,0.709,2245.33,12590000000,,,,,72.00,,,,5893000,285522,5606860,false,false,12,2023-01-01,2023-12-31,-1
2025-02-10,6870,2025-12-31,,,,,,,,,,,,,,,,,,,,,,,,,,,,,,74.00,,,,,,,false,true,12,2025-01-01,2025-12-31,1
2025-04-30,6870,2025-12-31,1,3859000000,0.055,,,,,608000000,0.005,568000000,-0.141,,746000000,,133.21,,,,,,19173000000,13503000000,0.704,2408.06,13503000000,,,,,,,,,,,,true,false,3,2025-01-01,2025-03-31,0
2025-04-30,6870,2024-12-31,1,3656000000,-0.100,,,,,605000000,-0.032,662000000,0.050,,554000000,,98.94,,,,,,,,,,,,,,,,,,,,,,true,false,3,2024-01-01,2024-03-31,-1
2025-04-30,6870,2025-12-31,1,11600000000,-0.073,,,,,500000000,-0.577,545000000,-0.599,,619000000,,110.39,,,,,,,,,,,,,,,,,,,,,,true,true,12,2025-01-01,2025-12-31,0
2025-04-30,6870,2024-12-31,1,,,,,,,,,,,,,,,,,,,,19521000000,13585000000,0.696,2422.68,13585000000,,,,,,,,,,,,true,false,12,2024-01-01,2024-12-31,-1
2025-04-30,6870,2024-12-31,1,,,,,,,,,,,,,,,,,,,,,,,,,,,,,74.00,,,,5893000,285522,,false,false,12,2024-01-01,2024-12-31,-1
2025-04-30,6870,2025-12-31,1,,,,,,,,,,,,,,,,,,,,,,,,,,,,,74.00,,,,,,,false,true,12,2025-01-01,2025-12-31,0
2025-04-30,6870,2025-12-31,1,,,,,,,,,,,,,,,,,,,,,,,,,,,,,,,,,5893000,285522,5607478,false,false,3,2025-01-01,2025-03-31,0
2025-04-30,6870,2024-12-31,1,,,,,,,,,,,,,,,,,,,,,,,,,,,,,,,,,,,5607478,false,false,3,2024-01-01,2024-03-31,-1
2025-07-31,6870,2025-12-31,2,6520000000,0.004,,,,,806000000,-0.176,791000000,-0.295,,906000000,,161.73,,,,,,19360000000,13906000000,0.718,2479.91,13906000000,,,,,,,,,,,,true,false,6,2025-01-01,2025-06-30,0
2025-07-31,6870,2024-12-31,2,6496000000,0.002,,,,,978000000,0.627,1122000000,0.671,,922000000,,164.53,,,,,,,,,,,,,,,,,,,,,,true,false,6,2024-01-01,2024-06-30,-1
2025-07-31,6870,2025-12-31,2,12900000000,0.031,,,,,900000000,-0.239,860000000,-0.367,,930000000,,165.85,,,,,,,,,,,,,,,,,,,,,,true,true,12,2025-01-01,2025-12-31,0
2025-07-31,6870,2024-12-31,2,,,,,,,,,,,,,,,,,,,,19521000000,13585000000,0.696,2422.68,13585000000,,,,,,,,,,,,true,false,12,2024-01-01,2024-12-31,-1
2025-07-31,6870,2024-12-31,2,,,,,,,,,,,,,,,,,,,,,,,,,,,,,74.00,,,,5893000,285522,,false,false,12,2024-01-01,2024-12-31,-1
2025-07-31,6870,2025-12-31,2,,,,,,,,,,,,,,,,,,,,,,,,,,,,,37.00,,,,,,,false,false,12,2025-01-01,2025-12-31,0
2025-07-31,6870,2025-12-31,2,,,,,,,,,,,,,,,,,,,,,,,,,,,,,74.00,,,,,,,false,true,12,2025-01-01,2025-12-31,0
2025-07-31,6870,2025-12-31,2,,,,,,,,,,,,,,,,,,,,,,,,,,,,,,,,,5893000,285522,5607478,false,false,6,2025-01-01,2025-06-30,0
2025-07-31,6870,2024-12-31,2,,,,,,,,,,,,,,,,,,,,,,,,,,,,,,,,,,,5607478,false,false,6,2024-01-01,2024-06-30,-1
