filing_date,code,fiscal_year_end,quarterly_period,net_sales,net_sales_change,revenue,revenue_change,operating_revenue,operating_revenue_change,operating_profit,operating_profit_change,ordinary_profit,ordinary_profit_change,net_income,net_income_of_parent,net_income_change,eps,diluted_eps,roe,roa,operating_profit_to_net_sales,operating_profit_to_revenue,total_assets,net_assets,equity_ratio,bps,owner_equity,operating_cash_flow,investing_cash_flow,financing_cash_flow,cash,dividend_per_share,payout_ratio,commemorative_dividend,extra_dividend,number_of_shares,number_of_treqsury_shares,avg_number_of_shares,is_consolidated,is_forecast,duration,period_start,period_end,period_pos
2015-06-22,68880,2015-06-30,,3980000000,-0.005,,,,,-165000000,,-160000000,,-330000000,,,-34.02,,,,,,,,,,,,,,,,,,,,,,true,true,12,2014-07-01,2015-06-30,0
2015-06-22,68880,2014-06-30,,3578000000,,,,,,20000000,,23000000,,-9000000,,,-0.97,,,,,,,,,,,,,,,,,,,,,,true,false,12,2013-07-01,2014-06-30,-1
2015-06-22,68880,2015-06-30,,2670000000,0.008,,,,,,,-155000000,,-260000000,,,-26.81,,,,,,,,,,,,,,,0.00,,,,,,,false,true,12,2014-07-01,2015-06-30,0
2015-06-22,68880,2014-06-30,,2235000000,,,,,,,,23000000,,21000000,,,2.26,,,,,,,,,,,,,,,1.00,,,,,,,false,false,12,2013-07-01,2014-06-30,-1
2015-06-22,68880,2015-06-30,,,,,,,,,,,,,,,,,,,,,,,,,,,,,,0.00,,,,,,,false,false,12,2014-07-01,2015-06-30,0
2015-08-04,68880,2015-06-30,,4003000000,0.119,,,,,-131000000,,-128000000,,-298000000,,,-30.79,,-0.226,-0.050,-0.033,,2645000000,1208000000,0.442,120.53,1169000000,139000000,4000000,256000000,1476000000,,,,,,,,true,false,12,2014-07-01,2015-06-30,0
2015-08-04,68880,2014-06-30,,3578000000,0.347,,,,,20000000,,23000000,,-9000000,,,-0.97,,-0.006,0.010,0.006,,2503000000,1506000000,0.589,152.08,1475000000,150000000,-63000000,-5000000,1077000000,,,,,,,,true,false,12,2013-07-01,2014-06-30,-1
2015-08-04,68880,2016-06-30,,3800000000,-0.051,,,,,65000000,,60000000,,,30000000,,3.09,,,,,,,,,,,,,,,,,,,,,,true,true,12,2015-07-01,2016-06-30,1
2015-08-04,68880,2015-06-30,,2678000000,0.198,,,,,-175000000,,-162000000,,-281000000,,,-29.02,,,,,,2176000000,1194000000,0.549,123.14,1194000000,,,,,0.00,,,,10215400,515900,9699500,false,false,12,2014-07-01,2015-06-30,0
2015-08-04,68880,2014-06-30,,2235000000,0.068,,,,,9000000,-0.132,23000000,-0.251,21000000,,-0.321,2.26,,,,,,2056000000,1483000000,0.721,152.93,1483000000,,,,,1.00,,,,10215400,515900,9699500,false,false,12,2013-07-01,2014-06-30,-1
2015-08-04,68880,2016-06-30,,2400000000,-0.104,,,,,,,40000000,,35000000,,,3.61,,,,,,,,,,,,,,,0.00,,,,,,,false,true,12,2015-07-01,2016-06-30,1
2015-10-30,68880,2016-06-30,1,996000000,0.448,,,,,30000000,,37000000,,38000000,,,3.94,,,,,,2394000000,1236000000,0.502,,1202000000,,,,,,,,,,,,true,false,3,2015-07-01,2015-09-30,0
2015-10-30,68880,2015-06-30,1,687000000,-0.016,,,,,-83000000,,-80000000,,-74000000,,,-7.71,,,,,,,,,,,,,,,,,,,,,,true,false,3,2014-07-01,2014-09-30,-1
2015-10-30,68880,2016-06-30,1,3800000000,-0.051,,,,,65000000,,60000000,,30000000,,,3.09,,,,,,,,,,,,,,,,,,,,,,true,true,12,2015-07-01,2016-06-30,0
2015-10-30,68880,2015-06-30,1,,,,,,,,,,,,,,,,,,,,2645000000,1208000000,0.442,,1169000000,,,,,,,,,,,,true,false,12,2014-07-01,2015-06-30,-1
2015-10-30,68880,2015-06-30,1,,,,,,,,,,,,,,,,,,,,,,,,,,,,,0.00,,,,10215400,515900,,false,false,12,2014-07-01,2015-06-30,-1
2015-10-30,68880,2016-06-30,1,,,,,,,,,,,,,,,,,,,,,,,,,,,,,0.00,,,,,,,false,true,12,2015-07-01,2016-06-30,0
2015-10-30,68880,2016-06-30,1,,,,,,,,,,,,,,,,,,,,,,,,,,,,,,,,,10215400,515900,9699500,false,false,3,2015-07-01,2015-09-30,0
2015-10-30,68880,2015-06-30,1,,,,,,,,,,,,,,,,,,,,,,,,,,,,,,,,,,,9699500,false,false,3,2014-07-01,2014-09-30,-1
2016-02-02,68880,2016-06-30,2,1881000000,0.284,,,,,48000000,,57000000,,,61000000,,6.38,,,,,,2352000000,1250000000,0.518,,1218000000,,,,,,,,,,,,true,false,6,2015-07-01,2015-12-31,0
2016-02-02,68880,2015-06-30,2,1466000000,0.009,,,,,-145000000,,-142000000,,,-172000000,,-17.76,,,,,,,,,,,,,,,,,,,,,,true,false,6,2014-07-01,2014-12-31,-1
2016-02-02,68880,2016-06-30,2,3800000000,-0.051,,,,,65000000,,60000000,,,30000000,,3.09,,,,,,,,,,,,,,,,,,,,,,true,true,12,2015-07-01,2016-06-30,0
2016-02-02,68880,2015-06-30,2,,,,,,,,,,,,,,,,,,,,2645000000,1208000000,0.442,,1169000000,,,,,,,,,,,,true,false,12,2014-07-01,2015-06-30,-1
2016-02-02,68880,2015-06-30,2,,,,,,,,,,,,,,,,,,,,,,,,,,,,,0.00,,,,10215400,515900,,false,false,12,2014-07-01,2015-06-30,-1
2016-02-02,68880,2016-06-30,2,,,,,,,,,,,,,,,,,,,,,,,,,,,,,0.00,,,,,,,false,false,12,2015-07-01,2016-06-30,0
2016-02-02,68880,2016-06-30,2,,,,,,,,,,,,,,,,,,,,,,,,,,,,,0.00,,,,,,,false,true,12,2015-07-01,2016-06-30,0
2016-02-02,68880,2016-06-30,2,,,,,,,,,,,,,,,,,,,,,,,,,,,,,,,,,10215400,515900,9699500,false,false,6,2015-07-01,2015-12-31,0
2016-02-02,68880,2015-06-30,2,,,,,,,,,,,,,,,,,,,,,,,,,,,,,,,,,,,9699500,false,false,6,2014-07-01,2014-12-31,-1
2016-04-28,68880,2016-06-30,3,3099000000,-0.018,,,,,164000000,3.264,172000000,3.189,,154000000,,15.95,,,,,,2388000000,1345000000,0.547,,1306000000,,,,,,,,,,,,true,false,9,2015-07-01,2016-03-31,0
2016-04-28,68880,2015-06-30,3,3154000000,0.155,,,,,38000000,-0.337,41000000,-0.313,,-26000000,,-2.73,,,,,,,,,,,,,,,,,,,,,,true,false,9,2014-07-01,2015-03-31,-1
2016-04-28,68880,2016-06-30,3,3800000000,-0.051,,,,,65000000,,60000000,,,30000000,,3.09,,,,,,,,,,,,,,,,,,,,,,true,true,12,2015-07-01,2016-06-30,0
2016-04-28,68880,2015-06-30,3,,,,,,,,,,,,,,,,,,,,2645000000,1208000000,0.442,,1169000000,,,,,,,,,,,,true,false,12,2014-07-01,2015-06-30,-1
2016-04-28,68880,2015-06-30,3,,,,,,,,,,,,,,,,,,,,,,,,,,,,,0.00,,,,10215400,515900,,false,false,12,2014-07-01,2015-06-30,-1
2016-04-28,68880,2016-06-30,3,,,,,,,,,,,,,,,,,,,,,,,,,,,,,0.00,,,,,,,false,true,12,2015-07-01,2016-06-30,0
2016-04-28,68880,2016-06-30,3,,,,,,,,,,,,,,,,,,,,,,,,,,,,,,,,,10215400,515900,9699500,false,false,9,2015-07-01,2016-03-31,0
2016-04-28,68880,2015-06-30,3,,,,,,,,,,,,,,,,,,,,,,,,,,,,,,,,,,,9699500,false,false,9,2014-07-01,2015-03-31,-1
2016-07-27,68880,2016-06-30,,3898000000,0.026,,,,,111000000,0.708,121000000,1.017,,113000000,,11.71,,,,,,,,,,,,,,,,,,,,,,true,true,12,2015-07-01,2016-06-30,0
2016-07-27,68880,2015-06-30,,4003000000,,,,,,-131000000,,-128000000,,,-298000000,,-30.79,,,,,,,,,,,,,,,,,,,,,,true,false,12,2014-07-01,2015-06-30,-1
2016-07-27,68880,2016-06-30,,2482000000,0.034,,,,,,,95000000,1.375,106000000,,2.029,10.98,,,,,,,,,,,,,,,,,,,,,,false,true,12,2015-07-01,2016-06-30,0
2016-07-27,68880,2015-06-30,,2678000000,,,,,,,,-162000000,,-281000000,,,-29.02,,,,,,,,,,,,,,,,,,,,,,false,false,12,2014-07-01,2015-06-30,-1
2016-08-04,68880,2016-06-30,,3898000000,-0.026,,,,,111000000,,121000000,,,113000000,,11.71,,0.093,0.050,0.029,,2263000000,1302000000,0.558,130.19,1262000000,-2000000,-53000000,-153000000,1202000000,,,,,,,,true,false,12,2015-07-01,2016-06-30,0
2016-08-04,68880,2015-06-30,,4003000000,0.119,,,,,-131000000,,-128000000,,,-298000000,,-30.79,,-0.226,-0.050,-0.033,,2645000000,1208000000,0.442,120.53,1169000000,139000000,4000000,256000000,1476000000,,,,,,,,true,false,12,2014-07-01,2015-06-30,-1
2016-08-04,68880,2017-06-30,,4000000000,0.026,,,,,120000000,0.074,130000000,0.070,,100000000,,10.31,,,,,,,,,,,,,,,,0.194,,,,,,true,true,12,2016-07-01,2017-06-30,1
2016-08-04,68880,2016-06-30,,2482000000,-0.073,,,,,74000000,,95000000,,106000000,,,10.98,,,,,,1966000000,1290000000,0.656,133.02,1290000000,,,,,0.00,,,,10215400,515900,9699500,false,false,12,2015-07-01,2016-06-30,0
2016-08-04,68880,2015-06-30,,2678000000,0.198,,,,,-175000000,,-162000000,,-281000000,,,-29.02,,,,,,2176000000,1194000000,0.549,123.14,1194000000,,,,,0.00,,,,10215400,515900,9699500,false,false,12,2014-07-01,2015-06-30,-1
2016-08-04,68880,2017-06-30,,2550000000,0.027,,,,,,,95000000,-0.002,90000000,,-0.155,9.28,,,,,,,,,,,,,,,2.00,,,,,,,false,true,12,2016-07-01,2017-06-30,1
2016-11-01,68880,2017-06-30,1,759000000,-0.238,,,,,-58000000,,-50000000,,,-57000000,,-5.93,,,,,,2237000000,1239000000,0.539,,1206000000,,,,,,,,,,,,true,false,3,2016-07-01,2016-09-30,0
2016-11-01,68880,2016-06-30,1,996000000,0.448,,,,,30000000,,37000000,,,38000000,,3.94,,,,,,,,,,,,,,,,,,,,,,true,false,3,2015-07-01,2015-09-30,-1
2016-11-01,68880,2017-06-30,1,4000000000,0.026,,,,,120000000,0.074,130000000,0.070,,100000000,,10.31,,,,,,,,,,,,,,,,,,,,,,true,true,12,2016-07-01,2017-06-30,0
2016-11-01,68880,2016-06-30,1,,,,,,,,,,,,,,,,,,,,2263000000,1302000000,0.558,,1262000000,,,,,,,,,,,,true,false,12,2015-07-01,2016-06-30,-1
2016-11-01,68880,2016-06-30,1,,,,,,,,,,,,,,,,,,,,,,,,,,,,,0.00,,,,10215400,515900,,false,false,12,2015-07-01,2016-06-30,-1
2016-11-01,68880,2017-06-30,1,,,,,,,,,,,,,,,,,,,,,,,,,,,,,2.00,,,,,,,false,true,12,2016-07-01,2017-06-30,0
2016-11-01,68880,2017-06-30,1,,,,,,,,,,,,,,,,,,,,,,,,,,,,,,,,,10215400,515900,9699500,false,false,3,2016-07-01,2016-09-30,0
2016-11-01,68880,2016-06-30,1,,,,,,,,,,,,,,,,,,,,,,,,,,,,,,,,,,,9699500,false,false,3,2015-07-01,2015-09-30,-1
2017-02-03,68880,2017-06-30,2,1573000000,-0.164,,,,,-60000000,,-49000000,,,-55000000,,-5.72,,,,,,2208000000,1244000000,0.550,,1213000000,,,,,,,,,,,,true,false,6,2016-07-01,2016-12-31,0
2017-02-03,68880,2016-06-30,2,1881000000,0.284,,,,,48000000,,57000000,,,61000000,,6.38,,,,,,,,,,,,,,,,,,,,,,true,false,6,2015-07-01,2015-12-31,-1
2017-02-03,68880,2017-06-30,2,4000000000,0.026,,,,,120000000,0.074,130000000,0.070,,100000000,,10.31,,,,,,,,,,,,,,,,,,,,,,true,true,12,2016-07-01,2017-06-30,0
2017-02-03,68880,2016-06-30,2,,,,,,,,,,,,,,,,,,,,2263000000,1302000000,0.558,,1262000000,,,,,,,,,,,,true,false,12,2015-07-01,2016-06-30,-1
2017-02-03,68880,2016-06-30,2,,,,,,,,,,,,,,,,,,,,,,,,,,,,,0.00,,,,10215400,515900,,false,false,12,2015-07-01,2016-06-30,-1
2017-02-03,68880,2017-06-30,2,,,,,,,,,,,,,,,,,,,,,,,,,,,,,0.00,,,,,,,false,false,12,2016-07-01,2017-06-30,0
2017-02-03,68880,2017-06-30,2,,,,,,,,,,,,,,,,,,,,,,,,,,,,,2.00,,,,,,,false,true,12,2016-07-01,2017-06-30,0
2017-02-03,68880,2017-06-30,2,,,,,,,,,,,,,,,,,,,,,,,,,,,,,,,,,10215400,515900,9699500,false,false,6,2016-07-01,2016-12-31,0
2017-02-03,68880,2016-06-30,2,,,,,,,,,,,,,,,,,,,,,,,,,,,,,,,,,,,9699500,false,false,6,2015-07-01,2015-12-31,-1
2017-04-28,68880,2017-06-30,3,3003000000,-0.031,,,,,133000000,-0.189,146000000,-0.153,,122000000,,12.65,,,,,,2664000000,1431000000,0.522,,1390000000,,,,,,,,,,,,true,false,9,2016-07-01,2017-03-31,0
2017-04-28,68880,2016-06-30,3,3099000000,-0.018,,,,,164000000,3.264,172000000,3.189,,154000000,,15.95,,,,,,,,,,,,,,,,,,,,,,true,false,9,2015-07-01,2016-03-31,-1
2017-04-28,68880,2017-06-30,3,4000000000,0.026,,,,,120000000,0.074,130000000,0.070,,100000000,,10.31,,,,,,,,,,,,,,,,,,,,,,true,true,12,2016-07-01,2017-06-30,0
2017-04-28,68880,2016-06-30,3,,,,,,,,,,,,,,,,,,,,2263000000,1302000000,0.558,,1262000000,,,,,,,,,,,,true,false,12,2015-07-01,2016-06-30,-1
2017-04-28,68880,2016-06-30,3,,,,,,,,,,,,,,,,,,,,,,,,,,,,,0.00,,,,10215400,515900,,false,false,12,2015-07-01,2016-06-30,-1
2017-04-28,68880,2017-06-30,3,,,,,,,,,,,,,,,,,,,,,,,,,,,,,0.00,,,,,,,false,false,12,2016-07-01,2017-06-30,0
2017-04-28,68880,2017-06-30,3,,,,,,,,,,,,,,,,,,,,,,,,,,,,,2.00,,,,,,,false,true,12,2016-07-01,2017-06-30,0
2017-04-28,68880,2017-06-30,3,,,,,,,,,,,,,,,,,,,,,,,,,,,,,,,,,10215400,515900,9699500,false,false,9,2016-07-01,2017-03-31,0
2017-04-28,68880,2016-06-30,3,,,,,,,,,,,,,,,,,,,,,,,,,,,,,,,,,,,9699500,false,false,9,2015-07-01,2016-03-31,-1
2017-07-31,68880,2017-06-30,,4062000000,0.016,,,,,146000000,0.217,158000000,0.215,,143000000,,14.83,,,,,,,,,,,,,,,,,,,,,,true,true,12,2016-07-01,2017-06-30,0
2017-07-31,68880,2016-06-30,,3898000000,,,,,,111000000,,121000000,,,113000000,,11.71,,,,,,,,,,,,,,,,,,,,,,true,false,12,2015-07-01,2016-06-30,-1
2017-07-31,68880,2017-06-30,,2485000000,-0.026,,,,,,,73000000,-0.232,87000000,,-0.033,8.99,,,,,,,,,,,,,,,,,,,,,,false,true,12,2016-07-01,2017-06-30,0
2017-07-31,68880,2016-06-30,,2482000000,,,,,,,,95000000,,106000000,,,10.98,,,,,,,,,,,,,,,,,,,,,,false,false,12,2015-07-01,2016-06-30,-1
2017-08-04,68880,2017-06-30,,4062000000,0.042,,,,,146000000,0.311,158000000,0.308,,143000000,,14.83,,0.108,0.066,0.036,,2550000000,1458000000,0.555,145.83,1414000000,171000000,-41000000,45000000,1378000000,,0.135,,,,,,true,false,12,2016-07-01,2017-06-30,0
2017-08-04,68880,2016-06-30,,3898000000,-0.026,,,,,111000000,,121000000,,,113000000,,11.71,,0.093,0.050,0.029,,2263000000,1302000000,0.558,130.19,1262000000,-2000000,-53000000,-153000000,1202000000,,,,,,,,true,false,12,2015-07-01,2016-06-30,-1
2017-08-04,68880,2018-06-30,,4200000000,0.034,,,,,155000000,0.058,170000000,0.069,,150000000,,15.46,,,,,,,,,,,,,,,,0.194,,,,,,true,true,12,2017-07-01,2018-06-30,1
2017-08-04,68880,2017-06-30,,2485000000,0.001,,,,,50000000,-0.315,73000000,-0.229,87000000,,-0.181,8.99,,,,,,2076000000,1385000000,0.667,142.82,1385000000,,,,,2.00,,,,10215400,515900,9699500,false,false,12,2016-07-01,2017-06-30,0
2017-08-04,68880,2016-06-30,,2482000000,-0.073,,,,,74000000,,95000000,,106000000,,,10.98,,,,,,1966000000,1290000000,0.656,133.02,1290000000,,,,,0.00,,,,10215400,515900,9699500,false,false,12,2015-07-01,2016-06-30,-1
2017-08-04,68880,2018-06-30,,2600000000,0.046,,,,,,,90000000,0.225,100000000,,0.147,10.31,,,,,,,,,,,,,,,3.00,,,,,,,false,true,12,2017-07-01,2018-06-30,1
2017-10-31,68880,2018-06-30,1,923000000,0.217,,,,,11000000,,15000000,,,16000000,,1.73,,,,,,2487000000,1449000000,0.568,,1413000000,,,,,,,,,,,,true,false,3,2017-07-01,2017-09-30,0
2017-10-31,68880,2017-06-30,1,759000000,-0.238,,,,,-58000000,,-50000000,,,-57000000,,-5.93,,,,,,,,,,,,,,,,,,,,,,true,false,3,2016-07-01,2016-09-30,-1
2017-10-31,68880,2018-06-30,1,4200000000,0.034,,,,,155000000,0.058,170000000,0.069,,150000000,,15.46,,,,,,,,,,,,,,,,,,,,,,true,true,12,2017-07-01,2018-06-30,0
2017-10-31,68880,2017-06-30,1,,,,,,,,,,,,,,,,,,,,2550000000,1458000000,0.555,,1414000000,,,,,,,,,,,,true,false,12,2016-07-01,2017-06-30,-1
2017-10-31,68880,2017-06-30,1,,,,,,,,,,,,,,,,,,,,,,,,,,,,,2.00,,,,10215400,515900,,false,false,12,2016-07-01,2017-06-30,-1
2017-10-31,68880,2018-06-30,1,,,,,,,,,,,,,,,,,,,,,,,,,,,,,3.00,,,,,,,false,true,12,2017-07-01,2018-06-30,0
2017-10-31,68880,2018-06-30,1,,,,,,,,,,,,,,,,,,,,,,,,,,,,,,,,,10215400,515900,9699500,false,false,3,2017-07-01,2017-09-30,0
2017-10-31,68880,2017-06-30,1,,,,,,,,,,,,,,,,,,,,,,,,,,,,,,,,,,,9699500,false,false,3,2016-07-01,2016-09-30,-1
2018-02-02,68880,2018-06-30,2,1885000000,0.198,,,,,61000000,,65000000,,,51000000,,5.29,,,,,,2453000000,1488000000,0.592,,1452000000,,,,,,,,,,,,true,false,6,2017-07-01,2017-12-31,0
2018-02-02,68880,2017-06-30,2,1573000000,-0.164,,,,,-60000000,,-49000000,,,-55000000,,-5.72,,,,,,,,,,,,,,,,,,,,,,true,false,6,2016-07-01,2016-12-31,-1
2018-02-02,68880,2018-06-30,2,4200000000,0.034,,,,,155000000,0.058,170000000,0.069,,150000000,,15.46,,,,,,,,,,,,,,,,,,,,,,true,true,12,2017-07-01,2018-06-30,0
2018-02-02,68880,2017-06-30,2,,,,,,,,,,,,,,,,,,,,2550000000,1458000000,0.555,,1414000000,,,,,,,,,,,,true,false,12,2016-07-01,2017-06-30,-1
2018-02-02,68880,2017-06-30,2,,,,,,,,,,,,,,,,,,,,,,,,,,,,,2.00,,,,10215400,515900,,false,false,12,2016-07-01,2017-06-30,-1
2018-02-02,68880,2018-06-30,2,,,,,,,,,,,,,,,,,,,,,,,,,,,,,0.00,,,,,,,false,false,12,2017-07-01,2018-06-30,0
2018-02-02,68880,2018-06-30,2,,,,,,,,,,,,,,,,,,,,,,,,,,,,,3.00,,,,,,,false,true,12,2017-07-01,2018-06-30,0
2018-02-02,68880,2018-06-30,2,,,,,,,,,,,,,,,,,,,,,,,,,,,,,,,,,10215400,515900,9699500,false,false,6,2017-07-01,2017-12-31,0
2018-02-02,68880,2017-06-30,2,,,,,,,,,,,,,,,,,,,,,,,,,,,,,,,,,,,9699500,false,false,6,2016-07-01,2016-12-31,-1
2018-04-27,68880,2018-06-30,3,3215000000,0.071,,,,,209000000,0.570,215000000,0.473,,148000000,,15.34,,,,,,2649000000,1593000000,0.584,,1546000000,,,,,,,,,,,,true,false,9,2017-07-01,2018-03-31,0
2018-04-27,68880,2017-06-30,3,3003000000,-0.031,,,,,133000000,-0.189,146000000,-0.153,,122000000,,12.65,,,,,,,,,,,,,,,,,,,,,,true,false,9,2016-07-01,2017-03-31,-1
2018-04-27,68880,2018-06-30,3,4200000000,0.034,,,,,155000000,0.058,170000000,0.069,,150000000,,15.46,,,,,,,,,,,,,,,,,,,,,,true,true,12,2017-07-01,2018-06-30,0
2018-04-27,68880,2017-06-30,3,,,,,,,,,,,,,,,,,,,,2550000000,1458000000,0.555,,1414000000,,,,,,,,,,,,true,false,12,2016-07-01,2017-06-30,-1
2018-04-27,68880,2017-06-30,3,,,,,,,,,,,,,,,,,,,,,,,,,,,,,2.00,,,,10215400,515900,,false,false,12,2016-07-01,2017-06-30,-1
2018-04-27,68880,2018-06-30,3,,,,,,,,,,,,,,,,,,,,,,,,,,,,,0.00,,,,,,,false,false,12,2017-07-01,2018-06-30,0
2018-04-27,68880,2018-06-30,3,,,,,,,,,,,,,,,,,,,,,,,,,,,,,3.00,,,,,,,false,true,12,2017-07-01,2018-06-30,0
2018-04-27,68880,2018-06-30,3,,,,,,,,,,,,,,,,,,,,,,,,,,,,,,,,,10215400,515900,9699500,false,false,9,2017-07-01,2018-03-31,0
2018-04-27,68880,2017-06-30,3,,,,,,,,,,,,,,,,,,,,,,,,,,,,,,,,,,,9699500,false,false,9,2016-07-01,2017-03-31,-1
2018-07-27,68880,2018-06-30,,4200000000,0.000,,,,,213000000,0.374,218000000,0.282,,167000000,,17.25,,,,,,,,,,,,,,,,,,,,,,true,true,12,2017-07-01,2018-06-30,0
2018-07-27,68880,2017-06-30,,4062000000,,,,,,146000000,,158000000,,,143000000,,14.83,,,,,,,,,,,,,,,,,,,,,,true,false,12,2016-07-01,2017-06-30,-1
2018-07-27,68880,2018-06-30,,2655000000,0.021,,,,,,,141000000,0.567,126000000,,0.260,13.07,,,,,,,,,,,,,,,,,,,,,,false,true,12,2017-07-01,2018-06-30,0
2018-07-27,68880,2017-06-30,,2485000000,,,,,,,,73000000,,87000000,,,8.99,,,,,,,,,,,,,,,,,,,,,,false,false,12,2016-07-01,2017-06-30,-1
2018-08-03,68880,2018-06-30,,4200000000,0.034,,,,,213000000,0.454,218000000,0.375,,167000000,,17.25,,0.112,0.083,0.051,,2729000000,1609000000,0.573,161.34,1564000000,290000000,-18000000,-79000000,1571000000,,0.174,,,,,,true,false,12,2017-07-01,2018-06-30,0
2018-08-03,68880,2017-06-30,,4062000000,0.042,,,,,146000000,0.311,158000000,0.308,,143000000,,14.83,,0.108,0.066,0.036,,2550000000,1458000000,0.555,145.83,1414000000,171000000,-41000000,45000000,1378000000,,0.135,,,,,,true,false,12,2016-07-01,2017-06-30,-1
2018-08-03,68880,2019-06-30,,4350000000,0.036,,,,,225000000,0.056,230000000,0.052,,170000000,,17.53,,,,,,,,,,,,,,,,0.228,,,,,,true,true,12,2018-07-01,2019-06-30,1
2018-08-03,68880,2018-06-30,,2655000000,0.068,,,,,116000000,1.292,141000000,0.932,126000000,,0.454,13.07,,,,,,2297000000,1495000000,0.651,154.14,1495000000,,,,,3.00,,,,10215400,515900,9699500,false,false,12,2017-07-01,2018-06-30,0
2018-08-03,68880,2017-06-30,,2485000000,0.001,,,,,50000000,-0.315,73000000,-0.229,87000000,,-0.181,8.99,,,,,,2076000000,1385000000,0.667,142.82,1385000000,,,,,2.00,,,,10215400,515900,9699500,false,false,12,2016-07-01,2017-06-30,-1
2018-08-03,68880,2019-06-30,,2750000000,0.036,,,,,,,150000000,0.057,135000000,,0.065,13.92,,,,,,,,,,,,,,,4.00,,,,,,,false,true,12,2018-07-01,2019-06-30,1
2018-10-31,68880,2019-06-30,1,1104000000,0.196,,,,,78000000,5.591,78000000,4.093,,48000000,,4.99,,,,,,2721000000,1621000000,0.582,,1583000000,,,,,,,,,,,,true,false,3,2018-07-01,2018-09-30,0
2018-10-31,68880,2018-06-30,1,923000000,0.217,,,,,11000000,,15000000,,,16000000,,1.73,,,,,,,,,,,,,,,,,,,,,,true,false,3,2017-07-01,2017-09-30,-1
2018-10-31,68880,2019-06-30,1,4350000000,0.036,,,,,225000000,0.056,230000000,0.052,,170000000,,17.53,,,,,,,,,,,,,,,,,,,,,,true,true,12,2018-07-01,2019-06-30,0
2018-10-31,68880,2018-06-30,1,,,,,,,,,,,,,,,,,,,,2724000000,1609000000,0.574,,1564000000,,,,,,,,,,,,true,false,12,2017-07-01,2018-06-30,-1
2018-10-31,68880,2018-06-30,1,,,,,,,,,,,,,,,,,,,,,,,,,,,,,3.00,,,,10215400,515900,,false,false,12,2017-07-01,2018-06-30,-1
2018-10-31,68880,2019-06-30,1,,,,,,,,,,,,,,,,,,,,,,,,,,,,,4.00,,,,,,,false,true,12,2018-07-01,2019-06-30,0
2018-10-31,68880,2019-06-30,1,,,,,,,,,,,,,,,,,,,,,,,,,,,,,,,,,10215400,515900,9699500,false,false,3,2018-07-01,2018-09-30,0
2018-10-31,68880,2018-06-30,1,,,,,,,,,,,,,,,,,,,,,,,,,,,,,,,,,,,9699500,false,false,3,2017-07-01,2017-09-30,-1
2019-01-31,68880,2019-06-30,2,2112000000,0.121,,,,,142000000,1.335,141000000,1.162,,113000000,,11.73,,,,,,2651000000,1677000000,0.620,,1643000000,,,,,,,,,,,,true,false,6,2018-07-01,2018-12-31,0
2019-01-31,68880,2018-06-30,2,1885000000,0.198,,,,,61000000,,65000000,,,51000000,,5.29,,,,,,,,,,,,,,,,,,,,,,true,false,6,2017-07-01,2017-12-31,-1
2019-01-31,68880,2019-06-30,2,4350000000,0.036,,,,,225000000,0.056,230000000,0.052,,170000000,,17.53,,,,,,,,,,,,,,,,,,,,,,true,true,12,2018-07-01,2019-06-30,0
2019-01-31,68880,2018-06-30,2,,,,,,,,,,,,,,,,,,,,2724000000,1609000000,0.574,,1564000000,,,,,,,,,,,,true,false,12,2017-07-01,2018-06-30,-1
2019-01-31,68880,2018-06-30,2,,,,,,,,,,,,,,,,,,,,,,,,,,,,,3.00,,,,10215400,515900,,false,false,12,2017-07-01,2018-06-30,-1
2019-01-31,68880,2019-06-30,2,,,,,,,,,,,,,,,,,,,,,,,,,,,,,0.00,,,,,,,false,false,12,2018-07-01,2019-06-30,0
2019-01-31,68880,2019-06-30,2,,,,,,,,,,,,,,,,,,,,,,,,,,,,,4.00,,,,,,,false,true,12,2018-07-01,2019-06-30,0
2019-01-31,68880,2019-06-30,2,,,,,,,,,,,,,,,,,,,,,,,,,,,,,,,,,10215400,515900,9699500,false,false,6,2018-07-01,2018-12-31,0
2019-01-31,68880,2018-06-30,2,,,,,,,,,,,,,,,,,,,,,,,,,,,,,,,,,,,9699500,false,false,6,2017-07-01,2017-12-31,-1
2019-04-26,68880,2019-06-30,3,3573000000,0.112,,,,,355000000,0.699,354000000,0.648,,251000000,,25.90,,,,,,3009000000,1832000000,0.593,,1784000000,,,,,,,,,,,,true,false,9,2018-07-01,2019-03-31,0
2019-04-26,68880,2018-06-30,3,3215000000,0.071,,,,,209000000,0.570,215000000,0.473,,148000000,,15.34,,,,,,,,,,,,,,,,,,,,,,true,false,9,2017-07-01,2018-03-31,-1
2019-04-26,68880,2019-06-30,3,4350000000,0.036,,,,,225000000,0.056,230000000,0.052,,170000000,,17.53,,,,,,,,,,,,,,,,,,,,,,true,true,12,2018-07-01,2019-06-30,0
2019-04-26,68880,2018-06-30,3,,,,,,,,,,,,,,,,,,,,2724000000,1609000000,0.574,,1564000000,,,,,,,,,,,,true,false,12,2017-07-01,2018-06-30,-1
2019-04-26,68880,2018-06-30,3,,,,,,,,,,,,,,,,,,,,,,,,,,,,,3.00,,,,10215400,515900,,false,false,12,2017-07-01,2018-06-30,-1
2019-04-26,68880,2019-06-30,3,,,,,,,,,,,,,,,,,,,,,,,,,,,,,0.00,,,,,,,false,false,12,2018-07-01,2019-06-30,0
2019-04-26,68880,2019-06-30,3,,,,,,,,,,,,,,,,,,,,,,,,,,,,,4.00,,,,,,,false,true,12,2018-07-01,2019-06-30,0
2019-04-26,68880,2019-06-30,3,,,,,,,,,,,,,,,,,,,,,,,,,,,,,,,,,10215400,515900,9699500,false,false,9,2018-07-01,2019-03-31,0
2019-04-26,68880,2018-06-30,3,,,,,,,,,,,,,,,,,,,,,,,,,,,,,,,,,,,9699500,false,false,9,2017-07-01,2018-03-31,-1
2019-05-30,68880,2019-06-30,,4650000000,0.069,,,,,325000000,0.444,320000000,0.391,,230000000,,23.71,,,,,,,,,,,,,,,,,,,,,,true,true,12,2018-07-01,2019-06-30,0
2019-05-30,68880,2018-06-30,,4200000000,,,,,,213000000,,218000000,,,167000000,,17.25,,,,,,,,,,,,,,,,,,,,,,true,false,12,2017-07-01,2018-06-30,-1
2019-05-30,68880,2019-06-30,,2950000000,0.073,,,,,,,220000000,0.467,180000000,,0.333,18.56,,,,,,,,,,,,,,,,,,,,,,false,true,12,2018-07-01,2019-06-30,0
2019-05-30,68880,2018-06-30,,2655000000,,,,,,,,141000000,,126000000,,,13.07,,,,,,,,,,,,,,,,,,,,,,false,false,12,2017-07-01,2018-06-30,-1
2019-08-02,68880,2019-06-30,,4698000000,0.118,,,,,353000000,0.660,354000000,0.620,,250000000,,25.86,,0.150,0.121,0.075,,3115000000,1835000000,0.574,184.20,1786000000,487000000,-57000000,-99000000,1974000000,,0.193,,,,,,true,false,12,2018-07-01,2019-06-30,0
2019-08-02,68880,2018-06-30,,4200000000,0.034,,,,,213000000,0.454,218000000,0.375,,167000000,,17.25,,0.112,0.083,0.051,,2724000000,1609000000,0.574,161.34,1564000000,290000000,-18000000,-79000000,1571000000,,0.174,,,,,,true,false,12,2017-07-01,2018-06-30,-1
2019-08-02,68880,2020-06-30,,4800000000,0.022,,,,,385000000,0.089,385000000,0.087,,250000000,,25.77,,,,,,,,,,,,,,,,0.194,,,,,,true,true,12,2019-07-01,2020-06-30,1
2019-08-02,68880,2019-06-30,,3007000000,0.133,,,,,217000000,0.866,236000000,0.670,192000000,,0.518,19.83,,,,,,2509000000,1658000000,0.661,170.98,1658000000,,,,,5.00,,,,10215400,515900,9699500,false,false,12,2018-07-01,2019-06-30,0
2019-08-02,68880,2018-06-30,,2655000000,0.068,,,,,116000000,1.292,141000000,0.932,126000000,,0.454,13.07,,,,,,2292000000,1495000000,0.652,154.14,1495000000,,,,,3.00,,,,10215400,515900,9699500,false,false,12,2017-07-01,2018-06-30,-1
2019-08-02,68880,2020-06-30,,3105000000,0.033,,,,,,,273000000,0.152,190000000,,-0.012,19.59,,,,,,,,,,,,,,,5.00,,,,,,,false,true,12,2019-07-01,2020-06-30,1
2019-10-28,68880,2020-06-30,1,1071000000,-0.030,,,,,98000000,0.254,98000000,0.259,,68000000,,7.02,,,,,,2945000000,1853000000,0.613,,1806000000,,,,,,,,,,,,true,false,3,2019-07-01,2019-09-30,0
2019-10-28,68880,2019-06-30,1,1104000000,0.196,,,,,78000000,5.591,78000000,4.093,,48000000,,4.99,,,,,,,,,,,,,,,,,,,,,,true,false,3,2018-07-01,2018-09-30,-1
2019-10-28,68880,2020-06-30,1,4800000000,0.022,,,,,385000000,0.089,385000000,0.087,,250000000,,25.77,,,,,,,,,,,,,,,,,,,,,,true,true,12,2019-07-01,2020-06-30,0
2019-10-28,68880,2019-06-30,1,,,,,,,,,,,,,,,,,,,,3115000000,1835000000,0.574,,1786000000,,,,,,,,,,,,true,false,12,2018-07-01,2019-06-30,-1
2019-10-28,68880,2019-06-30,1,,,,,,,,,,,,,,,,,,,,,,,,,,,,,5.00,,,,10215400,515900,,false,false,12,2018-07-01,2019-06-30,-1
2019-10-28,68880,2020-06-30,1,,,,,,,,,,,,,,,,,,,,,,,,,,,,,5.00,,,,,,,false,true,12,2019-07-01,2020-06-30,0
2019-10-28,68880,2020-06-30,1,,,,,,,,,,,,,,,,,,,,,,,,,,,,,,,,,10215400,515900,9699500,false,false,3,2019-07-01,2019-09-30,0
2019-10-28,68880,2019-06-30,1,,,,,,,,,,,,,,,,,,,,,,,,,,,,,,,,,,,9699500,false,false,3,2018-07-01,2018-09-30,-1
2020-01-31,68880,2020-06-30,2,2121000000,0.004,,,,,207000000,0.455,207000000,0.463,,136000000,,14.03,,,,,,2949000000,1929000000,0.638,,1882000000,,,,,,,,,,,,true,false,6,2019-07-01,2019-12-31,0
2020-01-31,68880,2019-06-30,2,2112000000,0.121,,,,,142000000,1.335,141000000,1.162,,113000000,,11.73,,,,,,,,,,,,,,,,,,,,,,true,false,6,2018-07-01,2018-12-31,-1
2020-01-31,68880,2020-06-30,2,4800000000,0.022,,,,,385000000,0.089,385000000,0.087,,250000000,,25.77,,,,,,,,,,,,,,,,,,,,,,true,true,12,2019-07-01,2020-06-30,0
2020-01-31,68880,2019-06-30,2,,,,,,,,,,,,,,,,,,,,3115000000,1835000000,0.574,,1786000000,,,,,,,,,,,,true,false,12,2018-07-01,2019-06-30,-1
2020-01-31,68880,2019-06-30,2,,,,,,,,,,,,,,,,,,,,,,,,,,,,,5.00,,,,10215400,515900,,false,false,12,2018-07-01,2019-06-30,-1
2020-01-31,68880,2020-06-30,2,,,,,,,,,,,,,,,,,,,,,,,,,,,,,0.00,,,,,,,false,false,12,2019-07-01,2020-06-30,0
2020-01-31,68880,2020-06-30,2,,,,,,,,,,,,,,,,,,,,,,,,,,,,,5.00,,,,,,,false,true,12,2019-07-01,2020-06-30,0
2020-01-31,68880,2020-06-30,2,,,,,,,,,,,,,,,,,,,,,,,,,,,,,,,,,10215400,515900,9699500,false,false,6,2019-07-01,2019-12-31,0
2020-01-31,68880,2019-06-30,2,,,,,,,,,,,,,,,,,,,,,,,,,,,,,,,,,,,9699500,false,false,6,2018-07-01,2018-12-31,-1
2020-04-30,68880,2020-06-30,3,3726000000,0.043,,,,,519000000,0.462,521000000,0.470,,341000000,,35.26,,,,,,3483000000,2137000000,0.597,,2078000000,,,,,,,,,,,,true,false,9,2019-07-01,2020-03-31,0
2020-04-30,68880,2019-06-30,3,3573000000,0.112,,,,,355000000,0.699,354000000,0.648,,251000000,,25.90,,,,,,,,,,,,,,,,,,,,,,true,false,9,2018-07-01,2019-03-31,-1
2020-04-30,68880,2020-06-30,3,4800000000,0.022,,,,,385000000,0.089,385000000,0.087,,250000000,,25.77,,,,,,,,,,,,,,,,,,,,,,true,true,12,2019-07-01,2020-06-30,0
2020-04-30,68880,2019-06-30,3,,,,,,,,,,,,,,,,,,,,3115000000,1835000000,0.574,,1786000000,,,,,,,,,,,,true,false,12,2018-07-01,2019-06-30,-1
2020-04-30,68880,2019-06-30,3,,,,,,,,,,,,,,,,,,,,,,,,,,,,,5.00,,,,10215400,515900,,false,false,12,2018-07-01,2019-06-30,-1
2020-04-30,68880,2020-06-30,3,,,,,,,,,,,,,,,,,,,,,,,,,,,,,0.00,,,,,,,false,false,12,2019-07-01,2020-06-30,0
2020-04-30,68880,2020-06-30,3,,,,,,,,,,,,,,,,,,,,,,,,,,,,,5.00,,,,,,,false,true,12,2019-07-01,2020-06-30,0
2020-04-30,68880,2020-06-30,3,,,,,,,,,,,,,,,,,,,,,,,,,,,,,,,,,10215400,515900,9699500,false,false,9,2019-07-01,2020-03-31,0
2020-04-30,68880,2019-06-30,3,,,,,,,,,,,,,,,,,,,,,,,,,,,,,,,,,,,9699500,false,false,9,2018-07-01,2019-03-31,-1
2020-07-29,68880,2020-06-30,,4881000000,0.017,,,,,517000000,0.344,527000000,0.370,,335000000,,34.55,,,,,,,,,,,,,,,,,,,,,,true,true,12,2019-07-01,2020-06-30,0
2020-07-29,68880,2019-06-30,,4698000000,,,,,,353000000,,354000000,,,250000000,,25.86,,,,,,,,,,,,,,,,,,,,,,true,false,12,2018-07-01,2019-06-30,-1
2020-07-29,68880,2020-06-30,,3324000000,0.071,,,,,,,395000000,0.447,271000000,,0.428,27.97,,,,,,,,,,,,,,,11.00,,,,,,,false,true,12,2019-07-01,2020-06-30,0
2020-07-29,68880,2019-06-30,,3007000000,,,,,,,,236000000,,192000000,,,19.83,,,,,,,,,,,,,,,5.00,,,,,,,false,false,12,2018-07-01,2019-06-30,-1
2020-07-29,68880,2020-06-30,,,,,,,,,,,,,,,,,,,,,,,,,,,,,,0.00,,,,,,,false,false,12,2019-07-01,2020-06-30,0
2020-08-04,68880,2020-06-30,,4881000000,0.039,,,,,517000000,0.463,527000000,0.490,,335000000,,34.55,,0.174,0.160,0.106,,3470000000,2132000000,0.597,213.77,2073000000,452000000,-102000000,-85000000,2240000000,,0.318,,,,,,true,false,12,2019-07-01,2020-06-30,0
2020-08-04,68880,2019-06-30,,4698000000,0.118,,,,,353000000,0.660,354000000,0.620,,250000000,,25.86,,0.150,0.121,0.075,,3115000000,1835000000,0.574,184.20,1786000000,487000000,-57000000,-99000000,1974000000,,0.193,,,,,,true,false,12,2018-07-01,2019-06-30,-1
2020-08-04,68880,2021-06-30,,4910000000,0.006,,,,,420000000,-0.188,425000000,-0.194,,270000000,,27.72,,,,,,,,,,,,,,,,0.325,,,,,,true,true,12,2020-07-01,2021-06-30,1
2020-08-04,68880,2020-06-30,,3324000000,0.106,,,,,370000000,0.705,395000000,0.667,271000000,,0.410,27.97,,,,,,2830000000,1877000000,0.663,193.55,1877000000,,,,,11.00,,,,10215400,515942,9699496,false,false,12,2019-07-01,2020-06-30,0
2020-08-04,68880,2019-06-30,,3007000000,0.133,,,,,217000000,0.866,236000000,0.670,192000000,,0.518,19.83,,,,,,2509000000,1658000000,0.661,170.98,1658000000,,,,,5.00,,,,10215400,515900,9699500,false,false,12,2018-07-01,2019-06-30,-1
2020-08-04,68880,2021-06-30,,3340000000,0.005,,,,,,,325000000,-0.177,215000000,,-0.207,22.07,,,,,,,,,,,,,,,9.00,,,,,,,false,true,12,2020-07-01,2021-06-30,1
2020-10-30,68880,2021-06-30,1,937000000,-0.125,,,,,14000000,-0.851,15000000,-0.845,,27000000,,2.88,,,,,,2980000000,2051000000,0.670,,1995000000,,,,,,,,,,,,true,false,3,2020-07-01,2020-09-30,0
2020-10-30,68880,2020-06-30,1,1071000000,-0.030,,,,,98000000,0.254,98000000,0.259,,68000000,,7.02,,,,,,,,,,,,,,,,,,,,,,true,false,3,2019-07-01,2019-09-30,-1
2020-10-30,68880,2021-06-30,1,4910000000,0.006,,,,,420000000,-0.188,425000000,-0.194,,270000000,,27.72,,,,,,,,,,,,,,,,,,,,,,true,true,12,2020-07-01,2021-06-30,0
2020-10-30,68880,2020-06-30,1,,,,,,,,,,,,,,,,,,,,3470000000,2132000000,0.597,,2073000000,,,,,,,,,,,,true,false,12,2019-07-01,2020-06-30,-1
2020-10-30,68880,2020-06-30,1,,,,,,,,,,,,,,,,,,,,,,,,,,,,,11.00,,,,10215400,515942,,false,false,12,2019-07-01,2020-06-30,-1
2020-10-30,68880,2021-06-30,1,,,,,,,,,,,,,,,,,,,,,,,,,,,,,9.00,,,,,,,false,true,12,2020-07-01,2021-06-30,0
2020-10-30,68880,2021-06-30,1,,,,,,,,,,,,,,,,,,,,,,,,,,,,,,,,,10215400,515942,9699458,false,false,3,2020-07-01,2020-09-30,0
2020-10-30,68880,2020-06-30,1,,,,,,,,,,,,,,,,,,,,,,,,,,,,,,,,,,,9699500,false,false,3,2019-07-01,2019-09-30,-1
2021-01-29,68880,2021-06-30,2,2037000000,-0.040,,,,,127000000,-0.385,128000000,-0.381,,101000000,,10.45,,,,,,3120000000,2158000000,0.674,,2103000000,,,,,,,,,,,,true,false,6,2020-07-01,2020-12-31,0
2021-01-29,68880,2020-06-30,2,2121000000,0.004,,,,,207000000,0.455,207000000,0.463,,136000000,,14.03,,,,,,,,,,,,,,,,,,,,,,true,false,6,2019-07-01,2019-12-31,-1
2021-01-29,68880,2021-06-30,2,4910000000,0.006,,,,,420000000,-0.188,425000000,-0.194,,270000000,,27.72,,,,,,,,,,,,,,,,,,,,,,true,true,12,2020-07-01,2021-06-30,0
2021-01-29,68880,2020-06-30,2,,,,,,,,,,,,,,,,,,,,3470000000,2132000000,0.597,,2073000000,,,,,,,,,,,,true,false,12,2019-07-01,2020-06-30,-1
2021-01-29,68880,2020-06-30,2,,,,,,,,,,,,,,,,,,,,,,,,,,,,,11.00,,,,10215400,515942,,false,false,12,2019-07-01,2020-06-30,-1
2021-01-29,68880,2021-06-30,2,,,,,,,,,,,,,,,,,,,,,,,,,,,,,0.00,,,,,,,false,false,12,2020-07-01,2021-06-30,0
2021-01-29,68880,2021-06-30,2,,,,,,,,,,,,,,,,,,,,,,,,,,,,,9.00,,,,,,,false,true,12,2020-07-01,2021-06-30,0
2021-01-29,68880,2021-06-30,2,,,,,,,,,,,,,,,,,,,,,,,,,,,,,,,,,10215400,461342,9708656,false,false,6,2020-07-01,2020-12-31,0
2021-01-29,68880,2020-06-30,2,,,,,,,,,,,,,,,,,,,,,,,,,,,,,,,,,,,9699500,false,false,6,2019-07-01,2019-12-31,-1
2021-04-28,68880,2021-06-30,3,3496000000,-0.062,,,,,455000000,-0.123,456000000,-0.124,,324000000,,33.35,,,,,,3462000000,2396000000,0.674,,2333000000,,,,,,,,,,,,true,false,9,2020-07-01,2021-03-31,0
2021-04-28,68880,2020-06-30,3,3726000000,0.043,,,,,519000000,0.462,521000000,0.470,,341000000,,35.26,,,,,,,,,,,,,,,,,,,,,,true,false,9,2019-07-01,2020-03-31,-1
2021-04-28,68880,2021-06-30,3,4910000000,0.006,,,,,420000000,-0.188,425000000,-0.194,,270000000,,27.72,,,,,,,,,,,,,,,,,,,,,,true,true,12,2020-07-01,2021-06-30,0
2021-04-28,68880,2020-06-30,3,,,,,,,,,,,,,,,,,,,,3470000000,2132000000,0.597,,2073000000,,,,,,,,,,,,true,false,12,2019-07-01,2020-06-30,-1
2021-04-28,68880,2020-06-30,3,,,,,,,,,,,,,,,,,,,,,,,,,,,,,11.00,,,,10215400,515942,,false,false,12,2019-07-01,2020-06-30,-1
2021-04-28,68880,2021-06-30,3,,,,,,,,,,,,,,,,,,,,,,,,,,,,,0.00,,,,,,,false,false,12,2020-07-01,2021-06-30,0
2021-04-28,68880,2021-06-30,3,,,,,,,,,,,,,,,,,,,,,,,,,,,,,9.00,,,,,,,false,true,12,2020-07-01,2021-06-30,0
2021-04-28,68880,2021-06-30,3,,,,,,,,,,,,,,,,,,,,,,,,,,,,,,,,,10215400,461342,9723569,false,false,9,2020-07-01,2021-03-31,0
2021-04-28,68880,2020-06-30,3,,,,,,,,,,,,,,,,,,,,,,,,,,,,,,,,,,,9699500,false,false,9,2019-07-01,2020-03-31,-1
2021-07-29,68880,2021-06-30,,4526000000,-0.078,,,,,500000000,0.191,502000000,0.181,,358000000,,36.88,,,,,,,,,,,,,,,,,,,,,,true,true,12,2020-07-01,2021-06-30,0
2021-07-29,68880,2020-06-30,,4881000000,,,,,,517000000,,527000000,,,335000000,,34.55,,,,,,,,,,,,,,,,,,,,,,true,false,12,2019-07-01,2020-06-30,-1
2021-07-29,68880,2021-06-30,,3083000000,-0.077,,,,,,,398000000,0.225,298000000,,0.386,30.69,,,,,,,,,,,,,,,,,,,,,,false,true,12,2020-07-01,2021-06-30,0
2021-07-29,68880,2020-06-30,,3324000000,,,,,,,,395000000,,271000000,,,27.97,,,,,,,,,,,,,,,,,,,,,,false,false,12,2019-07-01,2020-06-30,-1
2021-08-04,68880,2021-06-30,,4526000000,-0.073,,,,,500000000,-0.033,502000000,-0.048,,358000000,,36.88,,0.161,0.144,0.111,,3498000000,2441000000,0.680,243.76,2377000000,290000000,-26000000,-203000000,2300000000,,0.298,,,,,,true,false,12,2020-07-01,2021-06-30,0
2021-08-04,68880,2020-06-30,,4881000000,0.039,,,,,517000000,0.463,527000000,0.490,,335000000,,34.55,,0.174,0.160,0.106,,3470000000,2132000000,0.597,213.77,2073000000,452000000,-102000000,-85000000,2240000000,,0.318,,,,,,true,false,12,2019-07-01,2020-06-30,-1
2021-08-04,68880,2022-06-30,,5000000000,0.105,,,,,510000000,0.019,510000000,0.015,,345000000,,35.32,,,,,,,,,,,,,,,,0.368,,,,,,true,true,12,2021-07-01,2022-06-30,1
2021-08-04,68880,2021-06-30,,3083000000,-0.073,,,,,372000000,0.006,398000000,0.009,298000000,,0.101,30.69,,,,,,2930000000,2121000000,0.724,217.47,2121000000,,,,,11.00,,,,10215400,461343,9731170,false,false,12,2020-07-01,2021-06-30,0
2021-08-04,68880,2020-06-30,,3324000000,0.106,,,,,370000000,0.705,395000000,0.667,271000000,,0.410,27.97,,,,,,2830000000,1877000000,0.663,193.55,1877000000,,,,,11.00,,,,10215400,515942,9699496,false,false,12,2019-07-01,2020-06-30,-1
2021-08-04,68880,2022-06-30,,3500000000,0.135,,,,,,,400000000,0.003,290000000,,-0.029,29.69,,,,,,,,,,,,,,,13.00,,,,,,,false,true,12,2021-07-01,2022-06-30,1
2021-10-29,68880,2022-06-30,1,919000000,-0.019,,,,,-15000000,,-16000000,,,-28000000,,-2.93,,,,,,3235000000,2311000000,0.694,,2243000000,,,,,,,,,,,,true,false,3,2021-07-01,2021-09-30,0
2021-10-29,68880,2021-06-30,1,937000000,-0.125,,,,,14000000,-0.851,15000000,-0.845,,27000000,,2.88,,,,,,,,,,,,,,,,,,,,,,true,false,3,2020-07-01,2020-09-30,-1
2021-10-29,68880,2022-06-30,1,5000000000,0.105,,,,,510000000,0.019,510000000,0.015,345000000,,-0.039,35.32,,,,,,,,,,,,,,,,,,,,,,true,true,12,2021-07-01,2022-06-30,0
2021-10-29,68880,2021-06-30,1,,,,,,,,,,,,,,,,,,,,3498000000,2441000000,0.680,,2377000000,,,,,,,,,,,,true,false,12,2020-07-01,2021-06-30,-1
2021-10-29,68880,2021-06-30,1,,,,,,,,,,,,,,,,,,,,,,,,,,,,,11.00,,,,10215400,461343,,false,false,12,2020-07-01,2021-06-30,-1
2021-10-29,68880,2022-06-30,1,,,,,,,,,,,,,,,,,,,,,,,,,,,,,13.00,,,,,,,false,true,12,2021-07-01,2022-06-30,0
2021-10-29,68880,2022-06-30,1,,,,,,,,,,,,,,,,,,,,,,,,,,,,,,,,,10215400,462343,9753057,false,false,3,2021-07-01,2021-09-30,0
2021-10-29,68880,2021-06-30,1,,,,,,,,,,,,,,,,,,,,,,,,,,,,,,,,,,,9699458,false,false,3,2020-07-01,2020-09-30,-1
2022-02-02,68880,2022-06-30,2,1975000000,-0.031,,,,,74000000,-0.413,75000000,-0.411,,33000000,,3.43,,,,,,3302000000,2368000000,0.700,,2312000000,,,,,,,,,,,,true,false,6,2021-07-01,2021-12-31,0
2022-02-02,68880,2021-06-30,2,2037000000,-0.040,,,,,127000000,-0.385,128000000,-0.381,,101000000,,10.45,,,,,,,,,,,,,,,,,,,,,,true,false,6,2020-07-01,2020-12-31,-1
2022-02-02,68880,2022-06-30,2,5000000000,0.105,,,,,510000000,0.019,510000000,0.015,,345000000,,35.32,,,,,,,,,,,,,,,,,,,,,,true,true,12,2021-07-01,2022-06-30,0
2022-02-02,68880,2021-06-30,2,,,,,,,,,,,,,,,,,,,,3498000000,2441000000,0.680,,2377000000,,,,,,,,,,,,true,false,12,2020-07-01,2021-06-30,-1
2022-02-02,68880,2021-06-30,2,,,,,,,,,,,,,,,,,,,,,,,,,,,,,11.00,,,,10215400,461343,,false,false,12,2020-07-01,2021-06-30,-1
2022-02-02,68880,2022-06-30,2,,,,,,,,,,,,,,,,,,,,,,,,,,,,,0.00,,,,,,,false,false,12,2021-07-01,2022-06-30,0
2022-02-02,68880,2022-06-30,2,,,,,,,,,,,,,,,,,,,,,,,,,,,,,13.00,,,,,,,false,true,12,2021-07-01,2022-06-30,0
2022-02-02,68880,2022-06-30,2,,,,,,,,,,,,,,,,,,,,,,,,,,,,,,,,,10215400,439343,9756932,false,false,6,2021-07-01,2021-12-31,0
2022-02-02,68880,2021-06-30,2,,,,,,,,,,,,,,,,,,,,,,,,,,,,,,,,,,,9708656,false,false,6,2020-07-01,2020-12-31,-1
2022-04-28,68880,2022-06-30,3,3429000000,-0.019,,,,,370000000,-0.187,371000000,-0.188,,223000000,,22.90,,,,,,3629000000,2563000000,0.689,,2501000000,,,,,,,,,,,,true,false,9,2021-07-01,2022-03-31,0
2022-04-28,68880,2021-06-30,3,3496000000,-0.062,,,,,455000000,-0.123,456000000,-0.124,,324000000,,33.35,,,,,,,,,,,,,,,,,,,,,,true,false,9,2020-07-01,2021-03-31,-1
2022-04-28,68880,2022-06-30,3,5000000000,0.105,,,,,510000000,0.019,510000000,0.015,,345000000,,35.32,,,,,,,,,,,,,,,,,,,,,,true,true,12,2021-07-01,2022-06-30,0
2022-04-28,68880,2021-06-30,3,,,,,,,,,,,,,,,,,,,,3498000000,2441000000,0.680,,2377000000,,,,,,,,,,,,true,false,12,2020-07-01,2021-06-30,-1
2022-04-28,68880,2021-06-30,3,,,,,,,,,,,,,,,,,,,,,,,,,,,,,11.00,,,,10215400,461343,,false,false,12,2020-07-01,2021-06-30,-1
2022-04-28,68880,2022-06-30,3,,,,,,,,,,,,,,,,,,,,,,,,,,,,,0.00,,,,,,,false,false,12,2021-07-01,2022-06-30,0
2022-04-28,68880,2022-06-30,3,,,,,,,,,,,,,,,,,,,,,,,,,,,,,13.00,,,,,,,false,true,12,2021-07-01,2022-06-30,0
2022-04-28,68880,2022-06-30,3,,,,,,,,,,,,,,,,,,,,,,,,,,,,,,,,,10215400,439343,9763213,false,false,9,2021-07-01,2022-03-31,0
2022-04-28,68880,2021-06-30,3,,,,,,,,,,,,,,,,,,,,,,,,,,,,,,,,,,,9723569,false,false,9,2020-07-01,2021-03-31,-1
2022-08-03,68880,2022-06-30,,4614000000,0.020,,,,,472000000,-0.055,474000000,-0.056,,303000000,,31.08,,0.123,0.117,0.102,,4593000000,2796000000,0.556,261.32,2554000000,358000000,-341000000,402000000,2720000000,,0.418,,,,,,true,false,12,2021-07-01,2022-06-30,0
2022-08-03,68880,2021-06-30,,4526000000,-0.073,,,,,500000000,-0.033,502000000,-0.048,,358000000,,36.88,,0.161,0.144,0.111,,3498000000,2441000000,0.680,243.76,2377000000,290000000,-26000000,-203000000,2300000000,,0.298,,,,,,true,false,12,2020-07-01,2021-06-30,-1
2022-08-03,68880,2023-06-30,,5700000000,0.235,,,,,570000000,0.206,560000000,0.180,,365000000,,37.31,,,,,,,,,,,,,,,,0.322,,,,,,true,true,12,2022-07-01,2023-06-30,1
2022-08-03,68880,2022-06-30,,3249000000,0.054,,,,,390000000,0.048,418000000,0.050,301000000,,0.009,30.86,,,,,,3666000000,2296000000,0.626,234.87,2296000000,,,,,13.00,,,,10215400,439343,9766415,false,false,12,2021-07-01,2022-06-30,0
2022-08-03,68880,2021-06-30,,3083000000,-0.073,,,,,372000000,0.006,398000000,0.009,298000000,,0.101,30.69,,,,,,2930000000,2121000000,0.724,217.47,2121000000,,,,,11.00,,,,10215400,461343,9731170,false,false,12,2020-07-01,2021-06-30,-1
2022-08-03,68880,2023-06-30,,3600000000,0.108,,,,,,,400000000,-0.045,280000000,,-0.071,28.62,,,,,,,,,,,,,,,12.00,,,,,,,false,true,12,2022-07-01,2023-06-30,1
2022-11-01,68880,2023-06-30,1,1252000000,0.362,,,,,107000000,,114000000,,,68000000,,7.01,,,,,,4274000000,2721000000,0.580,,2480000000,,,,,,,,,,,,true,false,3,2022-07-01,2022-09-30,0
2022-11-01,68880,2022-06-30,1,919000000,-0.019,,,,,-15000000,,-16000000,,,-28000000,,-2.93,,,,,,,,,,,,,,,,,,,,,,true,false,3,2021-07-01,2021-09-30,-1
2022-11-01,68880,2023-06-30,1,5700000000,0.235,,,,,570000000,0.206,560000000,0.180,,365000000,,37.31,,,,,,,,,,,,,,,,,,,,,,true,true,12,2022-07-01,2023-06-30,0
2022-11-01,68880,2022-06-30,1,,,,,,,,,,,,,,,,,,,,4593000000,2796000000,0.556,,2554000000,,,,,,,,,,,,true,false,12,2021-07-01,2022-06-30,-1
2022-11-01,68880,2022-06-30,1,,,,,,,,,,,,,,,,,,,,,,,,,,,,,13.00,,,,10215400,439343,,false,false,12,2021-07-01,2022-06-30,-1
2022-11-01,68880,2023-06-30,1,,,,,,,,,,,,,,,,,,,,,,,,,,,,,12.00,,,,,,,false,true,12,2022-07-01,2023-06-30,0
2022-11-01,68880,2023-06-30,1,,,,,,,,,,,,,,,,,,,,,,,,,,,,,,,,,10215400,439343,9776057,false,false,3,2022-07-01,2022-09-30,0
2022-11-01,68880,2022-06-30,1,,,,,,,,,,,,,,,,,,,,,,,,,,,,,,,,,,,9753057,false,false,3,2021-07-01,2021-09-30,-1
2023-02-03,68880,2023-06-30,2,2541000000,0.287,,,,,218000000,1.915,225000000,1.979,,138000000,,14.18,,,,,,4343000000,2796000000,0.588,,2555000000,,,,,,,,,,,,true,false,6,2022-07-01,2022-12-31,0
2023-02-03,68880,2022-06-30,2,1975000000,-0.031,,,,,74000000,-0.413,75000000,-0.411,,33000000,,3.43,,,,,,,,,,,,,,,,,,,,,,true,false,6,2021-07-01,2021-12-31,-1
2023-02-03,68880,2023-06-30,2,5700000000,0.235,,,,,570000000,0.206,560000000,0.180,,365000000,,37.31,,,,,,,,,,,,,,,,,,,,,,true,true,12,2022-07-01,2023-06-30,0
2023-02-03,68880,2022-06-30,2,,,,,,,,,,,,,,,,,,,,4593000000,2796000000,0.556,,2554000000,,,,,,,,,,,,true,false,12,2021-07-01,2022-06-30,-1
2023-02-03,68880,2022-06-30,2,,,,,,,,,,,,,,,,,,,,,,,,,,,,,13.00,,,,10215400,439343,,false,false,12,2021-07-01,2022-06-30,-1
2023-02-03,68880,2023-06-30,2,,,,,,,,,,,,,,,,,,,,,,,,,,,,,0.00,,,,,,,false,false,12,2022-07-01,2023-06-30,0
2023-02-03,68880,2023-06-30,2,,,,,,,,,,,,,,,,,,,,,,,,,,,,,12.00,,,,,,,false,true,12,2022-07-01,2023-06-30,0
2023-02-03,68880,2023-06-30,2,,,,,,,,,,,,,,,,,,,,,,,,,,,,,,,,,10215400,425343,9778415,false,false,6,2022-07-01,2022-12-31,0
2023-02-03,68880,2022-06-30,2,,,,,,,,,,,,,,,,,,,,,,,,,,,,,,,,,,,9756932,false,false,6,2021-07-01,2021-12-31,-1
2023-04-28,68880,2023-06-30,3,4272000000,0.246,,,,,543000000,0.468,571000000,0.541,,369000000,,37.81,,,,,,4774000000,3038000000,0.584,,2787000000,,,,,,,,,,,,true,false,9,2022-07-01,2023-03-31,0
2023-04-28,68880,2022-06-30,3,3429000000,-0.019,,,,,370000000,-0.187,371000000,-0.188,,223000000,,22.90,,,,,,,,,,,,,,,,,,,,,,true,false,9,2021-07-01,2022-03-31,-1
2023-04-28,68880,2023-06-30,3,5700000000,0.235,,,,,570000000,0.206,560000000,0.180,,365000000,,37.31,,,,,,,,,,,,,,,,,,,,,,true,true,12,2022-07-01,2023-06-30,0
2023-04-28,68880,2022-06-30,3,,,,,,,,,,,,,,,,,,,,4593000000,2796000000,0.556,,2554000000,,,,,,,,,,,,true,false,12,2021-07-01,2022-06-30,-1
2023-04-28,68880,2022-06-30,3,,,,,,,,,,,,,,,,,,,,,,,,,,,,,13.00,,,,10215400,439343,,false,false,12,2021-07-01,2022-06-30,-1
2023-04-28,68880,2023-06-30,3,,,,,,,,,,,,,,,,,,,,,,,,,,,,,0.00,,,,,,,false,false,12,2022-07-01,2023-06-30,0
2023-04-28,68880,2023-06-30,3,,,,,,,,,,,,,,,,,,,,,,,,,,,,,12.00,,,,,,,false,true,12,2022-07-01,2023-06-30,0
2023-04-28,68880,2023-06-30,3,,,,,,,,,,,,,,,,,,,,,,,,,,,,,,,,,10215400,425343,9782239,false,false,9,2022-07-01,2023-03-31,0
2023-04-28,68880,2022-06-30,3,,,,,,,,,,,,,,,,,,,,,,,,,,,,,,,,,,,9763213,false,false,9,2021-07-01,2022-03-31,-1
2023-08-08,68880,2023-06-30,,5867000000,0.271,,,,,649000000,0.374,677000000,0.428,,419000000,,42.87,,0.156,0.140,0.111,,5113000000,3091000000,0.555,289.75,2836000000,626000000,-118000000,-212000000,3016000000,,0.303,,,,,,true,false,12,2022-07-01,2023-06-30,0
2023-08-08,68880,2022-06-30,,4614000000,0.020,,,,,472000000,-0.055,474000000,-0.056,,303000000,,31.08,,0.123,0.117,0.102,,4593000000,2796000000,0.556,261.32,2554000000,358000000,-341000000,402000000,2720000000,,0.418,,,,,,true,false,12,2021-07-01,2022-06-30,-1
2023-08-08,68880,2024-06-30,,6200000000,0.057,,,,,710000000,0.093,700000000,0.033,,460000000,,46.78,,,,,,,,,,,,,,,,0.299,,,,,,true,true,12,2023-07-01,2024-06-30,1
2023-08-08,68880,2023-06-30,,3807000000,0.172,,,,,466000000,0.195,495000000,0.182,344000000,,0.142,35.19,,,,,,4115000000,2518000000,0.612,257.25,2518000000,,,,,13.00,,,,10215400,425343,9784188,false,false,12,2022-07-01,2023-06-30,0
2023-08-08,68880,2022-06-30,,3249000000,0.054,,,,,390000000,0.048,418000000,0.050,301000000,,0.009,30.86,,,,,,3666000000,2296000000,0.626,234.87,2296000000,,,,,13.00,,,,10215400,439343,9766415,false,false,12,2021-07-01,2022-06-30,-1
2023-08-08,68880,2024-06-30,,4000000000,0.051,,,,,,,525000000,0.060,360000000,,0.046,36.61,,,,,,,,,,,,,,,14.00,,,,,,,false,true,12,2023-07-01,2024-06-30,1
2023-11-02,68880,2024-06-30,1,1237000000,-0.012,,,,,63000000,-0.407,64000000,-0.438,,27000000,,2.79,,,,,,4730000000,2997000000,0.579,,2736000000,,,,,,,,,,,,true,false,3,2023-07-01,2023-09-30,0
2023-11-02,68880,2023-06-30,1,1252000000,0.362,,,,,107000000,,114000000,,,68000000,,7.01,,,,,,,,,,,,,,,,,,,,,,true,false,3,2022-07-01,2022-09-30,-1
2023-11-02,68880,2024-06-30,1,6200000000,0.057,,,,,710000000,0.093,700000000,0.033,,460000000,,46.78,,,,,,,,,,,,,,,,,,,,,,true,true,6,2023-07-01,2023-12-31,0
2023-11-02,68880,2023-06-30,1,,,,,,,,,,,,,,,,,,,,5113000000,3091000000,0.555,,2836000000,,,,,,,,,,,,true,false,12,2022-07-01,2023-06-30,-1
2023-11-02,68880,2023-06-30,1,,,,,,,,,,,,,,,,,,,,,,,,,,,,,13.00,,,,10215400,425343,,false,false,12,2022-07-01,2023-06-30,-1
2023-11-02,68880,2024-06-30,1,,,,,,,,,,,,,,,,,,,,,,,,,,,,,14.00,,,,,,,false,true,12,2023-07-01,2024-06-30,0
2023-11-02,68880,2024-06-30,1,,,,,,,,,,,,,,,,,,,,,,,,,,,,,,,,,10215400,425343,9790057,false,false,3,2023-07-01,2023-09-30,0
2023-11-02,68880,2023-06-30,1,,,,,,,,,,,,,,,,,,,,,,,,,,,,,,,,,,,9776057,false,false,3,2022-07-01,2022-09-30,-1
2023-11-02,68880,2024-06-30,1,1237000000,-0.012,,,,,63000000,-0.407,64000000,-0.438,,27000000,,2.79,,,,,,4730000000,2997000000,0.579,,2736000000,,,,,,,,,,,,true,false,3,2023-07-01,2023-09-30,0
2023-11-02,68880,2023-06-30,1,1252000000,0.362,,,,,107000000,,114000000,,,68000000,,7.01,,,,,,,,,,,,,,,,,,,,,,true,false,3,2022-07-01,2022-09-30,-1
2023-11-02,68880,2024-06-30,1,6200000000,0.057,,,,,710000000,0.093,700000000,0.033,,460000000,,46.78,,,,,,,,,,,,,,,,,,,,,,true,true,12,2023-07-01,2024-06-30,0
2023-11-02,68880,2023-06-30,1,,,,,,,,,,,,,,,,,,,,5113000000,3091000000,0.555,,2836000000,,,,,,,,,,,,true,false,12,2022-07-01,2023-06-30,-1
2023-11-02,68880,2023-06-30,1,,,,,,,,,,,,,,,,,,,,,,,,,,,,,13.00,,,,10215400,425343,,false,false,12,2022-07-01,2023-06-30,-1
2023-11-02,68880,2024-06-30,1,,,,,,,,,,,,,,,,,,,,,,,,,,,,,14.00,,,,,,,false,true,12,2023-07-01,2024-06-30,0
2023-11-02,68880,2024-06-30,1,,,,,,,,,,,,,,,,,,,,,,,,,,,,,,,,,10215400,425343,9790057,false,false,3,2023-07-01,2023-09-30,0
2023-11-02,68880,2023-06-30,1,,,,,,,,,,,,,,,,,,,,,,,,,,,,,,,,,,,9776057,false,false,3,2022-07-01,2022-09-30,-1
,68880,2024-06-30,,,,,,,,,,,,,,,,,,,,,,,,,,,,,,24.00,,,,,,,false,true,12,2023-07-01,2024-06-30,0
,68880,2023-06-30,,,,,,,,,,,,,,,,,,,,,,,,,,,,,,13.00,,,,,,,false,false,12,2022-07-01,2023-06-30,-1
2024-02-02,68880,2024-06-30,2,2638000000,0.038,,,,,180000000,-0.174,181000000,-0.195,,113000000,,11.61,,,,,,4685000000,3105000000,0.609,,2854000000,,,,,,,,,,,,true,false,6,2023-07-01,2023-12-31,0
2024-02-02,68880,2023-06-30,2,2541000000,0.287,,,,,218000000,1.915,225000000,1.979,,138000000,,14.18,,,,,,,,,,,,,,,,,,,,,,true,false,6,2022-07-01,2022-12-31,-1
2024-02-02,68880,2024-06-30,2,6200000000,0.057,,,,,710000000,0.093,700000000,0.033,,460000000,,46.78,,,,,,,,,,,,,,,,,,,,,,true,true,12,2023-07-01,2024-06-30,0
2024-02-02,68880,2023-06-30,2,,,,,,,,,,,,,,,,,,,,5113000000,3091000000,0.555,,2836000000,,,,,,,,,,,,true,false,12,2022-07-01,2023-06-30,-1
2024-02-02,68880,2023-06-30,2,,,,,,,,,,,,,,,,,,,,,,,,,,,,,13.00,,,,10215400,425343,,false,false,12,2022-07-01,2023-06-30,-1
2024-02-02,68880,2024-06-30,2,,,,,,,,,,,,,,,,,,,,,,,,,,,,,0.00,,,,,,,false,false,12,2023-07-01,2024-06-30,0
2024-02-02,68880,2024-06-30,2,,,,,,,,,,,,,,,,,,,,,,,,,,,,,24.00,,,,,,,false,true,12,2023-07-01,2024-06-30,0
2024-02-02,68880,2024-06-30,2,,,,,,,,,,,,,,,,,,,,,,,,,,,,,,,,,10215400,352843,9802271,false,false,6,2023-07-01,2023-12-31,0
2024-02-02,68880,2023-06-30,2,,,,,,,,,,,,,,,,,,,,,,,,,,,,,,,,,,,9778415,false,false,6,2022-07-01,2022-12-31,-1
2024-04-26,68880,2024-06-30,3,4773000000,0.117,,,,,617000000,0.136,616000000,0.078,,397000000,,40.50,,,,,,5374000000,3430000000,0.584,,3138000000,,,,,,,,,,,,true,false,9,2023-07-01,2024-03-31,0
2024-04-26,68880,2023-06-30,3,4272000000,0.246,,,,,543000000,0.468,571000000,0.541,,369000000,,37.81,,,,,,,,,,,,,,,,,,,,,,true,false,9,2022-07-01,2023-03-31,-1
2024-04-26,68880,2024-06-30,3,6200000000,0.057,,,,,710000000,0.093,700000000,0.033,,460000000,,46.78,,,,,,,,,,,,,,,,,,,,,,true,true,12,2023-07-01,2024-06-30,0
2024-04-26,68880,2023-06-30,3,,,,,,,,,,,,,,,,,,,,5113000000,3091000000,0.555,,2836000000,,,,,,,,,,,,true,false,12,2022-07-01,2023-06-30,-1
2024-04-26,68880,2023-06-30,3,,,,,,,,,,,,,,,,,,,,,,,,,,,,,13.00,,,,10215400,425343,,false,false,12,2022-07-01,2023-06-30,-1
2024-04-26,68880,2024-06-30,3,,,,,,,,,,,,,,,,,,,,,,,,,,,,,0.00,,,,,,,false,false,12,2023-07-01,2024-06-30,0
2024-04-26,68880,2024-06-30,3,,,,,,,,,,,,,,,,,,,,,,,,,,,,,24.00,,,,,,,false,true,12,2023-07-01,2024-06-30,0
2024-04-26,68880,2024-06-30,3,,,,,,,,,,,,,,,,,,,,,,,,,,,,,,,,,10215400,352843,9822220,false,false,9,2023-07-01,2024-03-31,0
2024-04-26,68880,2023-06-30,3,,,,,,,,,,,,,,,,,,,,,,,,,,,,,,,,,,,9782239,false,false,9,2022-07-01,2023-03-31,-1
2024-08-05,68880,2024-06-30,,6230000000,0.062,,,,,660000000,0.016,660000000,-0.025,,422000000,,43.01,,0.141,0.127,0.106,,5261000000,3460000000,0.602,320.97,3165000000,347000000,-230000000,-199000000,2934000000,,0.558,,,,,,true,false,12,2023-07-01,2024-06-30,0
2024-08-05,68880,2023-06-30,,5867000000,0.271,,,,,649000000,0.374,677000000,0.428,,419000000,,42.87,,0.156,0.140,0.111,,5113000000,3091000000,0.555,289.75,2836000000,626000000,-118000000,-212000000,3016000000,,0.303,,,,,,true,false,12,2022-07-01,2023-06-30,-1
2024-08-05,68880,2025-06-30,,7000000000,0.124,,,,,700000000,0.060,700000000,0.060,,450000000,,45.44,,,,,,,,,,,,,,,,0.550,,,,,,true,true,12,2024-07-01,2025-06-30,1
2024-08-05,68880,2024-06-30,,4017000000,0.055,,,,,451000000,-0.032,485000000,-0.020,343000000,,-0.003,34.92,,,,,,4013000000,2766000000,0.689,280.50,2766000000,,,,,24.00,,,,10215400,354143,9831991,false,false,12,2023-07-01,2024-06-30,0
2024-08-05,68880,2023-06-30,,3807000000,0.172,,,,,466000000,0.195,495000000,0.182,344000000,,0.142,35.19,,,,,,4115000000,2518000000,0.612,257.25,2518000000,,,,,13.00,,,,10215400,425343,9784188,false,false,12,2022-07-01,2023-06-30,-1
2024-08-05,68880,2025-06-30,,4300000000,0.070,,,,,,,548000000,0.129,385000000,,0.121,38.88,,,,,,,,,,,,,,,25.00,,,,,,,false,true,12,2024-07-01,2025-06-30,1
2024-11-01,68880,2025-06-30,1,1352000000,0.093,,,,,2000000,-0.964,4000000,-0.936,,-9000000,,-0.95,,,,,,4840000000,3222000000,0.603,,2919000000,,,,,,,,,,,,true,false,3,2024-07-01,2024-09-30,0
2024-11-01,68880,2024-06-30,1,1237000000,-0.012,,,,,63000000,-0.407,64000000,-0.438,,27000000,,2.79,,,,,,,,,,,,,,,,,,,,,,true,false,3,2023-07-01,2023-09-30,-1
2024-11-01,68880,2025-06-30,1,7000000000,0.124,,,,,700000000,0.060,700000000,0.060,,450000000,,45.44,,,,,,,,,,,,,,,,,,,,,,true,true,12,2024-07-01,2025-06-30,0
2024-11-01,68880,2024-06-30,1,,,,,,,,,,,,,,,,,,,,5261000000,3460000000,0.602,,3165000000,,,,,,,,,,,,true,false,12,2023-07-01,2024-06-30,-1
2024-11-01,68880,2024-06-30,1,,,,,,,,,,,,,,,,,,,,,,,,,,,,,24.00,,,,10215400,354143,,false,false,12,2023-07-01,2024-06-30,-1
2024-11-01,68880,2025-06-30,1,,,,,,,,,,,,,,,,,,,,,,,,,,,,,25.00,,,,,,,false,true,12,2024-07-01,2025-06-30,0
2024-11-01,68880,2025-06-30,1,,,,,,,,,,,,,,,,,,,,,,,,,,,,,,,,,10215400,354843,9860826,false,false,3,2024-07-01,2024-09-30,0
2024-11-01,68880,2024-06-30,1,,,,,,,,,,,,,,,,,,,,,,,,,,,,,,,,,,,9790057,false,false,3,2023-07-01,2023-09-30,-1
2025-02-04,68880,2025-06-30,2,2730000000,0.035,,,,,33000000,-0.812,33000000,-0.817,,8000000,,0.87,,,,,,4912000000,3270000000,0.608,,2984000000,,,,,,,,,,,,true,false,6,2024-07-01,2024-12-31,0
2025-02-04,68880,2024-06-30,2,2638000000,0.038,,,,,180000000,-0.174,181000000,-0.195,,113000000,,11.61,,,,,,,,,,,,,,,,,,,,,,true,false,6,2023-07-01,2023-12-31,-1
2025-02-04,68880,2025-06-30,2,7000000000,0.124,,,,,700000000,0.060,700000000,0.060,,450000000,,45.44,,,,,,,,,,,,,,,,,,,,,,true,true,12,2024-07-01,2025-06-30,0
2025-02-04,68880,2024-06-30,2,,,,,,,,,,,,,,,,,,,,5261000000,3460000000,0.602,,3165000000,,,,,,,,,,,,true,false,12,2023-07-01,2024-06-30,-1
2025-02-04,68880,2024-06-30,2,,,,,,,,,,,,,,,,,,,,,,,,,,,,,24.00,,,,10215400,354143,,false,false,12,2023-07-01,2024-06-30,-1
2025-02-04,68880,2025-06-30,2,,,,,,,,,,,,,,,,,,,,,,,,,,,,,0.00,,,,,,,false,false,12,2024-07-01,2025-06-30,0
2025-02-04,68880,2025-06-30,2,,,,,,,,,,,,,,,,,,,,,,,,,,,,,25.00,,,,,,,false,true,12,2024-07-01,2025-06-30,0
2025-02-04,68880,2025-06-30,2,,,,,,,,,,,,,,,,,,,,,,,,,,,,,,,,,10215400,266343,9878341,false,false,6,2024-07-01,2024-12-31,0
2025-02-04,68880,2024-06-30,2,,,,,,,,,,,,,,,,,,,,,,,,,,,,,,,,,,,9802271,false,false,6,2023-07-01,2023-12-31,-1
2025-04-30,68880,2025-06-30,3,4843000000,0.015,,,,,494000000,-0.199,498000000,-0.192,,323000000,,32.63,,,,,,5422000000,3604000000,0.609,,3300000000,,,,,,,,,,,,true,false,9,2024-07-01,2025-03-31,0
2025-04-30,68880,2024-06-30,3,4773000000,0.117,,,,,617000000,0.136,616000000,0.078,,397000000,,40.50,,,,,,,,,,,,,,,,,,,,,,true,false,9,2023-07-01,2024-03-31,-1
2025-04-30,68880,2025-06-30,3,7000000000,0.124,,,,,700000000,0.060,700000000,0.060,,450000000,,45.44,,,,,,,,,,,,,,,,,,,,,,true,true,12,2024-07-01,2025-06-30,0
2025-04-30,68880,2024-06-30,3,,,,,,,,,,,,,,,,,,,,5261000000,3460000000,0.602,,3165000000,,,,,,,,,,,,true,false,12,2023-07-01,2024-06-30,-1
2025-04-30,68880,2024-06-30,3,,,,,,,,,,,,,,,,,,,,,,,,,,,,,24.00,,,,10215400,354143,,false,false,12,2023-07-01,2024-06-30,-1
2025-04-30,68880,2025-06-30,3,,,,,,,,,,,,,,,,,,,,,,,,,,,,,0.00,,,,,,,false,false,12,2024-07-01,2025-06-30,0
2025-04-30,68880,2025-06-30,3,,,,,,,,,,,,,,,,,,,,,,,,,,,,,25.00,,,,,,,false,true,12,2024-07-01,2025-06-30,0
2025-04-30,68880,2025-06-30,3,,,,,,,,,,,,,,,,,,,,,,,,,,,,,,,,,10215400,266343,9901569,false,false,9,2024-07-01,2025-03-31,0
2025-04-30,68880,2024-06-30,3,,,,,,,,,,,,,,,,,,,,,,,,,,,,,,,,,,,9822220,false,false,9,2023-07-01,2024-03-31,-1
