filing_date,code,fiscal_year_end,quarterly_period,net_sales,net_sales_change,revenue,revenue_change,operating_revenue,operating_revenue_change,operating_profit,operating_profit_change,ordinary_profit,ordinary_profit_change,net_income,net_income_of_parent,net_income_change,eps,diluted_eps,roe,roa,operating_profit_to_net_sales,operating_profit_to_revenue,total_assets,net_assets,equity_ratio,bps,owner_equity,operating_cash_flow,investing_cash_flow,financing_cash_flow,cash,dividend_per_share,payout_ratio,commemorative_dividend,extra_dividend,number_of_shares,number_of_treqsury_shares,avg_number_of_shares,is_consolidated,is_forecast,duration,period_start,period_end,period_pos
2015-07-31,69020,2016-03-31,1,,,,,,,86658000000,0.055,,,,73867000000,,92.59,92.59,,,,,5400358000000,,,,,,,,,,,,,,,,true,false,3,2015-04-01,2015-06-30,0
2015-07-31,69020,2015-03-31,1,,,,,,,82108000000,,,,,63017000000,,79.04,79.01,,,,,,,,,,,,,,,,,,,,,true,false,3,2014-04-01,2014-06-30,-1
2015-07-31,69020,2016-03-31,1,,,,,,,170000000000,,,,,130000000000,,162.95,,,,,,,,,,,,,,,,,,,,,,true,true,6,2015-04-01,2015-09-30,0
2015-07-31,69020,2016-03-31,1,,,,,,,380000000000,0.147,,,,280000000000,,350.97,,,,,,,,,,,,,,,,,,,,,,true,true,12,2015-04-01,2016-03-31,0
2015-07-31,69020,2015-03-31,1,,,,,,,,,,,,,,,,,,,,5283257000000,,,,,,,,,,,,,,,,true,false,12,2014-04-01,2015-03-31,-1
2015-07-31,69020,2015-03-31,1,,,,,,,,,,,,,,,,,,,,,,,,,,,,,110.00,,,,884068713,86371777,,false,false,12,2014-04-01,2015-03-31,-1
2015-07-31,69020,2016-03-31,1,,,,,,,,,,,,,,,,,,,,,,,,,,,,,120.00,,,,,,,false,true,12,2015-04-01,2016-03-31,0
2015-07-31,69020,2016-03-31,1,,,,,,,,,,,,,,,,,,,,,,,,,,,,,,,,,884068713,86275545,797739612,false,false,3,2015-04-01,2015-06-30,0
2015-07-31,69020,2015-03-31,1,,,,,,,,,,,,,,,,,,,,,,,,,,,,,,,,,,,797264705,false,false,3,2014-04-01,2014-06-30,-1
2015-07-31,69020,2016-03-31,,,,,,,,170000000000,0.063,,,,130000000000,,162.95,,,,,,,,,,,,,,,,,,,,,,true,true,6,2015-04-01,2015-09-30,0
2015-07-31,69020,2016-03-31,,,,,,,,380000000000,0.000,,,,280000000000,,350.97,,,,,,,,,,,,,,,,,,,,,,true,true,12,2015-04-01,2016-03-31,0
2015-07-31,69020,2015-03-31,,,,,,,,331376000000,,,,,258382000000,,324.01,,,,,,,,,,,,,,,,,,,,,,true,false,12,2014-04-01,2015-03-31,-1
2015-10-30,69020,2016-03-31,2,,,,,,,148036000000,-0.012,,,,113050000000,,141.82,141.81,,,,,5150022000000,,,,,,,,,,,,,,,,true,false,6,2015-04-01,2015-09-30,0
2015-10-30,69020,2015-03-31,2,,,,,,,149810000000,,,,,112049000000,,140.52,140.48,,,,,,,,,,,,,,,,,,,,,true,false,6,2014-04-01,2014-09-30,-1
2015-10-30,69020,2016-03-31,2,,,,,,,350000000000,0.056,,,,260000000000,,326.92,,,,,,,,,,,,,,,,,,,,,,true,true,12,2015-04-01,2016-03-31,0
2015-10-30,69020,2015-03-31,2,,,,,,,,,,,,,,,,,,,,5283257000000,,,,,,,,,,,,,,,,true,false,12,2014-04-01,2015-03-31,-1
2015-10-30,69020,2015-03-31,2,,,,,,,,,,,,,,,,,,,,,,,,,,,,,110.00,,,,884068713,86371777,,false,false,12,2014-04-01,2015-03-31,-1
2015-10-30,69020,2016-03-31,2,,,,,,,,,,,,,,,,,,,,,,,,,,,,,60.00,,,,,,,false,false,12,2015-04-01,2016-03-31,0
2015-10-30,69020,2016-03-31,2,,,,,,,,,,,,,,,,,,,,,,,,,,,,,120.00,,,,,,,false,true,12,2015-04-01,2016-03-31,0
2015-10-30,69020,2016-03-31,2,,,,,,,,,,,,,,,,,,,,,,,,,,,,,,,,,884068713,88761036,797147493,false,false,6,2015-04-01,2015-09-30,0
2015-10-30,69020,2015-03-31,2,,,,,,,,,,,,,,,,,,,,,,,,,,,,,,,,,,,797361998,false,false,6,2014-04-01,2014-09-30,-1
2015-10-30,69020,2016-03-31,,,,,,,,350000000000,-0.079,,,,260000000000,,326.92,,,,,,,,,,,,,,,,,,,,,,true,true,12,2015-04-01,2016-03-31,0
2015-10-30,69020,2015-03-31,,,,,,,,331376000000,,,,,258382000000,,324.01,,,,,,,,,,,,,,,,,,,,,,true,false,12,2014-04-01,2015-03-31,-1
2016-02-03,69020,2016-03-31,3,,,,,,,243143000000,0.023,,,,191345000000,,240.42,240.41,,,,,5263989000000,,,,,,,,,,,,,,,,true,false,9,2015-04-01,2015-12-31,0
2016-02-03,69020,2015-03-31,3,,,,,,,237723000000,,,,,187803000000,,235.52,235.45,,,,,,,,,,,,,,,,,,,,,true,false,9,2014-04-01,2014-12-31,-1
2016-02-03,69020,2016-03-31,3,,,,,,,332000000000,0.002,,,,248000000000,,312.82,,,,,,,,,,,,,,,,,,,,,,true,true,12,2015-04-01,2016-03-31,0
2016-02-03,69020,2015-03-31,3,,,,,,,,,,,,,,,,,,,,5283257000000,,,,,,,,,,,,,,,,true,false,12,2014-04-01,2015-03-31,-1
2016-02-03,69020,2015-03-31,3,,,,,,,,,,,,,,,,,,,,,,,,,,,,,110.00,,,,884068713,86371777,,false,false,12,2014-04-01,2015-03-31,-1
2016-02-03,69020,2016-03-31,3,,,,,,,,,,,,,,,,,,,,,,,,,,,,,60.00,,,,,,,false,false,12,2015-04-01,2016-03-31,0
2016-02-03,69020,2016-03-31,3,,,,,,,,,,,,,,,,,,,,,,,,,,,,,120.00,,,,,,,false,true,12,2015-04-01,2016-03-31,0
2016-02-03,69020,2016-03-31,3,,,,,,,,,,,,,,,,,,,,,,,,,,,,,,,,,884068713,91275221,795876507,false,false,9,2015-04-01,2015-12-31,0
2016-02-03,69020,2015-03-31,3,,,,,,,,,,,,,,,,,,,,,,,,,,,,,,,,,,,797412414,false,false,9,2014-04-01,2014-12-31,-1
2016-02-03,69020,2016-03-31,,,,,,,,332000000000,-0.051,,,,248000000000,,312.82,,,,,,,,,,,,,,,,,,,,,,true,true,12,2015-04-01,2016-03-31,0
2016-02-03,69020,2015-03-31,,,,,,,,331376000000,,,,,258382000000,,324.01,,,,,,,,,,,,,,,,,,,,,,true,false,12,2014-04-01,2015-03-31,-1
2016-04-28,69020,2016-03-31,,2424996000000,-0.005,,,,,142176000000,-0.161,226156000000,-0.055,156881000000,,-0.209,197.30,197.29,,,,,3478657000000,2192277000000,0.630,2765.15,2192277000000,,,,,120.00,,,,884068713,91277104,795105463,false,false,12,2015-04-01,2016-03-31,0
2016-04-28,69020,2015-03-31,,2437182000000,-0.022,,,,,169495000000,-0.241,239411000000,-0.200,198250000000,,-0.098,248.59,248.53,,,,,3638515000000,2345586000000,0.645,2940.15,2345438000000,,,,,110.00,,,,884068713,86371777,797458729,false,false,12,2014-04-01,2015-03-31,-1
2016-04-28,69020,2016-03-31,,,,,,,,315728000000,-0.047,,,,244251000000,,307.19,307.18,,,,,5042896000000,,,,,552862000000,-544834000000,-104663000000,,,0.391,,,,,,true,false,12,2015-04-01,2016-03-31,0
2016-04-28,69020,2015-03-31,,,,,,,,331376000000,-0.108,,,,258382000000,,324.01,323.93,,,,,5283257000000,,,,,383156000000,-111504000000,-135686000000,,,0.340,,,,,,true,false,12,2014-04-01,2015-03-31,-1
2016-04-28,69020,2017-03-31,,,,,,,,133000000000,-0.102,,,,102000000000,,128.66,,,,,,,,,,,,,,,,,,,,,,true,true,6,2016-04-01,2016-09-30,1
2016-04-28,69020,2017-03-31,,,,,,,,313000000000,-0.009,,,,235000000000,,296.42,,,,,,,,,,,,,,,,0.405,,,,,,true,true,12,2016-04-01,2017-03-31,1
2016-04-28,69020,2017-03-31,,,,,,,,,,,,,,,,,,,,,,,,,,,,,,120.00,,,,,,,false,true,12,2016-04-01,2017-03-31,1
2016-07-29,69020,2017-03-31,1,,,,,,,67194000000,-0.225,,,,46109000000,,58.16,,,,,,4618621000000,,,,,,,,,,,,,,,,true,false,3,2016-04-01,2016-06-30,0
2016-07-29,69020,2016-03-31,1,,,,,,,86658000000,0.055,,,,73867000000,,92.59,92.59,,,,,,,,,,,,,,,,,,,,,true,false,3,2015-04-01,2015-06-30,-1
2016-07-29,69020,2017-03-31,1,,,,,,,127000000000,-0.142,,,,86000000000,,108.48,,,,,,,,,,,,,,,,,,,,,,true,true,6,2016-04-01,2016-09-30,0
2016-07-29,69020,2017-03-31,1,,,,,,,284000000000,-0.100,,,,203000000000,,256.06,,,,,,,,,,,,,,,,,,,,,,true,true,12,2016-04-01,2017-03-31,0
2016-07-29,69020,2016-03-31,1,,,,,,,,,,,,,,,,,,,,5042896000000,,,,,,,,,,,,,,,,true,false,12,2015-04-01,2016-03-31,-1
2016-07-29,69020,2016-03-31,1,,,,,,,,,,,,,,,,,,,,,,,,,,,,,120.00,,,,884068713,91277104,,false,false,12,2015-04-01,2016-03-31,-1
2016-07-29,69020,2017-03-31,1,,,,,,,,,,,,,,,,,,,,,,,,,,,,,120.00,,,,,,,false,true,12,2016-04-01,2017-03-31,0
2016-07-29,69020,2017-03-31,1,,,,,,,,,,,,,,,,,,,,,,,,,,,,,,,,,884068713,91278096,792791107,false,false,3,2016-04-01,2016-06-30,0
2016-07-29,69020,2016-03-31,1,,,,,,,,,,,,,,,,,,,,,,,,,,,,,,,,,,,797739612,false,false,3,2015-04-01,2015-06-30,-1
2016-07-29,69020,2017-03-31,,,,,,,,127000000000,-0.045,,,,86000000000,,108.48,,,,,,,,,,,,,,,,,,,,,,true,true,6,2016-04-01,2016-09-30,0
2016-07-29,69020,2016-03-31,,,,,,,,148036000000,,,,,113050000000,,141.82,,,,,,,,,,,,,,,,,,,,,,true,false,6,2015-04-01,2015-09-30,-1
2016-07-29,69020,2017-03-31,,,,,,,,284000000000,-0.093,,,,203000000000,,256.06,,,,,,,,,,,,,,,,,,,,,,true,true,12,2016-04-01,2017-03-31,0
2016-07-29,69020,2016-03-31,,,,,,,,315728000000,,,,,244251000000,,307.19,,,,,,,,,,,,,,,,,,,,,,true,false,12,2015-04-01,2016-03-31,-1
2016-10-28,69020,2017-03-31,2,,,,,,,142698000000,-0.036,,,,97495000000,,123.05,,,,,,4742475000000,,,,,,,,,,,,,,,,true,false,6,2016-04-01,2016-09-30,0
2016-10-28,69020,2016-03-31,2,,,,,,,148036000000,-0.012,,,,113050000000,,141.82,141.81,,,,,,,,,,,,,,,,,,,,,true,false,6,2015-04-01,2015-09-30,-1
2016-10-28,69020,2017-03-31,2,,,,,,,290000000000,-0.081,,,,204000000000,,258.06,,,,,,,,,,,,,,,,,,,,,,true,true,12,2016-04-01,2017-03-31,0
2016-10-28,69020,2016-03-31,2,,,,,,,,,,,,,,,,,,,,5042896000000,,,,,,,,,,,,,,,,true,false,12,2015-04-01,2016-03-31,-1
2016-10-28,69020,2016-03-31,2,,,,,,,,,,,,,,,,,,,,,,,,,,,,,120.00,,,,884068713,91277104,,false,false,12,2015-04-01,2016-03-31,-1
2016-10-28,69020,2017-03-31,2,,,,,,,,,,,,,,,,,,,,,,,,,,,,,60.00,,,,,,,false,false,12,2016-04-01,2017-03-31,0
2016-10-28,69020,2017-03-31,2,,,,,,,,,,,,,,,,,,,,,,,,,,,,,120.00,,,,,,,false,true,12,2016-04-01,2017-03-31,0
2016-10-28,69020,2017-03-31,2,,,,,,,,,,,,,,,,,,,,,,,,,,,,,,,,,794068713,3561632,792307215,false,false,6,2016-04-01,2016-09-30,0
2016-10-28,69020,2016-03-31,2,,,,,,,,,,,,,,,,,,,,,,,,,,,,,,,,,,,797147493,false,false,6,2015-04-01,2015-09-30,-1
2016-10-28,69020,2017-03-31,,,,,,,,290000000000,0.021,,,,204000000000,,258.06,,,,,,,,,,,,,,,,,,,,,,true,true,12,2016-04-01,2017-03-31,0
2016-10-28,69020,2016-03-31,,,,,,,,315728000000,,,,,244251000000,,307.19,,,,,,,,,,,,,,,,,,,,,,true,false,12,2015-04-01,2016-03-31,-1
2017-02-02,69020,2017-03-31,3,,,,,,,247503000000,0.018,,,,190908000000,,241.45,,,,,,5082042000000,,,,,,,,,,,,,,,,true,false,9,2016-04-01,2016-12-31,0
2017-02-02,69020,2016-03-31,3,,,,,,,243143000000,0.023,,,,191345000000,,240.42,240.41,,,,,,,,,,,,,,,,,,,,,true,false,9,2015-04-01,2015-12-31,-1
2017-02-02,69020,2017-03-31,3,,,,,,,298000000000,-0.056,,,,214000000000,,272.32,,,,,,,,,,,,,,,,,,,,,,true,true,12,2016-04-01,2017-03-31,0
2017-02-02,69020,2016-03-31,3,,,,,,,,,,,,,,,,,,,,5042896000000,,,,,,,,,,,,,,,,true,false,12,2015-04-01,2016-03-31,-1
2017-02-02,69020,2016-03-31,3,,,,,,,,,,,,,,,,,,,,,,,,,,,,,120.00,,,,884068713,91277104,,false,false,12,2015-04-01,2016-03-31,-1
2017-02-02,69020,2017-03-31,3,,,,,,,,,,,,,,,,,,,,,,,,,,,,,60.00,,,,,,,false,false,12,2016-04-01,2017-03-31,0
2017-02-02,69020,2017-03-31,3,,,,,,,,,,,,,,,,,,,,,,,,,,,,,120.00,,,,,,,false,true,12,2016-04-01,2017-03-31,0
2017-02-02,69020,2017-03-31,3,,,,,,,,,,,,,,,,,,,,,,,,,,,,,,,,,794068713,8232745,790674049,false,false,9,2016-04-01,2016-12-31,0
2017-02-02,69020,2016-03-31,3,,,,,,,,,,,,,,,,,,,,,,,,,,,,,,,,,,,795876507,false,false,9,2015-04-01,2015-12-31,-1
2017-02-02,69020,2017-03-31,,,,,,,,298000000000,0.028,,,,214000000000,,272.32,,,,,,,,,,,,,,,,,,,,,,true,true,12,2016-04-01,2017-03-31,0
2017-02-02,69020,2016-03-31,,,,,,,,315728000000,,,,,244251000000,,307.19,,,,,,,,,,,,,,,,,,,,,,true,false,12,2015-04-01,2016-03-31,-1
2017-04-28,69020,2017-03-31,,2472849000000,0.020,,,,,49580000000,-0.651,131142000000,-0.420,117573000000,,-0.251,148.92,,,,,,3462492000000,2238621000000,0.647,2848.54,2238621000000,,,,,120.00,,,,794068713,8217171,789465037,false,false,12,2016-04-01,2017-03-31,0
2017-04-28,69020,2016-03-31,,2424996000000,-0.005,,,,,142176000000,-0.161,226156000000,-0.055,156881000000,,-0.209,197.30,197.29,,,,,3478657000000,2192277000000,0.630,2765.15,2192277000000,,,,,120.00,,,,884068713,91277104,795105463,false,false,12,2015-04-01,2016-03-31,-1
2017-04-28,69020,2017-03-31,,,,,,,,330551000000,0.047,,,,257619000000,,326.32,,,,,,5150762000000,,,,,467779000000,-108037000000,-240526000000,,,0.368,,,,,,true,false,12,2016-04-01,2017-03-31,0
2017-04-28,69020,2016-03-31,,,,,,,,315728000000,-0.047,,,,244251000000,,307.19,307.18,,,,,5042896000000,,,,,552862000000,-544834000000,-104663000000,,,0.391,,,,,,true,false,12,2015-04-01,2016-03-31,-1
2017-04-28,69020,2018-03-31,,,,,,,,140000000000,-0.019,,,,105000000000,,133.61,,,,,,,,,,,,,,,,,,,,,,true,true,6,2017-04-01,2017-09-30,1
2017-04-28,69020,2018-03-31,,,,,,,,327000000000,-0.011,,,,260000000000,,330.85,,,,,,,,,,,,,,,,0.363,,,,,,true,true,12,2017-04-01,2018-03-31,1
2017-04-28,69020,2018-03-31,,,,,,,,,,,,,,,,,,,,,,,,,,,,,,120.00,,,,,,,false,true,12,2017-04-01,2018-03-31,1
2017-07-28,69020,2018-03-31,1,,,,,,,93157000000,0.386,,,,76698000000,,97.72,,,,,,5216254000000,,,,,,,,,,,,,,,,true,false,3,2017-04-01,2017-06-30,0
2017-07-28,69020,2017-03-31,1,,,,,,,67194000000,-0.225,,,,46109000000,,58.16,,,,,,,,,,,,,,,,,,,,,,true,false,3,2016-04-01,2016-06-30,-1
2017-07-28,69020,2018-03-31,1,,,,,,,161000000000,0.128,,,,123000000000,,157.75,,,,,,,,,,,,,,,,,,,,,,true,true,6,2017-04-01,2017-09-30,0
2017-07-28,69020,2018-03-31,1,,,,,,,353000000000,0.068,,,,280000000000,,359.10,,,,,,,,,,,,,,,,,,,,,,true,true,12,2017-04-01,2018-03-31,0
2017-07-28,69020,2017-03-31,1,,,,,,,,,,,,,,,,,,,,5150762000000,,,,,,,,,,,,,,,,true,false,12,2016-04-01,2017-03-31,-1
2017-07-28,69020,2017-03-31,1,,,,,,,,,,,,,,,,,,,,,,,,,,,,,120.00,,,,794068713,8217171,,false,false,12,2016-04-01,2017-03-31,-1
2017-07-28,69020,2018-03-31,1,,,,,,,,,,,,,,,,,,,,,,,,,,,,,120.00,,,,,,,false,true,12,2017-04-01,2018-03-31,0
2017-07-28,69020,2018-03-31,1,,,,,,,,,,,,,,,,,,,,,,,,,,,,,,,,,794068713,14341222,784830801,false,false,3,2017-04-01,2017-06-30,0
2017-07-28,69020,2017-03-31,1,,,,,,,,,,,,,,,,,,,,,,,,,,,,,,,,,,,792791107,false,false,3,2016-04-01,2016-06-30,-1
2017-07-28,69020,2018-03-31,,,,,,,,161000000000,0.150,,,,123000000000,,157.75,,,,,,,,,,,,,,,,,,,,,,true,true,6,2017-04-01,2017-09-30,0
2017-07-28,69020,2017-03-31,,,,,,,,142698000000,,,,,97495000000,,123.05,,,,,,,,,,,,,,,,,,,,,,true,false,6,2016-04-01,2016-09-30,-1
2017-07-28,69020,2018-03-31,,,,,,,,353000000000,0.080,,,,280000000000,,359.10,,,,,,,,,,,,,,,,,,,,,,true,true,12,2017-04-01,2018-03-31,0
2017-07-28,69020,2017-03-31,,,,,,,,330551000000,,,,,257619000000,,326.32,,,,,,,,,,,,,,,,,,,,,,true,false,12,2016-04-01,2017-03-31,-1
2017-10-31,69020,2018-03-31,2,,,,,,,204446000000,0.433,,,,154191000000,,197.10,,,,,,5478328000000,,,,,,,,,,,,,,,,true,false,6,2017-04-01,2017-09-30,0
2017-10-31,69020,2017-03-31,2,,,,,,,142698000000,-0.036,,,,97495000000,,123.05,,,,,,,,,,,,,,,,,,,,,,true,false,6,2016-04-01,2016-09-30,-1
2017-10-31,69020,2018-03-31,2,,,,,,,390000000000,0.180,,,,300000000000,,384.75,,,,,,,,,,,,,,,,,,,,,,true,true,12,2017-04-01,2018-03-31,0
2017-10-31,69020,2017-03-31,2,,,,,,,,,,,,,,,,,,,,5150762000000,,,,,,,,,,,,,,,,true,false,12,2016-04-01,2017-03-31,-1
2017-10-31,69020,2017-03-31,2,,,,,,,,,,,,,,,,,,,,,,,,,,,,,120.00,,,,794068713,8217171,,false,false,12,2016-04-01,2017-03-31,-1
2017-10-31,69020,2018-03-31,2,,,,,,,,,,,,,,,,,,,,,,,,,,,,,65.00,,,,,,,false,false,12,2017-04-01,2018-03-31,0
2017-10-31,69020,2018-03-31,2,,,,,,,,,,,,,,,,,,,,,,,,,,,,,130.00,,,,,,,false,true,12,2017-04-01,2018-03-31,0
2017-10-31,69020,2018-03-31,2,,,,,,,,,,,,,,,,,,,,,,,,,,,,,,,,,794068713,14342522,782278837,false,false,6,2017-04-01,2017-09-30,0
2017-10-31,69020,2017-03-31,2,,,,,,,,,,,,,,,,,,,,,,,,,,,,,,,,,,,792307215,false,false,6,2016-04-01,2016-09-30,-1
2017-10-31,69020,2018-03-31,,,,,,,,390000000000,0.105,,,,300000000000,,384.75,,,,,,,,,,,,,,,,,,,,,,true,true,12,2017-04-01,2018-03-31,0
2017-10-31,69020,2017-03-31,,,,,,,,330551000000,,,,,257619000000,,326.32,,,,,,,,,,,,,,,,,,,,,,true,false,12,2016-04-01,2017-03-31,-1
2018-02-02,69020,2018-03-31,3,,,,,,,314628000000,0.271,,,,251280000000,,321.57,,,,,,5747586000000,,,,,,,,,,,,,,,,true,false,9,2017-04-01,2017-12-31,0
2018-02-02,69020,2017-03-31,3,,,,,,,247503000000,0.018,,,,190908000000,,241.45,,,,,,,,,,,,,,,,,,,,,,true,false,9,2016-04-01,2016-12-31,-1
2018-02-02,69020,2018-03-31,3,,,,,,,395000000000,0.195,,,,306000000000,,392.45,,,,,,,,,,,,,,,,,,,,,,true,true,12,2017-04-01,2018-03-31,0
2018-02-02,69020,2017-03-31,3,,,,,,,,,,,,,,,,,,,,5150762000000,,,,,,,,,,,,,,,,true,false,12,2016-04-01,2017-03-31,-1
2018-02-02,69020,2017-03-31,3,,,,,,,,,,,,,,,,,,,,,,,,,,,,,120.00,,,,794068713,8217171,,false,false,12,2016-04-01,2017-03-31,-1
2018-02-02,69020,2018-03-31,3,,,,,,,,,,,,,,,,,,,,,,,,,,,,,65.00,,,,,,,false,false,12,2017-04-01,2018-03-31,0
2018-02-02,69020,2018-03-31,3,,,,,,,,,,,,,,,,,,,,,,,,,,,,,130.00,,,,,,,false,true,12,2017-04-01,2018-03-31,0
2018-02-02,69020,2018-03-31,3,,,,,,,,,,,,,,,,,,,,,,,,,,,,,,,,,794068713,14344352,781427703,false,false,9,2017-04-01,2017-12-31,0
2018-02-02,69020,2017-03-31,3,,,,,,,,,,,,,,,,,,,,,,,,,,,,,,,,,,,790674049,false,false,9,2016-04-01,2016-12-31,-1
2018-02-02,69020,2018-03-31,,,,,,,,395000000000,0.013,,,,306000000000,,392.45,,,,,,,,,,,,,,,,,,,,,,true,true,12,2017-04-01,2018-03-31,0
2018-02-02,69020,2017-03-31,,,,,,,,330551000000,,,,,257619000000,,326.32,,,,,,,,,,,,,,,,,,,,,,true,false,12,2016-04-01,2017-03-31,-1
2018-04-27,69020,2018-03-31,,2671939000000,0.081,,,,,108179000000,1.182,190585000000,0.453,162483000000,,0.382,208.04,,,,,,3759206000000,2352681000000,0.626,3017.21,2352681000000,,,,,130.00,,,,794068713,14345864,781001594,false,false,12,2017-04-01,2018-03-31,0
2018-04-27,69020,2017-03-31,,2472849000000,0.020,,,,,49580000000,-0.651,131142000000,-0.420,117573000000,,-0.251,148.92,,,,,,3462492000000,2238621000000,0.647,2848.54,2238621000000,,,,,120.00,,,,794068713,8217171,789465037,false,false,12,2016-04-01,2017-03-31,-1
2018-04-27,69020,2018-03-31,,,,,,,,412676000000,0.248,,,,320561000000,,410.45,,,,,,5764417000000,,,,,558001000000,-529053000000,-40312000000,,,0.317,,,,,,true,false,12,2017-04-01,2018-03-31,0
2018-04-27,69020,2017-03-31,,,,,,,,330551000000,0.047,,,,257619000000,,326.32,,,,,,5150762000000,,,,,467779000000,-108037000000,-240526000000,,,0.368,,,,,,true,false,12,2016-04-01,2017-03-31,-1
2018-04-27,69020,2019-03-31,,,,,,,,147000000000,-0.281,,,,110000000000,,140.87,,,,,,,,,,,,,,,,,,,,,,true,true,6,2018-04-01,2018-09-30,1
2018-04-27,69020,2019-03-31,,,,,,,,376000000000,-0.089,,,,290000000000,,371.38,,,,,,,,,,,,,,,,0.350,,,,,,true,true,12,2018-04-01,2019-03-31,1
2018-04-27,69020,2019-03-31,,,,,,,,,,,,,,,,,,,,,,,,,,,,,,130.00,,,,,,,false,true,12,2018-04-01,2019-03-31,1
2018-07-31,69020,2019-03-31,1,,,,,,,90879000000,-0.024,,,,77295000000,,99.01,,,,,,5930036000000,,,,,,,,,,,,,,,,true,false,3,2018-04-01,2018-06-30,0
2018-07-31,69020,2018-03-31,1,,,,,,,93157000000,0.386,,,,76698000000,,97.72,,,,,,,,,,,,,,,,,,,,,,true,false,3,2017-04-01,2017-06-30,-1
2018-07-31,69020,2019-03-31,1,,,,,,,161000000000,-0.213,,,,120000000000,,153.67,,,,,,,,,,,,,,,,,,,,,,true,true,6,2018-04-01,2018-09-30,0
2018-07-31,69020,2019-03-31,1,,,,,,,390000000000,-0.055,,,,303000000000,,388.03,,,,,,,,,,,,,,,,,,,,,,true,true,12,2018-04-01,2019-03-31,0
2018-07-31,69020,2018-03-31,1,,,,,,,,,,,,,,,,,,,,5764417000000,,,,,,,,,,,,,,,,true,false,12,2017-04-01,2018-03-31,-1
2018-07-31,69020,2018-03-31,1,,,,,,,,,,,,,,,,,,,,,,,,,,,,,130.00,,,,794068713,14345864,,false,false,12,2017-04-01,2018-03-31,-1
2018-07-31,69020,2019-03-31,1,,,,,,,,,,,,,,,,,,,,,,,,,,,,,130.00,,,,,,,false,true,12,2018-04-01,2019-03-31,0
2018-07-31,69020,2019-03-31,1,,,,,,,,,,,,,,,,,,,,,,,,,,,,,,,,,794068713,13192616,780684081,false,false,3,2018-04-01,2018-06-30,0
2018-07-31,69020,2018-03-31,1,,,,,,,,,,,,,,,,,,,,,,,,,,,,,,,,,,,784830801,false,false,3,2017-04-01,2017-06-30,-1
2018-07-31,69020,2019-03-31,,,,,,,,161000000000,0.095,,,,120000000000,,153.67,,,,,,,,,,,,,,,,,,,,,,true,true,6,2018-04-01,2018-09-30,0
2018-07-31,69020,2018-03-31,,,,,,,,204446000000,,,,,154191000000,,197.10,,,,,,,,,,,,,,,,,,,,,,true,false,6,2017-04-01,2017-09-30,-1
2018-07-31,69020,2019-03-31,,,,,,,,390000000000,0.037,,,,303000000000,,388.03,,,,,,,,,,,,,,,,,,,,,,true,true,12,2018-04-01,2019-03-31,0
2018-07-31,69020,2018-03-31,,,,,,,,412676000000,,,,,320561000000,,410.45,,,,,,,,,,,,,,,,,,,,,,true,false,12,2017-04-01,2018-03-31,-1
2018-10-31,69020,2019-03-31,2,,,,,,,152379000000,-0.255,,,,114079000000,,146.11,,,,,,5918826000000,,,,,,,,,,,,,,,,true,false,6,2018-04-01,2018-09-30,0
2018-10-31,69020,2018-03-31,2,,,,,,,204446000000,0.433,,,,154191000000,,197.10,,,,,,,,,,,,,,,,,,,,,,true,false,6,2017-04-01,2017-09-30,-1
2018-10-31,69020,2019-03-31,2,,,,,,,393000000000,-0.048,,,,305000000000,,390.59,,,,,,,,,,,,,,,,,,,,,,true,true,12,2018-04-01,2019-03-31,0
2018-10-31,69020,2018-03-31,2,,,,,,,,,,,,,,,,,,,,5764417000000,,,,,,,,,,,,,,,,true,false,12,2017-04-01,2018-03-31,-1
2018-10-31,69020,2018-03-31,2,,,,,,,,,,,,,,,,,,,,,,,,,,,,,130.00,,,,794068713,14345864,,false,false,12,2017-04-01,2018-03-31,-1
2018-10-31,69020,2019-03-31,2,,,,,,,,,,,,,,,,,,,,,,,,,,,,,70.00,,,,,,,false,false,12,2018-04-01,2019-03-31,0
2018-10-31,69020,2019-03-31,2,,,,,,,,,,,,,,,,,,,,,,,,,,,,,140.00,,,,,,,false,true,12,2018-04-01,2019-03-31,0
2018-10-31,69020,2019-03-31,2,,,,,,,,,,,,,,,,,,,,,,,,,,,,,,,,,794068713,13193320,780779882,false,false,6,2018-04-01,2018-09-30,0
2018-10-31,69020,2018-03-31,2,,,,,,,,,,,,,,,,,,,,,,,,,,,,,,,,,,,782278837,false,false,6,2017-04-01,2017-09-30,-1
2018-10-31,69020,2019-03-31,,,,,,,,393000000000,0.008,,,,305000000000,,390.59,,,,,,,,,,,,,,,,,,,,,,true,true,12,2018-04-01,2019-03-31,0
2018-10-31,69020,2018-03-31,,,,,,,,412676000000,,,,,320561000000,,410.45,,,,,,,,,,,,,,,,,,,,,,true,false,12,2017-04-01,2018-03-31,-1
2019-02-01,69020,2019-03-31,3,,,,,,,243539000000,-0.226,,,,192013000000,,245.97,,,,,,5645386000000,,,,,,,,,,,,,,,,true,false,9,2018-04-01,2018-12-31,0
2019-02-01,69020,2018-03-31,3,,,,,,,314628000000,0.271,,,,251280000000,,321.57,,,,,,,,,,,,,,,,,,,,,,true,false,9,2017-04-01,2017-12-31,-1
2019-02-01,69020,2019-03-31,3,,,,,,,380000000000,-0.079,,,,295000000000,,379.38,,,,,,,,,,,,,,,,,,,,,,true,true,12,2018-04-01,2019-03-31,0
2019-02-01,69020,2018-03-31,3,,,,,,,,,,,,,,,,,,,,5764417000000,,,,,,,,,,,,,,,,true,false,12,2017-04-01,2018-03-31,-1
2019-02-01,69020,2018-03-31,3,,,,,,,,,,,,,,,,,,,,,,,,,,,,,130.00,,,,794068713,14345864,,false,false,12,2017-04-01,2018-03-31,-1
2019-02-01,69020,2019-03-31,3,,,,,,,,,,,,,,,,,,,,,,,,,,,,,70.00,,,,,,,false,false,12,2018-04-01,2019-03-31,0
2019-02-01,69020,2019-03-31,3,,,,,,,,,,,,,,,,,,,,,,,,,,,,,140.00,,,,,,,false,true,12,2018-04-01,2019-03-31,0
2019-02-01,69020,2019-03-31,3,,,,,,,,,,,,,,,,,,,,,,,,,,,,,,,,,787944951,10352510,780629302,false,false,9,2018-04-01,2018-12-31,0
2019-02-01,69020,2018-03-31,3,,,,,,,,,,,,,,,,,,,,,,,,,,,,,,,,,,,781427703,false,false,9,2017-04-01,2017-12-31,-1
2019-02-01,69020,2019-03-31,,,,,,,,380000000000,-0.033,,,,295000000000,,379.38,,,,,,,,,,,,,,,,,,,,,,true,true,12,2018-04-01,2019-03-31,0
2019-02-01,69020,2018-03-31,,,,,,,,412676000000,,,,,320561000000,,410.45,,,,,,,,,,,,,,,,,,,,,,true,false,12,2017-04-01,2018-03-31,-1
2019-04-26,69020,2019-03-31,,2861193000000,0.071,,,,,64906000000,-0.400,162022000000,-0.150,194850000000,,0.199,249.92,,,,,,3692913000000,2306781000000,0.625,2976.85,2306781000000,,,,,140.00,,,,787944951,13071645,779610999,false,false,12,2018-04-01,2019-03-31,0
2019-04-26,69020,2018-03-31,,2671939000000,0.081,,,,,108179000000,1.182,190585000000,0.453,162483000000,,0.382,208.04,,,,,,3759206000000,2352681000000,0.626,3017.21,2352681000000,,,,,130.00,,,,794068713,14345864,781001594,false,false,12,2017-04-01,2018-03-31,-1
2019-04-26,69020,2019-03-31,,,,,,,,316196000000,-0.234,,,,254524000000,,326.47,,,,,,5792414000000,,,,,533487000000,-514700000000,-92240000000,,,0.429,,,,,,true,false,12,2018-04-01,2019-03-31,0
2019-04-26,69020,2018-03-31,,,,,,,,412676000000,0.248,,,,320561000000,,410.45,,,,,,5764417000000,,,,,558001000000,-529053000000,-40312000000,,,0.317,,,,,,true,false,12,2017-04-01,2018-03-31,-1
2019-04-26,69020,2020-03-31,,,,,,,,380000000000,0.202,,,,305000000000,,393.61,,,,,,,,,,,,,,,,0.356,,,,,,true,true,12,2019-04-01,2020-03-31,1
2019-04-26,69020,2020-03-31,,,,,,,,,,,,,,,,,,,,,,,,,,,,,,140.00,,,,,,,false,true,12,2019-04-01,2020-03-31,1
2019-07-31,69020,2020-03-31,1,,,,,,,69146000000,-0.239,,,,57158000000,,73.76,,,,,,5764620000000,,,,,,,,,,,,,,,,true,false,3,2019-04-01,2019-06-30,0
2019-07-31,69020,2019-03-31,1,,,,,,,90879000000,-0.024,,,,77295000000,,99.01,,,,,,,,,,,,,,,,,,,,,,true,false,3,2018-04-01,2018-06-30,-1
2019-07-31,69020,2020-03-31,1,,,,,,,380000000000,0.202,,,,305000000000,,393.61,,,,,,,,,,,,,,,,,,,,,,true,true,12,2019-04-01,2020-03-31,0
2019-07-31,69020,2019-03-31,1,,,,,,,,,,,,,,,,,,,,5792414000000,,,,,,,,,,,,,,,,true,false,12,2018-04-01,2019-03-31,-1
2019-07-31,69020,2019-03-31,1,,,,,,,,,,,,,,,,,,,,,,,,,,,,,140.00,,,,787944951,13071645,,false,false,12,2018-04-01,2019-03-31,-1
2019-07-31,69020,2020-03-31,1,,,,,,,,,,,,,,,,,,,,,,,,,,,,,140.00,,,,,,,false,true,12,2019-04-01,2020-03-31,0
2019-07-31,69020,2020-03-31,1,,,,,,,,,,,,,,,,,,,,,,,,,,,,,,,,,787944951,13072507,774872934,false,false,3,2019-04-01,2019-06-30,0
2019-07-31,69020,2019-03-31,1,,,,,,,,,,,,,,,,,,,,,,,,,,,,,,,,,,,780684081,false,false,3,2018-04-01,2018-06-30,-1
2019-10-31,69020,2020-03-31,2,,,,,,,134020000000,-0.120,,,,104223000000,,134.50,,,,,,5767159000000,,,,,,,,,,,,,,,,true,false,6,2019-04-01,2019-09-30,0
2019-10-31,69020,2019-03-31,2,,,,,,,152379000000,-0.255,,,,114079000000,,146.11,,,,,,,,,,,,,,,,,,,,,,true,false,6,2018-04-01,2018-09-30,-1
2019-10-31,69020,2020-03-31,2,,,,,,,320000000000,0.012,,,,257000000000,,331.67,,,,,,,,,,,,,,,,,,,,,,true,true,12,2019-04-01,2020-03-31,0
2019-10-31,69020,2019-03-31,2,,,,,,,,,,,,,,,,,,,,5792414000000,,,,,,,,,,,,,,,,true,false,12,2018-04-01,2019-03-31,-1
2019-10-31,69020,2019-03-31,2,,,,,,,,,,,,,,,,,,,,,,,,,,,,,140.00,,,,787944951,13071645,,false,false,12,2018-04-01,2019-03-31,-1
2019-10-31,69020,2020-03-31,2,,,,,,,,,,,,,,,,,,,,,,,,,,,,,70.00,,,,,,,false,false,12,2019-04-01,2020-03-31,0
2019-10-31,69020,2020-03-31,2,,,,,,,,,,,,,,,,,,,,,,,,,,,,,140.00,,,,,,,false,true,12,2019-04-01,2020-03-31,0
2019-10-31,69020,2020-03-31,2,,,,,,,,,,,,,,,,,,,,,,,,,,,,,,,,,787944951,13073221,774872556,false,false,6,2019-04-01,2019-09-30,0
2019-10-31,69020,2019-03-31,2,,,,,,,,,,,,,,,,,,,,,,,,,,,,,,,,,,,780779882,false,false,6,2018-04-01,2018-09-30,-1
2019-10-31,69020,2020-03-31,,,,,,,,320000000000,-0.158,,,,257000000000,,331.67,,,,,,,,,,,,,,,,,,,,,,true,true,12,2019-04-01,2020-03-31,0
2019-10-31,69020,2019-03-31,,,,,,,,316196000000,,,,,254524000000,,326.47,,,,,,,,,,,,,,,,,,,,,,true,false,12,2018-04-01,2019-03-31,-1
2020-01-31,69020,2020-03-31,3,,,,,,,162676000000,-0.332,,,,136120000000,,175.67,,,,,,5846854000000,,,,,,,,,,,,,,,,true,false,9,2019-04-01,2019-12-31,0
2020-01-31,69020,2019-03-31,3,,,,,,,243539000000,-0.226,,,,192013000000,,245.97,,,,,,,,,,,,,,,,,,,,,,true,false,9,2018-04-01,2018-12-31,-1
2020-01-31,69020,2020-03-31,3,,,,,,,280000000000,-0.114,,,,225000000000,,290.37,,,,,,,,,,,,,,,,,,,,,,true,true,12,2019-04-01,2020-03-31,0
2020-01-31,69020,2019-03-31,3,,,,,,,,,,,,,,,,,,,,5792414000000,,,,,,,,,,,,,,,,true,false,12,2018-04-01,2019-03-31,-1
2020-01-31,69020,2019-03-31,3,,,,,,,,,,,,,,,,,,,,,,,,,,,,,140.00,,,,787944951,13071645,,false,false,12,2018-04-01,2019-03-31,-1
2020-01-31,69020,2020-03-31,3,,,,,,,,,,,,,,,,,,,,,,,,,,,,,70.00,,,,,,,false,false,12,2019-04-01,2020-03-31,0
2020-01-31,69020,2020-03-31,3,,,,,,,,,,,,,,,,,,,,,,,,,,,,,140.00,,,,,,,false,true,12,2019-04-01,2020-03-31,0
2020-01-31,69020,2020-03-31,3,,,,,,,,,,,,,,,,,,,,,,,,,,,,,,,,,787944951,13073839,774872182,false,false,9,2019-04-01,2019-12-31,0
2020-01-31,69020,2019-03-31,3,,,,,,,,,,,,,,,,,,,,,,,,,,,,,,,,,,,780629302,false,false,9,2018-04-01,2018-12-31,-1
2020-01-31,69020,2020-03-31,,,,,,,,280000000000,-0.125,,,,225000000000,,290.37,,,,,,,,,,,,,,,,,,,,,,true,true,12,2019-04-01,2020-03-31,0
2020-01-31,69020,2019-03-31,,,,,,,,316196000000,,,,,254524000000,,326.47,,,,,,,,,,,,,,,,,,,,,,true,false,12,2018-04-01,2019-03-31,-1
2020-04-24,69020,2020-03-31,,,,,,,,61000000000,-0.782,,,,68000000000,,87.76,,,,,,,,,,,,,,,,,,,,,,true,true,12,2019-04-01,2020-03-31,0
2020-04-24,69020,2019-03-31,,,,,,,,316196000000,,,,,254524000000,,326.47,,,,,,,,,,,,,,,,,,,,,,true,false,12,2018-04-01,2019-03-31,-1
2020-04-30,69020,2020-03-31,,2884051000000,0.008,,,,,-153625000000,,-67817000000,,-84500000000,,,-109.05,,,,,,3634577000000,2079253000000,0.572,2683.24,2079253000000,,,,,140.00,,,,787944951,13074732,774871814,false,false,12,2019-04-01,2020-03-31,0
2020-04-30,69020,2019-03-31,,2861193000000,0.071,,,,,64906000000,-0.400,162022000000,-0.150,194850000000,,0.199,249.92,,,,,,3692913000000,2306781000000,0.625,2976.85,2306781000000,,,,,140.00,,,,787944951,13071645,779610999,false,false,12,2018-04-01,2019-03-31,-1
2020-04-30,69020,2020-03-31,,,,,,,,61078000000,-0.807,,,,68099000000,,87.89,,,,0.012,,5651801000000,,,,,595320000000,-447390000000,-240948000000,,,1.593,,,,,,true,false,12,2019-04-01,2020-03-31,0
2020-04-30,69020,2019-03-31,,,,,,,,316196000000,-0.234,,,,254524000000,,326.47,,,,0.059,,5792414000000,,,,,533487000000,-514700000000,-92240000000,,,0.429,,,,,,true,false,12,2018-04-01,2019-03-31,-1
2020-07-31,69020,2021-03-31,1,,,,,,,-106616000000,,,,,-90069000000,,-116.24,,,,,,6078585000000,,,,,,,,,,,,,,,,true,false,3,2020-04-01,2020-06-30,0
2020-07-31,69020,2020-03-31,1,,,,,,,69146000000,-0.239,,,,57158000000,,73.76,,,,,,,,,,,,,,,,,,,,,,true,false,3,2019-04-01,2019-06-30,-1
2020-07-31,69020,2021-03-31,1,,,,,,,100000000000,0.637,,,,75000000000,,96.79,,,,,,,,,,,,,,,,,,,,,,true,true,12,2020-04-01,2021-03-31,0
2020-07-31,69020,2020-03-31,1,,,,,,,,,,,,,,,,,,,,5651801000000,,,,,,,,,,,,,,,,true,false,12,2019-04-01,2020-03-31,-1
2020-07-31,69020,2020-03-31,1,,,,,,,,,,,,,,,,,,,,,,,,,,,,,140.00,,,,787944951,13074732,,false,false,12,2019-04-01,2020-03-31,-1
2020-07-31,69020,2021-03-31,1,,,,,,,,,,,,,,,,,,,,,,,,,,,,,70.00,,,,,,,false,true,12,2020-04-01,2021-03-31,0
2020-07-31,69020,2021-03-31,1,,,,,,,,,,,,,,,,,,,,,,,,,,,,,,,,,787944951,13074859,774870249,false,false,3,2020-04-01,2020-06-30,0
2020-07-31,69020,2020-03-31,1,,,,,,,,,,,,,,,,,,,,,,,,,,,,,,,,,,,774872934,false,false,3,2019-04-01,2019-06-30,-1
2020-10-29,69020,2021-03-31,2,,,,,,,-69627000000,,,,,-71124000000,,-91.79,,,,,,6403834000000,,,,,,,,,,,,,,,,true,false,6,2020-04-01,2020-09-30,0
2020-10-29,69020,2020-03-31,2,,,,,,,134020000000,-0.120,,,,104223000000,,134.50,,,,,,,,,,,,,,,,,,,,,,true,false,6,2019-04-01,2019-09-30,-1
2020-10-29,69020,2021-03-31,2,,,,,,,100000000000,0.637,,,,75000000000,,96.79,,,,,,,,,,,,,,,,,,,,,,true,true,12,2020-04-01,2021-03-31,0
2020-10-29,69020,2020-03-31,2,,,,,,,,,,,,,,,,,,,,5651801000000,,,,,,,,,,,,,,,,true,false,12,2019-04-01,2020-03-31,-1
2020-10-29,69020,2020-03-31,2,,,,,,,,,,,,,,,,,,,,,,,,,,,,,140.00,,,,787944951,13074732,,false,false,12,2019-04-01,2020-03-31,-1
2020-10-29,69020,2021-03-31,2,,,,,,,,,,,,,,,,,,,,,,,,,,,,,70.00,,,,,,,false,false,12,2020-04-01,2021-03-31,0
2020-10-29,69020,2021-03-31,2,,,,,,,,,,,,,,,,,,,,,,,,,,,,,140.00,,,,,,,false,true,12,2020-04-01,2021-03-31,0
2020-10-29,69020,2021-03-31,2,,,,,,,,,,,,,,,,,,,,,,,,,,,,,,,,,787944951,13075659,774869983,false,false,6,2020-04-01,2020-09-30,0
2020-10-29,69020,2020-03-31,2,,,,,,,,,,,,,,,,,,,,,,,,,,,,,,,,,,,774872556,false,false,6,2019-04-01,2019-09-30,-1
2021-02-02,69020,2021-03-31,3,,,,,,,66625000000,-0.590,,,,43076000000,,55.59,,,,,,6828210000000,,,,,,,,,,,,,,,,true,false,9,2020-04-01,2020-12-31,0
2021-02-02,69020,2020-03-31,3,,,,,,,162676000000,-0.332,,,,136120000000,,175.67,,,,,,,,,,,,,,,,,,,,,,true,false,9,2019-04-01,2019-12-31,-1
2021-02-02,69020,2021-03-31,3,,,,,,,150000000000,1.456,,,,112000000000,,144.54,,,,,,,,,,,,,,,,,,,,,,true,true,12,2020-04-01,2021-03-31,0
2021-02-02,69020,2020-03-31,3,,,,,,,,,,,,,,,,,,,,5651801000000,,,,,,,,,,,,,,,,true,false,12,2019-04-01,2020-03-31,-1
2021-02-02,69020,2020-03-31,3,,,,,,,,,,,,,,,,,,,,,,,,,,,,,140.00,,,,787944951,13074732,,false,false,12,2019-04-01,2020-03-31,-1
2021-02-02,69020,2021-03-31,3,,,,,,,,,,,,,,,,,,,,,,,,,,,,,70.00,,,,,,,false,false,12,2020-04-01,2021-03-31,0
2021-02-02,69020,2021-03-31,3,,,,,,,,,,,,,,,,,,,,,,,,,,,,,140.00,,,,,,,false,true,12,2020-04-01,2021-03-31,0
2021-02-02,69020,2021-03-31,3,,,,,,,,,,,,,,,,,,,,,,,,,,,,,,,,,787944951,13076457,774869633,false,false,9,2020-04-01,2020-12-31,0
2021-02-02,69020,2020-03-31,3,,,,,,,,,,,,,,,,,,,,,,,,,,,,,,,,,,,774872182,false,false,9,2019-04-01,2019-12-31,-1
2021-04-28,69020,2021-03-31,,2820349000000,-0.022,,,,,-51989000000,,32361000000,,40849000000,,,52.71,,,,,,4408710000000,2401654000000,0.545,3099.30,2401654000000,,,,,140.00,,,,787944951,13077449,774869247,false,false,12,2020-04-01,2021-03-31,0
2021-04-28,69020,2020-03-31,,2884051000000,0.008,,,,,-153625000000,,-67817000000,,-84500000000,,,-109.05,,,,,,3634577000000,2079253000000,0.572,2683.24,2079253000000,,,,,140.00,,,,787944951,13074732,774871814,false,false,12,2019-04-01,2020-03-31,-1
2021-04-28,69020,2021-03-31,,,,,,,,155107000000,1.539,,,,125055000000,,161.39,,,,0.031,,6767684000000,,,,,437235000000,-395903000000,238657000000,,,0.867,,,,,,true,false,12,2020-04-01,2021-03-31,0
2021-04-28,69020,2020-03-31,,,,,,,,61078000000,-0.807,,,,68099000000,,87.89,,,,0.012,,5651801000000,,,,,595320000000,-447390000000,-240948000000,,,1.593,,,,,,true,false,12,2019-04-01,2020-03-31,-1
2021-04-28,69020,2022-03-31,,,,,,,,413000000000,1.663,,,,317000000000,,409.10,,,,,,,,,,,,,,,,0.342,,,,,,true,true,12,2021-04-01,2022-03-31,1
2021-04-28,69020,2022-03-31,,,,,,,,,,,,,,,,,,,,,,,,,,,,,,140.00,,,,,,,false,true,12,2021-04-01,2022-03-31,1
2021-07-30,69020,2022-03-31,1,,,,,,,107181000000,,,,,89345000000,,115.25,,,,,,6948788000000,,,,,,,,,,,,,,,,true,false,3,2021-04-01,2021-06-30,0
2021-07-30,69020,2021-03-31,1,,,,,,,-106616000000,,,,,-90069000000,,-116.24,,,,,,,,,,,,,,,,,,,,,,true,false,3,2020-04-01,2020-06-30,-1
2021-07-30,69020,2022-03-31,1,,,,,,,440000000000,1.837,,,,336000000000,,433.36,,,,,,,,,,,,,,,,,,,,,,true,true,12,2021-04-01,2022-03-31,0
2021-07-30,69020,2021-03-31,1,,,,,,,,,,,,,,,,,,,,6767684000000,,,,,,,,,,,,,,,,true,false,12,2020-04-01,2021-03-31,-1
2021-07-30,69020,2021-03-31,1,,,,,,,,,,,,,,,,,,,,,,,,,,,,,140.00,,,,787944951,13077449,,false,false,12,2020-04-01,2021-03-31,-1
2021-07-30,69020,2022-03-31,1,,,,,,,,,,,,,,,,,,,,,,,,,,,,,140.00,,,,,,,false,true,12,2021-04-01,2022-03-31,0
2021-07-30,69020,2022-03-31,1,,,,,,,,,,,,,,,,,,,,,,,,,,,,,,,,,787944951,12613699,775244654,false,false,3,2021-04-01,2021-06-30,0
2021-07-30,69020,2021-03-31,1,,,,,,,,,,,,,,,,,,,,,,,,,,,,,,,,,,,774870249,false,false,3,2020-04-01,2020-06-30,-1
2021-10-29,69020,2022-03-31,2,,,,,,,159319000000,,,,,112726000000,,145.60,,,,,,6872959000000,,,,,,,,,,,,,,,,true,false,6,2021-04-01,2021-09-30,0
2021-10-29,69020,2021-03-31,2,,,,,,,-69627000000,,,,,-71124000000,,-91.79,,,,,,,,,,,,,,,,,,,,,,true,false,6,2020-04-01,2020-09-30,-1
2021-10-29,69020,2022-03-31,2,,,,,,,440000000000,1.837,,,,336000000000,,436.23,,,,,,,,,,,,,,,,,,,,,,true,true,12,2021-04-01,2022-03-31,0
2021-10-29,69020,2021-03-31,2,,,,,,,,,,,,,,,,,,,,6767684000000,,,,,,,,,,,,,,,,true,false,12,2020-04-01,2021-03-31,-1
2021-10-29,69020,2021-03-31,2,,,,,,,,,,,,,,,,,,,,,,,,,,,,,140.00,,,,787944951,13077449,,false,false,12,2020-04-01,2021-03-31,-1
2021-10-29,69020,2022-03-31,2,,,,,,,,,,,,,,,,,,,,,,,,,,,,,80.00,,,,,,,false,false,12,2021-04-01,2022-03-31,0
2021-10-29,69020,2022-03-31,2,,,,,,,,,,,,,,,,,,,,,,,,,,,,,160.00,,,,,,,false,true,12,2021-04-01,2022-03-31,0
2021-10-29,69020,2022-03-31,2,,,,,,,,,,,,,,,,,,,,,,,,,,,,,,,,,787944951,17704121,774244197,false,false,6,2021-04-01,2021-09-30,0
2021-10-29,69020,2021-03-31,2,,,,,,,,,,,,,,,,,,,,,,,,,,,,,,,,,,,774869983,false,false,6,2020-04-01,2020-09-30,-1
2022-02-02,69020,2022-03-31,3,,,,,,,256274000000,2.846,,,,193364000000,,250.47,,,,,,7083526000000,,,,,,,,,,,,,,,,true,false,9,2021-04-01,2021-12-31,0
2022-02-02,69020,2021-03-31,3,,,,,,,66625000000,-0.590,,,,43076000000,,55.59,,,,,,,,,,,,,,,,,,,,,,true,false,9,2020-04-01,2020-12-31,-1
2022-02-02,69020,2022-03-31,3,,,,,,,400000000000,1.579,,,,301000000000,,393.43,,,,,,,,,,,,,,,,,,,,,,true,true,12,2021-04-01,2022-03-31,0
2022-02-02,69020,2021-03-31,3,,,,,,,,,,,,,,,,,,,,6767684000000,,,,,,,,,,,,,,,,true,false,12,2020-04-01,2021-03-31,-1
2022-02-02,69020,2021-03-31,3,,,,,,,,,,,,,,,,,,,,,,,,,,,,,140.00,,,,787944951,13077449,,false,false,12,2020-04-01,2021-03-31,-1
2022-02-02,69020,2022-03-31,3,,,,,,,,,,,,,,,,,,,,,,,,,,,,,80.00,,,,,,,false,false,12,2021-04-01,2022-03-31,0
2022-02-02,69020,2022-03-31,3,,,,,,,,,,,,,,,,,,,,,,,,,,,,,160.00,,,,,,,false,true,12,2021-04-01,2022-03-31,0
2022-02-02,69020,2022-03-31,3,,,,,,,,,,,,,,,,,,,,,,,,,,,,,,,,,787944951,22869448,772014553,false,false,9,2021-04-01,2021-12-31,0
2022-02-02,69020,2021-03-31,3,,,,,,,,,,,,,,,,,,,,,,,,,,,,,,,,,,,774869633,false,false,9,2020-04-01,2020-12-31,-1
2022-04-28,69020,2022-03-31,,3090937000000,0.096,,,,,130456000000,,212397000000,5.563,201389000000,,3.930,261.56,,,,,,4583941000000,2515249000000,0.549,3294.96,2515249000000,,,,,165.00,,,,787944951,24616949,769915806,false,false,12,2021-04-01,2022-03-31,0
2022-04-28,69020,2021-03-31,,2820349000000,-0.022,,,,,-51989000000,,32361000000,,40849000000,,,52.71,,,,,,4408710000000,2401654000000,0.545,3099.30,2401654000000,,,,,140.00,,,,787944951,13077449,774869247,false,false,12,2020-04-01,2021-03-31,-1
2022-04-28,69020,2022-03-31,,,,,,,,341179000000,1.200,,,,263901000000,,342.77,,,,0.062,,7432271000000,,,,,395637000000,-301579000000,-159536000000,,,0.481,,,,,,true,false,12,2021-04-01,2022-03-31,0
2022-04-28,69020,2021-03-31,,,,,,,,155107000000,1.539,,,,125055000000,,161.39,,,,0.031,,6767684000000,,,,,437235000000,-395903000000,238657000000,,,0.867,,,,,,true,false,12,2020-04-01,2021-03-31,-1
2022-04-28,69020,2023-03-31,,,,,,,,560000000000,0.641,,,,434000000000,,568.56,,,,,,,,,,,,,,,,0.317,,,,,,true,true,12,2022-04-01,2023-03-31,1
2022-04-28,69020,2023-03-31,,,,,,,,,,,,,,,,,,,,,,,,,,,,,,180.00,,,,,,,false,true,12,2022-04-01,2023-03-31,1
2022-07-29,69020,2023-03-31,1,,,,,,,63643000000,-0.406,,,,51875000000,,67.96,,,,,,7458098000000,,,,,,,,,,,,,,,,true,false,3,2022-04-01,2022-06-30,0
2022-07-29,69020,2022-03-31,1,,,,,,,107181000000,,,,,89345000000,,115.25,,,,,,,,,,,,,,,,,,,,,,true,false,3,2021-04-01,2021-06-30,-1
2022-07-29,69020,2023-03-31,1,,,,,,,480000000000,0.407,,,,378000000000,,505.79,,,,,,,,,,,,,,,,,,,,,,true,true,12,2022-04-01,2023-03-31,0
2022-07-29,69020,2022-03-31,1,,,,,,,,,,,,,,,,,,,,7432271000000,,,,,,,,,,,,,,,,true,false,12,2021-04-01,2022-03-31,-1
2022-07-29,69020,2022-03-31,1,,,,,,,,,,,,,,,,,,,,,,,,,,,,,165.00,,,,787944951,24616949,,false,false,12,2021-04-01,2022-03-31,-1
2022-07-29,69020,2023-03-31,1,,,,,,,,,,,,,,,,,,,,,,,,,,,,,180.00,,,,,,,false,true,12,2022-04-01,2023-03-31,0
2022-07-29,69020,2023-03-31,1,,,,,,,,,,,,,,,,,,,,,,,,,,,,,,,,,787944951,24603240,763330190,false,false,3,2022-04-01,2022-06-30,0
2022-07-29,69020,2022-03-31,1,,,,,,,,,,,,,,,,,,,,,,,,,,,,,,,,,,,775244654,false,false,3,2021-04-01,2021-06-30,-1
2022-10-28,69020,2023-03-31,2,,,,,,,155413000000,-0.025,,,,105798000000,,138.74,,,,,,7346338000000,,,,,,,,,,,,,,,,true,false,6,2022-04-01,2022-09-30,0
2022-10-28,69020,2022-03-31,2,,,,,,,159319000000,,,,,112726000000,,145.60,,,,,,,,,,,,,,,,,,,,,,true,false,6,2021-04-01,2021-09-30,-1
2022-10-28,69020,2023-03-31,2,,,,,,,480000000000,0.407,,,,378000000000,,500.03,,,,,,,,,,,,,,,,,,,,,,true,true,12,2022-04-01,2023-03-31,0
2022-10-28,69020,2022-03-31,2,,,,,,,,,,,,,,,,,,,,7432271000000,,,,,,,,,,,,,,,,true,false,12,2021-04-01,2022-03-31,-1
2022-10-28,69020,2022-03-31,2,,,,,,,,,,,,,,,,,,,,,,,,,,,,,165.00,,,,787944951,24616949,,false,false,12,2021-04-01,2022-03-31,-1
2022-10-28,69020,2023-03-31,2,,,,,,,,,,,,,,,,,,,,,,,,,,,,,90.00,,,,,,,false,false,12,2022-04-01,2023-03-31,0
2022-10-28,69020,2023-03-31,2,,,,,,,,,,,,,,,,,,,,,,,,,,,,,180.00,,,,,,,false,true,12,2022-04-01,2023-03-31,0
2022-10-28,69020,2023-03-31,2,,,,,,,,,,,,,,,,,,,,,,,,,,,,,,,,,787944951,33628916,762583787,false,false,6,2022-04-01,2022-09-30,0
2022-10-28,69020,2022-03-31,2,,,,,,,,,,,,,,,,,,,,,,,,,,,,,,,,,,,774244197,false,false,6,2021-04-01,2021-09-30,-1
2023-02-03,69020,2023-03-31,3,,,,,,,267948000000,0.046,,,,197801000000,,260.67,,,,,,7083748000000,,,,,,,,,,,,,,,,true,false,9,2022-04-01,2022-12-31,0
2023-02-03,69020,2022-03-31,3,,,,,,,256274000000,2.846,,,,193364000000,,250.47,,,,,,,,,,,,,,,,,,,,,,true,false,9,2021-04-01,2021-12-31,-1
2023-02-03,69020,2023-03-31,3,,,,,,,420000000000,0.231,,,,322000000000,,425.88,,,,,,,,,,,,,,,,,,,,,,true,true,12,2022-04-01,2023-03-31,0
2023-02-03,69020,2022-03-31,3,,,,,,,,,,,,,,,,,,,,7432271000000,,,,,,,,,,,,,,,,true,false,12,2021-04-01,2022-03-31,-1
2023-02-03,69020,2022-03-31,3,,,,,,,,,,,,,,,,,,,,,,,,,,,,,165.00,,,,787944951,24616949,,false,false,12,2021-04-01,2022-03-31,-1
2023-02-03,69020,2023-03-31,3,,,,,,,,,,,,,,,,,,,,,,,,,,,,,90.00,,,,,,,false,false,12,2022-04-01,2023-03-31,0
2023-02-03,69020,2023-03-31,3,,,,,,,,,,,,,,,,,,,,,,,,,,,,,180.00,,,,,,,false,true,12,2022-04-01,2023-03-31,0
2023-02-03,69020,2023-03-31,3,,,,,,,,,,,,,,,,,,,,,,,,,,,,,,,,,787944951,39122355,758815858,false,false,9,2022-04-01,2022-12-31,0
2023-02-03,69020,2022-03-31,3,,,,,,,,,,,,,,,,,,,,,,,,,,,,,,,,,,,772014553,false,false,9,2021-04-01,2021-12-31,-1
2023-04-27,69020,2023-03-31,,3221034000000,0.042,,,,,162604000000,0.246,244281000000,0.150,227434000000,,0.129,300.70,,,,,,4370332000000,2403830000000,0.550,3210.00,2403830000000,,,,,185.00,,,,787944951,39122931,756317471,false,false,12,2022-04-01,2023-03-31,0
2023-04-27,69020,2022-03-31,,3090937000000,0.096,,,,,130456000000,,212397000000,5.563,201389000000,,3.930,261.56,,,,,,4583941000000,2515249000000,0.549,3294.96,2515249000000,,,,,165.00,,,,787944951,24616949,769915806,false,false,12,2021-04-01,2022-03-31,-1
2023-04-27,69020,2023-03-31,,,,,,,,426099000000,0.249,,,,314633000000,,416.01,,,,0.067,,7408662000000,,,,,602720000000,-363676000000,-400099000000,,,0.445,,,,,,true,false,12,2022-04-01,2023-03-31,0
2023-04-27,69020,2022-03-31,,,,,,,,341179000000,1.200,,,,263901000000,,342.77,,,,0.062,,7432271000000,,,,,395637000000,-301579000000,-159536000000,,,0.481,,,,,,true,false,12,2021-04-01,2022-03-31,-1
2023-04-27,69020,2024-03-31,,,,,,,,510000000000,0.197,,,,383000000000,,511.47,,,,,,,,,,,,,,,,0.372,,,,,,true,true,12,2023-04-01,2024-03-31,1
2023-04-27,69020,2024-03-31,,,,,,,,,,,,,,,,,,,,,,,,,,,,,,190.00,,,,,,,false,true,12,2023-04-01,2024-03-31,1
2023-07-28,69020,2024-03-31,1,,,,,,,94378000000,0.483,,,,85460000000,,114.13,,,,,,8124064000000,,,,,,,,,,,,,,,,true,false,3,2023-04-01,2023-06-30,0
2023-07-28,69020,2023-03-31,1,,,,,,,63643000000,-0.406,,,,51875000000,,67.96,,,,,,,,,,,,,,,,,,,,,,true,false,3,2022-04-01,2022-06-30,-1
2023-07-28,69020,2024-03-31,1,,,,,,,600000000000,0.408,,,,444000000000,,148.23,,,,,,,,,,,,,,,,,,,,,,true,true,12,2023-04-01,2024-03-31,0
2023-07-28,69020,2023-03-31,1,,,,,,,,,,,,,,,,,,,,7408662000000,,,,,,,,,,,,,,,,true,false,12,2022-04-01,2023-03-31,-1
2023-07-28,69020,2023-03-31,1,,,,,,,,,,,,,,,,,,,,,,,,,,,,,185.00,,,,787944951,39122931,,false,false,12,2022-04-01,2023-03-31,-1
2023-07-28,69020,2024-03-31,1,,,,,,,,,,,,,,,,,,,,,,,,,,,,,25.00,,,,,,,false,true,12,2023-04-01,2024-03-31,0
2023-07-28,69020,2024-03-31,1,,,,,,,,,,,,,,,,,,,,,,,,,,,,,,,,,787944951,39100166,748825309,false,false,3,2023-04-01,2023-06-30,0
2023-07-28,69020,2023-03-31,1,,,,,,,,,,,,,,,,,,,,,,,,,,,,,,,,,,,763330190,false,false,3,2022-04-01,2022-06-30,-1
2023-10-31,69020,2024-03-31,2,,,,,,,211820000000,0.363,,,,168923000000,,56.40,,,,,,8416234000000,,,,,,,,,,,,,,,,true,false,6,2023-04-01,2023-09-30,0
2023-10-31,69020,2023-03-31,2,,,,,,,155413000000,-0.025,,,,105798000000,,34.68,,,,,,,,,,,,,,,,,,,,,,true,false,6,2022-04-01,2022-09-30,-1
2023-10-31,69020,2024-03-31,2,,,,,,,630000000000,0.479,,,,470000000000,,156.91,,,,,,,,,,,,,,,,,,,,,,true,true,12,2023-04-01,2024-03-31,0
2023-10-31,69020,2023-03-31,2,,,,,,,,,,,,,,,,,,,,7408662000000,,,,,,,,,,,,,,,,true,false,12,2022-04-01,2023-03-31,-1
2023-10-31,69020,2023-03-31,2,,,,,,,,,,,,,,,,,,,,,,,,,,,,,185.00,,,,3151779804,156491724,,false,false,12,2022-04-01,2023-03-31,-1
2023-10-31,69020,2024-03-31,2,,,,,,,,,,,,,,,,,,,,,,,,,,,,,100.00,,,,,,,false,false,12,2023-04-01,2024-03-31,0
2023-10-31,69020,2024-03-31,2,,,,,,,,,,,,,,,,,,,,,,,,,,,,,27.00,,,,,,,false,true,12,2023-04-01,2024-03-31,0
2023-10-31,69020,2024-03-31,2,,,,,,,,,,,,,,,,,,,,,,,,,,,,,,,,,3151779804,156406288,2995338453,false,false,6,2023-04-01,2023-09-30,0
2023-10-31,69020,2023-03-31,2,,,,,,,,,,,,,,,,,,,,,,,,,,,,,,,,,,,3050335147,false,false,6,2022-04-01,2022-09-30,-1
2024-02-02,69020,2024-03-31,3,,,,,,,238576000000,-0.110,,,,175622000000,,58.64,,,,,,8319545000000,,,,,,,,,,,,,,,,true,false,9,2023-04-01,2023-12-31,0
2024-02-02,69020,2023-03-31,3,,,,,,,267948000000,0.046,,,,197801000000,,65.17,,,,,,,,,,,,,,,,,,,,,,true,false,9,2022-04-01,2022-12-31,-1
2024-02-02,69020,2024-03-31,3,,,,,,,495000000000,0.162,,,,380000000000,,128.52,,,,,,,,,,,,,,,,,,,,,,true,true,12,2023-04-01,2024-03-31,0
2024-02-02,69020,2023-03-31,3,,,,,,,,,,,,,,,,,,,,7408662000000,,,,,,,,,,,,,,,,true,false,12,2022-04-01,2023-03-31,-1
2024-02-02,69020,2023-03-31,3,,,,,,,,,,,,,,,,,,,,,,,,,,,,,185.00,,,,3151779804,156491722,,false,false,12,2022-04-01,2023-03-31,-1
2024-02-02,69020,2024-03-31,3,,,,,,,,,,,,,,,,,,,,,,,,,,,,,100.00,,,,,,,false,false,12,2023-04-01,2024-03-31,0
2024-02-02,69020,2024-03-31,3,,,,,,,,,,,,,,,,,,,,,,,,,,,,,27.00,,,,,,,false,true,12,2023-04-01,2024-03-31,0
2024-02-02,69020,2024-03-31,3,,,,,,,,,,,,,,,,,,,,,,,,,,,,,,,,,3151779804,164892558,2994878500,false,false,9,2023-04-01,2023-12-31,0
2024-02-02,69020,2023-03-31,3,,,,,,,,,,,,,,,,,,,,,,,,,,,,,,,,,,,3035263433,false,false,9,2022-04-01,2022-12-31,-1
2024-04-26,69020,2024-03-31,,3660723000000,0.137,,,,,6730000000,-0.959,155572000000,-0.363,229747000000,,0.010,77.10,,,,,,5597935000000,3121900000000,0.558,1072.49,3121900000000,,,,,30.00,,,,3151779804,241014828,2979854509,false,false,12,2023-04-01,2024-03-31,0
2024-04-26,69020,2023-03-31,,3221034000000,0.042,,,,,162604000000,0.246,244281000000,0.150,227434000000,,0.129,75.17,,,,,,4370332000000,2403830000000,0.550,802.50,2403830000000,,,,,185.00,,,,3151779804,156491722,3025269888,false,false,12,2022-04-01,2023-03-31,-1
2024-04-26,69020,2024-03-31,,,,,,,,380599000000,-0.107,,,,312791000000,,104.97,,,,0.053,,9093370000000,,,,,961826000000,-459487000000,-496659000000,,,0.524,,,,,,true,false,12,2023-04-01,2024-03-31,0
2024-04-26,69020,2023-03-31,,,,,,,,426099000000,0.249,,,,314633000000,,104.00,,,,0.067,,7408662000000,,,,,602720000000,-363676000000,-400099000000,,,0.445,,,,,,true,false,12,2022-04-01,2023-03-31,-1
2024-04-26,69020,2025-03-31,,,,,,,,714000000000,0.876,,,,526000000000,,180.71,,,,,,,,,,,,,,,,0.354,,,,,,true,true,12,2024-04-01,2025-03-31,1
2024-04-26,69020,2025-03-31,,,,,,,,,,,,,,,,,,,,,,,,,,,,,,64.00,,,,,,,false,true,12,2024-04-01,2025-03-31,1
2024-07-31,69020,2025-03-31,1,,,,,,,120568000000,0.277,,,,94459000000,,32.45,,,,,,8898083000000,,,,,,,,,,,,,,,,true,false,3,2024-04-01,2024-06-30,0
2024-07-31,69020,2024-03-31,1,,,,,,,94378000000,0.483,,,,85460000000,,28.53,,,,,,,,,,,,,,,,,,,,,,true,false,3,2023-04-01,2023-06-30,-1
2024-07-31,69020,2025-03-31,1,,,,,,,692000000000,0.818,,,,525000000000,,180.36,,,,,,,,,,,,,,,,,,,,,,true,true,12,2024-04-01,2025-03-31,0
2024-07-31,69020,2024-03-31,1,,,,,,,,,,,,,,,,,,,,9093370000000,,,,,,,,,,,,,,,,true,false,12,2023-04-01,2024-03-31,-1
2024-07-31,69020,2024-03-31,1,,,,,,,,,,,,,,,,,,,,,,,,,,,,,30.00,,,,3151779804,241014828,,false,false,12,2023-04-01,2024-03-31,-1
2024-07-31,69020,2025-03-31,1,,,,,,,,,,,,,,,,,,,,,,,,,,,,,64.00,,,,,,,false,true,12,2024-04-01,2025-03-31,0
2024-07-31,69020,2025-03-31,1,,,,,,,,,,,,,,,,,,,,,,,,,,,,,,,,,3151779804,240936727,2910777898,false,false,3,2024-04-01,2024-06-30,0
2024-07-31,69020,2024-03-31,1,,,,,,,,,,,,,,,,,,,,,,,,,,,,,,,,,,,2995301237,false,false,3,2023-04-01,2023-06-30,-1
2024-10-31,69020,2025-03-31,2,,,,,,,251227000000,0.186,,,,190837000000,,65.56,,,,,,8134333000000,,,,,,,,,,,,,,,,true,false,6,2024-04-01,2024-09-30,0
2024-10-31,69020,2024-03-31,2,,,,,,,211820000000,0.363,,,,168923000000,,56.40,,,,,,,,,,,,,,,,,,,,,,true,false,6,2023-04-01,2023-09-30,-1
2024-10-31,69020,2025-03-31,2,,,,,,,550000000000,0.445,,,,437000000000,,152.49,,,,,,,,,,,,,,,,,,,,,,true,true,12,2024-04-01,2025-03-31,0
2024-10-31,69020,2024-03-31,2,,,,,,,,,,,,,,,,,,,,9093370000000,,,,,,,,,,,,,,,,true,false,12,2023-04-01,2024-03-31,-1
2024-10-31,69020,2024-03-31,2,,,,,,,,,,,,,,,,,,,,,,,,,,,,,30.00,,,,3151779804,241014828,,false,false,12,2023-04-01,2024-03-31,-1
2024-10-31,69020,2025-03-31,2,,,,,,,,,,,,,,,,,,,,,,,,,,,,,32.00,,,,,,,false,false,12,2024-04-01,2025-03-31,0
2024-10-31,69020,2025-03-31,2,,,,,,,,,,,,,,,,,,,,,,,,,,,,,64.00,,,,,,,false,true,12,2024-04-01,2025-03-31,0
2024-10-31,69020,2025-03-31,2,,,,,,,,,,,,,,,,,,,,,,,,,,,,,,,,,3151779804,240905207,2910813019,false,false,6,2024-04-01,2024-09-30,0
2024-10-31,69020,2024-03-31,2,,,,,,,,,,,,,,,,,,,,,,,,,,,,,,,,,,,2995338453,false,false,6,2023-04-01,2023-09-30,-1
2025-01-31,69020,2025-03-31,3,,,,,,,401560000000,0.683,,,,312748000000,,107.62,,,,,,8590434000000,,,,,,,,,,,,,,,,true,false,9,2024-04-01,2024-12-31,0
2025-01-31,69020,2024-03-31,3,,,,,,,238576000000,-0.110,,,,175622000000,,58.64,,,,,,,,,,,,,,,,,,,,,,true,false,9,2023-04-01,2023-12-31,-1
2025-01-31,69020,2025-03-31,3,,,,,,,550000000000,0.445,,,,437000000000,,153.00,,,,,,,,,,,,,,,,,,,,,,true,true,12,2024-04-01,2025-03-31,0
2025-01-31,69020,2024-03-31,3,,,,,,,,,,,,,,,,,,,,9093370000000,,,,,,,,,,,,,,,,true,false,12,2023-04-01,2024-03-31,-1
2025-01-31,69020,2024-03-31,3,,,,,,,,,,,,,,,,,,,,,,,,,,,,,30.00,,,,3151779804,241014828,,false,false,12,2023-04-01,2024-03-31,-1
2025-01-31,69020,2025-03-31,3,,,,,,,,,,,,,,,,,,,,,,,,,,,,,32.00,,,,,,,false,false,12,2024-04-01,2025-03-31,0
2025-01-31,69020,2025-03-31,3,,,,,,,,,,,,,,,,,,,,,,,,,,,,,64.00,,,,,,,false,true,12,2024-04-01,2025-03-31,0
2025-01-31,69020,2025-03-31,3,,,,,,,,,,,,,,,,,,,,,,,,,,,,,,,,,2910979691,43286614,2906097327,false,false,9,2024-04-01,2024-12-31,0
2025-01-31,69020,2024-03-31,3,,,,,,,,,,,,,,,,,,,,,,,,,,,,,,,,,,,2994878500,false,false,9,2023-04-01,2023-12-31,-1
2025-04-25,69020,2025-03-31,,3732966000000,0.020,,,,,102755000000,,359376000000,1.310,609038000000,,1.651,210.74,,,,,,4747253000000,2638861000000,0.556,936.62,2638861000000,,,,,64.00,,,,2910979691,93663914,2889885278,false,false,12,2024-04-01,2025-03-31,0
2025-04-25,69020,2024-03-31,,3660723000000,0.137,,,,,6730000000,-0.959,155572000000,-0.363,229747000000,,0.010,77.10,,,,,,5597935000000,3121900000000,0.558,1072.49,3121900000000,,,,,30.00,,,,3151779804,241014828,2979854509,false,false,12,2023-04-01,2024-03-31,-1
2025-04-25,69020,2025-03-31,,,,,,,,518953000000,0.364,,,,419081000000,,145.02,,,,0.072,,8125000000000,,,,,758743000000,121899000000,-677431000000,,,0.441,,,,,,true,false,12,2024-04-01,2025-03-31,0
2025-04-25,69020,2024-03-31,,,,,,,,380599000000,-0.107,,,,312791000000,,104.97,,,,0.053,,9093370000000,,,,,961826000000,-459487000000,-496659000000,,,0.524,,,,,,true,false,12,2023-04-01,2024-03-31,-1
2025-04-25,69020,2026-03-31,,,,,,,,675000000000,0.301,,,,515000000000,,182.80,,,,,,,,,,,,,,,,0.350,,,,,,true,true,12,2025-04-01,2026-03-31,1
2025-04-25,69020,2026-03-31,,,,,,,,,,,,,,,,,,,,,,,,,,,,,,64.00,,,,,,,false,true,12,2025-04-01,2026-03-31,1
