filing_date,code,fiscal_year_end,quarterly_period,net_sales,net_sales_change,revenue,revenue_change,operating_revenue,operating_revenue_change,operating_profit,operating_profit_change,ordinary_profit,ordinary_profit_change,net_income,net_income_of_parent,net_income_change,eps,diluted_eps,roe,roa,operating_profit_to_net_sales,operating_profit_to_revenue,total_assets,net_assets,equity_ratio,bps,owner_equity,operating_cash_flow,investing_cash_flow,financing_cash_flow,cash,dividend_per_share,payout_ratio,commemorative_dividend,extra_dividend,number_of_shares,number_of_treqsury_shares,avg_number_of_shares,is_consolidated,is_forecast,duration,period_start,period_end,period_pos
2015-05-15,69120,2015-03-31,,7826000000,0.113,,,,,666000000,0.430,727000000,0.499,439000000,,0.509,51.61,,0.051,0.067,0.085,,11265000000,8943000000,0.791,1048.02,8909000000,628000000,-143000000,-195000000,2830000000,,0.426,,,,,,true,false,12,2014-04-01,2015-03-31,0
2015-05-15,69120,2014-03-31,,7034000000,-0.022,,,,,465000000,-0.257,485000000,-0.269,291000000,,-0.217,34.03,,0.035,0.047,0.066,,10302000000,8340000000,0.806,973.58,8307000000,245000000,-201000000,-205000000,2519000000,,0.588,,,,,,true,false,12,2013-04-01,2014-03-31,-1
2015-05-15,69120,2016-03-31,,3700000000,0.025,,,,,240000000,0.040,250000000,-0.108,,180000000,,21.13,,,,,,,,,,,,,,,,,,,,,,true,true,6,2015-04-01,2015-09-30,1
2015-05-15,69120,2016-03-31,,8000000000,0.022,,,,,680000000,0.021,700000000,-0.038,,450000000,,52.83,,,,,,,,,,,,,,,,0.415,,,,,,true,true,12,2015-04-01,2016-03-31,1
2015-05-15,69120,2015-03-31,,7489000000,0.118,,,,,641000000,0.568,696000000,0.622,416000000,,0.709,48.88,,,,,,10875000000,8578000000,0.789,1009.04,8578000000,,,,,22.00,,,,9900000,1398569,8518165,false,false,12,2014-04-01,2015-03-31,0
2015-05-15,69120,2014-03-31,,6701000000,-0.031,,,,,409000000,-0.245,429000000,-0.270,243000000,,-0.232,28.46,,,,,,10015000000,8112000000,0.810,950.75,8112000000,,,,,20.00,,,,9900000,1367129,8562556,false,false,12,2013-04-01,2014-03-31,-1
2015-05-15,69120,2016-03-31,,,,,,,,,,,,,,,,,,,,,,,,,,,,,,22.00,,,,,,,false,true,12,2015-04-01,2016-03-31,1
2015-07-30,69120,2016-03-31,1,1736000000,0.042,,,,,29000000,-0.141,61000000,0.098,,41000000,,4.84,,,,,,11079000000,8864000000,0.797,,8830000000,,,,,,,,,,,,true,false,3,2015-04-01,2015-06-30,0
2015-07-30,69120,2015-03-31,1,1666000000,0.050,,,,,33000000,-0.351,55000000,-0.208,,34000000,,4.05,,,,,,,,,,,,,,,,,,,,,,true,false,3,2014-04-01,2014-06-30,-1
2015-07-30,69120,2016-03-31,1,3700000000,0.025,,,,,240000000,0.040,250000000,-0.108,,180000000,,21.17,,,,,,,,,,,,,,,,,,,,,,true,true,6,2015-04-01,2015-09-30,0
2015-07-30,69120,2016-03-31,1,8000000000,0.022,,,,,680000000,0.021,700000000,-0.038,,450000000,,52.93,,,,,,,,,,,,,,,,,,,,,,true,true,12,2015-04-01,2016-03-31,0
2015-07-30,69120,2015-03-31,1,,,,,,,,,,,,,,,,,,,,11265000000,8943000000,0.791,,8909000000,,,,,,,,,,,,true,false,12,2014-04-01,2015-03-31,-1
2015-07-30,69120,2015-03-31,1,,,,,,,,,,,,,,,,,,,,,,,,,,,,,22.00,,,,9900000,1398569,,false,false,12,2014-04-01,2015-03-31,-1
2015-07-30,69120,2016-03-31,1,,,,,,,,,,,,,,,,,,,,,,,,,,,,,22.00,,,,,,,false,true,12,2015-04-01,2016-03-31,0
2015-07-30,69120,2016-03-31,1,,,,,,,,,,,,,,,,,,,,,,,,,,,,,,,,,9900000,1398569,8501431,false,false,3,2015-04-01,2015-06-30,0
2015-07-30,69120,2015-03-31,1,,,,,,,,,,,,,,,,,,,,,,,,,,,,,,,,,,,8532871,false,false,3,2014-04-01,2014-06-30,-1
2015-10-29,69120,2016-03-31,2,3661000000,0.015,,,,,157000000,-0.318,183000000,-0.346,,121000000,,14.36,,,,,,10749000000,8779000000,0.814,,8745000000,,,,,,,,,,,,true,false,6,2015-04-01,2015-09-30,0
2015-10-29,69120,2015-03-31,2,3608000000,0.126,,,,,230000000,0.327,280000000,0.478,,173000000,,20.31,,,,,,,,,,,,,,,,,,,,,,true,false,6,2014-04-01,2014-09-30,-1
2015-10-29,69120,2016-03-31,2,8000000000,0.022,,,,,680000000,0.021,700000000,-0.038,,450000000,,52.98,,,,,,,,,,,,,,,,,,,,,,true,true,12,2015-04-01,2016-03-31,0
2015-10-29,69120,2015-03-31,2,,,,,,,,,,,,,,,,,,,,11265000000,8943000000,0.791,,8909000000,,,,,,,,,,,,true,false,12,2014-04-01,2015-03-31,-1
2015-10-29,69120,2015-03-31,2,,,,,,,,,,,,,,,,,,,,,,,,,,,,,22.00,,,,9900000,1398569,,false,false,12,2014-04-01,2015-03-31,-1
2015-10-29,69120,2016-03-31,2,,,,,,,,,,,,,,,,,,,,,,,,,,,,,0.00,,,,,,,false,false,12,2015-04-01,2016-03-31,0
2015-10-29,69120,2016-03-31,2,,,,,,,,,,,,,,,,,,,,,,,,,,,,,22.00,,,,,,,false,true,12,2015-04-01,2016-03-31,0
2015-10-29,69120,2016-03-31,2,,,,,,,,,,,,,,,,,,,,,,,,,,,,,,,,,9900000,1427069,8493145,false,false,6,2015-04-01,2015-09-30,0
2015-10-29,69120,2015-03-31,2,,,,,,,,,,,,,,,,,,,,,,,,,,,,,,,,,,,8528137,false,false,6,2014-04-01,2014-09-30,-1
2015-10-29,69120,2016-03-31,,3661000000,-0.011,,,,,157000000,-0.344,183000000,-0.267,,121000000,,14.36,,,,,,,,,,,,,,,,,,,,,,true,true,6,2015-04-01,2015-09-30,0
2015-10-29,69120,2015-03-31,,3608000000,,,,,,230000000,,280000000,,,173000000,,20.31,,,,,,,,,,,,,,,,,,,,,,true,false,6,2014-04-01,2014-09-30,-1
2016-01-28,69120,2016-03-31,3,5480000000,0.002,,,,,237000000,-0.390,267000000,-0.414,,179000000,,21.20,,,,,,10911000000,8868000000,0.810,,8833000000,,,,,,,,,,,,true,false,9,2015-04-01,2015-12-31,0
2016-01-28,69120,2015-03-31,3,5467000000,0.105,,,,,389000000,0.837,456000000,0.789,,285000000,,33.48,,,,,,,,,,,,,,,,,,,,,,true,false,9,2014-04-01,2014-12-31,-1
2016-01-28,69120,2016-03-31,3,7870000000,0.006,,,,,560000000,-0.159,580000000,-0.203,,400000000,,47.15,,,,,,,,,,,,,,,,,,,,,,true,true,12,2015-04-01,2016-03-31,0
2016-01-28,69120,2015-03-31,3,,,,,,,,,,,,,,,,,,,,11265000000,8943000000,0.791,,8909000000,,,,,,,,,,,,true,false,12,2014-04-01,2015-03-31,-1
2016-01-28,69120,2015-03-31,3,,,,,,,,,,,,,,,,,,,,,,,,,,,,,22.00,,,,9900000,1398569,,false,false,12,2014-04-01,2015-03-31,-1
2016-01-28,69120,2016-03-31,3,,,,,,,,,,,,,,,,,,,,,,,,,,,,,0.00,,,,,,,false,false,12,2015-04-01,2016-03-31,0
2016-01-28,69120,2016-03-31,3,,,,,,,,,,,,,,,,,,,,,,,,,,,,,22.00,,,,,,,false,true,12,2015-04-01,2016-03-31,0
2016-01-28,69120,2016-03-31,3,,,,,,,,,,,,,,,,,,,,,,,,,,,,,,,,,9900000,1448669,8483221,false,false,9,2015-04-01,2015-12-31,0
2016-01-28,69120,2015-03-31,3,,,,,,,,,,,,,,,,,,,,,,,,,,,,,,,,,,,8522485,false,false,9,2014-04-01,2014-12-31,-1
2016-05-13,69120,2016-03-31,,7966000000,0.018,,,,,617000000,-0.073,643000000,-0.115,,455000000,,53.79,,0.051,0.057,0.077,,11187000000,8957000000,0.798,1058.34,8922000000,280000000,-36000000,-237000000,2819000000,,0.409,,,,,,true,false,12,2015-04-01,2016-03-31,0
2016-05-13,69120,2015-03-31,,7826000000,0.113,,,,,666000000,0.430,727000000,0.499,,439000000,,51.61,,0.051,0.067,0.085,,11265000000,8943000000,0.791,1048.02,8909000000,628000000,-143000000,-195000000,2830000000,,0.426,,,,,,true,false,12,2014-04-01,2015-03-31,-1
2016-05-13,69120,2017-03-31,,3700000000,0.011,,,,,170000000,0.080,180000000,-0.018,,130000000,,15.34,,,,,,,,,,,,,,,,,,,,,,true,true,6,2016-04-01,2016-09-30,1
2016-05-13,69120,2017-03-31,,8100000000,0.017,,,,,650000000,0.053,670000000,0.041,,460000000,,54.29,,,,,,,,,,,,,,,,0.405,,,,,,true,true,12,2016-04-01,2017-03-31,1
2016-05-13,69120,2016-03-31,,7565000000,0.010,,,,,557000000,-0.131,597000000,-0.142,424000000,,0.020,50.13,,,,,,10819000000,8611000000,0.796,1021.48,8611000000,,,,,22.00,,,,9900000,1469369,8472939,false,false,12,2015-04-01,2016-03-31,0
2016-05-13,69120,2015-03-31,,7489000000,0.118,,,,,641000000,0.568,696000000,0.622,416000000,,0.709,48.88,,,,,,10875000000,8578000000,0.789,1009.04,8578000000,,,,,22.00,,,,9900000,1398569,8518165,false,false,12,2014-04-01,2015-03-31,-1
2016-05-13,69120,2017-03-31,,,,,,,,,,,,,,,,,,,,,,,,,,,,,,22.00,,,,,,,false,true,12,2016-04-01,2017-03-31,1
2016-07-28,69120,2017-03-31,1,1705000000,-0.018,,,,,30000000,0.041,36000000,-0.413,,30000000,,3.58,,,,,,10798000000,8698000000,0.802,,8662000000,,,,,,,,,,,,true,false,3,2016-04-01,2016-06-30,0
2016-07-28,69120,2016-03-31,1,1736000000,0.042,,,,,29000000,-0.141,61000000,0.098,,41000000,,4.84,,,,,,,,,,,,,,,,,,,,,,true,false,3,2015-04-01,2015-06-30,-1
2016-07-28,69120,2017-03-31,1,3700000000,0.011,,,,,170000000,0.080,180000000,-0.018,,130000000,,15.42,,,,,,,,,,,,,,,,,,,,,,true,true,6,2016-04-01,2016-09-30,0
2016-07-28,69120,2017-03-31,1,8100000000,0.017,,,,,650000000,0.053,670000000,0.041,,460000000,,54.56,,,,,,,,,,,,,,,,,,,,,,true,true,12,2016-04-01,2017-03-31,0
2016-07-28,69120,2016-03-31,1,,,,,,,,,,,,,,,,,,,,11187000000,8957000000,0.798,,8922000000,,,,,,,,,,,,true,false,12,2015-04-01,2016-03-31,-1
2016-07-28,69120,2016-03-31,1,,,,,,,,,,,,,,,,,,,,,,,,,,,,,22.00,,,,9900000,1469369,,false,false,12,2015-04-01,2016-03-31,-1
2016-07-28,69120,2017-03-31,1,,,,,,,,,,,,,,,,,,,,,,,,,,,,,22.00,,,,,,,false,true,12,2016-04-01,2017-03-31,0
2016-07-28,69120,2017-03-31,1,,,,,,,,,,,,,,,,,,,,,,,,,,,,,,,,,9900000,1469369,8430631,false,false,3,2016-04-01,2016-06-30,0
2016-07-28,69120,2016-03-31,1,,,,,,,,,,,,,,,,,,,,,,,,,,,,,,,,,,,8501431,false,false,3,2015-04-01,2015-06-30,-1
2016-10-28,69120,2017-03-31,2,3544000000,-0.032,,,,,140000000,-0.109,139000000,-0.241,,80000000,,9.55,,,,,,10703000000,8757000000,0.815,,8720000000,,,,,,,,,,,,true,false,6,2016-04-01,2016-09-30,0
2016-10-28,69120,2016-03-31,2,3661000000,0.015,,,,,157000000,-0.318,183000000,-0.346,,121000000,,14.36,,,,,,,,,,,,,,,,,,,,,,true,false,6,2015-04-01,2015-09-30,-1
2016-10-28,69120,2017-03-31,2,8100000000,0.017,,,,,650000000,0.053,670000000,0.041,,460000000,,54.61,,,,,,,,,,,,,,,,,,,,,,true,true,12,2016-04-01,2017-03-31,0
2016-10-28,69120,2016-03-31,2,,,,,,,,,,,,,,,,,,,,11187000000,8957000000,0.798,,8922000000,,,,,,,,,,,,true,false,12,2015-04-01,2016-03-31,-1
2016-10-28,69120,2016-03-31,2,,,,,,,,,,,,,,,,,,,,,,,,,,,,,22.00,,,,9900000,1469369,,false,false,12,2015-04-01,2016-03-31,-1
2016-10-28,69120,2017-03-31,2,,,,,,,,,,,,,,,,,,,,,,,,,,,,,0.00,,,,,,,false,false,12,2016-04-01,2017-03-31,0
2016-10-28,69120,2017-03-31,2,,,,,,,,,,,,,,,,,,,,,,,,,,,,,22.00,,,,,,,false,true,12,2016-04-01,2017-03-31,0
2016-10-28,69120,2017-03-31,2,,,,,,,,,,,,,,,,,,,,,,,,,,,,,,,,,9900000,1492049,8424054,false,false,6,2016-04-01,2016-09-30,0
2016-10-28,69120,2016-03-31,2,,,,,,,,,,,,,,,,,,,,,,,,,,,,,,,,,,,8493145,false,false,6,2015-04-01,2015-09-30,-1
2016-10-28,69120,2017-03-31,,3544000000,-0.042,,,,,140000000,-0.175,139000000,-0.228,,80000000,,9.55,,,,,,,,,,,,,,,,,,,,,,true,true,6,2016-04-01,2016-09-30,0
2016-10-28,69120,2016-03-31,,3661000000,,,,,,157000000,,183000000,,,121000000,,14.36,,,,,,,,,,,,,,,,,,,,,,true,false,6,2015-04-01,2015-09-30,-1
2017-01-30,69120,2017-03-31,3,5293000000,-0.034,,,,,137000000,-0.421,141000000,-0.471,,73000000,,8.71,,,,,,10715000000,8841000000,0.822,,8803000000,,,,,,,,,,,,true,false,9,2016-04-01,2016-12-31,0
2017-01-30,69120,2016-03-31,3,5480000000,0.002,,,,,237000000,-0.390,267000000,-0.414,,179000000,,21.20,,,,,,,,,,,,,,,,,,,,,,true,false,9,2015-04-01,2015-12-31,-1
2017-01-30,69120,2017-03-31,3,7600000000,-0.046,,,,,440000000,-0.287,430000000,-0.332,,300000000,,35.65,,,,,,,,,,,,,,,,,,,,,,true,true,12,2016-04-01,2017-03-31,0
2017-01-30,69120,2016-03-31,3,,,,,,,,,,,,,,,,,,,,11187000000,8957000000,0.798,,8922000000,,,,,,,,,,,,true,false,12,2015-04-01,2016-03-31,-1
2017-01-30,69120,2016-03-31,3,,,,,,,,,,,,,,,,,,,,,,,,,,,,,22.00,,,,9900000,1469369,,false,false,12,2015-04-01,2016-03-31,-1
2017-01-30,69120,2017-03-31,3,,,,,,,,,,,,,,,,,,,,,,,,,,,,,0.00,,,,,,,false,false,12,2016-04-01,2017-03-31,0
2017-01-30,69120,2017-03-31,3,,,,,,,,,,,,,,,,,,,,,,,,,,,,,22.00,,,,,,,false,true,12,2016-04-01,2017-03-31,0
2017-01-30,69120,2017-03-31,3,,,,,,,,,,,,,,,,,,,,,,,,,,,,,,,,,9900000,1516449,8414703,false,false,9,2016-04-01,2016-12-31,0
2017-01-30,69120,2016-03-31,3,,,,,,,,,,,,,,,,,,,,,,,,,,,,,,,,,,,8483221,false,false,9,2015-04-01,2015-12-31,-1
2017-05-12,69120,2017-03-31,,7736000000,-0.029,,,,,490000000,-0.205,468000000,-0.273,,334000000,,39.79,,0.037,0.042,0.063,,11180000000,9017000000,0.803,1074.36,8980000000,326000000,-35000000,-235000000,2867000000,,0.553,,,,,,true,false,12,2016-04-01,2017-03-31,0
2017-05-12,69120,2016-03-31,,7966000000,0.018,,,,,617000000,-0.073,643000000,-0.115,,455000000,,53.79,,0.051,0.057,0.077,,11187000000,8957000000,0.798,1058.34,8922000000,280000000,-36000000,-237000000,2819000000,,0.409,,,,,,true,false,12,2015-04-01,2016-03-31,-1
2017-05-12,69120,2018-03-31,,3700000000,0.044,,,,,130000000,-0.073,140000000,0.007,,100000000,,11.90,,,,,,,,,,,,,,,,,,,,,,true,true,6,2017-04-01,2017-09-30,1
2017-05-12,69120,2018-03-31,,8100000000,0.047,,,,,550000000,0.121,570000000,0.218,,380000000,,45.22,,,,,,,,,,,,,,,,0.487,,,,,,true,true,12,2017-04-01,2018-03-31,1
2017-05-12,69120,2017-03-31,,7542000000,-0.003,,,,,582000000,0.046,579000000,-0.031,448000000,,0.056,53.38,,,,,,10940000000,8839000000,0.808,1057.57,8839000000,,,,,22.00,,,,9900000,1541449,8403976,false,false,12,2016-04-01,2017-03-31,0
2017-05-12,69120,2016-03-31,,7565000000,0.010,,,,,557000000,-0.131,597000000,-0.142,424000000,,0.020,50.13,,,,,,10819000000,8611000000,0.796,1021.48,8611000000,,,,,22.00,,,,9900000,1469369,8472939,false,false,12,2015-04-01,2016-03-31,-1
2017-05-12,69120,2018-03-31,,,,,,,,,,,,,,,,,,,,,,,,,,,,,,22.00,,,,,,,false,true,12,2017-04-01,2018-03-31,1
2017-07-28,69120,2018-03-31,1,1579000000,-0.074,,,,,-85000000,,-73000000,,,-51000000,,-6.17,,,,,,10864000000,8862000000,0.812,,8823000000,,,,,,,,,,,,true,false,3,2017-04-01,2017-06-30,0
2017-07-28,69120,2017-03-31,1,1705000000,-0.018,,,,,30000000,0.041,36000000,-0.413,,30000000,,3.58,,,,,,,,,,,,,,,,,,,,,,true,false,3,2016-04-01,2016-06-30,-1
2017-07-28,69120,2018-03-31,1,3400000000,-0.041,,,,,40000000,-0.715,50000000,-0.640,,35000000,,4.19,,,,,,,,,,,,,,,,,,,,,,true,true,6,2017-04-01,2017-09-30,0
2017-07-28,69120,2018-03-31,1,7800000000,0.008,,,,,460000000,-0.062,480000000,0.025,,315000000,,37.69,,,,,,,,,,,,,,,,,,,,,,true,true,12,2017-04-01,2018-03-31,0
2017-07-28,69120,2017-03-31,1,,,,,,,,,,,,,,,,,,,,11180000000,9017000000,0.803,,8980000000,,,,,,,,,,,,true,false,12,2016-04-01,2017-03-31,-1
2017-07-28,69120,2017-03-31,1,,,,,,,,,,,,,,,,,,,,,,,,,,,,,22.00,,,,9900000,1541449,,false,false,12,2016-04-01,2017-03-31,-1
2017-07-28,69120,2018-03-31,1,,,,,,,,,,,,,,,,,,,,,,,,,,,,,22.00,,,,,,,false,true,12,2017-04-01,2018-03-31,0
2017-07-28,69120,2018-03-31,1,,,,,,,,,,,,,,,,,,,,,,,,,,,,,,,,,9900000,1541449,8358551,false,false,3,2017-04-01,2017-06-30,0
2017-07-28,69120,2017-03-31,1,,,,,,,,,,,,,,,,,,,,,,,,,,,,,,,,,,,8430631,false,false,3,2016-04-01,2016-06-30,-1
2017-10-30,69120,2018-03-31,2,3517000000,-0.008,,,,,82000000,-0.412,85000000,-0.387,,74000000,,8.86,,,,,,11300000000,9191000000,0.810,,9151000000,,,,,,,,,,,,true,false,6,2017-04-01,2017-09-30,0
2017-10-30,69120,2017-03-31,2,3544000000,-0.032,,,,,140000000,-0.109,139000000,-0.241,,80000000,,9.55,,,,,,,,,,,,,,,,,,,,,,true,false,6,2016-04-01,2016-09-30,-1
2017-10-30,69120,2018-03-31,2,7800000000,0.008,,,,,460000000,-0.062,480000000,0.025,,315000000,,37.69,,,,,,,,,,,,,,,,,,,,,,true,true,12,2017-04-01,2018-03-31,0
2017-10-30,69120,2017-03-31,2,,,,,,,,,,,,,,,,,,,,11180000000,9017000000,0.803,,8980000000,,,,,,,,,,,,true,false,12,2016-04-01,2017-03-31,-1
2017-10-30,69120,2017-03-31,2,,,,,,,,,,,,,,,,,,,,,,,,,,,,,22.00,,,,9900000,1541449,,false,false,12,2016-04-01,2017-03-31,-1
2017-10-30,69120,2018-03-31,2,,,,,,,,,,,,,,,,,,,,,,,,,,,,,0.00,,,,,,,false,false,12,2017-04-01,2018-03-31,0
2017-10-30,69120,2018-03-31,2,,,,,,,,,,,,,,,,,,,,,,,,,,,,,22.00,,,,,,,false,true,12,2017-04-01,2018-03-31,0
2017-10-30,69120,2018-03-31,2,,,,,,,,,,,,,,,,,,,,,,,,,,,,,,,,,9900000,1551149,8356780,false,false,6,2017-04-01,2017-09-30,0
2017-10-30,69120,2017-03-31,2,,,,,,,,,,,,,,,,,,,,,,,,,,,,,,,,,,,8424054,false,false,6,2016-04-01,2016-09-30,-1
2018-01-30,69120,2018-03-31,3,5226000000,-0.013,,,,,34000000,-0.752,43000000,-0.693,,59000000,,7.08,,,,,,11490000000,9330000000,0.808,,9289000000,,,,,,,,,,,,true,false,9,2017-04-01,2017-12-31,0
2018-01-30,69120,2017-03-31,3,5293000000,-0.034,,,,,137000000,-0.421,141000000,-0.471,,73000000,,8.71,,,,,,,,,,,,,,,,,,,,,,true,false,9,2016-04-01,2016-12-31,-1
2018-01-30,69120,2018-03-31,3,7800000000,0.008,,,,,400000000,-0.184,400000000,-0.145,,285000000,,34.12,,,,,,,,,,,,,,,,,,,,,,true,true,12,2017-04-01,2018-03-31,0
2018-01-30,69120,2017-03-31,3,,,,,,,,,,,,,,,,,,,,11180000000,9017000000,0.803,,8980000000,,,,,,,,,,,,true,false,12,2016-04-01,2017-03-31,-1
2018-01-30,69120,2017-03-31,3,,,,,,,,,,,,,,,,,,,,,,,,,,,,,22.00,,,,9900000,1541449,,false,false,12,2016-04-01,2017-03-31,-1
2018-01-30,69120,2018-03-31,3,,,,,,,,,,,,,,,,,,,,,,,,,,,,,0.00,,,,,,,false,false,12,2017-04-01,2018-03-31,0
2018-01-30,69120,2018-03-31,3,,,,,,,,,,,,,,,,,,,,,,,,,,,,,22.00,,,,,,,false,true,12,2017-04-01,2018-03-31,0
2018-01-30,69120,2018-03-31,3,,,,,,,,,,,,,,,,,,,,,,,,,,,,,,,,,9900000,1567949,8351721,false,false,9,2017-04-01,2017-12-31,0
2018-01-30,69120,2017-03-31,3,,,,,,,,,,,,,,,,,,,,,,,,,,,,,,,,,,,8414703,false,false,9,2016-04-01,2016-12-31,-1
2018-04-26,69120,2018-03-31,,7950000000,0.019,,,,,481000000,0.204,487000000,0.220,,338000000,,40.59,,,,,,,,,,,,,,,,,,,,,,true,true,12,2017-04-01,2018-03-31,0
2018-04-26,69120,2017-03-31,,7736000000,,,,,,490000000,,468000000,,,334000000,,39.79,,,,,,,,,,,,,,,,,,,,,,true,false,12,2016-04-01,2017-03-31,-1
2018-05-11,69120,2018-03-31,,7950000000,0.028,,,,,481000000,-0.018,487000000,0.042,,338000000,,40.59,,0.037,0.042,0.061,,11937000000,9455000000,0.789,1131.11,9416000000,257000000,-375000000,-218000000,2533000000,,0.542,,,,,,true,false,12,2017-04-01,2018-03-31,0
2018-05-11,69120,2017-03-31,,7736000000,-0.029,,,,,490000000,-0.205,468000000,-0.273,,334000000,,39.79,,0.037,0.042,0.063,,11180000000,9017000000,0.803,1074.36,8980000000,326000000,-35000000,-235000000,2867000000,,0.553,,,,,,true,false,12,2016-04-01,2017-03-31,-1
2018-05-11,69120,2019-03-31,,3750000000,0.066,,,,,100000000,0.214,110000000,0.290,,80000000,,9.58,,,,,,,,,,,,,,,,,,,,,,true,true,6,2018-04-01,2018-09-30,1
2018-05-11,69120,2019-03-31,,8350000000,0.050,,,,,590000000,0.225,610000000,0.250,,410000000,,49.12,,,,,,,,,,,,,,,,0.448,,,,,,true,true,12,2018-04-01,2019-03-31,1
2018-05-11,69120,2018-03-31,,7550000000,0.001,,,,,384000000,-0.340,398000000,-0.312,248000000,,-0.446,29.78,,,,,,11593000000,9169000000,0.791,1101.39,9169000000,,,,,22.00,,,,9900000,1574749,8346389,false,false,12,2017-04-01,2018-03-31,0
2018-05-11,69120,2017-03-31,,7542000000,-0.003,,,,,582000000,0.046,579000000,-0.031,448000000,,0.056,53.38,,,,,,10940000000,8839000000,0.808,1057.57,8839000000,,,,,22.00,,,,9900000,1541449,8403976,false,false,12,2016-04-01,2017-03-31,-1
2018-05-11,69120,2019-03-31,,,,,,,,,,,,,,,,,,,,,,,,,,,,,,22.00,,,,,,,false,true,12,2018-04-01,2019-03-31,1
2018-07-30,69120,2019-03-31,1,1771000000,0.122,,,,,-54000000,,-41000000,,,-62000000,,-7.52,,,,,,11116000000,9171000000,0.822,,9132000000,,,,,,,,,,,,true,false,3,2018-04-01,2018-06-30,0
2018-07-30,69120,2018-03-31,1,1579000000,-0.074,,,,,-85000000,,-73000000,,,-51000000,,-6.17,,,,,,,,,,,,,,,,,,,,,,true,false,3,2017-04-01,2017-06-30,-1
2018-07-30,69120,2019-03-31,1,3750000000,0.066,,,,,100000000,0.214,110000000,0.290,,80000000,,9.58,,,,,,,,,,,,,,,,,,,,,,true,true,6,2018-04-01,2018-09-30,0
2018-07-30,69120,2019-03-31,1,8350000000,0.050,,,,,590000000,0.225,610000000,0.250,,410000000,,49.12,,,,,,,,,,,,,,,,,,,,,,true,true,12,2018-04-01,2019-03-31,0
2018-07-30,69120,2018-03-31,1,,,,,,,,,,,,,,,,,,,,11605000000,9455000000,0.811,,9416000000,,,,,,,,,,,,true,false,12,2017-04-01,2018-03-31,-1
2018-07-30,69120,2018-03-31,1,,,,,,,,,,,,,,,,,,,,,,,,,,,,,22.00,,,,9900000,1574749,,false,false,12,2017-04-01,2018-03-31,-1
2018-07-30,69120,2019-03-31,1,,,,,,,,,,,,,,,,,,,,,,,,,,,,,22.00,,,,,,,false,true,12,2018-04-01,2019-03-31,0
2018-07-30,69120,2019-03-31,1,,,,,,,,,,,,,,,,,,,,,,,,,,,,,,,,,9900000,1574749,8325251,false,false,3,2018-04-01,2018-06-30,0
2018-07-30,69120,2018-03-31,1,,,,,,,,,,,,,,,,,,,,,,,,,,,,,,,,,,,8358551,false,false,3,2017-04-01,2017-06-30,-1
2018-10-30,69120,2019-03-31,2,3930000000,0.117,,,,,181000000,1.204,187000000,1.200,,98000000,,11.82,,,,,,11307000000,9297000000,0.819,,9257000000,,,,,,,,,,,,true,false,6,2018-04-01,2018-09-30,0
2018-10-30,69120,2018-03-31,2,3517000000,-0.008,,,,,82000000,-0.412,85000000,-0.387,,74000000,,8.86,,,,,,,,,,,,,,,,,,,,,,true,false,6,2017-04-01,2017-09-30,-1
2018-10-30,69120,2019-03-31,2,8350000000,0.050,,,,,590000000,0.225,610000000,0.250,,410000000,,49.30,,,,,,,,,,,,,,,,,,,,,,true,true,12,2018-04-01,2019-03-31,0
2018-10-30,69120,2018-03-31,2,,,,,,,,,,,,,,,,,,,,11605000000,9455000000,0.811,,9416000000,,,,,,,,,,,,true,false,12,2017-04-01,2018-03-31,-1
2018-10-30,69120,2018-03-31,2,,,,,,,,,,,,,,,,,,,,,,,,,,,,,22.00,,,,9900000,1574749,,false,false,12,2017-04-01,2018-03-31,-1
2018-10-30,69120,2019-03-31,2,,,,,,,,,,,,,,,,,,,,,,,,,,,,,0.00,,,,,,,false,false,12,2018-04-01,2019-03-31,0
2018-10-30,69120,2019-03-31,2,,,,,,,,,,,,,,,,,,,,,,,,,,,,,22.00,,,,,,,false,true,12,2018-04-01,2019-03-31,0
2018-10-30,69120,2019-03-31,2,,,,,,,,,,,,,,,,,,,,,,,,,,,,,,,,,9900000,1606750,8316179,false,false,6,2018-04-01,2018-09-30,0
2018-10-30,69120,2018-03-31,2,,,,,,,,,,,,,,,,,,,,,,,,,,,,,,,,,,,8356780,false,false,6,2017-04-01,2017-09-30,-1
2019-01-30,69120,2019-03-31,3,6175000000,0.182,,,,,342000000,9.051,354000000,7.165,,207000000,,24.95,,,,,,11314000000,9163000000,0.806,,9121000000,,,,,,,,,,,,true,false,9,2018-04-01,2018-12-31,0
2019-01-30,69120,2018-03-31,3,5226000000,-0.013,,,,,34000000,-0.752,43000000,-0.693,,59000000,,7.08,,,,,,,,,,,,,,,,,,,,,,true,false,9,2017-04-01,2017-12-31,-1
2019-01-30,69120,2019-03-31,3,8350000000,0.050,,,,,590000000,0.225,610000000,0.250,,410000000,,49.38,,,,,,,,,,,,,,,,,,,,,,true,true,12,2018-04-01,2019-03-31,0
2019-01-30,69120,2018-03-31,3,,,,,,,,,,,,,,,,,,,,11605000000,9455000000,0.811,,9416000000,,,,,,,,,,,,true,false,12,2017-04-01,2018-03-31,-1
2019-01-30,69120,2018-03-31,3,,,,,,,,,,,,,,,,,,,,,,,,,,,,,22.00,,,,9900000,1574749,,false,false,12,2017-04-01,2018-03-31,-1
2019-01-30,69120,2019-03-31,3,,,,,,,,,,,,,,,,,,,,,,,,,,,,,0.00,,,,,,,false,false,12,2018-04-01,2019-03-31,0
2019-01-30,69120,2019-03-31,3,,,,,,,,,,,,,,,,,,,,,,,,,,,,,22.00,,,,,,,false,true,12,2018-04-01,2019-03-31,0
2019-01-30,69120,2019-03-31,3,,,,,,,,,,,,,,,,,,,,,,,,,,,,,,,,,9900000,1638750,8302641,false,false,9,2018-04-01,2018-12-31,0
2019-01-30,69120,2018-03-31,3,,,,,,,,,,,,,,,,,,,,,,,,,,,,,,,,,,,8351721,false,false,9,2017-04-01,2017-12-31,-1
2019-04-25,69120,2019-03-31,,8917000000,0.068,,,,,696000000,0.180,701000000,0.150,443000000,,0.082,53.52,,,,,,,,,,,,,,,,,,,,,,true,true,12,2018-04-01,2019-03-31,0
2019-04-25,69120,2018-03-31,,7950000000,,,,,,481000000,,487000000,,338000000,,,40.59,,,,,,,,,,,,,,,,,,,,,,true,false,12,2017-04-01,2018-03-31,-1
2019-04-25,69120,2019-03-31,,,,,,,,,,,,,,,,,,,,,,,,,,,,,,23.00,,,,,,,false,true,12,2018-04-01,2019-03-31,0
2019-04-25,69120,2019-03-31,,,,,,,,,,,,,,,,,,,,,,,,,,,,,,0.00,,,,,,,false,false,12,2018-04-01,2019-03-31,0
2019-04-25,69120,2018-03-31,,,,,,,,,,,,,,,,,,,,,,,,,,,,,,22.00,,,,,,,false,false,12,2017-04-01,2018-03-31,-1
2019-05-14,69120,2019-03-31,,8917000000,0.122,,,,,696000000,0.446,701000000,0.438,,443000000,,53.52,,0.047,0.060,0.078,,11759000000,9404000000,0.800,1140.62,9404000000,501000000,-567000000,-255000000,2206000000,,0.430,,,,,,true,false,12,2018-04-01,2019-03-31,0
2019-05-14,69120,2018-03-31,,7950000000,0.028,,,,,481000000,-0.018,487000000,0.042,,338000000,,40.59,,0.037,0.042,0.061,,11605000000,9455000000,0.811,1131.11,9416000000,257000000,-375000000,-218000000,2533000000,,0.542,,,,,,true,false,12,2017-04-01,2018-03-31,-1
2019-05-14,69120,2020-03-31,,4000000000,0.018,,,,,185000000,0.018,195000000,0.040,,110000000,,13.27,,,,,,,,,,,,,,,,,,,,,,true,true,6,2019-04-01,2019-09-30,1
2019-05-14,69120,2020-03-31,,9000000000,0.009,,,,,700000000,0.005,710000000,0.012,,460000000,,55.48,,,,,,,,,,,,,,,,0.415,,,,,,true,true,12,2019-04-01,2020-03-31,1
2019-05-14,69120,2019-03-31,,8592000000,0.138,,,,,693000000,0.803,717000000,0.800,462000000,,0.861,55.81,,,,,,11499000000,9180000000,0.798,1113.38,9180000000,,,,,23.00,,,,9900000,1654750,8290574,false,false,12,2018-04-01,2019-03-31,0
2019-05-14,69120,2018-03-31,,7550000000,0.001,,,,,384000000,-0.340,398000000,-0.312,248000000,,-0.446,29.78,,,,,,11276000000,9169000000,0.813,1101.39,9169000000,,,,,22.00,,,,9900000,1574749,8346389,false,false,12,2017-04-01,2018-03-31,-1
2019-05-14,69120,2020-03-31,,,,,,,,,,,,,,,,,,,,,,,,,,,,,,23.00,,,,,,,false,true,12,2019-04-01,2020-03-31,1
2019-07-30,69120,2020-03-31,1,1935000000,0.093,,,,,23000000,,39000000,,,30000000,,3.71,,,,,,11226000000,9213000000,0.821,,9213000000,,,,,,,,,,,,true,false,3,2019-04-01,2019-06-30,0
2019-07-30,69120,2019-03-31,1,1771000000,0.122,,,,,-54000000,,-41000000,,,-62000000,,-7.52,,,,,,,,,,,,,,,,,,,,,,true,false,3,2018-04-01,2018-06-30,-1
2019-07-30,69120,2020-03-31,1,4000000000,0.018,,,,,185000000,0.018,195000000,0.040,,110000000,,13.34,,,,,,,,,,,,,,,,,,,,,,true,true,6,2019-04-01,2019-09-30,0
2019-07-30,69120,2020-03-31,1,9000000000,0.009,,,,,700000000,0.005,710000000,0.012,,460000000,,55.79,,,,,,,,,,,,,,,,,,,,,,true,true,12,2019-04-01,2020-03-31,0
2019-07-30,69120,2019-03-31,1,,,,,,,,,,,,,,,,,,,,11759000000,9404000000,0.800,,9404000000,,,,,,,,,,,,true,false,12,2018-04-01,2019-03-31,-1
2019-07-30,69120,2019-03-31,1,,,,,,,,,,,,,,,,,,,,,,,,,,,,,23.00,,,,9900000,1654750,,false,false,12,2018-04-01,2019-03-31,-1
2019-07-30,69120,2020-03-31,1,,,,,,,,,,,,,,,,,,,,,,,,,,,,,23.00,,,,,,,false,true,12,2019-04-01,2020-03-31,0
2019-07-30,69120,2020-03-31,1,,,,,,,,,,,,,,,,,,,,,,,,,,,,,,,,,9900000,1654797,8245227,false,false,3,2019-04-01,2019-06-30,0
2019-07-30,69120,2019-03-31,1,,,,,,,,,,,,,,,,,,,,,,,,,,,,,,,,,,,8325251,false,false,3,2018-04-01,2018-06-30,-1
2019-10-30,69120,2020-03-31,2,4152000000,0.057,,,,,220000000,0.216,230000000,0.227,,163000000,,19.78,,,,,,11181000000,9321000000,0.834,,9321000000,,,,,,,,,,,,true,false,6,2019-04-01,2019-09-30,0
2019-10-30,69120,2019-03-31,2,3930000000,0.117,,,,,181000000,1.204,187000000,1.200,,98000000,,11.82,,,,,,,,,,,,,,,,,,,,,,true,false,6,2018-04-01,2018-09-30,-1
2019-10-30,69120,2020-03-31,2,9000000000,0.009,,,,,700000000,0.005,710000000,0.012,,460000000,,55.70,,,,,,,,,,,,,,,,,,,,,,true,true,12,2019-04-01,2020-03-31,0
2019-10-30,69120,2019-03-31,2,,,,,,,,,,,,,,,,,,,,11759000000,9404000000,0.800,,9404000000,,,,,,,,,,,,true,false,12,2018-04-01,2019-03-31,-1
2019-10-30,69120,2019-03-31,2,,,,,,,,,,,,,,,,,,,,,,,,,,,,,23.00,,,,9900000,1654750,,false,false,12,2018-04-01,2019-03-31,-1
2019-10-30,69120,2020-03-31,2,,,,,,,,,,,,,,,,,,,,,,,,,,,,,0.00,,,,,,,false,false,12,2019-04-01,2020-03-31,0
2019-10-30,69120,2020-03-31,2,,,,,,,,,,,,,,,,,,,,,,,,,,,,,23.00,,,,,,,false,true,12,2019-04-01,2020-03-31,0
2019-10-30,69120,2020-03-31,2,,,,,,,,,,,,,,,,,,,,,,,,,,,,,,,,,9900000,1625153,8257921,false,false,6,2019-04-01,2019-09-30,0
2019-10-30,69120,2019-03-31,2,,,,,,,,,,,,,,,,,,,,,,,,,,,,,,,,,,,8316179,false,false,6,2018-04-01,2018-09-30,-1
2020-01-30,69120,2020-03-31,3,6335000000,0.026,,,,,259000000,-0.244,288000000,-0.186,,234000000,,28.43,,,,,,11394000000,9482000000,0.832,,9482000000,,,,,,,,,,,,true,false,9,2019-04-01,2019-12-31,0
2020-01-30,69120,2019-03-31,3,6175000000,0.182,,,,,342000000,9.051,354000000,7.165,,207000000,,24.95,,,,,,,,,,,,,,,,,,,,,,true,false,9,2018-04-01,2018-12-31,-1
2020-01-30,69120,2020-03-31,3,9000000000,0.009,,,,,700000000,0.005,710000000,0.012,,460000000,,55.67,,,,,,,,,,,,,,,,,,,,,,true,true,12,2019-04-01,2020-03-31,0
2020-01-30,69120,2019-03-31,3,,,,,,,,,,,,,,,,,,,,11759000000,9404000000,0.800,,9404000000,,,,,,,,,,,,true,false,12,2018-04-01,2019-03-31,-1
2020-01-30,69120,2019-03-31,3,,,,,,,,,,,,,,,,,,,,,,,,,,,,,23.00,,,,9900000,1654750,,false,false,12,2018-04-01,2019-03-31,-1
2020-01-30,69120,2020-03-31,3,,,,,,,,,,,,,,,,,,,,,,,,,,,,,0.00,,,,,,,false,false,12,2019-04-01,2020-03-31,0
2020-01-30,69120,2020-03-31,3,,,,,,,,,,,,,,,,,,,,,,,,,,,,,23.00,,,,,,,false,true,12,2019-04-01,2020-03-31,0
2020-01-30,69120,2020-03-31,3,,,,,,,,,,,,,,,,,,,,,,,,,,,,,,,,,9900000,1625153,8262999,false,false,9,2019-04-01,2019-12-31,0
2020-01-30,69120,2019-03-31,3,,,,,,,,,,,,,,,,,,,,,,,,,,,,,,,,,,,8302641,false,false,9,2018-04-01,2018-12-31,-1
2020-03-13,69120,2020-03-31,,9050000000,0.006,,,,,610000000,-0.129,620000000,-0.127,,460000000,,55.67,,,,,,,,,,,,,,,,,,,,,,true,true,12,2019-04-01,2020-03-31,0
2020-03-13,69120,2019-03-31,,8917000000,,,,,,696000000,,701000000,,,443000000,,53.52,,,,,,,,,,,,,,,,,,,,,,true,false,12,2018-04-01,2019-03-31,-1
2020-05-14,69120,2020-03-31,,9072000000,0.017,,,,,654000000,-0.060,660000000,-0.058,,495000000,,59.94,,0.052,0.056,0.072,,11655000000,9505000000,0.816,1148.75,9505000000,769000000,-307000000,-193000000,2464000000,,0.384,,,,,,true,false,12,2019-04-01,2020-03-31,0
2020-05-14,69120,2019-03-31,,8917000000,0.122,,,,,696000000,0.446,701000000,0.438,,443000000,,53.52,,0.047,0.060,0.078,,11759000000,9404000000,0.800,1140.62,9404000000,501000000,-567000000,-255000000,2206000000,,0.430,,,,,,true,false,12,2018-04-01,2019-03-31,-1
2020-05-14,69120,2020-03-31,,8665000000,0.008,,,,,547000000,-0.210,568000000,-0.208,410000000,,-0.112,49.70,,,,,,11350000000,9247000000,0.815,1117.52,9247000000,,,,,23.00,,,,9900000,1625153,8265733,false,false,12,2019-04-01,2020-03-31,0
2020-05-14,69120,2019-03-31,,8592000000,0.138,,,,,693000000,0.803,717000000,0.800,462000000,,0.861,55.81,,,,,,11499000000,9180000000,0.798,1113.38,9180000000,,,,,23.00,,,,9900000,1654750,8290574,false,false,12,2018-04-01,2019-03-31,-1
2020-07-30,69120,2021-03-31,1,1588000000,-0.180,,,,,-101000000,,-88000000,,,-58000000,,-7.08,,,,,,11366000000,9433000000,0.830,,9432000000,,,,,,,,,,,,true,false,3,2020-04-01,2020-06-30,0
2020-07-30,69120,2020-03-31,1,1935000000,0.093,,,,,23000000,,39000000,,,30000000,,3.71,,,,,,,,,,,,,,,,,,,,,,true,false,3,2019-04-01,2019-06-30,-1
2020-07-30,69120,2020-03-31,1,,,,,,,,,,,,,,,,,,,,11655000000,9505000000,0.816,,9505000000,,,,,,,,,,,,true,false,12,2019-04-01,2020-03-31,-1
2020-07-30,69120,2020-03-31,1,,,,,,,,,,,,,,,,,,,,,,,,,,,,,23.00,,,,9900000,1625153,,false,false,12,2019-04-01,2020-03-31,-1
2020-07-30,69120,2021-03-31,1,,,,,,,,,,,,,,,,,,,,,,,,,,,,,,,,,9900000,1625153,8274847,false,false,3,2020-04-01,2020-06-30,0
2020-07-30,69120,2020-03-31,1,,,,,,,,,,,,,,,,,,,,,,,,,,,,,,,,,,,8245227,false,false,3,2019-04-01,2019-06-30,-1
2020-10-14,69120,2021-03-31,,3495000000,,,,,,-65000000,,-40000000,,-18000000,,,-2.17,,,,,,,,,,,,,,,,,,,,,,true,true,6,2020-04-01,2020-09-30,0
2020-10-14,69120,2020-03-31,,4152000000,,,,,,220000000,,230000000,,163000000,,,19.78,,,,,,,,,,,,,,,,,,,,,,true,false,6,2019-04-01,2019-09-30,-1
2020-10-14,69120,2021-03-31,,,,,,,,,,,,,,,,,,,,,,,,,,,,,,0.00,,,,,,,false,true,12,2020-04-01,2021-03-31,0
2020-10-14,69120,2020-03-31,,,,,,,,,,,,,,,,,,,,,,,,,,,,,,23.00,,,,,,,false,false,12,2019-04-01,2020-03-31,-1
2020-10-29,69120,2021-03-31,2,3498000000,-0.158,,,,,-62000000,,-37000000,,,-17000000,,-2.17,,,,,,11276000000,9519000000,0.844,,9519000000,,,,,,,,,,,,true,false,6,2020-04-01,2020-09-30,0
2020-10-29,69120,2020-03-31,2,4152000000,0.057,,,,,220000000,0.216,230000000,0.227,,163000000,,19.78,,,,,,,,,,,,,,,,,,,,,,true,false,6,2019-04-01,2019-09-30,-1
2020-10-29,69120,2021-03-31,2,7500000000,-0.173,,,,,100000000,-0.847,130000000,-0.803,,90000000,,10.86,,,,,,,,,,,,,,,,,,,,,,true,true,12,2020-04-01,2021-03-31,0
2020-10-29,69120,2020-03-31,2,,,,,,,,,,,,,,,,,,,,11655000000,9505000000,0.816,,9505000000,,,,,,,,,,,,true,false,12,2019-04-01,2020-03-31,-1
2020-10-29,69120,2020-03-31,2,,,,,,,,,,,,,,,,,,,,,,,,,,,,,23.00,,,,9900000,1625153,,false,false,12,2019-04-01,2020-03-31,-1
2020-10-29,69120,2021-03-31,2,,,,,,,,,,,,,,,,,,,,,,,,,,,,,0.00,,,,,,,false,false,12,2020-04-01,2021-03-31,0
2020-10-29,69120,2021-03-31,2,,,,,,,,,,,,,,,,,,,,,,,,,,,,,20.00,,,,,,,false,true,12,2020-04-01,2021-03-31,0
2020-10-29,69120,2021-03-31,2,,,,,,,,,,,,,,,,,,,,,,,,,,,,,,,,,9900000,1590493,8289701,false,false,6,2020-04-01,2020-09-30,0
2020-10-29,69120,2020-03-31,2,,,,,,,,,,,,,,,,,,,,,,,,,,,,,,,,,,,8257921,false,false,6,2019-04-01,2019-09-30,-1
2021-01-28,69120,2021-03-31,3,5492000000,-0.133,,,,,41000000,-0.840,80000000,-0.722,,70000000,,8.56,,,,,,11292000000,9612000000,0.851,,9612000000,,,,,,,,,,,,true,false,9,2020-04-01,2020-12-31,0
2021-01-28,69120,2020-03-31,3,6335000000,0.026,,,,,259000000,-0.244,288000000,-0.186,,234000000,,28.43,,,,,,,,,,,,,,,,,,,,,,true,false,9,2019-04-01,2019-12-31,-1
2021-01-28,69120,2021-03-31,3,7500000000,-0.173,,,,,100000000,-0.847,130000000,-0.803,,90000000,,10.85,,,,,,,,,,,,,,,,,,,,,,true,true,12,2020-04-01,2021-03-31,0
2021-01-28,69120,2020-03-31,3,,,,,,,,,,,,,,,,,,,,11655000000,9505000000,0.816,,9505000000,,,,,,,,,,,,true,false,12,2019-04-01,2020-03-31,-1
2021-01-28,69120,2020-03-31,3,,,,,,,,,,,,,,,,,,,,,,,,,,,,,23.00,,,,9900000,1625153,,false,false,12,2019-04-01,2020-03-31,-1
2021-01-28,69120,2021-03-31,3,,,,,,,,,,,,,,,,,,,,,,,,,,,,,0.00,,,,,,,false,false,12,2020-04-01,2021-03-31,0
2021-01-28,69120,2021-03-31,3,,,,,,,,,,,,,,,,,,,,,,,,,,,,,20.00,,,,,,,false,true,12,2020-04-01,2021-03-31,0
2021-01-28,69120,2021-03-31,3,,,,,,,,,,,,,,,,,,,,,,,,,,,,,,,,,9900000,1590493,8295643,false,false,9,2020-04-01,2020-12-31,0
2021-01-28,69120,2020-03-31,3,,,,,,,,,,,,,,,,,,,,,,,,,,,,,,,,,,,8262999,false,false,9,2019-04-01,2019-12-31,-1
2021-02-25,69120,2021-03-31,,8180000000,0.091,,,,,440000000,3.400,470000000,2.615,,330000000,,39.78,,,,,,,,,,,,,,,,,,,,,,true,true,12,2020-04-01,2021-03-31,0
2021-02-25,69120,2020-03-31,,9072000000,,,,,,654000000,,660000000,,,495000000,,59.94,,,,,,,,,,,,,,,,,,,,,,true,false,12,2019-04-01,2020-03-31,-1
2021-05-14,69120,2021-03-31,,8163000000,-0.100,,,,,418000000,-0.361,460000000,-0.303,,325000000,,39.18,,0.033,0.039,0.051,,11987000000,9989000000,0.833,1202.15,9989000000,1070000000,-277000000,-195000000,3088000000,,0.510,,,,,,true,false,12,2020-04-01,2021-03-31,0
2021-05-14,69120,2020-03-31,,9072000000,0.017,,,,,654000000,-0.060,660000000,-0.058,,495000000,,59.94,,0.052,0.056,0.072,,11655000000,9505000000,0.816,1148.75,9505000000,769000000,-307000000,-193000000,2464000000,,0.384,,,,,,true,false,12,2019-04-01,2020-03-31,-1
2021-05-14,69120,2022-03-31,,3900000000,,,,,,160000000,,180000000,,120000000,,,14.46,,,,,,,,,,,,,,,,,,,,,,true,true,6,2021-04-01,2021-09-30,1
2021-05-14,69120,2022-03-31,,8400000000,,,,,,500000000,,540000000,,360000000,,,43.38,,,,,,,,,,,,,,,,0.530,,,,,,true,true,12,2021-04-01,2022-03-31,1
2021-05-14,69120,2021-03-31,,7842000000,-0.095,,,,,357000000,-0.347,396000000,-0.302,265000000,,-0.354,31.99,,,,,,11575000000,9585000000,0.828,1153.60,9585000000,,,,,20.00,,,,9900000,1590493,8298842,false,false,12,2020-04-01,2021-03-31,0
2021-05-14,69120,2020-03-31,,8665000000,0.008,,,,,547000000,-0.210,568000000,-0.208,410000000,,-0.112,49.70,,,,,,11350000000,9247000000,0.815,1117.52,9247000000,,,,,23.00,,,,9900000,1625153,8265733,false,false,12,2019-04-01,2020-03-31,-1
2021-05-14,69120,2022-03-31,,,,,,,,,,,,,,,,,,,,,,,,,,,,,,23.00,,,,,,,false,true,12,2021-04-01,2022-03-31,1
2021-07-29,69120,2022-03-31,1,2214000000,,,,,,263000000,,285000000,,,198000000,,23.87,,,,,,12317000000,10143000000,0.823,,10143000000,,,,,,,,,,,,true,false,3,2021-04-01,2021-06-30,0
2021-07-29,69120,2021-03-31,1,1588000000,-0.180,,,,,-101000000,,-88000000,,,-58000000,,-7.08,,,,,,,,,,,,,,,,,,,,,,true,false,3,2020-04-01,2020-06-30,-1
2021-07-29,69120,2022-03-31,1,4500000000,,,,,,400000000,,420000000,,,300000000,,36.10,,,,,,,,,,,,,,,,,,,,,,true,true,6,2021-04-01,2021-09-30,0
2021-07-29,69120,2022-03-31,1,9000000000,,,,,,740000000,,780000000,,,540000000,,64.99,,,,,,,,,,,,,,,,,,,,,,true,true,12,2021-04-01,2022-03-31,0
2021-07-29,69120,2021-03-31,1,,,,,,,,,,,,,,,,,,,,11987000000,9989000000,0.833,,9989000000,,,,,,,,,,,,true,false,12,2020-04-01,2021-03-31,-1
2021-07-29,69120,2021-03-31,1,,,,,,,,,,,,,,,,,,,,,,,,,,,,,20.00,,,,9900000,1590493,,false,false,12,2020-04-01,2021-03-31,-1
2021-07-29,69120,2022-03-31,1,,,,,,,,,,,,,,,,,,,,,,,,,,,,,23.00,,,,,,,false,true,12,2021-04-01,2022-03-31,0
2021-07-29,69120,2022-03-31,1,,,,,,,,,,,,,,,,,,,,,,,,,,,,,,,,,9900000,1590493,8309507,false,false,3,2021-04-01,2021-06-30,0
2021-07-29,69120,2021-03-31,1,,,,,,,,,,,,,,,,,,,,,,,,,,,,,,,,,,,8274847,false,false,3,2020-04-01,2020-06-30,-1
2021-10-27,69120,2022-03-31,,4674000000,0.039,,,,,560000000,0.402,591000000,0.408,,412000000,,49.59,,,,,,,,,,,,,,,,,,,,,,true,true,6,2021-04-01,2021-09-30,0
2021-10-27,69120,2021-03-31,,3498000000,,,,,,-62000000,,-37000000,,,-17000000,,-2.17,,,,,,,,,,,,,,,,,,,,,,true,false,6,2020-04-01,2020-09-30,-1
2021-10-27,69120,2022-03-31,,9174000000,0.019,,,,,900000000,0.217,951000000,0.219,,652000000,,78.43,,,,,,,,,,,,,,,,,,,,,,true,true,12,2021-04-01,2022-03-31,0
2021-10-27,69120,2021-03-31,,8163000000,,,,,,418000000,,460000000,,,325000000,,39.18,,,,,,,,,,,,,,,,,,,,,,true,false,12,2020-04-01,2021-03-31,-1
2021-10-28,69120,2022-03-31,2,4674000000,,,,,,560000000,,591000000,,,412000000,,49.59,,,,,,12723000000,10414000000,0.819,,10414000000,,,,,,,,,,,,true,false,6,2021-04-01,2021-09-30,0
2021-10-28,69120,2021-03-31,2,3498000000,-0.158,,,,,-62000000,,-37000000,,,-17000000,,-2.17,,,,,,,,,,,,,,,,,,,,,,true,false,6,2020-04-01,2020-09-30,-1
2021-10-28,69120,2022-03-31,2,9174000000,,,,,,900000000,,951000000,,,652000000,,78.43,,,,,,,,,,,,,,,,,,,,,,true,true,12,2021-04-01,2022-03-31,0
2021-10-28,69120,2021-03-31,2,,,,,,,,,,,,,,,,,,,,11987000000,9989000000,0.833,,9989000000,,,,,,,,,,,,true,false,12,2020-04-01,2021-03-31,-1
2021-10-28,69120,2021-03-31,2,,,,,,,,,,,,,,,,,,,,,,,,,,,,,20.00,,,,9900000,1590493,,false,false,12,2020-04-01,2021-03-31,-1
2021-10-28,69120,2022-03-31,2,,,,,,,,,,,,,,,,,,,,,,,,,,,,,0.00,,,,,,,false,false,12,2021-04-01,2022-03-31,0
2021-10-28,69120,2022-03-31,2,,,,,,,,,,,,,,,,,,,,,,,,,,,,,23.00,,,,,,,false,true,12,2021-04-01,2022-03-31,0
2021-10-28,69120,2022-03-31,2,,,,,,,,,,,,,,,,,,,,,,,,,,,,,,,,,9900000,1560969,8322160,false,false,6,2021-04-01,2021-09-30,0
2021-10-28,69120,2021-03-31,2,,,,,,,,,,,,,,,,,,,,,,,,,,,,,,,,,,,8289701,false,false,6,2020-04-01,2020-09-30,-1
2022-01-28,69120,2022-03-31,3,7109000000,,,,,,752000000,,806000000,,,529000000,,63.62,,,,,,12952000000,10586000000,0.817,,10586000000,,,,,,,,,,,,true,false,9,2021-04-01,2021-12-31,0
2022-01-28,69120,2021-03-31,3,5492000000,-0.133,,,,,41000000,-0.840,80000000,-0.722,,70000000,,8.56,,,,,,,,,,,,,,,,,,,,,,true,false,9,2020-04-01,2020-12-31,-1
2022-01-28,69120,2022-03-31,3,9174000000,,,,,,900000000,,951000000,,,652000000,,78.43,,,,,,,,,,,,,,,,,,,,,,true,true,12,2021-04-01,2022-03-31,0
2022-01-28,69120,2021-03-31,3,,,,,,,,,,,,,,,,,,,,11987000000,9989000000,0.833,,9989000000,,,,,,,,,,,,true,false,12,2020-04-01,2021-03-31,-1
2022-01-28,69120,2021-03-31,3,,,,,,,,,,,,,,,,,,,,,,,,,,,,,20.00,,,,9900000,1590493,,false,false,12,2020-04-01,2021-03-31,-1
2022-01-28,69120,2022-03-31,3,,,,,,,,,,,,,,,,,,,,,,,,,,,,,0.00,,,,,,,false,false,12,2021-04-01,2022-03-31,0
2022-01-28,69120,2022-03-31,3,,,,,,,,,,,,,,,,,,,,,,,,,,,,,23.00,,,,,,,false,true,12,2021-04-01,2022-03-31,0
2022-01-28,69120,2022-03-31,3,,,,,,,,,,,,,,,,,,,,,,,,,,,,,,,,,9900000,1561055,8327209,false,false,9,2021-04-01,2021-12-31,0
2022-01-28,69120,2021-03-31,3,,,,,,,,,,,,,,,,,,,,,,,,,,,,,,,,,,,8295643,false,false,9,2020-04-01,2020-12-31,-1
2022-02-25,69120,2022-03-31,,9980000000,0.088,,,,,1070000000,0.188,1120000000,0.177,,740000000,,88.87,,,,,,,,,,,,,,,,,,,,,,true,true,12,2021-04-01,2022-03-31,0
2022-02-25,69120,2021-03-31,,8163000000,,,,,,418000000,,460000000,,,325000000,,39.18,,,,,,,,,,,,,,,,,,,,,,true,false,12,2020-04-01,2021-03-31,-1
2022-02-25,69120,2022-03-31,,,,,,,,,,,,,,,,,,,,,,,,,,,,,,30.00,,,,,,,false,true,12,2021-04-01,2022-03-31,0
2022-02-25,69120,2022-03-31,,,,,,,,,,,,,,,,,,,,,,,,,,,,,,0.00,,,,,,,false,false,12,2021-04-01,2022-03-31,0
2022-02-25,69120,2021-03-31,,,,,,,,,,,,,,,,,,,,,,,,,,,,,,20.00,,,,,,,false,false,12,2020-04-01,2021-03-31,-1
2022-06-17,69120,2022-03-31,,10076000000,,,,,,1033000000,,1087000000,,,709000000,,85.13,,0.068,0.086,0.103,,13451000000,10917000000,0.812,1309.19,10917000000,63000000,-119000000,-170000000,2909000000,,0.352,,,,,,true,false,12,2021-04-01,2022-03-31,0
2022-06-17,69120,2021-03-31,,8163000000,-0.100,,,,,418000000,-0.361,460000000,-0.303,,325000000,,39.18,,0.033,0.039,0.051,,11987000000,9989000000,0.833,1202.15,9989000000,1070000000,-277000000,-195000000,3088000000,,0.510,,,,,,true,false,12,2020-04-01,2021-03-31,-1
2022-06-17,69120,2023-03-31,,4800000000,0.027,,,,,330000000,-0.412,390000000,-0.340,260000000,,-0.370,31.21,,,,,,,,,,,,,,,,,,,,,,true,true,6,2022-04-01,2022-09-30,1
2022-06-17,69120,2023-03-31,,10300000000,0.022,,,,,930000000,-0.100,1000000000,-0.081,680000000,,-0.041,81.63,,,,,,,,,,,,,,,,0.368,,,,,,true,true,12,2022-04-01,2023-03-31,1
2022-06-17,69120,2022-03-31,,9621000000,,,,,,914000000,,1123000000,,798000000,,,95.82,,,,,,12993000000,10499000000,0.808,1259.14,10499000000,,,,,30.00,,,,9900000,1561055,8329917,false,false,12,2021-04-01,2022-03-31,0
2022-06-17,69120,2021-03-31,,7842000000,-0.095,,,,,357000000,-0.347,396000000,-0.302,265000000,,-0.354,31.99,,,,,,11575000000,9585000000,0.828,1153.60,9585000000,,,,,20.00,,,,9900000,1590493,8298842,false,false,12,2020-04-01,2021-03-31,-1
2022-06-17,69120,2023-03-31,,,,,,,,,,,,,,,,,,,,,,,,,,,,,,30.00,,,,,,,false,true,12,2022-04-01,2023-03-31,1
2022-07-28,69120,2023-03-31,1,2317000000,0.047,,,,,195000000,-0.258,267000000,-0.062,,161000000,,19.35,,,,,,13320000000,10944000000,0.822,,10944000000,,,,,,,,,,,,true,false,3,2022-04-01,2022-06-30,0
2022-07-28,69120,2022-03-31,1,2214000000,,,,,,263000000,,285000000,,,198000000,,23.87,,,,,,,,,,,,,,,,,,,,,,true,false,3,2021-04-01,2021-06-30,-1
2022-07-28,69120,2023-03-31,1,4800000000,0.027,,,,,330000000,-0.412,390000000,-0.340,,260000000,,31.18,,,,,,,,,,,,,,,,,,,,,,true,true,6,2022-04-01,2022-09-30,0
2022-07-28,69120,2023-03-31,1,10300000000,0.022,,,,,930000000,-0.100,1000000000,-0.081,,680000000,,81.55,,,,,,,,,,,,,,,,,,,,,,true,true,12,2022-04-01,2023-03-31,0
2022-07-28,69120,2022-03-31,1,,,,,,,,,,,,,,,,,,,,13451000000,10917000000,0.812,,10917000000,,,,,,,,,,,,true,false,12,2021-04-01,2022-03-31,-1
2022-07-28,69120,2022-03-31,1,,,,,,,,,,,,,,,,,,,,,,,,,,,,,30.00,,,,9900000,1561055,,false,false,12,2021-04-01,2022-03-31,-1
2022-07-28,69120,2023-03-31,1,,,,,,,,,,,,,,,,,,,,,,,,,,,,,30.00,,,,,,,false,true,12,2022-04-01,2023-03-31,0
2022-07-28,69120,2023-03-31,1,,,,,,,,,,,,,,,,,,,,,,,,,,,,,,,,,9900000,1561055,8338945,false,false,3,2022-04-01,2022-06-30,0
2022-07-28,69120,2022-03-31,1,,,,,,,,,,,,,,,,,,,,,,,,,,,,,,,,,,,8309507,false,false,3,2021-04-01,2021-06-30,-1
2022-10-27,69120,2023-03-31,,5434000000,0.132,,,,,631000000,0.912,696000000,0.785,,466000000,,55.96,,,,,,,,,,,,,,,,,,,,,,true,true,6,2022-04-01,2022-09-30,0
2022-10-27,69120,2022-03-31,,4674000000,,,,,,560000000,,591000000,,,412000000,,49.59,,,,,,,,,,,,,,,,,,,,,,true,false,6,2021-04-01,2021-09-30,-1
2022-10-27,69120,2023-03-31,,11250000000,0.092,,,,,1200000000,0.290,1300000000,0.300,,850000000,,101.88,,,,,,,,,,,,,,,,,,,,,,true,true,12,2022-04-01,2023-03-31,0
2022-10-27,69120,2022-03-31,,10076000000,,,,,,1033000000,,1087000000,,,709000000,,85.13,,,,,,,,,,,,,,,,,,,,,,true,false,12,2021-04-01,2022-03-31,-1
2022-10-28,69120,2023-03-31,2,5434000000,0.163,,,,,631000000,0.125,696000000,0.178,,466000000,,55.96,,,,,,13593000000,11253000000,0.828,,11253000000,,,,,,,,,,,,true,false,6,2022-04-01,2022-09-30,0
2022-10-28,69120,2022-03-31,2,4674000000,,,,,,560000000,,591000000,,,412000000,,49.59,,,,,,,,,,,,,,,,,,,,,,true,false,6,2021-04-01,2021-09-30,-1
2022-10-28,69120,2023-03-31,2,11250000000,0.116,,,,,1200000000,0.161,1300000000,0.195,,850000000,,101.88,,,,,,,,,,,,,,,,,,,,,,true,true,12,2022-04-01,2023-03-31,0
2022-10-28,69120,2022-03-31,2,,,,,,,,,,,,,,,,,,,,13451000000,10917000000,0.812,,10917000000,,,,,,,,,,,,true,false,12,2021-04-01,2022-03-31,-1
2022-10-28,69120,2022-03-31,2,,,,,,,,,,,,,,,,,,,,,,,,,,,,,30.00,,,,9900000,1561055,,false,false,12,2021-04-01,2022-03-31,-1
2022-10-28,69120,2023-03-31,2,,,,,,,,,,,,,,,,,,,,,,,,,,,,,0.00,,,,,,,false,false,12,2022-04-01,2023-03-31,0
2022-10-28,69120,2023-03-31,2,,,,,,,,,,,,,,,,,,,,,,,,,,,,,30.00,,,,,,,false,true,12,2022-04-01,2023-03-31,0
2022-10-28,69120,2023-03-31,2,,,,,,,,,,,,,,,,,,,,,,,,,,,,,,,,,9900000,1545387,8343422,false,false,6,2022-04-01,2022-09-30,0
2022-10-28,69120,2022-03-31,2,,,,,,,,,,,,,,,,,,,,,,,,,,,,,,,,,,,8322160,false,false,6,2021-04-01,2021-09-30,-1
2023-01-30,69120,2023-03-31,3,8446000000,0.188,,,,,961000000,0.278,986000000,0.224,,665000000,,79.67,,,,,,14322000000,11515000000,0.804,,11515000000,,,,,,,,,,,,true,false,9,2022-04-01,2022-12-31,0
2023-01-30,69120,2022-03-31,3,7109000000,,,,,,752000000,,806000000,,,529000000,,63.62,,,,,,,,,,,,,,,,,,,,,,true,false,9,2021-04-01,2021-12-31,-1
2023-01-30,69120,2023-03-31,3,11250000000,0.116,,,,,1200000000,0.161,1300000000,0.195,,850000000,,101.79,,,,,,,,,,,,,,,,,,,,,,true,true,12,2022-04-01,2023-03-31,0
2023-01-30,69120,2022-03-31,3,,,,,,,,,,,,,,,,,,,,13451000000,10917000000,0.812,,10917000000,,,,,,,,,,,,true,false,12,2021-04-01,2022-03-31,-1
2023-01-30,69120,2022-03-31,3,,,,,,,,,,,,,,,,,,,,,,,,,,,,,30.00,,,,9900000,1561055,,false,false,12,2021-04-01,2022-03-31,-1
2023-01-30,69120,2023-03-31,3,,,,,,,,,,,,,,,,,,,,,,,,,,,,,0.00,,,,,,,false,false,12,2022-04-01,2023-03-31,0
2023-01-30,69120,2023-03-31,3,,,,,,,,,,,,,,,,,,,,,,,,,,,,,30.00,,,,,,,false,true,12,2022-04-01,2023-03-31,0
2023-01-30,69120,2023-03-31,3,,,,,,,,,,,,,,,,,,,,,,,,,,,,,,,,,9900000,1532458,8350658,false,false,9,2022-04-01,2022-12-31,0
2023-01-30,69120,2022-03-31,3,,,,,,,,,,,,,,,,,,,,,,,,,,,,,,,,,,,8327209,false,false,9,2021-04-01,2021-12-31,-1
2023-02-27,69120,2023-03-31,,11900000000,0.058,,,,,1300000000,0.083,1320000000,0.015,,900000000,,107.78,,,,,,,,,,,,,,,,,,,,,,true,true,12,2022-04-01,2023-03-31,0
2023-02-27,69120,2022-03-31,,10076000000,,,,,,1033000000,,1087000000,,,709000000,,85.13,,,,,,,,,,,,,,,,,,,,,,true,false,12,2021-04-01,2022-03-31,-1
2023-02-27,69120,2023-03-31,,,,,,,,,,,,,,,,,,,,,,,,,,,,,,38.00,,,,,,,false,true,12,2022-04-01,2023-03-31,0
2023-02-27,69120,2023-03-31,,,,,,,,,,,,,,,,,,,,,,,,,,,,,,0.00,,,,,,,false,false,12,2022-04-01,2023-03-31,0
2023-02-27,69120,2022-03-31,,,,,,,,,,,,,,,,,,,,,,,,,,,,,,30.00,,,,,,,false,false,12,2021-04-01,2022-03-31,-1
2023-05-12,69120,2023-03-31,,12066000000,0.198,,,,,1531000000,0.482,1528000000,0.405,,1072000000,,128.36,,0.093,0.106,0.127,,15484000000,12072000000,0.780,1442.74,12072000000,37000000,-61000000,-254000000,2646000000,,0.296,,,,,,true,false,12,2022-04-01,2023-03-31,0
2023-05-12,69120,2022-03-31,,10076000000,,,,,,1033000000,,1087000000,,,709000000,,85.13,,0.068,0.086,0.103,,13451000000,10917000000,0.812,1309.19,10917000000,63000000,-119000000,-170000000,2909000000,,0.352,,,,,,true,false,12,2021-04-01,2022-03-31,-1
2023-05-12,69120,2024-03-31,,5450000000,0.003,,,,,640000000,0.014,640000000,-0.081,450000000,,-0.036,53.86,,,,,,,,,,,,,,,,,,,,,,true,true,6,2023-04-01,2023-09-30,1
2023-05-12,69120,2024-03-31,,12100000000,0.003,,,,,1550000000,0.012,1550000000,0.014,1080000000,,0.007,129.27,,,,,,,,,,,,,,,,0.294,,,,,,true,true,12,2023-04-01,2024-03-31,1
2023-05-12,69120,2023-03-31,,7557000000,-0.215,,,,,2527000000,1.764,2730000000,1.431,2571000000,,2.222,307.83,,,,,,6960000000,5949000000,0.855,711.03,5949000000,,,,,38.00,,,,9900000,1532458,8354554,false,false,12,2022-04-01,2023-03-31,0
2023-05-12,69120,2022-03-31,,9621000000,,,,,,914000000,,1123000000,,798000000,,,95.82,,,,,,12993000000,10499000000,0.808,1259.14,10499000000,,,,,30.00,,,,9900000,1561055,8329917,false,false,12,2021-04-01,2022-03-31,-1
2023-05-12,69120,2024-03-31,,,,,,,,,,,,,,,,,,,,,,,,,,,,,,38.00,,,,,,,false,true,12,2023-04-01,2024-03-31,1
2023-07-28,69120,2024-03-31,1,2847000000,0.229,,,,,355000000,0.818,392000000,0.466,,215000000,,25.72,,,,,,15098000000,12061000000,0.799,,12061000000,,,,,,,,,,,,true,false,3,2023-04-01,2023-06-30,0
2023-07-28,69120,2023-03-31,1,2317000000,0.047,,,,,195000000,-0.258,267000000,-0.062,,161000000,,19.35,,,,,,,,,,,,,,,,,,,,,,true,false,3,2022-04-01,2022-06-30,-1
2023-07-28,69120,2024-03-31,1,5450000000,0.003,,,,,640000000,0.014,640000000,-0.081,,450000000,,53.78,,,,,,,,,,,,,,,,,,,,,,true,true,6,2023-04-01,2023-09-30,0
2023-07-28,69120,2024-03-31,1,12100000000,0.003,,,,,1550000000,0.012,1550000000,0.014,,1080000000,,129.07,,,,,,,,,,,,,,,,,,,,,,true,true,12,2023-04-01,2024-03-31,0
2023-07-28,69120,2023-03-31,1,,,,,,,,,,,,,,,,,,,,15484000000,12072000000,0.780,,12072000000,,,,,,,,,,,,true,false,12,2022-04-01,2023-03-31,-1
2023-07-28,69120,2023-03-31,1,,,,,,,,,,,,,,,,,,,,,,,,,,,,,38.00,,,,9900000,1532458,,false,false,12,2022-04-01,2023-03-31,-1
2023-07-28,69120,2024-03-31,1,,,,,,,,,,,,,,,,,,,,,,,,,,,,,38.00,,,,,,,false,true,12,2023-04-01,2024-03-31,0
2023-07-28,69120,2024-03-31,1,,,,,,,,,,,,,,,,,,,,,,,,,,,,,,,,,9900000,1532458,8367542,false,false,3,2023-04-01,2023-06-30,0
2023-07-28,69120,2023-03-31,1,,,,,,,,,,,,,,,,,,,,,,,,,,,,,,,,,,,8338945,false,false,3,2022-04-01,2022-06-30,-1
2023-10-30,69120,2024-03-31,2,5715000000,0.052,,,,,760000000,0.205,808000000,0.161,,519000000,,62.05,,,,,,15201000000,12479000000,0.821,,12479000000,,,,,,,,,,,,true,false,6,2023-04-01,2023-09-30,0
2023-10-30,69120,2023-03-31,2,5434000000,0.163,,,,,631000000,0.125,696000000,0.178,,466000000,,55.96,,,,,,,,,,,,,,,,,,,,,,true,false,6,2022-04-01,2022-09-30,-1
2023-10-30,69120,2024-03-31,2,12370000000,0.025,,,,,1680000000,0.097,1720000000,0.125,,1150000000,,137.32,,,,,,,,,,,,,,,,,,,,,,true,true,12,2023-04-01,2024-03-31,0
2023-10-30,69120,2023-03-31,2,,,,,,,,,,,,,,,,,,,,15484000000,12072000000,0.780,,12072000000,,,,,,,,,,,,true,false,12,2022-04-01,2023-03-31,-1
2023-10-30,69120,2023-03-31,2,,,,,,,,,,,,,,,,,,,,,,,,,,,,,38.00,,,,9900000,1532458,,false,false,12,2022-04-01,2023-03-31,-1
2023-10-30,69120,2024-03-31,2,,,,,,,,,,,,,,,,,,,,,,,,,,,,,0.00,,,,,,,false,false,12,2023-04-01,2024-03-31,0
2023-10-30,69120,2024-03-31,2,,,,,,,,,,,,,,,,,,,,,,,,,,,,,38.00,,,,,,,false,true,12,2023-04-01,2024-03-31,0
2023-10-30,69120,2024-03-31,2,,,,,,,,,,,,,,,,,,,,,,,,,,,,,,,,,9900000,1508002,8374529,false,false,6,2023-04-01,2023-09-30,0
2023-10-30,69120,2023-03-31,2,,,,,,,,,,,,,,,,,,,,,,,,,,,,,,,,,,,8343422,false,false,6,2022-04-01,2022-09-30,-1
2024-01-30,69120,2024-03-31,3,8646000000,0.024,,,,,1181000000,0.229,1254000000,0.271,,824000000,,98.41,,,,,,15336000000,12685000000,0.827,,12685000000,,,,,,,,,,,,true,false,9,2023-04-01,2023-12-31,0
2024-01-30,69120,2023-03-31,3,8446000000,0.188,,,,,961000000,0.278,986000000,0.224,,665000000,,79.67,,,,,,,,,,,,,,,,,,,,,,true,false,9,2022-04-01,2022-12-31,-1
2024-01-30,69120,2024-03-31,3,12370000000,0.025,,,,,1680000000,0.097,1720000000,0.125,,1150000000,,137.20,,,,,,,,,,,,,,,,,,,,,,true,true,12,2023-04-01,2024-03-31,0
2024-01-30,69120,2023-03-31,3,,,,,,,,,,,,,,,,,,,,15484000000,12072000000,0.780,,12072000000,,,,,,,,,,,,true,false,12,2022-04-01,2023-03-31,-1
2024-01-30,69120,2023-03-31,3,,,,,,,,,,,,,,,,,,,,,,,,,,,,,38.00,,,,9900000,1532458,,false,false,12,2022-04-01,2023-03-31,-1
2024-01-30,69120,2024-03-31,3,,,,,,,,,,,,,,,,,,,,,,,,,,,,,0.00,,,,,,,false,false,12,2023-04-01,2024-03-31,0
2024-01-30,69120,2024-03-31,3,,,,,,,,,,,,,,,,,,,,,,,,,,,,,38.00,,,,,,,false,true,12,2023-04-01,2024-03-31,0
2024-01-30,69120,2024-03-31,3,,,,,,,,,,,,,,,,,,,,,,,,,,,,,,,,,9900000,1508002,8382216,false,false,9,2023-04-01,2023-12-31,0
2024-01-30,69120,2023-03-31,3,,,,,,,,,,,,,,,,,,,,,,,,,,,,,,,,,,,8350658,false,false,9,2022-04-01,2022-12-31,-1
,69120,2024-03-31,,,,,,,,,,,,,,,,,,,,,,,,,,,,,,43.00,,,,,,,false,true,12,2023-04-01,2024-03-31,0
,69120,2024-03-31,,,,,,,,,,,,,,,,,,,,,,,,,,,,,,0.00,,,,,,,false,false,12,2023-04-01,2024-03-31,0
,69120,2023-03-31,,,,,,,,,,,,,,,,,,,,,,,,,,,,,,38.00,,,,,,,false,false,12,2022-04-01,2023-03-31,-1
2024-05-15,69120,2024-03-31,,12488000000,0.035,,,,,1853000000,0.210,1919000000,0.256,,1300000000,,155.38,,0.103,0.122,0.148,,16108000000,13285000000,0.825,1602.42,13285000000,1232000000,-264000000,-461000000,3184000000,,0.302,,,,,,true,false,12,2023-04-01,2024-03-31,0
2024-05-15,69120,2023-03-31,,12066000000,0.198,,,,,1531000000,0.482,1528000000,0.405,,1072000000,,128.36,,0.093,0.106,0.127,,15484000000,12072000000,0.780,1442.74,12072000000,37000000,-61000000,-254000000,2646000000,,0.296,,,,,,true,false,12,2022-04-01,2023-03-31,-1
2024-05-15,69120,2025-03-31,,5900000000,0.032,,,,,800000000,0.052,830000000,0.027,520000000,,0.001,62.13,,,,,,,,,,,,,,,,,,,,,,true,true,6,2024-04-01,2024-09-30,1
2024-05-15,69120,2025-03-31,,12800000000,0.025,,,,,1930000000,0.041,1980000000,0.032,1310000000,,0.007,156.53,,,,,,,,,,,,,,,,0.300,,,,,,true,true,12,2024-04-01,2025-03-31,1
2024-05-15,69120,2024-03-31,,1523000000,-0.798,,,,,699000000,-0.723,844000000,-0.691,737000000,,-0.713,88.15,,,,,,7480000000,6475000000,0.866,781.06,6475000000,,,,,47.00,,,,9900000,1608902,8368950,false,false,12,2023-04-01,2024-03-31,0
2024-05-15,69120,2023-03-31,,7557000000,-0.215,,,,,2527000000,1.764,2730000000,1.431,2571000000,,2.222,307.83,,,,,,6960000000,5949000000,0.855,711.03,5949000000,,,,,38.00,,,,9900000,1532458,8354554,false,false,12,2022-04-01,2023-03-31,-1
2024-05-15,69120,2025-03-31,,,,,,,,,,,,,,,,,,,,,,,,,,,,,,47.00,,,,,,,false,true,12,2024-04-01,2025-03-31,1
2024-07-30,69120,2025-03-31,1,2693000000,-0.054,,,,,310000000,-0.126,364000000,-0.072,,208000000,,25.18,,,,,,15941000000,13077000000,0.820,,13077000000,,,,,,,,,,,,true,false,3,2024-04-01,2024-06-30,0
2024-07-30,69120,2024-03-31,1,2847000000,0.229,,,,,355000000,0.818,392000000,0.466,,215000000,,25.72,,,,,,,,,,,,,,,,,,,,,,true,false,3,2023-04-01,2023-06-30,-1
2024-07-30,69120,2025-03-31,1,5900000000,0.032,,,,,800000000,0.052,830000000,0.027,,520000000,,62.72,,,,,,,,,,,,,,,,,,,,,,true,true,6,2024-04-01,2024-09-30,0
2024-07-30,69120,2025-03-31,1,12800000000,0.025,,,,,1930000000,0.041,1980000000,0.032,,1310000000,,158.00,,,,,,,,,,,,,,,,,,,,,,true,true,12,2024-04-01,2025-03-31,0
2024-07-30,69120,2024-03-31,1,,,,,,,,,,,,,,,,,,,,16108000000,13285000000,0.825,,13285000000,,,,,,,,,,,,true,false,12,2023-04-01,2024-03-31,-1
2024-07-30,69120,2024-03-31,1,,,,,,,,,,,,,,,,,,,,,,,,,,,,,47.00,,,,9900000,1608902,,false,false,12,2023-04-01,2024-03-31,-1
2024-07-30,69120,2025-03-31,1,,,,,,,,,,,,,,,,,,,,,,,,,,,,,47.00,,,,,,,false,true,12,2024-04-01,2025-03-31,0
2024-07-30,69120,2025-03-31,1,,,,,,,,,,,,,,,,,,,,,,,,,,,,,,,,,9900000,1608902,8291098,false,false,3,2024-04-01,2024-06-30,0
2024-07-30,69120,2024-03-31,1,,,,,,,,,,,,,,,,,,,,,,,,,,,,,,,,,,,8367542,false,false,3,2023-04-01,2023-06-30,-1
2024-10-30,69120,2025-03-31,2,5945000000,0.040,,,,,833000000,0.096,916000000,0.134,,596000000,,71.92,,,,,,15862000000,13197000000,0.832,,13197000000,,,,,,,,,,,,true,false,6,2024-04-01,2024-09-30,0
2024-10-30,69120,2024-03-31,2,5715000000,0.052,,,,,760000000,0.205,808000000,0.161,,519000000,,62.05,,,,,,,,,,,,,,,,,,,,,,true,false,6,2023-04-01,2023-09-30,-1
2024-10-30,69120,2025-03-31,2,12800000000,0.025,,,,,1930000000,0.041,1980000000,0.032,,1310000000,,157.85,,,,,,,,,,,,,,,,,,,,,,true,true,12,2024-04-01,2025-03-31,0
2024-10-30,69120,2024-03-31,2,,,,,,,,,,,,,,,,,,,,16108000000,13285000000,0.825,,13285000000,,,,,,,,,,,,true,false,12,2023-04-01,2024-03-31,-1
2024-10-30,69120,2024-03-31,2,,,,,,,,,,,,,,,,,,,,,,,,,,,,,47.00,,,,9900000,1608902,,false,false,12,2023-04-01,2024-03-31,-1
2024-10-30,69120,2025-03-31,2,,,,,,,,,,,,,,,,,,,,,,,,,,,,,0.00,,,,,,,false,false,12,2024-04-01,2025-03-31,0
2024-10-30,69120,2025-03-31,2,,,,,,,,,,,,,,,,,,,,,,,,,,,,,47.00,,,,,,,false,true,12,2024-04-01,2025-03-31,0
2024-10-30,69120,2025-03-31,2,,,,,,,,,,,,,,,,,,,,,,,,,,,,,,,,,9900000,1590719,8298891,false,false,6,2024-04-01,2024-09-30,0
2024-10-30,69120,2024-03-31,2,,,,,,,,,,,,,,,,,,,,,,,,,,,,,,,,,,,8374529,false,false,6,2023-04-01,2023-09-30,-1
2025-01-30,69120,2025-03-31,3,9360000000,0.083,,,,,1380000000,0.169,1498000000,0.195,,997000000,,120.15,,,,,,16698000000,13664000000,0.818,,13664000000,,,,,,,,,,,,true,false,9,2024-04-01,2024-12-31,0
2025-01-30,69120,2024-03-31,3,8646000000,0.024,,,,,1181000000,0.229,1254000000,0.271,,824000000,,98.41,,,,,,,,,,,,,,,,,,,,,,true,false,9,2023-04-01,2023-12-31,-1
2025-01-30,69120,2025-03-31,3,12800000000,0.025,,,,,1930000000,0.041,1980000000,0.032,,1310000000,,157.79,,,,,,,,,,,,,,,,,,,,,,true,true,12,2024-04-01,2025-03-31,0
2025-01-30,69120,2024-03-31,3,,,,,,,,,,,,,,,,,,,,16108000000,13285000000,0.825,,13285000000,,,,,,,,,,,,true,false,12,2023-04-01,2024-03-31,-1
2025-01-30,69120,2024-03-31,3,,,,,,,,,,,,,,,,,,,,,,,,,,,,,47.00,,,,9900000,1608902,,false,false,12,2023-04-01,2024-03-31,-1
2025-01-30,69120,2025-03-31,3,,,,,,,,,,,,,,,,,,,,,,,,,,,,,0.00,,,,,,,false,false,12,2024-04-01,2025-03-31,0
2025-01-30,69120,2025-03-31,3,,,,,,,,,,,,,,,,,,,,,,,,,,,,,47.00,,,,,,,false,true,12,2024-04-01,2025-03-31,0
2025-01-30,69120,2025-03-31,3,,,,,,,,,,,,,,,,,,,,,,,,,,,,,,,,,9900000,1590719,8302008,false,false,9,2024-04-01,2024-12-31,0
2025-01-30,69120,2024-03-31,3,,,,,,,,,,,,,,,,,,,,,,,,,,,,,,,,,,,8382216,false,false,9,2023-04-01,2023-12-31,-1
2025-05-15,69120,2025-03-31,,13429000000,0.075,,,,,1997000000,0.078,2122000000,0.106,,1439000000,,173.41,,0.105,0.126,0.149,,17450000000,14062000000,0.806,1692.37,14062000000,2145000000,-211000000,-391000000,4707000000,,0.306,,,,,,true,false,12,2024-04-01,2025-03-31,0
2025-05-15,69120,2024-03-31,,12488000000,0.035,,,,,1853000000,0.210,1919000000,0.256,,1300000000,,155.38,,0.103,0.122,0.148,,16108000000,13285000000,0.825,1602.42,13285000000,1232000000,-264000000,-461000000,3184000000,,0.302,,,,,,true,false,12,2023-04-01,2024-03-31,-1
2025-05-15,69120,2026-03-31,,6200000000,0.043,,,,,850000000,0.019,930000000,0.015,,,,73.46,,,,,,,,,,,,,,,,,,,,,,true,true,6,2025-04-01,2025-09-30,1
2025-05-15,69120,2026-03-31,,13500000000,0.005,,,,,2050000000,0.026,2150000000,0.013,,,,174.62,,,,,,,,,,,,,,,,0.304,,,,,,true,true,12,2025-04-01,2026-03-31,1
2025-05-15,69120,2025-03-31,,1412000000,-0.073,,,,,563000000,-0.194,714000000,-0.155,598000000,,-0.188,72.12,,,,,,7273000000,6404000000,0.880,770.72,6404000000,,,,,53.00,,,,9900000,1590719,8303686,false,false,12,2024-04-01,2025-03-31,0
2025-05-15,69120,2024-03-31,,1523000000,-0.798,,,,,699000000,-0.723,844000000,-0.691,737000000,,-0.713,88.15,,,,,,7480000000,6475000000,0.866,781.06,6475000000,,,,,47.00,,,,9900000,1608902,8368950,false,false,12,2023-04-01,2024-03-31,-1
2025-05-15,69120,2026-03-31,,,,,,,,,,,,,,,,,,,,,,,,,,,,,,53.00,,,,,,,false,true,12,2025-04-01,2026-03-31,1
