filing_date,code,fiscal_year_end,quarterly_period,net_sales,net_sales_change,revenue,revenue_change,operating_revenue,operating_revenue_change,operating_profit,operating_profit_change,ordinary_profit,ordinary_profit_change,net_income,net_income_of_parent,net_income_change,eps,diluted_eps,roe,roa,operating_profit_to_net_sales,operating_profit_to_revenue,total_assets,net_assets,equity_ratio,bps,owner_equity,operating_cash_flow,investing_cash_flow,financing_cash_flow,cash,dividend_per_share,payout_ratio,commemorative_dividend,extra_dividend,number_of_shares,number_of_treqsury_shares,avg_number_of_shares,is_consolidated,is_forecast,duration,period_start,period_end,period_pos
2015-08-07,69200,2015-06-30,,15187000000,0.116,,,,,4722000000,0.525,4630000000,0.465,2953000000,,0.500,131.03,130.89,0.158,0.204,0.311,,23621000000,20011000000,0.846,886.66,19989000000,1032000000,-82000000,-611000000,6537000000,,0.351,,,,,,true,false,12,2014-07-01,2015-06-30,0
2015-08-07,69200,2014-06-30,,13607000000,0.194,,,,,3097000000,0.441,3161000000,0.246,1969000000,,0.223,87.37,87.25,0.119,0.152,0.228,,21687000000,17463000000,0.804,773.26,17431000000,3909000000,-83000000,-1720000000,6120000000,,0.309,,,,,,true,false,12,2013-07-01,2014-06-30,-1
2015-08-07,69200,2016-06-30,,5300000000,-0.142,,,,,450000000,-0.743,450000000,-0.747,,250000000,,11.09,,,,,,,,,,,,,,,,,,,,,,true,true,6,2015-07-01,2015-12-31,1
2015-08-07,69200,2016-06-30,,15800000000,0.040,,,,,3700000000,-0.217,3700000000,-0.201,,2400000000,,106.45,,,,,,,,,,,,,,,,0.357,,,,,,true,true,12,2015-07-01,2016-06-30,1
2015-08-07,69200,2015-06-30,,13964000000,0.083,,,,,4210000000,0.699,4509000000,0.665,2973000000,,0.766,131.90,131.76,,,,,22052000000,19074000000,0.864,845.11,19052000000,,,,,46.00,,,,23571600,1026800,22542948,false,false,12,2014-07-01,2015-06-30,0
2015-08-07,69200,2014-06-30,,12890000000,0.200,,,,,2479000000,0.242,2708000000,0.032,1683000000,,-0.036,74.67,74.58,,,,,21126000000,16619000000,0.785,735.84,16587000000,,,,,27.00,,,,23571600,1028800,22541074,false,false,12,2013-07-01,2014-06-30,-1
2015-08-07,69200,2016-06-30,,,,,,,,,,,,,,,,,,,,,,,,,,,,,,38.00,,,,,,,false,true,12,2015-07-01,2016-06-30,1
2015-10-30,69200,2016-06-30,1,1722000000,-0.014,,,,,-345000000,,-352000000,,,-245000000,,-10.88,,,,,,22471000000,18512000000,0.823,820.17,18490000000,,,,,,,,,,,,true,false,3,2015-07-01,2015-09-30,0
2015-10-30,69200,2015-06-30,1,1747000000,0.800,,,,,86000000,,132000000,,,82000000,,3.66,3.65,,,,,,,,,,,,,,,,,,,,,true,false,3,2014-07-01,2014-09-30,-1
2015-10-30,69200,2016-06-30,1,5300000000,-0.142,,,,,450000000,-0.743,450000000,-0.747,,250000000,,11.09,,,,,,,,,,,,,,,,,,,,,,true,true,6,2015-07-01,2015-12-31,0
2015-10-30,69200,2016-06-30,1,15800000000,0.040,,,,,3700000000,-0.217,3700000000,-0.201,,2400000000,,106.45,,,,,,,,,,,,,,,,,,,,,,true,true,12,2015-07-01,2016-06-30,0
2015-10-30,69200,2015-06-30,1,,,,,,,,,,,,,,,,,,,,23621000000,20011000000,0.846,886.66,19989000000,,,,,,,,,,,,true,false,12,2014-07-01,2015-06-30,-1
2015-10-30,69200,2015-06-30,1,,,,,,,,,,,,,,,,,,,,,,,,,,,,,46.00,,,,23571600,1026800,,false,false,12,2014-07-01,2015-06-30,-1
2015-10-30,69200,2016-06-30,1,,,,,,,,,,,,,,,,,,,,,,,,,,,,,38.00,,,,,,,false,true,12,2015-07-01,2016-06-30,0
2015-10-30,69200,2016-06-30,1,,,,,,,,,,,,,,,,,,,,,,,,,,,,,,,,,23571600,1026800,22544800,false,false,3,2015-07-01,2015-09-30,0
2015-10-30,69200,2015-06-30,1,,,,,,,,,,,,,,,,,,,,,,,,,,,,,,,,,,,22542800,false,false,3,2014-07-01,2014-09-30,-1
2015-12-25,69200,2016-06-30,,6780000000,0.279,,,,,960000000,1.133,965000000,1.144,,600000000,,26.61,,,,,,,,,,,,,,,,,,,,,,true,true,6,2015-07-01,2015-12-31,0
2015-12-25,69200,2015-06-30,,6179000000,,,,,,1751000000,,1775000000,,,1182000000,,52.44,,,,,,,,,,,,,,,,,,,,,,true,false,6,2014-07-01,2014-12-31,-1
2016-02-01,69200,2016-06-30,2,6693000000,0.083,,,,,1304000000,-0.255,1305000000,-0.265,,934000000,,41.44,41.41,,,,,23001000000,19765000000,0.858,875.77,19744000000,,,,,,,,,,,,true,false,6,2015-07-01,2015-12-31,0
2016-02-01,69200,2015-06-30,2,6179000000,0.128,,,,,1751000000,1.068,1775000000,0.924,,1182000000,,52.44,52.38,,,,,,,,,,,,,,,,,,,,,true,false,6,2014-07-01,2014-12-31,-1
2016-02-01,69200,2016-06-30,2,15800000000,0.040,,,,,3700000000,-0.217,3700000000,-0.201,,2400000000,,106.45,,,,,,,,,,,,,,,,,,,,,,true,true,12,2015-07-01,2016-06-30,0
2016-02-01,69200,2015-06-30,2,,,,,,,,,,,,,,,,,,,,23621000000,20011000000,0.846,886.66,19989000000,,,,,,,,,,,,true,false,12,2014-07-01,2015-06-30,-1
2016-02-01,69200,2015-06-30,2,,,,,,,,,,,,,,,,,,,,,,,,,,,,,46.00,,,,23571600,1026800,,false,false,12,2014-07-01,2015-06-30,-1
2016-02-01,69200,2016-06-30,2,,,,,,,,,,,,,,,,,,,,,,,,,,,,,0.00,,,,,,,false,false,12,2015-07-01,2016-06-30,0
2016-02-01,69200,2016-06-30,2,,,,,,,,,,,,,,,,,,,,,,,,,,,,,38.00,,,,,,,false,true,12,2015-07-01,2016-06-30,0
2016-02-01,69200,2016-06-30,2,,,,,,,,,,,,,,,,,,,,,,,,,,,,,,,,,23571600,1026800,22544800,false,false,6,2015-07-01,2015-12-31,0
2016-02-01,69200,2015-06-30,2,,,,,,,,,,,,,,,,,,,,,,,,,,,,,,,,,,,22542800,false,false,6,2014-07-01,2014-12-31,-1
2016-04-28,69200,2016-06-30,3,10561000000,-0.044,,,,,2350000000,-0.276,2370000000,-0.251,,1677000000,,74.42,74.35,,,,,25228000000,20377000000,0.807,902.93,20356000000,,,,,,,,,,,,true,false,9,2015-07-01,2016-03-31,0
2016-04-28,69200,2015-06-30,3,11052000000,0.601,,,,,3247000000,4.356,3166000000,3.957,,1990000000,,88.31,88.21,,,,,,,,,,,,,,,,,,,,,true,false,9,2014-07-01,2015-03-31,-1
2016-04-28,69200,2016-06-30,3,15800000000,0.040,,,,,3700000000,-0.217,3700000000,-0.201,,2400000000,,106.45,,,,,,,,,,,,,,,,,,,,,,true,true,12,2015-07-01,2016-06-30,0
2016-04-28,69200,2015-06-30,3,,,,,,,,,,,,,,,,,,,,23621000000,20011000000,0.846,886.66,19989000000,,,,,,,,,,,,true,false,12,2014-07-01,2015-06-30,-1
2016-04-28,69200,2015-06-30,3,,,,,,,,,,,,,,,,,,,,,,,,,,,,,46.00,,,,23571600,1026800,,false,false,12,2014-07-01,2015-06-30,-1
2016-04-28,69200,2016-06-30,3,,,,,,,,,,,,,,,,,,,,,,,,,,,,,0.00,,,,,,,false,false,12,2015-07-01,2016-06-30,0
2016-04-28,69200,2016-06-30,3,,,,,,,,,,,,,,,,,,,,,,,,,,,,,38.00,,,,,,,false,true,12,2015-07-01,2016-06-30,0
2016-04-28,69200,2016-06-30,3,,,,,,,,,,,,,,,,,,,,,,,,,,,,,,,,,23571600,1026800,22544800,false,false,9,2015-07-01,2016-03-31,0
2016-04-28,69200,2015-06-30,3,,,,,,,,,,,,,,,,,,,,,,,,,,,,,,,,,,,22542800,false,false,9,2014-07-01,2015-03-31,-1
2016-08-05,69200,2016-06-30,,15291000000,0.007,,,,,4428000000,-0.062,4575000000,-0.012,,3227000000,,143.18,143.06,0.155,0.185,0.290,,25870000000,21808000000,0.842,966.38,21786000000,3083000000,-368000000,-1038000000,7967000000,,0.356,,,,,,true,false,12,2015-07-01,2016-06-30,0
2016-08-05,69200,2015-06-30,,15187000000,0.116,,,,,4722000000,0.525,4630000000,0.465,,2953000000,,131.03,130.89,0.158,0.204,0.311,,23621000000,20011000000,0.846,886.66,19989000000,1032000000,-82000000,-611000000,6537000000,,0.351,,,,,,true,false,12,2014-07-01,2015-06-30,-1
2016-08-05,69200,2017-06-30,,8700000000,0.300,,,,,2200000000,0.687,2200000000,0.686,,1550000000,,68.75,,,,,,,,,,,,,,,,,,,,,,true,true,6,2016-07-01,2016-12-31,1
2016-08-05,69200,2017-06-30,,17100000000,0.118,,,,,3700000000,-0.164,3700000000,-0.191,,2650000000,,117.54,,,,,,,,,,,,,,,,0.357,,,,,,true,true,12,2016-07-01,2017-06-30,1
2016-08-05,69200,2016-06-30,,14383000000,0.030,,,,,3966000000,-0.058,3995000000,-0.114,2911000000,,-0.021,129.13,129.02,,,,,24621000000,20724000000,0.841,918.31,20703000000,,,,,51.00,,,,23571600,1026800,22544800,false,false,12,2015-07-01,2016-06-30,0
2016-08-05,69200,2015-06-30,,13964000000,0.083,,,,,4210000000,0.699,4509000000,0.665,2973000000,,0.766,131.90,131.76,,,,,22052000000,19074000000,0.864,845.11,19052000000,,,,,46.00,,,,23571600,1026800,22542948,false,false,12,2014-07-01,2015-06-30,-1
2016-08-05,69200,2017-06-30,,,,,,,,,,,,,,,,,,,,,,,,,,,,,,42.00,,,,,,,false,true,12,2016-07-01,2017-06-30,1
2016-10-31,69200,2017-06-30,1,1874000000,0.089,,,,,-77000000,,-75000000,,,-46000000,,-2.08,,,,,,24558000000,20695000000,0.842,917.02,20674000000,,,,,,,,,,,,true,false,3,2016-07-01,2016-09-30,0
2016-10-31,69200,2016-06-30,1,1722000000,-0.014,,,,,-345000000,,-352000000,,,-245000000,,-10.88,,,,,,,,,,,,,,,,,,,,,,true,false,3,2015-07-01,2015-09-30,-1
2016-10-31,69200,2017-06-30,1,8700000000,0.300,,,,,2200000000,0.687,2200000000,0.686,,1550000000,,68.75,,,,,,,,,,,,,,,,,,,,,,true,true,6,2016-07-01,2016-12-31,0
2016-10-31,69200,2017-06-30,1,17100000000,0.118,,,,,3700000000,-0.164,3700000000,-0.191,,2650000000,,117.54,,,,,,,,,,,,,,,,,,,,,,true,true,12,2016-07-01,2017-06-30,0
2016-10-31,69200,2016-06-30,1,,,,,,,,,,,,,,,,,,,,25870000000,21808000000,0.842,966.38,21786000000,,,,,,,,,,,,true,false,12,2015-07-01,2016-06-30,-1
2016-10-31,69200,2016-06-30,1,,,,,,,,,,,,,,,,,,,,,,,,,,,,,51.00,,,,23571600,1026800,,false,false,12,2015-07-01,2016-06-30,-1
2016-10-31,69200,2017-06-30,1,,,,,,,,,,,,,,,,,,,,,,,,,,,,,42.00,,,,,,,false,true,12,2016-07-01,2017-06-30,0
2016-10-31,69200,2017-06-30,1,,,,,,,,,,,,,,,,,,,,,,,,,,,,,,,,,23571600,1026800,22544800,false,false,3,2016-07-01,2016-09-30,0
2016-10-31,69200,2016-06-30,1,,,,,,,,,,,,,,,,,,,,,,,,,,,,,,,,,,,22544800,false,false,3,2015-07-01,2015-09-30,-1
2017-01-31,69200,2017-06-30,2,8810000000,0.316,,,,,2699000000,1.070,2762000000,1.117,,1938000000,,86.00,85.92,,,,,28252000000,22830000000,0.807,1011.71,22808000000,,,,,,,,,,,,true,false,6,2016-07-01,2016-12-31,0
2017-01-31,69200,2016-06-30,2,6693000000,0.083,,,,,1304000000,-0.255,1305000000,-0.265,,934000000,,41.44,41.41,,,,,,,,,,,,,,,,,,,,,true,false,6,2015-07-01,2015-12-31,-1
2017-01-31,69200,2017-06-30,2,16600000000,0.086,,,,,4250000000,-0.040,4250000000,-0.071,,3000000000,,133.07,,,,,,,,,,,,,,,,,,,,,,true,true,12,2016-07-01,2017-06-30,0
2017-01-31,69200,2016-06-30,2,,,,,,,,,,,,,,,,,,,,25870000000,21808000000,0.842,966.38,21786000000,,,,,,,,,,,,true,false,12,2015-07-01,2016-06-30,-1
2017-01-31,69200,2016-06-30,2,,,,,,,,,,,,,,,,,,,,,,,,,,,,,51.00,,,,23571600,1026800,,false,false,12,2015-07-01,2016-06-30,-1
2017-01-31,69200,2017-06-30,2,,,,,,,,,,,,,,,,,,,,,,,,,,,,,0.00,,,,,,,false,false,12,2016-07-01,2017-06-30,0
2017-01-31,69200,2017-06-30,2,,,,,,,,,,,,,,,,,,,,,,,,,,,,,47.00,,,,,,,false,true,12,2016-07-01,2017-06-30,0
2017-01-31,69200,2017-06-30,2,,,,,,,,,,,,,,,,,,,,,,,,,,,,,,,,,23571600,1026934,22544707,false,false,6,2016-07-01,2016-12-31,0
2017-01-31,69200,2016-06-30,2,,,,,,,,,,,,,,,,,,,,,,,,,,,,,,,,,,,22544800,false,false,6,2015-07-01,2015-12-31,-1
2017-01-31,69200,2017-06-30,,16600000000,-0.029,,,,,4250000000,0.149,4250000000,0.149,3000000000,,0.132,133.07,,,,,,,,,,,,,,,,,,,,,,true,true,12,2016-07-01,2017-06-30,0
2017-01-31,69200,2016-06-30,,15291000000,,,,,,4428000000,,4575000000,,3227000000,,,143.18,,,,,,,,,,,,,,,,,,,,,,true,false,12,2015-07-01,2016-06-30,-1
2017-01-31,69200,2017-06-30,,,,,,,,,,,,,,,,,,,,,,,,,,,,,,47.00,,,,,,,false,true,12,2016-07-01,2017-06-30,0
2017-01-31,69200,2017-06-30,,,,,,,,,,,,,,,,,,,,,,,,,,,,,,0.00,,,,,,,false,false,12,2016-07-01,2017-06-30,0
2017-01-31,69200,2016-06-30,,,,,,,,,,,,,,,,,,,,,,,,,,,,,,51.00,,,,,,,false,false,12,2015-07-01,2016-06-30,-1
,69200,2017-06-30,,,,,,,,,,,,,,,,,,,,,,,,,,,,,,24.00,,,,,,,false,true,12,2016-07-01,2017-06-30,0
,69200,2017-06-30,,,,,,,,,,,,,,,,,,,,,,,,,,,,,,0.00,,,,,,,false,false,12,2016-07-01,2017-06-30,0
,69200,2016-06-30,,,,,,,,,,,,,,,,,,,,,,,,,,,,,,51.00,,,,,,,false,false,12,2015-07-01,2016-06-30,-1
2017-04-28,69200,2017-06-30,3,11813000000,0.119,,,,,3768000000,0.603,3780000000,0.595,,2668000000,,59.17,59.12,,,,,29451000000,23643000000,0.802,523.90,23622000000,,,,,,,,,,,,true,false,9,2016-07-01,2017-03-31,0
2017-04-28,69200,2016-06-30,3,10561000000,-0.044,,,,,2350000000,-0.276,2370000000,-0.251,,1677000000,,37.21,37.18,,,,,,,,,,,,,,,,,,,,,true,false,9,2015-07-01,2016-03-31,-1
2017-04-28,69200,2017-06-30,3,16600000000,0.086,,,,,4550000000,0.028,4650000000,0.016,,3300000000,,73.19,,,,,,,,,,,,,,,,,,,,,,true,true,12,2016-07-01,2017-06-30,0
2017-04-28,69200,2016-06-30,3,,,,,,,,,,,,,,,,,,,,25870000000,21808000000,0.842,483.19,21786000000,,,,,,,,,,,,true,false,12,2015-07-01,2016-06-30,-1
2017-04-28,69200,2016-06-30,3,,,,,,,,,,,,,,,,,,,,,,,,,,,,,51.00,,,,47143200,2053600,,false,false,12,2015-07-01,2016-06-30,-1
2017-04-28,69200,2017-06-30,3,,,,,,,,,,,,,,,,,,,,,,,,,,,,,0.00,,,,,,,false,false,12,2016-07-01,2017-06-30,0
2017-04-28,69200,2017-06-30,3,,,,,,,,,,,,,,,,,,,,,,,,,,,,,26.00,,,,,,,false,true,12,2016-07-01,2017-06-30,0
2017-04-28,69200,2017-06-30,3,,,,,,,,,,,,,,,,,,,,,,,,,,,,,,,,,47143200,2053868,45089388,false,false,9,2016-07-01,2017-03-31,0
2017-04-28,69200,2016-06-30,3,,,,,,,,,,,,,,,,,,,,,,,,,,,,,,,,,,,45089600,false,false,9,2015-07-01,2016-03-31,-1
2017-04-28,69200,2017-06-30,,16600000000,0.000,,,,,4550000000,0.071,4650000000,0.094,3300000000,,0.100,73.19,,,,,,,,,,,,,,,,,,,,,,true,true,12,2016-07-01,2017-06-30,0
2017-04-28,69200,2016-06-30,,15291000000,,,,,,4428000000,,4575000000,,3227000000,,,71.59,,,,,,,,,,,,,,,,,,,,,,true,false,12,2015-07-01,2016-06-30,-1
2017-04-28,69200,2017-06-30,,,,,,,,,,,,,,,,,,,,,,,,,,,,,,26.00,,,,,,,false,true,12,2016-07-01,2017-06-30,0
2017-04-28,69200,2017-06-30,,,,,,,,,,,,,,,,,,,,,,,,,,,,,,0.00,,,,,,,false,false,12,2016-07-01,2017-06-30,0
2017-04-28,69200,2016-06-30,,,,,,,,,,,,,,,,,,,,,,,,,,,,,,51.00,,,,,,,false,false,12,2015-07-01,2016-06-30,-1
2017-08-07,69200,2017-06-30,,17369000000,0.136,,,,,4960000000,0.120,4989000000,0.090,,3554000000,,78.84,78.77,0.154,0.169,0.286,,33019000000,24479000000,0.741,542.43,24457000000,3549000000,-618000000,-1151000000,9736000000,,0.355,,,,,,true,false,12,2016-07-01,2017-06-30,0
2017-08-07,69200,2016-06-30,,15291000000,0.007,,,,,4428000000,-0.062,4575000000,-0.012,,3227000000,,71.59,71.53,0.155,0.185,0.290,,25870000000,21808000000,0.842,483.19,21786000000,3083000000,-368000000,-1038000000,7967000000,,0.356,,,,,,true,false,12,2015-07-01,2016-06-30,-1
2017-08-07,69200,2018-06-30,,10600000000,0.203,,,,,2600000000,-0.037,2600000000,-0.059,,1950000000,,43.25,,,,,,,,,,,,,,,,,,,,,,true,true,6,2017-07-01,2017-12-31,1
2017-08-07,69200,2018-06-30,,21000000000,0.209,,,,,5000000000,0.008,5000000000,0.002,,3800000000,,84.28,,,,,,,,,,,,,,,,0.356,,,,,,true,true,12,2017-07-01,2018-06-30,1
2017-08-07,69200,2017-06-30,,15806000000,0.099,,,,,4004000000,0.009,4595000000,0.150,3390000000,,0.165,75.20,75.14,,,,,31320000000,23148000000,0.738,512.91,23126000000,,,,,28.00,,,,47143200,2053968,45089356,false,false,12,2016-07-01,2017-06-30,0
2017-08-07,69200,2016-06-30,,14383000000,0.030,,,,,3966000000,-0.058,3995000000,-0.114,2911000000,,-0.021,64.56,64.51,,,,,24621000000,20724000000,0.841,459.15,20703000000,,,,,51.00,,,,47143200,2053600,45089600,false,false,12,2015-07-01,2016-06-30,-1
2017-08-07,69200,2018-06-30,,,,,,,,,,,,,,,,,,,,,,,,,,,,,,30.00,,,,,,,false,true,12,2017-07-01,2018-06-30,1
2017-10-30,69200,2018-06-30,1,2719000000,0.447,,,,,247000000,,246000000,,,197000000,,4.38,4.38,,,,,33144000000,23457000000,0.707,519.76,23435000000,,,,,,,,,,,,true,false,3,2017-07-01,2017-09-30,0
2017-10-30,69200,2017-06-30,1,1879000000,,,,,,-74000000,,-74000000,,,-46000000,,-1.04,,,,,,,,,,,,,,,,,,,,,,true,false,3,2016-07-01,2016-09-30,-1
2017-10-30,69200,2018-06-30,1,10600000000,0.222,,,,,2600000000,-0.002,2600000000,-0.050,,1950000000,,43.25,,,,,,,,,,,,,,,,,,,,,,true,true,6,2017-07-01,2017-12-31,0
2017-10-30,69200,2018-06-30,1,21000000000,0.215,,,,,5000000000,0.020,5000000000,0.007,,3800000000,,84.28,,,,,,,,,,,,,,,,,,,,,,true,true,12,2017-07-01,2018-06-30,0
2017-10-30,69200,2017-06-30,1,,,,,,,,,,,,,,,,,,,,33019000000,24479000000,0.741,542.43,24457000000,,,,,,,,,,,,true,false,12,2016-07-01,2017-06-30,-1
2017-10-30,69200,2017-06-30,1,,,,,,,,,,,,,,,,,,,,,,,,,,,,,28.00,,,,47143200,2053968,,false,false,12,2016-07-01,2017-06-30,-1
2017-10-30,69200,2018-06-30,1,,,,,,,,,,,,,,,,,,,,,,,,,,,,,30.00,,,,,,,false,true,12,2017-07-01,2018-06-30,0
2017-10-30,69200,2018-06-30,1,,,,,,,,,,,,,,,,,,,,,,,,,,,,,,,,,47143200,2053968,45089232,false,false,3,2017-07-01,2017-09-30,0
2017-10-30,69200,2017-06-30,1,,,,,,,,,,,,,,,,,,,,,,,,,,,,,,,,,,,45089600,false,false,3,2016-07-01,2016-09-30,-1
2018-02-05,69200,2018-06-30,2,10451000000,0.205,,,,,3277000000,0.258,3293000000,0.203,,2415000000,,53.58,53.53,,,,,34802000000,25806000000,0.741,571.87,25785000000,,,,,,,,,,,,true,false,6,2017-07-01,2017-12-31,0
2018-02-05,69200,2017-06-30,2,8676000000,,,,,,2606000000,,2736000000,,,1919000000,,42.57,42.54,,,,,,,,,,,,,,,,,,,,,true,false,6,2016-07-01,2016-12-31,-1
2018-02-05,69200,2018-06-30,2,21000000000,0.215,,,,,5000000000,0.020,5000000000,0.007,,3800000000,,84.28,,,,,,,,,,,,,,,,,,,,,,true,true,12,2017-07-01,2018-06-30,0
2018-02-05,69200,2017-06-30,2,,,,,,,,,,,,,,,,,,,,33019000000,24479000000,0.741,542.43,24457000000,,,,,,,,,,,,true,false,12,2016-07-01,2017-06-30,-1
2018-02-05,69200,2017-06-30,2,,,,,,,,,,,,,,,,,,,,,,,,,,,,,28.00,,,,47143200,2053968,,false,false,12,2016-07-01,2017-06-30,-1
2018-02-05,69200,2018-06-30,2,,,,,,,,,,,,,,,,,,,,,,,,,,,,,12.00,,,,,,,false,false,12,2017-07-01,2018-06-30,0
2018-02-05,69200,2018-06-30,2,,,,,,,,,,,,,,,,,,,,,,,,,,,,,30.00,,,,,,,false,true,12,2017-07-01,2018-06-30,0
2018-02-05,69200,2018-06-30,2,,,,,,,,,,,,,,,,,,,,,,,,,,,,,,,,,47143200,2053968,45089232,false,false,6,2017-07-01,2017-12-31,0
2018-02-05,69200,2017-06-30,2,,,,,,,,,,,,,,,,,,,,,,,,,,,,,,,,,,,45089415,false,false,6,2016-07-01,2016-12-31,-1
2018-04-27,69200,2018-06-30,3,15735000000,0.343,,,,,4585000000,0.238,4514000000,0.203,,3358000000,,74.48,74.42,,,,,36240000000,26102000000,0.720,578.44,26081000000,,,,,,,,,,,,true,false,9,2017-07-01,2018-03-31,0
2018-04-27,69200,2017-06-30,3,11712000000,,,,,,3703000000,,3752000000,,,2645000000,,58.66,58.61,,,,,,,,,,,,,,,,,,,,,true,false,9,2016-07-01,2017-03-31,-1
2018-04-27,69200,2018-06-30,3,21000000000,0.215,,,,,5000000000,0.020,5000000000,0.007,,3800000000,,84.28,,,,,,,,,,,,,,,,,,,,,,true,true,12,2017-07-01,2018-06-30,0
2018-04-27,69200,2017-06-30,3,,,,,,,,,,,,,,,,,,,,33019000000,24479000000,0.741,542.43,24457000000,,,,,,,,,,,,true,false,12,2016-07-01,2017-06-30,-1
2018-04-27,69200,2017-06-30,3,,,,,,,,,,,,,,,,,,,,,,,,,,,,,28.00,,,,47143200,2053968,,false,false,12,2016-07-01,2017-06-30,-1
2018-04-27,69200,2018-06-30,3,,,,,,,,,,,,,,,,,,,,,,,,,,,,,12.00,,,,,,,false,false,12,2017-07-01,2018-06-30,0
2018-04-27,69200,2018-06-30,3,,,,,,,,,,,,,,,,,,,,,,,,,,,,,30.00,,,,,,,false,true,12,2017-07-01,2018-06-30,0
2018-04-27,69200,2018-06-30,3,,,,,,,,,,,,,,,,,,,,,,,,,,,,,,,,,47143200,2054078,45089219,false,false,9,2017-07-01,2018-03-31,0
2018-04-27,69200,2017-06-30,3,,,,,,,,,,,,,,,,,,,,,,,,,,,,,,,,,,,45089388,false,false,9,2016-07-01,2017-03-31,-1
2018-08-08,69200,2018-06-30,,21252000000,0.230,,,,,5685000000,0.160,5706000000,0.149,,4366000000,,96.84,96.76,0.170,0.160,0.268,,38121000000,27053000000,0.709,599.52,27032000000,2916000000,-684000000,-1805000000,10107000000,,0.351,,,,,,true,false,12,2017-07-01,2018-06-30,0
2018-08-08,69200,2017-06-30,,17278000000,,,,,,4901000000,,4964000000,,,3534000000,,78.39,78.33,0.153,0.169,0.284,,33019000000,24479000000,0.741,542.43,24457000000,3495000000,-612000000,-1151000000,9736000000,,0.357,,,,,,true,false,12,2016-07-01,2017-06-30,-1
2018-08-08,69200,2019-06-30,,14300000000,0.368,,,,,3300000000,0.007,3300000000,0.002,,2600000000,,57.66,,,,,,,,,,,,,,,,,,,,,,true,true,6,2018-07-01,2018-12-31,1
2018-08-08,69200,2019-06-30,,28000000000,0.317,,,,,6500000000,0.143,6500000000,0.139,,5000000000,,110.89,,,,,,,,,,,,,,,,0.352,,,,,,true,true,12,2018-07-01,2019-06-30,1
2018-08-08,69200,2018-06-30,,19220000000,0.216,,,,,4530000000,0.132,5153000000,0.121,4178000000,,0.232,92.67,92.59,,,,,36503000000,25541000000,0.699,565.99,25519000000,,,,,34.00,,,,47143200,2054078,45089195,false,false,12,2017-07-01,2018-06-30,0
2018-08-08,69200,2017-06-30,,15806000000,0.099,,,,,4004000000,0.009,4595000000,0.150,3390000000,,0.165,75.20,75.14,,,,,31320000000,23148000000,0.738,512.91,23126000000,,,,,28.00,,,,47143200,2053968,45089356,false,false,12,2016-07-01,2017-06-30,-1
2018-08-08,69200,2019-06-30,,,,,,,,,,,,,,,,,,,,,,,,,,,,,,39.00,,,,,,,false,true,12,2018-07-01,2019-06-30,1
2018-10-29,69200,2019-06-30,1,6181000000,1.273,,,,,921000000,2.727,971000000,2.940,,783000000,,17.37,17.36,,,,,41352000000,26935000000,0.651,596.91,26914000000,,,,,,,,,,,,true,false,3,2018-07-01,2018-09-30,0
2018-10-29,69200,2018-06-30,1,2719000000,0.447,,,,,247000000,,246000000,,,197000000,,4.38,4.38,,,,,,,,,,,,,,,,,,,,,true,false,3,2017-07-01,2017-09-30,-1
2018-10-29,69200,2019-06-30,1,14300000000,0.368,,,,,3300000000,0.007,3300000000,0.002,,2600000000,,57.66,,,,,,,,,,,,,,,,,,,,,,true,true,6,2018-07-01,2018-12-31,0
2018-10-29,69200,2019-06-30,1,28000000000,0.317,,,,,6500000000,0.143,6500000000,0.139,,5000000000,,110.89,,,,,,,,,,,,,,,,,,,,,,true,true,12,2018-07-01,2019-06-30,0
2018-10-29,69200,2018-06-30,1,,,,,,,,,,,,,,,,,,,,38121000000,27053000000,0.709,599.52,27032000000,,,,,,,,,,,,true,false,12,2017-07-01,2018-06-30,-1
2018-10-29,69200,2018-06-30,1,,,,,,,,,,,,,,,,,,,,,,,,,,,,,34.00,,,,47143200,2054078,,false,false,12,2017-07-01,2018-06-30,-1
2018-10-29,69200,2019-06-30,1,,,,,,,,,,,,,,,,,,,,,,,,,,,,,39.00,,,,,,,false,true,12,2018-07-01,2019-06-30,0
2018-10-29,69200,2019-06-30,1,,,,,,,,,,,,,,,,,,,,,,,,,,,,,,,,,47143200,2054132,45089103,false,false,3,2018-07-01,2018-09-30,0
2018-10-29,69200,2018-06-30,1,,,,,,,,,,,,,,,,,,,,,,,,,,,,,,,,,,,45089232,false,false,3,2017-07-01,2017-09-30,-1
2018-12-27,69200,2019-06-30,,16000000000,0.119,,,,,4500000000,0.364,4500000000,0.364,,3500000000,,77.62,,,,,,,,,,,,,,,,,,,,,,true,true,6,2018-07-01,2018-12-31,0
2018-12-27,69200,2018-06-30,,10451000000,,,,,,3277000000,,3293000000,,,2415000000,,53.58,,,,,,,,,,,,,,,,,,,,,,true,false,6,2017-07-01,2017-12-31,-1
2019-02-04,69200,2019-06-30,2,16837000000,0.611,,,,,5148000000,0.571,5150000000,0.564,,3848000000,,85.35,85.28,,,,,45623000000,29816000000,0.653,660.81,29795000000,,,,,,,,,,,,true,false,6,2018-07-01,2018-12-31,0
2019-02-04,69200,2018-06-30,2,10451000000,0.205,,,,,3277000000,0.258,3293000000,0.203,,2415000000,,53.58,53.53,,,,,,,,,,,,,,,,,,,,,true,false,6,2017-07-01,2017-12-31,-1
2019-02-04,69200,2019-06-30,2,28000000000,0.317,,,,,6500000000,0.143,6500000000,0.139,,5000000000,,110.89,,,,,,,,,,,,,,,,,,,,,,true,true,12,2018-07-01,2019-06-30,0
2019-02-04,69200,2018-06-30,2,,,,,,,,,,,,,,,,,,,,38121000000,27053000000,0.709,599.52,27032000000,,,,,,,,,,,,true,false,12,2017-07-01,2018-06-30,-1
2019-02-04,69200,2018-06-30,2,,,,,,,,,,,,,,,,,,,,,,,,,,,,,34.00,,,,47143200,2054078,,false,false,12,2017-07-01,2018-06-30,-1
2019-02-04,69200,2019-06-30,2,,,,,,,,,,,,,,,,,,,,,,,,,,,,,16.00,,,,,,,false,false,12,2018-07-01,2019-06-30,0
2019-02-04,69200,2019-06-30,2,,,,,,,,,,,,,,,,,,,,,,,,,,,,,39.00,,,,,,,false,true,12,2018-07-01,2019-06-30,0
2019-02-04,69200,2019-06-30,2,,,,,,,,,,,,,,,,,,,,,,,,,,,,,,,,,47143200,2054163,45089080,false,false,6,2018-07-01,2018-12-31,0
2019-02-04,69200,2018-06-30,2,,,,,,,,,,,,,,,,,,,,,,,,,,,,,,,,,,,45089232,false,false,6,2017-07-01,2017-12-31,-1
2019-04-26,69200,2019-06-30,3,21479000000,0.365,,,,,5740000000,0.252,5681000000,0.259,,4296000000,,95.28,95.20,,,,,47027000000,29549000000,0.628,654.89,29528000000,,,,,,,,,,,,true,false,9,2018-07-01,2019-03-31,0
2019-04-26,69200,2018-06-30,3,15735000000,0.343,,,,,4585000000,0.238,4514000000,0.203,,3358000000,,74.48,74.42,,,,,,,,,,,,,,,,,,,,,true,false,9,2017-07-01,2018-03-31,-1
2019-04-26,69200,2019-06-30,3,28000000000,0.317,,,,,6500000000,0.143,6500000000,0.139,,5000000000,,110.89,,,,,,,,,,,,,,,,,,,,,,true,true,12,2018-07-01,2019-06-30,0
2019-04-26,69200,2018-06-30,3,,,,,,,,,,,,,,,,,,,,38121000000,27053000000,0.709,599.52,27032000000,,,,,,,,,,,,true,false,12,2017-07-01,2018-06-30,-1
2019-04-26,69200,2018-06-30,3,,,,,,,,,,,,,,,,,,,,,,,,,,,,,34.00,,,,47143200,2054078,,false,false,12,2017-07-01,2018-06-30,-1
2019-04-26,69200,2019-06-30,3,,,,,,,,,,,,,,,,,,,,,,,,,,,,,16.00,,,,,,,false,false,12,2018-07-01,2019-06-30,0
2019-04-26,69200,2019-06-30,3,,,,,,,,,,,,,,,,,,,,,,,,,,,,,39.00,,,,,,,false,true,12,2018-07-01,2019-06-30,0
2019-04-26,69200,2019-06-30,3,,,,,,,,,,,,,,,,,,,,,,,,,,,,,,,,,47143200,2054196,45089059,false,false,9,2018-07-01,2019-03-31,0
2019-04-26,69200,2018-06-30,3,,,,,,,,,,,,,,,,,,,,,,,,,,,,,,,,,,,45089219,false,false,9,2017-07-01,2018-03-31,-1
2019-08-07,69200,2019-06-30,,28769000000,0.354,,,,,7941000000,0.397,7834000000,0.373,,5933000000,,131.60,131.49,0.204,0.178,0.276,,50055000000,31107000000,0.621,689.44,31086000000,5800000000,-994000000,-1715000000,13120000000,,0.357,,,,,,true,false,12,2018-07-01,2019-06-30,0
2019-08-07,69200,2018-06-30,,21252000000,0.230,,,,,5685000000,0.160,5706000000,0.149,,4366000000,,96.84,96.76,0.170,0.160,0.268,,38121000000,27053000000,0.709,599.52,27032000000,2916000000,-684000000,-1805000000,10107000000,,0.351,,,,,,true,false,12,2017-07-01,2018-06-30,-1
2019-08-07,69200,2020-06-30,,22000000000,0.307,,,,,7700000000,0.496,7700000000,0.495,,5900000000,,130.85,,,,,,,,,,,,,,,,,,,,,,true,true,6,2019-07-01,2019-12-31,1
2019-08-07,69200,2020-06-30,,40000000000,0.390,,,,,13000000000,0.637,13000000000,0.659,,10000000000,,221.78,,,,,,,,,,,,,,,,0.352,,,,,,true,true,12,2019-07-01,2020-06-30,1
2019-08-07,69200,2019-06-30,,26800000000,0.394,,,,,6184000000,0.365,6918000000,0.342,5450000000,,0.304,120.88,120.78,,,,,48206000000,29185000000,0.605,646.81,29164000000,,,,,47.00,,,,47143200,2054196,45089045,false,false,12,2018-07-01,2019-06-30,0
2019-08-07,69200,2018-06-30,,19220000000,0.216,,,,,4530000000,0.132,5153000000,0.121,4178000000,,0.232,92.67,92.59,,,,,36503000000,25541000000,0.699,565.99,25519000000,,,,,34.00,,,,47143200,2054078,45089195,false,false,12,2017-07-01,2018-06-30,-1
2019-08-07,69200,2020-06-30,,,,,,,,,,,,,,,,,,,,,,,,,,,,,,78.00,,,,,,,false,true,12,2019-07-01,2020-06-30,1
2019-10-28,69200,2020-06-30,1,5542000000,-0.103,,,,,1429000000,0.552,1372000000,0.413,,993000000,,22.03,22.01,,,,,55145000000,30677000000,0.556,679.90,30656000000,,,,,,,,,,,,true,false,3,2019-07-01,2019-09-30,0
2019-10-28,69200,2019-06-30,1,6181000000,1.273,,,,,921000000,2.727,971000000,2.940,,783000000,,17.37,17.36,,,,,,,,,,,,,,,,,,,,,true,false,3,2018-07-01,2018-09-30,-1
2019-10-28,69200,2020-06-30,1,22000000000,0.307,,,,,7700000000,0.496,7700000000,0.495,,5900000000,,130.85,,,,,,,,,,,,,,,,,,,,,,true,true,6,2019-07-01,2019-12-31,0
2019-10-28,69200,2020-06-30,1,40000000000,0.390,,,,,13000000000,0.637,13000000000,0.659,,10000000000,,221.78,,,,,,,,,,,,,,,,,,,,,,true,true,12,2019-07-01,2020-06-30,0
2019-10-28,69200,2019-06-30,1,,,,,,,,,,,,,,,,,,,,50055000000,31107000000,0.621,689.44,31086000000,,,,,,,,,,,,true,false,12,2018-07-01,2019-06-30,-1
2019-10-28,69200,2019-06-30,1,,,,,,,,,,,,,,,,,,,,,,,,,,,,,47.00,,,,47143200,2054196,,false,false,12,2018-07-01,2019-06-30,-1
2019-10-28,69200,2020-06-30,1,,,,,,,,,,,,,,,,,,,,,,,,,,,,,78.00,,,,,,,false,true,12,2019-07-01,2020-06-30,0
2019-10-28,69200,2020-06-30,1,,,,,,,,,,,,,,,,,,,,,,,,,,,,,,,,,47143200,2054196,45089004,false,false,3,2019-07-01,2019-09-30,0
2019-10-28,69200,2019-06-30,1,,,,,,,,,,,,,,,,,,,,,,,,,,,,,,,,,,,45089103,false,false,3,2018-07-01,2018-09-30,-1
,69200,2020-06-30,,,,,,,,,,,,,,,,,,,,,,,,,,,,,,24.00,,,,,,,false,true,12,2019-07-01,2020-06-30,0
,69200,2019-06-30,,,,,,,,,,,,,,,,,,,,,,,,,,,,,,47.00,,,,,,,false,false,12,2018-07-01,2019-06-30,-1
2020-02-03,69200,2020-06-30,2,19948000000,0.185,,,,,7988000000,0.552,7948000000,0.543,,5593000000,,62.03,61.98,,,,,60766000000,35417000000,0.582,392.51,35395000000,,,,,,,,,,,,true,false,6,2019-07-01,2019-12-31,0
2020-02-03,69200,2019-06-30,2,16837000000,0.611,,,,,5148000000,0.571,5150000000,0.564,,3848000000,,42.67,42.64,,,,,,,,,,,,,,,,,,,,,true,false,6,2018-07-01,2018-12-31,-1
2020-02-03,69200,2020-06-30,2,40000000000,0.390,,,,,14000000000,0.763,14000000000,0.787,,10000000000,,110.89,,,,,,,,,,,,,,,,,,,,,,true,true,12,2019-07-01,2020-06-30,0
2020-02-03,69200,2019-06-30,2,,,,,,,,,,,,,,,,,,,,50055000000,31107000000,0.621,344.72,31086000000,,,,,,,,,,,,true,false,12,2018-07-01,2019-06-30,-1
2020-02-03,69200,2019-06-30,2,,,,,,,,,,,,,,,,,,,,,,,,,,,,,47.00,,,,94286400,4108392,,false,false,12,2018-07-01,2019-06-30,-1
2020-02-03,69200,2020-06-30,2,,,,,,,,,,,,,,,,,,,,,,,,,,,,,31.00,,,,,,,false,false,12,2019-07-01,2020-06-30,0
2020-02-03,69200,2020-06-30,2,,,,,,,,,,,,,,,,,,,,,,,,,,,,,24.00,,,,,,,false,true,12,2019-07-01,2020-06-30,0
2020-02-03,69200,2020-06-30,2,,,,,,,,,,,,,,,,,,,,,,,,,,,,,,,,,94286400,4108486,90177965,false,false,6,2019-07-01,2019-12-31,0
2020-02-03,69200,2019-06-30,2,,,,,,,,,,,,,,,,,,,,,,,,,,,,,,,,,,,90178160,false,false,6,2018-07-01,2018-12-31,-1
2020-04-28,69200,2020-06-30,3,25601000000,0.192,,,,,8864000000,0.544,8915000000,0.569,,6310000000,,69.97,69.91,,,,,78597000000,34576000000,0.440,383.18,34554000000,,,,,,,,,,,,true,false,9,2019-07-01,2020-03-31,0
2020-04-28,69200,2019-06-30,3,21479000000,0.365,,,,,5740000000,0.252,5681000000,0.259,,4296000000,,47.64,47.60,,,,,,,,,,,,,,,,,,,,,true,false,9,2018-07-01,2019-03-31,-1
2020-04-28,69200,2020-06-30,3,40000000000,0.390,,,,,14000000000,0.763,14000000000,0.787,,10000000000,,110.89,,,,,,,,,,,,,,,,,,,,,,true,true,12,2019-07-01,2020-06-30,0
2020-04-28,69200,2019-06-30,3,,,,,,,,,,,,,,,,,,,,50055000000,31107000000,0.621,344.72,31086000000,,,,,,,,,,,,true,false,12,2018-07-01,2019-06-30,-1
2020-04-28,69200,2019-06-30,3,,,,,,,,,,,,,,,,,,,,,,,,,,,,,47.00,,,,94286400,4108392,,false,false,12,2018-07-01,2019-06-30,-1
2020-04-28,69200,2020-06-30,3,,,,,,,,,,,,,,,,,,,,,,,,,,,,,31.00,,,,,,,false,false,12,2019-07-01,2020-06-30,0
2020-04-28,69200,2020-06-30,3,,,,,,,,,,,,,,,,,,,,,,,,,,,,,24.00,,,,,,,false,true,12,2019-07-01,2020-06-30,0
2020-04-28,69200,2020-06-30,3,,,,,,,,,,,,,,,,,,,,,,,,,,,,,,,,,94286400,4108486,90177948,false,false,9,2019-07-01,2020-03-31,0
2020-04-28,69200,2019-06-30,3,,,,,,,,,,,,,,,,,,,,,,,,,,,,,,,,,,,90178118,false,false,9,2018-07-01,2019-03-31,-1
2020-08-05,69200,2020-06-30,,42572000000,0.480,,,,,15062000000,0.897,15115000000,0.929,,10823000000,,120.02,119.92,0.308,0.229,0.354,,81794000000,39175000000,0.479,434.19,39154000000,16486000000,-2038000000,-2800000000,24660000000,,0.354,,,,,,true,false,12,2019-07-01,2020-06-30,0
2020-08-05,69200,2019-06-30,,28769000000,0.354,,,,,7941000000,0.397,7834000000,0.373,,5933000000,,65.80,65.75,0.204,0.178,0.276,,50055000000,31107000000,0.621,344.72,31086000000,5800000000,-994000000,-1715000000,13120000000,,0.357,,,,,,true,false,12,2018-07-01,2019-06-30,-1
2020-08-05,69200,2021-06-30,,57000000000,0.339,,,,,17000000000,0.129,17000000000,0.125,,12500000000,,138.61,,,,,,,,,,,,,,,,0.354,,,,,,true,true,12,2020-07-01,2021-06-30,1
2020-08-05,69200,2020-06-30,,40319000000,0.504,,,,,13750000000,1.223,14833000000,1.144,10843000000,,0.990,120.25,120.15,,,,,79333000000,37271000000,0.470,413.07,37249000000,,,,,27.00,,,,94286400,4108486,90177940,false,false,12,2019-07-01,2020-06-30,0
2020-08-05,69200,2019-06-30,,26800000000,0.394,,,,,6184000000,0.365,6918000000,0.342,5450000000,,0.304,60.44,60.39,,,,,48206000000,29185000000,0.605,323.41,29164000000,,,,,47.00,,,,94286400,4108392,90178090,false,false,12,2018-07-01,2019-06-30,-1
2020-08-05,69200,2021-06-30,,,,,,,,,,,,,,,,,,,,,,,,,,,,,,49.00,,,,,,,false,true,12,2020-07-01,2021-06-30,1
2020-10-30,69200,2021-06-30,1,13165000000,1.375,,,,,4529000000,2.168,4392000000,2.200,,3165000000,,35.10,35.07,,,,,80733000000,39945000000,0.495,442.72,39923000000,,,,,,,,,,,,true,false,3,2020-07-01,2020-09-30,0
2020-10-30,69200,2020-06-30,1,5542000000,-0.103,,,,,1429000000,0.552,1372000000,0.413,,993000000,,11.02,11.01,,,,,,,,,,,,,,,,,,,,,true,false,3,2019-07-01,2019-09-30,-1
2020-10-30,69200,2021-06-30,1,57000000000,0.339,,,,,17000000000,0.129,17000000000,0.125,,12500000000,,138.61,,,,,,,,,,,,,,,,,,,,,,true,true,12,2020-07-01,2021-06-30,0
2020-10-30,69200,2020-06-30,1,,,,,,,,,,,,,,,,,,,,81794000000,39175000000,0.479,434.19,39154000000,,,,,,,,,,,,true,false,12,2019-07-01,2020-06-30,-1
2020-10-30,69200,2020-06-30,1,,,,,,,,,,,,,,,,,,,,,,,,,,,,,27.00,,,,94286400,4108486,,false,false,12,2019-07-01,2020-06-30,-1
2020-10-30,69200,2021-06-30,1,,,,,,,,,,,,,,,,,,,,,,,,,,,,,49.00,,,,,,,false,true,12,2020-07-01,2021-06-30,0
2020-10-30,69200,2021-06-30,1,,,,,,,,,,,,,,,,,,,,,,,,,,,,,,,,,94286400,4108486,90177914,false,false,3,2020-07-01,2020-09-30,0
2020-10-30,69200,2020-06-30,1,,,,,,,,,,,,,,,,,,,,,,,,,,,,,,,,,,,90178008,false,false,3,2019-07-01,2019-09-30,-1
2021-02-01,69200,2021-06-30,2,32231000000,0.616,,,,,12056000000,0.509,11823000000,0.488,,8362000000,,92.73,92.65,,,,,90164000000,45214000000,0.501,501.16,45193000000,,,,,,,,,,,,true,false,6,2020-07-01,2020-12-31,0
2021-02-01,69200,2020-06-30,2,19948000000,0.185,,,,,7988000000,0.552,7948000000,0.543,,5593000000,,62.03,61.98,,,,,,,,,,,,,,,,,,,,,true,false,6,2019-07-01,2019-12-31,-1
2021-02-01,69200,2021-06-30,2,62000000000,0.456,,,,,20000000000,0.328,20000000000,0.323,,14000000000,,155.25,,,,,,,,,,,,,,,,,,,,,,true,true,12,2020-07-01,2021-06-30,0
2021-02-01,69200,2020-06-30,2,,,,,,,,,,,,,,,,,,,,81794000000,39175000000,0.479,434.19,39154000000,,,,,,,,,,,,true,false,12,2019-07-01,2020-06-30,-1
2021-02-01,69200,2020-06-30,2,,,,,,,,,,,,,,,,,,,,,,,,,,,,,27.00,,,,94286400,4108486,,false,false,12,2019-07-01,2020-06-30,-1
2021-02-01,69200,2021-06-30,2,,,,,,,,,,,,,,,,,,,,,,,,,,,,,20.00,,,,,,,false,false,12,2020-07-01,2021-06-30,0
2021-02-01,69200,2021-06-30,2,,,,,,,,,,,,,,,,,,,,,,,,,,,,,55.00,,,,,,,false,true,12,2020-07-01,2021-06-30,0
2021-02-01,69200,2021-06-30,2,,,,,,,,,,,,,,,,,,,,,,,,,,,,,,,,,94286400,4108486,90177914,false,false,6,2020-07-01,2020-12-31,0
2021-02-01,69200,2020-06-30,2,,,,,,,,,,,,,,,,,,,,,,,,,,,,,,,,,,,90177965,false,false,6,2019-07-01,2019-12-31,-1
2021-04-30,6920,2021-06-30,3,51945000000,1.029,,,,,18584000000,1.096,18961000000,1.127,,13477000000,,149.45,149.32,,,,,104878000000,48460000000,0.462,537.15,48439000000,,,,,,,,,,,,true,false,9,2020-07-01,2021-03-31,0
2021-04-30,6920,2020-06-30,3,25601000000,0.192,,,,,8864000000,0.544,8915000000,0.569,,6310000000,,69.97,69.91,,,,,,,,,,,,,,,,,,,,,true,false,9,2019-07-01,2020-03-31,-1
2021-04-30,6920,2021-06-30,3,62000000000,0.456,,,,,20000000000,0.328,20000000000,0.323,,14000000000,,155.25,,,,,,,,,,,,,,,,,,,,,,true,true,12,2020-07-01,2021-06-30,0
2021-04-30,6920,2020-06-30,3,,,,,,,,,,,,,,,,,,,,81794000000,39175000000,0.479,434.19,39154000000,,,,,,,,,,,,true,false,12,2019-07-01,2020-06-30,-1
2021-04-30,6920,2020-06-30,3,,,,,,,,,,,,,,,,,,,,,,,,,,,,,27.00,,,,94286400,4108486,,false,false,12,2019-07-01,2020-06-30,-1
2021-04-30,6920,2021-06-30,3,,,,,,,,,,,,,,,,,,,,,,,,,,,,,20.00,,,,,,,false,false,12,2020-07-01,2021-06-30,0
2021-04-30,6920,2021-06-30,3,,,,,,,,,,,,,,,,,,,,,,,,,,,,,55.00,,,,,,,false,true,12,2020-07-01,2021-06-30,0
2021-04-30,6920,2021-06-30,3,,,,,,,,,,,,,,,,,,,,,,,,,,,,,,,,,94286400,4108486,90177914,false,false,9,2020-07-01,2021-03-31,0
2021-04-30,6920,2020-06-30,3,,,,,,,,,,,,,,,,,,,,,,,,,,,,,,,,,,,90177948,false,false,9,2019-07-01,2020-03-31,-1
2021-08-06,6920,2021-06-30,,70248000000,0.650,,,,,26074000000,0.731,26438000000,0.749,,19250000000,,213.47,213.29,0.408,0.264,0.371,,118725000000,55188000000,0.465,611.76,55166000000,10488000000,-3703000000,-4242000000,27849000000,,0.351,,,,,,true,false,12,2020-07-01,2021-06-30,0
2021-08-06,6920,2020-06-30,,42572000000,0.480,,,,,15062000000,0.897,15115000000,0.929,,10823000000,,120.02,119.92,0.308,0.229,0.354,,81794000000,39175000000,0.479,434.19,39154000000,16486000000,-2038000000,-2800000000,24660000000,,0.354,,,,,,true,false,12,2019-07-01,2020-06-30,-1
2021-08-06,6920,2022-06-30,,83000000000,0.182,,,,,27000000000,0.036,27000000000,0.021,,21000000000,,232.87,,,,,,,,,,,,,,,,0.352,,,,,,true,true,12,2021-07-01,2022-06-30,1
2021-08-06,6920,2021-06-30,,67080000000,0.664,,,,,23943000000,0.741,25004000000,0.686,18487000000,,0.705,205.01,204.84,,,,,115318000000,52522000000,0.455,582.20,52501000000,,,,,75.00,,,,94286400,4108486,90177914,false,false,12,2020-07-01,2021-06-30,0
2021-08-06,6920,2020-06-30,,40319000000,0.504,,,,,13750000000,1.223,14833000000,1.144,10843000000,,0.990,120.25,120.15,,,,,79333000000,37271000000,0.470,413.07,37249000000,,,,,27.00,,,,94286400,4108486,90177940,false,false,12,2019-07-01,2020-06-30,-1
2021-08-06,6920,2022-06-30,,,,,,,,,,,,,,,,,,,,,,,,,,,,,,82.00,,,,,,,false,true,12,2021-07-01,2022-06-30,1
2021-10-29,6920,2022-06-30,1,9110000000,-0.308,,,,,2019000000,-0.554,2144000000,-0.512,,1567000000,,17.39,17.37,,,,,132579000000,51314000000,0.387,568.80,51292000000,,,,,,,,,,,,true,false,3,2021-07-01,2021-09-30,0
2021-10-29,6920,2021-06-30,1,13165000000,1.375,,,,,4529000000,2.168,4392000000,2.200,,3165000000,,35.10,35.07,,,,,,,,,,,,,,,,,,,,,true,false,3,2020-07-01,2020-09-30,-1
2021-10-29,6920,2022-06-30,1,83000000000,0.182,,,,,27000000000,0.036,27000000000,0.021,,21000000000,,232.87,,,,,,,,,,,,,,,,,,,,,,true,true,12,2021-07-01,2022-06-30,0
2021-10-29,6920,2021-06-30,1,,,,,,,,,,,,,,,,,,,,118725000000,55188000000,0.465,611.76,55166000000,,,,,,,,,,,,true,false,12,2020-07-01,2021-06-30,-1
2021-10-29,6920,2021-06-30,1,,,,,,,,,,,,,,,,,,,,,,,,,,,,,75.00,,,,94286400,4108486,,false,false,12,2020-07-01,2021-06-30,-1
2021-10-29,6920,2022-06-30,1,,,,,,,,,,,,,,,,,,,,,,,,,,,,,82.00,,,,,,,false,true,12,2021-07-01,2022-06-30,0
2021-10-29,6920,2022-06-30,1,,,,,,,,,,,,,,,,,,,,,,,,,,,,,,,,,94286400,4108486,90177914,false,false,3,2021-07-01,2021-09-30,0
2021-10-29,6920,2021-06-30,1,,,,,,,,,,,,,,,,,,,,,,,,,,,,,,,,,,,90177914,false,false,3,2020-07-01,2020-09-30,-1
2022-01-31,6920,2022-06-30,2,36929000000,0.146,,,,,12803000000,0.062,13122000000,0.110,,9735000000,,107.96,107.87,,,,,145048000000,59388000000,0.409,658.31,59366000000,,,,,,,,,,,,true,false,6,2021-07-01,2021-12-31,0
2022-01-31,6920,2021-06-30,2,32231000000,0.616,,,,,12056000000,0.509,11823000000,0.488,,8362000000,,92.73,92.65,,,,,,,,,,,,,,,,,,,,,true,false,6,2020-07-01,2020-12-31,-1
2022-01-31,6920,2022-06-30,2,83000000000,0.182,,,,,27000000000,0.036,27000000000,0.021,,21000000000,,232.87,,,,,,,,,,,,,,,,,,,,,,true,true,12,2021-07-01,2022-06-30,0
2022-01-31,6920,2021-06-30,2,,,,,,,,,,,,,,,,,,,,118725000000,55188000000,0.465,611.76,55166000000,,,,,,,,,,,,true,false,12,2020-07-01,2021-06-30,-1
2022-01-31,6920,2021-06-30,2,,,,,,,,,,,,,,,,,,,,,,,,,,,,,75.00,,,,94286400,4108486,,false,false,12,2020-07-01,2021-06-30,-1
2022-01-31,6920,2022-06-30,2,,,,,,,,,,,,,,,,,,,,,,,,,,,,,32.00,,,,,,,false,false,12,2021-07-01,2022-06-30,0
2022-01-31,6920,2022-06-30,2,,,,,,,,,,,,,,,,,,,,,,,,,,,,,82.00,,,,,,,false,true,12,2021-07-01,2022-06-30,0
2022-01-31,6920,2022-06-30,2,,,,,,,,,,,,,,,,,,,,,,,,,,,,,,,,,94286400,4105696,90179021,false,false,6,2021-07-01,2021-12-31,0
2022-01-31,6920,2021-06-30,2,,,,,,,,,,,,,,,,,,,,,,,,,,,,,,,,,,,90177914,false,false,6,2020-07-01,2020-12-31,-1
2022-04-28,6920,2022-06-30,3,53565000000,0.031,,,,,16542000000,-0.110,17279000000,-0.089,,13000000000,,144.17,144.05,,,,,166143000000,60519000000,0.364,670.85,60498000000,,,,,,,,,,,,true,false,9,2021-07-01,2022-03-31,0
2022-04-28,6920,2021-06-30,3,51945000000,1.029,,,,,18584000000,1.096,18961000000,1.127,,13477000000,,149.45,149.32,,,,,,,,,,,,,,,,,,,,,true,false,9,2020-07-01,2021-03-31,-1
2022-04-28,6920,2022-06-30,3,83000000000,0.182,,,,,27000000000,0.036,27000000000,0.021,,21000000000,,232.87,,,,,,,,,,,,,,,,,,,,,,true,true,12,2021-07-01,2022-06-30,0
2022-04-28,6920,2021-06-30,3,,,,,,,,,,,,,,,,,,,,118725000000,55188000000,0.465,611.76,55166000000,,,,,,,,,,,,true,false,12,2020-07-01,2021-06-30,-1
2022-04-28,6920,2021-06-30,3,,,,,,,,,,,,,,,,,,,,,,,,,,,,,75.00,,,,94286400,4108486,,false,false,12,2020-07-01,2021-06-30,-1
2022-04-28,6920,2022-06-30,3,,,,,,,,,,,,,,,,,,,,,,,,,,,,,32.00,,,,,,,false,false,12,2021-07-01,2022-06-30,0
2022-04-28,6920,2022-06-30,3,,,,,,,,,,,,,,,,,,,,,,,,,,,,,82.00,,,,,,,false,true,12,2021-07-01,2022-06-30,0
2022-04-28,6920,2022-06-30,3,,,,,,,,,,,,,,,,,,,,,,,,,,,,,,,,,94286400,4105696,90179574,false,false,9,2021-07-01,2022-03-31,0
2022-04-28,6920,2021-06-30,3,,,,,,,,,,,,,,,,,,,,,,,,,,,,,,,,,,,90177914,false,false,9,2020-07-01,2021-03-31,-1
2022-08-05,6920,2022-06-30,,90378000000,0.287,,,,,32492000000,0.246,33582000000,0.270,,24850000000,,275.57,275.34,0.389,0.226,0.360,,178629000000,72747000000,0.407,806.45,72726000000,-3464000000,-5387000000,2149000000,23420000000,,0.352,,,,,,true,false,12,2021-07-01,2022-06-30,0
2022-08-05,6920,2021-06-30,,70248000000,0.650,,,,,26074000000,0.731,26438000000,0.749,,19250000000,,213.47,213.29,0.408,0.264,0.371,,118725000000,55188000000,0.465,611.76,55166000000,10488000000,-3703000000,-4242000000,27849000000,,0.351,,,,,,true,false,12,2020-07-01,2021-06-30,-1
2022-08-05,6920,2023-06-30,,140000000000,0.549,,,,,42000000000,0.293,42000000000,0.251,,33000000000,,365.93,,,,,,,,,,,,,,,,0.353,,,,,,true,true,12,2022-07-01,2023-06-30,1
2022-08-05,6920,2022-06-30,,82016000000,0.223,,,,,27334000000,0.142,29592000000,0.183,22113000000,,0.196,245.22,245.01,,,,,167749000000,66176000000,0.394,733.58,66154000000,,,,,97.00,,,,94286400,4105696,90179856,false,false,12,2021-07-01,2022-06-30,0
2022-08-05,6920,2021-06-30,,67080000000,0.664,,,,,23943000000,0.741,25004000000,0.686,18487000000,,0.705,205.01,204.84,,,,,115318000000,52522000000,0.455,582.20,52501000000,,,,,75.00,,,,94286400,4108486,90177914,false,false,12,2020-07-01,2021-06-30,-1
2022-08-05,6920,2023-06-30,,,,,,,,,,,,,,,,,,,,,,,,,,,,,,129.00,,,,,,,false,true,12,2022-07-01,2023-06-30,1
2022-10-31,6920,2023-06-30,1,25723000000,1.824,,,,,8508000000,3.213,9238000000,3.307,,6731000000,,74.64,74.58,,,,,229454000000,73620000000,0.321,816.13,73598000000,,,,,,,,,,,,true,false,3,2022-07-01,2022-09-30,0
2022-10-31,6920,2022-06-30,1,9110000000,-0.308,,,,,2019000000,-0.554,2144000000,-0.512,,1567000000,,17.39,17.37,,,,,,,,,,,,,,,,,,,,,true,false,3,2021-07-01,2021-09-30,-1
2022-10-31,6920,2023-06-30,1,140000000000,0.549,,,,,42000000000,0.293,42000000000,0.251,,33000000000,,365.93,,,,,,,,,,,,,,,,,,,,,,true,true,12,2022-07-01,2023-06-30,0
2022-10-31,6920,2022-06-30,1,,,,,,,,,,,,,,,,,,,,178629000000,72747000000,0.407,806.45,72726000000,,,,,,,,,,,,true,false,12,2021-07-01,2022-06-30,-1
2022-10-31,6920,2022-06-30,1,,,,,,,,,,,,,,,,,,,,,,,,,,,,,97.00,,,,94286400,4105696,,false,false,12,2021-07-01,2022-06-30,-1
2022-10-31,6920,2023-06-30,1,,,,,,,,,,,,,,,,,,,,,,,,,,,,,129.00,,,,,,,false,true,12,2022-07-01,2023-06-30,0
2022-10-31,6920,2023-06-30,1,,,,,,,,,,,,,,,,,,,,,,,,,,,,,,,,,94286400,4105696,90180704,false,false,3,2022-07-01,2022-09-30,0
2022-10-31,6920,2022-06-30,1,,,,,,,,,,,,,,,,,,,,,,,,,,,,,,,,,,,90177914,false,false,3,2021-07-01,2021-09-30,-1
2023-01-31,6920,2023-06-30,2,55100000000,0.492,,,,,18124000000,0.416,18108000000,0.380,,13582000000,,150.61,150.49,,,,,241388000000,80379000000,0.333,891.04,80357000000,,,,,,,,,,,,true,false,6,2022-07-01,2022-12-31,0
2023-01-31,6920,2022-06-30,2,36929000000,0.146,,,,,12803000000,0.062,13122000000,0.110,,9735000000,,107.96,107.87,,,,,,,,,,,,,,,,,,,,,true,false,6,2021-07-01,2021-12-31,-1
2023-01-31,6920,2023-06-30,2,140000000000,0.549,,,,,42000000000,0.293,42000000000,0.251,,33000000000,,365.93,,,,,,,,,,,,,,,,,,,,,,true,true,12,2022-07-01,2023-06-30,0
2023-01-31,6920,2022-06-30,2,,,,,,,,,,,,,,,,,,,,178629000000,72747000000,0.407,806.45,72726000000,,,,,,,,,,,,true,false,12,2021-07-01,2022-06-30,-1
2023-01-31,6920,2022-06-30,2,,,,,,,,,,,,,,,,,,,,,,,,,,,,,97.00,,,,94286400,4105696,,false,false,12,2021-07-01,2022-06-30,-1
2023-01-31,6920,2023-06-30,2,,,,,,,,,,,,,,,,,,,,,,,,,,,,,52.00,,,,,,,false,false,12,2022-07-01,2023-06-30,0
2023-01-31,6920,2023-06-30,2,,,,,,,,,,,,,,,,,,,,,,,,,,,,,129.00,,,,,,,false,true,12,2022-07-01,2023-06-30,0
2023-01-31,6920,2023-06-30,2,,,,,,,,,,,,,,,,,,,,,,,,,,,,,,,,,94286400,4102555,90181865,false,false,6,2022-07-01,2022-12-31,0
2023-01-31,6920,2022-06-30,2,,,,,,,,,,,,,,,,,,,,,,,,,,,,,,,,,,,90179021,false,false,6,2021-07-01,2021-12-31,-1
2023-04-28,6920,2023-06-30,3,79430000000,0.483,,,,,27472000000,0.661,27975000000,0.619,,20716000000,,229.72,229.53,,,,,263247000000,82917000000,0.315,919.19,82896000000,,,,,,,,,,,,true,false,9,2022-07-01,2023-03-31,0
2023-04-28,6920,2022-06-30,3,53565000000,0.031,,,,,16542000000,-0.110,17279000000,-0.089,,13000000000,,144.17,144.05,,,,,,,,,,,,,,,,,,,,,true,false,9,2021-07-01,2022-03-31,-1
2023-04-28,6920,2023-06-30,3,140000000000,0.549,,,,,42000000000,0.293,42000000000,0.251,,33000000000,,365.93,,,,,,,,,,,,,,,,,,,,,,true,true,12,2022-07-01,2023-06-30,0
2023-04-28,6920,2022-06-30,3,,,,,,,,,,,,,,,,,,,,178629000000,72747000000,0.407,806.45,72726000000,,,,,,,,,,,,true,false,12,2021-07-01,2022-06-30,-1
2023-04-28,6920,2022-06-30,3,,,,,,,,,,,,,,,,,,,,,,,,,,,,,97.00,,,,94286400,4105696,,false,false,12,2021-07-01,2022-06-30,-1
2023-04-28,6920,2023-06-30,3,,,,,,,,,,,,,,,,,,,,,,,,,,,,,52.00,,,,,,,false,false,12,2022-07-01,2023-06-30,0
2023-04-28,6920,2023-06-30,3,,,,,,,,,,,,,,,,,,,,,,,,,,,,,129.00,,,,,,,false,true,12,2022-07-01,2023-06-30,0
2023-04-28,6920,2023-06-30,3,,,,,,,,,,,,,,,,,,,,,,,,,,,,,,,,,94286400,4102555,90182515,false,false,9,2022-07-01,2023-03-31,0
2023-04-28,6920,2022-06-30,3,,,,,,,,,,,,,,,,,,,,,,,,,,,,,,,,,,,90179574,false,false,9,2021-07-01,2022-03-31,-1
2023-07-24,69200,2023-06-30,,152000000000,0.086,,,,,61000000000,0.452,63000000000,0.500,,45000000000,,498.99,,,,,,,,,,,,,,,,,,,,,,true,true,12,2022-07-01,2023-06-30,0
2023-07-24,69200,2022-06-30,,90378000000,,,,,,32492000000,,33582000000,,,24850000000,,275.57,,,,,,,,,,,,,,,,,,,,,,true,false,12,2021-07-01,2022-06-30,-1
2023-07-24,69200,2023-06-30,,,,,,,,,,,,,,,,,,,,,,,,,,,,,,178.00,,,,,,,false,true,12,2022-07-01,2023-06-30,0
2023-07-24,69200,2023-06-30,,,,,,,,,,,,,,,,,,,,,,,,,,,,,,52.00,,,,,,,false,false,12,2022-07-01,2023-06-30,0
2023-07-24,69200,2022-06-30,,,,,,,,,,,,,,,,,,,,,,,,,,,,,,97.00,,,,,,,false,false,12,2021-07-01,2022-06-30,-1
2023-08-07,6920,2023-06-30,,152832000000,0.691,,,,,62287000000,0.917,63668000000,0.896,,46164000000,,511.89,511.46,0.508,0.283,0.408,,271574000000,109142000000,0.402,1209.99,109121000000,40548000000,-20570000000,-15557000000,29773000000,,0.352,,,,,,true,false,12,2022-07-01,2023-06-30,0
2023-08-07,6920,2022-06-30,,90378000000,0.287,,,,,32492000000,0.246,33582000000,0.270,,24850000000,,275.57,275.34,0.389,0.226,0.360,,178629000000,72747000000,0.407,806.45,72726000000,-3464000000,-5387000000,2149000000,23420000000,,0.352,,,,,,true,false,12,2021-07-01,2022-06-30,-1
2023-08-07,6920,2024-06-30,,190000000000,0.243,,,,,64000000000,0.027,64000000000,0.005,,47000000000,,521.16,,,,,,,,,,,,,,,,0.351,,,,,,true,true,12,2023-07-01,2024-06-30,1
2023-08-07,6920,2023-06-30,,145947000000,0.779,,,,,57161000000,1.091,62098000000,1.098,45343000000,,1.050,502.79,502.37,,,,,261429000000,101489000000,0.388,1125.13,101468000000,,,,,180.00,,,,94286400,4102594,90182844,false,false,12,2022-07-01,2023-06-30,0
2023-08-07,6920,2022-06-30,,82016000000,0.223,,,,,27334000000,0.142,29592000000,0.183,22113000000,,0.196,245.22,245.01,,,,,167749000000,66176000000,0.394,733.58,66154000000,,,,,97.00,,,,94286400,4105696,90179856,false,false,12,2021-07-01,2022-06-30,-1
2023-08-07,6920,2024-06-30,,,,,,,,,,,,,,,,,,,,,,,,,,,,,,183.00,,,,,,,false,true,12,2023-07-01,2024-06-30,1
2023-10-31,6920,2024-06-30,1,47305000000,0.839,,,,,10279000000,0.208,10929000000,0.183,,7702000000,,85.40,85.33,,,,,255256000000,105343000000,0.413,1167.86,105322000000,,,,,,,,,,,,true,false,3,2023-07-01,2023-09-30,0
2023-10-31,6920,2023-06-30,1,25723000000,1.824,,,,,8508000000,3.213,9238000000,3.307,,6731000000,,74.64,74.58,,,,,,,,,,,,,,,,,,,,,true,false,3,2022-07-01,2022-09-30,-1
2023-10-31,6920,2024-06-30,1,190000000000,0.243,,,,,64000000000,0.027,64000000000,0.005,,47000000000,,521.16,,,,,,,,,,,,,,,,,,,,,,true,true,12,2023-07-01,2024-06-30,0
2023-10-31,6920,2023-06-30,1,,,,,,,,,,,,,,,,,,,,271574000000,109142000000,0.402,1209.99,109121000000,,,,,,,,,,,,true,false,12,2022-07-01,2023-06-30,-1
2023-10-31,6920,2023-06-30,1,,,,,,,,,,,,,,,,,,,,,,,,,,,,,180.00,,,,94286400,4102594,,false,false,12,2022-07-01,2023-06-30,-1
2023-10-31,6920,2024-06-30,1,,,,,,,,,,,,,,,,,,,,,,,,,,,,,183.00,,,,,,,false,true,12,2023-07-01,2024-06-30,0
2023-10-31,6920,2024-06-30,1,,,,,,,,,,,,,,,,,,,,,,,,,,,,,,,,,94286400,4102599,90183802,false,false,3,2023-07-01,2023-09-30,0
2023-10-31,6920,2023-06-30,1,,,,,,,,,,,,,,,,,,,,,,,,,,,,,,,,,,,90180704,false,false,3,2022-07-01,2022-09-30,-1
2024-01-31,6920,2024-06-30,2,94989000000,0.724,,,,,31752000000,0.752,31302000000,0.729,,22198000000,,246.15,245.94,,,,,252341000000,119695000000,0.474,1326.95,119674000000,,,,,,,,,,,,true,false,6,2023-07-01,2023-12-31,0
2024-01-31,6920,2023-06-30,2,55100000000,0.492,,,,,18124000000,0.416,18108000000,0.380,,13582000000,,150.61,150.49,,,,,,,,,,,,,,,,,,,,,true,false,6,2022-07-01,2022-12-31,-1
2024-01-31,6920,2024-06-30,2,195000000000,0.276,,,,,67000000000,0.076,67000000000,0.052,,49000000000,,543.32,,,,,,,,,,,,,,,,,,,,,,true,true,12,2023-07-01,2024-06-30,0
2024-01-31,6920,2023-06-30,2,,,,,,,,,,,,,,,,,,,,271574000000,109142000000,0.402,1209.99,109121000000,,,,,,,,,,,,true,false,12,2022-07-01,2023-06-30,-1
2024-01-31,6920,2023-06-30,2,,,,,,,,,,,,,,,,,,,,,,,,,,,,,180.00,,,,94286400,4102594,,false,false,12,2022-07-01,2023-06-30,-1
2024-01-31,6920,2024-06-30,2,,,,,,,,,,,,,,,,,,,,,,,,,,,,,73.00,,,,,,,false,false,12,2023-07-01,2024-06-30,0
2024-01-31,6920,2024-06-30,2,,,,,,,,,,,,,,,,,,,,,,,,,,,,,191.00,,,,,,,false,true,12,2023-07-01,2024-06-30,0
2024-01-31,6920,2024-06-30,2,,,,,,,,,,,,,,,,,,,,,,,,,,,,,,,,,94286400,4098909,90185165,false,false,6,2023-07-01,2023-12-31,0
2024-01-31,6920,2023-06-30,2,,,,,,,,,,,,,,,,,,,,,,,,,,,,,,,,,,,90181865,false,false,6,2022-07-01,2022-12-31,-1
2024-04-30,6920,2024-06-30,3,157202000000,0.979,,,,,58110000000,1.115,58693000000,1.098,,41521000000,,460.40,460.02,,,,,259146000000,133013000000,0.513,1474.62,132991000000,,,,,,,,,,,,true,false,9,2023-07-01,2024-03-31,0
2024-04-30,6920,2023-06-30,3,79430000000,0.483,,,,,27472000000,0.661,27975000000,0.619,,20716000000,,229.72,229.53,,,,,,,,,,,,,,,,,,,,,true,false,9,2022-07-01,2023-03-31,-1
2024-04-30,6920,2024-06-30,3,195000000000,0.276,,,,,67000000000,0.076,67000000000,0.052,,49000000000,,543.32,,,,,,,,,,,,,,,,,,,,,,true,true,12,2023-07-01,2024-06-30,0
2024-04-30,6920,2023-06-30,3,,,,,,,,,,,,,,,,,,,,271574000000,109142000000,0.402,1209.99,109121000000,,,,,,,,,,,,true,false,12,2022-07-01,2023-06-30,-1
2024-04-30,6920,2023-06-30,3,,,,,,,,,,,,,,,,,,,,,,,,,,,,,180.00,,,,94286400,4102594,,false,false,12,2022-07-01,2023-06-30,-1
2024-04-30,6920,2024-06-30,3,,,,,,,,,,,,,,,,,,,,,,,,,,,,,73.00,,,,,,,false,false,12,2023-07-01,2024-06-30,0
2024-04-30,6920,2024-06-30,3,,,,,,,,,,,,,,,,,,,,,,,,,,,,,191.00,,,,,,,false,true,12,2023-07-01,2024-06-30,0
2024-04-30,6920,2024-06-30,3,,,,,,,,,,,,,,,,,,,,,,,,,,,,,,,,,94286400,4098919,90185934,false,false,9,2023-07-01,2024-03-31,0
2024-04-30,6920,2023-06-30,3,,,,,,,,,,,,,,,,,,,,,,,,,,,,,,,,,,,90182515,false,false,9,2022-07-01,2023-03-31,-1
2024-08-07,6920,2024-06-30,,213506000000,0.397,,,,,81375000000,0.306,82021000000,0.288,,59076000000,,655.05,654.49,0.454,0.302,0.381,,271288000000,151315000000,0.558,1677.55,151294000000,33317000000,-3571000000,-23145000000,38152000000,,0.351,,,,,,true,false,12,2023-07-01,2024-06-30,0
2024-08-07,6920,2023-06-30,,152832000000,0.691,,,,,62287000000,0.917,63668000000,0.896,,46164000000,,511.89,511.46,0.508,0.283,0.408,,271574000000,109142000000,0.402,1209.99,109121000000,40548000000,-20570000000,-15557000000,29773000000,,0.352,,,,,,true,false,12,2022-07-01,2023-06-30,-1
2024-08-07,6920,2025-06-30,,240000000000,0.124,,,,,104000000000,0.278,104000000000,0.268,,74000000000,,820.52,,,,,,,,,,,,,,,,0.351,,,,,,true,true,12,2024-07-01,2025-06-30,1
2024-08-07,6920,2024-06-30,,201436000000,0.380,,,,,75678000000,0.324,78474000000,0.264,56704000000,,0.251,628.74,628.21,,,,,250377000000,139937000000,0.559,1551.39,139916000000,,,,,230.00,,,,94286400,4098919,90186319,false,false,12,2023-07-01,2024-06-30,0
2024-08-07,6920,2023-06-30,,145947000000,0.779,,,,,57161000000,1.091,62098000000,1.098,45343000000,,1.050,502.79,502.37,,,,,261429000000,101489000000,0.388,1125.13,101468000000,,,,,180.00,,,,94286400,4102594,90182844,false,false,12,2022-07-01,2023-06-30,-1
2024-08-07,6920,2025-06-30,,,,,,,,,,,,,,,,,,,,,,,,,,,,,,288.00,,,,,,,false,true,12,2024-07-01,2025-06-30,1
2024-10-31,6920,2025-06-30,1,36737000000,-0.223,,,,,15922000000,0.549,12728000000,0.165,,8930000000,,99.03,98.94,,,,,261263000000,143952000000,0.551,1595.90,143930000000,,,,,,,,,,,,true,false,3,2024-07-01,2024-09-30,0
2024-10-31,6920,2024-06-30,1,47305000000,0.839,,,,,10279000000,0.208,10929000000,0.183,,7702000000,,85.40,85.33,,,,,,,,,,,,,,,,,,,,,true,false,3,2023-07-01,2023-09-30,-1
2024-10-31,6920,2025-06-30,1,240000000000,0.124,,,,,104000000000,0.278,104000000000,0.268,,74000000000,,820.52,,,,,,,,,,,,,,,,,,,,,,true,true,12,2024-07-01,2025-06-30,0
2024-10-31,6920,2024-06-30,1,,,,,,,,,,,,,,,,,,,,271288000000,151315000000,0.558,1677.55,151294000000,,,,,,,,,,,,true,false,12,2023-07-01,2024-06-30,-1
2024-10-31,6920,2024-06-30,1,,,,,,,,,,,,,,,,,,,,,,,,,,,,,230.00,,,,94286400,4098919,,false,false,12,2023-07-01,2024-06-30,-1
2024-10-31,6920,2025-06-30,1,,,,,,,,,,,,,,,,,,,,,,,,,,,,,288.00,,,,,,,false,true,12,2024-07-01,2025-06-30,0
2024-10-31,6920,2025-06-30,1,,,,,,,,,,,,,,,,,,,,,,,,,,,,,,,,,94286400,4098919,90187481,false,false,3,2024-07-01,2024-09-30,0
2024-10-31,6920,2024-06-30,1,,,,,,,,,,,,,,,,,,,,,,,,,,,,,,,,,,,90183802,false,false,3,2023-07-01,2023-09-30,-1
2025-01-31,6920,2025-06-30,2,128968000000,0.358,,,,,63662000000,1.005,62438000000,0.995,,43318000000,,480.31,479.91,,,,,288347000000,179802000000,0.623,1993.35,179780000000,,,,,,,,,,,,true,false,6,2024-07-01,2024-12-31,0
2025-01-31,6920,2024-06-30,2,94989000000,0.724,,,,,31752000000,0.752,31302000000,0.729,,22198000000,,246.15,245.94,,,,,,,,,,,,,,,,,,,,,true,false,6,2023-07-01,2023-12-31,-1
2025-01-31,6920,2025-06-30,2,240000000000,0.124,,,,,104000000000,0.278,104000000000,0.268,,74000000000,,820.52,,,,,,,,,,,,,,,,,,,,,,true,true,12,2024-07-01,2025-06-30,0
2025-01-31,6920,2024-06-30,2,,,,,,,,,,,,,,,,,,,,271288000000,151315000000,0.558,1677.55,151294000000,,,,,,,,,,,,true,false,12,2023-07-01,2024-06-30,-1
2025-01-31,6920,2024-06-30,2,,,,,,,,,,,,,,,,,,,,,,,,,,,,,230.00,,,,94286400,4098919,,false,false,12,2023-07-01,2024-06-30,-1
2025-01-31,6920,2025-06-30,2,,,,,,,,,,,,,,,,,,,,,,,,,,,,,115.00,,,,,,,false,false,12,2024-07-01,2025-06-30,0
2025-01-31,6920,2025-06-30,2,,,,,,,,,,,,,,,,,,,,,,,,,,,,,288.00,,,,,,,false,true,12,2024-07-01,2025-06-30,0
2025-01-31,6920,2025-06-30,2,,,,,,,,,,,,,,,,,,,,,,,,,,,,,,,,,94286400,4096038,90188561,false,false,6,2024-07-01,2024-12-31,0
2025-01-31,6920,2024-06-30,2,,,,,,,,,,,,,,,,,,,,,,,,,,,,,,,,,,,90185165,false,false,6,2023-07-01,2023-12-31,-1
2025-04-28,6920,2025-06-30,3,168835000000,0.074,,,,,79291000000,0.365,75394000000,0.285,,52694000000,,584.27,583.77,,,,,299365000000,177333000000,0.592,1965.98,177312000000,,,,,,,,,,,,true,false,9,2024-07-01,2025-03-31,0
2025-04-28,6920,2024-06-30,3,157202000000,0.979,,,,,58110000000,1.115,58693000000,1.098,,41521000000,,460.40,460.02,,,,,,,,,,,,,,,,,,,,,true,false,9,2023-07-01,2024-03-31,-1
2025-04-28,6920,2025-06-30,3,240000000000,0.124,,,,,104000000000,0.278,104000000000,0.268,,74000000000,,820.52,,,,,,,,,,,,,,,,,,,,,,true,true,12,2024-07-01,2025-06-30,0
2025-04-28,6920,2024-06-30,3,,,,,,,,,,,,,,,,,,,,271288000000,151315000000,0.558,1677.55,151294000000,,,,,,,,,,,,true,false,12,2023-07-01,2024-06-30,-1
2025-04-28,6920,2024-06-30,3,,,,,,,,,,,,,,,,,,,,,,,,,,,,,230.00,,,,94286400,4098919,,false,false,12,2023-07-01,2024-06-30,-1
2025-04-28,6920,2025-06-30,3,,,,,,,,,,,,,,,,,,,,,,,,,,,,,115.00,,,,,,,false,false,12,2024-07-01,2025-06-30,0
2025-04-28,6920,2025-06-30,3,,,,,,,,,,,,,,,,,,,,,,,,,,,,,288.00,,,,,,,false,true,12,2024-07-01,2025-06-30,0
2025-04-28,6920,2025-06-30,3,,,,,,,,,,,,,,,,,,,,,,,,,,,,,,,,,94286400,4096039,90189153,false,false,9,2024-07-01,2025-03-31,0
2025-04-28,6920,2024-06-30,3,,,,,,,,,,,,,,,,,,,,,,,,,,,,,,,,,,,90185934,false,false,9,2023-07-01,2024-03-31,-1
