filing_date,code,fiscal_year_end,quarterly_period,net_sales,net_sales_change,revenue,revenue_change,operating_revenue,operating_revenue_change,operating_profit,operating_profit_change,ordinary_profit,ordinary_profit_change,net_income,net_income_of_parent,net_income_change,eps,diluted_eps,roe,roa,operating_profit_to_net_sales,operating_profit_to_revenue,total_assets,net_assets,equity_ratio,bps,owner_equity,operating_cash_flow,investing_cash_flow,financing_cash_flow,cash,dividend_per_share,payout_ratio,commemorative_dividend,extra_dividend,number_of_shares,number_of_treqsury_shares,avg_number_of_shares,is_consolidated,is_forecast,duration,period_start,period_end,period_pos
2015-07-27,69230,2016-03-31,1,102492000000,0.219,,,,,9180000000,0.042,10035000000,0.071,,6102000000,,36.45,36.42,,,,,451402000000,336043000000,0.677,,305547000000,,,,,,,,,,,,true,false,3,2015-04-01,2015-06-30,0
2015-07-27,69230,2015-03-31,1,84051000000,0.100,,,,,8812000000,0.037,9371000000,0.029,,5660000000,,33.58,33.50,,,,,,,,,,,,,,,,,,,,,true,false,3,2014-04-01,2014-06-30,-1
2015-07-27,69230,2016-03-31,1,197000000000,0.154,,,,,18400000000,0.016,19800000000,0.013,,12100000000,,72.37,,,,,,,,,,,,,,,,,,,,,,true,true,6,2015-04-01,2015-09-30,0
2015-07-27,69230,2016-03-31,1,392000000000,0.089,,,,,43000000000,0.130,46000000000,0.133,,28000000000,,167.58,,,,,,,,,,,,,,,,,,,,,,true,true,12,2015-04-01,2016-03-31,0
2015-07-27,69230,2015-03-31,1,,,,,,,,,,,,,,,,,,,,448652000000,332174000000,0.672,,301616000000,,,,,,,,,,,,true,false,12,2014-04-01,2015-03-31,-1
2015-07-27,69230,2015-03-31,1,,,,,,,,,,,,,,,,,,,,,,,,,,,,,32.00,,,,177800000,10224032,,false,false,12,2014-04-01,2015-03-31,-1
2015-07-27,69230,2016-03-31,1,,,,,,,,,,,,,,,,,,,,,,,,,,,,,34.00,,,,,,,false,true,12,2015-04-01,2016-03-31,0
2015-07-27,69230,2016-03-31,1,,,,,,,,,,,,,,,,,,,,,,,,,,,,,,,,,177800000,10848528,167398345,false,false,3,2015-04-01,2015-06-30,0
2015-07-27,69230,2015-03-31,1,,,,,,,,,,,,,,,,,,,,,,,,,,,,,,,,,,,168539750,false,false,3,2014-04-01,2014-06-30,-1
2015-07-27,69230,2016-03-31,,197000000000,0.094,,,,,18400000000,,19800000000,,,12100000000,,72.37,,,,,,,,,,,,,,,,,,,,,,true,true,6,2015-04-01,2015-09-30,0
2015-07-27,69230,2015-03-31,,170659000000,,,,,,18112000000,,19548000000,,,12005000000,,71.21,,,,,,,,,,,,,,,,,,,,,,true,false,6,2014-04-01,2014-09-30,-1
2015-07-27,69230,2016-03-31,,392000000000,0.045,,,,,43000000000,,46000000000,,,28000000000,,167.58,,,,,,,,,,,,,,,,,,,,,,true,true,12,2015-04-01,2016-03-31,0
2015-07-27,69230,2015-03-31,,359840000000,,,,,,38054000000,,40610000000,,,25198000000,,149.83,,,,,,,,,,,,,,,,,,,,,,true,false,12,2014-04-01,2015-03-31,-1
2015-10-28,69230,2016-03-31,2,201982000000,0.184,,,,,15535000000,-0.142,15343000000,-0.215,,9945000000,,59.47,59.43,,,,,435684000000,326954000000,0.685,,298538000000,,,,,,,,,,,,true,false,6,2015-04-01,2015-09-30,0
2015-10-28,69230,2015-03-31,2,170659000000,0.097,,,,,18112000000,0.022,19548000000,0.025,,12005000000,,71.21,71.07,,,,,,,,,,,,,,,,,,,,,true,false,6,2014-04-01,2014-09-30,-1
2015-10-28,69230,2016-03-31,2,396000000000,0.100,,,,,38800000000,0.020,40100000000,-0.013,,25500000000,,152.59,,,,,,,,,,,,,,,,,,,,,,true,true,12,2015-04-01,2016-03-31,0
2015-10-28,69230,2015-03-31,2,,,,,,,,,,,,,,,,,,,,448652000000,332174000000,0.672,,301616000000,,,,,,,,,,,,true,false,12,2014-04-01,2015-03-31,-1
2015-10-28,69230,2015-03-31,2,,,,,,,,,,,,,,,,,,,,,,,,,,,,,32.00,,,,177800000,10224032,,false,false,12,2014-04-01,2015-03-31,-1
2015-10-28,69230,2016-03-31,2,,,,,,,,,,,,,,,,,,,,,,,,,,,,,17.00,,,,,,,false,false,12,2015-04-01,2016-03-31,0
2015-10-28,69230,2016-03-31,2,,,,,,,,,,,,,,,,,,,,,,,,,,,,,34.00,,,,,,,false,true,12,2015-04-01,2016-03-31,0
2015-10-28,69230,2016-03-31,2,,,,,,,,,,,,,,,,,,,,,,,,,,,,,,,,,177800000,10813834,167218445,false,false,6,2015-04-01,2015-09-30,0
2015-10-28,69230,2015-03-31,2,,,,,,,,,,,,,,,,,,,,,,,,,,,,,,,,,,,168581448,false,false,6,2014-04-01,2014-09-30,-1
2015-10-28,69230,2016-03-31,,396000000000,0.010,,,,,38800000000,-0.098,40100000000,-0.128,,25500000000,,152.59,,,,,,,,,,,,,,,,,,,,,,true,true,12,2015-04-01,2016-03-31,0
2015-10-28,69230,2015-03-31,,359840000000,,,,,,38054000000,,40610000000,,,25198000000,,149.83,,,,,,,,,,,,,,,,,,,,,,true,false,12,2014-04-01,2015-03-31,-1
2016-01-29,69230,2016-03-31,3,308506000000,0.169,,,,,26480000000,-0.053,27284000000,-0.091,,17184000000,,102.81,102.74,,,,,445049000000,334017000000,0.684,,304573000000,,,,,,,,,,,,true,false,9,2015-04-01,2015-12-31,0
2016-01-29,69230,2015-03-31,3,263826000000,0.080,,,,,27962000000,0.003,30006000000,0.004,,18462000000,,109.66,109.54,,,,,,,,,,,,,,,,,,,,,true,false,9,2014-04-01,2014-12-31,-1
2016-01-29,69230,2016-03-31,3,396000000000,0.100,,,,,38800000000,0.020,40100000000,-0.013,,25500000000,,152.58,,,,,,,,,,,,,,,,,,,,,,true,true,12,2015-04-01,2016-03-31,0
2016-01-29,69230,2015-03-31,3,,,,,,,,,,,,,,,,,,,,448652000000,332174000000,0.672,,301616000000,,,,,,,,,,,,true,false,12,2014-04-01,2015-03-31,-1
2016-01-29,69230,2015-03-31,3,,,,,,,,,,,,,,,,,,,,,,,,,,,,,32.00,,,,177800000,10224032,,false,false,12,2014-04-01,2015-03-31,-1
2016-01-29,69230,2016-03-31,3,,,,,,,,,,,,,,,,,,,,,,,,,,,,,17.00,,,,,,,false,false,12,2015-04-01,2016-03-31,0
2016-01-29,69230,2016-03-31,3,,,,,,,,,,,,,,,,,,,,,,,,,,,,,34.00,,,,,,,false,true,12,2015-04-01,2016-03-31,0
2016-01-29,69230,2016-03-31,3,,,,,,,,,,,,,,,,,,,,,,,,,,,,,,,,,177800000,10783107,167153481,false,false,9,2015-04-01,2015-12-31,0
2016-01-29,69230,2015-03-31,3,,,,,,,,,,,,,,,,,,,,,,,,,,,,,,,,,,,168365863,false,false,9,2014-04-01,2014-12-31,-1
2016-04-27,69230,2016-03-31,,404148000000,0.123,,,,,36774000000,-0.034,39402000000,-0.030,,25537000000,,152.88,152.80,0.086,0.090,0.091,,431104000000,321631000000,0.680,1759.79,292987000000,54044000000,-33024000000,-11283000000,86177000000,,0.222,,,,,,true,false,12,2015-04-01,2016-03-31,0
2016-04-27,69230,2015-03-31,,359840000000,0.093,,,,,38054000000,0.032,40610000000,0.013,,25198000000,,149.83,149.67,0.090,0.097,0.106,,448652000000,332174000000,0.672,1799.88,301616000000,44439000000,-31801000000,-9219000000,81063000000,,0.214,,,,,,true,false,12,2014-04-01,2015-03-31,-1
2016-04-27,69230,2017-03-31,,194100000000,-0.039,,,,,16000000000,0.030,17000000000,0.108,,10300000000,,61.87,,,,,,,,,,,,,,,,,,,,,,true,true,6,2016-04-01,2016-09-30,1
2016-04-27,69230,2017-03-31,,410000000000,0.014,,,,,41500000000,0.128,43500000000,0.104,,27500000000,,165.18,,,,,,,,,,,,,,,,0.212,,,,,,true,true,12,2016-04-01,2017-03-31,1
2016-04-27,69230,2016-03-31,,169074000000,0.058,,,,,8611000000,0.079,17796000000,0.016,12776000000,,0.040,76.49,76.45,,,,,244735000000,171760000000,0.701,1030.44,171558000000,,,,,34.00,,,,177100000,10610180,167040260,false,false,12,2015-04-01,2016-03-31,0
2016-04-27,69230,2015-03-31,,159740000000,-0.006,,,,,7980000000,-0.019,17511000000,0.097,12283000000,,0.184,73.04,72.96,,,,,249792000000,173727000000,0.695,1035.62,173544000000,,,,,32.00,,,,177800000,10224032,168181447,false,false,12,2014-04-01,2015-03-31,-1
2016-04-27,69230,2017-03-31,,,,,,,,,,,,,,,,,,,,,,,,,,,,,,35.00,,,,,,,false,true,12,2016-04-01,2017-03-31,1
2016-07-27,69230,2017-03-31,1,91003000000,-0.112,,,,,8319000000,-0.094,8257000000,-0.177,,4764000000,,28.62,28.60,,,,,411236000000,302835000000,0.674,,276999000000,,,,,,,,,,,,true,false,3,2016-04-01,2016-06-30,0
2016-07-27,69230,2016-03-31,1,102492000000,0.219,,,,,9180000000,0.042,10035000000,0.071,,6102000000,,36.45,36.42,,,,,,,,,,,,,,,,,,,,,true,false,3,2015-04-01,2015-06-30,-1
2016-07-27,69230,2017-03-31,1,180000000000,-0.109,,,,,16500000000,0.062,17500000000,0.141,,10600000000,,63.67,,,,,,,,,,,,,,,,,,,,,,true,true,6,2016-04-01,2016-09-30,0
2016-07-27,69230,2017-03-31,1,380000000000,-0.060,,,,,41500000000,0.128,43500000000,0.104,,27500000000,,165.17,,,,,,,,,,,,,,,,,,,,,,true,true,12,2016-04-01,2017-03-31,0
2016-07-27,69230,2016-03-31,1,,,,,,,,,,,,,,,,,,,,431104000000,321631000000,0.680,,292987000000,,,,,,,,,,,,true,false,12,2015-04-01,2016-03-31,-1
2016-07-27,69230,2016-03-31,1,,,,,,,,,,,,,,,,,,,,,,,,,,,,,34.00,,,,177100000,10610180,,false,false,12,2015-04-01,2016-03-31,-1
2016-07-27,69230,2017-03-31,1,,,,,,,,,,,,,,,,,,,,,,,,,,,,,35.00,,,,,,,false,true,12,2016-04-01,2017-03-31,0
2016-07-27,69230,2017-03-31,1,,,,,,,,,,,,,,,,,,,,,,,,,,,,,,,,,177100000,10607333,166491349,false,false,3,2016-04-01,2016-06-30,0
2016-07-27,69230,2016-03-31,1,,,,,,,,,,,,,,,,,,,,,,,,,,,,,,,,,,,167398345,false,false,3,2015-04-01,2015-06-30,-1
2016-07-27,69230,2017-03-31,,180000000000,-0.073,,,,,16500000000,0.031,17500000000,0.029,,10600000000,,63.67,,,,,,,,,,,,,,,,,,,,,,true,true,6,2016-04-01,2016-09-30,0
2016-07-27,69230,2016-03-31,,201982000000,,,,,,15535000000,,15343000000,,,9945000000,,59.47,,,,,,,,,,,,,,,,,,,,,,true,false,6,2015-04-01,2015-09-30,-1
2016-07-27,69230,2017-03-31,,380000000000,-0.073,,,,,41500000000,,43500000000,,,27500000000,,165.17,,,,,,,,,,,,,,,,,,,,,,true,true,12,2016-04-01,2017-03-31,0
2016-07-27,69230,2016-03-31,,404148000000,,,,,,36774000000,,39402000000,,,25537000000,,152.88,,,,,,,,,,,,,,,,,,,,,,true,false,12,2015-04-01,2016-03-31,-1
2016-10-31,69230,2017-03-31,2,179952000000,-0.109,,,,,17044000000,0.097,17746000000,0.157,,10841000000,,65.13,65.10,,,,,412458000000,311846000000,0.693,,285890000000,,,,,,,,,,,,true,false,6,2016-04-01,2016-09-30,0
2016-10-31,69230,2016-03-31,2,201982000000,0.184,,,,,15535000000,-0.142,15343000000,-0.215,,9945000000,,59.47,59.43,,,,,,,,,,,,,,,,,,,,,true,false,6,2015-04-01,2015-09-30,-1
2016-10-31,69230,2017-03-31,2,380000000000,-0.060,,,,,41500000000,0.128,43500000000,0.104,,27500000000,,165.30,,,,,,,,,,,,,,,,,,,,,,true,true,12,2016-04-01,2017-03-31,0
2016-10-31,69230,2016-03-31,2,,,,,,,,,,,,,,,,,,,,431104000000,321631000000,0.680,,292987000000,,,,,,,,,,,,true,false,12,2015-04-01,2016-03-31,-1
2016-10-31,69230,2016-03-31,2,,,,,,,,,,,,,,,,,,,,,,,,,,,,,34.00,,,,177100000,10610180,,false,false,12,2015-04-01,2016-03-31,-1
2016-10-31,69230,2017-03-31,2,,,,,,,,,,,,,,,,,,,,,,,,,,,,,18.00,,,,,,,false,false,12,2016-04-01,2017-03-31,0
2016-10-31,69230,2017-03-31,2,,,,,,,,,,,,,,,,,,,,,,,,,,,,,36.00,,,,,,,false,true,12,2016-04-01,2017-03-31,0
2016-10-31,69230,2017-03-31,2,,,,,,,,,,,,,,,,,,,,,,,,,,,,,,,,,177100000,10849526,166458637,false,false,6,2016-04-01,2016-09-30,0
2016-10-31,69230,2016-03-31,2,,,,,,,,,,,,,,,,,,,,,,,,,,,,,,,,,,,167218445,false,false,6,2015-04-01,2015-09-30,-1
2017-01-30,69230,2017-03-31,3,283879000000,-0.080,,,,,28838000000,0.089,30906000000,0.133,,19060000000,,114.64,114.58,,,,,459474000000,342826000000,0.679,,312083000000,,,,,,,,,,,,true,false,9,2016-04-01,2016-12-31,0
2017-01-30,69230,2016-03-31,3,308506000000,0.169,,,,,26480000000,-0.053,27284000000,-0.091,,17184000000,,102.81,102.74,,,,,,,,,,,,,,,,,,,,,true,false,9,2015-04-01,2015-12-31,-1
2017-01-30,69230,2017-03-31,3,380000000000,-0.060,,,,,41500000000,0.128,43500000000,0.104,,27500000000,,165.50,,,,,,,,,,,,,,,,,,,,,,true,true,12,2016-04-01,2017-03-31,0
2017-01-30,69230,2016-03-31,3,,,,,,,,,,,,,,,,,,,,431104000000,321631000000,0.680,,292987000000,,,,,,,,,,,,true,false,12,2015-04-01,2016-03-31,-1
2017-01-30,69230,2016-03-31,3,,,,,,,,,,,,,,,,,,,,,,,,,,,,,34.00,,,,177100000,10610180,,false,false,12,2015-04-01,2016-03-31,-1
2017-01-30,69230,2017-03-31,3,,,,,,,,,,,,,,,,,,,,,,,,,,,,,18.00,,,,,,,false,false,12,2016-04-01,2017-03-31,0
2017-01-30,69230,2017-03-31,3,,,,,,,,,,,,,,,,,,,,,,,,,,,,,36.00,,,,,,,false,true,12,2016-04-01,2017-03-31,0
2017-01-30,69230,2017-03-31,3,,,,,,,,,,,,,,,,,,,,,,,,,,,,,,,,,176700000,10881479,166261879,false,false,9,2016-04-01,2016-12-31,0
2017-01-30,69230,2016-03-31,3,,,,,,,,,,,,,,,,,,,,,,,,,,,,,,,,,,,167153481,false,false,9,2015-04-01,2015-12-31,-1
2017-04-26,69230,2017-03-31,,388560000000,-0.039,,,,,42305000000,0.150,45720000000,0.160,,28685000000,,172.66,172.54,0.094,0.103,0.109,,458042000000,348240000000,0.692,1913.74,316864000000,64937000000,-47893000000,-11260000000,90339000000,,0.209,,,,,,true,false,12,2016-04-01,2017-03-31,0
2017-04-26,69230,2016-03-31,,404148000000,0.123,,,,,36774000000,-0.034,39402000000,-0.030,,25537000000,,152.88,152.80,0.086,0.090,0.091,,431104000000,321631000000,0.680,1759.79,292987000000,54044000000,-33024000000,-11283000000,86177000000,,0.222,,,,,,true,false,12,2015-04-01,2016-03-31,-1
2017-04-26,69230,2018-03-31,,193000000000,0.073,,,,,20000000000,0.173,21400000000,0.206,,13200000000,,79.90,,,,,,,,,,,,,,,,,,,,,,true,true,6,2017-04-01,2017-09-30,1
2017-04-26,69230,2018-03-31,,398000000000,0.024,,,,,46800000000,0.106,50400000000,0.102,,32000000000,,193.70,,,,,,,,,,,,,,,,0.196,,,,,,true,true,12,2017-04-01,2018-03-31,1
2017-04-26,69230,2017-03-31,,176318000000,0.043,,,,,11103000000,0.289,20513000000,0.153,14842000000,,0.162,89.34,89.28,,,,,257300000000,180883000000,0.702,1090.51,180558000000,,,,,36.00,,,,176700000,11126730,166141683,false,false,12,2016-04-01,2017-03-31,0
2017-04-26,69230,2016-03-31,,169074000000,0.058,,,,,8611000000,0.079,17796000000,0.016,12776000000,,0.040,76.49,76.45,,,,,244735000000,171760000000,0.701,1030.44,171558000000,,,,,34.00,,,,177100000,10610180,167040260,false,false,12,2015-04-01,2016-03-31,-1
2017-04-26,69230,2018-03-31,,,,,,,,,,,,,,,,,,,,,,,,,,,,,,38.00,,,,,,,false,true,12,2017-04-01,2018-03-31,1
2017-07-31,69230,2018-03-31,1,99925000000,0.098,,,,,10238000000,0.231,10984000000,0.330,,6781000000,,41.02,40.97,,,,,462113000000,352393000000,0.694,,320645000000,,,,,,,,,,,,true,false,3,2017-04-01,2017-06-30,0
2017-07-31,69230,2017-03-31,1,91003000000,-0.112,,,,,8319000000,-0.094,8257000000,-0.177,,4764000000,,28.62,28.60,,,,,,,,,,,,,,,,,,,,,true,false,3,2016-04-01,2016-06-30,-1
2017-07-31,69230,2018-03-31,1,205000000000,0.139,,,,,21500000000,0.261,24000000000,0.352,,15000000000,,90.75,,,,,,,,,,,,,,,,,,,,,,true,true,6,2017-04-01,2017-09-30,0
2017-07-31,69230,2018-03-31,1,410000000000,0.055,,,,,48300000000,0.142,53000000000,0.159,,33800000000,,204.51,,,,,,,,,,,,,,,,,,,,,,true,true,12,2017-04-01,2018-03-31,0
2017-07-31,69230,2017-03-31,1,,,,,,,,,,,,,,,,,,,,458042000000,348240000000,0.692,,316864000000,,,,,,,,,,,,true,false,12,2016-04-01,2017-03-31,-1
2017-07-31,69230,2017-03-31,1,,,,,,,,,,,,,,,,,,,,,,,,,,,,,36.00,,,,176700000,11126730,,false,false,12,2016-04-01,2017-03-31,-1
2017-07-31,69230,2018-03-31,1,,,,,,,,,,,,,,,,,,,,,,,,,,,,,42.00,,,,,,,false,true,12,2017-04-01,2018-03-31,0
2017-07-31,69230,2018-03-31,1,,,,,,,,,,,,,,,,,,,,,,,,,,,,,,,,,176300000,11047320,165318654,false,false,3,2017-04-01,2017-06-30,0
2017-07-31,69230,2017-03-31,1,,,,,,,,,,,,,,,,,,,,,,,,,,,,,,,,,,,166491349,false,false,3,2016-04-01,2016-06-30,-1
2017-07-31,69230,2018-03-31,,205000000000,0.062,,,,,21500000000,0.075,24000000000,0.121,,15000000000,,90.75,,,,,,,,,,,,,,,,,,,,,,true,true,6,2017-04-01,2017-09-30,0
2017-07-31,69230,2017-03-31,,179952000000,,,,,,17044000000,,17746000000,,,10841000000,,65.13,,,,,,,,,,,,,,,,,,,,,,true,false,6,2016-04-01,2016-09-30,-1
2017-07-31,69230,2018-03-31,,410000000000,0.030,,,,,48300000000,0.032,53000000000,0.052,,33800000000,,204.51,,,,,,,,,,,,,,,,,,,,,,true,true,12,2017-04-01,2018-03-31,0
2017-07-31,69230,2017-03-31,,388560000000,,,,,,42305000000,,45720000000,,,28685000000,,172.66,,,,,,,,,,,,,,,,,,,,,,true,false,12,2016-04-01,2017-03-31,-1
2017-07-31,69230,2018-03-31,,,,,,,,,,,,,,,,,,,,,,,,,,,,,,42.00,,,,,,,false,true,12,2017-04-01,2018-03-31,0
2017-07-31,69230,2017-03-31,,,,,,,,,,,,,,,,,,,,,,,,,,,,,,36.00,,,,,,,false,false,12,2016-04-01,2017-03-31,-1
2017-10-30,69230,2018-03-31,2,209078000000,0.162,,,,,22599000000,0.326,24792000000,0.397,,15517000000,,93.87,93.76,,,,,483452000000,368420000000,0.692,,334612000000,,,,,,,,,,,,true,false,6,2017-04-01,2017-09-30,0
2017-10-30,69230,2017-03-31,2,179952000000,-0.109,,,,,17044000000,0.097,17746000000,0.157,,10841000000,,65.13,65.10,,,,,,,,,,,,,,,,,,,,,true,false,6,2016-04-01,2016-09-30,-1
2017-10-30,69230,2018-03-31,2,410000000000,0.055,,,,,48300000000,0.142,53000000000,0.159,,33800000000,,204.77,,,,,,,,,,,,,,,,,,,,,,true,true,12,2017-04-01,2018-03-31,0
2017-10-30,69230,2017-03-31,2,,,,,,,,,,,,,,,,,,,,458042000000,348240000000,0.692,,316864000000,,,,,,,,,,,,true,false,12,2016-04-01,2017-03-31,-1
2017-10-30,69230,2017-03-31,2,,,,,,,,,,,,,,,,,,,,,,,,,,,,,36.00,,,,176700000,11126730,,false,false,12,2016-04-01,2017-03-31,-1
2017-10-30,69230,2018-03-31,2,,,,,,,,,,,,,,,,,,,,,,,,,,,,,21.00,,,,,,,false,false,12,2017-04-01,2018-03-31,0
2017-10-30,69230,2018-03-31,2,,,,,,,,,,,,,,,,,,,,,,,,,,,,,42.00,,,,,,,false,true,12,2017-04-01,2018-03-31,0
2017-10-30,69230,2018-03-31,2,,,,,,,,,,,,,,,,,,,,,,,,,,,,,,,,,176300000,11019016,165299215,false,false,6,2017-04-01,2017-09-30,0
2017-10-30,69230,2017-03-31,2,,,,,,,,,,,,,,,,,,,,,,,,,,,,,,,,,,,166458637,false,false,6,2016-04-01,2016-09-30,-1
2018-01-31,69230,2018-03-31,3,327150000000,0.152,,,,,38139000000,0.323,41177000000,0.332,,25285000000,,153.10,152.89,,,,,499802000000,380331000000,0.690,,344741000000,,,,,,,,,,,,true,false,9,2017-04-01,2017-12-31,0
2018-01-31,69230,2017-03-31,3,283879000000,-0.080,,,,,28838000000,0.089,30906000000,0.133,,19060000000,,114.64,114.58,,,,,,,,,,,,,,,,,,,,,true,false,9,2016-04-01,2016-12-31,-1
2018-01-31,69230,2018-03-31,3,430000000000,0.107,,,,,52000000000,0.229,57000000000,0.247,,35500000000,,215.06,,,,,,,,,,,,,,,,,,,,,,true,true,12,2017-04-01,2018-03-31,0
2018-01-31,69230,2017-03-31,3,,,,,,,,,,,,,,,,,,,,458042000000,348240000000,0.692,,316864000000,,,,,,,,,,,,true,false,12,2016-04-01,2017-03-31,-1
2018-01-31,69230,2017-03-31,3,,,,,,,,,,,,,,,,,,,,,,,,,,,,,36.00,,,,176700000,11126730,,false,false,12,2016-04-01,2017-03-31,-1
2018-01-31,69230,2018-03-31,3,,,,,,,,,,,,,,,,,,,,,,,,,,,,,21.00,,,,,,,false,false,12,2017-04-01,2018-03-31,0
2018-01-31,69230,2018-03-31,3,,,,,,,,,,,,,,,,,,,,,,,,,,,,,42.00,,,,,,,false,true,12,2017-04-01,2018-03-31,0
2018-01-31,69230,2018-03-31,3,,,,,,,,,,,,,,,,,,,,,,,,,,,,,,,,,176000000,11183688,165150911,false,false,9,2017-04-01,2017-12-31,0
2018-01-31,69230,2017-03-31,3,,,,,,,,,,,,,,,,,,,,,,,,,,,,,,,,,,,166261879,false,false,9,2016-04-01,2016-12-31,-1
2018-01-31,69230,2018-03-31,,430000000000,0.049,,,,,52000000000,0.077,57000000000,0.075,,35500000000,,215.06,,,,,,,,,,,,,,,,,,,,,,true,true,12,2017-04-01,2018-03-31,0
2018-01-31,69230,2017-03-31,,388560000000,,,,,,42305000000,,45720000000,,,28685000000,,172.66,,,,,,,,,,,,,,,,,,,,,,true,false,12,2016-04-01,2017-03-31,-1
2018-04-25,69230,2018-03-31,,442165000000,0.138,,,,,53169000000,0.257,57657000000,0.261,,36008000000,,218.21,217.90,0.109,0.121,0.120,,497773000000,378708000000,0.689,2089.93,342939000000,82357000000,-39447000000,-17446000000,115449000000,,0.206,,,,,,true,false,12,2017-04-01,2018-03-31,0
2018-04-25,69230,2017-03-31,,388560000000,-0.039,,,,,42305000000,0.150,45720000000,0.160,,28685000000,,172.66,172.54,0.094,0.103,0.109,,458042000000,348240000000,0.692,1913.74,316864000000,64937000000,-47893000000,-11260000000,90339000000,,0.209,,,,,,true,false,12,2016-04-01,2017-03-31,-1
2018-04-25,69230,2019-03-31,,216800000000,0.037,,,,,25500000000,0.128,27500000000,0.109,,18000000000,,109.70,,,,,,,,,,,,,,,,,,,,,,true,true,6,2018-04-01,2018-09-30,1
2018-04-25,69230,2019-03-31,,440000000000,-0.005,,,,,55000000000,0.034,60000000000,0.041,,39500000000,,240.72,,,,,,,,,,,,,,,,0.199,,,,,,true,true,12,2018-04-01,2019-03-31,1
2018-04-25,69230,2018-03-31,,211387000000,0.199,,,,,14146000000,0.274,25664000000,0.251,16212000000,,0.092,98.25,98.11,,,,,268735000000,187290000000,0.695,1138.86,186877000000,,,,,45.00,,,,176000000,11909050,165019470,false,false,12,2017-04-01,2018-03-31,0
2018-04-25,69230,2017-03-31,,176318000000,0.043,,,,,11103000000,0.289,20513000000,0.153,14842000000,,0.162,89.34,89.28,,,,,257300000000,180883000000,0.702,1090.51,180558000000,,,,,36.00,,,,176700000,11126730,166141683,false,false,12,2016-04-01,2017-03-31,-1
2018-04-25,69230,2019-03-31,,,,,,,,,,,,,,,,,,,,,,,,,,,,,,48.00,,,,,,,false,true,12,2018-04-01,2019-03-31,1
,69230,2018-03-31,,,,,,,,,,,,,,,,,,,,,,,,,,,,,,45.00,,,,,,,false,true,12,2017-04-01,2018-03-31,0
,69230,2018-03-31,,,,,,,,,,,,,,,,,,,,,,,,,,,,,,21.00,,,,,,,false,false,12,2017-04-01,2018-03-31,0
,69230,2017-03-31,,,,,,,,,,,,,,,,,,,,,,,,,,,,,,36.00,,,,,,,false,false,12,2016-04-01,2017-03-31,-1
2018-07-26,69230,2019-03-31,1,109801000000,0.099,,,,,14078000000,0.375,15095000000,0.374,,9983000000,,60.83,60.75,,,,,494866000000,382998000000,0.702,,347447000000,,,,,,,,,,,,true,false,3,2018-04-01,2018-06-30,0
2018-07-26,69230,2018-03-31,1,99925000000,0.098,,,,,10238000000,0.231,10984000000,0.330,,6781000000,,41.02,40.97,,,,,,,,,,,,,,,,,,,,,true,false,3,2017-04-01,2017-06-30,-1
2018-07-26,69230,2019-03-31,1,216800000000,0.037,,,,,25500000000,0.128,27500000000,0.109,,18000000000,,109.65,,,,,,,,,,,,,,,,,,,,,,true,true,6,2018-04-01,2018-09-30,0
2018-07-26,69230,2019-03-31,1,440000000000,-0.005,,,,,55000000000,0.034,60000000000,0.041,,39500000000,,240.58,,,,,,,,,,,,,,,,,,,,,,true,true,12,2018-04-01,2019-03-31,0
2018-07-26,69230,2018-03-31,1,,,,,,,,,,,,,,,,,,,,494491000000,378708000000,0.694,,342939000000,,,,,,,,,,,,true,false,12,2017-04-01,2018-03-31,-1
2018-07-26,69230,2018-03-31,1,,,,,,,,,,,,,,,,,,,,,,,,,,,,,45.00,,,,176000000,11909050,,false,false,12,2017-04-01,2018-03-31,-1
2018-07-26,69230,2019-03-31,1,,,,,,,,,,,,,,,,,,,,,,,,,,,,,48.00,,,,,,,false,true,12,2018-04-01,2019-03-31,0
2018-07-26,69230,2019-03-31,1,,,,,,,,,,,,,,,,,,,,,,,,,,,,,,,,,175600000,11458926,164118375,false,false,3,2018-04-01,2018-06-30,0
2018-07-26,69230,2018-03-31,1,,,,,,,,,,,,,,,,,,,,,,,,,,,,,,,,,,,165318654,false,false,3,2017-04-01,2017-06-30,-1
2018-10-29,69230,2019-03-31,2,215106000000,0.029,,,,,25985000000,0.150,29211000000,0.178,,19246000000,,117.23,117.10,,,,,500660000000,398034000000,0.722,,361524000000,,,,,,,,,,,,true,false,6,2018-04-01,2018-09-30,0
2018-10-29,69230,2018-03-31,2,209078000000,0.162,,,,,22599000000,0.326,24792000000,0.397,,15517000000,,93.87,93.76,,,,,,,,,,,,,,,,,,,,,true,false,6,2017-04-01,2017-09-30,-1
2018-10-29,69230,2019-03-31,2,440000000000,-0.005,,,,,55000000000,0.034,60000000000,0.041,,39500000000,,241.09,,,,,,,,,,,,,,,,,,,,,,true,true,12,2018-04-01,2019-03-31,0
2018-10-29,69230,2018-03-31,2,,,,,,,,,,,,,,,,,,,,494491000000,378708000000,0.694,,342939000000,,,,,,,,,,,,true,false,12,2017-04-01,2018-03-31,-1
2018-10-29,69230,2018-03-31,2,,,,,,,,,,,,,,,,,,,,,,,,,,,,,45.00,,,,176000000,11909050,,false,false,12,2017-04-01,2018-03-31,-1
2018-10-29,69230,2019-03-31,2,,,,,,,,,,,,,,,,,,,,,,,,,,,,,25.00,,,,,,,false,false,12,2018-04-01,2019-03-31,0
2018-10-29,69230,2019-03-31,2,,,,,,,,,,,,,,,,,,,,,,,,,,,,,50.00,,,,,,,false,true,12,2018-04-01,2019-03-31,0
2018-10-29,69230,2019-03-31,2,,,,,,,,,,,,,,,,,,,,,,,,,,,,,,,,,175600000,11358821,164167258,false,false,6,2018-04-01,2018-09-30,0
2018-10-29,69230,2018-03-31,2,,,,,,,,,,,,,,,,,,,,,,,,,,,,,,,,,,,165299215,false,false,6,2017-04-01,2017-09-30,-1
2019-01-30,69230,2019-03-31,3,328825000000,0.005,,,,,40388000000,0.059,45141000000,0.096,,29723000000,,181.29,181.11,,,,,492406000000,394146000000,0.724,,356656000000,,,,,,,,,,,,true,false,9,2018-04-01,2018-12-31,0
2019-01-30,69230,2018-03-31,3,327150000000,0.152,,,,,38139000000,0.323,41177000000,0.332,,25285000000,,153.10,152.89,,,,,,,,,,,,,,,,,,,,,true,false,9,2017-04-01,2017-12-31,-1
2019-01-30,69230,2019-03-31,3,440000000000,-0.005,,,,,55000000000,0.034,60000000000,0.041,,39500000000,,241.09,,,,,,,,,,,,,,,,,,,,,,true,true,12,2018-04-01,2019-03-31,0
2019-01-30,69230,2018-03-31,3,,,,,,,,,,,,,,,,,,,,494491000000,378708000000,0.694,,342939000000,,,,,,,,,,,,true,false,12,2017-04-01,2018-03-31,-1
2019-01-30,69230,2018-03-31,3,,,,,,,,,,,,,,,,,,,,,,,,,,,,,45.00,,,,176000000,11909050,,false,false,12,2017-04-01,2018-03-31,-1
2019-01-30,69230,2019-03-31,3,,,,,,,,,,,,,,,,,,,,,,,,,,,,,25.00,,,,,,,false,false,12,2018-04-01,2019-03-31,0
2019-01-30,69230,2019-03-31,3,,,,,,,,,,,,,,,,,,,,,,,,,,,,,50.00,,,,,,,false,true,12,2018-04-01,2019-03-31,0
2019-01-30,69230,2019-03-31,3,,,,,,,,,,,,,,,,,,,,,,,,,,,,,,,,,175200000,11739108,163954573,false,false,9,2018-04-01,2018-12-31,0
2019-01-30,69230,2018-03-31,3,,,,,,,,,,,,,,,,,,,,,,,,,,,,,,,,,,,165150911,false,false,9,2017-04-01,2017-12-31,-1
2019-04-24,69230,2019-03-31,,434124000000,-0.018,,,,,53927000000,0.014,61015000000,0.058,,40265000000,,245.76,245.54,0.113,0.122,0.124,,509564000000,408957000000,0.725,2259.94,369436000000,61102000000,-38593000000,-12169000000,126125000000,,0.203,,,,,,true,false,12,2018-04-01,2019-03-31,0
2019-04-24,69230,2018-03-31,,442165000000,0.138,,,,,53169000000,0.257,57657000000,0.261,,36008000000,,218.21,217.90,0.109,0.121,0.120,,494491000000,378708000000,0.694,2089.93,342939000000,82357000000,-39447000000,-17446000000,115449000000,,0.206,,,,,,true,false,12,2017-04-01,2018-03-31,-1
2019-04-24,69230,2020-03-31,,207000000000,-0.038,,,,,21100000000,-0.188,24100000000,-0.175,,15500000000,,95.13,,,,,,,,,,,,,,,,,,,,,,true,true,6,2019-04-01,2019-09-30,1
2019-04-24,69230,2020-03-31,,424000000000,-0.023,,,,,48600000000,-0.099,55100000000,-0.097,,36700000000,,225.30,,,,,,,,,,,,,,,,0.222,,,,,,true,true,12,2019-04-01,2020-03-31,1
2019-04-24,69230,2019-03-31,,208849000000,-0.012,,,,,11621000000,-0.178,24311000000,-0.053,19001000000,,0.172,115.97,115.87,,,,,258129000000,191858000000,0.742,1171.38,191487000000,,,,,50.00,,,,175200000,11728364,163842171,false,false,12,2018-04-01,2019-03-31,0
2019-04-24,69230,2018-03-31,,211387000000,0.199,,,,,14146000000,0.274,25664000000,0.251,16212000000,,0.092,98.25,98.11,,,,,266897000000,187290000000,0.700,1138.86,186877000000,,,,,45.00,,,,176000000,11909050,165019470,false,false,12,2017-04-01,2018-03-31,-1
2019-04-24,69230,2020-03-31,,,,,,,,,,,,,,,,,,,,,,,,,,,,,,50.00,,,,,,,false,true,12,2019-04-01,2020-03-31,1
2019-07-29,69230,2020-03-31,1,103262000000,-0.060,,,,,12976000000,-0.078,14358000000,-0.049,,9406000000,,57.71,57.69,,,,,508600000000,407168000000,0.724,,368352000000,,,,,,,,,,,,true,false,3,2019-04-01,2019-06-30,0
2019-07-29,69230,2019-03-31,1,109801000000,0.099,,,,,14078000000,0.375,15095000000,0.374,,9983000000,,60.83,60.75,,,,,,,,,,,,,,,,,,,,,true,false,3,2018-04-01,2018-06-30,-1
2019-07-29,69230,2020-03-31,1,207000000000,-0.038,,,,,21100000000,-0.188,24100000000,-0.175,,15500000000,,95.12,,,,,,,,,,,,,,,,,,,,,,true,true,6,2019-04-01,2019-09-30,0
2019-07-29,69230,2020-03-31,1,424000000000,-0.023,,,,,48600000000,-0.099,55100000000,-0.097,,36700000000,,225.27,,,,,,,,,,,,,,,,,,,,,,true,true,12,2019-04-01,2020-03-31,0
2019-07-29,69230,2019-03-31,1,,,,,,,,,,,,,,,,,,,,509564000000,408957000000,0.725,,369436000000,,,,,,,,,,,,true,false,12,2018-04-01,2019-03-31,-1
2019-07-29,69230,2019-03-31,1,,,,,,,,,,,,,,,,,,,,,,,,,,,,,50.00,,,,175200000,11728364,,false,false,12,2018-04-01,2019-03-31,-1
2019-07-29,69230,2020-03-31,1,,,,,,,,,,,,,,,,,,,,,,,,,,,,,50.00,,,,,,,false,true,12,2019-04-01,2020-03-31,0
2019-07-29,69230,2020-03-31,1,,,,,,,,,,,,,,,,,,,,,,,,,,,,,,,,,174800000,11944111,163008554,false,false,3,2019-04-01,2019-06-30,0
2019-07-29,69230,2019-03-31,1,,,,,,,,,,,,,,,,,,,,,,,,,,,,,,,,,,,164118375,false,false,3,2018-04-01,2018-06-30,-1
2019-10-28,69230,2020-03-31,2,204467000000,-0.049,,,,,21625000000,-0.168,24409000000,-0.164,,15669000000,,96.16,96.13,,,,,505595000000,410361000000,0.736,,372137000000,,,,,,,,,,,,true,false,6,2019-04-01,2019-09-30,0
2019-10-28,69230,2019-03-31,2,215106000000,0.029,,,,,25985000000,0.150,29211000000,0.178,,19246000000,,117.23,117.10,,,,,,,,,,,,,,,,,,,,,true,false,6,2018-04-01,2018-09-30,-1
2019-10-28,69230,2020-03-31,2,406000000000,-0.065,,,,,43000000000,-0.203,49500000000,-0.189,,32600000000,,200.68,,,,,,,,,,,,,,,,,,,,,,true,true,12,2019-04-01,2020-03-31,0
2019-10-28,69230,2019-03-31,2,,,,,,,,,,,,,,,,,,,,509564000000,408957000000,0.725,,369436000000,,,,,,,,,,,,true,false,12,2018-04-01,2019-03-31,-1
2019-10-28,69230,2019-03-31,2,,,,,,,,,,,,,,,,,,,,,,,,,,,,,50.00,,,,175200000,11728364,,false,false,12,2018-04-01,2019-03-31,-1
2019-10-28,69230,2020-03-31,2,,,,,,,,,,,,,,,,,,,,,,,,,,,,,25.00,,,,,,,false,false,12,2019-04-01,2020-03-31,0
2019-10-28,69230,2020-03-31,2,,,,,,,,,,,,,,,,,,,,,,,,,,,,,50.00,,,,,,,false,true,12,2019-04-01,2020-03-31,0
2019-10-28,69230,2020-03-31,2,,,,,,,,,,,,,,,,,,,,,,,,,,,,,,,,,174800000,11914199,162954850,false,false,6,2019-04-01,2019-09-30,0
2019-10-28,69230,2019-03-31,2,,,,,,,,,,,,,,,,,,,,,,,,,,,,,,,,,,,164167258,false,false,6,2018-04-01,2018-09-30,-1
2019-10-28,69230,2020-03-31,,406000000000,-0.042,,,,,43000000000,-0.115,49500000000,-0.102,,32600000000,,200.68,,,,,,,,,,,,,,,,,,,,,,true,true,12,2019-04-01,2020-03-31,0
2019-10-28,69230,2019-03-31,,434124000000,,,,,,53927000000,,61015000000,,,40265000000,,245.76,,,,,,,,,,,,,,,,,,,,,,true,false,12,2018-04-01,2019-03-31,-1
2020-01-30,69230,2020-03-31,3,302184000000,-0.081,,,,,31737000000,-0.214,36099000000,-0.200,,22970000000,,141.25,141.21,,,,,516191000000,419574000000,0.734,,378996000000,,,,,,,,,,,,true,false,9,2019-04-01,2019-12-31,0
2020-01-30,69230,2019-03-31,3,328825000000,0.005,,,,,40388000000,0.059,45141000000,0.096,,29723000000,,181.29,181.11,,,,,,,,,,,,,,,,,,,,,true,false,9,2018-04-01,2018-12-31,-1
2020-01-30,69230,2019-03-31,3,,,,,,,,,,,,,,,,,,,,509564000000,408957000000,0.725,,369436000000,,,,,,,,,,,,true,false,12,2018-04-01,2019-03-31,-1
2020-01-30,69230,2019-03-31,3,,,,,,,,,,,,,,,,,,,,,,,,,,,,,50.00,,,,175200000,11728364,,false,false,12,2018-04-01,2019-03-31,-1
2020-01-30,69230,2020-03-31,3,,,,,,,,,,,,,,,,,,,,,,,,,,,,,25.00,,,,,,,false,false,12,2019-04-01,2020-03-31,0
2020-01-30,69230,2020-03-31,3,,,,,,,,,,,,,,,,,,,,,,,,,,,,,50.00,,,,,,,false,true,12,2019-04-01,2020-03-31,0
2020-01-30,69230,2020-03-31,3,,,,,,,,,,,,,,,,,,,,,,,,,,,,,,,,,174200000,12318119,162628275,false,false,9,2019-04-01,2019-12-31,0
2020-01-30,69230,2019-03-31,3,,,,,,,,,,,,,,,,,,,,,,,,,,,,,,,,,,,163954573,false,false,9,2018-04-01,2018-12-31,-1
2020-01-30,69230,2020-03-31,,406000000000,,,,,,43000000000,,49500000000,,,32600000000,,200.68,,,,,,,,,,,,,,,,,,,,,,true,true,12,2019-04-01,2020-03-31,0
2020-01-30,69230,2019-03-31,,434124000000,,,,,,53927000000,,61015000000,,,40265000000,,245.76,,,,,,,,,,,,,,,,,,,,,,true,false,12,2018-04-01,2019-03-31,-1
2020-03-16,69230,2020-03-31,,392000000000,,,,,,24500000000,,30500000000,,,18500000000,,113.88,,,,,,,,,,,,,,,,,,,,,,true,true,12,2019-04-01,2020-03-31,0
2020-03-16,69230,2019-03-31,,434124000000,,,,,,53927000000,,61015000000,,,40235000000,,245.76,,,,,,,,,,,,,,,,,,,,,,true,false,12,2018-04-01,2019-03-31,-1
2020-03-16,69230,2020-03-31,,392000000000,,,,,,24500000000,,30500000000,,,18500000000,,113.88,,,,,,,,,,,,,,,,,,,,,,true,true,12,2019-04-01,2020-03-31,0
2020-03-16,69230,2019-03-31,,434124000000,,,,,,53927000000,,61015000000,,,40265000000,,245.76,,,,,,,,,,,,,,,,,,,,,,true,false,12,2018-04-01,2019-03-31,-1
2020-04-27,69230,2020-03-31,,391622000000,-0.098,,,,,24833000000,-0.540,30034000000,-0.508,,18550000000,,114.19,114.16,0.051,0.060,0.063,,494365000000,397989000000,0.725,2214.22,358519000000,63211000000,-58394000000,-21726000000,105176000000,,0.394,,,,,,true,false,12,2019-04-01,2020-03-31,0
2020-04-27,69230,2019-03-31,,434124000000,-0.018,,,,,53927000000,0.014,61015000000,0.058,,40265000000,,245.76,245.54,0.113,0.122,0.124,,509564000000,408957000000,0.725,2259.94,369436000000,61102000000,-38593000000,-12169000000,126125000000,,0.203,,,,,,true,false,12,2018-04-01,2019-03-31,-1
2020-04-27,69230,2020-03-31,,186110000000,-0.109,,,,,-11942000000,,4583000000,-0.811,5237000000,,-0.724,32.24,32.23,,,,,241372000000,179095000000,0.740,1103.27,178637000000,,,,,45.00,,,,174200000,12283275,162460630,false,false,12,2019-04-01,2020-03-31,0
2020-04-27,69230,2019-03-31,,208849000000,-0.012,,,,,11621000000,-0.178,24311000000,-0.053,19001000000,,0.172,115.97,115.87,,,,,258129000000,191858000000,0.742,1171.38,191487000000,,,,,50.00,,,,175200000,11728364,163842171,false,false,12,2018-04-01,2019-03-31,-1
,69230,2020-03-31,,,,,,,,,,,,,,,,,,,,,,,,,,,,,,45.00,,,,,,,false,true,12,2019-04-01,2020-03-31,0
,69230,2020-03-31,,,,,,,,,,,,,,,,,,,,,,,,,,,,,,25.00,,,,,,,false,false,12,2019-04-01,2020-03-31,0
,69230,2019-03-31,,,,,,,,,,,,,,,,,,,,,,,,,,,,,,50.00,,,,,,,false,false,12,2018-04-01,2019-03-31,-1
2020-07-27,69230,2021-03-31,1,59854000000,-0.420,,,,,-450000000,,-358000000,,,-1295000000,,-8.03,,,,,,487391000000,395329000000,0.731,,356349000000,,,,,,,,,,,,true,false,3,2020-04-01,2020-06-30,0
2020-07-27,69230,2020-03-31,1,103262000000,-0.060,,,,,12976000000,-0.078,14358000000,-0.049,,9406000000,,57.71,57.69,,,,,,,,,,,,,,,,,,,,,true,false,3,2019-04-01,2019-06-30,-1
2020-07-27,69230,2021-03-31,1,152000000000,-0.257,,,,,6500000000,-0.699,8000000000,-0.672,,2500000000,,15.51,,,,,,,,,,,,,,,,,,,,,,true,true,6,2020-04-01,2020-09-30,0
2020-07-27,69230,2021-03-31,1,340000000000,-0.132,,,,,30000000000,0.208,34000000000,0.132,,19500000000,,121.04,,,,,,,,,,,,,,,,,,,,,,true,true,12,2020-04-01,2021-03-31,0
2020-07-27,69230,2020-03-31,1,,,,,,,,,,,,,,,,,,,,494365000000,397989000000,0.725,,358519000000,,,,,,,,,,,,true,false,12,2019-04-01,2020-03-31,-1
2020-07-27,69230,2020-03-31,1,,,,,,,,,,,,,,,,,,,,,,,,,,,,,45.00,,,,174200000,12283275,,false,false,12,2019-04-01,2020-03-31,-1
2020-07-27,69230,2021-03-31,1,,,,,,,,,,,,,,,,,,,,,,,,,,,,,45.00,,,,,,,false,true,12,2020-04-01,2021-03-31,0
2020-07-27,69230,2021-03-31,1,,,,,,,,,,,,,,,,,,,,,,,,,,,,,,,,,173700000,12670210,161249745,false,false,3,2020-04-01,2020-06-30,0
2020-07-27,69230,2020-03-31,1,,,,,,,,,,,,,,,,,,,,,,,,,,,,,,,,,,,163008554,false,false,3,2019-04-01,2019-06-30,-1
2020-09-28,69230,2021-03-31,,155000000000,0.020,,,,,8000000000,0.231,9000000000,0.125,,3300000000,,20.48,,,,,,,,,,,,,,,,,,,,,,true,true,6,2020-04-01,2020-09-30,0
2020-09-28,69230,2020-03-31,,204467000000,,,,,,21625000000,,24409000000,,,15669000000,,96.16,,,,,,,,,,,,,,,,,,,,,,true,false,6,2019-04-01,2019-09-30,-1
2020-10-29,69230,2021-03-31,2,155811000000,-0.238,,,,,8659000000,-0.600,9526000000,-0.610,,3770000000,,23.40,23.39,,,,,491473000000,399192000000,0.732,,359851000000,,,,,,,,,,,,true,false,6,2020-04-01,2020-09-30,0
2020-10-29,69230,2020-03-31,2,204467000000,-0.049,,,,,21625000000,-0.168,24409000000,-0.164,,15669000000,,96.16,96.13,,,,,,,,,,,,,,,,,,,,,true,false,6,2019-04-01,2019-09-30,-1
2020-10-29,69230,2021-03-31,2,340000000000,-0.132,,,,,30000000000,0.208,34000000000,0.132,,19500000000,,121.03,,,,,,,,,,,,,,,,,,,,,,true,true,12,2020-04-01,2021-03-31,0
2020-10-29,69230,2020-03-31,2,,,,,,,,,,,,,,,,,,,,494365000000,397989000000,0.725,,358519000000,,,,,,,,,,,,true,false,12,2019-04-01,2020-03-31,-1
2020-10-29,69230,2020-03-31,2,,,,,,,,,,,,,,,,,,,,,,,,,,,,,45.00,,,,174200000,12283275,,false,false,12,2019-04-01,2020-03-31,-1
2020-10-29,69230,2021-03-31,2,,,,,,,,,,,,,,,,,,,,,,,,,,,,,20.00,,,,,,,false,false,12,2020-04-01,2021-03-31,0
2020-10-29,69230,2021-03-31,2,,,,,,,,,,,,,,,,,,,,,,,,,,,,,45.00,,,,,,,false,true,12,2020-04-01,2021-03-31,0
2020-10-29,69230,2021-03-31,2,,,,,,,,,,,,,,,,,,,,,,,,,,,,,,,,,173700000,12637471,161165489,false,false,6,2020-04-01,2020-09-30,0
2020-10-29,69230,2020-03-31,2,,,,,,,,,,,,,,,,,,,,,,,,,,,,,,,,,,,162954850,false,false,6,2019-04-01,2019-09-30,-1
2021-01-29,69230,2021-03-31,3,258816000000,-0.144,,,,,23162000000,-0.270,25837000000,-0.284,,13855000000,,86.01,86.00,,,,,509324000000,410528000000,0.725,,369157000000,,,,,,,,,,,,true,false,9,2020-04-01,2020-12-31,0
2021-01-29,69230,2020-03-31,3,302184000000,-0.081,,,,,31737000000,-0.214,36099000000,-0.200,,22970000000,,141.25,141.21,,,,,,,,,,,,,,,,,,,,,true,false,9,2019-04-01,2019-12-31,-1
2021-01-29,69230,2021-03-31,3,357000000000,-0.088,,,,,35000000000,0.409,39500000000,0.315,,22200000000,,137.93,,,,,,,,,,,,,,,,,,,,,,true,true,12,2020-04-01,2021-03-31,0
2021-01-29,69230,2020-03-31,3,,,,,,,,,,,,,,,,,,,,494365000000,397989000000,0.725,,358519000000,,,,,,,,,,,,true,false,12,2019-04-01,2020-03-31,-1
2021-01-29,69230,2020-03-31,3,,,,,,,,,,,,,,,,,,,,,,,,,,,,,45.00,,,,174200000,12283275,,false,false,12,2019-04-01,2020-03-31,-1
2021-01-29,69230,2021-03-31,3,,,,,,,,,,,,,,,,,,,,,,,,,,,,,20.00,,,,,,,false,false,12,2020-04-01,2021-03-31,0
2021-01-29,69230,2021-03-31,3,,,,,,,,,,,,,,,,,,,,,,,,,,,,,45.00,,,,,,,false,true,12,2020-04-01,2021-03-31,0
2021-01-29,69230,2021-03-31,3,,,,,,,,,,,,,,,,,,,,,,,,,,,,,,,,,173700000,13189652,161080208,false,false,9,2020-04-01,2020-12-31,0
2021-01-29,69230,2020-03-31,3,,,,,,,,,,,,,,,,,,,,,,,,,,,,,,,,,,,162628275,false,false,9,2019-04-01,2019-12-31,-1
2021-04-26,69230,2021-03-31,,359710000000,-0.081,,,,,35903000000,0.446,41283000000,0.375,,22918000000,,142.39,142.37,0.060,0.080,0.100,,541023000000,444651000000,0.738,2486.12,399200000000,46643000000,-41651000000,-13021000000,101399000000,,0.316,,,,,,true,false,12,2020-04-01,2021-03-31,0
2021-04-26,69230,2020-03-31,,391622000000,-0.098,,,,,24833000000,-0.540,30034000000,-0.508,,18550000000,,114.19,114.16,0.051,0.060,0.063,,494365000000,397989000000,0.725,2214.22,358519000000,63211000000,-58394000000,-21726000000,105176000000,,0.394,,,,,,true,false,12,2019-04-01,2020-03-31,-1
2021-04-26,69230,2022-03-31,,204000000000,0.309,,,,,19100000000,1.206,22300000000,1.341,,11800000000,,73.49,,,,,,,,,,,,,,,,,,,,,,true,true,6,2021-04-01,2021-09-30,1
2021-04-26,69230,2022-03-31,,422000000000,0.173,,,,,46000000000,0.281,51900000000,0.257,,30800000000,,191.81,,,,,,,,,,,,,,,,0.261,,,,,,true,true,12,2021-04-01,2022-03-31,1
2021-04-26,69230,2021-03-31,,159474000000,-0.143,,,,,7205000000,,28465000000,5.210,21411000000,,3.088,133.03,133.01,,,,,258362000000,199987000000,0.772,1242.77,199552000000,,,,,45.00,,,,173400000,12828548,160956565,false,false,12,2020-04-01,2021-03-31,0
2021-04-26,69230,2020-03-31,,186110000000,-0.109,,,,,-11942000000,,4583000000,-0.811,5237000000,,-0.724,32.24,32.23,,,,,241372000000,179095000000,0.740,1103.27,178637000000,,,,,45.00,,,,174200000,12283275,162460630,false,false,12,2019-04-01,2020-03-31,-1
2021-04-26,69230,2022-03-31,,,,,,,,,,,,,,,,,,,,,,,,,,,,,,50.00,,,,,,,false,true,12,2021-04-01,2022-03-31,1
2021-07-26,69230,2022-03-31,1,94397000000,0.577,,,,,8356000000,,10513000000,,,6056000000,,37.72,37.71,,,,,547353000000,450737000000,0.742,,406091000000,,,,,,,,,,,,true,false,3,2021-04-01,2021-06-30,0
2021-07-26,69230,2021-03-31,1,59854000000,-0.420,,,,,-450000000,,-358000000,,,-1295000000,,-8.03,,,,,,,,,,,,,,,,,,,,,,true,false,3,2020-04-01,2020-06-30,-1
2021-07-26,69230,2022-03-31,1,204000000000,0.309,,,,,19100000000,1.206,22300000000,1.341,,11800000000,,73.48,,,,,,,,,,,,,,,,,,,,,,true,true,6,2021-04-01,2021-09-30,0
2021-07-26,69230,2022-03-31,1,422000000000,0.173,,,,,46000000000,0.281,51900000000,0.257,,30800000000,,191.80,,,,,,,,,,,,,,,,,,,,,,true,true,12,2021-04-01,2022-03-31,0
2021-07-26,69230,2021-03-31,1,,,,,,,,,,,,,,,,,,,,541023000000,444651000000,0.738,,399200000000,,,,,,,,,,,,true,false,12,2020-04-01,2021-03-31,-1
2021-07-26,69230,2021-03-31,1,,,,,,,,,,,,,,,,,,,,,,,,,,,,,45.00,,,,173400000,12828548,,false,false,12,2020-04-01,2021-03-31,-1
2021-07-26,69230,2022-03-31,1,,,,,,,,,,,,,,,,,,,,,,,,,,,,,50.00,,,,,,,false,true,12,2021-04-01,2022-03-31,0
2021-07-26,69230,2022-03-31,1,,,,,,,,,,,,,,,,,,,,,,,,,,,,,,,,,173400000,12824834,160572647,false,false,3,2021-04-01,2021-06-30,0
2021-07-26,69230,2021-03-31,1,,,,,,,,,,,,,,,,,,,,,,,,,,,,,,,,,,,161249745,false,false,3,2020-04-01,2020-06-30,-1
2021-10-22,69230,2022-03-31,,179000000000,-0.123,,,,,12900000000,-0.325,16200000000,-0.274,,9300000000,,57.92,,,,,,,,,,,,,,,,,,,,,,true,true,6,2021-04-01,2021-09-30,0
2021-10-22,69230,2021-03-31,,155811000000,,,,,,8659000000,,9526000000,,,3770000000,,23.40,,,,,,,,,,,,,,,,,,,,,,true,false,6,2020-04-01,2020-09-30,-1
2021-10-22,69230,2022-03-31,,422000000000,,,,,,46000000000,,51900000000,,,30800000000,,191.80,,,,,,,,,,,,,,,,,,,,,,true,true,12,2021-04-01,2022-03-31,0
2021-10-22,69230,2021-03-31,,359710000000,,,,,,35903000000,,41283000000,,,22918000000,,142.39,,,,,,,,,,,,,,,,,,,,,,true,false,12,2020-04-01,2021-03-31,-1
2021-10-26,69230,2022-03-31,2,179109000000,0.150,,,,,12977000000,0.499,16200000000,0.701,,9334000000,,58.13,58.12,,,,,542274000000,453707000000,0.752,,407710000000,,,,,,,,,,,,true,false,6,2021-04-01,2021-09-30,0
2021-10-26,69230,2021-03-31,2,155811000000,-0.238,,,,,8659000000,-0.600,9526000000,-0.610,,3770000000,,23.40,23.39,,,,,,,,,,,,,,,,,,,,,true,false,6,2020-04-01,2020-09-30,-1
2021-10-26,69230,2021-03-31,2,,,,,,,,,,,,,,,,,,,,541023000000,444651000000,0.738,,399200000000,,,,,,,,,,,,true,false,12,2020-04-01,2021-03-31,-1
2021-10-26,69230,2021-03-31,2,,,,,,,,,,,,,,,,,,,,,,,,,,,,,45.00,,,,173400000,12828548,,false,false,12,2020-04-01,2021-03-31,-1
2021-10-26,69230,2022-03-31,2,,,,,,,,,,,,,,,,,,,,,,,,,,,,,25.00,,,,,,,false,false,12,2021-04-01,2022-03-31,0
2021-10-26,69230,2022-03-31,2,,,,,,,,,,,,,,,,,,,,,,,,,,,,,50.00,,,,,,,false,true,12,2021-04-01,2022-03-31,0
2021-10-26,69230,2022-03-31,2,,,,,,,,,,,,,,,,,,,,,,,,,,,,,,,,,173400000,12815860,160577604,false,false,6,2021-04-01,2021-09-30,0
2021-10-26,69230,2021-03-31,2,,,,,,,,,,,,,,,,,,,,,,,,,,,,,,,,,,,161165489,false,false,6,2020-04-01,2020-09-30,-1
2022-01-31,69230,2022-03-31,3,279863000000,0.081,,,,,21403000000,-0.076,26451000000,0.024,,14818000000,,92.35,92.34,,,,,558805000000,463116000000,0.741,,413975000000,,,,,,,,,,,,true,false,9,2021-04-01,2021-12-31,0
2022-01-31,69230,2021-03-31,3,258816000000,-0.144,,,,,23162000000,-0.270,25837000000,-0.284,,13855000000,,86.01,86.00,,,,,,,,,,,,,,,,,,,,,true,false,9,2020-04-01,2020-12-31,-1
2022-01-31,69230,2022-03-31,3,380000000000,0.056,,,,,27300000000,-0.240,34700000000,-0.159,,20400000000,,127.23,,,,,,,,,,,,,,,,,,,,,,true,true,12,2021-04-01,2022-03-31,0
2022-01-31,69230,2021-03-31,3,,,,,,,,,,,,,,,,,,,,541023000000,444651000000,0.738,,399200000000,,,,,,,,,,,,true,false,12,2020-04-01,2021-03-31,-1
2022-01-31,69230,2021-03-31,3,,,,,,,,,,,,,,,,,,,,,,,,,,,,,45.00,,,,173400000,12828548,,false,false,12,2020-04-01,2021-03-31,-1
2022-01-31,69230,2022-03-31,3,,,,,,,,,,,,,,,,,,,,,,,,,,,,,25.00,,,,,,,false,false,12,2021-04-01,2022-03-31,0
2022-01-31,69230,2022-03-31,3,,,,,,,,,,,,,,,,,,,,,,,,,,,,,50.00,,,,,,,false,true,12,2021-04-01,2022-03-31,0
2022-01-31,69230,2022-03-31,3,,,,,,,,,,,,,,,,,,,,,,,,,,,,,,,,,173000000,13042736,160453618,false,false,9,2021-04-01,2021-12-31,0
2022-01-31,69230,2021-03-31,3,,,,,,,,,,,,,,,,,,,,,,,,,,,,,,,,,,,161080208,false,false,9,2020-04-01,2020-12-31,-1
2022-01-31,69230,2022-03-31,,380000000000,,,,,,27300000000,,34700000000,,,20400000000,,127.23,,,,,,,,,,,,,,,,,,,,,,true,true,12,2021-04-01,2022-03-31,0
2022-01-31,69230,2021-03-31,,359710000000,,,,,,35903000000,,41283000000,,,22918000000,,142.39,,,,,,,,,,,,,,,,,,,,,,true,false,12,2020-04-01,2021-03-31,-1
2022-04-28,69230,2022-03-31,,382561000000,0.064,,,,,27743000000,-0.227,36714000000,-0.111,,21445000000,,133.75,133.73,0.051,0.065,0.073,,585382000000,488962000000,0.742,2715.84,434461000000,36881000000,-20257000000,-13485000000,112004000000,,0.374,,,,,,true,false,12,2021-04-01,2022-03-31,0
2022-04-28,69230,2021-03-31,,359710000000,-0.081,,,,,35903000000,0.446,41283000000,0.375,,22918000000,,142.39,142.37,0.060,0.080,0.100,,541023000000,444651000000,0.738,2486.12,399200000000,46643000000,-41651000000,-13021000000,101399000000,,0.316,,,,,,true,false,12,2020-04-01,2021-03-31,-1
2022-04-28,69230,2023-03-31,,189000000000,0.055,,,,,14400000000,0.110,17600000000,0.086,,9600000000,,60.01,,,,,,,,,,,,,,,,,,,,,,true,true,6,2022-04-01,2022-09-30,1
2022-04-28,69230,2023-03-31,,415000000000,0.085,,,,,34000000000,0.226,40800000000,0.111,,24600000000,,153.78,,,,,,,,,,,,,,,,0.325,,,,,,true,true,12,2022-04-01,2023-03-31,1
2022-04-28,69230,2022-03-31,,160429000000,0.006,,,,,-282000000,,18891000000,-0.336,16473000000,,-0.231,102.74,102.73,,,,,265089000000,208472000000,0.785,1300.18,207994000000,,,,,50.00,,,,173000000,13026964,160341336,false,false,12,2021-04-01,2022-03-31,0
2022-04-28,69230,2021-03-31,,159474000000,-0.143,,,,,7205000000,,28465000000,5.210,21411000000,,3.088,133.03,133.01,,,,,258362000000,199987000000,0.772,1242.77,199552000000,,,,,45.00,,,,173400000,12828548,160956565,false,false,12,2020-04-01,2021-03-31,-1
2022-04-28,69230,2023-03-31,,,,,,,,,,,,,,,,,,,,,,,,,,,,,,50.00,,,,,,,false,true,12,2022-04-01,2023-03-31,1
2022-07-29,69230,2023-03-31,1,93058000000,-0.014,,,,,2838000000,-0.660,5067000000,-0.518,,2573000000,,16.09,,,,,,610823000000,509049000000,0.740,,452058000000,,,,,,,,,,,,true,false,3,2022-04-01,2022-06-30,0
2022-07-29,69230,2022-03-31,1,94397000000,0.577,,,,,8356000000,,10513000000,,,6056000000,,37.72,37.71,,,,,,,,,,,,,,,,,,,,,true,false,3,2021-04-01,2021-06-30,-1
2022-07-29,69230,2023-03-31,1,189000000000,0.055,,,,,14400000000,0.110,17600000000,0.086,,9600000000,,60.01,,,,,,,,,,,,,,,,,,,,,,true,true,6,2022-04-01,2022-09-30,0
2022-07-29,69230,2023-03-31,1,415000000000,0.085,,,,,34000000000,0.226,40800000000,0.111,,24600000000,,153.77,,,,,,,,,,,,,,,,,,,,,,true,true,12,2022-04-01,2023-03-31,0
2022-07-29,69230,2022-03-31,1,,,,,,,,,,,,,,,,,,,,585382000000,488962000000,0.742,,434461000000,,,,,,,,,,,,true,false,12,2021-04-01,2022-03-31,-1
2022-07-29,69230,2022-03-31,1,,,,,,,,,,,,,,,,,,,,,,,,,,,,,50.00,,,,173000000,13026964,,false,false,12,2021-04-01,2022-03-31,-1
2022-07-29,69230,2023-03-31,1,,,,,,,,,,,,,,,,,,,,,,,,,,,,,50.00,,,,,,,false,true,12,2022-04-01,2023-03-31,0
2022-07-29,69230,2023-03-31,1,,,,,,,,,,,,,,,,,,,,,,,,,,,,,,,,,173000000,13027184,159972901,false,false,3,2022-04-01,2022-06-30,0
2022-07-29,69230,2022-03-31,1,,,,,,,,,,,,,,,,,,,,,,,,,,,,,,,,,,,160572647,false,false,3,2021-04-01,2021-06-30,-1
2022-10-31,69230,2023-03-31,2,213096000000,0.190,,,,,14625000000,0.127,20052000000,0.238,,10302000000,,64.40,,,,,,623063000000,522973000000,0.743,,463166000000,,,,,,,,,,,,true,false,6,2022-04-01,2022-09-30,0
2022-10-31,69230,2022-03-31,2,179109000000,0.150,,,,,12977000000,0.499,16200000000,0.701,,9334000000,,58.13,58.12,,,,,,,,,,,,,,,,,,,,,true,false,6,2021-04-01,2021-09-30,-1
2022-10-31,69230,2023-03-31,2,448000000000,0.171,,,,,34500000000,0.244,43700000000,0.190,,25600000000,,156.63,,,,,,,,,,,,,,,,,,,,,,true,true,12,2022-04-01,2023-03-31,0
2022-10-31,69230,2022-03-31,2,,,,,,,,,,,,,,,,,,,,585382000000,488962000000,0.742,,434461000000,,,,,,,,,,,,true,false,12,2021-04-01,2022-03-31,-1
2022-10-31,69230,2022-03-31,2,,,,,,,,,,,,,,,,,,,,,,,,,,,,,50.00,,,,173000000,13026964,,false,false,12,2021-04-01,2022-03-31,-1
2022-10-31,69230,2023-03-31,2,,,,,,,,,,,,,,,,,,,,,,,,,,,,,25.00,,,,,,,false,false,12,2022-04-01,2023-03-31,0
2022-10-31,69230,2023-03-31,2,,,,,,,,,,,,,,,,,,,,,,,,,,,,,50.00,,,,,,,false,true,12,2022-04-01,2023-03-31,0
2022-10-31,69230,2023-03-31,2,,,,,,,,,,,,,,,,,,,,,,,,,,,,,,,,,173000000,13015211,159978068,false,false,6,2022-04-01,2022-09-30,0
2022-10-31,69230,2022-03-31,2,,,,,,,,,,,,,,,,,,,,,,,,,,,,,,,,,,,160577604,false,false,6,2021-04-01,2021-09-30,-1
2023-01-30,69230,2023-03-31,3,322651000000,0.153,,,,,21165000000,-0.011,27049000000,0.023,,14059000000,,86.66,,,,,,612462000000,518916000000,0.755,,462209000000,,,,,,,,,,,,true,false,9,2022-04-01,2022-12-31,0
2023-01-30,69230,2022-03-31,3,279863000000,0.081,,,,,21403000000,-0.076,26451000000,0.024,,14818000000,,92.35,92.34,,,,,,,,,,,,,,,,,,,,,true,false,9,2021-04-01,2021-12-31,-1
2023-01-30,69230,2023-03-31,3,448000000000,0.171,,,,,34500000000,0.244,43700000000,0.190,,25600000000,,156.63,,,,,,,,,,,,,,,,,,,,,,true,true,12,2022-04-01,2023-03-31,0
2023-01-30,69230,2022-03-31,3,,,,,,,,,,,,,,,,,,,,585382000000,488962000000,0.742,,434461000000,,,,,,,,,,,,true,false,12,2021-04-01,2022-03-31,-1
2023-01-30,69230,2022-03-31,3,,,,,,,,,,,,,,,,,,,,,,,,,,,,,50.00,,,,173000000,13026964,,false,false,12,2021-04-01,2022-03-31,-1
2023-01-30,69230,2023-03-31,3,,,,,,,,,,,,,,,,,,,,,,,,,,,,,25.00,,,,,,,false,false,12,2022-04-01,2023-03-31,0
2023-01-30,69230,2023-03-31,3,,,,,,,,,,,,,,,,,,,,,,,,,,,,,50.00,,,,,,,false,true,12,2022-04-01,2023-03-31,0
2023-01-30,69230,2023-03-31,3,,,,,,,,,,,,,,,,,,,,,,,,,,,,,,,,,173000000,5511723,162230796,false,false,9,2022-04-01,2022-12-31,0
2023-01-30,69230,2022-03-31,3,,,,,,,,,,,,,,,,,,,,,,,,,,,,,,,,,,,160453618,false,false,9,2021-04-01,2021-12-31,-1
2023-04-27,69230,2023-03-31,,437790000000,0.144,,,,,34926000000,0.259,44872000000,0.222,,26496000000,,162.32,,0.058,0.074,0.080,,629611000000,536128000000,0.756,2875.15,476217000000,76275000000,-56426000000,-3821000000,130881000000,,0.308,,,,,,true,false,12,2022-04-01,2023-03-31,0
2023-04-27,69230,2022-03-31,,382561000000,0.064,,,,,27743000000,-0.227,36714000000,-0.111,,21445000000,,133.75,133.73,0.051,0.065,0.073,,585382000000,488962000000,0.742,2715.84,434461000000,36881000000,-20257000000,-13485000000,112004000000,,0.374,,,,,,true,false,12,2021-04-01,2022-03-31,-1
2023-04-27,69230,2024-03-31,,217000000000,0.018,,,,,11000000000,-0.248,14500000000,-0.277,,6000000000,,36.22,,,,,,,,,,,,,,,,,,,,,,true,true,6,2023-04-01,2023-09-30,1
2023-04-27,69230,2024-03-31,,464000000000,0.060,,,,,35000000000,0.002,42500000000,-0.053,,25500000000,,153.96,,,,,,,,,,,,,,,,0.338,,,,,,true,true,12,2023-04-01,2024-03-31,1
2023-04-27,69230,2023-03-31,,155955000000,-0.028,,,,,-619000000,,25985000000,0.376,23657000000,,0.436,144.93,,,,,,289687000000,238300000000,0.821,1436.16,237874000000,,,,,50.00,,,,173000000,7367901,163236459,false,false,12,2022-04-01,2023-03-31,0
2023-04-27,69230,2022-03-31,,160429000000,0.006,,,,,-282000000,,18891000000,-0.336,16473000000,,-0.231,102.74,102.73,,,,,265089000000,208472000000,0.785,1300.18,207994000000,,,,,50.00,,,,173000000,13026964,160341336,false,false,12,2021-04-01,2022-03-31,-1
2023-04-27,69230,2024-03-31,,,,,,,,,,,,,,,,,,,,,,,,,,,,,,52.00,,,,,,,false,true,12,2023-04-01,2024-03-31,1
2023-07-28,69230,2024-03-31,1,111726000000,0.195,,,,,3664000000,0.128,6927000000,0.367,,2347000000,,14.27,14.27,,,,,665703000000,554636000000,0.743,,494746000000,,,,,,,,,,,,true,false,3,2023-04-01,2023-06-30,0
2023-07-28,69230,2023-03-31,1,93468000000,-0.013,,,,,3248000000,-0.625,5067000000,-0.518,,2573000000,,16.09,,,,,,,,,,,,,,,,,,,,,,true,false,3,2022-04-01,2022-06-30,-1
2023-07-28,69230,2024-03-31,1,217000000000,0.014,,,,,11000000000,-0.290,14500000000,-0.277,,6000000000,,36.51,,,,,,,,,,,,,,,,,,,,,,true,true,6,2023-04-01,2023-09-30,0
2023-07-28,69230,2024-03-31,1,464000000000,0.056,,,,,35000000000,-0.047,42500000000,-0.053,,25500000000,,155.30,,,,,,,,,,,,,,,,,,,,,,true,true,12,2023-04-01,2024-03-31,0
2023-07-28,69230,2023-03-31,1,,,,,,,,,,,,,,,,,,,,629611000000,536128000000,0.756,,476217000000,,,,,,,,,,,,true,false,12,2022-04-01,2023-03-31,-1
2023-07-28,69230,2023-03-31,1,,,,,,,,,,,,,,,,,,,,,,,,,,,,,50.00,,,,173000000,7367901,,false,false,12,2022-04-01,2023-03-31,-1
2023-07-28,69230,2024-03-31,1,,,,,,,,,,,,,,,,,,,,,,,,,,,,,52.00,,,,,,,false,true,12,2023-04-01,2024-03-31,0
2023-07-28,69230,2024-03-31,1,,,,,,,,,,,,,,,,,,,,,,,,,,,,,,,,,171200000,7170181,164540584,false,false,3,2023-04-01,2023-06-30,0
2023-07-28,69230,2023-03-31,1,,,,,,,,,,,,,,,,,,,,,,,,,,,,,,,,,,,159972901,false,false,3,2022-04-01,2022-06-30,-1
2023-10-31,69230,2024-03-31,2,226163000000,0.057,,,,,14077000000,-0.091,20186000000,0.007,,8015000000,,48.78,48.78,,,,,687953000000,571942000000,0.743,,511243000000,,,,,,,,,,,,true,false,6,2023-04-01,2023-09-30,0
2023-10-31,69230,2023-03-31,2,213959000000,0.190,,,,,15488000000,0.139,20052000000,0.238,,10302000000,,64.40,,,,,,,,,,,,,,,,,,,,,,true,false,6,2022-04-01,2022-09-30,-1
2023-10-31,69230,2024-03-31,2,464000000000,0.056,,,,,35000000000,-0.047,42500000000,-0.053,,25500000000,,155.30,,,,,,,,,,,,,,,,,,,,,,true,true,12,2023-04-01,2024-03-31,0
2023-10-31,69230,2023-03-31,2,,,,,,,,,,,,,,,,,,,,629611000000,536128000000,0.756,,476217000000,,,,,,,,,,,,true,false,12,2022-04-01,2023-03-31,-1
2023-10-31,69230,2023-03-31,2,,,,,,,,,,,,,,,,,,,,,,,,,,,,,50.00,,,,173000000,7367901,,false,false,12,2022-04-01,2023-03-31,-1
2023-10-31,69230,2024-03-31,2,,,,,,,,,,,,,,,,,,,,,,,,,,,,,27.00,,,,,,,false,false,12,2023-04-01,2024-03-31,0
2023-10-31,69230,2024-03-31,2,,,,,,,,,,,,,,,,,,,,,,,,,,,,,54.00,,,,,,,false,true,12,2023-04-01,2024-03-31,0
2023-10-31,69230,2024-03-31,2,,,,,,,,,,,,,,,,,,,,,,,,,,,,,,,,,171200000,7152422,164329411,false,false,6,2023-04-01,2023-09-30,0
2023-10-31,69230,2023-03-31,2,,,,,,,,,,,,,,,,,,,,,,,,,,,,,,,,,,,159978068,false,false,6,2022-04-01,2022-09-30,-1
2024-01-31,69230,2024-03-31,3,355398000000,0.097,,,,,27414000000,0.220,34905000000,0.290,,13821000000,,84.30,84.29,,,,,666300000000,552961000000,0.739,,492351000000,,,,,,,,,,,,true,false,9,2023-04-01,2023-12-31,0
2024-01-31,69230,2023-03-31,3,323950000000,0.153,,,,,22464000000,0.002,27049000000,0.023,,14059000000,,86.66,,,,,,,,,,,,,,,,,,,,,,true,false,9,2022-04-01,2022-12-31,-1
2024-01-31,69230,2024-03-31,3,464000000000,0.056,,,,,35000000000,-0.047,42500000000,-0.053,,25500000000,,155.95,,,,,,,,,,,,,,,,,,,,,,true,true,12,2023-04-01,2024-03-31,0
2024-01-31,69230,2023-03-31,3,,,,,,,,,,,,,,,,,,,,629611000000,536128000000,0.756,,476217000000,,,,,,,,,,,,true,false,12,2022-04-01,2023-03-31,-1
2024-01-31,69230,2023-03-31,3,,,,,,,,,,,,,,,,,,,,,,,,,,,,,50.00,,,,173000000,7367901,,false,false,12,2022-04-01,2023-03-31,-1
2024-01-31,69230,2024-03-31,3,,,,,,,,,,,,,,,,,,,,,,,,,,,,,27.00,,,,,,,false,false,12,2023-04-01,2024-03-31,0
2024-01-31,69230,2024-03-31,3,,,,,,,,,,,,,,,,,,,,,,,,,,,,,55.00,,,,,,,false,true,12,2023-04-01,2024-03-31,0
2024-01-31,69230,2024-03-31,3,,,,,,,,,,,,,,,,,,,,,,,,,,,,,,,,,171200000,9186433,163963893,false,false,9,2023-04-01,2023-12-31,0
2024-01-31,69230,2023-03-31,3,,,,,,,,,,,,,,,,,,,,,,,,,,,,,,,,,,,162230796,false,false,9,2022-04-01,2022-12-31,-1
2024-04-26,69230,2024-03-31,,472397000000,0.075,,,,,35834000000,-0.024,48064000000,0.071,,26497000000,,162.41,162.41,0.053,0.072,0.076,,708264000000,589362000000,0.740,3269.80,524409000000,65552000000,-31559000000,-25955000000,147130000000,,0.339,,,,,,true,false,12,2023-04-01,2024-03-31,0
2024-04-26,69230,2023-03-31,,439574000000,0.145,,,,,36710000000,0.258,44872000000,0.222,,26496000000,,162.32,,0.058,0.074,0.084,,629611000000,536128000000,0.756,2875.15,476217000000,76275000000,-56426000000,-3821000000,130881000000,,0.308,,,,,,true,false,12,2022-04-01,2023-03-31,-1
2024-04-26,69230,2025-03-31,,230000000000,0.017,,,,,18600000000,0.321,21500000000,0.065,,9400000000,,58.61,,,,,,,,,,,,,,,,,,,,,,true,true,6,2024-04-01,2024-09-30,1
2024-04-26,69230,2025-03-31,,500000000000,0.058,,,,,50000000000,0.395,56200000000,0.169,,31100000000,,193.91,,,,,,,,,,,,,,,,0.315,,,,,,true,true,12,2024-04-01,2025-03-31,1
2024-04-26,69230,2024-03-31,,173193000000,0.051,,,,,2895000000,-0.651,17306000000,-0.334,18947000000,,-0.199,116.13,116.13,,,,,329003000000,252634000000,0.767,1572.80,252245000000,,,,,55.00,,,,171200000,10820114,163152163,false,false,12,2023-04-01,2024-03-31,0
2024-04-26,69230,2023-03-31,,164864000000,-0.019,,,,,8288000000,0.129,25985000000,0.376,23657000000,,0.436,144.93,,,,,,289687000000,238300000000,0.821,1436.16,237874000000,,,,,50.00,,,,173000000,7367901,163236459,false,false,12,2022-04-01,2023-03-31,-1
2024-04-26,69230,2025-03-31,,,,,,,,,,,,,,,,,,,,,,,,,,,,,,61.00,,,,,,,false,true,12,2024-04-01,2025-03-31,1
2024-07-29,69230,2025-03-31,1,121441000000,0.087,,,,,9535000000,1.602,11714000000,0.691,,5824000000,,36.31,36.31,,,,,787288000000,651416000000,0.682,,536822000000,,,,,,,,,,,,true,false,3,2024-04-01,2024-06-30,0
2024-07-29,69230,2024-03-31,1,111726000000,0.195,,,,,3664000000,0.128,6927000000,0.367,,2347000000,,14.27,14.27,,,,,,,,,,,,,,,,,,,,,true,false,3,2023-04-01,2023-06-30,-1
2024-07-29,69230,2025-03-31,1,230000000000,0.017,,,,,18600000000,0.321,21500000000,0.065,,9400000000,,58.61,,,,,,,,,,,,,,,,,,,,,,true,true,6,2024-04-01,2024-09-30,0
2024-07-29,69230,2025-03-31,1,500000000000,0.058,,,,,50000000000,0.395,56200000000,0.169,,31100000000,,193.89,,,,,,,,,,,,,,,,,,,,,,true,true,12,2024-04-01,2025-03-31,0
2024-07-29,69230,2024-03-31,1,,,,,,,,,,,,,,,,,,,,708264000000,589362000000,0.740,,524409000000,,,,,,,,,,,,true,false,12,2023-04-01,2024-03-31,-1
2024-07-29,69230,2024-03-31,1,,,,,,,,,,,,,,,,,,,,,,,,,,,,,55.00,,,,171200000,10820114,,false,false,12,2023-04-01,2024-03-31,-1
2024-07-29,69230,2025-03-31,1,,,,,,,,,,,,,,,,,,,,,,,,,,,,,61.00,,,,,,,false,true,12,2024-04-01,2025-03-31,0
2024-07-29,69230,2025-03-31,1,,,,,,,,,,,,,,,,,,,,,,,,,,,,,,,,,171200000,10819194,160380381,false,false,3,2024-04-01,2024-06-30,0
2024-07-29,69230,2024-03-31,1,,,,,,,,,,,,,,,,,,,,,,,,,,,,,,,,,,,164540584,false,false,3,2023-04-01,2023-06-30,-1
2024-10-28,69230,2025-03-31,2,243987000000,0.079,,,,,19197000000,0.364,21937000000,0.087,,11378000000,,71.21,71.21,,,,,727846000000,604641000000,0.678,,493380000000,,,,,,,,,,,,true,false,6,2024-04-01,2024-09-30,0
2024-10-28,69230,2024-03-31,2,226163000000,0.057,,,,,14077000000,-0.091,20186000000,0.007,,8015000000,,48.78,48.78,,,,,,,,,,,,,,,,,,,,,true,false,6,2023-04-01,2023-09-30,-1
2024-10-28,69230,2025-03-31,2,500000000000,0.058,,,,,50000000000,0.395,56200000000,0.169,,31100000000,,195.89,,,,,,,,,,,,,,,,,,,,,,true,true,12,2024-04-01,2025-03-31,0
2024-10-28,69230,2024-03-31,2,,,,,,,,,,,,,,,,,,,,708264000000,589362000000,0.740,,524409000000,,,,,,,,,,,,true,false,12,2023-04-01,2024-03-31,-1
2024-10-28,69230,2024-03-31,2,,,,,,,,,,,,,,,,,,,,,,,,,,,,,55.00,,,,171200000,10820114,,false,false,12,2023-04-01,2024-03-31,-1
2024-10-28,69230,2025-03-31,2,,,,,,,,,,,,,,,,,,,,,,,,,,,,,32.00,,,,,,,false,false,12,2024-04-01,2025-03-31,0
2024-10-28,69230,2025-03-31,2,,,,,,,,,,,,,,,,,,,,,,,,,,,,,64.00,,,,,,,false,true,12,2024-04-01,2025-03-31,0
2024-10-28,69230,2025-03-31,2,,,,,,,,,,,,,,,,,,,,,,,,,,,,,,,,,167500000,9926004,159783328,false,false,6,2024-04-01,2024-09-30,0
2024-10-28,69230,2024-03-31,2,,,,,,,,,,,,,,,,,,,,,,,,,,,,,,,,,,,164329411,false,false,6,2023-04-01,2023-09-30,-1
2025-01-31,69230,2025-03-31,3,375897000000,0.058,,,,,32949000000,0.202,36756000000,0.053,,18967000000,,120.18,120.18,,,,,794067000000,618863000000,0.631,,501172000000,,,,,,,,,,,,true,false,9,2024-04-01,2024-12-31,0
2025-01-31,69230,2024-03-31,3,355398000000,0.097,,,,,27414000000,0.220,34905000000,0.290,,13821000000,,84.30,84.29,,,,,,,,,,,,,,,,,,,,,true,false,9,2023-04-01,2023-12-31,-1
2025-01-31,69230,2025-03-31,3,500000000000,0.058,,,,,50000000000,0.395,56200000000,0.169,,31100000000,,198.93,,,,,,,,,,,,,,,,,,,,,,true,true,12,2024-04-01,2025-03-31,0
2025-01-31,69230,2024-03-31,3,,,,,,,,,,,,,,,,,,,,708264000000,589362000000,0.740,,524409000000,,,,,,,,,,,,true,false,12,2023-04-01,2024-03-31,-1
2025-01-31,69230,2024-03-31,3,,,,,,,,,,,,,,,,,,,,,,,,,,,,,55.00,,,,171200000,10820114,,false,false,12,2023-04-01,2024-03-31,-1
2025-01-31,69230,2025-03-31,3,,,,,,,,,,,,,,,,,,,,,,,,,,,,,32.00,,,,,,,false,false,12,2024-04-01,2025-03-31,0
2025-01-31,69230,2025-03-31,3,,,,,,,,,,,,,,,,,,,,,,,,,,,,,64.00,,,,,,,false,true,12,2024-04-01,2025-03-31,0
2025-01-31,69230,2025-03-31,3,,,,,,,,,,,,,,,,,,,,,,,,,,,,,,,,,167500000,16138183,157822372,false,false,9,2024-04-01,2024-12-31,0
2025-01-31,69230,2024-03-31,3,,,,,,,,,,,,,,,,,,,,,,,,,,,,,,,,,,,163963893,false,false,9,2023-04-01,2023-12-31,-1
2025-04-24,69230,2025-03-31,,509565000000,0.079,,,,,49002000000,0.367,55454000000,0.154,,32058000000,,205.73,,0.063,0.076,0.096,,749605000000,598906000000,0.648,3255.93,485499000000,66577000000,-64871000000,-19968000000,128442000000,,0.350,,,,,,true,false,12,2024-04-01,2025-03-31,0
2025-04-24,69230,2024-03-31,,472397000000,0.075,,,,,35834000000,-0.024,48064000000,0.071,,26497000000,,162.41,162.41,0.053,0.072,0.076,,708264000000,589362000000,0.740,3269.80,524409000000,65552000000,-31559000000,-25955000000,147130000000,,0.339,,,,,,true,false,12,2023-04-01,2024-03-31,-1
2025-04-24,69230,2025-03-31,,171340000000,-0.011,,,,,4563000000,0.576,17751000000,0.026,16472000000,,-0.131,105.71,,,,,,324639000000,216768000000,0.667,1451.10,216376000000,,,,,72.00,,,,152000000,2887924,155828256,false,false,12,2024-04-01,2025-03-31,0
2025-04-24,69230,2024-03-31,,173193000000,0.051,,,,,2895000000,-0.651,17306000000,-0.334,18947000000,,-0.199,116.13,116.13,,,,,329003000000,252634000000,0.767,1572.80,252245000000,,,,,55.00,,,,171200000,10820114,163152163,false,false,12,2023-04-01,2024-03-31,-1
2025-07-31,69230,2026-03-31,1,119838000000,-0.013,,,,,8607000000,-0.097,10229000000,-0.127,,5156000000,,34.58,34.58,,,,,741631000000,586964000000,0.646,,478914000000,,,,,,,,,,,,true,false,3,2025-04-01,2025-06-30,0
2025-07-31,69230,2025-03-31,1,121441000000,0.087,,,,,9535000000,1.602,11714000000,0.691,,12381000000,,77.20,77.20,,,,,,,,,,,,,,,,,,,,,true,false,3,2024-04-01,2024-06-30,-1
2025-07-31,69230,2026-03-31,1,230000000000,-0.057,,,,,15500000000,-0.193,18000000000,-0.179,,8200000000,,54.98,,,,,,,,,,,,,,,,,,,,,,true,true,6,2025-04-01,2025-09-30,0
2025-07-31,69230,2026-03-31,1,480000000000,-0.058,,,,,41200000000,-0.159,46200000000,-0.167,,26800000000,,179.68,,,,,,,,,,,,,,,,,,,,,,true,true,12,2025-04-01,2026-03-31,0
2025-07-31,69230,2025-03-31,1,,,,,,,,,,,,,,,,,,,,749605000000,598906000000,0.648,,485499000000,,,,,,,,,,,,true,false,12,2024-04-01,2025-03-31,-1
2025-07-31,69230,2025-03-31,1,,,,,,,,,,,,,,,,,,,,,,,,,,,,,72.00,,,,152000000,2887924,,false,false,12,2024-04-01,2025-03-31,-1
2025-07-31,69230,2026-03-31,1,,,,,,,,,,,,,,,,,,,,,,,,,,,,,92.00,,,,,,,false,true,12,2025-04-01,2026-03-31,0
2025-07-31,69230,2026-03-31,1,,,,,,,,,,,,,,,,,,,,,,,,,,,,,,,,,152000000,2889279,149111349,false,false,3,2025-04-01,2025-06-30,0
2025-07-31,69230,2025-03-31,1,,,,,,,,,,,,,,,,,,,,,,,,,,,,,,,,,,,160380381,false,false,3,2024-04-01,2024-06-30,-1
