filing_date,code,fiscal_year_end,quarterly_period,net_sales,net_sales_change,revenue,revenue_change,operating_revenue,operating_revenue_change,operating_profit,operating_profit_change,ordinary_profit,ordinary_profit_change,net_income,net_income_of_parent,net_income_change,eps,diluted_eps,roe,roa,operating_profit_to_net_sales,operating_profit_to_revenue,total_assets,net_assets,equity_ratio,bps,owner_equity,operating_cash_flow,investing_cash_flow,financing_cash_flow,cash,dividend_per_share,payout_ratio,commemorative_dividend,extra_dividend,number_of_shares,number_of_treqsury_shares,avg_number_of_shares,is_consolidated,is_forecast,duration,period_start,period_end,period_pos
2015-05-11,69250,2015-03-31,,159365000000,0.010,,,,,10357000000,-0.145,13708000000,-0.138,11279000000,,0.047,86.40,,0.056,0.050,0.065,,294542000000,218723000000,0.733,1653.88,215924000000,9876000000,-3710000000,1210000000,56989000000,,0.278,,,,,,true,false,12,2014-04-01,2015-03-31,0
2015-05-11,69250,2014-03-31,,157800000000,0.100,,,,,12110000000,0.597,15904000000,0.509,10770000000,,0.505,82.19,,0.060,0.066,0.077,,255338000000,191246000000,0.735,1440.94,187785000000,10622000000,-4476000000,-6670000000,45342000000,,0.316,,,,,,true,false,12,2013-04-01,2014-03-31,-1
2015-05-11,69250,2016-03-31,,85000000000,0.143,,,,,6000000000,0.496,7000000000,0.360,,6000000000,,45.96,,,,,,,,,,,,,,,,,,,,,,true,true,6,2015-04-01,2015-09-30,1
2015-05-11,69250,2016-03-31,,180000000000,0.129,,,,,13000000000,0.255,15000000000,0.094,,12000000000,,91.91,,,,,,,,,,,,,,,,0.283,,,,,,true,true,12,2015-04-01,2016-03-31,1
2015-05-11,69250,2015-03-31,,48026000000,-0.017,,,,,1467000000,-0.556,3911000000,-0.360,3526000000,,-0.165,27.00,,,,,,157811000000,129242000000,0.819,988.02,129242000000,,,,,24.00,,,,139628721,9072215,130545078,false,false,12,2014-04-01,2015-03-31,0
2015-05-11,69250,2014-03-31,,48838000000,0.180,,,,,3301000000,1.544,6109000000,0.131,4224000000,,-0.304,32.24,,,,,,145702000000,118754000000,0.815,911.25,118754000000,,,,,26.00,,,,139628721,9307753,131040952,false,false,12,2013-04-01,2014-03-31,-1
2015-05-11,69250,2016-03-31,,,,,,,,,,,,,,,,,,,,,,,,,,,,,,26.00,,,,,,,false,true,12,2015-04-01,2016-03-31,1
2015-07-31,69250,2016-03-31,1,41138000000,0.194,,,,,2339000000,0.619,3315000000,0.864,,2625000000,,20.18,,,,,,296793000000,219723000000,0.732,,217192000000,,,,,,,,,,,,true,false,3,2015-04-01,2015-06-30,0
2015-07-31,69250,2015-03-31,1,34461000000,-0.028,,,,,1445000000,-0.367,1779000000,-0.492,,1388000000,,10.66,,,,,,,,,,,,,,,,,,,,,,true,false,3,2014-04-01,2014-06-30,-1
2015-07-31,69250,2016-03-31,1,85000000000,0.143,,,,,6000000000,0.496,7000000000,0.360,,6000000000,,45.96,,,,,,,,,,,,,,,,,,,,,,true,true,6,2015-04-01,2015-09-30,0
2015-07-31,69250,2016-03-31,1,180000000000,0.129,,,,,13000000000,0.255,15000000000,0.094,,12000000000,,91.91,,,,,,,,,,,,,,,,,,,,,,true,true,12,2015-04-01,2016-03-31,0
2015-07-31,69250,2015-03-31,1,,,,,,,,,,,,,,,,,,,,294542000000,218723000000,0.733,,215924000000,,,,,,,,,,,,true,false,12,2014-04-01,2015-03-31,-1
2015-07-31,69250,2015-03-31,1,,,,,,,,,,,,,,,,,,,,,,,,,,,,,24.00,,,,139628721,9072215,,false,false,12,2014-04-01,2015-03-31,-1
2015-07-31,69250,2016-03-31,1,,,,,,,,,,,,,,,,,,,,,,,,,,,,,26.00,,,,,,,false,true,12,2015-04-01,2016-03-31,0
2015-07-31,69250,2016-03-31,1,,,,,,,,,,,,,,,,,,,,,,,,,,,,,,,,,139628721,10212213,130110619,false,false,3,2015-04-01,2015-06-30,0
2015-07-31,69250,2015-03-31,1,,,,,,,,,,,,,,,,,,,,,,,,,,,,,,,,,,,130302882,false,false,3,2014-04-01,2014-06-30,-1
2015-10-30,69250,2016-03-31,2,88616000000,0.192,,,,,6540000000,0.631,7572000000,0.471,,5466000000,,42.14,,,,,,291187000000,215310000000,0.731,,212898000000,,,,,,,,,,,,true,false,6,2015-04-01,2015-09-30,0
2015-10-30,69250,2015-03-31,2,74361000000,-0.018,,,,,4009000000,-0.314,5148000000,-0.337,,4492000000,,34.48,,,,,,,,,,,,,,,,,,,,,,true,false,6,2014-04-01,2014-09-30,-1
2015-10-30,69250,2016-03-31,2,180000000000,0.129,,,,,13000000000,0.255,15000000000,0.094,,12000000000,,92.71,,,,,,,,,,,,,,,,,,,,,,true,true,12,2015-04-01,2016-03-31,0
2015-10-30,69250,2015-03-31,2,,,,,,,,,,,,,,,,,,,,294542000000,218723000000,0.733,,215924000000,,,,,,,,,,,,true,false,12,2014-04-01,2015-03-31,-1
2015-10-30,69250,2015-03-31,2,,,,,,,,,,,,,,,,,,,,,,,,,,,,,24.00,,,,139628721,9072215,,false,false,12,2014-04-01,2015-03-31,-1
2015-10-30,69250,2016-03-31,2,,,,,,,,,,,,,,,,,,,,,,,,,,,,,26.00,,,,,,,false,true,12,2015-04-01,2016-03-31,0
2015-10-30,69250,2016-03-31,2,,,,,,,,,,,,,,,,,,,,,,,,,,,,,,,,,139628721,10520097,129725112,false,false,6,2015-04-01,2015-09-30,0
2015-10-30,69250,2015-03-31,2,,,,,,,,,,,,,,,,,,,,,,,,,,,,,,,,,,,130296176,false,false,6,2014-04-01,2014-09-30,-1
2016-01-29,69250,2016-03-31,3,134551000000,0.172,,,,,10512000000,0.647,13081000000,0.424,,9560000000,,73.81,,,,,,306198000000,221950000000,0.717,,219453000000,,,,,,,,,,,,true,false,9,2015-04-01,2015-12-31,0
2016-01-29,69250,2015-03-31,3,114803000000,0.008,,,,,6382000000,-0.247,9188000000,-0.246,,8156000000,,62.49,,,,,,,,,,,,,,,,,,,,,,true,false,9,2014-04-01,2014-12-31,-1
2016-01-29,69250,2016-03-31,3,180000000000,0.129,,,,,13000000000,0.255,15000000000,0.094,,12000000000,,92.71,,,,,,,,,,,,,,,,,,,,,,true,true,12,2015-04-01,2016-03-31,0
2016-01-29,69250,2015-03-31,3,,,,,,,,,,,,,,,,,,,,294542000000,218723000000,0.733,,215924000000,,,,,,,,,,,,true,false,12,2014-04-01,2015-03-31,-1
2016-01-29,69250,2015-03-31,3,,,,,,,,,,,,,,,,,,,,,,,,,,,,,24.00,,,,139628721,9072215,,false,false,12,2014-04-01,2015-03-31,-1
2016-01-29,69250,2016-03-31,3,,,,,,,,,,,,,,,,,,,,,,,,,,,,,26.00,,,,,,,false,true,12,2015-04-01,2016-03-31,0
2016-01-29,69250,2016-03-31,3,,,,,,,,,,,,,,,,,,,,,,,,,,,,,,,,,139628721,10521511,10088760,false,false,9,2015-04-01,2015-12-31,0
2016-01-29,69250,2015-03-31,3,,,,,,,,,,,,,,,,,,,,,,,,,,,,,,,,,,,130541529,false,false,9,2014-04-01,2014-12-31,-1
2016-05-11,69250,2016-03-31,,179121000000,0.124,,,,,13130000000,0.268,14633000000,0.067,,11105000000,,85.83,,0.052,0.050,0.073,,294525000000,211296000000,0.709,1621.97,208705000000,12031000000,-10367000000,-7849000000,47813000000,,0.303,,,,,,true,false,12,2015-04-01,2016-03-31,0
2016-05-11,69250,2015-03-31,,159365000000,0.010,,,,,10357000000,-0.145,13708000000,-0.138,,11279000000,,86.40,,0.056,0.050,0.065,,294542000000,218723000000,0.733,1653.88,215924000000,9876000000,-3710000000,1210000000,56989000000,,0.278,,,,,,true,false,12,2014-04-01,2015-03-31,-1
2016-05-11,69250,2017-03-31,,90000000000,0.016,,,,,6000000000,-0.083,6500000000,-0.142,,4700000000,,36.53,,,,,,,,,,,,,,,,,,,,,,true,true,6,2016-04-01,2016-09-30,1
2016-05-11,69250,2017-03-31,,190000000000,0.061,,,,,13500000000,0.028,14500000000,-0.009,,11500000000,,89.37,,,,,,,,,,,,,,,,0.291,,,,,,true,true,12,2016-04-01,2017-03-31,1
2016-05-11,69250,2016-03-31,,51033000000,0.063,,,,,3364000000,1.293,3937000000,0.006,264000000,,-0.925,2.04,,,,,,164334000000,124156000000,0.756,964.89,124156000000,,,,,26.00,,,,139628721,10954280,129390561,false,false,12,2015-04-01,2016-03-31,0
2016-05-11,69250,2015-03-31,,48026000000,-0.017,,,,,1467000000,-0.556,3911000000,-0.360,3526000000,,-0.165,27.00,,,,,,157811000000,129242000000,0.819,988.02,129242000000,,,,,24.00,,,,139628721,9072215,130545078,false,false,12,2014-04-01,2015-03-31,-1
2016-05-11,69250,2017-03-31,,,,,,,,,,,,,,,,,,,,,,,,,,,,,,26.00,,,,,,,false,true,12,2016-04-01,2017-03-31,1
2016-05-11,69250,2016-03-31,,179121000000,0.124,,,,,13130000000,0.268,14633000000,0.067,,11105000000,,85.83,,0.052,0.050,0.073,,294525000000,211296000000,0.709,1621.97,208705000000,12031000000,-10367000000,-7849000000,47813000000,,0.303,,,,,,true,false,12,2015-04-01,2016-03-31,0
2016-05-11,69250,2015-03-31,,159365000000,0.010,,,,,10357000000,-0.145,13708000000,-0.138,,11279000000,,86.40,,0.056,0.050,0.065,,294542000000,218723000000,0.733,1653.88,215924000000,9876000000,-3710000000,1210000000,56989000000,,0.278,,,,,,true,false,12,2014-04-01,2015-03-31,-1
2016-05-11,69250,2017-03-31,,90000000000,0.016,,,,,6000000000,-0.083,6500000000,-0.142,,4700000000,,36.53,,,,,,,,,,,,,,,,,,,,,,true,true,6,2016-04-01,2016-09-30,1
2016-05-11,69250,2017-03-31,,190000000000,0.061,,,,,13500000000,0.028,14500000000,-0.009,,11500000000,,89.37,,,,,,,,,,,,,,,,0.291,,,,,,true,true,12,2016-04-01,2017-03-31,1
2016-05-11,69250,2016-03-31,,51033000000,0.063,,,,,3364000000,1.293,3937000000,0.006,264000000,,-0.925,2.04,,,,,,164334000000,124156000000,0.756,964.89,124156000000,,,,,26.00,,,,139628721,10954280,129390561,false,false,12,2015-04-01,2016-03-31,0
2016-05-11,69250,2015-03-31,,48026000000,-0.017,,,,,1467000000,-0.556,3911000000,-0.360,3526000000,,-0.165,27.00,,,,,,157811000000,129242000000,0.819,988.02,129242000000,,,,,24.00,,,,139628721,9072215,130545078,false,false,12,2014-04-01,2015-03-31,-1
2016-05-11,69250,2017-03-31,,,,,,,,,,,,,,,,,,,,,,,,,,,,,,26.00,,,,,,,false,true,12,2016-04-01,2017-03-31,1
2016-07-29,69250,2017-03-31,1,39989000000,-0.028,,,,,979000000,-0.581,431000000,-0.870,,159000000,,1.24,,,,,,281124000000,198488000000,0.698,,196209000000,,,,,,,,,,,,true,false,3,2016-04-01,2016-06-30,0
2016-07-29,69250,2016-03-31,1,41138000000,0.194,,,,,2339000000,0.619,3315000000,0.864,,2625000000,,20.18,,,,,,,,,,,,,,,,,,,,,,true,false,3,2015-04-01,2015-06-30,-1
2016-07-29,69250,2017-03-31,1,80000000000,-0.097,,,,,2500000000,-0.618,2500000000,-0.670,,1500000000,,11.72,,,,,,,,,,,,,,,,,,,,,,true,true,6,2016-04-01,2016-09-30,0
2016-07-29,69250,2017-03-31,1,170000000000,-0.051,,,,,9000000000,-0.315,10000000000,-0.317,,7000000000,,54.72,,,,,,,,,,,,,,,,,,,,,,true,true,12,2016-04-01,2017-03-31,0
2016-07-29,69250,2016-03-31,1,,,,,,,,,,,,,,,,,,,,294525000000,211296000000,0.709,,208705000000,,,,,,,,,,,,true,false,12,2015-04-01,2016-03-31,-1
2016-07-29,69250,2016-03-31,1,,,,,,,,,,,,,,,,,,,,,,,,,,,,,26.00,,,,139628721,10954280,,false,false,12,2015-04-01,2016-03-31,-1
2016-07-29,69250,2017-03-31,1,,,,,,,,,,,,,,,,,,,,,,,,,,,,,26.00,,,,,,,false,true,12,2016-04-01,2017-03-31,0
2016-07-29,69250,2017-03-31,1,,,,,,,,,,,,,,,,,,,,,,,,,,,,,,,,,139628721,11830567,128243517,false,false,3,2016-04-01,2016-06-30,0
2016-07-29,69250,2016-03-31,1,,,,,,,,,,,,,,,,,,,,,,,,,,,,,,,,,,,130110619,false,false,3,2015-04-01,2015-06-30,-1
2016-07-29,69250,2017-03-31,,80000000000,-0.111,,,,,2500000000,-0.583,2500000000,-0.615,1500000000,,-0.681,11.72,,,,,,,,,,,,,,,,,,,,,,true,true,6,2016-04-01,2016-09-30,0
2016-07-29,69250,2016-03-31,,88616000000,,,,,,6540000000,,7572000000,,5466000000,,,42.14,,,,,,,,,,,,,,,,,,,,,,true,false,6,2015-04-01,2015-09-30,-1
2016-07-29,69250,2017-03-31,,170000000000,-0.105,,,,,9000000000,-0.333,10000000000,-0.310,7000000000,,-0.391,54.72,,,,,,,,,,,,,,,,,,,,,,true,true,12,2016-04-01,2017-03-31,0
2016-07-29,69250,2016-03-31,,179121000000,,,,,,13130000000,,14633000000,,11105000000,,,85.83,,,,,,,,,,,,,,,,,,,,,,true,false,12,2015-04-01,2016-03-31,-1
2016-10-31,69250,2017-03-31,2,82520000000,-0.069,,,,,3139000000,-0.520,3082000000,-0.593,,1851000000,,14.46,,,,,,281536000000,199130000000,0.699,,196877000000,,,,,,,,,,,,true,false,6,2016-04-01,2016-09-30,0
2016-10-31,69250,2016-03-31,2,88616000000,0.192,,,,,6540000000,0.631,7572000000,0.471,,5466000000,,42.14,,,,,,,,,,,,,,,,,,,,,,true,false,6,2015-04-01,2015-09-30,-1
2016-10-31,69250,2017-03-31,2,170000000000,-0.051,,,,,9000000000,-0.315,10000000000,-0.317,,7000000000,,54.72,,,,,,,,,,,,,,,,,,,,,,true,true,12,2016-04-01,2017-03-31,0
2016-10-31,69250,2016-03-31,2,,,,,,,,,,,,,,,,,,,,294525000000,211296000000,0.709,,208705000000,,,,,,,,,,,,true,false,12,2015-04-01,2016-03-31,-1
2016-10-31,69250,2016-03-31,2,,,,,,,,,,,,,,,,,,,,,,,,,,,,,26.00,,,,139628721,10954280,,false,false,12,2015-04-01,2016-03-31,-1
2016-10-31,69250,2017-03-31,2,,,,,,,,,,,,,,,,,,,,,,,,,,,,,26.00,,,,,,,false,true,12,2016-04-01,2017-03-31,0
2016-10-31,69250,2017-03-31,2,,,,,,,,,,,,,,,,,,,,,,,,,,,,,,,,,139628721,11866336,128043148,false,false,6,2016-04-01,2016-09-30,0
2016-10-31,69250,2016-03-31,2,,,,,,,,,,,,,,,,,,,,,,,,,,,,,,,,,,,129725112,false,false,6,2015-04-01,2015-09-30,-1
2017-01-31,69250,2017-03-31,3,124989000000,-0.071,,,,,5733000000,-0.454,8069000000,-0.382,,6087000000,,47.58,,,,,,311421000000,216461000000,0.687,,213958000000,,,,,,,,,,,,true,false,9,2016-04-01,2016-12-31,0
2017-01-31,69250,2016-03-31,3,134551000000,0.172,,,,,10491000000,0.644,13059000000,0.421,,9547000000,,73.70,,,,,,,,,,,,,,,,,,,,,,true,false,9,2015-04-01,2015-12-31,-1
2017-01-31,69250,2017-03-31,3,170000000000,-0.051,,,,,9000000000,-0.315,10000000000,-0.317,,7000000000,,54.72,,,,,,,,,,,,,,,,,,,,,,true,true,12,2016-04-01,2017-03-31,0
2017-01-31,69250,2016-03-31,3,,,,,,,,,,,,,,,,,,,,294525000000,211296000000,0.709,,208705000000,,,,,,,,,,,,true,false,12,2015-04-01,2016-03-31,-1
2017-01-31,69250,2016-03-31,3,,,,,,,,,,,,,,,,,,,,,,,,,,,,,26.00,,,,139628721,10954280,,false,false,12,2015-04-01,2016-03-31,-1
2017-01-31,69250,2017-03-31,3,,,,,,,,,,,,,,,,,,,,,,,,,,,,,26.00,,,,,,,false,true,12,2016-04-01,2017-03-31,0
2017-01-31,69250,2017-03-31,3,,,,,,,,,,,,,,,,,,,,,,,,,,,,,,,,,139628721,11867249,127958739,false,false,9,2016-04-01,2016-12-31,0
2017-01-31,69250,2016-03-31,3,,,,,,,,,,,,,,,,,,,,,,,,,,,,,,,,,,,129539961,false,false,9,2015-04-01,2015-12-31,-1
2017-05-11,69250,2017-03-31,,172840000000,-0.035,,,,,8602000000,-0.345,11001000000,-0.248,,7042000000,,55.06,,0.033,0.036,0.050,,308430000000,213289000000,0.689,1664.40,212645000000,12624000000,-15254000000,6864000000,50974000000,,0.472,,,,,,true,false,12,2016-04-01,2017-03-31,0
2017-05-11,69250,2016-03-31,,179121000000,0.124,,,,,13130000000,0.268,14633000000,0.067,,11105000000,,85.83,,0.052,0.050,0.073,,294525000000,211296000000,0.709,1621.97,208705000000,12031000000,-10367000000,-7849000000,47813000000,,0.303,,,,,,true,false,12,2015-04-01,2016-03-31,-1
2017-05-11,69250,2018-03-31,,87000000000,0.054,,,,,4500000000,0.434,5500000000,0.784,,8500000000,,66.53,,,,,,,,,,,,,,,,,,,,,,true,true,6,2017-04-01,2017-09-30,1
2017-05-11,69250,2018-03-31,,180000000000,0.041,,,,,10000000000,0.162,11500000000,0.045,,11000000000,,86.10,,,,,,,,,,,,,,,,0.302,,,,,,true,true,12,2017-04-01,2018-03-31,1
2017-05-11,69250,2017-03-31,,48923000000,-0.041,,,,,780000000,-0.768,2854000000,-0.275,2392000000,,8.034,18.71,,,,,,158550000000,121568000000,0.767,951.53,121568000000,,,,,26.00,,,,139628721,11867972,127913124,false,false,12,2016-04-01,2017-03-31,0
2017-05-11,69250,2016-03-31,,51033000000,0.063,,,,,3364000000,1.293,3937000000,0.006,264000000,,-0.925,2.04,,,,,,164334000000,124156000000,0.756,964.89,124156000000,,,,,26.00,,,,139628721,10954280,129390561,false,false,12,2015-04-01,2016-03-31,-1
2017-05-11,69250,2018-03-31,,,,,,,,,,,,,,,,,,,,,,,,,,,,,,26.00,,,,,,,false,true,12,2017-04-01,2018-03-31,1
2017-07-28,69250,2018-03-31,1,41720000000,0.043,,,,,2813000000,1.874,3937000000,8.118,,6556000000,,51.32,,,,,,311374000000,220445000000,0.706,,219858000000,,,,,,,,,,,,true,false,3,2017-04-01,2017-06-30,0
2017-07-28,69250,2017-03-31,1,39989000000,-0.028,,,,,979000000,-0.581,431000000,-0.870,,159000000,,1.24,,,,,,,,,,,,,,,,,,,,,,true,false,3,2016-04-01,2016-06-30,-1
2017-07-28,69250,2018-03-31,1,87000000000,0.054,,,,,4500000000,0.434,5500000000,0.784,,8500000000,,66.53,,,,,,,,,,,,,,,,,,,,,,true,true,6,2017-04-01,2017-09-30,0
2017-07-28,69250,2018-03-31,1,180000000000,0.041,,,,,10000000000,0.162,11500000000,0.045,,11000000000,,86.10,,,,,,,,,,,,,,,,,,,,,,true,true,12,2017-04-01,2018-03-31,0
2017-07-28,69250,2017-03-31,1,,,,,,,,,,,,,,,,,,,,308430000000,213289000000,0.689,,212645000000,,,,,,,,,,,,true,false,12,2016-04-01,2017-03-31,-1
2017-07-28,69250,2017-03-31,1,,,,,,,,,,,,,,,,,,,,,,,,,,,,,26.00,,,,139628721,11867972,,false,false,12,2016-04-01,2017-03-31,-1
2017-07-28,69250,2018-03-31,1,,,,,,,,,,,,,,,,,,,,,,,,,,,,,26.00,,,,,,,false,true,12,2017-04-01,2018-03-31,0
2017-07-28,69250,2018-03-31,1,,,,,,,,,,,,,,,,,,,,,,,,,,,,,,,,,139628721,11866682,127760980,false,false,3,2017-04-01,2017-06-30,0
2017-07-28,69250,2017-03-31,1,,,,,,,,,,,,,,,,,,,,,,,,,,,,,,,,,,,128243517,false,false,3,2016-04-01,2016-06-30,-1
2017-10-30,69250,2018-03-31,2,85212000000,0.033,,,,,5641000000,0.797,7026000000,1.280,,8296000000,,64.94,,,,,,320215000000,224055000000,0.698,,223662000000,,,,,,,,,,,,true,false,6,2017-04-01,2017-09-30,0
2017-10-30,69250,2017-03-31,2,82520000000,-0.069,,,,,3139000000,-0.520,3082000000,-0.593,,1851000000,,14.46,,,,,,,,,,,,,,,,,,,,,,true,false,6,2016-04-01,2016-09-30,-1
2017-10-30,69250,2018-03-31,2,180000000000,0.041,,,,,10000000000,0.162,11500000000,0.045,,11000000000,,86.10,,,,,,,,,,,,,,,,,,,,,,true,true,12,2017-04-01,2018-03-31,0
2017-10-30,69250,2017-03-31,2,,,,,,,,,,,,,,,,,,,,308430000000,213289000000,0.689,,212645000000,,,,,,,,,,,,true,false,12,2016-04-01,2017-03-31,-1
2017-10-30,69250,2017-03-31,2,,,,,,,,,,,,,,,,,,,,,,,,,,,,,26.00,,,,139628721,11867972,,false,false,12,2016-04-01,2017-03-31,-1
2017-10-30,69250,2018-03-31,2,,,,,,,,,,,,,,,,,,,,,,,,,,,,,26.00,,,,,,,false,true,12,2017-04-01,2018-03-31,0
2017-10-30,69250,2018-03-31,2,,,,,,,,,,,,,,,,,,,,,,,,,,,,,,,,,139628721,11864597,127762731,false,false,6,2017-04-01,2017-09-30,0
2017-10-30,69250,2017-03-31,2,,,,,,,,,,,,,,,,,,,,,,,,,,,,,,,,,,,128043148,false,false,6,2016-04-01,2016-09-30,-1
2018-01-31,69250,2018-03-31,3,129797000000,0.038,,,,,8586000000,0.498,10820000000,0.341,,8504000000,,66.56,,,,,,325135000000,226788000000,0.697,,226491000000,,,,,,,,,,,,true,false,9,2017-04-01,2017-12-31,0
2018-01-31,69250,2017-03-31,3,124989000000,-0.071,,,,,5733000000,-0.454,8069000000,-0.382,,6087000000,,47.58,,,,,,,,,,,,,,,,,,,,,,true,false,9,2016-04-01,2016-12-31,-1
2018-01-31,69250,2018-03-31,3,180000000000,0.041,,,,,10000000000,0.162,11500000000,0.045,,11000000000,,86.10,,,,,,,,,,,,,,,,,,,,,,true,true,12,2017-04-01,2018-03-31,0
2018-01-31,69250,2017-03-31,3,,,,,,,,,,,,,,,,,,,,308430000000,213289000000,0.689,,212645000000,,,,,,,,,,,,true,false,12,2016-04-01,2017-03-31,-1
2018-01-31,69250,2017-03-31,3,,,,,,,,,,,,,,,,,,,,,,,,,,,,,26.00,,,,139628721,11867972,,false,false,12,2016-04-01,2017-03-31,-1
2018-01-31,69250,2018-03-31,3,,,,,,,,,,,,,,,,,,,,,,,,,,,,,26.00,,,,,,,false,true,12,2017-04-01,2018-03-31,0
2018-01-31,69250,2018-03-31,3,,,,,,,,,,,,,,,,,,,,,,,,,,,,,,,,,139628721,11865656,127762946,false,false,9,2017-04-01,2017-12-31,0
2018-01-31,69250,2017-03-31,3,,,,,,,,,,,,,,,,,,,,,,,,,,,,,,,,,,,127958739,false,false,9,2016-04-01,2016-12-31,-1
2018-05-10,69250,2018-03-31,,173497000000,0.004,,,,,10151000000,0.180,12050000000,0.095,,11001000000,,86.11,,0.051,0.039,0.059,,307265000000,215306000000,0.700,1683.42,215077000000,15567000000,4322000000,-3613000000,66035000000,,0.302,,,,,,true,false,12,2017-04-01,2018-03-31,0
2018-05-10,69250,2017-03-31,,172840000000,-0.035,,,,,8602000000,-0.345,11001000000,-0.248,,7042000000,,55.06,,0.033,0.036,0.050,,308430000000,213289000000,0.689,1664.40,212645000000,12624000000,-15254000000,6864000000,50974000000,,0.472,,,,,,true,false,12,2016-04-01,2017-03-31,-1
2018-05-10,69250,2019-03-31,,180000000000,0.037,,,,,12500000000,0.231,14000000000,0.162,,11500000000,,90.01,,,,,,,,,,,,,,,,0.333,,,,,,true,true,12,2018-04-01,2019-03-31,1
2018-05-10,69250,2018-03-31,,47917000000,-0.021,,,,,4216000000,4.403,8912000000,2.123,14580000000,,5.094,114.12,,,,,,162789000000,126976000000,0.780,993.85,126976000000,,,,,26.00,,,,139628721,11866293,127762858,false,false,12,2017-04-01,2018-03-31,0
2018-05-10,69250,2017-03-31,,48923000000,-0.041,,,,,780000000,-0.768,2854000000,-0.275,2392000000,,8.034,18.71,,,,,,158550000000,121568000000,0.767,951.53,121568000000,,,,,26.00,,,,139628721,11867972,127913124,false,false,12,2016-04-01,2017-03-31,-1
2018-05-10,69250,2019-03-31,,,,,,,,,,,,,,,,,,,,,,,,,,,,,,30.00,,,,,,,false,true,12,2018-04-01,2019-03-31,1
2018-07-31,69250,2019-03-31,1,39951000000,-0.042,,,,,2540000000,-0.097,3957000000,0.005,,2257000000,,17.67,,,,,,313520000000,218596000000,0.697,,218372000000,,,,,,,,,,,,true,false,3,2018-04-01,2018-06-30,0
2018-07-31,69250,2018-03-31,1,41720000000,0.043,,,,,2813000000,1.874,3937000000,8.118,,6556000000,,51.32,,,,,,,,,,,,,,,,,,,,,,true,false,3,2017-04-01,2017-06-30,-1
2018-07-31,69250,2019-03-31,1,180000000000,0.037,,,,,12500000000,0.231,14000000000,0.162,,11500000000,,90.01,,,,,,,,,,,,,,,,,,,,,,true,true,12,2018-04-01,2019-03-31,0
2018-07-31,69250,2018-03-31,1,,,,,,,,,,,,,,,,,,,,305303000000,215306000000,0.704,,215077000000,,,,,,,,,,,,true,false,12,2017-04-01,2018-03-31,-1
2018-07-31,69250,2018-03-31,1,,,,,,,,,,,,,,,,,,,,,,,,,,,,,26.00,,,,139628721,11866293,,false,false,12,2017-04-01,2018-03-31,-1
2018-07-31,69250,2019-03-31,1,,,,,,,,,,,,,,,,,,,,,,,,,,,,,30.00,,,,,,,false,true,12,2018-04-01,2019-03-31,0
2018-07-31,69250,2019-03-31,1,,,,,,,,,,,,,,,,,,,,,,,,,,,,,,,,,139628721,11864496,127762793,false,false,3,2018-04-01,2018-06-30,0
2018-07-31,69250,2018-03-31,1,,,,,,,,,,,,,,,,,,,,,,,,,,,,,,,,,,,127760980,false,false,3,2017-04-01,2017-06-30,-1
2018-10-31,69250,2019-03-31,2,82603000000,-0.031,,,,,5356000000,-0.050,7240000000,0.031,,3508000000,,27.46,,,,,,317120000000,222989000000,0.703,,222777000000,,,,,,,,,,,,true,false,6,2018-04-01,2018-09-30,0
2018-10-31,69250,2018-03-31,2,85212000000,0.033,,,,,5641000000,0.797,7026000000,1.280,,8296000000,,64.94,,,,,,,,,,,,,,,,,,,,,,true,false,6,2017-04-01,2017-09-30,-1
2018-10-31,69250,2019-03-31,2,180000000000,0.037,,,,,12500000000,0.231,14000000000,0.162,,11500000000,,90.04,,,,,,,,,,,,,,,,,,,,,,true,true,12,2018-04-01,2019-03-31,0
2018-10-31,69250,2018-03-31,2,,,,,,,,,,,,,,,,,,,,305303000000,215306000000,0.704,,215077000000,,,,,,,,,,,,true,false,12,2017-04-01,2018-03-31,-1
2018-10-31,69250,2018-03-31,2,,,,,,,,,,,,,,,,,,,,,,,,,,,,,26.00,,,,139628721,11866293,,false,false,12,2017-04-01,2018-03-31,-1
2018-10-31,69250,2019-03-31,2,,,,,,,,,,,,,,,,,,,,,,,,,,,,,30.00,,,,,,,false,true,12,2018-04-01,2019-03-31,0
2018-10-31,69250,2019-03-31,2,,,,,,,,,,,,,,,,,,,,,,,,,,,,,,,,,139628721,11927310,127745985,false,false,6,2018-04-01,2018-09-30,0
2018-10-31,69250,2018-03-31,2,,,,,,,,,,,,,,,,,,,,,,,,,,,,,,,,,,,127762731,false,false,6,2017-04-01,2017-09-30,-1
2019-01-31,69250,2019-03-31,3,122394000000,-0.057,,,,,6912000000,-0.195,9494000000,-0.123,,5675000000,,44.43,,,,,,307767000000,216277000000,0.702,,216060000000,,,,,,,,,,,,true,false,9,2018-04-01,2018-12-31,0
2019-01-31,69250,2018-03-31,3,129797000000,0.038,,,,,8586000000,0.498,10820000000,0.341,,8504000000,,66.56,,,,,,,,,,,,,,,,,,,,,,true,false,9,2017-04-01,2017-12-31,-1
2019-01-31,69250,2019-03-31,3,165000000000,-0.049,,,,,8500000000,-0.163,10500000000,-0.129,,11500000000,,90.24,,,,,,,,,,,,,,,,,,,,,,true,true,12,2018-04-01,2019-03-31,0
2019-01-31,69250,2018-03-31,3,,,,,,,,,,,,,,,,,,,,305303000000,215306000000,0.704,,215077000000,,,,,,,,,,,,true,false,12,2017-04-01,2018-03-31,-1
2019-01-31,69250,2018-03-31,3,,,,,,,,,,,,,,,,,,,,,,,,,,,,,26.00,,,,139628721,11866293,,false,false,12,2017-04-01,2018-03-31,-1
2019-01-31,69250,2019-03-31,3,,,,,,,,,,,,,,,,,,,,,,,,,,,,,50.00,,,,,,,false,true,12,2018-04-01,2019-03-31,0
2019-01-31,69250,2019-03-31,3,,,,,,,,,,,,,,,,,,,,,,,,,,,,,,,,,139628721,11928279,127732394,false,false,9,2018-04-01,2018-12-31,0
2019-01-31,69250,2018-03-31,3,,,,,,,,,,,,,,,,,,,,,,,,,,,,,,,,,,,127762946,false,false,9,2017-04-01,2017-12-31,-1
2019-05-10,69250,2019-03-31,,165138000000,-0.048,,,,,8517000000,-0.161,11439000000,-0.051,,11326000000,,88.85,,0.053,0.037,0.052,,306628000000,213254000000,0.695,1691.45,213101000000,8853000000,2719000000,-3916000000,74622000000,,0.563,,,,,,true,false,12,2018-04-01,2019-03-31,0
2019-05-10,69250,2018-03-31,,173497000000,0.004,,,,,10151000000,0.180,12050000000,0.095,,11001000000,,86.11,,0.051,0.039,0.059,,305303000000,215306000000,0.704,1683.42,215077000000,15567000000,4322000000,-3613000000,66035000000,,0.302,,,,,,true,false,12,2017-04-01,2018-03-31,-1
2019-05-10,69250,2020-03-31,,170000000000,0.029,,,,,10000000000,0.174,12000000000,0.049,,11500000000,,94.17,,,,,,,,,,,,,,,,0.531,,,,,,true,true,12,2019-04-01,2020-03-31,1
2019-05-10,69250,2019-03-31,,47113000000,-0.017,,,,,3140000000,-0.255,5349000000,-0.400,10358000000,,-0.290,81.26,,,,,,160533000000,122161000000,0.761,969.63,122161000000,,,,,50.00,,,,133628721,7641087,127466615,false,false,12,2018-04-01,2019-03-31,0
2019-05-10,69250,2018-03-31,,47917000000,-0.021,,,,,4216000000,4.403,8912000000,2.123,14580000000,,5.094,114.12,,,,,,161012000000,126976000000,0.789,993.85,126976000000,,,,,26.00,,,,139628721,11866293,127762858,false,false,12,2017-04-01,2018-03-31,-1
2019-05-10,69250,2020-03-31,,,,,,,,,,,,,,,,,,,,,,,,,,,,,,50.00,,,,,,,false,true,12,2019-04-01,2020-03-31,1
2019-07-31,69250,2020-03-31,1,38907000000,-0.026,,,,,2152000000,-0.153,2980000000,-0.247,,1253000000,,10.02,,,,,,291247000000,204327000000,0.701,,204213000000,,,,,,,,,,,,true,false,3,2019-04-01,2019-06-30,0
2019-07-31,69250,2019-03-31,1,39951000000,-0.042,,,,,2540000000,-0.097,3957000000,0.005,,2257000000,,17.67,,,,,,,,,,,,,,,,,,,,,,true,false,3,2018-04-01,2018-06-30,-1
2019-07-31,69250,2020-03-31,1,170000000000,0.029,,,,,10000000000,0.174,12000000000,0.049,,11500000000,,94.17,,,,,,,,,,,,,,,,,,,,,,true,true,12,2019-04-01,2020-03-31,0
2019-07-31,69250,2019-03-31,1,,,,,,,,,,,,,,,,,,,,306628000000,213254000000,0.695,,213101000000,,,,,,,,,,,,true,false,12,2018-04-01,2019-03-31,-1
2019-07-31,69250,2019-03-31,1,,,,,,,,,,,,,,,,,,,,,,,,,,,,,50.00,,,,133628721,7641087,,false,false,12,2018-04-01,2019-03-31,-1
2019-07-31,69250,2020-03-31,1,,,,,,,,,,,,,,,,,,,,,,,,,,,,,50.00,,,,,,,false,true,12,2019-04-01,2020-03-31,0
2019-07-31,69250,2020-03-31,1,,,,,,,,,,,,,,,,,,,,,,,,,,,,,,,,,133628721,9453421,125111996,false,false,3,2019-04-01,2019-06-30,0
2019-07-31,69250,2019-03-31,1,,,,,,,,,,,,,,,,,,,,,,,,,,,,,,,,,,,127762793,false,false,3,2018-04-01,2018-06-30,-1
2019-10-31,69250,2020-03-31,2,82005000000,-0.007,,,,,4863000000,-0.092,5870000000,-0.189,,3025000000,,24.41,,,,,,285568000000,203045000000,0.711,,202940000000,,,,,,,,,,,,true,false,6,2019-04-01,2019-09-30,0
2019-10-31,69250,2019-03-31,2,82603000000,-0.031,,,,,5356000000,-0.050,7240000000,0.031,,3508000000,,27.46,,,,,,,,,,,,,,,,,,,,,,true,false,6,2018-04-01,2018-09-30,-1
2019-10-31,69250,2020-03-31,2,170000000000,0.029,,,,,10000000000,0.174,12000000000,0.049,,11500000000,,94.17,,,,,,,,,,,,,,,,,,,,,,true,true,12,2019-04-01,2020-03-31,0
2019-10-31,69250,2019-03-31,2,,,,,,,,,,,,,,,,,,,,306628000000,213254000000,0.695,,213101000000,,,,,,,,,,,,true,false,12,2018-04-01,2019-03-31,-1
2019-10-31,69250,2019-03-31,2,,,,,,,,,,,,,,,,,,,,,,,,,,,,,50.00,,,,133628721,7641087,,false,false,12,2018-04-01,2019-03-31,-1
2019-10-31,69250,2020-03-31,2,,,,,,,,,,,,,,,,,,,,,,,,,,,,,50.00,,,,,,,false,true,12,2019-04-01,2020-03-31,0
2019-10-31,69250,2020-03-31,2,,,,,,,,,,,,,,,,,,,,,,,,,,,,,,,,,133628721,11846904,123929255,false,false,6,2019-04-01,2019-09-30,0
2019-10-31,69250,2019-03-31,2,,,,,,,,,,,,,,,,,,,,,,,,,,,,,,,,,,,127745985,false,false,6,2018-04-01,2018-09-30,-1
2020-01-31,69250,2020-03-31,3,120063000000,-0.019,,,,,6349000000,-0.081,8414000000,-0.114,,8821000000,,71.71,,,,,,292228000000,208263000000,0.712,,208164000000,,,,,,,,,,,,true,false,9,2019-04-01,2019-12-31,0
2020-01-31,69250,2019-03-31,3,122394000000,-0.057,,,,,6912000000,-0.195,9494000000,-0.123,,5675000000,,44.43,,,,,,,,,,,,,,,,,,,,,,true,false,9,2018-04-01,2018-12-31,-1
2020-01-31,69250,2020-03-31,3,170000000000,0.029,,,,,10000000000,0.174,12000000000,0.049,,11500000000,,94.17,,,,,,,,,,,,,,,,,,,,,,true,true,12,2019-04-01,2020-03-31,0
2020-01-31,69250,2019-03-31,3,,,,,,,,,,,,,,,,,,,,306628000000,213254000000,0.695,,213101000000,,,,,,,,,,,,true,false,12,2018-04-01,2019-03-31,-1
2020-01-31,69250,2019-03-31,3,,,,,,,,,,,,,,,,,,,,,,,,,,,,,50.00,,,,133628721,7641087,,false,false,12,2018-04-01,2019-03-31,-1
2020-01-31,69250,2020-03-31,3,,,,,,,,,,,,,,,,,,,,,,,,,,,,,50.00,,,,,,,false,true,12,2019-04-01,2020-03-31,0
2020-01-31,69250,2020-03-31,3,,,,,,,,,,,,,,,,,,,,,,,,,,,,,,,,,133628721,13111354,123006432,false,false,9,2019-04-01,2019-12-31,0
2020-01-31,69250,2019-03-31,3,,,,,,,,,,,,,,,,,,,,,,,,,,,,,,,,,,,127732394,false,false,9,2018-04-01,2018-12-31,-1
2020-03-27,69250,2020-03-31,,155000000000,-0.088,,,,,6000000000,-0.400,7500000000,-0.375,,7000000000,,57.17,,,,,,,,,,,,,,,,,,,,,,true,true,12,2019-04-01,2020-03-31,0
2020-03-27,69250,2019-03-31,,165138000000,,,,,,8517000000,,11439000000,,,11326000000,,88.85,,,,,,,,,,,,,,,,,,,,,,true,false,12,2018-04-01,2019-03-31,-1
2020-05-12,69250,2020-03-31,,159009000000,-0.037,,,,,6659000000,-0.218,8738000000,-0.236,,8967000000,,73.25,,0.043,0.030,0.042,,274904000000,200705000000,0.730,1664.60,200616000000,1179000000,4394000000,-20363000000,59046000000,,0.355,,,,,,true,false,12,2019-04-01,2020-03-31,0
2020-05-12,69250,2019-03-31,,165138000000,-0.048,,,,,8517000000,-0.161,11439000000,-0.051,,11326000000,,88.85,,0.053,0.037,0.052,,306628000000,213254000000,0.695,1691.45,213101000000,8853000000,2719000000,-3916000000,74622000000,,0.563,,,,,,true,false,12,2018-04-01,2019-03-31,-1
2020-05-12,69250,2020-03-31,,47285000000,0.004,,,,,953000000,-0.696,3767000000,-0.296,7352000000,,-0.290,60.06,,,,,,138723000000,113279000000,0.817,939.93,113279000000,,,,,26.00,,,,127000000,6480983,122432099,false,false,12,2019-04-01,2020-03-31,0
2020-05-12,69250,2019-03-31,,47113000000,-0.017,,,,,3140000000,-0.255,5349000000,-0.400,10358000000,,-0.290,81.26,,,,,,160533000000,122161000000,0.761,969.63,122161000000,,,,,50.00,,,,133628721,7641087,127466615,false,false,12,2018-04-01,2019-03-31,-1
2020-07-31,69250,2021-03-31,1,23686000000,-0.391,,,,,-742000000,,325000000,-0.891,,-1055000000,,-8.76,,,,,,274146000000,198961000000,0.725,,198878000000,,,,,,,,,,,,true,false,3,2020-04-01,2020-06-30,0
2020-07-31,69250,2020-03-31,1,38907000000,-0.026,,,,,2152000000,-0.153,2980000000,-0.247,,1253000000,,10.02,,,,,,,,,,,,,,,,,,,,,,true,false,3,2019-04-01,2019-06-30,-1
2020-07-31,69250,2021-03-31,1,125000000000,-0.214,,,,,-5000000000,,-3500000000,,,-7500000000,,-62.23,,,,,,,,,,,,,,,,,,,,,,true,true,12,2020-04-01,2021-03-31,0
2020-07-31,69250,2021-03-31,1,135000000000,-0.151,,,,,500000000,,2000000000,,,-2000000000,,-16.59,,,,,,,,,,,,,,,,,,,,,,true,true,12,2020-04-01,2021-03-31,0
2020-07-31,69250,2020-03-31,1,,,,,,,,,,,,,,,,,,,,274904000000,200705000000,0.730,,200616000000,,,,,,,,,,,,true,false,12,2019-04-01,2020-03-31,-1
2020-07-31,69250,2020-03-31,1,,,,,,,,,,,,,,,,,,,,,,,,,,,,,26.00,,,,127000000,6480983,,false,false,12,2019-04-01,2020-03-31,-1
2020-07-31,69250,2021-03-31,1,,,,,,,,,,,,,,,,,,,,,,,,,,,,,26.00,,,,,,,false,true,12,2020-04-01,2021-03-31,0
2020-07-31,69250,2021-03-31,1,,,,,,,,,,,,,,,,,,,,,,,,,,,,,,,,,127000000,6474011,120521947,false,false,3,2020-04-01,2020-06-30,0
2020-07-31,69250,2020-03-31,1,,,,,,,,,,,,,,,,,,,,,,,,,,,,,,,,,,,125111996,false,false,3,2019-04-01,2019-06-30,-1
2020-10-30,69250,2021-03-31,2,52021000000,-0.366,,,,,-1068000000,,403000000,-0.931,,-1971000000,,-16.36,,,,,,274647000000,196790000000,0.716,,196713000000,,,,,,,,,,,,true,false,6,2020-04-01,2020-09-30,0
2020-10-30,69250,2020-03-31,2,82005000000,-0.007,,,,,4863000000,-0.092,5870000000,-0.189,,3025000000,,24.41,,,,,,,,,,,,,,,,,,,,,,true,false,6,2019-04-01,2019-09-30,-1
2020-10-30,69250,2021-03-31,2,115000000000,-0.277,,,,,-4000000000,,-1500000000,-0.771,-5000000000,,,-41.48,,,,,,,,,,,,,,,,,,,,,,true,true,12,2020-04-01,2021-03-31,0
2020-10-30,69250,2021-03-31,2,123000000000,-0.226,,,,,-500000000,,2000000000,0.000,-1500000000,,,-12.44,,,,,,,,,,,,,,,,,,,,,,true,true,12,2020-04-01,2021-03-31,0
2020-10-30,69250,2020-03-31,2,,,,,,,,,,,,,,,,,,,,274904000000,200705000000,0.730,,200616000000,,,,,,,,,,,,true,false,12,2019-04-01,2020-03-31,-1
2020-10-30,69250,2020-03-31,2,,,,,,,,,,,,,,,,,,,,,,,,,,,,,26.00,,,,127000000,6480983,,false,false,12,2019-04-01,2020-03-31,-1
2020-10-30,69250,2021-03-31,2,,,,,,,,,,,,,,,,,,,,,,,,,,,,,26.00,,,,,,,false,true,12,2020-04-01,2021-03-31,0
2020-10-30,69250,2021-03-31,2,,,,,,,,,,,,,,,,,,,,,,,,,,,,,,,,,127000000,6451608,120529884,false,false,6,2020-04-01,2020-09-30,0
2020-10-30,69250,2020-03-31,2,,,,,,,,,,,,,,,,,,,,,,,,,,,,,,,,,,,123929255,false,false,6,2019-04-01,2019-09-30,-1
2021-01-29,69250,2021-03-31,3,82431000000,-0.313,,,,,-409000000,,1694000000,-0.799,,-1047000000,,-8.69,,,,,,278216000000,199489000000,0.717,,199427000000,,,,,,,,,,,,true,false,9,2020-04-01,2020-12-31,0
2021-01-29,69250,2020-03-31,3,120063000000,-0.019,,,,,6349000000,-0.081,8414000000,-0.114,,8821000000,,71.71,,,,,,,,,,,,,,,,,,,,,,true,false,9,2019-04-01,2019-12-31,-1
2021-01-29,69250,2021-03-31,3,115000000000,-0.277,,,,,-500000000,,1500000000,-0.828,-2000000000,,,-16.59,,,,,,,,,,,,,,,,,,,,,,true,true,12,2020-04-01,2021-03-31,0
2021-01-29,69250,2020-03-31,3,,,,,,,,,,,,,,,,,,,,274904000000,200705000000,0.730,,200616000000,,,,,,,,,,,,true,false,12,2019-04-01,2020-03-31,-1
2021-01-29,69250,2020-03-31,3,,,,,,,,,,,,,,,,,,,,,,,,,,,,,26.00,,,,127000000,6480983,,false,false,12,2019-04-01,2020-03-31,-1
2021-01-29,69250,2021-03-31,3,,,,,,,,,,,,,,,,,,,,,,,,,,,,,26.00,,,,,,,false,true,12,2020-04-01,2021-03-31,0
2021-01-29,69250,2021-03-31,3,,,,,,,,,,,,,,,,,,,,,,,,,,,,,,,,,127000000,6423512,120543965,false,false,9,2020-04-01,2020-12-31,0
2021-01-29,69250,2020-03-31,3,,,,,,,,,,,,,,,,,,,,,,,,,,,,,,,,,,,123006432,false,false,9,2019-04-01,2019-12-31,-1
2021-05-11,69250,2021-03-31,,118558000000,-0.254,,,,,764000000,-0.885,3407000000,-0.610,,-687000000,,-5.70,,-0.003,0.012,0.006,,290275000000,211180000000,0.727,1750.79,211102000000,14517000000,-3418000000,-784000000,70418000000,,,,,,,,true,false,12,2020-04-01,2021-03-31,0
2021-05-11,69250,2020-03-31,,159009000000,-0.037,,,,,6659000000,-0.218,8738000000,-0.236,,8967000000,,73.25,,0.043,0.030,0.042,,274904000000,200705000000,0.730,1664.60,200616000000,1179000000,4394000000,-20363000000,59046000000,,0.355,,,,,,true,false,12,2019-04-01,2020-03-31,-1
2021-05-11,69250,2022-03-31,,135000000000,0.139,,,,,5000000000,5.543,6000000000,0.761,4000000000,,,33.17,,,,,,,,,,,,,,,,0.784,,,,,,true,true,12,2021-04-01,2022-03-31,1
2021-05-11,69250,2021-03-31,,44172000000,-0.066,,,,,516000000,-0.458,3815000000,0.013,5359000000,,-0.271,44.46,,,,,,149898000000,120747000000,0.806,1001.42,120747000000,,,,,26.00,,,,127000000,6424307,120551331,false,false,12,2020-04-01,2021-03-31,0
2021-05-11,69250,2020-03-31,,47285000000,0.004,,,,,953000000,-0.696,3767000000,-0.296,7352000000,,-0.290,60.06,,,,,,138723000000,113279000000,0.817,939.93,113279000000,,,,,26.00,,,,127000000,6480983,122432099,false,false,12,2019-04-01,2020-03-31,-1
2021-05-11,69250,2022-03-31,,,,,,,,,,,,,,,,,,,,,,,,,,,,,,26.00,,,,,,,false,true,12,2021-04-01,2022-03-31,1
2021-06-29,69250,2022-03-31,,150000000000,0.111,,,,,9000000000,0.800,10500000000,0.750,,8000000000,,66.35,,,,,,,,,,,,,,,,,,,,,,true,true,12,2021-04-01,2022-03-31,0
2021-06-29,69250,2021-03-31,,118558000000,,,,,,764000000,,3407000000,,,-687000000,,-5.70,,,,,,,,,,,,,,,,,,,,,,true,false,12,2020-04-01,2021-03-31,-1
2021-08-03,69250,2022-03-31,1,34981000000,0.477,,,,,2574000000,,3308000000,9.151,,3378000000,,28.02,,,,,,293355000000,213825000000,0.729,,213748000000,,,,,,,,,,,,true,false,3,2021-04-01,2021-06-30,0
2021-08-03,69250,2021-03-31,1,23686000000,-0.391,,,,,-742000000,,325000000,-0.891,,-1055000000,,-8.76,,,,,,,,,,,,,,,,,,,,,,true,false,3,2020-04-01,2020-06-30,-1
2021-08-03,69250,2022-03-31,1,150000000000,0.265,,,,,9000000000,,10500000000,2.082,,8000000000,,66.35,,,,,,,,,,,,,,,,,,,,,,true,true,12,2021-04-01,2022-03-31,0
2021-08-03,69250,2021-03-31,1,,,,,,,,,,,,,,,,,,,,290275000000,211180000000,0.727,,211102000000,,,,,,,,,,,,true,false,12,2020-04-01,2021-03-31,-1
2021-08-03,69250,2021-03-31,1,,,,,,,,,,,,,,,,,,,,,,,,,,,,,26.00,,,,127000000,6424307,,false,false,12,2020-04-01,2021-03-31,-1
2021-08-03,69250,2022-03-31,1,,,,,,,,,,,,,,,,,,,,,,,,,,,,,26.00,,,,,,,false,true,12,2021-04-01,2022-03-31,0
2021-08-03,69250,2022-03-31,1,,,,,,,,,,,,,,,,,,,,,,,,,,,,,,,,,127000000,6419391,120576880,false,false,3,2021-04-01,2021-06-30,0
2021-08-03,69250,2021-03-31,1,,,,,,,,,,,,,,,,,,,,,,,,,,,,,,,,,,,120521947,false,false,3,2020-04-01,2020-06-30,-1
2021-11-02,69250,2022-03-31,2,71594000000,0.376,,,,,6566000000,,7682000000,,,6506000000,,53.96,,,,,,294829000000,219268000000,0.743,,219194000000,,,,,,,,,,,,true,false,6,2021-04-01,2021-09-30,0
2021-11-02,69250,2021-03-31,2,52021000000,-0.366,,,,,-1068000000,,403000000,-0.931,,-1971000000,,-16.36,,,,,,,,,,,,,,,,,,,,,,true,false,6,2020-04-01,2020-09-30,-1
2021-11-02,69250,2022-03-31,2,150000000000,0.265,,,,,11000000000,,12500000000,2.669,,10000000000,,82.93,,,,,,,,,,,,,,,,,,,,,,true,true,12,2021-04-01,2022-03-31,0
2021-11-02,69250,2021-03-31,2,,,,,,,,,,,,,,,,,,,,290275000000,211180000000,0.727,,211102000000,,,,,,,,,,,,true,false,12,2020-04-01,2021-03-31,-1
2021-11-02,69250,2021-03-31,2,,,,,,,,,,,,,,,,,,,,,,,,,,,,,26.00,,,,127000000,6424307,,false,false,12,2020-04-01,2021-03-31,-1
2021-11-02,69250,2022-03-31,2,,,,,,,,,,,,,,,,,,,,,,,,,,,,,26.00,,,,,,,false,true,12,2021-04-01,2022-03-31,0
2021-11-02,69250,2022-03-31,2,,,,,,,,,,,,,,,,,,,,,,,,,,,,,,,,,127000000,6408503,120583254,false,false,6,2021-04-01,2021-09-30,0
2021-11-02,69250,2021-03-31,2,,,,,,,,,,,,,,,,,,,,,,,,,,,,,,,,,,,120529884,false,false,6,2020-04-01,2020-09-30,-1
2022-02-03,69250,2022-03-31,3,109714000000,0.331,,,,,10807000000,,12562000000,6.415,,10187000000,,84.48,,,,,,304744000000,225150000000,0.739,,225071000000,,,,,,,,,,,,true,false,9,2021-04-01,2021-12-31,0
2022-02-03,69250,2021-03-31,3,82431000000,-0.313,,,,,-409000000,,1694000000,-0.799,,-1047000000,,-8.69,,,,,,,,,,,,,,,,,,,,,,true,false,9,2020-04-01,2020-12-31,-1
2022-02-03,69250,2022-03-31,3,150000000000,0.265,,,,,12500000000,,14000000000,3.109,,11000000000,,91.22,,,,,,,,,,,,,,,,,,,,,,true,true,12,2021-04-01,2022-03-31,0
2022-02-03,69250,2021-03-31,3,,,,,,,,,,,,,,,,,,,,290275000000,211180000000,0.727,,211102000000,,,,,,,,,,,,true,false,12,2020-04-01,2021-03-31,-1
2022-02-03,69250,2021-03-31,3,,,,,,,,,,,,,,,,,,,,,,,,,,,,,26.00,,,,127000000,6424307,,false,false,12,2020-04-01,2021-03-31,-1
2022-02-03,69250,2022-03-31,3,,,,,,,,,,,,,,,,,,,,,,,,,,,,,50.00,,,,,,,false,true,12,2021-04-01,2022-03-31,0
2022-02-03,69250,2022-03-31,3,,,,,,,,,,,,,,,,,,,,,,,,,,,,,,,,,127000000,6409173,120585588,false,false,9,2021-04-01,2021-12-31,0
2022-02-03,69250,2021-03-31,3,,,,,,,,,,,,,,,,,,,,,,,,,,,,,,,,,,,120543965,false,false,9,2020-04-01,2020-12-31,-1
2022-05-11,69250,2022-03-31,,148821000000,0.255,,,,,13068000000,,15195000000,3.460,,12606000000,,104.54,,0.057,0.050,0.088,,321096000000,235202000000,0.732,1949.73,235118000000,21628000000,-5519000000,-10625000000,81619000000,,0.478,,,,,,true,false,12,2021-04-01,2022-03-31,0
2022-05-11,69250,2021-03-31,,118558000000,-0.254,,,,,764000000,-0.885,3407000000,-0.610,,-687000000,,-5.70,,-0.003,0.012,0.006,,290275000000,211180000000,0.727,1750.79,211102000000,14517000000,-3418000000,-784000000,70418000000,,,,,,,,true,false,12,2020-04-01,2021-03-31,-1
2022-05-11,69250,2023-03-31,,170000000000,0.142,,,,,17000000000,0.301,18500000000,0.217,,14000000000,,117.79,,,,,,,,,,,,,,,,0.424,,,,,,true,true,12,2022-04-01,2023-03-31,1
2022-05-11,69250,2022-03-31,,60061000000,0.360,,,,,5596000000,9.833,9055000000,1.373,7546000000,,0.408,62.58,,,,,,165251000000,128910000000,0.780,1069.00,128910000000,,,,,50.00,,,,127000000,6409833,120586712,false,false,12,2021-04-01,2022-03-31,0
2022-05-11,69250,2021-03-31,,44172000000,-0.066,,,,,516000000,-0.458,3815000000,0.013,5359000000,,-0.271,44.46,,,,,,149898000000,120747000000,0.806,1001.42,120747000000,,,,,26.00,,,,127000000,6424307,120551331,false,false,12,2020-04-01,2021-03-31,-1
2022-05-11,69250,2023-03-31,,,,,,,,,,,,,,,,,,,,,,,,,,,,,,50.00,,,,,,,false,true,12,2022-04-01,2023-03-31,1
2022-08-02,69250,2023-03-31,1,39728000000,0.136,,,,,4477000000,0.739,6293000000,0.902,,3858000000,,32.18,,,,,,330965000000,239355000000,0.723,,239263000000,,,,,,,,,,,,true,false,3,2022-04-01,2022-06-30,0
2022-08-02,69250,2022-03-31,1,34981000000,0.477,,,,,2574000000,,3308000000,9.151,,3378000000,,28.02,,,,,,,,,,,,,,,,,,,,,,true,false,3,2021-04-01,2021-06-30,-1
2022-08-02,69250,2023-03-31,1,170000000000,0.142,,,,,17000000000,0.301,18500000000,0.217,,14000000000,,117.79,,,,,,,,,,,,,,,,,,,,,,true,true,12,2022-04-01,2023-03-31,0
2022-08-02,69250,2022-03-31,1,,,,,,,,,,,,,,,,,,,,321096000000,235202000000,0.732,,235118000000,,,,,,,,,,,,true,false,12,2021-04-01,2022-03-31,-1
2022-08-02,69250,2022-03-31,1,,,,,,,,,,,,,,,,,,,,,,,,,,,,,50.00,,,,127000000,6409833,,false,false,12,2021-04-01,2022-03-31,-1
2022-08-02,69250,2023-03-31,1,,,,,,,,,,,,,,,,,,,,,,,,,,,,,50.00,,,,,,,false,true,12,2022-04-01,2023-03-31,0
2022-08-02,69250,2023-03-31,1,,,,,,,,,,,,,,,,,,,,,,,,,,,,,,,,,127000000,8271465,119914515,false,false,3,2022-04-01,2022-06-30,0
2022-08-02,69250,2022-03-31,1,,,,,,,,,,,,,,,,,,,,,,,,,,,,,,,,,,,120576880,false,false,3,2021-04-01,2021-06-30,-1
2022-11-02,69250,2023-03-31,2,87955000000,0.229,,,,,10111000000,0.540,13642000000,0.776,,9512000000,,79.91,,,,,,334889000000,246172000000,0.735,,246073000000,,,,,,,,,,,,true,false,6,2022-04-01,2022-09-30,0
2022-11-02,69250,2022-03-31,2,71594000000,0.376,,,,,6566000000,,7682000000,,,6506000000,,53.96,,,,,,,,,,,,,,,,,,,,,,true,false,6,2021-04-01,2021-09-30,-1
2022-11-02,69250,2023-03-31,2,170000000000,0.142,,,,,17000000000,0.301,18500000000,0.217,,14000000000,,117.79,,,,,,,,,,,,,,,,,,,,,,true,true,12,2022-04-01,2023-03-31,0
2022-11-02,69250,2022-03-31,2,,,,,,,,,,,,,,,,,,,,321096000000,235202000000,0.732,,235118000000,,,,,,,,,,,,true,false,12,2021-04-01,2022-03-31,-1
2022-11-02,69250,2022-03-31,2,,,,,,,,,,,,,,,,,,,,,,,,,,,,,50.00,,,,127000000,6409833,,false,false,12,2021-04-01,2022-03-31,-1
2022-11-02,69250,2023-03-31,2,,,,,,,,,,,,,,,,,,,,,,,,,,,,,50.00,,,,,,,false,true,12,2022-04-01,2023-03-31,0
2022-11-02,69250,2023-03-31,2,,,,,,,,,,,,,,,,,,,,,,,,,,,,,,,,,127000000,9322407,119046515,false,false,6,2022-04-01,2022-09-30,0
2022-11-02,69250,2022-03-31,2,,,,,,,,,,,,,,,,,,,,,,,,,,,,,,,,,,,120583254,false,false,6,2021-04-01,2021-09-30,-1
2023-02-03,69250,2023-03-31,3,128362000000,0.170,,,,,13527000000,0.252,18039000000,0.436,,12078000000,,101.81,,,,,,317768000000,239022000000,0.752,,238934000000,,,,,,,,,,,,true,false,9,2022-04-01,2022-12-31,0
2023-02-03,69250,2022-03-31,3,109714000000,0.331,,,,,10807000000,,12562000000,6.415,,10187000000,,84.48,,,,,,,,,,,,,,,,,,,,,,true,false,9,2021-04-01,2021-12-31,-1
2023-02-03,69250,2023-03-31,3,170000000000,0.142,,,,,15000000000,0.148,19500000000,0.283,,13000000000,,109.78,,,,,,,,,,,,,,,,,,,,,,true,true,12,2022-04-01,2023-03-31,0
2023-02-03,69250,2022-03-31,3,,,,,,,,,,,,,,,,,,,,321096000000,235202000000,0.732,,235118000000,,,,,,,,,,,,true,false,12,2021-04-01,2022-03-31,-1
2023-02-03,69250,2022-03-31,3,,,,,,,,,,,,,,,,,,,,,,,,,,,,,50.00,,,,127000000,6409833,,false,false,12,2021-04-01,2022-03-31,-1
2023-02-03,69250,2023-03-31,3,,,,,,,,,,,,,,,,,,,,,,,,,,,,,50.00,,,,,,,false,true,12,2022-04-01,2023-03-31,0
2023-02-03,69250,2023-03-31,3,,,,,,,,,,,,,,,,,,,,,,,,,,,,,,,,,127000000,9323080,118635701,false,false,9,2022-04-01,2022-12-31,0
2023-02-03,69250,2022-03-31,3,,,,,,,,,,,,,,,,,,,,,,,,,,,,,,,,,,,120585588,false,false,9,2021-04-01,2021-12-31,-1
2023-05-11,69250,2023-03-31,,175025000000,0.176,,,,,15861000000,0.214,20144000000,0.326,,13699000000,,115.69,,0.057,0.062,0.091,,323622000000,244105000000,0.754,2074.27,244092000000,871000000,-1175000000,-26811000000,57516000000,,0.432,,,,,,true,false,12,2022-04-01,2023-03-31,0
2023-05-11,69250,2022-03-31,,148821000000,0.255,,,,,13068000000,,15195000000,3.460,,12606000000,,104.54,,0.057,0.050,0.088,,321096000000,235202000000,0.732,1949.73,235118000000,21628000000,-5519000000,-10625000000,81619000000,,0.478,,,,,,true,false,12,2021-04-01,2022-03-31,-1
2023-05-11,69250,2024-03-31,,188000000000,0.074,,,,,12500000000,-0.212,14000000000,-0.305,,10000000000,,90.58,,,,,,,,,,,,,,,,0.552,,,,,,true,true,12,2023-04-01,2024-03-31,1
2023-05-11,69250,2023-03-31,,69421000000,0.156,,,,,7427000000,0.327,13683000000,0.511,13928000000,,0.846,117.63,,,,,,170907000000,131097000000,0.767,1114.05,131097000000,,,,,50.00,,,,123500000,5823752,118414343,false,false,12,2022-04-01,2023-03-31,0
2023-05-11,69250,2022-03-31,,60061000000,0.360,,,,,5596000000,9.833,9055000000,1.373,7546000000,,0.408,62.58,,,,,,165251000000,128910000000,0.780,1069.00,128910000000,,,,,50.00,,,,127000000,6409833,120586712,false,false,12,2021-04-01,2022-03-31,-1
2023-05-11,69250,2024-03-31,,,,,,,,,,,,,,,,,,,,,,,,,,,,,,50.00,,,,,,,false,true,12,2023-04-01,2024-03-31,1
2023-08-07,69250,2024-03-31,1,39281000000,-0.011,,,,,2055000000,-0.541,2825000000,-0.551,,1794000000,,15.36,,,,,,343012000000,249264000000,0.727,,249253000000,,,,,,,,,,,,true,false,3,2023-04-01,2023-06-30,0
2023-08-07,69250,2023-03-31,1,39728000000,0.136,,,,,4477000000,0.739,6293000000,0.902,,3858000000,,32.18,,,,,,,,,,,,,,,,,,,,,,true,false,3,2022-04-01,2022-06-30,-1
2023-08-07,69250,2024-03-31,1,188000000000,0.074,,,,,12500000000,-0.212,14000000000,-0.305,,10000000000,,90.58,,,,,,,,,,,,,,,,,,,,,,true,true,12,2023-04-01,2024-03-31,0
2023-08-07,69250,2023-03-31,1,,,,,,,,,,,,,,,,,,,,323622000000,244105000000,0.754,,244092000000,,,,,,,,,,,,true,false,12,2022-04-01,2023-03-31,-1
2023-08-07,69250,2023-03-31,1,,,,,,,,,,,,,,,,,,,,,,,,,,,,,50.00,,,,123500000,5823752,,false,false,12,2022-04-01,2023-03-31,-1
2023-08-07,69250,2024-03-31,1,,,,,,,,,,,,,,,,,,,,,,,,,,,,,50.00,,,,,,,false,true,12,2023-04-01,2024-03-31,0
2023-08-07,69250,2024-03-31,1,,,,,,,,,,,,,,,,,,,,,,,,,,,,,,,,,123500000,8428541,116841430,false,false,3,2023-04-01,2023-06-30,0
2023-08-07,69250,2023-03-31,1,,,,,,,,,,,,,,,,,,,,,,,,,,,,,,,,,,,119914515,false,false,3,2022-04-01,2022-06-30,-1
2023-11-06,69250,2024-03-31,2,85003000000,-0.034,,,,,4969000000,-0.509,6288000000,-0.539,,4259000000,,36.92,,,,,,360463000000,248595000000,0.690,,248584000000,,,,,,,,,,,,true,false,6,2023-04-01,2023-09-30,0
2023-11-06,69250,2023-03-31,2,87955000000,0.229,,,,,10111000000,0.540,13642000000,0.776,,9512000000,,79.91,,,,,,,,,,,,,,,,,,,,,,true,false,6,2022-04-01,2022-09-30,-1
2023-11-06,69250,2024-03-31,2,188000000000,0.074,,,,,12500000000,-0.212,14000000000,-0.305,,10000000000,,90.58,,,,,,,,,,,,,,,,,,,,,,true,true,12,2023-04-01,2024-03-31,0
2023-11-06,69250,2023-03-31,2,,,,,,,,,,,,,,,,,,,,323622000000,244105000000,0.754,,244092000000,,,,,,,,,,,,true,false,12,2022-04-01,2023-03-31,-1
2023-11-06,69250,2023-03-31,2,,,,,,,,,,,,,,,,,,,,,,,,,,,,,50.00,,,,123500000,5823752,,false,false,12,2022-04-01,2023-03-31,-1
2023-11-06,69250,2024-03-31,2,,,,,,,,,,,,,,,,,,,,,,,,,,,,,50.00,,,,,,,false,true,12,2023-04-01,2024-03-31,0
2023-11-06,69250,2024-03-31,2,,,,,,,,,,,,,,,,,,,,,,,,,,,,,,,,,123500000,11747310,115370026,false,false,6,2023-04-01,2023-09-30,0
2023-11-06,69250,2023-03-31,2,,,,,,,,,,,,,,,,,,,,,,,,,,,,,,,,,,,119046515,false,false,6,2022-04-01,2022-09-30,-1
2024-02-09,69250,2024-03-31,3,132510000000,0.032,,,,,10206000000,-0.245,12615000000,-0.301,,8691000000,,76.84,,,,,,341894000000,237816000000,0.696,,237805000000,,,,,,,,,,,,true,false,9,2023-04-01,2023-12-31,0
2024-02-09,69250,2023-03-31,3,128362000000,0.170,,,,,13527000000,0.252,18039000000,0.436,,12078000000,,101.81,,,,,,,,,,,,,,,,,,,,,,true,false,9,2022-04-01,2022-12-31,-1
2024-02-09,69250,2024-03-31,3,178000000000,0.017,,,,,12500000000,-0.212,14000000000,-0.305,,10000000000,,90.58,,,,,,,,,,,,,,,,,,,,,,true,true,12,2023-04-01,2024-03-31,0
2024-02-09,69250,2023-03-31,3,,,,,,,,,,,,,,,,,,,,323622000000,244105000000,0.754,,244092000000,,,,,,,,,,,,true,false,12,2022-04-01,2023-03-31,-1
2024-02-09,69250,2023-03-31,3,,,,,,,,,,,,,,,,,,,,,,,,,,,,,50.00,,,,123500000,5823752,,false,false,12,2022-04-01,2023-03-31,-1
2024-02-09,69250,2024-03-31,3,,,,,,,,,,,,,,,,,,,,,,,,,,,,,50.00,,,,,,,false,true,12,2023-04-01,2024-03-31,0
2024-02-09,69250,2024-03-31,3,,,,,,,,,,,,,,,,,,,,,,,,,,,,,,,,,123500000,16875447,113115750,false,false,9,2023-04-01,2023-12-31,0
2024-02-09,69250,2023-03-31,3,,,,,,,,,,,,,,,,,,,,,,,,,,,,,,,,,,,118635701,false,false,9,2022-04-01,2022-12-31,-1
2024-05-14,69250,2024-03-31,,179420000000,0.025,,,,,12976000000,-0.182,16088000000,-0.201,,10785000000,,97.22,,0.045,0.049,0.072,,337546000000,236975000000,0.702,2313.48,236963000000,8966000000,5394000000,-13489000000,62498000000,,0.514,,,,,,true,false,12,2023-04-01,2024-03-31,0
2024-05-14,69250,2023-03-31,,175025000000,0.176,,,,,15861000000,0.214,20144000000,0.326,,13699000000,,115.69,,0.057,0.062,0.091,,323622000000,244105000000,0.754,2074.27,244092000000,871000000,-1175000000,-26811000000,57516000000,,0.432,,,,,,true,false,12,2022-04-01,2023-03-31,-1
2024-05-14,69250,2025-03-31,,175000000000,-0.025,,,,,5000000000,-0.615,6500000000,-0.596,,4500000000,,46.79,,,,,,,,,,,,,,,,1.496,,,,,,true,true,12,2024-04-01,2025-03-31,1
2024-05-14,69250,2024-03-31,,66051000000,-0.049,,,,,873000000,-0.882,20433000000,0.493,20010000000,,0.437,180.39,,,,,,178089000000,115497000000,0.649,1127.60,115497000000,,,,,50.00,,,,107500000,5072501,110933321,false,false,12,2023-04-01,2024-03-31,0
2024-05-14,69250,2023-03-31,,69421000000,0.156,,,,,7427000000,0.327,13683000000,0.511,13928000000,,0.846,117.63,,,,,,170907000000,131097000000,0.767,1114.05,131097000000,,,,,50.00,,,,123500000,5823752,118414343,false,false,12,2022-04-01,2023-03-31,-1
2024-05-14,69250,2025-03-31,,,,,,,,,,,,,,,,,,,,,,,,,,,,,,70.00,,,,,,,false,true,12,2024-04-01,2025-03-31,1
2024-08-05,69250,2025-03-31,1,37539000000,-0.044,,,,,342000000,-0.833,1459000000,-0.484,,297000000,,2.92,,,,,,339337000000,235253000000,0.693,,235244000000,,,,,,,,,,,,true,false,3,2024-04-01,2024-06-30,0
2024-08-05,69250,2024-03-31,1,39281000000,-0.011,,,,,2055000000,-0.541,2825000000,-0.551,,1794000000,,15.36,,,,,,,,,,,,,,,,,,,,,,true,false,3,2023-04-01,2023-06-30,-1
2024-08-05,69250,2025-03-31,1,175000000000,-0.025,,,,,5000000000,-0.615,6500000000,-0.596,,4500000000,,46.79,,,,,,,,,,,,,,,,,,,,,,true,true,12,2024-04-01,2025-03-31,0
2024-08-05,69250,2024-03-31,1,,,,,,,,,,,,,,,,,,,,337546000000,236975000000,0.702,,236963000000,,,,,,,,,,,,true,false,12,2023-04-01,2024-03-31,-1
2024-08-05,69250,2024-03-31,1,,,,,,,,,,,,,,,,,,,,,,,,,,,,,50.00,,,,107500000,5072501,,false,false,12,2023-04-01,2024-03-31,-1
2024-08-05,69250,2025-03-31,1,,,,,,,,,,,,,,,,,,,,,,,,,,,,,70.00,,,,,,,false,true,12,2024-04-01,2025-03-31,0
2024-08-05,69250,2025-03-31,1,,,,,,,,,,,,,,,,,,,,,,,,,,,,,,,,,107500000,6958879,101845021,false,false,3,2024-04-01,2024-06-30,0
2024-08-05,69250,2024-03-31,1,,,,,,,,,,,,,,,,,,,,,,,,,,,,,,,,,,,116841430,false,false,3,2023-04-01,2023-06-30,-1
2024-11-06,69250,2025-03-31,2,85643000000,0.008,,,,,4270000000,-0.141,5445000000,-0.134,,2304000000,,22.95,,,,,,316803000000,217708000000,0.687,,217699000000,,,,,,,,,,,,true,false,6,2024-04-01,2024-09-30,0
2024-11-06,69250,2024-03-31,2,85003000000,-0.034,,,,,4969000000,-0.509,6288000000,-0.539,,4259000000,,36.92,,,,,,,,,,,,,,,,,,,,,,true,false,6,2023-04-01,2023-09-30,-1
2024-11-06,69250,2025-03-31,2,175000000000,-0.025,,,,,7500000000,-0.422,9500000000,-0.410,,6000000000,,62.39,,,,,,,,,,,,,,,,,,,,,,true,true,12,2024-04-01,2025-03-31,0
2024-11-06,69250,2024-03-31,2,,,,,,,,,,,,,,,,,,,,337546000000,236975000000,0.702,,236963000000,,,,,,,,,,,,true,false,12,2023-04-01,2024-03-31,-1
2024-11-06,69250,2024-03-31,2,,,,,,,,,,,,,,,,,,,,,,,,,,,,,50.00,,,,107500000,5072501,,false,false,12,2023-04-01,2024-03-31,-1
2024-11-06,69250,2025-03-31,2,,,,,,,,,,,,,,,,,,,,,,,,,,,,,70.00,,,,,,,false,true,12,2024-04-01,2025-03-31,0
2024-11-06,69250,2025-03-31,2,,,,,,,,,,,,,,,,,,,,,,,,,,,,,,,,,107500000,9984087,100411773,false,false,6,2024-04-01,2024-09-30,0
2024-11-06,69250,2024-03-31,2,,,,,,,,,,,,,,,,,,,,,,,,,,,,,,,,,,,115370026,false,false,6,2023-04-01,2023-09-30,-1
2025-02-07,69250,2025-03-31,3,128099000000,-0.033,,,,,7395000000,-0.275,10461000000,-0.171,,5747000000,,58.22,,,,,,325640000000,221958000000,0.682,,221948000000,,,,,,,,,,,,true,false,9,2024-04-01,2024-12-31,0
2025-02-07,69250,2024-03-31,3,132510000000,0.032,,,,,10206000000,-0.245,12615000000,-0.301,,8691000000,,76.84,,,,,,,,,,,,,,,,,,,,,,true,false,9,2023-04-01,2023-12-31,-1
2025-02-07,69250,2025-03-31,3,175000000000,-0.025,,,,,7500000000,-0.422,9500000000,-0.410,,6000000000,,62.39,,,,,,,,,,,,,,,,,,,,,,true,true,12,2024-04-01,2025-03-31,0
2025-02-07,69250,2024-03-31,3,,,,,,,,,,,,,,,,,,,,337546000000,236975000000,0.702,,236963000000,,,,,,,,,,,,true,false,12,2023-04-01,2024-03-31,-1
2025-02-07,69250,2024-03-31,3,,,,,,,,,,,,,,,,,,,,,,,,,,,,,50.00,,,,107500000,5072501,,false,false,12,2023-04-01,2024-03-31,-1
2025-02-07,69250,2025-03-31,3,,,,,,,,,,,,,,,,,,,,,,,,,,,,,70.00,,,,,,,false,true,12,2024-04-01,2025-03-31,0
2025-02-07,69250,2025-03-31,3,,,,,,,,,,,,,,,,,,,,,,,,,,,,,,,,,107500000,14418889,98718071,false,false,9,2024-04-01,2024-12-31,0
2025-02-07,69250,2024-03-31,3,,,,,,,,,,,,,,,,,,,,,,,,,,,,,,,,,,,113115750,false,false,9,2023-04-01,2023-12-31,-1
2025-05-13,69250,2025-03-31,,177616000000,-0.010,,,,,8825000000,-0.320,12451000000,-0.226,,6797000000,,70.27,,0.031,0.039,0.050,,297304000000,200509000000,0.674,2263.23,200499000000,20424000000,2719000000,-24993000000,59995000000,,0.996,,,,,,true,false,12,2024-04-01,2025-03-31,0
2025-05-13,69250,2024-03-31,,179420000000,0.025,,,,,12976000000,-0.182,16088000000,-0.201,,10785000000,,97.22,,0.045,0.049,0.072,,337546000000,236975000000,0.702,2313.48,236963000000,8966000000,5394000000,-13489000000,62498000000,,0.514,,,,,,true,false,12,2023-04-01,2024-03-31,-1
2025-05-13,69250,2026-03-31,,170000000000,-0.043,,,,,10000000000,0.133,10500000000,-0.157,,7000000000,,79.45,,,,,,,,,,,,,,,,0.881,,,,,,true,true,12,2025-04-01,2026-03-31,1
2025-05-13,69250,2025-03-31,,63442000000,-0.040,,,,,535000000,-0.387,23092000000,0.130,27712000000,,0.385,286.49,,,,,,166332000000,101248000000,0.609,1142.88,101248000000,,,,,70.00,,,,92500000,3910017,96729678,false,false,12,2024-04-01,2025-03-31,0
2025-05-13,69250,2024-03-31,,66051000000,-0.049,,,,,873000000,-0.882,20433000000,0.493,20010000000,,0.437,180.39,,,,,,178089000000,115497000000,0.649,1127.60,115497000000,,,,,50.00,,,,107500000,5072501,110933321,false,false,12,2023-04-01,2024-03-31,-1
2025-05-13,69250,2026-03-31,,,,,,,,,,,,,,,,,,,,,,,,,,,,,,70.00,,,,,,,false,true,12,2025-04-01,2026-03-31,1
