filing_date,code,fiscal_year_end,quarterly_period,net_sales,net_sales_change,revenue,revenue_change,operating_revenue,operating_revenue_change,operating_profit,operating_profit_change,ordinary_profit,ordinary_profit_change,net_income,net_income_of_parent,net_income_change,eps,diluted_eps,roe,roa,operating_profit_to_net_sales,operating_profit_to_revenue,total_assets,net_assets,equity_ratio,bps,owner_equity,operating_cash_flow,investing_cash_flow,financing_cash_flow,cash,dividend_per_share,payout_ratio,commemorative_dividend,extra_dividend,number_of_shares,number_of_treqsury_shares,avg_number_of_shares,is_consolidated,is_forecast,duration,period_start,period_end,period_pos
2015-04-30,69320,2015-03-31,,40138000000,0.032,,,,,347000000,-0.880,2147000000,-0.473,1585000000,,-0.272,107.30,,0.063,0.038,0.009,,60229000000,26005000000,0.432,1759.81,26003000000,5877000000,-11042000000,6321000000,7717000000,,0.466,,,,,,true,false,12,2014-04-01,2015-03-31,0
2015-04-30,69320,2014-03-31,,38887000000,-0.024,,,,,2882000000,-0.602,4075000000,-0.498,2177000000,,-0.677,147.36,,0.096,0.084,0.074,,52052000000,24092000000,0.463,1629.66,24080000000,1685000000,-7394000000,4548000000,5796000000,,0.339,,,,,,true,false,12,2013-04-01,2014-03-31,-1
2015-04-30,69320,2016-03-31,,22400000000,0.216,,,,,700000000,1.029,800000000,-0.020,,400000000,,27.07,,,,,,,,,,,,,,,,,,,,,,true,true,6,2015-04-01,2015-09-30,1
2015-04-30,69320,2016-03-31,,47300000000,0.178,,,,,2200000000,5.339,2400000000,0.118,,1200000000,,81.21,,,,,,,,,,,,,,,,0.616,,,,,,true,true,12,2015-04-01,2016-03-31,1
2015-04-30,69320,2015-03-31,,32493000000,-0.082,,,,,-1644000000,,679000000,-0.698,479000000,,-0.383,32.47,,,,,,41615000000,17277000000,0.415,1169.24,17277000000,,,,,50.00,,,,14776321,93,14776267,false,false,12,2014-04-01,2015-03-31,0
2015-04-30,69320,2014-03-31,,35390000000,-0.053,,,,,1256000000,-0.750,2247000000,-0.611,778000000,,-0.798,52.66,,,,,,37017000000,17524000000,0.473,1186.00,17524000000,,,,,50.00,,,,14776321,50,14776271,false,false,12,2013-04-01,2014-03-31,-1
2015-04-30,69320,2016-03-31,,15500000000,-0.044,,,,,,,110000000,,70000000,,,4.74,,,,,,,,,,,,,,,,,,,,,,false,true,6,2015-04-01,2015-09-30,1
2015-04-30,69320,2016-03-31,,32500000000,0.000,,,,,,,700000000,0.031,400000000,,-0.166,27.07,,,,,,,,,,,,,,,50.00,,,,,,,false,true,12,2015-04-01,2016-03-31,1
2015-07-31,69320,2016-03-31,1,9596000000,0.280,,,,,-451000000,,-224000000,,,-270000000,,-18.34,,,,,,61315000000,25408000000,0.414,,25407000000,,,,,,,,,,,,true,false,3,2015-04-01,2015-06-30,0
2015-07-31,69320,2015-03-31,1,7497000000,-0.120,,,,,-356000000,,-444000000,,,-387000000,,-26.25,,,,,,,,,,,,,,,,,,,,,,true,false,3,2014-04-01,2014-06-30,-1
2015-07-31,69320,2016-03-31,1,22400000000,0.216,,,,,700000000,1.029,800000000,-0.020,,400000000,,27.07,,,,,,,,,,,,,,,,,,,,,,true,true,6,2015-04-01,2015-09-30,0
2015-07-31,69320,2016-03-31,1,47300000000,0.178,,,,,2200000000,5.339,2400000000,0.118,,1200000000,,81.21,,,,,,,,,,,,,,,,,,,,,,true,true,12,2015-04-01,2016-03-31,0
2015-07-31,69320,2015-03-31,1,,,,,,,,,,,,,,,,,,,,60229000000,26005000000,0.432,,26003000000,,,,,,,,,,,,true,false,12,2014-04-01,2015-03-31,-1
2015-07-31,69320,2015-03-31,1,,,,,,,,,,,,,,,,,,,,,,,,,,,,,50.00,,,,14776321,93,,false,false,12,2014-04-01,2015-03-31,-1
2015-07-31,69320,2016-03-31,1,,,,,,,,,,,,,,,,,,,,,,,,,,,,,50.00,,,,,,,false,true,12,2015-04-01,2016-03-31,0
2015-07-31,69320,2016-03-31,1,,,,,,,,,,,,,,,,,,,,,,,,,,,,,,,,,14776321,93,14776228,false,false,3,2015-04-01,2015-06-30,0
2015-07-31,69320,2015-03-31,1,,,,,,,,,,,,,,,,,,,,,,,,,,,,,,,,,,,14776271,false,false,3,2014-04-01,2014-06-30,-1
2015-10-30,69320,2016-03-31,2,21014000000,0.140,,,,,141000000,-0.591,323000000,-0.603,,-455000000,,-30.83,,,,,,62833000000,25512000000,0.406,,25506000000,,,,,,,,,,,,true,false,6,2015-04-01,2015-09-30,0
2015-10-30,69320,2015-03-31,2,18427000000,0.051,,,,,345000000,-0.691,816000000,-0.565,,760000000,,51.44,,,,,,,,,,,,,,,,,,,,,,true,false,6,2014-04-01,2014-09-30,-1
2015-10-30,69320,2016-03-31,2,45000000000,0.121,,,,,1300000000,2.746,1500000000,-0.301,,450000000,,30.45,,,,,,,,,,,,,,,,,,,,,,true,true,12,2015-04-01,2016-03-31,0
2015-10-30,69320,2015-03-31,2,,,,,,,,,,,,,,,,,,,,60229000000,26005000000,0.432,,26003000000,,,,,,,,,,,,true,false,12,2014-04-01,2015-03-31,-1
2015-10-30,69320,2015-03-31,2,,,,,,,,,,,,,,,,,,,,,,,,,,,,,50.00,,,,14776321,93,,false,false,12,2014-04-01,2015-03-31,-1
2015-10-30,69320,2016-03-31,2,,,,,,,,,,,,,,,,,,,,,,,,,,,,,25.00,,,,,,,false,false,12,2015-04-01,2016-03-31,0
2015-10-30,69320,2016-03-31,2,,,,,,,,,,,,,,,,,,,,,,,,,,,,,40.00,,,,,,,false,true,12,2015-04-01,2016-03-31,0
2015-10-30,69320,2016-03-31,2,,,,,,,,,,,,,,,,,,,,,,,,,,,,,,,,,14776321,93,14776228,false,false,6,2015-04-01,2015-09-30,0
2015-10-30,69320,2015-03-31,2,,,,,,,,,,,,,,,,,,,,,,,,,,,,,,,,,,,14776271,false,false,6,2014-04-01,2014-09-30,-1
2015-10-30,69320,2016-03-31,,21014000000,-0.062,,,,,141000000,-0.798,323000000,0.595,,-455000000,,-30.83,,,,,,,,,,,,,,,,,,,,,,true,true,6,2015-04-01,2015-09-30,0
2015-10-30,69320,2015-03-31,,18427000000,,,,,,345000000,,816000000,,,760000000,,51.44,,,,,,,,,,,,,,,,,,,,,,true,false,6,2014-04-01,2014-09-30,-1
2015-10-30,69320,2016-03-31,,45000000000,-0.049,,,,,1300000000,-0.409,1500000000,-0.375,,450000000,,30.45,,,,,,,,,,,,,,,,,,,,,,true,true,12,2015-04-01,2016-03-31,0
2015-10-30,69320,2015-03-31,,40138000000,,,,,,347000000,,2147000000,,,1585000000,,107.30,,,,,,,,,,,,,,,,,,,,,,true,false,12,2014-04-01,2015-03-31,-1
2015-10-30,69320,2016-03-31,,14783000000,-0.046,,,,,,,178000000,0.623,136000000,,0.955,9.26,,,,,,,,,,,,,,,,,,,,,,false,true,6,2015-04-01,2015-09-30,0
2015-10-30,69320,2015-03-31,,16221000000,,,,,,,,-276000000,,-200000000,,,-13.55,,,,,,,,,,,,,,,,,,,,,,false,false,6,2014-04-01,2014-09-30,-1
2015-10-30,69320,2016-03-31,,31000000000,-0.046,,,,,,,700000000,0.000,550000000,,0.375,37.22,,,,,,,,,,,,,,,40.00,,,,,,,false,true,12,2015-04-01,2016-03-31,0
2015-10-30,69320,2015-03-31,,32493000000,,,,,,,,679000000,,479000000,,,32.47,,,,,,,,,,,,,,,50.00,,,,,,,false,false,12,2014-04-01,2015-03-31,-1
2016-01-29,69320,2016-03-31,3,32826000000,0.151,,,,,535000000,0.003,808000000,-0.613,,-410000000,,-27.77,,,,,,61514000000,24616000000,0.400,,24609000000,,,,,,,,,,,,true,false,9,2015-04-01,2015-12-31,0
2016-01-29,69320,2015-03-31,3,28521000000,0.030,,,,,533000000,-0.760,2087000000,-0.374,,2149000000,,145.45,,,,,,,,,,,,,,,,,,,,,,true,false,9,2014-04-01,2014-12-31,-1
2016-01-29,69320,2016-03-31,3,45000000000,0.121,,,,,1300000000,2.746,1500000000,-0.301,,450000000,,30.45,,,,,,,,,,,,,,,,,,,,,,true,true,12,2015-04-01,2016-03-31,0
2016-01-29,69320,2015-03-31,3,,,,,,,,,,,,,,,,,,,,60229000000,26005000000,0.432,,26003000000,,,,,,,,,,,,true,false,12,2014-04-01,2015-03-31,-1
2016-01-29,69320,2015-03-31,3,,,,,,,,,,,,,,,,,,,,,,,,,,,,,50.00,,,,14776321,93,,false,false,12,2014-04-01,2015-03-31,-1
2016-01-29,69320,2016-03-31,3,,,,,,,,,,,,,,,,,,,,,,,,,,,,,25.00,,,,,,,false,false,12,2015-04-01,2016-03-31,0
2016-01-29,69320,2016-03-31,3,,,,,,,,,,,,,,,,,,,,,,,,,,,,,40.00,,,,,,,false,true,12,2015-04-01,2016-03-31,0
2016-01-29,69320,2016-03-31,3,,,,,,,,,,,,,,,,,,,,,,,,,,,,,,,,,14776321,93,14776228,false,false,9,2015-04-01,2015-12-31,0
2016-01-29,69320,2015-03-31,3,,,,,,,,,,,,,,,,,,,,,,,,,,,,,,,,,,,14776271,false,false,9,2014-04-01,2014-12-31,-1
2016-04-22,69320,2016-03-31,,44000000000,-0.022,,,,,600000000,-0.538,500000000,-0.667,,-3600000000,,-243.63,,,,,,,,,,,,,,,,,,,,,,true,true,12,2015-04-01,2016-03-31,0
2016-04-22,69320,2015-03-31,,40138000000,,,,,,347000000,,2147000000,,,1585000000,,107.30,,,,,,,,,,,,,,,,,,,,,,true,false,12,2014-04-01,2015-03-31,-1
2016-04-22,69320,2016-03-31,,29300000000,-0.055,,,,,,,-300000000,,-2750000000,,,-186.11,,,,,,,,,,,,,,,,,,,,,,false,true,12,2015-04-01,2016-03-31,0
2016-04-22,69320,2015-03-31,,32493000000,,,,,,,,679000000,,479000000,,,32.47,,,,,,,,,,,,,,,,,,,,,,false,false,12,2014-04-01,2015-03-31,-1
2016-04-28,69320,2016-03-31,,44000000000,0.096,,,,,627000000,0.809,526000000,-0.755,,-3534000000,,-239.21,,-0.152,0.009,0.014,,58136000000,20585000000,0.354,1392.79,20580000000,2980000000,-3634000000,1612000000,8316000000,,,,,,,,true,false,12,2015-04-01,2016-03-31,0
2016-04-28,69320,2015-03-31,,40138000000,0.032,,,,,347000000,-0.880,2147000000,-0.473,,1585000000,,107.30,,0.063,0.038,0.009,,60229000000,26005000000,0.432,1759.81,26003000000,5692000000,-10857000000,6321000000,7717000000,,0.466,,,,,,true,false,12,2014-04-01,2015-03-31,-1
2016-04-28,69320,2017-03-31,,20400000000,-0.029,,,,,700000000,3.959,500000000,0.544,,400000000,,27.07,,,,,,,,,,,,,,,,,,,,,,true,true,6,2016-04-01,2016-09-30,1
2016-04-28,69320,2017-03-31,,44200000000,0.005,,,,,2300000000,2.664,1900000000,2.606,,1400000000,,94.75,,,,,,,,,,,,,,,,0.317,,,,,,true,true,12,2016-04-01,2017-03-31,1
2016-04-28,69320,2016-03-31,,29301000000,-0.098,,,,,-1030000000,,-295000000,,-2733000000,,,-185.02,,,,,,40311000000,13610000000,0.338,921.10,13610000000,,,,,40.00,,,,14776321,93,14776228,false,false,12,2015-04-01,2016-03-31,0
2016-04-28,69320,2015-03-31,,32493000000,-0.082,,,,,-1644000000,,679000000,-0.698,479000000,,-0.383,32.47,,,,,,41615000000,17277000000,0.415,1169.24,17277000000,,,,,50.00,,,,14776321,93,14776267,false,false,12,2014-04-01,2015-03-31,-1
2016-04-28,69320,2017-03-31,,13400000000,-0.094,,,,,,,20000000,-0.888,10000000,,-0.927,0.68,,,,,,,,,,,,,,,,,,,,,,false,true,6,2016-04-01,2016-09-30,1
2016-04-28,69320,2017-03-31,,28200000000,-0.038,,,,,,,400000000,,300000000,,,20.30,,,,,,,,,,,,,,,30.00,,,,,,,false,true,12,2016-04-01,2017-03-31,1
2016-07-29,69320,2017-03-31,1,8794000000,-0.084,,,,,-134000000,,-1017000000,,,-1931000000,,-130.68,,,,,,54654000000,17291000000,0.316,,17286000000,,,,,,,,,,,,true,false,3,2016-04-01,2016-06-30,0
2016-07-29,69320,2016-03-31,1,9596000000,0.280,,,,,-451000000,,-224000000,,,-270000000,,-18.34,,,,,,,,,,,,,,,,,,,,,,true,false,3,2015-04-01,2015-06-30,-1
2016-07-29,69320,2017-03-31,1,18500000000,-0.120,,,,,300000000,1.125,-1000000000,,,-1450000000,,-98.13,,,,,,,,,,,,,,,,,,,,,,true,true,6,2016-04-01,2016-09-30,0
2016-07-29,69320,2017-03-31,1,41000000000,-0.068,,,,,2100000000,2.345,200000000,-0.620,,200000000,,13.54,,,,,,,,,,,,,,,,,,,,,,true,true,12,2016-04-01,2017-03-31,0
2016-07-29,69320,2016-03-31,1,,,,,,,,,,,,,,,,,,,,58136000000,20585000000,0.354,,20580000000,,,,,,,,,,,,true,false,12,2015-04-01,2016-03-31,-1
2016-07-29,69320,2016-03-31,1,,,,,,,,,,,,,,,,,,,,,,,,,,,,,40.00,,,,14776321,93,,false,false,12,2015-04-01,2016-03-31,-1
2016-07-29,69320,2017-03-31,1,,,,,,,,,,,,,,,,,,,,,,,,,,,,,30.00,,,,,,,false,true,12,2016-04-01,2017-03-31,0
2016-07-29,69320,2017-03-31,1,,,,,,,,,,,,,,,,,,,,,,,,,,,,,,,,,14776321,93,14776228,false,false,3,2016-04-01,2016-06-30,0
2016-07-29,69320,2016-03-31,1,,,,,,,,,,,,,,,,,,,,,,,,,,,,,,,,,,,14776228,false,false,3,2015-04-01,2015-06-30,-1
2016-07-29,69320,2017-03-31,,18500000000,-0.093,,,,,300000000,-0.571,-1000000000,,,-1450000000,,-98.13,,,,,,,,,,,,,,,,,,,,,,true,true,6,2016-04-01,2016-09-30,0
2016-07-29,69320,2016-03-31,,21014000000,,,,,,141000000,,323000000,,,-455000000,,-30.83,,,,,,,,,,,,,,,,,,,,,,true,false,6,2015-04-01,2015-09-30,-1
2016-07-29,69320,2017-03-31,,41000000000,-0.072,,,,,2100000000,-0.087,200000000,-0.895,,200000000,,13.54,,,,,,,,,,,,,,,,,,,,,,true,true,12,2016-04-01,2017-03-31,0
2016-07-29,69320,2016-03-31,,44000000000,,,,,,627000000,,526000000,,,-3534000000,,-239.21,,,,,,,,,,,,,,,,,,,,,,true,false,12,2015-04-01,2016-03-31,-1
2016-07-29,69320,2017-03-31,,12100000000,-0.097,,,,,,,-1200000000,,-1300000000,,,-87.98,,,,,,,,,,,,,,,,,,,,,,false,true,6,2016-04-01,2016-09-30,0
2016-07-29,69320,2016-03-31,,14783000000,,,,,,,,178000000,,136000000,,,9.26,,,,,,,,,,,,,,,,,,,,,,false,false,6,2015-04-01,2015-09-30,-1
2016-07-29,69320,2017-03-31,,26900000000,-0.046,,,,,,,-1000000000,,-450000000,,,-30.45,,,,,,,,,,,,,,,,,,,,,,false,true,12,2016-04-01,2017-03-31,0
2016-07-29,69320,2016-03-31,,29301000000,,,,,,,,-295000000,,-2733000000,,,-185.02,,,,,,,,,,,,,,,,,,,,,,false,false,12,2015-04-01,2016-03-31,-1
2016-10-31,69320,2017-03-31,2,18451000000,-0.122,,,,,778000000,4.518,-903000000,,,-1586000000,,-107.37,,,,,,51655000000,16036000000,0.310,,16033000000,,,,,,,,,,,,true,false,6,2016-04-01,2016-09-30,0
2016-10-31,69320,2016-03-31,2,21014000000,0.140,,,,,141000000,-0.591,323000000,-0.603,,-455000000,,-30.83,,,,,,,,,,,,,,,,,,,,,,true,false,6,2015-04-01,2015-09-30,-1
2016-10-31,69320,2017-03-31,2,41000000000,-0.068,,,,,2100000000,2.345,200000000,-0.620,,200000000,,13.54,,,,,,,,,,,,,,,,,,,,,,true,true,12,2016-04-01,2017-03-31,0
2016-10-31,69320,2016-03-31,2,,,,,,,,,,,,,,,,,,,,58136000000,20585000000,0.354,,20580000000,,,,,,,,,,,,true,false,12,2015-04-01,2016-03-31,-1
2016-10-31,69320,2016-03-31,2,,,,,,,,,,,,,,,,,,,,,,,,,,,,,40.00,,,,14776321,93,,false,false,12,2015-04-01,2016-03-31,-1
2016-10-31,69320,2017-03-31,2,,,,,,,,,,,,,,,,,,,,,,,,,,,,,15.00,,,,,,,false,false,12,2016-04-01,2017-03-31,0
2016-10-31,69320,2017-03-31,2,,,,,,,,,,,,,,,,,,,,,,,,,,,,,30.00,,,,,,,false,true,12,2016-04-01,2017-03-31,0
2016-10-31,69320,2017-03-31,2,,,,,,,,,,,,,,,,,,,,,,,,,,,,,,,,,14776321,93,14776228,false,false,6,2016-04-01,2016-09-30,0
2016-10-31,69320,2016-03-31,2,,,,,,,,,,,,,,,,,,,,,,,,,,,,,,,,,,,14776228,false,false,6,2015-04-01,2015-09-30,-1
2017-01-31,69320,2017-03-31,3,29156000000,-0.112,,,,,1681000000,2.143,293000000,-0.637,,362000000,,24.55,,,,,,52767000000,17317000000,0.328,,17311000000,,,,,,,,,,,,true,false,9,2016-04-01,2016-12-31,0
2017-01-31,69320,2016-03-31,3,32826000000,0.151,,,,,535000000,0.003,808000000,-0.613,,-410000000,,-27.77,,,,,,,,,,,,,,,,,,,,,,true,false,9,2015-04-01,2015-12-31,-1
2017-01-31,69320,2017-03-31,3,41000000000,-0.068,,,,,2100000000,2.345,200000000,-0.620,,200000000,,13.54,,,,,,,,,,,,,,,,,,,,,,true,true,12,2016-04-01,2017-03-31,0
2017-01-31,69320,2016-03-31,3,,,,,,,,,,,,,,,,,,,,58136000000,20585000000,0.354,,20580000000,,,,,,,,,,,,true,false,12,2015-04-01,2016-03-31,-1
2017-01-31,69320,2016-03-31,3,,,,,,,,,,,,,,,,,,,,,,,,,,,,,40.00,,,,14776321,93,,false,false,12,2015-04-01,2016-03-31,-1
2017-01-31,69320,2017-03-31,3,,,,,,,,,,,,,,,,,,,,,,,,,,,,,15.00,,,,,,,false,false,12,2016-04-01,2017-03-31,0
2017-01-31,69320,2017-03-31,3,,,,,,,,,,,,,,,,,,,,,,,,,,,,,30.00,,,,,,,false,true,12,2016-04-01,2017-03-31,0
2017-01-31,69320,2017-03-31,3,,,,,,,,,,,,,,,,,,,,,,,,,,,,,,,,,14776321,93,14776228,false,false,9,2016-04-01,2016-12-31,0
2017-01-31,69320,2016-03-31,3,,,,,,,,,,,,,,,,,,,,,,,,,,,,,,,,,,,14776228,false,false,9,2015-04-01,2015-12-31,-1
2017-04-21,69320,2017-03-31,,39600000000,-0.034,,,,,2300000000,0.095,800000000,3.000,,200000000,,13.54,,,,,,,,,,,,,,,,,,,,,,true,true,12,2016-04-01,2017-03-31,0
2017-04-21,69320,2016-03-31,,44000000000,,,,,,627000000,,526000000,,,-3534000000,,-239.21,,,,,,,,,,,,,,,,,,,,,,true,false,12,2015-04-01,2016-03-31,-1
2017-04-21,69320,2017-03-31,,26500000000,-0.015,,,,,,,-900000000,,-150000000,,,-10.15,,,,,,,,,,,,,,,,,,,,,,false,true,12,2016-04-01,2017-03-31,0
2017-04-21,69320,2016-03-31,,29301000000,,,,,,,,-295000000,,-2733000000,,,-185.02,,,,,,,,,,,,,,,,,,,,,,false,false,12,2015-04-01,2016-03-31,-1
2017-04-28,69320,2017-03-31,,39637000000,-0.099,,,,,2500000000,2.983,846000000,0.606,,211000000,,14.30,,0.011,0.015,0.063,,53214000000,18659000000,0.351,1262.45,18654000000,5536000000,-3292000000,-2560000000,7673000000,,2.098,,,,,,true,false,12,2016-04-01,2017-03-31,0
2017-04-28,69320,2016-03-31,,44000000000,0.096,,,,,627000000,0.809,526000000,-0.755,,-3534000000,,-239.21,,-0.152,0.009,0.014,,58136000000,20585000000,0.354,1392.79,20580000000,2980000000,-3634000000,1612000000,8316000000,,,,,,,,true,false,12,2015-04-01,2016-03-31,-1
2017-04-28,69320,2018-03-31,,20000000000,0.084,,,,,900000000,0.155,800000000,,,400000000,,27.07,,,,,,,,,,,,,,,,,,,,,,true,true,6,2017-04-01,2017-09-30,1
2017-04-28,69320,2018-03-31,,42000000000,0.060,,,,,2600000000,0.040,2400000000,1.836,,1400000000,,94.75,,,,,,,,,,,,,,,,0.317,,,,,,true,true,12,2017-04-01,2018-03-31,1
2017-04-28,69320,2017-03-31,,26521000000,-0.095,,,,,598000000,,-851000000,,-149000000,,,-10.14,,,,,,36589000000,13162000000,0.360,890.77,13162000000,,,,,30.00,,,,14776321,93,14776228,false,false,12,2016-04-01,2017-03-31,0
2017-04-28,69320,2016-03-31,,29301000000,-0.098,,,,,-1030000000,,-295000000,,-2733000000,,,-185.02,,,,,,40311000000,13610000000,0.338,921.10,13610000000,,,,,40.00,,,,14776321,93,14776228,false,false,12,2015-04-01,2016-03-31,-1
2017-04-28,69320,2018-03-31,,12900000000,0.060,,,,,,,100000000,,50000000,,,3.38,,,,,,,,,,,,,,,,,,,,,,false,true,6,2017-04-01,2017-09-30,1
2017-04-28,69320,2018-03-31,,27000000000,0.018,,,,,,,600000000,,300000000,,,20.30,,,,,,,,,,,,,,,30.00,,,,,,,false,true,12,2017-04-01,2018-03-31,1
2017-07-31,69320,2018-03-31,1,9540000000,0.085,,,,,707000000,,635000000,,,768000000,,52.01,,,,,,52380000000,19111000000,0.365,,19104000000,,,,,,,,,,,,true,false,3,2017-04-01,2017-06-30,0
2017-07-31,69320,2017-03-31,1,8794000000,-0.084,,,,,-134000000,,-1017000000,,,-1931000000,,-130.68,,,,,,,,,,,,,,,,,,,,,,true,false,3,2016-04-01,2016-06-30,-1
2017-07-31,69320,2018-03-31,1,20000000000,0.084,,,,,900000000,0.155,800000000,,,400000000,,27.07,,,,,,,,,,,,,,,,,,,,,,true,true,6,2017-04-01,2017-09-30,0
2017-07-31,69320,2018-03-31,1,42000000000,0.060,,,,,2600000000,0.040,2400000000,1.836,,1400000000,,94.75,,,,,,,,,,,,,,,,,,,,,,true,true,12,2017-04-01,2018-03-31,0
2017-07-31,69320,2017-03-31,1,,,,,,,,,,,,,,,,,,,,53214000000,18659000000,0.351,,18654000000,,,,,,,,,,,,true,false,12,2016-04-01,2017-03-31,-1
2017-07-31,69320,2017-03-31,1,,,,,,,,,,,,,,,,,,,,,,,,,,,,,30.00,,,,14776321,93,,false,false,12,2016-04-01,2017-03-31,-1
2017-07-31,69320,2018-03-31,1,,,,,,,,,,,,,,,,,,,,,,,,,,,,,30.00,,,,,,,false,true,12,2017-04-01,2018-03-31,0
2017-07-31,69320,2018-03-31,1,,,,,,,,,,,,,,,,,,,,,,,,,,,,,,,,,14776321,93,14776228,false,false,3,2017-04-01,2017-06-30,0
2017-07-31,69320,2017-03-31,1,,,,,,,,,,,,,,,,,,,,,,,,,,,,,,,,,,,14776228,false,false,3,2016-04-01,2016-06-30,-1
2017-10-31,69320,2018-03-31,2,19545000000,0.059,,,,,1424000000,0.829,1362000000,,,1300000000,,88.00,,,,,,53044000000,19974000000,0.376,,19967000000,,,,,,,,,,,,true,false,6,2017-04-01,2017-09-30,0
2017-10-31,69320,2017-03-31,2,18451000000,-0.122,,,,,778000000,4.518,-903000000,,,-1586000000,,-107.37,,,,,,,,,,,,,,,,,,,,,,true,false,6,2016-04-01,2016-09-30,-1
2017-10-31,69320,2018-03-31,2,42000000000,0.060,,,,,2600000000,0.040,2400000000,1.836,,1400000000,,94.75,,,,,,,,,,,,,,,,,,,,,,true,true,12,2017-04-01,2018-03-31,0
2017-10-31,69320,2017-03-31,2,,,,,,,,,,,,,,,,,,,,53214000000,18659000000,0.351,,18654000000,,,,,,,,,,,,true,false,12,2016-04-01,2017-03-31,-1
2017-10-31,69320,2017-03-31,2,,,,,,,,,,,,,,,,,,,,,,,,,,,,,30.00,,,,14776321,93,,false,false,12,2016-04-01,2017-03-31,-1
2017-10-31,69320,2018-03-31,2,,,,,,,,,,,,,,,,,,,,,,,,,,,,,15.00,,,,,,,false,false,12,2017-04-01,2018-03-31,0
2017-10-31,69320,2018-03-31,2,,,,,,,,,,,,,,,,,,,,,,,,,,,,,30.00,,,,,,,false,true,12,2017-04-01,2018-03-31,0
2017-10-31,69320,2018-03-31,2,,,,,,,,,,,,,,,,,,,,,,,,,,,,,,,,,14776321,93,14776228,false,false,6,2017-04-01,2017-09-30,0
2017-10-31,69320,2017-03-31,2,,,,,,,,,,,,,,,,,,,,,,,,,,,,,,,,,,,14776228,false,false,6,2016-04-01,2016-09-30,-1
2018-01-31,69320,2018-03-31,3,29845000000,0.024,,,,,1973000000,0.173,2118000000,6.213,,1735000000,,117.43,,,,,,53973000000,20654000000,0.383,,20647000000,,,,,,,,,,,,true,false,9,2017-04-01,2017-12-31,0
2018-01-31,69320,2017-03-31,3,29156000000,-0.112,,,,,1681000000,2.143,293000000,-0.637,,362000000,,24.55,,,,,,,,,,,,,,,,,,,,,,true,false,9,2016-04-01,2016-12-31,-1
2018-01-31,69320,2018-03-31,3,42000000000,0.060,,,,,2600000000,0.040,2400000000,1.836,,1400000000,,94.75,,,,,,,,,,,,,,,,,,,,,,true,true,12,2017-04-01,2018-03-31,0
2018-01-31,69320,2017-03-31,3,,,,,,,,,,,,,,,,,,,,53214000000,18659000000,0.351,,18654000000,,,,,,,,,,,,true,false,12,2016-04-01,2017-03-31,-1
2018-01-31,69320,2017-03-31,3,,,,,,,,,,,,,,,,,,,,,,,,,,,,,30.00,,,,14776321,93,,false,false,12,2016-04-01,2017-03-31,-1
2018-01-31,69320,2018-03-31,3,,,,,,,,,,,,,,,,,,,,,,,,,,,,,15.00,,,,,,,false,false,12,2017-04-01,2018-03-31,0
2018-01-31,69320,2018-03-31,3,,,,,,,,,,,,,,,,,,,,,,,,,,,,,30.00,,,,,,,false,true,12,2017-04-01,2018-03-31,0
2018-01-31,69320,2018-03-31,3,,,,,,,,,,,,,,,,,,,,,,,,,,,,,,,,,14776321,93,14776228,false,false,9,2017-04-01,2017-12-31,0
2018-01-31,69320,2017-03-31,3,,,,,,,,,,,,,,,,,,,,,,,,,,,,,,,,,,,14776228,false,false,9,2016-04-01,2016-12-31,-1
2018-04-24,69320,2018-03-31,,40000000000,-0.048,,,,,2500000000,-0.038,2700000000,0.125,,1300000000,,87.98,,,,,,,,,,,,,,,,,,,,,,true,true,12,2017-04-01,2018-03-31,0
2018-04-24,69320,2017-03-31,,39637000000,,,,,,2500000000,,846000000,,,211000000,,14.30,,,,,,,,,,,,,,,,,,,,,,true,false,12,2016-04-01,2017-03-31,-1
2018-04-24,69320,2018-03-31,,24200000000,-0.104,,,,,,,400000000,-0.333,120000000,,-0.600,8.12,,,,,,,,,,,,,,,,,,,,,,false,true,12,2017-04-01,2018-03-31,0
2018-04-24,69320,2017-03-31,,26521000000,,,,,,,,-851000000,,-149000000,,,-10.14,,,,,,,,,,,,,,,,,,,,,,false,false,12,2016-04-01,2017-03-31,-1
2018-04-27,69320,2018-03-31,,40126000000,0.012,,,,,2526000000,0.010,2760000000,2.263,,1326000000,,89.75,,0.068,0.052,0.063,,52491000000,20248000000,0.386,1369.88,20241000000,5599000000,-1691000000,-2812000000,8915000000,,0.334,,,,,,true,false,12,2017-04-01,2018-03-31,0
2018-04-27,69320,2017-03-31,,39637000000,-0.099,,,,,2500000000,2.983,846000000,0.606,,211000000,,14.30,,0.011,0.015,0.063,,53214000000,18659000000,0.351,1262.45,18654000000,5536000000,-3292000000,-2560000000,7673000000,,2.098,,,,,,true,false,12,2016-04-01,2017-03-31,-1
2018-04-27,69320,2019-03-31,,19200000000,-0.018,,,,,800000000,-0.439,800000000,-0.413,,600000000,,40.61,,,,,,,,,,,,,,,,,,,,,,true,true,6,2018-04-01,2018-09-30,1
2018-04-27,69320,2019-03-31,,39000000000,-0.028,,,,,2000000000,-0.208,2100000000,-0.239,,1500000000,,101.51,,,,,,,,,,,,,,,,0.296,,,,,,true,true,12,2018-04-01,2019-03-31,1
2018-04-27,69320,2018-03-31,,24247000000,-0.086,,,,,490000000,-0.181,439000000,,133000000,,,9.04,,,,,,33606000000,12688000000,0.378,858.73,12688000000,,,,,30.00,,,,14776321,93,14776228,false,false,12,2017-04-01,2018-03-31,0
2018-04-27,69320,2017-03-31,,26521000000,-0.095,,,,,598000000,,-851000000,,-149000000,,,-10.14,,,,,,36589000000,13162000000,0.360,890.77,13162000000,,,,,30.00,,,,14776321,93,14776228,false,false,12,2016-04-01,2017-03-31,-1
2018-04-27,69320,2019-03-31,,11400000000,-0.054,,,,,,,100000000,-0.561,50000000,,-0.784,3.38,,,,,,,,,,,,,,,,,,,,,,false,true,6,2018-04-01,2018-09-30,1
2018-04-27,69320,2019-03-31,,23100000000,-0.047,,,,,,,400000000,-0.091,200000000,,0.497,13.54,,,,,,,,,,,,,,,30.00,,,,,,,false,true,12,2018-04-01,2019-03-31,1
2018-07-31,69320,2019-03-31,1,9275000000,-0.028,,,,,331000000,-0.532,574000000,-0.095,,413000000,,27.96,,,,,,52297000000,20270000000,0.387,,20263000000,,,,,,,,,,,,true,false,3,2018-04-01,2018-06-30,0
2018-07-31,69320,2018-03-31,1,9540000000,0.085,,,,,707000000,,635000000,,,768000000,,52.01,,,,,,,,,,,,,,,,,,,,,,true,false,3,2017-04-01,2017-06-30,-1
2018-07-31,69320,2019-03-31,1,19200000000,-0.018,,,,,800000000,-0.439,800000000,-0.413,,600000000,,40.61,,,,,,,,,,,,,,,,,,,,,,true,true,6,2018-04-01,2018-09-30,0
2018-07-31,69320,2019-03-31,1,39000000000,-0.028,,,,,2000000000,-0.208,2100000000,-0.239,,1500000000,,101.51,,,,,,,,,,,,,,,,,,,,,,true,true,12,2018-04-01,2019-03-31,0
2018-07-31,69320,2018-03-31,1,,,,,,,,,,,,,,,,,,,,52424000000,20248000000,0.386,,20241000000,,,,,,,,,,,,true,false,12,2017-04-01,2018-03-31,-1
2018-07-31,69320,2018-03-31,1,,,,,,,,,,,,,,,,,,,,,,,,,,,,,30.00,,,,14776321,93,,false,false,12,2017-04-01,2018-03-31,-1
2018-07-31,69320,2019-03-31,1,,,,,,,,,,,,,,,,,,,,,,,,,,,,,30.00,,,,,,,false,true,12,2018-04-01,2019-03-31,0
2018-07-31,69320,2019-03-31,1,,,,,,,,,,,,,,,,,,,,,,,,,,,,,,,,,14776321,93,14776228,false,false,3,2018-04-01,2018-06-30,0
2018-07-31,69320,2018-03-31,1,,,,,,,,,,,,,,,,,,,,,,,,,,,,,,,,,,,14776228,false,false,3,2017-04-01,2017-06-30,-1
2018-10-31,69320,2019-03-31,2,19578000000,0.002,,,,,1213000000,-0.148,1411000000,0.036,,1073000000,,72.68,,,,,,52032000000,20613000000,0.396,,20606000000,,,,,,,,,,,,true,false,6,2018-04-01,2018-09-30,0
2018-10-31,69320,2018-03-31,2,19545000000,0.059,,,,,1424000000,0.829,1362000000,,,1300000000,,88.00,,,,,,,,,,,,,,,,,,,,,,true,false,6,2017-04-01,2017-09-30,-1
2018-10-31,69320,2019-03-31,2,39000000000,-0.028,,,,,2000000000,-0.208,2100000000,-0.239,,1500000000,,101.51,,,,,,,,,,,,,,,,,,,,,,true,true,12,2018-04-01,2019-03-31,0
2018-10-31,69320,2018-03-31,2,,,,,,,,,,,,,,,,,,,,52424000000,20248000000,0.386,,20241000000,,,,,,,,,,,,true,false,12,2017-04-01,2018-03-31,-1
2018-10-31,69320,2018-03-31,2,,,,,,,,,,,,,,,,,,,,,,,,,,,,,30.00,,,,14776321,93,,false,false,12,2017-04-01,2018-03-31,-1
2018-10-31,69320,2019-03-31,2,,,,,,,,,,,,,,,,,,,,,,,,,,,,,15.00,,,,,,,false,false,12,2018-04-01,2019-03-31,0
2018-10-31,69320,2019-03-31,2,,,,,,,,,,,,,,,,,,,,,,,,,,,,,30.00,,,,,,,false,true,12,2018-04-01,2019-03-31,0
2018-10-31,69320,2019-03-31,2,,,,,,,,,,,,,,,,,,,,,,,,,,,,,,,,,14776321,93,14776228,false,false,6,2018-04-01,2018-09-30,0
2018-10-31,69320,2018-03-31,2,,,,,,,,,,,,,,,,,,,,,,,,,,,,,,,,,,,14776228,false,false,6,2017-04-01,2017-09-30,-1
2019-01-31,69320,2019-03-31,3,29402000000,-0.015,,,,,1803000000,-0.086,2021000000,-0.046,,1325000000,,89.67,,,,,,51290000000,20332000000,0.396,,20325000000,,,,,,,,,,,,true,false,9,2018-04-01,2018-12-31,0
2019-01-31,69320,2018-03-31,3,29845000000,0.024,,,,,1973000000,0.173,2118000000,6.213,,1735000000,,117.43,,,,,,,,,,,,,,,,,,,,,,true,false,9,2017-04-01,2017-12-31,-1
2019-01-31,69320,2019-03-31,3,39000000000,-0.028,,,,,2000000000,-0.208,2100000000,-0.239,,1500000000,,101.51,,,,,,,,,,,,,,,,,,,,,,true,true,12,2018-04-01,2019-03-31,0
2019-01-31,69320,2018-03-31,3,,,,,,,,,,,,,,,,,,,,52424000000,20248000000,0.386,,20241000000,,,,,,,,,,,,true,false,12,2017-04-01,2018-03-31,-1
2019-01-31,69320,2018-03-31,3,,,,,,,,,,,,,,,,,,,,,,,,,,,,,30.00,,,,14776321,93,,false,false,12,2017-04-01,2018-03-31,-1
2019-01-31,69320,2019-03-31,3,,,,,,,,,,,,,,,,,,,,,,,,,,,,,15.00,,,,,,,false,false,12,2018-04-01,2019-03-31,0
2019-01-31,69320,2019-03-31,3,,,,,,,,,,,,,,,,,,,,,,,,,,,,,30.00,,,,,,,false,true,12,2018-04-01,2019-03-31,0
2019-01-31,69320,2019-03-31,3,,,,,,,,,,,,,,,,,,,,,,,,,,,,,,,,,14776321,93,14776228,false,false,9,2018-04-01,2018-12-31,0
2019-01-31,69320,2018-03-31,3,,,,,,,,,,,,,,,,,,,,,,,,,,,,,,,,,,,14776228,false,false,9,2017-04-01,2017-12-31,-1
2019-04-26,69320,2019-03-31,,39757000000,-0.009,,,,,2758000000,0.092,3229000000,0.170,,2349000000,,158.98,,0.114,0.063,0.069,,50728000000,20967000000,0.413,1418.63,20961000000,6458000000,-2416000000,-2315000000,10416000000,,0.189,,,,,,true,false,12,2018-04-01,2019-03-31,0
2019-04-26,69320,2018-03-31,,40126000000,0.012,,,,,2526000000,0.010,2760000000,2.263,,1326000000,,89.75,,0.068,0.052,0.063,,52424000000,20248000000,0.386,1369.88,20241000000,5599000000,-1691000000,-2812000000,8915000000,,0.334,,,,,,true,false,12,2017-04-01,2018-03-31,-1
2019-04-26,69320,2020-03-31,,18600000000,-0.050,,,,,900000000,-0.258,800000000,-0.433,,500000000,,33.84,,,,,,,,,,,,,,,,,,,,,,true,true,6,2019-04-01,2019-09-30,1
2019-04-26,69320,2020-03-31,,39200000000,-0.014,,,,,2700000000,-0.021,2400000000,-0.257,,1600000000,,108.28,,,,,,,,,,,,,,,,,,,,,,true,true,12,2019-04-01,2020-03-31,1
2019-04-26,69320,2019-03-31,,22605000000,-0.068,,,,,359000000,-0.267,589000000,0.340,351000000,,1.632,23.80,,,,,,31991000000,12729000000,0.398,861.49,12729000000,,,,,30.00,,,,14776321,95,14776227,false,false,12,2018-04-01,2019-03-31,0
2019-04-26,69320,2018-03-31,,24247000000,-0.086,,,,,490000000,-0.181,440000000,,133000000,,,9.04,,,,,,33606000000,12688000000,0.378,858.73,12688000000,,,,,30.00,,,,14776321,93,14776228,false,false,12,2017-04-01,2018-03-31,-1
2019-04-26,69320,2020-03-31,,10900000000,-0.020,,,,,,,-100000000,,-100000000,,,-6.77,,,,,,,,,,,,,,,,,,,,,,false,true,6,2019-04-01,2019-09-30,1
2019-04-26,69320,2020-03-31,,22400000000,-0.009,,,,,,,300000000,-0.491,100000000,,-0.716,6.77,,,,,,,,,,,,,,,30.00,,,,,,,false,true,12,2019-04-01,2020-03-31,1
2019-04-26,69320,2019-03-31,,39700000000,0.018,,,,,2700000000,0.350,3200000000,0.524,,2300000000,,155.66,,,,,,,,,,,,,,,,,,,,,,true,true,12,2018-04-01,2019-03-31,0
2019-04-26,69320,2018-03-31,,40126000000,,,,,,2526000000,,2760000000,,,1326000000,,89.75,,,,,,,,,,,,,,,,,,,,,,true,false,12,2017-04-01,2018-03-31,-1
2019-04-26,69320,2019-03-31,,22600000000,-0.022,,,,,,,580000000,0.450,350000000,,0.750,23.69,,,,,,,,,,,,,,,,,,,,,,false,true,12,2018-04-01,2019-03-31,0
2019-04-26,69320,2018-03-31,,24247000000,,,,,,,,440000000,,133000000,,,9.04,,,,,,,,,,,,,,,,,,,,,,false,false,12,2017-04-01,2018-03-31,-1
2019-07-31,69320,2020-03-31,1,8951000000,-0.035,,,,,353000000,0.068,319000000,-0.444,,186000000,,12.59,,,,,,50047000000,21111000000,0.422,,21105000000,,,,,,,,,,,,true,false,3,2019-04-01,2019-06-30,0
2019-07-31,69320,2019-03-31,1,9275000000,-0.028,,,,,331000000,-0.532,574000000,-0.095,,413000000,,27.96,,,,,,,,,,,,,,,,,,,,,,true,false,3,2018-04-01,2018-06-30,-1
2019-07-31,69320,2020-03-31,1,18600000000,-0.050,,,,,900000000,-0.258,800000000,-0.433,,500000000,,33.84,,,,,,,,,,,,,,,,,,,,,,true,true,6,2019-04-01,2019-09-30,0
2019-07-31,69320,2020-03-31,1,39200000000,-0.014,,,,,2700000000,-0.021,2400000000,-0.257,,1600000000,,108.28,,,,,,,,,,,,,,,,,,,,,,true,true,12,2019-04-01,2020-03-31,0
2019-07-31,69320,2019-03-31,1,,,,,,,,,,,,,,,,,,,,50728000000,20967000000,0.413,,20961000000,,,,,,,,,,,,true,false,12,2018-04-01,2019-03-31,-1
2019-07-31,69320,2019-03-31,1,,,,,,,,,,,,,,,,,,,,,,,,,,,,,30.00,,,,14776321,95,,false,false,12,2018-04-01,2019-03-31,-1
2019-07-31,69320,2020-03-31,1,,,,,,,,,,,,,,,,,,,,,,,,,,,,,30.00,,,,,,,false,true,12,2019-04-01,2020-03-31,0
2019-07-31,69320,2020-03-31,1,,,,,,,,,,,,,,,,,,,,,,,,,,,,,,,,,14776321,95,14776226,false,false,3,2019-04-01,2019-06-30,0
2019-07-31,69320,2019-03-31,1,,,,,,,,,,,,,,,,,,,,,,,,,,,,,,,,,,,14776228,false,false,3,2018-04-01,2018-06-30,-1
2019-10-31,69320,2020-03-31,2,18860000000,-0.037,,,,,1027000000,-0.153,965000000,-0.316,,699000000,,47.36,,,,,,48445000000,20670000000,0.427,,20664000000,,,,,,,,,,,,true,false,6,2019-04-01,2019-09-30,0
2019-10-31,69320,2019-03-31,2,19578000000,0.002,,,,,1213000000,-0.148,1411000000,0.036,,1073000000,,72.68,,,,,,,,,,,,,,,,,,,,,,true,false,6,2018-04-01,2018-09-30,-1
2019-10-31,69320,2020-03-31,2,39200000000,-0.014,,,,,2700000000,-0.021,2400000000,-0.257,,1600000000,,108.28,,,,,,,,,,,,,,,,,,,,,,true,true,12,2019-04-01,2020-03-31,0
2019-10-31,69320,2019-03-31,2,,,,,,,,,,,,,,,,,,,,50728000000,20967000000,0.413,,20961000000,,,,,,,,,,,,true,false,12,2018-04-01,2019-03-31,-1
2019-10-31,69320,2019-03-31,2,,,,,,,,,,,,,,,,,,,,,,,,,,,,,30.00,,,,14776321,95,,false,false,12,2018-04-01,2019-03-31,-1
2019-10-31,69320,2020-03-31,2,,,,,,,,,,,,,,,,,,,,,,,,,,,,,15.00,,,,,,,false,false,12,2019-04-01,2020-03-31,0
2019-10-31,69320,2020-03-31,2,,,,,,,,,,,,,,,,,,,,,,,,,,,,,30.00,,,,,,,false,true,12,2019-04-01,2020-03-31,0
2019-10-31,69320,2020-03-31,2,,,,,,,,,,,,,,,,,,,,,,,,,,,,,,,,,14776321,95,14776226,false,false,6,2019-04-01,2019-09-30,0
2019-10-31,69320,2019-03-31,2,,,,,,,,,,,,,,,,,,,,,,,,,,,,,,,,,,,14776228,false,false,6,2018-04-01,2018-09-30,-1
2019-10-31,69320,2020-03-31,,18860000000,0.014,,,,,1027000000,0.141,965000000,0.206,,699000000,,47.36,,,,,,,,,,,,,,,,,,,,,,true,true,6,2019-04-01,2019-09-30,0
2019-10-31,69320,2019-03-31,,19578000000,,,,,,1213000000,,1411000000,,,1073000000,,72.68,,,,,,,,,,,,,,,,,,,,,,true,false,6,2018-04-01,2018-09-30,-1
2019-10-31,69320,2020-03-31,,10972000000,0.007,,,,,,,34000000,,-2000000,,,-0.18,,,,,,,,,,,,,,,,,,,,,,false,true,6,2019-04-01,2019-09-30,0
2019-10-31,69320,2019-03-31,,11125000000,,,,,,,,341000000,,296000000,,,20.05,,,,,,,,,,,,,,,,,,,,,,false,false,6,2018-04-01,2018-09-30,-1
2020-01-31,69320,2020-03-31,3,28763000000,-0.022,,,,,1525000000,-0.154,1491000000,-0.262,,1066000000,,72.16,,,,,,50612000000,21309000000,0.421,,21303000000,,,,,,,,,,,,true,false,9,2019-04-01,2019-12-31,0
2020-01-31,69320,2019-03-31,3,29402000000,-0.015,,,,,1803000000,-0.086,2021000000,-0.046,,1325000000,,89.67,,,,,,,,,,,,,,,,,,,,,,true,false,9,2018-04-01,2018-12-31,-1
2020-01-31,69320,2020-03-31,3,39200000000,-0.014,,,,,2700000000,-0.021,2400000000,-0.257,,1600000000,,108.28,,,,,,,,,,,,,,,,,,,,,,true,true,12,2019-04-01,2020-03-31,0
2020-01-31,69320,2019-03-31,3,,,,,,,,,,,,,,,,,,,,50728000000,20967000000,0.413,,20961000000,,,,,,,,,,,,true,false,12,2018-04-01,2019-03-31,-1
2020-01-31,69320,2019-03-31,3,,,,,,,,,,,,,,,,,,,,,,,,,,,,,30.00,,,,14776321,95,,false,false,12,2018-04-01,2019-03-31,-1
2020-01-31,69320,2020-03-31,3,,,,,,,,,,,,,,,,,,,,,,,,,,,,,15.00,,,,,,,false,false,12,2019-04-01,2020-03-31,0
2020-01-31,69320,2020-03-31,3,,,,,,,,,,,,,,,,,,,,,,,,,,,,,30.00,,,,,,,false,true,12,2019-04-01,2020-03-31,0
2020-01-31,69320,2020-03-31,3,,,,,,,,,,,,,,,,,,,,,,,,,,,,,,,,,14776321,95,14776226,false,false,9,2019-04-01,2019-12-31,0
2020-01-31,69320,2019-03-31,3,,,,,,,,,,,,,,,,,,,,,,,,,,,,,,,,,,,14776228,false,false,9,2018-04-01,2018-12-31,-1
2020-04-30,69320,2020-03-31,,39171000000,-0.015,,,,,2541000000,-0.079,2562000000,-0.206,,1917000000,,129.77,,0.089,0.051,0.065,,50250000000,22310000000,0.444,1509.54,22305000000,2779000000,-2250000000,-2002000000,8797000000,,0.231,,,,,,true,false,12,2019-04-01,2020-03-31,0
2020-04-30,69320,2019-03-31,,39757000000,-0.009,,,,,2758000000,0.092,3229000000,0.170,,2349000000,,158.98,,0.114,0.063,0.069,,50728000000,20967000000,0.413,1418.63,20961000000,6458000000,-2416000000,-2315000000,10416000000,,0.189,,,,,,true,false,12,2018-04-01,2019-03-31,-1
2020-04-30,69320,2019-03-31,,,,,,,,,,,,,,,,,,,,,,,,,,,,,,30.00,,,,14776321,95,14776227,false,false,12,2018-04-01,2019-03-31,-1
2020-04-30,69320,2020-03-31,,,,,,,,,,,,,,,,,,,,,,,,,,,,,,30.00,,,,14776321,95,14776226,false,false,12,2019-04-01,2020-03-31,0
2020-07-31,69320,2021-03-31,1,7556000000,-0.156,,,,,300000000,-0.149,381000000,0.195,,245000000,,16.60,,,,,,50078000000,21555000000,0.430,,21550000000,,,,,,,,,,,,true,false,3,2020-04-01,2020-06-30,0
2020-07-31,69320,2020-03-31,1,8951000000,-0.035,,,,,353000000,0.068,319000000,-0.444,,186000000,,12.59,,,,,,,,,,,,,,,,,,,,,,true,false,3,2019-04-01,2019-06-30,-1
2020-07-31,69320,2020-03-31,1,,,,,,,,,,,,,,,,,,,,50250000000,22310000000,0.444,,22305000000,,,,,,,,,,,,true,false,12,2019-04-01,2020-03-31,-1
2020-07-31,69320,2020-03-31,1,,,,,,,,,,,,,,,,,,,,,,,,,,,,,30.00,,,,14776321,95,,false,false,12,2019-04-01,2020-03-31,-1
2020-07-31,69320,2021-03-31,1,,,,,,,,,,,,,,,,,,,,,,,,,,,,,,,,,14776321,95,14776226,false,false,3,2020-04-01,2020-06-30,0
2020-07-31,69320,2020-03-31,1,,,,,,,,,,,,,,,,,,,,,,,,,,,,,,,,,,,14776226,false,false,3,2019-04-01,2019-06-30,-1
2020-10-30,69320,2021-03-31,2,15557000000,-0.175,,,,,439000000,-0.572,600000000,-0.377,,360000000,,24.37,,,,,,49445000000,21785000000,0.440,,21780000000,,,,,,,,,,,,true,false,6,2020-04-01,2020-09-30,0
2020-10-30,69320,2020-03-31,2,18860000000,-0.037,,,,,1027000000,-0.153,965000000,-0.316,,699000000,,47.36,,,,,,,,,,,,,,,,,,,,,,true,false,6,2019-04-01,2019-09-30,-1
2020-10-30,69320,2021-03-31,2,31500000000,-0.196,,,,,350000000,-0.862,450000000,-0.824,,50000000,,3.38,,,,,,,,,,,,,,,,,,,,,,true,true,12,2020-04-01,2021-03-31,0
2020-10-30,69320,2020-03-31,2,,,,,,,,,,,,,,,,,,,,50250000000,22310000000,0.444,,22305000000,,,,,,,,,,,,true,false,12,2019-04-01,2020-03-31,-1
2020-10-30,69320,2020-03-31,2,,,,,,,,,,,,,,,,,,,,,,,,,,,,,30.00,,,,14776321,95,,false,false,12,2019-04-01,2020-03-31,-1
2020-10-30,69320,2021-03-31,2,,,,,,,,,,,,,,,,,,,,,,,,,,,,,7.50,,,,,,,false,false,12,2020-04-01,2021-03-31,0
2020-10-30,69320,2021-03-31,2,,,,,,,,,,,,,,,,,,,,,,,,,,,,,15.00,,,,,,,false,true,12,2020-04-01,2021-03-31,0
2020-10-30,69320,2021-03-31,2,,,,,,,,,,,,,,,,,,,,,,,,,,,,,,,,,14776321,95,14776226,false,false,6,2020-04-01,2020-09-30,0
2020-10-30,69320,2020-03-31,2,,,,,,,,,,,,,,,,,,,,,,,,,,,,,,,,,,,14776226,false,false,6,2019-04-01,2019-09-30,-1
2021-01-29,69320,2021-03-31,3,24603000000,-0.145,,,,,1015000000,-0.334,1078000000,-0.277,,657000000,,44.49,,,,,,49372000000,22040000000,0.446,,22035000000,,,,,,,,,,,,true,false,9,2020-04-01,2020-12-31,0
2021-01-29,69320,2020-03-31,3,28763000000,-0.022,,,,,1525000000,-0.154,1491000000,-0.262,,1066000000,,72.16,,,,,,,,,,,,,,,,,,,,,,true,false,9,2019-04-01,2019-12-31,-1
2021-01-29,69320,2021-03-31,3,33500000000,-0.145,,,,,1300000000,-0.488,1300000000,-0.493,,700000000,,47.37,,,,,,,,,,,,,,,,,,,,,,true,true,12,2020-04-01,2021-03-31,0
2021-01-29,69320,2020-03-31,3,,,,,,,,,,,,,,,,,,,,50250000000,22310000000,0.444,,22305000000,,,,,,,,,,,,true,false,12,2019-04-01,2020-03-31,-1
2021-01-29,69320,2020-03-31,3,,,,,,,,,,,,,,,,,,,,,,,,,,,,,30.00,,,,14776321,95,,false,false,12,2019-04-01,2020-03-31,-1
2021-01-29,69320,2021-03-31,3,,,,,,,,,,,,,,,,,,,,,,,,,,,,,7.50,,,,,,,false,false,12,2020-04-01,2021-03-31,0
2021-01-29,69320,2021-03-31,3,,,,,,,,,,,,,,,,,,,,,,,,,,,,,15.00,,,,,,,false,true,12,2020-04-01,2021-03-31,0
2021-01-29,69320,2021-03-31,3,,,,,,,,,,,,,,,,,,,,,,,,,,,,,,,,,14776321,95,14776226,false,false,9,2020-04-01,2020-12-31,0
2021-01-29,69320,2020-03-31,3,,,,,,,,,,,,,,,,,,,,,,,,,,,,,,,,,,,14776226,false,false,9,2019-04-01,2019-12-31,-1
2021-04-27,69320,2021-03-31,,35000000000,0.045,,,,,1900000000,0.462,1900000000,0.462,,1200000000,,81.21,,,,,,,,,,,,,,,,,,,,,,true,true,12,2020-04-01,2021-03-31,0
2021-04-27,69320,2020-03-31,,39171000000,,,,,,2541000000,,2562000000,,,1917000000,,129.77,,,,,,,,,,,,,,,,,,,,,,true,false,12,2019-04-01,2020-03-31,-1
2021-04-30,69320,2021-03-31,,35417000000,-0.096,,,,,1907000000,-0.249,1948000000,-0.240,,1277000000,,86.43,,0.056,0.039,0.054,,50547000000,23541000000,0.466,1592.88,23536000000,6069000000,-2709000000,-2332000000,9885000000,,0.174,,,,,,true,false,12,2020-04-01,2021-03-31,0
2021-04-30,69320,2020-03-31,,39171000000,-0.015,,,,,2541000000,-0.079,2562000000,-0.206,,1917000000,,129.77,,0.089,0.051,0.065,,50250000000,22310000000,0.444,1509.54,22305000000,2779000000,-2250000000,-2002000000,8797000000,,0.231,,,,,,true,false,12,2019-04-01,2020-03-31,-1
2021-04-30,69320,2022-03-31,,17200000000,0.106,,,,,900000000,1.046,800000000,0.331,,500000000,,33.84,,,,,,,,,,,,,,,,,,,,,,true,true,6,2021-04-01,2021-09-30,1
2021-04-30,69320,2022-03-31,,37300000000,0.053,,,,,2800000000,0.468,2600000000,0.334,,1900000000,,128.58,,,,,,,,,,,,,,,,0.117,,,,,,true,true,12,2021-04-01,2022-03-31,1
2021-04-30,69320,2021-03-31,,18486000000,-0.164,,,,,-609000000,,959000000,3.237,850000000,,5.961,57.58,,,,,,32552000000,13023000000,0.400,881.41,13023000000,,,,,15.00,,,,14776321,95,14776226,false,false,12,2020-04-01,2021-03-31,0
2021-04-30,69320,2020-03-31,,22118000000,-0.022,,,,,128000000,-0.643,226000000,-0.616,122000000,,-0.652,8.27,,,,,,31407000000,12546000000,0.399,849.13,12546000000,,,,,30.00,,,,14776321,95,14776226,false,false,12,2019-04-01,2020-03-31,-1
2021-04-30,69320,2022-03-31,,,,,,,,,,,,,,,,,,,,,,,,,,,,,,15.00,,,,,,,false,true,12,2021-04-01,2022-03-31,1
2021-04-30,69320,2021-03-31,,35417000000,-0.096,,,,,1907000000,-0.249,1948000000,-0.240,,1277000000,,86.43,,0.056,0.039,0.054,,50547000000,23541000000,0.466,1592.88,23536000000,5844000000,-2484000000,-2332000000,9885000000,,0.174,,,,,,true,false,12,2020-04-01,2021-03-31,0
2021-04-30,69320,2020-03-31,,39171000000,-0.015,,,,,2541000000,-0.079,2562000000,-0.206,,1917000000,,129.77,,0.089,0.051,0.065,,50250000000,22310000000,0.444,1509.54,22305000000,2779000000,-2250000000,-2002000000,8797000000,,0.231,,,,,,true,false,12,2019-04-01,2020-03-31,-1
2021-04-30,69320,2022-03-31,,17200000000,0.106,,,,,900000000,1.046,800000000,0.331,,500000000,,33.84,,,,,,,,,,,,,,,,,,,,,,true,true,6,2021-04-01,2021-09-30,1
2021-04-30,69320,2022-03-31,,37300000000,0.053,,,,,2800000000,0.468,2600000000,0.334,,1900000000,,128.58,,,,,,,,,,,,,,,,0.117,,,,,,true,true,12,2021-04-01,2022-03-31,1
2021-04-30,69320,2021-03-31,,18486000000,-0.164,,,,,-609000000,,959000000,3.237,850000000,,5.961,57.58,,,,,,32552000000,13023000000,0.400,881.41,13023000000,,,,,15.00,,,,14776321,95,14776226,false,false,12,2020-04-01,2021-03-31,0
2021-04-30,69320,2020-03-31,,22118000000,-0.022,,,,,128000000,-0.643,226000000,-0.616,122000000,,-0.652,8.27,,,,,,31407000000,12546000000,0.399,849.13,12546000000,,,,,30.00,,,,14776321,95,14776226,false,false,12,2019-04-01,2020-03-31,-1
2021-04-30,69320,2022-03-31,,,,,,,,,,,,,,,,,,,,,,,,,,,,,,15.00,,,,,,,false,true,12,2021-04-01,2022-03-31,1
2021-07-30,69320,2022-03-31,1,9298000000,0.231,,,,,1007000000,2.349,1164000000,2.051,,908000000,,61.49,,,,,,51639000000,25176000000,0.487,,25171000000,,,,,,,,,,,,true,false,3,2021-04-01,2021-06-30,0
2021-07-30,69320,2021-03-31,1,7556000000,-0.156,,,,,300000000,-0.149,381000000,0.195,,245000000,,16.60,,,,,,,,,,,,,,,,,,,,,,true,false,3,2020-04-01,2020-06-30,-1
2021-07-30,69320,2022-03-31,1,18000000000,0.157,,,,,1200000000,1.728,1300000000,1.164,,1000000000,,67.68,,,,,,,,,,,,,,,,,,,,,,true,true,6,2021-04-01,2021-09-30,0
2021-07-30,69320,2022-03-31,1,37300000000,0.053,,,,,2800000000,0.468,2600000000,0.334,,1900000000,,128.58,,,,,,,,,,,,,,,,,,,,,,true,true,12,2021-04-01,2022-03-31,0
2021-07-30,69320,2021-03-31,1,,,,,,,,,,,,,,,,,,,,50547000000,23541000000,0.466,,23536000000,,,,,,,,,,,,true,false,12,2020-04-01,2021-03-31,-1
2021-07-30,69320,2021-03-31,1,,,,,,,,,,,,,,,,,,,,,,,,,,,,,15.00,,,,14776321,95,,false,false,12,2020-04-01,2021-03-31,-1
2021-07-30,69320,2022-03-31,1,,,,,,,,,,,,,,,,,,,,,,,,,,,,,15.00,,,,,,,false,true,12,2021-04-01,2022-03-31,0
2021-07-30,69320,2022-03-31,1,,,,,,,,,,,,,,,,,,,,,,,,,,,,,,,,,14776321,95,14776226,false,false,3,2021-04-01,2021-06-30,0
2021-07-30,69320,2021-03-31,1,,,,,,,,,,,,,,,,,,,,,,,,,,,,,,,,,,,14776226,false,false,3,2020-04-01,2020-06-30,-1
2021-10-26,69320,2022-03-31,,18900000000,0.050,,,,,1600000000,0.333,1800000000,0.385,,1300000000,,87.98,,,,,,,,,,,,,,,,,,,,,,true,true,6,2021-04-01,2021-09-30,0
2021-10-26,69320,2021-03-31,,15557000000,,,,,,439000000,,600000000,,,360000000,,24.37,,,,,,,,,,,,,,,,,,,,,,true,false,6,2020-04-01,2020-09-30,-1
2021-10-29,69320,2022-03-31,2,18952000000,0.218,,,,,1640000000,2.730,1860000000,2.097,,1374000000,,93.01,,,,,,51477000000,25695000000,0.499,,25690000000,,,,,,,,,,,,true,false,6,2021-04-01,2021-09-30,0
2021-10-29,69320,2021-03-31,2,15557000000,-0.175,,,,,439000000,-0.572,600000000,-0.377,,360000000,,24.37,,,,,,,,,,,,,,,,,,,,,,true,false,6,2020-04-01,2020-09-30,-1
2021-10-29,69320,2022-03-31,2,39000000000,0.101,,,,,3200000000,0.677,3400000000,0.745,,2500000000,,169.19,,,,,,,,,,,,,,,,,,,,,,true,true,12,2021-04-01,2022-03-31,0
2021-10-29,69320,2021-03-31,2,,,,,,,,,,,,,,,,,,,,50547000000,23541000000,0.466,,23536000000,,,,,,,,,,,,true,false,12,2020-04-01,2021-03-31,-1
2021-10-29,69320,2021-03-31,2,,,,,,,,,,,,,,,,,,,,,,,,,,,,,15.00,,,,14776321,95,,false,false,12,2020-04-01,2021-03-31,-1
2021-10-29,69320,2022-03-31,2,,,,,,,,,,,,,,,,,,,,,,,,,,,,,7.50,,,,,,,false,false,12,2021-04-01,2022-03-31,0
2021-10-29,69320,2022-03-31,2,,,,,,,,,,,,,,,,,,,,,,,,,,,,,15.00,,,,,,,false,true,12,2021-04-01,2022-03-31,0
2021-10-29,69320,2022-03-31,2,,,,,,,,,,,,,,,,,,,,,,,,,,,,,,,,,14776321,95,14776226,false,false,6,2021-04-01,2021-09-30,0
2021-10-29,69320,2021-03-31,2,,,,,,,,,,,,,,,,,,,,,,,,,,,,,,,,,,,14776226,false,false,6,2020-04-01,2020-09-30,-1
2022-01-31,69320,2022-03-31,3,28637000000,0.164,,,,,2463000000,1.426,2836000000,1.629,,2132000000,,144.33,,,,,,53126000000,26762000000,0.504,,26762000000,,,,,,,,,,,,true,false,9,2021-04-01,2021-12-31,0
2022-01-31,69320,2021-03-31,3,24603000000,-0.145,,,,,1015000000,-0.334,1078000000,-0.277,,657000000,,44.49,,,,,,,,,,,,,,,,,,,,,,true,false,9,2020-04-01,2020-12-31,-1
2022-01-31,69320,2022-03-31,3,39000000000,0.101,,,,,3200000000,0.677,3400000000,0.745,,2500000000,,169.19,,,,,,,,,,,,,,,,,,,,,,true,true,12,2021-04-01,2022-03-31,0
2022-01-31,69320,2021-03-31,3,,,,,,,,,,,,,,,,,,,,50547000000,23541000000,0.466,,23536000000,,,,,,,,,,,,true,false,12,2020-04-01,2021-03-31,-1
2022-01-31,69320,2021-03-31,3,,,,,,,,,,,,,,,,,,,,,,,,,,,,,15.00,,,,14776321,95,,false,false,12,2020-04-01,2021-03-31,-1
2022-01-31,69320,2022-03-31,3,,,,,,,,,,,,,,,,,,,,,,,,,,,,,7.50,,,,,,,false,false,12,2021-04-01,2022-03-31,0
2022-01-31,69320,2022-03-31,3,,,,,,,,,,,,,,,,,,,,,,,,,,,,,15.00,,,,,,,false,true,12,2021-04-01,2022-03-31,0
2022-01-31,69320,2022-03-31,3,,,,,,,,,,,,,,,,,,,,,,,,,,,,,,,,,14776321,152,14776211,false,false,9,2021-04-01,2021-12-31,0
2022-01-31,69320,2021-03-31,3,,,,,,,,,,,,,,,,,,,,,,,,,,,,,,,,,,,14776226,false,false,9,2020-04-01,2020-12-31,-1
2022-04-28,69320,2022-03-31,,40644000000,0.148,,,,,3827000000,1.006,4249000000,1.180,,3330000000,,225.37,,0.129,0.080,0.094,,55595000000,28243000000,0.508,1911.39,28243000000,5034000000,-3062000000,-2131000000,10602000000,,0.100,,,,,,true,false,12,2021-04-01,2022-03-31,0
2022-04-28,69320,2021-03-31,,35417000000,-0.096,,,,,1907000000,-0.249,1948000000,-0.240,,1277000000,,86.43,,0.056,0.039,0.054,,50547000000,23541000000,0.466,1592.88,23536000000,5844000000,-2484000000,-2332000000,9885000000,,0.174,,,,,,true,false,12,2020-04-01,2021-03-31,-1
2022-04-28,69320,2023-03-31,,19500000000,0.029,,,,,700000000,-0.573,900000000,-0.516,,600000000,,40.61,,,,,,,,,,,,,,,,,,,,,,true,true,6,2022-04-01,2022-09-30,1
2022-04-28,69320,2023-03-31,,43000000000,0.058,,,,,2500000000,-0.347,2700000000,-0.365,,1900000000,,128.59,,,,,,,,,,,,,,,,,,,,,,true,true,12,2022-04-01,2023-03-31,1
2022-04-28,69320,2022-03-31,,21631000000,0.170,,,,,657000000,,1940000000,1.021,1580000000,,0.858,106.97,,,,,,33937000000,14366000000,0.423,972.24,14366000000,,,,,22.50,,,,14776321,152,14776200,false,false,12,2021-04-01,2022-03-31,0
2022-04-28,69320,2021-03-31,,18486000000,-0.164,,,,,-609000000,,959000000,3.237,850000000,,5.961,57.58,,,,,,32552000000,13023000000,0.400,881.41,13023000000,,,,,15.00,,,,14776321,95,14776226,false,false,12,2020-04-01,2021-03-31,-1
2022-04-28,69320,2023-03-31,,,,,,,,,,,,,,,,,,,,,,,,,,,,,,30.00,,,,,,,false,true,12,2022-04-01,2023-03-31,1
2022-07-29,69320,2023-03-31,1,10135000000,0.090,,,,,637000000,-0.367,935000000,-0.197,,351000000,,23.78,,,,,,55583000000,29509000000,0.531,,29508000000,,,,,,,,,,,,true,false,3,2022-04-01,2022-06-30,0
2022-07-29,69320,2022-03-31,1,9298000000,0.231,,,,,1007000000,2.349,1164000000,2.051,,908000000,,61.49,,,,,,,,,,,,,,,,,,,,,,true,false,3,2021-04-01,2021-06-30,-1
2022-07-29,69320,2023-03-31,1,20000000000,0.055,,,,,900000000,-0.452,1400000000,-0.248,,600000000,,40.61,,,,,,,,,,,,,,,,,,,,,,true,true,6,2022-04-01,2022-09-30,0
2022-07-29,69320,2023-03-31,1,43000000000,0.058,,,,,2500000000,-0.347,2700000000,-0.365,,1900000000,,128.59,,,,,,,,,,,,,,,,,,,,,,true,true,12,2022-04-01,2023-03-31,0
2022-07-29,69320,2022-03-31,1,,,,,,,,,,,,,,,,,,,,55595000000,28243000000,0.508,,28243000000,,,,,,,,,,,,true,false,12,2021-04-01,2022-03-31,-1
2022-07-29,69320,2022-03-31,1,,,,,,,,,,,,,,,,,,,,,,,,,,,,,22.50,,,,14776321,152,,false,false,12,2021-04-01,2022-03-31,-1
2022-07-29,69320,2023-03-31,1,,,,,,,,,,,,,,,,,,,,,,,,,,,,,30.00,,,,,,,false,true,12,2022-04-01,2023-03-31,0
2022-07-29,69320,2023-03-31,1,,,,,,,,,,,,,,,,,,,,,,,,,,,,,,,,,14776321,152,14776169,false,false,3,2022-04-01,2022-06-30,0
2022-07-29,69320,2022-03-31,1,,,,,,,,,,,,,,,,,,,,,,,,,,,,,,,,,,,14776226,false,false,3,2021-04-01,2021-06-30,-1
2022-10-27,69320,2023-03-31,,21000000000,0.050,,,,,1100000000,0.222,1700000000,0.214,,900000000,,60.91,,,,,,,,,,,,,,,,,,,,,,true,true,6,2022-04-01,2022-09-30,0
2022-10-27,69320,2022-03-31,,18952000000,,,,,,1640000000,,1860000000,,,1374000000,,93.01,,,,,,,,,,,,,,,,,,,,,,true,false,6,2021-04-01,2021-09-30,-1
2022-10-31,69320,2023-03-31,2,21187000000,0.118,,,,,1166000000,-0.289,1706000000,-0.083,,962000000,,65.16,,,,,,55645000000,30702000000,0.552,,30702000000,,,,,,,,,,,,true,false,6,2022-04-01,2022-09-30,0
2022-10-31,69320,2022-03-31,2,18952000000,0.218,,,,,1640000000,2.730,1860000000,2.097,,1374000000,,93.01,,,,,,,,,,,,,,,,,,,,,,true,false,6,2021-04-01,2021-09-30,-1
2022-10-31,69320,2023-03-31,2,43000000000,0.058,,,,,2500000000,-0.347,2700000000,-0.365,,1900000000,,128.59,,,,,,,,,,,,,,,,,,,,,,true,true,12,2022-04-01,2023-03-31,0
2022-10-31,69320,2022-03-31,2,,,,,,,,,,,,,,,,,,,,55595000000,28243000000,0.508,,28243000000,,,,,,,,,,,,true,false,12,2021-04-01,2022-03-31,-1
2022-10-31,69320,2022-03-31,2,,,,,,,,,,,,,,,,,,,,,,,,,,,,,22.50,,,,14776321,152,,false,false,12,2021-04-01,2022-03-31,-1
2022-10-31,69320,2023-03-31,2,,,,,,,,,,,,,,,,,,,,,,,,,,,,,15.00,,,,,,,false,false,12,2022-04-01,2023-03-31,0
2022-10-31,69320,2023-03-31,2,,,,,,,,,,,,,,,,,,,,,,,,,,,,,30.00,,,,,,,false,true,12,2022-04-01,2023-03-31,0
2022-10-31,69320,2023-03-31,2,,,,,,,,,,,,,,,,,,,,,,,,,,,,,,,,,14776321,152,14776169,false,false,6,2022-04-01,2022-09-30,0
2022-10-31,69320,2022-03-31,2,,,,,,,,,,,,,,,,,,,,,,,,,,,,,,,,,,,14776226,false,false,6,2021-04-01,2021-09-30,-1
2023-01-31,69320,2023-03-31,3,32881000000,0.148,,,,,1715000000,-0.304,2062000000,-0.273,,1065000000,,72.11,,,,,,57426000000,30960000000,0.539,,30960000000,,,,,,,,,,,,true,false,9,2022-04-01,2022-12-31,0
2023-01-31,69320,2022-03-31,3,28637000000,0.164,,,,,2463000000,1.426,2836000000,1.629,,2132000000,,144.33,,,,,,,,,,,,,,,,,,,,,,true,false,9,2021-04-01,2021-12-31,-1
2023-01-31,69320,2023-03-31,3,43000000000,0.058,,,,,2500000000,-0.347,2700000000,-0.365,,1900000000,,128.59,,,,,,,,,,,,,,,,,,,,,,true,true,12,2022-04-01,2023-03-31,0
2023-01-31,69320,2022-03-31,3,,,,,,,,,,,,,,,,,,,,55595000000,28243000000,0.508,,28243000000,,,,,,,,,,,,true,false,12,2021-04-01,2022-03-31,-1
2023-01-31,69320,2022-03-31,3,,,,,,,,,,,,,,,,,,,,,,,,,,,,,22.50,,,,14776321,152,,false,false,12,2021-04-01,2022-03-31,-1
2023-01-31,69320,2023-03-31,3,,,,,,,,,,,,,,,,,,,,,,,,,,,,,15.00,,,,,,,false,false,12,2022-04-01,2023-03-31,0
2023-01-31,69320,2023-03-31,3,,,,,,,,,,,,,,,,,,,,,,,,,,,,,30.00,,,,,,,false,true,12,2022-04-01,2023-03-31,0
2023-01-31,69320,2023-03-31,3,,,,,,,,,,,,,,,,,,,,,,,,,,,,,,,,,14776321,152,14776169,false,false,9,2022-04-01,2022-12-31,0
2023-01-31,69320,2022-03-31,3,,,,,,,,,,,,,,,,,,,,,,,,,,,,,,,,,,,14776211,false,false,9,2021-04-01,2021-12-31,-1
2023-04-25,69320,2023-03-31,,45000000000,0.047,,,,,3000000000,0.200,3600000000,0.333,,2900000000,,196.26,,,,,,,,,,,,,,,,,,,,,,true,true,12,2022-04-01,2023-03-31,0
2023-04-25,69320,2022-03-31,,40644000000,,,,,,3827000000,,4249000000,,,3330000000,,225.37,,,,,,,,,,,,,,,,,,,,,,true,false,12,2021-04-01,2022-03-31,-1
2023-04-28,69320,2023-03-31,,45731000000,0.125,,,,,3092000000,-0.192,3630000000,-0.146,,2962000000,,200.48,,0.099,0.064,0.068,,57343000000,31535000000,0.550,2134.19,31535000000,3901000000,-2789000000,-461000000,11847000000,,0.150,,,,,,true,false,12,2022-04-01,2023-03-31,0
2023-04-28,69320,2022-03-31,,40644000000,0.148,,,,,3827000000,1.006,4249000000,1.180,,3330000000,,225.37,,0.129,0.080,0.094,,55595000000,28243000000,0.508,1911.39,28243000000,5034000000,-3062000000,-2131000000,10602000000,,0.100,,,,,,true,false,12,2021-04-01,2022-03-31,-1
2023-04-28,69320,2024-03-31,,23000000000,0.086,,,,,1300000000,0.115,1300000000,-0.238,,900000000,,60.91,,,,,,,,,,,,,,,,,,,,,,true,true,6,2023-04-01,2023-09-30,1
2023-04-28,69320,2024-03-31,,48500000000,0.061,,,,,4800000000,0.552,4500000000,0.239,,3200000000,,216.56,,,,,,,,,,,,,,,,,,,,,,true,true,12,2023-04-01,2024-03-31,1
2023-04-28,69320,2023-03-31,,24445000000,0.130,,,,,64000000,-0.903,1355000000,-0.301,1463000000,,-0.074,99.03,,,,,,36037000000,15231000000,0.423,1030.79,15231000000,,,,,30.00,,,,14776321,152,14776169,false,false,12,2022-04-01,2023-03-31,0
2023-04-28,69320,2022-03-31,,21631000000,0.170,,,,,657000000,,1940000000,1.021,1580000000,,0.858,106.97,,,,,,33937000000,14366000000,0.423,972.24,14366000000,,,,,22.50,,,,14776321,152,14776200,false,false,12,2021-04-01,2022-03-31,-1
2023-04-28,69320,2024-03-31,,,,,,,,,,,,,,,,,,,,,,,,,,,,,,35.00,,,,,,,false,true,12,2023-04-01,2024-03-31,1
2023-07-31,69320,2024-03-31,1,11758000000,0.160,,,,,862000000,0.353,1001000000,0.071,,760000000,,51.48,,,,,,59771000000,33014000000,0.552,,33014000000,,,,,,,,,,,,true,false,3,2023-04-01,2023-06-30,0
2023-07-31,69320,2023-03-31,1,10135000000,0.090,,,,,637000000,-0.367,935000000,-0.197,,351000000,,23.78,,,,,,,,,,,,,,,,,,,,,,true,false,3,2022-04-01,2022-06-30,-1
2023-07-31,69320,2024-03-31,1,23000000000,0.086,,,,,1500000000,0.286,1500000000,-0.121,,1000000000,,67.67,,,,,,,,,,,,,,,,,,,,,,true,true,6,2023-04-01,2023-09-30,0
2023-07-31,69320,2024-03-31,1,48500000000,0.061,,,,,4800000000,0.552,4500000000,0.239,,3200000000,,216.56,,,,,,,,,,,,,,,,,,,,,,true,true,12,2023-04-01,2024-03-31,0
2023-07-31,69320,2023-03-31,1,,,,,,,,,,,,,,,,,,,,57343000000,31535000000,0.550,,31535000000,,,,,,,,,,,,true,false,12,2022-04-01,2023-03-31,-1
2023-07-31,69320,2023-03-31,1,,,,,,,,,,,,,,,,,,,,,,,,,,,,,30.00,,,,14776321,152,,false,false,12,2022-04-01,2023-03-31,-1
2023-07-31,69320,2024-03-31,1,,,,,,,,,,,,,,,,,,,,,,,,,,,,,35.00,,,,,,,false,true,12,2023-04-01,2024-03-31,0
2023-07-31,69320,2024-03-31,1,,,,,,,,,,,,,,,,,,,,,,,,,,,,,,,,,14776321,152,14776169,false,false,3,2023-04-01,2023-06-30,0
2023-07-31,69320,2023-03-31,1,,,,,,,,,,,,,,,,,,,,,,,,,,,,,,,,,,,14776169,false,false,3,2022-04-01,2022-06-30,-1
2023-10-26,69320,2024-03-31,,23000000000,0.000,,,,,2000000000,0.333,2300000000,0.533,,1800000000,,121.81,,,,,,,,,,,,,,,,,,,,,,true,true,6,2023-04-01,2023-09-30,0
2023-10-26,69320,2023-03-31,,21187000000,,,,,,1166000000,,1706000000,,,962000000,,65.16,,,,,,,,,,,,,,,,,,,,,,true,false,6,2022-04-01,2022-09-30,-1
2023-10-31,69320,2024-03-31,2,23907000000,0.128,,,,,2018000000,0.731,2370000000,0.389,,1804000000,,122.15,,,,,,62160000000,35349000000,0.569,,35349000000,,,,,,,,,,,,true,false,6,2023-04-01,2023-09-30,0
2023-10-31,69320,2023-03-31,2,21187000000,0.118,,,,,1166000000,-0.289,1706000000,-0.083,,962000000,,65.16,,,,,,,,,,,,,,,,,,,,,,true,false,6,2022-04-01,2022-09-30,-1
2023-10-31,69320,2024-03-31,2,48500000000,0.061,,,,,4800000000,0.552,4500000000,0.239,,3200000000,,216.56,,,,,,,,,,,,,,,,,,,,,,true,true,12,2023-04-01,2024-03-31,0
2023-10-31,69320,2023-03-31,2,,,,,,,,,,,,,,,,,,,,57343000000,31535000000,0.550,,31535000000,,,,,,,,,,,,true,false,12,2022-04-01,2023-03-31,-1
2023-10-31,69320,2023-03-31,2,,,,,,,,,,,,,,,,,,,,,,,,,,,,,30.00,,,,14776321,152,,false,false,12,2022-04-01,2023-03-31,-1
2023-10-31,69320,2024-03-31,2,,,,,,,,,,,,,,,,,,,,,,,,,,,,,17.50,,,,,,,false,false,12,2023-04-01,2024-03-31,0
2023-10-31,69320,2024-03-31,2,,,,,,,,,,,,,,,,,,,,,,,,,,,,,35.00,,,,,,,false,true,12,2023-04-01,2024-03-31,0
2023-10-31,69320,2024-03-31,2,,,,,,,,,,,,,,,,,,,,,,,,,,,,,,,,,14776321,152,14776169,false,false,6,2023-04-01,2023-09-30,0
2023-10-31,69320,2023-03-31,2,,,,,,,,,,,,,,,,,,,,,,,,,,,,,,,,,,,14776169,false,false,6,2022-04-01,2022-09-30,-1
2024-01-31,69320,2024-03-31,3,37221000000,0.132,,,,,3543000000,1.066,3972000000,0.926,,3066000000,,207.50,,,,,,62336000000,36620000000,0.587,,36620000000,,,,,,,,,,,,true,false,9,2023-04-01,2023-12-31,0
2024-01-31,69320,2023-03-31,3,32881000000,0.148,,,,,1715000000,-0.304,2062000000,-0.273,,1065000000,,72.11,,,,,,,,,,,,,,,,,,,,,,true,false,9,2022-04-01,2022-12-31,-1
2024-01-31,69320,2024-03-31,3,48500000000,0.061,,,,,4800000000,0.552,4500000000,0.239,,3200000000,,216.56,,,,,,,,,,,,,,,,,,,,,,true,true,12,2023-04-01,2024-03-31,0
2024-01-31,69320,2023-03-31,3,,,,,,,,,,,,,,,,,,,,57343000000,31535000000,0.550,,31535000000,,,,,,,,,,,,true,false,12,2022-04-01,2023-03-31,-1
2024-01-31,69320,2023-03-31,3,,,,,,,,,,,,,,,,,,,,,,,,,,,,,30.00,,,,14776321,152,,false,false,12,2022-04-01,2023-03-31,-1
2024-01-31,69320,2024-03-31,3,,,,,,,,,,,,,,,,,,,,,,,,,,,,,17.50,,,,,,,false,false,12,2023-04-01,2024-03-31,0
2024-01-31,69320,2024-03-31,3,,,,,,,,,,,,,,,,,,,,,,,,,,,,,35.00,,,,,,,false,true,12,2023-04-01,2024-03-31,0
2024-01-31,69320,2024-03-31,3,,,,,,,,,,,,,,,,,,,,,,,,,,,,,,,,,14776321,152,14776169,false,false,9,2023-04-01,2023-12-31,0
2024-01-31,69320,2023-03-31,3,,,,,,,,,,,,,,,,,,,,,,,,,,,,,,,,,,,14776169,false,false,9,2022-04-01,2022-12-31,-1
2024-04-25,69320,2024-03-31,,51000000000,0.052,,,,,5200000000,0.083,5700000000,0.267,,4600000000,,311.31,,,,,,,,,,,,,,,,,,,,,,true,true,12,2023-04-01,2024-03-31,0
2024-04-25,69320,2023-03-31,,45731000000,,,,,,3092000000,,3630000000,,,2962000000,,200.48,,,,,,,,,,,,,,,,,,,,,,true,false,12,2022-04-01,2023-03-31,-1
2024-04-30,69320,2024-03-31,,51706000000,0.131,,,,,5203000000,0.683,5724000000,0.577,,4649000000,,314.67,,0.133,0.095,0.101,,62753000000,38567000000,0.615,2610.11,38567000000,10152000000,-2904000000,-4094000000,16163000000,,0.127,,,,,,true,false,12,2023-04-01,2024-03-31,0
2024-04-30,69320,2023-03-31,,45731000000,0.125,,,,,3092000000,-0.192,3630000000,-0.146,,2962000000,,200.48,,0.099,0.064,0.068,,57343000000,31535000000,0.550,2134.19,31535000000,3901000000,-2789000000,-461000000,11847000000,,0.150,,,,,,true,false,12,2022-04-01,2023-03-31,-1
2024-04-30,69320,2025-03-31,,24500000000,0.025,,,,,1700000000,-0.158,1800000000,-0.241,,1400000000,,94.75,,,,,,,,,,,,,,,,,,,,,,true,true,6,2024-04-01,2024-09-30,1
2024-04-30,69320,2025-03-31,,53000000000,0.025,,,,,5300000000,0.018,5500000000,-0.039,,4200000000,,284.24,,,,,,,,,,,,,,,,,,,,,,true,true,12,2024-04-01,2025-03-31,1
2024-04-30,69320,2024-03-31,,27474000000,0.124,,,,,1388000000,,2845000000,1.099,2736000000,,0.870,185.16,,,,,,35891000000,17545000000,0.489,1187.39,17545000000,,,,,40.00,,,,14776321,152,14776169,false,false,12,2023-04-01,2024-03-31,0
2024-04-30,69320,2023-03-31,,24445000000,0.130,,,,,64000000,-0.903,1355000000,-0.301,1463000000,,-0.074,99.03,,,,,,36037000000,15231000000,0.423,1030.79,15231000000,,,,,30.00,,,,14776321,152,14776169,false,false,12,2022-04-01,2023-03-31,-1
2024-04-30,69320,2025-03-31,,,,,,,,,,,,,,,,,,,,,,,,,,,,,,40.00,,,,,,,false,true,12,2024-04-01,2025-03-31,1
2024-07-31,69320,2025-03-31,1,11781000000,0.002,,,,,597000000,-0.307,540000000,-0.460,,123000000,,8.33,,,,,,64151000000,39720000000,0.619,,39719000000,,,,,,,,,,,,true,false,3,2024-04-01,2024-06-30,0
2024-07-31,69320,2024-03-31,1,11758000000,0.160,,,,,862000000,0.353,1001000000,0.071,,760000000,,51.48,,,,,,,,,,,,,,,,,,,,,,true,false,3,2023-04-01,2023-06-30,-1
2024-07-31,69320,2025-03-31,1,24500000000,0.025,,,,,1700000000,-0.158,1800000000,-0.241,,1400000000,,94.75,,,,,,,,,,,,,,,,,,,,,,true,true,6,2024-04-01,2024-09-30,0
2024-07-31,69320,2025-03-31,1,53000000000,0.025,,,,,5300000000,0.018,5500000000,-0.039,,4200000000,,284.24,,,,,,,,,,,,,,,,,,,,,,true,true,12,2024-04-01,2025-03-31,0
2024-07-31,69320,2024-03-31,1,,,,,,,,,,,,,,,,,,,,62753000000,38567000000,0.615,,38567000000,,,,,,,,,,,,true,false,12,2023-04-01,2024-03-31,-1
2024-07-31,69320,2024-03-31,1,,,,,,,,,,,,,,,,,,,,,,,,,,,,,40.00,,,,14776321,152,,false,false,12,2023-04-01,2024-03-31,-1
2024-07-31,69320,2025-03-31,1,,,,,,,,,,,,,,,,,,,,,,,,,,,,,40.00,,,,,,,false,true,12,2024-04-01,2025-03-31,0
2024-07-31,69320,2025-03-31,1,,,,,,,,,,,,,,,,,,,,,,,,,,,,,,,,,14776321,152,14776169,false,false,3,2024-04-01,2024-06-30,0
2024-07-31,69320,2024-03-31,1,,,,,,,,,,,,,,,,,,,,,,,,,,,,,,,,,,,14776169,false,false,3,2023-04-01,2023-06-30,-1
2024-10-31,69320,2025-03-31,2,24939000000,0.043,,,,,1672000000,-0.172,1918000000,-0.191,,1275000000,,86.30,,,,,,66845000000,41257000000,0.617,,41257000000,,,,,,,,,,,,true,false,6,2024-04-01,2024-09-30,0
2024-10-31,69320,2024-03-31,2,23907000000,0.128,,,,,2018000000,0.731,2370000000,0.389,,1804000000,,122.15,,,,,,,,,,,,,,,,,,,,,,true,false,6,2023-04-01,2023-09-30,-1
2024-10-31,69320,2025-03-31,2,53000000000,0.025,,,,,5300000000,0.018,5500000000,-0.039,,4200000000,,284.24,,,,,,,,,,,,,,,,,,,,,,true,true,12,2024-04-01,2025-03-31,0
2024-10-31,69320,2024-03-31,2,,,,,,,,,,,,,,,,,,,,62753000000,38567000000,0.615,,38567000000,,,,,,,,,,,,true,false,12,2023-04-01,2024-03-31,-1
2024-10-31,69320,2024-03-31,2,,,,,,,,,,,,,,,,,,,,,,,,,,,,,40.00,,,,14776321,152,,false,false,12,2023-04-01,2024-03-31,-1
2024-10-31,69320,2025-03-31,2,,,,,,,,,,,,,,,,,,,,,,,,,,,,,20.00,,,,,,,false,false,12,2024-04-01,2025-03-31,0
2024-10-31,69320,2025-03-31,2,,,,,,,,,,,,,,,,,,,,,,,,,,,,,40.00,,,,,,,false,true,12,2024-04-01,2025-03-31,0
2024-10-31,69320,2025-03-31,2,,,,,,,,,,,,,,,,,,,,,,,,,,,,,,,,,14776321,196,14776148,false,false,6,2024-04-01,2024-09-30,0
2024-10-31,69320,2024-03-31,2,,,,,,,,,,,,,,,,,,,,,,,,,,,,,,,,,,,14776169,false,false,6,2023-04-01,2023-09-30,-1
2025-01-31,69320,2025-03-31,3,38734000000,0.041,,,,,3028000000,-0.145,3076000000,-0.226,,2153000000,,145.75,,,,,,67535000000,41790000000,0.619,,41790000000,,,,,,,,,,,,true,false,9,2024-04-01,2024-12-31,0
2025-01-31,69320,2024-03-31,3,37221000000,0.132,,,,,3543000000,1.066,3972000000,0.926,,3066000000,,207.50,,,,,,,,,,,,,,,,,,,,,,true,false,9,2023-04-01,2023-12-31,-1
2025-01-31,69320,2025-03-31,3,53000000000,0.025,,,,,5300000000,0.018,5500000000,-0.039,,4200000000,,284.24,,,,,,,,,,,,,,,,,,,,,,true,true,12,2024-04-01,2025-03-31,0
2025-01-31,69320,2024-03-31,3,,,,,,,,,,,,,,,,,,,,62753000000,38567000000,0.615,,38567000000,,,,,,,,,,,,true,false,12,2023-04-01,2024-03-31,-1
2025-01-31,69320,2024-03-31,3,,,,,,,,,,,,,,,,,,,,,,,,,,,,,40.00,,,,14776321,152,,false,false,12,2023-04-01,2024-03-31,-1
2025-01-31,69320,2025-03-31,3,,,,,,,,,,,,,,,,,,,,,,,,,,,,,20.00,,,,,,,false,false,12,2024-04-01,2025-03-31,0
2025-01-31,69320,2025-03-31,3,,,,,,,,,,,,,,,,,,,,,,,,,,,,,40.00,,,,,,,false,true,12,2024-04-01,2025-03-31,0
2025-01-31,69320,2025-03-31,3,,,,,,,,,,,,,,,,,,,,,,,,,,,,,,,,,14776321,196,14776140,false,false,9,2024-04-01,2024-12-31,0
2025-01-31,69320,2024-03-31,3,,,,,,,,,,,,,,,,,,,,,,,,,,,,,,,,,,,14776169,false,false,9,2023-04-01,2023-12-31,-1
2025-04-30,69320,2025-03-31,,53735000000,0.039,,,,,4930000000,-0.053,5411000000,-0.055,,4799000000,,324.85,,0.116,0.083,0.092,,67667000000,44052000000,0.651,2981.30,44052000000,2916000000,-4322000000,-6000000,15467000000,,0.154,,,,,,true,false,12,2024-04-01,2025-03-31,0
2025-04-30,69320,2024-03-31,,51706000000,0.131,,,,,5203000000,0.683,5724000000,0.577,,4649000000,,314.67,,0.133,0.095,0.101,,62753000000,38567000000,0.615,2610.11,38567000000,10152000000,-2904000000,-4094000000,16163000000,,0.127,,,,,,true,false,12,2023-04-01,2024-03-31,-1
2025-04-30,69320,2026-03-31,,26200000000,0.051,,,,,1900000000,0.136,2100000000,0.095,,1700000000,,115.05,,,,,,,,,,,,,,,,,,,,,,true,true,6,2025-04-01,2025-09-30,1
2025-04-30,69320,2026-03-31,,55700000000,0.037,,,,,5300000000,0.075,5600000000,0.035,,4100000000,,277.47,,,,,,,,,,,,,,,,,,,,,,true,true,12,2025-04-01,2026-03-31,1
2025-04-30,69320,2025-03-31,,29774000000,0.084,,,,,791000000,-0.430,2006000000,-0.295,2519000000,,-0.079,170.49,,,,,,38202000000,19482000000,0.510,1318.53,19482000000,,,,,50.00,,,,14776321,196,14776136,false,false,12,2024-04-01,2025-03-31,0
2025-04-30,69320,2024-03-31,,27474000000,0.124,,,,,1388000000,,2845000000,1.099,2736000000,,0.870,185.16,,,,,,35891000000,17545000000,0.489,1187.39,17545000000,,,,,40.00,,,,14776321,152,14776169,false,false,12,2023-04-01,2024-03-31,-1
2025-04-30,69320,2026-03-31,,,,,,,,,,,,,,,,,,,,,,,,,,,,,,84.00,,,,,,,false,true,12,2025-04-01,2026-03-31,1
