filing_date,code,fiscal_year_end,quarterly_period,net_sales,net_sales_change,revenue,revenue_change,operating_revenue,operating_revenue_change,operating_profit,operating_profit_change,ordinary_profit,ordinary_profit_change,net_income,net_income_of_parent,net_income_change,eps,diluted_eps,roe,roa,operating_profit_to_net_sales,operating_profit_to_revenue,total_assets,net_assets,equity_ratio,bps,owner_equity,operating_cash_flow,investing_cash_flow,financing_cash_flow,cash,dividend_per_share,payout_ratio,commemorative_dividend,extra_dividend,number_of_shares,number_of_treqsury_shares,avg_number_of_shares,is_consolidated,is_forecast,duration,period_start,period_end,period_pos
2015-07-28,69460,2016-03-31,1,4860000000,-0.022,,,,,-311000000,,-328000000,,,-496000000,,-17.57,,,,,,27634000000,6453000000,0.234,,6453000000,,,,,,,,,,,,true,false,3,2015-04-01,2015-06-30,0
2015-07-28,69460,2015-03-31,1,4971000000,-0.121,,,,,-349000000,,-376000000,,,-450000000,,-15.95,,,,,,,,,,,,,,,,,,,,,,true,false,3,2014-04-01,2014-06-30,-1
2015-07-28,69460,2016-03-31,1,25000000000,-0.027,,,,,500000000,0.033,400000000,-0.070,,200000000,,7.08,,,,,,,,,,,,,,,,,,,,,,true,true,12,2015-04-01,2016-03-31,0
2015-07-28,69460,2015-03-31,1,,,,,,,,,,,,,,,,,,,,29467000000,6969000000,0.237,,6969000000,,,,,,,,,,,,true,false,12,2014-04-01,2015-03-31,-1
2015-07-28,69460,2015-03-31,1,,,,,,,,,,,,,,,,,,,,,,,,,,,,,0.00,,,,28300000,49862,,false,false,12,2014-04-01,2015-03-31,-1
2015-07-28,69460,2016-03-31,1,,,,,,,,,,,,,,,,,,,,,,,,,,,,,0.00,,,,,,,false,true,12,2015-04-01,2016-03-31,0
2015-07-28,69460,2016-03-31,1,,,,,,,,,,,,,,,,,,,,,,,,,,,,,,,,,28300000,50862,28249463,false,false,3,2015-04-01,2015-06-30,0
2015-07-28,69460,2015-03-31,1,,,,,,,,,,,,,,,,,,,,,,,,,,,,,,,,,,,28251639,false,false,3,2014-04-01,2014-06-30,-1
2015-10-26,69460,2016-03-31,2,11581000000,-0.001,,,,,48000000,,10000000,,,-129000000,,-4.59,,,,,,28572000000,6824000000,0.239,,6824000000,,,,,,,,,,,,true,false,6,2015-04-01,2015-09-30,0
2015-10-26,69460,2015-03-31,2,11597000000,-0.104,,,,,-103000000,,-153000000,,,-219000000,,-7.78,,,,,,,,,,,,,,,,,,,,,,true,false,6,2014-04-01,2014-09-30,-1
2015-10-26,69460,2016-03-31,2,25000000000,-0.027,,,,,500000000,0.033,400000000,-0.070,,200000000,,7.08,,,,,,,,,,,,,,,,,,,,,,true,true,12,2015-04-01,2016-03-31,0
2015-10-26,69460,2015-03-31,2,,,,,,,,,,,,,,,,,,,,29467000000,6969000000,0.237,,6969000000,,,,,,,,,,,,true,false,12,2014-04-01,2015-03-31,-1
2015-10-26,69460,2015-03-31,2,,,,,,,,,,,,,,,,,,,,,,,,,,,,,0.00,,,,28300000,49862,,false,false,12,2014-04-01,2015-03-31,-1
2015-10-26,69460,2016-03-31,2,,,,,,,,,,,,,,,,,,,,,,,,,,,,,0.00,,,,,,,false,false,12,2015-04-01,2016-03-31,0
2015-10-26,69460,2016-03-31,2,,,,,,,,,,,,,,,,,,,,,,,,,,,,,0.00,,,,,,,false,true,12,2015-04-01,2016-03-31,0
2015-10-26,69460,2016-03-31,2,,,,,,,,,,,,,,,,,,,,,,,,,,,,,,,,,28300000,51062,28249238,false,false,6,2015-04-01,2015-09-30,0
2015-10-26,69460,2015-03-31,2,,,,,,,,,,,,,,,,,,,,,,,,,,,,,,,,,,,28251510,false,false,6,2014-04-01,2014-09-30,-1
2016-01-26,69460,2016-03-31,3,16614000000,-0.074,,,,,-79000000,,-141000000,,,-442000000,,-15.66,,,,,,27879000000,6513000000,0.234,,6513000000,,,,,,,,,,,,true,false,9,2015-04-01,2015-12-31,0
2016-01-26,69460,2015-03-31,3,17946000000,-0.086,,,,,-306000000,,-354000000,,,-513000000,,-18.16,,,,,,,,,,,,,,,,,,,,,,true,false,9,2014-04-01,2014-12-31,-1
2016-01-26,69460,2016-03-31,3,25000000000,-0.027,,,,,500000000,0.033,400000000,-0.070,,200000000,,7.08,,,,,,,,,,,,,,,,,,,,,,true,true,12,2015-04-01,2016-03-31,0
2016-01-26,69460,2015-03-31,3,,,,,,,,,,,,,,,,,,,,29467000000,6969000000,0.237,,6969000000,,,,,,,,,,,,true,false,12,2014-04-01,2015-03-31,-1
2016-01-26,69460,2015-03-31,3,,,,,,,,,,,,,,,,,,,,,,,,,,,,,0.00,,,,28300000,49862,,false,false,12,2014-04-01,2015-03-31,-1
2016-01-26,69460,2016-03-31,3,,,,,,,,,,,,,,,,,,,,,,,,,,,,,0.00,,,,,,,false,false,12,2015-04-01,2016-03-31,0
2016-01-26,69460,2016-03-31,3,,,,,,,,,,,,,,,,,,,,,,,,,,,,,0.00,,,,,,,false,true,12,2015-04-01,2016-03-31,0
2016-01-26,69460,2016-03-31,3,,,,,,,,,,,,,,,,,,,,,,,,,,,,,,,,,28300000,51162,28249118,false,false,9,2015-04-01,2015-12-31,0
2016-01-26,69460,2015-03-31,3,,,,,,,,,,,,,,,,,,,,,,,,,,,,,,,,,,,28251148,false,false,9,2014-04-01,2014-12-31,-1
2016-04-27,69460,2016-03-31,,22920000000,-0.108,,,,,574000000,0.187,479000000,0.116,,115000000,,4.10,2.92,0.017,0.017,0.025,,27548000000,6779000000,0.246,158.58,6779000000,124000000,-225000000,-8000000,2145000000,,,,,,,,true,false,12,2015-04-01,2016-03-31,0
2016-04-27,69460,2015-03-31,,25685000000,-0.058,,,,,483000000,-0.244,430000000,-0.172,,-421000000,,-14.92,,-0.066,0.015,0.019,,29467000000,6969000000,0.237,165.31,6969000000,1259000000,-465000000,-891000000,2254000000,,,,,,,,true,false,12,2014-04-01,2015-03-31,-1
2016-04-27,69460,2017-03-31,,22500000000,-0.018,,,,,400000000,-0.303,300000000,-0.374,,150000000,,5.31,,,,,,,,,,,,,,,,,,,,,,true,true,12,2016-04-01,2017-03-31,1
2016-04-27,69460,2016-03-31,,22757000000,-0.078,,,,,616000000,1.023,534000000,1.057,342000000,,,12.12,8.64,,,,,26290000000,6192000000,0.236,137.80,6192000000,,,,,0.00,,,,28300000,51462,28249007,false,false,12,2015-04-01,2016-03-31,0
2016-04-27,69460,2015-03-31,,24689000000,-0.060,,,,,304000000,0.192,259000000,0.763,-484000000,,,-17.14,,,,,,27712000000,5794000000,0.209,123.71,5794000000,,,,,0.00,,,,28300000,49862,28250915,false,false,12,2014-04-01,2015-03-31,-1
2016-04-27,69460,2017-03-31,,,,,,,,,,,,,,,,,,,,,,,,,,,,,,0.00,,,,,,,false,true,12,2016-04-01,2017-03-31,1
2016-07-07,69460,2017-03-31,,22500000000,,,,,,400000000,,300000000,,150000000,,,5.31,,,,,,,,,,,,,,,,,,,,,,true,true,12,2016-04-01,2017-03-31,0
2016-07-07,69460,2016-03-31,,22920000000,,,,,,574000000,,479000000,,115000000,,,4.10,,,,,,,,,,,,,,,,,,,,,,true,false,12,2015-04-01,2016-03-31,-1
2016-07-27,69460,2017-03-31,1,4321000000,-0.111,,,,,-195000000,,-219000000,,,106000000,,3.76,2.64,,,,,27302000000,6847000000,0.251,,6847000000,,,,,,,,,,,,true,false,3,2016-04-01,2016-06-30,0
2016-07-27,69460,2016-03-31,1,4860000000,-0.022,,,,,-311000000,,-328000000,,,-496000000,,-17.57,,,,,,,,,,,,,,,,,,,,,,true,false,3,2015-04-01,2015-06-30,-1
2016-07-27,69460,2016-03-31,1,,,,,,,,,,,,,,,,,,,,27548000000,6779000000,0.246,,6779000000,,,,,,,,,,,,true,false,12,2015-04-01,2016-03-31,-1
2016-07-27,69460,2016-03-31,1,,,,,,,,,,,,,,,,,,,,,,,,,,,,,0.00,,,,28300000,51462,,false,false,12,2015-04-01,2016-03-31,-1
2016-07-27,69460,2017-03-31,1,,,,,,,,,,,,,,,,,,,,,,,,,,,,,0.00,,,,,,,false,true,12,2016-04-01,2017-03-31,0
2016-07-27,69460,2017-03-31,1,,,,,,,,,,,,,,,,,,,,,,,,,,,,,,,,,28300000,51462,28248538,false,false,3,2016-04-01,2016-06-30,0
2016-07-27,69460,2016-03-31,1,,,,,,,,,,,,,,,,,,,,,,,,,,,,,,,,,,,28249463,false,false,3,2015-04-01,2015-06-30,-1
2016-10-28,69460,2017-03-31,2,9723000000,-0.160,,,,,-103000000,,-150000000,,,2113000000,,74.82,51.34,,,,,26158000000,8815000000,0.337,,8815000000,,,,,,,,,,,,true,false,6,2016-04-01,2016-09-30,0
2016-10-28,69460,2016-03-31,2,11581000000,-0.001,,,,,48000000,,10000000,,,-129000000,,-4.59,,,,,,,,,,,,,,,,,,,,,,true,false,6,2015-04-01,2015-09-30,-1
2016-10-28,69460,2017-03-31,2,21000000000,-0.084,,,,,0,,-100000000,,,2000000000,,70.80,,,,,,,,,,,,,,,,,,,,,,true,true,12,2016-04-01,2017-03-31,0
2016-10-28,69460,2016-03-31,2,,,,,,,,,,,,,,,,,,,,27548000000,6779000000,0.246,,6779000000,,,,,,,,,,,,true,false,12,2015-04-01,2016-03-31,-1
2016-10-28,69460,2016-03-31,2,,,,,,,,,,,,,,,,,,,,,,,,,,,,,0.00,,,,28300000,51462,,false,false,12,2015-04-01,2016-03-31,-1
2016-10-28,69460,2017-03-31,2,,,,,,,,,,,,,,,,,,,,,,,,,,,,,0.00,,,,,,,false,false,12,2016-04-01,2017-03-31,0
2016-10-28,69460,2017-03-31,2,,,,,,,,,,,,,,,,,,,,,,,,,,,,,0.00,,,,,,,false,true,12,2016-04-01,2017-03-31,0
2016-10-28,69460,2017-03-31,2,,,,,,,,,,,,,,,,,,,,,,,,,,,,,,,,,28300000,51962,28248409,false,false,6,2016-04-01,2016-09-30,0
2016-10-28,69460,2016-03-31,2,,,,,,,,,,,,,,,,,,,,,,,,,,,,,,,,,,,28249238,false,false,6,2015-04-01,2015-09-30,-1
2017-01-25,69460,2017-03-31,3,13925000000,-0.162,,,,,-500000000,,-557000000,,,1682000000,,59.56,40.57,,,,,25898000000,8345000000,0.322,,8345000000,,,,,,,,,,,,true,false,9,2016-04-01,2016-12-31,0
2017-01-25,69460,2016-03-31,3,16614000000,-0.074,,,,,-79000000,,-141000000,,,-442000000,,-15.66,,,,,,,,,,,,,,,,,,,,,,true,false,9,2015-04-01,2015-12-31,-1
2017-01-25,69460,2017-03-31,3,21000000000,-0.084,,,,,0,,-100000000,,,2000000000,,70.80,,,,,,,,,,,,,,,,,,,,,,true,true,12,2016-04-01,2017-03-31,0
2017-01-25,69460,2016-03-31,3,,,,,,,,,,,,,,,,,,,,27548000000,6779000000,0.246,,6779000000,,,,,,,,,,,,true,false,12,2015-04-01,2016-03-31,-1
2017-01-25,69460,2016-03-31,3,,,,,,,,,,,,,,,,,,,,,,,,,,,,,0.00,,,,28300000,51462,,false,false,12,2015-04-01,2016-03-31,-1
2017-01-25,69460,2017-03-31,3,,,,,,,,,,,,,,,,,,,,,,,,,,,,,0.00,,,,,,,false,false,12,2016-04-01,2017-03-31,0
2017-01-25,69460,2017-03-31,3,,,,,,,,,,,,,,,,,,,,,,,,,,,,,0.00,,,,,,,false,true,12,2016-04-01,2017-03-31,0
2017-01-25,69460,2017-03-31,3,,,,,,,,,,,,,,,,,,,,,,,,,,,,,,,,,28300000,52712,28248179,false,false,9,2016-04-01,2016-12-31,0
2017-01-25,69460,2016-03-31,3,,,,,,,,,,,,,,,,,,,,,,,,,,,,,,,,,,,28249118,false,false,9,2015-04-01,2015-12-31,-1
2017-04-12,69460,2017-03-31,,21400000000,0.019,,,,,20000000,,-60000000,,1500000000,,-0.250,53.10,,,,,,,,,,,,,,,,,,,,,,true,true,12,2016-04-01,2017-03-31,0
2017-04-12,69460,2016-03-31,,22920000000,,,,,,574000000,,479000000,,115000000,,,4.10,,,,,,,,,,,,,,,,,,,,,,true,false,12,2015-04-01,2016-03-31,-1
2017-04-27,69460,2017-03-31,,21442000000,-0.065,,,,,20000000,-0.965,-60000000,,,1510000000,,53.48,37.50,0.185,-0.002,0.001,,27493000000,8183000000,0.298,208.31,8183000000,4030000000,-410000000,-4106000000,1658000000,,,,,,,,true,false,12,2016-04-01,2017-03-31,0
2017-04-27,69460,2016-03-31,,22920000000,-0.108,,,,,574000000,0.187,479000000,0.116,,115000000,,4.10,2.92,0.017,0.017,0.025,,27548000000,6779000000,0.246,158.58,6779000000,124000000,-225000000,-8000000,2145000000,,,,,,,,true,false,12,2015-04-01,2016-03-31,-1
2017-04-27,69460,2018-03-31,,21500000000,0.003,,,,,-850000000,,-900000000,,,250000000,,88.51,,,,,,,,,,,,,,,,,,,,,,true,true,12,2017-04-01,2018-03-31,1
2017-04-27,69460,2017-03-31,,21352000000,-0.062,,,,,577000000,-0.064,496000000,-0.071,723000000,,1.114,25.62,17.96,,,,,25620000000,6915000000,0.270,163.41,6915000000,,,,,0.00,,,,28300000,53986,28247813,false,false,12,2016-04-01,2017-03-31,0
2017-04-27,69460,2016-03-31,,22757000000,-0.078,,,,,616000000,1.023,534000000,1.057,342000000,,,12.12,8.64,,,,,26290000000,6192000000,0.236,137.80,6192000000,,,,,0.00,,,,28300000,51462,28249007,false,false,12,2015-04-01,2016-03-31,-1
2017-04-27,69460,2018-03-31,,,,,,,,,,,,,,,,,,,,,,,,,,,,,,0.00,,,,,,,false,true,12,2017-04-01,2018-03-31,1
2017-07-26,69460,2018-03-31,1,3851000000,-0.109,,,,,-368000000,,-379000000,,,-517000000,,-18.31,,,,,,27190000000,7642000000,0.281,,7642000000,,,,,,,,,,,,true,false,3,2017-04-01,2017-06-30,0
2017-07-26,69460,2017-03-31,1,4321000000,-0.111,,,,,-195000000,,-219000000,,,106000000,,3.76,2.64,,,,,,,,,,,,,,,,,,,,,true,false,3,2016-04-01,2016-06-30,-1
2017-07-26,69460,2018-03-31,1,21500000000,0.003,,,,,-850000000,,-900000000,,,250000000,,88.51,,,,,,,,,,,,,,,,,,,,,,true,true,12,2017-04-01,2018-03-31,0
2017-07-26,69460,2017-03-31,1,,,,,,,,,,,,,,,,,,,,27493000000,8183000000,0.298,,8183000000,,,,,,,,,,,,true,false,12,2016-04-01,2017-03-31,-1
2017-07-26,69460,2017-03-31,1,,,,,,,,,,,,,,,,,,,,,,,,,,,,,0.00,,,,28300000,53986,,false,false,12,2016-04-01,2017-03-31,-1
2017-07-26,69460,2018-03-31,1,,,,,,,,,,,,,,,,,,,,,,,,,,,,,0.00,,,,,,,false,true,12,2017-04-01,2018-03-31,0
2017-07-26,69460,2018-03-31,1,,,,,,,,,,,,,,,,,,,,,,,,,,,,,,,,,28300000,54386,28245889,false,false,3,2017-04-01,2017-06-30,0
2017-07-26,69460,2017-03-31,1,,,,,,,,,,,,,,,,,,,,,,,,,,,,,,,,,,,28248538,false,false,3,2016-04-01,2016-06-30,-1
2017-10-25,69460,2018-03-31,2,8918000000,-0.083,,,,,-499000000,,-528000000,,,702000000,,248.64,186.63,,,,,27439000000,8837000000,0.322,,8837000000,,,,,,,,,,,,true,false,6,2017-04-01,2017-09-30,0
2017-10-25,69460,2017-03-31,2,9723000000,-0.160,,,,,-103000000,,-150000000,,,2113000000,,748.22,513.42,,,,,,,,,,,,,,,,,,,,,true,false,6,2016-04-01,2016-09-30,-1
2017-10-25,69460,2018-03-31,2,21500000000,0.003,,,,,-850000000,,-900000000,,,250000000,,88.51,,,,,,,,,,,,,,,,,,,,,,true,true,12,2017-04-01,2018-03-31,0
2017-10-25,69460,2017-03-31,2,,,,,,,,,,,,,,,,,,,,27493000000,8183000000,0.298,,8183000000,,,,,,,,,,,,true,false,12,2016-04-01,2017-03-31,-1
2017-10-25,69460,2017-03-31,2,,,,,,,,,,,,,,,,,,,,,,,,,,,,,0.00,,,,2830000,5398,,false,false,12,2016-04-01,2017-03-31,-1
2017-10-25,69460,2018-03-31,2,,,,,,,,,,,,,,,,,,,,,,,,,,,,,0.00,,,,,,,false,false,12,2017-04-01,2018-03-31,0
2017-10-25,69460,2018-03-31,2,,,,,,,,,,,,,,,,,,,,,,,,,,,,,0.00,,,,,,,false,true,12,2017-04-01,2018-03-31,0
2017-10-25,69460,2018-03-31,2,,,,,,,,,,,,,,,,,,,,,,,,,,,,,,,,,2830000,5552,2824535,false,false,6,2017-04-01,2017-09-30,0
2017-10-25,69460,2017-03-31,2,,,,,,,,,,,,,,,,,,,,,,,,,,,,,,,,,,,2824841,false,false,6,2016-04-01,2016-09-30,-1
2018-01-25,69460,2018-03-31,3,13128000000,-0.057,,,,,-671000000,,-699000000,,,491000000,,173.86,133.39,,,,,26210000000,8601000000,0.328,,8601000000,,,,,,,,,,,,true,false,9,2017-04-01,2017-12-31,0
2018-01-25,69460,2017-03-31,3,13925000000,-0.162,,,,,-500000000,,-557000000,,,1682000000,,595.58,405.72,,,,,,,,,,,,,,,,,,,,,true,false,9,2016-04-01,2016-12-31,-1
2018-01-25,69460,2018-03-31,3,21500000000,0.003,,,,,-850000000,,-900000000,,,250000000,,88.51,,,,,,,,,,,,,,,,,,,,,,true,true,12,2017-04-01,2018-03-31,0
2018-01-25,69460,2017-03-31,3,,,,,,,,,,,,,,,,,,,,27493000000,8183000000,0.298,,8183000000,,,,,,,,,,,,true,false,12,2016-04-01,2017-03-31,-1
2018-01-25,69460,2017-03-31,3,,,,,,,,,,,,,,,,,,,,,,,,,,,,,0.00,,,,2830000,5398,,false,false,12,2016-04-01,2017-03-31,-1
2018-01-25,69460,2018-03-31,3,,,,,,,,,,,,,,,,,,,,,,,,,,,,,0.00,,,,,,,false,false,12,2017-04-01,2018-03-31,0
2018-01-25,69460,2018-03-31,3,,,,,,,,,,,,,,,,,,,,,,,,,,,,,0.00,,,,,,,false,true,12,2017-04-01,2018-03-31,0
2018-01-25,69460,2018-03-31,3,,,,,,,,,,,,,,,,,,,,,,,,,,,,,,,,,2830000,5772,2824470,false,false,9,2017-04-01,2017-12-31,0
2018-01-25,69460,2017-03-31,3,,,,,,,,,,,,,,,,,,,,,,,,,,,,,,,,,,,2824818,false,false,9,2016-04-01,2016-12-31,-1
2018-04-11,69460,2018-03-31,,18700000000,-0.130,,,,,-710000000,,-770000000,,,600000000,,212.43,,,,,,,,,,,,,,,,,,,,,,true,true,12,2017-04-01,2018-03-31,0
2018-04-11,69460,2017-03-31,,21442000000,,,,,,20000000,,-60000000,,,1510000000,,534.81,,,,,,,,,,,,,,,,,,,,,,true,false,12,2016-04-01,2017-03-31,-1
2018-04-27,69460,2018-03-31,,18707000000,-0.128,,,,,-709000000,,-764000000,,,606000000,,214.87,163.04,0.070,-0.028,-0.038,,27581000000,8981000000,0.326,2365.75,8981000000,-1436000000,-418000000,2190000000,1994000000,,,,,,,,true,false,12,2017-04-01,2018-03-31,0
2018-04-27,69460,2017-03-31,,21442000000,-0.065,,,,,20000000,-0.965,-60000000,,,1510000000,,534.81,375.02,0.185,-0.002,0.001,,27493000000,8183000000,0.298,2083.06,8183000000,4030000000,-410000000,-4106000000,1658000000,,,,,,,,true,false,12,2016-04-01,2017-03-31,-1
2018-04-27,69460,2019-03-31,,18500000000,-0.011,,,,,200000000,,150000000,,,0,,0.00,,,,,,,,,,,,,,,,,,,,,,true,true,12,2018-04-01,2019-03-31,1
2018-04-27,69460,2018-03-31,,18700000000,-0.124,,,,,-172000000,,-250000000,,-65000000,,,-23.03,,,,,,25598000000,6849000000,0.268,1610.97,6849000000,,,,,0.00,,,,2830000,5822,2824408,false,false,12,2017-04-01,2018-03-31,0
2018-04-27,69460,2017-03-31,,21352000000,-0.062,,,,,577000000,-0.064,496000000,-0.071,723000000,,1.114,256.18,179.63,,,,,25620000000,6915000000,0.270,1634.15,6915000000,,,,,0.00,,,,2830000,5398,2824782,false,false,12,2016-04-01,2017-03-31,-1
2018-04-27,69460,2019-03-31,,,,,,,,,,,,,,,,,,,,,,,,,,,,,,0.00,,,,,,,false,true,12,2018-04-01,2019-03-31,1
2018-07-26,69460,2019-03-31,1,3639000000,-0.055,,,,,-576000000,,-601000000,,,-773000000,,-273.73,,,,,,26049000000,8214000000,0.315,,8214000000,,,,,,,,,,,,true,false,3,2018-04-01,2018-06-30,0
2018-07-26,69460,2018-03-31,1,3851000000,-0.109,,,,,-368000000,,-379000000,,,-517000000,,-183.09,,,,,,,,,,,,,,,,,,,,,,true,false,3,2017-04-01,2017-06-30,-1
2018-07-26,69460,2019-03-31,1,18500000000,-0.011,,,,,200000000,,150000000,,,0,,0.00,,,,,,,,,,,,,,,,,,,,,,true,true,12,2018-04-01,2019-03-31,0
2018-07-26,69460,2018-03-31,1,,,,,,,,,,,,,,,,,,,,27581000000,8981000000,0.326,,8981000000,,,,,,,,,,,,true,false,12,2017-04-01,2018-03-31,-1
2018-07-26,69460,2018-03-31,1,,,,,,,,,,,,,,,,,,,,,,,,,,,,,0.00,,,,2830000,5822,,false,false,12,2017-04-01,2018-03-31,-1
2018-07-26,69460,2019-03-31,1,,,,,,,,,,,,,,,,,,,,,,,,,,,,,0.00,,,,,,,false,true,12,2018-04-01,2019-03-31,0
2018-07-26,69460,2019-03-31,1,,,,,,,,,,,,,,,,,,,,,,,,,,,,,,,,,2830000,5832,2824171,false,false,3,2018-04-01,2018-06-30,0
2018-07-26,69460,2018-03-31,1,,,,,,,,,,,,,,,,,,,,,,,,,,,,,,,,,,,2824590,false,false,3,2017-04-01,2017-06-30,-1
2018-10-25,69460,2019-03-31,2,7794000000,-0.126,,,,,-597000000,,-626000000,,,-804000000,,-284.94,,,,,,25378000000,8188000000,0.323,,8188000000,,,,,,,,,,,,true,false,6,2018-04-01,2018-09-30,0
2018-10-25,69460,2018-03-31,2,8918000000,-0.083,,,,,-499000000,,-528000000,,,702000000,,248.64,186.63,,,,,,,,,,,,,,,,,,,,,true,false,6,2017-04-01,2017-09-30,-1
2018-10-25,69460,2019-03-31,2,18500000000,-0.011,,,,,200000000,,150000000,,,0,,0.00,,,,,,,,,,,,,,,,,,,,,,true,true,12,2018-04-01,2019-03-31,0
2018-10-25,69460,2018-03-31,2,,,,,,,,,,,,,,,,,,,,27581000000,8981000000,0.326,,8981000000,,,,,,,,,,,,true,false,12,2017-04-01,2018-03-31,-1
2018-10-25,69460,2018-03-31,2,,,,,,,,,,,,,,,,,,,,,,,,,,,,,0.00,,,,2830000,5822,,false,false,12,2017-04-01,2018-03-31,-1
2018-10-25,69460,2019-03-31,2,,,,,,,,,,,,,,,,,,,,,,,,,,,,,0.00,,,,,,,false,false,12,2018-04-01,2019-03-31,0
2018-10-25,69460,2019-03-31,2,,,,,,,,,,,,,,,,,,,,,,,,,,,,,0.00,,,,,,,false,true,12,2018-04-01,2019-03-31,0
2018-10-25,69460,2019-03-31,2,,,,,,,,,,,,,,,,,,,,,,,,,,,,,,,,,2830000,5862,2824158,false,false,6,2018-04-01,2018-09-30,0
2018-10-25,69460,2018-03-31,2,,,,,,,,,,,,,,,,,,,,,,,,,,,,,,,,,,,2824535,false,false,6,2017-04-01,2017-09-30,-1
2019-01-30,69460,2019-03-31,3,11992000000,-0.087,,,,,-738000000,,-791000000,,,-1101000000,,-390.14,,,,,,25655000000,7898000000,0.308,,7898000000,,,,,,,,,,,,true,false,9,2018-04-01,2018-12-31,0
2019-01-30,69460,2018-03-31,3,13128000000,-0.057,,,,,-671000000,,-699000000,,,491000000,,173.86,133.39,,,,,,,,,,,,,,,,,,,,,true,false,9,2017-04-01,2017-12-31,-1
2019-01-30,69460,2019-03-31,3,18500000000,-0.011,,,,,200000000,,150000000,,,0,,0.00,,,,,,,,,,,,,,,,,,,,,,true,true,12,2018-04-01,2019-03-31,0
2019-01-30,69460,2018-03-31,3,,,,,,,,,,,,,,,,,,,,27581000000,8981000000,0.326,,8981000000,,,,,,,,,,,,true,false,12,2017-04-01,2018-03-31,-1
2019-01-30,69460,2018-03-31,3,,,,,,,,,,,,,,,,,,,,,,,,,,,,,0.00,,,,2830000,5822,,false,false,12,2017-04-01,2018-03-31,-1
2019-01-30,69460,2019-03-31,3,,,,,,,,,,,,,,,,,,,,,,,,,,,,,0.00,,,,,,,false,false,12,2018-04-01,2019-03-31,0
2019-01-30,69460,2019-03-31,3,,,,,,,,,,,,,,,,,,,,,,,,,,,,,0.00,,,,,,,false,true,12,2018-04-01,2019-03-31,0
2019-01-30,69460,2019-03-31,3,,,,,,,,,,,,,,,,,,,,,,,,,,,,,,,,,2830000,5972,2824125,false,false,9,2018-04-01,2018-12-31,0
2019-01-30,69460,2018-03-31,3,,,,,,,,,,,,,,,,,,,,,,,,,,,,,,,,,,,2824470,false,false,9,2017-04-01,2017-12-31,-1
2019-02-22,69460,2019-03-31,,18000000000,-0.027,,,,,0,-1.000,-80000000,,,0,,0.00,,,,,,,,,,,,,,,,,,,,,,true,true,12,2018-04-01,2019-03-31,0
2019-02-22,69460,2018-03-31,,18707000000,,,,,,-709000000,,-764000000,,,606000000,,214.87,,,,,,,,,,,,,,,,,,,,,,true,false,12,2017-04-01,2018-03-31,-1
2019-04-10,69460,2019-03-31,,17460000000,-0.030,,,,,-70000000,,-160000000,,,20000000,,7.08,,,,,,,,,,,,,,,,,,,,,,true,true,12,2018-04-01,2019-03-31,0
2019-04-10,69460,2018-03-31,,18707000000,,,,,,-709000000,,-764000000,,,606000000,,214.87,,,,,,,,,,,,,,,,,,,,,,true,false,12,2017-04-01,2018-03-31,-1
2019-04-26,69460,2019-03-31,,17460000000,-0.067,,,,,-70000000,,-155000000,,,22000000,,7.83,5.68,0.002,-0.006,-0.004,,26492000000,9029000000,0.341,2383.05,9029000000,2737000000,-129000000,-1385000000,3217000000,,,,,,,,true,false,12,2018-04-01,2019-03-31,0
2019-04-26,69460,2018-03-31,,18707000000,-0.128,,,,,-709000000,,-764000000,,,606000000,,214.87,163.04,0.070,-0.028,-0.038,,27581000000,8981000000,0.326,2365.75,8981000000,-1436000000,-418000000,2190000000,1994000000,,,,,,,,true,false,12,2017-04-01,2018-03-31,-1
2019-04-26,69460,2020-03-31,,17800000000,0.019,,,,,200000000,,150000000,,,100000000,,35.41,,,,,,,,,,,,,,,,,,,,,,true,true,12,2019-04-01,2020-03-31,1
2019-04-26,69460,2019-03-31,,17449000000,-0.067,,,,,-68000000,,-153000000,,1289000000,,,456.71,331.21,,,,,25260000000,8139000000,0.322,2067.69,8139000000,,,,,0.00,,,,2830000,5982,2824102,false,false,12,2018-04-01,2019-03-31,0
2019-04-26,69460,2018-03-31,,18700000000,-0.124,,,,,-172000000,,-250000000,,-65000000,,,-23.03,,,,,,25598000000,6849000000,0.268,1610.97,6849000000,,,,,0.00,,,,2830000,5822,2824408,false,false,12,2017-04-01,2018-03-31,-1
2019-04-26,69460,2020-03-31,,,,,,,,,,,,,,,,,,,,,,,,,,,,,,0.00,,,,,,,false,true,12,2019-04-01,2020-03-31,1
2019-07-31,69460,2020-03-31,1,3397000000,-0.066,,,,,-271000000,,-282000000,,,-294000000,,-104.31,,,,,,24848000000,8763000000,0.353,,8763000000,,,,,,,,,,,,true,false,3,2019-04-01,2019-06-30,0
2019-07-31,69460,2019-03-31,1,3639000000,-0.055,,,,,-576000000,,-601000000,,,-773000000,,-273.73,,,,,,,,,,,,,,,,,,,,,,true,false,3,2018-04-01,2018-06-30,-1
2019-07-31,69460,2020-03-31,1,17800000000,0.019,,,,,200000000,,150000000,,,100000000,,35.41,,,,,,,,,,,,,,,,,,,,,,true,true,12,2019-04-01,2020-03-31,0
2019-07-31,69460,2019-03-31,1,,,,,,,,,,,,,,,,,,,,26492000000,9029000000,0.341,,9029000000,,,,,,,,,,,,true,false,12,2018-04-01,2019-03-31,-1
2019-07-31,69460,2019-03-31,1,,,,,,,,,,,,,,,,,,,,,,,,,,,,,0.00,,,,2830000,5982,,false,false,12,2018-04-01,2019-03-31,-1
2019-07-31,69460,2020-03-31,1,,,,,,,,,,,,,,,,,,,,,,,,,,,,,0.00,,,,,,,false,true,12,2019-04-01,2020-03-31,0
2019-07-31,69460,2020-03-31,1,,,,,,,,,,,,,,,,,,,,,,,,,,,,,,,,,2830000,5992,2824013,false,false,3,2019-04-01,2019-06-30,0
2019-07-31,69460,2019-03-31,1,,,,,,,,,,,,,,,,,,,,,,,,,,,,,,,,,,,2824171,false,false,3,2018-04-01,2018-06-30,-1
2019-10-30,69460,2020-03-31,2,7708000000,-0.011,,,,,-356000000,,-376000000,,,-397000000,,-140.91,,,,,,24059000000,8686000000,0.361,,8686000000,,,,,,,,,,,,true,false,6,2019-04-01,2019-09-30,0
2019-10-30,69460,2019-03-31,2,7794000000,-0.126,,,,,-597000000,,-626000000,,,-804000000,,-284.94,,,,,,,,,,,,,,,,,,,,,,true,false,6,2018-04-01,2018-09-30,-1
2019-10-30,69460,2020-03-31,2,17800000000,0.019,,,,,200000000,,150000000,,,100000000,,35.41,,,,,,,,,,,,,,,,,,,,,,true,true,12,2019-04-01,2020-03-31,0
2019-10-30,69460,2019-03-31,2,,,,,,,,,,,,,,,,,,,,26492000000,9029000000,0.341,,9029000000,,,,,,,,,,,,true,false,12,2018-04-01,2019-03-31,-1
2019-10-30,69460,2019-03-31,2,,,,,,,,,,,,,,,,,,,,,,,,,,,,,0.00,,,,2830000,5982,,false,false,12,2018-04-01,2019-03-31,-1
2019-10-30,69460,2020-03-31,2,,,,,,,,,,,,,,,,,,,,,,,,,,,,,0.00,,,,,,,false,false,12,2019-04-01,2020-03-31,0
2019-10-30,69460,2020-03-31,2,,,,,,,,,,,,,,,,,,,,,,,,,,,,,0.00,,,,,,,false,true,12,2019-04-01,2020-03-31,0
2019-10-30,69460,2020-03-31,2,,,,,,,,,,,,,,,,,,,,,,,,,,,,,,,,,2830000,6052,2823987,false,false,6,2019-04-01,2019-09-30,0
2019-10-30,69460,2019-03-31,2,,,,,,,,,,,,,,,,,,,,,,,,,,,,,,,,,,,2824158,false,false,6,2018-04-01,2018-09-30,-1
2020-01-29,69460,2020-03-31,3,11324000000,-0.056,,,,,-568000000,,-601000000,,,-635000000,,-225.15,,,,,,23702000000,8535000000,0.360,,8535000000,,,,,,,,,,,,true,false,9,2019-04-01,2019-12-31,0
2020-01-29,69460,2019-03-31,3,11992000000,-0.087,,,,,-738000000,,-791000000,,,-1101000000,,-390.14,,,,,,,,,,,,,,,,,,,,,,true,false,9,2018-04-01,2018-12-31,-1
2020-01-29,69460,2020-03-31,3,17800000000,0.019,,,,,200000000,,150000000,,,100000000,,35.41,,,,,,,,,,,,,,,,,,,,,,true,true,12,2019-04-01,2020-03-31,0
2020-01-29,69460,2019-03-31,3,,,,,,,,,,,,,,,,,,,,26492000000,9029000000,0.341,,9029000000,,,,,,,,,,,,true,false,12,2018-04-01,2019-03-31,-1
2020-01-29,69460,2019-03-31,3,,,,,,,,,,,,,,,,,,,,,,,,,,,,,0.00,,,,2830000,5982,,false,false,12,2018-04-01,2019-03-31,-1
2020-01-29,69460,2020-03-31,3,,,,,,,,,,,,,,,,,,,,,,,,,,,,,0.00,,,,,,,false,false,12,2019-04-01,2020-03-31,0
2020-01-29,69460,2020-03-31,3,,,,,,,,,,,,,,,,,,,,,,,,,,,,,0.00,,,,,,,false,true,12,2019-04-01,2020-03-31,0
2020-01-29,69460,2020-03-31,3,,,,,,,,,,,,,,,,,,,,,,,,,,,,,,,,,2830000,6062,2823973,false,false,9,2019-04-01,2019-12-31,0
2020-01-29,69460,2019-03-31,3,,,,,,,,,,,,,,,,,,,,,,,,,,,,,,,,,,,2824125,false,false,9,2018-04-01,2018-12-31,-1
2020-05-15,69460,2020-03-31,,16805000000,-0.038,,,,,83000000,,25000000,,,76000000,,27.10,16.64,0.008,0.001,0.005,,24816000000,9137000000,0.368,2421.14,9137000000,-1123000000,-163000000,419000000,2350000000,,,,,,,,true,false,12,2019-04-01,2020-03-31,0
2020-05-15,69460,2019-03-31,,17460000000,-0.067,,,,,-70000000,,-155000000,,,22000000,,7.83,5.68,0.002,-0.006,-0.004,,26492000000,9029000000,0.341,2383.05,9029000000,2737000000,-129000000,-1385000000,3217000000,,,,,,,,true,false,12,2018-04-01,2019-03-31,-1
2020-05-15,69460,2021-03-31,,18000000000,0.071,,,,,350000000,3.197,280000000,9.906,,200000000,,70.82,,,,,,,,,,,,,,,,,,,,,,true,true,12,2020-04-01,2021-03-31,1
2020-05-15,69460,2020-03-31,,16798000000,-0.037,,,,,51000000,,-2000000,,68000000,,-0.947,24.14,14.82,,,,,23504000000,8206000000,0.349,2091.75,8206000000,,,,,0.00,,,,2830000,6062,2823965,false,false,12,2019-04-01,2020-03-31,0
2020-05-15,69460,2019-03-31,,17449000000,-0.067,,,,,-68000000,,-153000000,,1289000000,,,456.71,331.21,,,,,25260000000,8139000000,0.322,2067.69,8139000000,,,,,0.00,,,,2830000,5982,2824102,false,false,12,2018-04-01,2019-03-31,-1
2020-05-15,69460,2021-03-31,,,,,,,,,,,,,,,,,,,,,,,,,,,,,,0.00,,,,,,,false,true,12,2020-04-01,2021-03-31,1
2020-07-30,69460,2021-03-31,1,3699000000,0.089,,,,,-40000000,,-84000000,,,-174000000,,-61.74,,,,,,24913000000,8924000000,0.358,,8924000000,,,,,,,,,,,,true,false,3,2020-04-01,2020-06-30,0
2020-07-30,69460,2020-03-31,1,3397000000,-0.066,,,,,-271000000,,-282000000,,,-294000000,,-104.31,,,,,,,,,,,,,,,,,,,,,,true,false,3,2019-04-01,2019-06-30,-1
2020-07-30,69460,2021-03-31,1,18000000000,0.071,,,,,350000000,3.197,280000000,9.906,,200000000,,70.82,,,,,,,,,,,,,,,,,,,,,,true,true,12,2020-04-01,2021-03-31,0
2020-07-30,69460,2020-03-31,1,,,,,,,,,,,,,,,,,,,,24816000000,9137000000,0.368,,9137000000,,,,,,,,,,,,true,false,12,2019-04-01,2020-03-31,-1
2020-07-30,69460,2020-03-31,1,,,,,,,,,,,,,,,,,,,,,,,,,,,,,0.00,,,,2830000,6062,,false,false,12,2019-04-01,2020-03-31,-1
2020-07-30,69460,2021-03-31,1,,,,,,,,,,,,,,,,,,,,,,,,,,,,,0.00,,,,,,,false,true,12,2020-04-01,2021-03-31,0
2020-07-30,69460,2021-03-31,1,,,,,,,,,,,,,,,,,,,,,,,,,,,,,,,,,2830000,6072,2823933,false,false,3,2020-04-01,2020-06-30,0
2020-07-30,69460,2020-03-31,1,,,,,,,,,,,,,,,,,,,,,,,,,,,,,,,,,,,2824013,false,false,3,2019-04-01,2019-06-30,-1
2020-10-29,69460,2021-03-31,2,9143000000,0.186,,,,,342000000,,285000000,,,323000000,,114.54,69.79,,,,,24916000000,9326000000,0.374,,9326000000,,,,,,,,,,,,true,false,6,2020-04-01,2020-09-30,0
2020-10-29,69460,2020-03-31,2,7708000000,-0.011,,,,,-356000000,,-376000000,,,-397000000,,-140.91,,,,,,,,,,,,,,,,,,,,,,true,false,6,2019-04-01,2019-09-30,-1
2020-10-29,69460,2021-03-31,2,19000000000,0.131,,,,,800000000,8.593,700000000,,,200000000,,70.82,,,,,,,,,,,,,,,,,,,,,,true,true,12,2020-04-01,2021-03-31,0
2020-10-29,69460,2020-03-31,2,,,,,,,,,,,,,,,,,,,,24816000000,9137000000,0.368,,9137000000,,,,,,,,,,,,true,false,12,2019-04-01,2020-03-31,-1
2020-10-29,69460,2020-03-31,2,,,,,,,,,,,,,,,,,,,,,,,,,,,,,0.00,,,,2830000,6062,,false,false,12,2019-04-01,2020-03-31,-1
2020-10-29,69460,2021-03-31,2,,,,,,,,,,,,,,,,,,,,,,,,,,,,,0.00,,,,,,,false,false,12,2020-04-01,2021-03-31,0
2020-10-29,69460,2021-03-31,2,,,,,,,,,,,,,,,,,,,,,,,,,,,,,0.00,,,,,,,false,true,12,2020-04-01,2021-03-31,0
2020-10-29,69460,2021-03-31,2,,,,,,,,,,,,,,,,,,,,,,,,,,,,,,,,,2830000,6102,2823924,false,false,6,2020-04-01,2020-09-30,0
2020-10-29,69460,2020-03-31,2,,,,,,,,,,,,,,,,,,,,,,,,,,,,,,,,,,,2823987,false,false,6,2019-04-01,2019-09-30,-1
2021-01-28,69460,2021-03-31,3,14468000000,0.278,,,,,780000000,,713000000,,,628000000,,222.41,140.80,,,,,26196000000,9591000000,0.366,,9591000000,,,,,,,,,,,,true,false,9,2020-04-01,2020-12-31,0
2021-01-28,69460,2020-03-31,3,11324000000,-0.056,,,,,-568000000,,-601000000,,,-635000000,,-225.15,,,,,,,,,,,,,,,,,,,,,,true,false,9,2019-04-01,2019-12-31,-1
2021-01-28,69460,2021-03-31,3,19000000000,0.131,,,,,800000000,8.593,700000000,,,200000000,,70.82,,,,,,,,,,,,,,,,,,,,,,true,true,12,2020-04-01,2021-03-31,0
2021-01-28,69460,2020-03-31,3,,,,,,,,,,,,,,,,,,,,24816000000,9137000000,0.368,,9137000000,,,,,,,,,,,,true,false,12,2019-04-01,2020-03-31,-1
2021-01-28,69460,2020-03-31,3,,,,,,,,,,,,,,,,,,,,,,,,,,,,,0.00,,,,2830000,6062,,false,false,12,2019-04-01,2020-03-31,-1
2021-01-28,69460,2021-03-31,3,,,,,,,,,,,,,,,,,,,,,,,,,,,,,0.00,,,,,,,false,false,12,2020-04-01,2021-03-31,0
2021-01-28,69460,2021-03-31,3,,,,,,,,,,,,,,,,,,,,,,,,,,,,,0.00,,,,,,,false,true,12,2020-04-01,2021-03-31,0
2021-01-28,69460,2021-03-31,3,,,,,,,,,,,,,,,,,,,,,,,,,,,,,,,,,2830000,6151,2823911,false,false,9,2020-04-01,2020-12-31,0
2021-01-28,69460,2020-03-31,3,,,,,,,,,,,,,,,,,,,,,,,,,,,,,,,,,,,2823973,false,false,9,2019-04-01,2019-12-31,-1
2021-03-12,69460,2021-03-31,,20000000000,0.053,,,,,1350000000,0.688,1250000000,0.786,,900000000,,318.71,,,,,,,,,,,,,,,,,,,,,,true,true,12,2020-04-01,2021-03-31,0
2021-03-12,69460,2020-03-31,,16805000000,,,,,,83000000,,25000000,,,76000000,,27.10,,,,,,,,,,,,,,,,,,,,,,true,false,12,2019-04-01,2020-03-31,-1
2021-05-26,69460,2021-03-31,,20195000000,0.202,,,,,1363000000,,1289000000,,,1030000000,,364.98,235.65,0.106,0.051,0.068,,26217000000,10296000000,0.393,2851.88,10296000000,859000000,-300000000,-617000000,2291000000,,,,,,,,true,false,12,2020-04-01,2021-03-31,0
2021-05-26,69460,2020-03-31,,16805000000,-0.038,,,,,83000000,,25000000,,,76000000,,27.10,16.64,0.008,0.001,0.005,,24816000000,9137000000,0.368,2421.14,9137000000,-1123000000,-163000000,419000000,2350000000,,,,,,,,true,false,12,2019-04-01,2020-03-31,-1
2021-05-26,69460,2022-03-31,,20000000000,-0.010,,,,,1550000000,0.137,1500000000,0.163,,1300000000,,460.37,,,,,,,,,,,,,,,,,,,,,,true,true,12,2021-04-01,2022-03-31,1
2021-05-26,69460,2021-03-31,,20161000000,0.200,,,,,1304000000,,1231000000,,1012000000,,,358.69,231.58,,,,,24650000000,9163000000,0.372,2450.92,9163000000,,,,,0.00,,,,2830000,6171,2823895,false,false,12,2020-04-01,2021-03-31,0
2021-05-26,69460,2020-03-31,,16798000000,-0.037,,,,,51000000,,-2000000,,68000000,,-0.947,24.14,14.82,,,,,23504000000,8206000000,0.349,2091.75,8206000000,,,,,0.00,,,,2830000,6062,2823965,false,false,12,2019-04-01,2020-03-31,-1
2021-05-26,69460,2022-03-31,,,,,,,,,,,,,,,,,,,,,,,,,,,,,,0.00,,,,,,,false,true,12,2021-04-01,2022-03-31,1
2021-07-29,69460,2022-03-31,1,4374000000,0.183,,,,,325000000,,315000000,,,179000000,,63.47,52.61,,,,,22845000000,9483000000,0.415,,9483000000,,,,,,,,,,,,true,false,3,2021-04-01,2021-06-30,0
2021-07-29,69460,2021-03-31,1,3699000000,0.089,,,,,-40000000,,-84000000,,,-174000000,,-61.74,,,,,,,,,,,,,,,,,,,,,,true,false,3,2020-04-01,2020-06-30,-1
2021-07-29,69460,2022-03-31,1,20000000000,-0.010,,,,,1550000000,0.137,1500000000,0.163,,1300000000,,460.37,,,,,,,,,,,,,,,,,,,,,,true,true,12,2021-04-01,2022-03-31,0
2021-07-29,69460,2021-03-31,1,,,,,,,,,,,,,,,,,,,,26217000000,10296000000,0.393,,10296000000,,,,,,,,,,,,true,false,12,2020-04-01,2021-03-31,-1
2021-07-29,69460,2021-03-31,1,,,,,,,,,,,,,,,,,,,,,,,,,,,,,0.00,,,,2830000,6171,,false,false,12,2020-04-01,2021-03-31,-1
2021-07-29,69460,2022-03-31,1,,,,,,,,,,,,,,,,,,,,,,,,,,,,,0.00,,,,,,,false,true,12,2021-04-01,2022-03-31,0
2021-07-29,69460,2022-03-31,1,,,,,,,,,,,,,,,,,,,,,,,,,,,,,,,,,2830000,6221,2823807,false,false,3,2021-04-01,2021-06-30,0
2021-07-29,69460,2021-03-31,1,,,,,,,,,,,,,,,,,,,,,,,,,,,,,,,,,,,2823933,false,false,3,2020-04-01,2020-06-30,-1
2021-10-28,69460,2022-03-31,2,9648000000,0.055,,,,,950000000,1.777,932000000,2.266,,873000000,,309.36,256.45,,,,,23050000000,10149000000,0.440,,10149000000,,,,,,,,,,,,true,false,6,2021-04-01,2021-09-30,0
2021-10-28,69460,2021-03-31,2,9143000000,0.186,,,,,342000000,,285000000,,,323000000,,114.54,69.79,,,,,,,,,,,,,,,,,,,,,true,false,6,2020-04-01,2020-09-30,-1
2021-10-28,69460,2022-03-31,2,20000000000,-0.010,,,,,1550000000,0.137,1500000000,0.163,,1300000000,,460.37,,,,,,,,,,,,,,,,,,,,,,true,true,12,2021-04-01,2022-03-31,0
2021-10-28,69460,2021-03-31,2,,,,,,,,,,,,,,,,,,,,26217000000,10296000000,0.393,,10296000000,,,,,,,,,,,,true,false,12,2020-04-01,2021-03-31,-1
2021-10-28,69460,2021-03-31,2,,,,,,,,,,,,,,,,,,,,,,,,,,,,,0.00,,,,2830000,6171,,false,false,12,2020-04-01,2021-03-31,-1
2021-10-28,69460,2022-03-31,2,,,,,,,,,,,,,,,,,,,,,,,,,,,,,0.00,,,,,,,false,false,12,2021-04-01,2022-03-31,0
2021-10-28,69460,2022-03-31,2,,,,,,,,,,,,,,,,,,,,,,,,,,,,,0.00,,,,,,,false,true,12,2021-04-01,2022-03-31,0
2021-10-28,69460,2022-03-31,2,,,,,,,,,,,,,,,,,,,,,,,,,,,,,,,,,2830000,3952,2824776,false,false,6,2021-04-01,2021-09-30,0
2021-10-28,69460,2021-03-31,2,,,,,,,,,,,,,,,,,,,,,,,,,,,,,,,,,,,2823924,false,false,6,2020-04-01,2020-09-30,-1
2022-01-27,69460,2022-03-31,3,14180000000,-0.020,,,,,1322000000,0.694,1297000000,0.817,,1125000000,,398.49,332.54,,,,,22893000000,10371000000,0.453,,10371000000,,,,,,,,,,,,true,false,9,2021-04-01,2021-12-31,0
2022-01-27,69460,2021-03-31,3,14468000000,0.278,,,,,780000000,,713000000,,,628000000,,222.41,140.80,,,,,,,,,,,,,,,,,,,,,true,false,9,2020-04-01,2020-12-31,-1
2022-01-27,69460,2022-03-31,3,20000000000,-0.010,,,,,1750000000,0.284,1700000000,0.318,,1500000000,,530.95,,,,,,,,,,,,,,,,,,,,,,true,true,12,2021-04-01,2022-03-31,0
2022-01-27,69460,2021-03-31,3,,,,,,,,,,,,,,,,,,,,26217000000,10296000000,0.393,,10296000000,,,,,,,,,,,,true,false,12,2020-04-01,2021-03-31,-1
2022-01-27,69460,2021-03-31,3,,,,,,,,,,,,,,,,,,,,,,,,,,,,,0.00,,,,2830000,6171,,false,false,12,2020-04-01,2021-03-31,-1
2022-01-27,69460,2022-03-31,3,,,,,,,,,,,,,,,,,,,,,,,,,,,,,0.00,,,,,,,false,false,12,2021-04-01,2022-03-31,0
2022-01-27,69460,2022-03-31,3,,,,,,,,,,,,,,,,,,,,,,,,,,,,,0.00,,,,,,,false,true,12,2021-04-01,2022-03-31,0
2022-01-27,69460,2022-03-31,3,,,,,,,,,,,,,,,,,,,,,,,,,,,,,,,,,2830000,4037,2825142,false,false,9,2021-04-01,2021-12-31,0
2022-01-27,69460,2021-03-31,3,,,,,,,,,,,,,,,,,,,,,,,,,,,,,,,,,,,2823911,false,false,9,2020-04-01,2020-12-31,-1
2022-05-13,69460,2022-03-31,,19230000000,-0.048,,,,,1850000000,0.358,1805000000,0.400,,1625000000,,575.18,481.58,0.154,0.073,0.096,,23059000000,10765000000,0.467,3369.72,10765000000,3352000000,-263000000,-2333000000,3047000000,,,,,,,,true,false,12,2021-04-01,2022-03-31,0
2022-05-13,69460,2021-03-31,,20195000000,0.202,,,,,1363000000,,1289000000,,,1030000000,,364.98,235.65,0.106,0.051,0.068,,26217000000,10296000000,0.393,2851.88,10296000000,859000000,-300000000,-617000000,2291000000,,,,,,,,true,false,12,2020-04-01,2021-03-31,-1
2022-05-13,69460,2023-03-31,,20000000000,0.040,,,,,1950000000,0.054,1900000000,0.052,,1700000000,,596.31,,,,,,,,,,,,,,,,0.050,,,,,,true,true,12,2022-04-01,2023-03-31,1
2022-05-13,69460,2022-03-31,,19180000000,-0.049,,,,,1832000000,0.404,1789000000,0.454,1631000000,,0.611,577.52,483.54,,,,,22745000000,9833000000,0.432,3039.78,9833000000,,,,,0.00,,,,2830000,4037,2825332,false,false,12,2021-04-01,2022-03-31,0
2022-05-13,69460,2021-03-31,,20161000000,0.200,,,,,1304000000,,1231000000,,1012000000,,,358.69,231.58,,,,,24650000000,9163000000,0.372,2450.92,9163000000,,,,,0.00,,,,2830000,6171,2823895,false,false,12,2020-04-01,2021-03-31,-1
2022-05-13,69460,2023-03-31,,,,,,,,,,,,,,,,,,,,,,,,,,,,,,30.00,,,,,,,false,true,12,2022-04-01,2023-03-31,1
2022-08-02,69460,2023-03-31,1,3263000000,-0.254,,,,,32000000,-0.899,26000000,-0.918,,-63000000,,-22.37,,,,,,22216000000,10668000000,0.480,,10668000000,,,,,,,,,,,,true,false,3,2022-04-01,2022-06-30,0
2022-08-02,69460,2022-03-31,1,4374000000,0.183,,,,,325000000,,315000000,,,179000000,,63.47,52.61,,,,,,,,,,,,,,,,,,,,,true,false,3,2021-04-01,2021-06-30,-1
2022-08-02,69460,2023-03-31,1,20000000000,0.040,,,,,1950000000,0.054,1900000000,0.052,,1700000000,,596.31,,,,,,,,,,,,,,,,,,,,,,true,true,12,2022-04-01,2023-03-31,0
2022-08-02,69460,2022-03-31,1,,,,,,,,,,,,,,,,,,,,23059000000,10765000000,0.467,,10765000000,,,,,,,,,,,,true,false,12,2021-04-01,2022-03-31,-1
2022-08-02,69460,2022-03-31,1,,,,,,,,,,,,,,,,,,,,,,,,,,,,,0.00,,,,2830000,4037,,false,false,12,2021-04-01,2022-03-31,-1
2022-08-02,69460,2023-03-31,1,,,,,,,,,,,,,,,,,,,,,,,,,,,,,30.00,,,,,,,false,true,12,2022-04-01,2023-03-31,0
2022-08-02,69460,2023-03-31,1,,,,,,,,,,,,,,,,,,,,,,,,,,,,,,,,,2830000,6947,2824508,false,false,3,2022-04-01,2022-06-30,0
2022-08-02,69460,2022-03-31,1,,,,,,,,,,,,,,,,,,,,,,,,,,,,,,,,,,,2823807,false,false,3,2021-04-01,2021-06-30,-1
2022-10-31,69460,2023-03-31,2,7862000000,-0.185,,,,,578000000,-0.391,565000000,-0.394,,527000000,,186.75,157.53,,,,,22498000000,11240000000,0.500,,11240000000,,,,,,,,,,,,true,false,6,2022-04-01,2022-09-30,0
2022-10-31,69460,2022-03-31,2,9648000000,0.055,,,,,950000000,1.777,932000000,2.266,,873000000,,309.36,256.45,,,,,,,,,,,,,,,,,,,,,true,false,6,2021-04-01,2021-09-30,-1
2022-10-31,69460,2023-03-31,2,20000000000,0.040,,,,,1950000000,0.054,1900000000,0.052,,1700000000,,596.31,,,,,,,,,,,,,,,,,,,,,,true,true,12,2022-04-01,2023-03-31,0
2022-10-31,69460,2022-03-31,2,,,,,,,,,,,,,,,,,,,,23059000000,10765000000,0.467,,10765000000,,,,,,,,,,,,true,false,12,2021-04-01,2022-03-31,-1
2022-10-31,69460,2022-03-31,2,,,,,,,,,,,,,,,,,,,,,,,,,,,,,0.00,,,,2830000,4037,,false,false,12,2021-04-01,2022-03-31,-1
2022-10-31,69460,2023-03-31,2,,,,,,,,,,,,,,,,,,,,,,,,,,,,,0.00,,,,,,,false,false,12,2022-04-01,2023-03-31,0
2022-10-31,69460,2023-03-31,2,,,,,,,,,,,,,,,,,,,,,,,,,,,,,30.00,,,,,,,false,true,12,2022-04-01,2023-03-31,0
2022-10-31,69460,2023-03-31,2,,,,,,,,,,,,,,,,,,,,,,,,,,,,,,,,,2830000,4457,2824952,false,false,6,2022-04-01,2022-09-30,0
2022-10-31,69460,2022-03-31,2,,,,,,,,,,,,,,,,,,,,,,,,,,,,,,,,,,,2824776,false,false,6,2021-04-01,2021-09-30,-1
2023-01-30,69460,2023-03-31,3,12624000000,-0.110,,,,,1145000000,-0.134,1127000000,-0.131,,965000000,,341.62,288.21,,,,,23655000000,11652000000,0.493,,11652000000,,,,,,,,,,,,true,false,9,2022-04-01,2022-12-31,0
2023-01-30,69460,2022-03-31,3,14180000000,-0.020,,,,,1322000000,0.694,1297000000,0.817,,1125000000,,398.49,332.54,,,,,,,,,,,,,,,,,,,,,true,false,9,2021-04-01,2021-12-31,-1
2023-01-30,69460,2023-03-31,3,20000000000,0.040,,,,,1950000000,0.054,1900000000,0.052,,1700000000,,596.31,,,,,,,,,,,,,,,,,,,,,,true,true,12,2022-04-01,2023-03-31,0
2023-01-30,69460,2022-03-31,3,,,,,,,,,,,,,,,,,,,,23059000000,10765000000,0.467,,10765000000,,,,,,,,,,,,true,false,12,2021-04-01,2022-03-31,-1
2023-01-30,69460,2022-03-31,3,,,,,,,,,,,,,,,,,,,,,,,,,,,,,0.00,,,,2830000,4037,,false,false,12,2021-04-01,2022-03-31,-1
2023-01-30,69460,2023-03-31,3,,,,,,,,,,,,,,,,,,,,,,,,,,,,,0.00,,,,,,,false,false,12,2022-04-01,2023-03-31,0
2023-01-30,69460,2023-03-31,3,,,,,,,,,,,,,,,,,,,,,,,,,,,,,30.00,,,,,,,false,true,12,2022-04-01,2023-03-31,0
2023-01-30,69460,2023-03-31,3,,,,,,,,,,,,,,,,,,,,,,,,,,,,,,,,,2830000,4457,2825129,false,false,9,2022-04-01,2022-12-31,0
2023-01-30,69460,2022-03-31,3,,,,,,,,,,,,,,,,,,,,,,,,,,,,,,,,,,,2825142,false,false,9,2021-04-01,2021-12-31,-1
2023-04-26,69460,2023-03-31,,17700000000,-0.115,,,,,1950000000,0.000,1900000000,0.000,,1800000000,,633.75,,,,,,,,,,,,,,,,,,,,,,true,true,12,2022-04-01,2023-03-31,0
2023-04-26,69460,2022-03-31,,19230000000,,,,,,1850000000,,1805000000,,,1625000000,,575.18,,,,,,,,,,,,,,,,,,,,,,true,false,12,2021-04-01,2022-03-31,-1
2023-05-12,69460,2023-03-31,,17754000000,-0.077,,,,,1951000000,0.054,1925000000,0.066,,1820000000,,640.98,606.21,0.159,0.082,0.110,,23964000000,12170000000,0.508,3672.74,12170000000,-860000000,151000000,-230000000,2108000000,,0.047,,,,,,true,false,12,2022-04-01,2023-03-31,0
2023-05-12,69460,2022-03-31,,19230000000,-0.048,,,,,1850000000,0.358,1805000000,0.400,,1625000000,,575.18,481.58,0.154,0.073,0.096,,23059000000,10765000000,0.467,3369.72,10765000000,3352000000,-263000000,-2333000000,3047000000,,,,,,,,true,false,12,2021-04-01,2022-03-31,-1
2023-05-12,69460,2024-03-31,,20000000000,0.126,,,,,2050000000,0.050,2000000000,0.039,,1900000000,,594.29,,,,,,,,,,,,,,,,0.050,,,,,,true,true,12,2023-04-01,2024-03-31,1
2023-05-12,69460,2023-03-31,,17700000000,-0.077,,,,,2010000000,0.097,1982000000,0.108,1879000000,,0.152,661.80,625.89,,,,,24201000000,11713000000,0.484,3529.35,11713000000,,,,,30.00,,,,3191162,4467,2830171,false,false,12,2022-04-01,2023-03-31,0
2023-05-12,69460,2022-03-31,,19180000000,-0.049,,,,,1832000000,0.404,1789000000,0.454,1631000000,,0.611,577.52,483.54,,,,,22745000000,9833000000,0.432,3039.78,9833000000,,,,,0.00,,,,2830000,4037,2825332,false,false,12,2021-04-01,2022-03-31,-1
2023-05-12,69460,2024-03-31,,,,,,,,,,,,,,,,,,,,,,,,,,,,,,30.00,,,,,,,false,true,12,2023-04-01,2024-03-31,1
2023-07-27,69460,2024-03-31,1,3605000000,0.105,,,,,275000000,7.420,268000000,9.326,,128000000,,40.43,38.47,,,,,22982000000,12125000000,0.528,,12125000000,,,,,,,,,,,,true,false,3,2023-04-01,2023-06-30,0
2023-07-27,69460,2023-03-31,1,3263000000,-0.254,,,,,32000000,-0.899,26000000,-0.918,,-63000000,,-22.37,,,,,,,,,,,,,,,,,,,,,,true,false,3,2022-04-01,2022-06-30,-1
2023-07-27,69460,2024-03-31,1,20000000000,0.126,,,,,2050000000,0.050,2000000000,0.039,,1900000000,,594.29,,,,,,,,,,,,,,,,,,,,,,true,true,12,2023-04-01,2024-03-31,0
2023-07-27,69460,2023-03-31,1,,,,,,,,,,,,,,,,,,,,23964000000,12170000000,0.508,,12170000000,,,,,,,,,,,,true,false,12,2022-04-01,2023-03-31,-1
2023-07-27,69460,2023-03-31,1,,,,,,,,,,,,,,,,,,,,,,,,,,,,,30.00,,,,3191162,4467,,false,false,12,2022-04-01,2023-03-31,-1
2023-07-27,69460,2024-03-31,1,,,,,,,,,,,,,,,,,,,,,,,,,,,,,30.00,,,,,,,false,true,12,2023-04-01,2024-03-31,0
2023-07-27,69460,2024-03-31,1,,,,,,,,,,,,,,,,,,,,,,,,,,,,,,,,,3191162,15167,3181345,false,false,3,2023-04-01,2023-06-30,0
2023-07-27,69460,2023-03-31,1,,,,,,,,,,,,,,,,,,,,,,,,,,,,,,,,,,,2824508,false,false,3,2022-04-01,2022-06-30,-1
2023-10-30,69460,2024-03-31,2,8669000000,0.103,,,,,910000000,0.574,896000000,0.586,,744000000,,233.38,,,,,,25476000000,12722000000,0.499,,12722000000,,,,,,,,,,,,true,false,6,2023-04-01,2023-09-30,0
2023-10-30,69460,2023-03-31,2,7862000000,-0.185,,,,,578000000,-0.391,565000000,-0.394,,527000000,,186.75,157.53,,,,,,,,,,,,,,,,,,,,,true,false,6,2022-04-01,2022-09-30,-1
2023-10-30,69460,2024-03-31,2,20000000000,0.126,,,,,2050000000,0.050,2000000000,0.039,,1900000000,,582.87,,,,,,,,,,,,,,,,,,,,,,true,true,12,2023-04-01,2024-03-31,0
2023-10-30,69460,2023-03-31,2,,,,,,,,,,,,,,,,,,,,23964000000,12170000000,0.508,,12170000000,,,,,,,,,,,,true,false,12,2022-04-01,2023-03-31,-1
2023-10-30,69460,2023-03-31,2,,,,,,,,,,,,,,,,,,,,,,,,,,,,,30.00,,,,3191162,4467,,false,false,12,2022-04-01,2023-03-31,-1
2023-10-30,69460,2024-03-31,2,,,,,,,,,,,,,,,,,,,,,,,,,,,,,0.00,,,,,,,false,false,12,2023-04-01,2024-03-31,0
2023-10-30,69460,2024-03-31,2,,,,,,,,,,,,,,,,,,,,,,,,,,,,,30.00,,,,,,,false,true,12,2023-04-01,2024-03-31,0
2023-10-30,69460,2024-03-31,2,,,,,,,,,,,,,,,,,,,,,,,,,,,,,,,,,3352962,14027,3193708,false,false,6,2023-04-01,2023-09-30,0
2023-10-30,69460,2023-03-31,2,,,,,,,,,,,,,,,,,,,,,,,,,,,,,,,,,,,2824952,false,false,6,2022-04-01,2022-09-30,-1
2024-01-31,69460,2024-03-31,3,13253000000,0.050,,,,,1509000000,0.318,1490000000,0.322,,1166000000,,360.38,,,,,,25861000000,13118000000,0.507,,13118000000,,,,,,,,,,,,true,false,9,2023-04-01,2023-12-31,0
2024-01-31,69460,2023-03-31,3,12624000000,-0.110,,,,,1145000000,-0.134,1127000000,-0.131,,965000000,,341.62,288.21,,,,,,,,,,,,,,,,,,,,,true,false,9,2022-04-01,2022-12-31,-1
2024-01-31,69460,2024-03-31,3,20000000000,0.126,,,,,2050000000,0.050,2000000000,0.039,,1900000000,,582.87,,,,,,,,,,,,,,,,,,,,,,true,true,12,2023-04-01,2024-03-31,0
2024-01-31,69460,2023-03-31,3,,,,,,,,,,,,,,,,,,,,23964000000,12170000000,0.508,,12170000000,,,,,,,,,,,,true,false,12,2022-04-01,2023-03-31,-1
2024-01-31,69460,2023-03-31,3,,,,,,,,,,,,,,,,,,,,,,,,,,,,,30.00,,,,3191162,4467,,false,false,12,2022-04-01,2023-03-31,-1
2024-01-31,69460,2024-03-31,3,,,,,,,,,,,,,,,,,,,,,,,,,,,,,0.00,,,,,,,false,false,12,2023-04-01,2024-03-31,0
2024-01-31,69460,2024-03-31,3,,,,,,,,,,,,,,,,,,,,,,,,,,,,,30.00,,,,,,,false,true,12,2023-04-01,2024-03-31,0
2024-01-31,69460,2024-03-31,3,,,,,,,,,,,,,,,,,,,,,,,,,,,,,,,,,3352962,14037,3235947,false,false,9,2023-04-01,2023-12-31,0
2024-01-31,69460,2023-03-31,3,,,,,,,,,,,,,,,,,,,,,,,,,,,,,,,,,,,2825129,false,false,9,2022-04-01,2022-12-31,-1
2024-05-10,69460,2024-03-31,,18055000000,0.017,,,,,2178000000,0.116,2152000000,0.118,,2149000000,,659.30,,0.162,0.084,0.121,,27528000000,14305000000,0.520,4284.49,14305000000,-206000000,-517000000,956000000,2341000000,,0.046,,,,,,true,false,12,2023-04-01,2024-03-31,0
2024-05-10,69460,2023-03-31,,17754000000,-0.077,,,,,1951000000,0.054,1925000000,0.066,,1820000000,,640.98,606.21,0.159,0.082,0.110,,23964000000,12170000000,0.508,3672.74,12170000000,-860000000,151000000,-230000000,2108000000,,0.047,,,,,,true,false,12,2022-04-01,2023-03-31,-1
2024-05-10,69460,2025-03-31,,22000000000,0.218,,,,,2600000000,0.194,2550000000,0.184,,1900000000,,113.81,,,,,,,,,,,,,,,,0.053,,,,,,true,true,12,2024-04-01,2025-03-31,1
2024-05-10,69460,2024-03-31,,17992000000,0.016,,,,,2027000000,0.008,1995000000,0.007,1922000000,,0.023,589.74,,,,,,27512000000,13492000000,0.490,4041.18,13492000000,,,,,30.00,,,,3352962,14094,3259700,false,false,12,2023-04-01,2024-03-31,0
2024-05-10,69460,2023-03-31,,17700000000,-0.077,,,,,2010000000,0.097,1982000000,0.108,1879000000,,0.152,661.80,625.89,,,,,24201000000,11713000000,0.484,3529.35,11713000000,,,,,30.00,,,,3191162,4467,2830171,false,false,12,2022-04-01,2023-03-31,-1
2024-05-10,69460,2025-03-31,,,,,,,,,,,,,,,,,,,,,,,,,,,,,,6.00,,,,,,,false,true,12,2024-04-01,2025-03-31,1
2024-08-02,69460,2025-03-31,1,4087000000,0.134,,,,,325000000,0.179,308000000,0.147,,191000000,,57.25,,,,,,26769000000,14384000000,0.537,,14384000000,,,,,,,,,,,,true,false,3,2024-04-01,2024-06-30,0
2024-08-02,69460,2024-03-31,1,3605000000,0.105,,,,,275000000,7.420,268000000,9.326,,128000000,,40.43,38.47,,,,,,,,,,,,,,,,,,,,,true,false,3,2023-04-01,2023-06-30,-1
2024-08-02,69460,2025-03-31,1,22000000000,0.218,,,,,2600000000,0.194,2550000000,0.184,,1900000000,,120.31,,,,,,,,,,,,,,,,,,,,,,true,true,12,2024-04-01,2025-03-31,0
2024-08-02,69460,2024-03-31,1,,,,,,,,,,,,,,,,,,,,27528000000,14305000000,0.520,,14305000000,,,,,,,,,,,,true,false,12,2023-04-01,2024-03-31,-1
2024-08-02,69460,2024-03-31,1,,,,,,,,,,,,,,,,,,,,,,,,,,,,,30.00,,,,3352962,14094,,false,false,12,2023-04-01,2024-03-31,-1
2024-08-02,69460,2025-03-31,1,,,,,,,,,,,,,,,,,,,,,,,,,,,,,6.00,,,,,,,false,true,12,2024-04-01,2025-03-31,0
2024-08-02,69460,2025-03-31,1,,,,,,,,,,,,,,,,,,,,,,,,,,,,,,,,,3352962,14094,3338868,false,false,3,2024-04-01,2024-06-30,0
2024-08-02,69460,2024-03-31,1,,,,,,,,,,,,,,,,,,,,,,,,,,,,,,,,,,,3181345,false,false,3,2023-04-01,2023-06-30,-1
2024-10-29,69460,2025-03-31,2,9106000000,0.050,,,,,1148000000,0.262,1099000000,0.226,,734000000,,45.55,,,,,,25299000000,12932000000,0.511,,12932000000,,,,,,,,,,,,true,false,6,2024-04-01,2024-09-30,0
2024-10-29,69460,2024-03-31,2,8669000000,0.103,,,,,910000000,0.574,896000000,0.586,,744000000,,46.68,,,,,,,,,,,,,,,,,,,,,,true,false,6,2023-04-01,2023-09-30,-1
2024-10-29,69460,2025-03-31,2,22000000000,0.218,,,,,2600000000,0.194,2550000000,0.184,,1900000000,,120.31,,,,,,,,,,,,,,,,,,,,,,true,true,12,2024-04-01,2025-03-31,0
2024-10-29,69460,2024-03-31,2,,,,,,,,,,,,,,,,,,,,27528000000,14305000000,0.520,,14305000000,,,,,,,,,,,,true,false,12,2023-04-01,2024-03-31,-1
2024-10-29,69460,2024-03-31,2,,,,,,,,,,,,,,,,,,,,,,,,,,,,,30.00,,,,16764810,70470,,false,false,12,2023-04-01,2024-03-31,-1
2024-10-29,69460,2025-03-31,2,,,,,,,,,,,,,,,,,,,,,,,,,,,,,0.00,,,,,,,false,false,12,2024-04-01,2025-03-31,0
2024-10-29,69460,2025-03-31,2,,,,,,,,,,,,,,,,,,,,,,,,,,,,,6.00,,,,,,,false,true,12,2024-04-01,2025-03-31,0
2024-10-29,69460,2025-03-31,2,,,,,,,,,,,,,,,,,,,,,,,,,,,,,,,,,16764810,1373590,16135867,false,false,6,2024-04-01,2024-09-30,0
2024-10-29,69460,2024-03-31,2,,,,,,,,,,,,,,,,,,,,,,,,,,,,,,,,,,,15959064,false,false,6,2023-04-01,2023-09-30,-1
2025-01-31,69460,2025-03-31,3,13670000000,0.032,,,,,1665000000,0.103,1598000000,0.072,,1065000000,,66.97,,,,,,25803000000,13251000000,0.514,,13251000000,,,,,,,,,,,,true,false,9,2024-04-01,2024-12-31,0
2025-01-31,69460,2024-03-31,3,13253000000,0.050,,,,,1509000000,0.318,1490000000,0.322,,1166000000,,72.08,,,,,,,,,,,,,,,,,,,,,,true,false,9,2023-04-01,2023-12-31,-1
2025-01-31,69460,2025-03-31,3,22000000000,0.218,,,,,2600000000,0.194,2550000000,0.184,,1900000000,,120.31,,,,,,,,,,,,,,,,,,,,,,true,true,12,2024-04-01,2025-03-31,0
2025-01-31,69460,2024-03-31,3,,,,,,,,,,,,,,,,,,,,27528000000,14305000000,0.520,,14305000000,,,,,,,,,,,,true,false,12,2023-04-01,2024-03-31,-1
2025-01-31,69460,2024-03-31,3,,,,,,,,,,,,,,,,,,,,,,,,,,,,,30.00,,,,16764810,70470,,false,false,12,2023-04-01,2024-03-31,-1
2025-01-31,69460,2025-03-31,3,,,,,,,,,,,,,,,,,,,,,,,,,,,,,0.00,,,,,,,false,false,12,2024-04-01,2025-03-31,0
2025-01-31,69460,2025-03-31,3,,,,,,,,,,,,,,,,,,,,,,,,,,,,,6.00,,,,,,,false,true,12,2024-04-01,2025-03-31,0
2025-01-31,69460,2025-03-31,3,,,,,,,,,,,,,,,,,,,,,,,,,,,,,,,,,16764810,1373926,15912416,false,false,9,2024-04-01,2024-12-31,0
2025-01-31,69460,2024-03-31,3,,,,,,,,,,,,,,,,,,,,,,,,,,,,,,,,,,,16179737,false,false,9,2023-04-01,2023-12-31,-1
2025-05-13,69460,2025-03-31,,20122000000,0.114,,,,,2796000000,0.284,2711000000,0.260,,1964000000,,124.37,,0.139,0.100,0.139,,26913000000,13958000000,0.519,906.97,13958000000,2150000000,-471000000,-2085000000,1934000000,,0.048,,,,,,true,false,12,2024-04-01,2025-03-31,0
2025-05-13,69460,2024-03-31,,18055000000,0.017,,,,,2178000000,0.116,2152000000,0.118,,2149000000,,131.86,,0.162,0.084,0.121,,27528000000,14305000000,0.520,856.90,14305000000,-206000000,-517000000,956000000,2341000000,,0.046,,,,,,true,false,12,2023-04-01,2024-03-31,-1
2025-05-13,69460,2026-03-31,,22500000000,0.118,,,,,3200000000,0.144,3100000000,0.143,,2200000000,,142.94,,,,,,,,,,,,,,,,0.070,,,,,,true,true,12,2025-04-01,2026-03-31,1
2025-05-13,69460,2025-03-31,,20098000000,0.117,,,,,2580000000,0.273,2485000000,0.245,1808000000,,-0.059,114.52,,,,,,26889000000,13186000000,0.490,856.81,13186000000,,,,,6.00,,,,16764810,1373968,15792056,false,false,12,2024-04-01,2025-03-31,0
2025-05-13,69460,2024-03-31,,17992000000,0.016,,,,,2027000000,0.008,1995000000,0.007,1922000000,,0.023,117.95,,,,,,27512000000,13492000000,0.490,808.24,13492000000,,,,,30.00,,,,16764810,70470,16298499,false,false,12,2023-04-01,2024-03-31,-1
2025-05-13,69460,2026-03-31,,,,,,,,,,,,,,,,,,,,,,,,,,,,,,10.00,,,,,,,false,true,12,2025-04-01,2026-03-31,1
