filing_date,code,fiscal_year_end,quarterly_period,net_sales,net_sales_change,revenue,revenue_change,operating_revenue,operating_revenue_change,operating_profit,operating_profit_change,ordinary_profit,ordinary_profit_change,net_income,net_income_of_parent,net_income_change,eps,diluted_eps,roe,roa,operating_profit_to_net_sales,operating_profit_to_revenue,total_assets,net_assets,equity_ratio,bps,owner_equity,operating_cash_flow,investing_cash_flow,financing_cash_flow,cash,dividend_per_share,payout_ratio,commemorative_dividend,extra_dividend,number_of_shares,number_of_treqsury_shares,avg_number_of_shares,is_consolidated,is_forecast,duration,period_start,period_end,period_pos
2015-05-08,69600,2015-03-31,,108200000000,0.002,,,,,10300000000,-0.142,11350000000,-0.054,7100000000,,-0.066,510.69,,,,,,,,,,,,,,,,,,,,,,true,true,12,2014-04-01,2015-03-31,0
2015-05-08,69600,2014-03-31,,107574000000,,,,,,11811000000,,12023000000,,7559000000,,,516.89,,,,,,,,,,,,,,,,,,,,,,true,false,12,2013-04-01,2014-03-31,-1
2015-05-15,69600,2015-03-31,,108269000000,0.006,,,,,10303000000,-0.128,11371000000,-0.054,7119000000,,-0.058,512.10,,0.083,0.093,0.095,,124582000000,88991000000,0.714,6401.07,88991000000,12851000000,-6592000000,-2326000000,24189000000,,0.293,,,,,,true,false,12,2014-04-01,2015-03-31,0
2015-05-15,69600,2014-03-31,,107574000000,0.118,,,,,11811000000,0.152,12023000000,0.151,7559000000,,0.168,516.89,,0.092,0.102,0.110,,120730000000,81736000000,0.677,5879.25,81736000000,11122000000,-4350000000,-7852000000,20339000000,,0.281,,,,,,true,false,12,2013-04-01,2014-03-31,-1
2015-05-15,69600,2016-03-31,,109000000000,0.007,,,,,12000000000,0.165,12000000000,0.055,,7380000000,,530.84,,,,,,,,,,,,,,,,0.283,,,,,,true,true,12,2015-04-01,2016-03-31,1
2015-05-15,69600,2015-03-31,,63284000000,-0.009,,,,,6027000000,-0.006,8751000000,0.095,5794000000,,-0.003,416.78,,,,,,99535000000,63339000000,0.636,4555.95,63339000000,,,,,150.00,,,,19588000,5685418,13902639,false,false,12,2014-04-01,2015-03-31,0
2015-05-15,69600,2014-03-31,,63849000000,0.071,,,,,6062000000,0.204,7990000000,0.158,5813000000,,0.209,397.48,,,,,,96252000000,58354000000,0.606,4197.37,58354000000,,,,,145.00,,,,19588000,5685382,14625522,false,false,12,2013-04-01,2014-03-31,-1
2015-05-15,69600,2016-03-31,,,,,,,,,,,,,,,,,,,,,,,,,,,,,,150.00,,,,,,,false,true,12,2015-04-01,2016-03-31,1
2015-07-31,69600,2016-03-31,1,23587000000,0.110,,,,,1782000000,0.072,1937000000,0.029,,1189000000,,85.53,,,,,,122301000000,89427000000,0.731,6432.47,89427000000,,,,,,,,,,,,true,false,3,2015-04-01,2015-06-30,0
2015-07-31,69600,2015-03-31,1,21242000000,-0.051,,,,,1662000000,-0.338,1882000000,-0.304,,1005000000,,72.35,,,,,,,,,,,,,,,,,,,,,,true,false,3,2014-04-01,2014-06-30,-1
2015-07-31,69600,2016-03-31,1,109000000000,0.007,,,,,12000000000,0.165,12000000000,0.055,,7380000000,,530.84,,,,,,,,,,,,,,,,,,,,,,true,true,12,2015-04-01,2016-03-31,0
2015-07-31,69600,2015-03-31,1,,,,,,,,,,,,,,,,,,,,124582000000,88991000000,0.714,6401.07,88991000000,,,,,,,,,,,,true,false,12,2014-04-01,2015-03-31,-1
2015-07-31,69600,2015-03-31,1,,,,,,,,,,,,,,,,,,,,,,,,,,,,,150.00,,,,19588000,5685418,,false,false,12,2014-04-01,2015-03-31,-1
2015-07-31,69600,2016-03-31,1,,,,,,,,,,,,,,,,,,,,,,,,,,,,,150.00,,,,,,,false,true,12,2015-04-01,2016-03-31,0
2015-07-31,69600,2016-03-31,1,,,,,,,,,,,,,,,,,,,,,,,,,,,,,,,,,19588000,5685506,13902526,false,false,3,2015-04-01,2015-06-30,0
2015-07-31,69600,2015-03-31,1,,,,,,,,,,,,,,,,,,,,,,,,,,,,,,,,,,,13902718,false,false,3,2014-04-01,2014-06-30,-1
2015-10-30,69600,2016-03-31,2,53050000000,0.108,,,,,4563000000,0.006,4896000000,-0.009,,3491000000,,251.13,,,,,,122642000000,90876000000,0.741,6536.74,90876000000,,,,,,,,,,,,true,false,6,2015-04-01,2015-09-30,0
2015-10-30,69600,2015-03-31,2,47874000000,0.013,,,,,4535000000,-0.125,4940000000,-0.065,,2922000000,,210.23,,,,,,,,,,,,,,,,,,,,,,true,false,6,2014-04-01,2014-09-30,-1
2015-10-30,69600,2016-03-31,2,109000000000,0.007,,,,,12000000000,0.165,12000000000,0.055,,7380000000,,506.29,,,,,,,,,,,,,,,,,,,,,,true,true,12,2015-04-01,2016-03-31,0
2015-10-30,69600,2015-03-31,2,,,,,,,,,,,,,,,,,,,,124582000000,88991000000,0.714,6401.07,88991000000,,,,,,,,,,,,true,false,12,2014-04-01,2015-03-31,-1
2015-10-30,69600,2015-03-31,2,,,,,,,,,,,,,,,,,,,,,,,,,,,,,150.00,,,,19588000,5685418,,false,false,12,2014-04-01,2015-03-31,-1
2015-10-30,69600,2016-03-31,2,,,,,,,,,,,,,,,,,,,,,,,,,,,,,60.00,,,,,,,false,false,12,2015-04-01,2016-03-31,0
2015-10-30,69600,2016-03-31,2,,,,,,,,,,,,,,,,,,,,,,,,,,,,,150.00,,,,,,,false,true,12,2015-04-01,2016-03-31,0
2015-10-30,69600,2016-03-31,2,,,,,,,,,,,,,,,,,,,,,,,,,,,,,,,,,19588000,5685566,13902492,false,false,6,2015-04-01,2015-09-30,0
2015-10-30,69600,2015-03-31,2,,,,,,,,,,,,,,,,,,,,,,,,,,,,,,,,,,,13902674,false,false,6,2014-04-01,2014-09-30,-1
2016-01-29,69600,2016-03-31,3,80902000000,0.125,,,,,6881000000,0.124,7187000000,0.044,,4847000000,,338.05,,,,,,132995000000,100235000000,0.754,6524.44,100235000000,,,,,,,,,,,,true,false,9,2015-04-01,2015-12-31,0
2016-01-29,69600,2015-03-31,3,71889000000,0.023,,,,,6120000000,-0.169,6881000000,-0.063,,4077000000,,293.28,,,,,,,,,,,,,,,,,,,,,,true,false,9,2014-04-01,2014-12-31,-1
2016-01-29,69600,2016-03-31,3,109000000000,0.007,,,,,12000000000,0.165,12000000000,0.055,,7380000000,,506.29,,,,,,,,,,,,,,,,,,,,,,true,true,12,2015-04-01,2016-03-31,0
2016-01-29,69600,2015-03-31,3,,,,,,,,,,,,,,,,,,,,124582000000,88991000000,0.714,6401.07,88991000000,,,,,,,,,,,,true,false,12,2014-04-01,2015-03-31,-1
2016-01-29,69600,2015-03-31,3,,,,,,,,,,,,,,,,,,,,,,,,,,,,,150.00,,,,19588000,5685418,,false,false,12,2014-04-01,2015-03-31,-1
2016-01-29,69600,2016-03-31,3,,,,,,,,,,,,,,,,,,,,,,,,,,,,,60.00,,,,,,,false,false,12,2015-04-01,2016-03-31,0
2016-01-29,69600,2016-03-31,3,,,,,,,,,,,,,,,,,,,,,,,,,,,,,150.00,,,,,,,false,true,12,2015-04-01,2016-03-31,0
2016-01-29,69600,2016-03-31,3,,,,,,,,,,,,,,,,,,,,,,,,,,,,,,,,,19588000,4224983,14340674,false,false,9,2015-04-01,2015-12-31,0
2016-01-29,69600,2015-03-31,3,,,,,,,,,,,,,,,,,,,,,,,,,,,,,,,,,,,13902652,false,false,9,2014-04-01,2014-12-31,-1
2016-05-13,69600,2016-03-31,,117222000000,0.083,,,,,10649000000,0.034,10934000000,-0.038,,7368000000,,505.49,,0.078,0.084,0.091,,137164000000,99830000000,0.728,6498.12,99830000000,12542000000,-9138000000,-2395000000,31515000000,,0.297,,,,,,true,false,12,2015-04-01,2016-03-31,0
2016-05-13,69600,2015-03-31,,108269000000,0.006,,,,,10303000000,-0.128,11371000000,-0.054,,7119000000,,512.10,,0.083,0.093,0.095,,124582000000,88991000000,0.714,6401.07,88991000000,12851000000,-6592000000,-2326000000,24189000000,,0.293,,,,,,true,false,12,2014-04-01,2015-03-31,-1
2016-05-13,69600,2017-03-31,,117500000000,0.002,,,,,11000000000,0.033,11000000000,0.006,,7500000000,,486.00,,,,,,,,,,,,,,,,0.309,,,,,,true,true,12,2016-04-01,2017-03-31,1
2016-05-13,69600,2016-03-31,,67421000000,0.065,,,,,5105000000,-0.153,7529000000,-0.140,5675000000,,0.020,389.37,,,,,,109436000000,74008000000,0.676,4817.34,74008000000,,,,,150.00,,,,19588000,4225003,14576594,false,false,12,2015-04-01,2016-03-31,0
2016-05-13,69600,2015-03-31,,63284000000,-0.009,,,,,6027000000,-0.006,8751000000,0.095,5794000000,,-0.003,416.78,,,,,,99535000000,63339000000,0.636,4555.95,63339000000,,,,,150.00,,,,19588000,5685418,13902639,false,false,12,2014-04-01,2015-03-31,-1
2016-05-13,69600,2017-03-31,,,,,,,,,,,,,,,,,,,,,,,,,,,,,,150.00,,,,,,,false,true,12,2016-04-01,2017-03-31,1
2016-05-13,69600,2016-03-31,,117222000000,0.083,,,,,10649000000,0.034,10934000000,-0.038,,7368000000,,505.49,,0.078,0.084,0.091,,137164000000,99830000000,0.728,6498.12,99830000000,11758000000,-9425000000,-2260000000,28962000000,,0.297,,,,,,true,false,12,2015-04-01,2016-03-31,0
2016-05-13,69600,2015-03-31,,108269000000,0.006,,,,,10303000000,-0.128,11371000000,-0.054,,7119000000,,512.10,,0.083,0.093,0.095,,124582000000,88991000000,0.714,6401.07,88991000000,12851000000,-6592000000,-2326000000,24189000000,,0.293,,,,,,true,false,12,2014-04-01,2015-03-31,-1
2016-05-13,69600,2017-03-31,,117500000000,0.002,,,,,11000000000,0.033,11000000000,0.006,,7500000000,,486.00,,,,,,,,,,,,,,,,0.309,,,,,,true,true,12,2016-04-01,2017-03-31,1
2016-05-13,69600,2016-03-31,,67421000000,0.065,,,,,5105000000,-0.153,7529000000,-0.140,5675000000,,0.020,389.37,,,,,,109436000000,74008000000,0.676,4817.34,74008000000,,,,,150.00,,,,19588000,4225003,14576594,false,false,12,2015-04-01,2016-03-31,0
2016-05-13,69600,2015-03-31,,63284000000,-0.009,,,,,6027000000,-0.006,8751000000,0.095,5794000000,,-0.003,416.78,,,,,,99535000000,63339000000,0.636,4555.95,63339000000,,,,,150.00,,,,19588000,5685418,13902639,false,false,12,2014-04-01,2015-03-31,-1
2016-05-13,69600,2017-03-31,,,,,,,,,,,,,,,,,,,,,,,,,,,,,,150.00,,,,,,,false,true,12,2016-04-01,2017-03-31,1
2016-07-29,69600,2017-03-31,1,25046000000,0.062,,,,,2205000000,0.238,1998000000,0.032,,1229000000,,80.03,,,,,,133415000000,99500000000,0.746,6476.44,99500000000,,,,,,,,,,,,true,false,3,2016-04-01,2016-06-30,0
2016-07-29,69600,2016-03-31,1,23587000000,0.110,,,,,1782000000,0.072,1937000000,0.029,,1189000000,,85.53,,,,,,,,,,,,,,,,,,,,,,true,false,3,2015-04-01,2015-06-30,-1
2016-07-29,69600,2017-03-31,1,117500000000,0.002,,,,,11000000000,0.033,11000000000,0.006,,7500000000,,488.18,,,,,,,,,,,,,,,,,,,,,,true,true,12,2016-04-01,2017-03-31,0
2016-07-29,69600,2016-03-31,1,,,,,,,,,,,,,,,,,,,,137164000000,99830000000,0.728,6498.12,99830000000,,,,,,,,,,,,true,false,12,2015-04-01,2016-03-31,-1
2016-07-29,69600,2016-03-31,1,,,,,,,,,,,,,,,,,,,,,,,,,,,,,150.00,,,,19588000,4225003,,false,false,12,2015-04-01,2016-03-31,-1
2016-07-29,69600,2017-03-31,1,,,,,,,,,,,,,,,,,,,,,,,,,,,,,150.00,,,,,,,false,true,12,2016-04-01,2017-03-31,0
2016-07-29,69600,2017-03-31,1,,,,,,,,,,,,,,,,,,,,,,,,,,,,,,,,,19588000,4224603,15363172,false,false,3,2016-04-01,2016-06-30,0
2016-07-29,69600,2016-03-31,1,,,,,,,,,,,,,,,,,,,,,,,,,,,,,,,,,,,13902526,false,false,3,2015-04-01,2015-06-30,-1
2016-10-31,69600,2017-03-31,2,54072000000,0.019,,,,,5289000000,0.159,4906000000,0.002,,4676000000,,306.08,,,,,,133681000000,101740000000,0.761,6752.80,101740000000,,,,,,,,,,,,true,false,6,2016-04-01,2016-09-30,0
2016-10-31,69600,2016-03-31,2,53050000000,0.108,,,,,4563000000,0.006,4896000000,-0.009,,3491000000,,251.13,,,,,,,,,,,,,,,,,,,,,,true,false,6,2015-04-01,2015-09-30,-1
2016-10-31,69600,2017-03-31,2,117500000000,0.002,,,,,11000000000,0.033,11000000000,0.006,,7500000000,,491.81,,,,,,,,,,,,,,,,,,,,,,true,true,12,2016-04-01,2017-03-31,0
2016-10-31,69600,2016-03-31,2,,,,,,,,,,,,,,,,,,,,137164000000,99830000000,0.728,6498.12,99830000000,,,,,,,,,,,,true,false,12,2015-04-01,2016-03-31,-1
2016-10-31,69600,2016-03-31,2,,,,,,,,,,,,,,,,,,,,,,,,,,,,,150.00,,,,19588000,4225003,,false,false,12,2015-04-01,2016-03-31,-1
2016-10-31,69600,2017-03-31,2,,,,,,,,,,,,,,,,,,,,,,,,,,,,,60.00,,,,,,,false,false,12,2016-04-01,2017-03-31,0
2016-10-31,69600,2017-03-31,2,,,,,,,,,,,,,,,,,,,,,,,,,,,,,150.00,,,,,,,false,true,12,2016-04-01,2017-03-31,0
2016-10-31,69600,2017-03-31,2,,,,,,,,,,,,,,,,,,,,,,,,,,,,,,,,,19588000,4521552,15278419,false,false,6,2016-04-01,2016-09-30,0
2016-10-31,69600,2016-03-31,2,,,,,,,,,,,,,,,,,,,,,,,,,,,,,,,,,,,13902492,false,false,6,2015-04-01,2015-09-30,-1
2017-01-31,69600,2017-03-31,3,82049000000,0.014,,,,,8124000000,0.181,8298000000,0.155,,6939000000,,454.76,,,,,,138721000000,104118000000,0.751,6842.44,104118000000,,,,,,,,,,,,true,false,9,2016-04-01,2016-12-31,0
2017-01-31,69600,2016-03-31,3,80902000000,0.125,,,,,6881000000,0.124,7187000000,0.044,,4847000000,,338.05,,,,,,,,,,,,,,,,,,,,,,true,false,9,2015-04-01,2015-12-31,-1
2017-01-31,69600,2017-03-31,3,117500000000,0.002,,,,,11000000000,0.033,11000000000,0.006,,8335000000,,546.56,,,,,,,,,,,,,,,,,,,,,,true,true,12,2016-04-01,2017-03-31,0
2017-01-31,69600,2016-03-31,3,,,,,,,,,,,,,,,,,,,,137164000000,99830000000,0.728,6498.12,99830000000,,,,,,,,,,,,true,false,12,2015-04-01,2016-03-31,-1
2017-01-31,69600,2016-03-31,3,,,,,,,,,,,,,,,,,,,,,,,,,,,,,150.00,,,,19588000,4225003,,false,false,12,2015-04-01,2016-03-31,-1
2017-01-31,69600,2017-03-31,3,,,,,,,,,,,,,,,,,,,,,,,,,,,,,60.00,,,,,,,false,false,12,2016-04-01,2017-03-31,0
2017-01-31,69600,2017-03-31,3,,,,,,,,,,,,,,,,,,,,,,,,,,,,,150.00,,,,,,,false,true,12,2016-04-01,2017-03-31,0
2017-01-31,69600,2017-03-31,3,,,,,,,,,,,,,,,,,,,,,,,,,,,,,,,,,19588000,4371472,15259856,false,false,9,2016-04-01,2016-12-31,0
2017-01-31,69600,2016-03-31,3,,,,,,,,,,,,,,,,,,,,,,,,,,,,,,,,,,,14340674,false,false,9,2015-04-01,2015-12-31,-1
2017-01-31,69600,2017-03-31,,117500000000,0.000,,,,,11000000000,0.000,11000000000,0.000,8335000000,,0.111,546.56,,,,,,,,,,,,,,,,,,,,,,true,true,12,2016-04-01,2017-03-31,0
2017-01-31,69600,2016-03-31,,117222000000,,,,,,10649000000,,10934000000,,7368000000,,,505.49,,,,,,,,,,,,,,,,,,,,,,true,false,12,2015-04-01,2016-03-31,-1
2017-05-12,69600,2017-03-31,,121747000000,0.039,,,,,12062000000,0.133,12201000000,0.116,,8776000000,,575.51,,0.085,0.086,0.099,,146009000000,105973000000,0.726,6964.31,105973000000,15693000000,-8306000000,-4304000000,32001000000,,0.278,,,,,,true,false,12,2016-04-01,2017-03-31,0
2017-05-12,69600,2016-03-31,,117222000000,0.083,,,,,10649000000,0.034,10934000000,-0.038,,7368000000,,505.49,,0.078,0.084,0.091,,137164000000,99830000000,0.728,6498.12,99830000000,11758000000,-9425000000,-2260000000,28962000000,,0.297,,,,,,true,false,12,2015-04-01,2016-03-31,-1
2017-05-12,69600,2018-03-31,,125000000000,0.027,,,,,12500000000,0.036,12500000000,0.024,,8000000000,,525.74,,,,,,,,,,,,,,,,0.295,,,,,,true,true,12,2017-04-01,2018-03-31,1
2017-05-12,69600,2017-03-31,,69819000000,0.036,,,,,7584000000,0.486,10692000000,0.420,9147000000,,0.612,599.84,,,,,,123133000000,80046000000,0.650,5260.49,80046000000,,,,,160.00,,,,19588000,4371392,15249868,false,false,12,2016-04-01,2017-03-31,0
2017-05-12,69600,2016-03-31,,67421000000,0.065,,,,,5105000000,-0.153,7529000000,-0.140,5675000000,,-0.020,389.37,,,,,,109436000000,74008000000,0.676,4817.34,74008000000,,,,,150.00,,,,19588000,4225003,14576594,false,false,12,2015-04-01,2016-03-31,-1
2017-05-12,69600,2018-03-31,,,,,,,,,,,,,,,,,,,,,,,,,,,,,,155.00,,,,,,,false,true,12,2017-04-01,2018-03-31,1
2017-07-31,69600,2018-03-31,1,26770000000,0.069,,,,,2618000000,0.187,2725000000,0.364,,2157000000,,141.80,,,,,,143500000000,106783000000,0.744,7017.43,106783000000,,,,,,,,,,,,true,false,3,2017-04-01,2017-06-30,0
2017-07-31,69600,2017-03-31,1,25046000000,0.062,,,,,2205000000,0.238,1998000000,0.032,,1229000000,,80.03,,,,,,,,,,,,,,,,,,,,,,true,false,3,2016-04-01,2016-06-30,-1
2017-07-31,69600,2018-03-31,1,125000000000,0.027,,,,,12500000000,0.036,12500000000,0.024,,8000000000,,525.73,,,,,,,,,,,,,,,,,,,,,,true,true,12,2017-04-01,2018-03-31,0
2017-07-31,69600,2017-03-31,1,,,,,,,,,,,,,,,,,,,,146009000000,105973000000,0.726,6964.31,105973000000,,,,,,,,,,,,true,false,12,2016-04-01,2017-03-31,-1
2017-07-31,69600,2017-03-31,1,,,,,,,,,,,,,,,,,,,,,,,,,,,,,160.00,,,,19588000,4371392,,false,false,12,2016-04-01,2017-03-31,-1
2017-07-31,69600,2018-03-31,1,,,,,,,,,,,,,,,,,,,,,,,,,,,,,155.00,,,,,,,false,true,12,2017-04-01,2018-03-31,0
2017-07-31,69600,2018-03-31,1,,,,,,,,,,,,,,,,,,,,,,,,,,,,,,,,,19588000,4371132,15216748,false,false,3,2017-04-01,2017-06-30,0
2017-07-31,69600,2017-03-31,1,,,,,,,,,,,,,,,,,,,,,,,,,,,,,,,,,,,15363172,false,false,3,2016-04-01,2016-06-30,-1
2017-10-31,69600,2018-03-31,2,58855000000,0.088,,,,,6031000000,0.140,6185000000,0.261,,5068000000,,333.09,,,,,,145291000000,109781000000,0.756,7214.33,109781000000,,,,,,,,,,,,true,false,6,2017-04-01,2017-09-30,0
2017-10-31,69600,2017-03-31,2,54072000000,0.019,,,,,5289000000,0.159,4906000000,0.002,,4676000000,,306.08,,,,,,,,,,,,,,,,,,,,,,true,false,6,2016-04-01,2016-09-30,-1
2017-10-31,69600,2018-03-31,2,125000000000,0.027,,,,,12500000000,0.036,12500000000,0.024,,8000000000,,525.73,,,,,,,,,,,,,,,,,,,,,,true,true,12,2017-04-01,2018-03-31,0
2017-10-31,69600,2017-03-31,2,,,,,,,,,,,,,,,,,,,,146009000000,105973000000,0.726,6964.31,105973000000,,,,,,,,,,,,true,false,12,2016-04-01,2017-03-31,-1
2017-10-31,69600,2017-03-31,2,,,,,,,,,,,,,,,,,,,,,,,,,,,,,160.00,,,,19588000,4371392,,false,false,12,2016-04-01,2017-03-31,-1
2017-10-31,69600,2018-03-31,2,,,,,,,,,,,,,,,,,,,,,,,,,,,,,65.00,,,,,,,false,false,12,2017-04-01,2018-03-31,0
2017-10-31,69600,2018-03-31,2,,,,,,,,,,,,,,,,,,,,,,,,,,,,,155.00,,,,,,,false,true,12,2017-04-01,2018-03-31,0
2017-10-31,69600,2018-03-31,2,,,,,,,,,,,,,,,,,,,,,,,,,,,,,,,,,19588000,4370812,15216945,false,false,6,2017-04-01,2017-09-30,0
2017-10-31,69600,2017-03-31,2,,,,,,,,,,,,,,,,,,,,,,,,,,,,,,,,,,,15278419,false,false,6,2016-04-01,2016-09-30,-1
2018-01-31,69600,2018-03-31,3,88208000000,0.075,,,,,8434000000,0.038,8816000000,0.062,,6838000000,,449.39,,,,,,145085000000,110920000000,0.765,7289.14,110920000000,,,,,,,,,,,,true,false,9,2017-04-01,2017-12-31,0
2018-01-31,69600,2017-03-31,3,82049000000,0.014,,,,,8124000000,0.181,8298000000,0.155,,6939000000,,454.76,,,,,,,,,,,,,,,,,,,,,,true,false,9,2016-04-01,2016-12-31,-1
2018-01-31,69600,2018-03-31,3,125000000000,0.027,,,,,12500000000,0.036,12500000000,0.024,,8000000000,,525.73,,,,,,,,,,,,,,,,,,,,,,true,true,12,2017-04-01,2018-03-31,0
2018-01-31,69600,2017-03-31,3,,,,,,,,,,,,,,,,,,,,146009000000,105973000000,0.726,6964.31,105973000000,,,,,,,,,,,,true,false,12,2016-04-01,2017-03-31,-1
2018-01-31,69600,2017-03-31,3,,,,,,,,,,,,,,,,,,,,,,,,,,,,,160.00,,,,19588000,4371392,,false,false,12,2016-04-01,2017-03-31,-1
2018-01-31,69600,2018-03-31,3,,,,,,,,,,,,,,,,,,,,,,,,,,,,,65.00,,,,,,,false,false,12,2017-04-01,2018-03-31,0
2018-01-31,69600,2018-03-31,3,,,,,,,,,,,,,,,,,,,,,,,,,,,,,155.00,,,,,,,false,true,12,2017-04-01,2018-03-31,0
2018-01-31,69600,2018-03-31,3,,,,,,,,,,,,,,,,,,,,,,,,,,,,,,,,,19588000,4370812,15217022,false,false,9,2017-04-01,2017-12-31,0
2018-01-31,69600,2017-03-31,3,,,,,,,,,,,,,,,,,,,,,,,,,,,,,,,,,,,15259856,false,false,9,2016-04-01,2016-12-31,-1
2018-05-15,69600,2018-03-31,,128883000000,0.059,,,,,12334000000,0.023,12713000000,0.042,,9320000000,,612.49,,0.085,0.084,0.096,,157518000000,113252000000,0.719,7442.43,113252000000,17852000000,-3780000000,-2756000000,43357000000,,0.278,,,,,,true,false,12,2017-04-01,2018-03-31,0
2018-05-15,69600,2017-03-31,,121747000000,0.039,,,,,12062000000,0.133,12201000000,0.116,,8776000000,,575.51,,0.085,0.086,0.099,,146009000000,105973000000,0.726,6964.31,105973000000,15693000000,-8306000000,-4304000000,32001000000,,0.278,,,,,,true,false,12,2016-04-01,2017-03-31,-1
2018-05-15,69600,2019-03-31,,130000000000,0.009,,,,,12400000000,0.005,12800000000,0.007,,9200000000,,604.58,,,,,,,,,,,,,,,,0.281,,,,,,true,true,12,2018-04-01,2019-03-31,1
2018-05-15,69600,2018-03-31,,70958000000,0.016,,,,,7472000000,-0.015,10613000000,-0.007,8889000000,,-0.028,584.21,,,,,,127751000000,86775000000,0.679,5702.49,86775000000,,,,,170.00,,,,19588000,4370873,15217049,false,false,12,2017-04-01,2018-03-31,0
2018-05-15,69600,2017-03-31,,69819000000,0.036,,,,,7584000000,0.486,10692000000,0.420,9147000000,,0.612,599.84,,,,,,123133000000,80046000000,0.650,5260.49,80046000000,,,,,160.00,,,,19588000,4371392,15249868,false,false,12,2016-04-01,2017-03-31,-1
2018-05-15,69600,2019-03-31,,,,,,,,,,,,,,,,,,,,,,,,,,,,,,170.00,,,,,,,false,true,12,2018-04-01,2019-03-31,1
2018-07-31,69600,2019-03-31,1,27103000000,0.012,,,,,2404000000,-0.082,2786000000,0.022,,1792000000,,117.82,,,,,,151322000000,113475000000,0.750,7457.03,113475000000,,,,,,,,,,,,true,false,3,2018-04-01,2018-06-30,0
2018-07-31,69600,2018-03-31,1,26770000000,0.069,,,,,2618000000,0.187,2725000000,0.364,,2157000000,,141.80,,,,,,,,,,,,,,,,,,,,,,true,false,3,2017-04-01,2017-06-30,-1
2018-07-31,69600,2019-03-31,1,130000000000,0.009,,,,,12400000000,0.005,12800000000,0.007,,9200000000,,604.58,,,,,,,,,,,,,,,,,,,,,,true,true,12,2018-04-01,2019-03-31,0
2018-07-31,69600,2018-03-31,1,,,,,,,,,,,,,,,,,,,,157518000000,113252000000,0.719,7442.43,113252000000,,,,,,,,,,,,true,false,12,2017-04-01,2018-03-31,-1
2018-07-31,69600,2018-03-31,1,,,,,,,,,,,,,,,,,,,,,,,,,,,,,170.00,,,,19588000,4370873,,false,false,12,2017-04-01,2018-03-31,-1
2018-07-31,69600,2019-03-31,1,,,,,,,,,,,,,,,,,,,,,,,,,,,,,170.00,,,,,,,false,true,12,2018-04-01,2019-03-31,0
2018-07-31,69600,2019-03-31,1,,,,,,,,,,,,,,,,,,,,,,,,,,,,,,,,,1958000,4370773,15217202,false,false,3,2018-04-01,2018-06-30,0
2018-07-31,69600,2018-03-31,1,,,,,,,,,,,,,,,,,,,,,,,,,,,,,,,,,,,15216748,false,false,3,2017-04-01,2017-06-30,-1
2018-07-31,69600,2019-03-31,1,27103000000,0.012,,,,,2404000000,-0.082,2786000000,0.022,,1792000000,,117.82,,,,,,151322000000,113475000000,0.750,7457.03,113475000000,,,,,,,,,,,,true,false,3,2018-04-01,2018-06-30,0
2018-07-31,69600,2018-03-31,1,26770000000,0.069,,,,,2618000000,0.187,2725000000,0.364,,2157000000,,141.80,,,,,,,,,,,,,,,,,,,,,,true,false,3,2017-04-01,2017-06-30,-1
2018-07-31,69600,2019-03-31,1,130000000000,0.009,,,,,12400000000,0.005,12800000000,0.007,,9200000000,,604.58,,,,,,,,,,,,,,,,,,,,,,true,true,12,2018-04-01,2019-03-31,0
2018-07-31,69600,2018-03-31,1,,,,,,,,,,,,,,,,,,,,157518000000,113252000000,0.719,7442.43,113252000000,,,,,,,,,,,,true,false,12,2017-04-01,2018-03-31,-1
2018-07-31,69600,2018-03-31,1,,,,,,,,,,,,,,,,,,,,,,,,,,,,,170.00,,,,19588000,4370873,,false,false,12,2017-04-01,2018-03-31,-1
2018-07-31,69600,2019-03-31,1,,,,,,,,,,,,,,,,,,,,,,,,,,,,,170.00,,,,,,,false,true,12,2018-04-01,2019-03-31,0
2018-07-31,69600,2019-03-31,1,,,,,,,,,,,,,,,,,,,,,,,,,,,,,,,,,19588000,4370773,15217202,false,false,3,2018-04-01,2018-06-30,0
2018-07-31,69600,2018-03-31,1,,,,,,,,,,,,,,,,,,,,,,,,,,,,,,,,,,,15216748,false,false,3,2017-04-01,2017-06-30,-1
2018-10-31,69600,2019-03-31,2,58062000000,-0.013,,,,,5434000000,-0.099,5941000000,-0.039,,4393000000,,288.73,,,,,,150414000000,115931000000,0.771,7618.30,115931000000,,,,,,,,,,,,true,false,6,2018-04-01,2018-09-30,0
2018-10-31,69600,2018-03-31,2,58855000000,0.088,,,,,6031000000,0.140,6185000000,0.261,,5068000000,,333.09,,,,,,,,,,,,,,,,,,,,,,true,false,6,2017-04-01,2017-09-30,-1
2018-10-31,69600,2019-03-31,2,130000000000,0.009,,,,,12400000000,0.005,12800000000,0.007,,9200000000,,604.57,,,,,,,,,,,,,,,,,,,,,,true,true,12,2018-04-01,2019-03-31,0
2018-10-31,69600,2018-03-31,2,,,,,,,,,,,,,,,,,,,,157518000000,113252000000,0.719,7442.43,113252000000,,,,,,,,,,,,true,false,12,2017-04-01,2018-03-31,-1
2018-10-31,69600,2018-03-31,2,,,,,,,,,,,,,,,,,,,,,,,,,,,,,170.00,,,,19588000,4370873,,false,false,12,2017-04-01,2018-03-31,-1
2018-10-31,69600,2019-03-31,2,,,,,,,,,,,,,,,,,,,,,,,,,,,,,70.00,,,,,,,false,false,12,2018-04-01,2019-03-31,0
2018-10-31,69600,2019-03-31,2,,,,,,,,,,,,,,,,,,,,,,,,,,,,,170.00,,,,,,,false,true,12,2018-04-01,2019-03-31,0
2018-10-31,69600,2019-03-31,2,,,,,,,,,,,,,,,,,,,,,,,,,,,,,,,,,19588000,4370493,15217247,false,false,6,2018-04-01,2018-09-30,0
2018-10-31,69600,2018-03-31,2,,,,,,,,,,,,,,,,,,,,,,,,,,,,,,,,,,,15216945,false,false,6,2017-04-01,2017-09-30,-1
2019-01-31,69600,2019-03-31,3,90156000000,0.022,,,,,8201000000,-0.028,8758000000,-0.007,,6242000000,,410.23,,,,,,153306000000,115031000000,0.750,7558.95,115031000000,,,,,,,,,,,,true,false,9,2018-04-01,2018-12-31,0
2019-01-31,69600,2018-03-31,3,88208000000,0.075,,,,,8434000000,0.038,8816000000,0.062,,6838000000,,449.39,,,,,,,,,,,,,,,,,,,,,,true,false,9,2017-04-01,2017-12-31,-1
2019-01-31,69600,2019-03-31,3,130000000000,0.009,,,,,12400000000,0.005,12800000000,0.007,,9200000000,,604.57,,,,,,,,,,,,,,,,,,,,,,true,true,12,2018-04-01,2019-03-31,0
2019-01-31,69600,2018-03-31,3,,,,,,,,,,,,,,,,,,,,157518000000,113252000000,0.719,7442.43,113252000000,,,,,,,,,,,,true,false,12,2017-04-01,2018-03-31,-1
2019-01-31,69600,2018-03-31,3,,,,,,,,,,,,,,,,,,,,,,,,,,,,,170.00,,,,19588000,4370873,,false,false,12,2017-04-01,2018-03-31,-1
2019-01-31,69600,2019-03-31,3,,,,,,,,,,,,,,,,,,,,,,,,,,,,,70.00,,,,,,,false,false,12,2018-04-01,2019-03-31,0
2019-01-31,69600,2019-03-31,3,,,,,,,,,,,,,,,,,,,,,,,,,,,,,170.00,,,,,,,false,true,12,2018-04-01,2019-03-31,0
2019-01-31,69600,2019-03-31,3,,,,,,,,,,,,,,,,,,,,,,,,,,,,,,,,,19588000,4370093,15217437,false,false,9,2018-04-01,2018-12-31,0
2019-01-31,69600,2018-03-31,3,,,,,,,,,,,,,,,,,,,,,,,,,,,,,,,,,,,15217022,false,false,9,2017-04-01,2017-12-31,-1
2019-05-15,69600,2019-03-31,,129775000000,0.007,,,,,12645000000,0.025,13288000000,0.045,,9577000000,,629.37,,0.082,0.083,0.097,,160940000000,119183000000,0.741,7831.61,119183000000,13979000000,-10648000000,-2984000000,43824000000,,0.278,,,,,,true,false,12,2018-04-01,2019-03-31,0
2019-05-15,69600,2018-03-31,,128883000000,0.059,,,,,12334000000,0.023,12713000000,0.042,,9320000000,,612.49,,0.085,0.084,0.096,,157518000000,113252000000,0.719,7442.43,113252000000,17852000000,-3780000000,-2756000000,43357000000,,0.278,,,,,,true,false,12,2017-04-01,2018-03-31,-1
2019-05-15,69600,2020-03-31,,131000000000,0.009,,,,,12700000000,0.004,12900000000,-0.029,,9200000000,,604.54,,,,,,,,,,,,,,,,0.289,,,,,,true,true,12,2019-04-01,2020-03-31,1
2019-05-15,69600,2019-03-31,,71570000000,0.009,,,,,8586000000,0.149,11994000000,0.130,9524000000,,0.071,625.90,,,,,,131400000000,92777000000,0.706,6096.47,92777000000,,,,,175.00,,,,19588000,4369738,15217600,false,false,12,2018-04-01,2019-03-31,0
2019-05-15,69600,2018-03-31,,70958000000,0.016,,,,,7472000000,-0.015,10613000000,-0.007,8889000000,,-0.028,584.21,,,,,,127751000000,86775000000,0.679,5702.49,86775000000,,,,,170.00,,,,19588000,4370873,15217049,false,false,12,2017-04-01,2018-03-31,-1
2019-05-15,69600,2020-03-31,,,,,,,,,,,,,,,,,,,,,,,,,,,,,,175.00,,,,,,,false,true,12,2019-04-01,2020-03-31,1
2019-07-31,69600,2020-03-31,1,28595000000,0.055,,,,,2595000000,0.080,2622000000,-0.059,,1853000000,,121.82,,,,,,160027000000,119251000000,0.745,7836.07,119251000000,,,,,,,,,,,,true,false,3,2019-04-01,2019-06-30,0
2019-07-31,69600,2019-03-31,1,27103000000,0.012,,,,,2404000000,-0.082,2786000000,0.022,,1792000000,,117.82,,,,,,,,,,,,,,,,,,,,,,true,false,3,2018-04-01,2018-06-30,-1
2019-07-31,69600,2020-03-31,1,131000000000,0.009,,,,,12700000000,0.004,12900000000,-0.029,,9200000000,,604.54,,,,,,,,,,,,,,,,,,,,,,true,true,12,2019-04-01,2020-03-31,0
2019-07-31,69600,2019-03-31,1,,,,,,,,,,,,,,,,,,,,160940000000,119183000000,0.741,7831.61,119183000000,,,,,,,,,,,,true,false,12,2018-04-01,2019-03-31,-1
2019-07-31,69600,2019-03-31,1,,,,,,,,,,,,,,,,,,,,,,,,,,,,,175.00,,,,19588000,4369738,,false,false,12,2018-04-01,2019-03-31,-1
2019-07-31,69600,2020-03-31,1,,,,,,,,,,,,,,,,,,,,,,,,,,,,,175.00,,,,,,,false,true,12,2019-04-01,2020-03-31,0
2019-07-31,69600,2020-03-31,1,,,,,,,,,,,,,,,,,,,,,,,,,,,,,,,,,19588000,4369702,15218274,false,false,3,2019-04-01,2019-06-30,0
2019-07-31,69600,2019-03-31,1,,,,,,,,,,,,,,,,,,,,,,,,,,,,,,,,,,,15217202,false,false,3,2018-04-01,2018-06-30,-1
2019-10-31,69600,2020-03-31,2,67129000000,0.156,,,,,7159000000,0.317,7242000000,0.219,,5385000000,,353.91,,,,,,164158000000,122901000000,0.749,8075.93,122901000000,,,,,,,,,,,,true,false,6,2019-04-01,2019-09-30,0
2019-10-31,69600,2019-03-31,2,58062000000,-0.013,,,,,5434000000,-0.099,5941000000,-0.039,,4393000000,,288.73,,,,,,,,,,,,,,,,,,,,,,true,false,6,2018-04-01,2018-09-30,-1
2019-10-31,69600,2020-03-31,2,131000000000,0.009,,,,,12700000000,0.004,12900000000,-0.029,,9200000000,,604.54,,,,,,,,,,,,,,,,,,,,,,true,true,12,2019-04-01,2020-03-31,0
2019-10-31,69600,2019-03-31,2,,,,,,,,,,,,,,,,,,,,160940000000,119183000000,0.741,7831.61,119183000000,,,,,,,,,,,,true,false,12,2018-04-01,2019-03-31,-1
2019-10-31,69600,2019-03-31,2,,,,,,,,,,,,,,,,,,,,,,,,,,,,,175.00,,,,19588000,4369738,,false,false,12,2018-04-01,2019-03-31,-1
2019-10-31,69600,2020-03-31,2,,,,,,,,,,,,,,,,,,,,,,,,,,,,,75.00,,,,,,,false,false,12,2019-04-01,2020-03-31,0
2019-10-31,69600,2020-03-31,2,,,,,,,,,,,,,,,,,,,,,,,,,,,,,175.00,,,,,,,false,true,12,2019-04-01,2020-03-31,0
2019-10-31,69600,2020-03-31,2,,,,,,,,,,,,,,,,,,,,,,,,,,,,,,,,,19588000,4369762,15218273,false,false,6,2019-04-01,2019-09-30,0
2019-10-31,69600,2019-03-31,2,,,,,,,,,,,,,,,,,,,,,,,,,,,,,,,,,,,15217247,false,false,6,2018-04-01,2018-09-30,-1
2020-01-31,69600,2020-03-31,3,95345000000,0.058,,,,,9162000000,0.117,9361000000,0.069,,6824000000,,449.03,,,,,,161516000000,123201000000,0.763,8149.18,123201000000,,,,,,,,,,,,true,false,9,2019-04-01,2019-12-31,0
2020-01-31,69600,2019-03-31,3,90156000000,0.022,,,,,8201000000,-0.028,8758000000,-0.007,,6242000000,,410.23,,,,,,,,,,,,,,,,,,,,,,true,false,9,2018-04-01,2018-12-31,-1
2020-01-31,69600,2020-03-31,3,131000000000,0.009,,,,,12700000000,0.004,12900000000,-0.029,,9200000000,,606.07,,,,,,,,,,,,,,,,,,,,,,true,true,12,2019-04-01,2020-03-31,0
2020-01-31,69600,2019-03-31,3,,,,,,,,,,,,,,,,,,,,160940000000,119183000000,0.741,7831.61,119183000000,,,,,,,,,,,,true,false,12,2018-04-01,2019-03-31,-1
2020-01-31,69600,2019-03-31,3,,,,,,,,,,,,,,,,,,,,,,,,,,,,,175.00,,,,19588000,4369738,,false,false,12,2018-04-01,2019-03-31,-1
2020-01-31,69600,2020-03-31,3,,,,,,,,,,,,,,,,,,,,,,,,,,,,,75.00,,,,,,,false,false,12,2019-04-01,2020-03-31,0
2020-01-31,69600,2020-03-31,3,,,,,,,,,,,,,,,,,,,,,,,,,,,,,175.00,,,,,,,false,true,12,2019-04-01,2020-03-31,0
2020-01-31,69600,2020-03-31,3,,,,,,,,,,,,,,,,,,,,,,,,,,,,,,,,,19588000,4469677,15198271,false,false,9,2019-04-01,2019-12-31,0
2020-01-31,69600,2019-03-31,3,,,,,,,,,,,,,,,,,,,,,,,,,,,,,,,,,,,15217437,false,false,9,2018-04-01,2018-12-31,-1
2020-05-15,69600,2020-03-31,,133393000000,0.028,,,,,13283000000,0.050,13647000000,0.027,,9609000000,,633.03,,0.079,0.083,0.100,,168742000000,124427000000,0.737,8229.96,124427000000,20233000000,-14170000000,-3713000000,46085000000,,0.284,,,,,,true,false,12,2019-04-01,2020-03-31,0
2020-05-15,69600,2019-03-31,,129775000000,0.007,,,,,12645000000,0.025,13288000000,0.045,,9577000000,,629.37,,0.082,0.083,0.097,,160940000000,119183000000,0.741,7831.61,119183000000,13979000000,-10648000000,-2984000000,43824000000,,0.278,,,,,,true,false,12,2018-04-01,2019-03-31,-1
2020-05-15,69600,2020-03-31,,71804000000,0.003,,,,,7044000000,-0.180,9935000000,-0.172,8039000000,,-0.156,529.60,,,,,,137346000000,96739000000,0.704,6398.56,96739000000,,,,,180.00,,,,19588000,4469117,15179889,false,false,12,2019-04-01,2020-03-31,0
2020-05-15,69600,2019-03-31,,71570000000,0.009,,,,,8586000000,0.149,11994000000,0.130,9524000000,,0.071,625.90,,,,,,131400000000,92777000000,0.706,6096.47,92777000000,,,,,175.00,,,,19588000,4369738,15217600,false,false,12,2018-04-01,2019-03-31,-1
2020-07-31,69600,2021-03-31,1,27297000000,-0.045,,,,,2337000000,-0.099,2431000000,-0.073,,1749000000,,115.69,,,,,,165106000000,125058000000,0.757,8271.42,125058000000,,,,,,,,,,,,true,false,3,2020-04-01,2020-06-30,0
2020-07-31,69600,2020-03-31,1,28595000000,0.055,,,,,2595000000,0.080,2622000000,-0.059,,1853000000,,121.82,,,,,,,,,,,,,,,,,,,,,,true,false,3,2019-04-01,2019-06-30,-1
2020-07-31,69600,2021-03-31,1,132000000000,-0.010,,,,,12800000000,-0.036,13000000000,-0.047,,9100000000,,601.88,,,,,,,,,,,,,,,,,,,,,,true,true,12,2020-04-01,2021-03-31,0
2020-07-31,69600,2020-03-31,1,,,,,,,,,,,,,,,,,,,,168742000000,124427000000,0.737,8229.96,124427000000,,,,,,,,,,,,true,false,12,2019-04-01,2020-03-31,-1
2020-07-31,69600,2020-03-31,1,,,,,,,,,,,,,,,,,,,,,,,,,,,,,180.00,,,,19588000,4469117,,false,false,12,2019-04-01,2020-03-31,-1
2020-07-31,69600,2021-03-31,1,,,,,,,,,,,,,,,,,,,,,,,,,,,,,180.00,,,,,,,false,true,12,2020-04-01,2021-03-31,0
2020-07-31,69600,2021-03-31,1,,,,,,,,,,,,,,,,,,,,,,,,,,,,,,,,,19588000,4468677,15119088,false,false,3,2020-04-01,2020-06-30,0
2020-07-31,69600,2020-03-31,1,,,,,,,,,,,,,,,,,,,,,,,,,,,,,,,,,,,15218274,false,false,3,2019-04-01,2019-06-30,-1
2020-10-30,69600,2021-03-31,2,60670000000,-0.096,,,,,6978000000,-0.025,7157000000,-0.012,,5464000000,,361.45,,,,,,167077000000,128703000000,0.770,8512.35,128703000000,,,,,,,,,,,,true,false,6,2020-04-01,2020-09-30,0
2020-10-30,69600,2020-03-31,2,67129000000,0.156,,,,,7159000000,0.317,7242000000,0.219,,5385000000,,353.91,,,,,,,,,,,,,,,,,,,,,,true,false,6,2019-04-01,2019-09-30,-1
2020-10-30,69600,2021-03-31,2,132000000000,-0.010,,,,,12800000000,-0.036,13000000000,-0.047,,9100000000,,601.87,,,,,,,,,,,,,,,,,,,,,,true,true,12,2020-04-01,2021-03-31,0
2020-10-30,69600,2020-03-31,2,,,,,,,,,,,,,,,,,,,,168742000000,124427000000,0.737,8229.96,124427000000,,,,,,,,,,,,true,false,12,2019-04-01,2020-03-31,-1
2020-10-30,69600,2020-03-31,2,,,,,,,,,,,,,,,,,,,,,,,,,,,,,180.00,,,,19588000,4469117,,false,false,12,2019-04-01,2020-03-31,-1
2020-10-30,69600,2021-03-31,2,,,,,,,,,,,,,,,,,,,,,,,,,,,,,75.00,,,,,,,false,false,12,2020-04-01,2021-03-31,0
2020-10-30,69600,2021-03-31,2,,,,,,,,,,,,,,,,,,,,,,,,,,,,,180.00,,,,,,,false,true,12,2020-04-01,2021-03-31,0
2020-10-30,69600,2021-03-31,2,,,,,,,,,,,,,,,,,,,,,,,,,,,,,,,,,19588000,4468429,15119291,false,false,6,2020-04-01,2020-09-30,0
2020-10-30,69600,2020-03-31,2,,,,,,,,,,,,,,,,,,,,,,,,,,,,,,,,,,,15218273,false,false,6,2019-04-01,2019-09-30,-1
2021-01-29,69600,2021-03-31,3,96752000000,0.015,,,,,11672000000,0.274,11963000000,0.278,,9000000000,,595.31,,,,,,174679000000,131295000000,0.752,8683.74,131295000000,,,,,,,,,,,,true,false,9,2020-04-01,2020-12-31,0
2021-01-29,69600,2020-03-31,3,95345000000,0.058,,,,,9162000000,0.117,9361000000,0.069,,6824000000,,449.03,,,,,,,,,,,,,,,,,,,,,,true,false,9,2019-04-01,2019-12-31,-1
2021-01-29,69600,2021-03-31,3,134000000000,0.005,,,,,13400000000,0.009,13700000000,0.004,,10000000000,,661.40,,,,,,,,,,,,,,,,,,,,,,true,true,12,2020-04-01,2021-03-31,0
2021-01-29,69600,2020-03-31,3,,,,,,,,,,,,,,,,,,,,168742000000,124427000000,0.737,8229.96,124427000000,,,,,,,,,,,,true,false,12,2019-04-01,2020-03-31,-1
2021-01-29,69600,2020-03-31,3,,,,,,,,,,,,,,,,,,,,,,,,,,,,,180.00,,,,19588000,4469117,,false,false,12,2019-04-01,2020-03-31,-1
2021-01-29,69600,2021-03-31,3,,,,,,,,,,,,,,,,,,,,,,,,,,,,,75.00,,,,,,,false,false,12,2020-04-01,2021-03-31,0
2021-01-29,69600,2021-03-31,3,,,,,,,,,,,,,,,,,,,,,,,,,,,,,180.00,,,,,,,false,true,12,2020-04-01,2021-03-31,0
2021-01-29,69600,2021-03-31,3,,,,,,,,,,,,,,,,,,,,,,,,,,,,,,,,,19588000,4468329,15119385,false,false,9,2020-04-01,2020-12-31,0
2021-01-29,69600,2020-03-31,3,,,,,,,,,,,,,,,,,,,,,,,,,,,,,,,,,,,15198271,false,false,9,2019-04-01,2019-12-31,-1
2021-04-28,69600,2021-03-31,,146000000000,0.089,,,,,19500000000,0.455,20000000000,0.459,,14500000000,,959.03,,,,,,,,,,,,,,,,,,,,,,true,true,12,2020-04-01,2021-03-31,0
2021-04-28,69600,2020-03-31,,133393000000,,,,,,13283000000,,13647000000,,,9609000000,,633.03,,,,,,,,,,,,,,,,,,,,,,true,false,12,2019-04-01,2020-03-31,-1
2021-05-14,69600,2021-03-31,,146756000000,0.100,,,,,19811000000,0.491,20264000000,0.485,,14716000000,,973.33,,0.112,0.112,0.135,,191762000000,137981000000,0.720,9125.88,137981000000,21743000000,-11267000000,-3046000000,53564000000,,0.283,,,,,,true,false,12,2020-04-01,2021-03-31,0
2021-05-14,69600,2020-03-31,,133393000000,0.028,,,,,13283000000,0.050,13647000000,0.027,,9609000000,,633.03,,0.079,0.083,0.100,,168742000000,124427000000,0.737,8229.96,124427000000,20233000000,-14170000000,-3713000000,46085000000,,0.284,,,,,,true,false,12,2019-04-01,2020-03-31,-1
2021-05-14,69600,2021-03-31,,81766000000,0.139,,,,,11517000000,0.635,15025000000,0.512,12005000000,,0.493,794.03,,,,,,158059000000,107167000000,0.678,7087.89,107167000000,,,,,275.00,,,,19588000,4468250,15119472,false,false,12,2020-04-01,2021-03-31,0
2021-05-14,69600,2020-03-31,,71804000000,0.003,,,,,7044000000,-0.180,9935000000,-0.172,8039000000,,-0.156,529.60,,,,,,137346000000,96739000000,0.704,6398.56,96739000000,,,,,180.00,,,,19588000,4469117,15179889,false,false,12,2019-04-01,2020-03-31,-1
2021-07-30,69600,2022-03-31,1,27587000000,,,,,,4195000000,0.795,4317000000,0.776,,2771000000,,183.31,,,,,,182047000000,137522000000,0.755,9095.48,137522000000,,,,,,,,,,,,true,false,3,2021-04-01,2021-06-30,0
2021-07-30,69600,2021-03-31,1,27297000000,-0.045,,,,,2337000000,-0.099,2431000000,-0.073,,1749000000,,115.69,,,,,,,,,,,,,,,,,,,,,,true,false,3,2020-04-01,2020-06-30,-1
2021-07-30,69600,2022-03-31,1,125000000000,,,,,,15000000000,-0.243,15000000000,-0.260,,11000000000,,727.52,,,,,,,,,,,,,,,,,,,,,,true,true,12,2021-04-01,2022-03-31,0
2021-07-30,69600,2021-03-31,1,,,,,,,,,,,,,,,,,,,,191762000000,137981000000,0.720,9125.88,137981000000,,,,,,,,,,,,true,false,12,2020-04-01,2021-03-31,-1
2021-07-30,69600,2021-03-31,1,,,,,,,,,,,,,,,,,,,,,,,,,,,,,275.00,,,,19588000,4468250,,false,false,12,2020-04-01,2021-03-31,-1
2021-07-30,69600,2022-03-31,1,,,,,,,,,,,,,,,,,,,,,,,,,,,,,215.00,,,,,,,false,true,12,2021-04-01,2022-03-31,0
2021-07-30,69600,2022-03-31,1,,,,,,,,,,,,,,,,,,,,,,,,,,,,,,,,,19588000,4468170,15119815,false,false,3,2021-04-01,2021-06-30,0
2021-07-30,69600,2021-03-31,1,,,,,,,,,,,,,,,,,,,,,,,,,,,,,,,,,,,15119088,false,false,3,2020-04-01,2020-06-30,-1
2021-10-29,6960,2022-03-31,2,61692000000,,,,,,10380000000,0.487,10650000000,0.488,,7493000000,,495.61,,,,,,183147000000,142913000000,0.780,9450.44,142913000000,,,,,,,,,,,,true,false,6,2021-04-01,2021-09-30,0
2021-10-29,6960,2021-03-31,2,60670000000,-0.096,,,,,6978000000,-0.025,7157000000,-0.012,,5464000000,,361.45,,,,,,,,,,,,,,,,,,,,,,true,false,6,2020-04-01,2020-09-30,-1
2021-10-29,6960,2022-03-31,2,125000000000,,,,,,15000000000,-0.243,15000000000,-0.260,,11000000000,,727.44,,,,,,,,,,,,,,,,,,,,,,true,true,12,2021-04-01,2022-03-31,0
2021-10-29,6960,2021-03-31,2,,,,,,,,,,,,,,,,,,,,191762000000,137981000000,0.720,9125.88,137981000000,,,,,,,,,,,,true,false,12,2020-04-01,2021-03-31,-1
2021-10-29,6960,2021-03-31,2,,,,,,,,,,,,,,,,,,,,,,,,,,,,,275.00,,,,19588000,4468250,,false,false,12,2020-04-01,2021-03-31,-1
2021-10-29,6960,2022-03-31,2,,,,,,,,,,,,,,,,,,,,,,,,,,,,,100.00,,,,,,,false,false,12,2021-04-01,2022-03-31,0
2021-10-29,6960,2022-03-31,2,,,,,,,,,,,,,,,,,,,,,,,,,,,,,215.00,,,,,,,false,true,12,2021-04-01,2022-03-31,0
2021-10-29,6960,2022-03-31,2,,,,,,,,,,,,,,,,,,,,,,,,,,,,,,,,,19588000,4465623,15120781,false,false,6,2021-04-01,2021-09-30,0
2021-10-29,6960,2021-03-31,2,,,,,,,,,,,,,,,,,,,,,,,,,,,,,,,,,,,15119291,false,false,6,2020-04-01,2020-09-30,-1
2022-01-31,6960,2022-03-31,3,93068000000,,,,,,15863000000,0.359,16320000000,0.364,,11579000000,,765.77,,,,,,183202000000,145197000000,0.793,9601.44,145197000000,,,,,,,,,,,,true,false,9,2021-04-01,2021-12-31,0
2022-01-31,6960,2021-03-31,3,96752000000,0.015,,,,,11672000000,0.274,11963000000,0.278,,9000000000,,595.31,,,,,,,,,,,,,,,,,,,,,,true,false,9,2020-04-01,2020-12-31,-1
2022-01-31,6960,2022-03-31,3,125000000000,,,,,,20000000000,0.010,20500000000,0.012,,15000000000,,991.96,,,,,,,,,,,,,,,,,,,,,,true,true,12,2021-04-01,2022-03-31,0
2022-01-31,6960,2021-03-31,3,,,,,,,,,,,,,,,,,,,,191762000000,137981000000,0.720,9125.88,137981000000,,,,,,,,,,,,true,false,12,2020-04-01,2021-03-31,-1
2022-01-31,6960,2021-03-31,3,,,,,,,,,,,,,,,,,,,,,,,,,,,,,275.00,,,,19588000,4468250,,false,false,12,2020-04-01,2021-03-31,-1
2022-01-31,6960,2022-03-31,3,,,,,,,,,,,,,,,,,,,,,,,,,,,,,100.00,,,,,,,false,false,12,2021-04-01,2022-03-31,0
2022-01-31,6960,2022-03-31,3,,,,,,,,,,,,,,,,,,,,,,,,,,,,,215.00,,,,,,,false,true,12,2021-04-01,2022-03-31,0
2022-01-31,6960,2022-03-31,3,,,,,,,,,,,,,,,,,,,,,,,,,,,,,,,,,19588000,4465520,15121278,false,false,9,2021-04-01,2021-12-31,0
2022-01-31,6960,2021-03-31,3,,,,,,,,,,,,,,,,,,,,,,,,,,,,,,,,,,,15119385,false,false,9,2020-04-01,2020-12-31,-1
2022-05-09,69600,2022-03-31,,132000000000,0.056,,,,,22600000000,0.130,23300000000,0.136,,16100000000,,1064.70,,,,,,,,,,,,,,,,,,,,,,true,true,12,2021-04-01,2022-03-31,0
2022-05-09,69600,2021-03-31,,146756000000,,,,,,19811000000,,20264000000,,,14716000000,,973.33,,,,,,,,,,,,,,,,,,,,,,true,false,12,2020-04-01,2021-03-31,-1
2022-05-13,6960,2022-03-31,,132098000000,,,,,,22708000000,0.146,23422000000,0.156,,16216000000,,1072.38,,0.113,0.121,0.172,,195495000000,149857000000,0.767,9909.40,149857000000,23111000000,-10789000000,-4832000000,61030000000,,0.284,,,,,,true,false,12,2021-04-01,2022-03-31,0
2022-05-13,6960,2021-03-31,,146756000000,0.100,,,,,19811000000,0.491,20264000000,0.485,,14716000000,,973.33,,0.112,0.112,0.135,,191762000000,137981000000,0.720,9125.88,137981000000,21743000000,-11267000000,-3046000000,53564000000,,0.283,,,,,,true,false,12,2020-04-01,2021-03-31,-1
2022-05-13,6960,2023-03-31,,120000000000,-0.092,,,,,16000000000,-0.295,16000000000,-0.317,,11000000000,,727.38,,,,,,,,,,,,,,,,0.296,,,,,,true,true,12,2022-04-01,2023-03-31,1
2022-05-13,6960,2022-03-31,,82470000000,0.009,,,,,12743000000,0.106,18045000000,0.201,14444000000,,0.203,955.20,,,,,,163543000000,117086000000,0.716,7742.42,117086000000,,,,,305.00,,,,19588000,4465240,15121593,false,false,12,2021-04-01,2022-03-31,0
2022-05-13,6960,2021-03-31,,81766000000,0.139,,,,,11517000000,0.635,15025000000,0.512,12005000000,,0.493,794.03,,,,,,158059000000,107167000000,0.678,7087.89,107167000000,,,,,275.00,,,,19588000,4468250,15119472,false,false,12,2020-04-01,2021-03-31,-1
2022-05-13,6960,2023-03-31,,,,,,,,,,,,,,,,,,,,,,,,,,,,,,215.00,,,,,,,false,true,12,2022-04-01,2023-03-31,1
2022-07-29,6960,2023-03-31,1,27690000000,0.004,,,,,4033000000,-0.039,4414000000,0.022,,2851000000,,188.54,,,,,,191721000000,149798000000,0.781,9904.85,149798000000,,,,,,,,,,,,true,false,3,2022-04-01,2022-06-30,0
2022-07-29,6960,2022-03-31,1,27587000000,,,,,,4195000000,0.795,4317000000,0.776,,2771000000,,183.31,,,,,,,,,,,,,,,,,,,,,,true,false,3,2021-04-01,2021-06-30,-1
2022-07-29,6960,2023-03-31,1,120000000000,-0.092,,,,,16000000000,-0.295,16000000000,-0.317,,11000000000,,727.34,,,,,,,,,,,,,,,,,,,,,,true,true,12,2022-04-01,2023-03-31,0
2022-07-29,6960,2022-03-31,1,,,,,,,,,,,,,,,,,,,,195495000000,149857000000,0.767,9909.40,149857000000,,,,,,,,,,,,true,false,12,2021-04-01,2022-03-31,-1
2022-07-29,6960,2022-03-31,1,,,,,,,,,,,,,,,,,,,,,,,,,,,,,305.00,,,,19588000,4465240,,false,false,12,2021-04-01,2022-03-31,-1
2022-07-29,6960,2023-03-31,1,,,,,,,,,,,,,,,,,,,,,,,,,,,,,215.00,,,,,,,false,true,12,2022-04-01,2023-03-31,0
2022-07-29,6960,2023-03-31,1,,,,,,,,,,,,,,,,,,,,,,,,,,,,,,,,,19588000,4464276,15123276,false,false,3,2022-04-01,2022-06-30,0
2022-07-29,6960,2022-03-31,1,,,,,,,,,,,,,,,,,,,,,,,,,,,,,,,,,,,15119815,false,false,3,2021-04-01,2021-06-30,-1
2022-10-31,6960,2023-03-31,2,62628000000,0.015,,,,,11070000000,0.066,11662000000,0.095,,8119000000,,536.85,,,,,,196864000000,155139000000,0.788,10257.92,155139000000,,,,,,,,,,,,true,false,6,2022-04-01,2022-09-30,0
2022-10-31,6960,2022-03-31,2,61692000000,,,,,,10380000000,0.487,10650000000,0.488,,7493000000,,495.61,,,,,,,,,,,,,,,,,,,,,,true,false,6,2021-04-01,2021-09-30,-1
2022-10-31,6960,2023-03-31,2,125000000000,-0.054,,,,,20000000000,-0.119,20300000000,-0.133,,14000000000,,462.85,,,,,,,,,,,,,,,,,,,,,,true,true,12,2022-04-01,2023-03-31,0
2022-10-31,6960,2022-03-31,2,,,,,,,,,,,,,,,,,,,,195495000000,149857000000,0.767,9909.40,149857000000,,,,,,,,,,,,true,false,12,2021-04-01,2022-03-31,-1
2022-10-31,6960,2022-03-31,2,,,,,,,,,,,,,,,,,,,,,,,,,,,,,305.00,,,,19588000,4465240,,false,false,12,2021-04-01,2022-03-31,-1
2022-10-31,6960,2023-03-31,2,,,,,,,,,,,,,,,,,,,,,,,,,,,,,140.00,,,,,,,false,false,12,2022-04-01,2023-03-31,0
2022-10-31,6960,2023-03-31,2,,,,,,,,,,,,,,,,,,,,,,,,,,,,,70.00,,,,,,,false,true,12,2022-04-01,2023-03-31,0
2022-10-31,6960,2023-03-31,2,,,,,,,,,,,,,,,,,,,,,,,,,,,,,,,,,19588000,4464136,15123488,false,false,6,2022-04-01,2022-09-30,0
2022-10-31,6960,2022-03-31,2,,,,,,,,,,,,,,,,,,,,,,,,,,,,,,,,,,,15120781,false,false,6,2021-04-01,2021-09-30,-1
2023-01-31,6960,2023-03-31,3,93481000000,0.004,,,,,16077000000,0.014,16766000000,0.027,,11606000000,,383.71,,,,,,195205000000,156556000000,0.802,5175.68,156556000000,,,,,,,,,,,,true,false,9,2022-04-01,2022-12-31,0
2023-01-31,6960,2022-03-31,3,93068000000,,,,,,15863000000,0.359,16320000000,0.364,,11579000000,,382.89,,,,,,,,,,,,,,,,,,,,,,true,false,9,2021-04-01,2021-12-31,-1
2023-01-31,6960,2023-03-31,3,125000000000,-0.054,,,,,20000000000,-0.119,20300000000,-0.133,,14000000000,,462.85,,,,,,,,,,,,,,,,,,,,,,true,true,12,2022-04-01,2023-03-31,0
2023-01-31,6960,2022-03-31,3,,,,,,,,,,,,,,,,,,,,195495000000,149857000000,0.767,4954.70,149857000000,,,,,,,,,,,,true,false,12,2021-04-01,2022-03-31,-1
2023-01-31,6960,2022-03-31,3,,,,,,,,,,,,,,,,,,,,,,,,,,,,,305.00,,,,39176000,8930480,,false,false,12,2021-04-01,2022-03-31,-1
2023-01-31,6960,2023-03-31,3,,,,,,,,,,,,,,,,,,,,,,,,,,,,,140.00,,,,,,,false,false,12,2022-04-01,2023-03-31,0
2023-01-31,6960,2023-03-31,3,,,,,,,,,,,,,,,,,,,,,,,,,,,,,70.00,,,,,,,false,true,12,2022-04-01,2023-03-31,0
2023-01-31,6960,2023-03-31,3,,,,,,,,,,,,,,,,,,,,,,,,,,,,,,,,,39176000,8927472,30247402,false,false,9,2022-04-01,2022-12-31,0
2023-01-31,6960,2022-03-31,3,,,,,,,,,,,,,,,,,,,,,,,,,,,,,,,,,,,30242557,false,false,9,2021-04-01,2021-12-31,-1
2023-04-28,69600,2023-03-31,,134500000000,0.076,,,,,23800000000,0.190,24800000000,0.221,,17100000000,,565.33,,,,,,,,,,,,,,,,,,,,,,true,true,12,2022-04-01,2023-03-31,0
2023-04-28,69600,2022-03-31,,132098000000,,,,,,22708000000,,23422000000,,,16216000000,,1072.38,,,,,,,,,,,,,,,,,,,,,,true,false,12,2021-04-01,2022-03-31,-1
2023-04-28,69600,2023-03-31,,,,,,,,,,,,,,,,,,,,,,,,,,,,,,100.00,,,,,,,false,true,12,2022-04-01,2023-03-31,0
2023-04-28,69600,2023-03-31,,,,,,,,,,,,,,,,,,,,,,,,,,,,,,140.00,,,,,,,false,false,12,2022-04-01,2023-03-31,0
2023-04-28,69600,2022-03-31,,,,,,,,,,,,,,,,,,,,,,,,,,,,,,305.00,,,,,,,false,false,12,2021-04-01,2022-03-31,-1
2023-05-15,6960,2023-03-31,,134648000000,0.019,,,,,24093000000,0.061,25081000000,0.071,,17278000000,,571.25,,0.110,0.125,0.179,,206922000000,163047000000,0.788,5390.09,163047000000,23137000000,-14210000000,-5551000000,64939000000,,0.300,,,,,,true,false,12,2022-04-01,2023-03-31,0
2023-05-15,6960,2022-03-31,,132098000000,,,,,,22708000000,0.146,23422000000,0.156,,16216000000,,536.19,,0.113,0.121,0.172,,195495000000,149857000000,0.767,4954.70,149857000000,23111000000,-10789000000,-4832000000,61030000000,,0.284,,,,,,true,false,12,2021-04-01,2022-03-31,-1
2023-05-15,6960,2024-03-31,,130000000000,-0.035,,,,,20000000000,-0.170,20000000000,-0.203,,14000000000,,462.82,,,,,,,,,,,,,,,,0.302,,,,,,true,true,12,2023-04-01,2024-03-31,1
2023-05-15,6960,2023-03-31,,82316000000,-0.002,,,,,12412000000,-0.026,18497000000,0.025,14799000000,,0.025,489.27,,,,,,175970000000,127195000000,0.723,4204.87,127195000000,,,,,100.00,,,,39176000,8926412,30247848,false,false,12,2022-04-01,2023-03-31,0
2023-05-15,6960,2022-03-31,,82470000000,0.009,,,,,12743000000,0.106,18045000000,0.201,14444000000,,0.203,477.60,,,,,,163543000000,117086000000,0.716,3871.21,117086000000,,,,,305.00,,,,39176000,8930480,30243185,false,false,12,2021-04-01,2022-03-31,-1
2023-05-15,6960,2024-03-31,,,,,,,,,,,,,,,,,,,,,,,,,,,,,,140.00,,,,,,,false,true,12,2023-04-01,2024-03-31,1
2023-07-31,6960,2024-03-31,1,29180000000,0.054,,,,,5101000000,0.265,5227000000,0.184,,3495000000,,115.54,,,,,,204525000000,164297000000,0.803,5431.12,164297000000,,,,,,,,,,,,true,false,3,2023-04-01,2023-06-30,0
2023-07-31,6960,2023-03-31,1,27690000000,0.004,,,,,4033000000,-0.039,4414000000,0.022,,2851000000,,94.27,,,,,,,,,,,,,,,,,,,,,,true,false,3,2022-04-01,2022-06-30,-1
2023-07-31,6960,2024-03-31,1,130000000000,-0.035,,,,,20000000000,-0.170,20000000000,-0.203,,14000000000,,462.80,,,,,,,,,,,,,,,,,,,,,,true,true,12,2023-04-01,2024-03-31,0
2023-07-31,6960,2023-03-31,1,,,,,,,,,,,,,,,,,,,,206922000000,163047000000,0.788,5390.09,163047000000,,,,,,,,,,,,true,false,12,2022-04-01,2023-03-31,-1
2023-07-31,6960,2023-03-31,1,,,,,,,,,,,,,,,,,,,,,,,,,,,,,100.00,,,,39176000,8926412,,false,false,12,2022-04-01,2023-03-31,-1
2023-07-31,6960,2024-03-31,1,,,,,,,,,,,,,,,,,,,,,,,,,,,,,140.00,,,,,,,false,true,12,2023-04-01,2024-03-31,0
2023-07-31,6960,2024-03-31,1,,,,,,,,,,,,,,,,,,,,,,,,,,,,,,,,,39176000,8924912,30250288,false,false,3,2023-04-01,2023-06-30,0
2023-07-31,6960,2023-03-31,1,,,,,,,,,,,,,,,,,,,,,,,,,,,,,,,,,,,30246552,false,false,3,2022-04-01,2022-06-30,-1
2023-10-24,69600,2024-03-31,,130000000000,0.000,,,,,23000000000,0.150,23000000000,0.150,,16000000000,,528.91,,,,,,,,,,,,,,,,,,,,,,true,true,12,2023-04-01,2024-03-31,0
2023-10-24,69600,2023-03-31,,134648000000,,,,,,24093000000,,25081000000,,,17278000000,,571.25,,,,,,,,,,,,,,,,,,,,,,true,false,12,2022-04-01,2023-03-31,-1
2023-10-31,6960,2024-03-31,2,66541000000,0.062,,,,,13951000000,0.260,14099000000,0.209,,9810000000,,324.32,,,,,,210798000000,171477000000,0.813,5668.38,171477000000,,,,,,,,,,,,true,false,6,2023-04-01,2023-09-30,0
2023-10-31,6960,2023-03-31,2,62628000000,0.015,,,,,11070000000,0.066,11662000000,0.095,,8119000000,,268.43,,,,,,,,,,,,,,,,,,,,,,true,false,6,2022-04-01,2022-09-30,-1
2023-10-31,6960,2024-03-31,2,130000000000,-0.035,,,,,23000000000,-0.045,23000000000,-0.083,,16000000000,,528.91,,,,,,,,,,,,,,,,,,,,,,true,true,12,2023-04-01,2024-03-31,0
2023-10-31,6960,2023-03-31,2,,,,,,,,,,,,,,,,,,,,206922000000,163047000000,0.788,5390.09,163047000000,,,,,,,,,,,,true,false,12,2022-04-01,2023-03-31,-1
2023-10-31,6960,2023-03-31,2,,,,,,,,,,,,,,,,,,,,,,,,,,,,,100.00,,,,39176000,8926412,,false,false,12,2022-04-01,2023-03-31,-1
2023-10-31,6960,2024-03-31,2,,,,,,,,,,,,,,,,,,,,,,,,,,,,,80.00,,,,,,,false,false,12,2023-04-01,2024-03-31,0
2023-10-31,6960,2024-03-31,2,,,,,,,,,,,,,,,,,,,,,,,,,,,,,160.00,,,,,,,false,true,12,2023-04-01,2024-03-31,0
2023-10-31,6960,2024-03-31,2,,,,,,,,,,,,,,,,,,,,,,,,,,,,,,,,,39176000,8924501,30250700,false,false,6,2023-04-01,2023-09-30,0
2023-10-31,6960,2023-03-31,2,,,,,,,,,,,,,,,,,,,,,,,,,,,,,,,,,,,30246976,false,false,6,2022-04-01,2022-09-30,-1
2024-01-31,6960,2024-03-31,3,99258000000,0.062,,,,,19286000000,0.200,19603000000,0.169,,13636000000,,450.77,,,,,,210737000000,173232000000,0.822,5726.04,173232000000,,,,,,,,,,,,true,false,9,2023-04-01,2023-12-31,0
2024-01-31,6960,2023-03-31,3,93481000000,0.004,,,,,16077000000,0.014,16766000000,0.027,,11606000000,,383.71,,,,,,,,,,,,,,,,,,,,,,true,false,9,2022-04-01,2022-12-31,-1
2024-01-31,6960,2024-03-31,3,134000000000,-0.005,,,,,24000000000,-0.004,24000000000,-0.043,,16500000000,,545.42,,,,,,,,,,,,,,,,,,,,,,true,true,12,2023-04-01,2024-03-31,0
2024-01-31,6960,2023-03-31,3,,,,,,,,,,,,,,,,,,,,206922000000,163047000000,0.788,5390.09,163047000000,,,,,,,,,,,,true,false,12,2022-04-01,2023-03-31,-1
2024-01-31,6960,2023-03-31,3,,,,,,,,,,,,,,,,,,,,,,,,,,,,,100.00,,,,39176000,8926412,,false,false,12,2022-04-01,2023-03-31,-1
2024-01-31,6960,2024-03-31,3,,,,,,,,,,,,,,,,,,,,,,,,,,,,,80.00,,,,,,,false,false,12,2023-04-01,2024-03-31,0
2024-01-31,6960,2024-03-31,3,,,,,,,,,,,,,,,,,,,,,,,,,,,,,165.00,,,,,,,false,true,12,2023-04-01,2024-03-31,0
2024-01-31,6960,2024-03-31,3,,,,,,,,,,,,,,,,,,,,,,,,,,,,,,,,,39176000,8922461,30251454,false,false,9,2023-04-01,2023-12-31,0
2024-01-31,6960,2023-03-31,3,,,,,,,,,,,,,,,,,,,,,,,,,,,,,,,,,,,30247402,false,false,9,2022-04-01,2022-12-31,-1
2024-05-08,69600,2024-03-31,,140000000000,0.045,,,,,26300000000,0.096,26800000000,0.117,,18500000000,,616.01,,,,,,,,,,,,,,,,,,,,,,true,true,12,2023-04-01,2024-03-31,0
2024-05-08,69600,2023-03-31,,134648000000,,,,,,24093000000,,25081000000,,,17278000000,,571.25,,,,,,,,,,,,,,,,,,,,,,true,false,12,2022-04-01,2023-03-31,-1
2024-05-08,69600,2024-03-31,,,,,,,,,,,,,,,,,,,,,,,,,,,,,,185.00,,,,,,,false,true,12,2023-04-01,2024-03-31,0
2024-05-08,69600,2024-03-31,,,,,,,,,,,,,,,,,,,,,,,,,,,,,,80.00,,,,,,,false,false,12,2023-04-01,2024-03-31,0
2024-05-08,69600,2023-03-31,,,,,,,,,,,,,,,,,,,,,,,,,,,,,,100.00,,,,,,,false,false,12,2022-04-01,2023-03-31,-1
2024-05-15,6960,2024-03-31,,140323000000,0.042,,,,,26506000000,0.100,26990000000,0.076,,18693000000,,622.44,,0.113,0.130,0.189,,209064000000,169008000000,0.808,5863.22,169008000000,23914000000,-14779000000,-17066000000,57198000000,,0.297,,,,,,true,false,12,2023-04-01,2024-03-31,0
2024-05-15,6960,2023-03-31,,134648000000,0.019,,,,,24093000000,0.061,25081000000,0.071,,17278000000,,571.25,,0.110,0.125,0.179,,206922000000,163047000000,0.788,5390.09,163047000000,23137000000,-14210000000,-5551000000,64939000000,,0.300,,,,,,true,false,12,2022-04-01,2023-03-31,-1
2024-05-15,6960,2025-03-31,,135000000000,-0.038,,,,,23000000000,-0.132,23000000000,-0.148,,16500000000,,572.42,,,,,,,,,,,,,,,,0.297,,,,,,true,true,12,2024-04-01,2025-03-31,1
2024-05-15,6960,2024-03-31,,86987000000,0.057,,,,,14516000000,0.170,21205000000,0.146,17057000000,,0.153,567.96,,,,,,177590000000,130713000000,0.736,4534.70,130713000000,,,,,185.00,,,,37747300,8922061,30032196,false,false,12,2023-04-01,2024-03-31,0
2024-05-15,6960,2023-03-31,,82316000000,-0.002,,,,,12412000000,-0.026,18497000000,0.025,14799000000,,0.025,489.27,,,,,,175970000000,127195000000,0.723,4204.87,127195000000,,,,,100.00,,,,39176000,8926412,30247848,false,false,12,2022-04-01,2023-03-31,-1
2024-05-15,6960,2025-03-31,,,,,,,,,,,,,,,,,,,,,,,,,,,,,,170.00,,,,,,,false,true,12,2024-04-01,2025-03-31,1
2024-07-31,6960,2025-03-31,1,30341000000,0.040,,,,,4515000000,-0.115,4647000000,-0.111,,3031000000,,105.15,,,,,,206095000000,168985000000,0.820,5862.04,168985000000,,,,,,,,,,,,true,false,3,2024-04-01,2024-06-30,0
2024-07-31,6960,2024-03-31,1,29180000000,0.054,,,,,5101000000,0.265,5227000000,0.184,,3495000000,,115.54,,,,,,,,,,,,,,,,,,,,,,true,false,3,2023-04-01,2023-06-30,-1
2024-07-31,6960,2025-03-31,1,135000000000,-0.038,,,,,23000000000,-0.132,23000000000,-0.148,,16500000000,,572.38,,,,,,,,,,,,,,,,,,,,,,true,true,12,2024-04-01,2025-03-31,0
2024-07-31,6960,2024-03-31,1,,,,,,,,,,,,,,,,,,,,209064000000,169008000000,0.808,5863.22,169008000000,,,,,,,,,,,,true,false,12,2023-04-01,2024-03-31,-1
2024-07-31,6960,2024-03-31,1,,,,,,,,,,,,,,,,,,,,,,,,,,,,,185.00,,,,37747300,8922061,,false,false,12,2023-04-01,2024-03-31,-1
2024-07-31,6960,2025-03-31,1,,,,,,,,,,,,,,,,,,,,,,,,,,,,,170.00,,,,,,,false,true,12,2024-04-01,2025-03-31,0
2024-07-31,6960,2025-03-31,1,,,,,,,,,,,,,,,,,,,,,,,,,,,,,,,,,37747300,8920201,28826259,false,false,3,2024-04-01,2024-06-30,0
2024-07-31,6960,2024-03-31,1,,,,,,,,,,,,,,,,,,,,,,,,,,,,,,,,,,,30250288,false,false,3,2023-04-01,2023-06-30,-1
2024-10-31,6960,2025-03-31,2,64314000000,-0.033,,,,,10654000000,-0.236,11262000000,-0.201,,7706000000,,267.34,,,,,,204776000000,171975000000,0.840,5965.57,171975000000,,,,,,,,,,,,true,false,6,2024-04-01,2024-09-30,0
2024-10-31,6960,2024-03-31,2,66541000000,0.062,,,,,13951000000,0.260,14099000000,0.209,,9810000000,,324.32,,,,,,,,,,,,,,,,,,,,,,true,false,6,2023-04-01,2023-09-30,-1
2024-10-31,6960,2025-03-31,2,135000000000,-0.038,,,,,23000000000,-0.132,23000000000,-0.148,,16500000000,,572.37,,,,,,,,,,,,,,,,,,,,,,true,true,12,2024-04-01,2025-03-31,0
2024-10-31,6960,2024-03-31,2,,,,,,,,,,,,,,,,,,,,209064000000,169008000000,0.808,5863.22,169008000000,,,,,,,,,,,,true,false,12,2023-04-01,2024-03-31,-1
2024-10-31,6960,2024-03-31,2,,,,,,,,,,,,,,,,,,,,,,,,,,,,,185.00,,,,37747300,8922061,,false,false,12,2023-04-01,2024-03-31,-1
2024-10-31,6960,2025-03-31,2,,,,,,,,,,,,,,,,,,,,,,,,,,,,,85.00,,,,,,,false,false,12,2024-04-01,2025-03-31,0
2024-10-31,6960,2025-03-31,2,,,,,,,,,,,,,,,,,,,,,,,,,,,,,170.00,,,,,,,false,true,12,2024-04-01,2025-03-31,0
2024-10-31,6960,2025-03-31,2,,,,,,,,,,,,,,,,,,,,,,,,,,,,,,,,,37747300,8919221,28826873,false,false,6,2024-04-01,2024-09-30,0
2024-10-31,6960,2024-03-31,2,,,,,,,,,,,,,,,,,,,,,,,,,,,,,,,,,,,30250700,false,false,6,2023-04-01,2023-09-30,-1
2025-01-31,6960,2025-03-31,3,99395000000,0.001,,,,,17392000000,-0.098,17990000000,-0.082,,12374000000,,429.25,,,,,,209429000000,174856000000,0.835,6065.35,174856000000,,,,,,,,,,,,true,false,9,2024-04-01,2024-12-31,0
2025-01-31,6960,2024-03-31,3,99258000000,0.062,,,,,19286000000,0.200,19603000000,0.169,,13636000000,,450.77,,,,,,,,,,,,,,,,,,,,,,true,false,9,2023-04-01,2023-12-31,-1
2025-01-31,6960,2025-03-31,3,135000000000,-0.038,,,,,23000000000,-0.132,23000000000,-0.148,,16500000000,,572.37,,,,,,,,,,,,,,,,,,,,,,true,true,12,2024-04-01,2025-03-31,0
2025-01-31,6960,2024-03-31,3,,,,,,,,,,,,,,,,,,,,209064000000,169008000000,0.808,5863.22,169008000000,,,,,,,,,,,,true,false,12,2023-04-01,2024-03-31,-1
2025-01-31,6960,2024-03-31,3,,,,,,,,,,,,,,,,,,,,,,,,,,,,,185.00,,,,37747300,8922061,,false,false,12,2023-04-01,2024-03-31,-1
2025-01-31,6960,2025-03-31,3,,,,,,,,,,,,,,,,,,,,,,,,,,,,,85.00,,,,,,,false,false,12,2024-04-01,2025-03-31,0
2025-01-31,6960,2025-03-31,3,,,,,,,,,,,,,,,,,,,,,,,,,,,,,170.00,,,,,,,false,true,12,2024-04-01,2025-03-31,0
2025-01-31,6960,2025-03-31,3,,,,,,,,,,,,,,,,,,,,,,,,,,,,,,,,,37747300,8918565,28827402,false,false,9,2024-04-01,2024-12-31,0
2025-01-31,6960,2024-03-31,3,,,,,,,,,,,,,,,,,,,,,,,,,,,,,,,,,,,30251454,false,false,9,2023-04-01,2023-12-31,-1
2025-05-08,69600,2025-03-31,,139000000000,0.030,,,,,25500000000,0.109,26500000000,0.152,,18500000000,,641.74,,,,,,,,,,,,,,,,,,,,,,true,true,12,2024-04-01,2025-03-31,0
2025-05-08,69600,2024-03-31,,140323000000,,,,,,26506000000,,26990000000,,,18693000000,,622.44,,,,,,,,,,,,,,,,,,,,,,true,false,12,2023-04-01,2024-03-31,-1
2025-05-08,69600,2025-03-31,,,,,,,,,,,,,,,,,,,,,,,,,,,,,,195.00,,,,,,,false,true,12,2024-04-01,2025-03-31,0
2025-05-08,69600,2025-03-31,,,,,,,,,,,,,,,,,,,,,,,,,,,,,,85.00,,,,,,,false,false,12,2024-04-01,2025-03-31,0
2025-05-08,69600,2024-03-31,,,,,,,,,,,,,,,,,,,,,,,,,,,,,,185.00,,,,,,,false,false,12,2023-04-01,2024-03-31,-1
2025-05-15,6960,2025-03-31,,139007000000,-0.009,,,,,25874000000,-0.024,26633000000,-0.013,,18605000000,,645.41,,0.106,0.124,0.186,,221321000000,181652000000,0.821,6301.01,181652000000,33019000000,-17053000000,-5810000000,67348000000,,0.302,,,,,,true,false,12,2024-04-01,2025-03-31,0
2025-05-15,6960,2024-03-31,,140323000000,0.042,,,,,26506000000,0.100,26990000000,0.076,,18693000000,,622.44,,0.113,0.130,0.189,,209064000000,169008000000,0.808,5863.22,169008000000,23914000000,-14779000000,-17066000000,57198000000,,0.297,,,,,,true,false,12,2023-04-01,2024-03-31,-1
2025-05-15,6960,2026-03-31,,137000000000,-0.014,,,,,24000000000,-0.072,24000000000,-0.099,,17000000000,,589.68,,,,,,,,,,,,,,,,0.305,,,,,,true,true,12,2025-04-01,2026-03-31,1
2025-05-15,6960,2025-03-31,,87097000000,0.001,,,,,15402000000,0.061,22796000000,0.075,18667000000,,0.094,647.55,,,,,,193244000000,142861000000,0.739,4955.47,142861000000,,,,,195.00,,,,37747300,8918234,28827756,false,false,12,2024-04-01,2025-03-31,0
2025-05-15,6960,2024-03-31,,86987000000,0.057,,,,,14516000000,0.170,21205000000,0.146,17057000000,,0.153,567.96,,,,,,177590000000,130713000000,0.736,4534.70,130713000000,,,,,185.00,,,,37747300,8922061,30032196,false,false,12,2023-04-01,2024-03-31,-1
2025-05-15,6960,2026-03-31,,,,,,,,,,,,,,,,,,,,,,,,,,,,,,180.00,,,,,,,false,true,12,2025-04-01,2026-03-31,1
