filing_date,code,fiscal_year_end,quarterly_period,net_sales,net_sales_change,revenue,revenue_change,operating_revenue,operating_revenue_change,operating_profit,operating_profit_change,ordinary_profit,ordinary_profit_change,net_income,net_income_of_parent,net_income_change,eps,diluted_eps,roe,roa,operating_profit_to_net_sales,operating_profit_to_revenue,total_assets,net_assets,equity_ratio,bps,owner_equity,operating_cash_flow,investing_cash_flow,financing_cash_flow,cash,dividend_per_share,payout_ratio,commemorative_dividend,extra_dividend,number_of_shares,number_of_treqsury_shares,avg_number_of_shares,is_consolidated,is_forecast,duration,period_start,period_end,period_pos
2015-07-30,69710,2016-03-31,1,339247000000,0.014,,,,,,,,,,,,,,,,,,3094035000000,,,,,,,,,,,,,,,,true,false,3,2015-04-01,2015-06-30,0
2015-07-30,69710,2015-03-31,1,334714000000,0.009,,,,,,,,,,,,,,,,,,,,,,,,,,,,,,,,,,true,false,3,2014-04-01,2014-06-30,-1
2015-07-30,69710,2016-03-31,1,1600000000000,0.048,,,,,,,,,,,,,,,,,,,,,,,,,,,,,,,,,,true,true,12,2015-04-01,2016-03-31,0
2015-07-30,69710,2015-03-31,1,,,,,,,,,,,,,,,,,,,,3021184000000,,,,,,,,,,,,,,,,true,false,12,2014-04-01,2015-03-31,-1
2015-07-30,69710,2015-03-31,1,,,,,,,,,,,,,,,,,,,,,,,,,,,,,100.00,,,,377618580,10757224,,false,false,12,2014-04-01,2015-03-31,-1
2015-07-30,69710,2016-03-31,1,,,,,,,,,,,,,,,,,,,,,,,,,,,,,100.00,,,,,,,false,true,12,2015-04-01,2016-03-31,0
2015-07-30,69710,2016-03-31,1,,,,,,,,,,,,,,,,,,,,,,,,,,,,,,,,,377618580,10758082,366860677,false,false,3,2015-04-01,2015-06-30,0
2015-07-30,69710,2015-03-31,1,,,,,,,,,,,,,,,,,,,,,,,,,,,,,,,,,,,366866223,false,false,3,2014-04-01,2014-06-30,-1
2015-10-29,69710,2016-03-31,2,722577000000,0.012,,,,,,,,,,,,,,,,,,3018740000000,,,,,,,,,,,,,,,,true,false,6,2015-04-01,2015-09-30,0
2015-10-29,69710,2015-03-31,2,714329000000,0.021,,,,,,,,,,,,,,,,,,,,,,,,,,,,,,,,,,true,false,6,2014-04-01,2014-09-30,-1
2015-10-29,69710,2016-03-31,2,1530000000000,0.002,,,,,,,,,,,,,,,,,,,,,,,,,,,,,,,,,,true,true,12,2015-04-01,2016-03-31,0
2015-10-29,69710,2015-03-31,2,,,,,,,,,,,,,,,,,,,,3021184000000,,,,,,,,,,,,,,,,true,false,12,2014-04-01,2015-03-31,-1
2015-10-29,69710,2015-03-31,2,,,,,,,,,,,,,,,,,,,,,,,,,,,,,100.00,,,,377618580,10757224,,false,false,12,2014-04-01,2015-03-31,-1
2015-10-29,69710,2016-03-31,2,,,,,,,,,,,,,,,,,,,,,,,,,,,,,50.00,,,,,,,false,false,12,2015-04-01,2016-03-31,0
2015-10-29,69710,2016-03-31,2,,,,,,,,,,,,,,,,,,,,,,,,,,,,,100.00,,,,,,,false,true,12,2015-04-01,2016-03-31,0
2015-10-29,69710,2016-03-31,2,,,,,,,,,,,,,,,,,,,,,,,,,,,,,,,,,377618580,10759185,366860136,false,false,6,2015-04-01,2015-09-30,0
2015-10-29,69710,2015-03-31,2,,,,,,,,,,,,,,,,,,,,,,,,,,,,,,,,,,,366865668,false,false,6,2014-04-01,2014-09-30,-1
2016-01-29,69710,2016-03-31,3,1093030000000,-0.008,,,,,,,,,,,,,,,,,,3178037000000,,,,,,,,,,,,,,,,true,false,9,2015-04-01,2015-12-31,0
2016-01-29,69710,2015-03-31,3,1101692000000,0.028,,,,,,,,,,,,,,,,,,,,,,,,,,,,,,,,,,true,false,9,2014-04-01,2014-12-31,-1
2016-01-29,69710,2016-03-31,3,1480000000000,-0.030,,,,,,,,,,,,,,,,,,,,,,,,,,,,,,,,,,true,true,12,2015-04-01,2016-03-31,0
2016-01-29,69710,2015-03-31,3,,,,,,,,,,,,,,,,,,,,3021184000000,,,,,,,,,,,,,,,,true,false,12,2014-04-01,2015-03-31,-1
2016-01-29,69710,2015-03-31,3,,,,,,,,,,,,,,,,,,,,,,,,,,,,,100.00,,,,377618580,10757224,,false,false,12,2014-04-01,2015-03-31,-1
2016-01-29,69710,2016-03-31,3,,,,,,,,,,,,,,,,,,,,,,,,,,,,,50.00,,,,,,,false,false,12,2015-04-01,2016-03-31,0
2016-01-29,69710,2016-03-31,3,,,,,,,,,,,,,,,,,,,,,,,,,,,,,100.00,,,,,,,false,true,12,2015-04-01,2016-03-31,0
2016-01-29,69710,2016-03-31,3,,,,,,,,,,,,,,,,,,,,,,,,,,,,,,,,,377618580,10760387,366859651,false,false,9,2015-04-01,2015-12-31,0
2016-01-29,69710,2015-03-31,3,,,,,,,,,,,,,,,,,,,,,,,,,,,,,,,,,,,366864937,false,false,9,2014-04-01,2014-12-31,-1
2016-04-27,69710,2016-03-31,,1479627000000,-0.031,,,,,,,,,,,,,,,,,,3095049000000,,,,,194040000000,-106809000000,-50608000000,,,0.336,,,,,,true,false,12,2015-04-01,2016-03-31,0
2016-04-27,69710,2015-03-31,,1526536000000,0.055,,,,,,,,,,,,,,,,,,3021184000000,,,,,130767000000,-93608000000,-39992000000,,,0.317,,,,,,true,false,12,2014-04-01,2015-03-31,-1
2016-04-27,69710,2017-03-31,,1520000000000,0.027,,,,,,,,,,,,,,,,,,,,,,,,,,,,0.432,,,,,,true,true,12,2016-04-01,2017-03-31,1
2016-04-27,69710,2016-03-31,,592979000000,-0.066,,,,,28147000000,0.281,94598000000,0.145,74041000000,,0.094,201.82,,,,,,2390223000000,1890882000000,0.791,5154.27,1890882000000,,,,,100.00,,,,377618580,10761503,366859072,false,false,12,2015-04-01,2016-03-31,0
2016-04-27,69710,2015-03-31,,634984000000,0.000,,,,,21970000000,-0.210,82591000000,0.064,67681000000,,0.045,184.49,,,,,,2251316000000,1791255000000,0.796,4882.65,1791255000000,,,,,100.00,,,,377618580,10757224,366864176,false,false,12,2014-04-01,2015-03-31,-1
2016-04-27,69710,2017-03-31,,,,,,,,,,,,,,,,,,,,,,,,,,,,,,100.00,,,,,,,false,true,12,2016-04-01,2017-03-31,1
2016-07-28,69710,2017-03-31,1,319985000000,-0.057,,,,,,,,,,,,,,,,,,2998367000000,,,,,,,,,,,,,,,,true,false,3,2016-04-01,2016-06-30,0
2016-07-28,69710,2016-03-31,1,339247000000,0.014,,,,,,,,,,,,,,,,,,,,,,,,,,,,,,,,,,true,false,3,2015-04-01,2015-06-30,-1
2016-07-28,69710,2017-03-31,1,1520000000000,0.027,,,,,,,,,,,,,,,,,,,,,,,,,,,,,,,,,,true,true,12,2016-04-01,2017-03-31,0
2016-07-28,69710,2016-03-31,1,,,,,,,,,,,,,,,,,,,,3095049000000,,,,,,,,,,,,,,,,true,false,12,2015-04-01,2016-03-31,-1
2016-07-28,69710,2016-03-31,1,,,,,,,,,,,,,,,,,,,,,,,,,,,,,100.00,,,,377618580,10761503,,false,false,12,2015-04-01,2016-03-31,-1
2016-07-28,69710,2017-03-31,1,,,,,,,,,,,,,,,,,,,,,,,,,,,,,100.00,,,,,,,false,true,12,2016-04-01,2017-03-31,0
2016-07-28,69710,2017-03-31,1,,,,,,,,,,,,,,,,,,,,,,,,,,,,,,,,,377618580,10761789,366856906,false,false,3,2016-04-01,2016-06-30,0
2016-07-28,69710,2016-03-31,1,,,,,,,,,,,,,,,,,,,,,,,,,,,,,,,,,,,366860677,false,false,3,2015-04-01,2015-06-30,-1
2016-10-31,69710,2017-03-31,2,653243000000,-0.096,,,,,,,,,,,,,,,,,,3003680000000,,,,,,,,,,,,,,,,true,false,6,2016-04-01,2016-09-30,0
2016-10-31,69710,2016-03-31,2,722577000000,0.012,,,,,,,,,,,,,,,,,,,,,,,,,,,,,,,,,,true,false,6,2015-04-01,2015-09-30,-1
2016-10-31,69710,2017-03-31,2,1520000000000,0.027,,,,,,,,,,,,,,,,,,,,,,,,,,,,,,,,,,true,true,12,2016-04-01,2017-03-31,0
2016-10-31,69710,2016-03-31,2,,,,,,,,,,,,,,,,,,,,3095049000000,,,,,,,,,,,,,,,,true,false,12,2015-04-01,2016-03-31,-1
2016-10-31,69710,2016-03-31,2,,,,,,,,,,,,,,,,,,,,,,,,,,,,,100.00,,,,377618580,10761503,,false,false,12,2015-04-01,2016-03-31,-1
2016-10-31,69710,2017-03-31,2,,,,,,,,,,,,,,,,,,,,,,,,,,,,,50.00,,,,,,,false,false,12,2016-04-01,2017-03-31,0
2016-10-31,69710,2017-03-31,2,,,,,,,,,,,,,,,,,,,,,,,,,,,,,100.00,,,,,,,false,true,12,2016-04-01,2017-03-31,0
2016-10-31,69710,2017-03-31,2,,,,,,,,,,,,,,,,,,,,,,,,,,,,,,,,,377618580,9903287,367143045,false,false,6,2016-04-01,2016-09-30,0
2016-10-31,69710,2016-03-31,2,,,,,,,,,,,,,,,,,,,,,,,,,,,,,,,,,,,366860136,false,false,6,2015-04-01,2015-09-30,-1
2017-01-31,69710,2017-03-31,3,1014628000000,-0.072,,,,,,,,,,,,,,,,,,3092949000000,,,,,,,,,,,,,,,,true,false,9,2016-04-01,2016-12-31,0
2017-01-31,69710,2016-03-31,3,1093030000000,-0.008,,,,,,,,,,,,,,,,,,,,,,,,,,,,,,,,,,true,false,9,2015-04-01,2015-12-31,-1
2017-01-31,69710,2017-03-31,3,1410000000000,-0.047,,,,,,,,,,,,,,,,,,,,,,,,,,,,,,,,,,true,true,12,2016-04-01,2017-03-31,0
2017-01-31,69710,2016-03-31,3,,,,,,,,,,,,,,,,,,,,3095049000000,,,,,,,,,,,,,,,,true,false,12,2015-04-01,2016-03-31,-1
2017-01-31,69710,2016-03-31,3,,,,,,,,,,,,,,,,,,,,,,,,,,,,,100.00,,,,377618580,10761503,,false,false,12,2015-04-01,2016-03-31,-1
2017-01-31,69710,2017-03-31,3,,,,,,,,,,,,,,,,,,,,,,,,,,,,,50.00,,,,,,,false,false,12,2016-04-01,2017-03-31,0
2017-01-31,69710,2017-03-31,3,,,,,,,,,,,,,,,,,,,,,,,,,,,,,100.00,,,,,,,false,true,12,2016-04-01,2017-03-31,0
2017-01-31,69710,2017-03-31,3,,,,,,,,,,,,,,,,,,,,,,,,,,,,,,,,,377618580,9904600,367333543,false,false,9,2016-04-01,2016-12-31,0
2017-01-31,69710,2016-03-31,3,,,,,,,,,,,,,,,,,,,,,,,,,,,,,,,,,,,366859651,false,false,9,2015-04-01,2015-12-31,-1
2017-05-01,69710,2017-03-31,,1422754000000,-0.038,,,,,,,,,,,,,,,,,,3110470000000,,,,,164231000000,-112089000000,-47972000000,,,0.389,,,,,,true,false,12,2016-04-01,2017-03-31,0
2017-05-01,69710,2016-03-31,,1479627000000,-0.031,,,,,,,,,,,,,,,,,,3095049000000,,,,,194040000000,-106809000000,-50608000000,,,0.336,,,,,,true,false,12,2015-04-01,2016-03-31,-1
2017-05-01,69710,2018-03-31,,1500000000000,0.054,,,,,,,,,,,,,,,,,,,,,,,,,,,,0.385,,,,,,true,true,12,2017-04-01,2018-03-31,1
2017-05-01,69710,2017-03-31,,662595000000,0.117,,,,,24325000000,-0.136,81339000000,-0.140,83724000000,,0.131,227.86,,,,,,2435888000000,1922944000000,0.789,5229.48,1922944000000,,,,,110.00,,,,377618580,9906197,367428405,false,false,12,2016-04-01,2017-03-31,0
2017-05-01,69710,2016-03-31,,592979000000,-0.066,,,,,28147000000,0.281,94598000000,0.145,74041000000,,0.094,201.82,,,,,,2390223000000,1890882000000,0.791,5154.27,1890882000000,,,,,100.00,,,,377618580,10761503,366859072,false,false,12,2015-04-01,2016-03-31,-1
2017-05-01,69710,2018-03-31,,,,,,,,,,,,,,,,,,,,,,,,,,,,,,110.00,,,,,,,false,true,12,2017-04-01,2018-03-31,1
2017-07-28,69710,2018-03-31,1,345162000000,0.079,,,,,,,,,,,,,,,,,,3130043000000,,,,,,,,,,,,,,,,true,false,3,2017-04-01,2017-06-30,0
2017-07-28,69710,2017-03-31,1,319985000000,-0.057,,,,,,,,,,,,,,,,,,,,,,,,,,,,,,,,,,true,false,3,2016-04-01,2016-06-30,-1
2017-07-28,69710,2018-03-31,1,1500000000000,0.054,,,,,,,,,,,,,,,,,,,,,,,,,,,,,,,,,,true,true,12,2017-04-01,2018-03-31,0
2017-07-28,69710,2017-03-31,1,,,,,,,,,,,,,,,,,,,,3110470000000,,,,,,,,,,,,,,,,true,false,12,2016-04-01,2017-03-31,-1
2017-07-28,69710,2017-03-31,1,,,,,,,,,,,,,,,,,,,,,,,,,,,,,110.00,,,,377618580,9906197,,false,false,12,2016-04-01,2017-03-31,-1
2017-07-28,69710,2018-03-31,1,,,,,,,,,,,,,,,,,,,,,,,,,,,,,110.00,,,,,,,false,true,12,2017-04-01,2018-03-31,0
2017-07-28,69710,2018-03-31,1,,,,,,,,,,,,,,,,,,,,,,,,,,,,,,,,,377618580,9907615,367711511,false,false,3,2017-04-01,2017-06-30,0
2017-07-28,69710,2017-03-31,1,,,,,,,,,,,,,,,,,,,,,,,,,,,,,,,,,,,366856906,false,false,3,2016-04-01,2016-06-30,-1
2017-10-30,69710,2018-03-31,2,738345000000,0.130,,,,,,,,,,,,,,,,,,3202996000000,,,,,,,,,,,,,,,,true,false,6,2017-04-01,2017-09-30,0
2017-10-30,69710,2017-03-31,2,653243000000,-0.096,,,,,,,,,,,,,,,,,,,,,,,,,,,,,,,,,,true,false,6,2016-04-01,2016-09-30,-1
2017-10-30,69710,2018-03-31,2,1560000000000,0.096,,,,,,,,,,,,,,,,,,,,,,,,,,,,,,,,,,true,true,12,2017-04-01,2018-03-31,0
2017-10-30,69710,2017-03-31,2,,,,,,,,,,,,,,,,,,,,3110470000000,,,,,,,,,,,,,,,,true,false,12,2016-04-01,2017-03-31,-1
2017-10-30,69710,2017-03-31,2,,,,,,,,,,,,,,,,,,,,,,,,,,,,,110.00,,,,377618580,9906197,,false,false,12,2016-04-01,2017-03-31,-1
2017-10-30,69710,2018-03-31,2,,,,,,,,,,,,,,,,,,,,,,,,,,,,,60.00,,,,,,,false,false,12,2017-04-01,2018-03-31,0
2017-10-30,69710,2018-03-31,2,,,,,,,,,,,,,,,,,,,,,,,,,,,,,120.00,,,,,,,false,true,12,2017-04-01,2018-03-31,0
2017-10-30,69710,2018-03-31,2,,,,,,,,,,,,,,,,,,,,,,,,,,,,,,,,,377618580,9909072,367710762,false,false,6,2017-04-01,2017-09-30,0
2017-10-30,69710,2017-03-31,2,,,,,,,,,,,,,,,,,,,,,,,,,,,,,,,,,,,367143045,false,false,6,2016-04-01,2016-09-30,-1
2018-02-01,69710,2018-03-31,3,1145016000000,0.129,,,,,,,,,,,,,,,,,,3201583000000,,,,,,,,,,,,,,,,true,false,9,2017-04-01,2017-12-31,0
2018-02-01,69710,2017-03-31,3,1014628000000,-0.072,,,,,,,,,,,,,,,,,,,,,,,,,,,,,,,,,,true,false,9,2016-04-01,2016-12-31,-1
2018-02-01,69710,2018-03-31,3,1560000000000,0.096,,,,,,,,,,,,,,,,,,,,,,,,,,,,,,,,,,true,true,12,2017-04-01,2018-03-31,0
2018-02-01,69710,2017-03-31,3,,,,,,,,,,,,,,,,,,,,3110470000000,,,,,,,,,,,,,,,,true,false,12,2016-04-01,2017-03-31,-1
2018-02-01,69710,2017-03-31,3,,,,,,,,,,,,,,,,,,,,,,,,,,,,,110.00,,,,377618580,9906197,,false,false,12,2016-04-01,2017-03-31,-1
2018-02-01,69710,2018-03-31,3,,,,,,,,,,,,,,,,,,,,,,,,,,,,,60.00,,,,,,,false,false,12,2017-04-01,2018-03-31,0
2018-02-01,69710,2018-03-31,3,,,,,,,,,,,,,,,,,,,,,,,,,,,,,120.00,,,,,,,false,true,12,2017-04-01,2018-03-31,0
2018-02-01,69710,2018-03-31,3,,,,,,,,,,,,,,,,,,,,,,,,,,,,,,,,,377618580,9910450,367710007,false,false,9,2017-04-01,2017-12-31,0
2018-02-01,69710,2017-03-31,3,,,,,,,,,,,,,,,,,,,,,,,,,,,,,,,,,,,367333543,false,false,9,2016-04-01,2016-12-31,-1
2018-04-26,69710,2018-03-31,,1577039000000,0.108,,,,,,,,,,,,,,,,,,3157077000000,,,,,158953000000,-53128000000,-51620000000,424938000000,,0.539,,,,,,true,false,12,2017-04-01,2018-03-31,0
2018-04-26,69710,2017-03-31,,1422754000000,-0.038,,,,,,,,,,,,,,,,,,3110470000000,,,,,164231000000,-112089000000,-47972000000,376195000000,,0.389,,,,,,true,false,12,2016-04-01,2017-03-31,-1
2018-04-26,69710,2019-03-31,,1650000000000,0.046,,,,,154000000000,0.611,,,,134000000000,,364.42,,,,,,,,,,,,,,,,0.329,,,,,,true,true,12,2018-04-01,2019-03-31,1
2018-04-26,69710,2018-03-31,,742066000000,0.120,,,,,-10705000000,,82901000000,0.019,78536000000,,-0.062,213.58,,,,,,2422422000000,1917101000000,0.791,5213.65,1917101000000,,,,,120.00,,,,377618580,9910822,367709460,false,false,12,2017-04-01,2018-03-31,0
2018-04-26,69710,2017-03-31,,662595000000,0.117,,,,,24325000000,-0.136,81339000000,-0.140,83724000000,,0.131,227.86,,,,,,2435888000000,1922944000000,0.789,5229.48,1922944000000,,,,,110.00,,,,377618580,9906197,367428405,false,false,12,2016-04-01,2017-03-31,-1
2018-04-26,69710,2019-03-31,,,,,,,,,,,,,,,,,,,,,,,,,,,,,,120.00,,,,,,,false,true,12,2018-04-01,2019-03-31,1
2018-07-31,69710,2019-03-31,1,387484000000,0.123,,,,,37104000000,0.187,,,,42284000000,,116.29,116.26,,,,,3210051000000,,,,,,,,,,,,,,,,true,false,3,2018-04-01,2018-06-30,0
2018-07-31,69710,2018-03-31,1,345162000000,,,,,,31260000000,,,,,35026000000,,95.25,95.23,,,,,,,,,,,,,,,,,,,,,true,false,3,2017-04-01,2017-06-30,-1
2018-07-31,69710,2019-03-31,1,1650000000000,0.046,,,,,154000000000,0.698,,,,134000000000,,368.54,,,,,,,,,,,,,,,,,,,,,,true,true,12,2018-04-01,2019-03-31,0
2018-07-31,69710,2018-03-31,1,,,,,,,,,,,,,,,,,,,,3128813000000,,,,,,,,,,,,,,,,true,false,12,2017-04-01,2018-03-31,-1
2018-07-31,69710,2018-03-31,1,,,,,,,,,,,,,,,,,,,,,,,,,,,,,120.00,,,,377618580,9910822,,false,false,12,2017-04-01,2018-03-31,-1
2018-07-31,69710,2019-03-31,1,,,,,,,,,,,,,,,,,,,,,,,,,,,,,120.00,,,,,,,false,true,12,2018-04-01,2019-03-31,0
2018-07-31,69710,2019-03-31,1,,,,,,,,,,,,,,,,,,,,,,,,,,,,,,,,,377618580,15862303,363599571,false,false,3,2018-04-01,2018-06-30,0
2018-07-31,69710,2018-03-31,1,,,,,,,,,,,,,,,,,,,,,,,,,,,,,,,,,,,367711511,false,false,3,2017-04-01,2017-06-30,-1
2018-10-30,69710,2019-03-31,2,800638000000,0.084,,,,,82601000000,0.192,,,,78394000000,,216.15,216.04,,,,,3322816000000,,,,,,,,,,,,,,,,true,false,6,2018-04-01,2018-09-30,0
2018-10-30,69710,2018-03-31,2,738345000000,,,,,,69272000000,,,,,63441000000,,172.53,172.47,,,,,,,,,,,,,,,,,,,,,true,false,6,2017-04-01,2017-09-30,-1
2018-10-30,69710,2019-03-31,2,1650000000000,0.046,,,,,154000000000,0.698,,,,134000000000,,369.47,,,,,,,,,,,,,,,,,,,,,,true,true,12,2018-04-01,2019-03-31,0
2018-10-30,69710,2018-03-31,2,,,,,,,,,,,,,,,,,,,,3128813000000,,,,,,,,,,,,,,,,true,false,12,2017-04-01,2018-03-31,-1
2018-10-30,69710,2018-03-31,2,,,,,,,,,,,,,,,,,,,,,,,,,,,,,120.00,,,,377618580,9910822,,false,false,12,2017-04-01,2018-03-31,-1
2018-10-30,69710,2019-03-31,2,,,,,,,,,,,,,,,,,,,,,,,,,,,,,60.00,,,,,,,false,false,12,2018-04-01,2019-03-31,0
2018-10-30,69710,2019-03-31,2,,,,,,,,,,,,,,,,,,,,,,,,,,,,,120.00,,,,,,,false,true,12,2018-04-01,2019-03-31,0
2018-10-30,69710,2019-03-31,2,,,,,,,,,,,,,,,,,,,,,,,,,,,,,,,,,377618580,15863520,362677479,false,false,6,2018-04-01,2018-09-30,0
2018-10-30,69710,2018-03-31,2,,,,,,,,,,,,,,,,,,,,,,,,,,,,,,,,,,,367710762,false,false,6,2017-04-01,2017-09-30,-1
2018-11-28,69710,2019-03-31,,1650000000000,0.000,,,,,99000000000,-0.357,,,,95500000000,,263.32,,,,,,,,,,,,,,,,,,,,,,true,true,12,2018-04-01,2019-03-31,0
2018-11-28,69710,2018-03-31,,1577039000000,,,,,,90699000000,,,,,79137000000,,215.22,,,,,,,,,,,,,,,,,,,,,,true,false,12,2017-04-01,2018-03-31,-1
2019-02-01,69710,2019-03-31,3,1214417000000,0.061,,,,,60576000000,-0.441,,,,79419000000,,219.17,219.00,,,,,3020821000000,,,,,,,,,,,,,,,,true,false,9,2018-04-01,2018-12-31,0
2019-02-01,69710,2018-03-31,3,1145016000000,,,,,,108322000000,,,,,93088000000,,253.16,253.16,,,,,,,,,,,,,,,,,,,,,true,false,9,2017-04-01,2017-12-31,-1
2019-02-01,69710,2019-03-31,3,1600000000000,0.015,,,,,76000000000,-0.162,,,,90000000000,,248.36,,,,,,,,,,,,,,,,,,,,,,true,true,12,2018-04-01,2019-03-31,0
2019-02-01,69710,2018-03-31,3,,,,,,,,,,,,,,,,,,,,3128813000000,,,,,,,,,,,,,,,,true,false,12,2017-04-01,2018-03-31,-1
2019-02-01,69710,2018-03-31,3,,,,,,,,,,,,,,,,,,,,,,,,,,,,,120.00,,,,377618580,9910822,,false,false,12,2017-04-01,2018-03-31,-1
2019-02-01,69710,2019-03-31,3,,,,,,,,,,,,,,,,,,,,,,,,,,,,,60.00,,,,,,,false,false,12,2018-04-01,2019-03-31,0
2019-02-01,69710,2019-03-31,3,,,,,,,,,,,,,,,,,,,,,,,,,,,,,120.00,,,,,,,false,true,12,2018-04-01,2019-03-31,0
2019-02-01,69710,2019-03-31,3,,,,,,,,,,,,,,,,,,,,,,,,,,,,,,,,,377618580,15864095,362369908,false,false,9,2018-04-01,2018-12-31,0
2019-02-01,69710,2018-03-31,3,,,,,,,,,,,,,,,,,,,,,,,,,,,,,,,,,,,367710007,false,false,9,2017-04-01,2017-12-31,-1
2019-04-25,69710,2019-03-31,,1623710000000,0.030,,,,,94823000000,0.045,,,,103210000000,,284.94,284.70,,,0.058,,2968475000000,,,,,220025000000,-47121000000,-89056000000,,,0.491,,,,,,true,false,12,2018-04-01,2019-03-31,0
2019-04-25,69710,2018-03-31,,1577039000000,,,,,,90699000000,,,,,79137000000,,215.22,215.20,,,0.058,,3128813000000,,,,,158905000000,-53128000000,-51572000000,,,0.558,,,,,,true,false,12,2017-04-01,2018-03-31,-1
2019-04-25,69710,2020-03-31,,1700000000000,0.047,,,,,140000000000,0.476,,,,125000000000,,345.10,,,,,,,,,,,,,,,,0.464,,,,,,true,true,12,2019-04-01,2020-03-31,1
2019-04-25,69710,2019-03-31,,736263000000,-0.008,,,,,17853000000,,119978000000,0.447,55129000000,,-0.298,152.20,,,,,,2181058000000,1805568000000,0.828,4991.15,1805568000000,,,,,140.00,,,,377618580,15864921,362215901,false,false,12,2018-04-01,2019-03-31,0
2019-04-25,69710,2018-03-31,,742066000000,0.120,,,,,-10705000000,,82901000000,0.019,78536000000,,-0.062,213.58,,,,,,2389403000000,1917101000000,0.802,5213.65,1917101000000,,,,,120.00,,,,377618580,9910822,367709460,false,false,12,2017-04-01,2018-03-31,-1
2019-04-25,69710,2020-03-31,,,,,,,,,,,,,,,,,,,,,,,,,,,,,,160.00,,,,,,,false,true,12,2019-04-01,2020-03-31,1
2019-08-02,69710,2020-03-31,1,384937000000,-0.007,,,,,22629000000,-0.390,,,,32037000000,,88.56,88.51,,,,,3104854000000,,,,,,,,,,,,,,,,true,false,3,2019-04-01,2019-06-30,0
2019-08-02,69710,2019-03-31,1,387484000000,0.123,,,,,37104000000,0.187,,,,42284000000,,116.29,116.26,,,,,,,,,,,,,,,,,,,,,true,false,3,2018-04-01,2018-06-30,-1
2019-08-02,69710,2020-03-31,1,1700000000000,0.047,,,,,140000000000,0.476,,,,125000000000,,345.54,,,,,,,,,,,,,,,,,,,,,,true,true,12,2019-04-01,2020-03-31,0
2019-08-02,69710,2019-03-31,1,,,,,,,,,,,,,,,,,,,,2968475000000,,,,,,,,,,,,,,,,true,false,12,2018-04-01,2019-03-31,-1
2019-08-02,69710,2019-03-31,1,,,,,,,,,,,,,,,,,,,,,,,,,,,,,140.00,,,,377618580,15864921,,false,false,12,2018-04-01,2019-03-31,-1
2019-08-02,69710,2020-03-31,1,,,,,,,,,,,,,,,,,,,,,,,,,,,,,160.00,,,,,,,false,true,12,2019-04-01,2020-03-31,0
2019-08-02,69710,2020-03-31,1,,,,,,,,,,,,,,,,,,,,,,,,,,,,,,,,,377618580,15865780,361752983,false,false,3,2019-04-01,2019-06-30,0
2019-08-02,69710,2019-03-31,1,,,,,,,,,,,,,,,,,,,,,,,,,,,,,,,,,,,363599571,false,false,3,2018-04-01,2018-06-30,-1
2019-10-31,69710,2020-03-31,2,799050000000,-0.002,,,,,60320000000,-0.270,,,,59614000000,,164.64,164.58,,,,,3158298000000,,,,,,,,,,,,,,,,true,false,6,2019-04-01,2019-09-30,0
2019-10-31,69710,2019-03-31,2,800638000000,0.084,,,,,82601000000,0.192,,,,78394000000,,216.15,216.04,,,,,,,,,,,,,,,,,,,,,true,false,6,2018-04-01,2018-09-30,-1
2019-10-31,69710,2020-03-31,2,1700000000000,0.047,,,,,140000000000,0.476,,,,125000000000,,345.21,,,,,,,,,,,,,,,,,,,,,,true,true,12,2019-04-01,2020-03-31,0
2019-10-31,69710,2019-03-31,2,,,,,,,,,,,,,,,,,,,,2968475000000,,,,,,,,,,,,,,,,true,false,12,2018-04-01,2019-03-31,-1
2019-10-31,69710,2019-03-31,2,,,,,,,,,,,,,,,,,,,,,,,,,,,,,140.00,,,,377618580,15864921,,false,false,12,2018-04-01,2019-03-31,-1
2019-10-31,69710,2020-03-31,2,,,,,,,,,,,,,,,,,,,,,,,,,,,,,80.00,,,,,,,false,false,12,2019-04-01,2020-03-31,0
2019-10-31,69710,2020-03-31,2,,,,,,,,,,,,,,,,,,,,,,,,,,,,,160.00,,,,,,,false,true,12,2019-04-01,2020-03-31,0
2019-10-31,69710,2020-03-31,2,,,,,,,,,,,,,,,,,,,,,,,,,,,,,,,,,377618580,15184453,362093665,false,false,6,2019-04-01,2019-09-30,0
2019-10-31,69710,2019-03-31,2,,,,,,,,,,,,,,,,,,,,,,,,,,,,,,,,,,,362677479,false,false,6,2018-04-01,2018-09-30,-1
2020-01-30,69710,2020-03-31,3,1196885000000,-0.014,,,,,94860000000,0.566,,,,101265000000,,279.58,279.51,,,,,3327398000000,,,,,,,,,,,,,,,,true,false,9,2019-04-01,2019-12-31,0
2020-01-30,69710,2019-03-31,3,1214417000000,0.061,,,,,60576000000,-0.441,,,,79419000000,,219.17,219.00,,,,,,,,,,,,,,,,,,,,,true,false,9,2018-04-01,2018-12-31,-1
2020-01-30,69710,2020-03-31,3,1625000000000,0.001,,,,,118000000000,0.244,,,,117000000000,,323.02,,,,,,,,,,,,,,,,,,,,,,true,true,12,2019-04-01,2020-03-31,0
2020-01-30,69710,2019-03-31,3,,,,,,,,,,,,,,,,,,,,2968475000000,,,,,,,,,,,,,,,,true,false,12,2018-04-01,2019-03-31,-1
2020-01-30,69710,2019-03-31,3,,,,,,,,,,,,,,,,,,,,,,,,,,,,,140.00,,,,377618580,15864921,,false,false,12,2018-04-01,2019-03-31,-1
2020-01-30,69710,2020-03-31,3,,,,,,,,,,,,,,,,,,,,,,,,,,,,,80.00,,,,,,,false,false,12,2019-04-01,2020-03-31,0
2020-01-30,69710,2020-03-31,3,,,,,,,,,,,,,,,,,,,,,,,,,,,,,160.00,,,,,,,false,true,12,2019-04-01,2020-03-31,0
2020-01-30,69710,2020-03-31,3,,,,,,,,,,,,,,,,,,,,,,,,,,,,,,,,,377618580,15185442,362206966,false,false,9,2019-04-01,2019-12-31,0
2020-01-30,69710,2019-03-31,3,,,,,,,,,,,,,,,,,,,,,,,,,,,,,,,,,,,362369908,false,false,9,2018-04-01,2018-12-31,-1
2020-04-27,69710,2020-03-31,,1599053000000,-0.015,,,,,100193000000,0.057,,,,107721000000,,297.36,,,,0.063,,3250175000000,,,,,214630000000,-145551000000,-157126000000,,,0.538,,,,,,true,false,12,2019-04-01,2020-03-31,0
2020-04-27,69710,2019-03-31,,1623710000000,0.030,,,,,94823000000,0.045,,,,103210000000,,284.94,284.70,,,0.058,,2968475000000,,,,,220025000000,-47121000000,-89056000000,,,0.491,,,,,,true,false,12,2018-04-01,2019-03-31,-1
2020-04-27,69710,2021-03-31,,1500000000000,-0.062,,,,,75000000000,-0.251,,,,88000000000,,242.92,,,,,,,,,,,,,,,,0.494,,,,,,true,true,12,2020-04-01,2021-03-31,1
2020-04-27,69710,2020-03-31,,730388000000,-0.008,,,,,-698000000,,98356000000,-0.180,88466000000,,0.605,244.20,,,,,,2520096000000,2015786000000,0.800,5561.83,2015786000000,,,,,160.00,,,,377618580,15186354,362263336,false,false,12,2019-04-01,2020-03-31,0
2020-04-27,69710,2019-03-31,,736263000000,-0.008,,,,,17853000000,,119978000000,0.447,55129000000,,-0.298,152.20,,,,,,2181058000000,1805568000000,0.828,4991.15,1805568000000,,,,,140.00,,,,377618580,15864921,362215901,false,false,12,2018-04-01,2019-03-31,-1
2020-04-27,69710,2021-03-31,,,,,,,,,,,,,,,,,,,,,,,,,,,,,,120.00,,,,,,,false,true,12,2020-04-01,2021-03-31,1
2020-07-30,69710,2021-03-31,1,317094000000,-0.176,,,,,7574000000,-0.665,,,,22380000000,,61.75,61.75,,,,,3265449000000,,,,,,,,,,,,,,,,true,false,3,2020-04-01,2020-06-30,0
2020-07-30,69710,2020-03-31,1,384937000000,-0.007,,,,,22629000000,-0.390,,,,32037000000,,88.56,88.51,,,,,,,,,,,,,,,,,,,,,true,false,3,2019-04-01,2019-06-30,-1
2020-07-30,69710,2021-03-31,1,1500000000000,-0.062,,,,,75000000000,-0.251,,,,88000000000,,242.80,,,,,,,,,,,,,,,,,,,,,,true,true,12,2020-04-01,2021-03-31,0
2020-07-30,69710,2020-03-31,1,,,,,,,,,,,,,,,,,,,,3250175000000,,,,,,,,,,,,,,,,true,false,12,2019-04-01,2020-03-31,-1
2020-07-30,69710,2020-03-31,1,,,,,,,,,,,,,,,,,,,,,,,,,,,,,160.00,,,,377618580,15186354,,false,false,12,2019-04-01,2020-03-31,-1
2020-07-30,69710,2021-03-31,1,,,,,,,,,,,,,,,,,,,,,,,,,,,,,120.00,,,,,,,false,true,12,2020-04-01,2021-03-31,0
2020-07-30,69710,2021-03-31,1,,,,,,,,,,,,,,,,,,,,,,,,,,,,,,,,,377618580,15186408,362432148,false,false,3,2020-04-01,2020-06-30,0
2020-07-30,69710,2020-03-31,1,,,,,,,,,,,,,,,,,,,,,,,,,,,,,,,,,,,361752983,false,false,3,2019-04-01,2019-06-30,-1
2020-10-29,69710,2021-03-31,2,696037000000,-0.129,,,,,24065000000,-0.601,,,,34360000000,,94.80,94.80,,,,,3078759000000,,,,,,,,,,,,,,,,true,false,6,2020-04-01,2020-09-30,0
2020-10-29,69710,2020-03-31,2,799050000000,-0.002,,,,,60320000000,-0.270,,,,59614000000,,164.64,164.58,,,,,,,,,,,,,,,,,,,,,true,false,6,2019-04-01,2019-09-30,-1
2020-10-29,69710,2021-03-31,2,1500000000000,-0.062,,,,,75000000000,-0.251,,,,88000000000,,242.80,,,,,,,,,,,,,,,,,,,,,,true,true,12,2020-04-01,2021-03-31,0
2020-10-29,69710,2020-03-31,2,,,,,,,,,,,,,,,,,,,,3250175000000,,,,,,,,,,,,,,,,true,false,12,2019-04-01,2020-03-31,-1
2020-10-29,69710,2020-03-31,2,,,,,,,,,,,,,,,,,,,,,,,,,,,,,160.00,,,,377618580,15186354,,false,false,12,2019-04-01,2020-03-31,-1
2020-10-29,69710,2021-03-31,2,,,,,,,,,,,,,,,,,,,,,,,,,,,,,60.00,,,,,,,false,false,12,2020-04-01,2021-03-31,0
2020-10-29,69710,2021-03-31,2,,,,,,,,,,,,,,,,,,,,,,,,,,,,,120.00,,,,,,,false,true,12,2020-04-01,2021-03-31,0
2020-10-29,69710,2021-03-31,2,,,,,,,,,,,,,,,,,,,,,,,,,,,,,,,,,377618580,15176543,362437255,false,false,6,2020-04-01,2020-09-30,0
2020-10-29,69710,2020-03-31,2,,,,,,,,,,,,,,,,,,,,,,,,,,,,,,,,,,,362093665,false,false,6,2019-04-01,2019-09-30,-1
2021-02-01,69710,2021-03-31,3,1100534000000,-0.081,,,,,42983000000,-0.547,,,,63931000000,,176.39,176.39,,,,,3229081000000,,,,,,,,,,,,,,,,true,false,9,2020-04-01,2020-12-31,0
2021-02-01,69710,2020-03-31,3,1196885000000,-0.014,,,,,94860000000,0.566,,,,101265000000,,279.58,279.51,,,,,,,,,,,,,,,,,,,,,true,false,9,2019-04-01,2019-12-31,-1
2021-02-01,69710,2021-03-31,3,1500000000000,-0.062,,,,,75000000000,-0.251,,,,88000000000,,242.80,,,,,,,,,,,,,,,,,,,,,,true,true,12,2020-04-01,2021-03-31,0
2021-02-01,69710,2020-03-31,3,,,,,,,,,,,,,,,,,,,,3250175000000,,,,,,,,,,,,,,,,true,false,12,2019-04-01,2020-03-31,-1
2021-02-01,69710,2020-03-31,3,,,,,,,,,,,,,,,,,,,,,,,,,,,,,160.00,,,,377618580,15186354,,false,false,12,2019-04-01,2020-03-31,-1
2021-02-01,69710,2021-03-31,3,,,,,,,,,,,,,,,,,,,,,,,,,,,,,60.00,,,,,,,false,false,12,2020-04-01,2021-03-31,0
2021-02-01,69710,2021-03-31,3,,,,,,,,,,,,,,,,,,,,,,,,,,,,,120.00,,,,,,,false,true,12,2020-04-01,2021-03-31,0
2021-02-01,69710,2021-03-31,3,,,,,,,,,,,,,,,,,,,,,,,,,,,,,,,,,377618580,15177338,362438683,false,false,9,2020-04-01,2020-12-31,0
2021-02-01,69710,2020-03-31,3,,,,,,,,,,,,,,,,,,,,,,,,,,,,,,,,,,,362206966,false,false,9,2019-04-01,2019-12-31,-1
2021-04-27,69710,2021-03-31,,1526897000000,-0.045,,,,,70644000000,-0.295,,,,90214000000,,248.91,,,,0.046,,3493470000000,,,,,220821000000,-183792000000,-80968000000,,,0.562,,,,,,true,false,12,2020-04-01,2021-03-31,0
2021-04-27,69710,2020-03-31,,1599053000000,-0.015,,,,,100193000000,0.057,,,,107721000000,,297.36,,,,0.063,,3250175000000,,,,,214630000000,-145551000000,-157126000000,,,0.538,,,,,,true,false,12,2019-04-01,2020-03-31,-1
2021-04-27,69710,2022-03-31,,1730000000000,0.133,,,,,117000000000,0.656,,,,113000000000,,311.78,,,,,,,,,,,,,,,,0.513,,,,,,true,true,12,2021-04-01,2022-03-31,1
2021-04-27,69710,2021-03-31,,708177000000,-0.030,,,,,11830000000,,103245000000,0.050,93269000000,,0.054,257.34,,,,,,2685137000000,2124257000000,0.791,5860.98,2124257000000,,,,,140.00,,,,377618580,15178204,362439184,false,false,12,2020-04-01,2021-03-31,0
2021-04-27,69710,2020-03-31,,730388000000,-0.008,,,,,-698000000,,98356000000,-0.180,88466000000,,0.605,244.20,,,,,,2520096000000,2015786000000,0.800,5561.83,2015786000000,,,,,160.00,,,,377618580,15186354,362263336,false,false,12,2019-04-01,2020-03-31,-1
2021-04-27,69710,2022-03-31,,,,,,,,,,,,,,,,,,,,,,,,,,,,,,160.00,,,,,,,false,true,12,2021-04-01,2022-03-31,1
2021-07-29,69710,2022-03-31,1,420712000000,0.327,,,,,32376000000,3.275,,,,40760000000,,112.46,,,,,,3529719000000,,,,,,,,,,,,,,,,true,false,3,2021-04-01,2021-06-30,0
2021-07-29,69710,2021-03-31,1,317094000000,-0.176,,,,,7574000000,-0.665,,,,22380000000,,61.75,,,,,,,,,,,,,,,,,,,,,,true,false,3,2020-04-01,2020-06-30,-1
2021-07-29,69710,2022-03-31,1,1730000000000,0.133,,,,,117000000000,0.656,,,,113000000000,,311.78,,,,,,,,,,,,,,,,,,,,,,true,true,12,2021-04-01,2022-03-31,0
2021-07-29,69710,2021-03-31,1,,,,,,,,,,,,,,,,,,,,3493470000000,,,,,,,,,,,,,,,,true,false,12,2020-04-01,2021-03-31,-1
2021-07-29,69710,2021-03-31,1,,,,,,,,,,,,,,,,,,,,,,,,,,,,,140.00,,,,377618580,15178204,,false,false,12,2020-04-01,2021-03-31,-1
2021-07-29,69710,2022-03-31,1,,,,,,,,,,,,,,,,,,,,,,,,,,,,,160.00,,,,,,,false,true,12,2021-04-01,2022-03-31,0
2021-07-29,69710,2022-03-31,1,,,,,,,,,,,,,,,,,,,,,,,,,,,,,,,,,377618580,15178617,362440135,false,false,3,2021-04-01,2021-06-30,0
2021-07-29,69710,2021-03-31,1,,,,,,,,,,,,,,,,,,,,,,,,,,,,,,,,,,,362432148,false,false,3,2020-04-01,2020-06-30,-1
2021-11-01,6971,2022-03-31,2,876337000000,0.259,,,,,75679000000,2.145,,,,73219000000,,202.01,,,,,,3656905000000,,,,,,,,,,,,,,,,true,false,6,2021-04-01,2021-09-30,0
2021-11-01,6971,2021-03-31,2,696037000000,-0.129,,,,,24065000000,-0.601,,,,34360000000,,94.80,,,,,,,,,,,,,,,,,,,,,,true,false,6,2020-04-01,2020-09-30,-1
2021-11-01,6971,2022-03-31,2,1750000000000,0.146,,,,,146000000000,1.067,,,,139000000000,,383.51,,,,,,,,,,,,,,,,,,,,,,true,true,12,2021-04-01,2022-03-31,0
2021-11-01,6971,2021-03-31,2,,,,,,,,,,,,,,,,,,,,3493470000000,,,,,,,,,,,,,,,,true,false,12,2020-04-01,2021-03-31,-1
2021-11-01,6971,2021-03-31,2,,,,,,,,,,,,,,,,,,,,,,,,,,,,,140.00,,,,377618580,15178204,,false,false,12,2020-04-01,2021-03-31,-1
2021-11-01,6971,2022-03-31,2,,,,,,,,,,,,,,,,,,,,,,,,,,,,,90.00,,,,,,,false,false,12,2021-04-01,2022-03-31,0
2021-11-01,6971,2022-03-31,2,,,,,,,,,,,,,,,,,,,,,,,,,,,,,180.00,,,,,,,false,true,12,2021-04-01,2022-03-31,0
2021-11-01,6971,2022-03-31,2,,,,,,,,,,,,,,,,,,,,,,,,,,,,,,,,,377618580,15167147,362445887,false,false,6,2021-04-01,2021-09-30,0
2021-11-01,6971,2021-03-31,2,,,,,,,,,,,,,,,,,,,,,,,,,,,,,,,,,,,362437255,false,false,6,2020-04-01,2020-09-30,-1
2022-01-31,6971,2022-03-31,3,1355665000000,0.232,,,,,118458000000,1.756,,,,119833000000,,331.34,,,,,,3574203000000,,,,,,,,,,,,,,,,true,false,9,2021-04-01,2021-12-31,0
2022-01-31,6971,2021-03-31,3,1100534000000,-0.081,,,,,42983000000,-0.547,,,,63931000000,,176.39,,,,,,,,,,,,,,,,,,,,,,true,false,9,2020-04-01,2020-12-31,-1
2022-01-31,6971,2022-03-31,3,1750000000000,0.146,,,,,146000000000,1.067,,,,139000000000,,384.34,,,,,,,,,,,,,,,,,,,,,,true,true,12,2021-04-01,2022-03-31,0
2022-01-31,6971,2021-03-31,3,,,,,,,,,,,,,,,,,,,,3493470000000,,,,,,,,,,,,,,,,true,false,12,2020-04-01,2021-03-31,-1
2022-01-31,6971,2021-03-31,3,,,,,,,,,,,,,,,,,,,,,,,,,,,,,140.00,,,,377618580,15178204,,false,false,12,2020-04-01,2021-03-31,-1
2022-01-31,6971,2022-03-31,3,,,,,,,,,,,,,,,,,,,,,,,,,,,,,90.00,,,,,,,false,false,12,2021-04-01,2022-03-31,0
2022-01-31,6971,2022-03-31,3,,,,,,,,,,,,,,,,,,,,,,,,,,,,,180.00,,,,,,,false,true,12,2021-04-01,2022-03-31,0
2022-01-31,6971,2022-03-31,3,,,,,,,,,,,,,,,,,,,,,,,,,,,,,,,,,377618580,18717001,361658890,false,false,9,2021-04-01,2021-12-31,0
2022-01-31,6971,2021-03-31,3,,,,,,,,,,,,,,,,,,,,,,,,,,,,,,,,,,,362438683,false,false,9,2020-04-01,2020-12-31,-1
2022-04-28,6971,2022-03-31,,1838938000000,0.204,,,,,148910000000,1.108,,,,148414000000,,411.15,,,,0.081,,3917265000000,,,,,201957000000,-79457000000,-111473000000,,,0.438,,,,,,true,false,12,2021-04-01,2022-03-31,0
2022-04-28,6971,2021-03-31,,1526897000000,-0.045,,,,,70644000000,-0.295,,,,90214000000,,248.91,,,,0.046,,3493470000000,,,,,220821000000,-183792000000,-80968000000,,,0.562,,,,,,true,false,12,2020-04-01,2021-03-31,-1
2022-04-28,6971,2023-03-31,,2000000000000,0.088,,,,,174000000000,0.168,,,,154000000000,,426.63,,,,,,,,,,,,,,,,0.469,,,,,,true,true,12,2022-04-01,2023-03-31,1
2022-04-28,6971,2022-03-31,,848253000000,0.198,,,,,46169000000,2.903,147160000000,0.425,132442000000,,0.420,366.91,,,,,,2998363000000,2309953000000,0.770,6436.19,2309953000000,,,,,180.00,,,,377618580,18717679,360969460,false,false,12,2021-04-01,2022-03-31,0
2022-04-28,6971,2021-03-31,,708177000000,-0.030,,,,,11830000000,,103245000000,0.050,93269000000,,0.054,257.34,,,,,,2685137000000,2124257000000,0.791,5860.98,2124257000000,,,,,140.00,,,,377618580,15178204,362439184,false,false,12,2020-04-01,2021-03-31,-1
2022-04-28,6971,2023-03-31,,,,,,,,,,,,,,,,,,,,,,,,,,,,,,200.00,,,,,,,false,true,12,2022-04-01,2023-03-31,1
2022-08-01,6971,2023-03-31,1,491954000000,0.169,,,,,41428000000,0.280,,,,49974000000,,139.24,,,,,,4113028000000,,,,,,,,,,,,,,,,true,false,3,2022-04-01,2022-06-30,0
2022-08-01,6971,2022-03-31,1,420712000000,0.327,,,,,32376000000,3.275,,,,40760000000,,112.46,,,,,,,,,,,,,,,,,,,,,,true,false,3,2021-04-01,2021-06-30,-1
2022-08-01,6971,2023-03-31,1,2000000000000,0.088,,,,,174000000000,0.168,,,,154000000000,,429.09,,,,,,,,,,,,,,,,,,,,,,true,true,12,2022-04-01,2023-03-31,0
2022-08-01,6971,2022-03-31,1,,,,,,,,,,,,,,,,,,,,3917265000000,,,,,,,,,,,,,,,,true,false,12,2021-04-01,2022-03-31,-1
2022-08-01,6971,2022-03-31,1,,,,,,,,,,,,,,,,,,,,,,,,,,,,,180.00,,,,377618580,18717679,,false,false,12,2021-04-01,2022-03-31,-1
2022-08-01,6971,2023-03-31,1,,,,,,,,,,,,,,,,,,,,,,,,,,,,,200.00,,,,,,,false,true,12,2022-04-01,2023-03-31,0
2022-08-01,6971,2023-03-31,1,,,,,,,,,,,,,,,,,,,,,,,,,,,,,,,,,377618580,18718084,358900726,false,false,3,2022-04-01,2022-06-30,0
2022-08-01,6971,2022-03-31,1,,,,,,,,,,,,,,,,,,,,,,,,,,,,,,,,,,,362440135,false,false,3,2021-04-01,2021-06-30,-1
2022-10-31,6971,2023-03-31,2,1012172000000,0.155,,,,,76488000000,0.011,,,,75586000000,,210.60,,,,,,4149994000000,,,,,,,,,,,,,,,,true,false,6,2022-04-01,2022-09-30,0
2022-10-31,6971,2022-03-31,2,876337000000,0.259,,,,,75679000000,2.145,,,,73219000000,,202.01,,,,,,,,,,,,,,,,,,,,,,true,false,6,2021-04-01,2021-09-30,-1
2022-10-31,6971,2023-03-31,2,2000000000000,0.088,,,,,174000000000,0.168,,,,154000000000,,429.08,,,,,,,,,,,,,,,,,,,,,,true,true,12,2022-04-01,2023-03-31,0
2022-10-31,6971,2022-03-31,2,,,,,,,,,,,,,,,,,,,,3917265000000,,,,,,,,,,,,,,,,true,false,12,2021-04-01,2022-03-31,-1
2022-10-31,6971,2022-03-31,2,,,,,,,,,,,,,,,,,,,,,,,,,,,,,180.00,,,,377618580,18717679,,false,false,12,2021-04-01,2022-03-31,-1
2022-10-31,6971,2023-03-31,2,,,,,,,,,,,,,,,,,,,,,,,,,,,,,100.00,,,,,,,false,false,12,2022-04-01,2023-03-31,0
2022-10-31,6971,2023-03-31,2,,,,,,,,,,,,,,,,,,,,,,,,,,,,,200.00,,,,,,,false,true,12,2022-04-01,2023-03-31,0
2022-10-31,6971,2023-03-31,2,,,,,,,,,,,,,,,,,,,,,,,,,,,,,,,,,377618580,18704907,358907332,false,false,6,2022-04-01,2022-09-30,0
2022-10-31,6971,2022-03-31,2,,,,,,,,,,,,,,,,,,,,,,,,,,,,,,,,,,,362445887,false,false,6,2021-04-01,2021-09-30,-1
2023-02-01,6971,2023-03-31,3,1526497000000,0.126,,,,,113884000000,-0.039,,,,118783000000,,330.96,,,,,,3991890000000,,,,,,,,,,,,,,,,true,false,9,2022-04-01,2022-12-31,0
2023-02-01,6971,2022-03-31,3,1355665000000,0.232,,,,,118458000000,1.756,,,,119833000000,,331.34,,,,,,,,,,,,,,,,,,,,,,true,false,9,2021-04-01,2021-12-31,-1
2023-02-01,6971,2023-03-31,3,2000000000000,0.088,,,,,120000000000,-0.194,,,,124000000000,,345.49,,,,,,,,,,,,,,,,,,,,,,true,true,12,2022-04-01,2023-03-31,0
2023-02-01,6971,2022-03-31,3,,,,,,,,,,,,,,,,,,,,3917265000000,,,,,,,,,,,,,,,,true,false,12,2021-04-01,2022-03-31,-1
2023-02-01,6971,2022-03-31,3,,,,,,,,,,,,,,,,,,,,,,,,,,,,,180.00,,,,377618580,18717679,,false,false,12,2021-04-01,2022-03-31,-1
2023-02-01,6971,2023-03-31,3,,,,,,,,,,,,,,,,,,,,,,,,,,,,,100.00,,,,,,,false,false,12,2022-04-01,2023-03-31,0
2023-02-01,6971,2023-03-31,3,,,,,,,,,,,,,,,,,,,,,,,,,,,,,200.00,,,,,,,false,true,12,2022-04-01,2023-03-31,0
2023-02-01,6971,2023-03-31,3,,,,,,,,,,,,,,,,,,,,,,,,,,,,,,,,,377618580,18705394,358909344,false,false,9,2022-04-01,2022-12-31,0
2023-02-01,6971,2022-03-31,3,,,,,,,,,,,,,,,,,,,,,,,,,,,,,,,,,,,361658890,false,false,9,2021-04-01,2021-12-31,-1
2023-05-15,6971,2023-03-31,,2025332000000,0.101,,,,,128517000000,-0.137,,,,127988000000,,356.60,,,,0.063,,4093928000000,,,,,179212000000,-168833000000,-61257000000,,,0.561,,,,,,true,false,12,2022-04-01,2023-03-31,0
2023-05-15,6971,2022-03-31,,1838938000000,0.204,,,,,148910000000,1.108,,,,148414000000,,411.15,,,,0.081,,3917265000000,,,,,201957000000,-79457000000,-111473000000,,,0.438,,,,,,true,false,12,2021-04-01,2022-03-31,-1
2023-05-15,6971,2024-03-31,,2100000000000,0.037,,,,,147000000000,0.144,,,,145000000000,,404.00,,,,,,,,,,,,,,,,0.495,,,,,,true,true,12,2023-04-01,2024-03-31,1
2023-05-15,6971,2023-03-31,,856866000000,0.010,,,,,39464000000,-0.145,136878000000,-0.070,113321000000,,-0.144,315.73,,,,,,3080630000000,2379161000000,0.772,6628.80,2379161000000,,,,,200.00,,,,377618580,18705580,358910262,false,false,12,2022-04-01,2023-03-31,0
2023-05-15,6971,2022-03-31,,848253000000,0.198,,,,,46169000000,2.903,147160000000,0.425,132442000000,,0.420,366.91,,,,,,2998363000000,2309953000000,0.770,6436.19,2309953000000,,,,,180.00,,,,377618580,18717679,360969460,false,false,12,2021-04-01,2022-03-31,-1
2023-05-15,6971,2024-03-31,,,,,,,,,,,,,,,,,,,,,,,,,,,,,,200.00,,,,,,,false,true,12,2023-04-01,2024-03-31,1
2023-07-31,6971,2024-03-31,1,479420000000,-0.025,,,,,25677000000,-0.380,,,,37392000000,,105.32,,,,,,4323712000000,,,,,,,,,,,,,,,,true,false,3,2023-04-01,2023-06-30,0
2023-07-31,6971,2023-03-31,1,491954000000,0.169,,,,,41428000000,0.280,,,,49974000000,,139.24,,,,,,,,,,,,,,,,,,,,,,true,false,3,2022-04-01,2022-06-30,-1
2023-07-31,6971,2024-03-31,1,2100000000000,0.037,,,,,147000000000,0.144,,,,145000000000,,408.40,,,,,,,,,,,,,,,,,,,,,,true,true,12,2023-04-01,2024-03-31,0
2023-07-31,6971,2023-03-31,1,,,,,,,,,,,,,,,,,,,,4093928000000,,,,,,,,,,,,,,,,true,false,12,2022-04-01,2023-03-31,-1
2023-07-31,6971,2023-03-31,1,,,,,,,,,,,,,,,,,,,,,,,,,,,,,200.00,,,,377618580,18705580,,false,false,12,2022-04-01,2023-03-31,-1
2023-07-31,6971,2024-03-31,1,,,,,,,,,,,,,,,,,,,,,,,,,,,,,200.00,,,,,,,false,true,12,2023-04-01,2024-03-31,0
2023-07-31,6971,2024-03-31,1,,,,,,,,,,,,,,,,,,,,,,,,,,,,,,,,,377618580,24512060,355041921,false,false,3,2023-04-01,2023-06-30,0
2023-07-31,6971,2023-03-31,1,,,,,,,,,,,,,,,,,,,,,,,,,,,,,,,,,,,358900726,false,false,3,2022-04-01,2022-06-30,-1
2023-11-01,6971,2024-03-31,2,985290000000,-0.027,,,,,54002000000,-0.294,,,,56487000000,,159.61,,,,,,4415351000000,,,,,,,,,,,,,,,,true,false,6,2023-04-01,2023-09-30,0
2023-11-01,6971,2023-03-31,2,1012172000000,0.155,,,,,76488000000,0.011,,,,75586000000,,210.60,,,,,,,,,,,,,,,,,,,,,,true,false,6,2022-04-01,2022-09-30,-1
2023-11-01,6971,2024-03-31,2,2050000000000,0.012,,,,,120000000000,-0.066,,,,123000000000,,347.56,,,,,,,,,,,,,,,,,,,,,,true,true,12,2023-04-01,2024-03-31,0
2023-11-01,6971,2023-03-31,2,,,,,,,,,,,,,,,,,,,,4093928000000,,,,,,,,,,,,,,,,true,false,12,2022-04-01,2023-03-31,-1
2023-11-01,6971,2023-03-31,2,,,,,,,,,,,,,,,,,,,,,,,,,,,,,200.00,,,,377618580,18705580,,false,false,12,2022-04-01,2023-03-31,-1
2023-11-01,6971,2024-03-31,2,,,,,,,,,,,,,,,,,,,,,,,,,,,,,100.00,,,,,,,false,false,12,2023-04-01,2024-03-31,0
2023-11-01,6971,2024-03-31,2,,,,,,,,,,,,,,,,,,,,,,,,,,,,,25.00,,,,,,,false,true,12,2023-04-01,2024-03-31,0
2023-11-01,6971,2024-03-31,2,,,,,,,,,,,,,,,,,,,,,,,,,,,,,,,,,377618580,25037505,353900547,false,false,6,2023-04-01,2023-09-30,0
2023-11-01,6971,2023-03-31,2,,,,,,,,,,,,,,,,,,,,,,,,,,,,,,,,,,,358907332,false,false,6,2022-04-01,2022-09-30,-1
2024-02-01,6971,2024-03-31,3,1492672000000,-0.022,,,,,79844000000,-0.299,,,,90366000000,,63.94,,,,,,4326812000000,,,,,,,,,,,,,,,,true,false,9,2023-04-01,2023-12-31,0
2024-02-01,6971,2023-03-31,3,1526497000000,0.126,,,,,113884000000,-0.039,,,,118783000000,,82.74,,,,,,,,,,,,,,,,,,,,,,true,false,9,2022-04-01,2022-12-31,-1
2024-02-01,6971,2024-03-31,3,2000000000000,-0.013,,,,,95000000000,-0.261,,,,100000000000,,70.76,,,,,,,,,,,,,,,,,,,,,,true,true,12,2023-04-01,2024-03-31,0
2024-02-01,6971,2023-03-31,3,,,,,,,,,,,,,,,,,,,,4093928000000,,,,,,,,,,,,,,,,true,false,12,2022-04-01,2023-03-31,-1
2024-02-01,6971,2023-03-31,3,,,,,,,,,,,,,,,,,,,,,,,,,,,,,200.00,,,,1510474320,74822320,,false,false,12,2022-04-01,2023-03-31,-1
2024-02-01,6971,2024-03-31,3,,,,,,,,,,,,,,,,,,,,,,,,,,,,,100.00,,,,,,,false,false,12,2023-04-01,2024-03-31,0
2024-02-01,6971,2024-03-31,3,,,,,,,,,,,,,,,,,,,,,,,,,,,,,25.00,,,,,,,false,true,12,2023-04-01,2024-03-31,0
2024-02-01,6971,2024-03-31,3,,,,,,,,,,,,,,,,,,,,,,,,,,,,,,,,,1510474320,101829920,1413283088,false,false,9,2023-04-01,2023-12-31,0
2024-02-01,6971,2023-03-31,3,,,,,,,,,,,,,,,,,,,,,,,,,,,,,,,,,,,1435637376,false,false,9,2022-04-01,2022-12-31,-1
2024-04-26,6971,2024-03-31,,2004221000000,-0.010,,,,,92923000000,-0.277,,,,101074000000,,71.58,,,,0.046,,4465376000000,,,,,269069000000,-158413000000,-82596000000,,,0.699,,,,,,true,false,12,2023-04-01,2024-03-31,0
2024-04-26,6971,2023-03-31,,2025332000000,0.101,,,,,128517000000,-0.137,,,,127988000000,,89.15,,,,0.063,,4093928000000,,,,,179212000000,-168833000000,-61257000000,,,0.561,,,,,,true,false,12,2022-04-01,2023-03-31,-1
2024-04-26,6971,2025-03-31,,2050000000000,0.023,,,,,110000000000,0.184,,,,112000000000,,79.31,,,,,,,,,,,,,,,,0.630,,,,,,true,true,12,2024-04-01,2025-03-31,1
2024-04-26,6971,2024-03-31,,799055000000,-0.067,,,,,-1271000000,,91203000000,-0.334,91204000000,,-0.195,64.59,,,,,,3273602000000,2439833000000,0.745,1732.04,2439833000000,,,,,25.00,,,,1510474320,101831108,1412123156,false,false,12,2023-04-01,2024-03-31,0
2024-04-26,6971,2023-03-31,,856866000000,0.010,,,,,39464000000,-0.145,136878000000,-0.070,113321000000,,-0.144,78.93,,,,,,3080630000000,2379161000000,0.772,1657.20,2379161000000,,,,,200.00,,,,1510474320,74822320,1435641048,false,false,12,2022-04-01,2023-03-31,-1
2024-04-26,6971,2025-03-31,,,,,,,,,,,,,,,,,,,,,,,,,,,,,,50.00,,,,,,,false,true,12,2024-04-01,2025-03-31,1
2024-08-01,6971,2025-03-31,1,498868000000,0.041,,,,,20956000000,-0.184,,,,36797000000,,26.12,,,,,,4450064000000,,,,,,,,,,,,,,,,true,false,3,2024-04-01,2024-06-30,0
2024-08-01,6971,2024-03-31,1,479420000000,-0.025,,,,,25677000000,-0.380,,,,37392000000,,26.33,,,,,,,,,,,,,,,,,,,,,,true,false,3,2023-04-01,2023-06-30,-1
2024-08-01,6971,2025-03-31,1,2050000000000,0.023,,,,,110000000000,0.184,,,,112000000000,,79.51,,,,,,,,,,,,,,,,,,,,,,true,true,12,2024-04-01,2025-03-31,0
2024-08-01,6971,2024-03-31,1,,,,,,,,,,,,,,,,,,,,4465376000000,,,,,,,,,,,,,,,,true,false,12,2023-04-01,2024-03-31,-1
2024-08-01,6971,2024-03-31,1,,,,,,,,,,,,,,,,,,,,,,,,,,,,,25.00,,,,1510474320,101831108,,false,false,12,2023-04-01,2024-03-31,-1
2024-08-01,6971,2025-03-31,1,,,,,,,,,,,,,,,,,,,,,,,,,,,,,50.00,,,,,,,false,true,12,2024-04-01,2025-03-31,0
2024-08-01,6971,2025-03-31,1,,,,,,,,,,,,,,,,,,,,,,,,,,,,,,,,,1510474320,101831636,1408642800,false,false,3,2024-04-01,2024-06-30,0
2024-08-01,6971,2024-03-31,1,,,,,,,,,,,,,,,,,,,,,,,,,,,,,,,,,,,1420167684,false,false,3,2023-04-01,2023-06-30,-1
2024-10-30,6971,2025-03-31,2,998588000000,0.013,,,,,37876000000,-0.299,,,,36078000000,,25.61,,,,,,4408426000000,,,,,,,,,,,,,,,,true,false,6,2024-04-01,2024-09-30,0
2024-10-30,6971,2024-03-31,2,985290000000,-0.027,,,,,54002000000,-0.294,,,,56487000000,,39.90,,,,,,,,,,,,,,,,,,,,,,true,false,6,2023-04-01,2023-09-30,-1
2024-10-30,6971,2025-03-31,2,2020000000000,0.008,,,,,68000000000,-0.268,,,,71000000000,,50.40,,,,,,,,,,,,,,,,,,,,,,true,true,12,2024-04-01,2025-03-31,0
2024-10-30,6971,2024-03-31,2,,,,,,,,,,,,,,,,,,,,4465376000000,,,,,,,,,,,,,,,,true,false,12,2023-04-01,2024-03-31,-1
2024-10-30,6971,2024-03-31,2,,,,,,,,,,,,,,,,,,,,,,,,,,,,,25.00,,,,1510474320,101831108,,false,false,12,2023-04-01,2024-03-31,-1
2024-10-30,6971,2025-03-31,2,,,,,,,,,,,,,,,,,,,,,,,,,,,,,25.00,,,,,,,false,false,12,2024-04-01,2025-03-31,0
2024-10-30,6971,2025-03-31,2,,,,,,,,,,,,,,,,,,,,,,,,,,,,,50.00,,,,,,,false,true,12,2024-04-01,2025-03-31,0
2024-10-30,6971,2025-03-31,2,,,,,,,,,,,,,,,,,,,,,,,,,,,,,,,,,1510474320,101725281,1408696043,false,false,6,2024-04-01,2024-09-30,0
2024-10-30,6971,2024-03-31,2,,,,,,,,,,,,,,,,,,,,,,,,,,,,,,,,,,,1415602188,false,false,6,2023-04-01,2023-09-30,-1
2025-02-03,6971,2025-03-31,3,1492055000000,-0.000,,,,,12275000000,-0.846,,,,18331000000,,13.01,,,,,,4591686000000,,,,,,,,,,,,,,,,true,false,9,2024-04-01,2024-12-31,0
2025-02-03,6971,2024-03-31,3,1492672000000,-0.022,,,,,79844000000,-0.299,,,,90366000000,,63.94,,,,,,,,,,,,,,,,,,,,,,true,false,9,2023-04-01,2023-12-31,-1
2025-02-03,6971,2025-03-31,3,2000000000000,-0.002,,,,,21000000000,-0.774,,,,20000000000,,14.20,,,,,,,,,,,,,,,,,,,,,,true,true,12,2024-04-01,2025-03-31,0
2025-02-03,6971,2024-03-31,3,,,,,,,,,,,,,,,,,,,,4465376000000,,,,,,,,,,,,,,,,true,false,12,2023-04-01,2024-03-31,-1
2025-02-03,6971,2024-03-31,3,,,,,,,,,,,,,,,,,,,,,,,,,,,,,25.00,,,,1510474320,101831108,,false,false,12,2023-04-01,2024-03-31,-1
2025-02-03,6971,2025-03-31,3,,,,,,,,,,,,,,,,,,,,,,,,,,,,,25.00,,,,,,,false,false,12,2024-04-01,2025-03-31,0
2025-02-03,6971,2025-03-31,3,,,,,,,,,,,,,,,,,,,,,,,,,,,,,50.00,,,,,,,false,true,12,2024-04-01,2025-03-31,0
2025-02-03,6971,2025-03-31,3,,,,,,,,,,,,,,,,,,,,,,,,,,,,,,,,,1510474320,101726041,1408713549,false,false,9,2024-04-01,2024-12-31,0
2025-02-03,6971,2024-03-31,3,,,,,,,,,,,,,,,,,,,,,,,,,,,,,,,,,,,1413283088,false,false,9,2023-04-01,2023-12-31,-1
2025-05-14,6971,2025-03-31,,2014454000000,0.005,,,,,27299000000,-0.706,,,,24097000000,,17.11,,,,0.014,,4511307000000,,,,,237918000000,-150481000000,-64937000000,,,2.922,,,,,,true,false,12,2024-04-01,2025-03-31,0
2025-05-14,6971,2024-03-31,,2004221000000,-0.010,,,,,92923000000,-0.277,,,,101074000000,,71.58,,,,0.046,,4465376000000,,,,,269069000000,-158413000000,-82596000000,,,0.699,,,,,,true,false,12,2023-04-01,2024-03-31,-1
2025-05-14,6971,2026-03-31,,1900000000000,-0.057,,,,,55000000000,1.015,,,,70500000000,,50.05,,,,,,,,,,,,,,,,0.999,,,,,,true,true,12,2025-04-01,2026-03-31,1
2025-05-14,6971,2025-03-31,,802448000000,0.004,,,,,-18532000000,,59507000000,-0.348,44184000000,,-0.516,31.36,,,,,,3272155000000,2435960000000,0.744,1729.17,2435960000000,,,,,50.00,,,,1510474320,101726205,1408722207,false,false,12,2024-04-01,2025-03-31,0
2025-05-14,6971,2024-03-31,,799055000000,-0.067,,,,,-1271000000,,91203000000,-0.334,91204000000,,-0.195,64.59,,,,,,3273602000000,2439833000000,0.745,1732.04,2439833000000,,,,,25.00,,,,1510474320,101831108,1412123156,false,false,12,2023-04-01,2024-03-31,-1
2025-05-14,6971,2026-03-31,,,,,,,,,,,,,,,,,,,,,,,,,,,,,,50.00,,,,,,,false,true,12,2025-04-01,2026-03-31,1
2025-07-30,6971,2026-03-31,1,478038000000,-0.042,,,,,18550000000,-0.115,,,,37143000000,,26.37,,,,,,4568372000000,,,,,,,,,,,,,,,,true,false,3,2025-04-01,2025-06-30,0
2025-07-30,6971,2025-03-31,1,498868000000,0.041,,,,,20956000000,-0.184,,,,36797000000,,26.12,,,,,,,,,,,,,,,,,,,,,,true,false,3,2024-04-01,2024-06-30,-1
2025-07-30,6971,2026-03-31,1,1900000000000,-0.057,,,,,55000000000,1.015,,,,70500000000,,50.04,,,,,,,,,,,,,,,,,,,,,,true,true,12,2025-04-01,2026-03-31,0
2025-07-30,6971,2025-03-31,1,,,,,,,,,,,,,,,,,,,,4511307000000,,,,,,,,,,,,,,,,true,false,12,2024-04-01,2025-03-31,-1
2025-07-30,6971,2025-03-31,1,,,,,,,,,,,,,,,,,,,,,,,,,,,,,50.00,,,,1510474320,101726205,,false,false,12,2024-04-01,2025-03-31,-1
2025-07-30,6971,2026-03-31,1,,,,,,,,,,,,,,,,,,,,,,,,,,,,,50.00,,,,,,,false,true,12,2025-04-01,2026-03-31,0
2025-07-30,6971,2026-03-31,1,,,,,,,,,,,,,,,,,,,,,,,,,,,,,,,,,1510474320,101726373,1408748003,false,false,3,2025-04-01,2025-06-30,0
2025-07-30,6971,2025-03-31,1,,,,,,,,,,,,,,,,,,,,,,,,,,,,,,,,,,,1408642800,false,false,3,2024-04-01,2024-06-30,-1
