filing_date,code,fiscal_year_end,quarterly_period,net_sales,net_sales_change,revenue,revenue_change,operating_revenue,operating_revenue_change,operating_profit,operating_profit_change,ordinary_profit,ordinary_profit_change,net_income,net_income_of_parent,net_income_change,eps,diluted_eps,roe,roa,operating_profit_to_net_sales,operating_profit_to_revenue,total_assets,net_assets,equity_ratio,bps,owner_equity,operating_cash_flow,investing_cash_flow,financing_cash_flow,cash,dividend_per_share,payout_ratio,commemorative_dividend,extra_dividend,number_of_shares,number_of_treqsury_shares,avg_number_of_shares,is_consolidated,is_forecast,duration,period_start,period_end,period_pos
2015-05-13,69730,2015-03-31,,61262000000,0.051,,,,,514000000,0.176,384000000,0.024,182000000,,,6.00,,0.013,0.011,0.008,,36608000000,15100000000,0.412,495.12,15100000000,-259000000,-124000000,-1119000000,3680000000,,0.667,,,,,,true,false,12,2014-04-01,2015-03-31,0
2015-05-13,69730,2014-03-31,,58313000000,-0.003,,,,,436000000,-0.443,375000000,-0.328,-106000000,,,-3.49,,,0.011,0.007,,35088000000,13552000000,0.386,444.25,13552000000,-1001000000,-246000000,-348000000,5082000000,,,,,,,,true,false,12,2013-04-01,2014-03-31,-1
2015-05-13,69730,2016-03-31,,30000000000,-0.008,,,,,150000000,-0.478,100000000,-0.573,,70000000,,2.29,,,,,,,,,,,,,,,,,,,,,,true,true,6,2015-04-01,2015-09-30,1
2015-05-13,69730,2016-03-31,,61500000000,0.004,,,,,520000000,0.012,400000000,0.040,,200000000,,6.56,,,,,,,,,,,,,,,,0.610,,,,,,true,true,12,2015-04-01,2016-03-31,1
2015-05-13,69730,2015-03-31,,45971000000,0.068,,,,,17000000,-0.718,158000000,-0.617,118000000,,1.115,3.88,,,,,,31266000000,12976000000,0.415,425.49,12976000000,,,,,4.00,,,,31935458,1436957,30501746,false,false,12,2014-04-01,2015-03-31,0
2015-05-13,69730,2014-03-31,,43066000000,-0.104,,,,,63000000,,412000000,,55000000,,,1.83,,,,,,30119000000,11961000000,0.397,392.11,11961000000,,,,,4.00,,,,31935458,1430173,30508566,false,false,12,2013-04-01,2014-03-31,-1
2015-05-13,69730,2016-03-31,,23000000000,-0.017,,,,,100000000,-0.410,150000000,-0.495,115000000,,-0.512,3.77,,,,,,,,,,,,,,,,,,,,,,false,true,6,2015-04-01,2015-09-30,1
2015-05-13,69730,2016-03-31,,47000000000,0.022,,,,,350000000,,400000000,1.527,300000000,,1.535,9.84,,,,,,,,,,,,,,,4.00,,,,,,,false,true,12,2015-04-01,2016-03-31,1
2015-07-29,69730,2016-03-31,1,13172000000,-0.035,,,,,-169000000,,-168000000,,,-172000000,,-5.67,,,,,,36204000000,15103000000,0.417,,15103000000,,,,,,,,,,,,true,false,3,2015-04-01,2015-06-30,0
2015-07-29,69730,2015-03-31,1,13650000000,0.046,,,,,-291000000,,-303000000,,,-364000000,,-11.94,,,,,,,,,,,,,,,,,,,,,,true,false,3,2014-04-01,2014-06-30,-1
2015-07-29,69730,2016-03-31,1,30000000000,-0.008,,,,,150000000,-0.478,100000000,-0.573,,70000000,,2.29,,,,,,,,,,,,,,,,,,,,,,true,true,6,2015-04-01,2015-09-30,0
2015-07-29,69730,2016-03-31,1,61500000000,0.004,,,,,520000000,0.012,400000000,0.040,,200000000,,6.56,,,,,,,,,,,,,,,,,,,,,,true,true,12,2015-04-01,2016-03-31,0
2015-07-29,69730,2015-03-31,1,,,,,,,,,,,,,,,,,,,,36608000000,15100000000,0.412,,15100000000,,,,,,,,,,,,true,false,12,2014-04-01,2015-03-31,-1
2015-07-29,69730,2015-03-31,1,,,,,,,,,,,,,,,,,,,,,,,,,,,,,4.00,,,,31935458,1436957,,false,false,12,2014-04-01,2015-03-31,-1
2015-07-29,69730,2016-03-31,1,,,,,,,,,,,,,,,,,,,,,,,,,,,,,4.00,,,,,,,false,true,12,2015-04-01,2016-03-31,0
2015-07-29,69730,2016-03-31,1,,,,,,,,,,,,,,,,,,,,,,,,,,,,,,,,,31935458,1439043,30497525,false,false,3,2015-04-01,2015-06-30,0
2015-07-29,69730,2015-03-31,1,,,,,,,,,,,,,,,,,,,,,,,,,,,,,,,,,,,30505052,false,false,3,2014-04-01,2014-06-30,-1
2015-10-28,69730,2016-03-31,2,28011000000,-0.073,,,,,55000000,-0.807,44000000,-0.810,,-26000000,,-0.86,,,,,,36162000000,14677000000,0.406,,14677000000,,,,,,,,,,,,true,false,6,2015-04-01,2015-09-30,0
2015-10-28,69730,2015-03-31,2,30228000000,0.058,,,,,287000000,4.757,233000000,4.161,,135000000,,4.43,,,,,,,,,,,,,,,,,,,,,,true,false,6,2014-04-01,2014-09-30,-1
2015-10-28,69730,2016-03-31,2,56000000000,-0.086,,,,,250000000,-0.514,200000000,-0.480,,50000000,,1.64,,,,,,,,,,,,,,,,,,,,,,true,true,12,2015-04-01,2016-03-31,0
2015-10-28,69730,2015-03-31,2,,,,,,,,,,,,,,,,,,,,36608000000,15100000000,0.412,,15100000000,,,,,,,,,,,,true,false,12,2014-04-01,2015-03-31,-1
2015-10-28,69730,2015-03-31,2,,,,,,,,,,,,,,,,,,,,,,,,,,,,,4.00,,,,31935458,1436957,,false,false,12,2014-04-01,2015-03-31,-1
2015-10-28,69730,2016-03-31,2,,,,,,,,,,,,,,,,,,,,,,,,,,,,,2.00,,,,,,,false,false,12,2015-04-01,2016-03-31,0
2015-10-28,69730,2016-03-31,2,,,,,,,,,,,,,,,,,,,,,,,,,,,,,4.00,,,,,,,false,true,12,2015-04-01,2016-03-31,0
2015-10-28,69730,2016-03-31,2,,,,,,,,,,,,,,,,,,,,,,,,,,,,,,,,,31935458,1440555,30496550,false,false,6,2015-04-01,2015-09-30,0
2015-10-28,69730,2015-03-31,2,,,,,,,,,,,,,,,,,,,,,,,,,,,,,,,,,,,30503499,false,false,6,2014-04-01,2014-09-30,-1
2015-10-28,69730,2016-03-31,,28011000000,-0.066,,,,,55000000,-0.630,44000000,-0.556,,-26000000,,-0.86,,,,,,,,,,,,,,,,,,,,,,true,true,6,2015-04-01,2015-09-30,0
2015-10-28,69730,2015-03-31,,30228000000,,,,,,287000000,,233000000,,,135000000,,4.43,,,,,,,,,,,,,,,,,,,,,,true,false,6,2014-04-01,2014-09-30,-1
2015-10-28,69730,2016-03-31,,56000000000,-0.089,,,,,250000000,-0.519,200000000,-0.500,,50000000,,1.64,,,,,,,,,,,,,,,,,,,,,,true,true,12,2015-04-01,2016-03-31,0
2015-10-28,69730,2015-03-31,,61262000000,,,,,,514000000,,384000000,,,182000000,,6.00,,,,,,,,,,,,,,,,,,,,,,true,false,12,2014-04-01,2015-03-31,-1
2015-10-28,69730,2016-03-31,,21179000000,-0.079,,,,,-30000000,,158000000,0.056,115000000,,0.005,3.79,,,,,,,,,,,,,,,,,,,,,,false,true,6,2015-04-01,2015-09-30,0
2015-10-28,69730,2015-03-31,,23387000000,,,,,,169000000,,296000000,,235000000,,,7.73,,,,,,,,,,,,,,,,,,,,,,false,false,6,2014-04-01,2014-09-30,-1
2015-10-28,69730,2016-03-31,,42500000000,-0.096,,,,,100000000,-0.714,250000000,-0.375,200000000,,-0.333,6.56,,,,,,,,,,,,,,,,,,,,,,false,true,12,2015-04-01,2016-03-31,0
2015-10-28,69730,2015-03-31,,45971000000,,,,,,17000000,,158000000,,118000000,,,3.88,,,,,,,,,,,,,,,,,,,,,,false,false,12,2014-04-01,2015-03-31,-1
2016-01-28,69730,2016-03-31,3,40586000000,-0.098,,,,,-90000000,,-124000000,,,-200000000,,-6.57,,,,,,36164000000,14699000000,0.406,,14699000000,,,,,,,,,,,,true,false,9,2015-04-01,2015-12-31,0
2016-01-28,69730,2015-03-31,3,45012000000,0.046,,,,,-33000000,,-123000000,,,-171000000,,-5.62,,,,,,,,,,,,,,,,,,,,,,true,false,9,2014-04-01,2014-12-31,-1
2016-01-28,69730,2016-03-31,3,56000000000,-0.086,,,,,250000000,-0.514,200000000,-0.480,,50000000,,1.64,,,,,,,,,,,,,,,,,,,,,,true,true,12,2015-04-01,2016-03-31,0
2016-01-28,69730,2015-03-31,3,,,,,,,,,,,,,,,,,,,,36608000000,15100000000,0.412,,15100000000,,,,,,,,,,,,true,false,12,2014-04-01,2015-03-31,-1
2016-01-28,69730,2015-03-31,3,,,,,,,,,,,,,,,,,,,,,,,,,,,,,4.00,,,,31935458,1436957,,false,false,12,2014-04-01,2015-03-31,-1
2016-01-28,69730,2016-03-31,3,,,,,,,,,,,,,,,,,,,,,,,,,,,,,2.00,,,,,,,false,false,12,2015-04-01,2016-03-31,0
2016-01-28,69730,2016-03-31,3,,,,,,,,,,,,,,,,,,,,,,,,,,,,,4.00,,,,,,,false,true,12,2015-04-01,2016-03-31,0
2016-01-28,69730,2016-03-31,3,,,,,,,,,,,,,,,,,,,,,,,,,,,,,,,,,31935458,1442086,30495631,false,false,9,2015-04-01,2015-12-31,0
2016-01-28,69730,2015-03-31,3,,,,,,,,,,,,,,,,,,,,,,,,,,,,,,,,,,,30502672,false,false,9,2014-04-01,2014-12-31,-1
2016-04-26,69730,2016-03-31,,53777000000,-0.040,,,,,134000000,-0.463,68000000,-0.657,,-140000000,,-4.60,,,,,,,,,,,,,,,,,,,,,,true,true,12,2015-04-01,2016-03-31,0
2016-04-26,69730,2015-03-31,,61262000000,,,,,,514000000,,384000000,,,182000000,,6.00,,,,,,,,,,,,,,,,,,,,,,true,false,12,2014-04-01,2015-03-31,-1
2016-04-26,69730,2016-03-31,,41349000000,-0.027,,,,,-20000000,,177000000,-0.289,16000000,,-0.919,0.53,,,,,,,,,,,,,,,,,,,,,,false,true,12,2015-04-01,2016-03-31,0
2016-04-26,69730,2015-03-31,,45971000000,,,,,,17000000,,158000000,,118000000,,,3.88,,,,,,,,,,,,,,,,,,,,,,false,false,12,2014-04-01,2015-03-31,-1
2016-05-12,69730,2016-03-31,,53777000000,-0.122,,,,,134000000,-0.739,68000000,-0.822,,-140000000,,-4.60,,,0.002,0.002,,34453000000,14182000000,0.412,465.12,14182000000,-1853000000,-289000000,1165000000,2668000000,,,,,,,,true,false,12,2015-04-01,2016-03-31,0
2016-05-12,69730,2015-03-31,,61262000000,0.051,,,,,514000000,0.176,384000000,0.024,,182000000,,6.00,,0.013,0.011,0.008,,36608000000,15100000000,0.412,495.12,15100000000,-259000000,-124000000,-1119000000,3680000000,,0.667,,,,,,true,false,12,2014-04-01,2015-03-31,-1
2016-05-12,69730,2017-03-31,,28000000000,-0.000,,,,,100000000,0.804,100000000,1.255,,70000000,,2.30,,,,,,,,,,,,,,,,,,,,,,true,true,6,2016-04-01,2016-09-30,1
2016-05-12,69730,2017-03-31,,56000000000,0.041,,,,,300000000,1.233,250000000,2.641,,200000000,,6.56,,,,,,,,,,,,,,,,0.610,,,,,,true,true,12,2016-04-01,2017-03-31,1
2016-05-12,69730,2016-03-31,,41349000000,-0.101,,,,,-20000000,,177000000,0.123,16000000,,-0.864,0.53,,,,,,30588000000,12508000000,0.409,410.23,12508000000,,,,,4.00,,,,31935458,1443786,30494808,false,false,12,2015-04-01,2016-03-31,0
2016-05-12,69730,2015-03-31,,45971000000,0.068,,,,,17000000,-0.718,158000000,-0.617,118000000,,1.115,3.88,,,,,,31266000000,12976000000,0.415,425.49,12976000000,,,,,4.00,,,,31935458,1436957,30501746,false,false,12,2014-04-01,2015-03-31,-1
2016-05-12,69730,2017-03-31,,20000000000,-0.056,,,,,50000000,,50000000,-0.684,50000000,,-0.567,1.64,,,,,,,,,,,,,,,,,,,,,,false,true,6,2016-04-01,2016-09-30,1
2016-05-12,69730,2017-03-31,,43000000000,0.040,,,,,150000000,,200000000,0.125,150000000,,8.306,4.92,,,,,,,,,,,,,,,4.00,,,,,,,false,true,12,2016-04-01,2017-03-31,1
2016-07-28,69730,2017-03-31,1,11422000000,-0.133,,,,,-364000000,,-387000000,,,-545000000,,-17.88,,,,,,32260000000,13173000000,0.408,,13173000000,,,,,,,,,,,,true,false,3,2016-04-01,2016-06-30,0
2016-07-28,69730,2016-03-31,1,13172000000,-0.035,,,,,-169000000,,-168000000,,,-172000000,,-5.67,,,,,,,,,,,,,,,,,,,,,,true,false,3,2015-04-01,2015-06-30,-1
2016-07-28,69730,2017-03-31,1,28000000000,-0.000,,,,,100000000,0.804,100000000,1.255,,70000000,,2.30,,,,,,,,,,,,,,,,,,,,,,true,true,6,2016-04-01,2016-09-30,0
2016-07-28,69730,2017-03-31,1,56000000000,0.041,,,,,300000000,1.233,250000000,2.641,,200000000,,6.56,,,,,,,,,,,,,,,,,,,,,,true,true,12,2016-04-01,2017-03-31,0
2016-07-28,69730,2016-03-31,1,,,,,,,,,,,,,,,,,,,,34453000000,14182000000,0.412,,14182000000,,,,,,,,,,,,true,false,12,2015-04-01,2016-03-31,-1
2016-07-28,69730,2016-03-31,1,,,,,,,,,,,,,,,,,,,,,,,,,,,,,4.00,,,,31935458,1443786,,false,false,12,2015-04-01,2016-03-31,-1
2016-07-28,69730,2017-03-31,1,,,,,,,,,,,,,,,,,,,,,,,,,,,,,4.00,,,,,,,false,true,12,2016-04-01,2017-03-31,0
2016-07-28,69730,2017-03-31,1,,,,,,,,,,,,,,,,,,,,,,,,,,,,,,,,,31935458,1444327,30491403,false,false,3,2016-04-01,2016-06-30,0
2016-07-28,69730,2016-03-31,1,,,,,,,,,,,,,,,,,,,,,,,,,,,,,,,,,,,30497525,false,false,3,2015-04-01,2015-06-30,-1
2016-10-28,69730,2017-03-31,2,25347000000,-0.095,,,,,-4000000,,-74000000,,,-90000000,,-2.95,,,,,,35130000000,13600000000,0.387,,13600000000,,,,,,,,,,,,true,false,6,2016-04-01,2016-09-30,0
2016-10-28,69730,2016-03-31,2,28011000000,-0.073,,,,,55000000,-0.807,44000000,-0.810,,-26000000,,-0.86,,,,,,,,,,,,,,,,,,,,,,true,false,6,2015-04-01,2015-09-30,-1
2016-10-28,69730,2017-03-31,2,52000000000,-0.033,,,,,200000000,0.489,100000000,0.456,,50000000,,1.64,,,,,,,,,,,,,,,,,,,,,,true,true,12,2016-04-01,2017-03-31,0
2016-10-28,69730,2016-03-31,2,,,,,,,,,,,,,,,,,,,,34453000000,14182000000,0.412,,14182000000,,,,,,,,,,,,true,false,12,2015-04-01,2016-03-31,-1
2016-10-28,69730,2016-03-31,2,,,,,,,,,,,,,,,,,,,,,,,,,,,,,4.00,,,,31935458,1443786,,false,false,12,2015-04-01,2016-03-31,-1
2016-10-28,69730,2017-03-31,2,,,,,,,,,,,,,,,,,,,,,,,,,,,,,2.00,,,,,,,false,false,12,2016-04-01,2017-03-31,0
2016-10-28,69730,2017-03-31,2,,,,,,,,,,,,,,,,,,,,,,,,,,,,,4.00,,,,,,,false,true,12,2016-04-01,2017-03-31,0
2016-10-28,69730,2017-03-31,2,,,,,,,,,,,,,,,,,,,,,,,,,,,,,,,,,31935458,1444648,30491123,false,false,6,2016-04-01,2016-09-30,0
2016-10-28,69730,2016-03-31,2,,,,,,,,,,,,,,,,,,,,,,,,,,,,,,,,,,,30496550,false,false,6,2015-04-01,2015-09-30,-1
2016-10-28,69730,2017-03-31,,25347000000,-0.095,,,,,-4000000,,-74000000,,,-90000000,,-2.95,,,,,,,,,,,,,,,,,,,,,,true,true,6,2016-04-01,2016-09-30,0
2016-10-28,69730,2016-03-31,,28011000000,,,,,,55000000,,44000000,,,-26000000,,-0.86,,,,,,,,,,,,,,,,,,,,,,true,false,6,2015-04-01,2015-09-30,-1
2016-10-28,69730,2017-03-31,,52000000000,-0.071,,,,,200000000,-0.333,100000000,-0.600,,50000000,,1.64,,,,,,,,,,,,,,,,,,,,,,true,true,12,2016-04-01,2017-03-31,0
2016-10-28,69730,2016-03-31,,53777000000,,,,,,134000000,,68000000,,,-140000000,,-4.60,,,,,,,,,,,,,,,,,,,,,,true,false,12,2015-04-01,2016-03-31,-1
2016-10-28,69730,2017-03-31,,19744000000,-0.013,,,,,-110000000,,-77000000,,1000000,,-0.968,0.05,,,,,,,,,,,,,,,,,,,,,,false,true,6,2016-04-01,2016-09-30,0
2016-10-28,69730,2016-03-31,,21179000000,,,,,,-30000000,,158000000,,115000000,,,3.79,,,,,,,,,,,,,,,,,,,,,,false,false,6,2015-04-01,2015-09-30,-1
2016-10-28,69730,2017-03-31,,40000000000,-0.070,,,,,10000000,-0.933,50000000,-0.750,100000000,,-0.333,3.28,,,,,,,,,,,,,,,,,,,,,,false,true,12,2016-04-01,2017-03-31,0
2016-10-28,69730,2016-03-31,,41349000000,,,,,,-20000000,,177000000,,16000000,,,0.53,,,,,,,,,,,,,,,,,,,,,,false,false,12,2015-04-01,2016-03-31,-1
2017-01-30,69730,2017-03-31,3,38811000000,-0.044,,,,,-159000000,,-227000000,,,-233000000,,-7.67,,,,,,37267000000,14066000000,0.377,,14066000000,,,,,,,,,,,,true,false,9,2016-04-01,2016-12-31,0
2017-01-30,69730,2016-03-31,3,40586000000,-0.098,,,,,-90000000,,-124000000,,,-200000000,,-6.57,,,,,,,,,,,,,,,,,,,,,,true,false,9,2015-04-01,2015-12-31,-1
2017-01-30,69730,2017-03-31,3,52000000000,-0.033,,,,,200000000,0.489,100000000,0.456,,50000000,,1.64,,,,,,,,,,,,,,,,,,,,,,true,true,12,2016-04-01,2017-03-31,0
2017-01-30,69730,2016-03-31,3,,,,,,,,,,,,,,,,,,,,34453000000,14182000000,0.412,,14182000000,,,,,,,,,,,,true,false,12,2015-04-01,2016-03-31,-1
2017-01-30,69730,2016-03-31,3,,,,,,,,,,,,,,,,,,,,,,,,,,,,,4.00,,,,31935458,1443786,,false,false,12,2015-04-01,2016-03-31,-1
2017-01-30,69730,2017-03-31,3,,,,,,,,,,,,,,,,,,,,,,,,,,,,,2.00,,,,,,,false,false,12,2016-04-01,2017-03-31,0
2017-01-30,69730,2017-03-31,3,,,,,,,,,,,,,,,,,,,,,,,,,,,,,4.00,,,,,,,false,true,12,2016-04-01,2017-03-31,0
2017-01-30,69730,2017-03-31,3,,,,,,,,,,,,,,,,,,,,,,,,,,,,,,,,,31935458,1447227,30490517,false,false,9,2016-04-01,2016-12-31,0
2017-01-30,69730,2016-03-31,3,,,,,,,,,,,,,,,,,,,,,,,,,,,,,,,,,,,30495631,false,false,9,2015-04-01,2015-12-31,-1
2017-04-27,69730,2017-03-31,,53369000000,0.026,,,,,259000000,0.295,168000000,0.684,,96000000,,3.16,,,,,,,,,,,,,,,,,,,,,,true,true,12,2016-04-01,2017-03-31,0
2017-04-27,69730,2016-03-31,,53777000000,,,,,,134000000,,68000000,,,-140000000,,-4.60,,,,,,,,,,,,,,,,,,,,,,true,false,12,2015-04-01,2016-03-31,-1
2017-04-27,69730,2017-03-31,,40592000000,0.015,,,,,-62000000,,61000000,0.227,135000000,,0.354,4.44,,,,,,,,,,,,,,,,,,,,,,false,true,12,2016-04-01,2017-03-31,0
2017-04-27,69730,2016-03-31,,41349000000,,,,,,-20000000,,177000000,,16000000,,,0.53,,,,,,,,,,,,,,,,,,,,,,false,false,12,2015-04-01,2016-03-31,-1
2017-05-12,69730,2017-03-31,,53369000000,-0.008,,,,,259000000,0.928,168000000,1.453,,96000000,,3.16,,0.007,0.005,0.005,,35841000000,14400000000,0.402,472.38,14400000000,926000000,-361000000,-58000000,3156000000,,1.266,,,,,,true,false,12,2016-04-01,2017-03-31,0
2017-05-12,69730,2016-03-31,,53777000000,-0.122,,,,,134000000,-0.739,68000000,-0.822,,-140000000,,-4.60,,,0.002,0.002,,34453000000,14182000000,0.412,465.12,14182000000,-1853000000,-289000000,1165000000,2668000000,,,,,,,,true,false,12,2015-04-01,2016-03-31,-1
2017-05-12,69730,2018-03-31,,27000000000,0.065,,,,,90000000,,40000000,,,10000000,,0.33,,,,,,,,,,,,,,,,,,,,,,true,true,6,2017-04-01,2017-09-30,1
2017-05-12,69730,2018-03-31,,55000000000,0.031,,,,,300000000,0.158,200000000,0.188,,100000000,,32.80,,,,,,,,,,,,,,,,1.829,,,,,,true,true,12,2017-04-01,2018-03-31,1
2017-05-12,69730,2017-03-31,,40592000000,-0.018,,,,,-62000000,,61000000,-0.655,135000000,,7.400,4.44,,,,,,31595000000,12753000000,0.404,418.34,12753000000,,,,,4.00,,,,31935458,1449128,30489578,false,false,12,2016-04-01,2017-03-31,0
2017-05-12,69730,2016-03-31,,41349000000,-0.101,,,,,-20000000,,177000000,0.123,16000000,,-0.864,0.53,,,,,,30588000000,12508000000,0.409,410.23,12508000000,,,,,4.00,,,,31935458,1443786,30494808,false,false,12,2015-04-01,2016-03-31,-1
2017-05-12,69730,2018-03-31,,,,,,,,,,,,,,,,,,,,,,,,,,,,,,30.00,,,,,,,false,true,12,2017-04-01,2018-03-31,1
2017-07-28,69730,2018-03-31,1,12476000000,0.092,,,,,-220000000,,-206000000,,,-231000000,,-7.58,,,,,,34326000000,14230000000,0.415,,14230000000,,,,,,,,,,,,true,false,3,2017-04-01,2017-06-30,0
2017-07-28,69730,2017-03-31,1,11422000000,-0.133,,,,,-364000000,,-387000000,,,-545000000,,-17.88,,,,,,,,,,,,,,,,,,,,,,true,false,3,2016-04-01,2016-06-30,-1
2017-07-28,69730,2018-03-31,1,27000000000,0.065,,,,,90000000,,40000000,,,10000000,,0.33,,,,,,,,,,,,,,,,,,,,,,true,true,6,2017-04-01,2017-09-30,0
2017-07-28,69730,2018-03-31,1,55000000000,0.031,,,,,300000000,0.158,200000000,0.188,,100000000,,32.80,,,,,,,,,,,,,,,,,,,,,,true,true,12,2017-04-01,2018-03-31,0
2017-07-28,69730,2017-03-31,1,,,,,,,,,,,,,,,,,,,,35841000000,14400000000,0.402,,14400000000,,,,,,,,,,,,true,false,12,2016-04-01,2017-03-31,-1
2017-07-28,69730,2017-03-31,1,,,,,,,,,,,,,,,,,,,,,,,,,,,,,4.00,,,,31935458,1449128,,false,false,12,2016-04-01,2017-03-31,-1
2017-07-28,69730,2018-03-31,1,,,,,,,,,,,,,,,,,,,,,,,,,,,,,30.00,,,,,,,false,true,12,2017-04-01,2018-03-31,0
2017-07-28,69730,2018-03-31,1,,,,,,,,,,,,,,,,,,,,,,,,,,,,,,,,,31935458,1449870,30486082,false,false,3,2017-04-01,2017-06-30,0
2017-07-28,69730,2017-03-31,1,,,,,,,,,,,,,,,,,,,,,,,,,,,,,,,,,,,30491403,false,false,3,2016-04-01,2016-06-30,-1
2017-10-30,69730,2018-03-31,2,26822000000,0.058,,,,,85000000,,98000000,,,75000000,,24.61,,,,,,38673000000,14703000000,0.380,,14703000000,,,,,,,,,,,,true,false,6,2017-04-01,2017-09-30,0
2017-10-30,69730,2017-03-31,2,25347000000,-0.095,,,,,-4000000,,-74000000,,,-90000000,,-29.53,,,,,,,,,,,,,,,,,,,,,,true,false,6,2016-04-01,2016-09-30,-1
2017-10-30,69730,2018-03-31,2,55000000000,0.031,,,,,300000000,0.158,200000000,0.188,,100000000,,32.80,,,,,,,,,,,,,,,,,,,,,,true,true,12,2017-04-01,2018-03-31,0
2017-10-30,69730,2017-03-31,2,,,,,,,,,,,,,,,,,,,,35841000000,14400000000,0.402,,14400000000,,,,,,,,,,,,true,false,12,2016-04-01,2017-03-31,-1
2017-10-30,69730,2017-03-31,2,,,,,,,,,,,,,,,,,,,,,,,,,,,,,4.00,,,,3193545,144912,,false,false,12,2016-04-01,2017-03-31,-1
2017-10-30,69730,2018-03-31,2,,,,,,,,,,,,,,,,,,,,,,,,,,,,,3.00,,,,,,,false,false,12,2017-04-01,2018-03-31,0
2017-10-30,69730,2018-03-31,2,,,,,,,,,,,,,,,,,,,,,,,,,,,,,30.00,,,,,,,false,true,12,2017-04-01,2018-03-31,0
2017-10-30,69730,2018-03-31,2,,,,,,,,,,,,,,,,,,,,,,,,,,,,,,,,,3193545,145189,3048520,false,false,6,2017-04-01,2017-09-30,0
2017-10-30,69730,2017-03-31,2,,,,,,,,,,,,,,,,,,,,,,,,,,,,,,,,,,,3049112,false,false,6,2016-04-01,2016-09-30,-1
2017-10-30,69730,2018-03-31,,26822000000,-0.007,,,,,85000000,-0.048,98000000,1.462,,75000000,,24.61,,,,,,,,,,,,,,,,,,,,,,true,true,6,2017-04-01,2017-09-30,0
2017-10-30,69730,2017-03-31,,25347000000,,,,,,-4000000,,-74000000,,,-90000000,,-29.53,,,,,,,,,,,,,,,,,,,,,,true,false,6,2016-04-01,2016-09-30,-1
2018-01-30,69730,2018-03-31,3,40250000000,0.037,,,,,-33000000,,-2000000,,,-8000000,,-2.85,,,,,,38341000000,14825000000,0.387,,14825000000,,,,,,,,,,,,true,false,9,2017-04-01,2017-12-31,0
2018-01-30,69730,2017-03-31,3,38811000000,-0.044,,,,,-159000000,,-227000000,,,-233000000,,-76.70,,,,,,,,,,,,,,,,,,,,,,true,false,9,2016-04-01,2016-12-31,-1
2018-01-30,69730,2018-03-31,3,55000000000,0.031,,,,,300000000,0.158,200000000,0.188,,100000000,,32.80,,,,,,,,,,,,,,,,,,,,,,true,true,12,2017-04-01,2018-03-31,0
2018-01-30,69730,2017-03-31,3,,,,,,,,,,,,,,,,,,,,35841000000,14400000000,0.402,,14400000000,,,,,,,,,,,,true,false,12,2016-04-01,2017-03-31,-1
2018-01-30,69730,2017-03-31,3,,,,,,,,,,,,,,,,,,,,,,,,,,,,,4.00,,,,3193545,144912,,false,false,12,2016-04-01,2017-03-31,-1
2018-01-30,69730,2018-03-31,3,,,,,,,,,,,,,,,,,,,,,,,,,,,,,3.00,,,,,,,false,false,12,2017-04-01,2018-03-31,0
2018-01-30,69730,2018-03-31,3,,,,,,,,,,,,,,,,,,,,,,,,,,,,,30.00,,,,,,,false,true,12,2017-04-01,2018-03-31,0
2018-01-30,69730,2018-03-31,3,,,,,,,,,,,,,,,,,,,,,,,,,,,,,,,,,3193545,145427,3048398,false,false,9,2017-04-01,2017-12-31,0
2018-01-30,69730,2017-03-31,3,,,,,,,,,,,,,,,,,,,,,,,,,,,,,,,,,,,3049051,false,false,9,2016-04-01,2016-12-31,-1
2018-03-29,69730,2018-03-31,,55000000000,0.000,,,,,100000000,-0.667,100000000,-0.500,,40000000,,13.12,,,,,,,,,,,,,,,,,,,,,,true,true,12,2017-04-01,2018-03-31,0
2018-03-29,69730,2017-03-31,,53369000000,,,,,,259000000,,168000000,,,96000000,,31.63,,,,,,,,,,,,,,,,,,,,,,true,false,12,2016-04-01,2017-03-31,-1
2018-04-27,69730,2018-03-31,,54834000000,-0.003,,,,,182000000,0.826,190000000,0.901,,152000000,,50.17,,,,,,,,,,,,,,,,,,,,,,true,true,12,2017-04-01,2018-03-31,0
2018-04-27,69730,2017-03-31,,53369000000,,,,,,259000000,,168000000,,,96000000,,31.63,,,,,,,,,,,,,,,,,,,,,,true,false,12,2016-04-01,2017-03-31,-1
2018-05-11,69730,2018-03-31,,54834000000,0.027,,,,,182000000,-0.295,190000000,0.129,,152000000,,50.17,,0.011,0.005,0.003,,37656000000,14658000000,0.389,4809.15,14658000000,-158000000,-79000000,39000000,2960000000,,1.196,,,,,,true,false,12,2017-04-01,2018-03-31,0
2018-05-11,69730,2017-03-31,,53369000000,-0.008,,,,,259000000,0.928,168000000,1.453,,96000000,,31.63,,0.007,0.005,0.005,,35841000000,14400000000,0.402,4723.75,14400000000,926000000,-361000000,-58000000,3156000000,,1.266,,,,,,true,false,12,2016-04-01,2017-03-31,-1
2018-05-11,69730,2019-03-31,,30000000000,0.118,,,,,50000000,-0.417,30000000,-0.695,,20000000,,6.56,,,,,,,,,,,,,,,,,,,,,,true,true,6,2018-04-01,2018-09-30,1
2018-05-11,69730,2019-03-31,,60000000000,0.094,,,,,250000000,0.369,200000000,0.052,,160000000,,52.49,,,,,,,,,,,,,,,,0.762,,,,,,true,true,12,2018-04-01,2019-03-31,1
2018-05-11,69730,2018-03-31,,41821000000,0.030,,,,,-6000000,,116000000,0.892,125000000,,-0.076,41.06,,,,,,33041000000,12962000000,0.392,4252.81,12962000000,,,,,30.00,,,,3193545,145508,3048311,false,false,12,2017-04-01,2018-03-31,0
2018-05-11,69730,2017-03-31,,40592000000,-0.018,,,,,-62000000,,61000000,-0.655,135000000,,7.400,44.41,,,,,,31595000000,12753000000,0.404,4183.37,12753000000,,,,,4.00,,,,3193545,144912,3048957,false,false,12,2016-04-01,2017-03-31,-1
2018-05-11,69730,2019-03-31,,,,,,,,,,,,,,,,,,,,,,,,,,,,,,40.00,,,,,,,false,true,12,2018-04-01,2019-03-31,1
2018-07-27,69730,2019-03-31,1,14076000000,0.128,,,,,-177000000,,-130000000,,,-160000000,,-52.75,,,,,,37248000000,14269000000,0.383,,14269000000,,,,,,,,,,,,true,false,3,2018-04-01,2018-06-30,0
2018-07-27,69730,2018-03-31,1,12476000000,0.092,,,,,-220000000,,-206000000,,,-231000000,,-75.83,,,,,,,,,,,,,,,,,,,,,,true,false,3,2017-04-01,2017-06-30,-1
2018-07-27,69730,2019-03-31,1,30000000000,0.118,,,,,50000000,-0.417,30000000,-0.695,,20000000,,6.56,,,,,,,,,,,,,,,,,,,,,,true,true,6,2018-04-01,2018-09-30,0
2018-07-27,69730,2019-03-31,1,60000000000,0.094,,,,,250000000,0.369,200000000,0.052,,160000000,,52.49,,,,,,,,,,,,,,,,,,,,,,true,true,12,2018-04-01,2019-03-31,0
2018-07-27,69730,2018-03-31,1,,,,,,,,,,,,,,,,,,,,37593000000,14658000000,0.389,,14658000000,,,,,,,,,,,,true,false,12,2017-04-01,2018-03-31,-1
2018-07-27,69730,2018-03-31,1,,,,,,,,,,,,,,,,,,,,,,,,,,,,,30.00,,,,3193545,145508,,false,false,12,2017-04-01,2018-03-31,-1
2018-07-27,69730,2019-03-31,1,,,,,,,,,,,,,,,,,,,,,,,,,,,,,40.00,,,,,,,false,true,12,2018-04-01,2019-03-31,0
2018-07-27,69730,2019-03-31,1,,,,,,,,,,,,,,,,,,,,,,,,,,,,,,,,,3193545,145568,3048003,false,false,3,2018-04-01,2018-06-30,0
2018-07-27,69730,2018-03-31,1,,,,,,,,,,,,,,,,,,,,,,,,,,,,,,,,,,,3048608,false,false,3,2017-04-01,2017-06-30,-1
2018-11-02,69730,2019-03-31,,28865000000,-0.038,,,,,133000000,1.672,139000000,3.636,,-142000000,,-46.86,,,,,,,,,,,,,,,,,,,,,,true,true,6,2018-04-01,2018-09-30,0
2018-11-02,69730,2018-03-31,,26822000000,,,,,,85000000,,98000000,,,75000000,,24.61,,,,,,,,,,,,,,,,,,,,,,true,false,6,2017-04-01,2017-09-30,-1
2018-11-02,69730,2019-03-31,,60000000000,0.000,,,,,170000000,-0.320,120000000,-0.400,,-150000000,,-49.21,,,,,,,,,,,,,,,,,,,,,,true,true,12,2018-04-01,2019-03-31,0
2018-11-02,69730,2018-03-31,,54834000000,,,,,,182000000,,190000000,,,152000000,,50.17,,,,,,,,,,,,,,,,,,,,,,true,false,12,2017-04-01,2018-03-31,-1
2018-11-13,69730,2019-03-31,2,28865000000,0.076,,,,,133000000,0.559,139000000,0.412,,-142000000,,-46.86,,,,,,37808000000,14311000000,0.379,,14311000000,,,,,,,,,,,,true,false,6,2018-04-01,2018-09-30,0
2018-11-13,69730,2018-03-31,2,26822000000,0.058,,,,,85000000,,98000000,,,75000000,,24.61,,,,,,,,,,,,,,,,,,,,,,true,false,6,2017-04-01,2017-09-30,-1
2018-11-13,69730,2019-03-31,2,60000000000,0.094,,,,,170000000,-0.069,120000000,-0.369,,-150000000,,-49.21,,,,,,,,,,,,,,,,,,,,,,true,true,12,2018-04-01,2019-03-31,0
2018-11-13,69730,2018-03-31,2,,,,,,,,,,,,,,,,,,,,37593000000,14658000000,0.389,,14658000000,,,,,,,,,,,,true,false,12,2017-04-01,2018-03-31,-1
2018-11-13,69730,2018-03-31,2,,,,,,,,,,,,,,,,,,,,,,,,,,,,,30.00,,,,3193545,145508,,false,false,12,2017-04-01,2018-03-31,-1
2018-11-13,69730,2019-03-31,2,,,,,,,,,,,,,,,,,,,,,,,,,,,,,20.00,,,,,,,false,false,12,2018-04-01,2019-03-31,0
2018-11-13,69730,2019-03-31,2,,,,,,,,,,,,,,,,,,,,,,,,,,,,,40.00,,,,,,,false,true,12,2018-04-01,2019-03-31,0
2018-11-13,69730,2019-03-31,2,,,,,,,,,,,,,,,,,,,,,,,,,,,,,,,,,3193545,145629,3047960,false,false,6,2018-04-01,2018-09-30,0
2018-11-13,69730,2018-03-31,2,,,,,,,,,,,,,,,,,,,,,,,,,,,,,,,,,,,3048520,false,false,6,2017-04-01,2017-09-30,-1
2019-01-30,69730,2019-03-31,3,42892000000,0.066,,,,,63000000,,55000000,,,-188000000,,-61.71,,,,,,36012000000,13651000000,0.379,,13651000000,,,,,,,,,,,,true,false,9,2018-04-01,2018-12-31,0
2019-01-30,69730,2018-03-31,3,40250000000,0.037,,,,,-33000000,,-2000000,,,-8000000,,-2.85,,,,,,,,,,,,,,,,,,,,,,true,false,9,2017-04-01,2017-12-31,-1
2019-01-30,69730,2019-03-31,3,60000000000,0.094,,,,,170000000,-0.069,120000000,-0.369,,-150000000,,-49.21,,,,,,,,,,,,,,,,,,,,,,true,true,12,2018-04-01,2019-03-31,0
2019-01-30,69730,2018-03-31,3,,,,,,,,,,,,,,,,,,,,37593000000,14658000000,0.389,,14658000000,,,,,,,,,,,,true,false,12,2017-04-01,2018-03-31,-1
2019-01-30,69730,2018-03-31,3,,,,,,,,,,,,,,,,,,,,,,,,,,,,,30.00,,,,3193545,145508,,false,false,12,2017-04-01,2018-03-31,-1
2019-01-30,69730,2019-03-31,3,,,,,,,,,,,,,,,,,,,,,,,,,,,,,20.00,,,,,,,false,false,12,2018-04-01,2019-03-31,0
2019-01-30,69730,2019-03-31,3,,,,,,,,,,,,,,,,,,,,,,,,,,,,,40.00,,,,,,,false,true,12,2018-04-01,2019-03-31,0
2019-01-30,69730,2019-03-31,3,,,,,,,,,,,,,,,,,,,,,,,,,,,,,,,,,3193545,145685,3047933,false,false,9,2018-04-01,2018-12-31,0
2019-01-30,69730,2018-03-31,3,,,,,,,,,,,,,,,,,,,,,,,,,,,,,,,,,,,3048398,false,false,9,2017-04-01,2017-12-31,-1
2019-04-25,69730,2019-03-31,,57534000000,-0.041,,,,,288000000,0.698,250000000,1.084,,-385000000,,-126.33,,,,,,,,,,,,,,,,,,,,,,true,true,12,2018-04-01,2019-03-31,0
2019-04-25,69730,2018-03-31,,54834000000,,,,,,182000000,,190000000,,,152000000,,50.17,,,,,,,,,,,,,,,,,,,,,,true,false,12,2017-04-01,2018-03-31,-1
2019-05-14,69730,2019-03-31,,57534000000,0.049,,,,,288000000,0.581,250000000,0.316,,-385000000,,-126.33,,-0.027,0.007,0.005,,36405000000,13532000000,0.372,4439.99,13532000000,792000000,210000000,-535000000,3415000000,,,,,,,,true,false,12,2018-04-01,2019-03-31,0
2019-05-14,69730,2018-03-31,,54834000000,0.027,,,,,182000000,-0.295,190000000,0.129,,152000000,,50.17,,0.011,0.005,0.003,,37593000000,14658000000,0.389,4809.15,14658000000,-158000000,-79000000,39000000,2960000000,,1.196,,,,,,true,false,12,2017-04-01,2018-03-31,-1
2019-05-14,69730,2020-03-31,,29000000000,0.005,,,,,125000000,-0.064,105000000,-0.245,,45000000,,14.76,,,,,,,,,,,,,,,,,,,,,,true,true,6,2019-04-01,2019-09-30,1
2019-05-14,69730,2020-03-31,,60000000000,0.043,,,,,400000000,0.385,350000000,0.400,,200000000,,65.62,,,,,,,,,,,,,,,,0.610,,,,,,true,true,12,2019-04-01,2020-03-31,1
2019-05-14,69730,2019-03-31,,44351000000,0.061,,,,,436000000,,568000000,3.896,101000000,,-0.188,33.37,,,,,,31913000000,12331000000,0.386,4046.07,12331000000,,,,,40.00,,,,3193545,145755,3047899,false,false,12,2018-04-01,2019-03-31,0
2019-05-14,69730,2018-03-31,,41821000000,0.030,,,,,-6000000,,116000000,0.892,125000000,,-0.076,41.06,,,,,,32994000000,12962000000,0.392,4252.81,12962000000,,,,,30.00,,,,3193545,145508,3048311,false,false,12,2017-04-01,2018-03-31,-1
2019-05-14,69730,2020-03-31,,,,,,,,,,,,,,,,,,,,,,,,,,,,,,40.00,,,,,,,false,true,12,2019-04-01,2020-03-31,1
2019-05-14,69730,2019-03-31,,57534000000,0.049,,,,,288000000,0.581,250000000,0.316,,-385000000,,-126.33,,-0.027,0.007,0.005,,36428000000,13548000000,0.372,4445.26,13548000000,792000000,210000000,-535000000,3415000000,,,,,,,,true,false,12,2018-04-01,2019-03-31,0
2019-05-14,69730,2018-03-31,,54834000000,0.027,,,,,182000000,-0.295,190000000,0.129,,152000000,,50.17,,0.011,0.005,0.003,,37593000000,14658000000,0.389,4809.15,14658000000,-158000000,-79000000,39000000,2960000000,,1.196,,,,,,true,false,12,2017-04-01,2018-03-31,-1
2019-05-14,69730,2020-03-31,,29000000000,0.005,,,,,125000000,-0.064,105000000,-0.245,,45000000,,14.76,,,,,,,,,,,,,,,,,,,,,,true,true,6,2019-04-01,2019-09-30,1
2019-05-14,69730,2020-03-31,,60000000000,0.043,,,,,400000000,0.385,350000000,0.400,,200000000,,65.62,,,,,,,,,,,,,,,,0.610,,,,,,true,true,12,2019-04-01,2020-03-31,1
2019-05-14,69730,2019-03-31,,44351000000,0.061,,,,,436000000,,568000000,3.896,101000000,,-0.188,33.37,,,,,,31936000000,12347000000,0.387,4051.34,12347000000,,,,,40.00,,,,3193545,145755,3047899,false,false,12,2018-04-01,2019-03-31,0
2019-05-14,69730,2018-03-31,,41821000000,0.030,,,,,-6000000,,116000000,0.892,125000000,,-0.076,41.06,,,,,,32994000000,12962000000,0.392,4252.81,12962000000,,,,,30.00,,,,3193545,145508,3048311,false,false,12,2017-04-01,2018-03-31,-1
2019-05-14,69730,2020-03-31,,,,,,,,,,,,,,,,,,,,,,,,,,,,,,40.00,,,,,,,false,true,12,2019-04-01,2020-03-31,1
2019-07-30,69730,2020-03-31,1,13655000000,-0.030,,,,,-142000000,,-135000000,,,-162000000,,-53.31,,,,,,36148000000,13283000000,0.367,,13283000000,,,,,,,,,,,,true,false,3,2019-04-01,2019-06-30,0
2019-07-30,69730,2019-03-31,1,14076000000,0.128,,,,,-177000000,,-130000000,,,-160000000,,-52.75,,,,,,,,,,,,,,,,,,,,,,true,false,3,2018-04-01,2018-06-30,-1
2019-07-30,69730,2020-03-31,1,29000000000,0.005,,,,,125000000,-0.064,105000000,-0.245,,45000000,,14.76,,,,,,,,,,,,,,,,,,,,,,true,true,6,2019-04-01,2019-09-30,0
2019-07-30,69730,2020-03-31,1,60000000000,0.043,,,,,400000000,0.385,350000000,0.400,,200000000,,65.62,,,,,,,,,,,,,,,,,,,,,,true,true,12,2019-04-01,2020-03-31,0
2019-07-30,69730,2019-03-31,1,,,,,,,,,,,,,,,,,,,,36428000000,13548000000,0.372,,13548000000,,,,,,,,,,,,true,false,12,2018-04-01,2019-03-31,-1
2019-07-30,69730,2019-03-31,1,,,,,,,,,,,,,,,,,,,,,,,,,,,,,40.00,,,,3193545,145755,,false,false,12,2018-04-01,2019-03-31,-1
2019-07-30,69730,2020-03-31,1,,,,,,,,,,,,,,,,,,,,,,,,,,,,,40.00,,,,,,,false,true,12,2019-04-01,2020-03-31,0
2019-07-30,69730,2020-03-31,1,,,,,,,,,,,,,,,,,,,,,,,,,,,,,,,,,3193545,145825,3047720,false,false,3,2019-04-01,2019-06-30,0
2019-07-30,69730,2019-03-31,1,,,,,,,,,,,,,,,,,,,,,,,,,,,,,,,,,,,3048003,false,false,3,2018-04-01,2018-06-30,-1
2019-10-30,69730,2020-03-31,2,28826000000,-0.001,,,,,262000000,0.968,235000000,0.694,,288000000,,94.51,,,,,,35748000000,13765000000,0.385,,13765000000,,,,,,,,,,,,true,false,6,2019-04-01,2019-09-30,0
2019-10-30,69730,2019-03-31,2,28865000000,0.076,,,,,133000000,0.559,139000000,0.412,,-142000000,,-46.86,,,,,,,,,,,,,,,,,,,,,,true,false,6,2018-04-01,2018-09-30,-1
2019-10-30,69730,2020-03-31,2,60000000000,0.043,,,,,400000000,0.385,350000000,0.400,,200000000,,65.62,,,,,,,,,,,,,,,,,,,,,,true,true,12,2019-04-01,2020-03-31,0
2019-10-30,69730,2019-03-31,2,,,,,,,,,,,,,,,,,,,,36428000000,13548000000,0.372,,13548000000,,,,,,,,,,,,true,false,12,2018-04-01,2019-03-31,-1
2019-10-30,69730,2019-03-31,2,,,,,,,,,,,,,,,,,,,,,,,,,,,,,40.00,,,,3193545,145755,,false,false,12,2018-04-01,2019-03-31,-1
2019-10-30,69730,2020-03-31,2,,,,,,,,,,,,,,,,,,,,,,,,,,,,,20.00,,,,,,,false,false,12,2019-04-01,2020-03-31,0
2019-10-30,69730,2020-03-31,2,,,,,,,,,,,,,,,,,,,,,,,,,,,,,40.00,,,,,,,false,true,12,2019-04-01,2020-03-31,0
2019-10-30,69730,2020-03-31,2,,,,,,,,,,,,,,,,,,,,,,,,,,,,,,,,,3193545,145871,3047705,false,false,6,2019-04-01,2019-09-30,0
2019-10-30,69730,2019-03-31,2,,,,,,,,,,,,,,,,,,,,,,,,,,,,,,,,,,,3047960,false,false,6,2018-04-01,2018-09-30,-1
2019-10-30,69730,2020-03-31,,28826000000,-0.006,,,,,262000000,1.103,235000000,1.244,288000000,,5.401,94.51,,,,,,,,,,,,,,,,,,,,,,true,true,6,2019-04-01,2019-09-30,0
2019-10-30,69730,2019-03-31,,28865000000,,,,,,133000000,,139000000,,-142000000,,,-46.86,,,,,,,,,,,,,,,,,,,,,,true,false,6,2018-04-01,2018-09-30,-1
2020-01-30,69730,2020-03-31,3,42736000000,-0.004,,,,,146000000,1.317,128000000,1.299,,238000000,,78.17,,,,,,36577000000,13829000000,0.378,,13829000000,,,,,,,,,,,,true,false,9,2019-04-01,2019-12-31,0
2020-01-30,69730,2019-03-31,3,42892000000,0.066,,,,,63000000,,55000000,,,-188000000,,-61.71,,,,,,,,,,,,,,,,,,,,,,true,false,9,2018-04-01,2018-12-31,-1
2020-01-30,69730,2020-03-31,3,60000000000,0.043,,,,,400000000,0.385,350000000,0.400,,200000000,,65.62,,,,,,,,,,,,,,,,,,,,,,true,true,12,2019-04-01,2020-03-31,0
2020-01-30,69730,2019-03-31,3,,,,,,,,,,,,,,,,,,,,36428000000,13548000000,0.372,,13548000000,,,,,,,,,,,,true,false,12,2018-04-01,2019-03-31,-1
2020-01-30,69730,2019-03-31,3,,,,,,,,,,,,,,,,,,,,,,,,,,,,,40.00,,,,3193545,145755,,false,false,12,2018-04-01,2019-03-31,-1
2020-01-30,69730,2020-03-31,3,,,,,,,,,,,,,,,,,,,,,,,,,,,,,20.00,,,,,,,false,false,12,2019-04-01,2020-03-31,0
2020-01-30,69730,2020-03-31,3,,,,,,,,,,,,,,,,,,,,,,,,,,,,,40.00,,,,,,,false,true,12,2019-04-01,2020-03-31,0
2020-01-30,69730,2020-03-31,3,,,,,,,,,,,,,,,,,,,,,,,,,,,,,,,,,3193545,146175,3047633,false,false,9,2019-04-01,2019-12-31,0
2020-01-30,69730,2019-03-31,3,,,,,,,,,,,,,,,,,,,,,,,,,,,,,,,,,,,3047933,false,false,9,2018-04-01,2018-12-31,-1
2020-05-13,69730,2020-03-31,,57970000000,-0.034,,,,,363000000,-0.090,319000000,-0.088,-241000000,,,-79.20,,,,,,,,,,,,,,,,,,,,,,true,true,12,2019-04-01,2020-03-31,0
2020-05-13,69730,2019-03-31,,57534000000,,,,,,288000000,,250000000,,-385000000,,,-126.33,,,,,,,,,,,,,,,,,,,,,,true,false,12,2018-04-01,2019-03-31,-1
2020-05-26,69730,2020-03-31,,57970000000,0.008,,,,,363000000,0.260,319000000,0.277,,-241000000,,-79.20,,,0.009,0.006,,33661000000,12755000000,0.379,4185.92,12755000000,-1079000000,818000000,-965000000,2179000000,,,,,,,,true,false,12,2019-04-01,2020-03-31,0
2020-05-26,69730,2019-03-31,,57534000000,0.049,,,,,288000000,0.581,250000000,0.316,,-385000000,,-126.33,,,0.007,0.005,,36428000000,13548000000,0.372,4445.26,13548000000,792000000,210000000,-535000000,3415000000,,,,,,,,true,false,12,2018-04-01,2019-03-31,-1
2020-05-26,69730,2020-03-31,,46260000000,0.043,,,,,696000000,0.594,810000000,0.427,143000000,,0.414,47.19,,,,,,30402000000,11954000000,0.393,3923.12,11954000000,,,,,40.00,,,,3193545,146292,3047538,false,false,12,2019-04-01,2020-03-31,0
2020-05-26,69730,2019-03-31,,44351000000,0.061,,,,,436000000,,568000000,3.896,101000000,,-0.188,33.37,,,,,,31936000000,12347000000,0.387,4051.34,12347000000,,,,,40.00,,,,3193545,145755,3047899,false,false,12,2018-04-01,2019-03-31,-1
2020-07-30,69730,2021-03-31,1,12566000000,-0.080,,,,,105000000,,129000000,,,104000000,,34.33,,,,,,32507000000,12858000000,0.396,,12858000000,,,,,,,,,,,,true,false,3,2020-04-01,2020-06-30,0
2020-07-30,69730,2020-03-31,1,13655000000,-0.030,,,,,-142000000,,-135000000,,,-162000000,,-53.31,,,,,,,,,,,,,,,,,,,,,,true,false,3,2019-04-01,2019-06-30,-1
2020-07-30,69730,2021-03-31,1,24000000000,-0.167,,,,,-250000000,,-250000000,,,-270000000,,-88.61,,,,,,,,,,,,,,,,,,,,,,true,true,6,2020-04-01,2020-09-30,0
2020-07-30,69730,2021-03-31,1,50000000000,-0.137,,,,,-200000000,,-200000000,,,-250000000,,-82.04,,,,,,,,,,,,,,,,,,,,,,true,true,12,2020-04-01,2021-03-31,0
2020-07-30,69730,2020-03-31,1,,,,,,,,,,,,,,,,,,,,33661000000,12755000000,0.379,,12755000000,,,,,,,,,,,,true,false,12,2019-04-01,2020-03-31,-1
2020-07-30,69730,2020-03-31,1,,,,,,,,,,,,,,,,,,,,,,,,,,,,,40.00,,,,3193545,146292,,false,false,12,2019-04-01,2020-03-31,-1
2020-07-30,69730,2021-03-31,1,,,,,,,,,,,,,,,,,,,,,,,,,,,,,20.00,,,,,,,false,true,12,2020-04-01,2021-03-31,0
2020-07-30,69730,2021-03-31,1,,,,,,,,,,,,,,,,,,,,,,,,,,,,,,,,,3193545,146379,3047176,false,false,3,2020-04-01,2020-06-30,0
2020-07-30,69730,2020-03-31,1,,,,,,,,,,,,,,,,,,,,,,,,,,,,,,,,,,,3047720,false,false,3,2019-04-01,2019-06-30,-1
2020-07-30,69730,2021-03-31,,24000000000,,,,,,-250000000,,-250000000,,-270000000,,,-88.61,,,,,,,,,,,,,,,,,,,,,,true,true,6,2020-04-01,2020-09-30,0
2020-07-30,69730,2020-03-31,,28826000000,,,,,,262000000,,235000000,,288000000,,,94.51,,,,,,,,,,,,,,,,,,,,,,true,false,6,2019-04-01,2019-09-30,-1
2020-07-30,69730,2021-03-31,,50000000000,,,,,,-200000000,,-200000000,,-250000000,,,-82.04,,,,,,,,,,,,,,,,,,,,,,true,true,12,2020-04-01,2021-03-31,0
2020-07-30,69730,2020-03-31,,57970000000,,,,,,363000000,,319000000,,-241000000,,,-79.20,,,,,,,,,,,,,,,,,,,,,,true,false,12,2019-04-01,2020-03-31,-1
2020-07-30,69730,2021-03-31,,,,,,,,,,,,,,,,,,,,,,,,,,,,,,20.00,,,,,,,false,true,12,2020-04-01,2021-03-31,0
2020-07-30,69730,2020-03-31,,,,,,,,,,,,,,,,,,,,,,,,,,,,,,40.00,,,,,,,false,false,12,2019-04-01,2020-03-31,-1
2020-10-29,69730,2021-03-31,2,24957000000,-0.134,,,,,-180000000,,-154000000,,,-97000000,,-31.94,,,,,,31242000000,12751000000,0.408,,12751000000,,,,,,,,,,,,true,false,6,2020-04-01,2020-09-30,0
2020-10-29,69730,2020-03-31,2,28826000000,-0.001,,,,,262000000,0.968,235000000,0.694,,288000000,,94.51,,,,,,,,,,,,,,,,,,,,,,true,false,6,2019-04-01,2019-09-30,-1
2020-10-29,69730,2021-03-31,2,50000000000,-0.137,,,,,-200000000,,-200000000,,,-250000000,,-82.04,,,,,,,,,,,,,,,,,,,,,,true,true,12,2020-04-01,2021-03-31,0
2020-10-29,69730,2020-03-31,2,,,,,,,,,,,,,,,,,,,,33661000000,12755000000,0.379,,12755000000,,,,,,,,,,,,true,false,12,2019-04-01,2020-03-31,-1
2020-10-29,69730,2020-03-31,2,,,,,,,,,,,,,,,,,,,,,,,,,,,,,40.00,,,,3193545,146292,,false,false,12,2019-04-01,2020-03-31,-1
2020-10-29,69730,2021-03-31,2,,,,,,,,,,,,,,,,,,,,,,,,,,,,,10.00,,,,,,,false,false,12,2020-04-01,2021-03-31,0
2020-10-29,69730,2021-03-31,2,,,,,,,,,,,,,,,,,,,,,,,,,,,,,20.00,,,,,,,false,true,12,2020-04-01,2021-03-31,0
2020-10-29,69730,2021-03-31,2,,,,,,,,,,,,,,,,,,,,,,,,,,,,,,,,,3193545,146347,3047190,false,false,6,2020-04-01,2020-09-30,0
2020-10-29,69730,2020-03-31,2,,,,,,,,,,,,,,,,,,,,,,,,,,,,,,,,,,,3047705,false,false,6,2019-04-01,2019-09-30,-1
2020-10-29,69730,2021-03-31,,24957000000,0.040,,,,,-180000000,,-154000000,,-97000000,,,-31.94,,,,,,,,,,,,,,,,,,,,,,true,true,6,2020-04-01,2020-09-30,0
2020-10-29,69730,2020-03-31,,28826000000,,,,,,262000000,,235000000,,288000000,,,94.51,,,,,,,,,,,,,,,,,,,,,,true,false,6,2019-04-01,2019-09-30,-1
2021-01-28,69730,2021-03-31,3,37727000000,-0.117,,,,,-157000000,,-102000000,,,27000000,,8.93,,,,,,34258000000,13041000000,0.381,,13041000000,,,,,,,,,,,,true,false,9,2020-04-01,2020-12-31,0
2021-01-28,69730,2020-03-31,3,42736000000,-0.004,,,,,146000000,1.317,128000000,1.299,,238000000,,78.17,,,,,,,,,,,,,,,,,,,,,,true,false,9,2019-04-01,2019-12-31,-1
2021-01-28,69730,2021-03-31,3,50000000000,-0.137,,,,,50000000,-0.863,50000000,-0.843,,0,,0.00,,,,,,,,,,,,,,,,,,,,,,true,true,12,2020-04-01,2021-03-31,0
2021-01-28,69730,2020-03-31,3,,,,,,,,,,,,,,,,,,,,33661000000,12755000000,0.379,,12755000000,,,,,,,,,,,,true,false,12,2019-04-01,2020-03-31,-1
2021-01-28,69730,2020-03-31,3,,,,,,,,,,,,,,,,,,,,,,,,,,,,,40.00,,,,3193545,146292,,false,false,12,2019-04-01,2020-03-31,-1
2021-01-28,69730,2021-03-31,3,,,,,,,,,,,,,,,,,,,,,,,,,,,,,10.00,,,,,,,false,false,12,2020-04-01,2021-03-31,0
2021-01-28,69730,2021-03-31,3,,,,,,,,,,,,,,,,,,,,,,,,,,,,,20.00,,,,,,,false,true,12,2020-04-01,2021-03-31,0
2021-01-28,69730,2021-03-31,3,,,,,,,,,,,,,,,,,,,,,,,,,,,,,,,,,3193545,146481,3047159,false,false,9,2020-04-01,2020-12-31,0
2021-01-28,69730,2020-03-31,3,,,,,,,,,,,,,,,,,,,,,,,,,,,,,,,,,,,3047633,false,false,9,2019-04-01,2019-12-31,-1
2021-01-28,69730,2021-03-31,,50000000000,0.000,,,,,50000000,,50000000,,0,,,0.00,,,,,,,,,,,,,,,,,,,,,,true,true,12,2020-04-01,2021-03-31,0
2021-01-28,69730,2020-03-31,,57970000000,,,,,,363000000,,319000000,,-241000000,,,-79.20,,,,,,,,,,,,,,,,,,,,,,true,false,12,2019-04-01,2020-03-31,-1
2021-04-28,69730,2021-03-31,,53078000000,0.062,,,,,397000000,6.950,415000000,7.319,-382000000,,,-125.59,,,,,,,,,,,,,,,,,,,,,,true,true,12,2020-04-01,2021-03-31,0
2021-04-28,69730,2020-03-31,,57970000000,,,,,,363000000,,319000000,,-241000000,,,-79.20,,,,,,,,,,,,,,,,,,,,,,true,false,12,2019-04-01,2020-03-31,-1
2021-05-14,69730,2021-03-31,,53078000000,-0.084,,,,,397000000,0.092,415000000,0.303,,-382000000,,-125.59,,,0.012,0.007,,34220000000,13168000000,0.385,4322.02,13168000000,1644000000,-77000000,-1299000000,2453000000,,,,,,,,true,false,12,2020-04-01,2021-03-31,0
2021-05-14,69730,2020-03-31,,57970000000,0.008,,,,,363000000,0.260,319000000,0.277,,-241000000,,-79.20,,,0.009,0.006,,33661000000,12755000000,0.379,4185.92,12755000000,-1079000000,818000000,-965000000,2179000000,,,,,,,,true,false,12,2019-04-01,2020-03-31,-1
2021-05-14,69730,2022-03-31,,24500000000,-0.018,,,,,150000000,,150000000,,,100000000,,32.82,,,,,,,,,,,,,,,,,,,,,,true,true,6,2021-04-01,2021-09-30,1
2021-05-14,69730,2022-03-31,,51000000000,-0.039,,,,,500000000,0.258,500000000,0.202,,400000000,,131.27,,,,,,,,,,,,,,,,0.305,,,,,,true,true,12,2021-04-01,2022-03-31,1
2021-05-14,69730,2021-03-31,,44986000000,-0.028,,,,,1008000000,0.449,1255000000,0.549,330000000,,1.296,108.35,,,,,,32489000000,12766000000,0.393,4190.02,12766000000,,,,,20.00,,,,3193545,146592,3047123,false,false,12,2020-04-01,2021-03-31,0
2021-05-14,69730,2020-03-31,,46260000000,0.043,,,,,696000000,0.594,810000000,0.427,143000000,,0.414,47.19,,,,,,30402000000,11954000000,0.393,3923.12,11954000000,,,,,40.00,,,,3193545,146292,3047538,false,false,12,2019-04-01,2020-03-31,-1
2021-05-14,69730,2022-03-31,,,,,,,,,,,,,,,,,,,,,,,,,,,,,,40.00,,,,,,,false,true,12,2021-04-01,2022-03-31,1
2021-07-29,69730,2022-03-31,1,13544000000,0.078,,,,,175000000,0.666,254000000,0.966,,364000000,,119.61,,,,,,34183000000,13468000000,0.394,,13468000000,,,,,,,,,,,,true,false,3,2021-04-01,2021-06-30,0
2021-07-29,69730,2021-03-31,1,12566000000,-0.080,,,,,105000000,,129000000,,,104000000,,34.33,,,,,,,,,,,,,,,,,,,,,,true,false,3,2020-04-01,2020-06-30,-1
2021-07-29,69730,2022-03-31,1,28500000000,0.142,,,,,300000000,,350000000,,,400000000,,131.28,,,,,,,,,,,,,,,,,,,,,,true,true,6,2021-04-01,2021-09-30,0
2021-07-29,69730,2022-03-31,1,55000000000,0.036,,,,,650000000,0.635,700000000,0.683,,700000000,,229.75,,,,,,,,,,,,,,,,,,,,,,true,true,12,2021-04-01,2022-03-31,0
2021-07-29,69730,2021-03-31,1,,,,,,,,,,,,,,,,,,,,34220000000,13168000000,0.385,,13168000000,,,,,,,,,,,,true,false,12,2020-04-01,2021-03-31,-1
2021-07-29,69730,2021-03-31,1,,,,,,,,,,,,,,,,,,,,,,,,,,,,,20.00,,,,3193545,146592,,false,false,12,2020-04-01,2021-03-31,-1
2021-07-29,69730,2022-03-31,1,,,,,,,,,,,,,,,,,,,,,,,,,,,,,40.00,,,,,,,false,true,12,2021-04-01,2022-03-31,0
2021-07-29,69730,2022-03-31,1,,,,,,,,,,,,,,,,,,,,,,,,,,,,,,,,,3193545,146716,3046835,false,false,3,2021-04-01,2021-06-30,0
2021-07-29,69730,2021-03-31,1,,,,,,,,,,,,,,,,,,,,,,,,,,,,,,,,,,,3047176,false,false,3,2020-04-01,2020-06-30,-1
2021-07-29,69730,2022-03-31,,28500000000,0.163,,,,,300000000,1.000,350000000,1.333,400000000,,3.000,131.28,,,,,,,,,,,,,,,,,,,,,,true,true,6,2021-04-01,2021-09-30,0
2021-07-29,69730,2021-03-31,,24957000000,,,,,,-180000000,,-154000000,,-97000000,,,-31.94,,,,,,,,,,,,,,,,,,,,,,true,false,6,2020-04-01,2020-09-30,-1
2021-07-29,69730,2022-03-31,,55000000000,0.078,,,,,650000000,0.300,700000000,0.400,700000000,,0.750,229.75,,,,,,,,,,,,,,,,,,,,,,true,true,12,2021-04-01,2022-03-31,0
2021-07-29,69730,2021-03-31,,53078000000,,,,,,397000000,,415000000,,-382000000,,,-125.59,,,,,,,,,,,,,,,,,,,,,,true,false,12,2020-04-01,2021-03-31,-1
2021-10-28,6973,2022-03-31,2,28668000000,0.149,,,,,644000000,,753000000,,,597000000,,196.03,,,,,,35707000000,13740000000,0.385,,13740000000,,,,,,,,,,,,true,false,6,2021-04-01,2021-09-30,0
2021-10-28,6973,2021-03-31,2,24957000000,-0.134,,,,,-180000000,,-154000000,,,-97000000,,-31.94,,,,,,,,,,,,,,,,,,,,,,true,false,6,2020-04-01,2020-09-30,-1
2021-10-28,6973,2022-03-31,2,55000000000,0.036,,,,,650000000,0.635,700000000,0.683,,700000000,,229.75,,,,,,,,,,,,,,,,,,,,,,true,true,12,2021-04-01,2022-03-31,0
2021-10-28,6973,2021-03-31,2,,,,,,,,,,,,,,,,,,,,34220000000,13168000000,0.385,,13168000000,,,,,,,,,,,,true,false,12,2020-04-01,2021-03-31,-1
2021-10-28,6973,2021-03-31,2,,,,,,,,,,,,,,,,,,,,,,,,,,,,,20.00,,,,3193545,146592,,false,false,12,2020-04-01,2021-03-31,-1
2021-10-28,6973,2022-03-31,2,,,,,,,,,,,,,,,,,,,,,,,,,,,,,30.00,,,,,,,false,false,12,2021-04-01,2022-03-31,0
2021-10-28,6973,2022-03-31,2,,,,,,,,,,,,,,,,,,,,,,,,,,,,,50.00,,,,,,,false,true,12,2021-04-01,2022-03-31,0
2021-10-28,6973,2022-03-31,2,,,,,,,,,,,,,,,,,,,,,,,,,,,,,,,,,3193545,146959,3046745,false,false,6,2021-04-01,2021-09-30,0
2021-10-28,6973,2021-03-31,2,,,,,,,,,,,,,,,,,,,,,,,,,,,,,,,,,,,3047190,false,false,6,2020-04-01,2020-09-30,-1
2022-01-28,6973,2022-03-31,3,41917000000,0.111,,,,,847000000,,938000000,,,857000000,,281.62,,,,,,35625000000,13908000000,0.390,,13908000000,,,,,,,,,,,,true,false,9,2021-04-01,2021-12-31,0
2022-01-28,6973,2021-03-31,3,37727000000,-0.117,,,,,-157000000,,-102000000,,,27000000,,8.93,,,,,,,,,,,,,,,,,,,,,,true,false,9,2020-04-01,2020-12-31,-1
2022-01-28,6973,2022-03-31,3,55000000000,0.036,,,,,1000000000,1.516,1100000000,1.645,,1650000000,,541.58,,,,,,,,,,,,,,,,,,,,,,true,true,12,2021-04-01,2022-03-31,0
2022-01-28,6973,2021-03-31,3,,,,,,,,,,,,,,,,,,,,34220000000,13168000000,0.385,,13168000000,,,,,,,,,,,,true,false,12,2020-04-01,2021-03-31,-1
2022-01-28,6973,2021-03-31,3,,,,,,,,,,,,,,,,,,,,,,,,,,,,,20.00,,,,3193545,146592,,false,false,12,2020-04-01,2021-03-31,-1
2022-01-28,6973,2022-03-31,3,,,,,,,,,,,,,,,,,,,,,,,,,,,,,30.00,,,,,,,false,false,12,2021-04-01,2022-03-31,0
2022-01-28,6973,2022-03-31,3,,,,,,,,,,,,,,,,,,,,,,,,,,,,,60.00,,,,,,,false,true,12,2021-04-01,2022-03-31,0
2022-01-28,6973,2022-03-31,3,,,,,,,,,,,,,,,,,,,,,,,,,,,,,,,,,3193545,147088,3046668,false,false,9,2021-04-01,2021-12-31,0
2022-01-28,6973,2021-03-31,3,,,,,,,,,,,,,,,,,,,,,,,,,,,,,,,,,,,3047159,false,false,9,2020-04-01,2020-12-31,-1
2022-01-28,69730,2022-03-31,,55000000000,0.000,,,,,1000000000,0.538,1100000000,0.571,1650000000,,1.357,541.58,,,,,,,,,,,,,,,,,,,,,,true,true,12,2021-04-01,2022-03-31,0
2022-01-28,69730,2021-03-31,,53078000000,,,,,,397000000,,415000000,,-382000000,,,-125.59,,,,,,,,,,,,,,,,,,,,,,true,false,12,2020-04-01,2021-03-31,-1
2022-01-28,69730,2022-03-31,,,,,,,,,,,,,,,,,,,,,,,,,,,,,,60.00,,,,,,,false,true,12,2021-04-01,2022-03-31,0
2022-01-28,69730,2022-03-31,,,,,,,,,,,,,,,,,,,,,,,,,,,,,,30.00,,,,,,,false,false,12,2021-04-01,2022-03-31,0
2022-01-28,69730,2021-03-31,,,,,,,,,,,,,,,,,,,,,,,,,,,,,,20.00,,,,,,,false,false,12,2020-04-01,2021-03-31,-1
2022-04-28,69730,2022-03-31,,56978000000,0.036,,,,,1386000000,0.387,1381000000,0.256,2055000000,,0.246,675.97,,,,,,,,,,,,,,,,,,,,,,true,true,12,2021-04-01,2022-03-31,0
2022-04-28,69730,2021-03-31,,53078000000,,,,,,397000000,,415000000,,-382000000,,,-125.59,,,,,,,,,,,,,,,,,,,,,,true,false,12,2020-04-01,2021-03-31,-1
2022-05-13,6973,2022-03-31,,56978000000,0.073,,,,,1386000000,2.488,1381000000,2.322,,2055000000,,675.97,,0.146,0.039,0.024,,36347000000,14964000000,0.412,4977.64,14964000000,-1318000000,1209000000,-656000000,1778000000,,0.089,,,,,,true,false,12,2021-04-01,2022-03-31,0
2022-05-13,6973,2021-03-31,,53078000000,-0.084,,,,,397000000,0.092,415000000,0.303,,-382000000,,-125.59,,,0.012,0.007,,34220000000,13168000000,0.385,4322.02,13168000000,1644000000,-77000000,-1299000000,2453000000,,,,,,,,true,false,12,2020-04-01,2021-03-31,-1
2022-05-13,6973,2023-03-31,,27000000000,-0.058,,,,,400000000,-0.379,375000000,-0.503,,225000000,,73.98,,,,,,,,,,,,,,,,,,,,,,true,true,6,2022-04-01,2022-09-30,1
2022-05-13,6973,2023-03-31,,56000000000,-0.017,,,,,1100000000,-0.207,1050000000,-0.240,,850000000,,279.46,,,,,,,,,,,,,,,,0.215,,,,,,true,true,12,2022-04-01,2023-03-31,1
2022-05-13,6973,2022-03-31,,48476000000,0.078,,,,,1470000000,0.457,1853000000,0.476,1868000000,,4.659,614.21,,,,,,33691000000,14329000000,0.425,4766.38,14329000000,,,,,60.00,,,,3193545,187098,3041531,false,false,12,2021-04-01,2022-03-31,0
2022-05-13,6973,2021-03-31,,44986000000,-0.028,,,,,1008000000,0.449,1255000000,0.549,330000000,,1.296,108.35,,,,,,32489000000,12766000000,0.393,4190.02,12766000000,,,,,20.00,,,,3193545,146592,3047123,false,false,12,2020-04-01,2021-03-31,-1
2022-05-13,6973,2023-03-31,,,,,,,,,,,,,,,,,,,,,,,,,,,,,,60.00,,,,,,,false,true,12,2022-04-01,2023-03-31,1
2022-07-28,6973,2023-03-31,1,14307000000,0.056,,,,,327000000,0.867,375000000,0.477,,134000000,,44.71,,,,,,36724000000,15095000000,0.411,,15095000000,,,,,,,,,,,,true,false,3,2022-04-01,2022-06-30,0
2022-07-28,6973,2022-03-31,1,13544000000,0.078,,,,,175000000,0.666,254000000,0.966,,364000000,,119.61,,,,,,,,,,,,,,,,,,,,,,true,false,3,2021-04-01,2021-06-30,-1
2022-07-28,6973,2023-03-31,1,27000000000,-0.058,,,,,400000000,-0.379,375000000,-0.503,,225000000,,73.98,,,,,,,,,,,,,,,,,,,,,,true,true,6,2022-04-01,2022-09-30,0
2022-07-28,6973,2023-03-31,1,56000000000,-0.017,,,,,1100000000,-0.207,1050000000,-0.240,,850000000,,279.46,,,,,,,,,,,,,,,,,,,,,,true,true,12,2022-04-01,2023-03-31,0
2022-07-28,6973,2022-03-31,1,,,,,,,,,,,,,,,,,,,,36347000000,14964000000,0.412,,14964000000,,,,,,,,,,,,true,false,12,2021-04-01,2022-03-31,-1
2022-07-28,6973,2022-03-31,1,,,,,,,,,,,,,,,,,,,,,,,,,,,,,60.00,,,,3193545,187098,,false,false,12,2021-04-01,2022-03-31,-1
2022-07-28,6973,2023-03-31,1,,,,,,,,,,,,,,,,,,,,,,,,,,,,,60.00,,,,,,,false,true,12,2022-04-01,2023-03-31,0
2022-07-28,6973,2023-03-31,1,,,,,,,,,,,,,,,,,,,,,,,,,,,,,,,,,3193545,187224,3006398,false,false,3,2022-04-01,2022-06-30,0
2022-07-28,6973,2022-03-31,1,,,,,,,,,,,,,,,,,,,,,,,,,,,,,,,,,,,3046835,false,false,3,2021-04-01,2021-06-30,-1
2022-10-28,6973,2023-03-31,2,31003000000,0.081,,,,,1083000000,0.683,1095000000,0.453,,670000000,,223.01,,,,,,38095000000,15584000000,0.409,,15584000000,,,,,,,,,,,,true,false,6,2022-04-01,2022-09-30,0
2022-10-28,6973,2022-03-31,2,28668000000,0.149,,,,,644000000,,753000000,,,597000000,,196.03,,,,,,,,,,,,,,,,,,,,,,true,false,6,2021-04-01,2021-09-30,-1
2022-10-28,6973,2023-03-31,2,60000000000,0.053,,,,,1600000000,0.154,1600000000,0.158,,900000000,,299.37,,,,,,,,,,,,,,,,,,,,,,true,true,12,2022-04-01,2023-03-31,0
2022-10-28,6973,2022-03-31,2,,,,,,,,,,,,,,,,,,,,36347000000,14964000000,0.412,,14964000000,,,,,,,,,,,,true,false,12,2021-04-01,2022-03-31,-1
2022-10-28,6973,2022-03-31,2,,,,,,,,,,,,,,,,,,,,,,,,,,,,,60.00,,,,3193545,187098,,false,false,12,2021-04-01,2022-03-31,-1
2022-10-28,6973,2023-03-31,2,,,,,,,,,,,,,,,,,,,,,,,,,,,,,40.00,,,,,,,false,false,12,2022-04-01,2023-03-31,0
2022-10-28,6973,2023-03-31,2,,,,,,,,,,,,,,,,,,,,,,,,,,,,,70.00,,,,,,,false,true,12,2022-04-01,2023-03-31,0
2022-10-28,6973,2023-03-31,2,,,,,,,,,,,,,,,,,,,,,,,,,,,,,,,,,3193545,187411,3006298,false,false,6,2022-04-01,2022-09-30,0
2022-10-28,6973,2022-03-31,2,,,,,,,,,,,,,,,,,,,,,,,,,,,,,,,,,,,3046745,false,false,6,2021-04-01,2021-09-30,-1
2023-01-30,6973,2023-03-31,3,45673000000,0.090,,,,,1325000000,0.565,1442000000,0.537,,840000000,,279.72,,,,,,39922000000,15603000000,0.391,,15603000000,,,,,,,,,,,,true,false,9,2022-04-01,2022-12-31,0
2023-01-30,6973,2022-03-31,3,41917000000,0.111,,,,,847000000,,938000000,,,857000000,,281.62,,,,,,,,,,,,,,,,,,,,,,true,false,9,2021-04-01,2021-12-31,-1
2023-01-30,6973,2023-03-31,3,60000000000,0.053,,,,,1600000000,0.154,1600000000,0.158,,900000000,,299.37,,,,,,,,,,,,,,,,,,,,,,true,true,12,2022-04-01,2023-03-31,0
2023-01-30,6973,2022-03-31,3,,,,,,,,,,,,,,,,,,,,36347000000,14964000000,0.412,,14964000000,,,,,,,,,,,,true,false,12,2021-04-01,2022-03-31,-1
2023-01-30,6973,2022-03-31,3,,,,,,,,,,,,,,,,,,,,,,,,,,,,,60.00,,,,3193545,187098,,false,false,12,2021-04-01,2022-03-31,-1
2023-01-30,6973,2023-03-31,3,,,,,,,,,,,,,,,,,,,,,,,,,,,,,40.00,,,,,,,false,false,12,2022-04-01,2023-03-31,0
2023-01-30,6973,2023-03-31,3,,,,,,,,,,,,,,,,,,,,,,,,,,,,,70.00,,,,,,,false,true,12,2022-04-01,2023-03-31,0
2023-01-30,6973,2023-03-31,3,,,,,,,,,,,,,,,,,,,,,,,,,,,,,,,,,3193545,187553,3006216,false,false,9,2022-04-01,2022-12-31,0
2023-01-30,6973,2022-03-31,3,,,,,,,,,,,,,,,,,,,,,,,,,,,,,,,,,,,3046668,false,false,9,2021-04-01,2021-12-31,-1
2023-04-27,69730,2023-03-31,,60545000000,0.009,,,,,1479000000,-0.075,1559000000,-0.025,432000000,,-0.519,143.92,,,,,,,,,,,,,,,,,,,,,,true,true,12,2022-04-01,2023-03-31,0
2023-04-27,69730,2022-03-31,,56978000000,,,,,,1386000000,,1381000000,,2055000000,,,675.97,,,,,,,,,,,,,,,,,,,,,,true,false,12,2021-04-01,2022-03-31,-1
2023-05-12,6973,2023-03-31,,60545000000,0.063,,,,,1471000000,0.061,1560000000,0.129,,432000000,,143.95,,0.029,0.042,0.024,,37409000000,15275000000,0.408,5081.81,15275000000,-1073000000,246000000,1387000000,2356000000,,0.486,,,,,,true,false,12,2022-04-01,2023-03-31,0
2023-05-12,6973,2022-03-31,,56978000000,0.073,,,,,1386000000,2.488,1381000000,2.322,,2055000000,,675.97,,0.146,0.039,0.024,,36347000000,14964000000,0.412,4977.64,14964000000,-1318000000,1209000000,-656000000,1778000000,,0.089,,,,,,true,false,12,2021-04-01,2022-03-31,-1
2023-05-12,6973,2024-03-31,,29500000000,-0.048,,,,,450000000,-0.585,430000000,-0.607,,170000000,,56.55,,,,,,,,,,,,,,,,,,,,,,true,true,6,2023-04-01,2023-09-30,1
2023-05-12,6973,2024-03-31,,60000000000,-0.009,,,,,1350000000,-0.083,1300000000,-0.167,,750000000,,249.49,,,,,,,,,,,,,,,,0.321,,,,,,true,true,12,2023-04-01,2024-03-31,1
2023-05-12,6973,2023-03-31,,52605000000,0.085,,,,,1470000000,0.000,1638000000,-0.116,39000000,,-0.979,13.29,,,,,,35103000000,14124000000,0.402,4698.85,14124000000,,,,,70.00,,,,3193545,187640,3006138,false,false,12,2022-04-01,2023-03-31,0
2023-05-12,6973,2022-03-31,,48476000000,0.078,,,,,1470000000,0.457,1853000000,0.476,1868000000,,4.659,614.21,,,,,,33691000000,14329000000,0.425,4766.38,14329000000,,,,,60.00,,,,3193545,187098,3041531,false,false,12,2021-04-01,2022-03-31,-1
2023-05-12,6973,2024-03-31,,,,,,,,,,,,,,,,,,,,,,,,,,,,,,80.00,,,,,,,false,true,12,2023-04-01,2024-03-31,1
2023-07-28,6973,2024-03-31,1,15622000000,0.092,,,,,336000000,0.025,439000000,0.170,,362000000,,120.57,,,,,,38529000000,16107000000,0.418,,16107000000,,,,,,,,,,,,true,false,3,2023-04-01,2023-06-30,0
2023-07-28,6973,2023-03-31,1,14307000000,0.056,,,,,327000000,0.867,375000000,0.477,,134000000,,44.71,,,,,,,,,,,,,,,,,,,,,,true,false,3,2022-04-01,2022-06-30,-1
2023-07-28,6973,2024-03-31,1,29500000000,-0.048,,,,,450000000,-0.585,430000000,-0.607,,170000000,,56.55,,,,,,,,,,,,,,,,,,,,,,true,true,6,2023-04-01,2023-09-30,0
2023-07-28,6973,2024-03-31,1,60000000000,-0.009,,,,,1350000000,-0.083,1300000000,-0.167,,750000000,,249.49,,,,,,,,,,,,,,,,,,,,,,true,true,12,2023-04-01,2024-03-31,0
2023-07-28,6973,2023-03-31,1,,,,,,,,,,,,,,,,,,,,37409000000,15275000000,0.408,,15275000000,,,,,,,,,,,,true,false,12,2022-04-01,2023-03-31,-1
2023-07-28,6973,2023-03-31,1,,,,,,,,,,,,,,,,,,,,,,,,,,,,,70.00,,,,3193545,187640,,false,false,12,2022-04-01,2023-03-31,-1
2023-07-28,6973,2024-03-31,1,,,,,,,,,,,,,,,,,,,,,,,,,,,,,80.00,,,,,,,false,true,12,2023-04-01,2024-03-31,0
2023-07-28,6973,2024-03-31,1,,,,,,,,,,,,,,,,,,,,,,,,,,,,,,,,,3193545,187705,3005883,false,false,3,2023-04-01,2023-06-30,0
2023-07-28,6973,2023-03-31,1,,,,,,,,,,,,,,,,,,,,,,,,,,,,,,,,,,,3006398,false,false,3,2022-04-01,2022-06-30,-1
2023-10-30,6973,2024-03-31,2,31519000000,0.017,,,,,823000000,-0.240,929000000,-0.152,,670000000,,223.17,,,,,,42014000000,16434000000,0.391,,16434000000,,,,,,,,,,,,true,false,6,2023-04-01,2023-09-30,0
2023-10-30,6973,2023-03-31,2,31003000000,0.081,,,,,1083000000,0.683,1095000000,0.453,,670000000,,223.01,,,,,,,,,,,,,,,,,,,,,,true,false,6,2022-04-01,2022-09-30,-1
2023-10-30,6973,2024-03-31,2,60000000000,-0.009,,,,,1350000000,-0.083,1300000000,-0.167,,750000000,,249.49,,,,,,,,,,,,,,,,,,,,,,true,true,12,2023-04-01,2024-03-31,0
2023-10-30,6973,2023-03-31,2,,,,,,,,,,,,,,,,,,,,37409000000,15275000000,0.408,,15275000000,,,,,,,,,,,,true,false,12,2022-04-01,2023-03-31,-1
2023-10-30,6973,2023-03-31,2,,,,,,,,,,,,,,,,,,,,,,,,,,,,,70.00,,,,3193545,187640,,false,false,12,2022-04-01,2023-03-31,-1
2023-10-30,6973,2024-03-31,2,,,,,,,,,,,,,,,,,,,,,,,,,,,,,40.00,,,,,,,false,false,12,2023-04-01,2024-03-31,0
2023-10-30,6973,2024-03-31,2,,,,,,,,,,,,,,,,,,,,,,,,,,,,,80.00,,,,,,,false,true,12,2023-04-01,2024-03-31,0
2023-10-30,6973,2024-03-31,2,,,,,,,,,,,,,,,,,,,,,,,,,,,,,,,,,3193545,187976,3005771,false,false,6,2023-04-01,2023-09-30,0
2023-10-30,6973,2023-03-31,2,,,,,,,,,,,,,,,,,,,,,,,,,,,,,,,,,,,3006298,false,false,6,2022-04-01,2022-09-30,-1
2024-01-30,6973,2024-03-31,3,47097000000,0.031,,,,,1140000000,-0.140,1322000000,-0.083,,828000000,,275.49,,,,,,41536000000,16496000000,0.397,,16496000000,,,,,,,,,,,,true,false,9,2023-04-01,2023-12-31,0
2024-01-30,6973,2023-03-31,3,45673000000,0.090,,,,,1325000000,0.565,1442000000,0.537,,840000000,,279.72,,,,,,,,,,,,,,,,,,,,,,true,false,9,2022-04-01,2022-12-31,-1
2024-01-30,6973,2024-03-31,3,62000000000,0.024,,,,,1500000000,0.019,1600000000,0.026,,1000000000,,332.70,,,,,,,,,,,,,,,,,,,,,,true,true,12,2023-04-01,2024-03-31,0
2024-01-30,6973,2023-03-31,3,,,,,,,,,,,,,,,,,,,,37409000000,15275000000,0.408,,15275000000,,,,,,,,,,,,true,false,12,2022-04-01,2023-03-31,-1
2024-01-30,6973,2023-03-31,3,,,,,,,,,,,,,,,,,,,,,,,,,,,,,70.00,,,,3193545,187640,,false,false,12,2022-04-01,2023-03-31,-1
2024-01-30,6973,2024-03-31,3,,,,,,,,,,,,,,,,,,,,,,,,,,,,,40.00,,,,,,,false,false,12,2023-04-01,2024-03-31,0
2024-01-30,6973,2024-03-31,3,,,,,,,,,,,,,,,,,,,,,,,,,,,,,90.00,,,,,,,false,true,12,2023-04-01,2024-03-31,0
2024-01-30,6973,2024-03-31,3,,,,,,,,,,,,,,,,,,,,,,,,,,,,,,,,,3193545,187996,3005697,false,false,9,2023-04-01,2023-12-31,0
2024-01-30,6973,2023-03-31,3,,,,,,,,,,,,,,,,,,,,,,,,,,,,,,,,,,,3006216,false,false,9,2022-04-01,2022-12-31,-1
2024-05-13,6973,2024-03-31,,61679000000,0.019,,,,,1652000000,0.123,1737000000,0.114,,1337000000,,445.05,,0.081,0.044,0.027,,42271000000,17794000000,0.421,5920.93,17794000000,1995000000,-13000000,-890000000,3579000000,,0.213,,,,,,true,false,12,2023-04-01,2024-03-31,0
2024-05-13,6973,2023-03-31,,60545000000,0.063,,,,,1471000000,0.061,1560000000,0.129,,432000000,,143.95,,0.029,0.042,0.024,,37409000000,15275000000,0.408,5081.81,15275000000,-1073000000,246000000,1387000000,2356000000,,0.486,,,,,,true,false,12,2022-04-01,2023-03-31,-1
2024-05-13,6973,2025-03-31,,29000000000,-0.080,,,,,500000000,-0.393,420000000,-0.548,,400000000,,133.08,,,,,,,,,,,,,,,,,,,,,,true,true,6,2024-04-01,2024-09-30,1
2024-05-13,6973,2025-03-31,,58000000000,-0.060,,,,,1400000000,-0.153,1300000000,-0.252,,1400000000,,465.79,,,,,,,,,,,,,,,,0.236,,,,,,true,true,12,2024-04-01,2025-03-31,1
2024-05-13,6973,2024-03-31,,52388000000,-0.004,,,,,1853000000,0.260,2089000000,0.275,1150000000,,,382.95,,,,,,38948000000,16021000000,0.411,5330.87,16021000000,,,,,95.00,,,,3193545,188174,3005638,false,false,12,2023-04-01,2024-03-31,0
2024-05-13,6973,2023-03-31,,52605000000,0.085,,,,,1470000000,0.000,1638000000,-0.116,39000000,,-0.979,13.29,,,,,,35103000000,14124000000,0.402,4698.85,14124000000,,,,,70.00,,,,3193545,187640,3006138,false,false,12,2022-04-01,2023-03-31,-1
2024-05-13,6973,2025-03-31,,,,,,,,,,,,,,,,,,,,,,,,,,,,,,110.00,,,,,,,false,true,12,2024-04-01,2025-03-31,1
2024-07-30,6973,2025-03-31,1,14950000000,-0.043,,,,,134000000,-0.599,159000000,-0.637,,651000000,,216.78,,,,,,41218000000,18437000000,0.447,,18437000000,,,,,,,,,,,,true,false,3,2024-04-01,2024-06-30,0
2024-07-30,6973,2024-03-31,1,15622000000,0.092,,,,,336000000,0.025,439000000,0.170,,362000000,,120.57,,,,,,,,,,,,,,,,,,,,,,true,false,3,2023-04-01,2023-06-30,-1
2024-07-30,6973,2025-03-31,1,29000000000,-0.080,,,,,500000000,-0.393,420000000,-0.548,,400000000,,133.08,,,,,,,,,,,,,,,,,,,,,,true,true,6,2024-04-01,2024-09-30,0
2024-07-30,6973,2025-03-31,1,58000000000,-0.060,,,,,1400000000,-0.153,1300000000,-0.252,,1400000000,,465.79,,,,,,,,,,,,,,,,,,,,,,true,true,12,2024-04-01,2025-03-31,0
2024-07-30,6973,2024-03-31,1,,,,,,,,,,,,,,,,,,,,42271000000,17794000000,0.421,,17794000000,,,,,,,,,,,,true,false,12,2023-04-01,2024-03-31,-1
2024-07-30,6973,2024-03-31,1,,,,,,,,,,,,,,,,,,,,,,,,,,,,,95.00,,,,3193545,188174,,false,false,12,2023-04-01,2024-03-31,-1
2024-07-30,6973,2025-03-31,1,,,,,,,,,,,,,,,,,,,,,,,,,,,,,110.00,,,,,,,false,true,12,2024-04-01,2025-03-31,0
2024-07-30,6973,2025-03-31,1,,,,,,,,,,,,,,,,,,,,,,,,,,,,,,,,,3193545,187014,3005757,false,false,3,2024-04-01,2024-06-30,0
2024-07-30,6973,2024-03-31,1,,,,,,,,,,,,,,,,,,,,,,,,,,,,,,,,,,,3005883,false,false,3,2023-04-01,2023-06-30,-1
2024-10-30,6973,2025-03-31,2,29268000000,-0.071,,,,,210000000,-0.745,405000000,-0.564,,678000000,,225.61,,,,,,37218000000,18019000000,0.484,,18019000000,,,,,,,,,,,,true,false,6,2024-04-01,2024-09-30,0
2024-10-30,6973,2024-03-31,2,31519000000,0.017,,,,,823000000,-0.240,929000000,-0.152,,670000000,,223.17,,,,,,,,,,,,,,,,,,,,,,true,false,6,2023-04-01,2023-09-30,-1
2024-10-30,6973,2025-03-31,2,58000000000,-0.060,,,,,900000000,-0.455,1100000000,-0.367,,1200000000,,399.02,,,,,,,,,,,,,,,,,,,,,,true,true,12,2024-04-01,2025-03-31,0
2024-10-30,6973,2024-03-31,2,,,,,,,,,,,,,,,,,,,,42271000000,17794000000,0.421,,17794000000,,,,,,,,,,,,true,false,12,2023-04-01,2024-03-31,-1
2024-10-30,6973,2024-03-31,2,,,,,,,,,,,,,,,,,,,,,,,,,,,,,95.00,,,,3193545,188174,,false,false,12,2023-04-01,2024-03-31,-1
2024-10-30,6973,2025-03-31,2,,,,,,,,,,,,,,,,,,,,,,,,,,,,,55.00,,,,,,,false,false,12,2024-04-01,2025-03-31,0
2024-10-30,6973,2025-03-31,2,,,,,,,,,,,,,,,,,,,,,,,,,,,,,110.00,,,,,,,false,true,12,2024-04-01,2025-03-31,0
2024-10-30,6973,2025-03-31,2,,,,,,,,,,,,,,,,,,,,,,,,,,,,,,,,,3193545,184610,3007354,false,false,6,2024-04-01,2024-09-30,0
2024-10-30,6973,2024-03-31,2,,,,,,,,,,,,,,,,,,,,,,,,,,,,,,,,,,,3005771,false,false,6,2023-04-01,2023-09-30,-1
2025-01-30,6973,2025-03-31,3,43222000000,-0.082,,,,,558000000,-0.510,669000000,-0.494,,881000000,,293.22,,,,,,39384000000,18459000000,0.469,,18459000000,,,,,,,,,,,,true,false,9,2024-04-01,2024-12-31,0
2025-01-30,6973,2024-03-31,3,47097000000,0.031,,,,,1140000000,-0.140,1322000000,-0.083,,828000000,,275.49,,,,,,,,,,,,,,,,,,,,,,true,false,9,2023-04-01,2023-12-31,-1
2025-01-30,6973,2025-03-31,3,58000000000,-0.060,,,,,900000000,-0.455,1100000000,-0.367,,1200000000,,399.02,,,,,,,,,,,,,,,,,,,,,,true,true,12,2024-04-01,2025-03-31,0
2025-01-30,6973,2024-03-31,3,,,,,,,,,,,,,,,,,,,,42271000000,17794000000,0.421,,17794000000,,,,,,,,,,,,true,false,12,2023-04-01,2024-03-31,-1
2025-01-30,6973,2024-03-31,3,,,,,,,,,,,,,,,,,,,,,,,,,,,,,95.00,,,,3193545,188174,,false,false,12,2023-04-01,2024-03-31,-1
2025-01-30,6973,2025-03-31,3,,,,,,,,,,,,,,,,,,,,,,,,,,,,,55.00,,,,,,,false,false,12,2024-04-01,2025-03-31,0
2025-01-30,6973,2025-03-31,3,,,,,,,,,,,,,,,,,,,,,,,,,,,,,110.00,,,,,,,false,true,12,2024-04-01,2025-03-31,0
2025-01-30,6973,2025-03-31,3,,,,,,,,,,,,,,,,,,,,,,,,,,,,,,,,,3193545,184726,3007854,false,false,9,2024-04-01,2024-12-31,0
2025-01-30,6973,2024-03-31,3,,,,,,,,,,,,,,,,,,,,,,,,,,,,,,,,,,,3005697,false,false,9,2023-04-01,2023-12-31,-1
2025-04-25,69730,2025-03-31,,57709000000,-0.005,,,,,974000000,0.082,1165000000,0.059,,1576000000,,524.10,,,,,,,,,,,,,,,,,,,,,,true,true,12,2024-04-01,2025-03-31,0
2025-04-25,69730,2024-03-31,,61679000000,,,,,,1652000000,,1737000000,,,1337000000,,445.05,,,,,,,,,,,,,,,,,,,,,,true,false,12,2023-04-01,2024-03-31,-1
2025-01-30,6973,2025-03-31,3,43222000000,-0.082,,,,,558000000,-0.510,669000000,-0.494,,984000000,,327.36,,,,,,39384000000,18459000000,0.469,,18459000000,,,,,,,,,,,,true,false,9,2024-04-01,2024-12-31,0
2025-01-30,6973,2024-03-31,3,47097000000,0.031,,,,,1140000000,-0.140,1322000000,-0.083,,828000000,,275.49,,,,,,,,,,,,,,,,,,,,,,true,false,9,2023-04-01,2023-12-31,-1
2025-01-30,6973,2025-03-31,3,58000000000,-0.060,,,,,900000000,-0.455,1100000000,-0.367,,1200000000,,399.02,,,,,,,,,,,,,,,,,,,,,,true,true,12,2024-04-01,2025-03-31,0
2025-01-30,6973,2024-03-31,3,,,,,,,,,,,,,,,,,,,,42271000000,17794000000,0.421,,17794000000,,,,,,,,,,,,true,false,12,2023-04-01,2024-03-31,-1
2025-01-30,6973,2024-03-31,3,,,,,,,,,,,,,,,,,,,,,,,,,,,,,95.00,,,,3193545,188174,,false,false,12,2023-04-01,2024-03-31,-1
2025-01-30,6973,2025-03-31,3,,,,,,,,,,,,,,,,,,,,,,,,,,,,,55.00,,,,,,,false,false,12,2024-04-01,2025-03-31,0
2025-01-30,6973,2025-03-31,3,,,,,,,,,,,,,,,,,,,,,,,,,,,,,110.00,,,,,,,false,true,12,2024-04-01,2025-03-31,0
2025-01-30,6973,2025-03-31,3,,,,,,,,,,,,,,,,,,,,,,,,,,,,,,,,,3193545,184726,3007854,false,false,9,2024-04-01,2024-12-31,0
2025-01-30,6973,2024-03-31,3,,,,,,,,,,,,,,,,,,,,,,,,,,,,,,,,,,,3005697,false,false,9,2023-04-01,2023-12-31,-1
2025-05-13,6973,2025-03-31,,57709000000,-0.064,,,,,974000000,-0.410,1165000000,-0.329,,1719000000,,571.54,,0.093,0.029,0.017,,37864000000,18995000000,0.502,6313.40,18995000000,466000000,740000000,-1302000000,3488000000,,0.192,,,,,,true,false,12,2024-04-01,2025-03-31,0
2025-05-13,6973,2024-03-31,,61679000000,0.019,,,,,1652000000,0.123,1737000000,0.114,,1337000000,,445.05,,0.081,0.044,0.027,,42271000000,17794000000,0.421,5920.93,17794000000,1995000000,-13000000,-890000000,3579000000,,0.213,,,,,,true,false,12,2023-04-01,2024-03-31,-1
2025-05-13,6973,2026-03-31,,28000000000,-0.043,,,,,300000000,0.427,250000000,-0.383,,120000000,,39.89,,,,,,,,,,,,,,,,,,,,,,true,true,6,2025-04-01,2025-09-30,1
2025-05-13,6973,2026-03-31,,58000000000,0.005,,,,,1100000000,0.129,1000000000,-0.142,,850000000,,282.57,,,,,,,,,,,,,,,,0.389,,,,,,true,true,12,2025-04-01,2026-03-31,1
2025-05-13,6973,2025-03-31,,51168000000,-0.023,,,,,1186000000,-0.360,1449000000,-0.306,1582000000,,0.375,526.22,,,,,,35666000000,17268000000,0.484,5739.49,17268000000,,,,,110.00,,,,3193545,184746,3008090,false,false,12,2024-04-01,2025-03-31,0
2025-05-13,6973,2024-03-31,,52388000000,-0.004,,,,,1853000000,0.260,2089000000,0.275,1150000000,,,382.95,,,,,,38948000000,16021000000,0.411,5330.87,16021000000,,,,,95.00,,,,3193545,188174,3005638,false,false,12,2023-04-01,2024-03-31,-1
2025-05-13,6973,2026-03-31,,,,,,,,,,,,,,,,,,,,,,,,,,,,,,110.00,,,,,,,false,true,12,2025-04-01,2026-03-31,1
,69730,2026-03-31,,,,,,,,,,,,,,,,,,,,,,,,,,,,,,0.00,,,,,,,false,true,12,2025-04-01,2026-03-31,0
,69730,2025-03-31,,,,,,,,,,,,,,,,,,,,,,,,,,,,,,110.00,,,,,,,false,false,12,2024-04-01,2025-03-31,-1
2025-07-30,6973,2026-03-31,1,11860000000,-0.207,,,,,-217000000,,-293000000,,,-385000000,,-127.98,,,,,,36059000000,18612000000,0.516,,18612000000,,,,,,,,,,,,true,false,3,2025-04-01,2025-06-30,0
2025-07-30,6973,2025-03-31,1,14950000000,-0.043,,,,,134000000,-0.599,159000000,-0.637,,651000000,,216.78,,,,,,,,,,,,,,,,,,,,,,true,false,3,2024-04-01,2024-06-30,-1
2025-07-30,6973,2025-03-31,1,,,,,,,,,,,,,,,,,,,,37864000000,18995000000,0.502,,18995000000,,,,,,,,,,,,true,false,12,2024-04-01,2025-03-31,-1
2025-07-30,6973,2025-03-31,1,,,,,,,,,,,,,,,,,,,,,,,,,,,,,110.00,,,,3193545,184746,,false,false,12,2024-04-01,2025-03-31,-1
2025-07-30,6973,2026-03-31,1,,,,,,,,,,,,,,,,,,,,,,,,,,,,,,,,,3193545,184969,3008710,false,false,3,2025-04-01,2025-06-30,0
2025-07-30,6973,2025-03-31,1,,,,,,,,,,,,,,,,,,,,,,,,,,,,,,,,,,,3005757,false,false,3,2024-04-01,2024-06-30,-1
