filing_date,code,fiscal_year_end,quarterly_period,net_sales,net_sales_change,revenue,revenue_change,operating_revenue,operating_revenue_change,operating_profit,operating_profit_change,ordinary_profit,ordinary_profit_change,net_income,net_income_of_parent,net_income_change,eps,diluted_eps,roe,roa,operating_profit_to_net_sales,operating_profit_to_revenue,total_assets,net_assets,equity_ratio,bps,owner_equity,operating_cash_flow,investing_cash_flow,financing_cash_flow,cash,dividend_per_share,payout_ratio,commemorative_dividend,extra_dividend,number_of_shares,number_of_treqsury_shares,avg_number_of_shares,is_consolidated,is_forecast,duration,period_start,period_end,period_pos
2015-07-31,69810,2016-03-31,1,280828000000,0.288,,,,,,,,,,,,,,,,,,1438105000000,,,,,,,,,,,,,,,,true,false,3,2015-04-01,2015-06-30,0
2015-07-31,69810,2015-03-31,1,217988000000,0.132,,,,,,,,,,,,,,,,,,,,,,,,,,,,,,,,,,true,false,3,2014-04-01,2014-06-30,-1
2015-07-31,69810,2016-03-31,1,572000000000,0.200,,,,,,,,,,,,,,,,,,,,,,,,,,,,,,,,,,true,true,6,2015-04-01,2015-09-30,0
2015-07-31,69810,2016-03-31,1,1160000000000,0.112,,,,,,,,,,,,,,,,,,,,,,,,,,,,,,,,,,true,true,12,2015-04-01,2016-03-31,0
2015-07-31,69810,2015-03-31,1,,,,,,,,,,,,,,,,,,,,1431303000000,,,,,,,,,,,,,,,,true,false,12,2014-04-01,2015-03-31,-1
2015-07-31,69810,2015-03-31,1,,,,,,,,,,,,,,,,,,,,,,,,,,,,,180.00,,,,225263592,13558666,,false,false,12,2014-04-01,2015-03-31,-1
2015-07-31,69810,2016-03-31,1,,,,,,,,,,,,,,,,,,,,,,,,,,,,,200.00,,,,,,,false,true,12,2015-04-01,2016-03-31,0
2015-07-31,69810,2016-03-31,1,,,,,,,,,,,,,,,,,,,,,,,,,,,,,,,,,225263592,13559504,211704587,false,false,3,2015-04-01,2015-06-30,0
2015-07-31,69810,2015-03-31,1,,,,,,,,,,,,,,,,,,,,,,,,,,,,,,,,,,,211707453,false,false,3,2014-04-01,2014-06-30,-1
2015-10-30,69810,2016-03-31,2,609809000000,0.280,,,,,,,,,,,,,,,,,,1519062000000,,,,,,,,,,,,,,,,true,false,6,2015-04-01,2015-09-30,0
2015-10-30,69810,2015-03-31,2,476585000000,0.151,,,,,,,,,,,,,,,,,,,,,,,,,,,,,,,,,,true,false,6,2014-04-01,2014-09-30,-1
2015-10-30,69810,2016-03-31,2,1200000000000,0.150,,,,,,,,,,,,,,,,,,,,,,,,,,,,,,,,,,true,true,12,2015-04-01,2016-03-31,0
2015-10-30,69810,2015-03-31,2,,,,,,,,,,,,,,,,,,,,1431303000000,,,,,,,,,,,,,,,,true,false,12,2014-04-01,2015-03-31,-1
2015-10-30,69810,2015-03-31,2,,,,,,,,,,,,,,,,,,,,,,,,,,,,,180.00,,,,225263592,13558666,,false,false,12,2014-04-01,2015-03-31,-1
2015-10-30,69810,2016-03-31,2,,,,,,,,,,,,,,,,,,,,,,,,,,,,,100.00,,,,,,,false,false,12,2015-04-01,2016-03-31,0
2015-10-30,69810,2016-03-31,2,,,,,,,,,,,,,,,,,,,,,,,,,,,,,200.00,,,,,,,false,true,12,2015-04-01,2016-03-31,0
2015-10-30,69810,2016-03-31,2,,,,,,,,,,,,,,,,,,,,,,,,,,,,,,,,,225263592,13560008,211704158,false,false,6,2015-04-01,2015-09-30,0
2015-10-30,69810,2015-03-31,2,,,,,,,,,,,,,,,,,,,,,,,,,,,,,,,,,,,211707114,false,false,6,2014-04-01,2014-09-30,-1
2016-01-29,69810,2016-03-31,3,949487000000,0.221,,,,,,,,,,,,,,,,,,1510366000000,,,,,,,,,,,,,,,,true,false,9,2015-04-01,2015-12-31,0
2016-01-29,69810,2015-03-31,3,777714000000,0.198,,,,,,,,,,,,,,,,,,,,,,,,,,,,,,,,,,true,false,9,2014-04-01,2014-12-31,-1
2016-01-29,69810,2016-03-31,3,1200000000000,0.150,,,,,,,,,,,,,,,,,,,,,,,,,,,,,,,,,,true,true,12,2015-04-01,2016-03-31,0
2016-01-29,69810,2015-03-31,3,,,,,,,,,,,,,,,,,,,,1431303000000,,,,,,,,,,,,,,,,true,false,12,2014-04-01,2015-03-31,-1
2016-01-29,69810,2015-03-31,3,,,,,,,,,,,,,,,,,,,,,,,,,,,,,180.00,,,,225263592,13558666,,false,false,12,2014-04-01,2015-03-31,-1
2016-01-29,69810,2016-03-31,3,,,,,,,,,,,,,,,,,,,,,,,,,,,,,100.00,,,,,,,false,false,12,2015-04-01,2016-03-31,0
2016-01-29,69810,2016-03-31,3,,,,,,,,,,,,,,,,,,,,,,,,,,,,,200.00,,,,,,,false,true,12,2015-04-01,2016-03-31,0
2016-01-29,69810,2016-03-31,3,,,,,,,,,,,,,,,,,,,,,,,,,,,,,,,,,225263592,13560732,211703883,false,false,9,2015-04-01,2015-12-31,0
2016-01-29,69810,2015-03-31,3,,,,,,,,,,,,,,,,,,,,,,,,,,,,,,,,,,,211706777,false,false,9,2014-04-01,2014-12-31,-1
,69810,2016-03-31,,,,,,,,,,,,,,,,,,,,,,,,,,,,,,210.00,,,,,,,false,true,12,2015-04-01,2016-03-31,0
,69810,2016-03-31,,,,,,,,,,,,,,,,,,,,,,,,,,,,,,100.00,,,,,,,false,false,12,2015-04-01,2016-03-31,0
,69810,2015-03-31,,,,,,,,,,,,,,,,,,,,,,,,,,,,,,180.00,,,,,,,false,false,12,2014-04-01,2015-03-31,-1
2016-04-28,69810,2016-03-31,,1210841000000,0.160,,,,,,,,,,,,,,,,,,1517784000000,,,,,252451000000,-205316000000,-56614000000,212570000000,,0.218,,,,,,true,false,12,2015-04-01,2016-03-31,0
2016-04-28,69810,2015-03-31,,1043542000000,0.232,,,,,,,,,,,,,,,,,,1431303000000,,,,,259936000000,-91379000000,-66966000000,212936000000,,0.227,,,,,,true,false,12,2014-04-01,2015-03-31,-1
2016-04-28,69810,2017-03-31,,620000000000,0.017,,,,,,,,,,,,,,,,,,,,,,,,,,,,,,,,,,true,true,6,2016-04-01,2016-09-30,1
2016-04-28,69810,2017-03-31,,1225000000000,0.012,,,,,,,,,,,,,,,,,,,,,,,,,,,,0.262,,,,,,true,true,12,2016-04-01,2017-03-31,1
2016-04-28,69810,2016-03-31,,889121000000,0.181,,,,,55457000000,-0.078,95732000000,-0.208,80721000000,,-0.182,381.29,,,,,,840658000000,533022000000,0.634,2517.79,533022000000,,,,,210.00,,,,225263592,13560912,211703608,false,false,12,2015-04-01,2016-03-31,0
2016-04-28,69810,2015-03-31,,752660000000,0.185,,,,,60174000000,0.839,120840000000,1.087,98694000000,,0.926,466.18,,,,,,855498000000,499356000000,0.584,2358.74,499356000000,,,,,180.00,,,,225263592,13558666,211706421,false,false,12,2014-04-01,2015-03-31,-1
2016-04-28,69810,2017-03-31,,,,,,,,,,,,,,,,,,,,,,,,,,,,,,220.00,,,,,,,false,true,12,2016-04-01,2017-03-31,1
2016-07-28,69810,2017-03-31,1,260925000000,-0.071,,,,,,,,,,,,,,,,,,1444497000000,,,,,,,,,,,,,,,,true,false,3,2016-04-01,2016-06-30,0
2016-07-28,69810,2016-03-31,1,280828000000,0.288,,,,,,,,,,,,,,,,,,,,,,,,,,,,,,,,,,true,false,3,2015-04-01,2015-06-30,-1
2016-07-28,69810,2017-03-31,1,620000000000,0.017,,,,,,,,,,,,,,,,,,,,,,,,,,,,,,,,,,true,true,6,2016-04-01,2016-09-30,0
2016-07-28,69810,2017-03-31,1,1225000000000,0.012,,,,,,,,,,,,,,,,,,,,,,,,,,,,,,,,,,true,true,12,2016-04-01,2017-03-31,0
2016-07-28,69810,2016-03-31,1,,,,,,,,,,,,,,,,,,,,1517784000000,,,,,,,,,,,,,,,,true,false,12,2015-04-01,2016-03-31,-1
2016-07-28,69810,2016-03-31,1,,,,,,,,,,,,,,,,,,,,,,,,,,,,,210.00,,,,225263592,13560912,,false,false,12,2015-04-01,2016-03-31,-1
2016-07-28,69810,2017-03-31,1,,,,,,,,,,,,,,,,,,,,,,,,,,,,,220.00,,,,,,,false,true,12,2016-04-01,2017-03-31,0
2016-07-28,69810,2017-03-31,1,,,,,,,,,,,,,,,,,,,,,,,,,,,,,,,,,225263592,12523238,212399040,false,false,3,2016-04-01,2016-06-30,0
2016-07-28,69810,2016-03-31,1,,,,,,,,,,,,,,,,,,,,,,,,,,,,,,,,,,,211704587,false,false,3,2015-04-01,2015-06-30,-1
2016-10-31,69810,2017-03-31,2,561920000000,-0.079,,,,,,,,,,,,,,,,,,1508088000000,,,,,,,,,,,,,,,,true,false,6,2016-04-01,2016-09-30,0
2016-10-31,69810,2016-03-31,2,609809000000,0.280,,,,,,,,,,,,,,,,,,,,,,,,,,,,,,,,,,true,false,6,2015-04-01,2015-09-30,-1
2016-10-31,69810,2017-03-31,2,1115000000000,-0.079,,,,,,,,,,,,,,,,,,,,,,,,,,,,,,,,,,true,true,12,2016-04-01,2017-03-31,0
2016-10-31,69810,2016-03-31,2,,,,,,,,,,,,,,,,,,,,1517784000000,,,,,,,,,,,,,,,,true,false,12,2015-04-01,2016-03-31,-1
2016-10-31,69810,2016-03-31,2,,,,,,,,,,,,,,,,,,,,,,,,,,,,,210.00,,,,225263592,13560912,,false,false,12,2015-04-01,2016-03-31,-1
2016-10-31,69810,2017-03-31,2,,,,,,,,,,,,,,,,,,,,,,,,,,,,,110.00,,,,,,,false,false,12,2016-04-01,2017-03-31,0
2016-10-31,69810,2017-03-31,2,,,,,,,,,,,,,,,,,,,,,,,,,,,,,220.00,,,,,,,false,true,12,2016-04-01,2017-03-31,0
2016-10-31,69810,2017-03-31,2,,,,,,,,,,,,,,,,,,,,,,,,,,,,,,,,,225263592,12523761,212570519,false,false,6,2016-04-01,2016-09-30,0
2016-10-31,69810,2016-03-31,2,,,,,,,,,,,,,,,,,,,,,,,,,,,,,,,,,,,211704158,false,false,6,2015-04-01,2015-09-30,-1
2017-01-31,69810,2017-03-31,3,865934000000,-0.088,,,,,,,,,,,,,,,,,,1616528000000,,,,,,,,,,,,,,,,true,false,9,2016-04-01,2016-12-31,0
2017-01-31,69810,2016-03-31,3,949487000000,0.221,,,,,,,,,,,,,,,,,,,,,,,,,,,,,,,,,,true,false,9,2015-04-01,2015-12-31,-1
2017-01-31,69810,2017-03-31,3,1115000000000,-0.079,,,,,,,,,,,,,,,,,,,,,,,,,,,,,,,,,,true,true,12,2016-04-01,2017-03-31,0
2017-01-31,69810,2016-03-31,3,,,,,,,,,,,,,,,,,,,,1517784000000,,,,,,,,,,,,,,,,true,false,12,2015-04-01,2016-03-31,-1
2017-01-31,69810,2016-03-31,3,,,,,,,,,,,,,,,,,,,,,,,,,,,,,210.00,,,,225263592,13560912,,false,false,12,2015-04-01,2016-03-31,-1
2017-01-31,69810,2017-03-31,3,,,,,,,,,,,,,,,,,,,,,,,,,,,,,110.00,,,,,,,false,false,12,2016-04-01,2017-03-31,0
2017-01-31,69810,2017-03-31,3,,,,,,,,,,,,,,,,,,,,,,,,,,,,,220.00,,,,,,,false,true,12,2016-04-01,2017-03-31,0
2017-01-31,69810,2017-03-31,3,,,,,,,,,,,,,,,,,,,,,,,,,,,,,,,,,225263592,12524562,212627082,false,false,9,2016-04-01,2016-12-31,0
2017-01-31,69810,2016-03-31,3,,,,,,,,,,,,,,,,,,,,,,,,,,,,,,,,,,,211703883,false,false,9,2015-04-01,2015-12-31,-1
2017-04-28,69810,2017-03-31,,1135524000000,-0.062,,,,,,,,,,,,,,,,,,1634999000000,,,,,243920000000,-202697000000,-11729000000,239184000000,,0.300,,,,,,true,false,12,2016-04-01,2017-03-31,0
2017-04-28,69810,2016-03-31,,1210841000000,0.160,,,,,,,,,,,,,,,,,,1517784000000,,,,,252451000000,-205316000000,-56614000000,212570000000,,0.218,,,,,,true,false,12,2015-04-01,2016-03-31,-1
2017-04-28,69810,2018-03-31,,600000000000,0.068,,,,,,,,,,,,,,,,,,,,,,,,,,,,,,,,,,true,true,6,2017-04-01,2017-09-30,1
2017-04-28,69810,2018-03-31,,1225000000000,0.079,,,,,,,,,,,,,,,,,,,,,,,,,,,,0.318,,,,,,true,true,12,2017-04-01,2018-03-31,1
2017-04-28,69810,2017-03-31,,831136000000,-0.065,,,,,33525000000,-0.395,73134000000,-0.236,75754000000,,-0.062,356.23,,,,,,942873000000,580270000000,0.615,2727.62,580270000000,,,,,220.00,,,,225263592,12525306,212654609,false,false,12,2016-04-01,2017-03-31,0
2017-04-28,69810,2016-03-31,,889121000000,0.181,,,,,55457000000,-0.078,95732000000,-0.208,80721000000,,-0.182,381.29,,,,,,840658000000,533022000000,0.634,2517.79,533022000000,,,,,210.00,,,,225263592,13560912,211703608,false,false,12,2015-04-01,2016-03-31,-1
2017-04-28,69810,2018-03-31,,,,,,,,,,,,,,,,,,,,,,,,,,,,,,260.00,,,,,,,false,true,12,2017-04-01,2018-03-31,1
2017-07-31,69810,2018-03-31,1,274964000000,0.054,,,,,,,,,,,,,,,,,,1613044000000,,,,,,,,,,,,,,,,true,false,3,2017-04-01,2017-06-30,0
2017-07-31,69810,2017-03-31,1,260925000000,-0.071,,,,,,,,,,,,,,,,,,,,,,,,,,,,,,,,,,true,false,3,2016-04-01,2016-06-30,-1
2017-07-31,69810,2018-03-31,1,600000000000,0.068,,,,,,,,,,,,,,,,,,,,,,,,,,,,,,,,,,true,true,6,2017-04-01,2017-09-30,0
2017-07-31,69810,2018-03-31,1,1225000000000,0.079,,,,,,,,,,,,,,,,,,,,,,,,,,,,,,,,,,true,true,12,2017-04-01,2018-03-31,0
2017-07-31,69810,2017-03-31,1,,,,,,,,,,,,,,,,,,,,1634999000000,,,,,,,,,,,,,,,,true,false,12,2016-04-01,2017-03-31,-1
2017-07-31,69810,2017-03-31,1,,,,,,,,,,,,,,,,,,,,,,,,,,,,,220.00,,,,225263592,12525306,,false,false,12,2016-04-01,2017-03-31,-1
2017-07-31,69810,2018-03-31,1,,,,,,,,,,,,,,,,,,,,,,,,,,,,,260.00,,,,,,,false,true,12,2017-04-01,2018-03-31,0
2017-07-31,69810,2018-03-31,1,,,,,,,,,,,,,,,,,,,,,,,,,,,,,,,,,225263592,12525534,212738165,false,false,3,2017-04-01,2017-06-30,0
2017-07-31,69810,2017-03-31,1,,,,,,,,,,,,,,,,,,,,,,,,,,,,,,,,,,,212399040,false,false,3,2016-04-01,2016-06-30,-1
2017-10-31,69810,2018-03-31,2,619622000000,0.103,,,,,,,,,,,,,,,,,,1821657000000,,,,,,,,,,,,,,,,true,false,6,2017-04-01,2017-09-30,0
2017-10-31,69810,2017-03-31,2,561920000000,-0.079,,,,,,,,,,,,,,,,,,,,,,,,,,,,,,,,,,true,false,6,2016-04-01,2016-09-30,-1
2017-10-31,69810,2018-03-31,2,1362000000000,0.199,,,,,,,,,,,,,,,,,,,,,,,,,,,,,,,,,,true,true,12,2017-04-01,2018-03-31,0
2017-10-31,69810,2017-03-31,2,,,,,,,,,,,,,,,,,,,,1634999000000,,,,,,,,,,,,,,,,true,false,12,2016-04-01,2017-03-31,-1
2017-10-31,69810,2017-03-31,2,,,,,,,,,,,,,,,,,,,,,,,,,,,,,220.00,,,,225263592,12525306,,false,false,12,2016-04-01,2017-03-31,-1
2017-10-31,69810,2018-03-31,2,,,,,,,,,,,,,,,,,,,,,,,,,,,,,130.00,,,,,,,false,false,12,2017-04-01,2018-03-31,0
2017-10-31,69810,2018-03-31,2,,,,,,,,,,,,,,,,,,,,,,,,,,,,,260.00,,,,,,,false,true,12,2017-04-01,2018-03-31,0
2017-10-31,69810,2018-03-31,2,,,,,,,,,,,,,,,,,,,,,,,,,,,,,,,,,225271427,12526490,212738388,false,false,6,2017-04-01,2017-09-30,0
2017-10-31,69810,2017-03-31,2,,,,,,,,,,,,,,,,,,,,,,,,,,,,,,,,,,,212570519,false,false,6,2016-04-01,2016-09-30,-1
2017-10-31,69810,2018-03-31,,1362000000000,0.112,,,,,170000000000,-0.248,,,,,,,,,,,,,,,,,,,,,,,,,,,,true,true,12,2017-04-01,2018-03-31,0
2017-10-31,69810,2017-03-31,,1135524000000,,,,,,201215000000,,,,,,,,,,,,,,,,,,,,,,,,,,,,,true,false,12,2016-04-01,2017-03-31,-1
2018-01-30,69810,2018-03-31,3,1033145000000,0.193,,,,,,,,,,,,,,,,,,1866012000000,,,,,,,,,,,,,,,,true,false,9,2017-04-01,2017-12-31,0
2018-01-30,69810,2017-03-31,3,865934000000,-0.088,,,,,,,,,,,,,,,,,,,,,,,,,,,,,,,,,,true,false,9,2016-04-01,2016-12-31,-1
2018-01-30,69810,2018-03-31,3,1362000000000,0.199,,,,,,,,,,,,,,,,,,,,,,,,,,,,,,,,,,true,true,12,2017-04-01,2018-03-31,0
2018-01-30,69810,2017-03-31,3,,,,,,,,,,,,,,,,,,,,1634999000000,,,,,,,,,,,,,,,,true,false,12,2016-04-01,2017-03-31,-1
2018-01-30,69810,2017-03-31,3,,,,,,,,,,,,,,,,,,,,,,,,,,,,,220.00,,,,225263592,12525306,,false,false,12,2016-04-01,2017-03-31,-1
2018-01-30,69810,2018-03-31,3,,,,,,,,,,,,,,,,,,,,,,,,,,,,,130.00,,,,,,,false,false,12,2017-04-01,2018-03-31,0
2018-01-30,69810,2018-03-31,3,,,,,,,,,,,,,,,,,,,,,,,,,,,,,260.00,,,,,,,false,true,12,2017-04-01,2018-03-31,0
2018-01-30,69810,2018-03-31,3,,,,,,,,,,,,,,,,,,,,,,,,,,,,,,,,,225271427,12019773,212907975,false,false,9,2017-04-01,2017-12-31,0
2018-01-30,69810,2017-03-31,3,,,,,,,,,,,,,,,,,,,,,,,,,,,,,,,,,,,212627082,false,false,9,2016-04-01,2016-12-31,-1
2018-04-27,69810,2018-03-31,,1371842000000,0.208,,,,,,,,,,,,,,,,,,1797013000000,,,,,225249000000,-194165000000,-83585000000,187910000000,,0.379,,,,,,true,false,12,2017-04-01,2018-03-31,0
2018-04-27,69810,2017-03-31,,1135524000000,-0.062,,,,,,,,,,,,,,,,,,1634999000000,,,,,243920000000,-202697000000,-11729000000,239184000000,,0.300,,,,,,true,false,12,2016-04-01,2017-03-31,-1
2018-04-27,69810,2019-03-31,,753000000000,0.215,,,,,,,,,,,,,,,,,,,,,,,,,,,,,,,,,,true,true,6,2018-04-01,2018-09-30,1
2018-04-27,69810,2019-03-31,,1575000000000,0.148,,,,,,,,,,,,,,,,,,,,,,,,,,,,0.332,,,,,,true,true,12,2018-04-01,2019-03-31,1
2018-04-27,69810,2018-03-31,,948594000000,0.141,,,,,8385000000,-0.750,41193000000,-0.437,48095000000,,-0.365,225.82,,,,,,1015877000000,587945000000,0.579,2757.06,587945000000,,,,,260.00,,,,225271427,12020374,212993110,false,false,12,2017-04-01,2018-03-31,0
2018-04-27,69810,2017-03-31,,831136000000,-0.065,,,,,33525000000,-0.395,73134000000,-0.236,75754000000,,-0.062,356.23,,,,,,942873000000,580270000000,0.615,2727.62,580270000000,,,,,220.00,,,,225263592,12525306,212654609,false,false,12,2016-04-01,2017-03-31,-1
2018-04-27,69810,2019-03-31,,,,,,,,,,,,,,,,,,,,,,,,,,,,,,280.00,,,,,,,false,true,12,2018-04-01,2019-03-31,1
2018-07-31,69810,2019-03-31,1,345508000000,0.257,,,,,,,,,,,,,,,,,,1900481000000,,,,,,,,,,,,,,,,true,false,3,2018-04-01,2018-06-30,0
2018-07-31,69810,2018-03-31,1,274964000000,0.054,,,,,,,,,,,,,,,,,,,,,,,,,,,,,,,,,,true,false,3,2017-04-01,2017-06-30,-1
2018-07-31,69810,2019-03-31,1,753000000000,0.215,,,,,,,,,,,,,,,,,,,,,,,,,,,,,,,,,,true,true,6,2018-04-01,2018-09-30,0
2018-07-31,69810,2019-03-31,1,1575000000000,0.148,,,,,,,,,,,,,,,,,,,,,,,,,,,,,,,,,,true,true,12,2018-04-01,2019-03-31,0
2018-07-31,69810,2018-03-31,1,,,,,,,,,,,,,,,,,,,,1797013000000,,,,,,,,,,,,,,,,true,false,12,2017-04-01,2018-03-31,-1
2018-07-31,69810,2018-03-31,1,,,,,,,,,,,,,,,,,,,,,,,,,,,,,260.00,,,,225271427,12020374,,false,false,12,2017-04-01,2018-03-31,-1
2018-07-31,69810,2019-03-31,1,,,,,,,,,,,,,,,,,,,,,,,,,,,,,280.00,,,,,,,false,true,12,2018-04-01,2019-03-31,0
2018-07-31,69810,2019-03-31,1,,,,,,,,,,,,,,,,,,,,,,,,,,,,,,,,,225271427,12021367,213249696,false,false,3,2018-04-01,2018-06-30,0
2018-07-31,69810,2018-03-31,1,,,,,,,,,,,,,,,,,,,,,,,,,,,,,,,,,,,212738165,false,false,3,2017-04-01,2017-06-30,-1
2018-10-31,69810,2019-03-31,2,788394000000,0.272,,,,,,,,,,,,,,,,,,2043860000000,,,,,,,,,,,,,,,,true,false,6,2018-04-01,2018-09-30,0
2018-10-31,69810,2018-03-31,2,619622000000,0.103,,,,,,,,,,,,,,,,,,,,,,,,,,,,,,,,,,true,false,6,2017-04-01,2017-09-30,-1
2018-10-31,69810,2019-03-31,2,1620000000000,0.181,,,,,,,,,,,,,,,,,,,,,,,,,,,,,,,,,,true,true,12,2018-04-01,2019-03-31,0
2018-10-31,69810,2018-03-31,2,,,,,,,,,,,,,,,,,,,,1797013000000,,,,,,,,,,,,,,,,true,false,12,2017-04-01,2018-03-31,-1
2018-10-31,69810,2018-03-31,2,,,,,,,,,,,,,,,,,,,,,,,,,,,,,260.00,,,,225271427,12020374,,false,false,12,2017-04-01,2018-03-31,-1
2018-10-31,69810,2019-03-31,2,,,,,,,,,,,,,,,,,,,,,,,,,,,,,140.00,,,,,,,false,false,12,2018-04-01,2019-03-31,0
2018-10-31,69810,2019-03-31,2,,,,,,,,,,,,,,,,,,,,,,,,,,,,,280.00,,,,,,,false,true,12,2018-04-01,2019-03-31,0
2018-10-31,69810,2019-03-31,2,,,,,,,,,,,,,,,,,,,,,,,,,,,,,,,,,225271427,12014394,213250189,false,false,6,2018-04-01,2018-09-30,0
2018-10-31,69810,2018-03-31,2,,,,,,,,,,,,,,,,,,,,,,,,,,,,,,,,,,,212738388,false,false,6,2017-04-01,2017-09-30,-1
2019-01-31,69810,2019-03-31,3,1216008000000,0.177,,,,,,,,,,,,,,,,,,2047233000000,,,,,,,,,,,,,,,,true,false,9,2018-04-01,2018-12-31,0
2019-01-31,69810,2018-03-31,3,1033145000000,0.193,,,,,,,,,,,,,,,,,,,,,,,,,,,,,,,,,,true,false,9,2017-04-01,2017-12-31,-1
2019-01-31,69810,2019-03-31,3,1620000000000,0.181,,,,,,,,,,,,,,,,,,,,,,,,,,,,,,,,,,true,true,12,2018-04-01,2019-03-31,0
2019-01-31,69810,2018-03-31,3,,,,,,,,,,,,,,,,,,,,1797013000000,,,,,,,,,,,,,,,,true,false,12,2017-04-01,2018-03-31,-1
2019-01-31,69810,2018-03-31,3,,,,,,,,,,,,,,,,,,,,,,,,,,,,,260.00,,,,225271427,12020374,,false,false,12,2017-04-01,2018-03-31,-1
2019-01-31,69810,2019-03-31,3,,,,,,,,,,,,,,,,,,,,,,,,,,,,,140.00,,,,,,,false,false,12,2018-04-01,2019-03-31,0
2019-01-31,69810,2019-03-31,3,,,,,,,,,,,,,,,,,,,,,,,,,,,,,280.00,,,,,,,false,true,12,2018-04-01,2019-03-31,0
2019-01-31,69810,2019-03-31,3,,,,,,,,,,,,,,,,,,,,,,,,,,,,,,,,,225271427,12014514,213250928,false,false,9,2018-04-01,2018-12-31,0
2019-01-31,69810,2018-03-31,3,,,,,,,,,,,,,,,,,,,,,,,,,,,,,,,,,,,212907975,false,false,9,2017-04-01,2017-12-31,-1
2019-04-26,69810,2019-03-31,,1575026000000,0.148,,,,,,,,,,,,,,,,,,2048893000000,,,,,279842000000,-303741000000,51546000000,217805000000,,0.289,,,,,,true,false,12,2018-04-01,2019-03-31,0
2019-04-26,69810,2018-03-31,,1371842000000,0.208,,,,,,,,,,,,,,,,,,1797013000000,,,,,225249000000,-194165000000,-83585000000,187910000000,,0.379,,,,,,true,false,12,2017-04-01,2018-03-31,-1
2019-04-26,69810,2020-03-31,,765000000000,-0.030,,,,,,,,,,,,,,,,,,,,,,,,,,,,,,,,,,true,true,6,2019-04-01,2019-09-30,1
2019-04-26,69810,2020-03-31,,1580000000000,0.003,,,,,,,,,,,,,,,,,,,,,,,,,,,,0.354,,,,,,true,true,12,2019-04-01,2020-03-31,1
2019-04-26,69810,2019-03-31,,1053105000000,0.110,,,,,46146000000,4.503,63623000000,0.545,67005000000,,0.393,104.73,,,,,,1053270000000,595827000000,0.566,931.32,595827000000,,,,,280.00,,,,675814281,36044256,639755210,false,false,12,2018-04-01,2019-03-31,0
2019-04-26,69810,2018-03-31,,948594000000,0.141,,,,,8385000000,-0.750,41193000000,-0.437,48095000000,,-0.365,75.27,,,,,,1015877000000,587945000000,0.579,919.02,587945000000,,,,,260.00,,,,675814281,36061122,638979330,false,false,12,2017-04-01,2018-03-31,-1
2019-04-26,69810,2020-03-31,,,,,,,,,,,,,,,,,,,,,,,,,,,,,,94.00,,,,,,,false,true,12,2019-04-01,2020-03-31,1
2019-07-31,69810,2020-03-31,1,357556000000,0.035,,,,,,,,,,,,,,,,,,2096887000000,,,,,,,,,,,,,,,,true,false,3,2019-04-01,2019-06-30,0
2019-07-31,69810,2019-03-31,1,345508000000,0.257,,,,,,,,,,,,,,,,,,,,,,,,,,,,,,,,,,true,false,3,2018-04-01,2018-06-30,-1
2019-07-31,69810,2020-03-31,1,765000000000,-0.030,,,,,,,,,,,,,,,,,,,,,,,,,,,,,,,,,,true,true,6,2019-04-01,2019-09-30,0
2019-07-31,69810,2020-03-31,1,1580000000000,0.003,,,,,,,,,,,,,,,,,,,,,,,,,,,,,,,,,,true,true,12,2019-04-01,2020-03-31,0
2019-07-31,69810,2019-03-31,1,,,,,,,,,,,,,,,,,,,,2048893000000,,,,,,,,,,,,,,,,true,false,12,2018-04-01,2019-03-31,-1
2019-07-31,69810,2019-03-31,1,,,,,,,,,,,,,,,,,,,,,,,,,,,,,280.00,,,,675814281,36044256,,false,false,12,2018-04-01,2019-03-31,-1
2019-07-31,69810,2020-03-31,1,,,,,,,,,,,,,,,,,,,,,,,,,,,,,94.00,,,,,,,false,true,12,2019-04-01,2020-03-31,0
2019-07-31,69810,2020-03-31,1,,,,,,,,,,,,,,,,,,,,,,,,,,,,,,,,,675814281,36045112,639767329,false,false,3,2019-04-01,2019-06-30,0
2019-07-31,69810,2019-03-31,1,,,,,,,,,,,,,,,,,,,,,,,,,,,,,,,,,,,639749087,false,false,3,2018-04-01,2018-06-30,-1
2019-10-31,69810,2020-03-31,2,760938000000,-0.035,,,,,,,,,,,,,,,,,,2180365000000,,,,,,,,,,,,,,,,true,false,6,2019-04-01,2019-09-30,0
2019-10-31,69810,2019-03-31,2,788394000000,0.272,,,,,,,,,,,,,,,,,,,,,,,,,,,,,,,,,,true,false,6,2018-04-01,2018-09-30,-1
2019-10-31,69810,2020-03-31,2,1510000000000,-0.041,,,,,,,,,,,,,,,,,,,,,,,,,,,,,,,,,,true,true,12,2019-04-01,2020-03-31,0
2019-10-31,69810,2019-03-31,2,,,,,,,,,,,,,,,,,,,,2048893000000,,,,,,,,,,,,,,,,true,false,12,2018-04-01,2019-03-31,-1
2019-10-31,69810,2019-03-31,2,,,,,,,,,,,,,,,,,,,,,,,,,,,,,280.00,,,,675814281,36044256,,false,false,12,2018-04-01,2019-03-31,-1
2019-10-31,69810,2020-03-31,2,,,,,,,,,,,,,,,,,,,,,,,,,,,,,47.00,,,,,,,false,false,12,2019-04-01,2020-03-31,0
2019-10-31,69810,2020-03-31,2,,,,,,,,,,,,,,,,,,,,,,,,,,,,,94.00,,,,,,,false,true,12,2019-04-01,2020-03-31,0
2019-10-31,69810,2020-03-31,2,,,,,,,,,,,,,,,,,,,,,,,,,,,,,,,,,675814281,36017152,639770494,false,false,6,2019-04-01,2019-09-30,0
2019-10-31,69810,2019-03-31,2,,,,,,,,,,,,,,,,,,,,,,,,,,,,,,,,,,,639750567,false,false,6,2018-04-01,2018-09-30,-1
2020-02-03,69810,2020-03-31,3,1171160000000,-0.037,,,,,,,,,,,,,,,,,,2243104000000,,,,,,,,,,,,,,,,true,false,9,2019-04-01,2019-12-31,0
2020-02-03,69810,2019-03-31,3,1216008000000,0.177,,,,,,,,,,,,,,,,,,,,,,,,,,,,,,,,,,true,false,9,2018-04-01,2018-12-31,-1
2020-02-03,69810,2020-03-31,3,1510000000000,-0.041,,,,,,,,,,,,,,,,,,,,,,,,,,,,,,,,,,true,true,12,2019-04-01,2020-03-31,0
2020-02-03,69810,2019-03-31,3,,,,,,,,,,,,,,,,,,,,2048893000000,,,,,,,,,,,,,,,,true,false,12,2018-04-01,2019-03-31,-1
2020-02-03,69810,2019-03-31,3,,,,,,,,,,,,,,,,,,,,,,,,,,,,,280.00,,,,675814281,36044256,,false,false,12,2018-04-01,2019-03-31,-1
2020-02-03,69810,2020-03-31,3,,,,,,,,,,,,,,,,,,,,,,,,,,,,,47.00,,,,,,,false,false,12,2019-04-01,2020-03-31,0
2020-02-03,69810,2020-03-31,3,,,,,,,,,,,,,,,,,,,,,,,,,,,,,97.00,,,,,,,false,true,12,2019-04-01,2020-03-31,0
2020-02-03,69810,2020-03-31,3,,,,,,,,,,,,,,,,,,,,,,,,,,,,,,,,,675814281,36017723,639773737,false,false,9,2019-04-01,2019-12-31,0
2020-02-03,69810,2019-03-31,3,,,,,,,,,,,,,,,,,,,,,,,,,,,,,,,,,,,639752782,false,false,9,2018-04-01,2018-12-31,-1
,69810,2020-03-31,,,,,,,,,,,,,,,,,,,,,,,,,,,,,,97.00,,,,,,,false,true,12,2019-04-01,2020-03-31,0
,69810,2020-03-31,,,,,,,,,,,,,,,,,,,,,,,,,,,,,,47.00,,,,,,,false,false,12,2019-04-01,2020-03-31,0
,69810,2019-03-31,,,,,,,,,,,,,,,,,,,,,,,,,,,,,,280.00,,,,,,,false,false,12,2018-04-01,2019-03-31,-1
2020-04-30,69810,2020-03-31,,1534045000000,-0.026,,,,,,,,,,,,,,,,,,2250230000000,,,,,350334000000,-284431000000,17650000000,302320000000,,0.339,,,,,,true,false,12,2019-04-01,2020-03-31,0
2020-04-30,69810,2019-03-31,,1575026000000,0.148,,,,,,,,,,,,,,,,,,2048893000000,,,,,279842000000,-303741000000,51546000000,217805000000,,0.289,,,,,,true,false,12,2018-04-01,2019-03-31,-1
2020-04-30,69810,2021-03-31,,681000000000,-0.105,,,,,,,,,,,,,,,,,,,,,,,,,,,,,,,,,,true,true,6,2020-04-01,2020-09-30,1
2020-04-30,69810,2021-03-31,,1430000000000,-0.068,,,,,,,,,,,,,,,,,,,,,,,,,,,,0.469,,,,,,true,true,12,2020-04-01,2021-03-31,1
2020-04-30,69810,2020-03-31,,1044772000000,-0.008,,,,,37814000000,-0.181,68629000000,0.079,67669000000,,0.010,105.77,,,,,,1147829000000,601650000000,0.524,940.38,601650000000,,,,,97.00,,,,675814281,36017849,639777067,false,false,12,2019-04-01,2020-03-31,0
2020-04-30,69810,2019-03-31,,1053105000000,0.110,,,,,46146000000,4.503,63623000000,0.545,67005000000,,0.393,104.73,,,,,,1053270000000,595827000000,0.566,931.32,595827000000,,,,,280.00,,,,675814281,36044256,639755210,false,false,12,2018-04-01,2019-03-31,-1
2020-04-30,69810,2021-03-31,,,,,,,,,,,,,,,,,,,,,,,,,,,,,,110.00,,,,,,,false,true,12,2020-04-01,2021-03-31,1
2020-07-31,69810,2021-03-31,1,326798000000,-0.086,,,,,,,,,,,,,,,,,,2245824000000,,,,,,,,,,,,,,,,true,false,3,2020-04-01,2020-06-30,0
2020-07-31,69810,2020-03-31,1,357556000000,0.035,,,,,,,,,,,,,,,,,,,,,,,,,,,,,,,,,,true,false,3,2019-04-01,2019-06-30,-1
2020-07-31,69810,2021-03-31,1,681000000000,-0.105,,,,,,,,,,,,,,,,,,,,,,,,,,,,,,,,,,true,true,6,2020-04-01,2020-09-30,0
2020-07-31,69810,2021-03-31,1,1430000000000,-0.068,,,,,,,,,,,,,,,,,,,,,,,,,,,,,,,,,,true,true,12,2020-04-01,2021-03-31,0
2020-07-31,69810,2020-03-31,1,,,,,,,,,,,,,,,,,,,,2250230000000,,,,,,,,,,,,,,,,true,false,12,2019-04-01,2020-03-31,-1
2020-07-31,69810,2020-03-31,1,,,,,,,,,,,,,,,,,,,,,,,,,,,,,97.00,,,,675814281,36017849,,false,false,12,2019-04-01,2020-03-31,-1
2020-07-31,69810,2021-03-31,1,,,,,,,,,,,,,,,,,,,,,,,,,,,,,110.00,,,,,,,false,true,12,2020-04-01,2021-03-31,0
2020-07-31,69810,2021-03-31,1,,,,,,,,,,,,,,,,,,,,,,,,,,,,,,,,,675814281,36018212,639793799,false,false,3,2020-04-01,2020-06-30,0
2020-07-31,69810,2020-03-31,1,,,,,,,,,,,,,,,,,,,,,,,,,,,,,,,,,,,639767329,false,false,3,2019-04-01,2019-06-30,-1
2020-10-23,69810,2021-03-31,,751000000000,0.103,,,131000000000,0.351,,,,,,,,,,,,,,,,,,,,,,,,,,,,,,true,true,6,2020-04-01,2020-09-30,0
2020-10-23,69810,2020-03-31,,760938000000,,,,121393000000,,,,,,,,,,,,,,,,,,,,,,,,,,,,,,,true,false,6,2019-04-01,2019-09-30,-1
2020-10-30,69810,2021-03-31,2,752005000000,-0.012,,,,,,,,,,,,,,,,,,2338922000000,,,,,,,,,,,,,,,,true,false,6,2020-04-01,2020-09-30,0
2020-10-30,69810,2020-03-31,2,760938000000,-0.035,,,,,,,,,,,,,,,,,,,,,,,,,,,,,,,,,,true,false,6,2019-04-01,2019-09-30,-1
2020-10-30,69810,2021-03-31,2,1490000000000,-0.029,,,,,,,,,,,,,,,,,,,,,,,,,,,,,,,,,,true,true,12,2020-04-01,2021-03-31,0
2020-10-30,69810,2020-03-31,2,,,,,,,,,,,,,,,,,,,,2250230000000,,,,,,,,,,,,,,,,true,false,12,2019-04-01,2020-03-31,-1
2020-10-30,69810,2020-03-31,2,,,,,,,,,,,,,,,,,,,,,,,,,,,,,97.00,,,,675814281,36017849,,false,false,12,2019-04-01,2020-03-31,-1
2020-10-30,69810,2021-03-31,2,,,,,,,,,,,,,,,,,,,,,,,,,,,,,55.00,,,,,,,false,false,12,2020-04-01,2021-03-31,0
2020-10-30,69810,2021-03-31,2,,,,,,,,,,,,,,,,,,,,,,,,,,,,,110.00,,,,,,,false,true,12,2020-04-01,2021-03-31,0
2020-10-30,69810,2021-03-31,2,,,,,,,,,,,,,,,,,,,,,,,,,,,,,,,,,675814281,35997071,639796585,false,false,6,2020-04-01,2020-09-30,0
2020-10-30,69810,2020-03-31,2,,,,,,,,,,,,,,,,,,,,,,,,,,,,,,,,,,,639770494,false,false,6,2019-04-01,2019-09-30,-1
2021-01-29,69810,2021-03-31,3,1220653000000,0.042,,,,,,,,,,,,,,,,,,2401327000000,,,,,,,,,,,,,,,,true,false,9,2020-04-01,2020-12-31,0
2021-01-29,69810,2020-03-31,3,1171160000000,-0.037,,,,,,,,,,,,,,,,,,,,,,,,,,,,,,,,,,true,false,9,2019-04-01,2019-12-31,-1
2021-01-29,69810,2021-03-31,3,1570000000000,0.023,,,,,,,,,,,,,,,,,,,,,,,,,,,,,,,,,,true,true,12,2020-04-01,2021-03-31,0
2021-01-29,69810,2020-03-31,3,,,,,,,,,,,,,,,,,,,,2250230000000,,,,,,,,,,,,,,,,true,false,12,2019-04-01,2020-03-31,-1
2021-01-29,69810,2020-03-31,3,,,,,,,,,,,,,,,,,,,,,,,,,,,,,97.00,,,,675814281,36017849,,false,false,12,2019-04-01,2020-03-31,-1
2021-01-29,69810,2021-03-31,3,,,,,,,,,,,,,,,,,,,,,,,,,,,,,55.00,,,,,,,false,false,12,2020-04-01,2021-03-31,0
2021-01-29,69810,2021-03-31,3,,,,,,,,,,,,,,,,,,,,,,,,,,,,,110.00,,,,,,,false,true,12,2020-04-01,2021-03-31,0
2021-01-29,69810,2021-03-31,3,,,,,,,,,,,,,,,,,,,,,,,,,,,,,,,,,675814281,35998052,639799064,false,false,9,2020-04-01,2020-12-31,0
2021-01-29,69810,2020-03-31,3,,,,,,,,,,,,,,,,,,,,,,,,,,,,,,,,,,,639773737,false,false,9,2019-04-01,2019-12-31,-1
2021-04-28,69810,2021-03-31,,1630193000000,0.063,,,,,,,,,,,,,,,,,,2462261000000,,,,,373571000000,-150275000000,-118189000000,407699000000,,0.310,,,,,,true,false,12,2020-04-01,2021-03-31,0
2021-04-28,69810,2020-03-31,,1534045000000,-0.026,,,,,,,,,,,,,,,,,,2250230000000,,,,,350334000000,-284431000000,17650000000,302320000000,,0.339,,,,,,true,false,12,2019-04-01,2020-03-31,-1
2021-04-28,69810,2022-03-31,,847000000000,0.126,,,,,,,,,,,,,,,,,,,,,,,,,,,,,,,,,,true,true,6,2021-04-01,2021-09-30,1
2021-04-28,69810,2022-03-31,,1660000000000,0.018,,,,,,,,,,,,,,,,,,,,,,,,,,,,0.320,,,,,,true,true,12,2021-04-01,2022-03-31,1
2021-04-28,69810,2021-03-31,,1107863000000,0.060,,,,,47138000000,0.247,90872000000,0.324,85317000000,,0.261,133.35,,,,,,1268960000000,623496000000,0.491,974.49,623496000000,,,,,115.00,,,,675814281,35998818,639801439,false,false,12,2020-04-01,2021-03-31,0
2021-04-28,69810,2020-03-31,,1044772000000,-0.008,,,,,37814000000,-0.181,68629000000,0.079,67669000000,,0.010,105.77,,,,,,1147829000000,601650000000,0.524,940.38,601650000000,,,,,97.00,,,,675814281,36017849,639777067,false,false,12,2019-04-01,2020-03-31,-1
2021-04-28,69810,2022-03-31,,,,,,,,,,,,,,,,,,,,,,,,,,,,,,120.00,,,,,,,false,true,12,2021-04-01,2022-03-31,1
2021-07-29,69810,2022-03-31,1,439557000000,0.345,,,,,,,,,,,,,,,,,,2467472000000,,,,,,,,,,,,,,,,true,false,3,2021-04-01,2021-06-30,0
2021-07-29,69810,2021-03-31,1,326798000000,-0.086,,,,,,,,,,,,,,,,,,,,,,,,,,,,,,,,,,true,false,3,2020-04-01,2020-06-30,-1
2021-07-29,69810,2022-03-31,1,902000000000,0.199,,,,,,,,,,,,,,,,,,,,,,,,,,,,,,,,,,true,true,6,2021-04-01,2021-09-30,0
2021-07-29,69810,2022-03-31,1,1730000000000,0.061,,,,,,,,,,,,,,,,,,,,,,,,,,,,,,,,,,true,true,12,2021-04-01,2022-03-31,0
2021-07-29,69810,2021-03-31,1,,,,,,,,,,,,,,,,,,,,2462261000000,,,,,,,,,,,,,,,,true,false,12,2020-04-01,2021-03-31,-1
2021-07-29,69810,2021-03-31,1,,,,,,,,,,,,,,,,,,,,,,,,,,,,,115.00,,,,675814281,35998818,,false,false,12,2020-04-01,2021-03-31,-1
2021-07-29,69810,2022-03-31,1,,,,,,,,,,,,,,,,,,,,,,,,,,,,,120.00,,,,,,,false,true,12,2021-04-01,2022-03-31,0
2021-07-29,69810,2022-03-31,1,,,,,,,,,,,,,,,,,,,,,,,,,,,,,,,,,675814281,35999144,639813491,false,false,3,2021-04-01,2021-06-30,0
2021-07-29,69810,2021-03-31,1,,,,,,,,,,,,,,,,,,,,,,,,,,,,,,,,,,,639793799,false,false,3,2020-04-01,2020-06-30,-1
2021-10-29,6981,2022-03-31,2,908074000000,0.208,,,,,,,,,,,,,,,,,,2598565000000,,,,,,,,,,,,,,,,true,false,6,2021-04-01,2021-09-30,0
2021-10-29,6981,2021-03-31,2,752005000000,-0.012,,,,,,,,,,,,,,,,,,,,,,,,,,,,,,,,,,true,false,6,2020-04-01,2020-09-30,-1
2021-10-29,6981,2022-03-31,2,1730000000000,0.061,,,,,,,,,,,,,,,,,,,,,,,,,,,,,,,,,,true,true,12,2021-04-01,2022-03-31,0
2021-10-29,6981,2021-03-31,2,,,,,,,,,,,,,,,,,,,,2462261000000,,,,,,,,,,,,,,,,true,false,12,2020-04-01,2021-03-31,-1
2021-10-29,6981,2021-03-31,2,,,,,,,,,,,,,,,,,,,,,,,,,,,,,115.00,,,,675814281,35998818,,false,false,12,2020-04-01,2021-03-31,-1
2021-10-29,6981,2022-03-31,2,,,,,,,,,,,,,,,,,,,,,,,,,,,,,60.00,,,,,,,false,false,12,2021-04-01,2022-03-31,0
2021-10-29,6981,2022-03-31,2,,,,,,,,,,,,,,,,,,,,,,,,,,,,,120.00,,,,,,,false,true,12,2021-04-01,2022-03-31,0
2021-10-29,6981,2022-03-31,2,,,,,,,,,,,,,,,,,,,,,,,,,,,,,,,,,675814281,35981605,639815713,false,false,6,2021-04-01,2021-09-30,0
2021-10-29,6981,2021-03-31,2,,,,,,,,,,,,,,,,,,,,,,,,,,,,,,,,,,,639796585,false,false,6,2020-04-01,2020-09-30,-1
2022-02-01,6981,2022-03-31,3,1379461000000,0.130,,,,,,,,,,,,,,,,,,2657231000000,,,,,,,,,,,,,,,,true,false,9,2021-04-01,2021-12-31,0
2022-02-01,6981,2021-03-31,3,1220653000000,0.042,,,,,,,,,,,,,,,,,,,,,,,,,,,,,,,,,,true,false,9,2020-04-01,2020-12-31,-1
2022-02-01,6981,2022-03-31,3,1770000000000,0.086,,,,,,,,,,,,,,,,,,,,,,,,,,,,,,,,,,true,true,12,2021-04-01,2022-03-31,0
2022-02-01,6981,2021-03-31,3,,,,,,,,,,,,,,,,,,,,2462261000000,,,,,,,,,,,,,,,,true,false,12,2020-04-01,2021-03-31,-1
2022-02-01,6981,2021-03-31,3,,,,,,,,,,,,,,,,,,,,,,,,,,,,,115.00,,,,675814281,35998818,,false,false,12,2020-04-01,2021-03-31,-1
2022-02-01,6981,2022-03-31,3,,,,,,,,,,,,,,,,,,,,,,,,,,,,,60.00,,,,,,,false,false,12,2021-04-01,2022-03-31,0
2022-02-01,6981,2022-03-31,3,,,,,,,,,,,,,,,,,,,,,,,,,,,,,125.00,,,,,,,false,true,12,2021-04-01,2022-03-31,0
2022-02-01,6981,2022-03-31,3,,,,,,,,,,,,,,,,,,,,,,,,,,,,,,,,,675814281,35981913,639817803,false,false,9,2021-04-01,2021-12-31,0
2022-02-01,6981,2021-03-31,3,,,,,,,,,,,,,,,,,,,,,,,,,,,,,,,,,,,639799064,false,false,9,2020-04-01,2020-12-31,-1
2022-04-28,6981,2022-03-31,,1812521000000,0.112,,,,,,,,,,,,,,,,,,2809171000000,,,,,421458000000,-212300000000,-117505000000,512072000000,,0.265,,,,,,true,false,12,2021-04-01,2022-03-31,0
2022-04-28,6981,2021-03-31,,1630193000000,0.063,,,,,,,,,,,,,,,,,,2462261000000,,,,,373571000000,-150275000000,-118189000000,407699000000,,0.310,,,,,,true,false,12,2020-04-01,2021-03-31,-1
2022-04-28,6981,2023-03-31,,952000000000,0.048,,,,,,,,,,,,,,,,,,,,,,,,,,,,,,,,,,true,true,6,2022-04-01,2022-09-30,1
2022-04-28,6981,2023-03-31,,1930000000000,0.065,,,,,,,,,,,,,,,,,,,,,,,,,,,,0.296,,,,,,true,true,12,2022-04-01,2023-03-31,1
2022-04-28,6981,2022-03-31,,1233464000000,0.113,,,,,125480000000,1.662,213786000000,1.353,184784000000,,1.166,288.80,,,,,,1425313000000,730966000000,0.513,1142.44,730966000000,,,,,130.00,,,,675814281,35982533,639819808,false,false,12,2021-04-01,2022-03-31,0
2022-04-28,6981,2021-03-31,,1107863000000,0.060,,,,,47138000000,0.247,90872000000,0.324,85317000000,,0.261,133.35,,,,,,1268960000000,623496000000,0.491,974.49,623496000000,,,,,115.00,,,,675814281,35998818,639801439,false,false,12,2020-04-01,2021-03-31,-1
2022-04-28,6981,2023-03-31,,,,,,,,,,,,,,,,,,,,,,,,,,,,,,150.00,,,,,,,false,true,12,2022-04-01,2023-03-31,1
2022-07-28,6981,2023-03-31,1,436657000000,-0.007,,,,,,,,,,,,,,,,,,2850239000000,,,,,,,,,,,,,,,,true,false,3,2022-04-01,2022-06-30,0
2022-07-28,6981,2022-03-31,1,439557000000,0.345,,,,,,,,,,,,,,,,,,,,,,,,,,,,,,,,,,true,false,3,2021-04-01,2021-06-30,-1
2022-07-28,6981,2023-03-31,1,952000000000,0.048,,,,,,,,,,,,,,,,,,,,,,,,,,,,,,,,,,true,true,6,2022-04-01,2022-09-30,0
2022-07-28,6981,2023-03-31,1,1930000000000,0.065,,,,,,,,,,,,,,,,,,,,,,,,,,,,,,,,,,true,true,12,2022-04-01,2023-03-31,0
2022-07-28,6981,2022-03-31,1,,,,,,,,,,,,,,,,,,,,2809171000000,,,,,,,,,,,,,,,,true,false,12,2021-04-01,2022-03-31,-1
2022-07-28,6981,2022-03-31,1,,,,,,,,,,,,,,,,,,,,,,,,,,,,,130.00,,,,675814281,35982533,,false,false,12,2021-04-01,2022-03-31,-1
2022-07-28,6981,2023-03-31,1,,,,,,,,,,,,,,,,,,,,,,,,,,,,,150.00,,,,,,,false,true,12,2022-04-01,2023-03-31,0
2022-07-28,6981,2023-03-31,1,,,,,,,,,,,,,,,,,,,,,,,,,,,,,,,,,675814281,41320086,637142584,false,false,3,2022-04-01,2022-06-30,0
2022-07-28,6981,2022-03-31,1,,,,,,,,,,,,,,,,,,,,,,,,,,,,,,,,,,,639813491,false,false,3,2021-04-01,2021-06-30,-1
2022-10-31,6981,2023-03-31,2,920224000000,0.013,,,,,,,,,,,,,,,,,,2944918000000,,,,,,,,,,,,,,,,true,false,6,2022-04-01,2022-09-30,0
2022-10-31,6981,2022-03-31,2,908074000000,0.208,,,,,,,,,,,,,,,,,,,,,,,,,,,,,,,,,,true,false,6,2021-04-01,2021-09-30,-1
2022-10-31,6981,2023-03-31,2,1820000000000,0.004,,,,,,,,,,,,,,,,,,,,,,,,,,,,,,,,,,true,true,12,2022-04-01,2023-03-31,0
2022-10-31,6981,2022-03-31,2,,,,,,,,,,,,,,,,,,,,2809171000000,,,,,,,,,,,,,,,,true,false,12,2021-04-01,2022-03-31,-1
2022-10-31,6981,2022-03-31,2,,,,,,,,,,,,,,,,,,,,,,,,,,,,,130.00,,,,675814281,35982533,,false,false,12,2021-04-01,2022-03-31,-1
2022-10-31,6981,2023-03-31,2,,,,,,,,,,,,,,,,,,,,,,,,,,,,,75.00,,,,,,,false,false,12,2022-04-01,2023-03-31,0
2022-10-31,6981,2023-03-31,2,,,,,,,,,,,,,,,,,,,,,,,,,,,,,150.00,,,,,,,false,true,12,2022-04-01,2023-03-31,0
2022-10-31,6981,2023-03-31,2,,,,,,,,,,,,,,,,,,,,,,,,,,,,,,,,,675814281,46090135,634521815,false,false,6,2022-04-01,2022-09-30,0
2022-10-31,6981,2022-03-31,2,,,,,,,,,,,,,,,,,,,,,,,,,,,,,,,,,,,639815713,false,false,6,2021-04-01,2021-09-30,-1
2023-02-02,6981,2023-03-31,3,1339202000000,-0.029,,,,,,,,,,,,,,,,,,2811385000000,,,,,,,,,,,,,,,,true,false,9,2022-04-01,2022-12-31,0
2023-02-02,6981,2022-03-31,3,1379461000000,0.130,,,,,,,,,,,,,,,,,,,,,,,,,,,,,,,,,,true,false,9,2021-04-01,2021-12-31,-1
2023-02-02,6981,2023-03-31,3,1680000000000,-0.073,,,,,,,,,,,,,,,,,,,,,,,,,,,,,,,,,,true,true,12,2022-04-01,2023-03-31,0
2023-02-02,6981,2022-03-31,3,,,,,,,,,,,,,,,,,,,,2809171000000,,,,,,,,,,,,,,,,true,false,12,2021-04-01,2022-03-31,-1
2023-02-02,6981,2022-03-31,3,,,,,,,,,,,,,,,,,,,,,,,,,,,,,130.00,,,,675814281,35982533,,false,false,12,2021-04-01,2022-03-31,-1
2023-02-02,6981,2023-03-31,3,,,,,,,,,,,,,,,,,,,,,,,,,,,,,75.00,,,,,,,false,false,12,2022-04-01,2023-03-31,0
2023-02-02,6981,2023-03-31,3,,,,,,,,,,,,,,,,,,,,,,,,,,,,,150.00,,,,,,,false,true,12,2022-04-01,2023-03-31,0
2023-02-02,6981,2023-03-31,3,,,,,,,,,,,,,,,,,,,,,,,,,,,,,,,,,675814281,46090549,632918283,false,false,9,2022-04-01,2022-12-31,0
2023-02-02,6981,2022-03-31,3,,,,,,,,,,,,,,,,,,,,,,,,,,,,,,,,,,,639817803,false,false,9,2021-04-01,2021-12-31,-1
2023-04-28,6981,2023-03-31,,1686796000000,-0.069,,,,,,,,,,,,,,,,,,2872763000000,,,,,276278000000,-157850000000,-173708000000,469406000000,,0.374,,,,,,true,false,12,2022-04-01,2023-03-31,0
2023-04-28,6981,2022-03-31,,1812521000000,0.112,,,,,,,,,,,,,,,,,,2809171000000,,,,,421458000000,-212300000000,-117505000000,512072000000,,0.265,,,,,,true,false,12,2021-04-01,2022-03-31,-1
2023-04-28,6981,2024-03-31,,788000000000,,,,,,,,,,,,,,,,,,,,,,,,,,,,,,,,,,,true,true,6,2023-04-01,2023-09-30,1
2023-04-28,6981,2024-03-31,,1640000000000,,,,,,,,,,,,,,,,,,,,,,,,,,,,,0.576,,,,,,true,true,12,2023-04-01,2024-03-31,1
2023-04-28,6981,2023-03-31,,1069417000000,-0.133,,,,,44897000000,-0.642,146625000000,-0.314,148193000000,,-0.198,234.27,,,,,,1311948000000,707765000000,0.539,1123.93,707765000000,,,,,150.00,,,,675814281,46090727,632117807,false,false,12,2022-04-01,2023-03-31,0
2023-04-28,6981,2022-03-31,,1233464000000,0.113,,,,,125480000000,1.662,213786000000,1.353,184784000000,,1.166,288.80,,,,,,1425313000000,730966000000,0.513,1142.44,730966000000,,,,,130.00,,,,675814281,35982533,639819808,false,false,12,2021-04-01,2022-03-31,-1
2023-04-28,6981,2024-03-31,,,,,,,,,,,,,,,,,,,,,,,,,,,,,,150.00,,,,,,,false,true,12,2023-04-01,2024-03-31,1
,69810,2024-03-31,,,,,,,,,,,,,,,,,,,,,,,,,,,,,,25.00,,,,,,,false,true,12,2023-04-01,2024-03-31,0
,69810,2023-03-31,,,,,,,,,,,,,,,,,,,,,,,,,,,,,,150.00,,,,,,,false,false,12,2022-04-01,2023-03-31,-1
2023-07-31,6981,2024-03-31,1,,,,,,,50111000000,-0.448,,,,50098000000,,79.56,,,,,,2916893000000,,,,,,,,,,,,,,,,true,false,3,2023-04-01,2023-06-30,0
2023-07-31,6981,2023-03-31,1,,,,,,,90751000000,,,,,76067000000,,119.39,,,,,,,,,,,,,,,,,,,,,,true,false,3,2022-04-01,2022-06-30,-1
2023-07-31,6981,2024-03-31,1,,,,,,,84000000000,,,,,63000000000,,100.04,,,,,,,,,,,,,,,,,,,,,,true,true,6,2023-04-01,2023-09-30,0
2023-07-31,6981,2024-03-31,1,,,,,,,220000000000,-0.262,,,,164000000000,,86.81,,,,,,,,,,,,,,,,,,,,,,true,true,12,2023-04-01,2024-03-31,0
2023-07-31,6981,2023-03-31,1,,,,,,,,,,,,,,,,,,,,2858303000000,,,,,,,,,,,,,,,,true,false,12,2022-04-01,2023-03-31,-1
2023-07-31,6981,2023-03-31,1,,,,,,,,,,,,,,,,,,,,,,,,,,,,,150.00,,,,675814281,46090727,,false,false,12,2022-04-01,2023-03-31,-1
2023-07-31,6981,2024-03-31,1,,,,,,,,,,,,,,,,,,,,,,,,,,,,,25.00,,,,,,,false,true,12,2023-04-01,2024-03-31,0
2023-07-31,6981,2024-03-31,1,,,,,,,,,,,,,,,,,,,,,,,,,,,,,,,,,675814281,46090881,629721650,false,false,3,2023-04-01,2023-06-30,0
2023-07-31,6981,2023-03-31,1,,,,,,,,,,,,,,,,,,,,,,,,,,,,,,,,,,,637142584,false,false,3,2022-04-01,2022-06-30,-1
2023-10-31,6981,2024-03-31,2,,,,,,,138922000000,-0.307,,,,125153000000,,66.25,,,,,,3022430000000,,,,,,,,,,,,,,,,true,false,6,2023-04-01,2023-09-30,0
2023-10-31,6981,2023-03-31,2,,,,,,,200585000000,,,,,161771000000,,84.98,,,,,,,,,,,,,,,,,,,,,,true,false,6,2022-04-01,2022-09-30,-1
2023-10-31,6981,2024-03-31,2,,,,,,,270000000000,-0.095,,,,225000000000,,119.10,,,,,,,,,,,,,,,,,,,,,,true,true,12,2023-04-01,2024-03-31,0
2023-10-31,6981,2023-03-31,2,,,,,,,,,,,,,,,,,,,,2858303000000,,,,,,,,,,,,,,,,true,false,12,2022-04-01,2023-03-31,-1
2023-10-31,6981,2023-03-31,2,,,,,,,,,,,,,,,,,,,,,,,,,,,,,150.00,,,,2027442843,138272181,,false,false,12,2022-04-01,2023-03-31,-1
2023-10-31,6981,2024-03-31,2,,,,,,,,,,,,,,,,,,,,,,,,,,,,,75.00,,,,,,,false,false,12,2023-04-01,2024-03-31,0
2023-10-31,6981,2024-03-31,2,,,,,,,,,,,,,,,,,,,,,,,,,,,,,25.00,,,,,,,false,true,12,2023-04-01,2024-03-31,0
2023-10-31,6981,2024-03-31,2,,,,,,,,,,,,,,,,,,,,,,,,,,,,,,,,,2027442843,138207456,1889172698,false,false,6,2023-04-01,2023-09-30,0
2023-10-31,6981,2023-03-31,2,,,,,,,,,,,,,,,,,,,,,,,,,,,,,,,,,,,1903565445,false,false,6,2022-04-01,2022-09-30,-1
2024-02-02,6981,2024-03-31,3,,,,,,,215119000000,-0.229,,,,174512000000,,92.37,,,,,,2988056000000,,,,,,,,,,,,,,,,true,false,9,2023-04-01,2023-12-31,0
2024-02-02,6981,2023-03-31,3,,,,,,,279029000000,,,,,212820000000,,112.08,,,,,,,,,,,,,,,,,,,,,,true,false,9,2022-04-01,2022-12-31,-1
2024-02-02,6981,2024-03-31,3,,,,,,,270000000000,-0.095,,,,225000000000,,119.10,,,,,,,,,,,,,,,,,,,,,,true,true,12,2023-04-01,2024-03-31,0
2024-02-02,6981,2023-03-31,3,,,,,,,,,,,,,,,,,,,,2858303000000,,,,,,,,,,,,,,,,true,false,12,2022-04-01,2023-03-31,-1
2024-02-02,6981,2023-03-31,3,,,,,,,,,,,,,,,,,,,,,,,,,,,,,150.00,,,,2027442843,138272181,,false,false,12,2022-04-01,2023-03-31,-1
2024-02-02,6981,2024-03-31,3,,,,,,,,,,,,,,,,,,,,,,,,,,,,,75.00,,,,,,,false,false,12,2023-04-01,2024-03-31,0
2024-02-02,6981,2024-03-31,3,,,,,,,,,,,,,,,,,,,,,,,,,,,,,25.00,,,,,,,false,true,12,2023-04-01,2024-03-31,0
2024-02-02,6981,2024-03-31,3,,,,,,,,,,,,,,,,,,,,,,,,,,,,,,,,,2027442843,138208754,1889180340,false,false,9,2023-04-01,2023-12-31,0
2024-02-02,6981,2023-03-31,3,,,,,,,,,,,,,,,,,,,,,,,,,,,,,,,,,,,1898754851,false,false,9,2022-04-01,2022-12-31,-1
2024-04-26,6981,2024-03-31,,1069763000000,0.000,,,,,3241000000,-0.928,103760000000,-0.292,107807000000,,-0.273,57.06,,,,,,1414724000000,724441000000,0.512,383.46,724441000000,,,,,27.00,,,,2027442843,138209482,1889188147,false,false,12,2023-04-01,2024-03-31,0
2024-04-26,6981,2023-03-31,,1069417000000,-0.133,,,,,44897000000,-0.642,146625000000,-0.314,148193000000,,-0.198,78.09,,,,,,1311948000000,707765000000,0.539,374.64,707765000000,,,,,150.00,,,,2027442843,138272181,1896353425,false,false,12,2022-04-01,2023-03-31,-1
2024-04-26,6981,2024-03-31,,,,,,,,215447000000,-0.278,,,,180838000000,,95.72,,,,,,3037895000000,,,,,489637000000,-201571000000,-165321000000,,,0.543,,,,,,true,false,12,2023-04-01,2024-03-31,0
2024-04-26,6981,2023-03-31,,,,,,,,298231000000,,,,,243946000000,,128.64,,,,,,2858303000000,,,,,277641000000,-151416000000,-182271000000,,,0.389,,,,,,true,false,12,2022-04-01,2023-03-31,-1
2024-04-26,6981,2025-03-31,,,,,,,,154000000000,0.109,,,,120000000000,,63.52,,,,,,,,,,,,,,,,,,,,,,true,true,6,2024-04-01,2024-09-30,1
2024-04-26,6981,2025-03-31,,,,,,,,300000000000,0.392,,,,235000000000,,124.39,,,,,,,,,,,,,,,,0.434,,,,,,true,true,12,2024-04-01,2025-03-31,1
2024-04-26,6981,2025-03-31,,,,,,,,,,,,,,,,,,,,,,,,,,,,,,54.00,,,,,,,false,true,12,2024-04-01,2025-03-31,1
2024-07-30,6981,2025-03-31,1,,,,,,,66375000000,0.325,,,,66365000000,,35.30,,,,,,3036746000000,,,,,,,,,,,,,,,,true,false,3,2024-04-01,2024-06-30,0
2024-07-30,6981,2024-03-31,1,,,,,,,50111000000,-0.448,,,,50098000000,,26.52,,,,,,,,,,,,,,,,,,,,,,true,false,3,2023-04-01,2023-06-30,-1
2024-07-30,6981,2025-03-31,1,,,,,,,154000000000,0.109,,,,120000000000,,63.52,,,,,,,,,,,,,,,,,,,,,,true,true,6,2024-04-01,2024-09-30,0
2024-07-30,6981,2025-03-31,1,,,,,,,300000000000,0.392,,,,235000000000,,124.39,,,,,,,,,,,,,,,,,,,,,,true,true,12,2024-04-01,2025-03-31,0
2024-07-30,6981,2024-03-31,1,,,,,,,,,,,,,,,,,,,,3037895000000,,,,,,,,,,,,,,,,true,false,12,2023-04-01,2024-03-31,-1
2024-07-30,6981,2024-03-31,1,,,,,,,,,,,,,,,,,,,,,,,,,,,,,27.00,,,,2027442843,138209482,,false,false,12,2023-04-01,2024-03-31,-1
2024-07-30,6981,2025-03-31,1,,,,,,,,,,,,,,,,,,,,,,,,,,,,,54.00,,,,,,,false,true,12,2024-04-01,2025-03-31,0
2024-07-30,6981,2025-03-31,1,,,,,,,,,,,,,,,,,,,,,,,,,,,,,,,,,1990612843,118324920,1880218434,false,false,3,2024-04-01,2024-06-30,0
2024-07-30,6981,2024-03-31,1,,,,,,,,,,,,,,,,,,,,,,,,,,,,,,,,,,,1889164949,false,false,3,2023-04-01,2023-06-30,-1
2024-11-01,6981,2025-03-31,2,,,,,,,158172000000,0.139,,,,130320000000,,69.45,,,,,,2970137000000,,,,,,,,,,,,,,,,true,false,6,2024-04-01,2024-09-30,0
2024-11-01,6981,2024-03-31,2,,,,,,,138922000000,-0.307,,,,125153000000,,66.25,,,,,,,,,,,,,,,,,,,,,,true,false,6,2023-04-01,2023-09-30,-1
2024-11-01,6981,2025-03-31,2,,,,,,,300000000000,0.392,,,,235000000000,,124.39,,,,,,,,,,,,,,,,,,,,,,true,true,12,2024-04-01,2025-03-31,0
2024-11-01,6981,2024-03-31,2,,,,,,,,,,,,,,,,,,,,3037895000000,,,,,,,,,,,,,,,,true,false,12,2023-04-01,2024-03-31,-1
2024-11-01,6981,2024-03-31,2,,,,,,,,,,,,,,,,,,,,,,,,,,,,,27.00,,,,2027442843,138209482,,false,false,12,2023-04-01,2024-03-31,-1
2024-11-01,6981,2025-03-31,2,,,,,,,,,,,,,,,,,,,,,,,,,,,,,27.00,,,,,,,false,false,12,2024-04-01,2025-03-31,0
2024-11-01,6981,2025-03-31,2,,,,,,,,,,,,,,,,,,,,,,,,,,,,,54.00,,,,,,,false,true,12,2024-04-01,2025-03-31,0
2024-11-01,6981,2025-03-31,2,,,,,,,,,,,,,,,,,,,,,,,,,,,,,,,,,1990612843,117580323,1876258713,false,false,6,2024-04-01,2024-09-30,0
2024-11-01,6981,2024-03-31,2,,,,,,,,,,,,,,,,,,,,,,,,,,,,,,,,,,,1889172698,false,false,6,2023-04-01,2023-09-30,-1
2025-02-03,6981,2025-03-31,3,,,,,,,234161000000,0.089,,,,201322000000,,107.56,,,,,,3052668000000,,,,,,,,,,,,,,,,true,false,9,2024-04-01,2024-12-31,0
2025-02-03,6981,2024-03-31,3,,,,,,,215119000000,-0.229,,,,174512000000,,92.37,,,,,,,,,,,,,,,,,,,,,,true,false,9,2023-04-01,2023-12-31,-1
2025-02-03,6981,2025-03-31,3,,,,,,,300000000000,0.392,,,,235000000000,,124.39,,,,,,,,,,,,,,,,,,,,,,true,true,12,2024-04-01,2025-03-31,0
2025-02-03,6981,2024-03-31,3,,,,,,,,,,,,,,,,,,,,3037895000000,,,,,,,,,,,,,,,,true,false,12,2023-04-01,2024-03-31,-1
2025-02-03,6981,2024-03-31,3,,,,,,,,,,,,,,,,,,,,,,,,,,,,,27.00,,,,2027442843,138209482,,false,false,12,2023-04-01,2024-03-31,-1
2025-02-03,6981,2025-03-31,3,,,,,,,,,,,,,,,,,,,,,,,,,,,,,27.00,,,,,,,false,false,12,2024-04-01,2025-03-31,0
2025-02-03,6981,2025-03-31,3,,,,,,,,,,,,,,,,,,,,,,,,,,,,,54.00,,,,,,,false,true,12,2024-04-01,2025-03-31,0
2025-02-03,6981,2025-03-31,3,,,,,,,,,,,,,,,,,,,,,,,,,,,,,,,,,1963001843,100637889,1871389369,false,false,9,2024-04-01,2024-12-31,0
2025-02-03,6981,2024-03-31,3,,,,,,,,,,,,,,,,,,,,,,,,,,,,,,,,,,,1889180340,false,false,9,2023-04-01,2023-12-31,-1
2025-04-30,6981,2025-03-31,,1106301000000,0.034,,,,,12348000000,2.809,227376000000,1.191,221545000000,,1.055,118.54,,,,,,1452484000000,762316000000,0.525,409.33,762316000000,,,,,57.00,,,,1963001843,100640793,1868959466,false,false,12,2024-04-01,2025-03-31,0
2025-04-30,6981,2024-03-31,,1069763000000,0.000,,,,,3241000000,-0.928,103760000000,-0.292,107807000000,,-0.273,57.06,,,,,,1414724000000,724441000000,0.512,383.46,724441000000,,,,,27.00,,,,2027442843,138209482,1889188147,false,false,12,2023-04-01,2024-03-31,-1
2025-04-30,6981,2025-03-31,,,,,,,,279702000000,0.298,,,,233818000000,,125.08,,,,,,3028194000000,,,,,451905000000,-208070000000,-242733000000,,,0.456,,,,,,true,false,12,2024-04-01,2025-03-31,0
2025-04-30,6981,2024-03-31,,,,,,,,215447000000,-0.278,,,,180838000000,,95.72,,,,,,3037895000000,,,,,489637000000,-201571000000,-165321000000,,,0.543,,,,,,true,false,12,2023-04-01,2024-03-31,-1
2025-04-30,6981,2026-03-31,,,,,,,,117000000000,-0.260,,,,94000000000,,50.47,,,,,,,,,,,,,,,,,,,,,,true,true,6,2025-04-01,2025-09-30,1
2025-04-30,6981,2026-03-31,,,,,,,,220000000000,-0.213,,,,177000000000,,95.04,,,,,,,,,,,,,,,,0.631,,,,,,true,true,12,2025-04-01,2026-03-31,1
2025-04-30,6981,2026-03-31,,,,,,,,,,,,,,,,,,,,,,,,,,,,,,60.00,,,,,,,false,true,12,2025-04-01,2026-03-31,1
