filing_date,code,fiscal_year_end,quarterly_period,net_sales,net_sales_change,revenue,revenue_change,operating_revenue,operating_revenue_change,operating_profit,operating_profit_change,ordinary_profit,ordinary_profit_change,net_income,net_income_of_parent,net_income_change,eps,diluted_eps,roe,roa,operating_profit_to_net_sales,operating_profit_to_revenue,total_assets,net_assets,equity_ratio,bps,owner_equity,operating_cash_flow,investing_cash_flow,financing_cash_flow,cash,dividend_per_share,payout_ratio,commemorative_dividend,extra_dividend,number_of_shares,number_of_treqsury_shares,avg_number_of_shares,is_consolidated,is_forecast,duration,period_start,period_end,period_pos
2015-07-30,69950,2016-03-31,1,113708000000,0.056,,,,,7338000000,0.005,8009000000,0.025,,-346000000,,-3.81,,,,,,378874000000,238549000000,0.598,,226576000000,,,,,,,,,,,,true,false,3,2015-04-01,2015-06-30,0
2015-07-30,69950,2015-03-31,1,107677000000,0.007,,,,,7300000000,-0.095,7817000000,-0.061,,5154000000,,56.90,56.87,,,,,,,,,,,,,,,,,,,,,true,false,3,2014-04-01,2014-06-30,-1
2015-07-30,69950,2016-03-31,1,228000000000,0.040,,,,,14500000000,-0.046,15000000000,-0.069,,3500000000,,38.43,,,,,,,,,,,,,,,,,,,,,,true,true,6,2015-04-01,2015-09-30,0
2015-07-30,69950,2016-03-31,1,471000000000,0.042,,,,,33000000000,0.058,34000000000,0.055,,16500000000,,181.13,,,,,,,,,,,,,,,,,,,,,,true,true,12,2015-04-01,2016-03-31,0
2015-07-30,69950,2015-03-31,1,,,,,,,,,,,,,,,,,,,,375195000000,239216000000,0.606,,227377000000,,,,,,,,,,,,true,false,12,2014-04-01,2015-03-31,-1
2015-07-30,69950,2015-03-31,1,,,,,,,,,,,,,,,,,,,,,,,,,,,,,58.00,,,,94234171,3256475,,false,false,12,2014-04-01,2015-03-31,-1
2015-07-30,69950,2016-03-31,1,,,,,,,,,,,,,,,,,,,,,,,,,,,,,60.00,,,,,,,false,true,12,2015-04-01,2016-03-31,0
2015-07-30,69950,2016-03-31,1,,,,,,,,,,,,,,,,,,,,,,,,,,,,,,,,,94234171,3113969,91044824,false,false,3,2015-04-01,2015-06-30,0
2015-07-30,69950,2015-03-31,1,,,,,,,,,,,,,,,,,,,,,,,,,,,,,,,,,,,90587817,false,false,3,2014-04-01,2014-06-30,-1
2015-07-30,69950,2016-03-31,,228000000000,0.000,,,,,14500000000,0.000,15000000000,0.000,,3500000000,,38.43,,,,,,,,,,,,,,,,,,,,,,true,true,6,2015-04-01,2015-09-30,0
2015-07-30,69950,2015-03-31,,219182000000,,,,,,15195000000,,16115000000,,,10475000000,,115.58,,,,,,,,,,,,,,,,,,,,,,true,false,6,2014-04-01,2014-09-30,-1
2015-07-30,69950,2016-03-31,,471000000000,0.000,,,,,33000000000,0.000,34000000000,0.000,,16500000000,,181.13,,,,,,,,,,,,,,,,,,,,,,true,true,12,2015-04-01,2016-03-31,0
2015-07-30,69950,2015-03-31,,452195000000,,,,,,31192000000,,32242000000,,,19730000000,,217.45,,,,,,,,,,,,,,,,,,,,,,true,false,12,2014-04-01,2015-03-31,-1
2015-10-29,69950,2016-03-31,2,235795000000,0.076,,,,,16142000000,0.062,15863000000,-0.016,,-6308000000,,-69.26,,,,,,373803000000,226016000000,0.575,,215029000000,,,,,,,,,,,,true,false,6,2015-04-01,2015-09-30,0
2015-10-29,69950,2015-03-31,2,219182000000,0.023,,,,,15195000000,0.106,16115000000,0.116,,10475000000,,115.58,115.46,,,,,,,,,,,,,,,,,,,,,true,false,6,2014-04-01,2014-09-30,-1
2015-10-29,69950,2016-03-31,2,471000000000,0.042,,,,,33000000000,0.058,34000000000,0.055,,5500000000,,60.37,,,,,,,,,,,,,,,,,,,,,,true,true,12,2015-04-01,2016-03-31,0
2015-10-29,69950,2015-03-31,2,,,,,,,,,,,,,,,,,,,,375195000000,239216000000,0.606,,227377000000,,,,,,,,,,,,true,false,12,2014-04-01,2015-03-31,-1
2015-10-29,69950,2015-03-31,2,,,,,,,,,,,,,,,,,,,,,,,,,,,,,58.00,,,,94234171,3256475,,false,false,12,2014-04-01,2015-03-31,-1
2015-10-29,69950,2016-03-31,2,,,,,,,,,,,,,,,,,,,,,,,,,,,,,30.00,,,,,,,false,false,12,2015-04-01,2016-03-31,0
2015-10-29,69950,2016-03-31,2,,,,,,,,,,,,,,,,,,,,,,,,,,,,,60.00,,,,,,,false,true,12,2015-04-01,2016-03-31,0
2015-10-29,69950,2016-03-31,2,,,,,,,,,,,,,,,,,,,,,,,,,,,,,,,,,94234171,3096691,91082915,false,false,6,2015-04-01,2015-09-30,0
2015-10-29,69950,2015-03-31,2,,,,,,,,,,,,,,,,,,,,,,,,,,,,,,,,,,,90627911,false,false,6,2014-04-01,2014-09-30,-1
2016-02-02,69950,2016-03-31,3,356887000000,0.069,,,,,26641000000,0.149,26826000000,0.105,,1086000000,,11.93,11.91,,,,,385450000000,232287000000,0.573,,220874000000,,,,,,,,,,,,true,false,9,2015-04-01,2015-12-31,0
2016-02-02,69950,2015-03-31,3,333722000000,0.029,,,,,23196000000,0.086,24269000000,0.043,,16186000000,,178.51,178.26,,,,,,,,,,,,,,,,,,,,,true,false,9,2014-04-01,2014-12-31,-1
2016-02-02,69950,2016-03-31,3,471000000000,0.042,,,,,33000000000,0.058,34000000000,0.055,,5500000000,,60.37,,,,,,,,,,,,,,,,,,,,,,true,true,12,2015-04-01,2016-03-31,0
2016-02-02,69950,2015-03-31,3,,,,,,,,,,,,,,,,,,,,375195000000,239216000000,0.606,,227377000000,,,,,,,,,,,,true,false,12,2014-04-01,2015-03-31,-1
2016-02-02,69950,2015-03-31,3,,,,,,,,,,,,,,,,,,,,,,,,,,,,,58.00,,,,94234171,3256475,,false,false,12,2014-04-01,2015-03-31,-1
2016-02-02,69950,2016-03-31,3,,,,,,,,,,,,,,,,,,,,,,,,,,,,,30.00,,,,,,,false,false,12,2015-04-01,2016-03-31,0
2016-02-02,69950,2016-03-31,3,,,,,,,,,,,,,,,,,,,,,,,,,,,,,60.00,,,,,,,false,true,12,2015-04-01,2016-03-31,0
2016-02-02,69950,2016-03-31,3,,,,,,,,,,,,,,,,,,,,,,,,,,,,,,,,,94234171,3086062,91100347,false,false,9,2015-04-01,2015-12-31,0
2016-02-02,69950,2015-03-31,3,,,,,,,,,,,,,,,,,,,,,,,,,,,,,,,,,,,90676314,false,false,9,2014-04-01,2014-12-31,-1
2016-04-27,69950,2016-03-31,,476202000000,0.053,,,,,34608000000,0.110,34673000000,0.075,,5591000000,,61.36,61.28,0.026,0.094,0.073,,363343000000,221750000000,0.580,2308.97,210578000000,20747000000,-22347000000,-7713000000,39314000000,,0.978,,,,,,true,false,12,2015-04-01,2016-03-31,0
2016-04-27,69950,2015-03-31,,452195000000,0.033,,,,,31192000000,0.036,32242000000,-0.003,,19730000000,,217.45,217.12,0.093,0.090,0.069,,375195000000,239216000000,0.606,2499.26,227377000000,40571000000,-36413000000,-11375000000,50432000000,,0.267,,,,,,true,false,12,2014-04-01,2015-03-31,-1
2016-04-27,69950,2017-03-31,,214000000000,-0.092,,,,,10000000000,-0.381,10500000000,-0.338,,6500000000,,71.27,,,,,,,,,,,,,,,,,,,,,,true,true,6,2016-04-01,2016-09-30,1
2016-04-27,69950,2017-03-31,,444000000000,-0.068,,,,,26000000000,-0.249,27000000000,-0.221,,18500000000,,202.85,,,,,,,,,,,,,,,,0.296,,,,,,true,true,12,2016-04-01,2017-03-31,1
2016-04-27,69950,2016-03-31,,244194000000,-0.035,,,,,9544000000,-0.259,15507000000,-0.245,-3524000000,,,-38.68,,,,,,247375000000,151080000000,0.610,1655.76,151006000000,,,,,60.00,,,,94234171,3033963,91119833,false,false,12,2015-04-01,2016-03-31,0
2016-04-27,69950,2015-03-31,,253091000000,-0.041,,,,,12874000000,-0.149,20549000000,-0.075,13660000000,,0.053,150.56,150.33,,,,,249504000000,160579000000,0.643,1762.40,160339000000,,,,,58.00,,,,94234171,3256475,90734546,false,false,12,2014-04-01,2015-03-31,-1
2016-04-27,69950,2017-03-31,,,,,,,,,,,,,,,,,,,,,,,,,,,,,,60.00,,,,,,,false,true,12,2016-04-01,2017-03-31,1
2016-07-28,69950,2017-03-31,1,109880000000,-0.034,,,,,8102000000,0.104,7640000000,-0.046,,3966000000,,43.49,43.48,,,,,354080000000,212590000000,0.571,,202131000000,,,,,,,,,,,,true,false,3,2016-04-01,2016-06-30,0
2016-07-28,69950,2016-03-31,1,113708000000,0.056,,,,,7338000000,0.005,8009000000,0.025,,-346000000,,-3.81,,,,,,,,,,,,,,,,,,,,,,true,false,3,2015-04-01,2015-06-30,-1
2016-07-28,69950,2017-03-31,1,214000000000,-0.092,,,,,10000000000,-0.381,10500000000,-0.338,,6500000000,,71.27,,,,,,,,,,,,,,,,,,,,,,true,true,6,2016-04-01,2016-09-30,0
2016-07-28,69950,2017-03-31,1,444000000000,-0.068,,,,,26000000000,-0.249,27000000000,-0.221,,18500000000,,202.85,,,,,,,,,,,,,,,,,,,,,,true,true,12,2016-04-01,2017-03-31,0
2016-07-28,69950,2016-03-31,1,,,,,,,,,,,,,,,,,,,,363343000000,221750000000,0.580,,210578000000,,,,,,,,,,,,true,false,12,2015-04-01,2016-03-31,-1
2016-07-28,69950,2016-03-31,1,,,,,,,,,,,,,,,,,,,,,,,,,,,,,60.00,,,,94234171,3033963,,false,false,12,2015-04-01,2016-03-31,-1
2016-07-28,69950,2017-03-31,1,,,,,,,,,,,,,,,,,,,,,,,,,,,,,60.00,,,,,,,false,true,12,2016-04-01,2017-03-31,0
2016-07-28,69950,2017-03-31,1,,,,,,,,,,,,,,,,,,,,,,,,,,,,,,,,,94234171,3032555,91200533,false,false,3,2016-04-01,2016-06-30,0
2016-07-28,69950,2016-03-31,1,,,,,,,,,,,,,,,,,,,,,,,,,,,,,,,,,,,91044824,false,false,3,2015-04-01,2015-06-30,-1
2016-10-27,69950,2017-03-31,2,220642000000,-0.064,,,,,15678000000,-0.029,15724000000,-0.009,,5519000000,,60.52,60.51,,,,,356949000000,213391000000,0.569,,202961000000,,,,,,,,,,,,true,false,6,2016-04-01,2016-09-30,0
2016-10-27,69950,2016-03-31,2,235795000000,0.076,,,,,16142000000,0.062,15863000000,-0.016,,-6308000000,,-69.26,,,,,,,,,,,,,,,,,,,,,,true,false,6,2015-04-01,2015-09-30,-1
2016-10-27,69950,2017-03-31,2,446000000000,-0.063,,,,,28000000000,-0.191,28500000000,-0.178,,13000000000,,142.54,,,,,,,,,,,,,,,,,,,,,,true,true,12,2016-04-01,2017-03-31,0
2016-10-27,69950,2016-03-31,2,,,,,,,,,,,,,,,,,,,,363343000000,221750000000,0.580,,210578000000,,,,,,,,,,,,true,false,12,2015-04-01,2016-03-31,-1
2016-10-27,69950,2016-03-31,2,,,,,,,,,,,,,,,,,,,,,,,,,,,,,60.00,,,,94234171,3033963,,false,false,12,2015-04-01,2016-03-31,-1
2016-10-27,69950,2017-03-31,2,,,,,,,,,,,,,,,,,,,,,,,,,,,,,30.00,,,,,,,false,false,12,2016-04-01,2017-03-31,0
2016-10-27,69950,2017-03-31,2,,,,,,,,,,,,,,,,,,,,,,,,,,,,,60.00,,,,,,,false,true,12,2016-04-01,2017-03-31,0
2016-10-27,69950,2017-03-31,2,,,,,,,,,,,,,,,,,,,,,,,,,,,,,,,,,94234171,3032866,91200930,false,false,6,2016-04-01,2016-09-30,0
2016-10-27,69950,2016-03-31,2,,,,,,,,,,,,,,,,,,,,,,,,,,,,,,,,,,,91082915,false,false,6,2015-04-01,2015-09-30,-1
2017-02-01,69950,2017-03-31,3,335630000000,-0.060,,,,,22799000000,-0.144,24101000000,-0.102,,10402000000,,114.06,114.04,,,,,376155000000,227858000000,0.576,,216619000000,,,,,,,,,,,,true,false,9,2016-04-01,2016-12-31,0
2017-02-01,69950,2016-03-31,3,356887000000,0.069,,,,,26641000000,0.149,26826000000,0.105,,1086000000,,11.93,11.91,,,,,,,,,,,,,,,,,,,,,true,false,9,2015-04-01,2015-12-31,-1
2017-02-01,69950,2017-03-31,3,454000000000,-0.047,,,,,30500000000,-0.119,32000000000,-0.077,,15000000000,,164.46,,,,,,,,,,,,,,,,,,,,,,true,true,12,2016-04-01,2017-03-31,0
2017-02-01,69950,2016-03-31,3,,,,,,,,,,,,,,,,,,,,363343000000,221750000000,0.580,,210578000000,,,,,,,,,,,,true,false,12,2015-04-01,2016-03-31,-1
2017-02-01,69950,2016-03-31,3,,,,,,,,,,,,,,,,,,,,,,,,,,,,,60.00,,,,94234171,3033963,,false,false,12,2015-04-01,2016-03-31,-1
2017-02-01,69950,2017-03-31,3,,,,,,,,,,,,,,,,,,,,,,,,,,,,,30.00,,,,,,,false,false,12,2016-04-01,2017-03-31,0
2017-02-01,69950,2017-03-31,3,,,,,,,,,,,,,,,,,,,,,,,,,,,,,60.00,,,,,,,false,true,12,2016-04-01,2017-03-31,0
2017-02-01,69950,2017-03-31,3,,,,,,,,,,,,,,,,,,,,,,,,,,,,,,,,,94234171,3020187,91202601,false,false,9,2016-04-01,2016-12-31,0
2017-02-01,69950,2016-03-31,3,,,,,,,,,,,,,,,,,,,,,,,,,,,,,,,,,,,91100347,false,false,9,2015-04-01,2015-12-31,-1
2017-02-01,69950,2017-03-31,,454000000000,0.018,,,,,30500000000,0.089,32000000000,0.123,,15000000000,,164.46,,,,,,,,,,,,,,,,,,,,,,true,true,12,2016-04-01,2017-03-31,0
2017-02-01,69950,2016-03-31,,476202000000,,,,,,34608000000,,34673000000,,,5591000000,,61.36,,,,,,,,,,,,,,,,,,,,,,true,false,12,2015-04-01,2016-03-31,-1
2017-03-16,69950,2017-03-31,,454000000000,,,,,,30500000000,,32000000000,,,-9000000000,,-98.68,,,,,,,,,,,,,,,,,,,,,,true,true,12,2016-04-01,2017-03-31,0
2017-03-16,69950,2016-03-31,,476202000000,,,,,,34608000000,,34673000000,,,5591000000,,61.36,,,,,,,,,,,,,,,,,,,,,,true,false,12,2015-04-01,2016-03-31,-1
2017-04-27,69950,2017-03-31,,459070000000,-0.036,,,,,30522000000,-0.118,32111000000,-0.074,,-4336000000,,-47.54,,-0.021,0.088,0.066,,368666000000,212343000000,0.545,2203.54,201044000000,33497000000,-11606000000,-7020000000,53372000000,,,,,,,,true,false,12,2016-04-01,2017-03-31,0
2017-04-27,69950,2016-03-31,,476202000000,0.053,,,,,34608000000,0.110,34673000000,0.075,,5591000000,,61.36,61.28,0.026,0.094,0.073,,363343000000,221750000000,0.580,2308.97,210578000000,20747000000,-22347000000,-7713000000,39314000000,,0.978,,,,,,true,false,12,2015-04-01,2016-03-31,-1
2017-04-27,69950,2018-03-31,,220000000000,-0.003,,,,,12000000000,-0.235,12500000000,-0.205,,8500000000,,93.16,,,,,,,,,,,,,,,,,,,,,,true,true,6,2017-04-01,2017-09-30,1
2017-04-27,69950,2018-03-31,,450000000000,-0.020,,,,,27500000000,-0.099,28500000000,-0.112,,19500000000,,213.73,,,,,,,,,,,,,,,,0.299,,,,,,true,true,12,2017-04-01,2018-03-31,1
2017-04-27,69950,2017-03-31,,239552000000,-0.019,,,,,7908000000,-0.171,17283000000,0.115,-7333000000,,,-80.41,,,,,,240463000000,138622000000,0.576,1519.06,138593000000,,,,,60.00,,,,94234171,2997535,91207947,false,false,12,2016-04-01,2017-03-31,0
2017-04-27,69950,2016-03-31,,244194000000,-0.035,,,,,9544000000,-0.259,15507000000,-0.245,-3524000000,,,-38.68,,,,,,247375000000,151080000000,0.610,1655.76,151006000000,,,,,60.00,,,,94234171,3033963,91119833,false,false,12,2015-04-01,2016-03-31,-1
2017-04-27,69950,2018-03-31,,,,,,,,,,,,,,,,,,,,,,,,,,,,,,64.00,,,,,,,false,true,12,2017-04-01,2018-03-31,1
2017-07-27,69950,2018-03-31,1,115560000000,0.052,,,,,6428000000,-0.207,6868000000,-0.101,,4707000000,,51.59,51.58,,,,,365309000000,215171000000,0.557,,203545000000,,,,,,,,,,,,true,false,3,2017-04-01,2017-06-30,0
2017-07-27,69950,2017-03-31,1,109880000000,-0.034,,,,,8102000000,0.104,7640000000,-0.046,,3966000000,,43.49,43.48,,,,,,,,,,,,,,,,,,,,,true,false,3,2016-04-01,2016-06-30,-1
2017-07-27,69950,2018-03-31,1,227000000000,0.029,,,,,12500000000,-0.203,13000000000,-0.173,,8500000000,,93.16,,,,,,,,,,,,,,,,,,,,,,true,true,6,2017-04-01,2017-09-30,0
2017-07-27,69950,2018-03-31,1,465000000000,0.013,,,,,29000000000,-0.050,30000000000,-0.066,,20000000000,,219.19,,,,,,,,,,,,,,,,,,,,,,true,true,12,2017-04-01,2018-03-31,0
2017-07-27,69950,2017-03-31,1,,,,,,,,,,,,,,,,,,,,368666000000,212343000000,0.545,,201044000000,,,,,,,,,,,,true,false,12,2016-04-01,2017-03-31,-1
2017-07-27,69950,2017-03-31,1,,,,,,,,,,,,,,,,,,,,,,,,,,,,,60.00,,,,94234171,2997535,,false,false,12,2016-04-01,2017-03-31,-1
2017-07-27,69950,2018-03-31,1,,,,,,,,,,,,,,,,,,,,,,,,,,,,,64.00,,,,,,,false,true,12,2017-04-01,2018-03-31,0
2017-07-27,69950,2018-03-31,1,,,,,,,,,,,,,,,,,,,,,,,,,,,,,,,,,94234171,2987608,91240350,false,false,3,2017-04-01,2017-06-30,0
2017-07-27,69950,2017-03-31,1,,,,,,,,,,,,,,,,,,,,,,,,,,,,,,,,,,,91200533,false,false,3,2016-04-01,2016-06-30,-1
2017-07-27,69950,2018-03-31,,227000000000,0.032,,,,,12500000000,0.042,13000000000,0.040,8500000000,,,93.16,,,,,,,,,,,,,,,,,,,,,,true,true,6,2017-04-01,2017-09-30,0
2017-07-27,69950,2017-03-31,,220642000000,,,,,,15678000000,,15724000000,,5519000000,,,60.52,,,,,,,,,,,,,,,,,,,,,,true,false,6,2016-04-01,2016-09-30,-1
2017-07-27,69950,2018-03-31,,465000000000,0.033,,,,,29000000000,0.055,30000000000,0.053,,20000000000,,219.19,,,,,,,,,,,,,,,,,,,,,,true,true,12,2017-04-01,2018-03-31,0
2017-07-27,69950,2017-03-31,,459070000000,,,,,,30522000000,,32111000000,,,-4336000000,,-47.54,,,,,,,,,,,,,,,,,,,,,,true,false,12,2016-04-01,2017-03-31,-1
2017-10-30,69950,2018-03-31,2,231889000000,0.051,,,,,12791000000,-0.184,13718000000,-0.128,,8143000000,,89.25,89.24,,,,,372436000000,221944000000,0.565,,210246000000,,,,,,,,,,,,true,false,6,2017-04-01,2017-09-30,0
2017-10-30,69950,2017-03-31,2,220642000000,-0.064,,,,,15678000000,-0.029,15724000000,-0.009,,5519000000,,60.52,60.51,,,,,,,,,,,,,,,,,,,,,true,false,6,2016-04-01,2016-09-30,-1
2017-10-30,69950,2018-03-31,2,472000000000,0.028,,,,,30000000000,-0.017,31000000000,-0.035,,21000000000,,230.14,,,,,,,,,,,,,,,,,,,,,,true,true,12,2017-04-01,2018-03-31,0
2017-10-30,69950,2017-03-31,2,,,,,,,,,,,,,,,,,,,,368666000000,212343000000,0.545,,201044000000,,,,,,,,,,,,true,false,12,2016-04-01,2017-03-31,-1
2017-10-30,69950,2017-03-31,2,,,,,,,,,,,,,,,,,,,,,,,,,,,,,60.00,,,,94234171,2997535,,false,false,12,2016-04-01,2017-03-31,-1
2017-10-30,69950,2018-03-31,2,,,,,,,,,,,,,,,,,,,,,,,,,,,,,32.00,,,,,,,false,false,12,2017-04-01,2018-03-31,0
2017-10-30,69950,2018-03-31,2,,,,,,,,,,,,,,,,,,,,,,,,,,,,,64.00,,,,,,,false,true,12,2017-04-01,2018-03-31,0
2017-10-30,69950,2018-03-31,2,,,,,,,,,,,,,,,,,,,,,,,,,,,,,,,,,94234171,2983739,91250432,false,false,6,2017-04-01,2017-09-30,0
2017-10-30,69950,2017-03-31,2,,,,,,,,,,,,,,,,,,,,,,,,,,,,,,,,,,,91200930,false,false,6,2016-04-01,2016-09-30,-1
2017-10-30,69950,2018-03-31,,472000000000,0.015,,,,,30000000000,0.034,31000000000,0.033,,21000000000,,230.14,,,,,,,,,,,,,,,,,,,,,,true,true,12,2017-04-01,2018-03-31,0
2017-10-30,69950,2017-03-31,,459070000000,,,,,,30522000000,,32111000000,,,-4336000000,,-47.54,,,,,,,,,,,,,,,,,,,,,,true,false,12,2016-04-01,2017-03-31,-1
2018-02-01,69950,2018-03-31,3,355408000000,0.059,,,,,21271000000,-0.067,22699000000,-0.058,,13998000000,,153.42,153.41,,,,,377680000000,227533000000,0.570,,215426000000,,,,,,,,,,,,true,false,9,2017-04-01,2017-12-31,0
2018-02-01,69950,2017-03-31,3,335630000000,-0.060,,,,,22799000000,-0.144,24101000000,-0.102,,10402000000,,114.06,114.04,,,,,,,,,,,,,,,,,,,,,true,false,9,2016-04-01,2016-12-31,-1
2018-02-01,69950,2018-03-31,3,480000000000,0.046,,,,,31000000000,0.016,32000000000,-0.003,,21000000000,,230.14,,,,,,,,,,,,,,,,,,,,,,true,true,12,2017-04-01,2018-03-31,0
2018-02-01,69950,2017-03-31,3,,,,,,,,,,,,,,,,,,,,368666000000,212343000000,0.545,,201044000000,,,,,,,,,,,,true,false,12,2016-04-01,2017-03-31,-1
2018-02-01,69950,2017-03-31,3,,,,,,,,,,,,,,,,,,,,,,,,,,,,,60.00,,,,94234171,2997535,,false,false,12,2016-04-01,2017-03-31,-1
2018-02-01,69950,2018-03-31,3,,,,,,,,,,,,,,,,,,,,,,,,,,,,,32.00,,,,,,,false,false,12,2017-04-01,2018-03-31,0
2018-02-01,69950,2018-03-31,3,,,,,,,,,,,,,,,,,,,,,,,,,,,,,64.00,,,,,,,false,true,12,2017-04-01,2018-03-31,0
2018-02-01,69950,2018-03-31,3,,,,,,,,,,,,,,,,,,,,,,,,,,,,,,,,,94234171,2984091,91246408,false,false,9,2017-04-01,2017-12-31,0
2018-02-01,69950,2017-03-31,3,,,,,,,,,,,,,,,,,,,,,,,,,,,,,,,,,,,91202601,false,false,9,2016-04-01,2016-12-31,-1
2018-02-01,69950,2018-03-31,,480000000000,0.017,,,,,31000000000,0.033,32000000000,0.032,,21000000000,,230.14,,,,,,,,,,,,,,,,,,,,,,true,true,12,2017-04-01,2018-03-31,0
2018-02-01,69950,2017-03-31,,459070000000,,,,,,30522000000,,32111000000,,,-4336000000,,-47.54,,,,,,,,,,,,,,,,,,,,,,true,false,12,2016-04-01,2017-03-31,-1
2018-04-26,69950,2018-03-31,,481945000000,0.050,,,,,30871000000,0.011,32278000000,0.005,,22014000000,,241.26,241.25,0.105,0.086,0.064,,382880000000,232127000000,0.575,2411.75,220072000000,20826000000,-19769000000,3539000000,57870000000,,0.265,,,,,,true,false,12,2017-04-01,2018-03-31,0
2018-04-26,69950,2017-03-31,,459070000000,-0.036,,,,,30522000000,-0.118,32111000000,-0.074,,-4336000000,,-47.54,,-0.021,0.088,0.066,,368666000000,212343000000,0.545,2203.54,201044000000,33497000000,-11606000000,-7020000000,53372000000,,,,,,,,true,false,12,2016-04-01,2017-03-31,-1
2018-04-26,69950,2019-03-31,,235000000000,0.013,,,,,11500000000,-0.101,12000000000,-0.125,,7500000000,,82.19,,,,,,,,,,,,,,,,,,,,,,true,true,6,2018-04-01,2018-09-30,1
2018-04-26,69950,2019-03-31,,485000000000,0.006,,,,,28000000000,-0.093,29000000000,-0.102,,20000000000,,219.18,,,,,,,,,,,,,,,,0.292,,,,,,true,true,12,2018-04-01,2019-03-31,1
2018-04-26,69950,2018-03-31,,251514000000,0.050,,,,,8422000000,0.065,20161000000,0.167,18326000000,,,200.84,200.84,,,,,249620000000,152410000000,0.611,1670.25,152410000000,,,,,64.00,,,,94234171,2984214,91247230,false,false,12,2017-04-01,2018-03-31,0
2018-04-26,69950,2017-03-31,,239552000000,-0.019,,,,,7908000000,-0.171,17283000000,0.115,-7333000000,,,-80.41,,,,,,240463000000,138622000000,0.576,1519.06,138593000000,,,,,60.00,,,,94234171,2997535,91207947,false,false,12,2016-04-01,2017-03-31,-1
2018-04-26,69950,2019-03-31,,,,,,,,,,,,,,,,,,,,,,,,,,,,,,64.00,,,,,,,false,true,12,2018-04-01,2019-03-31,1
2018-07-30,69950,2019-03-31,1,122361000000,0.059,,,,,7790000000,0.212,8395000000,0.222,,5507000000,,60.35,,,,,,372861000000,234449000000,0.597,,222509000000,,,,,,,,,,,,true,false,3,2018-04-01,2018-06-30,0
2018-07-30,69950,2018-03-31,1,115560000000,0.052,,,,,6428000000,-0.207,6868000000,-0.101,,4707000000,,51.59,51.58,,,,,,,,,,,,,,,,,,,,,true,false,3,2017-04-01,2017-06-30,-1
2018-07-30,69950,2019-03-31,1,249500000000,0.076,,,,,15500000000,0.212,16500000000,0.203,,10000000000,,109.59,,,,,,,,,,,,,,,,,,,,,,true,true,6,2018-04-01,2018-09-30,0
2018-07-30,69950,2019-03-31,1,500000000000,0.037,,,,,32000000000,0.037,33500000000,0.038,,22500000000,,246.58,,,,,,,,,,,,,,,,,,,,,,true,true,12,2018-04-01,2019-03-31,0
2018-07-30,69950,2018-03-31,1,,,,,,,,,,,,,,,,,,,,377002000000,232127000000,0.584,,220072000000,,,,,,,,,,,,true,false,12,2017-04-01,2018-03-31,-1
2018-07-30,69950,2018-03-31,1,,,,,,,,,,,,,,,,,,,,,,,,,,,,,64.00,,,,94234171,2984214,,false,false,12,2017-04-01,2018-03-31,-1
2018-07-30,69950,2019-03-31,1,,,,,,,,,,,,,,,,,,,,,,,,,,,,,64.00,,,,,,,false,true,12,2018-04-01,2019-03-31,0
2018-07-30,69950,2019-03-31,1,,,,,,,,,,,,,,,,,,,,,,,,,,,,,,,,,94234171,2984208,91249961,false,false,3,2018-04-01,2018-06-30,0
2018-07-30,69950,2018-03-31,1,,,,,,,,,,,,,,,,,,,,,,,,,,,,,,,,,,,91240350,false,false,3,2017-04-01,2017-06-30,-1
2018-10-30,69950,2019-03-31,2,247541000000,0.068,,,,,14765000000,0.154,16234000000,0.183,,10478000000,,114.84,,,,,,385012000000,242229000000,0.598,,230106000000,,,,,,,,,,,,true,false,6,2018-04-01,2018-09-30,0
2018-10-30,69950,2018-03-31,2,231889000000,0.051,,,,,12791000000,-0.184,13718000000,-0.128,,8143000000,,89.25,89.24,,,,,,,,,,,,,,,,,,,,,true,false,6,2017-04-01,2017-09-30,-1
2018-10-30,69950,2019-03-31,2,500000000000,0.037,,,,,31000000000,0.004,32500000000,0.007,,22000000000,,241.10,,,,,,,,,,,,,,,,,,,,,,true,true,12,2018-04-01,2019-03-31,0
2018-10-30,69950,2018-03-31,2,,,,,,,,,,,,,,,,,,,,377002000000,232127000000,0.584,,220072000000,,,,,,,,,,,,true,false,12,2017-04-01,2018-03-31,-1
2018-10-30,69950,2018-03-31,2,,,,,,,,,,,,,,,,,,,,,,,,,,,,,64.00,,,,94234171,2984214,,false,false,12,2017-04-01,2018-03-31,-1
2018-10-30,69950,2019-03-31,2,,,,,,,,,,,,,,,,,,,,,,,,,,,,,32.00,,,,,,,false,false,12,2018-04-01,2019-03-31,0
2018-10-30,69950,2019-03-31,2,,,,,,,,,,,,,,,,,,,,,,,,,,,,,64.00,,,,,,,false,true,12,2018-04-01,2019-03-31,0
2018-10-30,69950,2019-03-31,2,,,,,,,,,,,,,,,,,,,,,,,,,,,,,,,,,94234171,2984268,91249936,false,false,6,2018-04-01,2018-09-30,0
2018-10-30,69950,2018-03-31,2,,,,,,,,,,,,,,,,,,,,,,,,,,,,,,,,,,,91244748,false,false,6,2017-04-01,2017-09-30,-1
2019-01-31,69950,2019-03-31,3,376190000000,0.058,,,,,21964000000,0.033,23446000000,0.033,,12153000000,,133.19,,,,,,374869000000,237474000000,0.601,,225191000000,,,,,,,,,,,,true,false,9,2018-04-01,2018-12-31,0
2019-01-31,69950,2018-03-31,3,355408000000,0.059,,,,,21271000000,-0.067,22699000000,-0.058,,13998000000,,153.42,153.41,,,,,,,,,,,,,,,,,,,,,true,false,9,2017-04-01,2017-12-31,-1
2019-01-31,69950,2019-03-31,3,500000000000,0.037,,,,,30500000000,-0.012,32000000000,-0.009,,18500000000,,202.74,,,,,,,,,,,,,,,,,,,,,,true,true,12,2018-04-01,2019-03-31,0
2019-01-31,69950,2018-03-31,3,,,,,,,,,,,,,,,,,,,,377002000000,232127000000,0.584,,220072000000,,,,,,,,,,,,true,false,12,2017-04-01,2018-03-31,-1
2019-01-31,69950,2018-03-31,3,,,,,,,,,,,,,,,,,,,,,,,,,,,,,64.00,,,,94234171,2984214,,false,false,12,2017-04-01,2018-03-31,-1
2019-01-31,69950,2019-03-31,3,,,,,,,,,,,,,,,,,,,,,,,,,,,,,32.00,,,,,,,false,false,12,2018-04-01,2019-03-31,0
2019-01-31,69950,2019-03-31,3,,,,,,,,,,,,,,,,,,,,,,,,,,,,,64.00,,,,,,,false,true,12,2018-04-01,2019-03-31,0
2019-01-31,69950,2019-03-31,3,,,,,,,,,,,,,,,,,,,,,,,,,,,,,,,,,94234171,2984268,91249926,false,false,9,2018-04-01,2018-12-31,0
2019-01-31,69950,2018-03-31,3,,,,,,,,,,,,,,,,,,,,,,,,,,,,,,,,,,,91246408,false,false,9,2017-04-01,2017-12-31,-1
2019-01-31,69950,2019-03-31,,500000000000,0.000,,,,,30500000000,-0.016,32000000000,-0.015,,18500000000,,202.74,,,,,,,,,,,,,,,,,,,,,,true,true,12,2018-04-01,2019-03-31,0
2019-01-31,69950,2018-03-31,,481945000000,,,,,,30871000000,,32278000000,,,22014000000,,241.26,,,,,,,,,,,,,,,,,,,,,,true,false,12,2017-04-01,2018-03-31,-1
2019-04-25,69950,2019-03-31,,507645000000,0.053,,,,,29618000000,-0.041,30110000000,-0.067,,18090000000,,198.25,,0.081,0.079,0.058,,387556000000,241435000000,0.590,2507.78,228834000000,37919000000,-31933000000,-8033000000,55727000000,,0.323,,,,,,true,false,12,2018-04-01,2019-03-31,0
2019-04-25,69950,2018-03-31,,481945000000,0.050,,,,,30871000000,0.011,32278000000,0.005,,22014000000,,241.26,241.25,0.105,0.087,0.064,,377002000000,232127000000,0.584,2411.75,220072000000,20826000000,-19769000000,3539000000,57870000000,,0.265,,,,,,true,false,12,2017-04-01,2018-03-31,-1
2019-04-25,69950,2020-03-31,,254000000000,0.026,,,,,14000000000,-0.052,14500000000,-0.107,,10000000000,,109.59,,,,,,,,,,,,,,,,,,,,,,true,true,6,2019-04-01,2019-09-30,1
2019-04-25,69950,2020-03-31,,510000000000,0.005,,,,,28000000000,-0.055,29000000000,-0.037,,20500000000,,224.66,,,,,,,,,,,,,,,,0.285,,,,,,true,true,12,2019-04-01,2020-03-31,1
2019-04-25,69950,2019-03-31,,269610000000,0.072,,,,,6073000000,-0.279,19915000000,-0.012,14063000000,,-0.233,154.12,,,,,,256794000000,157942000000,0.615,1730.88,157942000000,,,,,64.00,,,,94234171,2984323,91249910,false,false,12,2018-04-01,2019-03-31,0
2019-04-25,69950,2018-03-31,,251514000000,0.050,,,,,8422000000,0.065,20161000000,0.167,18326000000,,,200.84,200.84,,,,,248407000000,152410000000,0.614,1670.25,152410000000,,,,,64.00,,,,94234171,2984214,91247230,false,false,12,2017-04-01,2018-03-31,-1
2019-04-25,69950,2020-03-31,,,,,,,,,,,,,,,,,,,,,,,,,,,,,,64.00,,,,,,,false,true,12,2019-04-01,2020-03-31,1
2019-07-30,69950,2020-03-31,1,128032000000,0.046,,,,,7389000000,-0.051,7384000000,-0.120,,5294000000,,58.02,,,,,,388376000000,241880000000,0.590,,229287000000,,,,,,,,,,,,true,false,3,2019-04-01,2019-06-30,0
2019-07-30,69950,2019-03-31,1,122361000000,0.059,,,,,7790000000,0.212,8395000000,0.222,,5507000000,,60.35,,,,,,,,,,,,,,,,,,,,,,true,false,3,2018-04-01,2018-06-30,-1
2019-07-30,69950,2020-03-31,1,254000000000,0.026,,,,,14000000000,-0.052,14500000000,-0.107,,10000000000,,109.59,,,,,,,,,,,,,,,,,,,,,,true,true,6,2019-04-01,2019-09-30,0
2019-07-30,69950,2020-03-31,1,510000000000,0.005,,,,,28000000000,-0.055,29000000000,-0.037,,20500000000,,224.66,,,,,,,,,,,,,,,,,,,,,,true,true,12,2019-04-01,2020-03-31,0
2019-07-30,69950,2019-03-31,1,,,,,,,,,,,,,,,,,,,,387556000000,241435000000,0.590,,228834000000,,,,,,,,,,,,true,false,12,2018-04-01,2019-03-31,-1
2019-07-30,69950,2019-03-31,1,,,,,,,,,,,,,,,,,,,,,,,,,,,,,64.00,,,,94234171,2984323,,false,false,12,2018-04-01,2019-03-31,-1
2019-07-30,69950,2020-03-31,1,,,,,,,,,,,,,,,,,,,,,,,,,,,,,64.00,,,,,,,false,true,12,2019-04-01,2020-03-31,0
2019-07-30,69950,2020-03-31,1,,,,,,,,,,,,,,,,,,,,,,,,,,,,,,,,,94234171,2984358,91249822,false,false,3,2019-04-01,2019-06-30,0
2019-07-30,69950,2019-03-31,1,,,,,,,,,,,,,,,,,,,,,,,,,,,,,,,,,,,91249961,false,false,3,2018-04-01,2018-06-30,-1
2019-10-30,69950,2020-03-31,2,254317000000,0.027,,,,,14007000000,-0.051,13882000000,-0.145,,9160000000,,100.39,,,,,,389378000000,244667000000,0.596,,232167000000,,,,,,,,,,,,true,false,6,2019-04-01,2019-09-30,0
2019-10-30,69950,2019-03-31,2,247541000000,0.068,,,,,14765000000,0.154,16234000000,0.183,,10478000000,,114.84,,,,,,,,,,,,,,,,,,,,,,true,false,6,2018-04-01,2018-09-30,-1
2019-10-30,69950,2020-03-31,2,510000000000,0.005,,,,,28000000000,-0.055,29000000000,-0.037,,20500000000,,224.66,,,,,,,,,,,,,,,,,,,,,,true,true,12,2019-04-01,2020-03-31,0
2019-10-30,69950,2019-03-31,2,,,,,,,,,,,,,,,,,,,,387556000000,241435000000,0.590,,228834000000,,,,,,,,,,,,true,false,12,2018-04-01,2019-03-31,-1
2019-10-30,69950,2019-03-31,2,,,,,,,,,,,,,,,,,,,,,,,,,,,,,64.00,,,,94234171,2984323,,false,false,12,2018-04-01,2019-03-31,-1
2019-10-30,69950,2020-03-31,2,,,,,,,,,,,,,,,,,,,,,,,,,,,,,32.00,,,,,,,false,false,12,2019-04-01,2020-03-31,0
2019-10-30,69950,2020-03-31,2,,,,,,,,,,,,,,,,,,,,,,,,,,,,,64.00,,,,,,,false,true,12,2019-04-01,2020-03-31,0
2019-10-30,69950,2020-03-31,2,,,,,,,,,,,,,,,,,,,,,,,,,,,,,,,,,94234171,2984413,91249810,false,false,6,2019-04-01,2019-09-30,0
2019-10-30,69950,2019-03-31,2,,,,,,,,,,,,,,,,,,,,,,,,,,,,,,,,,,,91249936,false,false,6,2018-04-01,2018-09-30,-1
2020-01-30,69950,2020-03-31,3,379447000000,0.009,,,,,18590000000,-0.154,20580000000,-0.122,,14357000000,,157.34,,,,,,388764000000,250203000000,0.610,,237192000000,,,,,,,,,,,,true,false,9,2019-04-01,2019-12-31,0
2020-01-30,69950,2019-03-31,3,376190000000,0.058,,,,,21964000000,0.033,23446000000,0.033,,12153000000,,133.19,,,,,,,,,,,,,,,,,,,,,,true,false,9,2018-04-01,2018-12-31,-1
2020-01-30,69950,2020-03-31,3,505000000000,-0.005,,,,,25000000000,-0.156,27000000000,-0.103,,19500000000,,213.70,,,,,,,,,,,,,,,,,,,,,,true,true,12,2019-04-01,2020-03-31,0
2020-01-30,69950,2019-03-31,3,,,,,,,,,,,,,,,,,,,,387556000000,241435000000,0.590,,228834000000,,,,,,,,,,,,true,false,12,2018-04-01,2019-03-31,-1
2020-01-30,69950,2019-03-31,3,,,,,,,,,,,,,,,,,,,,,,,,,,,,,64.00,,,,94234171,2984323,,false,false,12,2018-04-01,2019-03-31,-1
2020-01-30,69950,2020-03-31,3,,,,,,,,,,,,,,,,,,,,,,,,,,,,,32.00,,,,,,,false,false,12,2019-04-01,2020-03-31,0
2020-01-30,69950,2020-03-31,3,,,,,,,,,,,,,,,,,,,,,,,,,,,,,64.00,,,,,,,false,true,12,2019-04-01,2020-03-31,0
2020-01-30,69950,2020-03-31,3,,,,,,,,,,,,,,,,,,,,,,,,,,,,,,,,,94234171,2984471,91249787,false,false,9,2019-04-01,2019-12-31,0
2020-01-30,69950,2019-03-31,3,,,,,,,,,,,,,,,,,,,,,,,,,,,,,,,,,,,91249926,false,false,9,2018-04-01,2018-12-31,-1
2020-01-30,69950,2020-03-31,,505000000000,-0.010,,,,,25000000000,-0.107,27000000000,-0.069,,19500000000,,213.70,,,,,,,,,,,,,,,,,,,,,,true,true,12,2019-04-01,2020-03-31,0
2020-01-30,69950,2019-03-31,,507645000000,,,,,,29618000000,,30110000000,,,18090000000,,198.25,,,,,,,,,,,,,,,,,,,,,,true,false,12,2018-04-01,2019-03-31,-1
2020-04-28,69950,2020-03-31,,500002000000,-0.015,,,,,22597000000,-0.237,22914000000,-0.239,,15067000000,,165.12,,0.066,0.060,0.045,,378489000000,241023000000,0.603,2502.75,228375000000,40346000000,-22289000000,-6772000000,65429000000,,0.375,,,,,,true,false,12,2019-04-01,2020-03-31,0
2020-04-28,69950,2019-03-31,,507645000000,0.053,,,,,29618000000,-0.041,30110000000,-0.067,,18090000000,,198.25,,0.081,0.079,0.058,,387556000000,241435000000,0.590,2507.78,228834000000,37919000000,-31933000000,-8033000000,55727000000,,0.323,,,,,,true,false,12,2018-04-01,2019-03-31,-1
2020-04-28,69950,2020-03-31,,271423000000,0.007,,,,,2463000000,-0.594,21266000000,0.068,17291000000,,0.230,189.50,,,,,,264361000000,167674000000,0.634,1837.54,167674000000,,,,,62.00,,,,94234171,2984471,91249767,false,false,12,2019-04-01,2020-03-31,0
2020-04-28,69950,2019-03-31,,269610000000,0.072,,,,,6073000000,-0.279,19915000000,-0.012,14063000000,,-0.233,154.12,,,,,,256794000000,157942000000,0.615,1730.88,157942000000,,,,,64.00,,,,94234171,2984323,91249910,false,false,12,2018-04-01,2019-03-31,-1
2020-07-30,69950,2021-03-31,1,66439000000,-0.481,,,,,-9961000000,,-9220000000,,,-9585000000,,-105.04,,,,,,359395000000,231014000000,0.607,,218185000000,,,,,,,,,,,,true,false,3,2020-04-01,2020-06-30,0
2020-07-30,69950,2020-03-31,1,128032000000,0.046,,,,,7389000000,-0.051,7384000000,-0.120,,5294000000,,58.02,,,,,,,,,,,,,,,,,,,,,,true,false,3,2019-04-01,2019-06-30,-1
2020-07-30,69950,2021-03-31,1,172000000000,-0.324,,,,,-9500000000,,-9000000000,,,-10000000000,,-109.57,,,,,,,,,,,,,,,,,,,,,,true,true,6,2020-04-01,2020-09-30,0
2020-07-30,69950,2021-03-31,1,410000000000,-0.180,,,,,-1000000000,,0,,,-3000000000,,-32.87,,,,,,,,,,,,,,,,,,,,,,true,true,12,2020-04-01,2021-03-31,0
2020-07-30,69950,2020-03-31,1,,,,,,,,,,,,,,,,,,,,378489000000,241023000000,0.603,,228375000000,,,,,,,,,,,,true,false,12,2019-04-01,2020-03-31,-1
2020-07-30,69950,2020-03-31,1,,,,,,,,,,,,,,,,,,,,,,,,,,,,,62.00,,,,94234171,2984471,,false,false,12,2019-04-01,2020-03-31,-1
2020-07-30,69950,2021-03-31,1,,,,,,,,,,,,,,,,,,,,,,,,,,,,,,,,,94234171,2959992,91255820,false,false,3,2020-04-01,2020-06-30,0
2020-07-30,69950,2020-03-31,1,,,,,,,,,,,,,,,,,,,,,,,,,,,,,,,,,,,91249822,false,false,3,2019-04-01,2019-06-30,-1
2020-07-30,69950,2021-03-31,,172000000000,,,,,,-9500000000,,-9000000000,,-10000000000,,,-109.57,,,,,,,,,,,,,,,,,,,,,,true,true,6,2020-04-01,2020-09-30,0
2020-07-30,69950,2020-03-31,,254317000000,,,,,,14007000000,,13882000000,,9160000000,,,100.39,,,,,,,,,,,,,,,,,,,,,,true,false,6,2019-04-01,2019-09-30,-1
2020-07-30,69950,2021-03-31,,410000000000,,,,,,-1000000000,,0,,,-3000000000,,-32.87,,,,,,,,,,,,,,,,,,,,,,true,true,12,2020-04-01,2021-03-31,0
2020-07-30,69950,2020-03-31,,500002000000,,,,,,22597000000,,22914000000,,,15067000000,,165.12,,,,,,,,,,,,,,,,,,,,,,true,false,12,2019-04-01,2020-03-31,-1
2020-08-21,69950,2021-03-31,,172000000000,,,,,,-9500000000,,-9000000000,,-7500000000,,0.250,-82.18,,,,,,,,,,,,,,,,,,,,,,true,true,6,2020-04-01,2020-09-30,0
2020-08-21,69950,2020-03-31,,254317000000,,,,,,14007000000,,13882000000,,9160000000,,,100.39,,,,,,,,,,,,,,,,,,,,,,true,false,6,2019-04-01,2019-09-30,-1
2020-08-21,69950,2021-03-31,,410000000000,,,,,,-1000000000,,0,,,-500000000,,-5.48,,,,,,,,,,,,,,,,,,,,,,true,true,12,2020-04-01,2021-03-31,0
2020-08-21,69950,2020-03-31,,500002000000,,,,,,22597000000,,22914000000,,,15067000000,,165.12,,,,,,,,,,,,,,,,,,,,,,true,false,12,2019-04-01,2020-03-31,-1
2020-10-28,69950,2021-03-31,2,182536000000,-0.282,,,,,-4872000000,,-3379000000,,,-2612000000,,-28.63,,,,,,375438000000,237357000000,0.598,,224529000000,,,,,,,,,,,,true,false,6,2020-04-01,2020-09-30,0
2020-10-28,69950,2020-03-31,2,254317000000,0.027,,,,,14007000000,-0.051,13882000000,-0.145,,9160000000,,100.39,,,,,,,,,,,,,,,,,,,,,,true,false,6,2019-04-01,2019-09-30,-1
2020-10-28,69950,2021-03-31,2,420000000000,-0.160,,,,,4500000000,-0.801,6500000000,-0.716,,4000000000,,43.83,,,,,,,,,,,,,,,,,,,,,,true,true,12,2020-04-01,2021-03-31,0
2020-10-28,69950,2020-03-31,2,,,,,,,,,,,,,,,,,,,,378489000000,241023000000,0.603,,228375000000,,,,,,,,,,,,true,false,12,2019-04-01,2020-03-31,-1
2020-10-28,69950,2020-03-31,2,,,,,,,,,,,,,,,,,,,,,,,,,,,,,62.00,,,,94234171,2984471,,false,false,12,2019-04-01,2020-03-31,-1
2020-10-28,69950,2021-03-31,2,,,,,,,,,,,,,,,,,,,,,,,,,,,,,20.00,,,,,,,false,false,12,2020-04-01,2021-03-31,0
2020-10-28,69950,2021-03-31,2,,,,,,,,,,,,,,,,,,,,,,,,,,,,,40.00,,,,,,,false,true,12,2020-04-01,2021-03-31,0
2020-10-28,69950,2021-03-31,2,,,,,,,,,,,,,,,,,,,,,,,,,,,,,,,,,94234171,2960086,91263675,false,false,6,2020-04-01,2020-09-30,0
2020-10-28,69950,2020-03-31,2,,,,,,,,,,,,,,,,,,,,,,,,,,,,,,,,,,,91249810,false,false,6,2019-04-01,2019-09-30,-1
2021-02-01,69950,2021-03-31,3,312791000000,-0.176,,,,,5324000000,-0.714,7866000000,-0.618,,5821000000,,63.78,,,,,,386594000000,248084000000,0.607,,234504000000,,,,,,,,,,,,true,false,9,2020-04-01,2020-12-31,0
2021-02-01,69950,2020-03-31,3,379447000000,0.009,,,,,18590000000,-0.154,20580000000,-0.122,,14357000000,,157.34,,,,,,,,,,,,,,,,,,,,,,true,false,9,2019-04-01,2019-12-31,-1
2021-02-01,69950,2021-03-31,3,435000000000,-0.130,,,,,10000000000,-0.557,12500000000,-0.454,,9000000000,,98.61,,,,,,,,,,,,,,,,,,,,,,true,true,12,2020-04-01,2021-03-31,0
2021-02-01,69950,2020-03-31,3,,,,,,,,,,,,,,,,,,,,378489000000,241023000000,0.603,,228375000000,,,,,,,,,,,,true,false,12,2019-04-01,2020-03-31,-1
2021-02-01,69950,2020-03-31,3,,,,,,,,,,,,,,,,,,,,,,,,,,,,,62.00,,,,94234171,2984471,,false,false,12,2019-04-01,2020-03-31,-1
2021-02-01,69950,2021-03-31,3,,,,,,,,,,,,,,,,,,,,,,,,,,,,,20.00,,,,,,,false,false,12,2020-04-01,2021-03-31,0
2021-02-01,69950,2021-03-31,3,,,,,,,,,,,,,,,,,,,,,,,,,,,,,40.00,,,,,,,false,true,12,2020-04-01,2021-03-31,0
2021-02-01,69950,2021-03-31,3,,,,,,,,,,,,,,,,,,,,,,,,,,,,,,,,,94234171,2960093,91266796,false,false,9,2020-04-01,2020-12-31,0
2021-02-01,69950,2020-03-31,3,,,,,,,,,,,,,,,,,,,,,,,,,,,,,,,,,,,91249787,false,false,9,2019-04-01,2019-12-31,-1
2021-02-01,69950,2021-03-31,,435000000000,0.036,,,,,10000000000,1.222,12500000000,0.923,,9000000000,,98.61,,,,,,,,,,,,,,,,,,,,,,true,true,12,2020-04-01,2021-03-31,0
2021-02-01,69950,2020-03-31,,500002000000,,,,,,22597000000,,22914000000,,,15067000000,,165.12,,,,,,,,,,,,,,,,,,,,,,true,false,12,2019-04-01,2020-03-31,-1
2021-04-27,69950,2021-03-31,,440061000000,-0.120,,,,,14045000000,-0.378,19011000000,-0.170,,12026000000,,131.77,,0.050,0.048,0.032,,419259000000,270276000000,0.609,2796.56,255252000000,34682000000,-27505000000,-4525000000,69604000000,,0.379,,,,,,true,false,12,2020-04-01,2021-03-31,0
2021-04-27,69950,2020-03-31,,500002000000,-0.015,,,,,22597000000,-0.237,22914000000,-0.239,,15067000000,,165.12,,0.066,0.060,0.045,,378489000000,241023000000,0.603,2502.75,228375000000,40346000000,-22289000000,-6772000000,65429000000,,0.375,,,,,,true,false,12,2019-04-01,2020-03-31,-1
2021-04-27,69950,2022-03-31,,245000000000,0.342,,,,,10000000000,,10500000000,,6500000000,,,71.21,,,,,,,,,,,,,,,,,,,,,,true,true,6,2021-04-01,2021-09-30,1
2021-04-27,69950,2022-03-31,,495000000000,0.125,,,,,22000000000,0.566,23000000000,0.210,15000000000,,0.247,164.35,,,,,,,,,,,,,,,,0.365,,,,,,true,true,12,2021-04-01,2022-03-31,1
2021-04-27,69950,2021-03-31,,229393000000,-0.155,,,,,-2881000000,,11197000000,-0.473,9679000000,,-0.440,106.05,,,,,,276198000000,179095000000,0.648,1962.18,179095000000,,,,,50.00,,,,94234171,2960268,91268436,false,false,12,2020-04-01,2021-03-31,0
2021-04-27,69950,2020-03-31,,271423000000,0.007,,,,,2463000000,-0.594,21266000000,0.068,17291000000,,0.230,189.50,,,,,,264361000000,167674000000,0.634,1837.54,167674000000,,,,,62.00,,,,94234171,2984471,91249767,false,false,12,2019-04-01,2020-03-31,-1
2021-04-27,69950,2022-03-31,,,,,,,,,,,,,,,,,,,,,,,,,,,,,,60.00,,,,,,,false,true,12,2021-04-01,2022-03-31,1
2021-07-29,69950,2022-03-31,1,123152000000,0.854,,,,,6322000000,,7333000000,,,5658000000,,61.99,,,,,,426038000000,274090000000,0.607,,258744000000,,,,,,,,,,,,true,false,3,2021-04-01,2021-06-30,0
2021-07-29,69950,2021-03-31,1,66439000000,-0.481,,,,,-9961000000,,-9220000000,,,-9585000000,,-105.04,,,,,,,,,,,,,,,,,,,,,,true,false,3,2020-04-01,2020-06-30,-1
2021-07-29,69950,2022-03-31,1,245000000000,0.342,,,,,10000000000,,10500000000,,,6500000000,,71.20,,,,,,,,,,,,,,,,,,,,,,true,true,6,2021-04-01,2021-09-30,0
2021-07-29,69950,2022-03-31,1,495000000000,0.125,,,,,22000000000,0.566,23000000000,0.210,,15000000000,,164.31,,,,,,,,,,,,,,,,,,,,,,true,true,12,2021-04-01,2022-03-31,0
2021-07-29,69950,2021-03-31,1,,,,,,,,,,,,,,,,,,,,419259000000,270276000000,0.609,,255252000000,,,,,,,,,,,,true,false,12,2020-04-01,2021-03-31,-1
2021-07-29,69950,2021-03-31,1,,,,,,,,,,,,,,,,,,,,,,,,,,,,,50.00,,,,94234171,2960268,,false,false,12,2020-04-01,2021-03-31,-1
2021-07-29,69950,2022-03-31,1,,,,,,,,,,,,,,,,,,,,,,,,,,,,,60.00,,,,,,,false,true,12,2021-04-01,2022-03-31,0
2021-07-29,69950,2022-03-31,1,,,,,,,,,,,,,,,,,,,,,,,,,,,,,,,,,94234171,2937446,91279609,false,false,3,2021-04-01,2021-06-30,0
2021-07-29,69950,2021-03-31,1,,,,,,,,,,,,,,,,,,,,,,,,,,,,,,,,,,,91255820,false,false,3,2020-04-01,2020-06-30,-1
2021-10-28,69950,2022-03-31,2,231124000000,0.266,,,,,6903000000,,8171000000,,,5103000000,,55.90,,,,,,410010000000,272210000000,0.627,,257244000000,,,,,,,,,,,,true,false,6,2021-04-01,2021-09-30,0
2021-10-28,69950,2021-03-31,2,182536000000,-0.282,,,,,-4872000000,,-3379000000,,,-2612000000,,-28.63,,,,,,,,,,,,,,,,,,,,,,true,false,6,2020-04-01,2020-09-30,-1
2021-10-28,69950,2022-03-31,2,480000000000,0.091,,,,,15000000000,0.068,16500000000,-0.132,,11500000000,,125.97,,,,,,,,,,,,,,,,,,,,,,true,true,12,2021-04-01,2022-03-31,0
2021-10-28,69950,2021-03-31,2,,,,,,,,,,,,,,,,,,,,419259000000,270276000000,0.609,,255252000000,,,,,,,,,,,,true,false,12,2020-04-01,2021-03-31,-1
2021-10-28,69950,2021-03-31,2,,,,,,,,,,,,,,,,,,,,,,,,,,,,,50.00,,,,94234171,2960268,,false,false,12,2020-04-01,2021-03-31,-1
2021-10-28,69950,2022-03-31,2,,,,,,,,,,,,,,,,,,,,,,,,,,,,,30.00,,,,,,,false,false,12,2021-04-01,2022-03-31,0
2021-10-28,69950,2022-03-31,2,,,,,,,,,,,,,,,,,,,,,,,,,,,,,60.00,,,,,,,false,true,12,2021-04-01,2022-03-31,0
2021-10-28,69950,2022-03-31,2,,,,,,,,,,,,,,,,,,,,,,,,,,,,,,,,,94234171,2937528,91286923,false,false,6,2021-04-01,2021-09-30,0
2021-10-28,69950,2021-03-31,2,,,,,,,,,,,,,,,,,,,,,,,,,,,,,,,,,,,91263675,false,false,6,2020-04-01,2020-09-30,-1
2022-02-01,69950,2022-03-31,3,358030000000,0.145,,,,,11248000000,1.112,13989000000,0.778,,8312000000,,91.05,,,,,,430113000000,279255000000,0.613,,263561000000,,,,,,,,,,,,true,false,9,2021-04-01,2021-12-31,0
2022-02-01,69950,2021-03-31,3,312791000000,-0.176,,,,,5324000000,-0.714,7866000000,-0.618,,5821000000,,63.78,,,,,,,,,,,,,,,,,,,,,,true,false,9,2020-04-01,2020-12-31,-1
2022-02-01,69950,2022-03-31,3,480000000000,0.091,,,,,15000000000,0.068,16500000000,-0.132,,11500000000,,125.97,,,,,,,,,,,,,,,,,,,,,,true,true,12,2021-04-01,2022-03-31,0
2022-02-01,69950,2021-03-31,3,,,,,,,,,,,,,,,,,,,,419259000000,270276000000,0.609,,255252000000,,,,,,,,,,,,true,false,12,2020-04-01,2021-03-31,-1
2022-02-01,69950,2021-03-31,3,,,,,,,,,,,,,,,,,,,,,,,,,,,,,50.00,,,,94234171,2960268,,false,false,12,2020-04-01,2021-03-31,-1
2022-02-01,69950,2022-03-31,3,,,,,,,,,,,,,,,,,,,,,,,,,,,,,30.00,,,,,,,false,false,12,2021-04-01,2022-03-31,0
2022-02-01,69950,2022-03-31,3,,,,,,,,,,,,,,,,,,,,,,,,,,,,,60.00,,,,,,,false,true,12,2021-04-01,2022-03-31,0
2022-02-01,69950,2022-03-31,3,,,,,,,,,,,,,,,,,,,,,,,,,,,,,,,,,94234171,2937565,91289836,false,false,9,2021-04-01,2021-12-31,0
2022-02-01,69950,2021-03-31,3,,,,,,,,,,,,,,,,,,,,,,,,,,,,,,,,,,,91266796,false,false,9,2020-04-01,2020-12-31,-1
2022-04-27,69950,2022-03-31,,487303000000,0.107,,,,,9211000000,-0.344,15557000000,-0.182,,3569000000,,39.10,,0.014,0.036,0.019,,447834000000,285538000000,0.600,2943.29,268712000000,14677000000,-26005000000,-6437000000,53854000000,,1.535,,,,,,true,false,12,2021-04-01,2022-03-31,0
2022-04-27,69950,2021-03-31,,440061000000,-0.120,,,,,14045000000,-0.378,19011000000,-0.170,,12026000000,,131.77,,0.050,0.048,0.032,,419259000000,270276000000,0.609,2796.56,255252000000,34682000000,-27505000000,-4525000000,69604000000,,0.379,,,,,,true,false,12,2020-04-01,2021-03-31,-1
2022-04-27,69950,2023-03-31,,520000000000,0.067,,,,,10000000000,0.086,11000000000,-0.293,6000000000,,0.681,65.72,,,,,,,,,,,,,,,,0.913,,,,,,true,true,12,2022-04-01,2023-03-31,1
2022-04-27,69950,2022-03-31,,232005000000,0.011,,,,,-7543000000,,9115000000,-0.186,5067000000,,-0.476,55.51,,,,,,282725000000,179476000000,0.635,1965.86,179476000000,,,,,60.00,,,,94234171,2937578,91291396,false,false,12,2021-04-01,2022-03-31,0
2022-04-27,69950,2021-03-31,,229393000000,-0.155,,,,,-2881000000,,11197000000,-0.473,9679000000,,-0.440,106.05,,,,,,276198000000,179095000000,0.648,1962.18,179095000000,,,,,50.00,,,,94234171,2960268,91268436,false,false,12,2020-04-01,2021-03-31,-1
2022-04-27,69950,2023-03-31,,,,,,,,,,,,,,,,,,,,,,,,,,,,,,60.00,,,,,,,false,true,12,2022-04-01,2023-03-31,1
2022-07-28,69950,2023-03-31,1,124844000000,0.014,,,,,-773000000,,4122000000,-0.438,,2831000000,,31.01,,,,,,454003000000,291642000000,0.605,,274491000000,,,,,,,,,,,,true,false,3,2022-04-01,2022-06-30,0
2022-07-28,69950,2022-03-31,1,123152000000,0.854,,,,,6322000000,,7333000000,,,5658000000,,61.99,,,,,,,,,,,,,,,,,,,,,,true,false,3,2021-04-01,2021-06-30,-1
2022-07-28,69950,2023-03-31,1,520000000000,0.067,,,,,10000000000,0.086,11000000000,-0.293,,6000000000,,65.71,,,,,,,,,,,,,,,,,,,,,,true,true,12,2022-04-01,2023-03-31,0
2022-07-28,69950,2022-03-31,1,,,,,,,,,,,,,,,,,,,,447834000000,285538000000,0.600,,268712000000,,,,,,,,,,,,true,false,12,2021-04-01,2022-03-31,-1
2022-07-28,69950,2022-03-31,1,,,,,,,,,,,,,,,,,,,,,,,,,,,,,60.00,,,,94234171,2937578,,false,false,12,2021-04-01,2022-03-31,-1
2022-07-28,69950,2023-03-31,1,,,,,,,,,,,,,,,,,,,,,,,,,,,,,60.00,,,,,,,false,true,12,2022-04-01,2023-03-31,0
2022-07-28,69950,2023-03-31,1,,,,,,,,,,,,,,,,,,,,,,,,,,,,,,,,,94234171,2911331,91303155,false,false,3,2022-04-01,2022-06-30,0
2022-07-28,69950,2022-03-31,1,,,,,,,,,,,,,,,,,,,,,,,,,,,,,,,,,,,91279609,false,false,3,2021-04-01,2021-06-30,-1
2022-10-27,69950,2023-03-31,2,266927000000,0.155,,,,,3919000000,-0.432,11929000000,0.460,,7967000000,,87.26,,,,,,455039000000,298701000000,0.617,,280598000000,,,,,,,,,,,,true,false,6,2022-04-01,2022-09-30,0
2022-10-27,69950,2022-03-31,2,231124000000,0.266,,,,,6903000000,,8171000000,,,5103000000,,55.90,,,,,,,,,,,,,,,,,,,,,,true,false,6,2021-04-01,2021-09-30,-1
2022-10-27,69950,2023-03-31,2,530000000000,0.088,,,,,10000000000,0.086,15000000000,-0.036,,6000000000,,65.71,,,,,,,,,,,,,,,,,,,,,,true,true,12,2022-04-01,2023-03-31,0
2022-10-27,69950,2022-03-31,2,,,,,,,,,,,,,,,,,,,,447834000000,285538000000,0.600,,268712000000,,,,,,,,,,,,true,false,12,2021-04-01,2022-03-31,-1
2022-10-27,69950,2022-03-31,2,,,,,,,,,,,,,,,,,,,,,,,,,,,,,60.00,,,,94234171,2937578,,false,false,12,2021-04-01,2022-03-31,-1
2022-10-27,69950,2023-03-31,2,,,,,,,,,,,,,,,,,,,,,,,,,,,,,30.00,,,,,,,false,false,12,2022-04-01,2023-03-31,0
2022-10-27,69950,2023-03-31,2,,,,,,,,,,,,,,,,,,,,,,,,,,,,,60.00,,,,,,,false,true,12,2022-04-01,2023-03-31,0
2022-10-27,69950,2023-03-31,2,,,,,,,,,,,,,,,,,,,,,,,,,,,,,,,,,94234171,2911342,91311587,false,false,6,2022-04-01,2022-09-30,0
2022-10-27,69950,2022-03-31,2,,,,,,,,,,,,,,,,,,,,,,,,,,,,,,,,,,,91286923,false,false,6,2021-04-01,2021-09-30,-1
2023-02-02,69950,2023-03-31,3,408581000000,0.141,,,,,7340000000,-0.347,12820000000,-0.084,,6399000000,,70.08,,,,,,437175000000,287753000000,0.617,,269811000000,,,,,,,,,,,,true,false,9,2022-04-01,2022-12-31,0
2023-02-02,69950,2022-03-31,3,358030000000,0.145,,,,,11248000000,1.112,13989000000,0.778,,8312000000,,91.05,,,,,,,,,,,,,,,,,,,,,,true,false,9,2021-04-01,2021-12-31,-1
2023-02-02,69950,2023-03-31,3,530000000000,0.088,,,,,10000000000,0.086,15000000000,-0.036,,6000000000,,65.71,,,,,,,,,,,,,,,,,,,,,,true,true,12,2022-04-01,2023-03-31,0
2023-02-02,69950,2022-03-31,3,,,,,,,,,,,,,,,,,,,,447834000000,285538000000,0.600,,268712000000,,,,,,,,,,,,true,false,12,2021-04-01,2022-03-31,-1
2023-02-02,69950,2022-03-31,3,,,,,,,,,,,,,,,,,,,,,,,,,,,,,60.00,,,,94234171,2937578,,false,false,12,2021-04-01,2022-03-31,-1
2023-02-02,69950,2023-03-31,3,,,,,,,,,,,,,,,,,,,,,,,,,,,,,30.00,,,,,,,false,false,12,2022-04-01,2023-03-31,0
2023-02-02,69950,2023-03-31,3,,,,,,,,,,,,,,,,,,,,,,,,,,,,,60.00,,,,,,,false,true,12,2022-04-01,2023-03-31,0
2023-02-02,69950,2023-03-31,3,,,,,,,,,,,,,,,,,,,,,,,,,,,,,,,,,94234171,2911355,91314959,false,false,9,2022-04-01,2022-12-31,0
2023-02-02,69950,2022-03-31,3,,,,,,,,,,,,,,,,,,,,,,,,,,,,,,,,,,,91289836,false,false,9,2021-04-01,2021-12-31,-1
2023-03-15,69950,2023-03-31,,540000000000,0.019,,,,,13000000000,0.300,20000000000,0.333,,7000000000,,76.66,,,,,,,,,,,,,,,,,,,,,,true,true,12,2022-04-01,2023-03-31,0
2023-03-15,69950,2022-03-31,,487303000000,,,,,,9211000000,,15557000000,,,3569000000,,39.10,,,,,,,,,,,,,,,,,,,,,,true,false,12,2021-04-01,2022-03-31,-1
2023-04-26,69950,2023-03-31,,553124000000,0.135,,,,,16656000000,0.808,24063000000,0.547,,10900000000,,119.37,,0.040,0.053,0.030,,456146000000,296401000000,0.608,3037.31,277375000000,26755000000,-8695000000,-6078000000,66494000000,,0.536,,,,,,true,false,12,2022-04-01,2023-03-31,0
2023-04-26,69950,2022-03-31,,487303000000,0.107,,,,,9211000000,-0.344,15557000000,-0.182,,3569000000,,39.10,,0.014,0.036,0.019,,447834000000,285538000000,0.600,2943.29,268712000000,14677000000,-26005000000,-6437000000,53854000000,,1.535,,,,,,true,false,12,2021-04-01,2022-03-31,-1
2023-04-26,69950,2024-03-31,,570000000000,0.031,,,,,17000000000,0.021,18000000000,-0.252,11000000000,,0.009,120.46,,,,,,,,,,,,,,,,0.531,,,,,,true,true,12,2023-04-01,2024-03-31,1
2023-04-26,69950,2023-03-31,,232737000000,0.003,,,,,-9732000000,,12035000000,0.320,8655000000,,0.708,94.79,,,,,,283295000000,182055000000,0.643,1993.54,182055000000,,,,,64.00,,,,94234171,2911355,91316772,false,false,12,2022-04-01,2023-03-31,0
2023-04-26,69950,2022-03-31,,232005000000,0.011,,,,,-7543000000,,9115000000,-0.186,5067000000,,-0.476,55.51,,,,,,282725000000,179476000000,0.635,1965.86,179476000000,,,,,60.00,,,,94234171,2937578,91291396,false,false,12,2021-04-01,2022-03-31,-1
2023-04-26,69950,2024-03-31,,,,,,,,,,,,,,,,,,,,,,,,,,,,,,64.00,,,,,,,false,true,12,2023-04-01,2024-03-31,1
2023-07-27,69950,2024-03-31,1,148652000000,0.191,,,,,8783000000,,14339000000,2.478,,10345000000,,113.28,,,,,,479017000000,316141000000,0.618,,296031000000,,,,,,,,,,,,true,false,3,2023-04-01,2023-06-30,0
2023-07-27,69950,2023-03-31,1,124844000000,0.014,,,,,-773000000,,4122000000,-0.438,,2831000000,,31.01,,,,,,,,,,,,,,,,,,,,,,true,false,3,2022-04-01,2022-06-30,-1
2023-07-27,69950,2024-03-31,1,580000000000,0.049,,,,,20000000000,0.201,21000000000,-0.127,,13000000000,,142.33,,,,,,,,,,,,,,,,,,,,,,true,true,12,2023-04-01,2024-03-31,0
2023-07-27,69950,2023-03-31,1,,,,,,,,,,,,,,,,,,,,456146000000,296401000000,0.608,,277375000000,,,,,,,,,,,,true,false,12,2022-04-01,2023-03-31,-1
2023-07-27,69950,2023-03-31,1,,,,,,,,,,,,,,,,,,,,,,,,,,,,,64.00,,,,94234171,2911355,,false,false,12,2022-04-01,2023-03-31,-1
2023-07-27,69950,2024-03-31,1,,,,,,,,,,,,,,,,,,,,,,,,,,,,,64.00,,,,,,,false,true,12,2023-04-01,2024-03-31,0
2023-07-27,69950,2024-03-31,1,,,,,,,,,,,,,,,,,,,,,,,,,,,,,,,,,94234171,2894501,91326985,false,false,3,2023-04-01,2023-06-30,0
2023-07-27,69950,2023-03-31,1,,,,,,,,,,,,,,,,,,,,,,,,,,,,,,,,,,,91303155,false,false,3,2022-04-01,2022-06-30,-1
2023-10-30,69950,2024-03-31,2,307468000000,0.152,,,,,20246000000,4.166,27738000000,1.325,,20240000000,,221.61,,,,,,493436000000,327424000000,0.623,,307455000000,,,,,,,,,,,,true,false,6,2023-04-01,2023-09-30,0
2023-10-30,69950,2023-03-31,2,266927000000,0.155,,,,,3919000000,-0.432,11929000000,0.460,,7967000000,,87.26,,,,,,,,,,,,,,,,,,,,,,true,false,6,2022-04-01,2022-09-30,-1
2023-10-30,69950,2024-03-31,2,610000000000,0.103,,,,,32000000000,0.921,39000000000,0.621,,26000000000,,284.66,,,,,,,,,,,,,,,,,,,,,,true,true,12,2023-04-01,2024-03-31,0
2023-10-30,69950,2023-03-31,2,,,,,,,,,,,,,,,,,,,,456146000000,296401000000,0.608,,277375000000,,,,,,,,,,,,true,false,12,2022-04-01,2023-03-31,-1
2023-10-30,69950,2023-03-31,2,,,,,,,,,,,,,,,,,,,,,,,,,,,,,64.00,,,,94234171,2911355,,false,false,12,2022-04-01,2023-03-31,-1
2023-10-30,69950,2024-03-31,2,,,,,,,,,,,,,,,,,,,,,,,,,,,,,36.00,,,,,,,false,false,12,2023-04-01,2024-03-31,0
2023-10-30,69950,2024-03-31,2,,,,,,,,,,,,,,,,,,,,,,,,,,,,,68.00,,,,,,,false,true,12,2023-04-01,2024-03-31,0
2023-10-30,69950,2024-03-31,2,,,,,,,,,,,,,,,,,,,,,,,,,,,,,,,,,94234171,2894703,91332386,false,false,6,2023-04-01,2023-09-30,0
2023-10-30,69950,2023-03-31,2,,,,,,,,,,,,,,,,,,,,,,,,,,,,,,,,,,,91311587,false,false,6,2022-04-01,2022-09-30,-1
2023-11-15,69950,2024-03-31,,270000000000,1.000,,,,,1000000000,1.000,25000000000,1.000,22000000000,,1.000,240.87,,,,,,,,,,,,,,,,,,,,,,false,true,12,2023-04-01,2024-03-31,0
2023-11-15,69950,2023-03-31,,232737000000,,,,,,-9732000000,,12035000000,,8655000000,,,94.79,,,,,,,,,,,,,,,,,,,,,,false,false,12,2022-04-01,2023-03-31,-1
2024-02-01,69950,2024-03-31,3,474929000000,0.162,,,,,33213000000,3.524,39565000000,2.086,,26965000000,,295.24,,,,,,489035000000,325725000000,0.624,,305285000000,,,,,,,,,,,,true,false,9,2023-04-01,2023-12-31,0
2024-02-01,69950,2023-03-31,3,408581000000,0.141,,,,,7340000000,-0.347,12820000000,-0.084,,6399000000,,70.08,,,,,,,,,,,,,,,,,,,,,,true,false,9,2022-04-01,2022-12-31,-1
2024-02-01,69950,2024-03-31,3,620000000000,0.121,,,,,37000000000,1.221,43000000000,0.787,,28000000000,,311.89,,,,,,,,,,,,,,,,,,,,,,true,true,12,2023-04-01,2024-03-31,0
2024-02-01,69950,2023-03-31,3,,,,,,,,,,,,,,,,,,,,456146000000,296401000000,0.608,,277375000000,,,,,,,,,,,,true,false,12,2022-04-01,2023-03-31,-1
2024-02-01,69950,2023-03-31,3,,,,,,,,,,,,,,,,,,,,,,,,,,,,,64.00,,,,94234171,2911355,,false,false,12,2022-04-01,2023-03-31,-1
2024-02-01,69950,2024-03-31,3,,,,,,,,,,,,,,,,,,,,,,,,,,,,,36.00,,,,,,,false,false,12,2023-04-01,2024-03-31,0
2024-02-01,69950,2024-03-31,3,,,,,,,,,,,,,,,,,,,,,,,,,,,,,68.00,,,,,,,false,true,12,2023-04-01,2024-03-31,0
2024-02-01,69950,2024-03-31,3,,,,,,,,,,,,,,,,,,,,,,,,,,,,,,,,,94234171,2894743,91334503,false,false,9,2023-04-01,2023-12-31,0
2024-02-01,69950,2023-03-31,3,,,,,,,,,,,,,,,,,,,,,,,,,,,,,,,,,,,91314959,false,false,9,2022-04-01,2022-12-31,-1
2024-02-01,69950,2024-03-31,,270000000000,0.000,,,,,0,-1.000,28000000000,0.120,24000000000,,0.091,267.33,,,,,,,,,,,,,,,,,,,,,,false,true,12,2023-04-01,2024-03-31,0
2024-02-01,69950,2023-03-31,,232737000000,,,,,,-9732000000,,12035000000,,8655000000,,,94.79,,,,,,,,,,,,,,,,,,,,,,false,false,12,2022-04-01,2023-03-31,-1
2024-04-25,69950,2024-03-31,,623558000000,0.127,,,,,28822000000,0.730,39592000000,0.645,,24850000000,,276.80,,0.083,0.081,0.046,,519718000000,339488000000,0.612,3758.19,317867000000,53266000000,-31474000000,-22574000000,69384000000,,0.271,,,,,,true,false,12,2023-04-01,2024-03-31,0
2024-04-25,69950,2023-03-31,,553124000000,0.135,,,,,16656000000,0.808,24063000000,0.547,,10900000000,,119.37,,0.040,0.053,0.030,,456146000000,296401000000,0.608,3037.31,277375000000,26755000000,-8695000000,-6078000000,66494000000,,0.536,,,,,,true,false,12,2022-04-01,2023-03-31,-1
2024-04-25,69950,2025-03-31,,580000000000,-0.070,,,,,23000000000,-0.202,25000000000,-0.369,20000000000,,-0.195,236.46,,,,,,,,,,,,,,,,0.296,,,,,,true,true,12,2024-04-01,2025-03-31,1
2024-04-25,69950,2024-03-31,,269953000000,0.160,,,,,-12176000000,,18691000000,0.553,16937000000,,0.957,188.66,,,,,,300060000000,184351000000,0.614,2179.61,184351000000,,,,,75.00,,,,94234171,9654293,89775746,false,false,12,2023-04-01,2024-03-31,0
2024-04-25,69950,2023-03-31,,232737000000,0.003,,,,,-9732000000,,12035000000,0.320,8655000000,,0.708,94.79,,,,,,283295000000,182055000000,0.643,1993.54,182055000000,,,,,64.00,,,,94234171,2911355,91316772,false,false,12,2022-04-01,2023-03-31,-1
2024-04-25,69950,2025-03-31,,,,,,,,,,,,,,,,,,,,,,,,,,,,,,70.00,,,,,,,false,true,12,2024-04-01,2025-03-31,1
2024-04-25,69950,2024-03-31,,623558000000,0.127,,,,,28822000000,0.730,39592000000,0.645,,24850000000,,276.80,,0.083,0.081,0.046,,519718000000,339488000000,0.612,3758.19,317867000000,53266000000,-31446000000,-22574000000,69414000000,,0.271,,,,,,true,false,12,2023-04-01,2024-03-31,0
2024-04-25,69950,2023-03-31,,553124000000,0.135,,,,,16656000000,0.808,24063000000,0.547,,10900000000,,119.37,,0.040,0.053,0.030,,456146000000,296401000000,0.608,3037.31,277375000000,26755000000,-8695000000,-6078000000,66494000000,,0.536,,,,,,true,false,12,2022-04-01,2023-03-31,-1
2024-04-25,69950,2025-03-31,,580000000000,-0.070,,,,,23000000000,-0.202,25000000000,-0.369,20000000000,,-0.195,236.46,,,,,,,,,,,,,,,,0.296,,,,,,true,true,12,2024-04-01,2025-03-31,1
2024-04-25,69950,2024-03-31,,269953000000,0.160,,,,,-12176000000,,18691000000,0.553,16937000000,,0.957,188.66,,,,,,300060000000,184351000000,0.614,2179.61,184351000000,,,,,75.00,,,,94234171,9654293,89775746,false,false,12,2023-04-01,2024-03-31,0
2024-04-25,69950,2023-03-31,,232737000000,0.003,,,,,-9732000000,,12035000000,0.320,8655000000,,0.708,94.79,,,,,,283295000000,182055000000,0.643,1993.54,182055000000,,,,,64.00,,,,94234171,2911355,91316772,false,false,12,2022-04-01,2023-03-31,-1
2024-04-25,69950,2025-03-31,,,,,,,,,,,,,,,,,,,,,,,,,,,,,,70.00,,,,,,,false,true,12,2024-04-01,2025-03-31,1
2024-07-30,69950,2025-03-31,1,151966000000,0.022,,,,,7123000000,-0.189,9134000000,-0.363,,7578000000,,89.59,,,,,,528027000000,345797000000,0.612,,323369000000,,,,,,,,,,,,true,false,3,2024-04-01,2024-06-30,0
2024-07-30,69950,2024-03-31,1,148652000000,0.191,,,,,8783000000,,14339000000,2.478,,10345000000,,113.28,,,,,,,,,,,,,,,,,,,,,,true,false,3,2023-04-01,2023-06-30,-1
2024-07-30,69950,2025-03-31,1,580000000000,-0.070,,,,,23000000000,-0.202,25000000000,-0.369,,20000000000,,236.46,,,,,,,,,,,,,,,,,,,,,,true,true,12,2024-04-01,2025-03-31,0
2024-07-30,69950,2024-03-31,1,,,,,,,,,,,,,,,,,,,,519718000000,339488000000,0.612,,317867000000,,,,,,,,,,,,true,false,12,2023-04-01,2024-03-31,-1
2024-07-30,69950,2024-03-31,1,,,,,,,,,,,,,,,,,,,,,,,,,,,,,75.00,,,,94234171,9654293,,false,false,12,2023-04-01,2024-03-31,-1
2024-07-30,69950,2025-03-31,1,,,,,,,,,,,,,,,,,,,,,,,,,,,,,70.00,,,,,,,false,true,12,2024-04-01,2025-03-31,0
2024-07-30,69950,2025-03-31,1,,,,,,,,,,,,,,,,,,,,,,,,,,,,,,,,,94234171,9636297,84584264,false,false,3,2024-04-01,2024-06-30,0
2024-07-30,69950,2024-03-31,1,,,,,,,,,,,,,,,,,,,,,,,,,,,,,,,,,,,91326985,false,false,3,2023-04-01,2023-06-30,-1
2024-10-30,69950,2025-03-31,2,303972000000,-0.011,,,,,18541000000,-0.084,14523000000,-0.476,,10658000000,,126.00,,,,,,500535000000,333534000000,0.625,,312806000000,,,,,,,,,,,,true,false,6,2024-04-01,2024-09-30,0
2024-10-30,69950,2024-03-31,2,307468000000,0.152,,,,,20246000000,4.166,27738000000,1.325,,20240000000,,221.61,,,,,,,,,,,,,,,,,,,,,,true,false,6,2023-04-01,2023-09-30,-1
2024-10-30,69950,2025-03-31,2,600000000000,-0.038,,,,,30000000000,0.041,28000000000,-0.293,,22000000000,,259.68,,,,,,,,,,,,,,,,,,,,,,true,true,12,2024-04-01,2025-03-31,0
2024-10-30,69950,2024-03-31,2,,,,,,,,,,,,,,,,,,,,519718000000,339488000000,0.612,,317867000000,,,,,,,,,,,,true,false,12,2023-04-01,2024-03-31,-1
2024-10-30,69950,2024-03-31,2,,,,,,,,,,,,,,,,,,,,,,,,,,,,,75.00,,,,94234171,9654293,,false,false,12,2023-04-01,2024-03-31,-1
2024-10-30,69950,2025-03-31,2,,,,,,,,,,,,,,,,,,,,,,,,,,,,,45.00,,,,,,,false,false,12,2024-04-01,2025-03-31,0
2024-10-30,69950,2025-03-31,2,,,,,,,,,,,,,,,,,,,,,,,,,,,,,90.00,,,,,,,false,true,12,2024-04-01,2025-03-31,0
2024-10-30,69950,2025-03-31,2,,,,,,,,,,,,,,,,,,,,,,,,,,,,,,,,,94234171,9636403,84590075,false,false,6,2024-04-01,2024-09-30,0
2024-10-30,69950,2024-03-31,2,,,,,,,,,,,,,,,,,,,,,,,,,,,,,,,,,,,91332386,false,false,6,2023-04-01,2023-09-30,-1
2025-01-30,69950,2025-03-31,3,459492000000,-0.033,,,,,27619000000,-0.168,27573000000,-0.303,,22666000000,,267.95,,,,,,515872000000,349054000000,0.634,,327034000000,,,,,,,,,,,,true,false,9,2024-04-01,2024-12-31,0
2025-01-30,69950,2024-03-31,3,474929000000,0.162,,,,,33213000000,3.524,39565000000,2.086,,26965000000,,295.24,,,,,,,,,,,,,,,,,,,,,,true,false,9,2023-04-01,2023-12-31,-1
2025-01-30,69950,2025-03-31,3,600000000000,-0.038,,,,,30000000000,0.041,28000000000,-0.293,,22000000000,,259.75,,,,,,,,,,,,,,,,,,,,,,true,true,12,2024-04-01,2025-03-31,0
2025-01-30,69950,2024-03-31,3,,,,,,,,,,,,,,,,,,,,519718000000,339488000000,0.612,,317867000000,,,,,,,,,,,,true,false,12,2023-04-01,2024-03-31,-1
2025-01-30,69950,2024-03-31,3,,,,,,,,,,,,,,,,,,,,,,,,,,,,,75.00,,,,94234171,9654293,,false,false,12,2023-04-01,2024-03-31,-1
2025-01-30,69950,2025-03-31,3,,,,,,,,,,,,,,,,,,,,,,,,,,,,,45.00,,,,,,,false,false,12,2024-04-01,2025-03-31,0
2025-01-30,69950,2025-03-31,3,,,,,,,,,,,,,,,,,,,,,,,,,,,,,90.00,,,,,,,false,true,12,2024-04-01,2025-03-31,0
2025-01-30,69950,2025-03-31,3,,,,,,,,,,,,,,,,,,,,,,,,,,,,,,,,,94234171,9636546,84592355,false,false,9,2024-04-01,2024-12-31,0
2025-01-30,69950,2024-03-31,3,,,,,,,,,,,,,,,,,,,,,,,,,,,,,,,,,,,91334503,false,false,9,2023-04-01,2023-12-31,-1
2025-04-24,69950,2025-03-31,,617660000000,-0.009,,,,,35439000000,0.230,34479000000,-0.129,,27808000000,,328.34,,0.088,0.067,0.057,,510942000000,337877000000,0.619,3716.86,316076000000,39312000000,-26172000000,-7980000000,74609000000,,0.289,,,,,,true,false,12,2024-04-01,2025-03-31,0
2025-04-24,69950,2024-03-31,,623558000000,0.127,,,,,28822000000,0.730,39592000000,0.645,,24850000000,,276.80,,0.083,0.081,0.046,,519718000000,339488000000,0.612,3758.19,317867000000,53266000000,-31446000000,-22574000000,69414000000,,0.271,,,,,,true,false,12,2023-04-01,2024-03-31,-1
2025-04-24,69950,2026-03-31,,580000000000,-0.061,,,,,20000000000,-0.436,20000000000,-0.420,14000000000,,-0.497,164.55,,,,,,,,,,,,,,,,0.577,,,,,,true,true,12,2025-04-01,2026-03-31,1
2025-04-24,69950,2025-03-31,,267427000000,-0.009,,,,,-2642000000,,22037000000,0.179,23657000000,,0.397,279.32,,,,,,306226000000,192442000000,0.628,2263.00,192442000000,,,,,95.00,,,,94234171,9195446,84695363,false,false,12,2024-04-01,2025-03-31,0
2025-04-24,69950,2024-03-31,,269953000000,0.160,,,,,-12176000000,,18691000000,0.553,16937000000,,0.957,188.66,,,,,,300060000000,184351000000,0.614,2179.61,184351000000,,,,,75.00,,,,94234171,9654293,89775746,false,false,12,2023-04-01,2024-03-31,-1
2025-04-24,69950,2026-03-31,,,,,,,,,,,,,,,,,,,,,,,,,,,,,,95.00,,,,,,,false,true,12,2025-04-01,2026-03-31,1
2025-07-30,69950,2026-03-31,1,152690000000,0.005,,,,,7834000000,0.100,9430000000,0.032,,5181000000,,60.90,,,,,,514103000000,338421000000,0.615,,316370000000,,,,,,,,,,,,true,false,3,2025-04-01,2025-06-30,0
2025-07-30,69950,2025-03-31,1,151966000000,0.022,,,,,7123000000,-0.189,9134000000,-0.363,,7578000000,,89.59,,,,,,,,,,,,,,,,,,,,,,true,false,3,2024-04-01,2024-06-30,-1
2025-07-30,69950,2026-03-31,1,580000000000,-0.061,,,,,20000000000,-0.436,20000000000,-0.420,14000000000,,-0.497,164.55,,,,,,,,,,,,,,,,,,,,,,true,true,12,2025-04-01,2026-03-31,0
2025-07-30,69950,2025-03-31,1,,,,,,,,,,,,,,,,,,,,510942000000,337877000000,0.619,,316076000000,,,,,,,,,,,,true,false,12,2024-04-01,2025-03-31,-1
2025-07-30,69950,2025-03-31,1,,,,,,,,,,,,,,,,,,,,,,,,,,,,,95.00,,,,94234171,9195446,,false,false,12,2024-04-01,2025-03-31,-1
2025-07-30,69950,2026-03-31,1,,,,,,,,,,,,,,,,,,,,,,,,,,,,,95.00,,,,,,,false,true,12,2025-04-01,2026-03-31,0
2025-07-30,69950,2026-03-31,1,,,,,,,,,,,,,,,,,,,,,,,,,,,,,,,,,89234171,4123545,85079810,false,false,3,2025-04-01,2025-06-30,0
2025-07-30,69950,2025-03-31,1,,,,,,,,,,,,,,,,,,,,,,,,,,,,,,,,,,,84584264,false,false,3,2024-04-01,2024-06-30,-1
