filing_date,code,fiscal_year_end,quarterly_period,net_sales,net_sales_change,revenue,revenue_change,operating_revenue,operating_revenue_change,operating_profit,operating_profit_change,ordinary_profit,ordinary_profit_change,net_income,net_income_of_parent,net_income_change,eps,diluted_eps,roe,roa,operating_profit_to_net_sales,operating_profit_to_revenue,total_assets,net_assets,equity_ratio,bps,owner_equity,operating_cash_flow,investing_cash_flow,financing_cash_flow,cash,dividend_per_share,payout_ratio,commemorative_dividend,extra_dividend,number_of_shares,number_of_treqsury_shares,avg_number_of_shares,is_consolidated,is_forecast,duration,period_start,period_end,period_pos
2015-05-08,70220,2015-03-31,,48706000000,0.043,,,,,2270000000,-0.323,2189000000,-0.357,1738000000,,0.790,53.36,,0.101,0.032,0.047,,68160000000,18152000000,0.266,557.18,18151000000,7854000000,-2910000000,-1970000000,22812000000,,0.094,,,,,,true,false,12,2014-04-01,2015-03-31,0
2015-05-08,70220,2014-03-31,,46696000000,-0.209,,,,,3354000000,-0.239,3402000000,-0.222,970000000,,1.276,29.80,,0.061,0.049,0.072,,69022000000,17189000000,0.238,504.45,16433000000,-2360000000,-5437000000,1534000000,19821000000,,0.168,,,,,,true,false,12,2013-04-01,2014-03-31,-1
2015-05-08,70220,2016-03-31,,24800000000,0.088,,,,,750000000,-0.633,600000000,-0.707,,300000000,,9.21,,,,,,,,,,,,,,,,,,,,,,true,true,6,2015-04-01,2015-09-30,1
2015-05-08,70220,2016-03-31,,51800000000,0.064,,,,,1200000000,-0.471,1000000000,-0.543,,500000000,,15.35,,,,,,,,,,,,,,,,0.326,,,,,,true,true,12,2015-04-01,2016-03-31,1
2015-05-08,70220,2014-03-31,,,,,,,,,,,,,,,,,,,,,,,,,,,,,,5.00,,,,32600000,22468,32577592,false,false,12,2013-04-01,2014-03-31,-1
2015-05-08,70220,2015-03-31,,,,,,,,,,,,,,,,,,,,,,,,,,,,,,5.00,,,,32600000,22478,32577526,false,false,12,2014-04-01,2015-03-31,0
2015-05-08,70220,2016-03-31,,,,,,,,,,,,,,,,,,,,,,,,,,,,,,5.00,,,,,,,false,true,12,2015-04-01,2016-03-31,1
2015-05-08,70220,2015-03-31,,48706000000,0.043,,,,,2270000000,-0.323,2189000000,-0.357,1738000000,,0.790,53.36,,0.099,0.032,0.047,,68160000000,18152000000,0.266,557.18,18151000000,7854000000,-2910000000,-1970000000,22812000000,,0.094,,,,,,true,false,12,2014-04-01,2015-03-31,0
2015-05-08,70220,2014-03-31,,46696000000,-0.209,,,,,3354000000,-0.239,3402000000,-0.222,970000000,,1.276,29.80,,0.061,0.049,0.072,,69022000000,17189000000,0.238,504.45,16433000000,-2360000000,-5437000000,1534000000,19821000000,,0.168,,,,,,true,false,12,2013-04-01,2014-03-31,-1
2015-05-08,70220,2016-03-31,,24800000000,0.088,,,,,750000000,-0.633,600000000,-0.707,,300000000,,9.21,,,,,,,,,,,,,,,,,,,,,,true,true,6,2015-04-01,2015-09-30,1
2015-05-08,70220,2016-03-31,,51800000000,0.064,,,,,1200000000,-0.471,1000000000,-0.543,,500000000,,15.35,,,,,,,,,,,,,,,,0.326,,,,,,true,true,12,2015-04-01,2016-03-31,1
2015-05-08,70220,2014-03-31,,,,,,,,,,,,,,,,,,,,,,,,,,,,,,5.00,,,,32600000,22468,32577592,false,false,12,2013-04-01,2014-03-31,-1
2015-05-08,70220,2015-03-31,,,,,,,,,,,,,,,,,,,,,,,,,,,,,,5.00,,,,32600000,22478,32577526,false,false,12,2014-04-01,2015-03-31,0
2015-05-08,70220,2016-03-31,,,,,,,,,,,,,,,,,,,,,,,,,,,,,,5.00,,,,,,,false,true,12,2015-04-01,2016-03-31,1
2015-07-31,70220,2016-03-31,1,13004000000,0.195,,,,,1249000000,5.138,1319000000,4.576,,1196000000,,36.73,,,,,,72102000000,19872000000,0.276,,19871000000,,,,,,,,,,,,true,false,3,2015-04-01,2015-06-30,0
2015-07-31,70220,2015-03-31,1,10881000000,-0.050,,,,,203000000,-0.857,236000000,-0.837,,257000000,,7.91,,,,,,,,,,,,,,,,,,,,,,true,false,3,2014-04-01,2014-06-30,-1
2015-07-31,70220,2016-03-31,1,24800000000,0.088,,,,,750000000,-0.633,600000000,-0.707,,300000000,,9.21,,,,,,,,,,,,,,,,,,,,,,true,true,6,2015-04-01,2015-09-30,0
2015-07-31,70220,2016-03-31,1,51800000000,0.064,,,,,1200000000,-0.471,1000000000,-0.543,,500000000,,15.35,,,,,,,,,,,,,,,,,,,,,,true,true,12,2015-04-01,2016-03-31,0
2015-07-31,70220,2015-03-31,1,,,,,,,,,,,,,,,,,,,,68160000000,18152000000,0.266,,18151000000,,,,,,,,,,,,true,false,12,2014-04-01,2015-03-31,-1
2015-07-31,70220,2015-03-31,1,,,,,,,,,,,,,,,,,,,,,,,,,,,,,5.00,,,,32600000,22478,,false,false,12,2014-04-01,2015-03-31,-1
2015-07-31,70220,2016-03-31,1,,,,,,,,,,,,,,,,,,,,,,,,,,,,,5.00,,,,,,,false,true,12,2015-04-01,2016-03-31,0
2015-07-31,70220,2016-03-31,1,,,,,,,,,,,,,,,,,,,,,,,,,,,,,,,,,32600000,22478,32577522,false,false,3,2015-04-01,2015-06-30,0
2015-07-31,70220,2015-03-31,1,,,,,,,,,,,,,,,,,,,,,,,,,,,,,,,,,,,32577532,false,false,3,2014-04-01,2014-06-30,-1
2015-10-30,70220,2016-03-31,2,25508000000,0.119,,,,,1865000000,-0.088,1684000000,-0.178,,1470000000,,45.15,,,,,,70794000000,19731000000,0.279,,19730000000,,,,,,,,,,,,true,false,6,2015-04-01,2015-09-30,0
2015-10-30,70220,2015-03-31,2,22789000000,0.008,,,,,2045000000,1.242,2048000000,1.599,,1806000000,,55.45,,,,,,,,,,,,,,,,,,,,,,true,false,6,2014-04-01,2014-09-30,-1
2015-10-30,70220,2016-03-31,2,51800000000,0.064,,,,,1200000000,-0.471,1000000000,-0.543,,500000000,,15.35,,,,,,,,,,,,,,,,,,,,,,true,true,12,2015-04-01,2016-03-31,0
2015-10-30,70220,2015-03-31,2,,,,,,,,,,,,,,,,,,,,68160000000,18152000000,0.266,,18151000000,,,,,,,,,,,,true,false,12,2014-04-01,2015-03-31,-1
2015-10-30,70220,2015-03-31,2,,,,,,,,,,,,,,,,,,,,,,,,,,,,,5.00,,,,32600000,22478,,false,false,12,2014-04-01,2015-03-31,-1
2015-10-30,70220,2016-03-31,2,,,,,,,,,,,,,,,,,,,,,,,,,,,,,0.00,,,,,,,false,false,12,2015-04-01,2016-03-31,0
2015-10-30,70220,2016-03-31,2,,,,,,,,,,,,,,,,,,,,,,,,,,,,,5.00,,,,,,,false,true,12,2015-04-01,2016-03-31,0
2015-10-30,70220,2016-03-31,2,,,,,,,,,,,,,,,,,,,,,,,,,,,,,,,,,32600000,22490,32577520,false,false,6,2015-04-01,2015-09-30,0
2015-10-30,70220,2015-03-31,2,,,,,,,,,,,,,,,,,,,,,,,,,,,,,,,,,,,32577530,false,false,6,2014-04-01,2014-09-30,-1
2015-10-30,70220,2016-03-31,2,25508000000,0.119,,,,,1865000000,-0.088,1684000000,-0.178,,1470000000,,45.15,,,,,,70642000000,19850000000,0.281,,19849000000,,,,,,,,,,,,true,false,6,2015-04-01,2015-09-30,0
2015-10-30,70220,2015-03-31,2,22789000000,0.008,,,,,2045000000,1.242,2048000000,1.599,,1806000000,,55.45,,,,,,,,,,,,,,,,,,,,,,true,false,6,2014-04-01,2014-09-30,-1
2015-10-30,70220,2016-03-31,2,51800000000,0.064,,,,,1200000000,-0.471,1000000000,-0.543,,500000000,,15.35,,,,,,,,,,,,,,,,,,,,,,true,true,12,2015-04-01,2016-03-31,0
2015-10-30,70220,2015-03-31,2,,,,,,,,,,,,,,,,,,,,68160000000,18152000000,0.266,,18151000000,,,,,,,,,,,,true,false,12,2014-04-01,2015-03-31,-1
2015-10-30,70220,2015-03-31,2,,,,,,,,,,,,,,,,,,,,,,,,,,,,,5.00,,,,32600000,22478,,false,false,12,2014-04-01,2015-03-31,-1
2015-10-30,70220,2016-03-31,2,,,,,,,,,,,,,,,,,,,,,,,,,,,,,0.00,,,,,,,false,false,12,2015-04-01,2016-03-31,0
2015-10-30,70220,2016-03-31,2,,,,,,,,,,,,,,,,,,,,,,,,,,,,,5.00,,,,,,,false,true,12,2015-04-01,2016-03-31,0
2015-10-30,70220,2016-03-31,2,,,,,,,,,,,,,,,,,,,,,,,,,,,,,,,,,32600000,22490,32577520,false,false,6,2015-04-01,2015-09-30,0
2015-10-30,70220,2015-03-31,2,,,,,,,,,,,,,,,,,,,,,,,,,,,,,,,,,,,32577530,false,false,6,2014-04-01,2014-09-30,-1
2016-01-29,70220,2016-03-31,3,39820000000,0.160,,,,,2618000000,0.775,2366000000,0.530,,2098000000,,64.40,,,,,,75672000000,21454000000,0.284,,21453000000,,,,,,,,,,,,true,false,9,2015-04-01,2015-12-31,0
2016-01-29,70220,2015-03-31,3,34319000000,0.036,,,,,1475000000,-0.336,1547000000,-0.297,,1489000000,,45.71,,,,,,,,,,,,,,,,,,,,,,true,false,9,2014-04-01,2014-12-31,-1
2016-01-29,70220,2016-03-31,3,51800000000,0.064,,,,,1200000000,-0.471,1000000000,-0.543,,500000000,,15.35,,,,,,,,,,,,,,,,,,,,,,true,true,12,2015-04-01,2016-03-31,0
2016-01-29,70220,2015-03-31,3,,,,,,,,,,,,,,,,,,,,68160000000,18152000000,0.266,,18151000000,,,,,,,,,,,,true,false,12,2014-04-01,2015-03-31,-1
2016-01-29,70220,2015-03-31,3,,,,,,,,,,,,,,,,,,,,,,,,,,,,,5.00,,,,32600000,22478,,false,false,12,2014-04-01,2015-03-31,-1
2016-01-29,70220,2016-03-31,3,,,,,,,,,,,,,,,,,,,,,,,,,,,,,0.00,,,,,,,false,false,12,2015-04-01,2016-03-31,0
2016-01-29,70220,2016-03-31,3,,,,,,,,,,,,,,,,,,,,,,,,,,,,,5.00,,,,,,,false,true,12,2015-04-01,2016-03-31,0
2016-01-29,70220,2016-03-31,3,,,,,,,,,,,,,,,,,,,,,,,,,,,,,,,,,32600000,22490,32577517,false,false,9,2015-04-01,2015-12-31,0
2016-01-29,70220,2015-03-31,3,,,,,,,,,,,,,,,,,,,,,,,,,,,,,,,,,,,32577528,false,false,9,2014-04-01,2014-12-31,-1
2016-04-28,70220,2016-03-31,,53300000000,0.029,,,,,2100000000,0.750,1900000000,0.900,,200000000,,6.14,,,,,,,,,,,,,,,,,,,,,,true,true,12,2015-04-01,2016-03-31,0
2016-04-28,70220,2015-03-31,,48706000000,,,,,,2270000000,,2189000000,,,1738000000,,53.36,,,,,,,,,,,,,,,,,,,,,,true,false,12,2014-04-01,2015-03-31,-1
2016-05-12,70220,2016-03-31,,53347000000,0.095,,,,,2121000000,-0.066,1748000000,-0.201,,204000000,,6.29,,0.011,0.025,0.040,,70891000000,18954000000,0.267,581.81,18953000000,-2735000000,-2309000000,686000000,19408000000,,0.795,,,,,,true,false,12,2015-04-01,2016-03-31,0
2016-05-12,70220,2015-03-31,,48706000000,0.043,,,,,2270000000,-0.323,2189000000,-0.357,,1738000000,,53.36,,0.099,0.032,0.047,,68160000000,18152000000,0.266,557.18,18151000000,7854000000,-2910000000,-1970000000,22812000000,,0.094,,,,,,true,false,12,2014-04-01,2015-03-31,-1
2016-05-12,70220,2017-03-31,,52000000000,-0.025,,,,,400000000,-0.811,200000000,-0.886,,100000000,,3.07,,,,,,,,,,,,,,,,1.629,,,,,,true,true,12,2016-04-01,2017-03-31,1
2016-05-12,70220,2015-03-31,,,,,,,,,,,,,,,,,,,,,,,,,,,,,,5.00,,,,32600000,22478,32577526,false,false,12,2014-04-01,2015-03-31,-1
2016-05-12,70220,2016-03-31,,,,,,,,,,,,,,,,,,,,,,,,,,,,,,5.00,,,,32600000,22490,32577515,false,false,12,2015-04-01,2016-03-31,0
2016-05-12,70220,2017-03-31,,,,,,,,,,,,,,,,,,,,,,,,,,,,,,5.00,,,,,,,false,true,12,2016-04-01,2017-03-31,1
2016-07-29,70220,2017-03-31,1,12127000000,-0.067,,,,,-2552000000,,-2618000000,,,-2769000000,,-85.01,,,,,,68317000000,15678000000,0.229,,15677000000,,,,,,,,,,,,true,false,3,2016-04-01,2016-06-30,0
2016-07-29,70220,2016-03-31,1,13004000000,0.195,,,,,1249000000,5.138,1319000000,4.576,,1196000000,,36.73,,,,,,,,,,,,,,,,,,,,,,true,false,3,2015-04-01,2015-06-30,-1
2016-07-29,70220,2017-03-31,1,52000000000,-0.025,,,,,400000000,-0.811,200000000,-0.886,,100000000,,3.07,,,,,,,,,,,,,,,,,,,,,,true,true,12,2016-04-01,2017-03-31,0
2016-07-29,70220,2016-03-31,1,,,,,,,,,,,,,,,,,,,,70891000000,18954000000,0.267,,18953000000,,,,,,,,,,,,true,false,12,2015-04-01,2016-03-31,-1
2016-07-29,70220,2016-03-31,1,,,,,,,,,,,,,,,,,,,,,,,,,,,,,5.00,,,,32600000,22490,,false,false,12,2015-04-01,2016-03-31,-1
2016-07-29,70220,2017-03-31,1,,,,,,,,,,,,,,,,,,,,,,,,,,,,,5.00,,,,,,,false,true,12,2016-04-01,2017-03-31,0
2016-07-29,70220,2017-03-31,1,,,,,,,,,,,,,,,,,,,,,,,,,,,,,,,,,32600000,22490,32577510,false,false,3,2016-04-01,2016-06-30,0
2016-07-29,70220,2016-03-31,1,,,,,,,,,,,,,,,,,,,,,,,,,,,,,,,,,,,32577522,false,false,3,2015-04-01,2015-06-30,-1
2016-10-31,70220,2017-03-31,2,23671000000,-0.072,,,,,-2899000000,,-2951000000,,,-3228000000,,-99.11,,,,,,67455000000,15395000000,0.228,,15392000000,,,,,,,,,,,,true,false,6,2016-04-01,2016-09-30,0
2016-10-31,70220,2016-03-31,2,25508000000,0.119,,,,,1865000000,-0.088,1684000000,-0.178,,1470000000,,45.15,,,,,,,,,,,,,,,,,,,,,,true,false,6,2015-04-01,2015-09-30,-1
2016-10-31,70220,2017-03-31,2,52000000000,-0.025,,,,,400000000,-0.811,200000000,-0.886,,100000000,,3.07,,,,,,,,,,,,,,,,,,,,,,true,true,12,2016-04-01,2017-03-31,0
2016-10-31,70220,2016-03-31,2,,,,,,,,,,,,,,,,,,,,70891000000,18954000000,0.267,,18953000000,,,,,,,,,,,,true,false,12,2015-04-01,2016-03-31,-1
2016-10-31,70220,2016-03-31,2,,,,,,,,,,,,,,,,,,,,,,,,,,,,,5.00,,,,32600000,22490,,false,false,12,2015-04-01,2016-03-31,-1
2016-10-31,70220,2017-03-31,2,,,,,,,,,,,,,,,,,,,,,,,,,,,,,0.00,,,,,,,false,false,12,2016-04-01,2017-03-31,0
2016-10-31,70220,2017-03-31,2,,,,,,,,,,,,,,,,,,,,,,,,,,,,,5.00,,,,,,,false,true,12,2016-04-01,2017-03-31,0
2016-10-31,70220,2017-03-31,2,,,,,,,,,,,,,,,,,,,,,,,,,,,,,,,,,32600000,22598,32577479,false,false,6,2016-04-01,2016-09-30,0
2016-10-31,70220,2016-03-31,2,,,,,,,,,,,,,,,,,,,,,,,,,,,,,,,,,,,32577520,false,false,6,2015-04-01,2015-09-30,-1
2017-01-31,70220,2017-03-31,3,38020000000,-0.045,,,,,1732000000,-0.339,1696000000,-0.283,,1027000000,,31.54,31.52,,,,,70402000000,20326000000,0.289,,20314000000,,,,,,,,,,,,true,false,9,2016-04-01,2016-12-31,0
2017-01-31,70220,2016-03-31,3,39820000000,0.160,,,,,2618000000,0.775,2366000000,0.530,,2098000000,,64.40,,,,,,,,,,,,,,,,,,,,,,true,false,9,2015-04-01,2015-12-31,-1
2017-01-31,70220,2017-03-31,3,52000000000,-0.025,,,,,400000000,-0.811,200000000,-0.886,,100000000,,3.07,,,,,,,,,,,,,,,,,,,,,,true,true,12,2016-04-01,2017-03-31,0
2017-01-31,70220,2016-03-31,3,,,,,,,,,,,,,,,,,,,,70891000000,18954000000,0.267,,18953000000,,,,,,,,,,,,true,false,12,2015-04-01,2016-03-31,-1
2017-01-31,70220,2016-03-31,3,,,,,,,,,,,,,,,,,,,,,,,,,,,,,5.00,,,,32600000,22490,,false,false,12,2015-04-01,2016-03-31,-1
2017-01-31,70220,2017-03-31,3,,,,,,,,,,,,,,,,,,,,,,,,,,,,,0.00,,,,,,,false,false,12,2016-04-01,2017-03-31,0
2017-01-31,70220,2017-03-31,3,,,,,,,,,,,,,,,,,,,,,,,,,,,,,5.00,,,,,,,false,true,12,2016-04-01,2017-03-31,0
2017-01-31,70220,2017-03-31,3,,,,,,,,,,,,,,,,,,,,,,,,,,,,,,,,,32600000,22598,32577456,false,false,9,2016-04-01,2016-12-31,0
2017-01-31,70220,2016-03-31,3,,,,,,,,,,,,,,,,,,,,,,,,,,,,,,,,,,,32577517,false,false,9,2015-04-01,2015-12-31,-1
2017-04-28,70220,2017-03-31,,53000000000,0.019,,,,,900000000,1.250,800000000,3.000,,-2400000000,,-73.67,,,,,,,,,,,,,,,,,,,,,,true,true,12,2016-04-01,2017-03-31,0
2017-04-28,70220,2016-03-31,,53347000000,,,,,,2121000000,,1748000000,,,204000000,,6.29,,,,,,,,,,,,,,,,,,,,,,true,false,12,2015-04-01,2016-03-31,-1
2017-05-12,70220,2017-03-31,,53064000000,-0.005,,,,,904000000,-0.574,863000000,-0.506,,-2446000000,,-75.11,,-0.135,0.012,0.017,,70562000000,17349000000,0.246,532.02,17330000000,-64000000,-1972000000,-128000000,17301000000,,,,,,,,true,false,12,2016-04-01,2017-03-31,0
2017-05-12,70220,2016-03-31,,53347000000,0.095,,,,,2121000000,-0.066,1748000000,-0.201,,204000000,,6.29,,0.011,0.025,0.040,,70891000000,18954000000,0.267,581.81,18953000000,-2735000000,-2309000000,686000000,19408000000,,0.795,,,,,,true,false,12,2015-04-01,2016-03-31,-1
2017-05-12,70220,2018-03-31,,47000000000,-0.114,,,,,300000000,-0.668,200000000,-0.768,,100000000,,3.07,,,,,,,,,,,,,,,,1.629,,,,,,true,true,12,2017-04-01,2018-03-31,1
2017-05-12,70220,2016-03-31,,,,,,,,,,,,,,,,,,,,,,,,,,,,,,5.00,,,,32600000,22490,32577515,false,false,12,2015-04-01,2016-03-31,-1
2017-05-12,70220,2017-03-31,,,,,,,,,,,,,,,,,,,,,,,,,,,,,,5.00,,,,32600000,26110,32576903,false,false,12,2016-04-01,2017-03-31,0
2017-05-12,70220,2018-03-31,,,,,,,,,,,,,,,,,,,,,,,,,,,,,,5.00,,,,,,,false,true,12,2017-04-01,2018-03-31,1
2017-07-31,70220,2018-03-31,1,11974000000,-0.013,,,,,342000000,,343000000,,,450000000,,13.84,13.80,,,,,69561000000,17804000000,0.256,,17777000000,,,,,,,,,,,,true,false,3,2017-04-01,2017-06-30,0
2017-07-31,70220,2017-03-31,1,12127000000,-0.067,,,,,-2552000000,,-2618000000,,,-2769000000,,-85.01,,,,,,,,,,,,,,,,,,,,,,true,false,3,2016-04-01,2016-06-30,-1
2017-07-31,70220,2018-03-31,1,47000000000,-0.114,,,,,300000000,-0.668,200000000,-0.768,,100000000,,3.07,,,,,,,,,,,,,,,,,,,,,,true,true,12,2017-04-01,2018-03-31,0
2017-07-31,70220,2017-03-31,1,,,,,,,,,,,,,,,,,,,,70562000000,17349000000,0.246,,17330000000,,,,,,,,,,,,true,false,12,2016-04-01,2017-03-31,-1
2017-07-31,70220,2017-03-31,1,,,,,,,,,,,,,,,,,,,,,,,,,,,,,5.00,,,,32600000,26110,,false,false,12,2016-04-01,2017-03-31,-1
2017-07-31,70220,2018-03-31,1,,,,,,,,,,,,,,,,,,,,,,,,,,,,,5.00,,,,,,,false,true,12,2017-04-01,2018-03-31,0
2017-07-31,70220,2018-03-31,1,,,,,,,,,,,,,,,,,,,,,,,,,,,,,,,,,32600600,20715,32578386,false,false,3,2017-04-01,2017-06-30,0
2017-07-31,70220,2017-03-31,1,,,,,,,,,,,,,,,,,,,,,,,,,,,,,,,,,,,32577510,false,false,3,2016-04-01,2016-06-30,-1
2017-10-31,70220,2018-03-31,2,23529000000,-0.006,,,,,196000000,,203000000,,,280000000,,8.62,8.59,,,,,69280000000,17852000000,0.257,,17822000000,,,,,,,,,,,,true,false,6,2017-04-01,2017-09-30,0
2017-10-31,70220,2017-03-31,2,23671000000,-0.072,,,,,-2899000000,,-2951000000,,,-3228000000,,-99.11,,,,,,,,,,,,,,,,,,,,,,true,false,6,2016-04-01,2016-09-30,-1
2017-10-31,70220,2018-03-31,2,47000000000,-0.114,,,,,300000000,-0.668,200000000,-0.768,,100000000,,3.07,,,,,,,,,,,,,,,,,,,,,,true,true,12,2017-04-01,2018-03-31,0
2017-10-31,70220,2017-03-31,2,,,,,,,,,,,,,,,,,,,,70562000000,17349000000,0.246,,17330000000,,,,,,,,,,,,true,false,12,2016-04-01,2017-03-31,-1
2017-10-31,70220,2017-03-31,2,,,,,,,,,,,,,,,,,,,,,,,,,,,,,5.00,,,,32600000,26110,,false,false,12,2016-04-01,2017-03-31,-1
2017-10-31,70220,2018-03-31,2,,,,,,,,,,,,,,,,,,,,,,,,,,,,,0.00,,,,,,,false,false,12,2017-04-01,2018-03-31,0
2017-10-31,70220,2018-03-31,2,,,,,,,,,,,,,,,,,,,,,,,,,,,,,5.00,,,,,,,false,true,12,2017-04-01,2018-03-31,0
2017-10-31,70220,2018-03-31,2,,,,,,,,,,,,,,,,,,,,,,,,,,,,,,,,,32600600,20715,32579028,false,false,6,2017-04-01,2017-09-30,0
2017-10-31,70220,2017-03-31,2,,,,,,,,,,,,,,,,,,,,,,,,,,,,,,,,,,,32577479,false,false,6,2016-04-01,2016-09-30,-1
2018-01-31,70220,2018-03-31,3,35619000000,-0.063,,,,,373000000,-0.784,400000000,-0.764,,482000000,,14.81,14.74,,,,,69344000000,18685000000,0.269,,18648000000,,,,,,,,,,,,true,false,9,2017-04-01,2017-12-31,0
2018-01-31,70220,2017-03-31,3,38020000000,-0.045,,,,,1732000000,-0.339,1696000000,-0.283,,1027000000,,31.54,31.52,,,,,,,,,,,,,,,,,,,,,true,false,9,2016-04-01,2016-12-31,-1
2018-01-31,70220,2018-03-31,3,47000000000,-0.114,,,,,300000000,-0.668,200000000,-0.768,,100000000,,3.07,,,,,,,,,,,,,,,,,,,,,,true,true,12,2017-04-01,2018-03-31,0
2018-01-31,70220,2017-03-31,3,,,,,,,,,,,,,,,,,,,,70562000000,17349000000,0.246,,17330000000,,,,,,,,,,,,true,false,12,2016-04-01,2017-03-31,-1
2018-01-31,70220,2017-03-31,3,,,,,,,,,,,,,,,,,,,,,,,,,,,,,5.00,,,,32600000,26110,,false,false,12,2016-04-01,2017-03-31,-1
2018-01-31,70220,2018-03-31,3,,,,,,,,,,,,,,,,,,,,,,,,,,,,,0.00,,,,,,,false,false,12,2017-04-01,2018-03-31,0
2018-01-31,70220,2018-03-31,3,,,,,,,,,,,,,,,,,,,,,,,,,,,,,5.00,,,,,,,false,true,12,2017-04-01,2018-03-31,0
2018-01-31,70220,2018-03-31,3,,,,,,,,,,,,,,,,,,,,,,,,,,,,,,,,,32600600,20715,32579285,false,false,9,2017-04-01,2017-12-31,0
2018-01-31,70220,2017-03-31,3,,,,,,,,,,,,,,,,,,,,,,,,,,,,,,,,,,,32577456,false,false,9,2016-04-01,2016-12-31,-1
2018-03-30,70220,2018-03-31,,47000000000,0.000,,,,,-3300000000,,-3200000000,,,-3200000000,,-98.23,,,,,,,,,,,,,,,,,,,,,,true,true,12,2017-04-01,2018-03-31,0
2018-03-30,70220,2017-03-31,,53064000000,,,,,,904000000,,863000000,,,-2446000000,,-75.11,,,,,,,,,,,,,,,,,,,,,,true,false,12,2016-04-01,2017-03-31,-1
2018-04-27,70220,2018-03-31,,47400000000,0.009,,,,,-3200000000,,-3100000000,,,-4300000000,,-131.99,,,,,,,,,,,,,,,,,,,,,,true,true,12,2017-04-01,2018-03-31,0
2018-04-27,70220,2017-03-31,,53064000000,,,,,,904000000,,863000000,,,-2446000000,,-75.11,,,,,,,,,,,,,,,,,,,,,,true,false,12,2016-04-01,2017-03-31,-1
2018-05-11,70220,2018-03-31,,47455000000,-0.106,,,,,-3160000000,,-3145000000,,,-4260000000,,-130.77,,-0.277,-0.046,-0.067,,67647000000,13446000000,0.198,411.42,13403000000,8800000000,-2105000000,-1769000000,22224000000,,,,,,,,true,false,12,2017-04-01,2018-03-31,0
2018-05-11,70220,2017-03-31,,53064000000,-0.005,,,,,904000000,-0.574,863000000,-0.506,,-2446000000,,-75.11,,-0.135,0.012,0.017,,70562000000,17349000000,0.246,532.02,17330000000,-64000000,-1972000000,-128000000,17301000000,,,,,,,,true,false,12,2016-04-01,2017-03-31,-1
2018-05-11,70220,2019-03-31,,46000000000,-0.031,,,,,-800000000,,-800000000,,,-800000000,,-24.56,,,,,,,,,,,,,,,,,,,,,,true,true,12,2018-04-01,2019-03-31,1
2018-05-11,70220,2017-03-31,,,,,,,,,,,,,,,,,,,,,,,,,,,,,,5.00,,,,32600000,26110,32576903,false,false,12,2016-04-01,2017-03-31,-1
2018-05-11,70220,2018-03-31,,,,,,,,,,,,,,,,,,,,,,,,,,,,,,5.00,,,,32600600,20715,32579423,false,false,12,2017-04-01,2018-03-31,0
2018-05-11,70220,2019-03-31,,,,,,,,,,,,,,,,,,,,,,,,,,,,,,5.00,,,,,,,false,true,12,2018-04-01,2019-03-31,1
2018-07-31,70220,2019-03-31,1,11727000000,-0.021,,,,,850000000,1.486,955000000,1.778,,973000000,,29.89,29.69,,,,,66162000000,14489000000,0.218,,14441000000,,,,,,,,,,,,true,false,3,2018-04-01,2018-06-30,0
2018-07-31,70220,2018-03-31,1,11974000000,-0.013,,,,,342000000,,343000000,,,450000000,,13.84,13.80,,,,,,,,,,,,,,,,,,,,,true,false,3,2017-04-01,2017-06-30,-1
2018-07-31,70220,2019-03-31,1,46000000000,-0.031,,,,,-800000000,,-800000000,,,-800000000,,-24.56,,,,,,,,,,,,,,,,,,,,,,true,true,12,2018-04-01,2019-03-31,0
2018-07-31,70220,2018-03-31,1,,,,,,,,,,,,,,,,,,,,67635000000,13446000000,0.198,,13403000000,,,,,,,,,,,,true,false,12,2017-04-01,2018-03-31,-1
2018-07-31,70220,2018-03-31,1,,,,,,,,,,,,,,,,,,,,,,,,,,,,,5.00,,,,32600600,20715,,false,false,12,2017-04-01,2018-03-31,-1
2018-07-31,70220,2019-03-31,1,,,,,,,,,,,,,,,,,,,,,,,,,,,,,5.00,,,,,,,false,true,12,2018-04-01,2019-03-31,0
2018-07-31,70220,2019-03-31,1,,,,,,,,,,,,,,,,,,,,,,,,,,,,,,,,,32600600,20715,32579885,false,false,3,2018-04-01,2018-06-30,0
2018-07-31,70220,2018-03-31,1,,,,,,,,,,,,,,,,,,,,,,,,,,,,,,,,,,,32578386,false,false,3,2017-04-01,2017-06-30,-1
2018-10-31,70220,2019-03-31,2,22690000000,-0.036,,,,,1704000000,7.654,1818000000,7.942,,1790000000,,54.94,54.45,,,,,65726000000,15675000000,0.238,,15622000000,,,,,,,,,,,,true,false,6,2018-04-01,2018-09-30,0
2018-10-31,70220,2018-03-31,2,23529000000,-0.006,,,,,196000000,,203000000,,,280000000,,8.62,8.59,,,,,,,,,,,,,,,,,,,,,true,false,6,2017-04-01,2017-09-30,-1
2018-10-31,70220,2019-03-31,2,46000000000,-0.031,,,,,-800000000,,-800000000,,,-800000000,,-24.56,,,,,,,,,,,,,,,,,,,,,,true,true,12,2018-04-01,2019-03-31,0
2018-10-31,70220,2018-03-31,2,,,,,,,,,,,,,,,,,,,,67635000000,13446000000,0.198,,13403000000,,,,,,,,,,,,true,false,12,2017-04-01,2018-03-31,-1
2018-10-31,70220,2018-03-31,2,,,,,,,,,,,,,,,,,,,,,,,,,,,,,5.00,,,,32600600,20715,,false,false,12,2017-04-01,2018-03-31,-1
2018-10-31,70220,2019-03-31,2,,,,,,,,,,,,,,,,,,,,,,,,,,,,,0.00,,,,,,,false,false,12,2018-04-01,2019-03-31,0
2018-10-31,70220,2019-03-31,2,,,,,,,,,,,,,,,,,,,,,,,,,,,,,5.00,,,,,,,false,true,12,2018-04-01,2019-03-31,0
2018-10-31,70220,2019-03-31,2,,,,,,,,,,,,,,,,,,,,,,,,,,,,,,,,,32600600,20715,32579885,false,false,6,2018-04-01,2018-09-30,0
2018-10-31,70220,2018-03-31,2,,,,,,,,,,,,,,,,,,,,,,,,,,,,,,,,,,,32579028,false,false,6,2017-04-01,2017-09-30,-1
2019-01-31,70220,2019-03-31,3,34558000000,-0.030,,,,,589000000,0.579,518000000,0.293,,427000000,,13.13,13.01,,,,,65117000000,13389000000,0.205,,13330000000,,,,,,,,,,,,true,false,9,2018-04-01,2018-12-31,0
2019-01-31,70220,2018-03-31,3,35619000000,-0.063,,,,,373000000,-0.784,400000000,-0.764,,482000000,,14.81,14.74,,,,,,,,,,,,,,,,,,,,,true,false,9,2017-04-01,2017-12-31,-1
2019-01-31,70220,2019-03-31,3,46000000000,-0.031,,,,,-800000000,,-800000000,,,-800000000,,-24.56,,,,,,,,,,,,,,,,,,,,,,true,true,12,2018-04-01,2019-03-31,0
2019-01-31,70220,2018-03-31,3,,,,,,,,,,,,,,,,,,,,67635000000,13446000000,0.198,,13403000000,,,,,,,,,,,,true,false,12,2017-04-01,2018-03-31,-1
2019-01-31,70220,2018-03-31,3,,,,,,,,,,,,,,,,,,,,,,,,,,,,,5.00,,,,32600600,20715,,false,false,12,2017-04-01,2018-03-31,-1
2019-01-31,70220,2019-03-31,3,,,,,,,,,,,,,,,,,,,,,,,,,,,,,0.00,,,,,,,false,false,12,2018-04-01,2019-03-31,0
2019-01-31,70220,2019-03-31,3,,,,,,,,,,,,,,,,,,,,,,,,,,,,,5.00,,,,,,,false,true,12,2018-04-01,2019-03-31,0
2019-01-31,70220,2019-03-31,3,,,,,,,,,,,,,,,,,,,,,,,,,,,,,,,,,32600600,20715,32579885,false,false,9,2018-04-01,2018-12-31,0
2019-01-31,70220,2018-03-31,3,,,,,,,,,,,,,,,,,,,,,,,,,,,,,,,,,,,32579285,false,false,9,2017-04-01,2017-12-31,-1
2019-03-29,70220,2019-03-31,,48000000000,0.043,,,,,1000000000,,1050000000,,,750000000,,23.02,,,,,,,,,,,,,,,,,,,,,,true,true,12,2018-04-01,2019-03-31,0
2019-03-29,70220,2018-03-31,,47455000000,,,,,,-3160000000,,-3145000000,,,-4260000000,,-130.77,,,,,,,,,,,,,,,,,,,,,,true,false,12,2017-04-01,2018-03-31,-1
2019-04-26,70220,2019-03-31,,48100000000,0.002,,,,,1270000000,0.270,1320000000,0.257,,1380000000,,42.36,,,,,,,,,,,,,,,,,,,,,,true,true,12,2018-04-01,2019-03-31,0
2019-04-26,70220,2018-03-31,,47455000000,,,,,,-3160000000,,-3145000000,,,-4260000000,,-130.77,,,,,,,,,,,,,,,,,,,,,,true,false,12,2017-04-01,2018-03-31,-1
2019-05-14,70220,2019-03-31,,48144000000,0.015,,,,,1272000000,,1326000000,,,1383000000,,42.45,42.06,0.099,0.020,0.026,,67110000000,14654000000,0.217,447.74,14590000000,298000000,-3154000000,-135000000,19323000000,,0.118,,,,,,true,false,12,2018-04-01,2019-03-31,0
2019-05-14,70220,2018-03-31,,47455000000,-0.106,,,,,-3160000000,,-3145000000,,,-4260000000,,-130.77,,-0.277,-0.046,-0.067,,67635000000,13446000000,0.198,411.42,13403000000,8800000000,-2105000000,-1769000000,22224000000,,,,,,,,true,false,12,2017-04-01,2018-03-31,-1
2019-05-14,70220,2020-03-31,,48000000000,-0.003,,,,,-400000000,,-400000000,,,-400000000,,-12.28,,,,,,,,,,,,,,,,,,,,,,true,true,12,2019-04-01,2020-03-31,1
2019-05-14,70220,2018-03-31,,,,,,,,,,,,,,,,,,,,,,,,,,,,,,5.00,,,,32600600,20715,32579423,false,false,12,2017-04-01,2018-03-31,-1
2019-05-14,70220,2019-03-31,,,,,,,,,,,,,,,,,,,,,,,,,,,,,,5.00,,,,32606800,20715,32580838,false,false,12,2018-04-01,2019-03-31,0
2019-05-14,70220,2020-03-31,,,,,,,,,,,,,,,,,,,,,,,,,,,,,,5.00,,,,,,,false,true,12,2019-04-01,2020-03-31,1
2019-07-31,70220,2020-03-31,1,10776000000,-0.081,,,,,-1081000000,,-1086000000,,,-1092000000,,-33.54,,,,,,64259000000,13624000000,0.211,,13555000000,,,,,,,,,,,,true,false,3,2019-04-01,2019-06-30,0
2019-07-31,70220,2019-03-31,1,11727000000,-0.021,,,,,850000000,1.486,955000000,1.778,,973000000,,29.89,29.69,,,,,,,,,,,,,,,,,,,,,true,false,3,2018-04-01,2018-06-30,-1
2019-07-31,70220,2020-03-31,1,48000000000,-0.003,,,,,-400000000,,-400000000,,,-400000000,,-12.28,,,,,,,,,,,,,,,,,,,,,,true,true,12,2019-04-01,2020-03-31,0
2019-07-31,70220,2019-03-31,1,,,,,,,,,,,,,,,,,,,,67110000000,14654000000,0.217,,14590000000,,,,,,,,,,,,true,false,12,2018-04-01,2019-03-31,-1
2019-07-31,70220,2019-03-31,1,,,,,,,,,,,,,,,,,,,,,,,,,,,,,5.00,,,,32606800,20715,,false,false,12,2018-04-01,2019-03-31,-1
2019-07-31,70220,2020-03-31,1,,,,,,,,,,,,,,,,,,,,,,,,,,,,,5.00,,,,,,,false,true,12,2019-04-01,2020-03-31,0
2019-07-31,70220,2020-03-31,1,,,,,,,,,,,,,,,,,,,,,,,,,,,,,,,,,32606800,20715,32586085,false,false,3,2019-04-01,2019-06-30,0
2019-07-31,70220,2019-03-31,1,,,,,,,,,,,,,,,,,,,,,,,,,,,,,,,,,,,32579885,false,false,3,2018-04-01,2018-06-30,-1
2019-10-31,70220,2020-03-31,2,23376000000,0.030,,,,,-1608000000,,-1495000000,,,-1505000000,,-46.20,,,,,,62432000000,13289000000,0.212,,13211000000,,,,,,,,,,,,true,false,6,2019-04-01,2019-09-30,0
2019-10-31,70220,2019-03-31,2,22690000000,-0.036,,,,,1704000000,7.654,1818000000,7.942,,1790000000,,54.94,54.45,,,,,,,,,,,,,,,,,,,,,true,false,6,2018-04-01,2018-09-30,-1
2019-10-31,70220,2020-03-31,2,48000000000,-0.003,,,,,-2900000000,,-2800000000,,,-2500000000,,-76.72,,,,,,,,,,,,,,,,,,,,,,true,true,12,2019-04-01,2020-03-31,0
2019-10-31,70220,2019-03-31,2,,,,,,,,,,,,,,,,,,,,67110000000,14654000000,0.217,,14590000000,,,,,,,,,,,,true,false,12,2018-04-01,2019-03-31,-1
2019-10-31,70220,2019-03-31,2,,,,,,,,,,,,,,,,,,,,,,,,,,,,,5.00,,,,32606800,20715,,false,false,12,2018-04-01,2019-03-31,-1
2019-10-31,70220,2020-03-31,2,,,,,,,,,,,,,,,,,,,,,,,,,,,,,0.00,,,,,,,false,false,12,2019-04-01,2020-03-31,0
2019-10-31,70220,2020-03-31,2,,,,,,,,,,,,,,,,,,,,,,,,,,,,,5.00,,,,,,,false,true,12,2019-04-01,2020-03-31,0
2019-10-31,70220,2020-03-31,2,,,,,,,,,,,,,,,,,,,,,,,,,,,,,,,,,32606800,20715,32586085,false,false,6,2019-04-01,2019-09-30,0
2019-10-31,70220,2019-03-31,2,,,,,,,,,,,,,,,,,,,,,,,,,,,,,,,,,,,32579885,false,false,6,2018-04-01,2018-09-30,-1
2019-10-31,70220,2020-03-31,,48000000000,,,,,,-2900000000,,-2800000000,,,-2500000000,,-76.72,,,,,,,,,,,,,,,,,,,,,,true,true,12,2019-04-01,2020-03-31,0
2019-10-31,70220,2019-03-31,,48144000000,,,,,,1272000000,,1326000000,,,1383000000,,42.45,,,,,,,,,,,,,,,,,,,,,,true,false,12,2018-04-01,2019-03-31,-1
2020-01-31,70220,2020-03-31,3,35353000000,0.023,,,,,-1221000000,,-1090000000,,,-392000000,,-12.06,,,,,,64491000000,14336000000,0.221,,14249000000,,,,,,,,,,,,true,false,9,2019-04-01,2019-12-31,0
2020-01-31,70220,2019-03-31,3,34558000000,-0.030,,,,,589000000,0.579,518000000,0.293,,427000000,,13.13,13.01,,,,,,,,,,,,,,,,,,,,,true,false,9,2018-04-01,2018-12-31,-1
2020-01-31,70220,2020-03-31,3,48000000000,-0.003,,,,,-2900000000,,-2800000000,,,-2500000000,,-76.72,,,,,,,,,,,,,,,,,,,,,,true,true,12,2019-04-01,2020-03-31,0
2020-01-31,70220,2019-03-31,3,,,,,,,,,,,,,,,,,,,,67110000000,14654000000,0.217,,14590000000,,,,,,,,,,,,true,false,12,2018-04-01,2019-03-31,-1
2020-01-31,70220,2019-03-31,3,,,,,,,,,,,,,,,,,,,,,,,,,,,,,5.00,,,,32606800,20715,,false,false,12,2018-04-01,2019-03-31,-1
2020-01-31,70220,2020-03-31,3,,,,,,,,,,,,,,,,,,,,,,,,,,,,,0.00,,,,,,,false,false,12,2019-04-01,2020-03-31,0
2020-01-31,70220,2020-03-31,3,,,,,,,,,,,,,,,,,,,,,,,,,,,,,5.00,,,,,,,false,true,12,2019-04-01,2020-03-31,0
2020-01-31,70220,2020-03-31,3,,,,,,,,,,,,,,,,,,,,,,,,,,,,,,,,,32606800,20715,32586085,false,false,9,2019-04-01,2019-12-31,0
2020-01-31,70220,2019-03-31,3,,,,,,,,,,,,,,,,,,,,,,,,,,,,,,,,,,,32579885,false,false,9,2018-04-01,2018-12-31,-1
2020-03-31,70220,2020-03-31,,50000000000,0.042,,,,,-1950000000,,-1950000000,,,-1850000000,,-56.76,,,,,,,,,,,,,,,,,,,,,,true,true,12,2019-04-01,2020-03-31,0
2020-03-31,70220,2019-03-31,,48144000000,,,,,,1272000000,,1326000000,,,1383000000,,42.45,,,,,,,,,,,,,,,,,,,,,,true,false,12,2018-04-01,2019-03-31,-1
2020-05-14,70220,2020-03-31,,49805000000,0.035,,,,,-1775000000,,-1710000000,,,-2211000000,,-67.87,,-0.169,-0.026,-0.036,,63681000000,11660000000,0.182,354.76,11571000000,-3317000000,-1534000000,605000000,15053000000,,,,,,,,true,false,12,2019-04-01,2020-03-31,0
2020-05-14,70220,2019-03-31,,48144000000,0.015,,,,,1272000000,,1326000000,,,1383000000,,42.45,42.06,0.099,0.020,0.026,,67110000000,14654000000,0.217,447.74,14590000000,298000000,-3154000000,-135000000,19323000000,,0.118,,,,,,true,false,12,2018-04-01,2019-03-31,-1
2020-05-14,70220,2019-03-31,,,,,,,,,,,,,,,,,,,,,,,,,,,,,,5.00,,,,32606800,20715,32580838,false,false,12,2018-04-01,2019-03-31,-1
2020-05-14,70220,2020-03-31,,,,,,,,,,,,,,,,,,,,,,,,,,,,,,5.00,,,,32637500,20715,32590754,false,false,12,2019-04-01,2020-03-31,0
2020-07-31,70220,2021-03-31,1,11125000000,0.032,,,,,-839000000,,-781000000,,,-803000000,,-24.64,,,,,,62040000000,11544000000,0.185,,11446000000,,,,,,,,,,,,true,false,3,2020-04-01,2020-06-30,0
2020-07-31,70220,2020-03-31,1,10776000000,-0.081,,,,,-1081000000,,-1086000000,,,-1092000000,,-33.54,,,,,,,,,,,,,,,,,,,,,,true,false,3,2019-04-01,2019-06-30,-1
2020-07-31,70220,2020-03-31,1,,,,,,,,,,,,,,,,,,,,63681000000,11660000000,0.182,,11571000000,,,,,,,,,,,,true,false,12,2019-04-01,2020-03-31,-1
2020-07-31,70220,2020-03-31,1,,,,,,,,,,,,,,,,,,,,,,,,,,,,,5.00,,,,32637500,20715,,false,false,12,2019-04-01,2020-03-31,-1
2020-07-31,70220,2021-03-31,1,,,,,,,,,,,,,,,,,,,,,,,,,,,,,,,,,32637500,20715,32616785,false,false,3,2020-04-01,2020-06-30,0
2020-07-31,70220,2020-03-31,1,,,,,,,,,,,,,,,,,,,,,,,,,,,,,,,,,,,32586085,false,false,3,2019-04-01,2019-06-30,-1
2020-10-30,70220,2021-03-31,2,21710000000,-0.071,,,,,-2234000000,,-2104000000,,,-2134000000,,-65.28,,,,,,61762000000,10773000000,0.173,,10675000000,,,,,,,,,,,,true,false,6,2020-04-01,2020-09-30,0
2020-10-30,70220,2020-03-31,2,23376000000,0.030,,,,,-1608000000,,-1495000000,,,-1505000000,,-46.20,,,,,,,,,,,,,,,,,,,,,,true,false,6,2019-04-01,2019-09-30,-1
2020-10-30,70220,2020-03-31,2,,,,,,,,,,,,,,,,,,,,63681000000,11660000000,0.182,,11571000000,,,,,,,,,,,,true,false,12,2019-04-01,2020-03-31,-1
2020-10-30,70220,2020-03-31,2,,,,,,,,,,,,,,,,,,,,,,,,,,,,,5.00,,,,32637500,20715,,false,false,12,2019-04-01,2020-03-31,-1
2020-10-30,70220,2021-03-31,2,,,,,,,,,,,,,,,,,,,,,,,,,,,,,0.00,,,,,,,false,false,12,2020-04-01,2021-03-31,0
2020-10-30,70220,2021-03-31,2,,,,,,,,,,,,,,,,,,,,,,,,,,,,,,,,,32848066,20715,32707027,false,false,6,2020-04-01,2020-09-30,0
2020-10-30,70220,2020-03-31,2,,,,,,,,,,,,,,,,,,,,,,,,,,,,,,,,,,,32586085,false,false,6,2019-04-01,2019-09-30,-1
2020-11-09,70220,2021-03-31,,45000000000,,,,,,-4000000000,,-4100000000,,,-6300000000,,-192.62,,,,,,,,,,,,,,,,,,,,,,true,true,12,2020-04-01,2021-03-31,0
2020-11-09,70220,2020-03-31,,49805000000,,,,,,-1775000000,,-1710000000,,,-2211000000,,-67.87,,,,,,,,,,,,,,,,,,,,,,true,false,12,2019-04-01,2020-03-31,-1
2021-01-29,70220,2021-03-31,3,33392000000,-0.055,,,,,-3925000000,,-3810000000,,,-5163000000,,-157.71,,,,,,63557000000,5148000000,0.079,,5050000000,,,,,,,,,,,,true,false,9,2020-04-01,2020-12-31,0
2021-01-29,70220,2020-03-31,3,35353000000,0.023,,,,,-1221000000,,-1090000000,,,-392000000,,-12.06,,,,,,,,,,,,,,,,,,,,,,true,false,9,2019-04-01,2019-12-31,-1
2021-01-29,70220,2021-03-31,3,45000000000,-0.096,,,,,-4000000000,,-4100000000,,,-6300000000,,-192.62,,,,,,,,,,,,,,,,,,,,,,true,true,12,2020-04-01,2021-03-31,0
2021-01-29,70220,2020-03-31,3,,,,,,,,,,,,,,,,,,,,63681000000,11660000000,0.182,,11571000000,,,,,,,,,,,,true,false,12,2019-04-01,2020-03-31,-1
2021-01-29,70220,2020-03-31,3,,,,,,,,,,,,,,,,,,,,,,,,,,,,,5.00,,,,32637500,20715,,false,false,12,2019-04-01,2020-03-31,-1
2021-01-29,70220,2021-03-31,3,,,,,,,,,,,,,,,,,,,,,,,,,,,,,0.00,,,,,,,false,false,12,2020-04-01,2021-03-31,0
2021-01-29,70220,2021-03-31,3,,,,,,,,,,,,,,,,,,,,,,,,,,,,,,,,,32848066,20715,32743124,false,false,9,2020-04-01,2020-12-31,0
2021-01-29,70220,2020-03-31,3,,,,,,,,,,,,,,,,,,,,,,,,,,,,,,,,,,,32586085,false,false,9,2019-04-01,2019-12-31,-1
2021-02-25,70220,2021-03-31,,45000000000,,,,,,-5900000000,,-5900000000,,,-3400000000,,-103.51,,,,,,,,,,,,,,,,,,,,,,true,true,12,2020-04-01,2021-03-31,0
2021-02-25,70220,2020-03-31,,49805000000,,,,,,-1775000000,,-1710000000,,,-2211000000,,-67.87,,,,,,,,,,,,,,,,,,,,,,true,false,12,2019-04-01,2020-03-31,-1
,70220,2021-03-31,,,,,,,,,,,,,,,,,,,,,,,,,,,,,,5.00,,,,,,,false,true,12,2020-04-01,2021-03-31,0
,70220,2020-03-31,,,,,,,,,,,,,,,,,,,,,,,,,,,,,,5.00,,,,,,,false,false,12,2019-04-01,2020-03-31,-1
2021-05-14,70220,2021-03-31,,44628000000,-0.104,,,,,-5267000000,,-5154000000,,,-3685000000,,-112.47,,-0.397,-0.114,-0.118,,26401000000,7098000000,0.265,213.41,7009000000,-2680000000,-4123000000,-2821000000,5452000000,,,,,,,,true,false,12,2020-04-01,2021-03-31,0
2021-05-14,70220,2020-03-31,,49805000000,0.035,,,,,-1775000000,,-1710000000,,,-2211000000,,-67.87,,-0.169,-0.026,-0.036,,63681000000,11660000000,0.182,354.76,11571000000,-3317000000,-1534000000,605000000,15053000000,,,,,,,,true,false,12,2019-04-01,2020-03-31,-1
2021-05-14,70220,2022-03-31,,20000000000,-0.552,,,,,600000000,,500000000,,,300000000,,9.16,,,,,,,,,,,,,,,,0.546,,,,,,true,true,12,2021-04-01,2022-03-31,1
2021-05-14,70220,2020-03-31,,,,,,,,,,,,,,,,,,,,,,,,,,,,,,5.00,,,,32637500,20715,32590754,false,false,12,2019-04-01,2020-03-31,-1
2021-05-14,70220,2021-03-31,,,,,,,,,,,,,,,,,,,,,,,,,,,,,,5.00,,,,32890166,45742,32766328,false,false,12,2020-04-01,2021-03-31,0
2021-05-14,70220,2022-03-31,,,,,,,,,,,,,,,,,,,,,,,,,,,,,,5.00,,,,,,,false,true,12,2021-04-01,2022-03-31,1
2021-07-30,70220,2022-03-31,1,3830000000,-0.656,,,,,-310000000,,-288000000,,,50000000,,1.53,1.51,,,,,27190000000,6974000000,0.253,,6884000000,,,,,,,,,,,,true,false,3,2021-04-01,2021-06-30,0
2021-07-30,70220,2021-03-31,1,11125000000,0.032,,,,,-839000000,,-781000000,,,-803000000,,-24.64,,,,,,,,,,,,,,,,,,,,,,true,false,3,2020-04-01,2020-06-30,-1
2021-07-30,70220,2022-03-31,1,8500000000,-0.608,,,,,-400000000,,-400000000,,,-100000000,,,,,,,,,,,,,,,,,,,,,,,,true,true,6,2021-04-01,2021-09-30,0
2021-07-30,70220,2022-03-31,1,20000000000,-0.552,,,,,600000000,,500000000,,,300000000,,9.16,,,,,,,,,,,,,,,,,,,,,,true,true,12,2021-04-01,2022-03-31,0
2021-07-30,70220,2021-03-31,1,,,,,,,,,,,,,,,,,,,,26401000000,7098000000,0.265,,7009000000,,,,,,,,,,,,true,false,12,2020-04-01,2021-03-31,-1
2021-07-30,70220,2021-03-31,1,,,,,,,,,,,,,,,,,,,,,,,,,,,,,5.00,,,,32890166,45742,,false,false,12,2020-04-01,2021-03-31,-1
2021-07-30,70220,2022-03-31,1,,,,,,,,,,,,,,,,,,,,,,,,,,,,,5.00,,,,,,,false,true,12,2021-04-01,2022-03-31,0
2021-07-30,70220,2022-03-31,1,,,,,,,,,,,,,,,,,,,,,,,,,,,,,,,,,32890166,47214,32843320,false,false,3,2021-04-01,2021-06-30,0
2021-07-30,70220,2021-03-31,1,,,,,,,,,,,,,,,,,,,,,,,,,,,,,,,,,,,32616785,false,false,3,2020-04-01,2020-06-30,-1
2021-10-28,70220,2022-03-31,2,8249000000,-0.620,,,,,-384000000,,-397000000,,,-70000000,,-2.13,,,,,,26788000000,7166000000,0.264,,7077000000,,,,,,,,,,,,true,false,6,2021-04-01,2021-09-30,0
2021-10-28,70220,2021-03-31,2,21710000000,-0.071,,,,,-2234000000,,-2104000000,,,-2134000000,,-65.28,,,,,,,,,,,,,,,,,,,,,,true,false,6,2020-04-01,2020-09-30,-1
2021-10-28,70220,2022-03-31,2,20000000000,-0.552,,,,,600000000,,500000000,,,300000000,,9.16,,,,,,,,,,,,,,,,,,,,,,true,true,12,2021-04-01,2022-03-31,0
2021-10-28,70220,2021-03-31,2,,,,,,,,,,,,,,,,,,,,26401000000,7098000000,0.265,,7009000000,,,,,,,,,,,,true,false,12,2020-04-01,2021-03-31,-1
2021-10-28,70220,2021-03-31,2,,,,,,,,,,,,,,,,,,,,,,,,,,,,,5.00,,,,32890166,45742,,false,false,12,2020-04-01,2021-03-31,-1
2021-10-28,70220,2022-03-31,2,,,,,,,,,,,,,,,,,,,,,,,,,,,,,0.00,,,,,,,false,false,12,2021-04-01,2022-03-31,0
2021-10-28,70220,2022-03-31,2,,,,,,,,,,,,,,,,,,,,,,,,,,,,,5.00,,,,,,,false,true,12,2021-04-01,2022-03-31,0
2021-10-28,70220,2022-03-31,2,,,,,,,,,,,,,,,,,,,,,,,,,,,,,,,,,33122120,47214,32942571,false,false,6,2021-04-01,2021-09-30,0
2021-10-28,70220,2021-03-31,2,,,,,,,,,,,,,,,,,,,,,,,,,,,,,,,,,,,32707027,false,false,6,2020-04-01,2020-09-30,-1
2022-01-31,70220,2022-03-31,3,13191000000,-0.605,,,,,-197000000,,-165000000,,,92000000,,2.81,2.76,,,,,27252000000,7309000000,0.265,,7219000000,,,,,,,,,,,,true,false,9,2021-04-01,2021-12-31,0
2022-01-31,70220,2021-03-31,3,33392000000,-0.055,,,,,-3925000000,,-3810000000,,,-6010000000,,-183.58,,,,,,,,,,,,,,,,,,,,,,true,false,9,2020-04-01,2020-12-31,-1
2022-01-31,70220,2022-03-31,3,20000000000,-0.552,,,,,600000000,,500000000,,,300000000,,9.16,,,,,,,,,,,,,,,,,,,,,,true,true,12,2021-04-01,2022-03-31,0
2022-01-31,70220,2021-03-31,3,,,,,,,,,,,,,,,,,,,,26401000000,7098000000,0.265,,7009000000,,,,,,,,,,,,true,false,12,2020-04-01,2021-03-31,-1
2022-01-31,70220,2021-03-31,3,,,,,,,,,,,,,,,,,,,,,,,,,,,,,5.00,,,,32890166,45742,,false,false,12,2020-04-01,2021-03-31,-1
2022-01-31,70220,2022-03-31,3,,,,,,,,,,,,,,,,,,,,,,,,,,,,,0.00,,,,,,,false,false,12,2021-04-01,2022-03-31,0
2022-01-31,70220,2022-03-31,3,,,,,,,,,,,,,,,,,,,,,,,,,,,,,5.00,,,,,,,false,true,12,2021-04-01,2022-03-31,0
2022-01-31,70220,2022-03-31,3,,,,,,,,,,,,,,,,,,,,,,,,,,,,,,,,,33122120,47214,32982271,false,false,9,2021-04-01,2021-12-31,0
2022-01-31,70220,2021-03-31,3,,,,,,,,,,,,,,,,,,,,,,,,,,,,,,,,,,,32743124,false,false,9,2020-04-01,2020-12-31,-1
2022-04-28,70220,2022-03-31,,19100000000,-0.045,,,,,220000000,-0.633,200000000,-0.600,,430000000,,13.03,,,,,,,,,,,,,,,,,,,,,,true,true,12,2021-04-01,2022-03-31,0
2022-04-28,70220,2021-03-31,,44628000000,,,,,,-5267000000,,-5154000000,,,-3685000000,,,,,,,,,,,,,,,,,,,,,,,,true,false,12,2020-04-01,2021-03-31,-1
2022-05-13,70220,2022-03-31,,19148000000,-0.571,,,,,222000000,,205000000,,,434000000,,13.17,12.97,0.059,0.008,0.012,,25428000000,7871000000,0.306,235.25,7784000000,284000000,-1189000000,-1205000000,3376000000,,0.380,,,,,,true,false,12,2021-04-01,2022-03-31,0
2022-05-13,70220,2021-03-31,,44628000000,-0.104,,,,,-5267000000,,-5154000000,,,-3685000000,,-112.47,,-0.397,-0.114,-0.118,,26401000000,7098000000,0.265,213.41,7009000000,-2680000000,-4123000000,-2821000000,5452000000,,,,,,,,true,false,12,2020-04-01,2021-03-31,-1
2022-05-13,70220,2023-03-31,,21000000000,0.097,,,,,500000000,1.242,500000000,1.438,,300000000,,9.09,,,,,,,,,,,,,,,,0.550,,,,,,true,true,12,2022-04-01,2023-03-31,1
2022-05-13,70220,2021-03-31,,,,,,,,,,,,,,,,,,,,,,,,,,,,,,5.00,,,,32890166,45742,32766328,false,false,12,2020-04-01,2021-03-31,-1
2022-05-13,70220,2022-03-31,,,,,,,,,,,,,,,,,,,,,,,,,,,,,,5.00,,,,33137420,47214,33006648,false,false,12,2021-04-01,2022-03-31,0
2022-05-13,70220,2023-03-31,,,,,,,,,,,,,,,,,,,,,,,,,,,,,,5.00,,,,,,,false,true,12,2022-04-01,2023-03-31,1
2022-07-29,70220,2023-03-31,1,3140000000,-0.180,,,,,-545000000,,-396000000,,,-387000000,,-11.70,,,,,,25549000000,7224000000,0.280,,7143000000,,,,,,,,,,,,true,false,3,2022-04-01,2022-06-30,0
2022-07-29,70220,2022-03-31,1,3830000000,-0.656,,,,,-310000000,,-288000000,,,50000000,,1.53,1.51,,,,,,,,,,,,,,,,,,,,,true,false,3,2021-04-01,2021-06-30,-1
2022-07-29,70220,2023-03-31,1,21000000000,0.097,,,,,500000000,1.242,500000000,1.438,,300000000,,9.09,,,,,,,,,,,,,,,,,,,,,,true,true,12,2022-04-01,2023-03-31,0
2022-07-29,70220,2022-03-31,1,,,,,,,,,,,,,,,,,,,,25428000000,7871000000,0.306,,7784000000,,,,,,,,,,,,true,false,12,2021-04-01,2022-03-31,-1
2022-07-29,70220,2022-03-31,1,,,,,,,,,,,,,,,,,,,,,,,,,,,,,5.00,,,,33137420,47214,,false,false,12,2021-04-01,2022-03-31,-1
2022-07-29,70220,2023-03-31,1,,,,,,,,,,,,,,,,,,,,,,,,,,,,,5.00,,,,,,,false,true,12,2022-04-01,2023-03-31,0
2022-07-29,70220,2023-03-31,1,,,,,,,,,,,,,,,,,,,,,,,,,,,,,,,,,33170820,47214,33115256,false,false,3,2022-04-01,2022-06-30,0
2022-07-29,70220,2022-03-31,1,,,,,,,,,,,,,,,,,,,,,,,,,,,,,,,,,,,32843320,false,false,3,2021-04-01,2021-06-30,-1
2022-10-31,70220,2023-03-31,2,7956000000,-0.035,,,,,-699000000,,-568000000,,,-555000000,,-16.71,,,,,,25743000000,6988000000,0.268,,6911000000,,,,,,,,,,,,true,false,6,2022-04-01,2022-09-30,0
2022-10-31,70220,2022-03-31,2,8249000000,-0.620,,,,,-384000000,,-397000000,,,-70000000,,-2.13,,,,,,,,,,,,,,,,,,,,,,true,false,6,2021-04-01,2021-09-30,-1
2022-10-31,70220,2023-03-31,2,21000000000,0.097,,,,,500000000,1.242,500000000,1.438,,300000000,,9.09,,,,,,,,,,,,,,,,,,,,,,true,true,12,2022-04-01,2023-03-31,0
2022-10-31,70220,2022-03-31,2,,,,,,,,,,,,,,,,,,,,25428000000,7871000000,0.306,,7784000000,,,,,,,,,,,,true,false,12,2021-04-01,2022-03-31,-1
2022-10-31,70220,2022-03-31,2,,,,,,,,,,,,,,,,,,,,,,,,,,,,,5.00,,,,33137420,47214,,false,false,12,2021-04-01,2022-03-31,-1
2022-10-31,70220,2023-03-31,2,,,,,,,,,,,,,,,,,,,,,,,,,,,,,0.00,,,,,,,false,false,12,2022-04-01,2023-03-31,0
2022-10-31,70220,2023-03-31,2,,,,,,,,,,,,,,,,,,,,,,,,,,,,,5.00,,,,,,,false,true,12,2022-04-01,2023-03-31,0
2022-10-31,70220,2023-03-31,2,,,,,,,,,,,,,,,,,,,,,,,,,,,,,,,,,33460586,47215,33243019,false,false,6,2022-04-01,2022-09-30,0
2022-10-31,70220,2022-03-31,2,,,,,,,,,,,,,,,,,,,,,,,,,,,,,,,,,,,32942571,false,false,6,2021-04-01,2021-09-30,-1
2023-01-31,70220,2023-03-31,3,13305000000,0.009,,,,,-536000000,,-240000000,,,-259000000,,-7.79,,,,,,27653000000,7554000000,0.270,,7477000000,,,,,,,,,,,,true,false,9,2022-04-01,2022-12-31,0
2023-01-31,70220,2022-03-31,3,13191000000,-0.605,,,,,-197000000,,-165000000,,,92000000,,2.81,2.76,,,,,,,,,,,,,,,,,,,,,true,false,9,2021-04-01,2021-12-31,-1
2023-01-31,70220,2023-03-31,3,21000000000,0.097,,,,,500000000,1.242,500000000,1.438,,300000000,,9.09,,,,,,,,,,,,,,,,,,,,,,true,true,12,2022-04-01,2023-03-31,0
2023-01-31,70220,2022-03-31,3,,,,,,,,,,,,,,,,,,,,25428000000,7871000000,0.306,,7784000000,,,,,,,,,,,,true,false,12,2021-04-01,2022-03-31,-1
2023-01-31,70220,2022-03-31,3,,,,,,,,,,,,,,,,,,,,,,,,,,,,,5.00,,,,33137420,47214,,false,false,12,2021-04-01,2022-03-31,-1
2023-01-31,70220,2023-03-31,3,,,,,,,,,,,,,,,,,,,,,,,,,,,,,0.00,,,,,,,false,false,12,2022-04-01,2023-03-31,0
2023-01-31,70220,2023-03-31,3,,,,,,,,,,,,,,,,,,,,,,,,,,,,,5.00,,,,,,,false,true,12,2022-04-01,2023-03-31,0
2023-01-31,70220,2023-03-31,3,,,,,,,,,,,,,,,,,,,,,,,,,,,,,,,,,33460586,47215,33294125,false,false,9,2022-04-01,2022-12-31,0
2023-01-31,70220,2022-03-31,3,,,,,,,,,,,,,,,,,,,,,,,,,,,,,,,,,,,32982271,false,false,9,2021-04-01,2021-12-31,-1
2023-03-31,70220,2023-03-31,,20000000000,-0.048,,,,,-100000000,,190000000,-0.620,,300000000,,9.09,,,,,,,,,,,,,,,,,,,,,,true,true,12,2022-04-01,2023-03-31,0
2023-03-31,70220,2022-03-31,,19148000000,,,,,,222000000,,205000000,,,434000000,,13.17,,,,,,,,,,,,,,,,,,,,,,true,false,12,2021-04-01,2022-03-31,-1
2023-04-27,70220,2023-03-31,,20140000000,0.007,,,,,90000000,,390000000,1.053,,420000000,,12.77,,,,,,,,,,,,,,,,,,,,,,true,true,12,2022-04-01,2023-03-31,0
2023-04-27,70220,2022-03-31,,19148000000,,,,,,222000000,,205000000,,,434000000,,13.17,,,,,,,,,,,,,,,,,,,,,,true,false,12,2021-04-01,2022-03-31,-1
2023-05-12,70220,2023-03-31,,20145000000,0.052,,,,,95000000,-0.571,395000000,0.927,,425000000,,12.77,12.60,0.054,0.015,0.005,,25702000000,8010000000,0.309,237.40,7935000000,-534000000,-933000000,-597000000,1329000000,,0.392,,,,,,true,false,12,2022-04-01,2023-03-31,0
2023-05-12,70220,2022-03-31,,19148000000,-0.571,,,,,222000000,,205000000,,,434000000,,13.17,12.97,0.059,0.008,0.012,,25428000000,7871000000,0.306,235.25,7784000000,284000000,-1189000000,-1205000000,3376000000,,0.380,,,,,,true,false,12,2021-04-01,2022-03-31,-1
2023-05-12,70220,2024-03-31,,23000000000,0.142,,,,,500000000,4.229,500000000,0.265,,300000000,,9.00,,,,,,,,,,,,,,,,0.556,,,,,,true,true,12,2023-04-01,2024-03-31,1
2023-05-12,70220,2022-03-31,,,,,,,,,,,,,,,,,,,,,,,,,,,,,,5.00,,,,33137420,47214,33006648,false,false,12,2021-04-01,2022-03-31,-1
2023-05-12,70220,2023-03-31,,,,,,,,,,,,,,,,,,,,,,,,,,,,,,5.00,,,,33473786,47215,33324689,false,false,12,2022-04-01,2023-03-31,0
2023-05-12,70220,2024-03-31,,,,,,,,,,,,,,,,,,,,,,,,,,,,,,5.00,,,,,,,false,true,12,2023-04-01,2024-03-31,1
2023-07-31,70220,2024-03-31,1,3545000000,0.129,,,,,-620000000,,-520000000,,,-545000000,,-16.31,,,,,,26700000000,7531000000,0.279,,7456000000,,,,,,,,,,,,true,false,3,2023-04-01,2023-06-30,0
2023-07-31,70220,2023-03-31,1,3140000000,-0.180,,,,,-545000000,,-396000000,,,-387000000,,-11.70,,,,,,,,,,,,,,,,,,,,,,true,false,3,2022-04-01,2022-06-30,-1
2023-07-31,70220,2024-03-31,1,23000000000,0.142,,,,,500000000,4.229,500000000,0.265,,300000000,,9.00,,,,,,,,,,,,,,,,,,,,,,true,true,12,2023-04-01,2024-03-31,0
2023-07-31,70220,2023-03-31,1,,,,,,,,,,,,,,,,,,,,25702000000,8010000000,0.309,,7935000000,,,,,,,,,,,,true,false,12,2022-04-01,2023-03-31,-1
2023-07-31,70220,2023-03-31,1,,,,,,,,,,,,,,,,,,,,,,,,,,,,,5.00,,,,33473786,47215,,false,false,12,2022-04-01,2023-03-31,-1
2023-07-31,70220,2024-03-31,1,,,,,,,,,,,,,,,,,,,,,,,,,,,,,5.00,,,,,,,false,true,12,2023-04-01,2024-03-31,0
2023-07-31,70220,2024-03-31,1,,,,,,,,,,,,,,,,,,,,,,,,,,,,,,,,,33473786,47215,33426571,false,false,3,2023-04-01,2023-06-30,0
2023-07-31,70220,2023-03-31,1,,,,,,,,,,,,,,,,,,,,,,,,,,,,,,,,,,,33115256,false,false,3,2022-04-01,2022-06-30,-1
2023-10-31,70220,2024-03-31,2,8326000000,0.046,,,,,-877000000,,-788000000,,,-812000000,,-24.23,,,,,,27867000000,7549000000,0.268,,7478000000,,,,,,,,,,,,true,false,6,2023-04-01,2023-09-30,0
2023-10-31,70220,2023-03-31,2,7956000000,-0.035,,,,,-699000000,,-568000000,,,-555000000,,-16.71,,,,,,,,,,,,,,,,,,,,,,true,false,6,2022-04-01,2022-09-30,-1
2023-10-31,70220,2024-03-31,2,23000000000,0.142,,,,,500000000,4.229,500000000,0.265,,300000000,,9.00,,,,,,,,,,,,,,,,,,,,,,true,true,12,2023-04-01,2024-03-31,0
2023-10-31,70220,2023-03-31,2,,,,,,,,,,,,,,,,,,,,25702000000,8010000000,0.309,,7935000000,,,,,,,,,,,,true,false,12,2022-04-01,2023-03-31,-1
2023-10-31,70220,2023-03-31,2,,,,,,,,,,,,,,,,,,,,,,,,,,,,,5.00,,,,33473786,47215,,false,false,12,2022-04-01,2023-03-31,-1
2023-10-31,70220,2024-03-31,2,,,,,,,,,,,,,,,,,,,,,,,,,,,,,0.00,,,,,,,false,false,12,2023-04-01,2024-03-31,0
2023-10-31,70220,2024-03-31,2,,,,,,,,,,,,,,,,,,,,,,,,,,,,,5.00,,,,,,,false,true,12,2023-04-01,2024-03-31,0
2023-10-31,70220,2024-03-31,2,,,,,,,,,,,,,,,,,,,,,,,,,,,,,,,,,33752682,47235,33546089,false,false,6,2023-04-01,2023-09-30,0
2023-10-31,70220,2023-03-31,2,,,,,,,,,,,,,,,,,,,,,,,,,,,,,,,,,,,33243019,false,false,6,2022-04-01,2022-09-30,-1
2024-01-31,70220,2024-03-31,3,15277000000,0.148,,,,,-416000000,,-289000000,,,-410000000,,-12.23,,,,,,28360000000,7999000000,0.280,,7935000000,,,,,,,,,,,,true,false,9,2023-04-01,2023-12-31,0
2024-01-31,70220,2023-03-31,3,13305000000,0.009,,,,,-536000000,,-240000000,,,-259000000,,-7.79,,,,,,,,,,,,,,,,,,,,,,true,false,9,2022-04-01,2022-12-31,-1
2024-01-31,70220,2024-03-31,3,23000000000,0.142,,,,,500000000,4.229,500000000,0.265,,300000000,,9.00,,,,,,,,,,,,,,,,,,,,,,true,true,12,2023-04-01,2024-03-31,0
2024-01-31,70220,2023-03-31,3,,,,,,,,,,,,,,,,,,,,25702000000,8010000000,0.309,,7935000000,,,,,,,,,,,,true,false,12,2022-04-01,2023-03-31,-1
2024-01-31,70220,2023-03-31,3,,,,,,,,,,,,,,,,,,,,,,,,,,,,,5.00,,,,33473786,47215,,false,false,12,2022-04-01,2023-03-31,-1
2024-01-31,70220,2024-03-31,3,,,,,,,,,,,,,,,,,,,,,,,,,,,,,0.00,,,,,,,false,false,12,2023-04-01,2024-03-31,0
2024-01-31,70220,2024-03-31,3,,,,,,,,,,,,,,,,,,,,,,,,,,,,,5.00,,,,,,,false,true,12,2023-04-01,2024-03-31,0
2024-01-31,70220,2024-03-31,3,,,,,,,,,,,,,,,,,,,,,,,,,,,,,,,,,33786282,47236,33603976,false,false,9,2023-04-01,2023-12-31,0
2024-01-31,70220,2023-03-31,3,,,,,,,,,,,,,,,,,,,,,,,,,,,,,,,,,,,33294125,false,false,9,2022-04-01,2022-12-31,-1
2024-03-29,70220,2024-03-31,,23300000000,0.013,,,,,400000000,-0.200,500000000,0.000,,400000000,,11.90,,,,,,,,,,,,,,,,,,,,,,true,true,12,2023-04-01,2024-03-31,0
2024-03-29,70220,2023-03-31,,20145000000,,,,,,95000000,,395000000,,,425000000,,12.77,,,,,,,,,,,,,,,,,,,,,,true,false,12,2022-04-01,2023-03-31,-1
2024-05-13,70220,2024-03-31,,23352000000,0.159,,,,,509000000,4.331,636000000,0.609,,459000000,,13.65,13.51,0.055,0.024,0.022,,27249000000,8961000000,0.327,263.62,8901000000,1610000000,-804000000,-583000000,1566000000,,0.366,,,,,,true,false,12,2023-04-01,2024-03-31,0
2024-05-13,70220,2023-03-31,,20145000000,0.052,,,,,95000000,-0.571,395000000,0.927,,425000000,,12.77,12.60,0.054,0.015,0.005,,25702000000,8010000000,0.309,237.40,7935000000,-534000000,-933000000,-597000000,1329000000,,0.392,,,,,,true,false,12,2022-04-01,2023-03-31,-1
2024-05-13,70220,2025-03-31,,23500000000,0.006,,,,,100000000,-0.804,200000000,-0.686,,200000000,,5.95,,,,,,,,,,,,,,,,0.841,,,,,,true,true,12,2024-04-01,2025-03-31,1
2024-05-13,70220,2023-03-31,,,,,,,,,,,,,,,,,,,,,,,,,,,,,,5.00,,,,33473786,47215,33324689,false,false,12,2022-04-01,2023-03-31,-1
2024-05-13,70220,2024-03-31,,,,,,,,,,,,,,,,,,,,,,,,,,,,,,5.00,,,,33814782,47248,33639530,false,false,12,2023-04-01,2024-03-31,0
2024-05-13,70220,2025-03-31,,,,,,,,,,,,,,,,,,,,,,,,,,,,,,5.00,,,,,,,false,true,12,2024-04-01,2025-03-31,1
2024-07-31,70220,2025-03-31,1,4718000000,0.331,,,,,-296000000,,-274000000,,,-294000000,,-8.85,,,,,,27405000000,8603000000,0.312,,8543000000,,,,,,,,,,,,true,false,3,2024-04-01,2024-06-30,0
2024-07-31,70220,2024-03-31,1,3545000000,0.129,,,,,-620000000,,-520000000,,,-545000000,,-16.31,,,,,,,,,,,,,,,,,,,,,,true,false,3,2023-04-01,2023-06-30,-1
2024-07-31,70220,2025-03-31,1,23500000000,0.006,,,,,100000000,-0.804,200000000,-0.686,,200000000,,5.95,,,,,,,,,,,,,,,,,,,,,,true,true,12,2024-04-01,2025-03-31,0
2024-07-31,70220,2024-03-31,1,,,,,,,,,,,,,,,,,,,,27249000000,9137000000,0.333,,9078000000,,,,,,,,,,,,true,false,12,2023-04-01,2024-03-31,-1
2024-07-31,70220,2024-03-31,1,,,,,,,,,,,,,,,,,,,,,,,,,,,,,5.00,,,,33814782,47248,,false,false,12,2023-04-01,2024-03-31,-1
2024-07-31,70220,2025-03-31,1,,,,,,,,,,,,,,,,,,,,,,,,,,,,,5.00,,,,,,,false,true,12,2024-04-01,2025-03-31,0
2024-07-31,70220,2025-03-31,1,,,,,,,,,,,,,,,,,,,,,,,,,,,,,,,,,33814782,779294,33218499,false,false,3,2024-04-01,2024-06-30,0
2024-07-31,70220,2024-03-31,1,,,,,,,,,,,,,,,,,,,,,,,,,,,,,,,,,,,33426571,false,false,3,2023-04-01,2023-06-30,-1
2024-10-31,70220,2025-03-31,2,10242000000,0.230,,,,,-270000000,,-283000000,,,-218000000,,-6.57,,,,,,28305000000,8641000000,0.303,,8581000000,,,,,,,,,,,,true,false,6,2024-04-01,2024-09-30,0
2024-10-31,70220,2024-03-31,2,8326000000,0.046,,,,,-877000000,,-788000000,,,-812000000,,-24.23,,,,,,,,,,,,,,,,,,,,,,true,false,6,2023-04-01,2023-09-30,-1
2024-10-31,70220,2025-03-31,2,24000000000,0.028,,,,,200000000,-0.608,300000000,-0.528,,300000000,,9.03,,,,,,,,,,,,,,,,,,,,,,true,true,12,2024-04-01,2025-03-31,0
2024-10-31,70220,2024-03-31,2,,,,,,,,,,,,,,,,,,,,27249000000,9137000000,0.333,,9078000000,,,,,,,,,,,,true,false,12,2023-04-01,2024-03-31,-1
2024-10-31,70220,2024-03-31,2,,,,,,,,,,,,,,,,,,,,,,,,,,,,,5.00,,,,33814782,47248,,false,false,12,2023-04-01,2024-03-31,-1
2024-10-31,70220,2025-03-31,2,,,,,,,,,,,,,,,,,,,,,,,,,,,,,0.00,,,,,,,false,false,12,2024-04-01,2025-03-31,0
2024-10-31,70220,2025-03-31,2,,,,,,,,,,,,,,,,,,,,,,,,,,,,,5.00,,,,,,,false,true,12,2024-04-01,2025-03-31,0
2024-10-31,70220,2025-03-31,2,,,,,,,,,,,,,,,,,,,,,,,,,,,,,,,,,33814782,615473,33210275,false,false,6,2024-04-01,2024-09-30,0
2024-10-31,70220,2024-03-31,2,,,,,,,,,,,,,,,,,,,,,,,,,,,,,,,,,,,33546089,false,false,6,2023-04-01,2023-09-30,-1
2025-01-30,70220,2025-03-31,3,15961000000,0.045,,,,,38000000,,118000000,,,169000000,,5.10,5.04,,,,,30755000000,9168000000,0.296,,9110000000,,,,,,,,,,,,true,false,9,2024-04-01,2024-12-31,0
2025-01-30,70220,2024-03-31,3,15277000000,0.148,,,,,-416000000,,-289000000,,,-410000000,,-12.23,,,,,,,,,,,,,,,,,,,,,,true,false,9,2023-04-01,2023-12-31,-1
2025-01-30,70220,2025-03-31,3,24000000000,0.028,,,,,350000000,-0.313,400000000,-0.371,,400000000,,12.04,,,,,,,,,,,,,,,,,,,,,,true,true,12,2024-04-01,2025-03-31,0
2025-01-30,70220,2024-03-31,3,,,,,,,,,,,,,,,,,,,,27249000000,9137000000,0.333,,9078000000,,,,,,,,,,,,true,false,12,2023-04-01,2024-03-31,-1
2025-01-30,70220,2024-03-31,3,,,,,,,,,,,,,,,,,,,,,,,,,,,,,5.00,,,,33814782,47248,,false,false,12,2023-04-01,2024-03-31,-1
2025-01-30,70220,2025-03-31,3,,,,,,,,,,,,,,,,,,,,,,,,,,,,,0.00,,,,,,,false,false,12,2024-04-01,2025-03-31,0
2025-01-30,70220,2025-03-31,3,,,,,,,,,,,,,,,,,,,,,,,,,,,,,5.00,,,,,,,false,true,12,2024-04-01,2025-03-31,0
2025-01-30,70220,2025-03-31,3,,,,,,,,,,,,,,,,,,,,,,,,,,,,,,,,,33827582,615473,33209545,false,false,9,2024-04-01,2024-12-31,0
2025-01-30,70220,2024-03-31,3,,,,,,,,,,,,,,,,,,,,,,,,,,,,,,,,,,,33603976,false,false,9,2023-04-01,2023-12-31,-1
2025-04-30,70220,2025-03-31,,25000000000,0.042,,,,,1060000000,2.029,1070000000,1.675,,1170000000,,34.49,,,,,,,,,,,,,,,,,,,,,,true,true,12,2024-04-01,2025-03-31,0
2025-04-30,70220,2024-03-31,,23352000000,,,,,,509000000,,636000000,,,459000000,,13.65,,,,,,,,,,,,,,,,,,,,,,true,false,12,2023-04-01,2024-03-31,-1
2025-05-12,70220,2025-03-31,,25006000000,0.071,,,,,1065000000,1.090,1073000000,0.688,,1182000000,,35.59,35.32,0.123,0.039,0.043,,27675000000,10171000000,0.366,304.11,10129000000,1500000000,-817000000,-337000000,1956000000,,0.211,,,,,,true,false,12,2024-04-01,2025-03-31,0
2025-05-12,70220,2024-03-31,,23352000000,0.159,,,,,509000000,4.331,636000000,0.609,,459000000,,13.65,13.51,0.054,0.024,0.022,,27249000000,9137000000,0.333,268.84,9078000000,1610000000,-804000000,-583000000,1566000000,,0.366,,,,,,true,false,12,2023-04-01,2024-03-31,-1
2025-05-12,70220,2026-03-31,,27000000000,0.080,,,,,800000000,-0.249,800000000,-0.255,,700000000,,22.63,,,,,,,,,,,,,,,,,,,,,,true,true,12,2025-04-01,2026-03-31,1
2025-05-12,70220,2024-03-31,,,,,,,,,,,,,,,,,,,,,,,,,,,,,,5.00,,,,33814782,47248,33639530,false,false,12,2023-04-01,2024-03-31,-1
2025-05-12,70220,2025-03-31,,,,,,,,,,,,,,,,,,,,,,,,,,,,,,7.50,,,,33924582,615473,33231329,false,false,12,2024-04-01,2025-03-31,0
