filing_date,code,fiscal_year_end,quarterly_period,net_sales,net_sales_change,revenue,revenue_change,operating_revenue,operating_revenue_change,operating_profit,operating_profit_change,ordinary_profit,ordinary_profit_change,net_income,net_income_of_parent,net_income_change,eps,diluted_eps,roe,roa,operating_profit_to_net_sales,operating_profit_to_revenue,total_assets,net_assets,equity_ratio,bps,owner_equity,operating_cash_flow,investing_cash_flow,financing_cash_flow,cash,dividend_per_share,payout_ratio,commemorative_dividend,extra_dividend,number_of_shares,number_of_treqsury_shares,avg_number_of_shares,is_consolidated,is_forecast,duration,period_start,period_end,period_pos
2015-06-15,71480,2015-09-30,,14281000000,0.173,,,,,9493000000,0.220,9490000000,0.232,5925000000,,0.241,63.06,,,,,,,,,,,,,,,,,,,,,,true,true,12,2014-10-01,2015-09-30,0
2015-06-15,71480,2014-09-30,,6257000000,,,,,,3461000000,,3263000000,,1988000000,,,24.07,,,,,,,,,,,,,,,,,,,,,,true,false,12,2013-10-01,2014-09-30,-1
2015-07-30,71480,2015-09-30,3,12146000000,1.532,,,,,8578000000,2.135,8660000000,2.467,5525000000,,2.635,58.85,58.31,,,,,55080000000,15344000000,0.277,,15278000000,,,,,,,,,,,,true,false,9,2014-10-01,2015-06-30,0
2015-07-30,71480,2014-09-30,3,4797000000,0.685,,,,,2736000000,0.852,2498000000,0.842,1519000000,,0.859,19.27,19.01,,,,,,,,,,,,,,,,,,,,,true,false,9,2013-10-01,2014-06-30,-1
2015-07-30,71480,2015-09-30,3,14281000000,1.282,,,,,9493000000,1.742,9490000000,1.908,5925000000,,1.979,63.06,,,,,,,,,,,,,,,,,,,,,,true,true,12,2014-10-01,2015-09-30,0
2015-07-30,71480,2014-09-30,3,,,,,,,,,,,,,,,,,,,,44016000000,10549000000,0.240,,10549000000,,,,,,,,,,,,true,false,12,2013-10-01,2014-09-30,-1
2015-07-30,71480,2014-09-30,3,,,,,,,,,,,,,,,,,,,,,,,,,,,,,26.00,,,,93813600,6453,,false,false,12,2013-10-01,2014-09-30,-1
2015-07-30,71480,2015-09-30,3,,,,,,,,,,,,,,,,,,,,,,,,,,,,,0.00,,,,,,,false,false,12,2014-10-01,2015-09-30,0
2015-07-30,71480,2015-09-30,3,,,,,,,,,,,,,,,,,,,,,,,,,,,,,23.00,,,,,,,false,true,12,2014-10-01,2015-09-30,0
2015-07-30,71480,2015-09-30,3,,,,,,,,,,,,,,,,,,,,,,,,,,,,,,,,,94137600,6673,93892919,false,false,9,2014-10-01,2015-06-30,0
2015-07-30,71480,2014-09-30,3,,,,,,,,,,,,,,,,,,,,,,,,,,,,,,,,,,,78856413,false,false,9,2013-10-01,2014-06-30,-1
,71480,2015-09-30,,,,,,,,,,,,,,,,,,,,,,,,,,,,,,23.00,,,,,,,false,true,12,2014-10-01,2015-09-30,0
,71480,2015-09-30,,,,,,,,,,,,,,,,,,,,,,,,,,,,,,0.00,,,,,,,false,false,12,2014-10-01,2015-09-30,0
,71480,2014-09-30,,,,,,,,,,,,,,,,,,,,,,,,,,,,,,26.00,,,,,,,false,false,12,2013-10-01,2014-09-30,-1
2015-10-30,71480,2015-09-30,,15313000000,1.447,,,,,10081000000,1.913,10051000000,2.080,6343000000,,2.190,67.52,66.94,0.476,0.178,0.658,,69087000000,16176000000,0.233,170.65,16091000000,-3250000000,-1443000000,7888000000,7384000000,,0.363,,,,,,true,false,12,2014-10-01,2015-09-30,0
2015-10-30,71480,2014-09-30,,6257000000,0.559,,,,,3461000000,0.661,3263000000,0.664,1988000000,,0.677,24.07,23.77,0.264,0.102,0.553,,44016000000,10549000000,0.240,112.46,10549000000,-13024000000,-730000000,14000000000,4092000000,,0.360,,,,,,true,false,12,2013-10-01,2014-09-30,-1
2015-10-30,71480,2016-09-30,,8747000000,0.061,,,,,5861000000,-0.002,5793000000,-0.010,,3637000000,,38.58,,,,,,,,,,,,,,,,,,,,,,true,true,6,2015-10-01,2016-03-31,1
2015-10-30,71480,2016-09-30,,16957000000,0.107,,,,,11090000000,0.100,11245000000,0.119,,7064000000,,74.92,,,,,,,,,,,,,,,,0.360,,,,,,true,true,12,2015-10-01,2016-09-30,1
2015-10-30,71480,2015-09-30,,14634000000,1.497,,,,,10270000000,2.114,10330000000,2.372,6631000000,,2.650,70.58,69.98,,,,,61075000000,16254000000,0.266,172.38,16254000000,,,,,24.50,,,,94299600,6673,93960012,false,false,12,2014-10-01,2015-09-30,0
2015-10-30,71480,2014-09-30,,5860000000,0.462,,,,,3298000000,0.537,3063000000,0.523,1817000000,,0.469,22.00,21.72,,,,,40146000000,10408000000,0.259,110.96,10408000000,,,,,26.00,,,,93813600,6453,82614018,false,false,12,2013-10-01,2014-09-30,-1
2015-10-30,71480,2016-09-30,,,,,,,,,,,,,,,,,,,,,,,,,,,,,,27.00,,,,,,,false,true,12,2015-10-01,2016-09-30,1
2016-01-29,71480,2016-09-30,1,5798000000,0.352,,,,,4091000000,0.278,4191000000,0.344,,2753000000,,29.26,29.11,,,,,79048000000,13097000000,0.164,,12994000000,,,,,,,,,,,,true,false,3,2015-10-01,2015-12-31,0
2016-01-29,71480,2015-09-30,1,4288000000,2.729,,,,,3200000000,5.529,3119000000,8.835,,1994000000,,21.27,21.07,,,,,,,,,,,,,,,,,,,,,true,false,3,2014-10-01,2014-12-31,-1
2016-01-29,71480,2016-09-30,1,10063000000,0.220,,,,,6903000000,0.175,6931000000,0.185,,4489000000,,48.82,,,,,,,,,,,,,,,,,,,,,,true,true,6,2015-10-01,2016-03-31,0
2016-01-29,71480,2016-09-30,1,18273000000,0.193,,,,,12132000000,0.203,12384000000,0.232,,7915000000,,87.10,,,,,,,,,,,,,,,,,,,,,,true,true,12,2015-10-01,2016-09-30,0
2016-01-29,71480,2015-09-30,1,,,,,,,,,,,,,,,,,,,,69087000000,16176000000,0.233,,16091000000,,,,,,,,,,,,true,false,12,2014-10-01,2015-09-30,-1
2016-01-29,71480,2015-09-30,1,,,,,,,,,,,,,,,,,,,,,,,,,,,,,24.50,,,,94299600,6673,,false,false,12,2014-10-01,2015-09-30,-1
2016-01-29,71480,2016-09-30,1,,,,,,,,,,,,,,,,,,,,,,,,,,,,,27.00,,,,,,,false,true,12,2015-10-01,2016-09-30,0
2016-01-29,71480,2016-09-30,1,,,,,,,,,,,,,,,,,,,,,,,,,,,,,,,,,94299600,4506673,94097275,false,false,3,2015-10-01,2015-12-31,0
2016-01-29,71480,2015-09-30,1,,,,,,,,,,,,,,,,,,,,,,,,,,,,,,,,,,,93807147,false,false,3,2014-10-01,2014-12-31,-1
2016-01-29,71480,2016-09-30,,10063000000,0.150,,,,,6903000000,0.178,6931000000,0.196,,4489000000,,48.82,,,,,,,,,,,,,,,,,,,,,,true,true,6,2015-10-01,2016-03-31,0
2016-01-29,71480,2015-09-30,,8246000000,,,,,,5874000000,,5849000000,,,3700000000,,39.44,,,,,,,,,,,,,,,,,,,,,,true,false,6,2014-10-01,2015-03-31,-1
2016-01-29,71480,2016-09-30,,18273000000,0.078,,,,,12132000000,0.094,12384000000,0.101,,7915000000,,87.10,,,,,,,,,,,,,,,,,,,,,,true,true,12,2015-10-01,2016-09-30,0
2016-01-29,71480,2015-09-30,,15313000000,,,,,,10081000000,,10051000000,,,6343000000,,67.52,,,,,,,,,,,,,,,,,,,,,,true,false,12,2014-10-01,2015-09-30,-1
2016-04-28,71480,2016-09-30,2,10598000000,0.285,,,,,7104000000,0.209,7128000000,0.219,,4542000000,,49.40,49.13,,,,,69544000000,14849000000,0.212,,14748000000,,,,,,,,,,,,true,false,6,2015-10-01,2016-03-31,0
2016-04-28,71480,2015-09-30,2,8246000000,1.665,,,,,5874000000,2.355,5849000000,2.939,,3700000000,,39.44,39.06,,,,,,,,,,,,,,,,,,,,,true,false,6,2014-10-01,2015-03-31,-1
2016-04-28,71480,2016-09-30,2,19388000000,0.266,,,,,12542000000,0.244,12666000000,0.260,,8041000000,,88.43,,,,,,,,,,,,,,,,,,,,,,true,true,12,2015-10-01,2016-09-30,0
2016-04-28,71480,2015-09-30,2,,,,,,,,,,,,,,,,,,,,69087000000,16176000000,0.233,,16091000000,,,,,,,,,,,,true,false,12,2014-10-01,2015-09-30,-1
2016-04-28,71480,2015-09-30,2,,,,,,,,,,,,,,,,,,,,,,,,,,,,,24.50,,,,94299600,6673,,false,false,12,2014-10-01,2015-09-30,-1
2016-04-28,71480,2016-09-30,2,,,,,,,,,,,,,,,,,,,,,,,,,,,,,0.00,,,,,,,false,false,12,2015-10-01,2016-09-30,0
2016-04-28,71480,2016-09-30,2,,,,,,,,,,,,,,,,,,,,,,,,,,,,,35.50,,,,,,,false,true,12,2015-10-01,2016-09-30,0
2016-04-28,71480,2016-09-30,2,,,,,,,,,,,,,,,,,,,,,,,,,,,,,,,,,94407600,4506673,91966894,false,false,6,2015-10-01,2016-03-31,0
2016-04-28,71480,2015-09-30,2,,,,,,,,,,,,,,,,,,,,,,,,,,,,,,,,,,,93824058,false,false,6,2014-10-01,2015-03-31,-1
2016-07-29,71480,2016-09-30,3,14696000000,0.210,,,,,9475000000,0.105,9592000000,0.108,,6178000000,,67.68,67.34,,,,,93344000000,16340000000,0.174,,16250000000,,,,,,,,,,,,true,false,9,2015-10-01,2016-06-30,0
2016-07-29,71480,2015-09-30,3,12146000000,1.532,,,,,8578000000,2.135,8660000000,2.467,,5525000000,,58.85,58.31,,,,,,,,,,,,,,,,,,,,,true,false,9,2014-10-01,2015-06-30,-1
2016-07-29,71480,2016-09-30,3,19388000000,0.266,,,,,12542000000,0.244,12666000000,0.260,,8041000000,,88.41,,,,,,,,,,,,,,,,,,,,,,true,true,12,2015-10-01,2016-09-30,0
2016-07-29,71480,2015-09-30,3,,,,,,,,,,,,,,,,,,,,69087000000,16176000000,0.233,,16091000000,,,,,,,,,,,,true,false,12,2014-10-01,2015-09-30,-1
2016-07-29,71480,2015-09-30,3,,,,,,,,,,,,,,,,,,,,,,,,,,,,,24.50,,,,94299600,6673,,false,false,12,2014-10-01,2015-09-30,-1
2016-07-29,71480,2016-09-30,3,,,,,,,,,,,,,,,,,,,,,,,,,,,,,0.00,,,,,,,false,false,12,2015-10-01,2016-09-30,0
2016-07-29,71480,2016-09-30,3,,,,,,,,,,,,,,,,,,,,,,,,,,,,,35.50,,,,,,,false,true,12,2015-10-01,2016-09-30,0
2016-07-29,71480,2016-09-30,3,,,,,,,,,,,,,,,,,,,,,,,,,,,,,,,,,94461600,4506692,91289813,false,false,9,2015-10-01,2016-06-30,0
2016-07-29,71480,2015-09-30,3,,,,,,,,,,,,,,,,,,,,,,,,,,,,,,,,,,,93892919,false,false,9,2014-10-01,2015-06-30,-1
2016-10-31,71480,2016-09-30,,18894000000,0.234,,,,,11853000000,0.176,11906000000,0.184,,7644000000,,84.05,83.65,0.452,0.158,0.627,,81222000000,17809000000,0.218,196.86,17708000000,-1692000000,-414000000,3578000000,8671000000,,0.422,,,,,,true,false,12,2015-10-01,2016-09-30,0
2016-10-31,71480,2015-09-30,,15313000000,1.447,,,,,10081000000,1.913,10051000000,2.080,,6343000000,,67.52,66.94,0.476,0.178,0.658,,69087000000,16176000000,0.233,170.65,16091000000,-3250000000,-1443000000,7888000000,7384000000,,0.363,,,,,,true,false,12,2014-10-01,2015-09-30,-1
2016-10-31,71480,2017-09-30,,10459000000,-0.013,,,,,6330000000,-0.109,6378000000,-0.105,,4145000000,,46.08,,,,,,,,,,,,,,,,,,,,,,true,true,6,2016-10-01,2017-03-31,1
2016-10-31,71480,2017-09-30,,21234000000,0.124,,,,,12944000000,0.092,12936000000,0.087,,8353000000,,92.87,,,,,,,,,,,,,,,,0.400,,,,,,true,true,12,2016-10-01,2017-09-30,1
2016-10-31,71480,2016-09-30,,17671000000,0.208,,,,,12034000000,0.172,12127000000,0.174,7846000000,,0.183,86.27,85.86,,,,,74829000000,18277000000,0.244,203.18,18277000000,,,,,35.50,,,,94461600,4506692,90954263,false,false,12,2015-10-01,2016-09-30,0
2016-10-31,71480,2015-09-30,,14634000000,1.497,,,,,10270000000,2.114,10330000000,2.372,6631000000,,2.650,70.58,69.98,,,,,61075000000,16254000000,0.266,172.38,16254000000,,,,,24.50,,,,94299600,6673,93960012,false,false,12,2014-10-01,2015-09-30,-1
2016-10-31,71480,2017-09-30,,,,,,,,,,,,,,,,,,,,,,,,,,,,,,37.15,,,,,,,false,true,12,2016-10-01,2017-09-30,1
2017-01-31,71480,2017-09-30,1,4743000000,-0.182,,,,,3020000000,-0.262,3240000000,-0.227,,2227000000,,24.76,24.66,,,,,70915000000,17080000000,0.239,,16915000000,,,,,,,,,,,,true,false,3,2016-10-01,2016-12-31,0
2017-01-31,71480,2016-09-30,1,5798000000,0.352,,,,,4091000000,0.278,4191000000,0.344,,2753000000,,29.26,29.11,,,,,,,,,,,,,,,,,,,,,true,false,3,2015-10-01,2015-12-31,-1
2017-01-31,71480,2017-09-30,1,10459000000,-0.013,,,,,6330000000,-0.109,6378000000,-0.105,,4145000000,,46.08,,,,,,,,,,,,,,,,,,,,,,true,true,6,2016-10-01,2017-03-31,0
2017-01-31,71480,2017-09-30,1,21234000000,0.124,,,,,12944000000,0.092,12936000000,0.087,,8353000000,,92.87,,,,,,,,,,,,,,,,,,,,,,true,true,12,2016-10-01,2017-09-30,0
2017-01-31,71480,2016-09-30,1,,,,,,,,,,,,,,,,,,,,81222000000,17809000000,0.218,,17708000000,,,,,,,,,,,,true,false,12,2015-10-01,2016-09-30,-1
2017-01-31,71480,2016-09-30,1,,,,,,,,,,,,,,,,,,,,,,,,,,,,,35.50,,,,94461600,4506692,,false,false,12,2015-10-01,2016-09-30,-1
2017-01-31,71480,2017-09-30,1,,,,,,,,,,,,,,,,,,,,,,,,,,,,,37.15,,,,,,,false,true,12,2016-10-01,2017-09-30,0
2017-01-31,71480,2017-09-30,1,,,,,,,,,,,,,,,,,,,,,,,,,,,,,,,,,94461600,4506692,89954908,false,false,3,2016-10-01,2016-12-31,0
2017-01-31,71480,2016-09-30,1,,,,,,,,,,,,,,,,,,,,,,,,,,,,,,,,,,,94097275,false,false,3,2015-10-01,2015-12-31,-1
2017-04-13,71480,2017-09-30,,12000000000,0.147,,,,,8000000000,0.264,8200000000,0.286,,5600000000,,62.25,,,,,,,,,,,,,,,,,,,,,,true,true,6,2016-10-01,2017-03-31,0
2017-04-13,71480,2016-09-30,,10598000000,,,,,,7104000000,,7128000000,,,4542000000,,49.40,,,,,,,,,,,,,,,,,,,,,,true,false,6,2015-10-01,2016-03-31,-1
2017-04-28,71480,2017-09-30,2,12136000000,0.145,,,,,8262000000,0.163,8464000000,0.187,,5843000000,,64.96,64.71,,,,,64507000000,21751000000,0.318,,20519000000,,,,,,,,,,,,true,false,6,2016-10-01,2017-03-31,0
2017-04-28,71480,2016-09-30,2,10598000000,0.285,,,,,7104000000,0.209,7128000000,0.219,,4542000000,,49.40,49.13,,,,,,,,,,,,,,,,,,,,,true,false,6,2015-10-01,2016-03-31,-1
2017-04-28,71480,2017-09-30,2,21234000000,0.124,,,,,12944000000,0.092,12936000000,0.087,,8353000000,,92.87,,,,,,,,,,,,,,,,,,,,,,true,true,12,2016-10-01,2017-09-30,0
2017-04-28,71480,2016-09-30,2,,,,,,,,,,,,,,,,,,,,81222000000,17809000000,0.218,,17708000000,,,,,,,,,,,,true,false,12,2015-10-01,2016-09-30,-1
2017-04-28,71480,2016-09-30,2,,,,,,,,,,,,,,,,,,,,,,,,,,,,,35.50,,,,94461600,4506692,,false,false,12,2015-10-01,2016-09-30,-1
2017-04-28,71480,2017-09-30,2,,,,,,,,,,,,,,,,,,,,,,,,,,,,,0.00,,,,,,,false,false,12,2016-10-01,2017-09-30,0
2017-04-28,71480,2017-09-30,2,,,,,,,,,,,,,,,,,,,,,,,,,,,,,37.15,,,,,,,false,true,12,2016-10-01,2017-09-30,0
2017-04-28,71480,2017-09-30,2,,,,,,,,,,,,,,,,,,,,,,,,,,,,,,,,,94461600,4506692,89954908,false,false,6,2016-10-01,2017-03-31,0
2017-04-28,71480,2016-09-30,2,,,,,,,,,,,,,,,,,,,,,,,,,,,,,,,,,,,91966894,false,false,6,2015-10-01,2016-03-31,-1
2017-07-28,71480,2017-09-30,3,17155000000,0.167,,,,,11336000000,0.196,11677000000,0.217,,8073000000,,89.73,89.39,,,,,73383000000,24062000000,0.311,,22819000000,,,,,,,,,,,,true,false,9,2016-10-01,2017-06-30,0
2017-07-28,71480,2016-09-30,3,14696000000,0.210,,,,,9475000000,0.105,9592000000,0.108,,6178000000,,67.68,67.34,,,,,,,,,,,,,,,,,,,,,true,false,9,2015-10-01,2016-06-30,-1
2017-07-28,71480,2017-09-30,3,21234000000,0.124,,,,,13302000000,0.122,13264000000,0.114,,9150000000,,101.66,,,,,,,,,,,,,,,,,,,,,,true,true,12,2016-10-01,2017-09-30,0
2017-07-28,71480,2016-09-30,3,,,,,,,,,,,,,,,,,,,,81222000000,17809000000,0.218,,17708000000,,,,,,,,,,,,true,false,12,2015-10-01,2016-09-30,-1
2017-07-28,71480,2016-09-30,3,,,,,,,,,,,,,,,,,,,,,,,,,,,,,35.50,,,,94461600,4506692,,false,false,12,2015-10-01,2016-09-30,-1
2017-07-28,71480,2017-09-30,3,,,,,,,,,,,,,,,,,,,,,,,,,,,,,0.00,,,,,,,false,false,12,2016-10-01,2017-09-30,0
2017-07-28,71480,2017-09-30,3,,,,,,,,,,,,,,,,,,,,,,,,,,,,,37.15,,,,,,,false,true,12,2016-10-01,2017-09-30,0
2017-07-28,71480,2017-09-30,3,,,,,,,,,,,,,,,,,,,,,,,,,,,,,,,,,94569600,4506692,89973501,false,false,9,2016-10-01,2017-06-30,0
2017-07-28,71480,2016-09-30,3,,,,,,,,,,,,,,,,,,,,,,,,,,,,,,,,,,,91289813,false,false,9,2015-10-01,2016-06-30,-1
2017-07-28,71480,2017-09-30,,21234000000,,,,,,13302000000,0.028,13264000000,0.025,,9150000000,,101.66,,,,,,,,,,,,,,,,,,,,,,true,true,12,2016-10-01,2017-09-30,0
2017-07-28,71480,2016-09-30,,18894000000,,,,,,11853000000,,11906000000,,,7644000000,,84.05,,,,,,,,,,,,,,,,,,,,,,true,false,12,2015-10-01,2016-09-30,-1
2016-10-31,71480,2016-09-30,,18894000000,0.234,,,,,11853000000,0.176,11906000000,0.184,,7644000000,,84.05,83.65,0.452,0.158,0.627,,81222000000,17809000000,0.218,196.86,17708000000,-1692000000,-414000000,3578000000,8671000000,,0.422,,,,,,true,false,12,2015-10-01,2016-09-30,0
2016-10-31,71480,2015-09-30,,15313000000,1.447,,,,,10081000000,1.913,10051000000,2.080,,6343000000,,67.52,66.94,0.476,0.178,0.658,,69087000000,16176000000,0.233,170.65,16091000000,-3250000000,-1443000000,7888000000,7384000000,,0.363,,,,,,true,false,12,2014-10-01,2015-09-30,-1
2016-10-31,71480,2017-09-30,,10459000000,-0.013,,,,,6330000000,-0.109,6378000000,-0.105,,4145000000,,46.08,,,,,,,,,,,,,,,,,,,,,,true,true,6,2016-10-01,2017-03-31,1
2016-10-31,71480,2017-09-30,,21234000000,0.124,,,,,12944000000,0.092,12936000000,0.087,,8353000000,,92.87,,,,,,,,,,,,,,,,0.400,,,,,,true,true,12,2016-10-01,2017-09-30,1
2016-10-31,71480,2016-09-30,,17671000000,0.208,,,,,12034000000,0.172,12127000000,0.174,7846000000,,0.183,86.27,85.86,,,,,74829000000,18277000000,0.244,203.18,18277000000,,,,,35.50,,,,94461600,4506692,90954263,false,false,12,2015-10-01,2016-09-30,0
2016-10-31,71480,2015-09-30,,14634000000,1.497,,,,,10270000000,2.114,10330000000,2.372,6631000000,,2.650,70.58,69.98,,,,,61075000000,16254000000,0.266,172.38,16254000000,,,,,24.50,,,,94299600,6673,93960012,false,false,12,2014-10-01,2015-09-30,-1
2016-10-31,71480,2017-09-30,,,,,,,,,,,,,,,,,,,,,,,,,,,,,,37.15,,,,,,,false,true,12,2016-10-01,2017-09-30,1
2017-10-31,71480,2017-09-30,,21071000000,0.115,,,,,13417000000,0.132,13711000000,0.152,,9580000000,,106.44,106.08,0.455,0.167,0.637,,82799000000,25624000000,0.295,270.60,24385000000,3030000000,-25000000,741000000,12602000000,,0.430,,,,,,true,false,12,2016-10-01,2017-09-30,0
2017-10-31,71480,2016-09-30,,18894000000,0.234,,,,,11853000000,0.176,11906000000,0.184,,7644000000,,84.05,83.65,0.452,0.158,0.627,,81222000000,17809000000,0.218,196.86,17708000000,-1692000000,-414000000,3578000000,8671000000,,0.422,,,,,,true,false,12,2015-10-01,2016-09-30,-1
2017-10-31,71480,2018-09-30,,10519000000,-0.133,,,,,6156000000,-0.255,6066000000,-0.283,,4186000000,,46.45,,,,,,,,,,,,,,,,,,,,,,true,true,6,2017-10-01,2018-03-31,1
2017-10-31,71480,2018-09-30,,23701000000,0.125,,,,,14753000000,0.100,14928000000,0.089,,10313000000,,114.45,,,,,,,,,,,,,,,,0.430,,,,,,true,true,12,2017-10-01,2018-09-30,1
2017-10-31,71480,2017-09-30,,19872000000,0.125,,,,,13621000000,0.132,13649000000,0.126,9506000000,,0.212,105.62,105.26,,,,,76965000000,24599000000,0.320,272.98,24599000000,,,,,45.80,,,,94623600,4506692,90007724,false,false,12,2016-10-01,2017-09-30,0
2017-10-31,71480,2016-09-30,,17671000000,0.208,,,,,12034000000,0.172,12127000000,0.174,7846000000,,0.183,86.27,85.86,,,,,74829000000,18277000000,0.244,203.18,18277000000,,,,,35.50,,,,94461600,4506692,90954263,false,false,12,2015-10-01,2016-09-30,-1
2017-10-31,71480,2018-09-30,,,,,,,,,,,,,,,,,,,,,,,,,,,,,,49.25,,,,,,,false,true,12,2017-10-01,2018-09-30,1
2018-01-31,71480,2018-09-30,1,4394000000,-0.073,,,,,2268000000,-0.249,2094000000,-0.354,,1431000000,,15.88,15.85,,,,,95635000000,23077000000,0.228,,21803000000,,,,,,,,,,,,true,false,3,2017-10-01,2017-12-31,0
2018-01-31,71480,2017-09-30,1,4743000000,-0.182,,,,,3020000000,-0.262,3240000000,-0.227,,2227000000,,24.76,24.66,,,,,,,,,,,,,,,,,,,,,true,false,3,2016-10-01,2016-12-31,-1
2018-01-31,71480,2018-09-30,1,10519000000,-0.133,,,,,6156000000,-0.255,6066000000,-0.283,,4186000000,,46.45,,,,,,,,,,,,,,,,,,,,,,true,true,6,2017-10-01,2018-03-31,0
2018-01-31,71480,2018-09-30,1,23701000000,0.125,,,,,14753000000,0.100,14928000000,0.089,,10313000000,,114.45,,,,,,,,,,,,,,,,,,,,,,true,true,12,2017-10-01,2018-09-30,0
2018-01-31,71480,2017-09-30,1,,,,,,,,,,,,,,,,,,,,82799000000,25624000000,0.295,,24385000000,,,,,,,,,,,,true,false,12,2016-10-01,2017-09-30,-1
2018-01-31,71480,2017-09-30,1,,,,,,,,,,,,,,,,,,,,,,,,,,,,,45.80,,,,94623600,4506692,,false,false,12,2016-10-01,2017-09-30,-1
2018-01-31,71480,2018-09-30,1,,,,,,,,,,,,,,,,,,,,,,,,,,,,,49.25,,,,,,,false,true,12,2017-10-01,2018-09-30,0
2018-01-31,71480,2018-09-30,1,,,,,,,,,,,,,,,,,,,,,,,,,,,,,,,,,92373600,2256692,90116908,false,false,3,2017-10-01,2017-12-31,0
2018-01-31,71480,2017-09-30,1,,,,,,,,,,,,,,,,,,,,,,,,,,,,,,,,,,,89954908,false,false,3,2016-10-01,2016-12-31,-1
2018-04-27,71480,2018-09-30,2,11028000000,-0.091,,,,,6550000000,-0.207,6262000000,-0.260,,4355000000,,48.33,48.22,,,,,74871000000,25904000000,0.329,,24656000000,,,,,,,,,,,,true,false,6,2017-10-01,2018-03-31,0
2018-04-27,71480,2017-09-30,2,12136000000,0.145,,,,,8262000000,0.163,8464000000,0.187,,5843000000,,64.96,64.71,,,,,,,,,,,,,,,,,,,,,true,false,6,2016-10-01,2017-03-31,-1
2018-04-27,71480,2018-09-30,2,23701000000,0.125,,,,,14753000000,0.100,14928000000,0.089,,10313000000,,114.40,,,,,,,,,,,,,,,,,,,,,,true,true,12,2017-10-01,2018-09-30,0
2018-04-27,71480,2017-09-30,2,,,,,,,,,,,,,,,,,,,,82799000000,25624000000,0.295,,24385000000,,,,,,,,,,,,true,false,12,2016-10-01,2017-09-30,-1
2018-04-27,71480,2017-09-30,2,,,,,,,,,,,,,,,,,,,,,,,,,,,,,45.80,,,,94623600,4506692,,false,false,12,2016-10-01,2017-09-30,-1
2018-04-27,71480,2018-09-30,2,,,,,,,,,,,,,,,,,,,,,,,,,,,,,0.00,,,,,,,false,false,12,2017-10-01,2018-09-30,0
2018-04-27,71480,2018-09-30,2,,,,,,,,,,,,,,,,,,,,,,,,,,,,,49.25,,,,,,,false,true,12,2017-10-01,2018-09-30,0
2018-04-27,71480,2018-09-30,2,,,,,,,,,,,,,,,,,,,,,,,,,,,,,,,,,92373600,2184912,90121641,false,false,6,2017-10-01,2018-03-31,0
2018-04-27,71480,2017-09-30,2,,,,,,,,,,,,,,,,,,,,,,,,,,,,,,,,,,,89954908,false,false,6,2016-10-01,2017-03-31,-1
2018-07-31,71480,2018-09-30,3,16464000000,-0.040,,,,,9700000000,-0.144,9426000000,-0.193,,6578000000,,72.97,72.81,,,,,72302000000,28260000000,0.373,,26959000000,,,,,,,,,,,,true,false,9,2017-10-01,2018-06-30,0
2018-07-31,71480,2017-09-30,3,17155000000,0.167,,,,,11336000000,0.196,11677000000,0.217,,8073000000,,89.73,89.39,,,,,,,,,,,,,,,,,,,,,true,false,9,2016-10-01,2017-06-30,-1
2018-07-31,71480,2018-09-30,3,23701000000,0.125,,,,,14753000000,0.100,14928000000,0.089,,10313000000,,114.40,,,,,,,,,,,,,,,,,,,,,,true,true,12,2017-10-01,2018-09-30,0
2018-07-31,71480,2017-09-30,3,,,,,,,,,,,,,,,,,,,,82799000000,25624000000,0.295,,24385000000,,,,,,,,,,,,true,false,12,2016-10-01,2017-09-30,-1
2018-07-31,71480,2017-09-30,3,,,,,,,,,,,,,,,,,,,,,,,,,,,,,45.80,,,,94623600,4506692,,false,false,12,2016-10-01,2017-09-30,-1
2018-07-31,71480,2018-09-30,3,,,,,,,,,,,,,,,,,,,,,,,,,,,,,0.00,,,,,,,false,false,12,2017-10-01,2018-09-30,0
2018-07-31,71480,2018-09-30,3,,,,,,,,,,,,,,,,,,,,,,,,,,,,,49.25,,,,,,,false,true,12,2017-10-01,2018-09-30,0
2018-07-31,71480,2018-09-30,3,,,,,,,,,,,,,,,,,,,,,,,,,,,,,,,,,92373600,2185782,90143891,false,false,9,2017-10-01,2018-06-30,0
2018-07-31,71480,2017-09-30,3,,,,,,,,,,,,,,,,,,,,,,,,,,,,,,,,,,,89973501,false,false,9,2016-10-01,2017-06-30,-1
2018-10-31,71480,2018-09-30,,22043000000,0.046,,,,,13064000000,-0.026,12624000000,-0.079,,8989000000,,99.71,99.50,0.334,0.150,0.593,,85141000000,29747000000,0.345,326.03,29403000000,11587000000,-883000000,-9815000000,13338000000,,0.494,,,,,,true,false,12,2017-10-01,2018-09-30,0
2018-10-31,71480,2017-09-30,,21071000000,0.115,,,,,13417000000,0.132,13711000000,0.152,,9580000000,,106.44,106.08,0.455,0.167,0.637,,82799000000,25624000000,0.295,270.60,24385000000,3030000000,-25000000,741000000,12602000000,,0.430,,,,,,true,false,12,2016-10-01,2017-09-30,-1
2018-10-31,71480,2019-09-30,,12306000000,0.116,,,,,7023000000,0.072,6831000000,0.091,,4734000000,,52.50,,,,,,,,,,,,,,,,,,,,,,true,true,6,2018-10-01,2019-03-31,1
2018-10-31,71480,2019-09-30,,25035000000,0.136,,,,,14524000000,0.112,14453000000,0.145,,10030000000,,111.22,,,,,,,,,,,,,,,,0.477,,,,,,true,true,12,2018-10-01,2019-09-30,1
2018-10-31,71480,2018-09-30,,19914000000,0.002,,,,,12698000000,-0.068,12064000000,-0.116,8550000000,,-0.101,94.85,94.65,,,,,81543000000,29212000000,0.358,323.91,29212000000,,,,,49.25,,,,92373600,2185782,90154963,false,false,12,2017-10-01,2018-09-30,0
2018-10-31,71480,2017-09-30,,19872000000,0.125,,,,,13621000000,0.132,13649000000,0.126,9506000000,,0.212,105.62,105.26,,,,,76965000000,24599000000,0.320,272.98,24599000000,,,,,45.80,,,,94623600,4506692,90007724,false,false,12,2016-10-01,2017-09-30,-1
2018-10-31,71480,2019-09-30,,,,,,,,,,,,,,,,,,,,,,,,,,,,,,53.00,,,,,,,false,true,12,2018-10-01,2019-09-30,1
2019-01-31,71480,2019-09-30,1,3377000000,-0.232,,,,,1295000000,-0.429,1074000000,-0.487,,688000000,,7.70,,,,,,141599000000,23687000000,0.166,,23458000000,,,,,,,,,,,,true,false,3,2018-10-01,2018-12-31,0
2019-01-31,71480,2018-09-30,1,4394000000,-0.073,,,,,2268000000,-0.249,2094000000,-0.354,,1431000000,,15.88,15.85,,,,,,,,,,,,,,,,,,,,,true,false,3,2017-10-01,2017-12-31,-1
2019-01-31,71480,2019-09-30,1,12306000000,0.116,,,,,7023000000,0.072,6831000000,0.091,,4734000000,,53.21,,,,,,,,,,,,,,,,,,,,,,true,true,6,2018-10-01,2019-03-31,0
2019-01-31,71480,2019-09-30,1,25035000000,0.136,,,,,14524000000,0.112,14453000000,0.145,,10030000000,,112.99,,,,,,,,,,,,,,,,,,,,,,true,true,12,2018-10-01,2019-09-30,0
2019-01-31,71480,2018-09-30,1,,,,,,,,,,,,,,,,,,,,85141000000,29747000000,0.345,,29403000000,,,,,,,,,,,,true,false,12,2017-10-01,2018-09-30,-1
2019-01-31,71480,2018-09-30,1,,,,,,,,,,,,,,,,,,,,,,,,,,,,,49.25,,,,92373600,2185782,,false,false,12,2017-10-01,2018-09-30,-1
2019-01-31,71480,2019-09-30,1,,,,,,,,,,,,,,,,,,,,,,,,,,,,,53.00,,,,,,,false,true,12,2018-10-01,2019-09-30,0
2019-01-31,71480,2019-09-30,1,,,,,,,,,,,,,,,,,,,,,,,,,,,,,,,,,90673600,2093064,89367344,false,false,3,2018-10-01,2018-12-31,0
2019-01-31,71480,2018-09-30,1,,,,,,,,,,,,,,,,,,,,,,,,,,,,,,,,,,,90116908,false,false,3,2017-10-01,2017-12-31,-1
2019-04-26,71480,2019-09-30,2,11253000000,0.020,,,,,6182000000,-0.056,5675000000,-0.094,,3930000000,,44.18,,,,,,166612000000,26965000000,0.160,,26723000000,,,,,,,,,,,,true,false,6,2018-10-01,2019-03-31,0
2019-04-26,71480,2018-09-30,2,11028000000,-0.091,,,,,6550000000,-0.207,6262000000,-0.260,,4355000000,,48.33,48.22,,,,,,,,,,,,,,,,,,,,,true,false,6,2017-10-01,2018-03-31,-1
2019-04-26,71480,2019-09-30,2,25035000000,0.136,,,,,14524000000,0.112,14453000000,0.145,,10030000000,,112.96,,,,,,,,,,,,,,,,,,,,,,true,true,12,2018-10-01,2019-09-30,0
2019-04-26,71480,2018-09-30,2,,,,,,,,,,,,,,,,,,,,85141000000,29747000000,0.345,,29403000000,,,,,,,,,,,,true,false,12,2017-10-01,2018-09-30,-1
2019-04-26,71480,2018-09-30,2,,,,,,,,,,,,,,,,,,,,,,,,,,,,,49.25,,,,92373600,2185782,,false,false,12,2017-10-01,2018-09-30,-1
2019-04-26,71480,2019-09-30,2,,,,,,,,,,,,,,,,,,,,,,,,,,,,,0.00,,,,,,,false,false,12,2018-10-01,2019-09-30,0
2019-04-26,71480,2019-09-30,2,,,,,,,,,,,,,,,,,,,,,,,,,,,,,53.00,,,,,,,false,true,12,2018-10-01,2019-09-30,0
2019-04-26,71480,2019-09-30,2,,,,,,,,,,,,,,,,,,,,,,,,,,,,,,,,,90673600,2054494,88980673,false,false,6,2018-10-01,2019-03-31,0
2019-04-26,71480,2018-09-30,2,,,,,,,,,,,,,,,,,,,,,,,,,,,,,,,,,,,90121641,false,false,6,2017-10-01,2018-03-31,-1
2019-07-31,71480,2019-09-30,3,20049000000,0.218,,,,,10418000000,0.074,9843000000,0.044,,6845000000,,77.04,,,,,,140992000000,29853000000,0.210,,29608000000,,,,,,,,,,,,true,false,9,2018-10-01,2019-06-30,0
2019-07-31,71480,2018-09-30,3,16464000000,-0.040,,,,,9700000000,-0.144,9426000000,-0.193,,6578000000,,72.97,72.81,,,,,,,,,,,,,,,,,,,,,true,false,9,2017-10-01,2018-06-30,-1
2019-07-31,71480,2019-09-30,3,25035000000,0.136,,,,,14524000000,0.112,14453000000,0.145,,10030000000,,112.96,,,,,,,,,,,,,,,,,,,,,,true,true,12,2018-10-01,2019-09-30,0
2019-07-31,71480,2018-09-30,3,,,,,,,,,,,,,,,,,,,,85141000000,29747000000,0.345,,29403000000,,,,,,,,,,,,true,false,12,2017-10-01,2018-09-30,-1
2019-07-31,71480,2018-09-30,3,,,,,,,,,,,,,,,,,,,,,,,,,,,,,49.25,,,,92373600,2185782,,false,false,12,2017-10-01,2018-09-30,-1
2019-07-31,71480,2019-09-30,3,,,,,,,,,,,,,,,,,,,,,,,,,,,,,0.00,,,,,,,false,false,12,2018-10-01,2019-09-30,0
2019-07-31,71480,2019-09-30,3,,,,,,,,,,,,,,,,,,,,,,,,,,,,,53.00,,,,,,,false,true,12,2018-10-01,2019-09-30,0
2019-07-31,71480,2019-09-30,3,,,,,,,,,,,,,,,,,,,,,,,,,,,,,,,,,90673600,2058204,88859539,false,false,9,2018-10-01,2019-06-30,0
2019-07-31,71480,2018-09-30,3,,,,,,,,,,,,,,,,,,,,,,,,,,,,,,,,,,,90143891,false,false,9,2017-10-01,2018-06-30,-1
2019-10-31,71480,2019-09-30,,26595000000,0.206,,,,,14432000000,0.105,14394000000,0.140,,10035000000,,113.01,,0.323,0.136,0.543,,125839000000,32981000000,0.260,369.59,32750000000,-24840000000,-391000000,28849000000,16581000000,,0.469,,,,,,true,false,12,2018-10-01,2019-09-30,0
2019-10-31,71480,2018-09-30,,22043000000,0.046,,,,,13064000000,-0.026,12624000000,-0.079,,8989000000,,99.71,99.50,0.334,0.150,0.593,,85141000000,29747000000,0.345,326.03,29403000000,11587000000,-883000000,-9815000000,13338000000,,0.494,,,,,,true,false,12,2017-10-01,2018-09-30,-1
2019-10-31,71480,2020-09-30,,12328000000,0.096,,,,,7244000000,0.172,7306000000,0.287,,5054000000,,57.04,,,,,,,,,,,,,,,,,,,,,,true,true,6,2019-10-01,2020-03-31,1
2019-10-31,71480,2020-09-30,,24315000000,-0.086,,,,,14045000000,-0.027,14491000000,0.007,,10100000000,,113.98,,,,,,,,,,,,,,,,0.527,,,,,,true,true,12,2019-10-01,2020-09-30,1
2019-10-31,71480,2019-09-30,,25044000000,0.258,,,,,14372000000,0.132,14621000000,0.212,10295000000,,0.204,115.95,,,,,,123293000000,33045000000,0.268,372.92,33045000000,,,,,53.00,,,,90673600,2060614,88797765,false,false,12,2018-10-01,2019-09-30,0
2019-10-31,71480,2018-09-30,,19914000000,0.002,,,,,12698000000,-0.068,12064000000,-0.116,8550000000,,-0.101,94.85,94.65,,,,,81543000000,29212000000,0.358,323.91,29212000000,,,,,49.25,,,,92373600,2185782,90154963,false,false,12,2017-10-01,2018-09-30,-1
2019-10-31,71480,2020-09-30,,,,,,,,,,,,,,,,,,,,,,,,,,,,,,60.10,,,,,,,false,true,12,2019-10-01,2020-09-30,1
2020-01-31,71480,2020-09-30,1,3698000000,0.095,,,,,1497000000,0.156,1579000000,0.470,,1065000000,,12.02,,,,,,118804000000,29423000000,0.245,,29165000000,,,,,,,,,,,,true,false,3,2019-10-01,2019-12-31,0
2020-01-31,71480,2019-09-30,1,3377000000,-0.232,,,,,1295000000,-0.429,1074000000,-0.487,,688000000,,7.70,,,,,,,,,,,,,,,,,,,,,,true,false,3,2018-10-01,2018-12-31,-1
2020-01-31,71480,2020-09-30,1,12328000000,0.096,,,,,7244000000,0.172,7306000000,0.287,,5054000000,,57.04,,,,,,,,,,,,,,,,,,,,,,true,true,6,2019-10-01,2020-03-31,0
2020-01-31,71480,2020-09-30,1,24315000000,-0.086,,,,,14045000000,-0.027,14491000000,0.007,,10100000000,,113.98,,,,,,,,,,,,,,,,,,,,,,true,true,12,2019-10-01,2020-09-30,0
2020-01-31,71480,2019-09-30,1,,,,,,,,,,,,,,,,,,,,125839000000,32981000000,0.260,,32750000000,,,,,,,,,,,,true,false,12,2018-10-01,2019-09-30,-1
2020-01-31,71480,2019-09-30,1,,,,,,,,,,,,,,,,,,,,,,,,,,,,,53.00,,,,90673600,2060614,,false,false,12,2018-10-01,2019-09-30,-1
2020-01-31,71480,2020-09-30,1,,,,,,,,,,,,,,,,,,,,,,,,,,,,,60.10,,,,,,,false,true,12,2019-10-01,2020-09-30,0
2020-01-31,71480,2020-09-30,1,,,,,,,,,,,,,,,,,,,,,,,,,,,,,,,,,89073600,461610,88612921,false,false,3,2019-10-01,2019-12-31,0
2020-01-31,71480,2019-09-30,1,,,,,,,,,,,,,,,,,,,,,,,,,,,,,,,,,,,89367344,false,false,3,2018-10-01,2018-12-31,-1
,71480,2020-09-30,,,,,,,,,,,,,,,,,,,,,,,,,,,,,,30.00,,,,,,,false,true,12,2019-10-01,2020-09-30,0
,71480,2019-09-30,,,,,,,,,,,,,,,,,,,,,,,,,,,,,,53.00,,,,,,,false,false,12,2018-10-01,2019-09-30,-1
2020-04-21,71480,2020-09-30,,8279000000,-0.328,,,,,3640000000,-0.497,3726000000,-0.490,2593000000,,-0.487,29.27,,,,,,,,,,,,,,,,,,,,,,true,true,6,2019-10-01,2020-03-31,0
2020-04-21,71480,2019-09-30,,11253000000,,,,,,6182000000,,5675000000,,3930000000,,,44.18,,,,,,,,,,,,,,,,,,,,,,true,false,6,2018-10-01,2019-03-31,-1
2020-04-21,71480,2020-09-30,,13200000000,-0.457,,,,,4600000000,-0.672,5000000000,-0.655,3400000000,,-0.663,38.37,,,,,,,,,,,,,,,,,,,,,,true,true,12,2019-10-01,2020-09-30,0
2020-04-21,71480,2019-09-30,,26595000000,,,,,,14432000000,,14394000000,,10035000000,,,113.01,,,,,,,,,,,,,,,,,,,,,,true,false,12,2018-10-01,2019-09-30,-1
2020-05-13,71480,2020-09-30,2,8296000000,-0.263,,,,,3130000000,-0.494,3216000000,-0.433,,2212000000,,24.96,,,,,,141560000000,30510000000,0.214,,30257000000,,,,,,,,,,,,true,false,6,2019-10-01,2020-03-31,0
2020-05-13,71480,2019-09-30,2,11253000000,0.020,,,,,6182000000,-0.056,5675000000,-0.094,,3930000000,,44.18,,,,,,,,,,,,,,,,,,,,,,true,false,6,2018-10-01,2019-03-31,-1
2020-05-13,71480,2020-09-30,2,13200000000,-0.504,,,,,4000000000,-0.723,4400000000,-0.694,,3100000000,,34.98,,,,,,,,,,,,,,,,,,,,,,true,true,12,2019-10-01,2020-09-30,0
2020-05-13,71480,2019-09-30,2,,,,,,,,,,,,,,,,,,,,125839000000,32981000000,0.260,,32750000000,,,,,,,,,,,,true,false,12,2018-10-01,2019-09-30,-1
2020-05-13,71480,2019-09-30,2,,,,,,,,,,,,,,,,,,,,,,,,,,,,,53.00,,,,90673600,2060614,,false,false,12,2018-10-01,2019-09-30,-1
2020-05-13,71480,2020-09-30,2,,,,,,,,,,,,,,,,,,,,,,,,,,,,,0.00,,,,,,,false,false,12,2019-10-01,2020-09-30,0
2020-05-13,71480,2020-09-30,2,,,,,,,,,,,,,,,,,,,,,,,,,,,,,30.00,,,,,,,false,true,12,2019-10-01,2020-09-30,0
2020-05-13,71480,2020-09-30,2,,,,,,,,,,,,,,,,,,,,,,,,,,,,,,,,,89073600,461610,88612458,false,false,6,2019-10-01,2020-03-31,0
2020-05-13,71480,2019-09-30,2,,,,,,,,,,,,,,,,,,,,,,,,,,,,,,,,,,,88980673,false,false,6,2018-10-01,2019-03-31,-1
2020-07-31,71480,2020-09-30,3,9905000000,-0.506,,,,,2731000000,-0.738,2672000000,-0.728,,1797000000,,20.36,,,,,,150139000000,28133000000,0.186,,27867000000,,,,,,,,,,,,true,false,9,2019-10-01,2020-06-30,0
2020-07-31,71480,2019-09-30,3,20049000000,0.218,,,,,10418000000,0.074,9843000000,0.044,,6845000000,,77.04,,,,,,,,,,,,,,,,,,,,,,true,false,9,2018-10-01,2019-06-30,-1
2020-07-31,71480,2020-09-30,3,13200000000,-0.504,,,,,4000000000,-0.723,4400000000,-0.694,,3100000000,,35.42,,,,,,,,,,,,,,,,,,,,,,true,true,12,2019-10-01,2020-09-30,0
2020-07-31,71480,2019-09-30,3,,,,,,,,,,,,,,,,,,,,125839000000,32981000000,0.260,,32750000000,,,,,,,,,,,,true,false,12,2018-10-01,2019-09-30,-1
2020-07-31,71480,2019-09-30,3,,,,,,,,,,,,,,,,,,,,,,,,,,,,,53.00,,,,90673600,2060614,,false,false,12,2018-10-01,2019-09-30,-1
2020-07-31,71480,2020-09-30,3,,,,,,,,,,,,,,,,,,,,,,,,,,,,,0.00,,,,,,,false,false,12,2019-10-01,2020-09-30,0
2020-07-31,71480,2020-09-30,3,,,,,,,,,,,,,,,,,,,,,,,,,,,,,30.00,,,,,,,false,true,12,2019-10-01,2020-09-30,0
2020-07-31,71480,2020-09-30,3,,,,,,,,,,,,,,,,,,,,,,,,,,,,,,,,,89073600,3720200,88258257,false,false,9,2019-10-01,2020-06-30,0
2020-07-31,71480,2019-09-30,3,,,,,,,,,,,,,,,,,,,,,,,,,,,,,,,,,,,88859539,false,false,9,2018-10-01,2019-06-30,-1
,71480,2020-09-30,,,,,,,,,,,,,,,,,,,,,,,,,,,,,,11.50,,,,,,,false,true,12,2019-10-01,2020-09-30,0
,71480,2020-09-30,,,,,,,,,,,,,,,,,,,,,,,,,,,,,,0.00,,,,,,,false,false,12,2019-10-01,2020-09-30,0
,71480,2019-09-30,,,,,,,,,,,,,,,,,,,,,,,,,,,,,,53.00,,,,,,,false,false,12,2018-10-01,2019-09-30,-1
2020-10-27,71480,2020-09-30,,12703000000,-0.038,,,,,1875000000,-0.531,1705000000,-0.613,1123000000,,-0.638,12.83,,,,,,,,,,,,,,,,,,,,,,true,true,12,2019-10-01,2020-09-30,0
2020-10-27,71480,2019-09-30,,26595000000,,,,,,14432000000,,14394000000,,10035000000,,,113.01,,,,,,,,,,,,,,,,,,,,,,true,false,12,2018-10-01,2019-09-30,-1
2020-10-30,71480,2020-09-30,,12708000000,-0.522,,,,,1879000000,-0.870,1719000000,-0.881,,1136000000,,12.98,,0.038,0.013,0.148,,132850000000,27484000000,0.205,318.90,27219000000,12195000000,-2170000000,-891000000,25758000000,,0.886,,,,,,true,false,12,2019-10-01,2020-09-30,0
2020-10-30,71480,2019-09-30,,26595000000,0.206,,,,,14432000000,0.105,14394000000,0.140,,10035000000,,113.01,,0.323,0.136,0.543,,125839000000,32981000000,0.260,369.59,32750000000,-24840000000,-391000000,28849000000,16581000000,,0.469,,,,,,true,false,12,2018-10-01,2019-09-30,-1
2020-10-30,71480,2021-09-30,,7133000000,-0.140,,,,,2478000000,-0.208,2145000000,-0.333,,1500000000,,17.57,,,,,,,,,,,,,,,,,,,,,,true,true,6,2020-10-01,2021-03-31,1
2020-10-30,71480,2021-09-30,,13865000000,0.091,,,,,4545000000,1.419,4000000000,1.326,,2800000000,,32.81,,,,,,,,,,,,,,,,0.503,,,,,,true,true,12,2020-10-01,2021-09-30,1
2020-10-30,71480,2020-09-30,,10877000000,-0.566,,,,,1958000000,-0.864,1532000000,-0.895,1025000000,,-0.900,11.72,,,,,,129861000000,27360000000,0.211,320.55,27360000000,,,,,11.50,,,,89073600,3720200,87528074,false,false,12,2019-10-01,2020-09-30,0
2020-10-30,71480,2019-09-30,,25044000000,0.258,,,,,14372000000,0.132,14621000000,0.212,10295000000,,0.204,115.95,,,,,,123293000000,33045000000,0.268,372.92,33045000000,,,,,53.00,,,,90673600,2060614,88797765,false,false,12,2018-10-01,2019-09-30,-1
2020-10-30,71480,2021-09-30,,,,,,,,,,,,,,,,,,,,,,,,,,,,,,16.50,,,,,,,false,true,12,2020-10-01,2021-09-30,1
2021-01-29,71480,2021-09-30,1,3824000000,0.034,,,,,984000000,-0.343,694000000,-0.561,,272000000,,3.20,,,,,,121223000000,26779000000,0.219,,26532000000,,,,,,,,,,,,true,false,3,2020-10-01,2020-12-31,0
2021-01-29,71480,2020-09-30,1,3698000000,0.095,,,,,1497000000,0.156,1579000000,0.470,,1065000000,,12.02,,,,,,,,,,,,,,,,,,,,,,true,false,3,2019-10-01,2019-12-31,-1
2021-01-29,71480,2021-09-30,1,7133000000,-0.140,,,,,2478000000,-0.208,2145000000,-0.333,,1500000000,,17.57,,,,,,,,,,,,,,,,,,,,,,true,true,6,2020-10-01,2021-03-31,0
2021-01-29,71480,2021-09-30,1,13865000000,0.091,,,,,4545000000,1.419,4000000000,1.326,,2800000000,,32.81,,,,,,,,,,,,,,,,,,,,,,true,true,12,2020-10-01,2021-09-30,0
2021-01-29,71480,2020-09-30,1,,,,,,,,,,,,,,,,,,,,132850000000,27484000000,0.205,,27219000000,,,,,,,,,,,,true,false,12,2019-10-01,2020-09-30,-1
2021-01-29,71480,2020-09-30,1,,,,,,,,,,,,,,,,,,,,,,,,,,,,,11.50,,,,89073600,3720200,,false,false,12,2019-10-01,2020-09-30,-1
2021-01-29,71480,2021-09-30,1,,,,,,,,,,,,,,,,,,,,,,,,,,,,,16.50,,,,,,,false,true,12,2020-10-01,2021-09-30,0
2021-01-29,71480,2021-09-30,1,,,,,,,,,,,,,,,,,,,,,,,,,,,,,,,,,89073600,3720871,85352730,false,false,3,2020-10-01,2020-12-31,0
2021-01-29,71480,2020-09-30,1,,,,,,,,,,,,,,,,,,,,,,,,,,,,,,,,,,,88612921,false,false,3,2019-10-01,2019-12-31,-1
2021-04-26,71480,2021-09-30,,8657000000,0.214,,,,,3614000000,0.458,3226000000,0.504,,2168000000,,25.40,,,,,,,,,,,,,,,,,,,,,,true,true,6,2020-10-01,2021-03-31,0
2021-04-26,71480,2020-09-30,,8296000000,,,,,,3130000000,,3216000000,,,2212000000,,24.96,,,,,,,,,,,,,,,,,,,,,,true,false,6,2019-10-01,2020-03-31,-1
2021-04-28,7148,2021-09-30,2,8657000000,0.044,,,,,3614000000,0.155,3226000000,0.003,,2168000000,,25.40,,,,,,118971000000,28745000000,0.240,,28510000000,,,,,,,,,,,,true,false,6,2020-10-01,2021-03-31,0
2021-04-28,7148,2020-09-30,2,8296000000,-0.263,,,,,3130000000,-0.494,3216000000,-0.433,,2212000000,,24.96,,,,,,,,,,,,,,,,,,,,,,true,false,6,2019-10-01,2020-03-31,-1
2021-04-28,7148,2021-09-30,2,13865000000,0.091,,,,,4545000000,1.419,4000000000,1.326,,2800000000,,32.79,,,,,,,,,,,,,,,,,,,,,,true,true,12,2020-10-01,2021-09-30,0
2021-04-28,7148,2020-09-30,2,,,,,,,,,,,,,,,,,,,,132850000000,27484000000,0.205,,27219000000,,,,,,,,,,,,true,false,12,2019-10-01,2020-09-30,-1
2021-04-28,7148,2020-09-30,2,,,,,,,,,,,,,,,,,,,,,,,,,,,,,11.50,,,,89073600,3720200,,false,false,12,2019-10-01,2020-09-30,-1
2021-04-28,7148,2021-09-30,2,,,,,,,,,,,,,,,,,,,,,,,,,,,,,0.00,,,,,,,false,false,12,2020-10-01,2021-09-30,0
2021-04-28,7148,2021-09-30,2,,,,,,,,,,,,,,,,,,,,,,,,,,,,,16.50,,,,,,,false,true,12,2020-10-01,2021-09-30,0
2021-04-28,7148,2021-09-30,2,,,,,,,,,,,,,,,,,,,,,,,,,,,,,,,,,89073600,3660781,85359663,false,false,6,2020-10-01,2021-03-31,0
2021-04-28,7148,2020-09-30,2,,,,,,,,,,,,,,,,,,,,,,,,,,,,,,,,,,,88612458,false,false,6,2019-10-01,2020-03-31,-1
2021-07-30,7148,2021-09-30,3,13034000000,0.316,,,,,5601000000,1.050,5431000000,1.032,,3420000000,,40.07,,,,,,105138000000,29978000000,0.283,,29730000000,,,,,,,,,,,,true,false,9,2020-10-01,2021-06-30,0
2021-07-30,7148,2020-09-30,3,9905000000,-0.506,,,,,2731000000,-0.738,2672000000,-0.728,,1797000000,,20.36,,,,,,,,,,,,,,,,,,,,,,true,false,9,2019-10-01,2020-06-30,-1
2021-07-30,7148,2021-09-30,3,14700000000,0.157,,,,,5300000000,1.820,5000000000,1.908,,3100000000,,36.31,,,,,,,,,,,,,,,,,,,,,,true,true,12,2020-10-01,2021-09-30,0
2021-07-30,7148,2020-09-30,3,,,,,,,,,,,,,,,,,,,,132850000000,27484000000,0.205,,27219000000,,,,,,,,,,,,true,false,12,2019-10-01,2020-09-30,-1
2021-07-30,7148,2020-09-30,3,,,,,,,,,,,,,,,,,,,,,,,,,,,,,11.50,,,,89073600,3720200,,false,false,12,2019-10-01,2020-09-30,-1
2021-07-30,7148,2021-09-30,3,,,,,,,,,,,,,,,,,,,,,,,,,,,,,0.00,,,,,,,false,false,12,2020-10-01,2021-09-30,0
2021-07-30,7148,2021-09-30,3,,,,,,,,,,,,,,,,,,,,,,,,,,,,,18.50,,,,,,,false,true,12,2020-10-01,2021-09-30,0
2021-07-30,7148,2021-09-30,3,,,,,,,,,,,,,,,,,,,,,,,,,,,,,,,,,89073600,3663291,85376861,false,false,9,2020-10-01,2021-06-30,0
2021-07-30,7148,2020-09-30,3,,,,,,,,,,,,,,,,,,,,,,,,,,,,,,,,,,,88258257,false,false,9,2019-10-01,2020-06-30,-1
2021-10-27,71480,2021-09-30,,14924000000,0.015,,,,,5233000000,-0.012,5148000000,0.030,,2946000000,,34.51,,,,,,,,,,,,,,,,,,,,,,true,true,12,2020-10-01,2021-09-30,0
2021-10-27,71480,2020-09-30,,12708000000,,,,,,1879000000,,1719000000,,,1136000000,,12.98,,,,,,,,,,,,,,,,,,,,,,true,false,12,2019-10-01,2020-09-30,-1
2021-10-29,7148,2021-09-30,,14924000000,0.174,,,,,5233000000,1.785,5148000000,1.994,,2946000000,,34.51,,0.104,0.046,0.351,,91899000000,29391000000,0.318,342.39,29243000000,26658000000,-1145000000,-31916000000,19414000000,,0.536,,,,,,true,false,12,2020-10-01,2021-09-30,0
2021-10-29,7148,2020-09-30,,12708000000,-0.522,,,,,1879000000,-0.870,1719000000,-0.881,,1136000000,,12.98,,0.038,0.013,0.148,,132850000000,27484000000,0.205,318.90,27219000000,12195000000,-2170000000,-891000000,25758000000,,0.886,,,,,,true,false,12,2019-10-01,2020-09-30,-1
2021-10-29,7148,2022-09-30,,24225000000,,,,,,2070000000,,2120000000,,,1400000000,,16.39,,,,,,,,,,,,,,,,,,,,,,true,true,6,2021-10-01,2022-03-31,1
2021-10-29,7148,2022-09-30,,41000000000,,,,,,5400000000,,5600000000,,,3700000000,,43.32,,,,,,,,,,,,,,,,0.508,,,,,,true,true,12,2021-10-01,2022-09-30,1
2021-10-29,7148,2021-09-30,,12961000000,0.192,,,,,4963000000,1.534,5533000000,2.611,3602000000,,2.511,42.19,,,,,,91184000000,30011000000,0.329,351.39,30011000000,,,,,18.50,,,,89073600,3664831,85384992,false,false,12,2020-10-01,2021-09-30,0
2021-10-29,7148,2020-09-30,,10877000000,-0.566,,,,,1958000000,-0.864,1532000000,-0.895,1025000000,,-0.900,11.72,,,,,,129861000000,27360000000,0.211,320.55,27360000000,,,,,11.50,,,,89073600,3720200,87528074,false,false,12,2019-10-01,2020-09-30,-1
2021-10-29,7148,2022-09-30,,,,,,,,,,,,,,,,,,,,,,,,,,,,,,22.00,,,,,,,false,true,12,2021-10-01,2022-09-30,1
2022-01-31,7148,2022-09-30,1,15673000000,,,,,,3405000000,2.459,3557000000,4.125,,2519000000,,29.50,,,,,,86671000000,30356000000,0.348,,30190000000,,,,,,,,,,,,true,false,3,2021-10-01,2021-12-31,0
2022-01-31,7148,2021-09-30,1,3824000000,0.034,,,,,984000000,-0.343,694000000,-0.561,,272000000,,3.20,,,,,,,,,,,,,,,,,,,,,,true,false,3,2020-10-01,2020-12-31,-1
2022-01-31,7148,2022-09-30,1,27000000000,,,,,,4400000000,0.217,4500000000,0.395,,3100000000,,36.30,,,,,,,,,,,,,,,,,,,,,,true,true,6,2021-10-01,2022-03-31,0
2022-01-31,7148,2022-09-30,1,44000000000,,,,,,7800000000,0.490,8000000000,0.554,,5400000000,,63.23,,,,,,,,,,,,,,,,,,,,,,true,true,12,2021-10-01,2022-09-30,0
2022-01-31,7148,2021-09-30,1,,,,,,,,,,,,,,,,,,,,91899000000,29391000000,0.318,,29243000000,,,,,,,,,,,,true,false,12,2020-10-01,2021-09-30,-1
2022-01-31,7148,2021-09-30,1,,,,,,,,,,,,,,,,,,,,,,,,,,,,,18.50,,,,89073600,3664831,,false,false,12,2020-10-01,2021-09-30,-1
2022-01-31,7148,2022-09-30,1,,,,,,,,,,,,,,,,,,,,,,,,,,,,,32.00,,,,,,,false,true,12,2021-10-01,2022-09-30,0
2022-01-31,7148,2022-09-30,1,,,,,,,,,,,,,,,,,,,,,,,,,,,,,,,,,89073600,3664831,85408769,false,false,3,2021-10-01,2021-12-31,0
2022-01-31,7148,2021-09-30,1,,,,,,,,,,,,,,,,,,,,,,,,,,,,,,,,,,,85352730,false,false,3,2020-10-01,2020-12-31,-1
2022-04-26,71480,2022-09-30,,31135000000,0.153,,,,,6174000000,0.403,6421000000,0.427,,4417000000,,51.72,,,,,,,,,,,,,,,,,,,,,,true,true,6,2021-10-01,2022-03-31,0
2022-04-26,71480,2021-09-30,,8657000000,,,,,,3614000000,,3226000000,,,2168000000,,25.40,,,,,,,,,,,,,,,,,,,,,,true,false,6,2020-10-01,2021-03-31,-1
2022-04-26,71480,2022-09-30,,49000000000,0.114,,,,,9700000000,0.244,10000000000,0.250,,6700000000,,78.45,,,,,,,,,,,,,,,,,,,,,,true,true,12,2021-10-01,2022-09-30,0
2022-04-26,71480,2021-09-30,,14924000000,,,,,,5233000000,,5148000000,,,2946000000,,34.51,,,,,,,,,,,,,,,,,,,,,,true,false,12,2020-10-01,2021-09-30,-1
2022-04-26,71480,2022-09-30,,,,,,,,,,,,,,,,,,,,,,,,,,,,,,40.00,,,,,,,false,true,12,2021-10-01,2022-09-30,0
2022-04-26,71480,2021-09-30,,,,,,,,,,,,,,,,,,,,,,,,,,,,,,18.50,,,,,,,false,false,12,2020-10-01,2021-09-30,-1
2022-04-28,7148,2022-09-30,2,31135000000,,,,,,6174000000,0.708,6421000000,0.990,,4417000000,,51.72,,,,,,108051000000,32259000000,0.297,,32129000000,,,,,,,,,,,,true,false,6,2021-10-01,2022-03-31,0
2022-04-28,7148,2021-09-30,2,8657000000,0.044,,,,,3614000000,0.155,3226000000,0.003,,2168000000,,25.40,,,,,,,,,,,,,,,,,,,,,,true,false,6,2020-10-01,2021-03-31,-1
2022-04-28,7148,2022-09-30,2,49000000000,,,,,,9700000000,0.853,10000000000,0.942,,6700000000,,78.45,,,,,,,,,,,,,,,,,,,,,,true,true,12,2021-10-01,2022-09-30,0
2022-04-28,7148,2021-09-30,2,,,,,,,,,,,,,,,,,,,,91899000000,29391000000,0.318,,29243000000,,,,,,,,,,,,true,false,12,2020-10-01,2021-09-30,-1
2022-04-28,7148,2021-09-30,2,,,,,,,,,,,,,,,,,,,,,,,,,,,,,18.50,,,,89073600,3664831,,false,false,12,2020-10-01,2021-09-30,-1
2022-04-28,7148,2022-09-30,2,,,,,,,,,,,,,,,,,,,,,,,,,,,,,0.00,,,,,,,false,false,12,2021-10-01,2022-09-30,0
2022-04-28,7148,2022-09-30,2,,,,,,,,,,,,,,,,,,,,,,,,,,,,,40.00,,,,,,,false,true,12,2021-10-01,2022-09-30,0
2022-04-28,7148,2022-09-30,2,,,,,,,,,,,,,,,,,,,,,,,,,,,,,,,,,89073600,3666471,85408123,false,false,6,2021-10-01,2022-03-31,0
2022-04-28,7148,2021-09-30,2,,,,,,,,,,,,,,,,,,,,,,,,,,,,,,,,,,,85359663,false,false,6,2020-10-01,2021-03-31,-1
2022-07-28,71480,2022-09-30,,56500000000,0.153,,,,,11000000000,0.134,11500000000,0.150,,7700000000,,90.16,,,,,,,,,,,,,,,,,,,,,,true,true,12,2021-10-01,2022-09-30,0
2022-07-28,71480,2021-09-30,,14924000000,,,,,,5233000000,,5148000000,,,2946000000,,34.51,,,,,,,,,,,,,,,,,,,,,,true,false,12,2020-10-01,2021-09-30,-1
2022-07-28,71480,2022-09-30,,,,,,,,,,,,,,,,,,,,,,,,,,,,,,46.00,,,,,,,false,true,12,2021-10-01,2022-09-30,0
2022-07-28,71480,2022-09-30,,,,,,,,,,,,,,,,,,,,,,,,,,,,,,0.00,,,,,,,false,false,12,2021-10-01,2022-09-30,0
2022-07-28,71480,2021-09-30,,,,,,,,,,,,,,,,,,,,,,,,,,,,,,18.50,,,,,,,false,false,12,2020-10-01,2021-09-30,-1
2022-07-29,7148,2022-09-30,3,47481000000,,,,,,9835000000,0.756,10607000000,0.953,,7228000000,,84.63,,,,,,141530000000,35091000000,0.247,,34984000000,,,,,,,,,,,,true,false,9,2021-10-01,2022-06-30,0
2022-07-29,7148,2021-09-30,3,13034000000,0.316,,,,,5601000000,1.050,5431000000,1.032,,3420000000,,40.07,,,,,,,,,,,,,,,,,,,,,,true,false,9,2020-10-01,2021-06-30,-1
2022-07-29,7148,2022-09-30,3,56500000000,,,,,,11000000000,1.102,11500000000,1.234,,7700000000,,90.16,,,,,,,,,,,,,,,,,,,,,,true,true,12,2021-10-01,2022-09-30,0
2022-07-29,7148,2021-09-30,3,,,,,,,,,,,,,,,,,,,,91899000000,29391000000,0.318,,29243000000,,,,,,,,,,,,true,false,12,2020-10-01,2021-09-30,-1
2022-07-29,7148,2021-09-30,3,,,,,,,,,,,,,,,,,,,,,,,,,,,,,18.50,,,,89073600,3664831,,false,false,12,2020-10-01,2021-09-30,-1
2022-07-29,7148,2022-09-30,3,,,,,,,,,,,,,,,,,,,,,,,,,,,,,0.00,,,,,,,false,false,12,2021-10-01,2022-09-30,0
2022-07-29,7148,2022-09-30,3,,,,,,,,,,,,,,,,,,,,,,,,,,,,,46.00,,,,,,,false,true,12,2021-10-01,2022-09-30,0
2022-07-29,7148,2022-09-30,3,,,,,,,,,,,,,,,,,,,,,,,,,,,,,,,,,89073600,3667241,85407671,false,false,9,2021-10-01,2022-06-30,0
2022-07-29,7148,2021-09-30,3,,,,,,,,,,,,,,,,,,,,,,,,,,,,,,,,,,,85376861,false,false,9,2020-10-01,2021-06-30,-1
2022-10-31,7148,2022-09-30,,59193000000,,,,,,11744000000,1.244,12466000000,1.422,,8475000000,,99.24,,0.260,0.100,0.198,,158052000000,36159000000,0.228,422.35,36070000000,-50872000000,-552000000,43646000000,11719000000,,0.504,,,,,,true,false,12,2021-10-01,2022-09-30,0
2022-10-31,7148,2021-09-30,,14924000000,0.174,,,,,5233000000,1.785,5148000000,1.994,,2946000000,,34.51,,0.104,0.046,0.351,,91899000000,29391000000,0.318,342.39,29243000000,26658000000,-1145000000,-31916000000,19414000000,,0.536,,,,,,true,false,12,2020-10-01,2021-09-30,-1
2022-10-31,7148,2023-09-30,,32250000000,0.036,,,,,6960000000,0.127,7060000000,0.099,,4855000000,,56.85,,,,,,,,,,,,,,,,,,,,,,true,true,6,2022-10-01,2023-03-31,1
2022-10-31,7148,2023-09-30,,64500000000,0.090,,,,,13600000000,0.158,13800000000,0.107,,9500000000,,111.24,,,,,,,,,,,,,,,,0.503,,,,,,true,true,12,2022-10-01,2023-09-30,1
2022-10-31,7148,2022-09-30,,57307000000,,,,,,11369000000,1.291,12760000000,1.306,8989000000,,1.495,105.25,,,,,,168300000000,37412000000,0.222,438.07,37412000000,,,,,50.00,,,,89073600,3668781,85407100,false,false,12,2021-10-01,2022-09-30,0
2022-10-31,7148,2021-09-30,,12961000000,0.192,,,,,4963000000,1.534,5533000000,2.611,3602000000,,2.511,42.19,,,,,,91184000000,30011000000,0.329,351.39,30011000000,,,,,18.50,,,,89073600,3664831,85384992,false,false,12,2020-10-01,2021-09-30,-1
2022-10-31,7148,2023-09-30,,,,,,,,,,,,,,,,,,,,,,,,,,,,,,56.00,,,,,,,false,true,12,2022-10-01,2023-09-30,1
2023-01-31,7148,2023-09-30,1,17416000000,0.111,,,,,7092000000,1.083,7049000000,0.981,,4560000000,,53.40,,,,,,199396000000,36436000000,0.182,,36344000000,,,,,,,,,,,,true,false,3,2022-10-01,2022-12-31,0
2023-01-31,7148,2022-09-30,1,15673000000,,,,,,3405000000,2.459,3557000000,4.125,,2519000000,,29.50,,,,,,,,,,,,,,,,,,,,,,true,false,3,2021-10-01,2021-12-31,-1
2023-01-31,7148,2023-09-30,1,32250000000,0.036,,,,,6960000000,0.127,7060000000,0.099,,4855000000,,56.85,,,,,,,,,,,,,,,,,,,,,,true,true,6,2022-10-01,2023-03-31,0
2023-01-31,7148,2023-09-30,1,64500000000,0.090,,,,,13600000000,0.158,13800000000,0.107,,9500000000,,111.24,,,,,,,,,,,,,,,,,,,,,,true,true,12,2022-10-01,2023-09-30,0
2023-01-31,7148,2022-09-30,1,,,,,,,,,,,,,,,,,,,,158052000000,36159000000,0.228,,36070000000,,,,,,,,,,,,true,false,12,2021-10-01,2022-09-30,-1
2023-01-31,7148,2022-09-30,1,,,,,,,,,,,,,,,,,,,,,,,,,,,,,50.00,,,,89073600,3668781,,false,false,12,2021-10-01,2022-09-30,-1
2023-01-31,7148,2023-09-30,1,,,,,,,,,,,,,,,,,,,,,,,,,,,,,56.00,,,,,,,false,true,12,2022-10-01,2023-09-30,0
2023-01-31,7148,2023-09-30,1,,,,,,,,,,,,,,,,,,,,,,,,,,,,,,,,,89073600,3670711,85402994,false,false,3,2022-10-01,2022-12-31,0
2023-01-31,7148,2022-09-30,1,,,,,,,,,,,,,,,,,,,,,,,,,,,,,,,,,,,85408769,false,false,3,2021-10-01,2021-12-31,-1
2023-04-25,71480,2023-09-30,,32360000000,0.003,,,,,11328000000,0.628,11227000000,0.590,,7541000000,,88.30,,,,,,,,,,,,,,,,,,,,,,true,true,6,2022-10-01,2023-03-31,0
2023-04-25,71480,2022-09-30,,31135000000,,,,,,6174000000,,6421000000,,,4417000000,,51.72,,,,,,,,,,,,,,,,,,,,,,true,false,6,2021-10-01,2022-03-31,-1
2023-04-25,71480,2023-09-30,,57000000000,-0.116,,,,,15700000000,0.154,15500000000,0.123,,10500000000,,122.95,,,,,,,,,,,,,,,,,,,,,,true,true,12,2022-10-01,2023-09-30,0
2023-04-25,71480,2022-09-30,,59193000000,,,,,,11744000000,,12466000000,,,8475000000,,99.24,,,,,,,,,,,,,,,,,,,,,,true,false,12,2021-10-01,2022-09-30,-1
2023-04-25,71480,2023-09-30,,,,,,,,,,,,,,,,,,,,,,,,,,,,,,61.50,,,,,,,false,true,12,2022-10-01,2023-09-30,0
2023-04-25,71480,2022-09-30,,,,,,,,,,,,,,,,,,,,,,,,,,,,,,50.00,,,,,,,false,false,12,2021-10-01,2022-09-30,-1
2023-04-27,7148,2023-09-30,2,32360000000,0.039,,,,,11328000000,0.835,11227000000,0.748,,7541000000,,88.30,,,,,,179736000000,39440000000,0.219,,39340000000,,,,,,,,,,,,true,false,6,2022-10-01,2023-03-31,0
2023-04-27,7148,2022-09-30,2,31135000000,,,,,,6174000000,0.708,6421000000,0.990,,4417000000,,51.72,,,,,,,,,,,,,,,,,,,,,,true,false,6,2021-10-01,2022-03-31,-1
2023-04-27,7148,2023-09-30,2,57000000000,-0.037,,,,,15700000000,0.337,15500000000,0.243,,10500000000,,122.95,,,,,,,,,,,,,,,,,,,,,,true,true,12,2022-10-01,2023-09-30,0
2023-04-27,7148,2022-09-30,2,,,,,,,,,,,,,,,,,,,,158052000000,36159000000,0.228,,36070000000,,,,,,,,,,,,true,false,12,2021-10-01,2022-09-30,-1
2023-04-27,7148,2022-09-30,2,,,,,,,,,,,,,,,,,,,,,,,,,,,,,50.00,,,,89073600,3668781,,false,false,12,2021-10-01,2022-09-30,-1
2023-04-27,7148,2023-09-30,2,,,,,,,,,,,,,,,,,,,,,,,,,,,,,0.00,,,,,,,false,false,12,2022-10-01,2023-09-30,0
2023-04-27,7148,2023-09-30,2,,,,,,,,,,,,,,,,,,,,,,,,,,,,,61.50,,,,,,,false,true,12,2022-10-01,2023-09-30,0
2023-04-27,7148,2023-09-30,2,,,,,,,,,,,,,,,,,,,,,,,,,,,,,,,,,89073600,3670711,85402943,false,false,6,2022-10-01,2023-03-31,0
2023-04-27,7148,2022-09-30,2,,,,,,,,,,,,,,,,,,,,,,,,,,,,,,,,,,,85408123,false,false,6,2021-10-01,2022-03-31,-1
2023-07-27,71480,2023-09-30,,58500000000,0.026,,,,,16700000000,0.064,16500000000,0.065,,11200000000,,131.14,,,,,,,,,,,,,,,,,,,,,,true,true,12,2022-10-01,2023-09-30,0
2023-07-27,71480,2022-09-30,,59193000000,,,,,,11744000000,,12466000000,,,8475000000,,99.24,,,,,,,,,,,,,,,,,,,,,,true,false,12,2021-10-01,2022-09-30,-1
2023-07-27,71480,2023-09-30,,,,,,,,,,,,,,,,,,,,,,,,,,,,,,65.60,,,,,,,false,true,12,2022-10-01,2023-09-30,0
2023-07-27,71480,2023-09-30,,,,,,,,,,,,,,,,,,,,,,,,,,,,,,0.00,,,,,,,false,false,12,2022-10-01,2023-09-30,0
2023-07-27,71480,2022-09-30,,,,,,,,,,,,,,,,,,,,,,,,,,,,,,50.00,,,,,,,false,false,12,2021-10-01,2022-09-30,-1
2023-07-31,7148,2023-09-30,3,48036000000,0.012,,,,,15393000000,0.565,15418000000,0.454,,10606000000,,124.20,,,,,,191077000000,42418000000,0.221,,42321000000,,,,,,,,,,,,true,false,9,2022-10-01,2023-06-30,0
2023-07-31,7148,2022-09-30,3,47481000000,,,,,,9835000000,0.756,10607000000,0.953,,7228000000,,84.63,,,,,,,,,,,,,,,,,,,,,,true,false,9,2021-10-01,2022-06-30,-1
2023-07-31,7148,2023-09-30,3,58500000000,-0.012,,,,,16700000000,0.422,16500000000,0.324,,11200000000,,131.14,,,,,,,,,,,,,,,,,,,,,,true,true,12,2022-10-01,2023-09-30,0
2023-07-31,7148,2022-09-30,3,,,,,,,,,,,,,,,,,,,,158052000000,36159000000,0.228,,36070000000,,,,,,,,,,,,true,false,12,2021-10-01,2022-09-30,-1
2023-07-31,7148,2022-09-30,3,,,,,,,,,,,,,,,,,,,,,,,,,,,,,50.00,,,,89073600,3668781,,false,false,12,2021-10-01,2022-09-30,-1
2023-07-31,7148,2023-09-30,3,,,,,,,,,,,,,,,,,,,,,,,,,,,,,0.00,,,,,,,false,false,12,2022-10-01,2023-09-30,0
2023-07-31,7148,2023-09-30,3,,,,,,,,,,,,,,,,,,,,,,,,,,,,,65.60,,,,,,,false,true,12,2022-10-01,2023-09-30,0
2023-07-31,7148,2023-09-30,3,,,,,,,,,,,,,,,,,,,,,,,,,,,,,,,,,89073600,3671331,85402730,false,false,9,2022-10-01,2023-06-30,0
2023-07-31,7148,2022-09-30,3,,,,,,,,,,,,,,,,,,,,,,,,,,,,,,,,,,,85407671,false,false,9,2021-10-01,2022-06-30,-1
2023-10-26,71480,2023-09-30,,71149000000,0.216,,,,,18265000000,0.094,17989000000,0.090,,12466000000,,145.97,,,,,,,,,,,,,,,,,,,,,,true,true,12,2022-10-01,2023-09-30,0
2023-10-26,71480,2022-09-30,,59193000000,,,,,,11744000000,,12466000000,,,8475000000,,99.24,,,,,,,,,,,,,,,,,,,,,,true,false,12,2021-10-01,2022-09-30,-1
2023-10-26,71480,2023-09-30,,,,,,,,,,,,,,,,,,,,,,,,,,,,,,73.00,,,,,,,false,true,12,2022-10-01,2023-09-30,0
2023-10-26,71480,2023-09-30,,,,,,,,,,,,,,,,,,,,,,,,,,,,,,0.00,,,,,,,false,false,12,2022-10-01,2023-09-30,0
2023-10-26,71480,2022-09-30,,,,,,,,,,,,,,,,,,,,,,,,,,,,,,50.00,,,,,,,false,false,12,2021-10-01,2022-09-30,-1
2023-10-31,7148,2023-09-30,,71149000000,0.202,,,,,18265000000,0.555,17989000000,0.443,,12466000000,,145.97,,0.311,0.105,0.257,,183675000000,44298000000,0.241,517.45,44191000000,4774000000,-9359000000,7342000000,14584000000,,0.500,,,,,,true,false,12,2022-10-01,2023-09-30,0
2023-10-31,7148,2022-09-30,,59193000000,,,,,,11744000000,1.244,12466000000,1.422,,8475000000,,99.24,,0.260,0.100,0.198,,158052000000,36159000000,0.228,422.35,36070000000,-50872000000,-552000000,43646000000,11719000000,,0.504,,,,,,true,false,12,2021-10-01,2022-09-30,-1
2023-10-31,7148,2024-09-30,,36350000000,0.123,,,,,9500000000,-0.161,9500000000,-0.154,,6600000000,,77.28,,,,,,,,,,,,,,,,,,,,,,true,true,6,2023-10-01,2024-03-31,1
2023-10-31,7148,2024-09-30,,72700000000,0.022,,,,,19000000000,0.040,19000000000,0.056,,13200000000,,154.56,,,,,,,,,,,,,,,,0.501,,,,,,true,true,12,2023-10-01,2024-09-30,1
2023-10-31,7148,2023-09-30,,68519000000,0.196,,,,,17980000000,0.581,17956000000,0.407,12189000000,,0.356,142.72,,,,,,190324000000,45331000000,0.238,530.81,45331000000,,,,,73.00,,,,89073600,3672101,85402483,false,false,12,2022-10-01,2023-09-30,0
2023-10-31,7148,2022-09-30,,57307000000,,,,,,11369000000,1.291,12760000000,1.306,8989000000,,1.495,105.25,,,,,,168300000000,37412000000,0.222,438.07,37412000000,,,,,50.00,,,,89073600,3668781,85407100,false,false,12,2021-10-01,2022-09-30,-1
2023-10-31,7148,2024-09-30,,,,,,,,,,,,,,,,,,,,,,,,,,,,,,77.50,,,,,,,false,true,12,2023-10-01,2024-09-30,1
2024-01-31,7148,2024-09-30,1,24393000000,0.401,,,,,8321000000,0.173,8595000000,0.219,,6382000000,,74.74,,,,,,144480000000,44474000000,0.307,,44326000000,,,,,,,,,,,,true,false,3,2023-10-01,2023-12-31,0
2024-01-31,7148,2023-09-30,1,17416000000,0.111,,,,,7092000000,1.083,7049000000,0.981,,4560000000,,53.40,,,,,,,,,,,,,,,,,,,,,,true,false,3,2022-10-01,2022-12-31,-1
2024-01-31,7148,2024-09-30,1,36350000000,0.123,,,,,9500000000,-0.161,9500000000,-0.154,,6600000000,,77.28,,,,,,,,,,,,,,,,,,,,,,true,true,6,2023-10-01,2024-03-31,0
2024-01-31,7148,2024-09-30,1,72700000000,0.022,,,,,19000000000,0.040,19000000000,0.056,,13200000000,,154.56,,,,,,,,,,,,,,,,,,,,,,true,true,12,2023-10-01,2024-09-30,0
2024-01-31,7148,2023-09-30,1,,,,,,,,,,,,,,,,,,,,183675000000,44298000000,0.241,,44191000000,,,,,,,,,,,,true,false,12,2022-10-01,2023-09-30,-1
2024-01-31,7148,2023-09-30,1,,,,,,,,,,,,,,,,,,,,,,,,,,,,,73.00,,,,89073600,3672101,,false,false,12,2022-10-01,2023-09-30,-1
2024-01-31,7148,2024-09-30,1,,,,,,,,,,,,,,,,,,,,,,,,,,,,,77.50,,,,,,,false,true,12,2023-10-01,2024-09-30,0
2024-01-31,7148,2024-09-30,1,,,,,,,,,,,,,,,,,,,,,,,,,,,,,,,,,89073600,3672101,85401499,false,false,3,2023-10-01,2023-12-31,0
2024-01-31,7148,2023-09-30,1,,,,,,,,,,,,,,,,,,,,,,,,,,,,,,,,,,,85402994,false,false,3,2022-10-01,2022-12-31,-1
,71480,2024-09-30,,,,,,,,,,,,,,,,,,,,,,,,,,,,,,77.50,,,,,,,false,true,12,2023-10-01,2024-09-30,0
,71480,2023-09-30,,,,,,,,,,,,,,,,,,,,,,,,,,,,,,73.00,,,,,,,false,false,12,2022-10-01,2023-09-30,-1
2024-03-22,71480,2024-09-30,,50000000000,0.376,,,,,14800000000,0.558,15000000000,0.579,,10800000000,,126.46,,,,,,,,,,,,,,,,,,,,,,true,true,6,2023-10-01,2024-03-31,0
2024-03-22,71480,2023-09-30,,32360000000,,,,,,11328000000,,11227000000,,,7541000000,,88.30,,,,,,,,,,,,,,,,,,,,,,true,false,6,2022-10-01,2023-03-31,-1
2024-03-22,71480,2024-09-30,,78200000000,0.076,,,,,20800000000,0.095,21000000000,0.105,,15000000000,,175.64,,,,,,,,,,,,,,,,,,,,,,true,true,12,2023-10-01,2024-09-30,0
2024-03-22,71480,2023-09-30,,71149000000,,,,,,18265000000,,17989000000,,,12466000000,,145.97,,,,,,,,,,,,,,,,,,,,,,true,false,12,2022-10-01,2023-09-30,-1
2024-03-22,71480,2024-09-30,,,,,,,,,,,,,,,,,,,,,,,,,,,,,,88.00,,,,,,,false,true,12,2023-10-01,2024-09-30,0
2024-03-22,71480,2023-09-30,,,,,,,,,,,,,,,,,,,,,,,,,,,,,,73.00,,,,,,,false,false,12,2022-10-01,2023-09-30,-1
2024-04-26,7148,2024-09-30,2,50696000000,0.567,,,,,15690000000,0.385,15995000000,0.425,,11521000000,,134.91,,,,,,169802000000,49653000000,0.292,,49510000000,,,,,,,,,,,,true,false,6,2023-10-01,2024-03-31,0
2024-04-26,7148,2023-09-30,2,32360000000,0.039,,,,,11328000000,0.835,11227000000,0.748,,7541000000,,88.30,,,,,,,,,,,,,,,,,,,,,,true,false,6,2022-10-01,2023-03-31,-1
2024-04-26,7148,2024-09-30,2,78200000000,0.099,,,,,20800000000,0.139,21000000000,0.167,,15000000000,,175.64,,,,,,,,,,,,,,,,,,,,,,true,true,12,2023-10-01,2024-09-30,0
2024-04-26,7148,2023-09-30,2,,,,,,,,,,,,,,,,,,,,183675000000,44298000000,0.241,,44191000000,,,,,,,,,,,,true,false,12,2022-10-01,2023-09-30,-1
2024-04-26,7148,2023-09-30,2,,,,,,,,,,,,,,,,,,,,,,,,,,,,,73.00,,,,89073600,3672101,,false,false,12,2022-10-01,2023-09-30,-1
2024-04-26,7148,2024-09-30,2,,,,,,,,,,,,,,,,,,,,,,,,,,,,,38.75,,,,,,,false,false,12,2023-10-01,2024-09-30,0
2024-04-26,7148,2024-09-30,2,,,,,,,,,,,,,,,,,,,,,,,,,,,,,88.00,,,,,,,false,true,12,2023-10-01,2024-09-30,0
2024-04-26,7148,2024-09-30,2,,,,,,,,,,,,,,,,,,,,,,,,,,,,,,,,,89073600,3672101,85401499,false,false,6,2023-10-01,2024-03-31,0
2024-04-26,7148,2023-09-30,2,,,,,,,,,,,,,,,,,,,,,,,,,,,,,,,,,,,85402943,false,false,6,2022-10-01,2023-03-31,-1
2024-07-29,71480,2024-09-30,,99500000000,0.272,,,,,25600000000,0.231,26000000000,0.238,,18000000000,,211.29,,,,,,,,,,,,,,,,,,,,,,true,true,12,2023-10-01,2024-09-30,0
2024-07-29,71480,2023-09-30,,71149000000,,,,,,18265000000,,17989000000,,,12466000000,,145.97,,,,,,,,,,,,,,,,,,,,,,true,false,12,2022-10-01,2023-09-30,-1
2024-07-29,71480,2024-09-30,,,,,,,,,,,,,,,,,,,,,,,,,,,,,,105.85,,,,,,,false,true,12,2023-10-01,2024-09-30,0
2024-07-29,71480,2024-09-30,,,,,,,,,,,,,,,,,,,,,,,,,,,,,,38.75,,,,,,,false,false,12,2023-10-01,2024-09-30,0
2024-07-29,71480,2023-09-30,,,,,,,,,,,,,,,,,,,,,,,,,,,,,,73.00,,,,,,,false,false,12,2022-10-01,2023-09-30,-1
2024-07-31,7148,2024-09-30,3,81316000000,0.693,,,,,23092000000,0.500,23472000000,0.522,,16620000000,,194.71,,,,,,211037000000,50727000000,0.240,,50587000000,,,,,,,,,,,,true,false,9,2023-10-01,2024-06-30,0
2024-07-31,7148,2023-09-30,3,48036000000,0.012,,,,,15393000000,0.565,15418000000,0.454,,10606000000,,124.20,,,,,,,,,,,,,,,,,,,,,,true,false,9,2022-10-01,2023-06-30,-1
2024-07-31,7148,2024-09-30,3,99500000000,0.398,,,,,25600000000,0.402,26000000000,0.445,,18000000000,,211.29,,,,,,,,,,,,,,,,,,,,,,true,true,12,2023-10-01,2024-09-30,0
2024-07-31,7148,2023-09-30,3,,,,,,,,,,,,,,,,,,,,183675000000,44298000000,0.241,,44191000000,,,,,,,,,,,,true,false,12,2022-10-01,2023-09-30,-1
2024-07-31,7148,2023-09-30,3,,,,,,,,,,,,,,,,,,,,,,,,,,,,,73.00,,,,89073600,3672101,,false,false,12,2022-10-01,2023-09-30,-1
2024-07-31,7148,2024-09-30,3,,,,,,,,,,,,,,,,,,,,,,,,,,,,,38.75,,,,,,,false,false,12,2023-10-01,2024-09-30,0
2024-07-31,7148,2024-09-30,3,,,,,,,,,,,,,,,,,,,,,,,,,,,,,105.85,,,,,,,false,true,12,2023-10-01,2024-09-30,0
2024-07-31,7148,2024-09-30,3,,,,,,,,,,,,,,,,,,,,,,,,,,,,,,,,,85403600,362101,85359455,false,false,9,2023-10-01,2024-06-30,0
2024-07-31,7148,2023-09-30,3,,,,,,,,,,,,,,,,,,,,,,,,,,,,,,,,,,,85402730,false,false,9,2022-10-01,2023-06-30,-1
2024-10-31,7148,2024-09-30,,107781000000,0.515,,,,,28633000000,0.568,28909000000,0.607,,20457000000,,240.07,,0.420,0.140,0.266,,230619000000,53329000000,0.231,629.36,53206000000,-29266000000,6569000000,24229000000,16041000000,,0.501,,,,,,true,false,12,2023-10-01,2024-09-30,0
2024-10-31,7148,2023-09-30,,71149000000,0.202,,,,,18265000000,0.555,17989000000,0.443,,12466000000,,145.97,,0.311,0.105,0.257,,183675000000,44298000000,0.241,517.45,44191000000,4774000000,-9359000000,7342000000,14584000000,,0.500,,,,,,true,false,12,2022-10-01,2023-09-30,-1
2024-10-31,7148,2025-09-30,,123500000000,0.146,,,,,31700000000,0.107,31700000000,0.097,,22000000000,,260.36,,,,,,,,,,,,,,,,0.501,,,,,,true,true,12,2024-10-01,2025-09-30,1
2024-10-31,7148,2024-09-30,,105218000000,0.536,,,,,28761000000,0.600,29398000000,0.637,20348000000,,0.669,238.79,,,,,,235667000000,54238000000,0.230,641.56,54238000000,,,,,120.30,,,,85403600,862189,85214488,false,false,12,2023-10-01,2024-09-30,0
2024-10-31,7148,2023-09-30,,68519000000,0.196,,,,,17980000000,0.581,17956000000,0.407,12189000000,,0.356,142.72,,,,,,190324000000,45331000000,0.238,530.81,45331000000,,,,,73.00,,,,89073600,3672101,85402483,false,false,12,2022-10-01,2023-09-30,-1
2024-10-31,7148,2025-09-30,,,,,,,,,,,,,,,,,,,,,,,,,,,,,,130.40,,,,,,,false,true,12,2024-10-01,2025-09-30,1
2025-01-30,7148,2025-09-30,1,27963000000,0.146,,,,,7680000000,-0.077,7961000000,-0.074,,5467000000,,64.76,,,,,,230275000000,51086000000,0.221,,50923000000,,,,,,,,,,,,true,false,3,2024-10-01,2024-12-31,0
2025-01-30,7148,2024-09-30,1,24393000000,0.401,,,,,8321000000,0.173,8595000000,0.219,,6382000000,,74.74,,,,,,,,,,,,,,,,,,,,,,true,false,3,2023-10-01,2023-12-31,-1
2025-01-30,7148,2025-09-30,1,123500000000,0.146,,,,,31700000000,0.107,31700000000,0.097,,22000000000,,261.06,,,,,,,,,,,,,,,,,,,,,,true,true,12,2024-10-01,2025-09-30,0
2025-01-30,7148,2024-09-30,1,,,,,,,,,,,,,,,,,,,,230619000000,53329000000,0.231,,53206000000,,,,,,,,,,,,true,false,12,2023-10-01,2024-09-30,-1
2025-01-30,7148,2024-09-30,1,,,,,,,,,,,,,,,,,,,,,,,,,,,,,120.30,,,,85403600,862189,,false,false,12,2023-10-01,2024-09-30,-1
2025-01-30,7148,2025-09-30,1,,,,,,,,,,,,,,,,,,,,,,,,,,,,,130.40,,,,,,,false,true,12,2024-10-01,2025-09-30,0
2025-01-30,7148,2025-09-30,1,,,,,,,,,,,,,,,,,,,,,,,,,,,,,,,,,84543600,325089,84425134,false,false,3,2024-10-01,2024-12-31,0
2025-01-30,7148,2024-09-30,1,,,,,,,,,,,,,,,,,,,,,,,,,,,,,,,,,,,85401499,false,false,3,2023-10-01,2023-12-31,-1
2025-04-28,7148,2025-09-30,2,63471000000,0.252,,,,,15121000000,-0.036,15828000000,-0.010,,10839000000,,128.67,,,,,,169907000000,55542000000,0.326,,55409000000,,,,,,,,,,,,true,false,6,2024-10-01,2025-03-31,0
2025-04-28,7148,2024-09-30,2,50696000000,0.567,,,,,15690000000,0.385,15995000000,0.425,,11521000000,,134.91,,,,,,,,,,,,,,,,,,,,,,true,false,6,2023-10-01,2024-03-31,-1
2025-04-28,7148,2025-09-30,2,123500000000,0.146,,,,,31700000000,0.107,31700000000,0.097,,22000000000,,261.94,,,,,,,,,,,,,,,,,,,,,,true,true,12,2024-10-01,2025-09-30,0
2025-04-28,7148,2024-09-30,2,,,,,,,,,,,,,,,,,,,,230619000000,53329000000,0.231,,53206000000,,,,,,,,,,,,true,false,12,2023-10-01,2024-09-30,-1
2025-04-28,7148,2024-09-30,2,,,,,,,,,,,,,,,,,,,,,,,,,,,,,120.30,,,,85403600,862189,,false,false,12,2023-10-01,2024-09-30,-1
2025-04-28,7148,2025-09-30,2,,,,,,,,,,,,,,,,,,,,,,,,,,,,,65.20,,,,,,,false,false,12,2024-10-01,2025-09-30,0
2025-04-28,7148,2025-09-30,2,,,,,,,,,,,,,,,,,,,,,,,,,,,,,130.40,,,,,,,false,true,12,2024-10-01,2025-09-30,0
2025-04-28,7148,2025-09-30,2,,,,,,,,,,,,,,,,,,,,,,,,,,,,,,,,,84543600,687739,84239239,false,false,6,2024-10-01,2025-03-31,0
2025-04-28,7148,2024-09-30,2,,,,,,,,,,,,,,,,,,,,,,,,,,,,,,,,,,,85401499,false,false,6,2023-10-01,2024-03-31,-1
