filing_date,code,fiscal_year_end,quarterly_period,net_sales,net_sales_change,revenue,revenue_change,operating_revenue,operating_revenue_change,operating_profit,operating_profit_change,ordinary_profit,ordinary_profit_change,net_income,net_income_of_parent,net_income_change,eps,diluted_eps,roe,roa,operating_profit_to_net_sales,operating_profit_to_revenue,total_assets,net_assets,equity_ratio,bps,owner_equity,operating_cash_flow,investing_cash_flow,financing_cash_flow,cash,dividend_per_share,payout_ratio,commemorative_dividend,extra_dividend,number_of_shares,number_of_treqsury_shares,avg_number_of_shares,is_consolidated,is_forecast,duration,period_start,period_end,period_pos
2015-05-13,71620,2015-03-31,,,,,,4401000000,0.680,580000000,,554000000,,512000000,,,39.06,39.05,0.122,0.097,,,6495000000,4450000000,0.684,338.41,4443000000,1086000000,-1293000000,643000000,1831000000,,0.302,,,,,,true,false,12,2014-04-01,2015-03-31,0
2015-05-13,71620,2014-03-31,,,,,,2619000000,0.360,-70000000,,-86000000,,-115000000,,,-8.83,,-0.029,-0.017,,,4917000000,3936000000,0.797,299.07,3921000000,362000000,-338000000,-0,1394000000,,,,,,,,true,false,12,2013-04-01,2014-03-31,-1
2015-05-13,71620,2015-03-31,,,,,,276000000,-0.166,-6000000,,165000000,2.152,211000000,,3.225,16.14,16.14,,,,,4390000000,4226000000,0.961,321.49,4221000000,,,,,11.80,,,,13129400,0,13113471,false,false,12,2014-04-01,2015-03-31,0
2015-05-13,71620,2014-03-31,,,,,,331000000,1.262,1000000,-0.843,52000000,,50000000,,,3.82,3.82,,,,,4727000000,4015000000,0.847,305.32,4003000000,,,,,0.00,,,,13111000,0,13104258,false,false,12,2013-04-01,2014-03-31,-1
2015-07-31,71620,2016-03-31,1,,,,,666000000,-0.275,23000000,-0.792,12000000,-0.887,,13000000,,1.01,,,,,,6762000000,4311000000,0.637,,4309000000,,,,,,,,,,,,true,false,3,2015-04-01,2015-06-30,0
2015-07-31,71620,2015-03-31,1,,,,,919000000,0.738,112000000,,108000000,,,100000000,,7.67,,,,,,,,,,,,,,,,,,,,,,true,false,3,2014-04-01,2014-06-30,-1
2015-07-31,71620,2015-03-31,1,,,,,,,,,,,,,,,,,,,,6495000000,4450000000,0.684,,4443000000,,,,,,,,,,,,true,false,12,2014-04-01,2015-03-31,-1
2015-07-31,71620,2015-03-31,1,,,,,,,,,,,,,,,,,,,,,,,,,,,,,11.80,,,,13129400,0,,false,false,12,2014-04-01,2015-03-31,-1
2015-07-31,71620,2016-03-31,1,,,,,,,,,,,,,,,,,,,,,,,,,,,,,,,,,13160300,0,13147658,false,false,3,2015-04-01,2015-06-30,0
2015-07-31,71620,2015-03-31,1,,,,,,,,,,,,,,,,,,,,,,,,,,,,,,,,,,,13111000,false,false,3,2014-04-01,2014-06-30,-1
2015-10-28,71620,2016-03-31,,,,,,1390000000,,101000000,,21000000,,,21000000,,,,,,,,,,,,,,,,,,,,,,,,true,true,6,2015-04-01,2015-09-30,0
2015-10-28,71620,2015-03-31,,,,,,2578000000,,357000000,,349000000,,,320000000,,,,,,,,,,,,,,,,,,,,,,,,true,false,6,2014-04-01,2014-09-30,-1
2015-10-30,71620,2016-03-31,2,,,,,1390000000,-0.461,101000000,-0.715,21000000,-0.937,,21000000,,1.66,,,,,,8421000000,4320000000,0.513,,4318000000,,,,,,,,,,,,true,false,6,2015-04-01,2015-09-30,0
2015-10-30,71620,2015-03-31,2,,,,,2578000000,2.009,357000000,,349000000,,,320000000,,24.46,,,,,,,,,,,,,,,,,,,,,,true,false,6,2014-04-01,2014-09-30,-1
2015-10-30,71620,2015-03-31,2,,,,,,,,,,,,,,,,,,,,6495000000,4450000000,0.684,,4443000000,,,,,,,,,,,,true,false,12,2014-04-01,2015-03-31,-1
2015-10-30,71620,2015-03-31,2,,,,,,,,,,,,,,,,,,,,,,,,,,,,,11.80,,,,13129400,0,,false,false,12,2014-04-01,2015-03-31,-1
2015-10-30,71620,2016-03-31,2,,,,,,,,,,,,,,,,,,,,,,,,,,,,,0.00,,,,,,,false,false,12,2015-04-01,2016-03-31,0
2015-10-30,71620,2016-03-31,2,,,,,,,,,,,,,,,,,,,,,,,,,,,,,,,,,13160300,52,13154014,false,false,6,2015-04-01,2015-09-30,0
2015-10-30,71620,2015-03-31,2,,,,,,,,,,,,,,,,,,,,,,,,,,,,,,,,,,,13111167,false,false,6,2014-04-01,2014-09-30,-1
2016-01-29,71620,2016-03-31,3,,,,,2251000000,-0.367,211000000,-0.565,110000000,-0.768,,108000000,,8.26,,,,,,8414000000,4408000000,0.524,,4405000000,,,,,,,,,,,,true,false,9,2015-04-01,2015-12-31,0
2016-01-29,71620,2015-03-31,3,,,,,3558000000,0.564,486000000,8.503,473000000,11.512,,433000000,,33.08,,,,,,,,,,,,,,,,,,,,,,true,false,9,2014-04-01,2014-12-31,-1
2016-01-29,71620,2015-03-31,3,,,,,,,,,,,,,,,,,,,,6495000000,4450000000,0.684,,4443000000,,,,,,,,,,,,true,false,12,2014-04-01,2015-03-31,-1
2016-01-29,71620,2015-03-31,3,,,,,,,,,,,,,,,,,,,,,,,,,,,,,11.80,,,,13129400,0,,false,false,12,2014-04-01,2015-03-31,-1
2016-01-29,71620,2016-03-31,3,,,,,,,,,,,,,,,,,,,,,,,,,,,,,0.00,,,,,,,false,false,12,2015-04-01,2016-03-31,0
2016-01-29,71620,2016-03-31,3,,,,,,,,,,,,,,,,,,,,,,,,,,,,,,,,,13160300,52,13156088,false,false,9,2015-04-01,2015-12-31,0
2016-01-29,71620,2015-03-31,3,,,,,,,,,,,,,,,,,,,,,,,,,,,,,,,,,,,13112545,false,false,9,2014-04-01,2014-12-31,-1
,71620,2016-03-31,,,,,,,,,,,,,,,,,,,,,,,,,,,,,,4.00,,,,,,,false,true,12,2015-04-01,2016-03-31,0
,71620,2016-03-31,,,,,,,,,,,,,,,,,,,,,,,,,,,,,,0.00,,,,,,,false,false,12,2015-04-01,2016-03-31,0
,71620,2015-03-31,,,,,,,,,,,,,,,,,,,,,,,,,,,,,,11.80,,,,,,,false,false,12,2014-04-01,2015-03-31,-1
2016-04-27,71620,2016-03-31,,,,,,3035000000,,288000000,,160000000,,,159000000,,,,,,,,,,,,,,,,,,,,,,,,true,true,12,2015-04-01,2016-03-31,0
2016-04-27,71620,2015-03-31,,,,,,4401000000,,580000000,,554000000,,,512000000,,,,,,,,,,,,,,,,,,,,,,,,true,false,12,2014-04-01,2015-03-31,-1
2016-05-13,71620,2016-03-31,,,,,,3035000000,-0.310,288000000,-0.503,160000000,-0.710,,159000000,,12.09,,0.036,0.020,,,9203000000,4459000000,0.484,338.62,4456000000,572000000,-3080000000,2633000000,1956000000,,0.331,,,,,,true,false,12,2015-04-01,2016-03-31,0
2016-05-13,71620,2015-03-31,,,,,,4401000000,0.680,580000000,,554000000,,,512000000,,39.06,39.05,0.122,0.097,,,6498000000,4450000000,0.684,338.41,4443000000,1086000000,-1293000000,643000000,1831000000,,0.302,,,,,,true,false,12,2014-04-01,2015-03-31,-1
2016-05-13,71620,2016-03-31,,,,,,320000000,0.161,5000000,,182000000,0.104,181000000,,-0.143,13.80,,,,,,5203000000,4258000000,0.818,323.55,4258000000,,,,,4.00,,,,13160300,52,13157122,false,false,12,2015-04-01,2016-03-31,0
2016-05-13,71620,2015-03-31,,,,,,276000000,-0.166,-6000000,,165000000,2.152,211000000,,3.225,16.14,16.14,,,,,4390000000,4226000000,0.961,321.49,4221000000,,,,,11.80,,,,13129400,0,13113471,false,false,12,2014-04-01,2015-03-31,-1
2016-07-29,71620,2017-03-31,1,,,,,747000000,0.122,51000000,1.217,26000000,1.192,,28000000,,2.18,,,,,,9070000000,4435000000,0.489,,4432000000,,,,,,,,,,,,true,false,3,2016-04-01,2016-06-30,0
2016-07-29,71620,2016-03-31,1,,,,,666000000,-0.275,23000000,-0.792,12000000,-0.887,,13000000,,1.01,,,,,,,,,,,,,,,,,,,,,,true,false,3,2015-04-01,2015-06-30,-1
2016-07-29,71620,2016-03-31,1,,,,,,,,,,,,,,,,,,,,9203000000,4459000000,0.484,,4456000000,,,,,,,,,,,,true,false,12,2015-04-01,2016-03-31,-1
2016-07-29,71620,2016-03-31,1,,,,,,,,,,,,,,,,,,,,,,,,,,,,,4.00,,,,13160300,52,,false,false,12,2015-04-01,2016-03-31,-1
2016-07-29,71620,2017-03-31,1,,,,,,,,,,,,,,,,,,,,,,,,,,,,,,,,,13160300,52,13160248,false,false,3,2016-04-01,2016-06-30,0
2016-07-29,71620,2016-03-31,1,,,,,,,,,,,,,,,,,,,,,,,,,,,,,,,,,,,13147658,false,false,3,2015-04-01,2015-06-30,-1
2016-10-26,71620,2017-03-31,,,,,,1663000000,,138000000,,72000000,,,36000000,,,,,,,,,,,,,,,,,,,,,,,,true,true,6,2016-04-01,2016-09-30,0
2016-10-26,71620,2016-03-31,,,,,,1390000000,,101000000,,21000000,,,21000000,,,,,,,,,,,,,,,,,,,,,,,,true,false,6,2015-04-01,2015-09-30,-1
2016-10-31,71620,2017-03-31,2,,,,,1663000000,0.196,138000000,0.358,72000000,2.296,,36000000,,2.81,,,,,,10235000000,4782000000,0.436,,4461000000,,,,,,,,,,,,true,false,6,2016-04-01,2016-09-30,0
2016-10-31,71620,2016-03-31,2,,,,,1390000000,-0.461,101000000,-0.715,21000000,-0.937,,21000000,,1.66,,,,,,,,,,,,,,,,,,,,,,true,false,6,2015-04-01,2015-09-30,-1
2016-10-31,71620,2016-03-31,2,,,,,,,,,,,,,,,,,,,,9203000000,4459000000,0.484,,4456000000,,,,,,,,,,,,true,false,12,2015-04-01,2016-03-31,-1
2016-10-31,71620,2016-03-31,2,,,,,,,,,,,,,,,,,,,,,,,,,,,,,4.00,,,,13160300,52,,false,false,12,2015-04-01,2016-03-31,-1
2016-10-31,71620,2017-03-31,2,,,,,,,,,,,,,,,,,,,,,,,,,,,,,0.00,,,,,,,false,false,12,2016-04-01,2017-03-31,0
2016-10-31,71620,2017-03-31,2,,,,,,,,,,,,,,,,,,,,,,,,,,,,,,,,,13160300,52,13160248,false,false,6,2016-04-01,2016-09-30,0
2016-10-31,71620,2016-03-31,2,,,,,,,,,,,,,,,,,,,,,,,,,,,,,,,,,,,13154014,false,false,6,2015-04-01,2015-09-30,-1
2017-01-31,71620,2017-03-31,3,,,,,2555000000,0.135,157000000,-0.257,68000000,-0.376,,24000000,,1.84,,,,,,12267000000,5973000000,0.437,,5362000000,,,,,,,,,,,,true,false,9,2016-04-01,2016-12-31,0
2017-01-31,71620,2016-03-31,3,,,,,2251000000,-0.367,211000000,-0.565,110000000,-0.768,,108000000,,8.26,,,,,,,,,,,,,,,,,,,,,,true,false,9,2015-04-01,2015-12-31,-1
2017-01-31,71620,2016-03-31,3,,,,,,,,,,,,,,,,,,,,9203000000,4459000000,0.484,,4456000000,,,,,,,,,,,,true,false,12,2015-04-01,2016-03-31,-1
2017-01-31,71620,2016-03-31,3,,,,,,,,,,,,,,,,,,,,,,,,,,,,,4.00,,,,13160300,52,,false,false,12,2015-04-01,2016-03-31,-1
2017-01-31,71620,2017-03-31,3,,,,,,,,,,,,,,,,,,,,,,,,,,,,,0.00,,,,,,,false,false,12,2016-04-01,2017-03-31,0
2017-01-31,71620,2017-03-31,3,,,,,,,,,,,,,,,,,,,,,,,,,,,,,,,,,13160300,104,13160246,false,false,9,2016-04-01,2016-12-31,0
2017-01-31,71620,2016-03-31,3,,,,,,,,,,,,,,,,,,,,,,,,,,,,,,,,,,,13156088,false,false,9,2015-04-01,2015-12-31,-1
2017-04-26,71620,2017-03-31,,,,,,3522000000,,209000000,,100000000,,,2000000,,,,,,,,,,,,,,,,,,,,,,,,true,true,12,2016-04-01,2017-03-31,0
2017-04-26,71620,2016-03-31,,,,,,3035000000,,288000000,,160000000,,,159000000,,,,,,,,,,,,,,,,,,,,,,,,true,false,12,2015-04-01,2016-03-31,-1
2017-05-15,71620,2017-03-31,,,,,,3522000000,0.160,209000000,-0.275,100000000,-0.377,,2000000,,0.16,,0.000,0.009,,,12117000000,5987000000,0.441,406.26,5346000000,367000000,-1247000000,2608000000,3685000000,,45.109,,,,,,true,false,12,2016-04-01,2017-03-31,0
2017-05-15,71620,2016-03-31,,,,,,3035000000,-0.310,288000000,-0.503,160000000,-0.710,,159000000,,12.09,,0.036,0.020,,,9203000000,4459000000,0.484,338.62,4456000000,572000000,-3080000000,2633000000,1956000000,,0.331,,,,,,true,false,12,2015-04-01,2016-03-31,-1
2017-05-15,71620,2017-03-31,,,,,,331000000,0.034,-27000000,,199000000,0.091,832000000,,3.584,63.22,,,,,,6083000000,5037000000,0.828,382.78,5037000000,,,,,7.00,,,,13160300,104,13160234,false,false,12,2016-04-01,2017-03-31,0
2017-05-15,71620,2016-03-31,,,,,,320000000,0.161,5000000,,182000000,0.104,181000000,,-0.143,13.80,,,,,,5203000000,4258000000,0.818,323.55,4258000000,,,,,4.00,,,,13160300,52,13157122,false,false,12,2015-04-01,2016-03-31,-1
2017-07-31,71620,2018-03-31,1,,,,,974000000,0.303,37000000,-0.270,5000000,-0.805,,-42000000,,-3.19,,,,,,11818000000,5752000000,0.441,,5216000000,,,,,,,,,,,,true,false,3,2017-04-01,2017-06-30,0
2017-07-31,71620,2017-03-31,1,,,,,747000000,0.122,51000000,1.217,26000000,1.192,,28000000,,2.18,,,,,,,,,,,,,,,,,,,,,,true,false,3,2016-04-01,2016-06-30,-1
2017-07-31,71620,2017-03-31,1,,,,,,,,,,,,,,,,,,,,12117000000,5987000000,0.441,,5346000000,,,,,,,,,,,,true,false,12,2016-04-01,2017-03-31,-1
2017-07-31,71620,2017-03-31,1,,,,,,,,,,,,,,,,,,,,,,,,,,,,,7.00,,,,13160300,104,,false,false,12,2016-04-01,2017-03-31,-1
2017-07-31,71620,2018-03-31,1,,,,,,,,,,,,,,,,,,,,,,,,,,,,,,,,,13160300,104,13160196,false,false,3,2017-04-01,2017-06-30,0
2017-07-31,71620,2017-03-31,1,,,,,,,,,,,,,,,,,,,,,,,,,,,,,,,,,,,13160248,false,false,3,2016-04-01,2016-06-30,-1
2017-10-27,71620,2018-03-31,,,,,,2143000000,,81000000,,22000000,,,-67000000,,,,,,,,,,,,,,,,,,,,,,,,true,true,6,2017-04-01,2017-09-30,0
2017-10-27,71620,2017-03-31,,,,,,1663000000,,138000000,,72000000,,,36000000,,,,,,,,,,,,,,,,,,,,,,,,true,false,6,2016-04-01,2016-09-30,-1
2017-10-31,71620,2018-03-31,2,,,,,2143000000,0.288,81000000,-0.408,22000000,-0.685,,-67000000,,-5.13,,,,,,11597000000,5747000000,0.448,,5191000000,,,,,,,,,,,,true,false,6,2017-04-01,2017-09-30,0
2017-10-31,71620,2017-03-31,2,,,,,1663000000,0.196,138000000,0.358,72000000,2.296,,36000000,,2.81,,,,,,,,,,,,,,,,,,,,,,true,false,6,2016-04-01,2016-09-30,-1
2017-10-31,71620,2017-03-31,2,,,,,,,,,,,,,,,,,,,,12117000000,5987000000,0.441,,5346000000,,,,,,,,,,,,true,false,12,2016-04-01,2017-03-31,-1
2017-10-31,71620,2017-03-31,2,,,,,,,,,,,,,,,,,,,,,,,,,,,,,7.00,,,,13160300,104,,false,false,12,2016-04-01,2017-03-31,-1
2017-10-31,71620,2018-03-31,2,,,,,,,,,,,,,,,,,,,,,,,,,,,,,0.00,,,,,,,false,false,12,2017-04-01,2018-03-31,0
2017-10-31,71620,2018-03-31,2,,,,,,,,,,,,,,,,,,,,,,,,,,,,,,,,,13160300,104,13160196,false,false,6,2017-04-01,2017-09-30,0
2017-10-31,71620,2017-03-31,2,,,,,,,,,,,,,,,,,,,,,,,,,,,,,,,,,,,13160248,false,false,6,2016-04-01,2016-09-30,-1
2018-01-31,71620,2018-03-31,3,,,,,3605000000,0.411,89000000,-0.428,6000000,-0.900,,-108000000,,-8.24,,,,,,12019000000,5707000000,0.429,,5152000000,,,,,,,,,,,,true,false,9,2017-04-01,2017-12-31,0
2018-01-31,71620,2017-03-31,3,,,,,2555000000,0.135,157000000,-0.257,68000000,-0.376,,24000000,,1.84,,,,,,,,,,,,,,,,,,,,,,true,false,9,2016-04-01,2016-12-31,-1
2018-01-31,71620,2017-03-31,3,,,,,,,,,,,,,,,,,,,,12117000000,5987000000,0.441,,5346000000,,,,,,,,,,,,true,false,12,2016-04-01,2017-03-31,-1
2018-01-31,71620,2017-03-31,3,,,,,,,,,,,,,,,,,,,,,,,,,,,,,7.00,,,,13160300,104,,false,false,12,2016-04-01,2017-03-31,-1
2018-01-31,71620,2018-03-31,3,,,,,,,,,,,,,,,,,,,,,,,,,,,,,0.00,,,,,,,false,false,12,2017-04-01,2018-03-31,0
2018-01-31,71620,2018-03-31,3,,,,,,,,,,,,,,,,,,,,,,,,,,,,,,,,,13160300,104,13160196,false,false,9,2017-04-01,2017-12-31,0
2018-01-31,71620,2017-03-31,3,,,,,,,,,,,,,,,,,,,,,,,,,,,,,,,,,,,13160246,false,false,9,2016-04-01,2016-12-31,-1
2018-04-25,71620,2018-03-31,,,,,,6186000000,,166000000,,-1000000,,,162000000,,,,,,,,,,,,,,,,,,,,,,,,true,true,12,2017-04-01,2018-03-31,0
2018-04-25,71620,2017-03-31,,,,,,3522000000,,209000000,,100000000,,,2000000,,,,,,,,,,,,,,,,,,,,,,,,true,false,12,2016-04-01,2017-03-31,-1
2018-05-15,71620,2018-03-31,,,,,,6186000000,0.756,166000000,-0.204,-1000000,,,162000000,,12.35,,0.030,0.000,,,12078000000,5942000000,0.449,411.86,5420000000,801000000,-38000000,-1004000000,3443000000,,0.891,,,,,,true,false,12,2017-04-01,2018-03-31,0
2018-05-15,71620,2017-03-31,,,,,,3522000000,0.160,209000000,-0.275,100000000,-0.377,,2000000,,0.16,,0.000,0.009,,,12117000000,5987000000,0.441,406.26,5346000000,367000000,-1247000000,2608000000,3685000000,,45.109,,,,,,true,false,12,2016-04-01,2017-03-31,-1
2018-05-15,71620,2018-03-31,,,,,,320000000,-0.033,-2000000,,273000000,0.376,286000000,,-0.655,21.80,,,,,,5958000000,5234000000,0.878,397.72,5234000000,,,,,11.00,,,,13160300,104,13160196,false,false,12,2017-04-01,2018-03-31,0
2018-05-15,71620,2017-03-31,,,,,,331000000,0.034,-27000000,,199000000,0.091,832000000,,3.584,63.22,,,,,,6083000000,5037000000,0.828,382.78,5037000000,,,,,7.00,,,,13160300,104,13160234,false,false,12,2016-04-01,2017-03-31,-1
2018-07-27,71620,2019-03-31,,,,,,2043000000,,,,66000000,,,13000000,,,,,,,,,,,,,,,,,,,,,,,,true,true,3,2018-04-01,2018-06-30,0
2018-07-27,71620,2018-03-31,,,,,,974000000,,,,5000000,,,-42000000,,,,,,,,,,,,,,,,,,,,,,,,true,false,3,2017-04-01,2017-06-30,-1
2018-07-31,71620,2019-03-31,1,,,,,2043000000,1.097,82000000,1.163,66000000,,,13000000,,1.00,,,,,,12068000000,5802000000,0.438,,5288000000,,,,,,,,,,,,true,false,3,2018-04-01,2018-06-30,0
2018-07-31,71620,2018-03-31,1,,,,,974000000,0.303,37000000,-0.270,5000000,-0.805,,-42000000,,-3.19,,,,,,,,,,,,,,,,,,,,,,true,false,3,2017-04-01,2017-06-30,-1
2018-07-31,71620,2018-03-31,1,,,,,,,,,,,,,,,,,,,,12077000000,5942000000,0.449,,5420000000,,,,,,,,,,,,true,false,12,2017-04-01,2018-03-31,-1
2018-07-31,71620,2018-03-31,1,,,,,,,,,,,,,,,,,,,,,,,,,,,,,11.00,,,,13160300,104,,false,false,12,2017-04-01,2018-03-31,-1
2018-07-31,71620,2019-03-31,1,,,,,,,,,,,,,,,,,,,,,,,,,,,,,,,,,13160300,104,13160196,false,false,3,2018-04-01,2018-06-30,0
2018-07-31,71620,2018-03-31,1,,,,,,,,,,,,,,,,,,,,,,,,,,,,,,,,,,,13160196,false,false,3,2017-04-01,2017-06-30,-1
2018-10-29,71620,2019-03-31,,,,,,5220000000,,125000000,,111000000,,,7000000,,,,,,,,,,,,,,,,,,,,,,,,true,true,6,2018-04-01,2018-09-30,0
2018-10-29,71620,2018-03-31,,,,,,2143000000,,81000000,,22000000,,,-67000000,,,,,,,,,,,,,,,,,,,,,,,,true,false,6,2017-04-01,2017-09-30,-1
2018-10-31,71620,2019-03-31,2,,,,,5220000000,1.436,125000000,0.530,111000000,3.885,,7000000,,0.57,,,,,,11892000000,5818000000,0.444,,5281000000,,,,,,,,,,,,true,false,6,2018-04-01,2018-09-30,0
2018-10-31,71620,2018-03-31,2,,,,,2143000000,0.288,81000000,-0.408,22000000,-0.685,,-67000000,,-5.13,,,,,,,,,,,,,,,,,,,,,,true,false,6,2017-04-01,2017-09-30,-1
2018-10-31,71620,2018-03-31,2,,,,,,,,,,,,,,,,,,,,12077000000,5942000000,0.449,,5420000000,,,,,,,,,,,,true,false,12,2017-04-01,2018-03-31,-1
2018-10-31,71620,2018-03-31,2,,,,,,,,,,,,,,,,,,,,,,,,,,,,,11.00,,,,13160300,104,,false,false,12,2017-04-01,2018-03-31,-1
2018-10-31,71620,2019-03-31,2,,,,,,,,,,,,,,,,,,,,,,,,,,,,,0.00,,,,,,,false,false,12,2018-04-01,2019-03-31,0
2018-10-31,71620,2019-03-31,2,,,,,,,,,,,,,,,,,,,,,,,,,,,,,,,,,13160300,104,13160196,false,false,6,2018-04-01,2018-09-30,0
2018-10-31,71620,2018-03-31,2,,,,,,,,,,,,,,,,,,,,,,,,,,,,,,,,,,,13160196,false,false,6,2017-04-01,2017-09-30,-1
2018-07-31,71620,2019-03-31,1,,,,,2043000000,1.097,82000000,1.163,66000000,,,13000000,,1.00,,,,,,12068000000,5802000000,0.438,,5288000000,,,,,,,,,,,,true,false,3,2018-04-01,2018-06-30,0
2018-07-31,71620,2018-03-31,1,,,,,974000000,0.303,37000000,-0.270,5000000,-0.805,,-42000000,,-3.19,,,,,,,,,,,,,,,,,,,,,,true,false,3,2017-04-01,2017-06-30,-1
2018-07-31,71620,2018-03-31,1,,,,,,,,,,,,,,,,,,,,12077000000,5942000000,0.449,,5420000000,,,,,,,,,,,,true,false,12,2017-04-01,2018-03-31,-1
2018-07-31,71620,2018-03-31,1,,,,,,,,,,,,,,,,,,,,,,,,,,,,,11.00,,,,13160300,104,,false,false,12,2017-04-01,2018-03-31,-1
2018-07-31,71620,2019-03-31,1,,,,,,,,,,,,,,,,,,,,,,,,,,,,,,,,,13160300,104,13160196,false,false,3,2018-04-01,2018-06-30,0
2018-07-31,71620,2018-03-31,1,,,,,,,,,,,,,,,,,,,,,,,,,,,,,,,,,,,13160196,false,false,3,2017-04-01,2017-06-30,-1
2018-10-31,71620,2019-03-31,2,,,,,5220000000,1.436,125000000,0.530,111000000,3.885,,7000000,,0.57,,,,,,11892000000,5818000000,0.444,,5281000000,,,,,,,,,,,,true,false,6,2018-04-01,2018-09-30,0
2018-10-31,71620,2018-03-31,2,,,,,2143000000,0.288,81000000,-0.408,22000000,-0.685,,-67000000,,-5.13,,,,,,,,,,,,,,,,,,,,,,true,false,6,2017-04-01,2017-09-30,-1
2018-10-31,71620,2018-03-31,2,,,,,,,,,,,,,,,,,,,,12077000000,5942000000,0.449,,5420000000,,,,,,,,,,,,true,false,12,2017-04-01,2018-03-31,-1
2018-10-31,71620,2018-03-31,2,,,,,,,,,,,,,,,,,,,,,,,,,,,,,11.00,,,,13160300,104,,false,false,12,2017-04-01,2018-03-31,-1
2018-10-31,71620,2019-03-31,2,,,,,,,,,,,,,,,,,,,,,,,,,,,,,0.00,,,,,,,false,false,12,2018-04-01,2019-03-31,0
2018-10-31,71620,2019-03-31,2,,,,,,,,,,,,,,,,,,,,,,,,,,,,,,,,,13160300,104,13160196,false,false,6,2018-04-01,2018-09-30,0
2018-10-31,71620,2018-03-31,2,,,,,,,,,,,,,,,,,,,,,,,,,,,,,,,,,,,13160196,false,false,6,2017-04-01,2017-09-30,-1
2019-01-30,71620,2019-03-31,,,,,,7807000000,,108000000,,90000000,,,71000000,,,,,,,,,,,,,,,,,,,,,,,,true,true,9,2018-04-01,2018-12-31,0
2019-01-30,71620,2018-03-31,,,,,,6186000000,,166000000,,-1000000,,,162000000,,,,,,,,,,,,,,,,,,,,,,,,true,false,9,2017-04-01,2017-12-31,-1
2019-01-31,71620,2019-03-31,3,,,,,7807000000,1.165,108000000,0.202,90000000,,,71000000,,5.42,,,,,,13498000000,5898000000,0.397,,5360000000,,,,,,,,,,,,true,false,9,2018-04-01,2018-12-31,0
2019-01-31,71620,2018-03-31,3,,,,,3605000000,0.411,89000000,-0.428,6000000,-0.900,,-108000000,,-8.24,,,,,,,,,,,,,,,,,,,,,,true,false,9,2017-04-01,2017-12-31,-1
2019-01-31,71620,2018-03-31,3,,,,,,,,,,,,,,,,,,,,12077000000,5942000000,0.449,,5420000000,,,,,,,,,,,,true,false,12,2017-04-01,2018-03-31,-1
2019-01-31,71620,2018-03-31,3,,,,,,,,,,,,,,,,,,,,,,,,,,,,,11.00,,,,13160300,104,,false,false,12,2017-04-01,2018-03-31,-1
2019-01-31,71620,2019-03-31,3,,,,,,,,,,,,,,,,,,,,,,,,,,,,,0.00,,,,,,,false,false,12,2018-04-01,2019-03-31,0
2019-01-31,71620,2019-03-31,3,,,,,,,,,,,,,,,,,,,,,,,,,,,,,,,,,13160300,104,13160196,false,false,9,2018-04-01,2018-12-31,0
2019-01-31,71620,2018-03-31,3,,,,,,,,,,,,,,,,,,,,,,,,,,,,,,,,,,,13160196,false,false,9,2017-04-01,2017-12-31,-1
2019-04-24,71620,2019-03-31,,,,,,11120000000,,160000000,,130000000,,,168000000,,,,,,,,,,,,,,,,,,,,,,,,true,true,12,2018-04-01,2019-03-31,0
2019-04-24,71620,2018-03-31,,,,,,6186000000,,166000000,,-1000000,,,162000000,,,,,,,,,,,,,,,,,,,,,,,,true,false,12,2017-04-01,2018-03-31,-1
2019-05-15,71620,2019-03-31,,,,,,11120000000,0.798,160000000,-0.035,130000000,,,168000000,,12.77,,0.031,0.010,,,13167000000,5993000000,0.413,413.71,5444000000,-61000000,-478000000,239000000,3143000000,,0.861,,,,,,true,false,12,2018-04-01,2019-03-31,0
2019-05-15,71620,2018-03-31,,,,,,6186000000,0.756,166000000,-0.204,-1000000,,,162000000,,12.35,,0.030,0.000,,,12077000000,5942000000,0.449,411.86,5420000000,801000000,-38000000,-1004000000,3443000000,,0.891,,,,,,true,false,12,2017-04-01,2018-03-31,-1
2019-05-15,71620,2019-03-31,,,,,,347000000,0.084,-10000000,,131000000,-0.521,164000000,,-0.426,12.52,,,,,,6777000000,5285000000,0.780,401.60,5285000000,,,,,11.00,,,,13160300,104,13160196,false,false,12,2018-04-01,2019-03-31,0
2019-05-15,71620,2018-03-31,,,,,,320000000,-0.033,-2000000,,273000000,0.376,286000000,,-0.655,21.80,,,,,,5958000000,5234000000,0.878,397.72,5234000000,,,,,11.00,,,,13160300,104,13160196,false,false,12,2017-04-01,2018-03-31,-1
2019-07-29,71620,2020-03-31,,,,,,1783000000,,-106000000,,-88000000,,,478000000,,,,,,,,,,,,,,,,,,,,,,,,true,true,3,2019-04-01,2019-06-30,0
2019-07-29,71620,2019-03-31,,,,,,2043000000,,82000000,,66000000,,,13000000,,,,,,,,,,,,,,,,,,,,,,,,true,false,3,2018-04-01,2018-06-30,-1
2019-07-31,71620,2020-03-31,1,,,,,1783000000,-0.127,-106000000,,-88000000,,,478000000,,36.40,,,,,,13512000000,6074000000,0.428,,5778000000,,,,,,,,,,,,true,false,3,2019-04-01,2019-06-30,0
2019-07-31,71620,2019-03-31,1,,,,,2043000000,1.097,82000000,1.163,66000000,,,13000000,,1.00,,,,,,,,,,,,,,,,,,,,,,true,false,3,2018-04-01,2018-06-30,-1
2019-07-31,71620,2019-03-31,1,,,,,,,,,,,,,,,,,,,,13167000000,5993000000,0.413,,5444000000,,,,,,,,,,,,true,false,12,2018-04-01,2019-03-31,-1
2019-07-31,71620,2019-03-31,1,,,,,,,,,,,,,,,,,,,,,,,,,,,,,11.00,,,,13160300,104,,false,false,12,2018-04-01,2019-03-31,-1
2019-07-31,71620,2020-03-31,1,,,,,,,,,,,,,,,,,,,,,,,,,,,,,,,,,13160300,104,13160196,false,false,3,2019-04-01,2019-06-30,0
2019-07-31,71620,2019-03-31,1,,,,,,,,,,,,,,,,,,,,,,,,,,,,,,,,,,,13160196,false,false,3,2018-04-01,2018-06-30,-1
2019-07-31,71620,2020-03-31,1,,,,,1783000000,-0.127,-103000000,,-84000000,,,566000000,,43.06,,,,,,13508000000,6161000000,0.434,,5866000000,,,,,,,,,,,,true,false,3,2019-04-01,2019-06-30,0
2019-07-31,71620,2019-03-31,1,,,,,2043000000,1.097,82000000,1.163,66000000,,,13000000,,1.00,,,,,,,,,,,,,,,,,,,,,,true,false,3,2018-04-01,2018-06-30,-1
2019-07-31,71620,2019-03-31,1,,,,,,,,,,,,,,,,,,,,13167000000,5993000000,0.413,,5444000000,,,,,,,,,,,,true,false,12,2018-04-01,2019-03-31,-1
2019-07-31,71620,2019-03-31,1,,,,,,,,,,,,,,,,,,,,,,,,,,,,,11.00,,,,13160300,104,,false,false,12,2018-04-01,2019-03-31,-1
2019-07-31,71620,2020-03-31,1,,,,,,,,,,,,,,,,,,,,,,,,,,,,,,,,,13160300,104,13160196,false,false,3,2019-04-01,2019-06-30,0
2019-07-31,71620,2019-03-31,1,,,,,,,,,,,,,,,,,,,,,,,,,,,,,,,,,,,13160196,false,false,3,2018-04-01,2018-06-30,-1
2019-10-29,71620,2020-03-31,,,,,,5888000000,,-43000000,,-7000000,,,587000000,,,,,,,,,,,,,,,,,,,,,,,,true,true,6,2019-04-01,2019-09-30,0
2019-10-29,71620,2019-03-31,,,,,,5220000000,,125000000,,111000000,,,7000000,,,,,,,,,,,,,,,,,,,,,,,,true,false,6,2018-04-01,2018-09-30,-1
2019-10-31,71620,2020-03-31,2,,,,,5888000000,0.128,-43000000,,-7000000,,,587000000,,44.64,,,,,,13181000000,6188000000,0.447,,5891000000,,,,,,,,,,,,true,false,6,2019-04-01,2019-09-30,0
2019-10-31,71620,2019-03-31,2,,,,,5220000000,1.436,125000000,0.530,111000000,3.885,,7000000,,0.57,,,,,,,,,,,,,,,,,,,,,,true,false,6,2018-04-01,2018-09-30,-1
2019-10-31,71620,2019-03-31,2,,,,,,,,,,,,,,,,,,,,13167000000,5993000000,0.413,,5444000000,,,,,,,,,,,,true,false,12,2018-04-01,2019-03-31,-1
2019-10-31,71620,2019-03-31,2,,,,,,,,,,,,,,,,,,,,,,,,,,,,,11.00,,,,13160300,104,,false,false,12,2018-04-01,2019-03-31,-1
2019-10-31,71620,2020-03-31,2,,,,,,,,,,,,,,,,,,,,,,,,,,,,,0.00,,,,,,,false,false,12,2019-04-01,2020-03-31,0
2019-10-31,71620,2020-03-31,2,,,,,,,,,,,,,,,,,,,,,,,,,,,,,,,,,13160300,104,13160196,false,false,6,2019-04-01,2019-09-30,0
2019-10-31,71620,2019-03-31,2,,,,,,,,,,,,,,,,,,,,,,,,,,,,,,,,,,,13160196,false,false,6,2018-04-01,2018-09-30,-1
2020-01-29,71620,2020-03-31,,,,,,8639000000,,-72000000,,-56000000,,,605000000,,,,,,,,,,,,,,,,,,,,,,,,true,true,6,2019-04-01,2019-09-30,0
2020-01-29,71620,2019-03-31,,,,,,7807000000,,108000000,,90000000,,,71000000,,,,,,,,,,,,,,,,,,,,,,,,true,false,6,2018-04-01,2018-09-30,-1
2020-01-31,71620,2020-03-31,3,,,,,8639000000,0.107,-72000000,,-56000000,,,605000000,,46.03,,,,,,14149000000,6158000000,0.415,,5866000000,,,,,,,,,,,,true,false,9,2019-04-01,2019-12-31,0
2020-01-31,71620,2019-03-31,3,,,,,7807000000,1.165,108000000,0.202,90000000,,,71000000,,5.42,,,,,,,,,,,,,,,,,,,,,,true,false,9,2018-04-01,2018-12-31,-1
2020-01-31,71620,2019-03-31,3,,,,,,,,,,,,,,,,,,,,13167000000,5993000000,0.413,,5444000000,,,,,,,,,,,,true,false,12,2018-04-01,2019-03-31,-1
2020-01-31,71620,2019-03-31,3,,,,,,,,,,,,,,,,,,,,,,,,,,,,,11.00,,,,13160300,104,,false,false,12,2018-04-01,2019-03-31,-1
2020-01-31,71620,2020-03-31,3,,,,,,,,,,,,,,,,,,,,,,,,,,,,,0.00,,,,,,,false,false,12,2019-04-01,2020-03-31,0
2020-01-31,71620,2020-03-31,3,,,,,,,,,,,,,,,,,,,,,,,,,,,,,,,,,13160300,126704,13149350,false,false,9,2019-04-01,2019-12-31,0
2020-01-31,71620,2019-03-31,3,,,,,,,,,,,,,,,,,,,,,,,,,,,,,,,,,,,13160196,false,false,9,2018-04-01,2018-12-31,-1
2020-05-01,71620,2020-03-31,,11932000000,,,,,,-166000000,,-185000000,,,243000000,,,,,,,,,,,,,,,,,,,,,,,,true,true,12,2019-04-01,2020-03-31,0
2020-05-01,71620,2019-03-31,,11120000000,,,,,,160000000,,130000000,,,168000000,,,,,,,,,,,,,,,,,,,,,,,,true,false,12,2018-04-01,2019-03-31,-1
2020-05-15,71620,2020-03-31,,,,,,11932000000,0.073,-166000000,,-185000000,,,243000000,,18.65,,0.045,-0.014,,,13526000000,5699000000,0.400,424.41,5415000000,669000000,-1693000000,669000000,2788000000,,0.314,,,,,,true,false,12,2019-04-01,2020-03-31,0
2020-05-15,71620,2019-03-31,,,,,,11120000000,0.798,160000000,-0.035,130000000,,,168000000,,12.77,,0.031,0.010,,,13167000000,5993000000,0.413,413.71,5444000000,-61000000,-478000000,239000000,3143000000,,0.861,,,,,,true,false,12,2018-04-01,2019-03-31,-1
2020-05-15,71620,2020-03-31,,,,,,254000000,-0.267,-124000000,,42000000,-0.679,613000000,,2.722,46.88,,,,,,6886000000,5626000000,0.817,440.97,5626000000,,,,,6.00,,,,13160300,400104,13079356,false,false,12,2019-04-01,2020-03-31,0
2020-05-15,71620,2019-03-31,,,,,,347000000,0.084,-10000000,,131000000,-0.521,164000000,,-0.426,12.52,,,,,,6777000000,5285000000,0.780,401.60,5285000000,,,,,11.00,,,,13160300,104,13160196,false,false,12,2018-04-01,2019-03-31,-1
2020-07-29,71620,2021-03-31,,,,,,1649000000,,89000000,,57000000,,,-6000000,,,,,,,,,,,,,,,,,,,,,,,,true,true,3,2020-04-01,2020-06-30,0
2020-07-29,71620,2020-03-31,,,,,,1783000000,,-103000000,,-84000000,,,566000000,,,,,,,,,,,,,,,,,,,,,,,,true,false,3,2019-04-01,2019-06-30,-1
2020-07-31,71620,2021-03-31,1,,,,,1649000000,-0.075,89000000,,57000000,,,-6000000,,-0.49,,,,,,12629000000,5914000000,0.423,,5340000000,,,,,,,,,,,,true,false,3,2020-04-01,2020-06-30,0
2020-07-31,71620,2020-03-31,1,,,,,1783000000,-0.127,-103000000,,-84000000,,,566000000,,43.06,,,,,,,,,,,,,,,,,,,,,,true,false,3,2019-04-01,2019-06-30,-1
2020-07-31,71620,2020-03-31,1,,,,,,,,,,,,,,,,,,,,13526000000,5699000000,0.400,,5415000000,,,,,,,,,,,,true,false,12,2019-04-01,2020-03-31,-1
2020-07-31,71620,2020-03-31,1,,,,,,,,,,,,,,,,,,,,,,,,,,,,,6.00,,,,13160300,400104,,false,false,12,2019-04-01,2020-03-31,-1
2020-07-31,71620,2021-03-31,1,,,,,,,,,,,,,,,,,,,,,,,,,,,,,,,,,13160300,400104,12760196,false,false,3,2020-04-01,2020-06-30,0
2020-07-31,71620,2020-03-31,1,,,,,,,,,,,,,,,,,,,,,,,,,,,,,,,,,,,13160196,false,false,3,2019-04-01,2019-06-30,-1
2020-10-28,71620,2021-03-31,,,,,,3840000000,,86000000,,17000000,,,-19000000,,,,,,,,,,,,,,,,,,,,,,,,true,true,6,2020-04-01,2020-09-30,0
2020-10-28,71620,2020-03-31,,,,,,5888000000,,-43000000,,-7000000,,,587000000,,,,,,,,,,,,,,,,,,,,,,,,true,false,6,2019-04-01,2019-09-30,-1
2020-10-30,71620,2021-03-31,2,,,,,3840000000,-0.348,86000000,,17000000,,,-19000000,,-1.49,,,,,,12871000000,5920000000,0.415,,5343000000,,,,,,,,,,,,true,false,6,2020-04-01,2020-09-30,0
2020-10-30,71620,2020-03-31,2,,,,,5888000000,0.128,-43000000,,-7000000,,,587000000,,44.64,,,,,,,,,,,,,,,,,,,,,,true,false,6,2019-04-01,2019-09-30,-1
2020-10-30,71620,2020-03-31,2,,,,,,,,,,,,,,,,,,,,13526000000,5699000000,0.400,,5415000000,,,,,,,,,,,,true,false,12,2019-04-01,2020-03-31,-1
2020-10-30,71620,2020-03-31,2,,,,,,,,,,,,,,,,,,,,,,,,,,,,,6.00,,,,13160300,400104,,false,false,12,2019-04-01,2020-03-31,-1
2020-10-30,71620,2021-03-31,2,,,,,,,,,,,,,,,,,,,,,,,,,,,,,0.00,,,,,,,false,false,12,2020-04-01,2021-03-31,0
2020-10-30,71620,2021-03-31,2,,,,,,,,,,,,,,,,,,,,,,,,,,,,,,,,,13160300,345745,12781286,false,false,6,2020-04-01,2020-09-30,0
2020-10-30,71620,2020-03-31,2,,,,,,,,,,,,,,,,,,,,,,,,,,,,,,,,,,,13160196,false,false,6,2019-04-01,2019-09-30,-1
2021-01-28,71620,2021-03-31,,,,,,5885000000,,120000000,,10000000,,,-60000000,,,,,,,,,,,,,,,,,,,,,,,,true,true,9,2020-04-01,2020-12-31,0
2021-01-28,71620,2020-03-31,,,,,,8639000000,,-72000000,,-56000000,,,605000000,,,,,,,,,,,,,,,,,,,,,,,,true,false,9,2019-04-01,2019-12-31,-1
2021-01-29,71620,2021-03-31,3,,,,,5885000000,-0.319,120000000,,10000000,,,-60000000,,-4.69,,,,,,12718000000,5897000000,0.418,,5311000000,,,,,,,,,,,,true,false,9,2020-04-01,2020-12-31,0
2021-01-29,71620,2020-03-31,3,,,,,8639000000,0.107,-72000000,,-56000000,,,605000000,,46.03,,,,,,,,,,,,,,,,,,,,,,true,false,9,2019-04-01,2019-12-31,-1
2021-01-29,71620,2020-03-31,3,,,,,,,,,,,,,,,,,,,,13526000000,5699000000,0.400,,5415000000,,,,,,,,,,,,true,false,12,2019-04-01,2020-03-31,-1
2021-01-29,71620,2020-03-31,3,,,,,,,,,,,,,,,,,,,,,,,,,,,,,6.00,,,,13160300,400104,,false,false,12,2019-04-01,2020-03-31,-1
2021-01-29,71620,2021-03-31,3,,,,,,,,,,,,,,,,,,,,,,,,,,,,,0.00,,,,,,,false,false,12,2020-04-01,2021-03-31,0
2021-01-29,71620,2021-03-31,3,,,,,,,,,,,,,,,,,,,,,,,,,,,,,,,,,13160300,345745,12792416,false,false,9,2020-04-01,2020-12-31,0
2021-01-29,71620,2020-03-31,3,,,,,,,,,,,,,,,,,,,,,,,,,,,,,,,,,,,13149350,false,false,9,2019-04-01,2019-12-31,-1
2021-04-30,71620,2021-03-31,,,,,,12280000000,,262000000,,95000000,,,121000000,,,,,,,,,,,,,,,,,,,,,,,,true,true,12,2020-04-01,2021-03-31,0
2021-04-30,71620,2020-03-31,,,,,,11932000000,,-166000000,,-185000000,,,243000000,,,,,,,,,,,,,,,,,,,,,,,,true,false,12,2019-04-01,2020-03-31,-1
2021-05-14,71620,2021-03-31,,,,,,12280000000,0.029,262000000,,95000000,,,121000000,,9.47,,0.022,0.008,,,11923000000,6073000000,0.460,428.33,5488000000,921000000,1153000000,-1637000000,3226000000,,0.317,,,,,,true,false,12,2020-04-01,2021-03-31,0
2021-05-14,71620,2020-03-31,,,,,,11932000000,0.073,-166000000,,-185000000,,,243000000,,18.65,,0.045,-0.014,,,13526000000,5699000000,0.400,424.41,5415000000,669000000,-1693000000,669000000,2788000000,,0.314,,,,,,true,false,12,2019-04-01,2020-03-31,-1
2021-05-14,71620,2021-03-31,,,,,,250000000,-0.016,-80000000,,-87000000,,-56000000,,,-4.42,,,,,,5772000000,5515000000,0.955,430.40,5515000000,,,,,3.00,,,,13160300,345745,12797875,false,false,12,2020-04-01,2021-03-31,0
2021-05-14,71620,2020-03-31,,,,,,254000000,-0.267,-124000000,,42000000,-0.679,613000000,,2.722,46.88,,,,,,6886000000,5626000000,0.817,440.97,5626000000,,,,,6.00,,,,13160300,400104,13079356,false,false,12,2019-04-01,2020-03-31,-1
2021-07-28,71620,2022-03-31,,,,,,1822000000,,-4000000,,-46000000,,,-31000000,,,,,,,,,,,,,,,,,,,,,,,,true,true,3,2021-04-01,2021-06-30,0
2021-07-28,71620,2021-03-31,,,,,,1649000000,,89000000,,56000000,,,-6000000,,,,,,,,,,,,,,,,,,,,,,,,true,false,3,2020-04-01,2020-06-30,-1
2021-07-30,71620,2022-03-31,1,,,,,1822000000,0.105,-4000000,,-46000000,,,-31000000,,-2.48,,,,,,12045000000,6002000000,0.451,,5432000000,,,,,,,,,,,,true,false,3,2021-04-01,2021-06-30,0
2021-07-30,71620,2021-03-31,1,,,,,1649000000,-0.075,89000000,,56000000,,,-6000000,,-0.55,,,,,,,,,,,,,,,,,,,,,,true,false,3,2020-04-01,2020-06-30,-1
2021-07-30,71620,2021-03-31,1,,,,,,,,,,,,,,,,,,,,11923000000,6073000000,0.460,,5488000000,,,,,,,,,,,,true,false,12,2020-04-01,2021-03-31,-1
2021-07-30,71620,2021-03-31,1,,,,,,,,,,,,,,,,,,,,,,,,,,,,,3.00,,,,13160300,345745,,false,false,12,2020-04-01,2021-03-31,-1
2021-07-30,71620,2022-03-31,1,,,,,,,,,,,,,,,,,,,,,,,,,,,,,,,,,13160300,345745,12814555,false,false,3,2021-04-01,2021-06-30,0
2021-07-30,71620,2021-03-31,1,,,,,,,,,,,,,,,,,,,,,,,,,,,,,,,,,,,12760196,false,false,3,2020-04-01,2020-06-30,-1
2021-10-28,71620,2022-03-31,,,,,,4527000000,,-10000000,,-106000000,,,-88000000,,,,,,,,,,,,,,,,,,,,,,,,true,true,6,2021-04-01,2021-09-30,0
2021-10-28,71620,2021-03-31,,,,,,3840000000,,84000000,,16000000,,,-20000000,,,,,,,,,,,,,,,,,,,,,,,,true,false,6,2020-04-01,2020-09-30,-1
2021-10-29,71620,2022-03-31,2,,,,,4527000000,0.179,-10000000,,-106000000,,,-88000000,,-6.89,,,,,,12101000000,5959000000,0.445,,5387000000,,,,,,,,,,,,true,false,6,2021-04-01,2021-09-30,0
2021-10-29,71620,2021-03-31,2,,,,,3840000000,-0.348,84000000,,16000000,,,-20000000,,-1.60,,,,,,,,,,,,,,,,,,,,,,true,false,6,2020-04-01,2020-09-30,-1
2021-10-29,71620,2021-03-31,2,,,,,,,,,,,,,,,,,,,,11923000000,6073000000,0.460,,5488000000,,,,,,,,,,,,true,false,12,2020-04-01,2021-03-31,-1
2021-10-29,71620,2021-03-31,2,,,,,,,,,,,,,,,,,,,,,,,,,,,,,3.00,,,,13160300,345745,,false,false,12,2020-04-01,2021-03-31,-1
2021-10-29,71620,2022-03-31,2,,,,,,,,,,,,,,,,,,,,,,,,,,,,,0.00,,,,,,,false,false,12,2021-04-01,2022-03-31,0
2021-10-29,71620,2022-03-31,2,,,,,,,,,,,,,,,,,,,,,,,,,,,,,,,,,13160300,301896,12830130,false,false,6,2021-04-01,2021-09-30,0
2021-10-29,71620,2021-03-31,2,,,,,,,,,,,,,,,,,,,,,,,,,,,,,,,,,,,12781286,false,false,6,2020-04-01,2020-09-30,-1
2022-01-28,71620,2022-03-31,,,,,,7323000000,,-23000000,,-174000000,,,-147000000,,,,,,,,,,,,,,,,,,,,,,,,true,true,9,2021-04-01,2021-12-31,0
2022-01-28,71620,2021-03-31,,,,,,5885000000,,117000000,,8000000,,,-62000000,,,,,,,,,,,,,,,,,,,,,,,,true,false,9,2020-04-01,2020-12-31,-1
2022-01-31,71620,2022-03-31,3,,,,,7323000000,0.244,-23000000,,-174000000,,,-147000000,,-11.49,,,,,,12955000000,5900000000,0.412,,5332000000,,,,,,,,,,,,true,false,9,2021-04-01,2021-12-31,0
2022-01-31,71620,2021-03-31,3,,,,,5885000000,-0.319,117000000,,8000000,,,-62000000,,-4.86,,,,,,,,,,,,,,,,,,,,,,true,false,9,2020-04-01,2020-12-31,-1
2022-01-31,71620,2021-03-31,3,,,,,,,,,,,,,,,,,,,,11923000000,6073000000,0.460,,5488000000,,,,,,,,,,,,true,false,12,2020-04-01,2021-03-31,-1
2022-01-31,71620,2021-03-31,3,,,,,,,,,,,,,,,,,,,,,,,,,,,,,3.00,,,,13160300,345745,,false,false,12,2020-04-01,2021-03-31,-1
2022-01-31,71620,2022-03-31,3,,,,,,,,,,,,,,,,,,,,,,,,,,,,,0.00,,,,,,,false,false,12,2021-04-01,2022-03-31,0
2022-01-31,71620,2022-03-31,3,,,,,,,,,,,,,,,,,,,,,,,,,,,,,,,,,13160300,301896,12839589,false,false,9,2021-04-01,2021-12-31,0
2022-01-31,71620,2021-03-31,3,,,,,,,,,,,,,,,,,,,,,,,,,,,,,,,,,,,12792416,false,false,9,2020-04-01,2020-12-31,-1
2022-04-28,71620,2022-03-31,,,,,,12769000000,,527000000,,324000000,,,127000000,,,,,,,,,,,,,,,,,,,,,,,,true,true,12,2021-04-01,2022-03-31,0
2022-04-28,71620,2021-03-31,,,,,,12280000000,,262000000,,95000000,,,121000000,,,,,,,,,,,,,,,,,,,,,,,,true,false,12,2020-04-01,2021-03-31,-1
2022-05-13,71620,2022-03-31,,,,,,12769000000,0.040,527000000,1.010,324000000,2.394,,127000000,,9.90,,0.023,0.026,,,13121000000,6170000000,0.427,435.65,5601000000,-442000000,-269000000,133000000,2648000000,,0.303,,,,,,true,false,12,2021-04-01,2022-03-31,0
2022-05-13,71620,2021-03-31,,,,,,12280000000,0.029,262000000,,95000000,,,121000000,,9.47,,0.022,0.008,,,11923000000,6073000000,0.460,428.33,5488000000,921000000,1153000000,-1637000000,3226000000,,0.317,,,,,,true,false,12,2020-04-01,2021-03-31,-1
2022-05-13,71620,2022-03-31,,,,,,12263000000,,645000000,,633000000,,343000000,,,26.72,,,,,,8952000000,5830000000,0.651,453.44,5830000000,,,,,3.00,,,,13160300,301896,12844228,false,false,12,2021-04-01,2022-03-31,0
2022-05-13,71620,2021-03-31,,,,,,250000000,-0.016,-80000000,,-87000000,,-56000000,,,-4.42,,,,,,5772000000,5515000000,0.955,430.40,5515000000,,,,,3.00,,,,13160300,345745,12797875,false,false,12,2020-04-01,2021-03-31,-1
2022-05-13,71620,2023-03-31,,,,,,,,,,,,,,,,,,,,,,,,,,,,,,0.00,,,,,,,false,true,12,2022-04-01,2023-03-31,1
2022-07-28,71620,2023-03-31,,,,,,2070000000,,26000000,,-14000000,,,-36000000,,,,,,,,,,,,,,,,,,,,,,,,true,true,3,2022-04-01,2022-06-30,0
2022-07-28,71620,2022-03-31,,,,,,1822000000,,-4000000,,-46000000,,,-31000000,,,,,,,,,,,,,,,,,,,,,,,,true,false,3,2021-04-01,2021-06-30,-1
2022-07-29,71620,2023-03-31,1,,,,,2070000000,0.136,26000000,,-14000000,,,-36000000,,-2.84,,,,,,12581000000,6072000000,0.438,,5516000000,,,,,,,,,,,,true,false,3,2022-04-01,2022-06-30,0
2022-07-29,71620,2022-03-31,1,,,,,1822000000,0.105,-4000000,,-46000000,,,-31000000,,-2.48,,,,,,,,,,,,,,,,,,,,,,true,false,3,2021-04-01,2021-06-30,-1
2022-07-29,71620,2022-03-31,1,,,,,,,,,,,,,,,,,,,,13121000000,6170000000,0.427,,5601000000,,,,,,,,,,,,true,false,12,2021-04-01,2022-03-31,-1
2022-07-29,71620,2022-03-31,1,,,,,,,,,,,,,,,,,,,,,,,,,,,,,3.00,,,,13160300,301896,,false,false,12,2021-04-01,2022-03-31,-1
2022-07-29,71620,2023-03-31,1,,,,,,,,,,,,,,,,,,,,,,,,,,,,,0.00,,,,,,,false,true,12,2022-04-01,2023-03-31,0
2022-07-29,71620,2023-03-31,1,,,,,,,,,,,,,,,,,,,,,,,,,,,,,,,,,13160300,301896,12858404,false,false,3,2022-04-01,2022-06-30,0
2022-07-29,71620,2022-03-31,1,,,,,,,,,,,,,,,,,,,,,,,,,,,,,,,,,,,12814555,false,false,3,2021-04-01,2021-06-30,-1
2022-10-28,71620,2023-03-31,,,,,,5795000000,,-343000000,,-419000000,,,159000000,,,,,,,,,,,,,,,,,,,,,,,,true,true,6,2022-04-01,2022-09-30,0
2022-10-28,71620,2022-03-31,,,,,,4527000000,,-10000000,,-106000000,,,-88000000,,,,,,,,,,,,,,,,,,,,,,,,true,false,6,2021-04-01,2021-09-30,-1
2022-10-31,71620,2023-03-31,2,,,,,5795000000,0.280,-343000000,,-419000000,,,159000000,,12.41,,,,,,13581000000,6279000000,0.421,,5715000000,,,,,,,,,,,,true,false,6,2022-04-01,2022-09-30,0
2022-10-31,71620,2022-03-31,2,,,,,4527000000,0.179,-10000000,,-106000000,,,-88000000,,-6.89,,,,,,,,,,,,,,,,,,,,,,true,false,6,2021-04-01,2021-09-30,-1
2022-10-31,71620,2022-03-31,2,,,,,,,,,,,,,,,,,,,,13121000000,6170000000,0.427,,5601000000,,,,,,,,,,,,true,false,12,2021-04-01,2022-03-31,-1
2022-10-31,71620,2022-03-31,2,,,,,,,,,,,,,,,,,,,,,,,,,,,,,3.00,,,,13160300,301896,,false,false,12,2021-04-01,2022-03-31,-1
2022-10-31,71620,2023-03-31,2,,,,,,,,,,,,,,,,,,,,,,,,,,,,,0.00,,,,,,,false,false,12,2022-04-01,2023-03-31,0
2022-10-31,71620,2023-03-31,2,,,,,,,,,,,,,,,,,,,,,,,,,,,,,,,,,13160300,261362,12872801,false,false,6,2022-04-01,2022-09-30,0
2022-10-31,71620,2022-03-31,2,,,,,,,,,,,,,,,,,,,,,,,,,,,,,,,,,,,12830130,false,false,6,2021-04-01,2021-09-30,-1
2023-01-30,71620,2023-03-31,,,,,,8506000000,,-683000000,,-774000000,,,-169000000,,,,,,,,,,,,,,,,,,,,,,,,true,true,9,2022-04-01,2022-12-31,0
2023-01-30,71620,2022-03-31,,,,,,7323000000,,-23000000,,-174000000,,,-147000000,,,,,,,,,,,,,,,,,,,,,,,,true,false,9,2021-04-01,2021-12-31,-1
2023-01-31,71620,2023-03-31,3,,,,,8506000000,0.162,-683000000,,-774000000,,,-169000000,,-13.17,,,,,,13706000000,5945000000,0.393,,5385000000,,,,,,,,,,,,true,false,9,2022-04-01,2022-12-31,0
2023-01-31,71620,2022-03-31,3,,,,,7323000000,0.244,-23000000,,-174000000,,,-147000000,,-11.49,,,,,,,,,,,,,,,,,,,,,,true,false,9,2021-04-01,2021-12-31,-1
2023-01-31,71620,2022-03-31,3,,,,,,,,,,,,,,,,,,,,13121000000,6170000000,0.427,,5601000000,,,,,,,,,,,,true,false,12,2021-04-01,2022-03-31,-1
2023-01-31,71620,2022-03-31,3,,,,,,,,,,,,,,,,,,,,,,,,,,,,,3.00,,,,13160300,301896,,false,false,12,2021-04-01,2022-03-31,-1
2023-01-31,71620,2023-03-31,3,,,,,,,,,,,,,,,,,,,,,,,,,,,,,0.00,,,,,,,false,false,12,2022-04-01,2023-03-31,0
2023-01-31,71620,2023-03-31,3,,,,,,,,,,,,,,,,,,,,,,,,,,,,,,,,,13160300,261362,12881545,false,false,9,2022-04-01,2022-12-31,0
2023-01-31,71620,2022-03-31,3,,,,,,,,,,,,,,,,,,,,,,,,,,,,,,,,,,,12839589,false,false,9,2021-04-01,2021-12-31,-1
2023-04-28,71620,2023-03-31,,,,,,11774000000,,-750000000,,-857000000,,,-357000000,,,,,,,,,,,,,,,,,,,,,,,,true,true,12,2022-04-01,2023-03-31,0
2023-04-28,71620,2022-03-31,,,,,,12769000000,,527000000,,324000000,,,127000000,,,,,,,,,,,,,,,,,,,,,,,,true,false,12,2021-04-01,2022-03-31,-1
2023-05-15,71620,2023-03-31,,,,,,11774000000,-0.078,-750000000,,-857000000,,,-357000000,,-27.77,,-0.066,-0.066,,,12942000000,5763000000,0.402,403.28,5201000000,239000000,259000000,-211000000,2934000000,,,,,,,,true,false,12,2022-04-01,2023-03-31,0
2023-05-15,71620,2022-03-31,,,,,,12769000000,0.040,527000000,1.010,324000000,2.394,,127000000,,9.90,,0.023,0.026,,,13121000000,6170000000,0.427,435.65,5601000000,-442000000,-269000000,133000000,2648000000,,0.303,,,,,,true,false,12,2021-04-01,2022-03-31,-1
2023-05-15,71620,2023-03-31,,,,,,11298000000,-0.079,-633000000,,-638000000,,-623000000,,,-48.36,,,,,,8426000000,5167000000,0.613,400.58,5167000000,,,,,7.00,,,,13160300,261362,12885834,false,false,12,2022-04-01,2023-03-31,0
2023-05-15,71620,2022-03-31,,,,,,12263000000,,645000000,,633000000,,343000000,,,26.72,,,,,,8952000000,5830000000,0.651,453.44,5830000000,,,,,3.00,,,,13160300,301896,12844228,false,false,12,2021-04-01,2022-03-31,-1
2023-05-15,71620,2024-03-31,,,,,,,,,,,,,,,,,,,,,,,,,,,,,,0.00,,,,,,,false,true,12,2023-04-01,2024-03-31,1
2023-07-28,71620,2024-03-31,,,,,,2496000000,,41000000,,24000000,,,24000000,,,,,,,,,,,,,,,,,,,,,,,,true,true,3,2023-04-01,2023-06-30,0
2023-07-28,71620,2023-03-31,,,,,,2070000000,,26000000,,-14000000,,,-36000000,,,,,,,,,,,,,,,,,,,,,,,,true,false,3,2022-04-01,2022-06-30,-1
2023-07-31,71620,2024-03-31,1,,,,,2496000000,0.206,41000000,0.581,24000000,,,24000000,,1.91,,,,,,13400000000,5679000000,0.383,,5138000000,,,,,,,,,,,,true,false,3,2023-04-01,2023-06-30,0
2023-07-31,71620,2023-03-31,1,,,,,2070000000,0.136,26000000,,-14000000,,,-36000000,,-2.84,,,,,,,,,,,,,,,,,,,,,,true,false,3,2022-04-01,2022-06-30,-1
2023-07-31,71620,2023-03-31,1,,,,,,,,,,,,,,,,,,,,12942000000,5763000000,0.402,,5201000000,,,,,,,,,,,,true,false,12,2022-04-01,2023-03-31,-1
2023-07-31,71620,2023-03-31,1,,,,,,,,,,,,,,,,,,,,,,,,,,,,,7.00,,,,13160300,261362,,false,false,12,2022-04-01,2023-03-31,-1
2023-07-31,71620,2024-03-31,1,,,,,,,,,,,,,,,,,,,,,,,,,,,,,0.00,,,,,,,false,true,12,2023-04-01,2024-03-31,0
2023-07-31,71620,2024-03-31,1,,,,,,,,,,,,,,,,,,,,,,,,,,,,,,,,,13160300,261362,12898938,false,false,3,2023-04-01,2023-06-30,0
2023-07-31,71620,2023-03-31,1,,,,,,,,,,,,,,,,,,,,,,,,,,,,,,,,,,,12858404,false,false,3,2022-04-01,2022-06-30,-1
2023-10-30,71620,2024-03-31,,,,,,7257000000,,388000000,,276000000,,,235000000,,,,,,,,,,,,,,,,,,,,,,,,true,true,6,2023-04-01,2023-09-30,0
2023-10-30,71620,2023-03-31,,,,,,5795000000,,-343000000,,-419000000,,,159000000,,,,,,,,,,,,,,,,,,,,,,,,true,false,6,2022-04-01,2022-09-30,-1
2023-10-31,71620,2024-03-31,2,,,,,7257000000,0.252,388000000,,276000000,,,235000000,,18.25,,,,,,14778000000,5911000000,0.363,,5368000000,,,,,,,,,,,,true,false,6,2023-04-01,2023-09-30,0
2023-10-31,71620,2023-03-31,2,,,,,5795000000,0.280,-343000000,,-419000000,,,159000000,,12.41,,,,,,,,,,,,,,,,,,,,,,true,false,6,2022-04-01,2022-09-30,-1
2023-10-31,71620,2023-03-31,2,,,,,,,,,,,,,,,,,,,,12942000000,5763000000,0.402,,5201000000,,,,,,,,,,,,true,false,12,2022-04-01,2023-03-31,-1
2023-10-31,71620,2023-03-31,2,,,,,,,,,,,,,,,,,,,,,,,,,,,,,7.00,,,,13160300,261362,,false,false,12,2022-04-01,2023-03-31,-1
2023-10-31,71620,2024-03-31,2,,,,,,,,,,,,,,,,,,,,,,,,,,,,,0.00,,,,,,,false,false,12,2023-04-01,2024-03-31,0
2023-10-31,71620,2024-03-31,2,,,,,,,,,,,,,,,,,,,,,,,,,,,,,,,,,13160300,210041,12917167,false,false,6,2023-04-01,2023-09-30,0
2023-10-31,71620,2023-03-31,2,,,,,,,,,,,,,,,,,,,,,,,,,,,,,,,,,,,12872801,false,false,6,2022-04-01,2022-09-30,-1
2024-01-30,71620,2024-03-31,,,,,,10887000000,,377000000,,238000000,,,201000000,,,,,,,,,,,,,,,,,,,,,,,,true,true,9,2023-04-01,2023-12-31,0
2024-01-30,71620,2023-03-31,,,,,,8506000000,,-683000000,,-774000000,,,-169000000,,,,,,,,,,,,,,,,,,,,,,,,true,false,9,2022-04-01,2022-12-31,-1
2024-01-31,71620,2024-03-31,3,,,,,10887000000,0.280,377000000,,238000000,,,201000000,,15.58,,,,,,14050000000,5873000000,0.380,,5333000000,,,,,,,,,,,,true,false,9,2023-04-01,2023-12-31,0
2024-01-31,71620,2023-03-31,3,,,,,8506000000,0.162,-683000000,,-774000000,,,-169000000,,-13.17,,,,,,,,,,,,,,,,,,,,,,true,false,9,2022-04-01,2022-12-31,-1
2024-01-31,71620,2023-03-31,3,,,,,,,,,,,,,,,,,,,,12942000000,5763000000,0.402,,5201000000,,,,,,,,,,,,true,false,12,2022-04-01,2023-03-31,-1
2024-01-31,71620,2023-03-31,3,,,,,,,,,,,,,,,,,,,,,,,,,,,,,7.00,,,,13160300,261362,,false,false,12,2022-04-01,2023-03-31,-1
2024-01-31,71620,2024-03-31,3,,,,,,,,,,,,,,,,,,,,,,,,,,,,,0.00,,,,,,,false,false,12,2023-04-01,2024-03-31,0
2024-01-31,71620,2024-03-31,3,,,,,,,,,,,,,,,,,,,,,,,,,,,,,,,,,13160300,210041,12928238,false,false,9,2023-04-01,2023-12-31,0
2024-01-31,71620,2023-03-31,3,,,,,,,,,,,,,,,,,,,,,,,,,,,,,,,,,,,12881545,false,false,9,2022-04-01,2022-12-31,-1
2024-04-26,71620,2024-03-31,,,,,,14855000000,,679000000,,512000000,,,445000000,,,,,,,,,,,,,,,,,,,,,,,,true,true,12,2023-04-01,2024-03-31,0
2024-04-26,71620,2023-03-31,,,,,,11774000000,,-750000000,,-857000000,,,-357000000,,,,,,,,,,,,,,,,,,,,,,,,true,false,12,2022-04-01,2023-03-31,-1
2024-05-15,71620,2024-03-31,,,,,,14855000000,0.262,679000000,,512000000,,,445000000,,34.67,,0.084,0.038,,,14293000000,5968000000,0.380,439.34,5426000000,610000000,-515000000,638000000,3667000000,,0.202,,,,,,true,false,12,2023-04-01,2024-03-31,0
2024-05-15,71620,2023-03-31,,,,,,11774000000,-0.078,-750000000,,-857000000,,,-357000000,,-27.77,,-0.066,-0.066,,,12942000000,5763000000,0.402,403.28,5201000000,239000000,259000000,-211000000,2934000000,,,,,,,,true,false,12,2022-04-01,2023-03-31,-1
2024-05-15,71620,2024-03-31,,,,,,14413000000,0.276,803000000,,699000000,,434000000,,,33.81,,,,,,10050000000,5381000000,0.535,435.63,5381000000,,,,,7.00,,,,13160300,807641,12835746,false,false,12,2023-04-01,2024-03-31,0
2024-05-15,71620,2023-03-31,,,,,,11298000000,-0.079,-633000000,,-638000000,,-623000000,,,-48.36,,,,,,8426000000,5167000000,0.613,400.58,5167000000,,,,,7.00,,,,13160300,261362,12885834,false,false,12,2022-04-01,2023-03-31,-1
2024-05-15,71620,2025-03-31,,,,,,,,,,,,,,,,,,,,,,,,,,,,,,0.00,,,,,,,false,true,12,2024-04-01,2025-03-31,1
2024-07-26,71620,2025-03-31,,,,,,3533000000,,349000000,,323000000,,,284000000,,,,,,,,,,,,,,,,,,,,,,,,true,true,3,2024-04-01,2024-06-30,0
2024-07-26,71620,2024-03-31,,,,,,2496000000,,41000000,,24000000,,,24000000,,,,,,,,,,,,,,,,,,,,,,,,true,false,3,2023-04-01,2023-06-30,-1
2024-08-01,71620,2025-03-31,1,,,,,3533000000,0.415,349000000,7.322,323000000,,,284000000,,22.99,,,,,,14276000000,6146000000,0.394,,5624000000,,,,,,,,,,,,true,false,3,2024-04-01,2024-06-30,0
2024-08-01,71620,2024-03-31,1,,,,,2496000000,0.206,41000000,0.581,24000000,,,24000000,,1.91,,,,,,,,,,,,,,,,,,,,,,true,false,3,2023-04-01,2023-06-30,-1
2024-08-01,71620,2024-03-31,1,,,,,,,,,,,,,,,,,,,,14293000000,5968000000,0.380,,5426000000,,,,,,,,,,,,true,false,12,2023-04-01,2024-03-31,-1
2024-08-01,71620,2024-03-31,1,,,,,,,,,,,,,,,,,,,,,,,,,,,,,7.00,,,,13160300,807641,,false,false,12,2023-04-01,2024-03-31,-1
2024-08-01,71620,2025-03-31,1,,,,,,,,,,,,,,,,,,,,,,,,,,,,,0.00,,,,,,,false,true,12,2024-04-01,2025-03-31,0
2024-08-01,71620,2025-03-31,1,,,,,,,,,,,,,,,,,,,,,,,,,,,,,,,,,13160300,807641,12352659,false,false,3,2024-04-01,2024-06-30,0
2024-08-01,71620,2024-03-31,1,,,,,,,,,,,,,,,,,,,,,,,,,,,,,,,,,,,12898938,false,false,3,2023-04-01,2023-06-30,-1
2024-10-28,71620,2025-03-31,,,,,,10152000000,,495000000,,412000000,,,355000000,,,,,,,,,,,,,,,,,,,,,,,,true,true,6,2024-04-01,2024-09-30,0
2024-10-28,71620,2024-03-31,,,,,,7257000000,,388000000,,276000000,,,235000000,,,,,,,,,,,,,,,,,,,,,,,,true,false,6,2023-04-01,2023-09-30,-1
2024-11-01,71620,2025-03-31,2,,,,,10152000000,0.399,495000000,0.274,412000000,0.494,,355000000,,28.73,,,,,,15150000000,6237000000,0.377,,5707000000,,,,,,,,,,,,true,false,6,2024-04-01,2024-09-30,0
2024-11-01,71620,2024-03-31,2,,,,,7257000000,0.252,388000000,,276000000,,,235000000,,18.25,,,,,,,,,,,,,,,,,,,,,,true,false,6,2023-04-01,2023-09-30,-1
2024-11-01,71620,2024-03-31,2,,,,,,,,,,,,,,,,,,,,14293000000,5968000000,0.380,,5426000000,,,,,,,,,,,,true,false,12,2023-04-01,2024-03-31,-1
2024-11-01,71620,2024-03-31,2,,,,,,,,,,,,,,,,,,,,,,,,,,,,,7.00,,,,13160300,807641,,false,false,12,2023-04-01,2024-03-31,-1
2024-11-01,71620,2025-03-31,2,,,,,,,,,,,,,,,,,,,,,,,,,,,,,0.00,,,,,,,false,false,12,2024-04-01,2025-03-31,0
2024-11-01,71620,2025-03-31,2,,,,,,,,,,,,,,,,,,,,,,,,,,,,,,,,,13160300,760148,12370047,false,false,6,2024-04-01,2024-09-30,0
2024-11-01,71620,2024-03-31,2,,,,,,,,,,,,,,,,,,,,,,,,,,,,,,,,,,,12917167,false,false,6,2023-04-01,2023-09-30,-1
2025-01-30,71620,2025-03-31,,,,,,15056000000,,357000000,,398000000,,,349000000,,,,,,,,,,,,,,,,,,,,,,,,true,true,9,2024-04-01,2024-12-31,0
2025-01-30,71620,2024-03-31,,,,,,10887000000,,377000000,,238000000,,,201000000,,,,,,,,,,,,,,,,,,,,,,,,true,false,9,2023-04-01,2023-12-31,-1
2025-02-03,71620,2025-03-31,3,,,,,15056000000,0.383,357000000,-0.052,398000000,0.670,,349000000,,28.25,,,,,,15712000000,6225000000,0.363,,5701000000,,,,,,,,,,,,true,false,9,2024-04-01,2024-12-31,0
2025-02-03,71620,2024-03-31,3,,,,,10887000000,0.280,377000000,,238000000,,,201000000,,15.58,,,,,,,,,,,,,,,,,,,,,,true,false,9,2023-04-01,2023-12-31,-1
2025-02-03,71620,2024-03-31,3,,,,,,,,,,,,,,,,,,,,14293000000,5968000000,0.380,,5426000000,,,,,,,,,,,,true,false,12,2023-04-01,2024-03-31,-1
2025-02-03,71620,2024-03-31,3,,,,,,,,,,,,,,,,,,,,,,,,,,,,,7.00,,,,13160300,807641,,false,false,12,2023-04-01,2024-03-31,-1
2025-02-03,71620,2025-03-31,3,,,,,,,,,,,,,,,,,,,,,,,,,,,,,0.00,,,,,,,false,false,12,2024-04-01,2025-03-31,0
2025-02-03,71620,2025-03-31,3,,,,,,,,,,,,,,,,,,,,,,,,,,,,,,,,,13160300,760148,12380119,false,false,9,2024-04-01,2024-12-31,0
2025-02-03,71620,2024-03-31,3,,,,,,,,,,,,,,,,,,,,,,,,,,,,,,,,,,,12928238,false,false,9,2023-04-01,2023-12-31,-1
2025-04-28,71620,2025-03-31,,,,,,20666000000,,-176000000,,-146000000,,,-146000000,,,,,,,,,,,,,,,,,,,,,,,,true,true,12,2024-04-01,2025-03-31,0
2025-04-28,71620,2024-03-31,,,,,,14855000000,,679000000,,512000000,,,445000000,,,,,,,,,,,,,,,,,,,,,,,,true,false,12,2023-04-01,2024-03-31,-1
2025-05-15,71620,2025-03-31,,,,,,20666000000,0.391,-176000000,,-146000000,,,-146000000,,-11.87,,-0.028,-0.010,,,14961000000,5042000000,0.337,406.62,5042000000,-58000000,-30000000,-831000000,2747000000,,,,,,,,true,false,12,2024-04-01,2025-03-31,0
2025-05-15,71620,2024-03-31,,,,,,14855000000,0.262,679000000,,512000000,,,445000000,,34.67,,0.084,0.038,,,14293000000,5968000000,0.380,439.34,5426000000,610000000,-515000000,638000000,3667000000,,0.202,,,,,,true,false,12,2023-04-01,2024-03-31,-1
2025-05-15,71620,2025-03-31,,,,,,20208000000,0.402,-106000000,,-60000000,,87000000,,-0.798,7.08,,,,,,11814000000,5392000000,0.456,434.89,5392000000,,,,,7.00,,,,13160300,760148,12385058,false,false,12,2024-04-01,2025-03-31,0
2025-05-15,71620,2024-03-31,,,,,,14413000000,0.276,803000000,,699000000,,434000000,,,33.81,,,,,,10050000000,5381000000,0.535,435.63,5381000000,,,,,7.00,,,,13160300,807641,12835746,false,false,12,2023-04-01,2024-03-31,-1
2025-05-15,71620,2026-03-31,,,,,,,,,,,,,,,,,,,,,,,,,,,,,,0.00,,,,,,,false,true,12,2025-04-01,2026-03-31,1
