filing_date,code,fiscal_year_end,quarterly_period,net_sales,net_sales_change,revenue,revenue_change,operating_revenue,operating_revenue_change,operating_profit,operating_profit_change,ordinary_profit,ordinary_profit_change,net_income,net_income_of_parent,net_income_change,eps,diluted_eps,roe,roa,operating_profit_to_net_sales,operating_profit_to_revenue,total_assets,net_assets,equity_ratio,bps,owner_equity,operating_cash_flow,investing_cash_flow,financing_cash_flow,cash,dividend_per_share,payout_ratio,commemorative_dividend,extra_dividend,number_of_shares,number_of_treqsury_shares,avg_number_of_shares,is_consolidated,is_forecast,duration,period_start,period_end,period_pos
2015-05-12,71720,2015-12-31,1,430000000,,,,,,185000000,,138000000,,87000000,,,7.86,7.54,,,,,11952000000,1454000000,0.122,130.64,1454000000,,,,,,,,,,,,true,false,3,2015-01-01,2015-03-31,0
2015-05-12,71720,2015-12-31,1,757000000,0.480,,,,,284000000,0.055,228000000,-0.133,137000000,,-0.147,12.31,,,,,,,,,,,,,,,,,,,,,,true,true,6,2015-01-01,2015-06-30,0
2015-05-12,71720,2015-12-31,1,2011000000,0.917,,,,,993000000,0.891,1087000000,0.714,652000000,,0.660,58.57,,,,,,,,,,,,,,,,,,,,,,true,true,12,2015-01-01,2015-12-31,0
2015-05-12,71720,2014-12-31,1,,,,,,,,,,,,,,,,,,,,14104000000,1367000000,0.097,122.78,1367000000,,,,,,,,,,,,true,false,12,2014-01-01,2014-12-31,-1
2015-05-12,71720,2014-12-31,1,,,,,,,,,,,,,,,,,,,,,,,,,,,,,0.00,,,,11136500,,,false,false,12,2014-01-01,2014-12-31,-1
2015-05-12,71720,2015-12-31,1,,,,,,,,,,,,,,,,,,,,,,,,,,,,,0.00,,,,,,,false,true,12,2015-01-01,2015-12-31,0
2015-05-12,71720,2015-12-31,1,,,,,,,,,,,,,,,,,,,,,,,,,,,,,,,,,11136500,,11136500,false,false,3,2015-01-01,2015-03-31,0
2015-05-12,71720,2014-12-31,1,,,,,,,,,,,,,,,,,,,,,,,,,,,,,,,,,,,10250000,false,false,3,2014-01-01,2014-03-31,-1
2015-07-29,71720,2015-12-31,2,780000000,0.525,,,,,279000000,-0.004,166000000,-0.398,107000000,,-0.361,9.65,9.26,,,,,12955000000,1474000000,0.114,132.44,1474000000,,,,,,,,,,,,true,false,6,2015-01-01,2015-06-30,0
2015-07-29,71720,2014-12-31,2,511000000,,,,,,280000000,,275000000,,168000000,,,16.42,,,,,,,,,,,,,,,,,,,,,,true,false,6,2014-01-01,2014-06-30,-1
2015-07-29,71720,2015-12-31,2,2221000000,1.117,,,,,1045000000,0.957,1090000000,0.601,655000000,,0.548,58.86,,,,,,,,,,,,,,,,,,,,,,true,true,12,2015-01-01,2015-12-31,0
2015-07-29,71720,2014-12-31,2,,,,,,,,,,,,,,,,,,,,14104000000,1367000000,0.097,132.43,1367000000,,,,,,,,,,,,true,false,12,2014-01-01,2014-12-31,-1
2015-07-29,71720,2014-12-31,2,,,,,,,,,,,,,,,,,,,,,,,,,,,,,0.00,,,,11136500,,,false,false,12,2014-01-01,2014-12-31,-1
2015-07-29,71720,2015-12-31,2,,,,,,,,,,,,,,,,,,,,,,,,,,,,,0.00,,,,,,,false,false,12,2015-01-01,2015-12-31,0
2015-07-29,71720,2015-12-31,2,,,,,,,,,,,,,,,,,,,,,,,,,,,,,0.00,,,,,,,false,true,12,2015-01-01,2015-12-31,0
2015-07-29,71720,2015-12-31,2,,,,,,,,,,,,,,,,,,,,,,,,,,,,,,,,,11136500,,11136500,false,false,6,2015-01-01,2015-06-30,0
2015-07-29,71720,2014-12-31,2,,,,,,,,,,,,,,,,,,,,,,,,,,,,,,,,,,,10250000,false,false,6,2014-01-01,2014-06-30,-1
2015-10-29,71720,2015-12-31,3,1825000000,1.774,,,,,805000000,1.717,714000000,1.529,449000000,,1.566,40.42,38.80,,,,,10699000000,1616000000,0.151,146.74,1616000000,,,,,,,,,,,,true,false,9,2015-01-01,2015-09-30,0
2015-10-29,71720,2014-12-31,3,658000000,,,,,,296000000,,282000000,,175000000,,,17.00,16.47,,,,,,,,,,,,,,,,,,,,,true,false,9,2014-01-01,2014-09-30,-1
2015-10-29,71720,2015-12-31,3,2221000000,1.117,,,,,1045000000,0.957,1090000000,0.601,655000000,,0.548,58.86,,,,,,,,,,,,,,,,,,,,,,true,true,12,2015-01-01,2015-12-31,0
2015-10-29,71720,2014-12-31,3,,,,,,,,,,,,,,,,,,,,14104000000,1367000000,0.097,132.43,1367000000,,,,,,,,,,,,true,false,12,2014-01-01,2014-12-31,-1
2015-10-29,71720,2014-12-31,3,,,,,,,,,,,,,,,,,,,,,,,,,,,,,0.00,,,,11136500,,,false,false,12,2014-01-01,2014-12-31,-1
2015-10-29,71720,2015-12-31,3,,,,,,,,,,,,,,,,,,,,,,,,,,,,,0.00,,,,,,,false,false,12,2015-01-01,2015-12-31,0
2015-10-29,71720,2015-12-31,3,,,,,,,,,,,,,,,,,,,,,,,,,,,,,0.00,,,,,,,false,true,12,2015-01-01,2015-12-31,0
2015-10-29,71720,2015-12-31,3,,,,,,,,,,,,,,,,,,,,,,,,,,,,,,,,,11136500,120000,11111160,false,false,9,2015-01-01,2015-09-30,0
2015-10-29,71720,2014-12-31,3,,,,,,,,,,,,,,,,,,,,,,,,,,,,,,,,,,,10296154,false,false,9,2014-01-01,2014-09-30,-1
2015-10-29,71720,2015-12-31,3,1825000000,1.774,,,,,805000000,1.717,714000000,1.529,449000000,,1.566,40.42,38.80,,,,,10699000000,1616000000,0.151,146.74,1616000000,,,,,,,,,,,,true,false,9,2015-01-01,2015-09-30,0
2015-10-29,71720,2014-12-31,3,658000000,,,,,,296000000,,282000000,,175000000,,,17.00,16.47,,,,,,,,,,,,,,,,,,,,,true,false,9,2014-01-01,2014-09-30,-1
2015-10-29,71720,2015-12-31,3,2221000000,1.117,,,,,1045000000,0.957,1090000000,0.601,655000000,,0.548,58.86,,,,,,,,,,,,,,,,,,,,,,true,true,12,2015-01-01,2015-12-31,0
2015-10-29,71720,2014-12-31,3,,,,,,,,,,,,,,,,,,,,14104000000,1367000000,0.097,132.43,1367000000,,,,,,,,,,,,true,false,12,2014-01-01,2014-12-31,-1
2015-10-29,71720,2014-12-31,3,,,,,,,,,,,,,,,,,,,,,,,,,,,,,0.00,,,,11136500,,,false,false,12,2014-01-01,2014-12-31,-1
2015-10-29,71720,2015-12-31,3,,,,,,,,,,,,,,,,,,,,,,,,,,,,,0.00,,,,,,,false,false,12,2015-01-01,2015-12-31,0
2015-10-29,71720,2015-12-31,3,,,,,,,,,,,,,,,,,,,,,,,,,,,,,0.00,,,,,,,false,true,12,2015-01-01,2015-12-31,0
2015-10-29,71720,2015-12-31,3,,,,,,,,,,,,,,,,,,,,,,,,,,,,,,,,,11136500,120000,11111160,false,false,9,2015-01-01,2015-09-30,0
2015-10-29,71720,2014-12-31,3,,,,,,,,,,,,,,,,,,,,,,,,,,,,,,,,,,,10296154,false,false,9,2014-01-01,2014-09-30,-1
2015-11-27,71720,2015-12-31,,2740000000,0.234,,,,,1102000000,0.055,1210000000,0.110,740000000,,0.130,66.75,,,,,,,,,,,,,,,,,,,,,,true,true,12,2015-01-01,2015-12-31,0
2015-11-27,71720,2014-12-31,,1049000000,,,,,,534000000,,681000000,,423000000,,,40.33,,,,,,,,,,,,,,,,,,,,,,true,false,12,2014-01-01,2014-12-31,-1
2016-02-12,71720,2015-12-31,,2805000000,1.674,,,,,1155000000,1.162,1267000000,0.859,764000000,,0.806,68.96,66.19,0.463,0.108,0.411,,9404000000,1932000000,0.205,175.39,1932000000,7409000000,-597000000,-5724000000,2379000000,,0.000,,,,,,true,false,12,2015-01-01,2015-12-31,0
2016-02-12,71720,2014-12-31,,1049000000,1.016,,,,,534000000,1.354,681000000,1.566,423000000,,1.406,40.33,38.84,0.447,0.092,0.510,,14104000000,1367000000,0.097,122.78,1367000000,-11148000000,-54000000,12163000000,1276000000,,0.000,,,,,,true,false,12,2014-01-01,2014-12-31,-1
2016-02-12,71720,2016-12-31,,1969000000,1.522,,,,,612000000,1.195,491000000,1.963,,295000000,,26.79,,,,,,,,,,,,,,,,,,,,,,true,true,6,2016-01-01,2016-06-30,1
2016-02-12,71720,2016-12-31,,5210000000,0.857,,,,,2362000000,1.044,2232000000,0.761,,1341000000,,121.80,,,,,,,,,,,,,,,,,,,,,,true,true,12,2016-01-01,2016-12-31,1
2016-02-12,71720,2015-12-31,,726000000,0.988,,,,,102000000,0.398,325000000,,243000000,,,21.96,21.08,,,,,3839000000,772000000,0.201,70.16,772000000,,,,,0.00,,,,11136500,120000,11087301,false,false,12,2015-01-01,2015-12-31,0
2016-02-12,71720,2014-12-31,,365000000,0.685,,,,,73000000,1.676,-18000000,,-13000000,,,-1.26,,,,,,8032000000,729000000,0.090,65.49,729000000,,,,,0.00,,,,11136500,0,10495408,false,false,12,2014-01-01,2014-12-31,-1
,71720,2016-12-31,,,,,,,,,,,,,,,,,,,,,,,,,,,,,,10.00,,,,,,,false,true,12,2016-01-01,2016-12-31,0
,71720,2015-12-31,,,,,,,,,,,,,,,,,,,,,,,,,,,,,,0.00,,,,,,,false,false,12,2015-01-01,2015-12-31,-1
2016-05-06,71720,2016-12-31,1,992000000,1.304,,,,,340000000,0.839,280000000,1.028,,188000000,,17.10,16.39,,,,,20775000000,2125000000,0.102,192.91,2120000000,,,,,,,,,,,,true,false,3,2016-01-01,2016-03-31,0
2016-05-06,71720,2015-12-31,1,430000000,,,,,,185000000,,138000000,,,87000000,,7.86,7.54,,,,,,,,,,,,,,,,,,,,,true,false,3,2015-01-01,2015-03-31,-1
2016-05-06,71720,2016-12-31,1,1969000000,1.522,,,,,612000000,1.195,491000000,1.963,,295000000,,25.29,,,,,,,,,,,,,,,,,,,,,,true,true,6,2016-01-01,2016-06-30,0
2016-05-06,71720,2016-12-31,1,5210000000,0.857,,,,,2362000000,1.044,2232000000,0.761,,1341000000,,114.99,,,,,,,,,,,,,,,,,,,,,,true,true,12,2016-01-01,2016-12-31,0
2016-05-06,71720,2015-12-31,1,,,,,,,,,,,,,,,,,,,,9404000000,1932000000,0.205,175.39,1932000000,,,,,,,,,,,,true,false,12,2015-01-01,2015-12-31,-1
2016-05-06,71720,2015-12-31,1,,,,,,,,,,,,,,,,,,,,,,,,,,,,,0.00,,,,11136500,120000,,false,false,12,2015-01-01,2015-12-31,-1
2016-05-06,71720,2016-12-31,1,,,,,,,,,,,,,,,,,,,,,,,,,,,,,10.00,,,,,,,false,true,12,2016-01-01,2016-12-31,0
2016-05-06,71720,2016-12-31,1,,,,,,,,,,,,,,,,,,,,,,,,,,,,,,,,,11136500,120039,11016477,false,false,3,2016-01-01,2016-03-31,0
2016-05-06,71720,2015-12-31,1,,,,,,,,,,,,,,,,,,,,,,,,,,,,,,,,,,,11136500,false,false,3,2015-01-01,2015-03-31,-1
2016-07-28,71720,2016-12-31,,2353000000,0.195,,,,,628000000,0.026,417000000,-0.151,,225000000,,19.80,,,,,,,,,,,,,,,,,,,,,,true,true,6,2016-01-01,2016-06-30,0
2016-07-28,71720,2015-12-31,,780000000,,,,,,279000000,,166000000,,,107000000,,9.65,,,,,,,,,,,,,,,,,,,,,,true,false,6,2015-01-01,2015-06-30,-1
2016-08-04,71720,2016-12-31,2,2353000000,2.014,,,,,628000000,1.253,417000000,1.514,,225000000,,19.80,18.98,,,,,30505000000,5492000000,0.180,454.50,5494000000,,,,,,,,,,,,true,false,6,2016-01-01,2016-06-30,0
2016-08-04,71720,2015-12-31,2,780000000,0.525,,,,,279000000,-0.004,166000000,-0.398,,107000000,,9.65,9.26,,,,,,,,,,,,,,,,,,,,,true,false,6,2015-01-01,2015-06-30,-1
2016-08-04,71720,2016-12-31,2,5210000000,0.857,,,,,2362000000,1.044,2232000000,0.761,,1341000000,,114.37,,,,,,,,,,,,,,,,,,,,,,true,true,12,2016-01-01,2016-12-31,0
2016-08-04,71720,2015-12-31,2,,,,,,,,,,,,,,,,,,,,9404000000,1932000000,0.205,175.39,1932000000,,,,,,,,,,,,true,false,12,2015-01-01,2015-12-31,-1
2016-08-04,71720,2015-12-31,2,,,,,,,,,,,,,,,,,,,,,,,,,,,,,0.00,,,,11136500,120000,,false,false,12,2015-01-01,2015-12-31,-1
2016-08-04,71720,2016-12-31,2,,,,,,,,,,,,,,,,,,,,,,,,,,,,,4.00,,,,,,,false,false,12,2016-01-01,2016-12-31,0
2016-08-04,71720,2016-12-31,2,,,,,,,,,,,,,,,,,,,,,,,,,,,,,10.00,,,,,,,false,true,12,2016-01-01,2016-12-31,0
2016-08-04,71720,2016-12-31,2,,,,,,,,,,,,,,,,,,,,,,,,,,,,,,,,,12191600,120039,11387561,false,false,6,2016-01-01,2016-06-30,0
2016-08-04,71720,2015-12-31,2,,,,,,,,,,,,,,,,,,,,,,,,,,,,,,,,,,,11136500,false,false,6,2015-01-01,2015-06-30,-1
2016-11-04,71720,2016-12-31,3,3080000000,0.687,,,,,611000000,-0.241,347000000,-0.514,,159000000,,13.72,13.17,,,,,29950000000,5398000000,0.180,444.34,5381000000,,,,,,,,,,,,true,false,9,2016-01-01,2016-09-30,0
2016-11-04,71720,2015-12-31,3,1825000000,1.774,,,,,805000000,1.717,714000000,1.529,,449000000,,40.42,38.80,,,,,,,,,,,,,,,,,,,,,true,false,9,2015-01-01,2015-09-30,-1
2016-11-04,71720,2016-12-31,3,5210000000,0.857,,,,,2362000000,1.044,2232000000,0.761,,1341000000,,114.37,,,,,,,,,,,,,,,,,,,,,,true,true,12,2016-01-01,2016-12-31,0
2016-11-04,71720,2015-12-31,3,,,,,,,,,,,,,,,,,,,,9404000000,1932000000,0.205,175.39,1932000000,,,,,,,,,,,,true,false,12,2015-01-01,2015-12-31,-1
2016-11-04,71720,2015-12-31,3,,,,,,,,,,,,,,,,,,,,,,,,,,,,,0.00,,,,11136500,120000,,false,false,12,2015-01-01,2015-12-31,-1
2016-11-04,71720,2016-12-31,3,,,,,,,,,,,,,,,,,,,,,,,,,,,,,4.00,,,,,,,false,false,12,2016-01-01,2016-12-31,0
2016-11-04,71720,2016-12-31,3,,,,,,,,,,,,,,,,,,,,,,,,,,,,,10.00,,,,,,,false,true,12,2016-01-01,2016-12-31,0
2016-11-04,71720,2016-12-31,3,,,,,,,,,,,,,,,,,,,,,,,,,,,,,,,,,12231600,120039,11626568,false,false,9,2016-01-01,2016-09-30,0
2016-11-04,71720,2015-12-31,3,,,,,,,,,,,,,,,,,,,,,,,,,,,,,,,,,,,11111160,false,false,9,2015-01-01,2015-09-30,-1
2017-01-19,71720,2016-12-31,,5900000000,0.132,,,,,2400000000,0.016,2235000000,0.001,,1350000000,,113.58,,,,,,,,,,,,,,,,,,,,,,true,true,12,2016-01-01,2016-12-31,0
2017-01-19,71720,2015-12-31,,2805000000,,,,,,1155000000,,1267000000,,,764000000,,68.96,,,,,,,,,,,,,,,,,,,,,,true,false,12,2015-01-01,2015-12-31,-1
2017-02-08,71720,2016-12-31,,5913000000,1.108,,,,,2465000000,1.133,2240000000,0.768,,1390000000,,118.15,113.07,0.321,0.119,0.417,,28195000000,6756000000,0.239,552.88,6739000000,-11469000000,-250000000,15901000000,6660000000,,0.085,,,,,,true,false,12,2016-01-01,2016-12-31,0
2017-02-08,71720,2015-12-31,,2805000000,1.674,,,,,1155000000,1.162,1267000000,0.859,,764000000,,68.96,66.19,0.463,0.108,0.411,,9404000000,1932000000,0.205,175.39,1932000000,7409000000,-597000000,-5724000000,2379000000,,,,,,,,true,false,12,2015-01-01,2015-12-31,-1
2017-02-08,71720,2017-12-31,,2650000000,0.126,,,,,1050000000,0.672,900000000,1.158,,500000000,,41.02,,,,,,,,,,,,,,,,,,,,,,true,true,6,2017-01-01,2017-06-30,1
2017-02-08,71720,2017-12-31,,7700000000,0.302,,,,,3700000000,0.501,3400000000,0.518,,2100000000,,172.26,,,,,,,,,,,,,,,,,,,,,,true,true,12,2017-01-01,2017-12-31,1
2017-02-08,71720,2016-12-31,,1341000000,0.847,,,,,501000000,3.912,554000000,0.705,313000000,,0.288,26.67,25.53,,,,,15747000000,4514000000,0.286,370.35,4503000000,,,,,10.00,,,,12310600,120039,11766334,false,false,12,2016-01-01,2016-12-31,0
2017-02-08,71720,2015-12-31,,726000000,0.988,,,,,102000000,0.398,325000000,,243000000,,,21.96,21.08,,,,,3839000000,772000000,0.201,70.16,772000000,,,,,0.00,,,,11136500,120000,11087301,false,false,12,2015-01-01,2015-12-31,-1
2017-02-08,71720,2017-12-31,,,,,,,,,,,,,,,,,,,,,,,,,,,,,,15.00,,,,,,,false,true,12,2017-01-01,2017-12-31,1
2017-05-02,71720,2017-12-31,1,1566000000,0.578,,,,,901000000,1.646,712000000,1.542,,390000000,,31.99,28.76,,,,,35582000000,7033000000,0.197,575.56,7016000000,,,,,,,,,,,,true,false,3,2017-01-01,2017-03-31,0
2017-05-02,71720,2016-12-31,1,992000000,1.304,,,,,340000000,0.839,280000000,1.028,,188000000,,17.10,16.39,,,,,,,,,,,,,,,,,,,,,true,false,3,2016-01-01,2016-03-31,-1
2017-05-02,71720,2017-12-31,1,2650000000,0.126,,,,,1050000000,0.672,900000000,1.158,,500000000,,41.02,,,,,,,,,,,,,,,,,,,,,,true,true,6,2017-01-01,2017-06-30,0
2017-05-02,71720,2017-12-31,1,7700000000,0.302,,,,,3700000000,0.501,3400000000,0.518,,2100000000,,172.26,,,,,,,,,,,,,,,,,,,,,,true,true,12,2017-01-01,2017-12-31,0
2017-05-02,71720,2016-12-31,1,,,,,,,,,,,,,,,,,,,,28195000000,6756000000,0.239,552.88,6739000000,,,,,,,,,,,,true,false,12,2016-01-01,2016-12-31,-1
2017-05-02,71720,2016-12-31,1,,,,,,,,,,,,,,,,,,,,,,,,,,,,,10.00,,,,12310600,120039,,false,false,12,2016-01-01,2016-12-31,-1
2017-05-02,71720,2017-12-31,1,,,,,,,,,,,,,,,,,,,,,,,,,,,,,15.00,,,,,,,false,true,12,2017-01-01,2017-12-31,0
2017-05-02,71720,2017-12-31,1,,,,,,,,,,,,,,,,,,,,,,,,,,,,,,,,,12310600,120075,12190532,false,false,3,2017-01-01,2017-03-31,0
2017-05-02,71720,2016-12-31,1,,,,,,,,,,,,,,,,,,,,,,,,,,,,,,,,,,,11016477,false,false,3,2016-01-01,2016-03-31,-1
2017-07-03,71720,2017-12-31,,3000000000,0.132,,,,,1575000000,0.500,1350000000,0.500,,750000000,,61.52,,,,,,,,,,,,,,,,,,,,,,true,true,6,2017-01-01,2017-06-30,0
2017-07-03,71720,2016-12-31,,2353000000,,,,,,628000000,,417000000,,,225000000,,19.80,,,,,,,,,,,,,,,,,,,,,,true,false,6,2016-01-01,2016-06-30,-1
2017-08-02,71720,2017-12-31,2,3256000000,0.384,,,,,1785000000,1.839,1577000000,2.780,,885000000,,72.62,69.82,,,,,41613000000,7531000000,0.181,616.43,7514000000,,,,,,,,,,,,true,false,6,2017-01-01,2017-06-30,0
2017-08-02,71720,2016-12-31,2,2353000000,2.014,,,,,628000000,1.253,417000000,1.514,,225000000,,19.80,18.98,,,,,,,,,,,,,,,,,,,,,true,false,6,2016-01-01,2016-06-30,-1
2017-08-02,71720,2017-12-31,2,7700000000,0.302,,,,,3700000000,0.501,3400000000,0.518,,2100000000,,86.13,,,,,,,,,,,,,,,,,,,,,,true,true,12,2017-01-01,2017-12-31,0
2017-08-02,71720,2016-12-31,2,,,,,,,,,,,,,,,,,,,,28195000000,6756000000,0.239,552.88,6739000000,,,,,,,,,,,,true,false,12,2016-01-01,2016-12-31,-1
2017-08-02,71720,2016-12-31,2,,,,,,,,,,,,,,,,,,,,,,,,,,,,,10.00,,,,12310600,120039,,false,false,12,2016-01-01,2016-12-31,-1
2017-08-02,71720,2017-12-31,2,,,,,,,,,,,,,,,,,,,,,,,,,,,,,6.00,,,,,,,false,false,12,2017-01-01,2017-12-31,0
2017-08-02,71720,2017-12-31,2,,,,,,,,,,,,,,,,,,,,,,,,,,,,,11.00,,,,,,,false,true,12,2017-01-01,2017-12-31,0
2017-08-02,71720,2017-12-31,2,,,,,,,,,,,,,,,,,,,,,,,,,,,,,,,,,12310600,120075,12190528,false,false,6,2017-01-01,2017-06-30,0
2017-08-02,71720,2016-12-31,2,,,,,,,,,,,,,,,,,,,,,,,,,,,,,,,,,,,11387561,false,false,6,2016-01-01,2016-06-30,-1
2017-11-02,71720,2017-12-31,3,4784000000,0.553,,,,,2463000000,3.026,1963000000,4.655,,1121000000,,44.93,43.16,,,,,45298000000,12788000000,0.279,469.38,12627000000,,,,,,,,,,,,true,false,9,2017-01-01,2017-09-30,0
2017-11-02,71720,2016-12-31,3,3080000000,0.687,,,,,611000000,-0.241,347000000,-0.514,,159000000,,6.86,6.59,,,,,,,,,,,,,,,,,,,,,true,false,9,2016-01-01,2016-09-30,-1
2017-11-02,71720,2017-12-31,3,7700000000,0.302,,,,,3700000000,0.501,3400000000,0.518,,2100000000,,86.13,,,,,,,,,,,,,,,,,,,,,,true,true,12,2017-01-01,2017-12-31,0
2017-11-02,71720,2016-12-31,3,,,,,,,,,,,,,,,,,,,,28195000000,6756000000,0.239,276.44,6739000000,,,,,,,,,,,,true,false,12,2016-01-01,2016-12-31,-1
2017-11-02,71720,2016-12-31,3,,,,,,,,,,,,,,,,,,,,,,,,,,,,,10.00,,,,24621200,240078,,false,false,12,2016-01-01,2016-12-31,-1
2017-11-02,71720,2017-12-31,3,,,,,,,,,,,,,,,,,,,,,,,,,,,,,6.00,,,,,,,false,false,12,2017-01-01,2017-12-31,0
2017-11-02,71720,2017-12-31,3,,,,,,,,,,,,,,,,,,,,,,,,,,,,,5.00,,,,,,,false,true,12,2017-01-01,2017-12-31,0
2017-11-02,71720,2017-12-31,3,,,,,,,,,,,,,,,,,,,,,,,,,,,,,,,,,27142200,240150,24961271,false,false,9,2017-01-01,2017-09-30,0
2017-11-02,71720,2016-12-31,3,,,,,,,,,,,,,,,,,,,,,,,,,,,,,,,,,,,23253136,false,false,9,2016-01-01,2016-09-30,-1
2018-01-18,71720,2017-12-31,,8600000000,0.117,,,,,4680000000,0.265,4170000000,0.226,,2700000000,,106.00,,,,,,,,,,,,,,,,,,,,,,true,true,12,2017-01-01,2017-12-31,0
2018-01-18,71720,2016-12-31,,5913000000,,,,,,2465000000,,2240000000,,,1390000000,,59.07,,,,,,,,,,,,,,,,,,,,,,true,false,12,2016-01-01,2016-12-31,-1
,71720,2017-12-31,,,,,,,,,,,,,,,,,,,,,,,,,,,,,,6.00,,,,,,,false,true,12,2017-01-01,2017-12-31,0
,71720,2017-12-31,,,,,,,,,,,,,,,,,,,,,,,,,,,,,,6.00,,,,,,,false,false,12,2017-01-01,2017-12-31,0
,71720,2016-12-31,,,,,,,,,,,,,,,,,,,,,,,,,,,,,,10.00,,,,,,,false,false,12,2016-01-01,2016-12-31,-1
2018-02-07,71720,2017-12-31,,8568000000,0.449,,,,,4707000000,0.909,4176000000,0.864,,2726000000,,107.12,102.93,0.260,0.089,0.549,,66015000000,14255000000,0.215,526.33,14222000000,-23085000000,-2806000000,30749000000,11484000000,,0.084,,,,,,true,false,12,2017-01-01,2017-12-31,0
2018-02-07,71720,2016-12-31,,5913000000,1.108,,,,,2465000000,1.133,2240000000,0.768,,1390000000,,59.08,56.53,0.321,0.119,0.417,,28195000000,6756000000,0.239,276.44,6739000000,-11469000000,-250000000,15901000000,6660000000,,0.085,,,,,,true,false,12,2016-01-01,2016-12-31,-1
2018-02-07,71720,2018-12-31,,4800000000,0.474,,,,,2700000000,0.512,2400000000,0.521,,1500000000,,55.51,,,,,,,,,,,,,,,,,,,,,,true,true,6,2018-01-01,2018-06-30,1
2018-02-07,71720,2018-12-31,,12000000000,0.400,,,,,6800000000,0.445,6000000000,0.437,,4100000000,,151.73,,,,,,,,,,,,,,,,0.086,,,,,,true,true,12,2018-01-01,2018-12-31,1
2018-02-07,71720,2017-12-31,,2376000000,1.772,,,,,1270000000,1.534,2035000000,2.671,1463000000,,3.663,57.49,54.89,,,,,35875000000,10731000000,0.299,396.71,10720000000,,,,,6.00,,,,27262200,240150,25455056,false,false,12,2017-01-01,2017-12-31,0
2018-02-07,71720,2016-12-31,,1341000000,0.847,,,,,501000000,3.912,554000000,0.705,313000000,,0.288,13.40,12.82,,,,,15747000000,4514000000,0.286,184.78,4503000000,,,,,10.00,,,,12310600,120039,11766334,false,false,12,2016-01-01,2016-12-31,-1
2018-02-07,71720,2018-12-31,,,,,,,,,,,,,,,,,,,,,,,,,,,,,,13.00,,,,,,,false,true,12,2018-01-01,2018-12-31,1
2018-05-02,71720,2018-12-31,1,3193000000,1.038,,,,,2119000000,1.350,1652000000,1.318,,982000000,,36.36,35.06,,,,,86386000000,15147000000,0.175,557.90,15075000000,,,,,,,,,,,,true,false,3,2018-01-01,2018-03-31,0
2018-05-02,71720,2017-12-31,1,1566000000,0.578,,,,,901000000,1.646,712000000,1.542,,390000000,,16.00,14.38,,,,,,,,,,,,,,,,,,,,,true,false,3,2017-01-01,2017-03-31,-1
2018-05-02,71720,2018-12-31,1,6200000000,0.904,,,,,3900000000,1.184,3500000000,1.219,,2200000000,,81.41,,,,,,,,,,,,,,,,,,,,,,true,true,6,2018-01-01,2018-06-30,0
2018-05-02,71720,2018-12-31,1,12000000000,0.400,,,,,6800000000,0.445,6000000000,0.437,,4100000000,,151.73,,,,,,,,,,,,,,,,,,,,,,true,true,12,2018-01-01,2018-12-31,0
2018-05-02,71720,2017-12-31,1,,,,,,,,,,,,,,,,,,,,66015000000,14255000000,0.215,526.33,14222000000,,,,,,,,,,,,true,false,12,2017-01-01,2017-12-31,-1
2018-05-02,71720,2017-12-31,1,,,,,,,,,,,,,,,,,,,,,,,,,,,,,6.00,,,,27262200,240150,,false,false,12,2017-01-01,2017-12-31,-1
2018-05-02,71720,2018-12-31,1,,,,,,,,,,,,,,,,,,,,,,,,,,,,,13.00,,,,,,,false,true,12,2018-01-01,2018-12-31,0
2018-05-02,71720,2018-12-31,1,,,,,,,,,,,,,,,,,,,,,,,,,,,,,,,,,27262200,240150,27022050,false,false,3,2018-01-01,2018-03-31,0
2018-05-02,71720,2017-12-31,1,,,,,,,,,,,,,,,,,,,,,,,,,,,,,,,,,,,24381064,false,false,3,2017-01-01,2017-03-31,-1
2018-08-02,71720,2018-12-31,2,6373000000,0.957,,,,,4011000000,1.247,3613000000,1.291,,2283000000,,83.35,80.09,,,,,100159000000,30606000000,0.304,1020.31,30497000000,,,,,,,,,,,,true,false,6,2018-01-01,2018-06-30,0
2018-08-02,71720,2017-12-31,2,3256000000,0.384,,,,,1785000000,1.839,1577000000,2.780,,885000000,,36.31,34.91,,,,,,,,,,,,,,,,,,,,,true,false,6,2017-01-01,2017-06-30,-1
2018-08-02,71720,2018-12-31,2,12000000000,0.400,,,,,6800000000,0.445,6000000000,0.437,,4100000000,,143.77,,,,,,,,,,,,,,,,,,,,,,true,true,12,2018-01-01,2018-12-31,0
2018-08-02,71720,2017-12-31,2,,,,,,,,,,,,,,,,,,,,66015000000,14255000000,0.215,526.33,14222000000,,,,,,,,,,,,true,false,12,2017-01-01,2017-12-31,-1
2018-08-02,71720,2017-12-31,2,,,,,,,,,,,,,,,,,,,,,,,,,,,,,6.00,,,,27262200,240150,,false,false,12,2017-01-01,2017-12-31,-1
2018-08-02,71720,2018-12-31,2,,,,,,,,,,,,,,,,,,,,,,,,,,,,,5.50,,,,,,,false,false,12,2018-01-01,2018-12-31,0
2018-08-02,71720,2018-12-31,2,,,,,,,,,,,,,,,,,,,,,,,,,,,,,13.00,,,,,,,false,true,12,2018-01-01,2018-12-31,0
2018-08-02,71720,2018-12-31,2,,,,,,,,,,,,,,,,,,,,,,,,,,,,,,,,,30130400,240193,27396866,false,false,6,2018-01-01,2018-06-30,0
2018-08-02,71720,2017-12-31,2,,,,,,,,,,,,,,,,,,,,,,,,,,,,,,,,,,,24381056,false,false,6,2017-01-01,2017-06-30,-1
2018-10-31,71720,2018-12-31,3,10198000000,1.132,,,,,6020000000,1.444,4973000000,1.533,,2989000000,,106.00,102.18,,,,,99666000000,30080000000,0.300,1009.12,29917000000,,,,,,,,,,,,true,false,9,2018-01-01,2018-09-30,0
2018-10-31,71720,2017-12-31,3,4784000000,0.553,,,,,2463000000,3.026,1963000000,4.655,,1121000000,,44.93,43.16,,,,,,,,,,,,,,,,,,,,,true,false,9,2017-01-01,2017-09-30,-1
2018-10-31,71720,2018-12-31,3,12000000000,0.400,,,,,6800000000,0.445,6000000000,0.437,,4100000000,,145.38,,,,,,,,,,,,,,,,,,,,,,true,true,12,2018-01-01,2018-12-31,0
2018-10-31,71720,2017-12-31,3,,,,,,,,,,,,,,,,,,,,66015000000,14255000000,0.215,526.33,14222000000,,,,,,,,,,,,true,false,12,2017-01-01,2017-12-31,-1
2018-10-31,71720,2017-12-31,3,,,,,,,,,,,,,,,,,,,,,,,,,,,,,6.00,,,,27262200,240150,,false,false,12,2017-01-01,2017-12-31,-1
2018-10-31,71720,2018-12-31,3,,,,,,,,,,,,,,,,,,,,,,,,,,,,,5.50,,,,,,,false,false,12,2018-01-01,2018-12-31,0
2018-10-31,71720,2018-12-31,3,,,,,,,,,,,,,,,,,,,,,,,,,,,,,13.00,,,,,,,false,true,12,2018-01-01,2018-12-31,0
2018-10-31,71720,2018-12-31,3,,,,,,,,,,,,,,,,,,,,,,,,,,,,,,,,,30181600,534493,28201857,false,false,9,2018-01-01,2018-09-30,0
2018-10-31,71720,2017-12-31,3,,,,,,,,,,,,,,,,,,,,,,,,,,,,,,,,,,,24961271,false,false,9,2017-01-01,2017-09-30,-1
2019-01-29,71720,2018-12-31,,15220000000,0.268,,,,,8930000000,0.313,7410000000,0.235,,5100000000,,178.53,,,,,,,,,,,,,,,,,,,,,,true,true,12,2018-01-01,2018-12-31,0
2019-01-29,71720,2017-12-31,,8568000000,,,,,,4707000000,,4176000000,,,2726000000,,107.12,,,,,,,,,,,,,,,,,,,,,,true,false,12,2017-01-01,2017-12-31,-1
2019-01-29,71720,2018-12-31,,,,,,,,,,,,,,,,,,,,,,,,,,,,,,15.00,,,,,,,false,true,12,2018-01-01,2018-12-31,0
2019-01-29,71720,2018-12-31,,,,,,,,,,,,,,,,,,,,,,,,,,,,,,5.50,,,,,,,false,false,12,2018-01-01,2018-12-31,0
2019-01-29,71720,2017-12-31,,,,,,,,,,,,,,,,,,,,,,,,,,,,,,6.00,,,,,,,false,false,12,2017-01-01,2017-12-31,-1
2019-02-07,71720,2018-12-31,,15226000000,0.777,,,,,8936000000,0.898,7405000000,0.773,,5142000000,,180.03,175.23,0.223,0.086,0.587,,106781000000,32076000000,0.300,1077.74,31999000000,-23006000000,-1850000000,33700000000,20292000000,,0.083,,,,,,true,false,12,2018-01-01,2018-12-31,0
2019-02-07,71720,2017-12-31,,8568000000,0.449,,,,,4707000000,0.909,4176000000,0.864,,2726000000,,107.12,102.93,0.260,0.089,0.549,,66015000000,14255000000,0.215,526.33,14222000000,-23085000000,-2806000000,30749000000,11484000000,,0.084,,,,,,true,false,12,2017-01-01,2017-12-31,-1
2019-02-07,71720,2019-12-31,,8300000000,0.302,,,,,4600000000,0.147,4400000000,0.218,,3000000000,,105.02,,,,,,,,,,,,,,,,,,,,,,true,true,6,2019-01-01,2019-06-30,1
2019-02-07,71720,2019-12-31,,20500000000,0.346,,,,,12200000000,0.365,11400000000,0.539,,7800000000,,273.06,,,,,,,,,,,,,,,,0.084,,,,,,true,true,12,2019-01-01,2019-12-31,1
2019-02-07,71720,2018-12-31,,4034000000,0.698,,,,,2343000000,0.844,5652000000,1.778,5447000000,,2.722,190.69,185.62,,,,,58534000000,28768000000,0.491,968.38,28752000000,,,,,15.00,,,,30231600,540193,28564871,false,false,12,2018-01-01,2018-12-31,0
2019-02-07,71720,2017-12-31,,2376000000,1.772,,,,,1270000000,1.534,2035000000,2.671,1463000000,,3.663,57.49,54.89,,,,,35875000000,10731000000,0.299,396.71,10720000000,,,,,6.00,,,,27262200,240150,25455056,false,false,12,2017-01-01,2017-12-31,-1
2019-02-07,71720,2019-12-31,,,,,,,,,,,,,,,,,,,,,,,,,,,,,,22.00,,,,,,,false,true,12,2019-01-01,2019-12-31,1
2019-04-26,71720,2019-12-31,1,2582000000,-0.211,,,,,1161000000,-0.465,913000000,-0.463,,503000000,,16.94,16.50,,,,,114416000000,32362000000,0.282,1086.32,32254000000,,,,,,,,,,,,true,false,3,2019-01-01,2019-03-31,0
2019-04-26,71720,2018-12-31,1,3271000000,1.088,,,,,2169000000,1.406,1702000000,1.388,,1017000000,,37.64,36.19,,,,,,,,,,,,,,,,,,,,,true,false,3,2018-01-01,2018-03-31,-1
2019-04-26,71720,2019-12-31,1,8300000000,0.344,,,,,4600000000,0.199,4400000000,0.279,,3000000000,,105.02,,,,,,,,,,,,,,,,,,,,,,true,true,6,2019-01-01,2019-06-30,0
2019-04-26,71720,2019-12-31,1,20500000000,0.363,,,,,12200000000,0.392,11400000000,0.576,,7800000000,,273.06,,,,,,,,,,,,,,,,,,,,,,true,true,12,2019-01-01,2019-12-31,0
2019-04-26,71720,2018-12-31,1,,,,,,,,,,,,,,,,,,,,106776000000,32080000000,0.300,1184.35,32003000000,,,,,,,,,,,,true,false,12,2018-01-01,2018-12-31,-1
2019-04-26,71720,2018-12-31,1,,,,,,,,,,,,,,,,,,,,,,,,,,,,,15.00,,,,30231600,540193,,false,false,12,2018-01-01,2018-12-31,-1
2019-04-26,71720,2019-12-31,1,,,,,,,,,,,,,,,,,,,,,,,,,,,,,22.00,,,,,,,false,true,12,2019-01-01,2019-12-31,0
2019-04-26,71720,2019-12-31,1,,,,,,,,,,,,,,,,,,,,,,,,,,,,,,,,,30231600,540218,29691385,false,false,3,2019-01-01,2019-03-31,0
2019-04-26,71720,2018-12-31,1,,,,,,,,,,,,,,,,,,,,,,,,,,,,,,,,,,,27022050,false,false,3,2018-01-01,2018-03-31,-1
2019-07-22,71720,2019-12-31,,6046000000,-0.271,,,,,3147000000,-0.316,2694000000,-0.388,,1765000000,,,,,,,,,,,,,,,,,,,,,,,,true,true,6,2019-01-01,2019-06-30,0
2019-07-22,71720,2018-12-31,,6176000000,,,,,,3837000000,,3438000000,,,2162000000,,,,,,,,,,,,,,,,,,,,,,,,true,false,6,2018-01-01,2018-06-30,-1
2019-07-22,71720,2019-12-31,,20000000000,-0.024,,,,,11500000000,-0.057,10000000000,-0.122,,6280000000,,211.50,,,,,,,,,,,,,,,,,,,,,,true,true,12,2019-01-01,2019-12-31,0
2019-07-22,71720,2018-12-31,,15036000000,,,,,,8766000000,,7235000000,,,5025000000,,175.92,,,,,,,,,,,,,,,,,,,,,,true,false,12,2018-01-01,2018-12-31,-1
2019-08-02,71720,2019-12-31,2,6046000000,-0.021,,,,,3147000000,-0.180,2694000000,-0.216,,1765000000,,59.45,58.02,,,,,150373000000,33541000000,0.222,1123.20,33457000000,,,,,,,,,,,,true,false,6,2019-01-01,2019-06-30,0
2019-08-02,71720,2018-12-31,2,6176000000,0.896,,,,,3837000000,1.149,3438000000,1.180,,2162000000,,78.94,75.86,,,,,,,,,,,,,,,,,,,,,true,false,6,2018-01-01,2018-06-30,-1
2019-08-02,71720,2019-12-31,2,20000000000,0.330,,,,,11500000000,0.312,10000000000,0.382,,6280000000,,211.50,,,,,,,,,,,,,,,,,,,,,,true,true,12,2019-01-01,2019-12-31,0
2019-08-02,71720,2018-12-31,2,,,,,,,,,,,,,,,,,,,,106776000000,32080000000,0.300,1077.87,32003000000,,,,,,,,,,,,true,false,12,2018-01-01,2018-12-31,-1
2019-08-02,71720,2018-12-31,2,,,,,,,,,,,,,,,,,,,,,,,,,,,,,15.00,,,,30231600,540193,,false,false,12,2018-01-01,2018-12-31,-1
2019-08-02,71720,2019-12-31,2,,,,,,,,,,,,,,,,,,,,,,,,,,,,,9.50,,,,,,,false,false,12,2019-01-01,2019-12-31,0
2019-08-02,71720,2019-12-31,2,,,,,,,,,,,,,,,,,,,,,,,,,,,,,22.00,,,,,,,false,true,12,2019-01-01,2019-12-31,0
2019-08-02,71720,2019-12-31,2,,,,,,,,,,,,,,,,,,,,,,,,,,,,,,,,,30328200,540242,29692012,false,false,6,2019-01-01,2019-06-30,0
2019-08-02,71720,2018-12-31,2,,,,,,,,,,,,,,,,,,,,,,,,,,,,,,,,,,,27396866,false,false,6,2018-01-01,2018-06-30,-1
2019-10-31,71720,2019-12-31,3,8788000000,-0.176,,,,,3980000000,-0.380,2692000000,-0.499,,1642000000,,55.25,54.05,,,,,179653000000,33495000000,0.185,1118.18,33368000000,,,,,,,,,,,,true,false,9,2019-01-01,2019-09-30,0
2019-10-31,71720,2018-12-31,3,10665000000,1.229,,,,,6423000000,1.607,5376000000,1.738,,3267000000,,115.87,111.68,,,,,,,,,,,,,,,,,,,,,true,false,9,2018-01-01,2018-09-30,-1
2019-10-31,71720,2019-12-31,3,20000000000,0.330,,,,,11500000000,0.312,10000000000,0.382,,6280000000,,211.50,,,,,,,,,,,,,,,,,,,,,,true,true,12,2019-01-01,2019-12-31,0
2019-10-31,71720,2018-12-31,3,,,,,,,,,,,,,,,,,,,,106776000000,32080000000,0.300,1077.87,32003000000,,,,,,,,,,,,true,false,12,2018-01-01,2018-12-31,-1
2019-10-31,71720,2018-12-31,3,,,,,,,,,,,,,,,,,,,,,,,,,,,,,15.00,,,,30231600,540193,,false,false,12,2018-01-01,2018-12-31,-1
2019-10-31,71720,2019-12-31,3,,,,,,,,,,,,,,,,,,,,,,,,,,,,,9.50,,,,,,,false,false,12,2019-01-01,2019-12-31,0
2019-10-31,71720,2019-12-31,3,,,,,,,,,,,,,,,,,,,,,,,,,,,,,22.00,,,,,,,false,true,12,2019-01-01,2019-12-31,0
2019-10-31,71720,2019-12-31,3,,,,,,,,,,,,,,,,,,,,,,,,,,,,,,,,,30382400,540281,29724539,false,false,9,2019-01-01,2019-09-30,0
2019-10-31,71720,2018-12-31,3,,,,,,,,,,,,,,,,,,,,,,,,,,,,,,,,,,,28201857,false,false,9,2018-01-01,2018-09-30,-1
2020-01-23,71720,2019-12-31,,16630000000,-0.169,,,,,8170000000,-0.290,7100000000,-0.290,,4400000000,,148.03,,,,,,,,,,,,,,,,,,,,,,true,true,12,2019-01-01,2019-12-31,0
2020-01-23,71720,2018-12-31,,15036000000,,,,,,8766000000,,7235000000,,,5025000000,,175.92,,,,,,,,,,,,,,,,,,,,,,true,false,12,2018-01-01,2018-12-31,-1
2020-02-10,71720,2019-12-31,,16647000000,0.107,,,,,8188000000,-0.066,7184000000,-0.007,,4555000000,,153.11,150.19,0.134,0.054,0.492,,158879000000,36256000000,0.227,1208.99,36126000000,-20670000000,-1771000000,38983000000,36239000000,,0.144,,,,,,true,false,12,2019-01-01,2019-12-31,0
2020-02-10,71720,2018-12-31,,15036000000,0.755,,,,,8766000000,0.862,7235000000,0.733,,5025000000,,175.91,171.23,0.217,0.084,0.583,,106776000000,32080000000,0.300,1077.87,32003000000,-23006000000,-1850000000,33700000000,20292000000,,0.085,,,,,,true,false,12,2018-01-01,2018-12-31,-1
2020-02-10,71720,2020-12-31,,10760000000,0.780,,,,,5470000000,0.738,5060000000,0.878,,3330000000,,105.02,,,,,,,,,,,,,,,,,,,,,,true,true,6,2020-01-01,2020-06-30,1
2020-02-10,71720,2020-12-31,,22370000000,0.344,,,,,11300000000,0.380,9980000000,0.389,,6280000000,,211.06,,,,,,,,,,,,,,,,0.152,,,,,,true,true,12,2020-01-01,2020-12-31,1
2020-02-10,71720,2019-12-31,,4839000000,0.200,,,,,2549000000,0.088,5830000000,0.031,4817000000,,-0.116,161.92,158.83,,,,,53852000000,33198000000,0.616,1110.47,33182000000,,,,,22.00,,,,30422000,540281,29754284,false,false,12,2019-01-01,2019-12-31,0
2020-02-10,71720,2018-12-31,,4034000000,0.698,,,,,2343000000,0.844,5652000000,1.778,5447000000,,2.722,190.69,185.62,,,,,58534000000,28768000000,0.491,968.38,28752000000,,,,,15.00,,,,30231600,540193,28564871,false,false,12,2018-01-01,2018-12-31,-1
2020-02-10,71720,2020-12-31,,,,,,,,,,,,,,,,,,,,,,,,,,,,,,32.00,,,,,,,false,true,12,2020-01-01,2020-12-31,1
2020-05-01,71720,2020-12-31,1,7380000000,1.858,,,,,3057000000,1.634,2867000000,2.138,,2023000000,,67.71,67.06,,,,,139638000000,37732000000,0.269,1258.05,37592000000,,,,,,,,,,,,true,false,3,2020-01-01,2020-03-31,0
2020-05-01,71720,2019-12-31,1,2582000000,-0.211,,,,,1161000000,-0.561,913000000,-0.463,,503000000,,16.94,16.50,,,,,,,,,,,,,,,,,,,,,true,false,3,2019-01-01,2019-03-31,-1
2020-05-01,71720,2020-12-31,1,10400000000,0.720,,,,,4230000000,0.344,3830000000,0.421,,2650000000,,88.68,,,,,,,,,,,,,,,,,,,,,,true,true,6,2020-01-01,2020-06-30,0
2020-05-01,71720,2020-12-31,1,19730000000,0.185,,,,,8400000000,0.026,7000000000,-0.026,,4400000000,,147.24,,,,,,,,,,,,,,,,,,,,,,true,true,12,2020-01-01,2020-12-31,0
2020-05-01,71720,2019-12-31,1,,,,,,,,,,,,,,,,,,,,158879000000,36256000000,0.227,1208.99,36126000000,,,,,,,,,,,,true,false,12,2019-01-01,2019-12-31,-1
2020-05-01,71720,2019-12-31,1,,,,,,,,,,,,,,,,,,,,,,,,,,,,,22.00,,,,30422000,540281,,false,false,12,2019-01-01,2019-12-31,-1
2020-05-01,71720,2020-12-31,1,,,,,,,,,,,,,,,,,,,,,,,,,,,,,32.00,,,,,,,false,true,12,2020-01-01,2020-12-31,0
2020-05-01,71720,2020-12-31,1,,,,,,,,,,,,,,,,,,,,,,,,,,,,,,,,,30422000,540281,29881719,false,false,3,2020-01-01,2020-03-31,0
2020-05-01,71720,2019-12-31,1,,,,,,,,,,,,,,,,,,,,,,,,,,,,,,,,,,,29691385,false,false,3,2019-01-01,2019-03-31,-1
2020-07-31,71720,2020-12-31,2,10544000000,0.744,,,,,4436000000,0.410,3979000000,0.477,,2712000000,,90.77,90.07,,,,,131910000000,38512000000,0.291,1281.79,38363000000,,,,,,,,,,,,true,false,6,2020-01-01,2020-06-30,0
2020-07-31,71720,2019-12-31,2,6046000000,-0.021,,,,,3147000000,-0.180,2694000000,-0.216,,1765000000,,59.45,58.02,,,,,,,,,,,,,,,,,,,,,true,false,6,2019-01-01,2019-06-30,-1
2020-07-31,71720,2020-12-31,2,19730000000,0.185,,,,,8400000000,0.026,7000000000,-0.026,,4400000000,,147.24,,,,,,,,,,,,,,,,,,,,,,true,true,12,2020-01-01,2020-12-31,0
2020-07-31,71720,2019-12-31,2,,,,,,,,,,,,,,,,,,,,158879000000,36256000000,0.227,1208.99,36126000000,,,,,,,,,,,,true,false,12,2019-01-01,2019-12-31,-1
2020-07-31,71720,2019-12-31,2,,,,,,,,,,,,,,,,,,,,,,,,,,,,,22.00,,,,30422000,540281,,false,false,12,2019-01-01,2019-12-31,-1
2020-07-31,71720,2020-12-31,2,,,,,,,,,,,,,,,,,,,,,,,,,,,,,16.00,,,,,,,false,false,12,2020-01-01,2020-12-31,0
2020-07-31,71720,2020-12-31,2,,,,,,,,,,,,,,,,,,,,,,,,,,,,,32.00,,,,,,,false,true,12,2020-01-01,2020-12-31,0
2020-07-31,71720,2020-12-31,2,,,,,,,,,,,,,,,,,,,,,,,,,,,,,,,,,30470000,540361,29881961,false,false,6,2020-01-01,2020-06-30,0
2020-07-31,71720,2019-12-31,2,,,,,,,,,,,,,,,,,,,,,,,,,,,,,,,,,,,29692012,false,false,6,2019-01-01,2019-06-30,-1
2020-09-29,71720,2020-12-31,,18500000000,-0.062,,,,,7700000000,-0.083,6300000000,-0.106,,3900000000,,130.51,,,,,,,,,,,,,,,,,,,,,,true,true,12,2020-01-01,2020-12-31,0
2020-09-29,71720,2019-12-31,,16647000000,,,,,,8188000000,,7184000000,,,4555000000,,153.11,,,,,,,,,,,,,,,,,,,,,,true,false,12,2019-01-01,2019-12-31,-1
2020-10-30,71720,2020-12-31,3,14114000000,0.606,,,,,5537000000,0.391,4613000000,0.713,,3080000000,,103.03,102.24,,,,,110174000000,38419000000,0.347,1277.27,38228000000,,,,,,,,,,,,true,false,9,2020-01-01,2020-09-30,0
2020-10-30,71720,2019-12-31,3,8788000000,-0.176,,,,,3980000000,-0.380,2692000000,-0.499,,1642000000,,55.25,54.05,,,,,,,,,,,,,,,,,,,,,true,false,9,2019-01-01,2019-09-30,-1
2020-10-30,71720,2020-12-31,3,18500000000,0.111,,,,,7700000000,-0.060,6300000000,-0.123,,3900000000,,130.51,,,,,,,,,,,,,,,,,,,,,,true,true,12,2020-01-01,2020-12-31,0
2020-10-30,71720,2019-12-31,3,,,,,,,,,,,,,,,,,,,,158879000000,36256000000,0.227,1208.99,36126000000,,,,,,,,,,,,true,false,12,2019-01-01,2019-12-31,-1
2020-10-30,71720,2019-12-31,3,,,,,,,,,,,,,,,,,,,,,,,,,,,,,22.00,,,,30422000,540281,,false,false,12,2019-01-01,2019-12-31,-1
2020-10-30,71720,2020-12-31,3,,,,,,,,,,,,,,,,,,,,,,,,,,,,,16.00,,,,,,,false,false,12,2020-01-01,2020-12-31,0
2020-10-30,71720,2020-12-31,3,,,,,,,,,,,,,,,,,,,,,,,,,,,,,32.00,,,,,,,false,true,12,2020-01-01,2020-12-31,0
2020-10-30,71720,2020-12-31,3,,,,,,,,,,,,,,,,,,,,,,,,,,,,,,,,,30470000,540392,29897964,false,false,9,2020-01-01,2020-09-30,0
2020-10-30,71720,2019-12-31,3,,,,,,,,,,,,,,,,,,,,,,,,,,,,,,,,,,,29724539,false,false,9,2019-01-01,2019-09-30,-1
2021-02-10,71720,2020-12-31,,17707000000,0.064,,,,,7009000000,-0.144,6064000000,-0.156,,3831000000,,128.13,127.05,0.102,0.045,0.396,,112170000000,39085000000,0.347,1294.62,38903000000,24024000000,-1727000000,-37054000000,21377000000,,0.250,,,,,,true,false,12,2020-01-01,2020-12-31,0
2021-02-10,71720,2019-12-31,,16647000000,0.107,,,,,8188000000,-0.066,7184000000,-0.007,,4555000000,,153.11,150.19,0.134,0.054,0.492,,158879000000,36256000000,0.227,1208.99,36126000000,-20670000000,-1771000000,38983000000,36239000000,,0.144,,,,,,true,false,12,2019-01-01,2019-12-31,-1
2021-02-10,71720,2021-12-31,,5520000000,-0.477,,,,,1950000000,-0.560,1880000000,-0.528,,1330000000,,44.47,,,,,,,,,,,,,,,,,,,,,,true,true,6,2021-01-01,2021-06-30,1
2021-02-10,71720,2021-12-31,,13000000000,-0.266,,,,,4630000000,-0.340,4070000000,-0.329,,2800000000,,93.63,,,,,,,,,,,,,,,,0.343,,,,,,true,true,12,2021-01-01,2021-12-31,1
2021-02-10,71720,2020-12-31,,5442000000,0.125,,,,,2570000000,0.008,3895000000,-0.332,2800000000,,-0.419,93.64,92.86,,,,,60232000000,35123000000,0.583,1168.30,35107000000,,,,,32.00,,,,30590200,540392,29906246,false,false,12,2020-01-01,2020-12-31,0
2021-02-10,71720,2019-12-31,,4839000000,0.200,,,,,2549000000,0.088,5830000000,0.031,4817000000,,-0.116,161.92,158.83,,,,,53852000000,33198000000,0.616,1110.47,33182000000,,,,,22.00,,,,30422000,540281,29754284,false,false,12,2019-01-01,2019-12-31,-1
2021-02-10,71720,2021-12-31,,,,,,,,,,,,,,,,,,,,,,,,,,,,,,32.00,,,,,,,false,true,12,2021-01-01,2021-12-31,1
2021-04-30,71720,2021-12-31,1,3732000000,-0.494,,,,,1938000000,-0.366,2425000000,-0.154,,1370000000,,45.59,45.40,,,,,96442000000,40466000000,0.417,1337.83,40201000000,,,,,,,,,,,,true,false,3,2021-01-01,2021-03-31,0
2021-04-30,71720,2020-12-31,1,7380000000,1.858,,,,,3057000000,1.634,2867000000,2.138,,2023000000,,67.71,67.06,,,,,,,,,,,,,,,,,,,,,true,false,3,2020-01-01,2020-03-31,-1
2021-04-30,71720,2021-12-31,1,5520000000,-0.477,,,,,1950000000,-0.560,1880000000,-0.528,,1330000000,,44.26,,,,,,,,,,,,,,,,,,,,,,true,true,6,2021-01-01,2021-06-30,0
2021-04-30,71720,2021-12-31,1,13000000000,-0.266,,,,,4630000000,-0.340,4070000000,-0.329,,2800000000,,93.18,,,,,,,,,,,,,,,,,,,,,,true,true,12,2021-01-01,2021-12-31,0
2021-04-30,71720,2020-12-31,1,,,,,,,,,,,,,,,,,,,,112170000000,39085000000,0.347,1294.62,38903000000,,,,,,,,,,,,true,false,12,2020-01-01,2020-12-31,-1
2021-04-30,71720,2020-12-31,1,,,,,,,,,,,,,,,,,,,,,,,,,,,,,32.00,,,,30590200,540392,,false,false,12,2020-01-01,2020-12-31,-1
2021-04-30,71720,2021-12-31,1,,,,,,,,,,,,,,,,,,,,,,,,,,,,,32.00,,,,,,,false,true,12,2021-01-01,2021-12-31,0
2021-04-30,71720,2021-12-31,1,,,,,,,,,,,,,,,,,,,,,,,,,,,,,,,,,30590200,540392,30049808,false,false,3,2021-01-01,2021-03-31,0
2021-04-30,71720,2020-12-31,1,,,,,,,,,,,,,,,,,,,,,,,,,,,,,,,,,,,29881719,false,false,3,2020-01-01,2020-03-31,-1
2021-07-30,71720,2021-12-31,2,5437000000,-0.484,,,,,1982000000,-0.553,2405000000,-0.396,,1387000000,,46.17,46.12,,,,,93856000000,40214000000,0.427,1329.18,40076000000,,,,,,,,,,,,true,false,6,2021-01-01,2021-06-30,0
2021-07-30,71720,2020-12-31,2,10544000000,0.744,,,,,4436000000,0.410,3979000000,0.477,,2712000000,,90.77,90.07,,,,,,,,,,,,,,,,,,,,,true,false,6,2020-01-01,2020-06-30,-1
2021-07-30,71720,2021-12-31,2,13000000000,-0.266,,,,,4630000000,-0.340,4070000000,-0.329,,2800000000,,93.18,,,,,,,,,,,,,,,,,,,,,,true,true,12,2021-01-01,2021-12-31,0
2021-07-30,71720,2020-12-31,2,,,,,,,,,,,,,,,,,,,,112170000000,39085000000,0.347,1294.62,38903000000,,,,,,,,,,,,true,false,12,2020-01-01,2020-12-31,-1
2021-07-30,71720,2020-12-31,2,,,,,,,,,,,,,,,,,,,,,,,,,,,,,32.00,,,,30590200,540392,,false,false,12,2020-01-01,2020-12-31,-1
2021-07-30,71720,2021-12-31,2,,,,,,,,,,,,,,,,,,,,,,,,,,,,,16.00,,,,,,,false,false,12,2021-01-01,2021-12-31,0
2021-07-30,71720,2021-12-31,2,,,,,,,,,,,,,,,,,,,,,,,,,,,,,32.00,,,,,,,false,true,12,2021-01-01,2021-12-31,0
2021-07-30,71720,2021-12-31,2,,,,,,,,,,,,,,,,,,,,,,,,,,,,,,,,,30691200,540392,30050703,false,false,6,2021-01-01,2021-06-30,0
2021-07-30,71720,2020-12-31,2,,,,,,,,,,,,,,,,,,,,,,,,,,,,,,,,,,,29881961,false,false,6,2020-01-01,2020-06-30,-1
2021-10-29,71720,2021-12-31,3,10023000000,-0.290,,,,,3092000000,-0.442,3354000000,-0.273,,2029000000,,67.44,67.23,,,,,86211000000,40486000000,0.468,1337.70,40332000000,,,,,,,,,,,,true,false,9,2021-01-01,2021-09-30,0
2021-10-29,71720,2020-12-31,3,14114000000,0.606,,,,,5537000000,0.391,4613000000,0.713,,3080000000,,103.03,102.24,,,,,,,,,,,,,,,,,,,,,true,false,9,2020-01-01,2020-09-30,-1
2021-10-29,71720,2021-12-31,3,13000000000,-0.266,,,,,4630000000,-0.340,4070000000,-0.329,,2800000000,,93.07,,,,,,,,,,,,,,,,,,,,,,true,true,12,2021-01-01,2021-12-31,0
2021-10-29,71720,2020-12-31,3,,,,,,,,,,,,,,,,,,,,112170000000,39085000000,0.347,1294.62,38903000000,,,,,,,,,,,,true,false,12,2020-01-01,2020-12-31,-1
2021-10-29,71720,2020-12-31,3,,,,,,,,,,,,,,,,,,,,,,,,,,,,,32.00,,,,30590200,540392,,false,false,12,2020-01-01,2020-12-31,-1
2021-10-29,71720,2021-12-31,3,,,,,,,,,,,,,,,,,,,,,,,,,,,,,16.00,,,,,,,false,false,12,2021-01-01,2021-12-31,0
2021-10-29,71720,2021-12-31,3,,,,,,,,,,,,,,,,,,,,,,,,,,,,,32.00,,,,,,,false,true,12,2021-01-01,2021-12-31,0
2021-10-29,71720,2021-12-31,3,,,,,,,,,,,,,,,,,,,,,,,,,,,,,,,,,30691200,540392,30084438,false,false,9,2021-01-01,2021-09-30,0
2021-10-29,71720,2020-12-31,3,,,,,,,,,,,,,,,,,,,,,,,,,,,,,,,,,,,29897964,false,false,9,2020-01-01,2020-09-30,-1
2022-02-10,71720,2021-12-31,,14105000000,-0.203,,,,,3773000000,-0.462,4704000000,-0.224,,2921000000,,97.03,96.77,0.073,0.044,0.267,,101764000000,41679000000,0.408,1376.22,41549000000,24147000000,-18207000000,-15358000000,12244000000,,0.330,,,,,,true,false,12,2021-01-01,2021-12-31,0
2022-02-10,71720,2020-12-31,,17707000000,0.064,,,,,7009000000,-0.144,6064000000,-0.156,,3831000000,,128.13,127.05,0.102,0.045,0.396,,112170000000,39085000000,0.347,1294.62,38903000000,24024000000,-1727000000,-37054000000,21377000000,,0.250,,,,,,true,false,12,2020-01-01,2020-12-31,-1
2022-02-10,71720,2022-12-31,,5190000000,-0.045,,,,,1240000000,-0.375,1140000000,-0.526,,872000000,,28.97,,,,,,,,,,,,,,,,,,,,,,true,true,6,2022-01-01,2022-06-30,1
2022-02-10,71720,2022-12-31,,14500000000,0.028,,,,,4600000000,0.219,3480000000,-0.260,,3000000000,,99.66,,,,,,,,,,,,,,,,0.321,,,,,,true,true,12,2022-01-01,2022-12-31,1
2022-02-10,71720,2021-12-31,,5376000000,-0.012,,,,,1301000000,-0.493,4615000000,0.185,3597000000,,0.284,119.50,119.17,,,,,65464000000,37786000000,0.577,1251.28,37777000000,,,,,32.00,,,,30731200,540392,30101276,false,false,12,2021-01-01,2021-12-31,0
2022-02-10,71720,2020-12-31,,5442000000,0.125,,,,,2570000000,0.008,3895000000,-0.332,2800000000,,-0.419,93.64,92.86,,,,,60232000000,35123000000,0.583,1168.30,35107000000,,,,,32.00,,,,30590200,540392,29906246,false,false,12,2020-01-01,2020-12-31,-1
2022-02-10,71720,2022-12-31,,,,,,,,,,,,,,,,,,,,,,,,,,,,,,32.00,,,,,,,false,true,12,2022-01-01,2022-12-31,1
2022-04-28,71720,2022-12-31,1,2254000000,-0.396,,,,,20000000,-0.989,2028000000,-0.164,,1835000000,,60.79,,,,,,99526000000,43527000000,0.436,,43392000000,,,,,,,,,,,,true,false,3,2022-01-01,2022-03-31,0
2022-04-28,71720,2021-12-31,1,3732000000,-0.494,,,,,1938000000,-0.366,2425000000,-0.154,,1370000000,,45.59,45.40,,,,,,,,,,,,,,,,,,,,,true,false,3,2021-01-01,2021-03-31,-1
2022-04-28,71720,2022-12-31,1,5190000000,-0.045,,,,,1240000000,-0.375,1140000000,-0.526,,872000000,,28.97,,,,,,,,,,,,,,,,,,,,,,true,true,6,2022-01-01,2022-06-30,0
2022-04-28,71720,2022-12-31,1,14500000000,0.028,,,,,4600000000,0.219,3480000000,-0.260,,3000000000,,99.66,,,,,,,,,,,,,,,,,,,,,,true,true,12,2022-01-01,2022-12-31,0
2022-04-28,71720,2021-12-31,1,,,,,,,,,,,,,,,,,,,,101764000000,41679000000,0.408,,41549000000,,,,,,,,,,,,true,false,12,2021-01-01,2021-12-31,-1
2022-04-28,71720,2021-12-31,1,,,,,,,,,,,,,,,,,,,,,,,,,,,,,32.00,,,,30731200,540392,,false,false,12,2021-01-01,2021-12-31,-1
2022-04-28,71720,2022-12-31,1,,,,,,,,,,,,,,,,,,,,,,,,,,,,,32.00,,,,,,,false,true,12,2022-01-01,2022-12-31,0
2022-04-28,71720,2022-12-31,1,,,,,,,,,,,,,,,,,,,,,,,,,,,,,,,,,30731200,540392,30190808,false,false,3,2022-01-01,2022-03-31,0
2022-04-28,71720,2021-12-31,1,,,,,,,,,,,,,,,,,,,,,,,,,,,,,,,,,,,30049808,false,false,3,2021-01-01,2021-03-31,-1
2022-07-21,71720,2022-12-31,,12500000000,1.408,,,,,1500000000,0.210,6700000000,4.877,,5300000000,,175.55,,,,,,,,,,,,,,,,,,,,,,true,true,6,2022-01-01,2022-06-30,0
2022-07-21,71720,2021-12-31,,5437000000,,,,,,1982000000,,2405000000,,,1387000000,,46.17,,,,,,,,,,,,,,,,,,,,,,true,false,6,2021-01-01,2021-06-30,-1
2022-07-21,71720,2022-12-31,,19400000000,0.338,,,,,3000000000,-0.348,7900000000,1.270,,6400000000,,212.00,,,,,,,,,,,,,,,,,,,,,,true,true,12,2022-01-01,2022-12-31,0
2022-07-21,71720,2021-12-31,,14105000000,,,,,,3773000000,,4704000000,,,2921000000,,97.03,,,,,,,,,,,,,,,,,,,,,,true,false,12,2021-01-01,2021-12-31,-1
2022-07-29,71720,2022-12-31,2,12527000000,1.304,,,,,1501000000,-0.243,6705000000,1.787,,5323000000,,176.32,,,,,,129849000000,47765000000,0.367,,47631000000,,,,,,,,,,,,true,false,6,2022-01-01,2022-06-30,0
2022-07-29,71720,2021-12-31,2,5437000000,-0.484,,,,,1982000000,-0.553,2405000000,-0.396,,1387000000,,46.17,46.12,,,,,,,,,,,,,,,,,,,,,true,false,6,2021-01-01,2021-06-30,-1
2022-07-29,71720,2022-12-31,2,19400000000,0.375,,,,,3000000000,-0.025,7900000000,0.679,,6400000000,,212.00,,,,,,,,,,,,,,,,,,,,,,true,true,12,2022-01-01,2022-12-31,0
2022-07-29,71720,2021-12-31,2,,,,,,,,,,,,,,,,,,,,101764000000,41679000000,0.408,,41549000000,,,,,,,,,,,,true,false,12,2021-01-01,2021-12-31,-1
2022-07-29,71720,2021-12-31,2,,,,,,,,,,,,,,,,,,,,,,,,,,,,,32.00,,,,30731200,540392,,false,false,12,2021-01-01,2021-12-31,-1
2022-07-29,71720,2022-12-31,2,,,,,,,,,,,,,,,,,,,,,,,,,,,,,16.00,,,,,,,false,false,12,2022-01-01,2022-12-31,0
2022-07-29,71720,2022-12-31,2,,,,,,,,,,,,,,,,,,,,,,,,,,,,,32.00,,,,,,,false,true,12,2022-01-01,2022-12-31,0
2022-07-29,71720,2022-12-31,2,,,,,,,,,,,,,,,,,,,,,,,,,,,,,,,,,30731200,540420,30190807,false,false,6,2022-01-01,2022-06-30,0
2022-07-29,71720,2021-12-31,2,,,,,,,,,,,,,,,,,,,,,,,,,,,,,,,,,,,30050703,false,false,6,2021-01-01,2021-06-30,-1
2022-10-31,71720,2022-12-31,3,15500000000,0.546,,,,,1775000000,-0.426,7660000000,1.284,,5784000000,,191.59,,,,,,145178000000,48113000000,0.330,,47977000000,,,,,,,,,,,,true,false,9,2022-01-01,2022-09-30,0
2022-10-31,71720,2021-12-31,3,10023000000,-0.290,,,,,3092000000,-0.442,3354000000,-0.273,,2029000000,,67.44,67.23,,,,,,,,,,,,,,,,,,,,,true,false,9,2021-01-01,2021-09-30,-1
2022-10-31,71720,2022-12-31,3,19400000000,0.375,,,,,3000000000,-0.205,7900000000,0.679,,6400000000,,212.00,,,,,,,,,,,,,,,,,,,,,,true,true,12,2022-01-01,2022-12-31,0
2022-10-31,71720,2021-12-31,3,,,,,,,,,,,,,,,,,,,,101764000000,41679000000,0.408,,41549000000,,,,,,,,,,,,true,false,12,2021-01-01,2021-12-31,-1
2022-10-31,71720,2021-12-31,3,,,,,,,,,,,,,,,,,,,,,,,,,,,,,32.00,,,,30731200,540392,,false,false,12,2021-01-01,2021-12-31,-1
2022-10-31,71720,2022-12-31,3,,,,,,,,,,,,,,,,,,,,,,,,,,,,,16.00,,,,,,,false,false,12,2022-01-01,2022-12-31,0
2022-10-31,71720,2022-12-31,3,,,,,,,,,,,,,,,,,,,,,,,,,,,,,32.00,,,,,,,false,true,12,2022-01-01,2022-12-31,0
2022-10-31,71720,2022-12-31,3,,,,,,,,,,,,,,,,,,,,,,,,,,,,,,,,,30731200,540420,30190798,false,false,9,2022-01-01,2022-09-30,0
2022-10-31,71720,2021-12-31,3,,,,,,,,,,,,,,,,,,,,,,,,,,,,,,,,,,,30084438,false,false,9,2021-01-01,2021-09-30,-1
2023-01-26,71720,2022-12-31,,18700000000,-0.036,,,,,1290000000,-0.570,5910000000,-0.252,,4490000000,,148.72,,,,,,,,,,,,,,,,,,,,,,true,true,12,2022-01-01,2022-12-31,0
2023-01-26,71720,2021-12-31,,14105000000,,,,,,3773000000,,4704000000,,,2921000000,,97.03,,,,,,,,,,,,,,,,,,,,,,true,false,12,2021-01-01,2021-12-31,-1
2023-02-10,7172,2022-12-31,,18045000000,0.279,,,,,1298000000,-0.656,5897000000,0.254,,4412000000,,146.14,,0.101,0.042,0.072,,175876000000,46795000000,0.260,1516.19,45775000000,-48944000000,-9270000000,66589000000,20836000000,,0.219,,,,,,true,false,12,2022-01-01,2022-12-31,0
2023-02-10,7172,2021-12-31,,14105000000,-0.203,,,,,3773000000,-0.462,4704000000,-0.224,,2921000000,,97.03,96.77,0.073,0.044,0.267,,101764000000,41679000000,0.408,1376.22,41549000000,24147000000,-18207000000,-15358000000,12244000000,,0.330,,,,,,true,false,12,2021-01-01,2021-12-31,-1
2023-02-10,7172,2023-12-31,,6870000000,-0.452,,,,,1260000000,-0.161,540000000,-0.919,,500000000,,16.56,,,,,,,,,,,,,,,,,,,,,,true,true,6,2023-01-01,2023-06-30,1
2023-02-10,7172,2023-12-31,,18340000000,0.016,,,,,4000000000,2.082,2260000000,-0.617,,2000000000,,66.25,,,,,,,,,,,,,,,,0.483,,,,,,true,true,12,2023-01-01,2023-12-31,1
2023-02-10,7172,2022-12-31,,10317000000,0.918,,,,,1112000000,-0.145,4609000000,-0.001,3519000000,,-0.022,116.57,,,,,,70301000000,40270000000,0.573,1333.58,40261000000,,,,,32.00,,,,30731200,540420,30190794,false,false,12,2022-01-01,2022-12-31,0
2023-02-10,7172,2021-12-31,,5376000000,-0.012,,,,,1301000000,-0.493,4615000000,0.185,3597000000,,0.284,119.50,119.17,,,,,65464000000,37786000000,0.577,1251.28,37777000000,,,,,32.00,,,,30731200,540392,30101276,false,false,12,2021-01-01,2021-12-31,-1
2023-02-10,7172,2023-12-31,,,,,,,,,,,,,,,,,,,,,,,,,,,,,,32.00,,,,,,,false,true,12,2023-01-01,2023-12-31,1
2023-04-28,71720,2023-12-31,1,3913000000,0.736,,,,,1341000000,64.686,901000000,-0.556,,597000000,,19.78,,,,,,187282000000,47101000000,0.246,,46064000000,,,,,,,,,,,,true,false,3,2023-01-01,2023-03-31,0
2023-04-28,71720,2022-12-31,1,2254000000,-0.396,,,,,20000000,-0.989,2028000000,-0.164,,1835000000,,60.79,,,,,,,,,,,,,,,,,,,,,,true,false,3,2022-01-01,2022-03-31,-1
2023-04-28,71720,2023-12-31,1,6870000000,-0.452,,,,,1260000000,-0.161,540000000,-0.919,,500000000,,16.56,,,,,,,,,,,,,,,,,,,,,,true,true,6,2023-01-01,2023-06-30,0
2023-04-28,71720,2023-12-31,1,18340000000,0.016,,,,,4000000000,2.080,2260000000,-0.617,,2000000000,,66.25,,,,,,,,,,,,,,,,,,,,,,true,true,12,2023-01-01,2023-12-31,0
2023-04-28,71720,2022-12-31,1,,,,,,,,,,,,,,,,,,,,175876000000,46795000000,0.260,,45775000000,,,,,,,,,,,,true,false,12,2022-01-01,2022-12-31,-1
2023-04-28,71720,2022-12-31,1,,,,,,,,,,,,,,,,,,,,,,,,,,,,,32.00,,,,30731200,540420,,false,false,12,2022-01-01,2022-12-31,-1
2023-04-28,71720,2023-12-31,1,,,,,,,,,,,,,,,,,,,,,,,,,,,,,32.00,,,,,,,false,true,12,2023-01-01,2023-12-31,0
2023-04-28,71720,2023-12-31,1,,,,,,,,,,,,,,,,,,,,,,,,,,,,,,,,,30731200,540420,30190780,false,false,3,2023-01-01,2023-03-31,0
2023-04-28,71720,2022-12-31,1,,,,,,,,,,,,,,,,,,,,,,,,,,,,,,,,,,,30190808,false,false,3,2022-01-01,2022-03-31,-1
2023-07-20,71720,2023-12-31,,8900000000,0.295,,,,,3200000000,1.540,2600000000,3.815,,1700000000,,56.31,,,,,,,,,,,,,,,,,,,,,,true,true,6,2023-01-01,2023-06-30,0
2023-07-20,71720,2022-12-31,,12527000000,,,,,,1501000000,,6705000000,,,5323000000,,176.32,,,,,,,,,,,,,,,,,,,,,,true,false,6,2022-01-01,2022-06-30,-1
2023-07-20,71720,2023-12-31,,19300000000,0.052,,,,,5000000000,0.250,3400000000,0.504,,2400000000,,79.49,,,,,,,,,,,,,,,,,,,,,,true,true,12,2023-01-01,2023-12-31,0
2023-07-20,71720,2022-12-31,,18045000000,,,,,,1298000000,,5897000000,,,4412000000,,146.14,,,,,,,,,,,,,,,,,,,,,,true,false,12,2022-01-01,2022-12-31,-1
2023-07-31,71720,2023-12-31,2,8938000000,-0.287,,,,,3200000000,1.131,2611000000,-0.610,,1696000000,,56.20,,,,,,208945000000,49171000000,0.230,,48121000000,,,,,,,,,,,,true,false,6,2023-01-01,2023-06-30,0
2023-07-31,71720,2022-12-31,2,12527000000,1.304,,,,,1501000000,-0.243,6705000000,1.787,,5323000000,,176.32,,,,,,,,,,,,,,,,,,,,,,true,false,6,2022-01-01,2022-06-30,-1
2023-07-31,71720,2023-12-31,2,19300000000,0.070,,,,,5000000000,2.850,3400000000,-0.424,,2400000000,,79.49,,,,,,,,,,,,,,,,,,,,,,true,true,12,2023-01-01,2023-12-31,0
2023-07-31,71720,2022-12-31,2,,,,,,,,,,,,,,,,,,,,175876000000,46795000000,0.260,,45775000000,,,,,,,,,,,,true,false,12,2022-01-01,2022-12-31,-1
2023-07-31,71720,2022-12-31,2,,,,,,,,,,,,,,,,,,,,,,,,,,,,,32.00,,,,30731200,540420,,false,false,12,2022-01-01,2022-12-31,-1
2023-07-31,71720,2023-12-31,2,,,,,,,,,,,,,,,,,,,,,,,,,,,,,32.00,,,,,,,false,true,12,2023-01-01,2023-12-31,0
2023-07-31,71720,2023-12-31,2,,,,,,,,,,,,,,,,,,,,,,,,,,,,,,,,,30731200,540420,30190780,false,false,6,2023-01-01,2023-06-30,0
2023-07-31,71720,2022-12-31,2,,,,,,,,,,,,,,,,,,,,,,,,,,,,,,,,,,,30190807,false,false,6,2022-01-01,2022-06-30,-1
2023-07-31,71720,2023-12-31,2,8938000000,-0.287,,,,,3200000000,1.131,2611000000,-0.610,,1696000000,,56.20,,,,,,208945000000,49171000000,0.230,,48121000000,,,,,,,,,,,,true,false,6,2023-01-01,2023-06-30,0
2023-07-31,71720,2022-12-31,2,12527000000,1.304,,,,,1501000000,-0.243,6705000000,1.787,,5323000000,,176.32,,,,,,,,,,,,,,,,,,,,,,true,false,6,2022-01-01,2022-06-30,-1
2023-07-31,71720,2023-12-31,2,19300000000,0.070,,,,,5000000000,2.850,3400000000,-0.424,,2400000000,,79.49,,,,,,,,,,,,,,,,,,,,,,true,true,12,2023-01-01,2023-12-31,0
2023-07-31,71720,2022-12-31,2,,,,,,,,,,,,,,,,,,,,175876000000,46795000000,0.260,,45775000000,,,,,,,,,,,,true,false,12,2022-01-01,2022-12-31,-1
2023-07-31,71720,2022-12-31,2,,,,,,,,,,,,,,,,,,,,,,,,,,,,,32.00,,,,30731200,540420,,false,false,12,2022-01-01,2022-12-31,-1
2023-07-31,71720,2023-12-31,2,,,,,,,,,,,,,,,,,,,,,,,,,,,,,16.00,,,,,,,false,false,12,2023-01-01,2023-12-31,0
2023-07-31,71720,2023-12-31,2,,,,,,,,,,,,,,,,,,,,,,,,,,,,,32.00,,,,,,,false,true,12,2023-01-01,2023-12-31,0
2023-07-31,71720,2023-12-31,2,,,,,,,,,,,,,,,,,,,,,,,,,,,,,,,,,30731200,540420,30190780,false,false,6,2023-01-01,2023-06-30,0
2023-07-31,71720,2022-12-31,2,,,,,,,,,,,,,,,,,,,,,,,,,,,,,,,,,,,30190807,false,false,6,2022-01-01,2022-06-30,-1
2023-10-31,71720,2023-12-31,3,14833000000,-0.043,,,,,3566000000,1.008,3143000000,-0.590,,2231000000,,73.89,,,,,,220493000000,49627000000,0.220,,48599000000,,,,,,,,,,,,true,false,9,2023-01-01,2023-09-30,0
2023-10-31,71720,2022-12-31,3,15500000000,0.546,,,,,1775000000,-0.426,7660000000,1.284,,5784000000,,191.59,,,,,,,,,,,,,,,,,,,,,,true,false,9,2022-01-01,2022-09-30,-1
2023-10-31,71720,2023-12-31,3,19300000000,0.070,,,,,5000000000,2.850,3400000000,-0.424,,2400000000,,79.49,,,,,,,,,,,,,,,,,,,,,,true,true,12,2023-01-01,2023-12-31,0
2023-10-31,71720,2022-12-31,3,,,,,,,,,,,,,,,,,,,,175876000000,46795000000,0.260,,45775000000,,,,,,,,,,,,true,false,12,2022-01-01,2022-12-31,-1
2023-10-31,71720,2022-12-31,3,,,,,,,,,,,,,,,,,,,,,,,,,,,,,32.00,,,,30731200,540420,,false,false,12,2022-01-01,2022-12-31,-1
2023-10-31,71720,2023-12-31,3,,,,,,,,,,,,,,,,,,,,,,,,,,,,,16.00,,,,,,,false,false,12,2023-01-01,2023-12-31,0
2023-10-31,71720,2023-12-31,3,,,,,,,,,,,,,,,,,,,,,,,,,,,,,32.00,,,,,,,false,true,12,2023-01-01,2023-12-31,0
2023-10-31,71720,2023-12-31,3,,,,,,,,,,,,,,,,,,,,,,,,,,,,,,,,,30781400,540447,30196474,false,false,9,2023-01-01,2023-09-30,0
2023-10-31,71720,2022-12-31,3,,,,,,,,,,,,,,,,,,,,,,,,,,,,,,,,,,,30190798,false,false,9,2022-01-01,2022-09-30,-1
2023-12-28,71720,2023-12-31,,21450000000,0.111,,,,,5430000000,0.086,3440000000,0.012,,2400000000,,79.49,,,,,,,,,,,,,,,,,,,,,,true,true,12,2023-01-01,2023-12-31,0
2023-12-28,71720,2022-12-31,,18045000000,,,,,,1298000000,,5897000000,,,4412000000,,146.14,,,,,,,,,,,,,,,,,,,,,,true,false,12,2022-01-01,2022-12-31,-1
2024-02-09,71720,2023-12-31,,21818000000,0.209,,,,,5492000000,3.229,3668000000,-0.378,,2359000000,,78.12,,0.050,0.019,0.252,,211750000000,48811000000,0.226,1582.66,47861000000,-18101000000,3940000000,21262000000,28186000000,,0.410,,,,,,true,false,12,2023-01-01,2023-12-31,0
2024-02-09,71720,2022-12-31,,18045000000,0.279,,,,,1298000000,-0.656,5897000000,0.254,,4412000000,,146.14,,0.101,0.042,0.072,,175876000000,46795000000,0.260,1516.19,45775000000,-48944000000,-9270000000,66589000000,20836000000,,0.219,,,,,,true,false,12,2022-01-01,2022-12-31,-1
2024-02-09,71720,2024-12-31,,14550000000,0.628,,,,,4850000000,0.515,4000000000,0.531,,2720000000,,51.17,,,,,,,,,,,,,,,,,,,,,,true,true,6,2024-01-01,2024-06-30,1
2024-02-09,71720,2024-12-31,,27780000000,0.273,,,,,8120000000,0.478,6300000000,0.717,,4300000000,,75.65,,,,,,,,,,,,,,,,,,,,,,true,true,12,2024-01-01,2024-12-31,1
2024-02-09,71720,2023-12-31,,5362000000,-0.480,,,,,1344000000,0.208,3054000000,-0.337,2144000000,,-0.391,71.00,,,,,,88756000000,41521000000,0.468,1373.00,41521000000,,,,,32.00,,,,30781400,540447,30207685,false,false,12,2023-01-01,2023-12-31,0
2024-02-09,71720,2022-12-31,,10317000000,0.918,,,,,1112000000,-0.145,4609000000,-0.001,3519000000,,-0.022,116.57,,,,,,70301000000,40270000000,0.573,1333.58,40261000000,,,,,32.00,,,,30731200,540420,30190794,false,false,12,2022-01-01,2022-12-31,-1
2024-02-09,71720,2024-12-31,,,,,,,,,,,,,,,,,,,,,,,,,,,,,,16.00,,,,,,,false,true,12,2024-01-01,2024-12-31,1
2024-04-30,71720,2024-12-31,1,9016000000,1.304,,,,,4811000000,2.586,5670000000,5.290,,4083000000,,67.51,,,,,,232770000000,63673000000,0.270,,62772000000,,,,,,,,,,,,true,false,3,2024-01-01,2024-03-31,0
2024-04-30,71720,2023-12-31,1,3913000000,0.736,,,,,1341000000,64.686,901000000,-0.556,,597000000,,9.88,,,,,,,,,,,,,,,,,,,,,,true,false,3,2023-01-01,2023-03-31,-1
2024-04-30,71720,2024-12-31,1,14550000000,0.628,,,,,4850000000,0.515,4000000000,0.531,,2720000000,,44.97,,,,,,,,,,,,,,,,,,,,,,true,true,6,2024-01-01,2024-06-30,0
2024-04-30,71720,2024-12-31,1,27780000000,0.273,,,,,8120000000,0.478,6300000000,0.717,,4300000000,,71.10,,,,,,,,,,,,,,,,,,,,,,true,true,12,2024-01-01,2024-12-31,0
2024-04-30,71720,2023-12-31,1,,,,,,,,,,,,,,,,,,,,211750000000,48811000000,0.226,,47861000000,,,,,,,,,,,,true,false,12,2023-01-01,2023-12-31,-1
2024-04-30,71720,2023-12-31,1,,,,,,,,,,,,,,,,,,,,,,,,,,,,,32.00,,,,61022353,540447,,false,false,12,2023-01-01,2023-12-31,-1
2024-04-30,71720,2024-12-31,1,,,,,,,,,,,,,,,,,,,,,,,,,,,,,16.00,,,,,,,false,true,12,2024-01-01,2024-12-31,0
2024-04-30,71720,2024-12-31,1,,,,,,,,,,,,,,,,,,,,,,,,,,,,,,,,,61022353,540472,60481904,false,false,3,2024-01-01,2024-03-31,0
2024-04-30,71720,2023-12-31,1,,,,,,,,,,,,,,,,,,,,,,,,,,,,,,,,,,,60431733,false,false,3,2023-01-01,2023-03-31,-1
2024-07-17,71720,2024-12-31,,14970000000,0.029,,,,,6100000000,0.258,8170000000,1.043,,5520000000,,91.27,,,,,,,,,,,,,,,,,,,,,,true,true,6,2024-01-01,2024-06-30,0
2024-07-17,71720,2023-12-31,,8938000000,,,,,,3200000000,,2611000000,,,1696000000,,28.06,,,,,,,,,,,,,,,,,,,,,,true,false,6,2023-01-01,2023-06-30,-1
2024-07-17,71720,2024-12-31,,28900000000,0.040,,,,,10500000000,0.293,10900000000,0.730,,7100000000,,117.39,,,,,,,,,,,,,,,,,,,,,,true,true,12,2024-01-01,2024-12-31,0
2024-07-17,71720,2023-12-31,,21818000000,,,,,,5492000000,,3668000000,,,2359000000,,39.05,,,,,,,,,,,,,,,,,,,,,,true,false,12,2023-01-01,2023-12-31,-1
,71720,2024-12-31,,,,,,,,,,,,,,,,,,,,,,,,,,,,,,24.00,,,,,,,false,true,12,2024-01-01,2024-12-31,0
,71720,2023-12-31,,,,,,,,,,,,,,,,,,,,,,,,,,,,,,32.00,,,,,,,false,false,12,2023-01-01,2023-12-31,-1
2024-07-31,71720,2024-12-31,2,14975000000,0.675,,,,,6171000000,0.928,8335000000,2.191,,5701000000,,94.26,,,,,,245156000000,66478000000,0.268,,65586000000,,,,,,,,,,,,true,false,6,2024-01-01,2024-06-30,0
2024-07-31,71720,2023-12-31,2,8938000000,-0.287,,,,,3200000000,1.131,2611000000,-0.610,,1696000000,,28.07,,,,,,,,,,,,,,,,,,,,,,true,false,6,2023-01-01,2023-06-30,-1
2024-07-31,71720,2024-12-31,2,28900000000,0.325,,,,,10500000000,0.912,10900000000,1.971,,7100000000,,117.39,,,,,,,,,,,,,,,,,,,,,,true,true,12,2024-01-01,2024-12-31,0
2024-07-31,71720,2023-12-31,2,,,,,,,,,,,,,,,,,,,,211750000000,48811000000,0.226,,47861000000,,,,,,,,,,,,true,false,12,2023-01-01,2023-12-31,-1
2024-07-31,71720,2023-12-31,2,,,,,,,,,,,,,,,,,,,,,,,,,,,,,32.00,,,,61022353,540447,,false,false,12,2023-01-01,2023-12-31,-1
2024-07-31,71720,2024-12-31,2,,,,,,,,,,,,,,,,,,,,,,,,,,,,,12.00,,,,,,,false,false,12,2024-01-01,2024-12-31,0
2024-07-31,71720,2024-12-31,2,,,,,,,,,,,,,,,,,,,,,,,,,,,,,24.00,,,,,,,false,true,12,2024-01-01,2024-12-31,0
2024-07-31,71720,2024-12-31,2,,,,,,,,,,,,,,,,,,,,,,,,,,,,,,,,,61022353,540628,60481842,false,false,6,2024-01-01,2024-06-30,0
2024-07-31,71720,2023-12-31,2,,,,,,,,,,,,,,,,,,,,,,,,,,,,,,,,,,,60431733,false,false,6,2023-01-01,2023-06-30,-1
2024-10-31,71720,2024-12-31,3,21117000000,0.424,,,,,8947000000,1.509,4889000000,0.555,,3220000000,,53.25,,,,,,230193000000,61572000000,0.264,,60717000000,,,,,,,,,,,,true,false,9,2024-01-01,2024-09-30,0
2024-10-31,71720,2023-12-31,3,14833000000,-0.043,,,,,3566000000,1.008,3143000000,-0.590,,2231000000,,36.91,,,,,,,,,,,,,,,,,,,,,,true,false,9,2023-01-01,2023-09-30,-1
2024-10-31,71720,2024-12-31,3,28900000000,0.325,,,,,12000000000,1.185,10000000000,1.726,,6500000000,,107.47,,,,,,,,,,,,,,,,,,,,,,true,true,12,2024-01-01,2024-12-31,0
2024-10-31,71720,2023-12-31,3,,,,,,,,,,,,,,,,,,,,211750000000,48811000000,0.226,,47861000000,,,,,,,,,,,,true,false,12,2023-01-01,2023-12-31,-1
2024-10-31,71720,2023-12-31,3,,,,,,,,,,,,,,,,,,,,,,,,,,,,,32.00,,,,61022353,540447,,false,false,12,2023-01-01,2023-12-31,-1
2024-10-31,71720,2024-12-31,3,,,,,,,,,,,,,,,,,,,,,,,,,,,,,12.00,,,,,,,false,false,12,2024-01-01,2024-12-31,0
2024-10-31,71720,2024-12-31,3,,,,,,,,,,,,,,,,,,,,,,,,,,,,,24.00,,,,,,,false,true,12,2024-01-01,2024-12-31,0
2024-10-31,71720,2024-12-31,3,,,,,,,,,,,,,,,,,,,,,,,,,,,,,,,,,61022353,540682,60481789,false,false,9,2024-01-01,2024-09-30,0
2024-10-31,71720,2023-12-31,3,,,,,,,,,,,,,,,,,,,,,,,,,,,,,,,,,,,60437427,false,false,9,2023-01-01,2023-09-30,-1
2025-02-07,71720,2024-12-31,,31129000000,0.427,,,,,12110000000,1.205,11635000000,2.171,,8055000000,,133.19,,0.140,0.051,0.389,,244906000000,67695000000,0.273,1105.22,66845000000,-10114000000,13492000000,19419000000,51494000000,,0.203,,,,,,true,false,12,2024-01-01,2024-12-31,0
2025-02-07,71720,2023-12-31,,21818000000,0.209,,,,,5492000000,3.229,3668000000,-0.378,,2359000000,,39.03,,0.050,0.019,0.252,,211750000000,48811000000,0.226,791.33,47861000000,-18101000000,3940000000,21262000000,28186000000,,0.410,,,,,,true,false,12,2023-01-01,2023-12-31,-1
2025-02-07,71720,2025-12-31,,20890000000,0.395,,,,,11300000000,0.831,10200000000,0.224,,6773000000,,111.98,,,,,,,,,,,,,,,,,,,,,,true,true,6,2025-01-01,2025-06-30,1
2025-02-07,71720,2025-12-31,,36870000000,0.184,,,,,18120000000,0.496,15840000000,0.361,,10500000000,,173.61,,,,,,,,,,,,,,,,,,,,,,true,true,12,2025-01-01,2025-12-31,1
2025-02-07,71720,2024-12-31,,8659000000,0.614,,,,,3398000000,1.527,5326000000,0.744,3267000000,,0.523,54.02,,,,,,91875000000,53887000000,0.587,890.98,53887000000,,,,,27.00,,,,61022353,540710,60481758,false,false,12,2024-01-01,2024-12-31,0
2025-02-07,71720,2023-12-31,,5362000000,-0.480,,,,,1344000000,0.208,3054000000,-0.337,2144000000,,-0.391,35.48,,,,,,88756000000,41521000000,0.468,686.50,41521000000,,,,,32.00,,,,61022353,540447,60448638,false,false,12,2023-01-01,2023-12-31,-1
2025-02-07,71720,2025-12-31,,,,,,,,,,,,,,,,,,,,,,,,,,,,,,87.00,,,,,,,false,true,12,2025-01-01,2025-12-31,1
,71720,2024-12-31,,,,,,,,,,,,,,,,,,,,,,,,,,,,,,27.00,,,,,,,false,true,12,2024-01-01,2024-12-31,0
,71720,2024-12-31,,,,,,,,,,,,,,,,,,,,,,,,,,,,,,12.00,,,,,,,false,false,12,2024-01-01,2024-12-31,0
,71720,2023-12-31,,,,,,,,,,,,,,,,,,,,,,,,,,,,,,32.00,,,,,,,false,false,12,2023-01-01,2023-12-31,-1
2025-04-30,71720,2025-12-31,1,11024000000,0.223,,,,,6977000000,0.450,5931000000,0.046,,4030000000,,66.59,,,,,,246626000000,76023000000,0.279,,68911000000,,,,,,,,,,,,true,false,3,2025-01-01,2025-03-31,0
2025-04-30,71720,2024-12-31,1,9016000000,1.304,,,,,4811000000,2.586,5670000000,5.290,,4083000000,,67.51,,,,,,,,,,,,,,,,,,,,,,true,false,3,2024-01-01,2024-03-31,-1
2025-04-30,71720,2025-12-31,1,20890000000,0.395,,,,,11300000000,0.831,10200000000,0.224,,6773000000,,111.86,,,,,,,,,,,,,,,,,,,,,,true,true,6,2025-01-01,2025-06-30,0
2025-04-30,71720,2025-12-31,1,36870000000,0.184,,,,,18120000000,0.496,15840000000,0.361,,10500000000,,173.41,,,,,,,,,,,,,,,,,,,,,,true,true,12,2025-01-01,2025-12-31,0
2025-04-30,71720,2024-12-31,1,,,,,,,,,,,,,,,,,,,,244906000000,67695000000,0.273,,66845000000,,,,,,,,,,,,true,false,12,2024-01-01,2024-12-31,-1
2025-04-30,71720,2024-12-31,1,,,,,,,,,,,,,,,,,,,,,,,,,,,,,27.00,,,,61022353,540710,,false,false,12,2024-01-01,2024-12-31,-1
2025-04-30,71720,2025-12-31,1,,,,,,,,,,,,,,,,,,,,,,,,,,,,,87.00,,,,,,,false,true,12,2025-01-01,2025-12-31,0
2025-04-30,71720,2025-12-31,1,,,,,,,,,,,,,,,,,,,,,,,,,,,,,,,,,61022353,471637,60527691,false,false,3,2025-01-01,2025-03-31,0
2025-04-30,71720,2024-12-31,1,,,,,,,,,,,,,,,,,,,,,,,,,,,,,,,,,,,60481904,false,false,3,2024-01-01,2024-03-31,-1
