filing_date,code,fiscal_year_end,quarterly_period,net_sales,net_sales_change,revenue,revenue_change,operating_revenue,operating_revenue_change,operating_profit,operating_profit_change,ordinary_profit,ordinary_profit_change,net_income,net_income_of_parent,net_income_change,eps,diluted_eps,roe,roa,operating_profit_to_net_sales,operating_profit_to_revenue,total_assets,net_assets,equity_ratio,bps,owner_equity,operating_cash_flow,investing_cash_flow,financing_cash_flow,cash,dividend_per_share,payout_ratio,commemorative_dividend,extra_dividend,number_of_shares,number_of_treqsury_shares,avg_number_of_shares,is_consolidated,is_forecast,duration,period_start,period_end,period_pos
2017-01-27,71910,2017-03-31,3,1967000000,,,,,,394000000,,386000000,,242000000,,,28.71,26.42,,,,,2667000000,1654000000,0.618,,1647000000,,,,,,,,,10090761,,8455679,false,false,9,2016-04-01,2016-12-31,0
2017-01-27,71910,2017-03-31,3,2714000000,0.024,,,,,603000000,0.113,592000000,0.095,381000000,,-0.272,43.06,,,,,,,,,,,,,,,8.00,,,,,,,false,true,12,2016-04-01,2017-03-31,0
2017-01-27,71910,2016-03-31,3,,,,,,,,,,,,,,,,,,,,1461000000,384000000,0.258,,377000000,,,,,0.00,,,,8313861,,,false,false,12,2015-04-01,2016-03-31,-1
2017-01-27,71910,2017-03-31,3,,,,,,,,,,,,,,,,,,,,,,,,,,,,,0.00,,,,,,,false,false,12,2016-04-01,2017-03-31,0
2017-05-12,71910,2017-03-31,,2713000000,0.024,,,,,608000000,0.123,598000000,0.106,409000000,,-0.219,45.98,42.41,0.336,0.258,0.224,,3168000000,2058000000,0.649,186.35,2057000000,343000000,-30000000,1265000000,2259000000,8.00,0.174,,,11042361,,8898750,false,false,12,2016-04-01,2017-03-31,0
2017-05-12,71910,2016-03-31,,2650000000,-0.069,,,,,541000000,,541000000,,524000000,,,65.07,,10.909,0.377,0.204,,1461000000,384000000,0.258,45.42,377000000,469000000,-155000000,-148000000,681000000,0.00,,,,8313861,,8054160,false,false,12,2015-04-01,2016-03-31,-1
2017-05-12,71910,2018-03-31,,1412000000,0.081,,,,,329000000,0.211,329000000,0.220,209000000,,0.205,18.97,,,,,,,,,,,,,,,,,,,,,,false,true,6,2017-04-01,2017-09-30,1
2017-05-12,71910,2018-03-31,,2891000000,0.066,,,,,671000000,0.103,649000000,0.085,427000000,,0.044,38.70,,,,,,,,,,,,,,,8.00,0.207,,,,,,false,true,12,2017-04-01,2018-03-31,1
2017-07-28,71910,2018-03-31,1,721000000,,,,,,192000000,,192000000,,124000000,,,11.23,11.13,,,,,3062000000,2094000000,0.684,,2093000000,,,,,,,,,11042361,,11042361,false,false,3,2017-04-01,2017-06-30,0
2017-07-28,71910,2018-03-31,1,1412000000,0.081,,,,,329000000,0.211,329000000,0.220,209000000,,0.205,18.97,,,,,,,,,,,,,,,,,,,,,,false,true,6,2017-04-01,2017-09-30,0
2017-07-28,71910,2018-03-31,1,2891000000,0.066,,,,,671000000,0.103,649000000,0.085,427000000,,0.044,38.70,,,,,,,,,,,,,,,8.00,,,,,,,false,true,12,2017-04-01,2018-03-31,0
2017-07-28,71910,2017-03-31,1,,,,,,,,,,,,,,,,,,,,3168000000,2058000000,0.649,,2057000000,,,,,8.00,,,,11042361,,,false,false,12,2016-04-01,2017-03-31,-1
2017-10-20,71910,2018-03-31,,1444000000,0.023,,,,,402000000,0.222,398000000,0.210,268000000,,0.281,24.29,,,,,,,,,,,,,,,,,,,,,,false,true,6,2017-04-01,2017-09-30,0
2017-10-20,71910,2017-03-31,,1306000000,,,,,,271000000,,269000000,,173000000,,,20.91,,,,,,,,,,,,,,,,,,,,,,false,false,6,2016-04-01,2016-09-30,-1
2017-10-27,71910,2018-03-31,2,1444000000,0.105,,,,,402000000,0.479,398000000,0.476,268000000,,0.543,24.29,24.07,,,,,3289000000,2239000000,0.681,,2238000000,,,,,,,,,11043861,,11042926,false,false,6,2017-04-01,2017-09-30,0
2017-10-27,71910,2017-03-31,2,1306000000,,,,,,271000000,,269000000,,173000000,,,20.91,,,,,,,,,,,,,,,,,,,,,8313861,false,false,6,2016-04-01,2016-09-30,-1
2017-10-27,71910,2018-03-31,2,3050000000,0.124,,,,,820000000,0.348,800000000,0.337,540000000,,0.320,48.90,,,,,,,,,,,,,,,10.00,,,,,,,false,true,12,2017-04-01,2018-03-31,0
2017-10-27,71910,2017-03-31,2,,,,,,,,,,,,,,,,,,,,3168000000,2058000000,0.649,,2057000000,,,,,8.00,,,,11042361,,,false,false,12,2016-04-01,2017-03-31,-1
2017-10-27,71910,2018-03-31,2,,,,,,,,,,,,,,,,,,,,,,,,,,,,,4.00,,,,,,,false,false,12,2017-04-01,2018-03-31,0
2017-10-27,71910,2018-03-31,,3050000000,0.055,,,,,820000000,0.222,800000000,0.232,540000000,,0.264,48.90,,,,,,,,,,,,,,,10.00,,,,,,,false,true,12,2017-04-01,2018-03-31,0
2017-10-27,71910,2017-03-31,,2713000000,,,,,,608000000,,598000000,,409000000,,,45.98,,,,,,,,,,,,,,,8.00,,,,,,,false,false,12,2016-04-01,2017-03-31,-1
2017-10-27,71910,2018-03-31,,,,,,,,,,,,,,,,,,,,,,,,,,,,,,4.00,,,,,,,false,false,12,2017-04-01,2018-03-31,0
2018-01-26,71910,2018-03-31,3,2166000000,0.101,,,,,560000000,0.420,540000000,0.399,353000000,,0.457,32.02,31.73,,,,,3230000000,2281000000,0.706,,2280000000,,,,,,,,,11046561,,11043425,false,false,9,2017-04-01,2017-12-31,0
2018-01-26,71910,2017-03-31,3,1967000000,,,,,,394000000,,386000000,,242000000,,,28.71,26.42,,,,,,,,,,,,,,,,,,,,8455679,false,false,9,2016-04-01,2016-12-31,-1
2018-01-26,71910,2018-03-31,3,3050000000,0.124,,,,,820000000,0.348,800000000,0.337,540000000,,0.320,24.45,,,,,,,,,,,,,,,3.00,,,,,,,false,true,12,2017-04-01,2018-03-31,0
2018-01-26,71910,2017-03-31,3,,,,,,,,,,,,,,,,,,,,3168000000,2058000000,0.649,,2057000000,,,,,8.00,,,,11042361,,,false,false,12,2016-04-01,2017-03-31,-1
2018-01-26,71910,2018-03-31,3,,,,,,,,,,,,,,,,,,,,,,,,,,,,,4.00,,,,,,,false,false,12,2017-04-01,2018-03-31,0
,71910,2018-03-31,,,,,,,,,,,,,,,,,,,,,,,,,,,,,,3.00,,,,,,,false,true,12,2017-04-01,2018-03-31,0
,71910,2018-03-31,,,,,,,,,,,,,,,,,,,,,,,,,,,,,,4.00,,,,,,,false,false,12,2017-04-01,2018-03-31,0
,71910,2017-03-31,,,,,,,,,,,,,,,,,,,,,,,,,,,,,,8.00,,,,,,,false,false,12,2016-04-01,2017-03-31,-1
2018-05-11,71910,2018-03-31,,2951000000,0.088,,,,,772000000,0.270,752000000,0.258,508000000,,0.243,23.02,22.81,0.226,0.225,0.262,,3506000000,2442000000,0.696,110.27,2441000000,532000000,-54000000,-124000000,2613000000,3.00,0.217,,,22145522,,22095220,false,false,12,2017-04-01,2018-03-31,0
2018-05-11,71910,2017-03-31,,2713000000,0.024,,,,,608000000,0.123,598000000,0.106,409000000,,-0.219,22.99,21.20,0.336,0.258,0.224,,3168000000,2058000000,0.649,93.18,2057000000,343000000,-30000000,1265000000,2259000000,8.00,0.174,,,22084722,,17797501,false,false,12,2016-04-01,2017-03-31,-1
2018-05-11,71910,2019-03-31,,1630000000,0.129,,,,,426000000,0.059,426000000,0.069,288000000,,0.074,13.00,,,,,,,,,,,,,,,,,,,,,,false,true,6,2018-04-01,2018-09-30,1
2018-05-11,71910,2019-03-31,,3440000000,0.165,,,,,925000000,0.197,925000000,0.230,630000000,,0.238,28.43,,,,,,,,,,,,,,,7.00,0.246,,,,,,false,true,12,2018-04-01,2019-03-31,1
2018-07-27,71910,2019-03-31,1,752000000,0.044,,,,,187000000,-0.026,187000000,-0.026,120000000,,-0.031,5.42,5.38,,,,,3449000000,2499000000,0.724,,2498000000,,,,,,,,,22168322,77,22162896,false,false,3,2018-04-01,2018-06-30,0
2018-07-27,71910,2018-03-31,1,721000000,,,,,,192000000,,192000000,,124000000,,,5.62,5.57,,,,,,,,,,,,,,,,,,,,22084722,false,false,3,2017-04-01,2017-06-30,-1
2018-07-27,71910,2019-03-31,1,1630000000,0.129,,,,,426000000,0.059,426000000,0.069,288000000,,0.074,13.00,,,,,,,,,,,,,,,,,,,,,,false,true,6,2018-04-01,2018-09-30,0
2018-07-27,71910,2019-03-31,1,3440000000,0.165,,,,,925000000,0.197,925000000,0.230,630000000,,0.238,28.43,,,,,,,,,,,,,,,7.00,,,,,,,false,true,12,2018-04-01,2019-03-31,0
2018-07-27,71910,2018-03-31,1,,,,,,,,,,,,,,,,,,,,3499000000,2442000000,0.698,,2441000000,,,,,3.00,,,,22145522,,,false,false,12,2017-04-01,2018-03-31,-1
2018-10-24,71910,2019-03-31,,1506000000,-0.075,,,,,358000000,-0.158,358000000,-0.158,236000000,,-0.178,10.68,,,,,,,,,,,,,,,,,,,,,,false,true,6,2018-04-01,2018-09-30,0
2018-10-24,71910,2018-03-31,,1444000000,,,,,,402000000,,398000000,,268000000,,,12.14,,,,,,,,,,,,,,,,,,,,,,false,false,6,2017-04-01,2017-09-30,-1
2018-10-24,71910,2019-03-31,,3150000000,-0.084,,,,,810000000,-0.124,810000000,-0.124,545000000,,-0.135,24.58,,,,,,,,,,,,,,,,,,,,,,false,true,12,2018-04-01,2019-03-31,0
2018-10-24,71910,2018-03-31,,2951000000,,,,,,772000000,,752000000,,508000000,,,23.02,,,,,,,,,,,,,,,,,,,,,,false,false,12,2017-04-01,2018-03-31,-1
2018-10-26,71910,2019-03-31,2,1506000000,0.043,,,,,358000000,-0.108,358000000,-0.099,236000000,,-0.117,10.68,10.60,,,,,3625000000,2616000000,0.721,,2615000000,,,,,,,,,22172322,77,22166904,false,false,6,2018-04-01,2018-09-30,0
2018-10-26,71910,2018-03-31,2,1444000000,0.105,,,,,402000000,0.479,398000000,0.476,268000000,,0.543,12.14,12.04,,,,,,,,,,,,,,,,,,,,22085853,false,false,6,2017-04-01,2017-09-30,-1
2018-10-26,71910,2019-03-31,2,3150000000,0.067,,,,,810000000,0.049,810000000,0.077,545000000,,0.071,24.58,,,,,,,,,,,,,,,7.00,,,,,,,false,true,12,2018-04-01,2019-03-31,0
2018-10-26,71910,2018-03-31,2,,,,,,,,,,,,,,,,,,,,3499000000,2442000000,0.698,,2441000000,,,,,3.00,,,,22145522,,,false,false,12,2017-04-01,2018-03-31,-1
2018-10-26,71910,2019-03-31,2,,,,,,,,,,,,,,,,,,,,,,,,,,,,,3.50,,,,,,,false,false,12,2018-04-01,2019-03-31,0
2019-01-25,71910,2019-03-31,3,2278000000,0.052,,,,,576000000,0.029,575000000,0.065,378000000,,0.071,17.08,16.69,,,,,3607000000,2680000000,0.743,,2680000000,,,,,,,,,22172322,77,22168684,false,false,9,2018-04-01,2018-12-31,0
2019-01-25,71910,2018-03-31,3,2166000000,0.101,,,,,560000000,0.420,540000000,0.399,353000000,,0.457,16.01,15.86,,,,,,,,,,,,,,,,,,,,22086851,false,false,9,2017-04-01,2017-12-31,-1
2019-01-25,71910,2019-03-31,3,3150000000,0.067,,,,,810000000,0.049,810000000,0.077,545000000,,0.071,24.58,,,,,,,,,,,,,,,7.00,,,,,,,false,true,12,2018-04-01,2019-03-31,0
2019-01-25,71910,2018-03-31,3,,,,,,,,,,,,,,,,,,,,3499000000,2442000000,0.698,,2441000000,,,,,3.00,,,,22145522,,,false,false,12,2017-04-01,2018-03-31,-1
2019-01-25,71910,2019-03-31,3,,,,,,,,,,,,,,,,,,,,,,,,,,,,,3.50,,,,,,,false,false,12,2018-04-01,2019-03-31,0
2019-05-10,71910,2019-03-31,,3136000000,0.063,,,,,842000000,0.090,840000000,0.117,564000000,,0.109,25.44,25.28,0.212,0.223,0.269,,4038000000,2874000000,0.712,129.49,2874000000,553000000,-128000000,-137000000,2899000000,7.00,0.275,,,22194522,77,22172658,false,false,12,2018-04-01,2019-03-31,0
2019-05-10,71910,2018-03-31,,2951000000,0.088,,,,,772000000,0.270,752000000,0.258,508000000,,0.243,23.02,22.81,0.226,0.226,0.262,,3499000000,2442000000,0.698,110.27,2441000000,532000000,-54000000,-124000000,2613000000,3.00,0.217,,,22145522,,22095220,false,false,12,2017-04-01,2018-03-31,-1
2019-05-10,71910,2020-03-31,,1666000000,0.106,,,,,410000000,0.143,410000000,0.143,268000000,,0.132,12.06,,,,,,,,,,,,,,,,,,,,,,false,true,6,2019-04-01,2019-09-30,1
2019-05-10,71910,2020-03-31,,3500000000,0.116,,,,,925000000,0.098,925000000,0.101,615000000,,0.090,27.64,,,,,,,,,,,,,,,8.00,0.289,,,,,,false,true,12,2019-04-01,2020-03-31,1
2019-07-26,71910,2020-03-31,1,845000000,0.123,,,,,238000000,0.274,238000000,0.276,153000000,,0.275,6.90,6.86,,,,,4023000000,2939000000,0.730,,2938000000,,,,,,,,,22196522,77,22195778,false,false,3,2019-04-01,2019-06-30,0
2019-07-26,71910,2019-03-31,1,752000000,0.044,,,,,187000000,-0.026,187000000,-0.026,120000000,,-0.031,5.42,5.38,,,,,,,,,,,,,,,,,,,,22162896,false,false,3,2018-04-01,2018-06-30,-1
2019-07-26,71910,2020-03-31,1,1666000000,0.106,,,,,410000000,0.143,410000000,0.143,268000000,,0.132,12.06,,,,,,,,,,,,,,,,,,,,,,false,true,6,2019-04-01,2019-09-30,0
2019-07-26,71910,2020-03-31,1,3500000000,0.116,,,,,925000000,0.098,925000000,0.101,615000000,,0.090,27.64,,,,,,,,,,,,,,,8.00,,,,,,,false,true,12,2019-04-01,2020-03-31,0
2019-07-26,71910,2019-03-31,1,,,,,,,,,,,,,,,,,,,,4038000000,2874000000,0.712,,2874000000,,,,,7.00,,,,22194522,77,,false,false,12,2018-04-01,2019-03-31,-1
2019-10-23,71910,2020-03-31,,1712000000,0.028,,,,,499000000,0.219,502000000,0.226,335000000,,0.253,15.13,,,,,,,,,,,,,,,,,,,,,,false,true,6,2019-04-01,2019-09-30,0
2019-10-23,71910,2019-03-31,,1506000000,,,,,,358000000,,358000000,,236000000,,,10.68,,,,,,,,,,,,,,,,,,,,,,false,false,6,2018-04-01,2018-09-30,-1
2019-10-23,71910,2020-03-31,,3550000000,0.014,,,,,1015000000,0.097,1015000000,0.097,680000000,,0.106,30.61,,,,,,,,,,,,,,,,,,,,,,false,true,12,2019-04-01,2020-03-31,0
2019-10-23,71910,2019-03-31,,3136000000,,,,,,842000000,,840000000,,564000000,,,25.44,,,,,,,,,,,,,,,,,,,,,,false,false,12,2018-04-01,2019-03-31,-1
2019-10-25,71910,2020-03-31,2,1712000000,0.136,,,,,499000000,0.393,502000000,0.401,335000000,,0.419,15.13,15.04,,,,,4288000000,3128000000,0.729,,3127000000,,,,,,,,,22215122,138,22201925,false,false,6,2019-04-01,2019-09-30,0
2019-10-25,71910,2019-03-31,2,1506000000,0.043,,,,,358000000,-0.108,358000000,-0.099,236000000,,-0.117,10.68,10.60,,,,,,,,,,,,,,,,,,,,22166904,false,false,6,2018-04-01,2018-09-30,-1
2019-10-25,71910,2020-03-31,2,3550000000,0.132,,,,,1015000000,0.205,1015000000,0.208,680000000,,0.205,30.61,,,,,,,,,,,,,,,8.00,,,,,,,false,true,12,2019-04-01,2020-03-31,0
2019-10-25,71910,2019-03-31,2,,,,,,,,,,,,,,,,,,,,4038000000,2874000000,0.712,,2874000000,,,,,7.00,,,,22194522,77,,false,false,12,2018-04-01,2019-03-31,-1
2019-10-25,71910,2020-03-31,2,,,,,,,,,,,,,,,,,,,,,,,,,,,,,4.00,,,,,,,false,false,12,2019-04-01,2020-03-31,0
2020-01-29,71910,2020-03-31,3,2610000000,0.146,,,,,751000000,0.303,754000000,0.311,503000000,,0.330,22.67,22.54,,,,,4300000000,3205000000,0.745,,3205000000,,,,,,,,,22246722,138,22209789,false,false,9,2019-04-01,2019-12-31,0
2020-01-29,71910,2019-03-31,3,2278000000,0.052,,,,,576000000,0.029,575000000,0.065,378000000,,0.071,17.08,16.96,,,,,,,,,,,,,,,,,,,,22168684,false,false,9,2018-04-01,2018-12-31,-1
2020-01-29,71910,2020-03-31,3,3550000000,0.132,,,,,1015000000,0.205,1015000000,0.208,680000000,,0.205,30.61,,,,,,,,,,,,,,,8.00,,,,,,,false,true,12,2019-04-01,2020-03-31,0
2020-01-29,71910,2019-03-31,3,,,,,,,,,,,,,,,,,,,,4038000000,2874000000,0.712,,2874000000,,,,,7.00,,,,22194522,77,,false,false,12,2018-04-01,2019-03-31,-1
2020-01-29,71910,2020-03-31,3,,,,,,,,,,,,,,,,,,,,,,,,,,,,,4.00,,,,,,,false,false,12,2019-04-01,2020-03-31,0
,71910,2020-03-31,,,,,,,,,,,,,,,,,,,,,,,,,,,,,,9.00,,,,,,,false,true,12,2019-04-01,2020-03-31,0
,71910,2020-03-31,,,,,,,,,,,,,,,,,,,,,,,,,,,,,,4.00,,,,,,,false,false,12,2019-04-01,2020-03-31,0
,71910,2019-03-31,,,,,,,,,,,,,,,,,,,,,,,,,,,,,,7.00,,,,,,,false,false,12,2018-04-01,2019-03-31,-1
2020-05-12,71910,2020-03-31,,3626000000,0.156,,,,,1021000000,0.213,1026000000,0.221,687000000,,0.219,30.93,30.78,0.220,0.234,0.282,,4726000000,3376000000,0.714,151.46,3375000000,560000000,-287000000,-154000000,3017000000,9.00,0.291,,,22288522,138,22227121,false,false,12,2019-04-01,2020-03-31,0
2020-05-12,71910,2019-03-31,,3136000000,0.063,,,,,842000000,0.090,840000000,0.117,564000000,,0.109,25.44,25.28,0.212,0.223,0.269,,4038000000,2874000000,0.712,129.49,2874000000,553000000,-128000000,-137000000,2899000000,7.00,0.275,,,22194522,77,22172658,false,false,12,2018-04-01,2019-03-31,-1
2020-05-12,71910,2021-03-31,,2030000000,0.185,,,,,502000000,0.005,503000000,0.001,336000000,,0.000,15.05,,,,,,,,,,,,,,,,,,,,,,false,true,6,2020-04-01,2020-09-30,1
2020-05-12,71910,2021-03-31,,4250000000,0.172,,,,,1100000000,0.076,1103000000,0.075,740000000,,0.076,33.12,,,,,,,,,,,,,,,10.00,0.302,,,,,,false,true,12,2020-04-01,2021-03-31,1
2020-07-30,71910,2021-03-31,1,1012000000,0.197,,,,,280000000,0.177,281000000,0.180,184000000,,0.202,8.26,8.24,,,,,4630000000,3453000000,0.746,,3453000000,,,,,,,,,22288522,138,22288384,false,false,3,2020-04-01,2020-06-30,0
2020-07-30,71910,2020-03-31,1,845000000,0.123,,,,,238000000,0.274,238000000,0.276,153000000,,0.275,6.90,6.86,,,,,,,,,,,,,,,,,,,,22195778,false,false,3,2019-04-01,2019-06-30,-1
2020-07-30,71910,2021-03-31,1,2030000000,0.185,,,,,502000000,0.005,503000000,0.001,336000000,,0.000,15.05,,,,,,,,,,,,,,,,,,,,,,false,true,6,2020-04-01,2020-09-30,0
2020-07-30,71910,2021-03-31,1,4250000000,0.172,,,,,1100000000,0.076,1103000000,0.075,740000000,,0.076,33.12,,,,,,,,,,,,,,,10.00,,,,,,,false,true,12,2020-04-01,2021-03-31,0
2020-07-30,71910,2020-03-31,1,,,,,,,,,,,,,,,,,,,,4726000000,3376000000,0.714,,3375000000,,,,,9.00,,,,22288522,138,,false,false,12,2019-04-01,2020-03-31,-1
2020-10-19,71910,2021-03-31,,2017000000,-0.006,,,,,567000000,0.131,569000000,0.132,386000000,,0.149,17.31,,,,,,,,,,,,,,,,,,,,,,false,true,6,2020-04-01,2020-09-30,0
2020-10-19,71910,2020-03-31,,1712000000,,,,,,499000000,,502000000,,335000000,,,15.13,,,,,,,,,,,,,,,,,,,,,,false,false,6,2019-04-01,2019-09-30,-1
2020-10-19,71910,2021-03-31,,4250000000,,,,,,1166000000,0.060,1170000000,0.061,790000000,,0.068,35.37,,,,,,,,,,,,,,,10.50,,,,,,,false,true,12,2020-04-01,2021-03-31,0
2020-10-19,71910,2020-03-31,,3626000000,,,,,,1021000000,,1026000000,,687000000,,,30.93,,,,,,,,,,,,,,,9.00,,,,,,,false,false,12,2019-04-01,2020-03-31,-1
2020-10-30,71910,2021-03-31,2,2017000000,0.178,,,,,567000000,0.136,569000000,0.133,386000000,,0.149,17.31,17.27,,,,,4980000000,3667000000,0.736,,3667000000,,,,,,,,,22357522,138,22309817,false,false,6,2020-04-01,2020-09-30,0
2020-10-30,71910,2020-03-31,2,1712000000,0.136,,,,,499000000,0.393,502000000,0.401,335000000,,0.419,15.13,15.04,,,,,,,,,,,,,,,,,,,,22201925,false,false,6,2019-04-01,2019-09-30,-1
2020-10-30,71910,2021-03-31,2,4250000000,0.172,,,,,1166000000,0.141,1170000000,0.140,790000000,,0.149,35.37,,,,,,,,,,,,,,,10.50,,,,,,,false,true,12,2020-04-01,2021-03-31,0
2020-10-30,71910,2020-03-31,2,,,,,,,,,,,,,,,,,,,,4726000000,3376000000,0.714,,3375000000,,,,,9.00,,,,22288522,138,,false,false,12,2019-04-01,2020-03-31,-1
2020-10-30,71910,2021-03-31,2,,,,,,,,,,,,,,,,,,,,,,,,,,,,,5.50,,,,,,,false,false,12,2020-04-01,2021-03-31,0
2021-01-29,71910,2021-03-31,3,3061000000,0.173,,,,,841000000,0.120,844000000,0.118,558000000,,0.110,25.02,,,,,,5038000000,3720000000,0.738,,3720000000,,,,,,,,,22357522,158,22325666,false,false,9,2020-04-01,2020-12-31,0
2021-01-29,71910,2020-03-31,3,2610000000,0.146,,,,,751000000,0.303,754000000,0.311,503000000,,0.330,22.67,22.54,,,,,,,,,,,,,,,,,,,,22209789,false,false,9,2019-04-01,2019-12-31,-1
2021-01-29,71910,2021-03-31,3,4250000000,0.172,,,,,1166000000,0.141,1170000000,0.140,790000000,,0.149,35.37,,,,,,,,,,,,,,,10.50,,,,,,,false,true,12,2020-04-01,2021-03-31,0
2021-01-29,71910,2020-03-31,3,,,,,,,,,,,,,,,,,,,,4726000000,3376000000,0.714,,3375000000,,,,,9.00,,,,22288522,138,,false,false,12,2019-04-01,2020-03-31,-1
2021-01-29,71910,2021-03-31,3,,,,,,,,,,,,,,,,,,,,,,,,,,,,,5.50,,,,,,,false,false,12,2020-04-01,2021-03-31,0
2021-05-14,71910,2021-03-31,,4203000000,0.159,,,,,1149000000,0.125,1153000000,0.124,760000000,,0.107,34.07,,0.208,0.225,0.274,,5544000000,3933000000,0.709,175.94,3933000000,551000000,-267000000,-225000000,3075000000,11.00,0.323,,,22357522,158,22333591,false,false,12,2020-04-01,2021-03-31,0
2021-05-14,71910,2020-03-31,,3626000000,0.156,,,,,1021000000,0.213,1026000000,0.221,687000000,,0.219,30.93,30.78,0.220,0.234,0.282,,4726000000,3376000000,0.714,151.46,3375000000,560000000,-287000000,-154000000,3017000000,9.00,0.291,,,22288522,138,22227121,false,false,12,2019-04-01,2020-03-31,-1
2021-05-14,71910,2022-03-31,,2340000000,0.160,,,,,590000000,0.039,592000000,0.039,390000000,,0.010,17.44,,,,,,,,,,,,,,,,,,,,,,false,true,6,2021-04-01,2021-09-30,1
2021-05-14,71910,2022-03-31,,5000000000,0.189,,,,,1270000000,0.104,1275000000,0.105,835000000,,0.098,37.35,,,,,,,,,,,,,,,12.00,0.321,,,,,,false,true,12,2021-04-01,2022-03-31,1
2021-07-30,71910,2022-03-31,1,1160000000,0.146,,,,,283000000,0.010,284000000,0.011,170000000,,-0.074,7.62,,,,,,5577000000,3983000000,0.714,,3983000000,,,,,,,,,22357522,158,22357364,false,false,3,2021-04-01,2021-06-30,0
2021-07-30,71910,2021-03-31,1,1012000000,0.197,,,,,280000000,0.177,281000000,0.180,184000000,,0.202,8.26,8.24,,,,,,,,,,,,,,,,,,,,22288384,false,false,3,2020-04-01,2020-06-30,-1
2021-07-30,71910,2022-03-31,1,2340000000,0.160,,,,,590000000,0.039,592000000,0.039,390000000,,0.010,17.44,,,,,,,,,,,,,,,,,,,,,,false,true,6,2021-04-01,2021-09-30,0
2021-07-30,71910,2022-03-31,1,5000000000,0.189,,,,,1270000000,0.104,1275000000,0.105,835000000,,0.098,37.35,,,,,,,,,,,,,,,12.00,,,,,,,false,true,12,2021-04-01,2022-03-31,0
2021-07-30,71910,2021-03-31,1,,,,,,,,,,,,,,,,,,,,5544000000,3933000000,0.709,,3933000000,,,,,11.00,,,,22357522,158,,false,false,12,2020-04-01,2021-03-31,-1
2021-10-29,71910,2022-03-31,2,2356000000,0.168,,,,,585000000,0.031,587000000,0.032,378000000,,-0.019,16.95,16.94,,,,,5935000000,4199000000,0.706,,4192000000,,,,,,,,,22357522,158,22357364,false,false,6,2021-04-01,2021-09-30,0
2021-10-29,71910,2021-03-31,2,2017000000,0.178,,,,,567000000,0.136,569000000,0.133,386000000,,0.149,17.31,17.27,,,,,,,,,,,,,,,,,,,,22309817,false,false,6,2020-04-01,2020-09-30,-1
2021-10-29,71910,2022-03-31,2,5000000000,0.189,,,,,1270000000,0.104,1275000000,0.105,835000000,,0.098,37.35,,,,,,,,,,,,,,,12.00,,,,,,,false,true,12,2021-04-01,2022-03-31,0
2021-10-29,71910,2021-03-31,2,,,,,,,,,,,,,,,,,,,,5544000000,3933000000,0.709,,3933000000,,,,,11.00,,,,22357522,158,,false,false,12,2020-04-01,2021-03-31,-1
2021-10-29,71910,2022-03-31,2,,,,,,,,,,,,,,,,,,,,,,,,,,,,,6.00,,,,,,,false,false,12,2021-04-01,2022-03-31,0
2022-01-28,71910,2022-03-31,3,3590000000,0.173,,,,,861000000,0.024,864000000,0.024,542000000,,-0.028,24.28,24.28,,,,,5848000000,4218000000,0.720,,4211000000,,,,,,,,,22357522,158,22357364,false,false,9,2021-04-01,2021-12-31,0
2022-01-28,71910,2021-03-31,3,3061000000,0.173,,,,,841000000,0.120,844000000,0.118,558000000,,0.110,25.02,,,,,,,,,,,,,,,,,,,,,22325666,false,false,9,2020-04-01,2020-12-31,-1
2022-01-28,71910,2022-03-31,3,5000000000,0.189,,,,,1270000000,0.104,1275000000,0.105,835000000,,0.098,37.35,,,,,,,,,,,,,,,12.00,,,,,,,false,true,12,2021-04-01,2022-03-31,0
2022-01-28,71910,2021-03-31,3,,,,,,,,,,,,,,,,,,,,5544000000,3933000000,0.709,,3933000000,,,,,11.00,,,,22357522,158,,false,false,12,2020-04-01,2021-03-31,-1
2022-01-28,71910,2022-03-31,3,,,,,,,,,,,,,,,,,,,,,,,,,,,,,6.00,,,,,,,false,false,12,2021-04-01,2022-03-31,0
2022-05-13,71910,2022-03-31,,4943000000,0.176,,,,,1184000000,0.030,1179000000,0.023,779000000,,0.025,34.88,34.86,0.186,0.199,0.240,,6325000000,4454000000,0.703,198.93,4447000000,618000000,-169000000,-257000000,3268000000,12.00,0.344,,,22357522,158,22357364,false,false,12,2021-04-01,2022-03-31,0
2022-05-13,71910,2021-03-31,,4203000000,0.159,,,,,1149000000,0.125,1153000000,0.124,760000000,,0.107,34.07,,0.208,0.225,0.274,,5544000000,3933000000,0.709,175.94,3933000000,551000000,-267000000,-225000000,3075000000,11.00,0.323,,,22357522,158,22333591,false,false,12,2020-04-01,2021-03-31,-1
2022-05-13,71910,2023-03-31,,2960000000,0.256,,,,,695000000,0.187,690000000,0.174,430000000,,0.135,19.23,,,,,,,,,,,,,,,,,,,,,,false,true,6,2022-04-01,2022-09-30,1
2022-05-13,71910,2023-03-31,,6200000000,0.254,,,,,1450000000,0.224,1450000000,0.229,910000000,,0.167,40.70,,,,,,,,,,,,,,,13.00,0.319,,,,,,false,true,12,2022-04-01,2023-03-31,1
2022-07-29,71910,2023-03-31,1,1459000000,0.257,,,,,370000000,0.308,367000000,0.291,214000000,,0.260,9.60,9.60,,,,,6580000000,4537000000,0.689,,4531000000,,,,,,,,,22360122,158,22358231,false,false,3,2022-04-01,2022-06-30,0
2022-07-29,71910,2022-03-31,1,1160000000,0.146,,,,,283000000,0.010,284000000,0.011,170000000,,-0.074,7.62,,,,,,,,,,,,,,,,,,,,,22357364,false,false,3,2021-04-01,2021-06-30,-1
2022-07-29,71910,2023-03-31,1,2960000000,0.256,,,,,695000000,0.187,690000000,0.174,430000000,,0.135,19.23,,,,,,,,,,,,,,,,,,,,,,false,true,6,2022-04-01,2022-09-30,0
2022-07-29,71910,2023-03-31,1,6200000000,0.254,,,,,1450000000,0.224,1450000000,0.229,910000000,,0.167,40.70,,,,,,,,,,,,,,,13.00,,,,,,,false,true,12,2022-04-01,2023-03-31,0
2022-07-29,71910,2022-03-31,1,,,,,,,,,,,,,,,,,,,,6325000000,4454000000,0.703,,4447000000,,,,,12.00,,,,22357522,158,,false,false,12,2021-04-01,2022-03-31,-1
2022-10-19,71910,2023-03-31,,2990000000,0.010,,,,,773000000,0.114,771000000,0.118,478000000,,0.113,21.40,,,,,,,,,,,,,,,,,,,,,,false,true,6,2022-04-01,2022-09-30,0
2022-10-19,71910,2022-03-31,,2356000000,,,,,,585000000,,587000000,,378000000,,,16.95,,,,,,,,,,,,,,,,,,,,,,false,false,6,2021-04-01,2021-09-30,-1
2022-10-19,71910,2023-03-31,,6230000000,0.005,,,,,1530000000,0.055,1530000000,0.055,955000000,,0.049,42.71,,,,,,,,,,,,,,,13.50,,,,,,,false,true,12,2022-04-01,2023-03-31,0
2022-10-19,71910,2022-03-31,,4943000000,,,,,,1184000000,,1179000000,,779000000,,,34.88,,,,,,,,,,,,,,,12.00,,,,,,,false,false,12,2021-04-01,2022-03-31,-1
2022-10-28,71910,2023-03-31,2,2990000000,0.269,,,,,773000000,0.321,771000000,0.312,478000000,,0.263,21.40,21.39,,,,,7089000000,4800000000,0.676,,4790000000,,,,,,,,,22360122,158,22359097,false,false,6,2022-04-01,2022-09-30,0
2022-10-28,71910,2022-03-31,2,2356000000,0.168,,,,,585000000,0.031,587000000,0.032,378000000,,-0.019,16.95,16.94,,,,,,,,,,,,,,,,,,,,22357364,false,false,6,2021-04-01,2021-09-30,-1
2022-10-28,71910,2023-03-31,2,6230000000,0.260,,,,,1530000000,0.292,1530000000,0.297,955000000,,0.225,42.71,,,,,,,,,,,,,,,13.50,,,,,,,false,true,12,2022-04-01,2023-03-31,0
2022-10-28,71910,2022-03-31,2,,,,,,,,,,,,,,,,,,,,6325000000,4454000000,0.703,,4447000000,,,,,12.00,,,,22357522,158,,false,false,12,2021-04-01,2022-03-31,-1
2022-10-28,71910,2023-03-31,2,,,,,,,,,,,,,,,,,,,,,,,,,,,,,7.00,,,,,,,false,false,12,2022-04-01,2023-03-31,0
2023-01-27,71910,2023-03-31,3,4656000000,0.297,,,,,1210000000,0.405,1208000000,0.397,740000000,,0.364,33.13,33.10,,,,,7222000000,4900000000,0.677,,4890000000,,,,,,,,,22360122,158,22359386,false,false,9,2022-04-01,2022-12-31,0
2023-01-27,71910,2022-03-31,3,3590000000,0.173,,,,,861000000,0.024,864000000,0.024,542000000,,-0.028,24.28,24.28,,,,,,,,,,,,,,,,,,,,22357364,false,false,9,2021-04-01,2021-12-31,-1
2023-01-27,71910,2023-03-31,3,6230000000,0.260,,,,,1530000000,0.292,1530000000,0.297,955000000,,0.225,42.71,,,,,,,,,,,,,,,13.50,,,,,,,false,true,12,2022-04-01,2023-03-31,0
2023-01-27,71910,2022-03-31,3,,,,,,,,,,,,,,,,,,,,6325000000,4454000000,0.703,,4447000000,,,,,12.00,,,,22357522,158,,false,false,12,2021-04-01,2022-03-31,-1
2023-01-27,71910,2023-03-31,3,,,,,,,,,,,,,,,,,,,,,,,,,,,,,7.00,,,,,,,false,false,12,2022-04-01,2023-03-31,0
,71910,2023-03-31,,,,,,,,,,,,,,,,,,,,,,,,,,,,,,14.00,,,,,,,false,true,12,2022-04-01,2023-03-31,0
,71910,2023-03-31,,,,,,,,,,,,,,,,,,,,,,,,,,,,,,7.00,,,,,,,false,false,12,2022-04-01,2023-03-31,0
,71910,2022-03-31,,,,,,,,,,,,,,,,,,,,,,,,,,,,,,12.00,,,,,,,false,false,12,2021-04-01,2022-03-31,-1
2023-05-12,71910,2023-03-31,,6491000000,0.313,,,,,1627000000,0.374,1625000000,0.377,1005000000,,0.289,44.95,44.92,0.208,0.227,0.251,,7975000000,5209000000,0.652,232.53,5199000000,2783000000,-74000000,-290000000,5686000000,14.00,0.311,,,22360122,158,22359531,false,false,12,2022-04-01,2023-03-31,0
2023-05-12,71910,2022-03-31,,4943000000,0.176,,,,,1184000000,0.030,1179000000,0.023,779000000,,0.025,34.88,34.86,0.186,0.199,0.240,,6325000000,4454000000,0.703,198.93,4447000000,618000000,-169000000,-257000000,3268000000,12.00,0.344,,,22357522,158,22357364,false,false,12,2021-04-01,2022-03-31,-1
2023-05-12,71910,2024-03-31,,3900000000,0.304,,,,,1000000000,0.292,1000000000,0.296,610000000,,0.275,27.28,,,,,,,,,,,,,,,,,,,,,,false,true,6,2023-04-01,2023-09-30,1
2023-05-12,71910,2024-03-31,,8100000000,0.248,,,,,2060000000,0.266,2060000000,0.268,1260000000,,0.254,56.35,,,,,,,,,,,,,,,18.00,0.314,,,,,,false,true,12,2023-04-01,2024-03-31,1
2023-05-12,71910,2024-03-31,,4100000000,,,,,,1010000000,,1010000000,,,620000000,,27.73,,,,,,,,,,,,,,,,,,,,,,true,true,6,2023-04-01,2023-09-30,0
2023-05-12,71910,2024-03-31,,8500000000,,,,,,2100000000,,2100000000,,,1280000000,,57.25,,,,,,,,,,,,,,,,,,,,,,true,true,12,2023-04-01,2024-03-31,0
2023-07-28,71910,2024-03-31,1,2095000000,,,,,,502000000,,496000000,,,280000000,,12.55,12.54,,,,,8406000000,5375000000,0.638,,5364000000,,,,,,,,,,,,true,false,3,2023-04-01,2023-06-30,0
2023-07-28,71910,2024-03-31,1,4100000000,,,,,,1010000000,,1010000000,,,620000000,,27.73,,,,,,,,,,,,,,,,,,,,,,true,true,6,2023-04-01,2023-09-30,0
2023-07-28,71910,2024-03-31,1,8500000000,,,,,,2100000000,,2100000000,,,1280000000,,57.25,,,,,,,,,,,,,,,,,,,,,,true,true,12,2023-04-01,2024-03-31,0
2023-07-28,71910,2023-03-31,1,,,,,,,,,,,,,,,,,,,,,,,,,,,,,14.00,,,,22360122,158,,false,false,12,2022-04-01,2023-03-31,-1
2023-07-28,71910,2024-03-31,1,,,,,,,,,,,,,,,,,,,,,,,,,,,,,18.00,,,,,,,false,true,12,2023-04-01,2024-03-31,0
2023-07-28,71910,2024-03-31,1,,,,,,,,,,,,,,,,,,,,,,,,,,,,,,,,,22360122,158,22359964,false,false,3,2023-04-01,2023-06-30,0
2023-07-28,71910,2023-03-31,1,,,,,,,,,,,,,,,,,,,,,,,,,,,,,,,,,,,22358231,false,false,3,2022-04-01,2022-06-30,-1
2023-10-27,71910,2024-03-31,2,4289000000,,,,,,1018000000,,1012000000,,,592000000,,26.48,26.46,,,,,8945000000,5654000000,0.630,,5635000000,,,,,,,,,,,,true,false,6,2023-04-01,2023-09-30,0
2023-10-27,71910,2024-03-31,2,8500000000,,,,,,2100000000,,2100000000,,,1280000000,,57.25,,,,,,,,,,,,,,,,,,,,,,true,true,12,2023-04-01,2024-03-31,0
2023-10-27,71910,2023-03-31,2,,,,,,,,,,,,,,,,,,,,,,,,,,,,,14.00,,,,22360122,158,,false,false,12,2022-04-01,2023-03-31,-1
2023-10-27,71910,2024-03-31,2,,,,,,,,,,,,,,,,,,,,,,,,,,,,,9.00,,,,,,,false,false,12,2023-04-01,2024-03-31,0
2023-10-27,71910,2024-03-31,2,,,,,,,,,,,,,,,,,,,,,,,,,,,,,18.00,,,,,,,false,true,12,2023-04-01,2024-03-31,0
2023-10-27,71910,2024-03-31,2,,,,,,,,,,,,,,,,,,,,,,,,,,,,,,,,,22360122,158,22359964,false,false,6,2023-04-01,2023-09-30,0
2023-10-27,71910,2023-03-31,2,,,,,,,,,,,,,,,,,,,,,,,,,,,,,,,,,,,22359097,false,false,6,2022-04-01,2022-09-30,-1
2024-01-29,71910,2024-03-31,3,6577000000,,,,,,1535000000,,1531000000,,,877000000,,39.23,39.19,,,,,8880000000,5725000000,0.643,,5707000000,,,,,,,,,,,,true,false,9,2023-04-01,2023-12-31,0
2024-01-29,71910,2024-03-31,3,8500000000,,,,,,2100000000,,2100000000,,,1280000000,,57.25,,,,,,,,,,,,,,,,,,,,,,true,true,12,2023-04-01,2024-03-31,0
2024-01-29,71910,2023-03-31,3,,,,,,,,,,,,,,,,,,,,,,,,,,,,,14.00,,,,22360122,158,,false,false,12,2022-04-01,2023-03-31,-1
2024-01-29,71910,2024-03-31,3,,,,,,,,,,,,,,,,,,,,,,,,,,,,,9.00,,,,,,,false,false,12,2023-04-01,2024-03-31,0
2024-01-29,71910,2024-03-31,3,,,,,,,,,,,,,,,,,,,,,,,,,,,,,18.00,,,,,,,false,true,12,2023-04-01,2024-03-31,0
2024-01-29,71910,2024-03-31,3,,,,,,,,,,,,,,,,,,,,,,,,,,,,,,,,,22360122,158,22359964,false,false,9,2023-04-01,2023-12-31,0
2024-01-29,71910,2023-03-31,3,,,,,,,,,,,,,,,,,,,,,,,,,,,,,,,,,,,22359386,false,false,9,2022-04-01,2022-12-31,-1
2024-05-10,71910,2024-03-31,,8971000000,,,,,,2073000000,,2070000000,,,1227000000,,54.88,54.82,0.202,0.214,0.231,,9653000000,6105000000,0.631,272.25,6087000000,288000000,45000000,-357000000,5663000000,,0.328,,,,,,true,false,12,2023-04-01,2024-03-31,0
2024-05-10,71910,2025-03-31,,5000000000,0.166,,,,,1170000000,0.148,1170000000,0.155,,690000000,,30.86,,,,,,,,,,,,,,,,,,,,,,true,true,6,2024-04-01,2024-09-30,1
2024-05-10,71910,2025-03-31,,10230000000,0.140,,,,,2320000000,0.119,2320000000,0.120,,1370000000,,61.27,,,,,,,,,,,,,,,,0.408,,,,,,true,true,12,2024-04-01,2025-03-31,1
2024-05-10,71910,2023-03-31,,,,,,,,,,,,,,,,,,,,,,,,,,,,,,14.00,,,,22360122,158,22359531,false,false,12,2022-04-01,2023-03-31,-1
2024-05-10,71910,2024-03-31,,,,,,,,,,,,,,,,,,,,,,,,,,,,,,18.00,,,,22360122,158,22359964,false,false,12,2023-04-01,2024-03-31,0
2024-05-10,71910,2025-03-31,,,,,,,,,,,,,,,,,,,,,,,,,,,,,,25.00,,,,,,,false,true,12,2024-04-01,2025-03-31,1
2024-07-26,71910,2025-03-31,1,2486000000,0.186,,,,,541000000,0.077,544000000,0.098,,281000000,,12.60,12.58,,,,,9698000000,6156000000,0.634,,6147000000,,,,,,,,,,,,true,false,3,2024-04-01,2024-06-30,0
2024-07-26,71910,2024-03-31,1,2095000000,,,,,,502000000,,496000000,,,280000000,,12.55,12.54,,,,,,,,,,,,,,,,,,,,,true,false,3,2023-04-01,2023-06-30,-1
2024-07-26,71910,2025-03-31,1,5000000000,0.166,,,,,1170000000,0.148,1170000000,0.155,,690000000,,30.86,,,,,,,,,,,,,,,,,,,,,,true,true,6,2024-04-01,2024-09-30,0
2024-07-26,71910,2025-03-31,1,10230000000,0.140,,,,,2320000000,0.119,2320000000,0.120,,1370000000,,61.27,,,,,,,,,,,,,,,,,,,,,,true,true,12,2024-04-01,2025-03-31,0
2024-07-26,71910,2024-03-31,1,,,,,,,,,,,,,,,,,,,,9653000000,6105000000,0.631,,6087000000,,,,,,,,,,,,true,false,12,2023-04-01,2024-03-31,-1
2024-07-26,71910,2024-03-31,1,,,,,,,,,,,,,,,,,,,,,,,,,,,,,18.00,,,,22360122,158,,false,false,12,2023-04-01,2024-03-31,-1
2024-07-26,71910,2025-03-31,1,,,,,,,,,,,,,,,,,,,,,,,,,,,,,25.00,,,,,,,false,true,12,2024-04-01,2025-03-31,0
2024-07-26,71910,2025-03-31,1,,,,,,,,,,,,,,,,,,,,,,,,,,,,,,,,,22373222,158,22364331,false,false,3,2024-04-01,2024-06-30,0
2024-07-26,71910,2024-03-31,1,,,,,,,,,,,,,,,,,,,,,,,,,,,,,,,,,,,22359964,false,false,3,2023-04-01,2023-06-30,-1
2024-10-29,71910,2025-03-31,2,5062000000,0.180,,,,,1134000000,0.114,1140000000,0.126,,658000000,,29.43,29.41,,,,,10304000000,6537000000,0.633,,6526000000,,,,,,,,,,,,true,false,6,2024-04-01,2024-09-30,0
2024-10-29,71910,2024-03-31,2,4289000000,,,,,,1018000000,,1012000000,,,592000000,,26.48,26.46,,,,,,,,,,,,,,,,,,,,,true,false,6,2023-04-01,2023-09-30,-1
2024-10-29,71910,2025-03-31,2,10230000000,0.140,,,,,2320000000,0.119,2320000000,0.120,,1370000000,,61.27,,,,,,,,,,,,,,,,,,,,,,true,true,12,2024-04-01,2025-03-31,0
2024-10-29,71910,2024-03-31,2,,,,,,,,,,,,,,,,,,,,9653000000,6105000000,0.631,,6087000000,,,,,,,,,,,,true,false,12,2023-04-01,2024-03-31,-1
2024-10-29,71910,2024-03-31,2,,,,,,,,,,,,,,,,,,,,,,,,,,,,,18.00,,,,22360122,158,,false,false,12,2023-04-01,2024-03-31,-1
2024-10-29,71910,2025-03-31,2,,,,,,,,,,,,,,,,,,,,,,,,,,,,,12.50,,,,,,,false,false,12,2024-04-01,2025-03-31,0
2024-10-29,71910,2025-03-31,2,,,,,,,,,,,,,,,,,,,,,,,,,,,,,25.00,,,,,,,false,true,12,2024-04-01,2025-03-31,0
2024-10-29,71910,2025-03-31,2,,,,,,,,,,,,,,,,,,,,,,,,,,,,,,,,,22373222,158,22368697,false,false,6,2024-04-01,2024-09-30,0
2024-10-29,71910,2024-03-31,2,,,,,,,,,,,,,,,,,,,,,,,,,,,,,,,,,,,22359964,false,false,6,2023-04-01,2023-09-30,-1
2025-01-29,71910,2025-03-31,3,7752000000,0.179,,,,,1705000000,0.110,1713000000,0.119,,966000000,,43.19,43.15,,,,,10403000000,6570000000,0.630,,6556000000,,,,,,,,,,,,true,false,9,2024-04-01,2024-12-31,0
2025-01-29,71910,2024-03-31,3,6577000000,,,,,,1535000000,,1531000000,,,877000000,,39.23,39.19,,,,,,,,,,,,,,,,,,,,,true,false,9,2023-04-01,2023-12-31,-1
2025-01-29,71910,2025-03-31,3,10230000000,0.140,,,,,2320000000,0.119,2320000000,0.120,,1370000000,,61.27,,,,,,,,,,,,,,,,,,,,,,true,true,12,2024-04-01,2025-03-31,0
2025-01-29,71910,2024-03-31,3,,,,,,,,,,,,,,,,,,,,9653000000,6105000000,0.631,,6087000000,,,,,,,,,,,,true,false,12,2023-04-01,2024-03-31,-1
2025-01-29,71910,2024-03-31,3,,,,,,,,,,,,,,,,,,,,,,,,,,,,,18.00,,,,22360122,158,,false,false,12,2023-04-01,2024-03-31,-1
2025-01-29,71910,2025-03-31,3,,,,,,,,,,,,,,,,,,,,,,,,,,,,,12.50,,,,,,,false,false,12,2024-04-01,2025-03-31,0
2025-01-29,71910,2025-03-31,3,,,,,,,,,,,,,,,,,,,,,,,,,,,,,25.00,,,,,,,false,true,12,2024-04-01,2025-03-31,0
2025-01-29,71910,2025-03-31,3,,,,,,,,,,,,,,,,,,,,,,,,,,,,,,,,,22373222,158,22370153,false,false,9,2024-04-01,2024-12-31,0
2025-01-29,71910,2024-03-31,3,,,,,,,,,,,,,,,,,,,,,,,,,,,,,,,,,,,22359964,false,false,9,2023-04-01,2023-12-31,-1
2025-05-09,71910,2025-03-31,,10572000000,0.179,,,,,2329000000,0.123,2345000000,0.133,,1360000000,,60.79,60.74,0.209,0.224,0.220,,11261000000,6970000000,0.618,310.88,6955000000,1535000000,102000000,-479000000,6822000000,,0.411,,,,,,true,false,12,2024-04-01,2025-03-31,0
2025-05-09,71910,2024-03-31,,8971000000,,,,,,2073000000,,2070000000,,,1227000000,,54.88,54.82,0.202,0.214,0.231,,9653000000,6105000000,0.631,272.25,6087000000,288000000,45000000,-357000000,5663000000,,0.328,,,,,,true,false,12,2023-04-01,2024-03-31,-1
2025-05-09,71910,2026-03-31,,5880000000,0.162,,,,,1300000000,0.146,1300000000,0.140,,780000000,,34.86,,,,,,,,,,,,,,,,,,,,,,true,true,6,2025-04-01,2025-09-30,1
2025-05-09,71910,2026-03-31,,12000000000,0.135,,,,,2600000000,0.116,2600000000,0.109,,1550000000,,69.28,,,,,,,,,,,,,,,,0.505,,,,,,true,true,12,2025-04-01,2026-03-31,1
2025-05-09,71910,2024-03-31,,,,,,,,,,,,,,,,,,,,,,,,,,,,,,18.00,,,,22360122,158,22359964,false,false,12,2023-04-01,2024-03-31,-1
2025-05-09,71910,2025-03-31,,,,,,,,,,,,,,,,,,,,,,,,,,,,,,25.00,,,,22373222,158,22370881,false,false,12,2024-04-01,2025-03-31,0
2025-05-09,71910,2026-03-31,,,,,,,,,,,,,,,,,,,,,,,,,,,,,,35.00,,,,,,,false,true,12,2025-04-01,2026-03-31,1
2025-05-09,71910,2025-03-31,,10091000000,0.180,,,,,2388000000,0.113,2403000000,0.119,1438000000,,0.095,64.30,,,,,,,,,,,,,,,,,,,,,,false,true,12,2024-04-01,2025-03-31,0
2025-05-09,71910,2024-03-31,,8550000000,,,,,,2146000000,,2147000000,,1314000000,,,,,,,,,,,,,,,,,,,,,,,,,false,false,12,2023-04-01,2024-03-31,-1
2025-07-29,71910,2026-03-31,1,2882000000,0.159,,,,,660000000,0.220,662000000,0.216,,386000000,,17.30,17.27,,,,,11370000000,7080000000,0.621,,7064000000,,,,,,,,,,,,true,false,3,2025-04-01,2025-06-30,0
2025-07-29,71910,2025-03-31,1,2486000000,0.186,,,,,541000000,0.077,544000000,0.098,,281000000,,12.60,12.58,,,,,,,,,,,,,,,,,,,,,true,false,3,2024-04-01,2024-06-30,-1
2025-07-29,71910,2026-03-31,1,5880000000,0.162,,,,,1300000000,0.146,1300000000,0.140,,780000000,,34.86,,,,,,,,,,,,,,,,,,,,,,true,true,6,2025-04-01,2025-09-30,0
2025-07-29,71910,2026-03-31,1,12000000000,0.135,,,,,2600000000,0.116,2600000000,0.109,,1550000000,,69.28,,,,,,,,,,,,,,,,,,,,,,true,true,12,2025-04-01,2026-03-31,0
2025-07-29,71910,2025-03-31,1,,,,,,,,,,,,,,,,,,,,11261000000,6970000000,0.618,,6955000000,,,,,,,,,,,,true,false,12,2024-04-01,2025-03-31,-1
2025-07-29,71910,2025-03-31,1,,,,,,,,,,,,,,,,,,,,,,,,,,,,,25.00,,,,22373222,158,,false,false,12,2024-04-01,2025-03-31,-1
2025-07-29,71910,2026-03-31,1,,,,,,,,,,,,,,,,,,,,,,,,,,,,,35.00,,,,,,,false,true,12,2025-04-01,2026-03-31,0
2025-07-29,71910,2026-03-31,1,,,,,,,,,,,,,,,,,,,,,,,,,,,,,,,,,22373222,199,22373050,false,false,3,2025-04-01,2025-06-30,0
2025-07-29,71910,2025-03-31,1,,,,,,,,,,,,,,,,,,,,,,,,,,,,,,,,,,,22364331,false,false,3,2024-04-01,2024-06-30,-1
