filing_date,code,fiscal_year_end,quarterly_period,net_sales,net_sales_change,revenue,revenue_change,operating_revenue,operating_revenue_change,operating_profit,operating_profit_change,ordinary_profit,ordinary_profit_change,net_income,net_income_of_parent,net_income_change,eps,diluted_eps,roe,roa,operating_profit_to_net_sales,operating_profit_to_revenue,total_assets,net_assets,equity_ratio,bps,owner_equity,operating_cash_flow,investing_cash_flow,financing_cash_flow,cash,dividend_per_share,payout_ratio,commemorative_dividend,extra_dividend,number_of_shares,number_of_treqsury_shares,avg_number_of_shares,is_consolidated,is_forecast,duration,period_start,period_end,period_pos
2015-07-29,72050,2016-03-31,1,407018000000,0.114,,,,,25437000000,0.098,25424000000,0.117,,17628000000,,30.75,30.72,,,,,1106244000000,472565000000,0.385,,425788000000,,,,,,,,,,,,true,false,3,2015-04-01,2015-06-30,0
2015-07-29,72050,2015-03-31,1,365221000000,-0.118,,,,,23156000000,-0.276,22762000000,-0.258,,14298000000,,24.97,24.93,,,,,,,,,,,,,,,,,,,,,true,false,3,2014-04-01,2014-06-30,-1
2015-07-29,72050,2016-03-31,1,1740000000000,0.032,,,,,110000000000,0.042,109000000000,0.042,,74000000000,,129.10,,,,,,,,,,,,,,,,,,,,,,true,true,12,2015-04-01,2016-03-31,0
2015-07-29,72050,2015-03-31,1,,,,,,,,,,,,,,,,,,,,1124196000000,465370000000,0.373,,418782000000,,,,,,,,,,,,true,false,12,2014-04-01,2015-03-31,-1
2015-07-29,72050,2015-03-31,1,,,,,,,,,,,,,,,,,,,,,,,,,,,,,40.00,,,,574580850,1400435,,false,false,12,2014-04-01,2015-03-31,-1
2015-07-29,72050,2016-03-31,1,,,,,,,,,,,,,,,,,,,,,,,,,,,,,40.00,,,,,,,false,true,12,2015-04-01,2016-03-31,0
2015-07-29,72050,2016-03-31,1,,,,,,,,,,,,,,,,,,,,,,,,,,,,,,,,,574580850,1362026,573206453,false,false,3,2015-04-01,2015-06-30,0
2015-07-29,72050,2015-03-31,1,,,,,,,,,,,,,,,,,,,,,,,,,,,,,,,,,,,572656389,false,false,3,2014-04-01,2014-06-30,-1
2015-10-27,72050,2016-03-31,2,858298000000,0.084,,,,,54177000000,0.098,51964000000,0.021,,37208000000,,64.91,64.85,,,,,1094621000000,478339000000,0.395,,432234000000,,,,,,,,,,,,true,false,6,2015-04-01,2015-09-30,0
2015-10-27,72050,2015-03-31,2,791567000000,-0.052,,,,,49343000000,-0.184,50900000000,-0.114,,32717000000,,57.13,57.04,,,,,,,,,,,,,,,,,,,,,true,false,6,2014-04-01,2014-09-30,-1
2015-10-27,72050,2016-03-31,2,1740000000000,0.032,,,,,110000000000,0.042,109000000000,0.042,,74000000000,,129.10,,,,,,,,,,,,,,,,,,,,,,true,true,12,2015-04-01,2016-03-31,0
2015-10-27,72050,2015-03-31,2,,,,,,,,,,,,,,,,,,,,1124196000000,465370000000,0.373,,418782000000,,,,,,,,,,,,true,false,12,2014-04-01,2015-03-31,-1
2015-10-27,72050,2015-03-31,2,,,,,,,,,,,,,,,,,,,,,,,,,,,,,40.00,,,,574580850,1400435,,false,false,12,2014-04-01,2015-03-31,-1
2015-10-27,72050,2016-03-31,2,,,,,,,,,,,,,,,,,,,,,,,,,,,,,20.00,,,,,,,false,false,12,2015-04-01,2016-03-31,0
2015-10-27,72050,2016-03-31,2,,,,,,,,,,,,,,,,,,,,,,,,,,,,,40.00,,,,,,,false,true,12,2015-04-01,2016-03-31,0
2015-10-27,72050,2016-03-31,2,,,,,,,,,,,,,,,,,,,,,,,,,,,,,,,,,574580850,1362509,573212495,false,false,6,2015-04-01,2015-09-30,0
2015-10-27,72050,2015-03-31,2,,,,,,,,,,,,,,,,,,,,,,,,,,,,,,,,,,,572716644,false,false,6,2014-04-01,2014-09-30,-1
2016-01-29,72050,2016-03-31,3,1306092000000,0.071,,,,,81320000000,0.011,78676000000,-0.048,,55853000000,,97.44,97.34,,,,,1115130000000,492228000000,0.400,,446009000000,,,,,,,,,,,,true,false,9,2015-04-01,2015-12-31,0
2016-01-29,72050,2015-03-31,3,1219495000000,-0.026,,,,,80404000000,-0.117,82615000000,-0.058,,53204000000,,92.89,92.75,,,,,,,,,,,,,,,,,,,,,true,false,9,2014-04-01,2014-12-31,-1
2016-01-29,72050,2016-03-31,3,1740000000000,0.032,,,,,110000000000,0.042,109000000000,0.042,,74000000000,,129.10,,,,,,,,,,,,,,,,,,,,,,true,true,12,2015-04-01,2016-03-31,0
2016-01-29,72050,2015-03-31,3,,,,,,,,,,,,,,,,,,,,1124196000000,465370000000,0.373,,418782000000,,,,,,,,,,,,true,false,12,2014-04-01,2015-03-31,-1
2016-01-29,72050,2015-03-31,3,,,,,,,,,,,,,,,,,,,,,,,,,,,,,40.00,,,,574580850,1400435,,false,false,12,2014-04-01,2015-03-31,-1
2016-01-29,72050,2016-03-31,3,,,,,,,,,,,,,,,,,,,,,,,,,,,,,20.00,,,,,,,false,false,12,2015-04-01,2016-03-31,0
2016-01-29,72050,2016-03-31,3,,,,,,,,,,,,,,,,,,,,,,,,,,,,,40.00,,,,,,,false,true,12,2015-04-01,2016-03-31,0
2016-01-29,72050,2016-03-31,3,,,,,,,,,,,,,,,,,,,,,,,,,,,,,,,,,574580850,1362960,573214395,false,false,9,2015-04-01,2015-12-31,0
2016-01-29,72050,2015-03-31,3,,,,,,,,,,,,,,,,,,,,,,,,,,,,,,,,,,,572748929,false,false,9,2014-04-01,2014-12-31,-1
2016-04-27,72050,2016-03-31,,1745540000000,0.036,,,,,98287000000,-0.069,95892000000,-0.083,,65130000000,,113.62,113.51,0.154,0.085,0.056,,1119888000000,473891000000,0.383,748.89,429417000000,111366000000,-87685000000,-22120000000,33949000000,,0.334,,,,,,true,false,12,2015-04-01,2016-03-31,0
2016-04-27,72050,2015-03-31,,1685298000000,-0.008,,,,,105519000000,-0.059,104600000000,-0.042,,74500000000,,130.06,129.87,0.197,0.098,0.063,,1124196000000,465370000000,0.373,730.63,418782000000,77756000000,-75011000000,-26168000000,35558000000,,0.308,,,,,,true,false,12,2014-04-01,2015-03-31,-1
2016-04-27,72050,2017-03-31,,1670000000000,-0.043,,,,,80000000000,-0.186,79000000000,-0.176,,55000000000,,95.92,,,,,,,,,,,,,,,,,,,,,,true,true,12,2016-04-01,2017-03-31,1
2016-04-27,72050,2016-03-31,,1222945000000,0.001,,,,,49839000000,-0.201,60810000000,-0.198,44837000000,,-0.230,78.20,78.13,,,,,713027000000,350686000000,0.492,611.28,350587000000,,,,,38.00,,,,574580850,1176534,573245187,false,false,12,2015-04-01,2016-03-31,0
2016-04-27,72050,2015-03-31,,1221249000000,0.009,,,,,62340000000,-0.059,75796000000,-0.004,58225000000,,-0.188,101.62,101.48,,,,,690046000000,342913000000,0.497,597.90,342784000000,,,,,40.00,,,,574580850,1400435,572832762,false,false,12,2014-04-01,2015-03-31,-1
2016-04-27,72050,2017-03-31,,1170000000000,-0.043,,,,,32000000000,-0.358,41000000000,-0.326,33000000000,,-0.264,57.54,,,,,,,,,,,,,,,,,,,,,,false,true,12,2016-04-01,2017-03-31,1
2016-07-28,72050,2017-03-31,1,381532000000,-0.063,,,,,14881000000,-0.415,13253000000,-0.479,,9660000000,,16.85,16.84,,,,,1064019000000,456913000000,0.390,,414541000000,,,,,,,,,,,,true,false,3,2016-04-01,2016-06-30,0
2016-07-28,72050,2016-03-31,1,407018000000,0.114,,,,,25437000000,0.098,25424000000,0.117,,17628000000,,30.75,30.72,,,,,,,,,,,,,,,,,,,,,true,false,3,2015-04-01,2015-06-30,-1
2016-07-28,72050,2017-03-31,1,1670000000000,-0.043,,,,,80000000000,-0.186,79000000000,-0.176,,55000000000,,95.92,,,,,,,,,,,,,,,,,,,,,,true,true,12,2016-04-01,2017-03-31,0
2016-07-28,72050,2016-03-31,1,,,,,,,,,,,,,,,,,,,,1119888000000,473891000000,0.383,,429417000000,,,,,,,,,,,,true,false,12,2015-04-01,2016-03-31,-1
2016-07-28,72050,2016-03-31,1,,,,,,,,,,,,,,,,,,,,,,,,,,,,,38.00,,,,574580850,1176534,,false,false,12,2015-04-01,2016-03-31,-1
2016-07-28,72050,2017-03-31,1,,,,,,,,,,,,,,,,,,,,,,,,,,,,,,,,,574580850,1143777,573421056,false,false,3,2016-04-01,2016-06-30,0
2016-07-28,72050,2016-03-31,1,,,,,,,,,,,,,,,,,,,,,,,,,,,,,,,,,,,573206453,false,false,3,2015-04-01,2015-06-30,-1
2016-10-27,72050,2017-03-31,2,799112000000,-0.069,,,,,32876000000,-0.393,32086000000,-0.383,,22597000000,,39.41,39.38,,,,,1091932000000,470138000000,0.393,,428937000000,,,,,,,,,,,,true,false,6,2016-04-01,2016-09-30,0
2016-10-27,72050,2016-03-31,2,858298000000,0.084,,,,,54177000000,0.098,51964000000,0.021,,37208000000,,64.91,64.85,,,,,,,,,,,,,,,,,,,,,true,false,6,2015-04-01,2015-09-30,-1
2016-10-27,72050,2017-03-31,2,1630000000000,-0.066,,,,,60000000000,-0.390,59000000000,-0.385,,41000000000,,71.49,,,,,,,,,,,,,,,,,,,,,,true,true,12,2016-04-01,2017-03-31,0
2016-10-27,72050,2016-03-31,2,,,,,,,,,,,,,,,,,,,,1119888000000,473891000000,0.383,,429417000000,,,,,,,,,,,,true,false,12,2015-04-01,2016-03-31,-1
2016-10-27,72050,2016-03-31,2,,,,,,,,,,,,,,,,,,,,,,,,,,,,,38.00,,,,574580850,1176534,,false,false,12,2015-04-01,2016-03-31,-1
2016-10-27,72050,2017-03-31,2,,,,,,,,,,,,,,,,,,,,,,,,,,,,,11.00,,,,,,,false,false,12,2016-04-01,2017-03-31,0
2016-10-27,72050,2017-03-31,2,,,,,,,,,,,,,,,,,,,,,,,,,,,,,22.00,,,,,,,false,true,12,2016-04-01,2017-03-31,0
2016-10-27,72050,2017-03-31,2,,,,,,,,,,,,,,,,,,,,,,,,,,,,,,,,,574580850,1092009,573454134,false,false,6,2016-04-01,2016-09-30,0
2016-10-27,72050,2016-03-31,2,,,,,,,,,,,,,,,,,,,,,,,,,,,,,,,,,,,573212495,false,false,6,2015-04-01,2015-09-30,-1
2016-10-27,72050,2017-03-31,,1160000000000,-0.009,,,,,18000000000,-0.438,26000000000,-0.366,21000000000,,-0.364,36.61,,,,,,,,,,,,,,,22.00,,,,,,,false,true,12,2016-04-01,2017-03-31,0
2016-10-27,72050,2016-03-31,,1222945000000,,,,,,49839000000,,60810000000,,44837000000,,,78.20,,,,,,,,,,,,,,,38.00,,,,,,,false,false,12,2015-04-01,2016-03-31,-1
2016-10-27,72050,2017-03-31,,,,,,,,,,,,,,,,,,,,,,,,,,,,,,11.00,,,,,,,false,false,12,2016-04-01,2017-03-31,0
2017-01-31,72050,2017-03-31,3,1210643000000,-0.073,,,,,50522000000,-0.379,52723000000,-0.330,,35213000000,,61.40,61.37,,,,,1150613000000,495764000000,0.391,,449742000000,,,,,,,,,,,,true,false,9,2016-04-01,2016-12-31,0
2017-01-31,72050,2016-03-31,3,1306092000000,0.071,,,,,81320000000,0.011,78676000000,-0.048,,55853000000,,97.44,97.34,,,,,,,,,,,,,,,,,,,,,true,false,9,2015-04-01,2015-12-31,-1
2017-01-31,72050,2017-03-31,3,1650000000000,-0.055,,,,,69000000000,-0.298,69000000000,-0.280,,48000000000,,83.69,,,,,,,,,,,,,,,,,,,,,,true,true,12,2016-04-01,2017-03-31,0
2017-01-31,72050,2016-03-31,3,,,,,,,,,,,,,,,,,,,,1119888000000,473891000000,0.383,,429417000000,,,,,,,,,,,,true,false,12,2015-04-01,2016-03-31,-1
2017-01-31,72050,2016-03-31,3,,,,,,,,,,,,,,,,,,,,,,,,,,,,,38.00,,,,574580850,1176534,,false,false,12,2015-04-01,2016-03-31,-1
2017-01-31,72050,2017-03-31,3,,,,,,,,,,,,,,,,,,,,,,,,,,,,,11.00,,,,,,,false,false,12,2016-04-01,2017-03-31,0
2017-01-31,72050,2017-03-31,3,,,,,,,,,,,,,,,,,,,,,,,,,,,,,22.00,,,,,,,false,true,12,2016-04-01,2017-03-31,0
2017-01-31,72050,2017-03-31,3,,,,,,,,,,,,,,,,,,,,,,,,,,,,,,,,,574580850,1066361,573471436,false,false,9,2016-04-01,2016-12-31,0
2017-01-31,72050,2016-03-31,3,,,,,,,,,,,,,,,,,,,,,,,,,,,,,,,,,,,573214395,false,false,9,2015-04-01,2015-12-31,-1
2017-01-31,72050,2017-03-31,,1168000000000,0.007,,,,,26000000000,0.444,35000000000,0.346,28000000000,,0.333,48.81,,,,,,,,,,,,,,,,,,,,,,false,true,12,2016-04-01,2017-03-31,0
2017-01-31,72050,2016-03-31,,1222945000000,,,,,,49839000000,,60810000000,,44837000000,,,78.20,,,,,,,,,,,,,,,,,,,,,,false,false,12,2015-04-01,2016-03-31,-1
2017-04-27,72050,2017-03-31,,1683720000000,-0.035,,,,,71178000000,-0.276,72042000000,-0.249,,49408000000,,86.15,86.11,0.110,0.062,0.042,,1192385000000,512913000000,0.390,811.07,465289000000,75758000000,-92583000000,17461000000,31123000000,,0.302,,,,,,true,false,12,2016-04-01,2017-03-31,0
2017-04-27,72050,2016-03-31,,1745540000000,0.036,,,,,98287000000,-0.069,95892000000,-0.083,,65130000000,,113.62,113.51,0.154,0.085,0.056,,1119888000000,473891000000,0.383,748.89,429417000000,111366000000,-87685000000,-22120000000,33949000000,,0.334,,,,,,true,false,12,2015-04-01,2016-03-31,-1
2017-04-27,72050,2018-03-31,,1720000000000,0.022,,,,,75000000000,0.054,77000000000,0.069,,50000000000,,87.16,,,,,,,,,,,,,,,,0.298,,,,,,true,true,12,2017-04-01,2018-03-31,1
2017-04-27,72050,2017-03-31,,1215819000000,-0.006,,,,,23846000000,-0.522,32191000000,-0.471,25669000000,,-0.428,44.75,44.73,,,,,771311000000,362491000000,0.470,631.64,362438000000,,,,,26.00,,,,574580850,903739,573507059,false,false,12,2016-04-01,2017-03-31,0
2017-04-27,72050,2016-03-31,,1222945000000,0.001,,,,,49839000000,-0.201,60810000000,-0.198,44837000000,,-0.230,78.20,78.13,,,,,713027000000,350686000000,0.492,611.28,350587000000,,,,,38.00,,,,574580850,1176534,573245187,false,false,12,2015-04-01,2016-03-31,-1
2017-04-27,72050,2018-03-31,,,,,,,,,,,,,,,,,,,,,,,,,,,,,,26.00,,,,,,,false,true,12,2017-04-01,2018-03-31,1
2017-07-28,72050,2018-03-31,1,393334000000,0.031,,,,,16059000000,0.079,17002000000,0.283,,12323000000,,21.48,21.47,,,,,1170972000000,518236000000,0.403,,471960000000,,,,,,,,,,,,true,false,3,2017-04-01,2017-06-30,0
2017-07-28,72050,2017-03-31,1,381532000000,-0.063,,,,,14881000000,-0.415,13253000000,-0.479,,9660000000,,16.85,16.84,,,,,,,,,,,,,,,,,,,,,true,false,3,2016-04-01,2016-06-30,-1
2017-07-28,72050,2018-03-31,1,1720000000000,0.022,,,,,75000000000,0.054,77000000000,0.069,,50000000000,,87.16,,,,,,,,,,,,,,,,,,,,,,true,true,12,2017-04-01,2018-03-31,0
2017-07-28,72050,2017-03-31,1,,,,,,,,,,,,,,,,,,,,1192385000000,512913000000,0.390,,465289000000,,,,,,,,,,,,true,false,12,2016-04-01,2017-03-31,-1
2017-07-28,72050,2017-03-31,1,,,,,,,,,,,,,,,,,,,,,,,,,,,,,26.00,,,,574580850,903739,,false,false,12,2016-04-01,2017-03-31,-1
2017-07-28,72050,2018-03-31,1,,,,,,,,,,,,,,,,,,,,,,,,,,,,,26.00,,,,,,,false,true,12,2017-04-01,2018-03-31,0
2017-07-28,72050,2018-03-31,1,,,,,,,,,,,,,,,,,,,,,,,,,,,,,,,,,574580850,866163,573698859,false,false,3,2017-04-01,2017-06-30,0
2017-07-28,72050,2017-03-31,1,,,,,,,,,,,,,,,,,,,,,,,,,,,,,,,,,,,573421056,false,false,3,2016-04-01,2016-06-30,-1
2017-11-01,72050,2018-03-31,2,849977000000,0.064,,,,,34921000000,0.062,36937000000,0.151,,23001000000,,40.09,40.08,,,,,1220875000000,533865000000,0.398,,486397000000,,,,,,,,,,,,true,false,6,2017-04-01,2017-09-30,0
2017-11-01,72050,2017-03-31,2,799112000000,-0.069,,,,,32876000000,-0.393,32086000000,-0.383,,22597000000,,39.41,39.38,,,,,,,,,,,,,,,,,,,,,true,false,6,2016-04-01,2016-09-30,-1
2017-11-01,72050,2018-03-31,2,1760000000000,0.045,,,,,75000000000,0.054,77000000000,0.069,,50000000000,,87.15,,,,,,,,,,,,,,,,,,,,,,true,true,12,2017-04-01,2018-03-31,0
2017-11-01,72050,2017-03-31,2,,,,,,,,,,,,,,,,,,,,1192385000000,512913000000,0.390,,465289000000,,,,,,,,,,,,true,false,12,2016-04-01,2017-03-31,-1
2017-11-01,72050,2017-03-31,2,,,,,,,,,,,,,,,,,,,,,,,,,,,,,26.00,,,,574580850,903739,,false,false,12,2016-04-01,2017-03-31,-1
2017-11-01,72050,2018-03-31,2,,,,,,,,,,,,,,,,,,,,,,,,,,,,,13.00,,,,,,,false,false,12,2017-04-01,2018-03-31,0
2017-11-01,72050,2018-03-31,2,,,,,,,,,,,,,,,,,,,,,,,,,,,,,26.00,,,,,,,false,true,12,2017-04-01,2018-03-31,0
2017-11-01,72050,2018-03-31,2,,,,,,,,,,,,,,,,,,,,,,,,,,,,,,,,,574580850,842796,573716656,false,false,6,2017-04-01,2017-09-30,0
2017-11-01,72050,2017-03-31,2,,,,,,,,,,,,,,,,,,,,,,,,,,,,,,,,,,,573454134,false,false,6,2016-04-01,2016-09-30,-1
2018-01-31,72050,2018-03-31,3,1328045000000,0.097,,,,,61386000000,0.215,63384000000,0.202,,39257000000,,68.43,68.41,,,,,1248567000000,552087000000,0.402,,502187000000,,,,,,,,,,,,true,false,9,2017-04-01,2017-12-31,0
2018-01-31,72050,2017-03-31,3,1210643000000,-0.073,,,,,50522000000,-0.379,52723000000,-0.330,,35213000000,,61.40,61.37,,,,,,,,,,,,,,,,,,,,,true,false,9,2016-04-01,2016-12-31,-1
2018-01-31,72050,2018-03-31,3,1770000000000,0.051,,,,,78000000000,0.096,80000000000,0.110,,52000000000,,90.63,,,,,,,,,,,,,,,,,,,,,,true,true,12,2017-04-01,2018-03-31,0
2018-01-31,72050,2017-03-31,3,,,,,,,,,,,,,,,,,,,,1192385000000,512913000000,0.390,,465289000000,,,,,,,,,,,,true,false,12,2016-04-01,2017-03-31,-1
2018-01-31,72050,2017-03-31,3,,,,,,,,,,,,,,,,,,,,,,,,,,,,,26.00,,,,574580850,903739,,false,false,12,2016-04-01,2017-03-31,-1
2018-01-31,72050,2018-03-31,3,,,,,,,,,,,,,,,,,,,,,,,,,,,,,13.00,,,,,,,false,false,12,2017-04-01,2018-03-31,0
2018-01-31,72050,2018-03-31,3,,,,,,,,,,,,,,,,,,,,,,,,,,,,,26.00,,,,,,,false,true,12,2017-04-01,2018-03-31,0
2018-01-31,72050,2018-03-31,3,,,,,,,,,,,,,,,,,,,,,,,,,,,,,,,,,574580850,841406,573724126,false,false,9,2017-04-01,2017-12-31,0
2018-01-31,72050,2017-03-31,3,,,,,,,,,,,,,,,,,,,,,,,,,,,,,,,,,,,573471436,false,false,9,2016-04-01,2016-12-31,-1
2018-04-26,72050,2018-03-31,,1837982000000,0.092,,,,,80331000000,0.129,80422000000,0.116,,51361000000,,89.52,89.49,0.106,0.065,0.044,,1295191000000,552848000000,0.388,875.40,502365000000,86473000000,-62781000000,-9448000000,44577000000,,0.313,,,,,,true,false,12,2017-04-01,2018-03-31,0
2018-04-26,72050,2017-03-31,,1683720000000,-0.035,,,,,71178000000,-0.276,72042000000,-0.249,,49408000000,,86.15,86.11,0.110,0.062,0.042,,1192385000000,512913000000,0.390,811.07,465289000000,75758000000,-92583000000,17461000000,31123000000,,0.302,,,,,,true,false,12,2016-04-01,2017-03-31,-1
2018-04-26,72050,2019-03-31,,1860000000000,0.012,,,,,83000000000,0.033,83000000000,0.032,,52000000000,,90.63,,,,,,,,,,,,,,,,0.309,,,,,,true,true,12,2018-04-01,2019-03-31,1
2018-04-26,72050,2018-03-31,,1330573000000,0.094,,,,,32785000000,0.375,42586000000,0.323,35255000000,,0.373,61.43,61.42,,,,,820005000000,384736000000,0.469,670.24,384714000000,,,,,28.00,,,,574580850,713542,573752681,false,false,12,2017-04-01,2018-03-31,0
2018-04-26,72050,2017-03-31,,1215819000000,-0.006,,,,,23846000000,-0.522,32191000000,-0.471,25669000000,,-0.428,44.75,44.73,,,,,771311000000,362491000000,0.470,631.64,362438000000,,,,,26.00,,,,574580850,903739,573507059,false,false,12,2016-04-01,2017-03-31,-1
2018-04-26,72050,2019-03-31,,,,,,,,,,,,,,,,,,,,,,,,,,,,,,28.00,,,,,,,false,true,12,2018-04-01,2019-03-31,1
2018-07-27,72050,2019-03-31,1,467237000000,0.188,,,,,19092000000,0.189,19473000000,0.145,,12782000000,,22.27,22.27,,,,,1260128000000,556107000000,0.402,,505998000000,,,,,,,,,,,,true,false,3,2018-04-01,2018-06-30,0
2018-07-27,72050,2018-03-31,1,393334000000,0.031,,,,,16059000000,0.079,17002000000,0.283,,12323000000,,21.48,21.47,,,,,,,,,,,,,,,,,,,,,true,false,3,2017-04-01,2017-06-30,-1
2018-07-27,72050,2019-03-31,1,1860000000000,0.012,,,,,83000000000,0.033,83000000000,0.032,,52000000000,,90.63,,,,,,,,,,,,,,,,,,,,,,true,true,12,2018-04-01,2019-03-31,0
2018-07-27,72050,2018-03-31,1,,,,,,,,,,,,,,,,,,,,1286081000000,552848000000,0.391,,502365000000,,,,,,,,,,,,true,false,12,2017-04-01,2018-03-31,-1
2018-07-27,72050,2018-03-31,1,,,,,,,,,,,,,,,,,,,,,,,,,,,,,28.00,,,,574580850,713542,,false,false,12,2017-04-01,2018-03-31,-1
2018-07-27,72050,2019-03-31,1,,,,,,,,,,,,,,,,,,,,,,,,,,,,,28.00,,,,,,,false,true,12,2018-04-01,2019-03-31,0
2018-07-27,72050,2019-03-31,1,,,,,,,,,,,,,,,,,,,,,,,,,,,,,,,,,574580850,612840,573928262,false,false,3,2018-04-01,2018-06-30,0
2018-07-27,72050,2018-03-31,1,,,,,,,,,,,,,,,,,,,,,,,,,,,,,,,,,,,573698859,false,false,3,2017-04-01,2017-06-30,-1
2018-10-30,72050,2019-03-31,2,957847000000,0.127,,,,,38177000000,0.093,37915000000,0.026,,24118000000,,42.02,42.02,,,,,1270434000000,572544000000,0.410,,520770000000,,,,,,,,,,,,true,false,6,2018-04-01,2018-09-30,0
2018-10-30,72050,2018-03-31,2,849977000000,0.064,,,,,34921000000,0.062,36937000000,0.151,,23001000000,,40.09,40.08,,,,,,,,,,,,,,,,,,,,,true,false,6,2017-04-01,2017-09-30,-1
2018-10-30,72050,2019-03-31,2,1930000000000,0.050,,,,,86000000000,0.071,85000000000,0.057,,53000000000,,92.34,,,,,,,,,,,,,,,,,,,,,,true,true,12,2018-04-01,2019-03-31,0
2018-10-30,72050,2018-03-31,2,,,,,,,,,,,,,,,,,,,,1286081000000,552848000000,0.391,,502365000000,,,,,,,,,,,,true,false,12,2017-04-01,2018-03-31,-1
2018-10-30,72050,2018-03-31,2,,,,,,,,,,,,,,,,,,,,,,,,,,,,,28.00,,,,574580850,713542,,false,false,12,2017-04-01,2018-03-31,-1
2018-10-30,72050,2019-03-31,2,,,,,,,,,,,,,,,,,,,,,,,,,,,,,14.00,,,,,,,false,false,12,2018-04-01,2019-03-31,0
2018-10-30,72050,2019-03-31,2,,,,,,,,,,,,,,,,,,,,,,,,,,,,,28.00,,,,,,,false,true,12,2018-04-01,2019-03-31,0
2018-10-30,72050,2019-03-31,2,,,,,,,,,,,,,,,,,,,,,,,,,,,,,,,,,574580850,601036,573954181,false,false,6,2018-04-01,2018-09-30,0
2018-10-30,72050,2018-03-31,2,,,,,,,,,,,,,,,,,,,,,,,,,,,,,,,,,,,573716656,false,false,6,2017-04-01,2017-09-30,-1
2019-01-31,72050,2019-03-31,3,1459687000000,0.099,,,,,63106000000,0.028,62118000000,-0.020,,37892000000,,66.02,66.02,,,,,1283887000000,569585000000,0.403,,517199000000,,,,,,,,,,,,true,false,9,2018-04-01,2018-12-31,0
2019-01-31,72050,2018-03-31,3,1328045000000,0.097,,,,,61386000000,0.215,63384000000,0.202,,39257000000,,68.43,68.41,,,,,,,,,,,,,,,,,,,,,true,false,9,2017-04-01,2017-12-31,-1
2019-01-31,72050,2019-03-31,3,1930000000000,0.050,,,,,86000000000,0.071,85000000000,0.057,,53000000000,,92.34,,,,,,,,,,,,,,,,,,,,,,true,true,12,2018-04-01,2019-03-31,0
2019-01-31,72050,2018-03-31,3,,,,,,,,,,,,,,,,,,,,1286081000000,552848000000,0.391,,502365000000,,,,,,,,,,,,true,false,12,2017-04-01,2018-03-31,-1
2019-01-31,72050,2018-03-31,3,,,,,,,,,,,,,,,,,,,,,,,,,,,,,28.00,,,,574580850,713542,,false,false,12,2017-04-01,2018-03-31,-1
2019-01-31,72050,2019-03-31,3,,,,,,,,,,,,,,,,,,,,,,,,,,,,,14.00,,,,,,,false,false,12,2018-04-01,2019-03-31,0
2019-01-31,72050,2019-03-31,3,,,,,,,,,,,,,,,,,,,,,,,,,,,,,28.00,,,,,,,false,true,12,2018-04-01,2019-03-31,0
2019-01-31,72050,2019-03-31,3,,,,,,,,,,,,,,,,,,,,,,,,,,,,,,,,,574580850,601213,573962708,false,false,9,2018-04-01,2018-12-31,0
2019-01-31,72050,2018-03-31,3,,,,,,,,,,,,,,,,,,,,,,,,,,,,,,,,,,,573724126,false,false,9,2017-04-01,2017-12-31,-1
2019-04-25,72050,2019-03-31,,1981331000000,0.078,,,,,86717000000,0.079,83903000000,0.043,,54908000000,,95.66,95.66,0.105,0.064,0.044,,1345821000000,596459000000,0.403,945.42,542649000000,48653000000,-72284000000,20902000000,40681000000,,0.303,,,,,,true,false,12,2018-04-01,2019-03-31,0
2019-04-25,72050,2018-03-31,,1837982000000,0.092,,,,,80331000000,0.129,80422000000,0.116,,51361000000,,89.52,89.49,0.106,0.065,0.044,,1286081000000,552848000000,0.391,875.40,502365000000,86473000000,-62781000000,-9448000000,44577000000,,0.313,,,,,,true,false,12,2017-04-01,2018-03-31,-1
2019-04-25,72050,2020-03-31,,1960000000000,-0.011,,,,,90000000000,0.038,87000000000,0.037,,56000000000,,97.56,,,,,,,,,,,,,,,,0.308,,,,,,true,true,12,2019-04-01,2020-03-31,1
2019-04-25,72050,2019-03-31,,1403468000000,0.055,,,,,37793000000,0.153,50127000000,0.177,38788000000,,0.100,67.56,67.56,,,,,849538000000,405139000000,0.477,705.69,405139000000,,,,,29.00,,,,574580850,601517,573966830,false,false,12,2018-04-01,2019-03-31,0
2019-04-25,72050,2018-03-31,,1330573000000,0.094,,,,,32785000000,0.375,42586000000,0.323,35255000000,,0.373,61.43,61.42,,,,,811643000000,384736000000,0.474,670.24,384714000000,,,,,28.00,,,,574580850,713542,573752681,false,false,12,2017-04-01,2018-03-31,-1
2019-04-25,72050,2020-03-31,,,,,,,,,,,,,,,,,,,,,,,,,,,,,,30.00,,,,,,,false,true,12,2019-04-01,2020-03-31,1
2019-07-30,72050,2020-03-31,1,446156000000,-0.045,,,,,13604000000,-0.287,11543000000,-0.407,,6573000000,,11.45,,,,,,1303051000000,591358000000,0.415,,540365000000,,,,,,,,,,,,true,false,3,2019-04-01,2019-06-30,0
2019-07-30,72050,2019-03-31,1,467237000000,0.188,,,,,19092000000,0.189,19473000000,0.145,,12782000000,,22.27,22.27,,,,,,,,,,,,,,,,,,,,,true,false,3,2018-04-01,2018-06-30,-1
2019-07-30,72050,2020-03-31,1,1960000000000,-0.011,,,,,90000000000,0.038,87000000000,0.037,,56000000000,,97.56,,,,,,,,,,,,,,,,,,,,,,true,true,12,2019-04-01,2020-03-31,0
2019-07-30,72050,2019-03-31,1,,,,,,,,,,,,,,,,,,,,1345821000000,596459000000,0.403,,542649000000,,,,,,,,,,,,true,false,12,2018-04-01,2019-03-31,-1
2019-07-30,72050,2019-03-31,1,,,,,,,,,,,,,,,,,,,,,,,,,,,,,29.00,,,,574580850,601517,,false,false,12,2018-04-01,2019-03-31,-1
2019-07-30,72050,2020-03-31,1,,,,,,,,,,,,,,,,,,,,,,,,,,,,,30.00,,,,,,,false,true,12,2019-04-01,2020-03-31,0
2019-07-30,72050,2020-03-31,1,,,,,,,,,,,,,,,,,,,,,,,,,,,,,,,,,574580850,601789,573979092,false,false,3,2019-04-01,2019-06-30,0
2019-07-30,72050,2019-03-31,1,,,,,,,,,,,,,,,,,,,,,,,,,,,,,,,,,,,573928262,false,false,3,2018-04-01,2018-06-30,-1
2019-10-30,72050,2020-03-31,2,946069000000,-0.012,,,,,32789000000,-0.141,30041000000,-0.208,,18567000000,,32.35,,,,,,1285509000000,601016000000,0.428,,550839000000,,,,,,,,,,,,true,false,6,2019-04-01,2019-09-30,0
2019-10-30,72050,2019-03-31,2,957847000000,0.127,,,,,38177000000,0.093,37915000000,0.026,,24118000000,,42.02,42.02,,,,,,,,,,,,,,,,,,,,,true,false,6,2018-04-01,2018-09-30,-1
2019-10-30,72050,2020-03-31,2,1900000000000,-0.041,,,,,68000000000,-0.216,61000000000,-0.273,,40000000000,,69.68,,,,,,,,,,,,,,,,,,,,,,true,true,12,2019-04-01,2020-03-31,0
2019-10-30,72050,2019-03-31,2,,,,,,,,,,,,,,,,,,,,1345821000000,596459000000,0.403,,542649000000,,,,,,,,,,,,true,false,12,2018-04-01,2019-03-31,-1
2019-10-30,72050,2019-03-31,2,,,,,,,,,,,,,,,,,,,,,,,,,,,,,29.00,,,,574580850,601517,,false,false,12,2018-04-01,2019-03-31,-1
2019-10-30,72050,2020-03-31,2,,,,,,,,,,,,,,,,,,,,,,,,,,,,,13.00,,,,,,,false,false,12,2019-04-01,2020-03-31,0
2019-10-30,72050,2020-03-31,2,,,,,,,,,,,,,,,,,,,,,,,,,,,,,,,,,574580850,551088,574004587,false,false,6,2019-04-01,2019-09-30,0
2019-10-30,72050,2019-03-31,2,,,,,,,,,,,,,,,,,,,,,,,,,,,,,,,,,,,573954181,false,false,6,2018-04-01,2018-09-30,-1
,72050,2020-03-31,,,,,,,,,,,,,,,,,,,,,,,,,,,,,,30.00,,,,,,,false,true,12,2019-04-01,2020-03-31,0
,72050,2020-03-31,,,,,,,,,,,,,,,,,,,,,,,,,,,,,,13.00,,,,,,,false,false,12,2019-04-01,2020-03-31,0
,72050,2019-03-31,,,,,,,,,,,,,,,,,,,,,,,,,,,,,,29.00,,,,,,,false,false,12,2018-04-01,2019-03-31,-1
2020-01-29,72050,2020-03-31,3,1374306000000,-0.058,,,,,48241000000,-0.236,44966000000,-0.276,,29937000000,,52.15,,,,,,1286110000000,618032000000,0.440,,566483000000,,,,,,,,,,,,true,false,9,2019-04-01,2019-12-31,0
2020-01-29,72050,2019-03-31,3,1459687000000,0.099,,,,,63106000000,0.028,62118000000,-0.020,,37892000000,,66.02,66.02,,,,,,,,,,,,,,,,,,,,,true,false,9,2018-04-01,2018-12-31,-1
2020-01-29,72050,2020-03-31,3,1900000000000,-0.041,,,,,68000000000,-0.216,61000000000,-0.273,,40000000000,,69.68,,,,,,,,,,,,,,,,,,,,,,true,true,12,2019-04-01,2020-03-31,0
2020-01-29,72050,2019-03-31,3,,,,,,,,,,,,,,,,,,,,1345821000000,596459000000,0.403,,542649000000,,,,,,,,,,,,true,false,12,2018-04-01,2019-03-31,-1
2020-01-29,72050,2019-03-31,3,,,,,,,,,,,,,,,,,,,,,,,,,,,,,29.00,,,,574580850,601517,,false,false,12,2018-04-01,2019-03-31,-1
2020-01-29,72050,2020-03-31,3,,,,,,,,,,,,,,,,,,,,,,,,,,,,,13.00,,,,,,,false,false,12,2019-04-01,2020-03-31,0
2020-01-29,72050,2020-03-31,3,,,,,,,,,,,,,,,,,,,,,,,,,,,,,,,,,574580850,551251,574012977,false,false,9,2019-04-01,2019-12-31,0
2020-01-29,72050,2019-03-31,3,,,,,,,,,,,,,,,,,,,,,,,,,,,,,,,,,,,573962708,false,false,9,2018-04-01,2018-12-31,-1
2020-05-11,72050,2020-03-31,,1815597000000,-0.084,,,,,54859000000,-0.367,49596000000,-0.409,,31467000000,,54.82,,0.058,0.038,0.030,,1275080000000,592680000000,0.425,944.53,542189000000,95176000000,-67006000000,-28243000000,39793000000,,0.365,,,,,,true,false,12,2019-04-01,2020-03-31,0
2020-05-11,72050,2019-03-31,,1981331000000,0.078,,,,,86717000000,0.079,83903000000,0.043,,54908000000,,95.66,95.66,0.105,0.064,0.044,,1345821000000,596459000000,0.403,945.42,542649000000,48653000000,-72284000000,20902000000,40681000000,,0.303,,,,,,true,false,12,2018-04-01,2019-03-31,-1
2020-05-11,72050,2020-03-31,,1275574000000,-0.091,,,,,18093000000,-0.521,32504000000,-0.352,27871000000,,-0.281,48.54,,,,,,813852000000,412393000000,0.507,718.26,412393000000,,,,,20.00,,,,574580850,551510,574017067,false,false,12,2019-04-01,2020-03-31,0
2020-05-11,72050,2019-03-31,,1403468000000,0.055,,,,,37793000000,0.153,50127000000,0.177,38788000000,,0.100,67.56,67.56,,,,,849538000000,405139000000,0.477,705.69,405139000000,,,,,29.00,,,,574580850,601517,573966830,false,false,12,2018-04-01,2019-03-31,-1
2020-07-29,72050,2021-03-31,1,300393000000,-0.327,,,,,-10605000000,,-11775000000,,,-8080000000,,-14.08,,,,,,1240495000000,589106000000,0.437,,541748000000,,,,,,,,,,,,true,false,3,2020-04-01,2020-06-30,0
2020-07-29,72050,2020-03-31,1,446156000000,-0.045,,,,,13604000000,-0.287,11543000000,-0.407,,6573000000,,11.45,,,,,,,,,,,,,,,,,,,,,,true,false,3,2019-04-01,2019-06-30,-1
2020-07-29,72050,2021-03-31,1,1410000000000,-0.223,,,,,2000000000,-0.964,,,,,,,,,,,,,,,,,,,,,,,,,,,,true,true,12,2020-04-01,2021-03-31,0
2020-07-29,72050,2020-03-31,1,,,,,,,,,,,,,,,,,,,,1275080000000,592680000000,0.425,,542189000000,,,,,,,,,,,,true,false,12,2019-04-01,2020-03-31,-1
2020-07-29,72050,2020-03-31,1,,,,,,,,,,,,,,,,,,,,,,,,,,,,,20.00,,,,574580850,551510,,false,false,12,2019-04-01,2020-03-31,-1
2020-07-29,72050,2021-03-31,1,,,,,,,,,,,,,,,,,,,,,,,,,,,,,,,,,574580850,551680,574029284,false,false,3,2020-04-01,2020-06-30,0
2020-07-29,72050,2020-03-31,1,,,,,,,,,,,,,,,,,,,,,,,,,,,,,,,,,,,573979092,false,false,3,2019-04-01,2019-06-30,-1
2020-10-29,72050,2021-03-31,2,666279000000,-0.296,,,,,-11671000000,,-12819000000,,,-9624000000,,-16.77,,,,,,1225254000000,587230000000,0.441,,539852000000,,,,,,,,,,,,true,false,6,2020-04-01,2020-09-30,0
2020-10-29,72050,2020-03-31,2,946069000000,-0.012,,,,,32789000000,-0.141,30041000000,-0.208,,18567000000,,32.35,,,,,,,,,,,,,,,,,,,,,,true,false,6,2019-04-01,2019-09-30,-1
2020-10-29,72050,2021-03-31,2,1430000000000,0.212,,,,,3000000000,-0.945,-2000000000,,,-3000000000,,-5.23,,,,,,,,,,,,,,,,,,,,,,true,true,12,2020-04-01,2021-03-31,0
2020-10-29,72050,2020-03-31,2,,,,,,,,,,,,,,,,,,,,1275080000000,592680000000,0.425,,542189000000,,,,,,,,,,,,true,false,12,2019-04-01,2020-03-31,-1
2020-10-29,72050,2020-03-31,2,,,,,,,,,,,,,,,,,,,,,,,,,,,,,20.00,,,,574580850,551510,,false,false,12,2019-04-01,2020-03-31,-1
2020-10-29,72050,2021-03-31,2,,,,,,,,,,,,,,,,,,,,,,,,,,,,,5.00,,,,,,,false,false,12,2020-04-01,2021-03-31,0
2020-10-29,72050,2021-03-31,2,,,,,,,,,,,,,,,,,,,,,,,,,,,,,10.00,,,,,,,false,true,12,2020-04-01,2021-03-31,0
2020-10-29,72050,2021-03-31,2,,,,,,,,,,,,,,,,,,,,,,,,,,,,,,,,,574580850,551867,574029141,false,false,6,2020-04-01,2020-09-30,0
2020-10-29,72050,2020-03-31,2,,,,,,,,,,,,,,,,,,,,,,,,,,,,,,,,,,,574004587,false,false,6,2019-04-01,2019-09-30,-1
2020-10-29,72050,2021-03-31,2,666279000000,-0.296,,,,,-11671000000,,-12819000000,,,-9624000000,,-16.77,,,,,,1225254000000,587230000000,0.441,,539852000000,,,,,,,,,,,,true,false,6,2020-04-01,2020-09-30,0
2020-10-29,72050,2020-03-31,2,946069000000,-0.012,,,,,32789000000,-0.141,30041000000,-0.208,,18567000000,,32.35,,,,,,,,,,,,,,,,,,,,,,true,false,6,2019-04-01,2019-09-30,-1
2020-10-29,72050,2021-03-31,2,1430000000000,-0.212,,,,,3000000000,-0.945,-2000000000,,,-3000000000,,-5.23,,,,,,,,,,,,,,,,,,,,,,true,true,12,2020-04-01,2021-03-31,0
2020-10-29,72050,2020-03-31,2,,,,,,,,,,,,,,,,,,,,1275080000000,592680000000,0.425,,542189000000,,,,,,,,,,,,true,false,12,2019-04-01,2020-03-31,-1
2020-10-29,72050,2020-03-31,2,,,,,,,,,,,,,,,,,,,,,,,,,,,,,20.00,,,,574580850,551510,,false,false,12,2019-04-01,2020-03-31,-1
2020-10-29,72050,2021-03-31,2,,,,,,,,,,,,,,,,,,,,,,,,,,,,,5.00,,,,,,,false,false,12,2020-04-01,2021-03-31,0
2020-10-29,72050,2021-03-31,2,,,,,,,,,,,,,,,,,,,,,,,,,,,,,10.00,,,,,,,false,true,12,2020-04-01,2021-03-31,0
2020-10-29,72050,2021-03-31,2,,,,,,,,,,,,,,,,,,,,,,,,,,,,,,,,,574580850,551867,574029141,false,false,6,2020-04-01,2020-09-30,0
2020-10-29,72050,2020-03-31,2,,,,,,,,,,,,,,,,,,,,,,,,,,,,,,,,,,,574004587,false,false,6,2019-04-01,2019-09-30,-1
2021-01-27,72050,2021-03-31,3,1074463000000,-0.218,,,,,-996000000,,-1672000000,,,-2162000000,,-3.77,,,,,,1219240000000,596083000000,0.449,,547806000000,,,,,,,,,,,,true,false,9,2020-04-01,2020-12-31,0
2021-01-27,72050,2020-03-31,3,1374306000000,-0.058,,,,,48241000000,-0.236,44966000000,-0.276,,29937000000,,52.15,,,,,,,,,,,,,,,,,,,,,,true,false,9,2019-04-01,2019-12-31,-1
2021-01-27,72050,2021-03-31,3,1430000000000,-0.212,,,,,3000000000,-0.945,-2000000000,,,-12000000000,,-20.90,,,,,,,,,,,,,,,,,,,,,,true,true,12,2020-04-01,2021-03-31,0
2021-01-27,72050,2020-03-31,3,,,,,,,,,,,,,,,,,,,,1275080000000,592680000000,0.425,,542189000000,,,,,,,,,,,,true,false,12,2019-04-01,2020-03-31,-1
2021-01-27,72050,2020-03-31,3,,,,,,,,,,,,,,,,,,,,,,,,,,,,,20.00,,,,574580850,551510,,false,false,12,2019-04-01,2020-03-31,-1
2021-01-27,72050,2021-03-31,3,,,,,,,,,,,,,,,,,,,,,,,,,,,,,5.00,,,,,,,false,false,12,2020-04-01,2021-03-31,0
2021-01-27,72050,2021-03-31,3,,,,,,,,,,,,,,,,,,,,,,,,,,,,,10.00,,,,,,,false,true,12,2020-04-01,2021-03-31,0
2021-01-27,72050,2021-03-31,3,,,,,,,,,,,,,,,,,,,,,,,,,,,,,,,,,574580850,552310,574029038,false,false,9,2020-04-01,2020-12-31,0
2021-01-27,72050,2020-03-31,3,,,,,,,,,,,,,,,,,,,,,,,,,,,,,,,,,,,574012977,false,false,9,2019-04-01,2019-12-31,-1
2021-04-27,72050,2021-03-31,,1498442000000,-0.175,,,,,12250000000,-0.777,12261000000,-0.753,,-7489000000,,-13.05,,-0.014,0.010,0.008,,1231495000000,604872000000,0.450,965.54,554245000000,108429000000,-56211000000,-38408000000,54651000000,,,,,,,,true,false,12,2020-04-01,2021-03-31,0
2021-04-27,72050,2020-03-31,,1815597000000,-0.084,,,,,54859000000,-0.367,49596000000,-0.409,,31467000000,,54.82,,0.058,0.038,0.030,,1275080000000,592680000000,0.425,944.53,542189000000,95176000000,-67006000000,-28243000000,39793000000,,0.365,,,,,,true,false,12,2019-04-01,2020-03-31,-1
2021-04-27,72050,2022-03-31,,1330000000000,,,,,,47000000000,,42000000000,,,11000000000,,19.16,,,,,,,,,,,,,,,,0.731,,,,,,true,true,12,2021-04-01,2022-03-31,1
2021-04-27,72050,2021-03-31,,1013243000000,-0.206,,,,,-8751000000,,13937000000,-0.571,2827000000,,-0.899,4.93,,,,,,809768000000,421436000000,0.520,734.01,421436000000,,,,,12.00,,,,574580850,552655,574028861,false,false,12,2020-04-01,2021-03-31,0
2021-04-27,72050,2020-03-31,,1275574000000,-0.091,,,,,18093000000,-0.521,32504000000,-0.352,27871000000,,-0.281,48.54,,,,,,813852000000,412393000000,0.507,718.26,412393000000,,,,,20.00,,,,574580850,551510,574017067,false,false,12,2019-04-01,2020-03-31,-1
2021-04-27,72050,2022-03-31,,,,,,,,,,,,,,,,,,,,,,,,,,,,,,14.00,,,,,,,false,true,12,2021-04-01,2022-03-31,1
2021-07-29,72050,2022-03-31,1,343547000000,,,,,,16173000000,,15710000000,,,6341000000,,11.05,,,,,,1215682000000,605603000000,0.456,,554344000000,,,,,,,,,,,,true,false,3,2021-04-01,2021-06-30,0
2021-07-29,72050,2021-03-31,1,300393000000,-0.327,,,,,-10605000000,,-11775000000,,,-8080000000,,-14.08,,,,,,,,,,,,,,,,,,,,,,true,false,3,2020-04-01,2020-06-30,-1
2021-07-29,72050,2022-03-31,1,1330000000000,,,,,,47000000000,,42000000000,,,11000000000,,19.16,,,,,,,,,,,,,,,,,,,,,,true,true,12,2021-04-01,2022-03-31,0
2021-07-29,72050,2021-03-31,1,,,,,,,,,,,,,,,,,,,,1231495000000,604872000000,0.450,,554245000000,,,,,,,,,,,,true,false,12,2020-04-01,2021-03-31,-1
2021-07-29,72050,2021-03-31,1,,,,,,,,,,,,,,,,,,,,,,,,,,,,,12.00,,,,574580850,552655,,false,false,12,2020-04-01,2021-03-31,-1
2021-07-29,72050,2022-03-31,1,,,,,,,,,,,,,,,,,,,,,,,,,,,,,14.00,,,,,,,false,true,12,2021-04-01,2022-03-31,0
2021-07-29,72050,2022-03-31,1,,,,,,,,,,,,,,,,,,,,,,,,,,,,,,,,,574580850,553033,574027943,false,false,3,2021-04-01,2021-06-30,0
2021-07-29,72050,2021-03-31,1,,,,,,,,,,,,,,,,,,,,,,,,,,,,,,,,,,,574029284,false,false,3,2020-04-01,2020-06-30,-1
2021-10-28,72050,2022-03-31,2,689385000000,,,,,,31812000000,,32235000000,,,11756000000,,20.48,,,,,,1221888000000,608099000000,0.455,,556428000000,,,,,,,,,,,,true,false,6,2021-04-01,2021-09-30,0
2021-10-28,72050,2021-03-31,2,666279000000,-0.296,,,,,-11671000000,,-12819000000,,,-9624000000,,-16.77,,,,,,,,,,,,,,,,,,,,,,true,false,6,2020-04-01,2020-09-30,-1
2021-10-28,72050,2022-03-31,2,1460000000000,,,,,,54000000000,,51000000000,,,15000000000,,26.13,,,,,,,,,,,,,,,,,,,,,,true,true,12,2021-04-01,2022-03-31,0
2021-10-28,72050,2021-03-31,2,,,,,,,,,,,,,,,,,,,,1231495000000,604872000000,0.450,,554245000000,,,,,,,,,,,,true,false,12,2020-04-01,2021-03-31,-1
2021-10-28,72050,2021-03-31,2,,,,,,,,,,,,,,,,,,,,,,,,,,,,,12.00,,,,574580850,552655,,false,false,12,2020-04-01,2021-03-31,-1
2021-10-28,72050,2022-03-31,2,,,,,,,,,,,,,,,,,,,,,,,,,,,,,10.00,,,,,,,false,false,12,2021-04-01,2022-03-31,0
2021-10-28,72050,2022-03-31,2,,,,,,,,,,,,,,,,,,,,,,,,,,,,,17.00,,,,,,,false,true,12,2021-04-01,2022-03-31,0
2021-10-28,72050,2022-03-31,2,,,,,,,,,,,,,,,,,,,,,,,,,,,,,,,,,574580850,553353,574027797,false,false,6,2021-04-01,2021-09-30,0
2021-10-28,72050,2021-03-31,2,,,,,,,,,,,,,,,,,,,,,,,,,,,,,,,,,,,574029141,false,false,6,2020-04-01,2020-09-30,-1
2022-01-31,72050,2022-03-31,3,1069427000000,,,,,,49834000000,,52333000000,,,18836000000,,32.81,,,,,,1275153000000,613379000000,0.439,,559633000000,,,,,,,,,,,,true,false,9,2021-04-01,2021-12-31,0
2022-01-31,72050,2021-03-31,3,1074463000000,-0.218,,,,,-996000000,,-1672000000,,,-2162000000,,-3.77,,,,,,,,,,,,,,,,,,,,,,true,false,9,2020-04-01,2020-12-31,-1
2022-01-31,72050,2022-03-31,3,1460000000000,,,,,,54000000000,,51000000000,,,15000000000,,26.13,,,,,,,,,,,,,,,,,,,,,,true,true,12,2021-04-01,2022-03-31,0
2022-01-31,72050,2021-03-31,3,,,,,,,,,,,,,,,,,,,,1231495000000,604872000000,0.450,,554245000000,,,,,,,,,,,,true,false,12,2020-04-01,2021-03-31,-1
2022-01-31,72050,2021-03-31,3,,,,,,,,,,,,,,,,,,,,,,,,,,,,,12.00,,,,574580850,552655,,false,false,12,2020-04-01,2021-03-31,-1
2022-01-31,72050,2022-03-31,3,,,,,,,,,,,,,,,,,,,,,,,,,,,,,10.00,,,,,,,false,false,12,2021-04-01,2022-03-31,0
2022-01-31,72050,2022-03-31,3,,,,,,,,,,,,,,,,,,,,,,,,,,,,,17.00,,,,,,,false,true,12,2021-04-01,2022-03-31,0
2022-01-31,72050,2022-03-31,3,,,,,,,,,,,,,,,,,,,,,,,,,,,,,,,,,574580850,553477,574027677,false,false,9,2021-04-01,2021-12-31,0
2022-01-31,72050,2021-03-31,3,,,,,,,,,,,,,,,,,,,,,,,,,,,,,,,,,,,574029038,false,false,9,2020-04-01,2020-12-31,-1
2022-03-29,72050,2022-03-31,,1420000000000,-0.027,,,,,32000000000,-0.407,34000000000,-0.333,-54000000000,,,-94.07,,,,,,,,,,,,,,,,,,,,,,false,true,12,2021-04-01,2022-03-31,0
2022-03-29,72050,2021-03-31,,1498442000000,,,,,,12250000000,,12261000000,,-7489000000,,,-13.05,,,,,,,,,,,,,,,,,,,,,,false,false,12,2020-04-01,2021-03-31,-1
2022-04-27,72050,2022-03-31,,1459706000000,,,,,,33810000000,,37986000000,,,-84732000000,,-147.61,,-0.167,0.031,0.023,,1258350000000,516007000000,0.364,798.17,458169000000,106711000000,-62181000000,-39147000000,62662000000,,,,,,,,true,false,12,2021-04-01,2022-03-31,0
2022-04-27,72050,2021-03-31,,1498442000000,-0.175,,,,,12250000000,-0.777,12261000000,-0.753,,-7489000000,,-13.05,,-0.014,0.010,0.008,,1231495000000,604872000000,0.450,965.54,554245000000,108429000000,-56211000000,-38408000000,54651000000,,,,,,,,true,false,12,2020-04-01,2021-03-31,-1
2022-04-27,72050,2022-03-31,,863642000000,,,,,,-3003000000,,11611000000,,-88599000000,,,-154.31,,,,,,780850000000,309968000000,0.397,539.87,309968000000,,,,,10.00,,,,574580850,553582,574027580,false,false,12,2021-04-01,2022-03-31,0
2022-04-27,72050,2021-03-31,,1013243000000,-0.206,,,,,-8751000000,,13937000000,-0.571,2827000000,,-0.899,4.93,,,,,,809768000000,421436000000,0.520,734.01,421436000000,,,,,12.00,,,,574580850,552655,574028861,false,false,12,2020-04-01,2021-03-31,-1
2022-07-28,72050,2023-03-31,1,355856000000,0.036,,,,,4316000000,-0.733,7469000000,-0.525,,723000000,,1.26,,,,,,1297665000000,526490000000,0.360,,467663000000,,,,,,,,,,,,true,false,3,2022-04-01,2022-06-30,0
2022-07-28,72050,2022-03-31,1,343547000000,,,,,,16173000000,,15710000000,,,6341000000,,11.05,,,,,,,,,,,,,,,,,,,,,,true,false,3,2021-04-01,2021-06-30,-1
2022-07-28,72050,2022-03-31,1,,,,,,,,,,,,,,,,,,,,1258350000000,516007000000,0.364,,458169000000,,,,,,,,,,,,true,false,12,2021-04-01,2022-03-31,-1
2022-07-28,72050,2022-03-31,1,,,,,,,,,,,,,,,,,,,,,,,,,,,,,10.00,,,,574580850,553582,,false,false,12,2021-04-01,2022-03-31,-1
2022-07-28,72050,2023-03-31,1,,,,,,,,,,,,,,,,,,,,,,,,,,,,,,,,,574580850,553582,574027268,false,false,3,2022-04-01,2022-06-30,0
2022-07-28,72050,2022-03-31,1,,,,,,,,,,,,,,,,,,,,,,,,,,,,,,,,,,,574027943,false,false,3,2021-04-01,2021-06-30,-1
2022-10-27,72050,2023-03-31,2,733359000000,0.064,,,,,16615000000,-0.478,20548000000,-0.363,,3478000000,,6.06,,,,,,1315030000000,537956000000,0.361,,474330000000,,,,,,,,,,,,true,false,6,2022-04-01,2022-09-30,0
2022-10-27,72050,2022-03-31,2,689385000000,,,,,,31812000000,,32235000000,,,11756000000,,20.48,,,,,,,,,,,,,,,,,,,,,,true,false,6,2021-04-01,2021-09-30,-1
2022-10-27,72050,2023-03-31,2,1530000000000,0.048,,,,,6000000000,-0.823,,,,,,,,,,,,,,,,,,,,,,,,,,,,true,true,12,2022-04-01,2023-03-31,0
2022-10-27,72050,2022-03-31,2,,,,,,,,,,,,,,,,,,,,1258350000000,516007000000,0.364,,458169000000,,,,,,,,,,,,true,false,12,2021-04-01,2022-03-31,-1
2022-10-27,72050,2022-03-31,2,,,,,,,,,,,,,,,,,,,,,,,,,,,,,10.00,,,,574580850,553582,,false,false,12,2021-04-01,2022-03-31,-1
2022-10-27,72050,2023-03-31,2,,,,,,,,,,,,,,,,,,,,,,,,,,,,,0.00,,,,,,,false,false,12,2022-04-01,2023-03-31,0
2022-10-27,72050,2023-03-31,2,,,,,,,,,,,,,,,,,,,,,,,,,,,,,,,,,574580850,553652,574027239,false,false,6,2022-04-01,2022-09-30,0
2022-10-27,72050,2022-03-31,2,,,,,,,,,,,,,,,,,,,,,,,,,,,,,,,,,,,574027797,false,false,6,2021-04-01,2021-09-30,-1
2023-02-02,72050,2023-03-31,3,1110377000000,0.038,,,,,25635000000,-0.486,25093000000,-0.521,,-23721000000,,-41.32,,,,,,1326989000000,507984000000,0.334,,443737000000,,,,,,,,,,,,true,false,9,2022-04-01,2022-12-31,0
2023-02-02,72050,2022-03-31,3,1069427000000,,,,,,49834000000,,52333000000,,,18836000000,,32.81,,,,,,,,,,,,,,,,,,,,,,true,false,9,2021-04-01,2021-12-31,-1
2023-02-02,72050,2023-03-31,3,1500000000000,0.028,,,,,12000000000,-0.645,9000000000,-0.763,,-55000000000,,-95.81,,,,,,,,,,,,,,,,,,,,,,true,true,12,2022-04-01,2023-03-31,0
2023-02-02,72050,2022-03-31,3,,,,,,,,,,,,,,,,,,,,1258350000000,516007000000,0.364,,458169000000,,,,,,,,,,,,true,false,12,2021-04-01,2022-03-31,-1
2023-02-02,72050,2022-03-31,3,,,,,,,,,,,,,,,,,,,,,,,,,,,,,10.00,,,,574580850,553582,,false,false,12,2021-04-01,2022-03-31,-1
2023-02-02,72050,2023-03-31,3,,,,,,,,,,,,,,,,,,,,,,,,,,,,,0.00,,,,,,,false,false,12,2022-04-01,2023-03-31,0
2023-02-02,72050,2023-03-31,3,,,,,,,,,,,,,,,,,,,,,,,,,,,,,0.00,,,,,,,false,true,12,2022-04-01,2023-03-31,0
2023-02-02,72050,2023-03-31,3,,,,,,,,,,,,,,,,,,,,,,,,,,,,,,,,,574580850,553848,574027167,false,false,9,2022-04-01,2022-12-31,0
2023-02-02,72050,2022-03-31,3,,,,,,,,,,,,,,,,,,,,,,,,,,,,,,,,,,,574027677,false,false,9,2021-04-01,2021-12-31,-1
2023-03-29,72050,2023-03-31,,1520000000000,0.013,,,,,15000000000,0.250,11000000000,0.222,-128000000000,,,-222.99,,,,,,,,,,,,,,,,,,,,,,false,true,12,2022-04-01,2023-03-31,0
2023-03-29,72050,2022-03-31,,1459706000000,,,,,,33810000000,,37986000000,,-84732000000,,,-147.61,,,,,,,,,,,,,,,,,,,,,,false,false,12,2021-04-01,2022-03-31,-1
2023-04-26,72050,2023-03-31,,1507336000000,0.033,,,,,17406000000,-0.485,15787000000,-0.584,,-117664000000,,-204.98,,-0.285,0.012,0.012,,1361735000000,433409000000,0.270,640.94,367914000000,-40799000000,-60257000000,114208000000,75683000000,,,,,,,,true,false,12,2022-04-01,2023-03-31,0
2023-04-26,72050,2022-03-31,,1459706000000,,,,,,33810000000,,37986000000,,,-84732000000,,-147.61,,-0.167,0.031,0.023,,1258350000000,516007000000,0.364,798.17,458169000000,106711000000,-62181000000,-39147000000,62662000000,,,,,,,,true,false,12,2021-04-01,2022-03-31,-1
2023-04-26,72050,2024-03-31,,1700000000000,0.128,,,,,20000000000,0.149,15000000000,-0.050,,10000000000,,17.42,,,,,,,,,,,,,,,,,,,,,,true,true,12,2023-04-01,2024-03-31,1
2023-04-26,72050,2023-03-31,,832061000000,-0.037,,,,,-15761000000,,-25743000000,,-119189000000,,,-207.59,,,,,,832468000000,195566000000,0.235,340.62,195566000000,,,,,0.00,,,,574580850,554114,574027093,false,false,12,2022-04-01,2023-03-31,0
2023-04-26,72050,2022-03-31,,863642000000,,,,,,-3003000000,,11611000000,,-88599000000,,,-154.31,,,,,,780850000000,309968000000,0.397,539.87,309968000000,,,,,10.00,,,,574580850,553582,574027580,false,false,12,2021-04-01,2022-03-31,-1
2023-07-27,72050,2024-03-31,1,371914000000,0.045,,,,,1134000000,-0.737,2858000000,-0.617,,-16524000000,,-28.79,,,,,,1380741000000,434087000000,0.268,,369676000000,,,,,,,,,,,,true,false,3,2023-04-01,2023-06-30,0
2023-07-27,72050,2023-03-31,1,355856000000,0.036,,,,,4316000000,-0.733,7469000000,-0.525,,723000000,,1.26,,,,,,,,,,,,,,,,,,,,,,true,false,3,2022-04-01,2022-06-30,-1
2023-07-27,72050,2024-03-31,1,1700000000000,0.128,,,,,20000000000,0.149,15000000000,-0.050,,10000000000,,17.42,,,,,,,,,,,,,,,,,,,,,,true,true,12,2023-04-01,2024-03-31,0
2023-07-27,72050,2023-03-31,1,,,,,,,,,,,,,,,,,,,,1361735000000,433409000000,0.270,,367914000000,,,,,,,,,,,,true,false,12,2022-04-01,2023-03-31,-1
2023-07-27,72050,2023-03-31,1,,,,,,,,,,,,,,,,,,,,,,,,,,,,,0.00,,,,574580850,554114,,false,false,12,2022-04-01,2023-03-31,-1
2023-07-27,72050,2024-03-31,1,,,,,,,,,,,,,,,,,,,,,,,,,,,,,,,,,574580850,554136,574026728,false,false,3,2023-04-01,2023-06-30,0
2023-07-27,72050,2023-03-31,1,,,,,,,,,,,,,,,,,,,,,,,,,,,,,,,,,,,574027268,false,false,3,2022-04-01,2022-06-30,-1
2023-10-27,72050,2024-03-31,2,755388000000,0.030,,,,,6766000000,-0.593,6291000000,-0.694,,76000000,,0.13,,,,,,1422900000000,445619000000,0.266,,377982000000,,,,,,,,,,,,true,false,6,2023-04-01,2023-09-30,0
2023-10-27,72050,2023-03-31,2,733359000000,0.064,,,,,16615000000,-0.478,20548000000,-0.363,,3478000000,,6.06,,,,,,,,,,,,,,,,,,,,,,true,false,6,2022-04-01,2022-09-30,-1
2023-10-27,72050,2024-03-31,2,1500000000000,-0.005,,,,,1000000000,-0.943,-4000000000,,,-22000000000,,-38.33,,,,,,,,,,,,,,,,,,,,,,true,true,12,2023-04-01,2024-03-31,0
2023-10-27,72050,2023-03-31,2,,,,,,,,,,,,,,,,,,,,1361735000000,433409000000,0.270,,367914000000,,,,,,,,,,,,true,false,12,2022-04-01,2023-03-31,-1
2023-10-27,72050,2023-03-31,2,,,,,,,,,,,,,,,,,,,,,,,,,,,,,0.00,,,,574580850,554114,,false,false,12,2022-04-01,2023-03-31,-1
2023-10-27,72050,2024-03-31,2,,,,,,,,,,,,,,,,,,,,,,,,,,,,,0.00,,,,,,,false,false,12,2023-04-01,2024-03-31,0
2023-10-27,72050,2024-03-31,2,,,,,,,,,,,,,,,,,,,,,,,,,,,,,,,,,574580850,554483,574026599,false,false,6,2023-04-01,2023-09-30,0
2023-10-27,72050,2023-03-31,2,,,,,,,,,,,,,,,,,,,,,,,,,,,,,,,,,,,574027239,false,false,6,2022-04-01,2022-09-30,-1
2024-02-01,72050,2024-03-31,3,1141512000000,0.028,,,,,4668000000,-0.818,4063000000,-0.838,,-10267000000,,-17.89,,,,,,1404689000000,437494000000,0.262,,368192000000,,,,,,,,,,,,true,false,9,2023-04-01,2023-12-31,0
2024-02-01,72050,2023-03-31,3,1110377000000,0.038,,,,,25635000000,-0.486,25093000000,-0.521,,-23721000000,,-41.32,,,,,,,,,,,,,,,,,,,,,,true,false,9,2022-04-01,2022-12-31,-1
2024-02-01,72050,2024-03-31,3,1500000000000,-0.005,,,,,1000000000,-0.943,-4000000000,,,-22000000000,,-38.33,,,,,,,,,,,,,,,,,,,,,,true,true,12,2023-04-01,2024-03-31,0
2024-02-01,72050,2023-03-31,3,,,,,,,,,,,,,,,,,,,,1361735000000,433409000000,0.270,,367914000000,,,,,,,,,,,,true,false,12,2022-04-01,2023-03-31,-1
2024-02-01,72050,2023-03-31,3,,,,,,,,,,,,,,,,,,,,,,,,,,,,,0.00,,,,574580850,554114,,false,false,12,2022-04-01,2023-03-31,-1
2024-02-01,72050,2024-03-31,3,,,,,,,,,,,,,,,,,,,,,,,,,,,,,0.00,,,,,,,false,false,12,2023-04-01,2024-03-31,0
2024-02-01,72050,2024-03-31,3,,,,,,,,,,,,,,,,,,,,,,,,,,,,,,,,,574580850,554767,574026457,false,false,9,2023-04-01,2023-12-31,0
2024-02-01,72050,2023-03-31,3,,,,,,,,,,,,,,,,,,,,,,,,,,,,,,,,,,,574027167,false,false,9,2022-04-01,2022-12-31,-1
2024-04-25,72050,2024-03-31,,1516255000000,0.006,,,,,-8103000000,,-9233000000,,,17087000000,,29.77,,0.045,-0.007,-0.005,,1440409000000,471085000000,0.277,696.12,399593000000,-110410000000,39244000000,55638000000,67733000000,,,,,,,,true,false,12,2023-04-01,2024-03-31,0
2024-04-25,72050,2023-03-31,,1507336000000,0.033,,,,,17406000000,-0.485,15787000000,-0.584,,-117664000000,,-204.98,,-0.285,0.012,0.012,,1361735000000,433409000000,0.270,640.94,367914000000,-40799000000,-60257000000,114208000000,75683000000,,,,,,,,true,false,12,2022-04-01,2023-03-31,-1
2024-04-25,72050,2025-03-31,,1600000000000,0.055,,,,,20000000000,,10000000000,,,,,,,,,,,,,,,,,,,,,,,,,,,true,true,12,2024-04-01,2025-03-31,1
2024-04-25,72050,2024-03-31,,827969000000,-0.005,,,,,-31736000000,,-56894000000,,-948000000,,,-1.65,,,,,,852112000000,187641000000,0.220,326.81,187641000000,,,,,0.00,,,,574580850,554874,574026355,false,false,12,2023-04-01,2024-03-31,0
2024-04-25,72050,2023-03-31,,832061000000,-0.037,,,,,-15761000000,,-25743000000,,-119189000000,,,-207.59,,,,,,832468000000,195566000000,0.235,340.62,195566000000,,,,,0.00,,,,574580850,554114,574027093,false,false,12,2022-04-01,2023-03-31,-1
2024-04-25,72050,2024-03-31,,1516255000000,0.006,,,,,-8103000000,,-9233000000,,,17087000000,,29.77,,0.045,-0.007,-0.005,,1464375000000,463420000000,0.268,682.98,392049000000,-110410000000,39244000000,55638000000,67733000000,,,,,,,,true,false,12,2023-04-01,2024-03-31,0
2024-04-25,72050,2023-03-31,,1507336000000,0.033,,,,,17406000000,-0.485,15787000000,-0.584,,-117664000000,,-204.98,,-0.285,0.012,0.012,,1361735000000,433409000000,0.270,640.94,367914000000,-40799000000,-60257000000,114208000000,75683000000,,,,,,,,true,false,12,2022-04-01,2023-03-31,-1
2024-04-25,72050,2025-03-31,,1600000000000,0.055,,,,,20000000000,,10000000000,,,,,,,,,,,,,,,,,,,,,,,,,,,true,true,12,2024-04-01,2025-03-31,1
2024-04-25,72050,2024-03-31,,827969000000,-0.005,,,,,-31736000000,,-56894000000,,-948000000,,,-1.65,,,,,,854505000000,187641000000,0.220,326.81,187641000000,,,,,0.00,,,,574580850,554874,574026355,false,false,12,2023-04-01,2024-03-31,0
2024-04-25,72050,2023-03-31,,832061000000,-0.037,,,,,-15761000000,,-25743000000,,-119189000000,,,-207.59,,,,,,832468000000,195566000000,0.235,340.62,195566000000,,,,,0.00,,,,574580850,554114,574027093,false,false,12,2022-04-01,2023-03-31,-1
2024-07-25,7205,2025-03-31,1,411060000000,0.105,,,,,6383000000,4.624,5334000000,0.866,,-222000000,,-0.39,,,,,,1452110000000,460901000000,0.269,,390041000000,,,,,,,,,,,,true,false,3,2024-04-01,2024-06-30,0
2024-07-25,7205,2024-03-31,1,371914000000,0.045,,,,,1134000000,-0.737,2858000000,-0.617,,-16524000000,,-28.79,,,,,,,,,,,,,,,,,,,,,,true,false,3,2023-04-01,2023-06-30,-1
2024-07-25,7205,2025-03-31,1,1600000000000,0.055,,,,,20000000000,,10000000000,,,,,,,,,,,,,,,,,,,,,,,,,,,true,true,12,2024-04-01,2025-03-31,0
2024-07-25,7205,2024-03-31,1,,,,,,,,,,,,,,,,,,,,1464375000000,463420000000,0.268,,392049000000,,,,,,,,,,,,true,false,12,2023-04-01,2024-03-31,-1
2024-07-25,7205,2024-03-31,1,,,,,,,,,,,,,,,,,,,,,,,,,,,,,0.00,,,,574580850,554874,,false,false,12,2023-04-01,2024-03-31,-1
2024-07-25,7205,2025-03-31,1,,,,,,,,,,,,,,,,,,,,,,,,,,,,,,,,,574580850,555141,574025821,false,false,3,2024-04-01,2024-06-30,0
2024-07-25,7205,2024-03-31,1,,,,,,,,,,,,,,,,,,,,,,,,,,,,,,,,,,,574026728,false,false,3,2023-04-01,2023-06-30,-1
2024-08-01,7205,2025-03-31,1,411060000000,0.105,,,,,6383000000,4.624,5334000000,0.866,,-222000000,,-0.39,,,,,,1452110000000,460901000000,0.269,,390041000000,,,,,,,,,,,,true,false,3,2024-04-01,2024-06-30,0
2024-08-01,7205,2024-03-31,1,371914000000,0.045,,,,,1134000000,-0.737,2858000000,-0.617,,-16524000000,,-28.79,,,,,,,,,,,,,,,,,,,,,,true,false,3,2023-04-01,2023-06-30,-1
2024-08-01,7205,2025-03-31,1,1600000000000,0.055,,,,,20000000000,,10000000000,,,,,,,,,,,,,,,,,,,,,,,,,,,true,true,12,2024-04-01,2025-03-31,0
2024-08-01,7205,2024-03-31,1,,,,,,,,,,,,,,,,,,,,1464375000000,463420000000,0.268,,392049000000,,,,,,,,,,,,true,false,12,2023-04-01,2024-03-31,-1
2024-08-01,7205,2024-03-31,1,,,,,,,,,,,,,,,,,,,,,,,,,,,,,0.00,,,,574580850,554874,,false,false,12,2023-04-01,2024-03-31,-1
2024-08-01,7205,2025-03-31,1,,,,,,,,,,,,,,,,,,,,,,,,,,,,,,,,,574580850,555141,574025821,false,false,3,2024-04-01,2024-06-30,0
2024-08-01,7205,2024-03-31,1,,,,,,,,,,,,,,,,,,,,,,,,,,,,,,,,,,,574026728,false,false,3,2023-04-01,2023-06-30,-1
2024-10-29,7205,2025-03-31,2,847546000000,0.122,,,,,24096000000,2.561,19447000000,2.091,,-219598000000,,-382.56,,,,,,1411044000000,250654000000,0.129,,181383000000,,,,,,,,,,,,true,false,6,2024-04-01,2024-09-30,0
2024-10-29,7205,2024-03-31,2,755388000000,0.030,,,,,6766000000,-0.593,6291000000,-0.694,,76000000,,0.13,,,,,,,,,,,,,,,,,,,,,,true,false,6,2023-04-01,2023-09-30,-1
2024-10-29,7205,2025-03-31,2,1650000000000,0.088,,,,,30000000000,,25000000000,,,-220000000000,,-383.25,,,,,,,,,,,,,,,,,,,,,,true,true,12,2024-04-01,2025-03-31,0
2024-10-29,7205,2024-03-31,2,,,,,,,,,,,,,,,,,,,,1464375000000,463420000000,0.268,,392049000000,,,,,,,,,,,,true,false,12,2023-04-01,2024-03-31,-1
2024-10-29,7205,2024-03-31,2,,,,,,,,,,,,,,,,,,,,,,,,,,,,,0.00,,,,574580850,554874,,false,false,12,2023-04-01,2024-03-31,-1
2024-10-29,7205,2025-03-31,2,,,,,,,,,,,,,,,,,,,,,,,,,,,,,0.00,,,,,,,false,false,12,2024-04-01,2025-03-31,0
2024-10-29,7205,2025-03-31,2,,,,,,,,,,,,,,,,,,,,,,,,,,,,,0.00,,,,,,,false,true,12,2024-04-01,2025-03-31,0
2024-10-29,7205,2025-03-31,2,,,,,,,,,,,,,,,,,,,,,,,,,,,,,,,,,574580850,535959,574028810,false,false,6,2024-04-01,2024-09-30,0
2024-10-29,7205,2024-03-31,2,,,,,,,,,,,,,,,,,,,,,,,,,,,,,,,,,,,574026599,false,false,6,2023-04-01,2023-09-30,-1
2025-01-30,7205,2025-03-31,3,1280207000000,0.122,,,,,45067000000,8.653,19699000000,3.848,,-265366000000,,-462.28,,,,,,1393097000000,197691000000,0.091,,126472000000,,,,,,,,,,,,true,false,9,2024-04-01,2024-12-31,0
2025-01-30,7205,2024-03-31,3,1141512000000,0.028,,,,,4668000000,-0.818,4063000000,-0.838,,-10267000000,,-17.89,,,,,,,,,,,,,,,,,,,,,,true,false,9,2023-04-01,2023-12-31,-1
2025-01-30,7205,2025-03-31,3,1650000000000,0.088,,,,,45000000000,,17000000000,,,-265000000000,,-461.64,,,,,,,,,,,,,,,,,,,,,,true,true,12,2024-04-01,2025-03-31,0
2025-01-30,7205,2024-03-31,3,,,,,,,,,,,,,,,,,,,,1464375000000,463420000000,0.268,,392049000000,,,,,,,,,,,,true,false,12,2023-04-01,2024-03-31,-1
2025-01-30,7205,2024-03-31,3,,,,,,,,,,,,,,,,,,,,,,,,,,,,,0.00,,,,574580850,554874,,false,false,12,2023-04-01,2024-03-31,-1
2025-01-30,7205,2025-03-31,3,,,,,,,,,,,,,,,,,,,,,,,,,,,,,0.00,,,,,,,false,false,12,2024-04-01,2025-03-31,0
2025-01-30,7205,2025-03-31,3,,,,,,,,,,,,,,,,,,,,,,,,,,,,,0.00,,,,,,,false,true,12,2024-04-01,2025-03-31,0
2025-01-30,7205,2025-03-31,3,,,,,,,,,,,,,,,,,,,,,,,,,,,,,,,,,574580850,536046,574034176,false,false,9,2024-04-01,2024-12-31,0
2025-01-30,7205,2024-03-31,3,,,,,,,,,,,,,,,,,,,,,,,,,,,,,,,,,,,574026457,false,false,9,2023-04-01,2023-12-31,-1
2025-02-06,7205,2025-03-31,3,1280207000000,0.122,,,,,45067000000,8.653,19699000000,3.848,,-265366000000,,-462.28,,,,,,1393097000000,197691000000,0.091,,126472000000,,,,,,,,,,,,true,false,9,2024-04-01,2024-12-31,0
2025-02-06,7205,2024-03-31,3,1141512000000,0.028,,,,,4668000000,-0.818,4063000000,-0.838,,-10267000000,,-17.89,,,,,,,,,,,,,,,,,,,,,,true,false,9,2023-04-01,2023-12-31,-1
2025-02-06,7205,2025-03-31,3,1650000000000,0.088,,,,,45000000000,,17000000000,,,-265000000000,,-461.64,,,,,,,,,,,,,,,,,,,,,,true,true,12,2024-04-01,2025-03-31,0
2025-02-06,7205,2024-03-31,3,,,,,,,,,,,,,,,,,,,,1464375000000,463420000000,0.268,,392049000000,,,,,,,,,,,,true,false,12,2023-04-01,2024-03-31,-1
2025-02-06,7205,2024-03-31,3,,,,,,,,,,,,,,,,,,,,,,,,,,,,,0.00,,,,574580850,554874,,false,false,12,2023-04-01,2024-03-31,-1
2025-02-06,7205,2025-03-31,3,,,,,,,,,,,,,,,,,,,,,,,,,,,,,0.00,,,,,,,false,false,12,2024-04-01,2025-03-31,0
2025-02-06,7205,2025-03-31,3,,,,,,,,,,,,,,,,,,,,,,,,,,,,,0.00,,,,,,,false,true,12,2024-04-01,2025-03-31,0
2025-02-06,7205,2025-03-31,3,,,,,,,,,,,,,,,,,,,,,,,,,,,,,,,,,574580850,536046,574034176,false,false,9,2024-04-01,2024-12-31,0
2025-02-06,7205,2024-03-31,3,,,,,,,,,,,,,,,,,,,,,,,,,,,,,,,,,,,574026457,false,false,9,2023-04-01,2023-12-31,-1
2025-04-24,7205,2025-03-31,,1697229000000,0.119,,,,,57490000000,,39310000000,,,-217753000000,,-379.34,,-0.763,0.027,0.034,,1478180000000,251020000000,0.121,310.90,178468000000,1128000000,-4600000000,29738000000,88420000000,,,,,,,,true,false,12,2024-04-01,2025-03-31,0
2025-04-24,7205,2024-03-31,,1516255000000,0.006,,,,,-8103000000,,-9233000000,,,17087000000,,29.77,,0.045,-0.007,-0.005,,1464375000000,463420000000,0.268,682.98,392049000000,-110410000000,39244000000,55638000000,67733000000,,,,,,,,true,false,12,2023-04-01,2024-03-31,-1
2025-04-24,7205,2026-03-31,,1500000000000,-0.116,,,,,40000000000,-0.304,35000000000,-0.110,,20000000000,,34.84,,,,,,,,,,,,,,,,,,,,,,true,true,12,2025-04-01,2026-03-31,1
2025-04-24,7205,2025-03-31,,910689000000,0.100,,,,,6006000000,,8623000000,,-210652000000,,,-366.89,,,,,,856893000000,-36465000000,-0.043,-63.51,-36465000000,,,,,0.00,,,,574580850,536216,574036755,false,false,12,2024-04-01,2025-03-31,0
2025-04-24,7205,2024-03-31,,827969000000,-0.005,,,,,-31736000000,,-56894000000,,-948000000,,,-1.65,,,,,,854505000000,187641000000,0.220,326.81,187641000000,,,,,0.00,,,,574580850,554874,574026355,false,false,12,2023-04-01,2024-03-31,-1
