filing_date,code,fiscal_year_end,quarterly_period,net_sales,net_sales_change,revenue,revenue_change,operating_revenue,operating_revenue_change,operating_profit,operating_profit_change,ordinary_profit,ordinary_profit_change,net_income,net_income_of_parent,net_income_change,eps,diluted_eps,roe,roa,operating_profit_to_net_sales,operating_profit_to_revenue,total_assets,net_assets,equity_ratio,bps,owner_equity,operating_cash_flow,investing_cash_flow,financing_cash_flow,cash,dividend_per_share,payout_ratio,commemorative_dividend,extra_dividend,number_of_shares,number_of_treqsury_shares,avg_number_of_shares,is_consolidated,is_forecast,duration,period_start,period_end,period_pos
2015-05-11,72180,2015-03-31,,48010000000,0.062,,,,,1040000000,-0.175,840000000,-0.263,-3520000000,,,-360.62,,,,,,,,,,,,,,,,,,,,,,true,true,12,2014-04-01,2015-03-31,0
2015-05-11,72180,2014-03-31,,51648000000,,,,,,1732000000,,1549000000,,212000000,,,21.75,,,,,,,,,,,,,,,,,,,,,,true,false,12,2013-04-01,2014-03-31,-1
2015-05-11,72180,2015-03-31,,15420000000,-0.028,,,,,-200000000,,470000000,-0.466,-3740000000,,,-383.16,,,,,,,,,,,,,,,12.00,,,,,,,false,true,12,2014-04-01,2015-03-31,0
2015-05-11,72180,2014-03-31,,17598000000,,,,,,-518000000,,576000000,,435000000,,,44.65,,,,,,,,,,,,,,,16.00,,,,,,,false,false,12,2013-04-01,2014-03-31,-1
2015-05-11,72180,2015-03-31,,,,,,,,,,,,,,,,,,,,,,,,,,,,,,8.00,,,,,,,false,false,12,2014-04-01,2015-03-31,0
2015-05-13,72180,2015-03-31,,48012000000,-0.070,,,,,1042000000,-0.398,842000000,-0.456,-3522000000,,,-360.88,,-0.219,0.016,0.022,,50813000000,20922000000,0.303,1576.25,15385000000,5224000000,-5513000000,-260000000,4589000000,,-0.033,,,,,,true,false,12,2014-04-01,2015-03-31,0
2015-05-13,72180,2014-03-31,,51648000000,0.095,,,,,1732000000,-0.076,1549000000,-0.053,212000000,,,21.75,,0.013,0.031,0.034,,51486000000,21233000000,0.325,1713.28,16722000000,6597000000,-5859000000,-771000000,4724000000,,0.735,,,,,,true,false,12,2013-04-01,2014-03-31,-1
2015-05-13,72180,2016-03-31,,22100000000,-0.035,,,,,700000000,9.228,600000000,15.075,,0,,0.00,,,,,,,,,,,,,,,,,,,,,,true,true,6,2015-04-01,2015-09-30,1
2015-05-13,72180,2016-03-31,,43800000000,-0.088,,,,,2100000000,1.015,2000000000,1.374,,500000000,,51.23,,,,,,,,,,,,,,,,0.234,,,,,,true,true,12,2015-04-01,2016-03-31,1
2015-05-13,72180,2015-03-31,,15426000000,-0.151,,,,,-205000000,,479000000,-0.167,-3742000000,,,-383.38,,,,,,21918000000,7501000000,0.342,768.57,7501000000,,,,,12.00,,,,9763600,2853,9760747,false,false,12,2014-04-01,2015-03-31,0
2015-05-13,72180,2014-03-31,,18166000000,0.008,,,,,49000000,,576000000,-0.212,435000000,,-0.616,44.65,,,,,,25802000000,10849000000,0.420,1111.52,10849000000,,,,,16.00,,,,9763600,2853,9760765,false,false,12,2013-04-01,2014-03-31,-1
2015-05-13,72180,2016-03-31,,,,,,,,,,,,,,,,,,,,,,,,,,,,,,12.00,,,,,,,false,true,12,2015-04-01,2016-03-31,1
2015-07-31,72180,2016-03-31,1,11447000000,0.018,,,,,323000000,0.847,247000000,0.778,,-85000000,,-8.73,,,,,,50684000000,20969000000,0.304,1579.12,15413000000,,,,,,,,,,,,true,false,3,2015-04-01,2015-06-30,0
2015-07-31,72180,2015-03-31,1,11240000000,-0.143,,,,,175000000,-0.644,139000000,-0.688,,-212000000,,-21.80,,,,,,,,,,,,,,,,,,,,,,true,false,3,2014-04-01,2014-06-30,-1
2015-07-31,72180,2016-03-31,1,22100000000,-0.035,,,,,700000000,9.228,600000000,,,0,,0.00,,,,,,,,,,,,,,,,,,,,,,true,true,6,2015-04-01,2015-09-30,0
2015-07-31,72180,2016-03-31,1,43800000000,-0.088,,,,,2100000000,1.015,2000000000,1.374,,500000000,,51.23,,,,,,,,,,,,,,,,,,,,,,true,true,12,2015-04-01,2016-03-31,0
2015-07-31,72180,2015-03-31,1,,,,,,,,,,,,,,,,,,,,50813000000,20922000000,0.303,1576.25,15385000000,,,,,,,,,,,,true,false,12,2014-04-01,2015-03-31,-1
2015-07-31,72180,2015-03-31,1,,,,,,,,,,,,,,,,,,,,,,,,,,,,,12.00,,,,9763600,2853,,false,false,12,2014-04-01,2015-03-31,-1
2015-07-31,72180,2016-03-31,1,,,,,,,,,,,,,,,,,,,,,,,,,,,,,12.00,,,,,,,false,true,12,2015-04-01,2016-03-31,0
2015-07-31,72180,2016-03-31,1,,,,,,,,,,,,,,,,,,,,,,,,,,,,,,,,,9763600,2853,9760747,false,false,3,2015-04-01,2015-06-30,0
2015-07-31,72180,2015-03-31,1,,,,,,,,,,,,,,,,,,,,,,,,,,,,,,,,,,,9760747,false,false,3,2014-04-01,2014-06-30,-1
2015-10-28,72180,2016-03-31,,22100000000,0.000,,,,,700000000,0.000,600000000,0.000,,-80000000,,-8.19,,,,,,,,,,,,,,,,,,,,,,true,true,6,2015-04-01,2015-09-30,0
2015-10-28,72180,2015-03-31,,22897000000,,,,,,68000000,,37000000,,,-649000000,,-66.56,,,,,,,,,,,,,,,,,,,,,,true,false,6,2014-04-01,2014-09-30,-1
2015-10-30,72180,2016-03-31,2,21910000000,-0.043,,,,,699000000,9.217,573000000,,,-87000000,,-8.99,,,,,,49185000000,20242000000,0.300,1513.50,14772000000,,,,,,,,,,,,true,false,6,2015-04-01,2015-09-30,0
2015-10-30,72180,2015-03-31,2,22897000000,-0.110,,,,,68000000,-0.903,37000000,-0.938,,-649000000,,-66.56,,,,,,,,,,,,,,,,,,,,,,true,false,6,2014-04-01,2014-09-30,-1
2015-10-30,72180,2016-03-31,2,43800000000,-0.088,,,,,2100000000,1.015,2000000000,1.374,,500000000,,51.23,,,,,,,,,,,,,,,,,,,,,,true,true,12,2015-04-01,2016-03-31,0
2015-10-30,72180,2015-03-31,2,,,,,,,,,,,,,,,,,,,,50813000000,20922000000,0.303,1576.25,15385000000,,,,,,,,,,,,true,false,12,2014-04-01,2015-03-31,-1
2015-10-30,72180,2015-03-31,2,,,,,,,,,,,,,,,,,,,,,,,,,,,,,12.00,,,,9763600,2853,,false,false,12,2014-04-01,2015-03-31,-1
2015-10-30,72180,2016-03-31,2,,,,,,,,,,,,,,,,,,,,,,,,,,,,,6.00,,,,,,,false,false,12,2015-04-01,2016-03-31,0
2015-10-30,72180,2016-03-31,2,,,,,,,,,,,,,,,,,,,,,,,,,,,,,12.00,,,,,,,false,true,12,2015-04-01,2016-03-31,0
2015-10-30,72180,2016-03-31,2,,,,,,,,,,,,,,,,,,,,,,,,,,,,,,,,,9763600,2853,9760747,false,false,6,2015-04-01,2015-09-30,0
2015-10-30,72180,2015-03-31,2,,,,,,,,,,,,,,,,,,,,,,,,,,,,,,,,,,,9760747,false,false,6,2014-04-01,2014-09-30,-1
2016-01-29,72180,2016-03-31,3,31353000000,-0.121,,,,,1003000000,0.818,854000000,0.876,,1335000000,,136.80,,,,,,49715000000,21264000000,0.320,1629.36,15903000000,,,,,,,,,,,,true,false,9,2015-04-01,2015-12-31,0
2016-01-29,72180,2015-03-31,3,35653000000,-0.091,,,,,551000000,-0.588,455000000,-0.620,,-880000000,,-90.18,,,,,,,,,,,,,,,,,,,,,,true,false,9,2014-04-01,2014-12-31,-1
2016-01-29,72180,2016-03-31,3,43800000000,-0.088,,,,,2100000000,1.015,2000000000,1.374,,2000000000,,204.90,,,,,,,,,,,,,,,,,,,,,,true,true,12,2015-04-01,2016-03-31,0
2016-01-29,72180,2015-03-31,3,,,,,,,,,,,,,,,,,,,,50813000000,20922000000,0.303,1576.25,15385000000,,,,,,,,,,,,true,false,12,2014-04-01,2015-03-31,-1
2016-01-29,72180,2015-03-31,3,,,,,,,,,,,,,,,,,,,,,,,,,,,,,12.00,,,,9763600,2853,,false,false,12,2014-04-01,2015-03-31,-1
2016-01-29,72180,2016-03-31,3,,,,,,,,,,,,,,,,,,,,,,,,,,,,,6.00,,,,,,,false,false,12,2015-04-01,2016-03-31,0
2016-01-29,72180,2016-03-31,3,,,,,,,,,,,,,,,,,,,,,,,,,,,,,12.00,,,,,,,false,true,12,2015-04-01,2016-03-31,0
2016-01-29,72180,2016-03-31,3,,,,,,,,,,,,,,,,,,,,,,,,,,,,,,,,,9763600,2853,9760747,false,false,9,2015-04-01,2015-12-31,0
2016-01-29,72180,2015-03-31,3,,,,,,,,,,,,,,,,,,,,,,,,,,,,,,,,,,,9760747,false,false,9,2014-04-01,2014-12-31,-1
2016-05-11,72180,2016-03-31,,40655000000,-0.153,,,,,1672000000,0.604,1489000000,0.768,,681000000,,69.85,,0.046,0.032,0.041,,43348000000,19828000000,0.336,1493.62,14578000000,6445000000,-2282000000,-4127000000,4419000000,,0.157,,,,,,true,false,12,2015-04-01,2016-03-31,0
2016-05-11,72180,2015-03-31,,48012000000,-0.070,,,,,1042000000,-0.398,842000000,-0.456,,-3522000000,,-360.88,,-0.219,0.016,0.022,,50813000000,20922000000,0.303,1576.25,15385000000,5224000000,-5513000000,-260000000,4589000000,,,,,,,,true,false,12,2014-04-01,2015-03-31,-1
2016-05-11,72180,2017-03-31,,20000000000,-0.087,,,,,900000000,0.287,900000000,0.570,,300000000,,30.73,,,,,,,,,,,,,,,,,,,,,,true,true,6,2016-04-01,2016-09-30,1
2016-05-11,72180,2017-03-31,,39000000000,-0.041,,,,,1600000000,-0.043,1500000000,0.007,,600000000,,61.47,,,,,,,,,,,,,,,,0.130,,,,,,true,true,12,2016-04-01,2017-03-31,1
2016-05-11,72180,2016-03-31,,14633000000,-0.051,,,,,313000000,,863000000,0.800,500000000,,,51.27,,,,,,19488000000,7286000000,0.374,746.55,7286000000,,,,,11.00,,,,9763600,2853,9760747,false,false,12,2015-04-01,2016-03-31,0
2016-05-11,72180,2015-03-31,,15426000000,-0.151,,,,,-205000000,,479000000,-0.167,-3742000000,,,-383.38,,,,,,21918000000,7501000000,0.342,768.57,7501000000,,,,,12.00,,,,9763600,2853,9760747,false,false,12,2014-04-01,2015-03-31,-1
2016-05-11,72180,2017-03-31,,,,,,,,,,,,,,,,,,,,,,,,,,,,,,8.00,,,,,,,false,true,12,2016-04-01,2017-03-31,1
2016-07-29,72180,2017-03-31,1,9866000000,-0.138,,,,,727000000,1.247,650000000,1.625,,166000000,,17.10,,,,,,41806000000,18716000000,0.331,1416.15,13822000000,,,,,,,,,,,,true,false,3,2016-04-01,2016-06-30,0
2016-07-29,72180,2016-03-31,1,11447000000,0.018,,,,,323000000,0.847,247000000,0.778,,-85000000,,-8.73,,,,,,,,,,,,,,,,,,,,,,true,false,3,2015-04-01,2015-06-30,-1
2016-07-29,72180,2017-03-31,1,20000000000,-0.087,,,,,900000000,0.287,900000000,0.570,,300000000,,30.73,,,,,,,,,,,,,,,,,,,,,,true,true,6,2016-04-01,2016-09-30,0
2016-07-29,72180,2017-03-31,1,39000000000,-0.041,,,,,1600000000,-0.043,1500000000,0.007,,600000000,,61.47,,,,,,,,,,,,,,,,,,,,,,true,true,12,2016-04-01,2017-03-31,0
2016-07-29,72180,2016-03-31,1,,,,,,,,,,,,,,,,,,,,43348000000,19828000000,0.336,1493.62,14578000000,,,,,,,,,,,,true,false,12,2015-04-01,2016-03-31,-1
2016-07-29,72180,2016-03-31,1,,,,,,,,,,,,,,,,,,,,,,,,,,,,,11.00,,,,9763600,2853,,false,false,12,2015-04-01,2016-03-31,-1
2016-07-29,72180,2017-03-31,1,,,,,,,,,,,,,,,,,,,,,,,,,,,,,8.00,,,,,,,false,true,12,2016-04-01,2017-03-31,0
2016-07-29,72180,2017-03-31,1,,,,,,,,,,,,,,,,,,,,,,,,,,,,,,,,,9763600,2853,9760747,false,false,3,2016-04-01,2016-06-30,0
2016-07-29,72180,2016-03-31,1,,,,,,,,,,,,,,,,,,,,,,,,,,,,,,,,,,,9760747,false,false,3,2015-04-01,2015-06-30,-1
2016-10-31,72180,2017-03-31,2,18761000000,-0.144,,,,,1061000000,0.518,957000000,0.671,,263000000,,27.01,,,,,,38875000000,18632000000,0.356,1418.18,13842000000,,,,,,,,,,,,true,false,6,2016-04-01,2016-09-30,0
2016-10-31,72180,2016-03-31,2,21910000000,-0.043,,,,,699000000,9.217,573000000,,,-87000000,,-8.99,,,,,,,,,,,,,,,,,,,,,,true,false,6,2015-04-01,2015-09-30,-1
2016-10-31,72180,2017-03-31,2,39000000000,-0.041,,,,,1600000000,-0.043,1500000000,0.007,,600000000,,61.47,,,,,,,,,,,,,,,,,,,,,,true,true,12,2016-04-01,2017-03-31,0
2016-10-31,72180,2016-03-31,2,,,,,,,,,,,,,,,,,,,,43348000000,19828000000,0.336,1493.62,14578000000,,,,,,,,,,,,true,false,12,2015-04-01,2016-03-31,-1
2016-10-31,72180,2016-03-31,2,,,,,,,,,,,,,,,,,,,,,,,,,,,,,11.00,,,,9763600,2853,,false,false,12,2015-04-01,2016-03-31,-1
2016-10-31,72180,2017-03-31,2,,,,,,,,,,,,,,,,,,,,,,,,,,,,,4.00,,,,,,,false,false,12,2016-04-01,2017-03-31,0
2016-10-31,72180,2017-03-31,2,,,,,,,,,,,,,,,,,,,,,,,,,,,,,8.00,,,,,,,false,true,12,2016-04-01,2017-03-31,0
2016-10-31,72180,2017-03-31,2,,,,,,,,,,,,,,,,,,,,,,,,,,,,,,,,,9763600,2853,9760747,false,false,6,2016-04-01,2016-09-30,0
2016-10-31,72180,2016-03-31,2,,,,,,,,,,,,,,,,,,,,,,,,,,,,,,,,,,,9760747,false,false,6,2015-04-01,2015-09-30,-1
2017-02-14,72180,2017-03-31,3,29839000000,-0.048,,,,,2097000000,1.090,1980000000,1.318,,810000000,,83.00,,,,,,41868000000,20945000000,0.371,1592.78,15546000000,,,,,,,,,,,,true,false,9,2016-04-01,2016-12-31,0
2017-02-14,72180,2016-03-31,3,31353000000,-0.121,,,,,1003000000,0.818,854000000,0.876,,1335000000,,136.80,,,,,,,,,,,,,,,,,,,,,,true,false,9,2015-04-01,2015-12-31,-1
2017-02-14,72180,2017-03-31,3,40000000000,-0.016,,,,,2500000000,0.495,2400000000,0.612,,300000000,,30.73,,,,,,,,,,,,,,,,,,,,,,true,true,12,2016-04-01,2017-03-31,0
2017-02-14,72180,2016-03-31,3,,,,,,,,,,,,,,,,,,,,43348000000,19828000000,0.336,1493.62,14578000000,,,,,,,,,,,,true,false,12,2015-04-01,2016-03-31,-1
2017-02-14,72180,2016-03-31,3,,,,,,,,,,,,,,,,,,,,,,,,,,,,,11.00,,,,9763600,2853,,false,false,12,2015-04-01,2016-03-31,-1
2017-02-14,72180,2017-03-31,3,,,,,,,,,,,,,,,,,,,,,,,,,,,,,4.00,,,,,,,false,false,12,2016-04-01,2017-03-31,0
2017-02-14,72180,2017-03-31,3,,,,,,,,,,,,,,,,,,,,,,,,,,,,,8.00,,,,,,,false,true,12,2016-04-01,2017-03-31,0
2017-02-14,72180,2017-03-31,3,,,,,,,,,,,,,,,,,,,,,,,,,,,,,,,,,9763600,2853,9760747,false,false,9,2016-04-01,2016-12-31,0
2017-02-14,72180,2016-03-31,3,,,,,,,,,,,,,,,,,,,,,,,,,,,,,,,,,,,9760747,false,false,9,2015-04-01,2015-12-31,-1
2017-02-14,72180,2017-03-31,,40000000000,0.026,,,,,2500000000,0.563,2400000000,0.600,300000000,,-0.500,30.73,,,,,,,,,,,,,,,,,,,,,,true,true,12,2016-04-01,2017-03-31,0
2017-02-14,72180,2016-03-31,,40655000000,,,,,,1672000000,,1489000000,,681000000,,,69.85,,,,,,,,,,,,,,,,,,,,,,true,false,12,2015-04-01,2016-03-31,-1
2017-03-07,72180,2017-03-31,,40000000000,0.000,,,,,2500000000,0.000,2400000000,0.000,800000000,,1.667,81.96,,,,,,,,,,,,,,,,,,,,,,true,true,12,2016-04-01,2017-03-31,0
2017-03-07,72180,2016-03-31,,40655000000,,,,,,1672000000,,1489000000,,681000000,,,69.85,,,,,,,,,,,,,,,,,,,,,,true,false,12,2015-04-01,2016-03-31,-1
2017-05-11,72180,2017-03-31,,39752000000,-0.022,,,,,2217000000,0.326,2111000000,0.418,,1003000000,,102.80,,0.066,0.050,0.056,,41274000000,21464000000,0.387,1636.18,15970000000,5924000000,-1876000000,-3981000000,4478000000,,0.078,,,,,,true,false,12,2016-04-01,2017-03-31,0
2017-05-11,72180,2016-03-31,,40655000000,-0.153,,,,,1672000000,0.604,1489000000,0.768,,681000000,,69.85,,0.046,0.032,0.041,,43348000000,19828000000,0.336,1493.62,14578000000,6445000000,-2282000000,-4127000000,4419000000,,0.157,,,,,,true,false,12,2015-04-01,2016-03-31,-1
2017-05-11,72180,2018-03-31,,20000000000,0.066,,,,,1000000000,-0.058,1000000000,0.044,,500000000,,51.23,,,,,,,,,,,,,,,,,,,,,,true,true,6,2017-04-01,2017-09-30,1
2017-05-11,72180,2018-03-31,,38000000000,-0.044,,,,,1800000000,-0.188,1800000000,-0.148,,1000000000,,102.45,,,,,,,,,,,,,,,,0.098,,,,,,true,true,12,2017-04-01,2018-03-31,1
2017-05-11,72180,2016-03-31,,,,,,,,,,,,,,,,,,,,,,,,,,,,,,11.00,,,,9763600,2853,9760747,false,false,12,2015-04-01,2016-03-31,-1
2017-05-11,72180,2017-03-31,,,,,,,,,,,,,,,,,,,,,,,,,,,,,,8.00,,,,9763600,2853,9760747,false,false,12,2016-04-01,2017-03-31,0
2017-05-11,72180,2018-03-31,,,,,,,,,,,,,,,,,,,,,,,,,,,,,,10.00,,,,,,,false,true,12,2017-04-01,2018-03-31,1
2017-05-11,72180,2017-03-31,,15408000000,,,,-7000000,,,,365000000,,494000000,,,50.63,,,,,,,,,,,,,,,,,,,,,,false,true,12,2016-04-01,2017-03-31,0
2017-05-11,72180,2016-03-31,,14633000000,,,,313000000,,,,863000000,,500000000,,,51.27,,,,,,,,,,,,,,,,,,,,,,false,false,12,2015-04-01,2016-03-31,-1
2017-07-31,72180,2018-03-31,1,11050000000,0.120,,,,,922000000,0.268,950000000,0.462,,408000000,,41.89,,,,,,40121000000,21742000000,0.405,1663.14,16233000000,,,,,,,,,,,,true,false,3,2017-04-01,2017-06-30,0
2017-07-31,72180,2017-03-31,1,9866000000,-0.138,,,,,727000000,1.247,650000000,1.625,,166000000,,17.10,,,,,,,,,,,,,,,,,,,,,,true,false,3,2016-04-01,2016-06-30,-1
2017-07-31,72180,2018-03-31,1,20000000000,0.066,,,,,1000000000,-0.058,1000000000,0.044,,500000000,,51.23,,,,,,,,,,,,,,,,,,,,,,true,true,6,2017-04-01,2017-09-30,0
2017-07-31,72180,2018-03-31,1,38000000000,-0.044,,,,,1800000000,-0.188,1800000000,-0.148,,1000000000,,102.45,,,,,,,,,,,,,,,,,,,,,,true,true,12,2017-04-01,2018-03-31,0
2017-07-31,72180,2017-03-31,1,,,,,,,,,,,,,,,,,,,,41274000000,21464000000,0.387,1636.18,15970000000,,,,,,,,,,,,true,false,12,2016-04-01,2017-03-31,-1
2017-07-31,72180,2017-03-31,1,,,,,,,,,,,,,,,,,,,,,,,,,,,,,8.00,,,,9763600,2853,,false,false,12,2016-04-01,2017-03-31,-1
2017-07-31,72180,2018-03-31,1,,,,,,,,,,,,,,,,,,,,,,,,,,,,,10.00,,,,,,,false,true,12,2017-04-01,2018-03-31,0
2017-07-31,72180,2018-03-31,1,,,,,,,,,,,,,,,,,,,,,,,,,,,,,,,,,9763600,2853,9760747,false,false,3,2017-04-01,2017-06-30,0
2017-07-31,72180,2017-03-31,1,,,,,,,,,,,,,,,,,,,,,,,,,,,,,,,,,,,9760747,false,false,3,2016-04-01,2016-06-30,-1
2017-10-27,72180,2018-03-31,2,19918000000,0.062,,,,,1087000000,0.025,1119000000,0.169,,486000000,,49.89,,,,,,39432000000,22121000000,0.418,1688.22,16478000000,,,,,,,,,,,,true,false,6,2017-04-01,2017-09-30,0
2017-10-27,72180,2017-03-31,2,18761000000,-0.144,,,,,1061000000,0.518,957000000,0.671,,263000000,,27.01,,,,,,,,,,,,,,,,,,,,,,true,false,6,2016-04-01,2016-09-30,-1
2017-10-27,72180,2018-03-31,2,38000000000,-0.044,,,,,1800000000,-0.188,1800000000,-0.148,,1000000000,,102.45,,,,,,,,,,,,,,,,,,,,,,true,true,12,2017-04-01,2018-03-31,0
2017-10-27,72180,2017-03-31,2,,,,,,,,,,,,,,,,,,,,41274000000,21464000000,0.387,1636.18,15970000000,,,,,,,,,,,,true,false,12,2016-04-01,2017-03-31,-1
2017-10-27,72180,2017-03-31,2,,,,,,,,,,,,,,,,,,,,,,,,,,,,,8.00,,,,9763600,2853,,false,false,12,2016-04-01,2017-03-31,-1
2017-10-27,72180,2018-03-31,2,,,,,,,,,,,,,,,,,,,,,,,,,,,,,5.00,,,,,,,false,false,12,2017-04-01,2018-03-31,0
2017-10-27,72180,2018-03-31,2,,,,,,,,,,,,,,,,,,,,,,,,,,,,,10.00,,,,,,,false,true,12,2017-04-01,2018-03-31,0
2017-10-27,72180,2018-03-31,2,,,,,,,,,,,,,,,,,,,,,,,,,,,,,,,,,9763600,2853,9760747,false,false,6,2017-04-01,2017-09-30,0
2017-10-27,72180,2017-03-31,2,,,,,,,,,,,,,,,,,,,,,,,,,,,,,,,,,,,9760747,false,false,6,2016-04-01,2016-09-30,-1
2018-01-31,72180,2018-03-31,3,29353000000,-0.016,,,,,1371000000,-0.346,1423000000,-0.282,,946000000,,97.01,,,,,,40678000000,22912000000,0.420,1750.32,17084000000,,,,,,,,,,,,true,false,9,2017-04-01,2017-12-31,0
2018-01-31,72180,2017-03-31,3,29839000000,-0.048,,,,,2097000000,1.090,1980000000,1.318,,810000000,,83.00,,,,,,,,,,,,,,,,,,,,,,true,false,9,2016-04-01,2016-12-31,-1
2018-01-31,72180,2018-03-31,3,38000000000,-0.044,,,,,1800000000,-0.188,1800000000,-0.148,,1000000000,,102.45,,,,,,,,,,,,,,,,,,,,,,true,true,12,2017-04-01,2018-03-31,0
2018-01-31,72180,2017-03-31,3,,,,,,,,,,,,,,,,,,,,41274000000,21464000000,0.387,1636.18,15970000000,,,,,,,,,,,,true,false,12,2016-04-01,2017-03-31,-1
2018-01-31,72180,2017-03-31,3,,,,,,,,,,,,,,,,,,,,,,,,,,,,,8.00,,,,9763600,2853,,false,false,12,2016-04-01,2017-03-31,-1
2018-01-31,72180,2018-03-31,3,,,,,,,,,,,,,,,,,,,,,,,,,,,,,5.00,,,,,,,false,false,12,2017-04-01,2018-03-31,0
2018-01-31,72180,2018-03-31,3,,,,,,,,,,,,,,,,,,,,,,,,,,,,,10.00,,,,,,,false,true,12,2017-04-01,2018-03-31,0
2018-01-31,72180,2018-03-31,3,,,,,,,,,,,,,,,,,,,,,,,,,,,,,,,,,9763600,2853,9760747,false,false,9,2017-04-01,2017-12-31,0
2018-01-31,72180,2017-03-31,3,,,,,,,,,,,,,,,,,,,,,,,,,,,,,,,,,,,9760747,false,false,9,2016-04-01,2016-12-31,-1
2018-05-10,72180,2018-03-31,,38400000000,0.011,,,1880000000,0.044,,,1970000000,0.094,1310000000,,0.310,134.21,,,,,,,,,,,,,,,,,,,,,,false,true,12,2017-04-01,2018-03-31,0
2018-05-10,72180,2017-03-31,,39752000000,,,,2217000000,,,,2111000000,,1003000000,,,102.76,,,,,,,,,,,,,,,,,,,,,,false,false,12,2016-04-01,2017-03-31,-1
,72180,2018-03-31,,,,,,,,,,,,,,,,,,,,,,,,,,,,,,12.00,,,,,,,false,true,12,2017-04-01,2018-03-31,0
,72180,2018-03-31,,,,,,,,,,,,,,,,,,,,,,,,,,,,,,5.00,,,,,,,false,false,12,2017-04-01,2018-03-31,0
,72180,2017-03-31,,,,,,,,,,,,,,,,,,,,,,,,,,,,,,8.00,,,,,,,false,false,12,2016-04-01,2017-03-31,-1
2018-05-14,72180,2018-03-31,,38402000000,-0.034,,,,,1884000000,-0.150,1979000000,-0.063,,1316000000,,134.91,,0.079,0.049,0.049,,39965000000,22908000000,0.430,1760.69,17185000000,5346000000,-1948000000,-2399000000,5480000000,,0.089,,,,,,true,false,12,2017-04-01,2018-03-31,0
2018-05-14,72180,2017-03-31,,39752000000,-0.022,,,,,2217000000,0.326,2111000000,0.418,,1003000000,,102.80,,0.066,0.050,0.056,,41274000000,21464000000,0.387,1636.18,15970000000,5924000000,-1876000000,-3981000000,4478000000,,0.078,,,,,,true,false,12,2016-04-01,2017-03-31,-1
2018-05-14,72180,2019-03-31,,19000000000,-0.046,,,,,300000000,-0.724,400000000,-0.643,,100000000,,10.24,,,,,,,,,,,,,,,,,,,,,,true,true,6,2018-04-01,2018-09-30,1
2018-05-14,72180,2019-03-31,,38500000000,0.003,,,,,1600000000,-0.151,1700000000,-0.141,,1100000000,,112.69,,,,,,,,,,,,,,,,0.106,,,,,,true,true,12,2018-04-01,2019-03-31,1
2018-05-14,72180,2017-03-31,,,,,,,,,,,,,,,,,,,,,,,,,,,,,,8.00,,,,9763600,2853,9760747,false,false,12,2016-04-01,2017-03-31,-1
2018-05-14,72180,2018-03-31,,,,,,,,,,,,,,,,,,,,,,,,,,,,,,12.00,,,,9763600,2853,9760747,false,false,12,2017-04-01,2018-03-31,0
2018-05-14,72180,2019-03-31,,,,,,,,,,,,,,,,,,,,,,,,,,,,,,12.00,,,,,,,false,true,12,2018-04-01,2019-03-31,1
2018-07-31,72180,2019-03-31,1,10390000000,-0.060,,,,,455000000,-0.506,518000000,-0.454,,243000000,,24.94,,,,,,39766000000,22790000000,0.430,1752.07,17101000000,,,,,,,,,,,,true,false,3,2018-04-01,2018-06-30,0
2018-07-31,72180,2018-03-31,1,11050000000,0.120,,,,,922000000,0.268,950000000,0.462,,408000000,,41.89,,,,,,,,,,,,,,,,,,,,,,true,false,3,2017-04-01,2017-06-30,-1
2018-07-31,72180,2019-03-31,1,19000000000,-0.046,,,,,300000000,-0.724,400000000,-0.643,,100000000,,10.24,,,,,,,,,,,,,,,,,,,,,,true,true,6,2018-04-01,2018-09-30,0
2018-07-31,72180,2019-03-31,1,38500000000,0.003,,,,,1600000000,-0.151,1700000000,-0.141,,1100000000,,112.69,,,,,,,,,,,,,,,,,,,,,,true,true,12,2018-04-01,2019-03-31,0
2018-07-31,72180,2018-03-31,1,,,,,,,,,,,,,,,,,,,,39694000000,22908000000,0.433,1760.69,17185000000,,,,,,,,,,,,true,false,12,2017-04-01,2018-03-31,-1
2018-07-31,72180,2018-03-31,1,,,,,,,,,,,,,,,,,,,,,,,,,,,,,12.00,,,,9763600,2853,,false,false,12,2017-04-01,2018-03-31,-1
2018-07-31,72180,2019-03-31,1,,,,,,,,,,,,,,,,,,,,,,,,,,,,,12.00,,,,,,,false,true,12,2018-04-01,2019-03-31,0
2018-07-31,72180,2019-03-31,1,,,,,,,,,,,,,,,,,,,,,,,,,,,,,,,,,9763600,2853,9760747,false,false,3,2018-04-01,2018-06-30,0
2018-07-31,72180,2018-03-31,1,,,,,,,,,,,,,,,,,,,,,,,,,,,,,,,,,,,9760747,false,false,3,2017-04-01,2017-06-30,-1
2018-10-31,72180,2019-03-31,2,19496000000,-0.021,,,,,712000000,-0.345,815000000,-0.272,,425000000,,43.55,,,,,,40544000000,23597000000,0.435,1806.92,17636000000,,,,,,,,,,,,true,false,6,2018-04-01,2018-09-30,0
2018-10-31,72180,2018-03-31,2,19918000000,0.062,,,,,1087000000,0.025,1119000000,0.169,,486000000,,49.89,,,,,,,,,,,,,,,,,,,,,,true,false,6,2017-04-01,2017-09-30,-1
2018-10-31,72180,2019-03-31,2,38500000000,0.003,,,,,1600000000,-0.151,1700000000,-0.141,,1100000000,,112.69,,,,,,,,,,,,,,,,,,,,,,true,true,12,2018-04-01,2019-03-31,0
2018-10-31,72180,2018-03-31,2,,,,,,,,,,,,,,,,,,,,39694000000,22908000000,0.433,1760.69,17185000000,,,,,,,,,,,,true,false,12,2017-04-01,2018-03-31,-1
2018-10-31,72180,2018-03-31,2,,,,,,,,,,,,,,,,,,,,,,,,,,,,,12.00,,,,9763600,2853,,false,false,12,2017-04-01,2018-03-31,-1
2018-10-31,72180,2019-03-31,2,,,,,,,,,,,,,,,,,,,,,,,,,,,,,6.00,,,,,,,false,false,12,2018-04-01,2019-03-31,0
2018-10-31,72180,2019-03-31,2,,,,,,,,,,,,,,,,,,,,,,,,,,,,,12.00,,,,,,,false,true,12,2018-04-01,2019-03-31,0
2018-10-31,72180,2019-03-31,2,,,,,,,,,,,,,,,,,,,,,,,,,,,,,,,,,9763600,2853,9760747,false,false,6,2018-04-01,2018-09-30,0
2018-10-31,72180,2018-03-31,2,,,,,,,,,,,,,,,,,,,,,,,,,,,,,,,,,,,9760747,false,false,6,2017-04-01,2017-09-30,-1
2019-01-31,72180,2019-03-31,3,28444000000,-0.031,,,,,1067000000,-0.221,1229000000,-0.136,,729000000,,74.69,,,,,,39118000000,22949000000,0.436,1749.06,17072000000,,,,,,,,,,,,true,false,9,2018-04-01,2018-12-31,0
2019-01-31,72180,2018-03-31,3,29353000000,-0.016,,,,,1371000000,-0.346,1423000000,-0.282,,946000000,,97.01,,,,,,,,,,,,,,,,,,,,,,true,false,9,2017-04-01,2017-12-31,-1
2019-01-31,72180,2019-03-31,3,38500000000,0.003,,,,,1600000000,-0.151,1700000000,-0.141,,1100000000,,112.69,,,,,,,,,,,,,,,,,,,,,,true,true,12,2018-04-01,2019-03-31,0
2019-01-31,72180,2018-03-31,3,,,,,,,,,,,,,,,,,,,,39694000000,22908000000,0.433,1760.69,17185000000,,,,,,,,,,,,true,false,12,2017-04-01,2018-03-31,-1
2019-01-31,72180,2018-03-31,3,,,,,,,,,,,,,,,,,,,,,,,,,,,,,12.00,,,,9763600,2853,,false,false,12,2017-04-01,2018-03-31,-1
2019-01-31,72180,2019-03-31,3,,,,,,,,,,,,,,,,,,,,,,,,,,,,,6.00,,,,,,,false,false,12,2018-04-01,2019-03-31,0
2019-01-31,72180,2019-03-31,3,,,,,,,,,,,,,,,,,,,,,,,,,,,,,12.00,,,,,,,false,true,12,2018-04-01,2019-03-31,0
2019-01-31,72180,2019-03-31,3,,,,,,,,,,,,,,,,,,,,,,,,,,,,,,,,,9763600,2855,9760746,false,false,9,2018-04-01,2018-12-31,0
2019-01-31,72180,2018-03-31,3,,,,,,,,,,,,,,,,,,,,,,,,,,,,,,,,,,,9760747,false,false,9,2017-04-01,2017-12-31,-1
2019-05-13,72180,2019-03-31,,38115000000,-0.007,,,,,1440000000,-0.236,1652000000,-0.165,,484000000,,49.62,,0.028,0.042,0.038,,39430000000,23077000000,0.433,1749.67,17078000000,4581000000,-3293000000,-1276000000,5005000000,,0.242,,,,,,true,false,12,2018-04-01,2019-03-31,0
2019-05-13,72180,2018-03-31,,38402000000,-0.034,,,,,1884000000,-0.150,1979000000,-0.063,,1316000000,,134.91,,0.079,0.050,0.049,,39694000000,22908000000,0.433,1760.69,17185000000,5346000000,-1948000000,-2399000000,5480000000,,0.089,,,,,,true,false,12,2017-04-01,2018-03-31,-1
2019-05-13,72180,2020-03-31,,34500000000,-0.095,,,,,650000000,-0.549,800000000,-0.516,,250000000,,25.61,,,,,,,,,,,,,,,,0.390,,,,,,true,true,12,2019-04-01,2020-03-31,1
2019-05-13,72180,2018-03-31,,,,,,,,,,,,,,,,,,,,,,,,,,,,,,12.00,,,,9763600,2853,9760747,false,false,12,2017-04-01,2018-03-31,-1
2019-05-13,72180,2019-03-31,,,,,,,,,,,,,,,,,,,,,,,,,,,,,,12.00,,,,9763600,2855,9760746,false,false,12,2018-04-01,2019-03-31,0
2019-05-13,72180,2020-03-31,,,,,,,,,,,,,,,,,,,,,,,,,,,,,,10.00,,,,,,,false,true,12,2019-04-01,2020-03-31,1
2019-07-31,72180,2020-03-31,1,8683000000,-0.164,,,,,340000000,-0.252,378000000,-0.271,,166000000,,17.02,,,,,,39558000000,22760000000,0.428,1733.26,16917000000,,,,,,,,,,,,true,false,3,2019-04-01,2019-06-30,0
2019-07-31,72180,2019-03-31,1,10390000000,-0.060,,,,,455000000,-0.506,518000000,-0.454,,243000000,,24.94,,,,,,,,,,,,,,,,,,,,,,true,false,3,2018-04-01,2018-06-30,-1
2019-07-31,72180,2020-03-31,1,34500000000,-0.095,,,,,650000000,-0.549,800000000,-0.516,,250000000,,25.61,,,,,,,,,,,,,,,,,,,,,,true,true,12,2019-04-01,2020-03-31,0
2019-07-31,72180,2019-03-31,1,,,,,,,,,,,,,,,,,,,,39430000000,23077000000,0.433,1749.67,17078000000,,,,,,,,,,,,true,false,12,2018-04-01,2019-03-31,-1
2019-07-31,72180,2019-03-31,1,,,,,,,,,,,,,,,,,,,,,,,,,,,,,12.00,,,,9763600,2855,,false,false,12,2018-04-01,2019-03-31,-1
2019-07-31,72180,2020-03-31,1,,,,,,,,,,,,,,,,,,,,,,,,,,,,,10.00,,,,,,,false,true,12,2019-04-01,2020-03-31,0
2019-07-31,72180,2020-03-31,1,,,,,,,,,,,,,,,,,,,,,,,,,,,,,,,,,9763600,2855,9760745,false,false,3,2019-04-01,2019-06-30,0
2019-07-31,72180,2019-03-31,1,,,,,,,,,,,,,,,,,,,,,,,,,,,,,,,,,,,9760747,false,false,3,2018-04-01,2018-06-30,-1
2019-10-31,72180,2020-03-31,2,17044000000,-0.126,,,,,393000000,-0.447,493000000,-0.394,,198000000,,20.38,,,,,,39076000000,22866000000,0.433,1734.19,16926000000,,,,,,,,,,,,true,false,6,2019-04-01,2019-09-30,0
2019-10-31,72180,2019-03-31,2,19496000000,-0.021,,,,,712000000,-0.345,815000000,-0.272,,425000000,,43.55,,,,,,,,,,,,,,,,,,,,,,true,false,6,2018-04-01,2018-09-30,-1
2019-10-31,72180,2020-03-31,2,34500000000,-0.095,,,,,650000000,-0.549,800000000,-0.516,,250000000,,25.61,,,,,,,,,,,,,,,,,,,,,,true,true,12,2019-04-01,2020-03-31,0
2019-10-31,72180,2019-03-31,2,,,,,,,,,,,,,,,,,,,,39430000000,23077000000,0.433,1749.67,17078000000,,,,,,,,,,,,true,false,12,2018-04-01,2019-03-31,-1
2019-10-31,72180,2019-03-31,2,,,,,,,,,,,,,,,,,,,,,,,,,,,,,12.00,,,,9763600,2855,,false,false,12,2018-04-01,2019-03-31,-1
2019-10-31,72180,2020-03-31,2,,,,,,,,,,,,,,,,,,,,,,,,,,,,,5.00,,,,,,,false,false,12,2019-04-01,2020-03-31,0
2019-10-31,72180,2020-03-31,2,,,,,,,,,,,,,,,,,,,,,,,,,,,,,10.00,,,,,,,false,true,12,2019-04-01,2020-03-31,0
2019-10-31,72180,2020-03-31,2,,,,,,,,,,,,,,,,,,,,,,,,,,,,,,,,,9763600,2855,9760745,false,false,6,2019-04-01,2019-09-30,0
2019-10-31,72180,2019-03-31,2,,,,,,,,,,,,,,,,,,,,,,,,,,,,,,,,,,,9760747,false,false,6,2018-04-01,2018-09-30,-1
2020-01-31,72180,2020-03-31,3,24562000000,-0.136,,,,,127000000,-0.880,262000000,-0.786,,-48000000,,-4.94,,,,,,39012000000,23083000000,0.436,1741.42,16997000000,,,,,,,,,,,,true,false,9,2019-04-01,2019-12-31,0
2020-01-31,72180,2019-03-31,3,28444000000,-0.031,,,,,1067000000,-0.221,1229000000,-0.136,,729000000,,74.69,,,,,,,,,,,,,,,,,,,,,,true,false,9,2018-04-01,2018-12-31,-1
2020-01-31,72180,2020-03-31,3,34500000000,-0.095,,,,,650000000,-0.549,800000000,-0.516,,250000000,,25.61,,,,,,,,,,,,,,,,,,,,,,true,true,12,2019-04-01,2020-03-31,0
2020-01-31,72180,2019-03-31,3,,,,,,,,,,,,,,,,,,,,39430000000,23077000000,0.433,1749.67,17078000000,,,,,,,,,,,,true,false,12,2018-04-01,2019-03-31,-1
2020-01-31,72180,2019-03-31,3,,,,,,,,,,,,,,,,,,,,,,,,,,,,,12.00,,,,9763600,2855,,false,false,12,2018-04-01,2019-03-31,-1
2020-01-31,72180,2020-03-31,3,,,,,,,,,,,,,,,,,,,,,,,,,,,,,5.00,,,,,,,false,false,12,2019-04-01,2020-03-31,0
2020-01-31,72180,2020-03-31,3,,,,,,,,,,,,,,,,,,,,,,,,,,,,,10.00,,,,,,,false,true,12,2019-04-01,2020-03-31,0
2020-01-31,72180,2020-03-31,3,,,,,,,,,,,,,,,,,,,,,,,,,,,,,,,,,9763600,2855,9760745,false,false,9,2019-04-01,2019-12-31,0
2020-01-31,72180,2019-03-31,3,,,,,,,,,,,,,,,,,,,,,,,,,,,,,,,,,,,9760746,false,false,9,2018-04-01,2018-12-31,-1
2020-05-12,72180,2020-03-31,,32000000000,-0.072,,,,,-320000000,,-160000000,,-670000000,,,-68.64,,,,,,,,,,,,,,,,,,,,,,true,true,12,2019-04-01,2020-03-31,0
2020-05-12,72180,2019-03-31,,38115000000,,,,,,1440000000,,1652000000,,484000000,,,49.62,,,,,,,,,,,,,,,,,,,,,,true,false,12,2018-04-01,2019-03-31,-1
2020-05-12,72180,2020-03-31,,,,,,,,,,,,,,,,,,,,,,,,,,,,,,5.00,,,,,,,false,true,12,2019-04-01,2020-03-31,0
2020-05-12,72180,2020-03-31,,,,,,,,,,,,,,,,,,,,,,,,,,,,,,5.00,,,,,,,false,false,12,2019-04-01,2020-03-31,0
2020-05-12,72180,2019-03-31,,,,,,,,,,,,,,,,,,,,,,,,,,,,,,12.00,,,,,,,false,false,12,2018-04-01,2019-03-31,-1
2020-05-14,72180,2020-03-31,,32004000000,-0.160,,,,,-320000000,,-162000000,,,-670000000,,-68.71,,-0.041,-0.004,-0.010,,36840000000,21251000000,0.418,1577.30,15395000000,3608000000,-3917000000,1181000000,5763000000,,,,,,,,true,false,12,2019-04-01,2020-03-31,0
2020-05-14,72180,2019-03-31,,38115000000,-0.007,,,,,1440000000,-0.236,1652000000,-0.165,,484000000,,49.62,,0.028,0.042,0.038,,39430000000,23077000000,0.433,1749.67,17078000000,4581000000,-3293000000,-1276000000,5005000000,,0.242,,,,,,true,false,12,2018-04-01,2019-03-31,-1
2020-05-14,72180,2019-03-31,,,,,,,,,,,,,,,,,,,,,,,,,,,,,,12.00,,,,9763600,2855,9760746,false,false,12,2018-04-01,2019-03-31,-1
2020-05-14,72180,2020-03-31,,,,,,,,,,,,,,,,,,,,,,,,,,,,,,5.00,,,,9763600,2855,9760745,false,false,12,2019-04-01,2020-03-31,0
2020-07-31,72180,2021-03-31,1,4444000000,-0.488,,,,,-884000000,,-835000000,,,-518000000,,-53.09,,,,,,37078000000,20881000000,0.409,1553.56,15163000000,,,,,,,,,,,,true,false,3,2020-04-01,2020-06-30,0
2020-07-31,72180,2020-03-31,1,8683000000,-0.164,,,,,340000000,-0.252,378000000,-0.271,,166000000,,17.02,,,,,,,,,,,,,,,,,,,,,,true,false,3,2019-04-01,2019-06-30,-1
2020-07-31,72180,2020-03-31,1,,,,,,,,,,,,,,,,,,,,36840000000,21251000000,0.418,1577.30,15395000000,,,,,,,,,,,,true,false,12,2019-04-01,2020-03-31,-1
2020-07-31,72180,2020-03-31,1,,,,,,,,,,,,,,,,,,,,,,,,,,,,,5.00,,,,9763600,2855,,false,false,12,2019-04-01,2020-03-31,-1
2020-07-31,72180,2021-03-31,1,,,,,,,,,,,,,,,,,,,,,,,,,,,,,,,,,9763600,2855,9760745,false,false,3,2020-04-01,2020-06-30,0
2020-07-31,72180,2020-03-31,1,,,,,,,,,,,,,,,,,,,,,,,,,,,,,,,,,,,9760745,false,false,3,2019-04-01,2019-06-30,-1
2020-10-30,72180,2021-03-31,2,10868000000,-0.362,,,,,-1045000000,,-992000000,,,-801000000,,-82.16,,,,,,35914000000,20212000000,0.407,1498.83,14629000000,,,,,,,,,,,,true,false,6,2020-04-01,2020-09-30,0
2020-10-30,72180,2020-03-31,2,17044000000,-0.126,,,,,393000000,-0.447,493000000,-0.394,,198000000,,20.38,,,,,,,,,,,,,,,,,,,,,,true,false,6,2019-04-01,2019-09-30,-1
2020-10-30,72180,2021-03-31,2,25500000000,-0.203,,,,,-1200000000,,-1100000000,,,-1100000000,,-112.69,,,,,,,,,,,,,,,,,,,,,,true,true,12,2020-04-01,2021-03-31,0
2020-10-30,72180,2020-03-31,2,,,,,,,,,,,,,,,,,,,,36840000000,21251000000,0.418,1577.30,15395000000,,,,,,,,,,,,true,false,12,2019-04-01,2020-03-31,-1
2020-10-30,72180,2020-03-31,2,,,,,,,,,,,,,,,,,,,,,,,,,,,,,5.00,,,,9763600,2855,,false,false,12,2019-04-01,2020-03-31,-1
2020-10-30,72180,2021-03-31,2,,,,,,,,,,,,,,,,,,,,,,,,,,,,,0.00,,,,,,,false,false,12,2020-04-01,2021-03-31,0
2020-10-30,72180,2021-03-31,2,,,,,,,,,,,,,,,,,,,,,,,,,,,,,0.00,,,,,,,false,true,12,2020-04-01,2021-03-31,0
2020-10-30,72180,2021-03-31,2,,,,,,,,,,,,,,,,,,,,,,,,,,,,,,,,,9763600,2855,9760745,false,false,6,2020-04-01,2020-09-30,0
2020-10-30,72180,2020-03-31,2,,,,,,,,,,,,,,,,,,,,,,,,,,,,,,,,,,,9760745,false,false,6,2019-04-01,2019-09-30,-1
2021-01-29,72180,2021-03-31,3,18214000000,-0.258,,,,,-390000000,,-321000000,,,-118000000,,-12.16,,,,,,37924000000,21059000000,0.405,1575.21,15375000000,,,,,,,,,,,,true,false,9,2020-04-01,2020-12-31,0
2021-01-29,72180,2020-03-31,3,24562000000,-0.136,,,,,127000000,-0.880,262000000,-0.786,,-48000000,,-4.94,,,,,,,,,,,,,,,,,,,,,,true,false,9,2019-04-01,2019-12-31,-1
2021-01-29,72180,2021-03-31,3,25500000000,-0.203,,,,,-1200000000,,-1100000000,,,-1100000000,,-112.69,,,,,,,,,,,,,,,,,,,,,,true,true,12,2020-04-01,2021-03-31,0
2021-01-29,72180,2020-03-31,3,,,,,,,,,,,,,,,,,,,,36840000000,21251000000,0.418,1577.30,15395000000,,,,,,,,,,,,true,false,12,2019-04-01,2020-03-31,-1
2021-01-29,72180,2020-03-31,3,,,,,,,,,,,,,,,,,,,,,,,,,,,,,5.00,,,,9763600,2855,,false,false,12,2019-04-01,2020-03-31,-1
2021-01-29,72180,2021-03-31,3,,,,,,,,,,,,,,,,,,,,,,,,,,,,,0.00,,,,,,,false,false,12,2020-04-01,2021-03-31,0
2021-01-29,72180,2021-03-31,3,,,,,,,,,,,,,,,,,,,,,,,,,,,,,0.00,,,,,,,false,true,12,2020-04-01,2021-03-31,0
2021-01-29,72180,2021-03-31,3,,,,,,,,,,,,,,,,,,,,,,,,,,,,,,,,,9763600,2855,9760745,false,false,9,2020-04-01,2020-12-31,0
2021-01-29,72180,2020-03-31,3,,,,,,,,,,,,,,,,,,,,,,,,,,,,,,,,,,,9760745,false,false,9,2019-04-01,2019-12-31,-1
2021-02-17,72180,2021-03-31,,26000000000,0.020,,,,,-300000000,,-300000000,,,-1100000000,,-112.69,,,,,,,,,,,,,,,,,,,,,,true,true,12,2020-04-01,2021-03-31,0
2021-02-17,72180,2020-03-31,,32004000000,,,,,,-320000000,,-162000000,,,-670000000,,-68.71,,,,,,,,,,,,,,,,,,,,,,true,false,12,2019-04-01,2020-03-31,-1
2021-04-20,72180,2021-03-31,,26000000000,,,,,,-230000000,,-120000000,,,-480000000,,-49.17,,,,,,,,,,,,,,,,,,,,,,true,true,12,2020-04-01,2021-03-31,0
2021-04-20,72180,2020-03-31,,32004000000,,,,,,-320000000,,-162000000,,,-670000000,,-68.71,,,,,,,,,,,,,,,,,,,,,,true,false,12,2019-04-01,2020-03-31,-1
2021-05-13,72180,2021-03-31,,26041000000,-0.186,,,,,-239000000,,-197000000,,,-571000000,,-58.60,,-0.037,-0.005,-0.009,,36898000000,21154000000,0.412,1555.77,15185000000,3059000000,-1021000000,-879000000,7025000000,,,,,,,,true,false,12,2020-04-01,2021-03-31,0
2021-05-13,72180,2020-03-31,,32004000000,-0.160,,,,,-320000000,,-162000000,,,-670000000,,-68.71,,-0.041,-0.004,-0.010,,36840000000,21251000000,0.418,1577.30,15395000000,3608000000,-3917000000,1181000000,5763000000,,,,,,,,true,false,12,2019-04-01,2020-03-31,-1
2021-05-13,72180,2022-03-31,,29600000000,0.137,,,,,1100000000,,1200000000,,,700000000,,71.71,,,,,,,,,,,,,,,,0.084,,,,,,true,true,12,2021-04-01,2022-03-31,1
2021-05-13,72180,2020-03-31,,,,,,,,,,,,,,,,,,,,,,,,,,,,,,5.00,,,,9763600,2855,9760745,false,false,12,2019-04-01,2020-03-31,-1
2021-05-13,72180,2021-03-31,,,,,,,,,,,,,,,,,,,,,,,,,,,,,,0.00,,,,9763600,2855,9760745,false,false,12,2020-04-01,2021-03-31,0
2021-05-13,72180,2022-03-31,,,,,,,,,,,,,,,,,,,,,,,,,,,,,,6.00,,,,,,,false,true,12,2021-04-01,2022-03-31,1
2021-07-30,72180,2022-03-31,1,6907000000,0.554,,,,,440000000,,518000000,,,365000000,,37.41,,,,,,35833000000,21223000000,0.435,1596.84,15586000000,,,,,,,,,,,,true,false,3,2021-04-01,2021-06-30,0
2021-07-30,72180,2021-03-31,1,4444000000,-0.488,,,,,-884000000,,-835000000,,,-518000000,,-53.09,,,,,,,,,,,,,,,,,,,,,,true,false,3,2020-04-01,2020-06-30,-1
2021-07-30,72180,2022-03-31,1,29600000000,0.137,,,,,1100000000,,1200000000,,,700000000,,71.71,,,,,,,,,,,,,,,,,,,,,,true,true,12,2021-04-01,2022-03-31,0
2021-07-30,72180,2021-03-31,1,,,,,,,,,,,,,,,,,,,,36898000000,21154000000,0.412,1555.77,15185000000,,,,,,,,,,,,true,false,12,2020-04-01,2021-03-31,-1
2021-07-30,72180,2021-03-31,1,,,,,,,,,,,,,,,,,,,,,,,,,,,,,0.00,,,,9763600,2855,,false,false,12,2020-04-01,2021-03-31,-1
2021-07-30,72180,2022-03-31,1,,,,,,,,,,,,,,,,,,,,,,,,,,,,,6.00,,,,,,,false,true,12,2021-04-01,2022-03-31,0
2021-07-30,72180,2022-03-31,1,,,,,,,,,,,,,,,,,,,,,,,,,,,,,,,,,9763600,2855,9760745,false,false,3,2021-04-01,2021-06-30,0
2021-07-30,72180,2021-03-31,1,,,,,,,,,,,,,,,,,,,,,,,,,,,,,,,,,,,9760745,false,false,3,2020-04-01,2020-06-30,-1
2021-09-17,72180,2022-03-31,,29600000000,,,,,,1400000000,0.273,1500000000,0.250,,500000000,,51.22,,,,,,,,,,,,,,,,,,,,,,true,true,12,2021-04-01,2022-03-31,0
2021-09-17,72180,2021-03-31,,26041000000,,,,,,-239000000,,-197000000,,,-571000000,,-58.60,,,,,,,,,,,,,,,,,,,,,,true,false,12,2020-04-01,2021-03-31,-1
2021-10-29,7218,2022-03-31,2,13492000000,0.241,,,,,550000000,,639000000,,,13000000,,1.36,,,,,,34888000000,20702000000,0.434,1552.05,15149000000,,,,,,,,,,,,true,false,6,2021-04-01,2021-09-30,0
2021-10-29,7218,2021-03-31,2,10868000000,-0.362,,,,,-1045000000,,-992000000,,,-801000000,,-82.16,,,,,,,,,,,,,,,,,,,,,,true,false,6,2020-04-01,2020-09-30,-1
2021-10-29,7218,2022-03-31,2,29600000000,0.137,,,,,1400000000,,1500000000,,,500000000,,51.22,,,,,,,,,,,,,,,,,,,,,,true,true,12,2021-04-01,2022-03-31,0
2021-10-29,7218,2021-03-31,2,,,,,,,,,,,,,,,,,,,,36898000000,21154000000,0.412,1555.77,15185000000,,,,,,,,,,,,true,false,12,2020-04-01,2021-03-31,-1
2021-10-29,7218,2021-03-31,2,,,,,,,,,,,,,,,,,,,,,,,,,,,,,0.00,,,,9763600,2855,,false,false,12,2020-04-01,2021-03-31,-1
2021-10-29,7218,2022-03-31,2,,,,,,,,,,,,,,,,,,,,,,,,,,,,,3.00,,,,,,,false,false,12,2021-04-01,2022-03-31,0
2021-10-29,7218,2022-03-31,2,,,,,,,,,,,,,,,,,,,,,,,,,,,,,6.00,,,,,,,false,true,12,2021-04-01,2022-03-31,0
2021-10-29,7218,2022-03-31,2,,,,,,,,,,,,,,,,,,,,,,,,,,,,,,,,,9763600,2855,9760745,false,false,6,2021-04-01,2021-09-30,0
2021-10-29,7218,2021-03-31,2,,,,,,,,,,,,,,,,,,,,,,,,,,,,,,,,,,,9760745,false,false,6,2020-04-01,2020-09-30,-1
2022-01-31,7218,2022-03-31,3,21075000000,0.157,,,,,804000000,,896000000,,,206000000,,21.18,,,,,,36382000000,21286000000,0.428,1594.45,15563000000,,,,,,,,,,,,true,false,9,2021-04-01,2021-12-31,0
2022-01-31,7218,2021-03-31,3,18214000000,-0.258,,,,,-390000000,,-321000000,,,-118000000,,-12.16,,,,,,,,,,,,,,,,,,,,,,true,false,9,2020-04-01,2020-12-31,-1
2022-01-31,7218,2022-03-31,3,29600000000,0.137,,,,,1400000000,,1500000000,,,500000000,,51.22,,,,,,,,,,,,,,,,,,,,,,true,true,12,2021-04-01,2022-03-31,0
2022-01-31,7218,2021-03-31,3,,,,,,,,,,,,,,,,,,,,36898000000,21154000000,0.412,1555.77,15185000000,,,,,,,,,,,,true,false,12,2020-04-01,2021-03-31,-1
2022-01-31,7218,2021-03-31,3,,,,,,,,,,,,,,,,,,,,,,,,,,,,,0.00,,,,9763600,2855,,false,false,12,2020-04-01,2021-03-31,-1
2022-01-31,7218,2022-03-31,3,,,,,,,,,,,,,,,,,,,,,,,,,,,,,3.00,,,,,,,false,false,12,2021-04-01,2022-03-31,0
2022-01-31,7218,2022-03-31,3,,,,,,,,,,,,,,,,,,,,,,,,,,,,,6.00,,,,,,,false,true,12,2021-04-01,2022-03-31,0
2022-01-31,7218,2022-03-31,3,,,,,,,,,,,,,,,,,,,,,,,,,,,,,,,,,9763600,2855,9760745,false,false,9,2021-04-01,2021-12-31,0
2022-01-31,7218,2021-03-31,3,,,,,,,,,,,,,,,,,,,,,,,,,,,,,,,,,,,9760745,false,false,9,2020-04-01,2020-12-31,-1
2022-05-12,7218,2022-03-31,,29671000000,0.139,,,,,1297000000,,1291000000,,,373000000,,38.28,,0.024,0.035,0.044,,36842000000,22722000000,0.448,1690.72,16502000000,2369000000,-1561000000,-1385000000,6755000000,,0.157,,,,,,true,false,12,2021-04-01,2022-03-31,0
2022-05-12,7218,2021-03-31,,26041000000,-0.186,,,,,-239000000,,-197000000,,,-571000000,,-58.60,,-0.037,-0.005,-0.009,,36898000000,21154000000,0.412,1555.77,15185000000,3059000000,-1021000000,-879000000,7025000000,,,,,,,,true,false,12,2020-04-01,2021-03-31,-1
2022-05-12,7218,2023-03-31,,33000000000,0.112,,,,,1400000000,0.079,1400000000,0.084,,700000000,,71.71,,,,,,,,,,,,,,,,0.112,,,,,,true,true,12,2022-04-01,2023-03-31,1
2022-05-12,7218,2021-03-31,,,,,,,,,,,,,,,,,,,,,,,,,,,,,,0.00,,,,9763600,2855,9760745,false,false,12,2020-04-01,2021-03-31,-1
2022-05-12,7218,2022-03-31,,,,,,,,,,,,,,,,,,,,,,,,,,,,,,6.00,,,,9763600,2855,9760745,false,false,12,2021-04-01,2022-03-31,0
2022-05-12,7218,2023-03-31,,,,,,,,,,,,,,,,,,,,,,,,,,,,,,8.00,,,,,,,false,true,12,2022-04-01,2023-03-31,1
2022-07-29,7218,2023-03-31,1,7068000000,0.023,,,,,-33000000,,-23000000,,,-211000000,,-21.71,,,,,,36866000000,23457000000,0.468,1768.66,17263000000,,,,,,,,,,,,true,false,3,2022-04-01,2022-06-30,0
2022-07-29,7218,2022-03-31,1,6907000000,0.554,,,,,440000000,,518000000,,,365000000,,37.41,,,,,,,,,,,,,,,,,,,,,,true,false,3,2021-04-01,2021-06-30,-1
2022-07-29,7218,2023-03-31,1,33000000000,0.112,,,,,1400000000,0.079,1400000000,0.084,,700000000,,71.71,,,,,,,,,,,,,,,,,,,,,,true,true,12,2022-04-01,2023-03-31,0
2022-07-29,7218,2022-03-31,1,,,,,,,,,,,,,,,,,,,,36842000000,22722000000,0.448,1690.72,16502000000,,,,,,,,,,,,true,false,12,2021-04-01,2022-03-31,-1
2022-07-29,7218,2022-03-31,1,,,,,,,,,,,,,,,,,,,,,,,,,,,,,6.00,,,,9763600,2855,,false,false,12,2021-04-01,2022-03-31,-1
2022-07-29,7218,2023-03-31,1,,,,,,,,,,,,,,,,,,,,,,,,,,,,,8.00,,,,,,,false,true,12,2022-04-01,2023-03-31,0
2022-07-29,7218,2023-03-31,1,,,,,,,,,,,,,,,,,,,,,,,,,,,,,,,,,9763600,2855,9760745,false,false,3,2022-04-01,2022-06-30,0
2022-07-29,7218,2022-03-31,1,,,,,,,,,,,,,,,,,,,,,,,,,,,,,,,,,,,9760745,false,false,3,2021-04-01,2021-06-30,-1
2022-10-31,7218,2023-03-31,2,15719000000,0.165,,,,,392000000,-0.286,374000000,-0.414,,-89000000,,-9.16,,,,,,37396000000,24423000000,0.479,1834.25,17903000000,,,,,,,,,,,,true,false,6,2022-04-01,2022-09-30,0
2022-10-31,7218,2022-03-31,2,13492000000,0.241,,,,,550000000,,639000000,,,13000000,,1.36,,,,,,,,,,,,,,,,,,,,,,true,false,6,2021-04-01,2021-09-30,-1
2022-10-31,7218,2023-03-31,2,33000000000,0.112,,,,,1400000000,0.079,1400000000,0.084,,700000000,,71.71,,,,,,,,,,,,,,,,,,,,,,true,true,12,2022-04-01,2023-03-31,0
2022-10-31,7218,2022-03-31,2,,,,,,,,,,,,,,,,,,,,36842000000,22722000000,0.448,1690.72,16502000000,,,,,,,,,,,,true,false,12,2021-04-01,2022-03-31,-1
2022-10-31,7218,2022-03-31,2,,,,,,,,,,,,,,,,,,,,,,,,,,,,,6.00,,,,9763600,2855,,false,false,12,2021-04-01,2022-03-31,-1
2022-10-31,7218,2023-03-31,2,,,,,,,,,,,,,,,,,,,,,,,,,,,,,4.00,,,,,,,false,false,12,2022-04-01,2023-03-31,0
2022-10-31,7218,2023-03-31,2,,,,,,,,,,,,,,,,,,,,,,,,,,,,,8.00,,,,,,,false,true,12,2022-04-01,2023-03-31,0
2022-10-31,7218,2023-03-31,2,,,,,,,,,,,,,,,,,,,,,,,,,,,,,,,,,9763600,2855,9760745,false,false,6,2022-04-01,2022-09-30,0
2022-10-31,7218,2022-03-31,2,,,,,,,,,,,,,,,,,,,,,,,,,,,,,,,,,,,9760745,false,false,6,2021-04-01,2021-09-30,-1
2023-01-31,7218,2023-03-31,3,23917000000,0.135,,,,,906000000,0.128,1514000000,0.688,,214000000,,21.97,,,,,,37697000000,24054000000,0.468,1808.94,17656000000,,,,,,,,,,,,true,false,9,2022-04-01,2022-12-31,0
2023-01-31,7218,2022-03-31,3,21075000000,0.157,,,,,804000000,,896000000,,,206000000,,21.18,,,,,,,,,,,,,,,,,,,,,,true,false,9,2021-04-01,2021-12-31,-1
2023-01-31,7218,2023-03-31,3,33300000000,0.122,,,,,1500000000,0.156,2100000000,0.626,,700000000,,71.71,,,,,,,,,,,,,,,,,,,,,,true,true,12,2022-04-01,2023-03-31,0
2023-01-31,7218,2022-03-31,3,,,,,,,,,,,,,,,,,,,,36842000000,22722000000,0.448,1690.72,16502000000,,,,,,,,,,,,true,false,12,2021-04-01,2022-03-31,-1
2023-01-31,7218,2022-03-31,3,,,,,,,,,,,,,,,,,,,,,,,,,,,,,6.00,,,,9763600,2855,,false,false,12,2021-04-01,2022-03-31,-1
2023-01-31,7218,2023-03-31,3,,,,,,,,,,,,,,,,,,,,,,,,,,,,,4.00,,,,,,,false,false,12,2022-04-01,2023-03-31,0
2023-01-31,7218,2023-03-31,3,,,,,,,,,,,,,,,,,,,,,,,,,,,,,8.00,,,,,,,false,true,12,2022-04-01,2023-03-31,0
2023-01-31,7218,2023-03-31,3,,,,,,,,,,,,,,,,,,,,,,,,,,,,,,,,,9763600,2855,9760745,false,false,9,2022-04-01,2022-12-31,0
2023-01-31,7218,2022-03-31,3,,,,,,,,,,,,,,,,,,,,,,,,,,,,,,,,,,,9760745,false,false,9,2021-04-01,2021-12-31,-1
2023-05-12,7218,2023-03-31,,34228000000,0.154,,,,,2186000000,0.685,2841000000,1.200,,1022000000,,104.76,,0.058,0.075,0.064,,39278000000,25319000000,0.473,1903.42,18578000000,4975000000,-928000000,-2666000000,8484000000,,0.076,,,,,,true,false,12,2022-04-01,2023-03-31,0
2023-05-12,7218,2022-03-31,,29671000000,0.139,,,,,1297000000,,1291000000,,,373000000,,38.28,,0.024,0.035,0.044,,36842000000,22722000000,0.448,1690.72,16502000000,2369000000,-1561000000,-1385000000,6755000000,,0.157,,,,,,true,false,12,2021-04-01,2022-03-31,-1
2023-05-12,7218,2024-03-31,,36000000000,0.052,,,,,1900000000,-0.131,2000000000,-0.296,,1100000000,,112.69,,,,,,,,,,,,,,,,0.089,,,,,,true,true,12,2023-04-01,2024-03-31,1
2023-05-12,7218,2022-03-31,,,,,,,,,,,,,,,,,,,,,,,,,,,,,,6.00,,,,9763600,2855,9760745,false,false,12,2021-04-01,2022-03-31,-1
2023-05-12,7218,2023-03-31,,,,,,,,,,,,,,,,,,,,,,,,,,,,,,8.00,,,,9763600,2855,9760745,false,false,12,2022-04-01,2023-03-31,0
2023-05-12,7218,2024-03-31,,,,,,,,,,,,,,,,,,,,,,,,,,,,,,10.00,,,,,,,false,true,12,2023-04-01,2024-03-31,1
2023-07-31,7218,2024-03-31,1,9216000000,0.304,,,,,334000000,,388000000,,,196000000,,20.12,,,,,,39107000000,26356000000,0.508,2035.46,19867000000,,,,,,,,,,,,true,false,3,2023-04-01,2023-06-30,0
2023-07-31,7218,2023-03-31,1,7068000000,0.023,,,,,-33000000,,-23000000,,,-211000000,,-21.71,,,,,,,,,,,,,,,,,,,,,,true,false,3,2022-04-01,2022-06-30,-1
2023-07-31,7218,2024-03-31,1,36000000000,0.052,,,,,1900000000,-0.131,2000000000,-0.296,,1100000000,,112.69,,,,,,,,,,,,,,,,,,,,,,true,true,12,2023-04-01,2024-03-31,0
2023-07-31,7218,2023-03-31,1,,,,,,,,,,,,,,,,,,,,39278000000,25319000000,0.473,1903.42,18578000000,,,,,,,,,,,,true,false,12,2022-04-01,2023-03-31,-1
2023-07-31,7218,2023-03-31,1,,,,,,,,,,,,,,,,,,,,,,,,,,,,,8.00,,,,9763600,2855,,false,false,12,2022-04-01,2023-03-31,-1
2023-07-31,7218,2024-03-31,1,,,,,,,,,,,,,,,,,,,,,,,,,,,,,10.00,,,,,,,false,true,12,2023-04-01,2024-03-31,0
2023-07-31,7218,2024-03-31,1,,,,,,,,,,,,,,,,,,,,,,,,,,,,,,,,,9763600,2855,9760745,false,false,3,2023-04-01,2023-06-30,0
2023-07-31,7218,2023-03-31,1,,,,,,,,,,,,,,,,,,,,,,,,,,,,,,,,,,,9760745,false,false,3,2022-04-01,2022-06-30,-1
2023-10-31,7218,2024-03-31,2,19591000000,0.246,,,,,1269000000,2.231,1366000000,2.646,,765000000,,78.41,,,,,,40417000000,27989000000,0.525,2172.29,21203000000,,,,,,,,,,,,true,false,6,2023-04-01,2023-09-30,0
2023-10-31,7218,2023-03-31,2,15719000000,0.165,,,,,392000000,-0.286,374000000,-0.414,,-89000000,,-9.16,,,,,,,,,,,,,,,,,,,,,,true,false,6,2022-04-01,2022-09-30,-1
2023-10-31,7218,2024-03-31,2,39000000000,0.139,,,,,2600000000,0.189,2800000000,-0.015,,1600000000,,163.92,,,,,,,,,,,,,,,,,,,,,,true,true,12,2023-04-01,2024-03-31,0
2023-10-31,7218,2023-03-31,2,,,,,,,,,,,,,,,,,,,,39278000000,25319000000,0.473,1903.42,18578000000,,,,,,,,,,,,true,false,12,2022-04-01,2023-03-31,-1
2023-10-31,7218,2023-03-31,2,,,,,,,,,,,,,,,,,,,,,,,,,,,,,8.00,,,,9763600,2855,,false,false,12,2022-04-01,2023-03-31,-1
2023-10-31,7218,2024-03-31,2,,,,,,,,,,,,,,,,,,,,,,,,,,,,,7.00,,,,,,,false,false,12,2023-04-01,2024-03-31,0
2023-10-31,7218,2024-03-31,2,,,,,,,,,,,,,,,,,,,,,,,,,,,,,14.00,,,,,,,false,true,12,2023-04-01,2024-03-31,0
2023-10-31,7218,2024-03-31,2,,,,,,,,,,,,,,,,,,,,,,,,,,,,,,,,,9763600,2855,9760745,false,false,6,2023-04-01,2023-09-30,0
2023-10-31,7218,2023-03-31,2,,,,,,,,,,,,,,,,,,,,,,,,,,,,,,,,,,,9760745,false,false,6,2022-04-01,2022-09-30,-1
2024-01-31,7218,2024-03-31,3,30159000000,0.261,,,,,2461000000,1.715,2704000000,0.786,,1596000000,,164.14,,,,,,40981000000,28009000000,0.517,2203.51,21177000000,,,,,,,,,,,,true,false,9,2023-04-01,2023-12-31,0
2024-01-31,7218,2023-03-31,3,23917000000,0.135,,,,,906000000,0.128,1514000000,0.688,,214000000,,21.97,,,,,,,,,,,,,,,,,,,,,,true,false,9,2022-04-01,2022-12-31,-1
2024-01-31,7218,2024-03-31,3,39000000000,0.139,,,,,2600000000,0.189,2800000000,-0.015,,1600000000,,163.92,,,,,,,,,,,,,,,,,,,,,,true,true,12,2023-04-01,2024-03-31,0
2024-01-31,7218,2023-03-31,3,,,,,,,,,,,,,,,,,,,,39278000000,25319000000,0.473,1903.42,18578000000,,,,,,,,,,,,true,false,12,2022-04-01,2023-03-31,-1
2024-01-31,7218,2023-03-31,3,,,,,,,,,,,,,,,,,,,,,,,,,,,,,8.00,,,,9763600,2855,,false,false,12,2022-04-01,2023-03-31,-1
2024-01-31,7218,2024-03-31,3,,,,,,,,,,,,,,,,,,,,,,,,,,,,,7.00,,,,,,,false,false,12,2023-04-01,2024-03-31,0
2024-01-31,7218,2024-03-31,3,,,,,,,,,,,,,,,,,,,,,,,,,,,,,14.00,,,,,,,false,true,12,2023-04-01,2024-03-31,0
2024-01-31,7218,2024-03-31,3,,,,,,,,,,,,,,,,,,,,,,,,,,,,,,,,,9763600,152855,9727472,false,false,9,2023-04-01,2023-12-31,0
2024-01-31,7218,2023-03-31,3,,,,,,,,,,,,,,,,,,,,,,,,,,,,,,,,,,,9760745,false,false,9,2022-04-01,2022-12-31,-1
2024-05-10,7218,2024-03-31,,42545000000,0.243,,,,,3663000000,0.675,3974000000,0.398,,2218000000,,228.74,,0.107,0.097,0.086,,42680000000,30146000000,0.532,2357.66,22722000000,7422000000,-2823000000,-3664000000,8800000000,,0.096,,,,,,true,false,12,2023-04-01,2024-03-31,0
2024-05-10,7218,2023-03-31,,34228000000,0.154,,,,,2186000000,0.685,2841000000,1.200,,1022000000,,104.76,,0.058,0.075,0.064,,39278000000,25319000000,0.473,1903.42,18578000000,4975000000,-1107000000,-2666000000,7442000000,,0.076,,,,,,true,false,12,2022-04-01,2023-03-31,-1
2024-05-10,7218,2025-03-31,,38300000000,-0.100,,,,,2100000000,-0.427,2200000000,-0.446,,1300000000,,134.01,,,,,,,,,,,,,,,,0.194,,,,,,true,true,12,2024-04-01,2025-03-31,1
2024-05-10,7218,2023-03-31,,,,,,,,,,,,,,,,,,,,,,,,,,,,,,8.00,,,,9763600,2855,9760745,false,false,12,2022-04-01,2023-03-31,-1
2024-05-10,7218,2024-03-31,,,,,,,,,,,,,,,,,,,,,,,,,,,,,,22.00,,,,9763600,125976,9700727,false,false,12,2023-04-01,2024-03-31,0
2024-05-10,7218,2025-03-31,,,,,,,,,,,,,,,,,,,,,,,,,,,,,,26.00,,,,,,,false,true,12,2024-04-01,2025-03-31,1
2024-07-31,7218,2025-03-31,1,10202000000,0.107,,,,,859000000,1.570,997000000,1.566,,571000000,,59.35,,,,,,42077000000,30757000000,0.566,2471.87,23822000000,,,,,,,,,,,,true,false,3,2024-04-01,2024-06-30,0
2024-07-31,7218,2024-03-31,1,9216000000,0.304,,,,,334000000,,388000000,,,196000000,,20.12,,,,,,,,,,,,,,,,,,,,,,true,false,3,2023-04-01,2023-06-30,-1
2024-07-31,7218,2025-03-31,1,38300000000,-0.100,,,,,2100000000,-0.427,2200000000,-0.446,,1300000000,,134.01,,,,,,,,,,,,,,,,,,,,,,true,true,12,2024-04-01,2025-03-31,0
2024-07-31,7218,2024-03-31,1,,,,,,,,,,,,,,,,,,,,42680000000,30146000000,0.532,2357.66,22722000000,,,,,,,,,,,,true,false,12,2023-04-01,2024-03-31,-1
2024-07-31,7218,2024-03-31,1,,,,,,,,,,,,,,,,,,,,,,,,,,,,,22.00,,,,9763600,125976,,false,false,12,2023-04-01,2024-03-31,-1
2024-07-31,7218,2025-03-31,1,,,,,,,,,,,,,,,,,,,,,,,,,,,,,26.00,,,,,,,false,true,12,2024-04-01,2025-03-31,0
2024-07-31,7218,2025-03-31,1,,,,,,,,,,,,,,,,,,,,,,,,,,,,,,,,,9763600,126076,9637588,false,false,3,2024-04-01,2024-06-30,0
2024-07-31,7218,2024-03-31,1,,,,,,,,,,,,,,,,,,,,,,,,,,,,,,,,,,,9760745,false,false,3,2023-04-01,2023-06-30,-1
2024-10-31,7218,2025-03-31,2,19649000000,0.003,,,,,1388000000,0.094,1599000000,0.171,,966000000,,100.17,,,,,,39555000000,29735000000,0.585,2398.19,23148000000,,,,,,,,,,,,true,false,6,2024-04-01,2024-09-30,0
2024-10-31,7218,2024-03-31,2,19591000000,0.246,,,,,1269000000,2.231,1366000000,2.646,,765000000,,78.41,,,,,,,,,,,,,,,,,,,,,,true,false,6,2023-04-01,2023-09-30,-1
2024-10-31,7218,2025-03-31,2,38300000000,-0.100,,,,,2100000000,-0.427,2200000000,-0.446,,1300000000,,134.01,,,,,,,,,,,,,,,,,,,,,,true,true,12,2024-04-01,2025-03-31,0
2024-10-31,7218,2024-03-31,2,,,,,,,,,,,,,,,,,,,,42680000000,30146000000,0.532,2357.66,22722000000,,,,,,,,,,,,true,false,12,2023-04-01,2024-03-31,-1
2024-10-31,7218,2024-03-31,2,,,,,,,,,,,,,,,,,,,,,,,,,,,,,22.00,,,,9763600,125976,,false,false,12,2023-04-01,2024-03-31,-1
2024-10-31,7218,2025-03-31,2,,,,,,,,,,,,,,,,,,,,,,,,,,,,,13.00,,,,,,,false,false,12,2024-04-01,2025-03-31,0
2024-10-31,7218,2025-03-31,2,,,,,,,,,,,,,,,,,,,,,,,,,,,,,26.00,,,,,,,false,true,12,2024-04-01,2025-03-31,0
2024-10-31,7218,2025-03-31,2,,,,,,,,,,,,,,,,,,,,,,,,,,,,,,,,,9763600,111026,9644226,false,false,6,2024-04-01,2024-09-30,0
2024-10-31,7218,2024-03-31,2,,,,,,,,,,,,,,,,,,,,,,,,,,,,,,,,,,,9760745,false,false,6,2023-04-01,2023-09-30,-1
2025-01-31,7218,2025-03-31,3,30618000000,0.015,,,,,2395000000,-0.027,2709000000,0.002,,1492000000,,154.68,,,,,,41885000000,31631000000,0.581,2521.40,24337000000,,,,,,,,,,,,true,false,9,2024-04-01,2024-12-31,0
2025-01-31,7218,2024-03-31,3,30159000000,0.261,,,,,2461000000,1.715,2704000000,0.786,,1596000000,,164.14,,,,,,,,,,,,,,,,,,,,,,true,false,9,2023-04-01,2023-12-31,-1
2025-01-31,7218,2025-03-31,3,39800000000,-0.065,,,,,2500000000,-0.318,2900000000,-0.270,,1500000000,,155.48,,,,,,,,,,,,,,,,,,,,,,true,true,12,2024-04-01,2025-03-31,0
2025-01-31,7218,2024-03-31,3,,,,,,,,,,,,,,,,,,,,42680000000,30146000000,0.532,2357.66,22722000000,,,,,,,,,,,,true,false,12,2023-04-01,2024-03-31,-1
2025-01-31,7218,2024-03-31,3,,,,,,,,,,,,,,,,,,,,,,,,,,,,,22.00,,,,9763600,125976,,false,false,12,2023-04-01,2024-03-31,-1
2025-01-31,7218,2025-03-31,3,,,,,,,,,,,,,,,,,,,,,,,,,,,,,13.00,,,,,,,false,false,12,2024-04-01,2025-03-31,0
2025-01-31,7218,2025-03-31,3,,,,,,,,,,,,,,,,,,,,,,,,,,,,,32.00,,,,,,,false,true,12,2024-04-01,2025-03-31,0
2025-01-31,7218,2025-03-31,3,,,,,,,,,,,,,,,,,,,,,,,,,,,,,,,,,9763600,111176,9646998,false,false,9,2024-04-01,2024-12-31,0
2025-01-31,7218,2024-03-31,3,,,,,,,,,,,,,,,,,,,,,,,,,,,,,,,,,,,9727472,false,false,9,2023-04-01,2023-12-31,-1
2025-05-13,7218,2025-03-31,,40474000000,-0.049,,,,,2704000000,-0.262,3135000000,-0.211,,1788000000,,185.32,,0.076,0.073,0.067,,43717000000,31055000000,0.550,2483.22,24054000000,4421000000,-3130000000,-2095000000,8178000000,,0.173,,,,,,true,false,12,2024-04-01,2025-03-31,0
2025-05-13,7218,2024-03-31,,42545000000,0.243,,,,,3663000000,0.675,3974000000,0.398,,2218000000,,228.74,,0.107,0.097,0.086,,42680000000,30146000000,0.532,2357.66,22722000000,7422000000,-2823000000,-3664000000,8800000000,,0.096,,,,,,true,false,12,2023-04-01,2024-03-31,-1
2025-05-13,7218,2026-03-31,,40600000000,0.003,,,,,2100000000,-0.224,2200000000,-0.298,,1300000000,,134.70,,,,,,,,,,,,,,,,0.238,,,,,,true,true,12,2025-04-01,2026-03-31,1
2025-05-13,7218,2024-03-31,,,,,,,,,,,,,,,,,,,,,,,,,,,,,,22.00,,,,9763600,125976,9700727,false,false,12,2023-04-01,2024-03-31,-1
2025-05-13,7218,2025-03-31,,,,,,,,,,,,,,,,,,,,,,,,,,,,,,32.00,,,,9763600,76726,9651062,false,false,12,2024-04-01,2025-03-31,0
2025-05-13,7218,2026-03-31,,,,,,,,,,,,,,,,,,,,,,,,,,,,,,32.00,,,,,,,false,true,12,2025-04-01,2026-03-31,1
