filing_date,code,fiscal_year_end,quarterly_period,net_sales,net_sales_change,revenue,revenue_change,operating_revenue,operating_revenue_change,operating_profit,operating_profit_change,ordinary_profit,ordinary_profit_change,net_income,net_income_of_parent,net_income_change,eps,diluted_eps,roe,roa,operating_profit_to_net_sales,operating_profit_to_revenue,total_assets,net_assets,equity_ratio,bps,owner_equity,operating_cash_flow,investing_cash_flow,financing_cash_flow,cash,dividend_per_share,payout_ratio,commemorative_dividend,extra_dividend,number_of_shares,number_of_treqsury_shares,avg_number_of_shares,is_consolidated,is_forecast,duration,period_start,period_end,period_pos
2015-07-30,72240,2016-03-31,1,43503000000,0.148,,,,,4445000000,1.201,4477000000,1.246,,2909000000,,29.19,,,,,,175552000000,108192000000,0.616,,108101000000,,,,,,,,,,,,true,false,3,2015-04-01,2015-06-30,0
2015-07-30,72240,2015-03-31,1,37902000000,0.187,,,,,2019000000,0.685,1993000000,0.562,,1201000000,,12.05,,,,,,,,,,,,,,,,,,,,,,true,false,3,2014-04-01,2014-06-30,-1
2015-07-30,72240,2016-03-31,1,96000000000,0.145,,,,,8200000000,0.500,8400000000,0.462,,5500000000,,55.18,,,,,,,,,,,,,,,,,,,,,,true,true,6,2015-04-01,2015-09-30,0
2015-07-30,72240,2016-03-31,1,205000000000,0.061,,,,,16000000000,0.173,16500000000,0.148,,11000000000,,110.35,,,,,,,,,,,,,,,,,,,,,,true,true,12,2015-04-01,2016-03-31,0
2015-07-30,72240,2015-03-31,1,,,,,,,,,,,,,,,,,,,,182167000000,105958000000,0.581,,105865000000,,,,,,,,,,,,true,false,12,2014-04-01,2015-03-31,-1
2015-07-30,72240,2015-03-31,1,,,,,,,,,,,,,,,,,,,,,,,,,,,,,14.00,,,,100000000,319254,,false,false,12,2014-04-01,2015-03-31,-1
2015-07-30,72240,2016-03-31,1,,,,,,,,,,,,,,,,,,,,,,,,,,,,,14.00,,,,,,,false,true,12,2015-04-01,2016-03-31,0
2015-07-30,72240,2016-03-31,1,,,,,,,,,,,,,,,,,,,,,,,,,,,,,,,,,100000000,319920,99680296,false,false,3,2015-04-01,2015-06-30,0
2015-07-30,72240,2015-03-31,1,,,,,,,,,,,,,,,,,,,,,,,,,,,,,,,,,,,99690516,false,false,3,2014-04-01,2014-06-30,-1
2015-10-29,72240,2016-03-31,2,94851000000,0.132,,,,,9437000000,0.727,9425000000,0.641,,6135000000,,61.56,,,,,,178355000000,110954000000,0.622,,110859000000,,,,,,,,,,,,true,false,6,2015-04-01,2015-09-30,0
2015-10-29,72240,2015-03-31,2,83819000000,0.156,,,,,5465000000,0.377,5744000000,0.400,,3615000000,,36.27,,,,,,,,,,,,,,,,,,,,,,true,false,6,2014-04-01,2014-09-30,-1
2015-10-29,72240,2016-03-31,2,205000000000,0.061,,,,,16000000000,0.173,16500000000,0.148,,11000000000,,110.35,,,,,,,,,,,,,,,,,,,,,,true,true,12,2015-04-01,2016-03-31,0
2015-10-29,72240,2015-03-31,2,,,,,,,,,,,,,,,,,,,,182167000000,105958000000,0.581,,105865000000,,,,,,,,,,,,true,false,12,2014-04-01,2015-03-31,-1
2015-10-29,72240,2015-03-31,2,,,,,,,,,,,,,,,,,,,,,,,,,,,,,14.00,,,,100000000,319254,,false,false,12,2014-04-01,2015-03-31,-1
2015-10-29,72240,2016-03-31,2,,,,,,,,,,,,,,,,,,,,,,,,,,,,,7.00,,,,,,,false,false,12,2015-04-01,2016-03-31,0
2015-10-29,72240,2016-03-31,2,,,,,,,,,,,,,,,,,,,,,,,,,,,,,14.00,,,,,,,false,true,12,2015-04-01,2016-03-31,0
2015-10-29,72240,2016-03-31,2,,,,,,,,,,,,,,,,,,,,,,,,,,,,,,,,,100000000,322191,99679433,false,false,6,2015-04-01,2015-09-30,0
2015-10-29,72240,2015-03-31,2,,,,,,,,,,,,,,,,,,,,,,,,,,,,,,,,,,,99689395,false,false,6,2014-04-01,2014-09-30,-1
2016-01-29,72240,2016-03-31,3,143891000000,0.094,,,,,11947000000,0.292,12100000000,0.222,,7766000000,,77.92,,,,,,180045000000,112243000000,0.623,,112157000000,,,,,,,,,,,,true,false,9,2015-04-01,2015-12-31,0
2016-01-29,72240,2015-03-31,3,131538000000,0.139,,,,,9246000000,0.393,9902000000,0.375,,6218000000,,62.38,,,,,,,,,,,,,,,,,,,,,,true,false,9,2014-04-01,2014-12-31,-1
2016-01-29,72240,2016-03-31,3,205000000000,0.061,,,,,16000000000,0.173,16500000000,0.148,,11000000000,,110.36,,,,,,,,,,,,,,,,,,,,,,true,true,12,2015-04-01,2016-03-31,0
2016-01-29,72240,2015-03-31,3,,,,,,,,,,,,,,,,,,,,182167000000,105958000000,0.581,,105865000000,,,,,,,,,,,,true,false,12,2014-04-01,2015-03-31,-1
2016-01-29,72240,2015-03-31,3,,,,,,,,,,,,,,,,,,,,,,,,,,,,,14.00,,,,100000000,319254,,false,false,12,2014-04-01,2015-03-31,-1
2016-01-29,72240,2016-03-31,3,,,,,,,,,,,,,,,,,,,,,,,,,,,,,7.00,,,,,,,false,false,12,2015-04-01,2016-03-31,0
2016-01-29,72240,2016-03-31,3,,,,,,,,,,,,,,,,,,,,,,,,,,,,,14.00,,,,,,,false,true,12,2015-04-01,2016-03-31,0
2016-01-29,72240,2016-03-31,3,,,,,,,,,,,,,,,,,,,,,,,,,,,,,,,,,100000000,324189,99678672,false,false,9,2015-04-01,2015-12-31,0
2016-01-29,72240,2015-03-31,3,,,,,,,,,,,,,,,,,,,,,,,,,,,,,,,,,,,99687916,false,false,9,2014-04-01,2014-12-31,-1
2016-04-28,72240,2016-03-31,,203917000000,0.056,,,,,15260000000,0.119,15596000000,0.085,,10281000000,,103.15,,0.094,0.085,0.075,,186780000000,113079000000,0.605,1133.65,112993000000,14767000000,-6458000000,-4023000000,17085000000,,0.136,,,,,,true,false,12,2015-04-01,2016-03-31,0
2016-04-28,72240,2015-03-31,,193131000000,0.110,,,,,13635000000,0.254,14375000000,0.256,,9159000000,,91.88,,0.091,0.082,0.071,,182167000000,105958000000,0.581,1062.04,105865000000,9485000000,-5817000000,-3503000000,12920000000,,0.152,,,,,,true,false,12,2014-04-01,2015-03-31,-1
2016-04-28,72240,2017-03-31,,94500000000,-0.004,,,,,4000000000,-0.576,4200000000,-0.554,,2700000000,,27.09,,,,,,,,,,,,,,,,,,,,,,true,true,6,2016-04-01,2016-09-30,1
2016-04-28,72240,2017-03-31,,197000000000,-0.034,,,,,10500000000,-0.312,10900000000,-0.301,,7500000000,,75.25,,,,,,,,,,,,,,,,0.186,,,,,,true,true,12,2016-04-01,2017-03-31,1
2016-04-28,72240,2016-03-31,,146651000000,0.083,,,,,9740000000,0.134,11556000000,0.117,7898000000,,0.172,79.25,,,,,,149965000000,90661000000,0.605,909.59,90661000000,,,,,14.00,,,,100000000,327136,99677519,false,false,12,2015-04-01,2016-03-31,0
2016-04-28,72240,2015-03-31,,135356000000,0.151,,,,,8586000000,0.295,10343000000,0.310,6737000000,,0.249,67.58,,,,,,140345000000,84652000000,0.603,849.24,84652000000,,,,,14.00,,,,100000000,319254,99686330,false,false,12,2014-04-01,2015-03-31,-1
2016-04-28,72240,2017-03-31,,,,,,,,,,,,,,,,,,,,,,,,,,,,,,14.00,,,,,,,false,true,12,2016-04-01,2017-03-31,1
2016-07-29,72240,2017-03-31,1,43519000000,0.000,,,,,1660000000,-0.627,1509000000,-0.663,,951000000,,9.75,,,,,,176305000000,109836000000,0.623,,109757000000,,,,,,,,,,,,true,false,3,2016-04-01,2016-06-30,0
2016-07-29,72240,2016-03-31,1,43503000000,0.148,,,,,4445000000,1.201,4477000000,1.246,,2909000000,,29.19,,,,,,,,,,,,,,,,,,,,,,true,false,3,2015-04-01,2015-06-30,-1
2016-07-29,72240,2017-03-31,1,94500000000,-0.004,,,,,4000000000,-0.576,4200000000,-0.554,,2700000000,,28.28,,,,,,,,,,,,,,,,,,,,,,true,true,6,2016-04-01,2016-09-30,0
2016-07-29,72240,2017-03-31,1,197000000000,-0.034,,,,,10500000000,-0.312,10900000000,-0.301,,7500000000,,78.56,,,,,,,,,,,,,,,,,,,,,,true,true,12,2016-04-01,2017-03-31,0
2016-07-29,72240,2016-03-31,1,,,,,,,,,,,,,,,,,,,,186780000000,113079000000,0.605,,112993000000,,,,,,,,,,,,true,false,12,2015-04-01,2016-03-31,-1
2016-07-29,72240,2016-03-31,1,,,,,,,,,,,,,,,,,,,,,,,,,,,,,14.00,,,,100000000,327136,,false,false,12,2015-04-01,2016-03-31,-1
2016-07-29,72240,2017-03-31,1,,,,,,,,,,,,,,,,,,,,,,,,,,,,,14.00,,,,,,,false,true,12,2016-04-01,2017-03-31,0
2016-07-29,72240,2017-03-31,1,,,,,,,,,,,,,,,,,,,,,,,,,,,,,,,,,100000000,4530599,97571380,false,false,3,2016-04-01,2016-06-30,0
2016-07-29,72240,2016-03-31,1,,,,,,,,,,,,,,,,,,,,,,,,,,,,,,,,,,,99680296,false,false,3,2015-04-01,2015-06-30,-1
2016-10-31,72240,2017-03-31,2,92415000000,-0.026,,,,,4903000000,-0.480,4675000000,-0.504,,2941000000,,30.43,,,,,,177376000000,111753000000,0.630,,111679000000,,,,,,,,,,,,true,false,6,2016-04-01,2016-09-30,0
2016-10-31,72240,2016-03-31,2,94851000000,0.132,,,,,9437000000,0.727,9425000000,0.641,,6135000000,,61.56,,,,,,,,,,,,,,,,,,,,,,true,false,6,2015-04-01,2015-09-30,-1
2016-10-31,72240,2017-03-31,2,200000000000,-0.019,,,,,11000000000,-0.279,11100000000,-0.288,,7600000000,,79.61,,,,,,,,,,,,,,,,,,,,,,true,true,12,2016-04-01,2017-03-31,0
2016-10-31,72240,2016-03-31,2,,,,,,,,,,,,,,,,,,,,186780000000,113079000000,0.605,,112993000000,,,,,,,,,,,,true,false,12,2015-04-01,2016-03-31,-1
2016-10-31,72240,2016-03-31,2,,,,,,,,,,,,,,,,,,,,,,,,,,,,,14.00,,,,100000000,327136,,false,false,12,2015-04-01,2016-03-31,-1
2016-10-31,72240,2017-03-31,2,,,,,,,,,,,,,,,,,,,,,,,,,,,,,7.00,,,,,,,false,false,12,2016-04-01,2017-03-31,0
2016-10-31,72240,2017-03-31,2,,,,,,,,,,,,,,,,,,,,,,,,,,,,,14.00,,,,,,,false,true,12,2016-04-01,2017-03-31,0
2016-10-31,72240,2017-03-31,2,,,,,,,,,,,,,,,,,,,,,,,,,,,,,,,,,100000000,4531743,96670323,false,false,6,2016-04-01,2016-09-30,0
2016-10-31,72240,2016-03-31,2,,,,,,,,,,,,,,,,,,,,,,,,,,,,,,,,,,,99679433,false,false,6,2015-04-01,2015-09-30,-1
2017-01-31,72240,2017-03-31,3,140871000000,-0.021,,,,,8899000000,-0.255,9048000000,-0.252,,5868000000,,60.94,,,,,,181969000000,114784000000,0.630,,114710000000,,,,,,,,,,,,true,false,9,2016-04-01,2016-12-31,0
2017-01-31,72240,2016-03-31,3,143891000000,0.094,,,,,11947000000,0.292,12100000000,0.222,,7766000000,,77.92,,,,,,,,,,,,,,,,,,,,,,true,false,9,2015-04-01,2015-12-31,-1
2017-01-31,72240,2017-03-31,3,200000000000,-0.019,,,,,12500000000,-0.181,12600000000,-0.192,,8500000000,,89.03,,,,,,,,,,,,,,,,,,,,,,true,true,12,2016-04-01,2017-03-31,0
2017-01-31,72240,2016-03-31,3,,,,,,,,,,,,,,,,,,,,186780000000,113079000000,0.605,,112993000000,,,,,,,,,,,,true,false,12,2015-04-01,2016-03-31,-1
2017-01-31,72240,2016-03-31,3,,,,,,,,,,,,,,,,,,,,,,,,,,,,,14.00,,,,100000000,327136,,false,false,12,2015-04-01,2016-03-31,-1
2017-01-31,72240,2017-03-31,3,,,,,,,,,,,,,,,,,,,,,,,,,,,,,7.00,,,,,,,false,false,12,2016-04-01,2017-03-31,0
2017-01-31,72240,2017-03-31,3,,,,,,,,,,,,,,,,,,,,,,,,,,,,,14.00,,,,,,,false,true,12,2016-04-01,2017-03-31,0
2017-01-31,72240,2017-03-31,3,,,,,,,,,,,,,,,,,,,,,,,,,,,,,,,,,100000000,4531213,96309846,false,false,9,2016-04-01,2016-12-31,0
2017-01-31,72240,2016-03-31,3,,,,,,,,,,,,,,,,,,,,,,,,,,,,,,,,,,,99678672,false,false,9,2015-04-01,2015-12-31,-1
2017-04-27,72240,2017-03-31,,201204000000,-0.013,,,,,13067000000,-0.144,13244000000,-0.151,,8954000000,,93.17,,0.077,0.071,0.065,,188632000000,118348000000,0.627,1238.84,118268000000,14342000000,-6039000000,-6619000000,18772000000,,0.150,,,,,,true,false,12,2016-04-01,2017-03-31,0
2017-04-27,72240,2016-03-31,,203917000000,0.056,,,,,15260000000,0.119,15596000000,0.085,,10281000000,,103.15,,0.094,0.085,0.075,,186780000000,113079000000,0.605,1133.65,112993000000,14767000000,-6458000000,-4023000000,17085000000,,0.136,,,,,,true,false,12,2015-04-01,2016-03-31,-1
2017-04-27,72240,2018-03-31,,94700000000,0.025,,,,,4000000000,-0.184,4100000000,-0.123,,2600000000,,27.23,,,,,,,,,,,,,,,,,,,,,,true,true,6,2017-04-01,2017-09-30,1
2017-04-27,72240,2018-03-31,,200000000000,-0.006,,,,,10000000000,-0.235,10300000000,-0.222,,6500000000,,68.09,,,,,,,,,,,,,,,,0.206,,,,,,true,true,12,2017-04-01,2018-03-31,1
2017-04-27,72240,2017-03-31,,139985000000,-0.045,,,,,7107000000,-0.270,9147000000,-0.208,6541000000,,-0.172,68.06,,,,,,148861000000,93438000000,0.628,978.74,93438000000,,,,,14.00,,,,100000000,4532661,96115451,false,false,12,2016-04-01,2017-03-31,0
2017-04-27,72240,2016-03-31,,146651000000,0.083,,,,,9740000000,0.134,11556000000,0.117,7898000000,,0.172,79.25,,,,,,149965000000,90661000000,0.605,909.59,90661000000,,,,,14.00,,,,100000000,327136,99677519,false,false,12,2015-04-01,2016-03-31,-1
2017-04-27,72240,2018-03-31,,,,,,,,,,,,,,,,,,,,,,,,,,,,,,14.00,,,,,,,false,true,12,2017-04-01,2018-03-31,1
2017-07-28,72240,2018-03-31,1,44284000000,0.018,,,,,2365000000,0.425,2416000000,0.601,,1627000000,,17.05,,,,,,181088000000,119726000000,0.661,,119641000000,,,,,,,,,,,,true,false,3,2017-04-01,2017-06-30,0
2017-07-28,72240,2017-03-31,1,43519000000,0.000,,,,,1660000000,-0.627,1509000000,-0.663,,951000000,,9.75,,,,,,,,,,,,,,,,,,,,,,true,false,3,2016-04-01,2016-06-30,-1
2017-07-28,72240,2018-03-31,1,94700000000,0.025,,,,,4500000000,-0.082,4600000000,-0.016,,2950000000,,30.90,,,,,,,,,,,,,,,,,,,,,,true,true,6,2017-04-01,2017-09-30,0
2017-07-28,72240,2018-03-31,1,200000000000,-0.006,,,,,11000000000,-0.158,11300000000,-0.147,,7200000000,,75.42,,,,,,,,,,,,,,,,,,,,,,true,true,12,2017-04-01,2018-03-31,0
2017-07-28,72240,2017-03-31,1,,,,,,,,,,,,,,,,,,,,188632000000,118348000000,0.627,,118268000000,,,,,,,,,,,,true,false,12,2016-04-01,2017-03-31,-1
2017-07-28,72240,2017-03-31,1,,,,,,,,,,,,,,,,,,,,,,,,,,,,,14.00,,,,100000000,4532661,,false,false,12,2016-04-01,2017-03-31,-1
2017-07-28,72240,2018-03-31,1,,,,,,,,,,,,,,,,,,,,,,,,,,,,,14.00,,,,,,,false,true,12,2017-04-01,2018-03-31,0
2017-07-28,72240,2018-03-31,1,,,,,,,,,,,,,,,,,,,,,,,,,,,,,,,,,100000000,4534432,95466494,false,false,3,2017-04-01,2017-06-30,0
2017-07-28,72240,2017-03-31,1,,,,,,,,,,,,,,,,,,,,,,,,,,,,,,,,,,,97571380,false,false,3,2016-04-01,2016-06-30,-1
2017-10-31,72240,2018-03-31,2,95981000000,0.039,,,,,5570000000,0.136,5702000000,0.220,,3741000000,,39.19,,,,,,186491000000,122296000000,0.655,,122205000000,,,,,,,,,,,,true,false,6,2017-04-01,2017-09-30,0
2017-10-31,72240,2017-03-31,2,92415000000,-0.026,,,,,4903000000,-0.480,4675000000,-0.504,,2941000000,,30.43,,,,,,,,,,,,,,,,,,,,,,true,false,6,2016-04-01,2016-09-30,-1
2017-10-31,72240,2018-03-31,2,200000000000,-0.006,,,,,12000000000,-0.082,12300000000,-0.071,,8000000000,,83.80,,,,,,,,,,,,,,,,,,,,,,true,true,12,2017-04-01,2018-03-31,0
2017-10-31,72240,2017-03-31,2,,,,,,,,,,,,,,,,,,,,188632000000,118348000000,0.627,,118268000000,,,,,,,,,,,,true,false,12,2016-04-01,2017-03-31,-1
2017-10-31,72240,2017-03-31,2,,,,,,,,,,,,,,,,,,,,,,,,,,,,,14.00,,,,100000000,4532661,,false,false,12,2016-04-01,2017-03-31,-1
2017-10-31,72240,2018-03-31,2,,,,,,,,,,,,,,,,,,,,,,,,,,,,,7.00,,,,,,,false,false,12,2017-04-01,2018-03-31,0
2017-10-31,72240,2018-03-31,2,,,,,,,,,,,,,,,,,,,,,,,,,,,,,14.00,,,,,,,false,true,12,2017-04-01,2018-03-31,0
2017-10-31,72240,2018-03-31,2,,,,,,,,,,,,,,,,,,,,,,,,,,,,,,,,,100000000,4534828,95465987,false,false,6,2017-04-01,2017-09-30,0
2017-10-31,72240,2017-03-31,2,,,,,,,,,,,,,,,,,,,,,,,,,,,,,,,,,,,96670323,false,false,6,2016-04-01,2016-09-30,-1
2018-01-31,72240,2018-03-31,3,145780000000,0.035,,,,,8121000000,-0.087,8503000000,-0.060,,5509000000,,57.71,,,,,,187679000000,123793000000,0.659,,123697000000,,,,,,,,,,,,true,false,9,2017-04-01,2017-12-31,0
2018-01-31,72240,2017-03-31,3,140871000000,-0.021,,,,,8899000000,-0.255,9048000000,-0.252,,5868000000,,60.94,,,,,,,,,,,,,,,,,,,,,,true,false,9,2016-04-01,2016-12-31,-1
2018-01-31,72240,2018-03-31,3,200000000000,-0.006,,,,,11000000000,-0.158,11300000000,-0.147,,7300000000,,76.47,,,,,,,,,,,,,,,,,,,,,,true,true,12,2017-04-01,2018-03-31,0
2018-01-31,72240,2017-03-31,3,,,,,,,,,,,,,,,,,,,,188632000000,118348000000,0.627,,118268000000,,,,,,,,,,,,true,false,12,2016-04-01,2017-03-31,-1
2018-01-31,72240,2017-03-31,3,,,,,,,,,,,,,,,,,,,,,,,,,,,,,14.00,,,,100000000,4532661,,false,false,12,2016-04-01,2017-03-31,-1
2018-01-31,72240,2018-03-31,3,,,,,,,,,,,,,,,,,,,,,,,,,,,,,7.00,,,,,,,false,false,12,2017-04-01,2018-03-31,0
2018-01-31,72240,2018-03-31,3,,,,,,,,,,,,,,,,,,,,,,,,,,,,,14.00,,,,,,,false,true,12,2017-04-01,2018-03-31,0
2018-01-31,72240,2018-03-31,3,,,,,,,,,,,,,,,,,,,,,,,,,,,,,,,,,100000000,4535166,95465687,false,false,9,2017-04-01,2017-12-31,0
2018-01-31,72240,2017-03-31,3,,,,,,,,,,,,,,,,,,,,,,,,,,,,,,,,,,,96309846,false,false,9,2016-04-01,2016-12-31,-1
2018-04-27,72240,2018-03-31,,207335000000,0.030,,,,,10594000000,-0.189,10752000000,-0.188,,7086000000,,74.23,,0.058,0.057,0.051,,190019000000,125004000000,0.657,1308.27,124893000000,8699000000,-7076000000,-1647000000,18750000000,,0.310,,,,,,true,false,12,2017-04-01,2018-03-31,0
2018-04-27,72240,2017-03-31,,201204000000,-0.013,,,,,13067000000,-0.144,13244000000,-0.151,,8954000000,,93.17,,0.077,0.071,0.065,,188632000000,118348000000,0.627,1238.84,118268000000,14342000000,-6039000000,-6619000000,18772000000,,0.150,,,,,,true,false,12,2016-04-01,2017-03-31,-1
2018-04-27,72240,2019-03-31,,210000000000,0.013,,,,,10500000000,-0.009,11000000000,0.023,,7600000000,,79.61,,,,,,,,,,,,,,,,0.452,,,,,,true,true,12,2018-04-01,2019-03-31,1
2018-04-27,72240,2018-03-31,,142629000000,0.019,,,,,4014000000,-0.435,6316000000,-0.309,5027000000,,-0.232,52.66,,,,,,148324000000,97615000000,0.658,1022.53,97615000000,,,,,23.00,,,,100000000,4535321,95465463,false,false,12,2017-04-01,2018-03-31,0
2018-04-27,72240,2017-03-31,,139985000000,-0.045,,,,,7107000000,-0.270,9147000000,-0.208,6541000000,,-0.172,68.06,,,,,,148861000000,93438000000,0.628,978.74,93438000000,,,,,14.00,,,,100000000,4532661,96115451,false,false,12,2016-04-01,2017-03-31,-1
2018-04-27,72240,2019-03-31,,,,,,,,,,,,,,,,,,,,,,,,,,,,,,36.00,,,,,,,false,true,12,2018-04-01,2019-03-31,1
2018-07-30,72240,2019-03-31,1,46132000000,0.042,,,,,1327000000,-0.439,1524000000,-0.369,,1572000000,,16.47,,,,,,186283000000,124337000000,0.667,,124212000000,,,,,,,,,,,,true,false,3,2018-04-01,2018-06-30,0
2018-07-30,72240,2018-03-31,1,44284000000,0.018,,,,,2365000000,0.425,2416000000,0.601,,1627000000,,17.05,,,,,,,,,,,,,,,,,,,,,,true,false,3,2017-04-01,2017-06-30,-1
2018-07-30,72240,2019-03-31,1,210000000000,0.013,,,,,10500000000,-0.009,11000000000,0.023,,7600000000,,79.61,,,,,,,,,,,,,,,,,,,,,,true,true,12,2018-04-01,2019-03-31,0
2018-07-30,72240,2018-03-31,1,,,,,,,,,,,,,,,,,,,,190001000000,125004000000,0.657,,124893000000,,,,,,,,,,,,true,false,12,2017-04-01,2018-03-31,-1
2018-07-30,72240,2018-03-31,1,,,,,,,,,,,,,,,,,,,,,,,,,,,,,23.00,,,,100000000,4535321,,false,false,12,2017-04-01,2018-03-31,-1
2018-07-30,72240,2019-03-31,1,,,,,,,,,,,,,,,,,,,,,,,,,,,,,36.00,,,,,,,false,true,12,2018-04-01,2019-03-31,0
2018-07-30,72240,2019-03-31,1,,,,,,,,,,,,,,,,,,,,,,,,,,,,,,,,,100000000,4535705,95464487,false,false,3,2018-04-01,2018-06-30,0
2018-07-30,72240,2018-03-31,1,,,,,,,,,,,,,,,,,,,,,,,,,,,,,,,,,,,95466494,false,false,3,2017-04-01,2017-06-30,-1
2018-10-30,72240,2019-03-31,2,98557000000,0.027,,,,,4048000000,-0.273,4290000000,-0.248,,3242000000,,34.14,,,,,,186852000000,123723000000,0.661,,123590000000,,,,,,,,,,,,true,false,6,2018-04-01,2018-09-30,0
2018-10-30,72240,2018-03-31,2,95981000000,0.039,,,,,5570000000,0.136,5702000000,0.220,,3741000000,,39.19,,,,,,,,,,,,,,,,,,,,,,true,false,6,2017-04-01,2017-09-30,-1
2018-10-30,72240,2019-03-31,2,215000000000,0.037,,,,,11000000000,0.038,11500000000,0.070,,7900000000,,84.53,,,,,,,,,,,,,,,,,,,,,,true,true,12,2018-04-01,2019-03-31,0
2018-10-30,72240,2018-03-31,2,,,,,,,,,,,,,,,,,,,,190001000000,125004000000,0.657,,124893000000,,,,,,,,,,,,true,false,12,2017-04-01,2018-03-31,-1
2018-10-30,72240,2018-03-31,2,,,,,,,,,,,,,,,,,,,,,,,,,,,,,23.00,,,,100000000,4535321,,false,false,12,2017-04-01,2018-03-31,-1
2018-10-30,72240,2019-03-31,2,,,,,,,,,,,,,,,,,,,,,,,,,,,,,18.00,,,,,,,false,false,12,2018-04-01,2019-03-31,0
2018-10-30,72240,2019-03-31,2,,,,,,,,,,,,,,,,,,,,,,,,,,,,,36.00,,,,,,,false,true,12,2018-04-01,2019-03-31,0
2018-10-30,72240,2019-03-31,2,,,,,,,,,,,,,,,,,,,,,,,,,,,,,,,,,100000000,6537781,94987709,false,false,6,2018-04-01,2018-09-30,0
2018-10-30,72240,2018-03-31,2,,,,,,,,,,,,,,,,,,,,,,,,,,,,,,,,,,,95465987,false,false,6,2017-04-01,2017-09-30,-1
,72240,2019-03-31,,,,,,,,,,,,,,,,,,,,,,,,,,,,,,37.00,,,,,,,false,true,12,2018-04-01,2019-03-31,0
,72240,2019-03-31,,,,,,,,,,,,,,,,,,,,,,,,,,,,,,18.00,,,,,,,false,false,12,2018-04-01,2019-03-31,0
,72240,2018-03-31,,,,,,,,,,,,,,,,,,,,,,,,,,,,,,23.00,,,,,,,false,false,12,2017-04-01,2018-03-31,-1
,72240,2019-03-31,,,,,,,,,,,,,,,,,,,,,,,,,,,,,,45.00,,,,,,,false,true,12,2018-04-01,2019-03-31,0
,72240,2019-03-31,,,,,,,,,,,,,,,,,,,,,,,,,,,,,,18.00,,,,,,,false,false,12,2018-04-01,2019-03-31,0
,72240,2018-03-31,,,,,,,,,,,,,,,,,,,,,,,,,,,,,,23.00,,,,,,,false,false,12,2017-04-01,2018-03-31,-1
2019-01-31,72240,2019-03-31,3,154598000000,0.060,,,,,7706000000,-0.051,8037000000,-0.055,,5546000000,,58.91,,,,,,191544000000,121418000000,0.633,,121265000000,,,,,,,,,,,,true,false,9,2018-04-01,2018-12-31,0
2019-01-31,72240,2018-03-31,3,145780000000,0.035,,,,,8121000000,-0.087,8503000000,-0.060,,5509000000,,57.71,,,,,,,,,,,,,,,,,,,,,,true,false,9,2017-04-01,2017-12-31,-1
2019-01-31,72240,2019-03-31,3,215000000000,0.037,,,,,11000000000,0.038,11500000000,0.070,,7900000000,,86.00,,,,,,,,,,,,,,,,,,,,,,true,true,12,2018-04-01,2019-03-31,0
2019-01-31,72240,2018-03-31,3,,,,,,,,,,,,,,,,,,,,190001000000,125004000000,0.657,,124893000000,,,,,,,,,,,,true,false,12,2017-04-01,2018-03-31,-1
2019-01-31,72240,2018-03-31,3,,,,,,,,,,,,,,,,,,,,,,,,,,,,,23.00,,,,100000000,4535321,,false,false,12,2017-04-01,2018-03-31,-1
2019-01-31,72240,2019-03-31,3,,,,,,,,,,,,,,,,,,,,,,,,,,,,,18.00,,,,,,,false,false,12,2018-04-01,2019-03-31,0
2019-01-31,72240,2019-03-31,3,,,,,,,,,,,,,,,,,,,,,,,,,,,,,45.00,,,,,,,false,true,12,2018-04-01,2019-03-31,0
2019-01-31,72240,2019-03-31,3,,,,,,,,,,,,,,,,,,,,,,,,,,,,,,,,,96391800,4536636,94152661,false,false,9,2018-04-01,2018-12-31,0
2019-01-31,72240,2018-03-31,3,,,,,,,,,,,,,,,,,,,,,,,,,,,,,,,,,,,95465687,false,false,9,2017-04-01,2017-12-31,-1
2019-04-26,72240,2019-03-31,,217297000000,0.048,,,,,10708000000,0.011,10437000000,-0.029,,6996000000,,76.41,,0.068,0.052,0.049,,209195000000,83043000000,0.394,1263.12,82340000000,13452000000,-9693000000,-526000000,21952000000,,0.589,,,,,,true,false,12,2018-04-01,2019-03-31,0
2019-04-26,72240,2018-03-31,,207335000000,0.030,,,,,10594000000,-0.189,10752000000,-0.188,,7086000000,,74.23,,0.058,0.057,0.051,,190001000000,125004000000,0.657,1308.27,124893000000,8699000000,-7076000000,-1647000000,18750000000,,0.310,,,,,,true,false,12,2017-04-01,2018-03-31,-1
2019-04-26,72240,2020-03-31,,230000000000,0.058,,,,,11000000000,0.027,10500000000,0.006,,6300000000,,96.64,,,,,,,,,,,,,,,,0.900,,,,,,true,true,12,2019-04-01,2020-03-31,1
2019-04-26,72240,2019-03-31,,151004000000,0.059,,,,,4429000000,0.103,5740000000,-0.091,4483000000,,-0.108,48.97,,,,,,157368000000,52844000000,0.336,810.64,52844000000,,,,,45.00,,,,96391800,31203419,91571150,false,false,12,2018-04-01,2019-03-31,0
2019-04-26,72240,2018-03-31,,142629000000,0.019,,,,,4014000000,-0.435,6316000000,-0.309,5027000000,,-0.232,52.66,,,,,,148324000000,97615000000,0.658,1022.53,97615000000,,,,,23.00,,,,100000000,4535321,95465463,false,false,12,2017-04-01,2018-03-31,-1
2019-04-26,72240,2020-03-31,,,,,,,,,,,,,,,,,,,,,,,,,,,,,,87.00,,,,,,,false,true,12,2019-04-01,2020-03-31,1
2019-07-31,72240,2020-03-31,1,48869000000,0.059,,,,,2198000000,0.656,2125000000,0.395,,1203000000,,18.46,,,,,,198108000000,82276000000,0.412,,81673000000,,,,,,,,,,,,true,false,3,2019-04-01,2019-06-30,0
2019-07-31,72240,2019-03-31,1,46132000000,0.042,,,,,1327000000,-0.439,1524000000,-0.369,,1572000000,,16.47,,,,,,,,,,,,,,,,,,,,,,true,false,3,2018-04-01,2018-06-30,-1
2019-07-31,72240,2020-03-31,1,230000000000,0.058,,,,,11000000000,0.027,10500000000,0.006,,6300000000,,96.64,,,,,,,,,,,,,,,,,,,,,,true,true,12,2019-04-01,2020-03-31,0
2019-07-31,72240,2019-03-31,1,,,,,,,,,,,,,,,,,,,,209195000000,83043000000,0.394,,82340000000,,,,,,,,,,,,true,false,12,2018-04-01,2019-03-31,-1
2019-07-31,72240,2019-03-31,1,,,,,,,,,,,,,,,,,,,,,,,,,,,,,45.00,,,,96391800,31203419,,false,false,12,2018-04-01,2019-03-31,-1
2019-07-31,72240,2020-03-31,1,,,,,,,,,,,,,,,,,,,,,,,,,,,,,87.00,,,,,,,false,true,12,2019-04-01,2020-03-31,0
2019-07-31,72240,2020-03-31,1,,,,,,,,,,,,,,,,,,,,,,,,,,,,,,,,,96391800,31203540,65188303,false,false,3,2019-04-01,2019-06-30,0
2019-07-31,72240,2019-03-31,1,,,,,,,,,,,,,,,,,,,,,,,,,,,,,,,,,,,95464487,false,false,3,2018-04-01,2018-06-30,-1
2019-10-31,72240,2020-03-31,2,108098000000,0.097,,,,,6099000000,0.507,5826000000,0.358,,3670000000,,56.30,,,,,,199264000000,84686000000,0.422,,84058000000,,,,,,,,,,,,true,false,6,2019-04-01,2019-09-30,0
2019-10-31,72240,2019-03-31,2,98557000000,0.027,,,,,4048000000,-0.273,4290000000,-0.248,,3242000000,,34.14,,,,,,,,,,,,,,,,,,,,,,true,false,6,2018-04-01,2018-09-30,-1
2019-10-31,72240,2020-03-31,2,230000000000,0.058,,,,,11500000000,0.074,11000000000,0.054,,6500000000,,99.71,,,,,,,,,,,,,,,,,,,,,,true,true,12,2019-04-01,2020-03-31,0
2019-10-31,72240,2019-03-31,2,,,,,,,,,,,,,,,,,,,,209195000000,83043000000,0.394,,82340000000,,,,,,,,,,,,true,false,12,2018-04-01,2019-03-31,-1
2019-10-31,72240,2019-03-31,2,,,,,,,,,,,,,,,,,,,,,,,,,,,,,45.00,,,,96391800,31203419,,false,false,12,2018-04-01,2019-03-31,-1
2019-10-31,72240,2020-03-31,2,,,,,,,,,,,,,,,,,,,,,,,,,,,,,66.00,,,,,,,false,false,12,2019-04-01,2020-03-31,0
2019-10-31,72240,2020-03-31,2,,,,,,,,,,,,,,,,,,,,,,,,,,,,,87.00,,,,,,,false,true,12,2019-04-01,2020-03-31,0
2019-10-31,72240,2020-03-31,2,,,,,,,,,,,,,,,,,,,,,,,,,,,,,,,,,96391800,31203786,65188216,false,false,6,2019-04-01,2019-09-30,0
2019-10-31,72240,2019-03-31,2,,,,,,,,,,,,,,,,,,,,,,,,,,,,,,,,,,,94987709,false,false,6,2018-04-01,2018-09-30,-1
2020-01-31,72240,2020-03-31,3,162022000000,0.048,,,,,8072000000,0.048,7925000000,-0.014,,5013000000,,76.90,,,,,,209476000000,82030000000,0.389,,81383000000,,,,,,,,,,,,true,false,9,2019-04-01,2019-12-31,0
2020-01-31,72240,2019-03-31,3,154598000000,0.060,,,,,7706000000,-0.051,8037000000,-0.055,,5546000000,,58.91,,,,,,,,,,,,,,,,,,,,,,true,false,9,2018-04-01,2018-12-31,-1
2020-01-31,72240,2020-03-31,3,230000000000,0.058,,,,,11500000000,0.074,11000000000,0.054,,6500000000,,99.71,,,,,,,,,,,,,,,,,,,,,,true,true,12,2019-04-01,2020-03-31,0
2020-01-31,72240,2019-03-31,3,,,,,,,,,,,,,,,,,,,,209195000000,83043000000,0.394,,82340000000,,,,,,,,,,,,true,false,12,2018-04-01,2019-03-31,-1
2020-01-31,72240,2019-03-31,3,,,,,,,,,,,,,,,,,,,,,,,,,,,,,45.00,,,,96391800,31203419,,false,false,12,2018-04-01,2019-03-31,-1
2020-01-31,72240,2020-03-31,3,,,,,,,,,,,,,,,,,,,,,,,,,,,,,66.00,,,,,,,false,false,12,2019-04-01,2020-03-31,0
2020-01-31,72240,2020-03-31,3,,,,,,,,,,,,,,,,,,,,,,,,,,,,,87.00,,,,,,,false,true,12,2019-04-01,2020-03-31,0
2020-01-31,72240,2020-03-31,3,,,,,,,,,,,,,,,,,,,,,,,,,,,,,,,,,70000000,4812369,65188085,false,false,9,2019-04-01,2019-12-31,0
2020-01-31,72240,2019-03-31,3,,,,,,,,,,,,,,,,,,,,,,,,,,,,,,,,,,,94152661,false,false,9,2018-04-01,2018-12-31,-1
2020-05-14,72240,2020-03-31,,227231000000,0.046,,,,,12836000000,0.199,12375000000,0.186,,7378000000,,113.11,,0.089,0.058,0.056,,214157000000,83680000000,0.387,1261.64,82946000000,8509000000,-12408000000,1419000000,19342000000,,0.769,,,,,,true,false,12,2019-04-01,2020-03-31,0
2020-05-14,72240,2019-03-31,,217297000000,0.048,,,,,10708000000,0.011,10437000000,-0.029,,6996000000,,76.41,,0.068,0.052,0.049,,209195000000,83043000000,0.394,1263.12,82340000000,13452000000,-9693000000,-526000000,21952000000,,0.589,,,,,,true,false,12,2018-04-01,2019-03-31,-1
2020-05-14,72240,2020-03-31,,149027000000,-0.013,,,,,5576000000,0.259,6501000000,0.133,4087000000,,-0.088,62.66,,,,,,162808000000,50676000000,0.311,770.81,50676000000,,,,,87.00,,,,70000000,4254897,65230855,false,false,12,2019-04-01,2020-03-31,0
2020-05-14,72240,2019-03-31,,151004000000,0.059,,,,,4429000000,0.103,5740000000,-0.091,4483000000,,-0.108,48.97,,,,,,157368000000,52844000000,0.336,810.64,52844000000,,,,,45.00,,,,96391800,31203419,91571150,false,false,12,2018-04-01,2019-03-31,-1
2020-07-31,72240,2021-03-31,1,44806000000,-0.083,,,,,1322000000,-0.398,1519000000,-0.285,,591000000,,9.00,,,,,,203596000000,83398000000,0.406,,82649000000,,,,,,,,,,,,true,false,3,2020-04-01,2020-06-30,0
2020-07-31,72240,2020-03-31,1,48869000000,0.059,,,,,2198000000,0.656,2125000000,0.395,,1203000000,,18.46,,,,,,,,,,,,,,,,,,,,,,true,false,3,2019-04-01,2019-06-30,-1
2020-07-31,72240,2021-03-31,1,210000000000,-0.076,,,,,8500000000,-0.338,8700000000,-0.297,,5000000000,,76.05,,,,,,,,,,,,,,,,,,,,,,true,true,12,2020-04-01,2021-03-31,0
2020-07-31,72240,2020-03-31,1,,,,,,,,,,,,,,,,,,,,214157000000,83680000000,0.387,,82946000000,,,,,,,,,,,,true,false,12,2019-04-01,2020-03-31,-1
2020-07-31,72240,2020-03-31,1,,,,,,,,,,,,,,,,,,,,,,,,,,,,,87.00,,,,70000000,4254897,,false,false,12,2019-04-01,2020-03-31,-1
2020-07-31,72240,2021-03-31,1,,,,,,,,,,,,,,,,,,,,,,,,,,,,,38.00,,,,,,,false,true,12,2020-04-01,2021-03-31,0
2020-07-31,72240,2021-03-31,1,,,,,,,,,,,,,,,,,,,,,,,,,,,,,,,,,70000000,4254899,65745102,false,false,3,2020-04-01,2020-06-30,0
2020-07-31,72240,2020-03-31,1,,,,,,,,,,,,,,,,,,,,,,,,,,,,,,,,,,,65188303,false,false,3,2019-04-01,2019-06-30,-1
2020-10-30,72240,2021-03-31,2,93783000000,-0.132,,,,,3807000000,-0.376,3824000000,-0.344,,2107000000,,32.05,,,,,,202324000000,85021000000,0.416,,84173000000,,,,,,,,,,,,true,false,6,2020-04-01,2020-09-30,0
2020-10-30,72240,2020-03-31,2,108098000000,0.097,,,,,6099000000,0.507,5826000000,0.358,,3670000000,,56.30,,,,,,,,,,,,,,,,,,,,,,true,false,6,2019-04-01,2019-09-30,-1
2020-10-30,72240,2021-03-31,2,210000000000,-0.076,,,,,8500000000,-0.338,8700000000,-0.297,,5000000000,,76.05,,,,,,,,,,,,,,,,,,,,,,true,true,12,2020-04-01,2021-03-31,0
2020-10-30,72240,2020-03-31,2,,,,,,,,,,,,,,,,,,,,214157000000,83680000000,0.387,,82946000000,,,,,,,,,,,,true,false,12,2019-04-01,2020-03-31,-1
2020-10-30,72240,2020-03-31,2,,,,,,,,,,,,,,,,,,,,,,,,,,,,,87.00,,,,70000000,4254897,,false,false,12,2019-04-01,2020-03-31,-1
2020-10-30,72240,2021-03-31,2,,,,,,,,,,,,,,,,,,,,,,,,,,,,,19.00,,,,,,,false,false,12,2020-04-01,2021-03-31,0
2020-10-30,72240,2021-03-31,2,,,,,,,,,,,,,,,,,,,,,,,,,,,,,38.00,,,,,,,false,true,12,2020-04-01,2021-03-31,0
2020-10-30,72240,2021-03-31,2,,,,,,,,,,,,,,,,,,,,,,,,,,,,,,,,,70000000,4255202,65744985,false,false,6,2020-04-01,2020-09-30,0
2020-10-30,72240,2020-03-31,2,,,,,,,,,,,,,,,,,,,,,,,,,,,,,,,,,,,65188216,false,false,6,2019-04-01,2019-09-30,-1
2021-01-29,72240,2021-03-31,3,147087000000,-0.092,,,,,6596000000,-0.183,6796000000,-0.142,,3793000000,,57.70,,,,,,207641000000,85744000000,0.409,,84925000000,,,,,,,,,,,,true,false,9,2020-04-01,2020-12-31,0
2021-01-29,72240,2020-03-31,3,162022000000,0.048,,,,,8072000000,0.048,7925000000,-0.014,,5013000000,,76.90,,,,,,,,,,,,,,,,,,,,,,true,false,9,2019-04-01,2019-12-31,-1
2021-01-29,72240,2021-03-31,3,210000000000,-0.076,,,,,8500000000,-0.338,8700000000,-0.297,,5000000000,,76.05,,,,,,,,,,,,,,,,,,,,,,true,true,12,2020-04-01,2021-03-31,0
2021-01-29,72240,2020-03-31,3,,,,,,,,,,,,,,,,,,,,214157000000,83680000000,0.387,,82946000000,,,,,,,,,,,,true,false,12,2019-04-01,2020-03-31,-1
2021-01-29,72240,2020-03-31,3,,,,,,,,,,,,,,,,,,,,,,,,,,,,,87.00,,,,70000000,4254897,,false,false,12,2019-04-01,2020-03-31,-1
2021-01-29,72240,2021-03-31,3,,,,,,,,,,,,,,,,,,,,,,,,,,,,,19.00,,,,,,,false,false,12,2020-04-01,2021-03-31,0
2021-01-29,72240,2021-03-31,3,,,,,,,,,,,,,,,,,,,,,,,,,,,,,38.00,,,,,,,false,true,12,2020-04-01,2021-03-31,0
2021-01-29,72240,2021-03-31,3,,,,,,,,,,,,,,,,,,,,,,,,,,,,,,,,,70000000,4255469,65744877,false,false,9,2020-04-01,2020-12-31,0
2021-01-29,72240,2020-03-31,3,,,,,,,,,,,,,,,,,,,,,,,,,,,,,,,,,,,65188085,false,false,9,2019-04-01,2019-12-31,-1
2021-05-07,72240,2021-03-31,,209226000000,-0.079,,,,,10479000000,-0.184,11182000000,-0.096,,5487000000,,83.47,,0.064,0.052,0.050,,212060000000,88838000000,0.415,1337.69,87945000000,18120000000,-9133000000,-5972000000,22667000000,,0.455,,,,,,true,false,12,2020-04-01,2021-03-31,0
2021-05-07,72240,2020-03-31,,227231000000,0.046,,,,,12836000000,0.199,12375000000,0.186,,7378000000,,113.11,,0.089,0.058,0.056,,214157000000,83680000000,0.387,1261.64,82946000000,8509000000,-12408000000,1419000000,19342000000,,0.769,,,,,,true,false,12,2019-04-01,2020-03-31,-1
2021-05-07,72240,2022-03-31,,215000000000,0.028,,,,,9000000000,-0.141,9400000000,-0.159,,5500000000,,83.66,,,,,,,,,,,,,,,,0.454,,,,,,true,true,12,2021-04-01,2022-03-31,1
2021-05-07,72240,2021-03-31,,133825000000,-0.102,,,,,2799000000,-0.498,4269000000,-0.343,1320000000,,-0.677,20.08,,,,,,157920000000,50049000000,0.317,761.27,50049000000,,,,,38.00,,,,70000000,4255653,65744774,false,false,12,2020-04-01,2021-03-31,0
2021-05-07,72240,2020-03-31,,149027000000,-0.013,,,,,5576000000,0.259,6501000000,0.133,4087000000,,-0.088,62.66,,,,,,162808000000,50676000000,0.311,770.81,50676000000,,,,,87.00,,,,70000000,4254897,65230855,false,false,12,2019-04-01,2020-03-31,-1
2021-05-07,72240,2022-03-31,,,,,,,,,,,,,,,,,,,,,,,,,,,,,,38.00,,,,,,,false,true,12,2021-04-01,2022-03-31,1
2021-07-30,72240,2022-03-31,1,46487000000,0.038,,,,,1400000000,0.059,1544000000,0.016,,873000000,,13.28,,,,,,205549000000,88714000000,0.427,,87743000000,,,,,,,,,,,,true,false,3,2021-04-01,2021-06-30,0
2021-07-30,72240,2021-03-31,1,44806000000,-0.083,,,,,1322000000,-0.398,1519000000,-0.285,,591000000,,9.00,,,,,,,,,,,,,,,,,,,,,,true,false,3,2020-04-01,2020-06-30,-1
2021-07-30,72240,2022-03-31,1,215000000000,0.028,,,,,9000000000,-0.141,9400000000,-0.159,,5500000000,,83.66,,,,,,,,,,,,,,,,,,,,,,true,true,12,2021-04-01,2022-03-31,0
2021-07-30,72240,2021-03-31,1,,,,,,,,,,,,,,,,,,,,212060000000,88838000000,0.415,,87945000000,,,,,,,,,,,,true,false,12,2020-04-01,2021-03-31,-1
2021-07-30,72240,2021-03-31,1,,,,,,,,,,,,,,,,,,,,,,,,,,,,,38.00,,,,70000000,4255653,,false,false,12,2020-04-01,2021-03-31,-1
2021-07-30,72240,2022-03-31,1,,,,,,,,,,,,,,,,,,,,,,,,,,,,,38.00,,,,,,,false,true,12,2021-04-01,2022-03-31,0
2021-07-30,72240,2022-03-31,1,,,,,,,,,,,,,,,,,,,,,,,,,,,,,,,,,70000000,4255820,65744235,false,false,3,2021-04-01,2021-06-30,0
2021-07-30,72240,2021-03-31,1,,,,,,,,,,,,,,,,,,,,,,,,,,,,,,,,,,,65745102,false,false,3,2020-04-01,2020-06-30,-1
2021-10-29,72240,2022-03-31,2,100264000000,0.069,,,,,4438000000,0.166,4698000000,0.229,,3362000000,,51.11,,,,,,214387000000,91818000000,0.421,,90261000000,,,,,,,,,,,,true,false,6,2021-04-01,2021-09-30,0
2021-10-29,72240,2021-03-31,2,93783000000,-0.132,,,,,3807000000,-0.376,3824000000,-0.344,,2107000000,,32.05,,,,,,,,,,,,,,,,,,,,,,true,false,6,2020-04-01,2020-09-30,-1
2021-10-29,72240,2022-03-31,2,215000000000,0.028,,,,,9000000000,-0.141,9400000000,-0.159,,5500000000,,83.54,,,,,,,,,,,,,,,,,,,,,,true,true,12,2021-04-01,2022-03-31,0
2021-10-29,72240,2021-03-31,2,,,,,,,,,,,,,,,,,,,,212060000000,88838000000,0.415,,87945000000,,,,,,,,,,,,true,false,12,2020-04-01,2021-03-31,-1
2021-10-29,72240,2021-03-31,2,,,,,,,,,,,,,,,,,,,,,,,,,,,,,38.00,,,,70000000,4255653,,false,false,12,2020-04-01,2021-03-31,-1
2021-10-29,72240,2022-03-31,2,,,,,,,,,,,,,,,,,,,,,,,,,,,,,19.00,,,,,,,false,false,12,2021-04-01,2022-03-31,0
2021-10-29,72240,2022-03-31,2,,,,,,,,,,,,,,,,,,,,,,,,,,,,,38.00,,,,,,,false,true,12,2021-04-01,2022-03-31,0
2021-10-29,72240,2022-03-31,2,,,,,,,,,,,,,,,,,,,,,,,,,,,,,,,,,70000000,4165876,65782783,false,false,6,2021-04-01,2021-09-30,0
2021-10-29,72240,2021-03-31,2,,,,,,,,,,,,,,,,,,,,,,,,,,,,,,,,,,,65744985,false,false,6,2020-04-01,2020-09-30,-1
2022-02-03,72240,2022-03-31,3,154578000000,0.051,,,,,7125000000,0.080,7878000000,0.159,,5398000000,,82.05,,,,,,220388000000,92329000000,0.412,,90703000000,,,,,,,,,,,,true,false,9,2021-04-01,2021-12-31,0
2022-02-03,72240,2021-03-31,3,147087000000,-0.092,,,,,6596000000,-0.183,6796000000,-0.142,,3793000000,,57.70,,,,,,,,,,,,,,,,,,,,,,true,false,9,2020-04-01,2020-12-31,-1
2022-02-03,72240,2022-03-31,3,215000000000,0.028,,,,,9000000000,-0.141,9400000000,-0.159,,5500000000,,83.54,,,,,,,,,,,,,,,,,,,,,,true,true,12,2021-04-01,2022-03-31,0
2022-02-03,72240,2021-03-31,3,,,,,,,,,,,,,,,,,,,,212060000000,88838000000,0.415,,87945000000,,,,,,,,,,,,true,false,12,2020-04-01,2021-03-31,-1
2022-02-03,72240,2021-03-31,3,,,,,,,,,,,,,,,,,,,,,,,,,,,,,38.00,,,,70000000,4255653,,false,false,12,2020-04-01,2021-03-31,-1
2022-02-03,72240,2022-03-31,3,,,,,,,,,,,,,,,,,,,,,,,,,,,,,19.00,,,,,,,false,false,12,2021-04-01,2022-03-31,0
2022-02-03,72240,2022-03-31,3,,,,,,,,,,,,,,,,,,,,,,,,,,,,,38.00,,,,,,,false,true,12,2021-04-01,2022-03-31,0
2022-02-03,72240,2022-03-31,3,,,,,,,,,,,,,,,,,,,,,,,,,,,,,,,,,70000000,4165946,65798167,false,false,9,2021-04-01,2021-12-31,0
2022-02-03,72240,2021-03-31,3,,,,,,,,,,,,,,,,,,,,,,,,,,,,,,,,,,,65744877,false,false,9,2020-04-01,2020-12-31,-1
2022-05-09,72240,2022-03-31,,216823000000,0.036,,,,,10569000000,0.009,11821000000,0.057,,6907000000,,104.96,,0.077,0.055,0.049,,221206000000,94261000000,0.418,1404.53,92465000000,15998000000,-7221000000,-5203000000,26549000000,,0.400,,,,,,true,false,12,2021-04-01,2022-03-31,0
2022-05-09,72240,2021-03-31,,209226000000,-0.079,,,,,10479000000,-0.184,11182000000,-0.096,,5487000000,,83.47,,0.064,0.052,0.050,,212060000000,88838000000,0.415,1337.69,87945000000,18120000000,-9133000000,-5972000000,22667000000,,0.455,,,,,,true,false,12,2020-04-01,2021-03-31,-1
2022-05-09,72240,2023-03-31,,225000000000,0.038,,,,,9000000000,-0.149,9200000000,-0.222,,6000000000,,91.14,,,,,,,,,,,,,,,,0.461,,,,,,true,true,12,2022-04-01,2023-03-31,1
2022-05-09,72240,2022-03-31,,130082000000,-0.028,,,,,1904000000,-0.320,4594000000,0.076,2507000000,,0.899,38.10,,,,,,158668000000,49787000000,0.314,756.26,49787000000,,,,,42.00,,,,70000000,4166255,65806405,false,false,12,2021-04-01,2022-03-31,0
2022-05-09,72240,2021-03-31,,133825000000,-0.102,,,,,2799000000,-0.498,4269000000,-0.343,1320000000,,-0.677,20.08,,,,,,157920000000,50049000000,0.317,761.27,50049000000,,,,,38.00,,,,70000000,4255653,65744774,false,false,12,2020-04-01,2021-03-31,-1
2022-05-09,72240,2023-03-31,,,,,,,,,,,,,,,,,,,,,,,,,,,,,,42.00,,,,,,,false,true,12,2022-04-01,2023-03-31,1
2022-07-29,72240,2023-03-31,1,47262000000,0.017,,,,,792000000,-0.434,1450000000,-0.061,,512000000,,7.78,,,,,,215735000000,94005000000,0.429,,92652000000,,,,,,,,,,,,true,false,3,2022-04-01,2022-06-30,0
2022-07-29,72240,2022-03-31,1,46487000000,0.038,,,,,1400000000,0.059,1544000000,0.016,,873000000,,13.28,,,,,,,,,,,,,,,,,,,,,,true,false,3,2021-04-01,2021-06-30,-1
2022-07-29,72240,2023-03-31,1,225000000000,0.038,,,,,9000000000,-0.149,9200000000,-0.222,,6000000000,,91.14,,,,,,,,,,,,,,,,,,,,,,true,true,12,2022-04-01,2023-03-31,0
2022-07-29,72240,2022-03-31,1,,,,,,,,,,,,,,,,,,,,221206000000,94261000000,0.418,,92465000000,,,,,,,,,,,,true,false,12,2021-04-01,2022-03-31,-1
2022-07-29,72240,2022-03-31,1,,,,,,,,,,,,,,,,,,,,,,,,,,,,,42.00,,,,70000000,4166255,,false,false,12,2021-04-01,2022-03-31,-1
2022-07-29,72240,2023-03-31,1,,,,,,,,,,,,,,,,,,,,,,,,,,,,,42.00,,,,,,,false,true,12,2022-04-01,2023-03-31,0
2022-07-29,72240,2023-03-31,1,,,,,,,,,,,,,,,,,,,,,,,,,,,,,,,,,70000000,4166473,65833624,false,false,3,2022-04-01,2022-06-30,0
2022-07-29,72240,2022-03-31,1,,,,,,,,,,,,,,,,,,,,,,,,,,,,,,,,,,,65744235,false,false,3,2021-04-01,2021-06-30,-1
2022-10-31,72240,2023-03-31,2,104001000000,0.037,,,,,3206000000,-0.278,4168000000,-0.113,,2871000000,,43.60,,,,,,221118000000,97080000000,0.432,,95434000000,,,,,,,,,,,,true,false,6,2022-04-01,2022-09-30,0
2022-10-31,72240,2022-03-31,2,100264000000,0.069,,,,,4438000000,0.166,4698000000,0.229,,3362000000,,51.11,,,,,,,,,,,,,,,,,,,,,,true,false,6,2021-04-01,2021-09-30,-1
2022-10-31,72240,2023-03-31,2,222000000000,0.024,,,,,7000000000,-0.338,8200000000,-0.306,,5600000000,,84.96,,,,,,,,,,,,,,,,,,,,,,true,true,12,2022-04-01,2023-03-31,0
2022-10-31,72240,2022-03-31,2,,,,,,,,,,,,,,,,,,,,221206000000,94261000000,0.418,,92465000000,,,,,,,,,,,,true,false,12,2021-04-01,2022-03-31,-1
2022-10-31,72240,2022-03-31,2,,,,,,,,,,,,,,,,,,,,,,,,,,,,,42.00,,,,70000000,4166255,,false,false,12,2021-04-01,2022-03-31,-1
2022-10-31,72240,2023-03-31,2,,,,,,,,,,,,,,,,,,,,,,,,,,,,,21.00,,,,,,,false,false,12,2022-04-01,2023-03-31,0
2022-10-31,72240,2023-03-31,2,,,,,,,,,,,,,,,,,,,,,,,,,,,,,42.00,,,,,,,false,true,12,2022-04-01,2023-03-31,0
2022-10-31,72240,2023-03-31,2,,,,,,,,,,,,,,,,,,,,,,,,,,,,,,,,,70000000,4085354,65868378,false,false,6,2022-04-01,2022-09-30,0
2022-10-31,72240,2022-03-31,2,,,,,,,,,,,,,,,,,,,,,,,,,,,,,,,,,,,65782783,false,false,6,2021-04-01,2021-09-30,-1
2023-02-02,72240,2023-03-31,3,160546000000,0.039,,,,,6003000000,-0.157,6724000000,-0.146,,4507000000,,68.42,,,,,,225643000000,97289000000,0.423,,95479000000,,,,,,,,,,,,true,false,9,2022-04-01,2022-12-31,0
2023-02-02,72240,2022-03-31,3,154578000000,0.051,,,,,7125000000,0.080,7878000000,0.159,,5398000000,,82.05,,,,,,,,,,,,,,,,,,,,,,true,false,9,2021-04-01,2021-12-31,-1
2023-02-02,72240,2023-03-31,3,222000000000,0.024,,,,,8000000000,-0.243,8700000000,-0.264,,5600000000,,84.96,,,,,,,,,,,,,,,,,,,,,,true,true,12,2022-04-01,2023-03-31,0
2023-02-02,72240,2022-03-31,3,,,,,,,,,,,,,,,,,,,,221206000000,94261000000,0.418,,92465000000,,,,,,,,,,,,true,false,12,2021-04-01,2022-03-31,-1
2023-02-02,72240,2022-03-31,3,,,,,,,,,,,,,,,,,,,,,,,,,,,,,42.00,,,,70000000,4166255,,false,false,12,2021-04-01,2022-03-31,-1
2023-02-02,72240,2023-03-31,3,,,,,,,,,,,,,,,,,,,,,,,,,,,,,21.00,,,,,,,false,false,12,2022-04-01,2023-03-31,0
2023-02-02,72240,2023-03-31,3,,,,,,,,,,,,,,,,,,,,,,,,,,,,,42.00,,,,,,,false,true,12,2022-04-01,2023-03-31,0
2023-02-02,72240,2023-03-31,3,,,,,,,,,,,,,,,,,,,,,,,,,,,,,,,,,70000000,4087548,65882033,false,false,9,2022-04-01,2022-12-31,0
2023-02-02,72240,2022-03-31,3,,,,,,,,,,,,,,,,,,,,,,,,,,,,,,,,,,,65798167,false,false,9,2021-04-01,2021-12-31,-1
2023-05-09,72240,2023-03-31,,225175000000,0.039,,,,,9293000000,-0.121,9902000000,-0.162,,7313000000,,111.00,,0.076,0.044,0.041,,226907000000,100439000000,0.435,1498.16,98747000000,6404000000,-7164000000,-4108000000,22535000000,,0.405,,,,,,true,false,12,2022-04-01,2023-03-31,0
2023-05-09,72240,2022-03-31,,216823000000,0.036,,,,,10569000000,0.009,11821000000,0.057,,6907000000,,104.96,,0.077,0.055,0.049,,221206000000,94261000000,0.418,1404.53,92465000000,15998000000,-7221000000,-5203000000,26549000000,,0.400,,,,,,true,false,12,2021-04-01,2022-03-31,-1
2023-05-09,72240,2024-03-31,,270000000000,0.199,,,,,12000000000,0.291,11700000000,0.182,,7300000000,,110.75,,,,,,,,,,,,,,,,0.406,,,,,,true,true,12,2023-04-01,2024-03-31,1
2023-05-09,72240,2023-03-31,,127247000000,-0.022,,,,,207000000,-0.891,4299000000,-0.064,4798000000,,0.914,72.83,,,,,,156441000000,51423000000,0.329,780.19,51423000000,,,,,45.00,,,,70000000,4087841,65889008,false,false,12,2022-04-01,2023-03-31,0
2023-05-09,72240,2022-03-31,,130082000000,-0.028,,,,,1904000000,-0.320,4594000000,0.076,2507000000,,0.899,38.10,,,,,,158668000000,49787000000,0.314,756.26,49787000000,,,,,42.00,,,,70000000,4166255,65806405,false,false,12,2021-04-01,2022-03-31,-1
2023-05-09,72240,2024-03-31,,,,,,,,,,,,,,,,,,,,,,,,,,,,,,45.00,,,,,,,false,true,12,2023-04-01,2024-03-31,1
2023-08-01,72240,2024-03-31,1,52399000000,0.109,,,,,637000000,-0.195,1218000000,-0.160,,647000000,,9.82,,,,,,230562000000,100327000000,0.428,,98674000000,,,,,,,,,,,,true,false,3,2023-04-01,2023-06-30,0
2023-08-01,72240,2023-03-31,1,47262000000,0.017,,,,,792000000,-0.434,1450000000,-0.061,,512000000,,7.78,,,,,,,,,,,,,,,,,,,,,,true,false,3,2022-04-01,2022-06-30,-1
2023-08-01,72240,2024-03-31,1,270000000000,0.199,,,,,12000000000,0.291,11700000000,0.182,,7300000000,,110.75,,,,,,,,,,,,,,,,,,,,,,true,true,12,2023-04-01,2024-03-31,0
2023-08-01,72240,2023-03-31,1,,,,,,,,,,,,,,,,,,,,226907000000,100439000000,0.435,,98747000000,,,,,,,,,,,,true,false,12,2022-04-01,2023-03-31,-1
2023-08-01,72240,2023-03-31,1,,,,,,,,,,,,,,,,,,,,,,,,,,,,,45.00,,,,70000000,4087841,,false,false,12,2022-04-01,2023-03-31,-1
2023-08-01,72240,2024-03-31,1,,,,,,,,,,,,,,,,,,,,,,,,,,,,,45.00,,,,,,,false,true,12,2023-04-01,2024-03-31,0
2023-08-01,72240,2024-03-31,1,,,,,,,,,,,,,,,,,,,,,,,,,,,,,,,,,70000000,4087948,65912091,false,false,3,2023-04-01,2023-06-30,0
2023-08-01,72240,2023-03-31,1,,,,,,,,,,,,,,,,,,,,,,,,,,,,,,,,,,,65833624,false,false,3,2022-04-01,2022-06-30,-1
2023-10-31,72240,2024-03-31,2,116464000000,0.120,,,,,4431000000,0.382,4858000000,0.166,,2974000000,,45.11,,,,,,248647000000,103756000000,0.411,,102191000000,,,,,,,,,,,,true,false,6,2023-04-01,2023-09-30,0
2023-10-31,72240,2023-03-31,2,104001000000,0.037,,,,,3206000000,-0.278,4168000000,-0.113,,2871000000,,43.60,,,,,,,,,,,,,,,,,,,,,,true,false,6,2022-04-01,2022-09-30,-1
2023-10-31,72240,2024-03-31,2,265000000000,0.177,,,,,12000000000,0.291,11700000000,0.182,,7300000000,,110.65,,,,,,,,,,,,,,,,,,,,,,true,true,12,2023-04-01,2024-03-31,0
2023-10-31,72240,2023-03-31,2,,,,,,,,,,,,,,,,,,,,226907000000,100439000000,0.435,,98747000000,,,,,,,,,,,,true,false,12,2022-04-01,2023-03-31,-1
2023-10-31,72240,2023-03-31,2,,,,,,,,,,,,,,,,,,,,,,,,,,,,,45.00,,,,70000000,4087841,,false,false,12,2022-04-01,2023-03-31,-1
2023-10-31,72240,2024-03-31,2,,,,,,,,,,,,,,,,,,,,,,,,,,,,,22.50,,,,,,,false,false,12,2023-04-01,2024-03-31,0
2023-10-31,72240,2024-03-31,2,,,,,,,,,,,,,,,,,,,,,,,,,,,,,45.00,,,,,,,false,true,12,2023-04-01,2024-03-31,0
2023-10-31,72240,2024-03-31,2,,,,,,,,,,,,,,,,,,,,,,,,,,,,,,,,,70000000,4027907,65937859,false,false,6,2023-04-01,2023-09-30,0
2023-10-31,72240,2023-03-31,2,,,,,,,,,,,,,,,,,,,,,,,,,,,,,,,,,,,65868378,false,false,6,2022-04-01,2022-09-30,-1
2024-02-02,72240,2024-03-31,3,177627000000,0.106,,,,,6300000000,0.049,6100000000,-0.093,,3644000000,,55.26,,,,,,257303000000,103364000000,0.396,,101763000000,,,,,,,,,,,,true,false,9,2023-04-01,2023-12-31,0
2024-02-02,72240,2023-03-31,3,160546000000,0.039,,,,,6003000000,-0.157,6724000000,-0.146,,4507000000,,68.42,,,,,,,,,,,,,,,,,,,,,,true,false,9,2022-04-01,2022-12-31,-1
2024-02-02,72240,2024-03-31,3,253000000000,0.124,,,,,12000000000,0.291,11700000000,0.182,,7300000000,,110.65,,,,,,,,,,,,,,,,,,,,,,true,true,12,2023-04-01,2024-03-31,0
2024-02-02,72240,2023-03-31,3,,,,,,,,,,,,,,,,,,,,226907000000,100439000000,0.435,,98747000000,,,,,,,,,,,,true,false,12,2022-04-01,2023-03-31,-1
2024-02-02,72240,2023-03-31,3,,,,,,,,,,,,,,,,,,,,,,,,,,,,,45.00,,,,70000000,4087841,,false,false,12,2022-04-01,2023-03-31,-1
2024-02-02,72240,2024-03-31,3,,,,,,,,,,,,,,,,,,,,,,,,,,,,,22.50,,,,,,,false,false,12,2023-04-01,2024-03-31,0
2024-02-02,72240,2024-03-31,3,,,,,,,,,,,,,,,,,,,,,,,,,,,,,45.00,,,,,,,false,true,12,2023-04-01,2024-03-31,0
2024-02-02,72240,2024-03-31,3,,,,,,,,,,,,,,,,,,,,,,,,,,,,,,,,,70000000,4028319,65948036,false,false,9,2023-04-01,2023-12-31,0
2024-02-02,72240,2023-03-31,3,,,,,,,,,,,,,,,,,,,,,,,,,,,,,,,,,,,65882033,false,false,9,2022-04-01,2022-12-31,-1
2024-05-07,72240,2024-03-31,,257060000000,0.142,,,,,11765000000,0.266,12106000000,0.223,,7279000000,,110.38,,0.071,0.050,0.046,,260102000000,108734000000,0.411,1622.05,107008000000,14065000000,-8217000000,-5884000000,22891000000,,0.426,,,,,,true,false,12,2023-04-01,2024-03-31,0
2024-05-07,72240,2023-03-31,,225175000000,0.039,,,,,9293000000,-0.121,9902000000,-0.162,,7313000000,,111.00,,0.076,0.044,0.041,,226907000000,100439000000,0.435,1498.16,98747000000,6404000000,-7164000000,-4108000000,22535000000,,0.405,,,,,,true,false,12,2022-04-01,2023-03-31,-1
2024-05-07,72240,2025-03-31,,285000000000,0.109,,,,,13000000000,0.105,12200000000,0.008,,7500000000,,113.69,,,,,,,,,,,,,,,,0.440,,,,,,true,true,12,2024-04-01,2025-03-31,1
2024-05-07,72240,2024-03-31,,151877000000,0.194,,,,,2021000000,8.745,4671000000,0.087,3222000000,,-0.328,48.87,,,,,,177257000000,53082000000,0.299,804.63,53082000000,,,,,47.00,,,,70000000,4028569,65953445,false,false,12,2023-04-01,2024-03-31,0
2024-05-07,72240,2023-03-31,,127247000000,-0.022,,,,,207000000,-0.891,4299000000,-0.064,4798000000,,0.914,72.83,,,,,,156441000000,51423000000,0.329,780.19,51423000000,,,,,45.00,,,,70000000,4087841,65889008,false,false,12,2022-04-01,2023-03-31,-1
2024-05-07,72240,2025-03-31,,,,,,,,,,,,,,,,,,,,,,,,,,,,,,50.00,,,,,,,false,true,12,2024-04-01,2025-03-31,1
2024-08-01,72240,2025-03-31,1,57423000000,0.096,,,,,1842000000,1.888,2561000000,1.102,,1508000000,,22.87,,,,,,253403000000,108743000000,0.422,,106837000000,,,,,,,,,,,,true,false,3,2024-04-01,2024-06-30,0
2024-08-01,72240,2024-03-31,1,52399000000,0.109,,,,,637000000,-0.195,1218000000,-0.160,,647000000,,9.82,,,,,,,,,,,,,,,,,,,,,,true,false,3,2023-04-01,2023-06-30,-1
2024-08-01,72240,2025-03-31,1,285000000000,0.109,,,,,13000000000,0.105,12200000000,0.008,,7500000000,,113.69,,,,,,,,,,,,,,,,,,,,,,true,true,12,2024-04-01,2025-03-31,0
2024-08-01,72240,2024-03-31,1,,,,,,,,,,,,,,,,,,,,260102000000,108734000000,0.411,,107008000000,,,,,,,,,,,,true,false,12,2023-04-01,2024-03-31,-1
2024-08-01,72240,2024-03-31,1,,,,,,,,,,,,,,,,,,,,,,,,,,,,,47.00,,,,70000000,4029045,,false,false,12,2023-04-01,2024-03-31,-1
2024-08-01,72240,2025-03-31,1,,,,,,,,,,,,,,,,,,,,,,,,,,,,,50.00,,,,,,,false,true,12,2024-04-01,2025-03-31,0
2024-08-01,72240,2025-03-31,1,,,,,,,,,,,,,,,,,,,,,,,,,,,,,,,,,70000000,4029111,65970936,false,false,3,2024-04-01,2024-06-30,0
2024-08-01,72240,2024-03-31,1,,,,,,,,,,,,,,,,,,,,,,,,,,,,,,,,,,,65912091,false,false,3,2023-04-01,2023-06-30,-1
2024-10-31,72240,2025-03-31,2,124065000000,0.065,,,,,5723000000,0.291,5570000000,0.147,,3179000000,,48.16,,,,,,246352000000,110684000000,0.440,,108511000000,,,,,,,,,,,,true,false,6,2024-04-01,2024-09-30,0
2024-10-31,72240,2024-03-31,2,116464000000,0.120,,,,,4431000000,0.382,4858000000,0.166,,2974000000,,45.11,,,,,,,,,,,,,,,,,,,,,,true,false,6,2023-04-01,2023-09-30,-1
2024-10-31,72240,2025-03-31,2,270000000000,0.050,,,,,13000000000,0.105,12200000000,0.008,,7500000000,,113.48,,,,,,,,,,,,,,,,,,,,,,true,true,12,2024-04-01,2025-03-31,0
2024-10-31,72240,2024-03-31,2,,,,,,,,,,,,,,,,,,,,260102000000,108734000000,0.411,,107008000000,,,,,,,,,,,,true,false,12,2023-04-01,2024-03-31,-1
2024-10-31,72240,2024-03-31,2,,,,,,,,,,,,,,,,,,,,,,,,,,,,,47.00,,,,70000000,4029045,,false,false,12,2023-04-01,2024-03-31,-1
2024-10-31,72240,2025-03-31,2,,,,,,,,,,,,,,,,,,,,,,,,,,,,,25.00,,,,,,,false,false,12,2024-04-01,2025-03-31,0
2024-10-31,72240,2025-03-31,2,,,,,,,,,,,,,,,,,,,,,,,,,,,,,50.00,,,,,,,false,true,12,2024-04-01,2025-03-31,0
2024-10-31,72240,2025-03-31,2,,,,,,,,,,,,,,,,,,,,,,,,,,,,,,,,,70000000,3908804,66022493,false,false,6,2024-04-01,2024-09-30,0
2024-10-31,72240,2024-03-31,2,,,,,,,,,,,,,,,,,,,,,,,,,,,,,,,,,,,65937791,false,false,6,2023-04-01,2023-09-30,-1
2025-02-04,72240,2025-03-31,3,187242000000,0.054,,,,,8319000000,0.320,8448000000,0.385,,4932000000,,74.68,,,,,,256335000000,108344000000,0.419,,107322000000,,,,,,,,,,,,true,false,9,2024-04-01,2024-12-31,0
2025-02-04,72240,2024-03-31,3,177627000000,0.106,,,,,6300000000,0.049,6100000000,-0.093,,3644000000,,55.26,,,,,,,,,,,,,,,,,,,,,,true,false,9,2023-04-01,2023-12-31,-1
2025-02-04,72240,2025-03-31,3,265000000000,0.031,,,,,13000000000,0.105,12200000000,0.008,,7500000000,,113.48,,,,,,,,,,,,,,,,,,,,,,true,true,12,2024-04-01,2025-03-31,0
2025-02-04,72240,2024-03-31,3,,,,,,,,,,,,,,,,,,,,260102000000,108734000000,0.411,,107008000000,,,,,,,,,,,,true,false,12,2023-04-01,2024-03-31,-1
2025-02-04,72240,2024-03-31,3,,,,,,,,,,,,,,,,,,,,,,,,,,,,,47.00,,,,70000000,4029045,,false,false,12,2023-04-01,2024-03-31,-1
2025-02-04,72240,2025-03-31,3,,,,,,,,,,,,,,,,,,,,,,,,,,,,,25.00,,,,,,,false,false,12,2024-04-01,2025-03-31,0
2025-02-04,72240,2025-03-31,3,,,,,,,,,,,,,,,,,,,,,,,,,,,,,50.00,,,,,,,false,true,12,2024-04-01,2025-03-31,0
2025-02-04,72240,2025-03-31,3,,,,,,,,,,,,,,,,,,,,,,,,,,,,,,,,,70000000,3908975,66043062,false,false,9,2024-04-01,2024-12-31,0
2025-02-04,72240,2024-03-31,3,,,,,,,,,,,,,,,,,,,,,,,,,,,,,,,,,,,65947845,false,false,9,2023-04-01,2023-12-31,-1
2025-05-07,72240,2025-03-31,,266441000000,0.036,,,,,13970000000,0.187,13536000000,0.118,,8957000000,,135.61,,0.082,0.051,0.052,,266443000000,113066000000,0.420,1695.05,112027000000,20499000000,-10806000000,-5115000000,28282000000,,0.383,,,,,,true,false,12,2024-04-01,2025-03-31,0
2025-05-07,72240,2024-03-31,,257060000000,0.142,,,,,11765000000,0.266,12106000000,0.223,,7279000000,,110.38,,0.071,0.050,0.046,,260102000000,108734000000,0.411,1622.06,107008000000,14065000000,-8217000000,-5884000000,22891000000,,0.426,,,,,,true,false,12,2023-04-01,2024-03-31,-1
2025-05-07,72240,2026-03-31,,290000000000,0.088,,,,,15000000000,0.074,14000000000,0.034,,9200000000,,139.20,,,,,,,,,,,,,,,,,,,,,,true,true,12,2025-04-01,2026-03-31,1
2025-05-07,72240,2025-03-31,,159732000000,0.052,,,,,5080000000,1.513,6384000000,0.367,3799000000,,0.179,57.52,,,,,,183521000000,53528000000,0.292,809.92,53528000000,,,,,52.00,,,,70000000,3909236,66054078,false,false,12,2024-04-01,2025-03-31,0
2025-05-07,72240,2024-03-31,,151877000000,0.194,,,,,2021000000,8.745,4671000000,0.087,3222000000,,-0.328,48.87,,,,,,177257000000,53082000000,0.299,804.63,53082000000,,,,,47.00,,,,70000000,4029045,65953189,false,false,12,2023-04-01,2024-03-31,-1
2025-05-07,72240,2026-03-31,,,,,,,,,,,,,,,,,,,,,,,,,,,,,,54.00,,,,,,,false,true,12,2025-04-01,2026-03-31,1
