filing_date,code,fiscal_year_end,quarterly_period,net_sales,net_sales_change,revenue,revenue_change,operating_revenue,operating_revenue_change,operating_profit,operating_profit_change,ordinary_profit,ordinary_profit_change,net_income,net_income_of_parent,net_income_change,eps,diluted_eps,roe,roa,operating_profit_to_net_sales,operating_profit_to_revenue,total_assets,net_assets,equity_ratio,bps,owner_equity,operating_cash_flow,investing_cash_flow,financing_cash_flow,cash,dividend_per_share,payout_ratio,commemorative_dividend,extra_dividend,number_of_shares,number_of_treqsury_shares,avg_number_of_shares,is_consolidated,is_forecast,duration,period_start,period_end,period_pos
2015-08-07,72290,2016-03-31,1,,,,,,,3445000000,0.037,,,,1615000000,,108.98,,,,,,150619000000,,,,,,,,,,,,,,,,true,false,3,2015-04-01,2015-06-30,0
2015-08-07,72290,2015-03-31,1,,,,,,,3322000000,,,,,1941000000,,130.96,,,,,,,,,,,,,,,,,,,,,,true,false,3,2014-04-01,2014-06-30,-1
2015-08-07,72290,2016-03-31,1,,,,,,,5000000000,,,,,2700000000,,182.20,,,,,,,,,,,,,,,,,,,,,,true,true,6,2015-04-01,2015-09-30,0
2015-08-07,72290,2016-03-31,1,,,,,,,12000000000,0.044,,,,6500000000,,438.63,,,,,,,,,,,,,,,,,,,,,,true,true,12,2015-04-01,2016-03-31,0
2015-08-07,72290,2015-03-31,1,,,,,,,,,,,,,,,,,,,,145661000000,,,,,,,,,,,,,,,,true,false,12,2014-04-01,2015-03-31,-1
2015-08-07,72290,2015-03-31,1,,,,,,,,,,,,,,,,,,,,,,,,,,,,,40.00,,,,14820000,1296,,false,false,12,2014-04-01,2015-03-31,-1
2015-08-07,72290,2016-03-31,1,,,,,,,,,,,,,,,,,,,,,,,,,,,,,44.00,,,,,,,false,true,12,2015-04-01,2016-03-31,0
2015-08-07,72290,2016-03-31,1,,,,,,,,,,,,,,,,,,,,,,,,,,,,,,,,,14820000,1296,14818704,false,false,3,2015-04-01,2015-06-30,0
2015-08-07,72290,2015-03-31,1,,,,,,,,,,,,,,,,,,,,,,,,,,,,,,,,,,,14818749,false,false,3,2014-04-01,2014-06-30,-1
2015-11-05,72290,2016-03-31,,,,,,,,6650000000,0.330,,,,3550000000,,239.56,,,,,,,,,,,,,,,,,,,,,,true,true,6,2015-04-01,2015-09-30,0
2015-11-05,72290,2015-03-31,,,,,,,,6157000000,,,,,4051000000,,273.37,,,,,,,,,,,,,,,,,,,,,,true,false,6,2014-04-01,2014-09-30,-1
2015-11-06,72290,2016-03-31,2,,,,,,,6686000000,0.086,,,,3591000000,,242.36,,,,,,146975000000,,,,,,,,,,,,,,,,true,false,6,2015-04-01,2015-09-30,0
2015-11-06,72290,2015-03-31,2,,,,,,,6157000000,,,,,4051000000,,273.37,,,,,,,,,,,,,,,,,,,,,,true,false,6,2014-04-01,2014-09-30,-1
2015-11-06,72290,2016-03-31,2,,,,,,,12900000000,0.122,,,,6800000000,,458.88,,,,,,,,,,,,,,,,,,,,,,true,true,12,2015-04-01,2016-03-31,0
2015-11-06,72290,2015-03-31,2,,,,,,,,,,,,,,,,,,,,145661000000,,,,,,,,,,,,,,,,true,false,12,2014-04-01,2015-03-31,-1
2015-11-06,72290,2015-03-31,2,,,,,,,,,,,,,,,,,,,,,,,,,,,,,40.00,,,,14820000,1296,,false,false,12,2014-04-01,2015-03-31,-1
2015-11-06,72290,2016-03-31,2,,,,,,,,,,,,,,,,,,,,,,,,,,,,,22.00,,,,,,,false,false,12,2015-04-01,2016-03-31,0
2015-11-06,72290,2016-03-31,2,,,,,,,,,,,,,,,,,,,,,,,,,,,,,44.00,,,,,,,false,true,12,2015-04-01,2016-03-31,0
2015-11-06,72290,2016-03-31,2,,,,,,,,,,,,,,,,,,,,,,,,,,,,,,,,,14820000,1296,14818704,false,false,6,2015-04-01,2015-09-30,0
2015-11-06,72290,2015-03-31,2,,,,,,,,,,,,,,,,,,,,,,,,,,,,,,,,,,,14818730,false,false,6,2014-04-01,2014-09-30,-1
2016-02-05,72290,2016-03-31,3,,,,,,,9936000000,0.162,,,,4956000000,,334.44,,,,,,148591000000,,,,,,,,,,,,,,,,true,false,9,2015-04-01,2015-12-31,0
2016-02-05,72290,2015-03-31,3,,,,,,,8551000000,,,,,5627000000,,379.74,,,,,,,,,,,,,,,,,,,,,,true,false,9,2014-04-01,2014-12-31,-1
2016-02-05,72290,2016-03-31,3,,,,,,,12900000000,0.122,,,,6800000000,,458.88,,,,,,,,,,,,,,,,,,,,,,true,true,12,2015-04-01,2016-03-31,0
2016-02-05,72290,2015-03-31,3,,,,,,,,,,,,,,,,,,,,145661000000,,,,,,,,,,,,,,,,true,false,12,2014-04-01,2015-03-31,-1
2016-02-05,72290,2015-03-31,3,,,,,,,,,,,,,,,,,,,,,,,,,,,,,40.00,,,,14820000,1296,,false,false,12,2014-04-01,2015-03-31,-1
2016-02-05,72290,2016-03-31,3,,,,,,,,,,,,,,,,,,,,,,,,,,,,,22.00,,,,,,,false,false,12,2015-04-01,2016-03-31,0
2016-02-05,72290,2016-03-31,3,,,,,,,,,,,,,,,,,,,,,,,,,,,,,44.00,,,,,,,false,true,12,2015-04-01,2016-03-31,0
2016-02-05,72290,2016-03-31,3,,,,,,,,,,,,,,,,,,,,,,,,,,,,,,,,,14820000,1401,14818690,false,false,9,2015-04-01,2015-12-31,0
2016-02-05,72290,2015-03-31,3,,,,,,,,,,,,,,,,,,,,,,,,,,,,,,,,,,,14818721,false,false,9,2014-04-01,2014-12-31,-1
2016-04-27,72290,2016-03-31,,57259000000,-0.004,,,,,615000000,0.942,4306000000,0.120,3498000000,,0.133,236.08,,,,,,55653000000,36381000000,0.654,2455.09,36381000000,,,,,50.00,,,,14820000,1401,14818667,false,false,12,2015-04-01,2016-03-31,0
2016-04-27,72290,2015-03-31,,57477000000,-0.163,,,,,317000000,-0.750,3845000000,-0.168,3088000000,,-0.208,208.39,,,,,,52099000000,33505000000,0.643,2261.01,33505000000,,,,,40.00,,,,14820000,1296,14818717,false,false,12,2014-04-01,2015-03-31,-1
2016-04-27,72290,2016-03-31,,,,,,,,14637000000,0.274,,,,7194000000,,485.47,,,,,,145905000000,,,,,21488000000,-13374000000,-2978000000,,,0.103,,,,,,true,false,12,2015-04-01,2016-03-31,0
2016-04-27,72290,2015-03-31,,,,,,,,11494000000,-0.017,,,,7502000000,,506.23,,,,,,145661000000,,,,,13451000000,-13532000000,-1521000000,,,0.079,,,,,,true,false,12,2014-04-01,2015-03-31,-1
2016-04-27,72290,2017-03-31,,,,,,,,6400000000,-0.043,,,,3600000000,,242.94,,,,,,,,,,,,,,,,,,,,,,true,true,6,2016-04-01,2016-09-30,1
2016-04-27,72290,2017-03-31,,,,,,,,12800000000,-0.126,,,,6500000000,,438.64,,,,,,,,,,,,,,,,0.137,,,,,,true,true,12,2016-04-01,2017-03-31,1
2016-04-27,72290,2017-03-31,,,,,,,,,,,,,,,,,,,,,,,,,,,,,,60.00,,,,,,,false,true,12,2016-04-01,2017-03-31,1
2016-07-28,72290,2017-03-31,1,,,,,,,2826000000,-0.180,,,,820000000,,55.32,,,,,,136225000000,,,,,,,,,,,,,,,,true,false,3,2016-04-01,2016-06-30,0
2016-07-28,72290,2016-03-31,1,,,,,,,3445000000,0.037,,,,1615000000,,108.98,,,,,,,,,,,,,,,,,,,,,,true,false,3,2015-04-01,2015-06-30,-1
2016-07-28,72290,2017-03-31,1,,,,,,,5300000000,-0.207,,,,2400000000,,161.96,,,,,,,,,,,,,,,,,,,,,,true,true,6,2016-04-01,2016-09-30,0
2016-07-28,72290,2017-03-31,1,,,,,,,11200000000,-0.235,,,,5100000000,,344.16,,,,,,,,,,,,,,,,,,,,,,true,true,12,2016-04-01,2017-03-31,0
2016-07-28,72290,2016-03-31,1,,,,,,,,,,,,,,,,,,,,145905000000,,,,,,,,,,,,,,,,true,false,12,2015-04-01,2016-03-31,-1
2016-07-28,72290,2016-03-31,1,,,,,,,,,,,,,,,,,,,,,,,,,,,,,50.00,,,,14820000,1401,,false,false,12,2015-04-01,2016-03-31,-1
2016-07-28,72290,2017-03-31,1,,,,,,,,,,,,,,,,,,,,,,,,,,,,,60.00,,,,,,,false,true,12,2016-04-01,2017-03-31,0
2016-07-28,72290,2017-03-31,1,,,,,,,,,,,,,,,,,,,,,,,,,,,,,,,,,14820000,1401,14818599,false,false,3,2016-04-01,2016-06-30,0
2016-07-28,72290,2016-03-31,1,,,,,,,,,,,,,,,,,,,,,,,,,,,,,,,,,,,14818704,false,false,3,2015-04-01,2015-06-30,-1
2016-07-28,72290,2017-03-31,,,,,,,,5300000000,-0.172,,,,2400000000,,161.96,,,,,,,,,,,,,,,,,,,,,,true,true,6,2016-04-01,2016-09-30,0
2016-07-28,72290,2016-03-31,,,,,,,,6686000000,,,,,3591000000,,242.36,,,,,,,,,,,,,,,,,,,,,,true,false,6,2015-04-01,2015-09-30,-1
2016-07-28,72290,2017-03-31,,,,,,,,11200000000,-0.125,,,,5100000000,,344.16,,,,,,,,,,,,,,,,,,,,,,true,true,12,2016-04-01,2017-03-31,0
2016-07-28,72290,2016-03-31,,,,,,,,14637000000,,,,,7194000000,,485.47,,,,,,,,,,,,,,,,,,,,,,true,false,12,2015-04-01,2016-03-31,-1
2016-10-27,72290,2017-03-31,2,,,,,,,5674000000,-0.151,,,,2361000000,,159.34,,,,,,136418000000,,,,,,,,,,,,,,,,true,false,6,2016-04-01,2016-09-30,0
2016-10-27,72290,2016-03-31,2,,,,,,,6686000000,0.086,,,,3591000000,,242.36,,,,,,,,,,,,,,,,,,,,,,true,false,6,2015-04-01,2015-09-30,-1
2016-10-27,72290,2017-03-31,2,,,,,,,11200000000,-0.235,,,,5100000000,,344.16,,,,,,,,,,,,,,,,,,,,,,true,true,12,2016-04-01,2017-03-31,0
2016-10-27,72290,2016-03-31,2,,,,,,,,,,,,,,,,,,,,145905000000,,,,,,,,,,,,,,,,true,false,12,2015-04-01,2016-03-31,-1
2016-10-27,72290,2016-03-31,2,,,,,,,,,,,,,,,,,,,,,,,,,,,,,50.00,,,,14820000,1401,,false,false,12,2015-04-01,2016-03-31,-1
2016-10-27,72290,2017-03-31,2,,,,,,,,,,,,,,,,,,,,,,,,,,,,,30.00,,,,,,,false,false,12,2016-04-01,2017-03-31,0
2016-10-27,72290,2017-03-31,2,,,,,,,,,,,,,,,,,,,,,,,,,,,,,60.00,,,,,,,false,true,12,2016-04-01,2017-03-31,0
2016-10-27,72290,2017-03-31,2,,,,,,,,,,,,,,,,,,,,,,,,,,,,,,,,,14820000,1401,14818599,false,false,6,2016-04-01,2016-09-30,0
2016-10-27,72290,2016-03-31,2,,,,,,,,,,,,,,,,,,,,,,,,,,,,,,,,,,,14818704,false,false,6,2015-04-01,2015-09-30,-1
2017-01-31,72290,2017-03-31,3,,,,,,,8957000000,-0.099,,,,4553000000,,307.25,,,,,,151278000000,,,,,,,,,,,,,,,,true,false,9,2016-04-01,2016-12-31,0
2017-01-31,72290,2016-03-31,3,,,,,,,9936000000,0.162,,,,4956000000,,334.44,,,,,,,,,,,,,,,,,,,,,,true,false,9,2015-04-01,2015-12-31,-1
2017-01-31,72290,2017-03-31,3,,,,,,,11200000000,-0.235,,,,5100000000,,344.16,,,,,,,,,,,,,,,,,,,,,,true,true,12,2016-04-01,2017-03-31,0
2017-01-31,72290,2016-03-31,3,,,,,,,,,,,,,,,,,,,,145905000000,,,,,,,,,,,,,,,,true,false,12,2015-04-01,2016-03-31,-1
2017-01-31,72290,2016-03-31,3,,,,,,,,,,,,,,,,,,,,,,,,,,,,,50.00,,,,14820000,1401,,false,false,12,2015-04-01,2016-03-31,-1
2017-01-31,72290,2017-03-31,3,,,,,,,,,,,,,,,,,,,,,,,,,,,,,30.00,,,,,,,false,false,12,2016-04-01,2017-03-31,0
2017-01-31,72290,2017-03-31,3,,,,,,,,,,,,,,,,,,,,,,,,,,,,,60.00,,,,,,,false,true,12,2016-04-01,2017-03-31,0
2017-01-31,72290,2017-03-31,3,,,,,,,,,,,,,,,,,,,,,,,,,,,,,,,,,14820000,1479,14818595,false,false,9,2016-04-01,2016-12-31,0
2017-01-31,72290,2016-03-31,3,,,,,,,,,,,,,,,,,,,,,,,,,,,,,,,,,,,14818690,false,false,9,2015-04-01,2015-12-31,-1
2017-04-27,72290,2017-03-31,,55983000000,-0.022,,,,,-646000000,,4174000000,-0.031,3726000000,,0.065,251.41,,,,,,58343000000,39247000000,0.673,2648.50,39247000000,,,,,60.00,,,,14820000,1479,14818577,false,false,12,2016-04-01,2017-03-31,0
2017-04-27,72290,2016-03-31,,57259000000,-0.004,,,,,615000000,0.942,4306000000,0.120,3498000000,,0.133,236.08,,,,,,55653000000,36381000000,0.654,2455.09,36381000000,,,,,50.00,,,,14820000,1401,14818667,false,false,12,2015-04-01,2016-03-31,-1
2017-04-27,72290,2017-03-31,,,,,,,,12096000000,-0.174,,,,5455000000,,368.09,,,,,,154906000000,,,,,16809000000,-10884000000,-824000000,,,0.163,,,,,,true,false,12,2016-04-01,2017-03-31,0
2017-04-27,72290,2016-03-31,,,,,,,,14637000000,0.274,,,,7194000000,,485.47,,,,,,145905000000,,,,,21488000000,-13374000000,-2978000000,,,0.103,,,,,,true,false,12,2015-04-01,2016-03-31,-1
2017-04-27,72290,2018-03-31,,,,,,,,4400000000,-0.224,,,,2400000000,,161.96,,,,,,,,,,,,,,,,,,,,,,true,true,6,2017-04-01,2017-09-30,1
2017-04-27,72290,2018-03-31,,,,,,,,11700000000,-0.033,,,,6000000000,,404.90,,,,,,,,,,,,,,,,0.153,,,,,,true,true,12,2017-04-01,2018-03-31,1
2017-04-27,72290,2018-03-31,,,,,,,,,,,,,,,,,,,,,,,,,,,,,,62.00,,,,,,,false,true,12,2017-04-01,2018-03-31,1
2017-07-28,72290,2018-03-31,1,,,,,,,2255000000,-0.202,,,,1344000000,,90.71,,,,,,152683000000,,,,,,,,,,,,,,,,true,false,3,2017-04-01,2017-06-30,0
2017-07-28,72290,2017-03-31,1,,,,,,,2826000000,-0.180,,,,820000000,,55.32,,,,,,,,,,,,,,,,,,,,,,true,false,3,2016-04-01,2016-06-30,-1
2017-07-28,72290,2018-03-31,1,,,,,,,4400000000,-0.224,,,,2400000000,,161.96,,,,,,,,,,,,,,,,,,,,,,true,true,6,2017-04-01,2017-09-30,0
2017-07-28,72290,2018-03-31,1,,,,,,,11700000000,-0.033,,,,6000000000,,404.90,,,,,,,,,,,,,,,,,,,,,,true,true,12,2017-04-01,2018-03-31,0
2017-07-28,72290,2017-03-31,1,,,,,,,,,,,,,,,,,,,,154906000000,,,,,,,,,,,,,,,,true,false,12,2016-04-01,2017-03-31,-1
2017-07-28,72290,2017-03-31,1,,,,,,,,,,,,,,,,,,,,,,,,,,,,,60.00,,,,14820000,1479,,false,false,12,2016-04-01,2017-03-31,-1
2017-07-28,72290,2018-03-31,1,,,,,,,,,,,,,,,,,,,,,,,,,,,,,62.00,,,,,,,false,true,12,2017-04-01,2018-03-31,0
2017-07-28,72290,2018-03-31,1,,,,,,,,,,,,,,,,,,,,,,,,,,,,,,,,,14820000,1479,14818521,false,false,3,2017-04-01,2017-06-30,0
2017-07-28,72290,2017-03-31,1,,,,,,,,,,,,,,,,,,,,,,,,,,,,,,,,,,,14818599,false,false,3,2016-04-01,2016-06-30,-1
2017-10-26,72290,2018-03-31,2,,,,,,,4291000000,-0.244,,,,2522000000,,170.16,,,,,,156219000000,,,,,,,,,,,,,,,,true,false,6,2017-04-01,2017-09-30,0
2017-10-26,72290,2017-03-31,2,,,,,,,5674000000,-0.151,,,,2361000000,,159.34,,,,,,,,,,,,,,,,,,,,,,true,false,6,2016-04-01,2016-09-30,-1
2017-10-26,72290,2018-03-31,2,,,,,,,11700000000,-0.033,,,,6000000000,,404.90,,,,,,,,,,,,,,,,,,,,,,true,true,12,2017-04-01,2018-03-31,0
2017-10-26,72290,2017-03-31,2,,,,,,,,,,,,,,,,,,,,154906000000,,,,,,,,,,,,,,,,true,false,12,2016-04-01,2017-03-31,-1
2017-10-26,72290,2017-03-31,2,,,,,,,,,,,,,,,,,,,,,,,,,,,,,60.00,,,,14820000,1479,,false,false,12,2016-04-01,2017-03-31,-1
2017-10-26,72290,2018-03-31,2,,,,,,,,,,,,,,,,,,,,,,,,,,,,,31.00,,,,,,,false,false,12,2017-04-01,2018-03-31,0
2017-10-26,72290,2018-03-31,2,,,,,,,,,,,,,,,,,,,,,,,,,,,,,62.00,,,,,,,false,true,12,2017-04-01,2018-03-31,0
2017-10-26,72290,2018-03-31,2,,,,,,,,,,,,,,,,,,,,,,,,,,,,,,,,,14820000,1520,14818502,false,false,6,2017-04-01,2017-09-30,0
2017-10-26,72290,2017-03-31,2,,,,,,,,,,,,,,,,,,,,,,,,,,,,,,,,,,,14818599,false,false,6,2016-04-01,2016-09-30,-1
2018-01-31,72290,2018-03-31,3,,,,,,,8501000000,-0.051,,,,4517000000,,304.80,,,,,,158687000000,,,,,,,,,,,,,,,,true,false,9,2017-04-01,2017-12-31,0
2018-01-31,72290,2017-03-31,3,,,,,,,8957000000,-0.099,,,,4553000000,,307.25,,,,,,,,,,,,,,,,,,,,,,true,false,9,2016-04-01,2016-12-31,-1
2018-01-31,72290,2018-03-31,3,,,,,,,11700000000,-0.033,,,,6000000000,,404.90,,,,,,,,,,,,,,,,,,,,,,true,true,12,2017-04-01,2018-03-31,0
2018-01-31,72290,2017-03-31,3,,,,,,,,,,,,,,,,,,,,154906000000,,,,,,,,,,,,,,,,true,false,12,2016-04-01,2017-03-31,-1
2018-01-31,72290,2017-03-31,3,,,,,,,,,,,,,,,,,,,,,,,,,,,,,60.00,,,,14820000,1479,,false,false,12,2016-04-01,2017-03-31,-1
2018-01-31,72290,2018-03-31,3,,,,,,,,,,,,,,,,,,,,,,,,,,,,,31.00,,,,,,,false,false,12,2017-04-01,2018-03-31,0
2018-01-31,72290,2018-03-31,3,,,,,,,,,,,,,,,,,,,,,,,,,,,,,62.00,,,,,,,false,true,12,2017-04-01,2018-03-31,0
2018-01-31,72290,2018-03-31,3,,,,,,,,,,,,,,,,,,,,,,,,,,,,,,,,,14820000,1520,14818494,false,false,9,2017-04-01,2017-12-31,0
2018-01-31,72290,2017-03-31,3,,,,,,,,,,,,,,,,,,,,,,,,,,,,,,,,,,,14818595,false,false,9,2016-04-01,2016-12-31,-1
2018-04-06,72290,2018-03-31,,,,,,,,9500000000,-0.188,,,,3000000000,,202.45,,,,,,,,,,,,,,,,,,,,,,true,true,12,2017-04-01,2018-03-31,0
2018-04-06,72290,2017-03-31,,,,,,,,12096000000,,,,,5455000000,,368.09,,,,,,,,,,,,,,,,,,,,,,true,false,12,2016-04-01,2017-03-31,-1
2018-04-26,72290,2018-03-31,,65613000000,0.172,,,,,872000000,,7531000000,0.804,6238000000,,0.674,420.97,,,,,,64055000000,44581000000,0.696,3008.47,44581000000,,,,,62.00,,,,14820000,1584,14818469,false,false,12,2017-04-01,2018-03-31,0
2018-04-26,72290,2017-03-31,,55983000000,-0.022,,,,,-646000000,,4174000000,-0.031,3726000000,,0.065,251.41,,,,,,58343000000,39247000000,0.673,2648.50,39247000000,,,,,60.00,,,,14820000,1479,14818577,false,false,12,2016-04-01,2017-03-31,-1
2018-04-26,72290,2018-03-31,,,,,,,,9644000000,-0.203,,,,3006000000,,202.85,,,,,,154606000000,,,,,14804000000,-7099000000,-8124000000,,,0.306,,,,,,true,false,12,2017-04-01,2018-03-31,0
2018-04-26,72290,2017-03-31,,,,,,,,12096000000,-0.174,,,,5455000000,,368.09,,,,,,154906000000,,,,,16809000000,-10884000000,-824000000,,,0.163,,,,,,true,false,12,2016-04-01,2017-03-31,-1
2018-04-26,72290,2019-03-31,,,,,,,,5500000000,0.282,,,,2600000000,,175.46,,,,,,,,,,,,,,,,,,,,,,true,true,6,2018-04-01,2018-09-30,1
2018-04-26,72290,2019-03-31,,,,,,,,12300000000,0.275,,,,6300000000,,425.15,,,,,,,,,,,,,,,,0.169,,,,,,true,true,12,2018-04-01,2019-03-31,1
2018-04-26,72290,2019-03-31,,,,,,,,,,,,,,,,,,,,,,,,,,,,,,72.00,,,,,,,false,true,12,2018-04-01,2019-03-31,1
2018-07-27,72290,2019-03-31,1,,,,,,,3057000000,0.355,,,,1466000000,,98.91,,,,,,148987000000,,,,,,,,,,,,,,,,true,false,3,2018-04-01,2018-06-30,0
2018-07-27,72290,2018-03-31,1,,,,,,,2255000000,-0.202,,,,1344000000,,90.71,,,,,,,,,,,,,,,,,,,,,,true,false,3,2017-04-01,2017-06-30,-1
2018-07-27,72290,2019-03-31,1,,,,,,,5500000000,0.282,,,,2600000000,,175.46,,,,,,,,,,,,,,,,,,,,,,true,true,6,2018-04-01,2018-09-30,0
2018-07-27,72290,2019-03-31,1,,,,,,,12300000000,0.275,,,,6300000000,,425.15,,,,,,,,,,,,,,,,,,,,,,true,true,12,2018-04-01,2019-03-31,0
2018-07-27,72290,2018-03-31,1,,,,,,,,,,,,,,,,,,,,154606000000,,,,,,,,,,,,,,,,true,false,12,2017-04-01,2018-03-31,-1
2018-07-27,72290,2018-03-31,1,,,,,,,,,,,,,,,,,,,,,,,,,,,,,62.00,,,,14820000,1584,,false,false,12,2017-04-01,2018-03-31,-1
2018-07-27,72290,2019-03-31,1,,,,,,,,,,,,,,,,,,,,,,,,,,,,,72.00,,,,,,,false,true,12,2018-04-01,2019-03-31,0
2018-07-27,72290,2019-03-31,1,,,,,,,,,,,,,,,,,,,,,,,,,,,,,,,,,14820000,1617,14818397,false,false,3,2018-04-01,2018-06-30,0
2018-07-27,72290,2018-03-31,1,,,,,,,,,,,,,,,,,,,,,,,,,,,,,,,,,,,14818521,false,false,3,2017-04-01,2017-06-30,-1
2018-10-26,72290,2019-03-31,2,,,,,,,4549000000,0.060,,,,1737000000,,117.20,,,,,,150570000000,,,,,,,,,,,,,,,,true,false,6,2018-04-01,2018-09-30,0
2018-10-26,72290,2018-03-31,2,,,,,,,4291000000,-0.244,,,,2522000000,,170.16,,,,,,,,,,,,,,,,,,,,,,true,false,6,2017-04-01,2017-09-30,-1
2018-10-26,72290,2019-03-31,2,,,,,,,11100000000,0.151,,,,5000000000,,337.42,,,,,,,,,,,,,,,,,,,,,,true,true,12,2018-04-01,2019-03-31,0
2018-10-26,72290,2018-03-31,2,,,,,,,,,,,,,,,,,,,,154606000000,,,,,,,,,,,,,,,,true,false,12,2017-04-01,2018-03-31,-1
2018-10-26,72290,2018-03-31,2,,,,,,,,,,,,,,,,,,,,,,,,,,,,,62.00,,,,14820000,1584,,false,false,12,2017-04-01,2018-03-31,-1
2018-10-26,72290,2019-03-31,2,,,,,,,,,,,,,,,,,,,,,,,,,,,,,36.00,,,,,,,false,false,12,2018-04-01,2019-03-31,0
2018-10-26,72290,2019-03-31,2,,,,,,,,,,,,,,,,,,,,,,,,,,,,,72.00,,,,,,,false,true,12,2018-04-01,2019-03-31,0
2018-10-26,72290,2019-03-31,2,,,,,,,,,,,,,,,,,,,,,,,,,,,,,,,,,14820000,1617,14818390,false,false,6,2018-04-01,2018-09-30,0
2018-10-26,72290,2018-03-31,2,,,,,,,,,,,,,,,,,,,,,,,,,,,,,,,,,,,14818502,false,false,6,2017-04-01,2017-09-30,-1
2019-01-31,72290,2019-03-31,3,,,,,,,7065000000,-0.169,,,,3057000000,,206.26,,,,,,147728000000,,,,,,,,,,,,,,,,true,false,9,2018-04-01,2018-12-31,0
2019-01-31,72290,2018-03-31,3,,,,,,,8501000000,-0.051,,,,4517000000,,304.80,,,,,,,,,,,,,,,,,,,,,,true,false,9,2017-04-01,2017-12-31,-1
2019-01-31,72290,2019-03-31,3,,,,,,,11100000000,0.151,,,,5000000000,,337.42,,,,,,,,,,,,,,,,,,,,,,true,true,12,2018-04-01,2019-03-31,0
2019-01-31,72290,2018-03-31,3,,,,,,,,,,,,,,,,,,,,154606000000,,,,,,,,,,,,,,,,true,false,12,2017-04-01,2018-03-31,-1
2019-01-31,72290,2018-03-31,3,,,,,,,,,,,,,,,,,,,,,,,,,,,,,62.00,,,,14820000,1584,,false,false,12,2017-04-01,2018-03-31,-1
2019-01-31,72290,2019-03-31,3,,,,,,,,,,,,,,,,,,,,,,,,,,,,,36.00,,,,,,,false,false,12,2018-04-01,2019-03-31,0
2019-01-31,72290,2019-03-31,3,,,,,,,,,,,,,,,,,,,,,,,,,,,,,72.00,,,,,,,false,true,12,2018-04-01,2019-03-31,0
2019-01-31,72290,2019-03-31,3,,,,,,,,,,,,,,,,,,,,,,,,,,,,,,,,,14820000,1617,14818387,false,false,9,2018-04-01,2018-12-31,0
2019-01-31,72290,2018-03-31,3,,,,,,,,,,,,,,,,,,,,,,,,,,,,,,,,,,,14818494,false,false,9,2017-04-01,2017-12-31,-1
2019-04-23,72290,2019-03-31,,,,,,,,8500000000,-0.234,,,,4600000000,,310.43,,,,,,,,,,,,,,,,,,,,,,true,true,12,2018-04-01,2019-03-31,0
2019-04-23,72290,2018-03-31,,,,,,,,9644000000,,,,,3006000000,,202.85,,,,,,,,,,,,,,,,,,,,,,true,false,12,2017-04-01,2018-03-31,-1
2019-04-25,72290,2019-03-31,,74773000000,0.140,,,,,154000000,-0.823,7337000000,-0.026,5835000000,,-0.065,393.75,,,,,,65533000000,49422000000,0.754,3335.23,49422000000,,,,,72.00,,,,14820000,1694,14818369,false,false,12,2018-04-01,2019-03-31,0
2019-04-25,72290,2018-03-31,,65613000000,0.172,,,,,872000000,,7531000000,0.804,6238000000,,0.674,420.97,,,,,,64055000000,44581000000,0.696,3008.47,44581000000,,,,,62.00,,,,14820000,1584,14818469,false,false,12,2017-04-01,2018-03-31,-1
2019-04-25,72290,2019-03-31,,,,,,,,8599000000,-0.108,,,,4662000000,,314.59,,,,,,153873000000,,,,,17346000000,-7457000000,-8709000000,,,0.229,,,,,,true,false,12,2018-04-01,2019-03-31,0
2019-04-25,72290,2018-03-31,,,,,,,,9644000000,-0.203,,,,3006000000,,202.85,,,,,,154606000000,,,,,14804000000,-7099000000,-8124000000,,,0.306,,,,,,true,false,12,2017-04-01,2018-03-31,-1
2019-04-25,72290,2020-03-31,,,,,,,,7500000000,-0.128,,,,3000000000,,202.45,,,,,,,,,,,,,,,,0.356,,,,,,true,true,12,2019-04-01,2020-03-31,1
2019-04-25,72290,2020-03-31,,,,,,,,,,,,,,,,,,,,,,,,,,,,,,72.00,,,,,,,false,true,12,2019-04-01,2020-03-31,1
2019-07-26,72290,2020-03-31,1,,,,,,,2678000000,-0.124,,,,1020000000,,68.83,,,,,,151838000000,,,,,,,,,,,,,,,,true,false,3,2019-04-01,2019-06-30,0
2019-07-26,72290,2019-03-31,1,,,,,,,3057000000,0.355,,,,1466000000,,98.91,,,,,,,,,,,,,,,,,,,,,,true,false,3,2018-04-01,2018-06-30,-1
2019-07-26,72290,2020-03-31,1,,,,,,,7500000000,-0.128,,,,3000000000,,202.45,,,,,,,,,,,,,,,,,,,,,,true,true,12,2019-04-01,2020-03-31,0
2019-07-26,72290,2019-03-31,1,,,,,,,,,,,,,,,,,,,,153873000000,,,,,,,,,,,,,,,,true,false,12,2018-04-01,2019-03-31,-1
2019-07-26,72290,2019-03-31,1,,,,,,,,,,,,,,,,,,,,,,,,,,,,,72.00,,,,14820000,1694,,false,false,12,2018-04-01,2019-03-31,-1
2019-07-26,72290,2020-03-31,1,,,,,,,,,,,,,,,,,,,,,,,,,,,,,72.00,,,,,,,false,true,12,2019-04-01,2020-03-31,0
2019-07-26,72290,2020-03-31,1,,,,,,,,,,,,,,,,,,,,,,,,,,,,,,,,,14820000,1694,14818306,false,false,3,2019-04-01,2019-06-30,0
2019-07-26,72290,2019-03-31,1,,,,,,,,,,,,,,,,,,,,,,,,,,,,,,,,,,,14818397,false,false,3,2018-04-01,2018-06-30,-1
2019-10-30,72290,2020-03-31,2,,,,,,,4589000000,0.009,,,,1776000000,,119.87,,,,,,156495000000,,,,,,,,,,,,,,,,true,false,6,2019-04-01,2019-09-30,0
2019-10-30,72290,2019-03-31,2,,,,,,,4549000000,0.060,,,,1737000000,,117.20,,,,,,,,,,,,,,,,,,,,,,true,false,6,2018-04-01,2018-09-30,-1
2019-10-30,72290,2020-03-31,2,,,,,,,7500000000,-0.128,,,,3000000000,,202.45,,,,,,,,,,,,,,,,,,,,,,true,true,12,2019-04-01,2020-03-31,0
2019-10-30,72290,2019-03-31,2,,,,,,,,,,,,,,,,,,,,153873000000,,,,,,,,,,,,,,,,true,false,12,2018-04-01,2019-03-31,-1
2019-10-30,72290,2019-03-31,2,,,,,,,,,,,,,,,,,,,,,,,,,,,,,72.00,,,,14820000,1694,,false,false,12,2018-04-01,2019-03-31,-1
2019-10-30,72290,2020-03-31,2,,,,,,,,,,,,,,,,,,,,,,,,,,,,,36.00,,,,,,,false,false,12,2019-04-01,2020-03-31,0
2019-10-30,72290,2020-03-31,2,,,,,,,,,,,,,,,,,,,,,,,,,,,,,72.00,,,,,,,false,true,12,2019-04-01,2020-03-31,0
2019-10-30,72290,2020-03-31,2,,,,,,,,,,,,,,,,,,,,,,,,,,,,,,,,,14820000,1694,14818306,false,false,6,2019-04-01,2019-09-30,0
2019-10-30,72290,2019-03-31,2,,,,,,,,,,,,,,,,,,,,,,,,,,,,,,,,,,,14818390,false,false,6,2018-04-01,2018-09-30,-1
2020-01-31,72290,2020-03-31,3,130288000000,-0.048,,,,,4182000000,-0.408,,,,1103000000,,74.47,,,,,,152418000000,,,,,,,,,,,,,,,,true,false,9,2019-04-01,2019-12-31,0
2020-01-31,72290,2019-03-31,3,136908000000,0.023,,,,,7065000000,-0.169,,,,3057000000,,206.26,,,,,,,,,,,,,,,,,,,,,,true,false,9,2018-04-01,2018-12-31,-1
2020-01-31,72290,2020-03-31,3,173000000000,-0.046,,,,,6200000000,-0.279,,,,2200000000,,148.47,,,,,,,,,,,,,,,,,,,,,,true,true,12,2019-04-01,2020-03-31,0
2020-01-31,72290,2019-03-31,3,,,,,,,,,,,,,,,,,,,,153873000000,,,,,,,,,,,,,,,,true,false,12,2018-04-01,2019-03-31,-1
2020-01-31,72290,2019-03-31,3,,,,,,,,,,,,,,,,,,,,,,,,,,,,,72.00,,,,14820000,1694,,false,false,12,2018-04-01,2019-03-31,-1
2020-01-31,72290,2020-03-31,3,,,,,,,,,,,,,,,,,,,,,,,,,,,,,36.00,,,,,,,false,false,12,2019-04-01,2020-03-31,0
2020-01-31,72290,2020-03-31,3,,,,,,,,,,,,,,,,,,,,,,,,,,,,,72.00,,,,,,,false,true,12,2019-04-01,2020-03-31,0
2020-01-31,72290,2020-03-31,3,,,,,,,,,,,,,,,,,,,,,,,,,,,,,,,,,14820000,1747,14818299,false,false,9,2019-04-01,2019-12-31,0
2020-01-31,72290,2019-03-31,3,,,,,,,,,,,,,,,,,,,,,,,,,,,,,,,,,,,14818387,false,false,9,2018-04-01,2018-12-31,-1
2020-05-15,72290,2020-03-31,,74853000000,0.001,,,,,-1633000000,,1894000000,-0.742,-1658000000,,,-111.89,,,,,,64626000000,46697000000,0.723,3151.35,46697000000,,,,,72.00,,,,14820000,1776,14818282,false,false,12,2019-04-01,2020-03-31,0
2020-05-15,72290,2019-03-31,,74773000000,0.140,,,,,154000000,-0.823,7337000000,-0.026,5835000000,,-0.065,393.75,,,,,,65533000000,49422000000,0.754,3335.23,49422000000,,,,,72.00,,,,14820000,1694,14818369,false,false,12,2018-04-01,2019-03-31,-1
2020-05-15,72290,2020-03-31,,,,,,,,4589000000,-0.466,,,,1049000000,,70.79,,,,,,147515000000,,,,,12816000000,-9197000000,-5363000000,,,1.017,,,,,,true,false,12,2019-04-01,2020-03-31,0
2020-05-15,72290,2019-03-31,,,,,,,,8599000000,-0.108,,,,4662000000,,314.59,,,,,,153873000000,,,,,17346000000,-7457000000,-8709000000,,,0.229,,,,,,true,false,12,2018-04-01,2019-03-31,-1
2020-07-30,72290,2021-03-31,1,,,,,,,-356000000,,,,,-1873000000,,-126.37,,,,,,159901000000,,,,,,,,,,,,,,,,true,false,3,2020-04-01,2020-06-30,0
2020-07-30,72290,2020-03-31,1,,,,,,,2678000000,-0.124,,,,1020000000,,68.83,,,,,,,,,,,,,,,,,,,,,,true,false,3,2019-04-01,2019-06-30,-1
2020-07-30,72290,2021-03-31,1,,,,,,,3000000000,-0.346,,,,-2000000000,,-134.97,,,,,,,,,,,,,,,,,,,,,,true,true,12,2020-04-01,2021-03-31,0
2020-07-30,72290,2020-03-31,1,,,,,,,,,,,,,,,,,,,,147515000000,,,,,,,,,,,,,,,,true,false,12,2019-04-01,2020-03-31,-1
2020-07-30,72290,2020-03-31,1,,,,,,,,,,,,,,,,,,,,,,,,,,,,,72.00,,,,14820000,1776,,false,false,12,2019-04-01,2020-03-31,-1
2020-07-30,72290,2021-03-31,1,,,,,,,,,,,,,,,,,,,,,,,,,,,,,36.00,,,,,,,false,true,12,2020-04-01,2021-03-31,0
2020-07-30,72290,2021-03-31,1,,,,,,,,,,,,,,,,,,,,,,,,,,,,,,,,,14820000,1776,14818224,false,false,3,2020-04-01,2020-06-30,0
2020-07-30,72290,2020-03-31,1,,,,,,,,,,,,,,,,,,,,,,,,,,,,,,,,,,,14818306,false,false,3,2019-04-01,2019-06-30,-1
2020-10-29,72290,2021-03-31,2,,,,,,,1258000000,-0.726,,,,-1541000000,,-103.97,,,,,,169011000000,,,,,,,,,,,,,,,,true,false,6,2020-04-01,2020-09-30,0
2020-10-29,72290,2020-03-31,2,,,,,,,4589000000,0.009,,,,1776000000,,119.87,,,,,,,,,,,,,,,,,,,,,,true,false,6,2019-04-01,2019-09-30,-1
2020-10-29,72290,2021-03-31,2,,,,,,,3000000000,-0.346,,,,-2000000000,,-134.97,,,,,,,,,,,,,,,,,,,,,,true,true,12,2020-04-01,2021-03-31,0
2020-10-29,72290,2020-03-31,2,,,,,,,,,,,,,,,,,,,,147515000000,,,,,,,,,,,,,,,,true,false,12,2019-04-01,2020-03-31,-1
2020-10-29,72290,2020-03-31,2,,,,,,,,,,,,,,,,,,,,,,,,,,,,,72.00,,,,14820000,1776,,false,false,12,2019-04-01,2020-03-31,-1
2020-10-29,72290,2021-03-31,2,,,,,,,,,,,,,,,,,,,,,,,,,,,,,0.00,,,,,,,false,false,12,2020-04-01,2021-03-31,0
2020-10-29,72290,2021-03-31,2,,,,,,,,,,,,,,,,,,,,,,,,,,,,,36.00,,,,,,,false,true,12,2020-04-01,2021-03-31,0
2020-10-29,72290,2021-03-31,2,,,,,,,,,,,,,,,,,,,,,,,,,,,,,,,,,14820000,1776,14818224,false,false,6,2020-04-01,2020-09-30,0
2020-10-29,72290,2020-03-31,2,,,,,,,,,,,,,,,,,,,,,,,,,,,,,,,,,,,14818306,false,false,6,2019-04-01,2019-09-30,-1
2021-01-29,72290,2021-03-31,3,141674000000,0.087,,,,,5111000000,0.222,,,,455000000,,30.72,,,,,,171106000000,,,,,,,,,,,,,,,,true,false,9,2020-04-01,2020-12-31,0
2021-01-29,72290,2020-03-31,3,130288000000,-0.048,,,,,4182000000,-0.408,,,,1103000000,,74.47,,,,,,,,,,,,,,,,,,,,,,true,false,9,2019-04-01,2019-12-31,-1
2021-01-29,72290,2021-03-31,3,173000000000,0.059,,,,,3000000000,-0.346,,,,-2000000000,,-134.97,,,,,,,,,,,,,,,,,,,,,,true,true,12,2020-04-01,2021-03-31,0
2021-01-29,72290,2020-03-31,3,,,,,,,,,,,,,,,,,,,,147515000000,,,,,,,,,,,,,,,,true,false,12,2019-04-01,2020-03-31,-1
2021-01-29,72290,2020-03-31,3,,,,,,,,,,,,,,,,,,,,,,,,,,,,,72.00,,,,14820000,1776,,false,false,12,2019-04-01,2020-03-31,-1
2021-01-29,72290,2021-03-31,3,,,,,,,,,,,,,,,,,,,,,,,,,,,,,0.00,,,,,,,false,false,12,2020-04-01,2021-03-31,0
2021-01-29,72290,2021-03-31,3,,,,,,,,,,,,,,,,,,,,,,,,,,,,,36.00,,,,,,,false,true,12,2020-04-01,2021-03-31,0
2021-01-29,72290,2021-03-31,3,,,,,,,,,,,,,,,,,,,,,,,,,,,,,,,,,14820000,1776,14818224,false,false,9,2020-04-01,2020-12-31,0
2021-01-29,72290,2020-03-31,3,,,,,,,,,,,,,,,,,,,,,,,,,,,,,,,,,,,14818299,false,false,9,2019-04-01,2019-12-31,-1
2021-04-01,72290,2021-03-31,,,,,,,,2400000000,-0.200,,,,-2700000000,,-182.21,,,,,,,,,,,,,,,,,,,,,,true,true,12,2020-04-01,2021-03-31,0
2021-04-01,72290,2020-03-31,,,,,,,,4589000000,,,,,1049000000,,70.79,,,,,,,,,,,,,,,,,,,,,,true,false,12,2019-04-01,2020-03-31,-1
2021-05-11,72290,2021-03-31,,79150000000,0.057,,,,,-2497000000,,6029000000,2.183,1032000000,,,69.65,,,,,,68043000000,47196000000,0.694,3185.00,47196000000,,,,,36.00,,,,14820000,1824,14818217,false,false,12,2020-04-01,2021-03-31,0
2021-05-11,72290,2020-03-31,,74853000000,0.001,,,,,-1633000000,,1894000000,-0.742,-1658000000,,,-111.89,,,,,,64626000000,46697000000,0.723,3151.35,46697000000,,,,,72.00,,,,14820000,1776,14818282,false,false,12,2019-04-01,2020-03-31,-1
2021-05-11,72290,2021-03-31,,,,,,,,3641000000,-0.207,,,,-1335000000,,-90.07,,,,,,189178000000,,,,,16151000000,-8691000000,-625000000,,,,,,,,,true,false,12,2020-04-01,2021-03-31,0
2021-05-11,72290,2020-03-31,,,,,,,,4589000000,-0.466,,,,1049000000,,70.79,,,,,,147515000000,,,,,12816000000,-9197000000,-5363000000,,,1.017,,,,,,true,false,12,2019-04-01,2020-03-31,-1
2021-05-11,72290,2022-03-31,,,,,,,,8800000000,1.417,,,,4100000000,,276.69,,,,,,,,,,,,,,,,0.275,,,,,,true,true,12,2021-04-01,2022-03-31,1
2021-05-11,72290,2022-03-31,,,,,,,,,,,,,,,,,,,,,,,,,,,,,,76.00,,,,,,,false,true,12,2021-04-01,2022-03-31,1
2021-05-11,72290,2021-03-31,,,,,,,,3641000000,0.517,,,,-1335000000,,-90.07,,,,,,,,,,,,,,,,,,,,,,true,true,12,2020-04-01,2021-03-31,0
2021-05-11,72290,2020-03-31,,,,,,,,4589000000,,,,,1049000000,,70.79,,,,,,,,,,,,,,,,,,,,,,true,false,12,2019-04-01,2020-03-31,-1
2021-07-30,72290,2022-03-31,1,,,,,,,3019000000,,,,,1335000000,,90.06,,,,,,198459000000,,,,,,,,,,,,,,,,true,false,3,2021-04-01,2021-06-30,0
2021-07-30,72290,2021-03-31,1,,,,,,,-356000000,,,,,-1873000000,,-126.37,,,,,,,,,,,,,,,,,,,,,,true,false,3,2020-04-01,2020-06-30,-1
2021-07-30,72290,2022-03-31,1,,,,,,,8800000000,1.417,,,,4100000000,,276.69,,,,,,,,,,,,,,,,,,,,,,true,true,12,2021-04-01,2022-03-31,0
2021-07-30,72290,2021-03-31,1,,,,,,,,,,,,,,,,,,,,189178000000,,,,,,,,,,,,,,,,true,false,12,2020-04-01,2021-03-31,-1
2021-07-30,72290,2021-03-31,1,,,,,,,,,,,,,,,,,,,,,,,,,,,,,36.00,,,,14820000,1824,,false,false,12,2020-04-01,2021-03-31,-1
2021-07-30,72290,2022-03-31,1,,,,,,,,,,,,,,,,,,,,,,,,,,,,,76.00,,,,,,,false,true,12,2021-04-01,2022-03-31,0
2021-07-30,72290,2022-03-31,1,,,,,,,,,,,,,,,,,,,,,,,,,,,,,,,,,14820000,1824,14818176,false,false,3,2021-04-01,2021-06-30,0
2021-07-30,72290,2021-03-31,1,,,,,,,,,,,,,,,,,,,,,,,,,,,,,,,,,,,14818224,false,false,3,2020-04-01,2020-06-30,-1
2021-10-29,72290,2022-03-31,2,,,,,,,3344000000,1.659,,,,1120000000,,75.61,,,,,,169261000000,,,,,,,,,,,,,,,,true,false,6,2021-04-01,2021-09-30,0
2021-10-29,72290,2021-03-31,2,,,,,,,1258000000,-0.726,,,,-1541000000,,-103.97,,,,,,,,,,,,,,,,,,,,,,true,false,6,2020-04-01,2020-09-30,-1
2021-10-29,72290,2022-03-31,2,,,,,,,8800000000,1.417,,,,4100000000,,276.69,,,,,,,,,,,,,,,,,,,,,,true,true,12,2021-04-01,2022-03-31,0
2021-10-29,72290,2021-03-31,2,,,,,,,,,,,,,,,,,,,,189178000000,,,,,,,,,,,,,,,,true,false,12,2020-04-01,2021-03-31,-1
2021-10-29,72290,2021-03-31,2,,,,,,,,,,,,,,,,,,,,,,,,,,,,,36.00,,,,14820000,1824,,false,false,12,2020-04-01,2021-03-31,-1
2021-10-29,72290,2022-03-31,2,,,,,,,,,,,,,,,,,,,,,,,,,,,,,36.00,,,,,,,false,false,12,2021-04-01,2022-03-31,0
2021-10-29,72290,2022-03-31,2,,,,,,,,,,,,,,,,,,,,,,,,,,,,,76.00,,,,,,,false,true,12,2021-04-01,2022-03-31,0
2021-10-29,72290,2022-03-31,2,,,,,,,,,,,,,,,,,,,,,,,,,,,,,,,,,14820000,1824,14818176,false,false,6,2021-04-01,2021-09-30,0
2021-10-29,72290,2021-03-31,2,,,,,,,,,,,,,,,,,,,,,,,,,,,,,,,,,,,14818224,false,false,6,2020-04-01,2020-09-30,-1
2022-01-31,72290,2022-03-31,3,149057000000,0.052,,,,,6641000000,0.299,,,,2774000000,,187.20,,,,,,184043000000,,,,,,,,,,,,,,,,true,false,9,2021-04-01,2021-12-31,0
2022-01-31,72290,2021-03-31,3,141674000000,0.087,,,,,5111000000,0.222,,,,455000000,,30.72,,,,,,,,,,,,,,,,,,,,,,true,false,9,2020-04-01,2020-12-31,-1
2022-01-31,72290,2022-03-31,3,193000000000,0.009,,,,,8800000000,1.417,,,,4100000000,,276.69,,,,,,,,,,,,,,,,,,,,,,true,true,12,2021-04-01,2022-03-31,0
2022-01-31,72290,2021-03-31,3,,,,,,,,,,,,,,,,,,,,189178000000,,,,,,,,,,,,,,,,true,false,12,2020-04-01,2021-03-31,-1
2022-01-31,72290,2021-03-31,3,,,,,,,,,,,,,,,,,,,,,,,,,,,,,36.00,,,,14820000,1824,,false,false,12,2020-04-01,2021-03-31,-1
2022-01-31,72290,2022-03-31,3,,,,,,,,,,,,,,,,,,,,,,,,,,,,,36.00,,,,,,,false,false,12,2021-04-01,2022-03-31,0
2022-01-31,72290,2022-03-31,3,,,,,,,,,,,,,,,,,,,,,,,,,,,,,76.00,,,,,,,false,true,12,2021-04-01,2022-03-31,0
2022-01-31,72290,2022-03-31,3,,,,,,,,,,,,,,,,,,,,,,,,,,,,,,,,,14820000,1824,14818176,false,false,9,2021-04-01,2021-12-31,0
2022-01-31,72290,2021-03-31,3,,,,,,,,,,,,,,,,,,,,,,,,,,,,,,,,,,,14818224,false,false,9,2020-04-01,2020-12-31,-1
2022-05-12,72290,2022-03-31,,36460000000,-0.001,,,,,73000000,,8488000000,0.408,322000000,,-0.688,21.72,,,,,,71094000000,46451000000,0.653,3134.72,46451000000,,,,,76.00,,,,14820000,1824,14818176,false,false,12,2021-04-01,2022-03-31,0
2022-05-12,72290,2021-03-31,,36494000000,,,,,,-2497000000,,6029000000,2.183,1032000000,,,69.65,,,,,,68043000000,47196000000,0.694,3185.00,47196000000,,,,,36.00,,,,14820000,1824,14818217,false,false,12,2020-04-01,2021-03-31,-1
2022-05-12,72290,2022-03-31,,,,,,,,8853000000,1.431,,,,4466000000,,301.35,,,,,,208334000000,,,,,12142000000,-3947000000,-2793000000,,,0.252,,,,,,true,false,12,2021-04-01,2022-03-31,0
2022-05-12,72290,2021-03-31,,,,,,,,3641000000,-0.207,,,,-1335000000,,-90.07,,,,,,189178000000,,,,,16151000000,-8691000000,-625000000,,,,,,,,,true,false,12,2020-04-01,2021-03-31,-1
2022-05-12,72290,2023-03-31,,,,,,,,9900000000,0.118,,,,5200000000,,350.92,,,,,,,,,,,,,,,,0.251,,,,,,true,true,12,2022-04-01,2023-03-31,1
2022-05-12,72290,2023-03-31,,,,,,,,,,,,,,,,,,,,,,,,,,,,,,88.00,,,,,,,false,true,12,2022-04-01,2023-03-31,1
2022-07-29,72290,2023-03-31,1,,,,,,,-384000000,,,,,-117000000,,-7.88,,,,,,210713000000,,,,,,,,,,,,,,,,true,false,3,2022-04-01,2022-06-30,0
2022-07-29,72290,2022-03-31,1,,,,,,,3019000000,,,,,1335000000,,90.06,,,,,,,,,,,,,,,,,,,,,,true,false,3,2021-04-01,2021-06-30,-1
2022-07-29,72290,2023-03-31,1,,,,,,,9900000000,0.118,,,,5200000000,,350.92,,,,,,,,,,,,,,,,,,,,,,true,true,12,2022-04-01,2023-03-31,0
2022-07-29,72290,2022-03-31,1,,,,,,,,,,,,,,,,,,,,208334000000,,,,,,,,,,,,,,,,true,false,12,2021-04-01,2022-03-31,-1
2022-07-29,72290,2022-03-31,1,,,,,,,,,,,,,,,,,,,,,,,,,,,,,76.00,,,,14820000,1824,,false,false,12,2021-04-01,2022-03-31,-1
2022-07-29,72290,2023-03-31,1,,,,,,,,,,,,,,,,,,,,,,,,,,,,,88.00,,,,,,,false,true,12,2022-04-01,2023-03-31,0
2022-07-29,72290,2023-03-31,1,,,,,,,,,,,,,,,,,,,,,,,,,,,,,,,,,14820000,1824,14818176,false,false,3,2022-04-01,2022-06-30,0
2022-07-29,72290,2022-03-31,1,,,,,,,,,,,,,,,,,,,,,,,,,,,,,,,,,,,14818176,false,false,3,2021-04-01,2021-06-30,-1
2022-10-31,72290,2023-03-31,2,,,,,,,1071000000,-0.680,,,,541000000,,36.50,,,,,,196352000000,,,,,,,,,,,,,,,,true,false,6,2022-04-01,2022-09-30,0
2022-10-31,72290,2022-03-31,2,,,,,,,3344000000,1.659,,,,1120000000,,75.61,,,,,,,,,,,,,,,,,,,,,,true,false,6,2021-04-01,2021-09-30,-1
2022-10-31,72290,2023-03-31,2,,,,,,,5500000000,-0.379,,,,1400000000,,94.48,,,,,,,,,,,,,,,,,,,,,,true,true,12,2022-04-01,2023-03-31,0
2022-10-31,72290,2022-03-31,2,,,,,,,,,,,,,,,,,,,,208334000000,,,,,,,,,,,,,,,,true,false,12,2021-04-01,2022-03-31,-1
2022-10-31,72290,2022-03-31,2,,,,,,,,,,,,,,,,,,,,,,,,,,,,,76.00,,,,14820000,1824,,false,false,12,2021-04-01,2022-03-31,-1
2022-10-31,72290,2023-03-31,2,,,,,,,,,,,,,,,,,,,,,,,,,,,,,36.00,,,,,,,false,false,12,2022-04-01,2023-03-31,0
2022-10-31,72290,2023-03-31,2,,,,,,,,,,,,,,,,,,,,,,,,,,,,,76.00,,,,,,,false,true,12,2022-04-01,2023-03-31,0
2022-10-31,72290,2023-03-31,2,,,,,,,,,,,,,,,,,,,,,,,,,,,,,,,,,14820000,1824,14818176,false,false,6,2022-04-01,2022-09-30,0
2022-10-31,72290,2022-03-31,2,,,,,,,,,,,,,,,,,,,,,,,,,,,,,,,,,,,14818176,false,false,6,2021-04-01,2021-09-30,-1
2023-01-31,72290,2023-03-31,3,160305000000,0.075,,,,,549000000,-0.917,,,,-669000000,,-45.13,,,,,,195568000000,,,,,,,,,,,,,,,,true,false,9,2022-04-01,2022-12-31,0
2023-01-31,72290,2022-03-31,3,149057000000,0.052,,,,,6641000000,0.299,,,,2774000000,,187.20,,,,,,,,,,,,,,,,,,,,,,true,false,9,2021-04-01,2021-12-31,-1
2023-01-31,72290,2023-03-31,3,217000000000,0.017,,,,,3400000000,-0.616,,,,1300000000,,87.73,,,,,,,,,,,,,,,,,,,,,,true,true,12,2022-04-01,2023-03-31,0
2023-01-31,72290,2022-03-31,3,,,,,,,,,,,,,,,,,,,,208334000000,,,,,,,,,,,,,,,,true,false,12,2021-04-01,2022-03-31,-1
2023-01-31,72290,2022-03-31,3,,,,,,,,,,,,,,,,,,,,,,,,,,,,,76.00,,,,14820000,1824,,false,false,12,2021-04-01,2022-03-31,-1
2023-01-31,72290,2023-03-31,3,,,,,,,,,,,,,,,,,,,,,,,,,,,,,36.00,,,,,,,false,false,12,2022-04-01,2023-03-31,0
2023-01-31,72290,2023-03-31,3,,,,,,,,,,,,,,,,,,,,,,,,,,,,,72.00,,,,,,,false,true,12,2022-04-01,2023-03-31,0
2023-01-31,72290,2023-03-31,3,,,,,,,,,,,,,,,,,,,,,,,,,,,,,,,,,14820000,1824,14818176,false,false,9,2022-04-01,2022-12-31,0
2023-01-31,72290,2022-03-31,3,,,,,,,,,,,,,,,,,,,,,,,,,,,,,,,,,,,14818176,false,false,9,2021-04-01,2021-12-31,-1
2023-05-11,72290,2023-03-31,,34666000000,-0.049,,,,,-454000000,,5651000000,-0.334,4690000000,,,316.48,,,,,,63437000000,50014000000,0.788,3375.20,50014000000,,,,,72.00,,,,14820000,1824,14818176,false,false,12,2022-04-01,2023-03-31,0
2023-05-11,72290,2022-03-31,,36460000000,-0.001,,,,,73000000,,8488000000,0.408,322000000,,-0.688,21.72,,,,,,71094000000,46451000000,0.653,3134.72,46451000000,,,,,76.00,,,,14820000,1824,14818176,false,false,12,2021-04-01,2022-03-31,-1
2023-05-11,72290,2023-03-31,,,,,,,,3853000000,-0.565,,,,1444000000,,97.42,,,,,,199633000000,,,,,4063000000,-2813000000,-7681000000,,,0.739,,,,,,true,false,12,2022-04-01,2023-03-31,0
2023-05-11,72290,2022-03-31,,,,,,,,8853000000,1.431,,,,4466000000,,301.35,,,,,,208334000000,,,,,12142000000,-3947000000,-2793000000,,,0.252,,,,,,true,false,12,2021-04-01,2022-03-31,-1
2023-05-11,72290,2024-03-31,,,,,,,,6000000000,0.557,,,,2000000000,,134.97,,,,,,,,,,,,,,,,0.533,,,,,,true,true,12,2023-04-01,2024-03-31,1
2023-05-11,72290,2024-03-31,,,,,,,,,,,,,,,,,,,,,,,,,,,,,,72.00,,,,,,,false,true,12,2023-04-01,2024-03-31,1
2023-07-31,72290,2024-03-31,1,,,,,,,1527000000,,,,,1125000000,,75.92,,,,,,203623000000,,,,,,,,,,,,,,,,true,false,3,2023-04-01,2023-06-30,0
2023-07-31,72290,2023-03-31,1,,,,,,,-384000000,,,,,-117000000,,-7.88,,,,,,,,,,,,,,,,,,,,,,true,false,3,2022-04-01,2022-06-30,-1
2023-07-31,72290,2024-03-31,1,,,,,,,6000000000,0.557,,,,2000000000,,134.97,,,,,,,,,,,,,,,,,,,,,,true,true,12,2023-04-01,2024-03-31,0
2023-07-31,72290,2023-03-31,1,,,,,,,,,,,,,,,,,,,,199633000000,,,,,,,,,,,,,,,,true,false,12,2022-04-01,2023-03-31,-1
2023-07-31,72290,2023-03-31,1,,,,,,,,,,,,,,,,,,,,,,,,,,,,,72.00,,,,14820000,1824,,false,false,12,2022-04-01,2023-03-31,-1
2023-07-31,72290,2024-03-31,1,,,,,,,,,,,,,,,,,,,,,,,,,,,,,72.00,,,,,,,false,true,12,2023-04-01,2024-03-31,0
2023-07-31,72290,2024-03-31,1,,,,,,,,,,,,,,,,,,,,,,,,,,,,,,,,,14820000,1824,14818176,false,false,3,2023-04-01,2023-06-30,0
2023-07-31,72290,2023-03-31,1,,,,,,,,,,,,,,,,,,,,,,,,,,,,,,,,,,,14818176,false,false,3,2022-04-01,2022-06-30,-1
2023-10-31,72290,2024-03-31,2,,,,,,,3182000000,1.972,,,,2107000000,,142.22,,,,,,199292000000,,,,,,,,,,,,,,,,true,false,6,2023-04-01,2023-09-30,0
2023-10-31,72290,2023-03-31,2,,,,,,,1071000000,-0.680,,,,541000000,,36.50,,,,,,,,,,,,,,,,,,,,,,true,false,6,2022-04-01,2022-09-30,-1
2023-10-31,72290,2024-03-31,2,,,,,,,8200000000,1.128,,,,5400000000,,364.42,,,,,,,,,,,,,,,,,,,,,,true,true,12,2023-04-01,2024-03-31,0
2023-10-31,72290,2023-03-31,2,,,,,,,,,,,,,,,,,,,,199633000000,,,,,,,,,,,,,,,,true,false,12,2022-04-01,2023-03-31,-1
2023-10-31,72290,2023-03-31,2,,,,,,,,,,,,,,,,,,,,,,,,,,,,,72.00,,,,14820000,1824,,false,false,12,2022-04-01,2023-03-31,-1
2023-10-31,72290,2024-03-31,2,,,,,,,,,,,,,,,,,,,,,,,,,,,,,40.00,,,,,,,false,false,12,2023-04-01,2024-03-31,0
2023-10-31,72290,2024-03-31,2,,,,,,,,,,,,,,,,,,,,,,,,,,,,,90.00,,,,,,,false,true,12,2023-04-01,2024-03-31,0
2023-10-31,72290,2024-03-31,2,,,,,,,,,,,,,,,,,,,,,,,,,,,,,,,,,14820000,1824,14818176,false,false,6,2023-04-01,2023-09-30,0
2023-10-31,72290,2023-03-31,2,,,,,,,,,,,,,,,,,,,,,,,,,,,,,,,,,,,14818176,false,false,6,2022-04-01,2022-09-30,-1
2024-01-31,72290,2024-03-31,3,,,,,,,7348000000,,,,,4633000000,,312.66,,,,,,187824000000,,,,,,,,,,,,,,,,true,false,9,2023-04-01,2023-12-31,0
2024-01-31,72290,2023-03-31,3,,,,,,,549000000,-0.917,,,,-669000000,,-45.13,,,,,,,,,,,,,,,,,,,,,,true,false,9,2022-04-01,2022-12-31,-1
2024-01-31,72290,2024-03-31,3,,,,,,,8200000000,1.128,,,,5400000000,,364.42,,,,,,,,,,,,,,,,,,,,,,true,true,12,2023-04-01,2024-03-31,0
2024-01-31,72290,2023-03-31,3,,,,,,,,,,,,,,,,,,,,199633000000,,,,,,,,,,,,,,,,true,false,12,2022-04-01,2023-03-31,-1
2024-01-31,72290,2023-03-31,3,,,,,,,,,,,,,,,,,,,,,,,,,,,,,72.00,,,,14820000,1824,,false,false,12,2022-04-01,2023-03-31,-1
2024-01-31,72290,2024-03-31,3,,,,,,,,,,,,,,,,,,,,,,,,,,,,,40.00,,,,,,,false,false,12,2023-04-01,2024-03-31,0
2024-01-31,72290,2024-03-31,3,,,,,,,,,,,,,,,,,,,,,,,,,,,,,90.00,,,,,,,false,true,12,2023-04-01,2024-03-31,0
2024-01-31,72290,2024-03-31,3,,,,,,,,,,,,,,,,,,,,,,,,,,,,,,,,,14820000,1870,14818169,false,false,9,2023-04-01,2023-12-31,0
2024-01-31,72290,2023-03-31,3,,,,,,,,,,,,,,,,,,,,,,,,,,,,,,,,,,,14818176,false,false,9,2022-04-01,2022-12-31,-1
2024-05-10,72290,2024-03-31,,40177000000,0.159,,,,,1802000000,,6222000000,0.101,4947000000,,0.055,333.84,,,,,,66698000000,53835000000,0.807,3633.05,53835000000,,,,,90.00,,,,14820000,1901,14818156,false,false,12,2023-04-01,2024-03-31,0
2024-05-10,72290,2023-03-31,,34666000000,-0.049,,,,,-454000000,,5651000000,-0.334,4690000000,,,316.48,,,,,,63437000000,50014000000,0.788,3375.20,50014000000,,,,,72.00,,,,14820000,1824,14818176,false,false,12,2022-04-01,2023-03-31,-1
2024-05-10,72290,2024-03-31,,,,,,,,11117000000,1.886,,,,7448000000,,502.62,,,,,,185611000000,,,,,22350000000,-3105000000,-6633000000,,,0.179,,,,,,true,false,12,2023-04-01,2024-03-31,0
2024-05-10,72290,2023-03-31,,,,,,,,3853000000,-0.565,,,,1444000000,,97.42,,,,,,199633000000,,,,,4063000000,-2813000000,-7681000000,,,0.739,,,,,,true,false,12,2022-04-01,2023-03-31,-1
2024-05-10,72290,2025-03-31,,,,,,,,6100000000,-0.451,,,,2600000000,,175.46,,,,,,,,,,,,,,,,0.410,,,,,,true,true,12,2024-04-01,2025-03-31,1
2024-05-10,72290,2025-03-31,,,,,,,,,,,,,,,,,,,,,,,,,,,,,,72.00,,,,,,,false,true,12,2024-04-01,2025-03-31,1
2024-08-05,72290,2025-03-31,1,,,,,,,1530000000,0.002,,,,1243000000,,83.91,,,,,,179978000000,,,,,,,,,,,,,,,,true,false,3,2024-04-01,2024-06-30,0
2024-08-05,72290,2024-03-31,1,,,,,,,1527000000,,,,,1125000000,,75.92,,,,,,,,,,,,,,,,,,,,,,true,false,3,2023-04-01,2023-06-30,-1
2024-08-05,72290,2025-03-31,1,,,,,,,6100000000,-0.451,,,,2600000000,,175.46,,,,,,,,,,,,,,,,,,,,,,true,true,12,2024-04-01,2025-03-31,0
2024-08-05,72290,2024-03-31,1,,,,,,,,,,,,,,,,,,,,185611000000,,,,,,,,,,,,,,,,true,false,12,2023-04-01,2024-03-31,-1
2024-08-05,72290,2024-03-31,1,,,,,,,,,,,,,,,,,,,,,,,,,,,,,90.00,,,,14820000,1901,,false,false,12,2023-04-01,2024-03-31,-1
2024-08-05,72290,2025-03-31,1,,,,,,,,,,,,,,,,,,,,,,,,,,,,,72.00,,,,,,,false,true,12,2024-04-01,2025-03-31,0
2024-08-05,72290,2025-03-31,1,,,,,,,,,,,,,,,,,,,,,,,,,,,,,,,,,14820000,1901,14818099,false,false,3,2024-04-01,2024-06-30,0
2024-08-05,72290,2024-03-31,1,,,,,,,,,,,,,,,,,,,,,,,,,,,,,,,,,,,14818176,false,false,3,2023-04-01,2023-06-30,-1
2024-11-05,72290,2025-03-31,2,,,,,,,2726000000,-0.144,,,,1128000000,,76.10,,,,,,162438000000,,,,,,,,,,,,,,,,true,false,6,2024-04-01,2024-09-30,0
2024-11-05,72290,2024-03-31,2,,,,,,,3182000000,1.972,,,,2107000000,,142.22,,,,,,,,,,,,,,,,,,,,,,true,false,6,2023-04-01,2023-09-30,-1
2024-11-05,72290,2025-03-31,2,,,,,,,6100000000,-0.451,,,,2600000000,,175.46,,,,,,,,,,,,,,,,,,,,,,true,true,12,2024-04-01,2025-03-31,0
2024-11-05,72290,2024-03-31,2,,,,,,,,,,,,,,,,,,,,185611000000,,,,,,,,,,,,,,,,true,false,12,2023-04-01,2024-03-31,-1
2024-11-05,72290,2024-03-31,2,,,,,,,,,,,,,,,,,,,,,,,,,,,,,90.00,,,,14820000,1901,,false,false,12,2023-04-01,2024-03-31,-1
2024-11-05,72290,2025-03-31,2,,,,,,,,,,,,,,,,,,,,,,,,,,,,,36.00,,,,,,,false,false,12,2024-04-01,2025-03-31,0
2024-11-05,72290,2025-03-31,2,,,,,,,,,,,,,,,,,,,,,,,,,,,,,72.00,,,,,,,false,true,12,2024-04-01,2025-03-31,0
2024-11-05,72290,2025-03-31,2,,,,,,,,,,,,,,,,,,,,,,,,,,,,,,,,,14820000,1901,14818099,false,false,6,2024-04-01,2024-09-30,0
2024-11-05,72290,2024-03-31,2,,,,,,,,,,,,,,,,,,,,,,,,,,,,,,,,,,,14818176,false,false,6,2023-04-01,2023-09-30,-1
2025-02-07,72290,2025-03-31,3,,,,,,,3916000000,-0.467,,,,3053000000,,206.00,,,,,,166828000000,,,,,,,,,,,,,,,,true,false,9,2024-04-01,2024-12-31,0
2025-02-07,72290,2024-03-31,3,,,,,,,7348000000,,,,,4633000000,,312.66,,,,,,,,,,,,,,,,,,,,,,true,false,9,2023-04-01,2023-12-31,-1
2025-02-07,72290,2025-03-31,3,,,,,,,6100000000,-0.451,,,,2600000000,,175.46,,,,,,,,,,,,,,,,,,,,,,true,true,12,2024-04-01,2025-03-31,0
2025-02-07,72290,2024-03-31,3,,,,,,,,,,,,,,,,,,,,185611000000,,,,,,,,,,,,,,,,true,false,12,2023-04-01,2024-03-31,-1
2025-02-07,72290,2024-03-31,3,,,,,,,,,,,,,,,,,,,,,,,,,,,,,90.00,,,,14820000,1901,,false,false,12,2023-04-01,2024-03-31,-1
2025-02-07,72290,2025-03-31,3,,,,,,,,,,,,,,,,,,,,,,,,,,,,,36.00,,,,,,,false,false,12,2024-04-01,2025-03-31,0
2025-02-07,72290,2025-03-31,3,,,,,,,,,,,,,,,,,,,,,,,,,,,,,72.00,,,,,,,false,true,12,2024-04-01,2025-03-31,0
2025-02-07,72290,2025-03-31,3,,,,,,,,,,,,,,,,,,,,,,,,,,,,,,,,,14820000,1901,14818099,false,false,9,2024-04-01,2024-12-31,0
2025-02-07,72290,2024-03-31,3,,,,,,,,,,,,,,,,,,,,,,,,,,,,,,,,,,,14818169,false,false,9,2023-04-01,2023-12-31,-1
2025-05-13,72290,2025-03-31,,40298000000,0.003,,,,,1317000000,-0.269,4723000000,-0.241,3592000000,,-0.274,242.43,,,,,,69634000000,56153000000,0.806,3789.48,56153000000,,,,,72.00,,,,14820000,1949,14818097,false,false,12,2024-04-01,2025-03-31,0
2025-05-13,72290,2024-03-31,,40177000000,0.159,,,,,1802000000,,6222000000,0.101,4947000000,,0.055,333.84,,,,,,66698000000,53835000000,0.807,3633.05,53835000000,,,,,90.00,,,,14820000,1901,14818156,false,false,12,2023-04-01,2024-03-31,-1
2025-05-13,72290,2025-03-31,,,,,,,,6347000000,-0.429,,,,4548000000,,306.95,,,,,,168408000000,,,,,3822000000,-3478000000,-6488000000,,,0.235,,,,,,true,false,12,2024-04-01,2025-03-31,0
2025-05-13,72290,2024-03-31,,,,,,,,11117000000,1.886,,,,7448000000,,502.62,,,,,,185611000000,,,,,22350000000,-3105000000,-6633000000,,,0.179,,,,,,true,false,12,2023-04-01,2024-03-31,-1
2025-05-13,72290,2026-03-31,,,,,,,,6800000000,0.071,,,,4200000000,,283.44,,,,,,,,,,,,,,,,0.254,,,,,,true,true,12,2025-04-01,2026-03-31,1
2025-05-13,72290,2026-03-31,,,,,,,,,,,,,,,,,,,,,,,,,,,,,,72.00,,,,,,,false,true,12,2025-04-01,2026-03-31,1
2025-08-05,72290,2026-03-31,1,,,,,,,1633000000,0.067,,,,623000000,,42.07,,,,,,161320000000,,,,,,,,,,,,,,,,true,false,3,2025-04-01,2025-06-30,0
2025-08-05,72290,2025-03-31,1,,,,,,,1530000000,0.002,,,,1243000000,,83.91,,,,,,,,,,,,,,,,,,,,,,true,false,3,2024-04-01,2024-06-30,-1
2025-08-05,72290,2026-03-31,1,,,,,,,6800000000,0.071,,,,4200000000,,283.44,,,,,,,,,,,,,,,,,,,,,,true,true,12,2025-04-01,2026-03-31,0
2025-08-05,72290,2025-03-31,1,,,,,,,,,,,,,,,,,,,,168408000000,,,,,,,,,,,,,,,,true,false,12,2024-04-01,2025-03-31,-1
2025-08-05,72290,2025-03-31,1,,,,,,,,,,,,,,,,,,,,,,,,,,,,,72.00,,,,14820000,1949,,false,false,12,2024-04-01,2025-03-31,-1
2025-08-05,72290,2026-03-31,1,,,,,,,,,,,,,,,,,,,,,,,,,,,,,72.00,,,,,,,false,true,12,2025-04-01,2026-03-31,0
2025-08-05,72290,2026-03-31,1,,,,,,,,,,,,,,,,,,,,,,,,,,,,,,,,,14820000,1949,14818051,false,false,3,2025-04-01,2025-06-30,0
2025-08-05,72290,2025-03-31,1,,,,,,,,,,,,,,,,,,,,,,,,,,,,,,,,,,,14818099,false,false,3,2024-04-01,2024-06-30,-1
