filing_date,code,fiscal_year_end,quarterly_period,net_sales,net_sales_change,revenue,revenue_change,operating_revenue,operating_revenue_change,operating_profit,operating_profit_change,ordinary_profit,ordinary_profit_change,net_income,net_income_of_parent,net_income_change,eps,diluted_eps,roe,roa,operating_profit_to_net_sales,operating_profit_to_revenue,total_assets,net_assets,equity_ratio,bps,owner_equity,operating_cash_flow,investing_cash_flow,financing_cash_flow,cash,dividend_per_share,payout_ratio,commemorative_dividend,extra_dividend,number_of_shares,number_of_treqsury_shares,avg_number_of_shares,is_consolidated,is_forecast,duration,period_start,period_end,period_pos
2015-02-02,72410,2015-03-31,3,311988000000,0.076,,,,,2028000000,3.724,860000000,,-107000000,,,-1.53,,,,,,243485000000,59690000000,0.182,,44280000000,,,,,,,,,,,,true,false,9,2014-04-01,2014-12-31,0
2015-02-02,72410,2014-03-31,3,289828000000,0.060,,,,,429000000,,-1175000000,,-2481000000,,,-35.47,,,,,,,,,,,,,,,,,,,,,,true,false,9,2013-04-01,2013-12-31,-1
2015-02-02,72410,2015-03-31,3,417900000000,0.046,,,,,3600000000,0.293,2800000000,3.879,1200000000,,-0.175,17.15,,,,,,,,,,,,,,,,,,,,,,true,true,12,2014-04-01,2015-03-31,0
2015-02-02,72410,2014-03-31,3,,,,,,,,,,,,,,,,,,,,237019000000,57600000000,0.176,,41673000000,,,,,,,,,,,,true,false,12,2013-04-01,2014-03-31,-1
2015-02-02,72410,2014-03-31,3,,,,,,,,,,,,,,,,,,,,,,,,,,,,,3.00,,,,70049627,96459,,false,false,12,2013-04-01,2014-03-31,-1
2015-02-02,72410,2015-03-31,3,,,,,,,,,,,,,,,,,,,,,,,,,,,,,0.00,,,,,,,false,false,12,2014-04-01,2015-03-31,0
2015-02-02,72410,2015-03-31,3,,,,,,,,,,,,,,,,,,,,,,,,,,,,,,,,,70049627,97469,69952796,false,false,9,2014-04-01,2014-12-31,0
2015-02-02,72410,2014-03-31,3,,,,,,,,,,,,,,,,,,,,,,,,,,,,,,,,,,,69953971,false,false,9,2013-04-01,2013-12-31,-1
2015-05-11,72410,2015-03-31,,422874000000,0.059,,,,,4367000000,0.568,2116000000,2.688,1039000000,,-0.285,14.86,,0.023,0.009,0.010,,255311000000,66914000000,0.198,720.87,50426000000,25780000000,-31451000000,1017000000,14576000000,,0.202,,,,,,true,false,12,2014-04-01,2015-03-31,0
2015-05-11,72410,2014-03-31,,399378000000,0.093,,,,,2784000000,,573000000,,1454000000,,,20.79,,0.037,0.002,0.007,,237019000000,57600000000,0.176,595.74,41673000000,23266000000,-13235000000,-10702000000,20237000000,,0.144,,,,,,true,false,12,2013-04-01,2014-03-31,-1
2015-05-11,72410,2016-03-31,,204000000000,-0.010,,,,,800000000,-0.563,-200000000,,,-800000000,,-11.44,,,,,,,,,,,,,,,,,,,,,,true,true,6,2015-04-01,2015-09-30,1
2015-05-11,72410,2016-03-31,,421000000000,-0.004,,,,,3800000000,-0.130,2100000000,-0.008,,500000000,,7.15,,,,,,,,,,,,,,,,0.420,,,,,,true,true,12,2015-04-01,2016-03-31,1
2015-05-11,72410,2015-03-31,,238417000000,-0.022,,,,,1794000000,-0.186,4610000000,-0.159,327000000,,-0.943,4.68,,,,,,147910000000,33300000000,0.225,476.05,33300000000,,,,,3.00,,,,70049627,97712,69952608,false,false,12,2014-04-01,2015-03-31,0
2015-05-11,72410,2014-03-31,,243899000000,-0.005,,,,,2204000000,0.463,5481000000,0.726,5733000000,,,81.96,,,,,,139100000000,30929000000,0.222,442.14,30929000000,,,,,3.00,,,,70049627,96459,69953807,false,false,12,2013-04-01,2014-03-31,-1
2015-05-11,72410,2016-03-31,,,,,,,,,,,,,,,,,,,,,,,,,,,,,,3.00,,,,,,,false,true,12,2015-04-01,2016-03-31,1
2014-10-30,72410,2015-03-31,2,206078000000,0.063,,,,,1832000000,2.892,468000000,,-128000000,,,-1.83,,,,,,237250000000,54180000000,0.169,,40120000000,,,,,,,,,,,,true,false,6,2014-04-01,2014-09-30,0
2014-10-30,72410,2014-03-31,2,193832000000,0.022,,,,,470000000,-0.059,-730000000,,-1438000000,,,-20.57,,,,,,,,,,,,,,,,,,,,,,true,false,6,2013-04-01,2013-09-30,-1
2014-10-30,72410,2015-03-31,2,398700000000,-0.002,,,,,5200000000,0.867,3600000000,5.273,1600000000,,0.100,22.87,,,,,,,,,,,,,,,,,,,,,,true,true,12,2014-04-01,2015-03-31,0
2014-10-30,72410,2014-03-31,2,,,,,,,,,,,,,,,,,,,,237019000000,57600000000,0.176,,41673000000,,,,,,,,,,,,true,false,12,2013-04-01,2014-03-31,-1
2014-10-30,72410,2014-03-31,2,,,,,,,,,,,,,,,,,,,,,,,,,,,,,3.00,,,,70049627,96459,,false,false,12,2013-04-01,2014-03-31,-1
2014-10-30,72410,2015-03-31,2,,,,,,,,,,,,,,,,,,,,,,,,,,,,,0.00,,,,,,,false,false,12,2014-04-01,2015-03-31,0
2014-10-30,72410,2015-03-31,2,,,,,,,,,,,,,,,,,,,,,,,,,,,,,,,,,70049627,97162,69953005,false,false,6,2014-04-01,2014-09-30,0
2014-10-30,72410,2014-03-31,2,,,,,,,,,,,,,,,,,,,,,,,,,,,,,,,,,,,69954085,false,false,6,2013-04-01,2013-09-30,-1
2014-07-30,72410,2015-03-31,1,101334000000,0.056,,,,,977000000,4.425,-131000000,,-563000000,,,-8.06,,,,,,231861000000,54679000000,0.168,,38925000000,,,,,,,,,,,,true,false,3,2014-04-01,2014-06-30,0
2014-07-30,72410,2014-03-31,1,95965000000,-0.009,,,,,180000000,-0.662,142000000,,-291000000,,,-4.17,,,,,,,,,,,,,,,,,,,,,,true,false,3,2013-04-01,2013-06-30,-1
2014-07-30,72410,2015-03-31,1,201000000000,0.037,,,,,1800000000,2.823,800000000,,100000000,,,1.43,,,,,,,,,,,,,,,,,,,,,,true,true,6,2014-04-01,2014-09-30,0
2014-07-30,72410,2015-03-31,1,398700000000,-0.002,,,,,5200000000,0.867,3600000000,5.273,1600000000,,0.100,22.87,,,,,,,,,,,,,,,,,,,,,,true,true,12,2014-04-01,2015-03-31,0
2014-07-30,72410,2014-03-31,1,,,,,,,,,,,,,,,,,,,,237019000000,57600000000,0.176,,41673000000,,,,,,,,,,,,true,false,12,2013-04-01,2014-03-31,-1
2014-07-30,72410,2014-03-31,1,,,,,,,,,,,,,,,,,,,,,,,,,,,,,3.00,,,,70049627,96459,,false,false,12,2013-04-01,2014-03-31,-1
2014-07-30,72410,2015-03-31,1,,,,,,,,,,,,,,,,,,,,,,,,,,,,,0.00,,,,,,,false,true,12,2014-04-01,2015-03-31,0
2014-07-30,72410,2015-03-31,1,,,,,,,,,,,,,,,,,,,,,,,,,,,,,,,,,70049627,96460,69953167,false,false,3,2014-04-01,2014-06-30,0
2014-07-30,72410,2014-03-31,1,,,,,,,,,,,,,,,,,,,,,,,,,,,,,,,,,,,69954175,false,false,3,2013-04-01,2013-06-30,-1
2014-04-24,72410,2014-03-31,,399378000000,0.093,,,,,2784000000,,573000000,,1454000000,,,20.79,,0.037,0.002,0.007,,237019000000,57600000000,0.176,595.74,41673000000,23266000000,-13235000000,-10702000000,20237000000,,0.144,,,,,,true,false,12,2013-04-01,2014-03-31,0
2014-04-24,72410,2013-03-31,,365246000000,-0.018,,,,,-360000000,,-1136000000,,-4040000000,,,-57.76,,-0.110,-0.005,-0.001,,226567000000,50944000000,0.166,538.68,37682000000,14861000000,-18987000000,3682000000,17932000000,,,,,,,,true,false,12,2012-04-01,2013-03-31,-1
2014-04-24,72410,2015-03-31,,187000000000,-0.035,,,,,400000000,-0.150,-400000000,,-1400000000,,,-20.01,,,,,,,,,,,,,,,,,,,,,,true,true,6,2014-04-01,2014-09-30,1
2014-04-24,72410,2015-03-31,,384700000000,-0.037,,,,,3800000000,0.364,2400000000,3.182,100000000,,-0.931,1.43,,,,,,,,,,,,,,,,,,,,,,true,true,12,2014-04-01,2015-03-31,1
2014-04-24,72410,2014-03-31,,243899000000,-0.005,,,,,2204000000,0.463,5481000000,0.726,5733000000,,,81.96,,,,,,139100000000,30929000000,0.222,442.14,30929000000,,,,,3.00,,,,70049627,96459,69953807,false,false,12,2013-04-01,2014-03-31,0
2014-04-24,72410,2013-03-31,,245208000000,-0.026,,,,,1506000000,,3176000000,,-1797000000,,,-25.69,,,,,,143976000000,28883000000,0.201,412.89,28883000000,,,,,0.00,,,,70049627,95211,69954945,false,false,12,2012-04-01,2013-03-31,-1
2014-04-24,72410,2015-03-31,,,,,,,,,,,,,,,,,,,,,,,,,,,,,,0.00,,,,,,,false,true,12,2014-04-01,2015-03-31,1
2015-05-11,72410,2015-03-31,,422874000000,0.059,,,,,4367000000,0.568,2116000000,0.021,1039000000,,-0.648,14.86,,0.023,0.009,0.010,,255311000000,66914000000,0.198,720.87,50426000000,25780000000,-31451000000,1017000000,14576000000,,0.202,,,,,,true,false,12,2014-04-01,2015-03-31,0
2015-05-11,72410,2014-03-31,,399378000000,0.093,,,,,2784000000,,2073000000,,2954000000,,,42.24,,0.076,0.009,0.007,,237019000000,57600000000,0.176,595.74,41673000000,23266000000,-13235000000,-10702000000,20237000000,,0.071,,,,,,true,false,12,2013-04-01,2014-03-31,-1
2015-05-11,72410,2016-03-31,,204000000000,-0.010,,,,,800000000,-0.563,-200000000,,,-800000000,,-11.44,,,,,,,,,,,,,,,,,,,,,,true,true,6,2015-04-01,2015-09-30,1
2015-05-11,72410,2016-03-31,,421000000000,-0.004,,,,,3800000000,-0.130,2100000000,-0.008,,500000000,,7.15,,,,,,,,,,,,,,,,0.420,,,,,,true,true,12,2015-04-01,2016-03-31,1
2015-05-11,72410,2015-03-31,,238417000000,-0.022,,,,,1794000000,-0.186,4610000000,-0.159,327000000,,-0.953,4.68,,,,,,147910000000,33300000000,0.225,476.05,33300000000,,,,,3.00,,,,70049627,97712,69952608,false,false,12,2014-04-01,2015-03-31,0
2015-05-11,72410,2014-03-31,,243899000000,-0.005,,,,,2204000000,0.463,5481000000,0.726,6985000000,,,99.86,,,,,,139100000000,30929000000,0.222,442.14,30929000000,,,,,3.00,,,,70049627,96459,69953807,false,false,12,2013-04-01,2014-03-31,-1
2015-05-11,72410,2016-03-31,,,,,,,,,,,,,,,,,,,,,,,,,,,,,,3.00,,,,,,,false,true,12,2015-04-01,2016-03-31,1
2015-07-30,72410,2016-03-31,1,101904000000,0.006,,,,,-918000000,,-1475000000,,,-1720000000,,-24.60,,,,,,261359000000,65565000000,0.187,,49001000000,,,,,,,,,,,,true,false,3,2015-04-01,2015-06-30,0
2015-07-30,72410,2015-03-31,1,101334000000,0.056,,,,,977000000,4.425,-131000000,,,-563000000,,-8.06,,,,,,,,,,,,,,,,,,,,,,true,false,3,2014-04-01,2014-06-30,-1
2015-07-30,72410,2016-03-31,1,204000000000,-0.010,,,,,800000000,-0.563,-200000000,,,-800000000,,-11.44,,,,,,,,,,,,,,,,,,,,,,true,true,6,2015-04-01,2015-09-30,0
2015-07-30,72410,2016-03-31,1,421000000000,-0.004,,,,,3800000000,-0.130,2100000000,-0.008,,500000000,,7.15,,,,,,,,,,,,,,,,,,,,,,true,true,12,2015-04-01,2016-03-31,0
2015-07-30,72410,2015-03-31,1,,,,,,,,,,,,,,,,,,,,255311000000,66914000000,0.198,,50426000000,,,,,,,,,,,,true,false,12,2014-04-01,2015-03-31,-1
2015-07-30,72410,2015-03-31,1,,,,,,,,,,,,,,,,,,,,,,,,,,,,,3.00,,,,70049627,97712,,false,false,12,2014-04-01,2015-03-31,-1
2015-07-30,72410,2016-03-31,1,,,,,,,,,,,,,,,,,,,,,,,,,,,,,3.00,,,,,,,false,true,12,2015-04-01,2016-03-31,0
2015-07-30,72410,2016-03-31,1,,,,,,,,,,,,,,,,,,,,,,,,,,,,,,,,,70049627,97805,69951898,false,false,3,2015-04-01,2015-06-30,0
2015-07-30,72410,2015-03-31,1,,,,,,,,,,,,,,,,,,,,,,,,,,,,,,,,,,,69953167,false,false,3,2014-04-01,2014-06-30,-1
2015-10-29,72410,2016-03-31,2,216097000000,0.049,,,,,-870000000,,-2887000000,,,-3399000000,,-48.60,,,,,,252642000000,61169000000,0.182,,46067000000,,,,,,,,,,,,true,false,6,2015-04-01,2015-09-30,0
2015-10-29,72410,2015-03-31,2,206078000000,0.063,,,,,1832000000,2.892,468000000,5.194,,-128000000,,-1.83,,,,,,,,,,,,,,,,,,,,,,true,false,6,2014-04-01,2014-09-30,-1
2015-10-29,72410,2016-03-31,2,433000000000,0.024,,,,,3100000000,-0.290,500000000,-0.764,,-1100000000,,-15.73,,,,,,,,,,,,,,,,,,,,,,true,true,12,2015-04-01,2016-03-31,0
2015-10-29,72410,2015-03-31,2,,,,,,,,,,,,,,,,,,,,255311000000,66914000000,0.198,,50426000000,,,,,,,,,,,,true,false,12,2014-04-01,2015-03-31,-1
2015-10-29,72410,2015-03-31,2,,,,,,,,,,,,,,,,,,,,,,,,,,,,,3.00,,,,70049627,97712,,false,false,12,2014-04-01,2015-03-31,-1
2015-10-29,72410,2016-03-31,2,,,,,,,,,,,,,,,,,,,,,,,,,,,,,0.00,,,,,,,false,false,12,2015-04-01,2016-03-31,0
2015-10-29,72410,2016-03-31,2,,,,,,,,,,,,,,,,,,,,,,,,,,,,,3.00,,,,,,,false,true,12,2015-04-01,2016-03-31,0
2015-10-29,72410,2016-03-31,2,,,,,,,,,,,,,,,,,,,,,,,,,,,,,,,,,70049627,98496,69951642,false,false,6,2015-04-01,2015-09-30,0
2015-10-29,72410,2015-03-31,2,,,,,,,,,,,,,,,,,,,,,,,,,,,,,,,,,,,69953005,false,false,6,2014-04-01,2014-09-30,-1
2016-02-02,72410,2016-03-31,3,324039000000,0.039,,,,,-75000000,,-2158000000,,,-2743000000,,-39.23,,,,,,239153000000,60557000000,0.191,,45687000000,,,,,,,,,,,,true,false,9,2015-04-01,2015-12-31,0
2016-02-02,72410,2015-03-31,3,311988000000,0.076,,,,,2028000000,3.724,860000000,2.378,,-107000000,,-1.53,,,,,,,,,,,,,,,,,,,,,,true,false,9,2014-04-01,2014-12-31,-1
2016-02-02,72410,2016-03-31,3,433000000000,0.024,,,,,3100000000,-0.290,500000000,-0.764,,-1100000000,,-15.73,,,,,,,,,,,,,,,,,,,,,,true,true,12,2015-04-01,2016-03-31,0
2016-02-02,72410,2015-03-31,3,,,,,,,,,,,,,,,,,,,,255311000000,66914000000,0.198,,50426000000,,,,,,,,,,,,true,false,12,2014-04-01,2015-03-31,-1
2016-02-02,72410,2015-03-31,3,,,,,,,,,,,,,,,,,,,,,,,,,,,,,3.00,,,,70049627,97712,,false,false,12,2014-04-01,2015-03-31,-1
2016-02-02,72410,2016-03-31,3,,,,,,,,,,,,,,,,,,,,,,,,,,,,,0.00,,,,,,,false,false,12,2015-04-01,2016-03-31,0
2016-02-02,72410,2016-03-31,3,,,,,,,,,,,,,,,,,,,,,,,,,,,,,3.00,,,,,,,false,true,12,2015-04-01,2016-03-31,0
2016-02-02,72410,2016-03-31,3,,,,,,,,,,,,,,,,,,,,,,,,,,,,,,,,,70049627,99051,69951396,false,false,9,2015-04-01,2015-12-31,0
2016-02-02,72410,2015-03-31,3,,,,,,,,,,,,,,,,,,,,,,,,,,,,,,,,,,,69952796,false,false,9,2014-04-01,2014-12-31,-1
2016-04-27,72410,2016-03-31,,437640000000,0.035,,,,,3121000000,-0.285,636000000,-0.699,,-1195000000,,-17.09,,-0.026,0.003,0.007,,233303000000,56179000000,0.178,593.39,41507000000,22751000000,-20333000000,-3612000000,13121000000,,,,,,,,true,false,12,2015-04-01,2016-03-31,0
2016-04-27,72410,2015-03-31,,422874000000,0.059,,,,,4367000000,0.568,2116000000,0.021,,1039000000,,14.86,,0.023,0.009,0.010,,255311000000,66914000000,0.198,720.87,50426000000,25780000000,-31451000000,1017000000,14576000000,,0.202,,,,,,true,false,12,2014-04-01,2015-03-31,-1
2016-04-27,72410,2017-03-31,,202000000000,-0.065,,,,,1400000000,,600000000,,,-100000000,,-1.43,,,,,,,,,,,,,,,,,,,,,,true,true,6,2016-04-01,2016-09-30,1
2016-04-27,72410,2017-03-31,,407000000000,-0.070,,,,,4000000000,0.281,2000000000,2.140,,500000000,,7.15,,,,,,,,,,,,,,,,0.420,,,,,,true,true,12,2016-04-01,2017-03-31,1
2016-04-27,72410,2016-03-31,,238342000000,-0.000,,,,,-1889000000,,749000000,-0.838,-3488000000,,,-49.87,,,,,,138872000000,26867000000,0.193,384.10,26867000000,,,,,3.00,,,,70049627,99478,69951124,false,false,12,2015-04-01,2016-03-31,0
2016-04-27,72410,2015-03-31,,238417000000,-0.022,,,,,1794000000,-0.186,4610000000,-0.159,327000000,,-0.953,4.68,,,,,,147910000000,33300000000,0.225,476.05,33300000000,,,,,3.00,,,,70049627,97712,69952608,false,false,12,2014-04-01,2015-03-31,-1
2016-04-27,72410,2017-03-31,,,,,,,,,,,,,,,,,,,,,,,,,,,,,,3.00,,,,,,,false,true,12,2016-04-01,2017-03-31,1
2016-07-28,72410,2017-03-31,1,99027000000,-0.028,,,,,994000000,,190000000,,,-2000000,,-0.04,,,,,,221754000000,51335000000,0.169,,37368000000,,,,,,,,,,,,true,false,3,2016-04-01,2016-06-30,0
2016-07-28,72410,2016-03-31,1,101904000000,0.006,,,,,-918000000,,-1475000000,,,-1720000000,,-24.60,,,,,,,,,,,,,,,,,,,,,,true,false,3,2015-04-01,2015-06-30,-1
2016-07-28,72410,2017-03-31,1,202000000000,-0.065,,,,,1400000000,,600000000,,,-100000000,,-1.43,,,,,,,,,,,,,,,,,,,,,,true,true,6,2016-04-01,2016-09-30,0
2016-07-28,72410,2017-03-31,1,407000000000,-0.070,,,,,4000000000,0.281,2000000000,2.140,,500000000,,7.15,,,,,,,,,,,,,,,,,,,,,,true,true,12,2016-04-01,2017-03-31,0
2016-07-28,72410,2016-03-31,1,,,,,,,,,,,,,,,,,,,,233303000000,56179000000,0.178,,41507000000,,,,,,,,,,,,true,false,12,2015-04-01,2016-03-31,-1
2016-07-28,72410,2016-03-31,1,,,,,,,,,,,,,,,,,,,,,,,,,,,,,3.00,,,,70049627,99478,,false,false,12,2015-04-01,2016-03-31,-1
2016-07-28,72410,2017-03-31,1,,,,,,,,,,,,,,,,,,,,,,,,,,,,,3.00,,,,,,,false,true,12,2016-04-01,2017-03-31,0
2016-07-28,72410,2017-03-31,1,,,,,,,,,,,,,,,,,,,,,,,,,,,,,,,,,70049627,99585,69950056,false,false,3,2016-04-01,2016-06-30,0
2016-07-28,72410,2016-03-31,1,,,,,,,,,,,,,,,,,,,,,,,,,,,,,,,,,,,69951898,false,false,3,2015-04-01,2015-06-30,-1
2016-10-27,72410,2017-03-31,2,201482000000,-0.068,,,,,2643000000,,1352000000,,,1162000000,,16.62,,,,,,212584000000,47336000000,0.169,,35891000000,,,,,,,,,,,,true,false,6,2016-04-01,2016-09-30,0
2016-10-27,72410,2016-03-31,2,216097000000,0.049,,,,,-870000000,,-2887000000,,,-3399000000,,-48.60,,,,,,,,,,,,,,,,,,,,,,true,false,6,2015-04-01,2015-09-30,-1
2016-10-27,72410,2017-03-31,2,400000000000,-0.086,,,,,4500000000,0.441,2400000000,2.768,,1500000000,,21.44,,,,,,,,,,,,,,,,,,,,,,true,true,12,2016-04-01,2017-03-31,0
2016-10-27,72410,2016-03-31,2,,,,,,,,,,,,,,,,,,,,233303000000,56179000000,0.178,,41507000000,,,,,,,,,,,,true,false,12,2015-04-01,2016-03-31,-1
2016-10-27,72410,2016-03-31,2,,,,,,,,,,,,,,,,,,,,,,,,,,,,,3.00,,,,70049627,99478,,false,false,12,2015-04-01,2016-03-31,-1
2016-10-27,72410,2017-03-31,2,,,,,,,,,,,,,,,,,,,,,,,,,,,,,0.00,,,,,,,false,false,12,2016-04-01,2017-03-31,0
2016-10-27,72410,2017-03-31,2,,,,,,,,,,,,,,,,,,,,,,,,,,,,,3.00,,,,,,,false,true,12,2016-04-01,2017-03-31,0
2016-10-27,72410,2017-03-31,2,,,,,,,,,,,,,,,,,,,,,,,,,,,,,,,,,70049627,99869,69949972,false,false,6,2016-04-01,2016-09-30,0
2016-10-27,72410,2016-03-31,2,,,,,,,,,,,,,,,,,,,,,,,,,,,,,,,,,,,69951642,false,false,6,2015-04-01,2015-09-30,-1
2017-02-01,72410,2017-03-31,3,300896000000,-0.071,,,,,3989000000,,2623000000,,,2508000000,,35.87,,,,,,220375000000,51710000000,0.182,,40071000000,,,,,,,,,,,,true,false,9,2016-04-01,2016-12-31,0
2017-02-01,72410,2016-03-31,3,324039000000,0.039,,,,,-75000000,,-2158000000,,,-2743000000,,-39.23,,,,,,,,,,,,,,,,,,,,,,true,false,9,2015-04-01,2015-12-31,-1
2017-02-01,72410,2017-03-31,3,400000000000,-0.086,,,,,5500000000,0.762,3900000000,5.123,,3300000000,,47.18,,,,,,,,,,,,,,,,,,,,,,true,true,12,2016-04-01,2017-03-31,0
2017-02-01,72410,2016-03-31,3,,,,,,,,,,,,,,,,,,,,233303000000,56179000000,0.178,,41507000000,,,,,,,,,,,,true,false,12,2015-04-01,2016-03-31,-1
2017-02-01,72410,2016-03-31,3,,,,,,,,,,,,,,,,,,,,,,,,,,,,,3.00,,,,70049627,99478,,false,false,12,2015-04-01,2016-03-31,-1
2017-02-01,72410,2017-03-31,3,,,,,,,,,,,,,,,,,,,,,,,,,,,,,0.00,,,,,,,false,false,12,2016-04-01,2017-03-31,0
2017-02-01,72410,2017-03-31,3,,,,,,,,,,,,,,,,,,,,,,,,,,,,,3.00,,,,,,,false,true,12,2016-04-01,2017-03-31,0
2017-02-01,72410,2017-03-31,3,,,,,,,,,,,,,,,,,,,,,,,,,,,,,,,,,70049627,100060,69949857,false,false,9,2016-04-01,2016-12-31,0
2017-02-01,72410,2016-03-31,3,,,,,,,,,,,,,,,,,,,,,,,,,,,,,,,,,,,69951396,false,false,9,2015-04-01,2015-12-31,-1
2017-04-27,72410,2017-03-31,,412383000000,-0.058,,,,,8976000000,1.876,7542000000,,,4806000000,,65.76,,0.100,0.032,0.022,,242311000000,67029000000,0.224,607.17,54329000000,26178000000,-20902000000,3262000000,20581000000,,0.046,,,,,,true,false,12,2016-04-01,2017-03-31,0
2017-04-27,72410,2016-03-31,,437640000000,0.035,,,,,3121000000,-0.285,636000000,-0.699,,-1195000000,,-17.09,,-0.026,0.003,0.007,,233303000000,56179000000,0.178,593.39,41507000000,22751000000,-20333000000,-3612000000,13121000000,,,,,,,,true,false,12,2015-04-01,2016-03-31,-1
2017-04-27,72410,2018-03-31,,200000000000,-0.007,,,,,2000000000,-0.243,1000000000,-0.261,,500000000,,5.59,,,,,,,,,,,,,,,,,,,,,,true,true,6,2017-04-01,2017-09-30,1
2017-04-27,72410,2018-03-31,,420000000000,0.018,,,,,9000000000,0.003,7500000000,-0.006,,6000000000,,67.05,,,,,,,,,,,,,,,,,,,,,,true,true,12,2017-04-01,2018-03-31,1
2017-04-27,72410,2017-03-31,,235129000000,-0.013,,,,,1182000000,,2871000000,2.834,646000000,,,8.85,,,,,,154830000000,38033000000,0.246,425.04,38033000000,,,,,3.00,,,,89580827,100342,73098213,false,false,12,2016-04-01,2017-03-31,0
2017-04-27,72410,2016-03-31,,238342000000,-0.000,,,,,-1889000000,,749000000,-0.838,-3488000000,,,-49.87,,,,,,138872000000,26867000000,0.193,384.10,26867000000,,,,,3.00,,,,70049627,99478,69951124,false,false,12,2015-04-01,2016-03-31,-1
2017-04-27,72410,2018-03-31,,,,,,,,,,,,,,,,,,,,,,,,,,,,,,3.00,,,,,,,false,true,12,2017-04-01,2018-03-31,1
2017-07-05,72410,2018-03-31,,200000000000,0.000,,,,,2000000000,0.000,1000000000,0.000,,1650000000,,18.44,,,,,,,,,,,,,,,,,,,,,,true,true,6,2017-04-01,2017-09-30,0
2017-07-05,72410,2017-03-31,,201482000000,,,,,,2643000000,,1352000000,,,1162000000,,16.62,,,,,,,,,,,,,,,,,,,,,,true,false,6,2016-04-01,2016-09-30,-1
2017-07-05,72410,2018-03-31,,420000000000,0.000,,,,,9000000000,0.000,7500000000,0.000,,7150000000,,79.91,,,,,,,,,,,,,,,,,,,,,,true,true,12,2017-04-01,2018-03-31,0
2017-07-05,72410,2017-03-31,,412383000000,,,,,,8976000000,,7542000000,,,4806000000,,65.76,,,,,,,,,,,,,,,,,,,,,,true,false,12,2016-04-01,2017-03-31,-1
2017-07-27,72410,2018-03-31,1,102989000000,0.040,,,,,2393000000,1.406,2140000000,,,2821000000,,31.53,,,,,,240841000000,67989000000,0.233,,56032000000,,,,,,,,,,,,true,false,3,2017-04-01,2017-06-30,0
2017-07-27,72410,2017-03-31,1,99027000000,-0.028,,,,,994000000,,190000000,,,-2000000,,-0.04,,,,,,,,,,,,,,,,,,,,,,true,false,3,2016-04-01,2016-06-30,-1
2017-07-27,72410,2018-03-31,1,205000000000,0.017,,,,,4700000000,0.778,4000000000,1.957,,4000000000,,44.70,,,,,,,,,,,,,,,,,,,,,,true,true,6,2017-04-01,2017-09-30,0
2017-07-27,72410,2018-03-31,1,425000000000,0.031,,,,,11700000000,0.303,10500000000,0.392,,9500000000,,106.17,,,,,,,,,,,,,,,,,,,,,,true,true,12,2017-04-01,2018-03-31,0
2017-07-27,72410,2017-03-31,1,,,,,,,,,,,,,,,,,,,,242311000000,67029000000,0.224,,54329000000,,,,,,,,,,,,true,false,12,2016-04-01,2017-03-31,-1
2017-07-27,72410,2017-03-31,1,,,,,,,,,,,,,,,,,,,,,,,,,,,,,3.00,,,,89580827,100342,,false,false,12,2016-04-01,2017-03-31,-1
2017-07-27,72410,2018-03-31,1,,,,,,,,,,,,,,,,,,,,,,,,,,,,,3.00,,,,,,,false,true,12,2017-04-01,2018-03-31,0
2017-07-27,72410,2018-03-31,1,,,,,,,,,,,,,,,,,,,,,,,,,,,,,,,,,89580827,100788,89480353,false,false,3,2017-04-01,2017-06-30,0
2017-07-27,72410,2017-03-31,1,,,,,,,,,,,,,,,,,,,,,,,,,,,,,,,,,,,69950056,false,false,3,2016-04-01,2016-06-30,-1
2017-07-27,72410,2018-03-31,,205000000000,0.025,,,,,4700000000,1.350,4000000000,3.000,,4000000000,,44.70,,,,,,,,,,,,,,,,,,,,,,true,true,6,2017-04-01,2017-09-30,0
2017-07-27,72410,2017-03-31,,201482000000,,,,,,2643000000,,1352000000,,,1162000000,,16.62,,,,,,,,,,,,,,,,,,,,,,true,false,6,2016-04-01,2016-09-30,-1
2017-07-27,72410,2018-03-31,,425000000000,0.012,,,,,11700000000,0.300,10500000000,0.400,,9500000000,,106.17,,,,,,,,,,,,,,,,,,,,,,true,true,12,2017-04-01,2018-03-31,0
2017-07-27,72410,2017-03-31,,412383000000,,,,,,8976000000,,7542000000,,,4806000000,,65.76,,,,,,,,,,,,,,,,,,,,,,true,false,12,2016-04-01,2017-03-31,-1
2017-10-30,72410,2018-03-31,2,210493000000,0.045,,,,,4432000000,0.677,3899000000,1.883,,4314000000,,48.22,,,,,,243425000000,69673000000,0.242,,59019000000,,,,,,,,,,,,true,false,6,2017-04-01,2017-09-30,0
2017-10-30,72410,2017-03-31,2,201482000000,-0.068,,,,,2643000000,,1352000000,,,1162000000,,16.62,,,,,,,,,,,,,,,,,,,,,,true,false,6,2016-04-01,2016-09-30,-1
2017-10-30,72410,2018-03-31,2,425000000000,0.031,,,,,11700000000,0.303,10500000000,0.392,,9500000000,,106.17,,,,,,,,,,,,,,,,,,,,,,true,true,12,2017-04-01,2018-03-31,0
2017-10-30,72410,2017-03-31,2,,,,,,,,,,,,,,,,,,,,242311000000,67029000000,0.224,,54329000000,,,,,,,,,,,,true,false,12,2016-04-01,2017-03-31,-1
2017-10-30,72410,2017-03-31,2,,,,,,,,,,,,,,,,,,,,,,,,,,,,,3.00,,,,89580827,100342,,false,false,12,2016-04-01,2017-03-31,-1
2017-10-30,72410,2018-03-31,2,,,,,,,,,,,,,,,,,,,,,,,,,,,,,0.00,,,,,,,false,false,12,2017-04-01,2018-03-31,0
2017-10-30,72410,2018-03-31,2,,,,,,,,,,,,,,,,,,,,,,,,,,,,,10.00,,,,,,,false,true,12,2017-04-01,2018-03-31,0
2017-10-30,72410,2018-03-31,2,,,,,,,,,,,,,,,,,,,,,,,,,,,,,,,,,89580827,101420,89480038,false,false,6,2017-04-01,2017-09-30,0
2017-10-30,72410,2017-03-31,2,,,,,,,,,,,,,,,,,,,,,,,,,,,,,,,,,,,69949972,false,false,6,2016-04-01,2016-09-30,-1
,72410,2018-03-31,,,,,,,,,,,,,,,,,,,,,,,,,,,,,,10.00,,,,,,,false,true,12,2017-04-01,2018-03-31,0
,72410,2018-03-31,,,,,,,,,,,,,,,,,,,,,,,,,,,,,,0.00,,,,,,,false,false,12,2017-04-01,2018-03-31,0
,72410,2017-03-31,,,,,,,,,,,,,,,,,,,,,,,,,,,,,,3.00,,,,,,,false,false,12,2016-04-01,2017-03-31,-1
2018-02-01,72410,2018-03-31,3,320454000000,0.065,,,,,7317000000,0.834,6786000000,1.586,,6756000000,,75.51,,,,,,247793000000,73695000000,0.253,,62609000000,,,,,,,,,,,,true,false,9,2017-04-01,2017-12-31,0
2018-02-01,72410,2017-03-31,3,300896000000,-0.071,,,,,3989000000,,2623000000,,,2508000000,,35.87,,,,,,,,,,,,,,,,,,,,,,true,false,9,2016-04-01,2016-12-31,-1
2018-02-01,72410,2018-03-31,3,425000000000,0.031,,,,,11700000000,0.303,10500000000,0.392,,9500000000,,106.17,,,,,,,,,,,,,,,,,,,,,,true,true,12,2017-04-01,2018-03-31,0
2018-02-01,72410,2017-03-31,3,,,,,,,,,,,,,,,,,,,,242311000000,67029000000,0.224,,54329000000,,,,,,,,,,,,true,false,12,2016-04-01,2017-03-31,-1
2018-02-01,72410,2017-03-31,3,,,,,,,,,,,,,,,,,,,,,,,,,,,,,3.00,,,,89580827,100342,,false,false,12,2016-04-01,2017-03-31,-1
2018-02-01,72410,2018-03-31,3,,,,,,,,,,,,,,,,,,,,,,,,,,,,,0.00,,,,,,,false,false,12,2017-04-01,2018-03-31,0
2018-02-01,72410,2018-03-31,3,,,,,,,,,,,,,,,,,,,,,,,,,,,,,10.00,,,,,,,false,true,12,2017-04-01,2018-03-31,0
2018-02-01,72410,2018-03-31,3,,,,,,,,,,,,,,,,,,,,,,,,,,,,,,,,,89580827,101765,89479764,false,false,9,2017-04-01,2017-12-31,0
2018-02-01,72410,2017-03-31,3,,,,,,,,,,,,,,,,,,,,,,,,,,,,,,,,,,,69949857,false,false,9,2016-04-01,2016-12-31,-1
2018-04-26,72410,2018-03-31,,440446000000,0.068,,,,,11258000000,0.254,10955000000,0.452,,10721000000,,119.82,,0.179,0.044,0.026,,255640000000,75691000000,0.256,731.50,65453000000,24960000000,-27081000000,-6304000000,11960000000,,0.083,,,,,,true,false,12,2017-04-01,2018-03-31,0
2018-04-26,72410,2017-03-31,,412383000000,-0.058,,,,,8976000000,1.876,7542000000,,,4806000000,,65.76,,0.100,0.032,0.022,,242311000000,67029000000,0.224,607.17,54329000000,26178000000,-20902000000,3262000000,20581000000,,0.046,,,,,,true,false,12,2016-04-01,2017-03-31,-1
2018-04-26,72410,2019-03-31,,217000000000,0.031,,,,,3700000000,-0.165,3600000000,-0.077,,2300000000,,25.70,,,,,,,,,,,,,,,,,,,,,,true,true,6,2018-04-01,2018-09-30,1
2018-04-26,72410,2019-03-31,,452000000000,0.026,,,,,11500000000,0.021,11200000000,0.022,,8900000000,,99.46,,,,,,,,,,,,,,,,0.101,,,,,,true,true,12,2018-04-01,2019-03-31,1
2018-04-26,72410,2018-03-31,,256901000000,0.093,,,,,3989000000,2.374,8711000000,2.034,5015000000,,6.756,56.06,,,,,,169457000000,42705000000,0.252,477.27,42705000000,,,,,10.00,,,,89580827,102037,89479569,false,false,12,2017-04-01,2018-03-31,0
2018-04-26,72410,2017-03-31,,235129000000,-0.013,,,,,1182000000,,2871000000,2.834,646000000,,,8.85,,,,,,154830000000,38033000000,0.246,425.04,38033000000,,,,,3.00,,,,89580827,100342,73098213,false,false,12,2016-04-01,2017-03-31,-1
2018-04-26,72410,2019-03-31,,,,,,,,,,,,,,,,,,,,,,,,,,,,,,10.00,,,,,,,false,true,12,2018-04-01,2019-03-31,1
2018-07-30,72410,2019-03-31,1,108554000000,0.054,,,,,1266000000,-0.471,1286000000,-0.399,,607000000,,6.79,,,,,,250129000000,74899000000,0.259,,64768000000,,,,,,,,,,,,true,false,3,2018-04-01,2018-06-30,0
2018-07-30,72410,2018-03-31,1,102989000000,0.040,,,,,2393000000,1.406,2140000000,,,2821000000,,31.53,,,,,,,,,,,,,,,,,,,,,,true,false,3,2017-04-01,2017-06-30,-1
2018-07-30,72410,2019-03-31,1,217000000000,0.031,,,,,3700000000,-0.165,3600000000,-0.077,,2300000000,,25.70,,,,,,,,,,,,,,,,,,,,,,true,true,6,2018-04-01,2018-09-30,0
2018-07-30,72410,2019-03-31,1,452000000000,0.026,,,,,11500000000,0.021,11200000000,0.022,,8900000000,,99.46,,,,,,,,,,,,,,,,,,,,,,true,true,12,2018-04-01,2019-03-31,0
2018-07-30,72410,2018-03-31,1,,,,,,,,,,,,,,,,,,,,253362000000,75691000000,0.258,,65453000000,,,,,,,,,,,,true,false,12,2017-04-01,2018-03-31,-1
2018-07-30,72410,2018-03-31,1,,,,,,,,,,,,,,,,,,,,,,,,,,,,,10.00,,,,89580827,102037,,false,false,12,2017-04-01,2018-03-31,-1
2018-07-30,72410,2019-03-31,1,,,,,,,,,,,,,,,,,,,,,,,,,,,,,10.00,,,,,,,false,true,12,2018-04-01,2019-03-31,0
2018-07-30,72410,2019-03-31,1,,,,,,,,,,,,,,,,,,,,,,,,,,,,,,,,,89580827,102305,89478637,false,false,3,2018-04-01,2018-06-30,0
2018-07-30,72410,2018-03-31,1,,,,,,,,,,,,,,,,,,,,,,,,,,,,,,,,,,,89480353,false,false,3,2017-04-01,2017-06-30,-1
2018-10-30,72410,2019-03-31,2,219655000000,0.044,,,,,1666000000,-0.624,1596000000,-0.591,,526000000,,5.89,,,,,,250911000000,74532000000,0.260,,65152000000,,,,,,,,,,,,true,false,6,2018-04-01,2018-09-30,0
2018-10-30,72410,2018-03-31,2,210493000000,0.045,,,,,4432000000,0.677,3899000000,1.883,,4314000000,,48.22,,,,,,,,,,,,,,,,,,,,,,true,false,6,2017-04-01,2017-09-30,-1
2018-10-30,72410,2019-03-31,2,455000000000,0.033,,,,,9400000000,-0.165,9100000000,-0.169,,7100000000,,79.35,,,,,,,,,,,,,,,,,,,,,,true,true,12,2018-04-01,2019-03-31,0
2018-10-30,72410,2018-03-31,2,,,,,,,,,,,,,,,,,,,,253362000000,75691000000,0.258,,65453000000,,,,,,,,,,,,true,false,12,2017-04-01,2018-03-31,-1
2018-10-30,72410,2018-03-31,2,,,,,,,,,,,,,,,,,,,,,,,,,,,,,10.00,,,,89580827,102037,,false,false,12,2017-04-01,2018-03-31,-1
2018-10-30,72410,2019-03-31,2,,,,,,,,,,,,,,,,,,,,,,,,,,,,,0.00,,,,,,,false,false,12,2018-04-01,2019-03-31,0
2018-10-30,72410,2019-03-31,2,,,,,,,,,,,,,,,,,,,,,,,,,,,,,10.00,,,,,,,false,true,12,2018-04-01,2019-03-31,0
2018-10-30,72410,2019-03-31,2,,,,,,,,,,,,,,,,,,,,,,,,,,,,,,,,,89580827,102720,89478460,false,false,6,2018-04-01,2018-09-30,0
2018-10-30,72410,2018-03-31,2,,,,,,,,,,,,,,,,,,,,,,,,,,,,,,,,,,,89480038,false,false,6,2017-04-01,2017-09-30,-1
2019-01-31,72410,2019-03-31,3,333341000000,0.040,,,,,2374000000,-0.675,1820000000,-0.732,,203000000,,2.27,,,,,,245391000000,72521000000,0.257,,62984000000,,,,,,,,,,,,true,false,9,2018-04-01,2018-12-31,0
2019-01-31,72410,2018-03-31,3,320454000000,0.065,,,,,7317000000,0.834,6786000000,1.586,,6756000000,,75.51,,,,,,,,,,,,,,,,,,,,,,true,false,9,2017-04-01,2017-12-31,-1
2019-01-31,72410,2019-03-31,3,455000000000,0.033,,,,,8000000000,-0.289,7300000000,-0.334,,5000000000,,55.88,,,,,,,,,,,,,,,,,,,,,,true,true,12,2018-04-01,2019-03-31,0
2019-01-31,72410,2018-03-31,3,,,,,,,,,,,,,,,,,,,,253362000000,75691000000,0.258,,65453000000,,,,,,,,,,,,true,false,12,2017-04-01,2018-03-31,-1
2019-01-31,72410,2018-03-31,3,,,,,,,,,,,,,,,,,,,,,,,,,,,,,10.00,,,,89580827,102037,,false,false,12,2017-04-01,2018-03-31,-1
2019-01-31,72410,2019-03-31,3,,,,,,,,,,,,,,,,,,,,,,,,,,,,,0.00,,,,,,,false,false,12,2018-04-01,2019-03-31,0
2019-01-31,72410,2019-03-31,3,,,,,,,,,,,,,,,,,,,,,,,,,,,,,10.00,,,,,,,false,true,12,2018-04-01,2019-03-31,0
2019-01-31,72410,2019-03-31,3,,,,,,,,,,,,,,,,,,,,,,,,,,,,,,,,,89580827,103108,89478275,false,false,9,2018-04-01,2018-12-31,0
2019-01-31,72410,2018-03-31,3,,,,,,,,,,,,,,,,,,,,,,,,,,,,,,,,,,,89479764,false,false,9,2017-04-01,2017-12-31,-1
2019-01-31,72410,2019-03-31,,455000000000,0.000,,,,,8000000000,-0.149,7300000000,-0.198,,5000000000,,55.88,,,,,,,,,,,,,,,,,,,,,,true,true,12,2018-04-01,2019-03-31,0
2019-01-31,72410,2018-03-31,,440446000000,,,,,,11258000000,,10955000000,,,10721000000,,119.82,,,,,,,,,,,,,,,,,,,,,,true,false,12,2017-04-01,2018-03-31,-1
2019-04-25,72410,2019-03-31,,461705000000,0.048,,,,,6797000000,-0.396,6449000000,-0.411,,3509000000,,39.22,,0.053,0.026,0.015,,249061000000,75211000000,0.264,734.90,65756000000,25410000000,-30961000000,1489000000,7541000000,,0.255,,,,,,true,false,12,2018-04-01,2019-03-31,0
2019-04-25,72410,2018-03-31,,440446000000,0.068,,,,,11258000000,0.254,10955000000,0.452,,10721000000,,119.82,,0.179,0.044,0.026,,253362000000,75691000000,0.258,731.50,65453000000,24960000000,-27081000000,-6304000000,11960000000,,0.083,,,,,,true,false,12,2017-04-01,2018-03-31,-1
2019-04-25,72410,2020-03-31,,234000000000,0.065,,,,,4600000000,1.761,5000000000,2.133,,4000000000,,44.70,,,,,,,,,,,,,,,,,,,,,,true,true,6,2019-04-01,2019-09-30,1
2019-04-25,72410,2020-03-31,,470000000000,0.018,,,,,8500000000,0.251,8700000000,0.349,,6400000000,,71.53,,,,,,,,,,,,,,,,0.140,,,,,,true,true,12,2019-04-01,2020-03-31,1
2019-04-25,72410,2019-03-31,,263845000000,0.027,,,,,1807000000,-0.547,5400000000,-0.380,4364000000,,-0.130,48.77,,,,,,163046000000,45522000000,0.279,508.76,45522000000,,,,,10.00,,,,89580827,103205,89478127,false,false,12,2018-04-01,2019-03-31,0
2019-04-25,72410,2018-03-31,,256901000000,0.093,,,,,3989000000,2.374,8711000000,2.034,5015000000,,6.756,56.06,,,,,,169457000000,42705000000,0.252,477.27,42705000000,,,,,10.00,,,,89580827,102037,89479569,false,false,12,2017-04-01,2018-03-31,-1
2019-04-25,72410,2020-03-31,,,,,,,,,,,,,,,,,,,,,,,,,,,,,,10.00,,,,,,,false,true,12,2019-04-01,2020-03-31,1
2019-07-30,72410,2020-03-31,1,116491000000,0.073,,,,,3319000000,1.621,3181000000,1.473,,2798000000,,31.28,31.27,,,,,247200000000,76881000000,0.272,,67288000000,,,,,,,,,,,,true,false,3,2019-04-01,2019-06-30,0
2019-07-30,72410,2019-03-31,1,108554000000,0.054,,,,,1266000000,-0.471,1286000000,-0.399,,607000000,,6.79,,,,,,,,,,,,,,,,,,,,,,true,false,3,2018-04-01,2018-06-30,-1
2019-07-30,72410,2020-03-31,1,234000000000,0.065,,,,,5600000000,2.361,5800000000,2.634,,4900000000,,54.76,,,,,,,,,,,,,,,,,,,,,,true,true,6,2019-04-01,2019-09-30,0
2019-07-30,72410,2020-03-31,1,470000000000,0.018,,,,,9500000000,0.398,9500000000,0.473,,7300000000,,81.58,,,,,,,,,,,,,,,,,,,,,,true,true,12,2019-04-01,2020-03-31,0
2019-07-30,72410,2019-03-31,1,,,,,,,,,,,,,,,,,,,,249061000000,75211000000,0.264,,65756000000,,,,,,,,,,,,true,false,12,2018-04-01,2019-03-31,-1
2019-07-30,72410,2019-03-31,1,,,,,,,,,,,,,,,,,,,,,,,,,,,,,10.00,,,,89580827,103205,,false,false,12,2018-04-01,2019-03-31,-1
2019-07-30,72410,2020-03-31,1,,,,,,,,,,,,,,,,,,,,,,,,,,,,,10.00,,,,,,,false,true,12,2019-04-01,2020-03-31,0
2019-07-30,72410,2020-03-31,1,,,,,,,,,,,,,,,,,,,,,,,,,,,,,,,,,89580827,103513,89477376,false,false,3,2019-04-01,2019-06-30,0
2019-07-30,72410,2019-03-31,1,,,,,,,,,,,,,,,,,,,,,,,,,,,,,,,,,,,89478637,false,false,3,2018-04-01,2018-06-30,-1
2019-07-30,72410,2020-03-31,,234000000000,0.000,,,,,5600000000,0.217,5800000000,0.160,,4900000000,,54.76,,,,,,,,,,,,,,,,,,,,,,true,true,6,2019-04-01,2019-09-30,0
2019-07-30,72410,2019-03-31,,219655000000,,,,,,1666000000,,1596000000,,,526000000,,5.89,,,,,,,,,,,,,,,,,,,,,,true,false,6,2018-04-01,2018-09-30,-1
2019-07-30,72410,2020-03-31,,470000000000,0.000,,,,,9500000000,0.118,9500000000,0.092,,7300000000,,81.58,,,,,,,,,,,,,,,,,,,,,,true,true,12,2019-04-01,2020-03-31,0
2019-07-30,72410,2019-03-31,,461705000000,,,,,,6797000000,,6449000000,,,3509000000,,39.22,,,,,,,,,,,,,,,,,,,,,,true,false,12,2018-04-01,2019-03-31,-1
2019-10-30,72410,2020-03-31,2,234963000000,0.070,,,,,5972000000,2.584,6262000000,2.924,,5125000000,,57.27,,,,,,247624000000,77275000000,0.277,,68613000000,,,,,,,,,,,,true,false,6,2019-04-01,2019-09-30,0
2019-10-30,72410,2019-03-31,2,219655000000,0.044,,,,,1666000000,-0.624,1596000000,-0.591,,526000000,,5.89,,,,,,,,,,,,,,,,,,,,,,true,false,6,2018-04-01,2018-09-30,-1
2019-10-30,72410,2020-03-31,2,470000000000,0.018,,,,,9500000000,0.398,9500000000,0.473,,7300000000,,81.58,,,,,,,,,,,,,,,,,,,,,,true,true,12,2019-04-01,2020-03-31,0
2019-10-30,72410,2019-03-31,2,,,,,,,,,,,,,,,,,,,,249061000000,75211000000,0.264,,65756000000,,,,,,,,,,,,true,false,12,2018-04-01,2019-03-31,-1
2019-10-30,72410,2019-03-31,2,,,,,,,,,,,,,,,,,,,,,,,,,,,,,10.00,,,,89580827,103205,,false,false,12,2018-04-01,2019-03-31,-1
2019-10-30,72410,2020-03-31,2,,,,,,,,,,,,,,,,,,,,,,,,,,,,,0.00,,,,,,,false,false,12,2019-04-01,2020-03-31,0
2019-10-30,72410,2020-03-31,2,,,,,,,,,,,,,,,,,,,,,,,,,,,,,10.00,,,,,,,false,true,12,2019-04-01,2020-03-31,0
2019-10-30,72410,2020-03-31,2,,,,,,,,,,,,,,,,,,,,,,,,,,,,,,,,,89580827,61060,89494978,false,false,6,2019-04-01,2019-09-30,0
2019-10-30,72410,2019-03-31,2,,,,,,,,,,,,,,,,,,,,,,,,,,,,,,,,,,,89478460,false,false,6,2018-04-01,2018-09-30,-1
2020-01-30,72410,2020-03-31,3,349778000000,0.049,,,,,7413000000,2.122,7827000000,3.299,,6778000000,,75.74,,,,,,250542000000,78778000000,0.280,,70217000000,,,,,,,,,,,,true,false,9,2019-04-01,2019-12-31,0
2020-01-30,72410,2019-03-31,3,333341000000,0.040,,,,,2374000000,-0.675,1820000000,-0.732,,203000000,,2.27,,,,,,,,,,,,,,,,,,,,,,true,false,9,2018-04-01,2018-12-31,-1
2020-01-30,72410,2020-03-31,3,470000000000,0.018,,,,,9500000000,0.398,9500000000,0.473,,7300000000,,81.58,,,,,,,,,,,,,,,,,,,,,,true,true,12,2019-04-01,2020-03-31,0
2020-01-30,72410,2019-03-31,3,,,,,,,,,,,,,,,,,,,,249061000000,75211000000,0.264,,65756000000,,,,,,,,,,,,true,false,12,2018-04-01,2019-03-31,-1
2020-01-30,72410,2019-03-31,3,,,,,,,,,,,,,,,,,,,,,,,,,,,,,10.00,,,,89580827,103205,,false,false,12,2018-04-01,2019-03-31,-1
2020-01-30,72410,2020-03-31,3,,,,,,,,,,,,,,,,,,,,,,,,,,,,,0.00,,,,,,,false,false,12,2019-04-01,2020-03-31,0
2020-01-30,72410,2020-03-31,3,,,,,,,,,,,,,,,,,,,,,,,,,,,,,10.00,,,,,,,false,true,12,2019-04-01,2020-03-31,0
2020-01-30,72410,2020-03-31,3,,,,,,,,,,,,,,,,,,,,,,,,,,,,,,,,,89580827,61577,89503183,false,false,9,2019-04-01,2019-12-31,0
2020-01-30,72410,2019-03-31,3,,,,,,,,,,,,,,,,,,,,,,,,,,,,,,,,,,,89478275,false,false,9,2018-04-01,2018-12-31,-1
2020-04-28,72410,2020-03-31,,476165000000,0.031,,,,,10621000000,0.563,9968000000,0.546,,6357000000,,71.03,,0.095,0.040,0.022,,253517000000,76488000000,0.266,753.80,67479000000,34020000000,-26443000000,-5572000000,9370000000,,0.141,,,,,,true,false,12,2019-04-01,2020-03-31,0
2020-04-28,72410,2019-03-31,,461705000000,0.048,,,,,6797000000,-0.396,6449000000,-0.411,,3509000000,,39.22,,0.053,0.026,0.015,,249061000000,75211000000,0.264,734.90,65756000000,25410000000,-30961000000,1489000000,7541000000,,0.255,,,,,,true,false,12,2018-04-01,2019-03-31,-1
2020-04-28,72410,2020-03-31,,262642000000,-0.005,,,,,3927000000,1.173,6304000000,0.167,3914000000,,-0.103,43.73,,,,,,159732000000,47840000000,0.300,534.42,47840000000,,,,,10.00,,,,89580827,61739,89507155,false,false,12,2019-04-01,2020-03-31,0
2020-04-28,72410,2019-03-31,,263845000000,0.027,,,,,1807000000,-0.547,5400000000,-0.380,4364000000,,-0.130,48.77,,,,,,163046000000,45522000000,0.279,508.76,45522000000,,,,,10.00,,,,89580827,103205,89478127,false,false,12,2018-04-01,2019-03-31,-1
2020-07-30,72410,2021-03-31,1,64037000000,-0.450,,,,,-6258000000,,-6304000000,,,-5681000000,,-63.47,,,,,,229456000000,69736000000,0.266,,61013000000,,,,,,,,,,,,true,false,3,2020-04-01,2020-06-30,0
2020-07-30,72410,2020-03-31,1,116491000000,0.073,,,,,3319000000,1.621,3181000000,1.473,,2798000000,,31.28,31.27,,,,,,,,,,,,,,,,,,,,,true,false,3,2019-04-01,2019-06-30,-1
2020-07-30,72410,2021-03-31,1,176000000000,-0.251,,,,,-5800000000,,-6000000000,,,-5900000000,,-65.92,,,,,,,,,,,,,,,,,,,,,,true,true,6,2020-04-01,2020-09-30,0
2020-07-30,72410,2021-03-31,1,422000000000,-0.114,,,,,1000000000,-0.906,500000000,-0.950,,-1000000000,,-11.17,,,,,,,,,,,,,,,,,,,,,,true,true,12,2020-04-01,2021-03-31,0
2020-07-30,72410,2020-03-31,1,,,,,,,,,,,,,,,,,,,,253517000000,76488000000,0.266,,67479000000,,,,,,,,,,,,true,false,12,2019-04-01,2020-03-31,-1
2020-07-30,72410,2020-03-31,1,,,,,,,,,,,,,,,,,,,,,,,,,,,,,10.00,,,,89580827,61739,,false,false,12,2019-04-01,2020-03-31,-1
2020-07-30,72410,2021-03-31,1,,,,,,,,,,,,,,,,,,,,,,,,,,,,,10.00,,,,,,,false,true,12,2020-04-01,2021-03-31,0
2020-07-30,72410,2021-03-31,1,,,,,,,,,,,,,,,,,,,,,,,,,,,,,,,,,89580827,62129,89518955,false,false,3,2020-04-01,2020-06-30,0
2020-07-30,72410,2020-03-31,1,,,,,,,,,,,,,,,,,,,,,,,,,,,,,,,,,,,89477376,false,false,3,2019-04-01,2019-06-30,-1
2020-10-28,72410,2021-03-31,2,186463000000,-0.206,,,,,-4514000000,,-4355000000,,,-4374000000,,-48.86,,,,,,249093000000,70776000000,0.251,,62462000000,,,,,,,,,,,,true,false,6,2020-04-01,2020-09-30,0
2020-10-28,72410,2020-03-31,2,234963000000,0.070,,,,,5972000000,2.584,6262000000,2.924,,5125000000,,57.27,,,,,,,,,,,,,,,,,,,,,,true,false,6,2019-04-01,2019-09-30,-1
2020-10-28,72410,2021-03-31,2,443000000000,-0.070,,,,,2300000000,-0.783,2200000000,-0.779,,500000000,,5.59,,,,,,,,,,,,,,,,,,,,,,true,true,12,2020-04-01,2021-03-31,0
2020-10-28,72410,2020-03-31,2,,,,,,,,,,,,,,,,,,,,253517000000,76488000000,0.266,,67479000000,,,,,,,,,,,,true,false,12,2019-04-01,2020-03-31,-1
2020-10-28,72410,2020-03-31,2,,,,,,,,,,,,,,,,,,,,,,,,,,,,,10.00,,,,89580827,61739,,false,false,12,2019-04-01,2020-03-31,-1
2020-10-28,72410,2021-03-31,2,,,,,,,,,,,,,,,,,,,,,,,,,,,,,0.00,,,,,,,false,false,12,2020-04-01,2021-03-31,0
2020-10-28,72410,2021-03-31,2,,,,,,,,,,,,,,,,,,,,,,,,,,,,,10.00,,,,,,,false,true,12,2020-04-01,2021-03-31,0
2020-10-28,72410,2021-03-31,2,,,,,,,,,,,,,,,,,,,,,,,,,,,,,,,,,89580827,13183,89539077,false,false,6,2020-04-01,2020-09-30,0
2020-10-28,72410,2020-03-31,2,,,,,,,,,,,,,,,,,,,,,,,,,,,,,,,,,,,89494978,false,false,6,2019-04-01,2019-09-30,-1
2020-10-28,72410,2021-03-31,,443000000000,0.050,,,,,2300000000,1.300,2200000000,3.400,,500000000,,5.59,,,,,,,,,,,,,,,,,,,,,,true,true,12,2020-04-01,2021-03-31,0
2020-10-28,72410,2020-03-31,,476165000000,,,,,,10621000000,,9968000000,,,6357000000,,71.03,,,,,,,,,,,,,,,,,,,,,,true,false,12,2019-04-01,2020-03-31,-1
2021-02-01,72410,2021-03-31,3,323619000000,-0.075,,,,,1257000000,-0.830,1513000000,-0.807,,348000000,,3.89,,,,,,262021000000,77078000000,0.260,,68245000000,,,,,,,,,,,,true,false,9,2020-04-01,2020-12-31,0
2021-02-01,72410,2020-03-31,3,349778000000,0.049,,,,,7413000000,2.122,7827000000,3.299,,6778000000,,75.74,,,,,,,,,,,,,,,,,,,,,,true,false,9,2019-04-01,2019-12-31,-1
2021-02-01,72410,2021-03-31,3,453000000000,-0.049,,,,,4600000000,-0.567,4900000000,-0.508,,2500000000,,27.93,,,,,,,,,,,,,,,,,,,,,,true,true,12,2020-04-01,2021-03-31,0
2021-02-01,72410,2020-03-31,3,,,,,,,,,,,,,,,,,,,,253517000000,76488000000,0.266,,67479000000,,,,,,,,,,,,true,false,12,2019-04-01,2020-03-31,-1
2021-02-01,72410,2020-03-31,3,,,,,,,,,,,,,,,,,,,,,,,,,,,,,10.00,,,,89580827,61739,,false,false,12,2019-04-01,2020-03-31,-1
2021-02-01,72410,2021-03-31,3,,,,,,,,,,,,,,,,,,,,,,,,,,,,,0.00,,,,,,,false,false,12,2020-04-01,2021-03-31,0
2021-02-01,72410,2021-03-31,3,,,,,,,,,,,,,,,,,,,,,,,,,,,,,10.00,,,,,,,false,true,12,2020-04-01,2021-03-31,0
2021-02-01,72410,2021-03-31,3,,,,,,,,,,,,,,,,,,,,,,,,,,,,,,,,,89580827,13635,89548538,false,false,9,2020-04-01,2020-12-31,0
2021-02-01,72410,2020-03-31,3,,,,,,,,,,,,,,,,,,,,,,,,,,,,,,,,,,,89503183,false,false,9,2019-04-01,2019-12-31,-1
2021-02-01,72410,2021-03-31,,453000000000,0.023,,,,,4600000000,1.000,4900000000,1.227,,2500000000,,27.93,,,,,,,,,,,,,,,,,,,,,,true,true,12,2020-04-01,2021-03-31,0
2021-02-01,72410,2020-03-31,,476165000000,,,,,,10621000000,,9968000000,,,6357000000,,71.03,,,,,,,,,,,,,,,,,,,,,,true,false,12,2019-04-01,2020-03-31,-1
2021-04-27,72410,2021-03-31,,466809000000,-0.020,,,,,7780000000,-0.267,7962000000,-0.201,,4095000000,,45.73,,0.056,0.029,0.017,,290194000000,87216000000,0.268,866.86,77641000000,22792000000,-24672000000,1750000000,9522000000,,0.219,,,,,,true,false,12,2020-04-01,2021-03-31,0
2021-04-27,72410,2020-03-31,,476165000000,0.031,,,,,10621000000,0.563,9968000000,0.546,,6357000000,,71.03,,0.095,0.040,0.022,,253517000000,76488000000,0.266,753.80,67479000000,34020000000,-26443000000,-5572000000,9370000000,,0.141,,,,,,true,false,12,2019-04-01,2020-03-31,-1
2021-04-27,72410,2022-03-31,,260000000000,0.394,,,,,2700000000,,2600000000,,,300000000,,3.35,,,,,,,,,,,,,,,,,,,,,,true,true,6,2021-04-01,2021-09-30,1
2021-04-27,72410,2022-03-31,,540000000000,0.157,,,,,10000000000,0.285,9700000000,0.218,,5900000000,,65.88,,,,,,,,,,,,,,,,0.152,,,,,,true,true,12,2021-04-01,2022-03-31,1
2021-04-27,72410,2021-03-31,,232474000000,-0.115,,,,,539000000,-0.863,2780000000,-0.559,2702000000,,-0.310,30.17,,,,,,167149000000,51999000000,0.311,580.56,51999000000,,,,,10.00,,,,89580827,13927,89553088,false,false,12,2020-04-01,2021-03-31,0
2021-04-27,72410,2020-03-31,,262642000000,-0.005,,,,,3927000000,1.173,6304000000,0.167,3914000000,,-0.103,43.73,,,,,,159732000000,47840000000,0.300,534.42,47840000000,,,,,10.00,,,,89580827,61739,89507155,false,false,12,2019-04-01,2020-03-31,-1
2021-04-27,72410,2022-03-31,,,,,,,,,,,,,,,,,,,,,,,,,,,,,,10.00,,,,,,,false,true,12,2021-04-01,2022-03-31,1
2021-07-29,72410,2022-03-31,1,136928000000,1.138,,,,,3206000000,,3600000000,,,1576000000,,17.61,17.60,,,,,296703000000,90573000000,0.270,,80198000000,,,,,,,,,,,,true,false,3,2021-04-01,2021-06-30,0
2021-07-29,72410,2021-03-31,1,64037000000,-0.450,,,,,-6258000000,,-6304000000,,,-5681000000,,-63.47,,,,,,,,,,,,,,,,,,,,,,true,false,3,2020-04-01,2020-06-30,-1
2021-07-29,72410,2022-03-31,1,267000000000,0.432,,,,,3900000000,,4000000000,,,1600000000,,17.87,,,,,,,,,,,,,,,,,,,,,,true,true,6,2021-04-01,2021-09-30,0
2021-07-29,72410,2022-03-31,1,547000000000,0.172,,,,,11200000000,0.439,11100000000,0.394,,7200000000,,80.40,,,,,,,,,,,,,,,,,,,,,,true,true,12,2021-04-01,2022-03-31,0
2021-07-29,72410,2021-03-31,1,,,,,,,,,,,,,,,,,,,,290194000000,87216000000,0.268,,77641000000,,,,,,,,,,,,true,false,12,2020-04-01,2021-03-31,-1
2021-07-29,72410,2021-03-31,1,,,,,,,,,,,,,,,,,,,,,,,,,,,,,10.00,,,,89580827,13927,,false,false,12,2020-04-01,2021-03-31,-1
2021-07-29,72410,2022-03-31,1,,,,,,,,,,,,,,,,,,,,,,,,,,,,,10.00,,,,,,,false,true,12,2021-04-01,2022-03-31,0
2021-07-29,72410,2022-03-31,1,,,,,,,,,,,,,,,,,,,,,,,,,,,,,,,,,89580827,69664,89536914,false,false,3,2021-04-01,2021-06-30,0
2021-07-29,72410,2021-03-31,1,,,,,,,,,,,,,,,,,,,,,,,,,,,,,,,,,,,89518955,false,false,3,2020-04-01,2020-06-30,-1
2021-07-29,72410,2022-03-31,,267000000000,0.027,,,,,3900000000,0.444,4000000000,0.538,1600000000,,4.333,17.87,,,,,,,,,,,,,,,,,,,,,,true,true,6,2021-04-01,2021-09-30,0
2021-07-29,72410,2021-03-31,,186463000000,,,,,,-4514000000,,-4355000000,,-4374000000,,,-48.86,,,,,,,,,,,,,,,,,,,,,,true,false,6,2020-04-01,2020-09-30,-1
2021-07-29,72410,2022-03-31,,547000000000,0.013,,,,,11200000000,0.120,11100000000,0.144,7200000000,,0.220,80.40,,,,,,,,,,,,,,,,,,,,,,true,true,12,2021-04-01,2022-03-31,0
2021-07-29,72410,2021-03-31,,466809000000,,,,,,7780000000,,7962000000,,4095000000,,,45.73,,,,,,,,,,,,,,,,,,,,,,true,false,12,2020-04-01,2021-03-31,-1
2021-10-28,72410,2022-03-31,2,263631000000,0.414,,,,,1297000000,,1672000000,,,-1359000000,,-15.19,,,,,,272745000000,79358000000,0.271,,73896000000,,,,,,,,,,,,true,false,6,2021-04-01,2021-09-30,0
2021-10-28,72410,2021-03-31,2,186463000000,-0.206,,,,,-4514000000,,-4355000000,,,-4374000000,,-48.86,,,,,,,,,,,,,,,,,,,,,,true,false,6,2020-04-01,2020-09-30,-1
2021-10-28,72410,2022-03-31,2,597000000000,0.279,,,,,8000000000,0.028,8200000000,0.030,,3300000000,,36.85,,,,,,,,,,,,,,,,,,,,,,true,true,12,2021-04-01,2022-03-31,0
2021-10-28,72410,2021-03-31,2,,,,,,,,,,,,,,,,,,,,290194000000,87216000000,0.268,,77641000000,,,,,,,,,,,,true,false,12,2020-04-01,2021-03-31,-1
2021-10-28,72410,2021-03-31,2,,,,,,,,,,,,,,,,,,,,,,,,,,,,,10.00,,,,89580827,13927,,false,false,12,2020-04-01,2021-03-31,-1
2021-10-28,72410,2022-03-31,2,,,,,,,,,,,,,,,,,,,,,,,,,,,,,0.00,,,,,,,false,false,12,2021-04-01,2022-03-31,0
2021-10-28,72410,2022-03-31,2,,,,,,,,,,,,,,,,,,,,,,,,,,,,,10.00,,,,,,,false,true,12,2021-04-01,2022-03-31,0
2021-10-28,72410,2022-03-31,2,,,,,,,,,,,,,,,,,,,,,,,,,,,,,,,,,89580827,19856,89544932,false,false,6,2021-04-01,2021-09-30,0
2021-10-28,72410,2021-03-31,2,,,,,,,,,,,,,,,,,,,,,,,,,,,,,,,,,,,89539077,false,false,6,2020-04-01,2020-09-30,-1
2022-02-01,72410,2022-03-31,3,408146000000,0.261,,,,,2236000000,0.779,3192000000,1.110,,-483000000,,-5.40,,,,,,296200000000,81185000000,0.256,,75814000000,,,,,,,,,,,,true,false,9,2021-04-01,2021-12-31,0
2022-02-01,72410,2021-03-31,3,323619000000,-0.075,,,,,1257000000,-0.830,1513000000,-0.807,,348000000,,3.89,,,,,,,,,,,,,,,,,,,,,,true,false,9,2020-04-01,2020-12-31,-1
2022-02-01,72410,2022-03-31,3,575000000000,0.232,,,,,5000000000,-0.357,6000000000,-0.246,,1000000000,,11.17,,,,,,,,,,,,,,,,,,,,,,true,true,12,2021-04-01,2022-03-31,0
2022-02-01,72410,2021-03-31,3,,,,,,,,,,,,,,,,,,,,290194000000,87216000000,0.268,,77641000000,,,,,,,,,,,,true,false,12,2020-04-01,2021-03-31,-1
2022-02-01,72410,2021-03-31,3,,,,,,,,,,,,,,,,,,,,,,,,,,,,,10.00,,,,89580827,13927,,false,false,12,2020-04-01,2021-03-31,-1
2022-02-01,72410,2022-03-31,3,,,,,,,,,,,,,,,,,,,,,,,,,,,,,0.00,,,,,,,false,false,12,2021-04-01,2022-03-31,0
2022-02-01,72410,2022-03-31,3,,,,,,,,,,,,,,,,,,,,,,,,,,,,,10.00,,,,,,,false,true,12,2021-04-01,2022-03-31,0
2022-02-01,72410,2022-03-31,3,,,,,,,,,,,,,,,,,,,,,,,,,,,,,,,,,89580827,20177,89550206,false,false,9,2021-04-01,2021-12-31,0
2022-02-01,72410,2021-03-31,3,,,,,,,,,,,,,,,,,,,,,,,,,,,,,,,,,,,89548538,false,false,9,2020-04-01,2020-12-31,-1
2022-02-01,72410,2022-03-31,,575000000000,-0.037,,,,,5000000000,-0.375,6000000000,-0.268,1000000000,,-0.697,11.17,,,,,,,,,,,,,,,,,,,,,,true,true,12,2021-04-01,2022-03-31,0
2022-02-01,72410,2021-03-31,,466809000000,,,,,,7780000000,,7962000000,,4095000000,,,45.73,,,,,,,,,,,,,,,,,,,,,,true,false,12,2020-04-01,2021-03-31,-1
2022-04-27,72410,2022-03-31,,572118000000,0.226,,,,,6115000000,-0.214,7807000000,-0.019,,3307000000,,36.94,,0.041,0.026,0.011,,309487000000,90014000000,0.272,940.37,84219000000,35468000000,-35547000000,-3451000000,6730000000,,0.271,,,,,,true,false,12,2021-04-01,2022-03-31,0
2022-04-27,72410,2021-03-31,,466809000000,-0.020,,,,,7780000000,-0.267,7962000000,-0.201,,4095000000,,45.73,,0.056,0.029,0.017,,290194000000,87216000000,0.268,866.86,77641000000,22792000000,-24672000000,1750000000,9522000000,,0.219,,,,,,true,false,12,2020-04-01,2021-03-31,-1
2022-04-27,72410,2023-03-31,,350000000000,0.328,,,,,2000000000,0.541,2000000000,0.196,,1500000000,,16.75,,,,,,,,,,,,,,,,,,,,,,true,true,6,2022-04-01,2022-09-30,1
2022-04-27,72410,2023-03-31,,720000000000,0.258,,,,,10000000000,0.635,10000000000,0.281,,7000000000,,78.17,,,,,,,,,,,,,,,,0.128,,,,,,true,true,12,2022-04-01,2023-03-31,1
2022-04-27,72410,2022-03-31,,246339000000,0.060,,,,,-481000000,,6358000000,1.287,5730000000,,1.121,63.99,,,,,,174152000000,58039000000,0.333,648.05,58039000000,,,,,10.00,,,,89580827,20177,89552774,false,false,12,2021-04-01,2022-03-31,0
2022-04-27,72410,2021-03-31,,232474000000,-0.115,,,,,539000000,-0.863,2780000000,-0.559,2702000000,,-0.310,30.17,,,,,,167149000000,51999000000,0.311,580.56,51999000000,,,,,10.00,,,,89580827,13927,89553088,false,false,12,2020-04-01,2021-03-31,-1
2022-04-27,72410,2023-03-31,,,,,,,,,,,,,,,,,,,,,,,,,,,,,,10.00,,,,,,,false,true,12,2022-04-01,2023-03-31,1
2022-07-28,72410,2023-03-31,1,153488000000,0.121,,,,,-2009000000,,-1625000000,,,-1747000000,,-19.54,,,,,,321234000000,91292000000,0.265,,85121000000,,,,,,,,,,,,true,false,3,2022-04-01,2022-06-30,0
2022-07-28,72410,2022-03-31,1,136928000000,1.138,,,,,3206000000,,3600000000,,,1576000000,,17.61,17.60,,,,,,,,,,,,,,,,,,,,,true,false,3,2021-04-01,2021-06-30,-1
2022-07-28,72410,2023-03-31,1,330000000000,0.252,,,,,-1000000000,,-600000000,,,-1100000000,,-12.28,,,,,,,,,,,,,,,,,,,,,,true,true,6,2022-04-01,2022-09-30,0
2022-07-28,72410,2023-03-31,1,700000000000,0.224,,,,,7000000000,0.145,7400000000,-0.052,,4400000000,,49.13,,,,,,,,,,,,,,,,,,,,,,true,true,12,2022-04-01,2023-03-31,0
2022-07-28,72410,2022-03-31,1,,,,,,,,,,,,,,,,,,,,309487000000,90014000000,0.272,,84219000000,,,,,,,,,,,,true,false,12,2021-04-01,2022-03-31,-1
2022-07-28,72410,2022-03-31,1,,,,,,,,,,,,,,,,,,,,,,,,,,,,,10.00,,,,89580827,20177,,false,false,12,2021-04-01,2022-03-31,-1
2022-07-28,72410,2023-03-31,1,,,,,,,,,,,,,,,,,,,,,,,,,,,,,10.00,,,,,,,false,true,12,2022-04-01,2023-03-31,0
2022-07-28,72410,2023-03-31,1,,,,,,,,,,,,,,,,,,,,,,,,,,,,,,,,,89580827,208152,89458250,false,false,3,2022-04-01,2022-06-30,0
2022-07-28,72410,2022-03-31,1,,,,,,,,,,,,,,,,,,,,,,,,,,,,,,,,,,,89536914,false,false,3,2021-04-01,2021-06-30,-1
2022-07-28,72410,2023-03-31,,330000000000,-0.057,,,,,-1000000000,,-600000000,,-1100000000,,,-12.28,,,,,,,,,,,,,,,,,,,,,,true,true,6,2022-04-01,2022-09-30,0
2022-07-28,72410,2022-03-31,,263631000000,,,,,,1297000000,,1672000000,,-1359000000,,,-15.19,,,,,,,,,,,,,,,,,,,,,,true,false,6,2021-04-01,2021-09-30,-1
2022-07-28,72410,2023-03-31,,700000000000,-0.028,,,,,7000000000,-0.300,7400000000,-0.260,4400000000,,-0.371,49.13,,,,,,,,,,,,,,,,,,,,,,true,true,12,2022-04-01,2023-03-31,0
2022-07-28,72410,2022-03-31,,572118000000,,,,,,6115000000,,7807000000,,3307000000,,,36.94,,,,,,,,,,,,,,,,,,,,,,true,false,12,2021-04-01,2022-03-31,-1
2022-10-27,72410,2023-03-31,2,326457000000,0.238,,,,,-289000000,,-208000000,,,-1102000000,,-12.33,,,,,,325998000000,93256000000,0.268,,87444000000,,,,,,,,,,,,true,false,6,2022-04-01,2022-09-30,0
2022-10-27,72410,2022-03-31,2,263631000000,0.414,,,,,1297000000,,1672000000,,,-1359000000,,-15.19,,,,,,,,,,,,,,,,,,,,,,true,false,6,2021-04-01,2021-09-30,-1
2022-10-27,72410,2023-03-31,2,700000000000,0.224,,,,,7000000000,0.145,7400000000,-0.052,,6000000000,,67.00,,,,,,,,,,,,,,,,,,,,,,true,true,12,2022-04-01,2023-03-31,0
2022-10-27,72410,2022-03-31,2,,,,,,,,,,,,,,,,,,,,309487000000,90014000000,0.272,,84219000000,,,,,,,,,,,,true,false,12,2021-04-01,2022-03-31,-1
2022-10-27,72410,2022-03-31,2,,,,,,,,,,,,,,,,,,,,,,,,,,,,,10.00,,,,89580827,20177,,false,false,12,2021-04-01,2022-03-31,-1
2022-10-27,72410,2023-03-31,2,,,,,,,,,,,,,,,,,,,,,,,,,,,,,0.00,,,,,,,false,false,12,2022-04-01,2023-03-31,0
2022-10-27,72410,2023-03-31,2,,,,,,,,,,,,,,,,,,,,,,,,,,,,,10.00,,,,,,,false,true,12,2022-04-01,2023-03-31,0
2022-10-27,72410,2023-03-31,2,,,,,,,,,,,,,,,,,,,,,,,,,,,,,,,,,89580827,153640,89436843,false,false,6,2022-04-01,2022-09-30,0
2022-10-27,72410,2022-03-31,2,,,,,,,,,,,,,,,,,,,,,,,,,,,,,,,,,,,89544932,false,false,6,2021-04-01,2021-09-30,-1
2023-02-02,72410,2023-03-31,3,514747000000,0.261,,,,,2472000000,0.106,2434000000,-0.237,,665000000,,7.44,,,,,,315670000000,92921000000,0.276,,87113000000,,,,,,,,,,,,true,false,9,2022-04-01,2022-12-31,0
2023-02-02,72410,2022-03-31,3,408146000000,0.261,,,,,2236000000,0.779,3192000000,1.110,,-483000000,,-5.40,,,,,,,,,,,,,,,,,,,,,,true,false,9,2021-04-01,2021-12-31,-1
2023-02-02,72410,2023-03-31,3,700000000000,0.224,,,,,6000000000,-0.019,6400000000,-0.180,,5200000000,,58.07,,,,,,,,,,,,,,,,,,,,,,true,true,12,2022-04-01,2023-03-31,0
2023-02-02,72410,2022-03-31,3,,,,,,,,,,,,,,,,,,,,309487000000,90014000000,0.272,,84219000000,,,,,,,,,,,,true,false,12,2021-04-01,2022-03-31,-1
2023-02-02,72410,2022-03-31,3,,,,,,,,,,,,,,,,,,,,,,,,,,,,,10.00,,,,89580827,20177,,false,false,12,2021-04-01,2022-03-31,-1
2023-02-02,72410,2023-03-31,3,,,,,,,,,,,,,,,,,,,,,,,,,,,,,0.00,,,,,,,false,false,12,2022-04-01,2023-03-31,0
2023-02-02,72410,2023-03-31,3,,,,,,,,,,,,,,,,,,,,,,,,,,,,,10.00,,,,,,,false,true,12,2022-04-01,2023-03-31,0
2023-02-02,72410,2023-03-31,3,,,,,,,,,,,,,,,,,,,,,,,,,,,,,,,,,89580827,153810,89433600,false,false,9,2022-04-01,2022-12-31,0
2023-02-02,72410,2022-03-31,3,,,,,,,,,,,,,,,,,,,,,,,,,,,,,,,,,,,89550206,false,false,9,2021-04-01,2021-12-31,-1
2023-04-26,72410,2023-03-31,,708072000000,0.238,,,,,7681000000,0.256,7768000000,-0.005,,10576000000,,118.26,,0.119,0.025,0.011,,319768000000,99747000000,0.294,1051.94,94071000000,47743000000,-22307000000,-22009000000,10331000000,,0.127,,,,,,true,false,12,2022-04-01,2023-03-31,0
2023-04-26,72410,2022-03-31,,572118000000,0.226,,,,,6115000000,-0.214,7807000000,-0.019,,3307000000,,36.94,,0.041,0.026,0.011,,309487000000,90014000000,0.272,940.37,84219000000,35468000000,-35547000000,-3451000000,6730000000,,0.271,,,,,,true,false,12,2021-04-01,2022-03-31,-1
2023-04-26,72410,2024-03-31,,750000000000,0.059,,,,,9000000000,0.172,8000000000,0.030,,5500000000,,61.50,,,,,,,,,,,,,,,,,,,,,,true,true,12,2023-04-01,2024-03-31,1
2023-04-26,72410,2023-03-31,,304377000000,0.236,,,,,536000000,,5833000000,-0.083,10701000000,,0.868,119.66,,,,,,193372000000,67312000000,0.348,752.71,67312000000,,,,,15.00,,,,89580827,154055,89431954,false,false,12,2022-04-01,2023-03-31,0
2023-04-26,72410,2022-03-31,,246339000000,0.060,,,,,-481000000,,6358000000,1.287,5730000000,,1.121,63.99,,,,,,174152000000,58039000000,0.333,648.05,58039000000,,,,,10.00,,,,89580827,20177,89552774,false,false,12,2021-04-01,2022-03-31,-1
2023-04-26,72410,2024-03-31,,,,,,,,,,,,,,,,,,,,,,,,,,,,,,18.00,,,,,,,false,true,12,2023-04-01,2024-03-31,1
2023-07-27,72410,2024-03-31,1,204673000000,0.333,,,,,4729000000,,4865000000,,,3074000000,,34.38,34.38,,,,,334076000000,107785000000,0.304,,101528000000,,,,,,,,,,,,true,false,3,2023-04-01,2023-06-30,0
2023-07-27,72410,2023-03-31,1,153488000000,0.121,,,,,-2009000000,,-1625000000,,,-1747000000,,-19.54,,,,,,,,,,,,,,,,,,,,,,true,false,3,2022-04-01,2022-06-30,-1
2023-07-27,72410,2024-03-31,1,770000000000,0.087,,,,,11000000000,0.432,10000000000,0.287,,7000000000,,78.27,,,,,,,,,,,,,,,,,,,,,,true,true,12,2023-04-01,2024-03-31,0
2023-07-27,72410,2023-03-31,1,,,,,,,,,,,,,,,,,,,,319768000000,99747000000,0.294,,94071000000,,,,,,,,,,,,true,false,12,2022-04-01,2023-03-31,-1
2023-07-27,72410,2023-03-31,1,,,,,,,,,,,,,,,,,,,,,,,,,,,,,15.00,,,,89580827,154055,,false,false,12,2022-04-01,2023-03-31,-1
2023-07-27,72410,2024-03-31,1,,,,,,,,,,,,,,,,,,,,,,,,,,,,,18.00,,,,,,,false,true,12,2023-04-01,2024-03-31,0
2023-07-27,72410,2024-03-31,1,,,,,,,,,,,,,,,,,,,,,,,,,,,,,,,,,89580827,154161,89426761,false,false,3,2023-04-01,2023-06-30,0
2023-07-27,72410,2023-03-31,1,,,,,,,,,,,,,,,,,,,,,,,,,,,,,,,,,,,89458250,false,false,3,2022-04-01,2022-06-30,-1
2023-10-30,72410,2024-03-31,2,403340000000,0.236,,,,,9445000000,,9527000000,,,6739000000,,75.34,,,,,,326581000000,114192000000,0.331,,108098000000,,,,,,,,,,,,true,false,6,2023-04-01,2023-09-30,0
2023-10-30,72410,2023-03-31,2,326457000000,0.238,,,,,-289000000,,-208000000,,,-1102000000,,-12.33,,,,,,,,,,,,,,,,,,,,,,true,false,6,2022-04-01,2022-09-30,-1
2023-10-30,72410,2024-03-31,2,810000000000,0.144,,,,,15000000000,0.953,14000000000,0.802,,10000000000,,111.82,,,,,,,,,,,,,,,,,,,,,,true,true,12,2023-04-01,2024-03-31,0
2023-10-30,72410,2023-03-31,2,,,,,,,,,,,,,,,,,,,,319768000000,99747000000,0.294,,94071000000,,,,,,,,,,,,true,false,12,2022-04-01,2023-03-31,-1
2023-10-30,72410,2023-03-31,2,,,,,,,,,,,,,,,,,,,,,,,,,,,,,15.00,,,,89580827,154055,,false,false,12,2022-04-01,2023-03-31,-1
2023-10-30,72410,2024-03-31,2,,,,,,,,,,,,,,,,,,,,,,,,,,,,,15.00,,,,,,,false,false,12,2023-04-01,2024-03-31,0
2023-10-30,72410,2024-03-31,2,,,,,,,,,,,,,,,,,,,,,,,,,,,,,30.00,,,,,,,false,true,12,2023-04-01,2024-03-31,0
2023-10-30,72410,2024-03-31,2,,,,,,,,,,,,,,,,,,,,,,,,,,,,,,,,,89580827,114110,89442415,false,false,6,2023-04-01,2023-09-30,0
2023-10-30,72410,2023-03-31,2,,,,,,,,,,,,,,,,,,,,,,,,,,,,,,,,,,,89436843,false,false,6,2022-04-01,2022-09-30,-1
2024-02-01,72410,2024-03-31,3,610166000000,0.185,,,,,16009000000,5.474,15609000000,5.412,,10765000000,,120.35,,,,,,322788000000,114692000000,0.336,,108562000000,,,,,,,,,,,,true,false,9,2023-04-01,2023-12-31,0
2024-02-01,72410,2023-03-31,3,514747000000,0.261,,,,,2472000000,0.106,2434000000,-0.237,,665000000,,7.44,,,,,,,,,,,,,,,,,,,,,,true,false,9,2022-04-01,2022-12-31,-1
2024-02-01,72410,2024-03-31,3,810000000000,0.144,,,,,19000000000,1.474,18000000000,1.317,,12000000000,,134.18,,,,,,,,,,,,,,,,,,,,,,true,true,12,2023-04-01,2024-03-31,0
2024-02-01,72410,2023-03-31,3,,,,,,,,,,,,,,,,,,,,319768000000,99747000000,0.294,,94071000000,,,,,,,,,,,,true,false,12,2022-04-01,2023-03-31,-1
2024-02-01,72410,2023-03-31,3,,,,,,,,,,,,,,,,,,,,,,,,,,,,,15.00,,,,89580827,154055,,false,false,12,2022-04-01,2023-03-31,-1
2024-02-01,72410,2024-03-31,3,,,,,,,,,,,,,,,,,,,,,,,,,,,,,15.00,,,,,,,false,false,12,2023-04-01,2024-03-31,0
2024-02-01,72410,2024-03-31,3,,,,,,,,,,,,,,,,,,,,,,,,,,,,,30.00,,,,,,,false,true,12,2023-04-01,2024-03-31,0
2024-02-01,72410,2024-03-31,3,,,,,,,,,,,,,,,,,,,,,,,,,,,,,,,,,89580827,114352,89450465,false,false,9,2023-04-01,2023-12-31,0
2024-02-01,72410,2023-03-31,3,,,,,,,,,,,,,,,,,,,,,,,,,,,,,,,,,,,89433600,false,false,9,2022-04-01,2022-12-31,-1
2024-04-25,72410,2024-03-31,,795802000000,0.124,,,,,19213000000,1.501,18489000000,1.380,,12831000000,,143.44,,0.117,0.056,0.024,,334780000000,130901000000,0.372,1390.23,124378000000,57370000000,-16208000000,-27746000000,24277000000,,0.244,,,,,,true,false,12,2023-04-01,2024-03-31,0
2024-04-25,72410,2023-03-31,,708072000000,0.238,,,,,7681000000,0.256,7768000000,-0.005,,10576000000,,118.26,,0.119,0.025,0.011,,319768000000,99747000000,0.294,1051.94,94071000000,47743000000,-22307000000,-22009000000,10331000000,,0.127,,,,,,true,false,12,2022-04-01,2023-03-31,-1
2024-04-25,72410,2025-03-31,,740000000000,-0.070,,,,,16000000000,-0.167,15000000000,-0.189,,12000000000,,134.15,,,,,,,,,,,,,,,,,,,,,,true,true,12,2024-04-01,2025-03-31,1
2024-04-25,72410,2024-03-31,,364944000000,0.199,,,,,6352000000,,12726000000,1.182,12783000000,,0.195,142.91,,,,,,212160000000,84643000000,0.399,946.09,84643000000,,,,,35.00,,,,89580827,114669,89454398,false,false,12,2023-04-01,2024-03-31,0
2024-04-25,72410,2023-03-31,,304377000000,0.236,,,,,536000000,,5833000000,-0.083,10701000000,,0.868,119.66,,,,,,193372000000,67312000000,0.348,752.71,67312000000,,,,,15.00,,,,89580827,154055,89431954,false,false,12,2022-04-01,2023-03-31,-1
2024-04-25,72410,2025-03-31,,,,,,,,,,,,,,,,,,,,,,,,,,,,,,35.00,,,,,,,false,true,12,2024-04-01,2025-03-31,1
2024-07-30,72410,2025-03-31,1,186453000000,-0.089,,,,,3614000000,-0.236,3992000000,-0.180,,2371000000,,26.51,26.51,,,,,326351000000,134033000000,0.389,,127046000000,,,,,,,,,,,,true,false,3,2024-04-01,2024-06-30,0
2024-07-30,72410,2024-03-31,1,204673000000,0.333,,,,,4729000000,,4865000000,,,3074000000,,34.38,34.38,,,,,,,,,,,,,,,,,,,,,true,false,3,2023-04-01,2023-06-30,-1
2024-07-30,72410,2025-03-31,1,740000000000,-0.070,,,,,16000000000,-0.167,15000000000,-0.189,,12000000000,,134.15,,,,,,,,,,,,,,,,,,,,,,true,true,12,2024-04-01,2025-03-31,0
2024-07-30,72410,2024-03-31,1,,,,,,,,,,,,,,,,,,,,334780000000,130901000000,0.372,,124378000000,,,,,,,,,,,,true,false,12,2023-04-01,2024-03-31,-1
2024-07-30,72410,2024-03-31,1,,,,,,,,,,,,,,,,,,,,,,,,,,,,,35.00,,,,89580827,114669,,false,false,12,2023-04-01,2024-03-31,-1
2024-07-30,72410,2025-03-31,1,,,,,,,,,,,,,,,,,,,,,,,,,,,,,35.00,,,,,,,false,true,12,2024-04-01,2025-03-31,0
2024-07-30,72410,2025-03-31,1,,,,,,,,,,,,,,,,,,,,,,,,,,,,,,,,,89580827,115096,89465864,false,false,3,2024-04-01,2024-06-30,0
2024-07-30,72410,2024-03-31,1,,,,,,,,,,,,,,,,,,,,,,,,,,,,,,,,,,,89426761,false,false,3,2023-04-01,2023-06-30,-1
2024-10-30,72410,2025-03-31,2,349312000000,-0.134,,,,,5446000000,-0.423,3565000000,-0.626,,1588000000,,17.75,,,,,,294280000000,123917000000,0.400,,117720000000,,,,,,,,,,,,true,false,6,2024-04-01,2024-09-30,0
2024-10-30,72410,2024-03-31,2,403340000000,0.236,,,,,9445000000,,9527000000,,,6739000000,,75.34,,,,,,,,,,,,,,,,,,,,,,true,false,6,2023-04-01,2023-09-30,-1
2024-10-30,72410,2025-03-31,2,690000000000,-0.133,,,,,13000000000,-0.323,11000000000,-0.405,,6000000000,,67.07,,,,,,,,,,,,,,,,,,,,,,true,true,12,2024-04-01,2025-03-31,0
2024-10-30,72410,2024-03-31,2,,,,,,,,,,,,,,,,,,,,334780000000,130901000000,0.372,,124378000000,,,,,,,,,,,,true,false,12,2023-04-01,2024-03-31,-1
2024-10-30,72410,2024-03-31,2,,,,,,,,,,,,,,,,,,,,,,,,,,,,,35.00,,,,89580827,114669,,false,false,12,2023-04-01,2024-03-31,-1
2024-10-30,72410,2025-03-31,2,,,,,,,,,,,,,,,,,,,,,,,,,,,,,17.00,,,,,,,false,false,12,2024-04-01,2025-03-31,0
2024-10-30,72410,2025-03-31,2,,,,,,,,,,,,,,,,,,,,,,,,,,,,,35.00,,,,,,,false,true,12,2024-04-01,2025-03-31,0
2024-10-30,72410,2025-03-31,2,,,,,,,,,,,,,,,,,,,,,,,,,,,,,,,,,89580827,90602,89475700,false,false,6,2024-04-01,2024-09-30,0
2024-10-30,72410,2024-03-31,2,,,,,,,,,,,,,,,,,,,,,,,,,,,,,,,,,,,89442415,false,false,6,2023-04-01,2023-09-30,-1
2025-01-30,72410,2025-03-31,3,526489000000,-0.137,,,,,9912000000,-0.381,9806000000,-0.372,,2792000000,,31.21,,,,,,306496000000,126844000000,0.394,,120877000000,,,,,,,,,,,,true,false,9,2024-04-01,2024-12-31,0
2025-01-30,72410,2024-03-31,3,610166000000,0.185,,,,,16009000000,5.474,15609000000,5.412,,10765000000,,120.35,,,,,,,,,,,,,,,,,,,,,,true,false,9,2023-04-01,2023-12-31,-1
2025-01-30,72410,2025-03-31,3,700000000000,-0.120,,,,,15000000000,-0.219,15000000000,-0.189,,7000000000,,78.25,,,,,,,,,,,,,,,,,,,,,,true,true,12,2024-04-01,2025-03-31,0
2025-01-30,72410,2024-03-31,3,,,,,,,,,,,,,,,,,,,,334780000000,130901000000,0.372,,124378000000,,,,,,,,,,,,true,false,12,2023-04-01,2024-03-31,-1
2025-01-30,72410,2024-03-31,3,,,,,,,,,,,,,,,,,,,,,,,,,,,,,35.00,,,,89580827,114669,,false,false,12,2023-04-01,2024-03-31,-1
2025-01-30,72410,2025-03-31,3,,,,,,,,,,,,,,,,,,,,,,,,,,,,,17.00,,,,,,,false,false,12,2024-04-01,2025-03-31,0
2025-01-30,72410,2025-03-31,3,,,,,,,,,,,,,,,,,,,,,,,,,,,,,35.00,,,,,,,false,true,12,2024-04-01,2025-03-31,0
2025-01-30,72410,2025-03-31,3,,,,,,,,,,,,,,,,,,,,,,,,,,,,,,,,,89580827,90799,89480517,false,false,9,2024-04-01,2024-12-31,0
2025-01-30,72410,2024-03-31,3,,,,,,,,,,,,,,,,,,,,,,,,,,,,,,,,,,,89450465,false,false,9,2023-04-01,2023-12-31,-1
2025-04-24,72410,2025-03-31,,707104000000,-0.111,,,,,15178000000,-0.210,13281000000,-0.282,,6208000000,,69.38,,0.051,0.041,0.021,,313913000000,123165000000,0.375,1314.35,117620000000,24785000000,-23190000000,-10360000000,13281000000,,0.548,,,,,,true,false,12,2024-04-01,2025-03-31,0
2025-04-24,72410,2024-03-31,,795802000000,0.124,,,,,19213000000,1.501,18489000000,1.380,,12831000000,,143.44,,0.117,0.056,0.024,,334780000000,130901000000,0.372,1390.23,124378000000,57370000000,-16208000000,-27746000000,24277000000,,0.244,,,,,,true,false,12,2023-04-01,2024-03-31,-1
2025-04-24,72410,2026-03-31,,680000000000,-0.038,,,,,16000000000,0.054,16000000000,0.205,,12000000000,,134.10,,,,,,,,,,,,,,,,,,,,,,true,true,12,2025-04-01,2026-03-31,1
2025-04-24,72410,2025-03-31,,328198000000,-0.101,,,,,3354000000,-0.472,12456000000,-0.021,12933000000,,0.012,144.54,,,,,,206324000000,89628000000,0.434,1001.55,89628000000,,,,,38.00,,,,89580827,91055,89482817,false,false,12,2024-04-01,2025-03-31,0
2025-04-24,72410,2024-03-31,,364944000000,0.199,,,,,6352000000,,12726000000,1.182,12783000000,,0.195,142.91,,,,,,212160000000,84643000000,0.399,946.09,84643000000,,,,,35.00,,,,89580827,114669,89454398,false,false,12,2023-04-01,2024-03-31,-1
2025-04-24,72410,2026-03-31,,,,,,,,,,,,,,,,,,,,,,,,,,,,,,40.00,,,,,,,false,true,12,2025-04-01,2026-03-31,1
2025-07-30,72410,2026-03-31,1,163920000000,-0.121,,,,,4191000000,0.160,3969000000,-0.006,,2614000000,,29.22,29.22,,,,,301750000000,123150000000,0.390,,117540000000,,,,,,,,,,,,true,false,3,2025-04-01,2025-06-30,0
2025-07-30,72410,2025-03-31,1,186453000000,-0.089,,,,,3614000000,-0.236,3992000000,-0.180,,2371000000,,26.51,26.51,,,,,,,,,,,,,,,,,,,,,true,false,3,2024-04-01,2024-06-30,-1
2025-07-30,72410,2026-03-31,1,680000000000,-0.038,,,,,15500000000,0.021,15500000000,0.167,,11500000000,,128.52,,,,,,,,,,,,,,,,,,,,,,true,true,12,2025-04-01,2026-03-31,0
2025-07-30,72410,2025-03-31,1,,,,,,,,,,,,,,,,,,,,313913000000,123165000000,0.375,,117620000000,,,,,,,,,,,,true,false,12,2024-04-01,2025-03-31,-1
2025-07-30,72410,2025-03-31,1,,,,,,,,,,,,,,,,,,,,,,,,,,,,,38.00,,,,89580827,91055,,false,false,12,2024-04-01,2025-03-31,-1
2025-07-30,72410,2026-03-31,1,,,,,,,,,,,,,,,,,,,,,,,,,,,,,40.00,,,,,,,false,true,12,2025-04-01,2026-03-31,0
2025-07-30,72410,2026-03-31,1,,,,,,,,,,,,,,,,,,,,,,,,,,,,,,,,,89580827,91308,89489614,false,false,3,2025-04-01,2025-06-30,0
2025-07-30,72410,2025-03-31,1,,,,,,,,,,,,,,,,,,,,,,,,,,,,,,,,,,,89465864,false,false,3,2024-04-01,2024-06-30,-1
