filing_date,code,fiscal_year_end,quarterly_period,net_sales,net_sales_change,revenue,revenue_change,operating_revenue,operating_revenue_change,operating_profit,operating_profit_change,ordinary_profit,ordinary_profit_change,net_income,net_income_of_parent,net_income_change,eps,diluted_eps,roe,roa,operating_profit_to_net_sales,operating_profit_to_revenue,total_assets,net_assets,equity_ratio,bps,owner_equity,operating_cash_flow,investing_cash_flow,financing_cash_flow,cash,dividend_per_share,payout_ratio,commemorative_dividend,extra_dividend,number_of_shares,number_of_treqsury_shares,avg_number_of_shares,is_consolidated,is_forecast,duration,period_start,period_end,period_pos
2015-07-31,72590,2016-03-31,1,771747000000,0.092,,,,,33875000000,-0.120,42216000000,-0.074,,22344000000,,79.01,78.75,,,,,2980578000000,1551479000000,0.395,,1178428000000,,,,,,,,,,,,true,false,3,2015-04-01,2015-06-30,0
2015-07-31,72590,2015-03-31,1,707022000000,,,,,,38493000000,,45598000000,,,23849000000,,84.52,84.33,,,,,,,,,,,,,,,,,,,,,true,false,3,2014-04-01,2014-06-30,-1
2015-07-31,72590,2016-03-31,1,1550000000000,0.080,,,,,72000000000,0.021,82000000000,0.009,,35000000000,,123.70,,,,,,,,,,,,,,,,,,,,,,true,true,6,2015-04-01,2015-09-30,0
2015-07-31,72590,2016-03-31,1,3250000000000,0.096,,,,,200000000000,0.204,215000000000,0.141,,100000000000,,353.43,,,,,,,,,,,,,,,,,,,,,,true,true,12,2015-04-01,2016-03-31,0
2015-07-31,72590,2015-03-31,1,,,,,,,,,,,,,,,,,,,,2931175000000,1532776000000,0.396,,1161298000000,,,,,,,,,,,,true,false,12,2014-04-01,2015-03-31,-1
2015-07-31,72590,2015-03-31,1,,,,,,,,,,,,,,,,,,,,,,,,,,,,,95.00,,,,294674634,12066234,,false,false,12,2014-04-01,2015-03-31,-1
2015-07-31,72590,2016-03-31,1,,,,,,,,,,,,,,,,,,,,,,,,,,,,,100.00,,,,,,,false,true,12,2015-04-01,2016-03-31,0
2015-07-31,72590,2016-03-31,1,,,,,,,,,,,,,,,,,,,,,,,,,,,,,,,,,294674634,11731631,282786151,false,false,3,2015-04-01,2015-06-30,0
2015-07-31,72590,2015-03-31,1,,,,,,,,,,,,,,,,,,,,,,,,,,,,,,,,,,,282162728,false,false,3,2014-04-01,2014-06-30,-1
2015-10-30,72590,2016-03-31,2,1559756000000,0.087,,,,,73575000000,0.043,77910000000,-0.042,,37860000000,,133.83,133.47,,,,,2861121000000,1498167000000,0.394,,1126295000000,,,,,,,,,,,,true,false,6,2015-04-01,2015-09-30,0
2015-10-30,72590,2015-03-31,2,1434866000000,,,,,,70546000000,,81306000000,,,36665000000,,129.93,129.60,,,,,,,,,,,,,,,,,,,,,true,false,6,2014-04-01,2014-09-30,-1
2015-10-30,72590,2016-03-31,2,3200000000000,0.079,,,,,175000000000,0.054,190000000000,0.009,,94000000000,,332.14,,,,,,,,,,,,,,,,,,,,,,true,true,12,2015-04-01,2016-03-31,0
2015-10-30,72590,2015-03-31,2,,,,,,,,,,,,,,,,,,,,2931175000000,1532776000000,0.396,,1161298000000,,,,,,,,,,,,true,false,12,2014-04-01,2015-03-31,-1
2015-10-30,72590,2015-03-31,2,,,,,,,,,,,,,,,,,,,,,,,,,,,,,95.00,,,,294674634,12066234,,false,false,12,2014-04-01,2015-03-31,-1
2015-10-30,72590,2016-03-31,2,,,,,,,,,,,,,,,,,,,,,,,,,,,,,50.00,,,,,,,false,false,12,2015-04-01,2016-03-31,0
2015-10-30,72590,2016-03-31,2,,,,,,,,,,,,,,,,,,,,,,,,,,,,,100.00,,,,,,,false,true,12,2015-04-01,2016-03-31,0
2015-10-30,72590,2016-03-31,2,,,,,,,,,,,,,,,,,,,,,,,,,,,,,,,,,294674634,11663894,282894638,false,false,6,2015-04-01,2015-09-30,0
2015-10-30,72590,2015-03-31,2,,,,,,,,,,,,,,,,,,,,,,,,,,,,,,,,,,,282201536,false,false,6,2014-04-01,2014-09-30,-1
2016-02-03,72590,2016-03-31,3,2403200000000,0.097,,,,,124220000000,0.075,142358000000,0.025,,72232000000,,255.29,254.63,,,,,2910595000000,1546989000000,0.402,,1169757000000,,,,,,,,,,,,true,false,9,2015-04-01,2015-12-31,0
2016-02-03,72590,2015-03-31,3,2191359000000,,,,,,115543000000,,138880000000,,,57175000000,,202.58,202.05,,,,,,,,,,,,,,,,,,,,,true,false,9,2014-04-01,2014-12-31,-1
2016-02-03,72590,2016-03-31,3,3200000000000,0.079,,,,,175000000000,0.054,190000000000,0.009,,94000000000,,332.07,,,,,,,,,,,,,,,,,,,,,,true,true,12,2015-04-01,2016-03-31,0
2016-02-03,72590,2015-03-31,3,,,,,,,,,,,,,,,,,,,,2931175000000,1532776000000,0.396,,1161298000000,,,,,,,,,,,,true,false,12,2014-04-01,2015-03-31,-1
2016-02-03,72590,2015-03-31,3,,,,,,,,,,,,,,,,,,,,,,,,,,,,,95.00,,,,294674634,12066234,,false,false,12,2014-04-01,2015-03-31,-1
2016-02-03,72590,2016-03-31,3,,,,,,,,,,,,,,,,,,,,,,,,,,,,,50.00,,,,,,,false,false,12,2015-04-01,2016-03-31,0
2016-02-03,72590,2016-03-31,3,,,,,,,,,,,,,,,,,,,,,,,,,,,,,100.00,,,,,,,false,true,12,2015-04-01,2016-03-31,0
2016-02-03,72590,2016-03-31,3,,,,,,,,,,,,,,,,,,,,,,,,,,,,,,,,,294674634,11602543,282946882,false,false,9,2015-04-01,2015-12-31,0
2016-02-03,72590,2015-03-31,3,,,,,,,,,,,,,,,,,,,,,,,,,,,,,,,,,,,282244683,false,false,9,2014-04-01,2014-12-31,-1
2016-04-28,72590,2016-03-31,,3243178000000,0.094,,,,,176435000000,0.062,186887000000,-0.008,,96974000000,,342.67,341.84,0.086,0.064,0.054,,2864816000000,1477990000000,0.385,3891.58,1102189000000,292193000000,-237260000000,-77163000000,263217000000,,0.292,,,,,,true,false,12,2015-04-01,2016-03-31,0
2016-04-28,72590,2015-03-31,,2964619000000,,,,,,166103000000,,188377000000,,,77550000000,,274.69,273.97,0.072,0.068,0.056,,2931175000000,1532776000000,0.396,4109.21,1161298000000,239771000000,-261354000000,-17734000000,294692000000,,0.346,,,,,,true,false,12,2014-04-01,2015-03-31,-1
2016-04-28,72590,2015-03-31,,,,,,,,,,,,,,,,,,,,,,,,,,,,,,95.00,,,,294674634,12066234,282314098,false,false,12,2014-04-01,2015-03-31,-1
2016-04-28,72590,2016-03-31,,,,,,,,,,,,,,,,,,,,,,,,,,,,,,100.00,,,,294674634,11450571,282999070,false,false,12,2015-04-01,2016-03-31,0
2016-05-26,72590,2017-03-31,,,,,,,,175000000000,,,,,90000000000,,311.48,,,,,,,,,,,,,,,,,,,,,,true,true,12,2016-04-01,2017-03-31,0
2016-07-29,72590,2017-03-31,1,,,,,,,59023000000,0.779,,,,41780000000,,144.58,144.36,,,,,2965926000000,,,,,,,,,,,,,,,,true,false,3,2016-04-01,2016-06-30,0
2016-07-29,72590,2016-03-31,1,,,,,,,33173000000,,,,,21675000000,,76.65,76.40,,,,,,,,,,,,,,,,,,,,,true,false,3,2015-04-01,2015-06-30,-1
2016-07-29,72590,2017-03-31,1,,,,,,,87000000000,0.131,,,,44000000000,,152.22,,,,,,,,,,,,,,,,,,,,,,true,true,6,2016-04-01,2016-09-30,0
2016-07-29,72590,2017-03-31,1,,,,,,,175000000000,-0.092,,,,90000000000,,311.36,,,,,,,,,,,,,,,,,,,,,,true,true,12,2016-04-01,2017-03-31,0
2016-07-29,72590,2016-03-31,1,,,,,,,,,,,,,,,,,,,,3009377000000,,,,,,,,,,,,,,,,true,false,12,2015-04-01,2016-03-31,-1
2016-07-29,72590,2016-03-31,1,,,,,,,,,,,,,,,,,,,,,,,,,,,,,100.00,,,,294674634,11450571,,false,false,12,2015-04-01,2016-03-31,-1
2016-07-29,72590,2017-03-31,1,,,,,,,,,,,,,,,,,,,,,,,,,,,,,100.00,,,,,,,false,true,12,2016-04-01,2017-03-31,0
2016-07-29,72590,2017-03-31,1,,,,,,,,,,,,,,,,,,,,,,,,,,,,,,,,,294674634,5622056,288987988,false,false,3,2016-04-01,2016-06-30,0
2016-07-29,72590,2016-03-31,1,,,,,,,,,,,,,,,,,,,,,,,,,,,,,,,,,,,282786151,false,false,3,2015-04-01,2015-06-30,-1
2016-07-29,72590,2017-03-31,,,,,,,,87000000000,,,,,44000000000,,152.22,,,,,,,,,,,,,,,,,,,,,,true,true,6,2016-04-01,2016-09-30,0
2016-07-29,72590,2016-03-31,,,,,,,,76892000000,,,,,37571000000,,132.81,,,,,,,,,,,,,,,,,,,,,,true,false,6,2015-04-01,2015-09-30,-1
2016-07-29,72590,2017-03-31,,,,,,,,,,,,,,,,,,,,,,,,,,,,,,100.00,,,,,,,false,true,12,2016-04-01,2017-03-31,0
2016-07-29,72590,2016-03-31,,,,,,,,,,,,,,,,,,,,,,,,,,,,,,100.00,,,,,,,false,false,12,2015-04-01,2016-03-31,-1
2016-10-28,72590,2017-03-31,2,,,,,,,94808000000,0.233,,,,54776000000,,190.06,189.84,,,,,3042949000000,,,,,,,,,,,,,,,,true,false,6,2016-04-01,2016-09-30,0
2016-10-28,72590,2016-03-31,2,,,,,,,76892000000,,,,,37571000000,,132.81,132.45,,,,,,,,,,,,,,,,,,,,,true,false,6,2015-04-01,2015-09-30,-1
2016-10-28,72590,2017-03-31,2,,,,,,,190000000000,-0.014,,,,98000000000,,342.52,,,,,,,,,,,,,,,,,,,,,,true,true,12,2016-04-01,2017-03-31,0
2016-10-28,72590,2016-03-31,2,,,,,,,,,,,,,,,,,,,,3009377000000,,,,,,,,,,,,,,,,true,false,12,2015-04-01,2016-03-31,-1
2016-10-28,72590,2016-03-31,2,,,,,,,,,,,,,,,,,,,,,,,,,,,,,100.00,,,,294674634,11450571,,false,false,12,2015-04-01,2016-03-31,-1
2016-10-28,72590,2017-03-31,2,,,,,,,,,,,,,,,,,,,,,,,,,,,,,50.00,,,,,,,false,false,12,2016-04-01,2017-03-31,0
2016-10-28,72590,2017-03-31,2,,,,,,,,,,,,,,,,,,,,,,,,,,,,,100.00,,,,,,,false,true,12,2016-04-01,2017-03-31,0
2016-10-28,72590,2017-03-31,2,,,,,,,,,,,,,,,,,,,,,,,,,,,,,,,,,294674634,8560602,288209860,false,false,6,2016-04-01,2016-09-30,0
2016-10-28,72590,2016-03-31,2,,,,,,,,,,,,,,,,,,,,,,,,,,,,,,,,,,,282894638,false,false,6,2015-04-01,2015-09-30,-1
2017-02-02,72590,2017-03-31,3,,,,,,,162202000000,0.167,,,,94646000000,,330.12,329.76,,,,,3230134000000,,,,,,,,,,,,,,,,true,false,9,2016-04-01,2016-12-31,0
2017-02-02,72590,2016-03-31,3,,,,,,,138969000000,,,,,73144000000,,258.51,257.84,,,,,,,,,,,,,,,,,,,,,true,false,9,2015-04-01,2015-12-31,-1
2017-02-02,72590,2017-03-31,3,,,,,,,205000000000,0.064,,,,107000000000,,374.87,,,,,,,,,,,,,,,,,,,,,,true,true,12,2016-04-01,2017-03-31,0
2017-02-02,72590,2016-03-31,3,,,,,,,,,,,,,,,,,,,,3009377000000,,,,,,,,,,,,,,,,true,false,12,2015-04-01,2016-03-31,-1
2017-02-02,72590,2016-03-31,3,,,,,,,,,,,,,,,,,,,,,,,,,,,,,100.00,,,,294674634,11450571,,false,false,12,2015-04-01,2016-03-31,-1
2017-02-02,72590,2017-03-31,3,,,,,,,,,,,,,,,,,,,,,,,,,,,,,50.00,,,,,,,false,false,12,2016-04-01,2017-03-31,0
2017-02-02,72590,2017-03-31,3,,,,,,,,,,,,,,,,,,,,,,,,,,,,,100.00,,,,,,,false,true,12,2016-04-01,2017-03-31,0
2017-02-02,72590,2017-03-31,3,,,,,,,,,,,,,,,,,,,,,,,,,,,,,,,,,294674634,13057542,286703328,false,false,9,2016-04-01,2016-12-31,0
2017-02-02,72590,2016-03-31,3,,,,,,,,,,,,,,,,,,,,,,,,,,,,,,,,,,,282946882,false,false,9,2015-04-01,2015-12-31,-1
2017-04-28,72590,2017-03-31,,808200000000,-0.007,,,,,8101000000,-0.618,46519000000,-0.225,30837000000,,-0.244,108.22,108.10,,,,,1509860000000,515970000000,0.341,1845.47,515510000000,,,,,125.00,,,,294674634,15336453,284960908,false,false,12,2016-04-01,2017-03-31,0
2017-04-28,72590,2016-03-31,,814221000000,,,,,,21232000000,,60038000000,,40809000000,,,144.20,143.85,,,,,1345824000000,526764000000,0.391,1855.91,525638000000,,,,,100.00,,,,294674634,11450571,282999070,false,false,12,2015-04-01,2016-03-31,-1
2017-04-28,72590,2017-03-31,,,,,,,,228691000000,0.187,,,,126653000000,,444.46,443.98,,,,,3338339000000,,,,,394812000000,-229109000000,-31617000000,,,0.281,,,,,,true,false,12,2016-04-01,2017-03-31,0
2017-04-28,72590,2016-03-31,,,,,,,,192722000000,,,,,100332000000,,354.53,353.67,,,,,3009377000000,,,,,294184000000,-228437000000,-88162000000,,,0.282,,,,,,true,false,12,2015-04-01,2016-03-31,-1
2017-04-28,72590,2018-03-31,,,,,,,,96000000000,0.013,,,,48000000000,,171.83,,,,,,,,,,,,,,,,,,,,,,true,true,6,2017-04-01,2017-09-30,1
2017-04-28,72590,2018-03-31,,,,,,,,230000000000,0.006,,,,116000000000,,415.27,,,,,,,,,,,,,,,,0.301,,,,,,true,true,12,2017-04-01,2018-03-31,1
2017-04-28,72590,2018-03-31,,,,,,,,,,,,,,,,,,,,,,,,,,,,,,125.00,,,,,,,false,true,12,2017-04-01,2018-03-31,1
2017-07-28,72590,2018-03-31,1,,,,,,,53539000000,-0.093,,,,31489000000,,112.82,112.73,,,,,3298942000000,,,,,,,,,,,,,,,,true,false,3,2017-04-01,2017-06-30,0
2017-07-28,72590,2017-03-31,1,,,,,,,59023000000,0.779,,,,41780000000,,144.58,144.36,,,,,,,,,,,,,,,,,,,,,true,false,3,2016-04-01,2016-06-30,-1
2017-07-28,72590,2018-03-31,1,,,,,,,103000000000,0.086,,,,54000000000,,193.65,,,,,,,,,,,,,,,,,,,,,,true,true,6,2017-04-01,2017-09-30,0
2017-07-28,72590,2018-03-31,1,,,,,,,230000000000,0.006,,,,116000000000,,416.20,,,,,,,,,,,,,,,,,,,,,,true,true,12,2017-04-01,2018-03-31,0
2017-07-28,72590,2017-03-31,1,,,,,,,,,,,,,,,,,,,,3338339000000,,,,,,,,,,,,,,,,true,false,12,2016-04-01,2017-03-31,-1
2017-07-28,72590,2017-03-31,1,,,,,,,,,,,,,,,,,,,,,,,,,,,,,125.00,,,,294674634,15336453,,false,false,12,2016-04-01,2017-03-31,-1
2017-07-28,72590,2018-03-31,1,,,,,,,,,,,,,,,,,,,,,,,,,,,,,125.00,,,,,,,false,true,12,2017-04-01,2018-03-31,0
2017-07-28,72590,2018-03-31,1,,,,,,,,,,,,,,,,,,,,,,,,,,,,,,,,,294674634,16092201,279113863,false,false,3,2017-04-01,2017-06-30,0
2017-07-28,72590,2017-03-31,1,,,,,,,,,,,,,,,,,,,,,,,,,,,,,,,,,,,288987988,false,false,3,2016-04-01,2016-06-30,-1
2017-10-31,72590,2018-03-31,2,,,,,,,108019000000,0.139,,,,56001000000,,201.61,201.50,,,,,3371309000000,,,,,,,,,,,,,,,,true,false,6,2017-04-01,2017-09-30,0
2017-10-31,72590,2017-03-31,2,,,,,,,94808000000,0.233,,,,54776000000,,190.06,189.84,,,,,,,,,,,,,,,,,,,,,true,false,6,2016-04-01,2016-09-30,-1
2017-10-31,72590,2018-03-31,2,,,,,,,242000000000,0.058,,,,127000000000,,459.45,,,,,,,,,,,,,,,,,,,,,,true,true,12,2017-04-01,2018-03-31,0
2017-10-31,72590,2017-03-31,2,,,,,,,,,,,,,,,,,,,,3338339000000,,,,,,,,,,,,,,,,true,false,12,2016-04-01,2017-03-31,-1
2017-10-31,72590,2017-03-31,2,,,,,,,,,,,,,,,,,,,,,,,,,,,,,125.00,,,,294674634,15336453,,false,false,12,2016-04-01,2017-03-31,-1
2017-10-31,72590,2018-03-31,2,,,,,,,,,,,,,,,,,,,,,,,,,,,,,60.00,,,,,,,false,false,12,2017-04-01,2018-03-31,0
2017-10-31,72590,2018-03-31,2,,,,,,,,,,,,,,,,,,,,,,,,,,,,,130.00,,,,,,,false,true,12,2017-04-01,2018-03-31,0
2017-10-31,72590,2018-03-31,2,,,,,,,,,,,,,,,,,,,,,,,,,,,,,,,,,294674634,19615349,277773931,false,false,6,2017-04-01,2017-09-30,0
2017-10-31,72590,2017-03-31,2,,,,,,,,,,,,,,,,,,,,,,,,,,,,,,,,,,,288209860,false,false,6,2016-04-01,2016-09-30,-1
,72590,2018-03-31,,,,,,,,,,,,,,,,,,,,,,,,,,,,,,130.00,,,,,,,false,true,12,2017-04-01,2018-03-31,0
,72590,2018-03-31,,,,,,,,,,,,,,,,,,,,,,,,,,,,,,60.00,,,,,,,false,false,12,2017-04-01,2018-03-31,0
,72590,2017-03-31,,,,,,,,,,,,,,,,,,,,,,,,,,,,,,125.00,,,,,,,false,false,12,2016-04-01,2017-03-31,-1
2018-02-02,72590,2018-03-31,3,,,,,,,185637000000,0.144,,,,96419000000,,349.26,349.14,,,,,3447598000000,,,,,,,,,,,,,,,,true,false,9,2017-04-01,2017-12-31,0
2018-02-02,72590,2017-03-31,3,,,,,,,162202000000,0.167,,,,94646000000,,330.12,329.76,,,,,,,,,,,,,,,,,,,,,true,false,9,2016-04-01,2016-12-31,-1
2018-02-02,72590,2018-03-31,3,,,,,,,248000000000,0.084,,,,129000000000,,469.40,,,,,,,,,,,,,,,,,,,,,,true,true,12,2017-04-01,2018-03-31,0
2018-02-02,72590,2017-03-31,3,,,,,,,,,,,,,,,,,,,,3338339000000,,,,,,,,,,,,,,,,true,false,12,2016-04-01,2017-03-31,-1
2018-02-02,72590,2017-03-31,3,,,,,,,,,,,,,,,,,,,,,,,,,,,,,125.00,,,,294674634,15336453,,false,false,12,2016-04-01,2017-03-31,-1
2018-02-02,72590,2018-03-31,3,,,,,,,,,,,,,,,,,,,,,,,,,,,,,60.00,,,,,,,false,false,12,2017-04-01,2018-03-31,0
2018-02-02,72590,2018-03-31,3,,,,,,,,,,,,,,,,,,,,,,,,,,,,,130.00,,,,,,,false,true,12,2017-04-01,2018-03-31,0
2018-02-02,72590,2018-03-31,3,,,,,,,,,,,,,,,,,,,,,,,,,,,,,,,,,294674634,23593732,276065998,false,false,9,2017-04-01,2017-12-31,0
2018-02-02,72590,2017-03-31,3,,,,,,,,,,,,,,,,,,,,,,,,,,,,,,,,,,,286703328,false,false,9,2016-04-01,2016-12-31,-1
2018-04-27,72590,2018-03-31,,852420000000,0.055,,,,,29794000000,2.678,78968000000,0.698,69139000000,,1.242,251.90,251.83,,,,,1606071000000,520471000000,0.324,1931.32,520471000000,,,,,150.00,,,,294674634,25184075,274473074,false,false,12,2017-04-01,2018-03-31,0
2018-04-27,72590,2017-03-31,,808200000000,-0.007,,,,,8101000000,-0.618,46519000000,-0.225,30837000000,,-0.244,108.22,108.10,,,,,1509860000000,515970000000,0.341,1845.47,515510000000,,,,,125.00,,,,294674634,15336453,284960908,false,false,12,2016-04-01,2017-03-31,-1
2018-04-27,72590,2018-03-31,,,,,,,,253808000000,0.110,,,,134551000000,,490.22,490.09,,,,,3527910000000,,,,,311542000000,-229346000000,-73634000000,,,0.306,,,,,,true,false,12,2017-04-01,2018-03-31,0
2018-04-27,72590,2017-03-31,,,,,,,,228691000000,0.187,,,,126653000000,,444.46,443.98,,,,,3338339000000,,,,,394812000000,-229109000000,-31617000000,,,0.281,,,,,,true,false,12,2016-04-01,2017-03-31,-1
2018-04-27,72590,2019-03-31,,,,,,,,110000000000,0.018,,,,53000000000,,196.67,,,,,,,,,,,,,,,,,,,,,,true,true,6,2018-04-01,2018-09-30,1
2018-04-27,72590,2019-03-31,,,,,,,,255000000000,0.005,,,,133000000000,,493.52,,,,,,,,,,,,,,,,0.304,,,,,,true,true,12,2018-04-01,2019-03-31,1
2018-04-27,72590,2019-03-31,,,,,,,,,,,,,,,,,,,,,,,,,,,,,,150.00,,,,,,,false,true,12,2018-04-01,2019-03-31,1
2018-07-31,72590,2019-03-31,1,,,,,,,64898000000,0.212,,,,40114000000,,148.85,,,,,,3549795000000,,,,,,,,,,,,,,,,true,false,3,2018-04-01,2018-06-30,0
2018-07-31,72590,2018-03-31,1,,,,,,,53539000000,-0.093,,,,31489000000,,112.82,112.73,,,,,,,,,,,,,,,,,,,,,true,false,3,2017-04-01,2017-06-30,-1
2018-07-31,72590,2019-03-31,1,,,,,,,120000000000,0.111,,,,61000000000,,226.35,,,,,,,,,,,,,,,,,,,,,,true,true,6,2018-04-01,2018-09-30,0
2018-07-31,72590,2019-03-31,1,,,,,,,255000000000,0.005,,,,133000000000,,493.52,,,,,,,,,,,,,,,,,,,,,,true,true,12,2018-04-01,2019-03-31,0
2018-07-31,72590,2018-03-31,1,,,,,,,,,,,,,,,,,,,,3527910000000,,,,,,,,,,,,,,,,true,false,12,2017-04-01,2018-03-31,-1
2018-07-31,72590,2018-03-31,1,,,,,,,,,,,,,,,,,,,,,,,,,,,,,150.00,,,,294674634,25184075,,false,false,12,2017-04-01,2018-03-31,-1
2018-07-31,72590,2019-03-31,1,,,,,,,,,,,,,,,,,,,,,,,,,,,,,150.00,,,,,,,false,true,12,2018-04-01,2019-03-31,0
2018-07-31,72590,2019-03-31,1,,,,,,,,,,,,,,,,,,,,,,,,,,,,,,,,,294674634,25184722,269490173,false,false,3,2018-04-01,2018-06-30,0
2018-07-31,72590,2018-03-31,1,,,,,,,,,,,,,,,,,,,,,,,,,,,,,,,,,,,279113863,false,false,3,2017-04-01,2017-06-30,-1
2018-10-31,72590,2019-03-31,2,,,,,,,123281000000,0.141,,,,64551000000,,239.53,239.53,,,,,3629717000000,,,,,,,,,,,,,,,,true,false,6,2018-04-01,2018-09-30,0
2018-10-31,72590,2018-03-31,2,,,,,,,108019000000,0.139,,,,56001000000,,201.61,201.50,,,,,,,,,,,,,,,,,,,,,true,false,6,2017-04-01,2017-09-30,-1
2018-10-31,72590,2019-03-31,2,,,,,,,234000000000,-0.078,,,,122000000000,,452.71,,,,,,,,,,,,,,,,,,,,,,true,true,12,2018-04-01,2019-03-31,0
2018-10-31,72590,2018-03-31,2,,,,,,,,,,,,,,,,,,,,3527910000000,,,,,,,,,,,,,,,,true,false,12,2017-04-01,2018-03-31,-1
2018-10-31,72590,2018-03-31,2,,,,,,,,,,,,,,,,,,,,,,,,,,,,,150.00,,,,294674634,25184075,,false,false,12,2017-04-01,2018-03-31,-1
2018-10-31,72590,2019-03-31,2,,,,,,,,,,,,,,,,,,,,,,,,,,,,,60.00,,,,,,,false,false,12,2018-04-01,2019-03-31,0
2018-10-31,72590,2019-03-31,2,,,,,,,,,,,,,,,,,,,,,,,,,,,,,150.00,,,,,,,false,true,12,2018-04-01,2019-03-31,0
2018-10-31,72590,2019-03-31,2,,,,,,,,,,,,,,,,,,,,,,,,,,,,,,,,,294674634,25185209,269489875,false,false,6,2018-04-01,2018-09-30,0
2018-10-31,72590,2018-03-31,2,,,,,,,,,,,,,,,,,,,,,,,,,,,,,,,,,,,277773931,false,false,6,2017-04-01,2017-09-30,-1
2019-02-01,72590,2019-03-31,3,,,,,,,161402000000,-0.131,,,,83218000000,,308.80,308.80,,,,,3561320000000,,,,,,,,,,,,,,,,true,false,9,2018-04-01,2018-12-31,0
2019-02-01,72590,2018-03-31,3,,,,,,,185637000000,0.144,,,,96419000000,,349.26,349.14,,,,,,,,,,,,,,,,,,,,,true,false,9,2017-04-01,2017-12-31,-1
2019-02-01,72590,2019-03-31,3,,,,,,,210000000000,-0.173,,,,109000000000,,404.47,,,,,,,,,,,,,,,,,,,,,,true,true,12,2018-04-01,2019-03-31,0
2019-02-01,72590,2018-03-31,3,,,,,,,,,,,,,,,,,,,,3527910000000,,,,,,,,,,,,,,,,true,false,12,2017-04-01,2018-03-31,-1
2019-02-01,72590,2018-03-31,3,,,,,,,,,,,,,,,,,,,,,,,,,,,,,150.00,,,,294674634,25184075,,false,false,12,2017-04-01,2018-03-31,-1
2019-02-01,72590,2019-03-31,3,,,,,,,,,,,,,,,,,,,,,,,,,,,,,60.00,,,,,,,false,false,12,2018-04-01,2019-03-31,0
2019-02-01,72590,2019-03-31,3,,,,,,,,,,,,,,,,,,,,,,,,,,,,,150.00,,,,,,,false,true,12,2018-04-01,2019-03-31,0
2019-02-01,72590,2019-03-31,3,,,,,,,,,,,,,,,,,,,,,,,,,,,,,,,,,294674634,25185400,269489668,false,false,9,2018-04-01,2018-12-31,0
2019-02-01,72590,2018-03-31,3,,,,,,,,,,,,,,,,,,,,,,,,,,,,,,,,,,,276065998,false,false,9,2017-04-01,2017-12-31,-1
2019-04-26,72590,2019-03-31,,,,,,,,205562000000,-0.190,,,,110123000000,,408.64,408.64,,,,,3751880000000,,,,,354942000000,-414494000000,13164000000,,,0.367,,,,,,true,false,12,2018-04-01,2019-03-31,0
2019-04-26,72590,2018-03-31,,,,,,,,253808000000,0.110,,,,134551000000,,490.22,490.09,,,,,3527910000000,,,,,311542000000,-229346000000,-73634000000,,,0.306,,,,,,true,false,12,2017-04-01,2018-03-31,-1
2019-04-26,72590,2020-03-31,,,,,,,,180000000000,-0.124,,,,93000000000,,345.10,,,,,,,,,,,,,,,,0.435,,,,,,true,true,12,2019-04-01,2020-03-31,1
2019-04-26,72590,2018-03-31,,,,,,,,,,,,,,,,,,,,,,,,,,,,,,150.00,,,,294674634,25184075,274473074,false,false,12,2017-04-01,2018-03-31,-1
2019-04-26,72590,2019-03-31,,,,,,,,,,,,,,,,,,,,,,,,,,,,,,150.00,,,,294674634,25185828,269489483,false,false,12,2018-04-01,2019-03-31,0
2019-04-26,72590,2020-03-31,,,,,,,,,,,,,,,,,,,,,,,,,,,,,,150.00,,,,,,,false,true,12,2019-04-01,2020-03-31,1
2019-07-31,72590,2020-03-31,1,,,,,,,25542000000,-0.606,,,,17401000000,,64.57,64.57,,,,,3718650000000,,,,,,,,,,,,,,,,true,false,3,2019-04-01,2019-06-30,0
2019-07-31,72590,2019-03-31,1,,,,,,,64898000000,0.212,,,,40114000000,,148.85,148.85,,,,,,,,,,,,,,,,,,,,,true,false,3,2018-04-01,2018-06-30,-1
2019-07-31,72590,2020-03-31,1,,,,,,,50000000000,-0.594,,,,31000000000,,115.03,,,,,,,,,,,,,,,,,,,,,,true,true,6,2019-04-01,2019-09-30,0
2019-07-31,72590,2020-03-31,1,,,,,,,160000000000,-0.222,,,,86000000000,,319.11,,,,,,,,,,,,,,,,,,,,,,true,true,12,2019-04-01,2020-03-31,0
2019-07-31,72590,2019-03-31,1,,,,,,,,,,,,,,,,,,,,3751880000000,,,,,,,,,,,,,,,,true,false,12,2018-04-01,2019-03-31,-1
2019-07-31,72590,2019-03-31,1,,,,,,,,,,,,,,,,,,,,,,,,,,,,,150.00,,,,294674634,25185828,,false,false,12,2018-04-01,2019-03-31,-1
2019-07-31,72590,2020-03-31,1,,,,,,,,,,,,,,,,,,,,,,,,,,,,,150.00,,,,,,,false,true,12,2019-04-01,2020-03-31,0
2019-07-31,72590,2020-03-31,1,,,,,,,,,,,,,,,,,,,,,,,,,,,,,,,,,294674634,25186032,269488654,false,false,3,2019-04-01,2019-06-30,0
2019-07-31,72590,2019-03-31,1,,,,,,,,,,,,,,,,,,,,,,,,,,,,,,,,,,,269490173,false,false,3,2018-04-01,2018-06-30,-1
2019-10-31,72590,2020-03-31,2,,,,,,,53473000000,-0.566,,,,30382000000,,112.74,112.74,,,,,3739109000000,,,,,,,,,,,,,,,,true,false,6,2019-04-01,2019-09-30,0
2019-10-31,72590,2019-03-31,2,,,,,,,123281000000,0.141,,,,64551000000,,239.53,239.53,,,,,,,,,,,,,,,,,,,,,true,false,6,2018-04-01,2018-09-30,-1
2019-10-31,72590,2020-03-31,2,,,,,,,75000000000,-0.635,,,,40000000000,,148.42,,,,,,,,,,,,,,,,,,,,,,true,true,12,2019-04-01,2020-03-31,0
2019-10-31,72590,2019-03-31,2,,,,,,,,,,,,,,,,,,,,3751880000000,,,,,,,,,,,,,,,,true,false,12,2018-04-01,2019-03-31,-1
2019-10-31,72590,2019-03-31,2,,,,,,,,,,,,,,,,,,,,,,,,,,,,,150.00,,,,294674634,25185828,,false,false,12,2018-04-01,2019-03-31,-1
2019-10-31,72590,2020-03-31,2,,,,,,,,,,,,,,,,,,,,,,,,,,,,,60.00,,,,,,,false,false,12,2019-04-01,2020-03-31,0
2019-10-31,72590,2020-03-31,2,,,,,,,,,,,,,,,,,,,,,,,,,,,,,120.00,,,,,,,false,true,12,2019-04-01,2020-03-31,0
2019-10-31,72590,2020-03-31,2,,,,,,,,,,,,,,,,,,,,,,,,,,,,,,,,,294674634,25169639,269496844,false,false,6,2019-04-01,2019-09-30,0
2019-10-31,72590,2019-03-31,2,,,,,,,,,,,,,,,,,,,,,,,,,,,,,,,,,,,269489875,false,false,6,2018-04-01,2018-09-30,-1
2020-01-31,72590,2020-03-31,3,,,,,,,77201000000,-0.522,,,,46671000000,,173.18,173.18,,,,,3796613000000,,,,,,,,,,,,,,,,true,false,9,2019-04-01,2019-12-31,0
2020-01-31,72590,2019-03-31,3,,,,,,,161402000000,-0.131,,,,83218000000,,308.80,308.80,,,,,,,,,,,,,,,,,,,,,true,false,9,2018-04-01,2018-12-31,-1
2020-01-31,72590,2020-03-31,3,,,,,,,75000000000,-0.635,,,,40000000000,,148.42,,,,,,,,,,,,,,,,,,,,,,true,true,12,2019-04-01,2020-03-31,0
2020-01-31,72590,2019-03-31,3,,,,,,,,,,,,,,,,,,,,3751880000000,,,,,,,,,,,,,,,,true,false,12,2018-04-01,2019-03-31,-1
2020-01-31,72590,2019-03-31,3,,,,,,,,,,,,,,,,,,,,,,,,,,,,,150.00,,,,294674634,25185828,,false,false,12,2018-04-01,2019-03-31,-1
2020-01-31,72590,2020-03-31,3,,,,,,,,,,,,,,,,,,,,,,,,,,,,,60.00,,,,,,,false,false,12,2019-04-01,2020-03-31,0
2020-01-31,72590,2020-03-31,3,,,,,,,,,,,,,,,,,,,,,,,,,,,,,120.00,,,,,,,false,true,12,2019-04-01,2020-03-31,0
2020-01-31,72590,2020-03-31,3,,,,,,,,,,,,,,,,,,,,,,,,,,,,,,,,,294674634,25170049,269499468,false,false,9,2019-04-01,2019-12-31,0
2020-01-31,72590,2019-03-31,3,,,,,,,,,,,,,,,,,,,,,,,,,,,,,,,,,,,269489668,false,false,9,2018-04-01,2018-12-31,-1
2020-04-30,72590,2020-03-31,,854018000000,-0.022,,,,,18099000000,-0.170,48924000000,-0.403,44291000000,,-0.427,164.35,164.35,,,,,1953615000000,519864000000,0.266,1928.97,519864000000,,,,,120.00,,,,294674634,25170172,269500728,false,false,12,2019-04-01,2020-03-31,0
2020-04-30,72590,2019-03-31,,873268000000,0.024,,,,,21801000000,-0.268,81937000000,0.038,77247000000,,0.117,286.65,286.65,,,,,1626831000000,529970000000,0.326,1966.58,529970000000,,,,,150.00,,,,294674634,25185828,269489483,false,false,12,2018-04-01,2019-03-31,-1
2020-04-30,72590,2020-03-31,,,,,,,,56129000000,-0.727,,,,24061000000,,89.28,89.28,,,,,3992652000000,,,,,327552000000,-273876000000,275382000000,,,1.344,,,,,,true,false,12,2019-04-01,2020-03-31,0
2020-04-30,72590,2019-03-31,,,,,,,,205562000000,-0.190,,,,110123000000,,408.64,408.64,,,,,3751880000000,,,,,354942000000,-414494000000,13164000000,,,0.367,,,,,,true,false,12,2018-04-01,2019-03-31,-1
2020-07-31,72590,2021-03-31,1,,,,,,,-79964000000,,,,,-50306000000,,-186.66,-186.66,,,,,3600970000000,,,,,,,,,,,,,,,,true,false,3,2020-04-01,2020-06-30,0
2020-07-31,72590,2020-03-31,1,,,,,,,25542000000,-0.606,,,,17401000000,,64.57,64.57,,,,,,,,,,,,,,,,,,,,,true,false,3,2019-04-01,2019-06-30,-1
2020-07-31,72590,2021-03-31,1,,,,,,,50000000000,-0.109,,,,27000000000,,100.18,,,,,,,,,,,,,,,,,,,,,,true,true,12,2020-04-01,2021-03-31,0
2020-07-31,72590,2020-03-31,1,,,,,,,,,,,,,,,,,,,,3992652000000,,,,,,,,,,,,,,,,true,false,12,2019-04-01,2020-03-31,-1
2020-07-31,72590,2020-03-31,1,,,,,,,,,,,,,,,,,,,,,,,,,,,,,120.00,,,,294674634,25170172,,false,false,12,2019-04-01,2020-03-31,-1
2020-07-31,72590,2021-03-31,1,,,,,,,,,,,,,,,,,,,,,,,,,,,,,,,,,294674634,25170211,269504445,false,false,3,2020-04-01,2020-06-30,0
2020-07-31,72590,2020-03-31,1,,,,,,,,,,,,,,,,,,,,,,,,,,,,,,,,,,,269488654,false,false,3,2019-04-01,2019-06-30,-1
2020-10-29,72590,2021-03-31,2,,,,,,,-38547000000,,,,,-19492000000,,-72.33,-72.33,,,,,3686186000000,,,,,,,,,,,,,,,,true,false,6,2020-04-01,2020-09-30,0
2020-10-29,72590,2020-03-31,2,,,,,,,53473000000,-0.566,,,,30382000000,,112.74,112.74,,,,,,,,,,,,,,,,,,,,,true,false,6,2019-04-01,2019-09-30,-1
2020-10-29,72590,2021-03-31,2,,,,,,,50000000000,-0.109,,,,27000000000,,100.18,,,,,,,,,,,,,,,,,,,,,,true,true,12,2020-04-01,2021-03-31,0
2020-10-29,72590,2020-03-31,2,,,,,,,,,,,,,,,,,,,,3992652000000,,,,,,,,,,,,,,,,true,false,12,2019-04-01,2020-03-31,-1
2020-10-29,72590,2020-03-31,2,,,,,,,,,,,,,,,,,,,,,,,,,,,,,120.00,,,,294674634,25170172,,false,false,12,2019-04-01,2020-03-31,-1
2020-10-29,72590,2021-03-31,2,,,,,,,,,,,,,,,,,,,,,,,,,,,,,20.00,,,,,,,false,false,12,2020-04-01,2021-03-31,0
2020-10-29,72590,2021-03-31,2,,,,,,,,,,,,,,,,,,,,,,,,,,,,,60.00,,,,,,,false,true,12,2020-04-01,2021-03-31,0
2020-10-29,72590,2021-03-31,2,,,,,,,,,,,,,,,,,,,,,,,,,,,,,,,,,294674634,25158271,269510483,false,false,6,2020-04-01,2020-09-30,0
2020-10-29,72590,2020-03-31,2,,,,,,,,,,,,,,,,,,,,,,,,,,,,,,,,,,,269496844,false,false,6,2019-04-01,2019-09-30,-1
2021-02-02,72590,2021-03-31,3,,,,,,,49372000000,-0.360,,,,39093000000,,145.05,145.05,,,,,3859118000000,,,,,,,,,,,,,,,,true,false,9,2020-04-01,2020-12-31,0
2021-02-02,72590,2020-03-31,3,,,,,,,77201000000,-0.522,,,,46671000000,,173.18,173.18,,,,,,,,,,,,,,,,,,,,,true,false,9,2019-04-01,2019-12-31,-1
2021-02-02,72590,2021-03-31,3,,,,,,,100000000000,0.782,,,,60000000000,,222.62,,,,,,,,,,,,,,,,,,,,,,true,true,12,2020-04-01,2021-03-31,0
2021-02-02,72590,2020-03-31,3,,,,,,,,,,,,,,,,,,,,3992652000000,,,,,,,,,,,,,,,,true,false,12,2019-04-01,2020-03-31,-1
2021-02-02,72590,2020-03-31,3,,,,,,,,,,,,,,,,,,,,,,,,,,,,,120.00,,,,294674634,25170172,,false,false,12,2019-04-01,2020-03-31,-1
2021-02-02,72590,2021-03-31,3,,,,,,,,,,,,,,,,,,,,,,,,,,,,,20.00,,,,,,,false,false,12,2020-04-01,2021-03-31,0
2021-02-02,72590,2021-03-31,3,,,,,,,,,,,,,,,,,,,,,,,,,,,,,80.00,,,,,,,false,true,12,2020-04-01,2021-03-31,0
2021-02-02,72590,2021-03-31,3,,,,,,,,,,,,,,,,,,,,,,,,,,,,,,,,,294674634,25158609,269512383,false,false,9,2020-04-01,2020-12-31,0
2021-02-02,72590,2020-03-31,3,,,,,,,,,,,,,,,,,,,,,,,,,,,,,,,,,,,269499468,false,false,9,2019-04-01,2019-12-31,-1
2021-04-28,72590,2021-03-31,,762791000000,-0.107,,,,,18685000000,0.032,49381000000,0.009,40973000000,,-0.075,152.03,152.03,,,,,1994113000000,652302000000,0.327,2420.27,652302000000,,,,,120.00,,,,294674634,25158700,269513278,false,false,12,2020-04-01,2021-03-31,0
2021-04-28,72590,2020-03-31,,854018000000,-0.022,,,,,18099000000,-0.170,48924000000,-0.403,44291000000,,-0.427,164.35,164.35,,,,,1953615000000,519864000000,0.266,1928.97,519864000000,,,,,120.00,,,,294674634,25170172,269500728,false,false,12,2019-04-01,2020-03-31,-1
2021-04-28,72590,2021-03-31,,,,,,,,145332000000,1.589,,,,105638000000,,391.96,391.96,,,,,4027103000000,,,,,343314000000,-138175000000,-373880000000,,,0.306,,,,,,true,false,12,2020-04-01,2021-03-31,0
2021-04-28,72590,2020-03-31,,,,,,,,56129000000,-0.727,,,,24061000000,,89.28,89.28,,,,,3992652000000,,,,,327552000000,-273876000000,275382000000,,,1.344,,,,,,true,false,12,2019-04-01,2020-03-31,-1
2021-04-28,72590,2022-03-31,,,,,,,,220000000000,0.514,,,,150000000000,,556.55,,,,,,,,,,,,,,,,0.305,,,,,,true,true,12,2021-04-01,2022-03-31,1
2021-04-28,72590,2022-03-31,,,,,,,,,,,,,,,,,,,,,,,,,,,,,,170.00,,,,,,,false,true,12,2021-04-01,2022-03-31,1
2021-07-30,72590,2022-03-31,1,,,,,,,59859000000,,,,,46020000000,,170.75,170.75,,,,,3952786000000,,,,,,,,,,,,,,,,true,false,3,2021-04-01,2021-06-30,0
2021-07-30,72590,2021-03-31,1,,,,,,,-79964000000,,,,,-50306000000,,-186.66,-186.66,,,,,,,,,,,,,,,,,,,,,true,false,3,2020-04-01,2020-06-30,-1
2021-07-30,72590,2022-03-31,1,,,,,,,130000000000,,,,,95000000000,,352.48,,,,,,,,,,,,,,,,,,,,,,true,true,6,2021-04-01,2021-09-30,0
2021-07-30,72590,2022-03-31,1,,,,,,,220000000000,0.514,,,,150000000000,,556.55,,,,,,,,,,,,,,,,,,,,,,true,true,12,2021-04-01,2022-03-31,0
2021-07-30,72590,2021-03-31,1,,,,,,,,,,,,,,,,,,,,4027103000000,,,,,,,,,,,,,,,,true,false,12,2020-04-01,2021-03-31,-1
2021-07-30,72590,2021-03-31,1,,,,,,,,,,,,,,,,,,,,,,,,,,,,,120.00,,,,294674634,25158700,,false,false,12,2020-04-01,2021-03-31,-1
2021-07-30,72590,2022-03-31,1,,,,,,,,,,,,,,,,,,,,,,,,,,,,,170.00,,,,,,,false,true,12,2021-04-01,2022-03-31,0
2021-07-30,72590,2022-03-31,1,,,,,,,,,,,,,,,,,,,,,,,,,,,,,,,,,294674634,25158919,269515847,false,false,3,2021-04-01,2021-06-30,0
2021-07-30,72590,2021-03-31,1,,,,,,,,,,,,,,,,,,,,,,,,,,,,,,,,,,,269504445,false,false,3,2020-04-01,2020-06-30,-1
2021-10-29,7259,2022-03-31,2,,,,,,,85175000000,,,,,62332000000,,231.28,231.28,,,,,3888705000000,,,,,,,,,,,,,,,,true,false,6,2021-04-01,2021-09-30,0
2021-10-29,7259,2021-03-31,2,,,,,,,-38547000000,,,,,-19492000000,,-72.33,-72.33,,,,,,,,,,,,,,,,,,,,,true,false,6,2020-04-01,2020-09-30,-1
2021-10-29,7259,2022-03-31,2,,,,,,,220000000000,0.514,,,,150000000000,,556.55,,,,,,,,,,,,,,,,,,,,,,true,true,12,2021-04-01,2022-03-31,0
2021-10-29,7259,2021-03-31,2,,,,,,,,,,,,,,,,,,,,4027103000000,,,,,,,,,,,,,,,,true,false,12,2020-04-01,2021-03-31,-1
2021-10-29,7259,2021-03-31,2,,,,,,,,,,,,,,,,,,,,,,,,,,,,,120.00,,,,294674634,25158700,,false,false,12,2020-04-01,2021-03-31,-1
2021-10-29,7259,2022-03-31,2,,,,,,,,,,,,,,,,,,,,,,,,,,,,,70.00,,,,,,,false,false,12,2021-04-01,2022-03-31,0
2021-10-29,7259,2022-03-31,2,,,,,,,,,,,,,,,,,,,,,,,,,,,,,170.00,,,,,,,false,true,12,2021-04-01,2022-03-31,0
2021-10-29,7259,2022-03-31,2,,,,,,,,,,,,,,,,,,,,,,,,,,,,,,,,,294674634,25159435,269515569,false,false,6,2021-04-01,2021-09-30,0
2021-10-29,7259,2021-03-31,2,,,,,,,,,,,,,,,,,,,,,,,,,,,,,,,,,,,269510483,false,false,6,2020-04-01,2020-09-30,-1
2022-02-02,7259,2022-03-31,3,,,,,,,139135000000,1.818,,,,99878000000,,370.58,370.58,,,,,4020268000000,,,,,,,,,,,,,,,,true,false,9,2021-04-01,2021-12-31,0
2022-02-02,7259,2021-03-31,3,,,,,,,49372000000,-0.360,,,,39093000000,,145.05,145.05,,,,,,,,,,,,,,,,,,,,,true,false,9,2020-04-01,2020-12-31,-1
2022-02-02,7259,2022-03-31,3,,,,,,,220000000000,0.514,,,,150000000000,,556.55,,,,,,,,,,,,,,,,,,,,,,true,true,12,2021-04-01,2022-03-31,0
2022-02-02,7259,2021-03-31,3,,,,,,,,,,,,,,,,,,,,4027103000000,,,,,,,,,,,,,,,,true,false,12,2020-04-01,2021-03-31,-1
2022-02-02,7259,2021-03-31,3,,,,,,,,,,,,,,,,,,,,,,,,,,,,,120.00,,,,294674634,25158700,,false,false,12,2020-04-01,2021-03-31,-1
2022-02-02,7259,2022-03-31,3,,,,,,,,,,,,,,,,,,,,,,,,,,,,,70.00,,,,,,,false,false,12,2021-04-01,2022-03-31,0
2022-02-02,7259,2022-03-31,3,,,,,,,,,,,,,,,,,,,,,,,,,,,,,170.00,,,,,,,false,true,12,2021-04-01,2022-03-31,0
2022-02-02,7259,2022-03-31,3,,,,,,,,,,,,,,,,,,,,,,,,,,,,,,,,,294674634,25160000,269515313,false,false,9,2021-04-01,2021-12-31,0
2022-02-02,7259,2021-03-31,3,,,,,,,,,,,,,,,,,,,,,,,,,,,,,,,,,,,269512383,false,false,9,2020-04-01,2020-12-31,-1
2022-04-28,7259,2022-03-31,,2187648000000,1.868,,,,,68661000000,2.675,135033000000,1.734,335465000000,,7.187,1244.70,1244.70,,,,,2625196000000,997020000000,0.380,3699.32,997020000000,,,,,170.00,,,,294674634,25160248,269515099,false,false,12,2021-04-01,2022-03-31,0
2022-04-28,7259,2021-03-31,,762791000000,-0.107,,,,,18685000000,0.032,49381000000,0.009,40973000000,,-0.075,152.03,152.03,,,,,1994113000000,652302000000,0.327,2420.27,652302000000,,,,,120.00,,,,294674634,25158700,269513278,false,false,12,2020-04-01,2021-03-31,-1
2022-04-28,7259,2022-03-31,,,,,,,,182011000000,0.252,,,,141941000000,,526.66,526.66,,,,,4205801000000,,,,,193343000000,-204952000000,-135859000000,,,0.323,,,,,,true,false,12,2021-04-01,2022-03-31,0
2022-04-28,7259,2021-03-31,,,,,,,,145332000000,1.589,,,,105638000000,,391.96,391.96,,,,,4027103000000,,,,,343314000000,-138175000000,-373880000000,,,0.306,,,,,,true,false,12,2020-04-01,2021-03-31,-1
2022-04-28,7259,2023-03-31,,,,,,,,190000000000,0.044,,,,125000000000,,463.80,,,,,,,,,,,,,,,,,,,,,,true,true,12,2022-04-01,2023-03-31,1
2022-07-29,7259,2023-03-31,1,,,,,,,6603000000,-0.890,,,,21637000000,,80.28,80.28,,,,,4223039000000,,,,,,,,,,,,,,,,true,false,3,2022-04-01,2022-06-30,0
2022-07-29,7259,2022-03-31,1,,,,,,,59859000000,,,,,46020000000,,170.75,170.75,,,,,,,,,,,,,,,,,,,,,true,false,3,2021-04-01,2021-06-30,-1
2022-07-29,7259,2023-03-31,1,,,,,,,190000000000,0.044,,,,125000000000,,463.80,,,,,,,,,,,,,,,,,,,,,,true,true,12,2022-04-01,2023-03-31,0
2022-07-29,7259,2022-03-31,1,,,,,,,,,,,,,,,,,,,,4205801000000,,,,,,,,,,,,,,,,true,false,12,2021-04-01,2022-03-31,-1
2022-07-29,7259,2022-03-31,1,,,,,,,,,,,,,,,,,,,,,,,,,,,,,170.00,,,,294674634,25160248,,false,false,12,2021-04-01,2022-03-31,-1
2022-07-29,7259,2023-03-31,1,,,,,,,,,,,,,,,,,,,,,,,,,,,,,,,,,294674634,25150468,269517563,false,false,3,2022-04-01,2022-06-30,0
2022-07-29,7259,2022-03-31,1,,,,,,,,,,,,,,,,,,,,,,,,,,,,,,,,,,,269515847,false,false,3,2021-04-01,2021-06-30,-1
2022-10-28,7259,2023-03-31,2,,,,,,,26633000000,-0.687,,,,31922000000,,118.44,118.44,,,,,4184125000000,,,,,,,,,,,,,,,,true,false,6,2022-04-01,2022-09-30,0
2022-10-28,7259,2022-03-31,2,,,,,,,85175000000,,,,,62332000000,,231.28,231.28,,,,,,,,,,,,,,,,,,,,,true,false,6,2021-04-01,2021-09-30,-1
2022-10-28,7259,2023-03-31,2,,,,,,,190000000000,0.044,,,,135000000000,,500.89,,,,,,,,,,,,,,,,,,,,,,true,true,12,2022-04-01,2023-03-31,0
2022-10-28,7259,2022-03-31,2,,,,,,,,,,,,,,,,,,,,4205801000000,,,,,,,,,,,,,,,,true,false,12,2021-04-01,2022-03-31,-1
2022-10-28,7259,2022-03-31,2,,,,,,,,,,,,,,,,,,,,,,,,,,,,,170.00,,,,294674634,25160248,,false,false,12,2021-04-01,2022-03-31,-1
2022-10-28,7259,2023-03-31,2,,,,,,,,,,,,,,,,,,,,,,,,,,,,,70.00,,,,,,,false,false,12,2022-04-01,2023-03-31,0
2022-10-28,7259,2023-03-31,2,,,,,,,,,,,,,,,,,,,,,,,,,,,,,,,,,294674634,25150851,269520697,false,false,6,2022-04-01,2022-09-30,0
2022-10-28,7259,2022-03-31,2,,,,,,,,,,,,,,,,,,,,,,,,,,,,,,,,,,,269515569,false,false,6,2021-04-01,2021-09-30,-1
2023-02-03,7259,2023-03-31,3,,,,,,,27064000000,-0.805,,,,23613000000,,87.61,87.61,,,,,4015790000000,,,,,,,,,,,,,,,,true,false,9,2022-04-01,2022-12-31,0
2023-02-03,7259,2022-03-31,3,,,,,,,139135000000,1.818,,,,99878000000,,370.58,370.58,,,,,,,,,,,,,,,,,,,,,true,false,9,2021-04-01,2021-12-31,-1
2023-02-03,7259,2023-03-31,3,,,,,,,90000000000,-0.506,,,,60000000000,,222.62,,,,,,,,,,,,,,,,,,,,,,true,true,12,2022-04-01,2023-03-31,0
2023-02-03,7259,2022-03-31,3,,,,,,,,,,,,,,,,,,,,4205801000000,,,,,,,,,,,,,,,,true,false,12,2021-04-01,2022-03-31,-1
2023-02-03,7259,2022-03-31,3,,,,,,,,,,,,,,,,,,,,,,,,,,,,,170.00,,,,294674634,25160248,,false,false,12,2021-04-01,2022-03-31,-1
2023-02-03,7259,2023-03-31,3,,,,,,,,,,,,,,,,,,,,,,,,,,,,,70.00,,,,,,,false,false,12,2022-04-01,2023-03-31,0
2023-02-03,7259,2023-03-31,3,,,,,,,,,,,,,,,,,,,,,,,,,,,,,,,,,294674634,25151008,269521704,false,false,9,2022-04-01,2022-12-31,0
2023-02-03,7259,2022-03-31,3,,,,,,,,,,,,,,,,,,,,,,,,,,,,,,,,,,,269515313,false,false,9,2021-04-01,2021-12-31,-1
2023-04-27,7259,2023-03-31,,2187689000000,0.000,,,,,-3360000000,,73547000000,-0.455,73274000000,,-0.782,271.87,271.87,,,,,2591451000000,974915000000,0.376,3617.18,974915000000,,,,,170.00,,,,294674634,25151250,269522153,false,false,12,2022-04-01,2023-03-31,0
2023-04-27,7259,2022-03-31,,2187648000000,1.868,,,,,68661000000,2.675,135033000000,1.734,335465000000,,7.187,1244.70,1244.70,,,,,2625196000000,997020000000,0.380,3699.32,997020000000,,,,,170.00,,,,294674634,25160248,269515099,false,false,12,2021-04-01,2022-03-31,-1
2023-04-27,7259,2023-03-31,,,,,,,,57942000000,-0.682,,,,37670000000,,139.77,139.77,,,,,4135826000000,,,,,237970000000,-186857000000,-127752000000,,,1.216,,,,,,true,false,12,2022-04-01,2023-03-31,0
2023-04-27,7259,2022-03-31,,,,,,,,182011000000,0.252,,,,141941000000,,526.66,526.66,,,,,4205801000000,,,,,193343000000,-204952000000,-135859000000,,,0.323,,,,,,true,false,12,2021-04-01,2022-03-31,-1
2023-04-27,7259,2024-03-31,,,,,,,,190000000000,2.279,,,,125000000000,,463.78,,,,,,,,,,,,,,,,0.367,,,,,,true,true,12,2023-04-01,2024-03-31,1
2023-04-27,7259,2024-03-31,,,,,,,,,,,,,,,,,,,,,,,,,,,,,,170.00,,,,,,,false,true,12,2023-04-01,2024-03-31,1
2023-07-28,7259,2024-03-31,1,,,,,,,34467000000,4.220,,,,40990000000,,152.08,152.08,,,,,4293898000000,,,,,,,,,,,,,,,,true,false,3,2023-04-01,2023-06-30,0
2023-07-28,7259,2023-03-31,1,,,,,,,6603000000,-0.890,,,,21637000000,,80.28,80.28,,,,,,,,,,,,,,,,,,,,,true,false,3,2022-04-01,2022-06-30,-1
2023-07-28,7259,2024-03-31,1,,,,,,,190000000000,2.279,,,,125000000000,,463.78,,,,,,,,,,,,,,,,,,,,,,true,true,12,2023-04-01,2024-03-31,0
2023-07-28,7259,2023-03-31,1,,,,,,,,,,,,,,,,,,,,4135826000000,,,,,,,,,,,,,,,,true,false,12,2022-04-01,2023-03-31,-1
2023-07-28,7259,2023-03-31,1,,,,,,,,,,,,,,,,,,,,,,,,,,,,,170.00,,,,294674634,25151250,,false,false,12,2022-04-01,2023-03-31,-1
2023-07-28,7259,2024-03-31,1,,,,,,,,,,,,,,,,,,,,,,,,,,,,,170.00,,,,,,,false,true,12,2023-04-01,2024-03-31,0
2023-07-28,7259,2024-03-31,1,,,,,,,,,,,,,,,,,,,,,,,,,,,,,,,,,294674634,25139489,269527268,false,false,3,2023-04-01,2023-06-30,0
2023-07-28,7259,2023-03-31,1,,,,,,,,,,,,,,,,,,,,,,,,,,,,,,,,,,,269517563,false,false,3,2022-04-01,2022-06-30,-1
2023-10-31,7259,2024-03-31,2,,,,,,,90850000000,2.411,,,,69645000000,,258.39,258.39,,,,,4378871000000,,,,,,,,,,,,,,,,true,false,6,2023-04-01,2023-09-30,0
2023-10-31,7259,2023-03-31,2,,,,,,,26633000000,-0.687,,,,31922000000,,118.44,118.44,,,,,,,,,,,,,,,,,,,,,true,false,6,2022-04-01,2022-09-30,-1
2023-10-31,7259,2024-03-31,2,,,,,,,210000000000,2.624,,,,140000000000,,519.42,,,,,,,,,,,,,,,,,,,,,,true,true,12,2023-04-01,2024-03-31,0
2023-10-31,7259,2023-03-31,2,,,,,,,,,,,,,,,,,,,,4135826000000,,,,,,,,,,,,,,,,true,false,12,2022-04-01,2023-03-31,-1
2023-10-31,7259,2023-03-31,2,,,,,,,,,,,,,,,,,,,,,,,,,,,,,170.00,,,,294674634,25151250,,false,false,12,2022-04-01,2023-03-31,-1
2023-10-31,7259,2024-03-31,2,,,,,,,,,,,,,,,,,,,,,,,,,,,,,80.00,,,,,,,false,false,12,2023-04-01,2024-03-31,0
2023-10-31,7259,2024-03-31,2,,,,,,,,,,,,,,,,,,,,,,,,,,,,,170.00,,,,,,,false,true,12,2023-04-01,2024-03-31,0
2023-10-31,7259,2024-03-31,2,,,,,,,,,,,,,,,,,,,,,,,,,,,,,,,,,294674634,25139783,269531070,false,false,6,2023-04-01,2023-09-30,0
2023-10-31,7259,2023-03-31,2,,,,,,,,,,,,,,,,,,,,,,,,,,,,,,,,,,,269520697,false,false,6,2022-04-01,2022-09-30,-1
2024-02-02,7259,2024-03-31,3,,,,,,,93785000000,2.465,,,,67399000000,,250.06,250.06,,,,,4260684000000,,,,,,,,,,,,,,,,true,false,9,2023-04-01,2023-12-31,0
2024-02-02,7259,2023-03-31,3,,,,,,,27064000000,-0.805,,,,23613000000,,87.61,87.61,,,,,,,,,,,,,,,,,,,,,true,false,9,2022-04-01,2022-12-31,-1
2024-02-02,7259,2024-03-31,3,,,,,,,150000000000,1.589,,,,90000000000,,333.91,,,,,,,,,,,,,,,,,,,,,,true,true,12,2023-04-01,2024-03-31,0
2024-02-02,7259,2023-03-31,3,,,,,,,,,,,,,,,,,,,,4135826000000,,,,,,,,,,,,,,,,true,false,12,2022-04-01,2023-03-31,-1
2024-02-02,7259,2023-03-31,3,,,,,,,,,,,,,,,,,,,,,,,,,,,,,170.00,,,,294674634,25151250,,false,false,12,2022-04-01,2023-03-31,-1
2024-02-02,7259,2024-03-31,3,,,,,,,,,,,,,,,,,,,,,,,,,,,,,80.00,,,,,,,false,false,12,2023-04-01,2024-03-31,0
2024-02-02,7259,2024-03-31,3,,,,,,,,,,,,,,,,,,,,,,,,,,,,,170.00,,,,,,,false,true,12,2023-04-01,2024-03-31,0
2024-02-02,7259,2024-03-31,3,,,,,,,,,,,,,,,,,,,,,,,,,,,,,,,,,294674634,25140091,269532256,false,false,9,2023-04-01,2023-12-31,0
2024-02-02,7259,2023-03-31,3,,,,,,,,,,,,,,,,,,,,,,,,,,,,,,,,,,,269521704,false,false,9,2022-04-01,2022-12-31,-1
2024-04-26,7259,2024-03-31,,2484121000000,0.135,,,,,17128000000,,49715000000,-0.324,109994000000,,0.501,408.09,,,,,,2968913000000,1259682000000,0.424,4673.56,1259682000000,,,,,170.00,,,,294674634,25140588,269532761,false,false,12,2023-04-01,2024-03-31,0
2024-04-26,7259,2023-03-31,,2187689000000,0.000,,,,,-3360000000,,73547000000,-0.455,73274000000,,-0.782,271.87,,,,,,2591451000000,974915000000,0.376,3617.18,974915000000,,,,,170.00,,,,294674634,25151250,269522153,false,false,12,2022-04-01,2023-03-31,-1
2024-04-26,7259,2024-03-31,,,,,,,,143396000000,1.475,,,,90813000000,,336.93,336.93,,,,,4643016000000,,,,,499740000000,-93153000000,-211699000000,,,0.505,,,,,,true,false,12,2023-04-01,2024-03-31,0
2024-04-26,7259,2023-03-31,,,,,,,,57942000000,-0.682,,,,37670000000,,139.77,139.77,,,,,4135826000000,,,,,237970000000,-186857000000,-127752000000,,,1.216,,,,,,true,false,12,2022-04-01,2023-03-31,-1
2024-04-26,7259,2025-03-31,,,,,,,,220000000000,0.534,,,,130000000000,,482.31,,,,,,,,,,,,,,,,0.373,,,,,,true,true,12,2024-04-01,2025-03-31,1
2024-04-26,7259,2025-03-31,,,,,,,,,,,,,,,,,,,,,,,,,,,,,,180.00,,,,,,,false,true,12,2024-04-01,2025-03-31,1
,72590,2025-03-31,,,,,,,,,,,,,,,,,,,,,,,,,,,,,,30.00,,,,,,,false,true,12,2024-04-01,2025-03-31,0
,72590,2024-03-31,,,,,,,,,,,,,,,,,,,,,,,,,,,,,,170.00,,,,,,,false,false,12,2023-04-01,2024-03-31,-1
2024-07-31,7259,2025-03-31,1,,,,,,,33703000000,-0.022,,,,13681000000,,50.76,50.76,,,,,4569632000000,,,,,,,,,,,,,,,,true,false,3,2024-04-01,2024-06-30,0
2024-07-31,7259,2024-03-31,1,,,,,,,34467000000,4.220,,,,40990000000,,152.08,152.08,,,,,,,,,,,,,,,,,,,,,true,false,3,2023-04-01,2023-06-30,-1
2024-07-31,7259,2025-03-31,1,,,,,,,220000000000,0.534,,,,130000000000,,160.77,,,,,,,,,,,,,,,,,,,,,,true,true,12,2024-04-01,2025-03-31,0
2024-07-31,7259,2024-03-31,1,,,,,,,,,,,,,,,,,,,,4643016000000,,,,,,,,,,,,,,,,true,false,12,2023-04-01,2024-03-31,-1
2024-07-31,7259,2024-03-31,1,,,,,,,,,,,,,,,,,,,,,,,,,,,,,170.00,,,,294674634,25140588,,false,false,12,2023-04-01,2024-03-31,-1
2024-07-31,7259,2025-03-31,1,,,,,,,,,,,,,,,,,,,,,,,,,,,,,30.00,,,,,,,false,true,12,2024-04-01,2025-03-31,0
2024-07-31,7259,2025-03-31,1,,,,,,,,,,,,,,,,,,,,,,,,,,,,,,,,,294674634,25120068,269540788,false,false,3,2024-04-01,2024-06-30,0
2024-07-31,7259,2024-03-31,1,,,,,,,,,,,,,,,,,,,,,,,,,,,,,,,,,,,269527268,false,false,3,2023-04-01,2023-06-30,-1
2024-10-31,7259,2025-03-31,2,,,,,,,56199000000,-0.381,,,,8069000000,,10.11,,,,,,4208497000000,,,,,,,,,,,,,,,,true,false,6,2024-04-01,2024-09-30,0
2024-10-31,7259,2024-03-31,2,,,,,,,90850000000,2.411,,,,69645000000,,86.13,,,,,,,,,,,,,,,,,,,,,,true,false,6,2023-04-01,2023-09-30,-1
2024-10-31,7259,2025-03-31,2,,,,,,,200000000000,0.395,,,,100000000000,,126.71,,,,,,,,,,,,,,,,,,,,,,true,true,12,2024-04-01,2025-03-31,0
2024-10-31,7259,2024-03-31,2,,,,,,,,,,,,,,,,,,,,4643016000000,,,,,,,,,,,,,,,,true,false,12,2023-04-01,2024-03-31,-1
2024-10-31,7259,2024-03-31,2,,,,,,,,,,,,,,,,,,,,,,,,,,,,,170.00,,,,884023902,75421764,,false,false,12,2023-04-01,2024-03-31,-1
2024-10-31,7259,2025-03-31,2,,,,,,,,,,,,,,,,,,,,,,,,,,,,,90.00,,,,,,,false,false,12,2024-04-01,2025-03-31,0
2024-10-31,7259,2025-03-31,2,,,,,,,,,,,,,,,,,,,,,,,,,,,,,30.00,,,,,,,false,true,12,2024-04-01,2025-03-31,0
2024-10-31,7259,2025-03-31,2,,,,,,,,,,,,,,,,,,,,,,,,,,,,,,,,,809023902,28950975,798355374,false,false,6,2024-04-01,2024-09-30,0
2024-10-31,7259,2024-03-31,2,,,,,,,,,,,,,,,,,,,,,,,,,,,,,,,,,,,808593210,false,false,6,2023-04-01,2023-09-30,-1
2025-01-31,7259,2025-03-31,3,,,,,,,115987000000,0.237,,,,49779000000,,63.14,,,,,,4410574000000,,,,,,,,,,,,,,,,true,false,9,2024-04-01,2024-12-31,0
2025-01-31,7259,2024-03-31,3,,,,,,,93785000000,2.465,,,,67399000000,,83.35,,,,,,,,,,,,,,,,,,,,,,true,false,9,2023-04-01,2023-12-31,-1
2025-01-31,7259,2025-03-31,3,,,,,,,200000000000,0.395,,,,100000000000,,126.71,,,,,,,,,,,,,,,,,,,,,,true,true,12,2024-04-01,2025-03-31,0
2025-01-31,7259,2024-03-31,3,,,,,,,,,,,,,,,,,,,,4643016000000,,,,,,,,,,,,,,,,true,false,12,2023-04-01,2024-03-31,-1
2025-01-31,7259,2024-03-31,3,,,,,,,,,,,,,,,,,,,,,,,,,,,,,170.00,,,,884023902,75421764,,false,false,12,2023-04-01,2024-03-31,-1
2025-01-31,7259,2025-03-31,3,,,,,,,,,,,,,,,,,,,,,,,,,,,,,90.00,,,,,,,false,false,12,2024-04-01,2025-03-31,0
2025-01-31,7259,2025-03-31,3,,,,,,,,,,,,,,,,,,,,,,,,,,,,,30.00,,,,,,,false,true,12,2024-04-01,2025-03-31,0
2025-01-31,7259,2025-03-31,3,,,,,,,,,,,,,,,,,,,,,,,,,,,,,,,,,809023902,48870481,788381610,false,false,9,2024-04-01,2024-12-31,0
2025-01-31,7259,2024-03-31,3,,,,,,,,,,,,,,,,,,,,,,,,,,,,,,,,,,,808596767,false,false,9,2023-04-01,2023-12-31,-1
2025-04-25,7259,2025-03-31,,2431018000000,-0.021,,,,,25491000000,0.488,105888000000,1.130,97744000000,,-0.111,125.20,,,,,,2586258000000,1063905000000,0.411,1404.20,1063905000000,,,,,30.00,,,,809023902,51362870,780701492,false,false,12,2024-04-01,2025-03-31,0
2025-04-25,7259,2024-03-31,,2484121000000,0.135,,,,,17128000000,,49715000000,-0.324,109994000000,,0.501,136.03,,,,,,2968913000000,1259682000000,0.424,1557.85,1259682000000,,,,,170.00,,,,884023902,75421764,808598283,false,false,12,2023-04-01,2024-03-31,-1
2025-04-25,7259,2025-03-31,,,,,,,,202941000000,0.415,,,,107586000000,,137.81,,,,,,4284600000000,,,,,339870000000,-146948000000,-270221000000,,,0.435,,,,,,true,false,12,2024-04-01,2025-03-31,0
2025-04-25,7259,2024-03-31,,,,,,,,143396000000,1.475,,,,90813000000,,112.31,,,,,,4643016000000,,,,,499740000000,-93153000000,-211699000000,,,0.505,,,,,,true,false,12,2023-04-01,2024-03-31,-1
2025-04-25,7259,2026-03-31,,,,,,,,205000000000,0.010,,,,125000000000,,164.98,,,,,,,,,,,,,,,,0.394,,,,,,true,true,12,2025-04-01,2026-03-31,1
2025-04-25,7259,2026-03-31,,,,,,,,,,,,,,,,,,,,,,,,,,,,,,65.00,,,,,,,false,true,12,2025-04-01,2026-03-31,1
2025-07-31,7259,2026-03-31,1,,,,,,,47876000000,0.421,,,,39557000000,,52.31,,,,,,4188569000000,,,,,,,,,,,,,,,,true,false,3,2025-04-01,2025-06-30,0
2025-07-31,7259,2025-03-31,1,,,,,,,33703000000,-0.022,,,,13681000000,,16.92,,,,,,,,,,,,,,,,,,,,,,true,false,3,2024-04-01,2024-06-30,-1
2025-07-31,7259,2026-03-31,1,,,,,,,205000000000,0.010,,,,125000000000,,164.98,,,,,,,,,,,,,,,,,,,,,,true,true,12,2025-04-01,2026-03-31,0
2025-07-31,7259,2025-03-31,1,,,,,,,,,,,,,,,,,,,,4284600000000,,,,,,,,,,,,,,,,true,false,12,2024-04-01,2025-03-31,-1
2025-07-31,7259,2025-03-31,1,,,,,,,,,,,,,,,,,,,,,,,,,,,,,30.00,,,,809023902,51362870,,false,false,12,2024-04-01,2025-03-31,-1
2025-07-31,7259,2026-03-31,1,,,,,,,,,,,,,,,,,,,,,,,,,,,,,65.00,,,,,,,false,true,12,2025-04-01,2026-03-31,0
2025-07-31,7259,2026-03-31,1,,,,,,,,,,,,,,,,,,,,,,,,,,,,,,,,,759023902,5793610,756183982,false,false,3,2025-04-01,2025-06-30,0
2025-07-31,7259,2025-03-31,1,,,,,,,,,,,,,,,,,,,,,,,,,,,,,,,,,,,808622365,false,false,3,2024-04-01,2024-06-30,-1
