filing_date,code,fiscal_year_end,quarterly_period,net_sales,net_sales_change,revenue,revenue_change,operating_revenue,operating_revenue_change,operating_profit,operating_profit_change,ordinary_profit,ordinary_profit_change,net_income,net_income_of_parent,net_income_change,eps,diluted_eps,roe,roa,operating_profit_to_net_sales,operating_profit_to_revenue,total_assets,net_assets,equity_ratio,bps,owner_equity,operating_cash_flow,investing_cash_flow,financing_cash_flow,cash,dividend_per_share,payout_ratio,commemorative_dividend,extra_dividend,number_of_shares,number_of_treqsury_shares,avg_number_of_shares,is_consolidated,is_forecast,duration,period_start,period_end,period_pos
2015-07-31,72820,2016-03-31,1,187660000000,0.121,,,,,7381000000,-0.105,7771000000,-0.158,,3660000000,,28.28,,,,,,611233000000,342064000000,0.519,2452.04,317385000000,,,,,,,,,,,,true,false,3,2015-04-01,2015-06-30,0
2015-07-31,72820,2015-03-31,1,167400000000,-0.013,,,,,8251000000,-0.175,9234000000,-0.059,,6343000000,,49.01,,,,,,,,,,,,,,,,,,,,,,true,false,3,2014-04-01,2014-06-30,-1
2015-07-31,72820,2016-03-31,1,350000000000,0.012,,,,,18000000000,0.003,18000000000,-0.110,,10000000000,,77.26,,,,,,,,,,,,,,,,,,,,,,true,true,6,2015-04-01,2015-09-30,0
2015-07-31,72820,2016-03-31,1,730000000000,0.003,,,,,42000000000,0.010,42000000000,-0.041,,23000000000,,177.69,,,,,,,,,,,,,,,,,,,,,,true,true,12,2015-04-01,2016-03-31,0
2015-07-31,72820,2015-03-31,1,,,,,,,,,,,,,,,,,,,,608172000000,338474000000,0.516,2424.50,313820000000,,,,,,,,,,,,true,false,12,2014-04-01,2015-03-31,-1
2015-07-31,72820,2015-03-31,1,,,,,,,,,,,,,,,,,,,,,,,,,,,,,56.00,,,,130010011,572522,,false,false,12,2014-04-01,2015-03-31,-1
2015-07-31,72820,2016-03-31,1,,,,,,,,,,,,,,,,,,,,,,,,,,,,,56.00,,,,,,,false,true,12,2015-04-01,2016-03-31,0
2015-07-31,72820,2016-03-31,1,,,,,,,,,,,,,,,,,,,,,,,,,,,,,,,,,130010011,572720,129437430,false,false,3,2015-04-01,2015-06-30,0
2015-07-31,72820,2015-03-31,1,,,,,,,,,,,,,,,,,,,,,,,,,,,,,,,,,,,129437897,false,false,3,2014-04-01,2014-06-30,-1
2015-10-30,72820,2016-03-31,2,386594000000,0.117,,,,,20167000000,0.123,19240000000,-0.048,,10470000000,,80.89,,,,,,599227000000,338227000000,0.525,2430.42,314586000000,,,,,,,,,,,,true,false,6,2015-04-01,2015-09-30,0
2015-10-30,72820,2015-03-31,2,346001000000,0.015,,,,,17951000000,-0.133,20220000000,-0.055,,10378000000,,80.18,,,,,,,,,,,,,,,,,,,,,,true,false,6,2014-04-01,2014-09-30,-1
2015-10-30,72820,2016-03-31,2,760000000000,0.044,,,,,42000000000,0.010,42000000000,-0.041,,23000000000,,177.69,,,,,,,,,,,,,,,,,,,,,,true,true,12,2015-04-01,2016-03-31,0
2015-10-30,72820,2015-03-31,2,,,,,,,,,,,,,,,,,,,,608172000000,338474000000,0.516,2424.50,313820000000,,,,,,,,,,,,true,false,12,2014-04-01,2015-03-31,-1
2015-10-30,72820,2015-03-31,2,,,,,,,,,,,,,,,,,,,,,,,,,,,,,56.00,,,,130010011,572522,,false,false,12,2014-04-01,2015-03-31,-1
2015-10-30,72820,2016-03-31,2,,,,,,,,,,,,,,,,,,,,,,,,,,,,,28.00,,,,,,,false,false,12,2015-04-01,2016-03-31,0
2015-10-30,72820,2016-03-31,2,,,,,,,,,,,,,,,,,,,,,,,,,,,,,56.00,,,,,,,false,true,12,2015-04-01,2016-03-31,0
2015-10-30,72820,2016-03-31,2,,,,,,,,,,,,,,,,,,,,,,,,,,,,,,,,,130010011,572962,129437270,false,false,6,2015-04-01,2015-09-30,0
2015-10-30,72820,2015-03-31,2,,,,,,,,,,,,,,,,,,,,,,,,,,,,,,,,,,,129437847,false,false,6,2014-04-01,2014-09-30,-1
2016-02-03,72820,2016-03-31,3,586455000000,0.096,,,,,31809000000,0.074,31436000000,-0.059,,17247000000,,133.25,,,,,,605326000000,343025000000,0.526,2461.63,318625000000,,,,,,,,,,,,true,false,9,2015-04-01,2015-12-31,0
2016-02-03,72820,2015-03-31,3,534979000000,0.028,,,,,29608000000,-0.106,33421000000,-0.070,,18357000000,,141.82,,,,,,,,,,,,,,,,,,,,,,true,false,9,2014-04-01,2014-12-31,-1
2016-02-03,72820,2016-03-31,3,760000000000,0.044,,,,,42000000000,0.010,42000000000,-0.041,,22000000000,,169.97,,,,,,,,,,,,,,,,,,,,,,true,true,12,2015-04-01,2016-03-31,0
2016-02-03,72820,2015-03-31,3,,,,,,,,,,,,,,,,,,,,608172000000,338474000000,0.516,2424.50,313820000000,,,,,,,,,,,,true,false,12,2014-04-01,2015-03-31,-1
2016-02-03,72820,2015-03-31,3,,,,,,,,,,,,,,,,,,,,,,,,,,,,,56.00,,,,130010011,572522,,false,false,12,2014-04-01,2015-03-31,-1
2016-02-03,72820,2016-03-31,3,,,,,,,,,,,,,,,,,,,,,,,,,,,,,28.00,,,,,,,false,false,12,2015-04-01,2016-03-31,0
2016-02-03,72820,2016-03-31,3,,,,,,,,,,,,,,,,,,,,,,,,,,,,,56.00,,,,,,,false,true,12,2015-04-01,2016-03-31,0
2016-02-03,72820,2016-03-31,3,,,,,,,,,,,,,,,,,,,,,,,,,,,,,,,,,130010011,573086,129437174,false,false,9,2015-04-01,2015-12-31,0
2016-02-03,72820,2015-03-31,3,,,,,,,,,,,,,,,,,,,,,,,,,,,,,,,,,,,129437803,false,false,9,2014-04-01,2014-12-31,-1
2016-04-28,72820,2016-03-31,,781886000000,0.074,,,,,42824000000,0.029,41490000000,-0.053,,20255000000,,156.49,,0.066,0.069,0.055,,587373000000,327843000000,0.517,2348.24,303949000000,77765000000,-56261000000,-24736000000,78203000000,,0.358,,,,,,true,false,12,2015-04-01,2016-03-31,0
2016-04-28,72820,2015-03-31,,727846000000,0.056,,,,,41603000000,-0.050,43792000000,-0.045,,21155000000,,163.44,,0.071,0.076,0.057,,608172000000,338474000000,0.516,2424.50,313820000000,51283000000,-62432000000,-238000000,85078000000,,0.343,,,,,,true,false,12,2014-04-01,2015-03-31,-1
2016-04-28,72820,2017-03-31,,345000000000,-0.108,,,,,16000000000,-0.207,16000000000,-0.168,,8000000000,,61.81,,,,,,,,,,,,,,,,,,,,,,true,true,6,2016-04-01,2016-09-30,1
2016-04-28,72820,2017-03-31,,710000000000,-0.092,,,,,36000000000,-0.159,36000000000,-0.132,,20000000000,,154.52,,,,,,,,,,,,,,,,0.324,,,,,,true,true,12,2016-04-01,2017-03-31,1
2016-04-28,72820,2016-03-31,,362875000000,0.002,,,,,11769000000,-0.253,20053000000,-0.401,6832000000,,-0.655,52.79,,,,,,356539000000,232553000000,0.652,1796.66,232553000000,,,,,56.00,,,,130010011,573237,129437100,false,false,12,2015-04-01,2016-03-31,0
2016-04-28,72820,2015-03-31,,362253000000,-0.042,,,,,15746000000,-0.289,33502000000,-0.042,19825000000,,-0.141,153.17,,,,,,360149000000,236509000000,0.657,1827.21,236509000000,,,,,56.00,,,,130010011,572522,129437768,false,false,12,2014-04-01,2015-03-31,-1
2016-04-28,72820,2017-03-31,,,,,,,,,,,,,,,,,,,,,,,,,,,,,,50.00,,,,,,,false,true,12,2016-04-01,2017-03-31,1
2016-07-29,72820,2017-03-31,1,178002000000,-0.051,,,,,8554000000,0.159,7352000000,-0.054,,4422000000,,34.16,,,,,,570280000000,312762000000,0.511,2249.83,291210000000,,,,,,,,,,,,true,false,3,2016-04-01,2016-06-30,0
2016-07-29,72820,2016-03-31,1,187660000000,0.121,,,,,7381000000,-0.105,7771000000,-0.158,,3660000000,,28.28,,,,,,,,,,,,,,,,,,,,,,true,false,3,2015-04-01,2015-06-30,-1
2016-07-29,72820,2017-03-31,1,345000000000,-0.108,,,,,16000000000,-0.207,16000000000,-0.168,,8000000000,,61.81,,,,,,,,,,,,,,,,,,,,,,true,true,6,2016-04-01,2016-09-30,0
2016-07-29,72820,2017-03-31,1,710000000000,-0.092,,,,,36000000000,-0.159,36000000000,-0.132,,20000000000,,154.52,,,,,,,,,,,,,,,,,,,,,,true,true,12,2016-04-01,2017-03-31,0
2016-07-29,72820,2016-03-31,1,,,,,,,,,,,,,,,,,,,,587373000000,327843000000,0.517,2348.24,303949000000,,,,,,,,,,,,true,false,12,2015-04-01,2016-03-31,-1
2016-07-29,72820,2016-03-31,1,,,,,,,,,,,,,,,,,,,,,,,,,,,,,56.00,,,,130010011,573237,,false,false,12,2015-04-01,2016-03-31,-1
2016-07-29,72820,2017-03-31,1,,,,,,,,,,,,,,,,,,,,,,,,,,,,,50.00,,,,,,,false,true,12,2016-04-01,2017-03-31,0
2016-07-29,72820,2017-03-31,1,,,,,,,,,,,,,,,,,,,,,,,,,,,,,,,,,130010011,573306,129436763,false,false,3,2016-04-01,2016-06-30,0
2016-07-29,72820,2016-03-31,1,,,,,,,,,,,,,,,,,,,,,,,,,,,,,,,,,,,129437430,false,false,3,2015-04-01,2015-06-30,-1
2016-10-28,72820,2017-03-31,2,361236000000,-0.066,,,,,16696000000,-0.172,14681000000,-0.237,,8907000000,,68.82,,,,,,578895000000,316794000000,0.511,2285.85,295872000000,,,,,,,,,,,,true,false,6,2016-04-01,2016-09-30,0
2016-10-28,72820,2016-03-31,2,386594000000,0.117,,,,,20167000000,0.123,19240000000,-0.048,,10470000000,,80.89,,,,,,,,,,,,,,,,,,,,,,true,false,6,2015-04-01,2015-09-30,-1
2016-10-28,72820,2017-03-31,2,710000000000,-0.092,,,,,36000000000,-0.159,36000000000,-0.132,,20000000000,,154.52,,,,,,,,,,,,,,,,,,,,,,true,true,12,2016-04-01,2017-03-31,0
2016-10-28,72820,2016-03-31,2,,,,,,,,,,,,,,,,,,,,587373000000,327843000000,0.517,2348.24,303949000000,,,,,,,,,,,,true,false,12,2015-04-01,2016-03-31,-1
2016-10-28,72820,2016-03-31,2,,,,,,,,,,,,,,,,,,,,,,,,,,,,,56.00,,,,130010011,573237,,false,false,12,2015-04-01,2016-03-31,-1
2016-10-28,72820,2017-03-31,2,,,,,,,,,,,,,,,,,,,,,,,,,,,,,25.00,,,,,,,false,false,12,2016-04-01,2017-03-31,0
2016-10-28,72820,2017-03-31,2,,,,,,,,,,,,,,,,,,,,,,,,,,,,,50.00,,,,,,,false,true,12,2016-04-01,2017-03-31,0
2016-10-28,72820,2017-03-31,2,,,,,,,,,,,,,,,,,,,,,,,,,,,,,,,,,130010011,573523,129436697,false,false,6,2016-04-01,2016-09-30,0
2016-10-28,72820,2016-03-31,2,,,,,,,,,,,,,,,,,,,,,,,,,,,,,,,,,,,129437270,false,false,6,2015-04-01,2015-09-30,-1
2017-02-02,72820,2017-03-31,3,553600000000,-0.056,,,,,28335000000,-0.109,27863000000,-0.114,,15866000000,,122.58,,,,,,626491000000,343660000000,0.510,2467.70,319410000000,,,,,,,,,,,,true,false,9,2016-04-01,2016-12-31,0
2017-02-02,72820,2016-03-31,3,586455000000,0.096,,,,,31809000000,0.074,31436000000,-0.059,,17247000000,,133.25,,,,,,,,,,,,,,,,,,,,,,true,false,9,2015-04-01,2015-12-31,-1
2017-02-02,72820,2017-03-31,3,740000000000,-0.054,,,,,38000000000,-0.113,37000000000,-0.108,,21000000000,,162.24,,,,,,,,,,,,,,,,,,,,,,true,true,12,2016-04-01,2017-03-31,0
2017-02-02,72820,2016-03-31,3,,,,,,,,,,,,,,,,,,,,587373000000,327843000000,0.517,2348.24,303949000000,,,,,,,,,,,,true,false,12,2015-04-01,2016-03-31,-1
2017-02-02,72820,2016-03-31,3,,,,,,,,,,,,,,,,,,,,,,,,,,,,,56.00,,,,130010011,573237,,false,false,12,2015-04-01,2016-03-31,-1
2017-02-02,72820,2017-03-31,3,,,,,,,,,,,,,,,,,,,,,,,,,,,,,25.00,,,,,,,false,false,12,2016-04-01,2017-03-31,0
2017-02-02,72820,2017-03-31,3,,,,,,,,,,,,,,,,,,,,,,,,,,,,,50.00,,,,,,,false,true,12,2016-04-01,2017-03-31,0
2017-02-02,72820,2017-03-31,3,,,,,,,,,,,,,,,,,,,,,,,,,,,,,,,,,130010011,573681,129436618,false,false,9,2016-04-01,2016-12-31,0
2017-02-02,72820,2016-03-31,3,,,,,,,,,,,,,,,,,,,,,,,,,,,,,,,,,,,129437174,false,false,9,2015-04-01,2015-12-31,-1
2017-04-28,72820,2017-03-31,,755601000000,-0.034,,,,,40675000000,-0.050,39007000000,-0.060,,16233000000,,125.42,,0.052,0.065,0.054,,620699000000,339461000000,0.507,2432.70,314879000000,60401000000,-82131000000,14794000000,69918000000,,0.423,,,,,,true,false,12,2016-04-01,2017-03-31,0
2017-04-28,72820,2016-03-31,,781886000000,0.074,,,,,42824000000,0.029,41490000000,-0.053,,20255000000,,156.49,,0.066,0.069,0.055,,587373000000,327843000000,0.517,2348.24,303949000000,77765000000,-56261000000,-24736000000,78203000000,,0.358,,,,,,true,false,12,2015-04-01,2016-03-31,-1
2017-04-28,72820,2018-03-31,,350000000000,-0.031,,,,,17000000000,0.018,17000000000,0.158,,9000000000,,69.53,,,,,,,,,,,,,,,,,,,,,,true,true,6,2017-04-01,2017-09-30,1
2017-04-28,72820,2018-03-31,,730000000000,-0.034,,,,,43000000000,0.057,43000000000,0.102,,24000000000,,185.42,,,,,,,,,,,,,,,,0.302,,,,,,true,true,12,2017-04-01,2018-03-31,1
2017-04-28,72820,2016-03-31,,,,,,,,,,,,,,,,,,,,,,,,,,,,,,56.00,,,,130010011,573237,129437100,false,false,12,2015-04-01,2016-03-31,-1
2017-04-28,72820,2017-03-31,,,,,,,,,,,,,,,,,,,,,,,,,,,,,,53.00,,,,130010011,573811,129436526,false,false,12,2016-04-01,2017-03-31,0
2017-04-28,72820,2018-03-31,,,,,,,,,,,,,,,,,,,,,,,,,,,,,,56.00,,,,,,,false,true,12,2017-04-01,2018-03-31,1
2017-07-28,72820,2018-03-31,1,189438000000,0.064,,,,,9002000000,0.052,9512000000,0.294,,5472000000,,42.28,,,,,,620149000000,341634000000,0.513,2456.15,317914000000,,,,,,,,,,,,true,false,3,2017-04-01,2017-06-30,0
2017-07-28,72820,2017-03-31,1,178002000000,-0.051,,,,,8554000000,0.159,7352000000,-0.054,,4422000000,,34.16,,,,,,,,,,,,,,,,,,,,,,true,false,3,2016-04-01,2016-06-30,-1
2017-07-28,72820,2018-03-31,1,350000000000,-0.031,,,,,17000000000,0.018,17000000000,0.158,,9000000000,,69.53,,,,,,,,,,,,,,,,,,,,,,true,true,6,2017-04-01,2017-09-30,0
2017-07-28,72820,2018-03-31,1,730000000000,-0.034,,,,,43000000000,0.057,43000000000,0.102,,24000000000,,185.42,,,,,,,,,,,,,,,,,,,,,,true,true,12,2017-04-01,2018-03-31,0
2017-07-28,72820,2017-03-31,1,,,,,,,,,,,,,,,,,,,,620699000000,339461000000,0.507,2432.70,314879000000,,,,,,,,,,,,true,false,12,2016-04-01,2017-03-31,-1
2017-07-28,72820,2017-03-31,1,,,,,,,,,,,,,,,,,,,,,,,,,,,,,53.00,,,,130010011,573811,,false,false,12,2016-04-01,2017-03-31,-1
2017-07-28,72820,2018-03-31,1,,,,,,,,,,,,,,,,,,,,,,,,,,,,,56.00,,,,,,,false,true,12,2017-04-01,2018-03-31,0
2017-07-28,72820,2018-03-31,1,,,,,,,,,,,,,,,,,,,,,,,,,,,,,,,,,130010011,574004,129436131,false,false,3,2017-04-01,2017-06-30,0
2017-07-28,72820,2017-03-31,1,,,,,,,,,,,,,,,,,,,,,,,,,,,,,,,,,,,129436763,false,false,3,2016-04-01,2016-06-30,-1
2017-10-31,72820,2018-03-31,2,385887000000,0.068,,,,,17178000000,0.029,19185000000,0.307,,11543000000,,89.18,,,,,,637894000000,353163000000,0.515,2536.00,328249000000,,,,,,,,,,,,true,false,6,2017-04-01,2017-09-30,0
2017-10-31,72820,2017-03-31,2,361236000000,-0.066,,,,,16696000000,-0.172,14681000000,-0.237,,8907000000,,68.82,,,,,,,,,,,,,,,,,,,,,,true,false,6,2016-04-01,2016-09-30,-1
2017-10-31,72820,2018-03-31,2,780000000000,0.032,,,,,43000000000,0.057,45000000000,0.154,,26000000000,,200.87,,,,,,,,,,,,,,,,,,,,,,true,true,12,2017-04-01,2018-03-31,0
2017-10-31,72820,2017-03-31,2,,,,,,,,,,,,,,,,,,,,620699000000,339461000000,0.507,2432.70,314879000000,,,,,,,,,,,,true,false,12,2016-04-01,2017-03-31,-1
2017-10-31,72820,2017-03-31,2,,,,,,,,,,,,,,,,,,,,,,,,,,,,,53.00,,,,130010011,573811,,false,false,12,2016-04-01,2017-03-31,-1
2017-10-31,72820,2018-03-31,2,,,,,,,,,,,,,,,,,,,,,,,,,,,,,28.00,,,,,,,false,false,12,2017-04-01,2018-03-31,0
2017-10-31,72820,2018-03-31,2,,,,,,,,,,,,,,,,,,,,,,,,,,,,,56.00,,,,,,,false,true,12,2017-04-01,2018-03-31,0
2017-10-31,72820,2018-03-31,2,,,,,,,,,,,,,,,,,,,,,,,,,,,,,,,,,130010011,574130,129436049,false,false,6,2017-04-01,2017-09-30,0
2017-10-31,72820,2017-03-31,2,,,,,,,,,,,,,,,,,,,,,,,,,,,,,,,,,,,129436697,false,false,6,2016-04-01,2016-09-30,-1
2018-02-02,72820,2018-03-31,3,591819000000,0.069,,,,,25640000000,-0.095,28805000000,0.034,,17284000000,,133.54,,,,,,642415000000,358552000000,0.519,2575.20,333322000000,,,,,,,,,,,,true,false,9,2017-04-01,2017-12-31,0
2018-02-02,72820,2017-03-31,3,553600000000,-0.056,,,,,28335000000,-0.109,27863000000,-0.114,,15866000000,,122.58,,,,,,,,,,,,,,,,,,,,,,true,false,9,2016-04-01,2016-12-31,-1
2018-02-02,72820,2018-03-31,3,800000000000,0.059,,,,,40000000000,-0.017,43000000000,0.102,,26000000000,,200.87,,,,,,,,,,,,,,,,,,,,,,true,true,12,2017-04-01,2018-03-31,0
2018-02-02,72820,2017-03-31,3,,,,,,,,,,,,,,,,,,,,620699000000,339461000000,0.507,2432.70,314879000000,,,,,,,,,,,,true,false,12,2016-04-01,2017-03-31,-1
2018-02-02,72820,2017-03-31,3,,,,,,,,,,,,,,,,,,,,,,,,,,,,,53.00,,,,130010011,573811,,false,false,12,2016-04-01,2017-03-31,-1
2018-02-02,72820,2018-03-31,3,,,,,,,,,,,,,,,,,,,,,,,,,,,,,28.00,,,,,,,false,false,12,2017-04-01,2018-03-31,0
2018-02-02,72820,2018-03-31,3,,,,,,,,,,,,,,,,,,,,,,,,,,,,,56.00,,,,,,,false,true,12,2017-04-01,2018-03-31,0
2018-02-02,72820,2018-03-31,3,,,,,,,,,,,,,,,,,,,,,,,,,,,,,,,,,130010011,574322,129435956,false,false,9,2017-04-01,2017-12-31,0
2018-02-02,72820,2017-03-31,3,,,,,,,,,,,,,,,,,,,,,,,,,,,,,,,,,,,129436618,false,false,9,2016-04-01,2016-12-31,-1
2018-04-27,72820,2018-03-31,,806938000000,0.068,,,,,41136000000,0.011,43200000000,0.107,,21175000000,,163.60,,0.066,0.067,0.051,,662388000000,353909000000,0.496,2539.01,328637000000,60848000000,-39201000000,6541000000,97991000000,,0.342,,,,,,true,false,12,2017-04-01,2018-03-31,0
2018-04-27,72820,2017-03-31,,755601000000,-0.034,,,,,40675000000,-0.050,39007000000,-0.060,,16233000000,,125.42,,0.052,0.065,0.054,,620699000000,339461000000,0.507,2432.70,314879000000,60401000000,-82131000000,14794000000,69918000000,,0.423,,,,,,true,false,12,2016-04-01,2017-03-31,-1
2018-04-27,72820,2019-03-31,,,,,,,,18000000000,,,,,10000000000,,77.26,,,,,,,,,,,,,,,,,,,,,,true,true,6,2018-04-01,2018-09-30,1
2018-04-27,72820,2019-03-31,,,,,,,,44000000000,,,,,27000000000,,208.60,,,,,,,,,,,,,,,,0.288,,,,,,true,true,12,2018-04-01,2019-03-31,1
2018-04-27,72820,2017-03-31,,,,,,,,,,,,,,,,,,,,,,,,,,,,,,53.00,,,,130010011,573811,129436526,false,false,12,2016-04-01,2017-03-31,-1
2018-04-27,72820,2018-03-31,,,,,,,,,,,,,,,,,,,,,,,,,,,,,,56.00,,,,130010011,574382,129435880,false,false,12,2017-04-01,2018-03-31,0
2018-04-27,72820,2019-03-31,,,,,,,,,,,,,,,,,,,,,,,,,,,,,,60.00,,,,,,,false,true,12,2018-04-01,2019-03-31,1
2018-07-31,72820,2019-03-31,1,,,,,,,10354000000,0.177,,,,6768000000,,52.29,,,,,,683544000000,,,,,,,,,,,,,,,,true,false,3,2018-04-01,2018-06-30,0
2018-07-31,72820,2018-03-31,1,,,,,,,8798000000,,,,,5179000000,,40.01,,,,,,,,,,,,,,,,,,,,,,true,false,3,2017-04-01,2017-06-30,-1
2018-07-31,72820,2019-03-31,1,,,,,,,18000000000,,,,,10000000000,,77.26,,,,,,,,,,,,,,,,,,,,,,true,true,6,2018-04-01,2018-09-30,0
2018-07-31,72820,2019-03-31,1,,,,,,,44000000000,0.251,,,,27000000000,,208.60,,,,,,,,,,,,,,,,,,,,,,true,true,12,2018-04-01,2019-03-31,0
2018-07-31,72820,2018-03-31,1,,,,,,,,,,,,,,,,,,,,679485000000,,,,,,,,,,,,,,,,true,false,12,2017-04-01,2018-03-31,-1
2018-07-31,72820,2018-03-31,1,,,,,,,,,,,,,,,,,,,,,,,,,,,,,56.00,,,,130010011,574382,,false,false,12,2017-04-01,2018-03-31,-1
2018-07-31,72820,2019-03-31,1,,,,,,,,,,,,,,,,,,,,,,,,,,,,,60.00,,,,,,,false,true,12,2018-04-01,2019-03-31,0
2018-07-31,72820,2019-03-31,1,,,,,,,,,,,,,,,,,,,,,,,,,,,,,,,,,130010011,574482,129435581,false,false,3,2018-04-01,2018-06-30,0
2018-07-31,72820,2018-03-31,1,,,,,,,,,,,,,,,,,,,,,,,,,,,,,,,,,,,129436131,false,false,3,2017-04-01,2017-06-30,-1
2018-10-31,72820,2019-03-31,2,,,,,,,10819000000,-0.447,,,,5758000000,,44.49,,,,,,697572000000,,,,,,,,,,,,,,,,true,false,6,2018-04-01,2018-09-30,0
2018-10-31,72820,2018-03-31,2,,,,,,,19552000000,,,,,11925000000,,92.13,,,,,,,,,,,,,,,,,,,,,,true,false,6,2017-04-01,2017-09-30,-1
2018-10-31,72820,2019-03-31,2,,,,,,,38000000000,0.080,,,,23000000000,,177.69,,,,,,,,,,,,,,,,,,,,,,true,true,12,2018-04-01,2019-03-31,0
2018-10-31,72820,2018-03-31,2,,,,,,,,,,,,,,,,,,,,679485000000,,,,,,,,,,,,,,,,true,false,12,2017-04-01,2018-03-31,-1
2018-10-31,72820,2018-03-31,2,,,,,,,,,,,,,,,,,,,,,,,,,,,,,56.00,,,,130010011,574382,,false,false,12,2017-04-01,2018-03-31,-1
2018-10-31,72820,2019-03-31,2,,,,,,,,,,,,,,,,,,,,,,,,,,,,,30.00,,,,,,,false,false,12,2018-04-01,2019-03-31,0
2018-10-31,72820,2019-03-31,2,,,,,,,,,,,,,,,,,,,,,,,,,,,,,60.00,,,,,,,false,true,12,2018-04-01,2019-03-31,0
2018-10-31,72820,2019-03-31,2,,,,,,,,,,,,,,,,,,,,,,,,,,,,,,,,,130010011,574657,129435518,false,false,6,2018-04-01,2018-09-30,0
2018-10-31,72820,2018-03-31,2,,,,,,,,,,,,,,,,,,,,,,,,,,,,,,,,,,,129436049,false,false,6,2017-04-01,2017-09-30,-1
2019-02-01,72820,2019-03-31,3,,,,,,,21760000000,-0.167,,,,12413000000,,95.90,,,,,,685976000000,,,,,,,,,,,,,,,,true,false,9,2018-04-01,2018-12-31,0
2019-02-01,72820,2018-03-31,3,,,,,,,26112000000,,,,,17576000000,,135.79,,,,,,,,,,,,,,,,,,,,,,true,false,9,2017-04-01,2017-12-31,-1
2019-02-01,72820,2019-03-31,3,,,,,,,38000000000,0.080,,,,23000000000,,177.69,,,,,,,,,,,,,,,,,,,,,,true,true,12,2018-04-01,2019-03-31,0
2019-02-01,72820,2018-03-31,3,,,,,,,,,,,,,,,,,,,,679485000000,,,,,,,,,,,,,,,,true,false,12,2017-04-01,2018-03-31,-1
2019-02-01,72820,2018-03-31,3,,,,,,,,,,,,,,,,,,,,,,,,,,,,,56.00,,,,130010011,574382,,false,false,12,2017-04-01,2018-03-31,-1
2019-02-01,72820,2019-03-31,3,,,,,,,,,,,,,,,,,,,,,,,,,,,,,30.00,,,,,,,false,false,12,2018-04-01,2019-03-31,0
2019-02-01,72820,2019-03-31,3,,,,,,,,,,,,,,,,,,,,,,,,,,,,,60.00,,,,,,,false,true,12,2018-04-01,2019-03-31,0
2019-02-01,72820,2019-03-31,3,,,,,,,,,,,,,,,,,,,,,,,,,,,,,,,,,130010011,574769,129435451,false,false,9,2018-04-01,2018-12-31,0
2019-02-01,72820,2018-03-31,3,,,,,,,,,,,,,,,,,,,,,,,,,,,,,,,,,,,129435956,false,false,9,2017-04-01,2017-12-31,-1
2019-04-26,72820,2019-03-31,,,,,,,,36525000000,0.038,,,,23309000000,,180.09,,,,,,708129000000,,,,,57463000000,-55491000000,7749000000,,,0.333,,,,,,true,false,12,2018-04-01,2019-03-31,0
2019-04-26,72820,2018-03-31,,,,,,,,35179000000,,,,,21361000000,,165.04,,,,,,665001000000,,,,,44004000000,-21832000000,5966000000,,,0.339,,,,,,true,false,12,2017-04-01,2018-03-31,-1
2019-04-26,72820,2020-03-31,,,,,,,,18500000000,0.710,,,,10500000000,,81.12,,,,,,,,,,,,,,,,,,,,,,true,true,6,2019-04-01,2019-09-30,1
2019-04-26,72820,2020-03-31,,,,,,,,41000000000,0.123,,,,25000000000,,193.15,,,,,,,,,,,,,,,,0.311,,,,,,true,true,12,2019-04-01,2020-03-31,1
2019-04-26,72820,2018-03-31,,,,,,,,,,,,,,,,,,,,,,,,,,,,,,56.00,,,,130010011,574382,129435880,false,false,12,2017-04-01,2018-03-31,-1
2019-04-26,72820,2019-03-31,,,,,,,,,,,,,,,,,,,,,,,,,,,,,,60.00,,,,130010011,574900,129435386,false,false,12,2018-04-01,2019-03-31,0
2019-04-26,72820,2020-03-31,,,,,,,,,,,,,,,,,,,,,,,,,,,,,,60.00,,,,,,,false,true,12,2019-04-01,2020-03-31,1
2019-07-31,72820,2020-03-31,1,,,,,,,7867000000,-0.240,,,,3708000000,,28.65,,,,,,723209000000,,,,,,,,,,,,,,,,true,false,3,2019-04-01,2019-06-30,0
2019-07-31,72820,2019-03-31,1,,,,,,,10354000000,0.177,,,,6768000000,,52.29,,,,,,,,,,,,,,,,,,,,,,true,false,3,2018-04-01,2018-06-30,-1
2019-07-31,72820,2020-03-31,1,,,,,,,18500000000,0.710,,,,10500000000,,81.12,,,,,,,,,,,,,,,,,,,,,,true,true,6,2019-04-01,2019-09-30,0
2019-07-31,72820,2020-03-31,1,,,,,,,41000000000,0.123,,,,25000000000,,193.15,,,,,,,,,,,,,,,,,,,,,,true,true,12,2019-04-01,2020-03-31,0
2019-07-31,72820,2019-03-31,1,,,,,,,,,,,,,,,,,,,,708129000000,,,,,,,,,,,,,,,,true,false,12,2018-04-01,2019-03-31,-1
2019-07-31,72820,2019-03-31,1,,,,,,,,,,,,,,,,,,,,,,,,,,,,,60.00,,,,130010011,574900,,false,false,12,2018-04-01,2019-03-31,-1
2019-07-31,72820,2020-03-31,1,,,,,,,,,,,,,,,,,,,,,,,,,,,,,60.00,,,,,,,false,true,12,2019-04-01,2020-03-31,0
2019-07-31,72820,2020-03-31,1,,,,,,,,,,,,,,,,,,,,,,,,,,,,,,,,,130010011,574900,129435111,false,false,3,2019-04-01,2019-06-30,0
2019-07-31,72820,2019-03-31,1,,,,,,,,,,,,,,,,,,,,,,,,,,,,,,,,,,,129435581,false,false,3,2018-04-01,2018-06-30,-1
2019-10-31,72820,2020-03-31,2,,,,,,,18755000000,0.733,,,,12446000000,,96.16,,,,,,717477000000,,,,,,,,,,,,,,,,true,false,6,2019-04-01,2019-09-30,0
2019-10-31,72820,2019-03-31,2,,,,,,,10819000000,-0.447,,,,5758000000,,44.49,,,,,,,,,,,,,,,,,,,,,,true,false,6,2018-04-01,2018-09-30,-1
2019-10-31,72820,2020-03-31,2,,,,,,,41000000000,0.123,,,,25000000000,,193.15,,,,,,,,,,,,,,,,,,,,,,true,true,12,2019-04-01,2020-03-31,0
2019-10-31,72820,2019-03-31,2,,,,,,,,,,,,,,,,,,,,708129000000,,,,,,,,,,,,,,,,true,false,12,2018-04-01,2019-03-31,-1
2019-10-31,72820,2019-03-31,2,,,,,,,,,,,,,,,,,,,,,,,,,,,,,60.00,,,,130010011,574900,,false,false,12,2018-04-01,2019-03-31,-1
2019-10-31,72820,2020-03-31,2,,,,,,,,,,,,,,,,,,,,,,,,,,,,,30.00,,,,,,,false,false,12,2019-04-01,2020-03-31,0
2019-10-31,72820,2020-03-31,2,,,,,,,,,,,,,,,,,,,,,,,,,,,,,60.00,,,,,,,false,true,12,2019-04-01,2020-03-31,0
2019-10-31,72820,2020-03-31,2,,,,,,,,,,,,,,,,,,,,,,,,,,,,,,,,,130010011,575048,129435059,false,false,6,2019-04-01,2019-09-30,0
2019-10-31,72820,2019-03-31,2,,,,,,,,,,,,,,,,,,,,,,,,,,,,,,,,,,,129435518,false,false,6,2018-04-01,2018-09-30,-1
2019-11-22,72820,2020-03-31,,,,,,21000000000,-0.488,,,,,,12000000000,,92.71,,,,,,,,,,,,,,,,,,,,,,true,true,12,2019-04-01,2020-03-31,0
2019-11-22,72820,2019-03-31,,,,,,36525000000,,,,,,,23309000000,,180.09,,,,,,,,,,,,,,,,,,,,,,true,false,12,2018-04-01,2019-03-31,-1
2020-01-31,72820,2020-03-31,3,,,,,,,6267000000,-0.712,,,,7129000000,,55.08,,,,,,712908000000,,,,,,,,,,,,,,,,true,false,9,2019-04-01,2019-12-31,0
2020-01-31,72820,2019-03-31,3,,,,,,,21760000000,-0.167,,,,12413000000,,95.90,,,,,,,,,,,,,,,,,,,,,,true,false,9,2018-04-01,2018-12-31,-1
2020-01-31,72820,2020-03-31,3,,,,,,,21000000000,-0.425,,,,12000000000,,92.71,,,,,,,,,,,,,,,,,,,,,,true,true,12,2019-04-01,2020-03-31,0
2020-01-31,72820,2019-03-31,3,,,,,,,,,,,,,,,,,,,,708129000000,,,,,,,,,,,,,,,,true,false,12,2018-04-01,2019-03-31,-1
2020-01-31,72820,2019-03-31,3,,,,,,,,,,,,,,,,,,,,,,,,,,,,,60.00,,,,130010011,574900,,false,false,12,2018-04-01,2019-03-31,-1
2020-01-31,72820,2020-03-31,3,,,,,,,,,,,,,,,,,,,,,,,,,,,,,30.00,,,,,,,false,false,12,2019-04-01,2020-03-31,0
2020-01-31,72820,2020-03-31,3,,,,,,,,,,,,,,,,,,,,,,,,,,,,,60.00,,,,,,,false,true,12,2019-04-01,2020-03-31,0
2020-01-31,72820,2020-03-31,3,,,,,,,,,,,,,,,,,,,,,,,,,,,,,,,,,130010011,575124,129435019,false,false,9,2019-04-01,2019-12-31,0
2020-01-31,72820,2019-03-31,3,,,,,,,,,,,,,,,,,,,,,,,,,,,,,,,,,,,129435451,false,false,9,2018-04-01,2018-12-31,-1
2020-04-30,72820,2020-03-31,,,,,,,,17888000000,-0.510,,,,11226000000,,86.74,,,,,,709185000000,,,,,65247000000,-54174000000,12525000000,,,0.692,,,,,,true,false,12,2019-04-01,2020-03-31,0
2020-04-30,72820,2019-03-31,,,,,,,,36525000000,0.038,,,,23309000000,,180.09,,,,,,708129000000,,,,,57463000000,-55491000000,7749000000,,,0.333,,,,,,true,false,12,2018-04-01,2019-03-31,-1
2020-04-30,72820,2019-03-31,,,,,,,,,,,,,,,,,,,,,,,,,,,,,,60.00,,,,130010011,574900,129435386,false,false,12,2018-04-01,2019-03-31,-1
2020-04-30,72820,2020-03-31,,,,,,,,,,,,,,,,,,,,,,,,,,,,,,60.00,,,,130010011,575292,129434956,false,false,12,2019-04-01,2020-03-31,0
2020-07-31,72820,2021-03-31,1,,,,,,,-9809000000,,,,,-4325000000,,-33.42,,,,,,717767000000,,,,,,,,,,,,,,,,true,false,3,2020-04-01,2020-06-30,0
2020-07-31,72820,2020-03-31,1,,,,,,,7867000000,-0.240,,,,3708000000,,28.65,,,,,,,,,,,,,,,,,,,,,,true,false,3,2019-04-01,2019-06-30,-1
2020-07-31,72820,2021-03-31,1,,,,,,,-2500000000,,,,,0,,0.00,,,,,,,,,,,,,,,,,,,,,,true,true,6,2020-04-01,2020-09-30,0
2020-07-31,72820,2021-03-31,1,,,,,,,18000000000,0.006,,,,8000000000,,61.81,,,,,,,,,,,,,,,,,,,,,,true,true,12,2020-04-01,2021-03-31,0
2020-07-31,72820,2020-03-31,1,,,,,,,,,,,,,,,,,,,,709185000000,,,,,,,,,,,,,,,,true,false,12,2019-04-01,2020-03-31,-1
2020-07-31,72820,2020-03-31,1,,,,,,,,,,,,,,,,,,,,,,,,,,,,,60.00,,,,130010011,575292,,false,false,12,2019-04-01,2020-03-31,-1
2020-07-31,72820,2021-03-31,1,,,,,,,,,,,,,,,,,,,,,,,,,,,,,50.00,,,,,,,false,true,12,2020-04-01,2021-03-31,0
2020-07-31,72820,2021-03-31,1,,,,,,,,,,,,,,,,,,,,,,,,,,,,,,,,,130010011,575499,129434647,false,false,3,2020-04-01,2020-06-30,0
2020-07-31,72820,2020-03-31,1,,,,,,,,,,,,,,,,,,,,,,,,,,,,,,,,,,,129435111,false,false,3,2019-04-01,2019-06-30,-1
2020-10-29,72820,2021-03-31,2,,,,,,,4514000000,-0.759,,,,3437000000,,26.56,26.55,,,,,737018000000,,,,,,,,,,,,,,,,true,false,6,2020-04-01,2020-09-30,0
2020-10-29,72820,2020-03-31,2,,,,,,,18755000000,0.733,,,,12446000000,,96.16,,,,,,,,,,,,,,,,,,,,,,true,false,6,2019-04-01,2019-09-30,-1
2020-10-29,72820,2021-03-31,2,,,,,,,26000000000,0.453,,,,13000000000,,100.44,,,,,,,,,,,,,,,,,,,,,,true,true,12,2020-04-01,2021-03-31,0
2020-10-29,72820,2020-03-31,2,,,,,,,,,,,,,,,,,,,,709185000000,,,,,,,,,,,,,,,,true,false,12,2019-04-01,2020-03-31,-1
2020-10-29,72820,2020-03-31,2,,,,,,,,,,,,,,,,,,,,,,,,,,,,,60.00,,,,130010011,575292,,false,false,12,2019-04-01,2020-03-31,-1
2020-10-29,72820,2021-03-31,2,,,,,,,,,,,,,,,,,,,,,,,,,,,,,25.00,,,,,,,false,false,12,2020-04-01,2021-03-31,0
2020-10-29,72820,2021-03-31,2,,,,,,,,,,,,,,,,,,,,,,,,,,,,,55.00,,,,,,,false,true,12,2020-04-01,2021-03-31,0
2020-10-29,72820,2021-03-31,2,,,,,,,,,,,,,,,,,,,,,,,,,,,,,,,,,130031215,575588,129443436,false,false,6,2020-04-01,2020-09-30,0
2020-10-29,72820,2020-03-31,2,,,,,,,,,,,,,,,,,,,,,,,,,,,,,,,,,,,129435059,false,false,6,2019-04-01,2019-09-30,-1
2021-02-02,72820,2021-03-31,3,,,,,,,24969000000,2.984,,,,16708000000,,129.09,129.08,,,,,734108000000,,,,,,,,,,,,,,,,true,false,9,2020-04-01,2020-12-31,0
2021-02-02,72820,2020-03-31,3,,,,,,,6267000000,-0.712,,,,7129000000,,55.08,,,,,,,,,,,,,,,,,,,,,,true,false,9,2019-04-01,2019-12-31,-1
2021-02-02,72820,2021-03-31,3,,,,,,,38000000000,1.124,,,,22000000000,,169.97,,,,,,,,,,,,,,,,,,,,,,true,true,12,2020-04-01,2021-03-31,0
2021-02-02,72820,2020-03-31,3,,,,,,,,,,,,,,,,,,,,709185000000,,,,,,,,,,,,,,,,true,false,12,2019-04-01,2020-03-31,-1
2021-02-02,72820,2020-03-31,3,,,,,,,,,,,,,,,,,,,,,,,,,,,,,60.00,,,,130010011,575292,,false,false,12,2019-04-01,2020-03-31,-1
2021-02-02,72820,2021-03-31,3,,,,,,,,,,,,,,,,,,,,,,,,,,,,,25.00,,,,,,,false,false,12,2020-04-01,2021-03-31,0
2021-02-02,72820,2021-03-31,3,,,,,,,,,,,,,,,,,,,,,,,,,,,,,60.00,,,,,,,false,true,12,2020-04-01,2021-03-31,0
2021-02-02,72820,2021-03-31,3,,,,,,,,,,,,,,,,,,,,,,,,,,,,,,,,,130031215,582843,129445845,false,false,9,2020-04-01,2020-12-31,0
2021-02-02,72820,2020-03-31,3,,,,,,,,,,,,,,,,,,,,,,,,,,,,,,,,,,,129435019,false,false,9,2019-04-01,2019-12-31,-1
2021-04-28,72820,2021-03-31,,,,,,,,36479000000,1.039,,,,35205000000,,271.99,271.97,,,,,775155000000,,,,,67247000000,-49949000000,-13065000000,,,0.221,,,,,,true,false,12,2020-04-01,2021-03-31,0
2021-04-28,72820,2020-03-31,,,,,,,,17888000000,-0.510,,,,11226000000,,86.74,,,,,,709185000000,,,,,65247000000,-54174000000,12525000000,,,0.692,,,,,,true,false,12,2019-04-01,2020-03-31,-1
2021-04-28,72820,2022-03-31,,,,,,,,22000000000,3.873,,,,13000000000,,100.43,,,,,,,,,,,,,,,,,,,,,,true,true,6,2021-04-01,2021-09-30,1
2021-04-28,72820,2022-03-31,,,,,,,,53000000000,0.453,,,,30000000000,,231.74,,,,,,,,,,,,,,,,0.302,,,,,,true,true,12,2021-04-01,2022-03-31,1
2021-04-28,72820,2020-03-31,,,,,,,,,,,,,,,,,,,,,,,,,,,,,,60.00,,,,130010011,575292,129434956,false,false,12,2019-04-01,2020-03-31,-1
2021-04-28,72820,2021-03-31,,,,,,,,,,,,,,,,,,,,,,,,,,,,,,60.00,,,,130031215,583167,129446426,false,false,12,2020-04-01,2021-03-31,0
2021-04-28,72820,2022-03-31,,,,,,,,,,,,,,,,,,,,,,,,,,,,,,70.00,,,,,,,false,true,12,2021-04-01,2022-03-31,1
2021-07-30,72820,2022-03-31,1,,,,,,,11261000000,,,,,9029000000,,69.75,69.75,,,,,788155000000,,,,,,,,,,,,,,,,true,false,3,2021-04-01,2021-06-30,0
2021-07-30,72820,2021-03-31,1,,,,,,,-9809000000,,,,,-4325000000,,-33.42,,,,,,,,,,,,,,,,,,,,,,true,false,3,2020-04-01,2020-06-30,-1
2021-07-30,72820,2022-03-31,1,,,,,,,22000000000,3.873,,,,13000000000,,100.43,,,,,,,,,,,,,,,,,,,,,,true,true,6,2021-04-01,2021-09-30,0
2021-07-30,72820,2022-03-31,1,,,,,,,53000000000,0.453,,,,30000000000,,231.74,,,,,,,,,,,,,,,,,,,,,,true,true,12,2021-04-01,2022-03-31,0
2021-07-30,72820,2021-03-31,1,,,,,,,,,,,,,,,,,,,,775155000000,,,,,,,,,,,,,,,,true,false,12,2020-04-01,2021-03-31,-1
2021-07-30,72820,2021-03-31,1,,,,,,,,,,,,,,,,,,,,,,,,,,,,,60.00,,,,130031215,583167,,false,false,12,2020-04-01,2021-03-31,-1
2021-07-30,72820,2022-03-31,1,,,,,,,,,,,,,,,,,,,,,,,,,,,,,70.00,,,,,,,false,true,12,2021-04-01,2022-03-31,0
2021-07-30,72820,2022-03-31,1,,,,,,,,,,,,,,,,,,,,,,,,,,,,,,,,,130031215,583337,129445325,false,false,3,2021-04-01,2021-06-30,0
2021-07-30,72820,2021-03-31,1,,,,,,,,,,,,,,,,,,,,,,,,,,,,,,,,,,,129434647,false,false,3,2020-04-01,2020-06-30,-1
2021-10-29,7282,2022-03-31,2,,,,,,,12991000000,1.878,,,,9027000000,,69.74,69.73,,,,,775025000000,,,,,,,,,,,,,,,,true,false,6,2021-04-01,2021-09-30,0
2021-10-29,7282,2021-03-31,2,,,,,,,4514000000,-0.759,,,,3437000000,,26.56,26.55,,,,,,,,,,,,,,,,,,,,,true,false,6,2020-04-01,2020-09-30,-1
2021-10-29,7282,2022-03-31,2,,,,,,,43000000000,0.179,,,,27000000000,,208.57,,,,,,,,,,,,,,,,,,,,,,true,true,12,2021-04-01,2022-03-31,0
2021-10-29,7282,2021-03-31,2,,,,,,,,,,,,,,,,,,,,775155000000,,,,,,,,,,,,,,,,true,false,12,2020-04-01,2021-03-31,-1
2021-10-29,7282,2021-03-31,2,,,,,,,,,,,,,,,,,,,,,,,,,,,,,60.00,,,,130031215,583167,,false,false,12,2020-04-01,2021-03-31,-1
2021-10-29,7282,2022-03-31,2,,,,,,,,,,,,,,,,,,,,,,,,,,,,,35.00,,,,,,,false,false,12,2021-04-01,2022-03-31,0
2021-10-29,7282,2022-03-31,2,,,,,,,,,,,,,,,,,,,,,,,,,,,,,70.00,,,,,,,false,true,12,2021-04-01,2022-03-31,0
2021-10-29,7282,2022-03-31,2,,,,,,,,,,,,,,,,,,,,,,,,,,,,,,,,,130048006,583476,129447632,false,false,6,2021-04-01,2021-09-30,0
2021-10-29,7282,2021-03-31,2,,,,,,,,,,,,,,,,,,,,,,,,,,,,,,,,,,,129443436,false,false,6,2020-04-01,2020-09-30,-1
2022-02-02,7282,2022-03-31,3,,,,,,,18992000000,-0.239,,,,13507000000,,104.35,104.34,,,,,813723000000,,,,,,,,,,,,,,,,true,false,9,2021-04-01,2021-12-31,0
2022-02-02,7282,2021-03-31,3,,,,,,,24969000000,2.984,,,,16708000000,,129.09,129.08,,,,,,,,,,,,,,,,,,,,,true,false,9,2020-04-01,2020-12-31,-1
2022-02-02,7282,2022-03-31,3,,,,,,,34000000000,-0.068,,,,21500000000,,166.08,,,,,,,,,,,,,,,,,,,,,,true,true,12,2021-04-01,2022-03-31,0
2022-02-02,7282,2021-03-31,3,,,,,,,,,,,,,,,,,,,,775155000000,,,,,,,,,,,,,,,,true,false,12,2020-04-01,2021-03-31,-1
2022-02-02,7282,2021-03-31,3,,,,,,,,,,,,,,,,,,,,,,,,,,,,,60.00,,,,130031215,583167,,false,false,12,2020-04-01,2021-03-31,-1
2022-02-02,7282,2022-03-31,3,,,,,,,,,,,,,,,,,,,,,,,,,,,,,35.00,,,,,,,false,false,12,2021-04-01,2022-03-31,0
2022-02-02,7282,2022-03-31,3,,,,,,,,,,,,,,,,,,,,,,,,,,,,,60.00,,,,,,,false,true,12,2021-04-01,2022-03-31,0
2022-02-02,7282,2022-03-31,3,,,,,,,,,,,,,,,,,,,,,,,,,,,,,,,,,130048006,583595,129449762,false,false,9,2021-04-01,2021-12-31,0
2022-02-02,7282,2021-03-31,3,,,,,,,,,,,,,,,,,,,,,,,,,,,,,,,,,,,129445845,false,false,9,2020-04-01,2020-12-31,-1
2022-04-28,7282,2022-03-31,,,,,,,,34172000000,-0.063,,,,23352000000,,180.39,180.38,,,,,859302000000,,,,,27658000000,-59427000000,2206000000,,,0.333,,,,,,true,false,12,2021-04-01,2022-03-31,0
2022-04-28,7282,2021-03-31,,,,,,,,36479000000,1.039,,,,35205000000,,271.99,271.97,,,,,775155000000,,,,,67247000000,-49949000000,-13065000000,,,0.221,,,,,,true,false,12,2020-04-01,2021-03-31,-1
2022-04-28,7282,2023-03-31,,,,,,,,15000000000,0.155,,,,9000000000,,69.52,,,,,,,,,,,,,,,,,,,,,,true,true,6,2022-04-01,2022-09-30,1
2022-04-28,7282,2023-03-31,,,,,,,,43000000000,0.258,,,,27500000000,,212.41,,,,,,,,,,,,,,,,0.282,,,,,,true,true,12,2022-04-01,2023-03-31,1
2022-04-28,7282,2021-03-31,,,,,,,,,,,,,,,,,,,,,,,,,,,,,,60.00,,,,130031215,583167,129437344,false,false,12,2020-04-01,2021-03-31,-1
2022-04-28,7282,2022-03-31,,,,,,,,,,,,,,,,,,,,,,,,,,,,,,60.00,,,,130048006,583665,129451808,false,false,12,2021-04-01,2022-03-31,0
2022-04-28,7282,2023-03-31,,,,,,,,,,,,,,,,,,,,,,,,,,,,,,60.00,,,,,,,false,true,12,2022-04-01,2023-03-31,1
2022-07-29,7282,2023-03-31,1,,,,,,,3142000000,-0.721,,,,2616000000,,20.21,20.21,,,,,888015000000,,,,,,,,,,,,,,,,true,false,3,2022-04-01,2022-06-30,0
2022-07-29,7282,2022-03-31,1,,,,,,,11261000000,,,,,9029000000,,69.75,69.75,,,,,,,,,,,,,,,,,,,,,true,false,3,2021-04-01,2021-06-30,-1
2022-07-29,7282,2023-03-31,1,,,,,,,15000000000,0.155,,,,9000000000,,69.52,,,,,,,,,,,,,,,,,,,,,,true,true,6,2022-04-01,2022-09-30,0
2022-07-29,7282,2023-03-31,1,,,,,,,43000000000,0.258,,,,27500000000,,212.41,,,,,,,,,,,,,,,,,,,,,,true,true,12,2022-04-01,2023-03-31,0
2022-07-29,7282,2022-03-31,1,,,,,,,,,,,,,,,,,,,,859302000000,,,,,,,,,,,,,,,,true,false,12,2021-04-01,2022-03-31,-1
2022-07-29,7282,2022-03-31,1,,,,,,,,,,,,,,,,,,,,,,,,,,,,,60.00,,,,130048006,583665,,false,false,12,2021-04-01,2022-03-31,-1
2022-07-29,7282,2023-03-31,1,,,,,,,,,,,,,,,,,,,,,,,,,,,,,60.00,,,,,,,false,true,12,2022-04-01,2023-03-31,0
2022-07-29,7282,2023-03-31,1,,,,,,,,,,,,,,,,,,,,,,,,,,,,,,,,,130048006,583725,129462232,false,false,3,2022-04-01,2022-06-30,0
2022-07-29,7282,2022-03-31,1,,,,,,,,,,,,,,,,,,,,,,,,,,,,,,,,,,,129445325,false,false,3,2021-04-01,2021-06-30,-1
2022-10-28,7282,2023-03-31,2,,,,,,,12267000000,-0.056,,,,8235000000,,63.61,63.60,,,,,883844000000,,,,,,,,,,,,,,,,true,false,6,2022-04-01,2022-09-30,0
2022-10-28,7282,2022-03-31,2,,,,,,,12991000000,1.878,,,,9027000000,,69.74,69.73,,,,,,,,,,,,,,,,,,,,,true,false,6,2021-04-01,2021-09-30,-1
2022-10-28,7282,2023-03-31,2,,,,,,,43000000000,0.258,,,,27500000000,,212.41,,,,,,,,,,,,,,,,,,,,,,true,true,12,2022-04-01,2023-03-31,0
2022-10-28,7282,2022-03-31,2,,,,,,,,,,,,,,,,,,,,859302000000,,,,,,,,,,,,,,,,true,false,12,2021-04-01,2022-03-31,-1
2022-10-28,7282,2022-03-31,2,,,,,,,,,,,,,,,,,,,,,,,,,,,,,60.00,,,,130048006,583665,,false,false,12,2021-04-01,2022-03-31,-1
2022-10-28,7282,2023-03-31,2,,,,,,,,,,,,,,,,,,,,,,,,,,,,,30.00,,,,,,,false,false,12,2022-04-01,2023-03-31,0
2022-10-28,7282,2023-03-31,2,,,,,,,,,,,,,,,,,,,,,,,,,,,,,60.00,,,,,,,false,true,12,2022-04-01,2023-03-31,0
2022-10-28,7282,2023-03-31,2,,,,,,,,,,,,,,,,,,,,,,,,,,,,,,,,,130071104,583819,129464679,false,false,6,2022-04-01,2022-09-30,0
2022-10-28,7282,2022-03-31,2,,,,,,,,,,,,,,,,,,,,,,,,,,,,,,,,,,,129447632,false,false,6,2021-04-01,2021-09-30,-1
2023-02-03,7282,2023-03-31,3,,,,,,,23690000000,0.247,,,,14079000000,,108.75,108.74,,,,,836551000000,,,,,,,,,,,,,,,,true,false,9,2022-04-01,2022-12-31,0
2023-02-03,7282,2022-03-31,3,,,,,,,18992000000,-0.239,,,,13507000000,,104.35,104.34,,,,,,,,,,,,,,,,,,,,,true,false,9,2021-04-01,2021-12-31,-1
2023-02-03,7282,2023-03-31,3,,,,,,,36000000000,0.053,,,,23000000000,,177.65,,,,,,,,,,,,,,,,,,,,,,true,true,12,2022-04-01,2023-03-31,0
2023-02-03,7282,2022-03-31,3,,,,,,,,,,,,,,,,,,,,859302000000,,,,,,,,,,,,,,,,true,false,12,2021-04-01,2022-03-31,-1
2023-02-03,7282,2022-03-31,3,,,,,,,,,,,,,,,,,,,,,,,,,,,,,60.00,,,,130048006,583665,,false,false,12,2021-04-01,2022-03-31,-1
2023-02-03,7282,2023-03-31,3,,,,,,,,,,,,,,,,,,,,,,,,,,,,,30.00,,,,,,,false,false,12,2022-04-01,2023-03-31,0
2023-02-03,7282,2023-03-31,3,,,,,,,,,,,,,,,,,,,,,,,,,,,,,60.00,,,,,,,false,true,12,2022-04-01,2023-03-31,0
2023-02-03,7282,2023-03-31,3,,,,,,,,,,,,,,,,,,,,,,,,,,,,,,,,,130071104,584194,129467381,false,false,9,2022-04-01,2022-12-31,0
2023-02-03,7282,2022-03-31,3,,,,,,,,,,,,,,,,,,,,,,,,,,,,,,,,,,,129449762,false,false,9,2021-04-01,2021-12-31,-1
2023-04-27,7282,2023-03-31,,,,,,,,35069000000,0.026,,,,16004000000,,123.62,123.61,,,,,865300000000,,,,,53973000000,-31952000000,-28558000000,,,0.486,,,,,,true,false,12,2022-04-01,2023-03-31,0
2023-04-27,7282,2022-03-31,,,,,,,,34172000000,-0.063,,,,23352000000,,180.39,180.38,,,,,859302000000,,,,,27658000000,-59427000000,2206000000,,,0.333,,,,,,true,false,12,2021-04-01,2022-03-31,-1
2023-04-27,7282,2024-03-31,,,,,,,,40000000000,0.141,,,,25000000000,,193.06,,,,,,,,,,,,,,,,0.311,,,,,,true,true,12,2023-04-01,2024-03-31,1
2023-04-27,7282,2022-03-31,,,,,,,,,,,,,,,,,,,,,,,,,,,,,,60.00,,,,130048006,583665,129451808,false,false,12,2021-04-01,2022-03-31,-1
2023-04-27,7282,2023-03-31,,,,,,,,,,,,,,,,,,,,,,,,,,,,,,60.00,,,,130071104,584410,129470037,false,false,12,2022-04-01,2023-03-31,0
2023-04-27,7282,2024-03-31,,,,,,,,,,,,,,,,,,,,,,,,,,,,,,60.00,,,,,,,false,true,12,2023-04-01,2024-03-31,1
2023-07-28,7282,2024-03-31,1,,,,,,,16386000000,4.214,,,,11616000000,,89.71,89.71,,,,,908919000000,,,,,,,,,,,,,,,,true,false,3,2023-04-01,2023-06-30,0
2023-07-28,7282,2023-03-31,1,,,,,,,3142000000,-0.721,,,,2616000000,,20.21,20.21,,,,,,,,,,,,,,,,,,,,,true,false,3,2022-04-01,2022-06-30,-1
2023-07-28,7282,2024-03-31,1,,,,,,,40000000000,0.141,,,,25000000000,,193.06,,,,,,,,,,,,,,,,,,,,,,true,true,12,2023-04-01,2024-03-31,0
2023-07-28,7282,2023-03-31,1,,,,,,,,,,,,,,,,,,,,865300000000,,,,,,,,,,,,,,,,true,false,12,2022-04-01,2023-03-31,-1
2023-07-28,7282,2023-03-31,1,,,,,,,,,,,,,,,,,,,,,,,,,,,,,60.00,,,,130071104,584410,,false,false,12,2022-04-01,2023-03-31,-1
2023-07-28,7282,2024-03-31,1,,,,,,,,,,,,,,,,,,,,,,,,,,,,,60.00,,,,,,,false,true,12,2023-04-01,2024-03-31,0
2023-07-28,7282,2024-03-31,1,,,,,,,,,,,,,,,,,,,,,,,,,,,,,,,,,130071104,584518,129483744,false,false,3,2023-04-01,2023-06-30,0
2023-07-28,7282,2023-03-31,1,,,,,,,,,,,,,,,,,,,,,,,,,,,,,,,,,,,129462232,false,false,3,2022-04-01,2022-06-30,-1
2023-10-31,7282,2024-03-31,2,,,,,,,33691000000,1.746,,,,23270000000,,179.72,179.71,,,,,920669000000,,,,,,,,,,,,,,,,true,false,6,2023-04-01,2023-09-30,0
2023-10-31,7282,2023-03-31,2,,,,,,,12267000000,-0.056,,,,8235000000,,63.61,63.60,,,,,,,,,,,,,,,,,,,,,true,false,6,2022-04-01,2022-09-30,-1
2023-10-31,7282,2024-03-31,2,,,,,,,59000000000,0.682,,,,39000000000,,301.18,,,,,,,,,,,,,,,,,,,,,,true,true,12,2023-04-01,2024-03-31,0
2023-10-31,7282,2023-03-31,2,,,,,,,,,,,,,,,,,,,,865300000000,,,,,,,,,,,,,,,,true,false,12,2022-04-01,2023-03-31,-1
2023-10-31,7282,2023-03-31,2,,,,,,,,,,,,,,,,,,,,,,,,,,,,,60.00,,,,130071104,584410,,false,false,12,2022-04-01,2023-03-31,-1
2023-10-31,7282,2024-03-31,2,,,,,,,,,,,,,,,,,,,,,,,,,,,,,38.00,,,,,,,false,false,12,2023-04-01,2024-03-31,0
2023-10-31,7282,2024-03-31,2,,,,,,,,,,,,,,,,,,,,,,,,,,,,,76.00,,,,,,,false,true,12,2023-04-01,2024-03-31,0
2023-10-31,7282,2024-03-31,2,,,,,,,,,,,,,,,,,,,,,,,,,,,,,,,,,130086647,585504,129486348,false,false,6,2023-04-01,2023-09-30,0
2023-10-31,7282,2023-03-31,2,,,,,,,,,,,,,,,,,,,,,,,,,,,,,,,,,,,129464679,false,false,6,2022-04-01,2022-09-30,-1
2024-02-02,7282,2024-03-31,3,,,,,,,55900000000,1.360,,,,41284000000,,319.85,319.83,,,,,893230000000,,,,,,,,,,,,,,,,true,false,9,2023-04-01,2023-12-31,0
2024-02-02,7282,2023-03-31,3,,,,,,,23690000000,0.247,,,,14079000000,,108.75,108.74,,,,,,,,,,,,,,,,,,,,,true,false,9,2022-04-01,2022-12-31,-1
2024-02-02,7282,2024-03-31,3,,,,,,,70000000000,0.996,,,,51000000000,,396.69,,,,,,,,,,,,,,,,,,,,,,true,true,12,2023-04-01,2024-03-31,0
2024-02-02,7282,2023-03-31,3,,,,,,,,,,,,,,,,,,,,865300000000,,,,,,,,,,,,,,,,true,false,12,2022-04-01,2023-03-31,-1
2024-02-02,7282,2023-03-31,3,,,,,,,,,,,,,,,,,,,,,,,,,,,,,60.00,,,,130071104,584410,,false,false,12,2022-04-01,2023-03-31,-1
2024-02-02,7282,2024-03-31,3,,,,,,,,,,,,,,,,,,,,,,,,,,,,,38.00,,,,,,,false,false,12,2023-04-01,2024-03-31,0
2024-02-02,7282,2024-03-31,3,,,,,,,,,,,,,,,,,,,,,,,,,,,,,76.00,,,,,,,false,true,12,2023-04-01,2024-03-31,0
2024-02-02,7282,2024-03-31,3,,,,,,,,,,,,,,,,,,,,,,,,,,,,,,,,,127614147,585639,129074626,false,false,9,2023-04-01,2023-12-31,0
2024-02-02,7282,2023-03-31,3,,,,,,,,,,,,,,,,,,,,,,,,,,,,,,,,,,,129467381,false,false,9,2022-04-01,2022-12-31,-1
2024-04-26,7282,2024-03-31,,,,,,,,67703000000,0.931,,,,51454000000,,400.22,400.20,,,,,933347000000,,,,,128368000000,-40686000000,-53066000000,,,0.236,,,,,,true,false,12,2023-04-01,2024-03-31,0
2024-04-26,7282,2023-03-31,,,,,,,,35069000000,0.026,,,,16004000000,,123.62,123.61,,,,,865300000000,,,,,53973000000,-31952000000,-28558000000,,,0.486,,,,,,true,false,12,2022-04-01,2023-03-31,-1
2024-04-26,7282,2025-03-31,,,,,,,,53000000000,-0.217,,,,37000000000,,291.27,,,,,,,,,,,,,,,,0.360,,,,,,true,true,12,2024-04-01,2025-03-31,1
2024-04-26,7282,2023-03-31,,,,,,,,,,,,,,,,,,,,,,,,,,,,,,60.00,,,,130071104,584410,129470037,false,false,12,2022-04-01,2023-03-31,-1
2024-04-26,7282,2024-03-31,,,,,,,,,,,,,,,,,,,,,,,,,,,,,,95.00,,,,127614147,585871,128564505,false,false,12,2023-04-01,2024-03-31,0
2024-04-26,7282,2025-03-31,,,,,,,,,,,,,,,,,,,,,,,,,,,,,,105.00,,,,,,,false,true,12,2024-04-01,2025-03-31,1
2024-07-31,7282,2025-03-31,1,,,,,,,17222000000,0.051,,,,11839000000,,93.20,93.20,,,,,967930000000,,,,,,,,,,,,,,,,true,false,3,2024-04-01,2024-06-30,0
2024-07-31,7282,2024-03-31,1,,,,,,,16386000000,4.214,,,,11616000000,,89.71,89.71,,,,,,,,,,,,,,,,,,,,,true,false,3,2023-04-01,2023-06-30,-1
2024-07-31,7282,2025-03-31,1,,,,,,,53000000000,-0.217,,,,37000000000,,291.27,,,,,,,,,,,,,,,,,,,,,,true,true,12,2024-04-01,2025-03-31,0
2024-07-31,7282,2024-03-31,1,,,,,,,,,,,,,,,,,,,,933347000000,,,,,,,,,,,,,,,,true,false,12,2023-04-01,2024-03-31,-1
2024-07-31,7282,2024-03-31,1,,,,,,,,,,,,,,,,,,,,,,,,,,,,,95.00,,,,127614147,585871,,false,false,12,2023-04-01,2024-03-31,-1
2024-07-31,7282,2025-03-31,1,,,,,,,,,,,,,,,,,,,,,,,,,,,,,105.00,,,,,,,false,true,12,2024-04-01,2025-03-31,0
2024-07-31,7282,2025-03-31,1,,,,,,,,,,,,,,,,,,,,,,,,,,,,,,,,,127614147,585871,127026439,false,false,3,2024-04-01,2024-06-30,0
2024-07-31,7282,2024-03-31,1,,,,,,,,,,,,,,,,,,,,,,,,,,,,,,,,,,,129483744,false,false,3,2023-04-01,2023-06-30,-1
2024-10-31,7282,2025-03-31,2,,,,,,,28873000000,-0.143,,,,18210000000,,143.36,143.35,,,,,907860000000,,,,,,,,,,,,,,,,true,false,6,2024-04-01,2024-09-30,0
2024-10-31,7282,2024-03-31,2,,,,,,,33691000000,1.746,,,,23270000000,,179.72,179.71,,,,,,,,,,,,,,,,,,,,,true,false,6,2023-04-01,2023-09-30,-1
2024-10-31,7282,2025-03-31,2,,,,,,,53000000000,-0.217,,,,37000000000,,291.27,,,,,,,,,,,,,,,,,,,,,,true,true,12,2024-04-01,2025-03-31,0
2024-10-31,7282,2024-03-31,2,,,,,,,,,,,,,,,,,,,,933347000000,,,,,,,,,,,,,,,,true,false,12,2023-04-01,2024-03-31,-1
2024-10-31,7282,2024-03-31,2,,,,,,,,,,,,,,,,,,,,,,,,,,,,,95.00,,,,127614147,585871,,false,false,12,2023-04-01,2024-03-31,-1
2024-10-31,7282,2025-03-31,2,,,,,,,,,,,,,,,,,,,,,,,,,,,,,50.00,,,,,,,false,false,12,2024-04-01,2025-03-31,0
2024-10-31,7282,2025-03-31,2,,,,,,,,,,,,,,,,,,,,,,,,,,,,,105.00,,,,,,,false,true,12,2024-04-01,2025-03-31,0
2024-10-31,7282,2025-03-31,2,,,,,,,,,,,,,,,,,,,,,,,,,,,,,,,,,127614147,568859,127028411,false,false,6,2024-04-01,2024-09-30,0
2024-10-31,7282,2024-03-31,2,,,,,,,,,,,,,,,,,,,,,,,,,,,,,,,,,,,129486348,false,false,6,2023-04-01,2023-09-30,-1
2025-01-31,7282,2025-03-31,3,,,,,,,47079000000,-0.158,,,,32267000000,,254.01,253.94,,,,,952173000000,,,,,,,,,,,,,,,,true,false,9,2024-04-01,2024-12-31,0
2025-01-31,7282,2024-03-31,3,,,,,,,55900000000,1.360,,,,41284000000,,319.85,319.83,,,,,,,,,,,,,,,,,,,,,true,false,9,2023-04-01,2023-12-31,-1
2025-01-31,7282,2025-03-31,3,,,,,,,58000000000,-0.143,,,,40000000000,,314.87,,,,,,,,,,,,,,,,,,,,,,true,true,12,2024-04-01,2025-03-31,0
2025-01-31,7282,2024-03-31,3,,,,,,,,,,,,,,,,,,,,933347000000,,,,,,,,,,,,,,,,true,false,12,2023-04-01,2024-03-31,-1
2025-01-31,7282,2024-03-31,3,,,,,,,,,,,,,,,,,,,,,,,,,,,,,95.00,,,,127614147,585871,,false,false,12,2023-04-01,2024-03-31,-1
2025-01-31,7282,2025-03-31,3,,,,,,,,,,,,,,,,,,,,,,,,,,,,,50.00,,,,,,,false,false,12,2024-04-01,2025-03-31,0
2025-01-31,7282,2025-03-31,3,,,,,,,,,,,,,,,,,,,,,,,,,,,,,105.00,,,,,,,false,true,12,2024-04-01,2025-03-31,0
2025-01-31,7282,2025-03-31,3,,,,,,,,,,,,,,,,,,,,,,,,,,,,,,,,,127614147,400847,127031509,false,false,9,2024-04-01,2024-12-31,0
2025-01-31,7282,2024-03-31,3,,,,,,,,,,,,,,,,,,,,,,,,,,,,,,,,,,,129074626,false,false,9,2023-04-01,2023-12-31,-1
2025-04-25,7282,2025-03-31,,,,,,,,59844000000,-0.116,,,,36331000000,,286.00,285.85,,,,,913039000000,,,,,92011000000,-71823000000,-50680000000,,,0.367,,,,,,true,false,12,2024-04-01,2025-03-31,0
2025-04-25,7282,2024-03-31,,,,,,,,67703000000,0.931,,,,51454000000,,400.22,400.20,,,,,933347000000,,,,,128368000000,-40686000000,-53066000000,,,0.236,,,,,,true,false,12,2023-04-01,2024-03-31,-1
2025-04-25,7282,2026-03-31,,,,,,,,55000000000,-0.081,,,,38000000000,,298.99,,,,,,,,,,,,,,,,0.368,,,,,,true,true,12,2025-04-01,2026-03-31,1
2025-04-25,7282,2024-03-31,,,,,,,,,,,,,,,,,,,,,,,,,,,,,,95.00,,,,127614147,585871,128564505,false,false,12,2023-04-01,2024-03-31,-1
2025-04-25,7282,2025-03-31,,,,,,,,,,,,,,,,,,,,,,,,,,,,,,105.00,,,,127614147,376907,127036939,false,false,12,2024-04-01,2025-03-31,0
2025-04-25,7282,2026-03-31,,,,,,,,,,,,,,,,,,,,,,,,,,,,,,110.00,,,,,,,false,true,12,2025-04-01,2026-03-31,1
2025-05-16,72820,2025-03-31,,436090000000,-0.009,,,,,9308000000,-0.388,38603000000,0.026,23475000000,,-0.306,184.66,,,,,,,,,,,,,,,,,,,,,,false,true,12,2024-04-01,2025-03-31,0
2025-05-16,72820,2024-03-31,,439829000000,,,,,,15208000000,,37631000000,,33847000000,,,263.21,,,,,,,,,,,,,,,,,,,,,,false,false,12,2023-04-01,2024-03-31,-1
2025-07-31,7282,2026-03-31,1,,,,,,,18373000000,0.067,,,,13473000000,,106.04,105.92,,,,,911482000000,,,,,,,,,,,,,,,,true,false,3,2025-04-01,2025-06-30,0
2025-07-31,7282,2025-03-31,1,,,,,,,17222000000,0.051,,,,11839000000,,93.20,93.20,,,,,,,,,,,,,,,,,,,,,true,false,3,2024-04-01,2024-06-30,-1
2025-07-31,7282,2026-03-31,1,,,,,,,55000000000,-0.081,,,,38000000000,,298.99,,,,,,,,,,,,,,,,,,,,,,true,true,12,2025-04-01,2026-03-31,0
2025-07-31,7282,2025-03-31,1,,,,,,,,,,,,,,,,,,,,913039000000,,,,,,,,,,,,,,,,true,false,12,2024-04-01,2025-03-31,-1
2025-07-31,7282,2025-03-31,1,,,,,,,,,,,,,,,,,,,,,,,,,,,,,105.00,,,,127614147,376907,,false,false,12,2024-04-01,2025-03-31,-1
2025-07-31,7282,2026-03-31,1,,,,,,,,,,,,,,,,,,,,,,,,,,,,,110.00,,,,,,,false,true,12,2025-04-01,2026-03-31,0
2025-07-31,7282,2026-03-31,1,,,,,,,,,,,,,,,,,,,,,,,,,,,,,,,,,127614147,377313,127067952,false,false,3,2025-04-01,2025-06-30,0
2025-07-31,7282,2025-03-31,1,,,,,,,,,,,,,,,,,,,,,,,,,,,,,,,,,,,127026439,false,false,3,2024-04-01,2024-06-30,-1
