filing_date,code,fiscal_year_end,quarterly_period,net_sales,net_sales_change,revenue,revenue_change,operating_revenue,operating_revenue_change,operating_profit,operating_profit_change,ordinary_profit,ordinary_profit_change,net_income,net_income_of_parent,net_income_change,eps,diluted_eps,roe,roa,operating_profit_to_net_sales,operating_profit_to_revenue,total_assets,net_assets,equity_ratio,bps,owner_equity,operating_cash_flow,investing_cash_flow,financing_cash_flow,cash,dividend_per_share,payout_ratio,commemorative_dividend,extra_dividend,number_of_shares,number_of_treqsury_shares,avg_number_of_shares,is_consolidated,is_forecast,duration,period_start,period_end,period_pos
2015-07-30,72830,2016-03-31,1,53068000000,0.074,,,,,2676000000,-0.056,2601000000,-0.076,,1932000000,,30.94,30.86,,,,,185099000000,87667000000,0.456,,84339000000,,,,,,,,,,,,true,false,3,2015-04-01,2015-06-30,0
2015-07-30,72830,2015-03-31,1,49434000000,0.063,,,,,2836000000,0.152,2815000000,0.006,,1895000000,,33.95,33.91,,,,,,,,,,,,,,,,,,,,,true,false,3,2014-04-01,2014-06-30,-1
2015-07-30,72830,2016-03-31,1,106000000000,0.046,,,,,5400000000,0.044,5300000000,0.064,,3400000000,,54.42,,,,,,,,,,,,,,,,,,,,,,true,true,6,2015-04-01,2015-09-30,0
2015-07-30,72830,2016-03-31,1,213000000000,0.002,,,,,11000000000,0.019,10700000000,-0.055,,7000000000,,112.04,,,,,,,,,,,,,,,,,,,,,,true,true,12,2015-04-01,2016-03-31,0
2015-07-30,72830,2015-03-31,1,,,,,,,,,,,,,,,,,,,,185422000000,88027000000,0.458,,84880000000,,,,,,,,,,,,true,false,12,2014-04-01,2015-03-31,-1
2015-07-30,72830,2015-03-31,1,,,,,,,,,,,,,,,,,,,,,,,,,,,,,29.00,,,,62464396,22807,,false,false,12,2014-04-01,2015-03-31,-1
2015-07-30,72830,2016-03-31,1,,,,,,,,,,,,,,,,,,,,,,,,,,,,,16.00,,,,,,,false,true,12,2015-04-01,2016-03-31,0
2015-07-30,72830,2016-03-31,1,,,,,,,,,,,,,,,,,,,,,,,,,,,,,,,,,62506896,22917,62467667,false,false,3,2015-04-01,2015-06-30,0
2015-07-30,72830,2015-03-31,1,,,,,,,,,,,,,,,,,,,,,,,,,,,,,,,,,,,55831138,false,false,3,2014-04-01,2014-06-30,-1
2015-10-29,72830,2016-03-31,2,109051000000,0.076,,,,,5416000000,0.047,5325000000,0.069,,3939000000,,63.05,62.90,,,,,184081000000,89807000000,0.469,,86393000000,,,,,,,,,,,,true,false,6,2015-04-01,2015-09-30,0
2015-10-29,72830,2015-03-31,2,101370000000,0.049,,,,,5172000000,0.031,4982000000,-0.079,,3180000000,,54.43,54.36,,,,,,,,,,,,,,,,,,,,,true,false,6,2014-04-01,2014-09-30,-1
2015-10-29,72830,2016-03-31,2,213000000000,0.002,,,,,11000000000,0.019,10700000000,-0.055,,7000000000,,111.95,,,,,,,,,,,,,,,,,,,,,,true,true,12,2015-04-01,2016-03-31,0
2015-10-29,72830,2015-03-31,2,,,,,,,,,,,,,,,,,,,,185422000000,88027000000,0.458,,84880000000,,,,,,,,,,,,true,false,12,2014-04-01,2015-03-31,-1
2015-10-29,72830,2015-03-31,2,,,,,,,,,,,,,,,,,,,,,,,,,,,,,29.00,,,,62464396,22807,,false,false,12,2014-04-01,2015-03-31,-1
2015-10-29,72830,2016-03-31,2,,,,,,,,,,,,,,,,,,,,,,,,,,,,,16.00,,,,,,,false,false,12,2015-04-01,2016-03-31,0
2015-10-29,72830,2016-03-31,2,,,,,,,,,,,,,,,,,,,,,,,,,,,,,33.00,,,,,,,false,true,12,2015-04-01,2016-03-31,0
2015-10-29,72830,2016-03-31,2,,,,,,,,,,,,,,,,,,,,,,,,,,,,,,,,,62585996,23064,62492796,false,false,6,2015-04-01,2015-09-30,0
2015-10-29,72830,2015-03-31,2,,,,,,,,,,,,,,,,,,,,,,,,,,,,,,,,,,,58430599,false,false,6,2014-04-01,2014-09-30,-1
,72830,2016-03-31,,,,,,,,,,,,,,,,,,,,,,,,,,,,,,33.00,,,,,,,false,true,12,2015-04-01,2016-03-31,0
,72830,2016-03-31,,,,,,,,,,,,,,,,,,,,,,,,,,,,,,16.00,,,,,,,false,false,12,2015-04-01,2016-03-31,0
,72830,2015-03-31,,,,,,,,,,,,,,,,,,,,,,,,,,,,,,29.00,,,,,,,false,false,12,2014-04-01,2015-03-31,-1
2016-02-02,72830,2016-03-31,3,161519000000,0.042,,,,,8217000000,0.022,8005000000,-0.036,,5659000000,,90.50,90.29,,,,,180661000000,87870000000,0.469,,84678000000,,,,,,,,,,,,true,false,9,2015-04-01,2015-12-31,0
2016-02-02,72830,2015-03-31,3,154976000000,0.081,,,,,8040000000,0.161,8303000000,0.152,,5574000000,,93.57,93.45,,,,,,,,,,,,,,,,,,,,,true,false,9,2014-04-01,2014-12-31,-1
2016-02-02,72830,2016-03-31,3,213000000000,0.002,,,,,11000000000,0.019,10700000000,-0.055,,7000000000,,111.90,,,,,,,,,,,,,,,,,,,,,,true,true,12,2015-04-01,2016-03-31,0
2016-02-02,72830,2015-03-31,3,,,,,,,,,,,,,,,,,,,,185422000000,88027000000,0.458,,84880000000,,,,,,,,,,,,true,false,12,2014-04-01,2015-03-31,-1
2016-02-02,72830,2015-03-31,3,,,,,,,,,,,,,,,,,,,,,,,,,,,,,29.00,,,,62464396,22807,,false,false,12,2014-04-01,2015-03-31,-1
2016-02-02,72830,2016-03-31,3,,,,,,,,,,,,,,,,,,,,,,,,,,,,,16.00,,,,,,,false,false,12,2015-04-01,2016-03-31,0
2016-02-02,72830,2016-03-31,3,,,,,,,,,,,,,,,,,,,,,,,,,,,,,33.00,,,,,,,false,true,12,2015-04-01,2016-03-31,0
2016-02-02,72830,2016-03-31,3,,,,,,,,,,,,,,,,,,,,,,,,,,,,,,,,,62665996,23361,62527877,false,false,9,2015-04-01,2015-12-31,0
2016-02-02,72830,2015-03-31,3,,,,,,,,,,,,,,,,,,,,,,,,,,,,,,,,,,,59570845,false,false,9,2014-04-01,2014-12-31,-1
2016-04-27,72830,2016-03-31,,215360000000,0.013,,,,,9854000000,-0.087,9349000000,-0.174,,6208000000,,99.24,99.06,0.075,0.051,0.046,,184156000000,84601000000,0.442,1297.81,81324000000,24132000000,-13441000000,-1585000000,34819000000,,0.333,,,,,,true,false,12,2015-04-01,2016-03-31,0
2016-04-27,72830,2015-03-31,,212676000000,0.102,,,,,10796000000,0.139,11322000000,0.142,,6755000000,,112.19,112.07,0.089,0.065,0.051,,185422000000,88027000000,0.458,1359.36,84880000000,13772000000,-18035000000,3822000000,25572000000,,0.258,,,,,,true,false,12,2014-04-01,2015-03-31,-1
2016-04-27,72830,2017-03-31,,200000000000,-0.071,,,,,8000000000,-0.188,7600000000,-0.187,,4800000000,,76.60,,,,,,,,,,,,,,,,,,,,,,true,true,12,2016-04-01,2017-03-31,1
2016-04-27,72830,2016-03-31,,100375000000,-0.125,,,,,2482000000,-0.372,4536000000,-0.132,3332000000,,0.173,53.27,53.17,,,,,119738000000,56455000000,0.470,898.15,56280000000,,,,,33.00,,,,62686696,23361,62557259,false,false,12,2015-04-01,2016-03-31,0
2016-04-27,72830,2015-03-31,,114698000000,0.088,,,,,3955000000,1.475,5229000000,0.873,2841000000,,1.713,47.19,47.13,,,,,121258000000,55371000000,0.455,883.78,55184000000,,,,,29.00,,,,62464396,22807,60216695,false,false,12,2014-04-01,2015-03-31,-1
2016-07-28,72830,2017-03-31,1,50699000000,-0.045,,,,,1904000000,-0.289,1381000000,-0.469,,792000000,,12.64,12.64,,,,,179560000000,81296000000,0.435,,78108000000,,,,,,,,,,,,true,false,3,2016-04-01,2016-06-30,0
2016-07-28,72830,2016-03-31,1,53068000000,0.074,,,,,2676000000,-0.056,2601000000,-0.076,,1932000000,,30.94,30.86,,,,,,,,,,,,,,,,,,,,,true,false,3,2015-04-01,2015-06-30,-1
2016-07-28,72830,2017-03-31,1,102000000000,-0.065,,,,,3800000000,-0.298,2700000000,-0.493,,1700000000,,27.13,,,,,,,,,,,,,,,,,,,,,,true,true,6,2016-04-01,2016-09-30,0
2016-07-28,72830,2017-03-31,1,200000000000,-0.071,,,,,8000000000,-0.188,6900000000,-0.262,,4400000000,,70.21,,,,,,,,,,,,,,,,,,,,,,true,true,12,2016-04-01,2017-03-31,0
2016-07-28,72830,2016-03-31,1,,,,,,,,,,,,,,,,,,,,184156000000,84601000000,0.442,,81324000000,,,,,,,,,,,,true,false,12,2015-04-01,2016-03-31,-1
2016-07-28,72830,2016-03-31,1,,,,,,,,,,,,,,,,,,,,,,,,,,,,,33.00,,,,62686696,23361,,false,false,12,2015-04-01,2016-03-31,-1
2016-07-28,72830,2017-03-31,1,,,,,,,,,,,,,,,,,,,,,,,,,,,,,25.00,,,,,,,false,true,12,2016-04-01,2017-03-31,0
2016-07-28,72830,2017-03-31,1,,,,,,,,,,,,,,,,,,,,,,,,,,,,,,,,,62690696,23361,62665085,false,false,3,2016-04-01,2016-06-30,0
2016-07-28,72830,2016-03-31,1,,,,,,,,,,,,,,,,,,,,,,,,,,,,,,,,,,,62467667,false,false,3,2015-04-01,2015-06-30,-1
2016-07-28,72830,2017-03-31,,102000000000,,,,,,3800000000,,2700000000,,1700000000,,,27.13,,,,,,,,,,,,,,,,,,,,,,true,true,6,2016-04-01,2016-09-30,0
2016-07-28,72830,2016-03-31,,109051000000,,,,,,5416000000,,5325000000,,3939000000,,,63.05,,,,,,,,,,,,,,,,,,,,,,true,false,6,2015-04-01,2015-09-30,-1
2016-07-28,72830,2017-03-31,,200000000000,0.000,,,,,8000000000,0.000,6900000000,-0.092,4400000000,,-0.083,70.21,,,,,,,,,,,,,,,,,,,,,,true,true,12,2016-04-01,2017-03-31,0
2016-07-28,72830,2016-03-31,,215360000000,,,,,,9854000000,,9349000000,,6208000000,,,99.24,,,,,,,,,,,,,,,,,,,,,,true,false,12,2015-04-01,2016-03-31,-1
2016-07-28,72830,2017-03-31,,,,,,,,,,,,,,,,,,,,,,,,,,,,,,25.00,,,,,,,false,true,12,2016-04-01,2017-03-31,0
2016-07-28,72830,2016-03-31,,,,,,,,,,,,,,,,,,,,,,,,,,,,,,33.00,,,,,,,false,false,12,2015-04-01,2016-03-31,-1
2016-10-27,72830,2017-03-31,2,102706000000,-0.058,,,,,3784000000,-0.301,2718000000,-0.490,,1746000000,,27.87,27.87,,,,,171453000000,77563000000,0.435,,74573000000,,,,,,,,,,,,true,false,6,2016-04-01,2016-09-30,0
2016-10-27,72830,2016-03-31,2,109051000000,0.076,,,,,5416000000,0.047,5325000000,0.069,,3939000000,,63.05,62.90,,,,,,,,,,,,,,,,,,,,,true,false,6,2015-04-01,2015-09-30,-1
2016-10-27,72830,2017-03-31,2,200000000000,-0.071,,,,,8000000000,-0.188,6900000000,-0.262,,4400000000,,70.21,,,,,,,,,,,,,,,,,,,,,,true,true,12,2016-04-01,2017-03-31,0
2016-10-27,72830,2016-03-31,2,,,,,,,,,,,,,,,,,,,,184156000000,84601000000,0.442,,81324000000,,,,,,,,,,,,true,false,12,2015-04-01,2016-03-31,-1
2016-10-27,72830,2016-03-31,2,,,,,,,,,,,,,,,,,,,,,,,,,,,,,33.00,,,,62686696,23361,,false,false,12,2015-04-01,2016-03-31,-1
2016-10-27,72830,2017-03-31,2,,,,,,,,,,,,,,,,,,,,,,,,,,,,,12.00,,,,,,,false,false,12,2016-04-01,2017-03-31,0
2016-10-27,72830,2017-03-31,2,,,,,,,,,,,,,,,,,,,,,,,,,,,,,25.00,,,,,,,false,true,12,2016-04-01,2017-03-31,0
2016-10-27,72830,2017-03-31,2,,,,,,,,,,,,,,,,,,,,,,,,,,,,,,,,,62692696,23389,62666331,false,false,6,2016-04-01,2016-09-30,0
2016-10-27,72830,2016-03-31,2,,,,,,,,,,,,,,,,,,,,,,,,,,,,,,,,,,,62492796,false,false,6,2015-04-01,2015-09-30,-1
2017-02-01,72830,2017-03-31,3,150673000000,-0.067,,,,,5930000000,-0.278,5117000000,-0.361,,3312000000,,52.86,52.85,,,,,175325000000,78620000000,0.431,,75598000000,,,,,,,,,,,,true,false,9,2016-04-01,2016-12-31,0
2017-02-01,72830,2016-03-31,3,161519000000,0.042,,,,,8217000000,0.022,8005000000,-0.036,,5659000000,,90.50,90.29,,,,,,,,,,,,,,,,,,,,,true,false,9,2015-04-01,2015-12-31,-1
2017-02-01,72830,2017-03-31,3,200000000000,-0.071,,,,,8000000000,-0.188,6900000000,-0.262,4400000000,,-0.291,70.20,,,,,,,,,,,,,,,,,,,,,,true,true,12,2016-04-01,2017-03-31,0
2017-02-01,72830,2016-03-31,3,,,,,,,,,,,,,,,,,,,,184156000000,84601000000,0.442,,81324000000,,,,,,,,,,,,true,false,12,2015-04-01,2016-03-31,-1
2017-02-01,72830,2016-03-31,3,,,,,,,,,,,,,,,,,,,,,,,,,,,,,33.00,,,,62686696,23361,,false,false,12,2015-04-01,2016-03-31,-1
2017-02-01,72830,2017-03-31,3,,,,,,,,,,,,,,,,,,,,,,,,,,,,,12.00,,,,,,,false,false,12,2016-04-01,2017-03-31,0
2017-02-01,72830,2017-03-31,3,,,,,,,,,,,,,,,,,,,,,,,,,,,,,25.00,,,,,,,false,true,12,2016-04-01,2017-03-31,0
2017-02-01,72830,2017-03-31,3,,,,,,,,,,,,,,,,,,,,,,,,,,,,,,,,,62713296,23532,62669269,false,false,9,2016-04-01,2016-12-31,0
2017-02-01,72830,2016-03-31,3,,,,,,,,,,,,,,,,,,,,,,,,,,,,,,,,,,,62527877,false,false,9,2015-04-01,2015-12-31,-1
2017-04-27,72830,2017-03-31,,203769000000,-0.054,,,,,8159000000,-0.172,7407000000,-0.208,,4505000000,,71.88,71.87,0.055,0.041,0.040,,178914000000,84714000000,0.455,1299.45,81471000000,14395000000,-16431000000,-3510000000,28680000000,,0.348,,,,,,true,false,12,2016-04-01,2017-03-31,0
2017-04-27,72830,2016-03-31,,215360000000,0.013,,,,,9854000000,-0.087,9349000000,-0.174,,6208000000,,99.24,99.06,0.075,0.051,0.046,,184156000000,84601000000,0.442,1297.81,81324000000,24132000000,-13441000000,-1585000000,34819000000,,0.333,,,,,,true,false,12,2015-04-01,2016-03-31,-1
2017-04-27,72830,2018-03-31,,102500000000,-0.002,,,,,4400000000,0.163,4400000000,0.619,,2800000000,,44.66,,,,,,,,,,,,,,,,,,,,,,true,true,6,2017-04-01,2017-09-30,1
2017-04-27,72830,2018-03-31,,205000000000,0.006,,,,,8800000000,0.078,8800000000,0.188,,5600000000,,89.32,,,,,,,,,,,,,,,,0.313,,,,,,true,true,12,2017-04-01,2018-03-31,1
2017-04-27,72830,2017-03-31,,90824000000,-0.095,,,,,53000000,-0.978,3243000000,-0.285,2934000000,,-0.120,46.82,46.81,,,,,118103000000,57811000000,0.488,919.07,57622000000,,,,,25.00,,,,62720296,23532,62674538,false,false,12,2016-04-01,2017-03-31,0
2017-04-27,72830,2016-03-31,,100375000000,-0.125,,,,,2482000000,-0.372,4536000000,-0.132,3332000000,,0.173,53.27,53.17,,,,,119738000000,56455000000,0.470,898.15,56280000000,,,,,33.00,,,,62686696,23361,62557259,false,false,12,2015-04-01,2016-03-31,-1
2017-04-27,72830,2018-03-31,,,,,,,,,,,,,,,,,,,,,,,,,,,,,,28.00,,,,,,,false,true,12,2017-04-01,2018-03-31,1
2017-07-27,72830,2018-03-31,1,53354000000,0.052,,,,,2441000000,0.282,2743000000,0.986,,1776000000,,28.33,28.32,,,,,177566000000,85011000000,0.460,,81751000000,,,,,,,,,,,,true,false,3,2017-04-01,2017-06-30,0
2017-07-27,72830,2017-03-31,1,50699000000,-0.045,,,,,1904000000,-0.289,1381000000,-0.469,,792000000,,12.64,12.64,,,,,,,,,,,,,,,,,,,,,true,false,3,2016-04-01,2016-06-30,-1
2017-07-27,72830,2018-03-31,1,102500000000,-0.002,,,,,4400000000,0.163,4400000000,0.619,,2800000000,,44.66,,,,,,,,,,,,,,,,,,,,,,true,true,6,2017-04-01,2017-09-30,0
2017-07-27,72830,2018-03-31,1,205000000000,0.006,,,,,8800000000,0.078,8800000000,0.188,,5600000000,,89.31,,,,,,,,,,,,,,,,,,,,,,true,true,12,2017-04-01,2018-03-31,0
2017-07-27,72830,2017-03-31,1,,,,,,,,,,,,,,,,,,,,178914000000,84714000000,0.455,,81471000000,,,,,,,,,,,,true,false,12,2016-04-01,2017-03-31,-1
2017-07-27,72830,2017-03-31,1,,,,,,,,,,,,,,,,,,,,,,,,,,,,,25.00,,,,62720296,23532,,false,false,12,2016-04-01,2017-03-31,-1
2017-07-27,72830,2018-03-31,1,,,,,,,,,,,,,,,,,,,,,,,,,,,,,28.00,,,,,,,false,true,12,2017-04-01,2018-03-31,0
2017-07-27,72830,2018-03-31,1,,,,,,,,,,,,,,,,,,,,,,,,,,,,,,,,,62727296,23582,62698489,false,false,3,2017-04-01,2017-06-30,0
2017-07-27,72830,2017-03-31,1,,,,,,,,,,,,,,,,,,,,,,,,,,,,,,,,,,,62665085,false,false,3,2016-04-01,2016-06-30,-1
2017-10-30,72830,2018-03-31,2,105272000000,0.025,,,,,4784000000,0.264,5398000000,0.986,,3486000000,,55.60,55.56,,,,,180240000000,88357000000,0.471,,84946000000,,,,,,,,,,,,true,false,6,2017-04-01,2017-09-30,0
2017-10-30,72830,2017-03-31,2,102706000000,-0.058,,,,,3784000000,-0.301,2718000000,-0.490,,1746000000,,27.87,27.87,,,,,,,,,,,,,,,,,,,,,true,false,6,2016-04-01,2016-09-30,-1
2017-10-30,72830,2018-03-31,2,207000000000,0.016,,,,,9200000000,0.128,9600000000,0.296,,5900000000,,94.08,,,,,,,,,,,,,,,,,,,,,,true,true,12,2017-04-01,2018-03-31,0
2017-10-30,72830,2017-03-31,2,,,,,,,,,,,,,,,,,,,,178914000000,84714000000,0.455,,81471000000,,,,,,,,,,,,true,false,12,2016-04-01,2017-03-31,-1
2017-10-30,72830,2017-03-31,2,,,,,,,,,,,,,,,,,,,,,,,,,,,,,25.00,,,,62720296,23532,,false,false,12,2016-04-01,2017-03-31,-1
2017-10-30,72830,2018-03-31,2,,,,,,,,,,,,,,,,,,,,,,,,,,,,,14.00,,,,,,,false,false,12,2017-04-01,2018-03-31,0
2017-10-30,72830,2018-03-31,2,,,,,,,,,,,,,,,,,,,,,,,,,,,,,29.00,,,,,,,false,true,12,2017-04-01,2018-03-31,0
2017-10-30,72830,2018-03-31,2,,,,,,,,,,,,,,,,,,,,,,,,,,,,,,,,,62751196,23694,62705327,false,false,6,2017-04-01,2017-09-30,0
2017-10-30,72830,2017-03-31,2,,,,,,,,,,,,,,,,,,,,,,,,,,,,,,,,,,,62666331,false,false,6,2016-04-01,2016-09-30,-1
2017-10-30,72830,2018-03-31,,207000000000,0.010,,,,,9200000000,0.045,9600000000,0.091,5900000000,,0.054,94.08,,,,,,,,,,,,,,,,,,,,,,true,true,12,2017-04-01,2018-03-31,0
2017-10-30,72830,2017-03-31,,203769000000,,,,,,8159000000,,7407000000,,4505000000,,,71.88,,,,,,,,,,,,,,,,,,,,,,true,false,12,2016-04-01,2017-03-31,-1
2017-10-30,72830,2018-03-31,,,,,,,,,,,,,,,,,,,,,,,,,,,,,,29.00,,,,,,,false,true,12,2017-04-01,2018-03-31,0
2017-10-30,72830,2018-03-31,,,,,,,,,,,,,,,,,,,,,,,,,,,,,,14.00,,,,,,,false,false,12,2017-04-01,2018-03-31,0
2017-10-30,72830,2017-03-31,,,,,,,,,,,,,,,,,,,,,,,,,,,,,,25.00,,,,,,,false,false,12,2016-04-01,2017-03-31,-1
2017-10-30,72830,2018-03-31,2,105272000000,0.025,,,,,4784000000,0.264,5398000000,0.986,,1912000000,,30.50,30.47,,,,,180240000000,86694000000,0.463,,83365000000,,,,,,,,,,,,true,false,6,2017-04-01,2017-09-30,0
2017-10-30,72830,2017-03-31,2,102706000000,-0.058,,,,,3784000000,-0.301,2718000000,-0.490,,1746000000,,27.87,27.87,,,,,,,,,,,,,,,,,,,,,true,false,6,2016-04-01,2016-09-30,-1
2017-10-30,72830,2018-03-31,2,207000000000,0.016,,,,,9200000000,0.128,9600000000,0.296,,4300000000,,68.56,,,,,,,,,,,,,,,,,,,,,,true,true,12,2017-04-01,2018-03-31,0
2017-10-30,72830,2017-03-31,2,,,,,,,,,,,,,,,,,,,,178914000000,84714000000,0.455,,81471000000,,,,,,,,,,,,true,false,12,2016-04-01,2017-03-31,-1
2017-10-30,72830,2017-03-31,2,,,,,,,,,,,,,,,,,,,,,,,,,,,,,25.00,,,,62720296,23532,,false,false,12,2016-04-01,2017-03-31,-1
2017-10-30,72830,2018-03-31,2,,,,,,,,,,,,,,,,,,,,,,,,,,,,,14.00,,,,,,,false,false,12,2017-04-01,2018-03-31,0
2017-10-30,72830,2018-03-31,2,,,,,,,,,,,,,,,,,,,,,,,,,,,,,29.00,,,,,,,false,true,12,2017-04-01,2018-03-31,0
2017-10-30,72830,2018-03-31,2,,,,,,,,,,,,,,,,,,,,,,,,,,,,,,,,,62751196,23694,62705327,false,false,6,2017-04-01,2017-09-30,0
2017-10-30,72830,2017-03-31,2,,,,,,,,,,,,,,,,,,,,,,,,,,,,,,,,,,,62666331,false,false,6,2016-04-01,2016-09-30,-1
2018-02-01,72830,2018-03-31,3,158159000000,0.050,,,,,7334000000,0.237,8167000000,0.596,,3652000000,,58.22,58.13,,,,,182917000000,89428000000,0.470,,85946000000,,,,,,,,,,,,true,false,9,2017-04-01,2017-12-31,0
2018-02-01,72830,2017-03-31,3,150673000000,-0.067,,,,,5930000000,-0.278,5117000000,-0.361,,3312000000,,52.86,52.85,,,,,,,,,,,,,,,,,,,,,true,false,9,2016-04-01,2016-12-31,-1
2018-02-01,72830,2018-03-31,3,207000000000,0.016,,,,,9200000000,0.128,9600000000,0.296,,4300000000,,68.51,,,,,,,,,,,,,,,,,,,,,,true,true,12,2017-04-01,2018-03-31,0
2018-02-01,72830,2017-03-31,3,,,,,,,,,,,,,,,,,,,,178914000000,84714000000,0.455,,81471000000,,,,,,,,,,,,true,false,12,2016-04-01,2017-03-31,-1
2018-02-01,72830,2017-03-31,3,,,,,,,,,,,,,,,,,,,,,,,,,,,,,25.00,,,,62720296,23532,,false,false,12,2016-04-01,2017-03-31,-1
2018-02-01,72830,2018-03-31,3,,,,,,,,,,,,,,,,,,,,,,,,,,,,,14.00,,,,,,,false,false,12,2017-04-01,2018-03-31,0
2018-02-01,72830,2018-03-31,3,,,,,,,,,,,,,,,,,,,,,,,,,,,,,29.00,,,,,,,false,true,12,2017-04-01,2018-03-31,0
2018-02-01,72830,2018-03-31,3,,,,,,,,,,,,,,,,,,,,,,,,,,,,,,,,,62888096,23833,62733745,false,false,9,2017-04-01,2017-12-31,0
2018-02-01,72830,2017-03-31,3,,,,,,,,,,,,,,,,,,,,,,,,,,,,,,,,,,,62669269,false,false,9,2016-04-01,2016-12-31,-1
2018-04-26,72830,2018-03-31,,212524000000,0.043,,,,,9421000000,0.155,9770000000,0.319,,4526000000,,72.11,71.95,0.054,0.052,0.044,,196650000000,90961000000,0.446,1392.79,87643000000,13767000000,-11145000000,11779000000,43537000000,,0.402,,,,,,true,false,12,2017-04-01,2018-03-31,0
2018-04-26,72830,2017-03-31,,203769000000,-0.054,,,,,8159000000,-0.172,7407000000,-0.208,,4505000000,,71.88,71.87,0.055,0.041,0.040,,178914000000,84714000000,0.455,1299.45,81471000000,14395000000,-16431000000,-3510000000,28680000000,,0.348,,,,,,true,false,12,2016-04-01,2017-03-31,-1
2018-04-26,72830,2019-03-31,,106500000000,0.012,,,,,4800000000,0.003,4800000000,-0.111,,3000000000,,47.67,,,,,,,,,,,,,,,,,,,,,,true,true,6,2018-04-01,2018-09-30,1
2018-04-26,72830,2019-03-31,,213000000000,0.002,,,,,9500000000,0.008,9500000000,-0.028,,5800000000,,92.17,,,,,,,,,,,,,,,,0.315,,,,,,true,true,12,2018-04-01,2019-03-31,1
2018-04-26,72830,2018-03-31,,90626000000,-0.002,,,,,383000000,6.132,3923000000,0.210,3298000000,,0.124,52.55,52.44,,,,,128127000000,60025000000,0.467,951.35,59865000000,,,,,29.00,,,,62950896,23985,62774323,false,false,12,2017-04-01,2018-03-31,0
2018-04-26,72830,2017-03-31,,90824000000,-0.095,,,,,53000000,-0.978,3243000000,-0.285,2934000000,,-0.120,46.82,46.81,,,,,118103000000,57811000000,0.488,919.07,57622000000,,,,,25.00,,,,62720296,23532,62674538,false,false,12,2016-04-01,2017-03-31,-1
2018-04-26,72830,2019-03-31,,,,,,,,,,,,,,,,,,,,,,,,,,,,,,29.00,,,,,,,false,true,12,2018-04-01,2019-03-31,1
2018-07-30,72830,2019-03-31,1,51477000000,-0.035,,,,,2473000000,0.013,2780000000,0.014,,1861000000,,29.57,29.51,,,,,190173000000,89769000000,0.454,,86424000000,,,,,,,,,,,,true,false,3,2018-04-01,2018-06-30,0
2018-07-30,72830,2018-03-31,1,53354000000,0.052,,,,,2441000000,0.282,2743000000,0.986,,1776000000,,28.33,28.32,,,,,,,,,,,,,,,,,,,,,true,false,3,2017-04-01,2017-06-30,-1
2018-07-30,72830,2019-03-31,1,106500000000,0.012,,,,,4800000000,0.003,4800000000,-0.111,,3000000000,,47.66,,,,,,,,,,,,,,,,,,,,,,true,true,6,2018-04-01,2018-09-30,0
2018-07-30,72830,2019-03-31,1,213000000000,0.002,,,,,9500000000,0.008,9500000000,-0.028,,5800000000,,92.14,,,,,,,,,,,,,,,,,,,,,,true,true,12,2018-04-01,2019-03-31,0
2018-07-30,72830,2018-03-31,1,,,,,,,,,,,,,,,,,,,,196034000000,90961000000,0.447,,87643000000,,,,,,,,,,,,true,false,12,2017-04-01,2018-03-31,-1
2018-07-30,72830,2018-03-31,1,,,,,,,,,,,,,,,,,,,,,,,,,,,,,29.00,,,,62950896,23985,,false,false,12,2017-04-01,2018-03-31,-1
2018-07-30,72830,2019-03-31,1,,,,,,,,,,,,,,,,,,,,,,,,,,,,,29.00,,,,,,,false,true,12,2018-04-01,2019-03-31,0
2018-07-30,72830,2019-03-31,1,,,,,,,,,,,,,,,,,,,,,,,,,,,,,,,,,62974496,24211,62936832,false,false,3,2018-04-01,2018-06-30,0
2018-07-30,72830,2018-03-31,1,,,,,,,,,,,,,,,,,,,,,,,,,,,,,,,,,,,62698489,false,false,3,2017-04-01,2017-06-30,-1
2018-10-30,72830,2019-03-31,2,104383000000,-0.008,,,,,4838000000,0.011,5080000000,-0.059,,3231000000,,51.33,51.27,,,,,189738000000,90783000000,0.460,,87369000000,,,,,,,,,,,,true,false,6,2018-04-01,2018-09-30,0
2018-10-30,72830,2018-03-31,2,105272000000,0.025,,,,,4784000000,0.264,5398000000,0.986,,1912000000,,30.50,30.47,,,,,,,,,,,,,,,,,,,,,true,false,6,2017-04-01,2017-09-30,-1
2018-10-30,72830,2019-03-31,2,213000000000,0.002,,,,,9500000000,0.008,9500000000,-0.028,,5800000000,,92.11,,,,,,,,,,,,,,,,,,,,,,true,true,12,2018-04-01,2019-03-31,0
2018-10-30,72830,2018-03-31,2,,,,,,,,,,,,,,,,,,,,196034000000,90961000000,0.447,,87643000000,,,,,,,,,,,,true,false,12,2017-04-01,2018-03-31,-1
2018-10-30,72830,2018-03-31,2,,,,,,,,,,,,,,,,,,,,,,,,,,,,,29.00,,,,62950896,23985,,false,false,12,2017-04-01,2018-03-31,-1
2018-10-30,72830,2019-03-31,2,,,,,,,,,,,,,,,,,,,,,,,,,,,,,14.00,,,,,,,false,false,12,2018-04-01,2019-03-31,0
2018-10-30,72830,2019-03-31,2,,,,,,,,,,,,,,,,,,,,,,,,,,,,,29.00,,,,,,,false,true,12,2018-04-01,2019-03-31,0
2018-10-30,72830,2019-03-31,2,,,,,,,,,,,,,,,,,,,,,,,,,,,,,,,,,63011396,24389,62952085,false,false,6,2018-04-01,2018-09-30,0
2018-10-30,72830,2018-03-31,2,,,,,,,,,,,,,,,,,,,,,,,,,,,,,,,,,,,62705327,false,false,6,2017-04-01,2017-09-30,-1
2019-01-31,72830,2019-03-31,3,157330000000,-0.005,,,,,7041000000,-0.040,7284000000,-0.108,,4489000000,,71.31,71.27,,,,,190078000000,91744000000,0.464,,88196000000,,,,,,,,,,,,true,false,9,2018-04-01,2018-12-31,0
2019-01-31,72830,2018-03-31,3,158159000000,0.050,,,,,7334000000,0.237,8167000000,0.596,,3652000000,,58.22,58.13,,,,,,,,,,,,,,,,,,,,,true,false,9,2017-04-01,2017-12-31,-1
2019-01-31,72830,2019-03-31,3,213000000000,0.002,,,,,8200000000,-0.130,8400000000,-0.140,,4800000000,,76.23,,,,,,,,,,,,,,,,,,,,,,true,true,12,2018-04-01,2019-03-31,0
2019-01-31,72830,2018-03-31,3,,,,,,,,,,,,,,,,,,,,196034000000,90961000000,0.447,,87643000000,,,,,,,,,,,,true,false,12,2017-04-01,2018-03-31,-1
2019-01-31,72830,2018-03-31,3,,,,,,,,,,,,,,,,,,,,,,,,,,,,,29.00,,,,62950896,23985,,false,false,12,2017-04-01,2018-03-31,-1
2019-01-31,72830,2019-03-31,3,,,,,,,,,,,,,,,,,,,,,,,,,,,,,14.00,,,,,,,false,false,12,2018-04-01,2019-03-31,0
2019-01-31,72830,2019-03-31,3,,,,,,,,,,,,,,,,,,,,,,,,,,,,,27.00,,,,,,,false,true,12,2018-04-01,2019-03-31,0
2019-01-31,72830,2019-03-31,3,,,,,,,,,,,,,,,,,,,,,,,,,,,,,,,,,63011396,24411,62962560,false,false,9,2018-04-01,2018-12-31,0
2019-01-31,72830,2018-03-31,3,,,,,,,,,,,,,,,,,,,,,,,,,,,,,,,,,,,62733745,false,false,9,2017-04-01,2017-12-31,-1
2019-03-28,72830,2019-03-31,,213000000000,,,,,,8200000000,,8400000000,,6300000000,,0.313,100.05,,,,,,,,,,,,,,,,,,,,,,true,true,12,2018-04-01,2019-03-31,0
2019-03-28,72830,2018-03-31,,212524000000,,,,,,9421000000,,9770000000,,4526000000,,,72.11,,,,,,,,,,,,,,,,,,,,,,true,false,12,2017-04-01,2018-03-31,-1
2019-04-25,72830,2019-03-31,,213494000000,0.005,,,,,8227000000,-0.127,8181000000,-0.163,,6124000000,,97.26,97.22,0.070,0.042,0.039,,192500000000,91130000000,0.456,1393.58,87777000000,11421000000,-18429000000,-435000000,35263000000,,0.278,,,,,,true,false,12,2018-04-01,2019-03-31,0
2019-04-25,72830,2018-03-31,,212524000000,0.043,,,,,9421000000,0.155,9770000000,0.319,,4526000000,,72.11,71.95,0.054,0.052,0.044,,196034000000,90961000000,0.447,1392.79,87643000000,13767000000,-11145000000,11779000000,43537000000,,0.402,,,,,,true,false,12,2017-04-01,2018-03-31,-1
2019-04-25,72830,2020-03-31,,103000000000,-0.013,,,,,3500000000,-0.277,3400000000,-0.331,,2100000000,,33.34,,,,,,,,,,,,,,,,,,,,,,true,true,6,2019-04-01,2019-09-30,1
2019-04-25,72830,2020-03-31,,212000000000,-0.007,,,,,8300000000,0.009,8100000000,-0.010,,4900000000,,77.79,,,,,,,,,,,,,,,,0.347,,,,,,true,true,12,2019-04-01,2020-03-31,1
2019-04-25,72830,2019-03-31,,95911000000,0.058,,,,,767000000,1.001,4888000000,0.246,4110000000,,0.246,65.28,65.25,,,,,129670000000,61875000000,0.476,979.53,61697000000,,,,,27.00,,,,63011396,24496,62968183,false,false,12,2018-04-01,2019-03-31,0
2019-04-25,72830,2018-03-31,,90626000000,-0.002,,,,,383000000,6.132,3923000000,0.210,3298000000,,0.124,52.55,52.44,,,,,128127000000,60025000000,0.467,951.35,59865000000,,,,,29.00,,,,62950896,23985,62774323,false,false,12,2017-04-01,2018-03-31,-1
2019-04-25,72830,2020-03-31,,,,,,,,,,,,,,,,,,,,,,,,,,,,,,27.00,,,,,,,false,true,12,2019-04-01,2020-03-31,1
2019-07-30,72830,2020-03-31,1,52412000000,0.018,,,,,2050000000,-0.171,2113000000,-0.240,,1511000000,,24.00,,,,,,195749000000,92588000000,0.453,,88712000000,,,,,,,,,,,,true,false,3,2019-04-01,2019-06-30,0
2019-07-30,72830,2019-03-31,1,51477000000,-0.035,,,,,2473000000,0.013,2780000000,0.014,,1861000000,,29.57,29.51,,,,,,,,,,,,,,,,,,,,,true,false,3,2018-04-01,2018-06-30,-1
2019-07-30,72830,2020-03-31,1,103000000000,-0.013,,,,,3500000000,-0.277,3400000000,-0.331,,2100000000,,33.34,,,,,,,,,,,,,,,,,,,,,,true,true,6,2019-04-01,2019-09-30,0
2019-07-30,72830,2020-03-31,1,212000000000,-0.007,,,,,8300000000,0.009,8100000000,-0.010,,4900000000,,77.79,,,,,,,,,,,,,,,,,,,,,,true,true,12,2019-04-01,2020-03-31,0
2019-07-30,72830,2019-03-31,1,,,,,,,,,,,,,,,,,,,,192500000000,91130000000,0.456,,87777000000,,,,,,,,,,,,true,false,12,2018-04-01,2019-03-31,-1
2019-07-30,72830,2019-03-31,1,,,,,,,,,,,,,,,,,,,,,,,,,,,,,27.00,,,,63011396,24496,,false,false,12,2018-04-01,2019-03-31,-1
2019-07-30,72830,2020-03-31,1,,,,,,,,,,,,,,,,,,,,,,,,,,,,,27.00,,,,,,,false,true,12,2019-04-01,2020-03-31,0
2019-07-30,72830,2020-03-31,1,,,,,,,,,,,,,,,,,,,,,,,,,,,,,,,,,63011396,24509,62986890,false,false,3,2019-04-01,2019-06-30,0
2019-07-30,72830,2019-03-31,1,,,,,,,,,,,,,,,,,,,,,,,,,,,,,,,,,,,62936832,false,false,3,2018-04-01,2018-06-30,-1
2019-10-30,72830,2020-03-31,2,104227000000,-0.001,,,,,3839000000,-0.206,3825000000,-0.247,,2427000000,,38.55,,,,,,189217000000,91743000000,0.465,,87901000000,,,,,,,,,,,,true,false,6,2019-04-01,2019-09-30,0
2019-10-30,72830,2019-03-31,2,104383000000,-0.008,,,,,4838000000,0.011,5080000000,-0.059,,3231000000,,51.33,51.27,,,,,,,,,,,,,,,,,,,,,true,false,6,2018-04-01,2018-09-30,-1
2019-10-30,72830,2020-03-31,2,208000000000,-0.026,,,,,7400000000,-0.101,7200000000,-0.120,,4500000000,,71.44,,,,,,,,,,,,,,,,,,,,,,true,true,12,2019-04-01,2020-03-31,0
2019-10-30,72830,2019-03-31,2,,,,,,,,,,,,,,,,,,,,192500000000,91130000000,0.456,,87777000000,,,,,,,,,,,,true,false,12,2018-04-01,2019-03-31,-1
2019-10-30,72830,2019-03-31,2,,,,,,,,,,,,,,,,,,,,,,,,,,,,,27.00,,,,63011396,24496,,false,false,12,2018-04-01,2019-03-31,-1
2019-10-30,72830,2020-03-31,2,,,,,,,,,,,,,,,,,,,,,,,,,,,,,13.00,,,,,,,false,false,12,2019-04-01,2020-03-31,0
2019-10-30,72830,2020-03-31,2,,,,,,,,,,,,,,,,,,,,,,,,,,,,,27.00,,,,,,,false,true,12,2019-04-01,2020-03-31,0
2019-10-30,72830,2020-03-31,2,,,,,,,,,,,,,,,,,,,,,,,,,,,,,,,,,63011396,24568,62986873,false,false,6,2019-04-01,2019-09-30,0
2019-10-30,72830,2019-03-31,2,,,,,,,,,,,,,,,,,,,,,,,,,,,,,,,,,,,62952085,false,false,6,2018-04-01,2018-09-30,-1
2019-10-30,72830,2020-03-31,,208000000000,-0.019,,,,,7400000000,-0.108,7200000000,-0.111,4500000000,,-0.082,71.44,,,,,,,,,,,,,,,,,,,,,,true,true,12,2019-04-01,2020-03-31,0
2019-10-30,72830,2019-03-31,,213494000000,,,,,,8227000000,,8181000000,,6124000000,,,97.26,,,,,,,,,,,,,,,,,,,,,,true,false,12,2018-04-01,2019-03-31,-1
2020-01-30,72830,2020-03-31,3,152743000000,-0.029,,,,,5296000000,-0.248,5269000000,-0.277,,1390000000,,22.07,22.07,,,,,190137000000,88677000000,0.446,,84856000000,,,,,,,,,,,,true,false,9,2019-04-01,2019-12-31,0
2020-01-30,72830,2019-03-31,3,157330000000,-0.005,,,,,7041000000,-0.040,7284000000,-0.108,,4489000000,,71.31,71.27,,,,,,,,,,,,,,,,,,,,,true,false,9,2018-04-01,2018-12-31,-1
2020-01-30,72830,2020-03-31,3,206000000000,-0.035,,,,,7400000000,-0.101,7200000000,-0.120,,2600000000,,41.28,,,,,,,,,,,,,,,,,,,,,,true,true,12,2019-04-01,2020-03-31,0
2020-01-30,72830,2019-03-31,3,,,,,,,,,,,,,,,,,,,,192500000000,91130000000,0.456,,87777000000,,,,,,,,,,,,true,false,12,2018-04-01,2019-03-31,-1
2020-01-30,72830,2019-03-31,3,,,,,,,,,,,,,,,,,,,,,,,,,,,,,27.00,,,,63011396,24496,,false,false,12,2018-04-01,2019-03-31,-1
2020-01-30,72830,2020-03-31,3,,,,,,,,,,,,,,,,,,,,,,,,,,,,,13.00,,,,,,,false,false,12,2019-04-01,2020-03-31,0
2020-01-30,72830,2020-03-31,3,,,,,,,,,,,,,,,,,,,,,,,,,,,,,27.00,,,,,,,false,true,12,2019-04-01,2020-03-31,0
2020-01-30,72830,2020-03-31,3,,,,,,,,,,,,,,,,,,,,,,,,,,,,,,,,,63018396,24624,62988243,false,false,9,2019-04-01,2019-12-31,0
2020-01-30,72830,2019-03-31,3,,,,,,,,,,,,,,,,,,,,,,,,,,,,,,,,,,,62962560,false,false,9,2018-04-01,2018-12-31,-1
2020-04-28,72830,2020-03-31,,205489000000,-0.037,,,,,7226000000,-0.122,6866000000,-0.161,,-5073000000,,-80.55,,-0.061,0.036,0.035,,186362000000,82769000000,0.425,1255.94,79114000000,14678000000,-16591000000,1704000000,34674000000,,,,,,,,true,false,12,2019-04-01,2020-03-31,0
2020-04-28,72830,2019-03-31,,213494000000,0.005,,,,,8227000000,-0.127,8181000000,-0.163,,6124000000,,97.26,97.22,0.070,0.042,0.039,,192500000000,91130000000,0.456,1393.58,87777000000,11421000000,-18429000000,-435000000,35263000000,,0.278,,,,,,true,false,12,2018-04-01,2019-03-31,-1
2020-04-28,72830,2020-03-31,,93597000000,-0.024,,,,,357000000,-0.534,3800000000,-0.223,-4955000000,,,-78.67,,,,,,123414000000,54978000000,0.444,870.22,54816000000,,,,,20.00,,,,63018396,26475,62989254,false,false,12,2019-04-01,2020-03-31,0
2020-04-28,72830,2019-03-31,,95911000000,0.058,,,,,767000000,1.001,4888000000,0.246,4110000000,,0.246,65.28,65.25,,,,,129670000000,61875000000,0.476,979.53,61697000000,,,,,27.00,,,,63011396,24496,62968183,false,false,12,2018-04-01,2019-03-31,-1
2020-07-30,72830,2021-03-31,1,38277000000,-0.270,,,,,-1624000000,,-2316000000,,,-2337000000,,-37.11,,,,,,172035000000,75839000000,0.422,,72563000000,,,,,,,,,,,,true,false,3,2020-04-01,2020-06-30,0
2020-07-30,72830,2020-03-31,1,52412000000,0.018,,,,,2050000000,-0.171,2113000000,-0.240,,1511000000,,24.00,,,,,,,,,,,,,,,,,,,,,,true,false,3,2019-04-01,2019-06-30,-1
2020-07-30,72830,2020-03-31,1,,,,,,,,,,,,,,,,,,,,186362000000,82769000000,0.425,,79114000000,,,,,,,,,,,,true,false,12,2019-04-01,2020-03-31,-1
2020-07-30,72830,2020-03-31,1,,,,,,,,,,,,,,,,,,,,,,,,,,,,,20.00,,,,63018396,26475,,false,false,12,2019-04-01,2020-03-31,-1
2020-07-30,72830,2021-03-31,1,,,,,,,,,,,,,,,,,,,,,,,,,,,,,,,,,63018396,26539,62991880,false,false,3,2020-04-01,2020-06-30,0
2020-07-30,72830,2020-03-31,1,,,,,,,,,,,,,,,,,,,,,,,,,,,,,,,,,,,62986890,false,false,3,2019-04-01,2019-06-30,-1
2020-09-28,72830,2021-03-31,,75500000000,,,,,,-2400000000,,-2800000000,,-3000000000,,,-47.63,,,,,,,,,,,,,,,,,,,,,,true,true,6,2020-04-01,2020-09-30,0
2020-09-28,72830,2020-03-31,,104227000000,,,,,,3839000000,,3825000000,,2427000000,,,38.55,,,,,,,,,,,,,,,,,,,,,,true,false,6,2019-04-01,2019-09-30,-1
2020-09-28,72830,2021-03-31,,174000000000,,,,,,1000000000,,900000000,,200000000,,,3.18,,,,,,,,,,,,,,,,,,,,,,true,true,12,2020-04-01,2021-03-31,0
2020-09-28,72830,2020-03-31,,205489000000,,,,,,7226000000,,6866000000,,-5073000000,,,-80.55,,,,,,,,,,,,,,,,,,,,,,true,false,12,2019-04-01,2020-03-31,-1
2020-09-28,72830,2021-03-31,,,,,,,,,,,,,,,,,,,,,,,,,,,,,,15.00,,,,,,,false,true,12,2020-04-01,2021-03-31,0
2020-09-28,72830,2020-03-31,,,,,,,,,,,,,,,,,,,,,,,,,,,,,,20.00,,,,,,,false,false,12,2019-04-01,2020-03-31,-1
2020-10-28,72830,2021-03-31,2,76146000000,-0.269,,,,,-2105000000,,-2479000000,,,-2800000000,,-44.46,,,,,,171908000000,76624000000,0.426,,73233000000,,,,,,,,,,,,true,false,6,2020-04-01,2020-09-30,0
2020-10-28,72830,2020-03-31,2,104227000000,-0.001,,,,,3839000000,-0.206,3825000000,-0.247,,2427000000,,38.55,,,,,,,,,,,,,,,,,,,,,,true,false,6,2019-04-01,2019-09-30,-1
2020-10-28,72830,2021-03-31,2,174000000000,-0.153,,,,,1000000000,-0.862,900000000,-0.869,,200000000,,3.18,,,,,,,,,,,,,,,,,,,,,,true,true,12,2020-04-01,2021-03-31,0
2020-10-28,72830,2020-03-31,2,,,,,,,,,,,,,,,,,,,,186362000000,82769000000,0.425,,79114000000,,,,,,,,,,,,true,false,12,2019-04-01,2020-03-31,-1
2020-10-28,72830,2020-03-31,2,,,,,,,,,,,,,,,,,,,,,,,,,,,,,20.00,,,,63018396,26475,,false,false,12,2019-04-01,2020-03-31,-1
2020-10-28,72830,2021-03-31,2,,,,,,,,,,,,,,,,,,,,,,,,,,,,,7.00,,,,,,,false,false,12,2020-04-01,2021-03-31,0
2020-10-28,72830,2021-03-31,2,,,,,,,,,,,,,,,,,,,,,,,,,,,,,15.00,,,,,,,false,true,12,2020-04-01,2021-03-31,0
2020-10-28,72830,2021-03-31,2,,,,,,,,,,,,,,,,,,,,,,,,,,,,,,,,,63018396,26595,62991854,false,false,6,2020-04-01,2020-09-30,0
2020-10-28,72830,2020-03-31,2,,,,,,,,,,,,,,,,,,,,,,,,,,,,,,,,,,,62986873,false,false,6,2019-04-01,2019-09-30,-1
2021-02-01,72830,2021-03-31,3,126960000000,-0.169,,,,,1255000000,-0.763,942000000,-0.821,,-463000000,,-7.36,,,,,,178710000000,79147000000,0.424,,75715000000,,,,,,,,,,,,true,false,9,2020-04-01,2020-12-31,0
2021-02-01,72830,2020-03-31,3,152743000000,-0.029,,,,,5296000000,-0.248,5269000000,-0.277,,1390000000,,22.07,22.07,,,,,,,,,,,,,,,,,,,,,true,false,9,2019-04-01,2019-12-31,-1
2021-02-01,72830,2021-03-31,3,179000000000,-0.129,,,,,3600000000,-0.502,3300000000,-0.519,,1500000000,,23.81,,,,,,,,,,,,,,,,,,,,,,true,true,12,2020-04-01,2021-03-31,0
2021-02-01,72830,2020-03-31,3,,,,,,,,,,,,,,,,,,,,186362000000,82769000000,0.425,,79114000000,,,,,,,,,,,,true,false,12,2019-04-01,2020-03-31,-1
2021-02-01,72830,2020-03-31,3,,,,,,,,,,,,,,,,,,,,,,,,,,,,,20.00,,,,63018396,26475,,false,false,12,2019-04-01,2020-03-31,-1
2021-02-01,72830,2021-03-31,3,,,,,,,,,,,,,,,,,,,,,,,,,,,,,7.00,,,,,,,false,false,12,2020-04-01,2021-03-31,0
2021-02-01,72830,2021-03-31,3,,,,,,,,,,,,,,,,,,,,,,,,,,,,,16.00,,,,,,,false,true,12,2020-04-01,2021-03-31,0
2021-02-01,72830,2021-03-31,3,,,,,,,,,,,,,,,,,,,,,,,,,,,,,,,,,63018396,26645,62991828,false,false,9,2020-04-01,2020-12-31,0
2021-02-01,72830,2020-03-31,3,,,,,,,,,,,,,,,,,,,,,,,,,,,,,,,,,,,62988243,false,false,9,2019-04-01,2019-12-31,-1
2021-02-01,72830,2021-03-31,,179000000000,0.029,,,,,3600000000,2.600,3300000000,2.670,1500000000,,6.500,23.81,,,,,,,,,,,,,,,,,,,,,,true,true,12,2020-04-01,2021-03-31,0
2021-02-01,72830,2020-03-31,,205489000000,,,,,,7226000000,,6866000000,,-5073000000,,,-80.55,,,,,,,,,,,,,,,,,,,,,,true,false,12,2019-04-01,2020-03-31,-1
2021-02-01,72830,2021-03-31,,,,,,,,,,,,,,,,,,,,,,,,,,,,,,16.00,,,,,,,false,true,12,2020-04-01,2021-03-31,0
2021-02-01,72830,2021-03-31,,,,,,,,,,,,,,,,,,,,,,,,,,,,,,7.00,,,,,,,false,false,12,2020-04-01,2021-03-31,0
2021-02-01,72830,2020-03-31,,,,,,,,,,,,,,,,,,,,,,,,,,,,,,20.00,,,,,,,false,false,12,2019-04-01,2020-03-31,-1
2021-04-27,72830,2021-03-31,,181427000000,-0.117,,,,,4956000000,-0.314,4986000000,-0.274,,3525000000,,55.97,,0.043,0.027,0.027,,189918000000,87773000000,0.443,1336.78,84206000000,17761000000,-6785000000,-1176000000,44369000000,,0.322,,,,,,true,false,12,2020-04-01,2021-03-31,0
2021-04-27,72830,2020-03-31,,205489000000,-0.037,,,,,7226000000,-0.122,6866000000,-0.161,,-5073000000,,-80.55,,-0.061,0.036,0.035,,186362000000,82769000000,0.425,1255.94,79114000000,14678000000,-16591000000,1704000000,34674000000,,,,,,,,true,false,12,2019-04-01,2020-03-31,-1
2021-04-27,72830,2022-03-31,,97000000000,-0.069,,,,,5000000000,0.302,5000000000,0.307,,3100000000,,49.21,,,,,,,,,,,,,,,,,,,,,,true,true,6,2021-04-01,2021-09-30,1
2021-04-27,72830,2022-03-31,,195000000000,0.075,,,,,10000000000,1.018,10000000000,1.005,,6200000000,,98.43,,,,,,,,,,,,,,,,0.274,,,,,,true,true,12,2021-04-01,2022-03-31,1
2021-04-27,72830,2021-03-31,,83138000000,-0.112,,,,,274000000,-0.233,2904000000,-0.236,2731000000,,,43.37,,,,,,127840000000,58457000000,0.456,925.62,58306000000,,,,,18.00,,,,63018396,26726,62991804,false,false,12,2020-04-01,2021-03-31,0
2021-04-27,72830,2020-03-31,,93597000000,-0.024,,,,,357000000,-0.534,3800000000,-0.223,-4955000000,,,-78.67,,,,,,123414000000,54978000000,0.444,870.22,54816000000,,,,,20.00,,,,63018396,26475,62989254,false,false,12,2019-04-01,2020-03-31,-1
2021-04-27,72830,2022-03-31,,,,,,,,,,,,,,,,,,,,,,,,,,,,,,27.00,,,,,,,false,true,12,2021-04-01,2022-03-31,1
2021-04-27,72830,2021-03-31,,181427000000,-0.117,,,,,4956000000,-0.314,4986000000,-0.274,,3525000000,,55.97,,0.043,0.027,0.027,,189918000000,87773000000,0.443,1336.78,84206000000,17761000000,-6785000000,-1176000000,44369000000,,0.322,,,,,,true,false,12,2020-04-01,2021-03-31,0
2021-04-27,72830,2020-03-31,,205489000000,-0.037,,,,,7226000000,-0.122,6866000000,-0.161,,-5073000000,,-80.55,,-0.061,0.036,0.035,,186362000000,82769000000,0.425,1255.94,79114000000,14678000000,-16591000000,1704000000,34674000000,,,,,,,,true,false,12,2019-04-01,2020-03-31,-1
2021-04-27,72830,2022-03-31,,97000000000,0.274,,,,,5000000000,,5000000000,,,3100000000,,49.21,,,,,,,,,,,,,,,,,,,,,,true,true,6,2021-04-01,2021-09-30,1
2021-04-27,72830,2022-03-31,,195000000000,0.075,,,,,10000000000,1.018,10000000000,1.005,,6200000000,,98.43,,,,,,,,,,,,,,,,0.274,,,,,,true,true,12,2021-04-01,2022-03-31,1
2021-04-27,72830,2021-03-31,,83138000000,-0.112,,,,,274000000,-0.233,2904000000,-0.236,2731000000,,,43.37,,,,,,127840000000,58457000000,0.456,925.62,58306000000,,,,,18.00,,,,63018396,26726,62991804,false,false,12,2020-04-01,2021-03-31,0
2021-04-27,72830,2020-03-31,,93597000000,-0.024,,,,,357000000,-0.534,3800000000,-0.223,-4955000000,,,-78.67,,,,,,123414000000,54978000000,0.444,870.22,54816000000,,,,,20.00,,,,63018396,26475,62989254,false,false,12,2019-04-01,2020-03-31,-1
2021-04-27,72830,2022-03-31,,,,,,,,,,,,,,,,,,,,,,,,,,,,,,27.00,,,,,,,false,true,12,2021-04-01,2022-03-31,1
2021-07-29,72830,2022-03-31,1,49197000000,0.285,,,,,3375000000,,3644000000,,,3079000000,,48.88,48.86,,,,,197220000000,93064000000,0.453,,89261000000,,,,,,,,,,,,true,false,3,2021-04-01,2021-06-30,0
2021-07-29,72830,2021-03-31,1,38277000000,-0.270,,,,,-1624000000,,-2316000000,,,-2337000000,,-37.11,,,,,,,,,,,,,,,,,,,,,,true,false,3,2020-04-01,2020-06-30,-1
2021-07-29,72830,2022-03-31,1,97000000000,0.274,,,,,5000000000,,5000000000,,,3100000000,,49.21,,,,,,,,,,,,,,,,,,,,,,true,true,6,2021-04-01,2021-09-30,0
2021-07-29,72830,2022-03-31,1,195000000000,0.075,,,,,10000000000,1.018,10000000000,1.005,,6200000000,,98.42,,,,,,,,,,,,,,,,,,,,,,true,true,12,2021-04-01,2022-03-31,0
2021-07-29,72830,2021-03-31,1,,,,,,,,,,,,,,,,,,,,189918000000,87773000000,0.443,,84206000000,,,,,,,,,,,,true,false,12,2020-04-01,2021-03-31,-1
2021-07-29,72830,2021-03-31,1,,,,,,,,,,,,,,,,,,,,,,,,,,,,,18.00,,,,63018396,26726,,false,false,12,2020-04-01,2021-03-31,-1
2021-07-29,72830,2022-03-31,1,,,,,,,,,,,,,,,,,,,,,,,,,,,,,27.00,,,,,,,false,true,12,2021-04-01,2022-03-31,0
2021-07-29,72830,2022-03-31,1,,,,,,,,,,,,,,,,,,,,,,,,,,,,,,,,,63024396,26749,62993153,false,false,3,2021-04-01,2021-06-30,0
2021-07-29,72830,2021-03-31,1,,,,,,,,,,,,,,,,,,,,,,,,,,,,,,,,,,,62991880,false,false,3,2020-04-01,2020-06-30,-1
2021-10-28,72830,2022-03-31,2,97646000000,0.282,,,,,5104000000,,5452000000,,,4020000000,,63.80,63.75,,,,,196168000000,94667000000,0.462,,90716000000,,,,,,,,,,,,true,false,6,2021-04-01,2021-09-30,0
2021-10-28,72830,2021-03-31,2,76146000000,-0.269,,,,,-2105000000,,-2479000000,,,-2800000000,,-44.46,,,,,,,,,,,,,,,,,,,,,,true,false,6,2020-04-01,2020-09-30,-1
2021-10-28,72830,2022-03-31,2,195000000000,0.075,,,,,10000000000,1.018,10000000000,1.005,,7000000000,,111.06,,,,,,,,,,,,,,,,,,,,,,true,true,12,2021-04-01,2022-03-31,0
2021-10-28,72830,2021-03-31,2,,,,,,,,,,,,,,,,,,,,189918000000,87773000000,0.443,,84206000000,,,,,,,,,,,,true,false,12,2020-04-01,2021-03-31,-1
2021-10-28,72830,2021-03-31,2,,,,,,,,,,,,,,,,,,,,,,,,,,,,,18.00,,,,63018396,26726,,false,false,12,2020-04-01,2021-03-31,-1
2021-10-28,72830,2022-03-31,2,,,,,,,,,,,,,,,,,,,,,,,,,,,,,15.00,,,,,,,false,false,12,2021-04-01,2022-03-31,0
2021-10-28,72830,2022-03-31,2,,,,,,,,,,,,,,,,,,,,,,,,,,,,,29.00,,,,,,,false,true,12,2021-04-01,2022-03-31,0
2021-10-28,72830,2022-03-31,2,,,,,,,,,,,,,,,,,,,,,,,,,,,,,,,,,63070379,26817,63011769,false,false,6,2021-04-01,2021-09-30,0
2021-10-28,72830,2021-03-31,2,,,,,,,,,,,,,,,,,,,,,,,,,,,,,,,,,,,62991854,false,false,6,2020-04-01,2020-09-30,-1
2022-02-01,72830,2022-03-31,3,142630000000,0.123,,,,,7306000000,4.819,7669000000,7.138,,5130000000,,81.41,81.35,,,,,197077000000,95759000000,0.465,,91645000000,,,,,,,,,,,,true,false,9,2021-04-01,2021-12-31,0
2022-02-01,72830,2021-03-31,3,126960000000,-0.169,,,,,1255000000,-0.763,942000000,-0.821,,-463000000,,-7.36,,,,,,,,,,,,,,,,,,,,,,true,false,9,2020-04-01,2020-12-31,-1
2022-02-01,72830,2022-03-31,3,193000000000,0.064,,,,,9500000000,0.917,9500000000,0.905,,6800000000,,107.89,,,,,,,,,,,,,,,,,,,,,,true,true,12,2021-04-01,2022-03-31,0
2022-02-01,72830,2021-03-31,3,,,,,,,,,,,,,,,,,,,,189918000000,87773000000,0.443,,84206000000,,,,,,,,,,,,true,false,12,2020-04-01,2021-03-31,-1
2022-02-01,72830,2021-03-31,3,,,,,,,,,,,,,,,,,,,,,,,,,,,,,18.00,,,,63018396,26726,,false,false,12,2020-04-01,2021-03-31,-1
2022-02-01,72830,2022-03-31,3,,,,,,,,,,,,,,,,,,,,,,,,,,,,,15.00,,,,,,,false,false,12,2021-04-01,2022-03-31,0
2022-02-01,72830,2022-03-31,3,,,,,,,,,,,,,,,,,,,,,,,,,,,,,29.00,,,,,,,false,true,12,2021-04-01,2022-03-31,0
2022-02-01,72830,2022-03-31,3,,,,,,,,,,,,,,,,,,,,,,,,,,,,,,,,,63070379,26817,63021306,false,false,9,2021-04-01,2021-12-31,0
2022-02-01,72830,2021-03-31,3,,,,,,,,,,,,,,,,,,,,,,,,,,,,,,,,,,,62991828,false,false,9,2020-04-01,2020-12-31,-1
2022-04-27,72830,2022-03-31,,193751000000,0.068,,,,,9809000000,0.979,10255000000,1.057,,6831000000,,108.40,108.34,0.075,0.052,0.051,,201936000000,100889000000,0.480,1539.63,96944000000,13544000000,-6955000000,-4128000000,48750000000,,0.268,,,,,,true,false,12,2021-04-01,2022-03-31,0
2022-04-27,72830,2021-03-31,,181427000000,-0.117,,,,,4956000000,-0.314,4986000000,-0.274,,3525000000,,55.97,,0.043,0.027,0.027,,189918000000,87773000000,0.443,1336.78,84206000000,17761000000,-6785000000,-1176000000,44369000000,,0.322,,,,,,true,false,12,2020-04-01,2021-03-31,-1
2022-04-27,72830,2023-03-31,,103000000000,0.055,,,,,5000000000,-0.020,5000000000,-0.083,,3300000000,,52.41,,,,,,,,,,,,,,,,,,,,,,true,true,6,2022-04-01,2022-09-30,1
2022-04-27,72830,2023-03-31,,210000000000,0.084,,,,,10500000000,0.070,10500000000,0.024,,7000000000,,111.17,,,,,,,,,,,,,,,,0.270,,,,,,true,true,12,2022-04-01,2023-03-31,1
2022-04-27,72830,2022-03-31,,80996000000,-0.026,,,,,1080000000,2.933,6878000000,1.369,6129000000,,1.244,97.27,97.22,,,,,135423000000,63073000000,0.465,999.99,62965000000,,,,,29.00,,,,63073379,106908,63017883,false,false,12,2021-04-01,2022-03-31,0
2022-04-27,72830,2021-03-31,,83138000000,-0.112,,,,,274000000,-0.233,2904000000,-0.236,2731000000,,,43.37,,,,,,127840000000,58457000000,0.456,925.62,58306000000,,,,,18.00,,,,63018396,26726,62991804,false,false,12,2020-04-01,2021-03-31,-1
2022-04-27,72830,2023-03-31,,,,,,,,,,,,,,,,,,,,,,,,,,,,,,30.00,,,,,,,false,true,12,2022-04-01,2023-03-31,1
2022-07-28,72830,2023-03-31,1,50250000000,0.021,,,,,2490000000,-0.262,3220000000,-0.116,,2045000000,,32.48,32.48,,,,,209617000000,105581000000,0.485,,101622000000,,,,,,,,,,,,true,false,3,2022-04-01,2022-06-30,0
2022-07-28,72830,2022-03-31,1,49197000000,0.285,,,,,3375000000,,3644000000,,,3079000000,,48.88,48.86,,,,,,,,,,,,,,,,,,,,,true,false,3,2021-04-01,2021-06-30,-1
2022-07-28,72830,2023-03-31,1,103000000000,0.055,,,,,5000000000,-0.020,5000000000,-0.083,,3300000000,,52.41,,,,,,,,,,,,,,,,,,,,,,true,true,6,2022-04-01,2022-09-30,0
2022-07-28,72830,2023-03-31,1,210000000000,0.084,,,,,10500000000,0.070,10500000000,0.024,,7000000000,,111.17,,,,,,,,,,,,,,,,,,,,,,true,true,12,2022-04-01,2023-03-31,0
2022-07-28,72830,2022-03-31,1,,,,,,,,,,,,,,,,,,,,201936000000,100889000000,0.480,,96944000000,,,,,,,,,,,,true,false,12,2021-04-01,2022-03-31,-1
2022-07-28,72830,2022-03-31,1,,,,,,,,,,,,,,,,,,,,,,,,,,,,,29.00,,,,63073379,106908,,false,false,12,2021-04-01,2022-03-31,-1
2022-07-28,72830,2023-03-31,1,,,,,,,,,,,,,,,,,,,,,,,,,,,,,30.00,,,,,,,false,true,12,2022-04-01,2023-03-31,0
2022-07-28,72830,2023-03-31,1,,,,,,,,,,,,,,,,,,,,,,,,,,,,,,,,,63073379,106866,62966453,false,false,3,2022-04-01,2022-06-30,0
2022-07-28,72830,2022-03-31,1,,,,,,,,,,,,,,,,,,,,,,,,,,,,,,,,,,,62993153,false,false,3,2021-04-01,2021-06-30,-1
2022-10-27,72830,2023-03-31,2,106289000000,0.089,,,,,5469000000,0.072,6397000000,0.173,,3755000000,,59.63,59.63,,,,,238713000000,111498000000,0.449,,107210000000,,,,,,,,,,,,true,false,6,2022-04-01,2022-09-30,0
2022-10-27,72830,2022-03-31,2,97646000000,0.282,,,,,5104000000,,5452000000,,,4020000000,,63.80,63.75,,,,,,,,,,,,,,,,,,,,,true,false,6,2021-04-01,2021-09-30,-1
2022-10-27,72830,2023-03-31,2,230000000000,0.187,,,,,10500000000,0.070,10500000000,0.024,,7000000000,,111.13,,,,,,,,,,,,,,,,,,,,,,true,true,12,2022-04-01,2023-03-31,0
2022-10-27,72830,2022-03-31,2,,,,,,,,,,,,,,,,,,,,201936000000,100889000000,0.480,,96944000000,,,,,,,,,,,,true,false,12,2021-04-01,2022-03-31,-1
2022-10-27,72830,2022-03-31,2,,,,,,,,,,,,,,,,,,,,,,,,,,,,,29.00,,,,63073379,106908,,false,false,12,2021-04-01,2022-03-31,-1
2022-10-27,72830,2023-03-31,2,,,,,,,,,,,,,,,,,,,,,,,,,,,,,15.00,,,,,,,false,false,12,2022-04-01,2023-03-31,0
2022-10-27,72830,2023-03-31,2,,,,,,,,,,,,,,,,,,,,,,,,,,,,,30.00,,,,,,,false,true,12,2022-04-01,2023-03-31,0
2022-10-27,72830,2023-03-31,2,,,,,,,,,,,,,,,,,,,,,,,,,,,,,,,,,63073379,72145,62981398,false,false,6,2022-04-01,2022-09-30,0
2022-10-27,72830,2022-03-31,2,,,,,,,,,,,,,,,,,,,,,,,,,,,,,,,,,,,63011769,false,false,6,2021-04-01,2021-09-30,-1
2023-02-02,72830,2023-03-31,3,172387000000,0.209,,,,,9386000000,0.285,10460000000,0.364,,6844000000,,108.67,108.67,,,,,241572000000,114183000000,0.454,,109685000000,,,,,,,,,,,,true,false,9,2022-04-01,2022-12-31,0
2023-02-02,72830,2022-03-31,3,142630000000,0.123,,,,,7306000000,4.819,7669000000,7.138,,5130000000,,81.41,81.35,,,,,,,,,,,,,,,,,,,,,true,false,9,2021-04-01,2021-12-31,-1
2023-02-02,72830,2023-03-31,3,235000000000,0.213,,,,,13500000000,0.376,14000000000,0.365,,8500000000,,134.94,,,,,,,,,,,,,,,,,,,,,,true,true,12,2022-04-01,2023-03-31,0
2023-02-02,72830,2022-03-31,3,,,,,,,,,,,,,,,,,,,,201936000000,100889000000,0.480,,96944000000,,,,,,,,,,,,true,false,12,2021-04-01,2022-03-31,-1
2023-02-02,72830,2022-03-31,3,,,,,,,,,,,,,,,,,,,,,,,,,,,,,29.00,,,,63073379,106908,,false,false,12,2021-04-01,2022-03-31,-1
2023-02-02,72830,2023-03-31,3,,,,,,,,,,,,,,,,,,,,,,,,,,,,,15.00,,,,,,,false,false,12,2022-04-01,2023-03-31,0
2023-02-02,72830,2023-03-31,3,,,,,,,,,,,,,,,,,,,,,,,,,,,,,33.00,,,,,,,false,true,12,2022-04-01,2023-03-31,0
2023-02-02,72830,2023-03-31,3,,,,,,,,,,,,,,,,,,,,,,,,,,,,,,,,,63073379,72280,62987320,false,false,9,2022-04-01,2022-12-31,0
2023-02-02,72830,2022-03-31,3,,,,,,,,,,,,,,,,,,,,,,,,,,,,,,,,,,,63021306,false,false,9,2021-04-01,2021-12-31,-1
2023-04-26,72830,2023-03-31,,240806000000,0.243,,,,,13632000000,0.390,14083000000,0.373,,8504000000,,135.01,134.98,0.084,0.066,0.057,,225762000000,110382000000,0.471,1688.64,106408000000,20269000000,-29599000000,3536000000,43972000000,,0.259,,,,,,true,false,12,2022-04-01,2023-03-31,0
2023-04-26,72830,2022-03-31,,193751000000,0.068,,,,,9809000000,0.979,10255000000,1.057,,6831000000,,108.40,108.34,0.075,0.052,0.051,,201936000000,100889000000,0.480,1539.63,96944000000,13544000000,-6955000000,-4128000000,48750000000,,0.268,,,,,,true,false,12,2021-04-01,2022-03-31,-1
2023-04-26,72830,2024-03-31,,137000000000,0.289,,,,,6800000000,0.243,6800000000,0.063,,4300000000,,68.24,,,,,,,,,,,,,,,,,,,,,,true,true,6,2023-04-01,2023-09-30,1
2023-04-26,72830,2024-03-31,,280000000000,0.163,,,,,14000000000,0.027,14000000000,-0.006,,8700000000,,138.06,,,,,,,,,,,,,,,,0.290,,,,,,true,true,12,2023-04-01,2024-03-31,1
2023-04-26,72830,2023-03-31,,88973000000,0.098,,,,,3396000000,2.145,9731000000,0.415,9245000000,,0.508,146.77,146.75,,,,,151630000000,70182000000,0.462,1112.39,70096000000,,,,,35.00,,,,63086379,72368,62991717,false,false,12,2022-04-01,2023-03-31,0
2023-04-26,72830,2022-03-31,,80996000000,-0.026,,,,,1080000000,2.933,6878000000,1.369,6129000000,,1.244,97.27,97.22,,,,,135423000000,63073000000,0.465,999.99,62965000000,,,,,29.00,,,,63073379,106908,63017883,false,false,12,2021-04-01,2022-03-31,-1
2023-04-26,72830,2024-03-31,,,,,,,,,,,,,,,,,,,,,,,,,,,,,,40.00,,,,,,,false,true,12,2023-04-01,2024-03-31,1
2023-07-27,72830,2024-03-31,1,69131000000,0.376,,,,,3931000000,0.579,4857000000,0.509,,3867000000,,61.45,61.40,,,,,235161000000,120346000000,0.493,,115947000000,,,,,,,,,,,,true,false,3,2023-04-01,2023-06-30,0
2023-07-27,72830,2023-03-31,1,50250000000,0.021,,,,,2490000000,-0.262,3220000000,-0.116,,2045000000,,32.48,32.48,,,,,,,,,,,,,,,,,,,,,true,false,3,2022-04-01,2022-06-30,-1
2023-07-27,72830,2024-03-31,1,137000000000,0.289,,,,,6800000000,0.243,6800000000,0.063,,4300000000,,68.39,,,,,,,,,,,,,,,,,,,,,,true,true,6,2023-04-01,2023-09-30,0
2023-07-27,72830,2024-03-31,1,280000000000,0.163,,,,,14000000000,0.027,14000000000,-0.006,,8700000000,,138.44,,,,,,,,,,,,,,,,,,,,,,true,true,12,2023-04-01,2024-03-31,0
2023-07-27,72830,2023-03-31,1,,,,,,,,,,,,,,,,,,,,225762000000,110382000000,0.471,,106408000000,,,,,,,,,,,,true,false,12,2022-04-01,2023-03-31,-1
2023-07-27,72830,2023-03-31,1,,,,,,,,,,,,,,,,,,,,,,,,,,,,,35.00,,,,63086379,72368,,false,false,12,2022-04-01,2023-03-31,-1
2023-07-27,72830,2024-03-31,1,,,,,,,,,,,,,,,,,,,,,,,,,,,,,40.00,,,,,,,false,true,12,2023-04-01,2024-03-31,0
2023-07-27,72830,2024-03-31,1,,,,,,,,,,,,,,,,,,,,,,,,,,,,,,,,,63173379,369652,62929615,false,false,3,2023-04-01,2023-06-30,0
2023-07-27,72830,2023-03-31,1,,,,,,,,,,,,,,,,,,,,,,,,,,,,,,,,,,,62966453,false,false,3,2022-04-01,2022-06-30,-1
2023-10-30,72830,2024-03-31,2,147749000000,0.390,,,,,8514000000,0.557,9889000000,0.546,,7525000000,,119.84,119.72,,,,,247834000000,126031000000,0.490,,121341000000,,,,,,,,,,,,true,false,6,2023-04-01,2023-09-30,0
2023-10-30,72830,2023-03-31,2,106289000000,0.089,,,,,5469000000,0.072,6397000000,0.173,,3755000000,,59.63,59.63,,,,,,,,,,,,,,,,,,,,,true,false,6,2022-04-01,2022-09-30,-1
2023-10-30,72830,2024-03-31,2,300000000000,0.246,,,,,16000000000,0.174,17000000000,0.207,,11500000000,,183.50,,,,,,,,,,,,,,,,,,,,,,true,true,12,2023-04-01,2024-03-31,0
2023-10-30,72830,2023-03-31,2,,,,,,,,,,,,,,,,,,,,225762000000,110382000000,0.471,,106408000000,,,,,,,,,,,,true,false,12,2022-04-01,2023-03-31,-1
2023-10-30,72830,2023-03-31,2,,,,,,,,,,,,,,,,,,,,,,,,,,,,,35.00,,,,63086379,72368,,false,false,12,2022-04-01,2023-03-31,-1
2023-10-30,72830,2024-03-31,2,,,,,,,,,,,,,,,,,,,,,,,,,,,,,27.00,,,,,,,false,false,12,2023-04-01,2024-03-31,0
2023-10-30,72830,2024-03-31,2,,,,,,,,,,,,,,,,,,,,,,,,,,,,,54.00,,,,,,,false,true,12,2023-04-01,2024-03-31,0
2023-10-30,72830,2024-03-31,2,,,,,,,,,,,,,,,,,,,,,,,,,,,,,,,,,63216379,685060,62792405,false,false,6,2023-04-01,2023-09-30,0
2023-10-30,72830,2023-03-31,2,,,,,,,,,,,,,,,,,,,,,,,,,,,,,,,,,,,62981398,false,false,6,2022-04-01,2022-09-30,-1
2024-02-01,72830,2024-03-31,3,233425000000,0.354,,,,,14661000000,0.562,15959000000,0.526,,11506000000,,183.63,183.44,,,,,248886000000,125393000000,0.485,,120624000000,,,,,,,,,,,,true,false,9,2023-04-01,2023-12-31,0
2024-02-01,72830,2023-03-31,3,172387000000,0.209,,,,,9386000000,0.285,10460000000,0.364,,6844000000,,108.67,108.67,,,,,,,,,,,,,,,,,,,,,true,false,9,2022-04-01,2022-12-31,-1
2024-02-01,72830,2024-03-31,3,300000000000,0.246,,,,,16000000000,0.174,17000000000,0.207,,11500000000,,183.75,,,,,,,,,,,,,,,,,,,,,,true,true,12,2023-04-01,2024-03-31,0
2024-02-01,72830,2023-03-31,3,,,,,,,,,,,,,,,,,,,,225762000000,110382000000,0.471,,106408000000,,,,,,,,,,,,true,false,12,2022-04-01,2023-03-31,-1
2024-02-01,72830,2023-03-31,3,,,,,,,,,,,,,,,,,,,,,,,,,,,,,35.00,,,,63086379,72368,,false,false,12,2022-04-01,2023-03-31,-1
2024-02-01,72830,2024-03-31,3,,,,,,,,,,,,,,,,,,,,,,,,,,,,,27.00,,,,,,,false,false,12,2023-04-01,2024-03-31,0
2024-02-01,72830,2024-03-31,3,,,,,,,,,,,,,,,,,,,,,,,,,,,,,54.00,,,,,,,false,true,12,2023-04-01,2024-03-31,0
2024-02-01,72830,2024-03-31,3,,,,,,,,,,,,,,,,,,,,,,,,,,,,,,,,,63251379,917460,62660319,false,false,9,2023-04-01,2023-12-31,0
2024-02-01,72830,2023-03-31,3,,,,,,,,,,,,,,,,,,,,,,,,,,,,,,,,,,,62987320,false,false,9,2022-04-01,2022-12-31,-1
2024-04-25,72830,2024-03-31,,314336000000,0.305,,,,,15498000000,0.137,17201000000,0.221,,11744000000,,187.63,187.45,0.097,0.069,0.049,,272549000000,139558000000,0.494,2158.56,134741000000,38627000000,-9664000000,-11431000000,66494000000,,0.293,,,,,,true,false,12,2023-04-01,2024-03-31,0
2024-04-25,72830,2023-03-31,,240806000000,0.243,,,,,13632000000,0.390,14083000000,0.373,,8504000000,,135.01,134.98,0.084,0.066,0.057,,225762000000,110382000000,0.471,1688.64,106408000000,20269000000,-29599000000,3536000000,43972000000,,0.259,,,,,,true,false,12,2022-04-01,2023-03-31,-1
2024-04-25,72830,2025-03-31,,315000000000,0.002,,,,,16000000000,0.032,16500000000,-0.041,,11000000000,,176.22,,,,,,,,,,,,,,,,0.318,,,,,,true,true,12,2024-04-01,2025-03-31,1
2024-04-25,72830,2024-03-31,,106805000000,0.200,,,,,246000000,-0.927,4579000000,-0.529,2744000000,,-0.703,43.84,43.80,,,,,159523000000,71755000000,0.450,1149.08,71727000000,,,,,55.00,,,,63339379,917500,62595762,false,false,12,2023-04-01,2024-03-31,0
2024-04-25,72830,2023-03-31,,88973000000,0.098,,,,,3396000000,2.145,9731000000,0.415,9245000000,,0.508,146.77,146.75,,,,,151630000000,70182000000,0.462,1112.39,70096000000,,,,,35.00,,,,63086379,72368,62991717,false,false,12,2022-04-01,2023-03-31,-1
2024-04-25,72830,2025-03-31,,,,,,,,,,,,,,,,,,,,,,,,,,,,,,56.00,,,,,,,false,true,12,2024-04-01,2025-03-31,1
2024-07-30,72830,2025-03-31,1,83187000000,0.203,,,,,5796000000,0.474,6938000000,0.428,,5375000000,,86.10,86.03,,,,,285932000000,145556000000,0.492,,140727000000,,,,,,,,,,,,true,false,3,2024-04-01,2024-06-30,0
2024-07-30,72830,2024-03-31,1,69131000000,0.376,,,,,3931000000,0.579,4857000000,0.509,,3867000000,,61.45,61.40,,,,,,,,,,,,,,,,,,,,,true,false,3,2023-04-01,2023-06-30,-1
2024-07-30,72830,2025-03-31,1,325000000000,0.034,,,,,19000000000,0.226,20000000000,0.163,,13000000000,,208.19,,,,,,,,,,,,,,,,,,,,,,true,true,12,2024-04-01,2025-03-31,0
2024-07-30,72830,2024-03-31,1,,,,,,,,,,,,,,,,,,,,272549000000,139558000000,0.494,,134741000000,,,,,,,,,,,,true,false,12,2023-04-01,2024-03-31,-1
2024-07-30,72830,2024-03-31,1,,,,,,,,,,,,,,,,,,,,,,,,,,,,,55.00,,,,63339379,917500,,false,false,12,2023-04-01,2024-03-31,-1
2024-07-30,72830,2025-03-31,1,,,,,,,,,,,,,,,,,,,,,,,,,,,,,63.00,,,,,,,false,true,12,2024-04-01,2025-03-31,0
2024-07-30,72830,2025-03-31,1,,,,,,,,,,,,,,,,,,,,,,,,,,,,,,,,,63365379,917500,62432129,false,false,3,2024-04-01,2024-06-30,0
2024-07-30,72830,2024-03-31,1,,,,,,,,,,,,,,,,,,,,,,,,,,,,,,,,,,,62929615,false,false,3,2023-04-01,2023-06-30,-1
2024-10-30,72830,2025-03-31,2,166403000000,0.126,,,,,10957000000,0.287,11285000000,0.141,,8007000000,,128.22,128.13,,,,,271110000000,140921000000,0.502,,136076000000,,,,,,,,,,,,true,false,6,2024-04-01,2024-09-30,0
2024-10-30,72830,2024-03-31,2,147749000000,0.390,,,,,8514000000,0.557,9889000000,0.546,,7525000000,,119.84,119.72,,,,,,,,,,,,,,,,,,,,,true,false,6,2023-04-01,2023-09-30,-1
2024-10-30,72830,2025-03-31,2,325000000000,0.034,,,,,19000000000,0.226,20000000000,0.163,,13000000000,,208.13,,,,,,,,,,,,,,,,,,,,,,true,true,12,2024-04-01,2025-03-31,0
2024-10-30,72830,2024-03-31,2,,,,,,,,,,,,,,,,,,,,272549000000,139558000000,0.494,,134741000000,,,,,,,,,,,,true,false,12,2023-04-01,2024-03-31,-1
2024-10-30,72830,2024-03-31,2,,,,,,,,,,,,,,,,,,,,,,,,,,,,,55.00,,,,63339379,917500,,false,false,12,2023-04-01,2024-03-31,-1
2024-10-30,72830,2025-03-31,2,,,,,,,,,,,,,,,,,,,,,,,,,,,,,31.00,,,,,,,false,false,12,2024-04-01,2025-03-31,0
2024-10-30,72830,2025-03-31,2,,,,,,,,,,,,,,,,,,,,,,,,,,,,,63.00,,,,,,,false,true,12,2024-04-01,2025-03-31,0
2024-10-30,72830,2025-03-31,2,,,,,,,,,,,,,,,,,,,,,,,,,,,,,,,,,63370379,893868,62450169,false,false,6,2024-04-01,2024-09-30,0
2024-10-30,72830,2024-03-31,2,,,,,,,,,,,,,,,,,,,,,,,,,,,,,,,,,,,62792405,false,false,6,2023-04-01,2023-09-30,-1
2025-01-30,72830,2025-03-31,3,253145000000,0.084,,,,,16599000000,0.132,17097000000,0.071,,11741000000,,187.98,187.86,,,,,299643000000,147008000000,0.474,,141876000000,,,,,,,,,,,,true,false,9,2024-04-01,2024-12-31,0
2025-01-30,72830,2024-03-31,3,233425000000,0.354,,,,,14661000000,0.562,15959000000,0.526,,11506000000,,183.63,183.44,,,,,,,,,,,,,,,,,,,,,true,false,9,2023-04-01,2023-12-31,-1
2025-01-30,72830,2025-03-31,3,330000000000,0.050,,,,,21000000000,0.355,21500000000,0.250,,14000000000,,224.13,,,,,,,,,,,,,,,,,,,,,,true,true,12,2024-04-01,2025-03-31,0
2025-01-30,72830,2024-03-31,3,,,,,,,,,,,,,,,,,,,,272549000000,139558000000,0.494,,134741000000,,,,,,,,,,,,true,false,12,2023-04-01,2024-03-31,-1
2025-01-30,72830,2024-03-31,3,,,,,,,,,,,,,,,,,,,,,,,,,,,,,55.00,,,,63339379,917500,,false,false,12,2023-04-01,2024-03-31,-1
2025-01-30,72830,2025-03-31,3,,,,,,,,,,,,,,,,,,,,,,,,,,,,,31.00,,,,,,,false,false,12,2024-04-01,2025-03-31,0
2025-01-30,72830,2025-03-31,3,,,,,,,,,,,,,,,,,,,,,,,,,,,,,68.00,,,,,,,false,true,12,2024-04-01,2025-03-31,0
2025-01-30,72830,2025-03-31,3,,,,,,,,,,,,,,,,,,,,,,,,,,,,,,,,,63376379,893868,62458971,false,false,9,2024-04-01,2024-12-31,0
2025-01-30,72830,2024-03-31,3,,,,,,,,,,,,,,,,,,,,,,,,,,,,,,,,,,,62660319,false,false,9,2023-04-01,2023-12-31,-1
2025-04-24,72830,2025-03-31,,337259000000,0.073,,,,,18338000000,0.183,19292000000,0.122,,13234000000,,211.86,211.75,0.098,0.067,0.054,,300982000000,140338000000,0.451,2173.01,135821000000,28222000000,-20128000000,10949000000,84131000000,,0.321,,,,,,true,false,12,2024-04-01,2025-03-31,0
2025-04-24,72830,2024-03-31,,314336000000,0.305,,,,,15498000000,0.137,17201000000,0.221,,11744000000,,187.63,187.45,0.097,0.069,0.049,,272549000000,139558000000,0.494,2158.56,134741000000,38627000000,-9664000000,-11431000000,66494000000,,0.293,,,,,,true,false,12,2023-04-01,2024-03-31,-1
2025-04-24,72830,2026-03-31,,310000000000,-0.081,,,,,18500000000,0.009,18000000000,-0.067,,12000000000,,208.96,,,,,,,,,,,,,,,,0.359,,,,,,true,true,12,2025-04-01,2026-03-31,1
2025-04-24,72830,2025-03-31,,125256000000,0.173,,,,,1479000000,5.006,16892000000,2.689,16491000000,,5.009,264.00,263.87,,,,,190198000000,82628000000,0.434,1321.85,82620000000,,,,,68.00,,,,63397879,893963,62467809,false,false,12,2024-04-01,2025-03-31,0
2025-04-24,72830,2024-03-31,,106805000000,0.200,,,,,246000000,-0.927,4579000000,-0.529,2744000000,,-0.703,43.84,43.80,,,,,159523000000,71755000000,0.450,1149.08,71727000000,,,,,55.00,,,,63339379,917500,62595762,false,false,12,2023-04-01,2024-03-31,-1
2025-04-24,72830,2026-03-31,,,,,,,,,,,,,,,,,,,,,,,,,,,,,,75.00,,,,,,,false,true,12,2025-04-01,2026-03-31,1
