filing_date,code,fiscal_year_end,quarterly_period,net_sales,net_sales_change,revenue,revenue_change,operating_revenue,operating_revenue_change,operating_profit,operating_profit_change,ordinary_profit,ordinary_profit_change,net_income,net_income_of_parent,net_income_change,eps,diluted_eps,roe,roa,operating_profit_to_net_sales,operating_profit_to_revenue,total_assets,net_assets,equity_ratio,bps,owner_equity,operating_cash_flow,investing_cash_flow,financing_cash_flow,cash,dividend_per_share,payout_ratio,commemorative_dividend,extra_dividend,number_of_shares,number_of_treqsury_shares,avg_number_of_shares,is_consolidated,is_forecast,duration,period_start,period_end,period_pos
2015-05-15,72970,2015-03-31,,19222000000,-0.044,,,,,186000000,-0.859,268000000,-0.804,65000000,,-0.919,8.67,,0.006,0.013,0.010,,20719000000,11524000000,0.556,1516.48,11524000000,694000000,-1082000000,382000000,8280000000,,2.308,,,,,,true,false,12,2014-04-01,2015-03-31,0
2015-05-15,72970,2014-03-31,,20099000000,0.071,,,,,1323000000,-0.233,1371000000,-0.172,817000000,,-0.250,107.58,,0.079,0.072,0.066,,19998000000,11020000000,0.551,1450.13,11020000000,1900000000,-1359000000,-201000000,8096000000,,0.186,,,,,,true,false,12,2013-04-01,2014-03-31,-1
2015-05-15,72970,2016-03-31,,8684000000,0.042,,,,,-491000000,,-547000000,,,-411000000,,-54.18,,,,,,,,,,,,,,,,,,,,,,true,true,6,2015-04-01,2015-09-30,1
2015-05-15,72970,2016-03-31,,20074000000,0.044,,,,,438000000,1.351,332000000,0.237,,168000000,,22.15,,,,,,,,,,,,,,,,0.903,,,,,,true,true,12,2015-04-01,2016-03-31,1
2015-05-15,72970,2015-03-31,,15960000000,-0.074,,,,,206000000,-0.774,435000000,-0.616,178000000,,-0.692,23.54,,,,,,14107000000,8470000000,0.600,1114.61,8470000000,,,,,20.00,,,,7928885,329396,7599527,false,false,12,2014-04-01,2015-03-31,0
2015-05-15,72970,2014-03-31,,17236000000,0.077,,,,,913000000,-0.302,1133000000,-0.176,580000000,,-0.335,76.41,,,,,,14640000000,8123000000,0.555,1068.95,8123000000,,,,,20.00,,,,7928885,329250,7599674,false,false,12,2013-04-01,2014-03-31,-1
2015-05-15,72970,2016-03-31,,6874000000,0.002,,,,,-542000000,,-475000000,,-328000000,,,-43.17,,,,,,,,,,,,,,,,,,,,,,false,true,6,2015-04-01,2015-09-30,1
2015-05-15,72970,2016-03-31,,16050000000,0.006,,,,,126000000,-0.385,208000000,-0.520,119000000,,-0.331,15.74,,,,,,,,,,,,,,,20.00,,,,,,,false,true,12,2015-04-01,2016-03-31,1
2015-07-31,72970,2016-03-31,1,3752000000,-0.024,,,,,-474000000,,-428000000,,,-280000000,,-36.87,,,,,,20330000000,11146000000,0.548,1466.71,11146000000,,,,,,,,,,,,true,false,3,2015-04-01,2015-06-30,0
2015-07-31,72970,2015-03-31,1,3845000000,-0.046,,,,,-107000000,,-116000000,,,-87000000,,-11.47,,,,,,,,,,,,,,,,,,,,,,true,false,3,2014-04-01,2014-06-30,-1
2015-07-31,72970,2016-03-31,1,8684000000,0.042,,,,,-491000000,,-547000000,,,-411000000,,-54.18,,,,,,,,,,,,,,,,,,,,,,true,true,6,2015-04-01,2015-09-30,0
2015-07-31,72970,2016-03-31,1,20074000000,0.044,,,,,438000000,1.351,332000000,0.237,,168000000,,22.15,,,,,,,,,,,,,,,,,,,,,,true,true,12,2015-04-01,2016-03-31,0
2015-07-31,72970,2015-03-31,1,,,,,,,,,,,,,,,,,,,,20719000000,11524000000,0.556,1516.48,11524000000,,,,,,,,,,,,true,false,12,2014-04-01,2015-03-31,-1
2015-07-31,72970,2015-03-31,1,,,,,,,,,,,,,,,,,,,,,,,,,,,,,20.00,,,,7928885,329396,,false,false,12,2014-04-01,2015-03-31,-1
2015-07-31,72970,2016-03-31,1,,,,,,,,,,,,,,,,,,,,,,,,,,,,,20.00,,,,,,,false,true,12,2015-04-01,2016-03-31,0
2015-07-31,72970,2016-03-31,1,,,,,,,,,,,,,,,,,,,,,,,,,,,,,,,,,7928885,329396,7599489,false,false,3,2015-04-01,2015-06-30,0
2015-07-31,72970,2015-03-31,1,,,,,,,,,,,,,,,,,,,,,,,,,,,,,,,,,,,7599567,false,false,3,2014-04-01,2014-06-30,-1
2015-10-23,72970,2016-03-31,,8334000000,-0.040,,,,,-476000000,,-497000000,,-622000000,,,-81.91,,,,,,,,,,,,,,,,,,,,,,true,true,6,2015-04-01,2015-09-30,0
2015-10-23,72970,2015-03-31,,8333000000,,,,,,-113000000,,-104000000,,-83000000,,,-10.99,,,,,,,,,,,,,,,,,,,,,,true,false,6,2014-04-01,2014-09-30,-1
2015-10-23,72970,2016-03-31,,19844000000,-0.011,,,,,83000000,-0.809,60000000,-0.819,-289000000,,,-38.16,,,,,,,,,,,,,,,,,,,,,,true,true,12,2015-04-01,2016-03-31,0
2015-10-23,72970,2015-03-31,,19222000000,,,,,,186000000,,268000000,,65000000,,,8.67,,,,,,,,,,,,,,,,,,,,,,true,false,12,2014-04-01,2015-03-31,-1
2015-10-23,72970,2016-03-31,,6569000000,-0.044,,,,,-356000000,,-282000000,,-468000000,,,-61.62,,,,,,,,,,,,,,,,,,,,,,false,true,6,2015-04-01,2015-09-30,0
2015-10-23,72970,2015-03-31,,6861000000,,,,,,-175000000,,-65000000,,-65000000,,,-8.66,,,,,,,,,,,,,,,,,,,,,,false,false,6,2014-04-01,2014-09-30,-1
2015-10-23,72970,2016-03-31,,16050000000,0.000,,,,,128000000,0.015,217000000,0.043,-174000000,,,-22.91,,,,,,,,,,,,,,,,,,,,,,false,true,12,2015-04-01,2016-03-31,0
2015-10-23,72970,2015-03-31,,15960000000,,,,,,206000000,,435000000,,178000000,,,23.54,,,,,,,,,,,,,,,,,,,,,,false,false,12,2014-04-01,2015-03-31,-1
2015-10-30,72970,2016-03-31,2,8334000000,0.000,,,,,-474000000,,-495000000,,,-620000000,,-81.65,,,,,,20351000000,10882000000,0.535,1432.06,10882000000,,,,,,,,,,,,true,false,6,2015-04-01,2015-09-30,0
2015-10-30,72970,2015-03-31,2,8333000000,-0.027,,,,,-113000000,,-104000000,,,-83000000,,-10.99,,,,,,,,,,,,,,,,,,,,,,true,false,6,2014-04-01,2014-09-30,-1
2015-10-30,72970,2016-03-31,2,19844000000,0.032,,,,,83000000,-0.550,60000000,-0.776,,-289000000,,-38.16,,,,,,,,,,,,,,,,,,,,,,true,true,12,2015-04-01,2016-03-31,0
2015-10-30,72970,2015-03-31,2,,,,,,,,,,,,,,,,,,,,20719000000,11524000000,0.556,1516.48,11524000000,,,,,,,,,,,,true,false,12,2014-04-01,2015-03-31,-1
2015-10-30,72970,2015-03-31,2,,,,,,,,,,,,,,,,,,,,,,,,,,,,,20.00,,,,7928885,329396,,false,false,12,2014-04-01,2015-03-31,-1
2015-10-30,72970,2016-03-31,2,,,,,,,,,,,,,,,,,,,,,,,,,,,,,8.00,,,,,,,false,false,12,2015-04-01,2016-03-31,0
2015-10-30,72970,2016-03-31,2,,,,,,,,,,,,,,,,,,,,,,,,,,,,,20.00,,,,,,,false,true,12,2015-04-01,2016-03-31,0
2015-10-30,72970,2016-03-31,2,,,,,,,,,,,,,,,,,,,,,,,,,,,,,,,,,7928885,329396,7599489,false,false,6,2015-04-01,2015-09-30,0
2015-10-30,72970,2015-03-31,2,,,,,,,,,,,,,,,,,,,,,,,,,,,,,,,,,,,7599563,false,false,6,2014-04-01,2014-09-30,-1
2016-02-05,72970,2016-03-31,3,15597000000,0.009,,,,,524000000,-0.210,485000000,-0.347,,97000000,,12.79,,,,,,21646000000,11450000000,0.529,1506.70,11450000000,,,,,,,,,,,,true,false,9,2015-04-01,2015-12-31,0
2016-02-05,72970,2015-03-31,3,15456000000,-0.031,,,,,664000000,-0.406,743000000,-0.375,,460000000,,60.55,,,,,,,,,,,,,,,,,,,,,,true,false,9,2014-04-01,2014-12-31,-1
2016-02-05,72970,2016-03-31,3,19844000000,0.032,,,,,83000000,-0.550,60000000,-0.776,,-289000000,,-38.16,,,,,,,,,,,,,,,,,,,,,,true,true,12,2015-04-01,2016-03-31,0
2016-02-05,72970,2015-03-31,3,,,,,,,,,,,,,,,,,,,,20719000000,11524000000,0.556,1516.48,11524000000,,,,,,,,,,,,true,false,12,2014-04-01,2015-03-31,-1
2016-02-05,72970,2015-03-31,3,,,,,,,,,,,,,,,,,,,,,,,,,,,,,20.00,,,,7928885,329396,,false,false,12,2014-04-01,2015-03-31,-1
2016-02-05,72970,2016-03-31,3,,,,,,,,,,,,,,,,,,,,,,,,,,,,,8.00,,,,,,,false,false,12,2015-04-01,2016-03-31,0
2016-02-05,72970,2016-03-31,3,,,,,,,,,,,,,,,,,,,,,,,,,,,,,20.00,,,,,,,false,true,12,2015-04-01,2016-03-31,0
2016-02-05,72970,2016-03-31,3,,,,,,,,,,,,,,,,,,,,,,,,,,,,,,,,,7928885,329396,7599489,false,false,9,2015-04-01,2015-12-31,0
2016-02-05,72970,2015-03-31,3,,,,,,,,,,,,,,,,,,,,,,,,,,,,,,,,,,,7599539,false,false,9,2014-04-01,2014-12-31,-1
2016-04-28,72970,2016-03-31,,19302000000,-0.027,,,,,412000000,3.915,272000000,3.526,,-152000000,,-20.10,,,,,,,,,,,,,,,,,,,,,,true,true,12,2015-04-01,2016-03-31,0
2016-04-28,72970,2015-03-31,,19222000000,,,,,,186000000,,268000000,,,65000000,,8.67,,,,,,,,,,,,,,,,,,,,,,true,false,12,2014-04-01,2015-03-31,-1
2016-04-28,72970,2016-03-31,,15800000000,-0.016,,,,,469000000,2.643,503000000,1.310,42000000,,,5.61,,,,,,,,,,,,,,,,,,,,,,false,true,12,2015-04-01,2016-03-31,0
2016-04-28,72970,2015-03-31,,15960000000,,,,,,206000000,,435000000,,178000000,,,23.54,,,,,,,,,,,,,,,,,,,,,,false,false,12,2014-04-01,2015-03-31,-1
2016-05-13,72970,2016-03-31,,19302000000,0.004,,,,,412000000,1.211,272000000,0.013,,-152000000,,-20.10,,-0.014,0.013,0.021,,20904000000,11047000000,0.528,1453.70,11047000000,217000000,-847000000,12000000,7582000000,,,,,,,,true,false,12,2015-04-01,2016-03-31,0
2016-05-13,72970,2015-03-31,,19222000000,-0.044,,,,,186000000,-0.859,268000000,-0.804,,65000000,,8.67,,0.006,0.013,0.010,,20719000000,11524000000,0.556,1516.48,11524000000,694000000,-1082000000,382000000,8280000000,,2.308,,,,,,true,false,12,2014-04-01,2015-03-31,-1
2016-05-13,72970,2017-03-31,,8915000000,0.070,,,,,-45000000,,-116000000,,,-95000000,,-12.59,,,,,,,,,,,,,,,,,,,,,,true,true,6,2016-04-01,2016-09-30,1
2016-05-13,72970,2017-03-31,,20610000000,0.068,,,,,752000000,0.823,584000000,1.146,,334000000,,44.05,,,,,,,,,,,,,,,,0.903,,,,,,true,true,12,2016-04-01,2017-03-31,1
2016-05-13,72970,2016-03-31,,15800000000,-0.010,,,,,469000000,1.272,503000000,0.156,42000000,,-0.762,5.61,,,,,,14157000000,8308000000,0.587,1093.24,8308000000,,,,,20.00,,,,7928885,329396,7599489,false,false,12,2015-04-01,2016-03-31,0
2016-05-13,72970,2015-03-31,,15960000000,-0.074,,,,,206000000,-0.774,435000000,-0.616,178000000,,-0.692,23.54,,,,,,14107000000,8470000000,0.600,1114.61,8470000000,,,,,20.00,,,,7928885,329396,7599527,false,false,12,2014-04-01,2015-03-31,-1
2016-05-13,72970,2017-03-31,,6975000000,0.062,,,,,-84000000,,-56000000,,-41000000,,,-5.42,,,,,,,,,,,,,,,,,,,,,,false,true,6,2016-04-01,2016-09-30,1
2016-05-13,72970,2017-03-31,,16500000000,0.044,,,,,585000000,0.248,590000000,0.174,353000000,,7.303,46.55,,,,,,,,,,,,,,,20.00,,,,,,,false,true,12,2016-04-01,2017-03-31,1
2016-07-29,72970,2017-03-31,1,4062000000,0.083,,,,,-227000000,,-427000000,,,-314000000,,-41.43,,,,,,20785000000,10445000000,0.503,1374.55,10445000000,,,,,,,,,,,,true,false,3,2016-04-01,2016-06-30,0
2016-07-29,72970,2016-03-31,1,3752000000,-0.024,,,,,-474000000,,-428000000,,,-280000000,,-36.87,,,,,,,,,,,,,,,,,,,,,,true,false,3,2015-04-01,2015-06-30,-1
2016-07-29,72970,2017-03-31,1,8915000000,0.070,,,,,-45000000,,-116000000,,,-95000000,,-12.59,,,,,,,,,,,,,,,,,,,,,,true,true,6,2016-04-01,2016-09-30,0
2016-07-29,72970,2017-03-31,1,20610000000,0.068,,,,,752000000,0.823,584000000,1.146,,334000000,,44.05,,,,,,,,,,,,,,,,,,,,,,true,true,12,2016-04-01,2017-03-31,0
2016-07-29,72970,2016-03-31,1,,,,,,,,,,,,,,,,,,,,20904000000,11047000000,0.528,1453.70,11047000000,,,,,,,,,,,,true,false,12,2015-04-01,2016-03-31,-1
2016-07-29,72970,2016-03-31,1,,,,,,,,,,,,,,,,,,,,,,,,,,,,,20.00,,,,7928885,329396,,false,false,12,2015-04-01,2016-03-31,-1
2016-07-29,72970,2017-03-31,1,,,,,,,,,,,,,,,,,,,,,,,,,,,,,20.00,,,,,,,false,true,12,2016-04-01,2017-03-31,0
2016-07-29,72970,2017-03-31,1,,,,,,,,,,,,,,,,,,,,,,,,,,,,,,,,,7928885,329396,7599489,false,false,3,2016-04-01,2016-06-30,0
2016-07-29,72970,2016-03-31,1,,,,,,,,,,,,,,,,,,,,,,,,,,,,,,,,,,,7599489,false,false,3,2015-04-01,2015-06-30,-1
2016-10-28,72970,2017-03-31,2,8398000000,0.008,,,,,-180000000,,-404000000,,,-502000000,,-66.13,,,,,,20441000000,9970000000,0.488,1311.93,9970000000,,,,,,,,,,,,true,false,6,2016-04-01,2016-09-30,0
2016-10-28,72970,2016-03-31,2,8334000000,0.000,,,,,-474000000,,-495000000,,,-620000000,,-81.65,,,,,,,,,,,,,,,,,,,,,,true,false,6,2015-04-01,2015-09-30,-1
2016-10-28,72970,2017-03-31,2,19886000000,0.030,,,,,830000000,1.013,645000000,1.370,,284000000,,37.39,,,,,,,,,,,,,,,,,,,,,,true,true,12,2016-04-01,2017-03-31,0
2016-10-28,72970,2016-03-31,2,,,,,,,,,,,,,,,,,,,,20904000000,11047000000,0.528,1453.70,11047000000,,,,,,,,,,,,true,false,12,2015-04-01,2016-03-31,-1
2016-10-28,72970,2016-03-31,2,,,,,,,,,,,,,,,,,,,,,,,,,,,,,20.00,,,,7928885,329396,,false,false,12,2015-04-01,2016-03-31,-1
2016-10-28,72970,2017-03-31,2,,,,,,,,,,,,,,,,,,,,,,,,,,,,,8.00,,,,,,,false,false,12,2016-04-01,2017-03-31,0
2016-10-28,72970,2017-03-31,2,,,,,,,,,,,,,,,,,,,,,,,,,,,,,20.00,,,,,,,false,true,12,2016-04-01,2017-03-31,0
2016-10-28,72970,2017-03-31,2,,,,,,,,,,,,,,,,,,,,,,,,,,,,,,,,,7928885,329396,7599489,false,false,6,2016-04-01,2016-09-30,0
2016-10-28,72970,2016-03-31,2,,,,,,,,,,,,,,,,,,,,,,,,,,,,,,,,,,,7599489,false,false,6,2015-04-01,2015-09-30,-1
2017-02-03,72970,2017-03-31,3,15039000000,-0.036,,,,,596000000,0.136,553000000,0.140,,131000000,,17.29,,,,,,21793000000,10623000000,0.487,1397.88,10623000000,,,,,,,,,,,,true,false,9,2016-04-01,2016-12-31,0
2017-02-03,72970,2016-03-31,3,15597000000,0.009,,,,,524000000,-0.210,485000000,-0.347,,97000000,,12.79,,,,,,,,,,,,,,,,,,,,,,true,false,9,2015-04-01,2015-12-31,-1
2017-02-03,72970,2017-03-31,3,19886000000,0.030,,,,,830000000,1.013,645000000,1.370,,284000000,,37.39,,,,,,,,,,,,,,,,,,,,,,true,true,12,2016-04-01,2017-03-31,0
2017-02-03,72970,2016-03-31,3,,,,,,,,,,,,,,,,,,,,20904000000,11047000000,0.528,1453.70,11047000000,,,,,,,,,,,,true,false,12,2015-04-01,2016-03-31,-1
2017-02-03,72970,2016-03-31,3,,,,,,,,,,,,,,,,,,,,,,,,,,,,,20.00,,,,7928885,329396,,false,false,12,2015-04-01,2016-03-31,-1
2017-02-03,72970,2017-03-31,3,,,,,,,,,,,,,,,,,,,,,,,,,,,,,8.00,,,,,,,false,false,12,2016-04-01,2017-03-31,0
2017-02-03,72970,2017-03-31,3,,,,,,,,,,,,,,,,,,,,,,,,,,,,,20.00,,,,,,,false,true,12,2016-04-01,2017-03-31,0
2017-02-03,72970,2017-03-31,3,,,,,,,,,,,,,,,,,,,,,,,,,,,,,,,,,7928885,329396,7599489,false,false,9,2016-04-01,2016-12-31,0
2017-02-03,72970,2016-03-31,3,,,,,,,,,,,,,,,,,,,,,,,,,,,,,,,,,,,7599489,false,false,9,2015-04-01,2015-12-31,-1
2017-05-02,72970,2017-03-31,,18724000000,-0.058,,,,,457000000,-0.449,369000000,-0.427,,116000000,,15.32,,,,,,,,,,,,,,,,,,,,,,true,true,12,2016-04-01,2017-03-31,0
2017-05-02,72970,2016-03-31,,19302000000,,,,,,412000000,,272000000,,,-152000000,,-20.10,,,,,,,,,,,,,,,,,,,,,,true,false,12,2015-04-01,2016-03-31,-1
2017-05-02,72970,2017-03-31,,14979000000,-0.075,,,,,537000000,-0.373,598000000,-0.172,241000000,,-0.518,31.83,,,,,,,,,,,,,,,,,,,,,,false,true,12,2016-04-01,2017-03-31,0
2017-05-02,72970,2016-03-31,,15800000000,,,,,,469000000,,503000000,,42000000,,,5.61,,,,,,,,,,,,,,,,,,,,,,false,false,12,2015-04-01,2016-03-31,-1
2017-05-12,72970,2017-03-31,,18724000000,-0.030,,,,,457000000,0.109,369000000,0.358,,85000000,,11.25,,0.008,0.017,0.024,,21259000000,10807000000,0.508,1422.12,10807000000,1489000000,-501000000,373000000,8833000000,,1.777,,,,,,true,false,12,2016-04-01,2017-03-31,0
2017-05-12,72970,2016-03-31,,19302000000,0.004,,,,,412000000,1.211,272000000,0.013,,-152000000,,-20.10,,-0.014,0.013,0.021,,20904000000,11047000000,0.528,1453.70,11047000000,217000000,-847000000,12000000,7582000000,,,,,,,,true,false,12,2015-04-01,2016-03-31,-1
2017-05-12,72970,2018-03-31,,20182000000,0.078,,,,,753000000,0.647,623000000,0.686,,355000000,,46.83,,,,,,,,,,,,,,,,0.427,,,,,,true,true,12,2017-04-01,2018-03-31,1
2017-05-12,72970,2017-03-31,,14979000000,-0.052,,,,,537000000,0.145,598000000,0.189,276000000,,5.492,36.40,,,,,,14946000000,8465000000,0.566,1113.96,8465000000,,,,,20.00,,,,7928885,329396,7599489,false,false,12,2016-04-01,2017-03-31,0
2017-05-12,72970,2016-03-31,,15800000000,-0.010,,,,,469000000,1.272,503000000,0.156,42000000,,-0.762,5.61,,,,,,14157000000,8308000000,0.587,1093.24,8308000000,,,,,20.00,,,,7928885,329396,7599489,false,false,12,2015-04-01,2016-03-31,-1
2017-05-12,72970,2018-03-31,,,,,,,,,,,,,,,,,,,,,,,,,,,,,,20.00,,,,,,,false,true,12,2017-04-01,2018-03-31,1
2017-07-28,72970,2018-03-31,1,4064000000,0.000,,,,,-75000000,,-59000000,,,-53000000,,-7.05,,,,,,20341000000,10638000000,0.523,1399.88,10638000000,,,,,,,,,,,,true,false,3,2017-04-01,2017-06-30,0
2017-07-28,72970,2017-03-31,1,4062000000,0.083,,,,,-227000000,,-427000000,,,-314000000,,-41.43,,,,,,,,,,,,,,,,,,,,,,true,false,3,2016-04-01,2016-06-30,-1
2017-07-28,72970,2018-03-31,1,20182000000,0.078,,,,,753000000,0.647,623000000,0.686,,355000000,,46.83,,,,,,,,,,,,,,,,,,,,,,true,true,12,2017-04-01,2018-03-31,0
2017-07-28,72970,2017-03-31,1,,,,,,,,,,,,,,,,,,,,21259000000,10807000000,0.508,1422.12,10807000000,,,,,,,,,,,,true,false,12,2016-04-01,2017-03-31,-1
2017-07-28,72970,2017-03-31,1,,,,,,,,,,,,,,,,,,,,,,,,,,,,,20.00,,,,7928885,329396,,false,false,12,2016-04-01,2017-03-31,-1
2017-07-28,72970,2018-03-31,1,,,,,,,,,,,,,,,,,,,,,,,,,,,,,20.00,,,,,,,false,true,12,2017-04-01,2018-03-31,0
2017-07-28,72970,2018-03-31,1,,,,,,,,,,,,,,,,,,,,,,,,,,,,,,,,,7928885,329508,7599388,false,false,3,2017-04-01,2017-06-30,0
2017-07-28,72970,2017-03-31,1,,,,,,,,,,,,,,,,,,,,,,,,,,,,,,,,,,,7599489,false,false,3,2016-04-01,2016-06-30,-1
2017-10-31,72970,2018-03-31,2,8823000000,0.051,,,,,191000000,,210000000,,,137000000,,18.06,,,,,,20899000000,10950000000,0.524,1440.95,10950000000,,,,,,,,,,,,true,false,6,2017-04-01,2017-09-30,0
2017-10-31,72970,2017-03-31,2,8398000000,0.008,,,,,-180000000,,-404000000,,,-502000000,,-66.13,,,,,,,,,,,,,,,,,,,,,,true,false,6,2016-04-01,2016-09-30,-1
2017-10-31,72970,2018-03-31,2,20182000000,0.078,,,,,864000000,0.890,832000000,1.250,,507000000,,66.77,,,,,,,,,,,,,,,,,,,,,,true,true,12,2017-04-01,2018-03-31,0
2017-10-31,72970,2017-03-31,2,,,,,,,,,,,,,,,,,,,,21259000000,10807000000,0.508,1422.12,10807000000,,,,,,,,,,,,true,false,12,2016-04-01,2017-03-31,-1
2017-10-31,72970,2017-03-31,2,,,,,,,,,,,,,,,,,,,,,,,,,,,,,20.00,,,,7928885,329396,,false,false,12,2016-04-01,2017-03-31,-1
2017-10-31,72970,2018-03-31,2,,,,,,,,,,,,,,,,,,,,,,,,,,,,,8.00,,,,,,,false,false,12,2017-04-01,2018-03-31,0
2017-10-31,72970,2018-03-31,2,,,,,,,,,,,,,,,,,,,,,,,,,,,,,20.00,,,,,,,false,true,12,2017-04-01,2018-03-31,0
2017-10-31,72970,2018-03-31,2,,,,,,,,,,,,,,,,,,,,,,,,,,,,,,,,,7928885,329508,7599382,false,false,6,2017-04-01,2017-09-30,0
2017-10-31,72970,2017-03-31,2,,,,,,,,,,,,,,,,,,,,,,,,,,,,,,,,,,,7599489,false,false,6,2016-04-01,2016-09-30,-1
2017-10-31,72970,2018-03-31,,20182000000,0.000,,,,,864000000,0.147,832000000,0.335,,507000000,,66.77,,,,,,,,,,,,,,,,,,,,,,true,true,12,2017-04-01,2018-03-31,0
2017-10-31,72970,2017-03-31,,18724000000,,,,,,457000000,,369000000,,,85000000,,11.25,,,,,,,,,,,,,,,,,,,,,,true,false,12,2016-04-01,2017-03-31,-1
2018-02-02,72970,2018-03-31,3,15926000000,0.059,,,,,1233000000,1.070,1242000000,1.245,,875000000,,115.20,,,,,,22368000000,11782000000,0.527,1550.40,11782000000,,,,,,,,,,,,true,false,9,2017-04-01,2017-12-31,0
2018-02-02,72970,2017-03-31,3,15039000000,-0.036,,,,,596000000,0.136,553000000,0.140,,131000000,,17.29,,,,,,,,,,,,,,,,,,,,,,true,false,9,2016-04-01,2016-12-31,-1
2018-02-02,72970,2018-03-31,3,20182000000,0.078,,,,,864000000,0.890,832000000,1.250,,507000000,,66.77,,,,,,,,,,,,,,,,,,,,,,true,true,12,2017-04-01,2018-03-31,0
2018-02-02,72970,2017-03-31,3,,,,,,,,,,,,,,,,,,,,21259000000,10807000000,0.508,1422.12,10807000000,,,,,,,,,,,,true,false,12,2016-04-01,2017-03-31,-1
2018-02-02,72970,2017-03-31,3,,,,,,,,,,,,,,,,,,,,,,,,,,,,,20.00,,,,7928885,329396,,false,false,12,2016-04-01,2017-03-31,-1
2018-02-02,72970,2018-03-31,3,,,,,,,,,,,,,,,,,,,,,,,,,,,,,8.00,,,,,,,false,false,12,2017-04-01,2018-03-31,0
2018-02-02,72970,2018-03-31,3,,,,,,,,,,,,,,,,,,,,,,,,,,,,,20.00,,,,,,,false,true,12,2017-04-01,2018-03-31,0
2018-02-02,72970,2018-03-31,3,,,,,,,,,,,,,,,,,,,,,,,,,,,,,,,,,7928885,329518,7599379,false,false,9,2017-04-01,2017-12-31,0
2018-02-02,72970,2017-03-31,3,,,,,,,,,,,,,,,,,,,,,,,,,,,,,,,,,,,7599489,false,false,9,2016-04-01,2016-12-31,-1
2018-05-02,72970,2018-03-31,,20108000000,-0.004,,,,,1294000000,0.497,1289000000,0.550,,770000000,,101.37,,,,,,,,,,,,,,,,,,,,,,true,true,12,2017-04-01,2018-03-31,0
2018-05-02,72970,2017-03-31,,18724000000,,,,,,457000000,,369000000,,,85000000,,11.25,,,,,,,,,,,,,,,,,,,,,,true,false,12,2016-04-01,2017-03-31,-1
2018-05-11,72970,2018-03-31,,20108000000,0.074,,,,,1294000000,1.829,1289000000,2.487,,770000000,,101.37,,0.066,0.058,0.064,,22271000000,11649000000,0.523,1532.99,11649000000,1118000000,-474000000,-475000000,9043000000,,0.197,,,,,,true,false,12,2017-04-01,2018-03-31,0
2018-05-11,72970,2017-03-31,,18724000000,-0.030,,,,,457000000,0.109,369000000,0.358,,85000000,,11.25,,0.008,0.017,0.024,,21259000000,10807000000,0.508,1422.12,10807000000,1489000000,-501000000,373000000,8833000000,,1.777,,,,,,true,false,12,2016-04-01,2017-03-31,-1
2018-05-11,72970,2019-03-31,,20712000000,0.030,,,,,1384000000,0.069,1299000000,0.007,,843000000,,111.04,,,,,,,,,,,,,,,,0.198,,,,,,true,true,12,2018-04-01,2019-03-31,1
2018-05-11,72970,2018-03-31,,15593000000,0.041,,,,,813000000,0.515,1045000000,0.748,736000000,,1.662,96.91,,,,,,15545000000,9208000000,0.592,1211.69,9208000000,,,,,20.00,,,,7928885,329558,7599368,false,false,12,2017-04-01,2018-03-31,0
2018-05-11,72970,2017-03-31,,14979000000,-0.052,,,,,537000000,0.145,598000000,0.189,276000000,,5.492,36.40,,,,,,14946000000,8465000000,0.566,1113.96,8465000000,,,,,20.00,,,,7928885,329396,7599489,false,false,12,2016-04-01,2017-03-31,-1
2018-05-11,72970,2019-03-31,,,,,,,,,,,,,,,,,,,,,,,,,,,,,,22.00,,,,,,,false,true,12,2018-04-01,2019-03-31,1
2018-07-27,72970,2019-03-31,1,4165000000,0.025,,,,,-77000000,,-36000000,,,-29000000,,-3.92,,,,,,21311000000,11473000000,0.538,1509.86,11473000000,,,,,,,,,,,,true,false,3,2018-04-01,2018-06-30,0
2018-07-27,72970,2018-03-31,1,4064000000,0.000,,,,,-75000000,,-59000000,,,-53000000,,-7.05,,,,,,,,,,,,,,,,,,,,,,true,false,3,2017-04-01,2017-06-30,-1
2018-07-27,72970,2019-03-31,1,20712000000,0.030,,,,,1384000000,0.069,1299000000,0.007,,843000000,,111.04,,,,,,,,,,,,,,,,,,,,,,true,true,12,2018-04-01,2019-03-31,0
2018-07-27,72970,2018-03-31,1,,,,,,,,,,,,,,,,,,,,22271000000,11649000000,0.523,1532.99,11649000000,,,,,,,,,,,,true,false,12,2017-04-01,2018-03-31,-1
2018-07-27,72970,2018-03-31,1,,,,,,,,,,,,,,,,,,,,,,,,,,,,,20.00,,,,7928885,329558,,false,false,12,2017-04-01,2018-03-31,-1
2018-07-27,72970,2019-03-31,1,,,,,,,,,,,,,,,,,,,,,,,,,,,,,22.00,,,,,,,false,true,12,2018-04-01,2019-03-31,0
2018-07-27,72970,2019-03-31,1,,,,,,,,,,,,,,,,,,,,,,,,,,,,,,,,,7928885,329558,7599327,false,false,3,2018-04-01,2018-06-30,0
2018-07-27,72970,2018-03-31,1,,,,,,,,,,,,,,,,,,,,,,,,,,,,,,,,,,,7599388,false,false,3,2017-04-01,2017-06-30,-1
2018-10-31,72970,2019-03-31,2,8866000000,0.005,,,,,41000000,-0.782,70000000,-0.667,,45000000,,6.17,,,,,,21361000000,10905000000,0.511,1545.89,10905000000,,,,,,,,,,,,true,false,6,2018-04-01,2018-09-30,0
2018-10-31,72970,2018-03-31,2,8823000000,0.051,,,,,191000000,,210000000,,,137000000,,18.06,,,,,,,,,,,,,,,,,,,,,,true,false,6,2017-04-01,2017-09-30,-1
2018-10-31,72970,2019-03-31,2,20712000000,0.030,,,,,1384000000,0.069,1299000000,0.007,,843000000,,117.31,,,,,,,,,,,,,,,,,,,,,,true,true,12,2018-04-01,2019-03-31,0
2018-10-31,72970,2018-03-31,2,,,,,,,,,,,,,,,,,,,,22271000000,11649000000,0.523,1532.99,11649000000,,,,,,,,,,,,true,false,12,2017-04-01,2018-03-31,-1
2018-10-31,72970,2018-03-31,2,,,,,,,,,,,,,,,,,,,,,,,,,,,,,20.00,,,,7928885,329558,,false,false,12,2017-04-01,2018-03-31,-1
2018-10-31,72970,2019-03-31,2,,,,,,,,,,,,,,,,,,,,,,,,,,,,,10.00,,,,,,,false,false,12,2018-04-01,2019-03-31,0
2018-10-31,72970,2019-03-31,2,,,,,,,,,,,,,,,,,,,,,,,,,,,,,22.00,,,,,,,false,true,12,2018-04-01,2019-03-31,0
2018-10-31,72970,2019-03-31,2,,,,,,,,,,,,,,,,,,,,,,,,,,,,,,,,,7928885,874658,7331245,false,false,6,2018-04-01,2018-09-30,0
2018-10-31,72970,2018-03-31,2,,,,,,,,,,,,,,,,,,,,,,,,,,,,,,,,,,,7599382,false,false,6,2017-04-01,2017-09-30,-1
2019-02-01,72970,2019-03-31,3,16170000000,0.015,,,,,472000000,-0.617,520000000,-0.582,,903000000,,124.81,,,,,,19299000000,11577000000,0.600,1641.23,11577000000,,,,,,,,,,,,true,false,9,2018-04-01,2018-12-31,0
2019-02-01,72970,2018-03-31,3,15926000000,0.059,,,,,1233000000,1.070,1242000000,1.245,,875000000,,115.20,,,,,,,,,,,,,,,,,,,,,,true,false,9,2017-04-01,2017-12-31,-1
2019-02-01,72970,2019-03-31,3,19322000000,-0.039,,,,,490000000,-0.621,498000000,-0.614,,691000000,,96.22,,,,,,,,,,,,,,,,,,,,,,true,true,12,2018-04-01,2019-03-31,0
2019-02-01,72970,2018-03-31,3,,,,,,,,,,,,,,,,,,,,22271000000,11649000000,0.523,1532.99,11649000000,,,,,,,,,,,,true,false,12,2017-04-01,2018-03-31,-1
2019-02-01,72970,2018-03-31,3,,,,,,,,,,,,,,,,,,,,,,,,,,,,,20.00,,,,7928885,329558,,false,false,12,2017-04-01,2018-03-31,-1
2019-02-01,72970,2019-03-31,3,,,,,,,,,,,,,,,,,,,,,,,,,,,,,10.00,,,,,,,false,false,12,2018-04-01,2019-03-31,0
2019-02-01,72970,2019-03-31,3,,,,,,,,,,,,,,,,,,,,,,,,,,,,,22.00,,,,,,,false,true,12,2018-04-01,2019-03-31,0
2019-02-01,72970,2019-03-31,3,,,,,,,,,,,,,,,,,,,,,,,,,,,,,,,,,7928885,874658,7236588,false,false,9,2018-04-01,2018-12-31,0
2019-02-01,72970,2018-03-31,3,,,,,,,,,,,,,,,,,,,,,,,,,,,,,,,,,,,7599379,false,false,9,2017-04-01,2017-12-31,-1
2019-05-15,72970,2019-03-31,,19064000000,-0.052,,,,,671000000,-0.481,690000000,-0.465,,1039000000,,144.49,,0.089,0.034,0.035,,18586000000,11715000000,0.630,1660.76,11715000000,599000000,-282000000,-867000000,8421000000,,0.149,,,,,,true,false,12,2018-04-01,2019-03-31,0
2019-05-15,72970,2018-03-31,,20108000000,0.074,,,,,1294000000,1.829,1289000000,2.487,,770000000,,101.37,,0.066,0.058,0.064,,22271000000,11649000000,0.523,1532.99,11649000000,1118000000,-474000000,-475000000,9043000000,,0.197,,,,,,true,false,12,2017-04-01,2018-03-31,-1
2019-05-15,72970,2020-03-31,,16843000000,-0.117,,,,,1106000000,0.647,1049000000,0.519,,675000000,,95.77,,,,,,,,,,,,,,,,0.230,,,,,,true,true,12,2019-04-01,2020-03-31,1
2019-05-15,72970,2019-03-31,,15459000000,-0.009,,,,,336000000,-0.587,762000000,-0.271,986000000,,0.340,137.18,,,,,,16200000000,9378000000,0.579,1329.46,9378000000,,,,,22.00,,,,7928885,874658,7191622,false,false,12,2018-04-01,2019-03-31,0
2019-05-15,72970,2018-03-31,,15593000000,0.041,,,,,813000000,0.515,1045000000,0.748,736000000,,1.662,96.91,,,,,,15545000000,9208000000,0.592,1211.69,9208000000,,,,,20.00,,,,7928885,329558,7599368,false,false,12,2017-04-01,2018-03-31,-1
2019-05-15,72970,2020-03-31,,,,,,,,,,,,,,,,,,,,,,,,,,,,,,22.00,,,,,,,false,true,12,2019-04-01,2020-03-31,1
2019-07-31,72970,2020-03-31,1,3591000000,-0.138,,,,,76000000,,98000000,,,85000000,,12.06,,,,,,17928000000,11744000000,0.655,1664.84,11744000000,,,,,,,,,,,,true,false,3,2019-04-01,2019-06-30,0
2019-07-31,72970,2019-03-31,1,4165000000,0.025,,,,,-77000000,,-36000000,,,-29000000,,-3.92,,,,,,,,,,,,,,,,,,,,,,true,false,3,2018-04-01,2018-06-30,-1
2019-07-31,72970,2020-03-31,1,16843000000,-0.117,,,,,1106000000,0.647,1049000000,0.519,,675000000,,95.77,,,,,,,,,,,,,,,,,,,,,,true,true,12,2019-04-01,2020-03-31,0
2019-07-31,72970,2019-03-31,1,,,,,,,,,,,,,,,,,,,,18586000000,11715000000,0.630,1660.76,11715000000,,,,,,,,,,,,true,false,12,2018-04-01,2019-03-31,-1
2019-07-31,72970,2019-03-31,1,,,,,,,,,,,,,,,,,,,,,,,,,,,,,22.00,,,,7928885,874658,,false,false,12,2018-04-01,2019-03-31,-1
2019-07-31,72970,2020-03-31,1,,,,,,,,,,,,,,,,,,,,,,,,,,,,,22.00,,,,,,,false,true,12,2019-04-01,2020-03-31,0
2019-07-31,72970,2020-03-31,1,,,,,,,,,,,,,,,,,,,,,,,,,,,,,,,,,7928885,874658,7054227,false,false,3,2019-04-01,2019-06-30,0
2019-07-31,72970,2019-03-31,1,,,,,,,,,,,,,,,,,,,,,,,,,,,,,,,,,,,7599327,false,false,3,2018-04-01,2018-06-30,-1
2019-10-31,72970,2020-03-31,2,7912000000,-0.108,,,,,402000000,8.640,399000000,4.700,,301000000,,42.73,,,,,,18571000000,11907000000,0.641,1688.03,11907000000,,,,,,,,,,,,true,false,6,2019-04-01,2019-09-30,0
2019-10-31,72970,2019-03-31,2,8866000000,0.005,,,,,41000000,-0.782,70000000,-0.667,,45000000,,6.17,,,,,,,,,,,,,,,,,,,,,,true,false,6,2018-04-01,2018-09-30,-1
2019-10-31,72970,2020-03-31,2,16843000000,-0.117,,,,,1106000000,0.647,1049000000,0.519,,675000000,,95.77,,,,,,,,,,,,,,,,,,,,,,true,true,12,2019-04-01,2020-03-31,0
2019-10-31,72970,2019-03-31,2,,,,,,,,,,,,,,,,,,,,18586000000,11715000000,0.630,1660.76,11715000000,,,,,,,,,,,,true,false,12,2018-04-01,2019-03-31,-1
2019-10-31,72970,2019-03-31,2,,,,,,,,,,,,,,,,,,,,,,,,,,,,,22.00,,,,7928885,874658,,false,false,12,2018-04-01,2019-03-31,-1
2019-10-31,72970,2020-03-31,2,,,,,,,,,,,,,,,,,,,,,,,,,,,,,10.00,,,,,,,false,false,12,2019-04-01,2020-03-31,0
2019-10-31,72970,2020-03-31,2,,,,,,,,,,,,,,,,,,,,,,,,,,,,,22.00,,,,,,,false,true,12,2019-04-01,2020-03-31,0
2019-10-31,72970,2020-03-31,2,,,,,,,,,,,,,,,,,,,,,,,,,,,,,,,,,7928885,874707,7054220,false,false,6,2019-04-01,2019-09-30,0
2019-10-31,72970,2019-03-31,2,,,,,,,,,,,,,,,,,,,,,,,,,,,,,,,,,,,7328266,false,false,6,2018-04-01,2018-09-30,-1
2020-02-04,72970,2020-03-31,3,13990000000,-0.135,,,,,1250000000,1.648,1339000000,1.576,,950000000,,134.74,,,,,,19493000000,12554000000,0.644,1779.79,12554000000,,,,,,,,,,,,true,false,9,2019-04-01,2019-12-31,0
2020-02-04,72970,2019-03-31,3,16170000000,0.015,,,,,472000000,-0.617,520000000,-0.582,,903000000,,124.81,,,,,,,,,,,,,,,,,,,,,,true,false,9,2018-04-01,2018-12-31,-1
2020-02-04,72970,2020-03-31,3,16843000000,-0.117,,,,,1106000000,0.647,1049000000,0.519,,675000000,,95.77,,,,,,,,,,,,,,,,,,,,,,true,true,12,2019-04-01,2020-03-31,0
2020-02-04,72970,2019-03-31,3,,,,,,,,,,,,,,,,,,,,18586000000,11715000000,0.630,1660.76,11715000000,,,,,,,,,,,,true,false,12,2018-04-01,2019-03-31,-1
2020-02-04,72970,2019-03-31,3,,,,,,,,,,,,,,,,,,,,,,,,,,,,,22.00,,,,7928885,874658,,false,false,12,2018-04-01,2019-03-31,-1
2020-02-04,72970,2020-03-31,3,,,,,,,,,,,,,,,,,,,,,,,,,,,,,10.00,,,,,,,false,false,12,2019-04-01,2020-03-31,0
2020-02-04,72970,2020-03-31,3,,,,,,,,,,,,,,,,,,,,,,,,,,,,,22.00,,,,,,,false,true,12,2019-04-01,2020-03-31,0
2020-02-04,72970,2020-03-31,3,,,,,,,,,,,,,,,,,,,,,,,,,,,,,,,,,7928885,874707,7054206,false,false,9,2019-04-01,2019-12-31,0
2020-02-04,72970,2019-03-31,3,,,,,,,,,,,,,,,,,,,,,,,,,,,,,,,,,,,7236588,false,false,9,2018-04-01,2018-12-31,-1
2020-05-15,72970,2020-03-31,,16716000000,-0.123,,,,,919000000,0.368,944000000,0.368,,665000000,,94.28,,0.056,0.050,0.055,,19080000000,12090000000,0.634,1714.02,12090000000,1340000000,-188000000,-297000000,9265000000,,0.233,,,,,,true,false,12,2019-04-01,2020-03-31,0
2020-05-15,72970,2019-03-31,,19064000000,-0.052,,,,,671000000,-0.481,690000000,-0.465,,1039000000,,144.49,,0.089,0.034,0.035,,18586000000,11715000000,0.630,1660.76,11715000000,599000000,-282000000,-867000000,8421000000,,0.149,,,,,,true,false,12,2018-04-01,2019-03-31,-1
2020-05-15,72970,2020-03-31,,15978000000,0.034,,,,,635000000,0.892,895000000,0.174,654000000,,-0.337,92.72,,,,,,16621000000,9804000000,0.590,1389.87,9804000000,,,,,22.00,,,,7928885,874727,7054195,false,false,12,2019-04-01,2020-03-31,0
2020-05-15,72970,2019-03-31,,15459000000,-0.009,,,,,336000000,-0.587,762000000,-0.271,986000000,,0.340,137.18,,,,,,16200000000,9378000000,0.579,1329.46,9378000000,,,,,22.00,,,,7928885,874658,7191622,false,false,12,2018-04-01,2019-03-31,-1
2020-05-15,72970,2021-03-31,,,,,,,,,,,,,,,,,,,,,,,,,,,,,,22.00,,,,,,,false,true,12,2020-04-01,2021-03-31,1
2020-07-31,72970,2021-03-31,1,2960000000,-0.176,,,,,45000000,-0.400,55000000,-0.440,,50000000,,7.10,,,,,,17731000000,12018000000,0.678,1703.74,12018000000,,,,,,,,,,,,true,false,3,2020-04-01,2020-06-30,0
2020-07-31,72970,2020-03-31,1,3591000000,-0.138,,,,,76000000,,98000000,,,85000000,,12.06,,,,,,,,,,,,,,,,,,,,,,true,false,3,2019-04-01,2019-06-30,-1
2020-07-31,72970,2021-03-31,1,14800000000,-0.115,,,,,553000000,-0.398,493000000,-0.478,,323000000,,45.88,,,,,,,,,,,,,,,,,,,,,,true,true,12,2020-04-01,2021-03-31,0
2020-07-31,72970,2020-03-31,1,,,,,,,,,,,,,,,,,,,,19080000000,12090000000,0.634,1714.02,12090000000,,,,,,,,,,,,true,false,12,2019-04-01,2020-03-31,-1
2020-07-31,72970,2020-03-31,1,,,,,,,,,,,,,,,,,,,,,,,,,,,,,22.00,,,,7928885,874727,,false,false,12,2019-04-01,2020-03-31,-1
2020-07-31,72970,2021-03-31,1,,,,,,,,,,,,,,,,,,,,,,,,,,,,,22.00,,,,,,,false,true,12,2020-04-01,2021-03-31,0
2020-07-31,72970,2021-03-31,1,,,,,,,,,,,,,,,,,,,,,,,,,,,,,,,,,7928885,874783,7054106,false,false,3,2020-04-01,2020-06-30,0
2020-07-31,72970,2020-03-31,1,,,,,,,,,,,,,,,,,,,,,,,,,,,,,,,,,,,7054227,false,false,3,2019-04-01,2019-06-30,-1
2020-10-30,72970,2021-03-31,2,6979000000,-0.118,,,,,352000000,-0.124,326000000,-0.181,,221000000,,31.34,,,,,,17916000000,12284000000,0.686,1741.41,12284000000,,,,,,,,,,,,true,false,6,2020-04-01,2020-09-30,0
2020-10-30,72970,2020-03-31,2,7912000000,-0.108,,,,,402000000,8.640,399000000,4.700,,301000000,,42.73,,,,,,,,,,,,,,,,,,,,,,true,false,6,2019-04-01,2019-09-30,-1
2020-10-30,72970,2021-03-31,2,14800000000,-0.115,,,,,553000000,-0.398,493000000,-0.478,,323000000,,45.88,,,,,,,,,,,,,,,,,,,,,,true,true,12,2020-04-01,2021-03-31,0
2020-10-30,72970,2020-03-31,2,,,,,,,,,,,,,,,,,,,,19080000000,12090000000,0.634,1714.02,12090000000,,,,,,,,,,,,true,false,12,2019-04-01,2020-03-31,-1
2020-10-30,72970,2020-03-31,2,,,,,,,,,,,,,,,,,,,,,,,,,,,,,22.00,,,,7928885,874727,,false,false,12,2019-04-01,2020-03-31,-1
2020-10-30,72970,2021-03-31,2,,,,,,,,,,,,,,,,,,,,,,,,,,,,,10.00,,,,,,,false,false,12,2020-04-01,2021-03-31,0
2020-10-30,72970,2021-03-31,2,,,,,,,,,,,,,,,,,,,,,,,,,,,,,22.00,,,,,,,false,true,12,2020-04-01,2021-03-31,0
2020-10-30,72970,2021-03-31,2,,,,,,,,,,,,,,,,,,,,,,,,,,,,,,,,,7928885,874783,7054104,false,false,6,2020-04-01,2020-09-30,0
2020-10-30,72970,2020-03-31,2,,,,,,,,,,,,,,,,,,,,,,,,,,,,,,,,,,,7054220,false,false,6,2019-04-01,2019-09-30,-1
2021-02-03,72970,2021-03-31,3,12475000000,-0.108,,,,,1191000000,-0.047,1160000000,-0.134,,804000000,,114.07,,,,,,19169000000,12804000000,0.668,1815.13,12804000000,,,,,,,,,,,,true,false,9,2020-04-01,2020-12-31,0
2021-02-03,72970,2020-03-31,3,13990000000,-0.135,,,,,1250000000,1.648,1339000000,1.576,,950000000,,134.74,,,,,,,,,,,,,,,,,,,,,,true,false,9,2019-04-01,2019-12-31,-1
2021-02-03,72970,2021-03-31,3,14800000000,-0.115,,,,,553000000,-0.398,493000000,-0.478,,323000000,,45.88,,,,,,,,,,,,,,,,,,,,,,true,true,12,2020-04-01,2021-03-31,0
2021-02-03,72970,2020-03-31,3,,,,,,,,,,,,,,,,,,,,19080000000,12090000000,0.634,1714.02,12090000000,,,,,,,,,,,,true,false,12,2019-04-01,2020-03-31,-1
2021-02-03,72970,2020-03-31,3,,,,,,,,,,,,,,,,,,,,,,,,,,,,,22.00,,,,7928885,874727,,false,false,12,2019-04-01,2020-03-31,-1
2021-02-03,72970,2021-03-31,3,,,,,,,,,,,,,,,,,,,,,,,,,,,,,10.00,,,,,,,false,false,12,2020-04-01,2021-03-31,0
2021-02-03,72970,2021-03-31,3,,,,,,,,,,,,,,,,,,,,,,,,,,,,,22.00,,,,,,,false,true,12,2020-04-01,2021-03-31,0
2021-02-03,72970,2021-03-31,3,,,,,,,,,,,,,,,,,,,,,,,,,,,,,,,,,7928885,874783,7054103,false,false,9,2020-04-01,2020-12-31,0
2021-02-03,72970,2020-03-31,3,,,,,,,,,,,,,,,,,,,,,,,,,,,,,,,,,,,7054206,false,false,9,2019-04-01,2019-12-31,-1
2021-04-30,72970,2021-03-31,,15723000000,0.062,,,,,1361000000,1.460,1339000000,1.716,,922000000,,130.72,,,,,,,,,,,,,,,,,,,,,,true,true,12,2020-04-01,2021-03-31,0
2021-04-30,72970,2020-03-31,,16716000000,,,,,,919000000,,944000000,,,665000000,,94.28,,,,,,,,,,,,,,,,,,,,,,true,false,12,2019-04-01,2020-03-31,-1
2021-05-14,72970,2021-03-31,,15723000000,-0.059,,,,,1361000000,0.481,1339000000,0.418,,922000000,,130.72,,0.073,0.070,0.087,,19416000000,13062000000,0.673,1851.76,13062000000,1096000000,-273000000,-272000000,9823000000,,0.229,,,,,,true,false,12,2020-04-01,2021-03-31,0
2021-05-14,72970,2020-03-31,,16716000000,-0.123,,,,,919000000,0.368,944000000,0.368,,665000000,,94.28,,0.056,0.050,0.055,,19080000000,12090000000,0.634,1714.02,12090000000,1340000000,-188000000,-297000000,9265000000,,0.233,,,,,,true,false,12,2019-04-01,2020-03-31,-1
2021-05-14,72970,2022-03-31,,16324000000,0.038,,,,,1369000000,0.006,1345000000,0.005,,861000000,,122.15,,,,,,,,,,,,,,,,0.246,,,,,,true,true,12,2021-04-01,2022-03-31,1
2021-05-14,72970,2021-03-31,,15033000000,-0.059,,,,,990000000,0.559,1135000000,0.269,778000000,,0.190,110.36,,,,,,16814000000,10627000000,0.632,1506.57,10627000000,,,,,30.00,,,,7928885,874783,7054103,false,false,12,2020-04-01,2021-03-31,0
2021-05-14,72970,2020-03-31,,15978000000,0.034,,,,,635000000,0.892,895000000,0.174,654000000,,-0.337,92.72,,,,,,16621000000,9804000000,0.590,1389.87,9804000000,,,,,22.00,,,,7928885,874727,7054195,false,false,12,2019-04-01,2020-03-31,-1
2021-05-14,72970,2022-03-31,,,,,,,,,,,,,,,,,,,,,,,,,,,,,,30.00,,,,,,,false,true,12,2021-04-01,2022-03-31,1
2021-07-30,72970,2022-03-31,1,3240000000,0.095,,,,,211000000,3.622,235000000,3.256,,171000000,,24.26,,,,,,19081000000,13282000000,0.696,1882.97,13282000000,,,,,,,,,,,,true,false,3,2021-04-01,2021-06-30,0
2021-07-30,72970,2021-03-31,1,2960000000,-0.176,,,,,45000000,-0.400,55000000,-0.440,,50000000,,7.10,,,,,,,,,,,,,,,,,,,,,,true,false,3,2020-04-01,2020-06-30,-1
2021-07-30,72970,2022-03-31,1,16324000000,0.038,,,,,1369000000,0.006,1345000000,0.005,,861000000,,122.15,,,,,,,,,,,,,,,,,,,,,,true,true,12,2021-04-01,2022-03-31,0
2021-07-30,72970,2021-03-31,1,,,,,,,,,,,,,,,,,,,,19416000000,13062000000,0.673,1851.76,13062000000,,,,,,,,,,,,true,false,12,2020-04-01,2021-03-31,-1
2021-07-30,72970,2021-03-31,1,,,,,,,,,,,,,,,,,,,,,,,,,,,,,30.00,,,,7928885,874783,,false,false,12,2020-04-01,2021-03-31,-1
2021-07-30,72970,2022-03-31,1,,,,,,,,,,,,,,,,,,,,,,,,,,,,,30.00,,,,,,,false,true,12,2021-04-01,2022-03-31,0
2021-07-30,72970,2022-03-31,1,,,,,,,,,,,,,,,,,,,,,,,,,,,,,,,,,7928885,874783,7054102,false,false,3,2021-04-01,2021-06-30,0
2021-07-30,72970,2021-03-31,1,,,,,,,,,,,,,,,,,,,,,,,,,,,,,,,,,,,7054106,false,false,3,2020-04-01,2020-06-30,-1
2021-10-29,72970,2022-03-31,2,6972000000,-0.001,,,,,562000000,0.596,596000000,0.826,,443000000,,62.88,,,,,,19421000000,13628000000,0.702,1931.97,13628000000,,,,,,,,,,,,true,false,6,2021-04-01,2021-09-30,0
2021-10-29,72970,2021-03-31,2,6979000000,-0.118,,,,,352000000,-0.124,326000000,-0.181,,221000000,,31.34,,,,,,,,,,,,,,,,,,,,,,true,false,6,2020-04-01,2020-09-30,-1
2021-10-29,72970,2022-03-31,2,16324000000,0.038,,,,,1369000000,0.006,1345000000,0.005,,861000000,,122.15,,,,,,,,,,,,,,,,,,,,,,true,true,12,2021-04-01,2022-03-31,0
2021-10-29,72970,2021-03-31,2,,,,,,,,,,,,,,,,,,,,19416000000,13062000000,0.673,1851.76,13062000000,,,,,,,,,,,,true,false,12,2020-04-01,2021-03-31,-1
2021-10-29,72970,2021-03-31,2,,,,,,,,,,,,,,,,,,,,,,,,,,,,,30.00,,,,7928885,874783,,false,false,12,2020-04-01,2021-03-31,-1
2021-10-29,72970,2022-03-31,2,,,,,,,,,,,,,,,,,,,,,,,,,,,,,15.00,,,,,,,false,false,12,2021-04-01,2022-03-31,0
2021-10-29,72970,2022-03-31,2,,,,,,,,,,,,,,,,,,,,,,,,,,,,,30.00,,,,,,,false,true,12,2021-04-01,2022-03-31,0
2021-10-29,72970,2022-03-31,2,,,,,,,,,,,,,,,,,,,,,,,,,,,,,,,,,7928885,874783,7054102,false,false,6,2021-04-01,2021-09-30,0
2021-10-29,72970,2021-03-31,2,,,,,,,,,,,,,,,,,,,,,,,,,,,,,,,,,,,7054104,false,false,6,2020-04-01,2020-09-30,-1
2022-02-04,72970,2022-03-31,3,12065000000,-0.033,,,,,1342000000,0.126,1393000000,0.201,,993000000,,140.85,,,,,,20836000000,13932000000,0.669,1975.12,13932000000,,,,,,,,,,,,true,false,9,2021-04-01,2021-12-31,0
2022-02-04,72970,2021-03-31,3,12475000000,-0.108,,,,,1191000000,-0.047,1160000000,-0.134,,804000000,,114.07,,,,,,,,,,,,,,,,,,,,,,true,false,9,2020-04-01,2020-12-31,-1
2022-02-04,72970,2022-03-31,3,16324000000,0.038,,,,,1369000000,0.006,1345000000,0.005,,861000000,,122.15,,,,,,,,,,,,,,,,,,,,,,true,true,12,2021-04-01,2022-03-31,0
2022-02-04,72970,2021-03-31,3,,,,,,,,,,,,,,,,,,,,19416000000,13062000000,0.673,1851.76,13062000000,,,,,,,,,,,,true,false,12,2020-04-01,2021-03-31,-1
2022-02-04,72970,2021-03-31,3,,,,,,,,,,,,,,,,,,,,,,,,,,,,,30.00,,,,7928885,874783,,false,false,12,2020-04-01,2021-03-31,-1
2022-02-04,72970,2022-03-31,3,,,,,,,,,,,,,,,,,,,,,,,,,,,,,15.00,,,,,,,false,false,12,2021-04-01,2022-03-31,0
2022-02-04,72970,2022-03-31,3,,,,,,,,,,,,,,,,,,,,,,,,,,,,,30.00,,,,,,,false,true,12,2021-04-01,2022-03-31,0
2022-02-04,72970,2022-03-31,3,,,,,,,,,,,,,,,,,,,,,,,,,,,,,,,,,7928885,874814,7054099,false,false,9,2021-04-01,2021-12-31,0
2022-02-04,72970,2021-03-31,3,,,,,,,,,,,,,,,,,,,,,,,,,,,,,,,,,,,7054103,false,false,9,2020-04-01,2020-12-31,-1
2022-05-13,72970,2022-03-31,,15920000000,0.013,,,,,1331000000,-0.022,1409000000,0.052,,973000000,,138.06,,0.072,0.071,0.084,,20491000000,13996000000,0.683,1984.24,13996000000,999000000,-290000000,-241000000,10491000000,,0.217,,,,,,true,false,12,2021-04-01,2022-03-31,0
2022-05-13,72970,2021-03-31,,15723000000,-0.059,,,,,1361000000,0.481,1339000000,0.418,,922000000,,130.72,,0.073,0.070,0.087,,19416000000,13062000000,0.673,1851.76,13062000000,1096000000,-273000000,-272000000,9823000000,,0.229,,,,,,true,false,12,2020-04-01,2021-03-31,-1
2022-05-13,72970,2023-03-31,,16359000000,0.028,,,,,1290000000,-0.031,1297000000,-0.080,,794000000,,112.67,,,,,,,,,,,,,,,,0.266,,,,,,true,true,12,2022-04-01,2023-03-31,1
2022-05-13,72970,2022-03-31,,15080000000,0.003,,,,,921000000,-0.069,1328000000,0.169,989000000,,0.271,140.21,,,,,,17583000000,11224000000,0.638,1591.22,11224000000,,,,,30.00,,,,7928885,874814,7054092,false,false,12,2021-04-01,2022-03-31,0
2022-05-13,72970,2021-03-31,,15033000000,-0.059,,,,,990000000,0.559,1135000000,0.269,778000000,,0.190,110.36,,,,,,16814000000,10627000000,0.632,1506.57,10627000000,,,,,30.00,,,,7928885,874783,7054103,false,false,12,2020-04-01,2021-03-31,-1
2022-05-13,72970,2023-03-31,,,,,,,,,,,,,,,,,,,,,,,,,,,,,,30.00,,,,,,,false,true,12,2022-04-01,2023-03-31,1
2022-07-29,72970,2023-03-31,1,3368000000,0.039,,,,,-15000000,,75000000,-0.680,,39000000,,5.56,,,,,,20166000000,14201000000,0.704,2013.18,14201000000,,,,,,,,,,,,true,false,3,2022-04-01,2022-06-30,0
2022-07-29,72970,2022-03-31,1,3240000000,0.095,,,,,211000000,3.622,235000000,3.256,,171000000,,24.26,,,,,,,,,,,,,,,,,,,,,,true,false,3,2021-04-01,2021-06-30,-1
2022-07-29,72970,2023-03-31,1,16359000000,0.028,,,,,1290000000,-0.031,1297000000,-0.080,,794000000,,112.67,,,,,,,,,,,,,,,,,,,,,,true,true,12,2022-04-01,2023-03-31,0
2022-07-29,72970,2022-03-31,1,,,,,,,,,,,,,,,,,,,,20491000000,13996000000,0.683,1984.24,13996000000,,,,,,,,,,,,true,false,12,2021-04-01,2022-03-31,-1
2022-07-29,72970,2022-03-31,1,,,,,,,,,,,,,,,,,,,,,,,,,,,,,30.00,,,,7928885,874814,,false,false,12,2021-04-01,2022-03-31,-1
2022-07-29,72970,2023-03-31,1,,,,,,,,,,,,,,,,,,,,,,,,,,,,,30.00,,,,,,,false,true,12,2022-04-01,2023-03-31,0
2022-07-29,72970,2023-03-31,1,,,,,,,,,,,,,,,,,,,,,,,,,,,,,,,,,7928885,874814,7054071,false,false,3,2022-04-01,2022-06-30,0
2022-07-29,72970,2022-03-31,1,,,,,,,,,,,,,,,,,,,,,,,,,,,,,,,,,,,7054102,false,false,3,2021-04-01,2021-06-30,-1
2022-10-31,72970,2023-03-31,2,7052000000,0.011,,,,,-36000000,,96000000,-0.839,,14000000,,2.11,,,,,,20994000000,14422000000,0.687,,14422000000,,,,,,,,,,,,true,false,6,2022-04-01,2022-09-30,0
2022-10-31,72970,2022-03-31,2,6972000000,-0.001,,,,,562000000,0.596,596000000,0.826,,443000000,,62.88,,,,,,,,,,,,,,,,,,,,,,true,false,6,2021-04-01,2021-09-30,-1
2022-10-31,72970,2023-03-31,2,16014000000,0.006,,,,,512000000,-0.615,697000000,-0.506,,471000000,,66.82,,,,,,,,,,,,,,,,,,,,,,true,true,12,2022-04-01,2023-03-31,0
2022-10-31,72970,2022-03-31,2,,,,,,,,,,,,,,,,,,,,20491000000,13996000000,0.683,,13996000000,,,,,,,,,,,,true,false,12,2021-04-01,2022-03-31,-1
2022-10-31,72970,2022-03-31,2,,,,,,,,,,,,,,,,,,,,,,,,,,,,,30.00,,,,7928885,874814,,false,false,12,2021-04-01,2022-03-31,-1
2022-10-31,72970,2023-03-31,2,,,,,,,,,,,,,,,,,,,,,,,,,,,,,15.00,,,,,,,false,false,12,2022-04-01,2023-03-31,0
2022-10-31,72970,2023-03-31,2,,,,,,,,,,,,,,,,,,,,,,,,,,,,,30.00,,,,,,,false,true,12,2022-04-01,2023-03-31,0
2022-10-31,72970,2023-03-31,2,,,,,,,,,,,,,,,,,,,,,,,,,,,,,,,,,7928885,874814,7054071,false,false,6,2022-04-01,2022-09-30,0
2022-10-31,72970,2022-03-31,2,,,,,,,,,,,,,,,,,,,,,,,,,,,,,,,,,,,7054102,false,false,6,2021-04-01,2021-09-30,-1
2023-02-03,72970,2023-03-31,3,12776000000,0.059,,,,,707000000,-0.473,812000000,-0.417,,532000000,,75.48,,,,,,21782000000,14873000000,0.683,,14873000000,,,,,,,,,,,,true,false,9,2022-04-01,2022-12-31,0
2023-02-03,72970,2022-03-31,3,12065000000,-0.033,,,,,1342000000,0.126,1393000000,0.201,,993000000,,140.85,,,,,,,,,,,,,,,,,,,,,,true,false,9,2021-04-01,2021-12-31,-1
2023-02-03,72970,2023-03-31,3,16014000000,0.006,,,,,512000000,-0.615,697000000,-0.506,,471000000,,66.82,,,,,,,,,,,,,,,,,,,,,,true,true,12,2022-04-01,2023-03-31,0
2023-02-03,72970,2022-03-31,3,,,,,,,,,,,,,,,,,,,,20491000000,13996000000,0.683,,13996000000,,,,,,,,,,,,true,false,12,2021-04-01,2022-03-31,-1
2023-02-03,72970,2022-03-31,3,,,,,,,,,,,,,,,,,,,,,,,,,,,,,30.00,,,,7928885,874814,,false,false,12,2021-04-01,2022-03-31,-1
2023-02-03,72970,2023-03-31,3,,,,,,,,,,,,,,,,,,,,,,,,,,,,,15.00,,,,,,,false,false,12,2022-04-01,2023-03-31,0
2023-02-03,72970,2023-03-31,3,,,,,,,,,,,,,,,,,,,,,,,,,,,,,30.00,,,,,,,false,true,12,2022-04-01,2023-03-31,0
2023-02-03,72970,2023-03-31,3,,,,,,,,,,,,,,,,,,,,,,,,,,,,,,,,,7928885,874814,7054071,false,false,9,2022-04-01,2022-12-31,0
2023-02-03,72970,2022-03-31,3,,,,,,,,,,,,,,,,,,,,,,,,,,,,,,,,,,,7054099,false,false,9,2021-04-01,2021-12-31,-1
2023-05-12,72970,2023-03-31,,16648000000,0.046,,,,,473000000,-0.644,585000000,-0.584,,361000000,,51.30,,0.025,0.028,0.028,,20860000000,14488000000,0.695,2053.89,14488000000,-541000000,-168000000,-187000000,9721000000,,0.585,,,,,,true,false,12,2022-04-01,2023-03-31,0
2023-05-12,72970,2022-03-31,,15920000000,0.013,,,,,1331000000,-0.022,1409000000,0.052,,973000000,,138.06,,0.072,0.071,0.084,,20491000000,13996000000,0.683,1984.24,13996000000,999000000,-290000000,-241000000,10491000000,,0.217,,,,,,true,false,12,2021-04-01,2022-03-31,-1
2023-05-12,72970,2024-03-31,,16828000000,0.011,,,,,718000000,0.517,772000000,0.318,,498000000,,70.74,,,,,,,,,,,,,,,,0.424,,,,,,true,true,12,2023-04-01,2024-03-31,1
2023-05-12,72970,2023-03-31,,15483000000,0.027,,,,,41000000,-0.955,409000000,-0.692,316000000,,-0.680,44.90,,,,,,17548000000,11447000000,0.652,1622.78,11447000000,,,,,30.00,,,,7928885,874824,7054068,false,false,12,2022-04-01,2023-03-31,0
2023-05-12,72970,2022-03-31,,15080000000,0.003,,,,,921000000,-0.069,1328000000,0.169,989000000,,0.271,140.21,,,,,,17583000000,11224000000,0.638,1591.22,11224000000,,,,,30.00,,,,7928885,874814,7054092,false,false,12,2021-04-01,2022-03-31,-1
2023-05-12,72970,2024-03-31,,,,,,,,,,,,,,,,,,,,,,,,,,,,,,30.00,,,,,,,false,true,12,2023-04-01,2024-03-31,1
2023-07-28,72970,2024-03-31,1,3366000000,-0.001,,,,,-86000000,,-30000000,,,-25000000,,-3.54,,,,,,20425000000,14455000000,0.708,,14455000000,,,,,,,,,,,,true,false,3,2023-04-01,2023-06-30,0
2023-07-28,72970,2023-03-31,1,3368000000,0.039,,,,,-15000000,,75000000,-0.680,,39000000,,5.56,,,,,,,,,,,,,,,,,,,,,,true,false,3,2022-04-01,2022-06-30,-1
2023-07-28,72970,2024-03-31,1,16828000000,0.011,,,,,718000000,0.517,772000000,0.318,,498000000,,70.74,,,,,,,,,,,,,,,,,,,,,,true,true,12,2023-04-01,2024-03-31,0
2023-07-28,72970,2023-03-31,1,,,,,,,,,,,,,,,,,,,,20860000000,14488000000,0.695,,14488000000,,,,,,,,,,,,true,false,12,2022-04-01,2023-03-31,-1
2023-07-28,72970,2023-03-31,1,,,,,,,,,,,,,,,,,,,,,,,,,,,,,30.00,,,,7928885,874824,,false,false,12,2022-04-01,2023-03-31,-1
2023-07-28,72970,2024-03-31,1,,,,,,,,,,,,,,,,,,,,,,,,,,,,,30.00,,,,,,,false,true,12,2023-04-01,2024-03-31,0
2023-07-28,72970,2024-03-31,1,,,,,,,,,,,,,,,,,,,,,,,,,,,,,,,,,7928885,874841,7054054,false,false,3,2023-04-01,2023-06-30,0
2023-07-28,72970,2023-03-31,1,,,,,,,,,,,,,,,,,,,,,,,,,,,,,,,,,,,7054071,false,false,3,2022-04-01,2022-06-30,-1
2023-10-30,72970,2024-03-31,2,7314000000,0.037,,,,,-128000000,,-67000000,,,-54000000,,-7.77,,,,,,20891000000,14576000000,0.698,,14576000000,,,,,,,,,,,,true,false,6,2023-04-01,2023-09-30,0
2023-10-30,72970,2023-03-31,2,7052000000,0.011,,,,,-36000000,,96000000,-0.839,,14000000,,2.11,,,,,,,,,,,,,,,,,,,,,,true,false,6,2022-04-01,2022-09-30,-1
2023-10-30,72970,2024-03-31,2,16552000000,-0.006,,,,,307000000,-0.352,384000000,-0.343,,283000000,,40.12,,,,,,,,,,,,,,,,,,,,,,true,true,12,2023-04-01,2024-03-31,0
2023-10-30,72970,2023-03-31,2,,,,,,,,,,,,,,,,,,,,20860000000,14488000000,0.695,,14488000000,,,,,,,,,,,,true,false,12,2022-04-01,2023-03-31,-1
2023-10-30,72970,2023-03-31,2,,,,,,,,,,,,,,,,,,,,,,,,,,,,,30.00,,,,7928885,874824,,false,false,12,2022-04-01,2023-03-31,-1
2023-10-30,72970,2024-03-31,2,,,,,,,,,,,,,,,,,,,,,,,,,,,,,15.00,,,,,,,false,false,12,2023-04-01,2024-03-31,0
2023-10-30,72970,2024-03-31,2,,,,,,,,,,,,,,,,,,,,,,,,,,,,,30.00,,,,,,,false,true,12,2023-04-01,2024-03-31,0
2023-10-30,72970,2024-03-31,2,,,,,,,,,,,,,,,,,,,,,,,,,,,,,,,,,7928885,874887,7054030,false,false,6,2023-04-01,2023-09-30,0
2023-10-30,72970,2023-03-31,2,,,,,,,,,,,,,,,,,,,,,,,,,,,,,,,,,,,7054071,false,false,6,2022-04-01,2022-09-30,-1
2024-02-02,72970,2024-03-31,3,12642000000,-0.011,,,,,467000000,-0.340,567000000,-0.302,,384000000,,54.44,,,,,,21357000000,14939000000,0.700,,14939000000,,,,,,,,,,,,true,false,9,2023-04-01,2023-12-31,0
2024-02-02,72970,2023-03-31,3,12776000000,0.059,,,,,707000000,-0.473,812000000,-0.417,,532000000,,75.48,,,,,,,,,,,,,,,,,,,,,,true,false,9,2022-04-01,2022-12-31,-1
2024-02-02,72970,2024-03-31,3,16552000000,-0.006,,,,,307000000,-0.352,384000000,-0.343,,283000000,,40.12,,,,,,,,,,,,,,,,,,,,,,true,true,12,2023-04-01,2024-03-31,0
2024-02-02,72970,2023-03-31,3,,,,,,,,,,,,,,,,,,,,20860000000,14488000000,0.695,,14488000000,,,,,,,,,,,,true,false,12,2022-04-01,2023-03-31,-1
2024-02-02,72970,2023-03-31,3,,,,,,,,,,,,,,,,,,,,,,,,,,,,,30.00,,,,7928885,874824,,false,false,12,2022-04-01,2023-03-31,-1
2024-02-02,72970,2024-03-31,3,,,,,,,,,,,,,,,,,,,,,,,,,,,,,15.00,,,,,,,false,false,12,2023-04-01,2024-03-31,0
2024-02-02,72970,2024-03-31,3,,,,,,,,,,,,,,,,,,,,,,,,,,,,,30.00,,,,,,,false,true,12,2023-04-01,2024-03-31,0
2024-02-02,72970,2024-03-31,3,,,,,,,,,,,,,,,,,,,,,,,,,,,,,,,,,7928885,874887,7054019,false,false,9,2023-04-01,2023-12-31,0
2024-02-02,72970,2023-03-31,3,,,,,,,,,,,,,,,,,,,,,,,,,,,,,,,,,,,7054071,false,false,9,2022-04-01,2022-12-31,-1
2024-05-15,72970,2024-03-31,,15955000000,-0.042,,,,,219000000,-0.536,321000000,-0.451,,212000000,,30.12,,0.015,0.015,0.014,,20682000000,14698000000,0.711,2083.74,14698000000,175000000,-593000000,-227000000,9200000000,,0.996,,,,,,true,false,12,2023-04-01,2024-03-31,0
2024-05-15,72970,2023-03-31,,16648000000,0.046,,,,,473000000,-0.644,585000000,-0.584,,361000000,,51.30,,0.025,0.028,0.028,,20860000000,14488000000,0.695,2053.89,14488000000,-541000000,-168000000,-187000000,9721000000,,0.585,,,,,,true,false,12,2022-04-01,2023-03-31,-1
2024-05-15,72970,2025-03-31,,16696000000,0.046,,,,,751000000,2.425,807000000,1.509,,527000000,,74.82,,,,,,,,,,,,,,,,0.401,,,,,,true,true,12,2024-04-01,2025-03-31,1
2024-05-15,72970,2024-03-31,,14649000000,-0.054,,,,,-213000000,,156000000,-0.618,148000000,,-0.532,21.00,,,,,,17042000000,11496000000,0.675,1629.72,11496000000,,,,,30.00,,,,7928885,874887,7054014,false,false,12,2023-04-01,2024-03-31,0
2024-05-15,72970,2023-03-31,,15483000000,0.027,,,,,41000000,-0.955,409000000,-0.692,316000000,,-0.680,44.90,,,,,,17548000000,11447000000,0.652,1622.78,11447000000,,,,,30.00,,,,7928885,874824,7054068,false,false,12,2022-04-01,2023-03-31,-1
2024-05-15,72970,2025-03-31,,,,,,,,,,,,,,,,,,,,,,,,,,,,,,30.00,,,,,,,false,true,12,2024-04-01,2025-03-31,1
2024-07-30,72970,2025-03-31,1,3374000000,0.002,,,,,-21000000,,55000000,,,19000000,,2.82,,,,,,20650000000,14995000000,0.726,,14995000000,,,,,,,,,,,,true,false,3,2024-04-01,2024-06-30,0
2024-07-30,72970,2024-03-31,1,3366000000,-0.001,,,,,-86000000,,-30000000,,,-25000000,,-3.54,,,,,,,,,,,,,,,,,,,,,,true,false,3,2023-04-01,2023-06-30,-1
2024-07-30,72970,2025-03-31,1,16696000000,0.046,,,,,751000000,2.425,807000000,1.509,,527000000,,74.82,,,,,,,,,,,,,,,,,,,,,,true,true,12,2024-04-01,2025-03-31,0
2024-07-30,72970,2024-03-31,1,,,,,,,,,,,,,,,,,,,,20682000000,14698000000,0.711,,14698000000,,,,,,,,,,,,true,false,12,2023-04-01,2024-03-31,-1
2024-07-30,72970,2024-03-31,1,,,,,,,,,,,,,,,,,,,,,,,,,,,,,30.00,,,,7928885,874887,,false,false,12,2023-04-01,2024-03-31,-1
2024-07-30,72970,2025-03-31,1,,,,,,,,,,,,,,,,,,,,,,,,,,,,,30.00,,,,,,,false,true,12,2024-04-01,2025-03-31,0
2024-07-30,72970,2025-03-31,1,,,,,,,,,,,,,,,,,,,,,,,,,,,,,,,,,7928885,874887,7053998,false,false,3,2024-04-01,2024-06-30,0
2024-07-30,72970,2024-03-31,1,,,,,,,,,,,,,,,,,,,,,,,,,,,,,,,,,,,7054053,false,false,3,2023-04-01,2023-06-30,-1
2024-10-30,72970,2025-03-31,2,7148000000,-0.023,,,,,38000000,,55000000,,,19000000,,2.71,,,,,,21005000000,15269000000,0.727,,15269000000,,,,,,,,,,,,true,false,6,2024-04-01,2024-09-30,0
2024-10-30,72970,2024-03-31,2,7314000000,0.037,,,,,-128000000,,-67000000,,,-54000000,,-7.77,,,,,,,,,,,,,,,,,,,,,,true,false,6,2023-04-01,2023-09-30,-1
2024-10-30,72970,2025-03-31,2,16696000000,0.046,,,,,751000000,2.425,807000000,1.509,,527000000,,74.82,,,,,,,,,,,,,,,,,,,,,,true,true,12,2024-04-01,2025-03-31,0
2024-10-30,72970,2024-03-31,2,,,,,,,,,,,,,,,,,,,,20682000000,14698000000,0.711,,14698000000,,,,,,,,,,,,true,false,12,2023-04-01,2024-03-31,-1
2024-10-30,72970,2024-03-31,2,,,,,,,,,,,,,,,,,,,,,,,,,,,,,30.00,,,,7928885,874887,,false,false,12,2023-04-01,2024-03-31,-1
2024-10-30,72970,2025-03-31,2,,,,,,,,,,,,,,,,,,,,,,,,,,,,,15.00,,,,,,,false,false,12,2024-04-01,2025-03-31,0
2024-10-30,72970,2025-03-31,2,,,,,,,,,,,,,,,,,,,,,,,,,,,,,30.00,,,,,,,false,true,12,2024-04-01,2025-03-31,0
2024-10-30,72970,2025-03-31,2,,,,,,,,,,,,,,,,,,,,,,,,,,,,,,,,,7928885,874887,7053998,false,false,6,2024-04-01,2024-09-30,0
2024-10-30,72970,2024-03-31,2,,,,,,,,,,,,,,,,,,,,,,,,,,,,,,,,,,,7054030,false,false,6,2023-04-01,2023-09-30,-1
2025-02-05,72970,2025-03-31,3,12097000000,-0.043,,,,,430000000,-0.078,498000000,-0.121,,338000000,,48.03,,,,,,21624000000,15261000000,0.706,,15261000000,,,,,,,,,,,,true,false,9,2024-04-01,2024-12-31,0
2025-02-05,72970,2024-03-31,3,12642000000,-0.011,,,,,467000000,-0.340,567000000,-0.302,,384000000,,54.44,,,,,,,,,,,,,,,,,,,,,,true,false,9,2023-04-01,2023-12-31,-1
2025-02-05,72970,2025-03-31,3,16696000000,0.046,,,,,751000000,2.425,807000000,1.509,,527000000,,74.82,,,,,,,,,,,,,,,,,,,,,,true,true,12,2024-04-01,2025-03-31,0
2025-02-05,72970,2024-03-31,3,,,,,,,,,,,,,,,,,,,,20682000000,14698000000,0.711,,14698000000,,,,,,,,,,,,true,false,12,2023-04-01,2024-03-31,-1
2025-02-05,72970,2024-03-31,3,,,,,,,,,,,,,,,,,,,,,,,,,,,,,30.00,,,,7928885,874887,,false,false,12,2023-04-01,2024-03-31,-1
2025-02-05,72970,2025-03-31,3,,,,,,,,,,,,,,,,,,,,,,,,,,,,,15.00,,,,,,,false,false,12,2024-04-01,2025-03-31,0
2025-02-05,72970,2025-03-31,3,,,,,,,,,,,,,,,,,,,,,,,,,,,,,30.00,,,,,,,false,true,12,2024-04-01,2025-03-31,0
2025-02-05,72970,2025-03-31,3,,,,,,,,,,,,,,,,,,,,,,,,,,,,,,,,,7928885,874887,7053998,false,false,9,2024-04-01,2024-12-31,0
2025-02-05,72970,2024-03-31,3,,,,,,,,,,,,,,,,,,,,,,,,,,,,,,,,,,,7054019,false,false,9,2023-04-01,2023-12-31,-1
2025-04-30,72970,2025-03-31,,15523000000,-0.070,,,,,300000000,-0.600,377000000,-0.532,,-332000000,,-47.08,,,,,,,,,,,,,,,,,,,,,,true,true,12,2024-04-01,2025-03-31,0
2025-04-30,72970,2024-03-31,,15955000000,,,,,,219000000,,321000000,,,212000000,,30.12,,,,,,,,,,,,,,,,,,,,,,true,false,12,2023-04-01,2024-03-31,-1
2025-05-15,72970,2025-03-31,,15523000000,-0.027,,,,,300000000,0.371,377000000,0.174,,-332000000,,-47.08,,-0.022,0.018,0.019,,20332000000,14837000000,0.730,2103.36,14837000000,1453000000,-814000000,-356000000,9645000000,,-0.637,,,,,,true,false,12,2024-04-01,2025-03-31,0
2025-05-15,72970,2024-03-31,,15955000000,-0.042,,,,,219000000,-0.536,321000000,-0.451,,212000000,,30.12,,0.015,0.015,0.014,,20682000000,14698000000,0.711,2083.74,14698000000,175000000,-593000000,-227000000,9200000000,,0.996,,,,,,true,false,12,2023-04-01,2024-03-31,-1
2025-05-15,72970,2026-03-31,,15595000000,0.005,,,,,818000000,1.719,890000000,1.359,,335000000,,47.52,,,,,,,,,,,,,,,,0.631,,,,,,true,true,12,2025-04-01,2026-03-31,1
2025-05-15,72970,2025-03-31,,14253000000,-0.027,,,,,-56000000,,275000000,0.758,-308000000,,,-43.74,,,,,,16451000000,11266000000,0.685,1597.20,11266000000,,,,,30.00,,,,7928885,874887,7053998,false,false,12,2024-04-01,2025-03-31,0
2025-05-15,72970,2024-03-31,,14649000000,-0.054,,,,,-213000000,,156000000,-0.618,148000000,,-0.532,21.00,,,,,,17042000000,11496000000,0.675,1629.72,11496000000,,,,,30.00,,,,7928885,874887,7054014,false,false,12,2023-04-01,2024-03-31,-1
2025-05-15,72970,2026-03-31,,,,,,,,,,,,,,,,,,,,,,,,,,,,,,30.00,,,,,,,false,true,12,2025-04-01,2026-03-31,1
