filing_date,code,fiscal_year_end,quarterly_period,net_sales,net_sales_change,revenue,revenue_change,operating_revenue,operating_revenue_change,operating_profit,operating_profit_change,ordinary_profit,ordinary_profit_change,net_income,net_income_of_parent,net_income_change,eps,diluted_eps,roe,roa,operating_profit_to_net_sales,operating_profit_to_revenue,total_assets,net_assets,equity_ratio,bps,owner_equity,operating_cash_flow,investing_cash_flow,financing_cash_flow,cash,dividend_per_share,payout_ratio,commemorative_dividend,extra_dividend,number_of_shares,number_of_treqsury_shares,avg_number_of_shares,is_consolidated,is_forecast,duration,period_start,period_end,period_pos
2015-07-30,73130,2016-03-31,1,117226000000,0.083,,,,,11159000000,0.267,12163000000,0.287,,7279000000,,107.06,,,,,,302261000000,216043000000,0.638,,192955000000,,,,,,,,,,,,true,false,3,2015-04-01,2015-06-30,0
2015-07-30,73130,2015-03-31,1,108280000000,0.013,,,,,8809000000,-0.155,9447000000,-0.150,,5381000000,,79.14,,,,,,,,,,,,,,,,,,,,,,true,false,3,2014-04-01,2014-06-30,-1
2015-07-30,73130,2016-03-31,1,231000000000,0.069,,,,,16700000000,-0.049,17800000000,-0.097,,9300000000,,136.77,,,,,,,,,,,,,,,,,,,,,,true,true,6,2015-04-01,2015-09-30,0
2015-07-30,73130,2016-03-31,1,467000000000,0.075,,,,,38500000000,0.091,40700000000,0.008,,23000000000,,338.24,,,,,,,,,,,,,,,,,,,,,,true,true,12,2015-04-01,2016-03-31,0
2015-07-30,73130,2015-03-31,1,,,,,,,,,,,,,,,,,,,,295632000000,206871000000,0.626,,184933000000,,,,,,,,,,,,true,false,12,2014-04-01,2015-03-31,-1
2015-07-30,73130,2015-03-31,1,,,,,,,,,,,,,,,,,,,,,,,,,,,,,60.00,,,,68000000,1808,,false,false,12,2014-04-01,2015-03-31,-1
2015-07-30,73130,2016-03-31,1,,,,,,,,,,,,,,,,,,,,,,,,,,,,,66.00,,,,,,,false,true,12,2015-04-01,2016-03-31,0
2015-07-30,73130,2016-03-31,1,,,,,,,,,,,,,,,,,,,,,,,,,,,,,,,,,68000000,1908,67998141,false,false,3,2015-04-01,2015-06-30,0
2015-07-30,73130,2015-03-31,1,,,,,,,,,,,,,,,,,,,,,,,,,,,,,,,,,,,67998252,false,false,3,2014-04-01,2014-06-30,-1
2015-11-04,73130,2016-03-31,2,229479000000,0.062,,,,,19953000000,0.136,20730000000,0.051,,12103000000,,178.00,,,,,,294361000000,213041000000,0.647,2800.09,190400000000,,,,,,,,,,,,true,false,6,2015-04-01,2015-09-30,0
2015-11-04,73130,2015-03-31,2,216133000000,0.000,,,,,17567000000,-0.142,19718000000,-0.096,,11351000000,,166.94,,,,,,,,,,,,,,,,,,,,,,true,false,6,2014-04-01,2014-09-30,-1
2015-11-04,73130,2016-03-31,2,467000000000,0.075,,,,,38500000000,0.091,40700000000,0.008,,23000000000,,338.24,,,,,,,,,,,,,,,,,,,,,,true,true,12,2015-04-01,2016-03-31,0
2015-11-04,73130,2015-03-31,2,,,,,,,,,,,,,,,,,,,,295632000000,206871000000,0.626,2719.69,184933000000,,,,,,,,,,,,true,false,12,2014-04-01,2015-03-31,-1
2015-11-04,73130,2015-03-31,2,,,,,,,,,,,,,,,,,,,,,,,,,,,,,60.00,,,,68000000,1808,,false,false,12,2014-04-01,2015-03-31,-1
2015-11-04,73130,2016-03-31,2,,,,,,,,,,,,,,,,,,,,,,,,,,,,,33.00,,,,,,,false,false,12,2015-04-01,2016-03-31,0
2015-11-04,73130,2016-03-31,2,,,,,,,,,,,,,,,,,,,,,,,,,,,,,66.00,,,,,,,false,true,12,2015-04-01,2016-03-31,0
2015-11-04,73130,2016-03-31,2,,,,,,,,,,,,,,,,,,,,,,,,,,,,,,,,,68000000,1926,67998111,false,false,6,2015-04-01,2015-09-30,0
2015-11-04,73130,2015-03-31,2,,,,,,,,,,,,,,,,,,,,,,,,,,,,,,,,,,,67998250,false,false,6,2014-04-01,2014-09-30,-1
2015-11-04,73130,2016-03-31,,229479000000,-0.007,,,,,19953000000,0.195,20730000000,0.165,12103000000,,0.301,178.00,,,,,,,,,,,,,,,,,,,,,,true,true,6,2015-04-01,2015-09-30,0
2015-11-04,73130,2015-03-31,,216133000000,,,,,,17567000000,,19718000000,,11351000000,,,166.94,,,,,,,,,,,,,,,,,,,,,,true,false,6,2014-04-01,2014-09-30,-1
2016-01-29,73130,2016-03-31,3,345407000000,0.079,,,,,27309000000,0.052,28658000000,-0.028,,16687000000,,245.42,,,,,,301173000000,217578000000,0.643,,193611000000,,,,,,,,,,,,true,false,9,2015-04-01,2015-12-31,0
2016-01-29,73130,2015-03-31,3,320204000000,-0.038,,,,,25965000000,-0.136,29479000000,-0.100,,17401000000,,255.91,,,,,,,,,,,,,,,,,,,,,,true,false,9,2014-04-01,2014-12-31,-1
2016-01-29,73130,2016-03-31,3,467000000000,0.075,,,,,38500000000,0.091,40700000000,0.008,,23000000000,,338.24,,,,,,,,,,,,,,,,,,,,,,true,true,12,2015-04-01,2016-03-31,0
2016-01-29,73130,2015-03-31,3,,,,,,,,,,,,,,,,,,,,295632000000,206871000000,0.626,,184933000000,,,,,,,,,,,,true,false,12,2014-04-01,2015-03-31,-1
2016-01-29,73130,2015-03-31,3,,,,,,,,,,,,,,,,,,,,,,,,,,,,,60.00,,,,68000000,1808,,false,false,12,2014-04-01,2015-03-31,-1
2016-01-29,73130,2016-03-31,3,,,,,,,,,,,,,,,,,,,,,,,,,,,,,33.00,,,,,,,false,false,12,2015-04-01,2016-03-31,0
2016-01-29,73130,2016-03-31,3,,,,,,,,,,,,,,,,,,,,,,,,,,,,,66.00,,,,,,,false,true,12,2015-04-01,2016-03-31,0
2016-01-29,73130,2016-03-31,3,,,,,,,,,,,,,,,,,,,,,,,,,,,,,,,,,68000000,1974,67998093,false,false,9,2015-04-01,2015-12-31,0
2016-01-29,73130,2015-03-31,3,,,,,,,,,,,,,,,,,,,,,,,,,,,,,,,,,,,67998245,false,false,9,2014-04-01,2014-12-31,-1
2016-04-28,73130,2016-03-31,,87684000000,0.069,,,,,3728000000,0.822,13762000000,0.172,11409000000,,0.165,167.79,,,,,,111161000000,91077000000,0.819,1339.42,91077000000,,,,,66.00,,,,68000000,1974,67998076,false,false,12,2015-04-01,2016-03-31,0
2016-04-28,73130,2015-03-31,,82032000000,-0.159,,,,,2045000000,-0.135,11743000000,0.091,9796000000,,0.116,144.07,,,,,,106537000000,86210000000,0.809,1267.83,86210000000,,,,,60.00,,,,68000000,1808,67998238,false,false,12,2014-04-01,2015-03-31,-1
2016-04-28,73130,2016-03-31,,,,,,,,39279000000,0.090,,,,23528000000,,346.01,,,,,,303948000000,,,,,47531000000,-25299000000,-12319000000,,,0.191,,,,,,true,false,12,2015-04-01,2016-03-31,0
2016-04-28,73130,2015-03-31,,,,,,,,36047000000,,,,,22585000000,,332.15,,,,,,296858000000,,,,,35056000000,-22771000000,-11231000000,,,0.181,,,,,,true,false,12,2014-04-01,2015-03-31,-1
2016-04-28,73130,2017-03-31,,,,,,,,17900000000,,,,,10900000000,,160.30,,,,,,,,,,,,,,,,,,,,,,true,true,6,2016-04-01,2016-09-30,1
2016-04-28,73130,2017-03-31,,,,,,,,36500000000,-0.071,,,,21500000000,,316.19,,,,,,,,,,,,,,,,0.221,,,,,,true,true,12,2016-04-01,2017-03-31,1
2016-04-28,73130,2017-03-31,,,,,,,,,,,,,,,,,,,,,,,,,,,,,,70.00,,,,,,,false,true,12,2016-04-01,2017-03-31,1
2016-07-28,73130,2017-03-31,1,,,,,,,8547000000,-0.269,,,,3964000000,,58.30,,,,,,279212000000,,,,,,,,,,,,,,,,true,false,3,2016-04-01,2016-06-30,0
2016-07-28,73130,2016-03-31,1,,,,,,,11686000000,,,,,7550000000,,111.04,,,,,,,,,,,,,,,,,,,,,,true,false,3,2015-04-01,2015-06-30,-1
2016-07-28,73130,2017-03-31,1,,,,,,,17900000000,,,,,10900000000,,160.30,,,,,,,,,,,,,,,,,,,,,,true,true,6,2016-04-01,2016-09-30,0
2016-07-28,73130,2017-03-31,1,,,,,,,36500000000,-0.071,,,,21500000000,,316.19,,,,,,,,,,,,,,,,,,,,,,true,true,12,2016-04-01,2017-03-31,0
2016-07-28,73130,2016-03-31,1,,,,,,,,,,,,,,,,,,,,303948000000,,,,,,,,,,,,,,,,true,false,12,2015-04-01,2016-03-31,-1
2016-07-28,73130,2016-03-31,1,,,,,,,,,,,,,,,,,,,,,,,,,,,,,66.00,,,,68000000,1974,,false,false,12,2015-04-01,2016-03-31,-1
2016-07-28,73130,2017-03-31,1,,,,,,,,,,,,,,,,,,,,,,,,,,,,,70.00,,,,,,,false,true,12,2016-04-01,2017-03-31,0
2016-07-28,73130,2017-03-31,1,,,,,,,,,,,,,,,,,,,,,,,,,,,,,,,,,68000000,2050,67997997,false,false,3,2016-04-01,2016-06-30,0
2016-07-28,73130,2016-03-31,1,,,,,,,,,,,,,,,,,,,,,,,,,,,,,,,,,,,67998141,false,false,3,2015-04-01,2015-06-30,-1
2016-10-28,73130,2017-03-31,2,405000000000,-0.117,,,,,33000000000,-0.160,,,,18300000000,,269.13,,,,,,,,,,,,,,,,,,,,,,true,true,12,2016-04-01,2017-03-31,0
2016-10-28,73130,2017-03-31,2,,,,,,,15561000000,-0.238,,,,8059000000,,118.52,,,,,,284023000000,,,,,,,,,,,,,,,,true,false,6,2016-04-01,2016-09-30,0
2016-10-28,73130,2016-03-31,2,,,,,,,20415000000,,,,,12604000000,,185.36,,,,,,,,,,,,,,,,,,,,,,true,false,6,2015-04-01,2015-09-30,-1
2016-10-28,73130,2016-03-31,2,,,,,,,,,,,,,,,,,,,,303948000000,,,,,,,,,,,,,,,,true,false,12,2015-04-01,2016-03-31,-1
2016-10-28,73130,2016-03-31,2,,,,,,,,,,,,,,,,,,,,,,,,,,,,,66.00,,,,68000000,1974,,false,false,12,2015-04-01,2016-03-31,-1
2016-10-28,73130,2017-03-31,2,,,,,,,,,,,,,,,,,,,,,,,,,,,,,35.00,,,,,,,false,false,12,2016-04-01,2017-03-31,0
2016-10-28,73130,2017-03-31,2,,,,,,,,,,,,,,,,,,,,,,,,,,,,,70.00,,,,,,,false,true,12,2016-04-01,2017-03-31,0
2016-10-28,73130,2017-03-31,2,,,,,,,,,,,,,,,,,,,,,,,,,,,,,,,,,68000000,2050,67997973,false,false,6,2016-04-01,2016-09-30,0
2016-10-28,73130,2016-03-31,2,,,,,,,,,,,,,,,,,,,,,,,,,,,,,,,,,,,67998111,false,false,6,2015-04-01,2015-09-30,-1
2016-10-28,73130,2017-03-31,,,,,,,,15561000000,-0.131,,,,8059000000,,118.52,,,,,,,,,,,,,,,,,,,,,,true,true,6,2016-04-01,2016-09-30,0
2016-10-28,73130,2016-03-31,,,,,,,,20415000000,,,,,12604000000,,185.36,,,,,,,,,,,,,,,,,,,,,,true,false,6,2015-04-01,2015-09-30,-1
2016-10-28,73130,2017-03-31,,,,,,,,33000000000,-0.096,,,,18300000000,,269.13,,,,,,,,,,,,,,,,,,,,,,true,true,12,2016-04-01,2017-03-31,0
2016-10-28,73130,2016-03-31,,,,,,,,39279000000,,,,,23528000000,,346.01,,,,,,,,,,,,,,,,,,,,,,true,false,12,2015-04-01,2016-03-31,-1
2017-01-31,73130,2017-03-31,3,,,,,,,23832000000,-0.158,,,,14606000000,,214.80,,,,,,315573000000,,,,,,,,,,,,,,,,true,false,9,2016-04-01,2016-12-31,0
2017-01-31,73130,2016-03-31,3,,,,,,,28302000000,,,,,17452000000,,256.66,,,,,,,,,,,,,,,,,,,,,,true,false,9,2015-04-01,2015-12-31,-1
2017-01-31,73130,2017-03-31,3,,,,,,,33000000000,-0.160,,,,18300000000,,269.13,,,,,,,,,,,,,,,,,,,,,,true,true,12,2016-04-01,2017-03-31,0
2017-01-31,73130,2016-03-31,3,,,,,,,,,,,,,,,,,,,,303948000000,,,,,,,,,,,,,,,,true,false,12,2015-04-01,2016-03-31,-1
2017-01-31,73130,2016-03-31,3,,,,,,,,,,,,,,,,,,,,,,,,,,,,,66.00,,,,68000000,1974,,false,false,12,2015-04-01,2016-03-31,-1
2017-01-31,73130,2017-03-31,3,,,,,,,,,,,,,,,,,,,,,,,,,,,,,35.00,,,,,,,false,false,12,2016-04-01,2017-03-31,0
2017-01-31,73130,2017-03-31,3,,,,,,,,,,,,,,,,,,,,,,,,,,,,,70.00,,,,,,,false,true,12,2016-04-01,2017-03-31,0
2017-01-31,73130,2017-03-31,3,,,,,,,,,,,,,,,,,,,,,,,,,,,,,,,,,68000000,2050,67997965,false,false,9,2016-04-01,2016-12-31,0
2017-01-31,73130,2016-03-31,3,,,,,,,,,,,,,,,,,,,,,,,,,,,,,,,,,,,67998093,false,false,9,2015-04-01,2015-12-31,-1
2017-04-28,73130,2017-03-31,,85456000000,-0.025,,,,,1939000000,-0.480,11309000000,-0.178,8822000000,,-0.227,129.74,,,,,,115182000000,96227000000,0.835,1415.16,96227000000,,,,,70.00,,,,68000000,2050,67997961,false,false,12,2016-04-01,2017-03-31,0
2017-04-28,73130,2016-03-31,,87684000000,0.069,,,,,3728000000,0.822,13762000000,0.172,11409000000,,0.165,167.79,,,,,,111161000000,91077000000,0.819,1339.42,91077000000,,,,,66.00,,,,68000000,1974,67998076,false,false,12,2015-04-01,2016-03-31,-1
2017-04-28,73130,2017-03-31,,,,,,,,34557000000,-0.120,,,,19622000000,,288.58,,,,0.081,,322202000000,,,,,34045000000,-12409000000,-14214000000,,,0.243,,,,,,true,false,12,2016-04-01,2017-03-31,0
2017-04-28,73130,2016-03-31,,,,,,,,39279000000,0.090,,,,23528000000,,346.01,,,,0.086,,303948000000,,,,,47531000000,-25299000000,-12319000000,,,0.191,,,,,,true,false,12,2015-04-01,2016-03-31,-1
2017-04-28,73130,2018-03-31,,,,,,,,20900000000,0.343,,,,11200000000,,164.71,,,,,,,,,,,,,,,,,,,,,,true,true,6,2017-04-01,2017-09-30,1
2017-04-28,73130,2018-03-31,,,,,,,,40000000000,0.157,,,,23000000000,,338.25,,,,,,,,,,,,,,,,0.225,,,,,,true,true,12,2017-04-01,2018-03-31,1
2017-04-28,73130,2018-03-31,,,,,,,,,,,,,,,,,,,,,,,,,,,,,,76.00,,,,,,,false,true,12,2017-04-01,2018-03-31,1
2017-07-27,73130,2018-03-31,1,,,,,,,13047000000,0.527,,,,7066000000,,103.93,,,,,,323234000000,,,,,,,,,,,,,,,,true,false,3,2017-04-01,2017-06-30,0
2017-07-27,73130,2017-03-31,1,,,,,,,8547000000,-0.269,,,,3964000000,,58.30,,,,,,,,,,,,,,,,,,,,,,true,false,3,2016-04-01,2016-06-30,-1
2017-07-27,73130,2018-03-31,1,,,,,,,20900000000,0.343,,,,11200000000,,164.71,,,,,,,,,,,,,,,,,,,,,,true,true,6,2017-04-01,2017-09-30,0
2017-07-27,73130,2018-03-31,1,,,,,,,40000000000,0.157,,,,23000000000,,338.25,,,,,,,,,,,,,,,,,,,,,,true,true,12,2017-04-01,2018-03-31,0
2017-07-27,73130,2017-03-31,1,,,,,,,,,,,,,,,,,,,,322202000000,,,,,,,,,,,,,,,,true,false,12,2016-04-01,2017-03-31,-1
2017-07-27,73130,2017-03-31,1,,,,,,,,,,,,,,,,,,,,,,,,,,,,,70.00,,,,68000000,2050,,false,false,12,2016-04-01,2017-03-31,-1
2017-07-27,73130,2018-03-31,1,,,,,,,,,,,,,,,,,,,,,,,,,,,,,76.00,,,,,,,false,true,12,2017-04-01,2018-03-31,0
2017-07-27,73130,2018-03-31,1,,,,,,,,,,,,,,,,,,,,,,,,,,,,,,,,,68000000,2050,67997950,false,false,3,2017-04-01,2017-06-30,0
2017-07-27,73130,2017-03-31,1,,,,,,,,,,,,,,,,,,,,,,,,,,,,,,,,,,,67997997,false,false,3,2016-04-01,2016-06-30,-1
2017-11-01,73130,2018-03-31,2,463000000000,0.087,,,,,43000000000,0.244,,,,24800000000,,364.72,,,,,,,,,,,,,,,,,,,,,,true,true,12,2017-04-01,2018-03-31,0
2017-11-01,73130,2018-03-31,2,,,,,,,23155000000,0.488,,,,13046000000,,191.86,,,,,,340927000000,,,,,,,,,,,,,,,,true,false,6,2017-04-01,2017-09-30,0
2017-11-01,73130,2017-03-31,2,,,,,,,15561000000,-0.238,,,,8059000000,,118.52,,,,,,,,,,,,,,,,,,,,,,true,false,6,2016-04-01,2016-09-30,-1
2017-11-01,73130,2017-03-31,2,,,,,,,,,,,,,,,,,,,,322202000000,,,,,,,,,,,,,,,,true,false,12,2016-04-01,2017-03-31,-1
2017-11-01,73130,2017-03-31,2,,,,,,,,,,,,,,,,,,,,,,,,,,,,,70.00,,,,68000000,2050,,false,false,12,2016-04-01,2017-03-31,-1
2017-11-01,73130,2018-03-31,2,,,,,,,,,,,,,,,,,,,,,,,,,,,,,38.00,,,,,,,false,false,12,2017-04-01,2018-03-31,0
2017-11-01,73130,2018-03-31,2,,,,,,,,,,,,,,,,,,,,,,,,,,,,,76.00,,,,,,,false,true,12,2017-04-01,2018-03-31,0
2017-11-01,73130,2018-03-31,2,,,,,,,,,,,,,,,,,,,,,,,,,,,,,,,,,68000000,2100,67997930,false,false,6,2017-04-01,2017-09-30,0
2017-11-01,73130,2017-03-31,2,,,,,,,,,,,,,,,,,,,,,,,,,,,,,,,,,,,67997973,false,false,6,2016-04-01,2016-09-30,-1
2018-01-31,73130,2018-03-31,3,,,,,,,33873000000,0.421,,,,20233000000,,297.57,,,,,,352863000000,,,,,,,,,,,,,,,,true,false,9,2017-04-01,2017-12-31,0
2018-01-31,73130,2017-03-31,3,,,,,,,23832000000,-0.158,,,,14606000000,,214.80,,,,,,,,,,,,,,,,,,,,,,true,false,9,2016-04-01,2016-12-31,-1
2018-01-31,73130,2018-03-31,3,,,,,,,43000000000,0.244,,,,24800000000,,364.72,,,,,,,,,,,,,,,,,,,,,,true,true,12,2017-04-01,2018-03-31,0
2018-01-31,73130,2017-03-31,3,,,,,,,,,,,,,,,,,,,,322202000000,,,,,,,,,,,,,,,,true,false,12,2016-04-01,2017-03-31,-1
2018-01-31,73130,2017-03-31,3,,,,,,,,,,,,,,,,,,,,,,,,,,,,,70.00,,,,68000000,2050,,false,false,12,2016-04-01,2017-03-31,-1
2018-01-31,73130,2018-03-31,3,,,,,,,,,,,,,,,,,,,,,,,,,,,,,38.00,,,,,,,false,false,12,2017-04-01,2018-03-31,0
2018-01-31,73130,2018-03-31,3,,,,,,,,,,,,,,,,,,,,,,,,,,,,,76.00,,,,,,,false,true,12,2017-04-01,2018-03-31,0
2018-01-31,73130,2018-03-31,3,,,,,,,,,,,,,,,,,,,,,,,,,,,,,,,,,68000000,2100,67997919,false,false,9,2017-04-01,2017-12-31,0
2018-01-31,73130,2017-03-31,3,,,,,,,,,,,,,,,,,,,,,,,,,,,,,,,,,,,67997965,false,false,9,2016-04-01,2016-12-31,-1
2018-04-27,73130,2018-03-31,,86178000000,0.008,,,,,4006000000,1.066,13615000000,0.204,17334000000,,0.965,254.93,,,,,,132103000000,109562000000,0.829,1611.26,109562000000,,,,,80.00,,,,68000000,2100,67997915,false,false,12,2017-04-01,2018-03-31,0
2018-04-27,73130,2017-03-31,,85456000000,-0.025,,,,,1939000000,-0.480,11309000000,-0.178,8822000000,,-0.227,129.74,,,,,,115182000000,96227000000,0.835,1415.16,96227000000,,,,,70.00,,,,68000000,2050,67997961,false,false,12,2016-04-01,2017-03-31,-1
2018-04-27,73130,2018-03-31,,,,,,,,47346000000,0.370,,,,30115000000,,442.89,,,,0.099,,351944000000,,,,,48406000000,-12742000000,-11858000000,,,0.181,,,,,,true,false,12,2017-04-01,2018-03-31,0
2018-04-27,73130,2017-03-31,,,,,,,,34557000000,-0.120,,,,19622000000,,288.58,,,,0.081,,322202000000,,,,,34045000000,-12409000000,-14214000000,,,0.243,,,,,,true,false,12,2016-04-01,2017-03-31,-1
2018-04-27,73130,2019-03-31,,,,,,,,18200000000,-0.214,,,,10900000000,,160.30,,,,,,,,,,,,,,,,,,,,,,true,true,6,2018-04-01,2018-09-30,1
2018-04-27,73130,2019-03-31,,,,,,,,41000000000,-0.134,,,,25700000000,,377.95,,,,,,,,,,,,,,,,0.222,,,,,,true,true,12,2018-04-01,2019-03-31,1
2018-04-27,73130,2019-03-31,,,,,,,,,,,,,,,,,,,,,,,,,,,,,,84.00,,,,,,,false,true,12,2018-04-01,2019-03-31,1
,73130,2018-03-31,,,,,,,,,,,,,,,,,,,,,,,,,,,,,,80.00,,,,,,,false,true,12,2017-04-01,2018-03-31,0
,73130,2018-03-31,,,,,,,,,,,,,,,,,,,,,,,,,,,,,,38.00,,,,,,,false,false,12,2017-04-01,2018-03-31,0
,73130,2017-03-31,,,,,,,,,,,,,,,,,,,,,,,,,,,,,,70.00,,,,,,,false,false,12,2016-04-01,2017-03-31,-1
2018-07-31,73130,2019-03-31,1,,,,,,,9970000000,-0.236,,,,5584000000,,82.13,,,,,,347672000000,,,,,,,,,,,,,,,,true,false,3,2018-04-01,2018-06-30,0
2018-07-31,73130,2018-03-31,1,,,,,,,13047000000,0.527,,,,7066000000,,103.93,,,,,,,,,,,,,,,,,,,,,,true,false,3,2017-04-01,2017-06-30,-1
2018-07-31,73130,2019-03-31,1,,,,,,,18200000000,-0.214,,,,10900000000,,160.30,,,,,,,,,,,,,,,,,,,,,,true,true,6,2018-04-01,2018-09-30,0
2018-07-31,73130,2019-03-31,1,,,,,,,41000000000,-0.134,,,,25700000000,,377.95,,,,,,,,,,,,,,,,,,,,,,true,true,12,2018-04-01,2019-03-31,0
2018-07-31,73130,2018-03-31,1,,,,,,,,,,,,,,,,,,,,351944000000,,,,,,,,,,,,,,,,true,false,12,2017-04-01,2018-03-31,-1
2018-07-31,73130,2018-03-31,1,,,,,,,,,,,,,,,,,,,,,,,,,,,,,80.00,,,,68000000,2100,,false,false,12,2017-04-01,2018-03-31,-1
2018-07-31,73130,2019-03-31,1,,,,,,,,,,,,,,,,,,,,,,,,,,,,,84.00,,,,,,,false,true,12,2018-04-01,2019-03-31,0
2018-07-31,73130,2019-03-31,1,,,,,,,,,,,,,,,,,,,,,,,,,,,,,,,,,68000000,2195,67997866,false,false,3,2018-04-01,2018-06-30,0
2018-07-31,73130,2018-03-31,1,,,,,,,,,,,,,,,,,,,,,,,,,,,,,,,,,,,67997950,false,false,3,2017-04-01,2017-06-30,-1
2018-10-31,73130,2019-03-31,2,420000000000,-0.124,,,,,41000000000,-0.134,,,,25700000000,,377.95,,,,,,,,,,,,,,,,,,,,,,true,true,12,2018-04-01,2019-03-31,0
2018-10-31,73130,2019-03-31,2,,,,,,,18583000000,-0.197,,,,11560000000,,170.01,,,,,,355299000000,,,,,,,,,,,,,,,,true,false,6,2018-04-01,2018-09-30,0
2018-10-31,73130,2018-03-31,2,,,,,,,23155000000,0.488,,,,13046000000,,191.86,,,,,,,,,,,,,,,,,,,,,,true,false,6,2017-04-01,2017-09-30,-1
2018-10-31,73130,2018-03-31,2,,,,,,,,,,,,,,,,,,,,351944000000,,,,,,,,,,,,,,,,true,false,12,2017-04-01,2018-03-31,-1
2018-10-31,73130,2018-03-31,2,,,,,,,,,,,,,,,,,,,,,,,,,,,,,80.00,,,,68000000,2100,,false,false,12,2017-04-01,2018-03-31,-1
2018-10-31,73130,2019-03-31,2,,,,,,,,,,,,,,,,,,,,,,,,,,,,,42.00,,,,,,,false,false,12,2018-04-01,2019-03-31,0
2018-10-31,73130,2019-03-31,2,,,,,,,,,,,,,,,,,,,,,,,,,,,,,84.00,,,,,,,false,true,12,2018-04-01,2019-03-31,0
2018-10-31,73130,2019-03-31,2,,,,,,,,,,,,,,,,,,,,,,,,,,,,,,,,,68000000,2195,67997835,false,false,6,2018-04-01,2018-09-30,0
2018-10-31,73130,2018-03-31,2,,,,,,,,,,,,,,,,,,,,,,,,,,,,,,,,,,,67997930,false,false,6,2017-04-01,2017-09-30,-1
2019-01-31,73130,2019-03-31,3,,,,,,,29532000000,-0.128,,,,20069000000,,295.15,,,,,,352295000000,,,,,,,,,,,,,,,,true,false,9,2018-04-01,2018-12-31,0
2019-01-31,73130,2018-03-31,3,,,,,,,33873000000,0.421,,,,20233000000,,297.57,,,,,,,,,,,,,,,,,,,,,,true,false,9,2017-04-01,2017-12-31,-1
2019-01-31,73130,2019-03-31,3,,,,,,,39500000000,-0.166,,,,25600000000,,376.48,,,,,,,,,,,,,,,,,,,,,,true,true,12,2018-04-01,2019-03-31,0
2019-01-31,73130,2018-03-31,3,,,,,,,,,,,,,,,,,,,,351944000000,,,,,,,,,,,,,,,,true,false,12,2017-04-01,2018-03-31,-1
2019-01-31,73130,2018-03-31,3,,,,,,,,,,,,,,,,,,,,,,,,,,,,,80.00,,,,68000000,2100,,false,false,12,2017-04-01,2018-03-31,-1
2019-01-31,73130,2019-03-31,3,,,,,,,,,,,,,,,,,,,,,,,,,,,,,42.00,,,,,,,false,false,12,2018-04-01,2019-03-31,0
2019-01-31,73130,2019-03-31,3,,,,,,,,,,,,,,,,,,,,,,,,,,,,,84.00,,,,,,,false,true,12,2018-04-01,2019-03-31,0
2019-01-31,73130,2019-03-31,3,,,,,,,,,,,,,,,,,,,,,,,,,,,,,,,,,68000000,2275,67997819,false,false,9,2018-04-01,2018-12-31,0
2019-01-31,73130,2018-03-31,3,,,,,,,,,,,,,,,,,,,,,,,,,,,,,,,,,,,67997919,false,false,9,2017-04-01,2017-12-31,-1
2019-04-26,73130,2019-03-31,,96690000000,0.122,,,,,6241000000,0.558,18981000000,0.394,15159000000,,-0.125,222.95,,,,,,134810000000,116881000000,0.867,1718.91,116881000000,,,,,84.00,,,,68000000,2275,67997795,false,false,12,2018-04-01,2019-03-31,0
2019-04-26,73130,2018-03-31,,86178000000,0.008,,,,,4006000000,1.066,13615000000,0.204,17334000000,,0.965,254.93,,,,,,132103000000,109562000000,0.829,1611.26,109562000000,,,,,80.00,,,,68000000,2100,67997915,false,false,12,2017-04-01,2018-03-31,-1
2019-04-26,73130,2019-03-31,,,,,,,,38793000000,-0.181,,,,25750000000,,378.70,,,,0.094,,358265000000,,,,,43806000000,-18321000000,-16390000000,,,0.222,,,,,,true,false,12,2018-04-01,2019-03-31,0
2019-04-26,73130,2018-03-31,,,,,,,,47346000000,0.370,,,,30115000000,,442.89,,,,0.099,,351944000000,,,,,48406000000,-12742000000,-11858000000,,,0.181,,,,,,true,false,12,2017-04-01,2018-03-31,-1
2019-04-26,73130,2020-03-31,,,,,,,,18000000000,-0.031,,,,12100000000,,177.95,,,,,,,,,,,,,,,,,,,,,,true,true,6,2019-04-01,2019-09-30,1
2019-04-26,73130,2020-03-31,,,,,,,,36500000000,-0.059,,,,24200000000,,355.89,,,,,,,,,,,,,,,,0.242,,,,,,true,true,12,2019-04-01,2020-03-31,1
2019-04-26,73130,2020-03-31,,,,,,,,,,,,,,,,,,,,,,,,,,,,,,86.00,,,,,,,false,true,12,2019-04-01,2020-03-31,1
2019-07-31,73130,2020-03-31,1,,,,,,,10374000000,0.041,,,,6383000000,,93.87,,,,,,355211000000,,,,,,,,,,,,,,,,true,false,3,2019-04-01,2019-06-30,0
2019-07-31,73130,2019-03-31,1,,,,,,,9970000000,-0.236,,,,5584000000,,82.13,,,,,,,,,,,,,,,,,,,,,,true,false,3,2018-04-01,2018-06-30,-1
2019-07-31,73130,2020-03-31,1,,,,,,,18000000000,-0.031,,,,12100000000,,177.95,,,,,,,,,,,,,,,,,,,,,,true,true,6,2019-04-01,2019-09-30,0
2019-07-31,73130,2020-03-31,1,,,,,,,36500000000,-0.059,,,,24200000000,,355.89,,,,,,,,,,,,,,,,,,,,,,true,true,12,2019-04-01,2020-03-31,0
2019-07-31,73130,2019-03-31,1,,,,,,,,,,,,,,,,,,,,358265000000,,,,,,,,,,,,,,,,true,false,12,2018-04-01,2019-03-31,-1
2019-07-31,73130,2019-03-31,1,,,,,,,,,,,,,,,,,,,,,,,,,,,,,84.00,,,,68000000,2275,,false,false,12,2018-04-01,2019-03-31,-1
2019-07-31,73130,2020-03-31,1,,,,,,,,,,,,,,,,,,,,,,,,,,,,,86.00,,,,,,,false,true,12,2019-04-01,2020-03-31,0
2019-07-31,73130,2020-03-31,1,,,,,,,,,,,,,,,,,,,,,,,,,,,,,,,,,68000000,2327,67997697,false,false,3,2019-04-01,2019-06-30,0
2019-07-31,73130,2019-03-31,1,,,,,,,,,,,,,,,,,,,,,,,,,,,,,,,,,,,67997866,false,false,3,2018-04-01,2018-06-30,-1
2019-10-31,73130,2020-03-31,2,,,,,,,17773000000,-0.044,,,,11101000000,,163.26,,,,,,355565000000,,,,,,,,,,,,,,,,true,false,6,2019-04-01,2019-09-30,0
2019-10-31,73130,2019-03-31,2,,,,,,,18583000000,-0.197,,,,11560000000,,170.01,,,,,,,,,,,,,,,,,,,,,,true,false,6,2018-04-01,2018-09-30,-1
2019-10-31,73130,2020-03-31,2,,,,,,,33000000000,-0.149,,,,21400000000,,314.72,,,,,,,,,,,,,,,,,,,,,,true,true,12,2019-04-01,2020-03-31,0
2019-10-31,73130,2019-03-31,2,,,,,,,,,,,,,,,,,,,,358265000000,,,,,,,,,,,,,,,,true,false,12,2018-04-01,2019-03-31,-1
2019-10-31,73130,2019-03-31,2,,,,,,,,,,,,,,,,,,,,,,,,,,,,,84.00,,,,68000000,2275,,false,false,12,2018-04-01,2019-03-31,-1
2019-10-31,73130,2020-03-31,2,,,,,,,,,,,,,,,,,,,,,,,,,,,,,43.00,,,,,,,false,false,12,2019-04-01,2020-03-31,0
2019-10-31,73130,2020-03-31,2,,,,,,,,,,,,,,,,,,,,,,,,,,,,,86.00,,,,,,,false,true,12,2019-04-01,2020-03-31,0
2019-10-31,73130,2020-03-31,2,,,,,,,,,,,,,,,,,,,,,,,,,,,,,,,,,68000000,2327,67997684,false,false,6,2019-04-01,2019-09-30,0
2019-10-31,73130,2019-03-31,2,,,,,,,,,,,,,,,,,,,,,,,,,,,,,,,,,,,67997835,false,false,6,2018-04-01,2018-09-30,-1
2020-01-30,73130,2020-03-31,3,,,,,,,25756000000,-0.128,,,,15680000000,,230.61,,,,,,363067000000,,,,,,,,,,,,,,,,true,false,9,2019-04-01,2019-12-31,0
2020-01-30,73130,2019-03-31,3,,,,,,,29532000000,-0.128,,,,20069000000,,295.15,,,,,,,,,,,,,,,,,,,,,,true,false,9,2018-04-01,2018-12-31,-1
2020-01-30,73130,2020-03-31,3,,,,,,,33000000000,-0.149,,,,21400000000,,314.72,,,,,,,,,,,,,,,,,,,,,,true,true,12,2019-04-01,2020-03-31,0
2020-01-30,73130,2019-03-31,3,,,,,,,,,,,,,,,,,,,,358265000000,,,,,,,,,,,,,,,,true,false,12,2018-04-01,2019-03-31,-1
2020-01-30,73130,2019-03-31,3,,,,,,,,,,,,,,,,,,,,,,,,,,,,,84.00,,,,68000000,2275,,false,false,12,2018-04-01,2019-03-31,-1
2020-01-30,73130,2020-03-31,3,,,,,,,,,,,,,,,,,,,,,,,,,,,,,43.00,,,,,,,false,false,12,2019-04-01,2020-03-31,0
2020-01-30,73130,2020-03-31,3,,,,,,,,,,,,,,,,,,,,,,,,,,,,,86.00,,,,,,,false,true,12,2019-04-01,2020-03-31,0
2020-01-30,73130,2020-03-31,3,,,,,,,,,,,,,,,,,,,,,,,,,,,,,,,,,68000000,2378,67997670,false,false,9,2019-04-01,2019-12-31,0
2020-01-30,73130,2019-03-31,3,,,,,,,,,,,,,,,,,,,,,,,,,,,,,,,,,,,67997819,false,false,9,2018-04-01,2018-12-31,-1
2020-05-01,73130,2020-03-31,,360000000000,-0.053,,,,,26000000000,-0.212,28500000000,-0.190,,15000000000,,220.60,,,,,,,,,,,,,,,,,,,,,,true,true,12,2019-04-01,2020-03-31,0
2020-05-01,73130,2019-03-31,,412072000000,,,,,,38793000000,,41407000000,,,25750000000,,378.70,,,,,,,,,,,,,,,,,,,,,,true,false,12,2018-04-01,2019-03-31,-1
2020-05-15,73130,2020-03-31,,77352000000,-0.200,,,,,1135000000,-0.818,15651000000,-0.175,13755000000,,-0.093,202.29,,,,,,137328000000,122748000000,0.894,1805.19,122748000000,,,,,86.00,,,,68000000,2434,67997654,false,false,12,2019-04-01,2020-03-31,0
2020-05-15,73130,2019-03-31,,96690000000,0.122,,,,,6241000000,0.558,18981000000,0.394,15159000000,,-0.125,222.95,,,,,,134810000000,116881000000,0.867,1718.91,116881000000,,,,,84.00,,,,68000000,2275,67997795,false,false,12,2018-04-01,2019-03-31,-1
2020-05-15,73130,2020-03-31,,,,,,,,26326000000,-0.321,,,,15064000000,,221.54,,,,0.073,,341820000000,,,,,44193000000,-5366000000,-12917000000,,,0.388,,,,,,true,false,12,2019-04-01,2020-03-31,0
2020-05-15,73130,2019-03-31,,,,,,,,38793000000,-0.181,,,,25750000000,,378.70,,,,0.094,,358265000000,,,,,43806000000,-18321000000,-16390000000,,,0.222,,,,,,true,false,12,2018-04-01,2019-03-31,-1
2020-07-31,73130,2021-03-31,1,,,,,,,-1792000000,,,,,-3757000000,,-55.26,,,,,,338527000000,,,,,,,,,,,,,,,,true,false,3,2020-04-01,2020-06-30,0
2020-07-31,73130,2020-03-31,1,,,,,,,10374000000,0.041,,,,6383000000,,93.87,,,,,,,,,,,,,,,,,,,,,,true,false,3,2019-04-01,2019-06-30,-1
2020-07-31,73130,2021-03-31,1,,,,,,,8300000000,-0.533,,,,3100000000,,45.59,,,,,,,,,,,,,,,,,,,,,,true,true,6,2020-04-01,2020-09-30,0
2020-07-31,73130,2021-03-31,1,,,,,,,26000000000,-0.012,,,,13400000000,,197.07,,,,,,,,,,,,,,,,,,,,,,true,true,12,2020-04-01,2021-03-31,0
2020-07-31,73130,2020-03-31,1,,,,,,,,,,,,,,,,,,,,341820000000,,,,,,,,,,,,,,,,true,false,12,2019-04-01,2020-03-31,-1
2020-07-31,73130,2020-03-31,1,,,,,,,,,,,,,,,,,,,,,,,,,,,,,86.00,,,,68000000,2434,,false,false,12,2019-04-01,2020-03-31,-1
2020-07-31,73130,2021-03-31,1,,,,,,,,,,,,,,,,,,,,,,,,,,,,,90.00,,,,,,,false,true,12,2020-04-01,2021-03-31,0
2020-07-31,73130,2021-03-31,1,,,,,,,,,,,,,,,,,,,,,,,,,,,,,,,43.00,4.00,68000000,2434,67997566,false,false,3,2020-04-01,2020-06-30,0
2020-07-31,73130,2020-03-31,1,,,,,,,,,,,,,,,,,,,,,,,,,,,,,,,,,,,67997697,false,false,3,2019-04-01,2019-06-30,-1
2020-07-31,73130,2021-03-31,,,,,,8300000000,,,,,,,3100000000,,45.59,,,,,,,,,,,,,,,,,,,,,,true,true,6,2020-04-01,2020-09-30,0
2020-07-31,73130,2020-03-31,,,,,,17773000000,,,,,,,11101000000,,163.26,,,,,,,,,,,,,,,,,,,,,,true,false,6,2019-04-01,2019-09-30,-1
2020-07-31,73130,2021-03-31,,,,,,26000000000,,,,,,,13400000000,,197.07,,,,,,,,,,,,,,,,,,,,,,true,true,12,2020-04-01,2021-03-31,0
2020-07-31,73130,2020-03-31,,,,,,26326000000,,,,,,,15064000000,,221.54,,,,,,,,,,,,,,,,,,,,,,true,false,12,2019-04-01,2020-03-31,-1
2020-07-31,73130,2021-03-31,,,,,,,,,,,,,,,,,,,,,,,,,,,,,,90.00,,,,,,,false,true,12,2020-04-01,2021-03-31,0
2020-07-31,73130,2020-03-31,,,,,,,,,,,,,,,,,,,,,,,,,,,,,,86.00,,,,,,,false,false,12,2019-04-01,2020-03-31,-1
2020-10-30,73130,2021-03-31,2,,,,,,,9985000000,-0.438,,,,4162000000,,61.21,,,,,,361466000000,,,,,,,,,,,,,,,,true,false,6,2020-04-01,2020-09-30,0
2020-10-30,73130,2020-03-31,2,,,,,,,17773000000,-0.044,,,,11101000000,,163.26,,,,,,,,,,,,,,,,,,,,,,true,false,6,2019-04-01,2019-09-30,-1
2020-10-30,73130,2021-03-31,2,,,,,,,29000000000,0.102,,,,14500000000,,213.24,,,,,,,,,,,,,,,,,,,,,,true,true,12,2020-04-01,2021-03-31,0
2020-10-30,73130,2020-03-31,2,,,,,,,,,,,,,,,,,,,,341820000000,,,,,,,,,,,,,,,,true,false,12,2019-04-01,2020-03-31,-1
2020-10-30,73130,2020-03-31,2,,,,,,,,,,,,,,,,,,,,,,,,,,,,,86.00,,,,68000000,2434,,false,false,12,2019-04-01,2020-03-31,-1
2020-10-30,73130,2021-03-31,2,,,,,,,,,,,,,,,,,,,,,,,,,,,,,43.00,,,,,,,false,false,12,2020-04-01,2021-03-31,0
2020-10-30,73130,2021-03-31,2,,,,,,,,,,,,,,,,,,,,,,,,,,,,,90.00,,,,,,,false,true,12,2020-04-01,2021-03-31,0
2020-10-30,73130,2021-03-31,2,,,,,,,,,,,,,,,,,,,,,,,,,,,,,,,43.00,4.00,68000000,2434,67997566,false,false,6,2020-04-01,2020-09-30,0
2020-10-30,73130,2020-03-31,2,,,,,,,,,,,,,,,,,,,,,,,,,,,,,,,,,,,67997684,false,false,6,2019-04-01,2019-09-30,-1
2021-01-29,73130,2021-03-31,3,,,,,,,20842000000,-0.191,,,,10922000000,,160.63,,,,,,369624000000,,,,,,,,,,,,,,,,true,false,9,2020-04-01,2020-12-31,0
2021-01-29,73130,2020-03-31,3,,,,,,,25756000000,-0.128,,,,15680000000,,230.61,,,,,,,,,,,,,,,,,,,,,,true,false,9,2019-04-01,2019-12-31,-1
2021-01-29,73130,2021-03-31,3,,,,,,,29000000000,0.102,,,,14500000000,,213.24,,,,,,,,,,,,,,,,,,,,,,true,true,12,2020-04-01,2021-03-31,0
2021-01-29,73130,2020-03-31,3,,,,,,,,,,,,,,,,,,,,341820000000,,,,,,,,,,,,,,,,true,false,12,2019-04-01,2020-03-31,-1
2021-01-29,73130,2020-03-31,3,,,,,,,,,,,,,,,,,,,,,,,,,,,,,86.00,,,,68000000,2434,,false,false,12,2019-04-01,2020-03-31,-1
2021-01-29,73130,2021-03-31,3,,,,,,,,,,,,,,,,,,,,,,,,,,,,,43.00,,,,,,,false,false,12,2020-04-01,2021-03-31,0
2021-01-29,73130,2021-03-31,3,,,,,,,,,,,,,,,,,,,,,,,,,,,,,90.00,,,,,,,false,true,12,2020-04-01,2021-03-31,0
2021-01-29,73130,2021-03-31,3,,,,,,,,,,,,,,,,,,,,,,,,,,,,,,,43.00,4.00,68000000,2434,67997566,false,false,9,2020-04-01,2020-12-31,0
2021-01-29,73130,2020-03-31,3,,,,,,,,,,,,,,,,,,,,,,,,,,,,,,,,,,,67997670,false,false,9,2019-04-01,2019-12-31,-1
2021-04-30,73130,2021-03-31,,71737000000,-0.073,,,,,1219000000,0.074,18553000000,0.185,16527000000,,0.202,121.78,,,,,,150637000000,134029000000,0.890,996.76,134029000000,,,,,90.00,,43.00,4.00,136000000,1751508,135666169,false,false,12,2020-04-01,2021-03-31,0
2021-04-30,73130,2020-03-31,,77352000000,-0.200,,,,,1135000000,-0.818,15651000000,-0.175,13755000000,,-0.093,101.15,,,,,,137328000000,122748000000,0.894,902.60,122748000000,,,,,86.00,,,,136000000,4868,135995308,false,false,12,2019-04-01,2020-03-31,-1
2021-04-30,73130,2021-03-31,,,,,,,,26742000000,0.016,,,,20741000000,,152.89,,,,0.077,,390478000000,,,,,25151000000,-11709000000,-14647000000,,,0.294,,,,,,true,false,12,2020-04-01,2021-03-31,0
2021-04-30,73130,2020-03-31,,,,,,,,26326000000,-0.321,,,,15064000000,,110.77,,,,0.073,,341820000000,,,,,44193000000,-5366000000,-12917000000,,,0.388,,,,,,true,false,12,2019-04-01,2020-03-31,-1
2021-06-21,73130,2022-03-31,,,,,,18200000000,,,,,,,11100000000,,82.68,,,,,,,,,,,,,,,,,,,,,,true,true,6,2021-04-01,2021-09-30,0
2021-06-21,73130,2021-03-31,,,,,,9985000000,,,,,,,4162000000,,30.61,,,,,,,,,,,,,,,,,,,,,,true,false,6,2020-04-01,2020-09-30,-1
2021-06-21,73130,2022-03-31,,,,,,40000000000,,,,,,,23000000000,,171.32,,,,,,,,,,,,,,,,,,,,,,true,true,12,2021-04-01,2022-03-31,0
2021-06-21,73130,2021-03-31,,,,,,26742000000,,,,,,,20741000000,,152.89,,,,,,,,,,,,,,,,,,,,,,true,false,12,2020-04-01,2021-03-31,-1
2021-06-21,73130,2022-03-31,,,,,,,,,,,,,,,,,,,,,,,,,,,,,,54.00,,,,,,,false,true,12,2021-04-01,2022-03-31,0
2021-06-21,73130,2021-03-31,,,,,,,,,,,,,,,,,,,,,,,,,,,,,,90.00,,,,,,,false,false,12,2020-04-01,2021-03-31,-1
2021-07-30,73130,2022-03-31,1,,,,,,,6003000000,,,,,3040000000,,22.65,,,,,,385790000000,,,,,,,,,,,,,,,,true,false,3,2021-04-01,2021-06-30,0
2021-07-30,73130,2021-03-31,1,,,,,,,-1792000000,,,,,-3757000000,,-27.63,,,,,,,,,,,,,,,,,,,,,,true,false,3,2020-04-01,2020-06-30,-1
2021-07-30,73130,2022-03-31,1,,,,,,,18200000000,0.823,,,,11100000000,,82.68,,,,,,,,,,,,,,,,,,,,,,true,true,6,2021-04-01,2021-09-30,0
2021-07-30,73130,2022-03-31,1,,,,,,,40000000000,0.496,,,,23000000000,,171.32,,,,,,,,,,,,,,,,,,,,,,true,true,12,2021-04-01,2022-03-31,0
2021-07-30,73130,2021-03-31,1,,,,,,,,,,,,,,,,,,,,390478000000,,,,,,,,,,,,,,,,true,false,12,2020-04-01,2021-03-31,-1
2021-07-30,73130,2021-03-31,1,,,,,,,,,,,,,,,,,,,,,,,,,,,,,90.00,,,,136000000,1751508,,false,false,12,2020-04-01,2021-03-31,-1
2021-07-30,73130,2022-03-31,1,,,,,,,,,,,,,,,,,,,,,,,,,,,,,54.00,,,,,,,false,true,12,2021-04-01,2022-03-31,0
2021-07-30,73130,2022-03-31,1,,,,,,,,,,,,,,,,,,,,,,,,,,,,,,,43.00,4.00,136000000,1751676,134248324,false,false,3,2021-04-01,2021-06-30,0
2021-07-30,73130,2021-03-31,1,,,,,,,,,,,,,,,,,,,,,,,,,,,,,,,,,,,135995132,false,false,3,2020-04-01,2020-06-30,-1
2021-11-04,73130,2022-03-31,2,,,,,,,10706000000,0.072,,,,5656000000,,42.13,,,,,,384420000000,,,,,,,,,,,,,,,,true,false,6,2021-04-01,2021-09-30,0
2021-11-04,73130,2021-03-31,2,,,,,,,9985000000,-0.438,,,,4162000000,,30.61,,,,,,,,,,,,,,,,,,,,,,true,false,6,2020-04-01,2020-09-30,-1
2021-11-04,73130,2022-03-31,2,,,,,,,27000000000,0.010,,,,13900000000,,103.51,,,,,,,,,,,,,,,,,,,,,,true,true,12,2021-04-01,2022-03-31,0
2021-11-04,73130,2021-03-31,2,,,,,,,,,,,,,,,,,,,,390478000000,,,,,,,,,,,,,,,,true,false,12,2020-04-01,2021-03-31,-1
2021-11-04,73130,2021-03-31,2,,,,,,,,,,,,,,,,,,,,,,,,,,,,,90.00,,,,136000000,1751508,,false,false,12,2020-04-01,2021-03-31,-1
2021-11-04,73130,2022-03-31,2,,,,,,,,,,,,,,,,,,,,,,,,,,,,,26.00,,,,,,,false,false,12,2021-04-01,2022-03-31,0
2021-11-04,73130,2022-03-31,2,,,,,,,,,,,,,,,,,,,,,,,,,,,,,54.00,,,,,,,false,true,12,2021-04-01,2022-03-31,0
2021-11-04,73130,2022-03-31,2,,,,,,,,,,,,,,,,,,,,,,,,,,,,,,,43.00,4.00,136000000,1700980,134268269,false,false,6,2021-04-01,2021-09-30,0
2021-11-04,73130,2021-03-31,2,,,,,,,,,,,,,,,,,,,,,,,,,,,,,,,,,,,135995132,false,false,6,2020-04-01,2020-09-30,-1
2022-01-28,73130,2022-03-31,3,,,,,,,15110000000,-0.275,,,,8119000000,,60.47,,,,,,393028000000,,,,,,,,,,,,,,,,true,false,9,2021-04-01,2021-12-31,0
2022-01-28,73130,2021-03-31,3,,,,,,,20842000000,-0.191,,,,17734000000,,130.40,,,,,,,,,,,,,,,,,,,,,,true,false,9,2020-04-01,2020-12-31,-1
2022-01-28,73130,2022-03-31,3,,,,,,,27000000000,0.010,,,,13900000000,,103.51,,,,,,,,,,,,,,,,,,,,,,true,true,12,2021-04-01,2022-03-31,0
2022-01-28,73130,2021-03-31,3,,,,,,,,,,,,,,,,,,,,390478000000,,,,,,,,,,,,,,,,true,false,12,2020-04-01,2021-03-31,-1
2022-01-28,73130,2021-03-31,3,,,,,,,,,,,,,,,,,,,,,,,,,,,,,90.00,,,,136000000,1751508,,false,false,12,2020-04-01,2021-03-31,-1
2022-01-28,73130,2022-03-31,3,,,,,,,,,,,,,,,,,,,,,,,,,,,,,26.00,,,,,,,false,false,12,2021-04-01,2022-03-31,0
2022-01-28,73130,2022-03-31,3,,,,,,,,,,,,,,,,,,,,,,,,,,,,,54.00,,,,,,,false,true,12,2021-04-01,2022-03-31,0
2022-01-28,73130,2022-03-31,3,,,,,,,,,,,,,,,,,,,,,,,,,,,,,,,43.00,4.00,136000000,1701348,134278533,false,false,9,2021-04-01,2021-12-31,0
2022-01-28,73130,2021-03-31,3,,,,,,,,,,,,,,,,,,,,,,,,,,,,,,,,,,,135994343,false,false,9,2020-04-01,2020-12-31,-1
2022-05-13,73130,2022-03-31,,66645000000,-0.071,,,,,-213000000,,21882000000,0.179,20475000000,,0.239,152.38,,,,,,163334000000,146171000000,0.895,1098.59,146171000000,,,,,54.00,,43.00,4.00,136000000,3162967,134150538,false,false,12,2021-04-01,2022-03-31,0
2022-05-13,73130,2021-03-31,,71737000000,-0.073,,,,,1219000000,0.074,18553000000,0.185,16527000000,,0.202,121.78,,,,,,150637000000,134029000000,0.890,996.76,134029000000,,,,,90.00,,,,136000000,1751508,135666169,false,false,12,2020-04-01,2021-03-31,-1
2022-05-13,73130,2022-03-31,,,,,,,,22998000000,-0.140,,,,12416000000,,92.56,,,,0.066,,415985000000,,,,,20018000000,-17196000000,-23638000000,,,0.583,,,,,,true,false,12,2021-04-01,2022-03-31,0
2022-05-13,73130,2021-03-31,,,,,,,,26742000000,0.016,,,,20741000000,,152.89,,,,0.077,,390478000000,,,,,25151000000,-11709000000,-14647000000,,,0.294,,,,,,true,false,12,2020-04-01,2021-03-31,-1
2022-05-13,73130,2023-03-31,,,,,,,,2800000000,-0.738,,,,-600000000,,-4.61,,,,,,,,,,,,,,,,,,,,,,true,true,6,2022-04-01,2022-09-30,1
2022-05-13,73130,2023-03-31,,,,,,,,17500000000,-0.239,,,,8200000000,,63.84,,,,,,,,,,,,,,,,0.987,,,,,,true,true,12,2022-04-01,2023-03-31,1
2022-05-13,73130,2023-03-31,,,,,,,,,,,,,,,,,,,,,,,,,,,,,,63.00,,,,,,,false,true,12,2022-04-01,2023-03-31,1
2022-08-05,73130,2023-03-31,1,,,,,,,-228000000,,,,,-1203000000,,-9.15,,,,,,413911000000,,,,,,,,,,,,,,,,true,false,3,2022-04-01,2022-06-30,0
2022-08-05,73130,2022-03-31,1,,,,,,,6003000000,,,,,3040000000,,22.65,,,,,,,,,,,,,,,,,,,,,,true,false,3,2021-04-01,2021-06-30,-1
2022-08-05,73130,2023-03-31,1,,,,,,,2800000000,-0.738,,,,-600000000,,-4.61,,,,,,,,,,,,,,,,,,,,,,true,true,6,2022-04-01,2022-09-30,0
2022-08-05,73130,2023-03-31,1,,,,,,,17500000000,-0.239,,,,8200000000,,63.84,,,,,,,,,,,,,,,,,,,,,,true,true,12,2022-04-01,2023-03-31,0
2022-08-05,73130,2022-03-31,1,,,,,,,,,,,,,,,,,,,,415985000000,,,,,,,,,,,,,,,,true,false,12,2021-04-01,2022-03-31,-1
2022-08-05,73130,2022-03-31,1,,,,,,,,,,,,,,,,,,,,,,,,,,,,,54.00,,,,136000000,3162967,,false,false,12,2021-04-01,2022-03-31,-1
2022-08-05,73130,2023-03-31,1,,,,,,,,,,,,,,,,,,,,,,,,,,,,,63.00,,,,,,,false,true,12,2022-04-01,2023-03-31,0
2022-08-05,73130,2023-03-31,1,,,,,,,,,,,,,,,,,,,,,,,,,,,,,,,,,136000000,5636323,131497844,false,false,3,2022-04-01,2022-06-30,0
2022-08-05,73130,2022-03-31,1,,,,,,,,,,,,,,,,,,,,,,,,,,,,,,,,,,,134248324,false,false,3,2021-04-01,2021-06-30,-1
2022-11-11,73130,2023-03-31,2,,,,,,,5625000000,-0.475,,,,1364000000,,10.45,,,,,,434465000000,,,,,,,,,,,,,,,,true,false,6,2022-04-01,2022-09-30,0
2022-11-11,73130,2022-03-31,2,,,,,,,10706000000,0.072,,,,5656000000,,42.13,,,,,,,,,,,,,,,,,,,,,,true,false,6,2021-04-01,2021-09-30,-1
2022-11-11,73130,2023-03-31,2,,,,,,,20000000000,-0.130,,,,9400000000,,72.76,,,,,,,,,,,,,,,,,,,,,,true,true,12,2022-04-01,2023-03-31,0
2022-11-11,73130,2022-03-31,2,,,,,,,,,,,,,,,,,,,,415985000000,,,,,,,,,,,,,,,,true,false,12,2021-04-01,2022-03-31,-1
2022-11-11,73130,2022-03-31,2,,,,,,,,,,,,,,,,,,,,,,,,,,,,,54.00,,,,136000000,3162967,,false,false,12,2021-04-01,2022-03-31,-1
2022-11-11,73130,2023-03-31,2,,,,,,,,,,,,,,,,,,,,,,,,,,,,,30.00,,,,,,,false,false,12,2022-04-01,2023-03-31,0
2022-11-11,73130,2023-03-31,2,,,,,,,,,,,,,,,,,,,,,,,,,,,,,63.00,,,,,,,false,true,12,2022-04-01,2023-03-31,0
2022-11-11,73130,2023-03-31,2,,,,,,,,,,,,,,,,,,,,,,,,,,,,,,,,,136000000,7035756,130586932,false,false,6,2022-04-01,2022-09-30,0
2022-11-11,73130,2022-03-31,2,,,,,,,,,,,,,,,,,,,,,,,,,,,,,,,,,,,134268269,false,false,6,2021-04-01,2021-09-30,-1
2023-02-03,73130,2023-03-31,3,,,,,,,10300000000,-0.318,,,,3467000000,,26.72,,,,,,401399000000,,,,,,,,,,,,,,,,true,false,9,2022-04-01,2022-12-31,0
2023-02-03,73130,2022-03-31,3,,,,,,,15110000000,-0.275,,,,8119000000,,60.47,,,,,,,,,,,,,,,,,,,,,,true,false,9,2021-04-01,2021-12-31,-1
2023-02-03,73130,2023-03-31,3,,,,,,,20000000000,-0.130,,,,9400000000,,72.76,,,,,,,,,,,,,,,,,,,,,,true,true,12,2022-04-01,2023-03-31,0
2023-02-03,73130,2022-03-31,3,,,,,,,,,,,,,,,,,,,,415985000000,,,,,,,,,,,,,,,,true,false,12,2021-04-01,2022-03-31,-1
2023-02-03,73130,2022-03-31,3,,,,,,,,,,,,,,,,,,,,,,,,,,,,,54.00,,,,136000000,3162967,,false,false,12,2021-04-01,2022-03-31,-1
2023-02-03,73130,2023-03-31,3,,,,,,,,,,,,,,,,,,,,,,,,,,,,,30.00,,,,,,,false,false,12,2022-04-01,2023-03-31,0
2023-02-03,73130,2023-03-31,3,,,,,,,,,,,,,,,,,,,,,,,,,,,,,63.00,,,,,,,false,true,12,2022-04-01,2023-03-31,0
2023-02-03,73130,2023-03-31,3,,,,,,,,,,,,,,,,,,,,,,,,,,,,,,,,,136000000,8491036,129776234,false,false,9,2022-04-01,2022-12-31,0
2023-02-03,73130,2022-03-31,3,,,,,,,,,,,,,,,,,,,,,,,,,,,,,,,,,,,134278533,false,false,9,2021-04-01,2021-12-31,-1
2023-04-28,73130,2023-03-31,,,,,,,,15200000000,-0.240,,,,5300000000,,41.02,,,,,,,,,,,,,,,,,,,,,,true,true,12,2022-04-01,2023-03-31,0
2023-04-28,73130,2022-03-31,,,,,,,,22998000000,,,,,12416000000,,92.56,,,,,,,,,,,,,,,,,,,,,,true,false,12,2021-04-01,2022-03-31,-1
2023-05-12,73130,2023-03-31,,71744000000,0.076,,,,,-819000000,,17002000000,-0.223,13662000000,,-0.333,105.56,,,,,,161902000000,144880000000,0.895,1134.30,144880000000,,,,,63.00,,,,136000000,8495146,129217147,false,false,12,2022-04-01,2023-03-31,0
2023-05-12,73130,2022-03-31,,66645000000,-0.071,,,,,-213000000,,21882000000,0.179,20475000000,,0.239,152.38,,,,,,163334000000,146171000000,0.895,1098.59,146171000000,,,,,54.00,,,,136000000,3162967,134150538,false,false,12,2021-04-01,2022-03-31,-1
2023-05-12,73130,2023-03-31,,,,,,,,15257000000,-0.337,,,,5343000000,,41.35,,,,0.037,,416226000000,,,,,30445000000,-20970000000,-18860000000,,,1.524,,,,,,true,false,12,2022-04-01,2023-03-31,0
2023-05-12,73130,2022-03-31,,,,,,,,22998000000,-0.140,,,,12416000000,,92.56,,,,0.066,,415985000000,,,,,20018000000,-17196000000,-23638000000,,,0.583,,,,,,true,false,12,2021-04-01,2022-03-31,-1
2023-05-12,73130,2024-03-31,,,,,,,,5700000000,0.013,,,,1300000000,,10.19,,,,,,,,,,,,,,,,,,,,,,true,true,6,2023-04-01,2023-09-30,1
2023-05-12,73130,2024-03-31,,,,,,,,20000000000,0.311,,,,10000000000,,80.47,,,,,,,,,,,,,,,,0.907,,,,,,true,true,12,2023-04-01,2024-03-31,1
2023-05-12,73130,2024-03-31,,,,,,,,,,,,,,,,,,,,,,,,,,,,,,73.00,,,,,,,false,true,12,2023-04-01,2024-03-31,1
2023-08-10,73130,2024-03-31,1,,,,,,,99000000,,,,,127000000,,1.00,,,,,,418632000000,,,,,,,,,,,,,,,,true,false,3,2023-04-01,2023-06-30,0
2023-08-10,73130,2023-03-31,1,,,,,,,-228000000,,,,,-1203000000,,-9.15,,,,,,,,,,,,,,,,,,,,,,true,false,3,2022-04-01,2022-06-30,-1
2023-08-10,73130,2024-03-31,1,,,,,,,5700000000,0.013,,,,1300000000,,10.19,,,,,,,,,,,,,,,,,,,,,,true,true,6,2023-04-01,2023-09-30,0
2023-08-10,73130,2024-03-31,1,,,,,,,20000000000,0.311,,,,10000000000,,80.47,,,,,,,,,,,,,,,,,,,,,,true,true,12,2023-04-01,2024-03-31,0
2023-08-10,73130,2023-03-31,1,,,,,,,,,,,,,,,,,,,,416226000000,,,,,,,,,,,,,,,,true,false,12,2022-04-01,2023-03-31,-1
2023-08-10,73130,2023-03-31,1,,,,,,,,,,,,,,,,,,,,,,,,,,,,,63.00,,,,136000000,8495146,,false,false,12,2022-04-01,2023-03-31,-1
2023-08-10,73130,2024-03-31,1,,,,,,,,,,,,,,,,,,,,,,,,,,,,,73.00,,,,,,,false,true,12,2023-04-01,2024-03-31,0
2023-08-10,73130,2024-03-31,1,,,,,,,,,,,,,,,,,,,,,,,,,,,,,,,,,136000000,8498463,127504480,false,false,3,2023-04-01,2023-06-30,0
2023-08-10,73130,2023-03-31,1,,,,,,,,,,,,,,,,,,,,,,,,,,,,,,,,,,,131497844,false,false,3,2022-04-01,2022-06-30,-1
2023-11-06,73130,2024-03-31,,,,,,5000000000,-0.123,,,,,,3000000000,,23.52,,,,,,,,,,,,,,,,,,,,,,true,true,6,2023-04-01,2023-09-30,0
2023-11-06,73130,2023-03-31,,,,,,5625000000,,,,,,,1364000000,,10.45,,,,,,,,,,,,,,,,,,,,,,true,false,6,2022-04-01,2022-09-30,-1
2023-11-10,73130,2024-03-31,2,,,,,,,5077000000,-0.097,,,,3023000000,,23.71,,,,,,436729000000,,,,,,,,,,,,,,,,true,false,6,2023-04-01,2023-09-30,0
2023-11-10,73130,2023-03-31,2,,,,,,,5625000000,-0.475,,,,1364000000,,10.45,,,,,,,,,,,,,,,,,,,,,,true,false,6,2022-04-01,2022-09-30,-1
2023-11-10,73130,2024-03-31,2,,,,,,,20000000000,0.311,,,,12000000000,,94.09,,,,,,,,,,,,,,,,,,,,,,true,true,12,2023-04-01,2024-03-31,0
2023-11-10,73130,2023-03-31,2,,,,,,,,,,,,,,,,,,,,416226000000,,,,,,,,,,,,,,,,true,false,12,2022-04-01,2023-03-31,-1
2023-11-10,73130,2023-03-31,2,,,,,,,,,,,,,,,,,,,,,,,,,,,,,63.00,,,,136000000,8495146,,false,false,12,2022-04-01,2023-03-31,-1
2023-11-10,73130,2024-03-31,2,,,,,,,,,,,,,,,,,,,,,,,,,,,,,35.00,,,,,,,false,false,12,2023-04-01,2024-03-31,0
2023-11-10,73130,2024-03-31,2,,,,,,,,,,,,,,,,,,,,,,,,,,,,,73.00,,,,,,,false,true,12,2023-04-01,2024-03-31,0
2023-11-10,73130,2024-03-31,2,,,,,,,,,,,,,,,,,,,,,,,,,,,,,,,,,136000000,8444187,127527545,false,false,6,2023-04-01,2023-09-30,0
2023-11-10,73130,2023-03-31,2,,,,,,,,,,,,,,,,,,,,,,,,,,,,,,,,,,,130586932,false,false,6,2022-04-01,2022-09-30,-1
2024-02-09,73130,2024-03-31,3,,,,,,,14040000000,0.363,,,,9363000000,,73.42,,,,,,431064000000,,,,,,,,,,,,,,,,true,false,9,2023-04-01,2023-12-31,0
2024-02-09,73130,2023-03-31,3,,,,,,,10300000000,-0.318,,,,3467000000,,26.72,,,,,,,,,,,,,,,,,,,,,,true,false,9,2022-04-01,2022-12-31,-1
2024-02-09,73130,2024-03-31,3,,,,,,,20000000000,0.311,,,,12000000000,,94.09,,,,,,,,,,,,,,,,,,,,,,true,true,12,2023-04-01,2024-03-31,0
2024-02-09,73130,2023-03-31,3,,,,,,,,,,,,,,,,,,,,416226000000,,,,,,,,,,,,,,,,true,false,12,2022-04-01,2023-03-31,-1
2024-02-09,73130,2023-03-31,3,,,,,,,,,,,,,,,,,,,,,,,,,,,,,63.00,,,,136000000,8495146,,false,false,12,2022-04-01,2023-03-31,-1
2024-02-09,73130,2024-03-31,3,,,,,,,,,,,,,,,,,,,,,,,,,,,,,35.00,,,,,,,false,false,12,2023-04-01,2024-03-31,0
2024-02-09,73130,2024-03-31,3,,,,,,,,,,,,,,,,,,,,,,,,,,,,,73.00,,,,,,,false,true,12,2023-04-01,2024-03-31,0
2024-02-09,73130,2024-03-31,3,,,,,,,,,,,,,,,,,,,,,,,,,,,,,,,,,136000000,8444587,127536980,false,false,9,2023-04-01,2023-12-31,0
2024-02-09,73130,2023-03-31,3,,,,,,,,,,,,,,,,,,,,,,,,,,,,,,,,,,,129776234,false,false,9,2022-04-01,2022-12-31,-1
2024-05-10,73130,2024-03-31,,73779000000,0.028,,,,,776000000,,19190000000,0.129,15255000000,,0.117,119.40,,,,,,181786000000,158521000000,0.872,1240.81,158521000000,,,,,73.00,,,,136000000,8470554,127536670,false,false,12,2023-04-01,2024-03-31,0
2024-05-10,73130,2023-03-31,,71744000000,0.076,,,,,-819000000,,17002000000,-0.223,13662000000,,-0.333,105.56,,,,,,161902000000,144880000000,0.895,1134.30,144880000000,,,,,63.00,,,,136000000,8495146,129217147,false,false,12,2022-04-01,2023-03-31,-1
2024-05-10,73130,2024-03-31,,,,,,,,17507000000,0.147,,,,10214000000,,80.09,,,,0.040,,446214000000,,,,,37659000000,-8669000000,-17818000000,,,0.911,,,,,,true,false,12,2023-04-01,2024-03-31,0
2024-05-10,73130,2023-03-31,,,,,,,,15257000000,-0.337,,,,5343000000,,41.35,,,,0.037,,416226000000,,,,,30445000000,-20970000000,-18860000000,,,1.524,,,,,,true,false,12,2022-04-01,2023-03-31,-1
2024-05-10,73130,2025-03-31,,,,,,,,8000000000,0.576,,,,3500000000,,27.44,,,,,,,,,,,,,,,,,,,,,,true,true,6,2024-04-01,2024-09-30,1
2024-05-10,73130,2025-03-31,,,,,,,,20000000000,0.142,,,,12000000000,,94.05,,,,,,,,,,,,,,,,0.882,,,,,,true,true,12,2024-04-01,2025-03-31,1
2024-05-10,73130,2025-03-31,,,,,,,,,,,,,,,,,,,,,,,,,,,,,,83.00,,,,,,,false,true,12,2024-04-01,2025-03-31,1
2024-08-09,73130,2025-03-31,1,,,,,,,2495000000,,,,,2473000000,,19.39,,,,,,449324000000,,,,,,,,,,,,,,,,true,false,3,2024-04-01,2024-06-30,0
2024-08-09,73130,2024-03-31,1,,,,,,,99000000,,,,,127000000,,1.00,,,,,,,,,,,,,,,,,,,,,,true,false,3,2023-04-01,2023-06-30,-1
2024-08-09,73130,2025-03-31,1,,,,,,,8000000000,0.576,,,,3500000000,,27.44,,,,,,,,,,,,,,,,,,,,,,true,true,6,2024-04-01,2024-09-30,0
2024-08-09,73130,2025-03-31,1,,,,,,,20000000000,0.142,,,,12000000000,,94.05,,,,,,,,,,,,,,,,,,,,,,true,true,12,2024-04-01,2025-03-31,0
2024-08-09,73130,2024-03-31,1,,,,,,,,,,,,,,,,,,,,446214000000,,,,,,,,,,,,,,,,true,false,12,2023-04-01,2024-03-31,-1
2024-08-09,73130,2024-03-31,1,,,,,,,,,,,,,,,,,,,,,,,,,,,,,73.00,,,,136000000,8470554,,false,false,12,2023-04-01,2024-03-31,-1
2024-08-09,73130,2025-03-31,1,,,,,,,,,,,,,,,,,,,,,,,,,,,,,83.00,,,,,,,false,true,12,2024-04-01,2025-03-31,0
2024-08-09,73130,2025-03-31,1,,,,,,,,,,,,,,,,,,,,,,,,,,,,,,,,,136000000,8470554,127529446,false,false,3,2024-04-01,2024-06-30,0
2024-08-09,73130,2024-03-31,1,,,,,,,,,,,,,,,,,,,,,,,,,,,,,,,,,,,127504480,false,false,3,2023-04-01,2023-06-30,-1
2024-11-08,73130,2025-03-31,2,,,,,,,6677000000,0.315,,,,4532000000,,36.36,,,,,,422917000000,,,,,,,,,,,,,,,,true,false,6,2024-04-01,2024-09-30,0
2024-11-08,73130,2024-03-31,2,,,,,,,5077000000,-0.097,,,,3023000000,,23.71,,,,,,,,,,,,,,,,,,,,,,true,false,6,2023-04-01,2023-09-30,-1
2024-11-08,73130,2025-03-31,2,,,,,,,17500000000,-0.000,,,,12000000000,,98.26,,,,,,,,,,,,,,,,,,,,,,true,true,12,2024-04-01,2025-03-31,0
2024-11-08,73130,2024-03-31,2,,,,,,,,,,,,,,,,,,,,446214000000,,,,,,,,,,,,,,,,true,false,12,2023-04-01,2024-03-31,-1
2024-11-08,73130,2024-03-31,2,,,,,,,,,,,,,,,,,,,,,,,,,,,,,73.00,,,,136000000,8470554,,false,false,12,2023-04-01,2024-03-31,-1
2024-11-08,73130,2025-03-31,2,,,,,,,,,,,,,,,,,,,,,,,,,,,,,40.00,,,,,,,false,false,12,2024-04-01,2025-03-31,0
2024-11-08,73130,2025-03-31,2,,,,,,,,,,,,,,,,,,,,,,,,,,,,,83.00,,,,,,,false,true,12,2024-04-01,2025-03-31,0
2024-11-08,73130,2025-03-31,2,,,,,,,,,,,,,,,,,,,,,,,,,,,,,,,,,136000000,14867328,124642184,false,false,6,2024-04-01,2024-09-30,0
2024-11-08,73130,2024-03-31,2,,,,,,,,,,,,,,,,,,,,,,,,,,,,,,,,,,,127527545,false,false,6,2023-04-01,2023-09-30,-1
2024-11-08,73130,2025-03-31,,,,,,,,17500000000,-0.125,,,,12000000000,,98.26,,,,,,,,,,,,,,,,,,,,,,true,true,12,2024-04-01,2025-03-31,0
2024-11-08,73130,2024-03-31,,,,,,,,17507000000,,,,,10214000000,,80.09,,,,,,,,,,,,,,,,,,,,,,true,false,12,2023-04-01,2024-03-31,-1
2025-02-07,73130,2025-03-31,3,,,,,,,11332000000,-0.193,,,,8112000000,,65.94,,,,,,437347000000,,,,,,,,,,,,,,,,true,false,9,2024-04-01,2024-12-31,0
2025-02-07,73130,2024-03-31,3,,,,,,,14040000000,0.363,,,,9363000000,,73.42,,,,,,,,,,,,,,,,,,,,,,true,false,9,2023-04-01,2023-12-31,-1
2025-02-07,73130,2025-03-31,3,,,,,,,17500000000,-0.000,,,,12000000000,,98.26,,,,,,,,,,,,,,,,,,,,,,true,true,12,2024-04-01,2025-03-31,0
2025-02-07,73130,2024-03-31,3,,,,,,,,,,,,,,,,,,,,446214000000,,,,,,,,,,,,,,,,true,false,12,2023-04-01,2024-03-31,-1
2025-02-07,73130,2024-03-31,3,,,,,,,,,,,,,,,,,,,,,,,,,,,,,73.00,,,,136000000,8470554,,false,false,12,2023-04-01,2024-03-31,-1
2025-02-07,73130,2025-03-31,3,,,,,,,,,,,,,,,,,,,,,,,,,,,,,40.00,,,,,,,false,false,12,2024-04-01,2025-03-31,0
2025-02-07,73130,2025-03-31,3,,,,,,,,,,,,,,,,,,,,,,,,,,,,,83.00,,,,,,,false,true,12,2024-04-01,2025-03-31,0
2025-02-07,73130,2025-03-31,3,,,,,,,,,,,,,,,,,,,,,,,,,,,,,,,,,136000000,16745428,123027570,false,false,9,2024-04-01,2024-12-31,0
2025-02-07,73130,2024-03-31,3,,,,,,,,,,,,,,,,,,,,,,,,,,,,,,,,,,,127536980,false,false,9,2023-04-01,2023-12-31,-1
2025-05-14,73130,2025-03-31,,92179000000,0.249,,,,,1114000000,0.436,11638000000,-0.394,6961000000,,-0.544,56.96,,,,,,160604000000,136041000000,0.847,1140.77,136041000000,,,,,83.00,,,,136000000,16745436,122097241,false,false,12,2024-04-01,2025-03-31,0
2025-05-14,73130,2024-03-31,,73779000000,0.028,,,,,776000000,,19190000000,0.129,15255000000,,0.117,119.40,,,,,,181786000000,158521000000,0.872,1240.81,158521000000,,,,,73.00,,,,136000000,8470554,127536670,false,false,12,2023-04-01,2024-03-31,-1
2025-05-14,73130,2025-03-31,,,,,,,,16428000000,-0.062,,,,8630000000,,70.69,,,,0.036,,432366000000,,,,,28713000000,-35867000000,-31443000000,,,1.174,,,,,,true,false,12,2024-04-01,2025-03-31,0
2025-05-14,73130,2024-03-31,,,,,,,,17507000000,0.147,,,,10214000000,,80.09,,,,0.040,,446214000000,,,,,37659000000,-8669000000,-17818000000,,,0.911,,,,,,true,false,12,2023-04-01,2024-03-31,-1
2025-05-14,73130,2026-03-31,,,,,,,,16500000000,0.004,,,,9500000000,,79.63,,,,,,,,,,,,,,,,1.130,,,,,,true,true,12,2025-04-01,2026-03-31,1
2025-05-14,73130,2026-03-31,,,,,,,,,,,,,,,,,,,,,,,,,,,,,,90.00,,,,,,,false,true,12,2025-04-01,2026-03-31,1
