filing_date,code,fiscal_year_end,quarterly_period,net_sales,net_sales_change,revenue,revenue_change,operating_revenue,operating_revenue_change,operating_profit,operating_profit_change,ordinary_profit,ordinary_profit_change,net_income,net_income_of_parent,net_income_change,eps,diluted_eps,roe,roa,operating_profit_to_net_sales,operating_profit_to_revenue,total_assets,net_assets,equity_ratio,bps,owner_equity,operating_cash_flow,investing_cash_flow,financing_cash_flow,cash,dividend_per_share,payout_ratio,commemorative_dividend,extra_dividend,number_of_shares,number_of_treqsury_shares,avg_number_of_shares,is_consolidated,is_forecast,duration,period_start,period_end,period_pos
2015-07-29,74120,2016-03-31,1,12606000000,0.058,,,,,203000000,-0.654,230000000,-0.619,,-70000000,,-0.50,,,,,,33176000000,14528000000,0.438,52.05,14528000000,,,,,,,,,,,,true,false,3,2015-04-01,2015-06-30,0
2015-07-29,74120,2015-03-31,1,11912000000,0.175,,,,,587000000,0.032,604000000,0.041,,271000000,,1.37,1.35,,,,,,,,,,,,,,,,,,,,,true,false,3,2014-04-01,2014-06-30,-1
2015-07-29,74120,2016-03-31,1,26299000000,0.057,,,,,1554000000,-0.090,1579000000,-0.086,,725000000,,3.74,,,,,,,,,,,,,,,,,,,,,,true,true,6,2015-04-01,2015-09-30,0
2015-07-29,74120,2016-03-31,1,53558000000,0.060,,,,,3324000000,0.010,3351000000,0.003,,1402000000,,7.22,,,,,,,,,,,,,,,,,,,,,,true,true,12,2015-04-01,2016-03-31,0
2015-07-29,74120,2015-03-31,1,,,,,,,,,,,,,,,,,,,,34023000000,15506000000,0.456,57.05,15506000000,,,,,,,,,,,,true,false,12,2014-04-01,2015-03-31,-1
2015-07-29,74120,2015-03-31,1,,,,,,,,,,,,,,,,,,,,,,,,,,,,,5.00,,,,183136621,470123,,false,false,12,2014-04-01,2015-03-31,-1
2015-07-29,74120,2016-03-31,1,,,,,,,,,,,,,,,,,,,,,,,,,,,,,2.00,,,,,,,false,true,12,2015-04-01,2016-03-31,0
2015-07-29,74120,2016-03-31,1,,,,,,,,,,,,,,,,,,,,,,,,,,,,,,,,,183136621,470173,182666497,false,false,3,2015-04-01,2015-06-30,0
2015-07-29,74120,2015-03-31,1,,,,,,,,,,,,,,,,,,,,,,,,,,,,,,,,,,,182667319,false,false,3,2014-04-01,2014-06-30,-1
2015-07-29,74120,2016-03-31,,26299000000,0.002,,,,,1554000000,-0.072,1579000000,-0.061,,725000000,,3.74,,,,,,,,,,,,,,,,,,,,,,true,true,6,2015-04-01,2015-09-30,0
2015-07-29,74120,2015-03-31,,24872000000,,,,,,1707000000,,1727000000,,,846000000,,4.40,,,,,,,,,,,,,,,,,,,,,,true,false,6,2014-04-01,2014-09-30,-1
2015-07-29,74120,2016-03-31,,53558000000,0.001,,,,,3324000000,-0.048,3351000000,-0.043,1402000000,,-0.053,7.22,,,,,,,,,,,,,,,,,,,,,,true,true,12,2015-04-01,2016-03-31,0
2015-07-29,74120,2015-03-31,,50518000000,,,,,,3290000000,,3340000000,,1324000000,,,6.79,,,,,,,,,,,,,,,,,,,,,,true,false,12,2014-04-01,2015-03-31,-1
2015-10-28,74120,2016-03-31,2,26322000000,0.058,,,,,1688000000,-0.011,1718000000,-0.006,,875000000,,4.57,4.44,,,,,33680000000,15424000000,0.458,56.84,15424000000,,,,,,,,,,,,true,false,6,2015-04-01,2015-09-30,0
2015-10-28,74120,2015-03-31,2,24872000000,0.177,,,,,1707000000,0.116,1727000000,0.118,,846000000,,4.40,4.28,,,,,,,,,,,,,,,,,,,,,true,false,6,2014-04-01,2014-09-30,-1
2015-10-28,74120,2016-03-31,2,53558000000,0.060,,,,,3324000000,0.010,3351000000,0.003,,1402000000,,7.22,,,,,,,,,,,,,,,,,,,,,,true,true,12,2015-04-01,2016-03-31,0
2015-10-28,74120,2015-03-31,2,,,,,,,,,,,,,,,,,,,,34023000000,15506000000,0.456,57.05,15506000000,,,,,,,,,,,,true,false,12,2014-04-01,2015-03-31,-1
2015-10-28,74120,2015-03-31,2,,,,,,,,,,,,,,,,,,,,,,,,,,,,,5.00,,,,183136621,470123,,false,false,12,2014-04-01,2015-03-31,-1
2015-10-28,74120,2016-03-31,2,,,,,,,,,,,,,,,,,,,,,,,,,,,,,0.00,,,,,,,false,false,12,2015-04-01,2016-03-31,0
2015-10-28,74120,2016-03-31,2,,,,,,,,,,,,,,,,,,,,,,,,,,,,,2.00,,,,,,,false,true,12,2015-04-01,2016-03-31,0
2015-10-28,74120,2016-03-31,2,,,,,,,,,,,,,,,,,,,,,,,,,,,,,,,,,183136621,470530,182666332,false,false,6,2015-04-01,2015-09-30,0
2015-10-28,74120,2015-03-31,2,,,,,,,,,,,,,,,,,,,,,,,,,,,,,,,,,,,182667202,false,false,6,2014-04-01,2014-09-30,-1
2016-01-27,74120,2016-03-31,3,39631000000,0.050,,,,,2356000000,-0.016,2407000000,-0.022,,1222000000,,6.35,6.19,,,,,34863000000,15796000000,0.453,58.76,15796000000,,,,,,,,,,,,true,false,9,2015-04-01,2015-12-31,0
2016-01-27,74120,2015-03-31,3,37739000000,0.140,,,,,2396000000,0.029,2460000000,0.043,,1093000000,,5.64,5.52,,,,,,,,,,,,,,,,,,,,,true,false,9,2014-04-01,2014-12-31,-1
2016-01-27,74120,2016-03-31,3,53558000000,0.060,,,,,3324000000,0.010,3351000000,0.003,,1402000000,,7.22,,,,,,,,,,,,,,,,,,,,,,true,true,12,2015-04-01,2016-03-31,0
2016-01-27,74120,2015-03-31,3,,,,,,,,,,,,,,,,,,,,34023000000,15506000000,0.456,57.05,15506000000,,,,,,,,,,,,true,false,12,2014-04-01,2015-03-31,-1
2016-01-27,74120,2015-03-31,3,,,,,,,,,,,,,,,,,,,,,,,,,,,,,5.00,,,,183136621,470123,,false,false,12,2014-04-01,2015-03-31,-1
2016-01-27,74120,2016-03-31,3,,,,,,,,,,,,,,,,,,,,,,,,,,,,,0.00,,,,,,,false,false,12,2015-04-01,2016-03-31,0
2016-01-27,74120,2016-03-31,3,,,,,,,,,,,,,,,,,,,,,,,,,,,,,2.00,,,,,,,false,true,12,2015-04-01,2016-03-31,0
2016-01-27,74120,2016-03-31,3,,,,,,,,,,,,,,,,,,,,,,,,,,,,,,,,,183136621,470621,182666247,false,false,9,2015-04-01,2015-12-31,0
2016-01-27,74120,2015-03-31,3,,,,,,,,,,,,,,,,,,,,,,,,,,,,,,,,,,,182667073,false,false,9,2014-04-01,2014-12-31,-1
2016-04-25,74120,2016-03-31,,52830000000,0.046,,,,,3119000000,-0.052,3180000000,-0.048,,1779000000,,9.28,9.03,0.112,0.092,0.059,,34911000000,16161000000,0.463,60.64,16161000000,5835000000,-3310000000,-3124000000,4038000000,,0.216,,,,,,true,false,12,2015-04-01,2016-03-31,0
2016-04-25,74120,2015-03-31,,50518000000,0.122,,,,,3290000000,0.048,3340000000,0.057,,1324000000,,6.79,6.66,0.088,0.099,0.065,,34023000000,15506000000,0.456,57.05,15506000000,5986000000,-2772000000,-2323000000,4637000000,,0.737,,,,,,true,false,12,2014-04-01,2015-03-31,-1
2016-04-25,74120,2017-03-31,,27754000000,0.054,,,,,1646000000,-0.025,1669000000,-0.029,,760000000,,3.93,,,,,,,,,,,,,,,,,,,,,,true,true,6,2016-04-01,2016-09-30,1
2016-04-25,74120,2017-03-31,,56097000000,0.062,,,,,3359000000,0.077,3380000000,0.063,,1412000000,,7.27,,,,,,,,,,,,,,,,0.275,,,,,,true,true,12,2016-04-01,2017-03-31,1
2016-04-25,74120,2016-03-31,,47082000000,0.047,,,,,2966000000,-0.083,3068000000,-0.080,1689000000,,-0.003,8.79,8.57,,,,,33806000000,16323000000,0.483,61.53,16281000000,,,,,2.00,,,,183136621,470671,182666176,false,false,12,2015-04-01,2016-03-31,0
2016-04-25,74120,2015-03-31,,44976000000,0.063,,,,,3233000000,0.093,3335000000,0.108,1694000000,,0.514,8.82,8.57,,,,,32986000000,15757000000,0.478,58.43,15757000000,,,,,5.00,,,,183136621,470123,182666954,false,false,12,2014-04-01,2015-03-31,-1
2016-04-25,74120,2017-03-31,,,,,,,,,,,,,,,,,,,,,,,,,,,,,,2.00,,,,,,,false,true,12,2016-04-01,2017-03-31,1
2016-07-28,74120,2017-03-31,1,12497000000,-0.009,,,,,-44000000,,-16000000,,,-431000000,,-2.48,,,,,,33825000000,15220000000,0.450,55.83,15220000000,,,,,,,,,,,,true,false,3,2016-04-01,2016-06-30,0
2016-07-28,74120,2016-03-31,1,12606000000,0.058,,,,,203000000,-0.654,230000000,-0.619,,-70000000,,-0.50,,,,,,,,,,,,,,,,,,,,,,true,false,3,2015-04-01,2015-06-30,-1
2016-07-28,74120,2017-03-31,1,27754000000,0.054,,,,,1646000000,-0.025,1669000000,-0.029,,760000000,,3.93,,,,,,,,,,,,,,,,,,,,,,true,true,6,2016-04-01,2016-09-30,0
2016-07-28,74120,2017-03-31,1,56097000000,0.062,,,,,3359000000,0.077,3380000000,0.063,,1412000000,,7.27,,,,,,,,,,,,,,,,,,,,,,true,true,12,2016-04-01,2017-03-31,0
2016-07-28,74120,2016-03-31,1,,,,,,,,,,,,,,,,,,,,34911000000,16161000000,0.463,60.64,16161000000,,,,,,,,,,,,true,false,12,2015-04-01,2016-03-31,-1
2016-07-28,74120,2016-03-31,1,,,,,,,,,,,,,,,,,,,,,,,,,,,,,2.00,,,,183136621,470671,,false,false,12,2015-04-01,2016-03-31,-1
2016-07-28,74120,2017-03-31,1,,,,,,,,,,,,,,,,,,,,,,,,,,,,,2.00,,,,,,,false,true,12,2016-04-01,2017-03-31,0
2016-07-28,74120,2017-03-31,1,,,,,,,,,,,,,,,,,,,,,,,,,,,,,,,,,183136621,470671,182665950,false,false,3,2016-04-01,2016-06-30,0
2016-07-28,74120,2016-03-31,1,,,,,,,,,,,,,,,,,,,,,,,,,,,,,,,,,,,182666497,false,false,3,2015-04-01,2015-06-30,-1
2016-10-27,74120,2017-03-31,,26314000000,-0.052,,,,,967000000,-0.412,1010000000,-0.395,,121000000,,0.44,,,,,,,,,,,,,,,,,,,,,,true,true,6,2016-04-01,2016-09-30,0
2016-10-27,74120,2016-03-31,,26322000000,,,,,,1688000000,,1718000000,,,875000000,,4.57,,,,,,,,,,,,,,,,,,,,,,true,false,6,2015-04-01,2015-09-30,-1
2016-10-27,74120,2017-03-31,,53949000000,-0.038,,,,,2551000000,-0.241,2587000000,-0.234,,740000000,,3.59,,,,,,,,,,,,,,,,,,,,,,true,true,12,2016-04-01,2017-03-31,0
2016-10-27,74120,2016-03-31,,52830000000,,,,,,3119000000,,3180000000,,,1779000000,,9.28,,,,,,,,,,,,,,,,,,,,,,true,false,12,2015-04-01,2016-03-31,-1
2016-10-28,74120,2017-03-31,2,26314000000,-0.000,,,,,967000000,-0.427,1010000000,-0.412,,121000000,,0.44,,,,,,34613000000,15831000000,0.457,59.07,15831000000,,,,,,,,,,,,true,false,6,2016-04-01,2016-09-30,0
2016-10-28,74120,2016-03-31,2,26322000000,0.058,,,,,1688000000,-0.011,1718000000,-0.006,,875000000,,4.57,4.44,,,,,,,,,,,,,,,,,,,,,true,false,6,2015-04-01,2015-09-30,-1
2016-10-28,74120,2017-03-31,2,53949000000,0.021,,,,,2551000000,-0.182,2587000000,-0.186,,740000000,,3.59,,,,,,,,,,,,,,,,,,,,,,true,true,12,2016-04-01,2017-03-31,0
2016-10-28,74120,2016-03-31,2,,,,,,,,,,,,,,,,,,,,34911000000,16161000000,0.463,60.64,16161000000,,,,,,,,,,,,true,false,12,2015-04-01,2016-03-31,-1
2016-10-28,74120,2016-03-31,2,,,,,,,,,,,,,,,,,,,,,,,,,,,,,2.00,,,,183136621,470671,,false,false,12,2015-04-01,2016-03-31,-1
2016-10-28,74120,2017-03-31,2,,,,,,,,,,,,,,,,,,,,,,,,,,,,,0.00,,,,,,,false,false,12,2016-04-01,2017-03-31,0
2016-10-28,74120,2017-03-31,2,,,,,,,,,,,,,,,,,,,,,,,,,,,,,2.00,,,,,,,false,true,12,2016-04-01,2017-03-31,0
2016-10-28,74120,2017-03-31,2,,,,,,,,,,,,,,,,,,,,,,,,,,,,,,,,,183136621,470671,182665950,false,false,6,2016-04-01,2016-09-30,0
2016-10-28,74120,2016-03-31,2,,,,,,,,,,,,,,,,,,,,,,,,,,,,,,,,,,,182666332,false,false,6,2015-04-01,2015-09-30,-1
2017-01-27,74120,2017-03-31,3,39622000000,-0.000,,,,,1173000000,-0.502,1222000000,-0.492,,82000000,,0.17,,,,,,34432000000,15831000000,0.460,59.01,15831000000,,,,,,,,,,,,true,false,9,2016-04-01,2016-12-31,0
2017-01-27,74120,2016-03-31,3,39631000000,0.050,,,,,2356000000,-0.016,2407000000,-0.022,,1222000000,,6.35,6.19,,,,,,,,,,,,,,,,,,,,,true,false,9,2015-04-01,2015-12-31,-1
2017-01-27,74120,2017-03-31,3,53949000000,0.021,,,,,2551000000,-0.182,2587000000,-0.186,,740000000,,3.59,,,,,,,,,,,,,,,,,,,,,,true,true,12,2016-04-01,2017-03-31,0
2017-01-27,74120,2016-03-31,3,,,,,,,,,,,,,,,,,,,,34911000000,16161000000,0.463,60.64,16161000000,,,,,,,,,,,,true,false,12,2015-04-01,2016-03-31,-1
2017-01-27,74120,2016-03-31,3,,,,,,,,,,,,,,,,,,,,,,,,,,,,,2.00,,,,183136621,470671,,false,false,12,2015-04-01,2016-03-31,-1
2017-01-27,74120,2017-03-31,3,,,,,,,,,,,,,,,,,,,,,,,,,,,,,0.00,,,,,,,false,false,12,2016-04-01,2017-03-31,0
2017-01-27,74120,2017-03-31,3,,,,,,,,,,,,,,,,,,,,,,,,,,,,,2.00,,,,,,,false,true,12,2016-04-01,2017-03-31,0
2017-01-27,74120,2017-03-31,3,,,,,,,,,,,,,,,,,,,,,,,,,,,,,,,,,183136621,470771,182665946,false,false,9,2016-04-01,2016-12-31,0
2017-01-27,74120,2016-03-31,3,,,,,,,,,,,,,,,,,,,,,,,,,,,,,,,,,,,182666247,false,false,9,2015-04-01,2015-12-31,-1
2017-04-27,74120,2017-03-31,,52663000000,-0.024,,,,,1990000000,-0.220,2041000000,-0.211,,121000000,,0.29,,,,,,,,,,,,,,,,,,,,,,true,true,12,2016-04-01,2017-03-31,0
2017-04-27,74120,2016-03-31,,52830000000,,,,,,3119000000,,3180000000,,,1779000000,,9.28,,,,,,,,,,,,,,,,,,,,,,true,false,12,2015-04-01,2016-03-31,-1
2017-04-28,74120,2017-03-31,,52663000000,-0.003,,,,,1990000000,-0.362,2041000000,-0.358,,121000000,,0.29,,0.008,0.060,0.038,,33041000000,15855000000,0.480,64.03,15855000000,2858000000,-1427000000,-1522000000,3947000000,,6.897,,,,,,true,false,12,2016-04-01,2017-03-31,0
2017-04-28,74120,2016-03-31,,52830000000,0.046,,,,,3119000000,-0.052,3180000000,-0.048,,1779000000,,9.28,9.03,0.112,0.092,0.059,,34911000000,16161000000,0.463,60.64,16161000000,5835000000,-3310000000,-3124000000,4038000000,,0.216,,,,,,true,false,12,2015-04-01,2016-03-31,-1
2017-04-28,74120,2018-03-31,,53926000000,0.024,,,,,2259000000,0.135,2293000000,0.124,,558000000,,2.66,,,,,,,,,,,,,,,,0.752,,,,,,true,true,12,2017-04-01,2018-03-31,1
2017-04-28,74120,2017-03-31,,47424000000,0.007,,,,,1866000000,-0.371,1953000000,-0.363,366000000,,-0.783,1.63,,,,,,32391000000,16262000000,0.502,66.24,16262000000,,,,,2.00,,,,184559297,470821,182923167,false,false,12,2016-04-01,2017-03-31,0
2017-04-28,74120,2016-03-31,,47082000000,0.047,,,,,2966000000,-0.083,3068000000,-0.080,1689000000,,-0.003,8.79,8.57,,,,,33806000000,16323000000,0.483,61.53,16323000000,,,,,2.00,,,,183136621,470671,182666176,false,false,12,2015-04-01,2016-03-31,-1
2017-04-28,74120,2018-03-31,,,,,,,,,,,,,,,,,,,,,,,,,,,,,,2.00,,,,,,,false,true,12,2017-04-01,2018-03-31,1
2017-07-28,74120,2018-03-31,1,12802000000,0.024,,,,,-82000000,,-54000000,,,-440000000,,-2.48,,,,,,33322000000,14997000000,0.450,59.65,14997000000,,,,,,,,,,,,true,false,3,2017-04-01,2017-06-30,0
2017-07-28,74120,2017-03-31,1,12497000000,-0.009,,,,,-44000000,,-16000000,,,-431000000,,-2.48,,,,,,,,,,,,,,,,,,,,,,true,false,3,2016-04-01,2016-06-30,-1
2017-07-28,74120,2018-03-31,1,53926000000,0.024,,,,,2259000000,0.135,2293000000,0.124,,558000000,,2.66,,,,,,,,,,,,,,,,,,,,,,true,true,12,2017-04-01,2018-03-31,0
2017-07-28,74120,2017-03-31,1,,,,,,,,,,,,,,,,,,,,33041000000,15855000000,0.480,64.03,15855000000,,,,,,,,,,,,true,false,12,2016-04-01,2017-03-31,-1
2017-07-28,74120,2017-03-31,1,,,,,,,,,,,,,,,,,,,,,,,,,,,,,2.00,,,,184559297,470821,,false,false,12,2016-04-01,2017-03-31,-1
2017-07-28,74120,2018-03-31,1,,,,,,,,,,,,,,,,,,,,,,,,,,,,,2.00,,,,,,,false,true,12,2017-04-01,2018-03-31,0
2017-07-28,74120,2018-03-31,1,,,,,,,,,,,,,,,,,,,,,,,,,,,,,,,,,184559297,470821,184088476,false,false,3,2017-04-01,2017-06-30,0
2017-07-28,74120,2017-03-31,1,,,,,,,,,,,,,,,,,,,,,,,,,,,,,,,,,,,182665950,false,false,3,2016-04-01,2016-06-30,-1
2017-10-31,74120,2018-03-31,2,26806000000,0.019,,,,,994000000,0.028,1028000000,0.018,,306000000,,1.48,,,,,,33276000000,15732000000,0.473,63.54,15732000000,,,,,,,,,,,,true,false,6,2017-04-01,2017-09-30,0
2017-10-31,74120,2017-03-31,2,26314000000,-0.000,,,,,967000000,-0.427,1010000000,-0.412,,121000000,,0.44,,,,,,,,,,,,,,,,,,,,,,true,false,6,2016-04-01,2016-09-30,-1
2017-10-31,74120,2018-03-31,2,53926000000,0.024,,,,,2259000000,0.135,2293000000,0.124,,558000000,,2.66,,,,,,,,,,,,,,,,,,,,,,true,true,12,2017-04-01,2018-03-31,0
2017-10-31,74120,2017-03-31,2,,,,,,,,,,,,,,,,,,,,33041000000,15855000000,0.480,64.03,15855000000,,,,,,,,,,,,true,false,12,2016-04-01,2017-03-31,-1
2017-10-31,74120,2017-03-31,2,,,,,,,,,,,,,,,,,,,,,,,,,,,,,2.00,,,,184559297,470821,,false,false,12,2016-04-01,2017-03-31,-1
2017-10-31,74120,2018-03-31,2,,,,,,,,,,,,,,,,,,,,,,,,,,,,,0.00,,,,,,,false,false,12,2017-04-01,2018-03-31,0
2017-10-31,74120,2018-03-31,2,,,,,,,,,,,,,,,,,,,,,,,,,,,,,2.00,,,,,,,false,true,12,2017-04-01,2018-03-31,0
2017-10-31,74120,2018-03-31,2,,,,,,,,,,,,,,,,,,,,,,,,,,,,,,,,,184559297,470946,184088454,false,false,6,2017-04-01,2017-09-30,0
2017-10-31,74120,2017-03-31,2,,,,,,,,,,,,,,,,,,,,,,,,,,,,,,,,,,,182665950,false,false,6,2016-04-01,2016-09-30,-1
2018-01-31,74120,2018-03-31,3,40032000000,0.010,,,,,1129000000,-0.038,1166000000,-0.046,,174000000,,0.67,,,,,,32712000000,15662000000,0.479,63.07,15662000000,,,,,,,,,,,,true,false,9,2017-04-01,2017-12-31,0
2018-01-31,74120,2017-03-31,3,39622000000,-0.000,,,,,1173000000,-0.502,1222000000,-0.492,,82000000,,0.17,,,,,,,,,,,,,,,,,,,,,,true,false,9,2016-04-01,2016-12-31,-1
2018-01-31,74120,2018-03-31,3,53926000000,0.024,,,,,2259000000,0.135,2293000000,0.124,,558000000,,2.66,,,,,,,,,,,,,,,,,,,,,,true,true,12,2017-04-01,2018-03-31,0
2018-01-31,74120,2017-03-31,3,,,,,,,,,,,,,,,,,,,,33041000000,15855000000,0.480,64.03,15855000000,,,,,,,,,,,,true,false,12,2016-04-01,2017-03-31,-1
2018-01-31,74120,2017-03-31,3,,,,,,,,,,,,,,,,,,,,,,,,,,,,,2.00,,,,184559297,470821,,false,false,12,2016-04-01,2017-03-31,-1
2018-01-31,74120,2018-03-31,3,,,,,,,,,,,,,,,,,,,,,,,,,,,,,0.00,,,,,,,false,false,12,2017-04-01,2018-03-31,0
2018-01-31,74120,2018-03-31,3,,,,,,,,,,,,,,,,,,,,,,,,,,,,,2.00,,,,,,,false,true,12,2017-04-01,2018-03-31,0
2018-01-31,74120,2018-03-31,3,,,,,,,,,,,,,,,,,,,,,,,,,,,,,,,,,184559297,471211,184088394,false,false,9,2017-04-01,2017-12-31,0
2018-01-31,74120,2017-03-31,3,,,,,,,,,,,,,,,,,,,,,,,,,,,,,,,,,,,182665946,false,false,9,2016-04-01,2016-12-31,-1
2018-04-26,74120,2018-03-31,,53209000000,-0.013,,,,,2338000000,0.035,2368000000,0.033,,814000000,,4.05,,,,,,,,,,,,,,,,,,,,,,true,true,12,2017-04-01,2018-03-31,0
2018-04-26,74120,2017-03-31,,52663000000,,,,,,1990000000,,2041000000,,,121000000,,0.29,,,,,,,,,,,,,,,,,,,,,,true,false,12,2016-04-01,2017-03-31,-1
2018-04-27,74120,2018-03-31,,53209000000,0.010,,,,,2338000000,0.175,2368000000,0.160,,814000000,,4.05,4.05,0.051,0.074,0.044,,32194000000,16209000000,0.503,65.95,16209000000,3999000000,298000000,-2498000000,5747000000,,0.494,,,,,,true,false,12,2017-04-01,2018-03-31,0
2018-04-27,74120,2017-03-31,,52663000000,-0.003,,,,,1990000000,-0.362,2041000000,-0.358,,121000000,,0.29,,0.008,0.060,0.038,,33041000000,15855000000,0.480,64.03,15855000000,2858000000,-1427000000,-1522000000,3947000000,,6.897,,,,,,true,false,12,2016-04-01,2017-03-31,-1
2018-04-27,74120,2019-03-31,,54321000000,0.021,,,,,2465000000,0.054,2420000000,0.022,,803000000,,3.99,,,,,,,,,,,,,,,,0.501,,,,,,true,true,12,2018-04-01,2019-03-31,1
2018-04-27,74120,2018-03-31,,48146000000,0.015,,,,,2210000000,0.185,2282000000,0.168,1026000000,,1.798,5.20,5.14,,,,,31802000000,16828000000,0.529,69.31,16828000000,,,,,2.00,,,,184559297,471387,184088281,false,false,12,2017-04-01,2018-03-31,0
2018-04-27,74120,2017-03-31,,47424000000,0.007,,,,,1866000000,-0.371,1953000000,-0.363,366000000,,-0.783,1.63,,,,,,32391000000,16262000000,0.502,66.24,16262000000,,,,,2.00,,,,184559297,470821,182923167,false,false,12,2016-04-01,2017-03-31,-1
2018-04-27,74120,2019-03-31,,,,,,,,,,,,,,,,,,,,,,,,,,,,,,2.00,,,,,,,false,true,12,2018-04-01,2019-03-31,1
2018-07-31,74120,2019-03-31,1,12365000000,-0.034,,,,,-125000000,,-134000000,,,-329000000,,-1.89,,,,,,30487000000,15451000000,0.507,62.11,15451000000,,,,,,,,,,,,true,false,3,2018-04-01,2018-06-30,0
2018-07-31,74120,2018-03-31,1,12802000000,0.024,,,,,-82000000,,-54000000,,,-440000000,,-2.48,,,,,,,,,,,,,,,,,,,,,,true,false,3,2017-04-01,2017-06-30,-1
2018-07-31,74120,2019-03-31,1,54321000000,0.021,,,,,2465000000,0.054,2420000000,0.022,,803000000,,3.99,,,,,,,,,,,,,,,,,,,,,,true,true,12,2018-04-01,2019-03-31,0
2018-07-31,74120,2018-03-31,1,,,,,,,,,,,,,,,,,,,,32194000000,16209000000,0.503,65.95,16209000000,,,,,,,,,,,,true,false,12,2017-04-01,2018-03-31,-1
2018-07-31,74120,2018-03-31,1,,,,,,,,,,,,,,,,,,,,,,,,,,,,,2.00,,,,184559297,471387,,false,false,12,2017-04-01,2018-03-31,-1
2018-07-31,74120,2019-03-31,1,,,,,,,,,,,,,,,,,,,,,,,,,,,,,2.00,,,,,,,false,true,12,2018-04-01,2019-03-31,0
2018-07-31,74120,2019-03-31,1,,,,,,,,,,,,,,,,,,,,,,,,,,,,,,,,,184559297,471513,184087851,false,false,3,2018-04-01,2018-06-30,0
2018-07-31,74120,2018-03-31,1,,,,,,,,,,,,,,,,,,,,,,,,,,,,,,,,,,,184088476,false,false,3,2017-04-01,2017-06-30,-1
2018-10-31,74120,2019-03-31,2,25992000000,-0.030,,,,,871000000,-0.124,858000000,-0.165,,256000000,,1.21,,,,,,30684000000,16043000000,0.523,65.24,16043000000,,,,,,,,,,,,true,false,6,2018-04-01,2018-09-30,0
2018-10-31,74120,2018-03-31,2,26806000000,0.019,,,,,994000000,0.028,1028000000,0.018,,306000000,,1.48,,,,,,,,,,,,,,,,,,,,,,true,false,6,2017-04-01,2017-09-30,-1
2018-10-31,74120,2019-03-31,2,54321000000,0.021,,,,,2465000000,0.054,2420000000,0.022,,803000000,,3.99,,,,,,,,,,,,,,,,,,,,,,true,true,12,2018-04-01,2019-03-31,0
2018-10-31,74120,2018-03-31,2,,,,,,,,,,,,,,,,,,,,32194000000,16209000000,0.503,65.95,16209000000,,,,,,,,,,,,true,false,12,2017-04-01,2018-03-31,-1
2018-10-31,74120,2018-03-31,2,,,,,,,,,,,,,,,,,,,,,,,,,,,,,2.00,,,,184559297,471387,,false,false,12,2017-04-01,2018-03-31,-1
2018-10-31,74120,2019-03-31,2,,,,,,,,,,,,,,,,,,,,,,,,,,,,,0.00,,,,,,,false,false,12,2018-04-01,2019-03-31,0
2018-10-31,74120,2019-03-31,2,,,,,,,,,,,,,,,,,,,,,,,,,,,,,2.00,,,,,,,false,true,12,2018-04-01,2019-03-31,0
2018-10-31,74120,2019-03-31,2,,,,,,,,,,,,,,,,,,,,,,,,,,,,,,,,,184559297,471513,184087817,false,false,6,2018-04-01,2018-09-30,0
2018-10-31,74120,2018-03-31,2,,,,,,,,,,,,,,,,,,,,,,,,,,,,,,,,,,,184088454,false,false,6,2017-04-01,2017-09-30,-1
2019-01-31,74120,2019-03-31,3,38839000000,-0.030,,,,,603000000,-0.466,616000000,-0.472,,-87000000,,-0.76,,,,,,30850000000,15660000000,0.508,63.06,15660000000,,,,,,,,,,,,true,false,9,2018-04-01,2018-12-31,0
2019-01-31,74120,2018-03-31,3,40032000000,0.010,,,,,1129000000,-0.038,1166000000,-0.046,,174000000,,0.67,,,,,,,,,,,,,,,,,,,,,,true,false,9,2017-04-01,2017-12-31,-1
2019-01-31,74120,2019-03-31,3,54321000000,0.021,,,,,2465000000,0.054,2420000000,0.022,,803000000,,3.99,,,,,,,,,,,,,,,,,,,,,,true,true,12,2018-04-01,2019-03-31,0
2019-01-31,74120,2018-03-31,3,,,,,,,,,,,,,,,,,,,,32194000000,16209000000,0.503,65.95,16209000000,,,,,,,,,,,,true,false,12,2017-04-01,2018-03-31,-1
2019-01-31,74120,2018-03-31,3,,,,,,,,,,,,,,,,,,,,,,,,,,,,,2.00,,,,184559297,471387,,false,false,12,2017-04-01,2018-03-31,-1
2019-01-31,74120,2019-03-31,3,,,,,,,,,,,,,,,,,,,,,,,,,,,,,0.00,,,,,,,false,false,12,2018-04-01,2019-03-31,0
2019-01-31,74120,2019-03-31,3,,,,,,,,,,,,,,,,,,,,,,,,,,,,,2.00,,,,,,,false,true,12,2018-04-01,2019-03-31,0
2019-01-31,74120,2019-03-31,3,,,,,,,,,,,,,,,,,,,,,,,,,,,,,,,,,184559297,471839,184087755,false,false,9,2018-04-01,2018-12-31,0
2019-01-31,74120,2018-03-31,3,,,,,,,,,,,,,,,,,,,,,,,,,,,,,,,,,,,184088394,false,false,9,2017-04-01,2017-12-31,-1
2019-05-08,74120,2019-03-31,,51934000000,-0.044,,,,,1599000000,-0.351,1630000000,-0.326,,-362000000,,-2.35,,,,,,,,,,,,,,,,,,,,,,true,true,12,2018-04-01,2019-03-31,0
2019-05-08,74120,2018-03-31,,53209000000,,,,,,2338000000,,2368000000,,,814000000,,4.05,,,,,,,,,,,,,,,,,,,,,,true,false,12,2017-04-01,2018-03-31,-1
2019-05-09,74120,2019-03-31,,51934000000,-0.024,,,,,1599000000,-0.316,1630000000,-0.311,,-362000000,,-2.35,-2.35,-0.024,0.055,0.031,,29453000000,15385000000,0.522,61.47,15385000000,1872000000,-986000000,-1788000000,4845000000,,,,,,,,true,false,12,2018-04-01,2019-03-31,0
2019-05-09,74120,2018-03-31,,53209000000,0.010,,,,,2338000000,0.175,2368000000,0.160,,814000000,,4.05,4.05,0.051,0.074,0.044,,32194000000,16209000000,0.503,65.95,16209000000,3999000000,298000000,-2498000000,5747000000,,0.494,,,,,,true,false,12,2017-04-01,2018-03-31,-1
2019-05-09,74120,2020-03-31,,57517000000,0.108,,,,,2692000000,0.683,2666000000,0.635,,775000000,,3.84,,,,,,,,,,,,,,,,0.521,,,,,,true,true,12,2019-04-01,2020-03-31,1
2019-05-09,74120,2019-03-31,,47151000000,-0.021,,,,,1616000000,-0.269,1680000000,-0.264,-48000000,,,-0.64,-0.64,,,,,29538000000,16318000000,0.552,66.54,16318000000,,,,,2.00,,,,184559297,471989,184087669,false,false,12,2018-04-01,2019-03-31,0
2019-05-09,74120,2018-03-31,,48146000000,0.015,,,,,2210000000,0.185,2282000000,0.168,1026000000,,1.798,5.20,5.14,,,,,31802000000,16828000000,0.529,69.31,16828000000,,,,,2.00,,,,184559297,471387,184088281,false,false,12,2017-04-01,2018-03-31,-1
2019-05-09,74120,2020-03-31,,,,,,,,,,,,,,,,,,,,,,,,,,,,,,2.00,,,,,,,false,true,12,2019-04-01,2020-03-31,1
2019-07-31,74120,2020-03-31,1,12544000000,0.014,,,,,-380000000,,-354000000,,,-630000000,,-3.52,,,,,,30039000000,14339000000,0.477,56.07,14339000000,,,,,,,,,,,,true,false,3,2019-04-01,2019-06-30,0
2019-07-31,74120,2019-03-31,1,12365000000,-0.034,,,,,-125000000,,-134000000,,,-329000000,,-1.89,,,,,,,,,,,,,,,,,,,,,,true,false,3,2018-04-01,2018-06-30,-1
2019-07-31,74120,2020-03-31,1,57517000000,0.108,,,,,2692000000,0.683,2666000000,0.635,,775000000,,3.84,,,,,,,,,,,,,,,,,,,,,,true,true,12,2019-04-01,2020-03-31,0
2019-07-31,74120,2019-03-31,1,,,,,,,,,,,,,,,,,,,,29453000000,15385000000,0.522,61.47,15385000000,,,,,,,,,,,,true,false,12,2018-04-01,2019-03-31,-1
2019-07-31,74120,2019-03-31,1,,,,,,,,,,,,,,,,,,,,,,,,,,,,,2.00,,,,184559297,471989,,false,false,12,2018-04-01,2019-03-31,-1
2019-07-31,74120,2020-03-31,1,,,,,,,,,,,,,,,,,,,,,,,,,,,,,2.00,,,,,,,false,true,12,2019-04-01,2020-03-31,0
2019-07-31,74120,2020-03-31,1,,,,,,,,,,,,,,,,,,,,,,,,,,,,,,,,,184559297,472039,184087262,false,false,3,2019-04-01,2019-06-30,0
2019-07-31,74120,2019-03-31,1,,,,,,,,,,,,,,,,,,,,,,,,,,,,,,,,,,,184087851,false,false,3,2018-04-01,2018-06-30,-1
2019-10-31,74120,2020-03-31,2,25819000000,-0.007,,,,,425000000,-0.511,459000000,-0.465,,-546000000,,-3.16,,,,,,29921000000,14419000000,0.482,56.42,14419000000,,,,,,,,,,,,true,false,6,2019-04-01,2019-09-30,0
2019-10-31,74120,2019-03-31,2,25992000000,-0.030,,,,,871000000,-0.124,858000000,-0.165,,256000000,,1.21,,,,,,,,,,,,,,,,,,,,,,true,false,6,2018-04-01,2018-09-30,-1
2019-10-31,74120,2020-03-31,2,52281000000,0.007,,,,,1643000000,0.028,1662000000,0.020,,-524000000,,-3.22,,,,,,,,,,,,,,,,,,,,,,true,true,12,2019-04-01,2020-03-31,0
2019-10-31,74120,2019-03-31,2,,,,,,,,,,,,,,,,,,,,29453000000,15385000000,0.522,61.47,15385000000,,,,,,,,,,,,true,false,12,2018-04-01,2019-03-31,-1
2019-10-31,74120,2019-03-31,2,,,,,,,,,,,,,,,,,,,,,,,,,,,,,2.00,,,,184559297,471989,,false,false,12,2018-04-01,2019-03-31,-1
2019-10-31,74120,2020-03-31,2,,,,,,,,,,,,,,,,,,,,,,,,,,,,,0.00,,,,,,,false,false,12,2019-04-01,2020-03-31,0
2019-10-31,74120,2020-03-31,2,,,,,,,,,,,,,,,,,,,,,,,,,,,,,2.00,,,,,,,false,true,12,2019-04-01,2020-03-31,0
2019-10-31,74120,2020-03-31,2,,,,,,,,,,,,,,,,,,,,,,,,,,,,,,,,,184559297,472139,184087230,false,false,6,2019-04-01,2019-09-30,0
2019-10-31,74120,2019-03-31,2,,,,,,,,,,,,,,,,,,,,,,,,,,,,,,,,,,,184087817,false,false,6,2018-04-01,2018-09-30,-1
2020-01-31,74120,2020-03-31,3,38093000000,-0.019,,,,,196000000,-0.675,236000000,-0.616,,-996000000,,-5.70,,,,,,29258000000,13969000000,0.477,53.88,13969000000,,,,,,,,,,,,true,false,9,2019-04-01,2019-12-31,0
2020-01-31,74120,2019-03-31,3,38839000000,-0.030,,,,,603000000,-0.466,616000000,-0.472,,-87000000,,-0.76,,,,,,,,,,,,,,,,,,,,,,true,false,9,2018-04-01,2018-12-31,-1
2020-01-31,74120,2020-03-31,3,52281000000,0.007,,,,,1643000000,0.028,1662000000,0.020,,-524000000,,-3.22,,,,,,,,,,,,,,,,,,,,,,true,true,12,2019-04-01,2020-03-31,0
2020-01-31,74120,2019-03-31,3,,,,,,,,,,,,,,,,,,,,29453000000,15385000000,0.522,61.47,15385000000,,,,,,,,,,,,true,false,12,2018-04-01,2019-03-31,-1
2020-01-31,74120,2019-03-31,3,,,,,,,,,,,,,,,,,,,,,,,,,,,,,2.00,,,,184559297,471989,,false,false,12,2018-04-01,2019-03-31,-1
2020-01-31,74120,2020-03-31,3,,,,,,,,,,,,,,,,,,,,,,,,,,,,,0.00,,,,,,,false,false,12,2019-04-01,2020-03-31,0
2020-01-31,74120,2020-03-31,3,,,,,,,,,,,,,,,,,,,,,,,,,,,,,2.00,,,,,,,false,true,12,2019-04-01,2020-03-31,0
2020-01-31,74120,2020-03-31,3,,,,,,,,,,,,,,,,,,,,,,,,,,,,,,,,,184559297,472165,184087201,false,false,9,2019-04-01,2019-12-31,0
2020-01-31,74120,2019-03-31,3,,,,,,,,,,,,,,,,,,,,,,,,,,,,,,,,,,,184087755,false,false,9,2018-04-01,2018-12-31,-1
2020-05-22,74120,2020-03-31,,49689000000,-0.043,,,,,1102000000,-0.311,1183000000,-0.274,,-2215000000,,-12.41,,-0.174,0.045,0.022,,26306000000,12756000000,0.485,47.19,12756000000,1821000000,166000000,-1190000000,5642000000,,,,,,,,true,false,12,2019-04-01,2020-03-31,0
2020-05-22,74120,2019-03-31,,51934000000,-0.024,,,,,1599000000,-0.316,1630000000,-0.311,,-362000000,,-2.35,,-0.024,0.055,0.031,,29453000000,15385000000,0.522,61.47,15385000000,1872000000,-986000000,-1788000000,4845000000,,,,,,,,true,false,12,2018-04-01,2019-03-31,-1
2020-05-22,74120,2020-03-31,,45441000000,-0.036,,,,,1404000000,-0.131,1477000000,-0.121,-3532000000,,,-19.56,,,,,,25915000000,12373000000,0.477,45.11,12373000000,,,,,2.00,,,,184559297,472165,184087184,false,false,12,2019-04-01,2020-03-31,0
2020-05-22,74120,2019-03-31,,47151000000,-0.021,,,,,1616000000,-0.269,1680000000,-0.264,-48000000,,,-0.64,,,,,,29538000000,16318000000,0.552,66.54,16318000000,,,,,2.00,,,,184559297,471989,184087669,false,false,12,2018-04-01,2019-03-31,-1
2020-08-07,74120,2021-03-31,1,6072000000,-0.516,,,,,-1593000000,,-1524000000,,,-1113000000,,-6.14,,,,,,26154000000,11215000000,0.429,39.10,11215000000,,,,,,,,,,,,true,false,3,2020-04-01,2020-06-30,0
2020-08-07,74120,2020-03-31,1,12544000000,0.014,,,,,-380000000,,-354000000,,,-630000000,,-3.52,,,,,,,,,,,,,,,,,,,,,,true,false,3,2019-04-01,2019-06-30,-1
2020-08-07,74120,2021-03-31,1,38262000000,-0.230,,,,,396000000,-0.640,453000000,-0.617,,219000000,,0.82,,,,,,,,,,,,,,,,,,,,,,true,true,12,2020-04-01,2021-03-31,0
2020-08-07,74120,2020-03-31,1,,,,,,,,,,,,,,,,,,,,26306000000,12756000000,0.485,47.19,12756000000,,,,,,,,,,,,true,false,12,2019-04-01,2020-03-31,-1
2020-08-07,74120,2020-03-31,1,,,,,,,,,,,,,,,,,,,,,,,,,,,,,2.00,,,,184559297,472165,,false,false,12,2019-04-01,2020-03-31,-1
2020-08-07,74120,2021-03-31,1,,,,,,,,,,,,,,,,,,,,,,,,,,,,,2.00,,,,,,,false,true,12,2020-04-01,2021-03-31,0
2020-08-07,74120,2021-03-31,1,,,,,,,,,,,,,,,,,,,,,,,,,,,,,,,,,184559297,472165,184087132,false,false,3,2020-04-01,2020-06-30,0
2020-08-07,74120,2020-03-31,1,,,,,,,,,,,,,,,,,,,,,,,,,,,,,,,,,,,184087262,false,false,3,2019-04-01,2019-06-30,-1
2020-10-30,74120,2021-03-31,2,14927000000,-0.422,,,,,-1321000000,,-1246000000,,,-984000000,,-5.53,,,,,,27189000000,11348000000,0.417,39.73,11348000000,,,,,,,,,,,,true,false,6,2020-04-01,2020-09-30,0
2020-10-30,74120,2020-03-31,2,25819000000,-0.007,,,,,425000000,-0.511,459000000,-0.465,,-546000000,,-3.16,,,,,,,,,,,,,,,,,,,,,,true,false,6,2019-04-01,2019-09-30,-1
2020-10-30,74120,2021-03-31,2,38262000000,-0.230,,,,,396000000,-0.640,453000000,-0.617,,219000000,,0.82,,,,,,,,,,,,,,,,,,,,,,true,true,12,2020-04-01,2021-03-31,0
2020-10-30,74120,2020-03-31,2,,,,,,,,,,,,,,,,,,,,26306000000,12756000000,0.485,47.19,12756000000,,,,,,,,,,,,true,false,12,2019-04-01,2020-03-31,-1
2020-10-30,74120,2020-03-31,2,,,,,,,,,,,,,,,,,,,,,,,,,,,,,2.00,,,,184559297,472165,,false,false,12,2019-04-01,2020-03-31,-1
2020-10-30,74120,2021-03-31,2,,,,,,,,,,,,,,,,,,,,,,,,,,,,,0.00,,,,,,,false,false,12,2020-04-01,2021-03-31,0
2020-10-30,74120,2021-03-31,2,,,,,,,,,,,,,,,,,,,,,,,,,,,,,2.00,,,,,,,false,true,12,2020-04-01,2021-03-31,0
2020-10-30,74120,2021-03-31,2,,,,,,,,,,,,,,,,,,,,,,,,,,,,,,,,,184559297,472165,184087132,false,false,6,2020-04-01,2020-09-30,0
2020-10-30,74120,2020-03-31,2,,,,,,,,,,,,,,,,,,,,,,,,,,,,,,,,,,,184087230,false,false,6,2019-04-01,2019-09-30,-1
2021-01-29,74120,2021-03-31,3,24428000000,-0.359,,,,,-1280000000,,-1177000000,,,-1257000000,,-7.11,,,,,,27251000000,11067000000,0.406,38.11,11067000000,,,,,,,,,,,,true,false,9,2020-04-01,2020-12-31,0
2021-01-29,74120,2020-03-31,3,38093000000,-0.019,,,,,196000000,-0.675,236000000,-0.616,,-996000000,,-5.70,,,,,,,,,,,,,,,,,,,,,,true,false,9,2019-04-01,2019-12-31,-1
2021-01-29,74120,2021-03-31,3,32300000000,-0.350,,,,,-1480000000,,-1385000000,,,-2240000000,,-12.54,,,,,,,,,,,,,,,,,,,,,,true,true,12,2020-04-01,2021-03-31,0
2021-01-29,74120,2020-03-31,3,,,,,,,,,,,,,,,,,,,,26306000000,12756000000,0.485,47.19,12756000000,,,,,,,,,,,,true,false,12,2019-04-01,2020-03-31,-1
2021-01-29,74120,2020-03-31,3,,,,,,,,,,,,,,,,,,,,,,,,,,,,,2.00,,,,184559297,472165,,false,false,12,2019-04-01,2020-03-31,-1
2021-01-29,74120,2021-03-31,3,,,,,,,,,,,,,,,,,,,,,,,,,,,,,0.00,,,,,,,false,false,12,2020-04-01,2021-03-31,0
2021-01-29,74120,2021-03-31,3,,,,,,,,,,,,,,,,,,,,,,,,,,,,,2.00,,,,,,,false,true,12,2020-04-01,2021-03-31,0
2021-01-29,74120,2021-03-31,3,,,,,,,,,,,,,,,,,,,,,,,,,,,,,,,,,184559297,472165,184087132,false,false,9,2020-04-01,2020-12-31,0
2021-01-29,74120,2020-03-31,3,,,,,,,,,,,,,,,,,,,,,,,,,,,,,,,,,,,184087201,false,false,9,2019-04-01,2019-12-31,-1
2021-04-30,74120,2021-03-31,,32185000000,-0.352,,,,,-1271000000,,-1254000000,,,-1813000000,,-9.99,,-0.172,-0.051,-0.039,,24639000000,10517000000,0.427,37.20,10517000000,-1262000000,116000000,826000000,5322000000,,,,,,,,true,false,12,2020-04-01,2021-03-31,0
2021-04-30,74120,2020-03-31,,49689000000,-0.043,,,,,1102000000,-0.311,1183000000,-0.274,,-2215000000,,-12.41,,-0.174,0.045,0.022,,26306000000,12756000000,0.485,47.19,12756000000,1821000000,166000000,-1190000000,5642000000,,,,,,,,true,false,12,2019-04-01,2020-03-31,-1
2021-04-30,74120,2022-03-31,,37361000000,0.161,,,,,1065000000,,962000000,,,200000000,,0.86,,,,,,,,,,,,,,,,,,,,,,true,true,12,2021-04-01,2022-03-31,1
2021-04-30,74120,2021-03-31,,32170000000,-0.292,,,,,-1364000000,,-1328000000,,-1856000000,,,-10.22,,,,,,24187000000,10090000000,0.417,35.06,10090000000,,,,,2.00,,,,193559297,472165,185299023,false,false,12,2020-04-01,2021-03-31,0
2021-04-30,74120,2020-03-31,,45441000000,-0.036,,,,,1404000000,-0.131,1477000000,-0.121,-3532000000,,,-19.56,,,,,,25915000000,12373000000,0.477,45.11,12373000000,,,,,2.00,,,,184559297,472165,184087184,false,false,12,2019-04-01,2020-03-31,-1
2021-07-30,74120,2022-03-31,1,6805000000,0.121,,,,,-1228000000,,-1222000000,,,-698000000,,-3.66,,,,,,23117000000,9355000000,0.405,37.02,9355000000,,,,,,,,,,,,true,false,3,2021-04-01,2021-06-30,0
2021-07-30,74120,2021-03-31,1,6072000000,-0.516,,,,,-1593000000,,-1524000000,,,-1113000000,,-6.14,,,,,,,,,,,,,,,,,,,,,,true,false,3,2020-04-01,2020-06-30,-1
2021-07-30,74120,2022-03-31,1,37361000000,0.161,,,,,1065000000,,962000000,,,200000000,,0.86,,,,,,,,,,,,,,,,,,,,,,true,true,12,2021-04-01,2022-03-31,0
2021-07-30,74120,2021-03-31,1,,,,,,,,,,,,,,,,,,,,24639000000,10517000000,0.427,34.35,10517000000,,,,,,,,,,,,true,false,12,2020-04-01,2021-03-31,-1
2021-07-30,74120,2022-03-31,1,,,,,,,,,,,,,,,,,,,,,,,,,,,,,,,,,193559297,472265,193087077,false,false,3,2021-04-01,2021-06-30,0
2021-07-30,74120,2021-03-31,1,,,,,,,,,,,,,,,,,,,,,,,,,,,,,,,,,193559297,472165,,false,false,12,2020-04-01,2021-03-31,-1
2021-07-30,74120,2021-03-31,1,,,,,,,,,,,,,,,,,,,,,,,,,,,,,,,,,,,184087132,false,false,3,2020-04-01,2020-06-30,-1
2021-10-29,74120,2022-03-31,2,14066000000,-0.058,,,,,-1279000000,,-1259000000,,,17000000,,0.01,,,,,,24966000000,10082000000,0.404,40.74,10082000000,,,,,,,,,,,,true,false,6,2021-04-01,2021-09-30,0
2021-10-29,74120,2021-03-31,2,14927000000,-0.422,,,,,-1321000000,,-1246000000,,,-984000000,,-5.53,,,,,,,,,,,,,,,,,,,,,,true,false,6,2020-04-01,2020-09-30,-1
2021-10-29,74120,2022-03-31,2,37361000000,0.161,,,,,1065000000,,962000000,,,200000000,,0.86,,,,,,,,,,,,,,,,,,,,,,true,true,12,2021-04-01,2022-03-31,0
2021-10-29,74120,2021-03-31,2,,,,,,,,,,,,,,,,,,,,24639000000,10517000000,0.427,34.35,10517000000,,,,,,,,,,,,true,false,12,2020-04-01,2021-03-31,-1
2021-10-29,74120,2021-03-31,2,,,,,,,,,,,,,,,,,,,,,,,,,,,,,2.00,,,,193559297,472165,,false,false,12,2020-04-01,2021-03-31,-1
2021-10-29,74120,2022-03-31,2,,,,,,,,,,,,,,,,,,,,,,,,,,,,,0.00,,,,,,,false,false,12,2021-04-01,2022-03-31,0
2021-10-29,74120,2022-03-31,2,,,,,,,,,,,,,,,,,,,,,,,,,,,,,,,,,193559297,462315,193089995,false,false,6,2021-04-01,2021-09-30,0
2021-10-29,74120,2021-03-31,2,,,,,,,,,,,,,,,,,,,,,,,,,,,,,,,,,,,184087132,false,false,6,2020-04-01,2020-09-30,-1
2022-01-31,74120,2022-03-31,3,23350000000,-0.044,,,,,-1432000000,,-1412000000,,,-319000000,,-1.79,,,,,,26042000000,9744000000,0.374,38.94,9744000000,,,,,,,,,,,,true,false,9,2021-04-01,2021-12-31,0
2022-01-31,74120,2021-03-31,3,24428000000,-0.359,,,,,-1280000000,,-1177000000,,,-1257000000,,-7.11,,,,,,,,,,,,,,,,,,,,,,true,false,9,2020-04-01,2020-12-31,-1
2022-01-31,74120,2022-03-31,3,37361000000,0.161,,,,,1065000000,,962000000,,,200000000,,0.86,,,,,,,,,,,,,,,,,,,,,,true,true,12,2021-04-01,2022-03-31,0
2022-01-31,74120,2021-03-31,3,,,,,,,,,,,,,,,,,,,,24639000000,10517000000,0.427,34.35,10517000000,,,,,,,,,,,,true,false,12,2020-04-01,2021-03-31,-1
2022-01-31,74120,2021-03-31,3,,,,,,,,,,,,,,,,,,,,,,,,,,,,,2.00,,,,193559297,472165,,false,false,12,2020-04-01,2021-03-31,-1
2022-01-31,74120,2022-03-31,3,,,,,,,,,,,,,,,,,,,,,,,,,,,,,0.00,,,,,,,false,false,12,2021-04-01,2022-03-31,0
2022-01-31,74120,2022-03-31,3,,,,,,,,,,,,,,,,,,,,,,,,,,,,,,,,,193559297,462365,193092318,false,false,9,2021-04-01,2021-12-31,0
2022-01-31,74120,2021-03-31,3,,,,,,,,,,,,,,,,,,,,,,,,,,,,,,,,,,,184087132,false,false,9,2020-04-01,2020-12-31,-1
2022-05-11,74120,2022-03-31,,31098000000,-0.034,,,,,-1367000000,,-1347000000,,,322000000,,1.50,,0.031,-0.056,-0.044,,24276000000,10384000000,0.428,42.21,10384000000,1526000000,884000000,-666000000,7067000000,,,,,,,,true,false,12,2021-04-01,2022-03-31,0
2022-05-11,74120,2021-03-31,,32185000000,-0.352,,,,,-1271000000,,-1254000000,,,-1813000000,,-9.99,,-0.172,-0.051,-0.039,,24639000000,10517000000,0.427,34.35,10517000000,-1262000000,116000000,826000000,5322000000,,,,,,,,true,false,12,2020-04-01,2021-03-31,-1
2022-05-11,74120,2022-03-31,,31076000000,-0.034,,,,,-1474000000,,-976000000,,748000000,,,3.71,,,,,,24276000000,10384000000,0.428,42.21,10384000000,,,,,0.00,,,,193559297,462365,193093456,false,false,12,2021-04-01,2022-03-31,0
2022-05-11,74120,2021-03-31,,32170000000,-0.292,,,,,-1364000000,,-1328000000,,-1856000000,,,-10.22,,,,,,24187000000,10090000000,0.417,35.06,10090000000,,,,,2.00,,,,193559297,472165,185299023,false,false,12,2020-04-01,2021-03-31,-1
2022-05-11,74120,2023-03-31,,39020000000,0.256,,,,,1919000000,,1896000000,,325000000,,-0.565,1.52,,,,,,,,,,,,,,,,,,,,,,false,true,12,2022-04-01,2023-03-31,1
2022-08-01,74120,2023-03-31,1,8387000000,,,,,,-567000000,,-577000000,,-647000000,,,-3.40,,,,,,23989000000,9732000000,0.406,,9732000000,,,,,,,,,193559297,462365,193096932,false,false,3,2022-04-01,2022-06-30,0
2022-08-01,74120,2023-03-31,1,39020000000,0.256,,,,,1919000000,,1896000000,,325000000,,-0.565,1.52,,,,,,,,,,,,,,,,,,,,,,false,true,12,2022-04-01,2023-03-31,0
2022-08-01,74120,2022-03-31,1,,,,,,,,,,,,,,,,,,,,24276000000,10384000000,0.428,,10384000000,,,,,0.00,,,,193559297,462365,,false,false,12,2021-04-01,2022-03-31,-1
2022-08-01,74120,2022-03-31,1,,,,,,,,,,,,,,,,,,,,,,,,,,,,,,,,,,,193087077,false,false,3,2021-04-01,2021-06-30,-1
2022-11-08,74120,2023-03-31,2,16950000000,,,,,,-543000000,,-551000000,,-592000000,,,-3.15,,,,,,24068000000,9793000000,0.407,,9793000000,,,,,,,,,193559297,453465,193099529,false,false,6,2022-04-01,2022-09-30,0
2022-11-08,74120,2023-03-31,2,37822000000,0.217,,,,,1330000000,,1348000000,,43000000,,-0.942,0.05,,,,,,,,,,,,,,,,,,,,,,false,true,12,2022-04-01,2023-03-31,0
2022-11-08,74120,2022-03-31,2,,,,,,,,,,,,,,,,,,,,24276000000,10384000000,0.428,,10384000000,,,,,0.00,,,,193559297,462365,,false,false,12,2021-04-01,2022-03-31,-1
2022-11-08,74120,2023-03-31,2,,,,,,,,,,,,,,,,,,,,,,,,,,,,,0.00,,,,,,,false,false,12,2022-04-01,2023-03-31,0
2022-11-08,74120,2022-03-31,2,,,,,,,,,,,,,,,,,,,,,,,,,,,,,,,,,,,193089995,false,false,6,2021-04-01,2021-09-30,-1
2023-02-08,74120,2023-03-31,3,25842000000,,,,,,-1256000000,,-1322000000,,-1451000000,,,-7.65,,,,,,23687000000,8938000000,0.377,,8938000000,,,,,,,,,193559297,453465,193101638,false,false,9,2022-04-01,2022-12-31,0
2023-02-08,74120,2023-03-31,3,37822000000,,,,,,1330000000,,1348000000,,43000000,,,0.05,,,,,,,,,,,,,,,,,,,,,,false,true,12,2022-04-01,2023-03-31,0
2023-02-08,74120,2022-03-31,3,,,,,,,,,,,,,,,,,,,,24276000000,10384000000,0.428,,10384000000,,,,,0.00,,,,193559297,462365,,false,false,12,2021-04-01,2022-03-31,-1
2023-02-08,74120,2023-03-31,3,,,,,,,,,,,,,,,,,,,,,,,,,,,,,0.00,,,,,,,false,false,12,2022-04-01,2023-03-31,0
2023-02-08,74120,2022-03-31,3,,,,,,,,,,,,,,,,,,,,,,,,,,,,,,,,,,,193092318,false,false,9,2021-04-01,2021-12-31,-1
2023-05-11,74120,2023-03-31,,35239000000,0.134,,,,,-1020000000,,-1134000000,,-2165000000,,,-11.38,,-0.233,-0.048,-0.029,,22528000000,8216000000,0.365,30.98,8216000000,1193000000,-1743000000,-949000000,5568000000,0.00,,,,193559297,453465,193102672,false,false,12,2022-04-01,2023-03-31,0
2023-05-11,74120,2022-03-31,,31076000000,-0.034,,,,,-1474000000,,-976000000,,748000000,,,3.71,,,,,,24276000000,10384000000,0.428,42.21,10384000000,,,,,0.00,,,,193559297,462365,193093456,false,false,12,2021-04-01,2022-03-31,-1
2023-05-11,74120,2024-03-31,,39685000000,0.126,,,,,1781000000,,1781000000,,380000000,,,1.80,,,,,,,,,,,,,,,,,,,,,,false,true,12,2023-04-01,2024-03-31,1
2023-08-09,74120,2024-03-31,1,8943000000,0.066,,,,,-610000000,,-570000000,,-650000000,,,-3.41,,,,,,21077000000,7570000000,0.359,,7570000000,,,,,,,,,193559297,453465,193105832,false,false,3,2023-04-01,2023-06-30,0
2023-08-09,74120,2023-03-31,1,8387000000,,,,,,-567000000,,-577000000,,-647000000,,,-3.40,,,,,,,,,,,,,,,,,,,,,193096932,false,false,3,2022-04-01,2022-06-30,-1
2023-08-09,74120,2024-03-31,1,39685000000,0.126,,,,,1781000000,,1781000000,,380000000,,,1.80,,,,,,,,,,,,,,,,,,,,,,false,true,12,2023-04-01,2024-03-31,0
2023-08-09,74120,2023-03-31,1,,,,,,,,,,,,,,,,,,,,22528000000,8216000000,0.365,,8216000000,,,,,0.00,,,,193559297,453465,,false,false,12,2022-04-01,2023-03-31,-1
2023-11-09,74120,2024-03-31,2,18449000000,0.088,,,,,-172000000,,-112000000,,-580000000,,,-3.09,,,,,,22727000000,7653000000,0.337,,7653000000,,,,,,,,,193559297,443535,193108776,false,false,6,2023-04-01,2023-09-30,0
2023-11-09,74120,2023-03-31,2,16950000000,,,,,,-543000000,,-551000000,,-592000000,,,-3.15,,,,,,,,,,,,,,,,,,,,,193099529,false,false,6,2022-04-01,2022-09-30,-1
2023-11-09,74120,2024-03-31,2,37287000000,0.058,,,,,225000000,,315000000,,-662000000,,,-3.60,,,,,,,,,,,,,,,,,,,,,,false,true,12,2023-04-01,2024-03-31,0
2023-11-09,74120,2023-03-31,2,,,,,,,,,,,,,,,,,,,,22528000000,8216000000,0.365,,8216000000,,,,,0.00,,,,193559297,453465,,false,false,12,2022-04-01,2023-03-31,-1
2023-11-09,74120,2024-03-31,2,,,,,,,,,,,,,,,,,,,,,,,,,,,,,0.00,,,,,,,false,false,12,2023-04-01,2024-03-31,0
2024-02-08,74120,2024-03-31,3,27512000000,0.065,,,,,-704000000,,-636000000,,-1179000000,,,-6.24,,,,,,22131000000,7049000000,0.319,,7049000000,,,,,,,,,193559297,443561,193111112,false,false,9,2023-04-01,2023-12-31,0
2024-02-08,74120,2023-03-31,3,25842000000,,,,,,-1256000000,,-1322000000,,-1451000000,,,-7.65,,,,,,,,,,,,,,,,,,,,,193101638,false,false,9,2022-04-01,2022-12-31,-1
2024-02-08,74120,2024-03-31,3,37287000000,0.058,,,,,225000000,,315000000,,-662000000,,,-3.60,,,,,,,,,,,,,,,,,,,,,,false,true,12,2023-04-01,2024-03-31,0
2024-02-08,74120,2023-03-31,3,,,,,,,,,,,,,,,,,,,,22528000000,8216000000,0.365,,8216000000,,,,,0.00,,,,193559297,453465,,false,false,12,2022-04-01,2023-03-31,-1
2024-02-08,74120,2024-03-31,3,,,,,,,,,,,,,,,,,,,,,,,,,,,,,0.00,,,,,,,false,false,12,2023-04-01,2024-03-31,0
2024-05-09,74120,2024-03-31,,36947000000,0.048,,,,,-65000000,,9000000,,-1470000000,,,-7.79,,-0.196,0.000,-0.002,,20318000000,6763000000,0.333,23.46,6763000000,944000000,-1865000000,1000000,4649000000,0.00,,,,193559297,444666,193112192,false,false,12,2023-04-01,2024-03-31,0
2024-05-09,74120,2023-03-31,,35239000000,0.134,,,,,-1020000000,,-1134000000,,-2165000000,,,-11.38,,-0.233,-0.048,-0.029,,22528000000,8216000000,0.365,30.98,8216000000,1193000000,-1743000000,-949000000,5568000000,0.00,,,,193559297,453465,193102672,false,false,12,2022-04-01,2023-03-31,-1
2024-05-09,74120,2025-03-31,,38957000000,0.054,,,,,1183000000,,1168000000,,31000000,,,-0.01,,,,,,,,,,,,,,,,,,,,,,false,true,12,2024-04-01,2025-03-31,1
2024-08-08,74120,2025-03-31,1,8631000000,-0.035,,,,,-660000000,,-643000000,,-702000000,,,-3.68,,,,,,19037000000,6062000000,0.318,,6062000000,,,,,,,,,193559297,444716,193114590,false,false,3,2024-04-01,2024-06-30,0
2024-08-08,74120,2024-03-31,1,8943000000,0.066,,,,,-610000000,,-570000000,,-650000000,,,-3.41,,,,,,,,,,,,,,,,,,,,,193105832,false,false,3,2023-04-01,2023-06-30,-1
2024-08-08,74120,2025-03-31,1,38957000000,0.054,,,,,1183000000,,1168000000,,31000000,,,-0.01,,,,,,,,,,,,,,,,,,,,,,false,true,12,2024-04-01,2025-03-31,0
2024-08-08,74120,2024-03-31,1,,,,,,,,,,,,,,,,,,,,20318000000,6763000000,0.333,,6763000000,,,,,0.00,,,,193559297,444666,,false,false,12,2023-04-01,2024-03-31,-1
2024-08-13,74120,2025-03-31,1,8631000000,-0.035,,,,,-660000000,,-643000000,,-702000000,,,-3.68,,,,,,19037000000,6062000000,0.318,,6062000000,,,,,,,,,193559297,444716,193114590,false,false,3,2024-04-01,2024-06-30,0
2024-08-13,74120,2024-03-31,1,8943000000,0.066,,,,,-610000000,,-570000000,,-650000000,,,-3.41,,,,,,,,,,,,,,,,,,,,,193105832,false,false,3,2023-04-01,2023-06-30,-1
2024-08-13,74120,2025-03-31,1,38957000000,0.054,,,,,1183000000,,1168000000,,31000000,,,-0.01,,,,,,,,,,,,,,,,,,,,,,false,true,12,2024-04-01,2025-03-31,0
2024-08-13,74120,2024-03-31,1,,,,,,,,,,,,,,,,,,,,20318000000,6763000000,0.333,,6763000000,,,,,0.00,,,,193559297,444666,,false,false,12,2023-04-01,2024-03-31,-1
2024-11-08,74120,2025-03-31,2,18190000000,-0.014,,,,,-330000000,,-317000000,,-515000000,,,-2.75,,,,,,20158000000,6247000000,0.310,,6247000000,,,,,,,,,193559297,433716,193117951,false,false,6,2024-04-01,2024-09-30,0
2024-11-08,74120,2024-03-31,2,18449000000,0.088,,,,,-172000000,,-112000000,,-580000000,,,-3.09,,,,,,,,,,,,,,,,,,,,,193108776,false,false,6,2023-04-01,2023-09-30,-1
2024-11-08,74120,2025-03-31,2,38957000000,0.054,,,,,1183000000,,1168000000,,31000000,,,-0.01,,,,,,,,,,,,,,,,,,,,,,false,true,12,2024-04-01,2025-03-31,0
2024-11-08,74120,2024-03-31,2,,,,,,,,,,,,,,,,,,,,20318000000,6763000000,0.333,,6763000000,,,,,0.00,,,,193559297,444666,,false,false,12,2023-04-01,2024-03-31,-1
2024-11-08,74120,2025-03-31,2,,,,,,,,,,,,,,,,,,,,,,,,,,,,,0.00,,,,,,,false,false,12,2024-04-01,2025-03-31,0
2025-02-07,7412,2025-03-31,3,27156000000,-0.013,,,,,-563000000,,-533000000,,-750000000,,,-4.02,,,,,,19675000000,6013000000,0.306,,6013000000,,,,,,,,,193559297,433742,193120501,false,false,9,2024-04-01,2024-12-31,0
2025-02-07,7412,2024-03-31,3,27512000000,0.065,,,,,-704000000,,-636000000,,-1179000000,,,-6.24,,,,,,,,,,,,,,,,,,,,,193111112,false,false,9,2023-04-01,2023-12-31,-1
2025-02-07,7412,2025-03-31,3,35453000000,-0.040,,,,,-690000000,,-673000000,,65000000,,,0.17,,,,,,,,,,,,,,,,,,,,,,false,true,12,2024-04-01,2025-03-31,0
2025-02-07,7412,2024-03-31,3,,,,,,,,,,,,,,,,,,,,20318000000,6763000000,0.333,,6763000000,,,,,0.00,,,,193559297,444666,,false,false,12,2023-04-01,2024-03-31,-1
2025-02-07,7412,2025-03-31,3,,,,,,,,,,,,,,,,,,,,,,,,,,,,,0.00,,,,,,,false,false,12,2024-04-01,2025-03-31,0
2025-02-14,7412,2025-03-31,3,27156000000,-0.013,,,,,-563000000,,-533000000,,-750000000,,,-4.02,,,,,,19675000000,6013000000,0.306,,6013000000,,,,,,,,,193559297,433742,193120501,false,false,9,2024-04-01,2024-12-31,0
2025-02-14,7412,2024-03-31,3,27512000000,0.065,,,,,-704000000,,-636000000,,-1179000000,,,-6.24,,,,,,,,,,,,,,,,,,,,,193111112,false,false,9,2023-04-01,2023-12-31,-1
2025-02-14,7412,2025-03-31,3,35453000000,-0.040,,,,,-690000000,,-673000000,,65000000,,,0.17,,,,,,,,,,,,,,,,,,,,,,false,true,12,2024-04-01,2025-03-31,0
2025-02-14,7412,2024-03-31,3,,,,,,,,,,,,,,,,,,,,20318000000,6763000000,0.333,,6763000000,,,,,0.00,,,,193559297,444666,,false,false,12,2023-04-01,2024-03-31,-1
2025-02-14,7412,2025-03-31,3,,,,,,,,,,,,,,,,,,,,,,,,,,,,,0.00,,,,,,,false,false,12,2024-04-01,2025-03-31,0
2025-05-09,7412,2025-03-31,,35477000000,-0.040,,,,,-670000000,,-643000000,,530000000,,,2.58,,0.075,-0.033,-0.019,,18989000000,7302000000,0.385,26.25,7302000000,-782000000,3751000000,-914000000,6703000000,0.00,,,,193559297,433882,193121726,false,false,12,2024-04-01,2025-03-31,0
2025-05-09,7412,2024-03-31,,36947000000,0.048,,,,,-65000000,,9000000,,-1470000000,,,-7.79,,-0.196,0.000,-0.002,,20318000000,6763000000,0.333,23.46,6763000000,944000000,-1865000000,1000000,4649000000,0.00,,,,193559297,444666,193112192,false,false,12,2023-04-01,2024-03-31,-1
2025-05-09,7412,2026-03-31,,32481000000,-0.084,,,,,933000000,,870000000,,3000000,,-0.994,-0.15,,,,,,,,,,,,,,,,,,,,,,false,true,12,2025-04-01,2026-03-31,1
2025-08-07,7412,2026-03-31,1,7129000000,-0.174,,,,,-350000000,,-368000000,,-426000000,,,-2.25,,,,,,16735000000,4750000000,0.284,,4750000000,,,,,,,,,193559297,433932,193125403,false,false,3,2025-04-01,2025-06-30,0
2025-08-07,7412,2025-03-31,1,8631000000,-0.035,,,,,-660000000,,-643000000,,-702000000,,,-3.68,,,,,,,,,,,,,,,,,,,,,193114590,false,false,3,2024-04-01,2024-06-30,-1
2025-08-07,7412,2026-03-31,1,32481000000,-0.084,,,,,933000000,,870000000,,3000000,,-0.994,-0.15,,,,,,,,,,,,,,,,,,,,,,false,true,12,2025-04-01,2026-03-31,0
2025-08-07,7412,2025-03-31,1,,,,,,,,,,,,,,,,,,,,18989000000,7302000000,0.385,,7302000000,,,,,0.00,,,,193559297,433882,,false,false,12,2024-04-01,2025-03-31,-1
2025-08-13,7412,2026-03-31,1,7129000000,-0.174,,,,,-350000000,,-368000000,,-426000000,,,-2.25,,,,,,16735000000,4750000000,0.284,,4750000000,,,,,,,,,193559297,433932,193125403,false,false,3,2025-04-01,2025-06-30,0
2025-08-13,7412,2025-03-31,1,8631000000,-0.035,,,,,-660000000,,-643000000,,-702000000,,,-3.68,,,,,,,,,,,,,,,,,,,,,193114590,false,false,3,2024-04-01,2024-06-30,-1
2025-08-13,7412,2026-03-31,1,32481000000,-0.084,,,,,933000000,,870000000,,3000000,,-0.994,-0.15,,,,,,,,,,,,,,,,,,,,,,false,true,12,2025-04-01,2026-03-31,0
2025-08-13,7412,2025-03-31,1,,,,,,,,,,,,,,,,,,,,18989000000,7302000000,0.385,,7302000000,,,,,0.00,,,,193559297,433882,,false,false,12,2024-04-01,2025-03-31,-1
