filing_date,code,fiscal_year_end,quarterly_period,net_sales,net_sales_change,revenue,revenue_change,operating_revenue,operating_revenue_change,operating_profit,operating_profit_change,ordinary_profit,ordinary_profit_change,net_income,net_income_of_parent,net_income_change,eps,diluted_eps,roe,roa,operating_profit_to_net_sales,operating_profit_to_revenue,total_assets,net_assets,equity_ratio,bps,owner_equity,operating_cash_flow,investing_cash_flow,financing_cash_flow,cash,dividend_per_share,payout_ratio,commemorative_dividend,extra_dividend,number_of_shares,number_of_treqsury_shares,avg_number_of_shares,is_consolidated,is_forecast,duration,period_start,period_end,period_pos
2015-05-07,74190,2015-03-31,,244067000000,0.118,,,,,6472000000,0.060,6736000000,-0.117,3583000000,,-0.185,151.44,146.11,0.110,0.041,0.027,,236104000000,34357000000,0.143,1433.41,33865000000,6932000000,-47281000000,43682000000,10413000000,,0.198,,,,,,true,false,12,2014-04-01,2015-03-31,0
2015-05-07,74190,2014-03-31,,218402000000,0.092,,,,,6105000000,1.949,7632000000,1.192,4394000000,,1.378,213.52,212.07,0.159,0.092,0.028,,94650000000,31530000000,0.331,1326.70,31357000000,3134000000,-8858000000,7658000000,7059000000,,0.112,,,,,,true,false,12,2013-04-01,2014-03-31,-1
2015-05-07,74190,2016-03-31,,214000000000,3.103,,,,,3500000000,1.097,3800000000,0.850,,3050000000,,64.55,,,,,,,,,,,,,,,,,,,,,,true,true,6,2015-04-01,2015-09-30,1
2015-05-07,74190,2016-03-31,,452000000000,0.852,,,,,11000000000,0.700,11500000000,0.707,,9150000000,,193.64,,,,,,,,,,,,,,,,0.093,,,,,,true,true,12,2015-04-01,2016-03-31,1
2015-05-07,74190,2015-03-31,,195664000000,-0.073,,,,,4699000000,-0.186,6497000000,-0.110,3629000000,,-0.139,153.38,147.98,,,,,104980000000,33690000000,0.319,1419.44,33535000000,,,,,30.00,,,,24182408,556459,23663993,false,false,12,2014-04-01,2015-03-31,0
2015-05-07,74190,2014-03-31,,210982000000,0.075,,,,,5775000000,2.060,7305000000,1.210,4216000000,,1.416,204.85,203.46,,,,,90320000000,30983000000,0.341,1303.58,30811000000,,,,,24.00,,,,24182408,546270,20582004,false,false,12,2013-04-01,2014-03-31,-1
2015-05-07,74190,2016-03-31,,,,,,,,,,,,,,,,,,,,,,,,,,,,,,18.00,,,,,,,false,true,12,2015-04-01,2016-03-31,1
2015-05-07,74190,2015-03-31,,244067000000,0.118,,,,,6472000000,0.060,6736000000,-0.117,3578000000,,-0.186,151.23,145.91,0.110,0.041,0.027,,236104000000,34357000000,0.143,1433.41,33865000000,6932000000,-47281000000,43682000000,10413000000,,0.198,,,,,,true,false,12,2014-04-01,2015-03-31,0
2015-05-07,74190,2014-03-31,,218402000000,0.092,,,,,6105000000,1.949,7632000000,1.192,4394000000,,1.378,213.52,212.07,0.159,0.092,0.028,,94650000000,31530000000,0.331,1326.70,31357000000,3134000000,-8858000000,7658000000,7059000000,,0.112,,,,,,true,false,12,2013-04-01,2014-03-31,-1
2015-05-07,74190,2016-03-31,,214000000000,3.103,,,,,3500000000,1.097,3800000000,0.850,,3050000000,,64.55,,,,,,,,,,,,,,,,,,,,,,true,true,6,2015-04-01,2015-09-30,1
2015-05-07,74190,2016-03-31,,452000000000,0.852,,,,,11000000000,0.700,11500000000,0.707,,9150000000,,193.64,,,,,,,,,,,,,,,,0.093,,,,,,true,true,12,2015-04-01,2016-03-31,1
2015-05-07,74190,2015-03-31,,195664000000,-0.073,,,,,4699000000,-0.186,6497000000,-0.110,3624000000,,-0.140,153.17,147.78,,,,,104980000000,33690000000,0.319,1419.44,33535000000,,,,,30.00,,,,24182408,556459,23663993,false,false,12,2014-04-01,2015-03-31,0
2015-05-07,74190,2014-03-31,,210982000000,0.075,,,,,5775000000,2.060,7305000000,1.210,4216000000,,1.416,204.85,203.46,,,,,90320000000,30983000000,0.341,1303.58,30811000000,,,,,24.00,,,,24182408,546270,20582004,false,false,12,2013-04-01,2014-03-31,-1
2015-05-07,74190,2016-03-31,,,,,,,,,,,,,,,,,,,,,,,,,,,,,,18.00,,,,,,,false,true,12,2015-04-01,2016-03-31,1
2015-08-04,74190,2016-03-31,1,98868000000,1.114,,,,,1540000000,,1655000000,6.222,,1390000000,,29.34,27.51,,,,,217738000000,35225000000,0.161,737.81,35079000000,,,,,,,,,,,,true,false,3,2015-04-01,2015-06-30,0
2015-08-04,74190,2015-03-31,1,46775000000,-0.029,,,,,-181000000,,229000000,-0.810,,137000000,,2.91,2.90,,,,,,,,,,,,,,,,,,,,,true,false,3,2014-04-01,2014-06-30,-1
2015-08-04,74190,2016-03-31,1,214000000000,1.102,,,,,4700000000,2.025,4800000000,1.100,,3650000000,,77.01,,,,,,,,,,,,,,,,,,,,,,true,true,6,2015-04-01,2015-09-30,0
2015-08-04,74190,2016-03-31,1,452000000000,0.852,,,,,12200000000,0.885,12500000000,0.856,,9750000000,,205.72,,,,,,,,,,,,,,,,,,,,,,true,true,12,2015-04-01,2016-03-31,0
2015-08-04,74190,2015-03-31,1,,,,,,,,,,,,,,,,,,,,236104000000,34357000000,0.143,716.71,33865000000,,,,,,,,,,,,true,false,12,2014-04-01,2015-03-31,-1
2015-08-04,74190,2015-03-31,1,,,,,,,,,,,,,,,,,,,,,,,,,,,,,30.00,,,,48364816,1112918,,false,false,12,2014-04-01,2015-03-31,-1
2015-08-04,74190,2016-03-31,1,,,,,,,,,,,,,,,,,,,,,,,,,,,,,18.00,,,,,,,false,true,12,2015-04-01,2016-03-31,0
2015-08-04,74190,2016-03-31,1,,,,,,,,,,,,,,,,,,,,,,,,,,,,,,,,,48364816,819652,47393747,false,false,3,2015-04-01,2015-06-30,0
2015-08-04,74190,2015-03-31,1,,,,,,,,,,,,,,,,,,,,,,,,,,,,,,,,,,,47284629,false,false,3,2014-04-01,2014-06-30,-1
2015-10-27,74190,2016-03-31,,213000000000,-0.005,,,,,5800000000,0.234,6100000000,0.271,4450000000,,0.219,93.32,,,,,,,,,,,,,,,,,,,,,,true,true,6,2015-04-01,2015-09-30,0
2015-10-27,74190,2015-03-31,,101814000000,,,,,,1553000000,,2285000000,,1472000000,,,31.14,,,,,,,,,,,,,,,,,,,,,,true,false,6,2014-04-01,2014-09-30,-1
2015-11-04,74190,2016-03-31,2,213027000000,1.092,,,,,5864000000,2.774,6111000000,1.674,,4538000000,,95.44,89.70,,,,,219669000000,38451000000,0.174,800.38,38309000000,,,,,,,,,,,,true,false,6,2015-04-01,2015-09-30,0
2015-11-04,74190,2015-03-31,2,101814000000,0.015,,,,,1553000000,-0.376,2285000000,-0.300,,1472000000,,31.14,31.01,,,,,,,,,,,,,,,,,,,,,true,false,6,2014-04-01,2014-09-30,-1
2015-11-04,74190,2016-03-31,2,451000000000,0.848,,,,,13300000000,1.055,13800000000,1.049,,10600000000,,222.92,,,,,,,,,,,,,,,,,,,,,,true,true,12,2015-04-01,2016-03-31,0
2015-11-04,74190,2015-03-31,2,,,,,,,,,,,,,,,,,,,,236104000000,34357000000,0.143,716.71,33865000000,,,,,,,,,,,,true,false,12,2014-04-01,2015-03-31,-1
2015-11-04,74190,2015-03-31,2,,,,,,,,,,,,,,,,,,,,,,,,,,,,,30.00,,,,48364816,1112918,,false,false,12,2014-04-01,2015-03-31,-1
2015-11-04,74190,2016-03-31,2,,,,,,,,,,,,,,,,,,,,,,,,,,,,,10.00,,,,,,,false,false,12,2015-04-01,2016-03-31,0
2015-11-04,74190,2016-03-31,2,,,,,,,,,,,,,,,,,,,,,,,,,,,,,20.00,,,,,,,false,true,12,2015-04-01,2016-03-31,0
2015-11-04,74190,2016-03-31,2,,,,,,,,,,,,,,,,,,,,,,,,,,,,,,,,,48364816,500991,47551651,false,false,6,2015-04-01,2015-09-30,0
2015-11-04,74190,2015-03-31,2,,,,,,,,,,,,,,,,,,,,,,,,,,,,,,,,,,,47290174,false,false,6,2014-04-01,2014-09-30,-1
2016-02-02,74190,2016-03-31,3,332243000000,1.096,,,,,9848000000,1.790,10252000000,1.206,,7361000000,,154.33,145.34,,,,,231084000000,40999000000,0.177,848.25,40831000000,,,,,,,,,,,,true,false,9,2015-04-01,2015-12-31,0
2016-02-02,74190,2015-03-31,3,158511000000,0.028,,,,,3529000000,-0.108,4647000000,-0.104,,2535000000,,53.61,52.99,,,,,,,,,,,,,,,,,,,,,true,false,9,2014-04-01,2014-12-31,-1
2016-02-02,74190,2016-03-31,3,451000000000,0.848,,,,,13300000000,1.055,13800000000,1.049,,10600000000,,222.23,,,,,,,,,,,,,,,,,,,,,,true,true,12,2015-04-01,2016-03-31,0
2016-02-02,74190,2015-03-31,3,,,,,,,,,,,,,,,,,,,,236104000000,34357000000,0.143,716.71,33865000000,,,,,,,,,,,,true,false,12,2014-04-01,2015-03-31,-1
2016-02-02,74190,2015-03-31,3,,,,,,,,,,,,,,,,,,,,,,,,,,,,,30.00,,,,48364816,1112918,,false,false,12,2014-04-01,2015-03-31,-1
2016-02-02,74190,2016-03-31,3,,,,,,,,,,,,,,,,,,,,,,,,,,,,,10.00,,,,,,,false,false,12,2015-04-01,2016-03-31,0
2016-02-02,74190,2016-03-31,3,,,,,,,,,,,,,,,,,,,,,,,,,,,,,20.00,,,,,,,false,true,12,2015-04-01,2016-03-31,0
2016-02-02,74190,2016-03-31,3,,,,,,,,,,,,,,,,,,,,,,,,,,,,,,,,,48542016,405739,47697974,false,false,9,2015-04-01,2015-12-31,0
2016-02-02,74190,2015-03-31,3,,,,,,,,,,,,,,,,,,,,,,,,,,,,,,,,,,,47300847,false,false,9,2014-04-01,2014-12-31,-1
2016-04-26,74190,2016-03-31,,454700000000,0.008,,,,,14500000000,0.090,14800000000,0.072,12900000000,,0.217,269.77,,,,,,,,,,,,,,,,,,,,,,true,true,12,2015-04-01,2016-03-31,0
2016-04-26,74190,2015-03-31,,244067000000,,,,,,6472000000,,6736000000,,3578000000,,,75.61,,,,,,,,,,,,,,,,,,,,,,true,false,12,2014-04-01,2015-03-31,-1
2016-05-10,74190,2016-03-31,,454842000000,0.864,,,,,14593000000,1.255,14892000000,1.211,,13226000000,,276.59,260.40,0.329,0.063,0.032,,233434000000,46844000000,0.200,965.97,46646000000,21496000000,-5921000000,-13186000000,12765000000,,0.080,,,,,,true,false,12,2015-04-01,2016-03-31,0
2016-05-10,74190,2015-03-31,,244067000000,0.118,,,,,6472000000,0.060,6736000000,-0.117,,3578000000,,75.61,72.95,0.110,0.041,0.027,,236104000000,34357000000,0.143,716.71,33865000000,6932000000,-47281000000,43682000000,10413000000,,0.198,,,,,,true,false,12,2014-04-01,2015-03-31,-1
2016-05-10,74190,2017-03-31,,216900000000,0.018,,,,,6550000000,0.117,6800000000,0.113,,4000000000,,82.83,,,,,,,,,,,,,,,,,,,,,,true,true,6,2016-04-01,2016-09-30,1
2016-05-10,74190,2017-03-31,,458500000000,0.008,,,,,16000000000,0.096,16500000000,0.108,,10200000000,,211.22,,,,,,,,,,,,,,,,0.114,,,,,,true,true,12,2016-04-01,2017-03-31,1
2016-05-10,74190,2016-03-31,,204412000000,0.045,,,,,8964000000,0.907,10548000000,0.623,6222000000,,0.717,130.13,122.51,,,,,106970000000,39587000000,0.368,815.69,39389000000,,,,,22.00,,,,48646816,356341,47817706,false,false,12,2015-04-01,2016-03-31,0
2016-05-10,74190,2015-03-31,,195664000000,-0.073,,,,,4699000000,-0.186,6497000000,-0.110,3624000000,,-0.140,76.58,73.89,,,,,104980000000,33690000000,0.319,709.72,33535000000,,,,,30.00,,,,48364816,1112918,47327986,false,false,12,2014-04-01,2015-03-31,-1
2016-05-10,74190,2017-03-31,,,,,,,,,,,,,,,,,,,,,,,,,,,,,,24.00,,,,,,,false,true,12,2016-04-01,2017-03-31,1
2016-08-02,74190,2017-03-31,1,96212000000,-0.027,,,,,1370000000,-0.110,1599000000,-0.034,,908000000,,18.80,17.92,,,,,215156000000,47354000000,0.219,972.03,47133000000,,,,,,,,,,,,true,false,3,2016-04-01,2016-06-30,0
2016-08-02,74190,2016-03-31,1,98868000000,1.114,,,,,1540000000,,1655000000,6.222,,1390000000,,29.34,27.51,,,,,,,,,,,,,,,,,,,,,true,false,3,2015-04-01,2015-06-30,-1
2016-08-02,74190,2017-03-31,1,216900000000,0.018,,,,,6550000000,0.117,6800000000,0.113,,4000000000,,82.49,,,,,,,,,,,,,,,,,,,,,,true,true,6,2016-04-01,2016-09-30,0
2016-08-02,74190,2017-03-31,1,458500000000,0.008,,,,,16000000000,0.096,16500000000,0.108,,10200000000,,210.35,,,,,,,,,,,,,,,,,,,,,,true,true,12,2016-04-01,2017-03-31,0
2016-08-02,74190,2016-03-31,1,,,,,,,,,,,,,,,,,,,,233434000000,46844000000,0.200,965.97,46646000000,,,,,,,,,,,,true,false,12,2015-04-01,2016-03-31,-1
2016-08-02,74190,2016-03-31,1,,,,,,,,,,,,,,,,,,,,,,,,,,,,,22.00,,,,48646816,356341,,false,false,12,2015-04-01,2016-03-31,-1
2016-08-02,74190,2017-03-31,1,,,,,,,,,,,,,,,,,,,,,,,,,,,,,24.00,,,,,,,false,true,12,2016-04-01,2017-03-31,0
2016-08-02,74190,2017-03-31,1,,,,,,,,,,,,,,,,,,,,,,,,,,,,,,,,,48790416,300921,48335004,false,false,3,2016-04-01,2016-06-30,0
2016-08-02,74190,2016-03-31,1,,,,,,,,,,,,,,,,,,,,,,,,,,,,,,,,,,,47393747,false,false,3,2015-04-01,2015-06-30,-1
2016-11-08,74190,2017-03-31,2,204140000000,-0.042,,,,,5585000000,-0.048,5897000000,-0.035,,3641000000,,75.12,71.63,,,,,212178000000,50235000000,0.236,1022.85,49977000000,,,,,,,,,,,,true,false,6,2016-04-01,2016-09-30,0
2016-11-08,74190,2016-03-31,2,213027000000,1.092,,,,,5864000000,2.774,6111000000,1.674,,4538000000,,95.44,89.70,,,,,,,,,,,,,,,,,,,,,true,false,6,2015-04-01,2015-09-30,-1
2016-11-08,74190,2017-03-31,2,458500000000,0.008,,,,,16000000000,0.096,16500000000,0.108,,10200000000,,208.76,,,,,,,,,,,,,,,,,,,,,,true,true,12,2016-04-01,2017-03-31,0
2016-11-08,74190,2016-03-31,2,,,,,,,,,,,,,,,,,,,,233434000000,46844000000,0.200,965.97,46646000000,,,,,,,,,,,,true,false,12,2015-04-01,2016-03-31,-1
2016-11-08,74190,2016-03-31,2,,,,,,,,,,,,,,,,,,,,,,,,,,,,,22.00,,,,48646816,356341,,false,false,12,2015-04-01,2016-03-31,-1
2016-11-08,74190,2017-03-31,2,,,,,,,,,,,,,,,,,,,,,,,,,,,,,12.00,,,,,,,false,false,12,2016-04-01,2017-03-31,0
2016-11-08,74190,2017-03-31,2,,,,,,,,,,,,,,,,,,,,,,,,,,,,,24.00,,,,,,,false,true,12,2016-04-01,2017-03-31,0
2016-11-08,74190,2017-03-31,2,,,,,,,,,,,,,,,,,,,,,,,,,,,,,,,,,49115816,255427,48479324,false,false,6,2016-04-01,2016-09-30,0
2016-11-08,74190,2016-03-31,2,,,,,,,,,,,,,,,,,,,,,,,,,,,,,,,,,,,47551651,false,false,6,2015-04-01,2015-09-30,-1
2017-01-31,74190,2017-03-31,3,318298000000,-0.042,,,,,9499000000,-0.035,10096000000,-0.015,,6390000000,,131.41,125.52,,,,,221851000000,52706000000,0.236,1066.37,52380000000,,,,,,,,,,,,true,false,9,2016-04-01,2016-12-31,0
2017-01-31,74190,2016-03-31,3,332243000000,1.096,,,,,9848000000,1.790,10252000000,1.206,,7361000000,,154.33,145.34,,,,,,,,,,,,,,,,,,,,,true,false,9,2015-04-01,2015-12-31,-1
2017-01-31,74190,2017-03-31,3,458500000000,0.008,,,,,16000000000,0.096,16500000000,0.108,,10200000000,,207.65,,,,,,,,,,,,,,,,,,,,,,true,true,12,2016-04-01,2017-03-31,0
2017-01-31,74190,2016-03-31,3,,,,,,,,,,,,,,,,,,,,233434000000,46844000000,0.200,965.97,46646000000,,,,,,,,,,,,true,false,12,2015-04-01,2016-03-31,-1
2017-01-31,74190,2016-03-31,3,,,,,,,,,,,,,,,,,,,,,,,,,,,,,22.00,,,,48646816,356341,,false,false,12,2015-04-01,2016-03-31,-1
2017-01-31,74190,2017-03-31,3,,,,,,,,,,,,,,,,,,,,,,,,,,,,,12.00,,,,,,,false,false,12,2016-04-01,2017-03-31,0
2017-01-31,74190,2017-03-31,3,,,,,,,,,,,,,,,,,,,,,,,,,,,,,24.00,,,,,,,false,true,12,2016-04-01,2017-03-31,0
2017-01-31,74190,2017-03-31,3,,,,,,,,,,,,,,,,,,,,,,,,,,,,,,,,,49304016,183927,48630895,false,false,9,2016-04-01,2016-12-31,0
2017-01-31,74190,2016-03-31,3,,,,,,,,,,,,,,,,,,,,,,,,,,,,,,,,,,,47697974,false,false,9,2015-04-01,2015-12-31,-1
2017-05-09,74190,2017-03-31,,432064000000,-0.050,,,,,15091000000,0.034,15479000000,0.039,,10158000000,,208.28,199.27,0.197,0.065,0.035,,245467000000,56855000000,0.230,1143.23,56466000000,20393000000,-30616000000,3734000000,6275000000,,0.120,,,,,,true,false,12,2016-04-01,2017-03-31,0
2017-05-09,74190,2016-03-31,,454842000000,0.864,,,,,14593000000,1.255,14892000000,1.211,,13226000000,,276.59,260.40,0.329,0.063,0.032,,233434000000,46844000000,0.200,965.97,46646000000,21496000000,-5921000000,-13186000000,12765000000,,0.080,,,,,,true,false,12,2015-04-01,2016-03-31,-1
2017-05-09,74190,2018-03-31,,230300000000,0.128,,,,,6150000000,0.101,6550000000,0.111,,3800000000,,76.93,,,,,,,,,,,,,,,,,,,,,,true,true,6,2017-04-01,2017-09-30,1
2017-05-09,74190,2018-03-31,,484000000000,0.120,,,,,15700000000,0.040,16500000000,0.066,,10200000000,,206.51,,,,,,,,,,,,,,,,0.126,,,,,,true,true,12,2017-04-01,2018-03-31,1
2017-05-09,74190,2017-03-31,,205738000000,0.006,,,,,11149000000,0.244,12819000000,0.215,8947000000,,0.438,183.46,175.52,,,,,135638000000,48168000000,0.352,967.34,47779000000,,,,,25.00,,,,49534816,142417,48772193,false,false,12,2016-04-01,2017-03-31,0
2017-05-09,74190,2016-03-31,,204412000000,0.045,,,,,8964000000,0.907,10548000000,0.623,6222000000,,0.717,130.13,122.51,,,,,106970000000,39587000000,0.368,815.69,39389000000,,,,,22.00,,,,48646816,356341,47817706,false,false,12,2015-04-01,2016-03-31,-1
2017-05-09,74190,2018-03-31,,,,,,,,,,,,,,,,,,,,,,,,,,,,,,26.00,,,,,,,false,true,12,2017-04-01,2018-03-31,1
2017-08-08,74190,2018-03-31,1,112483000000,0.169,,,,,2586000000,0.888,2824000000,0.766,,2142000000,,43.49,42.03,,,,,244047000000,57634000000,0.234,1164.64,57100000000,,,,,,,,,,,,true,false,3,2017-04-01,2017-06-30,0
2017-08-08,74190,2017-03-31,1,96212000000,-0.027,,,,,1370000000,-0.110,1599000000,-0.034,,908000000,,18.80,17.92,,,,,,,,,,,,,,,,,,,,,true,false,3,2016-04-01,2016-06-30,-1
2017-08-08,74190,2018-03-31,1,230300000000,0.128,,,,,6150000000,0.101,6550000000,0.111,,3800000000,,77.51,,,,,,,,,,,,,,,,,,,,,,true,true,6,2017-04-01,2017-09-30,0
2017-08-08,74190,2018-03-31,1,484000000000,0.120,,,,,15700000000,0.040,16500000000,0.066,,10200000000,,208.04,,,,,,,,,,,,,,,,,,,,,,true,true,12,2017-04-01,2018-03-31,0
2017-08-08,74190,2017-03-31,1,,,,,,,,,,,,,,,,,,,,245467000000,56855000000,0.230,1143.23,56466000000,,,,,,,,,,,,true,false,12,2016-04-01,2017-03-31,-1
2017-08-08,74190,2017-03-31,1,,,,,,,,,,,,,,,,,,,,,,,,,,,,,25.00,,,,49534816,142417,,false,false,12,2016-04-01,2017-03-31,-1
2017-08-08,74190,2018-03-31,1,,,,,,,,,,,,,,,,,,,,,,,,,,,,,26.00,,,,,,,false,true,12,2017-04-01,2018-03-31,0
2017-08-08,74190,2018-03-31,1,,,,,,,,,,,,,,,,,,,,,,,,,,,,,,,,,49728216,699929,49265572,false,false,3,2017-04-01,2017-06-30,0
2017-08-08,74190,2017-03-31,1,,,,,,,,,,,,,,,,,,,,,,,,,,,,,,,,,,,48335004,false,false,3,2016-04-01,2016-06-30,-1
2017-10-31,74190,2018-03-31,,234000000000,0.016,,,,,7400000000,0.203,7900000000,0.206,,4300000000,,86.61,,,,,,,,,,,,,,,,,,,,,,true,true,6,2017-04-01,2017-09-30,0
2017-10-31,74190,2017-03-31,,204140000000,,,,,,5585000000,,5897000000,,,3641000000,,75.12,,,,,,,,,,,,,,,,,,,,,,true,false,6,2016-04-01,2016-09-30,-1
2017-10-31,74190,2018-03-31,,488000000000,0.008,,,,,16600000000,0.057,17500000000,0.061,,10800000000,,217.54,,,,,,,,,,,,,,,,,,,,,,true,true,12,2017-04-01,2018-03-31,0
2017-10-31,74190,2017-03-31,,432064000000,,,,,,15091000000,,15479000000,,,10158000000,,208.28,,,,,,,,,,,,,,,,,,,,,,true,false,12,2016-04-01,2017-03-31,-1
2017-10-31,74190,2018-03-31,,,,,,,,,,,,,,,,,,,,,,,,,,,,,,30.00,,,,,,,false,true,12,2017-04-01,2018-03-31,0
2017-10-31,74190,2018-03-31,,,,,,,,,,,,,,,,,,,,,,,,,,,,,,15.00,,,,,,,false,false,12,2017-04-01,2018-03-31,0
2017-10-31,74190,2017-03-31,,,,,,,,,,,,,,,,,,,,,,,,,,,,,,25.00,,,,,,,false,false,12,2016-04-01,2017-03-31,-1
2017-11-07,74190,2018-03-31,2,234140000000,0.147,,,,,7469000000,0.337,7987000000,0.354,,4384000000,,89.15,86.04,,,,,239586000000,60018000000,0.248,1197.42,59446000000,,,,,,,,,,,,true,false,6,2017-04-01,2017-09-30,0
2017-11-07,74190,2017-03-31,2,204140000000,-0.042,,,,,5585000000,-0.048,5897000000,-0.035,,3641000000,,75.12,71.63,,,,,,,,,,,,,,,,,,,,,true,false,6,2016-04-01,2016-09-30,-1
2017-11-07,74190,2018-03-31,2,488000000000,0.129,,,,,16600000000,0.100,17500000000,0.131,,10800000000,,217.54,,,,,,,,,,,,,,,,,,,,,,true,true,12,2017-04-01,2018-03-31,0
2017-11-07,74190,2017-03-31,2,,,,,,,,,,,,,,,,,,,,245467000000,56855000000,0.230,1143.23,56466000000,,,,,,,,,,,,true,false,12,2016-04-01,2017-03-31,-1
2017-11-07,74190,2017-03-31,2,,,,,,,,,,,,,,,,,,,,,,,,,,,,,25.00,,,,49534816,142417,,false,false,12,2016-04-01,2017-03-31,-1
2017-11-07,74190,2018-03-31,2,,,,,,,,,,,,,,,,,,,,,,,,,,,,,15.00,,,,,,,false,false,12,2017-04-01,2018-03-31,0
2017-11-07,74190,2018-03-31,2,,,,,,,,,,,,,,,,,,,,,,,,,,,,,30.00,,,,,,,false,true,12,2017-04-01,2018-03-31,0
2017-11-07,74190,2018-03-31,2,,,,,,,,,,,,,,,,,,,,,,,,,,,,,,,,,50464416,818967,49178217,false,false,6,2017-04-01,2017-09-30,0
2017-11-07,74190,2017-03-31,2,,,,,,,,,,,,,,,,,,,,,,,,,,,,,,,,,,,48479324,false,false,6,2016-04-01,2016-09-30,-1
2018-01-31,74190,2018-03-31,3,368276000000,0.157,,,,,12637000000,0.330,13547000000,0.342,,8528000000,,172.78,163.66,,,,,261585000000,63759000000,0.241,1262.86,63059000000,,,,,,,,,,,,true,false,9,2017-04-01,2017-12-31,0
2018-01-31,74190,2017-03-31,3,318298000000,-0.042,,,,,9499000000,-0.035,10096000000,-0.015,,6390000000,,131.41,125.52,,,,,,,,,,,,,,,,,,,,,true,false,9,2016-04-01,2016-12-31,-1
2018-01-31,74190,2018-03-31,3,488000000000,0.129,,,,,16600000000,0.100,17500000000,0.131,,10800000000,,216.28,,,,,,,,,,,,,,,,,,,,,,true,true,12,2017-04-01,2018-03-31,0
2018-01-31,74190,2017-03-31,3,,,,,,,,,,,,,,,,,,,,245467000000,56855000000,0.230,1143.23,56466000000,,,,,,,,,,,,true,false,12,2016-04-01,2017-03-31,-1
2018-01-31,74190,2017-03-31,3,,,,,,,,,,,,,,,,,,,,,,,,,,,,,25.00,,,,49534816,142417,,false,false,12,2016-04-01,2017-03-31,-1
2018-01-31,74190,2018-03-31,3,,,,,,,,,,,,,,,,,,,,,,,,,,,,,15.00,,,,,,,false,false,12,2017-04-01,2018-03-31,0
2018-01-31,74190,2018-03-31,3,,,,,,,,,,,,,,,,,,,,,,,,,,,,,30.00,,,,,,,false,true,12,2017-04-01,2018-03-31,0
2018-01-31,74190,2018-03-31,3,,,,,,,,,,,,,,,,,,,,,,,,,,,,,,,,,50714216,780067,49357537,false,false,9,2017-04-01,2017-12-31,0
2018-01-31,74190,2017-03-31,3,,,,,,,,,,,,,,,,,,,,,,,,,,,,,,,,,,,48630895,false,false,9,2016-04-01,2016-12-31,-1
2018-05-01,74190,2018-03-31,,501800000000,0.028,,,,,17000000000,0.024,17900000000,0.023,,13600000000,,272.10,,,,,,,,,,,,,,,,,,,,,,true,true,12,2017-04-01,2018-03-31,0
2018-05-01,74190,2017-03-31,,432064000000,,,,,,15091000000,,15479000000,,,10158000000,,208.28,,,,,,,,,,,,,,,,,,,,,,true,false,12,2016-04-01,2017-03-31,-1
2018-05-08,74190,2018-03-31,,501890000000,0.162,,,,,17044000000,0.129,17935000000,0.159,,13634000000,,275.42,263.89,0.219,0.071,0.034,,260291000000,69019000000,0.262,1364.45,68196000000,25582000000,-1718000000,-19075000000,10963000000,,0.113,,,,,,true,false,12,2017-04-01,2018-03-31,0
2018-05-08,74190,2017-03-31,,432064000000,-0.050,,,,,15091000000,0.034,15479000000,0.039,,10158000000,,208.28,199.27,0.197,0.065,0.035,,245467000000,56855000000,0.230,1143.23,56466000000,20393000000,-30616000000,3734000000,6275000000,,0.120,,,,,,true,false,12,2016-04-01,2017-03-31,-1
2018-05-08,74190,2019-03-31,,241800000000,0.033,,,,,7300000000,-0.023,8000000000,0.002,,6000000000,,120.04,,,,,,,,,,,,,,,,,,,,,,true,true,6,2018-04-01,2018-09-30,1
2018-05-08,74190,2019-03-31,,515600000000,0.027,,,,,17900000000,0.050,19000000000,0.059,,14000000000,,280.10,,,,,,,,,,,,,,,,0.114,,,,,,true,true,12,2018-04-01,2019-03-31,1
2018-05-08,74190,2018-03-31,,218969000000,0.064,,,,,11193000000,0.004,13512000000,0.054,10777000000,,0.204,217.71,208.59,,,,,142829000000,57360000000,0.396,1131.90,56574000000,,,,,31.00,,,,50841016,859599,49503290,false,false,12,2017-04-01,2018-03-31,0
2018-05-08,74190,2017-03-31,,205738000000,0.006,,,,,11149000000,0.244,12819000000,0.215,8947000000,,0.438,183.46,175.52,,,,,135638000000,48168000000,0.352,967.34,47779000000,,,,,25.00,,,,49534816,142417,48772193,false,false,12,2016-04-01,2017-03-31,-1
2018-05-08,74190,2019-03-31,,,,,,,,,,,,,,,,,,,,,,,,,,,,,,32.00,,,,,,,false,true,12,2018-04-01,2019-03-31,1
2018-08-07,74190,2019-03-31,1,116793000000,0.038,,,,,3145000000,0.216,3561000000,0.261,,2810000000,,56.17,54.17,,,,,241774000000,71143000000,0.290,1399.30,70202000000,,,,,,,,,,,,true,false,3,2018-04-01,2018-06-30,0
2018-08-07,74190,2018-03-31,1,112483000000,0.169,,,,,2586000000,0.888,2824000000,0.766,,2142000000,,43.49,42.03,,,,,,,,,,,,,,,,,,,,,true,false,3,2017-04-01,2017-06-30,-1
2018-08-07,74190,2019-03-31,1,241800000000,0.033,,,,,7300000000,-0.023,8000000000,0.002,,6000000000,,119.59,,,,,,,,,,,,,,,,,,,,,,true,true,6,2018-04-01,2018-09-30,0
2018-08-07,74190,2019-03-31,1,515600000000,0.027,,,,,17900000000,0.050,19000000000,0.059,,14000000000,,279.05,,,,,,,,,,,,,,,,,,,,,,true,true,12,2018-04-01,2019-03-31,0
2018-08-07,74190,2018-03-31,1,,,,,,,,,,,,,,,,,,,,259756000000,69019000000,0.263,1364.44,68196000000,,,,,,,,,,,,true,false,12,2017-04-01,2018-03-31,-1
2018-08-07,74190,2018-03-31,1,,,,,,,,,,,,,,,,,,,,,,,,,,,,,31.00,,,,50841016,859599,,false,false,12,2017-04-01,2018-03-31,-1
2018-08-07,74190,2019-03-31,1,,,,,,,,,,,,,,,,,,,,,,,,,,,,,32.00,,,,,,,false,true,12,2018-04-01,2019-03-31,0
2018-08-07,74190,2019-03-31,1,,,,,,,,,,,,,,,,,,,,,,,,,,,,,,,,,50984216,814617,50028640,false,false,3,2018-04-01,2018-06-30,0
2018-08-07,74190,2018-03-31,1,,,,,,,,,,,,,,,,,,,,,,,,,,,,,,,,,,,49265572,false,false,3,2017-04-01,2017-06-30,-1
2018-10-16,74190,2019-03-31,,245000000000,0.013,,,,,9200000000,0.260,10400000000,0.300,,7200000000,,143.92,,,,,,,,,,,,,,,,,,,,,,true,true,6,2018-04-01,2018-09-30,0
2018-10-16,74190,2018-03-31,,234140000000,,,,,,7469000000,,7987000000,,,4384000000,,89.15,,,,,,,,,,,,,,,,,,,,,,true,false,6,2017-04-01,2017-09-30,-1
2018-10-30,74190,2019-03-31,2,246012000000,0.051,,,,,9409000000,0.260,10558000000,0.322,,7382000000,,147.79,142.97,,,,,246807000000,74984000000,0.299,1485.01,73902000000,,,,,,,,,,,,true,false,6,2018-04-01,2018-09-30,0
2018-10-30,74190,2018-03-31,2,234140000000,0.147,,,,,7469000000,0.337,7987000000,0.354,,4384000000,,89.15,86.04,,,,,,,,,,,,,,,,,,,,,true,false,6,2017-04-01,2017-09-30,-1
2018-10-30,74190,2019-03-31,2,520000000000,0.036,,,,,18500000000,0.085,20000000000,0.115,,14700000000,,295.38,,,,,,,,,,,,,,,,,,,,,,true,true,12,2018-04-01,2019-03-31,0
2018-10-30,74190,2018-03-31,2,,,,,,,,,,,,,,,,,,,,259756000000,69019000000,0.263,1364.44,68196000000,,,,,,,,,,,,true,false,12,2017-04-01,2018-03-31,-1
2018-10-30,74190,2018-03-31,2,,,,,,,,,,,,,,,,,,,,,,,,,,,,,31.00,,,,50841016,859599,,false,false,12,2017-04-01,2018-03-31,-1
2018-10-30,74190,2019-03-31,2,,,,,,,,,,,,,,,,,,,,,,,,,,,,,17.00,,,,,,,false,false,12,2018-04-01,2019-03-31,0
2018-10-30,74190,2019-03-31,2,,,,,,,,,,,,,,,,,,,,,,,,,,,,,34.00,,,,,,,false,true,12,2018-04-01,2019-03-31,0
2018-10-30,74190,2019-03-31,2,,,,,,,,,,,,,,,,,,,,,,,,,,,,,,,,,51289616,1523917,49955064,false,false,6,2018-04-01,2018-09-30,0
2018-10-30,74190,2018-03-31,2,,,,,,,,,,,,,,,,,,,,,,,,,,,,,,,,,,,49178217,false,false,6,2017-04-01,2017-09-30,-1
2019-01-31,74190,2019-03-31,3,377431000000,0.025,,,,,14560000000,0.152,16209000000,0.196,,9888000000,,198.55,192.13,,,,,262973000000,76697000000,0.287,1511.11,75433000000,,,,,,,,,,,,true,false,9,2018-04-01,2018-12-31,0
2019-01-31,74190,2018-03-31,3,368276000000,0.157,,,,,12637000000,0.330,13547000000,0.342,,8528000000,,172.78,163.66,,,,,,,,,,,,,,,,,,,,,true,false,9,2017-04-01,2017-12-31,-1
2019-01-31,74190,2019-03-31,3,520000000000,0.036,,,,,18500000000,0.085,20000000000,0.115,,14700000000,,294.48,,,,,,,,,,,,,,,,,,,,,,true,true,12,2018-04-01,2019-03-31,0
2019-01-31,74190,2018-03-31,3,,,,,,,,,,,,,,,,,,,,259756000000,69019000000,0.263,1364.44,68196000000,,,,,,,,,,,,true,false,12,2017-04-01,2018-03-31,-1
2019-01-31,74190,2018-03-31,3,,,,,,,,,,,,,,,,,,,,,,,,,,,,,31.00,,,,50841016,859599,,false,false,12,2017-04-01,2018-03-31,-1
2019-01-31,74190,2019-03-31,3,,,,,,,,,,,,,,,,,,,,,,,,,,,,,17.00,,,,,,,false,false,12,2018-04-01,2019-03-31,0
2019-01-31,74190,2019-03-31,3,,,,,,,,,,,,,,,,,,,,,,,,,,,,,34.00,,,,,,,false,true,12,2018-04-01,2019-03-31,0
2019-01-31,74190,2019-03-31,3,,,,,,,,,,,,,,,,,,,,,,,,,,,,,,,,,51289616,1370285,49802131,false,false,9,2018-04-01,2018-12-31,0
2019-01-31,74190,2018-03-31,3,,,,,,,,,,,,,,,,,,,,,,,,,,,,,,,,,,,49357537,false,false,9,2017-04-01,2017-12-31,-1
2019-05-07,74190,2019-03-31,,513057000000,0.022,,,,,19212000000,0.127,21046000000,0.173,,14680000000,,294.09,285.11,0.198,0.074,0.037,,307735000000,81608000000,0.259,1594.23,79758000000,28789000000,-12820000000,-6152000000,20733000000,,0.116,,,,,,true,false,12,2018-04-01,2019-03-31,0
2019-05-07,74190,2018-03-31,,501890000000,0.162,,,,,17044000000,0.129,17935000000,0.159,,13634000000,,275.42,263.89,0.219,0.071,0.034,,259756000000,69019000000,0.263,1364.44,68196000000,25582000000,-1718000000,-19075000000,10963000000,,0.113,,,,,,true,false,12,2017-04-01,2018-03-31,-1
2019-05-07,74190,2020-03-31,,273900000000,0.113,,,,,10300000000,0.095,11300000000,0.070,,7100000000,,141.92,,,,,,,,,,,,,,,,,,,,,,true,true,6,2019-04-01,2019-09-30,1
2019-05-07,74190,2020-03-31,,550800000000,0.074,,,,,19500000000,0.015,21200000000,0.007,,13600000000,,271.84,,,,,,,,,,,,,,,,0.125,,,,,,true,true,12,2019-04-01,2020-03-31,1
2019-05-07,74190,2019-03-31,,238045000000,0.087,,,,,11895000000,0.063,14490000000,0.072,9522000000,,-0.116,190.75,184.93,,,,,156140000000,64852000000,0.406,1267.24,63399000000,,,,,34.00,,,,51289616,1259989,49919820,false,false,12,2018-04-01,2019-03-31,0
2019-05-07,74190,2018-03-31,,218969000000,0.064,,,,,11193000000,0.004,13512000000,0.054,10777000000,,0.204,217.71,208.59,,,,,142829000000,57360000000,0.396,1131.90,56574000000,,,,,31.00,,,,50841016,859599,49503290,false,false,12,2017-04-01,2018-03-31,-1
2019-05-07,74190,2020-03-31,,,,,,,,,,,,,,,,,,,,,,,,,,,,,,34.00,,,,,,,false,true,12,2019-04-01,2020-03-31,1
2019-07-31,74190,2020-03-31,1,129688000000,0.110,,,,,3658000000,0.163,4118000000,0.150,,2962000000,,59.16,58.43,,,,,295259000000,82191000000,0.273,1604.92,80555000000,,,,,,,,,,,,true,false,3,2019-04-01,2019-06-30,0
2019-07-31,74190,2019-03-31,1,116793000000,0.038,,,,,3145000000,0.216,3580000000,0.268,,2828000000,,56.55,54.53,,,,,,,,,,,,,,,,,,,,,true,false,3,2018-04-01,2018-06-30,-1
2019-07-31,74190,2020-03-31,1,273900000000,0.113,,,,,10300000000,0.095,11300000000,0.070,,7100000000,,141.45,,,,,,,,,,,,,,,,,,,,,,true,true,6,2019-04-01,2019-09-30,0
2019-07-31,74190,2020-03-31,1,550800000000,0.074,,,,,19500000000,0.015,21200000000,0.007,,13600000000,,270.96,,,,,,,,,,,,,,,,,,,,,,true,true,12,2019-04-01,2020-03-31,0
2019-07-31,74190,2019-03-31,1,,,,,,,,,,,,,,,,,,,,307735000000,81608000000,0.259,1594.23,79758000000,,,,,,,,,,,,true,false,12,2018-04-01,2019-03-31,-1
2019-07-31,74190,2019-03-31,1,,,,,,,,,,,,,,,,,,,,,,,,,,,,,34.00,,,,51289616,1259989,,false,false,12,2018-04-01,2019-03-31,-1
2019-07-31,74190,2020-03-31,1,,,,,,,,,,,,,,,,,,,,,,,,,,,,,34.00,,,,,,,false,true,12,2019-04-01,2020-03-31,0
2019-07-31,74190,2020-03-31,1,,,,,,,,,,,,,,,,,,,,,,,,,,,,,,,,,51289616,1096789,50079046,false,false,3,2019-04-01,2019-06-30,0
2019-07-31,74190,2019-03-31,1,,,,,,,,,,,,,,,,,,,,,,,,,,,,,,,,,,,50028640,false,false,3,2018-04-01,2018-06-30,-1
2019-10-31,74190,2020-03-31,2,269634000000,0.096,,,,,11735000000,0.247,13034000000,0.234,,9251000000,,184.37,182.48,,,,,292543000000,89353000000,0.299,1738.53,87596000000,,,,,,,,,,,,true,false,6,2019-04-01,2019-09-30,0
2019-10-31,74190,2019-03-31,2,246012000000,0.051,,,,,9409000000,0.260,10558000000,0.322,,7380000000,,147.74,142.93,,,,,,,,,,,,,,,,,,,,,true,false,6,2018-04-01,2018-09-30,-1
2019-10-31,74190,2020-03-31,2,550800000000,0.074,,,,,19500000000,0.015,21200000000,0.007,,13600000000,,269.92,,,,,,,,,,,,,,,,,,,,,,true,true,12,2019-04-01,2020-03-31,0
2019-10-31,74190,2019-03-31,2,,,,,,,,,,,,,,,,,,,,307735000000,81608000000,0.259,1594.23,79758000000,,,,,,,,,,,,true,false,12,2018-04-01,2019-03-31,-1
2019-10-31,74190,2019-03-31,2,,,,,,,,,,,,,,,,,,,,,,,,,,,,,34.00,,,,51289616,1259989,,false,false,12,2018-04-01,2019-03-31,-1
2019-10-31,74190,2020-03-31,2,,,,,,,,,,,,,,,,,,,,,,,,,,,,,20.00,,,,,,,false,false,12,2019-04-01,2020-03-31,0
2019-10-31,74190,2020-03-31,2,,,,,,,,,,,,,,,,,,,,,,,,,,,,,38.00,,,,,,,false,true,12,2019-04-01,2020-03-31,0
2019-10-31,74190,2020-03-31,2,,,,,,,,,,,,,,,,,,,,,,,,,,,,,,,,,51289616,904443,50181210,false,false,6,2019-04-01,2019-09-30,0
2019-10-31,74190,2019-03-31,2,,,,,,,,,,,,,,,,,,,,,,,,,,,,,,,,,,,49955064,false,false,6,2018-04-01,2018-09-30,-1
2020-01-31,74190,2020-03-31,3,394550000000,0.045,,,,,17427000000,0.197,19117000000,0.179,,13366000000,,266.34,263.11,,,,,303596000000,93715000000,0.303,1831.13,91849000000,,,,,,,,,,,,true,false,9,2019-04-01,2019-12-31,0
2020-01-31,74190,2019-03-31,3,377431000000,0.025,,,,,14560000000,0.152,16209000000,0.196,,11242000000,,225.74,218.44,,,,,,,,,,,,,,,,,,,,,true,false,9,2018-04-01,2018-12-31,-1
2020-01-31,74190,2020-03-31,3,550800000000,0.074,,,,,19500000000,0.015,21200000000,0.007,,13600000000,,271.13,,,,,,,,,,,,,,,,,,,,,,true,true,12,2019-04-01,2020-03-31,0
2020-01-31,74190,2019-03-31,3,,,,,,,,,,,,,,,,,,,,307735000000,81608000000,0.259,1594.23,79758000000,,,,,,,,,,,,true,false,12,2018-04-01,2019-03-31,-1
2020-01-31,74190,2019-03-31,3,,,,,,,,,,,,,,,,,,,,,,,,,,,,,34.00,,,,51289616,1259989,,false,false,12,2018-04-01,2019-03-31,-1
2020-01-31,74190,2020-03-31,3,,,,,,,,,,,,,,,,,,,,,,,,,,,,,20.00,,,,,,,false,false,12,2019-04-01,2020-03-31,0
2020-01-31,74190,2020-03-31,3,,,,,,,,,,,,,,,,,,,,,,,,,,,,,38.00,,,,,,,false,true,12,2019-04-01,2020-03-31,0
2020-01-31,74190,2020-03-31,3,,,,,,,,,,,,,,,,,,,,,,,,,,,,,,,,,51289616,1129609,50186952,false,false,9,2019-04-01,2019-12-31,0
2020-01-31,74190,2019-03-31,3,,,,,,,,,,,,,,,,,,,,,,,,,,,,,,,,,,,49802131,false,false,9,2018-04-01,2018-12-31,-1
2020-05-12,74190,2020-03-31,,523968000000,0.021,,,,,22582000000,0.175,24218000000,0.151,,15911000000,,317.12,313.17,0.189,0.082,0.043,,286247000000,90268000000,0.308,1759.32,88246000000,38866000000,-17688000000,-24283000000,17174000000,,0.126,,,,,,true,false,12,2019-04-01,2020-03-31,0
2020-05-12,74190,2019-03-31,,513057000000,0.022,,,,,19212000000,0.127,21046000000,0.173,,14817000000,,296.83,287.77,0.200,0.074,0.037,,307735000000,81608000000,0.259,1594.23,79758000000,28789000000,-12820000000,-6152000000,20733000000,,0.115,,,,,,true,false,12,2018-04-01,2019-03-31,-1
2020-05-12,74190,2020-03-31,,235073000000,-0.012,,,,,14035000000,0.180,21718000000,0.485,15658000000,,0.621,312.06,308.18,,,,,159336000000,73860000000,0.451,1432.45,71851000000,,,,,40.00,,,,51289616,1129909,50175870,false,false,12,2019-04-01,2020-03-31,0
2020-05-12,74190,2019-03-31,,238045000000,0.087,,,,,11895000000,0.063,14626000000,0.082,9658000000,,-0.104,193.47,187.57,,,,,156140000000,64852000000,0.406,1267.24,63399000000,,,,,34.00,,,,51289616,1259989,49919820,false,false,12,2018-04-01,2019-03-31,-1
2020-05-12,74190,2021-03-31,,,,,,,,,,,,,,,,,,,,,,,,,,,,,,40.00,,,,,,,false,true,12,2020-04-01,2021-03-31,1
2020-07-31,74190,2021-03-31,1,106330000000,-0.180,,,,,6022000000,0.646,6655000000,0.616,,4413000000,,88.09,86.73,,,,,306308000000,98202000000,0.314,1927.74,96063000000,,,,,,,,,,,,true,false,3,2020-04-01,2020-06-30,0
2020-07-31,74190,2020-03-31,1,129688000000,0.110,,,,,3658000000,0.163,4118000000,0.150,,2962000000,,59.16,58.43,,,,,,,,,,,,,,,,,,,,,true,false,3,2019-04-01,2019-06-30,-1
2020-07-31,74190,2021-03-31,1,244000000000,-0.095,,,,,14000000000,0.193,38000000000,1.915,,33000000000,,662.22,,,,,,,,,,,,,,,,,,,,,,true,true,6,2020-04-01,2020-09-30,0
2020-07-31,74190,2021-03-31,1,507000000000,-0.032,,,,,27000000000,0.196,51000000000,1.106,,41000000000,,822.76,,,,,,,,,,,,,,,,,,,,,,true,true,12,2020-04-01,2021-03-31,0
2020-07-31,74190,2020-03-31,1,,,,,,,,,,,,,,,,,,,,286247000000,90268000000,0.308,1759.32,88246000000,,,,,,,,,,,,true,false,12,2019-04-01,2020-03-31,-1
2020-07-31,74190,2020-03-31,1,,,,,,,,,,,,,,,,,,,,,,,,,,,,,40.00,,,,51289616,1129909,,false,false,12,2019-04-01,2020-03-31,-1
2020-07-31,74190,2021-03-31,1,,,,,,,,,,,,,,,,,,,,,,,,,,,,,40.00,,,,,,,false,true,12,2020-04-01,2021-03-31,0
2020-07-31,74190,2021-03-31,1,,,,,,,,,,,,,,,,,,,,,,,,,,,,,,,,,51289616,1457527,50105841,false,false,3,2020-04-01,2020-06-30,0
2020-07-31,74190,2020-03-31,1,,,,,,,,,,,,,,,,,,,,,,,,,,,,,,,,,,,50079046,false,false,3,2019-04-01,2019-06-30,-1
2020-10-20,74190,2021-03-31,,240000000000,-0.016,,,,,17000000000,0.214,43000000000,0.132,37000000000,,0.121,753.66,,,,,,,,,,,,,,,,,,,,,,true,true,6,2020-04-01,2020-09-30,0
2020-10-20,74190,2020-03-31,,269634000000,,,,,,11735000000,,13034000000,,9251000000,,,184.37,,,,,,,,,,,,,,,,,,,,,,true,false,6,2019-04-01,2019-09-30,-1
2020-10-20,74190,2021-03-31,,503000000000,-0.008,,,,,30000000000,0.111,56000000000,0.098,45000000000,,0.098,916.61,,,,,,,,,,,,,,,,,,,,,,true,true,12,2020-04-01,2021-03-31,0
2020-10-20,74190,2020-03-31,,523968000000,,,,,,22582000000,,24218000000,,15911000000,,,317.12,,,,,,,,,,,,,,,,,,,,,,true,false,12,2019-04-01,2020-03-31,-1
2020-10-29,74190,2021-03-31,2,240787000000,-0.107,,,,,17505000000,0.492,44199000000,2.391,,38269000000,,770.12,752.87,,,,,310509000000,129090000000,0.409,2589.33,127119000000,,,,,,,,,,,,true,false,6,2020-04-01,2020-09-30,0
2020-10-29,74190,2020-03-31,2,269634000000,0.096,,,,,11735000000,0.247,13034000000,0.234,,9251000000,,184.37,182.48,,,,,,,,,,,,,,,,,,,,,true,false,6,2019-04-01,2019-09-30,-1
2020-10-29,74190,2021-03-31,2,503000000000,-0.040,,,,,30000000000,0.328,56000000000,1.312,,45000000000,,916.61,,,,,,,,,,,,,,,,,,,,,,true,true,12,2020-04-01,2021-03-31,0
2020-10-29,74190,2020-03-31,2,,,,,,,,,,,,,,,,,,,,286247000000,90268000000,0.308,1759.32,88246000000,,,,,,,,,,,,true,false,12,2019-04-01,2020-03-31,-1
2020-10-29,74190,2020-03-31,2,,,,,,,,,,,,,,,,,,,,,,,,,,,,,40.00,,,,51289616,1129909,,false,false,12,2019-04-01,2020-03-31,-1
2020-10-29,74190,2021-03-31,2,,,,,,,,,,,,,,,,,,,,,,,,,,,,,22.00,,,,,,,false,false,12,2020-04-01,2021-03-31,0
2020-10-29,74190,2021-03-31,2,,,,,,,,,,,,,,,,,,,,,,,,,,,,,44.00,,,,,,,false,true,12,2020-04-01,2021-03-31,0
2020-10-29,74190,2021-03-31,2,,,,,,,,,,,,,,,,,,,,,,,,,,,,,,,,,51289616,2195854,49692322,false,false,6,2020-04-01,2020-09-30,0
2020-10-29,74190,2020-03-31,2,,,,,,,,,,,,,,,,,,,,,,,,,,,,,,,,,,,50181210,false,false,6,2019-04-01,2019-09-30,-1
2021-01-28,74190,2021-03-31,3,378470000000,-0.041,,,,,24469000000,0.404,52767000000,1.760,,43824000000,,885.24,863.64,,,,,327185000000,134184000000,0.404,2682.89,132049000000,,,,,,,,,,,,true,false,9,2020-04-01,2020-12-31,0
2021-01-28,74190,2020-03-31,3,394550000000,0.045,,,,,17427000000,0.197,19117000000,0.179,,13366000000,,266.34,263.11,,,,,,,,,,,,,,,,,,,,,true,false,9,2019-04-01,2019-12-31,-1
2021-01-28,74190,2021-03-31,3,503000000000,-0.040,,,,,30000000000,0.328,56000000000,1.312,,45000000000,,914.28,,,,,,,,,,,,,,,,,,,,,,true,true,12,2020-04-01,2021-03-31,0
2021-01-28,74190,2020-03-31,3,,,,,,,,,,,,,,,,,,,,286247000000,90268000000,0.308,1759.32,88246000000,,,,,,,,,,,,true,false,12,2019-04-01,2020-03-31,-1
2021-01-28,74190,2020-03-31,3,,,,,,,,,,,,,,,,,,,,,,,,,,,,,40.00,,,,51289616,1129909,,false,false,12,2019-04-01,2020-03-31,-1
2021-01-28,74190,2021-03-31,3,,,,,,,,,,,,,,,,,,,,,,,,,,,,,22.00,,,,,,,false,false,12,2020-04-01,2021-03-31,0
2021-01-28,74190,2021-03-31,3,,,,,,,,,,,,,,,,,,,,,,,,,,,,,44.00,,,,,,,false,true,12,2020-04-01,2021-03-31,0
2021-01-28,74190,2021-03-31,3,,,,,,,,,,,,,,,,,,,,,,,,,,,,,,,,,51289616,2070352,49506075,false,false,9,2020-04-01,2020-12-31,0
2021-01-28,74190,2020-03-31,3,,,,,,,,,,,,,,,,,,,,,,,,,,,,,,,,,,,50186952,false,false,9,2019-04-01,2019-12-31,-1
2021-05-06,74190,2021-03-31,,523327000000,-0.001,,,,,33826000000,0.498,64647000000,1.669,,52827000000,,1068.42,1040.81,0.459,0.206,0.065,,340183000000,144296000000,0.418,2879.19,142030000000,41702000000,-6607000000,-34056000000,18513000000,,0.043,,,,,,true,false,12,2020-04-01,2021-03-31,0
2021-05-06,74190,2020-03-31,,523968000000,0.021,,,,,22582000000,0.175,24218000000,0.151,,15911000000,,317.12,313.17,0.189,0.082,0.043,,286247000000,90268000000,0.308,1759.32,88246000000,38866000000,-17688000000,-24283000000,17174000000,,0.126,,,,,,true,false,12,2019-04-01,2020-03-31,-1
2021-05-06,74190,2022-03-31,,280000000000,0.163,,,,,18000000000,0.028,19300000000,-0.563,13600000000,,-0.645,275.69,,,,,,,,,,,,,,,,,,,,,,true,true,6,2021-04-01,2021-09-30,1
2021-05-06,74190,2022-03-31,,565000000000,0.080,,,,,35000000000,0.035,39000000000,-0.397,27000000000,,-0.489,547.33,,,,,,,,,,,,,,,,0.088,,,,,,true,true,12,2021-04-01,2022-03-31,1
2021-05-06,74190,2021-03-31,,261882000000,0.114,,,,,20067000000,0.430,28448000000,0.310,21025000000,,0.343,425.24,414.25,,,,,177064000000,95105000000,0.524,1882.02,92840000000,,,,,46.00,,,,51289616,1959508,49444809,false,false,12,2020-04-01,2021-03-31,0
2021-05-06,74190,2020-03-31,,235073000000,-0.012,,,,,14035000000,0.180,21718000000,0.485,15658000000,,0.621,312.06,308.18,,,,,159336000000,73860000000,0.451,1432.45,71851000000,,,,,40.00,,,,51289616,1129909,50175870,false,false,12,2019-04-01,2020-03-31,-1
2021-05-06,74190,2022-03-31,,,,,,,,,,,,,,,,,,,,,,,,,,,,,,48.00,,,,,,,false,true,12,2021-04-01,2022-03-31,1
2021-07-30,74190,2022-03-31,1,138484000000,0.302,,,,,7769000000,0.290,8801000000,-0.716,,6026000000,,122.25,118.68,,,,,299475000000,110810000000,0.362,2194.30,108420000000,,,,,,,,,,,,true,false,3,2021-04-01,2021-06-30,0
2021-07-30,74190,2021-03-31,1,106330000000,-0.180,,,,,6022000000,0.646,30982000000,6.523,,28741000000,,573.61,564.79,,,,,,,,,,,,,,,,,,,,,true,false,3,2020-04-01,2020-06-30,-1
2021-07-30,74190,2022-03-31,1,280000000000,0.163,,,,,18000000000,0.028,19300000000,-0.563,,13600000000,,275.25,,,,,,,,,,,,,,,,,,,,,,true,true,6,2021-04-01,2021-09-30,0
2021-07-30,74190,2022-03-31,1,565000000000,0.080,,,,,35000000000,0.035,39000000000,-0.397,,27000000000,,546.45,,,,,,,,,,,,,,,,,,,,,,true,true,12,2021-04-01,2022-03-31,0
2021-07-30,74190,2021-03-31,1,,,,,,,,,,,,,,,,,,,,340183000000,144296000000,0.418,2879.19,142030000000,,,,,,,,,,,,true,false,12,2020-04-01,2021-03-31,-1
2021-07-30,74190,2021-03-31,1,,,,,,,,,,,,,,,,,,,,,,,,,,,,,46.00,,,,51289616,1959508,,false,false,12,2020-04-01,2021-03-31,-1
2021-07-30,74190,2022-03-31,1,,,,,,,,,,,,,,,,,,,,,,,,,,,,,48.00,,,,,,,false,true,12,2021-04-01,2022-03-31,0
2021-07-30,74190,2022-03-31,1,,,,,,,,,,,,,,,,,,,,,,,,,,,,,,,,,51289616,1879744,49295729,false,false,3,2021-04-01,2021-06-30,0
2021-07-30,74190,2021-03-31,1,,,,,,,,,,,,,,,,,,,,,,,,,,,,,,,,,,,50105841,false,false,3,2020-04-01,2020-06-30,-1
2021-10-28,74190,2022-03-31,2,270605000000,0.124,,,,,13838000000,-0.209,15184000000,-0.656,,9762000000,,197.36,192.44,,,,,300873000000,118613000000,0.387,2340.48,116337000000,,,,,,,,,,,,true,false,6,2021-04-01,2021-09-30,0
2021-10-28,74190,2021-03-31,2,240787000000,-0.107,,,,,17505000000,0.492,44199000000,2.391,,38269000000,,770.12,752.87,,,,,,,,,,,,,,,,,,,,,true,false,6,2020-04-01,2020-09-30,-1
2021-10-28,74190,2022-03-31,2,565000000000,0.080,,,,,35000000000,0.035,39000000000,-0.397,,27000000000,,543.19,,,,,,,,,,,,,,,,,,,,,,true,true,12,2021-04-01,2022-03-31,0
2021-10-28,74190,2021-03-31,2,,,,,,,,,,,,,,,,,,,,340183000000,144296000000,0.418,2879.19,142030000000,,,,,,,,,,,,true,false,12,2020-04-01,2021-03-31,-1
2021-10-28,74190,2021-03-31,2,,,,,,,,,,,,,,,,,,,,,,,,,,,,,46.00,,,,51289616,1959508,,false,false,12,2020-04-01,2021-03-31,-1
2021-10-28,74190,2022-03-31,2,,,,,,,,,,,,,,,,,,,,,,,,,,,,,24.00,,,,,,,false,false,12,2021-04-01,2022-03-31,0
2021-10-28,74190,2022-03-31,2,,,,,,,,,,,,,,,,,,,,,,,,,,,,,48.00,,,,,,,false,true,12,2021-04-01,2022-03-31,0
2021-10-28,74190,2022-03-31,2,,,,,,,,,,,,,,,,,,,,,,,,,,,,,,,,,51289616,1583044,49465635,false,false,6,2021-04-01,2021-09-30,0
2021-10-28,74190,2021-03-31,2,,,,,,,,,,,,,,,,,,,,,,,,,,,,,,,,,,,49692322,false,false,6,2020-04-01,2020-09-30,-1
2022-01-31,74190,2022-03-31,3,413833000000,0.093,,,,,21625000000,-0.116,23731000000,-0.550,,15065000000,,304.42,298.21,,,,,331470000000,129487000000,0.379,2539.84,125624000000,,,,,,,,,,,,true,false,9,2021-04-01,2021-12-31,0
2022-01-31,74190,2021-03-31,3,378470000000,-0.041,,,,,24469000000,0.404,52767000000,1.760,,43824000000,,885.24,863.64,,,,,,,,,,,,,,,,,,,,,true,false,9,2020-04-01,2020-12-31,-1
2022-01-31,74190,2022-03-31,3,565000000000,0.080,,,,,35000000000,0.035,39000000000,-0.397,,27000000000,,545.88,,,,,,,,,,,,,,,,,,,,,,true,true,12,2021-04-01,2022-03-31,0
2022-01-31,74190,2021-03-31,3,,,,,,,,,,,,,,,,,,,,340183000000,144296000000,0.418,2879.19,142030000000,,,,,,,,,,,,true,false,12,2020-04-01,2021-03-31,-1
2022-01-31,74190,2021-03-31,3,,,,,,,,,,,,,,,,,,,,,,,,,,,,,46.00,,,,51289616,1959508,,false,false,12,2020-04-01,2021-03-31,-1
2022-01-31,74190,2022-03-31,3,,,,,,,,,,,,,,,,,,,,,,,,,,,,,24.00,,,,,,,false,false,12,2021-04-01,2022-03-31,0
2022-01-31,74190,2022-03-31,3,,,,,,,,,,,,,,,,,,,,,,,,,,,,,48.00,,,,,,,false,true,12,2021-04-01,2022-03-31,0
2022-01-31,74190,2022-03-31,3,,,,,,,,,,,,,,,,,,,,,,,,,,,,,,,,,51289616,1828144,49490328,false,false,9,2021-04-01,2021-12-31,0
2022-01-31,74190,2021-03-31,3,,,,,,,,,,,,,,,,,,,,,,,,,,,,,,,,,,,49506075,false,false,9,2020-04-01,2020-12-31,-1
2022-05-06,74190,2022-03-31,,564989000000,0.080,,,,,33166000000,-0.020,35890000000,-0.445,,25862000000,,522.89,513.09,0.186,0.108,0.059,,326952000000,140101000000,0.416,2761.22,136067000000,42895000000,9029000000,-19964000000,51004000000,,0.096,,,,,,true,false,12,2021-04-01,2022-03-31,0
2022-05-06,74190,2021-03-31,,523327000000,-0.001,,,,,33826000000,0.498,64647000000,1.669,,52827000000,,1068.42,1040.81,0.459,0.206,0.065,,340183000000,144296000000,0.418,2879.19,142030000000,41702000000,-6607000000,-34056000000,18513000000,,0.043,,,,,,true,false,12,2020-04-01,2021-03-31,-1
2022-05-06,74190,2023-03-31,,271000000000,0.001,,,,,15000000000,0.084,16000000000,0.054,11000000000,,0.127,223.22,,,,,,,,,,,,,,,,,,,,,,true,true,6,2022-04-01,2022-09-30,1
2022-05-06,74190,2023-03-31,,565000000000,0.000,,,,,34000000000,0.025,36500000000,0.017,25000000000,,-0.033,507.33,,,,,,,,,,,,,,,,0.103,,,,,,true,true,12,2022-04-01,2023-03-31,1
2022-05-06,74190,2022-03-31,,269349000000,0.029,,,,,19514000000,-0.027,29906000000,0.051,25649000000,,0.220,518.57,508.86,,,,,198401000000,114035000000,0.562,2262.23,111478000000,,,,,50.00,,,,51289616,2011544,49461545,false,false,12,2021-04-01,2022-03-31,0
2022-05-06,74190,2021-03-31,,261882000000,0.114,,,,,20060000000,0.430,28448000000,0.310,21025000000,,0.343,425.24,414.25,,,,,177064000000,95105000000,0.524,1882.02,92840000000,,,,,46.00,,,,51289616,1959508,49444809,false,false,12,2020-04-01,2021-03-31,-1
2022-05-06,74190,2023-03-31,,,,,,,,,,,,,,,,,,,,,,,,,,,,,,52.00,,,,,,,false,true,12,2022-04-01,2023-03-31,1
,74190,2023-03-31,,,,,,,,,,,,,,,,,,,,,,,,,,,,,,0.00,,,,,,,false,true,12,2022-04-01,2023-03-31,0
,74190,2023-03-31,,,,,,,,,,,,,,,,,,,,,,,,,,,,,,0.00,,,,,,,false,false,12,2022-04-01,2023-03-31,0
,74190,2022-03-31,,,,,,,,,,,,,,,,,,,,,,,,,,,,,,50.00,,,,,,,false,false,12,2021-04-01,2022-03-31,-1
2022-07-28,74190,2023-03-31,1,135598000000,-0.021,,,,,8202000000,0.056,9211000000,0.047,,6130000000,,125.51,123.42,,,,,318268000000,144479000000,0.441,2881.06,140450000000,,,,,,,,,,,,true,false,3,2022-04-01,2022-06-30,0
2022-07-28,74190,2022-03-31,1,138484000000,0.302,,,,,7769000000,0.290,8801000000,-0.716,,6026000000,,122.25,118.68,,,,,,,,,,,,,,,,,,,,,true,false,3,2021-04-01,2021-06-30,-1
2022-07-28,74190,2023-03-31,1,271000000000,0.001,,,,,15000000000,0.084,16000000000,0.054,,11000000000,,225.64,,,,,,,,,,,,,,,,,,,,,,true,true,6,2022-04-01,2022-09-30,0
2022-07-28,74190,2023-03-31,1,565000000000,0.000,,,,,34000000000,0.025,36500000000,0.017,,25000000000,,256.41,,,,,,,,,,,,,,,,,,,,,,true,true,12,2022-04-01,2023-03-31,0
2022-07-28,74190,2022-03-31,1,,,,,,,,,,,,,,,,,,,,326952000000,140101000000,0.416,2761.22,136067000000,,,,,,,,,,,,true,false,12,2021-04-01,2022-03-31,-1
2022-07-28,74190,2022-03-31,1,,,,,,,,,,,,,,,,,,,,,,,,,,,,,50.00,,,,51289616,2011544,,false,false,12,2021-04-01,2022-03-31,-1
2022-07-28,74190,2023-03-31,1,,,,,,,,,,,,,,,,,,,,,,,,,,,,,13.00,,,,,,,false,true,12,2022-04-01,2023-03-31,0
2022-07-28,74190,2023-03-31,1,,,,,,,,,,,,,,,,,,,,,,,,,,,,,,,,,51289616,2539975,48841205,false,false,3,2022-04-01,2022-06-30,0
2022-07-28,74190,2022-03-31,1,,,,,,,,,,,,,,,,,,,,,,,,,,,,,,,,,,,49295729,false,false,3,2021-04-01,2021-06-30,-1
2022-10-31,74190,2023-03-31,2,272338000000,0.006,,,,,17415000000,0.259,19053000000,0.255,,12764000000,,130.79,128.93,,,,,318904000000,150696000000,0.460,1507.39,146791000000,,,,,,,,,,,,true,false,6,2022-04-01,2022-09-30,0
2022-10-31,74190,2022-03-31,2,270605000000,0.124,,,,,13838000000,-0.209,15184000000,-0.656,,9762000000,,98.68,96.22,,,,,,,,,,,,,,,,,,,,,true,false,6,2021-04-01,2021-09-30,-1
2022-10-31,74190,2023-03-31,2,565000000000,0.000,,,,,34000000000,0.025,36500000000,0.017,,25000000000,,256.72,,,,,,,,,,,,,,,,,,,,,,true,true,12,2022-04-01,2023-03-31,0
2022-10-31,74190,2022-03-31,2,,,,,,,,,,,,,,,,,,,,326952000000,140101000000,0.416,1380.61,136067000000,,,,,,,,,,,,true,false,12,2021-04-01,2022-03-31,-1
2022-10-31,74190,2022-03-31,2,,,,,,,,,,,,,,,,,,,,,,,,,,,,,50.00,,,,102579232,4023088,,false,false,12,2021-04-01,2022-03-31,-1
2022-10-31,74190,2023-03-31,2,,,,,,,,,,,,,,,,,,,,,,,,,,,,,26.00,,,,,,,false,false,12,2022-04-01,2023-03-31,0
2022-10-31,74190,2023-03-31,2,,,,,,,,,,,,,,,,,,,,,,,,,,,,,13.00,,,,,,,false,true,12,2022-04-01,2023-03-31,0
2022-10-31,74190,2023-03-31,2,,,,,,,,,,,,,,,,,,,,,,,,,,,,,,,,,102579232,5197774,97593910,false,false,6,2022-04-01,2022-09-30,0
2022-10-31,74190,2022-03-31,2,,,,,,,,,,,,,,,,,,,,,,,,,,,,,,,,,,,98931269,false,false,6,2021-04-01,2021-09-30,-1
2023-01-31,74190,2023-03-31,3,421345000000,0.018,,,,,24559000000,0.136,27201000000,0.146,,17851000000,,182.98,180.68,,,,,335186000000,154733000000,0.449,1542.06,150640000000,,,,,,,,,,,,true,false,9,2022-04-01,2022-12-31,0
2023-01-31,74190,2022-03-31,3,413833000000,0.093,,,,,21625000000,-0.116,23731000000,-0.550,,15065000000,,152.21,149.10,,,,,,,,,,,,,,,,,,,,,true,false,9,2021-04-01,2021-12-31,-1
2023-01-31,74190,2023-03-31,3,565000000000,0.000,,,,,34000000000,0.025,36500000000,0.017,,25000000000,,255.92,,,,,,,,,,,,,,,,,,,,,,true,true,12,2022-04-01,2023-03-31,0
2023-01-31,74190,2022-03-31,3,,,,,,,,,,,,,,,,,,,,326952000000,140101000000,0.416,1380.61,136067000000,,,,,,,,,,,,true,false,12,2021-04-01,2022-03-31,-1
2023-01-31,74190,2022-03-31,3,,,,,,,,,,,,,,,,,,,,,,,,,,,,,50.00,,,,102579232,4023088,,false,false,12,2021-04-01,2022-03-31,-1
2023-01-31,74190,2023-03-31,3,,,,,,,,,,,,,,,,,,,,,,,,,,,,,26.00,,,,,,,false,false,12,2022-04-01,2023-03-31,0
2023-01-31,74190,2023-03-31,3,,,,,,,,,,,,,,,,,,,,,,,,,,,,,13.00,,,,,,,false,true,12,2022-04-01,2023-03-31,0
2023-01-31,74190,2023-03-31,3,,,,,,,,,,,,,,,,,,,,,,,,,,,,,,,,,102579232,4891325,97559110,false,false,9,2022-04-01,2022-12-31,0
2023-01-31,74190,2022-03-31,3,,,,,,,,,,,,,,,,,,,,,,,,,,,,,,,,,,,98980655,false,false,9,2021-04-01,2021-12-31,-1
2023-05-09,74190,2023-03-31,,626181000000,0.108,,,,,33572000000,0.012,36246000000,0.010,,23315000000,,238.83,235.90,0.159,0.082,0.054,,555065000000,161056000000,0.282,1596.29,156517000000,34613000000,-79870000000,30618000000,37145000000,,0.118,,,,,,true,false,12,2022-04-01,2023-03-31,0
2023-05-09,74190,2022-03-31,,564989000000,0.080,,,,,33166000000,-0.020,35890000000,-0.445,,25862000000,,261.44,256.55,0.186,0.108,0.059,,326952000000,140101000000,0.416,1380.61,136067000000,42895000000,9029000000,-19964000000,51004000000,,0.096,,,,,,true,false,12,2021-04-01,2022-03-31,-1
2023-05-09,74190,2024-03-31,,360000000000,0.322,,,,,18000000000,0.034,20000000000,0.050,,12000000000,,122.39,,,,,,,,,,,,,,,,,,,,,,true,true,6,2023-04-01,2023-09-30,1
2023-05-09,74190,2024-03-31,,740000000000,0.182,,,,,38000000000,0.132,41000000000,0.131,,27000000000,,275.37,,,,,,,,,,,,,,,,0.109,,,,,,true,true,12,2023-04-01,2024-03-31,1
2023-05-09,74190,2023-03-31,,284324000000,0.056,,,,,19268000000,-0.013,30097000000,0.006,22881000000,,-0.106,234.39,231.51,,,,,272191000000,133586000000,0.481,1335.12,130909000000,,,,,15.00,,,,102579232,4528141,97620769,false,false,12,2022-04-01,2023-03-31,0
2023-05-09,74190,2022-03-31,,269349000000,0.029,,,,,19514000000,-0.027,29906000000,0.051,25588000000,,0.217,258.67,253.81,,,,,198401000000,114035000000,0.562,1131.11,111478000000,,,,,50.00,,,,102579232,4023088,98923091,false,false,12,2021-04-01,2022-03-31,-1
2023-05-09,74190,2024-03-31,,,,,,,,,,,,,,,,,,,,,,,,,,,,,,30.00,,,,,,,false,true,12,2023-04-01,2024-03-31,1
2023-05-09,74190,2023-03-31,,626181000000,0.108,,,,,33572000000,0.012,36246000000,0.010,,23315000000,,238.83,235.90,0.159,0.082,0.054,,555905000000,161056000000,0.282,1596.29,156517000000,34613000000,-81260000000,30618000000,35755000000,,0.118,,,,,,true,false,12,2022-04-01,2023-03-31,0
2023-05-09,74190,2022-03-31,,564989000000,0.080,,,,,33166000000,-0.020,35890000000,-0.445,,25862000000,,261.44,256.55,0.186,0.108,0.059,,326952000000,140101000000,0.416,1380.61,136067000000,42895000000,9029000000,-19964000000,51004000000,,0.096,,,,,,true,false,12,2021-04-01,2022-03-31,-1
2023-05-09,74190,2024-03-31,,360000000000,0.322,,,,,18000000000,0.034,20000000000,0.050,,12000000000,,122.39,,,,,,,,,,,,,,,,,,,,,,true,true,6,2023-04-01,2023-09-30,1
2023-05-09,74190,2024-03-31,,740000000000,0.182,,,,,38000000000,0.132,41000000000,0.131,,27000000000,,275.37,,,,,,,,,,,,,,,,0.109,,,,,,true,true,12,2023-04-01,2024-03-31,1
2023-05-09,74190,2023-03-31,,284324000000,0.056,,,,,19268000000,-0.013,30097000000,0.006,22881000000,,-0.106,234.39,231.51,,,,,272191000000,133586000000,0.481,1335.12,130909000000,,,,,15.00,,,,102579232,4528141,97620769,false,false,12,2022-04-01,2023-03-31,0
2023-05-09,74190,2022-03-31,,269349000000,0.029,,,,,19514000000,-0.027,29906000000,0.051,25588000000,,0.217,258.67,253.81,,,,,198401000000,114035000000,0.562,1131.11,111478000000,,,,,50.00,,,,102579232,4023088,98923091,false,false,12,2021-04-01,2022-03-31,-1
2023-05-09,74190,2024-03-31,,,,,,,,,,,,,,,,,,,,,,,,,,,,,,30.00,,,,,,,false,true,12,2023-04-01,2024-03-31,1
2023-07-31,74190,2024-03-31,1,171710000000,0.266,,,,,5268000000,-0.358,5824000000,-0.368,,3345000000,,34.08,33.66,,,,,528726000000,164180000000,0.302,1621.26,159456000000,,,,,,,,,,,,true,false,3,2023-04-01,2023-06-30,0
2023-07-31,74190,2023-03-31,1,135598000000,-0.021,,,,,8202000000,0.056,9211000000,0.047,,6130000000,,62.76,61.71,,,,,,,,,,,,,,,,,,,,,true,false,3,2022-04-01,2022-06-30,-1
2023-07-31,74190,2024-03-31,1,360000000000,0.322,,,,,18000000000,0.034,20000000000,0.050,,12000000000,,122.01,,,,,,,,,,,,,,,,,,,,,,true,true,6,2023-04-01,2023-09-30,0
2023-07-31,74190,2024-03-31,1,740000000000,0.182,,,,,38000000000,0.132,41000000000,0.131,,27000000000,,274.52,,,,,,,,,,,,,,,,,,,,,,true,true,12,2023-04-01,2024-03-31,0
2023-07-31,74190,2023-03-31,1,,,,,,,,,,,,,,,,,,,,555905000000,161056000000,0.282,1596.29,156517000000,,,,,,,,,,,,true,false,12,2022-04-01,2023-03-31,-1
2023-07-31,74190,2023-03-31,1,,,,,,,,,,,,,,,,,,,,,,,,,,,,,15.00,,,,102579232,4528141,,false,false,12,2022-04-01,2023-03-31,-1
2023-07-31,74190,2024-03-31,1,,,,,,,,,,,,,,,,,,,,,,,,,,,,,30.00,,,,,,,false,true,12,2023-04-01,2024-03-31,0
2023-07-31,74190,2024-03-31,1,,,,,,,,,,,,,,,,,,,,,,,,,,,,,,,,,102579232,4225441,98150102,false,false,3,2023-04-01,2023-06-30,0
2023-07-31,74190,2023-03-31,1,,,,,,,,,,,,,,,,,,,,,,,,,,,,,,,,,,,97682409,false,false,3,2022-04-01,2022-06-30,-1
2023-10-31,74190,2024-03-31,2,358065000000,0.315,,,,,13511000000,-0.224,14675000000,-0.230,,9198000000,,93.61,92.60,,,,,534505000000,169958000000,0.310,1687.73,165692000000,,,,,,,,,,,,true,false,6,2023-04-01,2023-09-30,0
2023-10-31,74190,2023-03-31,2,272338000000,0.006,,,,,17415000000,0.259,19053000000,0.255,,12764000000,,130.79,128.93,,,,,,,,,,,,,,,,,,,,,true,false,6,2022-04-01,2022-09-30,-1
2023-10-31,74190,2024-03-31,2,740000000000,0.182,,,,,38000000000,0.132,41000000000,0.131,,27000000000,,275.02,,,,,,,,,,,,,,,,,,,,,,true,true,12,2023-04-01,2024-03-31,0
2023-10-31,74190,2023-03-31,2,,,,,,,,,,,,,,,,,,,,556902000000,161056000000,0.281,1596.29,156517000000,,,,,,,,,,,,true,false,12,2022-04-01,2023-03-31,-1
2023-10-31,74190,2023-03-31,2,,,,,,,,,,,,,,,,,,,,,,,,,,,,,15.00,,,,102579232,4528141,,false,false,12,2022-04-01,2023-03-31,-1
2023-10-31,74190,2024-03-31,2,,,,,,,,,,,,,,,,,,,,,,,,,,,,,15.00,,,,,,,false,false,12,2023-04-01,2024-03-31,0
2023-10-31,74190,2024-03-31,2,,,,,,,,,,,,,,,,,,,,,,,,,,,,,30.00,,,,,,,false,true,12,2023-04-01,2024-03-31,0
2023-10-31,74190,2024-03-31,2,,,,,,,,,,,,,,,,,,,,,,,,,,,,,,,,,102579232,4404741,98258356,false,false,6,2023-04-01,2023-09-30,0
2023-10-31,74190,2023-03-31,2,,,,,,,,,,,,,,,,,,,,,,,,,,,,,,,,,,,97593910,false,false,6,2022-04-01,2022-09-30,-1
2024-01-31,74190,2024-03-31,3,560649000000,0.331,,,,,21287000000,-0.133,23168000000,-0.148,,14215000000,,144.82,143.23,,,,,547071000000,172922000000,0.308,1719.90,168413000000,,,,,,,,,,,,true,false,9,2023-04-01,2023-12-31,0
2024-01-31,74190,2023-03-31,3,421345000000,0.018,,,,,24559000000,0.136,27201000000,0.146,,17851000000,,182.98,180.68,,,,,,,,,,,,,,,,,,,,,true,false,9,2022-04-01,2022-12-31,-1
2024-01-31,74190,2024-03-31,3,740000000000,0.182,,,,,38000000000,0.132,41000000000,0.131,,27000000000,,275.73,,,,,,,,,,,,,,,,,,,,,,true,true,12,2023-04-01,2024-03-31,0
2024-01-31,74190,2023-03-31,3,,,,,,,,,,,,,,,,,,,,556902000000,161056000000,0.281,1596.29,156517000000,,,,,,,,,,,,true,false,12,2022-04-01,2023-03-31,-1
2024-01-31,74190,2023-03-31,3,,,,,,,,,,,,,,,,,,,,,,,,,,,,,15.00,,,,102579232,4528141,,false,false,12,2022-04-01,2023-03-31,-1
2024-01-31,74190,2024-03-31,3,,,,,,,,,,,,,,,,,,,,,,,,,,,,,15.00,,,,,,,false,false,12,2023-04-01,2024-03-31,0
2024-01-31,74190,2024-03-31,3,,,,,,,,,,,,,,,,,,,,,,,,,,,,,30.00,,,,,,,false,true,12,2023-04-01,2024-03-31,0
2024-01-31,74190,2024-03-31,3,,,,,,,,,,,,,,,,,,,,,,,,,,,,,,,,,102579232,4658863,98163825,false,false,9,2023-04-01,2023-12-31,0
2024-01-31,74190,2023-03-31,3,,,,,,,,,,,,,,,,,,,,,,,,,,,,,,,,,,,97559110,false,false,9,2022-04-01,2022-12-31,-1
2024-05-07,74190,2024-03-31,,761301000000,0.216,,,,,30560000000,-0.090,32937000000,-0.091,,19979000000,,203.67,201.11,0.121,0.060,0.040,,547142000000,178920000000,0.318,1779.53,174190000000,57772000000,-13842000000,-45803000000,34535000000,,0.162,,,,,,true,false,12,2023-04-01,2024-03-31,0
2024-05-07,74190,2023-03-31,,626181000000,0.108,,,,,33572000000,0.012,36246000000,0.010,,23315000000,,238.83,235.90,0.159,0.082,0.054,,556902000000,161056000000,0.281,1596.29,156517000000,34613000000,-81260000000,30618000000,35755000000,,0.118,,,,,,true,false,12,2022-04-01,2023-03-31,-1
2024-05-07,74190,2025-03-31,,374000000000,0.045,,,,,15000000000,0.110,16000000000,0.090,,10000000000,,102.16,,,,,,,,,,,,,,,,,,,,,,true,true,6,2024-04-01,2024-09-30,1
2024-05-07,74190,2025-03-31,,765000000000,0.005,,,,,31000000000,0.014,34000000000,0.032,,21000000000,,214.54,,,,,,,,,,,,,,,,0.168,,,,,,true,true,12,2024-04-01,2025-03-31,1
2024-05-07,74190,2024-03-31,,278861000000,-0.019,,,,,14342000000,-0.256,22378000000,-0.256,16860000000,,-0.263,171.87,169.71,,,,,258424000000,147149000000,0.559,1476.59,144536000000,,,,,33.00,,,,102579232,4693363,98098358,false,false,12,2023-04-01,2024-03-31,0
2024-05-07,74190,2023-03-31,,284324000000,0.056,,,,,19268000000,-0.013,30097000000,0.006,22881000000,,-0.106,234.39,231.51,,,,,272191000000,133586000000,0.481,1335.12,130909000000,,,,,15.00,,,,102579232,4528141,97620769,false,false,12,2022-04-01,2023-03-31,-1
2024-05-07,74190,2025-03-31,,,,,,,,,,,,,,,,,,,,,,,,,,,,,,36.00,,,,,,,false,true,12,2024-04-01,2025-03-31,1
2024-05-07,74190,2024-03-31,,761301000000,0.216,,,,,30560000000,-0.090,32937000000,-0.091,,19979000000,,203.67,201.11,0.121,0.060,0.040,,547142000000,178920000000,0.318,1779.53,174190000000,58197000000,-14135000000,-45803000000,34960000000,,0.162,,,,,,true,false,12,2023-04-01,2024-03-31,0
2024-05-07,74190,2023-03-31,,626181000000,0.108,,,,,33572000000,0.012,36246000000,0.010,,23315000000,,238.83,235.90,0.159,0.082,0.054,,556902000000,161056000000,0.281,1596.29,156517000000,34613000000,-81260000000,30618000000,35755000000,,0.118,,,,,,true,false,12,2022-04-01,2023-03-31,-1
2024-05-07,74190,2025-03-31,,374000000000,0.045,,,,,15000000000,0.110,16000000000,0.090,,10000000000,,102.16,,,,,,,,,,,,,,,,,,,,,,true,true,6,2024-04-01,2024-09-30,1
2024-05-07,74190,2025-03-31,,765000000000,0.005,,,,,31000000000,0.014,34000000000,0.032,,21000000000,,214.54,,,,,,,,,,,,,,,,0.168,,,,,,true,true,12,2024-04-01,2025-03-31,1
2024-05-07,74190,2024-03-31,,278861000000,-0.019,,,,,14342000000,-0.256,22378000000,-0.256,16860000000,,-0.263,171.87,169.71,,,,,258424000000,147149000000,0.559,1476.59,144536000000,,,,,33.00,,,,102579232,4693363,98098358,false,false,12,2023-04-01,2024-03-31,0
2024-05-07,74190,2023-03-31,,284324000000,0.056,,,,,19268000000,-0.013,30097000000,0.006,22881000000,,-0.106,234.39,231.51,,,,,272191000000,133586000000,0.481,1335.12,130909000000,,,,,15.00,,,,102579232,4528141,97620769,false,false,12,2022-04-01,2023-03-31,-1
2024-05-07,74190,2025-03-31,,,,,,,,,,,,,,,,,,,,,,,,,,,,,,36.00,,,,,,,false,true,12,2024-04-01,2025-03-31,1
2024-07-31,74190,2025-03-31,1,189064000000,0.101,,,,,7779000000,0.498,8635000000,0.502,,5595000000,,57.33,55.77,,,,,556803000000,182923000000,0.319,1827.68,177677000000,,,,,,,,,,,,true,false,3,2024-04-01,2024-06-30,0
2024-07-31,74190,2024-03-31,1,171710000000,0.266,,,,,5191000000,-0.367,5747000000,-0.376,,3316000000,,33.79,33.37,,,,,,,,,,,,,,,,,,,,,true,false,3,2023-04-01,2023-06-30,-1
2024-07-31,74190,2025-03-31,1,374000000000,0.045,,,,,15000000000,0.110,16000000000,0.090,,10000000000,,102.86,,,,,,,,,,,,,,,,,,,,,,true,true,6,2024-04-01,2024-09-30,0
2024-07-31,74190,2025-03-31,1,765000000000,0.005,,,,,31000000000,0.014,34000000000,0.032,,21000000000,,216.02,,,,,,,,,,,,,,,,,,,,,,true,true,12,2024-04-01,2025-03-31,0
2024-07-31,74190,2024-03-31,1,,,,,,,,,,,,,,,,,,,,547142000000,178920000000,0.318,1779.53,174190000000,,,,,,,,,,,,true,false,12,2023-04-01,2024-03-31,-1
2024-07-31,74190,2024-03-31,1,,,,,,,,,,,,,,,,,,,,,,,,,,,,,33.00,,,,102579232,4693363,,false,false,12,2023-04-01,2024-03-31,-1
2024-07-31,74190,2025-03-31,1,,,,,,,,,,,,,,,,,,,,,,,,,,,,,36.00,,,,,,,false,true,12,2024-04-01,2025-03-31,0
2024-07-31,74190,2025-03-31,1,,,,,,,,,,,,,,,,,,,,,,,,,,,,,,,,,102579232,5364263,97590584,false,false,3,2024-04-01,2024-06-30,0
2024-07-31,74190,2024-03-31,1,,,,,,,,,,,,,,,,,,,,,,,,,,,,,,,,,,,98150102,false,false,3,2023-04-01,2023-06-30,-1
2024-10-31,74190,2025-03-31,2,393106000000,0.098,,,,,19968000000,0.478,21448000000,0.462,,14198000000,,145.98,142.06,,,,,551666000000,189496000000,0.334,1931.33,184310000000,,,,,,,,,,,,true,false,6,2024-04-01,2024-09-30,0
2024-10-31,74190,2024-03-31,2,358065000000,0.315,,,,,13511000000,-0.224,14675000000,-0.230,,9198000000,,93.61,92.60,,,,,,,,,,,,,,,,,,,,,true,false,6,2023-04-01,2023-09-30,-1
2024-10-31,74190,2025-03-31,2,765000000000,0.005,,,,,31000000000,0.014,34000000000,0.032,,21000000000,,220.05,,,,,,,,,,,,,,,,,,,,,,true,true,12,2024-04-01,2025-03-31,0
2024-10-31,74190,2024-03-31,2,,,,,,,,,,,,,,,,,,,,547142000000,178920000000,0.318,1779.53,174190000000,,,,,,,,,,,,true,false,12,2023-04-01,2024-03-31,-1
2024-10-31,74190,2024-03-31,2,,,,,,,,,,,,,,,,,,,,,,,,,,,,,33.00,,,,102579232,4693363,,false,false,12,2023-04-01,2024-03-31,-1
2024-10-31,74190,2025-03-31,2,,,,,,,,,,,,,,,,,,,,,,,,,,,,,20.00,,,,,,,false,false,12,2024-04-01,2025-03-31,0
2024-10-31,74190,2025-03-31,2,,,,,,,,,,,,,,,,,,,,,,,,,,,,,40.00,,,,,,,false,true,12,2024-04-01,2025-03-31,0
2024-10-31,74190,2025-03-31,2,,,,,,,,,,,,,,,,,,,,,,,,,,,,,,,,,102579232,7147287,97262282,false,false,6,2024-04-01,2024-09-30,0
2024-10-31,74190,2024-03-31,2,,,,,,,,,,,,,,,,,,,,,,,,,,,,,,,,,,,98258356,false,false,6,2023-04-01,2023-09-30,-1
2025-01-30,74190,2025-03-31,3,616318000000,0.099,,,,,32501000000,0.527,34794000000,0.502,,23076000000,,238.77,229.30,,,,,592857000000,198973000000,0.327,2025.20,193569000000,,,,,,,,,,,,true,false,9,2024-04-01,2024-12-31,0
2025-01-30,74190,2024-03-31,3,560649000000,0.331,,,,,21287000000,-0.133,23168000000,-0.148,,14215000000,,144.82,143.23,,,,,,,,,,,,,,,,,,,,,true,false,9,2023-04-01,2023-12-31,-1
2025-01-30,74190,2025-03-31,3,810000000000,0.064,,,,,40000000000,0.309,43000000000,0.305,,26000000000,,272.02,,,,,,,,,,,,,,,,,,,,,,true,true,12,2024-04-01,2025-03-31,0
2025-01-30,74190,2024-03-31,3,,,,,,,,,,,,,,,,,,,,547142000000,178920000000,0.318,1779.53,174190000000,,,,,,,,,,,,true,false,12,2023-04-01,2024-03-31,-1
2025-01-30,74190,2024-03-31,3,,,,,,,,,,,,,,,,,,,,,,,,,,,,,33.00,,,,102579232,4693363,,false,false,12,2023-04-01,2024-03-31,-1
2025-01-30,74190,2025-03-31,3,,,,,,,,,,,,,,,,,,,,,,,,,,,,,20.00,,,,,,,false,false,12,2024-04-01,2025-03-31,0
2025-01-30,74190,2025-03-31,3,,,,,,,,,,,,,,,,,,,,,,,,,,,,,40.00,,,,,,,false,true,12,2024-04-01,2025-03-31,0
2025-01-30,74190,2025-03-31,3,,,,,,,,,,,,,,,,,,,,,,,,,,,,,,,,,102579232,6998935,96646838,false,false,9,2024-04-01,2024-12-31,0
2025-01-30,74190,2024-03-31,3,,,,,,,,,,,,,,,,,,,,,,,,,,,,,,,,,,,98163825,false,false,9,2023-04-01,2023-12-31,-1
2025-05-07,74190,2025-03-31,,853427000000,0.121,,,,,48371000000,0.583,51197000000,0.554,,32292000000,,334.97,319.49,0.172,0.087,0.057,,623810000000,208307000000,0.324,2110.39,202143000000,44078000000,-37172000000,23858000000,65664000000,,0.134,,,,,,true,false,12,2024-04-01,2025-03-31,0
2025-05-07,74190,2024-03-31,,761301000000,0.216,,,,,30560000000,-0.090,32937000000,-0.091,,19979000000,,203.67,201.11,0.121,0.060,0.040,,547142000000,178920000000,0.318,1779.53,174190000000,58197000000,-14135000000,-45803000000,34960000000,,0.162,,,,,,true,false,12,2023-04-01,2024-03-31,-1
2025-05-07,74190,2026-03-31,,420000000000,0.068,,,,,22000000000,0.102,24000000000,0.119,,15000000000,,156.60,,,,,,,,,,,,,,,,,,,,,,true,true,6,2025-04-01,2025-09-30,1
2025-05-07,74190,2026-03-31,,900000000000,0.055,,,,,50000000000,0.034,54000000000,0.055,,35000000000,,365.40,,,,,,,,,,,,,,,,0.126,,,,,,true,true,12,2025-04-01,2026-03-31,1
2025-05-07,74190,2025-03-31,,314342000000,0.127,,,,,17939000000,0.251,26037000000,0.164,19557000000,,0.160,202.88,193.50,,,,,278092000000,162065000000,0.573,1662.48,159240000000,,,,,45.00,,,,102579232,6794435,96403293,false,false,12,2024-04-01,2025-03-31,0
2025-05-07,74190,2024-03-31,,278861000000,-0.019,,,,,14342000000,-0.256,22378000000,-0.256,16860000000,,-0.263,171.87,169.71,,,,,258424000000,147149000000,0.559,1476.59,144536000000,,,,,33.00,,,,102579232,4693363,98098358,false,false,12,2023-04-01,2024-03-31,-1
2025-05-07,74190,2026-03-31,,,,,,,,,,,,,,,,,,,,,,,,,,,,,,46.00,,,,,,,false,true,12,2025-04-01,2026-03-31,1
