filing_date,code,fiscal_year_end,quarterly_period,net_sales,net_sales_change,revenue,revenue_change,operating_revenue,operating_revenue_change,operating_profit,operating_profit_change,ordinary_profit,ordinary_profit_change,net_income,net_income_of_parent,net_income_change,eps,diluted_eps,roe,roa,operating_profit_to_net_sales,operating_profit_to_revenue,total_assets,net_assets,equity_ratio,bps,owner_equity,operating_cash_flow,investing_cash_flow,financing_cash_flow,cash,dividend_per_share,payout_ratio,commemorative_dividend,extra_dividend,number_of_shares,number_of_treqsury_shares,avg_number_of_shares,is_consolidated,is_forecast,duration,period_start,period_end,period_pos
2015-07-30,74210,2016-03-31,1,20429000000,,,,,,596000000,,662000000,,,483000000,,9.95,9.94,,,,,34125000000,12981000000,0.371,260.61,12652000000,,,,,,,,,,,,true,false,3,2015-04-01,2015-06-30,0
2015-07-30,74210,2015-03-31,1,23373000000,-0.032,,,,,479000000,6.231,515000000,7.538,,140000000,,3.51,,,,,,,,,,,,,,,,,,,,,,true,false,3,2014-04-01,2014-06-30,-1
2015-07-30,74210,2016-03-31,1,45930000000,,,,,,1460000000,,1593000000,,,1356000000,,27.94,,,,,,,,,,,,,,,,,,,,,,true,true,6,2015-04-01,2015-09-30,0
2015-07-30,74210,2016-03-31,1,91162000000,,,,,,2700000000,,2953000000,,,2768000000,,57.05,,,,,,,,,,,,,,,,,,,,,,true,true,12,2015-04-01,2016-03-31,0
2015-07-30,74210,2015-03-31,1,,,,,,,,,,,,,,,,,,,,35140000000,12073000000,0.334,241.93,11737000000,,,,,,,,,,,,true,false,12,2014-04-01,2015-03-31,-1
2015-07-30,74210,2015-03-31,1,,,,,,,,,,,,,,,,,,,,,,,,,,,,,0.00,,,,55030400,6513722,,false,false,12,2014-04-01,2015-03-31,-1
2015-07-30,74210,2016-03-31,1,,,,,,,,,,,,,,,,,,,,,,,,,,,,,,,,,55030400,6481022,48523527,false,false,3,2015-04-01,2015-06-30,0
2015-07-30,74210,2015-03-31,1,,,,,,,,,,,,,,,,,,,,,,,,,,,,,,,,,,,40012164,false,false,3,2014-04-01,2014-06-30,-1
2015-10-29,74210,2016-03-31,2,42122000000,,,,,,1328000000,,1367000000,,,999000000,,20.59,20.58,,,,,33590000000,13559000000,0.394,272.21,13220000000,,,,,,,,,,,,true,false,6,2015-04-01,2015-09-30,0
2015-10-29,74210,2015-03-31,2,43360000000,-0.129,,,,,780000000,2.563,905000000,3.548,,-1181000000,,-29.53,,,,,,,,,,,,,,,,,,,,,,true,false,6,2014-04-01,2014-09-30,-1
2015-10-29,74210,2016-03-31,2,91162000000,,,,,,2700000000,,2953000000,,,2768000000,,57.05,,,,,,,,,,,,,,,,,,,,,,true,true,12,2015-04-01,2016-03-31,0
2015-10-29,74210,2015-03-31,2,,,,,,,,,,,,,,,,,,,,35140000000,12073000000,0.334,241.93,11737000000,,,,,,,,,,,,true,false,12,2014-04-01,2015-03-31,-1
2015-10-29,74210,2015-03-31,2,,,,,,,,,,,,,,,,,,,,,,,,,,,,,0.00,,,,55030400,6513722,,false,false,12,2014-04-01,2015-03-31,-1
2015-10-29,74210,2016-03-31,2,,,,,,,,,,,,,,,,,,,,,,,,,,,,,0.00,,,,,,,false,false,12,2015-04-01,2016-03-31,0
2015-10-29,74210,2016-03-31,2,,,,,,,,,,,,,,,,,,,,,,,,,,,,,,,,,49414578,847200,48540515,false,false,6,2015-04-01,2015-09-30,0
2015-10-29,74210,2015-03-31,2,,,,,,,,,,,,,,,,,,,,,,,,,,,,,,,,,,,40028710,false,false,6,2014-04-01,2014-09-30,-1
2016-01-28,74210,2016-03-31,3,61769000000,,,,,,1725000000,,1908000000,,,2061000000,,42.47,42.44,,,,,34086000000,14387000000,0.420,294.66,14313000000,,,,,,,,,,,,true,false,9,2015-04-01,2015-12-31,0
2016-01-28,74210,2015-03-31,3,60707000000,-0.159,,,,,469000000,,627000000,,,-1572000000,,-39.26,,,,,,,,,,,,,,,,,,,,,,true,false,9,2014-04-01,2014-12-31,-1
2016-01-28,74210,2016-03-31,3,91162000000,,,,,,2700000000,,2953000000,,,2768000000,,57.05,,,,,,,,,,,,,,,,,,,,,,true,true,12,2015-04-01,2016-03-31,0
2016-01-28,74210,2015-03-31,3,,,,,,,,,,,,,,,,,,,,35140000000,12073000000,0.334,241.93,11737000000,,,,,,,,,,,,true,false,12,2014-04-01,2015-03-31,-1
2016-01-28,74210,2015-03-31,3,,,,,,,,,,,,,,,,,,,,,,,,,,,,,0.00,,,,55030400,6513722,,false,false,12,2014-04-01,2015-03-31,-1
2016-01-28,74210,2016-03-31,3,,,,,,,,,,,,,,,,,,,,,,,,,,,,,0.00,,,,,,,false,false,12,2015-04-01,2016-03-31,0
2016-01-28,74210,2016-03-31,3,,,,,,,,,,,,,,,,,,,,,,,,,,,,,,,,,49414578,836400,48551019,false,false,9,2015-04-01,2015-12-31,0
2016-01-28,74210,2015-03-31,3,,,,,,,,,,,,,,,,,,,,,,,,,,,,,,,,,,,40047662,false,false,9,2014-04-01,2014-12-31,-1
,74210,2016-03-31,,,,,,,,,,,,,,,,,,,,,,,,,,,,,,20.00,,,,,,,false,true,12,2015-04-01,2016-03-31,0
,74210,2016-03-31,,,,,,,,,,,,,,,,,,,,,,,,,,,,,,0.00,,,,,,,false,false,12,2015-04-01,2016-03-31,0
,74210,2015-03-31,,,,,,,,,,,,,,,,,,,,,,,,,,,,,,0.00,,,,,,,false,false,12,2014-04-01,2015-03-31,-1
2016-04-25,74210,2016-03-31,,80320000000,-0.119,,,,,2549000000,-0.056,2723000000,-0.078,5281000000,,0.908,108.75,,,,,,,,,,,,,,,,,,,,,,true,true,12,2015-04-01,2016-03-31,0
2016-04-25,74210,2015-03-31,,87643000000,,,,,,462000000,,807000000,,-13455000000,,,-316.13,,,,,,,,,,,,,,,,,,,,,,true,false,12,2014-04-01,2015-03-31,-1
2016-04-27,74210,2016-03-31,,80320000000,,,,,,2549000000,,2723000000,,,5281000000,,108.75,108.68,0.361,0.077,0.032,,35257000000,17611000000,0.498,361.22,17558000000,3068000000,-964000000,-3705000000,5038000000,,0.191,,,,,,true,false,12,2015-04-01,2016-03-31,0
2016-04-27,74210,2015-03-31,,87643000000,,,,,,462000000,,807000000,,,-13455000000,,-316.13,,-0.960,0.019,0.005,,35140000000,12073000000,0.334,241.93,11737000000,8154000000,9000000,-2974000000,6640000000,,0.000,,,,,,true,false,12,2014-04-01,2015-03-31,-1
2016-04-27,74210,2017-03-31,,43380000000,0.030,,,,,1943000000,0.463,2070000000,0.514,,1783000000,,36.69,,,,,,,,,,,,,,,,,,,,,,true,true,6,2016-04-01,2016-09-30,1
2016-04-27,74210,2017-03-31,,86667000000,0.079,,,,,3790000000,0.487,4046000000,0.486,,3191000000,,65.67,,,,,,,,,,,,,,,,0.305,,,,,,true,true,12,2016-04-01,2017-03-31,1
2016-04-27,74210,2016-03-31,,37703000000,,,,,,1420000000,,1566000000,,5609000000,,,115.52,115.45,,,,,35642000000,18329000000,0.513,375.99,18275000000,,,,,20.00,,,,49414578,806310,48561250,false,false,12,2015-04-01,2016-03-31,0
2016-04-27,74210,2015-03-31,,14157000000,,,,,,268000000,,432000000,,-15167000000,,,-356.37,,,,,,29286000000,12561000000,0.427,257.60,12498000000,,,,,0.00,,,,55030400,6513722,42561885,false,false,12,2014-04-01,2015-03-31,-1
2016-04-27,74210,2017-03-31,,,,,,,,,,,,,,,,,,,,,,,,,,,,,,20.00,,,,,,,false,true,12,2016-04-01,2017-03-31,1
2016-07-28,74210,2017-03-31,1,19005000000,-0.070,,,,,-226000000,,-241000000,,,-116000000,,-2.40,,,,,,33596000000,16684000000,0.495,342.07,16630000000,,,,,,,,,,,,true,false,3,2016-04-01,2016-06-30,0
2016-07-28,74210,2016-03-31,1,20429000000,,,,,,596000000,,662000000,,,483000000,,9.95,9.94,,,,,,,,,,,,,,,,,,,,,true,false,3,2015-04-01,2015-06-30,-1
2016-07-28,74210,2017-03-31,1,43380000000,0.030,,,,,1943000000,0.463,2070000000,0.514,,1783000000,,36.69,,,,,,,,,,,,,,,,,,,,,,true,true,6,2016-04-01,2016-09-30,0
2016-07-28,74210,2017-03-31,1,86667000000,0.079,,,,,3790000000,0.487,4046000000,0.486,,3191000000,,65.67,,,,,,,,,,,,,,,,,,,,,,true,true,12,2016-04-01,2017-03-31,0
2016-07-28,74210,2016-03-31,1,,,,,,,,,,,,,,,,,,,,35257000000,17611000000,0.498,361.22,17558000000,,,,,,,,,,,,true,false,12,2015-04-01,2016-03-31,-1
2016-07-28,74210,2016-03-31,1,,,,,,,,,,,,,,,,,,,,,,,,,,,,,20.00,,,,49414578,806310,,false,false,12,2015-04-01,2016-03-31,-1
2016-07-28,74210,2017-03-31,1,,,,,,,,,,,,,,,,,,,,,,,,,,,,,20.00,,,,,,,false,true,12,2016-04-01,2017-03-31,0
2016-07-28,74210,2017-03-31,1,,,,,,,,,,,,,,,,,,,,,,,,,,,,,,,,,49414578,796410,48612210,false,false,3,2016-04-01,2016-06-30,0
2016-07-28,74210,2016-03-31,1,,,,,,,,,,,,,,,,,,,,,,,,,,,,,,,,,,,48523527,false,false,3,2015-04-01,2015-06-30,-1
2016-10-27,74210,2017-03-31,,39870000000,-0.081,,,,,144000000,-0.926,214000000,-0.897,,283000000,,5.84,,,,,,,,,,,,,,,,,,,,,,true,true,6,2016-04-01,2016-09-30,0
2016-10-27,74210,2016-03-31,,42122000000,,,,,,1328000000,,1367000000,,,999000000,,20.59,,,,,,,,,,,,,,,,,,,,,,true,false,6,2015-04-01,2015-09-30,-1
2016-10-27,74210,2017-03-31,,82684000000,-0.046,,,,,1934000000,-0.490,2114000000,-0.478,,1177000000,,24.21,,,,,,,,,,,,,,,,,,,,,,true,true,12,2016-04-01,2017-03-31,0
2016-10-27,74210,2016-03-31,,80320000000,,,,,,2549000000,,2723000000,,,5281000000,,108.75,,,,,,,,,,,,,,,,,,,,,,true,false,12,2015-04-01,2016-03-31,-1
2016-10-28,74210,2017-03-31,2,39870000000,-0.053,,,,,144000000,-0.891,214000000,-0.843,,283000000,,5.84,5.83,,,,,33147000000,17058000000,0.513,349.56,17008000000,,,,,,,,,,,,true,false,6,2016-04-01,2016-09-30,0
2016-10-28,74210,2016-03-31,2,42122000000,,,,,,1328000000,,1367000000,,,999000000,,20.59,20.58,,,,,,,,,,,,,,,,,,,,,true,false,6,2015-04-01,2015-09-30,-1
2016-10-28,74210,2017-03-31,2,82684000000,0.029,,,,,1934000000,-0.241,2114000000,-0.224,,1177000000,,24.21,,,,,,,,,,,,,,,,,,,,,,true,true,12,2016-04-01,2017-03-31,0
2016-10-28,74210,2016-03-31,2,,,,,,,,,,,,,,,,,,,,35257000000,17611000000,0.498,361.22,17558000000,,,,,,,,,,,,true,false,12,2015-04-01,2016-03-31,-1
2016-10-28,74210,2016-03-31,2,,,,,,,,,,,,,,,,,,,,,,,,,,,,,20.00,,,,49414578,806310,,false,false,12,2015-04-01,2016-03-31,-1
2016-10-28,74210,2017-03-31,2,,,,,,,,,,,,,,,,,,,,,,,,,,,,,0.00,,,,,,,false,false,12,2016-04-01,2017-03-31,0
2016-10-28,74210,2017-03-31,2,,,,,,,,,,,,,,,,,,,,,,,,,,,,,20.00,,,,,,,false,true,12,2016-04-01,2017-03-31,0
2016-10-28,74210,2017-03-31,2,,,,,,,,,,,,,,,,,,,,,,,,,,,,,,,,,49414578,757948,48623348,false,false,6,2016-04-01,2016-09-30,0
2016-10-28,74210,2016-03-31,2,,,,,,,,,,,,,,,,,,,,,,,,,,,,,,,,,,,48540515,false,false,6,2015-04-01,2015-09-30,-1
2017-02-10,74210,2017-03-31,3,59920000000,-0.030,,,,,-662000000,,-512000000,,,-5570000000,,-114.53,,,,,,31058000000,11202000000,0.359,229.22,11155000000,,,,,,,,,,,,true,false,9,2016-04-01,2016-12-31,0
2017-02-10,74210,2016-03-31,3,61769000000,,,,,,1725000000,,1908000000,,,2061000000,,42.47,42.44,,,,,,,,,,,,,,,,,,,,,true,false,9,2015-04-01,2015-12-31,-1
2017-02-10,74210,2017-03-31,3,78832000000,-0.019,,,,,-934000000,,-737000000,,,-5904000000,,-121.39,,,,,,,,,,,,,,,,,,,,,,true,true,12,2016-04-01,2017-03-31,0
2017-02-10,74210,2016-03-31,3,,,,,,,,,,,,,,,,,,,,35257000000,17611000000,0.498,361.22,17558000000,,,,,,,,,,,,true,false,12,2015-04-01,2016-03-31,-1
2017-02-10,74210,2016-03-31,3,,,,,,,,,,,,,,,,,,,,,,,,,,,,,20.00,,,,49414578,806310,,false,false,12,2015-04-01,2016-03-31,-1
2017-02-10,74210,2017-03-31,3,,,,,,,,,,,,,,,,,,,,,,,,,,,,,0.00,,,,,,,false,false,12,2016-04-01,2017-03-31,0
2017-02-10,74210,2017-03-31,3,,,,,,,,,,,,,,,,,,,,,,,,,,,,,0.00,,,,,,,false,true,12,2016-04-01,2017-03-31,0
2017-02-10,74210,2017-03-31,3,,,,,,,,,,,,,,,,,,,,,,,,,,,,,,,,,49414578,749248,48635687,false,false,9,2016-04-01,2016-12-31,0
2017-02-10,74210,2016-03-31,3,,,,,,,,,,,,,,,,,,,,,,,,,,,,,,,,,,,48551019,false,false,9,2015-04-01,2015-12-31,-1
2017-04-27,74210,2017-03-31,,79422000000,0.007,,,,,-524000000,,-349000000,,,-5807000000,,-119.38,,,,,,,,,,,,,,,,,,,,,,true,true,12,2016-04-01,2017-03-31,0
2017-04-27,74210,2016-03-31,,80320000000,,,,,,2549000000,,2723000000,,,5281000000,,108.75,,,,,,,,,,,,,,,,,,,,,,true,false,12,2015-04-01,2016-03-31,-1
2017-04-28,74210,2017-03-31,,79422000000,-0.011,,,,,-524000000,,-349000000,,,-5807000000,,-119.38,,-0.407,-0.011,-0.007,,29621000000,11008000000,0.370,225.29,10970000000,1945000000,-1367000000,-1080000000,4493000000,,0.000,,,,,,true,false,12,2016-04-01,2017-03-31,0
2017-04-28,74210,2016-03-31,,80320000000,,,,,,2549000000,,2723000000,,,5281000000,,108.75,108.68,0.361,0.077,0.032,,35257000000,17611000000,0.498,361.22,17558000000,3068000000,-964000000,-3705000000,5038000000,,0.191,,,,,,true,false,12,2015-04-01,2016-03-31,-1
2017-04-28,74210,2018-03-31,,81268000000,0.023,,,,,2521000000,,2703000000,,,1383000000,,28.43,,,,,,,,,,,,,,,,,,,,,,true,true,12,2017-04-01,2018-03-31,1
2017-04-28,74210,2017-03-31,,66257000000,0.757,,,,,-668000000,,-522000000,,-6304000000,,,-129.63,,,,,,27687000000,11150000000,0.401,228.22,11113000000,,,,,0.00,,,,49414578,717648,48647434,false,false,12,2016-04-01,2017-03-31,0
2017-04-28,74210,2016-03-31,,37703000000,,,,,,1420000000,,1566000000,,5609000000,,,115.52,115.45,,,,,35642000000,18329000000,0.513,375.99,18275000000,,,,,20.00,,,,49414578,806310,48561250,false,false,12,2015-04-01,2016-03-31,-1
2017-07-31,74210,2018-03-31,1,19420000000,0.022,,,,,193000000,,242000000,,,129000000,,2.66,2.65,,,,,29646000000,11188000000,0.376,228.96,11153000000,,,,,,,,,,,,true,false,3,2017-04-01,2017-06-30,0
2017-07-31,74210,2017-03-31,1,19005000000,-0.070,,,,,-226000000,,-241000000,,,-116000000,,-2.40,,,,,,,,,,,,,,,,,,,,,,true,false,3,2016-04-01,2016-06-30,-1
2017-07-31,74210,2018-03-31,1,81268000000,0.023,,,,,2521000000,,2703000000,,,1383000000,,28.43,,,,,,,,,,,,,,,,,,,,,,true,true,12,2017-04-01,2018-03-31,0
2017-07-31,74210,2017-03-31,1,,,,,,,,,,,,,,,,,,,,29621000000,11008000000,0.370,225.29,10970000000,,,,,,,,,,,,true,false,12,2016-04-01,2017-03-31,-1
2017-07-31,74210,2017-03-31,1,,,,,,,,,,,,,,,,,,,,,,,,,,,,,0.00,,,,49414578,717648,,false,false,12,2016-04-01,2017-03-31,-1
2017-07-31,74210,2018-03-31,1,,,,,,,,,,,,,,,,,,,,,,,,,,,,,0.00,,,,,,,false,true,12,2017-04-01,2018-03-31,0
2017-07-31,74210,2018-03-31,1,,,,,,,,,,,,,,,,,,,,,,,,,,,,,,,,,49414578,701348,48702795,false,false,3,2017-04-01,2017-06-30,0
2017-07-31,74210,2017-03-31,1,,,,,,,,,,,,,,,,,,,,,,,,,,,,,,,,,,,48612210,false,false,3,2016-04-01,2016-06-30,-1
2017-07-31,74210,2018-03-31,1,19420000000,0.022,,,,,193000000,,242000000,,,129000000,,2.66,2.65,,,,,29646000000,11188000000,0.376,228.96,11153000000,,,,,,,,,,,,true,false,3,2017-04-01,2017-06-30,0
2017-07-31,74210,2017-03-31,1,19005000000,-0.070,,,,,-226000000,,-241000000,,,-116000000,,-2.40,,,,,,,,,,,,,,,,,,,,,,true,false,3,2016-04-01,2016-06-30,-1
2017-07-31,74210,2018-03-31,1,81268000000,0.023,,,,,2521000000,,2703000000,,,1383000000,,28.43,,,,,,,,,,,,,,,,,,,,,,true,true,12,2017-04-01,2018-03-31,0
2017-07-31,74210,2017-03-31,1,,,,,,,,,,,,,,,,,,,,29621000000,11008000000,0.370,225.29,10970000000,,,,,,,,,,,,true,false,12,2016-04-01,2017-03-31,-1
2017-07-31,74210,2017-03-31,1,,,,,,,,,,,,,,,,,,,,,,,,,,,,,0.00,,,,49414578,717648,,false,false,12,2016-04-01,2017-03-31,-1
2017-07-31,74210,2018-03-31,1,,,,,,,,,,,,,,,,,,,,,,,,,,,,,,,,,49414578,701348,48702795,false,false,3,2017-04-01,2017-06-30,0
2017-07-31,74210,2017-03-31,1,,,,,,,,,,,,,,,,,,,,,,,,,,,,,,,,,,,48612210,false,false,3,2016-04-01,2016-06-30,-1
2017-10-31,74210,2018-03-31,2,40108000000,0.006,,,,,292000000,1.027,380000000,0.775,,256000000,,5.27,5.27,,,,,31829000000,11318000000,0.355,231.58,11284000000,,,,,,,,,,,,true,false,6,2017-04-01,2017-09-30,0
2017-10-31,74210,2017-03-31,2,39870000000,-0.053,,,,,144000000,-0.891,214000000,-0.843,,283000000,,5.84,5.83,,,,,,,,,,,,,,,,,,,,,true,false,6,2016-04-01,2016-09-30,-1
2017-10-31,74210,2018-03-31,2,81268000000,0.023,,,,,2521000000,,2703000000,,,1383000000,,28.43,,,,,,,,,,,,,,,,,,,,,,true,true,12,2017-04-01,2018-03-31,0
2017-10-31,74210,2017-03-31,2,,,,,,,,,,,,,,,,,,,,29621000000,11008000000,0.370,225.29,10970000000,,,,,,,,,,,,true,false,12,2016-04-01,2017-03-31,-1
2017-10-31,74210,2017-03-31,2,,,,,,,,,,,,,,,,,,,,,,,,,,,,,0.00,,,,49414578,717648,,false,false,12,2016-04-01,2017-03-31,-1
2017-10-31,74210,2018-03-31,2,,,,,,,,,,,,,,,,,,,,,,,,,,,,,0.00,,,,,,,false,false,12,2017-04-01,2018-03-31,0
2017-10-31,74210,2018-03-31,2,,,,,,,,,,,,,,,,,,,,,,,,,,,,,,,,,49414578,685748,48711534,false,false,6,2017-04-01,2017-09-30,0
2017-10-31,74210,2017-03-31,2,,,,,,,,,,,,,,,,,,,,,,,,,,,,,,,,,,,48623348,false,false,6,2016-04-01,2016-09-30,-1
2018-01-30,74210,2018-03-31,,78389000000,-0.035,,,,,504000000,-0.800,696000000,-0.743,,781000000,,16.03,,,,,,,,,,,,,,,,,,,,,,true,true,12,2017-04-01,2018-03-31,0
2018-01-30,74210,2017-03-31,,79422000000,,,,,,-524000000,,-349000000,,,-5807000000,,-119.38,,,,,,,,,,,,,,,,,,,,,,true,false,12,2016-04-01,2017-03-31,-1
2018-01-31,74210,2018-03-31,3,59532000000,-0.006,,,,,381000000,,532000000,,,365000000,,7.51,7.51,,,,,32181000000,11403000000,0.353,233.29,11369000000,,,,,,,,,,,,true,false,9,2017-04-01,2017-12-31,0
2018-01-31,74210,2017-03-31,3,59920000000,-0.030,,,,,-662000000,,-512000000,,,-5570000000,,-114.53,,,,,,,,,,,,,,,,,,,,,,true,false,9,2016-04-01,2016-12-31,-1
2018-01-31,74210,2018-03-31,3,78389000000,-0.013,,,,,504000000,,696000000,,,781000000,,16.03,,,,,,,,,,,,,,,,,,,,,,true,true,12,2017-04-01,2018-03-31,0
2018-01-31,74210,2017-03-31,3,,,,,,,,,,,,,,,,,,,,29621000000,11008000000,0.370,225.29,10970000000,,,,,,,,,,,,true,false,12,2016-04-01,2017-03-31,-1
2018-01-31,74210,2017-03-31,3,,,,,,,,,,,,,,,,,,,,,,,,,,,,,0.00,,,,49414578,717648,,false,false,12,2016-04-01,2017-03-31,-1
2018-01-31,74210,2018-03-31,3,,,,,,,,,,,,,,,,,,,,,,,,,,,,,0.00,,,,,,,false,false,12,2017-04-01,2018-03-31,0
2018-01-31,74210,2018-03-31,3,,,,,,,,,,,,,,,,,,,,,,,,,,,,,,,,,49414578,678048,48718358,false,false,9,2017-04-01,2017-12-31,0
2018-01-31,74210,2017-03-31,3,,,,,,,,,,,,,,,,,,,,,,,,,,,,,,,,,,,48635687,false,false,9,2016-04-01,2016-12-31,-1
,74210,2018-03-31,,,,,,,,,,,,,,,,,,,,,,,,,,,,,,5.00,,,,,,,false,true,12,2017-04-01,2018-03-31,0
,74210,2018-03-31,,,,,,,,,,,,,,,,,,,,,,,,,,,,,,0.00,,,,,,,false,false,12,2017-04-01,2018-03-31,0
,74210,2017-03-31,,,,,,,,,,,,,,,,,,,,,,,,,,,,,,0.00,,,,,,,false,false,12,2016-04-01,2017-03-31,-1
2018-04-27,74210,2018-03-31,,78728000000,-0.009,,,,,378000000,,516000000,,,810000000,,16.63,16.62,0.071,0.017,0.005,,32027000000,11914000000,0.371,243.70,11880000000,2533000000,1375000000,-806000000,7617000000,,0.301,,,,,,true,false,12,2017-04-01,2018-03-31,0
2018-04-27,74210,2017-03-31,,79422000000,-0.011,,,,,-524000000,,-349000000,,,-5807000000,,-119.38,,-0.407,-0.011,-0.007,,29621000000,11008000000,0.370,225.29,10970000000,1945000000,-1367000000,-1080000000,4493000000,,0.000,,,,,,true,false,12,2016-04-01,2017-03-31,-1
2018-04-27,74210,2019-03-31,,81533000000,0.036,,,,,1631000000,3.315,1714000000,2.317,,798000000,,16.18,,,,,,,,,,,,,,,,,,,,,,true,true,12,2018-04-01,2019-03-31,1
2018-04-27,74210,2018-03-31,,65132000000,-0.017,,,,,260000000,,540000000,,762000000,,,15.65,15.65,,,,,29870000000,11977000000,0.400,245.00,11943000000,,,,,5.00,,,,49414578,665048,48724568,false,false,12,2017-04-01,2018-03-31,0
2018-04-27,74210,2017-03-31,,66257000000,0.757,,,,,-668000000,,-330000000,,-6304000000,,,-129.60,,,,,,27687000000,11150000000,0.401,228.22,11113000000,,,,,0.00,,,,49414578,717648,48647434,false,false,12,2016-04-01,2017-03-31,-1
2018-07-31,74210,2019-03-31,1,19124000000,-0.015,,,,,108000000,-0.442,166000000,-0.314,,100000000,,2.07,2.07,,,,,31810000000,11782000000,0.369,240.95,11748000000,,,,,,,,,,,,true,false,3,2018-04-01,2018-06-30,0
2018-07-31,74210,2018-03-31,1,19420000000,0.022,,,,,193000000,,242000000,,,129000000,,2.66,2.65,,,,,,,,,,,,,,,,,,,,,true,false,3,2017-04-01,2017-06-30,-1
2018-07-31,74210,2019-03-31,1,81533000000,0.036,,,,,1631000000,3.315,1714000000,2.317,,798000000,,16.18,,,,,,,,,,,,,,,,,,,,,,true,true,12,2018-04-01,2019-03-31,0
2018-07-31,74210,2018-03-31,1,,,,,,,,,,,,,,,,,,,,32027000000,11914000000,0.371,243.70,11880000000,,,,,,,,,,,,true,false,12,2017-04-01,2018-03-31,-1
2018-07-31,74210,2018-03-31,1,,,,,,,,,,,,,,,,,,,,,,,,,,,,,5.00,,,,49414578,665048,,false,false,12,2017-04-01,2018-03-31,-1
2018-07-31,74210,2019-03-31,1,,,,,,,,,,,,,,,,,,,,,,,,,,,,,,,,,49414578,658048,48752451,false,false,3,2018-04-01,2018-06-30,0
2018-07-31,74210,2018-03-31,1,,,,,,,,,,,,,,,,,,,,,,,,,,,,,,,,,,,48702795,false,false,3,2017-04-01,2017-06-30,-1
2018-10-31,74210,2019-03-31,2,39517000000,-0.015,,,,,616000000,1.106,734000000,0.930,,564000000,,11.57,11.56,,,,,31397000000,12263000000,0.389,250.76,12229000000,,,,,,,,,,,,true,false,6,2018-04-01,2018-09-30,0
2018-10-31,74210,2018-03-31,2,40108000000,0.006,,,,,292000000,1.027,380000000,0.775,,256000000,,5.27,5.27,,,,,,,,,,,,,,,,,,,,,true,false,6,2017-04-01,2017-09-30,-1
2018-10-31,74210,2019-03-31,2,81533000000,0.036,,,,,1631000000,3.315,1714000000,2.317,,798000000,,16.18,,,,,,,,,,,,,,,,,,,,,,true,true,12,2018-04-01,2019-03-31,0
2018-10-31,74210,2018-03-31,2,,,,,,,,,,,,,,,,,,,,32027000000,11914000000,0.371,243.70,11880000000,,,,,,,,,,,,true,false,12,2017-04-01,2018-03-31,-1
2018-10-31,74210,2018-03-31,2,,,,,,,,,,,,,,,,,,,,,,,,,,,,,5.00,,,,49414578,665048,,false,false,12,2017-04-01,2018-03-31,-1
2018-10-31,74210,2019-03-31,2,,,,,,,,,,,,,,,,,,,,,,,,,,,,,0.00,,,,,,,false,false,12,2018-04-01,2019-03-31,0
2018-10-31,74210,2019-03-31,2,,,,,,,,,,,,,,,,,,,,,,,,,,,,,,,,,49414578,645448,48756993,false,false,6,2018-04-01,2018-09-30,0
2018-10-31,74210,2018-03-31,2,,,,,,,,,,,,,,,,,,,,,,,,,,,,,,,,,,,48711534,false,false,6,2017-04-01,2017-09-30,-1
2019-01-31,74210,2019-03-31,3,58143000000,-0.023,,,,,479000000,0.257,655000000,0.231,,419000000,,8.60,8.59,,,,,31311000000,12129000000,0.386,247.97,12091000000,,,,,,,,,,,,true,false,9,2018-04-01,2018-12-31,0
2019-01-31,74210,2018-03-31,3,59532000000,-0.006,,,,,381000000,,532000000,,,365000000,,7.51,7.51,,,,,,,,,,,,,,,,,,,,,true,false,9,2017-04-01,2017-12-31,-1
2019-01-31,74210,2019-03-31,3,81533000000,0.036,,,,,1631000000,3.315,1714000000,2.317,,798000000,,16.18,,,,,,,,,,,,,,,,,,,,,,true,true,12,2018-04-01,2019-03-31,0
2019-01-31,74210,2018-03-31,3,,,,,,,,,,,,,,,,,,,,32027000000,11914000000,0.371,243.70,11880000000,,,,,,,,,,,,true,false,12,2017-04-01,2018-03-31,-1
2019-01-31,74210,2018-03-31,3,,,,,,,,,,,,,,,,,,,,,,,,,,,,,5.00,,,,49414578,665048,,false,false,12,2017-04-01,2018-03-31,-1
2019-01-31,74210,2019-03-31,3,,,,,,,,,,,,,,,,,,,,,,,,,,,,,0.00,,,,,,,false,false,12,2018-04-01,2019-03-31,0
2019-01-31,74210,2019-03-31,3,,,,,,,,,,,,,,,,,,,,,,,,,,,,,,,,,49414578,638848,48761942,false,false,9,2018-04-01,2018-12-31,0
2019-01-31,74210,2018-03-31,3,,,,,,,,,,,,,,,,,,,,,,,,,,,,,,,,,,,48718358,false,false,9,2017-04-01,2017-12-31,-1
2019-05-08,74210,2019-03-31,,76158000000,-0.066,,,,,629000000,-0.614,760000000,-0.557,142000000,,-0.822,2.92,,,,,,,,,,,,,,,,,,,,,,true,true,12,2018-04-01,2019-03-31,0
2019-05-08,74210,2018-03-31,,78728000000,,,,,,378000000,,516000000,,810000000,,,16.63,,,,,,,,,,,,,,,,,,,,,,true,false,12,2017-04-01,2018-03-31,-1
2019-05-08,74210,2019-03-31,,,,,,,,,,,,,,,,,,,,,,,,,,,,,,5.00,,,,,,,false,true,12,2018-04-01,2019-03-31,0
2019-05-08,74210,2019-03-31,,,,,,,,,,,,,,,,,,,,,,,,,,,,,,0.00,,,,,,,false,false,12,2018-04-01,2019-03-31,0
2019-05-08,74210,2018-03-31,,,,,,,,,,,,,,,,,,,,,,,,,,,,,,5.00,,,,,,,false,false,12,2017-04-01,2018-03-31,-1
2019-05-09,74210,2019-03-31,,76158000000,-0.033,,,,,629000000,0.665,760000000,0.470,,142000000,,2.92,2.92,0.012,0.025,0.008,,29130000000,11905000000,0.408,243.22,11873000000,1780000000,-1084000000,-3230000000,5083000000,,0.330,,,,,,true,false,12,2018-04-01,2019-03-31,0
2019-05-09,74210,2018-03-31,,78728000000,-0.009,,,,,378000000,,516000000,,,810000000,,16.63,16.62,0.071,0.017,0.005,,32027000000,11914000000,0.371,243.70,11880000000,2533000000,1375000000,-806000000,7617000000,,0.301,,,,,,true,false,12,2017-04-01,2018-03-31,-1
2019-05-09,74210,2020-03-31,,78385000000,0.029,,,,,1409000000,1.240,1500000000,0.974,,740000000,,15.16,,,,,,,,,,,,,,,,,,,,,,true,true,12,2019-04-01,2020-03-31,1
2019-05-09,74210,2019-03-31,,63427000000,-0.026,,,,,514000000,0.974,640000000,0.186,21000000,,-0.972,0.44,0.44,,,,,27010000000,11841000000,0.438,242.07,11818000000,,,,,5.00,,,,49414578,594148,48769628,false,false,12,2018-04-01,2019-03-31,0
2019-05-09,74210,2018-03-31,,65132000000,-0.017,,,,,260000000,,540000000,,762000000,,,15.65,15.65,,,,,29870000000,11977000000,0.400,245.00,11943000000,,,,,5.00,,,,49414578,665048,48724568,false,false,12,2017-04-01,2018-03-31,-1
2019-05-09,74210,2019-03-31,,76158000000,-0.033,,,,,629000000,0.665,760000000,0.470,,142000000,,2.92,2.92,0.012,0.025,0.008,,29130000000,11905000000,0.408,243.22,11873000000,1780000000,-1084000000,-3230000000,5083000000,,1.712,,,,,,true,false,12,2018-04-01,2019-03-31,0
2019-05-09,74210,2018-03-31,,78728000000,-0.009,,,,,378000000,,516000000,,,810000000,,16.63,16.62,0.071,0.017,0.005,,32027000000,11914000000,0.371,243.70,11880000000,2533000000,1375000000,-806000000,7617000000,,0.301,,,,,,true,false,12,2017-04-01,2018-03-31,-1
2019-05-09,74210,2020-03-31,,78385000000,0.029,,,,,1409000000,1.240,1500000000,0.974,,740000000,,15.16,,,,,,,,,,,,,,,,,,,,,,true,true,12,2019-04-01,2020-03-31,1
2019-05-09,74210,2019-03-31,,63427000000,-0.026,,,,,514000000,0.974,640000000,0.186,21000000,,-0.972,0.44,0.44,,,,,27010000000,11841000000,0.438,242.07,11818000000,,,,,5.00,,,,49414578,594148,48769628,false,false,12,2018-04-01,2019-03-31,0
2019-05-09,74210,2018-03-31,,65132000000,-0.017,,,,,260000000,,540000000,,762000000,,,15.65,15.65,,,,,29870000000,11977000000,0.400,245.00,11943000000,,,,,5.00,,,,49414578,665048,48724568,false,false,12,2017-04-01,2018-03-31,-1
2019-07-31,74210,2020-03-31,1,18911000000,-0.011,,,,,305000000,1.829,412000000,1.475,,303000000,,6.22,6.21,,,,,28827000000,11973000000,0.414,244.57,11941000000,,,,,,,,,,,,true,false,3,2019-04-01,2019-06-30,0
2019-07-31,74210,2019-03-31,1,19124000000,-0.015,,,,,108000000,-0.442,166000000,-0.314,,100000000,,2.07,2.07,,,,,,,,,,,,,,,,,,,,,true,false,3,2018-04-01,2018-06-30,-1
2019-07-31,74210,2020-03-31,1,78385000000,0.029,,,,,1409000000,1.240,1500000000,0.974,,740000000,,15.16,,,,,,,,,,,,,,,,,,,,,,true,true,12,2019-04-01,2020-03-31,0
2019-07-31,74210,2019-03-31,1,,,,,,,,,,,,,,,,,,,,29130000000,11905000000,0.408,243.22,11873000000,,,,,,,,,,,,true,false,12,2018-04-01,2019-03-31,-1
2019-07-31,74210,2019-03-31,1,,,,,,,,,,,,,,,,,,,,,,,,,,,,,5.00,,,,49414578,594148,,false,false,12,2018-04-01,2019-03-31,-1
2019-07-31,74210,2020-03-31,1,,,,,,,,,,,,,,,,,,,,,,,,,,,,,,,,,49414578,586548,48823168,false,false,3,2019-04-01,2019-06-30,0
2019-07-31,74210,2019-03-31,1,,,,,,,,,,,,,,,,,,,,,,,,,,,,,,,,,,,48752451,false,false,3,2018-04-01,2018-06-30,-1
2019-10-31,74210,2020-03-31,2,38958000000,-0.014,,,,,1269000000,1.060,1409000000,0.920,,1068000000,,21.84,21.84,,,,,31301000000,13419000000,0.428,271.85,13411000000,,,,,,,,,,,,true,false,6,2019-04-01,2019-09-30,0
2019-10-31,74210,2019-03-31,2,39517000000,-0.015,,,,,616000000,1.106,734000000,0.930,,564000000,,11.57,11.56,,,,,,,,,,,,,,,,,,,,,true,false,6,2018-04-01,2018-09-30,-1
2019-10-31,74210,2020-03-31,2,78385000000,0.029,,,,,1610000000,1.560,1800000000,1.368,,890000000,,18.04,,,,,,,,,,,,,,,,,,,,,,true,true,12,2019-04-01,2020-03-31,0
2019-10-31,74210,2019-03-31,2,,,,,,,,,,,,,,,,,,,,29130000000,11905000000,0.408,243.22,11873000000,,,,,,,,,,,,true,false,12,2018-04-01,2019-03-31,-1
2019-10-31,74210,2019-03-31,2,,,,,,,,,,,,,,,,,,,,,,,,,,,,,5.00,,,,49414578,594148,,false,false,12,2018-04-01,2019-03-31,-1
2019-10-31,74210,2020-03-31,2,,,,,,,,,,,,,,,,,,,,,,,,,,,,,0.00,,,,,,,false,false,12,2019-04-01,2020-03-31,0
2019-10-31,74210,2020-03-31,2,,,,,,,,,,,,,,,,,,,,,,,,,,,,,,,,,49414578,82048,48939227,false,false,6,2019-04-01,2019-09-30,0
2019-10-31,74210,2019-03-31,2,,,,,,,,,,,,,,,,,,,,,,,,,,,,,,,,,,,48756993,false,false,6,2018-04-01,2018-09-30,-1
2020-01-31,74210,2020-03-31,3,57574000000,-0.010,,,,,1207000000,1.520,1420000000,1.169,,1051000000,,21.43,,,,,,32317000000,13403000000,0.414,271.51,13394000000,,,,,,,,,,,,true,false,9,2019-04-01,2019-12-31,0
2020-01-31,74210,2019-03-31,3,58143000000,-0.023,,,,,479000000,0.257,655000000,0.231,,419000000,,8.60,8.59,,,,,,,,,,,,,,,,,,,,,true,false,9,2018-04-01,2018-12-31,-1
2020-01-31,74210,2020-03-31,3,78385000000,0.029,,,,,1610000000,1.560,1800000000,1.368,,890000000,,18.04,,,,,,,,,,,,,,,,,,,,,,true,true,12,2019-04-01,2020-03-31,0
2020-01-31,74210,2019-03-31,3,,,,,,,,,,,,,,,,,,,,29130000000,11905000000,0.408,243.22,11873000000,,,,,,,,,,,,true,false,12,2018-04-01,2019-03-31,-1
2020-01-31,74210,2019-03-31,3,,,,,,,,,,,,,,,,,,,,,,,,,,,,,5.00,,,,49414578,594148,,false,false,12,2018-04-01,2019-03-31,-1
2020-01-31,74210,2020-03-31,3,,,,,,,,,,,,,,,,,,,,,,,,,,,,,0.00,,,,,,,false,false,12,2019-04-01,2020-03-31,0
2020-01-31,74210,2020-03-31,3,,,,,,,,,,,,,,,,,,,,,,,,,,,,,,,,,49414578,82048,49070805,false,false,9,2019-04-01,2019-12-31,0
2020-01-31,74210,2019-03-31,3,,,,,,,,,,,,,,,,,,,,,,,,,,,,,,,,,,,48761942,false,false,9,2018-04-01,2018-12-31,-1
2020-05-22,74210,2020-03-31,,74814000000,-0.018,,,,,1057000000,0.681,1529000000,1.011,,-267000000,,-5.45,,-0.022,0.053,0.014,,28926000000,12082000000,0.418,244.83,12077000000,3748000000,-2124000000,-765000000,5941000000,,0.000,,,,,,true,false,12,2019-04-01,2020-03-31,0
2020-05-22,74210,2019-03-31,,76158000000,-0.033,,,,,629000000,0.665,760000000,0.470,,142000000,,2.92,2.92,0.012,0.025,0.008,,29130000000,11905000000,0.408,243.22,11873000000,1780000000,-1084000000,-3230000000,5083000000,,1.729,,,,,,true,false,12,2018-04-01,2019-03-31,-1
2020-05-22,74210,2020-03-31,,62499000000,-0.015,,,,,1080000000,1.102,1539000000,1.402,-209000000,,,-4.27,,,,,,27097000000,12081000000,0.446,244.90,12081000000,,,,,0.00,,,,49414578,82048,49135879,false,false,12,2019-04-01,2020-03-31,0
2020-05-22,74210,2019-03-31,,63427000000,-0.026,,,,,514000000,0.974,640000000,0.186,21000000,,-0.972,0.44,0.44,,,,,27010000000,11841000000,0.438,242.07,11818000000,,,,,5.00,,,,49414578,594148,48769628,false,false,12,2018-04-01,2019-03-31,-1
2020-08-07,74210,2021-03-31,1,13610000000,-0.280,,,,,-1640000000,,-1595000000,,,-1666000000,,-33.78,,,,,,29134000000,10412000000,0.357,211.06,10412000000,,,,,,,,,,,,true,false,3,2020-04-01,2020-06-30,0
2020-08-07,74210,2020-03-31,1,18911000000,-0.011,,,,,305000000,1.829,412000000,1.475,,303000000,,6.22,6.21,,,,,,,,,,,,,,,,,,,,,true,false,3,2019-04-01,2019-06-30,-1
2020-08-07,74210,2021-03-31,1,70817000000,-0.053,,,,,355000000,-0.664,397000000,-0.740,,417000000,,8.49,,,,,,,,,,,,,,,,,,,,,,true,true,12,2020-04-01,2021-03-31,0
2020-08-07,74210,2020-03-31,1,,,,,,,,,,,,,,,,,,,,28926000000,12082000000,0.418,244.83,12077000000,,,,,,,,,,,,true,false,12,2019-04-01,2020-03-31,-1
2020-08-07,74210,2020-03-31,1,,,,,,,,,,,,,,,,,,,,,,,,,,,,,0.00,,,,49414578,82048,,false,false,12,2019-04-01,2020-03-31,-1
2020-08-07,74210,2021-03-31,1,,,,,,,,,,,,,,,,,,,,,,,,,,,,,,,,,49414578,82048,49332530,false,false,3,2020-04-01,2020-06-30,0
2020-08-07,74210,2020-03-31,1,,,,,,,,,,,,,,,,,,,,,,,,,,,,,,,,,,,48823168,false,false,3,2019-04-01,2019-06-30,-1
2020-10-30,74210,2021-03-31,2,30769000000,-0.210,,,,,-1710000000,,-1637000000,,,-1868000000,,-37.87,,,,,,30526000000,10212000000,0.334,206.97,10210000000,,,,,,,,,,,,true,false,6,2020-04-01,2020-09-30,0
2020-10-30,74210,2020-03-31,2,38958000000,-0.014,,,,,1269000000,1.060,1409000000,0.920,,1068000000,,21.84,,,,,,,,,,,,,,,,,,,,,,true,false,6,2019-04-01,2019-09-30,-1
2020-10-30,74210,2021-03-31,2,70817000000,-0.053,,,,,355000000,-0.664,397000000,-0.740,,417000000,,8.49,,,,,,,,,,,,,,,,,,,,,,true,true,12,2020-04-01,2021-03-31,0
2020-10-30,74210,2020-03-31,2,,,,,,,,,,,,,,,,,,,,28926000000,12082000000,0.418,244.83,12077000000,,,,,,,,,,,,true,false,12,2019-04-01,2020-03-31,-1
2020-10-30,74210,2020-03-31,2,,,,,,,,,,,,,,,,,,,,,,,,,,,,,0.00,,,,49414578,82048,,false,false,12,2019-04-01,2020-03-31,-1
2020-10-30,74210,2021-03-31,2,,,,,,,,,,,,,,,,,,,,,,,,,,,,,0.00,,,,,,,false,false,12,2020-04-01,2021-03-31,0
2020-10-30,74210,2021-03-31,2,,,,,,,,,,,,,,,,,,,,,,,,,,,,,,,,,49414578,82048,49332530,false,false,6,2020-04-01,2020-09-30,0
2020-10-30,74210,2020-03-31,2,,,,,,,,,,,,,,,,,,,,,,,,,,,,,,,,,,,48939227,false,false,6,2019-04-01,2019-09-30,-1
2021-01-29,74210,2021-03-31,3,48367000000,-0.160,,,,,-1583000000,,-1465000000,,,-1789000000,,-36.27,,,,,,32826000000,10302000000,0.313,208.59,10290000000,,,,,,,,,,,,true,false,9,2020-04-01,2020-12-31,0
2021-01-29,74210,2020-03-31,3,57574000000,-0.010,,,,,1207000000,1.520,1420000000,1.169,,1051000000,,21.43,,,,,,,,,,,,,,,,,,,,,,true,false,9,2019-04-01,2019-12-31,-1
2021-01-29,74210,2021-03-31,3,70817000000,-0.053,,,,,355000000,-0.664,397000000,-0.740,,417000000,,8.49,,,,,,,,,,,,,,,,,,,,,,true,true,12,2020-04-01,2021-03-31,0
2021-01-29,74210,2020-03-31,3,,,,,,,,,,,,,,,,,,,,28926000000,12082000000,0.418,244.83,12077000000,,,,,,,,,,,,true,false,12,2019-04-01,2020-03-31,-1
2021-01-29,74210,2020-03-31,3,,,,,,,,,,,,,,,,,,,,,,,,,,,,,0.00,,,,49414578,82048,,false,false,12,2019-04-01,2020-03-31,-1
2021-01-29,74210,2021-03-31,3,,,,,,,,,,,,,,,,,,,,,,,,,,,,,0.00,,,,,,,false,false,12,2020-04-01,2021-03-31,0
2021-01-29,74210,2021-03-31,3,,,,,,,,,,,,,,,,,,,,,,,,,,,,,,,,,49414578,82048,49332530,false,false,9,2020-04-01,2020-12-31,0
2021-01-29,74210,2020-03-31,3,,,,,,,,,,,,,,,,,,,,,,,,,,,,,,,,,,,49070805,false,false,9,2019-04-01,2019-12-31,-1
2021-02-10,74210,2021-03-31,,64717000000,-0.086,,,,,-1505000000,,-1413000000,,-1100000000,,,-22.30,,,,,,,,,,,,,,,,,,,,,,true,true,12,2020-04-01,2021-03-31,0
2021-02-10,74210,2020-03-31,,71814000000,,,,,,1057000000,,1529000000,,-267000000,,,-5.45,,,,,,,,,,,,,,,,,,,,,,true,false,12,2019-04-01,2020-03-31,-1
2021-02-10,74210,2021-03-31,,,,,,,,,,,,,,,,,,,,,,,,,,,,,,0.00,,,,,,,false,true,12,2020-04-01,2021-03-31,0
2021-02-10,74210,2021-03-31,,,,,,,,,,,,,,,,,,,,,,,,,,,,,,0.00,,,,,,,false,false,12,2020-04-01,2021-03-31,0
2021-02-10,74210,2020-03-31,,,,,,,,,,,,,,,,,,,,,,,,,,,,,,0.00,,,,,,,false,false,12,2019-04-01,2020-03-31,-1
2021-04-30,74210,2021-03-31,,64881000000,-0.133,,,,,-1572000000,,-1472000000,,,-1149000000,,-23.31,,-0.100,-0.048,-0.024,,32007000000,10967000000,0.341,221.57,10930000000,-538000000,-604000000,3127000000,7924000000,,0.000,,,,,,true,false,12,2020-04-01,2021-03-31,0
2021-04-30,74210,2020-03-31,,74814000000,-0.018,,,,,1057000000,0.681,1529000000,1.011,,-267000000,,-5.45,,-0.022,0.053,0.014,,28926000000,12082000000,0.418,244.83,12077000000,3748000000,-2124000000,-765000000,5941000000,,0.000,,,,,,true,false,12,2019-04-01,2020-03-31,-1
2021-04-30,74210,2022-03-31,,73866000000,0.138,,,,,1119000000,,1171000000,,,1446000000,,29.32,,,,,,,,,,,,,,,,,,,,,,true,true,12,2021-04-01,2022-03-31,1
2021-04-30,74210,2021-03-31,,52249000000,-0.164,,,,,-1816000000,,-1705000000,,-1321000000,,,-26.79,,,,,,30072000000,10759000000,0.358,218.11,10759000000,,,,,0.00,,,,49414578,82048,49332530,false,false,12,2020-04-01,2021-03-31,0
2021-04-30,74210,2020-03-31,,62499000000,-0.015,,,,,1080000000,1.102,1539000000,1.402,-209000000,,,-4.27,,,,,,27097000000,12081000000,0.446,244.90,12081000000,,,,,0.00,,,,49414578,82048,49135879,false,false,12,2019-04-01,2020-03-31,-1
2021-07-30,74210,2022-03-31,1,16535000000,0.215,,,,,-1093000000,,-1041000000,,,-176000000,,-3.58,,,,,,31684000000,10806000000,0.339,217.97,10753000000,,,,,,,,,,,,true,false,3,2021-04-01,2021-06-30,0
2021-07-30,74210,2021-03-31,1,13610000000,-0.280,,,,,-1640000000,,-1595000000,,,-1666000000,,-33.78,,,,,,,,,,,,,,,,,,,,,,true,false,3,2020-04-01,2020-06-30,-1
2021-07-30,74210,2022-03-31,1,73866000000,0.138,,,,,1119000000,,1171000000,,,1446000000,,29.32,,,,,,,,,,,,,,,,,,,,,,true,true,12,2021-04-01,2022-03-31,0
2021-07-30,74210,2021-03-31,1,,,,,,,,,,,,,,,,,,,,32007000000,10967000000,0.341,221.57,10930000000,,,,,,,,,,,,true,false,12,2020-04-01,2021-03-31,-1
2021-07-30,74210,2021-03-31,1,,,,,,,,,,,,,,,,,,,,,,,,,,,,,0.00,,,,49414578,82048,,false,false,12,2020-04-01,2021-03-31,-1
2021-07-30,74210,2022-03-31,1,,,,,,,,,,,,,,,,,,,,,,,,,,,,,,,,,49414578,82048,49332530,false,false,3,2021-04-01,2021-06-30,0
2021-07-30,74210,2021-03-31,1,,,,,,,,,,,,,,,,,,,,,,,,,,,,,,,,,,,49332530,false,false,3,2020-04-01,2020-06-30,-1
2021-11-09,7421,2022-03-31,2,33092000000,0.076,,,,,-2063000000,,-1970000000,,,152000000,,3.09,,,,,,32646000000,11098000000,0.338,223.67,11035000000,,,,,,,,,,,,true,false,6,2021-04-01,2021-09-30,0
2021-11-09,7421,2021-03-31,2,30769000000,-0.210,,,,,-1710000000,,-1637000000,,,-1868000000,,-37.87,,,,,,,,,,,,,,,,,,,,,,true,false,6,2020-04-01,2020-09-30,-1
2021-11-09,7421,2022-03-31,2,69564000000,0.072,,,,,-1060000000,,-983000000,,,1446000000,,29.31,,,,,,,,,,,,,,,,,,,,,,true,true,12,2021-04-01,2022-03-31,0
2021-11-09,7421,2021-03-31,2,,,,,,,,,,,,,,,,,,,,32007000000,10967000000,0.341,221.57,10930000000,,,,,,,,,,,,true,false,12,2020-04-01,2021-03-31,-1
2021-11-09,7421,2021-03-31,2,,,,,,,,,,,,,,,,,,,,,,,,,,,,,0.00,,,,49414578,82048,,false,false,12,2020-04-01,2021-03-31,-1
2021-11-09,7421,2022-03-31,2,,,,,,,,,,,,,,,,,,,,,,,,,,,,,0.00,,,,,,,false,false,12,2021-04-01,2022-03-31,0
2021-11-09,7421,2022-03-31,2,,,,,,,,,,,,,,,,,,,,,,,,,,,,,,,,,49414578,77548,49334038,false,false,6,2021-04-01,2021-09-30,0
2021-11-09,7421,2021-03-31,2,,,,,,,,,,,,,,,,,,,,,,,,,,,,,,,,,,,49332530,false,false,6,2020-04-01,2020-09-30,-1
2022-01-31,7421,2022-03-31,3,50809000000,0.050,,,,,-2192000000,,-2106000000,,,28000000,,0.57,,,,,,33088000000,10988000000,0.330,221.24,10915000000,,,,,,,,,,,,true,false,9,2021-04-01,2021-12-31,0
2022-01-31,7421,2021-03-31,3,48367000000,-0.160,,,,,-1583000000,,-1465000000,,,-1789000000,,-36.27,,,,,,,,,,,,,,,,,,,,,,true,false,9,2020-04-01,2020-12-31,-1
2022-01-31,7421,2022-03-31,3,69564000000,0.072,,,,,-1060000000,,-983000000,,,1446000000,,29.31,,,,,,,,,,,,,,,,,,,,,,true,true,12,2021-04-01,2022-03-31,0
2022-01-31,7421,2021-03-31,3,,,,,,,,,,,,,,,,,,,,32007000000,10967000000,0.341,221.57,10930000000,,,,,,,,,,,,true,false,12,2020-04-01,2021-03-31,-1
2022-01-31,7421,2021-03-31,3,,,,,,,,,,,,,,,,,,,,,,,,,,,,,0.00,,,,49414578,82048,,false,false,12,2020-04-01,2021-03-31,-1
2022-01-31,7421,2022-03-31,3,,,,,,,,,,,,,,,,,,,,,,,,,,,,,0.00,,,,,,,false,false,12,2021-04-01,2022-03-31,0
2022-01-31,7421,2022-03-31,3,,,,,,,,,,,,,,,,,,,,,,,,,,,,,,,,,49414578,77548,49335039,false,false,9,2021-04-01,2021-12-31,0
2022-01-31,7421,2021-03-31,3,,,,,,,,,,,,,,,,,,,,,,,,,,,,,,,,,,,49332530,false,false,9,2020-04-01,2020-12-31,-1
2022-05-11,7421,2022-03-31,,67206000000,0.036,,,,,-2113000000,,-1889000000,,,736000000,,14.92,,0.065,-0.059,-0.031,,31648000000,11727000000,0.368,235.80,11633000000,2577000000,306000000,-1400000000,9407000000,,0.000,,,,,,true,false,12,2021-04-01,2022-03-31,0
2022-05-11,7421,2021-03-31,,64881000000,-0.133,,,,,-1572000000,,-1472000000,,,-1149000000,,-23.31,,-0.100,-0.048,-0.024,,32007000000,10967000000,0.341,221.57,10930000000,-538000000,-604000000,3127000000,7924000000,,0.000,,,,,,true,false,12,2020-04-01,2021-03-31,-1
2022-05-11,7421,2023-03-31,,74752000000,0.112,,,,,1987000000,,1991000000,,,1395000000,,28.29,,,,,,,,,,,,,,,,,,,,,,true,true,12,2022-04-01,2023-03-31,1
2022-05-11,7421,2022-03-31,,52979000000,0.014,,,,,-2456000000,,-2297000000,,301000000,,,6.12,,,,,,29262000000,11029000000,0.377,223.56,11029000000,,,,,0.00,,,,49414578,77597,49335526,false,false,12,2021-04-01,2022-03-31,0
2022-05-11,7421,2021-03-31,,52249000000,-0.164,,,,,-1816000000,,-1705000000,,-1321000000,,,-26.79,,,,,,30072000000,10759000000,0.358,218.11,10759000000,,,,,0.00,,,,49414578,82048,49332530,false,false,12,2020-04-01,2021-03-31,-1
2022-08-01,7421,2023-03-31,1,16811000000,0.017,,,,,-350000000,,-294000000,,,-421000000,,-8.55,,,,,,32050000000,11315000000,0.350,227.43,11220000000,,,,,,,,,,,,true,false,3,2022-04-01,2022-06-30,0
2022-08-01,7421,2022-03-31,1,16535000000,0.215,,,,,-1093000000,,-1041000000,,,-176000000,,-3.58,,,,,,,,,,,,,,,,,,,,,,true,false,3,2021-04-01,2021-06-30,-1
2022-08-01,7421,2023-03-31,1,74752000000,0.112,,,,,1987000000,,1991000000,,,1395000000,,28.29,,,,,,,,,,,,,,,,,,,,,,true,true,12,2022-04-01,2023-03-31,0
2022-08-01,7421,2022-03-31,1,,,,,,,,,,,,,,,,,,,,31648000000,11727000000,0.368,235.80,11633000000,,,,,,,,,,,,true,false,12,2021-04-01,2022-03-31,-1
2022-08-01,7421,2022-03-31,1,,,,,,,,,,,,,,,,,,,,,,,,,,,,,0.00,,,,49414578,77597,,false,false,12,2021-04-01,2022-03-31,-1
2022-08-01,7421,2023-03-31,1,,,,,,,,,,,,,,,,,,,,,,,,,,,,,,,,,49414578,77597,49336981,false,false,3,2022-04-01,2022-06-30,0
2022-08-01,7421,2022-03-31,1,,,,,,,,,,,,,,,,,,,,,,,,,,,,,,,,,,,49332530,false,false,3,2021-04-01,2021-06-30,-1
2022-11-08,7421,2023-03-31,2,34820000000,0.052,,,,,-726000000,,-728000000,,,-1011000000,,-11.95,,,,,,31100000000,10737000000,0.342,215.77,10646000000,,,,,,,,,,,,true,false,6,2022-04-01,2022-09-30,0
2022-11-08,7421,2022-03-31,2,33092000000,0.076,,,,,-2063000000,,-1970000000,,,152000000,,3.09,,,,,,,,,,,,,,,,,,,,,,true,false,6,2021-04-01,2021-09-30,-1
2022-11-08,7421,2023-03-31,2,72762000000,0.083,,,,,986000000,,971000000,,,535000000,,10.84,,,,,,,,,,,,,,,,,,,,,,true,true,12,2022-04-01,2023-03-31,0
2022-11-08,7421,2022-03-31,2,,,,,,,,,,,,,,,,,,,,31648000000,11727000000,0.368,235.80,11633000000,,,,,,,,,,,,true,false,12,2021-04-01,2022-03-31,-1
2022-11-08,7421,2022-03-31,2,,,,,,,,,,,,,,,,,,,,,,,,,,,,,0.00,,,,49414578,77597,,false,false,12,2021-04-01,2022-03-31,-1
2022-11-08,7421,2023-03-31,2,,,,,,,,,,,,,,,,,,,,,,,,,,,,,0.00,,,,,,,false,false,12,2022-04-01,2023-03-31,0
2022-11-08,7421,2023-03-31,2,,,,,,,,,,,,,,,,,,,,,,,,,,,,,,,,,49414578,71597,49388719,false,false,6,2022-04-01,2022-09-30,0
2022-11-08,7421,2022-03-31,2,,,,,,,,,,,,,,,,,,,,,,,,,,,,,,,,,,,49334038,false,false,6,2021-04-01,2021-09-30,-1
2023-02-08,7421,2023-03-31,3,52590000000,0.035,,,,,-1341000000,,-1345000000,,,-1601000000,,-32.46,,,,,,31673000000,10164000000,0.318,204.22,10075000000,,,,,,,,,,,,true,false,9,2022-04-01,2022-12-31,0
2023-02-08,7421,2022-03-31,3,50809000000,0.050,,,,,-2192000000,,-2106000000,,,28000000,,0.57,,,,,,,,,,,,,,,,,,,,,,true,false,9,2021-04-01,2021-12-31,-1
2023-02-08,7421,2023-03-31,3,71015000000,0.057,,,,,-1065000000,,-1096000000,,,-1426000000,,-28.91,,,,,,,,,,,,,,,,,,,,,,true,true,12,2022-04-01,2023-03-31,0
2023-02-08,7421,2022-03-31,3,,,,,,,,,,,,,,,,,,,,31648000000,11727000000,0.368,235.80,11633000000,,,,,,,,,,,,true,false,12,2021-04-01,2022-03-31,-1
2023-02-08,7421,2022-03-31,3,,,,,,,,,,,,,,,,,,,,,,,,,,,,,0.00,,,,49414578,77597,,false,false,12,2021-04-01,2022-03-31,-1
2023-02-08,7421,2023-03-31,3,,,,,,,,,,,,,,,,,,,,,,,,,,,,,0.00,,,,,,,false,false,12,2022-04-01,2023-03-31,0
2023-02-08,7421,2023-03-31,3,,,,,,,,,,,,,,,,,,,,,,,,,,,,,,,,,49414578,77597,49388486,false,false,9,2022-04-01,2022-12-31,0
2023-02-08,7421,2022-03-31,3,,,,,,,,,,,,,,,,,,,,,,,,,,,,,,,,,,,49335039,false,false,9,2021-04-01,2021-12-31,-1
2023-05-11,7421,2023-03-31,,70437000000,0.048,,,,,-1102000000,,-1102000000,,,-3041000000,,-61.65,,-0.300,-0.036,-0.016,,28938000000,8696000000,0.298,174.79,8623000000,2522000000,-1146000000,-3265000000,7518000000,,0.000,,,,,,true,false,12,2022-04-01,2023-03-31,0
2023-05-11,7421,2022-03-31,,67206000000,0.036,,,,,-2113000000,,-1889000000,,,736000000,,14.92,,0.065,-0.059,-0.031,,31648000000,11727000000,0.368,235.80,11633000000,2577000000,306000000,-1400000000,9407000000,,0.000,,,,,,true,false,12,2021-04-01,2022-03-31,-1
2023-05-11,7421,2024-03-31,,74289000000,0.055,,,,,1584000000,,1623000000,,,1140000000,,23.11,,,,,,,,,,,,,,,,,,,,,,true,true,12,2023-04-01,2024-03-31,1
2023-05-11,7421,2023-03-31,,56369000000,0.064,,,,,-1106000000,,-1115000000,,-2722000000,,,-55.18,,,,,,26950000000,8339000000,0.309,169.03,8339000000,,,,,0.00,,,,49414578,77597,49338115,false,false,12,2022-04-01,2023-03-31,0
2023-05-11,7421,2022-03-31,,52979000000,0.014,,,,,-2456000000,,-2297000000,,301000000,,,6.12,,,,,,29262000000,11029000000,0.377,223.56,11029000000,,,,,0.00,,,,49414578,77597,49335526,false,false,12,2021-04-01,2022-03-31,-1
2023-08-09,7421,2024-03-31,1,17562000000,0.045,,,,,136000000,,182000000,,,108000000,,2.20,,,,,,29045000000,8803000000,0.301,176.98,8731000000,,,,,,,,,,,,true,false,3,2023-04-01,2023-06-30,0
2023-08-09,7421,2023-03-31,1,16811000000,0.017,,,,,-350000000,,-294000000,,,-421000000,,-8.55,,,,,,,,,,,,,,,,,,,,,,true,false,3,2022-04-01,2022-06-30,-1
2023-08-09,7421,2024-03-31,1,74289000000,0.055,,,,,1584000000,,1623000000,,,1140000000,,23.11,,,,,,,,,,,,,,,,,,,,,,true,true,12,2023-04-01,2024-03-31,0
2023-08-09,7421,2023-03-31,1,,,,,,,,,,,,,,,,,,,,28938000000,8696000000,0.298,174.79,8623000000,,,,,,,,,,,,true,false,12,2022-04-01,2023-03-31,-1
2023-08-09,7421,2023-03-31,1,,,,,,,,,,,,,,,,,,,,,,,,,,,,,0.00,,,,49414578,77597,,false,false,12,2022-04-01,2023-03-31,-1
2023-08-09,7421,2024-03-31,1,,,,,,,,,,,,,,,,,,,,,,,,,,,,,,,,,49414578,77597,49336981,false,false,3,2023-04-01,2023-06-30,0
2023-08-09,7421,2023-03-31,1,,,,,,,,,,,,,,,,,,,,,,,,,,,,,,,,,,,49336981,false,false,3,2022-04-01,2022-06-30,-1
2023-11-09,7421,2024-03-31,2,36242000000,0.041,,,,,746000000,,777000000,,,629000000,,12.76,,,,,,31284000000,9325000000,0.296,187.53,9253000000,,,,,,,,,,,,true,false,6,2023-04-01,2023-09-30,0
2023-11-09,7421,2023-03-31,2,34820000000,0.052,,,,,-726000000,,-728000000,,,-1011000000,,-20.49,,,,,,,,,,,,,,,,,,,,,,true,false,6,2022-04-01,2022-09-30,-1
2023-11-09,7421,2024-03-31,2,74289000000,0.055,,,,,1584000000,,1623000000,,,1140000000,,23.11,,,,,,,,,,,,,,,,,,,,,,true,true,12,2023-04-01,2024-03-31,0
2023-11-09,7421,2023-03-31,2,,,,,,,,,,,,,,,,,,,,28938000000,8696000000,0.298,174.79,8623000000,,,,,,,,,,,,true,false,12,2022-04-01,2023-03-31,-1
2023-11-09,7421,2023-03-31,2,,,,,,,,,,,,,,,,,,,,,,,,,,,,,0.00,,,,49414578,77597,,false,false,12,2022-04-01,2023-03-31,-1
2023-11-09,7421,2024-03-31,2,,,,,,,,,,,,,,,,,,,,,,,,,,,,,0.00,,,,,,,false,false,12,2023-04-01,2024-03-31,0
2023-11-09,7421,2024-03-31,2,,,,,,,,,,,,,,,,,,,,,,,,,,,,,,,,,49414578,71597,49338751,false,false,6,2023-04-01,2023-09-30,0
2023-11-09,7421,2023-03-31,2,,,,,,,,,,,,,,,,,,,,,,,,,,,,,,,,,,,49388719,false,false,6,2022-04-01,2022-09-30,-1
2024-02-08,7421,2024-03-31,3,54149000000,0.030,,,,,973000000,,1017000000,,,806000000,,16.35,,,,,,31789000000,9502000000,0.297,191.05,9427000000,,,,,,,,,,,,true,false,9,2023-04-01,2023-12-31,0
2024-02-08,7421,2023-03-31,3,52590000000,0.035,,,,,-1341000000,,-1345000000,,,-1601000000,,-32.46,,,,,,,,,,,,,,,,,,,,,,true,false,9,2022-04-01,2022-12-31,-1
2024-02-08,7421,2024-03-31,3,74289000000,0.055,,,,,1584000000,,1623000000,,,1140000000,,23.11,,,,,,,,,,,,,,,,,,,,,,true,true,12,2023-04-01,2024-03-31,0
2024-02-08,7421,2023-03-31,3,,,,,,,,,,,,,,,,,,,,28938000000,8696000000,0.298,174.79,8623000000,,,,,,,,,,,,true,false,12,2022-04-01,2023-03-31,-1
2024-02-08,7421,2023-03-31,3,,,,,,,,,,,,,,,,,,,,,,,,,,,,,0.00,,,,49414578,77597,,false,false,12,2022-04-01,2023-03-31,-1
2024-02-08,7421,2024-03-31,3,,,,,,,,,,,,,,,,,,,,,,,,,,,,,0.00,,,,,,,false,false,12,2023-04-01,2024-03-31,0
2024-02-08,7421,2024-03-31,3,,,,,,,,,,,,,,,,,,,,,,,,,,,,,,,,,49414578,71597,49340166,false,false,9,2023-04-01,2023-12-31,0
2024-02-08,7421,2023-03-31,3,,,,,,,,,,,,,,,,,,,,,,,,,,,,,,,,,,,49388486,false,false,9,2022-04-01,2022-12-31,-1
2024-05-09,7421,2024-03-31,,72196000000,0.025,,,,,1693000000,,1716000000,,,1396000000,,28.29,,0.150,0.058,0.023,,30191000000,10108000000,0.332,203.30,10031000000,3554000000,-2490000000,-644000000,7937000000,,0.177,,,,,,true,false,12,2023-04-01,2024-03-31,0
2024-05-09,7421,2023-03-31,,70437000000,0.048,,,,,-1102000000,,-1102000000,,,-3041000000,,-61.65,,-0.300,-0.036,-0.016,,28938000000,8696000000,0.298,174.79,8623000000,2522000000,-1146000000,-3265000000,7518000000,,0.000,,,,,,true,false,12,2022-04-01,2023-03-31,-1
2024-05-09,7421,2025-03-31,,74061000000,0.026,,,,,1832000000,0.082,1827000000,0.064,,1410000000,,28.58,,,,,,,,,,,,,,,,,,,,,,true,true,12,2024-04-01,2025-03-31,1
2024-05-09,7421,2024-03-31,,58324000000,0.035,,,,,1627000000,,1656000000,,1363000000,,,27.64,,,,,,28255000000,9711000000,0.344,196.82,9711000000,,,,,5.00,,,,49414578,71597,49340866,false,false,12,2023-04-01,2024-03-31,0
2024-05-09,7421,2023-03-31,,56369000000,0.064,,,,,-1106000000,,-1115000000,,-2722000000,,,-55.18,,,,,,26950000000,8339000000,0.309,169.03,8339000000,,,,,0.00,,,,49414578,77597,49338115,false,false,12,2022-04-01,2023-03-31,-1
2024-08-08,7421,2025-03-31,1,17826000000,0.015,,,,,102000000,-0.247,144000000,-0.209,,152000000,,3.09,,,,,,30283000000,10024000000,0.329,201.66,9950000000,,,,,,,,,,,,true,false,3,2024-04-01,2024-06-30,0
2024-08-08,7421,2024-03-31,1,17562000000,0.045,,,,,136000000,,182000000,,,108000000,,2.20,,,,,,,,,,,,,,,,,,,,,,true,false,3,2023-04-01,2023-06-30,-1
2024-08-08,7421,2025-03-31,1,74061000000,0.026,,,,,1832000000,0.082,1827000000,0.064,,1410000000,,28.58,,,,,,,,,,,,,,,,,,,,,,true,true,12,2024-04-01,2025-03-31,0
2024-08-08,7421,2024-03-31,1,,,,,,,,,,,,,,,,,,,,30191000000,10108000000,0.332,203.30,10031000000,,,,,,,,,,,,true,false,12,2023-04-01,2024-03-31,-1
2024-08-08,7421,2024-03-31,1,,,,,,,,,,,,,,,,,,,,,,,,,,,,,5.00,,,,49414578,71597,,false,false,12,2023-04-01,2024-03-31,-1
2024-08-08,7421,2025-03-31,1,,,,,,,,,,,,,,,,,,,,,,,,,,,,,,,,,49414578,71597,49342981,false,false,3,2024-04-01,2024-06-30,0
2024-08-08,7421,2024-03-31,1,,,,,,,,,,,,,,,,,,,,,,,,,,,,,,,,,,,49336981,false,false,3,2023-04-01,2023-06-30,-1
2024-08-13,7421,2025-03-31,1,17826000000,0.015,,,,,102000000,-0.247,144000000,-0.209,,152000000,,3.09,,,,,,30283000000,10024000000,0.329,201.66,9950000000,,,,,,,,,,,,true,false,3,2024-04-01,2024-06-30,0
2024-08-13,7421,2024-03-31,1,17562000000,0.045,,,,,136000000,,182000000,,,108000000,,2.20,,,,,,,,,,,,,,,,,,,,,,true,false,3,2023-04-01,2023-06-30,-1
2024-08-13,7421,2025-03-31,1,74061000000,0.026,,,,,1832000000,0.082,1827000000,0.064,,1410000000,,28.58,,,,,,,,,,,,,,,,,,,,,,true,true,12,2024-04-01,2025-03-31,0
2024-08-13,7421,2024-03-31,1,,,,,,,,,,,,,,,,,,,,30191000000,10108000000,0.332,203.30,10031000000,,,,,,,,,,,,true,false,12,2023-04-01,2024-03-31,-1
2024-08-13,7421,2024-03-31,1,,,,,,,,,,,,,,,,,,,,,,,,,,,,,5.00,,,,49414578,71597,,false,false,12,2023-04-01,2024-03-31,-1
2024-08-13,7421,2025-03-31,1,,,,,,,,,,,,,,,,,,,,,,,,,,,,,,,,,49414578,71597,49342981,false,false,3,2024-04-01,2024-06-30,0
2024-08-13,7421,2024-03-31,1,,,,,,,,,,,,,,,,,,,,,,,,,,,,,,,,,,,49336981,false,false,3,2023-04-01,2023-06-30,-1
2024-11-08,7421,2025-03-31,2,36965000000,0.020,,,,,539000000,-0.278,564000000,-0.274,,471000000,,9.55,,,,,,31694000000,10351000000,0.324,208.36,10282000000,,,,,,,,,,,,true,false,6,2024-04-01,2024-09-30,0
2024-11-08,7421,2024-03-31,2,36242000000,0.041,,,,,746000000,,777000000,,,629000000,,12.76,,,,,,,,,,,,,,,,,,,,,,true,false,6,2023-04-01,2023-09-30,-1
2024-11-08,7421,2025-03-31,2,74061000000,0.026,,,,,1832000000,0.082,1827000000,0.064,,1410000000,,28.58,,,,,,,,,,,,,,,,,,,,,,true,true,12,2024-04-01,2025-03-31,0
2024-11-08,7421,2024-03-31,2,,,,,,,,,,,,,,,,,,,,30191000000,10108000000,0.332,203.30,10031000000,,,,,,,,,,,,true,false,12,2023-04-01,2024-03-31,-1
2024-11-08,7421,2024-03-31,2,,,,,,,,,,,,,,,,,,,,,,,,,,,,,5.00,,,,49414578,71597,,false,false,12,2023-04-01,2024-03-31,-1
2024-11-08,7421,2025-03-31,2,,,,,,,,,,,,,,,,,,,,,,,,,,,,,0.00,,,,,,,false,false,12,2024-04-01,2025-03-31,0
2024-11-08,7421,2025-03-31,2,,,,,,,,,,,,,,,,,,,,,,,,,,,,,,,,,49414578,65642,49344803,false,false,6,2024-04-01,2024-09-30,0
2024-11-08,7421,2024-03-31,2,,,,,,,,,,,,,,,,,,,,,,,,,,,,,,,,,,,49338751,false,false,6,2023-04-01,2023-09-30,-1
2025-02-07,7421,2025-03-31,3,55025000000,0.016,,,,,757000000,-0.222,789000000,-0.224,,709000000,,14.37,,,,,,32921000000,10594000000,0.320,213.33,10527000000,,,,,,,,,,,,true,false,9,2024-04-01,2024-12-31,0
2025-02-07,7421,2024-03-31,3,54149000000,0.030,,,,,973000000,,1017000000,,,806000000,,16.35,,,,,,,,,,,,,,,,,,,,,,true,false,9,2023-04-01,2023-12-31,-1
2025-02-07,7421,2025-03-31,3,74061000000,0.026,,,,,1832000000,0.082,1827000000,0.064,,1410000000,,28.58,,,,,,,,,,,,,,,,,,,,,,true,true,12,2024-04-01,2025-03-31,0
2025-02-07,7421,2024-03-31,3,,,,,,,,,,,,,,,,,,,,30191000000,10108000000,0.332,203.30,10031000000,,,,,,,,,,,,true,false,12,2023-04-01,2024-03-31,-1
2025-02-07,7421,2024-03-31,3,,,,,,,,,,,,,,,,,,,,,,,,,,,,,5.00,,,,49414578,71597,,false,false,12,2023-04-01,2024-03-31,-1
2025-02-07,7421,2025-03-31,3,,,,,,,,,,,,,,,,,,,,,,,,,,,,,0.00,,,,,,,false,false,12,2024-04-01,2025-03-31,0
2025-02-07,7421,2025-03-31,3,,,,,,,,,,,,,,,,,,,,,,,,,,,,,,,,,49414578,65642,49346186,false,false,9,2024-04-01,2024-12-31,0
2025-02-07,7421,2024-03-31,3,,,,,,,,,,,,,,,,,,,,,,,,,,,,,,,,,,,49340166,false,false,9,2023-04-01,2023-12-31,-1
2025-02-14,7421,2025-03-31,3,55025000000,0.016,,,,,757000000,-0.222,789000000,-0.224,,709000000,,14.37,,,,,,32921000000,10594000000,0.320,213.33,10527000000,,,,,,,,,,,,true,false,9,2024-04-01,2024-12-31,0
2025-02-14,7421,2024-03-31,3,54149000000,0.030,,,,,973000000,,1017000000,,,806000000,,16.35,,,,,,,,,,,,,,,,,,,,,,true,false,9,2023-04-01,2023-12-31,-1
2025-02-14,7421,2025-03-31,3,74061000000,0.026,,,,,1832000000,0.082,1827000000,0.064,,1410000000,,28.58,,,,,,,,,,,,,,,,,,,,,,true,true,12,2024-04-01,2025-03-31,0
2025-02-14,7421,2024-03-31,3,,,,,,,,,,,,,,,,,,,,30191000000,10108000000,0.332,203.30,10031000000,,,,,,,,,,,,true,false,12,2023-04-01,2024-03-31,-1
2025-02-14,7421,2024-03-31,3,,,,,,,,,,,,,,,,,,,,,,,,,,,,,5.00,,,,49414578,71597,,false,false,12,2023-04-01,2024-03-31,-1
2025-02-14,7421,2025-03-31,3,,,,,,,,,,,,,,,,,,,,,,,,,,,,,0.00,,,,,,,false,false,12,2024-04-01,2025-03-31,0
2025-02-14,7421,2025-03-31,3,,,,,,,,,,,,,,,,,,,,,,,,,,,,,,,,,49414578,65642,49346186,false,false,9,2024-04-01,2024-12-31,0
2025-02-14,7421,2024-03-31,3,,,,,,,,,,,,,,,,,,,,,,,,,,,,,,,,,,,49340166,false,false,9,2023-04-01,2023-12-31,-1
2025-05-09,7421,2025-03-31,,73208000000,0.014,,,,,1433000000,-0.153,1453000000,-0.153,,1032000000,,20.77,,0.099,0.047,0.020,,31072000000,10889000000,0.349,219.66,10847000000,3842000000,-1945000000,-1910000000,7940000000,,0.241,,,,,,true,false,12,2024-04-01,2025-03-31,0
2025-05-09,7421,2024-03-31,,72196000000,0.025,,,,,1693000000,,1716000000,,,1396000000,,28.29,,0.150,0.058,0.023,,30191000000,10108000000,0.332,203.30,10031000000,3554000000,-2490000000,-644000000,7937000000,,0.177,,,,,,true,false,12,2023-04-01,2024-03-31,-1
2025-05-09,7421,2026-03-31,,80118000000,0.094,,,,,1951000000,0.361,1901000000,0.307,,1445000000,,29.28,,,,,,,,,,,,,,,,,,,,,,true,true,12,2025-04-01,2026-03-31,1
2025-05-09,7421,2025-03-31,,59311000000,0.017,,,,,1478000000,-0.091,1388000000,-0.162,1155000000,,-0.152,23.27,,,,,,28750000000,10641000000,0.370,215.47,10641000000,,,,,5.00,,,,49414578,65702,49346855,false,false,12,2024-04-01,2025-03-31,0
2025-05-09,7421,2024-03-31,,58324000000,0.035,,,,,1627000000,,1656000000,,1363000000,,,27.64,,,,,,28255000000,9711000000,0.344,196.82,9711000000,,,,,5.00,,,,49414578,71597,49340866,false,false,12,2023-04-01,2024-03-31,-1
2025-08-07,7421,2026-03-31,1,18189000000,0.020,,,,,322000000,2.145,363000000,1.515,,331000000,,6.71,,,,,,31318000000,10944000000,0.348,220.99,10905000000,,,,,,,,,,,,true,false,3,2025-04-01,2025-06-30,0
2025-08-07,7421,2025-03-31,1,17826000000,0.015,,,,,102000000,-0.247,144000000,-0.209,,152000000,,3.09,,,,,,,,,,,,,,,,,,,,,,true,false,3,2024-04-01,2024-06-30,-1
2025-08-07,7421,2026-03-31,1,80118000000,0.094,,,,,1951000000,0.361,1901000000,0.307,,1445000000,,29.28,,,,,,,,,,,,,,,,,,,,,,true,true,12,2025-04-01,2026-03-31,0
2025-08-07,7421,2025-03-31,1,,,,,,,,,,,,,,,,,,,,31072000000,10889000000,0.349,219.66,10847000000,,,,,,,,,,,,true,false,12,2024-04-01,2025-03-31,-1
2025-08-07,7421,2025-03-31,1,,,,,,,,,,,,,,,,,,,,,,,,,,,,,5.00,,,,49414578,65702,,false,false,12,2024-04-01,2025-03-31,-1
2025-08-07,7421,2026-03-31,1,,,,,,,,,,,,,,,,,,,,,,,,,,,,,,,,,49414578,65702,49348876,false,false,3,2025-04-01,2025-06-30,0
2025-08-07,7421,2025-03-31,1,,,,,,,,,,,,,,,,,,,,,,,,,,,,,,,,,,,49342981,false,false,3,2024-04-01,2024-06-30,-1
2025-08-13,7421,2026-03-31,1,18189000000,0.020,,,,,322000000,2.145,363000000,1.515,,331000000,,6.71,,,,,,31318000000,10944000000,0.348,220.99,10905000000,,,,,,,,,,,,true,false,3,2025-04-01,2025-06-30,0
2025-08-13,7421,2025-03-31,1,17826000000,0.015,,,,,102000000,-0.247,144000000,-0.209,,152000000,,3.09,,,,,,,,,,,,,,,,,,,,,,true,false,3,2024-04-01,2024-06-30,-1
2025-08-13,7421,2026-03-31,1,80118000000,0.094,,,,,1951000000,0.361,1901000000,0.307,,1445000000,,29.28,,,,,,,,,,,,,,,,,,,,,,true,true,12,2025-04-01,2026-03-31,0
2025-08-13,7421,2025-03-31,1,,,,,,,,,,,,,,,,,,,,31072000000,10889000000,0.349,219.66,10847000000,,,,,,,,,,,,true,false,12,2024-04-01,2025-03-31,-1
2025-08-13,7421,2025-03-31,1,,,,,,,,,,,,,,,,,,,,,,,,,,,,,5.00,,,,49414578,65702,,false,false,12,2024-04-01,2025-03-31,-1
2025-08-13,7421,2026-03-31,1,,,,,,,,,,,,,,,,,,,,,,,,,,,,,,,,,49414578,65702,49348876,false,false,3,2025-04-01,2025-06-30,0
2025-08-13,7421,2025-03-31,1,,,,,,,,,,,,,,,,,,,,,,,,,,,,,,,,,,,49342981,false,false,3,2024-04-01,2024-06-30,-1
