filing_date,code,fiscal_year_end,quarterly_period,net_sales,net_sales_change,revenue,revenue_change,operating_revenue,operating_revenue_change,operating_profit,operating_profit_change,ordinary_profit,ordinary_profit_change,net_income,net_income_of_parent,net_income_change,eps,diluted_eps,roe,roa,operating_profit_to_net_sales,operating_profit_to_revenue,total_assets,net_assets,equity_ratio,bps,owner_equity,operating_cash_flow,investing_cash_flow,financing_cash_flow,cash,dividend_per_share,payout_ratio,commemorative_dividend,extra_dividend,number_of_shares,number_of_treqsury_shares,avg_number_of_shares,is_consolidated,is_forecast,duration,period_start,period_end,period_pos
2015-07-31,74330,2016-03-31,1,30215000000,0.010,,,,,1156000000,0.563,1219000000,0.419,,832000000,,37.98,,,,,,84154000000,51579000000,0.613,2353.22,51579000000,,,,,,,,,,,,true,false,3,2015-04-01,2015-06-30,0
2015-07-31,74330,2015-03-31,1,29911000000,-0.029,,,,,739000000,-0.191,859000000,-0.173,,913000000,,41.77,,,,,,,,,,,,,,,,,,,,,,true,false,3,2014-04-01,2014-06-30,-1
2015-07-31,74330,2016-03-31,1,64000000000,0.006,,,,,1900000000,-0.096,1900000000,-0.150,,1300000000,,59.40,,,,,,,,,,,,,,,,,,,,,,true,true,6,2015-04-01,2015-09-30,0
2015-07-31,74330,2016-03-31,1,136000000000,0.038,,,,,4400000000,0.021,4400000000,-0.034,,2900000000,,132.51,,,,,,,,,,,,,,,,,,,,,,true,true,12,2015-04-01,2016-03-31,0
2015-07-31,74330,2015-03-31,1,,,,,,,,,,,,,,,,,,,,82785000000,50799000000,0.614,2318.50,50799000000,,,,,,,,,,,,true,false,12,2014-04-01,2015-03-31,-1
2015-07-31,74330,2015-03-31,1,,,,,,,,,,,,,,,,,,,,,,,,,,,,,40.00,,,,24137213,2226930,,false,false,12,2014-04-01,2015-03-31,-1
2015-07-31,74330,2016-03-31,1,,,,,,,,,,,,,,,,,,,,,,,,,,,,,40.00,,,,,,,false,true,12,2015-04-01,2016-03-31,0
2015-07-31,74330,2016-03-31,1,,,,,,,,,,,,,,,,,,,,,,,,,,,,,,,,,24137213,2218490,21914497,false,false,3,2015-04-01,2015-06-30,0
2015-07-31,74330,2015-03-31,1,,,,,,,,,,,,,,,,,,,,,,,,,,,,,,,,,,,21862156,false,false,3,2014-04-01,2014-06-30,-1
2015-10-30,74330,2016-03-31,2,59959000000,-0.057,,,,,1872000000,-0.109,1907000000,-0.147,,1376000000,,62.79,,,,,,80104000000,51904000000,0.648,2366.86,51904000000,,,,,,,,,,,,true,false,6,2015-04-01,2015-09-30,0
2015-10-30,74330,2015-03-31,2,63613000000,0.007,,,,,2101000000,0.191,2234000000,0.186,,1811000000,,82.82,,,,,,,,,,,,,,,,,,,,,,true,false,6,2014-04-01,2014-09-30,-1
2015-10-30,74330,2016-03-31,2,136000000000,0.038,,,,,4400000000,0.021,4400000000,-0.034,,2900000000,,132.51,,,,,,,,,,,,,,,,,,,,,,true,true,12,2015-04-01,2016-03-31,0
2015-10-30,74330,2015-03-31,2,,,,,,,,,,,,,,,,,,,,82785000000,50799000000,0.614,2318.50,50799000000,,,,,,,,,,,,true,false,12,2014-04-01,2015-03-31,-1
2015-10-30,74330,2015-03-31,2,,,,,,,,,,,,,,,,,,,,,,,,,,,,,40.00,,,,24137213,2226930,,false,false,12,2014-04-01,2015-03-31,-1
2015-10-30,74330,2016-03-31,2,,,,,,,,,,,,,,,,,,,,,,,,,,,,,20.00,,,,,,,false,false,12,2015-04-01,2016-03-31,0
2015-10-30,74330,2016-03-31,2,,,,,,,,,,,,,,,,,,,,,,,,,,,,,40.00,,,,,,,false,true,12,2015-04-01,2016-03-31,0
2015-10-30,74330,2016-03-31,2,,,,,,,,,,,,,,,,,,,,,,,,,,,,,,,,,24137213,2207529,21921715,false,false,6,2015-04-01,2015-09-30,0
2015-10-30,74330,2015-03-31,2,,,,,,,,,,,,,,,,,,,,,,,,,,,,,,,,,,,21871475,false,false,6,2014-04-01,2014-09-30,-1
2016-01-29,74330,2016-03-31,3,89104000000,-0.096,,,,,2524000000,-0.204,2529000000,-0.255,,1807000000,,82.52,,,,,,78364000000,51420000000,0.656,2361.44,51420000000,,,,,,,,,,,,true,false,9,2015-04-01,2015-12-31,0
2016-01-29,74330,2015-03-31,3,98533000000,0.002,,,,,3170000000,0.240,3394000000,0.228,,2515000000,,114.98,,,,,,,,,,,,,,,,,,,,,,true,false,9,2014-04-01,2014-12-31,-1
2016-01-29,74330,2016-03-31,3,136000000000,0.038,,,,,4400000000,0.021,4400000000,-0.034,,2900000000,,132.51,,,,,,,,,,,,,,,,,,,,,,true,true,12,2015-04-01,2016-03-31,0
2016-01-29,74330,2015-03-31,3,,,,,,,,,,,,,,,,,,,,82785000000,50799000000,0.614,2318.50,50799000000,,,,,,,,,,,,true,false,12,2014-04-01,2015-03-31,-1
2016-01-29,74330,2015-03-31,3,,,,,,,,,,,,,,,,,,,,,,,,,,,,,40.00,,,,24137213,2226930,,false,false,12,2014-04-01,2015-03-31,-1
2016-01-29,74330,2016-03-31,3,,,,,,,,,,,,,,,,,,,,,,,,,,,,,20.00,,,,,,,false,false,12,2015-04-01,2016-03-31,0
2016-01-29,74330,2016-03-31,3,,,,,,,,,,,,,,,,,,,,,,,,,,,,,40.00,,,,,,,false,true,12,2015-04-01,2016-03-31,0
2016-01-29,74330,2016-03-31,3,,,,,,,,,,,,,,,,,,,,,,,,,,,,,,,,,24137213,2362350,21907993,false,false,9,2015-04-01,2015-12-31,0
2016-01-29,74330,2015-03-31,3,,,,,,,,,,,,,,,,,,,,,,,,,,,,,,,,,,,21877893,false,false,9,2014-04-01,2014-12-31,-1
2016-03-31,74330,2016-03-31,,116000000000,-0.147,,,,,3000000000,-0.318,3000000000,-0.318,,1800000000,,82.28,,,,,,,,,,,,,,,,,,,,,,true,true,12,2015-04-01,2016-03-31,0
2016-03-31,74330,2015-03-31,,131073000000,,,,,,4307000000,,4555000000,,,3394000000,,155.08,,,,,,,,,,,,,,,,,,,,,,true,false,12,2014-04-01,2015-03-31,-1
2016-04-28,74330,2016-03-31,,116296000000,-0.113,,,,,2906000000,-0.325,2873000000,-0.369,,2034000000,,93.02,,0.040,0.036,0.025,,76365000000,50774000000,0.665,2330.43,50774000000,2087000000,44000000,-5469000000,8366000000,,0.430,,,,,,true,false,12,2015-04-01,2016-03-31,0
2016-04-28,74330,2015-03-31,,131073000000,-0.012,,,,,4307000000,0.065,4555000000,0.080,,3394000000,,155.08,,0.070,0.055,0.033,,82785000000,50799000000,0.614,2318.50,50799000000,4296000000,-374000000,-3658000000,12127000000,,0.258,,,,,,true,false,12,2014-04-01,2015-03-31,-1
2016-04-28,74330,2017-03-31,,61000000000,0.017,,,,,1500000000,-0.199,1600000000,-0.161,,1100000000,,50.49,,,,,,,,,,,,,,,,,,,,,,true,true,6,2016-04-01,2016-09-30,1
2016-04-28,74330,2017-03-31,,128000000000,0.101,,,,,3300000000,0.135,3400000000,0.183,,2300000000,,105.56,,,,,,,,,,,,,,,,0.379,,,,,,true,true,12,2016-04-01,2017-03-31,1
2016-04-28,74330,2016-03-31,,87788000000,-0.061,,,,,1590000000,-0.346,2568000000,-0.349,1649000000,,-0.480,75.39,,,,,,63261000000,42445000000,0.671,1948.15,42445000000,,,,,40.00,,,,24137213,2349593,21876929,false,false,12,2015-04-01,2016-03-31,0
2016-04-28,74330,2015-03-31,,93457000000,-0.058,,,,,2430000000,-0.095,3943000000,0.091,3173000000,,0.550,145.02,,,,,,67567000000,41778000000,0.618,1906.77,41778000000,,,,,40.00,,,,24137213,2226930,21886976,false,false,12,2014-04-01,2015-03-31,-1
2016-04-28,74330,2017-03-31,,,,,,,,,,,,,,,,,,,,,,,,,,,,,,40.00,,,,,,,false,true,12,2016-04-01,2017-03-31,1
2016-07-29,74330,2017-03-31,1,26439000000,-0.125,,,,,254000000,-0.780,407000000,-0.666,,291000000,,13.38,,,,,,73643000000,49024000000,0.666,2248.33,49024000000,,,,,,,,,,,,true,false,3,2016-04-01,2016-06-30,0
2016-07-29,74330,2016-03-31,1,30215000000,0.010,,,,,1156000000,0.563,1219000000,0.419,,832000000,,37.98,,,,,,,,,,,,,,,,,,,,,,true,false,3,2015-04-01,2015-06-30,-1
2016-07-29,74330,2017-03-31,1,55000000000,-0.083,,,,,700000000,-0.626,800000000,-0.581,,500000000,,22.94,,,,,,,,,,,,,,,,,,,,,,true,true,6,2016-04-01,2016-09-30,0
2016-07-29,74330,2017-03-31,1,128000000000,0.101,,,,,3300000000,0.135,3400000000,0.183,,2300000000,,105.56,,,,,,,,,,,,,,,,,,,,,,true,true,12,2016-04-01,2017-03-31,0
2016-07-29,74330,2016-03-31,1,,,,,,,,,,,,,,,,,,,,76365000000,50774000000,0.665,2330.43,50774000000,,,,,,,,,,,,true,false,12,2015-04-01,2016-03-31,-1
2016-07-29,74330,2016-03-31,1,,,,,,,,,,,,,,,,,,,,,,,,,,,,,40.00,,,,24137213,2349593,,false,false,12,2015-04-01,2016-03-31,-1
2016-07-29,74330,2017-03-31,1,,,,,,,,,,,,,,,,,,,,,,,,,,,,,40.00,,,,,,,false,true,12,2016-04-01,2017-03-31,0
2016-07-29,74330,2017-03-31,1,,,,,,,,,,,,,,,,,,,,,,,,,,,,,,,,,24137213,2332163,21795888,false,false,3,2016-04-01,2016-06-30,0
2016-07-29,74330,2016-03-31,1,,,,,,,,,,,,,,,,,,,,,,,,,,,,,,,,,,,21914497,false,false,3,2015-04-01,2015-06-30,-1
2016-07-29,74330,2017-03-31,,55000000000,-0.098,,,,,700000000,-0.533,800000000,-0.500,,500000000,,22.94,,,,,,,,,,,,,,,,,,,,,,true,true,6,2016-04-01,2016-09-30,0
2016-07-29,74330,2016-03-31,,59959000000,,,,,,1872000000,,1907000000,,,1376000000,,62.79,,,,,,,,,,,,,,,,,,,,,,true,false,6,2015-04-01,2015-09-30,-1
2016-10-31,74330,2017-03-31,2,54491000000,-0.091,,,,,667000000,-0.643,764000000,-0.599,,512000000,,23.48,,,,,,72223000000,49338000000,0.683,2260.65,49338000000,,,,,,,,,,,,true,false,6,2016-04-01,2016-09-30,0
2016-10-31,74330,2016-03-31,2,59959000000,-0.057,,,,,1872000000,-0.109,1907000000,-0.147,,1376000000,,62.79,,,,,,,,,,,,,,,,,,,,,,true,false,6,2015-04-01,2015-09-30,-1
2016-10-31,74330,2017-03-31,2,120000000000,0.032,,,,,1700000000,-0.415,1800000000,-0.374,,1200000000,,55.00,,,,,,,,,,,,,,,,,,,,,,true,true,12,2016-04-01,2017-03-31,0
2016-10-31,74330,2016-03-31,2,,,,,,,,,,,,,,,,,,,,76365000000,50774000000,0.665,2330.43,50774000000,,,,,,,,,,,,true,false,12,2015-04-01,2016-03-31,-1
2016-10-31,74330,2016-03-31,2,,,,,,,,,,,,,,,,,,,,,,,,,,,,,40.00,,,,24137213,2349593,,false,false,12,2015-04-01,2016-03-31,-1
2016-10-31,74330,2017-03-31,2,,,,,,,,,,,,,,,,,,,,,,,,,,,,,20.00,,,,,,,false,false,12,2016-04-01,2017-03-31,0
2016-10-31,74330,2017-03-31,2,,,,,,,,,,,,,,,,,,,,,,,,,,,,,40.00,,,,,,,false,true,12,2016-04-01,2017-03-31,0
2016-10-31,74330,2017-03-31,2,,,,,,,,,,,,,,,,,,,,,,,,,,,,,,,,,24137213,2312436,21808412,false,false,6,2016-04-01,2016-09-30,0
2016-10-31,74330,2016-03-31,2,,,,,,,,,,,,,,,,,,,,,,,,,,,,,,,,,,,21921715,false,false,6,2015-04-01,2015-09-30,-1
2016-10-31,74330,2017-03-31,,120000000000,-0.063,,,,,1700000000,-0.485,1800000000,-0.471,,1200000000,,55.00,,,,,,,,,,,,,,,,,,,,,,true,true,12,2016-04-01,2017-03-31,0
2016-10-31,74330,2016-03-31,,116296000000,,,,,,2906000000,,2873000000,,,2034000000,,93.02,,,,,,,,,,,,,,,,,,,,,,true,false,12,2015-04-01,2016-03-31,-1
2017-01-31,74330,2017-03-31,3,92589000000,0.039,,,,,1549000000,-0.386,1567000000,-0.380,,980000000,,44.96,,,,,,76963000000,51231000000,0.666,2344.90,51231000000,,,,,,,,,,,,true,false,9,2016-04-01,2016-12-31,0
2017-01-31,74330,2016-03-31,3,89104000000,-0.096,,,,,2524000000,-0.204,2529000000,-0.255,,1807000000,,82.52,,,,,,,,,,,,,,,,,,,,,,true,false,9,2015-04-01,2015-12-31,-1
2017-01-31,74330,2017-03-31,3,120000000000,0.032,,,,,1700000000,-0.415,1800000000,-0.374,,1200000000,,55.00,,,,,,,,,,,,,,,,,,,,,,true,true,12,2016-04-01,2017-03-31,0
2017-01-31,74330,2016-03-31,3,,,,,,,,,,,,,,,,,,,,76365000000,50774000000,0.665,2330.43,50774000000,,,,,,,,,,,,true,false,12,2015-04-01,2016-03-31,-1
2017-01-31,74330,2016-03-31,3,,,,,,,,,,,,,,,,,,,,,,,,,,,,,40.00,,,,24137213,2349593,,false,false,12,2015-04-01,2016-03-31,-1
2017-01-31,74330,2017-03-31,3,,,,,,,,,,,,,,,,,,,,,,,,,,,,,20.00,,,,,,,false,false,12,2016-04-01,2017-03-31,0
2017-01-31,74330,2017-03-31,3,,,,,,,,,,,,,,,,,,,,,,,,,,,,,40.00,,,,,,,false,true,12,2016-04-01,2017-03-31,0
2017-01-31,74330,2017-03-31,3,,,,,,,,,,,,,,,,,,,,,,,,,,,,,,,,,24137213,2288981,21817367,false,false,9,2016-04-01,2016-12-31,0
2017-01-31,74330,2016-03-31,3,,,,,,,,,,,,,,,,,,,,,,,,,,,,,,,,,,,21907993,false,false,9,2015-04-01,2015-12-31,-1
2017-04-24,74330,2017-03-31,,127600000000,0.063,,,,,2070000000,0.218,1990000000,0.106,,1900000000,,87.05,,,,,,,,,,,,,,,,,,,,,,true,true,12,2016-04-01,2017-03-31,0
2017-04-24,74330,2016-03-31,,116296000000,,,,,,2906000000,,2873000000,,,2034000000,,93.02,,,,,,,,,,,,,,,,,,,,,,true,false,12,2015-04-01,2016-03-31,-1
2017-04-28,74330,2017-03-31,,127599000000,0.097,,,,,2069000000,-0.288,1989000000,-0.308,,1903000000,,87.22,,0.037,0.026,0.016,,78261000000,52748000000,0.674,2413.21,52748000000,2571000000,-1209000000,-1947000000,7748000000,,0.459,,,,,,true,false,12,2016-04-01,2017-03-31,0
2017-04-28,74330,2016-03-31,,116296000000,-0.113,,,,,2906000000,-0.325,2873000000,-0.369,,2034000000,,93.02,,0.040,0.036,0.025,,76365000000,50774000000,0.665,2330.43,50774000000,2087000000,44000000,-5469000000,8366000000,,0.430,,,,,,true,false,12,2015-04-01,2016-03-31,-1
2017-04-28,74330,2018-03-31,,60000000000,0.101,,,,,1000000000,0.497,1100000000,0.438,,800000000,,37.27,,,,,,,,,,,,,,,,,,,,,,true,true,6,2017-04-01,2017-09-30,1
2017-04-28,74330,2018-03-31,,134000000000,0.050,,,,,3200000000,0.546,3300000000,0.659,,2400000000,,113.89,,,,,,,,,,,,,,,,0.351,,,,,,true,true,12,2017-04-01,2018-03-31,1
2017-04-28,74330,2016-03-31,,,,,,,,,,,,,,,,,,,,,,,,,,,,,,40.00,,,,24137213,2349593,21876929,false,false,12,2015-04-01,2016-03-31,-1
2017-04-28,74330,2017-03-31,,,,,,,,,,,,,,,,,,,,,,,,,,,,,,40.00,,,,24137213,2279151,21826373,false,false,12,2016-04-01,2017-03-31,0
2017-04-28,74330,2018-03-31,,,,,,,,,,,,,,,,,,,,,,,,,,,,,,40.00,,,,,,,false,true,12,2017-04-01,2018-03-31,1
2017-07-31,74330,2018-03-31,1,37007000000,0.400,,,,,887000000,2.482,1071000000,1.630,,853000000,,39.69,,,,,,80946000000,52857000000,0.653,2489.12,52857000000,,,,,,,,,,,,true,false,3,2017-04-01,2017-06-30,0
2017-07-31,74330,2017-03-31,1,26439000000,-0.125,,,,,254000000,-0.780,407000000,-0.666,,291000000,,13.38,,,,,,,,,,,,,,,,,,,,,,true,false,3,2016-04-01,2016-06-30,-1
2017-07-31,74330,2018-03-31,1,70000000000,0.285,,,,,1400000000,1.096,1600000000,1.092,,1200000000,,56.14,,,,,,,,,,,,,,,,,,,,,,true,true,6,2017-04-01,2017-09-30,0
2017-07-31,74330,2018-03-31,1,134000000000,0.050,,,,,3200000000,0.546,3300000000,0.659,,2400000000,,113.89,,,,,,,,,,,,,,,,,,,,,,true,true,12,2017-04-01,2018-03-31,0
2017-07-31,74330,2017-03-31,1,,,,,,,,,,,,,,,,,,,,78261000000,52748000000,0.674,2413.21,52748000000,,,,,,,,,,,,true,false,12,2016-04-01,2017-03-31,-1
2017-07-31,74330,2017-03-31,1,,,,,,,,,,,,,,,,,,,,,,,,,,,,,40.00,,,,24137213,2279151,,false,false,12,2016-04-01,2017-03-31,-1
2017-07-31,74330,2018-03-31,1,,,,,,,,,,,,,,,,,,,,,,,,,,,,,40.00,,,,,,,false,true,12,2017-04-01,2018-03-31,0
2017-07-31,74330,2018-03-31,1,,,,,,,,,,,,,,,,,,,,,,,,,,,,,,,,,24137213,2901948,21512936,false,false,3,2017-04-01,2017-06-30,0
2017-07-31,74330,2017-03-31,1,,,,,,,,,,,,,,,,,,,,,,,,,,,,,,,,,,,21795888,false,false,3,2016-04-01,2016-06-30,-1
2017-07-31,74330,2018-03-31,,70000000000,0.167,,,,,1400000000,0.400,1600000000,0.455,,1200000000,,56.14,,,,,,,,,,,,,,,,,,,,,,true,true,6,2017-04-01,2017-09-30,0
2017-07-31,74330,2017-03-31,,54491000000,,,,,,667000000,,764000000,,,512000000,,23.48,,,,,,,,,,,,,,,,,,,,,,true,false,6,2016-04-01,2016-09-30,-1
2017-10-27,74330,2018-03-31,,71800000000,0.026,,,,,1910000000,0.364,2080000000,0.300,,1580000000,,74.42,,,,,,,,,,,,,,,,,,,,,,true,true,6,2017-04-01,2017-09-30,0
2017-10-27,74330,2017-03-31,,54491000000,,,,,,667000000,,764000000,,,512000000,,23.48,,,,,,,,,,,,,,,,,,,,,,true,false,6,2016-04-01,2016-09-30,-1
2017-10-31,74330,2018-03-31,2,71825000000,0.318,,,,,1912000000,1.863,2085000000,1.727,,1582000000,,74.53,,,,,,84165000000,53579000000,0.637,2570.22,53579000000,,,,,,,,,,,,true,false,6,2017-04-01,2017-09-30,0
2017-10-31,74330,2017-03-31,2,54491000000,-0.091,,,,,667000000,-0.643,764000000,-0.599,,512000000,,23.48,,,,,,,,,,,,,,,,,,,,,,true,false,6,2016-04-01,2016-09-30,-1
2017-10-31,74330,2018-03-31,2,134000000000,0.050,,,,,3200000000,0.546,3300000000,0.659,,2400000000,,113.89,,,,,,,,,,,,,,,,,,,,,,true,true,12,2017-04-01,2018-03-31,0
2017-10-31,74330,2017-03-31,2,,,,,,,,,,,,,,,,,,,,78261000000,52748000000,0.674,2413.21,52748000000,,,,,,,,,,,,true,false,12,2016-04-01,2017-03-31,-1
2017-10-31,74330,2017-03-31,2,,,,,,,,,,,,,,,,,,,,,,,,,,,,,40.00,,,,24137213,2279151,,false,false,12,2016-04-01,2017-03-31,-1
2017-10-31,74330,2018-03-31,2,,,,,,,,,,,,,,,,,,,,,,,,,,,,,20.00,,,,,,,false,false,12,2017-04-01,2018-03-31,0
2017-10-31,74330,2018-03-31,2,,,,,,,,,,,,,,,,,,,,,,,,,,,,,40.00,,,,,,,false,true,12,2017-04-01,2018-03-31,0
2017-10-31,74330,2018-03-31,2,,,,,,,,,,,,,,,,,,,,,,,,,,,,,,,,,24137213,3291103,21229674,false,false,6,2017-04-01,2017-09-30,0
2017-10-31,74330,2017-03-31,2,,,,,,,,,,,,,,,,,,,,,,,,,,,,,,,,,,,21808412,false,false,6,2016-04-01,2016-09-30,-1
2018-02-13,74330,2018-03-31,3,106541000000,0.151,,,,,2908000000,0.877,3053000000,0.948,,2868000000,,135.92,,,,,,86453000000,54956000000,0.636,2634.62,54956000000,,,,,,,,,,,,true,false,9,2017-04-01,2017-12-31,0
2018-02-13,74330,2017-03-31,3,92589000000,0.039,,,,,1549000000,-0.386,1567000000,-0.380,,980000000,,44.96,,,,,,,,,,,,,,,,,,,,,,true,false,9,2016-04-01,2016-12-31,-1
2018-02-13,74330,2018-03-31,3,134000000000,0.050,,,,,3200000000,0.546,3300000000,0.659,,2400000000,,113.89,,,,,,,,,,,,,,,,,,,,,,true,true,12,2017-04-01,2018-03-31,0
2018-02-13,74330,2017-03-31,3,,,,,,,,,,,,,,,,,,,,78261000000,52748000000,0.674,2413.21,52748000000,,,,,,,,,,,,true,false,12,2016-04-01,2017-03-31,-1
2018-02-13,74330,2017-03-31,3,,,,,,,,,,,,,,,,,,,,,,,,,,,,,40.00,,,,24137213,2279151,,false,false,12,2016-04-01,2017-03-31,-1
2018-02-13,74330,2018-03-31,3,,,,,,,,,,,,,,,,,,,,,,,,,,,,,20.00,,,,,,,false,false,12,2017-04-01,2018-03-31,0
2018-02-13,74330,2018-03-31,3,,,,,,,,,,,,,,,,,,,,,,,,,,,,,40.00,,,,,,,false,true,12,2017-04-01,2018-03-31,0
2018-02-13,74330,2018-03-31,3,,,,,,,,,,,,,,,,,,,,,,,,,,,,,,,,,24137213,3277805,21103548,false,false,9,2017-04-01,2017-12-31,0
2018-02-13,74330,2017-03-31,3,,,,,,,,,,,,,,,,,,,,,,,,,,,,,,,,,,,21817367,false,false,9,2016-04-01,2016-12-31,-1
2018-03-30,74330,2018-03-31,,138000000000,0.030,,,,,3400000000,0.063,3500000000,0.061,,3200000000,,152.06,,,,,,,,,,,,,,,,,,,,,,true,true,12,2017-04-01,2018-03-31,0
2018-03-30,74330,2017-03-31,,127599000000,,,,,,2069000000,,1989000000,,,1903000000,,87.22,,,,,,,,,,,,,,,,,,,,,,true,false,12,2016-04-01,2017-03-31,-1
2018-03-30,74330,2018-03-31,,,,,,,,,,,,,,,,,,,,,,,,,,,,,,46.00,,,,,,,false,true,12,2017-04-01,2018-03-31,0
2018-03-30,74330,2018-03-31,,,,,,,,,,,,,,,,,,,,,,,,,,,,,,20.00,,,,,,,false,false,12,2017-04-01,2018-03-31,0
2018-03-30,74330,2017-03-31,,,,,,,,,,,,,,,,,,,,,,,,,,,,,,40.00,,,,,,,false,false,12,2016-04-01,2017-03-31,-1
2018-04-27,74330,2018-03-31,,137578000000,0.078,,,,,3710000000,0.793,3740000000,0.880,,3259000000,,154.89,,0.061,0.046,0.027,,85326000000,53583000000,0.628,2568.01,53583000000,-459000000,214000000,1777000000,9245000000,,0.297,,,,,,true,false,12,2017-04-01,2018-03-31,0
2018-04-27,74330,2017-03-31,,127599000000,0.097,,,,,2069000000,-0.288,1989000000,-0.308,,1903000000,,87.22,,0.037,0.026,0.016,,78261000000,52748000000,0.674,2413.21,52748000000,2571000000,-1209000000,-1947000000,7748000000,,0.459,,,,,,true,false,12,2016-04-01,2017-03-31,-1
2018-04-27,74330,2019-03-31,,68000000000,-0.053,,,,,1850000000,-0.033,2000000000,-0.041,,1500000000,,71.89,,,,,,,,,,,,,,,,,,,,,,true,true,6,2018-04-01,2018-09-30,1
2018-04-27,74330,2019-03-31,,148000000000,0.076,,,,,4500000000,0.213,4700000000,0.257,,3400000000,,162.95,,,,,,,,,,,,,,,,0.307,,,,,,true,true,12,2018-04-01,2019-03-31,1
2018-04-27,74330,2018-03-31,,109416000000,0.203,,,,,1396000000,0.227,2808000000,1.186,2777000000,,1.028,131.99,,,,,,71009000000,44388000000,0.625,2127.34,44388000000,,,,,46.00,,,,24137213,3271467,21044185,false,false,12,2017-04-01,2018-03-31,0
2018-04-27,74330,2017-03-31,,90968000000,0.036,,,,,1138000000,-0.285,1284000000,-0.500,1369000000,,-0.169,62.76,,,,,,65275000000,43830000000,0.672,2005.21,43830000000,,,,,40.00,,,,24137213,2279151,21826373,false,false,12,2016-04-01,2017-03-31,-1
2018-04-27,74330,2019-03-31,,,,,,,,,,,,,,,,,,,,,,,,,,,,,,50.00,,,,,,,false,true,12,2018-04-01,2019-03-31,1
2018-07-31,74330,2019-03-31,1,33768000000,-0.088,,,,,1112000000,0.254,1190000000,0.111,,836000000,,40.06,,,,,,87064000000,54210000000,0.623,2596.67,54210000000,,,,,,,,,,,,true,false,3,2018-04-01,2018-06-30,0
2018-07-31,74330,2018-03-31,1,37007000000,0.400,,,,,887000000,2.482,1071000000,1.630,,853000000,,39.69,,,,,,,,,,,,,,,,,,,,,,true,false,3,2017-04-01,2017-06-30,-1
2018-07-31,74330,2019-03-31,1,68000000000,-0.053,,,,,1850000000,-0.033,2000000000,-0.041,,1500000000,,71.89,,,,,,,,,,,,,,,,,,,,,,true,true,6,2018-04-01,2018-09-30,0
2018-07-31,74330,2019-03-31,1,148000000000,0.076,,,,,4500000000,0.213,4700000000,0.257,,3400000000,,162.95,,,,,,,,,,,,,,,,,,,,,,true,true,12,2018-04-01,2019-03-31,0
2018-07-31,74330,2018-03-31,1,,,,,,,,,,,,,,,,,,,,84796000000,53583000000,0.632,2568.01,53583000000,,,,,,,,,,,,true,false,12,2017-04-01,2018-03-31,-1
2018-07-31,74330,2018-03-31,1,,,,,,,,,,,,,,,,,,,,,,,,,,,,,46.00,,,,24137213,3271467,,false,false,12,2017-04-01,2018-03-31,-1
2018-07-31,74330,2019-03-31,1,,,,,,,,,,,,,,,,,,,,,,,,,,,,,50.00,,,,,,,false,true,12,2018-04-01,2019-03-31,0
2018-07-31,74330,2019-03-31,1,,,,,,,,,,,,,,,,,,,,,,,,,,,,,,,,,24137213,3260404,20870850,false,false,3,2018-04-01,2018-06-30,0
2018-07-31,74330,2018-03-31,1,,,,,,,,,,,,,,,,,,,,,,,,,,,,,,,,,,,21512936,false,false,3,2017-04-01,2017-06-30,-1
2018-10-29,74330,2019-03-31,2,68743000000,-0.035,,,,,1957000000,0.033,2000000000,-0.032,,1346000000,,64.51,,,,,,86374000000,54759000000,0.634,2621.90,54759000000,,,,,,,,,,,,true,false,6,2018-04-01,2018-09-30,0
2018-10-29,74330,2018-03-31,2,71268000000,0.308,,,,,1894000000,1.836,2067000000,1.703,,1567000000,,73.85,,,,,,,,,,,,,,,,,,,,,,true,false,6,2017-04-01,2017-09-30,-1
2018-10-29,74330,2019-03-31,2,148000000000,0.076,,,,,4500000000,0.213,4700000000,0.257,,3400000000,,162.95,,,,,,,,,,,,,,,,,,,,,,true,true,12,2018-04-01,2019-03-31,0
2018-10-29,74330,2018-03-31,2,,,,,,,,,,,,,,,,,,,,84796000000,53583000000,0.632,2568.01,53583000000,,,,,,,,,,,,true,false,12,2017-04-01,2018-03-31,-1
2018-10-29,74330,2018-03-31,2,,,,,,,,,,,,,,,,,,,,,,,,,,,,,46.00,,,,24137213,3271467,,false,false,12,2017-04-01,2018-03-31,-1
2018-10-29,74330,2019-03-31,2,,,,,,,,,,,,,,,,,,,,,,,,,,,,,20.00,,,,,,,false,false,12,2018-04-01,2019-03-31,0
2018-10-29,74330,2019-03-31,2,,,,,,,,,,,,,,,,,,,,,,,,,,,,,50.00,,,,,,,false,true,12,2018-04-01,2019-03-31,0
2018-10-29,74330,2019-03-31,2,,,,,,,,,,,,,,,,,,,,,,,,,,,,,,,,,24137213,3251904,20877848,false,false,6,2018-04-01,2018-09-30,0
2018-10-29,74330,2018-03-31,2,,,,,,,,,,,,,,,,,,,,,,,,,,,,,,,,,,,21229674,false,false,6,2017-04-01,2017-09-30,-1
2019-02-13,74330,2019-03-31,3,104947000000,-0.007,,,,,2847000000,-0.007,2881000000,-0.044,,1883000000,,90.23,,,,,,85367000000,53542000000,0.627,2563.63,53542000000,,,,,,,,,,,,true,false,9,2018-04-01,2018-12-31,0
2019-02-13,74330,2018-03-31,3,105651000000,0.141,,,,,2868000000,0.851,3013000000,0.923,,2837000000,,134.44,,,,,,,,,,,,,,,,,,,,,,true,false,9,2017-04-01,2017-12-31,-1
2019-02-13,74330,2019-03-31,3,148000000000,0.076,,,,,4500000000,0.213,4700000000,0.257,,3400000000,,162.95,,,,,,,,,,,,,,,,,,,,,,true,true,12,2018-04-01,2019-03-31,0
2019-02-13,74330,2018-03-31,3,,,,,,,,,,,,,,,,,,,,84796000000,53583000000,0.632,2568.01,53583000000,,,,,,,,,,,,true,false,12,2017-04-01,2018-03-31,-1
2019-02-13,74330,2018-03-31,3,,,,,,,,,,,,,,,,,,,,,,,,,,,,,46.00,,,,24137213,3271467,,false,false,12,2017-04-01,2018-03-31,-1
2019-02-13,74330,2019-03-31,3,,,,,,,,,,,,,,,,,,,,,,,,,,,,,20.00,,,,,,,false,false,12,2018-04-01,2019-03-31,0
2019-02-13,74330,2019-03-31,3,,,,,,,,,,,,,,,,,,,,,,,,,,,,,50.00,,,,,,,false,true,12,2018-04-01,2019-03-31,0
2019-02-13,74330,2019-03-31,3,,,,,,,,,,,,,,,,,,,,,,,,,,,,,,,,,24137213,3251904,20880344,false,false,9,2018-04-01,2018-12-31,0
2019-02-13,74330,2018-03-31,3,,,,,,,,,,,,,,,,,,,,,,,,,,,,,,,,,,,21103548,false,false,9,2017-04-01,2017-12-31,-1
2019-04-26,74330,2019-03-31,,140100000000,-0.053,,,,,3640000000,-0.191,3580000000,-0.238,,2470000000,,118.45,,,,,,,,,,,,,,,,,,,,,,true,true,12,2018-04-01,2019-03-31,0
2019-04-26,74330,2018-03-31,,138744000000,,,,,,3740000000,,3772000000,,,3287000000,,156.22,,,,,,,,,,,,,,,,,,,,,,true,false,12,2017-04-01,2018-03-31,-1
2019-05-08,74330,2019-03-31,,140123000000,0.010,,,,,3642000000,-0.026,3580000000,-0.051,,2473000000,,118.63,,0.046,0.041,0.026,,87826000000,54635000000,0.622,2658.10,54635000000,-1198000000,-152000000,-699000000,7608000000,,0.421,,,,,,true,false,12,2018-04-01,2019-03-31,0
2019-05-08,74330,2018-03-31,,138744000000,0.087,,,,,3740000000,0.807,3772000000,0.897,,3287000000,,156.22,,0.062,0.046,0.027,,84796000000,53583000000,0.632,2568.01,53583000000,-450000000,212000000,1771000000,9245000000,,0.294,,,,,,true,false,12,2017-04-01,2018-03-31,-1
2019-05-08,74330,2020-03-31,,74000000000,0.076,,,,,1500000000,-0.234,1500000000,-0.250,,1100000000,,53.52,,,,,,,,,,,,,,,,,,,,,,true,true,6,2019-04-01,2019-09-30,1
2019-05-08,74330,2020-03-31,,160000000000,0.142,,,,,4000000000,0.098,4000000000,0.117,,2800000000,,136.22,,,,,,,,,,,,,,,,0.440,,,,,,true,true,12,2019-04-01,2020-03-31,1
2019-05-08,74330,2018-03-31,,,,,,,,,,,,,,,,,,,,,,,,,,,,,,46.00,,,,24137213,3271467,21044185,false,false,12,2017-04-01,2018-03-31,-1
2019-05-08,74330,2019-03-31,,,,,,,,,,,,,,,,,,,,,,,,,,,,,,50.00,,,,24137213,3582961,20853450,false,false,12,2018-04-01,2019-03-31,0
2019-05-08,74330,2020-03-31,,,,,,,,,,,,,,,,,,,,,,,,,,,,,,60.00,,,,,,,false,true,12,2019-04-01,2020-03-31,1
2019-07-31,74330,2020-03-31,1,35657000000,0.056,,,,,750000000,-0.326,713000000,-0.401,,492000000,,23.97,,,,,,90016000000,53933000000,0.599,2623.97,53933000000,,,,,,,,,,,,true,false,3,2019-04-01,2019-06-30,0
2019-07-31,74330,2019-03-31,1,33768000000,-0.088,,,,,1112000000,0.254,1190000000,0.111,,836000000,,40.06,,,,,,,,,,,,,,,,,,,,,,true,false,3,2018-04-01,2018-06-30,-1
2019-07-31,74330,2020-03-31,1,74000000000,0.076,,,,,1500000000,-0.234,1500000000,-0.250,,1100000000,,53.52,,,,,,,,,,,,,,,,,,,,,,true,true,6,2019-04-01,2019-09-30,0
2019-07-31,74330,2020-03-31,1,160000000000,0.142,,,,,4000000000,0.098,4000000000,0.117,,2800000000,,136.22,,,,,,,,,,,,,,,,,,,,,,true,true,12,2019-04-01,2020-03-31,0
2019-07-31,74330,2019-03-31,1,,,,,,,,,,,,,,,,,,,,87826000000,54635000000,0.622,2658.10,54635000000,,,,,,,,,,,,true,false,12,2018-04-01,2019-03-31,-1
2019-07-31,74330,2019-03-31,1,,,,,,,,,,,,,,,,,,,,,,,,,,,,,50.00,,,,24137213,3582961,,false,false,12,2018-04-01,2019-03-31,-1
2019-07-31,74330,2020-03-31,1,,,,,,,,,,,,,,,,,,,,,,,,,,,,,60.00,,,,,,,false,true,12,2019-04-01,2020-03-31,0
2019-07-31,74330,2020-03-31,1,,,,,,,,,,,,,,,,,,,,,,,,,,,,,,,,,24137213,3582961,20554252,false,false,3,2019-04-01,2019-06-30,0
2019-07-31,74330,2019-03-31,1,,,,,,,,,,,,,,,,,,,,,,,,,,,,,,,,,,,20870850,false,false,3,2018-04-01,2018-06-30,-1
2019-10-31,74330,2020-03-31,2,72269000000,0.051,,,,,1708000000,-0.127,1574000000,-0.213,,1105000000,,53.78,,,,,,94697000000,54267000000,0.573,2640.21,54267000000,,,,,,,,,,,,true,false,6,2019-04-01,2019-09-30,0
2019-10-31,74330,2019-03-31,2,68743000000,-0.035,,,,,1957000000,0.033,2000000000,-0.032,,1346000000,,64.51,,,,,,,,,,,,,,,,,,,,,,true,false,6,2018-04-01,2018-09-30,-1
2019-10-31,74330,2020-03-31,2,160000000000,0.142,,,,,4000000000,0.098,4000000000,0.117,,2800000000,,136.22,,,,,,,,,,,,,,,,,,,,,,true,true,12,2019-04-01,2020-03-31,0
2019-10-31,74330,2019-03-31,2,,,,,,,,,,,,,,,,,,,,87826000000,54635000000,0.622,2658.10,54635000000,,,,,,,,,,,,true,false,12,2018-04-01,2019-03-31,-1
2019-10-31,74330,2019-03-31,2,,,,,,,,,,,,,,,,,,,,,,,,,,,,,50.00,,,,24137213,3582961,,false,false,12,2018-04-01,2019-03-31,-1
2019-10-31,74330,2020-03-31,2,,,,,,,,,,,,,,,,,,,,,,,,,,,,,30.00,,,,,,,false,false,12,2019-04-01,2020-03-31,0
2019-10-31,74330,2020-03-31,2,,,,,,,,,,,,,,,,,,,,,,,,,,,,,60.00,,,,,,,false,true,12,2019-04-01,2020-03-31,0
2019-10-31,74330,2020-03-31,2,,,,,,,,,,,,,,,,,,,,,,,,,,,,,,,,,24137213,3583049,20554210,false,false,6,2019-04-01,2019-09-30,0
2019-10-31,74330,2019-03-31,2,,,,,,,,,,,,,,,,,,,,,,,,,,,,,,,,,,,20877848,false,false,6,2018-04-01,2018-09-30,-1
2020-02-13,74330,2020-03-31,3,113592000000,0.082,,,,,2627000000,-0.077,2410000000,-0.164,,1743000000,,84.83,,,,,,106531000000,55754000000,0.523,2712.59,55754000000,,,,,,,,,,,,true,false,9,2019-04-01,2019-12-31,0
2020-02-13,74330,2019-03-31,3,104947000000,-0.007,,,,,2847000000,-0.007,2881000000,-0.044,,1883000000,,90.23,,,,,,,,,,,,,,,,,,,,,,true,false,9,2018-04-01,2018-12-31,-1
2020-02-13,74330,2020-03-31,3,160000000000,0.142,,,,,4000000000,0.098,4000000000,0.117,,2800000000,,136.22,,,,,,,,,,,,,,,,,,,,,,true,true,12,2019-04-01,2020-03-31,0
2020-02-13,74330,2019-03-31,3,,,,,,,,,,,,,,,,,,,,87826000000,54635000000,0.622,2658.10,54635000000,,,,,,,,,,,,true,false,12,2018-04-01,2019-03-31,-1
2020-02-13,74330,2019-03-31,3,,,,,,,,,,,,,,,,,,,,,,,,,,,,,50.00,,,,24137213,3582961,,false,false,12,2018-04-01,2019-03-31,-1
2020-02-13,74330,2020-03-31,3,,,,,,,,,,,,,,,,,,,,,,,,,,,,,30.00,,,,,,,false,false,12,2019-04-01,2020-03-31,0
2020-02-13,74330,2020-03-31,3,,,,,,,,,,,,,,,,,,,,,,,,,,,,,60.00,,,,,,,false,true,12,2019-04-01,2020-03-31,0
2020-02-13,74330,2020-03-31,3,,,,,,,,,,,,,,,,,,,,,,,,,,,,,,,,,24137213,3583121,20554173,false,false,9,2019-04-01,2019-12-31,0
2020-02-13,74330,2019-03-31,3,,,,,,,,,,,,,,,,,,,,,,,,,,,,,,,,,,,20880344,false,false,9,2018-04-01,2018-12-31,-1
2020-03-31,74330,2020-03-31,,152000000000,-0.050,,,,,2500000000,-0.375,2200000000,-0.450,,1500000000,,72.98,,,,,,,,,,,,,,,,,,,,,,true,true,12,2019-04-01,2020-03-31,0
2020-03-31,74330,2019-03-31,,140123000000,,,,,,3642000000,,3580000000,,,2473000000,,118.63,,,,,,,,,,,,,,,,,,,,,,true,false,12,2018-04-01,2019-03-31,-1
2020-03-31,74330,2020-03-31,,,,,,,,,,,,,,,,,,,,,,,,,,,,,,50.00,,,,,,,false,true,12,2019-04-01,2020-03-31,0
2020-03-31,74330,2020-03-31,,,,,,,,,,,,,,,,,,,,,,,,,,,,,,30.00,,,,,,,false,false,12,2019-04-01,2020-03-31,0
2020-03-31,74330,2019-03-31,,,,,,,,,,,,,,,,,,,,,,,,,,,,,,50.00,,,,,,,false,false,12,2018-04-01,2019-03-31,-1
2020-05-22,74330,2020-03-31,,153182000000,0.093,,,,,2414000000,-0.337,2139000000,-0.402,,1439000000,,70.04,,0.027,0.021,0.016,,112135000000,54011000000,0.482,2627.76,54011000000,-16288000000,-16000000,23547000000,14736000000,,0.714,,,,,,true,false,12,2019-04-01,2020-03-31,0
2020-05-22,74330,2019-03-31,,140123000000,0.010,,,,,3642000000,-0.026,3580000000,-0.051,,2473000000,,118.63,,0.046,0.041,0.026,,87826000000,54635000000,0.622,2658.10,54635000000,-1198000000,-152000000,-699000000,7608000000,,0.421,,,,,,true,false,12,2018-04-01,2019-03-31,-1
2020-05-22,74330,2020-03-31,,129546000000,0.114,,,,,1238000000,-0.480,1188000000,-0.666,751000000,,-0.723,36.58,,,,,,98057000000,44484000000,0.454,2164.25,44484000000,,,,,50.00,,,,24137213,3583121,20554153,false,false,12,2019-04-01,2020-03-31,0
2020-05-22,74330,2019-03-31,,116274000000,0.063,,,,,2382000000,0.706,3554000000,0.266,2716000000,,-0.022,130.27,,,,,,74647000000,45497000000,0.610,2213.53,45497000000,,,,,50.00,,,,24137213,3582961,20853450,false,false,12,2018-04-01,2019-03-31,-1
2020-07-31,74330,2021-03-31,1,35719000000,0.002,,,,,1236000000,0.648,1148000000,0.610,,736000000,,35.83,,,,,,115159000000,55452000000,0.482,2697.85,55452000000,,,,,,,,,,,,true,false,3,2020-04-01,2020-06-30,0
2020-07-31,74330,2020-03-31,1,35657000000,0.056,,,,,750000000,-0.326,713000000,-0.401,,492000000,,23.97,,,,,,,,,,,,,,,,,,,,,,true,false,3,2019-04-01,2019-06-30,-1
2020-07-31,74330,2021-03-31,1,70000000000,-0.031,,,,,1500000000,-0.122,1400000000,-0.111,,900000000,,43.79,,,,,,,,,,,,,,,,,,,,,,true,true,6,2020-04-01,2020-09-30,0
2020-07-31,74330,2021-03-31,1,144000000000,-0.060,,,,,2700000000,0.118,2500000000,0.168,,1700000000,,82.71,,,,,,,,,,,,,,,,,,,,,,true,true,12,2020-04-01,2021-03-31,0
2020-07-31,74330,2020-03-31,1,,,,,,,,,,,,,,,,,,,,112135000000,54011000000,0.482,2627.76,54011000000,,,,,,,,,,,,true,false,12,2019-04-01,2020-03-31,-1
2020-07-31,74330,2020-03-31,1,,,,,,,,,,,,,,,,,,,,,,,,,,,,,50.00,,,,24137213,3583121,,false,false,12,2019-04-01,2020-03-31,-1
2020-07-31,74330,2021-03-31,1,,,,,,,,,,,,,,,,,,,,,,,,,,,,,50.00,,,,,,,false,true,12,2020-04-01,2021-03-31,0
2020-07-31,74330,2021-03-31,1,,,,,,,,,,,,,,,,,,,,,,,,,,,,,,,,,24137213,3583031,20554122,false,false,3,2020-04-01,2020-06-30,0
2020-07-31,74330,2020-03-31,1,,,,,,,,,,,,,,,,,,,,,,,,,,,,,,,,,,,20554252,false,false,3,2019-04-01,2019-06-30,-1
2020-11-12,74330,2021-03-31,2,75619000000,0.046,,,,,1653000000,-0.032,1521000000,-0.034,,1014000000,,49.33,,,,,,113454000000,56113000000,0.495,2725.43,56113000000,,,,,,,,,,,,true,false,6,2020-04-01,2020-09-30,0
2020-11-12,74330,2020-03-31,2,72269000000,0.051,,,,,1708000000,-0.127,1574000000,-0.213,,1105000000,,53.78,,,,,,,,,,,,,,,,,,,,,,true,false,6,2019-04-01,2019-09-30,-1
2020-11-12,74330,2021-03-31,2,144000000000,-0.060,,,,,2700000000,0.118,2500000000,0.168,,1700000000,,82.71,,,,,,,,,,,,,,,,,,,,,,true,true,12,2020-04-01,2021-03-31,0
2020-11-12,74330,2020-03-31,2,,,,,,,,,,,,,,,,,,,,112135000000,54011000000,0.482,2627.76,54011000000,,,,,,,,,,,,true,false,12,2019-04-01,2020-03-31,-1
2020-11-12,74330,2020-03-31,2,,,,,,,,,,,,,,,,,,,,,,,,,,,,,50.00,,,,24137213,3583121,,false,false,12,2019-04-01,2020-03-31,-1
2020-11-12,74330,2021-03-31,2,,,,,,,,,,,,,,,,,,,,,,,,,,,,,25.00,,,,,,,false,false,12,2020-04-01,2021-03-31,0
2020-11-12,74330,2021-03-31,2,,,,,,,,,,,,,,,,,,,,,,,,,,,,,50.00,,,,,,,false,true,12,2020-04-01,2021-03-31,0
2020-11-12,74330,2021-03-31,2,,,,,,,,,,,,,,,,,,,,,,,,,,,,,,,,,24137213,3548331,20571597,false,false,6,2020-04-01,2020-09-30,0
2020-11-12,74330,2020-03-31,2,,,,,,,,,,,,,,,,,,,,,,,,,,,,,,,,,,,20554210,false,false,6,2019-04-01,2019-09-30,-1
2021-01-29,74330,2021-03-31,3,121987000000,0.074,,,,,2742000000,0.044,2506000000,0.040,,1883000000,,91.53,,,,,,115094000000,56081000000,0.487,2723.91,56081000000,,,,,,,,,,,,true,false,9,2020-04-01,2020-12-31,0
2021-01-29,74330,2020-03-31,3,113592000000,0.082,,,,,2627000000,-0.077,2410000000,-0.164,,1743000000,,84.83,,,,,,,,,,,,,,,,,,,,,,true,false,9,2019-04-01,2019-12-31,-1
2021-01-29,74330,2021-03-31,3,164000000000,0.071,,,,,3500000000,0.449,3200000000,0.495,,2500000000,,121.49,,,,,,,,,,,,,,,,,,,,,,true,true,12,2020-04-01,2021-03-31,0
2021-01-29,74330,2020-03-31,3,,,,,,,,,,,,,,,,,,,,112135000000,54011000000,0.482,2627.76,54011000000,,,,,,,,,,,,true,false,12,2019-04-01,2020-03-31,-1
2021-01-29,74330,2020-03-31,3,,,,,,,,,,,,,,,,,,,,,,,,,,,,,50.00,,,,24137213,3583121,,false,false,12,2019-04-01,2020-03-31,-1
2021-01-29,74330,2021-03-31,3,,,,,,,,,,,,,,,,,,,,,,,,,,,,,25.00,,,,,,,false,false,12,2020-04-01,2021-03-31,0
2021-01-29,74330,2021-03-31,3,,,,,,,,,,,,,,,,,,,,,,,,,,,,,50.00,,,,,,,false,true,12,2020-04-01,2021-03-31,0
2021-01-29,74330,2021-03-31,3,,,,,,,,,,,,,,,,,,,,,,,,,,,,,,,,,24137213,3548415,20577362,false,false,9,2020-04-01,2020-12-31,0
2021-01-29,74330,2020-03-31,3,,,,,,,,,,,,,,,,,,,,,,,,,,,,,,,,,,,20554173,false,false,9,2019-04-01,2019-12-31,-1
2021-01-29,74330,2021-03-31,,164000000000,0.139,,,,,3500000000,0.296,3200000000,0.280,,2500000000,,121.49,,,,,,,,,,,,,,,,,,,,,,true,true,12,2020-04-01,2021-03-31,0
2021-01-29,74330,2020-03-31,,153182000000,,,,,,2414000000,,2139000000,,,1439000000,,70.04,,,,,,,,,,,,,,,,,,,,,,true,false,12,2019-04-01,2020-03-31,-1
2021-04-30,74330,2021-03-31,,165413000000,0.080,,,,,3806000000,0.576,3603000000,0.684,,3064000000,,148.91,,0.055,0.032,0.023,,116422000000,58018000000,0.498,2817.95,58018000000,7418000000,601000000,-5280000000,17867000000,,0.403,,,,,,true,false,12,2020-04-01,2021-03-31,0
2021-04-30,74330,2020-03-31,,153182000000,0.093,,,,,2414000000,-0.337,2139000000,-0.402,,1439000000,,70.04,,0.027,0.021,0.016,,112135000000,54011000000,0.482,2627.76,54011000000,-16288000000,-16000000,23547000000,14736000000,,0.714,,,,,,true,false,12,2019-04-01,2020-03-31,-1
2021-04-30,74330,2022-03-31,,80000000000,0.058,,,,,1900000000,0.149,1800000000,0.183,,1450000000,,70.43,,,,,,,,,,,,,,,,,,,,,,true,true,6,2021-04-01,2021-09-30,1
2021-04-30,74330,2022-03-31,,167000000000,0.010,,,,,4000000000,0.051,3800000000,0.054,,3000000000,,145.71,,,,,,,,,,,,,,,,0.412,,,,,,true,true,12,2021-04-01,2022-03-31,1
2021-04-30,74330,2021-03-31,,139405000000,0.076,,,,,2223000000,0.795,2357000000,0.984,2212000000,,1.943,107.52,,,,,,99196000000,46749000000,0.471,2270.65,46749000000,,,,,60.00,,,,24137213,3548445,20580177,false,false,12,2020-04-01,2021-03-31,0
2021-04-30,74330,2020-03-31,,129546000000,0.114,,,,,1238000000,-0.480,1188000000,-0.666,751000000,,-0.723,36.58,,,,,,98057000000,44484000000,0.454,2164.25,44484000000,,,,,50.00,,,,24137213,3583121,20554153,false,false,12,2019-04-01,2020-03-31,-1
2021-04-30,74330,2022-03-31,,,,,,,,,,,,,,,,,,,,,,,,,,,,,,60.00,,,,,,,false,true,12,2021-04-01,2022-03-31,1
2021-07-30,74330,2022-03-31,1,44592000000,0.248,,,,,2092000000,0.692,2146000000,0.868,,1479000000,,72.27,,,,,,112076000000,58720000000,0.524,2879.26,58720000000,,,,,,,,,,,,true,false,3,2021-04-01,2021-06-30,0
2021-07-30,74330,2021-03-31,1,35719000000,0.002,,,,,1236000000,0.648,1148000000,0.610,,736000000,,35.83,,,,,,,,,,,,,,,,,,,,,,true,false,3,2020-04-01,2020-06-30,-1
2021-07-30,74330,2022-03-31,1,90000000000,0.190,,,,,3300000000,0.996,3300000000,1.168,,2250000000,,109.89,,,,,,,,,,,,,,,,,,,,,,true,true,6,2021-04-01,2021-09-30,0
2021-07-30,74330,2022-03-31,1,167000000000,0.010,,,,,4000000000,0.051,3800000000,0.054,,3000000000,,145.71,,,,,,,,,,,,,,,,,,,,,,true,true,12,2021-04-01,2022-03-31,0
2021-07-30,74330,2021-03-31,1,,,,,,,,,,,,,,,,,,,,116422000000,58018000000,0.498,2817.95,58018000000,,,,,,,,,,,,true,false,12,2020-04-01,2021-03-31,-1
2021-07-30,74330,2021-03-31,1,,,,,,,,,,,,,,,,,,,,,,,,,,,,,60.00,,,,24137213,3548445,,false,false,12,2020-04-01,2021-03-31,-1
2021-07-30,74330,2022-03-31,1,,,,,,,,,,,,,,,,,,,,,,,,,,,,,60.00,,,,,,,false,true,12,2021-04-01,2022-03-31,0
2021-07-30,74330,2022-03-31,1,,,,,,,,,,,,,,,,,,,,,,,,,,,,,,,,,24137213,3743000,20474942,false,false,3,2021-04-01,2021-06-30,0
2021-07-30,74330,2021-03-31,1,,,,,,,,,,,,,,,,,,,,,,,,,,,,,,,,,,,20554122,false,false,3,2020-04-01,2020-06-30,-1
2021-10-29,7433,2022-03-31,2,91428000000,0.209,,,,,4171000000,1.523,4155000000,1.730,,2849000000,,140.02,,,,,,120032000000,60435000000,0.503,3000.61,60435000000,,,,,,,,,,,,true,false,6,2021-04-01,2021-09-30,0
2021-10-29,7433,2021-03-31,2,75619000000,0.046,,,,,1653000000,-0.032,1521000000,-0.034,,1014000000,,49.33,,,,,,,,,,,,,,,,,,,,,,true,false,6,2020-04-01,2020-09-30,-1
2021-10-29,7433,2022-03-31,2,185000000000,0.118,,,,,6500000000,0.707,6300000000,0.748,,4400000000,,216.19,,,,,,,,,,,,,,,,,,,,,,true,true,12,2021-04-01,2022-03-31,0
2021-10-29,7433,2021-03-31,2,,,,,,,,,,,,,,,,,,,,116422000000,58018000000,0.498,2817.95,58018000000,,,,,,,,,,,,true,false,12,2020-04-01,2021-03-31,-1
2021-10-29,7433,2021-03-31,2,,,,,,,,,,,,,,,,,,,,,,,,,,,,,60.00,,,,24137213,3548445,,false,false,12,2020-04-01,2021-03-31,-1
2021-10-29,7433,2022-03-31,2,,,,,,,,,,,,,,,,,,,,,,,,,,,,,60.00,,,,,,,false,false,12,2021-04-01,2022-03-31,0
2021-10-29,7433,2022-03-31,2,,,,,,,,,,,,,,,,,,,,,,,,,,,,,120.00,,,,,,,false,true,12,2021-04-01,2022-03-31,0
2021-10-29,7433,2022-03-31,2,,,,,,,,,,,,,,,,,,,,,,,,,,,,,,,,,24137213,3996135,20352277,false,false,6,2021-04-01,2021-09-30,0
2021-10-29,7433,2021-03-31,2,,,,,,,,,,,,,,,,,,,,,,,,,,,,,,,,,,,20571597,false,false,6,2020-04-01,2020-09-30,-1
2021-10-29,74330,2022-03-31,,185000000000,0.108,,,,,6500000000,0.625,6300000000,0.658,,4400000000,,216.19,,,,,,,,,,,,,,,,,,,,,,true,true,12,2021-04-01,2022-03-31,0
2021-10-29,74330,2021-03-31,,165413000000,,,,,,3806000000,,3603000000,,,3064000000,,148.91,,,,,,,,,,,,,,,,,,,,,,true,false,12,2020-04-01,2021-03-31,-1
2021-10-29,74330,2022-03-31,,,,,,,,,,,,,,,,,,,,,,,,,,,,,,120.00,,,,,,,false,true,12,2021-04-01,2022-03-31,0
2021-10-29,74330,2022-03-31,,,,,,,,,,,,,,,,,,,,,,,,,,,,,,60.00,,,,,,,false,false,12,2021-04-01,2022-03-31,0
2021-10-29,74330,2021-03-31,,,,,,,,,,,,,,,,,,,,,,,,,,,,,,60.00,,,,,,,false,false,12,2020-04-01,2021-03-31,-1
2022-01-31,7433,2022-03-31,3,139437000000,0.143,,,,,6160000000,1.246,6172000000,1.463,,4247000000,,211.05,,,,,,127216000000,60964000000,0.479,3107.29,60964000000,,,,,,,,,,,,true,false,9,2021-04-01,2021-12-31,0
2022-01-31,7433,2021-03-31,3,121987000000,0.074,,,,,2742000000,0.044,2506000000,0.040,,1883000000,,91.53,,,,,,,,,,,,,,,,,,,,,,true,false,9,2020-04-01,2020-12-31,-1
2022-01-31,7433,2022-03-31,3,185000000000,0.118,,,,,6500000000,0.707,6300000000,0.748,,4400000000,,216.19,,,,,,,,,,,,,,,,,,,,,,true,true,12,2021-04-01,2022-03-31,0
2022-01-31,7433,2021-03-31,3,,,,,,,,,,,,,,,,,,,,116422000000,58018000000,0.498,2817.95,58018000000,,,,,,,,,,,,true,false,12,2020-04-01,2021-03-31,-1
2022-01-31,7433,2021-03-31,3,,,,,,,,,,,,,,,,,,,,,,,,,,,,,60.00,,,,24137213,3548445,,false,false,12,2020-04-01,2021-03-31,-1
2022-01-31,7433,2022-03-31,3,,,,,,,,,,,,,,,,,,,,,,,,,,,,,60.00,,,,,,,false,false,12,2021-04-01,2022-03-31,0
2022-01-31,7433,2022-03-31,3,,,,,,,,,,,,,,,,,,,,,,,,,,,,,120.00,,,,,,,false,true,12,2021-04-01,2022-03-31,0
2022-01-31,7433,2022-03-31,3,,,,,,,,,,,,,,,,,,,,,,,,,,,,,,,,,24137213,4517243,20127908,false,false,9,2021-04-01,2021-12-31,0
2022-01-31,7433,2021-03-31,3,,,,,,,,,,,,,,,,,,,,,,,,,,,,,,,,,,,20577362,false,false,9,2020-04-01,2020-12-31,-1
2022-04-28,7433,2022-03-31,,191495000000,0.158,,,,,7304000000,0.919,7411000000,1.057,,4970000000,,248.48,,0.083,0.060,0.038,,131490000000,61668000000,0.469,3142.83,61668000000,872000000,-527000000,-379000000,18620000000,,0.644,,,,,,true,false,12,2021-04-01,2022-03-31,0
2022-04-28,7433,2021-03-31,,165413000000,0.080,,,,,3806000000,0.576,3603000000,0.684,,3064000000,,148.91,,0.055,0.032,0.023,,116422000000,58018000000,0.498,2817.95,58018000000,7418000000,601000000,-5280000000,17867000000,,0.403,,,,,,true,false,12,2020-04-01,2021-03-31,-1
2022-04-28,7433,2023-03-31,,98000000000,0.072,,,,,3500000000,-0.161,3500000000,-0.158,,2550000000,,129.96,,,,,,,,,,,,,,,,,,,,,,true,true,6,2022-04-01,2022-09-30,1
2022-04-28,7433,2023-03-31,,197000000000,0.029,,,,,7000000000,-0.042,6900000000,-0.069,,5000000000,,254.82,,,,,,,,,,,,,,,,0.628,,,,,,true,true,12,2022-04-01,2023-03-31,1
2022-04-28,7433,2022-03-31,,162029000000,0.162,,,,,4559000000,1.051,5774000000,1.450,4154000000,,0.872,207.67,,,,,,109818000000,48078000000,0.438,2450.22,48078000000,,,,,160.00,,,,24137213,4515220,20002822,false,false,12,2021-04-01,2022-03-31,0
2022-04-28,7433,2021-03-31,,139405000000,0.076,,,,,2223000000,0.795,2357000000,0.984,2212000000,,1.943,107.52,,,,,,99196000000,46749000000,0.471,2270.65,46749000000,,,,,60.00,,,,24137213,3548445,20580177,false,false,12,2020-04-01,2021-03-31,-1
2022-04-28,7433,2023-03-31,,,,,,,,,,,,,,,,,,,,,,,,,,,,,,160.00,,,,,,,false,true,12,2022-04-01,2023-03-31,1
2022-07-29,7433,2023-03-31,1,55787000000,0.251,,,,,3809000000,0.820,3967000000,0.848,,2808000000,,146.26,,,,,,143074000000,61707000000,0.431,3248.15,61707000000,,,,,,,,,,,,true,false,3,2022-04-01,2022-06-30,0
2022-07-29,7433,2022-03-31,1,44592000000,0.248,,,,,2092000000,0.692,2146000000,0.868,,1479000000,,72.27,,,,,,,,,,,,,,,,,,,,,,true,false,3,2021-04-01,2021-06-30,-1
2022-07-29,7433,2023-03-31,1,110000000000,0.203,,,,,6500000000,0.558,6500000000,0.564,,4600000000,,239.59,,,,,,,,,,,,,,,,,,,,,,true,true,6,2022-04-01,2022-09-30,0
2022-07-29,7433,2023-03-31,1,197000000000,0.029,,,,,7000000000,-0.042,6900000000,-0.069,,5000000000,,254.82,,,,,,,,,,,,,,,,,,,,,,true,true,12,2022-04-01,2023-03-31,0
2022-07-29,7433,2022-03-31,1,,,,,,,,,,,,,,,,,,,,131490000000,61668000000,0.469,3142.83,61668000000,,,,,,,,,,,,true,false,12,2021-04-01,2022-03-31,-1
2022-07-29,7433,2022-03-31,1,,,,,,,,,,,,,,,,,,,,,,,,,,,,,160.00,,,,24137213,4515220,,false,false,12,2021-04-01,2022-03-31,-1
2022-07-29,7433,2023-03-31,1,,,,,,,,,,,,,,,,,,,,,,,,,,,,,160.00,,,,,,,false,true,12,2022-04-01,2023-03-31,0
2022-07-29,7433,2023-03-31,1,,,,,,,,,,,,,,,,,,,,,,,,,,,,,,,,,23137213,4139357,19199123,false,false,3,2022-04-01,2022-06-30,0
2022-07-29,7433,2022-03-31,1,,,,,,,,,,,,,,,,,,,,,,,,,,,,,,,,,,,20474942,false,false,3,2021-04-01,2021-06-30,-1
2022-10-31,7433,2023-03-31,2,114780000000,0.255,,,,,7200000000,0.726,7303000000,0.758,,5141000000,,269.06,,,,,,149264000000,63917000000,0.428,3359.48,63917000000,,,,,,,,,,,,true,false,6,2022-04-01,2022-09-30,0
2022-10-31,7433,2022-03-31,2,91428000000,0.209,,,,,4171000000,1.523,4155000000,1.730,,2849000000,,140.02,,,,,,,,,,,,,,,,,,,,,,true,false,6,2021-04-01,2021-09-30,-1
2022-10-31,7433,2023-03-31,2,227000000000,0.185,,,,,12000000000,0.643,11700000000,0.579,,8000000000,,418.61,,,,,,,,,,,,,,,,,,,,,,true,true,12,2022-04-01,2023-03-31,0
2022-10-31,7433,2022-03-31,2,,,,,,,,,,,,,,,,,,,,131490000000,61668000000,0.469,3142.83,61668000000,,,,,,,,,,,,true,false,12,2021-04-01,2022-03-31,-1
2022-10-31,7433,2022-03-31,2,,,,,,,,,,,,,,,,,,,,,,,,,,,,,160.00,,,,24137213,4515220,,false,false,12,2021-04-01,2022-03-31,-1
2022-10-31,7433,2023-03-31,2,,,,,,,,,,,,,,,,,,,,,,,,,,,,,120.00,,,,,,,false,false,12,2022-04-01,2023-03-31,0
2022-10-31,7433,2023-03-31,2,,,,,,,,,,,,,,,,,,,,,,,,,,,,,250.00,,,,,,,false,true,12,2022-04-01,2023-03-31,0
2022-10-31,7433,2023-03-31,2,,,,,,,,,,,,,,,,,,,,,,,,,,,,,,,,,23137213,4111114,19111080,false,false,6,2022-04-01,2022-09-30,0
2022-10-31,7433,2022-03-31,2,,,,,,,,,,,,,,,,,,,,,,,,,,,,,,,,,,,20352277,false,false,6,2021-04-01,2021-09-30,-1
2023-01-31,7433,2023-03-31,3,175039000000,0.255,,,,,10982000000,0.783,10619000000,0.721,,7470000000,,392.07,,,,,,151011000000,63289000000,0.419,3354.22,63289000000,,,,,,,,,,,,true,false,9,2022-04-01,2022-12-31,0
2023-01-31,7433,2022-03-31,3,139437000000,0.143,,,,,6160000000,1.246,6172000000,1.463,,4247000000,,211.05,,,,,,,,,,,,,,,,,,,,,,true,false,9,2021-04-01,2021-12-31,-1
2023-01-31,7433,2023-03-31,3,227000000000,0.185,,,,,12000000000,0.643,11700000000,0.579,,8000000000,,418.61,,,,,,,,,,,,,,,,,,,,,,true,true,12,2022-04-01,2023-03-31,0
2023-01-31,7433,2022-03-31,3,,,,,,,,,,,,,,,,,,,,131490000000,61668000000,0.469,3142.83,61668000000,,,,,,,,,,,,true,false,12,2021-04-01,2022-03-31,-1
2023-01-31,7433,2022-03-31,3,,,,,,,,,,,,,,,,,,,,,,,,,,,,,160.00,,,,24137213,4515220,,false,false,12,2021-04-01,2022-03-31,-1
2023-01-31,7433,2023-03-31,3,,,,,,,,,,,,,,,,,,,,,,,,,,,,,120.00,,,,,,,false,false,12,2022-04-01,2023-03-31,0
2023-01-31,7433,2023-03-31,3,,,,,,,,,,,,,,,,,,,,,,,,,,,,,250.00,,,,,,,false,true,12,2022-04-01,2023-03-31,0
2023-01-31,7433,2023-03-31,3,,,,,,,,,,,,,,,,,,,,,,,,,,,,,,,,,23137213,4268514,19054060,false,false,9,2022-04-01,2022-12-31,0
2023-01-31,7433,2022-03-31,3,,,,,,,,,,,,,,,,,,,,,,,,,,,,,,,,,,,20127908,false,false,9,2021-04-01,2021-12-31,-1
2023-04-28,7433,2023-03-31,,233624000000,0.220,,,,,12711000000,0.740,12048000000,0.626,,8929000000,,470.52,,0.142,0.087,0.054,,145900000000,63863000000,0.438,3416.27,63863000000,-3382000000,-300000000,1314000000,16751000000,,0.595,,,,,,true,false,12,2022-04-01,2023-03-31,0
2023-04-28,7433,2022-03-31,,191495000000,0.158,,,,,7304000000,0.919,7411000000,1.057,,4970000000,,248.48,,0.083,0.060,0.038,,131490000000,61668000000,0.469,3142.83,61668000000,872000000,-527000000,-379000000,18620000000,,0.644,,,,,,true,false,12,2021-04-01,2022-03-31,-1
2023-04-28,7433,2024-03-31,,90000000000,-0.216,,,,,3600000000,-0.500,3400000000,-0.534,,2450000000,,131.06,,,,,,,,,,,,,,,,,,,,,,true,true,6,2023-04-01,2023-09-30,1
2023-04-28,7433,2024-03-31,,190000000000,-0.187,,,,,8000000000,-0.371,7600000000,-0.369,,5400000000,,288.87,,,,,,,,,,,,,,,,0.969,,,,,,true,true,12,2023-04-01,2024-03-31,1
2023-04-28,7433,2023-03-31,,200231000000,0.236,,,,,9396000000,1.061,10268000000,0.778,7840000000,,0.887,413.12,,,,,,121884000000,48334000000,0.397,2585.60,48334000000,,,,,280.00,,,,23137213,4443389,18977941,false,false,12,2022-04-01,2023-03-31,0
2023-04-28,7433,2022-03-31,,162029000000,0.162,,,,,4559000000,1.051,5774000000,1.450,4154000000,,0.872,207.67,,,,,,109818000000,48078000000,0.438,2450.22,48078000000,,,,,160.00,,,,24137213,4515220,20002822,false,false,12,2021-04-01,2022-03-31,-1
2023-04-28,7433,2024-03-31,,,,,,,,,,,,,,,,,,,,,,,,,,,,,,280.00,,,,,,,false,true,12,2023-04-01,2024-03-31,1
2023-07-31,7433,2024-03-31,1,44784000000,-0.197,,,,,1996000000,-0.476,1728000000,-0.564,,6000000,,0.36,,,,,,139201000000,62770000000,0.451,3354.39,62770000000,,,,,,,,,,,,true,false,3,2023-04-01,2023-06-30,0
2023-07-31,7433,2023-03-31,1,55787000000,0.251,,,,,3809000000,0.820,3967000000,0.848,,2808000000,,146.26,,,,,,,,,,,,,,,,,,,,,,true,false,3,2022-04-01,2022-06-30,-1
2023-07-31,7433,2024-03-31,1,90000000000,-0.216,,,,,3600000000,-0.500,3400000000,-0.534,,2450000000,,131.06,,,,,,,,,,,,,,,,,,,,,,true,true,6,2023-04-01,2023-09-30,0
2023-07-31,7433,2024-03-31,1,190000000000,-0.187,,,,,8000000000,-0.371,7600000000,-0.369,,5400000000,,288.87,,,,,,,,,,,,,,,,,,,,,,true,true,12,2023-04-01,2024-03-31,0
2023-07-31,7433,2023-03-31,1,,,,,,,,,,,,,,,,,,,,145900000000,63863000000,0.438,3416.27,63863000000,,,,,,,,,,,,true,false,12,2022-04-01,2023-03-31,-1
2023-07-31,7433,2023-03-31,1,,,,,,,,,,,,,,,,,,,,,,,,,,,,,280.00,,,,23137213,4443389,,false,false,12,2022-04-01,2023-03-31,-1
2023-07-31,7433,2024-03-31,1,,,,,,,,,,,,,,,,,,,,,,,,,,,,,280.00,,,,,,,false,true,12,2023-04-01,2024-03-31,0
2023-07-31,7433,2024-03-31,1,,,,,,,,,,,,,,,,,,,,,,,,,,,,,,,,,23137213,4424192,18701756,false,false,3,2023-04-01,2023-06-30,0
2023-07-31,7433,2023-03-31,1,,,,,,,,,,,,,,,,,,,,,,,,,,,,,,,,,,,19199123,false,false,3,2022-04-01,2022-06-30,-1
2023-10-31,7433,2024-03-31,2,93223000000,-0.188,,,,,4715000000,-0.345,4379000000,-0.400,,3019000000,,161.35,,,,,,136029000000,65161000000,0.479,3479.62,65161000000,,,,,,,,,,,,true,false,6,2023-04-01,2023-09-30,0
2023-10-31,7433,2023-03-31,2,114780000000,0.255,,,,,7200000000,0.726,7303000000,0.758,,5141000000,,269.06,,,,,,,,,,,,,,,,,,,,,,true,false,6,2022-04-01,2022-09-30,-1
2023-10-31,7433,2024-03-31,2,190000000000,-0.187,,,,,8000000000,-0.371,7600000000,-0.369,,5400000000,,288.87,,,,,,,,,,,,,,,,,,,,,,true,true,12,2023-04-01,2024-03-31,0
2023-10-31,7433,2023-03-31,2,,,,,,,,,,,,,,,,,,,,145900000000,63863000000,0.438,3416.27,63863000000,,,,,,,,,,,,true,false,12,2022-04-01,2023-03-31,-1
2023-10-31,7433,2023-03-31,2,,,,,,,,,,,,,,,,,,,,,,,,,,,,,280.00,,,,23137213,4443389,,false,false,12,2022-04-01,2023-03-31,-1
2023-10-31,7433,2024-03-31,2,,,,,,,,,,,,,,,,,,,,,,,,,,,,,140.00,,,,,,,false,false,12,2023-04-01,2024-03-31,0
2023-10-31,7433,2024-03-31,2,,,,,,,,,,,,,,,,,,,,,,,,,,,,,280.00,,,,,,,false,true,12,2023-04-01,2024-03-31,0
2023-10-31,7433,2024-03-31,2,,,,,,,,,,,,,,,,,,,,,,,,,,,,,,,,,23137213,4410439,18713621,false,false,6,2023-04-01,2023-09-30,0
2023-10-31,7433,2023-03-31,2,,,,,,,,,,,,,,,,,,,,,,,,,,,,,,,,,,,19111080,false,false,6,2022-04-01,2022-09-30,-1
2024-01-31,7433,2024-03-31,3,140373000000,-0.198,,,,,6338000000,-0.423,5943000000,-0.440,,4008000000,,214.13,,,,,,137528000000,63188000000,0.459,3371.12,63188000000,,,,,,,,,,,,true,false,9,2023-04-01,2023-12-31,0
2024-01-31,7433,2023-03-31,3,175039000000,0.255,,,,,10982000000,0.783,10619000000,0.721,,7470000000,,392.07,,,,,,,,,,,,,,,,,,,,,,true,false,9,2022-04-01,2022-12-31,-1
2024-01-31,7433,2024-03-31,3,190000000000,-0.187,,,,,8000000000,-0.371,7600000000,-0.369,,5400000000,,288.87,,,,,,,,,,,,,,,,,,,,,,true,true,12,2023-04-01,2024-03-31,0
2024-01-31,7433,2023-03-31,3,,,,,,,,,,,,,,,,,,,,145900000000,63863000000,0.438,3416.27,63863000000,,,,,,,,,,,,true,false,12,2022-04-01,2023-03-31,-1
2024-01-31,7433,2023-03-31,3,,,,,,,,,,,,,,,,,,,,,,,,,,,,,280.00,,,,23137213,4443389,,false,false,12,2022-04-01,2023-03-31,-1
2024-01-31,7433,2024-03-31,3,,,,,,,,,,,,,,,,,,,,,,,,,,,,,140.00,,,,,,,false,false,12,2023-04-01,2024-03-31,0
2024-01-31,7433,2024-03-31,3,,,,,,,,,,,,,,,,,,,,,,,,,,,,,280.00,,,,,,,false,true,12,2023-04-01,2024-03-31,0
2024-01-31,7433,2024-03-31,3,,,,,,,,,,,,,,,,,,,,,,,,,,,,,,,,,23137213,4393189,18720446,false,false,9,2023-04-01,2023-12-31,0
2024-01-31,7433,2023-03-31,3,,,,,,,,,,,,,,,,,,,,,,,,,,,,,,,,,,,19054060,false,false,9,2022-04-01,2022-12-31,-1
2024-04-30,7433,2024-03-31,,182046000000,-0.221,,,,,7636000000,-0.399,6912000000,-0.426,,5175000000,,276.20,,0.080,0.049,0.042,,137759000000,65933000000,0.479,3506.81,65933000000,8712000000,876000000,-11451000000,15568000000,,1.014,,,,,,true,false,12,2023-04-01,2024-03-31,0
2024-04-30,7433,2023-03-31,,233624000000,0.220,,,,,12711000000,0.740,12048000000,0.626,,8929000000,,470.52,,0.142,0.087,0.054,,145900000000,63863000000,0.438,3416.27,63863000000,-3382000000,-300000000,1314000000,16751000000,,0.595,,,,,,true,false,12,2022-04-01,2023-03-31,-1
2024-04-30,7433,2025-03-31,,89000000000,-0.045,,,,,3000000000,-0.364,2700000000,-0.383,,1900000000,,101.05,,,,,,,,,,,,,,,,,,,,,,true,true,6,2024-04-01,2024-09-30,1
2024-04-30,7433,2025-03-31,,190000000000,0.044,,,,,7500000000,-0.018,6900000000,-0.002,,4900000000,,260.61,,,,,,,,,,,,,,,,0.998,,,,,,true,true,12,2024-04-01,2025-03-31,1
2024-04-30,7433,2024-03-31,,152660000000,-0.238,,,,,6214000000,-0.339,6681000000,-0.349,6269000000,,-0.200,334.55,,,,,,112583000000,49335000000,0.432,2623.97,49335000000,,,,,280.00,,,,23137213,4335504,18740164,false,false,12,2023-04-01,2024-03-31,0
2024-04-30,7433,2023-03-31,,200231000000,0.236,,,,,9396000000,1.061,10268000000,0.778,7840000000,,0.887,413.12,,,,,,121884000000,48334000000,0.397,2585.60,48334000000,,,,,280.00,,,,23137213,4443389,18977941,false,false,12,2022-04-01,2023-03-31,-1
2024-04-30,7433,2025-03-31,,,,,,,,,,,,,,,,,,,,,,,,,,,,,,260.00,,,,,,,false,true,12,2024-04-01,2025-03-31,1
2024-07-31,7433,2025-03-31,1,42380000000,-0.054,,,,,1734000000,-0.131,2257000000,0.306,,1543000000,,82.08,,,,,,141269000000,66287000000,0.469,3523.86,66287000000,,,,,,,,,,,,true,false,3,2024-04-01,2024-06-30,0
2024-07-31,7433,2024-03-31,1,44784000000,-0.197,,,,,1996000000,-0.476,1728000000,-0.564,,6000000,,0.36,,,,,,,,,,,,,,,,,,,,,,true,false,3,2023-04-01,2023-06-30,-1
2024-07-31,7433,2025-03-31,1,89000000000,-0.045,,,,,3000000000,-0.364,2700000000,-0.383,,1900000000,,101.05,,,,,,,,,,,,,,,,,,,,,,true,true,6,2024-04-01,2024-09-30,0
2024-07-31,7433,2025-03-31,1,190000000000,0.044,,,,,7500000000,-0.018,6900000000,-0.002,,4900000000,,260.61,,,,,,,,,,,,,,,,,,,,,,true,true,12,2024-04-01,2025-03-31,0
2024-07-31,7433,2024-03-31,1,,,,,,,,,,,,,,,,,,,,137759000000,65933000000,0.479,3506.81,65933000000,,,,,,,,,,,,true,false,12,2023-04-01,2024-03-31,-1
2024-07-31,7433,2024-03-31,1,,,,,,,,,,,,,,,,,,,,,,,,,,,,,280.00,,,,23137213,4335504,,false,false,12,2023-04-01,2024-03-31,-1
2024-07-31,7433,2025-03-31,1,,,,,,,,,,,,,,,,,,,,,,,,,,,,,260.00,,,,,,,false,true,12,2024-04-01,2025-03-31,0
2024-07-31,7433,2025-03-31,1,,,,,,,,,,,,,,,,,,,,,,,,,,,,,,,,,23137213,4326144,18808131,false,false,3,2024-04-01,2024-06-30,0
2024-07-31,7433,2024-03-31,1,,,,,,,,,,,,,,,,,,,,,,,,,,,,,,,,,,,18701756,false,false,3,2023-04-01,2023-06-30,-1
2024-10-31,7433,2025-03-31,2,89751000000,-0.037,,,,,4019000000,-0.147,3825000000,-0.127,,2578000000,,137.05,,,,,,139358000000,65034000000,0.467,3456.14,65034000000,,,,,,,,,,,,true,false,6,2024-04-01,2024-09-30,0
2024-10-31,7433,2024-03-31,2,93223000000,-0.188,,,,,4715000000,-0.345,4379000000,-0.400,,3019000000,,161.35,,,,,,,,,,,,,,,,,,,,,,true,false,6,2023-04-01,2023-09-30,-1
2024-10-31,7433,2025-03-31,2,190000000000,0.044,,,,,7500000000,-0.018,6900000000,-0.002,,4900000000,,260.61,,,,,,,,,,,,,,,,,,,,,,true,true,12,2024-04-01,2025-03-31,0
2024-10-31,7433,2024-03-31,2,,,,,,,,,,,,,,,,,,,,137759000000,65933000000,0.479,3506.81,65933000000,,,,,,,,,,,,true,false,12,2023-04-01,2024-03-31,-1
2024-10-31,7433,2024-03-31,2,,,,,,,,,,,,,,,,,,,,,,,,,,,,,280.00,,,,23137213,4335504,,false,false,12,2023-04-01,2024-03-31,-1
2024-10-31,7433,2025-03-31,2,,,,,,,,,,,,,,,,,,,,,,,,,,,,,130.00,,,,,,,false,false,12,2024-04-01,2025-03-31,0
2024-10-31,7433,2025-03-31,2,,,,,,,,,,,,,,,,,,,,,,,,,,,,,260.00,,,,,,,false,true,12,2024-04-01,2025-03-31,0
2024-10-31,7433,2025-03-31,2,,,,,,,,,,,,,,,,,,,,,,,,,,,,,,,,,23137213,4320124,18812670,false,false,6,2024-04-01,2024-09-30,0
2024-10-31,7433,2024-03-31,2,,,,,,,,,,,,,,,,,,,,,,,,,,,,,,,,,,,18713621,false,false,6,2023-04-01,2023-09-30,-1
2025-01-30,7433,2025-03-31,3,140880000000,0.004,,,,,6406000000,0.011,6138000000,0.033,,4286000000,,227.84,,,,,,147825000000,65976000000,0.446,3506.23,65976000000,,,,,,,,,,,,true,false,9,2024-04-01,2024-12-31,0
2025-01-30,7433,2024-03-31,3,140373000000,-0.198,,,,,6338000000,-0.423,5943000000,-0.440,,4008000000,,214.13,,,,,,,,,,,,,,,,,,,,,,true,false,9,2023-04-01,2023-12-31,-1
2025-01-30,7433,2025-03-31,3,190000000000,0.044,,,,,7500000000,-0.018,6900000000,-0.002,,4900000000,,260.61,,,,,,,,,,,,,,,,,,,,,,true,true,12,2024-04-01,2025-03-31,0
2025-01-30,7433,2024-03-31,3,,,,,,,,,,,,,,,,,,,,137759000000,65933000000,0.479,3506.81,65933000000,,,,,,,,,,,,true,false,12,2023-04-01,2024-03-31,-1
2025-01-30,7433,2024-03-31,3,,,,,,,,,,,,,,,,,,,,,,,,,,,,,280.00,,,,23137213,4335504,,false,false,12,2023-04-01,2024-03-31,-1
2025-01-30,7433,2025-03-31,3,,,,,,,,,,,,,,,,,,,,,,,,,,,,,130.00,,,,,,,false,false,12,2024-04-01,2025-03-31,0
2025-01-30,7433,2025-03-31,3,,,,,,,,,,,,,,,,,,,,,,,,,,,,,260.00,,,,,,,false,true,12,2024-04-01,2025-03-31,0
2025-01-30,7433,2025-03-31,3,,,,,,,,,,,,,,,,,,,,,,,,,,,,,,,,,23137213,4320264,18814133,false,false,9,2024-04-01,2024-12-31,0
2025-01-30,7433,2024-03-31,3,,,,,,,,,,,,,,,,,,,,,,,,,,,,,,,,,,,18720446,false,false,9,2023-04-01,2023-12-31,-1
2025-04-30,7433,2025-03-31,,183133000000,0.006,,,,,7913000000,0.036,7321000000,0.059,,5131000000,,272.76,,0.078,0.055,0.043,,130376000000,65546000000,0.503,3483.44,65546000000,10589000000,-4568000000,-6507000000,14929000000,,0.953,,,,,,true,false,12,2024-04-01,2025-03-31,0
2025-04-30,7433,2024-03-31,,182046000000,-0.221,,,,,7636000000,-0.399,6912000000,-0.426,,5175000000,,276.20,,0.080,0.049,0.042,,137759000000,65933000000,0.479,3506.81,65933000000,8712000000,876000000,-11451000000,15568000000,,1.014,,,,,,true,false,12,2023-04-01,2024-03-31,-1
2025-04-30,7433,2026-03-31,,86000000000,-0.042,,,,,2000000000,-0.502,1800000000,-0.529,,1700000000,,90.35,,,,,,,,,,,,,,,,,,,,,,true,true,6,2025-04-01,2025-09-30,1
2025-04-30,7433,2026-03-31,,186000000000,0.016,,,,,6000000000,-0.242,5700000000,-0.222,,4900000000,,260.41,,,,,,,,,,,,,,,,0.768,,,,,,true,true,12,2025-04-01,2026-03-31,1
2025-04-30,7433,2024-03-31,,,,,,,,,,,,,,,,,,,,,,,,,,,,,,280.00,,,,23137213,4335504,18740164,false,false,12,2023-04-01,2024-03-31,-1
2025-04-30,7433,2025-03-31,,,,,,,,,,,,,,,,,,,,,,,,,,,,,,260.00,,,,21137213,2320518,18814802,false,false,12,2024-04-01,2025-03-31,0
2025-04-30,7433,2026-03-31,,,,,,,,,,,,,,,,,,,,,,,,,,,,,,200.00,,,,,,,false,true,12,2025-04-01,2026-03-31,1
2025-07-31,7433,2026-03-31,1,40337000000,-0.048,,,,,869000000,-0.499,719000000,-0.681,,659000000,,35.03,,,,,,130791000000,64647000000,0.494,3435.48,64647000000,,,,,,,,,,,,true,false,3,2025-04-01,2025-06-30,0
2025-07-31,7433,2025-03-31,1,42380000000,-0.054,,,,,1734000000,-0.131,2257000000,0.306,,1543000000,,82.08,,,,,,,,,,,,,,,,,,,,,,true,false,3,2024-04-01,2024-06-30,-1
2025-07-31,7433,2026-03-31,1,86000000000,-0.042,,,,,2000000000,-0.502,1800000000,-0.529,,1700000000,,90.35,,,,,,,,,,,,,,,,,,,,,,true,true,6,2025-04-01,2025-09-30,0
2025-07-31,7433,2026-03-31,1,186000000000,0.016,,,,,6000000000,-0.242,5700000000,-0.222,,4900000000,,260.41,,,,,,,,,,,,,,,,,,,,,,true,true,12,2025-04-01,2026-03-31,0
2025-07-31,7433,2025-03-31,1,,,,,,,,,,,,,,,,,,,,130376000000,65546000000,0.503,3483.44,65546000000,,,,,,,,,,,,true,false,12,2024-04-01,2025-03-31,-1
2025-07-31,7433,2025-03-31,1,,,,,,,,,,,,,,,,,,,,,,,,,,,,,260.00,,,,21137213,2320518,,false,false,12,2024-04-01,2025-03-31,-1
2025-07-31,7433,2026-03-31,1,,,,,,,,,,,,,,,,,,,,,,,,,,,,,200.00,,,,,,,false,true,12,2025-04-01,2026-03-31,0
2025-07-31,7433,2026-03-31,1,,,,,,,,,,,,,,,,,,,,,,,,,,,,,,,,,21137213,2319583,18816966,false,false,3,2025-04-01,2025-06-30,0
2025-07-31,7433,2025-03-31,1,,,,,,,,,,,,,,,,,,,,,,,,,,,,,,,,,,,18808131,false,false,3,2024-04-01,2024-06-30,-1
