filing_date,code,fiscal_year_end,quarterly_period,net_sales,net_sales_change,revenue,revenue_change,operating_revenue,operating_revenue_change,operating_profit,operating_profit_change,ordinary_profit,ordinary_profit_change,net_income,net_income_of_parent,net_income_change,eps,diluted_eps,roe,roa,operating_profit_to_net_sales,operating_profit_to_revenue,total_assets,net_assets,equity_ratio,bps,owner_equity,operating_cash_flow,investing_cash_flow,financing_cash_flow,cash,dividend_per_share,payout_ratio,commemorative_dividend,extra_dividend,number_of_shares,number_of_treqsury_shares,avg_number_of_shares,is_consolidated,is_forecast,duration,period_start,period_end,period_pos
2015-05-12,74420,2015-03-31,,44493000000,-0.014,,,,,1193000000,-0.157,2066000000,-0.079,1145000000,,-0.180,56.77,,0.060,0.079,0.027,,27059000000,19910000000,0.736,986.58,19910000000,1418000000,-1412000000,-513000000,2730000000,,0.511,,,,,,true,false,12,2014-04-01,2015-03-31,0
2015-05-12,74420,2014-03-31,,45126000000,0.040,,,,,1415000000,-0.141,2244000000,-0.122,1396000000,,-0.092,69.21,,0.077,0.088,0.031,,25496000000,18521000000,0.726,917.72,18521000000,698000000,-496000000,-544000000,3237000000,,0.390,,,,,,true,false,12,2013-04-01,2014-03-31,-1
2015-05-12,74420,2016-03-31,,22310000000,0.027,,,,,533000000,-0.011,916000000,-0.012,,581000000,,28.79,,,,,,,,,,,,,,,,,,,,,,true,true,6,2015-04-01,2015-09-30,1
2015-05-12,74420,2016-03-31,,46000000000,0.034,,,,,1415000000,0.186,2200000000,0.065,,1396000000,,69.17,,,,,,,,,,,,,,,,0.390,,,,,,true,true,12,2015-04-01,2016-03-31,1
2015-05-12,74420,2015-03-31,,43715000000,-0.010,,,,,1214000000,-0.120,2102000000,-0.053,1274000000,,-0.087,63.15,,,,,,27256000000,20257000000,0.743,1003.76,20257000000,,,,,29.00,,,,20214480,32856,20181624,false,false,12,2014-04-01,2015-03-31,0
2015-05-12,74420,2014-03-31,,44156000000,0.017,,,,,1378000000,-0.154,2221000000,-0.128,1395000000,,-0.089,69.14,,,,,,25487000000,18771000000,0.737,930.14,18771000000,,,,,27.00,,,,20214480,32856,20181649,false,false,12,2013-04-01,2014-03-31,-1
2015-05-12,74420,2016-03-31,,,,,,,,,,,,,,,,,,,,,,,,,,,,,,27.00,,,,,,,false,true,12,2015-04-01,2016-03-31,1
2015-07-28,74420,2016-03-31,1,11447000000,0.044,,,,,137000000,0.271,351000000,0.110,,230000000,,11.40,,,,,,28453000000,19943000000,0.701,988.20,19943000000,,,,,,,,,,,,true,false,3,2015-04-01,2015-06-30,0
2015-07-28,74420,2015-03-31,1,10962000000,-0.016,,,,,107000000,-0.364,316000000,-0.184,,225000000,,11.18,,,,,,,,,,,,,,,,,,,,,,true,false,3,2014-04-01,2014-06-30,-1
2015-07-28,74420,2016-03-31,1,22310000000,0.027,,,,,533000000,-0.011,916000000,-0.012,,581000000,,28.79,,,,,,,,,,,,,,,,,,,,,,true,true,6,2015-04-01,2015-09-30,0
2015-07-28,74420,2016-03-31,1,46000000000,0.034,,,,,1415000000,0.186,2200000000,0.065,,1396000000,,69.17,,,,,,,,,,,,,,,,,,,,,,true,true,12,2015-04-01,2016-03-31,0
2015-07-28,74420,2015-03-31,1,,,,,,,,,,,,,,,,,,,,27059000000,19910000000,0.736,986.58,19910000000,,,,,,,,,,,,true,false,12,2014-04-01,2015-03-31,-1
2015-07-28,74420,2015-03-31,1,,,,,,,,,,,,,,,,,,,,,,,,,,,,,29.00,,,,20214480,32856,,false,false,12,2014-04-01,2015-03-31,-1
2015-07-28,74420,2016-03-31,1,,,,,,,,,,,,,,,,,,,,,,,,,,,,,27.00,,,,,,,false,true,12,2015-04-01,2016-03-31,0
2015-07-28,74420,2016-03-31,1,,,,,,,,,,,,,,,,,,,,,,,,,,,,,,,,,20214480,32856,20181624,false,false,3,2015-04-01,2015-06-30,0
2015-07-28,74420,2015-03-31,1,,,,,,,,,,,,,,,,,,,,,,,,,,,,,,,,,,,20181624,false,false,3,2014-04-01,2014-06-30,-1
2015-10-30,74420,2016-03-31,2,23332000000,0.074,,,,,683000000,0.268,1084000000,0.170,,709000000,,35.13,,,,,,28025000000,20156000000,0.719,998.77,20156000000,,,,,,,,,,,,true,false,6,2015-04-01,2015-09-30,0
2015-10-30,74420,2015-03-31,2,21716000000,-0.010,,,,,539000000,-0.093,927000000,-0.069,,613000000,,30.38,,,,,,,,,,,,,,,,,,,,,,true,false,6,2014-04-01,2014-09-30,-1
2015-10-30,74420,2016-03-31,2,46000000000,0.034,,,,,1415000000,0.186,2200000000,0.065,,1396000000,,69.17,,,,,,,,,,,,,,,,,,,,,,true,true,12,2015-04-01,2016-03-31,0
2015-10-30,74420,2015-03-31,2,,,,,,,,,,,,,,,,,,,,27059000000,19910000000,0.736,986.58,19910000000,,,,,,,,,,,,true,false,12,2014-04-01,2015-03-31,-1
2015-10-30,74420,2015-03-31,2,,,,,,,,,,,,,,,,,,,,,,,,,,,,,29.00,,,,20214480,32856,,false,false,12,2014-04-01,2015-03-31,-1
2015-10-30,74420,2016-03-31,2,,,,,,,,,,,,,,,,,,,,,,,,,,,,,0.00,,,,,,,false,false,12,2015-04-01,2016-03-31,0
2015-10-30,74420,2016-03-31,2,,,,,,,,,,,,,,,,,,,,,,,,,,,,,27.00,,,,,,,false,true,12,2015-04-01,2016-03-31,0
2015-10-30,74420,2016-03-31,2,,,,,,,,,,,,,,,,,,,,,,,,,,,,,,,,,20214480,32856,20181624,false,false,6,2015-04-01,2015-09-30,0
2015-10-30,74420,2015-03-31,2,,,,,,,,,,,,,,,,,,,,,,,,,,,,,,,,,,,20181624,false,false,6,2014-04-01,2014-09-30,-1
2016-01-28,74420,2016-03-31,3,36749000000,0.087,,,,,864000000,0.140,1483000000,0.038,,948000000,,47.02,,,,,,35583000000,20503000000,0.576,1015.96,20503000000,,,,,,,,,,,,true,false,9,2015-04-01,2015-12-31,0
2016-01-28,74420,2015-03-31,3,33818000000,-0.010,,,,,757000000,-0.123,1429000000,-0.041,,861000000,,42.71,,,,,,,,,,,,,,,,,,,,,,true,false,9,2014-04-01,2014-12-31,-1
2016-01-28,74420,2016-03-31,3,46000000000,0.034,,,,,1415000000,0.186,2200000000,0.065,,1396000000,,69.17,,,,,,,,,,,,,,,,,,,,,,true,true,12,2015-04-01,2016-03-31,0
2016-01-28,74420,2015-03-31,3,,,,,,,,,,,,,,,,,,,,27059000000,19910000000,0.736,986.58,19910000000,,,,,,,,,,,,true,false,12,2014-04-01,2015-03-31,-1
2016-01-28,74420,2015-03-31,3,,,,,,,,,,,,,,,,,,,,,,,,,,,,,29.00,,,,20214480,32856,,false,false,12,2014-04-01,2015-03-31,-1
2016-01-28,74420,2016-03-31,3,,,,,,,,,,,,,,,,,,,,,,,,,,,,,0.00,,,,,,,false,false,12,2015-04-01,2016-03-31,0
2016-01-28,74420,2016-03-31,3,,,,,,,,,,,,,,,,,,,,,,,,,,,,,27.00,,,,,,,false,true,12,2015-04-01,2016-03-31,0
2016-01-28,74420,2016-03-31,3,,,,,,,,,,,,,,,,,,,,,,,,,,,,,,,,,20214480,32951,20181611,false,false,9,2015-04-01,2015-12-31,0
2016-01-28,74420,2015-03-31,3,,,,,,,,,,,,,,,,,,,,,,,,,,,,,,,,,,,20181624,false,false,9,2014-04-01,2014-12-31,-1
2016-04-27,74420,2016-03-31,,48512000000,0.055,,,,,1321000000,-0.066,2152000000,-0.022,,1437000000,,71.22,,,,,,,,,,,,,,,,,,,,,,true,true,12,2015-04-01,2016-03-31,0
2016-04-27,74420,2015-03-31,,44493000000,,,,,,1193000000,,2066000000,,,1145000000,,56.77,,,,,,,,,,,,,,,,,,,,,,true,false,12,2014-04-01,2015-03-31,-1
2016-05-12,74420,2016-03-31,,48512000000,0.090,,,,,1320000000,0.106,2152000000,0.041,,1441000000,,71.42,,0.071,0.077,0.027,,28599000000,20896000000,0.731,1035.41,20896000000,932000000,-544000000,-522000000,2595000000,,0.378,,,,,,true,false,12,2015-04-01,2016-03-31,0
2016-05-12,74420,2015-03-31,,44493000000,-0.014,,,,,1193000000,-0.157,2066000000,-0.079,,1145000000,,56.77,,0.060,0.079,0.027,,27059000000,19910000000,0.736,986.58,19910000000,1418000000,-1412000000,-513000000,2730000000,,0.511,,,,,,true,false,12,2014-04-01,2015-03-31,-1
2016-05-12,74420,2017-03-31,,24000000000,0.029,,,,,780000000,0.141,1125000000,0.037,,710000000,,35.21,,,,,,,,,,,,,,,,,,,,,,true,true,6,2016-04-01,2016-09-30,1
2016-05-12,74420,2017-03-31,,50000000000,0.031,,,,,1500000000,0.136,2250000000,0.046,,1450000000,,71.85,,,,,,,,,,,,,,,,0.376,,,,,,true,true,12,2016-04-01,2017-03-31,1
2016-05-12,74420,2016-03-31,,47491000000,0.086,,,,,1309000000,0.078,2154000000,0.025,1467000000,,0.151,72.70,,,,,,28516000000,21281000000,0.746,1054.49,21281000000,,,,,27.00,,,,20214480,32951,20181592,false,false,12,2015-04-01,2016-03-31,0
2016-05-12,74420,2015-03-31,,43715000000,-0.010,,,,,1214000000,-0.120,2102000000,-0.053,1274000000,,-0.087,63.15,,,,,,27256000000,20257000000,0.743,1003.76,20257000000,,,,,29.00,,,,20214480,32856,20181624,false,false,12,2014-04-01,2015-03-31,-1
2016-05-12,74420,2017-03-31,,,,,,,,,,,,,,,,,,,,,,,,,,,,,,27.00,,,,,,,false,true,12,2016-04-01,2017-03-31,1
2016-07-27,74420,2017-03-31,1,11892000000,0.039,,,,,-54000000,,133000000,-0.621,,85000000,,4.23,,,,,,29232000000,20385000000,0.697,1013.59,20385000000,,,,,,,,,,,,true,false,3,2016-04-01,2016-06-30,0
2016-07-27,74420,2016-03-31,1,11447000000,0.044,,,,,137000000,0.271,351000000,0.110,,230000000,,11.40,,,,,,,,,,,,,,,,,,,,,,true,false,3,2015-04-01,2015-06-30,-1
2016-07-27,74420,2017-03-31,1,24000000000,0.029,,,,,780000000,0.141,1125000000,0.037,,710000000,,35.21,,,,,,,,,,,,,,,,,,,,,,true,true,6,2016-04-01,2016-09-30,0
2016-07-27,74420,2017-03-31,1,50000000000,0.031,,,,,1500000000,0.136,2250000000,0.046,,1450000000,,71.85,,,,,,,,,,,,,,,,,,,,,,true,true,12,2016-04-01,2017-03-31,0
2016-07-27,74420,2016-03-31,1,,,,,,,,,,,,,,,,,,,,28599000000,20896000000,0.731,1035.41,20896000000,,,,,,,,,,,,true,false,12,2015-04-01,2016-03-31,-1
2016-07-27,74420,2016-03-31,1,,,,,,,,,,,,,,,,,,,,,,,,,,,,,27.00,,,,20214480,32951,,false,false,12,2015-04-01,2016-03-31,-1
2016-07-27,74420,2017-03-31,1,,,,,,,,,,,,,,,,,,,,,,,,,,,,,27.00,,,,,,,false,true,12,2016-04-01,2017-03-31,0
2016-07-27,74420,2017-03-31,1,,,,,,,,,,,,,,,,,,,,,,,,,,,,,,,,,20214480,102667,20146675,false,false,3,2016-04-01,2016-06-30,0
2016-07-27,74420,2016-03-31,1,,,,,,,,,,,,,,,,,,,,,,,,,,,,,,,,,,,20181624,false,false,3,2015-04-01,2015-06-30,-1
2016-08-30,74420,2017-03-31,,24000000000,0.000,,,,,468000000,-0.400,823000000,-0.268,,560000000,,27.84,,,,,,,,,,,,,,,,,,,,,,true,true,6,2016-04-01,2016-09-30,0
2016-08-30,74420,2016-03-31,,23332000000,,,,,,683000000,,1084000000,,,709000000,,35.13,,,,,,,,,,,,,,,,,,,,,,true,false,6,2015-04-01,2015-09-30,-1
2016-10-28,74420,2017-03-31,2,23665000000,0.014,,,,,297000000,-0.564,638000000,-0.411,,424000000,,21.07,,,,,,28611000000,20713000000,0.724,1029.90,20713000000,,,,,,,,,,,,true,false,6,2016-04-01,2016-09-30,0
2016-10-28,74420,2016-03-31,2,23332000000,0.074,,,,,683000000,0.268,1084000000,0.170,,709000000,,35.13,,,,,,,,,,,,,,,,,,,,,,true,false,6,2015-04-01,2015-09-30,-1
2016-10-28,74420,2017-03-31,2,49200000000,0.014,,,,,800000000,-0.394,1520000000,-0.294,,1030000000,,51.19,,,,,,,,,,,,,,,,,,,,,,true,true,12,2016-04-01,2017-03-31,0
2016-10-28,74420,2016-03-31,2,,,,,,,,,,,,,,,,,,,,28599000000,20896000000,0.731,1035.41,20896000000,,,,,,,,,,,,true,false,12,2015-04-01,2016-03-31,-1
2016-10-28,74420,2016-03-31,2,,,,,,,,,,,,,,,,,,,,,,,,,,,,,27.00,,,,20214480,32951,,false,false,12,2015-04-01,2016-03-31,-1
2016-10-28,74420,2017-03-31,2,,,,,,,,,,,,,,,,,,,,,,,,,,,,,0.00,,,,,,,false,false,12,2016-04-01,2017-03-31,0
2016-10-28,74420,2017-03-31,2,,,,,,,,,,,,,,,,,,,,,,,,,,,,,27.00,,,,,,,false,true,12,2016-04-01,2017-03-31,0
2016-10-28,74420,2017-03-31,2,,,,,,,,,,,,,,,,,,,,,,,,,,,,,,,,,20214480,102667,20131734,false,false,6,2016-04-01,2016-09-30,0
2016-10-28,74420,2016-03-31,2,,,,,,,,,,,,,,,,,,,,,,,,,,,,,,,,,,,20181624,false,false,6,2015-04-01,2015-09-30,-1
2016-10-28,74420,2017-03-31,,23665000000,-0.014,,,,,297000000,-0.365,638000000,-0.225,,424000000,,21.07,,,,,,,,,,,,,,,,,,,,,,true,true,6,2016-04-01,2016-09-30,0
2016-10-28,74420,2016-03-31,,23332000000,,,,,,683000000,,1084000000,,,709000000,,35.13,,,,,,,,,,,,,,,,,,,,,,true,false,6,2015-04-01,2015-09-30,-1
2016-10-28,74420,2017-03-31,,49200000000,-0.016,,,,,800000000,-0.467,1520000000,-0.324,,1030000000,,51.19,,,,,,,,,,,,,,,,,,,,,,true,true,12,2016-04-01,2017-03-31,0
2016-10-28,74420,2016-03-31,,48512000000,,,,,,1320000000,,2152000000,,,1441000000,,71.42,,,,,,,,,,,,,,,,,,,,,,true,false,12,2015-04-01,2016-03-31,-1
2017-01-31,74420,2017-03-31,3,36817000000,0.002,,,,,421000000,-0.513,947000000,-0.361,,628000000,,31.25,,,,,,35143000000,21168000000,0.602,1052.56,21168000000,,,,,,,,,,,,true,false,9,2016-04-01,2016-12-31,0
2017-01-31,74420,2016-03-31,3,36749000000,0.087,,,,,864000000,0.140,1483000000,0.038,,948000000,,47.02,,,,,,,,,,,,,,,,,,,,,,true,false,9,2015-04-01,2015-12-31,-1
2017-01-31,74420,2017-03-31,3,49200000000,0.014,,,,,800000000,-0.394,1520000000,-0.294,,1030000000,,51.19,,,,,,,,,,,,,,,,,,,,,,true,true,12,2016-04-01,2017-03-31,0
2017-01-31,74420,2016-03-31,3,,,,,,,,,,,,,,,,,,,,28599000000,20896000000,0.731,1035.41,20896000000,,,,,,,,,,,,true,false,12,2015-04-01,2016-03-31,-1
2017-01-31,74420,2016-03-31,3,,,,,,,,,,,,,,,,,,,,,,,,,,,,,27.00,,,,20214480,32951,,false,false,12,2015-04-01,2016-03-31,-1
2017-01-31,74420,2017-03-31,3,,,,,,,,,,,,,,,,,,,,,,,,,,,,,0.00,,,,,,,false,false,12,2016-04-01,2017-03-31,0
2017-01-31,74420,2017-03-31,3,,,,,,,,,,,,,,,,,,,,,,,,,,,,,27.00,,,,,,,false,true,12,2016-04-01,2017-03-31,0
2017-01-31,74420,2017-03-31,3,,,,,,,,,,,,,,,,,,,,,,,,,,,,,,,,,20214480,102667,20125758,false,false,9,2016-04-01,2016-12-31,0
2017-01-31,74420,2016-03-31,3,,,,,,,,,,,,,,,,,,,,,,,,,,,,,,,,,,,20181611,false,false,9,2015-04-01,2015-12-31,-1
2017-04-28,74420,2017-03-31,,47983000000,-0.025,,,,,633000000,-0.209,1333000000,-0.123,,859000000,,42.73,,,,,,,,,,,,,,,,,,,,,,true,true,12,2016-04-01,2017-03-31,0
2017-04-28,74420,2016-03-31,,48512000000,,,,,,1320000000,,2152000000,,,1441000000,,71.42,,,,,,,,,,,,,,,,,,,,,,true,false,12,2015-04-01,2016-03-31,-1
2017-05-12,74420,2017-03-31,,47983000000,-0.011,,,,,633000000,-0.520,1333000000,-0.381,,859000000,,42.73,,0.041,0.047,0.013,,28726000000,21500000000,0.748,1069.06,21500000000,1168000000,-28000000,-743000000,2991000000,,0.632,,,,,,true,false,12,2016-04-01,2017-03-31,0
2017-05-12,74420,2016-03-31,,48512000000,0.090,,,,,1320000000,0.106,2152000000,0.041,,1441000000,,71.42,,0.071,0.077,0.027,,28599000000,20896000000,0.731,1035.41,20896000000,932000000,-544000000,-522000000,2595000000,,0.378,,,,,,true,false,12,2015-04-01,2016-03-31,-1
2017-05-12,74420,2018-03-31,,24700000000,0.044,,,,,250000000,-0.161,600000000,-0.061,,390000000,,19.39,,,,,,,,,,,,,,,,,,,,,,true,true,6,2017-04-01,2017-09-30,1
2017-05-12,74420,2018-03-31,,50000000000,0.042,,,,,530000000,-0.164,1260000000,-0.055,,800000000,,39.78,,,,,,,,,,,,,,,,0.679,,,,,,true,true,12,2017-04-01,2018-03-31,1
2017-05-12,74420,2017-03-31,,46100000000,-0.029,,,,,510000000,-0.610,1216000000,-0.435,758000000,,-0.483,37.68,,,,,,28578000000,21701000000,0.759,1079.05,21701000000,,,,,27.00,,,,20214480,102667,20122540,false,false,12,2016-04-01,2017-03-31,0
2017-05-12,74420,2016-03-31,,47491000000,0.086,,,,,1309000000,0.078,2154000000,0.025,1467000000,,0.151,72.70,,,,,,28516000000,21281000000,0.746,1054.49,21281000000,,,,,27.00,,,,20214480,32951,20181592,false,false,12,2015-04-01,2016-03-31,-1
2017-05-12,74420,2018-03-31,,,,,,,,,,,,,,,,,,,,,,,,,,,,,,27.00,,,,,,,false,true,12,2017-04-01,2018-03-31,1
2017-07-26,74420,2018-03-31,1,11662000000,-0.019,,,,,-110000000,,63000000,-0.523,,38000000,,1.90,,,,,,29665000000,20877000000,0.704,1038.09,20877000000,,,,,,,,,,,,true,false,3,2017-04-01,2017-06-30,0
2017-07-26,74420,2017-03-31,1,11892000000,0.039,,,,,-54000000,,133000000,-0.621,,85000000,,4.23,,,,,,,,,,,,,,,,,,,,,,true,false,3,2016-04-01,2016-06-30,-1
2017-07-26,74420,2018-03-31,1,24700000000,0.044,,,,,250000000,-0.161,600000000,-0.061,,390000000,,19.39,,,,,,,,,,,,,,,,,,,,,,true,true,6,2017-04-01,2017-09-30,0
2017-07-26,74420,2018-03-31,1,50000000000,0.042,,,,,530000000,-0.164,1260000000,-0.055,,800000000,,39.78,,,,,,,,,,,,,,,,,,,,,,true,true,12,2017-04-01,2018-03-31,0
2017-07-26,74420,2017-03-31,1,,,,,,,,,,,,,,,,,,,,28726000000,21500000000,0.748,1069.06,21500000000,,,,,,,,,,,,true,false,12,2016-04-01,2017-03-31,-1
2017-07-26,74420,2017-03-31,1,,,,,,,,,,,,,,,,,,,,,,,,,,,,,27.00,,,,20214480,102667,,false,false,12,2016-04-01,2017-03-31,-1
2017-07-26,74420,2018-03-31,1,,,,,,,,,,,,,,,,,,,,,,,,,,,,,27.00,,,,,,,false,true,12,2017-04-01,2018-03-31,0
2017-07-26,74420,2018-03-31,1,,,,,,,,,,,,,,,,,,,,,,,,,,,,,,,,,20214480,102667,20111813,false,false,3,2017-04-01,2017-06-30,0
2017-07-26,74420,2017-03-31,1,,,,,,,,,,,,,,,,,,,,,,,,,,,,,,,,,,,20146675,false,false,3,2016-04-01,2016-06-30,-1
2017-10-27,74420,2018-03-31,2,23480000000,-0.008,,,,,100000000,-0.662,434000000,-0.321,,200000000,,9.95,,,,,,30527000000,20980000000,0.687,1043.20,20980000000,,,,,,,,,,,,true,false,6,2017-04-01,2017-09-30,0
2017-10-27,74420,2017-03-31,2,23665000000,0.014,,,,,297000000,-0.564,638000000,-0.411,,424000000,,21.07,,,,,,,,,,,,,,,,,,,,,,true,false,6,2016-04-01,2016-09-30,-1
2017-10-27,74420,2018-03-31,2,47800000000,-0.004,,,,,280000000,-0.558,1000000000,-0.250,,570000000,,28.34,,,,,,,,,,,,,,,,,,,,,,true,true,12,2017-04-01,2018-03-31,0
2017-10-27,74420,2017-03-31,2,,,,,,,,,,,,,,,,,,,,28726000000,21500000000,0.748,1069.06,21500000000,,,,,,,,,,,,true,false,12,2016-04-01,2017-03-31,-1
2017-10-27,74420,2017-03-31,2,,,,,,,,,,,,,,,,,,,,,,,,,,,,,27.00,,,,20214480,102667,,false,false,12,2016-04-01,2017-03-31,-1
2017-10-27,74420,2018-03-31,2,,,,,,,,,,,,,,,,,,,,,,,,,,,,,0.00,,,,,,,false,false,12,2017-04-01,2018-03-31,0
2017-10-27,74420,2018-03-31,2,,,,,,,,,,,,,,,,,,,,,,,,,,,,,27.00,,,,,,,false,true,12,2017-04-01,2018-03-31,0
2017-10-27,74420,2018-03-31,2,,,,,,,,,,,,,,,,,,,,,,,,,,,,,,,,,20214480,102667,20111813,false,false,6,2017-04-01,2017-09-30,0
2017-10-27,74420,2017-03-31,2,,,,,,,,,,,,,,,,,,,,,,,,,,,,,,,,,,,20131734,false,false,6,2016-04-01,2016-09-30,-1
2017-10-27,74420,2018-03-31,,23480000000,-0.049,,,,,100000000,-0.600,434000000,-0.277,,200000000,,9.95,,,,,,,,,,,,,,,,,,,,,,true,true,6,2017-04-01,2017-09-30,0
2017-10-27,74420,2017-03-31,,23665000000,,,,,,297000000,,638000000,,,424000000,,21.07,,,,,,,,,,,,,,,,,,,,,,true,false,6,2016-04-01,2016-09-30,-1
2017-10-27,74420,2018-03-31,,47800000000,-0.044,,,,,280000000,-0.472,1000000000,-0.206,,570000000,,28.34,,,,,,,,,,,,,,,,,,,,,,true,true,12,2017-04-01,2018-03-31,0
2017-10-27,74420,2017-03-31,,47983000000,,,,,,633000000,,1333000000,,,859000000,,42.73,,,,,,,,,,,,,,,,,,,,,,true,false,12,2016-04-01,2017-03-31,-1
2018-01-31,74420,2018-03-31,3,36696000000,-0.003,,,,,132000000,-0.684,650000000,-0.313,,336000000,,16.74,,,,,,35418000000,21328000000,0.602,1060.48,21328000000,,,,,,,,,,,,true,false,9,2017-04-01,2017-12-31,0
2018-01-31,74420,2017-03-31,3,36817000000,0.002,,,,,421000000,-0.513,947000000,-0.361,,628000000,,31.25,,,,,,,,,,,,,,,,,,,,,,true,false,9,2016-04-01,2016-12-31,-1
2018-01-31,74420,2018-03-31,3,47800000000,-0.004,,,,,280000000,-0.558,1000000000,-0.250,,570000000,,28.34,,,,,,,,,,,,,,,,,,,,,,true,true,12,2017-04-01,2018-03-31,0
2018-01-31,74420,2017-03-31,3,,,,,,,,,,,,,,,,,,,,28726000000,21500000000,0.748,1069.06,21500000000,,,,,,,,,,,,true,false,12,2016-04-01,2017-03-31,-1
2018-01-31,74420,2017-03-31,3,,,,,,,,,,,,,,,,,,,,,,,,,,,,,27.00,,,,20214480,102667,,false,false,12,2016-04-01,2017-03-31,-1
2018-01-31,74420,2018-03-31,3,,,,,,,,,,,,,,,,,,,,,,,,,,,,,0.00,,,,,,,false,false,12,2017-04-01,2018-03-31,0
2018-01-31,74420,2018-03-31,3,,,,,,,,,,,,,,,,,,,,,,,,,,,,,27.00,,,,,,,false,true,12,2017-04-01,2018-03-31,0
2018-01-31,74420,2018-03-31,3,,,,,,,,,,,,,,,,,,,,,,,,,,,,,,,,,20214480,102667,20111813,false,false,9,2017-04-01,2017-12-31,0
2018-01-31,74420,2017-03-31,3,,,,,,,,,,,,,,,,,,,,,,,,,,,,,,,,,,,20125758,false,false,9,2016-04-01,2016-12-31,-1
2018-04-27,74420,2018-03-31,,47398000000,-0.008,,,,,209000000,-0.254,900000000,-0.100,,467000000,,23.25,,,,,,,,,,,,,,,,,,,,,,true,true,12,2017-04-01,2018-03-31,0
2018-04-27,74420,2017-03-31,,47983000000,,,,,,633000000,,1333000000,,,859000000,,42.73,,,,,,,,,,,,,,,,,,,,,,true,false,12,2016-04-01,2017-03-31,-1
2018-05-11,74420,2018-03-31,,47398000000,-0.012,,,,,209000000,-0.670,900000000,-0.324,,467000000,,23.25,,0.022,0.030,0.004,,32298000000,21670000000,0.671,1077.48,21670000000,1683000000,-859000000,211000000,4026000000,,1.161,,,,,,true,false,12,2017-04-01,2018-03-31,0
2018-05-11,74420,2017-03-31,,47983000000,-0.011,,,,,633000000,-0.520,1333000000,-0.381,,859000000,,42.73,,0.041,0.047,0.013,,28726000000,21500000000,0.748,1069.06,21500000000,1168000000,-28000000,-743000000,2991000000,,0.632,,,,,,true,false,12,2016-04-01,2017-03-31,-1
2018-05-11,74420,2019-03-31,,24000000000,0.022,,,,,100000000,-0.007,440000000,0.014,,260000000,,12.93,,,,,,,,,,,,,,,,,,,,,,true,true,6,2018-04-01,2018-09-30,1
2018-05-11,74420,2019-03-31,,50000000000,0.055,,,,,550000000,1.630,1280000000,0.421,,800000000,,39.78,,,,,,,,,,,,,,,,0.679,,,,,,true,true,12,2018-04-01,2019-03-31,1
2018-05-11,74420,2018-03-31,,45701000000,-0.009,,,,,228000000,-0.552,926000000,-0.238,608000000,,-0.197,30.26,,,,,,30896000000,21916000000,0.709,1089.71,21916000000,,,,,27.00,,,,20214480,102667,20111813,false,false,12,2017-04-01,2018-03-31,0
2018-05-11,74420,2017-03-31,,46100000000,-0.029,,,,,510000000,-0.610,1216000000,-0.435,758000000,,-0.483,37.68,,,,,,28578000000,21701000000,0.759,1079.05,21701000000,,,,,27.00,,,,20214480,102667,20122540,false,false,12,2016-04-01,2017-03-31,-1
2018-05-11,74420,2019-03-31,,,,,,,,,,,,,,,,,,,,,,,,,,,,,,27.00,,,,,,,false,true,12,2018-04-01,2019-03-31,1
2018-07-26,74420,2019-03-31,1,11731000000,0.006,,,,,-153000000,,38000000,-0.396,,20000000,,1.03,,,,,,32995000000,20879000000,0.633,1038.18,20879000000,,,,,,,,,,,,true,false,3,2018-04-01,2018-06-30,0
2018-07-26,74420,2018-03-31,1,11662000000,-0.019,,,,,-110000000,,63000000,-0.523,,38000000,,1.90,,,,,,,,,,,,,,,,,,,,,,true,false,3,2017-04-01,2017-06-30,-1
2018-07-26,74420,2019-03-31,1,24000000000,0.022,,,,,100000000,-0.007,440000000,0.014,,260000000,,12.93,,,,,,,,,,,,,,,,,,,,,,true,true,6,2018-04-01,2018-09-30,0
2018-07-26,74420,2019-03-31,1,50000000000,0.055,,,,,550000000,1.630,1280000000,0.421,,800000000,,39.78,,,,,,,,,,,,,,,,,,,,,,true,true,12,2018-04-01,2019-03-31,0
2018-07-26,74420,2018-03-31,1,,,,,,,,,,,,,,,,,,,,32176000000,21670000000,0.673,1077.48,21670000000,,,,,,,,,,,,true,false,12,2017-04-01,2018-03-31,-1
2018-07-26,74420,2018-03-31,1,,,,,,,,,,,,,,,,,,,,,,,,,,,,,27.00,,,,20214480,102667,,false,false,12,2017-04-01,2018-03-31,-1
2018-07-26,74420,2019-03-31,1,,,,,,,,,,,,,,,,,,,,,,,,,,,,,27.00,,,,,,,false,true,12,2018-04-01,2019-03-31,0
2018-07-26,74420,2019-03-31,1,,,,,,,,,,,,,,,,,,,,,,,,,,,,,,,,,20214480,102667,20111813,false,false,3,2018-04-01,2018-06-30,0
2018-07-26,74420,2018-03-31,1,,,,,,,,,,,,,,,,,,,,,,,,,,,,,,,,,,,20111813,false,false,3,2017-04-01,2017-06-30,-1
2018-10-31,74420,2019-03-31,2,23391000000,-0.004,,,,,-175000000,,173000000,-0.600,,72000000,,3.61,,,,,,32428000000,21303000000,0.657,1059.25,21303000000,,,,,,,,,,,,true,false,6,2018-04-01,2018-09-30,0
2018-10-31,74420,2018-03-31,2,23480000000,-0.008,,,,,100000000,-0.662,434000000,-0.321,,200000000,,9.95,,,,,,,,,,,,,,,,,,,,,,true,false,6,2017-04-01,2017-09-30,-1
2018-10-31,74420,2019-03-31,2,49000000000,0.034,,,,,0,-1.000,650000000,-0.278,,350000000,,17.40,,,,,,,,,,,,,,,,,,,,,,true,true,12,2018-04-01,2019-03-31,0
2018-10-31,74420,2018-03-31,2,,,,,,,,,,,,,,,,,,,,32176000000,21670000000,0.673,1077.48,21670000000,,,,,,,,,,,,true,false,12,2017-04-01,2018-03-31,-1
2018-10-31,74420,2018-03-31,2,,,,,,,,,,,,,,,,,,,,,,,,,,,,,27.00,,,,20214480,102667,,false,false,12,2017-04-01,2018-03-31,-1
2018-10-31,74420,2019-03-31,2,,,,,,,,,,,,,,,,,,,,,,,,,,,,,0.00,,,,,,,false,false,12,2018-04-01,2019-03-31,0
2018-10-31,74420,2019-03-31,2,,,,,,,,,,,,,,,,,,,,,,,,,,,,,27.00,,,,,,,false,true,12,2018-04-01,2019-03-31,0
2018-10-31,74420,2019-03-31,2,,,,,,,,,,,,,,,,,,,,,,,,,,,,,,,,,20214480,102667,20111813,false,false,6,2018-04-01,2018-09-30,0
2018-10-31,74420,2018-03-31,2,,,,,,,,,,,,,,,,,,,,,,,,,,,,,,,,,,,20111813,false,false,6,2017-04-01,2017-09-30,-1
2019-01-31,74420,2019-03-31,3,36797000000,0.003,,,,,-191000000,,330000000,-0.492,,189000000,,9.44,,,,,,36689000000,20755000000,0.566,1031.98,20755000000,,,,,,,,,,,,true,false,9,2018-04-01,2018-12-31,0
2019-01-31,74420,2018-03-31,3,36696000000,-0.003,,,,,132000000,-0.684,650000000,-0.313,,336000000,,16.74,,,,,,,,,,,,,,,,,,,,,,true,false,9,2017-04-01,2017-12-31,-1
2019-01-31,74420,2019-03-31,3,49000000000,0.034,,,,,0,-1.000,650000000,-0.278,,350000000,,17.40,,,,,,,,,,,,,,,,,,,,,,true,true,12,2018-04-01,2019-03-31,0
2019-01-31,74420,2018-03-31,3,,,,,,,,,,,,,,,,,,,,32176000000,21670000000,0.673,1077.48,21670000000,,,,,,,,,,,,true,false,12,2017-04-01,2018-03-31,-1
2019-01-31,74420,2018-03-31,3,,,,,,,,,,,,,,,,,,,,,,,,,,,,,27.00,,,,20214480,102667,,false,false,12,2017-04-01,2018-03-31,-1
2019-01-31,74420,2019-03-31,3,,,,,,,,,,,,,,,,,,,,,,,,,,,,,0.00,,,,,,,false,false,12,2018-04-01,2019-03-31,0
2019-01-31,74420,2019-03-31,3,,,,,,,,,,,,,,,,,,,,,,,,,,,,,27.00,,,,,,,false,true,12,2018-04-01,2019-03-31,0
2019-01-31,74420,2019-03-31,3,,,,,,,,,,,,,,,,,,,,,,,,,,,,,,,,,20214480,102667,20111813,false,false,9,2018-04-01,2018-12-31,0
2019-01-31,74420,2018-03-31,3,,,,,,,,,,,,,,,,,,,,,,,,,,,,,,,,,,,20111813,false,false,9,2017-04-01,2017-12-31,-1
2019-04-26,74420,2019-03-31,,48494000000,-0.010,,,,,142000000,,855000000,0.315,,445000000,,22.13,,,,,,,,,,,,,,,,,,,,,,true,true,12,2018-04-01,2019-03-31,0
2019-04-26,74420,2018-03-31,,47398000000,,,,,,209000000,,900000000,,,467000000,,23.50,,,,,,,,,,,,,,,,,,,,,,true,false,12,2017-04-01,2018-03-31,-1
2019-05-14,74420,2019-03-31,,48494000000,0.023,,,,,142000000,-0.319,855000000,-0.050,,445000000,,22.16,,0.021,0.027,0.003,,31203000000,21082000000,0.676,1048.26,21082000000,992000000,-114000000,-659000000,4244000000,,1.218,,,,,,true,false,12,2018-04-01,2019-03-31,0
2019-05-14,74420,2018-03-31,,47398000000,-0.012,,,,,209000000,-0.670,900000000,-0.324,,467000000,,23.25,,0.022,0.030,0.004,,32176000000,21670000000,0.673,1077.48,21670000000,1683000000,-859000000,211000000,4026000000,,1.161,,,,,,true,false,12,2017-04-01,2018-03-31,-1
2019-05-14,74420,2020-03-31,,23500000000,0.005,,,,,10000000,,250000000,0.441,,150000000,,7.46,,,,,,,,,,,,,,,,,,,,,,true,true,6,2019-04-01,2019-09-30,1
2019-05-14,74420,2020-03-31,,48500000000,0.000,,,,,340000000,1.389,830000000,-0.030,,550000000,,27.35,,,,,,,,,,,,,,,,0.987,,,,,,true,true,12,2019-04-01,2020-03-31,1
2019-05-14,74420,2019-03-31,,44434000000,-0.028,,,,,7000000,-0.966,695000000,-0.249,90000000,,-0.851,4.52,,,,,,29415000000,20886000000,0.710,1038.51,20886000000,,,,,27.00,,,,20214480,102667,20111813,false,false,12,2018-04-01,2019-03-31,0
2019-05-14,74420,2018-03-31,,45701000000,-0.009,,,,,228000000,-0.552,926000000,-0.238,608000000,,-0.197,30.26,,,,,,30778000000,21916000000,0.712,1089.71,21916000000,,,,,27.00,,,,20214480,102667,20111813,false,false,12,2017-04-01,2018-03-31,-1
2019-05-14,74420,2020-03-31,,,,,,,,,,,,,,,,,,,,,,,,,,,,,,27.00,,,,,,,false,true,12,2019-04-01,2020-03-31,1
2019-07-31,74420,2020-03-31,1,11648000000,-0.007,,,,,-193000000,,-57000000,,,-63000000,,-3.16,,,,,,32328000000,20346000000,0.629,1011.69,20346000000,,,,,,,,,,,,true,false,3,2019-04-01,2019-06-30,0
2019-07-31,74420,2019-03-31,1,11731000000,0.006,,,,,-153000000,,38000000,-0.396,,20000000,,1.03,,,,,,,,,,,,,,,,,,,,,,true,false,3,2018-04-01,2018-06-30,-1
2019-07-31,74420,2020-03-31,1,23500000000,0.005,,,,,10000000,,250000000,0.441,,150000000,,7.46,,,,,,,,,,,,,,,,,,,,,,true,true,6,2019-04-01,2019-09-30,0
2019-07-31,74420,2020-03-31,1,48500000000,0.000,,,,,340000000,1.389,830000000,-0.030,,550000000,,27.35,,,,,,,,,,,,,,,,,,,,,,true,true,12,2019-04-01,2020-03-31,0
2019-07-31,74420,2019-03-31,1,,,,,,,,,,,,,,,,,,,,31203000000,21082000000,0.676,1048.26,21082000000,,,,,,,,,,,,true,false,12,2018-04-01,2019-03-31,-1
2019-07-31,74420,2019-03-31,1,,,,,,,,,,,,,,,,,,,,,,,,,,,,,27.00,,,,20214480,102667,,false,false,12,2018-04-01,2019-03-31,-1
2019-07-31,74420,2020-03-31,1,,,,,,,,,,,,,,,,,,,,,,,,,,,,,27.00,,,,,,,false,true,12,2019-04-01,2020-03-31,0
2019-07-31,74420,2020-03-31,1,,,,,,,,,,,,,,,,,,,,,,,,,,,,,,,,,20214480,102683,20111809,false,false,3,2019-04-01,2019-06-30,0
2019-07-31,74420,2019-03-31,1,,,,,,,,,,,,,,,,,,,,,,,,,,,,,,,,,,,20111813,false,false,3,2018-04-01,2018-06-30,-1
2019-10-31,74420,2020-03-31,2,23495000000,0.004,,,,,-74000000,,153000000,-0.115,,60000000,,2.99,,,,,,29999000000,20622000000,0.687,1030.09,20622000000,,,,,,,,,,,,true,false,6,2019-04-01,2019-09-30,0
2019-10-31,74420,2019-03-31,2,23391000000,-0.004,,,,,-175000000,,173000000,-0.600,,72000000,,3.61,,,,,,,,,,,,,,,,,,,,,,true,false,6,2018-04-01,2018-09-30,-1
2019-10-31,74420,2020-03-31,2,48500000000,0.000,,,,,340000000,1.389,830000000,-0.030,,550000000,,27.35,,,,,,,,,,,,,,,,,,,,,,true,true,12,2019-04-01,2020-03-31,0
2019-10-31,74420,2019-03-31,2,,,,,,,,,,,,,,,,,,,,31203000000,21082000000,0.676,1048.26,21082000000,,,,,,,,,,,,true,false,12,2018-04-01,2019-03-31,-1
2019-10-31,74420,2019-03-31,2,,,,,,,,,,,,,,,,,,,,,,,,,,,,,27.00,,,,20214480,102667,,false,false,12,2018-04-01,2019-03-31,-1
2019-10-31,74420,2020-03-31,2,,,,,,,,,,,,,,,,,,,,,,,,,,,,,0.00,,,,,,,false,false,12,2019-04-01,2020-03-31,0
2019-10-31,74420,2020-03-31,2,,,,,,,,,,,,,,,,,,,,,,,,,,,,,27.00,,,,,,,false,true,12,2019-04-01,2020-03-31,0
2019-10-31,74420,2020-03-31,2,,,,,,,,,,,,,,,,,,,,,,,,,,,,,,,,,20214480,193943,20094681,false,false,6,2019-04-01,2019-09-30,0
2019-10-31,74420,2019-03-31,2,,,,,,,,,,,,,,,,,,,,,,,,,,,,,,,,,,,20111813,false,false,6,2018-04-01,2018-09-30,-1
2019-10-31,74420,2020-03-31,,23495000000,-0.000,,,,,-74000000,,153000000,-0.388,60000000,,-0.600,2.99,,,,,,,,,,,,,,,,,,,,,,true,true,6,2019-04-01,2019-09-30,0
2019-10-31,74420,2019-03-31,,23391000000,,,,,,-175000000,,173000000,,72000000,,,3.61,,,,,,,,,,,,,,,,,,,,,,true,false,6,2018-04-01,2018-09-30,-1
2020-01-31,74420,2020-03-31,3,36249000000,-0.015,,,,,-158000000,,176000000,-0.466,,23000000,,1.18,,,,,,35328000000,20762000000,0.588,1056.86,20762000000,,,,,,,,,,,,true,false,9,2019-04-01,2019-12-31,0
2020-01-31,74420,2019-03-31,3,36797000000,0.003,,,,,-191000000,,330000000,-0.492,,189000000,,9.44,,,,,,,,,,,,,,,,,,,,,,true,false,9,2018-04-01,2018-12-31,-1
2020-01-31,74420,2020-03-31,3,47700000000,-0.015,,,,,0,-1.000,410000000,-0.521,,160000000,,8.03,,,,,,,,,,,,,,,,,,,,,,true,true,12,2019-04-01,2020-03-31,0
2020-01-31,74420,2019-03-31,3,,,,,,,,,,,,,,,,,,,,31203000000,21082000000,0.676,1048.26,21082000000,,,,,,,,,,,,true,false,12,2018-04-01,2019-03-31,-1
2020-01-31,74420,2019-03-31,3,,,,,,,,,,,,,,,,,,,,,,,,,,,,,27.00,,,,20214480,102667,,false,false,12,2018-04-01,2019-03-31,-1
2020-01-31,74420,2020-03-31,3,,,,,,,,,,,,,,,,,,,,,,,,,,,,,0.00,,,,,,,false,false,12,2019-04-01,2020-03-31,0
2020-01-31,74420,2020-03-31,3,,,,,,,,,,,,,,,,,,,,,,,,,,,,,27.00,,,,,,,false,true,12,2019-04-01,2020-03-31,0
2020-01-31,74420,2020-03-31,3,,,,,,,,,,,,,,,,,,,,,,,,,,,,,,,,,20214480,568943,19997438,false,false,9,2019-04-01,2019-12-31,0
2020-01-31,74420,2019-03-31,3,,,,,,,,,,,,,,,,,,,,,,,,,,,,,,,,,,,20111813,false,false,9,2018-04-01,2018-12-31,-1
2020-04-28,74420,2020-03-31,,46657000000,-0.022,,,,,48000000,,472000000,0.151,,220000000,,11.05,,,,,,,,,,,,,,,,,,,,,,true,true,12,2019-04-01,2020-03-31,0
2020-04-28,74420,2019-03-31,,48494000000,,,,,,142000000,,855000000,,,445000000,,22.16,,,,,,,,,,,,,,,,,,,,,,true,false,12,2018-04-01,2019-03-31,-1
2020-05-19,74420,2020-03-31,,46657000000,-0.038,,,,,48000000,-0.660,472000000,-0.448,,220000000,,11.05,,0.011,0.016,0.001,,29434000000,20497000000,0.696,1043.36,20497000000,-1351000000,-131000000,994000000,3757000000,,2.443,,,,,,true,false,12,2019-04-01,2020-03-31,0
2020-05-19,74420,2019-03-31,,48494000000,0.023,,,,,142000000,-0.319,855000000,-0.050,,445000000,,22.16,,0.021,0.027,0.003,,31203000000,21082000000,0.676,1048.26,21082000000,992000000,-114000000,-659000000,4244000000,,1.218,,,,,,true,false,12,2018-04-01,2019-03-31,-1
2020-05-19,74420,2021-03-31,,21500000000,-0.085,,,,,-200000000,,0,,,-30000000,,-1.53,,,,,,,,,,,,,,,,,,,,,,true,true,6,2020-04-01,2020-09-30,1
2020-05-19,74420,2021-03-31,,45500000000,-0.025,,,,,20000000,-0.586,390000000,-0.174,,200000000,,10.18,,,,,,,,,,,,,,,,0.982,,,,,,true,true,12,2020-04-01,2021-03-31,1
2020-05-19,74420,2020-03-31,,43181000000,-0.028,,,,,67000000,7.679,495000000,-0.288,305000000,,2.365,15.36,,,,,,27794000000,20371000000,0.733,1036.97,20371000000,,,,,27.00,,,,20214480,568943,19916230,false,false,12,2019-04-01,2020-03-31,0
2020-05-19,74420,2019-03-31,,44434000000,-0.028,,,,,7000000,-0.966,695000000,-0.249,90000000,,-0.851,4.52,,,,,,29415000000,20886000000,0.710,1038.51,20886000000,,,,,27.00,,,,20214480,102667,20111813,false,false,12,2018-04-01,2019-03-31,-1
2020-05-19,74420,2021-03-31,,,,,,,,,,,,,,,,,,,,,,,,,,,,,,10.00,,,,,,,false,true,12,2020-04-01,2021-03-31,1
2020-07-30,74420,2021-03-31,1,11542000000,-0.009,,,,,43000000,,143000000,,,89000000,,4.55,,,,,,31896000000,20210000000,0.634,1028.74,20210000000,,,,,,,,,,,,true,false,3,2020-04-01,2020-06-30,0
2020-07-30,74420,2020-03-31,1,11648000000,-0.007,,,,,-193000000,,-57000000,,,-63000000,,-3.16,,,,,,,,,,,,,,,,,,,,,,true,false,3,2019-04-01,2019-06-30,-1
2020-07-30,74420,2021-03-31,1,21500000000,-0.085,,,,,-200000000,,0,,,-30000000,,-1.53,,,,,,,,,,,,,,,,,,,,,,true,true,6,2020-04-01,2020-09-30,0
2020-07-30,74420,2021-03-31,1,45500000000,-0.025,,,,,20000000,-0.586,390000000,-0.174,,200000000,,10.18,,,,,,,,,,,,,,,,,,,,,,true,true,12,2020-04-01,2021-03-31,0
2020-07-30,74420,2020-03-31,1,,,,,,,,,,,,,,,,,,,,29434000000,20497000000,0.696,1043.36,20497000000,,,,,,,,,,,,true,false,12,2019-04-01,2020-03-31,-1
2020-07-30,74420,2020-03-31,1,,,,,,,,,,,,,,,,,,,,,,,,,,,,,27.00,,,,20214480,568943,,false,false,12,2019-04-01,2020-03-31,-1
2020-07-30,74420,2021-03-31,1,,,,,,,,,,,,,,,,,,,,,,,,,,,,,10.00,,,,,,,false,true,12,2020-04-01,2021-03-31,0
2020-07-30,74420,2021-03-31,1,,,,,,,,,,,,,,,,,,,,,,,,,,,,,,,,,20214480,568944,19645536,false,false,3,2020-04-01,2020-06-30,0
2020-07-30,74420,2020-03-31,1,,,,,,,,,,,,,,,,,,,,,,,,,,,,,,,,,,,20111809,false,false,3,2019-04-01,2019-06-30,-1
2020-10-30,7442,2021-03-31,2,23564000000,0.003,,,,,463000000,,659000000,3.296,,514000000,,26.18,,,,,,30470000000,21010000000,0.690,1069.42,21010000000,,,,,,,,,,,,true,false,6,2020-04-01,2020-09-30,0
2020-10-30,7442,2020-03-31,2,23495000000,0.004,,,,,-74000000,,153000000,-0.115,,60000000,,2.99,,,,,,,,,,,,,,,,,,,,,,true,false,6,2019-04-01,2019-09-30,-1
2020-10-30,7442,2021-03-31,2,45500000000,-0.025,,,,,20000000,-0.586,390000000,-0.174,,200000000,,10.18,,,,,,,,,,,,,,,,,,,,,,true,true,12,2020-04-01,2021-03-31,0
2020-10-30,7442,2020-03-31,2,,,,,,,,,,,,,,,,,,,,29434000000,20497000000,0.696,1043.36,20497000000,,,,,,,,,,,,true,false,12,2019-04-01,2020-03-31,-1
2020-10-30,7442,2020-03-31,2,,,,,,,,,,,,,,,,,,,,,,,,,,,,,27.00,,,,20214480,568943,,false,false,12,2019-04-01,2020-03-31,-1
2020-10-30,7442,2021-03-31,2,,,,,,,,,,,,,,,,,,,,,,,,,,,,,0.00,,,,,,,false,false,12,2020-04-01,2021-03-31,0
2020-10-30,7442,2021-03-31,2,,,,,,,,,,,,,,,,,,,,,,,,,,,,,10.00,,,,,,,false,true,12,2020-04-01,2021-03-31,0
2020-10-30,7442,2021-03-31,2,,,,,,,,,,,,,,,,,,,,,,,,,,,,,,,,,20214480,567744,19646050,false,false,6,2020-04-01,2020-09-30,0
2020-10-30,7442,2020-03-31,2,,,,,,,,,,,,,,,,,,,,,,,,,,,,,,,,,,,20094681,false,false,6,2019-04-01,2019-09-30,-1
2021-01-29,7442,2021-03-31,3,36598000000,0.010,,,,,664000000,,955000000,4.405,,855000000,,43.57,,,,,,36280000000,21330000000,0.588,1085.69,21330000000,,,,,,,,,,,,true,false,9,2020-04-01,2020-12-31,0
2021-01-29,7442,2020-03-31,3,36249000000,-0.015,,,,,-158000000,,176000000,-0.466,,23000000,,1.18,,,,,,,,,,,,,,,,,,,,,,true,false,9,2019-04-01,2019-12-31,-1
2021-01-29,7442,2021-03-31,3,47300000000,0.014,,,,,460000000,8.518,820000000,0.737,,650000000,,33.08,,,,,,,,,,,,,,,,,,,,,,true,true,12,2020-04-01,2021-03-31,0
2021-01-29,7442,2020-03-31,3,,,,,,,,,,,,,,,,,,,,29434000000,20497000000,0.696,1043.36,20497000000,,,,,,,,,,,,true,false,12,2019-04-01,2020-03-31,-1
2021-01-29,7442,2020-03-31,3,,,,,,,,,,,,,,,,,,,,,,,,,,,,,27.00,,,,20214480,568943,,false,false,12,2019-04-01,2020-03-31,-1
2021-01-29,7442,2021-03-31,3,,,,,,,,,,,,,,,,,,,,,,,,,,,,,0.00,,,,,,,false,false,12,2020-04-01,2021-03-31,0
2021-01-29,7442,2021-03-31,3,,,,,,,,,,,,,,,,,,,,,,,,,,,,,10.00,,,,,,,false,true,12,2020-04-01,2021-03-31,0
2021-01-29,7442,2021-03-31,3,,,,,,,,,,,,,,,,,,,,,,,,,,,,,,,,,20214480,567744,19646256,false,false,9,2020-04-01,2020-12-31,0
2021-01-29,7442,2020-03-31,3,,,,,,,,,,,,,,,,,,,,,,,,,,,,,,,,,,,19997438,false,false,9,2019-04-01,2019-12-31,-1
2021-04-28,74420,2021-03-31,,47865000000,0.012,,,,,872000000,0.896,1288000000,0.571,,1012000000,,51.51,,,,,,,,,,,,,,,,,,,,,,true,true,12,2020-04-01,2021-03-31,0
2021-04-28,74420,2020-03-31,,46657000000,,,,,,48000000,,472000000,,,220000000,,11.05,,,,,,,,,,,,,,,,,,,,,,true,false,12,2019-04-01,2020-03-31,-1
2021-05-13,7442,2021-03-31,,47865000000,0.026,,,,,872000000,,1273000000,1.697,,1002000000,,51.02,,0.048,0.041,0.018,,32023000000,21699000000,0.678,1104.50,21699000000,1452000000,403000000,-260000000,5353000000,,0.294,,,,,,true,false,12,2020-04-01,2021-03-31,0
2021-05-13,7442,2020-03-31,,46657000000,-0.038,,,,,48000000,-0.660,472000000,-0.448,,220000000,,11.05,,0.011,0.016,0.001,,29434000000,20497000000,0.696,1043.36,20497000000,-1351000000,-131000000,994000000,3757000000,,2.443,,,,,,true,false,12,2019-04-01,2020-03-31,-1
2021-05-13,7442,2022-03-31,,22000000000,,,,,,-50000000,,140000000,-0.788,,60000000,,3.05,,,,,,,,,,,,,,,,,,,,,,true,true,6,2021-04-01,2021-09-30,1
2021-05-13,7442,2022-03-31,,43800000000,,,,,,60000000,,410000000,-0.662,,210000000,,10.69,,,,,,,,,,,,,,,,0.936,,,,,,true,true,12,2021-04-01,2022-03-31,1
2021-05-13,7442,2021-03-31,,44034000000,0.020,,,,,520000000,6.681,944000000,0.906,729000000,,1.385,37.14,,,,,,29782000000,21166000000,0.711,1077.37,21166000000,,,,,15.00,,,,20214480,567744,19646367,false,false,12,2020-04-01,2021-03-31,0
2021-05-13,7442,2020-03-31,,43181000000,-0.028,,,,,67000000,7.679,495000000,-0.288,305000000,,2.365,15.36,,,,,,27794000000,20371000000,0.733,1036.97,20371000000,,,,,27.00,,,,20214480,568943,19916230,false,false,12,2019-04-01,2020-03-31,-1
2021-05-13,7442,2022-03-31,,,,,,,,,,,,,,,,,,,,,,,,,,,,,,10.00,,,,,,,false,true,12,2021-04-01,2022-03-31,1
2021-05-13,7442,2021-03-31,,47865000000,0.026,,,,,872000000,,1273000000,1.697,,1002000000,,51.02,,0.048,0.041,0.018,,32023000000,21699000000,0.678,1104.50,21699000000,1452000000,403000000,-260000000,5353000000,,0.294,,,,,,true,false,12,2020-04-01,2021-03-31,0
2021-05-13,7442,2020-03-31,,46657000000,-0.038,,,,,48000000,-0.660,472000000,-0.448,,220000000,,11.05,,0.011,0.016,0.001,,29434000000,20497000000,0.696,1043.36,20497000000,-1351000000,-131000000,994000000,3757000000,,2.443,,,,,,true,false,12,2019-04-01,2020-03-31,-1
2021-05-13,7442,2022-03-31,,22000000000,,,,,,-50000000,,140000000,,,60000000,,3.05,,,,,,,,,,,,,,,,,,,,,,true,true,6,2021-04-01,2021-09-30,1
2021-05-13,7442,2022-03-31,,43800000000,,,,,,60000000,,410000000,,,210000000,,10.69,,,,,,,,,,,,,,,,0.936,,,,,,true,true,12,2021-04-01,2022-03-31,1
2021-05-13,7442,2021-03-31,,44034000000,0.020,,,,,520000000,6.681,944000000,0.906,729000000,,1.385,37.14,,,,,,29782000000,21166000000,0.711,1077.37,21166000000,,,,,15.00,,,,20214480,567744,19646367,false,false,12,2020-04-01,2021-03-31,0
2021-05-13,7442,2020-03-31,,43181000000,-0.028,,,,,67000000,7.679,495000000,-0.288,305000000,,2.365,15.36,,,,,,27794000000,20371000000,0.733,1036.97,20371000000,,,,,27.00,,,,20214480,568943,19916230,false,false,12,2019-04-01,2020-03-31,-1
2021-05-13,7442,2022-03-31,,,,,,,,,,,,,,,,,,,,,,,,,,,,,,10.00,,,,,,,false,true,12,2021-04-01,2022-03-31,1
2021-07-30,7442,2022-03-31,1,10741000000,,,,,,48000000,,152000000,,,88000000,,4.49,,,,,,33091000000,21039000000,0.636,1070.89,21039000000,,,,,,,,,,,,true,false,3,2021-04-01,2021-06-30,0
2021-07-30,7442,2021-03-31,1,11542000000,-0.009,,,,,43000000,,143000000,,,89000000,,4.55,,,,,,,,,,,,,,,,,,,,,,true,false,3,2020-04-01,2020-06-30,-1
2021-07-30,7442,2022-03-31,1,22000000000,,,,,,-50000000,,140000000,,,60000000,,3.05,,,,,,,,,,,,,,,,,,,,,,true,true,6,2021-04-01,2021-09-30,0
2021-07-30,7442,2022-03-31,1,43800000000,,,,,,60000000,,410000000,,,210000000,,10.69,,,,,,,,,,,,,,,,,,,,,,true,true,12,2021-04-01,2022-03-31,0
2021-07-30,7442,2021-03-31,1,,,,,,,,,,,,,,,,,,,,32023000000,21699000000,0.678,1104.50,21699000000,,,,,,,,,,,,true,false,12,2020-04-01,2021-03-31,-1
2021-07-30,7442,2021-03-31,1,,,,,,,,,,,,,,,,,,,,,,,,,,,,,15.00,,,,20214480,567744,,false,false,12,2020-04-01,2021-03-31,-1
2021-07-30,7442,2022-03-31,1,,,,,,,,,,,,,,,,,,,,,,,,,,,,,10.00,,,,,,,false,true,12,2021-04-01,2022-03-31,0
2021-07-30,7442,2022-03-31,1,,,,,,,,,,,,,,,,,,,,,,,,,,,,,,,,,20214480,567744,19646736,false,false,3,2021-04-01,2021-06-30,0
2021-07-30,7442,2021-03-31,1,,,,,,,,,,,,,,,,,,,,,,,,,,,,,,,,,,,19645536,false,false,3,2020-04-01,2020-06-30,-1
2021-10-29,7442,2022-03-31,2,21191000000,,,,,,213000000,,399000000,,,240000000,,12.26,,,,,,31644000000,21389000000,0.676,1088.11,21389000000,,,,,,,,,,,,true,false,6,2021-04-01,2021-09-30,0
2021-10-29,7442,2021-03-31,2,23564000000,0.003,,,,,463000000,,659000000,3.296,,514000000,,26.18,,,,,,,,,,,,,,,,,,,,,,true,false,6,2020-04-01,2020-09-30,-1
2021-10-29,7442,2022-03-31,2,43800000000,,,,,,60000000,,410000000,,,210000000,,10.69,,,,,,,,,,,,,,,,,,,,,,true,true,12,2021-04-01,2022-03-31,0
2021-10-29,7442,2021-03-31,2,,,,,,,,,,,,,,,,,,,,32023000000,21699000000,0.678,1104.50,21699000000,,,,,,,,,,,,true,false,12,2020-04-01,2021-03-31,-1
2021-10-29,7442,2021-03-31,2,,,,,,,,,,,,,,,,,,,,,,,,,,,,,15.00,,,,20214480,567744,,false,false,12,2020-04-01,2021-03-31,-1
2021-10-29,7442,2022-03-31,2,,,,,,,,,,,,,,,,,,,,,,,,,,,,,0.00,,,,,,,false,false,12,2021-04-01,2022-03-31,0
2021-10-29,7442,2022-03-31,2,,,,,,,,,,,,,,,,,,,,,,,,,,,,,10.00,,,,,,,false,true,12,2021-04-01,2022-03-31,0
2021-10-29,7442,2022-03-31,2,,,,,,,,,,,,,,,,,,,,,,,,,,,,,,,,,20214480,557044,19651322,false,false,6,2021-04-01,2021-09-30,0
2021-10-29,7442,2021-03-31,2,,,,,,,,,,,,,,,,,,,,,,,,,,,,,,,,,,,19646050,false,false,6,2020-04-01,2020-09-30,-1
2022-01-31,7442,2022-03-31,3,32770000000,,,,,,278000000,,560000000,,,317000000,,16.17,,,,,,36452000000,21269000000,0.583,1082.02,21269000000,,,,,,,,,,,,true,false,9,2021-04-01,2021-12-31,0
2022-01-31,7442,2021-03-31,3,36598000000,0.010,,,,,664000000,,955000000,4.405,,855000000,,43.57,,,,,,,,,,,,,,,,,,,,,,true,false,9,2020-04-01,2020-12-31,-1
2022-01-31,7442,2022-03-31,3,42300000000,,,,,,340000000,,700000000,,,380000000,,19.33,,,,,,,,,,,,,,,,,,,,,,true,true,12,2021-04-01,2022-03-31,0
2022-01-31,7442,2021-03-31,3,,,,,,,,,,,,,,,,,,,,32023000000,21699000000,0.678,1104.50,21699000000,,,,,,,,,,,,true,false,12,2020-04-01,2021-03-31,-1
2022-01-31,7442,2021-03-31,3,,,,,,,,,,,,,,,,,,,,,,,,,,,,,15.00,,,,20214480,567744,,false,false,12,2020-04-01,2021-03-31,-1
2022-01-31,7442,2022-03-31,3,,,,,,,,,,,,,,,,,,,,,,,,,,,,,0.00,,,,,,,false,false,12,2021-04-01,2022-03-31,0
2022-01-31,7442,2022-03-31,3,,,,,,,,,,,,,,,,,,,,,,,,,,,,,10.00,,,,,,,false,true,12,2021-04-01,2022-03-31,0
2022-01-31,7442,2022-03-31,3,,,,,,,,,,,,,,,,,,,,,,,,,,,,,,,,,20214480,557044,19653156,false,false,9,2021-04-01,2021-12-31,0
2022-01-31,7442,2021-03-31,3,,,,,,,,,,,,,,,,,,,,,,,,,,,,,,,,,,,19646256,false,false,9,2020-04-01,2020-12-31,-1
2022-04-28,74420,2022-03-31,,42709000000,0.010,,,,,553000000,0.626,933000000,0.333,,568000000,,28.96,,,,,,,,,,,,,,,,,,,,,,true,true,12,2021-04-01,2022-03-31,0
2022-04-28,74420,2021-03-31,,47865000000,,,,,,872000000,,1273000000,,,1002000000,,51.02,,,,,,,,,,,,,,,,,,,,,,true,false,12,2020-04-01,2021-03-31,-1
2022-05-13,7442,2022-03-31,,42720000000,,,,,,553000000,,933000000,,,568000000,,28.96,,0.026,0.030,0.013,,31039000000,21264000000,0.685,1099.99,21264000000,1136000000,-1156000000,-341000000,4993000000,,0.414,,,,,,true,false,12,2021-04-01,2022-03-31,0
2022-05-13,7442,2021-03-31,,47865000000,0.026,,,,,872000000,,1273000000,1.697,,1002000000,,51.02,,0.048,0.041,0.018,,32023000000,21699000000,0.678,1104.50,21699000000,1452000000,403000000,-260000000,5353000000,,0.294,,,,,,true,false,12,2020-04-01,2021-03-31,-1
2022-05-13,7442,2023-03-31,,21000000000,-0.009,,,,,20000000,-0.906,190000000,-0.525,,100000000,,5.17,,,,,,,,,,,,,,,,,,,,,,true,true,6,2022-04-01,2022-09-30,1
2022-05-13,7442,2023-03-31,,43000000000,0.007,,,,,360000000,-0.350,700000000,-0.250,,380000000,,19.66,,,,,,,,,,,,,,,,0.508,,,,,,true,true,12,2022-04-01,2023-03-31,1
2022-05-13,7442,2022-03-31,,38747000000,,,,,,152000000,,539000000,,170000000,,,8.67,,,,,,28626000000,20426000000,0.714,1056.65,20426000000,,,,,12.00,,,,20214480,882844,19616544,false,false,12,2021-04-01,2022-03-31,0
2022-05-13,7442,2021-03-31,,44034000000,0.020,,,,,520000000,6.681,944000000,0.906,729000000,,1.385,37.14,,,,,,29782000000,21166000000,0.711,1077.37,21166000000,,,,,15.00,,,,20214480,567744,19646367,false,false,12,2020-04-01,2021-03-31,-1
2022-05-13,7442,2023-03-31,,,,,,,,,,,,,,,,,,,,,,,,,,,,,,10.00,,,,,,,false,true,12,2022-04-01,2023-03-31,1
2022-07-29,7442,2023-03-31,1,9833000000,-0.084,,,,,-95000000,,5000000,-0.967,,-16000000,,-0.86,,,,,,31154000000,20904000000,0.671,1082.73,20904000000,,,,,,,,,,,,true,false,3,2022-04-01,2022-06-30,0
2022-07-29,7442,2022-03-31,1,10741000000,,,,,,48000000,,152000000,,,88000000,,4.49,,,,,,,,,,,,,,,,,,,,,,true,false,3,2021-04-01,2021-06-30,-1
2022-07-29,7442,2023-03-31,1,21000000000,-0.009,,,,,20000000,-0.906,190000000,-0.525,,100000000,,5.17,,,,,,,,,,,,,,,,,,,,,,true,true,6,2022-04-01,2022-09-30,0
2022-07-29,7442,2023-03-31,1,43000000000,0.007,,,,,360000000,-0.350,700000000,-0.250,,380000000,,19.66,,,,,,,,,,,,,,,,,,,,,,true,true,12,2022-04-01,2023-03-31,0
2022-07-29,7442,2022-03-31,1,,,,,,,,,,,,,,,,,,,,31039000000,21264000000,0.685,1099.99,21264000000,,,,,,,,,,,,true,false,12,2021-04-01,2022-03-31,-1
2022-07-29,7442,2022-03-31,1,,,,,,,,,,,,,,,,,,,,,,,,,,,,,12.00,,,,20214480,882844,,false,false,12,2021-04-01,2022-03-31,-1
2022-07-29,7442,2023-03-31,1,,,,,,,,,,,,,,,,,,,,,,,,,,,,,10.00,,,,,,,false,true,12,2022-04-01,2023-03-31,0
2022-07-29,7442,2023-03-31,1,,,,,,,,,,,,,,,,,,,,,,,,,,,,,,,,,20214480,907044,19313486,false,false,3,2022-04-01,2022-06-30,0
2022-07-29,7442,2022-03-31,1,,,,,,,,,,,,,,,,,,,,,,,,,,,,,,,,,,,19646736,false,false,3,2021-04-01,2021-06-30,-1
2022-10-31,7442,2023-03-31,2,19623000000,-0.074,,,,,-3000000,,190000000,-0.522,,417000000,,21.63,,,,,,30831000000,21475000000,0.697,1111.90,21475000000,,,,,,,,,,,,true,false,6,2022-04-01,2022-09-30,0
2022-10-31,7442,2022-03-31,2,21191000000,,,,,,213000000,,399000000,,,240000000,,12.26,,,,,,,,,,,,,,,,,,,,,,true,false,6,2021-04-01,2021-09-30,-1
2022-10-31,7442,2023-03-31,2,41600000000,-0.026,,,,,360000000,-0.350,700000000,-0.250,,700000000,,36.24,,,,,,,,,,,,,,,,,,,,,,true,true,12,2022-04-01,2023-03-31,0
2022-10-31,7442,2022-03-31,2,,,,,,,,,,,,,,,,,,,,31039000000,21264000000,0.685,1099.99,21264000000,,,,,,,,,,,,true,false,12,2021-04-01,2022-03-31,-1
2022-10-31,7442,2022-03-31,2,,,,,,,,,,,,,,,,,,,,,,,,,,,,,12.00,,,,20214480,882844,,false,false,12,2021-04-01,2022-03-31,-1
2022-10-31,7442,2023-03-31,2,,,,,,,,,,,,,,,,,,,,,,,,,,,,,0.00,,,,,,,false,false,12,2022-04-01,2023-03-31,0
2022-10-31,7442,2023-03-31,2,,,,,,,,,,,,,,,,,,,,,,,,,,,,,10.00,,,,,,,false,true,12,2022-04-01,2023-03-31,0
2022-10-31,7442,2023-03-31,2,,,,,,,,,,,,,,,,,,,,,,,,,,,,,,,,,20214480,900392,19313749,false,false,6,2022-04-01,2022-09-30,0
2022-10-31,7442,2022-03-31,2,,,,,,,,,,,,,,,,,,,,,,,,,,,,,,,,,,,19651322,false,false,6,2021-04-01,2021-09-30,-1
2023-01-31,7442,2023-03-31,3,30577000000,-0.067,,,,,161000000,-0.419,438000000,-0.217,,568000000,,29.44,,,,,,35008000000,21725000000,0.621,1124.86,21725000000,,,,,,,,,,,,true,false,9,2022-04-01,2022-12-31,0
2023-01-31,7442,2022-03-31,3,32770000000,,,,,,278000000,,560000000,,,317000000,,16.17,,,,,,,,,,,,,,,,,,,,,,true,false,9,2021-04-01,2021-12-31,-1
2023-01-31,7442,2023-03-31,3,41600000000,-0.026,,,,,360000000,-0.350,700000000,-0.250,,700000000,,36.24,,,,,,,,,,,,,,,,,,,,,,true,true,12,2022-04-01,2023-03-31,0
2023-01-31,7442,2022-03-31,3,,,,,,,,,,,,,,,,,,,,31039000000,21264000000,0.685,1099.99,21264000000,,,,,,,,,,,,true,false,12,2021-04-01,2022-03-31,-1
2023-01-31,7442,2022-03-31,3,,,,,,,,,,,,,,,,,,,,,,,,,,,,,12.00,,,,20214480,882844,,false,false,12,2021-04-01,2022-03-31,-1
2023-01-31,7442,2023-03-31,3,,,,,,,,,,,,,,,,,,,,,,,,,,,,,0.00,,,,,,,false,false,12,2022-04-01,2023-03-31,0
2023-01-31,7442,2023-03-31,3,,,,,,,,,,,,,,,,,,,,,,,,,,,,,10.00,,,,,,,false,true,12,2022-04-01,2023-03-31,0
2023-01-31,7442,2023-03-31,3,,,,,,,,,,,,,,,,,,,,,,,,,,,,,,,,,20214480,900392,19313850,false,false,9,2022-04-01,2022-12-31,0
2023-01-31,7442,2022-03-31,3,,,,,,,,,,,,,,,,,,,,,,,,,,,,,,,,,,,19653156,false,false,9,2021-04-01,2021-12-31,-1
2023-04-28,74420,2023-03-31,,39887000000,-0.041,,,,,115000000,-0.681,482000000,-0.311,,600000000,,31.07,,,,,,,,,,,,,,,,,,,,,,true,true,12,2022-04-01,2023-03-31,0
2023-04-28,74420,2022-03-31,,42720000000,,,,,,553000000,,933000000,,,568000000,,28.96,,,,,,,,,,,,,,,,,,,,,,true,false,12,2021-04-01,2022-03-31,-1
2023-05-12,7442,2023-03-31,,39887000000,-0.066,,,,,115000000,-0.791,482000000,-0.484,,600000000,,31.09,,0.028,0.015,0.003,,31386000000,21765000000,0.693,1126.91,21765000000,739000000,742000000,-717000000,5756000000,,0.322,,,,,,true,false,12,2022-04-01,2023-03-31,0
2023-05-12,7442,2022-03-31,,42720000000,,,,,,553000000,,933000000,,,568000000,,28.96,,0.026,0.030,0.013,,31039000000,21264000000,0.685,1099.99,21264000000,1136000000,-1156000000,-341000000,4993000000,,0.414,,,,,,true,false,12,2021-04-01,2022-03-31,-1
2023-05-12,7442,2024-03-31,,19800000000,0.009,,,,,-90000000,,90000000,-0.529,,30000000,,1.55,,,,,,,,,,,,,,,,,,,,,,true,true,6,2023-04-01,2023-09-30,1
2023-05-12,7442,2024-03-31,,41000000000,0.028,,,,,350000000,2.026,680000000,0.410,,410000000,,21.23,,,,,,,,,,,,,,,,0.471,,,,,,true,true,12,2023-04-01,2024-03-31,1
2023-05-12,7442,2023-03-31,,36007000000,-0.071,,,,,-343000000,,30000000,-0.944,340000000,,1.002,17.64,,,,,,28886000000,20630000000,0.714,1068.14,20630000000,,,,,10.00,,,,20214480,900392,19313905,false,false,12,2022-04-01,2023-03-31,0
2023-05-12,7442,2022-03-31,,38747000000,,,,,,152000000,,539000000,,170000000,,,8.67,,,,,,28626000000,20426000000,0.714,1056.65,20426000000,,,,,12.00,,,,20214480,882844,19616544,false,false,12,2021-04-01,2022-03-31,-1
2023-05-12,7442,2024-03-31,,,,,,,,,,,,,,,,,,,,,,,,,,,,,,10.00,,,,,,,false,true,12,2023-04-01,2024-03-31,1
2023-07-31,7442,2024-03-31,1,9238000000,-0.061,,,,,-101000000,,-7000000,,,29000000,,1.50,,,,,,31423000000,21785000000,0.693,1127.98,21785000000,,,,,,,,,,,,true,false,3,2023-04-01,2023-06-30,0
2023-07-31,7442,2023-03-31,1,9833000000,-0.084,,,,,-95000000,,5000000,-0.967,,-16000000,,-0.86,,,,,,,,,,,,,,,,,,,,,,true,false,3,2022-04-01,2022-06-30,-1
2023-07-31,7442,2024-03-31,1,19800000000,0.009,,,,,-90000000,,90000000,-0.529,,30000000,,1.55,,,,,,,,,,,,,,,,,,,,,,true,true,6,2023-04-01,2023-09-30,0
2023-07-31,7442,2024-03-31,1,41000000000,0.028,,,,,350000000,2.026,680000000,0.410,,410000000,,21.23,,,,,,,,,,,,,,,,,,,,,,true,true,12,2023-04-01,2024-03-31,0
2023-07-31,7442,2023-03-31,1,,,,,,,,,,,,,,,,,,,,31386000000,21765000000,0.693,1126.91,21765000000,,,,,,,,,,,,true,false,12,2022-04-01,2023-03-31,-1
2023-07-31,7442,2023-03-31,1,,,,,,,,,,,,,,,,,,,,,,,,,,,,,10.00,,,,20214480,900392,,false,false,12,2022-04-01,2023-03-31,-1
2023-07-31,7442,2024-03-31,1,,,,,,,,,,,,,,,,,,,,,,,,,,,,,10.00,,,,,,,false,true,12,2023-04-01,2024-03-31,0
2023-07-31,7442,2024-03-31,1,,,,,,,,,,,,,,,,,,,,,,,,,,,,,,,,,20214480,900412,19314073,false,false,3,2023-04-01,2023-06-30,0
2023-07-31,7442,2023-03-31,1,,,,,,,,,,,,,,,,,,,,,,,,,,,,,,,,,,,19313486,false,false,3,2022-04-01,2022-06-30,-1
2023-10-31,7442,2024-03-31,2,18305000000,-0.067,,,,,-198000000,,-28000000,,,79000000,,4.12,,,,,,31726000000,21875000000,0.690,1131.70,21875000000,,,,,,,,,,,,true,false,6,2023-04-01,2023-09-30,0
2023-10-31,7442,2023-03-31,2,19623000000,-0.074,,,,,-3000000,,190000000,-0.522,,417000000,,21.63,,,,,,,,,,,,,,,,,,,,,,true,false,6,2022-04-01,2022-09-30,-1
2023-10-31,7442,2024-03-31,2,41000000000,0.028,,,,,350000000,2.026,680000000,0.410,,410000000,,21.23,,,,,,,,,,,,,,,,,,,,,,true,true,12,2023-04-01,2024-03-31,0
2023-10-31,7442,2023-03-31,2,,,,,,,,,,,,,,,,,,,,31386000000,21765000000,0.693,1126.91,21765000000,,,,,,,,,,,,true,false,12,2022-04-01,2023-03-31,-1
2023-10-31,7442,2023-03-31,2,,,,,,,,,,,,,,,,,,,,,,,,,,,,,10.00,,,,20214480,900392,,false,false,12,2022-04-01,2023-03-31,-1
2023-10-31,7442,2024-03-31,2,,,,,,,,,,,,,,,,,,,,,,,,,,,,,0.00,,,,,,,false,false,12,2023-04-01,2024-03-31,0
2023-10-31,7442,2024-03-31,2,,,,,,,,,,,,,,,,,,,,,,,,,,,,,10.00,,,,,,,false,true,12,2023-04-01,2024-03-31,0
2023-10-31,7442,2024-03-31,2,,,,,,,,,,,,,,,,,,,,,,,,,,,,,,,,,20214480,884412,19320928,false,false,6,2023-04-01,2023-09-30,0
2023-10-31,7442,2023-03-31,2,,,,,,,,,,,,,,,,,,,,,,,,,,,,,,,,,,,19313749,false,false,6,2022-04-01,2022-09-30,-1
2024-01-31,7442,2024-03-31,3,29408000000,-0.038,,,,,-217000000,,33000000,-0.924,,65000000,,3.40,,,,,,35315000000,21694000000,0.614,1122.30,21694000000,,,,,,,,,,,,true,false,9,2023-04-01,2023-12-31,0
2024-01-31,7442,2023-03-31,3,30577000000,-0.067,,,,,161000000,-0.419,438000000,-0.217,,568000000,,29.44,,,,,,,,,,,,,,,,,,,,,,true,false,9,2022-04-01,2022-12-31,-1
2024-01-31,7442,2024-03-31,3,38580000000,-0.033,,,,,-460000000,,-140000000,,,-140000000,,-7.24,,,,,,,,,,,,,,,,,,,,,,true,true,12,2023-04-01,2024-03-31,0
2024-01-31,7442,2023-03-31,3,,,,,,,,,,,,,,,,,,,,31386000000,21765000000,0.693,1126.91,21765000000,,,,,,,,,,,,true,false,12,2022-04-01,2023-03-31,-1
2024-01-31,7442,2023-03-31,3,,,,,,,,,,,,,,,,,,,,,,,,,,,,,10.00,,,,20214480,900392,,false,false,12,2022-04-01,2023-03-31,-1
2024-01-31,7442,2024-03-31,3,,,,,,,,,,,,,,,,,,,,,,,,,,,,,0.00,,,,,,,false,false,12,2023-04-01,2024-03-31,0
2024-01-31,7442,2024-03-31,3,,,,,,,,,,,,,,,,,,,,,,,,,,,,,10.00,,,,,,,false,true,12,2023-04-01,2024-03-31,0
2024-01-31,7442,2024-03-31,3,,,,,,,,,,,,,,,,,,,,,,,,,,,,,,,,,20214480,884460,19323660,false,false,9,2023-04-01,2023-12-31,0
2024-01-31,7442,2023-03-31,3,,,,,,,,,,,,,,,,,,,,,,,,,,,,,,,,,,,19313850,false,false,9,2022-04-01,2022-12-31,-1
2024-04-30,74420,2024-03-31,,38593000000,0.000,,,,,-470000000,,-131000000,,,-21000000,,-1.10,,,,,,,,,,,,,,,,,,,,,,true,true,12,2023-04-01,2024-03-31,0
2024-04-30,74420,2023-03-31,,39887000000,,,,,,115000000,,482000000,,,600000000,,31.09,,,,,,,,,,,,,,,,,,,,,,true,false,12,2022-04-01,2023-03-31,-1
2024-05-10,7442,2024-03-31,,38593000000,-0.032,,,,,-470000000,,-131000000,,,14000000,,0.75,,0.001,-0.004,-0.012,,32889000000,22425000000,0.682,1160.12,22425000000,1349000000,57000000,-731000000,6435000000,,,,,,,,true,false,12,2023-04-01,2024-03-31,0
2024-05-10,7442,2023-03-31,,39887000000,-0.066,,,,,115000000,-0.791,482000000,-0.484,,600000000,,31.09,,0.028,0.015,0.003,,31386000000,21765000000,0.693,1126.91,21765000000,739000000,742000000,-717000000,5756000000,,0.322,,,,,,true,false,12,2022-04-01,2023-03-31,-1
2024-05-10,7442,2025-03-31,,18650000000,0.019,,,,,10000000,,170000000,,,70000000,,3.62,,,,,,,,,,,,,,,,,,,,,,true,true,6,2024-04-01,2024-09-30,1
2024-05-10,7442,2025-03-31,,38780000000,0.005,,,,,520000000,,840000000,,,540000000,,27.94,,,,,,,,,,,,,,,,0.358,,,,,,true,true,12,2024-04-01,2025-03-31,1
2024-05-10,7442,2024-03-31,,34706000000,-0.036,,,,,-1104000000,,-761000000,,-426000000,,,-22.09,,,,,,29583000000,20534000000,0.694,1062.33,20534000000,,,,,10.00,,,,20214480,884500,19325122,false,false,12,2023-04-01,2024-03-31,0
2024-05-10,7442,2023-03-31,,36007000000,-0.071,,,,,-343000000,,30000000,-0.944,340000000,,1.002,17.64,,,,,,28886000000,20630000000,0.714,1068.14,20630000000,,,,,10.00,,,,20214480,900392,19313905,false,false,12,2022-04-01,2023-03-31,-1
2024-05-10,7442,2025-03-31,,,,,,,,,,,,,,,,,,,,,,,,,,,,,,10.00,,,,,,,false,true,12,2024-04-01,2025-03-31,1
2024-07-31,7442,2025-03-31,1,9764000000,0.057,,,,,-36000000,,51000000,,,11000000,,0.57,,,,,,33294000000,22261000000,0.669,1151.66,22261000000,,,,,,,,,,,,true,false,3,2024-04-01,2024-06-30,0
2024-07-31,7442,2024-03-31,1,9238000000,-0.061,,,,,-101000000,,-7000000,,,29000000,,1.50,,,,,,,,,,,,,,,,,,,,,,true,false,3,2023-04-01,2023-06-30,-1
2024-07-31,7442,2025-03-31,1,18650000000,0.019,,,,,10000000,,170000000,,,70000000,,3.62,,,,,,,,,,,,,,,,,,,,,,true,true,6,2024-04-01,2024-09-30,0
2024-07-31,7442,2025-03-31,1,38780000000,0.005,,,,,520000000,,840000000,,,540000000,,27.94,,,,,,,,,,,,,,,,,,,,,,true,true,12,2024-04-01,2025-03-31,0
2024-07-31,7442,2024-03-31,1,,,,,,,,,,,,,,,,,,,,32889000000,22425000000,0.682,1160.12,22425000000,,,,,,,,,,,,true,false,12,2023-04-01,2024-03-31,-1
2024-07-31,7442,2024-03-31,1,,,,,,,,,,,,,,,,,,,,,,,,,,,,,10.00,,,,20214480,884500,,false,false,12,2023-04-01,2024-03-31,-1
2024-07-31,7442,2025-03-31,1,,,,,,,,,,,,,,,,,,,,,,,,,,,,,10.00,,,,,,,false,true,12,2024-04-01,2025-03-31,0
2024-07-31,7442,2025-03-31,1,,,,,,,,,,,,,,,,,,,,,,,,,,,,,,,,,20214480,884500,19329980,false,false,3,2024-04-01,2024-06-30,0
2024-07-31,7442,2024-03-31,1,,,,,,,,,,,,,,,,,,,,,,,,,,,,,,,,,,,19314073,false,false,3,2023-04-01,2023-06-30,-1
2024-10-31,7442,2025-03-31,2,19705000000,0.076,,,,,6000000,,184000000,,,86000000,,4.45,,,,,,32390000000,22467000000,0.694,1161.59,22467000000,,,,,,,,,,,,true,false,6,2024-04-01,2024-09-30,0
2024-10-31,7442,2024-03-31,2,18305000000,-0.067,,,,,-198000000,,-28000000,,,79000000,,4.12,,,,,,,,,,,,,,,,,,,,,,true,false,6,2023-04-01,2023-09-30,-1
2024-10-31,7442,2025-03-31,2,38780000000,0.005,,,,,520000000,,840000000,,,540000000,,27.94,,,,,,,,,,,,,,,,,,,,,,true,true,12,2024-04-01,2025-03-31,0
2024-10-31,7442,2024-03-31,2,,,,,,,,,,,,,,,,,,,,32889000000,22425000000,0.682,1160.12,22425000000,,,,,,,,,,,,true,false,12,2023-04-01,2024-03-31,-1
2024-10-31,7442,2024-03-31,2,,,,,,,,,,,,,,,,,,,,,,,,,,,,,10.00,,,,20214480,884500,,false,false,12,2023-04-01,2024-03-31,-1
2024-10-31,7442,2025-03-31,2,,,,,,,,,,,,,,,,,,,,,,,,,,,,,0.00,,,,,,,false,false,12,2024-04-01,2025-03-31,0
2024-10-31,7442,2025-03-31,2,,,,,,,,,,,,,,,,,,,,,,,,,,,,,10.00,,,,,,,false,true,12,2024-04-01,2025-03-31,0
2024-10-31,7442,2025-03-31,2,,,,,,,,,,,,,,,,,,,,,,,,,,,,,,,,,20214480,872216,19335247,false,false,6,2024-04-01,2024-09-30,0
2024-10-31,7442,2024-03-31,2,,,,,,,,,,,,,,,,,,,,,,,,,,,,,,,,,,,19320928,false,false,6,2023-04-01,2023-09-30,-1
2025-01-31,7442,2025-03-31,3,30981000000,0.053,,,,,132000000,,391000000,,,441000000,,22.84,,,,,,36998000000,22425000000,0.606,1159.42,22425000000,,,,,,,,,,,,true,false,9,2024-04-01,2024-12-31,0
2025-01-31,7442,2024-03-31,3,29408000000,-0.038,,,,,-217000000,,33000000,-0.924,,65000000,,3.40,,,,,,,,,,,,,,,,,,,,,,true,false,9,2023-04-01,2023-12-31,-1
2025-01-31,7442,2025-03-31,3,38780000000,0.005,,,,,520000000,,840000000,,,540000000,,27.94,,,,,,,,,,,,,,,,,,,,,,true,true,12,2024-04-01,2025-03-31,0
2025-01-31,7442,2024-03-31,3,,,,,,,,,,,,,,,,,,,,32889000000,22425000000,0.682,1160.12,22425000000,,,,,,,,,,,,true,false,12,2023-04-01,2024-03-31,-1
2025-01-31,7442,2024-03-31,3,,,,,,,,,,,,,,,,,,,,,,,,,,,,,10.00,,,,20214480,884500,,false,false,12,2023-04-01,2024-03-31,-1
2025-01-31,7442,2025-03-31,3,,,,,,,,,,,,,,,,,,,,,,,,,,,,,0.00,,,,,,,false,false,12,2024-04-01,2025-03-31,0
2025-01-31,7442,2025-03-31,3,,,,,,,,,,,,,,,,,,,,,,,,,,,,,10.00,,,,,,,false,true,12,2024-04-01,2025-03-31,0
2025-01-31,7442,2025-03-31,3,,,,,,,,,,,,,,,,,,,,,,,,,,,,,,,,,20214480,872216,19337352,false,false,9,2024-04-01,2024-12-31,0
2025-01-31,7442,2024-03-31,3,,,,,,,,,,,,,,,,,,,,,,,,,,,,,,,,,,,19323660,false,false,9,2023-04-01,2023-12-31,-1
2025-04-30,74420,2025-03-31,,40949000000,0.056,,,,,154000000,-0.704,491000000,-0.415,,526000000,,27.25,,,,,,,,,,,,,,,,,,,,,,true,true,12,2024-04-01,2025-03-31,0
2025-04-30,74420,2024-03-31,,38593000000,,,,,,-470000000,,-131000000,,,14000000,,0.75,,,,,,,,,,,,,,,,,,,,,,true,false,12,2023-04-01,2024-03-31,-1
2025-05-09,7442,2025-03-31,,40949000000,0.061,,,,,154000000,,491000000,,,526000000,,27.25,,0.024,0.015,0.004,,32796000000,22402000000,0.683,1158.24,22402000000,43000000,22000000,747000000,7248000000,,0.440,,,,,,true,false,12,2024-04-01,2025-03-31,0
2025-05-09,7442,2024-03-31,,38593000000,-0.032,,,,,-470000000,,-131000000,,,14000000,,0.75,,0.001,-0.004,-0.012,,32889000000,22425000000,0.682,1160.12,22425000000,1349000000,57000000,-731000000,6435000000,,,,,,,,true,false,12,2023-04-01,2024-03-31,-1
2025-05-09,7442,2026-03-31,,19000000000,-0.036,,,,,110000000,,240000000,0.298,,210000000,,10.86,,,,,,,,,,,,,,,,,,,,,,true,true,6,2025-04-01,2025-09-30,1
2025-05-09,7442,2026-03-31,,40000000000,-0.023,,,,,470000000,2.041,780000000,0.586,,550000000,,28.44,,,,,,,,,,,,,,,,0.352,,,,,,true,true,12,2025-04-01,2026-03-31,1
2025-05-09,7442,2025-03-31,,37661000000,0.085,,,,,-278000000,,67000000,,260000000,,,13.48,,,,,,29430000000,20205000000,0.687,1044.65,20205000000,,,,,12.00,,,,20214480,872216,19338486,false,false,12,2024-04-01,2025-03-31,0
2025-05-09,7442,2024-03-31,,34706000000,-0.036,,,,,-1104000000,,-761000000,,-426000000,,,-22.09,,,,,,29583000000,20534000000,0.694,1062.33,20534000000,,,,,10.00,,,,20214480,884500,19325122,false,false,12,2023-04-01,2024-03-31,-1
2025-05-09,7442,2026-03-31,,,,,,,,,,,,,,,,,,,,,,,,,,,,,,10.00,,,,,,,false,true,12,2025-04-01,2026-03-31,1
2025-07-31,7442,2026-03-31,1,10293000000,0.054,,,,,127000000,,206000000,2.994,,267000000,,13.82,,,,,,30643000000,22355000000,0.730,1146.16,22355000000,,,,,,,,,,,,true,false,3,2025-04-01,2025-06-30,0
2025-07-31,7442,2025-03-31,1,9764000000,0.057,,,,,-36000000,,51000000,,,11000000,,0.57,,,,,,,,,,,,,,,,,,,,,,true,false,3,2024-04-01,2024-06-30,-1
2025-07-31,7442,2026-03-31,1,19000000000,-0.036,,,,,110000000,,240000000,0.298,,210000000,,10.86,,,,,,,,,,,,,,,,,,,,,,true,true,6,2025-04-01,2025-09-30,0
2025-07-31,7442,2026-03-31,1,40000000000,-0.023,,,,,470000000,2.041,780000000,0.586,,550000000,,28.44,,,,,,,,,,,,,,,,,,,,,,true,true,12,2025-04-01,2026-03-31,0
2025-07-31,7442,2025-03-31,1,,,,,,,,,,,,,,,,,,,,32796000000,22402000000,0.683,1158.24,22402000000,,,,,,,,,,,,true,false,12,2024-04-01,2025-03-31,-1
2025-07-31,7442,2025-03-31,1,,,,,,,,,,,,,,,,,,,,,,,,,,,,,12.00,,,,20214480,872216,,false,false,12,2024-04-01,2025-03-31,-1
2025-07-31,7442,2026-03-31,1,,,,,,,,,,,,,,,,,,,,,,,,,,,,,10.00,,,,,,,false,true,12,2025-04-01,2026-03-31,0
2025-07-31,7442,2026-03-31,1,,,,,,,,,,,,,,,,,,,,,,,,,,,,,,,,,20214480,709966,19382827,false,false,3,2025-04-01,2025-06-30,0
2025-07-31,7442,2025-03-31,1,,,,,,,,,,,,,,,,,,,,,,,,,,,,,,,,,,,19329980,false,false,3,2024-04-01,2024-06-30,-1
