filing_date,code,fiscal_year_end,quarterly_period,net_sales,net_sales_change,revenue,revenue_change,operating_revenue,operating_revenue_change,operating_profit,operating_profit_change,ordinary_profit,ordinary_profit_change,net_income,net_income_of_parent,net_income_change,eps,diluted_eps,roe,roa,operating_profit_to_net_sales,operating_profit_to_revenue,total_assets,net_assets,equity_ratio,bps,owner_equity,operating_cash_flow,investing_cash_flow,financing_cash_flow,cash,dividend_per_share,payout_ratio,commemorative_dividend,extra_dividend,number_of_shares,number_of_treqsury_shares,avg_number_of_shares,is_consolidated,is_forecast,duration,period_start,period_end,period_pos
2015-05-13,74590,2015-03-31,,2872905000000,-0.025,,,,,32795000000,-0.054,44475000000,-0.107,23687000000,,-0.071,104.73,,0.064,0.031,0.011,,1454800000000,457604000000,0.268,1722.56,390059000000,80466000000,-11834000000,-19834000000,176530000000,,0.229,,,,,,true,false,12,2014-04-01,2015-03-31,0
2015-05-13,74590,2014-03-31,,2947798000000,0.049,,,,,34662000000,0.215,49777000000,0.256,25485000000,,0.366,112.77,,0.076,0.036,0.012,,1400792000000,407480000000,0.247,1529.63,345848000000,-72000000,-28065000000,-2834000000,127733000000,,0.204,,,,,,true,false,12,2013-04-01,2014-03-31,-1
2015-05-13,74590,2016-03-31,,1457000000000,0.037,,,,,14600000000,0.004,20300000000,0.027,,10600000000,,46.81,,,,,,,,,,,,,,,,,,,,,,true,true,6,2015-04-01,2015-09-30,1
2015-05-13,74590,2016-03-31,,2966000000000,0.032,,,,,35000000000,0.067,47400000000,0.066,,25600000000,,113.05,,,,,,,,,,,,,,,,0.212,,,,,,true,true,12,2015-04-01,2016-03-31,1
2015-05-13,74590,2015-03-31,,12640000000,0.160,,,,,9592000000,0.220,10636000000,0.303,13846000000,,0.828,61.21,,,,,,307320000000,245180000000,0.798,1082.75,245180000000,,,,,24.00,,,,244524496,18082826,226190787,false,false,12,2014-04-01,2015-03-31,0
2015-05-13,74590,2014-03-31,,10893000000,0.059,,,,,7860000000,0.031,8165000000,0.033,7575000000,,-0.331,33.52,,,,,,245888000000,201374000000,0.819,890.64,201374000000,,,,,23.00,,,,244524496,18424439,226004034,false,false,12,2013-04-01,2014-03-31,-1
2015-05-13,74590,2016-03-31,,,,,,,,,,,,,,,,,,,,,,,,,,,,,,24.00,,,,,,,false,true,12,2015-04-01,2016-03-31,1
2015-07-31,74590,2016-03-31,1,742330000000,0.072,,,,,8102000000,0.161,11174000000,0.130,,5304000000,,23.43,,,,,,1434769000000,462902000000,0.274,,393784000000,,,,,,,,,,,,true,false,3,2015-04-01,2015-06-30,0
2015-07-31,74590,2015-03-31,1,692174000000,-0.038,,,,,6977000000,0.014,9885000000,-0.273,,5053000000,,22.35,,,,,,,,,,,,,,,,,,,,,,true,false,3,2014-04-01,2014-06-30,-1
2015-07-31,74590,2016-03-31,1,1457000000000,0.037,,,,,14600000000,0.004,20300000000,0.027,,10600000000,,46.81,,,,,,,,,,,,,,,,,,,,,,true,true,6,2015-04-01,2015-09-30,0
2015-07-31,74590,2016-03-31,1,2966000000000,0.032,,,,,35000000000,0.067,47400000000,0.066,,25600000000,,113.05,,,,,,,,,,,,,,,,,,,,,,true,true,12,2015-04-01,2016-03-31,0
2015-07-31,74590,2015-03-31,1,,,,,,,,,,,,,,,,,,,,1454800000000,457604000000,0.268,,390059000000,,,,,,,,,,,,true,false,12,2014-04-01,2015-03-31,-1
2015-07-31,74590,2015-03-31,1,,,,,,,,,,,,,,,,,,,,,,,,,,,,,24.00,,,,244524496,18082826,,false,false,12,2014-04-01,2015-03-31,-1
2015-07-31,74590,2016-03-31,1,,,,,,,,,,,,,,,,,,,,,,,,,,,,,24.00,,,,,,,false,true,12,2015-04-01,2016-03-31,0
2015-07-31,74590,2016-03-31,1,,,,,,,,,,,,,,,,,,,,,,,,,,,,,,,,,244524496,18083659,226441346,false,false,3,2015-04-01,2015-06-30,0
2015-07-31,74590,2015-03-31,1,,,,,,,,,,,,,,,,,,,,,,,,,,,,,,,,,,,226099932,false,false,3,2014-04-01,2014-06-30,-1
2015-10-29,74590,2016-03-31,,1485725000000,0.020,,,,,18441000000,0.263,24384000000,0.201,,12636000000,,55.80,,,,,,,,,,,,,,,,,,,,,,true,true,6,2015-04-01,2015-09-30,0
2015-10-29,74590,2015-03-31,,1404923000000,,,,,,14547000000,,19772000000,,,10271000000,,45.43,,,,,,,,,,,,,,,,,,,,,,true,false,6,2014-04-01,2014-09-30,-1
2015-10-30,74590,2016-03-31,2,1485725000000,0.058,,,,,18441000000,0.268,24384000000,0.233,,12636000000,,55.80,,,,,,1446035000000,468327000000,0.275,,397621000000,,,,,,,,,,,,true,false,6,2015-04-01,2015-09-30,0
2015-10-30,74590,2015-03-31,2,1404923000000,-0.026,,,,,14547000000,-0.085,19772000000,-0.218,,10271000000,,45.43,,,,,,,,,,,,,,,,,,,,,,true,false,6,2014-04-01,2014-09-30,-1
2015-10-30,74590,2016-03-31,2,3033000000000,0.056,,,,,38000000000,0.159,51000000000,0.147,,26400000000,,116.59,,,,,,,,,,,,,,,,,,,,,,true,true,12,2015-04-01,2016-03-31,0
2015-10-30,74590,2015-03-31,2,,,,,,,,,,,,,,,,,,,,1454800000000,457604000000,0.268,,390059000000,,,,,,,,,,,,true,false,12,2014-04-01,2015-03-31,-1
2015-10-30,74590,2015-03-31,2,,,,,,,,,,,,,,,,,,,,,,,,,,,,,24.00,,,,244524496,18082826,,false,false,12,2014-04-01,2015-03-31,-1
2015-10-30,74590,2016-03-31,2,,,,,,,,,,,,,,,,,,,,,,,,,,,,,13.00,,,,,,,false,false,12,2015-04-01,2016-03-31,0
2015-10-30,74590,2016-03-31,2,,,,,,,,,,,,,,,,,,,,,,,,,,,,,26.00,,,,,,,false,true,12,2015-04-01,2016-03-31,0
2015-10-30,74590,2016-03-31,2,,,,,,,,,,,,,,,,,,,,,,,,,,,,,,,,,244524496,18084120,226440971,false,false,6,2015-04-01,2015-09-30,0
2015-10-30,74590,2015-03-31,2,,,,,,,,,,,,,,,,,,,,,,,,,,,,,,,,,,,226099880,false,false,6,2014-04-01,2014-09-30,-1
2015-10-30,74590,2016-03-31,,3033000000000,0.023,,,,,38000000000,0.086,51000000000,0.076,,26400000000,,116.59,,,,,,,,,,,,,,,,,,,,,,true,true,12,2015-04-01,2016-03-31,0
2015-10-30,74590,2015-03-31,,2872905000000,,,,,,32795000000,,44475000000,,,23687000000,,104.73,,,,,,,,,,,,,,,,,,,,,,true,false,12,2014-04-01,2015-03-31,-1
2016-01-29,74590,2016-03-31,3,2292008000000,0.056,,,,,31920000000,0.339,41384000000,0.277,,22169000000,,97.90,,,,,,1569490000000,486584000000,0.264,,414080000000,,,,,,,,,,,,true,false,9,2015-04-01,2015-12-31,0
2016-01-29,74590,2015-03-31,3,2169703000000,-0.020,,,,,23839000000,-0.081,32395000000,-0.156,,17407000000,,76.99,,,,,,,,,,,,,,,,,,,,,,true,false,9,2014-04-01,2014-12-31,-1
2016-01-29,74590,2016-03-31,3,3033000000000,0.056,,,,,38000000000,0.159,51000000000,0.147,,26400000000,,116.59,,,,,,,,,,,,,,,,,,,,,,true,true,12,2015-04-01,2016-03-31,0
2016-01-29,74590,2015-03-31,3,,,,,,,,,,,,,,,,,,,,1454800000000,457604000000,0.268,,390059000000,,,,,,,,,,,,true,false,12,2014-04-01,2015-03-31,-1
2016-01-29,74590,2015-03-31,3,,,,,,,,,,,,,,,,,,,,,,,,,,,,,24.00,,,,244524496,18082826,,false,false,12,2014-04-01,2015-03-31,-1
2016-01-29,74590,2016-03-31,3,,,,,,,,,,,,,,,,,,,,,,,,,,,,,13.00,,,,,,,false,false,12,2015-04-01,2016-03-31,0
2016-01-29,74590,2016-03-31,3,,,,,,,,,,,,,,,,,,,,,,,,,,,,,26.00,,,,,,,false,true,12,2015-04-01,2016-03-31,0
2016-01-29,74590,2016-03-31,3,,,,,,,,,,,,,,,,,,,,,,,,,,,,,,,,,244524496,18084853,226440672,false,false,9,2015-04-01,2015-12-31,0
2016-01-29,74590,2015-03-31,3,,,,,,,,,,,,,,,,,,,,,,,,,,,,,,,,,,,226108539,false,false,9,2014-04-01,2014-12-31,-1
,74590,2016-03-31,,,,,,,,,,,,,,,,,,,,,,,,,,,,,,28.00,,,,,,,false,true,12,2015-04-01,2016-03-31,0
,74590,2016-03-31,,,,,,,,,,,,,,,,,,,,,,,,,,,,,,13.00,,,,,,,false,false,12,2015-04-01,2016-03-31,0
,74590,2015-03-31,,,,,,,,,,,,,,,,,,,,,,,,,,,,,,24.00,,,,,,,false,false,12,2014-04-01,2015-03-31,-1
2016-05-16,74590,2016-03-31,,3028187000000,0.054,,,,,42283000000,0.289,55140000000,0.240,,30771000000,,135.89,,0.076,0.037,0.014,,1497310000000,488328000000,0.277,1832.45,414939000000,21985000000,-41267000000,6093000000,163317000000,,0.206,,,,,,true,false,12,2015-04-01,2016-03-31,0
2016-05-16,74590,2015-03-31,,2872905000000,-0.025,,,,,32795000000,-0.054,44475000000,-0.107,,23687000000,,104.73,,0.064,0.031,0.011,,1454800000000,457604000000,0.268,1722.56,390059000000,80466000000,-11834000000,-19834000000,176530000000,,0.229,,,,,,true,false,12,2014-04-01,2015-03-31,-1
2016-05-16,74590,2017-03-31,,1531000000000,0.030,,,,,21200000000,0.150,27300000000,0.120,,15000000000,,66.24,,,,,,,,,,,,,,,,,,,,,,true,true,6,2016-04-01,2016-09-30,1
2016-05-16,74590,2017-03-31,,3103000000000,0.025,,,,,42500000000,0.005,55500000000,0.007,,31000000000,,136.90,,,,,,,,,,,,,,,,0.219,,,,,,true,true,12,2016-04-01,2017-03-31,1
2016-05-16,74590,2016-03-31,,13782000000,0.090,,,,,10116000000,0.055,11759000000,0.106,12138000000,,-0.123,53.61,,,,,,299500000000,253374000000,0.846,1118.95,253374000000,,,,,28.00,,,,244524496,18085160,226440382,false,false,12,2015-04-01,2016-03-31,0
2016-05-16,74590,2015-03-31,,12640000000,0.160,,,,,9592000000,0.220,10636000000,0.303,13846000000,,0.828,61.21,,,,,,307320000000,245180000000,0.798,1082.75,245180000000,,,,,24.00,,,,244524496,18082826,226190787,false,false,12,2014-04-01,2015-03-31,-1
2016-05-16,74590,2017-03-31,,,,,,,,,,,,,,,,,,,,,,,,,,,,,,30.00,,,,,,,false,true,12,2016-04-01,2017-03-31,1
2016-07-29,74590,2017-03-31,1,771644000000,0.039,,,,,11638000000,0.436,14965000000,0.339,,8498000000,,37.53,,,,,,1513975000000,496861000000,0.279,,422399000000,,,,,,,,,,,,true,false,3,2016-04-01,2016-06-30,0
2016-07-29,74590,2016-03-31,1,742330000000,0.072,,,,,8102000000,0.161,11174000000,0.130,,5304000000,,23.43,,,,,,,,,,,,,,,,,,,,,,true,false,3,2015-04-01,2015-06-30,-1
2016-07-29,74590,2017-03-31,1,1531000000000,0.030,,,,,21200000000,0.150,27300000000,0.120,,15000000000,,66.24,,,,,,,,,,,,,,,,,,,,,,true,true,6,2016-04-01,2016-09-30,0
2016-07-29,74590,2017-03-31,1,3103000000000,0.025,,,,,42500000000,0.005,55500000000,0.007,,31000000000,,136.90,,,,,,,,,,,,,,,,,,,,,,true,true,12,2016-04-01,2017-03-31,0
2016-07-29,74590,2016-03-31,1,,,,,,,,,,,,,,,,,,,,1497310000000,488328000000,0.277,,414939000000,,,,,,,,,,,,true,false,12,2015-04-01,2016-03-31,-1
2016-07-29,74590,2016-03-31,1,,,,,,,,,,,,,,,,,,,,,,,,,,,,,28.00,,,,244524496,18085160,,false,false,12,2015-04-01,2016-03-31,-1
2016-07-29,74590,2017-03-31,1,,,,,,,,,,,,,,,,,,,,,,,,,,,,,30.00,,,,,,,false,true,12,2016-04-01,2017-03-31,0
2016-07-29,74590,2017-03-31,1,,,,,,,,,,,,,,,,,,,,,,,,,,,,,,,,,244524496,18085350,226439272,false,false,3,2016-04-01,2016-06-30,0
2016-07-29,74590,2016-03-31,1,,,,,,,,,,,,,,,,,,,,,,,,,,,,,,,,,,,226441346,false,false,3,2015-04-01,2015-06-30,-1
2016-10-31,74590,2017-03-31,2,1530406000000,0.030,,,,,20836000000,0.130,26908000000,0.104,,14066000000,,62.12,,,,,,1487791000000,501847000000,0.286,,425509000000,,,,,,,,,,,,true,false,6,2016-04-01,2016-09-30,0
2016-10-31,74590,2016-03-31,2,1485725000000,0.058,,,,,18441000000,0.268,24384000000,0.233,,12636000000,,55.80,,,,,,,,,,,,,,,,,,,,,,true,false,6,2015-04-01,2015-09-30,-1
2016-10-31,74590,2017-03-31,2,3090000000000,0.020,,,,,40000000000,-0.054,53500000000,-0.030,,30500000000,,134.69,,,,,,,,,,,,,,,,,,,,,,true,true,12,2016-04-01,2017-03-31,0
2016-10-31,74590,2016-03-31,2,,,,,,,,,,,,,,,,,,,,1497310000000,488328000000,0.277,,414939000000,,,,,,,,,,,,true,false,12,2015-04-01,2016-03-31,-1
2016-10-31,74590,2016-03-31,2,,,,,,,,,,,,,,,,,,,,,,,,,,,,,28.00,,,,244524496,18085160,,false,false,12,2015-04-01,2016-03-31,-1
2016-10-31,74590,2017-03-31,2,,,,,,,,,,,,,,,,,,,,,,,,,,,,,15.00,,,,,,,false,false,12,2016-04-01,2017-03-31,0
2016-10-31,74590,2017-03-31,2,,,,,,,,,,,,,,,,,,,,,,,,,,,,,30.00,,,,,,,false,true,12,2016-04-01,2017-03-31,0
2016-10-31,74590,2017-03-31,2,,,,,,,,,,,,,,,,,,,,,,,,,,,,,,,,,244524496,18085433,226439189,false,false,6,2016-04-01,2016-09-30,0
2016-10-31,74590,2016-03-31,2,,,,,,,,,,,,,,,,,,,,,,,,,,,,,,,,,,,226440971,false,false,6,2015-04-01,2015-09-30,-1
2016-10-31,74590,2017-03-31,,3090000000000,-0.004,,,,,40000000000,-0.059,53500000000,-0.036,,30500000000,,134.69,,,,,,,,,,,,,,,,,,,,,,true,true,12,2016-04-01,2017-03-31,0
2016-10-31,74590,2016-03-31,,3028187000000,,,,,,42283000000,,55140000000,,,30771000000,,135.89,,,,,,,,,,,,,,,,,,,,,,true,false,12,2015-04-01,2016-03-31,-1
2017-01-31,74590,2017-03-31,3,2329654000000,0.016,,,,,32898000000,0.031,43147000000,0.043,,23547000000,,103.99,,,,,,1572095000000,515192000000,0.278,,437136000000,,,,,,,,,,,,true,false,9,2016-04-01,2016-12-31,0
2017-01-31,74590,2016-03-31,3,2292008000000,0.056,,,,,31920000000,0.339,41384000000,0.277,,22169000000,,97.90,,,,,,,,,,,,,,,,,,,,,,true,false,9,2015-04-01,2015-12-31,-1
2017-01-31,74590,2017-03-31,3,3090000000000,0.020,,,,,40000000000,-0.054,53500000000,-0.030,,30500000000,,134.69,,,,,,,,,,,,,,,,,,,,,,true,true,12,2016-04-01,2017-03-31,0
2017-01-31,74590,2016-03-31,3,,,,,,,,,,,,,,,,,,,,1497310000000,488328000000,0.277,,414939000000,,,,,,,,,,,,true,false,12,2015-04-01,2016-03-31,-1
2017-01-31,74590,2016-03-31,3,,,,,,,,,,,,,,,,,,,,,,,,,,,,,28.00,,,,244524496,18085160,,false,false,12,2015-04-01,2016-03-31,-1
2017-01-31,74590,2017-03-31,3,,,,,,,,,,,,,,,,,,,,,,,,,,,,,15.00,,,,,,,false,false,12,2016-04-01,2017-03-31,0
2017-01-31,74590,2017-03-31,3,,,,,,,,,,,,,,,,,,,,,,,,,,,,,30.00,,,,,,,false,true,12,2016-04-01,2017-03-31,0
2017-01-31,74590,2017-03-31,3,,,,,,,,,,,,,,,,,,,,,,,,,,,,,,,,,244524496,18085535,226439138,false,false,9,2016-04-01,2016-12-31,0
2017-01-31,74590,2016-03-31,3,,,,,,,,,,,,,,,,,,,,,,,,,,,,,,,,,,,226440672,false,false,9,2015-04-01,2015-12-31,-1
,74590,2017-03-31,,,,,,,,,,,,,,,,,,,,,,,,,,,,,,31.00,,,,,,,false,true,12,2016-04-01,2017-03-31,0
,74590,2017-03-31,,,,,,,,,,,,,,,,,,,,,,,,,,,,,,15.00,,,,,,,false,false,12,2016-04-01,2017-03-31,0
,74590,2016-03-31,,,,,,,,,,,,,,,,,,,,,,,,,,,,,,28.00,,,,,,,false,false,12,2015-04-01,2016-03-31,-1
2017-05-15,74590,2017-03-31,,3063900000000,0.012,,,,,39650000000,-0.062,53360000000,-0.032,,29011000000,,128.12,,0.068,0.035,0.013,,1525912000000,521165000000,0.289,1950.25,441611000000,47954000000,-11354000000,-17663000000,182561000000,,0.242,,,,,,true,false,12,2016-04-01,2017-03-31,0
2017-05-15,74590,2016-03-31,,3028187000000,0.054,,,,,42283000000,0.289,55140000000,0.240,,30771000000,,135.89,,0.076,0.037,0.014,,1497310000000,488328000000,0.277,1832.45,414939000000,21985000000,-41267000000,6093000000,163317000000,,0.206,,,,,,true,false,12,2015-04-01,2016-03-31,-1
2017-05-15,74590,2018-03-31,,1552000000000,0.014,,,,,17900000000,-0.141,24000000000,-0.108,,12100000000,,53.44,,,,,,,,,,,,,,,,,,,,,,true,true,6,2017-04-01,2017-09-30,1
2017-05-15,74590,2018-03-31,,3116000000000,0.017,,,,,42500000000,0.072,56000000000,0.049,,30000000000,,132.49,,,,,,,,,,,,,,,,0.242,,,,,,true,true,12,2017-04-01,2018-03-31,1
2017-05-15,74590,2017-03-31,,16402000000,0.190,,,,,11601000000,0.147,13350000000,0.135,12824000000,,0.057,56.64,,,,,,289638000000,261853000000,0.904,1156.40,261853000000,,,,,31.00,,,,244524496,18086104,226439031,false,false,12,2016-04-01,2017-03-31,0
2017-05-15,74590,2016-03-31,,13782000000,0.090,,,,,10116000000,0.055,11759000000,0.106,12138000000,,-0.123,53.61,,,,,,299500000000,253374000000,0.846,1118.95,253374000000,,,,,28.00,,,,244524496,18085160,226440382,false,false,12,2015-04-01,2016-03-31,-1
2017-05-15,74590,2018-03-31,,,,,,,,,,,,,,,,,,,,,,,,,,,,,,32.00,,,,,,,false,true,12,2017-04-01,2018-03-31,1
2017-07-31,74590,2018-03-31,1,780341000000,0.011,,,,,8661000000,-0.256,11908000000,-0.204,,5726000000,,25.29,,,,,,1552879000000,528821000000,0.288,,447344000000,,,,,,,,,,,,true,false,3,2017-04-01,2017-06-30,0
2017-07-31,74590,2017-03-31,1,771644000000,0.039,,,,,11638000000,0.436,14965000000,0.339,,8498000000,,37.53,,,,,,,,,,,,,,,,,,,,,,true,false,3,2016-04-01,2016-06-30,-1
2017-07-31,74590,2018-03-31,1,1552000000000,0.014,,,,,17900000000,-0.141,24000000000,-0.108,,12100000000,,53.44,,,,,,,,,,,,,,,,,,,,,,true,true,6,2017-04-01,2017-09-30,0
2017-07-31,74590,2018-03-31,1,3116000000000,0.017,,,,,42500000000,0.072,56000000000,0.049,,30000000000,,132.49,,,,,,,,,,,,,,,,,,,,,,true,true,12,2017-04-01,2018-03-31,0
2017-07-31,74590,2017-03-31,1,,,,,,,,,,,,,,,,,,,,1525912000000,521165000000,0.289,,441611000000,,,,,,,,,,,,true,false,12,2016-04-01,2017-03-31,-1
2017-07-31,74590,2017-03-31,1,,,,,,,,,,,,,,,,,,,,,,,,,,,,,31.00,,,,244524496,18086104,,false,false,12,2016-04-01,2017-03-31,-1
2017-07-31,74590,2018-03-31,1,,,,,,,,,,,,,,,,,,,,,,,,,,,,,32.00,,,,,,,false,true,12,2017-04-01,2018-03-31,0
2017-07-31,74590,2018-03-31,1,,,,,,,,,,,,,,,,,,,,,,,,,,,,,,,,,244524496,18086378,226438306,false,false,3,2017-04-01,2017-06-30,0
2017-07-31,74590,2017-03-31,1,,,,,,,,,,,,,,,,,,,,,,,,,,,,,,,,,,,226439272,false,false,3,2016-04-01,2016-06-30,-1
2017-10-30,74590,2018-03-31,,1560249000000,0.005,,,,,19660000000,0.098,25802000000,0.075,,16141000000,,71.29,,,,,,,,,,,,,,,,,,,,,,true,true,6,2017-04-01,2017-09-30,0
2017-10-30,74590,2017-03-31,,1530406000000,,,,,,20836000000,,26908000000,,,14066000000,,62.12,,,,,,,,,,,,,,,,,,,,,,true,false,6,2016-04-01,2016-09-30,-1
2017-10-31,74590,2018-03-31,2,1560249000000,0.020,,,,,19660000000,-0.056,25802000000,-0.041,,16141000000,,71.29,,,,,,1549273000000,540237000000,0.294,2027.89,456097000000,,,,,,,,,,,,true,false,6,2017-04-01,2017-09-30,0
2017-10-31,74590,2017-03-31,2,1530406000000,0.030,,,,,20836000000,0.130,26908000000,0.104,,14066000000,,62.12,,,,,,,,,,,,,,,,,,,,,,true,false,6,2016-04-01,2016-09-30,-1
2017-10-31,74590,2018-03-31,2,3116000000000,0.017,,,,,43500000000,0.097,57000000000,0.068,,33500000000,,148.45,,,,,,,,,,,,,,,,,,,,,,true,true,12,2017-04-01,2018-03-31,0
2017-10-31,74590,2017-03-31,2,,,,,,,,,,,,,,,,,,,,1525912000000,521165000000,0.289,1950.25,441611000000,,,,,,,,,,,,true,false,12,2016-04-01,2017-03-31,-1
2017-10-31,74590,2017-03-31,2,,,,,,,,,,,,,,,,,,,,,,,,,,,,,31.00,,,,244524496,18086104,,false,false,12,2016-04-01,2017-03-31,-1
2017-10-31,74590,2018-03-31,2,,,,,,,,,,,,,,,,,,,,,,,,,,,,,16.00,,,,,,,false,false,12,2017-04-01,2018-03-31,0
2017-10-31,74590,2018-03-31,2,,,,,,,,,,,,,,,,,,,,,,,,,,,,,32.00,,,,,,,false,true,12,2017-04-01,2018-03-31,0
2017-10-31,74590,2018-03-31,2,,,,,,,,,,,,,,,,,,,,,,,,,,,,,,,,,244524496,19612355,226404821,false,false,6,2017-04-01,2017-09-30,0
2017-10-31,74590,2017-03-31,2,,,,,,,,,,,,,,,,,,,,,,,,,,,,,,,,,,,226439189,false,false,6,2016-04-01,2016-09-30,-1
2017-10-31,74590,2018-03-31,,3116000000000,0.000,,,,,43500000000,0.024,57000000000,0.018,,33500000000,,148.45,,,,,,,,,,,,,,,,,,,,,,true,true,12,2017-04-01,2018-03-31,0
2017-10-31,74590,2017-03-31,,3063900000000,,,,,,39650000000,,53360000000,,,29011000000,,128.12,,,,,,,,,,,,,,,,,,,,,,true,false,12,2016-04-01,2017-03-31,-1
2018-02-07,74590,2018-03-31,3,2390478000000,0.026,,,,,34196000000,0.039,44105000000,0.022,,27735000000,,122.78,120.67,,,,,1693303000000,557774000000,0.278,2096.52,471532000000,,,,,,,,,,,,true,false,9,2017-04-01,2017-12-31,0
2018-02-07,74590,2017-03-31,3,2329654000000,0.016,,,,,32898000000,0.031,43147000000,0.043,,23547000000,,103.99,,,,,,,,,,,,,,,,,,,,,,true,false,9,2016-04-01,2016-12-31,-1
2018-02-07,74590,2018-03-31,3,3116000000000,0.017,,,,,43500000000,0.097,57000000000,0.068,,33500000000,,148.45,,,,,,,,,,,,,,,,,,,,,,true,true,12,2017-04-01,2018-03-31,0
2018-02-07,74590,2017-03-31,3,,,,,,,,,,,,,,,,,,,,1525912000000,521165000000,0.289,1950.25,441611000000,,,,,,,,,,,,true,false,12,2016-04-01,2017-03-31,-1
2018-02-07,74590,2017-03-31,3,,,,,,,,,,,,,,,,,,,,,,,,,,,,,31.00,,,,244524496,18086104,,false,false,12,2016-04-01,2017-03-31,-1
2018-02-07,74590,2018-03-31,3,,,,,,,,,,,,,,,,,,,,,,,,,,,,,16.00,,,,,,,false,false,12,2017-04-01,2018-03-31,0
2018-02-07,74590,2018-03-31,3,,,,,,,,,,,,,,,,,,,,,,,,,,,,,32.00,,,,,,,false,true,12,2017-04-01,2018-03-31,0
2018-02-07,74590,2018-03-31,3,,,,,,,,,,,,,,,,,,,,,,,,,,,,,,,,,244524496,19612788,225905373,false,false,9,2017-04-01,2017-12-31,0
2018-02-07,74590,2017-03-31,3,,,,,,,,,,,,,,,,,,,,,,,,,,,,,,,,,,,226439138,false,false,9,2016-04-01,2016-12-31,-1
,74590,2018-03-31,,,,,,,,,,,,,,,,,,,,,,,,,,,,,,34.00,,,,,,,false,true,12,2017-04-01,2018-03-31,0
,74590,2018-03-31,,,,,,,,,,,,,,,,,,,,,,,,,,,,,,16.00,,,,,,,false,false,12,2017-04-01,2018-03-31,0
,74590,2017-03-31,,,,,,,,,,,,,,,,,,,,,,,,,,,,,,31.00,,,,,,,false,false,12,2016-04-01,2017-03-31,-1
2018-05-14,74590,2018-03-31,,3146314000000,0.027,,,,,44260000000,0.116,57349000000,0.075,,34780000000,,154.13,149.91,0.075,0.036,0.014,,1621573000000,572656000000,0.299,2154.93,484667000000,63558000000,-43064000000,15845000000,220563000000,,0.221,,,,,,true,false,12,2017-04-01,2018-03-31,0
2018-05-14,74590,2017-03-31,,3063900000000,0.012,,,,,39650000000,-0.062,53360000000,-0.032,,29011000000,,128.12,,0.068,0.035,0.013,,1525912000000,521165000000,0.289,1950.25,441611000000,47954000000,-11354000000,-17663000000,182561000000,,0.242,,,,,,true,false,12,2016-04-01,2017-03-31,-1
2018-05-14,74590,2019-03-31,,1570000000000,0.006,,,,,21500000000,0.094,27500000000,0.066,,14400000000,,64.03,,,,,,,,,,,,,,,,,,,,,,true,true,6,2018-04-01,2018-09-30,1
2018-05-14,74590,2019-03-31,,3156000000000,0.003,,,,,46000000000,0.039,60000000000,0.046,,32000000000,,142.28,,,,,,,,,,,,,,,,0.253,,,,,,true,true,12,2018-04-01,2019-03-31,1
2018-05-14,74590,2018-03-31,,24775000000,0.510,,,,,12639000000,0.089,15239000000,0.141,26126000000,,1.037,115.78,112.58,,,,,353253000000,292581000000,0.828,1300.88,292581000000,,,,,34.00,,,,244524496,19613084,225660325,false,false,12,2017-04-01,2018-03-31,0
2018-05-14,74590,2017-03-31,,16402000000,0.190,,,,,11601000000,0.147,13350000000,0.135,12824000000,,0.057,56.64,,,,,,289638000000,261853000000,0.904,1156.40,261853000000,,,,,31.00,,,,244524496,18086104,226439031,false,false,12,2016-04-01,2017-03-31,-1
2018-05-14,74590,2019-03-31,,,,,,,,,,,,,,,,,,,,,,,,,,,,,,36.00,,,,,,,false,true,12,2018-04-01,2019-03-31,1
2018-07-31,74590,2019-03-31,1,803243000000,0.029,,,,,11572000000,0.336,14499000000,0.218,,8112000000,,36.13,34.04,,,,,1647131000000,575599000000,0.294,2177.48,484415000000,,,,,,,,,,,,true,false,3,2018-04-01,2018-06-30,0
2018-07-31,74590,2018-03-31,1,780341000000,0.011,,,,,8661000000,-0.256,11908000000,-0.204,,5726000000,,25.29,,,,,,,,,,,,,,,,,,,,,,true,false,3,2017-04-01,2017-06-30,-1
2018-07-31,74590,2019-03-31,1,1570000000000,0.006,,,,,21500000000,0.094,27500000000,0.066,,14400000000,,64.43,,,,,,,,,,,,,,,,,,,,,,true,true,6,2018-04-01,2018-09-30,0
2018-07-31,74590,2019-03-31,1,3156000000000,0.003,,,,,46000000000,0.039,60000000000,0.046,,32000000000,,143.51,,,,,,,,,,,,,,,,,,,,,,true,true,12,2018-04-01,2019-03-31,0
2018-07-31,74590,2018-03-31,1,,,,,,,,,,,,,,,,,,,,1618819000000,572656000000,0.299,2154.93,484667000000,,,,,,,,,,,,true,false,12,2017-04-01,2018-03-31,-1
2018-07-31,74590,2018-03-31,1,,,,,,,,,,,,,,,,,,,,,,,,,,,,,34.00,,,,244524496,19613084,,false,false,12,2017-04-01,2018-03-31,-1
2018-07-31,74590,2019-03-31,1,,,,,,,,,,,,,,,,,,,,,,,,,,,,,36.00,,,,,,,false,true,12,2018-04-01,2019-03-31,0
2018-07-31,74590,2019-03-31,1,,,,,,,,,,,,,,,,,,,,,,,,,,,,,,,,,244524496,22058606,224562037,false,false,3,2018-04-01,2018-06-30,0
2018-07-31,74590,2018-03-31,1,,,,,,,,,,,,,,,,,,,,,,,,,,,,,,,,,,,226438306,false,false,3,2017-04-01,2017-06-30,-1
2018-10-31,74590,2019-03-31,2,1583279000000,0.015,,,,,23109000000,0.175,29173000000,0.131,,15483000000,,69.28,65.24,,,,,1618102000000,598346000000,0.312,2266.50,504218000000,,,,,,,,,,,,true,false,6,2018-04-01,2018-09-30,0
2018-10-31,74590,2018-03-31,2,1560249000000,0.020,,,,,19660000000,-0.056,25802000000,-0.041,,16141000000,,71.29,,,,,,,,,,,,,,,,,,,,,,true,false,6,2017-04-01,2017-09-30,-1
2018-10-31,74590,2019-03-31,2,3166000000000,0.006,,,,,47000000000,0.062,61000000000,0.064,,32300000000,,144.85,,,,,,,,,,,,,,,,,,,,,,true,true,12,2018-04-01,2019-03-31,0
2018-10-31,74590,2018-03-31,2,,,,,,,,,,,,,,,,,,,,1618819000000,572656000000,0.299,2154.93,484667000000,,,,,,,,,,,,true,false,12,2017-04-01,2018-03-31,-1
2018-10-31,74590,2018-03-31,2,,,,,,,,,,,,,,,,,,,,,,,,,,,,,34.00,,,,244524496,19613084,,false,false,12,2017-04-01,2018-03-31,-1
2018-10-31,74590,2019-03-31,2,,,,,,,,,,,,,,,,,,,,,,,,,,,,,18.00,,,,,,,false,false,12,2018-04-01,2019-03-31,0
2018-10-31,74590,2019-03-31,2,,,,,,,,,,,,,,,,,,,,,,,,,,,,,36.00,,,,,,,false,true,12,2018-04-01,2019-03-31,0
2018-10-31,74590,2019-03-31,2,,,,,,,,,,,,,,,,,,,,,,,,,,,,,,,,,244524496,22058901,223508119,false,false,6,2018-04-01,2018-09-30,0
2018-10-31,74590,2018-03-31,2,,,,,,,,,,,,,,,,,,,,,,,,,,,,,,,,,,,226404821,false,false,6,2017-04-01,2017-09-30,-1
2019-01-30,74590,2019-03-31,3,2422742000000,0.013,,,,,40287000000,0.178,50626000000,0.148,,27270000000,,122.20,115.14,,,,,1686327000000,584354000000,0.291,2203.64,490232000000,,,,,,,,,,,,true,false,9,2018-04-01,2018-12-31,0
2019-01-30,74590,2018-03-31,3,2390478000000,0.026,,,,,34196000000,0.039,44105000000,0.022,,27735000000,,122.78,120.67,,,,,,,,,,,,,,,,,,,,,true,false,9,2017-04-01,2017-12-31,-1
2019-01-30,74590,2019-03-31,3,3166000000000,0.006,,,,,47000000000,0.062,61000000000,0.064,,32300000000,,144.85,,,,,,,,,,,,,,,,,,,,,,true,true,12,2018-04-01,2019-03-31,0
2019-01-30,74590,2018-03-31,3,,,,,,,,,,,,,,,,,,,,1618819000000,572656000000,0.299,2154.93,484667000000,,,,,,,,,,,,true,false,12,2017-04-01,2018-03-31,-1
2019-01-30,74590,2018-03-31,3,,,,,,,,,,,,,,,,,,,,,,,,,,,,,34.00,,,,244524496,19613084,,false,false,12,2017-04-01,2018-03-31,-1
2019-01-30,74590,2019-03-31,3,,,,,,,,,,,,,,,,,,,,,,,,,,,,,18.00,,,,,,,false,false,12,2018-04-01,2019-03-31,0
2019-01-30,74590,2019-03-31,3,,,,,,,,,,,,,,,,,,,,,,,,,,,,,36.00,,,,,,,false,true,12,2018-04-01,2019-03-31,0
2019-01-30,74590,2019-03-31,3,,,,,,,,,,,,,,,,,,,,,,,,,,,,,,,,,244524496,22059094,223159305,false,false,9,2018-04-01,2018-12-31,0
2019-01-30,74590,2018-03-31,3,,,,,,,,,,,,,,,,,,,,,,,,,,,,,,,,,,,225905373,false,false,9,2017-04-01,2017-12-31,-1
,74590,2019-03-31,,,,,,,,,,,,,,,,,,,,,,,,,,,,,,38.00,,,,,,,false,true,12,2018-04-01,2019-03-31,0
,74590,2019-03-31,,,,,,,,,,,,,,,,,,,,,,,,,,,,,,18.00,,,,,,,false,false,12,2018-04-01,2019-03-31,0
,74590,2018-03-31,,,,,,,,,,,,,,,,,,,,,,,,,,,,,,34.00,,,,,,,false,false,12,2017-04-01,2018-03-31,-1
2019-05-15,74590,2019-03-31,,3181928000000,0.011,,,,,49827000000,0.126,63914000000,0.114,,34359000000,,154.09,145.15,0.070,0.039,0.016,,1617911000000,592848000000,0.307,2233.52,496879000000,63716000000,-23512000000,-30755000000,230011000000,,0.247,,,,,,true,false,12,2018-04-01,2019-03-31,0
2019-05-15,74590,2018-03-31,,3146314000000,0.027,,,,,44260000000,0.116,57349000000,0.075,,34780000000,,154.13,149.91,0.075,0.036,0.014,,1618819000000,572656000000,0.299,2154.93,484667000000,63558000000,-43064000000,15845000000,220563000000,,0.221,,,,,,true,false,12,2017-04-01,2018-03-31,-1
2019-05-15,74590,2020-03-31,,1638000000000,0.035,,,,,24100000000,0.043,30600000000,0.049,,14800000000,,66.53,,,,,,,,,,,,,,,,,,,,,,true,true,6,2019-04-01,2019-09-30,1
2019-05-15,74590,2020-03-31,,3242000000000,0.019,,,,,51000000000,0.024,65000000000,0.017,,35000000000,,157.33,,,,,,,,,,,,,,,,0.254,,,,,,true,true,12,2019-04-01,2020-03-31,1
2019-05-15,74590,2019-03-31,,28178000000,0.137,,,,,14664000000,0.160,16878000000,0.108,15938000000,,-0.390,71.48,67.09,,,,,344063000000,288043000000,0.837,1294.78,288043000000,,,,,38.00,,,,244524496,22059487,222988160,false,false,12,2018-04-01,2019-03-31,0
2019-05-15,74590,2018-03-31,,24775000000,0.510,,,,,12639000000,0.089,15239000000,0.141,26126000000,,1.037,115.78,112.58,,,,,352911000000,292581000000,0.829,1300.88,292581000000,,,,,34.00,,,,244524496,19613084,225660325,false,false,12,2017-04-01,2018-03-31,-1
2019-05-15,74590,2020-03-31,,,,,,,,,,,,,,,,,,,,,,,,,,,,,,40.00,,,,,,,false,true,12,2019-04-01,2020-03-31,1
2019-07-31,74590,2020-03-31,1,810928000000,0.010,,,,,12187000000,0.053,15644000000,0.079,,7869000000,,35.37,33.30,,,,,1638505000000,591088000000,0.302,2222.07,494332000000,,,,,,,,,,,,true,false,3,2019-04-01,2019-06-30,0
2019-07-31,74590,2019-03-31,1,803243000000,0.029,,,,,11572000000,0.336,14499000000,0.218,,8112000000,,36.13,34.04,,,,,,,,,,,,,,,,,,,,,true,false,3,2018-04-01,2018-06-30,-1
2019-07-31,74590,2020-03-31,1,1638000000000,0.035,,,,,24100000000,0.043,30600000000,0.049,,14800000000,,66.53,,,,,,,,,,,,,,,,,,,,,,true,true,6,2019-04-01,2019-09-30,0
2019-07-31,74590,2020-03-31,1,3242000000000,0.019,,,,,51000000000,0.024,65000000000,0.017,,38800000000,,174.41,,,,,,,,,,,,,,,,,,,,,,true,true,12,2019-04-01,2020-03-31,0
2019-07-31,74590,2019-03-31,1,,,,,,,,,,,,,,,,,,,,1617911000000,592848000000,0.307,2233.52,496879000000,,,,,,,,,,,,true,false,12,2018-04-01,2019-03-31,-1
2019-07-31,74590,2019-03-31,1,,,,,,,,,,,,,,,,,,,,,,,,,,,,,38.00,,,,244524496,22059487,,false,false,12,2018-04-01,2019-03-31,-1
2019-07-31,74590,2020-03-31,1,,,,,,,,,,,,,,,,,,,,,,,,,,,,,40.00,,,,,,,false,true,12,2019-04-01,2020-03-31,0
2019-07-31,74590,2020-03-31,1,,,,,,,,,,,,,,,,,,,,,,,,,,,,,,,,,244524496,22059745,222464875,false,false,3,2019-04-01,2019-06-30,0
2019-07-31,74590,2019-03-31,1,,,,,,,,,,,,,,,,,,,,,,,,,,,,,,,,,,,224562037,false,false,3,2018-04-01,2018-06-30,-1
2019-10-31,74590,2020-03-31,2,1654846000000,0.045,,,,,27947000000,0.209,34789000000,0.192,,16567000000,,74.63,70.27,,,,,1649707000000,578619000000,0.290,2280.21,478764000000,,,,,,,,,,,,true,false,6,2019-04-01,2019-09-30,0
2019-10-31,74590,2019-03-31,2,1583279000000,0.015,,,,,23109000000,0.175,29173000000,0.131,,15483000000,,69.28,65.24,,,,,,,,,,,,,,,,,,,,,true,false,6,2018-04-01,2018-09-30,-1
2019-10-31,74590,2020-03-31,2,3242000000000,0.019,,,,,51000000000,0.024,65000000000,0.017,,38800000000,,179.65,,,,,,,,,,,,,,,,,,,,,,true,true,12,2019-04-01,2020-03-31,0
2019-10-31,74590,2019-03-31,2,,,,,,,,,,,,,,,,,,,,1617911000000,592848000000,0.307,2233.52,496879000000,,,,,,,,,,,,true,false,12,2018-04-01,2019-03-31,-1
2019-10-31,74590,2019-03-31,2,,,,,,,,,,,,,,,,,,,,,,,,,,,,,38.00,,,,244524496,22059487,,false,false,12,2018-04-01,2019-03-31,-1
2019-10-31,74590,2020-03-31,2,,,,,,,,,,,,,,,,,,,,,,,,,,,,,20.00,,,,,,,false,false,12,2019-04-01,2020-03-31,0
2019-10-31,74590,2020-03-31,2,,,,,,,,,,,,,,,,,,,,,,,,,,,,,40.00,,,,,,,false,true,12,2019-04-01,2020-03-31,0
2019-10-31,74590,2020-03-31,2,,,,,,,,,,,,,,,,,,,,,,,,,,,,,,,,,244524496,34560016,221986606,false,false,6,2019-04-01,2019-09-30,0
2019-10-31,74590,2019-03-31,2,,,,,,,,,,,,,,,,,,,,,,,,,,,,,,,,,,,223508119,false,false,6,2018-04-01,2018-09-30,-1
2020-01-31,74590,2020-03-31,3,2483654000000,0.025,,,,,42853000000,0.064,53987000000,0.066,,27633000000,,126.78,119.28,,,,,1735543000000,600208000000,0.287,2375.05,498674000000,,,,,,,,,,,,true,false,9,2019-04-01,2019-12-31,0
2020-01-31,74590,2019-03-31,3,2422742000000,0.013,,,,,40287000000,0.178,50626000000,0.148,,27270000000,,122.20,115.14,,,,,,,,,,,,,,,,,,,,,true,false,9,2018-04-01,2018-12-31,-1
2020-01-31,74590,2020-03-31,3,3242000000000,0.019,,,,,51000000000,0.024,65000000000,0.017,,38800000000,,179.65,,,,,,,,,,,,,,,,,,,,,,true,true,12,2019-04-01,2020-03-31,0
2020-01-31,74590,2019-03-31,3,,,,,,,,,,,,,,,,,,,,1617911000000,592848000000,0.307,2233.52,496879000000,,,,,,,,,,,,true,false,12,2018-04-01,2019-03-31,-1
2020-01-31,74590,2019-03-31,3,,,,,,,,,,,,,,,,,,,,,,,,,,,,,38.00,,,,244524496,22059478,,false,false,12,2018-04-01,2019-03-31,-1
2020-01-31,74590,2020-03-31,3,,,,,,,,,,,,,,,,,,,,,,,,,,,,,20.00,,,,,,,false,false,12,2019-04-01,2020-03-31,0
2020-01-31,74590,2020-03-31,3,,,,,,,,,,,,,,,,,,,,,,,,,,,,,40.00,,,,,,,false,true,12,2019-04-01,2020-03-31,0
2020-01-31,74590,2020-03-31,3,,,,,,,,,,,,,,,,,,,,,,,,,,,,,,,,,244524496,34560419,217964598,false,false,9,2019-04-01,2019-12-31,0
2020-01-31,74590,2019-03-31,3,,,,,,,,,,,,,,,,,,,,,,,,,,,,,,,,,,,223159305,false,false,9,2018-04-01,2018-12-31,-1
,74590,2020-03-31,,,,,,,,,,,,,,,,,,,,,,,,,,,,,,41.00,,,,,,,false,true,12,2019-04-01,2020-03-31,0
,74590,2020-03-31,,,,,,,,,,,,,,,,,,,,,,,,,,,,,,20.00,,,,,,,false,false,12,2019-04-01,2020-03-31,0
,74590,2019-03-31,,,,,,,,,,,,,,,,,,,,,,,,,,,,,,38.00,,,,,,,false,false,12,2018-04-01,2019-03-31,-1
2020-05-14,74590,2020-03-31,,3253079000000,0.022,,,,,53109000000,0.066,68020000000,0.064,,37968000000,,175.80,165.33,0.076,0.042,0.016,,1644279000000,607424000000,0.304,2382.88,500319000000,56917000000,-13319000000,-49067000000,224541000000,,0.233,,,,,,true,false,12,2019-04-01,2020-03-31,0
2020-05-14,74590,2019-03-31,,3181928000000,0.011,,,,,49827000000,0.126,63914000000,0.114,,34359000000,,154.09,145.15,0.070,0.039,0.016,,1617911000000,592848000000,0.307,2233.52,496879000000,63716000000,-23512000000,-30755000000,230011000000,,0.247,,,,,,true,false,12,2018-04-01,2019-03-31,-1
2020-05-14,74590,2020-03-31,,69847000000,1.479,,,,,57068000000,2.892,59950000000,2.552,57695000000,,2.620,267.14,251.47,,,,,368505000000,311973000000,0.847,1485.84,311973000000,,,,,41.00,,,,244524496,34560549,215975379,false,false,12,2019-04-01,2020-03-31,0
2020-05-14,74590,2019-03-31,,28178000000,0.137,,,,,14664000000,0.160,16878000000,0.108,15938000000,,-0.390,71.48,67.09,,,,,344063000000,288043000000,0.837,1294.78,288043000000,,,,,38.00,,,,244524496,22059487,222988160,false,false,12,2018-04-01,2019-03-31,-1
2020-05-14,74590,2021-03-31,,,,,,,,,,,,,,,,,,,,,,,,,,,,,,42.00,,,,,,,false,true,12,2020-04-01,2021-03-31,1
2020-07-31,74590,2021-03-31,1,794164000000,-0.021,,,,,10530000000,-0.136,13593000000,-0.131,,6903000000,,32.88,30.83,,,,,1656094000000,621609000000,0.309,2440.17,512347000000,,,,,,,,,,,,true,false,3,2020-04-01,2020-06-30,0
2020-07-31,74590,2020-03-31,1,810928000000,0.010,,,,,12187000000,0.053,15644000000,0.079,,7869000000,,35.37,33.30,,,,,,,,,,,,,,,,,,,,,true,false,3,2019-04-01,2019-06-30,-1
2020-07-31,74590,2021-03-31,1,3218000000000,-0.011,,,,,43000000000,-0.190,57000000000,-0.162,,30000000000,,142.88,,,,,,,,,,,,,,,,,,,,,,true,true,12,2020-04-01,2021-03-31,0
2020-07-31,74590,2020-03-31,1,,,,,,,,,,,,,,,,,,,,1644279000000,607424000000,0.304,2382.88,500319000000,,,,,,,,,,,,true,false,12,2019-04-01,2020-03-31,-1
2020-07-31,74590,2020-03-31,1,,,,,,,,,,,,,,,,,,,,,,,,,,,,,41.00,,,,244524496,34560549,,false,false,12,2019-04-01,2020-03-31,-1
2020-07-31,74590,2021-03-31,1,,,,,,,,,,,,,,,,,,,,,,,,,,,,,42.00,,,,,,,false,true,12,2020-04-01,2021-03-31,0
2020-07-31,74590,2021-03-31,1,,,,,,,,,,,,,,,,,,,,,,,,,,,,,,,,,244524496,34560755,209963824,false,false,3,2020-04-01,2020-06-30,0
2020-07-31,74590,2020-03-31,1,,,,,,,,,,,,,,,,,,,,,,,,,,,,,,,,,,,222464875,false,false,3,2019-04-01,2019-06-30,-1
2020-10-30,74590,2021-03-31,2,1588418000000,-0.040,,,,,18002000000,-0.356,23987000000,-0.310,,11928000000,,56.81,53.24,,,,,1651769000000,633014000000,0.315,2480.24,520759000000,,,,,,,,,,,,true,false,6,2020-04-01,2020-09-30,0
2020-10-30,74590,2020-03-31,2,1654846000000,0.045,,,,,27947000000,0.209,34789000000,0.192,,16567000000,,74.63,70.27,,,,,,,,,,,,,,,,,,,,,true,false,6,2019-04-01,2019-09-30,-1
2020-10-30,74590,2021-03-31,2,3207000000000,-0.014,,,,,32000000000,-0.397,46000000000,-0.324,,22800000000,,108.59,,,,,,,,,,,,,,,,,,,,,,true,true,12,2020-04-01,2021-03-31,0
2020-10-30,74590,2020-03-31,2,,,,,,,,,,,,,,,,,,,,1644279000000,607424000000,0.304,2382.88,500319000000,,,,,,,,,,,,true,false,12,2019-04-01,2020-03-31,-1
2020-10-30,74590,2020-03-31,2,,,,,,,,,,,,,,,,,,,,,,,,,,,,,41.00,,,,244524496,34560549,,false,false,12,2019-04-01,2020-03-31,-1
2020-10-30,74590,2021-03-31,2,,,,,,,,,,,,,,,,,,,,,,,,,,,,,21.00,,,,,,,false,false,12,2020-04-01,2021-03-31,0
2020-10-30,74590,2021-03-31,2,,,,,,,,,,,,,,,,,,,,,,,,,,,,,42.00,,,,,,,false,true,12,2020-04-01,2021-03-31,0
2020-10-30,74590,2021-03-31,2,,,,,,,,,,,,,,,,,,,,,,,,,,,,,,,,,244524496,34560967,209963721,false,false,6,2020-04-01,2020-09-30,0
2020-10-30,74590,2020-03-31,2,,,,,,,,,,,,,,,,,,,,,,,,,,,,,,,,,,,221986606,false,false,6,2019-04-01,2019-09-30,-1
2020-10-30,74590,2021-03-31,,3207000000000,-0.003,,,,,32000000000,-0.256,46000000000,-0.193,,22800000000,,108.59,,,,,,,,,,,,,,,,,,,,,,true,true,12,2020-04-01,2021-03-31,0
2020-10-30,74590,2020-03-31,,3253079000000,,,,,,53109000000,,68020000000,,,37968000000,,175.80,,,,,,,,,,,,,,,,,,,,,,true,false,12,2019-04-01,2020-03-31,-1
2021-01-29,74590,2021-03-31,3,2438812000000,-0.018,,,,,29448000000,-0.313,39725000000,-0.264,,16347000000,,77.86,72.94,,,,,1744345000000,629172000000,0.295,2453.79,515205000000,,,,,,,,,,,,true,false,9,2020-04-01,2020-12-31,0
2021-01-29,74590,2020-03-31,3,2483654000000,0.025,,,,,42853000000,0.064,53987000000,0.066,,27633000000,,126.78,119.28,,,,,,,,,,,,,,,,,,,,,true,false,9,2019-04-01,2019-12-31,-1
2021-01-29,74590,2021-03-31,3,3207000000000,-0.014,,,,,32000000000,-0.397,46000000000,-0.324,,22800000000,,108.59,,,,,,,,,,,,,,,,,,,,,,true,true,12,2020-04-01,2021-03-31,0
2021-01-29,74590,2020-03-31,3,,,,,,,,,,,,,,,,,,,,1644279000000,607424000000,0.304,2382.88,500319000000,,,,,,,,,,,,true,false,12,2019-04-01,2020-03-31,-1
2021-01-29,74590,2020-03-31,3,,,,,,,,,,,,,,,,,,,,,,,,,,,,,41.00,,,,244524496,34560549,,false,false,12,2019-04-01,2020-03-31,-1
2021-01-29,74590,2021-03-31,3,,,,,,,,,,,,,,,,,,,,,,,,,,,,,21.00,,,,,,,false,false,12,2020-04-01,2021-03-31,0
2021-01-29,74590,2021-03-31,3,,,,,,,,,,,,,,,,,,,,,,,,,,,,,42.00,,,,,,,false,true,12,2020-04-01,2021-03-31,0
2021-01-29,74590,2021-03-31,3,,,,,,,,,,,,,,,,,,,,,,,,,,,,,,,,,244524496,34561374,209963613,false,false,9,2020-04-01,2020-12-31,0
2021-01-29,74590,2020-03-31,3,,,,,,,,,,,,,,,,,,,,,,,,,,,,,,,,,,,217964598,false,false,9,2019-04-01,2019-12-31,-1
2021-05-13,74590,2021-03-31,,3211125000000,-0.013,,,,,38576000000,-0.274,52968000000,-0.221,,23926000000,,113.96,106.80,0.047,0.032,0.012,,1679934000000,638933000000,0.311,2490.98,523014000000,34448000000,-2939000000,-16003000000,240047000000,,0.369,,,,,,true,false,12,2020-04-01,2021-03-31,0
2021-05-13,74590,2020-03-31,,3253079000000,0.022,,,,,53109000000,0.066,68020000000,0.064,,37968000000,,175.80,165.33,0.076,0.042,0.016,,1644279000000,607424000000,0.304,2382.88,500319000000,56917000000,-13319000000,-49067000000,224541000000,,0.233,,,,,,true,false,12,2019-04-01,2020-03-31,-1
2021-05-13,74590,2022-03-31,,3229000000000,,,,,,43000000000,,58000000000,,,29200000000,,139.07,,,,,,,,,,,,,,,,0.302,,,,,,true,true,12,2021-04-01,2022-03-31,1
2021-05-13,74590,2021-03-31,,28257000000,-0.595,,,,,15745000000,-0.724,19012000000,-0.683,20733000000,,-0.641,98.75,92.49,,,,,386688000000,327409000000,0.847,1559.37,327409000000,,,,,42.00,,,,244524496,34561592,209963460,false,false,12,2020-04-01,2021-03-31,0
2021-05-13,74590,2020-03-31,,69847000000,1.479,,,,,57068000000,2.892,59950000000,2.552,57695000000,,2.620,267.14,251.47,,,,,368505000000,311973000000,0.847,1485.84,311973000000,,,,,41.00,,,,244524496,34560549,215975379,false,false,12,2019-04-01,2020-03-31,-1
2021-05-13,74590,2022-03-31,,,,,,,,,,,,,,,,,,,,,,,,,,,,,,42.00,,,,,,,false,true,12,2021-04-01,2022-03-31,1
2021-07-30,74590,2022-03-31,1,824877000000,,,,,,13282000000,,17362000000,,,9445000000,,44.99,42.22,,,,,1697649000000,645530000000,0.311,2517.51,528583000000,,,,,,,,,,,,true,false,3,2021-04-01,2021-06-30,0
2021-07-30,74590,2021-03-31,1,794164000000,-0.021,,,,,10530000000,-0.136,13593000000,-0.131,,6903000000,,32.88,30.83,,,,,,,,,,,,,,,,,,,,,true,false,3,2020-04-01,2020-06-30,-1
2021-07-30,74590,2022-03-31,1,3229000000000,,,,,,43000000000,,58000000000,,,29200000000,,139.07,,,,,,,,,,,,,,,,,,,,,,true,true,12,2021-04-01,2022-03-31,0
2021-07-30,74590,2021-03-31,1,,,,,,,,,,,,,,,,,,,,1679934000000,638933000000,0.311,2490.98,523014000000,,,,,,,,,,,,true,false,12,2020-04-01,2021-03-31,-1
2021-07-30,74590,2021-03-31,1,,,,,,,,,,,,,,,,,,,,,,,,,,,,,42.00,,,,244524496,34561592,,false,false,12,2020-04-01,2021-03-31,-1
2021-07-30,74590,2022-03-31,1,,,,,,,,,,,,,,,,,,,,,,,,,,,,,42.00,,,,,,,false,true,12,2021-04-01,2022-03-31,0
2021-07-30,74590,2022-03-31,1,,,,,,,,,,,,,,,,,,,,,,,,,,,,,,,,,244524496,34561747,209962850,false,false,3,2021-04-01,2021-06-30,0
2021-07-30,74590,2021-03-31,1,,,,,,,,,,,,,,,,,,,,,,,,,,,,,,,,,,,209963824,false,false,3,2020-04-01,2020-06-30,-1
2021-10-29,7459,2022-03-31,2,1643244000000,,,,,,24278000000,,33558000000,,,18525000000,,88.23,82.79,,,,,1724150000000,657219000000,0.312,2560.32,537571000000,,,,,,,,,,,,true,false,6,2021-04-01,2021-09-30,0
2021-10-29,7459,2021-03-31,2,1588418000000,-0.040,,,,,18002000000,-0.356,23987000000,-0.310,,11928000000,,56.81,53.24,,,,,,,,,,,,,,,,,,,,,true,false,6,2020-04-01,2020-09-30,-1
2021-10-29,7459,2022-03-31,2,3229000000000,,,,,,43000000000,,58000000000,,,29200000000,,139.07,,,,,,,,,,,,,,,,,,,,,,true,true,12,2021-04-01,2022-03-31,0
2021-10-29,7459,2021-03-31,2,,,,,,,,,,,,,,,,,,,,1679934000000,638933000000,0.311,2490.98,523014000000,,,,,,,,,,,,true,false,12,2020-04-01,2021-03-31,-1
2021-10-29,7459,2021-03-31,2,,,,,,,,,,,,,,,,,,,,,,,,,,,,,42.00,,,,244524496,34561592,,false,false,12,2020-04-01,2021-03-31,-1
2021-10-29,7459,2022-03-31,2,,,,,,,,,,,,,,,,,,,,,,,,,,,,,21.00,,,,,,,false,false,12,2021-04-01,2022-03-31,0
2021-10-29,7459,2022-03-31,2,,,,,,,,,,,,,,,,,,,,,,,,,,,,,42.00,,,,,,,false,true,12,2021-04-01,2022-03-31,0
2021-10-29,7459,2022-03-31,2,,,,,,,,,,,,,,,,,,,,,,,,,,,,,,,,,244524496,34561916,209962768,false,false,6,2021-04-01,2021-09-30,0
2021-10-29,7459,2021-03-31,2,,,,,,,,,,,,,,,,,,,,,,,,,,,,,,,,,,,209963721,false,false,6,2020-04-01,2020-09-30,-1
2022-02-01,7459,2022-03-31,3,2507270000000,,,,,,37031000000,,51841000000,,,28832000000,,137.32,128.87,,,,,1778449000000,649487000000,0.299,2535.87,532436000000,,,,,,,,,,,,true,false,9,2021-04-01,2021-12-31,0
2022-02-01,7459,2021-03-31,3,2438812000000,-0.018,,,,,29448000000,-0.313,39725000000,-0.264,,16347000000,,77.86,72.94,,,,,,,,,,,,,,,,,,,,,true,false,9,2020-04-01,2020-12-31,-1
2022-02-01,7459,2022-03-31,3,3229000000000,,,,,,43000000000,,58000000000,,,29200000000,,139.07,,,,,,,,,,,,,,,,,,,,,,true,true,12,2021-04-01,2022-03-31,0
2022-02-01,7459,2021-03-31,3,,,,,,,,,,,,,,,,,,,,1679934000000,638933000000,0.311,2490.98,523014000000,,,,,,,,,,,,true,false,12,2020-04-01,2021-03-31,-1
2022-02-01,7459,2021-03-31,3,,,,,,,,,,,,,,,,,,,,,,,,,,,,,42.00,,,,244524496,34561592,,false,false,12,2020-04-01,2021-03-31,-1
2022-02-01,7459,2022-03-31,3,,,,,,,,,,,,,,,,,,,,,,,,,,,,,21.00,,,,,,,false,false,12,2021-04-01,2022-03-31,0
2022-02-01,7459,2022-03-31,3,,,,,,,,,,,,,,,,,,,,,,,,,,,,,42.00,,,,,,,false,true,12,2021-04-01,2022-03-31,0
2022-02-01,7459,2022-03-31,3,,,,,,,,,,,,,,,,,,,,,,,,,,,,,,,,,244524496,34562072,209962669,false,false,9,2021-04-01,2021-12-31,0
2022-02-01,7459,2021-03-31,3,,,,,,,,,,,,,,,,,,,,,,,,,,,,,,,,,,,209963613,false,false,9,2020-04-01,2020-12-31,-1
,74590,2022-03-31,,,,,,,,,,,,,,,,,,,,,,,,,,,,,,44.00,,,,,,,false,true,12,2021-04-01,2022-03-31,0
,74590,2022-03-31,,,,,,,,,,,,,,,,,,,,,,,,,,,,,,21.00,,,,,,,false,false,12,2021-04-01,2022-03-31,0
,74590,2021-03-31,,,,,,,,,,,,,,,,,,,,,,,,,,,,,,42.00,,,,,,,false,false,12,2020-04-01,2021-03-31,-1
2022-05-13,7459,2022-03-31,,3290921000000,,,,,,45624000000,,62046000000,,,29423000000,,140.14,131.41,0.056,0.037,0.014,,1709474000000,649089000000,0.310,2525.72,530305000000,61216000000,-24343000000,-16471000000,260450000000,,0.314,,,,,,true,false,12,2021-04-01,2022-03-31,0
2022-05-13,7459,2021-03-31,,3211125000000,-0.013,,,,,38576000000,-0.274,52968000000,-0.221,,23926000000,,113.96,106.80,0.047,0.032,0.012,,1679934000000,638933000000,0.311,2490.98,523014000000,34448000000,-2939000000,-16003000000,240047000000,,0.369,,,,,,true,false,12,2020-04-01,2021-03-31,-1
2022-05-13,7459,2023-03-31,,1676000000000,0.020,,,,,24600000000,0.013,32800000000,-0.023,,17300000000,,82.40,,,,,,,,,,,,,,,,,,,,,,true,true,6,2022-04-01,2022-09-30,1
2022-05-13,7459,2023-03-31,,3333000000000,0.013,,,,,46500000000,0.019,63300000000,0.020,,33500000000,,159.55,,,,,,,,,,,,,,,,0.288,,,,,,true,true,12,2022-04-01,2023-03-31,1
2022-05-13,7459,2022-03-31,,26628000000,-0.058,,,,,15942000000,0.013,18903000000,-0.006,12805000000,,-0.382,60.99,56.93,,,,,373565000000,320957000000,0.859,1528.64,320957000000,,,,,44.00,,,,244524496,34562130,209962610,false,false,12,2021-04-01,2022-03-31,0
2022-05-13,7459,2021-03-31,,28257000000,-0.595,,,,,15745000000,-0.724,19012000000,-0.683,20733000000,,-0.641,98.75,92.49,,,,,386688000000,327409000000,0.847,1559.37,327409000000,,,,,42.00,,,,244524496,34561592,209963460,false,false,12,2020-04-01,2021-03-31,-1
2022-05-13,7459,2023-03-31,,,,,,,,,,,,,,,,,,,,,,,,,,,,,,46.00,,,,,,,false,true,12,2022-04-01,2023-03-31,1
2022-07-29,7459,2023-03-31,1,838328000000,0.016,,,,,13516000000,0.018,17586000000,0.013,,8270000000,,39.39,36.94,,,,,1717354000000,659040000000,0.314,2566.73,538917000000,,,,,,,,,,,,true,false,3,2022-04-01,2022-06-30,0
2022-07-29,7459,2022-03-31,1,824877000000,,,,,,13282000000,,17362000000,,,9445000000,,44.99,42.22,,,,,,,,,,,,,,,,,,,,,true,false,3,2021-04-01,2021-06-30,-1
2022-07-29,7459,2023-03-31,1,1676000000000,0.020,,,,,24600000000,0.013,32800000000,-0.023,,17300000000,,82.40,,,,,,,,,,,,,,,,,,,,,,true,true,6,2022-04-01,2022-09-30,0
2022-07-29,7459,2023-03-31,1,3333000000000,0.013,,,,,46500000000,0.019,63300000000,0.020,,33500000000,,159.55,,,,,,,,,,,,,,,,,,,,,,true,true,12,2022-04-01,2023-03-31,0
2022-07-29,7459,2022-03-31,1,,,,,,,,,,,,,,,,,,,,1709474000000,649089000000,0.310,2525.72,530305000000,,,,,,,,,,,,true,false,12,2021-04-01,2022-03-31,-1
2022-07-29,7459,2022-03-31,1,,,,,,,,,,,,,,,,,,,,,,,,,,,,,44.00,,,,244524496,34562130,,false,false,12,2021-04-01,2022-03-31,-1
2022-07-29,7459,2023-03-31,1,,,,,,,,,,,,,,,,,,,,,,,,,,,,,46.00,,,,,,,false,true,12,2022-04-01,2023-03-31,0
2022-07-29,7459,2023-03-31,1,,,,,,,,,,,,,,,,,,,,,,,,,,,,,,,,,244524496,34562223,209962316,false,false,3,2022-04-01,2022-06-30,0
2022-07-29,7459,2022-03-31,1,,,,,,,,,,,,,,,,,,,,,,,,,,,,,,,,,,,209962850,false,false,3,2021-04-01,2021-06-30,-1
2022-10-31,7459,2023-03-31,2,1685396000000,0.026,,,,,25543000000,0.052,33261000000,-0.009,,17324000000,,82.51,77.56,,,,,1735280000000,674745000000,0.318,2628.87,551963000000,,,,,,,,,,,,true,false,6,2022-04-01,2022-09-30,0
2022-10-31,7459,2022-03-31,2,1643244000000,,,,,,24278000000,,33558000000,,,18525000000,,88.23,82.79,,,,,,,,,,,,,,,,,,,,,true,false,6,2021-04-01,2021-09-30,-1
2022-10-31,7459,2023-03-31,2,3333000000000,0.013,,,,,46500000000,0.019,63300000000,0.020,,33500000000,,159.55,,,,,,,,,,,,,,,,,,,,,,true,true,12,2022-04-01,2023-03-31,0
2022-10-31,7459,2022-03-31,2,,,,,,,,,,,,,,,,,,,,1709474000000,649089000000,0.310,2525.72,530305000000,,,,,,,,,,,,true,false,12,2021-04-01,2022-03-31,-1
2022-10-31,7459,2022-03-31,2,,,,,,,,,,,,,,,,,,,,,,,,,,,,,44.00,,,,244524496,34562130,,false,false,12,2021-04-01,2022-03-31,-1
2022-10-31,7459,2023-03-31,2,,,,,,,,,,,,,,,,,,,,,,,,,,,,,23.00,,,,,,,false,false,12,2022-04-01,2023-03-31,0
2022-10-31,7459,2023-03-31,2,,,,,,,,,,,,,,,,,,,,,,,,,,,,,46.00,,,,,,,false,true,12,2022-04-01,2023-03-31,0
2022-10-31,7459,2023-03-31,2,,,,,,,,,,,,,,,,,,,,,,,,,,,,,,,,,244524496,34562421,209962250,false,false,6,2022-04-01,2022-09-30,0
2022-10-31,7459,2022-03-31,2,,,,,,,,,,,,,,,,,,,,,,,,,,,,,,,,,,,209962768,false,false,6,2021-04-01,2021-09-30,-1
2023-02-01,7459,2023-03-31,3,2567418000000,0.024,,,,,37531000000,0.014,49908000000,-0.037,,29848000000,,142.16,136.40,,,,,1807375000000,677957000000,0.306,2636.25,553512000000,,,,,,,,,,,,true,false,9,2022-04-01,2022-12-31,0
2023-02-01,7459,2022-03-31,3,2507270000000,,,,,,37031000000,,51841000000,,,28832000000,,137.32,128.87,,,,,,,,,,,,,,,,,,,,,true,false,9,2021-04-01,2021-12-31,-1
2023-02-01,7459,2023-03-31,3,3333000000000,0.013,,,,,46500000000,0.019,63300000000,0.020,,33500000000,,159.55,,,,,,,,,,,,,,,,,,,,,,true,true,12,2022-04-01,2023-03-31,0
2023-02-01,7459,2022-03-31,3,,,,,,,,,,,,,,,,,,,,1709474000000,649089000000,0.310,2525.72,530305000000,,,,,,,,,,,,true,false,12,2021-04-01,2022-03-31,-1
2023-02-01,7459,2022-03-31,3,,,,,,,,,,,,,,,,,,,,,,,,,,,,,44.00,,,,244524496,34562130,,false,false,12,2021-04-01,2022-03-31,-1
2023-02-01,7459,2023-03-31,3,,,,,,,,,,,,,,,,,,,,,,,,,,,,,23.00,,,,,,,false,false,12,2022-04-01,2023-03-31,0
2023-02-01,7459,2023-03-31,3,,,,,,,,,,,,,,,,,,,,,,,,,,,,,46.00,,,,,,,false,true,12,2022-04-01,2023-03-31,0
2023-02-01,7459,2023-03-31,3,,,,,,,,,,,,,,,,,,,,,,,,,,,,,,,,,244524496,34562616,209962163,false,false,9,2022-04-01,2022-12-31,0
2023-02-01,7459,2022-03-31,3,,,,,,,,,,,,,,,,,,,,,,,,,,,,,,,,,,,209962669,false,false,9,2021-04-01,2021-12-31,-1
2023-05-12,7459,2023-03-31,,3360008000000,0.021,,,,,48972000000,0.073,65122000000,0.050,,38806000000,,184.82,179.12,0.071,0.038,0.015,,1703871000000,688055000000,0.329,2673.62,561357000000,16146000000,-39494000000,-43541000000,193561000000,,0.249,,,,,,true,false,12,2022-04-01,2023-03-31,0
2023-05-12,7459,2022-03-31,,3290921000000,,,,,,45624000000,,62046000000,,,29423000000,,140.14,131.41,0.056,0.037,0.014,,1709474000000,649089000000,0.310,2525.72,530305000000,61216000000,-24343000000,-16471000000,260450000000,,0.314,,,,,,true,false,12,2021-04-01,2022-03-31,-1
2023-05-12,7459,2024-03-31,,3510000000000,0.045,,,,,49000000000,0.001,65200000000,0.001,,35200000000,,171.73,,,,,,,,,,,,,,,,0.349,,,,,,true,true,12,2023-04-01,2024-03-31,1
2023-05-12,7459,2023-03-31,,33008000000,0.240,,,,,16345000000,0.025,18211000000,-0.037,21430000000,,0.674,102.07,98.81,,,,,355375000000,333618000000,0.939,1588.95,333618000000,,,,,46.00,,,,225463242,15501487,209962069,false,false,12,2022-04-01,2023-03-31,0
2023-05-12,7459,2022-03-31,,26628000000,-0.058,,,,,15942000000,0.013,18903000000,-0.006,12805000000,,-0.382,60.99,56.93,,,,,373565000000,320957000000,0.859,1528.64,320957000000,,,,,44.00,,,,244524496,34562130,209962610,false,false,12,2021-04-01,2022-03-31,-1
2023-05-12,7459,2024-03-31,,,,,,,,,,,,,,,,,,,,,,,,,,,,,,60.00,,,,,,,false,true,12,2023-04-01,2024-03-31,1
2023-08-02,7459,2024-03-31,1,886737000000,0.058,,,,,12401000000,-0.083,16676000000,-0.052,,11188000000,,52.32,,,,,,1779472000000,710087000000,0.327,2725.69,581276000000,,,,,,,,,,,,true,false,3,2023-04-01,2023-06-30,0
2023-08-02,7459,2023-03-31,1,838328000000,0.016,,,,,13516000000,0.018,17586000000,0.013,,8270000000,,39.39,36.94,,,,,,,,,,,,,,,,,,,,,true,false,3,2022-04-01,2022-06-30,-1
2023-08-02,7459,2024-03-31,1,3510000000000,0.045,,,,,49000000000,0.001,65200000000,0.001,,35200000000,,171.73,,,,,,,,,,,,,,,,,,,,,,true,true,12,2023-04-01,2024-03-31,0
2023-08-02,7459,2023-03-31,1,,,,,,,,,,,,,,,,,,,,1709658000000,688055000000,0.328,2673.62,561357000000,,,,,,,,,,,,true,false,12,2022-04-01,2023-03-31,-1
2023-08-02,7459,2023-03-31,1,,,,,,,,,,,,,,,,,,,,,,,,,,,,,46.00,,,,225463242,15501487,,false,false,12,2022-04-01,2023-03-31,-1
2023-08-02,7459,2024-03-31,1,,,,,,,,,,,,,,,,,,,,,,,,,,,,,60.00,,,,,,,false,true,12,2023-04-01,2024-03-31,0
2023-08-02,7459,2024-03-31,1,,,,,,,,,,,,,,,,,,,,,,,,,,,,,,,,,225463242,12204559,213835767,false,false,3,2023-04-01,2023-06-30,0
2023-08-02,7459,2023-03-31,1,,,,,,,,,,,,,,,,,,,,,,,,,,,,,,,,,,,209962316,false,false,3,2022-04-01,2022-06-30,-1
2023-11-02,7459,2024-03-31,2,1778989000000,0.056,,,,,20631000000,-0.192,29299000000,-0.119,,17154000000,,80.48,,,,,,1815781000000,714616000000,0.321,2753.69,582943000000,,,,,,,,,,,,true,false,6,2023-04-01,2023-09-30,0
2023-11-02,7459,2023-03-31,2,1685396000000,0.026,,,,,25543000000,0.052,33261000000,-0.009,,17324000000,,82.51,77.56,,,,,,,,,,,,,,,,,,,,,true,false,6,2022-04-01,2022-09-30,-1
2023-11-02,7459,2024-03-31,2,3510000000000,0.045,,,,,49000000000,0.001,65200000000,0.001,,35200000000,,171.73,,,,,,,,,,,,,,,,,,,,,,true,true,12,2023-04-01,2024-03-31,0
2023-11-02,7459,2023-03-31,2,,,,,,,,,,,,,,,,,,,,1709658000000,688055000000,0.328,2673.62,561357000000,,,,,,,,,,,,true,false,12,2022-04-01,2023-03-31,-1
2023-11-02,7459,2023-03-31,2,,,,,,,,,,,,,,,,,,,,,,,,,,,,,46.00,,,,225463242,15501487,,false,false,12,2022-04-01,2023-03-31,-1
2023-11-02,7459,2024-03-31,2,,,,,,,,,,,,,,,,,,,,,,,,,,,,,30.00,,,,,,,false,false,12,2023-04-01,2024-03-31,0
2023-11-02,7459,2024-03-31,2,,,,,,,,,,,,,,,,,,,,,,,,,,,,,60.00,,,,,,,false,true,12,2023-04-01,2024-03-31,0
2023-11-02,7459,2024-03-31,2,,,,,,,,,,,,,,,,,,,,,,,,,,,,,,,,,225463242,13768125,213140703,false,false,6,2023-04-01,2023-09-30,0
2023-11-02,7459,2023-03-31,2,,,,,,,,,,,,,,,,,,,,,,,,,,,,,,,,,,,209962250,false,false,6,2022-04-01,2022-09-30,-1
2024-02-05,7459,2024-03-31,3,2714915000000,0.057,,,,,37215000000,-0.008,50240000000,0.007,,28286000000,,133.19,,,,,,1873726000000,712572000000,0.310,2761.44,579950000000,,,,,,,,,,,,true,false,9,2023-04-01,2023-12-31,0
2024-02-05,7459,2023-03-31,3,2567418000000,0.024,,,,,37531000000,0.014,49908000000,-0.037,,29848000000,,142.16,136.40,,,,,,,,,,,,,,,,,,,,,true,false,9,2022-04-01,2022-12-31,-1
2024-02-05,7459,2024-03-31,3,3510000000000,0.045,,,,,49000000000,0.001,65200000000,0.001,,35200000000,,166.21,,,,,,,,,,,,,,,,,,,,,,true,true,12,2023-04-01,2024-03-31,0
2024-02-05,7459,2023-03-31,3,,,,,,,,,,,,,,,,,,,,1709658000000,688055000000,0.328,2673.62,561357000000,,,,,,,,,,,,true,false,12,2022-04-01,2023-03-31,-1
2024-02-05,7459,2023-03-31,3,,,,,,,,,,,,,,,,,,,,,,,,,,,,,46.00,,,,225463242,15501487,,false,false,12,2022-04-01,2023-03-31,-1
2024-02-05,7459,2024-03-31,3,,,,,,,,,,,,,,,,,,,,,,,,,,,,,30.00,,,,,,,false,false,12,2023-04-01,2024-03-31,0
2024-02-05,7459,2024-03-31,3,,,,,,,,,,,,,,,,,,,,,,,,,,,,,60.00,,,,,,,false,true,12,2023-04-01,2024-03-31,0
2024-02-05,7459,2024-03-31,3,,,,,,,,,,,,,,,,,,,,,,,,,,,,,,,,,221291342,11274043,212369552,false,false,9,2023-04-01,2023-12-31,0
2024-02-05,7459,2023-03-31,3,,,,,,,,,,,,,,,,,,,,,,,,,,,,,,,,,,,209962163,false,false,9,2022-04-01,2022-12-31,-1
2024-05-14,7459,2024-03-31,,3558732000000,0.059,,,,,47330000000,-0.034,64570000000,-0.008,,41474000000,,195.83,,0.071,0.037,0.013,,1799127000000,736612000000,0.334,2858.57,600349000000,61843000000,-7817000000,-25248000000,228084000000,,0.306,,,,,,true,false,12,2023-04-01,2024-03-31,0
2024-05-14,7459,2023-03-31,,3360008000000,0.021,,,,,48972000000,0.073,65122000000,0.050,,38806000000,,184.82,179.12,0.071,0.038,0.015,,1709658000000,688055000000,0.328,2673.62,561357000000,16146000000,-39494000000,-43541000000,193561000000,,0.249,,,,,,true,false,12,2022-04-01,2023-03-31,-1
2024-05-14,7459,2025-03-31,,3660000000000,0.028,,,,,50000000000,0.056,66000000000,0.022,,33500000000,,160.87,,,,,,,,,,,,,,,,0.373,,,,,,true,true,12,2024-04-01,2025-03-31,1
2024-05-14,7459,2024-03-31,,30306000000,-0.082,,,,,12859000000,-0.213,14078000000,-0.227,21083000000,,-0.016,99.55,,,,,,368181000000,345731000000,0.939,1646.21,345731000000,,,,,60.00,,,,221291342,11274274,211784677,false,false,12,2023-04-01,2024-03-31,0
2024-05-14,7459,2023-03-31,,33008000000,0.240,,,,,16345000000,0.025,18211000000,-0.037,21430000000,,0.674,102.07,98.81,,,,,355375000000,333618000000,0.939,1588.95,333618000000,,,,,46.00,,,,225463242,15501487,209962069,false,false,12,2022-04-01,2023-03-31,-1
2024-05-14,7459,2025-03-31,,,,,,,,,,,,,,,,,,,,,,,,,,,,,,60.00,,,,,,,false,true,12,2024-04-01,2025-03-31,1
2024-08-01,7459,2025-03-31,1,909317000000,0.025,,,,,13283000000,0.071,16916000000,0.014,,9008000000,,42.96,,,,,,1814497000000,741635000000,0.333,2890.24,604141000000,,,,,,,,,,,,true,false,3,2024-04-01,2024-06-30,0
2024-08-01,7459,2024-03-31,1,886737000000,0.058,,,,,12401000000,-0.083,16676000000,-0.052,,11188000000,,52.32,,,,,,,,,,,,,,,,,,,,,,true,false,3,2023-04-01,2023-06-30,-1
2024-08-01,7459,2025-03-31,1,3660000000000,0.028,,,,,50000000000,0.056,66000000000,0.022,,33500000000,,160.87,,,,,,,,,,,,,,,,,,,,,,true,true,12,2024-04-01,2025-03-31,0
2024-08-01,7459,2024-03-31,1,,,,,,,,,,,,,,,,,,,,1799127000000,736612000000,0.334,2858.57,600349000000,,,,,,,,,,,,true,false,12,2023-04-01,2024-03-31,-1
2024-08-01,7459,2024-03-31,1,,,,,,,,,,,,,,,,,,,,,,,,,,,,,60.00,,,,221291342,11274274,,false,false,12,2023-04-01,2024-03-31,-1
2024-08-01,7459,2025-03-31,1,,,,,,,,,,,,,,,,,,,,,,,,,,,,,60.00,,,,,,,false,true,12,2024-04-01,2025-03-31,0
2024-08-01,7459,2025-03-31,1,,,,,,,,,,,,,,,,,,,,,,,,,,,,,,,,,221291342,12263339,209722699,false,false,3,2024-04-01,2024-06-30,0
2024-08-01,7459,2024-03-31,1,,,,,,,,,,,,,,,,,,,,,,,,,,,,,,,,,,,213835767,false,false,3,2023-04-01,2023-06-30,-1
2024-11-01,7459,2025-03-31,2,1824672000000,0.026,,,,,27162000000,0.317,35080000000,0.197,,21727000000,,103.94,,,,,,1879759000000,757655000000,0.329,2973.97,618440000000,,,,,,,,,,,,true,false,6,2024-04-01,2024-09-30,0
2024-11-01,7459,2024-03-31,2,1778989000000,0.056,,,,,20631000000,-0.192,29299000000,-0.119,,17154000000,,80.48,,,,,,,,,,,,,,,,,,,,,,true,false,6,2023-04-01,2023-09-30,-1
2024-11-01,7459,2025-03-31,2,3660000000000,0.028,,,,,50000000000,0.056,66000000000,0.022,,33500000000,,160.68,,,,,,,,,,,,,,,,,,,,,,true,true,12,2024-04-01,2025-03-31,0
2024-11-01,7459,2024-03-31,2,,,,,,,,,,,,,,,,,,,,1799127000000,736612000000,0.334,2858.57,600349000000,,,,,,,,,,,,true,false,12,2023-04-01,2024-03-31,-1
2024-11-01,7459,2024-03-31,2,,,,,,,,,,,,,,,,,,,,,,,,,,,,,60.00,,,,221291342,11274274,,false,false,12,2023-04-01,2024-03-31,-1
2024-11-01,7459,2025-03-31,2,,,,,,,,,,,,,,,,,,,,,,,,,,,,,30.00,,,,,,,false,false,12,2024-04-01,2025-03-31,0
2024-11-01,7459,2025-03-31,2,,,,,,,,,,,,,,,,,,,,,,,,,,,,,60.00,,,,,,,false,true,12,2024-04-01,2025-03-31,0
2024-11-01,7459,2025-03-31,2,,,,,,,,,,,,,,,,,,,,,,,,,,,,,,,,,219226042,11275303,209027860,false,false,6,2024-04-01,2024-09-30,0
2024-11-01,7459,2024-03-31,2,,,,,,,,,,,,,,,,,,,,,,,,,,,,,,,,,,,213140703,false,false,6,2023-04-01,2023-09-30,-1
2025-02-10,7459,2025-03-31,3,2807172000000,0.034,,,,,45372000000,0.219,56709000000,0.129,,36238000000,,173.66,,,,,,1955574000000,763769000000,0.320,3010.30,625993000000,,,,,,,,,,,,true,false,9,2024-04-01,2024-12-31,0
2025-02-10,7459,2024-03-31,3,2714915000000,0.057,,,,,37215000000,-0.008,50240000000,0.007,,28286000000,,133.19,,,,,,,,,,,,,,,,,,,,,,true,false,9,2023-04-01,2023-12-31,-1
2025-02-10,7459,2025-03-31,3,3660000000000,0.028,,,,,50000000000,0.056,66000000000,0.022,,33500000000,,160.68,,,,,,,,,,,,,,,,,,,,,,true,true,12,2024-04-01,2025-03-31,0
2025-02-10,7459,2024-03-31,3,,,,,,,,,,,,,,,,,,,,1799127000000,736612000000,0.334,2858.57,600349000000,,,,,,,,,,,,true,false,12,2023-04-01,2024-03-31,-1
2025-02-10,7459,2024-03-31,3,,,,,,,,,,,,,,,,,,,,,,,,,,,,,60.00,,,,221291342,11274274,,false,false,12,2023-04-01,2024-03-31,-1
2025-02-10,7459,2025-03-31,3,,,,,,,,,,,,,,,,,,,,,,,,,,,,,30.00,,,,,,,false,false,12,2024-04-01,2025-03-31,0
2025-02-10,7459,2025-03-31,3,,,,,,,,,,,,,,,,,,,,,,,,,,,,,60.00,,,,,,,false,true,12,2024-04-01,2025-03-31,0
2025-02-10,7459,2025-03-31,3,,,,,,,,,,,,,,,,,,,,,,,,,,,,,,,,,219226042,11275724,208667434,false,false,9,2024-04-01,2024-12-31,0
2025-02-10,7459,2024-03-31,3,,,,,,,,,,,,,,,,,,,,,,,,,,,,,,,,,,,212369552,false,false,9,2023-04-01,2023-12-31,-1
,74590,2025-03-31,,,,,,,,,,,,,,,,,,,,,,,,,,,,,,62.00,,,,,,,false,true,12,2024-04-01,2025-03-31,0
,74590,2025-03-31,,,,,,,,,,,,,,,,,,,,,,,,,,,,,,30.00,,,,,,,false,false,12,2024-04-01,2025-03-31,0
,74590,2024-03-31,,,,,,,,,,,,,,,,,,,,,,,,,,,,,,60.00,,,,,,,false,false,12,2023-04-01,2024-03-31,-1
2025-05-13,7459,2025-03-31,,3671328000000,0.032,,,,,55609000000,0.175,65255000000,0.011,,40279000000,,193.20,,0.066,0.036,0.015,,1824984000000,757947000000,0.339,2979.39,619564000000,60559000000,-3363000000,-25947000000,259337000000,,0.321,,,,,,true,false,12,2024-04-01,2025-03-31,0
2025-05-13,7459,2024-03-31,,3558732000000,0.059,,,,,47330000000,-0.034,64570000000,-0.008,,41474000000,,195.83,,0.071,0.037,0.013,,1799127000000,736612000000,0.334,2858.57,600349000000,61843000000,-7817000000,-25248000000,228084000000,,0.306,,,,,,true,false,12,2023-04-01,2024-03-31,-1
2025-05-13,7459,2026-03-31,,3785000000000,0.031,,,,,52000000000,-0.065,69000000000,0.057,,34500000000,,167.28,,,,,,,,,,,,,,,,0.383,,,,,,true,true,12,2025-04-01,2026-03-31,1
2025-05-13,7459,2025-03-31,,30383000000,0.003,,,,,19017000000,0.479,20467000000,0.454,20762000000,,-0.015,99.58,,,,,,368774000000,345083000000,0.936,1659.45,345083000000,,,,,62.00,,,,219226042,11275805,208490602,false,false,12,2024-04-01,2025-03-31,0
2025-05-13,7459,2024-03-31,,30306000000,-0.082,,,,,12859000000,-0.213,14078000000,-0.227,21083000000,,-0.016,99.55,,,,,,368181000000,345731000000,0.939,1646.21,345731000000,,,,,60.00,,,,221291342,11274274,211784677,false,false,12,2023-04-01,2024-03-31,-1
2025-05-13,7459,2026-03-31,,,,,,,,,,,,,,,,,,,,,,,,,,,,,,64.00,,,,,,,false,true,12,2025-04-01,2026-03-31,1
