filing_date,code,fiscal_year_end,quarterly_period,net_sales,net_sales_change,revenue,revenue_change,operating_revenue,operating_revenue_change,operating_profit,operating_profit_change,ordinary_profit,ordinary_profit_change,net_income,net_income_of_parent,net_income_change,eps,diluted_eps,roe,roa,operating_profit_to_net_sales,operating_profit_to_revenue,total_assets,net_assets,equity_ratio,bps,owner_equity,operating_cash_flow,investing_cash_flow,financing_cash_flow,cash,dividend_per_share,payout_ratio,commemorative_dividend,extra_dividend,number_of_shares,number_of_treqsury_shares,avg_number_of_shares,is_consolidated,is_forecast,duration,period_start,period_end,period_pos
2015-07-27,74610,2016-03-31,1,6958000000,0.004,,,,,362000000,-0.241,366000000,-0.234,,144000000,,9.77,,,,,,17936000000,10408000000,0.484,,8673000000,,,,,,,,,,,,true,false,3,2015-04-01,2015-06-30,0
2015-07-27,74610,2015-03-31,1,6929000000,0.040,,,,,477000000,0.181,478000000,0.201,,202000000,,13.64,,,,,,,,,,,,,,,,,,,,,,true,false,3,2014-04-01,2014-06-30,-1
2015-07-27,74610,2016-03-31,1,14850000000,0.032,,,,,1000000000,0.035,1000000000,0.032,,410000000,,27.64,,,,,,,,,,,,,,,,,,,,,,true,true,6,2015-04-01,2015-09-30,0
2015-07-27,74610,2016-03-31,1,28180000000,0.027,,,,,1510000000,0.033,1500000000,0.032,,650000000,,43.82,,,,,,,,,,,,,,,,,,,,,,true,true,12,2015-04-01,2016-03-31,0
2015-07-27,74610,2015-03-31,1,,,,,,,,,,,,,,,,,,,,17157000000,10333000000,0.504,,8644000000,,,,,,,,,,,,true,false,12,2014-04-01,2015-03-31,-1
2015-07-27,74610,2015-03-31,1,,,,,,,,,,,,,,,,,,,,,,,,,,,,,10.00,,,,15180000,347124,,false,false,12,2014-04-01,2015-03-31,-1
2015-07-27,74610,2016-03-31,1,,,,,,,,,,,,,,,,,,,,,,,,,,,,,10.00,,,,,,,false,true,12,2015-04-01,2016-03-31,0
2015-07-27,74610,2016-03-31,1,,,,,,,,,,,,,,,,,,,,,,,,,,,,,,,,,15180000,347124,14832876,false,false,3,2015-04-01,2015-06-30,0
2015-07-27,74610,2015-03-31,1,,,,,,,,,,,,,,,,,,,,,,,,,,,,,,,,,,,14833057,false,false,3,2014-04-01,2014-06-30,-1
2015-10-26,74610,2016-03-31,2,14743000000,0.025,,,,,872000000,-0.097,879000000,-0.092,,382000000,,25.76,,,,,,18000000000,10665000000,0.492,,8858000000,,,,,,,,,,,,true,false,6,2015-04-01,2015-09-30,0
2015-10-26,74610,2015-03-31,2,14391000000,-0.015,,,,,966000000,-0.057,968000000,-0.047,,434000000,,29.26,,,,,,,,,,,,,,,,,,,,,,true,false,6,2014-04-01,2014-09-30,-1
2015-10-26,74610,2016-03-31,2,28180000000,0.027,,,,,1510000000,0.033,1500000000,0.032,,650000000,,43.82,,,,,,,,,,,,,,,,,,,,,,true,true,12,2015-04-01,2016-03-31,0
2015-10-26,74610,2015-03-31,2,,,,,,,,,,,,,,,,,,,,17157000000,10333000000,0.504,,8644000000,,,,,,,,,,,,true,false,12,2014-04-01,2015-03-31,-1
2015-10-26,74610,2015-03-31,2,,,,,,,,,,,,,,,,,,,,,,,,,,,,,10.00,,,,15180000,347124,,false,false,12,2014-04-01,2015-03-31,-1
2015-10-26,74610,2016-03-31,2,,,,,,,,,,,,,,,,,,,,,,,,,,,,,0.00,,,,,,,false,false,12,2015-04-01,2016-03-31,0
2015-10-26,74610,2016-03-31,2,,,,,,,,,,,,,,,,,,,,,,,,,,,,,10.00,,,,,,,false,true,12,2015-04-01,2016-03-31,0
2015-10-26,74610,2016-03-31,2,,,,,,,,,,,,,,,,,,,,,,,,,,,,,,,,,15180000,347124,14832876,false,false,6,2015-04-01,2015-09-30,0
2015-10-26,74610,2015-03-31,2,,,,,,,,,,,,,,,,,,,,,,,,,,,,,,,,,,,14832966,false,false,6,2014-04-01,2014-09-30,-1
2016-02-01,74610,2016-03-31,3,22249000000,0.020,,,,,1365000000,-0.060,1376000000,-0.052,,614000000,,41.45,,,,,,18050000000,10983000000,0.505,,9108000000,,,,,,,,,,,,true,false,9,2015-04-01,2015-12-31,0
2016-02-01,74610,2015-03-31,3,21819000000,-0.033,,,,,1453000000,-0.099,1451000000,-0.088,,642000000,,43.28,,,,,,,,,,,,,,,,,,,,,,true,false,9,2014-04-01,2014-12-31,-1
2016-02-01,74610,2016-03-31,3,28180000000,0.027,,,,,1510000000,0.033,1500000000,0.032,,650000000,,43.82,,,,,,,,,,,,,,,,,,,,,,true,true,12,2015-04-01,2016-03-31,0
2016-02-01,74610,2015-03-31,3,,,,,,,,,,,,,,,,,,,,17157000000,10333000000,0.504,,8644000000,,,,,,,,,,,,true,false,12,2014-04-01,2015-03-31,-1
2016-02-01,74610,2015-03-31,3,,,,,,,,,,,,,,,,,,,,,,,,,,,,,10.00,,,,15180000,347124,,false,false,12,2014-04-01,2015-03-31,-1
2016-02-01,74610,2016-03-31,3,,,,,,,,,,,,,,,,,,,,,,,,,,,,,0.00,,,,,,,false,false,12,2015-04-01,2016-03-31,0
2016-02-01,74610,2016-03-31,3,,,,,,,,,,,,,,,,,,,,,,,,,,,,,10.00,,,,,,,false,true,12,2015-04-01,2016-03-31,0
2016-02-01,74610,2016-03-31,3,,,,,,,,,,,,,,,,,,,,,,,,,,,,,,,,,15180000,347124,14832876,false,false,9,2015-04-01,2015-12-31,0
2016-02-01,74610,2015-03-31,3,,,,,,,,,,,,,,,,,,,,,,,,,,,,,,,,,,,14832936,false,false,9,2014-04-01,2014-12-31,-1
2016-04-28,74610,2016-03-31,,28127000000,0.025,,,,,1470000000,0.006,1483000000,0.020,,616000000,,41.57,,0.069,0.086,0.052,,17167000000,11000000000,0.530,613.61,9101000000,756000000,-376000000,-781000000,1507000000,,0.241,,,,,,true,false,12,2015-04-01,2016-03-31,0
2016-04-28,74610,2015-03-31,,27451000000,-0.034,,,,,1461000000,-0.119,1453000000,-0.111,,646000000,,43.60,,0.078,0.086,0.053,,17157000000,10333000000,0.504,582.81,8644000000,1297000000,-516000000,-438000000,1909000000,,0.229,,,,,,true,false,12,2014-04-01,2015-03-31,-1
2016-04-28,74610,2017-03-31,,15190000000,0.030,,,,,970000000,0.111,975000000,0.109,,410000000,,27.64,,,,,,,,,,,,,,,,,,,,,,true,true,6,2016-04-01,2016-09-30,1
2016-04-28,74610,2017-03-31,,28980000000,0.030,,,,,1360000000,-0.075,1380000000,-0.070,,610000000,,41.12,,,,,,,,,,,,,,,,0.243,,,,,,true,true,12,2016-04-01,2017-03-31,1
2016-04-28,74610,2016-03-31,,12688000000,0.046,,,,,658000000,-0.016,680000000,-0.010,397000000,,-0.048,26.81,,,,,,10112000000,7627000000,0.754,514.24,7627000000,,,,,10.00,,,,15180000,347124,14832876,false,false,12,2015-04-01,2016-03-31,0
2016-04-28,74610,2015-03-31,,12130000000,-0.058,,,,,669000000,-0.124,687000000,-0.116,417000000,,-0.142,28.15,,,,,,9897000000,7390000000,0.747,498.22,7390000000,,,,,10.00,,,,15180000,347124,14832921,false,false,12,2014-04-01,2015-03-31,-1
2016-04-28,74610,2017-03-31,,,,,,,,,,,,,,,,,,,,,,,,,,,,,,10.00,,,,,,,false,true,12,2016-04-01,2017-03-31,1
2016-07-29,74610,2017-03-31,1,7064000000,0.015,,,,,399000000,0.103,409000000,0.118,,159000000,,10.75,,,,,,18480000000,11045000000,0.491,611.98,9077000000,,,,,,,,,,,,true,false,3,2016-04-01,2016-06-30,0
2016-07-29,74610,2016-03-31,1,6958000000,0.004,,,,,362000000,-0.241,366000000,-0.234,,144000000,,9.77,,,,,,,,,,,,,,,,,,,,,,true,false,3,2015-04-01,2015-06-30,-1
2016-07-29,74610,2017-03-31,1,15190000000,0.030,,,,,970000000,0.111,975000000,0.109,,410000000,,27.64,,,,,,,,,,,,,,,,,,,,,,true,true,6,2016-04-01,2016-09-30,0
2016-07-29,74610,2017-03-31,1,28980000000,0.030,,,,,1360000000,-0.075,1380000000,-0.070,,610000000,,41.12,,,,,,,,,,,,,,,,,,,,,,true,true,12,2016-04-01,2017-03-31,0
2016-07-29,74610,2016-03-31,1,,,,,,,,,,,,,,,,,,,,17167000000,11000000000,0.530,613.61,9101000000,,,,,,,,,,,,true,false,12,2015-04-01,2016-03-31,-1
2016-07-29,74610,2016-03-31,1,,,,,,,,,,,,,,,,,,,,,,,,,,,,,10.00,,,,15180000,347124,,false,false,12,2015-04-01,2016-03-31,-1
2016-07-29,74610,2017-03-31,1,,,,,,,,,,,,,,,,,,,,,,,,,,,,,10.00,,,,,,,false,true,12,2016-04-01,2017-03-31,0
2016-07-29,74610,2017-03-31,1,,,,,,,,,,,,,,,,,,,,,,,,,,,,,,,,,15180000,347124,14832876,false,false,3,2016-04-01,2016-06-30,0
2016-07-29,74610,2016-03-31,1,,,,,,,,,,,,,,,,,,,,,,,,,,,,,,,,,,,14832876,false,false,3,2015-04-01,2015-06-30,-1
2016-10-28,74610,2017-03-31,2,14905000000,0.011,,,,,930000000,0.066,951000000,0.082,,438000000,,29.59,,,,,,19123000000,11451000000,0.492,634.30,9408000000,,,,,,,,,,,,true,false,6,2016-04-01,2016-09-30,0
2016-10-28,74610,2016-03-31,2,14743000000,0.025,,,,,872000000,-0.097,879000000,-0.092,,382000000,,25.76,,,,,,,,,,,,,,,,,,,,,,true,false,6,2015-04-01,2015-09-30,-1
2016-10-28,74610,2017-03-31,2,28980000000,0.030,,,,,1360000000,-0.075,1380000000,-0.070,,610000000,,41.12,,,,,,,,,,,,,,,,,,,,,,true,true,12,2016-04-01,2017-03-31,0
2016-10-28,74610,2016-03-31,2,,,,,,,,,,,,,,,,,,,,17167000000,11000000000,0.530,613.61,9101000000,,,,,,,,,,,,true,false,12,2015-04-01,2016-03-31,-1
2016-10-28,74610,2016-03-31,2,,,,,,,,,,,,,,,,,,,,,,,,,,,,,10.00,,,,15180000,347124,,false,false,12,2015-04-01,2016-03-31,-1
2016-10-28,74610,2017-03-31,2,,,,,,,,,,,,,,,,,,,,,,,,,,,,,0.00,,,,,,,false,false,12,2016-04-01,2017-03-31,0
2016-10-28,74610,2017-03-31,2,,,,,,,,,,,,,,,,,,,,,,,,,,,,,10.00,,,,,,,false,true,12,2016-04-01,2017-03-31,0
2016-10-28,74610,2017-03-31,2,,,,,,,,,,,,,,,,,,,,,,,,,,,,,,,,,15180000,347124,14832876,false,false,6,2016-04-01,2016-09-30,0
2016-10-28,74610,2016-03-31,2,,,,,,,,,,,,,,,,,,,,,,,,,,,,,,,,,,,14832876,false,false,6,2015-04-01,2015-09-30,-1
2017-01-30,74610,2017-03-31,3,22564000000,0.014,,,,,1369000000,0.003,1398000000,0.016,,656000000,,44.26,,,,,,20413000000,11812000000,0.476,654.70,9711000000,,,,,,,,,,,,true,false,9,2016-04-01,2016-12-31,0
2017-01-30,74610,2016-03-31,3,22249000000,0.020,,,,,1365000000,-0.060,1376000000,-0.052,,614000000,,41.45,,,,,,,,,,,,,,,,,,,,,,true,false,9,2015-04-01,2015-12-31,-1
2017-01-30,74610,2017-03-31,3,28980000000,0.030,,,,,1360000000,-0.075,1380000000,-0.070,,610000000,,41.12,,,,,,,,,,,,,,,,,,,,,,true,true,12,2016-04-01,2017-03-31,0
2017-01-30,74610,2016-03-31,3,,,,,,,,,,,,,,,,,,,,17167000000,11000000000,0.530,613.61,9101000000,,,,,,,,,,,,true,false,12,2015-04-01,2016-03-31,-1
2017-01-30,74610,2016-03-31,3,,,,,,,,,,,,,,,,,,,,,,,,,,,,,10.00,,,,15180000,347124,,false,false,12,2015-04-01,2016-03-31,-1
2017-01-30,74610,2017-03-31,3,,,,,,,,,,,,,,,,,,,,,,,,,,,,,0.00,,,,,,,false,false,12,2016-04-01,2017-03-31,0
2017-01-30,74610,2017-03-31,3,,,,,,,,,,,,,,,,,,,,,,,,,,,,,10.00,,,,,,,false,true,12,2016-04-01,2017-03-31,0
2017-01-30,74610,2017-03-31,3,,,,,,,,,,,,,,,,,,,,,,,,,,,,,,,,,15180000,347124,14832876,false,false,9,2016-04-01,2016-12-31,0
2017-01-30,74610,2016-03-31,3,,,,,,,,,,,,,,,,,,,,,,,,,,,,,,,,,,,14832876,false,false,9,2015-04-01,2015-12-31,-1
2017-04-28,74610,2017-03-31,,28329000000,0.007,,,,,1240000000,-0.157,1264000000,-0.147,,620000000,,41.86,,0.066,0.062,0.044,,23597000000,11778000000,0.412,655.94,9729000000,903000000,-3856000000,3878000000,2434000000,,0.239,,,,,,true,false,12,2016-04-01,2017-03-31,0
2017-04-28,74610,2016-03-31,,28127000000,0.025,,,,,1470000000,0.006,1483000000,0.020,,616000000,,41.57,,0.069,0.086,0.052,,17167000000,11000000000,0.530,613.61,9101000000,756000000,-376000000,-781000000,1507000000,,0.241,,,,,,true,false,12,2015-04-01,2016-03-31,-1
2017-04-28,74610,2018-03-31,,17660000000,0.185,,,,,920000000,-0.011,940000000,-0.012,,400000000,,26.97,,,,,,,,,,,,,,,,,,,,,,true,true,6,2017-04-01,2017-09-30,1
2017-04-28,74610,2018-03-31,,33160000000,0.171,,,,,1440000000,0.161,1470000000,0.162,,630000000,,42.47,,,,,,,,,,,,,,,,0.235,,,,,,true,true,12,2017-04-01,2018-03-31,1
2017-04-28,74610,2017-03-31,,13071000000,0.030,,,,,702000000,0.067,730000000,0.073,475000000,,0.195,32.03,,,,,,10841000000,8109000000,0.748,546.74,8109000000,,,,,10.00,,,,15180000,347124,14832876,false,false,12,2016-04-01,2017-03-31,0
2017-04-28,74610,2016-03-31,,12688000000,0.046,,,,,658000000,-0.016,680000000,-0.010,397000000,,-0.048,26.81,,,,,,10112000000,7627000000,0.754,514.24,7627000000,,,,,10.00,,,,15180000,347124,14832876,false,false,12,2015-04-01,2016-03-31,-1
2017-04-28,74610,2018-03-31,,,,,,,,,,,,,,,,,,,,,,,,,,,,,,10.00,,,,,,,false,true,12,2017-04-01,2018-03-31,1
2017-07-31,74610,2018-03-31,1,8450000000,0.196,,,,,261000000,-0.345,272000000,-0.334,,149000000,,10.06,,,,,,24483000000,11782000000,0.397,654.49,9707000000,,,,,,,,,,,,true,false,3,2017-04-01,2017-06-30,0
2017-07-31,74610,2017-03-31,1,7064000000,0.015,,,,,399000000,0.103,409000000,0.118,,159000000,,10.75,,,,,,,,,,,,,,,,,,,,,,true,false,3,2016-04-01,2016-06-30,-1
2017-07-31,74610,2018-03-31,1,17660000000,0.185,,,,,920000000,-0.011,940000000,-0.012,,400000000,,26.97,,,,,,,,,,,,,,,,,,,,,,true,true,6,2017-04-01,2017-09-30,0
2017-07-31,74610,2018-03-31,1,33160000000,0.171,,,,,1440000000,0.161,1470000000,0.162,,630000000,,42.47,,,,,,,,,,,,,,,,,,,,,,true,true,12,2017-04-01,2018-03-31,0
2017-07-31,74610,2017-03-31,1,,,,,,,,,,,,,,,,,,,,23597000000,11778000000,0.412,655.94,9729000000,,,,,,,,,,,,true,false,12,2016-04-01,2017-03-31,-1
2017-07-31,74610,2017-03-31,1,,,,,,,,,,,,,,,,,,,,,,,,,,,,,10.00,,,,15180000,347124,,false,false,12,2016-04-01,2017-03-31,-1
2017-07-31,74610,2018-03-31,1,,,,,,,,,,,,,,,,,,,,,,,,,,,,,10.00,,,,,,,false,true,12,2017-04-01,2018-03-31,0
2017-07-31,74610,2018-03-31,1,,,,,,,,,,,,,,,,,,,,,,,,,,,,,,,,,15180000,347124,14832876,false,false,3,2017-04-01,2017-06-30,0
2017-07-31,74610,2017-03-31,1,,,,,,,,,,,,,,,,,,,,,,,,,,,,,,,,,,,14832876,false,false,3,2016-04-01,2016-06-30,-1
2017-10-30,74610,2018-03-31,2,17091000000,0.147,,,,,743000000,-0.201,775000000,-0.185,,400000000,,27.00,,,,,,24046000000,12067000000,0.413,668.78,9919000000,,,,,,,,,,,,true,false,6,2017-04-01,2017-09-30,0
2017-10-30,74610,2017-03-31,2,14905000000,0.011,,,,,930000000,0.066,951000000,0.082,,438000000,,29.59,,,,,,,,,,,,,,,,,,,,,,true,false,6,2016-04-01,2016-09-30,-1
2017-10-30,74610,2018-03-31,2,33160000000,0.171,,,,,1440000000,0.161,1470000000,0.162,,630000000,,42.47,,,,,,,,,,,,,,,,,,,,,,true,true,12,2017-04-01,2018-03-31,0
2017-10-30,74610,2017-03-31,2,,,,,,,,,,,,,,,,,,,,23597000000,11778000000,0.412,655.94,9729000000,,,,,,,,,,,,true,false,12,2016-04-01,2017-03-31,-1
2017-10-30,74610,2017-03-31,2,,,,,,,,,,,,,,,,,,,,,,,,,,,,,10.00,,,,15180000,347124,,false,false,12,2016-04-01,2017-03-31,-1
2017-10-30,74610,2018-03-31,2,,,,,,,,,,,,,,,,,,,,,,,,,,,,,0.00,,,,,,,false,false,12,2017-04-01,2018-03-31,0
2017-10-30,74610,2018-03-31,2,,,,,,,,,,,,,,,,,,,,,,,,,,,,,10.00,,,,,,,false,true,12,2017-04-01,2018-03-31,0
2017-10-30,74610,2018-03-31,2,,,,,,,,,,,,,,,,,,,,,,,,,,,,,,,,,15180000,347124,14832876,false,false,6,2017-04-01,2017-09-30,0
2017-10-30,74610,2017-03-31,2,,,,,,,,,,,,,,,,,,,,,,,,,,,,,,,,,,,14832876,false,false,6,2016-04-01,2016-09-30,-1
2018-01-29,74610,2018-03-31,3,25286000000,0.121,,,,,1167000000,-0.147,1209000000,-0.135,,632000000,,42.63,,,,,,23933000000,12410000000,0.427,688.73,10215000000,,,,,,,,,,,,true,false,9,2017-04-01,2017-12-31,0
2018-01-29,74610,2017-03-31,3,22564000000,0.014,,,,,1369000000,0.003,1398000000,0.016,,656000000,,44.26,,,,,,,,,,,,,,,,,,,,,,true,false,9,2016-04-01,2016-12-31,-1
2018-01-29,74610,2018-03-31,3,31700000000,0.119,,,,,931000000,-0.249,945000000,-0.252,,529000000,,35.66,,,,,,,,,,,,,,,,,,,,,,true,true,12,2017-04-01,2018-03-31,0
2018-01-29,74610,2017-03-31,3,,,,,,,,,,,,,,,,,,,,23597000000,11778000000,0.412,655.94,9729000000,,,,,,,,,,,,true,false,12,2016-04-01,2017-03-31,-1
2018-01-29,74610,2017-03-31,3,,,,,,,,,,,,,,,,,,,,,,,,,,,,,10.00,,,,15180000,347124,,false,false,12,2016-04-01,2017-03-31,-1
2018-01-29,74610,2018-03-31,3,,,,,,,,,,,,,,,,,,,,,,,,,,,,,0.00,,,,,,,false,false,12,2017-04-01,2018-03-31,0
2018-01-29,74610,2018-03-31,3,,,,,,,,,,,,,,,,,,,,,,,,,,,,,10.00,,,,,,,false,true,12,2017-04-01,2018-03-31,0
2018-01-29,74610,2018-03-31,3,,,,,,,,,,,,,,,,,,,,,,,,,,,,,,,,,15180000,347124,14832876,false,false,9,2017-04-01,2017-12-31,0
2018-01-29,74610,2017-03-31,3,,,,,,,,,,,,,,,,,,,,,,,,,,,,,,,,,,,14832876,false,false,9,2016-04-01,2016-12-31,-1
2018-01-29,74610,2018-03-31,,31700000000,-0.044,,,,,931000000,-0.353,945000000,-0.357,,529000000,,35.66,,,,,,,,,,,,,,,,,,,,,,true,true,12,2017-04-01,2018-03-31,0
2018-01-29,74610,2017-03-31,,28329000000,,,,,,1240000000,,1264000000,,,620000000,,41.86,,,,,,,,,,,,,,,,,,,,,,true,false,12,2016-04-01,2017-03-31,-1
2018-05-09,74610,2018-03-31,,31720000000,0.120,,,,,953000000,-0.231,1000000000,-0.209,,523000000,,35.30,,0.053,0.041,0.030,,25261000000,12262000000,0.401,682.32,10120000000,1209000000,-1738000000,1595000000,3500000000,,0.283,,,,,,true,false,12,2017-04-01,2018-03-31,0
2018-05-09,74610,2017-03-31,,28329000000,0.007,,,,,1240000000,-0.157,1264000000,-0.147,,620000000,,41.86,,0.066,0.062,0.044,,23597000000,11778000000,0.412,655.94,9729000000,903000000,-3856000000,3878000000,2434000000,,0.239,,,,,,true,false,12,2016-04-01,2017-03-31,-1
2018-05-09,74610,2019-03-31,,17780000000,0.040,,,,,780000000,0.049,850000000,0.096,,390000000,,26.29,,,,,,,,,,,,,,,,,,,,,,true,true,6,2018-04-01,2018-09-30,1
2018-05-09,74610,2019-03-31,,33510000000,0.056,,,,,1130000000,0.185,1190000000,0.189,,590000000,,39.78,,,,,,,,,,,,,,,,0.251,,,,,,true,true,12,2018-04-01,2019-03-31,1
2018-05-09,74610,2018-03-31,,12402000000,-0.051,,,,,680000000,-0.032,718000000,-0.016,470000000,,-0.009,31.74,,,,,,11454000000,8448000000,0.738,569.55,8448000000,,,,,10.00,,,,15180000,347124,14832876,false,false,12,2017-04-01,2018-03-31,0
2018-05-09,74610,2017-03-31,,13071000000,0.030,,,,,702000000,0.067,730000000,0.073,475000000,,0.195,32.03,,,,,,10841000000,8109000000,0.748,546.74,8109000000,,,,,10.00,,,,15180000,347124,14832876,false,false,12,2016-04-01,2017-03-31,-1
2018-05-09,74610,2019-03-31,,,,,,,,,,,,,,,,,,,,,,,,,,,,,,10.00,,,,,,,false,true,12,2018-04-01,2019-03-31,1
2018-07-30,74610,2019-03-31,1,7927000000,-0.062,,,,,410000000,0.570,432000000,0.586,,176000000,,11.93,,,,,,26333000000,12320000000,0.384,680.86,10099000000,,,,,,,,,,,,true,false,3,2018-04-01,2018-06-30,0
2018-07-30,74610,2018-03-31,1,8450000000,0.196,,,,,261000000,-0.345,272000000,-0.334,,149000000,,10.06,,,,,,,,,,,,,,,,,,,,,,true,false,3,2017-04-01,2017-06-30,-1
2018-07-30,74610,2019-03-31,1,17780000000,0.040,,,,,780000000,0.049,850000000,0.096,,390000000,,26.29,,,,,,,,,,,,,,,,,,,,,,true,true,6,2018-04-01,2018-09-30,0
2018-07-30,74610,2019-03-31,1,33510000000,0.056,,,,,1130000000,0.185,1190000000,0.189,,590000000,,39.78,,,,,,,,,,,,,,,,,,,,,,true,true,12,2018-04-01,2019-03-31,0
2018-07-30,74610,2018-03-31,1,,,,,,,,,,,,,,,,,,,,25226000000,12262000000,0.401,682.32,10120000000,,,,,,,,,,,,true,false,12,2017-04-01,2018-03-31,-1
2018-07-30,74610,2018-03-31,1,,,,,,,,,,,,,,,,,,,,,,,,,,,,,10.00,,,,15180000,347124,,false,false,12,2017-04-01,2018-03-31,-1
2018-07-30,74610,2019-03-31,1,,,,,,,,,,,,,,,,,,,,,,,,,,,,,10.00,,,,,,,false,true,12,2018-04-01,2019-03-31,0
2018-07-30,74610,2019-03-31,1,,,,,,,,,,,,,,,,,,,,,,,,,,,,,,,,,15180000,347124,14832876,false,false,3,2018-04-01,2018-06-30,0
2018-07-30,74610,2018-03-31,1,,,,,,,,,,,,,,,,,,,,,,,,,,,,,,,,,,,14832876,false,false,3,2017-04-01,2017-06-30,-1
2018-10-29,74610,2019-03-31,2,16778000000,-0.018,,,,,979000000,0.317,1013000000,0.307,,447000000,,30.18,,,,,,26228000000,12716000000,0.397,701.26,10401000000,,,,,,,,,,,,true,false,6,2018-04-01,2018-09-30,0
2018-10-29,74610,2018-03-31,2,17091000000,0.147,,,,,743000000,-0.201,775000000,-0.185,,400000000,,27.00,,,,,,,,,,,,,,,,,,,,,,true,false,6,2017-04-01,2017-09-30,-1
2018-10-29,74610,2019-03-31,2,33510000000,0.056,,,,,1130000000,0.185,1190000000,0.189,,590000000,,39.78,,,,,,,,,,,,,,,,,,,,,,true,true,12,2018-04-01,2019-03-31,0
2018-10-29,74610,2018-03-31,2,,,,,,,,,,,,,,,,,,,,25226000000,12262000000,0.401,682.32,10120000000,,,,,,,,,,,,true,false,12,2017-04-01,2018-03-31,-1
2018-10-29,74610,2018-03-31,2,,,,,,,,,,,,,,,,,,,,,,,,,,,,,10.00,,,,15180000,347124,,false,false,12,2017-04-01,2018-03-31,-1
2018-10-29,74610,2019-03-31,2,,,,,,,,,,,,,,,,,,,,,,,,,,,,,0.00,,,,,,,false,false,12,2018-04-01,2019-03-31,0
2018-10-29,74610,2019-03-31,2,,,,,,,,,,,,,,,,,,,,,,,,,,,,,10.00,,,,,,,false,true,12,2018-04-01,2019-03-31,0
2018-10-29,74610,2019-03-31,2,,,,,,,,,,,,,,,,,,,,,,,,,,,,,,,,,15180000,347124,14832876,false,false,6,2018-04-01,2018-09-30,0
2018-10-29,74610,2018-03-31,2,,,,,,,,,,,,,,,,,,,,,,,,,,,,,,,,,,,14832876,false,false,6,2017-04-01,2017-09-30,-1
2019-01-28,74610,2019-03-31,3,25831000000,0.022,,,,,1571000000,0.345,1608000000,0.330,,777000000,,52.43,,,,,,26471000000,12996000000,0.400,714.14,10592000000,,,,,,,,,,,,true,false,9,2018-04-01,2018-12-31,0
2019-01-28,74610,2018-03-31,3,25286000000,0.121,,,,,1167000000,-0.147,1209000000,-0.135,,632000000,,42.63,,,,,,,,,,,,,,,,,,,,,,true,false,9,2017-04-01,2017-12-31,-1
2019-01-28,74610,2019-03-31,3,33510000000,0.056,,,,,1130000000,0.185,1190000000,0.189,,590000000,,39.78,,,,,,,,,,,,,,,,,,,,,,true,true,12,2018-04-01,2019-03-31,0
2019-01-28,74610,2018-03-31,3,,,,,,,,,,,,,,,,,,,,25226000000,12262000000,0.401,682.32,10120000000,,,,,,,,,,,,true,false,12,2017-04-01,2018-03-31,-1
2019-01-28,74610,2018-03-31,3,,,,,,,,,,,,,,,,,,,,,,,,,,,,,10.00,,,,15180000,347124,,false,false,12,2017-04-01,2018-03-31,-1
2019-01-28,74610,2019-03-31,3,,,,,,,,,,,,,,,,,,,,,,,,,,,,,0.00,,,,,,,false,false,12,2018-04-01,2019-03-31,0
2019-01-28,74610,2019-03-31,3,,,,,,,,,,,,,,,,,,,,,,,,,,,,,10.00,,,,,,,false,true,12,2018-04-01,2019-03-31,0
2019-01-28,74610,2019-03-31,3,,,,,,,,,,,,,,,,,,,,,,,,,,,,,,,,,15180000,347124,14832876,false,false,9,2018-04-01,2018-12-31,0
2019-01-28,74610,2018-03-31,3,,,,,,,,,,,,,,,,,,,,,,,,,,,,,,,,,,,14832876,false,false,9,2017-04-01,2017-12-31,-1
2019-03-18,74610,2019-03-31,,32450000000,-0.032,,,,,1450000000,0.283,1550000000,0.303,,650000000,,43.83,,,,,,,,,,,,,,,,,,,,,,true,true,12,2018-04-01,2019-03-31,0
2019-03-18,74610,2018-03-31,,31720000000,,,,,,953000000,,1000000000,,,523000000,,35.30,,,,,,,,,,,,,,,,,,,,,,true,false,12,2017-04-01,2018-03-31,-1
2019-05-09,74610,2019-03-31,,32591000000,0.028,,,,,1479000000,0.552,1541000000,0.540,,769000000,,51.91,,0.074,0.061,0.045,,25269000000,12978000000,0.419,714.40,10596000000,2192000000,-850000000,-866000000,3976000000,,0.231,,,,,,true,false,12,2018-04-01,2019-03-31,0
2019-05-09,74610,2018-03-31,,31720000000,0.120,,,,,953000000,-0.231,1000000000,-0.209,,523000000,,35.30,,0.053,0.041,0.030,,25226000000,12262000000,0.401,682.32,10120000000,1209000000,-1738000000,1595000000,3500000000,,0.283,,,,,,true,false,12,2017-04-01,2018-03-31,-1
2019-05-09,74610,2020-03-31,,17400000000,0.037,,,,,1020000000,0.042,1080000000,0.066,,460000000,,31.01,,,,,,,,,,,,,,,,,,,,,,true,true,6,2019-04-01,2019-09-30,1
2019-05-09,74610,2020-03-31,,33500000000,0.028,,,,,1550000000,0.048,1645000000,0.067,,790000000,,53.26,,,,,,,,,,,,,,,,0.188,,,,,,true,true,12,2019-04-01,2020-03-31,1
2019-05-09,74610,2019-03-31,,12318000000,-0.007,,,,,605000000,-0.110,641000000,-0.107,480000000,,0.020,32.38,,,,,,11391000000,8634000000,0.758,582.11,8634000000,,,,,12.00,,,,15180000,347124,14832876,false,false,12,2018-04-01,2019-03-31,0
2019-05-09,74610,2018-03-31,,12402000000,-0.051,,,,,680000000,-0.032,718000000,-0.016,470000000,,-0.009,31.74,,,,,,11454000000,8448000000,0.738,569.55,8448000000,,,,,10.00,,,,15180000,347124,14832876,false,false,12,2017-04-01,2018-03-31,-1
2019-05-09,74610,2020-03-31,,,,,,,,,,,,,,,,,,,,,,,,,,,,,,10.00,,,,,,,false,true,12,2019-04-01,2020-03-31,1
2019-07-29,74610,2020-03-31,1,8052000000,0.016,,,,,489000000,0.191,503000000,0.165,,244000000,,16.47,,,,,,24979000000,12148000000,0.425,716.35,10625000000,,,,,,,,,,,,true,false,3,2019-04-01,2019-06-30,0
2019-07-29,74610,2019-03-31,1,7927000000,-0.062,,,,,410000000,0.570,432000000,0.586,,176000000,,11.93,,,,,,,,,,,,,,,,,,,,,,true,false,3,2018-04-01,2018-06-30,-1
2019-07-29,74610,2020-03-31,1,17400000000,0.037,,,,,1020000000,0.042,1080000000,0.066,,460000000,,31.01,,,,,,,,,,,,,,,,,,,,,,true,true,6,2019-04-01,2019-09-30,0
2019-07-29,74610,2020-03-31,1,33500000000,0.028,,,,,1550000000,0.048,1645000000,0.067,,790000000,,53.26,,,,,,,,,,,,,,,,,,,,,,true,true,12,2019-04-01,2020-03-31,0
2019-07-29,74610,2019-03-31,1,,,,,,,,,,,,,,,,,,,,25269000000,12978000000,0.419,714.40,10596000000,,,,,,,,,,,,true,false,12,2018-04-01,2019-03-31,-1
2019-07-29,74610,2019-03-31,1,,,,,,,,,,,,,,,,,,,,,,,,,,,,,12.00,,,,15180000,347124,,false,false,12,2018-04-01,2019-03-31,-1
2019-07-29,74610,2020-03-31,1,,,,,,,,,,,,,,,,,,,,,,,,,,,,,10.00,,,,,,,false,true,12,2019-04-01,2020-03-31,0
2019-07-29,74610,2020-03-31,1,,,,,,,,,,,,,,,,,,,,,,,,,,,,,,,,,15180000,347124,14832876,false,false,3,2019-04-01,2019-06-30,0
2019-07-29,74610,2019-03-31,1,,,,,,,,,,,,,,,,,,,,,,,,,,,,,,,,,,,14832876,false,false,3,2018-04-01,2018-06-30,-1
2019-10-28,74610,2020-03-31,2,17382000000,0.036,,,,,1141000000,0.166,1176000000,0.161,,610000000,,41.13,,,,,,25519000000,12616000000,0.432,743.51,11028000000,,,,,,,,,,,,true,false,6,2019-04-01,2019-09-30,0
2019-10-28,74610,2019-03-31,2,16778000000,-0.018,,,,,979000000,0.317,1013000000,0.307,,447000000,,30.18,,,,,,,,,,,,,,,,,,,,,,true,false,6,2018-04-01,2018-09-30,-1
2019-10-28,74610,2020-03-31,2,33500000000,0.028,,,,,1550000000,0.048,1645000000,0.067,,790000000,,53.26,,,,,,,,,,,,,,,,,,,,,,true,true,12,2019-04-01,2020-03-31,0
2019-10-28,74610,2019-03-31,2,,,,,,,,,,,,,,,,,,,,25269000000,12978000000,0.419,714.40,10596000000,,,,,,,,,,,,true,false,12,2018-04-01,2019-03-31,-1
2019-10-28,74610,2019-03-31,2,,,,,,,,,,,,,,,,,,,,,,,,,,,,,12.00,,,,15180000,347124,,false,false,12,2018-04-01,2019-03-31,-1
2019-10-28,74610,2020-03-31,2,,,,,,,,,,,,,,,,,,,,,,,,,,,,,0.00,,,,,,,false,false,12,2019-04-01,2020-03-31,0
2019-10-28,74610,2020-03-31,2,,,,,,,,,,,,,,,,,,,,,,,,,,,,,10.00,,,,,,,false,true,12,2019-04-01,2020-03-31,0
2019-10-28,74610,2020-03-31,2,,,,,,,,,,,,,,,,,,,,,,,,,,,,,,,,,15180000,347124,14832876,false,false,6,2019-04-01,2019-09-30,0
2019-10-28,74610,2019-03-31,2,,,,,,,,,,,,,,,,,,,,,,,,,,,,,,,,,,,14832876,false,false,6,2018-04-01,2018-09-30,-1
2020-02-10,74610,2020-03-31,3,26173000000,0.013,,,,,1665000000,0.060,1710000000,0.063,,862000000,,58.14,,,,,,25581000000,12969000000,0.442,762.86,11315000000,,,,,,,,,,,,true,false,9,2019-04-01,2019-12-31,0
2020-02-10,74610,2019-03-31,3,25831000000,0.022,,,,,1571000000,0.345,1608000000,0.330,,777000000,,52.43,,,,,,,,,,,,,,,,,,,,,,true,false,9,2018-04-01,2018-12-31,-1
2020-02-10,74610,2020-03-31,3,33500000000,0.028,,,,,1550000000,0.048,1645000000,0.067,,790000000,,53.26,,,,,,,,,,,,,,,,,,,,,,true,true,12,2019-04-01,2020-03-31,0
2020-02-10,74610,2019-03-31,3,,,,,,,,,,,,,,,,,,,,25269000000,12978000000,0.419,714.40,10596000000,,,,,,,,,,,,true,false,12,2018-04-01,2019-03-31,-1
2020-02-10,74610,2019-03-31,3,,,,,,,,,,,,,,,,,,,,,,,,,,,,,12.00,,,,15180000,347124,,false,false,12,2018-04-01,2019-03-31,-1
2020-02-10,74610,2020-03-31,3,,,,,,,,,,,,,,,,,,,,,,,,,,,,,0.00,,,,,,,false,false,12,2019-04-01,2020-03-31,0
2020-02-10,74610,2020-03-31,3,,,,,,,,,,,,,,,,,,,,,,,,,,,,,10.00,,,,,,,false,true,12,2019-04-01,2020-03-31,0
2020-02-10,74610,2020-03-31,3,,,,,,,,,,,,,,,,,,,,,,,,,,,,,,,,,15180000,347124,14832876,false,false,9,2019-04-01,2019-12-31,0
2020-02-10,74610,2019-03-31,3,,,,,,,,,,,,,,,,,,,,,,,,,,,,,,,,,,,14832876,false,false,9,2018-04-01,2018-12-31,-1
2020-04-30,74610,2020-03-31,,32710000000,0.004,,,,,1590000000,0.075,1647000000,0.069,,794000000,,53.58,,0.073,0.067,0.049,,23991000000,12823000000,0.466,753.77,11180000000,1960000000,-599000000,-2501000000,2835000000,,0.187,,,,,,true,false,12,2019-04-01,2020-03-31,0
2020-04-30,74610,2019-03-31,,32591000000,0.028,,,,,1479000000,0.552,1541000000,0.540,,769000000,,51.91,,0.074,0.061,0.045,,25269000000,12978000000,0.419,714.40,10596000000,2192000000,-850000000,-866000000,3976000000,,0.231,,,,,,true,false,12,2018-04-01,2019-03-31,-1
2020-04-30,74610,2021-03-31,,17400000000,0.001,,,,,1150000000,0.007,1180000000,0.003,,620000000,,41.80,,,,,,,,,,,,,,,,,,,,,,true,true,6,2020-04-01,2020-09-30,1
2020-04-30,74610,2021-03-31,,33000000000,0.009,,,,,1600000000,0.006,1650000000,0.002,,850000000,,57.31,,,,,,,,,,,,,,,,0.175,,,,,,true,true,12,2020-04-01,2021-03-31,1
2020-04-30,74610,2020-03-31,,12454000000,0.011,,,,,556000000,-0.081,587000000,-0.084,341000000,,-0.290,23.00,,,,,,11382000000,8764000000,0.770,590.91,8764000000,,,,,10.00,,,,15180000,347124,14832876,false,false,12,2019-04-01,2020-03-31,0
2020-04-30,74610,2019-03-31,,12318000000,-0.007,,,,,605000000,-0.110,641000000,-0.107,480000000,,0.020,32.38,,,,,,11391000000,8634000000,0.758,582.11,8634000000,,,,,12.00,,,,15180000,347124,14832876,false,false,12,2018-04-01,2019-03-31,-1
2020-04-30,74610,2021-03-31,,,,,,,,,,,,,,,,,,,,,,,,,,,,,,10.00,,,,,,,false,true,12,2020-04-01,2021-03-31,1
2020-08-03,74610,2021-03-31,1,8321000000,0.033,,,,,635000000,0.299,665000000,0.321,,327000000,,22.06,,,,,,25139000000,13135000000,0.454,768.71,11402000000,,,,,,,,,,,,true,false,3,2020-04-01,2020-06-30,0
2020-08-03,74610,2020-03-31,1,8052000000,0.016,,,,,489000000,0.191,503000000,0.165,,244000000,,16.47,,,,,,,,,,,,,,,,,,,,,,true,false,3,2019-04-01,2019-06-30,-1
2020-08-03,74610,2021-03-31,1,17400000000,0.001,,,,,1150000000,0.007,1180000000,0.003,,620000000,,41.80,,,,,,,,,,,,,,,,,,,,,,true,true,6,2020-04-01,2020-09-30,0
2020-08-03,74610,2021-03-31,1,33000000000,0.009,,,,,1600000000,0.006,1650000000,0.002,,850000000,,57.31,,,,,,,,,,,,,,,,,,,,,,true,true,12,2020-04-01,2021-03-31,0
2020-08-03,74610,2020-03-31,1,,,,,,,,,,,,,,,,,,,,23991000000,12823000000,0.466,753.77,11180000000,,,,,,,,,,,,true,false,12,2019-04-01,2020-03-31,-1
2020-08-03,74610,2020-03-31,1,,,,,,,,,,,,,,,,,,,,,,,,,,,,,10.00,,,,15180000,347124,,false,false,12,2019-04-01,2020-03-31,-1
2020-08-03,74610,2021-03-31,1,,,,,,,,,,,,,,,,,,,,,,,,,,,,,10.00,,,,,,,false,true,12,2020-04-01,2021-03-31,0
2020-08-03,74610,2021-03-31,1,,,,,,,,,,,,,,,,,,,,,,,,,,,,,,,,,15180000,347124,14832876,false,false,3,2020-04-01,2020-06-30,0
2020-08-03,74610,2020-03-31,1,,,,,,,,,,,,,,,,,,,,,,,,,,,,,,,,,,,14832876,false,false,3,2019-04-01,2019-06-30,-1
2020-11-02,74610,2021-03-31,2,17792000000,0.024,,,,,1414000000,0.239,1470000000,0.250,,709000000,,47.85,,,,,,25018000000,13717000000,0.474,799.89,11864000000,,,,,,,,,,,,true,false,6,2020-04-01,2020-09-30,0
2020-11-02,74610,2020-03-31,2,17382000000,0.036,,,,,1141000000,0.166,1176000000,0.161,,610000000,,41.13,,,,,,,,,,,,,,,,,,,,,,true,false,6,2019-04-01,2019-09-30,-1
2020-11-02,74610,2021-03-31,2,33000000000,0.009,,,,,1600000000,0.006,1650000000,0.002,,850000000,,57.31,,,,,,,,,,,,,,,,,,,,,,true,true,12,2020-04-01,2021-03-31,0
2020-11-02,74610,2020-03-31,2,,,,,,,,,,,,,,,,,,,,23991000000,12823000000,0.466,753.77,11180000000,,,,,,,,,,,,true,false,12,2019-04-01,2020-03-31,-1
2020-11-02,74610,2020-03-31,2,,,,,,,,,,,,,,,,,,,,,,,,,,,,,10.00,,,,15180000,347124,,false,false,12,2019-04-01,2020-03-31,-1
2020-11-02,74610,2021-03-31,2,,,,,,,,,,,,,,,,,,,,,,,,,,,,,0.00,,,,,,,false,false,12,2020-04-01,2021-03-31,0
2020-11-02,74610,2021-03-31,2,,,,,,,,,,,,,,,,,,,,,,,,,,,,,10.00,,,,,,,false,true,12,2020-04-01,2021-03-31,0
2020-11-02,74610,2021-03-31,2,,,,,,,,,,,,,,,,,,,,,,,,,,,,,,,,,15180000,347124,14832876,false,false,6,2020-04-01,2020-09-30,0
2020-11-02,74610,2020-03-31,2,,,,,,,,,,,,,,,,,,,,,,,,,,,,,,,,,,,14832876,false,false,6,2019-04-01,2019-09-30,-1
2021-02-01,74610,2021-03-31,3,26796000000,0.024,,,,,2121000000,0.274,2169000000,0.268,,1061000000,,71.53,,,,,,25015000000,14104000000,0.486,820.26,12166000000,,,,,,,,,,,,true,false,9,2020-04-01,2020-12-31,0
2021-02-01,74610,2020-03-31,3,26173000000,0.013,,,,,1665000000,0.060,1710000000,0.063,,862000000,,58.14,,,,,,,,,,,,,,,,,,,,,,true,false,9,2019-04-01,2019-12-31,-1
2021-02-01,74610,2021-03-31,3,33000000000,0.009,,,,,1600000000,0.006,1650000000,0.002,,850000000,,57.31,,,,,,,,,,,,,,,,,,,,,,true,true,12,2020-04-01,2021-03-31,0
2021-02-01,74610,2020-03-31,3,,,,,,,,,,,,,,,,,,,,23991000000,12823000000,0.466,753.77,11180000000,,,,,,,,,,,,true,false,12,2019-04-01,2020-03-31,-1
2021-02-01,74610,2020-03-31,3,,,,,,,,,,,,,,,,,,,,,,,,,,,,,10.00,,,,15180000,347124,,false,false,12,2019-04-01,2020-03-31,-1
2021-02-01,74610,2021-03-31,3,,,,,,,,,,,,,,,,,,,,,,,,,,,,,0.00,,,,,,,false,false,12,2020-04-01,2021-03-31,0
2021-02-01,74610,2021-03-31,3,,,,,,,,,,,,,,,,,,,,,,,,,,,,,10.00,,,,,,,false,true,12,2020-04-01,2021-03-31,0
2021-02-01,74610,2021-03-31,3,,,,,,,,,,,,,,,,,,,,,,,,,,,,,,,,,15180000,347170,14832866,false,false,9,2020-04-01,2020-12-31,0
2021-02-01,74610,2020-03-31,3,,,,,,,,,,,,,,,,,,,,,,,,,,,,,,,,,,,14832876,false,false,9,2019-04-01,2019-12-31,-1
2021-03-15,74610,2021-03-31,,33700000000,0.021,,,,,2130000000,0.331,2160000000,0.309,,1030000000,,69.44,,,,,,,,,,,,,,,,,,,,,,true,true,12,2020-04-01,2021-03-31,0
2021-03-15,74610,2020-03-31,,32710000000,,,,,,1590000000,,1647000000,,,794000000,,53.58,,,,,,,,,,,,,,,,,,,,,,true,false,12,2019-04-01,2020-03-31,-1
2021-03-15,74610,2021-03-31,,,,,,,,,,,,,,,,,,,,,,,,,,,,,,12.00,,,,,,,false,true,12,2020-04-01,2021-03-31,0
2021-03-15,74610,2021-03-31,,,,,,,,,,,,,,,,,,,,,,,,,,,,,,0.00,,,,,,,false,false,12,2020-04-01,2021-03-31,0
2021-03-15,74610,2020-03-31,,,,,,,,,,,,,,,,,,,,,,,,,,,,,,10.00,,,,,,,false,false,12,2019-04-01,2020-03-31,-1
2021-05-10,74610,2021-03-31,,34052000000,0.041,,,,,2123000000,0.335,2182000000,0.325,,1050000000,,70.85,,0.090,0.091,0.062,,23991000000,14117000000,0.507,820.72,12173000000,2538000000,-453000000,-1797000000,3123000000,,0.169,,,,,,true,false,12,2020-04-01,2021-03-31,0
2021-05-10,74610,2020-03-31,,32710000000,0.004,,,,,1590000000,0.075,1647000000,0.069,,794000000,,53.58,,0.073,0.067,0.049,,23991000000,12823000000,0.466,753.77,11180000000,1960000000,-599000000,-2501000000,2835000000,,0.187,,,,,,true,false,12,2019-04-01,2020-03-31,-1
2021-05-10,74610,2022-03-31,,17800000000,0.000,,,,,1300000000,-0.081,1450000000,-0.014,,700000000,,47.19,,,,,,,,,,,,,,,,,,,,,,true,true,6,2021-04-01,2021-09-30,1
2021-05-10,74610,2022-03-31,,34000000000,-0.002,,,,,2200000000,0.036,2250000000,0.031,,1100000000,,74.16,,,,,,,,,,,,,,,,0.135,,,,,,true,true,12,2021-04-01,2022-03-31,1
2021-05-10,74610,2021-03-31,,11246000000,-0.097,,,,,547000000,-0.015,576000000,-0.018,376000000,,0.103,25.37,,,,,,11439000000,9083000000,0.794,612.38,9083000000,,,,,12.00,,,,15180000,347170,14832857,false,false,12,2020-04-01,2021-03-31,0
2021-05-10,74610,2020-03-31,,12454000000,0.011,,,,,556000000,-0.081,587000000,-0.084,341000000,,-0.290,23.00,,,,,,11382000000,8764000000,0.770,590.91,8764000000,,,,,10.00,,,,15180000,347124,14832876,false,false,12,2019-04-01,2020-03-31,-1
2021-05-10,74610,2022-03-31,,,,,,,,,,,,,,,,,,,,,,,,,,,,,,10.00,,,,,,,false,true,12,2021-04-01,2022-03-31,1
2021-08-02,74610,2022-03-31,1,8400000000,,,,,,662000000,,694000000,,,374000000,,25.25,,,,,,25354000000,14331000000,0.487,832.53,12348000000,,,,,,,,,,,,true,false,3,2021-04-01,2021-06-30,0
2021-08-02,74610,2021-03-31,1,8321000000,0.033,,,,,635000000,0.299,665000000,0.321,,327000000,,22.06,,,,,,,,,,,,,,,,,,,,,,true,false,3,2020-04-01,2020-06-30,-1
2021-08-02,74610,2022-03-31,1,17800000000,0.000,,,,,1300000000,-0.081,1450000000,-0.014,,700000000,,47.19,,,,,,,,,,,,,,,,,,,,,,true,true,6,2021-04-01,2021-09-30,0
2021-08-02,74610,2022-03-31,1,34000000000,-0.002,,,,,2200000000,0.036,2250000000,0.031,,1100000000,,74.16,,,,,,,,,,,,,,,,,,,,,,true,true,12,2021-04-01,2022-03-31,0
2021-08-02,74610,2021-03-31,1,,,,,,,,,,,,,,,,,,,,23991000000,14117000000,0.507,820.72,12173000000,,,,,,,,,,,,true,false,12,2020-04-01,2021-03-31,-1
2021-08-02,74610,2021-03-31,1,,,,,,,,,,,,,,,,,,,,,,,,,,,,,12.00,,,,15180000,347170,,false,false,12,2020-04-01,2021-03-31,-1
2021-08-02,74610,2022-03-31,1,,,,,,,,,,,,,,,,,,,,,,,,,,,,,10.00,,,,,,,false,true,12,2021-04-01,2022-03-31,0
2021-08-02,74610,2022-03-31,1,,,,,,,,,,,,,,,,,,,,,,,,,,,,,,,,,15180000,347170,14832830,false,false,3,2021-04-01,2021-06-30,0
2021-08-02,74610,2021-03-31,1,,,,,,,,,,,,,,,,,,,,,,,,,,,,,,,,,,,14832876,false,false,3,2020-04-01,2020-06-30,-1
2021-11-01,7461,2022-03-31,2,18094000000,0.017,,,,,1454000000,0.029,1528000000,0.039,,790000000,,53.32,,,,,,26011000000,14913000000,0.493,864.71,12826000000,,,,,,,,,,,,true,false,6,2021-04-01,2021-09-30,0
2021-11-01,7461,2021-03-31,2,17792000000,0.024,,,,,1414000000,0.239,1470000000,0.250,,709000000,,47.85,,,,,,,,,,,,,,,,,,,,,,true,false,6,2020-04-01,2020-09-30,-1
2021-11-01,7461,2022-03-31,2,34000000000,-0.002,,,,,2200000000,0.036,2250000000,0.031,,1100000000,,74.16,,,,,,,,,,,,,,,,,,,,,,true,true,12,2021-04-01,2022-03-31,0
2021-11-01,7461,2021-03-31,2,,,,,,,,,,,,,,,,,,,,23991000000,14117000000,0.507,820.72,12173000000,,,,,,,,,,,,true,false,12,2020-04-01,2021-03-31,-1
2021-11-01,7461,2021-03-31,2,,,,,,,,,,,,,,,,,,,,,,,,,,,,,12.00,,,,15180000,347170,,false,false,12,2020-04-01,2021-03-31,-1
2021-11-01,7461,2022-03-31,2,,,,,,,,,,,,,,,,,,,,,,,,,,,,,0.00,,,,,,,false,false,12,2021-04-01,2022-03-31,0
2021-11-01,7461,2022-03-31,2,,,,,,,,,,,,,,,,,,,,,,,,,,,,,10.00,,,,,,,false,true,12,2021-04-01,2022-03-31,0
2021-11-01,7461,2022-03-31,2,,,,,,,,,,,,,,,,,,,,,,,,,,,,,,,,,15180000,347250,14832801,false,false,6,2021-04-01,2021-09-30,0
2021-11-01,7461,2021-03-31,2,,,,,,,,,,,,,,,,,,,,,,,,,,,,,,,,,,,14832876,false,false,6,2020-04-01,2020-09-30,-1
2022-01-31,7461,2022-03-31,3,27225000000,0.016,,,,,2132000000,0.005,2242000000,0.034,,1164000000,,78.54,,,,,,26435000000,15345000000,0.498,888.00,13171000000,,,,,,,,,,,,true,false,9,2021-04-01,2021-12-31,0
2022-01-31,7461,2021-03-31,3,26796000000,0.024,,,,,2121000000,0.274,2169000000,0.268,,1061000000,,71.53,,,,,,,,,,,,,,,,,,,,,,true,false,9,2020-04-01,2020-12-31,-1
2022-01-31,7461,2022-03-31,3,34000000000,-0.002,,,,,2200000000,0.036,2250000000,0.031,,1100000000,,74.16,,,,,,,,,,,,,,,,,,,,,,true,true,12,2021-04-01,2022-03-31,0
2022-01-31,7461,2021-03-31,3,,,,,,,,,,,,,,,,,,,,23991000000,14117000000,0.507,820.72,12173000000,,,,,,,,,,,,true,false,12,2020-04-01,2021-03-31,-1
2022-01-31,7461,2021-03-31,3,,,,,,,,,,,,,,,,,,,,,,,,,,,,,12.00,,,,15180000,347170,,false,false,12,2020-04-01,2021-03-31,-1
2022-01-31,7461,2022-03-31,3,,,,,,,,,,,,,,,,,,,,,,,,,,,,,0.00,,,,,,,false,false,12,2021-04-01,2022-03-31,0
2022-01-31,7461,2022-03-31,3,,,,,,,,,,,,,,,,,,,,,,,,,,,,,10.00,,,,,,,false,true,12,2021-04-01,2022-03-31,0
2022-01-31,7461,2022-03-31,3,,,,,,,,,,,,,,,,,,,,,,,,,,,,,,,,,15180000,347250,14832784,false,false,9,2021-04-01,2021-12-31,0
2022-01-31,7461,2021-03-31,3,,,,,,,,,,,,,,,,,,,,,,,,,,,,,,,,,,,14832866,false,false,9,2020-04-01,2020-12-31,-1
2022-05-10,7461,2022-03-31,,34342000000,0.009,,,,,2097000000,-0.012,2242000000,0.028,,1191000000,,80.35,,0.094,0.091,0.061,,25339000000,15373000000,0.520,888.88,13184000000,1173000000,-1005000000,49000000,3341000000,,0.162,,,,,,true,false,12,2021-04-01,2022-03-31,0
2022-05-10,7461,2021-03-31,,34052000000,0.041,,,,,2123000000,0.335,2182000000,0.325,,1050000000,,70.85,,0.090,0.091,0.062,,23991000000,14117000000,0.507,820.72,12173000000,2538000000,-453000000,-1797000000,3123000000,,0.169,,,,,,true,false,12,2020-04-01,2021-03-31,-1
2022-05-10,7461,2023-03-31,,18200000000,0.006,,,,,1500000000,0.031,1570000000,0.027,,810000000,,54.61,,,,,,,,,,,,,,,,,,,,,,true,true,6,2022-04-01,2022-09-30,1
2022-05-10,7461,2023-03-31,,34500000000,0.005,,,,,2200000000,0.062,2330000000,0.051,,1200000000,,80.90,,,,,,,,,,,,,,,,0.124,,,,,,true,true,12,2022-04-01,2023-03-31,1
2022-05-10,7461,2022-03-31,,11650000000,0.036,,,,,574000000,0.048,817000000,0.417,607000000,,0.614,40.94,,,,,,11997000000,9509000000,0.793,641.14,9509000000,,,,,13.00,,,,15180000,347250,14832775,false,false,12,2021-04-01,2022-03-31,0
2022-05-10,7461,2021-03-31,,11246000000,-0.097,,,,,548000000,-0.014,576000000,-0.018,376000000,,0.103,25.37,,,,,,11439000000,9083000000,0.794,612.38,9083000000,,,,,12.00,,,,15180000,347170,14832857,false,false,12,2020-04-01,2021-03-31,-1
2022-05-10,7461,2023-03-31,,,,,,,,,,,,,,,,,,,,,,,,,,,,,,10.00,,,,,,,false,true,12,2022-04-01,2023-03-31,1
2022-08-01,7461,2023-03-31,1,8430000000,0.004,,,,,595000000,-0.102,632000000,-0.090,,337000000,,22.73,,,,,,26729000000,15580000000,0.499,899.97,13349000000,,,,,,,,,,,,true,false,3,2022-04-01,2022-06-30,0
2022-08-01,7461,2022-03-31,1,8400000000,,,,,,662000000,,694000000,,,374000000,,25.25,,,,,,,,,,,,,,,,,,,,,,true,false,3,2021-04-01,2021-06-30,-1
2022-08-01,7461,2023-03-31,1,18200000000,0.006,,,,,1500000000,0.031,1570000000,0.027,,810000000,,54.61,,,,,,,,,,,,,,,,,,,,,,true,true,6,2022-04-01,2022-09-30,0
2022-08-01,7461,2023-03-31,1,34500000000,0.005,,,,,2200000000,0.062,2330000000,0.051,,1200000000,,80.90,,,,,,,,,,,,,,,,,,,,,,true,true,12,2022-04-01,2023-03-31,0
2022-08-01,7461,2022-03-31,1,,,,,,,,,,,,,,,,,,,,25339000000,15373000000,0.520,888.88,13184000000,,,,,,,,,,,,true,false,12,2021-04-01,2022-03-31,-1
2022-08-01,7461,2022-03-31,1,,,,,,,,,,,,,,,,,,,,,,,,,,,,,13.00,,,,15180000,347250,,false,false,12,2021-04-01,2022-03-31,-1
2022-08-01,7461,2023-03-31,1,,,,,,,,,,,,,,,,,,,,,,,,,,,,,10.00,,,,,,,false,true,12,2022-04-01,2023-03-31,0
2022-08-01,7461,2023-03-31,1,,,,,,,,,,,,,,,,,,,,,,,,,,,,,,,,,15180000,347250,14832750,false,false,3,2022-04-01,2022-06-30,0
2022-08-01,7461,2022-03-31,1,,,,,,,,,,,,,,,,,,,,,,,,,,,,,,,,,,,14832830,false,false,3,2021-04-01,2021-06-30,-1
2022-10-31,7461,2023-03-31,2,18217000000,0.007,,,,,1315000000,-0.096,1392000000,-0.089,,717000000,,48.36,,,,,,27092000000,16102000000,0.508,928.51,13772000000,,,,,,,,,,,,true,false,6,2022-04-01,2022-09-30,0
2022-10-31,7461,2022-03-31,2,18094000000,0.017,,,,,1454000000,0.029,1528000000,0.039,,790000000,,53.32,,,,,,,,,,,,,,,,,,,,,,true,false,6,2021-04-01,2021-09-30,-1
2022-10-31,7461,2023-03-31,2,34500000000,0.005,,,,,2200000000,0.062,2330000000,0.051,,1200000000,,80.90,,,,,,,,,,,,,,,,,,,,,,true,true,12,2022-04-01,2023-03-31,0
2022-10-31,7461,2022-03-31,2,,,,,,,,,,,,,,,,,,,,25339000000,15373000000,0.520,888.88,13184000000,,,,,,,,,,,,true,false,12,2021-04-01,2022-03-31,-1
2022-10-31,7461,2022-03-31,2,,,,,,,,,,,,,,,,,,,,,,,,,,,,,13.00,,,,15180000,347250,,false,false,12,2021-04-01,2022-03-31,-1
2022-10-31,7461,2023-03-31,2,,,,,,,,,,,,,,,,,,,,,,,,,,,,,0.00,,,,,,,false,false,12,2022-04-01,2023-03-31,0
2022-10-31,7461,2023-03-31,2,,,,,,,,,,,,,,,,,,,,,,,,,,,,,10.00,,,,,,,false,true,12,2022-04-01,2023-03-31,0
2022-10-31,7461,2023-03-31,2,,,,,,,,,,,,,,,,,,,,,,,,,,,,,,,,,15180000,347250,14832750,false,false,6,2022-04-01,2022-09-30,0
2022-10-31,7461,2022-03-31,2,,,,,,,,,,,,,,,,,,,,,,,,,,,,,,,,,,,14832801,false,false,6,2021-04-01,2021-09-30,-1
2023-02-03,7461,2023-03-31,3,27700000000,0.017,,,,,2140000000,0.004,2251000000,0.004,,1213000000,,81.82,,,,,,27496000000,16760000000,0.520,964.16,14301000000,,,,,,,,,,,,true,false,9,2022-04-01,2022-12-31,0
2023-02-03,7461,2022-03-31,3,27225000000,0.016,,,,,2132000000,0.005,2242000000,0.034,,1164000000,,78.54,,,,,,,,,,,,,,,,,,,,,,true,false,9,2021-04-01,2021-12-31,-1
2023-02-03,7461,2023-03-31,3,34500000000,0.005,,,,,2200000000,0.062,2330000000,0.051,,1200000000,,80.90,,,,,,,,,,,,,,,,,,,,,,true,true,12,2022-04-01,2023-03-31,0
2023-02-03,7461,2022-03-31,3,,,,,,,,,,,,,,,,,,,,25339000000,15373000000,0.520,888.88,13184000000,,,,,,,,,,,,true,false,12,2021-04-01,2022-03-31,-1
2023-02-03,7461,2022-03-31,3,,,,,,,,,,,,,,,,,,,,,,,,,,,,,13.00,,,,15180000,347250,,false,false,12,2021-04-01,2022-03-31,-1
2023-02-03,7461,2023-03-31,3,,,,,,,,,,,,,,,,,,,,,,,,,,,,,0.00,,,,,,,false,false,12,2022-04-01,2023-03-31,0
2023-02-03,7461,2023-03-31,3,,,,,,,,,,,,,,,,,,,,,,,,,,,,,10.00,,,,,,,false,true,12,2022-04-01,2023-03-31,0
2023-02-03,7461,2023-03-31,3,,,,,,,,,,,,,,,,,,,,,,,,,,,,,,,,,15180000,347297,14832748,false,false,9,2022-04-01,2022-12-31,0
2023-02-03,7461,2022-03-31,3,,,,,,,,,,,,,,,,,,,,,,,,,,,,,,,,,,,14832784,false,false,9,2021-04-01,2021-12-31,-1
2023-05-12,7461,2023-03-31,,35143000000,0.023,,,,,2194000000,0.046,2356000000,0.051,,1297000000,,87.47,,0.094,0.092,0.062,,26164000000,16809000000,0.548,966.99,14343000000,1901000000,-641000000,-1233000000,3367000000,,0.160,,,,,,true,false,12,2022-04-01,2023-03-31,0
2023-05-12,7461,2022-03-31,,34342000000,0.009,,,,,2097000000,-0.012,2242000000,0.028,,1191000000,,80.35,,0.094,0.091,0.061,,25339000000,15373000000,0.520,888.88,13184000000,1173000000,-1005000000,49000000,3341000000,,0.162,,,,,,true,false,12,2021-04-01,2022-03-31,-1
2023-05-12,7461,2024-03-31,,19717000000,0.082,,,,,1500000000,0.140,1635000000,0.175,,908000000,,61.22,,,,,,,,,,,,,,,,,,,,,,true,true,6,2023-04-01,2023-09-30,1
2023-05-12,7461,2024-03-31,,36000000000,0.024,,,,,2200000000,0.003,2360000000,0.001,,1216000000,,81.98,,,,,,,,,,,,,,,,0.171,,,,,,true,true,12,2023-04-01,2024-03-31,1
2023-05-12,7461,2023-03-31,,11665000000,0.001,,,,,626000000,0.090,848000000,0.038,612000000,,0.008,41.28,,,,,,12319000000,9983000000,0.810,673.06,9983000000,,,,,14.00,,,,15180000,347297,14832737,false,false,12,2022-04-01,2023-03-31,0
2023-05-12,7461,2022-03-31,,11650000000,0.036,,,,,574000000,0.048,817000000,0.417,607000000,,0.614,40.94,,,,,,11997000000,9509000000,0.793,641.14,9509000000,,,,,13.00,,,,15180000,347250,14832775,false,false,12,2021-04-01,2022-03-31,-1
2023-05-12,7461,2024-03-31,,,,,,,,,,,,,,,,,,,,,,,,,,,,,,14.00,,,,,,,false,true,12,2023-04-01,2024-03-31,1
2023-07-31,7461,2024-03-31,1,8437000000,0.001,,,,,659000000,0.109,689000000,0.090,,361000000,,24.39,,,,,,27658000000,17031000000,0.525,978.10,14507000000,,,,,,,,,,,,true,false,3,2023-04-01,2023-06-30,0
2023-07-31,7461,2023-03-31,1,8430000000,0.004,,,,,595000000,-0.102,632000000,-0.090,,337000000,,22.73,,,,,,,,,,,,,,,,,,,,,,true,false,3,2022-04-01,2022-06-30,-1
2023-07-31,7461,2024-03-31,1,19717000000,0.082,,,,,1500000000,0.140,1635000000,0.175,,908000000,,61.22,,,,,,,,,,,,,,,,,,,,,,true,true,6,2023-04-01,2023-09-30,0
2023-07-31,7461,2024-03-31,1,36000000000,0.024,,,,,2200000000,0.003,2360000000,0.001,,1216000000,,81.98,,,,,,,,,,,,,,,,,,,,,,true,true,12,2023-04-01,2024-03-31,0
2023-07-31,7461,2023-03-31,1,,,,,,,,,,,,,,,,,,,,26164000000,16809000000,0.548,966.99,14343000000,,,,,,,,,,,,true,false,12,2022-04-01,2023-03-31,-1
2023-07-31,7461,2023-03-31,1,,,,,,,,,,,,,,,,,,,,,,,,,,,,,14.00,,,,15180000,347297,,false,false,12,2022-04-01,2023-03-31,-1
2023-07-31,7461,2024-03-31,1,,,,,,,,,,,,,,,,,,,,,,,,,,,,,14.00,,,,,,,false,true,12,2023-04-01,2024-03-31,0
2023-07-31,7461,2024-03-31,1,,,,,,,,,,,,,,,,,,,,,,,,,,,,,,,,,15180000,347297,14832703,false,false,3,2023-04-01,2023-06-30,0
2023-07-31,7461,2023-03-31,1,,,,,,,,,,,,,,,,,,,,,,,,,,,,,,,,,,,14832750,false,false,3,2022-04-01,2022-06-30,-1
2023-10-31,7461,2024-03-31,2,17885000000,-0.018,,,,,1270000000,-0.034,1335000000,-0.041,,696000000,,46.98,,,,,,27805000000,17477000000,0.535,1003.24,14880000000,,,,,,,,,,,,true,false,6,2023-04-01,2023-09-30,0
2023-10-31,7461,2023-03-31,2,18217000000,0.007,,,,,1315000000,-0.096,1392000000,-0.089,,717000000,,48.36,,,,,,,,,,,,,,,,,,,,,,true,false,6,2022-04-01,2022-09-30,-1
2023-10-31,7461,2024-03-31,2,36000000000,0.024,,,,,2200000000,0.003,2360000000,0.001,,1216000000,,81.98,,,,,,,,,,,,,,,,,,,,,,true,true,12,2023-04-01,2024-03-31,0
2023-10-31,7461,2023-03-31,2,,,,,,,,,,,,,,,,,,,,26164000000,16809000000,0.548,966.99,14343000000,,,,,,,,,,,,true,false,12,2022-04-01,2023-03-31,-1
2023-10-31,7461,2023-03-31,2,,,,,,,,,,,,,,,,,,,,,,,,,,,,,14.00,,,,15180000,347297,,false,false,12,2022-04-01,2023-03-31,-1
2023-10-31,7461,2024-03-31,2,,,,,,,,,,,,,,,,,,,,,,,,,,,,,0.00,,,,,,,false,false,12,2023-04-01,2024-03-31,0
2023-10-31,7461,2024-03-31,2,,,,,,,,,,,,,,,,,,,,,,,,,,,,,14.00,,,,,,,false,true,12,2023-04-01,2024-03-31,0
2023-10-31,7461,2024-03-31,2,,,,,,,,,,,,,,,,,,,,,,,,,,,,,,,,,15180000,347321,14832698,false,false,6,2023-04-01,2023-09-30,0
2023-10-31,7461,2023-03-31,2,,,,,,,,,,,,,,,,,,,,,,,,,,,,,,,,,,,14832750,false,false,6,2022-04-01,2022-09-30,-1
2024-01-29,74610,2024-03-31,,34300000000,-0.047,,,,,1600000000,-0.273,1760000000,-0.254,,900000000,,60.68,,,,,,,,,,,,,,,,,,,,,,true,true,12,2023-04-01,2024-03-31,0
2024-01-29,74610,2023-03-31,,35143000000,,,,,,2194000000,,2356000000,,,1297000000,,87.47,,,,,,,,,,,,,,,,,,,,,,true,false,12,2022-04-01,2023-03-31,-1
2024-02-05,7461,2024-03-31,3,27006000000,-0.025,,,,,1854000000,-0.133,1979000000,-0.121,,1041000000,,70.19,,,,,,27821000000,17905000000,0.548,1027.80,15245000000,,,,,,,,,,,,true,false,9,2023-04-01,2023-12-31,0
2024-02-05,7461,2023-03-31,3,27700000000,0.017,,,,,2140000000,0.004,2251000000,0.004,,1213000000,,81.82,,,,,,,,,,,,,,,,,,,,,,true,false,9,2022-04-01,2022-12-31,-1
2024-02-05,7461,2024-03-31,3,34300000000,-0.024,,,,,1600000000,-0.271,1760000000,-0.253,,900000000,,60.68,,,,,,,,,,,,,,,,,,,,,,true,true,12,2023-04-01,2024-03-31,0
2024-02-05,7461,2023-03-31,3,,,,,,,,,,,,,,,,,,,,26164000000,16809000000,0.548,966.99,14343000000,,,,,,,,,,,,true,false,12,2022-04-01,2023-03-31,-1
2024-02-05,7461,2023-03-31,3,,,,,,,,,,,,,,,,,,,,,,,,,,,,,14.00,,,,15180000,347297,,false,false,12,2022-04-01,2023-03-31,-1
2024-02-05,7461,2024-03-31,3,,,,,,,,,,,,,,,,,,,,,,,,,,,,,0.00,,,,,,,false,false,12,2023-04-01,2024-03-31,0
2024-02-05,7461,2024-03-31,3,,,,,,,,,,,,,,,,,,,,,,,,,,,,,14.00,,,,,,,false,true,12,2023-04-01,2024-03-31,0
2024-02-05,7461,2024-03-31,3,,,,,,,,,,,,,,,,,,,,,,,,,,,,,,,,,15180000,347321,14832691,false,false,9,2023-04-01,2023-12-31,0
2024-02-05,7461,2023-03-31,3,,,,,,,,,,,,,,,,,,,,,,,,,,,,,,,,,,,14832748,false,false,9,2022-04-01,2022-12-31,-1
2024-05-13,7461,2024-03-31,,33993000000,-0.033,,,,,1814000000,-0.173,1983000000,-0.158,,1031000000,,69.55,,0.070,0.075,0.053,,26909000000,17985000000,0.570,1033.40,15328000000,2006000000,-1108000000,-401000000,3864000000,,0.201,,,,,,true,false,12,2023-04-01,2024-03-31,0
2024-05-13,7461,2023-03-31,,35143000000,0.023,,,,,2194000000,0.046,2356000000,0.051,,1297000000,,87.47,,0.094,0.092,0.062,,26164000000,16809000000,0.548,966.99,14343000000,1901000000,-641000000,-1233000000,3367000000,,0.160,,,,,,true,false,12,2022-04-01,2023-03-31,-1
2024-05-13,7461,2025-03-31,,17800000000,-0.005,,,,,740000000,-0.418,770000000,-0.423,,390000000,,26.29,,,,,,,,,,,,,,,,,,,,,,true,true,6,2024-04-01,2024-09-30,1
2024-05-13,7461,2025-03-31,,35000000000,0.030,,,,,1850000000,0.020,2030000000,0.024,,1090000000,,73.49,,,,,,,,,,,,,,,,0.191,,,,,,true,true,12,2024-04-01,2025-03-31,1
2024-05-13,7461,2024-03-31,,10768000000,-0.077,,,,,501000000,-0.199,704000000,-0.170,505000000,,-0.174,34.10,,,,,,12758000000,10442000000,0.818,704.01,10442000000,,,,,14.00,,,,15180000,347321,14832688,false,false,12,2023-04-01,2024-03-31,0
2024-05-13,7461,2023-03-31,,11665000000,0.001,,,,,626000000,0.090,848000000,0.038,612000000,,0.008,41.28,,,,,,12319000000,9983000000,0.810,673.06,9983000000,,,,,14.00,,,,15180000,347297,14832737,false,false,12,2022-04-01,2023-03-31,-1
2024-05-13,7461,2025-03-31,,,,,,,,,,,,,,,,,,,,,,,,,,,,,,14.00,,,,,,,false,true,12,2024-04-01,2025-03-31,1
2024-08-08,7461,2025-03-31,1,8396000000,-0.005,,,,,486000000,-0.262,519000000,-0.246,,258000000,,17.44,,,,,,27758000000,18083000000,0.554,1037.36,15386000000,,,,,,,,,,,,true,false,3,2024-04-01,2024-06-30,0
2024-08-08,7461,2024-03-31,1,8437000000,0.001,,,,,659000000,0.109,689000000,0.090,,361000000,,24.39,,,,,,,,,,,,,,,,,,,,,,true,false,3,2023-04-01,2023-06-30,-1
2024-08-08,7461,2025-03-31,1,17800000000,-0.005,,,,,740000000,-0.418,770000000,-0.423,,390000000,,26.29,,,,,,,,,,,,,,,,,,,,,,true,true,6,2024-04-01,2024-09-30,0
2024-08-08,7461,2025-03-31,1,35000000000,0.030,,,,,1850000000,0.020,2030000000,0.024,,1090000000,,73.49,,,,,,,,,,,,,,,,,,,,,,true,true,12,2024-04-01,2025-03-31,0
2024-08-08,7461,2024-03-31,1,,,,,,,,,,,,,,,,,,,,26909000000,17985000000,0.570,1033.40,15328000000,,,,,,,,,,,,true,false,12,2023-04-01,2024-03-31,-1
2024-08-08,7461,2024-03-31,1,,,,,,,,,,,,,,,,,,,,,,,,,,,,,14.00,,,,15180000,347321,,false,false,12,2023-04-01,2024-03-31,-1
2024-08-08,7461,2025-03-31,1,,,,,,,,,,,,,,,,,,,,,,,,,,,,,14.00,,,,,,,false,true,12,2024-04-01,2025-03-31,0
2024-08-08,7461,2025-03-31,1,,,,,,,,,,,,,,,,,,,,,,,,,,,,,,,,,15180000,347321,14832679,false,false,3,2024-04-01,2024-06-30,0
2024-08-08,7461,2024-03-31,1,,,,,,,,,,,,,,,,,,,,,,,,,,,,,,,,,,,14832703,false,false,3,2023-04-01,2023-06-30,-1
2024-11-01,7461,2025-03-31,2,18094000000,0.012,,,,,1073000000,-0.155,1140000000,-0.146,,584000000,,39.40,,,,,,29387000000,18439000000,0.533,1056.16,15665000000,,,,,,,,,,,,true,false,6,2024-04-01,2024-09-30,0
2024-11-01,7461,2024-03-31,2,17885000000,-0.018,,,,,1270000000,-0.034,1335000000,-0.041,,696000000,,46.98,,,,,,,,,,,,,,,,,,,,,,true,false,6,2023-04-01,2023-09-30,-1
2024-11-01,7461,2025-03-31,2,35000000000,0.030,,,,,1850000000,0.020,2030000000,0.024,,1090000000,,73.49,,,,,,,,,,,,,,,,,,,,,,true,true,12,2024-04-01,2025-03-31,0
2024-11-01,7461,2024-03-31,2,,,,,,,,,,,,,,,,,,,,26909000000,17985000000,0.570,1033.40,15328000000,,,,,,,,,,,,true,false,12,2023-04-01,2024-03-31,-1
2024-11-01,7461,2024-03-31,2,,,,,,,,,,,,,,,,,,,,,,,,,,,,,14.00,,,,15180000,347321,,false,false,12,2023-04-01,2024-03-31,-1
2024-11-01,7461,2025-03-31,2,,,,,,,,,,,,,,,,,,,,,,,,,,,,,0.00,,,,,,,false,false,12,2024-04-01,2025-03-31,0
2024-11-01,7461,2025-03-31,2,,,,,,,,,,,,,,,,,,,,,,,,,,,,,14.00,,,,,,,false,true,12,2024-04-01,2025-03-31,0
2024-11-01,7461,2025-03-31,2,,,,,,,,,,,,,,,,,,,,,,,,,,,,,,,,,15180000,347321,14832679,false,false,6,2024-04-01,2024-09-30,0
2024-11-01,7461,2024-03-31,2,,,,,,,,,,,,,,,,,,,,,,,,,,,,,,,,,,,14832698,false,false,6,2023-04-01,2023-09-30,-1
2025-02-12,7461,2025-03-31,3,27724000000,0.027,,,,,1685000000,-0.091,1778000000,-0.101,,942000000,,63.51,,,,,,32137000000,18808000000,0.497,1077.28,15979000000,,,,,,,,,,,,true,false,9,2024-04-01,2024-12-31,0
2025-02-12,7461,2024-03-31,3,27006000000,-0.025,,,,,1854000000,-0.133,1979000000,-0.121,,1041000000,,70.19,,,,,,,,,,,,,,,,,,,,,,true,false,9,2023-04-01,2023-12-31,-1
2025-02-12,7461,2025-03-31,3,35000000000,0.030,,,,,1850000000,0.020,2030000000,0.024,,1090000000,,73.49,,,,,,,,,,,,,,,,,,,,,,true,true,12,2024-04-01,2025-03-31,0
2025-02-12,7461,2024-03-31,3,,,,,,,,,,,,,,,,,,,,26909000000,17985000000,0.570,1033.40,15328000000,,,,,,,,,,,,true,false,12,2023-04-01,2024-03-31,-1
2025-02-12,7461,2024-03-31,3,,,,,,,,,,,,,,,,,,,,,,,,,,,,,14.00,,,,15180000,347321,,false,false,12,2023-04-01,2024-03-31,-1
2025-02-12,7461,2025-03-31,3,,,,,,,,,,,,,,,,,,,,,,,,,,,,,0.00,,,,,,,false,false,12,2024-04-01,2025-03-31,0
2025-02-12,7461,2025-03-31,3,,,,,,,,,,,,,,,,,,,,,,,,,,,,,14.00,,,,,,,false,true,12,2024-04-01,2025-03-31,0
2025-02-12,7461,2025-03-31,3,,,,,,,,,,,,,,,,,,,,,,,,,,,,,,,,,15180000,347321,14832679,false,false,9,2024-04-01,2024-12-31,0
2025-02-12,7461,2024-03-31,3,,,,,,,,,,,,,,,,,,,,,,,,,,,,,,,,,,,14832691,false,false,9,2023-04-01,2023-12-31,-1
2025-05-12,7461,2025-03-31,,36249000000,0.066,,,,,1948000000,0.074,2070000000,0.044,,1184000000,,79.84,,0.075,0.071,0.054,,31388000000,19094000000,0.518,1096.30,16261000000,1408000000,-3928000000,2400000000,3744000000,,0.196,,,,,,true,false,12,2024-04-01,2025-03-31,0
2025-05-12,7461,2024-03-31,,33993000000,-0.033,,,,,1814000000,-0.173,1983000000,-0.158,,1031000000,,69.55,,0.070,0.075,0.053,,26909000000,17985000000,0.570,1033.40,15328000000,2006000000,-1108000000,-401000000,3864000000,,0.201,,,,,,true,false,12,2023-04-01,2024-03-31,-1
2025-05-12,7461,2026-03-31,,18900000000,0.045,,,,,1000000000,-0.068,1030000000,-0.097,,530000000,,35.73,,,,,,,,,,,,,,,,,,,,,,true,true,6,2025-04-01,2025-09-30,1
2025-05-12,7461,2026-03-31,,39400000000,0.087,,,,,1630000000,-0.163,1680000000,-0.189,,900000000,,60.68,,,,,,,,,,,,,,,,0.231,,,,,,true,true,12,2025-04-01,2026-03-31,1
2025-05-12,7461,2025-03-31,,12004000000,0.115,,,,,768000000,0.531,954000000,0.355,676000000,,0.338,45.64,,,,,,13446000000,10867000000,0.808,732.70,10867000000,,,,,16.00,,,,15180000,347321,14832679,false,false,12,2024-04-01,2025-03-31,0
2025-05-12,7461,2024-03-31,,10768000000,-0.077,,,,,501000000,-0.199,704000000,-0.170,505000000,,-0.174,34.10,,,,,,12758000000,10442000000,0.818,704.01,10442000000,,,,,14.00,,,,15180000,347321,14832688,false,false,12,2023-04-01,2024-03-31,-1
2025-05-12,7461,2026-03-31,,,,,,,,,,,,,,,,,,,,,,,,,,,,,,14.00,,,,,,,false,true,12,2025-04-01,2026-03-31,1
2025-08-08,7461,2026-03-31,1,8602000000,0.025,,,,,442000000,-0.091,464000000,-0.107,,258000000,,17.46,,,,,,33501000000,19182000000,0.487,1099.79,16312000000,,,,,,,,,,,,true,false,3,2025-04-01,2025-06-30,0
2025-08-08,7461,2025-03-31,1,8396000000,-0.005,,,,,486000000,-0.262,519000000,-0.246,,258000000,,17.44,,,,,,,,,,,,,,,,,,,,,,true,false,3,2024-04-01,2024-06-30,-1
2025-08-08,7461,2026-03-31,1,18900000000,0.045,,,,,1000000000,-0.068,1030000000,-0.097,,530000000,,35.73,,,,,,,,,,,,,,,,,,,,,,true,true,6,2025-04-01,2025-09-30,0
2025-08-08,7461,2026-03-31,1,39400000000,0.087,,,,,1630000000,-0.163,1680000000,-0.189,,900000000,,60.68,,,,,,,,,,,,,,,,,,,,,,true,true,12,2025-04-01,2026-03-31,0
2025-08-08,7461,2025-03-31,1,,,,,,,,,,,,,,,,,,,,31388000000,19094000000,0.518,1096.30,16261000000,,,,,,,,,,,,true,false,12,2024-04-01,2025-03-31,-1
2025-08-08,7461,2025-03-31,1,,,,,,,,,,,,,,,,,,,,,,,,,,,,,16.00,,,,15180000,347321,,false,false,12,2024-04-01,2025-03-31,-1
2025-08-08,7461,2026-03-31,1,,,,,,,,,,,,,,,,,,,,,,,,,,,,,14.00,,,,,,,false,true,12,2025-04-01,2026-03-31,0
2025-08-08,7461,2026-03-31,1,,,,,,,,,,,,,,,,,,,,,,,,,,,,,,,,,15180000,347321,14832679,false,false,3,2025-04-01,2025-06-30,0
2025-08-08,7461,2025-03-31,1,,,,,,,,,,,,,,,,,,,,,,,,,,,,,,,,,,,14832679,false,false,3,2024-04-01,2024-06-30,-1
