filing_date,code,fiscal_year_end,quarterly_period,net_sales,net_sales_change,revenue,revenue_change,operating_revenue,operating_revenue_change,operating_profit,operating_profit_change,ordinary_profit,ordinary_profit_change,net_income,net_income_of_parent,net_income_change,eps,diluted_eps,roe,roa,operating_profit_to_net_sales,operating_profit_to_revenue,total_assets,net_assets,equity_ratio,bps,owner_equity,operating_cash_flow,investing_cash_flow,financing_cash_flow,cash,dividend_per_share,payout_ratio,commemorative_dividend,extra_dividend,number_of_shares,number_of_treqsury_shares,avg_number_of_shares,is_consolidated,is_forecast,duration,period_start,period_end,period_pos
2015-05-08,74640,2015-03-31,,8029000000,-0.003,,,,,297000000,-0.306,364000000,-0.150,216000000,,-0.114,43.42,,0.057,0.040,0.037,,9173000000,3908000000,0.426,782.85,3908000000,202000000,15000000,37000000,2391000000,,0.322,,,,,,true,false,12,2014-04-01,2015-03-31,0
2015-05-08,74640,2014-03-31,,8056000000,0.086,,,,,429000000,0.678,429000000,0.830,244000000,,0.905,49.02,,0.068,0.048,0.053,,8907000000,3710000000,0.417,743.04,3710000000,432000000,-183000000,-337000000,2135000000,,0.286,,,,,,true,false,12,2013-04-01,2014-03-31,-1
2015-05-08,74640,2016-03-31,,3778000000,0.028,,,,,-32000000,,-51000000,,,-61000000,,-12.22,,,,,,,,,,,,,,,,,,,,,,true,true,6,2015-04-01,2015-09-30,1
2015-05-08,74640,2016-03-31,,8411000000,0.048,,,,,355000000,0.192,318000000,-0.128,,166000000,,33.25,,,,,,,,,,,,,,,,0.421,,,,,,true,true,12,2015-04-01,2016-03-31,1
2015-05-08,74640,2015-03-31,,8021000000,-0.003,,,,,266000000,-0.304,356000000,-0.120,217000000,,-0.061,43.59,,,,,,8703000000,3785000000,0.435,758.11,3785000000,,,,,14.00,,,,5000000,6978,4993760,false,false,12,2014-04-01,2015-03-31,0
2015-05-08,74640,2014-03-31,,8047000000,0.086,,,,,382000000,0.782,404000000,0.865,231000000,,0.929,46.42,,,,,,8395000000,3586000000,0.427,718.13,3586000000,,,,,14.00,,,,5000000,5911,4994089,false,false,12,2013-04-01,2014-03-31,-1
2015-05-08,74640,2016-03-31,,3773000000,0.027,,,,,,,-52000000,,-61000000,,,-12.22,,,,,,,,,,,,,,,,,,,,,,false,true,6,2015-04-01,2015-09-30,1
2015-05-08,74640,2016-03-31,,8400000000,0.047,,,,,,,314000000,-0.118,165000000,,-0.242,33.05,,,,,,,,,,,,,,,14.00,,,,,,,false,true,12,2015-04-01,2016-03-31,1
2015-07-30,74640,2016-03-31,1,1837000000,0.070,,,,,-69000000,,-73000000,,,-75000000,,-15.16,,,,,,8992000000,3784000000,0.421,,3784000000,,,,,,,,,,,,true,false,3,2015-04-01,2015-06-30,0
2015-07-30,74640,2015-03-31,1,1716000000,0.006,,,,,-118000000,,-139000000,,,-105000000,,-21.17,,,,,,,,,,,,,,,,,,,,,,true,false,3,2014-04-01,2014-06-30,-1
2015-07-30,74640,2016-03-31,1,3778000000,0.028,,,,,-32000000,,-51000000,,,-61000000,,-12.22,,,,,,,,,,,,,,,,,,,,,,true,true,6,2015-04-01,2015-09-30,0
2015-07-30,74640,2016-03-31,1,8411000000,0.048,,,,,355000000,0.192,318000000,-0.128,,166000000,,33.25,,,,,,,,,,,,,,,,,,,,,,true,true,12,2015-04-01,2016-03-31,0
2015-07-30,74640,2015-03-31,1,,,,,,,,,,,,,,,,,,,,9173000000,3908000000,0.426,,3908000000,,,,,,,,,,,,true,false,12,2014-04-01,2015-03-31,-1
2015-07-30,74640,2015-03-31,1,,,,,,,,,,,,,,,,,,,,,,,,,,,,,14.00,,,,5000000,6978,,false,false,12,2014-04-01,2015-03-31,-1
2015-07-30,74640,2016-03-31,1,,,,,,,,,,,,,,,,,,,,,,,,,,,,,14.00,,,,,,,false,true,12,2015-04-01,2016-03-31,0
2015-07-30,74640,2016-03-31,1,,,,,,,,,,,,,,,,,,,,,,,,,,,,,,,,,5000000,6978,4993022,false,false,3,2015-04-01,2015-06-30,0
2015-07-30,74640,2015-03-31,1,,,,,,,,,,,,,,,,,,,,,,,,,,,,,,,,,,,4994089,false,false,3,2014-04-01,2014-06-30,-1
2015-10-30,74640,2016-03-31,2,3797000000,0.033,,,,,-6000000,,-13000000,,,-40000000,,-8.10,,,,,,8907000000,3794000000,0.426,,3794000000,,,,,,,,,,,,true,false,6,2015-04-01,2015-09-30,0
2015-10-30,74640,2015-03-31,2,3676000000,0.003,,,,,-51000000,,-21000000,,,-15000000,,-3.01,,,,,,,,,,,,,,,,,,,,,,true,false,6,2014-04-01,2014-09-30,-1
2015-10-30,74640,2016-03-31,2,8411000000,0.048,,,,,355000000,0.192,318000000,-0.128,,166000000,,33.25,,,,,,,,,,,,,,,,,,,,,,true,true,12,2015-04-01,2016-03-31,0
2015-10-30,74640,2015-03-31,2,,,,,,,,,,,,,,,,,,,,9173000000,3908000000,0.426,,3908000000,,,,,,,,,,,,true,false,12,2014-04-01,2015-03-31,-1
2015-10-30,74640,2015-03-31,2,,,,,,,,,,,,,,,,,,,,,,,,,,,,,14.00,,,,5000000,6978,,false,false,12,2014-04-01,2015-03-31,-1
2015-10-30,74640,2016-03-31,2,,,,,,,,,,,,,,,,,,,,,,,,,,,,,0.00,,,,,,,false,false,12,2015-04-01,2016-03-31,0
2015-10-30,74640,2016-03-31,2,,,,,,,,,,,,,,,,,,,,,,,,,,,,,14.00,,,,,,,false,true,12,2015-04-01,2016-03-31,0
2015-10-30,74640,2016-03-31,2,,,,,,,,,,,,,,,,,,,,,,,,,,,,,,,,,5000000,7623,4992799,false,false,6,2015-04-01,2015-09-30,0
2015-10-30,74640,2015-03-31,2,,,,,,,,,,,,,,,,,,,,,,,,,,,,,,,,,,,4994005,false,false,6,2014-04-01,2014-09-30,-1
2016-01-29,74640,2016-03-31,3,6094000000,0.017,,,,,159000000,0.211,149000000,-0.263,,53000000,,10.63,,,,,,9231000000,3895000000,0.422,,3895000000,,,,,,,,,,,,true,false,9,2015-04-01,2015-12-31,0
2016-01-29,74640,2015-03-31,3,5989000000,-0.006,,,,,131000000,-0.457,202000000,-0.220,,127000000,,25.51,,,,,,,,,,,,,,,,,,,,,,true,false,9,2014-04-01,2014-12-31,-1
2016-01-29,74640,2016-03-31,3,8411000000,0.048,,,,,355000000,0.192,318000000,-0.128,,166000000,,33.25,,,,,,,,,,,,,,,,,,,,,,true,true,12,2015-04-01,2016-03-31,0
2016-01-29,74640,2015-03-31,3,,,,,,,,,,,,,,,,,,,,9173000000,3908000000,0.426,,3908000000,,,,,,,,,,,,true,false,12,2014-04-01,2015-03-31,-1
2016-01-29,74640,2015-03-31,3,,,,,,,,,,,,,,,,,,,,,,,,,,,,,14.00,,,,5000000,6978,,false,false,12,2014-04-01,2015-03-31,-1
2016-01-29,74640,2016-03-31,3,,,,,,,,,,,,,,,,,,,,,,,,,,,,,0.00,,,,,,,false,false,12,2015-04-01,2016-03-31,0
2016-01-29,74640,2016-03-31,3,,,,,,,,,,,,,,,,,,,,,,,,,,,,,14.00,,,,,,,false,true,12,2015-04-01,2016-03-31,0
2016-01-29,74640,2016-03-31,3,,,,,,,,,,,,,,,,,,,,,,,,,,,,,,,,,5000000,8593,4992549,false,false,9,2015-04-01,2015-12-31,0
2016-01-29,74640,2015-03-31,3,,,,,,,,,,,,,,,,,,,,,,,,,,,,,,,,,,,4993975,false,false,9,2014-04-01,2014-12-31,-1
2016-05-09,74640,2016-03-31,,8211000000,0.023,,,,,376000000,0.264,360000000,-0.012,,196000000,,39.36,,0.050,0.039,0.046,,9208000000,3994000000,0.434,800.35,3994000000,395000000,-58000000,-312000000,2415000000,,0.356,,,,,,true,false,12,2015-04-01,2016-03-31,0
2016-05-09,74640,2015-03-31,,8029000000,-0.003,,,,,297000000,-0.306,364000000,-0.150,,216000000,,43.42,,0.057,0.040,0.037,,9173000000,3908000000,0.426,782.85,3908000000,202000000,15000000,37000000,2391000000,,0.322,,,,,,true,false,12,2014-04-01,2015-03-31,-1
2016-05-09,74640,2017-03-31,,3850000000,0.014,,,,,-19000000,,-34000000,,,-48000000,,-9.62,,,,,,,,,,,,,,,,,,,,,,true,true,6,2016-04-01,2016-09-30,1
2016-05-09,74640,2017-03-31,,8461000000,0.030,,,,,394000000,0.047,368000000,0.021,,221000000,,44.28,,,,,,,,,,,,,,,,0.316,,,,,,true,true,12,2016-04-01,2017-03-31,1
2016-05-09,74640,2016-03-31,,8203000000,0.023,,,,,349000000,0.312,347000000,-0.025,186000000,,-0.143,37.39,,,,,,8711000000,3861000000,0.443,773.62,3861000000,,,,,14.00,,,,5000000,8593,4992265,false,false,12,2015-04-01,2016-03-31,0
2016-05-09,74640,2015-03-31,,8021000000,-0.003,,,,,266000000,-0.304,356000000,-0.120,217000000,,-0.061,43.59,,,,,,8703000000,3785000000,0.435,758.11,3785000000,,,,,14.00,,,,5000000,6978,4993760,false,false,12,2014-04-01,2015-03-31,-1
2016-05-09,74640,2017-03-31,,3846000000,0.014,,,,,,,-38000000,,-51000000,,,-10.22,,,,,,,,,,,,,,,,,,,,,,false,true,6,2016-04-01,2016-09-30,1
2016-05-09,74640,2017-03-31,,8450000000,0.030,,,,,,,355000000,0.023,210000000,,0.125,42.07,,,,,,,,,,,,,,,14.00,,,,,,,false,true,12,2016-04-01,2017-03-31,1
2016-07-29,74640,2017-03-31,1,1890000000,0.029,,,,,-63000000,,-66000000,,,-60000000,,-12.06,,,,,,9067000000,3848000000,0.424,,3848000000,,,,,,,,,,,,true,false,3,2016-04-01,2016-06-30,0
2016-07-29,74640,2016-03-31,1,1837000000,0.070,,,,,-69000000,,-73000000,,,-75000000,,-15.16,,,,,,,,,,,,,,,,,,,,,,true,false,3,2015-04-01,2015-06-30,-1
2016-07-29,74640,2017-03-31,1,3850000000,0.014,,,,,-19000000,,-34000000,,,-48000000,,-9.62,,,,,,,,,,,,,,,,,,,,,,true,true,6,2016-04-01,2016-09-30,0
2016-07-29,74640,2017-03-31,1,8461000000,0.030,,,,,394000000,0.047,368000000,0.021,,221000000,,44.28,,,,,,,,,,,,,,,,,,,,,,true,true,12,2016-04-01,2017-03-31,0
2016-07-29,74640,2016-03-31,1,,,,,,,,,,,,,,,,,,,,9208000000,3994000000,0.434,,3994000000,,,,,,,,,,,,true,false,12,2015-04-01,2016-03-31,-1
2016-07-29,74640,2016-03-31,1,,,,,,,,,,,,,,,,,,,,,,,,,,,,,14.00,,,,5000000,8593,,false,false,12,2015-04-01,2016-03-31,-1
2016-07-29,74640,2017-03-31,1,,,,,,,,,,,,,,,,,,,,,,,,,,,,,14.00,,,,,,,false,true,12,2016-04-01,2017-03-31,0
2016-07-29,74640,2017-03-31,1,,,,,,,,,,,,,,,,,,,,,,,,,,,,,,,,,5000000,8593,4991407,false,false,3,2016-04-01,2016-06-30,0
2016-07-29,74640,2016-03-31,1,,,,,,,,,,,,,,,,,,,,,,,,,,,,,,,,,,,4993022,false,false,3,2015-04-01,2015-06-30,-1
2016-10-31,74640,2017-03-31,2,3962000000,0.043,,,,,12000000,,4000000,,,-16000000,,-3.25,,,,,,9058000000,3906000000,0.431,,3906000000,,,,,,,,,,,,true,false,6,2016-04-01,2016-09-30,0
2016-10-31,74640,2016-03-31,2,3797000000,0.033,,,,,-6000000,,-13000000,,,-40000000,,-8.10,,,,,,,,,,,,,,,,,,,,,,true,false,6,2015-04-01,2015-09-30,-1
2016-10-31,74640,2017-03-31,2,8461000000,0.030,,,,,394000000,0.047,368000000,0.021,,221000000,,44.28,,,,,,,,,,,,,,,,,,,,,,true,true,12,2016-04-01,2017-03-31,0
2016-10-31,74640,2016-03-31,2,,,,,,,,,,,,,,,,,,,,9208000000,3994000000,0.434,,3994000000,,,,,,,,,,,,true,false,12,2015-04-01,2016-03-31,-1
2016-10-31,74640,2016-03-31,2,,,,,,,,,,,,,,,,,,,,,,,,,,,,,14.00,,,,5000000,8593,,false,false,12,2015-04-01,2016-03-31,-1
2016-10-31,74640,2017-03-31,2,,,,,,,,,,,,,,,,,,,,,,,,,,,,,0.00,,,,,,,false,false,12,2016-04-01,2017-03-31,0
2016-10-31,74640,2017-03-31,2,,,,,,,,,,,,,,,,,,,,,,,,,,,,,14.00,,,,,,,false,true,12,2016-04-01,2017-03-31,0
2016-10-31,74640,2017-03-31,2,,,,,,,,,,,,,,,,,,,,,,,,,,,,,,,,,5000000,8593,4991407,false,false,6,2016-04-01,2016-09-30,0
2016-10-31,74640,2016-03-31,2,,,,,,,,,,,,,,,,,,,,,,,,,,,,,,,,,,,4992799,false,false,6,2015-04-01,2015-09-30,-1
2017-01-30,74640,2017-03-31,3,6384000000,0.048,,,,,191000000,0.200,177000000,0.189,,90000000,,18.23,,,,,,9466000000,3990000000,0.422,,3990000000,,,,,,,,,,,,true,false,9,2016-04-01,2016-12-31,0
2017-01-30,74640,2016-03-31,3,6094000000,0.017,,,,,159000000,0.211,149000000,-0.263,,53000000,,10.63,,,,,,,,,,,,,,,,,,,,,,true,false,9,2015-04-01,2015-12-31,-1
2017-01-30,74640,2017-03-31,3,8461000000,0.030,,,,,394000000,0.047,368000000,0.021,,221000000,,44.28,,,,,,,,,,,,,,,,,,,,,,true,true,12,2016-04-01,2017-03-31,0
2017-01-30,74640,2016-03-31,3,,,,,,,,,,,,,,,,,,,,9208000000,3994000000,0.434,,3994000000,,,,,,,,,,,,true,false,12,2015-04-01,2016-03-31,-1
2017-01-30,74640,2016-03-31,3,,,,,,,,,,,,,,,,,,,,,,,,,,,,,14.00,,,,5000000,8593,,false,false,12,2015-04-01,2016-03-31,-1
2017-01-30,74640,2017-03-31,3,,,,,,,,,,,,,,,,,,,,,,,,,,,,,0.00,,,,,,,false,false,12,2016-04-01,2017-03-31,0
2017-01-30,74640,2017-03-31,3,,,,,,,,,,,,,,,,,,,,,,,,,,,,,14.00,,,,,,,false,true,12,2016-04-01,2017-03-31,0
2017-01-30,74640,2017-03-31,3,,,,,,,,,,,,,,,,,,,,,,,,,,,,,,,,,5000000,208593,4957952,false,false,9,2016-04-01,2016-12-31,0
2017-01-30,74640,2016-03-31,3,,,,,,,,,,,,,,,,,,,,,,,,,,,,,,,,,,,4992549,false,false,9,2015-04-01,2015-12-31,-1
2017-05-02,74640,2017-03-31,,8622000000,0.019,,,,,440000000,0.117,421000000,0.144,,270000000,,55.03,,,,,,,,,,,,,,,,,,,,,,true,true,12,2016-04-01,2017-03-31,0
2017-05-02,74640,2016-03-31,,8211000000,,,,,,376000000,,360000000,,,196000000,,39.36,,,,,,,,,,,,,,,,,,,,,,true,false,12,2015-04-01,2016-03-31,-1
2017-05-02,74640,2017-03-31,,8613000000,0.019,,,,,,,399000000,0.124,256000000,,0.219,52.26,,,,,,,,,,,,,,,18.00,,,,,,,false,true,12,2016-04-01,2017-03-31,0
2017-05-02,74640,2016-03-31,,8203000000,,,,,,,,347000000,,186000000,,,37.39,,,,,,,,,,,,,,,14.00,,,,,,,false,false,12,2015-04-01,2016-03-31,-1
2017-05-02,74640,2017-03-31,,,,,,,,,,,,,,,,,,,,,,,,,,,,,,0.00,,,,,,,false,false,12,2016-04-01,2017-03-31,0
2017-05-09,74640,2017-03-31,,8622000000,0.050,,,,,440000000,0.170,421000000,0.171,,270000000,,55.03,,0.066,0.045,0.051,,9578000000,4169000000,0.435,870.40,4169000000,480000000,-27000000,-320000000,2547000000,,0.327,,,,,,true,false,12,2016-04-01,2017-03-31,0
2017-05-09,74640,2016-03-31,,8211000000,0.023,,,,,376000000,0.264,360000000,-0.012,,196000000,,39.36,,0.050,0.039,0.046,,9208000000,3994000000,0.434,800.35,3994000000,395000000,-58000000,-312000000,2415000000,,0.356,,,,,,true,false,12,2015-04-01,2016-03-31,-1
2017-05-09,74640,2018-03-31,,4090000000,0.032,,,,,42000000,2.377,27000000,5.356,,9000000,,1.88,,,,,,,,,,,,,,,,,,,,,,true,true,6,2017-04-01,2017-09-30,1
2017-05-09,74640,2018-03-31,,8853000000,0.027,,,,,461000000,0.047,435000000,0.032,,274000000,,571.95,,,,,,,,,,,,,,,,0.280,,,,,,true,true,12,2017-04-01,2018-03-31,1
2017-05-09,74640,2017-03-31,,8613000000,0.050,,,,,408000000,0.170,399000000,0.151,256000000,,0.377,52.26,,,,,,9050000000,4022000000,0.444,839.71,4022000000,,,,,18.00,,,,5000000,209402,4916772,false,false,12,2016-04-01,2017-03-31,0
2017-05-09,74640,2016-03-31,,8203000000,0.023,,,,,349000000,0.312,347000000,-0.025,186000000,,-0.143,37.39,,,,,,8711000000,3861000000,0.443,773.62,3861000000,,,,,14.00,,,,5000000,8593,4992265,false,false,12,2015-04-01,2016-03-31,-1
2017-05-09,74640,2018-03-31,,4085000000,0.032,,,,,,,16000000,,3000000,,,0.63,,,,,,,,,,,,,,,,,,,,,,false,true,6,2017-04-01,2017-09-30,1
2017-05-09,74640,2018-03-31,,8843000000,0.027,,,,,,,410000000,0.026,260000000,,0.012,542.73,,,,,,,,,,,,,,,160.00,,,,,,,false,true,12,2017-04-01,2018-03-31,1
2017-07-28,74640,2018-03-31,1,2259000000,0.195,,,,,47000000,,41000000,,,6000000,,1.40,,,,,,9623000000,4097000000,0.426,,4097000000,,,,,,,,,,,,true,false,3,2017-04-01,2017-06-30,0
2017-07-28,74640,2017-03-31,1,1890000000,0.029,,,,,-63000000,,-66000000,,,-60000000,,-12.06,,,,,,,,,,,,,,,,,,,,,,true,false,3,2016-04-01,2016-06-30,-1
2017-07-28,74640,2018-03-31,1,4090000000,0.032,,,,,42000000,2.377,27000000,5.356,,9000000,,1.88,,,,,,,,,,,,,,,,,,,,,,true,true,6,2017-04-01,2017-09-30,0
2017-07-28,74640,2018-03-31,1,8853000000,0.027,,,,,461000000,0.047,435000000,0.032,,274000000,,571.95,,,,,,,,,,,,,,,,,,,,,,true,true,12,2017-04-01,2018-03-31,0
2017-07-28,74640,2017-03-31,1,,,,,,,,,,,,,,,,,,,,9578000000,4169000000,0.435,,4169000000,,,,,,,,,,,,true,false,12,2016-04-01,2017-03-31,-1
2017-07-28,74640,2017-03-31,1,,,,,,,,,,,,,,,,,,,,,,,,,,,,,18.00,,,,5000000,209402,,false,false,12,2016-04-01,2017-03-31,-1
2017-07-28,74640,2018-03-31,1,,,,,,,,,,,,,,,,,,,,,,,,,,,,,160.00,,,,,,,false,true,12,2017-04-01,2018-03-31,0
2017-07-28,74640,2018-03-31,1,,,,,,,,,,,,,,,,,,,,,,,,,,,,,,,,,5000000,209402,4790598,false,false,3,2017-04-01,2017-06-30,0
2017-07-28,74640,2017-03-31,1,,,,,,,,,,,,,,,,,,,,,,,,,,,,,,,,,,,4991407,false,false,3,2016-04-01,2016-06-30,-1
2017-10-30,74640,2018-03-31,2,4582000000,0.157,,,,,247000000,,238000000,,,147000000,,307.82,,,,,,9833000000,4238000000,0.431,,4238000000,,,,,,,,,,,,true,false,6,2017-04-01,2017-09-30,0
2017-10-30,74640,2017-03-31,2,3962000000,0.043,,,,,12000000,,4000000,,,-16000000,,-32.50,,,,,,,,,,,,,,,,,,,,,,true,false,6,2016-04-01,2016-09-30,-1
2017-10-30,74640,2018-03-31,2,8853000000,0.027,,,,,461000000,0.047,435000000,0.032,,274000000,,571.95,,,,,,,,,,,,,,,,,,,,,,true,true,12,2017-04-01,2018-03-31,0
2017-10-30,74640,2017-03-31,2,,,,,,,,,,,,,,,,,,,,9578000000,4169000000,0.435,,4169000000,,,,,,,,,,,,true,false,12,2016-04-01,2017-03-31,-1
2017-10-30,74640,2017-03-31,2,,,,,,,,,,,,,,,,,,,,,,,,,,,,,18.00,,,,500000,20940,,false,false,12,2016-04-01,2017-03-31,-1
2017-10-30,74640,2018-03-31,2,,,,,,,,,,,,,,,,,,,,,,,,,,,,,0.00,,,,,,,false,false,12,2017-04-01,2018-03-31,0
2017-10-30,74640,2018-03-31,2,,,,,,,,,,,,,,,,,,,,,,,,,,,,,160.00,,,,,,,false,true,12,2017-04-01,2018-03-31,0
2017-10-30,74640,2018-03-31,2,,,,,,,,,,,,,,,,,,,,,,,,,,,,,,,,,500000,21019,479021,false,false,6,2017-04-01,2017-09-30,0
2017-10-30,74640,2017-03-31,2,,,,,,,,,,,,,,,,,,,,,,,,,,,,,,,,,,,499141,false,false,6,2016-04-01,2016-09-30,-1
2018-01-30,74640,2018-03-31,3,7218000000,0.131,,,,,312000000,0.634,299000000,0.682,,173000000,,362.84,,,,,,10246000000,4281000000,0.418,,4281000000,,,,,,,,,,,,true,false,9,2017-04-01,2017-12-31,0
2018-01-30,74640,2017-03-31,3,6384000000,0.048,,,,,191000000,0.200,177000000,0.189,,90000000,,182.32,,,,,,,,,,,,,,,,,,,,,,true,false,9,2016-04-01,2016-12-31,-1
2018-01-30,74640,2018-03-31,3,9573000000,0.110,,,,,582000000,0.321,562000000,0.333,,365000000,,762.06,,,,,,,,,,,,,,,,,,,,,,true,true,12,2017-04-01,2018-03-31,0
2018-01-30,74640,2017-03-31,3,,,,,,,,,,,,,,,,,,,,9578000000,4169000000,0.435,,4169000000,,,,,,,,,,,,true,false,12,2016-04-01,2017-03-31,-1
2018-01-30,74640,2017-03-31,3,,,,,,,,,,,,,,,,,,,,,,,,,,,,,18.00,,,,500000,20940,,false,false,12,2016-04-01,2017-03-31,-1
2018-01-30,74640,2018-03-31,3,,,,,,,,,,,,,,,,,,,,,,,,,,,,,0.00,,,,,,,false,false,12,2017-04-01,2018-03-31,0
2018-01-30,74640,2018-03-31,3,,,,,,,,,,,,,,,,,,,,,,,,,,,,,160.00,,,,,,,false,true,12,2017-04-01,2018-03-31,0
2018-01-30,74640,2018-03-31,3,,,,,,,,,,,,,,,,,,,,,,,,,,,,,,,,,500000,21135,478982,false,false,9,2017-04-01,2017-12-31,0
2018-01-30,74640,2017-03-31,3,,,,,,,,,,,,,,,,,,,,,,,,,,,,,,,,,,,495795,false,false,9,2016-04-01,2016-12-31,-1
2018-01-30,74640,2018-03-31,,9573000000,0.081,,,,,582000000,0.262,562000000,0.292,,365000000,,762.06,,,,,,,,,,,,,,,,,,,,,,true,true,12,2017-04-01,2018-03-31,0
2018-01-30,74640,2017-03-31,,8622000000,,,,,,440000000,,421000000,,,270000000,,550.27,,,,,,,,,,,,,,,,,,,,,,true,false,12,2016-04-01,2017-03-31,-1
2018-01-30,74640,2018-03-31,,9560000000,0.081,,,,,,,540000000,0.317,345000000,,0.327,720.30,,,,,,,,,,,,,,,,,,,,,,false,true,12,2017-04-01,2018-03-31,0
2018-01-30,74640,2017-03-31,,8613000000,,,,,,,,399000000,,256000000,,,522.60,,,,,,,,,,,,,,,,,,,,,,false,false,12,2016-04-01,2017-03-31,-1
2018-05-09,74640,2018-03-31,,9474000000,0.099,,,,,588000000,0.336,571000000,0.356,,384000000,,802.57,,0.089,0.057,0.062,,10378000000,4469000000,0.431,9335.20,4469000000,649000000,-49000000,-346000000,2802000000,,0.274,,,,,,true,false,12,2017-04-01,2018-03-31,0
2018-05-09,74640,2017-03-31,,8622000000,0.050,,,,,440000000,0.170,421000000,0.171,,270000000,,550.27,,0.066,0.045,0.051,,9578000000,4169000000,0.435,8704.01,4169000000,480000000,-27000000,-320000000,2547000000,,0.327,,,,,,true,false,12,2016-04-01,2017-03-31,-1
2018-05-09,74640,2019-03-31,,4753000000,0.037,,,,,257000000,0.040,248000000,0.042,,148000000,,309.12,,,,,,,,,,,,,,,,,,,,,,true,true,6,2018-04-01,2018-09-30,1
2018-05-09,74640,2019-03-31,,10023000000,0.058,,,,,820000000,0.394,803000000,0.404,,521000000,,1088.19,,,,,,,,,,,,,,,,0.221,,,,,,true,true,12,2018-04-01,2019-03-31,1
2018-05-09,74640,2018-03-31,,9467000000,0.099,,,,,556000000,0.362,549000000,0.377,372000000,,0.449,777.39,,,,,,9840000000,4311000000,0.438,9004.30,4311000000,,,,,220.00,,,,500000,21223,478948,false,false,12,2017-04-01,2018-03-31,0
2018-05-09,74640,2017-03-31,,8613000000,0.050,,,,,408000000,0.170,399000000,0.151,256000000,,0.377,522.60,,,,,,9050000000,4022000000,0.444,8397.13,4022000000,,,,,18.00,,,,500000,20940,491677,false,false,12,2016-04-01,2017-03-31,-1
2018-05-09,74640,2019-03-31,,4748000000,0.037,,,,,,,243000000,0.054,146000000,,0.006,304.94,,,,,,,,,,,,,,,,,,,,,,false,true,6,2018-04-01,2018-09-30,1
2018-05-09,74640,2019-03-31,,10011000000,0.057,,,,,,,781000000,0.420,504000000,,0.354,1052.68,,,,,,,,,,,,,,,240.00,,,,,,,false,true,12,2018-04-01,2019-03-31,1
2018-07-30,74640,2019-03-31,1,2234000000,-0.011,,,,,72000000,0.515,70000000,0.688,,31000000,,66.70,,,,,,10182000000,4381000000,0.430,,4381000000,,,,,,,,,,,,true,false,3,2018-04-01,2018-06-30,0
2018-07-30,74640,2018-03-31,1,2259000000,0.195,,,,,47000000,,41000000,,,6000000,,13.96,,,,,,,,,,,,,,,,,,,,,,true,false,3,2017-04-01,2017-06-30,-1
2018-07-30,74640,2019-03-31,1,4753000000,0.037,,,,,257000000,0.040,248000000,0.042,,148000000,,309.12,,,,,,,,,,,,,,,,,,,,,,true,true,6,2018-04-01,2018-09-30,0
2018-07-30,74640,2019-03-31,1,10023000000,0.058,,,,,820000000,0.394,803000000,0.404,,521000000,,1088.19,,,,,,,,,,,,,,,,,,,,,,true,true,12,2018-04-01,2019-03-31,0
2018-07-30,74640,2018-03-31,1,,,,,,,,,,,,,,,,,,,,10378000000,4469000000,0.431,,4469000000,,,,,,,,,,,,true,false,12,2017-04-01,2018-03-31,-1
2018-07-30,74640,2018-03-31,1,,,,,,,,,,,,,,,,,,,,,,,,,,,,,220.00,,,,500000,21223,,false,false,12,2017-04-01,2018-03-31,-1
2018-07-30,74640,2019-03-31,1,,,,,,,,,,,,,,,,,,,,,,,,,,,,,240.00,,,,,,,false,true,12,2018-04-01,2019-03-31,0
2018-07-30,74640,2019-03-31,1,,,,,,,,,,,,,,,,,,,,,,,,,,,,,,,,,500000,21223,478777,false,false,3,2018-04-01,2018-06-30,0
2018-07-30,74640,2018-03-31,1,,,,,,,,,,,,,,,,,,,,,,,,,,,,,,,,,,,479060,false,false,3,2017-04-01,2017-06-30,-1
2018-10-30,74640,2019-03-31,2,4653000000,0.015,,,,,311000000,0.259,303000000,0.276,,193000000,,404.28,,,,,,10395000000,4562000000,0.439,,4562000000,,,,,,,,,,,,true,false,6,2018-04-01,2018-09-30,0
2018-10-30,74640,2018-03-31,2,4582000000,0.157,,,,,247000000,,238000000,,,147000000,,307.82,,,,,,,,,,,,,,,,,,,,,,true,false,6,2017-04-01,2017-09-30,-1
2018-10-30,74640,2019-03-31,2,10023000000,0.058,,,,,820000000,0.394,803000000,0.404,,521000000,,1088.19,,,,,,,,,,,,,,,,,,,,,,true,true,12,2018-04-01,2019-03-31,0
2018-10-30,74640,2018-03-31,2,,,,,,,,,,,,,,,,,,,,10378000000,4469000000,0.431,,4469000000,,,,,,,,,,,,true,false,12,2017-04-01,2018-03-31,-1
2018-10-30,74640,2018-03-31,2,,,,,,,,,,,,,,,,,,,,,,,,,,,,,220.00,,,,500000,21223,,false,false,12,2017-04-01,2018-03-31,-1
2018-10-30,74640,2019-03-31,2,,,,,,,,,,,,,,,,,,,,,,,,,,,,,0.00,,,,,,,false,false,12,2018-04-01,2019-03-31,0
2018-10-30,74640,2019-03-31,2,,,,,,,,,,,,,,,,,,,,,,,,,,,,,240.00,,,,,,,false,true,12,2018-04-01,2019-03-31,0
2018-10-30,74640,2019-03-31,2,,,,,,,,,,,,,,,,,,,,,,,,,,,,,,,,,500000,21223,478777,false,false,6,2018-04-01,2018-09-30,0
2018-10-30,74640,2018-03-31,2,,,,,,,,,,,,,,,,,,,,,,,,,,,,,,,,,,,479021,false,false,6,2017-04-01,2017-09-30,-1
2019-01-30,74640,2019-03-31,3,7387000000,0.023,,,,,606000000,0.940,595000000,0.990,,378000000,,790.70,,,,,,10780000000,4704000000,0.436,,4704000000,,,,,,,,,,,,true,false,9,2018-04-01,2018-12-31,0
2019-01-30,74640,2018-03-31,3,7218000000,0.131,,,,,312000000,0.634,299000000,0.682,,173000000,,362.84,,,,,,,,,,,,,,,,,,,,,,true,false,9,2017-04-01,2017-12-31,-1
2019-01-30,74640,2019-03-31,3,10023000000,0.058,,,,,820000000,0.394,803000000,0.404,,521000000,,1088.19,,,,,,,,,,,,,,,,,,,,,,true,true,12,2018-04-01,2019-03-31,0
2019-01-30,74640,2018-03-31,3,,,,,,,,,,,,,,,,,,,,10378000000,4469000000,0.431,,4469000000,,,,,,,,,,,,true,false,12,2017-04-01,2018-03-31,-1
2019-01-30,74640,2018-03-31,3,,,,,,,,,,,,,,,,,,,,,,,,,,,,,220.00,,,,500000,21223,,false,false,12,2017-04-01,2018-03-31,-1
2019-01-30,74640,2019-03-31,3,,,,,,,,,,,,,,,,,,,,,,,,,,,,,0.00,,,,,,,false,false,12,2018-04-01,2019-03-31,0
2019-01-30,74640,2019-03-31,3,,,,,,,,,,,,,,,,,,,,,,,,,,,,,240.00,,,,,,,false,true,12,2018-04-01,2019-03-31,0
2019-01-30,74640,2019-03-31,3,,,,,,,,,,,,,,,,,,,,,,,,,,,,,,,,,500000,21223,478777,false,false,9,2018-04-01,2018-12-31,0
2019-01-30,74640,2018-03-31,3,,,,,,,,,,,,,,,,,,,,,,,,,,,,,,,,,,,478982,false,false,9,2017-04-01,2017-12-31,-1
2019-05-09,74640,2019-03-31,,9842000000,0.039,,,,,908000000,0.545,894000000,0.564,,594000000,,1242.31,,0.127,0.084,0.092,,10948000000,4925000000,0.450,10287.53,4925000000,689000000,-136000000,-503000000,2852000000,,0.241,,,,,,true,false,12,2018-04-01,2019-03-31,0
2019-05-09,74640,2018-03-31,,9474000000,0.099,,,,,588000000,0.336,571000000,0.356,,384000000,,802.57,,0.089,0.057,0.062,,10378000000,4469000000,0.431,9335.20,4469000000,649000000,-49000000,-346000000,2802000000,,0.274,,,,,,true,false,12,2017-04-01,2018-03-31,-1
2019-05-09,74640,2020-03-31,,4869000000,0.046,,,,,314000000,0.009,306000000,0.007,,192000000,,401.02,,,,,,,,,,,,,,,,,,,,,,true,true,6,2019-04-01,2019-09-30,1
2019-05-09,74640,2020-03-31,,10259000000,0.042,,,,,946000000,0.041,928000000,0.038,,605000000,,1263.64,,,,,,,,,,,,,,,,0.237,,,,,,true,true,12,2019-04-01,2020-03-31,1
2019-05-09,74640,2019-03-31,,9834000000,0.039,,,,,872000000,0.566,867000000,0.578,576000000,,0.549,1204.58,,,,,,10390000000,4748000000,0.457,9918.68,4748000000,,,,,300.00,,,,500000,21223,478777,false,false,12,2018-04-01,2019-03-31,0
2019-05-09,74640,2018-03-31,,9467000000,0.099,,,,,556000000,0.362,549000000,0.377,372000000,,0.449,777.39,,,,,,9840000000,4311000000,0.438,9004.30,4311000000,,,,,220.00,,,,500000,21223,478948,false,false,12,2017-04-01,2018-03-31,-1
2019-05-09,74640,2020-03-31,,4865000000,0.046,,,,,,,303000000,0.035,193000000,,0.025,403.11,,,,,,,,,,,,,,,,,,,,,,false,true,6,2019-04-01,2019-09-30,1
2019-05-09,74640,2020-03-31,,10250000000,0.042,,,,,,,892000000,0.028,583000000,,0.011,1217.69,,,,,,,,,,,,,,,300.00,,,,,,,false,true,12,2019-04-01,2020-03-31,1
2019-07-30,74640,2020-03-31,1,2370000000,0.061,,,,,97000000,0.360,92000000,0.319,,58000000,,121.45,,,,,,10792000000,4829000000,0.447,,4829000000,,,,,,,,,,,,true,false,3,2019-04-01,2019-06-30,0
2019-07-30,74640,2019-03-31,1,2234000000,-0.011,,,,,72000000,0.515,70000000,0.688,,31000000,,66.70,,,,,,,,,,,,,,,,,,,,,,true,false,3,2018-04-01,2018-06-30,-1
2019-07-30,74640,2020-03-31,1,4869000000,0.046,,,,,314000000,0.009,306000000,0.007,,192000000,,401.02,,,,,,,,,,,,,,,,,,,,,,true,true,6,2019-04-01,2019-09-30,0
2019-07-30,74640,2020-03-31,1,10259000000,0.042,,,,,946000000,0.041,928000000,0.038,,605000000,,1263.64,,,,,,,,,,,,,,,,,,,,,,true,true,12,2019-04-01,2020-03-31,0
2019-07-30,74640,2019-03-31,1,,,,,,,,,,,,,,,,,,,,10948000000,4925000000,0.450,,4925000000,,,,,,,,,,,,true,false,12,2018-04-01,2019-03-31,-1
2019-07-30,74640,2019-03-31,1,,,,,,,,,,,,,,,,,,,,,,,,,,,,,300.00,,,,500000,21223,,false,false,12,2018-04-01,2019-03-31,-1
2019-07-30,74640,2020-03-31,1,,,,,,,,,,,,,,,,,,,,,,,,,,,,,300.00,,,,,,,false,true,12,2019-04-01,2020-03-31,0
2019-07-30,74640,2020-03-31,1,,,,,,,,,,,,,,,,,,,,,,,,,,,,,,,,,500000,21223,478777,false,false,3,2019-04-01,2019-06-30,0
2019-07-30,74640,2019-03-31,1,,,,,,,,,,,,,,,,,,,,,,,,,,,,,,,,,,,478777,false,false,3,2018-04-01,2018-06-30,-1
2019-10-30,74640,2020-03-31,2,4851000000,0.043,,,,,321000000,0.033,311000000,0.024,,175000000,,366.37,,,,,,11035000000,4952000000,0.449,,4952000000,,,,,,,,,,,,true,false,6,2019-04-01,2019-09-30,0
2019-10-30,74640,2019-03-31,2,4653000000,0.015,,,,,311000000,0.259,303000000,0.276,,193000000,,404.28,,,,,,,,,,,,,,,,,,,,,,true,false,6,2018-04-01,2018-09-30,-1
2019-10-30,74640,2020-03-31,2,10259000000,0.042,,,,,946000000,0.041,928000000,0.038,,605000000,,1263.64,,,,,,,,,,,,,,,,,,,,,,true,true,12,2019-04-01,2020-03-31,0
2019-10-30,74640,2019-03-31,2,,,,,,,,,,,,,,,,,,,,10948000000,4925000000,0.450,,4925000000,,,,,,,,,,,,true,false,12,2018-04-01,2019-03-31,-1
2019-10-30,74640,2019-03-31,2,,,,,,,,,,,,,,,,,,,,,,,,,,,,,300.00,,,,500000,21223,,false,false,12,2018-04-01,2019-03-31,-1
2019-10-30,74640,2020-03-31,2,,,,,,,,,,,,,,,,,,,,,,,,,,,,,0.00,,,,,,,false,false,12,2019-04-01,2020-03-31,0
2019-10-30,74640,2020-03-31,2,,,,,,,,,,,,,,,,,,,,,,,,,,,,,300.00,,,,,,,false,true,12,2019-04-01,2020-03-31,0
2019-10-30,74640,2020-03-31,2,,,,,,,,,,,,,,,,,,,,,,,,,,,,,,,,,500000,21223,478777,false,false,6,2019-04-01,2019-09-30,0
2019-10-30,74640,2019-03-31,2,,,,,,,,,,,,,,,,,,,,,,,,,,,,,,,,,,,478777,false,false,6,2018-04-01,2018-09-30,-1
2020-01-30,74640,2020-03-31,3,7607000000,0.030,,,,,617000000,0.018,604000000,0.014,,366000000,,765.41,,,,,,11370000000,5156000000,0.454,,5156000000,,,,,,,,,,,,true,false,9,2019-04-01,2019-12-31,0
2020-01-30,74640,2019-03-31,3,7387000000,0.023,,,,,606000000,0.940,595000000,0.990,,378000000,,790.70,,,,,,,,,,,,,,,,,,,,,,true,false,9,2018-04-01,2018-12-31,-1
2020-01-30,74640,2020-03-31,3,10259000000,0.042,,,,,946000000,0.041,928000000,0.038,,605000000,,1263.64,,,,,,,,,,,,,,,,,,,,,,true,true,12,2019-04-01,2020-03-31,0
2020-01-30,74640,2019-03-31,3,,,,,,,,,,,,,,,,,,,,10948000000,4925000000,0.450,,4925000000,,,,,,,,,,,,true,false,12,2018-04-01,2019-03-31,-1
2020-01-30,74640,2019-03-31,3,,,,,,,,,,,,,,,,,,,,,,,,,,,,,300.00,,,,500000,21223,,false,false,12,2018-04-01,2019-03-31,-1
2020-01-30,74640,2020-03-31,3,,,,,,,,,,,,,,,,,,,,,,,,,,,,,0.00,,,,,,,false,false,12,2019-04-01,2020-03-31,0
2020-01-30,74640,2020-03-31,3,,,,,,,,,,,,,,,,,,,,,,,,,,,,,300.00,,,,,,,false,true,12,2019-04-01,2020-03-31,0
2020-01-30,74640,2020-03-31,3,,,,,,,,,,,,,,,,,,,,,,,,,,,,,,,,,500000,21223,478777,false,false,9,2019-04-01,2019-12-31,0
2020-01-30,74640,2019-03-31,3,,,,,,,,,,,,,,,,,,,,,,,,,,,,,,,,,,,478777,false,false,9,2018-04-01,2018-12-31,-1
2020-05-15,74640,2020-03-31,,10146000000,0.031,,,,,973000000,0.071,954000000,0.067,,612000000,,1278.97,,0.119,0.085,0.096,,11473000000,5355000000,0.467,11185.28,5355000000,1050000000,-287000000,-375000000,3240000000,,0.235,,,,,,true,false,12,2019-04-01,2020-03-31,0
2020-05-15,74640,2019-03-31,,9842000000,0.039,,,,,908000000,0.545,894000000,0.564,,594000000,,1242.31,,0.127,0.084,0.092,,10948000000,4925000000,0.450,10287.53,4925000000,689000000,-136000000,-503000000,2852000000,,0.241,,,,,,true,false,12,2018-04-01,2019-03-31,-1
2020-05-15,74640,2020-03-31,,10140000000,0.031,,,,,933000000,0.070,925000000,0.066,593000000,,0.030,1240.14,,,,,,10916000000,5158000000,0.473,10774.35,5158000000,,,,,300.00,,,,500000,21223,478777,false,false,12,2019-04-01,2020-03-31,0
2020-05-15,74640,2019-03-31,,9834000000,0.039,,,,,872000000,0.566,867000000,0.578,576000000,,0.549,1204.58,,,,,,10390000000,4748000000,0.457,9918.68,4748000000,,,,,300.00,,,,500000,21223,478777,false,false,12,2018-04-01,2019-03-31,-1
2020-07-30,74640,2021-03-31,1,2411000000,0.017,,,,,165000000,0.691,158000000,0.708,,103000000,,216.68,,,,,,11397000000,5326000000,0.467,,5326000000,,,,,,,,,,,,true,false,3,2020-04-01,2020-06-30,0
2020-07-30,74640,2020-03-31,1,2370000000,0.061,,,,,97000000,0.360,92000000,0.319,,58000000,,121.45,,,,,,,,,,,,,,,,,,,,,,true,false,3,2019-04-01,2019-06-30,-1
2020-07-30,74640,2020-03-31,1,,,,,,,,,,,,,,,,,,,,11473000000,5355000000,0.467,,5355000000,,,,,,,,,,,,true,false,12,2019-04-01,2020-03-31,-1
2020-07-30,74640,2020-03-31,1,,,,,,,,,,,,,,,,,,,,,,,,,,,,,300.00,,,,500000,21223,,false,false,12,2019-04-01,2020-03-31,-1
2020-07-30,74640,2021-03-31,1,,,,,,,,,,,,,,,,,,,,,,,,,,,,,,,,,500000,21223,478777,false,false,3,2020-04-01,2020-06-30,0
2020-07-30,74640,2020-03-31,1,,,,,,,,,,,,,,,,,,,,,,,,,,,,,,,,,,,478777,false,false,3,2019-04-01,2019-06-30,-1
2020-10-29,74640,2021-03-31,2,4828000000,-0.005,,,,,401000000,0.251,390000000,0.255,,253000000,,529.26,,,,,,11374000000,5475000000,0.481,,5475000000,,,,,,,,,,,,true,false,6,2020-04-01,2020-09-30,0
2020-10-29,74640,2020-03-31,2,4851000000,0.043,,,,,321000000,0.033,311000000,0.024,,175000000,,366.37,,,,,,,,,,,,,,,,,,,,,,true,false,6,2019-04-01,2019-09-30,-1
2020-10-29,74640,2021-03-31,2,10200000000,0.005,,,,,980000000,0.007,960000000,0.006,,636000000,,1328.38,,,,,,,,,,,,,,,,,,,,,,true,true,12,2020-04-01,2021-03-31,0
2020-10-29,74640,2020-03-31,2,,,,,,,,,,,,,,,,,,,,11473000000,5355000000,0.467,,5355000000,,,,,,,,,,,,true,false,12,2019-04-01,2020-03-31,-1
2020-10-29,74640,2020-03-31,2,,,,,,,,,,,,,,,,,,,,,,,,,,,,,300.00,,,,500000,21223,,false,false,12,2019-04-01,2020-03-31,-1
2020-10-29,74640,2021-03-31,2,,,,,,,,,,,,,,,,,,,,,,,,,,,,,0.00,,,,,,,false,false,12,2020-04-01,2021-03-31,0
2020-10-29,74640,2021-03-31,2,,,,,,,,,,,,,,,,,,,,,,,,,,,,,300.00,,,,,,,false,true,12,2020-04-01,2021-03-31,0
2020-10-29,74640,2021-03-31,2,,,,,,,,,,,,,,,,,,,,,,,,,,,,,,,,,500000,21223,478777,false,false,6,2020-04-01,2020-09-30,0
2020-10-29,74640,2020-03-31,2,,,,,,,,,,,,,,,,,,,,,,,,,,,,,,,,,,,478777,false,false,6,2019-04-01,2019-09-30,-1
2021-01-29,74640,2021-03-31,3,7630000000,0.003,,,,,747000000,0.210,735000000,0.217,,481000000,,1004.87,,,,,,11695000000,5712000000,0.488,,5712000000,,,,,,,,,,,,true,false,9,2020-04-01,2020-12-31,0
2021-01-29,74640,2020-03-31,3,7607000000,0.030,,,,,617000000,0.018,604000000,0.014,,366000000,,765.41,,,,,,,,,,,,,,,,,,,,,,true,false,9,2019-04-01,2019-12-31,-1
2021-01-29,74640,2021-03-31,3,10200000000,0.005,,,,,980000000,0.007,960000000,0.006,,636000000,,1328.38,,,,,,,,,,,,,,,,,,,,,,true,true,12,2020-04-01,2021-03-31,0
2021-01-29,74640,2020-03-31,3,,,,,,,,,,,,,,,,,,,,11473000000,5355000000,0.467,,5355000000,,,,,,,,,,,,true,false,12,2019-04-01,2020-03-31,-1
2021-01-29,74640,2020-03-31,3,,,,,,,,,,,,,,,,,,,,,,,,,,,,,300.00,,,,500000,21223,,false,false,12,2019-04-01,2020-03-31,-1
2021-01-29,74640,2021-03-31,3,,,,,,,,,,,,,,,,,,,,,,,,,,,,,0.00,,,,,,,false,false,12,2020-04-01,2021-03-31,0
2021-01-29,74640,2021-03-31,3,,,,,,,,,,,,,,,,,,,,,,,,,,,,,300.00,,,,,,,false,true,12,2020-04-01,2021-03-31,0
2021-01-29,74640,2021-03-31,3,,,,,,,,,,,,,,,,,,,,,,,,,,,,,,,,,500000,21223,478777,false,false,9,2020-04-01,2020-12-31,0
2021-01-29,74640,2020-03-31,3,,,,,,,,,,,,,,,,,,,,,,,,,,,,,,,,,,,478777,false,false,9,2019-04-01,2019-12-31,-1
2021-05-07,74640,2021-03-31,,10106000000,-0.004,,,,,1021000000,0.049,1006000000,0.055,,666000000,,1392.83,,0.118,0.086,0.101,,11842000000,5933000000,0.501,12392.15,5933000000,1350000000,-96000000,-856000000,3637000000,,0.230,,,,,,true,false,12,2020-04-01,2021-03-31,0
2021-05-07,74640,2020-03-31,,10146000000,0.031,,,,,973000000,0.071,954000000,0.067,,612000000,,1278.97,,0.119,0.085,0.096,,11473000000,5355000000,0.467,11185.28,5355000000,1050000000,-287000000,-375000000,3240000000,,0.235,,,,,,true,false,12,2019-04-01,2020-03-31,-1
2021-05-07,74640,2022-03-31,,4885000000,0.012,,,,,380000000,-0.055,376000000,-0.037,,246000000,,513.81,,,,,,,,,,,,,,,,,,,,,,true,true,6,2021-04-01,2021-09-30,1
2021-05-07,74640,2022-03-31,,10200000000,0.009,,,,,980000000,-0.041,972000000,-0.034,,644000000,,1345.09,,,,,,,,,,,,,,,,0.238,,,,,,true,true,12,2021-04-01,2022-03-31,1
2021-05-07,74640,2021-03-31,,10100000000,-0.004,,,,,980000000,0.051,975000000,0.055,647000000,,0.090,1351.74,,,,,,11297000000,5716000000,0.506,11938.98,5716000000,,,,,320.00,,,,500000,21223,478777,false,false,12,2020-04-01,2021-03-31,0
2021-05-07,74640,2020-03-31,,10140000000,0.031,,,,,933000000,0.070,925000000,0.066,593000000,,0.030,1240.14,,,,,,10916000000,5158000000,0.473,10774.35,5158000000,,,,,300.00,,,,500000,21223,478777,false,false,12,2019-04-01,2020-03-31,-1
2021-05-07,74640,2022-03-31,,,,,,,,,,,,,,,,,,,,,,,,,,,,,,320.00,,,,,,,false,true,12,2021-04-01,2022-03-31,1
2021-08-06,74640,2022-03-31,1,2565000000,0.064,,,,,196000000,0.184,193000000,0.222,,125000000,,262.27,,,,,,11764000000,5905000000,0.502,,5905000000,,,,,,,,,,,,true,false,3,2021-04-01,2021-06-30,0
2021-08-06,74640,2021-03-31,1,2411000000,0.017,,,,,165000000,0.691,158000000,0.708,,103000000,,216.68,,,,,,,,,,,,,,,,,,,,,,true,false,3,2020-04-01,2020-06-30,-1
2021-08-06,74640,2022-03-31,1,4885000000,0.012,,,,,380000000,-0.055,376000000,-0.037,,246000000,,513.81,,,,,,,,,,,,,,,,,,,,,,true,true,6,2021-04-01,2021-09-30,0
2021-08-06,74640,2022-03-31,1,10200000000,0.009,,,,,980000000,-0.041,972000000,-0.034,,644000000,,1345.09,,,,,,,,,,,,,,,,,,,,,,true,true,12,2021-04-01,2022-03-31,0
2021-08-06,74640,2021-03-31,1,,,,,,,,,,,,,,,,,,,,11842000000,5933000000,0.501,,5933000000,,,,,,,,,,,,true,false,12,2020-04-01,2021-03-31,-1
2021-08-06,74640,2021-03-31,1,,,,,,,,,,,,,,,,,,,,,,,,,,,,,320.00,,,,500000,21223,,false,false,12,2020-04-01,2021-03-31,-1
2021-08-06,74640,2022-03-31,1,,,,,,,,,,,,,,,,,,,,,,,,,,,,,320.00,,,,,,,false,true,12,2021-04-01,2022-03-31,0
2021-08-06,74640,2022-03-31,1,,,,,,,,,,,,,,,,,,,,,,,,,,,,,,,,,500000,21223,478777,false,false,3,2021-04-01,2021-06-30,0
2021-08-06,74640,2021-03-31,1,,,,,,,,,,,,,,,,,,,,,,,,,,,,,,,,,,,478777,false,false,3,2020-04-01,2020-06-30,-1
2021-10-29,7464,2022-03-31,2,5235000000,0.084,,,,,570000000,0.419,563000000,0.443,,370000000,,773.86,,,,,,12084000000,6164000000,0.510,,6164000000,,,,,,,,,,,,true,false,6,2021-04-01,2021-09-30,0
2021-10-29,7464,2021-03-31,2,4828000000,-0.005,,,,,401000000,0.251,390000000,0.255,,253000000,,529.26,,,,,,,,,,,,,,,,,,,,,,true,false,6,2020-04-01,2020-09-30,-1
2021-10-29,7464,2022-03-31,2,10200000000,0.009,,,,,980000000,-0.041,972000000,-0.034,,644000000,,1345.09,,,,,,,,,,,,,,,,,,,,,,true,true,12,2021-04-01,2022-03-31,0
2021-10-29,7464,2021-03-31,2,,,,,,,,,,,,,,,,,,,,11842000000,5933000000,0.501,,5933000000,,,,,,,,,,,,true,false,12,2020-04-01,2021-03-31,-1
2021-10-29,7464,2021-03-31,2,,,,,,,,,,,,,,,,,,,,,,,,,,,,,320.00,,,,500000,21223,,false,false,12,2020-04-01,2021-03-31,-1
2021-10-29,7464,2022-03-31,2,,,,,,,,,,,,,,,,,,,,,,,,,,,,,0.00,,,,,,,false,false,12,2021-04-01,2022-03-31,0
2021-10-29,7464,2022-03-31,2,,,,,,,,,,,,,,,,,,,,,,,,,,,,,320.00,,,,,,,false,true,12,2021-04-01,2022-03-31,0
2021-10-29,7464,2022-03-31,2,,,,,,,,,,,,,,,,,,,,,,,,,,,,,,,,,500000,21223,478777,false,false,6,2021-04-01,2021-09-30,0
2021-10-29,7464,2021-03-31,2,,,,,,,,,,,,,,,,,,,,,,,,,,,,,,,,,,,478777,false,false,6,2020-04-01,2020-09-30,-1
2022-01-28,7464,2022-03-31,3,8050000000,0.055,,,,,946000000,0.266,940000000,0.279,,619000000,,1293.77,,,,,,12269000000,6403000000,0.522,,6403000000,,,,,,,,,,,,true,false,9,2021-04-01,2021-12-31,0
2022-01-28,7464,2021-03-31,3,7630000000,0.003,,,,,747000000,0.210,735000000,0.217,,481000000,,1004.87,,,,,,,,,,,,,,,,,,,,,,true,false,9,2020-04-01,2020-12-31,-1
2022-01-28,7464,2022-03-31,3,10200000000,0.009,,,,,980000000,-0.041,972000000,-0.034,,644000000,,1345.09,,,,,,,,,,,,,,,,,,,,,,true,true,12,2021-04-01,2022-03-31,0
2022-01-28,7464,2021-03-31,3,,,,,,,,,,,,,,,,,,,,11842000000,5933000000,0.501,,5933000000,,,,,,,,,,,,true,false,12,2020-04-01,2021-03-31,-1
2022-01-28,7464,2021-03-31,3,,,,,,,,,,,,,,,,,,,,,,,,,,,,,320.00,,,,500000,21223,,false,false,12,2020-04-01,2021-03-31,-1
2022-01-28,7464,2022-03-31,3,,,,,,,,,,,,,,,,,,,,,,,,,,,,,0.00,,,,,,,false,false,12,2021-04-01,2022-03-31,0
2022-01-28,7464,2022-03-31,3,,,,,,,,,,,,,,,,,,,,,,,,,,,,,320.00,,,,,,,false,true,12,2021-04-01,2022-03-31,0
2022-01-28,7464,2022-03-31,3,,,,,,,,,,,,,,,,,,,,,,,,,,,,,,,,,500000,21302,478768,false,false,9,2021-04-01,2021-12-31,0
2022-01-28,7464,2021-03-31,3,,,,,,,,,,,,,,,,,,,,,,,,,,,,,,,,,,,478777,false,false,9,2020-04-01,2020-12-31,-1
2022-05-09,7464,2022-03-31,,10347000000,0.024,,,,,1220000000,0.195,1212000000,0.205,,809000000,,1689.82,,0.129,0.101,0.118,,12177000000,6611000000,0.543,13811.45,6611000000,1421000000,-35000000,-701000000,4321000000,,0.201,,,,,,true,false,12,2021-04-01,2022-03-31,0
2022-05-09,7464,2021-03-31,,10106000000,-0.004,,,,,1021000000,0.049,1006000000,0.055,,666000000,,1392.83,,0.118,0.086,0.101,,11842000000,5933000000,0.501,12392.15,5933000000,1350000000,-96000000,-856000000,3637000000,,0.230,,,,,,true,false,12,2020-04-01,2021-03-31,-1
2022-05-09,7464,2023-03-31,,4753000000,-0.092,,,,,385000000,-0.325,381000000,-0.324,,250000000,,522.25,,,,,,,,,,,,,,,,,,,,,,true,true,6,2022-04-01,2022-09-30,1
2022-05-09,7464,2023-03-31,,10100000000,-0.024,,,,,982000000,-0.195,976000000,-0.195,,646000000,,1349.49,,,,,,,,,,,,,,,,0.252,,,,,,true,true,12,2022-04-01,2023-03-31,1
2022-05-09,7464,2022-03-31,,10339000000,0.024,,,,,1166000000,0.190,1169000000,0.198,781000000,,0.208,1632.56,,,,,,11563000000,6375000000,0.551,13317.42,6375000000,,,,,340.00,,,,500000,21302,478751,false,false,12,2021-04-01,2022-03-31,0
2022-05-09,7464,2021-03-31,,10100000000,-0.004,,,,,980000000,0.051,975000000,0.055,647000000,,0.090,1351.74,,,,,,11297000000,5716000000,0.506,11938.98,5716000000,,,,,320.00,,,,500000,21223,478777,false,false,12,2020-04-01,2021-03-31,-1
2022-05-09,7464,2023-03-31,,,,,,,,,,,,,,,,,,,,,,,,,,,,,,340.00,,,,,,,false,true,12,2022-04-01,2023-03-31,1
2022-07-29,7464,2023-03-31,1,2415000000,-0.058,,,,,122000000,-0.376,121000000,-0.372,,74000000,,156.08,,,,,,12051000000,6517000000,0.541,,6517000000,,,,,,,,,,,,true,false,3,2022-04-01,2022-06-30,0
2022-07-29,7464,2022-03-31,1,2565000000,0.064,,,,,196000000,0.184,193000000,0.222,,125000000,,262.27,,,,,,,,,,,,,,,,,,,,,,true,false,3,2021-04-01,2021-06-30,-1
2022-07-29,7464,2023-03-31,1,4753000000,-0.092,,,,,385000000,-0.325,381000000,-0.324,,250000000,,522.25,,,,,,,,,,,,,,,,,,,,,,true,true,6,2022-04-01,2022-09-30,0
2022-07-29,7464,2023-03-31,1,10100000000,-0.024,,,,,982000000,-0.195,976000000,-0.195,,646000000,,1349.49,,,,,,,,,,,,,,,,,,,,,,true,true,12,2022-04-01,2023-03-31,0
2022-07-29,7464,2022-03-31,1,,,,,,,,,,,,,,,,,,,,12177000000,6611000000,0.543,,6611000000,,,,,,,,,,,,true,false,12,2021-04-01,2022-03-31,-1
2022-07-29,7464,2022-03-31,1,,,,,,,,,,,,,,,,,,,,,,,,,,,,,340.00,,,,500000,21302,,false,false,12,2021-04-01,2022-03-31,-1
2022-07-29,7464,2023-03-31,1,,,,,,,,,,,,,,,,,,,,,,,,,,,,,340.00,,,,,,,false,true,12,2022-04-01,2023-03-31,0
2022-07-29,7464,2023-03-31,1,,,,,,,,,,,,,,,,,,,,,,,,,,,,,,,,,500000,21302,478698,false,false,3,2022-04-01,2022-06-30,0
2022-07-29,7464,2022-03-31,1,,,,,,,,,,,,,,,,,,,,,,,,,,,,,,,,,,,478777,false,false,3,2021-04-01,2021-06-30,-1
2022-10-28,7464,2023-03-31,2,5023000000,-0.040,,,,,445000000,-0.220,442000000,-0.214,,282000000,,590.72,,,,,,12420000000,6710000000,0.540,,6710000000,,,,,,,,,,,,true,false,6,2022-04-01,2022-09-30,0
2022-10-28,7464,2022-03-31,2,5235000000,0.084,,,,,570000000,0.419,563000000,0.443,,370000000,,773.86,,,,,,,,,,,,,,,,,,,,,,true,false,6,2021-04-01,2021-09-30,-1
2022-10-28,7464,2023-03-31,2,10100000000,-0.024,,,,,982000000,-0.195,976000000,-0.195,,646000000,,1349.49,,,,,,,,,,,,,,,,,,,,,,true,true,12,2022-04-01,2023-03-31,0
2022-10-28,7464,2022-03-31,2,,,,,,,,,,,,,,,,,,,,12177000000,6611000000,0.543,,6611000000,,,,,,,,,,,,true,false,12,2021-04-01,2022-03-31,-1
2022-10-28,7464,2022-03-31,2,,,,,,,,,,,,,,,,,,,,,,,,,,,,,340.00,,,,500000,21302,,false,false,12,2021-04-01,2022-03-31,-1
2022-10-28,7464,2023-03-31,2,,,,,,,,,,,,,,,,,,,,,,,,,,,,,0.00,,,,,,,false,false,12,2022-04-01,2023-03-31,0
2022-10-28,7464,2023-03-31,2,,,,,,,,,,,,,,,,,,,,,,,,,,,,,340.00,,,,,,,false,true,12,2022-04-01,2023-03-31,0
2022-10-28,7464,2023-03-31,2,,,,,,,,,,,,,,,,,,,,,,,,,,,,,,,,,500000,21302,478698,false,false,6,2022-04-01,2022-09-30,0
2022-10-28,7464,2022-03-31,2,,,,,,,,,,,,,,,,,,,,,,,,,,,,,,,,,,,478777,false,false,6,2021-04-01,2021-09-30,-1
2023-01-31,7464,2023-03-31,3,7719000000,-0.041,,,,,733000000,-0.224,732000000,-0.221,,472000000,,986.43,,,,,,12484000000,6944000000,0.556,,6944000000,,,,,,,,,,,,true,false,9,2022-04-01,2022-12-31,0
2023-01-31,7464,2022-03-31,3,8050000000,0.055,,,,,946000000,0.266,940000000,0.279,,619000000,,1293.77,,,,,,,,,,,,,,,,,,,,,,true,false,9,2021-04-01,2021-12-31,-1
2023-01-31,7464,2023-03-31,3,10100000000,-0.024,,,,,982000000,-0.195,976000000,-0.195,,646000000,,1349.49,,,,,,,,,,,,,,,,,,,,,,true,true,12,2022-04-01,2023-03-31,0
2023-01-31,7464,2022-03-31,3,,,,,,,,,,,,,,,,,,,,12177000000,6611000000,0.543,,6611000000,,,,,,,,,,,,true,false,12,2021-04-01,2022-03-31,-1
2023-01-31,7464,2022-03-31,3,,,,,,,,,,,,,,,,,,,,,,,,,,,,,340.00,,,,500000,21302,,false,false,12,2021-04-01,2022-03-31,-1
2023-01-31,7464,2023-03-31,3,,,,,,,,,,,,,,,,,,,,,,,,,,,,,0.00,,,,,,,false,false,12,2022-04-01,2023-03-31,0
2023-01-31,7464,2023-03-31,3,,,,,,,,,,,,,,,,,,,,,,,,,,,,,340.00,,,,,,,false,true,12,2022-04-01,2023-03-31,0
2023-01-31,7464,2023-03-31,3,,,,,,,,,,,,,,,,,,,,,,,,,,,,,,,,,500000,21302,478698,false,false,9,2022-04-01,2022-12-31,0
2023-01-31,7464,2022-03-31,3,,,,,,,,,,,,,,,,,,,,,,,,,,,,,,,,,,,478768,false,false,9,2021-04-01,2021-12-31,-1
2023-05-09,7464,2023-03-31,,9967000000,-0.037,,,,,874000000,-0.284,874000000,-0.279,,575000000,,1202.43,,0.084,0.071,0.088,,12283000000,7052000000,0.574,14734.94,7052000000,710000000,-86000000,-685000000,4260000000,,0.283,,,,,,true,false,12,2022-04-01,2023-03-31,0
2023-05-09,7464,2022-03-31,,10347000000,0.024,,,,,1220000000,0.195,1212000000,0.205,,809000000,,1689.82,,0.129,0.101,0.118,,12177000000,6611000000,0.543,13811.45,6611000000,1421000000,-35000000,-701000000,4321000000,,0.201,,,,,,true,false,12,2021-04-01,2022-03-31,-1
2023-05-09,7464,2024-03-31,,4856000000,-0.033,,,,,399000000,-0.103,397000000,-0.103,,255000000,,532.76,,,,,,,,,,,,,,,,,,,,,,true,true,6,2023-04-01,2023-09-30,1
2023-05-09,7464,2024-03-31,,10110000000,0.014,,,,,880000000,0.007,880000000,0.006,,583000000,,1218.04,,,,,,,,,,,,,,,,0.279,,,,,,true,true,12,2023-04-01,2024-03-31,1
2023-05-09,7464,2023-03-31,,9958000000,-0.037,,,,,819000000,-0.298,829000000,-0.291,546000000,,-0.301,1140.79,,,,,,11651000000,6772000000,0.581,14149.61,6772000000,,,,,340.00,,,,500000,21362,478693,false,false,12,2022-04-01,2023-03-31,0
2023-05-09,7464,2022-03-31,,10339000000,0.024,,,,,1166000000,0.190,1169000000,0.198,781000000,,0.208,1632.56,,,,,,11563000000,6375000000,0.551,13317.42,6375000000,,,,,340.00,,,,500000,21302,478751,false,false,12,2021-04-01,2022-03-31,-1
2023-05-09,7464,2024-03-31,,,,,,,,,,,,,,,,,,,,,,,,,,,,,,340.00,,,,,,,false,true,12,2023-04-01,2024-03-31,1
2023-07-28,7464,2024-03-31,1,2401000000,-0.006,,,,,-46000000,,-43000000,,,-69000000,,-151.43,,,,,,12018000000,6614000000,0.550,,6614000000,,,,,,,,,,,,true,false,3,2023-04-01,2023-06-30,0
2023-07-28,7464,2023-03-31,1,2415000000,-0.058,,,,,122000000,-0.376,121000000,-0.372,,74000000,,156.08,,,,,,,,,,,,,,,,,,,,,,true,false,3,2022-04-01,2022-06-30,-1
2023-07-28,7464,2024-03-31,1,4856000000,-0.033,,,,,399000000,-0.103,397000000,-0.103,,255000000,,532.76,,,,,,,,,,,,,,,,,,,,,,true,true,6,2023-04-01,2023-09-30,0
2023-07-28,7464,2024-03-31,1,10110000000,0.014,,,,,880000000,0.007,880000000,0.006,,583000000,,1218.04,,,,,,,,,,,,,,,,,,,,,,true,true,12,2023-04-01,2024-03-31,0
2023-07-28,7464,2023-03-31,1,,,,,,,,,,,,,,,,,,,,12283000000,7052000000,0.574,,7052000000,,,,,,,,,,,,true,false,12,2022-04-01,2023-03-31,-1
2023-07-28,7464,2023-03-31,1,,,,,,,,,,,,,,,,,,,,,,,,,,,,,340.00,,,,500000,21362,,false,false,12,2022-04-01,2023-03-31,-1
2023-07-28,7464,2024-03-31,1,,,,,,,,,,,,,,,,,,,,,,,,,,,,,340.00,,,,,,,false,true,12,2023-04-01,2024-03-31,0
2023-07-28,7464,2024-03-31,1,,,,,,,,,,,,,,,,,,,,,,,,,,,,,,,,,500000,51362,461825,false,false,3,2023-04-01,2023-06-30,0
2023-07-28,7464,2023-03-31,1,,,,,,,,,,,,,,,,,,,,,,,,,,,,,,,,,,,478698,false,false,3,2022-04-01,2022-06-30,-1
2023-10-30,7464,2024-03-31,2,4947000000,-0.015,,,,,164000000,-0.630,172000000,-0.610,,102000000,,225.35,,,,,,12306000000,6820000000,0.554,,6820000000,,,,,,,,,,,,true,false,6,2023-04-01,2023-09-30,0
2023-10-30,7464,2023-03-31,2,5023000000,-0.040,,,,,445000000,-0.220,442000000,-0.214,,282000000,,590.72,,,,,,,,,,,,,,,,,,,,,,true,false,6,2022-04-01,2022-09-30,-1
2023-10-30,7464,2024-03-31,2,10110000000,0.014,,,,,500000000,-0.428,500000000,-0.428,,330000000,,730.22,,,,,,,,,,,,,,,,,,,,,,true,true,12,2023-04-01,2024-03-31,0
2023-10-30,7464,2023-03-31,2,,,,,,,,,,,,,,,,,,,,12283000000,7052000000,0.574,,7052000000,,,,,,,,,,,,true,false,12,2022-04-01,2023-03-31,-1
2023-10-30,7464,2023-03-31,2,,,,,,,,,,,,,,,,,,,,,,,,,,,,,340.00,,,,500000,21362,,false,false,12,2022-04-01,2023-03-31,-1
2023-10-30,7464,2024-03-31,2,,,,,,,,,,,,,,,,,,,,,,,,,,,,,0.00,,,,,,,false,false,12,2023-04-01,2024-03-31,0
2023-10-30,7464,2024-03-31,2,,,,,,,,,,,,,,,,,,,,,,,,,,,,,340.00,,,,,,,false,true,12,2023-04-01,2024-03-31,0
2023-10-30,7464,2024-03-31,2,,,,,,,,,,,,,,,,,,,,,,,,,,,,,,,,,500000,51362,455195,false,false,6,2023-04-01,2023-09-30,0
2023-10-30,7464,2023-03-31,2,,,,,,,,,,,,,,,,,,,,,,,,,,,,,,,,,,,478698,false,false,6,2022-04-01,2022-09-30,-1
2024-01-31,7464,2024-03-31,3,7790000000,0.009,,,,,415000000,-0.435,426000000,-0.417,,254000000,,561.07,,,,,,12456000000,6960000000,0.559,,6960000000,,,,,,,,,,,,true,false,9,2023-04-01,2023-12-31,0
2024-01-31,7464,2023-03-31,3,7719000000,-0.041,,,,,733000000,-0.224,732000000,-0.221,,472000000,,986.43,,,,,,,,,,,,,,,,,,,,,,true,false,9,2022-04-01,2022-12-31,-1
2024-01-31,7464,2024-03-31,3,10110000000,0.014,,,,,500000000,-0.428,500000000,-0.428,,330000000,,730.22,,,,,,,,,,,,,,,,,,,,,,true,true,12,2023-04-01,2024-03-31,0
2024-01-31,7464,2023-03-31,3,,,,,,,,,,,,,,,,,,,,12283000000,7052000000,0.574,,7052000000,,,,,,,,,,,,true,false,12,2022-04-01,2023-03-31,-1
2024-01-31,7464,2023-03-31,3,,,,,,,,,,,,,,,,,,,,,,,,,,,,,340.00,,,,500000,21362,,false,false,12,2022-04-01,2023-03-31,-1
2024-01-31,7464,2024-03-31,3,,,,,,,,,,,,,,,,,,,,,,,,,,,,,0.00,,,,,,,false,false,12,2023-04-01,2024-03-31,0
2024-01-31,7464,2024-03-31,3,,,,,,,,,,,,,,,,,,,,,,,,,,,,,340.00,,,,,,,false,true,12,2023-04-01,2024-03-31,0
2024-01-31,7464,2024-03-31,3,,,,,,,,,,,,,,,,,,,,,,,,,,,,,,,,,500000,51362,453002,false,false,9,2023-04-01,2023-12-31,0
2024-01-31,7464,2023-03-31,3,,,,,,,,,,,,,,,,,,,,,,,,,,,,,,,,,,,478698,false,false,9,2022-04-01,2022-12-31,-1
2024-05-09,7464,2024-03-31,,10123000000,0.016,,,,,535000000,-0.388,547000000,-0.374,,346000000,,191.78,,0.049,0.044,0.053,,12416000000,7129000000,0.574,3972.76,7129000000,849000000,6000000,-991000000,4125000000,,0.443,,,,,,true,false,12,2023-04-01,2024-03-31,0
2024-05-09,7464,2023-03-31,,9967000000,-0.037,,,,,874000000,-0.284,874000000,-0.279,,575000000,,300.61,,0.084,0.071,0.088,,12283000000,7052000000,0.574,3683.73,7052000000,710000000,-86000000,-685000000,4260000000,,0.283,,,,,,true,false,12,2022-04-01,2023-03-31,-1
2024-05-09,7464,2025-03-31,,4960000000,0.003,,,,,198000000,0.202,201000000,0.164,,124000000,,69.10,,,,,,,,,,,,,,,,,,,,,,true,true,6,2024-04-01,2024-09-30,1
2024-05-09,7464,2025-03-31,,10333000000,0.021,,,,,588000000,0.098,600000000,0.097,,395000000,,220.11,,,,,,,,,,,,,,,,0.386,,,,,,true,true,12,2024-04-01,2025-03-31,1
2024-05-09,7464,2024-03-31,,10115000000,0.016,,,,,510000000,-0.377,530000000,-0.360,337000000,,-0.382,186.82,,,,,,11799000000,6827000000,0.579,3804.63,6827000000,,,,,340.00,,,,2000000,205448,1807667,false,false,12,2023-04-01,2024-03-31,0
2024-05-09,7464,2023-03-31,,9958000000,-0.037,,,,,819000000,-0.298,829000000,-0.291,546000000,,-0.301,285.20,,,,,,11651000000,6772000000,0.581,3537.40,6772000000,,,,,340.00,,,,2000000,85448,1914771,false,false,12,2022-04-01,2023-03-31,-1
2024-05-09,7464,2025-03-31,,,,,,,,,,,,,,,,,,,,,,,,,,,,,,85.00,,,,,,,false,true,12,2024-04-01,2025-03-31,1
2024-07-31,7464,2025-03-31,1,2544000000,0.059,,,,,-15000000,,-14000000,,,-40000000,,-22.49,,,,,,12503000000,6921000000,0.554,,6921000000,,,,,,,,,,,,true,false,3,2024-04-01,2024-06-30,0
2024-07-31,7464,2024-03-31,1,2401000000,-0.006,,,,,-46000000,,-43000000,,,-69000000,,-37.86,,,,,,,,,,,,,,,,,,,,,,true,false,3,2023-04-01,2023-06-30,-1
2024-07-31,7464,2025-03-31,1,4960000000,0.003,,,,,198000000,0.202,201000000,0.164,,124000000,,69.10,,,,,,,,,,,,,,,,,,,,,,true,true,6,2024-04-01,2024-09-30,0
2024-07-31,7464,2025-03-31,1,10333000000,0.021,,,,,588000000,0.098,600000000,0.097,,395000000,,220.11,,,,,,,,,,,,,,,,,,,,,,true,true,12,2024-04-01,2025-03-31,0
2024-07-31,7464,2024-03-31,1,,,,,,,,,,,,,,,,,,,,12416000000,7129000000,0.574,,7129000000,,,,,,,,,,,,true,false,12,2023-04-01,2024-03-31,-1
2024-07-31,7464,2024-03-31,1,,,,,,,,,,,,,,,,,,,,,,,,,,,,,340.00,,,,2000000,205448,,false,false,12,2023-04-01,2024-03-31,-1
2024-07-31,7464,2025-03-31,1,,,,,,,,,,,,,,,,,,,,,,,,,,,,,85.00,,,,,,,false,true,12,2024-04-01,2025-03-31,0
2024-07-31,7464,2025-03-31,1,,,,,,,,,,,,,,,,,,,,,,,,,,,,,,,,,2000000,224648,1783581,false,false,3,2024-04-01,2024-06-30,0
2024-07-31,7464,2024-03-31,1,,,,,,,,,,,,,,,,,,,,,,,,,,,,,,,,,,,1847300,false,false,3,2023-04-01,2023-06-30,-1
2024-10-31,7464,2025-03-31,2,5176000000,0.046,,,,,104000000,-0.368,105000000,-0.390,,31000000,,17.67,,,,,,12486000000,6948000000,0.556,,6948000000,,,,,,,,,,,,true,false,6,2024-04-01,2024-09-30,0
2024-10-31,7464,2024-03-31,2,4947000000,-0.015,,,,,164000000,-0.630,172000000,-0.610,,102000000,,56.34,,,,,,,,,,,,,,,,,,,,,,true,false,6,2023-04-01,2023-09-30,-1
2024-10-31,7464,2025-03-31,2,10333000000,0.021,,,,,588000000,0.098,600000000,0.097,,395000000,,220.11,,,,,,,,,,,,,,,,,,,,,,true,true,12,2024-04-01,2025-03-31,0
2024-10-31,7464,2024-03-31,2,,,,,,,,,,,,,,,,,,,,12416000000,7129000000,0.574,,7129000000,,,,,,,,,,,,true,false,12,2023-04-01,2024-03-31,-1
2024-10-31,7464,2024-03-31,2,,,,,,,,,,,,,,,,,,,,,,,,,,,,,340.00,,,,2000000,205448,,false,false,12,2023-04-01,2024-03-31,-1
2024-10-31,7464,2025-03-31,2,,,,,,,,,,,,,,,,,,,,,,,,,,,,,0.00,,,,,,,false,false,12,2024-04-01,2025-03-31,0
2024-10-31,7464,2025-03-31,2,,,,,,,,,,,,,,,,,,,,,,,,,,,,,85.00,,,,,,,false,true,12,2024-04-01,2025-03-31,0
2024-10-31,7464,2025-03-31,2,,,,,,,,,,,,,,,,,,,,,,,,,,,,,,,,,2000000,224648,1779444,false,false,6,2024-04-01,2024-09-30,0
2024-10-31,7464,2024-03-31,2,,,,,,,,,,,,,,,,,,,,,,,,,,,,,,,,,,,1820782,false,false,6,2023-04-01,2023-09-30,-1
2025-01-31,7464,2025-03-31,3,7995000000,0.026,,,,,296000000,-0.286,299000000,-0.298,,173000000,,97.68,,,,,,12678000000,7148000000,0.564,,7148000000,,,,,,,,,,,,true,false,9,2024-04-01,2024-12-31,0
2025-01-31,7464,2024-03-31,3,7790000000,0.009,,,,,415000000,-0.435,426000000,-0.417,,254000000,,140.27,,,,,,,,,,,,,,,,,,,,,,true,false,9,2023-04-01,2023-12-31,-1
2025-01-31,7464,2025-03-31,3,10333000000,0.021,,,,,429000000,-0.199,435000000,-0.205,,287000000,,161.47,,,,,,,,,,,,,,,,,,,,,,true,true,12,2024-04-01,2025-03-31,0
2025-01-31,7464,2024-03-31,3,,,,,,,,,,,,,,,,,,,,12416000000,7129000000,0.574,,7129000000,,,,,,,,,,,,true,false,12,2023-04-01,2024-03-31,-1
2025-01-31,7464,2024-03-31,3,,,,,,,,,,,,,,,,,,,,,,,,,,,,,340.00,,,,2000000,205448,,false,false,12,2023-04-01,2024-03-31,-1
2025-01-31,7464,2025-03-31,3,,,,,,,,,,,,,,,,,,,,,,,,,,,,,0.00,,,,,,,false,false,12,2024-04-01,2025-03-31,0
2025-01-31,7464,2025-03-31,3,,,,,,,,,,,,,,,,,,,,,,,,,,,,,85.00,,,,,,,false,true,12,2024-04-01,2025-03-31,0
2025-01-31,7464,2025-03-31,3,,,,,,,,,,,,,,,,,,,,,,,,,,,,,,,,,2000000,224648,1778075,false,false,9,2024-04-01,2024-12-31,0
2025-01-31,7464,2024-03-31,3,,,,,,,,,,,,,,,,,,,,,,,,,,,,,,,,,,,1812007,false,false,9,2023-04-01,2023-12-31,-1
2025-05-09,7464,2025-03-31,,10312000000,0.019,,,,,354000000,-0.337,358000000,-0.344,,229000000,,129.39,,0.032,0.029,0.034,,12422000000,7225000000,0.582,4069.66,7225000000,1181000000,-132000000,-723000000,4451000000,,0.657,,,,,,true,false,12,2024-04-01,2025-03-31,0
2025-05-09,7464,2024-03-31,,10123000000,0.016,,,,,535000000,-0.388,547000000,-0.374,,346000000,,191.78,,0.049,0.044,0.053,,12416000000,7129000000,0.574,3972.76,7129000000,849000000,6000000,-991000000,4125000000,,0.443,,,,,,true,false,12,2023-04-01,2024-03-31,-1
2025-05-09,7464,2026-03-31,,5169000000,-0.001,,,,,102000000,-0.020,104000000,-0.012,,44000000,,24.78,,,,,,,,,,,,,,,,,,,,,,true,true,6,2025-04-01,2025-09-30,1
2025-05-09,7464,2026-03-31,,10418000000,0.010,,,,,370000000,0.043,383000000,0.067,,255000000,,143.63,,,,,,,,,,,,,,,,0.418,,,,,,true,true,12,2025-04-01,2026-03-31,1
2025-05-09,7464,2025-03-31,,10305000000,0.019,,,,,323000000,-0.366,336000000,-0.366,213000000,,-0.368,119.99,,,,,,11811000000,6908000000,0.585,3891.21,6908000000,,,,,85.00,,,,2000000,224648,1777404,false,false,12,2024-04-01,2025-03-31,0
2025-05-09,7464,2024-03-31,,10115000000,0.016,,,,,510000000,-0.377,530000000,-0.360,337000000,,-0.382,186.82,,,,,,11799000000,6827000000,0.579,3804.63,6827000000,,,,,340.00,,,,2000000,205448,1807667,false,false,12,2023-04-01,2024-03-31,-1
2025-05-09,7464,2026-03-31,,,,,,,,,,,,,,,,,,,,,,,,,,,,,,60.00,,,,,,,false,true,12,2025-04-01,2026-03-31,1
