filing_date,code,fiscal_year_end,quarterly_period,net_sales,net_sales_change,revenue,revenue_change,operating_revenue,operating_revenue_change,operating_profit,operating_profit_change,ordinary_profit,ordinary_profit_change,net_income,net_income_of_parent,net_income_change,eps,diluted_eps,roe,roa,operating_profit_to_net_sales,operating_profit_to_revenue,total_assets,net_assets,equity_ratio,bps,owner_equity,operating_cash_flow,investing_cash_flow,financing_cash_flow,cash,dividend_per_share,payout_ratio,commemorative_dividend,extra_dividend,number_of_shares,number_of_treqsury_shares,avg_number_of_shares,is_consolidated,is_forecast,duration,period_start,period_end,period_pos
2015-07-30,74750,2016-03-31,1,,,,,18441000000,0.084,666000000,0.651,733000000,0.561,,498000000,,64.49,64.20,,,,,34016000000,18373000000,0.540,2378.37,18373000000,,,,,,,,,,,,true,false,3,2015-04-01,2015-06-30,0
2015-07-30,74750,2015-03-31,1,,,,,17006000000,0.076,403000000,0.132,469000000,0.147,,305000000,,46.52,,,,,,,,,,,,,,,,,,,,,,true,false,3,2014-04-01,2014-06-30,-1
2015-07-30,74750,2016-03-31,1,,,,,36249000000,0.041,828000000,0.057,997000000,0.090,,570000000,,73.79,,,,,,,,,,,,,,,,,,,,,,true,true,6,2015-04-01,2015-09-30,0
2015-07-30,74750,2016-03-31,1,,,,,73272000000,0.039,1962000000,0.020,2300000000,0.031,,1291000000,,167.12,,,,,,,,,,,,,,,,,,,,,,true,true,12,2015-04-01,2016-03-31,0
2015-07-30,74750,2015-03-31,1,,,,,,,,,,,,,,,,,,,,34411000000,17968000000,0.522,2325.97,17968000000,,,,,,,,,,,,true,false,12,2014-04-01,2015-03-31,-1
2015-07-30,74750,2015-03-31,1,,,,,,,,,,,,,,,,,,,,,,,,,,,,,40.00,,,,7905926,180871,,false,false,12,2014-04-01,2015-03-31,-1
2015-07-30,74750,2016-03-31,1,,,,,,,,,,,,,,,,,,,,,,,,,,,,,50.00,,,,,,,false,true,12,2015-04-01,2016-03-31,0
2015-07-30,74750,2016-03-31,1,,,,,,,,,,,,,,,,,,,,,,,,,,,,,,,,,7905926,180871,7725055,false,false,3,2015-04-01,2015-06-30,0
2015-07-30,74750,2015-03-31,1,,,,,,,,,,,,,,,,,,,,,,,,,,,,,,,,,,,6559250,false,false,3,2014-04-01,2014-06-30,-1
2015-10-26,74750,2016-03-31,,,,,,37032000000,0.022,1110000000,0.341,1272000000,0.277,,726000000,,94.03,,,,,,,,,,,,,,,,,,,,,,true,true,6,2015-04-01,2015-09-30,0
2015-10-26,74750,2015-03-31,,,,,,34808000000,,783000000,,915000000,,,455000000,,69.38,,,,,,,,,,,,,,,,,,,,,,true,false,6,2014-04-01,2014-09-30,-1
2015-10-26,74750,2016-03-31,,,,,,37018000000,0.022,1064000000,0.312,1222000000,0.253,691000000,,0.253,89.53,,,,,,,,,,,,,,,,,,,,,,false,true,6,2015-04-01,2015-09-30,0
2015-10-26,74750,2015-03-31,,,,,,34307000000,,940000000,,1063000000,,604000000,,,92.12,,,,,,,,,,,,,,,,,,,,,,false,false,6,2014-04-01,2014-09-30,-1
2015-10-29,74750,2016-03-31,2,,,,,37032000000,0.064,1110000000,0.418,1272000000,0.391,,726000000,,94.03,93.59,,,,,35304000000,18582000000,0.526,2405.43,18582000000,,,,,,,,,,,,true,false,6,2015-04-01,2015-09-30,0
2015-10-29,74750,2015-03-31,2,,,,,34808000000,0.074,783000000,0.249,915000000,0.262,,455000000,,69.38,69.31,,,,,,,,,,,,,,,,,,,,,true,false,6,2014-04-01,2014-09-30,-1
2015-10-29,74750,2016-03-31,2,,,,,73272000000,0.039,1962000000,0.020,2300000000,0.031,,1291000000,,167.12,,,,,,,,,,,,,,,,,,,,,,true,true,12,2015-04-01,2016-03-31,0
2015-10-29,74750,2015-03-31,2,,,,,,,,,,,,,,,,,,,,34411000000,17968000000,0.522,2325.97,17968000000,,,,,,,,,,,,true,false,12,2014-04-01,2015-03-31,-1
2015-10-29,74750,2015-03-31,2,,,,,,,,,,,,,,,,,,,,,,,,,,,,,40.00,,,,7905926,180871,,false,false,12,2014-04-01,2015-03-31,-1
2015-10-29,74750,2016-03-31,2,,,,,,,,,,,,,,,,,,,,,,,,,,,,,25.00,,,,,,,false,false,12,2015-04-01,2016-03-31,0
2015-10-29,74750,2016-03-31,2,,,,,,,,,,,,,,,,,,,,,,,,,,,,,50.00,,,,,,,false,true,12,2015-04-01,2016-03-31,0
2015-10-29,74750,2016-03-31,2,,,,,,,,,,,,,,,,,,,,,,,,,,,,,,,,,7905926,180871,7725055,false,false,6,2015-04-01,2015-09-30,0
2015-10-29,74750,2015-03-31,2,,,,,,,,,,,,,,,,,,,,,,,,,,,,,,,,,,,6559196,false,false,6,2014-04-01,2014-09-30,-1
2016-01-29,74750,2016-03-31,3,,,,,56087000000,0.050,1828000000,0.228,2080000000,0.201,,1283000000,,166.12,165.32,,,,,36464000000,18921000000,0.519,2449.28,18920000000,,,,,,,,,,,,true,false,9,2015-04-01,2015-12-31,0
2016-01-29,74750,2015-03-31,3,,,,,53405000000,0.081,1488000000,0.182,1732000000,0.191,,944000000,,143.98,143.71,,,,,,,,,,,,,,,,,,,,,true,false,9,2014-04-01,2014-12-31,-1
2016-01-29,74750,2016-03-31,3,,,,,73272000000,0.039,1962000000,0.020,2300000000,0.031,,1291000000,,167.12,,,,,,,,,,,,,,,,,,,,,,true,true,12,2015-04-01,2016-03-31,0
2016-01-29,74750,2015-03-31,3,,,,,,,,,,,,,,,,,,,,34411000000,17968000000,0.522,2325.97,17968000000,,,,,,,,,,,,true,false,12,2014-04-01,2015-03-31,-1
2016-01-29,74750,2015-03-31,3,,,,,,,,,,,,,,,,,,,,,,,,,,,,,40.00,,,,7905926,180871,,false,false,12,2014-04-01,2015-03-31,-1
2016-01-29,74750,2016-03-31,3,,,,,,,,,,,,,,,,,,,,,,,,,,,,,25.00,,,,,,,false,false,12,2015-04-01,2016-03-31,0
2016-01-29,74750,2016-03-31,3,,,,,,,,,,,,,,,,,,,,,,,,,,,,,50.00,,,,,,,false,true,12,2015-04-01,2016-03-31,0
2016-01-29,74750,2016-03-31,3,,,,,,,,,,,,,,,,,,,,,,,,,,,,,,,,,7905926,180957,7725026,false,false,9,2015-04-01,2015-12-31,0
2016-01-29,74750,2015-03-31,3,,,,,,,,,,,,,,,,,,,,,,,,,,,,,,,,,,,6559160,false,false,9,2014-04-01,2014-12-31,-1
2016-04-28,74750,2016-03-31,,,,,,74081000000,0.051,2262000000,0.176,2687000000,0.205,,1572000000,,203.55,202.62,0.085,0.079,0.031,,33844000000,18929000000,0.559,2450.31,18928000000,3534000000,-2832000000,-2139000000,3648000000,,0.246,,,,,,true,false,12,2015-04-01,2016-03-31,0
2016-04-28,74750,2015-03-31,,,,,,70516000000,0.073,1923000000,0.243,2230000000,0.237,,1081000000,,162.55,162.05,0.066,0.067,0.028,,34411000000,17968000000,0.522,2325.97,17968000000,3366000000,-1777000000,-308000000,5086000000,,0.246,,,,,,true,false,12,2014-04-01,2015-03-31,-1
2016-04-28,74750,2017-03-31,,,,,,38460000000,0.039,1271000000,0.145,1431000000,0.125,,796000000,,103.10,,,,,,,,,,,,,,,,,,,,,,true,true,6,2016-04-01,2016-09-30,1
2016-04-28,74750,2017-03-31,,,,,,78000000000,0.053,2453000000,0.084,2800000000,0.042,,1611000000,,208.58,,,,,,,,,,,,,,,,0.288,,,,,,true,true,12,2016-04-01,2017-03-31,1
2016-04-28,74750,2016-03-31,,,,,,74049000000,0.061,2166000000,0.043,2540000000,0.079,1469000000,,1.294,190.25,189.39,,,,,33767000000,18433000000,0.546,2386.18,18433000000,,,,,50.00,,,,7905926,180957,7725012,false,false,12,2015-04-01,2016-03-31,0
2016-04-28,74750,2015-03-31,,,,,,69762000000,0.062,2077000000,0.128,2353000000,0.128,640000000,,-0.472,96.26,95.96,,,,,34458000000,17576000000,0.510,2275.14,17575000000,,,,,40.00,,,,7905926,180871,6656301,false,false,12,2014-04-01,2015-03-31,-1
2016-04-28,74750,2017-03-31,,,,,,38435000000,0.038,1234000000,0.160,1391000000,0.138,767000000,,0.110,99.36,,,,,,,,,,,,,,,,,,,,,,false,true,6,2016-04-01,2016-09-30,1
2016-04-28,74750,2017-03-31,,,,,,77944000000,0.053,2367000000,0.093,2707000000,0.066,1543000000,,0.050,199.74,,,,,,,,,,,,,,,60.00,,,,,,,false,true,12,2016-04-01,2017-03-31,1
2016-07-29,74750,2017-03-31,1,,,,,18775000000,0.018,703000000,0.056,796000000,0.087,,295000000,,38.25,38.12,,,,,33553000000,19205000000,0.572,2479.73,19205000000,,,,,,,,,,,,true,false,3,2016-04-01,2016-06-30,0
2016-07-29,74750,2016-03-31,1,,,,,18441000000,0.084,666000000,0.651,733000000,0.561,,498000000,,64.49,64.20,,,,,,,,,,,,,,,,,,,,,true,false,3,2015-04-01,2015-06-30,-1
2016-07-29,74750,2017-03-31,1,,,,,38460000000,0.039,1271000000,0.145,1431000000,0.125,,796000000,,103.10,,,,,,,,,,,,,,,,,,,,,,true,true,6,2016-04-01,2016-09-30,0
2016-07-29,74750,2017-03-31,1,,,,,78000000000,0.053,2453000000,0.084,2800000000,0.042,,1611000000,,208.58,,,,,,,,,,,,,,,,,,,,,,true,true,12,2016-04-01,2017-03-31,0
2016-07-29,74750,2016-03-31,1,,,,,,,,,,,,,,,,,,,,33844000000,18929000000,0.559,2450.31,18928000000,,,,,,,,,,,,true,false,12,2015-04-01,2016-03-31,-1
2016-07-29,74750,2016-03-31,1,,,,,,,,,,,,,,,,,,,,,,,,,,,,,50.00,,,,7905926,180957,,false,false,12,2015-04-01,2016-03-31,-1
2016-07-29,74750,2017-03-31,1,,,,,,,,,,,,,,,,,,,,,,,,,,,,,60.00,,,,,,,false,true,12,2016-04-01,2017-03-31,0
2016-07-29,74750,2017-03-31,1,,,,,,,,,,,,,,,,,,,,,,,,,,,,,,,,,7905926,160997,7731609,false,false,3,2016-04-01,2016-06-30,0
2016-07-29,74750,2016-03-31,1,,,,,,,,,,,,,,,,,,,,,,,,,,,,,,,,,,,7725055,false,false,3,2015-04-01,2015-06-30,-1
2016-10-24,74750,2017-03-31,,,,,,38005000000,-0.012,1319000000,0.037,1550000000,0.083,,1088000000,,139.70,,,,,,,,,,,,,,,,,,,,,,true,true,6,2016-04-01,2016-09-30,0
2016-10-24,74750,2016-03-31,,,,,,37032000000,,1110000000,,1272000000,,,726000000,,94.03,,,,,,,,,,,,,,,,,,,,,,true,false,6,2015-04-01,2015-09-30,-1
2016-10-28,74750,2017-03-31,2,,,,,38005000000,0.026,1319000000,0.188,1550000000,0.218,,1088000000,,139.70,,,,,,35354000000,19945000000,0.564,2541.18,19945000000,,,,,,,,,,,,true,false,6,2016-04-01,2016-09-30,0
2016-10-28,74750,2016-03-31,2,,,,,37032000000,0.064,1110000000,0.418,1272000000,0.391,,726000000,,94.03,93.59,,,,,,,,,,,,,,,,,,,,,true,false,6,2015-04-01,2015-09-30,-1
2016-10-28,74750,2017-03-31,2,,,,,78000000000,0.053,2453000000,0.084,2800000000,0.042,,1611000000,,208.58,,,,,,,,,,,,,,,,,,,,,,true,true,12,2016-04-01,2017-03-31,0
2016-10-28,74750,2016-03-31,2,,,,,,,,,,,,,,,,,,,,33844000000,18929000000,0.559,2450.31,18928000000,,,,,,,,,,,,true,false,12,2015-04-01,2016-03-31,-1
2016-10-28,74750,2016-03-31,2,,,,,,,,,,,,,,,,,,,,,,,,,,,,,50.00,,,,7905926,180957,,false,false,12,2015-04-01,2016-03-31,-1
2016-10-28,74750,2017-03-31,2,,,,,,,,,,,,,,,,,,,,,,,,,,,,,35.00,,,,,,,false,false,12,2016-04-01,2017-03-31,0
2016-10-28,74750,2017-03-31,2,,,,,,,,,,,,,,,,,,,,,,,,,,,,,60.00,,,,,,,false,true,12,2016-04-01,2017-03-31,0
2016-10-28,74750,2017-03-31,2,,,,,,,,,,,,,,,,,,,,,,,,,,,,,,,,,7905926,56997,7790269,false,false,6,2016-04-01,2016-09-30,0
2016-10-28,74750,2016-03-31,2,,,,,,,,,,,,,,,,,,,,,,,,,,,,,,,,,,,7725055,false,false,6,2015-04-01,2015-09-30,-1
2017-01-31,74750,2017-03-31,3,,,,,58755000000,0.048,2187000000,0.196,2503000000,0.203,,1547000000,,199.35,,,,,,38656000000,19347000000,0.501,2573.09,19347000000,,,,,,,,,,,,true,false,9,2016-04-01,2016-12-31,0
2017-01-31,74750,2016-03-31,3,,,,,56087000000,0.050,1828000000,0.228,2080000000,0.201,,1283000000,,166.12,165.32,,,,,,,,,,,,,,,,,,,,,true,false,9,2015-04-01,2015-12-31,-1
2017-01-31,74750,2017-03-31,3,,,,,78000000000,0.053,2453000000,0.084,2800000000,0.042,,1611000000,,208.58,,,,,,,,,,,,,,,,,,,,,,true,true,12,2016-04-01,2017-03-31,0
2017-01-31,74750,2016-03-31,3,,,,,,,,,,,,,,,,,,,,33844000000,18929000000,0.559,2450.31,18928000000,,,,,,,,,,,,true,false,12,2015-04-01,2016-03-31,-1
2017-01-31,74750,2016-03-31,3,,,,,,,,,,,,,,,,,,,,,,,,,,,,,50.00,,,,7905926,180957,,false,false,12,2015-04-01,2016-03-31,-1
2017-01-31,74750,2017-03-31,3,,,,,,,,,,,,,,,,,,,,,,,,,,,,,35.00,,,,,,,false,false,12,2016-04-01,2017-03-31,0
2017-01-31,74750,2017-03-31,3,,,,,,,,,,,,,,,,,,,,,,,,,,,,,60.00,,,,,,,false,true,12,2016-04-01,2017-03-31,0
2017-01-31,74750,2017-03-31,3,,,,,,,,,,,,,,,,,,,,,,,,,,,,,,,,,7905926,386693,7762436,false,false,9,2016-04-01,2016-12-31,0
2017-01-31,74750,2016-03-31,3,,,,,,,,,,,,,,,,,,,,,,,,,,,,,,,,,,,7725026,false,false,9,2015-04-01,2015-12-31,-1
2017-04-28,74750,2017-03-31,,,,,,77891000000,0.051,2560000000,0.132,3140000000,0.168,,1956000000,,255.02,,0.102,0.090,0.033,,36232000000,19278000000,0.532,2602.43,19278000000,4406000000,-3318000000,-829000000,3907000000,,0.235,,,,,,true,false,12,2016-04-01,2017-03-31,0
2017-04-28,74750,2016-03-31,,,,,,74081000000,0.051,2262000000,0.176,2687000000,0.205,,1572000000,,203.55,202.62,0.085,0.079,0.031,,33844000000,18929000000,0.559,2450.31,18928000000,3534000000,-2832000000,-2139000000,3648000000,,0.246,,,,,,true,false,12,2015-04-01,2016-03-31,-1
2017-04-28,74750,2018-03-31,,,,,,41708000000,0.097,1355000000,0.027,1571000000,0.013,,1111000000,,150.04,,,,,,,,,,,,,,,,,,,,,,true,true,6,2017-04-01,2017-09-30,1
2017-04-28,74750,2018-03-31,,,,,,84307000000,0.082,2939000000,0.148,3300000000,0.051,,2178000000,,294.10,,,,,,,,,,,,,,,,0.238,,,,,,true,true,12,2017-04-01,2018-03-31,1
2017-04-28,74750,2017-03-31,,,,,,77862000000,0.051,2424000000,0.119,2966000000,0.168,1824000000,,0.242,237.79,,,,,,36104000000,18688000000,0.518,2522.82,18688000000,,,,,60.00,,,,7905926,498019,7673808,false,false,12,2016-04-01,2017-03-31,0
2017-04-28,74750,2016-03-31,,,,,,74049000000,0.061,2166000000,0.043,2540000000,0.079,1469000000,,1.294,190.25,189.39,,,,,33767000000,18433000000,0.546,2386.18,18433000000,,,,,50.00,,,,7905926,180957,7725012,false,false,12,2015-04-01,2016-03-31,-1
2017-04-28,74750,2018-03-31,,,,,,41702000000,0.098,1288000000,0.034,1498000000,0.044,1056000000,,0.061,142.55,,,,,,,,,,,,,,,,,,,,,,false,true,6,2017-04-01,2017-09-30,1
2017-04-28,74750,2018-03-31,,,,,,84295000000,0.083,2801000000,0.155,3151000000,0.062,2070000000,,0.135,279.55,,,,,,,,,,,,,,,70.00,,,,,,,false,true,12,2017-04-01,2018-03-31,1
2017-07-28,74750,2018-03-31,1,,,,,20081000000,0.070,579000000,-0.175,669000000,-0.160,,559000000,,75.51,,,,,,35974000000,19671000000,0.547,2655.51,19671000000,,,,,,,,,,,,true,false,3,2017-04-01,2017-06-30,0
2017-07-28,74750,2017-03-31,1,,,,,18775000000,0.018,703000000,0.056,796000000,0.087,,295000000,,38.25,38.12,,,,,,,,,,,,,,,,,,,,,true,false,3,2016-04-01,2016-06-30,-1
2017-07-28,74750,2018-03-31,1,,,,,41708000000,0.097,1355000000,0.027,1571000000,0.013,,1111000000,,150.04,,,,,,,,,,,,,,,,,,,,,,true,true,6,2017-04-01,2017-09-30,0
2017-07-28,74750,2018-03-31,1,,,,,84307000000,0.082,2939000000,0.148,3300000000,0.051,,2178000000,,294.10,,,,,,,,,,,,,,,,,,,,,,true,true,12,2017-04-01,2018-03-31,0
2017-07-28,74750,2017-03-31,1,,,,,,,,,,,,,,,,,,,,36232000000,19278000000,0.532,2602.43,19278000000,,,,,,,,,,,,true,false,12,2016-04-01,2017-03-31,-1
2017-07-28,74750,2017-03-31,1,,,,,,,,,,,,,,,,,,,,,,,,,,,,,60.00,,,,7905926,498019,,false,false,12,2016-04-01,2017-03-31,-1
2017-07-28,74750,2018-03-31,1,,,,,,,,,,,,,,,,,,,,,,,,,,,,,70.00,,,,,,,false,true,12,2017-04-01,2018-03-31,0
2017-07-28,74750,2018-03-31,1,,,,,,,,,,,,,,,,,,,,,,,,,,,,,,,,,7905926,498066,7407891,false,false,3,2017-04-01,2017-06-30,0
2017-07-28,74750,2017-03-31,1,,,,,,,,,,,,,,,,,,,,,,,,,,,,,,,,,,,7731609,false,false,3,2016-04-01,2016-06-30,-1
2017-10-31,74750,2018-03-31,2,,,,,40648000000,0.070,1315000000,-0.003,1573000000,0.015,,1147000000,,154.90,,,,,,37308000000,20277000000,0.544,2737.30,20277000000,,,,,,,,,,,,true,false,6,2017-04-01,2017-09-30,0
2017-10-31,74750,2017-03-31,2,,,,,38005000000,0.026,1319000000,0.188,1550000000,0.218,,1088000000,,139.70,,,,,,,,,,,,,,,,,,,,,,true,false,6,2016-04-01,2016-09-30,-1
2017-10-31,74750,2018-03-31,2,,,,,84307000000,0.082,2939000000,0.148,3300000000,0.051,,2178000000,,294.10,,,,,,,,,,,,,,,,,,,,,,true,true,12,2017-04-01,2018-03-31,0
2017-10-31,74750,2017-03-31,2,,,,,,,,,,,,,,,,,,,,36232000000,19278000000,0.532,2602.43,19278000000,,,,,,,,,,,,true,false,12,2016-04-01,2017-03-31,-1
2017-10-31,74750,2017-03-31,2,,,,,,,,,,,,,,,,,,,,,,,,,,,,,60.00,,,,7905926,498019,,false,false,12,2016-04-01,2017-03-31,-1
2017-10-31,74750,2018-03-31,2,,,,,,,,,,,,,,,,,,,,,,,,,,,,,35.00,,,,,,,false,false,12,2017-04-01,2018-03-31,0
2017-10-31,74750,2018-03-31,2,,,,,,,,,,,,,,,,,,,,,,,,,,,,,70.00,,,,,,,false,true,12,2017-04-01,2018-03-31,0
2017-10-31,74750,2018-03-31,2,,,,,,,,,,,,,,,,,,,,,,,,,,,,,,,,,7905926,498146,7407849,false,false,6,2017-04-01,2017-09-30,0
2017-10-31,74750,2017-03-31,2,,,,,,,,,,,,,,,,,,,,,,,,,,,,,,,,,,,7790269,false,false,6,2016-04-01,2016-09-30,-1
2018-01-31,74750,2018-03-31,3,,,,,62176000000,0.058,2154000000,-0.015,2510000000,0.003,,1713000000,,231.34,,,,,,39649000000,20565000000,0.519,2776.23,20565000000,,,,,,,,,,,,true,false,9,2017-04-01,2017-12-31,0
2018-01-31,74750,2017-03-31,3,,,,,58755000000,0.048,2187000000,0.196,2503000000,0.203,,1547000000,,199.35,,,,,,,,,,,,,,,,,,,,,,true,false,9,2016-04-01,2016-12-31,-1
2018-01-31,74750,2018-03-31,3,,,,,84307000000,0.082,2939000000,0.148,3300000000,0.051,,2178000000,,294.10,,,,,,,,,,,,,,,,,,,,,,true,true,12,2017-04-01,2018-03-31,0
2018-01-31,74750,2017-03-31,3,,,,,,,,,,,,,,,,,,,,36232000000,19278000000,0.532,2602.43,19278000000,,,,,,,,,,,,true,false,12,2016-04-01,2017-03-31,-1
2018-01-31,74750,2017-03-31,3,,,,,,,,,,,,,,,,,,,,,,,,,,,,,60.00,,,,7905926,498019,,false,false,12,2016-04-01,2017-03-31,-1
2018-01-31,74750,2018-03-31,3,,,,,,,,,,,,,,,,,,,,,,,,,,,,,35.00,,,,,,,false,false,12,2017-04-01,2018-03-31,0
2018-01-31,74750,2018-03-31,3,,,,,,,,,,,,,,,,,,,,,,,,,,,,,70.00,,,,,,,false,true,12,2017-04-01,2018-03-31,0
2018-01-31,74750,2018-03-31,3,,,,,,,,,,,,,,,,,,,,,,,,,,,,,,,,,7905926,498189,7407812,false,false,9,2017-04-01,2017-12-31,0
2018-01-31,74750,2017-03-31,3,,,,,,,,,,,,,,,,,,,,,,,,,,,,,,,,,,,7762436,false,false,9,2016-04-01,2016-12-31,-1
2018-04-27,74750,2018-03-31,,,,,,82312000000,0.057,2817000000,0.101,3238000000,0.031,,2164000000,,286.28,,0.095,0.079,0.035,,45274000000,26411000000,0.583,2853.54,26411000000,4683000000,-1724000000,4621000000,11487000000,,0.245,,,,,,true,false,12,2017-04-01,2018-03-31,0
2018-04-27,74750,2017-03-31,,,,,,77891000000,0.051,2560000000,0.132,3140000000,0.168,,1956000000,,255.02,,0.102,0.090,0.033,,36232000000,19278000000,0.532,2602.43,19278000000,4406000000,-3318000000,-829000000,3907000000,,0.235,,,,,,true,false,12,2016-04-01,2017-03-31,-1
2018-04-27,74750,2019-03-31,,,,,,41065000000,0.010,1422000000,0.081,1594000000,0.013,,1174000000,,126.84,,,,,,,,,,,,,,,,,,,,,,true,true,6,2018-04-01,2018-09-30,1
2018-04-27,74750,2019-03-31,,,,,,83554000000,0.015,3059000000,0.086,3400000000,0.050,,2282000000,,246.55,,,,,,,,,,,,,,,,0.284,,,,,,true,true,12,2018-04-01,2019-03-31,1
2018-04-27,74750,2018-03-31,,,,,,82305000000,0.057,2650000000,0.093,3061000000,0.032,2035000000,,0.115,269.12,,,,,,44919000000,25696000000,0.572,2776.27,25696000000,,,,,70.00,,,,9255926,222,7561775,false,false,12,2017-04-01,2018-03-31,0
2018-04-27,74750,2017-03-31,,,,,,77862000000,0.051,2424000000,0.119,2966000000,0.168,1824000000,,0.242,237.79,,,,,,36104000000,18688000000,0.518,2522.82,18688000000,,,,,60.00,,,,7905926,498019,7673808,false,false,12,2016-04-01,2017-03-31,-1
2018-04-27,74750,2019-03-31,,,,,,41037000000,0.010,1351000000,0.101,1518000000,0.023,1122000000,,0.044,121.22,,,,,,,,,,,,,,,,,,,,,,false,true,6,2018-04-01,2018-09-30,1
2018-04-27,74750,2019-03-31,,,,,,83503000000,0.015,2891000000,0.091,3222000000,0.053,2158000000,,0.060,233.15,,,,,,,,,,,,,,,70.00,,,,,,,false,true,12,2018-04-01,2019-03-31,1
2018-07-31,74750,2019-03-31,1,,,,,20324000000,0.012,625000000,0.079,739000000,0.106,,584000000,,63.11,,,,,,43071000000,26698000000,0.620,2884.50,26698000000,,,,,,,,,,,,true,false,3,2018-04-01,2018-06-30,0
2018-07-31,74750,2018-03-31,1,,,,,20081000000,0.070,579000000,-0.175,669000000,-0.160,,559000000,,75.51,,,,,,,,,,,,,,,,,,,,,,true,false,3,2017-04-01,2017-06-30,-1
2018-07-31,74750,2019-03-31,1,,,,,41065000000,0.010,1422000000,0.081,1594000000,0.013,,1174000000,,126.84,,,,,,,,,,,,,,,,,,,,,,true,true,6,2018-04-01,2018-09-30,0
2018-07-31,74750,2019-03-31,1,,,,,83554000000,0.015,3059000000,0.086,3400000000,0.050,,2282000000,,246.55,,,,,,,,,,,,,,,,,,,,,,true,true,12,2018-04-01,2019-03-31,0
2018-07-31,74750,2018-03-31,1,,,,,,,,,,,,,,,,,,,,45199000000,26411000000,0.584,2853.54,26411000000,,,,,,,,,,,,true,false,12,2017-04-01,2018-03-31,-1
2018-07-31,74750,2018-03-31,1,,,,,,,,,,,,,,,,,,,,,,,,,,,,,70.00,,,,9255926,222,,false,false,12,2017-04-01,2018-03-31,-1
2018-07-31,74750,2019-03-31,1,,,,,,,,,,,,,,,,,,,,,,,,,,,,,70.00,,,,,,,false,true,12,2018-04-01,2019-03-31,0
2018-07-31,74750,2019-03-31,1,,,,,,,,,,,,,,,,,,,,,,,,,,,,,,,,,9255926,222,9255704,false,false,3,2018-04-01,2018-06-30,0
2018-07-31,74750,2018-03-31,1,,,,,,,,,,,,,,,,,,,,,,,,,,,,,,,,,,,7407891,false,false,3,2017-04-01,2017-06-30,-1
2018-10-31,74750,2019-03-31,2,,,,,41077000000,0.011,1292000000,-0.017,1495000000,-0.049,,1122000000,,121.32,,,,,,43437000000,27261000000,0.628,2945.34,27261000000,,,,,,,,,,,,true,false,6,2018-04-01,2018-09-30,0
2018-10-31,74750,2018-03-31,2,,,,,40648000000,0.070,1315000000,-0.003,1573000000,0.015,,1147000000,,154.90,,,,,,,,,,,,,,,,,,,,,,true,false,6,2017-04-01,2017-09-30,-1
2018-10-31,74750,2019-03-31,2,,,,,83554000000,0.015,3059000000,0.086,3400000000,0.050,,2282000000,,246.55,,,,,,,,,,,,,,,,,,,,,,true,true,12,2018-04-01,2019-03-31,0
2018-10-31,74750,2018-03-31,2,,,,,,,,,,,,,,,,,,,,45199000000,26411000000,0.584,2853.54,26411000000,,,,,,,,,,,,true,false,12,2017-04-01,2018-03-31,-1
2018-10-31,74750,2018-03-31,2,,,,,,,,,,,,,,,,,,,,,,,,,,,,,70.00,,,,9255926,222,,false,false,12,2017-04-01,2018-03-31,-1
2018-10-31,74750,2019-03-31,2,,,,,,,,,,,,,,,,,,,,,,,,,,,,,35.00,,,,,,,false,false,12,2018-04-01,2019-03-31,0
2018-10-31,74750,2019-03-31,2,,,,,,,,,,,,,,,,,,,,,,,,,,,,,70.00,,,,,,,false,true,12,2018-04-01,2019-03-31,0
2018-10-31,74750,2019-03-31,2,,,,,,,,,,,,,,,,,,,,,,,,,,,,,,,,,9255926,222,9255704,false,false,6,2018-04-01,2018-09-30,0
2018-10-31,74750,2018-03-31,2,,,,,,,,,,,,,,,,,,,,,,,,,,,,,,,,,,,7407849,false,false,6,2017-04-01,2017-09-30,-1
2019-01-31,74750,2019-03-31,3,,,,,62270000000,0.002,2123000000,-0.014,2438000000,-0.028,,1816000000,,196.26,,,,,,45115000000,27480000000,0.609,2969.07,27480000000,,,,,,,,,,,,true,false,9,2018-04-01,2018-12-31,0
2019-01-31,74750,2018-03-31,3,,,,,62176000000,0.058,2154000000,-0.015,2510000000,0.003,,1713000000,,231.34,,,,,,,,,,,,,,,,,,,,,,true,false,9,2017-04-01,2017-12-31,-1
2019-01-31,74750,2019-03-31,3,,,,,83554000000,0.015,3059000000,0.086,3400000000,0.050,,2282000000,,246.55,,,,,,,,,,,,,,,,,,,,,,true,true,12,2018-04-01,2019-03-31,0
2019-01-31,74750,2018-03-31,3,,,,,,,,,,,,,,,,,,,,45199000000,26411000000,0.584,2853.54,26411000000,,,,,,,,,,,,true,false,12,2017-04-01,2018-03-31,-1
2019-01-31,74750,2018-03-31,3,,,,,,,,,,,,,,,,,,,,,,,,,,,,,70.00,,,,9255926,222,,false,false,12,2017-04-01,2018-03-31,-1
2019-01-31,74750,2019-03-31,3,,,,,,,,,,,,,,,,,,,,,,,,,,,,,35.00,,,,,,,false,false,12,2018-04-01,2019-03-31,0
2019-01-31,74750,2019-03-31,3,,,,,,,,,,,,,,,,,,,,,,,,,,,,,70.00,,,,,,,false,true,12,2018-04-01,2019-03-31,0
2019-01-31,74750,2019-03-31,3,,,,,,,,,,,,,,,,,,,,,,,,,,,,,,,,,9255926,222,9255704,false,false,9,2018-04-01,2018-12-31,0
2019-01-31,74750,2018-03-31,3,,,,,,,,,,,,,,,,,,,,,,,,,,,,,,,,,,,7407812,false,false,9,2017-04-01,2017-12-31,-1
2019-04-26,74750,2019-03-31,,,,,,82215000000,-0.001,2622000000,-0.069,3057000000,-0.056,,2175000000,,235.07,,0.080,0.068,0.032,,44308000000,28065000000,0.633,3032.18,28065000000,3108000000,-6281000000,-1987000000,6326000000,,0.298,,,,,,true,false,12,2018-04-01,2019-03-31,0
2019-04-26,74750,2018-03-31,,,,,,82312000000,0.057,2817000000,0.101,3238000000,0.031,,2164000000,,286.28,,0.095,0.080,0.035,,45199000000,26411000000,0.584,2853.54,26411000000,4683000000,-1724000000,4621000000,11487000000,,0.245,,,,,,true,false,12,2017-04-01,2018-03-31,-1
2019-04-26,74750,2020-03-31,,,,,,45487000000,0.107,1265000000,-0.020,1475000000,-0.014,,946000000,,102.30,,,,,,,,,,,,,,,,,,,,,,true,true,6,2019-04-01,2019-09-30,1
2019-04-26,74750,2020-03-31,,,,,,91800000000,0.117,2582000000,-0.015,3000000000,-0.019,,1984000000,,214.36,,,,,,,,,,,,,,,,0.327,,,,,,true,true,12,2019-04-01,2020-03-31,1
2019-04-26,74750,2019-03-31,,,,,,82215000000,-0.001,2482000000,-0.064,2908000000,-0.050,2091000000,,0.028,225.96,,,,,,43844000000,27265000000,0.622,2945.80,27265000000,,,,,70.00,,,,9255926,222,9255704,false,false,12,2018-04-01,2019-03-31,0
2019-04-26,74750,2018-03-31,,,,,,82305000000,0.057,2650000000,0.093,3061000000,0.032,2035000000,,0.115,269.12,,,,,,44853000000,25696000000,0.573,2776.27,25696000000,,,,,70.00,,,,9255926,222,7561775,false,false,12,2017-04-01,2018-03-31,-1
2019-04-26,74750,2020-03-31,,,,,,44861000000,0.092,1415000000,0.154,1612000000,0.130,1091000000,,0.012,117.92,,,,,,,,,,,,,,,,,,,,,,false,true,6,2019-04-01,2019-09-30,1
2019-04-26,74750,2020-03-31,,,,,,90545000000,0.101,2616000000,0.054,3007000000,0.034,2010000000,,-0.039,217.25,,,,,,,,,,,,,,,70.00,,,,,,,false,true,12,2019-04-01,2020-03-31,1
2019-07-31,74750,2020-03-31,1,,,,,21393000000,0.053,63000000,-0.899,199000000,-0.730,,78000000,,8.63,,,,,,44770000000,27332000000,0.611,3021.71,27332000000,,,,,,,,,,,,true,false,3,2019-04-01,2019-06-30,0
2019-07-31,74750,2019-03-31,1,,,,,20324000000,0.012,625000000,0.079,739000000,0.106,,584000000,,63.11,,,,,,,,,,,,,,,,,,,,,,true,false,3,2018-04-01,2018-06-30,-1
2019-07-31,74750,2020-03-31,1,,,,,45487000000,0.107,1265000000,-0.020,1475000000,-0.014,,946000000,,102.30,,,,,,,,,,,,,,,,,,,,,,true,true,6,2019-04-01,2019-09-30,0
2019-07-31,74750,2020-03-31,1,,,,,91800000000,0.117,2582000000,-0.015,3000000000,-0.019,,1984000000,,214.36,,,,,,,,,,,,,,,,,,,,,,true,true,12,2019-04-01,2020-03-31,0
2019-07-31,74750,2019-03-31,1,,,,,,,,,,,,,,,,,,,,44308000000,28065000000,0.633,3032.18,28065000000,,,,,,,,,,,,true,false,12,2018-04-01,2019-03-31,-1
2019-07-31,74750,2019-03-31,1,,,,,,,,,,,,,,,,,,,,,,,,,,,,,70.00,,,,9255926,222,,false,false,12,2018-04-01,2019-03-31,-1
2019-07-31,74750,2020-03-31,1,,,,,,,,,,,,,,,,,,,,,,,,,,,,,70.00,,,,,,,false,true,12,2019-04-01,2020-03-31,0
2019-07-31,74750,2020-03-31,1,,,,,,,,,,,,,,,,,,,,,,,,,,,,,,,,,9255926,210579,9137640,false,false,3,2019-04-01,2019-06-30,0
2019-07-31,74750,2019-03-31,1,,,,,,,,,,,,,,,,,,,,,,,,,,,,,,,,,,,9255704,false,false,3,2018-04-01,2018-06-30,-1
2019-10-24,74750,2020-03-31,,,,,,43074000000,-0.053,362000000,-0.714,597000000,-0.595,,351000000,,39.06,,,,,,,,,,,,,,,,,,,,,,true,true,6,2019-04-01,2019-09-30,0
2019-10-24,74750,2019-03-31,,,,,,41077000000,,1292000000,,1495000000,,,1122000000,,121.32,,,,,,,,,,,,,,,,,,,,,,true,false,6,2018-04-01,2018-09-30,-1
2019-10-24,74750,2020-03-31,,,,,,89451000000,-0.026,1036000000,-0.599,1524000000,-0.492,,904000000,,100.58,,,,,,,,,,,,,,,,,,,,,,true,true,12,2019-04-01,2020-03-31,0
2019-10-24,74750,2019-03-31,,,,,,82215000000,,2622000000,,3057000000,,,2175000000,,235.07,,,,,,,,,,,,,,,,,,,,,,true,false,12,2018-04-01,2019-03-31,-1
2019-10-24,74750,2020-03-31,,,,,,42575000000,-0.051,813000000,-0.425,1021000000,-0.366,656000000,,-0.398,72.82,,,,,,,,,,,,,,,,,,,,,,false,true,6,2019-04-01,2019-09-30,0
2019-10-24,74750,2019-03-31,,,,,,41075000000,,1226000000,,1426000000,,1078000000,,,116.47,,,,,,,,,,,,,,,,,,,,,,false,false,6,2018-04-01,2018-09-30,-1
2019-10-24,74750,2020-03-31,,,,,,88497000000,-0.023,1891000000,-0.277,2309000000,-0.232,1465000000,,-0.271,162.49,,,,,,,,,,,,,,,,,,,,,,false,true,12,2019-04-01,2020-03-31,0
2019-10-24,74750,2019-03-31,,,,,,82215000000,,2482000000,,2908000000,,2091000000,,,225.96,,,,,,,,,,,,,,,,,,,,,,false,false,12,2018-04-01,2019-03-31,-1
2019-10-31,74750,2020-03-31,2,,,,,43074000000,0.049,362000000,-0.720,597000000,-0.600,,351000000,,39.06,,,,,,44961000000,27031000000,0.601,3059.21,27031000000,,,,,,,,,,,,true,false,6,2019-04-01,2019-09-30,0
2019-10-31,74750,2019-03-31,2,,,,,41077000000,0.011,1292000000,-0.017,1495000000,-0.049,,1122000000,,121.32,,,,,,,,,,,,,,,,,,,,,,true,false,6,2018-04-01,2018-09-30,-1
2019-10-31,74750,2020-03-31,2,,,,,89451000000,0.088,1036000000,-0.605,1524000000,-0.502,,904000000,,100.58,,,,,,,,,,,,,,,,,,,,,,true,true,12,2019-04-01,2020-03-31,0
2019-10-31,74750,2019-03-31,2,,,,,,,,,,,,,,,,,,,,44308000000,28065000000,0.633,3032.18,28065000000,,,,,,,,,,,,true,false,12,2018-04-01,2019-03-31,-1
2019-10-31,74750,2019-03-31,2,,,,,,,,,,,,,,,,,,,,,,,,,,,,,70.00,,,,9255926,222,,false,false,12,2018-04-01,2019-03-31,-1
2019-10-31,74750,2020-03-31,2,,,,,,,,,,,,,,,,,,,,,,,,,,,,,35.00,,,,,,,false,false,12,2019-04-01,2020-03-31,0
2019-10-31,74750,2020-03-31,2,,,,,,,,,,,,,,,,,,,,,,,,,,,,,70.00,,,,,,,false,true,12,2019-04-01,2020-03-31,0
2019-10-31,74750,2020-03-31,2,,,,,,,,,,,,,,,,,,,,,,,,,,,,,,,,,9255926,419679,8992994,false,false,6,2019-04-01,2019-09-30,0
2019-10-31,74750,2019-03-31,2,,,,,,,,,,,,,,,,,,,,,,,,,,,,,,,,,,,9255704,false,false,6,2018-04-01,2018-09-30,-1
2020-01-31,74750,2020-03-31,3,,,,,65833000000,0.057,733000000,-0.655,1109000000,-0.545,,681000000,,76.42,,,,,,47836000000,26926000000,0.563,3077.88,26926000000,,,,,,,,,,,,true,false,9,2019-04-01,2019-12-31,0
2020-01-31,74750,2019-03-31,3,,,,,62270000000,0.002,2123000000,-0.014,2438000000,-0.028,,1816000000,,196.26,,,,,,,,,,,,,,,,,,,,,,true,false,9,2018-04-01,2018-12-31,-1
2020-01-31,74750,2020-03-31,3,,,,,89451000000,0.088,1036000000,-0.605,1524000000,-0.502,,904000000,,100.58,,,,,,,,,,,,,,,,,,,,,,true,true,12,2019-04-01,2020-03-31,0
2020-01-31,74750,2019-03-31,3,,,,,,,,,,,,,,,,,,,,44308000000,28065000000,0.633,3032.18,28065000000,,,,,,,,,,,,true,false,12,2018-04-01,2019-03-31,-1
2020-01-31,74750,2019-03-31,3,,,,,,,,,,,,,,,,,,,,,,,,,,,,,70.00,,,,9255926,222,,false,false,12,2018-04-01,2019-03-31,-1
2020-01-31,74750,2020-03-31,3,,,,,,,,,,,,,,,,,,,,,,,,,,,,,35.00,,,,,,,false,false,12,2019-04-01,2020-03-31,0
2020-01-31,74750,2020-03-31,3,,,,,,,,,,,,,,,,,,,,,,,,,,,,,70.00,,,,,,,false,true,12,2019-04-01,2020-03-31,0
2020-01-31,74750,2020-03-31,3,,,,,,,,,,,,,,,,,,,,,,,,,,,,,,,,,9255926,507479,8921234,false,false,9,2019-04-01,2019-12-31,0
2020-01-31,74750,2019-03-31,3,,,,,,,,,,,,,,,,,,,,,,,,,,,,,,,,,,,9255704,false,false,9,2018-04-01,2018-12-31,-1
2020-04-30,74750,2020-03-31,,,,,,87321000000,0.062,1089000000,-0.585,1534000000,-0.498,,928000000,,104.61,,0.034,0.034,0.013,,46128000000,27082000000,0.587,3095.68,27082000000,2189000000,-2916000000,-948000000,4651000000,,0.669,,,,,,true,false,12,2019-04-01,2020-03-31,0
2020-04-30,74750,2019-03-31,,,,,,82215000000,-0.001,2622000000,-0.069,3057000000,-0.056,,2175000000,,235.07,,0.080,0.068,0.032,,44308000000,28065000000,0.633,3032.18,28065000000,3108000000,-6281000000,-1987000000,6326000000,,0.298,,,,,,true,false,12,2018-04-01,2019-03-31,-1
2020-04-30,74750,2021-03-31,,,,,,44931000000,0.043,375000000,0.037,631000000,0.056,,373000000,,42.66,,,,,,,,,,,,,,,,,,,,,,true,true,6,2020-04-01,2020-09-30,1
2020-04-30,74750,2021-03-31,,,,,,91161000000,0.044,1216000000,0.116,1730000000,0.128,,1081000000,,123.58,,,,,,,,,,,,,,,,0.566,,,,,,true,true,12,2020-04-01,2021-03-31,1
2020-04-30,74750,2020-03-31,,,,,,86157000000,0.048,1657000000,-0.332,2074000000,-0.287,1450000000,,-0.306,162.93,,,,,,45159000000,26832000000,0.594,3058.63,26832000000,,,,,70.00,,,,9255926,507479,8878037,false,false,12,2019-04-01,2020-03-31,0
2020-04-30,74750,2019-03-31,,,,,,82215000000,-0.001,2482000000,-0.064,2908000000,-0.050,2091000000,,0.028,225.96,,,,,,43844000000,27265000000,0.622,2945.80,27265000000,,,,,70.00,,,,9255926,222,9255704,false,false,12,2018-04-01,2019-03-31,-1
2020-04-30,74750,2021-03-31,,,,,,,,,,,,,,,,,,,,,,,,,,,,,,70.00,,,,,,,false,true,12,2020-04-01,2021-03-31,1
2020-07-31,74750,2021-03-31,1,,,,,24502000000,0.145,806000000,,947000000,3.740,,535000000,,61.23,,,,,,45962000000,27306000000,0.594,3121.25,27306000000,,,,,,,,,,,,true,false,3,2020-04-01,2020-06-30,0
2020-07-31,74750,2020-03-31,1,,,,,21393000000,0.053,63000000,-0.899,199000000,-0.730,,78000000,,8.63,,,,,,,,,,,,,,,,,,,,,,true,false,3,2019-04-01,2019-06-30,-1
2020-07-31,74750,2021-03-31,1,,,,,47524000000,0.103,1127000000,2.116,1388000000,1.323,,809000000,,92.48,,,,,,,,,,,,,,,,,,,,,,true,true,6,2020-04-01,2020-09-30,0
2020-07-31,74750,2021-03-31,1,,,,,93754000000,0.074,1893000000,0.738,2413000000,0.572,,1465000000,,167.48,,,,,,,,,,,,,,,,,,,,,,true,true,12,2020-04-01,2021-03-31,0
2020-07-31,74750,2020-03-31,1,,,,,,,,,,,,,,,,,,,,46128000000,27082000000,0.587,3095.68,27082000000,,,,,,,,,,,,true,false,12,2019-04-01,2020-03-31,-1
2020-07-31,74750,2020-03-31,1,,,,,,,,,,,,,,,,,,,,,,,,,,,,,70.00,,,,9255926,507479,,false,false,12,2019-04-01,2020-03-31,-1
2020-07-31,74750,2021-03-31,1,,,,,,,,,,,,,,,,,,,,,,,,,,,,,70.00,,,,,,,false,true,12,2020-04-01,2021-03-31,0
2020-07-31,74750,2021-03-31,1,,,,,,,,,,,,,,,,,,,,,,,,,,,,,,,,,9255926,507479,8748447,false,false,3,2020-04-01,2020-06-30,0
2020-07-31,74750,2020-03-31,1,,,,,,,,,,,,,,,,,,,,,,,,,,,,,,,,,,,9137640,false,false,3,2019-04-01,2019-06-30,-1
2020-07-31,74750,2021-03-31,,,,,,47524000000,0.058,1127000000,2.005,1388000000,1.200,,809000000,,92.48,,,,,,,,,,,,,,,,,,,,,,true,true,6,2020-04-01,2020-09-30,0
2020-07-31,74750,2020-03-31,,,,,,43074000000,,362000000,,597000000,,,351000000,,39.06,,,,,,,,,,,,,,,,,,,,,,true,false,6,2019-04-01,2019-09-30,-1
2020-07-31,74750,2021-03-31,,,,,,93754000000,0.028,1893000000,0.557,2413000000,0.394,,1465000000,,167.48,,,,,,,,,,,,,,,,,,,,,,true,true,12,2020-04-01,2021-03-31,0
2020-07-31,74750,2020-03-31,,,,,,87321000000,,1089000000,,1534000000,,,928000000,,104.61,,,,,,,,,,,,,,,,,,,,,,true,false,12,2019-04-01,2020-03-31,-1
2020-10-30,74750,2021-03-31,2,,,,,47886000000,0.112,1393000000,2.850,1645000000,1.752,,998000000,,114.14,,,,,,46560000000,27859000000,0.598,3184.55,27859000000,,,,,,,,,,,,true,false,6,2020-04-01,2020-09-30,0
2020-10-30,74750,2020-03-31,2,,,,,43074000000,0.049,362000000,-0.720,597000000,-0.600,,351000000,,39.06,,,,,,,,,,,,,,,,,,,,,,true,false,6,2019-04-01,2019-09-30,-1
2020-10-30,74750,2021-03-31,2,,,,,93754000000,0.074,1893000000,0.738,2413000000,0.572,,1465000000,,167.48,,,,,,,,,,,,,,,,,,,,,,true,true,12,2020-04-01,2021-03-31,0
2020-10-30,74750,2020-03-31,2,,,,,,,,,,,,,,,,,,,,46128000000,27082000000,0.587,3095.68,27082000000,,,,,,,,,,,,true,false,12,2019-04-01,2020-03-31,-1
2020-10-30,74750,2020-03-31,2,,,,,,,,,,,,,,,,,,,,,,,,,,,,,70.00,,,,9255926,507479,,false,false,12,2019-04-01,2020-03-31,-1
2020-10-30,74750,2021-03-31,2,,,,,,,,,,,,,,,,,,,,,,,,,,,,,35.00,,,,,,,false,false,12,2020-04-01,2021-03-31,0
2020-10-30,74750,2021-03-31,2,,,,,,,,,,,,,,,,,,,,,,,,,,,,,70.00,,,,,,,false,true,12,2020-04-01,2021-03-31,0
2020-10-30,74750,2021-03-31,2,,,,,,,,,,,,,,,,,,,,,,,,,,,,,,,,,9255926,507559,8748413,false,false,6,2020-04-01,2020-09-30,0
2020-10-30,74750,2020-03-31,2,,,,,,,,,,,,,,,,,,,,,,,,,,,,,,,,,,,8992994,false,false,6,2019-04-01,2019-09-30,-1
2021-01-29,74750,2021-03-31,3,,,,,71803000000,0.091,1934000000,1.638,2320000000,1.092,,1444000000,,165.07,,,,,,48396000000,27940000000,0.577,3193.81,27940000000,,,,,,,,,,,,true,false,9,2020-04-01,2020-12-31,0
2021-01-29,74750,2020-03-31,3,,,,,65833000000,0.057,733000000,-0.655,1109000000,-0.545,,681000000,,76.42,,,,,,,,,,,,,,,,,,,,,,true,false,9,2019-04-01,2019-12-31,-1
2021-01-29,74750,2021-03-31,3,,,,,93754000000,0.074,1893000000,0.738,2413000000,0.572,,1465000000,,167.48,,,,,,,,,,,,,,,,,,,,,,true,true,12,2020-04-01,2021-03-31,0
2021-01-29,74750,2020-03-31,3,,,,,,,,,,,,,,,,,,,,46128000000,27082000000,0.587,3095.68,27082000000,,,,,,,,,,,,true,false,12,2019-04-01,2020-03-31,-1
2021-01-29,74750,2020-03-31,3,,,,,,,,,,,,,,,,,,,,,,,,,,,,,70.00,,,,9255926,507479,,false,false,12,2019-04-01,2020-03-31,-1
2021-01-29,74750,2021-03-31,3,,,,,,,,,,,,,,,,,,,,,,,,,,,,,35.00,,,,,,,false,false,12,2020-04-01,2021-03-31,0
2021-01-29,74750,2021-03-31,3,,,,,,,,,,,,,,,,,,,,,,,,,,,,,70.00,,,,,,,false,true,12,2020-04-01,2021-03-31,0
2021-01-29,74750,2021-03-31,3,,,,,,,,,,,,,,,,,,,,,,,,,,,,,,,,,9255926,507559,8748399,false,false,9,2020-04-01,2020-12-31,0
2021-01-29,74750,2020-03-31,3,,,,,,,,,,,,,,,,,,,,,,,,,,,,,,,,,,,8921234,false,false,9,2019-04-01,2019-12-31,-1
2021-04-30,74750,2021-03-31,,,,,,94216000000,0.079,1797000000,0.650,2874000000,0.873,,1495000000,,170.94,,0.054,0.061,0.019,,47775000000,28021000000,0.587,3203.00,28021000000,5606000000,-1942000000,-2399000000,5914000000,,0.410,,,,,,true,false,12,2020-04-01,2021-03-31,0
2021-04-30,74750,2020-03-31,,,,,,87321000000,0.062,1089000000,-0.585,1534000000,-0.498,,928000000,,104.61,,0.034,0.034,0.013,,46128000000,27082000000,0.587,3095.68,27082000000,2189000000,-2916000000,-948000000,4651000000,,0.669,,,,,,true,false,12,2019-04-01,2020-03-31,-1
2021-04-30,74750,2022-03-31,,,,,,46569000000,,1101000000,-0.210,1333000000,-0.190,,896000000,,102.48,,,,,,,,,,,,,,,,,,,,,,true,true,6,2021-04-01,2021-09-30,1
2021-04-30,74750,2022-03-31,,,,,,93857000000,,2333000000,0.298,2800000000,-0.026,,1894000000,,216.50,,,,,,,,,,,,,,,,0.323,,,,,,true,true,12,2021-04-01,2022-03-31,1
2021-04-30,74750,2020-03-31,,,,,,,,,,,,,,,,,,,,,,,,,,,,,,70.00,,,,9255926,507479,8878037,false,false,12,2019-04-01,2020-03-31,-1
2021-04-30,74750,2021-03-31,,,,,,,,,,,,,,,,,,,,,,,,,,,,,,70.00,,,,9255926,507559,8748392,false,false,12,2020-04-01,2021-03-31,0
2021-04-30,74750,2022-03-31,,,,,,,,,,,,,,,,,,,,,,,,,,,,,,70.00,,,,,,,false,true,12,2021-04-01,2022-03-31,1
2021-07-30,74750,2022-03-31,1,,,,,22461000000,,644000000,-0.201,788000000,-0.167,,482000000,,55.14,,,,,,45784000000,28094000000,0.614,3211.41,28094000000,,,,,,,,,,,,true,false,3,2021-04-01,2021-06-30,0
2021-07-30,74750,2021-03-31,1,,,,,24502000000,0.145,806000000,,947000000,3.740,,535000000,,61.23,,,,,,,,,,,,,,,,,,,,,,true,false,3,2020-04-01,2020-06-30,-1
2021-07-30,74750,2022-03-31,1,,,,,46569000000,,1101000000,-0.210,1333000000,-0.190,,896000000,,102.48,,,,,,,,,,,,,,,,,,,,,,true,true,6,2021-04-01,2021-09-30,0
2021-07-30,74750,2022-03-31,1,,,,,93857000000,,2333000000,0.298,2800000000,-0.026,,1894000000,,216.50,,,,,,,,,,,,,,,,,,,,,,true,true,12,2021-04-01,2022-03-31,0
2021-07-30,74750,2021-03-31,1,,,,,,,,,,,,,,,,,,,,47775000000,28021000000,0.587,3203.00,28021000000,,,,,,,,,,,,true,false,12,2020-04-01,2021-03-31,-1
2021-07-30,74750,2021-03-31,1,,,,,,,,,,,,,,,,,,,,,,,,,,,,,70.00,,,,9255926,507559,,false,false,12,2020-04-01,2021-03-31,-1
2021-07-30,74750,2022-03-31,1,,,,,,,,,,,,,,,,,,,,,,,,,,,,,70.00,,,,,,,false,true,12,2021-04-01,2022-03-31,0
2021-07-30,74750,2022-03-31,1,,,,,,,,,,,,,,,,,,,,,,,,,,,,,,,,,9255926,507559,8748367,false,false,3,2021-04-01,2021-06-30,0
2021-07-30,74750,2021-03-31,1,,,,,,,,,,,,,,,,,,,,,,,,,,,,,,,,,,,8748447,false,false,3,2020-04-01,2020-06-30,-1
2021-10-29,74750,2022-03-31,2,,,,,45598000000,,1290000000,-0.074,1557000000,-0.054,,1019000000,,116.52,,,,,,46301000000,28638000000,0.619,3273.64,28638000000,,,,,,,,,,,,true,false,6,2021-04-01,2021-09-30,0
2021-10-29,74750,2021-03-31,2,,,,,47886000000,0.112,1393000000,2.850,1645000000,1.752,,998000000,,114.14,,,,,,,,,,,,,,,,,,,,,,true,false,6,2020-04-01,2020-09-30,-1
2021-10-29,74750,2022-03-31,2,,,,,93857000000,,2333000000,0.298,2800000000,-0.026,,1894000000,,216.50,,,,,,,,,,,,,,,,,,,,,,true,true,12,2021-04-01,2022-03-31,0
2021-10-29,74750,2021-03-31,2,,,,,,,,,,,,,,,,,,,,47775000000,28021000000,0.587,3203.00,28021000000,,,,,,,,,,,,true,false,12,2020-04-01,2021-03-31,-1
2021-10-29,74750,2021-03-31,2,,,,,,,,,,,,,,,,,,,,,,,,,,,,,70.00,,,,9255926,507559,,false,false,12,2020-04-01,2021-03-31,-1
2021-10-29,74750,2022-03-31,2,,,,,,,,,,,,,,,,,,,,,,,,,,,,,35.00,,,,,,,false,false,12,2021-04-01,2022-03-31,0
2021-10-29,74750,2022-03-31,2,,,,,,,,,,,,,,,,,,,,,,,,,,,,,70.00,,,,,,,false,true,12,2021-04-01,2022-03-31,0
2021-10-29,74750,2022-03-31,2,,,,,,,,,,,,,,,,,,,,,,,,,,,,,,,,,9255926,507559,8748367,false,false,6,2021-04-01,2021-09-30,0
2021-10-29,74750,2021-03-31,2,,,,,,,,,,,,,,,,,,,,,,,,,,,,,,,,,,,8748413,false,false,6,2020-04-01,2020-09-30,-1
2022-01-31,74750,2022-03-31,3,,,,,69200000000,,2100000000,0.086,2572000000,0.108,,1700000000,,194.33,,,,,,47777000000,29038000000,0.608,3319.30,29038000000,,,,,,,,,,,,true,false,9,2021-04-01,2021-12-31,0
2022-01-31,74750,2021-03-31,3,,,,,71803000000,0.091,1934000000,1.638,2320000000,1.092,,1444000000,,165.07,,,,,,,,,,,,,,,,,,,,,,true,false,9,2020-04-01,2020-12-31,-1
2022-01-31,74750,2022-03-31,3,,,,,93857000000,,2333000000,0.298,2800000000,-0.026,,1894000000,,216.50,,,,,,,,,,,,,,,,,,,,,,true,true,12,2021-04-01,2022-03-31,0
2022-01-31,74750,2021-03-31,3,,,,,,,,,,,,,,,,,,,,47775000000,28021000000,0.587,3203.00,28021000000,,,,,,,,,,,,true,false,12,2020-04-01,2021-03-31,-1
2022-01-31,74750,2021-03-31,3,,,,,,,,,,,,,,,,,,,,,,,,,,,,,70.00,,,,9255926,507559,,false,false,12,2020-04-01,2021-03-31,-1
2022-01-31,74750,2022-03-31,3,,,,,,,,,,,,,,,,,,,,,,,,,,,,,35.00,,,,,,,false,false,12,2021-04-01,2022-03-31,0
2022-01-31,74750,2022-03-31,3,,,,,,,,,,,,,,,,,,,,,,,,,,,,,70.00,,,,,,,false,true,12,2021-04-01,2022-03-31,0
2022-01-31,74750,2022-03-31,3,,,,,,,,,,,,,,,,,,,,,,,,,,,,,,,,,9255926,507559,8748367,false,false,9,2021-04-01,2021-12-31,0
2022-01-31,74750,2021-03-31,3,,,,,,,,,,,,,,,,,,,,,,,,,,,,,,,,,,,8748399,false,false,9,2020-04-01,2020-12-31,-1
2022-04-28,74750,2022-03-31,,,,,,92068000000,,2451000000,0.364,3046000000,0.060,,2105000000,,240.63,,0.073,0.063,0.027,,48463000000,29450000000,0.608,3366.39,29450000000,4210000000,-2147000000,-1060000000,6928000000,,0.291,,,,,,true,false,12,2021-04-01,2022-03-31,0
2022-04-28,74750,2021-03-31,,,,,,94216000000,0.079,1797000000,0.650,2874000000,0.873,,1495000000,,170.94,,0.054,0.061,0.019,,47775000000,28021000000,0.587,3203.00,28021000000,5606000000,-1942000000,-2399000000,5914000000,,0.410,,,,,,true,false,12,2020-04-01,2021-03-31,-1
2022-04-28,74750,2023-03-31,,,,,,47103000000,0.033,1029000000,-0.203,1287000000,-0.173,,894000000,,102.27,,,,,,,,,,,,,,,,,,,,,,true,true,6,2022-04-01,2022-09-30,1
2022-04-28,74750,2023-03-31,,,,,,94779000000,0.029,2585000000,0.054,3100000000,0.018,,2159000000,,246.82,,,,,,,,,,,,,,,,0.284,,,,,,true,true,12,2022-04-01,2023-03-31,1
2022-04-28,74750,2021-03-31,,,,,,,,,,,,,,,,,,,,,,,,,,,,,,70.00,,,,9255926,507559,8748392,false,false,12,2020-04-01,2021-03-31,-1
2022-04-28,74750,2022-03-31,,,,,,,,,,,,,,,,,,,,,,,,,,,,,,70.00,,,,9255926,507559,8748367,false,false,12,2021-04-01,2022-03-31,0
2022-04-28,74750,2023-03-31,,,,,,,,,,,,,,,,,,,,,,,,,,,,,,70.00,,,,,,,false,true,12,2022-04-01,2023-03-31,1
2022-07-29,74750,2023-03-31,1,,,,,23280000000,0.036,616000000,-0.042,757000000,-0.040,,512000000,,58.53,,,,,,47789000000,29698000000,0.621,3394.72,29698000000,,,,,,,,,,,,true,false,3,2022-04-01,2022-06-30,0
2022-07-29,74750,2022-03-31,1,,,,,22461000000,,644000000,-0.201,788000000,-0.167,,482000000,,55.14,,,,,,,,,,,,,,,,,,,,,,true,false,3,2021-04-01,2021-06-30,-1
2022-07-29,74750,2023-03-31,1,,,,,47103000000,0.033,1029000000,-0.203,1287000000,-0.173,,894000000,,102.27,,,,,,,,,,,,,,,,,,,,,,true,true,6,2022-04-01,2022-09-30,0
2022-07-29,74750,2023-03-31,1,,,,,94779000000,0.029,2585000000,0.054,3100000000,0.018,,2159000000,,246.82,,,,,,,,,,,,,,,,,,,,,,true,true,12,2022-04-01,2023-03-31,0
2022-07-29,74750,2022-03-31,1,,,,,,,,,,,,,,,,,,,,48463000000,29450000000,0.608,3366.39,29450000000,,,,,,,,,,,,true,false,12,2021-04-01,2022-03-31,-1
2022-07-29,74750,2022-03-31,1,,,,,,,,,,,,,,,,,,,,,,,,,,,,,70.00,,,,9255926,507559,,false,false,12,2021-04-01,2022-03-31,-1
2022-07-29,74750,2023-03-31,1,,,,,,,,,,,,,,,,,,,,,,,,,,,,,70.00,,,,,,,false,true,12,2022-04-01,2023-03-31,0
2022-07-29,74750,2023-03-31,1,,,,,,,,,,,,,,,,,,,,,,,,,,,,,,,,,9255926,507559,8748367,false,false,3,2022-04-01,2022-06-30,0
2022-07-29,74750,2022-03-31,1,,,,,,,,,,,,,,,,,,,,,,,,,,,,,,,,,,,8748367,false,false,3,2021-04-01,2021-06-30,-1
2022-10-31,74750,2023-03-31,2,,,,,47038000000,0.032,1087000000,-0.157,1342000000,-0.138,,894000000,,102.25,,,,,,47585000000,30078000000,0.632,3438.18,30078000000,,,,,,,,,,,,true,false,6,2022-04-01,2022-09-30,0
2022-10-31,74750,2022-03-31,2,,,,,45598000000,,1290000000,-0.074,1557000000,-0.054,,1019000000,,116.52,,,,,,,,,,,,,,,,,,,,,,true,false,6,2021-04-01,2021-09-30,-1
2022-10-31,74750,2023-03-31,2,,,,,94779000000,0.029,1900000000,-0.225,2500000000,-0.179,,1700000000,,194.32,,,,,,,,,,,,,,,,,,,,,,true,true,12,2022-04-01,2023-03-31,0
2022-10-31,74750,2022-03-31,2,,,,,,,,,,,,,,,,,,,,48463000000,29450000000,0.608,3366.39,29450000000,,,,,,,,,,,,true,false,12,2021-04-01,2022-03-31,-1
2022-10-31,74750,2022-03-31,2,,,,,,,,,,,,,,,,,,,,,,,,,,,,,70.00,,,,9255926,507559,,false,false,12,2021-04-01,2022-03-31,-1
2022-10-31,74750,2023-03-31,2,,,,,,,,,,,,,,,,,,,,,,,,,,,,,35.00,,,,,,,false,false,12,2022-04-01,2023-03-31,0
2022-10-31,74750,2023-03-31,2,,,,,,,,,,,,,,,,,,,,,,,,,,,,,70.00,,,,,,,false,true,12,2022-04-01,2023-03-31,0
2022-10-31,74750,2023-03-31,2,,,,,,,,,,,,,,,,,,,,,,,,,,,,,,,,,9255926,507559,8748367,false,false,6,2022-04-01,2022-09-30,0
2022-10-31,74750,2022-03-31,2,,,,,,,,,,,,,,,,,,,,,,,,,,,,,,,,,,,8748367,false,false,6,2021-04-01,2021-09-30,-1
2023-01-31,74750,2023-03-31,3,,,,,71743000000,0.037,1722000000,-0.180,2094000000,-0.186,,1391000000,,159.08,,,,,,49670000000,30301000000,0.610,3463.73,30301000000,,,,,,,,,,,,true,false,9,2022-04-01,2022-12-31,0
2023-01-31,74750,2022-03-31,3,,,,,69200000000,,2100000000,0.086,2572000000,0.108,,1700000000,,194.33,,,,,,,,,,,,,,,,,,,,,,true,false,9,2021-04-01,2021-12-31,-1
2023-01-31,74750,2023-03-31,3,,,,,94779000000,0.029,1900000000,-0.225,2500000000,-0.179,,1700000000,,194.32,,,,,,,,,,,,,,,,,,,,,,true,true,12,2022-04-01,2023-03-31,0
2023-01-31,74750,2022-03-31,3,,,,,,,,,,,,,,,,,,,,48463000000,29450000000,0.608,3366.39,29450000000,,,,,,,,,,,,true,false,12,2021-04-01,2022-03-31,-1
2023-01-31,74750,2022-03-31,3,,,,,,,,,,,,,,,,,,,,,,,,,,,,,70.00,,,,9255926,507559,,false,false,12,2021-04-01,2022-03-31,-1
2023-01-31,74750,2023-03-31,3,,,,,,,,,,,,,,,,,,,,,,,,,,,,,35.00,,,,,,,false,false,12,2022-04-01,2023-03-31,0
2023-01-31,74750,2023-03-31,3,,,,,,,,,,,,,,,,,,,,,,,,,,,,,70.00,,,,,,,false,true,12,2022-04-01,2023-03-31,0
2023-01-31,74750,2023-03-31,3,,,,,,,,,,,,,,,,,,,,,,,,,,,,,,,,,9255926,507559,8748367,false,false,9,2022-04-01,2022-12-31,0
2023-01-31,74750,2022-03-31,3,,,,,,,,,,,,,,,,,,,,,,,,,,,,,,,,,,,8748367,false,false,9,2021-04-01,2021-12-31,-1
2023-04-28,74750,2023-03-31,,,,,,94593000000,0.027,1938000000,-0.209,2455000000,-0.194,,1684000000,,192.50,,0.056,0.051,0.021,,48004000000,30569000000,0.637,3494.36,30569000000,4029000000,-1591000000,-3221000000,6144000000,,0.364,,,,,,true,false,12,2022-04-01,2023-03-31,0
2023-04-28,74750,2022-03-31,,,,,,92068000000,,2451000000,0.364,3046000000,0.060,,2105000000,,240.63,,0.073,0.063,0.027,,48463000000,29450000000,0.608,3366.39,29450000000,4210000000,-2147000000,-1060000000,6928000000,,0.291,,,,,,true,false,12,2021-04-01,2022-03-31,-1
2023-04-28,74750,2024-03-31,,,,,,48296000000,0.027,646000000,-0.406,885000000,-0.341,,573000000,,65.59,,,,,,,,,,,,,,,,,,,,,,true,true,6,2023-04-01,2023-09-30,1
2023-04-28,74750,2024-03-31,,,,,,97467000000,0.030,1554000000,-0.198,2025000000,-0.175,,1257000000,,143.73,,,,,,,,,,,,,,,,0.487,,,,,,true,true,12,2023-04-01,2024-03-31,1
2023-04-28,74750,2022-03-31,,,,,,,,,,,,,,,,,,,,,,,,,,,,,,70.00,,,,9255926,507559,8748367,false,false,12,2021-04-01,2022-03-31,-1
2023-04-28,74750,2023-03-31,,,,,,,,,,,,,,,,,,,,,,,,,,,,,,70.00,,,,9255926,507559,8748367,false,false,12,2022-04-01,2023-03-31,0
2023-04-28,74750,2024-03-31,,,,,,,,,,,,,,,,,,,,,,,,,,,,,,70.00,,,,,,,false,true,12,2023-04-01,2024-03-31,1
2023-07-28,74750,2024-03-31,1,,,,,23840000000,0.024,485000000,-0.213,648000000,-0.144,,421000000,,48.50,,,,,,46980000000,30504000000,0.649,3527.19,30504000000,,,,,,,,,,,,true,false,3,2023-04-01,2023-06-30,0
2023-07-28,74750,2023-03-31,1,,,,,23280000000,0.036,616000000,-0.042,757000000,-0.040,,512000000,,58.53,,,,,,,,,,,,,,,,,,,,,,true,false,3,2022-04-01,2022-06-30,-1
2023-07-28,74750,2024-03-31,1,,,,,48296000000,0.027,646000000,-0.406,885000000,-0.341,,573000000,,65.59,,,,,,,,,,,,,,,,,,,,,,true,true,6,2023-04-01,2023-09-30,0
2023-07-28,74750,2024-03-31,1,,,,,97467000000,0.030,1554000000,-0.198,2025000000,-0.175,,1257000000,,143.73,,,,,,,,,,,,,,,,,,,,,,true,true,12,2023-04-01,2024-03-31,0
2023-07-28,74750,2023-03-31,1,,,,,,,,,,,,,,,,,,,,48004000000,30569000000,0.637,3494.36,30569000000,,,,,,,,,,,,true,false,12,2022-04-01,2023-03-31,-1
2023-07-28,74750,2023-03-31,1,,,,,,,,,,,,,,,,,,,,,,,,,,,,,70.00,,,,9255926,507559,,false,false,12,2022-04-01,2023-03-31,-1
2023-07-28,74750,2024-03-31,1,,,,,,,,,,,,,,,,,,,,,,,,,,,,,70.00,,,,,,,false,true,12,2023-04-01,2024-03-31,0
2023-07-28,74750,2024-03-31,1,,,,,,,,,,,,,,,,,,,,,,,,,,,,,,,,,9255926,607559,8681700,false,false,3,2023-04-01,2023-06-30,0
2023-07-28,74750,2023-03-31,1,,,,,,,,,,,,,,,,,,,,,,,,,,,,,,,,,,,8748367,false,false,3,2022-04-01,2022-06-30,-1
2023-10-24,74750,2024-03-31,,,,,,48477000000,0.003,1137000000,0.760,1415000000,0.598,,906000000,,104.56,,,,,,,,,,,,,,,,,,,,,,true,true,6,2023-04-01,2023-09-30,0
2023-10-24,74750,2023-03-31,,,,,,47038000000,,1087000000,,1342000000,,,894000000,,102.25,,,,,,,,,,,,,,,,,,,,,,true,false,6,2022-04-01,2022-09-30,-1
2023-10-24,74750,2024-03-31,,,,,,97467000000,0.000,2000000000,0.287,2500000000,0.234,,1500000000,,173.24,,,,,,,,,,,,,,,,,,,,,,true,true,12,2023-04-01,2024-03-31,0
2023-10-24,74750,2023-03-31,,,,,,94593000000,,1938000000,,2455000000,,,1684000000,,192.50,,,,,,,,,,,,,,,,,,,,,,true,false,12,2022-04-01,2023-03-31,-1
2023-10-31,74750,2024-03-31,2,,,,,48477000000,0.031,1137000000,0.045,1415000000,0.055,,906000000,,104.56,,,,,,48181000000,31046000000,0.644,3588.85,31046000000,,,,,,,,,,,,true,false,6,2023-04-01,2023-09-30,0
2023-10-31,74750,2023-03-31,2,,,,,47038000000,0.032,1087000000,-0.157,1342000000,-0.138,,894000000,,102.25,,,,,,,,,,,,,,,,,,,,,,true,false,6,2022-04-01,2022-09-30,-1
2023-10-31,74750,2024-03-31,2,,,,,97467000000,0.030,2000000000,0.031,2500000000,0.018,,1500000000,,173.24,,,,,,,,,,,,,,,,,,,,,,true,true,12,2023-04-01,2024-03-31,0
2023-10-31,74750,2023-03-31,2,,,,,,,,,,,,,,,,,,,,48004000000,30569000000,0.637,3494.36,30569000000,,,,,,,,,,,,true,false,12,2022-04-01,2023-03-31,-1
2023-10-31,74750,2023-03-31,2,,,,,,,,,,,,,,,,,,,,,,,,,,,,,70.00,,,,9255926,507559,,false,false,12,2022-04-01,2023-03-31,-1
2023-10-31,74750,2024-03-31,2,,,,,,,,,,,,,,,,,,,,,,,,,,,,,35.00,,,,,,,false,false,12,2023-04-01,2024-03-31,0
2023-10-31,74750,2024-03-31,2,,,,,,,,,,,,,,,,,,,,,,,,,,,,,70.00,,,,,,,false,true,12,2023-04-01,2024-03-31,0
2023-10-31,74750,2024-03-31,2,,,,,,,,,,,,,,,,,,,,,,,,,,,,,,,,,9255926,605089,8666269,false,false,6,2023-04-01,2023-09-30,0
2023-10-31,74750,2023-03-31,2,,,,,,,,,,,,,,,,,,,,,,,,,,,,,,,,,,,8748367,false,false,6,2022-04-01,2022-09-30,-1
2024-01-30,74750,2024-03-31,3,73811000000,0.029,,,,,1838000000,0.067,2267000000,0.082,,1466000000,,169.34,,,,,,49516000000,31278000000,0.632,3615.73,31278000000,,,,,,,,,,,,true,false,9,2023-04-01,2023-12-31,0
2024-01-30,74750,2023-03-31,3,71743000000,0.037,,,,,1722000000,-0.180,2094000000,-0.186,,1391000000,,159.08,,,,,,,,,,,,,,,,,,,,,,true,false,9,2022-04-01,2022-12-31,-1
2024-01-30,74750,2024-03-31,3,97467000000,0.030,,,,,2000000000,0.031,2500000000,0.018,,1500000000,,173.24,,,,,,,,,,,,,,,,,,,,,,true,true,12,2023-04-01,2024-03-31,0
2024-01-30,74750,2023-03-31,3,,,,,,,,,,,,,,,,,,,,48004000000,30569000000,0.637,3494.36,30569000000,,,,,,,,,,,,true,false,12,2022-04-01,2023-03-31,-1
2024-01-30,74750,2023-03-31,3,,,,,,,,,,,,,,,,,,,,,,,,,,,,,70.00,,,,9255926,507559,,false,false,12,2022-04-01,2023-03-31,-1
2024-01-30,74750,2024-03-31,3,,,,,,,,,,,,,,,,,,,,,,,,,,,,,35.00,,,,,,,false,false,12,2023-04-01,2024-03-31,0
2024-01-30,74750,2024-03-31,3,,,,,,,,,,,,,,,,,,,,,,,,,,,,,70.00,,,,,,,false,true,12,2023-04-01,2024-03-31,0
2024-01-30,74750,2024-03-31,3,,,,,,,,,,,,,,,,,,,,,,,,,,,,,,,,,9255926,605127,8661116,false,false,9,2023-04-01,2023-12-31,0
2024-01-30,74750,2023-03-31,3,,,,,,,,,,,,,,,,,,,,,,,,,,,,,,,,,,,8748367,false,false,9,2022-04-01,2022-12-31,-1
2024-04-30,74750,2024-03-31,,,,,,97798000000,0.034,2142000000,0.105,2671000000,0.088,,1545000000,,178.52,,0.050,0.055,0.022,,49644000000,31446000000,0.633,3635.08,31446000000,4473000000,-2212000000,-2718000000,5687000000,,0.392,,,,,,true,false,12,2023-04-01,2024-03-31,0
2024-04-30,74750,2023-03-31,,,,,,94593000000,0.027,1938000000,-0.209,2455000000,-0.194,,1684000000,,192.50,,0.056,0.051,0.021,,48004000000,30569000000,0.637,3494.36,30569000000,4029000000,-1591000000,-3221000000,6144000000,,0.364,,,,,,true,false,12,2022-04-01,2023-03-31,-1
2024-04-30,74750,2025-03-31,,,,,,49185000000,0.015,1165000000,0.025,1417000000,0.001,,948000000,,109.61,,,,,,,,,,,,,,,,,,,,,,true,true,6,2024-04-01,2024-09-30,1
2024-04-30,74750,2025-03-31,,,,,,99429000000,0.017,2206000000,0.030,2700000000,0.011,,1704000000,,197.03,,,,,,,,,,,,,,,,0.355,,,,,,true,true,12,2024-04-01,2025-03-31,1
2024-04-30,74750,2023-03-31,,,,,,,,,,,,,,,,,,,,,,,,,,,,,,70.00,,,,9255926,507559,8748367,false,false,12,2022-04-01,2023-03-31,-1
2024-04-30,74750,2024-03-31,,,,,,,,,,,,,,,,,,,,,,,,,,,,,,70.00,,,,9255926,605127,8658537,false,false,12,2023-04-01,2024-03-31,0
2024-04-30,74750,2025-03-31,,,,,,,,,,,,,,,,,,,,,,,,,,,,,,70.00,,,,,,,false,true,12,2024-04-01,2025-03-31,1
2024-07-30,74750,2025-03-31,1,,,,,24068000000,0.010,477000000,-0.016,629000000,-0.030,,410000000,,47.50,,,,,,48600000000,31583000000,0.650,3650.92,31583000000,,,,,,,,,,,,true,false,3,2024-04-01,2024-06-30,0
2024-07-30,74750,2024-03-31,1,,,,,23840000000,0.024,485000000,-0.213,648000000,-0.144,,421000000,,48.50,,,,,,,,,,,,,,,,,,,,,,true,false,3,2023-04-01,2023-06-30,-1
2024-07-30,74750,2025-03-31,1,,,,,49185000000,0.015,1165000000,0.025,1417000000,0.001,,948000000,,109.61,,,,,,,,,,,,,,,,,,,,,,true,true,6,2024-04-01,2024-09-30,0
2024-07-30,74750,2025-03-31,1,,,,,99429000000,0.017,2206000000,0.030,2700000000,0.011,,1704000000,,197.03,,,,,,,,,,,,,,,,,,,,,,true,true,12,2024-04-01,2025-03-31,0
2024-07-30,74750,2024-03-31,1,,,,,,,,,,,,,,,,,,,,49644000000,31446000000,0.633,3635.08,31446000000,,,,,,,,,,,,true,false,12,2023-04-01,2024-03-31,-1
2024-07-30,74750,2024-03-31,1,,,,,,,,,,,,,,,,,,,,,,,,,,,,,70.00,,,,9255926,605127,,false,false,12,2023-04-01,2024-03-31,-1
2024-07-30,74750,2025-03-31,1,,,,,,,,,,,,,,,,,,,,,,,,,,,,,70.00,,,,,,,false,true,12,2024-04-01,2025-03-31,0
2024-07-30,74750,2025-03-31,1,,,,,,,,,,,,,,,,,,,,,,,,,,,,,,,,,9255926,605127,8650799,false,false,3,2024-04-01,2024-06-30,0
2024-07-30,74750,2024-03-31,1,,,,,,,,,,,,,,,,,,,,,,,,,,,,,,,,,,,8681700,false,false,3,2023-04-01,2023-06-30,-1
2024-10-25,74750,2025-03-31,,,,,,48365000000,-0.017,802000000,-0.311,1061000000,-0.251,,683000000,,78.95,,,,,,,,,,,,,,,,,,,,,,true,true,6,2024-04-01,2024-09-30,0
2024-10-25,74750,2024-03-31,,,,,,48477000000,,1137000000,,1415000000,,,906000000,,104.56,,,,,,,,,,,,,,,,,,,,,,true,false,6,2023-04-01,2023-09-30,-1
2024-10-31,74750,2025-03-31,2,,,,,48365000000,-0.002,802000000,-0.294,1061000000,-0.250,,683000000,,78.95,,,,,,49078000000,31769000000,0.647,3671.53,31769000000,,,,,,,,,,,,true,false,6,2024-04-01,2024-09-30,0
2024-10-31,74750,2024-03-31,2,,,,,48477000000,0.031,1137000000,0.045,1415000000,0.055,,906000000,,104.56,,,,,,,,,,,,,,,,,,,,,,true,false,6,2023-04-01,2023-09-30,-1
2024-10-31,74750,2025-03-31,2,,,,,99429000000,0.017,2206000000,0.030,2700000000,0.011,,1704000000,,197.03,,,,,,,,,,,,,,,,,,,,,,true,true,12,2024-04-01,2025-03-31,0
2024-10-31,74750,2024-03-31,2,,,,,,,,,,,,,,,,,,,,49644000000,31446000000,0.633,3635.08,31446000000,,,,,,,,,,,,true,false,12,2023-04-01,2024-03-31,-1
2024-10-31,74750,2024-03-31,2,,,,,,,,,,,,,,,,,,,,,,,,,,,,,70.00,,,,9255926,605127,,false,false,12,2023-04-01,2024-03-31,-1
2024-10-31,74750,2025-03-31,2,,,,,,,,,,,,,,,,,,,,,,,,,,,,,35.00,,,,,,,false,false,12,2024-04-01,2025-03-31,0
2024-10-31,74750,2025-03-31,2,,,,,,,,,,,,,,,,,,,,,,,,,,,,,70.00,,,,,,,false,true,12,2024-04-01,2025-03-31,0
2024-10-31,74750,2025-03-31,2,,,,,,,,,,,,,,,,,,,,,,,,,,,,,,,,,9255926,602983,8651879,false,false,6,2024-04-01,2024-09-30,0
2024-10-31,74750,2024-03-31,2,,,,,,,,,,,,,,,,,,,,,,,,,,,,,,,,,,,8666269,false,false,6,2023-04-01,2023-09-30,-1
2025-01-31,74750,2025-03-31,3,,,,,74069000000,0.003,1640000000,-0.108,2060000000,-0.091,,1313000000,,151.84,,,,,,51351000000,32139000000,0.626,3714.25,32139000000,,,,,,,,,,,,true,false,9,2024-04-01,2024-12-31,0
2025-01-31,74750,2024-03-31,3,,,,,73811000000,0.029,1838000000,0.067,2267000000,0.082,,1466000000,,169.34,,,,,,,,,,,,,,,,,,,,,,true,false,9,2023-04-01,2023-12-31,-1
2025-01-31,74750,2025-03-31,3,,,,,99429000000,0.017,2206000000,0.030,2700000000,0.011,,1704000000,,197.03,,,,,,,,,,,,,,,,,,,,,,true,true,12,2024-04-01,2025-03-31,0
2025-01-31,74750,2024-03-31,3,,,,,,,,,,,,,,,,,,,,49644000000,31446000000,0.633,3635.08,31446000000,,,,,,,,,,,,true,false,12,2023-04-01,2024-03-31,-1
2025-01-31,74750,2024-03-31,3,,,,,,,,,,,,,,,,,,,,,,,,,,,,,70.00,,,,9255926,605127,,false,false,12,2023-04-01,2024-03-31,-1
2025-01-31,74750,2025-03-31,3,,,,,,,,,,,,,,,,,,,,,,,,,,,,,35.00,,,,,,,false,false,12,2024-04-01,2025-03-31,0
2025-01-31,74750,2025-03-31,3,,,,,,,,,,,,,,,,,,,,,,,,,,,,,70.00,,,,,,,false,true,12,2024-04-01,2025-03-31,0
2025-01-31,74750,2025-03-31,3,,,,,,,,,,,,,,,,,,,,,,,,,,,,,,,,,9255926,602983,8652233,false,false,9,2024-04-01,2024-12-31,0
2025-01-31,74750,2024-03-31,3,,,,,,,,,,,,,,,,,,,,,,,,,,,,,,,,,,,8661116,false,false,9,2023-04-01,2023-12-31,-1
2025-04-30,74750,2025-03-31,,,,,,98185000000,0.004,2063000000,-0.037,2605000000,-0.025,,1622000000,,187.67,,0.051,0.051,0.021,,52890000000,32322000000,0.611,3768.75,32322000000,3060000000,-4907000000,2478000000,6218000000,,0.373,,,,,,true,false,12,2024-04-01,2025-03-31,0
2025-04-30,74750,2024-03-31,,,,,,97798000000,0.034,2142000000,0.105,2671000000,0.088,,1545000000,,178.52,,0.050,0.055,0.022,,49644000000,31446000000,0.633,3635.08,31446000000,4473000000,-2312000000,-2718000000,5587000000,,0.392,,,,,,true,false,12,2023-04-01,2024-03-31,-1
2025-04-30,74750,2026-03-31,,,,,,50809000000,0.051,930000000,0.159,1170000000,0.102,,585000000,,68.21,,,,,,,,,,,,,,,,,,,,,,true,true,6,2025-04-01,2025-09-30,1
2025-04-30,74750,2026-03-31,,,,,,102084000000,0.040,2258000000,0.094,2813000000,0.080,,1630000000,,190.16,,,,,,,,,,,,,,,,0.368,,,,,,true,true,12,2025-04-01,2026-03-31,1
2025-04-30,74750,2024-03-31,,,,,,,,,,,,,,,,,,,,,,,,,,,,,,70.00,,,,9255926,605127,8658537,false,false,12,2023-04-01,2024-03-31,-1
2025-04-30,74750,2025-03-31,,,,,,,,,,,,,,,,,,,,,,,,,,,,,,70.00,,,,9255926,679383,8645019,false,false,12,2024-04-01,2025-03-31,0
2025-04-30,74750,2026-03-31,,,,,,,,,,,,,,,,,,,,,,,,,,,,,,70.00,,,,,,,false,true,12,2025-04-01,2026-03-31,1
