filing_date,code,fiscal_year_end,quarterly_period,net_sales,net_sales_change,revenue,revenue_change,operating_revenue,operating_revenue_change,operating_profit,operating_profit_change,ordinary_profit,ordinary_profit_change,net_income,net_income_of_parent,net_income_change,eps,diluted_eps,roe,roa,operating_profit_to_net_sales,operating_profit_to_revenue,total_assets,net_assets,equity_ratio,bps,owner_equity,operating_cash_flow,investing_cash_flow,financing_cash_flow,cash,dividend_per_share,payout_ratio,commemorative_dividend,extra_dividend,number_of_shares,number_of_treqsury_shares,avg_number_of_shares,is_consolidated,is_forecast,duration,period_start,period_end,period_pos
2015-05-13,74760,2015-03-31,,52041000000,0.017,,,,,5984000000,0.011,6157000000,0.039,3869000000,,0.079,201.91,,0.088,0.094,0.115,,66668000000,45850000000,0.688,2392.65,45850000000,3171000000,-5511000000,-2424000000,5008000000,,0.352,,,,,,true,false,12,2014-04-01,2015-03-31,0
2015-05-13,74760,2014-03-31,,51192000000,0.064,,,,,5919000000,0.117,5928000000,0.127,3587000000,,0.117,187.18,,0.087,0.094,0.116,,64460000000,42660000000,0.662,2226.15,42660000000,5268000000,1141000000,-3728000000,9746000000,,0.353,,,,,,true,false,12,2013-04-01,2014-03-31,-1
2015-05-13,74760,2016-03-31,,24740000000,0.049,,,,,2590000000,-0.011,2680000000,0.002,,1710000000,,89.23,,,,,,,,,,,,,,,,,,,,,,true,true,6,2015-04-01,2015-09-30,1
2015-05-13,74760,2016-03-31,,54550000000,0.048,,,,,6020000000,0.006,6180000000,0.004,,3940000000,,205.61,,,,,,,,,,,,,,,,0.500,,,,,,true,true,12,2015-04-01,2016-03-31,1
2015-05-13,74760,2015-03-31,,50438000000,0.017,,,,,5808000000,0.015,6010000000,0.046,3753000000,,0.084,195.87,,,,,,65779000000,45483000000,0.691,2373.52,45483000000,,,,,71.00,,,,20688135,1525246,19163098,false,false,12,2014-04-01,2015-03-31,0
2015-05-13,74760,2014-03-31,,49595000000,0.058,,,,,5724000000,0.110,5748000000,0.116,3461000000,,0.101,180.65,,,,,,63721000000,42512000000,0.667,2218.42,42512000000,,,,,66.00,,,,20688135,1524799,19163698,false,false,12,2013-04-01,2014-03-31,-1
2015-05-13,74760,2016-03-31,,23930000000,0.047,,,,,,,2670000000,0.012,1700000000,,0.010,88.71,,,,,,,,,,,,,,,,,,,,,,false,true,6,2015-04-01,2015-09-30,1
2015-05-13,74760,2016-03-31,,52470000000,0.040,,,,,,,5990000000,-0.003,3810000000,,0.015,198.82,,,,,,,,,,,,,,,103.00,,,,,,,false,true,12,2015-04-01,2016-03-31,1
2015-07-31,74760,2016-03-31,1,12099000000,0.035,,,,,1320000000,-0.006,1367000000,0.006,,902000000,,47.09,,,,,,64800000000,46108000000,0.712,,46108000000,,,,,,,,,,,,true,false,3,2015-04-01,2015-06-30,0
2015-07-31,74760,2015-03-31,1,11693000000,0.018,,,,,1328000000,0.068,1359000000,0.072,,877000000,,45.76,,,,,,,,,,,,,,,,,,,,,,true,false,3,2014-04-01,2014-06-30,-1
2015-07-31,74760,2016-03-31,1,24740000000,0.049,,,,,2590000000,-0.011,2680000000,0.002,,1710000000,,89.23,,,,,,,,,,,,,,,,,,,,,,true,true,6,2015-04-01,2015-09-30,0
2015-07-31,74760,2016-03-31,1,54550000000,0.048,,,,,6020000000,0.006,6180000000,0.004,,3940000000,,205.61,,,,,,,,,,,,,,,,,,,,,,true,true,12,2015-04-01,2016-03-31,0
2015-07-31,74760,2015-03-31,1,,,,,,,,,,,,,,,,,,,,66668000000,45850000000,0.688,,45850000000,,,,,,,,,,,,true,false,12,2014-04-01,2015-03-31,-1
2015-07-31,74760,2015-03-31,1,,,,,,,,,,,,,,,,,,,,,,,,,,,,,71.00,,,,20688135,1525246,,false,false,12,2014-04-01,2015-03-31,-1
2015-07-31,74760,2016-03-31,1,,,,,,,,,,,,,,,,,,,,,,,,,,,,,103.00,,,,,,,false,true,12,2015-04-01,2016-03-31,0
2015-07-31,74760,2016-03-31,1,,,,,,,,,,,,,,,,,,,,,,,,,,,,,,,,,20688135,1525358,19162854,false,false,3,2015-04-01,2015-06-30,0
2015-07-31,74760,2015-03-31,1,,,,,,,,,,,,,,,,,,,,,,,,,,,,,,,,,,,19163270,false,false,3,2014-04-01,2014-06-30,-1
2015-10-30,74760,2016-03-31,2,24404000000,0.035,,,,,2575000000,-0.017,2647000000,-0.010,,1728000000,,90.21,90.20,,,,,65448000000,47385000000,0.724,,47364000000,,,,,,,,,,,,true,false,6,2015-04-01,2015-09-30,0
2015-10-30,74760,2015-03-31,2,23576000000,0.012,,,,,2619000000,0.016,2675000000,0.044,,1715000000,,89.53,,,,,,,,,,,,,,,,,,,,,,true,false,6,2014-04-01,2014-09-30,-1
2015-10-30,74760,2016-03-31,2,54550000000,0.048,,,,,6020000000,0.006,6180000000,0.004,,3940000000,,205.61,,,,,,,,,,,,,,,,,,,,,,true,true,12,2015-04-01,2016-03-31,0
2015-10-30,74760,2015-03-31,2,,,,,,,,,,,,,,,,,,,,66668000000,45850000000,0.688,,45850000000,,,,,,,,,,,,true,false,12,2014-04-01,2015-03-31,-1
2015-10-30,74760,2015-03-31,2,,,,,,,,,,,,,,,,,,,,,,,,,,,,,71.00,,,,20688135,1525246,,false,false,12,2014-04-01,2015-03-31,-1
2015-10-30,74760,2016-03-31,2,,,,,,,,,,,,,,,,,,,,,,,,,,,,,51.00,,,,,,,false,false,12,2015-04-01,2016-03-31,0
2015-10-30,74760,2016-03-31,2,,,,,,,,,,,,,,,,,,,,,,,,,,,,,103.00,,,,,,,false,true,12,2015-04-01,2016-03-31,0
2015-10-30,74760,2016-03-31,2,,,,,,,,,,,,,,,,,,,,,,,,,,,,,,,,,20688135,1525432,19162787,false,false,6,2015-04-01,2015-09-30,0
2015-10-30,74760,2015-03-31,2,,,,,,,,,,,,,,,,,,,,,,,,,,,,,,,,,,,19163181,false,false,6,2014-04-01,2014-09-30,-1
2016-01-29,74760,2016-03-31,3,37552000000,0.035,,,,,3970000000,0.041,4068000000,0.041,,2661000000,,138.88,138.85,,,,,66305000000,47894000000,0.722,,47873000000,,,,,,,,,,,,true,false,9,2015-04-01,2015-12-31,0
2016-01-29,74760,2015-03-31,3,36265000000,0.009,,,,,3813000000,-0.039,3909000000,-0.012,,2510000000,,131.03,,,,,,,,,,,,,,,,,,,,,,true,false,9,2014-04-01,2014-12-31,-1
2016-01-29,74760,2016-03-31,3,54550000000,0.048,,,,,6020000000,0.006,6180000000,0.004,,3940000000,,205.61,,,,,,,,,,,,,,,,,,,,,,true,true,12,2015-04-01,2016-03-31,0
2016-01-29,74760,2015-03-31,3,,,,,,,,,,,,,,,,,,,,66668000000,45850000000,0.688,,45850000000,,,,,,,,,,,,true,false,12,2014-04-01,2015-03-31,-1
2016-01-29,74760,2015-03-31,3,,,,,,,,,,,,,,,,,,,,,,,,,,,,,71.00,,,,20688135,1525246,,false,false,12,2014-04-01,2015-03-31,-1
2016-01-29,74760,2016-03-31,3,,,,,,,,,,,,,,,,,,,,,,,,,,,,,51.00,,,,,,,false,false,12,2015-04-01,2016-03-31,0
2016-01-29,74760,2016-03-31,3,,,,,,,,,,,,,,,,,,,,,,,,,,,,,103.00,,,,,,,false,true,12,2015-04-01,2016-03-31,0
2016-01-29,74760,2016-03-31,3,,,,,,,,,,,,,,,,,,,,,,,,,,,,,,,,,20688135,1525583,19162731,false,false,9,2015-04-01,2015-12-31,0
2016-01-29,74760,2015-03-31,3,,,,,,,,,,,,,,,,,,,,,,,,,,,,,,,,,,,19163134,false,false,9,2014-04-01,2014-12-31,-1
2016-05-13,74760,2016-03-31,,53576000000,0.029,,,,,5843000000,-0.024,5990000000,-0.027,,3878000000,,202.41,202.36,0.082,0.088,0.109,,69614000000,48614000000,0.698,2536.98,48593000000,5303000000,-2181000000,-2579000000,5538000000,,0.499,,,,,,true,false,12,2015-04-01,2016-03-31,0
2016-05-13,74760,2015-03-31,,52041000000,0.017,,,,,5984000000,0.011,6157000000,0.039,,3869000000,,201.91,,0.088,0.094,0.115,,66668000000,45850000000,0.688,2392.65,45850000000,3171000000,-5511000000,-2424000000,5008000000,,0.352,,,,,,true,false,12,2014-04-01,2015-03-31,-1
2016-05-13,74760,2017-03-31,,25500000000,0.045,,,,,2490000000,-0.033,2580000000,-0.026,,1749000000,,91.27,,,,,,,,,,,,,,,,,,,,,,true,true,6,2016-04-01,2016-09-30,1
2016-05-13,74760,2017-03-31,,56340000000,0.052,,,,,5880000000,0.006,6075000000,0.014,,4140000000,,216.05,,,,,,,,,,,,,,,,0.500,,,,,,true,true,12,2016-04-01,2017-03-31,1
2016-05-13,74760,2016-03-31,,51867000000,0.028,,,,,5747000000,-0.011,5924000000,-0.014,3842000000,,0.024,200.54,200.50,,,,,68582000000,48257000000,0.703,2518.30,48235000000,,,,,101.00,,,,20688135,1525605,19162681,false,false,12,2015-04-01,2016-03-31,0
2016-05-13,74760,2015-03-31,,50438000000,0.017,,,,,5808000000,0.015,6010000000,0.046,3753000000,,0.084,195.87,,,,,,65779000000,45483000000,0.691,2373.52,45483000000,,,,,71.00,,,,20688135,1525246,19163098,false,false,12,2014-04-01,2015-03-31,-1
2016-05-13,74760,2017-03-31,,24750000000,0.040,,,,,,,2580000000,-0.039,1760000000,,-0.009,91.85,,,,,,,,,,,,,,,,,,,,,,false,true,6,2016-04-01,2016-09-30,1
2016-05-13,74760,2017-03-31,,54565000000,0.052,,,,,,,5965000000,0.007,4070000000,,0.059,212.39,,,,,,,,,,,,,,,108.00,,,,,,,false,true,12,2016-04-01,2017-03-31,1
2016-07-29,74760,2017-03-31,1,12624000000,0.043,,,,,1403000000,0.063,1457000000,0.066,,997000000,,52.06,52.05,,,,,67085000000,48651000000,0.725,,48630000000,,,,,,,,,,,,true,false,3,2016-04-01,2016-06-30,0
2016-07-29,74760,2016-03-31,1,12099000000,0.035,,,,,1320000000,-0.006,1367000000,0.006,,902000000,,47.09,,,,,,,,,,,,,,,,,,,,,,true,false,3,2015-04-01,2015-06-30,-1
2016-07-29,74760,2017-03-31,1,25500000000,0.045,,,,,2490000000,-0.033,2580000000,-0.026,,1749000000,,91.35,,,,,,,,,,,,,,,,,,,,,,true,true,6,2016-04-01,2016-09-30,0
2016-07-29,74760,2017-03-31,1,56340000000,0.052,,,,,5880000000,0.006,6075000000,0.014,,4140000000,,216.23,,,,,,,,,,,,,,,,,,,,,,true,true,12,2016-04-01,2017-03-31,0
2016-07-29,74760,2016-03-31,1,,,,,,,,,,,,,,,,,,,,69614000000,48614000000,0.698,,48593000000,,,,,,,,,,,,true,false,12,2015-04-01,2016-03-31,-1
2016-07-29,74760,2016-03-31,1,,,,,,,,,,,,,,,,,,,,,,,,,,,,,101.00,,,,20688135,1525605,,false,false,12,2015-04-01,2016-03-31,-1
2016-07-29,74760,2017-03-31,1,,,,,,,,,,,,,,,,,,,,,,,,,,,,,108.00,,,,,,,false,true,12,2016-04-01,2017-03-31,0
2016-07-29,74760,2017-03-31,1,,,,,,,,,,,,,,,,,,,,,,,,,,,,,,,,,20688135,1541705,19161462,false,false,3,2016-04-01,2016-06-30,0
2016-07-29,74760,2016-03-31,1,,,,,,,,,,,,,,,,,,,,,,,,,,,,,,,,,,,19162854,false,false,3,2015-04-01,2015-06-30,-1
,74760,2017-03-31,,,,,,,,,,,,,,,,,,,,,,,,,,,,,,109.00,,,,,,,false,true,12,2016-04-01,2017-03-31,0
,74760,2016-03-31,,,,,,,,,,,,,,,,,,,,,,,,,,,,,,101.00,,,,,,,false,false,12,2015-04-01,2016-03-31,-1
2016-10-31,74760,2017-03-31,2,25532000000,0.046,,,,,2691000000,0.045,2787000000,0.053,,1898000000,,99.27,99.22,,,,,66556000000,48676000000,0.731,,48632000000,,,,,,,,,,,,true,false,6,2016-04-01,2016-09-30,0
2016-10-31,74760,2016-03-31,2,24404000000,0.035,,,,,2575000000,-0.017,2647000000,-0.010,,1728000000,,90.21,90.20,,,,,,,,,,,,,,,,,,,,,true,false,6,2015-04-01,2015-09-30,-1
2016-10-31,74760,2017-03-31,2,56340000000,0.052,,,,,5880000000,0.006,6075000000,0.014,,4140000000,,217.06,,,,,,,,,,,,,,,,,,,,,,true,true,12,2016-04-01,2017-03-31,0
2016-10-31,74760,2016-03-31,2,,,,,,,,,,,,,,,,,,,,69614000000,48614000000,0.698,,48593000000,,,,,,,,,,,,true,false,12,2015-04-01,2016-03-31,-1
2016-10-31,74760,2016-03-31,2,,,,,,,,,,,,,,,,,,,,,,,,,,,,,101.00,,,,20688135,1525605,,false,false,12,2015-04-01,2016-03-31,-1
2016-10-31,74760,2017-03-31,2,,,,,,,,,,,,,,,,,,,,,,,,,,,,,54.00,,,,,,,false,false,12,2016-04-01,2017-03-31,0
2016-10-31,74760,2017-03-31,2,,,,,,,,,,,,,,,,,,,,,,,,,,,,,109.00,,,,,,,false,true,12,2016-04-01,2017-03-31,0
2016-10-31,74760,2017-03-31,2,,,,,,,,,,,,,,,,,,,,,,,,,,,,,,,,,20688135,1669221,19126914,false,false,6,2016-04-01,2016-09-30,0
2016-10-31,74760,2016-03-31,2,,,,,,,,,,,,,,,,,,,,,,,,,,,,,,,,,,,19162787,false,false,6,2015-04-01,2015-09-30,-1
2017-01-31,74760,2017-03-31,3,39253000000,0.045,,,,,3974000000,0.001,4126000000,0.014,,2810000000,,147.24,147.16,,,,,66392000000,48560000000,0.731,,48516000000,,,,,,,,,,,,true,false,9,2016-04-01,2016-12-31,0
2017-01-31,74760,2016-03-31,3,37552000000,0.035,,,,,3970000000,0.041,4068000000,0.041,,2661000000,,138.88,138.85,,,,,,,,,,,,,,,,,,,,,true,false,9,2015-04-01,2015-12-31,-1
2017-01-31,74760,2017-03-31,3,56340000000,0.052,,,,,5880000000,0.006,6075000000,0.014,,4140000000,,217.06,,,,,,,,,,,,,,,,,,,,,,true,true,12,2016-04-01,2017-03-31,0
2017-01-31,74760,2016-03-31,3,,,,,,,,,,,,,,,,,,,,69614000000,48614000000,0.698,,48593000000,,,,,,,,,,,,true,false,12,2015-04-01,2016-03-31,-1
2017-01-31,74760,2016-03-31,3,,,,,,,,,,,,,,,,,,,,,,,,,,,,,101.00,,,,20688135,1525605,,false,false,12,2015-04-01,2016-03-31,-1
2017-01-31,74760,2017-03-31,3,,,,,,,,,,,,,,,,,,,,,,,,,,,,,54.00,,,,,,,false,false,12,2016-04-01,2017-03-31,0
2017-01-31,74760,2017-03-31,3,,,,,,,,,,,,,,,,,,,,,,,,,,,,,109.00,,,,,,,false,true,12,2016-04-01,2017-03-31,0
2017-01-31,74760,2017-03-31,3,,,,,,,,,,,,,,,,,,,,,,,,,,,,,,,,,20688135,1669467,19090760,false,false,9,2016-04-01,2016-12-31,0
2017-01-31,74760,2016-03-31,3,,,,,,,,,,,,,,,,,,,,,,,,,,,,,,,,,,,19162731,false,false,9,2015-04-01,2015-12-31,-1
2017-05-12,74760,2017-03-31,,55947000000,0.044,,,,,6093000000,0.043,6306000000,0.053,,4212000000,,220.89,220.76,0.085,0.090,0.109,,70986000000,50169000000,0.706,2637.91,,4731000000,-1923000000,-3548000000,4781000000,,0.498,,,,,,true,false,12,2016-04-01,2017-03-31,0
2017-05-12,74760,2016-03-31,,53576000000,0.029,,,,,5843000000,-0.024,5990000000,-0.027,,3878000000,,202.41,202.36,0.082,0.088,0.109,,69614000000,48614000000,0.698,2536.98,48593000000,5303000000,-2181000000,-2579000000,5538000000,,0.499,,,,,,true,false,12,2015-04-01,2016-03-31,-1
2017-05-12,74760,2018-03-31,,26850000000,0.052,,,,,2980000000,0.107,3070000000,0.101,,2060000000,,108.31,,,,,,,,,,,,,,,,,,,,,,true,true,6,2017-04-01,2017-09-30,1
2017-05-12,74760,2018-03-31,,59000000000,0.055,,,,,6300000000,0.034,6490000000,0.029,,4380000000,,230.30,,,,,,,,,,,,,,,,0.499,,,,,,true,true,12,2017-04-01,2018-03-31,1
2017-05-12,74760,2017-03-31,,54207000000,0.045,,,,,5935000000,0.033,6195000000,0.046,4170000000,,0.085,218.67,218.55,,,,,69998000000,49854000000,0.712,2621.34,49810000000,,,,,110.00,,,,20688135,1669480,19072982,false,false,12,2016-04-01,2017-03-31,0
2017-05-12,74760,2016-03-31,,51867000000,0.028,,,,,5747000000,-0.011,5924000000,-0.014,3842000000,,0.024,200.54,200.50,,,,,68582000000,48257000000,0.703,2518.30,48235000000,,,,,101.00,,,,20688135,1525605,19162681,false,false,12,2015-04-01,2016-03-31,-1
2017-05-12,74760,2018-03-31,,25990000000,0.049,,,,,,,3080000000,0.122,2100000000,,0.113,110.42,,,,,,,,,,,,,,,,,,,,,,false,true,6,2017-04-01,2017-09-30,1
2017-05-12,74760,2018-03-31,,56853000000,0.049,,,,,,,6440000000,0.040,4380000000,,0.050,230.30,,,,,,,,,,,,,,,115.00,,,,,,,false,true,12,2017-04-01,2018-03-31,1
2017-07-31,74760,2018-03-31,1,13867000000,0.098,,,,,1518000000,0.083,1570000000,0.078,,1067000000,,56.12,56.08,,,,,69406000000,50684000000,0.730,,50641000000,,,,,,,,,,,,true,false,3,2017-04-01,2017-06-30,0
2017-07-31,74760,2017-03-31,1,12624000000,0.043,,,,,1403000000,0.063,1457000000,0.066,,997000000,,52.06,52.05,,,,,,,,,,,,,,,,,,,,,true,false,3,2016-04-01,2016-06-30,-1
2017-07-31,74760,2018-03-31,1,26850000000,0.052,,,,,2980000000,0.107,3070000000,0.101,,2060000000,,108.31,,,,,,,,,,,,,,,,,,,,,,true,true,6,2017-04-01,2017-09-30,0
2017-07-31,74760,2018-03-31,1,59000000000,0.055,,,,,6300000000,0.034,6490000000,0.029,,4380000000,,230.30,,,,,,,,,,,,,,,,,,,,,,true,true,12,2017-04-01,2018-03-31,0
2017-07-31,74760,2017-03-31,1,,,,,,,,,,,,,,,,,,,,70986000000,50169000000,0.706,,50125000000,,,,,,,,,,,,true,false,12,2016-04-01,2017-03-31,-1
2017-07-31,74760,2017-03-31,1,,,,,,,,,,,,,,,,,,,,,,,,,,,,,110.00,,,,20688135,1669480,,false,false,12,2016-04-01,2017-03-31,-1
2017-07-31,74760,2018-03-31,1,,,,,,,,,,,,,,,,,,,,,,,,,,,,,115.00,,,,,,,false,true,12,2017-04-01,2018-03-31,0
2017-07-31,74760,2018-03-31,1,,,,,,,,,,,,,,,,,,,,,,,,,,,,,,,,,20688135,1669516,19018635,false,false,3,2017-04-01,2017-06-30,0
2017-07-31,74760,2017-03-31,1,,,,,,,,,,,,,,,,,,,,,,,,,,,,,,,,,,,19161462,false,false,3,2016-04-01,2016-06-30,-1
,74760,2018-03-31,,,,,,,,,,,,,,,,,,,,,,,,,,,,,,116.00,,,,,,,false,true,12,2017-04-01,2018-03-31,0
,74760,2017-03-31,,,,,,,,,,,,,,,,,,,,,,,,,,,,,,110.00,,,,,,,false,false,12,2016-04-01,2017-03-31,-1
2017-10-31,74760,2018-03-31,2,27910000000,0.093,,,,,2942000000,0.093,3048000000,0.094,,2047000000,,108.15,108.07,,,,,68691000000,50397000000,0.733,,50329000000,,,,,,,,,,,,true,false,6,2017-04-01,2017-09-30,0
2017-10-31,74760,2017-03-31,2,25532000000,0.046,,,,,2691000000,0.045,2787000000,0.053,,1898000000,,99.27,99.22,,,,,,,,,,,,,,,,,,,,,true,false,6,2016-04-01,2016-09-30,-1
2017-10-31,74760,2018-03-31,2,60800000000,0.087,,,,,6400000000,0.050,6550000000,0.039,,4400000000,,233.65,,,,,,,,,,,,,,,,,,,,,,true,true,12,2017-04-01,2018-03-31,0
2017-10-31,74760,2017-03-31,2,,,,,,,,,,,,,,,,,,,,70986000000,50169000000,0.706,,50125000000,,,,,,,,,,,,true,false,12,2016-04-01,2017-03-31,-1
2017-10-31,74760,2017-03-31,2,,,,,,,,,,,,,,,,,,,,,,,,,,,,,110.00,,,,20688135,1669480,,false,false,12,2016-04-01,2017-03-31,-1
2017-10-31,74760,2018-03-31,2,,,,,,,,,,,,,,,,,,,,,,,,,,,,,57.00,,,,,,,false,false,12,2017-04-01,2018-03-31,0
2017-10-31,74760,2018-03-31,2,,,,,,,,,,,,,,,,,,,,,,,,,,,,,117.00,,,,,,,false,true,12,2017-04-01,2018-03-31,0
2017-10-31,74760,2018-03-31,2,,,,,,,,,,,,,,,,,,,,,,,,,,,,,,,,,20688135,1961555,18935478,false,false,6,2017-04-01,2017-09-30,0
2017-10-31,74760,2017-03-31,2,,,,,,,,,,,,,,,,,,,,,,,,,,,,,,,,,,,19126914,false,false,6,2016-04-01,2016-09-30,-1
2017-10-31,74760,2018-03-31,,60800000000,0.031,,,,,6400000000,0.016,6550000000,0.009,,4400000000,,233.65,,,,,,,,,,,,,,,,,,,,,,true,true,12,2017-04-01,2018-03-31,0
2017-10-31,74760,2017-03-31,,55947000000,,,,,,6093000000,,6306000000,,,4212000000,,220.89,,,,,,,,,,,,,,,,,,,,,,true,false,12,2016-04-01,2017-03-31,-1
2017-10-31,74760,2018-03-31,,,,,,,,,,,,,,,,,,,,,,,,,,,,,,117.00,,,,,,,false,true,12,2017-04-01,2018-03-31,0
2017-10-31,74760,2017-03-31,,,,,,,,,,,,,,,,,,,,,,,,,,,,,,110.00,,,,,,,false,false,12,2016-04-01,2017-03-31,-1
2018-01-31,74760,2018-03-31,3,43209000000,0.101,,,,,4520000000,0.137,4681000000,0.135,,3156000000,,167.43,167.29,,,,,68109000000,49921000000,0.732,,49854000000,,,,,,,,,,,,true,false,9,2017-04-01,2017-12-31,0
2018-01-31,74760,2017-03-31,3,39253000000,0.045,,,,,3974000000,0.001,4126000000,0.014,,2810000000,,147.24,147.16,,,,,,,,,,,,,,,,,,,,,true,false,9,2016-04-01,2016-12-31,-1
2018-01-31,74760,2018-03-31,3,60800000000,0.087,,,,,6400000000,0.050,6550000000,0.039,,4400000000,,233.65,,,,,,,,,,,,,,,,,,,,,,true,true,12,2017-04-01,2018-03-31,0
2018-01-31,74760,2017-03-31,3,,,,,,,,,,,,,,,,,,,,70986000000,50169000000,0.706,,50125000000,,,,,,,,,,,,true,false,12,2016-04-01,2017-03-31,-1
2018-01-31,74760,2017-03-31,3,,,,,,,,,,,,,,,,,,,,,,,,,,,,,110.00,,,,20688135,1669480,,false,false,12,2016-04-01,2017-03-31,-1
2018-01-31,74760,2018-03-31,3,,,,,,,,,,,,,,,,,,,,,,,,,,,,,57.00,,,,,,,false,false,12,2017-04-01,2018-03-31,0
2018-01-31,74760,2018-03-31,3,,,,,,,,,,,,,,,,,,,,,,,,,,,,,117.00,,,,,,,false,true,12,2017-04-01,2018-03-31,0
2018-01-31,74760,2018-03-31,3,,,,,,,,,,,,,,,,,,,,,,,,,,,,,,,,,20688135,2021303,18855677,false,false,9,2017-04-01,2017-12-31,0
2018-01-31,74760,2017-03-31,3,,,,,,,,,,,,,,,,,,,,,,,,,,,,,,,,,,,19090760,false,false,9,2016-04-01,2016-12-31,-1
2018-05-11,74760,2018-03-31,,60959000000,0.090,,,,,6596000000,0.083,6843000000,0.085,,4684000000,,249.06,248.84,0.092,0.092,0.108,,78203000000,52467000000,0.667,2810.73,52128000000,3037000000,3354000000,-4626000000,6551000000,,0.502,,,,,,true,false,12,2017-04-01,2018-03-31,0
2018-05-11,74760,2017-03-31,,55947000000,0.044,,,,,6093000000,0.043,6306000000,0.053,,4212000000,,220.89,220.76,0.085,0.090,0.109,,70986000000,50169000000,0.706,2637.91,50125000000,4731000000,-1923000000,-3548000000,4781000000,,0.498,,,,,,true,false,12,2016-04-01,2017-03-31,-1
2018-05-11,74760,2019-03-31,,30100000000,0.078,,,,,3285000000,0.116,3400000000,0.115,,2290000000,,122.68,,,,,,,,,,,,,,,,,,,,,,true,true,6,2018-04-01,2018-09-30,1
2018-05-11,74760,2019-03-31,,65850000000,0.080,,,,,7520000000,0.140,7750000000,0.132,,5220000000,,279.64,,,,,,,,,,,,,,,,0.501,,,,,,true,true,12,2018-04-01,2019-03-31,1
2018-05-11,74760,2018-03-31,,58802000000,0.085,,,,,6527000000,0.100,6811000000,0.100,4699000000,,0.127,249.83,249.61,,,,,73105000000,51874000000,0.709,2778.95,51806000000,,,,,125.00,,,,20688135,2021335,18809108,false,false,12,2017-04-01,2018-03-31,0
2018-05-11,74760,2017-03-31,,54207000000,0.045,,,,,5935000000,0.033,6195000000,0.046,4170000000,,0.085,218.67,218.55,,,,,69998000000,49854000000,0.712,2621.34,49810000000,,,,,110.00,,,,20688135,1669480,19072982,false,false,12,2016-04-01,2017-03-31,-1
2018-05-11,74760,2019-03-31,,28815000000,0.066,,,,,,,3397000000,0.103,2338000000,,0.112,125.25,,,,,,,,,,,,,,,,,,,,,,false,true,6,2018-04-01,2018-09-30,1
2018-05-11,74760,2019-03-31,,63040000000,0.072,,,,,,,7660000000,0.125,5258000000,,0.119,281.68,,,,,,,,,,,,,,,140.00,,,,,,,false,true,12,2018-04-01,2019-03-31,1
2018-07-31,74760,2019-03-31,1,15382000000,0.109,,,,,1803000000,0.188,1847000000,0.176,,1247000000,,66.81,66.75,,,,,74632000000,52059000000,0.693,,51756000000,,,,,,,,,,,,true,false,3,2018-04-01,2018-06-30,0
2018-07-31,74760,2018-03-31,1,13867000000,0.098,,,,,1518000000,0.083,1570000000,0.078,,1067000000,,56.12,56.08,,,,,,,,,,,,,,,,,,,,,true,false,3,2017-04-01,2017-06-30,-1
2018-07-31,74760,2019-03-31,1,30100000000,0.078,,,,,3285000000,0.116,3400000000,0.115,,2290000000,,122.68,,,,,,,,,,,,,,,,,,,,,,true,true,6,2018-04-01,2018-09-30,0
2018-07-31,74760,2019-03-31,1,65850000000,0.080,,,,,7520000000,0.140,7750000000,0.132,,5220000000,,279.64,,,,,,,,,,,,,,,,,,,,,,true,true,12,2018-04-01,2019-03-31,0
2018-07-31,74760,2018-03-31,1,,,,,,,,,,,,,,,,,,,,77831000000,52467000000,0.670,,52128000000,,,,,,,,,,,,true,false,12,2017-04-01,2018-03-31,-1
2018-07-31,74760,2018-03-31,1,,,,,,,,,,,,,,,,,,,,,,,,,,,,,125.00,,,,20688135,2021335,,false,false,12,2017-04-01,2018-03-31,-1
2018-07-31,74760,2019-03-31,1,,,,,,,,,,,,,,,,,,,,,,,,,,,,,140.00,,,,,,,false,true,12,2018-04-01,2019-03-31,0
2018-07-31,74760,2019-03-31,1,,,,,,,,,,,,,,,,,,,,,,,,,,,,,,,,,20688135,2021335,18666800,false,false,3,2018-04-01,2018-06-30,0
2018-07-31,74760,2018-03-31,1,,,,,,,,,,,,,,,,,,,,,,,,,,,,,,,,,,,19018635,false,false,3,2017-04-01,2017-06-30,-1
2018-10-31,74760,2019-03-31,2,30786000000,0.103,,,,,3487000000,0.185,3549000000,0.164,,2403000000,,128.76,128.63,,,,,74584000000,52267000000,0.700,,52173000000,,,,,,,,,,,,true,false,6,2018-04-01,2018-09-30,0
2018-10-31,74760,2018-03-31,2,27910000000,0.093,,,,,2942000000,0.093,3048000000,0.094,,2047000000,,108.15,108.07,,,,,,,,,,,,,,,,,,,,,true,false,6,2017-04-01,2017-09-30,-1
2018-10-31,74760,2019-03-31,2,65850000000,0.080,,,,,7520000000,0.140,7700000000,0.125,,5210000000,,279.10,,,,,,,,,,,,,,,,,,,,,,true,true,12,2018-04-01,2019-03-31,0
2018-10-31,74760,2018-03-31,2,,,,,,,,,,,,,,,,,,,,77831000000,52467000000,0.670,,52128000000,,,,,,,,,,,,true,false,12,2017-04-01,2018-03-31,-1
2018-10-31,74760,2018-03-31,2,,,,,,,,,,,,,,,,,,,,,,,,,,,,,125.00,,,,20688135,2021335,,false,false,12,2017-04-01,2018-03-31,-1
2018-10-31,74760,2019-03-31,2,,,,,,,,,,,,,,,,,,,,,,,,,,,,,70.00,,,,,,,false,false,12,2018-04-01,2019-03-31,0
2018-10-31,74760,2019-03-31,2,,,,,,,,,,,,,,,,,,,,,,,,,,,,,140.00,,,,,,,false,true,12,2018-04-01,2019-03-31,0
2018-10-31,74760,2019-03-31,2,,,,,,,,,,,,,,,,,,,,,,,,,,,,,,,,,20688135,2021143,18666838,false,false,6,2018-04-01,2018-09-30,0
2018-10-31,74760,2018-03-31,2,,,,,,,,,,,,,,,,,,,,,,,,,,,,,,,,,,,18935478,false,false,6,2017-04-01,2017-09-30,-1
2019-01-31,74760,2019-03-31,3,47749000000,0.105,,,,,5383000000,0.191,5515000000,0.178,,3750000000,,200.90,200.67,,,,,73355000000,51235000000,0.697,,51141000000,,,,,,,,,,,,true,false,9,2018-04-01,2018-12-31,0
2019-01-31,74760,2018-03-31,3,43209000000,0.101,,,,,4520000000,0.137,4681000000,0.135,,3156000000,,167.43,167.29,,,,,,,,,,,,,,,,,,,,,true,false,9,2017-04-01,2017-12-31,-1
2019-01-31,74760,2019-03-31,3,65850000000,0.080,,,,,7520000000,0.140,7700000000,0.125,,5210000000,,279.10,,,,,,,,,,,,,,,,,,,,,,true,true,12,2018-04-01,2019-03-31,0
2019-01-31,74760,2018-03-31,3,,,,,,,,,,,,,,,,,,,,77831000000,52467000000,0.670,,52128000000,,,,,,,,,,,,true,false,12,2017-04-01,2018-03-31,-1
2019-01-31,74760,2018-03-31,3,,,,,,,,,,,,,,,,,,,,,,,,,,,,,125.00,,,,20688135,2021335,,false,false,12,2017-04-01,2018-03-31,-1
2019-01-31,74760,2019-03-31,3,,,,,,,,,,,,,,,,,,,,,,,,,,,,,70.00,,,,,,,false,false,12,2018-04-01,2019-03-31,0
2019-01-31,74760,2019-03-31,3,,,,,,,,,,,,,,,,,,,,,,,,,,,,,140.00,,,,,,,false,true,12,2018-04-01,2019-03-31,0
2019-01-31,74760,2019-03-31,3,,,,,,,,,,,,,,,,,,,,,,,,,,,,,,,,,20688135,2020903,18666948,false,false,9,2018-04-01,2018-12-31,0
2019-01-31,74760,2018-03-31,3,,,,,,,,,,,,,,,,,,,,,,,,,,,,,,,,,,,18855677,false,false,9,2017-04-01,2017-12-31,-1
2019-05-13,74760,2019-03-31,,66733000000,0.095,,,,,7562000000,0.146,7751000000,0.133,,5264000000,,282.00,281.68,0.100,0.099,0.113,,78773000000,53252000000,0.675,2852.74,53157000000,5791000000,-448000000,-5051000000,6816000000,,0.500,,,,,,true,false,12,2018-04-01,2019-03-31,0
2019-05-13,74760,2018-03-31,,60959000000,0.090,,,,,6596000000,0.083,6843000000,0.085,,4684000000,,249.06,248.84,0.092,0.092,0.108,,77831000000,52467000000,0.670,2810.73,52128000000,3037000000,3354000000,-4626000000,6551000000,,0.502,,,,,,true,false,12,2017-04-01,2018-03-31,-1
2019-05-13,74760,2020-03-31,,32400000000,0.052,,,,,3670000000,0.052,3800000000,0.070,,2570000000,,137.68,,,,,,,,,,,,,,,,,,,,,,true,true,6,2019-04-01,2019-09-30,1
2019-05-13,74760,2020-03-31,,71550000000,0.072,,,,,8580000000,0.170,9120000000,0.177,,6250000000,,334.81,,,,,,,,,,,,,,,,0.499,,,,,,true,true,12,2019-04-01,2020-03-31,1
2019-05-13,74760,2019-03-31,,63689000000,0.083,,,,,7245000000,0.138,7708000000,0.132,5326000000,,0.134,285.37,285.05,,,,,75360000000,54188000000,0.718,2902.90,54093000000,,,,,141.00,,,,20688135,2021083,18666990,false,false,12,2018-04-01,2019-03-31,0
2019-05-13,74760,2018-03-31,,58802000000,0.085,,,,,6527000000,0.100,6811000000,0.100,4699000000,,0.127,249.83,249.61,,,,,72749000000,51874000000,0.712,2778.95,51806000000,,,,,125.00,,,,20688135,2021335,18809108,false,false,12,2017-04-01,2018-03-31,-1
2019-05-13,74760,2020-03-31,,31030000000,0.055,,,,,,,3890000000,0.087,2700000000,,0.091,144.64,,,,,,,,,,,,,,,,,,,,,,false,true,6,2019-04-01,2019-09-30,1
2019-05-13,74760,2020-03-31,,68360000000,0.073,,,,,,,9090000000,0.179,6310000000,,0.185,338.03,,,,,,,,,,,,,,,167.00,,,,,,,false,true,12,2019-04-01,2020-03-31,1
2019-07-31,74760,2020-03-31,1,15640000000,0.017,,,,,1751000000,-0.029,1830000000,-0.009,,1249000000,,66.91,66.83,,,,,75920000000,54060000000,0.711,,53966000000,,,,,,,,,,,,true,false,3,2019-04-01,2019-06-30,0
2019-07-31,74760,2019-03-31,1,15382000000,0.109,,,,,1803000000,0.188,1847000000,0.176,,1247000000,,66.81,66.75,,,,,,,,,,,,,,,,,,,,,true,false,3,2018-04-01,2018-06-30,-1
2019-07-31,74760,2020-03-31,1,32400000000,0.052,,,,,3670000000,0.052,3800000000,0.070,,2570000000,,137.68,,,,,,,,,,,,,,,,,,,,,,true,true,6,2019-04-01,2019-09-30,0
2019-07-31,74760,2020-03-31,1,71550000000,0.072,,,,,8850000000,0.170,9120000000,0.177,,6250000000,,334.81,,,,,,,,,,,,,,,,,,,,,,true,true,12,2019-04-01,2020-03-31,0
2019-07-31,74760,2019-03-31,1,,,,,,,,,,,,,,,,,,,,78773000000,53252000000,0.675,,53157000000,,,,,,,,,,,,true,false,12,2018-04-01,2019-03-31,-1
2019-07-31,74760,2019-03-31,1,,,,,,,,,,,,,,,,,,,,,,,,,,,,,141.00,,,,20688135,2021083,,false,false,12,2018-04-01,2019-03-31,-1
2019-07-31,74760,2020-03-31,1,,,,,,,,,,,,,,,,,,,,,,,,,,,,,167.00,,,,,,,false,true,12,2019-04-01,2020-03-31,0
2019-07-31,74760,2020-03-31,1,,,,,,,,,,,,,,,,,,,,,,,,,,,,,,,,,20688135,2020835,18667088,false,false,3,2019-04-01,2019-06-30,0
2019-07-31,74760,2019-03-31,1,,,,,,,,,,,,,,,,,,,,,,,,,,,,,,,,,,,18666800,false,false,3,2018-04-01,2018-06-30,-1
2019-10-31,74760,2020-03-31,2,32594000000,0.059,,,,,3835000000,0.100,3981000000,0.121,,2719000000,,145.69,145.50,,,,,77089000000,55791000000,0.722,,55671000000,,,,,,,,,,,,true,false,6,2019-04-01,2019-09-30,0
2019-10-31,74760,2019-03-31,2,30786000000,0.103,,,,,3487000000,0.185,3549000000,0.164,,2403000000,,128.76,128.63,,,,,,,,,,,,,,,,,,,,,true,false,6,2018-04-01,2018-09-30,-1
2019-10-31,74760,2020-03-31,2,71550000000,0.072,,,,,8850000000,0.170,9120000000,0.177,,6250000000,,334.81,,,,,,,,,,,,,,,,,,,,,,true,true,12,2019-04-01,2020-03-31,0
2019-10-31,74760,2019-03-31,2,,,,,,,,,,,,,,,,,,,,78773000000,53252000000,0.675,,53157000000,,,,,,,,,,,,true,false,12,2018-04-01,2019-03-31,-1
2019-10-31,74760,2019-03-31,2,,,,,,,,,,,,,,,,,,,,,,,,,,,,,141.00,,,,20688135,2021083,,false,false,12,2018-04-01,2019-03-31,-1
2019-10-31,74760,2020-03-31,2,,,,,,,,,,,,,,,,,,,,,,,,,,,,,83.00,,,,,,,false,false,12,2019-04-01,2020-03-31,0
2019-10-31,74760,2020-03-31,2,,,,,,,,,,,,,,,,,,,,,,,,,,,,,167.00,,,,,,,false,true,12,2019-04-01,2020-03-31,0
2019-10-31,74760,2020-03-31,2,,,,,,,,,,,,,,,,,,,,,,,,,,,,,,,,,20688135,2020671,18667184,false,false,6,2019-04-01,2019-09-30,0
2019-10-31,74760,2019-03-31,2,,,,,,,,,,,,,,,,,,,,,,,,,,,,,,,,,,,18666838,false,false,6,2018-04-01,2018-09-30,-1
2020-01-31,74760,2020-03-31,3,49416000000,0.035,,,,,5794000000,0.077,5975000000,0.083,,4028000000,,215.81,215.53,,,,,77684000000,56124000000,0.721,,56004000000,,,,,,,,,,,,true,false,9,2019-04-01,2019-12-31,0
2020-01-31,74760,2019-03-31,3,47749000000,0.105,,,,,5383000000,0.191,5515000000,0.178,,3750000000,,200.90,200.67,,,,,,,,,,,,,,,,,,,,,true,false,9,2018-04-01,2018-12-31,-1
2020-01-31,74760,2020-03-31,3,71550000000,0.072,,,,,8850000000,0.170,9120000000,0.177,,6250000000,,334.81,,,,,,,,,,,,,,,,,,,,,,true,true,12,2019-04-01,2020-03-31,0
2020-01-31,74760,2019-03-31,3,,,,,,,,,,,,,,,,,,,,78773000000,53252000000,0.675,,53157000000,,,,,,,,,,,,true,false,12,2018-04-01,2019-03-31,-1
2020-01-31,74760,2019-03-31,3,,,,,,,,,,,,,,,,,,,,,,,,,,,,,141.00,,,,20688135,2021083,,false,false,12,2018-04-01,2019-03-31,-1
2020-01-31,74760,2020-03-31,3,,,,,,,,,,,,,,,,,,,,,,,,,,,,,83.00,,,,,,,false,false,12,2019-04-01,2020-03-31,0
2020-01-31,74760,2020-03-31,3,,,,,,,,,,,,,,,,,,,,,,,,,,,,,167.00,,,,,,,false,true,12,2019-04-01,2020-03-31,0
2020-01-31,74760,2020-03-31,3,,,,,,,,,,,,,,,,,,,,,,,,,,,,,,,,,20688135,2020748,18667266,false,false,9,2019-04-01,2019-12-31,0
2020-01-31,74760,2019-03-31,3,,,,,,,,,,,,,,,,,,,,,,,,,,,,,,,,,,,18666948,false,false,9,2018-04-01,2018-12-31,-1
2020-05-12,74760,2020-03-31,,70389000000,0.055,,,,,8550000000,0.131,8822000000,0.138,,5966000000,,319.60,319.18,0.109,0.110,0.121,,81520000000,56493000000,0.692,3026.35,56374000000,6312000000,-3457000000,-2873000000,6784000000,,0.501,,,,,,true,false,12,2019-04-01,2020-03-31,0
2020-05-12,74760,2019-03-31,,66733000000,0.095,,,,,7562000000,0.146,7751000000,0.133,,5264000000,,282.00,281.68,0.100,0.099,0.113,,78773000000,53252000000,0.675,2852.74,53157000000,5791000000,-448000000,-5051000000,6816000000,,0.500,,,,,,true,false,12,2018-04-01,2019-03-31,-1
2020-05-12,74760,2021-03-31,,32500000000,-0.003,,,,,2490000000,-0.351,2660000000,-0.332,,1770000000,,94.82,,,,,,,,,,,,,,,,,,,,,,true,true,6,2020-04-01,2020-09-30,1
2020-05-12,74760,2021-03-31,,72500000000,0.030,,,,,6340000000,-0.259,6670000000,-0.244,,4500000000,,241.06,,,,,,,,,,,,,,,,0.502,,,,,,true,true,12,2020-04-01,2021-03-31,1
2020-05-12,74760,2020-03-31,,67648000000,0.062,,,,,8461000000,0.140,8823000000,0.145,6031000000,,0.132,323.13,322.70,,,,,79707000000,57528000000,0.720,3081.76,57408000000,,,,,160.00,,,,20688135,2020776,18667296,false,false,12,2019-04-01,2020-03-31,0
2020-05-12,74760,2019-03-31,,63689000000,0.083,,,,,7245000000,0.138,7708000000,0.132,5326000000,,0.134,285.37,285.05,,,,,75360000000,54188000000,0.718,2902.90,54093000000,,,,,141.00,,,,20688135,2021083,18666990,false,false,12,2018-04-01,2019-03-31,-1
2020-05-12,74760,2021-03-31,,31340000000,0.000,,,,,,,2840000000,-0.286,1950000000,,-0.294,104.46,,,,,,,,,,,,,,,,,,,,,,false,true,6,2020-04-01,2020-09-30,1
2020-05-12,74760,2021-03-31,,69840000000,0.032,,,,,,,6820000000,-0.227,4670000000,,-0.226,250.17,,,,,,,,,,,,,,,121.00,,,,,,,false,true,12,2020-04-01,2021-03-31,1
2020-07-31,74760,2021-03-31,1,16952000000,0.084,,,,,1662000000,-0.051,1765000000,-0.036,,1222000000,,65.51,65.42,,,,,82756000000,56933000000,0.687,,56813000000,,,,,,,,,,,,true,false,3,2020-04-01,2020-06-30,0
2020-07-31,74760,2020-03-31,1,15640000000,0.017,,,,,1751000000,-0.029,1830000000,-0.009,,1249000000,,66.91,66.83,,,,,,,,,,,,,,,,,,,,,true,false,3,2019-04-01,2019-06-30,-1
2020-07-31,74760,2021-03-31,1,32500000000,-0.003,,,,,2490000000,-0.351,2660000000,-0.332,,1770000000,,94.82,,,,,,,,,,,,,,,,,,,,,,true,true,6,2020-04-01,2020-09-30,0
2020-07-31,74760,2021-03-31,1,72500000000,0.030,,,,,6340000000,-0.259,6670000000,-0.244,,4500000000,,241.06,,,,,,,,,,,,,,,,,,,,,,true,true,12,2020-04-01,2021-03-31,0
2020-07-31,74760,2020-03-31,1,,,,,,,,,,,,,,,,,,,,81520000000,56493000000,0.692,,56374000000,,,,,,,,,,,,true,false,12,2019-04-01,2020-03-31,-1
2020-07-31,74760,2020-03-31,1,,,,,,,,,,,,,,,,,,,,,,,,,,,,,160.00,,,,20688135,2020776,,false,false,12,2019-04-01,2020-03-31,-1
2020-07-31,74760,2021-03-31,1,,,,,,,,,,,,,,,,,,,,,,,,,,,,,121.00,,,,,,,false,true,12,2020-04-01,2021-03-31,0
2020-07-31,74760,2021-03-31,1,,,,,,,,,,,,,,,,,,,,,,,,,,,,,,,,,20688135,2015386,18668106,false,false,3,2020-04-01,2020-06-30,0
2020-07-31,74760,2020-03-31,1,,,,,,,,,,,,,,,,,,,,,,,,,,,,,,,,,,,18667088,false,false,3,2019-04-01,2019-06-30,-1
2020-10-30,74760,2021-03-31,2,35289000000,0.083,,,,,3528000000,-0.080,3715000000,-0.067,,2556000000,,136.86,136.67,,,,,85611000000,59675000000,0.696,,59555000000,,,,,,,,,,,,true,false,6,2020-04-01,2020-09-30,0
2020-10-30,74760,2020-03-31,2,32594000000,0.059,,,,,3835000000,0.100,3981000000,0.121,,2719000000,,145.69,145.50,,,,,,,,,,,,,,,,,,,,,true,false,6,2019-04-01,2019-09-30,-1
2020-10-30,74760,2021-03-31,2,75070000000,0.066,,,,,6820000000,-0.202,7170000000,-0.187,,4900000000,,262.29,,,,,,,,,,,,,,,,,,,,,,true,true,12,2020-04-01,2021-03-31,0
2020-10-30,74760,2020-03-31,2,,,,,,,,,,,,,,,,,,,,81520000000,56493000000,0.692,,56374000000,,,,,,,,,,,,true,false,12,2019-04-01,2020-03-31,-1
2020-10-30,74760,2020-03-31,2,,,,,,,,,,,,,,,,,,,,,,,,,,,,,160.00,,,,20688135,2020776,,false,false,12,2019-04-01,2020-03-31,-1
2020-10-30,74760,2021-03-31,2,,,,,,,,,,,,,,,,,,,,,,,,,,,,,60.00,,,,,,,false,false,12,2020-04-01,2021-03-31,0
2020-10-30,74760,2021-03-31,2,,,,,,,,,,,,,,,,,,,,,,,,,,,,,131.00,,,,,,,false,true,12,2020-04-01,2021-03-31,0
2020-10-30,74760,2021-03-31,2,,,,,,,,,,,,,,,,,,,,,,,,,,,,,,,,,20688135,2001266,18676630,false,false,6,2020-04-01,2020-09-30,0
2020-10-30,74760,2020-03-31,2,,,,,,,,,,,,,,,,,,,,,,,,,,,,,,,,,,,18667184,false,false,6,2019-04-01,2019-09-30,-1
,74760,2021-03-31,,,,,,,,,,,,,,,,,,,,,,,,,,,,,,131.00,,,,,,,false,true,12,2020-04-01,2021-03-31,0
,74760,2021-03-31,,,,,,,,,,,,,,,,,,,,,,,,,,,,,,60.00,,,,,,,false,false,12,2020-04-01,2021-03-31,0
,74760,2020-03-31,,,,,,,,,,,,,,,,,,,,,,,,,,,,,,160.00,,,,,,,false,false,12,2019-04-01,2020-03-31,-1
2021-01-29,74760,2021-03-31,3,56744000000,0.148,,,,,6513000000,0.124,6795000000,0.137,,3556000000,,190.40,190.14,,,,,89615000000,60923000000,0.678,,60803000000,,,,,,,,,,,,true,false,9,2020-04-01,2020-12-31,0
2021-01-29,74760,2020-03-31,3,49416000000,0.035,,,,,5794000000,0.077,5975000000,0.083,,4028000000,,215.81,215.53,,,,,,,,,,,,,,,,,,,,,true,false,9,2019-04-01,2019-12-31,-1
2021-01-29,74760,2021-03-31,3,79930000000,0.136,,,,,9250000000,0.082,9610000000,0.089,,5450000000,,291.73,,,,,,,,,,,,,,,,,,,,,,true,true,12,2020-04-01,2021-03-31,0
2021-01-29,74760,2020-03-31,3,,,,,,,,,,,,,,,,,,,,81520000000,56493000000,0.692,,56374000000,,,,,,,,,,,,true,false,12,2019-04-01,2020-03-31,-1
2021-01-29,74760,2020-03-31,3,,,,,,,,,,,,,,,,,,,,,,,,,,,,,160.00,,,,20688135,2020776,,false,false,12,2019-04-01,2020-03-31,-1
2021-01-29,74760,2021-03-31,3,,,,,,,,,,,,,,,,,,,,,,,,,,,,,60.00,,,,,,,false,false,12,2020-04-01,2021-03-31,0
2021-01-29,74760,2021-03-31,3,,,,,,,,,,,,,,,,,,,,,,,,,,,,,146.00,,,,,,,false,true,12,2020-04-01,2021-03-31,0
2021-01-29,74760,2021-03-31,3,,,,,,,,,,,,,,,,,,,,,,,,,,,,,,,,,20688135,2001390,18680031,false,false,9,2020-04-01,2020-12-31,0
2021-01-29,74760,2020-03-31,3,,,,,,,,,,,,,,,,,,,,,,,,,,,,,,,,,,,18667266,false,false,9,2019-04-01,2019-12-31,-1
2021-01-29,74760,2021-03-31,,79930000000,0.065,,,,,9250000000,0.356,9610000000,0.340,,5450000000,,291.73,,,,,,,,,,,,,,,,,,,,,,true,true,12,2020-04-01,2021-03-31,0
2021-01-29,74760,2020-03-31,,70389000000,,,,,,8550000000,,8822000000,,,5966000000,,319.60,,,,,,,,,,,,,,,,,,,,,,true,false,12,2019-04-01,2020-03-31,-1
2021-01-29,74760,2021-03-31,,77220000000,0.106,,,,,,,9465000000,0.388,4690000000,,0.004,251.05,,,,,,,,,,,,,,,146.00,,,,,,,false,true,12,2020-04-01,2021-03-31,0
2021-01-29,74760,2020-03-31,,67648000000,,,,,,,,8823000000,,6031000000,,,323.13,,,,,,,,,,,,,,,160.00,,,,,,,false,false,12,2019-04-01,2020-03-31,-1
2021-01-29,74760,2021-03-31,,,,,,,,,,,,,,,,,,,,,,,,,,,,,,60.00,,,,,,,false,false,12,2020-04-01,2021-03-31,0
2021-05-14,74760,2021-03-31,,81606000000,0.159,,,,,9891000000,0.157,10195000000,0.156,,5988000000,,320.57,320.13,0.101,0.116,0.121,,94225000000,62761000000,0.665,3358.63,62641000000,5381000000,-2116000000,11000000,10056000000,,0.502,,,,,,true,false,12,2020-04-01,2021-03-31,0
2021-05-14,74760,2020-03-31,,70389000000,0.055,,,,,8550000000,0.131,8822000000,0.138,,5966000000,,319.60,319.18,0.109,0.110,0.121,,81520000000,56493000000,0.692,3026.35,56374000000,6312000000,-3457000000,-2873000000,6784000000,,0.501,,,,,,true,false,12,2019-04-01,2020-03-31,-1
2021-05-14,74760,2022-03-31,,38400000000,0.088,,,,,4430000000,0.255,4650000000,0.252,,3180000000,,170.17,,,,,,,,,,,,,,,,,,,,,,true,true,6,2021-04-01,2021-09-30,1
2021-05-14,74760,2022-03-31,,82770000000,0.014,,,,,9290000000,-0.061,9670000000,-0.052,,6610000000,,353.73,,,,,,,,,,,,,,,,0.500,,,,,,true,true,12,2021-04-01,2022-03-31,1
2021-05-14,74760,2021-03-31,,78839000000,0.165,,,,,9675000000,0.143,10030000000,0.137,5164000000,,-0.144,276.45,276.07,,,,,90722000000,62969000000,0.693,3369.74,62849000000,,,,,161.00,,,,20688135,2001400,18681685,false,false,12,2020-04-01,2021-03-31,0
2021-05-14,74760,2020-03-31,,67648000000,0.062,,,,,8461000000,0.140,8823000000,0.145,6031000000,,0.132,323.13,322.70,,,,,79707000000,57528000000,0.720,3081.76,57408000000,,,,,160.00,,,,20688135,2020776,18667296,false,false,12,2019-04-01,2020-03-31,-1
2021-05-14,74760,2022-03-31,,36940000000,0.088,,,,,,,4590000000,0.240,3140000000,,0.221,168.03,,,,,,,,,,,,,,,,,,,,,,false,true,6,2021-04-01,2021-09-30,1
2021-05-14,74760,2022-03-31,,79610000000,0.010,,,,,,,9460000000,-0.057,6460000000,,0.251,345.70,,,,,,,,,,,,,,,177.00,,,,,,,false,true,12,2021-04-01,2022-03-31,1
2021-07-30,74760,2022-03-31,1,20063000000,0.183,,,,,2290000000,0.378,2353000000,0.333,,1625000000,,87.01,86.89,,,,,86689000000,62373000000,0.694,,62253000000,,,,,,,,,,,,true,false,3,2021-04-01,2021-06-30,0
2021-07-30,74760,2021-03-31,1,16952000000,0.084,,,,,1662000000,-0.051,1765000000,-0.036,,1222000000,,65.51,65.42,,,,,,,,,,,,,,,,,,,,,true,false,3,2020-04-01,2020-06-30,-1
2021-07-30,74760,2022-03-31,1,38400000000,0.088,,,,,4430000000,0.255,4650000000,0.252,,3180000000,,170.17,,,,,,,,,,,,,,,,,,,,,,true,true,6,2021-04-01,2021-09-30,0
2021-07-30,74760,2022-03-31,1,82770000000,0.014,,,,,9290000000,-0.061,9670000000,-0.052,,6610000000,,353.73,,,,,,,,,,,,,,,,,,,,,,true,true,12,2021-04-01,2022-03-31,0
2021-07-30,74760,2021-03-31,1,,,,,,,,,,,,,,,,,,,,94225000000,62761000000,0.665,,62641000000,,,,,,,,,,,,true,false,12,2020-04-01,2021-03-31,-1
2021-07-30,74760,2021-03-31,1,,,,,,,,,,,,,,,,,,,,,,,,,,,,,161.00,,,,20688135,2001400,,false,false,12,2020-04-01,2021-03-31,-1
2021-07-30,74760,2022-03-31,1,,,,,,,,,,,,,,,,,,,,,,,,,,,,,177.00,,,,,,,false,true,12,2021-04-01,2022-03-31,0
2021-07-30,74760,2022-03-31,1,,,,,,,,,,,,,,,,,,,,,,,,,,,,,,,,,20688135,1999844,18686740,false,false,3,2021-04-01,2021-06-30,0
2021-07-30,74760,2021-03-31,1,,,,,,,,,,,,,,,,,,,,,,,,,,,,,,,,,,,18668106,false,false,3,2020-04-01,2020-06-30,-1
2021-10-29,74760,2022-03-31,2,40462000000,0.147,,,,,3882000000,0.100,4027000000,0.084,,2836000000,,151.79,151.18,,,,,91143000000,64860000000,0.710,,64740000000,,,,,,,,,,,,true,false,6,2021-04-01,2021-09-30,0
2021-10-29,74760,2021-03-31,2,35289000000,0.083,,,,,3528000000,-0.080,3715000000,-0.067,,2556000000,,136.86,136.67,,,,,,,,,,,,,,,,,,,,,true,false,6,2020-04-01,2020-09-30,-1
2021-10-29,74760,2022-03-31,2,85160000000,0.044,,,,,8630000000,-0.128,8920000000,-0.125,,6240000000,,333.84,,,,,,,,,,,,,,,,,,,,,,true,true,12,2021-04-01,2022-03-31,0
2021-10-29,74760,2021-03-31,2,,,,,,,,,,,,,,,,,,,,94225000000,62761000000,0.665,,62641000000,,,,,,,,,,,,true,false,12,2020-04-01,2021-03-31,-1
2021-10-29,74760,2021-03-31,2,,,,,,,,,,,,,,,,,,,,,,,,,,,,,161.00,,,,20688135,2001400,,false,false,12,2020-04-01,2021-03-31,-1
2021-10-29,74760,2022-03-31,2,,,,,,,,,,,,,,,,,,,,,,,,,,,,,88.00,,,,,,,false,false,12,2021-04-01,2022-03-31,0
2021-10-29,74760,2022-03-31,2,,,,,,,,,,,,,,,,,,,,,,,,,,,,,167.00,,,,,,,false,true,12,2021-04-01,2022-03-31,0
2021-10-29,74760,2022-03-31,2,,,,,,,,,,,,,,,,,,,,,,,,,,,,,,,,,20688135,1994398,18689797,false,false,6,2021-04-01,2021-09-30,0
2021-10-29,74760,2021-03-31,2,,,,,,,,,,,,,,,,,,,,,,,,,,,,,,,,,,,18676630,false,false,6,2020-04-01,2020-09-30,-1
,74760,2022-03-31,,,,,,,,,,,,,,,,,,,,,,,,,,,,,,167.00,,,,,,,false,true,12,2021-04-01,2022-03-31,0
,74760,2022-03-31,,,,,,,,,,,,,,,,,,,,,,,,,,,,,,88.00,,,,,,,false,false,12,2021-04-01,2022-03-31,0
,74760,2021-03-31,,,,,,,,,,,,,,,,,,,,,,,,,,,,,,161.00,,,,,,,false,false,12,2020-04-01,2021-03-31,-1
,74760,2022-03-31,,,,,,,,,,,,,,,,,,,,,,,,,,,,,,39.50,,,,,,,false,true,12,2021-04-01,2022-03-31,0
,74760,2022-03-31,,,,,,,,,,,,,,,,,,,,,,,,,,,,,,88.00,,,,,,,false,false,12,2021-04-01,2022-03-31,0
,74760,2021-03-31,,,,,,,,,,,,,,,,,,,,,,,,,,,,,,161.00,,,,,,,false,false,12,2020-04-01,2021-03-31,-1
2022-01-31,74760,2022-03-31,3,61779000000,0.089,,,,,6246000000,-0.041,6439000000,-0.052,,4597000000,,122.98,122.81,,,,,92873000000,65482000000,0.704,,65362000000,,,,,,,,,,,,true,false,9,2021-04-01,2021-12-31,0
2022-01-31,74760,2021-03-31,3,56744000000,0.148,,,,,6513000000,0.124,6795000000,0.137,,3556000000,,95.20,95.07,,,,,,,,,,,,,,,,,,,,,true,false,9,2020-04-01,2020-12-31,-1
2022-01-31,74760,2022-03-31,3,85160000000,0.044,,,,,8630000000,-0.128,8920000000,-0.125,,6240000000,,166.92,,,,,,,,,,,,,,,,,,,,,,true,true,12,2021-04-01,2022-03-31,0
2022-01-31,74760,2021-03-31,3,,,,,,,,,,,,,,,,,,,,94225000000,62761000000,0.665,,62641000000,,,,,,,,,,,,true,false,12,2020-04-01,2021-03-31,-1
2022-01-31,74760,2021-03-31,3,,,,,,,,,,,,,,,,,,,,,,,,,,,,,161.00,,,,41376270,4002800,,false,false,12,2020-04-01,2021-03-31,-1
2022-01-31,74760,2022-03-31,3,,,,,,,,,,,,,,,,,,,,,,,,,,,,,88.00,,,,,,,false,false,12,2021-04-01,2022-03-31,0
2022-01-31,74760,2022-03-31,3,,,,,,,,,,,,,,,,,,,,,,,,,,,,,39.50,,,,,,,false,true,12,2021-04-01,2022-03-31,0
2022-01-31,74760,2022-03-31,3,,,,,,,,,,,,,,,,,,,,,,,,,,,,,,,,,41376270,3988906,37382204,false,false,9,2021-04-01,2021-12-31,0
2022-01-31,74760,2021-03-31,3,,,,,,,,,,,,,,,,,,,,,,,,,,,,,,,,,,,37360062,false,false,9,2020-04-01,2020-12-31,-1
2022-03-09,74760,2022-03-31,,86800000000,0.019,,,,,9290000000,0.076,9560000000,0.072,,7220000000,,193.13,,,,,,,,,,,,,,,,,,,,,,true,true,12,2021-04-01,2022-03-31,0
2022-03-09,74760,2021-03-31,,81606000000,,,,,,9891000000,,10195000000,,,5988000000,,160.28,,,,,,,,,,,,,,,,,,,,,,true,false,12,2020-04-01,2021-03-31,-1
2022-03-09,74760,2022-03-31,,,,,,,,,,,,,,,,,,,,,,,,,,,,,,53.00,,,,,,,false,true,12,2021-04-01,2022-03-31,0
2022-03-09,74760,2022-03-31,,,,,,,,,,,,,,,,,,,,,,,,,,,,,,88.00,,,,,,,false,false,12,2021-04-01,2022-03-31,0
2022-03-09,74760,2021-03-31,,,,,,,,,,,,,,,,,,,,,,,,,,,,,,161.00,,,,,,,false,false,12,2020-04-01,2021-03-31,-1
2022-05-13,74760,2022-03-31,,86954000000,0.066,,,,,9341000000,-0.056,9568000000,-0.061,,7202000000,,192.68,192.41,0.112,0.101,0.107,,96105000000,66154000000,0.687,1769.44,66034000000,8840000000,591000000,-5162000000,14427000000,,0.503,,,,,,true,false,12,2021-04-01,2022-03-31,0
2022-05-13,74760,2021-03-31,,81606000000,0.159,,,,,9891000000,0.157,10195000000,0.156,,5988000000,,160.28,160.06,0.101,0.116,0.121,,94225000000,62761000000,0.665,1679.31,62641000000,5381000000,-2116000000,11000000,10056000000,,0.502,,,,,,true,false,12,2020-04-01,2021-03-31,-1
2022-05-13,74760,2023-03-31,,42120000000,0.041,,,,,4540000000,0.169,4720000000,0.172,,3240000000,,86.66,,,,,,,,,,,,,,,,,,,,,,true,true,6,2022-04-01,2022-09-30,1
2022-05-13,74760,2023-03-31,,92060000000,0.059,,,,,10010000000,0.072,10280000000,0.074,,7080000000,,189.37,,,,,,,,,,,,,,,,0.502,,,,,,true,true,12,2022-04-01,2023-03-31,1
2022-05-13,74760,2022-03-31,,83734000000,0.062,,,,,8750000000,-0.096,8998000000,-0.103,6828000000,,0.322,182.65,182.40,,,,,91761000000,65819000000,0.716,1760.48,65699000000,,,,,53.00,,,,41376270,3989036,37383453,false,false,12,2021-04-01,2022-03-31,0
2022-05-13,74760,2021-03-31,,78839000000,0.165,,,,,9675000000,0.143,10030000000,0.137,5164000000,,-0.144,138.22,138.04,,,,,90722000000,62969000000,0.693,1684.87,62849000000,,,,,161.00,,,,41376270,4002800,37363370,false,false,12,2020-04-01,2021-03-31,-1
2022-05-13,74760,2023-03-31,,40600000000,0.046,,,,,,,4540000000,0.199,3130000000,,0.167,83.72,,,,,,,,,,,,,,,,,,,,,,false,true,6,2022-04-01,2022-09-30,1
2022-05-13,74760,2023-03-31,,88800000000,0.060,,,,,,,9790000000,0.088,6750000000,,-0.011,180.54,,,,,,,,,,,,,,,95.00,,,,,,,false,true,12,2022-04-01,2023-03-31,1
2022-07-29,74760,2023-03-31,1,20471000000,0.020,,,,,2523000000,0.101,2518000000,0.070,,1736000000,,46.44,46.38,,,,,90771000000,64503000000,0.709,,64383000000,,,,,,,,,,,,true,false,3,2022-04-01,2022-06-30,0
2022-07-29,74760,2022-03-31,1,20063000000,0.183,,,,,2290000000,0.378,2353000000,0.333,,1625000000,,43.51,43.45,,,,,,,,,,,,,,,,,,,,,true,false,3,2021-04-01,2021-06-30,-1
2022-07-29,74760,2023-03-31,1,42120000000,0.041,,,,,4540000000,0.169,4720000000,0.172,,3240000000,,86.66,,,,,,,,,,,,,,,,,,,,,,true,true,6,2022-04-01,2022-09-30,0
2022-07-29,74760,2023-03-31,1,92060000000,0.059,,,,,10010000000,0.072,10280000000,0.074,,7080000000,,189.37,,,,,,,,,,,,,,,,,,,,,,true,true,12,2022-04-01,2023-03-31,0
2022-07-29,74760,2022-03-31,1,,,,,,,,,,,,,,,,,,,,96105000000,66154000000,0.687,,66034000000,,,,,,,,,,,,true,false,12,2021-04-01,2022-03-31,-1
2022-07-29,74760,2022-03-31,1,,,,,,,,,,,,,,,,,,,,,,,,,,,,,53.00,,,,41376270,3989036,,false,false,12,2021-04-01,2022-03-31,-1
2022-07-29,74760,2023-03-31,1,,,,,,,,,,,,,,,,,,,,,,,,,,,,,95.00,,,,,,,false,true,12,2022-04-01,2023-03-31,0
2022-07-29,74760,2023-03-31,1,,,,,,,,,,,,,,,,,,,,,,,,,,,,,,,,,41376270,4038490,37380091,false,false,3,2022-04-01,2022-06-30,0
2022-07-29,74760,2022-03-31,1,,,,,,,,,,,,,,,,,,,,,,,,,,,,,,,,,,,37373481,false,false,3,2021-04-01,2021-06-30,-1
2022-10-31,74760,2023-03-31,2,42597000000,0.053,,,,,5329000000,0.372,5330000000,0.324,,3680000000,,98.53,98.40,,,,,91675000000,66623000000,0.725,,66503000000,,,,,,,,,,,,true,false,6,2022-04-01,2022-09-30,0
2022-10-31,74760,2022-03-31,2,40462000000,0.147,,,,,3882000000,0.100,4027000000,0.084,,2836000000,,75.89,75.79,,,,,,,,,,,,,,,,,,,,,true,false,6,2021-04-01,2021-09-30,-1
2022-10-31,74760,2023-03-31,2,92780000000,0.067,,,,,10650000000,0.140,10800000000,0.129,,7460000000,,199.89,,,,,,,,,,,,,,,,,,,,,,true,true,12,2022-04-01,2023-03-31,0
2022-10-31,74760,2022-03-31,2,,,,,,,,,,,,,,,,,,,,96105000000,66154000000,0.687,,66034000000,,,,,,,,,,,,true,false,12,2021-04-01,2022-03-31,-1
2022-10-31,74760,2022-03-31,2,,,,,,,,,,,,,,,,,,,,,,,,,,,,,53.00,,,,41376270,3989036,,false,false,12,2021-04-01,2022-03-31,-1
2022-10-31,74760,2023-03-31,2,,,,,,,,,,,,,,,,,,,,,,,,,,,,,48.00,,,,,,,false,false,12,2022-04-01,2023-03-31,0
2022-10-31,74760,2023-03-31,2,,,,,,,,,,,,,,,,,,,,,,,,,,,,,100.00,,,,,,,false,true,12,2022-04-01,2023-03-31,0
2022-10-31,74760,2023-03-31,2,,,,,,,,,,,,,,,,,,,,,,,,,,,,,,,,,41376270,4008706,37352144,false,false,6,2022-04-01,2022-09-30,0
2022-10-31,74760,2022-03-31,2,,,,,,,,,,,,,,,,,,,,,,,,,,,,,,,,,,,37379593,false,false,6,2021-04-01,2021-09-30,-1
,74760,2023-03-31,,,,,,,,,,,,,,,,,,,,,,,,,,,,,,100.00,,,,,,,false,true,12,2022-04-01,2023-03-31,0
,74760,2023-03-31,,,,,,,,,,,,,,,,,,,,,,,,,,,,,,48.00,,,,,,,false,false,12,2022-04-01,2023-03-31,0
,74760,2022-03-31,,,,,,,,,,,,,,,,,,,,,,,,,,,,,,53.00,,,,,,,false,false,12,2021-04-01,2022-03-31,-1
2023-01-31,74760,2023-03-31,3,65919000000,0.067,,,,,8239000000,0.319,8415000000,0.307,,5829000000,,156.15,155.93,,,,,99827000000,67744000000,0.677,,67624000000,,,,,,,,,,,,true,false,9,2022-04-01,2022-12-31,0
2023-01-31,74760,2022-03-31,3,61779000000,0.089,,,,,6246000000,-0.041,6439000000,-0.052,,4597000000,,122.98,122.81,,,,,,,,,,,,,,,,,,,,,true,false,9,2021-04-01,2021-12-31,-1
2023-01-31,74760,2023-03-31,3,92780000000,0.067,,,,,10650000000,0.140,10800000000,0.129,,7460000000,,201.29,,,,,,,,,,,,,,,,,,,,,,true,true,12,2022-04-01,2023-03-31,0
2023-01-31,74760,2022-03-31,3,,,,,,,,,,,,,,,,,,,,96105000000,66154000000,0.687,,66034000000,,,,,,,,,,,,true,false,12,2021-04-01,2022-03-31,-1
2023-01-31,74760,2022-03-31,3,,,,,,,,,,,,,,,,,,,,,,,,,,,,,53.00,,,,41376270,3989036,,false,false,12,2021-04-01,2022-03-31,-1
2023-01-31,74760,2023-03-31,3,,,,,,,,,,,,,,,,,,,,,,,,,,,,,48.00,,,,,,,false,false,12,2022-04-01,2023-03-31,0
2023-01-31,74760,2023-03-31,3,,,,,,,,,,,,,,,,,,,,,,,,,,,,,103.00,,,,,,,false,true,12,2022-04-01,2023-03-31,0
2023-01-31,74760,2023-03-31,3,,,,,,,,,,,,,,,,,,,,,,,,,,,,,,,,,41376270,4088700,37330530,false,false,9,2022-04-01,2022-12-31,0
2023-01-31,74760,2022-03-31,3,,,,,,,,,,,,,,,,,,,,,,,,,,,,,,,,,,,37382204,false,false,9,2021-04-01,2021-12-31,-1
,74760,2023-03-31,,,,,,,,,,,,,,,,,,,,,,,,,,,,,,103.00,,,,,,,false,true,12,2022-04-01,2023-03-31,0
,74760,2023-03-31,,,,,,,,,,,,,,,,,,,,,,,,,,,,,,48.00,,,,,,,false,false,12,2022-04-01,2023-03-31,0
,74760,2022-03-31,,,,,,,,,,,,,,,,,,,,,,,,,,,,,,53.00,,,,,,,false,false,12,2021-04-01,2022-03-31,-1
2023-05-12,74760,2023-03-31,,91421000000,0.051,,,,,11396000000,0.220,11637000000,0.216,,8112000000,,218.90,218.60,0.125,0.120,0.125,,97479000000,63968000000,0.655,1767.66,63848000000,6969000000,-367000000,-7283000000,13822000000,,0.507,,,,,,true,false,12,2022-04-01,2023-03-31,0
2023-05-12,74760,2022-03-31,,86954000000,0.066,,,,,9341000000,-0.056,9568000000,-0.061,,7202000000,,192.68,192.41,0.112,0.101,0.107,,96105000000,66154000000,0.687,1769.44,66034000000,8840000000,591000000,-5162000000,14427000000,,0.503,,,,,,true,false,12,2021-04-01,2022-03-31,-1
2023-05-12,74760,2024-03-31,,44690000000,0.049,,,,,4640000000,-0.129,4830000000,-0.094,,3300000000,,91.19,,,,,,,,,,,,,,,,,,,,,,true,true,6,2023-04-01,2023-09-30,1
2023-05-12,74760,2024-03-31,,96600000000,0.057,,,,,10330000000,-0.094,10710000000,-0.080,,7350000000,,203.11,,,,,,,,,,,,,,,,0.497,,,,,,true,true,12,2023-04-01,2024-03-31,1
2023-05-12,74760,2023-03-31,,88265000000,0.054,,,,,10771000000,0.231,11135000000,0.237,7780000000,,0.140,209.95,209.66,,,,,92659000000,63192000000,0.681,1746.22,63072000000,,,,,111.00,,,,40276270,4088337,37060816,false,false,12,2022-04-01,2023-03-31,0
2023-05-12,74760,2022-03-31,,83734000000,0.062,,,,,8750000000,-0.096,8998000000,-0.103,6828000000,,0.322,182.65,182.40,,,,,91761000000,65819000000,0.716,1760.48,65699000000,,,,,53.00,,,,41376270,3989036,37383453,false,false,12,2021-04-01,2022-03-31,-1
2023-05-12,74760,2024-03-31,,43130000000,0.044,,,,,,,4730000000,-0.076,3260000000,,-0.087,90.09,,,,,,,,,,,,,,,,,,,,,,false,true,6,2023-04-01,2023-09-30,1
2023-05-12,74760,2024-03-31,,93290000000,0.057,,,,,,,10390000000,-0.067,7160000000,,-0.080,197.86,,,,,,,,,,,,,,,101.00,,,,,,,false,true,12,2023-04-01,2024-03-31,1
2023-07-31,74760,2024-03-31,1,21735000000,0.062,,,,,2462000000,-0.024,2559000000,0.016,,1766000000,,48.81,48.74,,,,,93123000000,63046000000,0.676,,62926000000,,,,,,,,,,,,true,false,3,2023-04-01,2023-06-30,0
2023-07-31,74760,2023-03-31,1,20471000000,0.020,,,,,2523000000,0.101,2518000000,0.070,,1736000000,,46.44,46.38,,,,,,,,,,,,,,,,,,,,,true,false,3,2022-04-01,2022-06-30,-1
2023-07-31,74760,2024-03-31,1,44690000000,0.049,,,,,4640000000,-0.129,4830000000,-0.094,,3300000000,,91.19,,,,,,,,,,,,,,,,,,,,,,true,true,6,2023-04-01,2023-09-30,0
2023-07-31,74760,2024-03-31,1,96600000000,0.057,,,,,10330000000,-0.094,10710000000,-0.080,,7350000000,,203.11,,,,,,,,,,,,,,,,,,,,,,true,true,12,2023-04-01,2024-03-31,0
2023-07-31,74760,2023-03-31,1,,,,,,,,,,,,,,,,,,,,97479000000,63968000000,0.655,,63848000000,,,,,,,,,,,,true,false,12,2022-04-01,2023-03-31,-1
2023-07-31,74760,2023-03-31,1,,,,,,,,,,,,,,,,,,,,,,,,,,,,,111.00,,,,40276270,4088337,,false,false,12,2022-04-01,2023-03-31,-1
2023-07-31,74760,2024-03-31,1,,,,,,,,,,,,,,,,,,,,,,,,,,,,,101.00,,,,,,,false,true,12,2023-04-01,2024-03-31,0
2023-07-31,74760,2024-03-31,1,,,,,,,,,,,,,,,,,,,,,,,,,,,,,,,,,40276270,4085157,36187996,false,false,3,2023-04-01,2023-06-30,0
2023-07-31,74760,2023-03-31,1,,,,,,,,,,,,,,,,,,,,,,,,,,,,,,,,,,,37380091,false,false,3,2022-04-01,2022-06-30,-1
2023-10-31,74760,2024-03-31,2,44113000000,0.036,,,,,4974000000,-0.067,5167000000,-0.031,,3550000000,,98.10,97.96,,,,,94228000000,64380000000,0.682,,64261000000,,,,,,,,,,,,true,false,6,2023-04-01,2023-09-30,0
2023-10-31,74760,2023-03-31,2,42597000000,0.053,,,,,5329000000,0.372,5330000000,0.324,,3680000000,,98.53,98.40,,,,,,,,,,,,,,,,,,,,,true,false,6,2022-04-01,2022-09-30,-1
2023-10-31,74760,2024-03-31,2,96600000000,0.057,,,,,10330000000,-0.094,10710000000,-0.080,,7350000000,,203.04,,,,,,,,,,,,,,,,,,,,,,true,true,12,2023-04-01,2024-03-31,0
2023-10-31,74760,2023-03-31,2,,,,,,,,,,,,,,,,,,,,97479000000,63968000000,0.655,,63848000000,,,,,,,,,,,,true,false,12,2022-04-01,2023-03-31,-1
2023-10-31,74760,2023-03-31,2,,,,,,,,,,,,,,,,,,,,,,,,,,,,,111.00,,,,40276270,4088337,,false,false,12,2022-04-01,2023-03-31,-1
2023-10-31,74760,2024-03-31,2,,,,,,,,,,,,,,,,,,,,,,,,,,,,,50.00,,,,,,,false,false,12,2023-04-01,2024-03-31,0
2023-10-31,74760,2024-03-31,2,,,,,,,,,,,,,,,,,,,,,,,,,,,,,101.00,,,,,,,false,true,12,2023-04-01,2024-03-31,0
2023-10-31,74760,2024-03-31,2,,,,,,,,,,,,,,,,,,,,,,,,,,,,,,,,,40276270,4072743,36194749,false,false,6,2023-04-01,2023-09-30,0
2023-10-31,74760,2023-03-31,2,,,,,,,,,,,,,,,,,,,,,,,,,,,,,,,,,,,37352144,false,false,6,2022-04-01,2022-09-30,-1
,74760,2024-03-31,,,,,,,,,,,,,,,,,,,,,,,,,,,,,,112.00,,,,,,,false,true,12,2023-04-01,2024-03-31,0
,74760,2024-03-31,,,,,,,,,,,,,,,,,,,,,,,,,,,,,,50.00,,,,,,,false,false,12,2023-04-01,2024-03-31,0
,74760,2023-03-31,,,,,,,,,,,,,,,,,,,,,,,,,,,,,,111.00,,,,,,,false,false,12,2022-04-01,2023-03-31,-1
2024-01-31,74760,2024-03-31,3,68651000000,0.041,,,,,7533000000,-0.086,7871000000,-0.065,,5422000000,,149.79,149.58,,,,,94266000000,65088000000,0.689,,64968000000,,,,,,,,,,,,true,false,9,2023-04-01,2023-12-31,0
2024-01-31,74760,2023-03-31,3,65919000000,0.067,,,,,8239000000,0.319,8415000000,0.307,,5829000000,,156.15,155.93,,,,,,,,,,,,,,,,,,,,,true,false,9,2022-04-01,2022-12-31,-1
2024-01-31,74760,2024-03-31,3,96600000000,0.057,,,,,10330000000,-0.094,10710000000,-0.080,,7350000000,,203.04,,,,,,,,,,,,,,,,,,,,,,true,true,12,2023-04-01,2024-03-31,0
2024-01-31,74760,2023-03-31,3,,,,,,,,,,,,,,,,,,,,97479000000,63968000000,0.655,,63848000000,,,,,,,,,,,,true,false,12,2022-04-01,2023-03-31,-1
2024-01-31,74760,2023-03-31,3,,,,,,,,,,,,,,,,,,,,,,,,,,,,,111.00,,,,40276270,4088337,,false,false,12,2022-04-01,2023-03-31,-1
2024-01-31,74760,2024-03-31,3,,,,,,,,,,,,,,,,,,,,,,,,,,,,,50.00,,,,,,,false,false,12,2023-04-01,2024-03-31,0
2024-01-31,74760,2024-03-31,3,,,,,,,,,,,,,,,,,,,,,,,,,,,,,112.00,,,,,,,false,true,12,2023-04-01,2024-03-31,0
2024-01-31,74760,2024-03-31,3,,,,,,,,,,,,,,,,,,,,,,,,,,,,,,,,,40276270,4072743,36197686,false,false,9,2023-04-01,2023-12-31,0
2024-01-31,74760,2023-03-31,3,,,,,,,,,,,,,,,,,,,,,,,,,,,,,,,,,,,37330530,false,false,9,2022-04-01,2022-12-31,-1
2024-05-14,74760,2024-03-31,,95536000000,0.045,,,,,10435000000,-0.084,10825000000,-0.070,,7500000000,,103.65,103.50,0.117,0.112,0.109,,95832000000,64662000000,0.673,902.99,64542000000,6496000000,-1928000000,-9038000000,9409000000,,0.540,,,,,,true,false,12,2023-04-01,2024-03-31,0
2024-05-14,74760,2023-03-31,,91421000000,0.051,,,,,11396000000,0.220,11637000000,0.216,,8112000000,,109.45,109.30,0.125,0.120,0.125,,97479000000,63968000000,0.655,883.83,63848000000,6969000000,-367000000,-7283000000,13822000000,,0.507,,,,,,true,false,12,2022-04-01,2023-03-31,-1
2024-05-14,74760,2025-03-31,,46970000000,0.065,,,,,4930000000,-0.009,5300000000,0.026,,3710000000,,51.81,,,,,,,,,,,,,,,,,,,,,,true,true,6,2024-04-01,2024-09-30,1
2024-05-14,74760,2025-03-31,,101230000000,0.060,,,,,11030000000,0.057,11600000000,0.072,,8060000000,,112.56,,,,,,,,,,,,,,,,0.506,,,,,,true,true,12,2024-04-01,2025-03-31,1
2024-05-14,74760,2024-03-31,,91412000000,0.036,,,,,9868000000,-0.084,10361000000,-0.070,7216000000,,-0.073,99.73,99.59,,,,,89630000000,63512000000,0.707,886.93,63392000000,,,,,112.00,,,,79752540,8143696,72361158,false,false,12,2023-04-01,2024-03-31,0
2024-05-14,74760,2023-03-31,,88265000000,0.054,,,,,10771000000,0.231,11135000000,0.237,7780000000,,0.140,104.98,104.83,,,,,92659000000,63192000000,0.681,873.11,63072000000,,,,,111.00,,,,80552540,8176674,74121631,false,false,12,2022-04-01,2023-03-31,-1
2024-05-14,74760,2025-03-31,,44950000000,0.064,,,,,,,5030000000,-0.003,3510000000,,-0.005,49.02,,,,,,,,,,,,,,,,,,,,,,false,true,6,2024-04-01,2024-09-30,1
2024-05-14,74760,2025-03-31,,96890000000,0.060,,,,,,,11020000000,0.064,7640000000,,0.059,106.69,,,,,,,,,,,,,,,57.00,,,,,,,false,true,12,2024-04-01,2025-03-31,1
2024-07-31,74760,2025-03-31,1,24168000000,0.112,,,,,2741000000,0.113,2854000000,0.115,,1959000000,,27.36,27.33,,,,,90283000000,63409000000,0.701,,63289000000,,,,,,,,,,,,true,false,3,2024-04-01,2024-06-30,0
2024-07-31,74760,2024-03-31,1,21735000000,0.062,,,,,2462000000,-0.024,2559000000,0.016,,1766000000,,24.40,24.37,,,,,,,,,,,,,,,,,,,,,true,false,3,2023-04-01,2023-06-30,-1
2024-07-31,74760,2025-03-31,1,46970000000,0.065,,,,,4930000000,-0.009,5300000000,0.026,,3710000000,,51.81,,,,,,,,,,,,,,,,,,,,,,true,true,6,2024-04-01,2024-09-30,0
2024-07-31,74760,2025-03-31,1,101230000000,0.060,,,,,11030000000,0.057,11600000000,0.072,,8060000000,,112.56,,,,,,,,,,,,,,,,,,,,,,true,true,12,2024-04-01,2025-03-31,0
2024-07-31,74760,2024-03-31,1,,,,,,,,,,,,,,,,,,,,95832000000,64662000000,0.673,,64542000000,,,,,,,,,,,,true,false,12,2023-04-01,2024-03-31,-1
2024-07-31,74760,2024-03-31,1,,,,,,,,,,,,,,,,,,,,,,,,,,,,,112.00,,,,79752540,8143696,,false,false,12,2023-04-01,2024-03-31,-1
2024-07-31,74760,2025-03-31,1,,,,,,,,,,,,,,,,,,,,,,,,,,,,,57.00,,,,,,,false,true,12,2024-04-01,2025-03-31,0
2024-07-31,74760,2025-03-31,1,,,,,,,,,,,,,,,,,,,,,,,,,,,,,,,,,79752540,8135380,71610362,false,false,3,2024-04-01,2024-06-30,0
2024-07-31,74760,2024-03-31,1,,,,,,,,,,,,,,,,,,,,,,,,,,,,,,,,,,,72375993,false,false,3,2023-04-01,2023-06-30,-1
2024-10-31,74760,2025-03-31,2,48626000000,0.102,,,,,5268000000,0.059,5579000000,0.080,,3822000000,,53.37,53.29,,,,,90909000000,65612000000,0.720,,65492000000,,,,,,,,,,,,true,false,6,2024-04-01,2024-09-30,0
2024-10-31,74760,2024-03-31,2,44113000000,0.036,,,,,4974000000,-0.067,5167000000,-0.031,,3550000000,,49.05,48.98,,,,,,,,,,,,,,,,,,,,,true,false,6,2023-04-01,2023-09-30,-1
2024-10-31,74760,2025-03-31,2,101230000000,0.060,,,,,11030000000,0.057,11600000000,0.072,,8060000000,,112.52,,,,,,,,,,,,,,,,,,,,,,true,true,12,2024-04-01,2025-03-31,0
2024-10-31,74760,2024-03-31,2,,,,,,,,,,,,,,,,,,,,95832000000,64662000000,0.673,,64542000000,,,,,,,,,,,,true,false,12,2023-04-01,2024-03-31,-1
2024-10-31,74760,2024-03-31,2,,,,,,,,,,,,,,,,,,,,,,,,,,,,,112.00,,,,79752540,8143696,,false,false,12,2023-04-01,2024-03-31,-1
2024-10-31,74760,2025-03-31,2,,,,,,,,,,,,,,,,,,,,,,,,,,,,,28.00,,,,,,,false,false,12,2024-04-01,2025-03-31,0
2024-10-31,74760,2025-03-31,2,,,,,,,,,,,,,,,,,,,,,,,,,,,,,57.00,,,,,,,false,true,12,2024-04-01,2025-03-31,0
2024-10-31,74760,2025-03-31,2,,,,,,,,,,,,,,,,,,,,,,,,,,,,,,,,,79752540,8110553,71624390,false,false,6,2024-04-01,2024-09-30,0
2024-10-31,74760,2024-03-31,2,,,,,,,,,,,,,,,,,,,,,,,,,,,,,,,,,,,72389485,false,false,6,2023-04-01,2023-09-30,-1
2025-01-31,74760,2025-03-31,3,75370000000,0.098,,,,,8396000000,0.115,8666000000,0.101,,5972000000,,83.38,83.26,,,,,91519000000,64624000000,0.705,,64504000000,,,,,,,,,,,,true,false,9,2024-04-01,2024-12-31,0
2025-01-31,74760,2024-03-31,3,68651000000,0.041,,,,,7533000000,-0.086,7871000000,-0.065,,5422000000,,74.90,74.79,,,,,,,,,,,,,,,,,,,,,true,false,9,2023-04-01,2023-12-31,-1
2025-01-31,74760,2025-03-31,3,101230000000,0.060,,,,,11030000000,0.057,11600000000,0.072,,8060000000,,112.52,,,,,,,,,,,,,,,,,,,,,,true,true,12,2024-04-01,2025-03-31,0
2025-01-31,74760,2024-03-31,3,,,,,,,,,,,,,,,,,,,,95832000000,64662000000,0.673,,64542000000,,,,,,,,,,,,true,false,12,2023-04-01,2024-03-31,-1
2025-01-31,74760,2024-03-31,3,,,,,,,,,,,,,,,,,,,,,,,,,,,,,112.00,,,,79752540,8143696,,false,false,12,2023-04-01,2024-03-31,-1
2025-01-31,74760,2025-03-31,3,,,,,,,,,,,,,,,,,,,,,,,,,,,,,28.00,,,,,,,false,false,12,2024-04-01,2025-03-31,0
2025-01-31,74760,2025-03-31,3,,,,,,,,,,,,,,,,,,,,,,,,,,,,,57.00,,,,,,,false,true,12,2024-04-01,2025-03-31,0
2025-01-31,74760,2025-03-31,3,,,,,,,,,,,,,,,,,,,,,,,,,,,,,,,,,79752540,8109597,71630399,false,false,9,2024-04-01,2024-12-31,0
2025-01-31,74760,2024-03-31,3,,,,,,,,,,,,,,,,,,,,,,,,,,,,,,,,,,,72395371,false,false,9,2023-04-01,2023-12-31,-1
,74760,2025-03-31,,,,,,,,,,,,,,,,,,,,,,,,,,,,,,62.00,,,,,,,false,true,12,2024-04-01,2025-03-31,0
,74760,2025-03-31,,,,,,,,,,,,,,,,,,,,,,,,,,,,,,28.00,,,,,,,false,false,12,2024-04-01,2025-03-31,0
,74760,2024-03-31,,,,,,,,,,,,,,,,,,,,,,,,,,,,,,56.00,,,,,,,false,false,12,2023-04-01,2024-03-31,-1
2025-05-14,74760,2025-03-31,,103751000000,0.086,,,,,11593000000,0.111,12071000000,0.115,,8229000000,,114.89,114.72,0.126,0.123,0.112,,100140000000,66709000000,0.665,931.06,66597000000,9311000000,850000000,-659000000,19031000000,,0.540,,,,,,true,false,12,2024-04-01,2025-03-31,0
2025-05-14,74760,2024-03-31,,95536000000,0.045,,,,,10435000000,-0.084,10825000000,-0.070,,7500000000,,103.65,103.50,0.117,0.112,0.109,,95832000000,64662000000,0.673,902.99,64542000000,6496000000,-1928000000,-9038000000,9409000000,,0.540,,,,,,true,false,12,2023-04-01,2024-03-31,-1
2025-05-14,74760,2026-03-31,,53020000000,0.090,,,,,5550000000,0.053,5760000000,0.032,,3970000000,,55.41,,,,,,,,,,,,,,,,,,,,,,true,true,6,2025-04-01,2025-09-30,1
2025-05-14,74760,2026-03-31,,112290000000,0.082,,,,,12290000000,0.060,12690000000,0.051,,8750000000,,122.12,,,,,,,,,,,,,,,,0.520,,,,,,true,true,12,2025-04-01,2026-03-31,1
2025-05-14,74760,2025-03-31,,99397000000,0.087,,,,,10959000000,0.111,11537000000,0.114,7947000000,,0.101,110.95,110.79,,,,,95268000000,65086000000,0.682,908.41,64974000000,,,,,62.00,,,,79752540,8103457,71633951,false,false,12,2024-04-01,2025-03-31,0
2025-05-14,74760,2024-03-31,,91412000000,0.036,,,,,9868000000,-0.084,10361000000,-0.070,7216000000,,-0.073,99.73,99.59,,,,,89630000000,63512000000,0.707,886.93,63392000000,,,,,112.00,,,,79752540,8143696,72361158,false,false,12,2023-04-01,2024-03-31,-1
2025-05-14,74760,2026-03-31,,50740000000,0.088,,,,,,,5640000000,0.043,3940000000,,0.044,54.99,,,,,,,,,,,,,,,,,,,,,,false,true,6,2025-04-01,2025-09-30,1
2025-05-14,74760,2026-03-31,,107430000000,0.081,,,,,,,12230000000,0.060,8480000000,,0.067,118.35,,,,,,,,,,,,,,,63.00,,,,,,,false,true,12,2025-04-01,2026-03-31,1
2025-07-31,74760,2026-03-31,1,25637000000,0.061,,,,,3126000000,0.140,3279000000,0.149,,2279000000,,31.81,31.77,,,,,96790000000,67548000000,0.697,,67436000000,,,,,,,,,,,,true,false,3,2025-04-01,2025-06-30,0
2025-07-31,74760,2025-03-31,1,24168000000,0.112,,,,,2741000000,0.113,2854000000,0.115,,1959000000,,27.36,27.33,,,,,,,,,,,,,,,,,,,,,true,false,3,2024-04-01,2024-06-30,-1
2025-07-31,74760,2026-03-31,1,53020000000,0.090,,,,,5550000000,0.053,5760000000,0.032,,3970000000,,55.41,,,,,,,,,,,,,,,,,,,,,,true,true,6,2025-04-01,2025-09-30,0
2025-07-31,74760,2026-03-31,1,112290000000,0.082,,,,,12290000000,0.060,12690000000,0.051,,8750000000,,122.12,,,,,,,,,,,,,,,,,,,,,,true,true,12,2025-04-01,2026-03-31,0
2025-07-31,74760,2025-03-31,1,,,,,,,,,,,,,,,,,,,,100140000000,66709000000,0.665,,66597000000,,,,,,,,,,,,true,false,12,2024-04-01,2025-03-31,-1
2025-07-31,74760,2025-03-31,1,,,,,,,,,,,,,,,,,,,,,,,,,,,,,62.00,,,,79752540,8103457,,false,false,12,2024-04-01,2025-03-31,-1
2025-07-31,74760,2026-03-31,1,,,,,,,,,,,,,,,,,,,,,,,,,,,,,63.00,,,,,,,false,true,12,2025-04-01,2026-03-31,0
2025-07-31,74760,2026-03-31,1,,,,,,,,,,,,,,,,,,,,,,,,,,,,,,,,,75352540,3700257,71649223,false,false,3,2025-04-01,2025-06-30,0
2025-07-31,74760,2025-03-31,1,,,,,,,,,,,,,,,,,,,,,,,,,,,,,,,,,,,71610362,false,false,3,2024-04-01,2024-06-30,-1
