filing_date,code,fiscal_year_end,quarterly_period,net_sales,net_sales_change,revenue,revenue_change,operating_revenue,operating_revenue_change,operating_profit,operating_profit_change,ordinary_profit,ordinary_profit_change,net_income,net_income_of_parent,net_income_change,eps,diluted_eps,roe,roa,operating_profit_to_net_sales,operating_profit_to_revenue,total_assets,net_assets,equity_ratio,bps,owner_equity,operating_cash_flow,investing_cash_flow,financing_cash_flow,cash,dividend_per_share,payout_ratio,commemorative_dividend,extra_dividend,number_of_shares,number_of_treqsury_shares,avg_number_of_shares,is_consolidated,is_forecast,duration,period_start,period_end,period_pos
2015-05-08,74830,2015-03-31,,103647000000,-0.018,,,,,6543000000,-0.102,7114000000,-0.053,4477000000,,0.013,120.07,,0.082,0.107,0.063,,68280000000,58161000000,0.837,1533.42,57182000000,4741000000,581000000,-4914000000,26736000000,,0.333,,,,,,true,false,12,2014-04-01,2015-03-31,0
2015-05-08,74830,2014-03-31,,105576000000,0.064,,,,,7284000000,0.077,7510000000,0.016,4421000000,,-0.016,118.57,,0.087,0.119,0.069,,64975000000,53416000000,0.808,1408.18,52512000000,4511000000,-735000000,-1276000000,26233000000,,0.253,,,,,,true,false,12,2013-04-01,2014-03-31,-1
2015-05-08,74830,2016-03-31,,51300000000,0.052,,,,,3450000000,0.200,3450000000,0.141,,2200000000,,59.00,,,,,,,,,,,,,,,,,,,,,,true,true,6,2015-04-01,2015-09-30,1
2015-05-08,74830,2016-03-31,,110000000000,0.061,,,,,8000000000,0.223,8000000000,0.124,,5150000000,,138.10,,,,,,,,,,,,,,,,,,,,,,true,true,12,2015-04-01,2016-03-31,1
2015-05-08,74830,2015-03-31,,96061000000,-0.028,,,,,5955000000,-0.082,6963000000,0.034,4725000000,,0.159,126.72,,,,,,64166000000,55355000000,0.860,1479.76,55181000000,,,,,40.00,,,,37375636,84711,37291212,false,false,12,2014-04-01,2015-03-31,0
2015-05-08,74830,2014-03-31,,98863000000,0.058,,,,,6490000000,0.031,6736000000,-0.019,4075000000,,-0.051,109.30,,,,,,60666000000,50407000000,0.831,1351.72,50407000000,,,,,30.00,,,,37375636,84376,37291285,false,false,12,2013-04-01,2014-03-31,-1
2015-05-08,74830,2016-03-31,,47500000000,0.056,,,,,,,3050000000,-0.088,2050000000,,-0.177,54.97,,,,,,,,,,,,,,,,,,,,,,false,true,6,2015-04-01,2015-09-30,1
2015-05-08,74830,2016-03-31,,102500000000,0.067,,,,,,,7200000000,0.034,4850000000,,0.026,130.06,,,,,,,,,,,,,,,40.00,,,,,,,false,true,12,2015-04-01,2016-03-31,1
2015-07-31,74830,2016-03-31,1,25853000000,0.088,,,,,1784000000,0.168,1859000000,0.164,,1180000000,,31.69,,,,,,68670000000,58294000000,0.833,1539.05,57177000000,,,,,,,,,,,,true,false,3,2015-04-01,2015-06-30,0
2015-07-31,74830,2015-03-31,1,23768000000,-0.018,,,,,1528000000,0.092,1597000000,0.030,,988000000,,26.51,,,,,,,,,,,,,,,,,,,,,,true,false,3,2014-04-01,2014-06-30,-1
2015-07-31,74830,2016-03-31,1,51300000000,0.052,,,,,3450000000,0.200,3450000000,0.141,,2200000000,,59.00,,,,,,,,,,,,,,,,,,,,,,true,true,6,2015-04-01,2015-09-30,0
2015-07-31,74830,2016-03-31,1,110000000000,0.061,,,,,8000000000,0.223,8000000000,0.124,,5150000000,,138.10,,,,,,,,,,,,,,,,,,,,,,true,true,12,2015-04-01,2016-03-31,0
2015-07-31,74830,2015-03-31,1,,,,,,,,,,,,,,,,,,,,68280000000,58161000000,0.837,1533.42,57182000000,,,,,,,,,,,,true,false,12,2014-04-01,2015-03-31,-1
2015-07-31,74830,2015-03-31,1,,,,,,,,,,,,,,,,,,,,,,,,,,,,,40.00,,,,37375636,84711,,false,false,12,2014-04-01,2015-03-31,-1
2015-07-31,74830,2016-03-31,1,,,,,,,,,,,,,,,,,,,,,,,,,,,,,40.00,,,,,,,false,true,12,2015-04-01,2016-03-31,0
2015-07-31,74830,2016-03-31,1,,,,,,,,,,,,,,,,,,,,,,,,,,,,,,,,,37375636,224311,37234200,false,false,3,2015-04-01,2015-06-30,0
2015-07-31,74830,2015-03-31,1,,,,,,,,,,,,,,,,,,,,,,,,,,,,,,,,,,,37291260,false,false,3,2014-04-01,2014-06-30,-1
2015-10-30,74830,2016-03-31,2,52603000000,0.079,,,,,3678000000,0.280,3800000000,0.257,,2429000000,,65.53,65.39,,,,,68133000000,57459000000,0.827,1539.76,56326000000,,,,,,,,,,,,true,false,6,2015-04-01,2015-09-30,0
2015-10-30,74830,2015-03-31,2,48767000000,-0.024,,,,,2873000000,-0.049,3022000000,-0.018,,1988000000,,53.32,,,,,,,,,,,,,,,,,,,,,,true,false,6,2014-04-01,2014-09-30,-1
2015-10-30,74830,2016-03-31,2,110000000000,0.061,,,,,8000000000,0.223,8000000000,0.124,,5150000000,,138.10,,,,,,,,,,,,,,,,,,,,,,true,true,12,2015-04-01,2016-03-31,0
2015-10-30,74830,2015-03-31,2,,,,,,,,,,,,,,,,,,,,68280000000,58161000000,0.837,1533.42,57182000000,,,,,,,,,,,,true,false,12,2014-04-01,2015-03-31,-1
2015-10-30,74830,2015-03-31,2,,,,,,,,,,,,,,,,,,,,,,,,,,,,,40.00,,,,37375636,84711,,false,false,12,2014-04-01,2015-03-31,-1
2015-10-30,74830,2016-03-31,2,,,,,,,,,,,,,,,,,,,,,,,,,,,,,20.00,,,,,,,false,false,12,2015-04-01,2016-03-31,0
2015-10-30,74830,2016-03-31,2,,,,,,,,,,,,,,,,,,,,,,,,,,,,,40.00,,,,,,,false,true,12,2015-04-01,2016-03-31,0
2015-10-30,74830,2016-03-31,2,,,,,,,,,,,,,,,,,,,,,,,,,,,,,,,,,37375636,794289,37076652,false,false,6,2015-04-01,2015-09-30,0
2015-10-30,74830,2015-03-31,2,,,,,,,,,,,,,,,,,,,,,,,,,,,,,,,,,,,37291245,false,false,6,2014-04-01,2014-09-30,-1
2016-01-29,74830,2016-03-31,3,88011000000,0.082,,,,,7378000000,0.332,7587000000,0.271,,4916000000,,133.18,132.55,,,,,69764000000,59001000000,0.828,1581.50,57751000000,,,,,,,,,,,,true,false,9,2015-04-01,2015-12-31,0
2016-01-29,74830,2015-03-31,3,81310000000,-0.032,,,,,5540000000,-0.135,5968000000,-0.100,,3830000000,,102.71,,,,,,,,,,,,,,,,,,,,,,true,false,9,2014-04-01,2014-12-31,-1
2016-01-29,74830,2016-03-31,3,110000000000,0.061,,,,,8300000000,0.268,8700000000,0.223,,5500000000,,148.98,,,,,,,,,,,,,,,,,,,,,,true,true,12,2015-04-01,2016-03-31,0
2016-01-29,74830,2015-03-31,3,,,,,,,,,,,,,,,,,,,,68280000000,58161000000,0.837,1533.42,57182000000,,,,,,,,,,,,true,false,12,2014-04-01,2015-03-31,-1
2016-01-29,74830,2015-03-31,3,,,,,,,,,,,,,,,,,,,,,,,,,,,,,40.00,,,,37375636,84711,,false,false,12,2014-04-01,2015-03-31,-1
2016-01-29,74830,2016-03-31,3,,,,,,,,,,,,,,,,,,,,,,,,,,,,,20.00,,,,,,,false,false,12,2015-04-01,2016-03-31,0
2016-01-29,74830,2016-03-31,3,,,,,,,,,,,,,,,,,,,,,,,,,,,,,45.00,,,,,,,false,true,12,2015-04-01,2016-03-31,0
2016-01-29,74830,2016-03-31,3,,,,,,,,,,,,,,,,,,,,,,,,,,,,,,,,,37375636,858606,36916819,false,false,9,2015-04-01,2015-12-31,0
2016-01-29,74830,2015-03-31,3,,,,,,,,,,,,,,,,,,,,,,,,,,,,,,,,,,,37291239,false,false,9,2014-04-01,2014-12-31,-1
2016-01-29,74830,2016-03-31,,110000000000,0.000,,,,,8300000000,0.038,8700000000,0.088,,5500000000,,148.98,,,,,,,,,,,,,,,,,,,,,,true,true,12,2015-04-01,2016-03-31,0
2016-01-29,74830,2015-03-31,,103647000000,,,,,,6543000000,,7114000000,,,4477000000,,120.07,,,,,,,,,,,,,,,,,,,,,,true,false,12,2014-04-01,2015-03-31,-1
2016-01-29,74830,2016-03-31,,102500000000,0.000,,,,,,,8000000000,0.111,5300000000,,0.093,143.57,,,,,,,,,,,,,,,45.00,,,,,,,false,true,12,2015-04-01,2016-03-31,0
2016-01-29,74830,2015-03-31,,96061000000,,,,,,,,6963000000,,4725000000,,,126.72,,,,,,,,,,,,,,,40.00,,,,,,,false,false,12,2014-04-01,2015-03-31,-1
2016-01-29,74830,2016-03-31,,,,,,,,,,,,,,,,,,,,,,,,,,,,,,20.00,,,,,,,false,false,12,2015-04-01,2016-03-31,0
2016-05-09,74830,2016-03-31,,110843000000,0.069,,,,,8736000000,0.335,8921000000,0.254,,5754000000,,156.27,155.28,0.101,0.123,0.079,,76806000000,58163000000,0.740,1557.17,56863000000,5483000000,-2775000000,3634000000,32993000000,,0.288,,,,,,true,false,12,2015-04-01,2016-03-31,0
2016-05-09,74830,2015-03-31,,103647000000,-0.018,,,,,6543000000,-0.102,7114000000,-0.053,,4477000000,,120.07,,0.082,0.107,0.063,,68280000000,58161000000,0.837,1533.42,57182000000,4741000000,581000000,-4914000000,26736000000,,0.333,,,,,,true,false,12,2014-04-01,2015-03-31,-1
2016-05-09,74830,2017-03-31,,56700000000,0.078,,,,,4150000000,0.128,4150000000,0.092,,2800000000,,76.68,,,,,,,,,,,,,,,,,,,,,,true,true,6,2016-04-01,2016-09-30,1
2016-05-09,74830,2017-03-31,,120000000000,0.083,,,,,9500000000,0.087,9500000000,0.065,,6400000000,,175.26,,,,,,,,,,,,,,,,,,,,,,true,true,12,2016-04-01,2017-03-31,1
2016-05-09,74830,2016-03-31,,103621000000,0.079,,,,,7762000000,0.304,8196000000,0.177,5459000000,,0.155,148.26,147.32,,,,,72758000000,55378000000,0.756,1505.49,54975000000,,,,,45.00,,,,37375636,858658,36824551,false,false,12,2015-04-01,2016-03-31,0
2016-05-09,74830,2015-03-31,,96061000000,-0.028,,,,,5955000000,-0.082,6963000000,0.034,4725000000,,0.159,126.72,,,,,,64166000000,55355000000,0.860,1479.76,55181000000,,,,,40.00,,,,37375636,84711,37291212,false,false,12,2014-04-01,2015-03-31,-1
2016-05-09,74830,2017-03-31,,52800000000,0.084,,,,,,,3700000000,0.032,2600000000,,0.068,71.20,,,,,,,,,,,,,,,,,,,,,,false,true,6,2016-04-01,2016-09-30,1
2016-05-09,74830,2017-03-31,,112300000000,0.084,,,,,,,8700000000,0.061,6100000000,,0.117,167.05,,,,,,,,,,,,,,,50.00,,,,,,,false,true,12,2016-04-01,2017-03-31,1
2016-07-29,74830,2017-03-31,1,25775000000,-0.003,,,,,1955000000,0.096,1906000000,0.025,,1256000000,,34.41,34.25,,,,,77658000000,57005000000,0.717,1524.27,55661000000,,,,,,,,,,,,true,false,3,2016-04-01,2016-06-30,0
2016-07-29,74830,2016-03-31,1,25853000000,0.088,,,,,1784000000,0.168,1859000000,0.164,,1180000000,,31.69,,,,,,,,,,,,,,,,,,,,,,true,false,3,2015-04-01,2015-06-30,-1
2016-07-29,74830,2017-03-31,1,56700000000,0.078,,,,,4150000000,0.128,4150000000,0.092,,2800000000,,76.68,,,,,,,,,,,,,,,,,,,,,,true,true,6,2016-04-01,2016-09-30,0
2016-07-29,74830,2017-03-31,1,120000000000,0.083,,,,,9500000000,0.087,9500000000,0.065,,6400000000,,175.26,,,,,,,,,,,,,,,,,,,,,,true,true,12,2016-04-01,2017-03-31,0
2016-07-29,74830,2016-03-31,1,,,,,,,,,,,,,,,,,,,,76806000000,58163000000,0.740,1557.17,56863000000,,,,,,,,,,,,true,false,12,2015-04-01,2016-03-31,-1
2016-07-29,74830,2016-03-31,1,,,,,,,,,,,,,,,,,,,,,,,,,,,,,45.00,,,,37375636,858658,,false,false,12,2015-04-01,2016-03-31,-1
2016-07-29,74830,2017-03-31,1,,,,,,,,,,,,,,,,,,,,,,,,,,,,,50.00,,,,,,,false,true,12,2016-04-01,2017-03-31,0
2016-07-29,74830,2017-03-31,1,,,,,,,,,,,,,,,,,,,,,,,,,,,,,,,,,37375636,858658,36516978,false,false,3,2016-04-01,2016-06-30,0
2016-07-29,74830,2016-03-31,1,,,,,,,,,,,,,,,,,,,,,,,,,,,,,,,,,,,37234200,false,false,3,2015-04-01,2015-06-30,-1
2016-10-31,74830,2017-03-31,2,50921000000,-0.032,,,,,3455000000,-0.061,3327000000,-0.125,,2211000000,,60.73,60.47,,,,,78465000000,57145000000,0.713,1553.94,55929000000,,,,,,,,,,,,true,false,6,2016-04-01,2016-09-30,0
2016-10-31,74830,2016-03-31,2,52603000000,0.079,,,,,3678000000,0.280,3800000000,0.257,,2429000000,,65.53,65.39,,,,,,,,,,,,,,,,,,,,,true,false,6,2015-04-01,2015-09-30,-1
2016-10-31,74830,2017-03-31,2,114000000000,0.028,,,,,8600000000,-0.016,8500000000,-0.047,,5760000000,,159.03,,,,,,,,,,,,,,,,,,,,,,true,true,12,2016-04-01,2017-03-31,0
2016-10-31,74830,2016-03-31,2,,,,,,,,,,,,,,,,,,,,76806000000,58163000000,0.740,1557.17,56863000000,,,,,,,,,,,,true,false,12,2015-04-01,2016-03-31,-1
2016-10-31,74830,2016-03-31,2,,,,,,,,,,,,,,,,,,,,,,,,,,,,,45.00,,,,37375636,858658,,false,false,12,2015-04-01,2016-03-31,-1
2016-10-31,74830,2017-03-31,2,,,,,,,,,,,,,,,,,,,,,,,,,,,,,25.00,,,,,,,false,false,12,2016-04-01,2017-03-31,0
2016-10-31,74830,2017-03-31,2,,,,,,,,,,,,,,,,,,,,,,,,,,,,,50.00,,,,,,,false,true,12,2016-04-01,2017-03-31,0
2016-10-31,74830,2017-03-31,2,,,,,,,,,,,,,,,,,,,,,,,,,,,,,,,,,37375636,1383658,36416063,false,false,6,2016-04-01,2016-09-30,0
2016-10-31,74830,2016-03-31,2,,,,,,,,,,,,,,,,,,,,,,,,,,,,,,,,,,,37076652,false,false,6,2015-04-01,2015-09-30,-1
2016-10-31,74830,2017-03-31,,114000000000,-0.050,,,,,8600000000,-0.095,8500000000,-0.105,,5760000000,,159.03,,,,,,,,,,,,,,,,,,,,,,true,true,12,2016-04-01,2017-03-31,0
2016-10-31,74830,2016-03-31,,110843000000,,,,,,8736000000,,8921000000,,,5754000000,,156.27,,,,,,,,,,,,,,,,,,,,,,true,false,12,2015-04-01,2016-03-31,-1
2016-10-31,74830,2017-03-31,,107000000000,-0.047,,,,,,,7700000000,-0.115,5400000000,,-0.115,149.09,,,,,,,,,,,,,,,,,,,,,,false,true,12,2016-04-01,2017-03-31,0
2016-10-31,74830,2016-03-31,,103621000000,,,,,,,,8196000000,,5459000000,,,148.26,,,,,,,,,,,,,,,,,,,,,,false,false,12,2015-04-01,2016-03-31,-1
2017-01-31,74830,2017-03-31,3,85100000000,-0.033,,,,,6267000000,-0.151,6323000000,-0.166,,4234000000,,116.98,116.46,,,,,78974000000,59847000000,0.740,1645.88,58460000000,,,,,,,,,,,,true,false,9,2016-04-01,2016-12-31,0
2017-01-31,74830,2016-03-31,3,88011000000,0.082,,,,,7378000000,0.332,7587000000,0.271,,4916000000,,133.18,132.55,,,,,,,,,,,,,,,,,,,,,true,false,9,2015-04-01,2015-12-31,-1
2017-01-31,74830,2017-03-31,3,106000000000,-0.044,,,,,6900000000,-0.210,7000000000,-0.215,,4600000000,,127.64,,,,,,,,,,,,,,,,,,,,,,true,true,12,2016-04-01,2017-03-31,0
2017-01-31,74830,2016-03-31,3,,,,,,,,,,,,,,,,,,,,76806000000,58163000000,0.740,1557.17,56863000000,,,,,,,,,,,,true,false,12,2015-04-01,2016-03-31,-1
2017-01-31,74830,2016-03-31,3,,,,,,,,,,,,,,,,,,,,,,,,,,,,,45.00,,,,37375636,858658,,false,false,12,2015-04-01,2016-03-31,-1
2017-01-31,74830,2017-03-31,3,,,,,,,,,,,,,,,,,,,,,,,,,,,,,25.00,,,,,,,false,false,12,2016-04-01,2017-03-31,0
2017-01-31,74830,2017-03-31,3,,,,,,,,,,,,,,,,,,,,,,,,,,,,,50.00,,,,,,,false,true,12,2016-04-01,2017-03-31,0
2017-01-31,74830,2017-03-31,3,,,,,,,,,,,,,,,,,,,,,,,,,,,,,,,,,37375636,1856408,36194278,false,false,9,2016-04-01,2016-12-31,0
2017-01-31,74830,2016-03-31,3,,,,,,,,,,,,,,,,,,,,,,,,,,,,,,,,,,,36916819,false,false,9,2015-04-01,2015-12-31,-1
2017-01-31,74830,2017-03-31,,106000000000,-0.070,,,,,6900000000,-0.198,7000000000,-0.176,,4600000000,,127.64,,,,,,,,,,,,,,,,,,,,,,true,true,12,2016-04-01,2017-03-31,0
2017-01-31,74830,2016-03-31,,110843000000,,,,,,8736000000,,8921000000,,,5754000000,,156.27,,,,,,,,,,,,,,,,,,,,,,true,false,12,2015-04-01,2016-03-31,-1
2017-01-31,74830,2017-03-31,,99500000000,-0.070,,,,,,,6100000000,-0.208,4300000000,,-0.204,119.32,,,,,,,,,,,,,,,,,,,,,,false,true,12,2016-04-01,2017-03-31,0
2017-01-31,74830,2016-03-31,,103621000000,,,,,,,,8196000000,,5459000000,,,148.26,,,,,,,,,,,,,,,,,,,,,,false,false,12,2015-04-01,2016-03-31,-1
2017-05-08,74830,2017-03-31,,107015000000,-0.035,,,,,7080000000,-0.190,7122000000,-0.202,,4770000000,,132.39,131.79,0.082,0.092,0.066,,78659000000,60255000000,0.748,1657.39,58869000000,4682000000,-2299000000,-3093000000,32207000000,,0.378,,,,,,true,false,12,2016-04-01,2017-03-31,0
2017-05-08,74830,2016-03-31,,110843000000,0.069,,,,,8736000000,0.335,8921000000,0.254,,5754000000,,156.27,155.28,0.101,0.123,0.079,,76806000000,58163000000,0.740,1557.17,56863000000,5483000000,-2775000000,3634000000,32993000000,,0.288,,,,,,true,false,12,2015-04-01,2016-03-31,-1
2017-05-08,74830,2018-03-31,,52500000000,0.031,,,,,3700000000,0.071,3700000000,0.112,,2450000000,,68.98,,,,,,,,,,,,,,,,,,,,,,true,true,6,2017-04-01,2017-09-30,1
2017-05-08,74830,2018-03-31,,110000000000,0.028,,,,,8000000000,0.130,8000000000,0.123,,5350000000,,150.62,,,,,,,,,,,,,,,,0.332,,,,,,true,true,12,2017-04-01,2018-03-31,1
2017-05-08,74830,2017-03-31,,99860000000,-0.036,,,,,6025000000,-0.224,6542000000,-0.202,4593000000,,-0.159,127.47,126.90,,,,,74448000000,57190000000,0.762,1597.26,56733000000,,,,,50.00,,,,37375636,1856408,36038497,false,false,12,2016-04-01,2017-03-31,0
2017-05-08,74830,2016-03-31,,103621000000,0.079,,,,,7762000000,0.304,8196000000,0.177,5459000000,,0.155,148.26,147.32,,,,,72758000000,55378000000,0.756,1505.49,54975000000,,,,,45.00,,,,37375636,858658,36824551,false,false,12,2015-04-01,2016-03-31,-1
2017-05-08,74830,2018-03-31,,49000000000,0.033,,,,,,,3200000000,0.083,2200000000,,0.071,61.94,,,,,,,,,,,,,,,,,,,,,,false,true,6,2017-04-01,2017-09-30,1
2017-05-08,74830,2018-03-31,,103100000000,0.032,,,,,,,7150000000,0.093,4950000000,,0.078,139.36,,,,,,,,,,,,,,,50.00,,,,,,,false,true,12,2017-04-01,2018-03-31,1
2017-07-31,74830,2018-03-31,1,25331000000,-0.017,,,,,2194000000,0.122,2230000000,0.170,,1521000000,,42.82,42.60,,,,,80020000000,61453000000,0.750,1686.62,60036000000,,,,,,,,,,,,true,false,3,2017-04-01,2017-06-30,0
2017-07-31,74830,2017-03-31,1,25775000000,-0.003,,,,,1955000000,0.096,1906000000,0.025,,1256000000,,34.41,34.25,,,,,,,,,,,,,,,,,,,,,true,false,3,2016-04-01,2016-06-30,-1
2017-07-31,74830,2018-03-31,1,52500000000,0.031,,,,,3700000000,0.071,3700000000,0.112,,2450000000,,68.98,,,,,,,,,,,,,,,,,,,,,,true,true,6,2017-04-01,2017-09-30,0
2017-07-31,74830,2018-03-31,1,110000000000,0.028,,,,,8000000000,0.130,8000000000,0.123,,5350000000,,150.62,,,,,,,,,,,,,,,,,,,,,,true,true,12,2017-04-01,2018-03-31,0
2017-07-31,74830,2017-03-31,1,,,,,,,,,,,,,,,,,,,,78659000000,60255000000,0.748,1657.39,58869000000,,,,,,,,,,,,true,false,12,2016-04-01,2017-03-31,-1
2017-07-31,74830,2017-03-31,1,,,,,,,,,,,,,,,,,,,,,,,,,,,,,50.00,,,,37375636,1856408,,false,false,12,2016-04-01,2017-03-31,-1
2017-07-31,74830,2018-03-31,1,,,,,,,,,,,,,,,,,,,,,,,,,,,,,50.00,,,,,,,false,true,12,2017-04-01,2018-03-31,0
2017-07-31,74830,2018-03-31,1,,,,,,,,,,,,,,,,,,,,,,,,,,,,,,,,,37375636,1780108,35544403,false,false,3,2017-04-01,2017-06-30,0
2017-07-31,74830,2017-03-31,1,,,,,,,,,,,,,,,,,,,,,,,,,,,,,,,,,,,36516978,false,false,3,2016-04-01,2016-06-30,-1
2017-10-31,74830,2018-03-31,2,50426000000,-0.010,,,,,3769000000,0.091,3882000000,0.167,,2645000000,,74.08,73.61,,,,,83675000000,63784000000,0.750,1729.82,62725000000,,,,,,,,,,,,true,false,6,2017-04-01,2017-09-30,0
2017-10-31,74830,2017-03-31,2,50921000000,-0.032,,,,,3455000000,-0.061,3327000000,-0.125,,2211000000,,60.73,60.47,,,,,,,,,,,,,,,,,,,,,true,false,6,2016-04-01,2016-09-30,-1
2017-10-31,74830,2018-03-31,2,110000000000,0.028,,,,,8000000000,0.130,8000000000,0.123,,5350000000,,150.62,,,,,,,,,,,,,,,,,,,,,,true,true,12,2017-04-01,2018-03-31,0
2017-10-31,74830,2017-03-31,2,,,,,,,,,,,,,,,,,,,,78659000000,60255000000,0.748,1657.39,58869000000,,,,,,,,,,,,true,false,12,2016-04-01,2017-03-31,-1
2017-10-31,74830,2017-03-31,2,,,,,,,,,,,,,,,,,,,,,,,,,,,,,50.00,,,,37375636,1856408,,false,false,12,2016-04-01,2017-03-31,-1
2017-10-31,74830,2018-03-31,2,,,,,,,,,,,,,,,,,,,,,,,,,,,,,25.00,,,,,,,false,false,12,2017-04-01,2018-03-31,0
2017-10-31,74830,2018-03-31,2,,,,,,,,,,,,,,,,,,,,,,,,,,,,,50.00,,,,,,,false,true,12,2017-04-01,2018-03-31,0
2017-10-31,74830,2018-03-31,2,,,,,,,,,,,,,,,,,,,,,,,,,,,,,,,,,37375636,1114408,35716413,false,false,6,2017-04-01,2017-09-30,0
2017-10-31,74830,2017-03-31,2,,,,,,,,,,,,,,,,,,,,,,,,,,,,,,,,,,,36416063,false,false,6,2016-04-01,2016-09-30,-1
2018-01-31,74830,2018-03-31,3,83020000000,-0.024,,,,,6982000000,0.114,7128000000,0.127,,4867000000,,135.50,134.68,,,,,85802000000,65739000000,0.754,1772.25,64707000000,,,,,,,,,,,,true,false,9,2017-04-01,2017-12-31,0
2018-01-31,74830,2017-03-31,3,85100000000,-0.033,,,,,6267000000,-0.151,6323000000,-0.166,,4234000000,,116.98,116.46,,,,,,,,,,,,,,,,,,,,,true,false,9,2016-04-01,2016-12-31,-1
2018-01-31,74830,2018-03-31,3,110000000000,0.028,,,,,8000000000,0.130,8000000000,0.123,,5350000000,,150.62,,,,,,,,,,,,,,,,,,,,,,true,true,12,2017-04-01,2018-03-31,0
2018-01-31,74830,2017-03-31,3,,,,,,,,,,,,,,,,,,,,78659000000,60255000000,0.748,1657.39,58869000000,,,,,,,,,,,,true,false,12,2016-04-01,2017-03-31,-1
2018-01-31,74830,2017-03-31,3,,,,,,,,,,,,,,,,,,,,,,,,,,,,,50.00,,,,37375636,1856408,,false,false,12,2016-04-01,2017-03-31,-1
2018-01-31,74830,2018-03-31,3,,,,,,,,,,,,,,,,,,,,,,,,,,,,,25.00,,,,,,,false,false,12,2017-04-01,2018-03-31,0
2018-01-31,74830,2018-03-31,3,,,,,,,,,,,,,,,,,,,,,,,,,,,,,50.00,,,,,,,false,true,12,2017-04-01,2018-03-31,0
2018-01-31,74830,2018-03-31,3,,,,,,,,,,,,,,,,,,,,,,,,,,,,,,,,,37375636,864008,35920598,false,false,9,2017-04-01,2017-12-31,0
2018-01-31,74830,2017-03-31,3,,,,,,,,,,,,,,,,,,,,,,,,,,,,,,,,,,,36194278,false,false,9,2016-04-01,2016-12-31,-1
2018-05-07,74830,2018-03-31,,103589000000,-0.032,,,,,7769000000,0.097,8001000000,0.123,,5490000000,,151.97,151.14,0.088,0.097,0.075,,86987000000,66594000000,0.755,1778.84,65687000000,7072000000,-3805000000,536000000,35986000000,,0.329,,,,,,true,false,12,2017-04-01,2018-03-31,0
2018-05-07,74830,2017-03-31,,107015000000,-0.035,,,,,7080000000,-0.190,7122000000,-0.202,,4770000000,,132.39,131.79,0.082,0.092,0.066,,78659000000,60255000000,0.748,1657.39,58869000000,4682000000,-2299000000,-3093000000,32207000000,,0.378,,,,,,true,false,12,2016-04-01,2017-03-31,-1
2018-05-07,74830,2019-03-31,,52500000000,0.041,,,,,3900000000,0.035,3900000000,0.005,,2700000000,,73.12,,,,,,,,,,,,,,,,,,,,,,true,true,6,2018-04-01,2018-09-30,1
2018-05-07,74830,2019-03-31,,110000000000,0.062,,,,,8400000000,0.081,8500000000,0.062,,5800000000,,157.07,,,,,,,,,,,,,,,,0.326,,,,,,true,true,12,2018-04-01,2019-03-31,1
2018-05-07,74830,2018-03-31,,96181000000,-0.037,,,,,6972000000,0.157,7405000000,0.132,5200000000,,0.132,143.95,143.16,,,,,82442000000,63366000000,0.767,1713.45,63272000000,,,,,50.00,,,,37375636,448808,36130404,false,false,12,2017-04-01,2018-03-31,0
2018-05-07,74830,2017-03-31,,99860000000,-0.036,,,,,6025000000,-0.224,6542000000,-0.202,4593000000,,-0.159,127.47,126.90,,,,,74448000000,57190000000,0.762,1597.26,56733000000,,,,,50.00,,,,37375636,1856408,36038497,false,false,12,2016-04-01,2017-03-31,-1
2018-05-07,74830,2019-03-31,,49000000000,0.047,,,,,,,3500000000,-0.023,2400000000,,-0.057,64.99,,,,,,,,,,,,,,,,,,,,,,false,true,6,2018-04-01,2018-09-30,1
2018-05-07,74830,2019-03-31,,102500000000,0.066,,,,,,,7700000000,0.040,5300000000,,0.019,143.53,,,,,,,,,,,,,,,50.00,,,,,,,false,true,12,2018-04-01,2019-03-31,1
2018-07-31,74830,2019-03-31,1,24998000000,-0.013,,,,,1985000000,-0.095,2064000000,-0.074,,1337000000,,36.09,36.02,,,,,89568000000,68327000000,0.751,1804.47,67253000000,,,,,,,,,,,,true,false,3,2018-04-01,2018-06-30,0
2018-07-31,74830,2018-03-31,1,25331000000,-0.017,,,,,2194000000,0.122,2230000000,0.170,,1521000000,,42.82,42.60,,,,,,,,,,,,,,,,,,,,,true,false,3,2017-04-01,2017-06-30,-1
2018-07-31,74830,2019-03-31,1,52500000000,0.041,,,,,3900000000,0.035,3900000000,0.005,,2700000000,,73.12,,,,,,,,,,,,,,,,,,,,,,true,true,6,2018-04-01,2018-09-30,0
2018-07-31,74830,2019-03-31,1,110000000000,0.062,,,,,8400000000,0.081,8500000000,0.062,,5800000000,,157.07,,,,,,,,,,,,,,,,,,,,,,true,true,12,2018-04-01,2019-03-31,0
2018-07-31,74830,2018-03-31,1,,,,,,,,,,,,,,,,,,,,86985000000,66594000000,0.755,1778.84,65687000000,,,,,,,,,,,,true,false,12,2017-04-01,2018-03-31,-1
2018-07-31,74830,2018-03-31,1,,,,,,,,,,,,,,,,,,,,,,,,,,,,,50.00,,,,37375636,448808,,false,false,12,2017-04-01,2018-03-31,-1
2018-07-31,74830,2019-03-31,1,,,,,,,,,,,,,,,,,,,,,,,,,,,,,50.00,,,,,,,false,true,12,2018-04-01,2019-03-31,0
2018-07-31,74830,2019-03-31,1,,,,,,,,,,,,,,,,,,,,,,,,,,,,,,,,,37375636,105408,37060178,false,false,3,2018-04-01,2018-06-30,0
2018-07-31,74830,2018-03-31,1,,,,,,,,,,,,,,,,,,,,,,,,,,,,,,,,,,,35544403,false,false,3,2017-04-01,2017-06-30,-1
2018-10-31,74830,2019-03-31,2,48477000000,-0.039,,,,,2758000000,-0.268,2845000000,-0.267,,1861000000,,50.08,50.03,,,,,88919000000,69114000000,0.765,1823.44,68009000000,,,,,,,,,,,,true,false,6,2018-04-01,2018-09-30,0
2018-10-31,74830,2018-03-31,2,50426000000,-0.010,,,,,3769000000,0.091,3882000000,0.167,,2645000000,,74.08,73.61,,,,,,,,,,,,,,,,,,,,,true,false,6,2017-04-01,2017-09-30,-1
2018-10-31,74830,2019-03-31,2,104000000000,0.004,,,,,6900000000,-0.112,7000000000,-0.125,,4650000000,,124.92,,,,,,,,,,,,,,,,,,,,,,true,true,12,2018-04-01,2019-03-31,0
2018-10-31,74830,2018-03-31,2,,,,,,,,,,,,,,,,,,,,86985000000,66594000000,0.755,1778.84,65687000000,,,,,,,,,,,,true,false,12,2017-04-01,2018-03-31,-1
2018-10-31,74830,2018-03-31,2,,,,,,,,,,,,,,,,,,,,,,,,,,,,,50.00,,,,37375636,448808,,false,false,12,2017-04-01,2018-03-31,-1
2018-10-31,74830,2019-03-31,2,,,,,,,,,,,,,,,,,,,,,,,,,,,,,25.00,,,,,,,false,false,12,2018-04-01,2019-03-31,0
2018-10-31,74830,2019-03-31,2,,,,,,,,,,,,,,,,,,,,,,,,,,,,,50.00,,,,,,,false,true,12,2018-04-01,2019-03-31,0
2018-10-31,74830,2019-03-31,2,,,,,,,,,,,,,,,,,,,,,,,,,,,,,,,,,37375636,78408,37161770,false,false,6,2018-04-01,2018-09-30,0
2018-10-31,74830,2018-03-31,2,,,,,,,,,,,,,,,,,,,,,,,,,,,,,,,,,,,35716413,false,false,6,2017-04-01,2017-09-30,-1
2018-10-31,74830,2019-03-31,,104000000000,-0.055,,,,,6900000000,-0.179,7000000000,-0.176,,4650000000,,124.92,,,,,,,,,,,,,,,,,,,,,,true,true,12,2018-04-01,2019-03-31,0
2018-10-31,74830,2018-03-31,,103589000000,,,,,,7769000000,,8001000000,,,5490000000,,151.97,,,,,,,,,,,,,,,,,,,,,,true,false,12,2017-04-01,2018-03-31,-1
2018-10-31,74830,2019-03-31,,95500000000,-0.068,,,,,,,6100000000,-0.208,4150000000,,-0.217,111.49,,,,,,,,,,,,,,,,,,,,,,false,true,12,2018-04-01,2019-03-31,0
2018-10-31,74830,2018-03-31,,96181000000,,,,,,,,7405000000,,5200000000,,,143.95,,,,,,,,,,,,,,,,,,,,,,false,false,12,2017-04-01,2018-03-31,-1
2019-01-31,74830,2019-03-31,3,79189000000,-0.046,,,,,5152000000,-0.262,5263000000,-0.262,,3529000000,,94.88,94.82,,,,,88623000000,69374000000,0.770,1830.26,68263000000,,,,,,,,,,,,true,false,9,2018-04-01,2018-12-31,0
2019-01-31,74830,2018-03-31,3,83020000000,-0.024,,,,,6982000000,0.114,7128000000,0.127,,4867000000,,135.50,134.68,,,,,,,,,,,,,,,,,,,,,true,false,9,2017-04-01,2017-12-31,-1
2019-01-31,74830,2019-03-31,3,104000000000,0.004,,,,,6900000000,-0.112,7000000000,-0.125,,4650000000,,124.92,,,,,,,,,,,,,,,,,,,,,,true,true,12,2018-04-01,2019-03-31,0
2019-01-31,74830,2018-03-31,3,,,,,,,,,,,,,,,,,,,,86985000000,66594000000,0.755,1778.84,65687000000,,,,,,,,,,,,true,false,12,2017-04-01,2018-03-31,-1
2019-01-31,74830,2018-03-31,3,,,,,,,,,,,,,,,,,,,,,,,,,,,,,50.00,,,,37375636,448808,,false,false,12,2017-04-01,2018-03-31,-1
2019-01-31,74830,2019-03-31,3,,,,,,,,,,,,,,,,,,,,,,,,,,,,,25.00,,,,,,,false,false,12,2018-04-01,2019-03-31,0
2019-01-31,74830,2019-03-31,3,,,,,,,,,,,,,,,,,,,,,,,,,,,,,50.00,,,,,,,false,true,12,2018-04-01,2019-03-31,0
2019-01-31,74830,2019-03-31,3,,,,,,,,,,,,,,,,,,,,,,,,,,,,,,,,,37375636,78409,37202407,false,false,9,2018-04-01,2018-12-31,0
2019-01-31,74830,2018-03-31,3,,,,,,,,,,,,,,,,,,,,,,,,,,,,,,,,,,,35920598,false,false,9,2017-04-01,2017-12-31,-1
2019-05-13,74830,2019-03-31,,98668000000,-0.048,,,,,5561000000,-0.284,6065000000,-0.242,,4263000000,,114.53,114.47,0.063,0.068,0.056,,90181000000,70405000000,0.768,1856.84,69254000000,5864000000,-601000000,-1088000000,40195000000,,0.437,,,,,,true,false,12,2018-04-01,2019-03-31,0
2019-05-13,74830,2018-03-31,,103589000000,-0.032,,,,,7769000000,0.097,8001000000,0.123,,5490000000,,151.97,151.14,0.088,0.097,0.075,,86985000000,66594000000,0.755,1778.84,65687000000,7072000000,-3805000000,536000000,35986000000,,0.329,,,,,,true,false,12,2017-04-01,2018-03-31,-1
2019-05-13,74830,2020-03-31,,50000000000,0.031,,,,,3100000000,0.124,3100000000,0.089,,2150000000,,58.06,,,,,,,,,,,,,,,,,,,,,,true,true,6,2019-04-01,2019-09-30,1
2019-05-13,74830,2020-03-31,,103000000000,0.044,,,,,6700000000,0.205,6800000000,0.121,,4650000000,,126.63,,,,,,,,,,,,,,,,0.395,,,,,,true,true,12,2019-04-01,2020-03-31,1
2019-05-13,74830,2019-03-31,,90518000000,-0.059,,,,,4873000000,-0.301,5295000000,-0.285,3616000000,,-0.305,97.15,97.10,,,,,84504000000,66013000000,0.781,1769.93,66013000000,,,,,50.00,,,,37375636,78439,37224286,false,false,12,2018-04-01,2019-03-31,0
2019-05-13,74830,2018-03-31,,96181000000,-0.037,,,,,6972000000,0.157,7405000000,0.132,5200000000,,0.132,143.95,143.16,,,,,82442000000,63366000000,0.767,1713.45,63272000000,,,,,50.00,,,,37375636,448808,36130404,false,false,12,2017-04-01,2018-03-31,-1
2019-05-13,74830,2020-03-31,,45000000000,0.019,,,,,,,2600000000,0.084,1800000000,,0.135,48.61,,,,,,,,,,,,,,,,,,,,,,false,true,6,2019-04-01,2019-09-30,1
2019-05-13,74830,2020-03-31,,93000000000,0.027,,,,,,,5900000000,0.114,4100000000,,0.134,111.66,,,,,,,,,,,,,,,50.00,,,,,,,false,true,12,2019-04-01,2020-03-31,1
2019-07-31,74830,2020-03-31,1,24754000000,-0.010,,,,,2014000000,0.014,2056000000,-0.004,,1382000000,,37.11,,,,,,91842000000,70312000000,0.753,1859.75,69168000000,,,,,,,,,,,,true,false,3,2019-04-01,2019-06-30,0
2019-07-31,74830,2019-03-31,1,24998000000,-0.013,,,,,1985000000,-0.095,2064000000,-0.074,,1337000000,,36.09,36.02,,,,,,,,,,,,,,,,,,,,,true,false,3,2018-04-01,2018-06-30,-1
2019-07-31,74830,2020-03-31,1,50000000000,0.031,,,,,3100000000,0.124,3100000000,0.089,,2150000000,,58.06,,,,,,,,,,,,,,,,,,,,,,true,true,6,2019-04-01,2019-09-30,0
2019-07-31,74830,2020-03-31,1,103000000000,0.044,,,,,6700000000,0.205,6800000000,0.121,,4650000000,,126.63,,,,,,,,,,,,,,,,,,,,,,true,true,12,2019-04-01,2020-03-31,0
2019-07-31,74830,2019-03-31,1,,,,,,,,,,,,,,,,,,,,90181000000,70405000000,0.768,1856.84,69254000000,,,,,,,,,,,,true,false,12,2018-04-01,2019-03-31,-1
2019-07-31,74830,2019-03-31,1,,,,,,,,,,,,,,,,,,,,,,,,,,,,,50.00,,,,37375636,78439,,false,false,12,2018-04-01,2019-03-31,-1
2019-07-31,74830,2020-03-31,1,,,,,,,,,,,,,,,,,,,,,,,,,,,,,50.00,,,,,,,false,true,12,2019-04-01,2020-03-31,0
2019-07-31,74830,2020-03-31,1,,,,,,,,,,,,,,,,,,,,,,,,,,,,,,,,,37375636,183439,37262147,false,false,3,2019-04-01,2019-06-30,0
2019-07-31,74830,2019-03-31,1,,,,,,,,,,,,,,,,,,,,,,,,,,,,,,,,,,,37060178,false,false,3,2018-04-01,2018-06-30,-1
2019-10-31,74830,2020-03-31,2,48313000000,-0.003,,,,,3124000000,0.133,3156000000,0.109,,2138000000,,57.70,,,,,,89420000000,70261000000,0.773,1885.47,69113000000,,,,,,,,,,,,true,false,6,2019-04-01,2019-09-30,0
2019-10-31,74830,2019-03-31,2,48477000000,-0.039,,,,,2758000000,-0.268,2845000000,-0.267,,1861000000,,50.08,50.03,,,,,,,,,,,,,,,,,,,,,true,false,6,2018-04-01,2018-09-30,-1
2019-10-31,74830,2020-03-31,2,103000000000,0.044,,,,,6700000000,0.205,6800000000,0.121,,4650000000,,126.63,,,,,,,,,,,,,,,,,,,,,,true,true,12,2019-04-01,2020-03-31,0
2019-10-31,74830,2019-03-31,2,,,,,,,,,,,,,,,,,,,,90181000000,70405000000,0.768,1856.84,69254000000,,,,,,,,,,,,true,false,12,2018-04-01,2019-03-31,-1
2019-10-31,74830,2019-03-31,2,,,,,,,,,,,,,,,,,,,,,,,,,,,,,50.00,,,,37375636,78439,,false,false,12,2018-04-01,2019-03-31,-1
2019-10-31,74830,2020-03-31,2,,,,,,,,,,,,,,,,,,,,,,,,,,,,,25.00,,,,,,,false,false,12,2019-04-01,2020-03-31,0
2019-10-31,74830,2020-03-31,2,,,,,,,,,,,,,,,,,,,,,,,,,,,,,50.00,,,,,,,false,true,12,2019-04-01,2020-03-31,0
2019-10-31,74830,2020-03-31,2,,,,,,,,,,,,,,,,,,,,,,,,,,,,,,,,,37375636,719839,37065111,false,false,6,2019-04-01,2019-09-30,0
2019-10-31,74830,2019-03-31,2,,,,,,,,,,,,,,,,,,,,,,,,,,,,,,,,,,,37161770,false,false,6,2018-04-01,2018-09-30,-1
2020-01-31,74830,2020-03-31,3,78243000000,-0.012,,,,,5630000000,0.093,5735000000,0.090,,3916000000,,106.22,,,,,,91013000000,70878000000,0.765,1916.83,69663000000,,,,,,,,,,,,true,false,9,2019-04-01,2019-12-31,0
2020-01-31,74830,2019-03-31,3,79189000000,-0.046,,,,,5152000000,-0.262,5263000000,-0.262,,3529000000,,94.88,94.82,,,,,,,,,,,,,,,,,,,,,true,false,9,2018-04-01,2018-12-31,-1
2020-01-31,74830,2020-03-31,3,103000000000,0.044,,,,,6700000000,0.205,6800000000,0.121,,4650000000,,126.63,,,,,,,,,,,,,,,,,,,,,,true,true,12,2019-04-01,2020-03-31,0
2020-01-31,74830,2019-03-31,3,,,,,,,,,,,,,,,,,,,,90181000000,70405000000,0.768,1856.84,69254000000,,,,,,,,,,,,true,false,12,2018-04-01,2019-03-31,-1
2020-01-31,74830,2019-03-31,3,,,,,,,,,,,,,,,,,,,,,,,,,,,,,50.00,,,,37375636,78439,,false,false,12,2018-04-01,2019-03-31,-1
2020-01-31,74830,2020-03-31,3,,,,,,,,,,,,,,,,,,,,,,,,,,,,,25.00,,,,,,,false,false,12,2019-04-01,2020-03-31,0
2020-01-31,74830,2020-03-31,3,,,,,,,,,,,,,,,,,,,,,,,,,,,,,50.00,,,,,,,false,true,12,2019-04-01,2020-03-31,0
2020-01-31,74830,2020-03-31,3,,,,,,,,,,,,,,,,,,,,,,,,,,,,,,,,,37375636,1032274,36869340,false,false,9,2019-04-01,2019-12-31,0
2020-01-31,74830,2019-03-31,3,,,,,,,,,,,,,,,,,,,,,,,,,,,,,,,,,,,37202407,false,false,9,2018-04-01,2018-12-31,-1
2020-05-08,74830,2020-03-31,,96238000000,-0.025,,,,,5995000000,0.078,6260000000,0.032,,4211000000,,114.61,,0.061,0.072,0.062,,82798000000,71032000000,0.843,1921.50,69833000000,8583000000,-538000000,-10647000000,37549000000,,0.436,,,,,,true,false,12,2019-04-01,2020-03-31,0
2020-05-08,74830,2019-03-31,,98668000000,-0.048,,,,,5561000000,-0.284,6065000000,-0.242,,4263000000,,114.53,114.47,0.063,0.068,0.056,,90181000000,70405000000,0.768,1856.84,69254000000,5864000000,-601000000,-1088000000,40195000000,,0.437,,,,,,true,false,12,2018-04-01,2019-03-31,-1
2020-05-08,74830,2021-03-31,,42000000000,-0.131,,,,,2250000000,-0.280,2350000000,-0.255,,1550000000,,43.43,,,,,,,,,,,,,,,,,,,,,,true,true,6,2020-04-01,2020-09-30,1
2020-05-08,74830,2021-03-31,,92000000000,-0.044,,,,,5300000000,-0.116,5500000000,-0.121,,3650000000,,103.93,,,,,,,,,,,,,,,,0.481,,,,,,true,true,12,2020-04-01,2021-03-31,1
2020-05-08,74830,2020-03-31,,87712000000,-0.031,,,,,5143000000,0.055,5939000000,0.122,4230000000,,0.170,115.12,,,,,,76464000000,66648000000,0.872,1833.85,66648000000,,,,,50.00,,,,37375636,1032274,36747960,false,false,12,2019-04-01,2020-03-31,0
2020-05-08,74830,2019-03-31,,90518000000,-0.059,,,,,4873000000,-0.301,5295000000,-0.285,3616000000,,-0.305,97.15,97.10,,,,,84504000000,66013000000,0.781,1769.93,66013000000,,,,,50.00,,,,37375636,78439,37224286,false,false,12,2018-04-01,2019-03-31,-1
2020-05-08,74830,2021-03-31,,38000000000,-0.137,,,,,,,1950000000,-0.294,1350000000,,-0.294,37.83,,,,,,,,,,,,,,,,,,,,,,false,true,6,2020-04-01,2020-09-30,1
2020-05-08,74830,2021-03-31,,83000000000,-0.054,,,,,,,4800000000,-0.192,3200000000,,-0.244,91.12,,,,,,,,,,,,,,,50.00,,,,,,,false,true,12,2020-04-01,2021-03-31,1
2020-07-31,74830,2021-03-31,1,26149000000,0.056,,,,,3289000000,0.633,3320000000,0.615,,2258000000,,63.27,,,,,,89207000000,70651000000,0.778,1974.74,69394000000,,,,,,,,,,,,true,false,3,2020-04-01,2020-06-30,0
2020-07-31,74830,2020-03-31,1,24754000000,-0.010,,,,,2014000000,0.014,2056000000,-0.004,,1382000000,,37.11,,,,,,,,,,,,,,,,,,,,,,true,false,3,2019-04-01,2019-06-30,-1
2020-07-31,74830,2021-03-31,1,42000000000,-0.131,,,,,2250000000,-0.280,2350000000,-0.255,,1550000000,,43.43,,,,,,,,,,,,,,,,,,,,,,true,true,6,2020-04-01,2020-09-30,0
2020-07-31,74830,2021-03-31,1,92000000000,-0.044,,,,,5300000000,-0.116,5500000000,-0.121,,3650000000,,103.93,,,,,,,,,,,,,,,,,,,,,,true,true,12,2020-04-01,2021-03-31,0
2020-07-31,74830,2020-03-31,1,,,,,,,,,,,,,,,,,,,,82798000000,71032000000,0.843,1921.50,69833000000,,,,,,,,,,,,true,false,12,2019-04-01,2020-03-31,-1
2020-07-31,74830,2020-03-31,1,,,,,,,,,,,,,,,,,,,,,,,,,,,,,50.00,,,,37375636,1032274,,false,false,12,2019-04-01,2020-03-31,-1
2020-07-31,74830,2021-03-31,1,,,,,,,,,,,,,,,,,,,,,,,,,,,,,50.00,,,,,,,false,true,12,2020-04-01,2021-03-31,0
2020-07-31,74830,2021-03-31,1,,,,,,,,,,,,,,,,,,,,,,,,,,,,,,,,,37375636,2234574,35691637,false,false,3,2020-04-01,2020-06-30,0
2020-07-31,74830,2020-03-31,1,,,,,,,,,,,,,,,,,,,,,,,,,,,,,,,,,,,37262147,false,false,3,2019-04-01,2019-06-30,-1
2020-10-30,74830,2021-03-31,2,50189000000,0.039,,,,,5203000000,0.665,5322000000,0.686,,3586000000,,101.16,,,,,,90334000000,72013000000,0.783,2011.70,70693000000,,,,,,,,,,,,true,false,6,2020-04-01,2020-09-30,0
2020-10-30,74830,2020-03-31,2,48313000000,-0.003,,,,,3124000000,0.133,3156000000,0.109,,2138000000,,57.70,,,,,,,,,,,,,,,,,,,,,,true,false,6,2019-04-01,2019-09-30,-1
2020-10-30,74830,2021-03-31,2,101000000000,0.049,,,,,8600000000,0.434,8800000000,0.406,,5900000000,,167.09,,,,,,,,,,,,,,,,,,,,,,true,true,12,2020-04-01,2021-03-31,0
2020-10-30,74830,2020-03-31,2,,,,,,,,,,,,,,,,,,,,82798000000,71032000000,0.843,1921.50,69833000000,,,,,,,,,,,,true,false,12,2019-04-01,2020-03-31,-1
2020-10-30,74830,2020-03-31,2,,,,,,,,,,,,,,,,,,,,,,,,,,,,,50.00,,,,37375636,1032274,,false,false,12,2019-04-01,2020-03-31,-1
2020-10-30,74830,2021-03-31,2,,,,,,,,,,,,,,,,,,,,,,,,,,,,,25.00,,,,,,,false,false,12,2020-04-01,2021-03-31,0
2020-10-30,74830,2021-03-31,2,,,,,,,,,,,,,,,,,,,,,,,,,,,,,50.00,,,,,,,false,true,12,2020-04-01,2021-03-31,0
2020-10-30,74830,2021-03-31,2,,,,,,,,,,,,,,,,,,,,,,,,,,,,,,,,,37375636,2234574,35455676,false,false,6,2020-04-01,2020-09-30,0
2020-10-30,74830,2020-03-31,2,,,,,,,,,,,,,,,,,,,,,,,,,,,,,,,,,,,37065111,false,false,6,2019-04-01,2019-09-30,-1
2020-10-30,74830,2021-03-31,,101000000000,0.098,,,,,8600000000,0.623,8800000000,0.600,,5900000000,,167.09,,,,,,,,,,,,,,,,,,,,,,true,true,12,2020-04-01,2021-03-31,0
2020-10-30,74830,2020-03-31,,96238000000,,,,,,5995000000,,6260000000,,,4211000000,,114.61,,,,,,,,,,,,,,,,,,,,,,true,false,12,2019-04-01,2020-03-31,-1
2020-10-30,74830,2021-03-31,,91000000000,0.096,,,,,,,7500000000,0.563,5150000000,,0.609,145.85,,,,,,,,,,,,,,,,,,,,,,false,true,12,2020-04-01,2021-03-31,0
2020-10-30,74830,2020-03-31,,87712000000,,,,,,,,5939000000,,4230000000,,,115.12,,,,,,,,,,,,,,,,,,,,,,false,false,12,2019-04-01,2020-03-31,-1
2021-01-29,74830,2021-03-31,3,81571000000,0.043,,,,,8704000000,0.546,8894000000,0.551,,6030000000,,170.55,,,,,,93172000000,73508000000,0.775,2053.59,72165000000,,,,,,,,,,,,true,false,9,2020-04-01,2020-12-31,0
2021-01-29,74830,2020-03-31,3,78243000000,-0.012,,,,,5630000000,0.093,5735000000,0.090,,3916000000,,106.22,,,,,,,,,,,,,,,,,,,,,,true,false,9,2019-04-01,2019-12-31,-1
2021-01-29,74830,2021-03-31,3,101000000000,0.049,,,,,9300000000,0.551,9500000000,0.517,,6400000000,,181.25,,,,,,,,,,,,,,,,,,,,,,true,true,12,2020-04-01,2021-03-31,0
2021-01-29,74830,2020-03-31,3,,,,,,,,,,,,,,,,,,,,82798000000,71032000000,0.843,1921.50,69833000000,,,,,,,,,,,,true,false,12,2019-04-01,2020-03-31,-1
2021-01-29,74830,2020-03-31,3,,,,,,,,,,,,,,,,,,,,,,,,,,,,,50.00,,,,37375636,1032274,,false,false,12,2019-04-01,2020-03-31,-1
2021-01-29,74830,2021-03-31,3,,,,,,,,,,,,,,,,,,,,,,,,,,,,,25.00,,,,,,,false,false,12,2020-04-01,2021-03-31,0
2021-01-29,74830,2021-03-31,3,,,,,,,,,,,,,,,,,,,,,,,,,,,,,50.00,,,,,,,false,true,12,2020-04-01,2021-03-31,0
2021-01-29,74830,2021-03-31,3,,,,,,,,,,,,,,,,,,,,,,,,,,,,,,,,,37375636,2234624,35361282,false,false,9,2020-04-01,2020-12-31,0
2021-01-29,74830,2020-03-31,3,,,,,,,,,,,,,,,,,,,,,,,,,,,,,,,,,,,36869340,false,false,9,2019-04-01,2019-12-31,-1
2021-01-29,74830,2021-03-31,,101000000000,,,,,,9300000000,0.081,9500000000,0.080,,6400000000,,181.25,,,,,,,,,,,,,,,,,,,,,,true,true,12,2020-04-01,2021-03-31,0
2021-01-29,74830,2020-03-31,,96238000000,,,,,,5995000000,,6260000000,,,4211000000,,114.61,,,,,,,,,,,,,,,,,,,,,,true,false,12,2019-04-01,2020-03-31,-1
2021-01-29,74830,2021-03-31,,91000000000,,,,,,,,8000000000,0.067,5500000000,,0.068,155.76,,,,,,,,,,,,,,,,,,,,,,false,true,12,2020-04-01,2021-03-31,0
2021-01-29,74830,2020-03-31,,87712000000,,,,,,,,5939000000,,4230000000,,,115.12,,,,,,,,,,,,,,,,,,,,,,false,false,12,2019-04-01,2020-03-31,-1
,74830,2021-03-31,,,,,,,,,,,,,,,,,,,,,,,,,,,,,,55.00,,,,,,,false,true,12,2020-04-01,2021-03-31,0
,74830,2021-03-31,,,,,,,,,,,,,,,,,,,,,,,,,,,,,,25.00,,,,,,,false,false,12,2020-04-01,2021-03-31,0
,74830,2020-03-31,,,,,,,,,,,,,,,,,,,,,,,,,,,,,,50.00,,,,,,,false,false,12,2019-04-01,2020-03-31,-1
2021-05-10,74830,2021-03-31,,101257000000,0.052,,,,,9522000000,0.588,9734000000,0.555,,6588000000,,186.58,,0.092,0.110,0.094,,94028000000,74767000000,0.780,2086.85,73334000000,8855000000,-483000000,1884000000,47870000000,,0.295,,,,,,true,false,12,2020-04-01,2021-03-31,0
2021-05-10,74830,2020-03-31,,96238000000,-0.025,,,,,5995000000,0.078,6260000000,0.032,,4211000000,,114.61,,0.061,0.072,0.062,,82798000000,71032000000,0.843,1921.50,69833000000,8583000000,-538000000,-10647000000,37549000000,,0.436,,,,,,true,false,12,2019-04-01,2020-03-31,-1
2021-05-10,74830,2022-03-31,,49900000000,-0.006,,,,,4400000000,-0.154,4450000000,-0.164,,2950000000,,83.95,,,,,,,,,,,,,,,,,,,,,,true,true,6,2021-04-01,2021-09-30,1
2021-05-10,74830,2022-03-31,,103400000000,0.021,,,,,9000000000,-0.055,9100000000,-0.065,,6100000000,,173.59,,,,,,,,,,,,,,,,0.346,,,,,,true,true,12,2021-04-01,2022-03-31,1
2021-05-10,74830,2021-03-31,,91755000000,0.046,,,,,8071000000,0.569,8225000000,0.385,5674000000,,0.341,160.69,,,,,,86336000000,69126000000,0.801,1967.11,69126000000,,,,,55.00,,,,37375636,2234624,35310450,false,false,12,2020-04-01,2021-03-31,0
2021-05-10,74830,2020-03-31,,87712000000,-0.031,,,,,5143000000,0.055,5939000000,0.122,4230000000,,0.170,115.12,,,,,,76464000000,66648000000,0.872,1833.85,66648000000,,,,,50.00,,,,37375636,1032274,36747960,false,false,12,2019-04-01,2020-03-31,-1
2021-05-10,74830,2022-03-31,,45400000000,0.009,,,,,,,3800000000,-0.136,2600000000,,-0.144,73.99,,,,,,,,,,,,,,,,,,,,,,false,true,6,2021-04-01,2021-09-30,1
2021-05-10,74830,2022-03-31,,94000000000,0.024,,,,,,,7700000000,-0.064,5350000000,,-0.057,152.24,,,,,,,,,,,,,,,60.00,,,,,,,false,true,12,2021-04-01,2022-03-31,1
2021-07-30,74830,2022-03-31,1,25427000000,-0.028,,,,,2480000000,-0.246,2640000000,-0.205,,1775000000,,50.52,,,,,,92524000000,75043000000,0.798,2100.89,73827000000,,,,,,,,,,,,true,false,3,2021-04-01,2021-06-30,0
2021-07-30,74830,2021-03-31,1,26149000000,0.056,,,,,3289000000,0.633,3320000000,0.615,,2258000000,,63.27,,,,,,,,,,,,,,,,,,,,,,true,false,3,2020-04-01,2020-06-30,-1
2021-07-30,74830,2022-03-31,1,49900000000,-0.006,,,,,4400000000,-0.154,4450000000,-0.164,,2950000000,,83.95,,,,,,,,,,,,,,,,,,,,,,true,true,6,2021-04-01,2021-09-30,0
2021-07-30,74830,2022-03-31,1,103400000000,0.021,,,,,9000000000,-0.055,9100000000,-0.065,,6100000000,,173.59,,,,,,,,,,,,,,,,,,,,,,true,true,12,2021-04-01,2022-03-31,0
2021-07-30,74830,2021-03-31,1,,,,,,,,,,,,,,,,,,,,94028000000,74767000000,0.780,2086.85,73334000000,,,,,,,,,,,,true,false,12,2020-04-01,2021-03-31,-1
2021-07-30,74830,2021-03-31,1,,,,,,,,,,,,,,,,,,,,,,,,,,,,,55.00,,,,37375636,2234624,,false,false,12,2020-04-01,2021-03-31,-1
2021-07-30,74830,2022-03-31,1,,,,,,,,,,,,,,,,,,,,,,,,,,,,,60.00,,,,,,,false,true,12,2021-04-01,2022-03-31,0
2021-07-30,74830,2022-03-31,1,,,,,,,,,,,,,,,,,,,,,,,,,,,,,,,,,37375636,2234624,35141012,false,false,3,2021-04-01,2021-06-30,0
2021-07-30,74830,2021-03-31,1,,,,,,,,,,,,,,,,,,,,,,,,,,,,,,,,,,,35691637,false,false,3,2020-04-01,2020-06-30,-1
2021-10-29,74830,2022-03-31,2,49046000000,-0.023,,,,,3953000000,-0.240,4155000000,-0.219,,2791000000,,79.45,,,,,,93941000000,75990000000,0.796,2126.63,74731000000,,,,,,,,,,,,true,false,6,2021-04-01,2021-09-30,0
2021-10-29,74830,2021-03-31,2,50189000000,0.039,,,,,5203000000,0.665,5322000000,0.686,,3586000000,,101.16,,,,,,,,,,,,,,,,,,,,,,true,false,6,2020-04-01,2020-09-30,-1
2021-10-29,74830,2022-03-31,2,103400000000,0.021,,,,,9000000000,-0.055,9100000000,-0.065,,6100000000,,173.59,,,,,,,,,,,,,,,,,,,,,,true,true,12,2021-04-01,2022-03-31,0
2021-10-29,74830,2021-03-31,2,,,,,,,,,,,,,,,,,,,,94028000000,74767000000,0.780,2086.85,73334000000,,,,,,,,,,,,true,false,12,2020-04-01,2021-03-31,-1
2021-10-29,74830,2021-03-31,2,,,,,,,,,,,,,,,,,,,,,,,,,,,,,55.00,,,,37375636,2234624,,false,false,12,2020-04-01,2021-03-31,-1
2021-10-29,74830,2022-03-31,2,,,,,,,,,,,,,,,,,,,,,,,,,,,,,30.00,,,,,,,false,false,12,2021-04-01,2022-03-31,0
2021-10-29,74830,2022-03-31,2,,,,,,,,,,,,,,,,,,,,,,,,,,,,,60.00,,,,,,,false,true,12,2021-04-01,2022-03-31,0
2021-10-29,74830,2022-03-31,2,,,,,,,,,,,,,,,,,,,,,,,,,,,,,,,,,37375636,2234624,35141012,false,false,6,2021-04-01,2021-09-30,0
2021-10-29,74830,2021-03-31,2,,,,,,,,,,,,,,,,,,,,,,,,,,,,,,,,,,,35455676,false,false,6,2020-04-01,2020-09-30,-1
2022-01-31,7483,2022-03-31,3,80401000000,-0.014,,,,,6661000000,-0.235,6950000000,-0.219,,4692000000,,133.61,,,,,,95410000000,76608000000,0.789,2152.29,75278000000,,,,,,,,,,,,true,false,9,2021-04-01,2021-12-31,0
2022-01-31,7483,2021-03-31,3,81571000000,0.043,,,,,8704000000,0.546,8894000000,0.551,,6030000000,,170.55,,,,,,,,,,,,,,,,,,,,,,true,false,9,2020-04-01,2020-12-31,-1
2022-01-31,7483,2022-03-31,3,103400000000,0.021,,,,,9000000000,-0.055,9100000000,-0.065,,6100000000,,173.59,,,,,,,,,,,,,,,,,,,,,,true,true,12,2021-04-01,2022-03-31,0
2022-01-31,7483,2021-03-31,3,,,,,,,,,,,,,,,,,,,,94028000000,74767000000,0.780,2086.85,73334000000,,,,,,,,,,,,true,false,12,2020-04-01,2021-03-31,-1
2022-01-31,7483,2021-03-31,3,,,,,,,,,,,,,,,,,,,,,,,,,,,,,55.00,,,,37375636,2234624,,false,false,12,2020-04-01,2021-03-31,-1
2022-01-31,7483,2022-03-31,3,,,,,,,,,,,,,,,,,,,,,,,,,,,,,30.00,,,,,,,false,false,12,2021-04-01,2022-03-31,0
2022-01-31,7483,2022-03-31,3,,,,,,,,,,,,,,,,,,,,,,,,,,,,,60.00,,,,,,,false,true,12,2021-04-01,2022-03-31,0
2022-01-31,7483,2022-03-31,3,,,,,,,,,,,,,,,,,,,,,,,,,,,,,,,,,37375636,2399624,35120762,false,false,9,2021-04-01,2021-12-31,0
2022-01-31,7483,2021-03-31,3,,,,,,,,,,,,,,,,,,,,,,,,,,,,,,,,,,,35361282,false,false,9,2020-04-01,2020-12-31,-1
2022-05-09,7483,2022-03-31,,101027000000,-0.002,,,,,7109000000,-0.253,7598000000,-0.219,,5132000000,,146.55,,0.069,0.081,0.070,,94371000000,76712000000,0.798,2177.99,75285000000,5007000000,-1032000000,-3424000000,48581000000,,0.409,,,,,,true,false,12,2021-04-01,2022-03-31,0
2022-05-09,7483,2021-03-31,,101257000000,0.052,,,,,9522000000,0.588,9734000000,0.555,,6588000000,,186.58,,0.092,0.110,0.094,,94028000000,74767000000,0.780,2086.85,73334000000,8855000000,-483000000,1884000000,47870000000,,0.295,,,,,,true,false,12,2020-04-01,2021-03-31,-1
2022-05-09,7483,2023-03-31,,51600000000,0.052,,,,,3950000000,-0.001,4000000000,-0.037,,2700000000,,78.76,,,,,,,,,,,,,,,,,,,,,,true,true,6,2022-04-01,2022-09-30,1
2022-05-09,7483,2023-03-31,,108000000000,0.069,,,,,8300000000,0.167,8400000000,0.106,,5600000000,,163.67,,,,,,,,,,,,,,,,0.367,,,,,,true,true,12,2022-04-01,2023-03-31,1
2022-05-09,7483,2022-03-31,,91191000000,-0.006,,,,,6382000000,-0.209,6972000000,-0.152,4906000000,,-0.135,140.09,,,,,,86884000000,70730000000,0.814,2046.20,70730000000,,,,,60.00,,,,37375636,2809024,35023281,false,false,12,2021-04-01,2022-03-31,0
2022-05-09,7483,2021-03-31,,91755000000,0.046,,,,,8071000000,0.569,8225000000,0.385,5674000000,,0.341,160.69,,,,,,86336000000,69126000000,0.801,1967.11,69126000000,,,,,55.00,,,,37375636,2234624,35310450,false,false,12,2020-04-01,2021-03-31,-1
2022-05-09,7483,2023-03-31,,46600000000,0.048,,,,,,,3450000000,-0.113,2400000000,,-0.133,70.01,,,,,,,,,,,,,,,,,,,,,,false,true,6,2022-04-01,2022-09-30,1
2022-05-09,7483,2023-03-31,,97100000000,0.065,,,,,,,7200000000,0.033,5000000000,,0.019,146.13,,,,,,,,,,,,,,,60.00,,,,,,,false,true,12,2022-04-01,2023-03-31,1
2022-07-29,7483,2023-03-31,1,26655000000,0.048,,,,,2212000000,-0.108,2363000000,-0.105,,1590000000,,46.30,,,,,,95481000000,77147000000,0.791,2212.97,75553000000,,,,,,,,,,,,true,false,3,2022-04-01,2022-06-30,0
2022-07-29,7483,2022-03-31,1,25427000000,-0.028,,,,,2480000000,-0.246,2640000000,-0.205,,1775000000,,50.52,,,,,,,,,,,,,,,,,,,,,,true,false,3,2021-04-01,2021-06-30,-1
2022-07-29,7483,2023-03-31,1,51600000000,0.052,,,,,3950000000,-0.001,4000000000,-0.037,,2700000000,,78.76,,,,,,,,,,,,,,,,,,,,,,true,true,6,2022-04-01,2022-09-30,0
2022-07-29,7483,2023-03-31,1,108000000000,0.069,,,,,8300000000,0.167,8400000000,0.106,,5600000000,,163.67,,,,,,,,,,,,,,,,,,,,,,true,true,12,2022-04-01,2023-03-31,0
2022-07-29,7483,2022-03-31,1,,,,,,,,,,,,,,,,,,,,94371000000,76712000000,0.798,2177.99,75285000000,,,,,,,,,,,,true,false,12,2021-04-01,2022-03-31,-1
2022-07-29,7483,2022-03-31,1,,,,,,,,,,,,,,,,,,,,,,,,,,,,,60.00,,,,37375636,2809024,,false,false,12,2021-04-01,2022-03-31,-1
2022-07-29,7483,2023-03-31,1,,,,,,,,,,,,,,,,,,,,,,,,,,,,,60.00,,,,,,,false,true,12,2022-04-01,2023-03-31,0
2022-07-29,7483,2023-03-31,1,,,,,,,,,,,,,,,,,,,,,,,,,,,,,,,,,37375636,3234624,34348112,false,false,3,2022-04-01,2022-06-30,0
2022-07-29,7483,2022-03-31,1,,,,,,,,,,,,,,,,,,,,,,,,,,,,,,,,,,,35141012,false,false,3,2021-04-01,2021-06-30,-1
2022-10-31,7483,2023-03-31,2,52404000000,0.068,,,,,3839000000,-0.029,3954000000,-0.048,,2641000000,,77.10,,,,,,97113000000,78688000000,0.793,2255.11,76991000000,,,,,,,,,,,,true,false,6,2022-04-01,2022-09-30,0
2022-10-31,7483,2022-03-31,2,49046000000,-0.023,,,,,3953000000,-0.240,4155000000,-0.219,,2791000000,,79.45,,,,,,,,,,,,,,,,,,,,,,true,false,6,2021-04-01,2021-09-30,-1
2022-10-31,7483,2023-03-31,2,108000000000,0.069,,,,,8300000000,0.167,8400000000,0.106,,5600000000,,163.67,,,,,,,,,,,,,,,,,,,,,,true,true,12,2022-04-01,2023-03-31,0
2022-10-31,7483,2022-03-31,2,,,,,,,,,,,,,,,,,,,,94371000000,76712000000,0.798,2177.99,75285000000,,,,,,,,,,,,true,false,12,2021-04-01,2022-03-31,-1
2022-10-31,7483,2022-03-31,2,,,,,,,,,,,,,,,,,,,,,,,,,,,,,60.00,,,,37375636,2809024,,false,false,12,2021-04-01,2022-03-31,-1
2022-10-31,7483,2023-03-31,2,,,,,,,,,,,,,,,,,,,,,,,,,,,,,30.00,,,,,,,false,false,12,2022-04-01,2023-03-31,0
2022-10-31,7483,2023-03-31,2,,,,,,,,,,,,,,,,,,,,,,,,,,,,,60.00,,,,,,,false,true,12,2022-04-01,2023-03-31,0
2022-10-31,7483,2023-03-31,2,,,,,,,,,,,,,,,,,,,,,,,,,,,,,,,,,37375636,3234624,34259354,false,false,6,2022-04-01,2022-09-30,0
2022-10-31,7483,2022-03-31,2,,,,,,,,,,,,,,,,,,,,,,,,,,,,,,,,,,,35141012,false,false,6,2021-04-01,2021-09-30,-1
2023-01-31,7483,2023-03-31,3,84737000000,0.054,,,,,7254000000,0.089,7405000000,0.065,,4991000000,,145.85,,,,,,98900000000,78685000000,0.779,2255.98,77021000000,,,,,,,,,,,,true,false,9,2022-04-01,2022-12-31,0
2023-01-31,7483,2022-03-31,3,80401000000,-0.014,,,,,6661000000,-0.235,6950000000,-0.219,,4692000000,,133.61,,,,,,,,,,,,,,,,,,,,,,true,false,9,2021-04-01,2021-12-31,-1
2023-01-31,7483,2023-03-31,3,108000000000,0.069,,,,,8300000000,0.167,8400000000,0.106,,5600000000,,163.67,,,,,,,,,,,,,,,,,,,,,,true,true,12,2022-04-01,2023-03-31,0
2023-01-31,7483,2022-03-31,3,,,,,,,,,,,,,,,,,,,,94371000000,76712000000,0.798,2177.99,75285000000,,,,,,,,,,,,true,false,12,2021-04-01,2022-03-31,-1
2023-01-31,7483,2022-03-31,3,,,,,,,,,,,,,,,,,,,,,,,,,,,,,60.00,,,,37375636,2809024,,false,false,12,2021-04-01,2022-03-31,-1
2023-01-31,7483,2023-03-31,3,,,,,,,,,,,,,,,,,,,,,,,,,,,,,30.00,,,,,,,false,false,12,2022-04-01,2023-03-31,0
2023-01-31,7483,2023-03-31,3,,,,,,,,,,,,,,,,,,,,,,,,,,,,,60.00,,,,,,,false,true,12,2022-04-01,2023-03-31,0
2023-01-31,7483,2023-03-31,3,,,,,,,,,,,,,,,,,,,,,,,,,,,,,,,,,37375636,3234624,34223852,false,false,9,2022-04-01,2022-12-31,0
2023-01-31,7483,2022-03-31,3,,,,,,,,,,,,,,,,,,,,,,,,,,,,,,,,,,,35120762,false,false,9,2021-04-01,2021-12-31,-1
2023-05-10,7483,2023-03-31,,105709000000,0.046,,,,,8052000000,0.133,8342000000,0.098,,5621000000,,164.34,,0.073,0.087,0.076,,98188000000,79704000000,0.794,2283.42,77958000000,7121000000,-304000000,-2860000000,52639000000,,0.396,,,,,,true,false,12,2022-04-01,2023-03-31,0
2023-05-10,7483,2022-03-31,,101027000000,-0.002,,,,,7109000000,-0.253,7598000000,-0.219,,5132000000,,146.55,,0.069,0.081,0.070,,94371000000,76712000000,0.798,2177.99,75285000000,5007000000,-1032000000,-3424000000,48581000000,,0.409,,,,,,true,false,12,2021-04-01,2022-03-31,-1
2023-05-10,7483,2024-03-31,,53500000000,0.021,,,,,4080000000,0.063,4080000000,0.032,,2750000000,,80.55,,,,,,,,,,,,,,,,,,,,,,true,true,6,2023-04-01,2023-09-30,1
2023-05-10,7483,2024-03-31,,111000000000,0.050,,,,,9000000000,0.118,9000000000,0.079,,6100000000,,178.67,,,,,,,,,,,,,,,,0.392,,,,,,true,true,12,2023-04-01,2024-03-31,1
2023-05-10,7483,2023-03-31,,96149000000,0.054,,,,,7064000000,0.107,8008000000,0.149,5709000000,,0.164,166.92,,,,,,90390000000,73673000000,0.814,2153.95,73537000000,,,,,65.00,,,,37375636,3234655,34204732,false,false,12,2022-04-01,2023-03-31,0
2023-05-10,7483,2022-03-31,,91191000000,-0.006,,,,,6382000000,-0.209,6972000000,-0.152,4906000000,,-0.135,140.09,,,,,,86884000000,70730000000,0.814,2046.20,70730000000,,,,,60.00,,,,37375636,2809024,35023281,false,false,12,2021-04-01,2022-03-31,-1
2023-05-10,7483,2024-03-31,,49000000000,0.037,,,,,,,3580000000,-0.146,2500000000,,-0.190,73.23,,,,,,,,,,,,,,,,,,,,,,false,true,6,2023-04-01,2023-09-30,1
2023-05-10,7483,2024-03-31,,102000000000,0.061,,,,,,,7900000000,-0.014,5500000000,,-0.037,161.10,,,,,,,,,,,,,,,70.00,,,,,,,false,true,12,2023-04-01,2024-03-31,1
2023-07-31,7483,2024-03-31,1,26362000000,-0.011,,,,,2517000000,0.138,2596000000,0.099,,1738000000,,50.93,50.43,,,,,99167000000,81204000000,0.802,2328.54,79498000000,,,,,,,,,,,,true,false,3,2023-04-01,2023-06-30,0
2023-07-31,7483,2023-03-31,1,26655000000,0.048,,,,,2212000000,-0.108,2363000000,-0.105,,1590000000,,46.30,,,,,,,,,,,,,,,,,,,,,,true,false,3,2022-04-01,2022-06-30,-1
2023-07-31,7483,2024-03-31,1,53500000000,0.021,,,,,4080000000,0.063,4080000000,0.032,,2750000000,,80.55,,,,,,,,,,,,,,,,,,,,,,true,true,6,2023-04-01,2023-09-30,0
2023-07-31,7483,2024-03-31,1,111000000000,0.050,,,,,9000000000,0.118,9000000000,0.079,,6100000000,,178.67,,,,,,,,,,,,,,,,,,,,,,true,true,12,2023-04-01,2024-03-31,0
2023-07-31,7483,2023-03-31,1,,,,,,,,,,,,,,,,,,,,98188000000,79704000000,0.794,2283.42,77958000000,,,,,,,,,,,,true,false,12,2022-04-01,2023-03-31,-1
2023-07-31,7483,2023-03-31,1,,,,,,,,,,,,,,,,,,,,,,,,,,,,,65.00,,,,37375636,3234655,,false,false,12,2022-04-01,2023-03-31,-1
2023-07-31,7483,2024-03-31,1,,,,,,,,,,,,,,,,,,,,,,,,,,,,,70.00,,,,,,,false,true,12,2023-04-01,2024-03-31,0
2023-07-31,7483,2024-03-31,1,,,,,,,,,,,,,,,,,,,,,,,,,,,,,,,,,37375636,3234699,34140959,false,false,3,2023-04-01,2023-06-30,0
2023-07-31,7483,2023-03-31,1,,,,,,,,,,,,,,,,,,,,,,,,,,,,,,,,,,,34348112,false,false,3,2022-04-01,2022-06-30,-1
2023-10-31,7483,2024-03-31,2,51860000000,-0.010,,,,,4266000000,0.111,4384000000,0.109,,2931000000,,85.86,84.82,,,,,101616000000,82639000000,0.795,2366.67,80800000000,,,,,,,,,,,,true,false,6,2023-04-01,2023-09-30,0
2023-10-31,7483,2023-03-31,2,52404000000,0.068,,,,,3839000000,-0.029,3954000000,-0.048,,2641000000,,77.10,,,,,,,,,,,,,,,,,,,,,,true,false,6,2022-04-01,2022-09-30,-1
2023-10-31,7483,2024-03-31,2,111000000000,0.050,,,,,9000000000,0.118,9000000000,0.079,,6100000000,,178.67,,,,,,,,,,,,,,,,,,,,,,true,true,12,2023-04-01,2024-03-31,0
2023-10-31,7483,2023-03-31,2,,,,,,,,,,,,,,,,,,,,98188000000,79704000000,0.794,2283.42,77958000000,,,,,,,,,,,,true,false,12,2022-04-01,2023-03-31,-1
2023-10-31,7483,2023-03-31,2,,,,,,,,,,,,,,,,,,,,,,,,,,,,,65.00,,,,37375636,3234655,,false,false,12,2022-04-01,2023-03-31,-1
2023-10-31,7483,2024-03-31,2,,,,,,,,,,,,,,,,,,,,,,,,,,,,,35.00,,,,,,,false,false,12,2023-04-01,2024-03-31,0
2023-10-31,7483,2024-03-31,2,,,,,,,,,,,,,,,,,,,,,,,,,,,,,70.00,,,,,,,false,true,12,2023-04-01,2024-03-31,0
2023-10-31,7483,2024-03-31,2,,,,,,,,,,,,,,,,,,,,,,,,,,,,,,,,,37375636,3234699,34140949,false,false,6,2023-04-01,2023-09-30,0
2023-10-31,7483,2023-03-31,2,,,,,,,,,,,,,,,,,,,,,,,,,,,,,,,,,,,34259354,false,false,6,2022-04-01,2022-09-30,-1
2024-01-31,7483,2024-03-31,3,84707000000,-0.000,,,,,7202000000,-0.007,7385000000,-0.003,,4970000000,,145.59,143.82,,,,,102404000000,82882000000,0.791,2372.78,81008000000,,,,,,,,,,,,true,false,9,2023-04-01,2023-12-31,0
2024-01-31,7483,2023-03-31,3,84737000000,0.054,,,,,7254000000,0.089,7405000000,0.065,,4991000000,,145.85,,,,,,,,,,,,,,,,,,,,,,true,false,9,2022-04-01,2022-12-31,-1
2024-01-31,7483,2024-03-31,3,111000000000,0.050,,,,,9000000000,0.118,9000000000,0.079,,6100000000,,178.67,,,,,,,,,,,,,,,,,,,,,,true,true,12,2023-04-01,2024-03-31,0
2024-01-31,7483,2023-03-31,3,,,,,,,,,,,,,,,,,,,,98188000000,79704000000,0.794,2283.42,77958000000,,,,,,,,,,,,true,false,12,2022-04-01,2023-03-31,-1
2024-01-31,7483,2023-03-31,3,,,,,,,,,,,,,,,,,,,,,,,,,,,,,65.00,,,,37375636,3234655,,false,false,12,2022-04-01,2023-03-31,-1
2024-01-31,7483,2024-03-31,3,,,,,,,,,,,,,,,,,,,,,,,,,,,,,35.00,,,,,,,false,false,12,2023-04-01,2024-03-31,0
2024-01-31,7483,2024-03-31,3,,,,,,,,,,,,,,,,,,,,,,,,,,,,,70.00,,,,,,,false,true,12,2023-04-01,2024-03-31,0
2024-01-31,7483,2024-03-31,3,,,,,,,,,,,,,,,,,,,,,,,,,,,,,,,,,37375636,3234699,34140945,false,false,9,2023-04-01,2023-12-31,0
2024-01-31,7483,2023-03-31,3,,,,,,,,,,,,,,,,,,,,,,,,,,,,,,,,,,,34223852,false,false,9,2022-04-01,2022-12-31,-1
2024-05-09,7483,2024-03-31,,105824000000,0.001,,,,,7926000000,-0.016,8412000000,0.008,,5784000000,,169.42,167.31,0.072,0.084,0.075,,102701000000,84284000000,0.801,2410.12,82283000000,5377000000,-1309000000,-2726000000,54187000000,,0.443,,,,,,true,false,12,2023-04-01,2024-03-31,0
2024-05-09,7483,2023-03-31,,105709000000,0.046,,,,,8052000000,0.133,8342000000,0.098,,5621000000,,164.34,,0.073,0.087,0.076,,98188000000,79704000000,0.794,2283.42,77958000000,7121000000,-304000000,-2860000000,52639000000,,0.396,,,,,,true,false,12,2022-04-01,2023-03-31,-1
2024-05-09,7483,2025-03-31,,54100000000,0.043,,,,,4450000000,0.043,4500000000,0.026,,2950000000,,86.41,,,,,,,,,,,,,,,,,,,,,,true,true,6,2024-04-01,2024-09-30,1
2024-05-09,7483,2025-03-31,,110000000000,0.039,,,,,9000000000,0.135,9100000000,0.082,,6000000000,,175.74,,,,,,,,,,,,,,,,0.455,,,,,,true,true,12,2024-04-01,2025-03-31,1
2024-05-09,7483,2024-03-31,,96235000000,0.001,,,,,6808000000,-0.036,7361000000,-0.081,5210000000,,-0.087,152.61,150.71,,,,,93968000000,77279000000,0.819,2254.48,76970000000,,,,,75.00,,,,37375636,3234699,34140944,false,false,12,2023-04-01,2024-03-31,0
2024-05-09,7483,2023-03-31,,96149000000,0.054,,,,,7064000000,0.107,8008000000,0.149,5709000000,,0.164,166.92,,,,,,90390000000,73673000000,0.814,2153.95,73537000000,,,,,65.00,,,,37375636,3234655,34204732,false,false,12,2022-04-01,2023-03-31,-1
2024-05-09,7483,2025-03-31,,49700000000,0.053,,,,,,,3850000000,-0.015,2650000000,,-0.028,77.62,,,,,,,,,,,,,,,,,,,,,,false,true,6,2024-04-01,2024-09-30,1
2024-05-09,7483,2025-03-31,,101000000000,0.050,,,,,,,7800000000,0.059,5350000000,,0.027,156.70,,,,,,,,,,,,,,,80.00,,,,,,,false,true,12,2024-04-01,2025-03-31,1
2024-07-31,7483,2025-03-31,1,27869000000,0.057,,,,,2416000000,-0.040,2516000000,-0.031,,1678000000,,49.15,48.48,,,,,98781000000,84951000000,0.838,2424.50,82774000000,,,,,,,,,,,,true,false,3,2024-04-01,2024-06-30,0
2024-07-31,7483,2024-03-31,1,26362000000,-0.011,,,,,2517000000,0.138,2596000000,0.099,,1738000000,,50.93,50.43,,,,,,,,,,,,,,,,,,,,,true,false,3,2023-04-01,2023-06-30,-1
2024-07-31,7483,2025-03-31,1,54100000000,0.043,,,,,4450000000,0.043,4500000000,0.026,,2950000000,,86.41,,,,,,,,,,,,,,,,,,,,,,true,true,6,2024-04-01,2024-09-30,0
2024-07-31,7483,2025-03-31,1,110000000000,0.039,,,,,9000000000,0.135,9100000000,0.082,,6000000000,,175.74,,,,,,,,,,,,,,,,,,,,,,true,true,12,2024-04-01,2025-03-31,0
2024-07-31,7483,2024-03-31,1,,,,,,,,,,,,,,,,,,,,102701000000,84284000000,0.801,2410.12,82283000000,,,,,,,,,,,,true,false,12,2023-04-01,2024-03-31,-1
2024-07-31,7483,2024-03-31,1,,,,,,,,,,,,,,,,,,,,,,,,,,,,,75.00,,,,37375636,3234699,,false,false,12,2023-04-01,2024-03-31,-1
2024-07-31,7483,2025-03-31,1,,,,,,,,,,,,,,,,,,,,,,,,,,,,,80.00,,,,,,,false,true,12,2024-04-01,2025-03-31,0
2024-07-31,7483,2025-03-31,1,,,,,,,,,,,,,,,,,,,,,,,,,,,,,,,,,37375636,3234699,34140937,false,false,3,2024-04-01,2024-06-30,0
2024-07-31,7483,2024-03-31,1,,,,,,,,,,,,,,,,,,,,,,,,,,,,,,,,,,,34140959,false,false,3,2023-04-01,2023-06-30,-1
2024-10-31,7483,2025-03-31,2,54508000000,0.051,,,,,4182000000,-0.020,4322000000,-0.014,,2884000000,,84.01,83.08,,,,,99414000000,86193000000,0.847,2424.07,84249000000,,,,,,,,,,,,true,false,6,2024-04-01,2024-09-30,0
2024-10-31,7483,2024-03-31,2,51860000000,-0.010,,,,,4266000000,0.111,4384000000,0.109,,2931000000,,85.86,84.82,,,,,,,,,,,,,,,,,,,,,true,false,6,2023-04-01,2023-09-30,-1
2024-10-31,7483,2025-03-31,2,110000000000,0.039,,,,,9000000000,0.135,9100000000,0.082,,6000000000,,175.74,,,,,,,,,,,,,,,,,,,,,,true,true,12,2024-04-01,2025-03-31,0
2024-10-31,7483,2024-03-31,2,,,,,,,,,,,,,,,,,,,,102701000000,84284000000,0.801,2410.12,82283000000,,,,,,,,,,,,true,false,12,2023-04-01,2024-03-31,-1
2024-10-31,7483,2024-03-31,2,,,,,,,,,,,,,,,,,,,,,,,,,,,,,75.00,,,,37375636,3234699,,false,false,12,2023-04-01,2024-03-31,-1
2024-10-31,7483,2025-03-31,2,,,,,,,,,,,,,,,,,,,,,,,,,,,,,40.00,,,,,,,false,false,12,2024-04-01,2025-03-31,0
2024-10-31,7483,2025-03-31,2,,,,,,,,,,,,,,,,,,,,,,,,,,,,,80.00,,,,,,,false,true,12,2024-04-01,2025-03-31,0
2024-10-31,7483,2025-03-31,2,,,,,,,,,,,,,,,,,,,,,,,,,,,,,,,,,37375636,2620307,34332806,false,false,6,2024-04-01,2024-09-30,0
2024-10-31,7483,2024-03-31,2,,,,,,,,,,,,,,,,,,,,,,,,,,,,,,,,,,,34140949,false,false,6,2023-04-01,2023-09-30,-1
2025-01-31,7483,2025-03-31,3,89785000000,0.060,,,,,7663000000,0.064,7870000000,0.066,,5324000000,,154.44,152.81,,,,,102622000000,88494000000,0.845,2485.05,86671000000,,,,,,,,,,,,true,false,9,2024-04-01,2024-12-31,0
2025-01-31,7483,2024-03-31,3,84707000000,-0.000,,,,,7202000000,-0.007,7385000000,-0.003,,4970000000,,145.59,143.82,,,,,,,,,,,,,,,,,,,,,true,false,9,2023-04-01,2023-12-31,-1
2025-01-31,7483,2025-03-31,3,110000000000,0.039,,,,,9000000000,0.135,9100000000,0.082,,6000000000,,175.74,,,,,,,,,,,,,,,,,,,,,,true,true,12,2024-04-01,2025-03-31,0
2025-01-31,7483,2024-03-31,3,,,,,,,,,,,,,,,,,,,,102701000000,84284000000,0.801,2410.12,82283000000,,,,,,,,,,,,true,false,12,2023-04-01,2024-03-31,-1
2025-01-31,7483,2024-03-31,3,,,,,,,,,,,,,,,,,,,,,,,,,,,,,75.00,,,,37375636,3234699,,false,false,12,2023-04-01,2024-03-31,-1
2025-01-31,7483,2025-03-31,3,,,,,,,,,,,,,,,,,,,,,,,,,,,,,40.00,,,,,,,false,false,12,2024-04-01,2025-03-31,0
2025-01-31,7483,2025-03-31,3,,,,,,,,,,,,,,,,,,,,,,,,,,,,,85.00,,,,,,,false,true,12,2024-04-01,2025-03-31,0
2025-01-31,7483,2025-03-31,3,,,,,,,,,,,,,,,,,,,,,,,,,,,,,,,,,37375636,2498326,34479511,false,false,9,2024-04-01,2024-12-31,0
2025-01-31,7483,2024-03-31,3,,,,,,,,,,,,,,,,,,,,,,,,,,,,,,,,,,,34140945,false,false,9,2023-04-01,2023-12-31,-1
2025-05-09,7483,2025-03-31,,113939000000,0.077,,,,,8995000000,0.135,9348000000,0.111,,6409000000,,185.25,183.35,0.075,0.091,0.079,,102066000000,89239000000,0.858,2495.53,87541000000,7468000000,-8727000000,-8124000000,44817000000,,0.459,,,,,,true,false,12,2024-04-01,2025-03-31,0
2025-05-09,7483,2024-03-31,,105824000000,0.001,,,,,7926000000,-0.016,8412000000,0.008,,5784000000,,169.42,167.31,0.072,0.084,0.075,,102701000000,84284000000,0.801,2410.12,82283000000,5377000000,-1309000000,-2726000000,54187000000,,0.443,,,,,,true,false,12,2023-04-01,2024-03-31,-1
2025-05-09,7483,2026-03-31,,58300000000,0.070,,,,,4700000000,0.124,4800000000,0.110,,3200000000,,91.22,,,,,,,,,,,,,,,,,,,,,,true,true,6,2025-04-01,2025-09-30,1
2025-05-09,7483,2026-03-31,,120000000000,0.053,,,,,9800000000,0.089,10000000000,0.070,,6700000000,,191.00,,,,,,,,,,,,,,,,0.524,,,,,,true,true,12,2025-04-01,2026-03-31,1
2025-05-09,7483,2025-03-31,,104840000000,0.089,,,,,8026000000,0.179,8583000000,0.166,6010000000,,0.154,173.72,171.94,,,,,93481000000,82001000000,0.875,2332.46,81820000000,,,,,85.00,,,,37375636,2296426,34599564,false,false,12,2024-04-01,2025-03-31,0
2025-05-09,7483,2024-03-31,,96235000000,0.001,,,,,6808000000,-0.036,7361000000,-0.081,5210000000,,-0.087,152.61,150.71,,,,,93968000000,77279000000,0.819,2254.48,76970000000,,,,,75.00,,,,37375636,3234699,34140944,false,false,12,2023-04-01,2024-03-31,-1
2025-05-09,7483,2026-03-31,,53600000000,0.070,,,,,,,4300000000,0.146,2950000000,,0.150,84.10,,,,,,,,,,,,,,,,,,,,,,false,true,6,2025-04-01,2025-09-30,1
2025-05-09,7483,2026-03-31,,110000000000,0.049,,,,,,,9000000000,0.049,6250000000,,0.040,178.17,,,,,,,,,,,,,,,100.00,,,,,,,false,true,12,2025-04-01,2026-03-31,1
