filing_date,code,fiscal_year_end,quarterly_period,net_sales,net_sales_change,revenue,revenue_change,operating_revenue,operating_revenue_change,operating_profit,operating_profit_change,ordinary_profit,ordinary_profit_change,net_income,net_income_of_parent,net_income_change,eps,diluted_eps,roe,roa,operating_profit_to_net_sales,operating_profit_to_revenue,total_assets,net_assets,equity_ratio,bps,owner_equity,operating_cash_flow,investing_cash_flow,financing_cash_flow,cash,dividend_per_share,payout_ratio,commemorative_dividend,extra_dividend,number_of_shares,number_of_treqsury_shares,avg_number_of_shares,is_consolidated,is_forecast,duration,period_start,period_end,period_pos
2015-05-11,75080,2015-03-31,,88261000000,0.001,,,,,2306000000,-0.205,2512000000,-0.200,1272000000,,-0.174,104.59,,0.106,0.078,0.026,,32339000000,12404000000,0.384,1019.17,12404000000,1830000000,-1288000000,-799000000,6952000000,,0.287,,,,,,true,false,12,2014-04-01,2015-03-31,0
2015-05-11,75080,2014-03-31,,88178000000,0.067,,,,,2900000000,0.106,3139000000,0.070,1541000000,,0.146,126.66,,0.139,0.101,0.033,,32057000000,11599000000,0.362,953.05,11599000000,3546000000,-2096000000,-619000000,7183000000,,0.308,,,,,,true,false,12,2013-04-01,2014-03-31,-1
2015-05-11,75080,2016-03-31,,100000000000,0.133,,,,,3700000000,0.604,4000000000,0.592,,2100000000,,172.54,,,,,,,,,,,,,,,,0.197,,,,,,true,true,12,2015-04-01,2016-03-31,1
2015-05-11,75080,2014-03-31,,,,,,,,,,,,,,,,,,,,,,,,,,,,,,39.00,,,,13336400,1165488,12170920,false,false,12,2013-04-01,2014-03-31,-1
2015-05-11,75080,2015-03-31,,,,,,,,,,,,,,,,,,,,,,,,,,,,,,30.00,,,,13336400,1165488,12170912,false,false,12,2014-04-01,2015-03-31,0
2015-05-11,75080,2016-03-31,,,,,,,,,,,,,,,,,,,,,,,,,,,,,,34.00,,,,,,,false,true,12,2015-04-01,2016-03-31,1
2015-08-03,75080,2016-03-31,1,23333000000,0.151,,,,,610000000,1.843,655000000,1.628,,603000000,,49.62,,,,,,34377000000,13155000000,0.373,,12813000000,,,,,,,,,,,,true,false,3,2015-04-01,2015-06-30,0
2015-08-03,75080,2015-03-31,1,20276000000,-0.006,,,,,214000000,-0.635,249000000,-0.614,,117000000,,9.68,,,,,,,,,,,,,,,,,,,,,,true,false,3,2014-04-01,2014-06-30,-1
2015-08-03,75080,2016-03-31,1,100000000000,0.133,,,,,3700000000,0.604,4000000000,0.592,,2100000000,,172.54,,,,,,,,,,,,,,,,,,,,,,true,true,12,2015-04-01,2016-03-31,0
2015-08-03,75080,2015-03-31,1,,,,,,,,,,,,,,,,,,,,32339000000,12404000000,0.384,,12404000000,,,,,,,,,,,,true,false,12,2014-04-01,2015-03-31,-1
2015-08-03,75080,2015-03-31,1,,,,,,,,,,,,,,,,,,,,,,,,,,,,,30.00,,,,13336400,1165488,,false,false,12,2014-04-01,2015-03-31,-1
2015-08-03,75080,2016-03-31,1,,,,,,,,,,,,,,,,,,,,,,,,,,,,,34.00,,,,,,,false,true,12,2015-04-01,2016-03-31,0
2015-08-03,75080,2016-03-31,1,,,,,,,,,,,,,,,,,,,,,,,,,,,,,,,,,13336400,1165566,12170886,false,false,3,2015-04-01,2015-06-30,0
2015-08-03,75080,2015-03-31,1,,,,,,,,,,,,,,,,,,,,,,,,,,,,,,,,,,,12170912,false,false,3,2014-04-01,2014-06-30,-1
2015-11-04,75080,2016-03-31,2,49066000000,0.166,,,,,1243000000,0.928,1211000000,0.504,,841000000,,69.28,,,,,,34249000000,13392000000,0.381,,13038000000,,,,,,,,,,,,true,false,6,2015-04-01,2015-09-30,0
2015-11-04,75080,2015-03-31,2,42092000000,0.018,,,,,645000000,-0.357,805000000,-0.263,,427000000,,35.16,,,,,,,,,,,,,,,,,,,,,,true,false,6,2014-04-01,2014-09-30,-1
2015-11-04,75080,2016-03-31,2,100000000000,0.133,,,,,3700000000,0.604,4000000000,0.592,,2100000000,,172.83,,,,,,,,,,,,,,,,,,,,,,true,true,12,2015-04-01,2016-03-31,0
2015-11-04,75080,2015-03-31,2,,,,,,,,,,,,,,,,,,,,32339000000,12404000000,0.384,,12404000000,,,,,,,,,,,,true,false,12,2014-04-01,2015-03-31,-1
2015-11-04,75080,2015-03-31,2,,,,,,,,,,,,,,,,,,,,,,,,,,,,,30.00,,,,13336400,1165488,,false,false,12,2014-04-01,2015-03-31,-1
2015-11-04,75080,2016-03-31,2,,,,,,,,,,,,,,,,,,,,,,,,,,,,,17.00,,,,,,,false,false,12,2015-04-01,2016-03-31,0
2015-11-04,75080,2016-03-31,2,,,,,,,,,,,,,,,,,,,,,,,,,,,,,34.00,,,,,,,false,true,12,2015-04-01,2016-03-31,0
2015-11-04,75080,2016-03-31,2,,,,,,,,,,,,,,,,,,,,,,,,,,,,,,,,,13336400,1225647,12150819,false,false,6,2015-04-01,2015-09-30,0
2015-11-04,75080,2015-03-31,2,,,,,,,,,,,,,,,,,,,,,,,,,,,,,,,,,,,12170912,false,false,6,2014-04-01,2014-09-30,-1
2016-02-08,75080,2016-03-31,3,77859000000,0.161,,,,,2607000000,0.460,2654000000,0.306,,1685000000,,138.90,,,,,,37880000000,14013000000,0.360,,13635000000,,,,,,,,,,,,true,false,9,2015-04-01,2015-12-31,0
2016-02-08,75080,2015-03-31,3,67049000000,0.021,,,,,1785000000,-0.162,2033000000,-0.124,,1126000000,,92.53,,,,,,,,,,,,,,,,,,,,,,true,false,9,2014-04-01,2014-12-31,-1
2016-02-08,75080,2016-03-31,3,100000000000,0.133,,,,,3700000000,0.604,4000000000,0.592,,2100000000,,173.02,,,,,,,,,,,,,,,,,,,,,,true,true,12,2015-04-01,2016-03-31,0
2016-02-08,75080,2015-03-31,3,,,,,,,,,,,,,,,,,,,,32339000000,12404000000,0.384,,12404000000,,,,,,,,,,,,true,false,12,2014-04-01,2015-03-31,-1
2016-02-08,75080,2015-03-31,3,,,,,,,,,,,,,,,,,,,,,,,,,,,,,30.00,,,,13336400,1165488,,false,false,12,2014-04-01,2015-03-31,-1
2016-02-08,75080,2016-03-31,3,,,,,,,,,,,,,,,,,,,,,,,,,,,,,17.00,,,,,,,false,false,12,2015-04-01,2016-03-31,0
2016-02-08,75080,2016-03-31,3,,,,,,,,,,,,,,,,,,,,,,,,,,,,,34.00,,,,,,,false,true,12,2015-04-01,2016-03-31,0
2016-02-08,75080,2016-03-31,3,,,,,,,,,,,,,,,,,,,,,,,,,,,,,,,,,13336400,1225647,12137464,false,false,9,2015-04-01,2015-12-31,0
2016-02-08,75080,2015-03-31,3,,,,,,,,,,,,,,,,,,,,,,,,,,,,,,,,,,,12170912,false,false,9,2014-04-01,2014-12-31,-1
2016-05-09,75080,2016-03-31,,103895000000,0.177,,,,,3028000000,0.313,3220000000,0.282,,1867000000,,153.95,,0.143,0.094,0.029,,36154000000,14183000000,0.381,1137.86,13780000000,3885000000,-1296000000,-1293000000,8242000000,,0.305,,,,,,true,false,12,2015-04-01,2016-03-31,0
2016-05-09,75080,2015-03-31,,88261000000,0.001,,,,,2306000000,-0.205,2512000000,-0.200,,1272000000,,104.59,,0.106,0.078,0.026,,32339000000,12404000000,0.384,1019.17,12404000000,1830000000,-1288000000,-799000000,6952000000,,0.287,,,,,,true,false,12,2014-04-01,2015-03-31,-1
2016-05-09,75080,2017-03-31,,115000000000,0.107,,,,,3700000000,0.222,4000000000,0.242,,2100000000,,173.40,,,,,,,,,,,,,,,,0.231,,,,,,true,true,12,2016-04-01,2017-03-31,1
2016-05-09,75080,2015-03-31,,,,,,,,,,,,,,,,,,,,,,,,,,,,,,30.00,,,,13336400,1165488,12170912,false,false,12,2014-04-01,2015-03-31,-1
2016-05-09,75080,2016-03-31,,,,,,,,,,,,,,,,,,,,,,,,,,,,,,47.00,,,,13336400,1225647,12130786,false,false,12,2015-04-01,2016-03-31,0
2016-05-09,75080,2017-03-31,,,,,,,,,,,,,,,,,,,,,,,,,,,,,,40.00,,,,,,,false,true,12,2016-04-01,2017-03-31,1
2016-07-29,75080,2017-03-31,1,26124000000,0.120,,,,,648000000,0.063,679000000,0.036,,361000000,,29.87,,,,,,35131000000,14185000000,0.396,,13907000000,,,,,,,,,,,,true,false,3,2016-04-01,2016-06-30,0
2016-07-29,75080,2016-03-31,1,23333000000,0.151,,,,,610000000,1.843,655000000,1.628,,603000000,,49.62,,,,,,,,,,,,,,,,,,,,,,true,false,3,2015-04-01,2015-06-30,-1
2016-07-29,75080,2017-03-31,1,115000000000,0.107,,,,,3700000000,0.222,4000000000,0.242,,2100000000,,173.40,,,,,,,,,,,,,,,,,,,,,,true,true,12,2016-04-01,2017-03-31,0
2016-07-29,75080,2016-03-31,1,,,,,,,,,,,,,,,,,,,,36154000000,14183000000,0.381,,13780000000,,,,,,,,,,,,true,false,12,2015-04-01,2016-03-31,-1
2016-07-29,75080,2016-03-31,1,,,,,,,,,,,,,,,,,,,,,,,,,,,,,47.00,,,,13336400,1225647,,false,false,12,2015-04-01,2016-03-31,-1
2016-07-29,75080,2017-03-31,1,,,,,,,,,,,,,,,,,,,,,,,,,,,,,40.00,,,,,,,false,true,12,2016-04-01,2017-03-31,0
2016-07-29,75080,2017-03-31,1,,,,,,,,,,,,,,,,,,,,,,,,,,,,,,,,,13336400,1225654,12110748,false,false,3,2016-04-01,2016-06-30,0
2016-07-29,75080,2016-03-31,1,,,,,,,,,,,,,,,,,,,,,,,,,,,,,,,,,,,12170886,false,false,3,2015-04-01,2015-06-30,-1
2016-10-31,75080,2017-03-31,2,52964000000,0.079,,,,,1441000000,0.159,1591000000,0.313,,856000000,,70.74,,,,,,35100000000,14668000000,0.410,,14383000000,,,,,,,,,,,,true,false,6,2016-04-01,2016-09-30,0
2016-10-31,75080,2016-03-31,2,49066000000,0.166,,,,,1243000000,0.928,1211000000,0.504,,841000000,,69.28,,,,,,,,,,,,,,,,,,,,,,true,false,6,2015-04-01,2015-09-30,-1
2016-10-31,75080,2017-03-31,2,115000000000,0.107,,,,,3700000000,0.222,4000000000,0.242,,2100000000,,173.40,,,,,,,,,,,,,,,,,,,,,,true,true,12,2016-04-01,2017-03-31,0
2016-10-31,75080,2016-03-31,2,,,,,,,,,,,,,,,,,,,,36154000000,14183000000,0.381,,13780000000,,,,,,,,,,,,true,false,12,2015-04-01,2016-03-31,-1
2016-10-31,75080,2016-03-31,2,,,,,,,,,,,,,,,,,,,,,,,,,,,,,47.00,,,,13336400,1225647,,false,false,12,2015-04-01,2016-03-31,-1
2016-10-31,75080,2017-03-31,2,,,,,,,,,,,,,,,,,,,,,,,,,,,,,20.00,,,,,,,false,false,12,2016-04-01,2017-03-31,0
2016-10-31,75080,2017-03-31,2,,,,,,,,,,,,,,,,,,,,,,,,,,,,,40.00,,,,,,,false,true,12,2016-04-01,2017-03-31,0
2016-10-31,75080,2017-03-31,2,,,,,,,,,,,,,,,,,,,,,,,,,,,,,,,,,13336400,1225654,12110747,false,false,6,2016-04-01,2016-09-30,0
2016-10-31,75080,2016-03-31,2,,,,,,,,,,,,,,,,,,,,,,,,,,,,,,,,,,,12150819,false,false,6,2015-04-01,2015-09-30,-1
2017-01-30,75080,2017-03-31,3,83284000000,0.070,,,,,3079000000,0.181,3175000000,0.196,,1869000000,,154.39,,,,,,41055000000,15416000000,0.368,,15123000000,,,,,,,,,,,,true,false,9,2016-04-01,2016-12-31,0
2017-01-30,75080,2016-03-31,3,77859000000,0.161,,,,,2607000000,0.460,2654000000,0.306,,1685000000,,138.90,,,,,,,,,,,,,,,,,,,,,,true,false,9,2015-04-01,2015-12-31,-1
2017-01-30,75080,2017-03-31,3,115000000000,0.107,,,,,3700000000,0.222,4000000000,0.242,,2100000000,,173.40,,,,,,,,,,,,,,,,,,,,,,true,true,12,2016-04-01,2017-03-31,0
2017-01-30,75080,2016-03-31,3,,,,,,,,,,,,,,,,,,,,36154000000,14183000000,0.381,,13780000000,,,,,,,,,,,,true,false,12,2015-04-01,2016-03-31,-1
2017-01-30,75080,2016-03-31,3,,,,,,,,,,,,,,,,,,,,,,,,,,,,,47.00,,,,13336400,1225647,,false,false,12,2015-04-01,2016-03-31,-1
2017-01-30,75080,2017-03-31,3,,,,,,,,,,,,,,,,,,,,,,,,,,,,,20.00,,,,,,,false,false,12,2016-04-01,2017-03-31,0
2017-01-30,75080,2017-03-31,3,,,,,,,,,,,,,,,,,,,,,,,,,,,,,40.00,,,,,,,false,true,12,2016-04-01,2017-03-31,0
2017-01-30,75080,2017-03-31,3,,,,,,,,,,,,,,,,,,,,,,,,,,,,,,,,,13336400,1225710,12110728,false,false,9,2016-04-01,2016-12-31,0
2017-01-30,75080,2016-03-31,3,,,,,,,,,,,,,,,,,,,,,,,,,,,,,,,,,,,12137464,false,false,9,2015-04-01,2015-12-31,-1
2017-05-08,75080,2017-03-31,,110377000000,0.062,,,,,3897000000,0.287,4062000000,0.261,,2080000000,,171.76,,0.143,0.110,0.035,,37618000000,15658000000,0.408,1267.83,15354000000,3685000000,-1884000000,-638000000,9395000000,,0.309,,,,,,true,false,12,2016-04-01,2017-03-31,0
2017-05-08,75080,2016-03-31,,103895000000,0.177,,,,,3028000000,0.313,3220000000,0.282,,1867000000,,153.95,,0.143,0.094,0.029,,36154000000,14183000000,0.381,1137.86,13780000000,3885000000,-1296000000,-1293000000,8242000000,,0.305,,,,,,true,false,12,2015-04-01,2016-03-31,-1
2017-05-08,75080,2018-03-31,,117700000000,0.066,,,,,4100000000,0.052,4300000000,0.059,,2200000000,,181.66,,,,,,,,,,,,,,,,0.275,,,,,,true,true,12,2017-04-01,2018-03-31,1
2017-05-08,75080,2016-03-31,,,,,,,,,,,,,,,,,,,,,,,,,,,,,,47.00,,,,13336400,1225647,12130786,false,false,12,2015-04-01,2016-03-31,-1
2017-05-08,75080,2017-03-31,,,,,,,,,,,,,,,,,,,,,,,,,,,,,,53.00,,,,13336400,1225710,12110718,false,false,12,2016-04-01,2017-03-31,0
2017-05-08,75080,2018-03-31,,,,,,,,,,,,,,,,,,,,,,,,,,,,,,50.00,,,,,,,false,true,12,2017-04-01,2018-03-31,1
2017-07-31,75080,2018-03-31,1,28324000000,0.084,,,,,852000000,0.315,902000000,0.329,,566000000,,46.77,,,,,,37980000000,15861000000,0.409,,15538000000,,,,,,,,,,,,true,false,3,2017-04-01,2017-06-30,0
2017-07-31,75080,2017-03-31,1,26124000000,0.120,,,,,648000000,0.063,679000000,0.036,,361000000,,29.87,,,,,,,,,,,,,,,,,,,,,,true,false,3,2016-04-01,2016-06-30,-1
2017-07-31,75080,2018-03-31,1,117700000000,0.066,,,,,4100000000,0.052,4300000000,0.059,,2200000000,,181.66,,,,,,,,,,,,,,,,,,,,,,true,true,12,2017-04-01,2018-03-31,0
2017-07-31,75080,2017-03-31,1,,,,,,,,,,,,,,,,,,,,37618000000,15658000000,0.408,,15354000000,,,,,,,,,,,,true,false,12,2016-04-01,2017-03-31,-1
2017-07-31,75080,2017-03-31,1,,,,,,,,,,,,,,,,,,,,,,,,,,,,,53.00,,,,13336400,1225710,,false,false,12,2016-04-01,2017-03-31,-1
2017-07-31,75080,2018-03-31,1,,,,,,,,,,,,,,,,,,,,,,,,,,,,,50.00,,,,,,,false,true,12,2017-04-01,2018-03-31,0
2017-07-31,75080,2018-03-31,1,,,,,,,,,,,,,,,,,,,,,,,,,,,,,,,,,13336400,1225760,12110656,false,false,3,2017-04-01,2017-06-30,0
2017-07-31,75080,2017-03-31,1,,,,,,,,,,,,,,,,,,,,,,,,,,,,,,,,,,,12110748,false,false,3,2016-04-01,2016-06-30,-1
2017-10-31,75080,2018-03-31,2,57160000000,0.079,,,,,1624000000,0.127,1729000000,0.087,,1074000000,,88.76,,,,,,40144000000,16409000000,0.401,,16082000000,,,,,,,,,,,,true,false,6,2017-04-01,2017-09-30,0
2017-10-31,75080,2017-03-31,2,52964000000,0.079,,,,,1441000000,0.159,1591000000,0.313,,856000000,,70.74,,,,,,,,,,,,,,,,,,,,,,true,false,6,2016-04-01,2016-09-30,-1
2017-10-31,75080,2018-03-31,2,117700000000,0.066,,,,,4100000000,0.052,4300000000,0.059,,2200000000,,181.66,,,,,,,,,,,,,,,,,,,,,,true,true,12,2017-04-01,2018-03-31,0
2017-10-31,75080,2017-03-31,2,,,,,,,,,,,,,,,,,,,,37618000000,15658000000,0.408,,15354000000,,,,,,,,,,,,true,false,12,2016-04-01,2017-03-31,-1
2017-10-31,75080,2017-03-31,2,,,,,,,,,,,,,,,,,,,,,,,,,,,,,53.00,,,,13336400,1225710,,false,false,12,2016-04-01,2017-03-31,-1
2017-10-31,75080,2018-03-31,2,,,,,,,,,,,,,,,,,,,,,,,,,,,,,25.00,,,,,,,false,false,12,2017-04-01,2018-03-31,0
2017-10-31,75080,2018-03-31,2,,,,,,,,,,,,,,,,,,,,,,,,,,,,,50.00,,,,,,,false,true,12,2017-04-01,2018-03-31,0
2017-10-31,75080,2018-03-31,2,,,,,,,,,,,,,,,,,,,,,,,,,,,,,,,,,13336400,1225760,12110648,false,false,6,2017-04-01,2017-09-30,0
2017-10-31,75080,2017-03-31,2,,,,,,,,,,,,,,,,,,,,,,,,,,,,,,,,,,,12110747,false,false,6,2016-04-01,2016-09-30,-1
2017-10-31,75080,2018-03-31,2,57160000000,0.079,,,,,1624000000,0.127,1729000000,0.087,,1074000000,,88.76,,,,,,40144000000,16409000000,0.401,,16082000000,,,,,,,,,,,,true,false,6,2017-04-01,2017-09-30,0
2017-10-31,75080,2017-03-31,2,52964000000,0.079,,,,,1441000000,0.159,1591000000,0.313,,856000000,,70.74,,,,,,,,,,,,,,,,,,,,,,true,false,6,2016-04-01,2016-09-30,-1
2017-10-31,75080,2018-03-31,2,117700000000,0.066,,,,,4100000000,0.052,4300000000,0.059,,2200000000,,181.66,,,,,,,,,,,,,,,,,,,,,,true,true,12,2017-04-01,2018-03-31,0
2017-10-31,75080,2017-03-31,2,,,,,,,,,,,,,,,,,,,,37618000000,15658000000,0.408,,15354000000,,,,,,,,,,,,true,false,12,2016-04-01,2017-03-31,-1
2017-10-31,75080,2017-03-31,2,,,,,,,,,,,,,,,,,,,,,,,,,,,,,53.00,,,,13336400,1225710,,false,false,12,2016-04-01,2017-03-31,-1
2017-10-31,75080,2018-03-31,2,,,,,,,,,,,,,,,,,,,,,,,,,,,,,25.00,,,,,,,false,false,12,2017-04-01,2018-03-31,0
2017-10-31,75080,2018-03-31,2,,,,,,,,,,,,,,,,,,,,,,,,,,,,,50.00,,,,,,,false,true,12,2017-04-01,2018-03-31,0
2017-10-31,75080,2018-03-31,2,,,,,,,,,,,,,,,,,,,,,,,,,,,,,,,,,13336400,1225760,12110648,false,false,6,2017-04-01,2017-09-30,0
2017-10-31,75080,2017-03-31,2,,,,,,,,,,,,,,,,,,,,,,,,,,,,,,,,,,,12110747,false,false,6,2016-04-01,2016-09-30,-1
2018-01-31,75080,2018-03-31,3,90476000000,0.086,,,,,3570000000,0.160,3771000000,0.188,,2396000000,,197.92,,,,,,44425000000,17477000000,0.386,,17126000000,,,,,,,,,,,,true,false,9,2017-04-01,2017-12-31,0
2018-01-31,75080,2017-03-31,3,83284000000,0.070,,,,,3079000000,0.181,3175000000,0.196,,1869000000,,154.39,,,,,,,,,,,,,,,,,,,,,,true,false,9,2016-04-01,2016-12-31,-1
2018-01-31,75080,2018-03-31,3,117700000000,0.066,,,,,4100000000,0.052,4300000000,0.059,,2200000000,,181.66,,,,,,,,,,,,,,,,,,,,,,true,true,12,2017-04-01,2018-03-31,0
2018-01-31,75080,2017-03-31,3,,,,,,,,,,,,,,,,,,,,37618000000,15658000000,0.408,,15354000000,,,,,,,,,,,,true,false,12,2016-04-01,2017-03-31,-1
2018-01-31,75080,2017-03-31,3,,,,,,,,,,,,,,,,,,,,,,,,,,,,,53.00,,,,13336400,1225710,,false,false,12,2016-04-01,2017-03-31,-1
2018-01-31,75080,2018-03-31,3,,,,,,,,,,,,,,,,,,,,,,,,,,,,,25.00,,,,,,,false,false,12,2017-04-01,2018-03-31,0
2018-01-31,75080,2018-03-31,3,,,,,,,,,,,,,,,,,,,,,,,,,,,,,50.00,,,,,,,false,true,12,2017-04-01,2018-03-31,0
2018-01-31,75080,2018-03-31,3,,,,,,,,,,,,,,,,,,,,,,,,,,,,,,,,,13336400,1225760,12110645,false,false,9,2017-04-01,2017-12-31,0
2018-01-31,75080,2017-03-31,3,,,,,,,,,,,,,,,,,,,,,,,,,,,,,,,,,,,12110728,false,false,9,2016-04-01,2016-12-31,-1
2018-05-14,75080,2018-03-31,,119816000000,0.086,,,,,4324000000,0.110,4568000000,0.125,,2648000000,,218.73,,0.162,0.115,0.036,,41594000000,17732000000,0.417,1433.92,17365000000,5204000000,-1678000000,-1638000000,11279000000,,0.302,,,,,,true,false,12,2017-04-01,2018-03-31,0
2018-05-14,75080,2017-03-31,,110377000000,0.062,,,,,3897000000,0.287,4062000000,0.261,,2080000000,,171.76,,0.143,0.110,0.035,,37618000000,15658000000,0.408,1267.83,15354000000,3685000000,-1884000000,-638000000,9395000000,,0.309,,,,,,true,false,12,2016-04-01,2017-03-31,-1
2018-05-14,75080,2019-03-31,,130000000000,0.085,,,,,5000000000,0.156,5500000000,0.204,,2800000000,,231.20,,,,,,,,,,,,,,,,0.303,,,,,,true,true,12,2018-04-01,2019-03-31,1
2018-05-14,75080,2017-03-31,,,,,,,,,,,,,,,,,,,,,,,,,,,,,,53.00,,,,13336400,1225710,12110718,false,false,12,2016-04-01,2017-03-31,-1
2018-05-14,75080,2018-03-31,,,,,,,,,,,,,,,,,,,,,,,,,,,,,,66.00,,,,13336400,1225803,12110637,false,false,12,2017-04-01,2018-03-31,0
2018-05-14,75080,2019-03-31,,,,,,,,,,,,,,,,,,,,,,,,,,,,,,70.00,,,,,,,false,true,12,2018-04-01,2019-03-31,1
2018-05-14,75080,2018-03-31,,119816000000,0.086,,,,,4324000000,0.110,4568000000,0.125,,2648000000,,218.73,,0.162,0.115,0.036,,41594000000,17732000000,0.417,1433.92,17365000000,5204000000,-1678000000,-1638000000,11279000000,,0.302,,,,,,true,false,12,2017-04-01,2018-03-31,0
2018-05-14,75080,2017-03-31,,110377000000,0.062,,,,,3897000000,0.287,4062000000,0.261,,2080000000,,171.76,,0.143,0.110,0.035,,37618000000,15658000000,0.408,1267.83,15354000000,3685000000,-1884000000,-638000000,9395000000,,0.309,,,,,,true,false,12,2016-04-01,2017-03-31,-1
2018-05-14,75080,2019-03-31,,130000000000,0.085,,,,,5000000000,0.156,5500000000,0.204,,2800000000,,231.20,,,,,,,,,,,,,,,,0.303,,,,,,true,true,12,2018-04-01,2019-03-31,1
2018-05-14,75080,2017-03-31,,,,,,,,,,,,,,,,,,,,,,,,,,,,,,53.00,,,,13336400,1225710,12110718,false,false,12,2016-04-01,2017-03-31,-1
2018-05-14,75080,2018-03-31,,,,,,,,,,,,,,,,,,,,,,,,,,,,,,66.00,,,,13336400,1225803,12110637,false,false,12,2017-04-01,2018-03-31,0
2018-05-14,75080,2019-03-31,,,,,,,,,,,,,,,,,,,,,,,,,,,,,,70.00,,,,,,,false,true,12,2018-04-01,2019-03-31,1
2018-07-31,75080,2019-03-31,1,29189000000,0.031,,,,,926000000,0.086,937000000,0.039,,591000000,,48.85,,,,,,42153000000,17783000000,0.413,,17407000000,,,,,,,,,,,,true,false,3,2018-04-01,2018-06-30,0
2018-07-31,75080,2018-03-31,1,28324000000,0.084,,,,,852000000,0.315,902000000,0.329,,566000000,,46.77,,,,,,,,,,,,,,,,,,,,,,true,false,3,2017-04-01,2017-06-30,-1
2018-07-31,75080,2019-03-31,1,130000000000,0.085,,,,,5000000000,0.156,5500000000,0.204,,2800000000,,231.20,,,,,,,,,,,,,,,,,,,,,,true,true,12,2018-04-01,2019-03-31,0
2018-07-31,75080,2018-03-31,1,,,,,,,,,,,,,,,,,,,,41594000000,17732000000,0.417,,17365000000,,,,,,,,,,,,true,false,12,2017-04-01,2018-03-31,-1
2018-07-31,75080,2018-03-31,1,,,,,,,,,,,,,,,,,,,,,,,,,,,,,66.00,,,,13336400,1225803,,false,false,12,2017-04-01,2018-03-31,-1
2018-07-31,75080,2019-03-31,1,,,,,,,,,,,,,,,,,,,,,,,,,,,,,70.00,,,,,,,false,true,12,2018-04-01,2019-03-31,0
2018-07-31,75080,2019-03-31,1,,,,,,,,,,,,,,,,,,,,,,,,,,,,,,,,,13336400,1225803,12110597,false,false,3,2018-04-01,2018-06-30,0
2018-07-31,75080,2018-03-31,1,,,,,,,,,,,,,,,,,,,,,,,,,,,,,,,,,,,12110656,false,false,3,2017-04-01,2017-06-30,-1
2018-10-31,75080,2019-03-31,2,59145000000,0.035,,,,,1943000000,0.197,1923000000,0.112,,1195000000,,98.74,,,,,,41163000000,18351000000,0.436,,17962000000,,,,,,,,,,,,true,false,6,2018-04-01,2018-09-30,0
2018-10-31,75080,2018-03-31,2,57160000000,0.079,,,,,1624000000,0.127,1729000000,0.087,,1074000000,,88.76,,,,,,,,,,,,,,,,,,,,,,true,false,6,2017-04-01,2017-09-30,-1
2018-10-31,75080,2019-03-31,2,130000000000,0.085,,,,,5000000000,0.156,5500000000,0.204,,2800000000,,231.20,,,,,,,,,,,,,,,,,,,,,,true,true,12,2018-04-01,2019-03-31,0
2018-10-31,75080,2018-03-31,2,,,,,,,,,,,,,,,,,,,,41594000000,17732000000,0.417,,17365000000,,,,,,,,,,,,true,false,12,2017-04-01,2018-03-31,-1
2018-10-31,75080,2018-03-31,2,,,,,,,,,,,,,,,,,,,,,,,,,,,,,66.00,,,,13336400,1225803,,false,false,12,2017-04-01,2018-03-31,-1
2018-10-31,75080,2019-03-31,2,,,,,,,,,,,,,,,,,,,,,,,,,,,,,35.00,,,,,,,false,false,12,2018-04-01,2019-03-31,0
2018-10-31,75080,2019-03-31,2,,,,,,,,,,,,,,,,,,,,,,,,,,,,,70.00,,,,,,,false,true,12,2018-04-01,2019-03-31,0
2018-10-31,75080,2019-03-31,2,,,,,,,,,,,,,,,,,,,,,,,,,,,,,,,,,13336400,1225803,12110597,false,false,6,2018-04-01,2018-09-30,0
2018-10-31,75080,2018-03-31,2,,,,,,,,,,,,,,,,,,,,,,,,,,,,,,,,,,,12110648,false,false,6,2017-04-01,2017-09-30,-1
2019-01-31,75080,2019-03-31,3,92763000000,0.025,,,,,4200000000,0.176,4155000000,0.102,,2619000000,,216.29,,,,,,45797000000,19339000000,0.413,,18927000000,,,,,,,,,,,,true,false,9,2018-04-01,2018-12-31,0
2019-01-31,75080,2018-03-31,3,90476000000,0.086,,,,,3570000000,0.160,3771000000,0.188,,2396000000,,197.92,,,,,,,,,,,,,,,,,,,,,,true,false,9,2017-04-01,2017-12-31,-1
2019-01-31,75080,2019-03-31,3,130000000000,0.085,,,,,5000000000,0.156,5500000000,0.204,,2800000000,,231.20,,,,,,,,,,,,,,,,,,,,,,true,true,12,2018-04-01,2019-03-31,0
2019-01-31,75080,2018-03-31,3,,,,,,,,,,,,,,,,,,,,41594000000,17732000000,0.417,,17365000000,,,,,,,,,,,,true,false,12,2017-04-01,2018-03-31,-1
2019-01-31,75080,2018-03-31,3,,,,,,,,,,,,,,,,,,,,,,,,,,,,,66.00,,,,13336400,1225803,,false,false,12,2017-04-01,2018-03-31,-1
2019-01-31,75080,2019-03-31,3,,,,,,,,,,,,,,,,,,,,,,,,,,,,,35.00,,,,,,,false,false,12,2018-04-01,2019-03-31,0
2019-01-31,75080,2019-03-31,3,,,,,,,,,,,,,,,,,,,,,,,,,,,,,70.00,,,,,,,false,true,12,2018-04-01,2019-03-31,0
2019-01-31,75080,2019-03-31,3,,,,,,,,,,,,,,,,,,,,,,,,,,,,,,,,,13336400,1225803,12110597,false,false,9,2018-04-01,2018-12-31,0
2019-01-31,75080,2018-03-31,3,,,,,,,,,,,,,,,,,,,,,,,,,,,,,,,,,,,12110645,false,false,9,2017-04-01,2017-12-31,-1
2019-05-13,75080,2019-03-31,,122502000000,0.022,,,,,5017000000,0.160,5019000000,0.099,,3041000000,,251.12,,0.165,0.116,0.041,,44691000000,19502000000,0.436,1607.52,19467000000,5740000000,-1700000000,-803000000,14518000000,,0.311,,,,,,true,false,12,2018-04-01,2019-03-31,0
2019-05-13,75080,2018-03-31,,119816000000,0.086,,,,,4324000000,0.110,4568000000,0.125,,2648000000,,218.73,,0.162,0.115,0.036,,41594000000,17732000000,0.417,1433.92,17365000000,5204000000,-1678000000,-1638000000,11279000000,,0.302,,,,,,true,false,12,2017-04-01,2018-03-31,-1
2019-05-13,75080,2020-03-31,,140000000000,0.143,,,,,5300000000,0.056,5500000000,0.096,,3350000000,,276.62,,,,,,,,,,,,,,,,0.311,,,,,,true,true,12,2019-04-01,2020-03-31,1
2019-05-13,75080,2018-03-31,,,,,,,,,,,,,,,,,,,,,,,,,,,,,,66.00,,,,13336400,1225803,12110637,false,false,12,2017-04-01,2018-03-31,-1
2019-05-13,75080,2019-03-31,,,,,,,,,,,,,,,,,,,,,,,,,,,,,,78.00,,,,13336400,1225818,12110595,false,false,12,2018-04-01,2019-03-31,0
2019-05-13,75080,2020-03-31,,,,,,,,,,,,,,,,,,,,,,,,,,,,,,86.00,,,,,,,false,true,12,2019-04-01,2020-03-31,1
2019-07-31,75080,2020-03-31,1,31205000000,0.069,,,,,1264000000,0.365,1334000000,0.424,,839000000,,69.33,,,,,,43295000000,19873000000,0.458,,19835000000,,,,,,,,,,,,true,false,3,2019-04-01,2019-06-30,0
2019-07-31,75080,2019-03-31,1,29189000000,0.031,,,,,926000000,0.086,937000000,0.039,,591000000,,48.85,,,,,,,,,,,,,,,,,,,,,,true,false,3,2018-04-01,2018-06-30,-1
2019-07-31,75080,2020-03-31,1,140000000000,0.143,,,,,5300000000,0.056,5500000000,0.096,,3350000000,,276.62,,,,,,,,,,,,,,,,,,,,,,true,true,12,2019-04-01,2020-03-31,0
2019-07-31,75080,2019-03-31,1,,,,,,,,,,,,,,,,,,,,44691000000,19502000000,0.436,,19467000000,,,,,,,,,,,,true,false,12,2018-04-01,2019-03-31,-1
2019-07-31,75080,2019-03-31,1,,,,,,,,,,,,,,,,,,,,,,,,,,,,,78.00,,,,13336400,1225818,,false,false,12,2018-04-01,2019-03-31,-1
2019-07-31,75080,2020-03-31,1,,,,,,,,,,,,,,,,,,,,,,,,,,,,,86.00,,,,,,,false,true,12,2019-04-01,2020-03-31,0
2019-07-31,75080,2020-03-31,1,,,,,,,,,,,,,,,,,,,,,,,,,,,,,,,,,13336400,1225863,12110549,false,false,3,2019-04-01,2019-06-30,0
2019-07-31,75080,2019-03-31,1,,,,,,,,,,,,,,,,,,,,,,,,,,,,,,,,,,,12110597,false,false,3,2018-04-01,2018-06-30,-1
2019-10-31,75080,2020-03-31,2,64261000000,0.086,,,,,3085000000,0.588,3182000000,0.655,,2092000000,,172.76,,,,,,44931000000,21108000000,0.469,,21078000000,,,,,,,,,,,,true,false,6,2019-04-01,2019-09-30,0
2019-10-31,75080,2019-03-31,2,59145000000,0.035,,,,,1943000000,0.197,1923000000,0.112,,1195000000,,98.74,,,,,,,,,,,,,,,,,,,,,,true,false,6,2018-04-01,2018-09-30,-1
2019-10-31,75080,2020-03-31,2,140000000000,0.143,,,,,5300000000,0.056,5500000000,0.096,,3350000000,,276.62,,,,,,,,,,,,,,,,,,,,,,true,true,12,2019-04-01,2020-03-31,0
2019-10-31,75080,2019-03-31,2,,,,,,,,,,,,,,,,,,,,44691000000,19502000000,0.436,,19467000000,,,,,,,,,,,,true,false,12,2018-04-01,2019-03-31,-1
2019-10-31,75080,2019-03-31,2,,,,,,,,,,,,,,,,,,,,,,,,,,,,,78.00,,,,13336400,1225818,,false,false,12,2018-04-01,2019-03-31,-1
2019-10-31,75080,2020-03-31,2,,,,,,,,,,,,,,,,,,,,,,,,,,,,,43.00,,,,,,,false,false,12,2019-04-01,2020-03-31,0
2019-10-31,75080,2020-03-31,2,,,,,,,,,,,,,,,,,,,,,,,,,,,,,86.00,,,,,,,false,true,12,2019-04-01,2020-03-31,0
2019-10-31,75080,2020-03-31,2,,,,,,,,,,,,,,,,,,,,,,,,,,,,,,,,,13336400,1225863,12110543,false,false,6,2019-04-01,2019-09-30,0
2019-10-31,75080,2019-03-31,2,,,,,,,,,,,,,,,,,,,,,,,,,,,,,,,,,,,12110597,false,false,6,2018-04-01,2018-09-30,-1
,75080,2020-03-31,,,,,,,,,,,,,,,,,,,,,,,,,,,,,,21.50,,,,,,,false,true,12,2019-04-01,2020-03-31,0
,75080,2020-03-31,,,,,,,,,,,,,,,,,,,,,,,,,,,,,,43.00,,,,,,,false,false,12,2019-04-01,2020-03-31,0
,75080,2019-03-31,,,,,,,,,,,,,,,,,,,,,,,,,,,,,,78.00,,,,,,,false,false,12,2018-04-01,2019-03-31,-1
2020-01-31,75080,2020-03-31,3,98799000000,0.065,,,,,4922000000,0.172,5046000000,0.214,,3244000000,,133.94,,,,,,47304000000,21818000000,0.461,,21785000000,,,,,,,,,,,,true,false,9,2019-04-01,2019-12-31,0
2020-01-31,75080,2019-03-31,3,92763000000,0.025,,,,,4200000000,0.176,4155000000,0.102,,2619000000,,108.14,,,,,,,,,,,,,,,,,,,,,,true,false,9,2018-04-01,2018-12-31,-1
2020-01-31,75080,2020-03-31,3,140000000000,0.143,,,,,5300000000,0.056,5500000000,0.096,,3350000000,,138.31,,,,,,,,,,,,,,,,,,,,,,true,true,12,2019-04-01,2020-03-31,0
2020-01-31,75080,2019-03-31,3,,,,,,,,,,,,,,,,,,,,44691000000,19502000000,0.436,,19467000000,,,,,,,,,,,,true,false,12,2018-04-01,2019-03-31,-1
2020-01-31,75080,2019-03-31,3,,,,,,,,,,,,,,,,,,,,,,,,,,,,,78.00,,,,26672800,2451636,,false,false,12,2018-04-01,2019-03-31,-1
2020-01-31,75080,2020-03-31,3,,,,,,,,,,,,,,,,,,,,,,,,,,,,,43.00,,,,,,,false,false,12,2019-04-01,2020-03-31,0
2020-01-31,75080,2020-03-31,3,,,,,,,,,,,,,,,,,,,,,,,,,,,,,21.50,,,,,,,false,true,12,2019-04-01,2020-03-31,0
2020-01-31,75080,2020-03-31,3,,,,,,,,,,,,,,,,,,,,,,,,,,,,,,,,,26672800,2451726,24221082,false,false,9,2019-04-01,2019-12-31,0
2020-01-31,75080,2019-03-31,3,,,,,,,,,,,,,,,,,,,,,,,,,,,,,,,,,,,24221194,false,false,9,2018-04-01,2018-12-31,-1
2020-05-11,75080,2020-03-31,,132642000000,0.083,,,,,5783000000,0.153,5995000000,0.195,,3523000000,,145.46,,0.170,0.130,0.044,,47886000000,22018000000,0.459,907.34,21976000000,5057000000,-2615000000,-506000000,16465000000,,0.309,,,,,,true,false,12,2019-04-01,2020-03-31,0
2020-05-11,75080,2019-03-31,,122502000000,0.022,,,,,5017000000,0.160,5019000000,0.099,,3041000000,,125.56,,0.165,0.116,0.041,,44691000000,19502000000,0.436,803.76,19467000000,5740000000,-1700000000,-803000000,14518000000,,0.311,,,,,,true,false,12,2018-04-01,2019-03-31,-1
2020-05-11,75080,2021-03-31,,170000000000,0.282,,,,,6700000000,0.159,7000000000,0.167,,4000000000,,165.15,,,,,,,,,,,,,,,,0.303,,,,,,true,true,12,2020-04-01,2021-03-31,1
2020-05-11,75080,2020-03-31,,,,,,11239000000,1.240,7815000000,3.892,7745000000,4.192,6425000000,,3.208,265.30,,,,,,25888000000,12764000000,0.493,527.00,12764000000,,,,,23.50,,,,26672800,2451726,24221080,false,false,12,2019-04-01,2020-03-31,0
2020-05-11,75080,2019-03-31,,,,,,5018000000,0.044,1597000000,0.075,1492000000,0.222,1527000000,,0.738,63.04,,,,,,20615000000,7297000000,0.354,301.27,7297000000,,,,,78.00,,,,26672800,2451636,24221191,false,false,12,2018-04-01,2019-03-31,-1
2020-05-11,75080,2021-03-31,,,,,,,,,,,,,,,,,,,,,,,,,,,,,,50.00,,,,,,,false,true,12,2020-04-01,2021-03-31,1
2020-07-31,75080,2021-03-31,1,40035000000,0.283,,,,,1698000000,0.343,1773000000,0.329,,1247000000,,51.50,,,,,,51966000000,22916000000,0.437,,22718000000,,,,,,,,,,,,true,false,3,2020-04-01,2020-06-30,0
2020-07-31,75080,2020-03-31,1,31205000000,0.069,,,,,1264000000,0.365,1334000000,0.424,,839000000,,34.67,,,,,,,,,,,,,,,,,,,,,,true,false,3,2019-04-01,2019-06-30,-1
2020-07-31,75080,2021-03-31,1,170000000000,0.282,,,,,6700000000,0.159,7000000000,0.167,,4000000000,,165.15,,,,,,,,,,,,,,,,,,,,,,true,true,12,2020-04-01,2021-03-31,0
2020-07-31,75080,2020-03-31,1,,,,,,,,,,,,,,,,,,,,47886000000,22018000000,0.459,,21976000000,,,,,,,,,,,,true,false,12,2019-04-01,2020-03-31,-1
2020-07-31,75080,2020-03-31,1,,,,,,,,,,,,,,,,,,,,,,,,,,,,,23.50,,,,26672800,2451726,,false,false,12,2019-04-01,2020-03-31,-1
2020-07-31,75080,2021-03-31,1,,,,,,,,,,,,,,,,,,,,,,,,,,,,,50.00,,,,,,,false,true,12,2020-04-01,2021-03-31,0
2020-07-31,75080,2021-03-31,1,,,,,,,,,,,,,,,,,,,,,,,,,,,,,,,,,26672800,2451726,24221074,false,false,3,2020-04-01,2020-06-30,0
2020-07-31,75080,2020-03-31,1,,,,,,,,,,,,,,,,,,,,,,,,,,,,,,,,,,,24221098,false,false,3,2019-04-01,2019-06-30,-1
2020-10-30,75080,2021-03-31,2,79848000000,0.243,,,,,3452000000,0.119,3594000000,0.130,,2512000000,,105.31,,,,,,46565000000,19353000000,0.413,,19217000000,,,,,,,,,,,,true,false,6,2020-04-01,2020-09-30,0
2020-10-30,75080,2020-03-31,2,64261000000,0.086,,,,,3085000000,0.588,3182000000,0.655,,2092000000,,86.38,,,,,,,,,,,,,,,,,,,,,,true,false,6,2019-04-01,2019-09-30,-1
2020-10-30,75080,2021-03-31,2,170000000000,0.282,,,,,6700000000,0.159,7000000000,0.167,,4000000000,,167.67,,,,,,,,,,,,,,,,,,,,,,true,true,12,2020-04-01,2021-03-31,0
2020-10-30,75080,2020-03-31,2,,,,,,,,,,,,,,,,,,,,47886000000,22018000000,0.459,,21976000000,,,,,,,,,,,,true,false,12,2019-04-01,2020-03-31,-1
2020-10-30,75080,2020-03-31,2,,,,,,,,,,,,,,,,,,,,,,,,,,,,,23.50,,,,26672800,2451726,,false,false,12,2019-04-01,2020-03-31,-1
2020-10-30,75080,2021-03-31,2,,,,,,,,,,,,,,,,,,,,,,,,,,,,,25.00,,,,,,,false,false,12,2020-04-01,2021-03-31,0
2020-10-30,75080,2021-03-31,2,,,,,,,,,,,,,,,,,,,,,,,,,,,,,50.00,,,,,,,false,true,12,2020-04-01,2021-03-31,0
2020-10-30,75080,2021-03-31,2,,,,,,,,,,,,,,,,,,,,,,,,,,,,,,,,,26672800,4641121,23856174,false,false,6,2020-04-01,2020-09-30,0
2020-10-30,75080,2020-03-31,2,,,,,,,,,,,,,,,,,,,,,,,,,,,,,,,,,,,24221086,false,false,6,2019-04-01,2019-09-30,-1
2021-01-29,75080,2021-03-31,3,123774000000,0.253,,,,,5969000000,0.213,6202000000,0.229,,4323000000,,185.99,,,,,,51986000000,20489000000,0.394,,20472000000,,,,,,,,,,,,true,false,9,2020-04-01,2020-12-31,0
2021-01-29,75080,2020-03-31,3,98799000000,0.065,,,,,4922000000,0.172,5046000000,0.214,,3244000000,,133.94,,,,,,,,,,,,,,,,,,,,,,true,false,9,2019-04-01,2019-12-31,-1
2021-01-29,75080,2021-03-31,3,170000000000,0.282,,,,,6700000000,0.159,7000000000,0.167,,4000000000,,172.06,,,,,,,,,,,,,,,,,,,,,,true,true,12,2020-04-01,2021-03-31,0
2021-01-29,75080,2020-03-31,3,,,,,,,,,,,,,,,,,,,,47886000000,22018000000,0.459,,21976000000,,,,,,,,,,,,true,false,12,2019-04-01,2020-03-31,-1
2021-01-29,75080,2020-03-31,3,,,,,,,,,,,,,,,,,,,,,,,,,,,,,23.50,,,,26672800,2451726,,false,false,12,2019-04-01,2020-03-31,-1
2021-01-29,75080,2021-03-31,3,,,,,,,,,,,,,,,,,,,,,,,,,,,,,25.00,,,,,,,false,false,12,2020-04-01,2021-03-31,0
2021-01-29,75080,2021-03-31,3,,,,,,,,,,,,,,,,,,,,,,,,,,,,,50.00,,,,,,,false,true,12,2020-04-01,2021-03-31,0
2021-01-29,75080,2021-03-31,3,,,,,,,,,,,,,,,,,,,,,,,,,,,,,,,,,26672800,4641123,23248009,false,false,9,2020-04-01,2020-12-31,0
2021-01-29,75080,2020-03-31,3,,,,,,,,,,,,,,,,,,,,,,,,,,,,,,,,,,,24221082,false,false,9,2019-04-01,2019-12-31,-1
2021-05-14,75080,2021-03-31,,163556000000,0.233,,,,,7058000000,0.220,7306000000,0.219,,4855000000,,211.64,,0.225,0.147,0.043,,51391000000,21263000000,0.411,957.83,21102000000,9314000000,-2974000000,-6555000000,16254000000,,0.312,,,,,,true,false,12,2020-04-01,2021-03-31,0
2021-05-14,75080,2020-03-31,,132642000000,0.083,,,,,5783000000,0.153,5995000000,0.195,,3523000000,,145.46,,0.170,0.130,0.044,,47886000000,22018000000,0.459,907.34,21976000000,5057000000,-2615000000,-506000000,16465000000,,0.309,,,,,,true,false,12,2019-04-01,2020-03-31,-1
2021-05-14,75080,2022-03-31,,175000000000,0.070,,,,,7400000000,0.048,7700000000,0.054,,5000000000,,226.95,,,,,,,,,,,,,,,,0.308,,,,,,true,true,12,2021-04-01,2022-03-31,1
2021-05-14,75080,2020-03-31,,,,,,,,,,,,,,,,,,,,,,,,,,,,,,23.50,,,,26672800,2451726,24221080,false,false,12,2019-04-01,2020-03-31,-1
2021-05-14,75080,2021-03-31,,,,,,,,,,,,,,,,,,,,,,,,,,,,,,66.00,,,,22031877,200,22943926,false,false,12,2020-04-01,2021-03-31,0
2021-05-14,75080,2022-03-31,,,,,,,,,,,,,,,,,,,,,,,,,,,,,,70.00,,,,,,,false,true,12,2021-04-01,2022-03-31,1
2021-07-30,75080,2022-03-31,1,41088000000,0.026,,,,,1504000000,-0.114,1656000000,-0.066,,1165000000,,52.92,,,,,,49326000000,21430000000,0.431,,21263000000,,,,,,,,,,,,true,false,3,2021-04-01,2021-06-30,0
2021-07-30,75080,2021-03-31,1,40035000000,0.283,,,,,1698000000,0.343,1773000000,0.329,,1247000000,,51.50,,,,,,,,,,,,,,,,,,,,,,true,false,3,2020-04-01,2020-06-30,-1
2021-07-30,75080,2022-03-31,1,175000000000,0.070,,,,,7400000000,0.048,7700000000,0.054,,5000000000,,226.95,,,,,,,,,,,,,,,,,,,,,,true,true,12,2021-04-01,2022-03-31,0
2021-07-30,75080,2021-03-31,1,,,,,,,,,,,,,,,,,,,,51391000000,21263000000,0.411,,21102000000,,,,,,,,,,,,true,false,12,2020-04-01,2021-03-31,-1
2021-07-30,75080,2021-03-31,1,,,,,,,,,,,,,,,,,,,,,,,,,,,,,66.00,,,,22031877,200,,false,false,12,2020-04-01,2021-03-31,-1
2021-07-30,75080,2022-03-31,1,,,,,,,,,,,,,,,,,,,,,,,,,,,,,70.00,,,,,,,false,true,12,2021-04-01,2022-03-31,0
2021-07-30,75080,2022-03-31,1,,,,,,,,,,,,,,,,,,,,,,,,,,,,,,,,,22031877,200,22031677,false,false,3,2021-04-01,2021-06-30,0
2021-07-30,75080,2021-03-31,1,,,,,,,,,,,,,,,,,,,,,,,,,,,,,,,,,,,24221074,false,false,3,2020-04-01,2020-06-30,-1
,75080,2022-03-31,,,,,,,,,,,,,,,,,,,,,,,,,,,,,,17.50,,,,,,,false,true,12,2021-04-01,2022-03-31,0
,75080,2021-03-31,,,,,,,,,,,,,,,,,,,,,,,,,,,,,,66.00,,,,,,,false,false,12,2020-04-01,2021-03-31,-1
2021-10-29,75080,2022-03-31,2,81938000000,0.026,,,,,3274000000,-0.052,3473000000,-0.034,,2445000000,,55.50,,,,,,49916000000,22810000000,0.454,,22644000000,,,,,,,,,,,,true,false,6,2021-04-01,2021-09-30,0
2021-10-29,75080,2021-03-31,2,79848000000,0.243,,,,,3452000000,0.119,3594000000,0.130,,2512000000,,52.65,,,,,,,,,,,,,,,,,,,,,,true,false,6,2020-04-01,2020-09-30,-1
2021-10-29,75080,2022-03-31,2,175000000000,0.070,,,,,7400000000,0.048,7700000000,0.054,,5000000000,,113.47,,,,,,,,,,,,,,,,,,,,,,true,true,12,2021-04-01,2022-03-31,0
2021-10-29,75080,2021-03-31,2,,,,,,,,,,,,,,,,,,,,51391000000,21263000000,0.411,,21102000000,,,,,,,,,,,,true,false,12,2020-04-01,2021-03-31,-1
2021-10-29,75080,2021-03-31,2,,,,,,,,,,,,,,,,,,,,,,,,,,,,,66.00,,,,44063754,400,,false,false,12,2020-04-01,2021-03-31,-1
2021-10-29,75080,2022-03-31,2,,,,,,,,,,,,,,,,,,,,,,,,,,,,,35.00,,,,,,,false,false,12,2021-04-01,2022-03-31,0
2021-10-29,75080,2022-03-31,2,,,,,,,,,,,,,,,,,,,,,,,,,,,,,17.50,,,,,,,false,true,12,2021-04-01,2022-03-31,0
2021-10-29,75080,2022-03-31,2,,,,,,,,,,,,,,,,,,,,,,,,,,,,,,,,,44063754,400,44063354,false,false,6,2021-04-01,2021-09-30,0
2021-10-29,75080,2021-03-31,2,,,,,,,,,,,,,,,,,,,,,,,,,,,,,,,,,,,47712349,false,false,6,2020-04-01,2020-09-30,-1
2022-01-31,75080,2022-03-31,3,127545000000,0.030,,,,,6190000000,0.037,6519000000,0.051,,4695000000,,106.57,,,,,,54093000000,24187000000,0.444,,24038000000,,,,,,,,,,,,true,false,9,2021-04-01,2021-12-31,0
2022-01-31,75080,2021-03-31,3,123774000000,0.253,,,,,5969000000,0.213,6202000000,0.229,,4323000000,,93.00,,,,,,,,,,,,,,,,,,,,,,true,false,9,2020-04-01,2020-12-31,-1
2022-01-31,75080,2022-03-31,3,175000000000,0.070,,,,,7400000000,0.048,7700000000,0.054,,5000000000,,113.47,,,,,,,,,,,,,,,,,,,,,,true,true,12,2021-04-01,2022-03-31,0
2022-01-31,75080,2021-03-31,3,,,,,,,,,,,,,,,,,,,,51391000000,21263000000,0.411,,21102000000,,,,,,,,,,,,true,false,12,2020-04-01,2021-03-31,-1
2022-01-31,75080,2021-03-31,3,,,,,,,,,,,,,,,,,,,,,,,,,,,,,66.00,,,,44063754,400,,false,false,12,2020-04-01,2021-03-31,-1
2022-01-31,75080,2022-03-31,3,,,,,,,,,,,,,,,,,,,,,,,,,,,,,35.00,,,,,,,false,false,12,2021-04-01,2022-03-31,0
2022-01-31,75080,2022-03-31,3,,,,,,,,,,,,,,,,,,,,,,,,,,,,,17.50,,,,,,,false,true,12,2021-04-01,2022-03-31,0
2022-01-31,75080,2022-03-31,3,,,,,,,,,,,,,,,,,,,,,,,,,,,,,,,,,44063754,400,44063354,false,false,9,2021-04-01,2021-12-31,0
2022-01-31,75080,2021-03-31,3,,,,,,,,,,,,,,,,,,,,,,,,,,,,,,,,,,,46496018,false,false,9,2020-04-01,2020-12-31,-1
2022-05-13,75080,2022-03-31,,168525000000,0.030,,,,,7448000000,0.055,7877000000,0.078,,5255000000,,119.28,,0.230,0.149,0.044,,54145000000,24747000000,0.454,558.17,24594000000,5633000000,-3245000000,-1618000000,17028000000,,0.306,,,,,,true,false,12,2021-04-01,2022-03-31,0
2022-05-13,75080,2021-03-31,,163556000000,0.233,,,,,7058000000,0.220,7306000000,0.219,,4855000000,,105.82,,0.225,0.147,0.043,,51391000000,21263000000,0.411,478.92,21102000000,9314000000,-2974000000,-6555000000,16254000000,,0.312,,,,,,true,false,12,2020-04-01,2021-03-31,-1
2022-05-13,75080,2023-03-31,,180000000000,0.068,,,,,7700000000,0.034,8000000000,0.016,,5400000000,,122.55,,,,,,,,,,,,,,,,0.310,,,,,,true,true,12,2022-04-01,2023-03-31,1
2022-05-13,75080,2021-03-31,,,,,,,,,,,,,,,,,,,,,,,,,,,,,,66.00,,,,44063754,400,45887852,false,false,12,2020-04-01,2021-03-31,-1
2022-05-13,75080,2022-03-31,,,,,,,,,,,,,,,,,,,,,,,,,,,,,,19.00,,,,44063754,424,44063350,false,false,12,2021-04-01,2022-03-31,0
2022-05-13,75080,2023-03-31,,,,,,,,,,,,,,,,,,,,,,,,,,,,,,38.00,,,,,,,false,true,12,2022-04-01,2023-03-31,1
2022-07-29,75080,2023-03-31,1,42713000000,0.040,,,,,1653000000,0.100,1743000000,0.052,,1100000000,,24.98,,,,,,52234000000,24791000000,0.474,,24767000000,,,,,,,,,,,,true,false,3,2022-04-01,2022-06-30,0
2022-07-29,75080,2022-03-31,1,41088000000,0.026,,,,,1504000000,-0.114,1656000000,-0.066,,1165000000,,26.46,,,,,,,,,,,,,,,,,,,,,,true,false,3,2021-04-01,2021-06-30,-1
2022-07-29,75080,2023-03-31,1,180000000000,0.068,,,,,7700000000,0.034,8000000000,0.016,,5400000000,,122.55,,,,,,,,,,,,,,,,,,,,,,true,true,12,2022-04-01,2023-03-31,0
2022-07-29,75080,2022-03-31,1,,,,,,,,,,,,,,,,,,,,54145000000,24747000000,0.454,,24594000000,,,,,,,,,,,,true,false,12,2021-04-01,2022-03-31,-1
2022-07-29,75080,2022-03-31,1,,,,,,,,,,,,,,,,,,,,,,,,,,,,,19.00,,,,44063754,424,,false,false,12,2021-04-01,2022-03-31,-1
2022-07-29,75080,2023-03-31,1,,,,,,,,,,,,,,,,,,,,,,,,,,,,,38.00,,,,,,,false,true,12,2022-04-01,2023-03-31,0
2022-07-29,75080,2023-03-31,1,,,,,,,,,,,,,,,,,,,,,,,,,,,,,,,,,44063754,424,44063330,false,false,3,2022-04-01,2022-06-30,0
2022-07-29,75080,2022-03-31,1,,,,,,,,,,,,,,,,,,,,,,,,,,,,,,,,,,,44063354,false,false,3,2021-04-01,2021-06-30,-1
2022-10-28,75080,2023-03-31,2,85595000000,0.045,,,,,3181000000,-0.028,3373000000,-0.029,,2198000000,,49.90,,,,,,52220000000,25838000000,0.495,,25838000000,,,,,,,,,,,,true,false,6,2022-04-01,2022-09-30,0
2022-10-28,75080,2022-03-31,2,81938000000,0.026,,,,,3274000000,-0.052,3473000000,-0.034,,2445000000,,55.50,,,,,,,,,,,,,,,,,,,,,,true,false,6,2021-04-01,2021-09-30,-1
2022-10-28,75080,2023-03-31,2,180000000000,0.068,,,,,7700000000,0.034,8000000000,0.016,,5400000000,,122.55,,,,,,,,,,,,,,,,,,,,,,true,true,12,2022-04-01,2023-03-31,0
2022-10-28,75080,2022-03-31,2,,,,,,,,,,,,,,,,,,,,54145000000,24747000000,0.454,,24594000000,,,,,,,,,,,,true,false,12,2021-04-01,2022-03-31,-1
2022-10-28,75080,2022-03-31,2,,,,,,,,,,,,,,,,,,,,,,,,,,,,,19.00,,,,44063754,424,,false,false,12,2021-04-01,2022-03-31,-1
2022-10-28,75080,2023-03-31,2,,,,,,,,,,,,,,,,,,,,,,,,,,,,,19.00,,,,,,,false,false,12,2022-04-01,2023-03-31,0
2022-10-28,75080,2023-03-31,2,,,,,,,,,,,,,,,,,,,,,,,,,,,,,19.00,,,,,,,false,true,12,2022-04-01,2023-03-31,0
2022-10-28,75080,2023-03-31,2,,,,,,,,,,,,,,,,,,,,,,,,,,,,,,,,,44063754,424,44063330,false,false,6,2022-04-01,2022-09-30,0
2022-10-28,75080,2022-03-31,2,,,,,,,,,,,,,,,,,,,,,,,,,,,,,,,,,,,44063354,false,false,6,2021-04-01,2021-09-30,-1
2023-01-31,75080,2023-03-31,3,133759000000,0.049,,,,,5705000000,-0.078,5958000000,-0.086,,3871000000,,87.87,,,,,,55311000000,26699000000,0.483,,26699000000,,,,,,,,,,,,true,false,9,2022-04-01,2022-12-31,0
2023-01-31,75080,2022-03-31,3,127545000000,0.030,,,,,6190000000,0.037,6519000000,0.051,,4695000000,,106.57,,,,,,,,,,,,,,,,,,,,,,true,false,9,2021-04-01,2021-12-31,-1
2023-01-31,75080,2023-03-31,3,180000000000,0.068,,,,,7700000000,0.034,8000000000,0.016,,5400000000,,122.55,,,,,,,,,,,,,,,,,,,,,,true,true,12,2022-04-01,2023-03-31,0
2023-01-31,75080,2022-03-31,3,,,,,,,,,,,,,,,,,,,,54145000000,24747000000,0.454,,24594000000,,,,,,,,,,,,true,false,12,2021-04-01,2022-03-31,-1
2023-01-31,75080,2022-03-31,3,,,,,,,,,,,,,,,,,,,,,,,,,,,,,19.00,,,,44063754,424,,false,false,12,2021-04-01,2022-03-31,-1
2023-01-31,75080,2023-03-31,3,,,,,,,,,,,,,,,,,,,,,,,,,,,,,19.00,,,,,,,false,false,12,2022-04-01,2023-03-31,0
2023-01-31,75080,2023-03-31,3,,,,,,,,,,,,,,,,,,,,,,,,,,,,,19.00,,,,,,,false,true,12,2022-04-01,2023-03-31,0
2023-01-31,75080,2023-03-31,3,,,,,,,,,,,,,,,,,,,,,,,,,,,,,,,,,44063754,446,44063322,false,false,9,2022-04-01,2022-12-31,0
2023-01-31,75080,2022-03-31,3,,,,,,,,,,,,,,,,,,,,,,,,,,,,,,,,,,,44063354,false,false,9,2021-04-01,2021-12-31,-1
2023-05-12,75080,2023-03-31,,176922000000,0.050,,,,,6504000000,-0.127,6813000000,-0.135,,3824000000,,86.78,,0.149,0.122,0.037,,57202000000,26757000000,0.468,607.25,26757000000,3959000000,-3308000000,-1996000000,15683000000,,0.438,,,,,,true,false,12,2022-04-01,2023-03-31,0
2023-05-12,75080,2022-03-31,,168525000000,0.030,,,,,7448000000,0.055,7877000000,0.078,,5255000000,,119.28,,0.230,0.149,0.044,,54145000000,24747000000,0.454,558.17,24594000000,5633000000,-3245000000,-1618000000,17028000000,,0.306,,,,,,true,false,12,2021-04-01,2022-03-31,-1
2023-05-12,75080,2024-03-31,,185000000000,0.046,,,,,7700000000,0.184,8000000000,0.174,,5500000000,,124.82,,,,,,,,,,,,,,,,0.320,,,,,,true,true,12,2023-04-01,2024-03-31,1
2023-05-12,75080,2022-03-31,,,,,,,,,,,,,,,,,,,,,,,,,,,,,,19.00,,,,44063754,424,44063350,false,false,12,2021-04-01,2022-03-31,-1
2023-05-12,75080,2023-03-31,,,,,,,,,,,,,,,,,,,,,,,,,,,,,,38.00,,,,44063754,446,44063319,false,false,12,2022-04-01,2023-03-31,0
2023-05-12,75080,2024-03-31,,,,,,,,,,,,,,,,,,,,,,,,,,,,,,40.00,,,,,,,false,true,12,2023-04-01,2024-03-31,1
2023-07-31,75080,2024-03-31,1,45849000000,0.073,,,,,1457000000,-0.119,1572000000,-0.098,,1229000000,,27.91,,,,,,57106000000,26979000000,0.472,,26979000000,,,,,,,,,,,,true,false,3,2023-04-01,2023-06-30,0
2023-07-31,75080,2023-03-31,1,42713000000,0.040,,,,,1653000000,0.100,1743000000,0.052,,1100000000,,24.98,,,,,,,,,,,,,,,,,,,,,,true,false,3,2022-04-01,2022-06-30,-1
2023-07-31,75080,2024-03-31,1,185000000000,0.046,,,,,7700000000,0.184,8000000000,0.174,,5500000000,,124.82,,,,,,,,,,,,,,,,,,,,,,true,true,12,2023-04-01,2024-03-31,0
2023-07-31,75080,2023-03-31,1,,,,,,,,,,,,,,,,,,,,57202000000,26757000000,0.468,,26757000000,,,,,,,,,,,,true,false,12,2022-04-01,2023-03-31,-1
2023-07-31,75080,2023-03-31,1,,,,,,,,,,,,,,,,,,,,,,,,,,,,,38.00,,,,44063754,446,,false,false,12,2022-04-01,2023-03-31,-1
2023-07-31,75080,2024-03-31,1,,,,,,,,,,,,,,,,,,,,,,,,,,,,,40.00,,,,,,,false,true,12,2023-04-01,2024-03-31,0
2023-07-31,75080,2024-03-31,1,,,,,,,,,,,,,,,,,,,,,,,,,,,,,,,,,44063754,446,44063308,false,false,3,2023-04-01,2023-06-30,0
2023-07-31,75080,2023-03-31,1,,,,,,,,,,,,,,,,,,,,,,,,,,,,,,,,,,,44063330,false,false,3,2022-04-01,2022-06-30,-1
2023-10-30,75080,2024-03-31,2,93060000000,0.087,,,,,2909000000,-0.085,3123000000,-0.074,,2253000000,,51.14,,,,,,58457000000,27985000000,0.479,,27985000000,,,,,,,,,,,,true,false,6,2023-04-01,2023-09-30,0
2023-10-30,75080,2023-03-31,2,85595000000,0.045,,,,,3181000000,-0.028,3373000000,-0.029,,2198000000,,49.90,,,,,,,,,,,,,,,,,,,,,,true,false,6,2022-04-01,2022-09-30,-1
2023-10-30,75080,2024-03-31,2,185000000000,0.046,,,,,7700000000,0.184,8000000000,0.174,,5500000000,,124.82,,,,,,,,,,,,,,,,,,,,,,true,true,12,2023-04-01,2024-03-31,0
2023-10-30,75080,2023-03-31,2,,,,,,,,,,,,,,,,,,,,57202000000,26757000000,0.468,,26757000000,,,,,,,,,,,,true,false,12,2022-04-01,2023-03-31,-1
2023-10-30,75080,2023-03-31,2,,,,,,,,,,,,,,,,,,,,,,,,,,,,,38.00,,,,44063754,446,,false,false,12,2022-04-01,2023-03-31,-1
2023-10-30,75080,2024-03-31,2,,,,,,,,,,,,,,,,,,,,,,,,,,,,,20.00,,,,,,,false,false,12,2023-04-01,2024-03-31,0
2023-10-30,75080,2024-03-31,2,,,,,,,,,,,,,,,,,,,,,,,,,,,,,40.00,,,,,,,false,true,12,2023-04-01,2024-03-31,0
2023-10-30,75080,2024-03-31,2,,,,,,,,,,,,,,,,,,,,,,,,,,,,,,,,,44063754,446,44063308,false,false,6,2023-04-01,2023-09-30,0
2023-10-30,75080,2023-03-31,2,,,,,,,,,,,,,,,,,,,,,,,,,,,,,,,,,,,44063330,false,false,6,2022-04-01,2022-09-30,-1
2024-01-31,75080,2024-03-31,3,145612000000,0.089,,,,,5671000000,-0.006,5963000000,0.001,,4173000000,,94.71,,,,,,60476000000,28991000000,0.479,,28991000000,,,,,,,,,,,,true,false,9,2023-04-01,2023-12-31,0
2024-01-31,75080,2023-03-31,3,133759000000,0.049,,,,,5705000000,-0.078,5958000000,-0.086,,3871000000,,87.87,,,,,,,,,,,,,,,,,,,,,,true,false,9,2022-04-01,2022-12-31,-1
2024-01-31,75080,2024-03-31,3,185000000000,0.046,,,,,7700000000,0.184,8000000000,0.174,,5500000000,,124.82,,,,,,,,,,,,,,,,,,,,,,true,true,12,2023-04-01,2024-03-31,0
2024-01-31,75080,2023-03-31,3,,,,,,,,,,,,,,,,,,,,57202000000,26757000000,0.468,,26757000000,,,,,,,,,,,,true,false,12,2022-04-01,2023-03-31,-1
2024-01-31,75080,2023-03-31,3,,,,,,,,,,,,,,,,,,,,,,,,,,,,,38.00,,,,44063754,446,,false,false,12,2022-04-01,2023-03-31,-1
2024-01-31,75080,2024-03-31,3,,,,,,,,,,,,,,,,,,,,,,,,,,,,,20.00,,,,,,,false,false,12,2023-04-01,2024-03-31,0
2024-01-31,75080,2024-03-31,3,,,,,,,,,,,,,,,,,,,,,,,,,,,,,40.00,,,,,,,false,true,12,2023-04-01,2024-03-31,0
2024-01-31,75080,2024-03-31,3,,,,,,,,,,,,,,,,,,,,,,,,,,,,,,,,,44063754,446,44063308,false,false,9,2023-04-01,2023-12-31,0
2024-01-31,75080,2023-03-31,3,,,,,,,,,,,,,,,,,,,,,,,,,,,,,,,,,,,44063322,false,false,9,2022-04-01,2022-12-31,-1
2024-05-13,75080,2024-03-31,,192992000000,0.091,,,,,6920000000,0.064,7318000000,0.074,,5175000000,,117.46,,0.183,0.123,0.036,,61872000000,29973000000,0.484,680.23,29973000000,7392000000,-4002000000,-1944000000,17133000000,,0.341,,,,,,true,false,12,2023-04-01,2024-03-31,0
2024-05-13,75080,2023-03-31,,176922000000,0.050,,,,,6504000000,-0.127,6813000000,-0.135,,3824000000,,86.78,,0.149,0.122,0.037,,57202000000,26757000000,0.468,607.25,26757000000,3959000000,-3308000000,-1996000000,15683000000,,0.438,,,,,,true,false,12,2022-04-01,2023-03-31,-1
2024-05-13,75080,2025-03-31,,220000000000,0.140,,,,,8200000000,0.185,8500000000,0.161,,5600000000,,127.09,,,,,,,,,,,,,,,,0.315,,,,,,true,true,12,2024-04-01,2025-03-31,1
2024-05-13,75080,2024-03-31,,5972000000,-0.017,,,,,2694000000,-0.112,2690000000,-0.092,2592000000,,0.898,58.85,,,,,,22960000000,10372000000,0.452,235.39,10372000000,,,,,40.00,,,,44063754,446,44063308,false,false,12,2023-04-01,2024-03-31,0
2024-05-13,75080,2023-03-31,,6075000000,-0.024,,,,,3033000000,0.090,2964000000,0.046,1366000000,,-0.550,31.01,,,,,,22338000000,9688000000,0.434,219.88,9688000000,,,,,38.00,,,,44063754,446,44063319,false,false,12,2022-04-01,2023-03-31,-1
2024-05-13,75080,2025-03-31,,,,,,,,,,,,,,,,,,,,,,,,,,,,,,40.00,,,,,,,false,true,12,2024-04-01,2025-03-31,1
2024-07-31,7508,2025-03-31,1,48664000000,0.061,,,,,1610000000,0.105,1719000000,0.093,,977000000,,22.17,,,,,,64599000000,30230000000,0.468,,30230000000,,,,,,,,,,,,true,false,3,2024-04-01,2024-06-30,0
2024-07-31,7508,2024-03-31,1,45849000000,0.073,,,,,1457000000,-0.119,1572000000,-0.098,,1229000000,,27.91,,,,,,,,,,,,,,,,,,,,,,true,false,3,2023-04-01,2023-06-30,-1
2024-07-31,7508,2025-03-31,1,220000000000,0.140,,,,,8200000000,0.185,8500000000,0.161,,5600000000,,127.09,,,,,,,,,,,,,,,,,,,,,,true,true,12,2024-04-01,2025-03-31,0
2024-07-31,7508,2024-03-31,1,,,,,,,,,,,,,,,,,,,,61872000000,29973000000,0.484,,29973000000,,,,,,,,,,,,true,false,12,2023-04-01,2024-03-31,-1
2024-07-31,7508,2024-03-31,1,,,,,,,,,,,,,,,,,,,,,,,,,,,,,40.00,,,,44063754,446,,false,false,12,2023-04-01,2024-03-31,-1
2024-07-31,7508,2025-03-31,1,,,,,,,,,,,,,,,,,,,,,,,,,,,,,40.00,,,,,,,false,true,12,2024-04-01,2025-03-31,0
2024-07-31,7508,2025-03-31,1,,,,,,,,,,,,,,,,,,,,,,,,,,,,,,,,,44063754,446,44063308,false,false,3,2024-04-01,2024-06-30,0
2024-07-31,7508,2024-03-31,1,,,,,,,,,,,,,,,,,,,,,,,,,,,,,,,,,,,44063308,false,false,3,2023-04-01,2023-06-30,-1
2024-10-30,7508,2025-03-31,2,100994000000,0.085,,,,,2854000000,-0.019,3047000000,-0.025,,2040000000,,46.44,,,,,,66961000000,30645000000,0.458,,30645000000,,,,,,,,,,,,true,false,6,2024-04-01,2024-09-30,0
2024-10-30,7508,2024-03-31,2,93060000000,0.087,,,,,2909000000,-0.085,3123000000,-0.074,,2253000000,,51.14,,,,,,,,,,,,,,,,,,,,,,true,false,6,2023-04-01,2023-09-30,-1
2024-10-30,7508,2025-03-31,2,220000000000,0.140,,,,,8200000000,0.185,8500000000,0.161,,5600000000,,127.44,,,,,,,,,,,,,,,,,,,,,,true,true,12,2024-04-01,2025-03-31,0
2024-10-30,7508,2024-03-31,2,,,,,,,,,,,,,,,,,,,,61872000000,29973000000,0.484,,29973000000,,,,,,,,,,,,true,false,12,2023-04-01,2024-03-31,-1
2024-10-30,7508,2024-03-31,2,,,,,,,,,,,,,,,,,,,,,,,,,,,,,40.00,,,,44063754,446,,false,false,12,2023-04-01,2024-03-31,-1
2024-10-30,7508,2025-03-31,2,,,,,,,,,,,,,,,,,,,,,,,,,,,,,20.00,,,,,,,false,false,12,2024-04-01,2025-03-31,0
2024-10-30,7508,2025-03-31,2,,,,,,,,,,,,,,,,,,,,,,,,,,,,,40.00,,,,,,,false,true,12,2024-04-01,2025-03-31,0
2024-10-30,7508,2025-03-31,2,,,,,,,,,,,,,,,,,,,,,,,,,,,,,,,,,44071454,379446,43940824,false,false,6,2024-04-01,2024-09-30,0
2024-10-30,7508,2024-03-31,2,,,,,,,,,,,,,,,,,,,,,,,,,,,,,,,,,,,44063308,false,false,6,2023-04-01,2023-09-30,-1
2025-01-31,7508,2025-03-31,3,159797000000,0.097,,,,,5747000000,0.013,6050000000,0.015,,3884000000,,88.58,,,,,,70906000000,31621000000,0.446,,31621000000,,,,,,,,,,,,true,false,9,2024-04-01,2024-12-31,0
2025-01-31,7508,2024-03-31,3,145612000000,0.089,,,,,5671000000,-0.006,5963000000,0.001,,4173000000,,94.71,,,,,,,,,,,,,,,,,,,,,,true,false,9,2023-04-01,2023-12-31,-1
2025-01-31,7508,2025-03-31,3,220000000000,0.140,,,,,8200000000,0.185,8500000000,0.161,,5600000000,,127.69,,,,,,,,,,,,,,,,,,,,,,true,true,12,2024-04-01,2025-03-31,0
2025-01-31,7508,2024-03-31,3,,,,,,,,,,,,,,,,,,,,61872000000,29973000000,0.484,,29973000000,,,,,,,,,,,,true,false,12,2023-04-01,2024-03-31,-1
2025-01-31,7508,2024-03-31,3,,,,,,,,,,,,,,,,,,,,,,,,,,,,,40.00,,,,44063754,446,,false,false,12,2023-04-01,2024-03-31,-1
2025-01-31,7508,2025-03-31,3,,,,,,,,,,,,,,,,,,,,,,,,,,,,,20.00,,,,,,,false,false,12,2024-04-01,2025-03-31,0
2025-01-31,7508,2025-03-31,3,,,,,,,,,,,,,,,,,,,,,,,,,,,,,40.00,,,,,,,false,true,12,2024-04-01,2025-03-31,0
2025-01-31,7508,2025-03-31,3,,,,,,,,,,,,,,,,,,,,,,,,,,,,,,,,,44071454,379446,43857885,false,false,9,2024-04-01,2024-12-31,0
2025-01-31,7508,2024-03-31,3,,,,,,,,,,,,,,,,,,,,,,,,,,,,,,,,,,,44063308,false,false,9,2023-04-01,2023-12-31,-1
2025-05-13,7508,2025-03-31,,214129000000,0.110,,,,,7122000000,0.029,7466000000,0.020,,4939000000,,112.72,,0.158,0.113,0.033,,70693000000,32574000000,0.461,745.37,32574000000,7508000000,-8835000000,999000000,16809000000,,0.355,,,,,,true,false,12,2024-04-01,2025-03-31,0
2025-05-13,7508,2024-03-31,,192992000000,0.091,,,,,6920000000,0.064,7318000000,0.074,,5175000000,,117.46,,0.183,0.123,0.036,,61872000000,29973000000,0.484,680.23,29973000000,7392000000,-4002000000,-1944000000,17133000000,,0.341,,,,,,true,false,12,2023-04-01,2024-03-31,-1
2025-05-13,7508,2026-03-31,,230000000000,0.074,,,,,8500000000,0.193,8600000000,0.152,,5700000000,,130.09,,,,,,,,,,,,,,,,0.307,,,,,,true,true,12,2025-04-01,2026-03-31,1
2025-05-13,7508,2024-03-31,,,,,,,,,,,,,,,,,,,,,,,,,,,,,,40.00,,,,44063754,446,44063308,false,false,12,2023-04-01,2024-03-31,-1
2025-05-13,7508,2025-03-31,,,,,,,,,,,,,,,,,,,,,,,,,,,,,,40.00,,,,44071454,368766,43817306,false,false,12,2024-04-01,2025-03-31,0
2025-05-13,7508,2026-03-31,,,,,,,,,,,,,,,,,,,,,,,,,,,,,,40.00,,,,,,,false,true,12,2025-04-01,2026-03-31,1
2025-07-31,7508,2026-03-31,1,55679000000,0.144,,,,,1689000000,0.049,1797000000,0.046,,1191000000,,27.27,,,,,,71382000000,32880000000,0.461,,32880000000,,,,,,,,,,,,true,false,3,2025-04-01,2025-06-30,0
2025-07-31,7508,2025-03-31,1,48664000000,0.061,,,,,1610000000,0.105,1719000000,0.093,,977000000,,22.17,,,,,,,,,,,,,,,,,,,,,,true,false,3,2024-04-01,2024-06-30,-1
2025-07-31,7508,2026-03-31,1,230000000000,0.074,,,,,8500000000,0.193,8600000000,0.152,,5700000000,,130.43,,,,,,,,,,,,,,,,,,,,,,true,true,12,2025-04-01,2026-03-31,0
2025-07-31,7508,2025-03-31,1,,,,,,,,,,,,,,,,,,,,70693000000,32574000000,0.461,,32574000000,,,,,,,,,,,,true,false,12,2024-04-01,2025-03-31,-1
2025-07-31,7508,2025-03-31,1,,,,,,,,,,,,,,,,,,,,,,,,,,,,,40.00,,,,44071454,368766,,false,false,12,2024-04-01,2025-03-31,-1
2025-07-31,7508,2026-03-31,1,,,,,,,,,,,,,,,,,,,,,,,,,,,,,40.00,,,,,,,false,true,12,2025-04-01,2026-03-31,0
2025-07-31,7508,2026-03-31,1,,,,,,,,,,,,,,,,,,,,,,,,,,,,,,,,,44071454,368786,43702668,false,false,3,2025-04-01,2025-06-30,0
2025-07-31,7508,2025-03-31,1,,,,,,,,,,,,,,,,,,,,,,,,,,,,,,,,,,,44063308,false,false,3,2024-04-01,2024-06-30,-1
