filing_date,code,fiscal_year_end,quarterly_period,net_sales,net_sales_change,revenue,revenue_change,operating_revenue,operating_revenue_change,operating_profit,operating_profit_change,ordinary_profit,ordinary_profit_change,net_income,net_income_of_parent,net_income_change,eps,diluted_eps,roe,roa,operating_profit_to_net_sales,operating_profit_to_revenue,total_assets,net_assets,equity_ratio,bps,owner_equity,operating_cash_flow,investing_cash_flow,financing_cash_flow,cash,dividend_per_share,payout_ratio,commemorative_dividend,extra_dividend,number_of_shares,number_of_treqsury_shares,avg_number_of_shares,is_consolidated,is_forecast,duration,period_start,period_end,period_pos
2015-07-31,75100,2016-03-31,1,16368000000,0.223,,,,,437000000,0.470,449000000,0.454,,272000000,,18.50,,,,,,36680000000,20983000000,0.572,,20983000000,,,,,,,,,,,,true,false,3,2015-04-01,2015-06-30,0
2015-07-31,75100,2015-03-31,1,13381000000,-0.016,,,,,297000000,0.000,309000000,-0.042,,187000000,,12.75,,,,,,,,,,,,,,,,,,,,,,true,false,3,2014-04-01,2014-06-30,-1
2015-07-31,75100,2016-03-31,1,33000000000,0.021,,,,,890000000,0.022,910000000,0.019,,580000000,,39.42,,,,,,,,,,,,,,,,,,,,,,true,true,6,2015-04-01,2015-09-30,0
2015-07-31,75100,2016-03-31,1,70000000000,0.009,,,,,2070000000,0.095,2100000000,0.076,,1350000000,,91.74,,,,,,,,,,,,,,,,,,,,,,true,true,12,2015-04-01,2016-03-31,0
2015-07-31,75100,2015-03-31,1,,,,,,,,,,,,,,,,,,,,40220000000,20887000000,0.519,,20868000000,,,,,,,,,,,,true,false,12,2014-04-01,2015-03-31,-1
2015-07-31,75100,2015-03-31,1,,,,,,,,,,,,,,,,,,,,,,,,,,,,,23.00,,,,14798600,83739,,false,false,12,2014-04-01,2015-03-31,-1
2015-07-31,75100,2016-03-31,1,,,,,,,,,,,,,,,,,,,,,,,,,,,,,26.00,,,,,,,false,true,12,2015-04-01,2016-03-31,0
2015-07-31,75100,2016-03-31,1,,,,,,,,,,,,,,,,,,,,,,,,,,,,,,,,,14798600,83739,14714861,false,false,3,2015-04-01,2015-06-30,0
2015-07-31,75100,2015-03-31,1,,,,,,,,,,,,,,,,,,,,,,,,,,,,,,,,,,,14714911,false,false,3,2014-04-01,2014-06-30,-1
2015-10-30,75100,2016-03-31,2,34570000000,0.070,,,,,1011000000,0.161,1029000000,0.153,,627000000,,42.64,,,,,,38958000000,21192000000,0.544,,21192000000,,,,,,,,,,,,true,false,6,2015-04-01,2015-09-30,0
2015-10-30,75100,2015-03-31,2,32323000000,0.034,,,,,871000000,-0.034,893000000,-0.045,,550000000,,37.41,,,,,,,,,,,,,,,,,,,,,,true,false,6,2014-04-01,2014-09-30,-1
2015-10-30,75100,2016-03-31,2,70000000000,0.009,,,,,2070000000,0.095,2100000000,0.076,,1350000000,,91.74,,,,,,,,,,,,,,,,,,,,,,true,true,12,2015-04-01,2016-03-31,0
2015-10-30,75100,2015-03-31,2,,,,,,,,,,,,,,,,,,,,40220000000,20887000000,0.519,,20868000000,,,,,,,,,,,,true,false,12,2014-04-01,2015-03-31,-1
2015-10-30,75100,2015-03-31,2,,,,,,,,,,,,,,,,,,,,,,,,,,,,,23.00,,,,14798600,83739,,false,false,12,2014-04-01,2015-03-31,-1
2015-10-30,75100,2016-03-31,2,,,,,,,,,,,,,,,,,,,,,,,,,,,,,13.00,,,,,,,false,false,12,2015-04-01,2016-03-31,0
2015-10-30,75100,2016-03-31,2,,,,,,,,,,,,,,,,,,,,,,,,,,,,,26.00,,,,,,,false,true,12,2015-04-01,2016-03-31,0
2015-10-30,75100,2016-03-31,2,,,,,,,,,,,,,,,,,,,,,,,,,,,,,,,,,14798600,83789,14714847,false,false,6,2015-04-01,2015-09-30,0
2015-10-30,75100,2015-03-31,2,,,,,,,,,,,,,,,,,,,,,,,,,,,,,,,,,,,14714911,false,false,6,2014-04-01,2014-09-30,-1
2016-01-29,75100,2016-03-31,3,51319000000,0.065,,,,,1545000000,0.278,1586000000,0.246,,988000000,,67.21,,,,,,35974000000,21473000000,0.597,,21473000000,,,,,,,,,,,,true,false,9,2015-04-01,2015-12-31,0
2016-01-29,75100,2015-03-31,3,48206000000,0.003,,,,,1209000000,-0.068,1272000000,-0.060,,795000000,,54.05,,,,,,,,,,,,,,,,,,,,,,true,false,9,2014-04-01,2014-12-31,-1
2016-01-29,75100,2016-03-31,3,70000000000,0.009,,,,,2070000000,0.095,2100000000,0.076,,1350000000,,91.74,,,,,,,,,,,,,,,,,,,,,,true,true,12,2015-04-01,2016-03-31,0
2016-01-29,75100,2015-03-31,3,,,,,,,,,,,,,,,,,,,,40220000000,20887000000,0.519,,20868000000,,,,,,,,,,,,true,false,12,2014-04-01,2015-03-31,-1
2016-01-29,75100,2015-03-31,3,,,,,,,,,,,,,,,,,,,,,,,,,,,,,23.00,,,,14798600,83739,,false,false,12,2014-04-01,2015-03-31,-1
2016-01-29,75100,2016-03-31,3,,,,,,,,,,,,,,,,,,,,,,,,,,,,,13.00,,,,,,,false,false,12,2015-04-01,2016-03-31,0
2016-01-29,75100,2016-03-31,3,,,,,,,,,,,,,,,,,,,,,,,,,,,,,26.00,,,,,,,false,true,12,2015-04-01,2016-03-31,0
2016-01-29,75100,2016-03-31,3,,,,,,,,,,,,,,,,,,,,,,,,,,,,,,,,,14798600,83789,14714836,false,false,9,2015-04-01,2015-12-31,0
2016-01-29,75100,2015-03-31,3,,,,,,,,,,,,,,,,,,,,,,,,,,,,,,,,,,,14714896,false,false,9,2014-04-01,2014-12-31,-1
2016-04-28,75100,2016-03-31,,71152000000,0.026,,,,,2206000000,0.168,2239000000,0.147,,1389000000,,94.46,,0.065,0.056,0.031,,40246000000,21636000000,0.538,1470.41,21636000000,859000000,-188000000,-442000000,4318000000,,0.275,,,,,,true,false,12,2015-04-01,2016-03-31,0
2016-04-28,75100,2015-03-31,,69352000000,-0.042,,,,,1890000000,-0.088,1952000000,-0.086,,1165000000,,79.18,,0.058,0.048,0.027,,40220000000,20887000000,0.519,1419.50,20868000000,1118000000,-55000000,-408000000,4149000000,,0.290,,,,,,true,false,12,2014-04-01,2015-03-31,-1
2016-04-28,75100,2017-03-31,,33000000000,-0.045,,,,,1020000000,0.008,1040000000,0.010,,660000000,,44.85,,,,,,,,,,,,,,,,,,,,,,true,true,6,2016-04-01,2016-09-30,1
2016-04-28,75100,2017-03-31,,72000000000,0.012,,,,,2300000000,0.042,2350000000,0.049,,1540000000,,104.66,,,,,,,,,,,,,,,,0.306,,,,,,true,true,12,2016-04-01,2017-03-31,1
2016-04-28,75100,2016-03-31,,56275000000,0.087,,,,,1771000000,0.164,1787000000,0.132,1010000000,,0.064,68.68,,,,,,35531000000,19963000000,0.562,1356.66,19963000000,,,,,26.00,,,,14798600,83789,14714830,false,false,12,2015-04-01,2016-03-31,0
2016-04-28,75100,2015-03-31,,51776000000,-0.065,,,,,1521000000,-0.141,1579000000,-0.129,949000000,,-0.101,64.55,,,,,,34959000000,19448000000,0.556,1321.68,19448000000,,,,,23.00,,,,14798600,83739,14714888,false,false,12,2014-04-01,2015-03-31,-1
2016-04-28,75100,2017-03-31,,,,,,,,,,,,,,,,,,,,,,,,,,,,,,32.00,,,,,,,false,true,12,2016-04-01,2017-03-31,1
2016-07-29,75100,2017-03-31,1,15752000000,-0.038,,,,,530000000,0.214,549000000,0.223,,401000000,,27.28,,,,,,37366000000,21790000000,0.583,,21790000000,,,,,,,,,,,,true,false,3,2016-04-01,2016-06-30,0
2016-07-29,75100,2016-03-31,1,16368000000,0.223,,,,,437000000,0.470,449000000,0.454,,272000000,,18.50,,,,,,,,,,,,,,,,,,,,,,true,false,3,2015-04-01,2015-06-30,-1
2016-07-29,75100,2017-03-31,1,33000000000,-0.045,,,,,1020000000,0.008,1040000000,0.010,,660000000,,44.85,,,,,,,,,,,,,,,,,,,,,,true,true,6,2016-04-01,2016-09-30,0
2016-07-29,75100,2017-03-31,1,72000000000,0.012,,,,,2300000000,0.042,2350000000,0.049,,1540000000,,104.66,,,,,,,,,,,,,,,,,,,,,,true,true,12,2016-04-01,2017-03-31,0
2016-07-29,75100,2016-03-31,1,,,,,,,,,,,,,,,,,,,,40246000000,21636000000,0.538,,21636000000,,,,,,,,,,,,true,false,12,2015-04-01,2016-03-31,-1
2016-07-29,75100,2016-03-31,1,,,,,,,,,,,,,,,,,,,,,,,,,,,,,26.00,,,,14798600,83789,,false,false,12,2015-04-01,2016-03-31,-1
2016-07-29,75100,2017-03-31,1,,,,,,,,,,,,,,,,,,,,,,,,,,,,,32.00,,,,,,,false,true,12,2016-04-01,2017-03-31,0
2016-07-29,75100,2017-03-31,1,,,,,,,,,,,,,,,,,,,,,,,,,,,,,,,,,14798600,83789,14714811,false,false,3,2016-04-01,2016-06-30,0
2016-07-29,75100,2016-03-31,1,,,,,,,,,,,,,,,,,,,,,,,,,,,,,,,,,,,14714861,false,false,3,2015-04-01,2015-06-30,-1
2016-10-28,75100,2017-03-31,2,32413000000,-0.062,,,,,1185000000,0.172,1225000000,0.190,,863000000,,58.67,,,,,,37664000000,22232000000,0.590,,22232000000,,,,,,,,,,,,true,false,6,2016-04-01,2016-09-30,0
2016-10-28,75100,2016-03-31,2,34570000000,0.070,,,,,1011000000,0.161,1029000000,0.153,,627000000,,42.64,,,,,,,,,,,,,,,,,,,,,,true,false,6,2015-04-01,2015-09-30,-1
2016-10-28,75100,2017-03-31,2,72000000000,0.012,,,,,2300000000,0.042,2350000000,0.049,,1540000000,,104.66,,,,,,,,,,,,,,,,,,,,,,true,true,12,2016-04-01,2017-03-31,0
2016-10-28,75100,2016-03-31,2,,,,,,,,,,,,,,,,,,,,40246000000,21636000000,0.538,,21636000000,,,,,,,,,,,,true,false,12,2015-04-01,2016-03-31,-1
2016-10-28,75100,2016-03-31,2,,,,,,,,,,,,,,,,,,,,,,,,,,,,,26.00,,,,14798600,83789,,false,false,12,2015-04-01,2016-03-31,-1
2016-10-28,75100,2017-03-31,2,,,,,,,,,,,,,,,,,,,,,,,,,,,,,16.00,,,,,,,false,false,12,2016-04-01,2017-03-31,0
2016-10-28,75100,2017-03-31,2,,,,,,,,,,,,,,,,,,,,,,,,,,,,,32.00,,,,,,,false,true,12,2016-04-01,2017-03-31,0
2016-10-28,75100,2017-03-31,2,,,,,,,,,,,,,,,,,,,,,,,,,,,,,,,,,14798600,83789,14714811,false,false,6,2016-04-01,2016-09-30,0
2016-10-28,75100,2016-03-31,2,,,,,,,,,,,,,,,,,,,,,,,,,,,,,,,,,,,14714847,false,false,6,2015-04-01,2015-09-30,-1
2017-01-31,75100,2017-03-31,3,47998000000,-0.065,,,,,1772000000,0.147,1826000000,0.152,,1300000000,,88.41,,,,,,36365000000,22646000000,0.623,,22646000000,,,,,,,,,,,,true,false,9,2016-04-01,2016-12-31,0
2017-01-31,75100,2016-03-31,3,51319000000,0.065,,,,,1545000000,0.278,1586000000,0.246,,988000000,,67.21,,,,,,,,,,,,,,,,,,,,,,true,false,9,2015-04-01,2015-12-31,-1
2017-01-31,75100,2017-03-31,3,72000000000,0.012,,,,,2300000000,0.042,2350000000,0.049,,1540000000,,104.66,,,,,,,,,,,,,,,,,,,,,,true,true,12,2016-04-01,2017-03-31,0
2017-01-31,75100,2016-03-31,3,,,,,,,,,,,,,,,,,,,,40246000000,21636000000,0.538,,21636000000,,,,,,,,,,,,true,false,12,2015-04-01,2016-03-31,-1
2017-01-31,75100,2016-03-31,3,,,,,,,,,,,,,,,,,,,,,,,,,,,,,26.00,,,,14798600,83789,,false,false,12,2015-04-01,2016-03-31,-1
2017-01-31,75100,2017-03-31,3,,,,,,,,,,,,,,,,,,,,,,,,,,,,,16.00,,,,,,,false,false,12,2016-04-01,2017-03-31,0
2017-01-31,75100,2017-03-31,3,,,,,,,,,,,,,,,,,,,,,,,,,,,,,32.00,,,,,,,false,true,12,2016-04-01,2017-03-31,0
2017-01-31,75100,2017-03-31,3,,,,,,,,,,,,,,,,,,,,,,,,,,,,,,,,,14798600,83789,14714811,false,false,9,2016-04-01,2016-12-31,0
2017-01-31,75100,2016-03-31,3,,,,,,,,,,,,,,,,,,,,,,,,,,,,,,,,,,,14714836,false,false,9,2015-04-01,2015-12-31,-1
,75100,2017-03-31,,,,,,,,,,,,,,,,,,,,,,,,,,,,,,35.00,,,,,,,false,true,12,2016-04-01,2017-03-31,0
,75100,2017-03-31,,,,,,,,,,,,,,,,,,,,,,,,,,,,,,16.00,,,,,,,false,false,12,2016-04-01,2017-03-31,0
,75100,2016-03-31,,,,,,,,,,,,,,,,,,,,,,,,,,,,,,26.00,,,,,,,false,false,12,2015-04-01,2016-03-31,-1
2017-04-28,75100,2017-03-31,,71267000000,0.002,,,,,2540000000,0.151,2570000000,0.148,,1818000000,,123.60,,0.081,0.061,0.036,,43594000000,23395000000,0.537,1589.92,23395000000,538000000,-197000000,-813000000,3818000000,,0.283,,,,,,true,false,12,2016-04-01,2017-03-31,0
2017-04-28,75100,2016-03-31,,71152000000,0.026,,,,,2206000000,0.168,2239000000,0.147,,1389000000,,94.46,,0.065,0.056,0.031,,40246000000,21636000000,0.538,1470.41,21636000000,859000000,-188000000,-442000000,4318000000,,0.275,,,,,,true,false,12,2015-04-01,2016-03-31,-1
2017-04-28,75100,2018-03-31,,33000000000,0.018,,,,,1220000000,0.029,1240000000,0.012,,810000000,,55.05,,,,,,,,,,,,,,,,,,,,,,true,true,6,2017-04-01,2017-09-30,1
2017-04-28,75100,2018-03-31,,73000000000,0.024,,,,,2570000000,0.012,2600000000,0.011,,1700000000,,115.53,,,,,,,,,,,,,,,,0.329,,,,,,true,true,12,2017-04-01,2018-03-31,1
2017-04-28,75100,2017-03-31,,58178000000,0.034,,,,,2111000000,0.192,2101000000,0.175,1522000000,,0.506,103.44,,,,,,38683000000,21475000000,0.555,1459.46,21475000000,,,,,35.00,,,,14798600,83789,14714811,false,false,12,2016-04-01,2017-03-31,0
2017-04-28,75100,2016-03-31,,56275000000,0.087,,,,,1771000000,0.164,1787000000,0.132,1010000000,,0.064,68.68,,,,,,35531000000,19963000000,0.562,1356.66,19963000000,,,,,26.00,,,,14798600,83789,14714830,false,false,12,2015-04-01,2016-03-31,-1
2017-04-28,75100,2018-03-31,,,,,,,,,,,,,,,,,,,,,,,,,,,,,,38.00,,,,,,,false,true,12,2017-04-01,2018-03-31,1
2017-07-28,75100,2018-03-31,1,15904000000,0.010,,,,,622000000,0.173,656000000,0.194,,485000000,,32.99,,,,,,38623000000,23773000000,0.616,,23773000000,,,,,,,,,,,,true,false,3,2017-04-01,2017-06-30,0
2017-07-28,75100,2017-03-31,1,15752000000,-0.038,,,,,530000000,0.214,549000000,0.223,,401000000,,27.28,,,,,,,,,,,,,,,,,,,,,,true,false,3,2016-04-01,2016-06-30,-1
2017-07-28,75100,2018-03-31,1,33000000000,0.018,,,,,1220000000,0.029,1240000000,0.012,,810000000,,55.05,,,,,,,,,,,,,,,,,,,,,,true,true,6,2017-04-01,2017-09-30,0
2017-07-28,75100,2018-03-31,1,73000000000,0.024,,,,,2570000000,0.012,2600000000,0.011,,1700000000,,115.53,,,,,,,,,,,,,,,,,,,,,,true,true,12,2017-04-01,2018-03-31,0
2017-07-28,75100,2017-03-31,1,,,,,,,,,,,,,,,,,,,,43594000000,23395000000,0.537,,23395000000,,,,,,,,,,,,true,false,12,2016-04-01,2017-03-31,-1
2017-07-28,75100,2017-03-31,1,,,,,,,,,,,,,,,,,,,,,,,,,,,,,35.00,,,,14798600,83789,,false,false,12,2016-04-01,2017-03-31,-1
2017-07-28,75100,2018-03-31,1,,,,,,,,,,,,,,,,,,,,,,,,,,,,,38.00,,,,,,,false,true,12,2017-04-01,2018-03-31,0
2017-07-28,75100,2018-03-31,1,,,,,,,,,,,,,,,,,,,,,,,,,,,,,,,,,14798600,83789,14714811,false,false,3,2017-04-01,2017-06-30,0
2017-07-28,75100,2017-03-31,1,,,,,,,,,,,,,,,,,,,,,,,,,,,,,,,,,,,14714811,false,false,3,2016-04-01,2016-06-30,-1
2017-10-31,75100,2018-03-31,2,34884000000,0.076,,,,,1449000000,0.222,1487000000,0.214,,1023000000,,69.56,,,,,,42040000000,24570000000,0.584,,24570000000,,,,,,,,,,,,true,false,6,2017-04-01,2017-09-30,0
2017-10-31,75100,2017-03-31,2,32413000000,-0.062,,,,,1185000000,0.172,1225000000,0.190,,863000000,,58.67,,,,,,,,,,,,,,,,,,,,,,true,false,6,2016-04-01,2016-09-30,-1
2017-10-31,75100,2018-03-31,2,73000000000,0.024,,,,,2570000000,0.012,2600000000,0.011,,1700000000,,115.53,,,,,,,,,,,,,,,,,,,,,,true,true,12,2017-04-01,2018-03-31,0
2017-10-31,75100,2017-03-31,2,,,,,,,,,,,,,,,,,,,,43594000000,23395000000,0.537,,23395000000,,,,,,,,,,,,true,false,12,2016-04-01,2017-03-31,-1
2017-10-31,75100,2017-03-31,2,,,,,,,,,,,,,,,,,,,,,,,,,,,,,35.00,,,,14798600,83789,,false,false,12,2016-04-01,2017-03-31,-1
2017-10-31,75100,2018-03-31,2,,,,,,,,,,,,,,,,,,,,,,,,,,,,,19.00,,,,,,,false,false,12,2017-04-01,2018-03-31,0
2017-10-31,75100,2018-03-31,2,,,,,,,,,,,,,,,,,,,,,,,,,,,,,38.00,,,,,,,false,true,12,2017-04-01,2018-03-31,0
2017-10-31,75100,2018-03-31,2,,,,,,,,,,,,,,,,,,,,,,,,,,,,,,,,,14798600,83789,14714811,false,false,6,2017-04-01,2017-09-30,0
2017-10-31,75100,2017-03-31,2,,,,,,,,,,,,,,,,,,,,,,,,,,,,,,,,,,,14714811,false,false,6,2016-04-01,2016-09-30,-1
2018-01-31,75100,2018-03-31,3,55112000000,0.148,,,,,2423000000,0.368,2476000000,0.356,,1682000000,,114.36,,,,,,44912000000,25302000000,0.563,,25302000000,,,,,,,,,,,,true,false,9,2017-04-01,2017-12-31,0
2018-01-31,75100,2017-03-31,3,47998000000,-0.065,,,,,1772000000,0.147,1826000000,0.152,,1300000000,,88.41,,,,,,,,,,,,,,,,,,,,,,true,false,9,2016-04-01,2016-12-31,-1
2018-01-31,75100,2018-03-31,3,77000000000,0.080,,,,,2860000000,0.126,2900000000,0.128,,1900000000,,129.12,,,,,,,,,,,,,,,,,,,,,,true,true,12,2017-04-01,2018-03-31,0
2018-01-31,75100,2017-03-31,3,,,,,,,,,,,,,,,,,,,,43594000000,23395000000,0.537,,23395000000,,,,,,,,,,,,true,false,12,2016-04-01,2017-03-31,-1
2018-01-31,75100,2017-03-31,3,,,,,,,,,,,,,,,,,,,,,,,,,,,,,35.00,,,,14798600,83789,,false,false,12,2016-04-01,2017-03-31,-1
2018-01-31,75100,2018-03-31,3,,,,,,,,,,,,,,,,,,,,,,,,,,,,,19.00,,,,,,,false,false,12,2017-04-01,2018-03-31,0
2018-01-31,75100,2018-03-31,3,,,,,,,,,,,,,,,,,,,,,,,,,,,,,38.00,,,,,,,false,true,12,2017-04-01,2018-03-31,0
2018-01-31,75100,2018-03-31,3,,,,,,,,,,,,,,,,,,,,,,,,,,,,,,,,,14798600,83789,14714811,false,false,9,2017-04-01,2017-12-31,0
2018-01-31,75100,2017-03-31,3,,,,,,,,,,,,,,,,,,,,,,,,,,,,,,,,,,,14714811,false,false,9,2016-04-01,2016-12-31,-1
,75100,2018-03-31,,,,,,,,,,,,,,,,,,,,,,,,,,,,,,40.00,,,,,,,false,true,12,2017-04-01,2018-03-31,0
,75100,2018-03-31,,,,,,,,,,,,,,,,,,,,,,,,,,,,,,19.00,,,,,,,false,false,12,2017-04-01,2018-03-31,0
,75100,2017-03-31,,,,,,,,,,,,,,,,,,,,,,,,,,,,,,35.00,,,,,,,false,false,12,2016-04-01,2017-03-31,-1
2018-04-27,75100,2018-03-31,,77062000000,0.081,,,,,3349000000,0.319,3387000000,0.318,,2346000000,,159.43,,0.095,0.073,0.043,,49304000000,25848000000,0.524,1756.61,25848000000,3101000000,203000000,-538000000,6615000000,,0.251,,,,,,true,false,12,2017-04-01,2018-03-31,0
2018-04-27,75100,2017-03-31,,71267000000,0.002,,,,,2540000000,0.151,2570000000,0.148,,1818000000,,123.60,,0.081,0.061,0.036,,43594000000,23395000000,0.537,1589.92,23395000000,538000000,-197000000,-813000000,3818000000,,0.283,,,,,,true,false,12,2016-04-01,2017-03-31,-1
2018-04-27,75100,2019-03-31,,40000000000,0.147,,,,,1510000000,0.042,1530000000,0.028,,1030000000,,70.00,,,,,,,,,,,,,,,,,,,,,,true,true,6,2018-04-01,2018-09-30,1
2018-04-27,75100,2019-03-31,,83000000000,0.077,,,,,3470000000,0.036,3490000000,0.030,,2350000000,,159.70,,,,,,,,,,,,,,,,0.276,,,,,,true,true,12,2018-04-01,2019-03-31,1
2018-04-27,75100,2018-03-31,,63974000000,0.100,,,,,2851000000,0.351,2881000000,0.371,2037000000,,0.338,138.44,,,,,,43982000000,23609000000,0.537,1604.45,23609000000,,,,,40.00,,,,14798600,83789,14714811,false,false,12,2017-04-01,2018-03-31,0
2018-04-27,75100,2017-03-31,,58178000000,0.034,,,,,2111000000,0.192,2101000000,0.175,1522000000,,0.506,103.44,,,,,,38683000000,21475000000,0.555,1459.46,21475000000,,,,,35.00,,,,14798600,83789,14714811,false,false,12,2016-04-01,2017-03-31,-1
2018-04-27,75100,2019-03-31,,,,,,,,,,,,,,,,,,,,,,,,,,,,,,44.00,,,,,,,false,true,12,2018-04-01,2019-03-31,1
2018-07-27,75100,2019-03-31,1,23289000000,0.464,,,,,931000000,0.496,959000000,0.462,,629000000,,42.78,,,,,,46023000000,26022000000,0.565,,26022000000,,,,,,,,,,,,true,false,3,2018-04-01,2018-06-30,0
2018-07-27,75100,2018-03-31,1,15904000000,0.010,,,,,622000000,0.173,656000000,0.194,,485000000,,32.99,,,,,,,,,,,,,,,,,,,,,,true,false,3,2017-04-01,2017-06-30,-1
2018-07-27,75100,2019-03-31,1,40000000000,0.147,,,,,1510000000,0.042,1530000000,0.028,,1030000000,,70.00,,,,,,,,,,,,,,,,,,,,,,true,true,6,2018-04-01,2018-09-30,0
2018-07-27,75100,2019-03-31,1,83000000000,0.077,,,,,3470000000,0.036,3490000000,0.030,,2350000000,,159.70,,,,,,,,,,,,,,,,,,,,,,true,true,12,2018-04-01,2019-03-31,0
2018-07-27,75100,2018-03-31,1,,,,,,,,,,,,,,,,,,,,48978000000,25848000000,0.528,,25848000000,,,,,,,,,,,,true,false,12,2017-04-01,2018-03-31,-1
2018-07-27,75100,2018-03-31,1,,,,,,,,,,,,,,,,,,,,,,,,,,,,,40.00,,,,14798600,83789,,false,false,12,2017-04-01,2018-03-31,-1
2018-07-27,75100,2019-03-31,1,,,,,,,,,,,,,,,,,,,,,,,,,,,,,44.00,,,,,,,false,true,12,2018-04-01,2019-03-31,0
2018-07-27,75100,2019-03-31,1,,,,,,,,,,,,,,,,,,,,,,,,,,,,,,,,,14798600,83789,14714811,false,false,3,2018-04-01,2018-06-30,0
2018-07-27,75100,2018-03-31,1,,,,,,,,,,,,,,,,,,,,,,,,,,,,,,,,,,,14714811,false,false,3,2017-04-01,2017-06-30,-1
2018-08-28,75100,2019-03-31,,42000000000,0.050,,,,,1750000000,0.159,1770000000,0.157,,1180000000,,80.19,,,,,,,,,,,,,,,,,,,,,,true,true,6,2018-04-01,2018-09-30,0
2018-08-28,75100,2018-03-31,,34884000000,,,,,,1449000000,,1487000000,,,1023000000,,69.56,,,,,,,,,,,,,,,,,,,,,,true,false,6,2017-04-01,2017-09-30,-1
2018-08-28,75100,2019-03-31,,,,,,,,,,,,,,,,,,,,,,,,,,,,,,46.00,,,,,,,false,true,12,2018-04-01,2019-03-31,0
2018-08-28,75100,2018-03-31,,,,,,,,,,,,,,,,,,,,,,,,,,,,,,40.00,,,,,,,false,false,12,2017-04-01,2018-03-31,-1
2018-10-31,75100,2019-03-31,2,43412000000,0.244,,,,,1890000000,0.305,1936000000,0.302,,1268000000,,86.24,,,,,,45214000000,26701000000,0.591,,26701000000,,,,,,,,,,,,true,false,6,2018-04-01,2018-09-30,0
2018-10-31,75100,2018-03-31,2,34884000000,0.076,,,,,1449000000,0.222,1487000000,0.214,,1023000000,,69.56,,,,,,,,,,,,,,,,,,,,,,true,false,6,2017-04-01,2017-09-30,-1
2018-10-31,75100,2019-03-31,2,83000000000,0.077,,,,,3470000000,0.036,3490000000,0.030,,2350000000,,159.70,,,,,,,,,,,,,,,,,,,,,,true,true,12,2018-04-01,2019-03-31,0
2018-10-31,75100,2018-03-31,2,,,,,,,,,,,,,,,,,,,,48978000000,25848000000,0.528,,25848000000,,,,,,,,,,,,true,false,12,2017-04-01,2018-03-31,-1
2018-10-31,75100,2018-03-31,2,,,,,,,,,,,,,,,,,,,,,,,,,,,,,40.00,,,,14798600,83789,,false,false,12,2017-04-01,2018-03-31,-1
2018-10-31,75100,2019-03-31,2,,,,,,,,,,,,,,,,,,,,,,,,,,,,,24.00,,,,,,,false,false,12,2018-04-01,2019-03-31,0
2018-10-31,75100,2019-03-31,2,,,,,,,,,,,,,,,,,,,,,,,,,,,,,46.00,,,,,,,false,true,12,2018-04-01,2019-03-31,0
2018-10-31,75100,2019-03-31,2,,,,,,,,,,,,,,,,,,,,,,,,,,,,,,,,,14798600,83827,14714800,false,false,6,2018-04-01,2018-09-30,0
2018-10-31,75100,2018-03-31,2,,,,,,,,,,,,,,,,,,,,,,,,,,,,,,,,,,,14714811,false,false,6,2017-04-01,2017-09-30,-1
2019-01-31,75100,2019-03-31,3,64219000000,0.165,,,,,3069000000,0.266,3153000000,0.273,,2084000000,,141.69,,,,,,43696000000,26532000000,0.607,,26532000000,,,,,,,,,,,,true,false,9,2018-04-01,2018-12-31,0
2019-01-31,75100,2018-03-31,3,55112000000,0.148,,,,,2423000000,0.368,2476000000,0.356,,1682000000,,114.36,,,,,,,,,,,,,,,,,,,,,,true,false,9,2017-04-01,2017-12-31,-1
2019-01-31,75100,2019-03-31,3,83000000000,0.077,,,,,3470000000,0.036,3490000000,0.030,,2350000000,,159.70,,,,,,,,,,,,,,,,,,,,,,true,true,12,2018-04-01,2019-03-31,0
2019-01-31,75100,2018-03-31,3,,,,,,,,,,,,,,,,,,,,48978000000,25848000000,0.528,,25848000000,,,,,,,,,,,,true,false,12,2017-04-01,2018-03-31,-1
2019-01-31,75100,2018-03-31,3,,,,,,,,,,,,,,,,,,,,,,,,,,,,,40.00,,,,14798600,83789,,false,false,12,2017-04-01,2018-03-31,-1
2019-01-31,75100,2019-03-31,3,,,,,,,,,,,,,,,,,,,,,,,,,,,,,24.00,,,,,,,false,false,12,2018-04-01,2019-03-31,0
2019-01-31,75100,2019-03-31,3,,,,,,,,,,,,,,,,,,,,,,,,,,,,,46.00,,,,,,,false,true,12,2018-04-01,2019-03-31,0
2019-01-31,75100,2019-03-31,3,,,,,,,,,,,,,,,,,,,,,,,,,,,,,,,,,14798600,83832,14714791,false,false,9,2018-04-01,2018-12-31,0
2019-01-31,75100,2018-03-31,3,,,,,,,,,,,,,,,,,,,,,,,,,,,,,,,,,,,14714811,false,false,9,2017-04-01,2017-12-31,-1
,75100,2019-03-31,,,,,,,,,,,,,,,,,,,,,,,,,,,,,,48.00,,,,,,,false,true,12,2018-04-01,2019-03-31,0
,75100,2019-03-31,,,,,,,,,,,,,,,,,,,,,,,,,,,,,,24.00,,,,,,,false,false,12,2018-04-01,2019-03-31,0
,75100,2018-03-31,,,,,,,,,,,,,,,,,,,,,,,,,,,,,,40.00,,,,,,,false,false,12,2017-04-01,2018-03-31,-1
2019-04-26,75100,2019-03-31,,83384000000,0.082,,,,,3839000000,0.146,3919000000,0.157,,2569000000,,174.64,,0.097,0.084,0.046,,44290000000,27374000000,0.618,1860.37,27374000000,-559000000,-487000000,-881000000,4657000000,,0.275,,,,,,true,false,12,2018-04-01,2019-03-31,0
2019-04-26,75100,2018-03-31,,77062000000,0.081,,,,,3349000000,0.319,3387000000,0.318,,2346000000,,159.43,,0.095,0.073,0.043,,48978000000,25848000000,0.528,1756.61,25848000000,3101000000,203000000,-538000000,6615000000,,0.251,,,,,,true,false,12,2017-04-01,2018-03-31,-1
2019-04-26,75100,2020-03-31,,38000000000,-0.125,,,,,1410000000,-0.254,1420000000,-0.267,,920000000,,62.52,,,,,,,,,,,,,,,,,,,,,,true,true,6,2019-04-01,2019-09-30,1
2019-04-26,75100,2020-03-31,,78000000000,-0.065,,,,,2980000000,-0.224,3000000000,-0.235,,1950000000,,132.52,,,,,,,,,,,,,,,,0.362,,,,,,true,true,12,2019-04-01,2020-03-31,1
2019-04-26,75100,2019-03-31,,70557000000,0.103,,,,,3337000000,0.170,3378000000,0.173,2233000000,,0.096,151.77,,,,,,39152000000,24818000000,0.634,1686.66,24818000000,,,,,48.00,,,,14798600,83832,14714785,false,false,12,2018-04-01,2019-03-31,0
2019-04-26,75100,2018-03-31,,63974000000,0.100,,,,,2851000000,0.351,2881000000,0.371,2037000000,,0.338,138.44,,,,,,43655000000,23609000000,0.541,1604.45,23609000000,,,,,40.00,,,,14798600,83789,14714811,false,false,12,2017-04-01,2018-03-31,-1
2019-04-26,75100,2020-03-31,,,,,,,,,,,,,,,,,,,,,,,,,,,,,,48.00,,,,,,,false,true,12,2019-04-01,2020-03-31,1
2019-07-31,75100,2020-03-31,1,17607000000,-0.244,,,,,590000000,-0.366,625000000,-0.348,,419000000,,28.51,,,,,,43610000000,27417000000,0.629,,27417000000,,,,,,,,,,,,true,false,3,2019-04-01,2019-06-30,0
2019-07-31,75100,2019-03-31,1,23289000000,0.464,,,,,931000000,0.496,959000000,0.462,,629000000,,42.78,,,,,,,,,,,,,,,,,,,,,,true,false,3,2018-04-01,2018-06-30,-1
2019-07-31,75100,2020-03-31,1,38000000000,-0.125,,,,,1410000000,-0.254,1420000000,-0.267,,920000000,,62.52,,,,,,,,,,,,,,,,,,,,,,true,true,6,2019-04-01,2019-09-30,0
2019-07-31,75100,2020-03-31,1,78000000000,-0.065,,,,,2980000000,-0.224,3000000000,-0.235,,1950000000,,132.52,,,,,,,,,,,,,,,,,,,,,,true,true,12,2019-04-01,2020-03-31,0
2019-07-31,75100,2019-03-31,1,,,,,,,,,,,,,,,,,,,,44290000000,27374000000,0.618,,27374000000,,,,,,,,,,,,true,false,12,2018-04-01,2019-03-31,-1
2019-07-31,75100,2019-03-31,1,,,,,,,,,,,,,,,,,,,,,,,,,,,,,48.00,,,,14798600,83832,,false,false,12,2018-04-01,2019-03-31,-1
2019-07-31,75100,2020-03-31,1,,,,,,,,,,,,,,,,,,,,,,,,,,,,,48.00,,,,,,,false,true,12,2019-04-01,2020-03-31,0
2019-07-31,75100,2020-03-31,1,,,,,,,,,,,,,,,,,,,,,,,,,,,,,,,,,14798600,83832,14714768,false,false,3,2019-04-01,2019-06-30,0
2019-07-31,75100,2019-03-31,1,,,,,,,,,,,,,,,,,,,,,,,,,,,,,,,,,,,14714811,false,false,3,2018-04-01,2018-06-30,-1
2019-10-31,75100,2020-03-31,2,38507000000,-0.113,,,,,1379000000,-0.270,1429000000,-0.262,,977000000,,66.41,,,,,,43441000000,28100000000,0.647,,28100000000,,,,,,,,,,,,true,false,6,2019-04-01,2019-09-30,0
2019-10-31,75100,2019-03-31,2,43412000000,0.244,,,,,1890000000,0.305,1936000000,0.302,,1268000000,,86.24,,,,,,,,,,,,,,,,,,,,,,true,false,6,2018-04-01,2018-09-30,-1
2019-10-31,75100,2020-03-31,2,76000000000,-0.089,,,,,2640000000,-0.312,2700000000,-0.311,,1780000000,,120.97,,,,,,,,,,,,,,,,,,,,,,true,true,12,2019-04-01,2020-03-31,0
2019-10-31,75100,2019-03-31,2,,,,,,,,,,,,,,,,,,,,44290000000,27374000000,0.618,,27374000000,,,,,,,,,,,,true,false,12,2018-04-01,2019-03-31,-1
2019-10-31,75100,2019-03-31,2,,,,,,,,,,,,,,,,,,,,,,,,,,,,,48.00,,,,14798600,83832,,false,false,12,2018-04-01,2019-03-31,-1
2019-10-31,75100,2020-03-31,2,,,,,,,,,,,,,,,,,,,,,,,,,,,,,24.00,,,,,,,false,false,12,2019-04-01,2020-03-31,0
2019-10-31,75100,2020-03-31,2,,,,,,,,,,,,,,,,,,,,,,,,,,,,,48.00,,,,,,,false,true,12,2019-04-01,2020-03-31,0
2019-10-31,75100,2020-03-31,2,,,,,,,,,,,,,,,,,,,,,,,,,,,,,,,,,14798600,83832,14714768,false,false,6,2019-04-01,2019-09-30,0
2019-10-31,75100,2019-03-31,2,,,,,,,,,,,,,,,,,,,,,,,,,,,,,,,,,,,14714800,false,false,6,2018-04-01,2018-09-30,-1
2020-01-31,75100,2020-03-31,3,55660000000,-0.133,,,,,1888000000,-0.385,1978000000,-0.373,,1312000000,,89.22,,,,,,42555000000,28383000000,0.667,,28383000000,,,,,,,,,,,,true,false,9,2019-04-01,2019-12-31,0
2020-01-31,75100,2019-03-31,3,64219000000,0.165,,,,,3069000000,0.266,3153000000,0.273,,2084000000,,141.69,,,,,,,,,,,,,,,,,,,,,,true,false,9,2018-04-01,2018-12-31,-1
2020-01-31,75100,2020-03-31,3,76000000000,-0.089,,,,,2640000000,-0.312,2700000000,-0.311,,1780000000,,120.97,,,,,,,,,,,,,,,,,,,,,,true,true,12,2019-04-01,2020-03-31,0
2020-01-31,75100,2019-03-31,3,,,,,,,,,,,,,,,,,,,,44290000000,27374000000,0.618,,27374000000,,,,,,,,,,,,true,false,12,2018-04-01,2019-03-31,-1
2020-01-31,75100,2019-03-31,3,,,,,,,,,,,,,,,,,,,,,,,,,,,,,48.00,,,,14798600,83832,,false,false,12,2018-04-01,2019-03-31,-1
2020-01-31,75100,2020-03-31,3,,,,,,,,,,,,,,,,,,,,,,,,,,,,,24.00,,,,,,,false,false,12,2019-04-01,2020-03-31,0
2020-01-31,75100,2020-03-31,3,,,,,,,,,,,,,,,,,,,,,,,,,,,,,48.00,,,,,,,false,true,12,2019-04-01,2020-03-31,0
2020-01-31,75100,2020-03-31,3,,,,,,,,,,,,,,,,,,,,,,,,,,,,,,,,,14798600,83905,14714753,false,false,9,2019-04-01,2019-12-31,0
2020-01-31,75100,2019-03-31,3,,,,,,,,,,,,,,,,,,,,,,,,,,,,,,,,,,,14714791,false,false,9,2018-04-01,2018-12-31,-1
2020-04-28,75100,2020-03-31,,74268000000,-0.109,,,,,2504000000,-0.348,2584000000,-0.340,,1631000000,,110.87,,0.059,0.059,0.034,,43600000000,28166000000,0.646,1914.16,28166000000,3857000000,-667000000,-718000000,7141000000,,0.433,,,,,,true,false,12,2019-04-01,2020-03-31,0
2020-04-28,75100,2019-03-31,,83384000000,0.082,,,,,3839000000,0.146,3919000000,0.157,,2569000000,,174.64,,0.097,0.084,0.046,,44290000000,27374000000,0.618,1860.37,27374000000,-559000000,-487000000,-881000000,4657000000,,0.275,,,,,,true,false,12,2018-04-01,2019-03-31,-1
2020-04-28,75100,2020-03-31,,62359000000,-0.116,,,,,2209000000,-0.338,2278000000,-0.326,1468000000,,-0.342,99.80,,,,,,38602000000,25467000000,0.660,1730.74,25467000000,,,,,48.00,,,,14798600,83905,14714740,false,false,12,2019-04-01,2020-03-31,0
2020-04-28,75100,2019-03-31,,70557000000,0.103,,,,,3337000000,0.170,3378000000,0.173,2233000000,,0.096,151.77,,,,,,39152000000,24818000000,0.634,1686.66,24818000000,,,,,48.00,,,,14798600,83832,14714785,false,false,12,2018-04-01,2019-03-31,-1
2020-07-31,75100,2021-03-31,1,14500000000,-0.176,,,,,520000000,-0.118,586000000,-0.063,,391000000,,26.59,,,,,,41278000000,28425000000,0.689,,28425000000,,,,,,,,,,,,true,false,3,2020-04-01,2020-06-30,0
2020-07-31,75100,2020-03-31,1,17607000000,-0.244,,,,,590000000,-0.366,625000000,-0.348,,419000000,,28.51,,,,,,,,,,,,,,,,,,,,,,true,false,3,2019-04-01,2019-06-30,-1
2020-07-31,75100,2021-03-31,1,29300000000,-0.239,,,,,730000000,-0.471,800000000,-0.440,,510000000,,34.66,,,,,,,,,,,,,,,,,,,,,,true,true,6,2020-04-01,2020-09-30,0
2020-07-31,75100,2020-03-31,1,,,,,,,,,,,,,,,,,,,,43600000000,28166000000,0.646,,28166000000,,,,,,,,,,,,true,false,12,2019-04-01,2020-03-31,-1
2020-07-31,75100,2020-03-31,1,,,,,,,,,,,,,,,,,,,,,,,,,,,,,48.00,,,,14798600,83905,,false,false,12,2019-04-01,2020-03-31,-1
2020-07-31,75100,2021-03-31,1,,,,,,,,,,,,,,,,,,,,,,,,,,,,,17.00,,,,,,,false,true,12,2020-04-01,2021-03-31,0
2020-07-31,75100,2021-03-31,1,,,,,,,,,,,,,,,,,,,,,,,,,,,,,,,,,14798600,83905,14714695,false,false,3,2020-04-01,2020-06-30,0
2020-07-31,75100,2020-03-31,1,,,,,,,,,,,,,,,,,,,,,,,,,,,,,,,,,,,14714768,false,false,3,2019-04-01,2019-06-30,-1
2020-07-31,75100,2021-03-31,,29300000000,,,,,,730000000,,800000000,,,510000000,,34.66,,,,,,,,,,,,,,,,,,,,,,true,true,6,2020-04-01,2020-09-30,0
2020-07-31,75100,2020-03-31,,38507000000,,,,,,1379000000,,1429000000,,,977000000,,66.41,,,,,,,,,,,,,,,,,,,,,,true,false,6,2019-04-01,2019-09-30,-1
2020-07-31,75100,2021-03-31,,,,,,,,,,,,,,,,,,,,,,,,,,,,,,17.00,,,,,,,false,true,12,2020-04-01,2021-03-31,0
2020-07-31,75100,2020-03-31,,,,,,,,,,,,,,,,,,,,,,,,,,,,,,48.00,,,,,,,false,false,12,2019-04-01,2020-03-31,-1
2020-10-30,75100,2021-03-31,2,28820000000,-0.252,,,,,1026000000,-0.256,1112000000,-0.222,,727000000,,49.43,,,,,,41228000000,29124000000,0.706,,29124000000,,,,,,,,,,,,true,false,6,2020-04-01,2020-09-30,0
2020-10-30,75100,2020-03-31,2,38507000000,-0.113,,,,,1379000000,-0.270,1429000000,-0.262,,977000000,,66.41,,,,,,,,,,,,,,,,,,,,,,true,false,6,2019-04-01,2019-09-30,-1
2020-10-30,75100,2021-03-31,2,62000000000,-0.165,,,,,1950000000,-0.221,2050000000,-0.207,,1300000000,,88.35,,,,,,,,,,,,,,,,,,,,,,true,true,12,2020-04-01,2021-03-31,0
2020-10-30,75100,2020-03-31,2,,,,,,,,,,,,,,,,,,,,43600000000,28166000000,0.646,,28166000000,,,,,,,,,,,,true,false,12,2019-04-01,2020-03-31,-1
2020-10-30,75100,2020-03-31,2,,,,,,,,,,,,,,,,,,,,,,,,,,,,,48.00,,,,14798600,83905,,false,false,12,2019-04-01,2020-03-31,-1
2020-10-30,75100,2021-03-31,2,,,,,,,,,,,,,,,,,,,,,,,,,,,,,19.00,,,,,,,false,false,12,2020-04-01,2021-03-31,0
2020-10-30,75100,2021-03-31,2,,,,,,,,,,,,,,,,,,,,,,,,,,,,,38.00,,,,,,,false,true,12,2020-04-01,2021-03-31,0
2020-10-30,75100,2021-03-31,2,,,,,,,,,,,,,,,,,,,,,,,,,,,,,,,,,14798600,83935,14714686,false,false,6,2020-04-01,2020-09-30,0
2020-10-30,75100,2020-03-31,2,,,,,,,,,,,,,,,,,,,,,,,,,,,,,,,,,,,14714768,false,false,6,2019-04-01,2019-09-30,-1
2020-10-30,75100,2021-03-31,,62000000000,,,,,,1950000000,,2050000000,,1300000000,,,88.35,,,,,,,,,,,,,,,,,,,,,,true,true,12,2020-04-01,2021-03-31,0
2020-10-30,75100,2020-03-31,,74268000000,,,,,,2504000000,,2584000000,,1631000000,,,110.87,,,,,,,,,,,,,,,,,,,,,,true,false,12,2019-04-01,2020-03-31,-1
2020-10-30,75100,2021-03-31,,,,,,,,,,,,,,,,,,,,,,,,,,,,,,38.00,,,,,,,false,true,12,2020-04-01,2021-03-31,0
2020-10-30,75100,2021-03-31,,,,,,,,,,,,,,,,,,,,,,,,,,,,,,19.00,,,,,,,false,false,12,2020-04-01,2021-03-31,0
2020-10-30,75100,2020-03-31,,,,,,,,,,,,,,,,,,,,,,,,,,,,,,48.00,,,,,,,false,false,12,2019-04-01,2020-03-31,-1
2020-10-30,75100,2021-03-31,,28820000000,-0.016,,,,,1026000000,0.406,1112000000,0.391,727000000,,0.426,49.43,,,,,,,,,,,,,,,,,,,,,,true,true,6,2020-04-01,2020-09-30,0
2020-10-30,75100,2020-03-31,,38507000000,,,,,,1379000000,,1429000000,,977000000,,,66.41,,,,,,,,,,,,,,,,,,,,,,true,false,6,2019-04-01,2019-09-30,-1
2021-01-29,75100,2021-03-31,3,44494000000,-0.201,,,,,1527000000,-0.191,1635000000,-0.173,,1068000000,,72.61,,,,,,42128000000,29332000000,0.696,,29332000000,,,,,,,,,,,,true,false,9,2020-04-01,2020-12-31,0
2021-01-29,75100,2020-03-31,3,55660000000,-0.133,,,,,1888000000,-0.385,1978000000,-0.373,,1312000000,,89.22,,,,,,,,,,,,,,,,,,,,,,true,false,9,2019-04-01,2019-12-31,-1
2021-01-29,75100,2021-03-31,3,62000000000,-0.165,,,,,1950000000,-0.221,2050000000,-0.207,,1300000000,,88.35,,,,,,,,,,,,,,,,,,,,,,true,true,12,2020-04-01,2021-03-31,0
2021-01-29,75100,2020-03-31,3,,,,,,,,,,,,,,,,,,,,43600000000,28166000000,0.646,,28166000000,,,,,,,,,,,,true,false,12,2019-04-01,2020-03-31,-1
2021-01-29,75100,2020-03-31,3,,,,,,,,,,,,,,,,,,,,,,,,,,,,,48.00,,,,14798600,83905,,false,false,12,2019-04-01,2020-03-31,-1
2021-01-29,75100,2021-03-31,3,,,,,,,,,,,,,,,,,,,,,,,,,,,,,19.00,,,,,,,false,false,12,2020-04-01,2021-03-31,0
2021-01-29,75100,2021-03-31,3,,,,,,,,,,,,,,,,,,,,,,,,,,,,,38.00,,,,,,,false,true,12,2020-04-01,2021-03-31,0
2021-01-29,75100,2021-03-31,3,,,,,,,,,,,,,,,,,,,,,,,,,,,,,,,,,14798600,83935,14714680,false,false,9,2020-04-01,2020-12-31,0
2021-01-29,75100,2020-03-31,3,,,,,,,,,,,,,,,,,,,,,,,,,,,,,,,,,,,14714753,false,false,9,2019-04-01,2019-12-31,-1
2021-04-28,75100,2021-03-31,,63568000000,-0.144,,,,,2082000000,-0.168,2195000000,-0.151,,1344000000,,91.38,,0.046,0.047,0.033,,49317000000,29930000000,0.607,2034.04,29930000000,3138000000,-981000000,-660000000,8615000000,,0.416,,,,,,true,false,12,2020-04-01,2021-03-31,0
2021-04-28,75100,2020-03-31,,74268000000,-0.109,,,,,2504000000,-0.348,2584000000,-0.340,,1631000000,,110.87,,0.059,0.059,0.034,,43600000000,28166000000,0.646,1914.16,28166000000,3857000000,-667000000,-718000000,7141000000,,0.433,,,,,,true,false,12,2019-04-01,2020-03-31,-1
2021-04-28,75100,2022-03-31,,35000000000,0.214,,,,,1140000000,0.111,1200000000,0.078,,780000000,,53.01,,,,,,,,,,,,,,,,,,,,,,true,true,6,2021-04-01,2021-09-30,1
2021-04-28,75100,2022-03-31,,78500000000,0.235,,,,,2650000000,0.272,2760000000,0.257,,1770000000,,120.29,,,,,,,,,,,,,,,,0.399,,,,,,true,true,12,2021-04-01,2022-03-31,1
2021-04-28,75100,2021-03-31,,53406000000,-0.144,,,,,1851000000,-0.162,1928000000,-0.154,1308000000,,-0.109,88.92,,,,,,43795000000,27163000000,0.620,1845.99,27163000000,,,,,38.00,,,,14798600,83935,14714677,false,false,12,2020-04-01,2021-03-31,0
2021-04-28,75100,2020-03-31,,62359000000,-0.116,,,,,2209000000,-0.338,2278000000,-0.326,1468000000,,-0.342,99.80,,,,,,38602000000,25467000000,0.660,1730.74,25467000000,,,,,48.00,,,,14798600,83905,14714695,false,false,12,2019-04-01,2020-03-31,-1
2021-04-28,75100,2022-03-31,,,,,,,,,,,,,,,,,,,,,,,,,,,,,,48.00,,,,,,,false,true,12,2021-04-01,2022-03-31,1
2021-07-30,75100,2022-03-31,1,17026000000,0.174,,,,,665000000,0.278,753000000,0.286,,496000000,,33.76,,,,,,52818000000,30199000000,0.572,,30199000000,,,,,,,,,,,,true,false,3,2021-04-01,2021-06-30,0
2021-07-30,75100,2021-03-31,1,14500000000,-0.176,,,,,520000000,-0.118,586000000,-0.063,,391000000,,26.59,,,,,,,,,,,,,,,,,,,,,,true,false,3,2020-04-01,2020-06-30,-1
2021-07-30,75100,2022-03-31,1,35000000000,0.214,,,,,1140000000,0.111,1200000000,0.078,,780000000,,53.01,,,,,,,,,,,,,,,,,,,,,,true,true,6,2021-04-01,2021-09-30,0
2021-07-30,75100,2022-03-31,1,78500000000,0.235,,,,,2650000000,0.272,2760000000,0.257,,1770000000,,120.29,,,,,,,,,,,,,,,,,,,,,,true,true,12,2021-04-01,2022-03-31,0
2021-07-30,75100,2021-03-31,1,,,,,,,,,,,,,,,,,,,,49317000000,29930000000,0.607,,29930000000,,,,,,,,,,,,true,false,12,2020-04-01,2021-03-31,-1
2021-07-30,75100,2021-03-31,1,,,,,,,,,,,,,,,,,,,,,,,,,,,,,38.00,,,,14798600,83935,,false,false,12,2020-04-01,2021-03-31,-1
2021-07-30,75100,2022-03-31,1,,,,,,,,,,,,,,,,,,,,,,,,,,,,,48.00,,,,,,,false,true,12,2021-04-01,2022-03-31,0
2021-07-30,75100,2022-03-31,1,,,,,,,,,,,,,,,,,,,,,,,,,,,,,,,,,14798600,83935,14714665,false,false,3,2021-04-01,2021-06-30,0
2021-07-30,75100,2021-03-31,1,,,,,,,,,,,,,,,,,,,,,,,,,,,,,,,,,,,14714695,false,false,3,2020-04-01,2020-06-30,-1
2021-10-22,75100,2022-03-31,,36900000000,0.054,,,,,1470000000,0.289,1570000000,0.308,,1020000000,,69.32,,,,,,,,,,,,,,,,,,,,,,true,true,6,2021-04-01,2021-09-30,0
2021-10-22,75100,2021-03-31,,28820000000,,,,,,1026000000,,1112000000,,,727000000,,49.43,,,,,,,,,,,,,,,,,,,,,,true,false,6,2020-04-01,2020-09-30,-1
2021-10-22,75100,2022-03-31,,79500000000,0.013,,,,,2930000000,0.106,3010000000,0.090,,1930000000,,121.56,,,,,,,,,,,,,,,,,,,,,,true,true,12,2021-04-01,2022-03-31,0
2021-10-22,75100,2021-03-31,,63568000000,,,,,,2082000000,,2195000000,,,1344000000,,91.38,,,,,,,,,,,,,,,,,,,,,,true,false,12,2020-04-01,2021-03-31,-1
2021-10-29,7510,2022-03-31,2,36902000000,0.280,,,,,1479000000,0.442,1575000000,0.416,,1023000000,,69.53,,,,,,52039000000,30857000000,0.593,,30838000000,,,,,,,,,,,,true,false,6,2021-04-01,2021-09-30,0
2021-10-29,7510,2021-03-31,2,28820000000,-0.252,,,,,1026000000,-0.256,1112000000,-0.222,,727000000,,49.43,,,,,,,,,,,,,,,,,,,,,,true,false,6,2020-04-01,2020-09-30,-1
2021-10-29,7510,2022-03-31,2,79500000000,0.251,,,,,2930000000,0.407,3010000000,0.371,,1930000000,,121.56,,,,,,,,,,,,,,,,,,,,,,true,true,12,2021-04-01,2022-03-31,0
2021-10-29,7510,2021-03-31,2,,,,,,,,,,,,,,,,,,,,49317000000,29930000000,0.607,,29930000000,,,,,,,,,,,,true,false,12,2020-04-01,2021-03-31,-1
2021-10-29,7510,2021-03-31,2,,,,,,,,,,,,,,,,,,,,,,,,,,,,,38.00,,,,14798600,83935,,false,false,12,2020-04-01,2021-03-31,-1
2021-10-29,7510,2022-03-31,2,,,,,,,,,,,,,,,,,,,,,,,,,,,,,26.00,,,,,,,false,false,12,2021-04-01,2022-03-31,0
2021-10-29,7510,2022-03-31,2,,,,,,,,,,,,,,,,,,,,,,,,,,,,,50.00,,,,,,,false,true,12,2021-04-01,2022-03-31,0
2021-10-29,7510,2022-03-31,2,,,,,,,,,,,,,,,,,,,,,,,,,,,,,,,,,14798600,83935,14714665,false,false,6,2021-04-01,2021-09-30,0
2021-10-29,7510,2021-03-31,2,,,,,,,,,,,,,,,,,,,,,,,,,,,,,,,,,,,14714686,false,false,6,2020-04-01,2020-09-30,-1
2022-01-31,7510,2022-03-31,3,57449000000,0.291,,,,,2090000000,0.369,2235000000,0.367,,1458000000,,96.77,,,,,,54713000000,32720000000,0.598,,32703000000,,,,,,,,,,,,true,false,9,2021-04-01,2021-12-31,0
2022-01-31,7510,2021-03-31,3,44494000000,-0.201,,,,,1527000000,-0.191,1635000000,-0.173,,1068000000,,72.61,,,,,,,,,,,,,,,,,,,,,,true,false,9,2020-04-01,2020-12-31,-1
2022-01-31,7510,2022-03-31,3,79500000000,0.251,,,,,2930000000,0.407,3010000000,0.371,,1930000000,,121.56,,,,,,,,,,,,,,,,,,,,,,true,true,12,2021-04-01,2022-03-31,0
2022-01-31,7510,2021-03-31,3,,,,,,,,,,,,,,,,,,,,49317000000,29930000000,0.607,,29930000000,,,,,,,,,,,,true,false,12,2020-04-01,2021-03-31,-1
2022-01-31,7510,2021-03-31,3,,,,,,,,,,,,,,,,,,,,,,,,,,,,,38.00,,,,14798600,83935,,false,false,12,2020-04-01,2021-03-31,-1
2022-01-31,7510,2022-03-31,3,,,,,,,,,,,,,,,,,,,,,,,,,,,,,26.00,,,,,,,false,false,12,2021-04-01,2022-03-31,0
2022-01-31,7510,2022-03-31,3,,,,,,,,,,,,,,,,,,,,,,,,,,,,,52.00,,,,,,,false,true,12,2021-04-01,2022-03-31,0
2022-01-31,7510,2022-03-31,3,,,,,,,,,,,,,,,,,,,,,,,,,,,,,,,,,15961000,935,15072045,false,false,9,2021-04-01,2021-12-31,0
2022-01-31,7510,2021-03-31,3,,,,,,,,,,,,,,,,,,,,,,,,,,,,,,,,,,,14714680,false,false,9,2020-04-01,2020-12-31,-1
,75100,2022-03-31,,,,,,,,,,,,,,,,,,,,,,,,,,,,,,52.00,,,,,,,false,true,12,2021-04-01,2022-03-31,0
,75100,2022-03-31,,,,,,,,,,,,,,,,,,,,,,,,,,,,,,26.00,,,,,,,false,false,12,2021-04-01,2022-03-31,0
,75100,2021-03-31,,,,,,,,,,,,,,,,,,,,,,,,,,,,,,38.00,,,,,,,false,false,12,2020-04-01,2021-03-31,-1
2022-04-28,7510,2022-03-31,,81603000000,0.284,,,,,3020000000,0.450,3168000000,0.443,,2092000000,,137.00,,0.066,0.058,0.037,,59150000000,33178000000,0.561,2078.17,33167000000,-890000000,-3809000000,2054000000,5892000000,,0.380,,,,,,true,false,12,2021-04-01,2022-03-31,0
2022-04-28,7510,2021-03-31,,63568000000,-0.144,,,,,2082000000,-0.168,2195000000,-0.151,,1344000000,,91.38,,0.046,0.047,0.033,,49317000000,29930000000,0.607,2034.04,29930000000,3138000000,-981000000,-660000000,8615000000,,0.416,,,,,,true,false,12,2020-04-01,2021-03-31,-1
2022-04-28,7510,2023-03-31,,43100000000,0.168,,,,,1570000000,0.061,1630000000,0.034,,1040000000,,65.16,,,,,,,,,,,,,,,,,,,,,,true,true,6,2022-04-01,2022-09-30,1
2022-04-28,7510,2023-03-31,,89500000000,0.097,,,,,3290000000,0.089,3400000000,0.073,,2200000000,,137.84,,,,,,,,,,,,,,,,0.392,,,,,,true,true,12,2022-04-01,2023-03-31,1
2022-04-28,7510,2022-03-31,,60439000000,0.132,,,,,2401000000,0.297,2677000000,0.388,1794000000,,0.371,117.43,,,,,,49526000000,29687000000,0.599,1860.11,29687000000,,,,,52.00,,,,15961000,935,15276973,false,false,12,2021-04-01,2022-03-31,0
2022-04-28,7510,2021-03-31,,53406000000,-0.144,,,,,1851000000,-0.162,1928000000,-0.154,1308000000,,-0.109,88.92,,,,,,43795000000,27163000000,0.620,1845.99,27163000000,,,,,38.00,,,,14798600,83935,14714677,false,false,12,2020-04-01,2021-03-31,-1
2022-04-28,7510,2023-03-31,,,,,,,,,,,,,,,,,,,,,,,,,,,,,,54.00,,,,,,,false,true,12,2022-04-01,2023-03-31,1
2022-07-29,7510,2023-03-31,1,22594000000,0.327,,,,,752000000,0.131,820000000,0.089,,543000000,,34.08,,,,,,59262000000,33516000000,0.565,,33506000000,,,,,,,,,,,,true,false,3,2022-04-01,2022-06-30,0
2022-07-29,7510,2022-03-31,1,17026000000,0.174,,,,,665000000,0.278,753000000,0.286,,496000000,,33.76,,,,,,,,,,,,,,,,,,,,,,true,false,3,2021-04-01,2021-06-30,-1
2022-07-29,7510,2023-03-31,1,43100000000,0.168,,,,,1570000000,0.061,1630000000,0.034,,1040000000,,65.16,,,,,,,,,,,,,,,,,,,,,,true,true,6,2022-04-01,2022-09-30,0
2022-07-29,7510,2023-03-31,1,89500000000,0.097,,,,,3290000000,0.089,3400000000,0.073,,2200000000,,137.84,,,,,,,,,,,,,,,,,,,,,,true,true,12,2022-04-01,2023-03-31,0
2022-07-29,7510,2022-03-31,1,,,,,,,,,,,,,,,,,,,,59150000000,33178000000,0.561,,33167000000,,,,,,,,,,,,true,false,12,2021-04-01,2022-03-31,-1
2022-07-29,7510,2022-03-31,1,,,,,,,,,,,,,,,,,,,,,,,,,,,,,52.00,,,,15961000,935,,false,false,12,2021-04-01,2022-03-31,-1
2022-07-29,7510,2023-03-31,1,,,,,,,,,,,,,,,,,,,,,,,,,,,,,54.00,,,,,,,false,true,12,2022-04-01,2023-03-31,0
2022-07-29,7510,2023-03-31,1,,,,,,,,,,,,,,,,,,,,,,,,,,,,,,,,,15961000,945,15960062,false,false,3,2022-04-01,2022-06-30,0
2022-07-29,7510,2022-03-31,1,,,,,,,,,,,,,,,,,,,,,,,,,,,,,,,,,,,14714665,false,false,3,2021-04-01,2021-06-30,-1
2022-10-20,75100,2023-03-31,,46600000000,0.081,,,,,1880000000,0.197,2000000000,0.227,,1330000000,,83.33,,,,,,,,,,,,,,,,,,,,,,true,true,6,2022-04-01,2022-09-30,0
2022-10-20,75100,2022-03-31,,36902000000,,,,,,1479000000,,1575000000,,,1023000000,,69.53,,,,,,,,,,,,,,,,,,,,,,true,false,6,2021-04-01,2021-09-30,-1
2022-10-20,75100,2023-03-31,,93500000000,0.045,,,,,3660000000,0.112,3850000000,0.132,,2560000000,,160.40,,,,,,,,,,,,,,,,,,,,,,true,true,12,2022-04-01,2023-03-31,0
2022-10-20,75100,2022-03-31,,81603000000,,,,,,3020000000,,3168000000,,,2092000000,,137.00,,,,,,,,,,,,,,,,,,,,,,true,false,12,2021-04-01,2022-03-31,-1
2022-10-31,7510,2023-03-31,2,46617000000,0.263,,,,,1889000000,0.268,2006000000,0.265,,1340000000,,84.00,,,,,,62181000000,34930000000,0.562,,34919000000,,,,,,,,,,,,true,false,6,2022-04-01,2022-09-30,0
2022-10-31,7510,2022-03-31,2,36902000000,0.280,,,,,1490000000,0.453,1586000000,0.426,,1056000000,,71.78,,,,,,,,,,,,,,,,,,,,,,true,false,6,2021-04-01,2021-09-30,-1
2022-10-31,7510,2023-03-31,2,93500000000,0.146,,,,,3660000000,0.212,3850000000,0.215,,2560000000,,160.40,,,,,,,,,,,,,,,,,,,,,,true,true,12,2022-04-01,2023-03-31,0
2022-10-31,7510,2022-03-31,2,,,,,,,,,,,,,,,,,,,,59150000000,33178000000,0.561,,33167000000,,,,,,,,,,,,true,false,12,2021-04-01,2022-03-31,-1
2022-10-31,7510,2022-03-31,2,,,,,,,,,,,,,,,,,,,,,,,,,,,,,52.00,,,,15961000,935,,false,false,12,2021-04-01,2022-03-31,-1
2022-10-31,7510,2023-03-31,2,,,,,,,,,,,,,,,,,,,,,,,,,,,,,27.00,,,,,,,false,false,12,2022-04-01,2023-03-31,0
2022-10-31,7510,2023-03-31,2,,,,,,,,,,,,,,,,,,,,,,,,,,,,,54.00,,,,,,,false,true,12,2022-04-01,2023-03-31,0
2022-10-31,7510,2023-03-31,2,,,,,,,,,,,,,,,,,,,,,,,,,,,,,,,,,15961000,945,15960059,false,false,6,2022-04-01,2022-09-30,0
2022-10-31,7510,2022-03-31,2,,,,,,,,,,,,,,,,,,,,,,,,,,,,,,,,,,,14714665,false,false,6,2021-04-01,2021-09-30,-1
2023-01-31,7510,2023-03-31,3,72474000000,0.262,,,,,3049000000,0.440,3211000000,0.419,,2166000000,,135.72,,,,,,64686000000,35685000000,0.551,,35672000000,,,,,,,,,,,,true,false,9,2022-04-01,2022-12-31,0
2023-01-31,7510,2022-03-31,3,57449000000,0.291,,,,,2118000000,0.387,2263000000,0.384,,1521000000,,100.93,,,,,,,,,,,,,,,,,,,,,,true,false,9,2021-04-01,2021-12-31,-1
2023-01-31,7510,2023-03-31,3,93500000000,0.146,,,,,3660000000,0.212,3850000000,0.215,,2560000000,,160.40,,,,,,,,,,,,,,,,,,,,,,true,true,12,2022-04-01,2023-03-31,0
2023-01-31,7510,2022-03-31,3,,,,,,,,,,,,,,,,,,,,59150000000,33178000000,0.561,,33167000000,,,,,,,,,,,,true,false,12,2021-04-01,2022-03-31,-1
2023-01-31,7510,2022-03-31,3,,,,,,,,,,,,,,,,,,,,,,,,,,,,,52.00,,,,15961000,935,,false,false,12,2021-04-01,2022-03-31,-1
2023-01-31,7510,2023-03-31,3,,,,,,,,,,,,,,,,,,,,,,,,,,,,,27.00,,,,,,,false,false,12,2022-04-01,2023-03-31,0
2023-01-31,7510,2023-03-31,3,,,,,,,,,,,,,,,,,,,,,,,,,,,,,56.00,,,,,,,false,true,12,2022-04-01,2023-03-31,0
2023-01-31,7510,2023-03-31,3,,,,,,,,,,,,,,,,,,,,,,,,,,,,,,,,,15961000,945,15960058,false,false,9,2022-04-01,2022-12-31,0
2023-01-31,7510,2022-03-31,3,,,,,,,,,,,,,,,,,,,,,,,,,,,,,,,,,,,15072045,false,false,9,2021-04-01,2021-12-31,-1
,75100,2023-03-31,,,,,,,,,,,,,,,,,,,,,,,,,,,,,,56.00,,,,,,,false,true,12,2022-04-01,2023-03-31,0
,75100,2023-03-31,,,,,,,,,,,,,,,,,,,,,,,,,,,,,,27.00,,,,,,,false,false,12,2022-04-01,2023-03-31,0
,75100,2022-03-31,,,,,,,,,,,,,,,,,,,,,,,,,,,,,,52.00,,,,,,,false,false,12,2021-04-01,2022-03-31,-1
2023-04-28,7510,2023-03-31,,97404000000,0.194,,,,,3919000000,0.297,4041000000,0.276,,2738000000,,171.56,,0.080,0.066,0.040,,64076000000,35608000000,0.556,2230.29,35595000000,-716000000,-191000000,1204000000,6342000000,,0.326,,,,,,true,false,12,2022-04-01,2023-03-31,0
2023-04-28,7510,2022-03-31,,81603000000,0.284,,,,,3020000000,0.450,3168000000,0.443,,2092000000,,137.00,,0.066,0.058,0.037,,59150000000,33178000000,0.561,2078.17,33167000000,-890000000,-3809000000,2054000000,5892000000,,0.380,,,,,,true,false,12,2021-04-01,2022-03-31,-1
2023-04-28,7510,2024-03-31,,47900000000,0.028,,,,,1910000000,0.011,2050000000,0.021,,1370000000,,85.84,,,,,,,,,,,,,,,,,,,,,,true,true,6,2023-04-01,2023-09-30,1
2023-04-28,7510,2024-03-31,,100000000000,0.027,,,,,3980000000,0.016,4150000000,0.027,,2770000000,,173.56,,,,,,,,,,,,,,,,0.334,,,,,,true,true,12,2023-04-01,2024-03-31,1
2023-04-28,7510,2023-03-31,,68663000000,0.136,,,,,3156000000,0.314,3412000000,0.275,2334000000,,0.301,146.29,,,,,,52834000000,30896000000,0.585,1935.86,30896000000,,,,,56.00,,,,15961000,945,15960057,false,false,12,2022-04-01,2023-03-31,0
2023-04-28,7510,2022-03-31,,60439000000,0.132,,,,,2401000000,0.297,2677000000,0.388,1794000000,,0.371,117.43,,,,,,49526000000,29687000000,0.599,1860.11,29687000000,,,,,52.00,,,,15961000,935,15276973,false,false,12,2021-04-01,2022-03-31,-1
2023-04-28,7510,2024-03-31,,,,,,,,,,,,,,,,,,,,,,,,,,,,,,58.00,,,,,,,false,true,12,2023-04-01,2024-03-31,1
2023-07-28,7510,2024-03-31,1,23830000000,0.055,,,,,1003000000,0.334,1202000000,0.465,,779000000,,48.84,,,,,,63768000000,36642000000,0.574,,36627000000,,,,,,,,,,,,true,false,3,2023-04-01,2023-06-30,0
2023-07-28,7510,2023-03-31,1,22594000000,0.327,,,,,752000000,0.131,820000000,0.089,,543000000,,34.08,,,,,,,,,,,,,,,,,,,,,,true,false,3,2022-04-01,2022-06-30,-1
2023-07-28,7510,2024-03-31,1,47900000000,0.028,,,,,1910000000,0.011,2050000000,0.021,,1370000000,,85.84,,,,,,,,,,,,,,,,,,,,,,true,true,6,2023-04-01,2023-09-30,0
2023-07-28,7510,2024-03-31,1,100000000000,0.027,,,,,3980000000,0.016,4150000000,0.027,,2770000000,,173.56,,,,,,,,,,,,,,,,,,,,,,true,true,12,2023-04-01,2024-03-31,0
2023-07-28,7510,2023-03-31,1,,,,,,,,,,,,,,,,,,,,64076000000,35608000000,0.556,,35595000000,,,,,,,,,,,,true,false,12,2022-04-01,2023-03-31,-1
2023-07-28,7510,2023-03-31,1,,,,,,,,,,,,,,,,,,,,,,,,,,,,,56.00,,,,15961000,945,,false,false,12,2022-04-01,2023-03-31,-1
2023-07-28,7510,2024-03-31,1,,,,,,,,,,,,,,,,,,,,,,,,,,,,,58.00,,,,,,,false,true,12,2023-04-01,2024-03-31,0
2023-07-28,7510,2024-03-31,1,,,,,,,,,,,,,,,,,,,,,,,,,,,,,,,,,15961000,945,15960055,false,false,3,2023-04-01,2023-06-30,0
2023-07-28,7510,2023-03-31,1,,,,,,,,,,,,,,,,,,,,,,,,,,,,,,,,,,,15960062,false,false,3,2022-04-01,2022-06-30,-1
2023-10-31,7510,2024-03-31,2,50338000000,0.080,,,,,1969000000,0.043,2180000000,0.087,,1416000000,,88.73,,,,,,66718000000,37824000000,0.567,,37806000000,,,,,,,,,,,,true,false,6,2023-04-01,2023-09-30,0
2023-10-31,7510,2023-03-31,2,46617000000,0.263,,,,,1889000000,0.268,2006000000,0.265,,1340000000,,84.00,,,,,,,,,,,,,,,,,,,,,,true,false,6,2022-04-01,2022-09-30,-1
2023-10-31,7510,2024-03-31,2,100000000000,0.027,,,,,3980000000,0.016,4150000000,0.027,,2770000000,,173.56,,,,,,,,,,,,,,,,,,,,,,true,true,12,2023-04-01,2024-03-31,0
2023-10-31,7510,2023-03-31,2,,,,,,,,,,,,,,,,,,,,64076000000,35608000000,0.556,,35595000000,,,,,,,,,,,,true,false,12,2022-04-01,2023-03-31,-1
2023-10-31,7510,2023-03-31,2,,,,,,,,,,,,,,,,,,,,,,,,,,,,,56.00,,,,15961000,945,,false,false,12,2022-04-01,2023-03-31,-1
2023-10-31,7510,2024-03-31,2,,,,,,,,,,,,,,,,,,,,,,,,,,,,,29.00,,,,,,,false,false,12,2023-04-01,2024-03-31,0
2023-10-31,7510,2024-03-31,2,,,,,,,,,,,,,,,,,,,,,,,,,,,,,58.00,,,,,,,false,true,12,2023-04-01,2024-03-31,0
2023-10-31,7510,2024-03-31,2,,,,,,,,,,,,,,,,,,,,,,,,,,,,,,,,,15986000,976,15967194,false,false,6,2023-04-01,2023-09-30,0
2023-10-31,7510,2023-03-31,2,,,,,,,,,,,,,,,,,,,,,,,,,,,,,,,,,,,15960059,false,false,6,2022-04-01,2022-09-30,-1
2024-01-31,7510,2024-03-31,3,75631000000,0.044,,,,,2959000000,-0.030,3231000000,0.006,,2119000000,,132.71,,,,,,65251000000,38352000000,0.587,,38333000000,,,,,,,,,,,,true,false,9,2023-04-01,2023-12-31,0
2024-01-31,7510,2023-03-31,3,72474000000,0.262,,,,,3049000000,0.440,3211000000,0.419,,2166000000,,135.72,,,,,,,,,,,,,,,,,,,,,,true,false,9,2022-04-01,2022-12-31,-1
2024-01-31,7510,2024-03-31,3,100000000000,0.027,,,,,3980000000,0.016,4150000000,0.027,,2770000000,,173.56,,,,,,,,,,,,,,,,,,,,,,true,true,12,2023-04-01,2024-03-31,0
2024-01-31,7510,2023-03-31,3,,,,,,,,,,,,,,,,,,,,64076000000,35608000000,0.556,,35595000000,,,,,,,,,,,,true,false,12,2022-04-01,2023-03-31,-1
2024-01-31,7510,2023-03-31,3,,,,,,,,,,,,,,,,,,,,,,,,,,,,,56.00,,,,15961000,945,,false,false,12,2022-04-01,2023-03-31,-1
2024-01-31,7510,2024-03-31,3,,,,,,,,,,,,,,,,,,,,,,,,,,,,,29.00,,,,,,,false,false,12,2023-04-01,2024-03-31,0
2024-01-31,7510,2024-03-31,3,,,,,,,,,,,,,,,,,,,,,,,,,,,,,62.00,,,,,,,false,true,12,2023-04-01,2024-03-31,0
2024-01-31,7510,2024-03-31,3,,,,,,,,,,,,,,,,,,,,,,,,,,,,,,,,,15986000,976,15972543,false,false,9,2023-04-01,2023-12-31,0
2024-01-31,7510,2023-03-31,3,,,,,,,,,,,,,,,,,,,,,,,,,,,,,,,,,,,15960058,false,false,9,2022-04-01,2022-12-31,-1
,75100,2024-03-31,,,,,,,,,,,,,,,,,,,,,,,,,,,,,,62.00,,,,,,,false,true,12,2023-04-01,2024-03-31,0
,75100,2024-03-31,,,,,,,,,,,,,,,,,,,,,,,,,,,,,,29.00,,,,,,,false,false,12,2023-04-01,2024-03-31,0
,75100,2023-03-31,,,,,,,,,,,,,,,,,,,,,,,,,,,,,,56.00,,,,,,,false,false,12,2022-04-01,2023-03-31,-1
2024-04-26,7510,2024-03-31,,101355000000,0.041,,,,,3736000000,-0.046,3915000000,-0.031,,2501000000,,156.60,,0.067,0.061,0.037,,65132000000,39081000000,0.600,2443.80,39064000000,6083000000,-84000000,-4422000000,8055000000,,0.396,,,,,,true,false,12,2023-04-01,2024-03-31,0
2024-04-26,7510,2023-03-31,,97404000000,0.194,,,,,3919000000,0.297,4041000000,0.276,,2738000000,,171.56,,0.080,0.066,0.040,,64076000000,35608000000,0.556,2230.29,35595000000,-716000000,-191000000,1204000000,6342000000,,0.326,,,,,,true,false,12,2022-04-01,2023-03-31,-1
2024-04-26,7510,2025-03-31,,47000000000,-0.066,,,,,1310000000,-0.335,1410000000,-0.353,,1110000000,,69.37,,,,,,,,,,,,,,,,,,,,,,true,true,6,2024-04-01,2024-09-30,1
2024-04-26,7510,2025-03-31,,101500000000,0.001,,,,,3370000000,-0.098,3550000000,-0.093,,2510000000,,156.87,,,,,,,,,,,,,,,,0.395,,,,,,true,true,12,2024-04-01,2025-03-31,1
2024-04-26,7510,2024-03-31,,74520000000,0.085,,,,,3385000000,0.072,3571000000,0.047,2439000000,,0.045,152.73,,,,,,54985000000,33652000000,0.612,2105.25,33652000000,,,,,62.00,,,,15986000,1010,15975415,false,false,12,2023-04-01,2024-03-31,0
2024-04-26,7510,2023-03-31,,68663000000,0.136,,,,,3156000000,0.314,3412000000,0.275,2334000000,,0.301,146.29,,,,,,52834000000,30896000000,0.585,1935.86,30896000000,,,,,56.00,,,,15961000,945,15960057,false,false,12,2022-04-01,2023-03-31,-1
2024-04-26,7510,2025-03-31,,,,,,,,,,,,,,,,,,,,,,,,,,,,,,62.00,,,,,,,false,true,12,2024-04-01,2025-03-31,1
2024-07-31,7510,2025-03-31,1,23461000000,-0.015,,,,,761000000,-0.241,937000000,-0.220,,1010000000,,63.20,,,,,,62413000000,39728000000,0.636,,39708000000,,,,,,,,,,,,true,false,3,2024-04-01,2024-06-30,0
2024-07-31,7510,2024-03-31,1,23830000000,0.055,,,,,1003000000,0.334,1202000000,0.465,,779000000,,48.84,,,,,,,,,,,,,,,,,,,,,,true,false,3,2023-04-01,2023-06-30,-1
2024-07-31,7510,2025-03-31,1,47000000000,-0.066,,,,,1310000000,-0.335,1410000000,-0.353,,1110000000,,69.37,,,,,,,,,,,,,,,,,,,,,,true,true,6,2024-04-01,2024-09-30,0
2024-07-31,7510,2025-03-31,1,101500000000,0.001,,,,,3370000000,-0.098,3550000000,-0.093,,2510000000,,156.87,,,,,,,,,,,,,,,,,,,,,,true,true,12,2024-04-01,2025-03-31,0
2024-07-31,7510,2024-03-31,1,,,,,,,,,,,,,,,,,,,,65132000000,39081000000,0.600,,39064000000,,,,,,,,,,,,true,false,12,2023-04-01,2024-03-31,-1
2024-07-31,7510,2024-03-31,1,,,,,,,,,,,,,,,,,,,,,,,,,,,,,62.00,,,,15986000,1010,,false,false,12,2023-04-01,2024-03-31,-1
2024-07-31,7510,2025-03-31,1,,,,,,,,,,,,,,,,,,,,,,,,,,,,,62.00,,,,,,,false,true,12,2024-04-01,2025-03-31,0
2024-07-31,7510,2025-03-31,1,,,,,,,,,,,,,,,,,,,,,,,,,,,,,,,,,15986000,1010,15984990,false,false,3,2024-04-01,2024-06-30,0
2024-07-31,7510,2024-03-31,1,,,,,,,,,,,,,,,,,,,,,,,,,,,,,,,,,,,15960055,false,false,3,2023-04-01,2023-06-30,-1
2024-10-31,7510,2025-03-31,2,47598000000,-0.054,,,,,1425000000,-0.276,1575000000,-0.278,,1376000000,,86.10,,,,,,61940000000,40199000000,0.649,,40177000000,,,,,,,,,,,,true,false,6,2024-04-01,2024-09-30,0
2024-10-31,7510,2024-03-31,2,50338000000,0.080,,,,,1969000000,0.043,2180000000,0.087,,1416000000,,88.73,,,,,,,,,,,,,,,,,,,,,,true,false,6,2023-04-01,2023-09-30,-1
2024-10-31,7510,2025-03-31,2,101500000000,0.001,,,,,3370000000,-0.098,3550000000,-0.093,,2510000000,,156.87,,,,,,,,,,,,,,,,,,,,,,true,true,12,2024-04-01,2025-03-31,0
2024-10-31,7510,2024-03-31,2,,,,,,,,,,,,,,,,,,,,65132000000,39081000000,0.600,,39064000000,,,,,,,,,,,,true,false,12,2023-04-01,2024-03-31,-1
2024-10-31,7510,2024-03-31,2,,,,,,,,,,,,,,,,,,,,,,,,,,,,,62.00,,,,15986000,1010,,false,false,12,2023-04-01,2024-03-31,-1
2024-10-31,7510,2025-03-31,2,,,,,,,,,,,,,,,,,,,,,,,,,,,,,29.00,,,,,,,false,false,12,2024-04-01,2025-03-31,0
2024-10-31,7510,2025-03-31,2,,,,,,,,,,,,,,,,,,,,,,,,,,,,,62.00,,,,,,,false,true,12,2024-04-01,2025-03-31,0
2024-10-31,7510,2025-03-31,2,,,,,,,,,,,,,,,,,,,,,,,,,,,,,,,,,16006200,1010,15993647,false,false,6,2024-04-01,2024-09-30,0
2024-10-31,7510,2024-03-31,2,,,,,,,,,,,,,,,,,,,,,,,,,,,,,,,,,,,15967194,false,false,6,2023-04-01,2023-09-30,-1
2025-01-31,7510,2025-03-31,3,72214000000,-0.045,,,,,2448000000,-0.173,2792000000,-0.136,,2242000000,,140.18,,,,,,61237000000,39672000000,0.647,,39649000000,,,,,,,,,,,,true,false,9,2024-04-01,2024-12-31,0
2025-01-31,7510,2024-03-31,3,75631000000,0.044,,,,,2959000000,-0.030,3231000000,0.006,,2119000000,,132.71,,,,,,,,,,,,,,,,,,,,,,true,false,9,2023-04-01,2023-12-31,-1
2025-01-31,7510,2025-03-31,3,101500000000,0.001,,,,,3370000000,-0.098,3550000000,-0.093,,2510000000,,156.87,,,,,,,,,,,,,,,,,,,,,,true,true,12,2024-04-01,2025-03-31,0
2025-01-31,7510,2024-03-31,3,,,,,,,,,,,,,,,,,,,,65132000000,39081000000,0.600,,39064000000,,,,,,,,,,,,true,false,12,2023-04-01,2024-03-31,-1
2025-01-31,7510,2024-03-31,3,,,,,,,,,,,,,,,,,,,,,,,,,,,,,62.00,,,,15986000,1010,,false,false,12,2023-04-01,2024-03-31,-1
2025-01-31,7510,2025-03-31,3,,,,,,,,,,,,,,,,,,,,,,,,,,,,,29.00,,,,,,,false,false,12,2024-04-01,2025-03-31,0
2025-01-31,7510,2025-03-31,3,,,,,,,,,,,,,,,,,,,,,,,,,,,,,62.00,,,,,,,false,true,12,2024-04-01,2025-03-31,0
2025-01-31,7510,2025-03-31,3,,,,,,,,,,,,,,,,,,,,,,,,,,,,,,,,,16006200,1010,15997110,false,false,9,2024-04-01,2024-12-31,0
2025-01-31,7510,2024-03-31,3,,,,,,,,,,,,,,,,,,,,,,,,,,,,,,,,,,,15972543,false,false,9,2023-04-01,2023-12-31,-1
2025-04-30,7510,2025-03-31,,100965000000,-0.004,,,,,3426000000,-0.083,3761000000,-0.039,,2659000000,,166.21,,0.067,0.058,0.034,,63692000000,40846000000,0.641,2550.49,40821000000,1819000000,-95000000,-1310000000,8762000000,,0.373,,,,,,true,false,12,2024-04-01,2025-03-31,0
2025-04-30,7510,2024-03-31,,101355000000,0.041,,,,,3736000000,-0.046,3915000000,-0.031,,2501000000,,156.60,,0.067,0.061,0.037,,65132000000,39081000000,0.600,2443.80,39064000000,6083000000,-84000000,-4422000000,8055000000,,0.396,,,,,,true,false,12,2023-04-01,2024-03-31,-1
2025-04-30,7510,2026-03-31,,49100000000,0.032,,,,,1500000000,0.052,1610000000,0.022,,1000000000,,62.50,,,,,,,,,,,,,,,,,,,,,,true,true,6,2025-04-01,2025-09-30,1
2025-04-30,7510,2026-03-31,,102000000000,0.010,,,,,3580000000,0.045,3780000000,0.005,,2400000000,,149.78,,,,,,,,,,,,,,,,0.441,,,,,,true,true,12,2025-04-01,2026-03-31,1
2025-04-30,7510,2025-03-31,,74118000000,-0.005,,,,,3085000000,-0.088,3460000000,-0.031,2226000000,,-0.087,139.18,,,,,,51815000000,33905000000,0.654,2118.42,33905000000,,,,,62.00,,,,16006200,1010,15998975,false,false,12,2024-04-01,2025-03-31,0
2025-04-30,7510,2024-03-31,,74520000000,0.085,,,,,3385000000,0.072,3571000000,0.047,2439000000,,0.045,152.73,,,,,,54985000000,33652000000,0.612,2105.25,33652000000,,,,,62.00,,,,15986000,1010,15975415,false,false,12,2023-04-01,2024-03-31,-1
2025-04-30,7510,2026-03-31,,,,,,,,,,,,,,,,,,,,,,,,,,,,,,66.00,,,,,,,false,true,12,2025-04-01,2026-03-31,1
