filing_date,code,fiscal_year_end,quarterly_period,net_sales,net_sales_change,revenue,revenue_change,operating_revenue,operating_revenue_change,operating_profit,operating_profit_change,ordinary_profit,ordinary_profit_change,net_income,net_income_of_parent,net_income_change,eps,diluted_eps,roe,roa,operating_profit_to_net_sales,operating_profit_to_revenue,total_assets,net_assets,equity_ratio,bps,owner_equity,operating_cash_flow,investing_cash_flow,financing_cash_flow,cash,dividend_per_share,payout_ratio,commemorative_dividend,extra_dividend,number_of_shares,number_of_treqsury_shares,avg_number_of_shares,is_consolidated,is_forecast,duration,period_start,period_end,period_pos
2015-05-08,75370,2015-03-31,,280320000000,0.076,,,,,4688000000,0.199,4066000000,0.031,2071000000,,0.031,79.27,,0.053,0.034,0.017,,128313000000,46302000000,0.315,1547.74,40451000000,2255000000,-243000000,-1514000000,21512000000,,0.252,,,,,,true,false,12,2014-04-01,2015-03-31,0
2015-05-08,75370,2014-03-31,,260424000000,0.183,,,,,3912000000,0.308,3944000000,0.578,2008000000,,1.342,76.85,,0.056,0.037,0.015,,110635000000,42469000000,0.340,1438.90,37607000000,5999000000,-162000000,-5382000000,18976000000,,0.247,,,,,,true,false,12,2013-04-01,2014-03-31,-1
2015-05-08,75370,2016-03-31,,137000000000,0.112,,,,,1050000000,0.141,900000000,0.598,,400000000,,15.30,,,,,,,,,,,,,,,,,,,,,,true,true,6,2015-04-01,2015-09-30,1
2015-05-08,75370,2016-03-31,,270000000000,-0.037,,,,,4550000000,-0.030,4500000000,0.107,,2550000000,,97.60,,,,,,,,,,,,,,,,0.307,,,,,,true,true,12,2015-04-01,2016-03-31,1
2015-05-08,75370,2015-03-31,,165792000000,0.222,,,,,2024000000,0.586,2135000000,0.402,1304000000,,0.459,49.91,,,,,,77287000000,29070000000,0.376,1112.30,29070000000,,,,,20.00,,,,28051200,1915455,26135816,false,false,12,2014-04-01,2015-03-31,0
2015-05-08,75370,2014-03-31,,135657000000,0.138,,,,,1276000000,0.574,1522000000,-0.004,894000000,,-0.241,34.22,,,,,,65046000000,27981000000,0.430,1070.62,27981000000,,,,,19.00,,,,28051200,1915259,26135993,false,false,12,2013-04-01,2014-03-31,-1
2015-05-08,75370,2016-03-31,,,,,,,,,,,,,,,,,,,,,,,,,,,,,,30.00,,,,,,,false,true,12,2015-04-01,2016-03-31,1
2015-07-31,75370,2016-03-31,1,69169000000,0.274,,,,,501000000,2.076,452000000,0.544,,74000000,,2.86,,,,,,129207000000,45932000000,0.311,,40159000000,,,,,,,,,,,,true,false,3,2015-04-01,2015-06-30,0
2015-07-31,75370,2015-03-31,1,54283000000,,,,,,163000000,,293000000,,,127000000,,4.89,,,,,,,,,,,,,,,,,,,,,,true,false,3,2014-04-01,2014-06-30,-1
2015-07-31,75370,2016-03-31,1,137000000000,0.112,,,,,1050000000,0.141,900000000,0.598,,400000000,,15.30,,,,,,,,,,,,,,,,,,,,,,true,true,6,2015-04-01,2015-09-30,0
2015-07-31,75370,2016-03-31,1,270000000000,-0.037,,,,,4550000000,-0.030,4500000000,0.107,,2550000000,,97.60,,,,,,,,,,,,,,,,,,,,,,true,true,12,2015-04-01,2016-03-31,0
2015-07-31,75370,2015-03-31,1,,,,,,,,,,,,,,,,,,,,128313000000,46302000000,0.315,,40451000000,,,,,,,,,,,,true,false,12,2014-04-01,2015-03-31,-1
2015-07-31,75370,2015-03-31,1,,,,,,,,,,,,,,,,,,,,,,,,,,,,,20.00,,,,28051200,1915455,,false,false,12,2014-04-01,2015-03-31,-1
2015-07-31,75370,2016-03-31,1,,,,,,,,,,,,,,,,,,,,,,,,,,,,,30.00,,,,,,,false,true,12,2015-04-01,2016-03-31,0
2015-07-31,75370,2016-03-31,1,,,,,,,,,,,,,,,,,,,,,,,,,,,,,,,,,28051200,1915619,26135695,false,false,3,2015-04-01,2015-06-30,0
2015-07-31,75370,2015-03-31,1,,,,,,,,,,,,,,,,,,,,,,,,,,,,,,,,,,,26135918,false,false,3,2014-04-01,2014-06-30,-1
2015-10-30,75370,2016-03-31,2,147803000000,0.199,,,,,1415000000,0.533,1492000000,1.626,,827000000,,31.65,,,,,,123564000000,46608000000,0.329,,40678000000,,,,,,,,,,,,true,false,6,2015-04-01,2015-09-30,0
2015-10-30,75370,2015-03-31,2,123240000000,,,,,,923000000,,568000000,,,269000000,,10.33,,,,,,,,,,,,,,,,,,,,,,true,false,6,2014-04-01,2014-09-30,-1
2015-10-30,75370,2016-03-31,2,284000000000,0.038,,,,,4550000000,-0.001,4500000000,0.158,,2550000000,,97.60,,,,,,,,,,,,,,,,,,,,,,true,true,12,2015-04-01,2016-03-31,0
2015-10-30,75370,2015-03-31,2,,,,,,,,,,,,,,,,,,,,128313000000,46302000000,0.315,,40451000000,,,,,,,,,,,,true,false,12,2014-04-01,2015-03-31,-1
2015-10-30,75370,2015-03-31,2,,,,,,,,,,,,,,,,,,,,,,,,,,,,,20.00,,,,28051200,1915455,,false,false,12,2014-04-01,2015-03-31,-1
2015-10-30,75370,2016-03-31,2,,,,,,,,,,,,,,,,,,,,,,,,,,,,,12.00,,,,,,,false,false,12,2015-04-01,2016-03-31,0
2015-10-30,75370,2016-03-31,2,,,,,,,,,,,,,,,,,,,,,,,,,,,,,30.00,,,,,,,false,true,12,2015-04-01,2016-03-31,0
2015-10-30,75370,2016-03-31,2,,,,,,,,,,,,,,,,,,,,,,,,,,,,,,,,,28051200,1915659,26135633,false,false,6,2015-04-01,2015-09-30,0
2015-10-30,75370,2015-03-31,2,,,,,,,,,,,,,,,,,,,,,,,,,,,,,,,,,,,26135862,false,false,6,2014-04-01,2014-09-30,-1
2015-10-30,75370,2016-03-31,,147803000000,0.079,,,,,1415000000,0.348,1492000000,0.658,827000000,,1.068,31.65,,,,,,,,,,,,,,,,,,,,,,true,true,6,2015-04-01,2015-09-30,0
2015-10-30,75370,2015-03-31,,123240000000,,,,,,923000000,,568000000,,269000000,,,10.33,,,,,,,,,,,,,,,,,,,,,,true,false,6,2014-04-01,2014-09-30,-1
2015-10-30,75370,2016-03-31,,284000000000,0.052,,,,,4550000000,0.000,4500000000,0.000,2550000000,,0.000,97.60,,,,,,,,,,,,,,,,,,,,,,true,true,12,2015-04-01,2016-03-31,0
2015-10-30,75370,2015-03-31,,273683000000,,,,,,4552000000,,3886000000,,1990000000,,,76.17,,,,,,,,,,,,,,,,,,,,,,true,false,12,2014-04-01,2015-03-31,-1
2016-01-29,75370,2016-03-31,3,219117000000,0.117,,,,,2168000000,-0.104,2282000000,0.391,,1350000000,,51.67,,,,,,116025000000,46365000000,0.349,,40550000000,,,,,,,,,,,,true,false,9,2015-04-01,2015-12-31,0
2016-01-29,75370,2015-03-31,3,196175000000,,,,,,2420000000,,1640000000,,,864000000,,33.08,,,,,,,,,,,,,,,,,,,,,,true,false,9,2014-04-01,2014-12-31,-1
2016-01-29,75370,2016-03-31,3,284000000000,0.038,,,,,4550000000,-0.001,4500000000,0.158,,2550000000,,97.60,,,,,,,,,,,,,,,,,,,,,,true,true,12,2015-04-01,2016-03-31,0
2016-01-29,75370,2015-03-31,3,,,,,,,,,,,,,,,,,,,,128313000000,46302000000,0.315,,40451000000,,,,,,,,,,,,true,false,12,2014-04-01,2015-03-31,-1
2016-01-29,75370,2015-03-31,3,,,,,,,,,,,,,,,,,,,,,,,,,,,,,20.00,,,,28051200,1915455,,false,false,12,2014-04-01,2015-03-31,-1
2016-01-29,75370,2016-03-31,3,,,,,,,,,,,,,,,,,,,,,,,,,,,,,12.00,,,,,,,false,false,12,2015-04-01,2016-03-31,0
2016-01-29,75370,2016-03-31,3,,,,,,,,,,,,,,,,,,,,,,,,,,,,,30.00,,,,,,,false,true,12,2015-04-01,2016-03-31,0
2016-01-29,75370,2016-03-31,3,,,,,,,,,,,,,,,,,,,,,,,,,,,,,,,,,28051200,1915703,26135589,false,false,9,2015-04-01,2015-12-31,0
2016-01-29,75370,2015-03-31,3,,,,,,,,,,,,,,,,,,,,,,,,,,,,,,,,,,,26135839,false,false,9,2014-04-01,2014-12-31,-1
2016-05-09,75370,2016-03-31,,279571000000,0.022,,,,,3212000000,-0.294,3321000000,-0.145,,1810000000,,69.26,,0.045,0.028,0.011,,106513000000,46338000000,0.379,1544.30,40360000000,-1204000000,493000000,-6724000000,13702000000,,0.433,,,,,,true,false,12,2015-04-01,2016-03-31,0
2016-05-09,75370,2015-03-31,,273683000000,,,,,,4552000000,,3886000000,,,1990000000,,76.18,,0.051,0.033,0.017,,128313000000,46302000000,0.315,1547.74,40451000000,2202000000,-235000000,-1515000000,21512000000,,0.263,,,,,,true,false,12,2014-04-01,2015-03-31,-1
2016-05-09,75370,2017-03-31,,125000000000,-0.154,,,,,50000000,-0.965,50000000,-0.967,,-150000000,,-5.74,,,,,,,,,,,,,,,,,,,,,,true,true,6,2016-04-01,2016-09-30,1
2016-05-09,75370,2017-03-31,,290000000000,0.037,,,,,3250000000,0.012,3250000000,-0.022,,1750000000,,66.96,,,,,,,,,,,,,,,,0.373,,,,,,true,true,12,2016-04-01,2017-03-31,1
2016-05-09,75370,2016-03-31,,177753000000,0.072,,,,,1370000000,-0.323,1291000000,-0.395,890000000,,-0.317,34.09,,,,,,61135000000,28922000000,0.473,1106.65,28922000000,,,,,30.00,,,,28051200,1915827,26135543,false,false,12,2015-04-01,2016-03-31,0
2016-05-09,75370,2015-03-31,,165792000000,0.222,,,,,2024000000,0.586,2135000000,0.402,1304000000,,0.459,49.91,,,,,,77287000000,29070000000,0.376,1112.30,29070000000,,,,,20.00,,,,28051200,1915455,26135816,false,false,12,2014-04-01,2015-03-31,-1
2016-05-09,75370,2017-03-31,,,,,,,,,,,,,,,,,,,,,,,,,,,,,,25.00,,,,,,,false,true,12,2016-04-01,2017-03-31,1
2016-07-29,75370,2017-03-31,1,56755000000,-0.179,,,,,-1050000000,,-796000000,,,-664000000,,-25.42,,,,,,106927000000,44167000000,0.361,,38556000000,,,,,,,,,,,,true,false,3,2016-04-01,2016-06-30,0
2016-07-29,75370,2016-03-31,1,69169000000,0.274,,,,,501000000,2.076,452000000,0.544,,74000000,,2.86,,,,,,,,,,,,,,,,,,,,,,true,false,3,2015-04-01,2015-06-30,-1
2016-07-29,75370,2017-03-31,1,125000000000,-0.154,,,,,50000000,-0.965,50000000,-0.967,,-150000000,,-5.74,,,,,,,,,,,,,,,,,,,,,,true,true,6,2016-04-01,2016-09-30,0
2016-07-29,75370,2017-03-31,1,290000000000,0.037,,,,,3250000000,0.012,3250000000,-0.022,,1750000000,,66.96,,,,,,,,,,,,,,,,,,,,,,true,true,12,2016-04-01,2017-03-31,0
2016-07-29,75370,2016-03-31,1,,,,,,,,,,,,,,,,,,,,106513000000,46338000000,0.379,,40360000000,,,,,,,,,,,,true,false,12,2015-04-01,2016-03-31,-1
2016-07-29,75370,2016-03-31,1,,,,,,,,,,,,,,,,,,,,,,,,,,,,,30.00,,,,28051200,1915827,,false,false,12,2015-04-01,2016-03-31,-1
2016-07-29,75370,2017-03-31,1,,,,,,,,,,,,,,,,,,,,,,,,,,,,,25.00,,,,,,,false,true,12,2016-04-01,2017-03-31,0
2016-07-29,75370,2017-03-31,1,,,,,,,,,,,,,,,,,,,,,,,,,,,,,,,,,28051200,1915827,26135373,false,false,3,2016-04-01,2016-06-30,0
2016-07-29,75370,2016-03-31,1,,,,,,,,,,,,,,,,,,,,,,,,,,,,,,,,,,,26135695,false,false,3,2015-04-01,2015-06-30,-1
2016-10-25,75370,2017-03-31,,127500000000,0.020,,,,,-450000000,,-200000000,,,-400000000,,-15.30,,,,,,,,,,,,,,,,,,,,,,true,true,6,2016-04-01,2016-09-30,0
2016-10-25,75370,2016-03-31,,147803000000,,,,,,1415000000,,1492000000,,,827000000,,31.65,,,,,,,,,,,,,,,,,,,,,,true,false,6,2015-04-01,2015-09-30,-1
2016-10-25,75370,2017-03-31,,270000000000,-0.069,,,,,1900000000,-0.415,2000000000,-0.385,,900000000,,34.44,,,,,,,,,,,,,,,,,,,,,,true,true,12,2016-04-01,2017-03-31,0
2016-10-25,75370,2016-03-31,,279571000000,,,,,,3212000000,,3321000000,,,1810000000,,69.26,,,,,,,,,,,,,,,,,,,,,,true,false,12,2015-04-01,2016-03-31,-1
2016-10-31,75370,2017-03-31,2,127741000000,-0.136,,,,,-435000000,,-194000000,,,-379000000,,-14.52,,,,,,109385000000,43596000000,0.351,,38375000000,,,,,,,,,,,,true,false,6,2016-04-01,2016-09-30,0
2016-10-31,75370,2016-03-31,2,147803000000,0.199,,,,,1415000000,0.533,1492000000,1.626,,827000000,,31.65,,,,,,,,,,,,,,,,,,,,,,true,false,6,2015-04-01,2015-09-30,-1
2016-10-31,75370,2017-03-31,2,270000000000,-0.034,,,,,1900000000,-0.409,2000000000,-0.398,,900000000,,34.44,,,,,,,,,,,,,,,,,,,,,,true,true,12,2016-04-01,2017-03-31,0
2016-10-31,75370,2016-03-31,2,,,,,,,,,,,,,,,,,,,,106513000000,46338000000,0.379,,40360000000,,,,,,,,,,,,true,false,12,2015-04-01,2016-03-31,-1
2016-10-31,75370,2016-03-31,2,,,,,,,,,,,,,,,,,,,,,,,,,,,,,30.00,,,,28051200,1915827,,false,false,12,2015-04-01,2016-03-31,-1
2016-10-31,75370,2017-03-31,2,,,,,,,,,,,,,,,,,,,,,,,,,,,,,10.00,,,,,,,false,false,12,2016-04-01,2017-03-31,0
2016-10-31,75370,2017-03-31,2,,,,,,,,,,,,,,,,,,,,,,,,,,,,,25.00,,,,,,,false,true,12,2016-04-01,2017-03-31,0
2016-10-31,75370,2017-03-31,2,,,,,,,,,,,,,,,,,,,,,,,,,,,,,,,,,28051200,1915827,26135373,false,false,6,2016-04-01,2016-09-30,0
2016-10-31,75370,2016-03-31,2,,,,,,,,,,,,,,,,,,,,,,,,,,,,,,,,,,,26135633,false,false,6,2015-04-01,2015-09-30,-1
2017-01-31,75370,2017-03-31,3,194353000000,-0.113,,,,,797000000,-0.632,105000000,-0.954,,-214000000,,-8.22,,,,,,121938000000,43831000000,0.318,,38825000000,,,,,,,,,,,,true,false,9,2016-04-01,2016-12-31,0
2017-01-31,75370,2016-03-31,3,219117000000,0.117,,,,,2168000000,-0.104,2282000000,0.391,,1350000000,,51.67,,,,,,,,,,,,,,,,,,,,,,true,false,9,2015-04-01,2015-12-31,-1
2017-01-31,75370,2017-03-31,3,270000000000,-0.034,,,,,1900000000,-0.409,2000000000,-0.398,,900000000,,34.44,,,,,,,,,,,,,,,,,,,,,,true,true,12,2016-04-01,2017-03-31,0
2017-01-31,75370,2016-03-31,3,,,,,,,,,,,,,,,,,,,,106513000000,46338000000,0.379,,40360000000,,,,,,,,,,,,true,false,12,2015-04-01,2016-03-31,-1
2017-01-31,75370,2016-03-31,3,,,,,,,,,,,,,,,,,,,,,,,,,,,,,30.00,,,,28051200,1915827,,false,false,12,2015-04-01,2016-03-31,-1
2017-01-31,75370,2017-03-31,3,,,,,,,,,,,,,,,,,,,,,,,,,,,,,10.00,,,,,,,false,false,12,2016-04-01,2017-03-31,0
2017-01-31,75370,2017-03-31,3,,,,,,,,,,,,,,,,,,,,,,,,,,,,,25.00,,,,,,,false,true,12,2016-04-01,2017-03-31,0
2017-01-31,75370,2017-03-31,3,,,,,,,,,,,,,,,,,,,,,,,,,,,,,,,,,28051200,1915827,26135373,false,false,9,2016-04-01,2016-12-31,0
2017-01-31,75370,2016-03-31,3,,,,,,,,,,,,,,,,,,,,,,,,,,,,,,,,,,,26135589,false,false,9,2015-04-01,2015-12-31,-1
2017-05-02,75370,2017-03-31,,270500000000,0.002,,,,,2800000000,0.474,2600000000,0.300,,1600000000,,61.22,,,,,,,,,,,,,,,,,,,,,,true,true,12,2016-04-01,2017-03-31,0
2017-05-02,75370,2016-03-31,,279571000000,,,,,,3212000000,,3321000000,,,1810000000,,69.26,,,,,,,,,,,,,,,,,,,,,,true,false,12,2015-04-01,2016-03-31,-1
2017-05-09,75370,2017-03-31,,270698000000,-0.032,,,,,2883000000,-0.103,2651000000,-0.202,,1650000000,,63.14,,0.040,0.023,0.011,,125984000000,47550000000,0.331,1595.81,41707000000,-5894000000,-1862000000,6282000000,12216000000,,0.396,,,,,,true,false,12,2016-04-01,2017-03-31,0
2017-05-09,75370,2016-03-31,,279571000000,0.022,,,,,3212000000,-0.294,3321000000,-0.145,,1810000000,,69.26,,0.045,0.028,0.011,,106513000000,46338000000,0.379,1544.30,40360000000,-1204000000,493000000,-6724000000,13702000000,,0.433,,,,,,true,false,12,2015-04-01,2016-03-31,-1
2017-05-09,75370,2018-03-31,,125000000000,-0.022,,,,,800000000,,800000000,,,400000000,,15.30,,,,,,,,,,,,,,,,,,,,,,true,true,6,2017-04-01,2017-09-30,1
2017-05-09,75370,2018-03-31,,260000000000,-0.040,,,,,3500000000,0.214,3300000000,0.245,,1850000000,,70.79,,,,,,,,,,,,,,,,,,,,,,true,true,12,2017-04-01,2018-03-31,1
2017-05-09,75370,2017-03-31,,159483000000,-0.103,,,,,667000000,-0.513,579000000,-0.551,485000000,,-0.455,18.56,,,,,,76481000000,28872000000,0.378,1104.71,28872000000,,,,,25.00,,,,28051200,1915827,26135373,false,false,12,2016-04-01,2017-03-31,0
2017-05-09,75370,2016-03-31,,177753000000,0.072,,,,,1370000000,-0.323,1291000000,-0.395,890000000,,-0.317,34.09,,,,,,61135000000,28922000000,0.473,1106.65,28922000000,,,,,30.00,,,,28051200,1915827,26135543,false,false,12,2015-04-01,2016-03-31,-1
2017-05-09,75370,2018-03-31,,,,,,,,,,,,,,,,,,,,,,,,,,,,,,25.00,,,,,,,false,true,12,2017-04-01,2018-03-31,1
2017-07-28,75370,2018-03-31,1,70464000000,0.242,,,,,651000000,,652000000,,,302000000,,11.57,,,,,,124770000000,47134000000,0.332,,41460000000,,,,,,,,,,,,true,false,3,2017-04-01,2017-06-30,0
2017-07-28,75370,2017-03-31,1,56755000000,-0.179,,,,,-1050000000,,-796000000,,,-664000000,,-25.42,,,,,,,,,,,,,,,,,,,,,,true,false,3,2016-04-01,2016-06-30,-1
2017-07-28,75370,2018-03-31,1,125000000000,-0.022,,,,,800000000,,800000000,,,400000000,,15.30,,,,,,,,,,,,,,,,,,,,,,true,true,6,2017-04-01,2017-09-30,0
2017-07-28,75370,2018-03-31,1,260000000000,-0.040,,,,,3500000000,0.214,3300000000,0.245,,1850000000,,70.79,,,,,,,,,,,,,,,,,,,,,,true,true,12,2017-04-01,2018-03-31,0
2017-07-28,75370,2017-03-31,1,,,,,,,,,,,,,,,,,,,,125984000000,47550000000,0.331,,41707000000,,,,,,,,,,,,true,false,12,2016-04-01,2017-03-31,-1
2017-07-28,75370,2017-03-31,1,,,,,,,,,,,,,,,,,,,,,,,,,,,,,25.00,,,,28051200,1915827,,false,false,12,2016-04-01,2017-03-31,-1
2017-07-28,75370,2018-03-31,1,,,,,,,,,,,,,,,,,,,,,,,,,,,,,25.00,,,,,,,false,true,12,2017-04-01,2018-03-31,0
2017-07-28,75370,2018-03-31,1,,,,,,,,,,,,,,,,,,,,,,,,,,,,,,,,,28051200,1915827,26135373,false,false,3,2017-04-01,2017-06-30,0
2017-07-28,75370,2017-03-31,1,,,,,,,,,,,,,,,,,,,,,,,,,,,,,,,,,,,26135373,false,false,3,2016-04-01,2016-06-30,-1
2017-10-31,75370,2018-03-31,2,169875000000,0.330,,,,,1753000000,,1314000000,,,390000000,,14.93,,,,,,144773000000,47406000000,0.287,,41599000000,,,,,,,,,,,,true,false,6,2017-04-01,2017-09-30,0
2017-10-31,75370,2017-03-31,2,127741000000,-0.136,,,,,-435000000,,-194000000,,,-379000000,,-14.52,,,,,,,,,,,,,,,,,,,,,,true,false,6,2016-04-01,2016-09-30,-1
2017-10-31,75370,2018-03-31,2,326000000000,0.204,,,,,4500000000,0.561,4000000000,0.509,,2050000000,,78.44,,,,,,,,,,,,,,,,,,,,,,true,true,12,2017-04-01,2018-03-31,0
2017-10-31,75370,2017-03-31,2,,,,,,,,,,,,,,,,,,,,125984000000,47550000000,0.331,,41707000000,,,,,,,,,,,,true,false,12,2016-04-01,2017-03-31,-1
2017-10-31,75370,2017-03-31,2,,,,,,,,,,,,,,,,,,,,,,,,,,,,,25.00,,,,28051200,1915827,,false,false,12,2016-04-01,2017-03-31,-1
2017-10-31,75370,2018-03-31,2,,,,,,,,,,,,,,,,,,,,,,,,,,,,,10.00,,,,,,,false,false,12,2017-04-01,2018-03-31,0
2017-10-31,75370,2018-03-31,2,,,,,,,,,,,,,,,,,,,,,,,,,,,,,30.00,,,,,,,false,true,12,2017-04-01,2018-03-31,0
2017-10-31,75370,2018-03-31,2,,,,,,,,,,,,,,,,,,,,,,,,,,,,,,,,,28051200,1915831,26135373,false,false,6,2017-04-01,2017-09-30,0
2017-10-31,75370,2017-03-31,2,,,,,,,,,,,,,,,,,,,,,,,,,,,,,,,,,,,26135373,false,false,6,2016-04-01,2016-09-30,-1
2017-10-31,75370,2018-03-31,,169875000000,0.359,,,,,1753000000,1.192,1314000000,0.644,,390000000,,14.93,,,,,,,,,,,,,,,,,,,,,,true,true,6,2017-04-01,2017-09-30,0
2017-10-31,75370,2017-03-31,,127741000000,,,,,,-435000000,,-194000000,,,-379000000,,-14.52,,,,,,,,,,,,,,,,,,,,,,true,false,6,2016-04-01,2016-09-30,-1
2017-10-31,75370,2018-03-31,,326000000000,0.254,,,,,4500000000,0.286,4000000000,0.212,,2050000000,,78.44,,,,,,,,,,,,,,,,,,,,,,true,true,12,2017-04-01,2018-03-31,0
2017-10-31,75370,2017-03-31,,270698000000,,,,,,2883000000,,2651000000,,,1650000000,,63.14,,,,,,,,,,,,,,,,,,,,,,true,false,12,2016-04-01,2017-03-31,-1
2017-10-31,75370,2018-03-31,,,,,,,,,,,,,,,,,,,,,,,,,,,,,,30.00,,,,,,,false,true,12,2017-04-01,2018-03-31,0
2017-10-31,75370,2018-03-31,,,,,,,,,,,,,,,,,,,,,,,,,,,,,,10.00,,,,,,,false,false,12,2017-04-01,2018-03-31,0
2017-10-31,75370,2017-03-31,,,,,,,,,,,,,,,,,,,,,,,,,,,,,,25.00,,,,,,,false,false,12,2016-04-01,2017-03-31,-1
2018-01-31,75370,2018-03-31,3,269722000000,0.388,,,,,3213000000,3.028,2616000000,,,1193000000,,45.67,,,,,,135426000000,48311000000,0.312,,42316000000,,,,,,,,,,,,true,false,9,2017-04-01,2017-12-31,0
2018-01-31,75370,2017-03-31,3,194353000000,-0.113,,,,,797000000,-0.632,105000000,-0.954,,-214000000,,-8.22,,,,,,,,,,,,,,,,,,,,,,true,false,9,2016-04-01,2016-12-31,-1
2018-01-31,75370,2018-03-31,3,326000000000,0.204,,,,,4500000000,0.561,4000000000,0.509,,2050000000,,78.44,,,,,,,,,,,,,,,,,,,,,,true,true,12,2017-04-01,2018-03-31,0
2018-01-31,75370,2017-03-31,3,,,,,,,,,,,,,,,,,,,,125984000000,47550000000,0.331,,41707000000,,,,,,,,,,,,true,false,12,2016-04-01,2017-03-31,-1
2018-01-31,75370,2017-03-31,3,,,,,,,,,,,,,,,,,,,,,,,,,,,,,25.00,,,,28051200,1915827,,false,false,12,2016-04-01,2017-03-31,-1
2018-01-31,75370,2018-03-31,3,,,,,,,,,,,,,,,,,,,,,,,,,,,,,10.00,,,,,,,false,false,12,2017-04-01,2018-03-31,0
2018-01-31,75370,2018-03-31,3,,,,,,,,,,,,,,,,,,,,,,,,,,,,,30.00,,,,,,,false,true,12,2017-04-01,2018-03-31,0
2018-01-31,75370,2018-03-31,3,,,,,,,,,,,,,,,,,,,,,,,,,,,,,,,,,28051200,1915911,26135366,false,false,9,2017-04-01,2017-12-31,0
2018-01-31,75370,2017-03-31,3,,,,,,,,,,,,,,,,,,,,,,,,,,,,,,,,,,,26135373,false,false,9,2016-04-01,2016-12-31,-1
2018-05-08,75370,2018-03-31,,347508000000,0.284,,,,,3771000000,0.308,4218000000,0.591,,2077000000,,79.49,,0.049,0.032,0.011,,135796000000,49177000000,0.317,1646.67,43036000000,-7619000000,-964000000,10374000000,13715000000,,0.377,,,,,,true,false,12,2017-04-01,2018-03-31,0
2018-05-08,75370,2017-03-31,,270698000000,-0.032,,,,,2883000000,-0.103,2651000000,-0.202,,1650000000,,63.14,,0.040,0.023,0.011,,125984000000,47550000000,0.331,1595.81,41707000000,-5894000000,-1862000000,6282000000,12216000000,,0.396,,,,,,true,false,12,2016-04-01,2017-03-31,-1
2018-05-08,75370,2019-03-31,,160000000000,-0.058,,,,,1250000000,-0.287,1020000000,-0.224,,465000000,,17.79,,,,,,,,,,,,,,,,,,,,,,true,true,6,2018-04-01,2018-09-30,1
2018-05-08,75370,2019-03-31,,315000000000,-0.094,,,,,4700000000,0.246,4300000000,0.019,,2500000000,,95.66,,,,,,,,,,,,,,,,0.314,,,,,,true,true,12,2018-04-01,2019-03-31,1
2018-05-08,75370,2018-03-31,,227892000000,0.429,,,,,1065000000,0.598,1496000000,1.582,824000000,,0.700,31.56,,,,,,83514000000,28947000000,0.347,1107.60,28947000000,,,,,30.00,,,,28051200,1915911,26135347,false,false,12,2017-04-01,2018-03-31,0
2018-05-08,75370,2017-03-31,,159483000000,-0.103,,,,,667000000,-0.513,579000000,-0.551,485000000,,-0.455,18.56,,,,,,76481000000,28872000000,0.378,1104.71,28872000000,,,,,25.00,,,,28051200,1915827,26135373,false,false,12,2016-04-01,2017-03-31,-1
2018-05-08,75370,2019-03-31,,,,,,,,,,,,,,,,,,,,,,,,,,,,,,30.00,,,,,,,false,true,12,2018-04-01,2019-03-31,1
2018-07-30,75370,2019-03-31,1,71211000000,0.011,,,,,1214000000,0.865,-73000000,,,-70000000,,-2.71,,,,,,136770000000,47889000000,0.307,,42023000000,,,,,,,,,,,,true,false,3,2018-04-01,2018-06-30,0
2018-07-30,75370,2018-03-31,1,70464000000,0.242,,,,,651000000,,652000000,,,302000000,,11.57,,,,,,,,,,,,,,,,,,,,,,true,false,3,2017-04-01,2017-06-30,-1
2018-07-30,75370,2019-03-31,1,160000000000,-0.058,,,,,1250000000,-0.287,1020000000,-0.224,,465000000,,17.79,,,,,,,,,,,,,,,,,,,,,,true,true,6,2018-04-01,2018-09-30,0
2018-07-30,75370,2019-03-31,1,315000000000,-0.094,,,,,4700000000,0.246,4300000000,0.019,,2500000000,,95.66,,,,,,,,,,,,,,,,,,,,,,true,true,12,2018-04-01,2019-03-31,0
2018-07-30,75370,2018-03-31,1,,,,,,,,,,,,,,,,,,,,135706000000,49177000000,0.317,,43036000000,,,,,,,,,,,,true,false,12,2017-04-01,2018-03-31,-1
2018-07-30,75370,2018-03-31,1,,,,,,,,,,,,,,,,,,,,,,,,,,,,,30.00,,,,28051200,1915911,,false,false,12,2017-04-01,2018-03-31,-1
2018-07-30,75370,2019-03-31,1,,,,,,,,,,,,,,,,,,,,,,,,,,,,,30.00,,,,,,,false,true,12,2018-04-01,2019-03-31,0
2018-07-30,75370,2019-03-31,1,,,,,,,,,,,,,,,,,,,,,,,,,,,,,,,,,28051200,1915911,26135289,false,false,3,2018-04-01,2018-06-30,0
2018-07-30,75370,2018-03-31,1,,,,,,,,,,,,,,,,,,,,,,,,,,,,,,,,,,,26135373,false,false,3,2017-04-01,2017-06-30,-1
2018-10-31,75370,2019-03-31,2,166434000000,-0.020,,,,,2575000000,0.468,617000000,-0.530,,133000000,,5.12,,,,,,137315000000,48646000000,0.310,,42549000000,,,,,,,,,,,,true,false,6,2018-04-01,2018-09-30,0
2018-10-31,75370,2018-03-31,2,169875000000,0.330,,,,,1753000000,,1314000000,,,390000000,,14.93,,,,,,,,,,,,,,,,,,,,,,true,false,6,2017-04-01,2017-09-30,-1
2018-10-31,75370,2019-03-31,2,325000000000,-0.065,,,,,5800000000,0.538,3450000000,-0.182,,1800000000,,68.87,,,,,,,,,,,,,,,,,,,,,,true,true,12,2018-04-01,2019-03-31,0
2018-10-31,75370,2018-03-31,2,,,,,,,,,,,,,,,,,,,,135706000000,49177000000,0.317,,43036000000,,,,,,,,,,,,true,false,12,2017-04-01,2018-03-31,-1
2018-10-31,75370,2018-03-31,2,,,,,,,,,,,,,,,,,,,,,,,,,,,,,30.00,,,,28051200,1915911,,false,false,12,2017-04-01,2018-03-31,-1
2018-10-31,75370,2019-03-31,2,,,,,,,,,,,,,,,,,,,,,,,,,,,,,10.00,,,,,,,false,false,12,2018-04-01,2019-03-31,0
2018-10-31,75370,2019-03-31,2,,,,,,,,,,,,,,,,,,,,,,,,,,,,,30.00,,,,,,,false,true,12,2018-04-01,2019-03-31,0
2018-10-31,75370,2019-03-31,2,,,,,,,,,,,,,,,,,,,,,,,,,,,,,,,,,28051200,1916049,26135270,false,false,6,2018-04-01,2018-09-30,0
2018-10-31,75370,2018-03-31,2,,,,,,,,,,,,,,,,,,,,,,,,,,,,,,,,,,,26135373,false,false,6,2017-04-01,2017-09-30,-1
2019-01-31,75370,2019-03-31,3,258000000000,-0.043,,,,,3863000000,0.202,2116000000,-0.191,,1154000000,,44.18,,,,,,125661000000,49289000000,0.343,,43059000000,,,,,,,,,,,,true,false,9,2018-04-01,2018-12-31,0
2019-01-31,75370,2018-03-31,3,269722000000,0.388,,,,,3213000000,3.028,2616000000,,,1193000000,,45.67,,,,,,,,,,,,,,,,,,,,,,true,false,9,2017-04-01,2017-12-31,-1
2019-01-31,75370,2019-03-31,3,325000000000,-0.065,,,,,5800000000,0.538,3450000000,-0.182,,1800000000,,68.87,,,,,,,,,,,,,,,,,,,,,,true,true,12,2018-04-01,2019-03-31,0
2019-01-31,75370,2018-03-31,3,,,,,,,,,,,,,,,,,,,,135706000000,49177000000,0.317,,43036000000,,,,,,,,,,,,true,false,12,2017-04-01,2018-03-31,-1
2019-01-31,75370,2018-03-31,3,,,,,,,,,,,,,,,,,,,,,,,,,,,,,30.00,,,,28051200,1915911,,false,false,12,2017-04-01,2018-03-31,-1
2019-01-31,75370,2019-03-31,3,,,,,,,,,,,,,,,,,,,,,,,,,,,,,10.00,,,,,,,false,false,12,2018-04-01,2019-03-31,0
2019-01-31,75370,2019-03-31,3,,,,,,,,,,,,,,,,,,,,,,,,,,,,,30.00,,,,,,,false,true,12,2018-04-01,2019-03-31,0
2019-01-31,75370,2019-03-31,3,,,,,,,,,,,,,,,,,,,,,,,,,,,,,,,,,28051200,1916049,26135230,false,false,9,2018-04-01,2018-12-31,0
2019-01-31,75370,2018-03-31,3,,,,,,,,,,,,,,,,,,,,,,,,,,,,,,,,,,,26135366,false,false,9,2017-04-01,2017-12-31,-1
2019-05-10,75370,2019-03-31,,326694000000,-0.060,,,,,5048000000,0.338,3020000000,-0.284,,1636000000,,62.61,,0.038,0.023,0.015,,128163000000,49726000000,0.339,1664.82,43510000000,1992000000,-495000000,1243000000,16044000000,,0.479,,,,,,true,false,12,2018-04-01,2019-03-31,0
2019-05-10,75370,2018-03-31,,347508000000,0.284,,,,,3771000000,0.308,4218000000,0.591,,2077000000,,79.49,,0.049,0.032,0.011,,135706000000,49177000000,0.317,1646.67,43036000000,-7619000000,-964000000,10374000000,13715000000,,0.377,,,,,,true,false,12,2017-04-01,2018-03-31,-1
2019-05-10,75370,2020-03-31,,140000000000,-0.159,,,,,650000000,-0.748,250000000,-0.595,,-185000000,,-7.08,,,,,,,,,,,,,,,,,,,,,,true,true,6,2019-04-01,2019-09-30,1
2019-05-10,75370,2020-03-31,,291500000000,-0.108,,,,,4000000000,-0.208,3150000000,0.043,,1750000000,,66.96,,,,,,,,,,,,,,,,0.448,,,,,,true,true,12,2019-04-01,2020-03-31,1
2019-05-10,75370,2019-03-31,,237370000000,0.042,,,,,2913000000,1.734,1437000000,-0.040,1827000000,,1.215,69.92,,,,,,92382000000,29944000000,0.324,1145.75,29944000000,,,,,30.00,,,,28051200,1916117,26135200,false,false,12,2018-04-01,2019-03-31,0
2019-05-10,75370,2018-03-31,,227892000000,0.429,,,,,1065000000,0.598,1496000000,1.582,824000000,,0.700,31.56,,,,,,83514000000,28947000000,0.347,1107.60,28947000000,,,,,30.00,,,,28051200,1915911,26135347,false,false,12,2017-04-01,2018-03-31,-1
2019-05-10,75370,2020-03-31,,,,,,,,,,,,,,,,,,,,,,,,,,,,,,30.00,,,,,,,false,true,12,2019-04-01,2020-03-31,1
2019-07-31,75370,2020-03-31,1,59182000000,-0.169,,,,,-298000000,,301000000,,,-58000000,,-2.24,,,,,,129624000000,49124000000,0.330,,42828000000,,,,,,,,,,,,true,false,3,2019-04-01,2019-06-30,0
2019-07-31,75370,2019-03-31,1,71211000000,0.011,,,,,1214000000,0.865,-73000000,,,-70000000,,-2.71,,,,,,,,,,,,,,,,,,,,,,true,false,3,2018-04-01,2018-06-30,-1
2019-07-31,75370,2020-03-31,1,140000000000,-0.159,,,,,650000000,-0.748,250000000,-0.595,,-185000000,,-7.08,,,,,,,,,,,,,,,,,,,,,,true,true,6,2019-04-01,2019-09-30,0
2019-07-31,75370,2020-03-31,1,291500000000,-0.108,,,,,4000000000,-0.208,3150000000,0.043,,1750000000,,66.96,,,,,,,,,,,,,,,,,,,,,,true,true,12,2019-04-01,2020-03-31,0
2019-07-31,75370,2019-03-31,1,,,,,,,,,,,,,,,,,,,,128163000000,49726000000,0.339,,43510000000,,,,,,,,,,,,true,false,12,2018-04-01,2019-03-31,-1
2019-07-31,75370,2019-03-31,1,,,,,,,,,,,,,,,,,,,,,,,,,,,,,30.00,,,,28051200,1916117,,false,false,12,2018-04-01,2019-03-31,-1
2019-07-31,75370,2020-03-31,1,,,,,,,,,,,,,,,,,,,,,,,,,,,,,30.00,,,,,,,false,true,12,2019-04-01,2020-03-31,0
2019-07-31,75370,2020-03-31,1,,,,,,,,,,,,,,,,,,,,,,,,,,,,,,,,,28051200,1916141,26135082,false,false,3,2019-04-01,2019-06-30,0
2019-07-31,75370,2019-03-31,1,,,,,,,,,,,,,,,,,,,,,,,,,,,,,,,,,,,26135289,false,false,3,2018-04-01,2018-06-30,-1
2019-10-31,75370,2020-03-31,2,138703000000,-0.167,,,,,-71000000,,323000000,-0.476,,-110000000,,-4.23,,,,,,123182000000,48696000000,0.345,,42529000000,,,,,,,,,,,,true,false,6,2019-04-01,2019-09-30,0
2019-10-31,75370,2019-03-31,2,166434000000,-0.020,,,,,2575000000,0.468,617000000,-0.530,,133000000,,5.12,,,,,,,,,,,,,,,,,,,,,,true,false,6,2018-04-01,2018-09-30,-1
2019-10-31,75370,2020-03-31,2,285000000000,-0.128,,,,,2900000000,-0.426,2800000000,-0.073,,1350000000,,51.65,,,,,,,,,,,,,,,,,,,,,,true,true,12,2019-04-01,2020-03-31,0
2019-10-31,75370,2019-03-31,2,,,,,,,,,,,,,,,,,,,,128163000000,49726000000,0.339,,43510000000,,,,,,,,,,,,true,false,12,2018-04-01,2019-03-31,-1
2019-10-31,75370,2019-03-31,2,,,,,,,,,,,,,,,,,,,,,,,,,,,,,30.00,,,,28051200,1916117,,false,false,12,2018-04-01,2019-03-31,-1
2019-10-31,75370,2020-03-31,2,,,,,,,,,,,,,,,,,,,,,,,,,,,,,10.00,,,,,,,false,false,12,2019-04-01,2020-03-31,0
2019-10-31,75370,2020-03-31,2,,,,,,,,,,,,,,,,,,,,,,,,,,,,,30.00,,,,,,,false,true,12,2019-04-01,2020-03-31,0
2019-10-31,75370,2020-03-31,2,,,,,,,,,,,,,,,,,,,,,,,,,,,,,,,,,28051200,1916141,26135071,false,false,6,2019-04-01,2019-09-30,0
2019-10-31,75370,2019-03-31,2,,,,,,,,,,,,,,,,,,,,,,,,,,,,,,,,,,,26135270,false,false,6,2018-04-01,2018-09-30,-1
2019-10-31,75370,2020-03-31,,138703000000,-0.009,,,,,-71000000,,323000000,0.292,-110000000,,,-4.23,,,,,,,,,,,,,,,,,,,,,,true,true,6,2019-04-01,2019-09-30,0
2019-10-31,75370,2019-03-31,,166434000000,,,,,,2575000000,,617000000,,133000000,,,5.12,,,,,,,,,,,,,,,,,,,,,,true,false,6,2018-04-01,2018-09-30,-1
2019-10-31,75370,2020-03-31,,285000000000,-0.022,,,,,2900000000,-0.275,2800000000,0.111,1350000000,,0.229,51.65,,,,,,,,,,,,,,,,,,,,,,true,true,12,2019-04-01,2020-03-31,0
2019-10-31,75370,2019-03-31,,326694000000,,,,,,5048000000,,3020000000,,1636000000,,,62.61,,,,,,,,,,,,,,,,,,,,,,true,false,12,2018-04-01,2019-03-31,-1
2020-01-31,75370,2020-03-31,3,211434000000,-0.180,,,,,457000000,-0.882,224000000,-0.894,,-187000000,,-7.19,,,,,,129181000000,48508000000,0.328,,42384000000,,,,,,,,,,,,true,false,9,2019-04-01,2019-12-31,0
2020-01-31,75370,2019-03-31,3,258000000000,-0.043,,,,,3863000000,0.202,2116000000,-0.191,,1154000000,,44.18,,,,,,,,,,,,,,,,,,,,,,true,false,9,2018-04-01,2018-12-31,-1
2020-01-31,75370,2020-03-31,3,285000000000,-0.128,,,,,2900000000,-0.426,2800000000,-0.073,,1350000000,,51.65,,,,,,,,,,,,,,,,,,,,,,true,true,12,2019-04-01,2020-03-31,0
2020-01-31,75370,2019-03-31,3,,,,,,,,,,,,,,,,,,,,128163000000,49726000000,0.339,,43510000000,,,,,,,,,,,,true,false,12,2018-04-01,2019-03-31,-1
2020-01-31,75370,2019-03-31,3,,,,,,,,,,,,,,,,,,,,,,,,,,,,,30.00,,,,28051200,1916117,,false,false,12,2018-04-01,2019-03-31,-1
2020-01-31,75370,2020-03-31,3,,,,,,,,,,,,,,,,,,,,,,,,,,,,,10.00,,,,,,,false,false,12,2019-04-01,2020-03-31,0
2020-01-31,75370,2020-03-31,3,,,,,,,,,,,,,,,,,,,,,,,,,,,,,30.00,,,,,,,false,true,12,2019-04-01,2020-03-31,0
2020-01-31,75370,2020-03-31,3,,,,,,,,,,,,,,,,,,,,,,,,,,,,,,,,,28051200,1916141,26135067,false,false,9,2019-04-01,2019-12-31,0
2020-01-31,75370,2019-03-31,3,,,,,,,,,,,,,,,,,,,,,,,,,,,,,,,,,,,26135230,false,false,9,2018-04-01,2018-12-31,-1
2020-05-14,75370,2020-03-31,,287500000000,0.009,,,,,2300000000,-0.207,2000000000,-0.286,,-75000000,,-2.89,,,,,,,,,,,,,,,,,,,,,,true,true,12,2019-04-01,2020-03-31,0
2020-05-14,75370,2019-03-31,,326694000000,,,,,,5048000000,,3020000000,,,1636000000,,62.61,,,,,,,,,,,,,,,,,,,,,,true,false,12,2018-04-01,2019-03-31,-1
2020-05-15,75370,2020-03-31,,287550000000,-0.120,,,,,2369000000,-0.531,2006000000,-0.336,,-75000000,,-2.89,,-0.002,0.015,0.008,,131451000000,48204000000,0.322,1617.98,42286000000,-309000000,-582000000,5188000000,20473000000,,,,,,,,true,false,12,2019-04-01,2020-03-31,0
2020-05-15,75370,2019-03-31,,326694000000,-0.060,,,,,5048000000,0.338,3020000000,-0.284,,1636000000,,62.61,,0.038,0.023,0.015,,128163000000,49726000000,0.339,1664.82,43510000000,1992000000,-495000000,1243000000,16044000000,,0.479,,,,,,true,false,12,2018-04-01,2019-03-31,-1
2020-05-15,75370,2020-03-31,,231889000000,-0.023,,,,,1052000000,-0.639,1488000000,0.035,507000000,,-0.722,19.42,,,,,,99547000000,29519000000,0.297,1129.49,29519000000,,,,,30.00,,,,28051200,1916141,26135065,false,false,12,2019-04-01,2020-03-31,0
2020-05-15,75370,2019-03-31,,237370000000,0.042,,,,,2913000000,1.734,1437000000,-0.040,1827000000,,1.215,69.92,,,,,,92382000000,29944000000,0.324,1145.75,29944000000,,,,,30.00,,,,28051200,1916117,26135200,false,false,12,2018-04-01,2019-03-31,-1
2020-07-31,75370,2021-03-31,1,62238000000,0.052,,,,,-603000000,,-369000000,,,-310000000,,-11.89,,,,,,125104000000,47055000000,0.331,,41361000000,,,,,,,,,,,,true,false,3,2020-04-01,2020-06-30,0
2020-07-31,75370,2020-03-31,1,59182000000,-0.169,,,,,-298000000,,301000000,,,-58000000,,-2.24,,,,,,,,,,,,,,,,,,,,,,true,false,3,2019-04-01,2019-06-30,-1
2020-07-31,75370,2021-03-31,1,136500000000,-0.016,,,,,70000000,,115000000,-0.644,,35000000,,1.34,,,,,,,,,,,,,,,,,,,,,,true,true,6,2020-04-01,2020-09-30,0
2020-07-31,75370,2021-03-31,1,260000000000,-0.096,,,,,2300000000,-0.029,2000000000,-0.003,,1235000000,,47.25,,,,,,,,,,,,,,,,,,,,,,true,true,12,2020-04-01,2021-03-31,0
2020-07-31,75370,2020-03-31,1,,,,,,,,,,,,,,,,,,,,131451000000,48204000000,0.322,,42286000000,,,,,,,,,,,,true,false,12,2019-04-01,2020-03-31,-1
2020-07-31,75370,2020-03-31,1,,,,,,,,,,,,,,,,,,,,,,,,,,,,,30.00,,,,28051200,1916141,,false,false,12,2019-04-01,2020-03-31,-1
2020-07-31,75370,2021-03-31,1,,,,,,,,,,,,,,,,,,,,,,,,,,,,,16.00,,,,,,,false,true,12,2020-04-01,2021-03-31,0
2020-07-31,75370,2021-03-31,1,,,,,,,,,,,,,,,,,,,,,,,,,,,,,,,,,28051200,1916141,26135059,false,false,3,2020-04-01,2020-06-30,0
2020-07-31,75370,2020-03-31,1,,,,,,,,,,,,,,,,,,,,,,,,,,,,,,,,,,,26135082,false,false,3,2019-04-01,2019-06-30,-1
2020-07-31,75370,2021-03-31,,136500000000,,,,,,70000000,,115000000,,35000000,,,1.34,,,,,,,,,,,,,,,,,,,,,,true,true,6,2020-04-01,2020-09-30,0
2020-07-31,75370,2020-03-31,,138703000000,,,,,,-71000000,,323000000,,-110000000,,,-4.23,,,,,,,,,,,,,,,,,,,,,,true,false,6,2019-04-01,2019-09-30,-1
2020-07-31,75370,2021-03-31,,260000000000,,,,,,2300000000,,2000000000,,,1235000000,,47.25,,,,,,,,,,,,,,,,,,,,,,true,true,12,2020-04-01,2021-03-31,0
2020-07-31,75370,2020-03-31,,287500000000,,,,,,2369000000,,2006000000,,,-75000000,,-2.89,,,,,,,,,,,,,,,,,,,,,,true,false,12,2019-04-01,2020-03-31,-1
2020-07-31,75370,2021-03-31,,,,,,,,,,,,,,,,,,,,,,,,,,,,,,16.00,,,,,,,false,true,12,2020-04-01,2021-03-31,0
2020-07-31,75370,2020-03-31,,,,,,,,,,,,,,,,,,,,,,,,,,,,,,30.00,,,,,,,false,false,12,2019-04-01,2020-03-31,-1
2020-10-30,75370,2021-03-31,2,137268000000,-0.010,,,,,-579000000,,18000000,-0.943,,-64000000,,-2.48,,,,,,126175000000,46867000000,0.330,,41644000000,,,,,,,,,,,,true,false,6,2020-04-01,2020-09-30,0
2020-10-30,75370,2020-03-31,2,138703000000,-0.167,,,,,-71000000,,323000000,-0.476,,-110000000,,-4.23,,,,,,,,,,,,,,,,,,,,,,true,false,6,2019-04-01,2019-09-30,-1
2020-10-30,75370,2021-03-31,2,270000000000,-0.061,,,,,1250000000,-0.457,1550000000,-0.225,,900000000,,34.44,,,,,,,,,,,,,,,,,,,,,,true,true,12,2020-04-01,2021-03-31,0
2020-10-30,75370,2020-03-31,2,,,,,,,,,,,,,,,,,,,,131451000000,48204000000,0.322,,42286000000,,,,,,,,,,,,true,false,12,2019-04-01,2020-03-31,-1
2020-10-30,75370,2020-03-31,2,,,,,,,,,,,,,,,,,,,,,,,,,,,,,30.00,,,,28051200,1916141,,false,false,12,2019-04-01,2020-03-31,-1
2020-10-30,75370,2021-03-31,2,,,,,,,,,,,,,,,,,,,,,,,,,,,,,8.00,,,,,,,false,false,12,2020-04-01,2021-03-31,0
2020-10-30,75370,2021-03-31,2,,,,,,,,,,,,,,,,,,,,,,,,,,,,,16.00,,,,,,,false,true,12,2020-04-01,2021-03-31,0
2020-10-30,75370,2021-03-31,2,,,,,,,,,,,,,,,,,,,,,,,,,,,,,,,,,28051200,1916141,26135059,false,false,6,2020-04-01,2020-09-30,0
2020-10-30,75370,2020-03-31,2,,,,,,,,,,,,,,,,,,,,,,,,,,,,,,,,,,,26135071,false,false,6,2019-04-01,2019-09-30,-1
2020-10-30,75370,2021-03-31,,137268000000,0.006,,,,,-579000000,,18000000,-0.843,-64000000,,,-2.48,,,,,,,,,,,,,,,,,,,,,,true,true,6,2020-04-01,2020-09-30,0
2020-10-30,75370,2020-03-31,,138703000000,,,,,,-71000000,,323000000,,-110000000,,,-4.23,,,,,,,,,,,,,,,,,,,,,,true,false,6,2019-04-01,2019-09-30,-1
2020-10-30,75370,2021-03-31,,270000000000,0.038,,,,,1250000000,-0.457,1550000000,-0.225,,900000000,,34.44,,,,,,,,,,,,,,,,,,,,,,true,true,12,2020-04-01,2021-03-31,0
2020-10-30,75370,2020-03-31,,287550000000,,,,,,2369000000,,2006000000,,,-75000000,,-2.89,,,,,,,,,,,,,,,,,,,,,,true,false,12,2019-04-01,2020-03-31,-1
2021-02-12,75370,2021-03-31,3,216312000000,0.023,,,,,-537000000,,304000000,0.354,,-2046000000,,-78.30,,,,,,124366000000,44626000000,0.318,,39490000000,,,,,,,,,,,,true,false,9,2020-04-01,2020-12-31,0
2021-02-12,75370,2020-03-31,3,211434000000,-0.180,,,,,457000000,-0.882,224000000,-0.894,,-187000000,,-7.19,,,,,,,,,,,,,,,,,,,,,,true,false,9,2019-04-01,2019-12-31,-1
2021-02-12,75370,2021-03-31,3,279000000000,-0.030,,,,,300000000,-0.873,900000000,-0.551,,-1700000000,,-65.05,,,,,,,,,,,,,,,,,,,,,,true,true,12,2020-04-01,2021-03-31,0
2021-02-12,75370,2020-03-31,3,,,,,,,,,,,,,,,,,,,,131451000000,48204000000,0.322,,42286000000,,,,,,,,,,,,true,false,12,2019-04-01,2020-03-31,-1
2021-02-12,75370,2020-03-31,3,,,,,,,,,,,,,,,,,,,,,,,,,,,,,30.00,,,,28051200,1916141,,false,false,12,2019-04-01,2020-03-31,-1
2021-02-12,75370,2021-03-31,3,,,,,,,,,,,,,,,,,,,,,,,,,,,,,8.00,,,,,,,false,false,12,2020-04-01,2021-03-31,0
2021-02-12,75370,2021-03-31,3,,,,,,,,,,,,,,,,,,,,,,,,,,,,,16.00,,,,,,,false,true,12,2020-04-01,2021-03-31,0
2021-02-12,75370,2021-03-31,3,,,,,,,,,,,,,,,,,,,,,,,,,,,,,,,,,28051200,1916141,26135059,false,false,9,2020-04-01,2020-12-31,0
2021-02-12,75370,2020-03-31,3,,,,,,,,,,,,,,,,,,,,,,,,,,,,,,,,,,,26135067,false,false,9,2019-04-01,2019-12-31,-1
2021-02-12,75370,2021-03-31,,279000000000,0.033,,,,,300000000,-0.760,900000000,-0.419,,-1700000000,,-65.05,,,,,,,,,,,,,,,,,,,,,,true,true,12,2020-04-01,2021-03-31,0
2021-02-12,75370,2020-03-31,,287550000000,,,,,,2369000000,,2006000000,,,-75000000,,-2.89,,,,,,,,,,,,,,,,,,,,,,true,false,12,2019-04-01,2020-03-31,-1
2021-05-12,75370,2021-03-31,,289000000000,0.036,,,,,1000000000,2.333,30000000,-0.967,-2140000000,,,-81.88,,,,,,,,,,,,,,,,,,,,,,true,true,12,2020-04-01,2021-03-31,0
2021-05-12,75370,2020-03-31,,287550000000,,,,,,2369000000,,2006000000,,-75000000,,,-2.89,,,,,,,,,,,,,,,,,,,,,,true,false,12,2019-04-01,2020-03-31,-1
2021-05-14,75370,2021-03-31,,289283000000,0.006,,,,,1023000000,-0.568,33000000,-0.983,,-2133000000,,-81.64,,-0.052,0.000,0.004,,127006000000,45040000000,0.315,1531.10,40015000000,15205000000,-790000000,-8188000000,26274000000,,,,,,,,true,false,12,2020-04-01,2021-03-31,0
2021-05-14,75370,2020-03-31,,287550000000,-0.120,,,,,2369000000,-0.531,2006000000,-0.336,,-75000000,,-2.89,,-0.002,0.015,0.008,,131451000000,48204000000,0.322,1617.98,42286000000,-309000000,-582000000,5188000000,20473000000,,,,,,,,true,false,12,2019-04-01,2020-03-31,-1
2021-05-14,75370,2022-03-31,,70000000000,,,,,,600000000,,460000000,,230000000,,,8.80,,,,,,,,,,,,,,,,,,,,,,true,true,6,2021-04-01,2021-09-30,1
2021-05-14,75370,2022-03-31,,153000000000,,,,,,3200000000,,3000000000,,1900000000,,,72.70,,,,,,,,,,,,,,,,0.413,,,,,,true,true,12,2021-04-01,2022-03-31,1
2021-05-14,75370,2021-03-31,,237437000000,0.024,,,,,-56000000,,-48000000,,-1794000000,,,-68.68,,,,,,95556000000,27358000000,0.286,1046.82,27358000000,,,,,16.00,,,,28051200,1916141,26135059,false,false,12,2020-04-01,2021-03-31,0
2021-05-14,75370,2020-03-31,,231889000000,-0.023,,,,,1052000000,-0.639,1488000000,0.035,507000000,,-0.722,19.42,,,,,,99547000000,29519000000,0.297,1129.49,29519000000,,,,,30.00,,,,28051200,1916141,26135065,false,false,12,2019-04-01,2020-03-31,-1
2021-05-14,75370,2022-03-31,,,,,,,,,,,,,,,,,,,,,,,,,,,,,,30.00,,,,,,,false,true,12,2021-04-01,2022-03-31,1
2021-07-30,75370,2022-03-31,1,37347000000,,,,,,1076000000,,1005000000,,,557000000,,21.32,,,,,,133674000000,46450000000,0.307,,41099000000,,,,,,,,,,,,true,false,3,2021-04-01,2021-06-30,0
2021-07-30,75370,2021-03-31,1,62238000000,0.052,,,,,-603000000,,-369000000,,,-310000000,,-11.89,,,,,,,,,,,,,,,,,,,,,,true,false,3,2020-04-01,2020-06-30,-1
2021-07-30,75370,2022-03-31,1,70000000000,,,,,,600000000,,460000000,,,230000000,,8.80,,,,,,,,,,,,,,,,,,,,,,true,true,6,2021-04-01,2021-09-30,0
2021-07-30,75370,2022-03-31,1,153000000000,,,,,,3200000000,,3000000000,,,1900000000,,72.70,,,,,,,,,,,,,,,,,,,,,,true,true,12,2021-04-01,2022-03-31,0
2021-07-30,75370,2021-03-31,1,,,,,,,,,,,,,,,,,,,,127006000000,45040000000,0.315,,40015000000,,,,,,,,,,,,true,false,12,2020-04-01,2021-03-31,-1
2021-07-30,75370,2021-03-31,1,,,,,,,,,,,,,,,,,,,,,,,,,,,,,16.00,,,,28051200,1916141,,false,false,12,2020-04-01,2021-03-31,-1
2021-07-30,75370,2022-03-31,1,,,,,,,,,,,,,,,,,,,,,,,,,,,,,30.00,,,,,,,false,true,12,2021-04-01,2022-03-31,0
2021-07-30,75370,2022-03-31,1,,,,,,,,,,,,,,,,,,,,,,,,,,,,,,,,,28051200,1916141,26135059,false,false,3,2021-04-01,2021-06-30,0
2021-07-30,75370,2021-03-31,1,,,,,,,,,,,,,,,,,,,,,,,,,,,,,,,,,,,26135059,false,false,3,2020-04-01,2020-06-30,-1
2021-10-29,75370,2022-03-31,2,80574000000,,,,,,2575000000,,2104000000,,,1256000000,,48.06,,,,,,141275000000,46696000000,0.295,,41736000000,,,,,,,,,,,,true,false,6,2021-04-01,2021-09-30,0
2021-10-29,75370,2021-03-31,2,137268000000,-0.010,,,,,-579000000,,18000000,-0.943,,-64000000,,-2.48,,,,,,,,,,,,,,,,,,,,,,true,false,6,2020-04-01,2020-09-30,-1
2021-10-29,75370,2022-03-31,2,163000000000,,,,,,5000000000,,4500000000,,,2900000000,,110.96,,,,,,,,,,,,,,,,,,,,,,true,true,12,2021-04-01,2022-03-31,0
2021-10-29,75370,2021-03-31,2,,,,,,,,,,,,,,,,,,,,127006000000,45040000000,0.315,,40015000000,,,,,,,,,,,,true,false,12,2020-04-01,2021-03-31,-1
2021-10-29,75370,2021-03-31,2,,,,,,,,,,,,,,,,,,,,,,,,,,,,,16.00,,,,28051200,1916141,,false,false,12,2020-04-01,2021-03-31,-1
2021-10-29,75370,2022-03-31,2,,,,,,,,,,,,,,,,,,,,,,,,,,,,,10.00,,,,,,,false,false,12,2021-04-01,2022-03-31,0
2021-10-29,75370,2022-03-31,2,,,,,,,,,,,,,,,,,,,,,,,,,,,,,30.00,,,,,,,false,true,12,2021-04-01,2022-03-31,0
2021-10-29,75370,2022-03-31,2,,,,,,,,,,,,,,,,,,,,,,,,,,,,,,,,,28051200,1916377,26134998,false,false,6,2021-04-01,2021-09-30,0
2021-10-29,75370,2021-03-31,2,,,,,,,,,,,,,,,,,,,,,,,,,,,,,,,,,,,26135059,false,false,6,2020-04-01,2020-09-30,-1
2021-10-29,75370,2022-03-31,,80574000000,0.151,,,,,2575000000,3.292,2104000000,3.574,1256000000,,4.461,48.06,,,,,,,,,,,,,,,,,,,,,,true,true,6,2021-04-01,2021-09-30,0
2021-10-29,75370,2021-03-31,,137268000000,,,,,,-579000000,,18000000,,-64000000,,,-2.48,,,,,,,,,,,,,,,,,,,,,,true,false,6,2020-04-01,2020-09-30,-1
2021-10-29,75370,2022-03-31,,163000000000,0.065,,,,,5000000000,0.563,4500000000,0.500,2900000000,,0.526,110.96,,,,,,,,,,,,,,,,,,,,,,true,true,12,2021-04-01,2022-03-31,0
2021-10-29,75370,2021-03-31,,289283000000,,,,,,1023000000,,33000000,,-2133000000,,,-81.64,,,,,,,,,,,,,,,,,,,,,,true,false,12,2020-04-01,2021-03-31,-1
2022-01-31,75370,2022-03-31,3,120873000000,,,,,,4008000000,,3246000000,,,1726000000,,66.08,,,,,,142459000000,46893000000,0.294,,41845000000,,,,,,,,,,,,true,false,9,2021-04-01,2021-12-31,0
2022-01-31,75370,2021-03-31,3,216312000000,0.023,,,,,-537000000,,304000000,0.354,,-2046000000,,-78.30,,,,,,,,,,,,,,,,,,,,,,true,false,9,2020-04-01,2020-12-31,-1
2022-01-31,75370,2022-03-31,3,163000000000,,,,,,5000000000,,4500000000,,,2900000000,,110.96,,,,,,,,,,,,,,,,,,,,,,true,true,12,2021-04-01,2022-03-31,0
2022-01-31,75370,2021-03-31,3,,,,,,,,,,,,,,,,,,,,127006000000,45040000000,0.315,,40015000000,,,,,,,,,,,,true,false,12,2020-04-01,2021-03-31,-1
2022-01-31,75370,2021-03-31,3,,,,,,,,,,,,,,,,,,,,,,,,,,,,,16.00,,,,28051200,1916141,,false,false,12,2020-04-01,2021-03-31,-1
2022-01-31,75370,2022-03-31,3,,,,,,,,,,,,,,,,,,,,,,,,,,,,,10.00,,,,,,,false,false,12,2021-04-01,2022-03-31,0
2022-01-31,75370,2022-03-31,3,,,,,,,,,,,,,,,,,,,,,,,,,,,,,30.00,,,,,,,false,true,12,2021-04-01,2022-03-31,0
2022-01-31,75370,2022-03-31,3,,,,,,,,,,,,,,,,,,,,,,,,,,,,,,,,,28051200,1916429,26134931,false,false,9,2021-04-01,2021-12-31,0
2022-01-31,75370,2021-03-31,3,,,,,,,,,,,,,,,,,,,,,,,,,,,,,,,,,,,26135059,false,false,9,2020-04-01,2020-12-31,-1
2022-05-13,75370,2022-03-31,,167794000000,,,,,,5994000000,,4106000000,,,2437000000,,93.26,,0.059,0.030,0.036,,148179000000,47574000000,0.288,1634.26,42711000000,-2948000000,145000000,391000000,24693000000,,0.322,,,,,,true,false,12,2021-04-01,2022-03-31,0
2022-05-13,75370,2021-03-31,,289283000000,0.006,,,,,1023000000,-0.568,33000000,-0.983,,-2133000000,,-81.64,,-0.052,0.000,0.004,,127006000000,45040000000,0.315,1531.10,40015000000,15205000000,-790000000,-8188000000,26274000000,,,,,,,,true,false,12,2020-04-01,2021-03-31,-1
2022-05-13,75370,2023-03-31,,91000000000,0.129,,,,,1600000000,-0.379,1300000000,-0.382,,750000000,,28.70,,,,,,,,,,,,,,,,,,,,,,true,true,6,2022-04-01,2022-09-30,1
2022-05-13,75370,2023-03-31,,195000000000,0.162,,,,,5100000000,-0.149,4500000000,0.096,,2900000000,,110.96,,,,,,,,,,,,,,,,0.406,,,,,,true,true,12,2022-04-01,2023-03-31,1
2022-05-13,75370,2022-03-31,,120062000000,,,,,,4477000000,,4175000000,,3277000000,,,125.42,,,,,,117464000000,30553000000,0.260,1169.07,30553000000,,,,,30.00,,,,28051200,1916429,26134892,false,false,12,2021-04-01,2022-03-31,0
2022-05-13,75370,2021-03-31,,237437000000,0.024,,,,,-56000000,,-48000000,,-1794000000,,,-68.68,,,,,,95556000000,27358000000,0.286,1046.82,27358000000,,,,,16.00,,,,28051200,1916141,26135059,false,false,12,2020-04-01,2021-03-31,-1
2022-05-13,75370,2023-03-31,,,,,,,,,,,,,,,,,,,,,,,,,,,,,,45.00,,,,,,,false,true,12,2022-04-01,2023-03-31,1
2022-07-29,75370,2023-03-31,1,46156000000,0.236,,,,,2024000000,0.881,-252000000,,,-350000000,,-13.42,,,,,,152183000000,47582000000,0.278,,42316000000,,,,,,,,,,,,true,false,3,2022-04-01,2022-06-30,0
2022-07-29,75370,2022-03-31,1,37347000000,,,,,,1076000000,,1005000000,,,557000000,,21.32,,,,,,,,,,,,,,,,,,,,,,true,false,3,2021-04-01,2021-06-30,-1
2022-07-29,75370,2023-03-31,1,91000000000,0.129,,,,,1600000000,-0.379,1300000000,-0.382,,750000000,,28.70,,,,,,,,,,,,,,,,,,,,,,true,true,6,2022-04-01,2022-09-30,0
2022-07-29,75370,2023-03-31,1,195000000000,0.162,,,,,5100000000,-0.149,4500000000,0.096,,2900000000,,110.96,,,,,,,,,,,,,,,,,,,,,,true,true,12,2022-04-01,2023-03-31,0
2022-07-29,75370,2022-03-31,1,,,,,,,,,,,,,,,,,,,,148179000000,47574000000,0.288,,42711000000,,,,,,,,,,,,true,false,12,2021-04-01,2022-03-31,-1
2022-07-29,75370,2022-03-31,1,,,,,,,,,,,,,,,,,,,,,,,,,,,,,30.00,,,,28051200,1916429,,false,false,12,2021-04-01,2022-03-31,-1
2022-07-29,75370,2023-03-31,1,,,,,,,,,,,,,,,,,,,,,,,,,,,,,45.00,,,,,,,false,true,12,2022-04-01,2023-03-31,0
2022-07-29,75370,2023-03-31,1,,,,,,,,,,,,,,,,,,,,,,,,,,,,,,,,,28051200,1916429,26134771,false,false,3,2022-04-01,2022-06-30,0
2022-07-29,75370,2022-03-31,1,,,,,,,,,,,,,,,,,,,,,,,,,,,,,,,,,,,26135059,false,false,3,2021-04-01,2021-06-30,-1
2022-10-28,75370,2023-03-31,,101000000000,0.110,,,,,5200000000,2.250,1100000000,-0.154,450000000,,-0.400,17.22,,,,,,,,,,,,,,,,,,,,,,true,true,6,2022-04-01,2022-09-30,0
2022-10-28,75370,2022-03-31,,80574000000,,,,,,2575000000,,2104000000,,1256000000,,,48.06,,,,,,,,,,,,,,,,,,,,,,true,false,6,2021-04-01,2021-09-30,-1
2022-10-28,75370,2023-03-31,,220000000000,0.128,,,,,10500000000,1.059,5000000000,0.111,2950000000,,0.017,112.88,,,,,,,,,,,,,,,,,,,,,,true,true,12,2022-04-01,2023-03-31,0
2022-10-28,75370,2022-03-31,,167794000000,,,,,,5994000000,,4106000000,,2347000000,,,93.26,,,,,,,,,,,,,,,,,,,,,,true,false,12,2021-04-01,2022-03-31,-1
2022-10-31,75370,2023-03-31,2,101022000000,0.254,,,,,5267000000,1.046,1135000000,-0.460,,469000000,,17.97,,,,,,162608000000,49782000000,0.270,,43842000000,,,,,,,,,,,,true,false,6,2022-04-01,2022-09-30,0
2022-10-31,75370,2022-03-31,2,80574000000,,,,,,2575000000,,2104000000,,,1256000000,,48.06,,,,,,,,,,,,,,,,,,,,,,true,false,6,2021-04-01,2021-09-30,-1
2022-10-31,75370,2023-03-31,2,220000000000,0.311,,,,,10500000000,0.752,5000000000,0.218,,2950000000,,112.88,,,,,,,,,,,,,,,,,,,,,,true,true,12,2022-04-01,2023-03-31,0
2022-10-31,75370,2022-03-31,2,,,,,,,,,,,,,,,,,,,,148179000000,47574000000,0.288,,42711000000,,,,,,,,,,,,true,false,12,2021-04-01,2022-03-31,-1
2022-10-31,75370,2022-03-31,2,,,,,,,,,,,,,,,,,,,,,,,,,,,,,30.00,,,,28051200,1916429,,false,false,12,2021-04-01,2022-03-31,-1
2022-10-31,75370,2023-03-31,2,,,,,,,,,,,,,,,,,,,,,,,,,,,,,20.00,,,,,,,false,false,12,2022-04-01,2023-03-31,0
2022-10-31,75370,2023-03-31,2,,,,,,,,,,,,,,,,,,,,,,,,,,,,,45.00,,,,,,,false,true,12,2022-04-01,2023-03-31,0
2022-10-31,75370,2023-03-31,2,,,,,,,,,,,,,,,,,,,,,,,,,,,,,,,,,28051200,1916429,26134771,false,false,6,2022-04-01,2022-09-30,0
2022-10-31,75370,2022-03-31,2,,,,,,,,,,,,,,,,,,,,,,,,,,,,,,,,,,,26134998,false,false,6,2021-04-01,2021-09-30,-1
2023-01-31,75370,2023-03-31,3,163236000000,0.350,,,,,8711000000,1.173,6377000000,0.964,,3961000000,,151.57,,,,,,173310000000,53414000000,0.272,,47074000000,,,,,,,,,,,,true,false,9,2022-04-01,2022-12-31,0
2023-01-31,75370,2022-03-31,3,120873000000,,,,,,4008000000,,3246000000,,,1726000000,,66.08,,,,,,,,,,,,,,,,,,,,,,true,false,9,2021-04-01,2021-12-31,-1
2023-01-31,75370,2023-03-31,3,220000000000,0.311,,,,,10000000000,0.668,7000000000,0.705,,4350000000,,166.44,,,,,,,,,,,,,,,,,,,,,,true,true,12,2022-04-01,2023-03-31,0
2023-01-31,75370,2022-03-31,3,,,,,,,,,,,,,,,,,,,,148179000000,47574000000,0.288,,42711000000,,,,,,,,,,,,true,false,12,2021-04-01,2022-03-31,-1
2023-01-31,75370,2022-03-31,3,,,,,,,,,,,,,,,,,,,,,,,,,,,,,30.00,,,,28051200,1916429,,false,false,12,2021-04-01,2022-03-31,-1
2023-01-31,75370,2023-03-31,3,,,,,,,,,,,,,,,,,,,,,,,,,,,,,20.00,,,,,,,false,false,12,2022-04-01,2023-03-31,0
2023-01-31,75370,2023-03-31,3,,,,,,,,,,,,,,,,,,,,,,,,,,,,,67.00,,,,,,,false,true,12,2022-04-01,2023-03-31,0
2023-01-31,75370,2023-03-31,3,,,,,,,,,,,,,,,,,,,,,,,,,,,,,,,,,28051200,1916429,26134771,false,false,9,2022-04-01,2022-12-31,0
2023-01-31,75370,2022-03-31,3,,,,,,,,,,,,,,,,,,,,,,,,,,,,,,,,,,,26134931,false,false,9,2021-04-01,2021-12-31,-1
2023-01-31,75370,2023-03-31,,220000000000,0.000,,,,,10000000000,-0.048,7000000000,0.400,4350000000,,0.475,166.44,,,,,,,,,,,,,,,,,,,,,,true,true,12,2022-04-01,2023-03-31,0
2023-01-31,75370,2022-03-31,,167794000000,,,,,,5994000000,,4106000000,,2437000000,,,93.26,,,,,,,,,,,,,,,,,,,,,,true,false,12,2021-04-01,2022-03-31,-1
2023-01-31,75370,2023-03-31,,,,,,,,,,,,,,,,,,,,,,,,,,,,,,67.00,,,,,,,false,true,12,2022-04-01,2023-03-31,0
2023-01-31,75370,2023-03-31,,,,,,,,,,,,,,,,,,,,,,,,,,,,,,20.00,,,,,,,false,false,12,2022-04-01,2023-03-31,0
2023-01-31,75370,2022-03-31,,,,,,,,,,,,,,,,,,,,,,,,,,,,,,30.00,,,,,,,false,false,12,2021-04-01,2022-03-31,-1
2023-05-12,75370,2023-03-31,,226171000000,0.348,,,,,10997000000,0.835,7909000000,0.926,,5201000000,,199.04,,0.115,0.049,0.049,,175998000000,53084000000,0.271,1826.99,47747000000,-18981000000,-326000000,14071000000,20658000000,,0.402,,,,,,true,false,12,2022-04-01,2023-03-31,0
2023-05-12,75370,2022-03-31,,167794000000,,,,,,5994000000,,4106000000,,,2437000000,,93.26,,0.059,0.030,0.036,,148179000000,47574000000,0.288,1634.26,42711000000,-2948000000,145000000,391000000,24693000000,,0.322,,,,,,true,false,12,2021-04-01,2022-03-31,-1
2023-05-12,75370,2024-03-31,,113500000000,0.124,,,,,3400000000,-0.355,1300000000,0.145,,645000000,,24.68,,,,,,,,,,,,,,,,,,,,,,true,true,6,2023-04-01,2023-09-30,1
2023-05-12,75370,2024-03-31,,236000000000,0.043,,,,,8750000000,-0.204,5000000000,-0.368,,3000000000,,114.79,,,,,,,,,,,,,,,,0.436,,,,,,true,true,12,2023-04-01,2024-03-31,1
2023-05-12,75370,2023-03-31,,175060000000,0.458,,,,,8905000000,0.989,7172000000,0.718,5591000000,,0.706,213.96,,,,,,142320000000,35082000000,0.246,1342.35,35082000000,,,,,80.00,,,,28051200,1916429,26134771,false,false,12,2022-04-01,2023-03-31,0
2023-05-12,75370,2022-03-31,,120062000000,,,,,,4477000000,,4175000000,,3277000000,,,125.42,,,,,,117464000000,30553000000,0.260,1169.07,30553000000,,,,,30.00,,,,28051200,1916429,26134892,false,false,12,2021-04-01,2022-03-31,-1
2023-05-12,75370,2024-03-31,,,,,,,,,,,,,,,,,,,,,,,,,,,,,,50.00,,,,,,,false,true,12,2023-04-01,2024-03-31,1
2023-07-31,75370,2024-03-31,1,60414000000,0.309,,,,,3131000000,0.546,-97000000,,,-330000000,,-12.65,,,,,,175675000000,51825000000,0.264,,46291000000,,,,,,,,,,,,true,false,3,2023-04-01,2023-06-30,0
2023-07-31,75370,2023-03-31,1,46156000000,0.236,,,,,2024000000,0.881,-252000000,,,-350000000,,-13.42,,,,,,,,,,,,,,,,,,,,,,true,false,3,2022-04-01,2022-06-30,-1
2023-07-31,75370,2024-03-31,1,113500000000,0.124,,,,,3400000000,-0.355,1300000000,0.145,,645000000,,24.68,,,,,,,,,,,,,,,,,,,,,,true,true,6,2023-04-01,2023-09-30,0
2023-07-31,75370,2024-03-31,1,236000000000,0.043,,,,,8750000000,-0.204,5000000000,-0.368,,3000000000,,114.79,,,,,,,,,,,,,,,,,,,,,,true,true,12,2023-04-01,2024-03-31,0
2023-07-31,75370,2023-03-31,1,,,,,,,,,,,,,,,,,,,,175998000000,53084000000,0.271,,47747000000,,,,,,,,,,,,true,false,12,2022-04-01,2023-03-31,-1
2023-07-31,75370,2023-03-31,1,,,,,,,,,,,,,,,,,,,,,,,,,,,,,80.00,,,,28051200,1916429,,false,false,12,2022-04-01,2023-03-31,-1
2023-07-31,75370,2024-03-31,1,,,,,,,,,,,,,,,,,,,,,,,,,,,,,50.00,,,,,,,false,true,12,2023-04-01,2024-03-31,0
2023-07-31,75370,2024-03-31,1,,,,,,,,,,,,,,,,,,,,,,,,,,,,,,,,,28051200,1916429,26134771,false,false,3,2023-04-01,2023-06-30,0
2023-07-31,75370,2023-03-31,1,,,,,,,,,,,,,,,,,,,,,,,,,,,,,,,,,,,26134771,false,false,3,2022-04-01,2022-06-30,-1
2023-10-31,75370,2024-03-31,2,123729000000,0.225,,,,,7342000000,0.394,2080000000,0.832,,1137000000,,43.51,,,,,,203651000000,54625000000,0.238,,48528000000,,,,,,,,,,,,true,false,6,2023-04-01,2023-09-30,0
2023-10-31,75370,2023-03-31,2,101022000000,0.254,,,,,5267000000,1.046,1135000000,-0.460,,469000000,,17.97,,,,,,,,,,,,,,,,,,,,,,true,false,6,2022-04-01,2022-09-30,-1
2023-10-31,75370,2024-03-31,2,240000000000,0.061,,,,,12500000000,0.137,5000000000,-0.368,,3000000000,,114.75,,,,,,,,,,,,,,,,,,,,,,true,true,12,2023-04-01,2024-03-31,0
2023-10-31,75370,2023-03-31,2,,,,,,,,,,,,,,,,,,,,175998000000,53084000000,0.271,,47747000000,,,,,,,,,,,,true,false,12,2022-04-01,2023-03-31,-1
2023-10-31,75370,2023-03-31,2,,,,,,,,,,,,,,,,,,,,,,,,,,,,,80.00,,,,28051200,1916429,,false,false,12,2022-04-01,2023-03-31,-1
2023-10-31,75370,2024-03-31,2,,,,,,,,,,,,,,,,,,,,,,,,,,,,,25.00,,,,,,,false,false,12,2023-04-01,2024-03-31,0
2023-10-31,75370,2024-03-31,2,,,,,,,,,,,,,,,,,,,,,,,,,,,,,50.00,,,,,,,false,true,12,2023-04-01,2024-03-31,0
2023-10-31,75370,2024-03-31,2,,,,,,,,,,,,,,,,,,,,,,,,,,,,,,,,,28051200,1893014,26143088,false,false,6,2023-04-01,2023-09-30,0
2023-10-31,75370,2023-03-31,2,,,,,,,,,,,,,,,,,,,,,,,,,,,,,,,,,,,26134771,false,false,6,2022-04-01,2022-09-30,-1
2024-01-31,75370,2024-03-31,3,179514000000,0.100,,,,,10187000000,0.169,5221000000,-0.181,,3305000000,,126.42,,,,,,166104000000,56480000000,0.302,,50115000000,,,,,,,,,,,,true,false,9,2023-04-01,2023-12-31,0
2024-01-31,75370,2023-03-31,3,163236000000,0.350,,,,,8711000000,1.173,6377000000,0.964,,3961000000,,151.57,,,,,,,,,,,,,,,,,,,,,,true,false,9,2022-04-01,2022-12-31,-1
2024-01-31,75370,2024-03-31,3,240000000000,0.061,,,,,12500000000,0.137,5000000000,-0.368,,3000000000,,114.75,,,,,,,,,,,,,,,,,,,,,,true,true,12,2023-04-01,2024-03-31,0
2024-01-31,75370,2023-03-31,3,,,,,,,,,,,,,,,,,,,,175998000000,53084000000,0.271,,47747000000,,,,,,,,,,,,true,false,12,2022-04-01,2023-03-31,-1
2024-01-31,75370,2023-03-31,3,,,,,,,,,,,,,,,,,,,,,,,,,,,,,80.00,,,,28051200,1916429,,false,false,12,2022-04-01,2023-03-31,-1
2024-01-31,75370,2024-03-31,3,,,,,,,,,,,,,,,,,,,,,,,,,,,,,25.00,,,,,,,false,false,12,2023-04-01,2024-03-31,0
2024-01-31,75370,2024-03-31,3,,,,,,,,,,,,,,,,,,,,,,,,,,,,,50.00,,,,,,,false,true,12,2023-04-01,2024-03-31,0
2024-01-31,75370,2024-03-31,3,,,,,,,,,,,,,,,,,,,,,,,,,,,,,,,,,28051200,1893014,26148139,false,false,9,2023-04-01,2023-12-31,0
2024-01-31,75370,2023-03-31,3,,,,,,,,,,,,,,,,,,,,,,,,,,,,,,,,,,,26134771,false,false,9,2022-04-01,2022-12-31,-1
2024-05-10,75370,2024-03-31,,236490000000,0.046,,,,,12984000000,0.181,5627000000,-0.288,,3401000000,,130.07,,0.069,0.032,0.055,,174120000000,56433000000,0.291,1938.07,50696000000,22694000000,-1424000000,-20050000000,23026000000,,0.400,,,,,,true,false,12,2023-04-01,2024-03-31,0
2024-05-10,75370,2023-03-31,,226171000000,0.348,,,,,10997000000,0.835,7909000000,0.926,,5201000000,,199.04,,0.115,0.049,0.049,,175998000000,53084000000,0.271,1826.99,47747000000,-18981000000,-326000000,14071000000,20658000000,,0.402,,,,,,true,false,12,2022-04-01,2023-03-31,-1
2024-05-10,75370,2025-03-31,,99000000000,-0.200,,,,,2800000000,-0.619,1050000000,-0.495,,545000000,,20.84,,,,,,,,,,,,,,,,,,,,,,true,true,6,2024-04-01,2024-09-30,1
2024-05-10,75370,2025-03-31,,212000000000,-0.104,,,,,8600000000,-0.338,5000000000,-0.112,,3000000000,,114.72,,,,,,,,,,,,,,,,0.453,,,,,,true,true,12,2024-04-01,2025-03-31,1
2024-05-10,75370,2024-03-31,,180265000000,0.030,,,,,10633000000,0.194,3961000000,-0.448,3028000000,,-0.458,115.83,,,,,,136587000000,36607000000,0.268,1399.48,36607000000,,,,,52.00,,,,28051200,1893034,26150634,false,false,12,2023-04-01,2024-03-31,0
2024-05-10,75370,2023-03-31,,175060000000,0.458,,,,,8905000000,0.989,7172000000,0.718,5591000000,,0.706,213.96,,,,,,142320000000,35082000000,0.246,1342.35,35082000000,,,,,80.00,,,,28051200,1916429,26134771,false,false,12,2022-04-01,2023-03-31,-1
2024-05-10,75370,2025-03-31,,,,,,,,,,,,,,,,,,,,,,,,,,,,,,52.00,,,,,,,false,true,12,2024-04-01,2025-03-31,1
2024-07-31,75370,2025-03-31,1,50788000000,-0.159,,,,,2648000000,-0.154,572000000,,,429000000,,16.43,,,,,,180831000000,56943000000,0.282,,50918000000,,,,,,,,,,,,true,false,3,2024-04-01,2024-06-30,0
2024-07-31,75370,2024-03-31,1,60414000000,0.309,,,,,3131000000,0.546,-97000000,,,-330000000,,-12.65,,,,,,,,,,,,,,,,,,,,,,true,false,3,2023-04-01,2023-06-30,-1
2024-07-31,75370,2025-03-31,1,99000000000,-0.200,,,,,2800000000,-0.619,1050000000,-0.495,,545000000,,20.84,,,,,,,,,,,,,,,,,,,,,,true,true,6,2024-04-01,2024-09-30,0
2024-07-31,75370,2025-03-31,1,212000000000,-0.104,,,,,8600000000,-0.338,5000000000,-0.112,,3000000000,,114.72,,,,,,,,,,,,,,,,,,,,,,true,true,12,2024-04-01,2025-03-31,0
2024-07-31,75370,2024-03-31,1,,,,,,,,,,,,,,,,,,,,174120000000,56433000000,0.291,,50696000000,,,,,,,,,,,,true,false,12,2023-04-01,2024-03-31,-1
2024-07-31,75370,2024-03-31,1,,,,,,,,,,,,,,,,,,,,,,,,,,,,,52.00,,,,28051200,1893034,,false,false,12,2023-04-01,2024-03-31,-1
2024-07-31,75370,2025-03-31,1,,,,,,,,,,,,,,,,,,,,,,,,,,,,,52.00,,,,,,,false,true,12,2024-04-01,2025-03-31,0
2024-07-31,75370,2025-03-31,1,,,,,,,,,,,,,,,,,,,,,,,,,,,,,,,,,28051200,1893034,26158166,false,false,3,2024-04-01,2024-06-30,0
2024-07-31,75370,2024-03-31,1,,,,,,,,,,,,,,,,,,,,,,,,,,,,,,,,,,,26134771,false,false,3,2023-04-01,2023-06-30,-1
2024-10-31,75370,2025-03-31,2,98583000000,-0.203,,,,,4372000000,-0.405,3125000000,0.503,,2143000000,,81.91,,,,,,173835000000,59014000000,0.303,,52618000000,,,,,,,,,,,,true,false,6,2024-04-01,2024-09-30,0
2024-10-31,75370,2024-03-31,2,123729000000,0.225,,,,,7342000000,0.394,2080000000,0.832,,1137000000,,43.51,,,,,,,,,,,,,,,,,,,,,,true,false,6,2023-04-01,2023-09-30,-1
2024-10-31,75370,2025-03-31,2,210000000000,-0.111,,,,,9050000000,-0.303,6000000000,0.066,,4150000000,,158.63,,,,,,,,,,,,,,,,,,,,,,true,true,12,2024-04-01,2025-03-31,0
2024-10-31,75370,2024-03-31,2,,,,,,,,,,,,,,,,,,,,174120000000,56433000000,0.291,,50696000000,,,,,,,,,,,,true,false,12,2023-04-01,2024-03-31,-1
2024-10-31,75370,2024-03-31,2,,,,,,,,,,,,,,,,,,,,,,,,,,,,,52.00,,,,28051200,1893034,,false,false,12,2023-04-01,2024-03-31,-1
2024-10-31,75370,2025-03-31,2,,,,,,,,,,,,,,,,,,,,,,,,,,,,,25.00,,,,,,,false,false,12,2024-04-01,2025-03-31,0
2024-10-31,75370,2025-03-31,2,,,,,,,,,,,,,,,,,,,,,,,,,,,,,52.00,,,,,,,false,true,12,2024-04-01,2025-03-31,0
2024-10-31,75370,2025-03-31,2,,,,,,,,,,,,,,,,,,,,,,,,,,,,,,,,,28051200,1882514,26162018,false,false,6,2024-04-01,2024-09-30,0
2024-10-31,75370,2024-03-31,2,,,,,,,,,,,,,,,,,,,,,,,,,,,,,,,,,,,26143088,false,false,6,2023-04-01,2023-09-30,-1
2025-02-07,75370,2025-03-31,3,151953000000,-0.154,,,,,6735000000,-0.339,2805000000,-0.463,,1825000000,,69.77,,,,,,172057000000,56895000000,0.298,,51214000000,,,,,,,,,,,,true,false,9,2024-04-01,2024-12-31,0
2025-02-07,75370,2024-03-31,3,179514000000,0.100,,,,,10187000000,0.169,5221000000,-0.181,,3305000000,,126.42,,,,,,,,,,,,,,,,,,,,,,true,false,9,2023-04-01,2023-12-31,-1
2025-02-07,75370,2025-03-31,3,210000000000,-0.111,,,,,9050000000,-0.303,6000000000,0.066,,4150000000,,158.63,,,,,,,,,,,,,,,,,,,,,,true,true,12,2024-04-01,2025-03-31,0
2025-02-07,75370,2024-03-31,3,,,,,,,,,,,,,,,,,,,,174120000000,56433000000,0.291,,50696000000,,,,,,,,,,,,true,false,12,2023-04-01,2024-03-31,-1
2025-02-07,75370,2024-03-31,3,,,,,,,,,,,,,,,,,,,,,,,,,,,,,52.00,,,,28051200,1893034,,false,false,12,2023-04-01,2024-03-31,-1
2025-02-07,75370,2025-03-31,3,,,,,,,,,,,,,,,,,,,,,,,,,,,,,25.00,,,,,,,false,false,12,2024-04-01,2025-03-31,0
2025-02-07,75370,2025-03-31,3,,,,,,,,,,,,,,,,,,,,,,,,,,,,,52.00,,,,,,,false,true,12,2024-04-01,2025-03-31,0
2025-02-07,75370,2025-03-31,3,,,,,,,,,,,,,,,,,,,,,,,,,,,,,,,,,28051200,1882514,26164248,false,false,9,2024-04-01,2024-12-31,0
2025-02-07,75370,2024-03-31,3,,,,,,,,,,,,,,,,,,,,,,,,,,,,,,,,,,,26148139,false,false,9,2023-04-01,2023-12-31,-1
2025-05-09,75370,2025-03-31,,210837000000,-0.108,,,,,8958000000,-0.310,6344000000,0.127,,4272000000,,163.30,,0.081,0.040,0.042,,144765000000,60499000000,0.377,2083.52,54522000000,18617000000,-2146000000,-16405000000,23532000000,,0.404,,,,,,true,false,12,2024-04-01,2025-03-31,0
2025-05-09,75370,2024-03-31,,236490000000,0.046,,,,,12984000000,0.181,5627000000,-0.288,,3401000000,,130.07,,0.069,0.032,0.055,,174120000000,56433000000,0.291,1938.07,50696000000,22694000000,-1424000000,-20050000000,23026000000,,0.400,,,,,,true,false,12,2023-04-01,2024-03-31,-1
2025-05-09,75370,2026-03-31,,95000000000,-0.036,,,,,1700000000,-0.611,700000000,-0.776,,300000000,,11.46,,,,,,,,,,,,,,,,,,,,,,true,true,6,2025-04-01,2025-09-30,1
2025-05-09,75370,2026-03-31,,206000000000,-0.023,,,,,6300000000,-0.297,4300000000,-0.322,,2500000000,,95.53,,,,,,,,,,,,,,,,0.523,,,,,,true,true,12,2025-04-01,2026-03-31,1
2025-05-09,75370,2025-03-31,,159801000000,-0.114,,,,,7424000000,-0.302,6013000000,0.518,4640000000,,0.532,177.36,,,,,,109117000000,39935000000,0.366,1526.09,39935000000,,,,,66.00,,,,28051200,1882514,26165343,false,false,12,2024-04-01,2025-03-31,0
2025-05-09,75370,2024-03-31,,180265000000,0.030,,,,,10633000000,0.194,3961000000,-0.448,3028000000,,-0.458,115.83,,,,,,136587000000,36607000000,0.268,1399.48,36607000000,,,,,52.00,,,,28051200,1893034,26150634,false,false,12,2023-04-01,2024-03-31,-1
2025-05-09,75370,2026-03-31,,,,,,,,,,,,,,,,,,,,,,,,,,,,,,50.00,,,,,,,false,true,12,2025-04-01,2026-03-31,1
2025-08-01,75370,2026-03-31,1,49884000000,-0.018,,,,,757000000,-0.724,1235000000,0.850,,625000000,,23.88,,,,,,137038000000,59502000000,0.393,,53807000000,,,,,,,,,,,,true,false,3,2025-04-01,2025-06-30,0
2025-08-01,75370,2025-03-31,1,50788000000,,,,,,2743000000,,667000000,,,495000000,,18.95,,,,,,,,,,,,,,,,,,,,,,true,false,3,2024-04-01,2024-06-30,-1
2025-08-01,75370,2026-03-31,1,95000000000,-0.036,,,,,1700000000,-0.610,700000000,-0.775,,300000000,,11.46,,,,,,,,,,,,,,,,,,,,,,true,true,6,2025-04-01,2025-09-30,0
2025-08-01,75370,2026-03-31,1,206000000000,-0.023,,,,,6300000000,-0.312,4300000000,-0.342,,2500000000,,95.54,,,,,,,,,,,,,,,,,,,,,,true,true,12,2025-04-01,2026-03-31,0
2025-08-01,75370,2025-03-31,1,,,,,,,,,,,,,,,,,,,,145171000000,60781000000,0.378,,54804000000,,,,,,,,,,,,true,false,12,2024-04-01,2025-03-31,-1
2025-08-01,75370,2025-03-31,1,,,,,,,,,,,,,,,,,,,,,,,,,,,,,66.00,,,,28051200,1882514,,false,false,12,2024-04-01,2025-03-31,-1
2025-08-01,75370,2026-03-31,1,,,,,,,,,,,,,,,,,,,,,,,,,,,,,50.00,,,,,,,false,true,12,2025-04-01,2026-03-31,0
2025-08-01,75370,2026-03-31,1,,,,,,,,,,,,,,,,,,,,,,,,,,,,,,,,,28051200,1882554,26168674,false,false,3,2025-04-01,2025-06-30,0
2025-08-01,75370,2025-03-31,1,,,,,,,,,,,,,,,,,,,,,,,,,,,,,,,,,,,26158166,false,false,3,2024-04-01,2024-06-30,-1
