filing_date,code,fiscal_year_end,quarterly_period,net_sales,net_sales_change,revenue,revenue_change,operating_revenue,operating_revenue_change,operating_profit,operating_profit_change,ordinary_profit,ordinary_profit_change,net_income,net_income_of_parent,net_income_change,eps,diluted_eps,roe,roa,operating_profit_to_net_sales,operating_profit_to_revenue,total_assets,net_assets,equity_ratio,bps,owner_equity,operating_cash_flow,investing_cash_flow,financing_cash_flow,cash,dividend_per_share,payout_ratio,commemorative_dividend,extra_dividend,number_of_shares,number_of_treqsury_shares,avg_number_of_shares,is_consolidated,is_forecast,duration,period_start,period_end,period_pos
2015-05-14,75700,2015-03-31,,117729000000,-0.048,,,,,1401000000,-0.224,1639000000,-0.208,1409000000,,-0.250,151.94,151.68,0.097,0.029,0.012,,53935000000,15287000000,0.283,1647.03,15270000000,1158000000,321000000,-2042000000,2017000000,,0.197,,,,,,true,false,12,2014-04-01,2015-03-31,0
2015-05-14,75700,2014-03-31,,123674000000,0.122,,,,,1807000000,0.398,2071000000,0.356,1878000000,,1.187,202.90,202.47,0.147,0.039,0.015,,57514000000,13805000000,0.240,1490.18,13785000000,-257000000,-1582000000,1907000000,2579000000,,0.138,,,,,,true,false,12,2013-04-01,2014-03-31,-1
2015-05-14,75700,2016-03-31,,58500000000,0.046,,,,,600000000,0.265,730000000,0.166,,470000000,,50.64,,,,,,,,,,,,,,,,,,,,,,true,true,6,2015-04-01,2015-09-30,1
2015-05-14,75700,2016-03-31,,124000000000,0.053,,,,,1850000000,0.320,2100000000,0.280,,1300000000,,140.06,,,,,,,,,,,,,,,,0.214,,,,,,true,true,12,2015-04-01,2016-03-31,1
2015-05-14,75700,2015-03-31,,111905000000,-0.058,,,,,1286000000,-0.235,1479000000,-0.243,1286000000,,0.137,138.72,138.49,,,,,50249000000,13631000000,0.271,1468.69,13614000000,,,,,30.00,,,,9678660,397108,9275787,false,false,12,2014-04-01,2015-03-31,0
2015-05-14,75700,2014-03-31,,118837000000,0.116,,,,,1682000000,0.482,1954000000,0.413,1132000000,,0.447,122.30,122.05,,,,,53030000000,12361000000,0.233,1334.36,12341000000,,,,,28.00,,,,9678660,414659,9257165,false,false,12,2013-04-01,2014-03-31,-1
2015-05-14,75700,2016-03-31,,,,,,,,,,,,,,,,,,,,,,,,,,,,,,30.00,,,,,,,false,true,12,2015-04-01,2016-03-31,1
2015-07-31,75700,2016-03-31,1,26212000000,-0.010,,,,,18000000,-0.881,138000000,-0.446,,171000000,,18.51,18.48,,,,,54734000000,15368000000,0.280,,15349000000,,,,,,,,,,,,true,false,3,2015-04-01,2015-06-30,0
2015-07-31,75700,2015-03-31,1,26472000000,-0.009,,,,,151000000,0.299,250000000,0.486,,299000000,,32.30,32.25,,,,,,,,,,,,,,,,,,,,,true,false,3,2014-04-01,2014-06-30,-1
2015-07-31,75700,2016-03-31,1,58500000000,0.046,,,,,600000000,0.265,730000000,0.166,,470000000,,50.64,,,,,,,,,,,,,,,,,,,,,,true,true,6,2015-04-01,2015-09-30,0
2015-07-31,75700,2016-03-31,1,124000000000,0.053,,,,,1850000000,0.320,2100000000,0.280,,1300000000,,140.06,,,,,,,,,,,,,,,,,,,,,,true,true,12,2015-04-01,2016-03-31,0
2015-07-31,75700,2015-03-31,1,,,,,,,,,,,,,,,,,,,,53935000000,15287000000,0.283,,15270000000,,,,,,,,,,,,true,false,12,2014-04-01,2015-03-31,-1
2015-07-31,75700,2015-03-31,1,,,,,,,,,,,,,,,,,,,,,,,,,,,,,30.00,,,,9678660,397108,,false,false,12,2014-04-01,2015-03-31,-1
2015-07-31,75700,2016-03-31,1,,,,,,,,,,,,,,,,,,,,,,,,,,,,,30.00,,,,,,,false,true,12,2015-04-01,2016-03-31,0
2015-07-31,75700,2016-03-31,1,,,,,,,,,,,,,,,,,,,,,,,,,,,,,,,,,9678660,397128,9281541,false,false,3,2015-04-01,2015-06-30,0
2015-07-31,75700,2015-03-31,1,,,,,,,,,,,,,,,,,,,,,,,,,,,,,,,,,,,9264507,false,false,3,2014-04-01,2014-06-30,-1
2015-10-29,75700,2016-03-31,2,56111000000,0.003,,,,,513000000,0.084,721000000,0.152,,539000000,,58.08,57.97,,,,,57109000000,15581000000,0.272,,15561000000,,,,,,,,,,,,true,false,6,2015-04-01,2015-09-30,0
2015-10-29,75700,2015-03-31,2,55946000000,-0.003,,,,,474000000,-0.206,626000000,-0.140,,615000000,,66.35,66.24,,,,,,,,,,,,,,,,,,,,,true,false,6,2014-04-01,2014-09-30,-1
2015-10-29,75700,2016-03-31,2,124000000000,0.053,,,,,1850000000,0.320,2100000000,0.280,,1300000000,,140.06,,,,,,,,,,,,,,,,,,,,,,true,true,12,2015-04-01,2016-03-31,0
2015-10-29,75700,2015-03-31,2,,,,,,,,,,,,,,,,,,,,53935000000,15287000000,0.283,,15270000000,,,,,,,,,,,,true,false,12,2014-04-01,2015-03-31,-1
2015-10-29,75700,2015-03-31,2,,,,,,,,,,,,,,,,,,,,,,,,,,,,,30.00,,,,9678660,397108,,false,false,12,2014-04-01,2015-03-31,-1
2015-10-29,75700,2016-03-31,2,,,,,,,,,,,,,,,,,,,,,,,,,,,,,15.00,,,,,,,false,false,12,2015-04-01,2016-03-31,0
2015-10-29,75700,2016-03-31,2,,,,,,,,,,,,,,,,,,,,,,,,,,,,,30.00,,,,,,,false,true,12,2015-04-01,2016-03-31,0
2015-10-29,75700,2016-03-31,2,,,,,,,,,,,,,,,,,,,,,,,,,,,,,,,,,9678660,391838,9282223,false,false,6,2015-04-01,2015-09-30,0
2015-10-29,75700,2015-03-31,2,,,,,,,,,,,,,,,,,,,,,,,,,,,,,,,,,,,9270192,false,false,6,2014-04-01,2014-09-30,-1
2016-01-28,75700,2016-03-31,3,87465000000,0.012,,,,,967000000,0.216,1257000000,0.294,,883000000,,95.17,94.97,,,,,57645000000,15960000000,0.277,,15939000000,,,,,,,,,,,,true,false,9,2015-04-01,2015-12-31,0
2016-01-28,75700,2015-03-31,3,86465000000,-0.024,,,,,795000000,-0.265,971000000,-0.250,,856000000,,92.33,92.18,,,,,,,,,,,,,,,,,,,,,true,false,9,2014-04-01,2014-12-31,-1
2016-01-28,75700,2016-03-31,3,124000000000,0.053,,,,,1850000000,0.320,2100000000,0.280,,1300000000,,140.06,,,,,,,,,,,,,,,,,,,,,,true,true,12,2015-04-01,2016-03-31,0
2016-01-28,75700,2015-03-31,3,,,,,,,,,,,,,,,,,,,,53935000000,15287000000,0.283,,15270000000,,,,,,,,,,,,true,false,12,2014-04-01,2015-03-31,-1
2016-01-28,75700,2015-03-31,3,,,,,,,,,,,,,,,,,,,,,,,,,,,,,30.00,,,,9678660,397108,,false,false,12,2014-04-01,2015-03-31,-1
2016-01-28,75700,2016-03-31,3,,,,,,,,,,,,,,,,,,,,,,,,,,,,,15.00,,,,,,,false,false,12,2015-04-01,2016-03-31,0
2016-01-28,75700,2016-03-31,3,,,,,,,,,,,,,,,,,,,,,,,,,,,,,30.00,,,,,,,false,true,12,2015-04-01,2016-03-31,0
2016-01-28,75700,2016-03-31,3,,,,,,,,,,,,,,,,,,,,,,,,,,,,,,,,,9678660,391838,9283761,false,false,9,2015-04-01,2015-12-31,0
2016-01-28,75700,2015-03-31,3,,,,,,,,,,,,,,,,,,,,,,,,,,,,,,,,,,,9273900,false,false,9,2014-04-01,2014-12-31,-1
2016-05-10,75700,2016-03-31,,119708000000,0.017,,,,,1655000000,0.181,2015000000,0.229,,1400000000,,150.88,150.54,0.090,0.037,0.014,,54740000000,16047000000,0.293,1727.97,16023000000,1771000000,-304000000,-1679000000,1804000000,,0.199,,,,,,true,false,12,2015-04-01,2016-03-31,0
2016-05-10,75700,2015-03-31,,117729000000,-0.048,,,,,1401000000,-0.224,1639000000,-0.208,,1409000000,,151.94,151.68,0.097,0.029,0.012,,53935000000,15287000000,0.283,1647.03,15270000000,1158000000,321000000,-2042000000,2017000000,,0.197,,,,,,true,false,12,2014-04-01,2015-03-31,-1
2016-05-10,75700,2017-03-31,,58500000000,0.043,,,,,630000000,0.226,730000000,0.012,,470000000,,50.61,,,,,,,,,,,,,,,,,,,,,,true,true,6,2016-04-01,2016-09-30,1
2016-05-10,75700,2017-03-31,,124000000000,0.036,,,,,1900000000,0.147,2100000000,0.042,,1300000000,,139.98,,,,,,,,,,,,,,,,0.229,,,,,,true,true,12,2016-04-01,2017-03-31,1
2016-05-10,75700,2016-03-31,,112945000000,0.009,,,,,1483000000,0.153,1799000000,0.216,1269000000,,-0.014,136.70,136.40,,,,,50203000000,14455000000,0.287,1556.55,14431000000,,,,,30.00,,,,9678660,391838,9284522,false,false,12,2015-04-01,2016-03-31,0
2016-05-10,75700,2015-03-31,,111905000000,-0.058,,,,,1286000000,-0.235,1479000000,-0.243,1286000000,,0.137,138.72,138.49,,,,,50249000000,13631000000,0.271,1468.69,13614000000,,,,,30.00,,,,9678660,397108,9275787,false,false,12,2014-04-01,2015-03-31,-1
2016-05-10,75700,2017-03-31,,,,,,,,,,,,,,,,,,,,,,,,,,,,,,32.00,,,,,,,false,true,12,2016-04-01,2017-03-31,1
2016-07-28,75700,2017-03-31,1,27655000000,0.053,,,,,209000000,3.019,270000000,0.949,,154000000,,16.67,16.63,,,,,54477000000,16030000000,0.294,,16005000000,,,,,,,,,,,,true,false,3,2016-04-01,2016-06-30,0
2016-07-28,75700,2016-03-31,1,26271000000,-0.010,,,,,52000000,-0.721,138000000,-0.446,,171000000,,18.51,18.48,,,,,,,,,,,,,,,,,,,,,true,false,3,2015-04-01,2015-06-30,-1
2016-07-28,75700,2017-03-31,1,58500000000,0.043,,,,,630000000,0.226,730000000,0.012,,470000000,,50.61,,,,,,,,,,,,,,,,,,,,,,true,true,6,2016-04-01,2016-09-30,0
2016-07-28,75700,2017-03-31,1,124000000000,0.036,,,,,1900000000,0.147,2100000000,0.042,,1300000000,,139.98,,,,,,,,,,,,,,,,,,,,,,true,true,12,2016-04-01,2017-03-31,0
2016-07-28,75700,2016-03-31,1,,,,,,,,,,,,,,,,,,,,54740000000,16047000000,0.293,,16023000000,,,,,,,,,,,,true,false,12,2015-04-01,2016-03-31,-1
2016-07-28,75700,2016-03-31,1,,,,,,,,,,,,,,,,,,,,,,,,,,,,,30.00,,,,9678660,391838,,false,false,12,2015-04-01,2016-03-31,-1
2016-07-28,75700,2017-03-31,1,,,,,,,,,,,,,,,,,,,,,,,,,,,,,32.00,,,,,,,false,true,12,2016-04-01,2017-03-31,0
2016-07-28,75700,2017-03-31,1,,,,,,,,,,,,,,,,,,,,,,,,,,,,,,,,,9678660,391838,9286822,false,false,3,2016-04-01,2016-06-30,0
2016-07-28,75700,2016-03-31,1,,,,,,,,,,,,,,,,,,,,,,,,,,,,,,,,,,,9281541,false,false,3,2015-04-01,2015-06-30,-1
2016-10-27,75700,2017-03-31,2,58083000000,0.033,,,,,634000000,0.092,751000000,0.042,,483000000,,52.02,51.90,,,,,56756000000,16544000000,0.291,,16520000000,,,,,,,,,,,,true,false,6,2016-04-01,2016-09-30,0
2016-10-27,75700,2016-03-31,2,56228000000,0.003,,,,,581000000,0.071,721000000,0.152,,539000000,,58.08,57.97,,,,,,,,,,,,,,,,,,,,,true,false,6,2015-04-01,2015-09-30,-1
2016-10-27,75700,2017-03-31,2,124000000000,0.036,,,,,1900000000,0.147,2100000000,0.042,,1300000000,,139.98,,,,,,,,,,,,,,,,,,,,,,true,true,12,2016-04-01,2017-03-31,0
2016-10-27,75700,2016-03-31,2,,,,,,,,,,,,,,,,,,,,54740000000,16047000000,0.293,,16023000000,,,,,,,,,,,,true,false,12,2015-04-01,2016-03-31,-1
2016-10-27,75700,2016-03-31,2,,,,,,,,,,,,,,,,,,,,,,,,,,,,,30.00,,,,9678660,391838,,false,false,12,2015-04-01,2016-03-31,-1
2016-10-27,75700,2017-03-31,2,,,,,,,,,,,,,,,,,,,,,,,,,,,,,17.00,,,,,,,false,false,12,2016-04-01,2017-03-31,0
2016-10-27,75700,2017-03-31,2,,,,,,,,,,,,,,,,,,,,,,,,,,,,,32.00,,,,,,,false,true,12,2016-04-01,2017-03-31,0
2016-10-27,75700,2017-03-31,2,,,,,,,,,,,,,,,,,,,,,,,,,,,,,,,,,9678660,384138,9288898,false,false,6,2016-04-01,2016-09-30,0
2016-10-27,75700,2016-03-31,2,,,,,,,,,,,,,,,,,,,,,,,,,,,,,,,,,,,9282223,false,false,6,2015-04-01,2015-09-30,-1
2017-01-31,75700,2017-03-31,3,89882000000,0.026,,,,,1091000000,0.019,1222000000,-0.028,,667000000,,71.81,71.64,,,,,59900000000,16861000000,0.281,,16835000000,,,,,,,,,,,,true,false,9,2016-04-01,2016-12-31,0
2017-01-31,75700,2016-03-31,3,87644000000,0.012,,,,,1070000000,0.196,1257000000,0.294,,883000000,,95.17,94.97,,,,,,,,,,,,,,,,,,,,,true,false,9,2015-04-01,2015-12-31,-1
2017-01-31,75700,2017-03-31,3,124000000000,0.036,,,,,1900000000,0.147,2100000000,0.042,,1300000000,,139.98,,,,,,,,,,,,,,,,,,,,,,true,true,12,2016-04-01,2017-03-31,0
2017-01-31,75700,2016-03-31,3,,,,,,,,,,,,,,,,,,,,54740000000,16047000000,0.293,,16023000000,,,,,,,,,,,,true,false,12,2015-04-01,2016-03-31,-1
2017-01-31,75700,2016-03-31,3,,,,,,,,,,,,,,,,,,,,,,,,,,,,,30.00,,,,9678660,391838,,false,false,12,2015-04-01,2016-03-31,-1
2017-01-31,75700,2017-03-31,3,,,,,,,,,,,,,,,,,,,,,,,,,,,,,17.00,,,,,,,false,false,12,2016-04-01,2017-03-31,0
2017-01-31,75700,2017-03-31,3,,,,,,,,,,,,,,,,,,,,,,,,,,,,,32.00,,,,,,,false,true,12,2016-04-01,2017-03-31,0
2017-01-31,75700,2017-03-31,3,,,,,,,,,,,,,,,,,,,,,,,,,,,,,,,,,9678660,383848,9290790,false,false,9,2016-04-01,2016-12-31,0
2017-01-31,75700,2016-03-31,3,,,,,,,,,,,,,,,,,,,,,,,,,,,,,,,,,,,9283761,false,false,9,2015-04-01,2015-12-31,-1
2017-05-10,75700,2017-03-31,,122890000000,0.025,,,,,1872000000,0.044,2085000000,0.035,,1411000000,,151.86,151.48,0.084,0.038,0.015,,55619000000,17575000000,0.315,1890.87,17547000000,1935000000,-678000000,-809000000,2251000000,,0.211,,,,,,true,false,12,2016-04-01,2017-03-31,0
2017-05-10,75700,2016-03-31,,119947000000,0.017,,,,,1794000000,0.171,2015000000,0.229,,1400000000,,150.88,150.54,0.090,0.037,0.015,,54740000000,16047000000,0.293,1727.97,16023000000,1771000000,-304000000,-1679000000,1804000000,,0.199,,,,,,true,false,12,2015-04-01,2016-03-31,-1
2017-05-10,75700,2018-03-31,,59000000000,0.016,,,,,640000000,0.008,760000000,0.011,,450000000,,48.41,,,,,,,,,,,,,,,,,,,,,,true,true,6,2017-04-01,2017-09-30,1
2017-05-10,75700,2018-03-31,,126000000000,0.025,,,,,2000000000,0.068,2200000000,0.055,,1350000000,,145.24,,,,,,,,,,,,,,,,0.220,,,,,,true,true,12,2017-04-01,2018-03-31,1
2017-05-10,75700,2017-03-31,,770000000,-0.993,,,,,48000000,-0.971,68000000,-0.962,187000000,,-0.852,20.21,20.16,,,,,18186000000,14332000000,0.787,1541.95,14304000000,,,,,32.00,,,,9678660,383848,9291782,false,false,12,2016-04-01,2017-03-31,0
2017-05-10,75700,2016-03-31,,113202000000,0.009,,,,,1640000000,0.150,1799000000,0.216,1269000000,,-0.014,136.70,136.40,,,,,50203000000,14455000000,0.287,1556.55,14431000000,,,,,30.00,,,,9678660,391838,9284522,false,false,12,2015-04-01,2016-03-31,-1
2017-05-10,75700,2018-03-31,,,,,,,,,,,,,,,,,,,,,,,,,,,,,,32.00,,,,,,,false,true,12,2017-04-01,2018-03-31,1
2017-07-28,75700,2018-03-31,1,28133000000,0.017,,,,,138000000,-0.342,210000000,-0.221,,134000000,,14.51,14.47,,,,,56454000000,17735000000,0.314,,17705000000,,,,,,,,,,,,true,false,3,2017-04-01,2017-06-30,0
2017-07-28,75700,2017-03-31,1,27655000000,0.053,,,,,209000000,3.019,270000000,0.949,,154000000,,16.67,16.63,,,,,,,,,,,,,,,,,,,,,true,false,3,2016-04-01,2016-06-30,-1
2017-07-28,75700,2018-03-31,1,59000000000,0.016,,,,,640000000,0.008,760000000,0.011,,450000000,,48.41,,,,,,,,,,,,,,,,,,,,,,true,true,6,2017-04-01,2017-09-30,0
2017-07-28,75700,2018-03-31,1,126000000000,0.025,,,,,2000000000,0.068,2200000000,0.055,,1350000000,,145.24,,,,,,,,,,,,,,,,,,,,,,true,true,12,2017-04-01,2018-03-31,0
2017-07-28,75700,2017-03-31,1,,,,,,,,,,,,,,,,,,,,55619000000,17575000000,0.315,,17547000000,,,,,,,,,,,,true,false,12,2016-04-01,2017-03-31,-1
2017-07-28,75700,2017-03-31,1,,,,,,,,,,,,,,,,,,,,,,,,,,,,,32.00,,,,9678660,383848,,false,false,12,2016-04-01,2017-03-31,-1
2017-07-28,75700,2018-03-31,1,,,,,,,,,,,,,,,,,,,,,,,,,,,,,32.00,,,,,,,false,true,12,2017-04-01,2018-03-31,0
2017-07-28,75700,2018-03-31,1,,,,,,,,,,,,,,,,,,,,,,,,,,,,,,,,,9678660,383848,9294812,false,false,3,2017-04-01,2017-06-30,0
2017-07-28,75700,2017-03-31,1,,,,,,,,,,,,,,,,,,,,,,,,,,,,,,,,,,,9286822,false,false,3,2016-04-01,2016-06-30,-1
2017-09-04,75700,2018-03-31,,60000000000,0.017,,,,,840000000,0.313,960000000,0.263,,650000000,,69.93,,,,,,,,,,,,,,,,,,,,,,true,true,6,2017-04-01,2017-09-30,0
2017-09-04,75700,2017-03-31,,58083000000,,,,,,634000000,,751000000,,,483000000,,52.02,,,,,,,,,,,,,,,,,,,,,,true,false,6,2016-04-01,2016-09-30,-1
2017-09-04,75700,2018-03-31,,127000000000,0.008,,,,,2200000000,0.100,2400000000,0.091,,1550000000,,166.76,,,,,,,,,,,,,,,,,,,,,,true,true,12,2017-04-01,2018-03-31,0
2017-09-04,75700,2017-03-31,,122890000000,,,,,,1872000000,,2085000000,,,1411000000,,151.86,,,,,,,,,,,,,,,,,,,,,,true,false,12,2016-04-01,2017-03-31,-1
2017-10-26,75700,2018-03-31,2,60313000000,0.038,,,,,879000000,0.386,1012000000,0.347,,709000000,,76.30,76.09,,,,,60872000000,18402000000,0.302,,18370000000,,,,,,,,,,,,true,false,6,2017-04-01,2017-09-30,0
2017-10-26,75700,2017-03-31,2,58083000000,0.033,,,,,634000000,0.092,751000000,0.042,,483000000,,52.02,51.90,,,,,,,,,,,,,,,,,,,,,true,false,6,2016-04-01,2016-09-30,-1
2017-10-26,75700,2018-03-31,2,127000000000,0.033,,,,,2200000000,0.175,2400000000,0.151,,1550000000,,166.76,,,,,,,,,,,,,,,,,,,,,,true,true,12,2017-04-01,2018-03-31,0
2017-10-26,75700,2017-03-31,2,,,,,,,,,,,,,,,,,,,,55619000000,17575000000,0.315,,17547000000,,,,,,,,,,,,true,false,12,2016-04-01,2017-03-31,-1
2017-10-26,75700,2017-03-31,2,,,,,,,,,,,,,,,,,,,,,,,,,,,,,32.00,,,,9678660,383848,,false,false,12,2016-04-01,2017-03-31,-1
2017-10-26,75700,2018-03-31,2,,,,,,,,,,,,,,,,,,,,,,,,,,,,,17.00,,,,,,,false,false,12,2017-04-01,2018-03-31,0
2017-10-26,75700,2018-03-31,2,,,,,,,,,,,,,,,,,,,,,,,,,,,,,34.00,,,,,,,false,true,12,2017-04-01,2018-03-31,0
2017-10-26,75700,2018-03-31,2,,,,,,,,,,,,,,,,,,,,,,,,,,,,,,,,,9678660,378248,9294996,false,false,6,2017-04-01,2017-09-30,0
2017-10-26,75700,2017-03-31,2,,,,,,,,,,,,,,,,,,,,,,,,,,,,,,,,,,,9288898,false,false,6,2016-04-01,2016-09-30,-1
2018-01-29,75700,2018-03-31,3,94452000000,0.051,,,,,1474000000,0.351,1677000000,0.372,,1146000000,,123.30,122.93,,,,,61864000000,18884000000,0.305,,18849000000,,,,,,,,,,,,true,false,9,2017-04-01,2017-12-31,0
2018-01-29,75700,2017-03-31,3,89882000000,0.026,,,,,1091000000,0.019,1222000000,-0.028,,667000000,,71.81,71.64,,,,,,,,,,,,,,,,,,,,,true,false,9,2016-04-01,2016-12-31,-1
2018-01-29,75700,2018-03-31,3,127000000000,0.033,,,,,2200000000,0.175,2400000000,0.151,,1550000000,,166.76,,,,,,,,,,,,,,,,,,,,,,true,true,12,2017-04-01,2018-03-31,0
2018-01-29,75700,2017-03-31,3,,,,,,,,,,,,,,,,,,,,55619000000,17575000000,0.315,,17547000000,,,,,,,,,,,,true,false,12,2016-04-01,2017-03-31,-1
2018-01-29,75700,2017-03-31,3,,,,,,,,,,,,,,,,,,,,,,,,,,,,,32.00,,,,9678660,383848,,false,false,12,2016-04-01,2017-03-31,-1
2018-01-29,75700,2018-03-31,3,,,,,,,,,,,,,,,,,,,,,,,,,,,,,17.00,,,,,,,false,false,12,2017-04-01,2018-03-31,0
2018-01-29,75700,2018-03-31,3,,,,,,,,,,,,,,,,,,,,,,,,,,,,,34.00,,,,,,,false,true,12,2017-04-01,2018-03-31,0
2018-01-29,75700,2018-03-31,3,,,,,,,,,,,,,,,,,,,,,,,,,,,,,,,,,9678660,378048,9296857,false,false,9,2017-04-01,2017-12-31,0
2018-01-29,75700,2017-03-31,3,,,,,,,,,,,,,,,,,,,,,,,,,,,,,,,,,,,9290790,false,false,9,2016-04-01,2016-12-31,-1
,75700,2018-03-31,,,,,,,,,,,,,,,,,,,,,,,,,,,,,,35.00,,,,,,,false,true,12,2017-04-01,2018-03-31,0
,75700,2018-03-31,,,,,,,,,,,,,,,,,,,,,,,,,,,,,,17.00,,,,,,,false,false,12,2017-04-01,2018-03-31,0
,75700,2017-03-31,,,,,,,,,,,,,,,,,,,,,,,,,,,,,,32.00,,,,,,,false,false,12,2016-04-01,2017-03-31,-1
2018-05-09,75700,2018-03-31,,128357000000,0.044,,,,,2223000000,0.187,2458000000,0.179,,1723000000,,185.39,184.80,0.094,0.043,0.017,,59419000000,19233000000,0.323,2067.98,19196000000,1636000000,-262000000,-1097000000,2872000000,,0.189,,,,,,true,false,12,2017-04-01,2018-03-31,0
2018-05-09,75700,2017-03-31,,122890000000,0.025,,,,,1872000000,0.044,2085000000,0.035,,1411000000,,151.86,151.48,0.084,0.038,0.015,,55619000000,17575000000,0.315,1890.87,17547000000,1935000000,-678000000,-809000000,2251000000,,0.211,,,,,,true,false,12,2016-04-01,2017-03-31,-1
2018-05-09,75700,2019-03-31,,61000000000,0.011,,,,,900000000,0.023,1020000000,0.007,,650000000,,69.89,,,,,,,,,,,,,,,,,,,,,,true,true,6,2018-04-01,2018-09-30,1
2018-05-09,75700,2019-03-31,,130000000000,0.013,,,,,2400000000,0.079,2600000000,0.058,,1650000000,,177.41,,,,,,,,,,,,,,,,0.203,,,,,,true,true,12,2018-04-01,2019-03-31,1
2018-05-09,75700,2018-03-31,,1146000000,0.488,,,,,408000000,7.468,437000000,5.402,496000000,,1.643,53.38,53.21,,,,,18075000000,14772000000,0.815,1588.31,14734000000,,,,,35.00,,,,9678660,378098,9297780,false,false,12,2017-04-01,2018-03-31,0
2018-05-09,75700,2017-03-31,,770000000,-0.993,,,,,48000000,-0.971,68000000,-0.962,187000000,,-0.852,20.21,20.16,,,,,18186000000,14332000000,0.787,1541.95,14304000000,,,,,32.00,,,,9678660,383848,9291782,false,false,12,2016-04-01,2017-03-31,-1
2018-05-09,75700,2019-03-31,,,,,,,,,,,,,,,,,,,,,,,,,,,,,,36.00,,,,,,,false,true,12,2018-04-01,2019-03-31,1
2018-07-30,75700,2019-03-31,1,29534000000,0.050,,,,,284000000,1.057,374000000,0.780,,286000000,,30.74,30.65,,,,,59330000000,19401000000,0.326,,19369000000,,,,,,,,,,,,true,false,3,2018-04-01,2018-06-30,0
2018-07-30,75700,2018-03-31,1,28133000000,0.017,,,,,138000000,-0.342,210000000,-0.221,,134000000,,14.51,14.47,,,,,,,,,,,,,,,,,,,,,true,false,3,2017-04-01,2017-06-30,-1
2018-07-30,75700,2019-03-31,1,61000000000,0.011,,,,,900000000,0.023,1020000000,0.007,,650000000,,69.89,,,,,,,,,,,,,,,,,,,,,,true,true,6,2018-04-01,2018-09-30,0
2018-07-30,75700,2019-03-31,1,130000000000,0.013,,,,,2400000000,0.079,2600000000,0.058,,1650000000,,177.41,,,,,,,,,,,,,,,,,,,,,,true,true,12,2018-04-01,2019-03-31,0
2018-07-30,75700,2018-03-31,1,,,,,,,,,,,,,,,,,,,,59407000000,19233000000,0.323,,19196000000,,,,,,,,,,,,true,false,12,2017-04-01,2018-03-31,-1
2018-07-30,75700,2018-03-31,1,,,,,,,,,,,,,,,,,,,,,,,,,,,,,35.00,,,,9678660,378098,,false,false,12,2017-04-01,2018-03-31,-1
2018-07-30,75700,2019-03-31,1,,,,,,,,,,,,,,,,,,,,,,,,,,,,,36.00,,,,,,,false,true,12,2018-04-01,2019-03-31,0
2018-07-30,75700,2019-03-31,1,,,,,,,,,,,,,,,,,,,,,,,,,,,,,,,,,9678660,371498,9306872,false,false,3,2018-04-01,2018-06-30,0
2018-07-30,75700,2018-03-31,1,,,,,,,,,,,,,,,,,,,,,,,,,,,,,,,,,,,9294812,false,false,3,2017-04-01,2017-06-30,-1
2018-10-30,75700,2019-03-31,2,62261000000,0.032,,,,,1003000000,0.141,1153000000,0.139,,791000000,,85.06,84.82,,,,,62397000000,20040000000,0.321,,20006000000,,,,,,,,,,,,true,false,6,2018-04-01,2018-09-30,0
2018-10-30,75700,2018-03-31,2,60313000000,0.038,,,,,879000000,0.386,1012000000,0.347,,709000000,,76.30,76.09,,,,,,,,,,,,,,,,,,,,,true,false,6,2017-04-01,2017-09-30,-1
2018-10-30,75700,2019-03-31,2,130000000000,0.013,,,,,2400000000,0.079,2600000000,0.058,,1650000000,,177.41,,,,,,,,,,,,,,,,,,,,,,true,true,12,2018-04-01,2019-03-31,0
2018-10-30,75700,2018-03-31,2,,,,,,,,,,,,,,,,,,,,59407000000,19233000000,0.323,,19196000000,,,,,,,,,,,,true,false,12,2017-04-01,2018-03-31,-1
2018-10-30,75700,2018-03-31,2,,,,,,,,,,,,,,,,,,,,,,,,,,,,,35.00,,,,9678660,378098,,false,false,12,2017-04-01,2018-03-31,-1
2018-10-30,75700,2019-03-31,2,,,,,,,,,,,,,,,,,,,,,,,,,,,,,18.00,,,,,,,false,false,12,2018-04-01,2019-03-31,0
2018-10-30,75700,2019-03-31,2,,,,,,,,,,,,,,,,,,,,,,,,,,,,,36.00,,,,,,,false,true,12,2018-04-01,2019-03-31,0
2018-10-30,75700,2019-03-31,2,,,,,,,,,,,,,,,,,,,,,,,,,,,,,,,,,9678660,367998,9307132,false,false,6,2018-04-01,2018-09-30,0
2018-10-30,75700,2018-03-31,2,,,,,,,,,,,,,,,,,,,,,,,,,,,,,,,,,,,9294996,false,false,6,2017-04-01,2017-09-30,-1
2019-01-29,75700,2019-03-31,3,97588000000,0.033,,,,,1672000000,0.134,1879000000,0.121,,1249000000,,134.34,133.94,,,,,64700000000,19782000000,0.305,,19746000000,,,,,,,,,,,,true,false,9,2018-04-01,2018-12-31,0
2019-01-29,75700,2018-03-31,3,94452000000,0.051,,,,,1474000000,0.351,1677000000,0.372,,1146000000,,123.30,122.93,,,,,,,,,,,,,,,,,,,,,true,false,9,2017-04-01,2017-12-31,-1
2019-01-29,75700,2019-03-31,3,130000000000,0.013,,,,,2400000000,0.079,2600000000,0.058,,1650000000,,177.41,,,,,,,,,,,,,,,,,,,,,,true,true,12,2018-04-01,2019-03-31,0
2019-01-29,75700,2018-03-31,3,,,,,,,,,,,,,,,,,,,,59407000000,19233000000,0.323,,19196000000,,,,,,,,,,,,true,false,12,2017-04-01,2018-03-31,-1
2019-01-29,75700,2018-03-31,3,,,,,,,,,,,,,,,,,,,,,,,,,,,,,35.00,,,,9678660,378098,,false,false,12,2017-04-01,2018-03-31,-1
2019-01-29,75700,2019-03-31,3,,,,,,,,,,,,,,,,,,,,,,,,,,,,,18.00,,,,,,,false,false,12,2018-04-01,2019-03-31,0
2019-01-29,75700,2019-03-31,3,,,,,,,,,,,,,,,,,,,,,,,,,,,,,36.00,,,,,,,false,true,12,2018-04-01,2019-03-31,0
2019-01-29,75700,2019-03-31,3,,,,,,,,,,,,,,,,,,,,,,,,,,,,,,,,,9678660,430249,9300176,false,false,9,2018-04-01,2018-12-31,0
2019-01-29,75700,2018-03-31,3,,,,,,,,,,,,,,,,,,,,,,,,,,,,,,,,,,,9296857,false,false,9,2017-04-01,2017-12-31,-1
,75700,2019-03-31,,,,,,,,,,,,,,,,,,,,,,,,,,,,,,38.00,,,,,,,false,true,12,2018-04-01,2019-03-31,0
,75700,2019-03-31,,,,,,,,,,,,,,,,,,,,,,,,,,,,,,18.00,,,,,,,false,false,12,2018-04-01,2019-03-31,0
,75700,2018-03-31,,,,,,,,,,,,,,,,,,,,,,,,,,,,,,35.00,,,,,,,false,false,12,2017-04-01,2018-03-31,-1
2019-05-10,75700,2019-03-31,,132944000000,0.036,,,,,2482000000,0.116,2735000000,0.113,,1803000000,,176.49,175.95,0.091,0.045,0.019,,62983000000,20429000000,0.324,2008.14,20391000000,1093000000,-570000000,3000000,3430000000,,0.206,,,,,,true,false,12,2018-04-01,2019-03-31,0
2019-05-10,75700,2018-03-31,,128357000000,0.044,,,,,2223000000,0.187,2458000000,0.179,,1723000000,,168.53,168.00,0.094,0.043,0.017,,59407000000,19233000000,0.323,1879.98,19196000000,1636000000,-262000000,-1097000000,2872000000,,0.189,,,,,,true,false,12,2017-04-01,2018-03-31,-1
2019-05-10,75700,2020-03-31,,64700000000,0.039,,,,,1100000000,0.096,1250000000,0.083,,850000000,,83.55,,,,,,,,,,,,,,,,,,,,,,true,true,6,2019-04-01,2019-09-30,1
2019-05-10,75700,2020-03-31,,137000000000,0.031,,,,,2750000000,0.108,3000000000,0.097,,2000000000,,196.60,,,,,,,,,,,,,,,,0.224,,,,,,true,true,12,2019-04-01,2020-03-31,1
2019-05-10,75700,2019-03-31,,2792000000,1.437,,,,,2036000000,3.985,2086000000,3.770,2103000000,,3.239,205.93,205.30,,,,,18784000000,16246000000,0.863,1597.03,16209000000,,,,,40.00,,,,10646526,473273,10216154,false,false,12,2018-04-01,2019-03-31,0
2019-05-10,75700,2018-03-31,,1146000000,0.488,,,,,408000000,7.468,437000000,5.402,496000000,,1.643,48.52,48.37,,,,,18073000000,14772000000,0.815,1443.92,14734000000,,,,,35.00,,,,10646526,415907,10227558,false,false,12,2017-04-01,2018-03-31,-1
2019-05-10,75700,2020-03-31,,,,,,,,,,,,,,,,,,,,,,,,,,,,,,44.00,,,,,,,false,true,12,2019-04-01,2020-03-31,1
2019-07-30,75700,2020-03-31,1,30921000000,0.047,,,,,431000000,0.518,529000000,0.413,,345000000,,34.03,33.91,,,,,66597000000,20652000000,0.310,,20612000000,,,,,,,,,,,,true,false,3,2019-04-01,2019-06-30,0
2019-07-30,75700,2019-03-31,1,29534000000,0.050,,,,,284000000,1.057,374000000,0.780,,286000000,,27.94,27.86,,,,,,,,,,,,,,,,,,,,,true,false,3,2018-04-01,2018-06-30,-1
2019-07-30,75700,2020-03-31,1,64700000000,0.039,,,,,1100000000,0.096,1250000000,0.083,,850000000,,83.55,,,,,,,,,,,,,,,,,,,,,,true,true,6,2019-04-01,2019-09-30,0
2019-07-30,75700,2020-03-31,1,137000000000,0.031,,,,,2750000000,0.108,3000000000,0.097,,2000000000,,196.60,,,,,,,,,,,,,,,,,,,,,,true,true,12,2019-04-01,2020-03-31,0
2019-07-30,75700,2019-03-31,1,,,,,,,,,,,,,,,,,,,,62983000000,20429000000,0.324,,20391000000,,,,,,,,,,,,true,false,12,2018-04-01,2019-03-31,-1
2019-07-30,75700,2019-03-31,1,,,,,,,,,,,,,,,,,,,,,,,,,,,,,40.00,,,,10646526,473273,,false,false,12,2018-04-01,2019-03-31,-1
2019-07-30,75700,2020-03-31,1,,,,,,,,,,,,,,,,,,,,,,,,,,,,,44.00,,,,,,,false,true,12,2019-04-01,2020-03-31,0
2019-07-30,75700,2020-03-31,1,,,,,,,,,,,,,,,,,,,,,,,,,,,,,,,,,10646526,515037,10157742,false,false,3,2019-04-01,2019-06-30,0
2019-07-30,75700,2019-03-31,1,,,,,,,,,,,,,,,,,,,,,,,,,,,,,,,,,,,10237560,false,false,3,2018-04-01,2018-06-30,-1
2019-10-29,75700,2020-03-31,2,67525000000,0.085,,,,,1289000000,0.285,1467000000,0.272,,914000000,,90.12,89.81,,,,,79094000000,21265000000,0.268,,21223000000,,,,,,,,,,,,true,false,6,2019-04-01,2019-09-30,0
2019-10-29,75700,2019-03-31,2,62261000000,0.032,,,,,1003000000,0.141,1153000000,0.139,,791000000,,77.33,77.11,,,,,,,,,,,,,,,,,,,,,true,false,6,2018-04-01,2018-09-30,-1
2019-10-29,75700,2020-03-31,2,137000000000,0.031,,,,,2750000000,0.108,3000000000,0.097,,2000000000,,196.60,,,,,,,,,,,,,,,,,,,,,,true,true,12,2019-04-01,2020-03-31,0
2019-10-29,75700,2019-03-31,2,,,,,,,,,,,,,,,,,,,,62983000000,20429000000,0.324,,20391000000,,,,,,,,,,,,true,false,12,2018-04-01,2019-03-31,-1
2019-10-29,75700,2019-03-31,2,,,,,,,,,,,,,,,,,,,,,,,,,,,,,40.00,,,,10646526,473273,,false,false,12,2018-04-01,2019-03-31,-1
2019-10-29,75700,2020-03-31,2,,,,,,,,,,,,,,,,,,,,,,,,,,,,,25.00,,,,,,,false,false,12,2019-04-01,2020-03-31,0
2019-10-29,75700,2020-03-31,2,,,,,,,,,,,,,,,,,,,,,,,,,,,,,50.00,,,,,,,false,true,12,2019-04-01,2020-03-31,0
2019-10-29,75700,2020-03-31,2,,,,,,,,,,,,,,,,,,,,,,,,,,,,,,,,,10646526,510797,10144604,false,false,6,2019-04-01,2019-09-30,0
2019-10-29,75700,2019-03-31,2,,,,,,,,,,,,,,,,,,,,,,,,,,,,,,,,,,,10237847,false,false,6,2018-04-01,2018-09-30,-1
2020-01-30,75700,2020-03-31,3,102798000000,0.053,,,,,2030000000,0.214,2290000000,0.219,,1488000000,,146.78,146.26,,,,,82916000000,21822000000,0.263,,21778000000,,,,,,,,,,,,true,false,9,2019-04-01,2019-12-31,0
2020-01-30,75700,2019-03-31,3,97588000000,0.033,,,,,1672000000,0.134,1879000000,0.121,,1249000000,,122.12,121.76,,,,,,,,,,,,,,,,,,,,,true,false,9,2018-04-01,2018-12-31,-1
2020-01-30,75700,2020-03-31,3,137000000000,0.031,,,,,2750000000,0.108,3000000000,0.097,,2000000000,,196.60,,,,,,,,,,,,,,,,,,,,,,true,true,12,2019-04-01,2020-03-31,0
2020-01-30,75700,2019-03-31,3,,,,,,,,,,,,,,,,,,,,62983000000,20429000000,0.324,,20391000000,,,,,,,,,,,,true,false,12,2018-04-01,2019-03-31,-1
2020-01-30,75700,2019-03-31,3,,,,,,,,,,,,,,,,,,,,,,,,,,,,,40.00,,,,10646526,473273,,false,false,12,2018-04-01,2019-03-31,-1
2020-01-30,75700,2020-03-31,3,,,,,,,,,,,,,,,,,,,,,,,,,,,,,25.00,,,,,,,false,false,12,2019-04-01,2020-03-31,0
2020-01-30,75700,2020-03-31,3,,,,,,,,,,,,,,,,,,,,,,,,,,,,,50.00,,,,,,,false,true,12,2019-04-01,2020-03-31,0
2020-01-30,75700,2020-03-31,3,,,,,,,,,,,,,,,,,,,,,,,,,,,,,,,,,10646526,528637,10138530,false,false,9,2019-04-01,2019-12-31,0
2020-01-30,75700,2019-03-31,3,,,,,,,,,,,,,,,,,,,,,,,,,,,,,,,,,,,10230194,false,false,9,2018-04-01,2018-12-31,-1
2020-05-08,75700,2020-03-31,,137815000000,0.037,,,,,2919000000,0.176,3185000000,0.164,,2117000000,,208.94,208.16,0.100,0.051,0.021,,60813000000,22038000000,0.362,2173.48,21990000000,1427000000,-259000000,-1297000000,3416000000,,0.239,,,,,,true,false,12,2019-04-01,2020-03-31,0
2020-05-08,75700,2019-03-31,,132944000000,0.036,,,,,2482000000,0.116,2735000000,0.113,,1803000000,,176.49,175.95,0.091,0.045,0.019,,62983000000,20429000000,0.324,2008.14,20391000000,1093000000,-570000000,3000000,3430000000,,0.206,,,,,,true,false,12,2018-04-01,2019-03-31,-1
2020-05-08,75700,2021-03-31,,64000000000,-0.052,,,,,1200000000,-0.069,1350000000,-0.079,,900000000,,88.95,,,,,,,,,,,,,,,,,,,,,,true,true,6,2020-04-01,2020-09-30,1
2020-05-08,75700,2021-03-31,,138000000000,0.001,,,,,3000000000,0.028,3200000000,0.005,,2200000000,,217.44,,,,,,,,,,,,,,,,0.253,,,,,,true,true,12,2020-04-01,2021-03-31,1
2020-05-08,75700,2020-03-31,,1213000000,-0.565,,,,,430000000,-0.789,490000000,-0.765,485000000,,-0.769,47.91,47.73,,,,,18801000000,15999000000,0.848,1576.70,15952000000,,,,,50.00,,,,10646526,528677,10133392,false,false,12,2019-04-01,2020-03-31,0
2020-05-08,75700,2019-03-31,,2792000000,1.437,,,,,2036000000,3.985,2086000000,3.770,2103000000,,3.239,205.93,205.30,,,,,18784000000,16246000000,0.863,1597.03,16209000000,,,,,40.00,,,,10646526,473273,10216154,false,false,12,2018-04-01,2019-03-31,-1
2020-05-08,75700,2021-03-31,,,,,,,,,,,,,,,,,,,,,,,,,,,,,,55.00,,,,,,,false,true,12,2020-04-01,2021-03-31,1
2020-07-30,75700,2021-03-31,1,29300000000,-0.052,,,,,452000000,0.050,583000000,0.102,,383000000,,37.94,37.78,,,,,76053000000,22417000000,0.294,,22368000000,,,,,,,,,,,,true,false,3,2020-04-01,2020-06-30,0
2020-07-30,75700,2020-03-31,1,30921000000,0.047,,,,,431000000,0.518,529000000,0.413,,345000000,,34.03,33.91,,,,,,,,,,,,,,,,,,,,,true,false,3,2019-04-01,2019-06-30,-1
2020-07-30,75700,2021-03-31,1,64000000000,-0.052,,,,,1200000000,-0.069,1350000000,-0.079,,900000000,,88.95,,,,,,,,,,,,,,,,,,,,,,true,true,6,2020-04-01,2020-09-30,0
2020-07-30,75700,2021-03-31,1,138000000000,0.001,,,,,3000000000,0.028,3200000000,0.005,,2200000000,,217.44,,,,,,,,,,,,,,,,,,,,,,true,true,12,2020-04-01,2021-03-31,0
2020-07-30,75700,2020-03-31,1,,,,,,,,,,,,,,,,,,,,60813000000,22038000000,0.362,,21990000000,,,,,,,,,,,,true,false,12,2019-04-01,2020-03-31,-1
2020-07-30,75700,2020-03-31,1,,,,,,,,,,,,,,,,,,,,,,,,,,,,,50.00,,,,10646526,528677,,false,false,12,2019-04-01,2020-03-31,-1
2020-07-30,75700,2021-03-31,1,,,,,,,,,,,,,,,,,,,,,,,,,,,,,55.00,,,,,,,false,true,12,2020-04-01,2021-03-31,0
2020-07-30,75700,2021-03-31,1,,,,,,,,,,,,,,,,,,,,,,,,,,,,,,,,,10646526,528747,10117812,false,false,3,2020-04-01,2020-06-30,0
2020-07-30,75700,2020-03-31,1,,,,,,,,,,,,,,,,,,,,,,,,,,,,,,,,,,,10157742,false,false,3,2019-04-01,2019-06-30,-1
2020-10-30,75700,2021-03-31,2,62048000000,-0.081,,,,,1201000000,-0.069,1400000000,-0.046,,929000000,,91.90,91.52,,,,,77412000000,23073000000,0.297,,23007000000,,,,,,,,,,,,true,false,6,2020-04-01,2020-09-30,0
2020-10-30,75700,2020-03-31,2,67525000000,0.085,,,,,1289000000,0.285,1467000000,0.272,,914000000,,90.12,89.81,,,,,,,,,,,,,,,,,,,,,true,false,6,2019-04-01,2019-09-30,-1
2020-10-30,75700,2021-03-31,2,138000000000,0.001,,,,,3000000000,0.028,3200000000,0.005,,2200000000,,217.44,,,,,,,,,,,,,,,,,,,,,,true,true,12,2020-04-01,2021-03-31,0
2020-10-30,75700,2020-03-31,2,,,,,,,,,,,,,,,,,,,,60813000000,22038000000,0.362,,21990000000,,,,,,,,,,,,true,false,12,2019-04-01,2020-03-31,-1
2020-10-30,75700,2020-03-31,2,,,,,,,,,,,,,,,,,,,,,,,,,,,,,50.00,,,,10646526,528677,,false,false,12,2019-04-01,2020-03-31,-1
2020-10-30,75700,2021-03-31,2,,,,,,,,,,,,,,,,,,,,,,,,,,,,,28.00,,,,,,,false,false,12,2020-04-01,2021-03-31,0
2020-10-30,75700,2021-03-31,2,,,,,,,,,,,,,,,,,,,,,,,,,,,,,56.00,,,,,,,false,true,12,2020-04-01,2021-03-31,0
2020-10-30,75700,2021-03-31,2,,,,,,,,,,,,,,,,,,,,,,,,,,,,,,,,,10646526,522680,10119597,false,false,6,2020-04-01,2020-09-30,0
2020-10-30,75700,2020-03-31,2,,,,,,,,,,,,,,,,,,,,,,,,,,,,,,,,,,,10144604,false,false,6,2019-04-01,2019-09-30,-1
2021-01-28,75700,2021-03-31,3,98613000000,-0.041,,,,,1945000000,-0.042,2269000000,-0.009,,1432000000,,141.55,140.96,,,,,83552000000,23488000000,0.280,,23422000000,,,,,,,,,,,,true,false,9,2020-04-01,2020-12-31,0
2021-01-28,75700,2020-03-31,3,102798000000,0.053,,,,,2030000000,0.214,2290000000,0.219,,1488000000,,146.78,146.26,,,,,,,,,,,,,,,,,,,,,true,false,9,2019-04-01,2019-12-31,-1
2021-01-28,75700,2021-03-31,3,138000000000,0.001,,,,,3000000000,0.028,3200000000,0.005,,2200000000,,217.44,,,,,,,,,,,,,,,,,,,,,,true,true,12,2020-04-01,2021-03-31,0
2021-01-28,75700,2020-03-31,3,,,,,,,,,,,,,,,,,,,,60813000000,22038000000,0.362,,21990000000,,,,,,,,,,,,true,false,12,2019-04-01,2020-03-31,-1
2021-01-28,75700,2020-03-31,3,,,,,,,,,,,,,,,,,,,,,,,,,,,,,50.00,,,,10646526,528677,,false,false,12,2019-04-01,2020-03-31,-1
2021-01-28,75700,2021-03-31,3,,,,,,,,,,,,,,,,,,,,,,,,,,,,,28.00,,,,,,,false,false,12,2020-04-01,2021-03-31,0
2021-01-28,75700,2021-03-31,3,,,,,,,,,,,,,,,,,,,,,,,,,,,,,56.00,,,,,,,false,true,12,2020-04-01,2021-03-31,0
2021-01-28,75700,2021-03-31,3,,,,,,,,,,,,,,,,,,,,,,,,,,,,,,,,,10646526,522276,10121132,false,false,9,2020-04-01,2020-12-31,0
2021-01-28,75700,2020-03-31,3,,,,,,,,,,,,,,,,,,,,,,,,,,,,,,,,,,,10138530,false,false,9,2019-04-01,2019-12-31,-1
2021-05-07,75700,2021-03-31,,134690000000,-0.023,,,,,2984000000,0.023,3294000000,0.034,,2233000000,,220.67,219.75,0.097,0.053,0.022,,63210000000,24351000000,0.384,2398.48,24282000000,-939000000,-1674000000,2780000000,3616000000,,0.272,,,,,,true,false,12,2020-04-01,2021-03-31,0
2021-05-07,75700,2020-03-31,,137815000000,0.037,,,,,2919000000,0.176,3185000000,0.164,,2117000000,,208.94,208.16,0.100,0.051,0.021,,60813000000,22038000000,0.362,2173.48,21990000000,1427000000,-259000000,-1297000000,3416000000,,0.239,,,,,,true,false,12,2019-04-01,2020-03-31,-1
2021-05-07,75700,2022-03-31,,61000000000,0.009,,,,,1000000000,0.003,1450000000,0.036,,950000000,,93.83,,,,,,,,,,,,,,,,,,,,,,true,true,6,2021-04-01,2021-09-30,1
2021-05-07,75700,2022-03-31,,135000000000,0.029,,,,,2600000000,0.046,3400000000,0.032,,2300000000,,227.18,,,,,,,,,,,,,,,,0.286,,,,,,true,true,12,2021-04-01,2022-03-31,1
2021-05-07,75700,2021-03-31,,1358000000,0.120,,,,,469000000,0.092,539000000,0.101,681000000,,0.404,67.33,67.05,,,,,20511000000,16445000000,0.799,1619.49,16396000000,,,,,60.00,,,,10646526,522276,10121901,false,false,12,2020-04-01,2021-03-31,0
2021-05-07,75700,2020-03-31,,1213000000,-0.565,,,,,430000000,-0.789,490000000,-0.765,485000000,,-0.769,47.91,47.73,,,,,18801000000,15999000000,0.848,1576.70,15952000000,,,,,50.00,,,,10646526,528677,10133392,false,false,12,2019-04-01,2020-03-31,-1
2021-05-07,75700,2022-03-31,,,,,,,,,,,,,,,,,,,,,,,,,,,,,,65.00,,,,,,,false,true,12,2021-04-01,2022-03-31,1
2021-07-28,75700,2022-03-31,1,31063000000,0.089,,,,,359000000,0.060,653000000,0.120,,815000000,,80.58,80.25,,,,,76879000000,24720000000,0.321,,24652000000,,,,,,,,,,,,true,false,3,2021-04-01,2021-06-30,0
2021-07-28,75700,2021-03-31,1,28520000000,,,,,,339000000,,583000000,0.102,,383000000,,37.94,37.78,,,,,,,,,,,,,,,,,,,,,true,false,3,2020-04-01,2020-06-30,-1
2021-07-28,75700,2022-03-31,1,61000000000,0.009,,,,,1000000000,0.003,1450000000,0.036,,950000000,,93.83,,,,,,,,,,,,,,,,,,,,,,true,true,6,2021-04-01,2021-09-30,0
2021-07-28,75700,2022-03-31,1,135000000000,0.029,,,,,2600000000,0.046,3400000000,0.032,,2300000000,,227.18,,,,,,,,,,,,,,,,,,,,,,true,true,12,2021-04-01,2022-03-31,0
2021-07-28,75700,2021-03-31,1,,,,,,,,,,,,,,,,,,,,63210000000,24351000000,0.384,,24282000000,,,,,,,,,,,,true,false,12,2020-04-01,2021-03-31,-1
2021-07-28,75700,2021-03-31,1,,,,,,,,,,,,,,,,,,,,,,,,,,,,,60.00,,,,10646526,522276,,false,false,12,2020-04-01,2021-03-31,-1
2021-07-28,75700,2022-03-31,1,,,,,,,,,,,,,,,,,,,,,,,,,,,,,65.00,,,,,,,false,true,12,2021-04-01,2022-03-31,0
2021-07-28,75700,2022-03-31,1,,,,,,,,,,,,,,,,,,,,,,,,,,,,,,,,,10646526,522371,10124214,false,false,3,2021-04-01,2021-06-30,0
2021-07-28,75700,2021-03-31,1,,,,,,,,,,,,,,,,,,,,,,,,,,,,,,,,,,,10117812,false,false,3,2020-04-01,2020-06-30,-1
,75700,2022-03-31,,,,,,,,,,,,,,,,,,,,,,,,,,,,,,70.00,,,,,,,false,true,12,2021-04-01,2022-03-31,0
,75700,2021-03-31,,,,,,,,,,,,,,,,,,,,,,,,,,,,,,60.00,,,,,,,false,false,12,2020-04-01,2021-03-31,-1
2021-10-27,7570,2022-03-31,2,65810000000,0.082,,,,,1229000000,0.267,1729000000,0.235,,1458000000,,144.03,143.43,,,,,81294000000,25622000000,0.314,,25554000000,,,,,,,,,,,,true,false,6,2021-04-01,2021-09-30,0
2021-10-27,7570,2021-03-31,2,60844000000,,,,,,970000000,,1400000000,-0.046,,929000000,,91.90,91.52,,,,,,,,,,,,,,,,,,,,,true,false,6,2020-04-01,2020-09-30,-1
2021-10-27,7570,2022-03-31,2,135000000000,0.029,,,,,2600000000,0.046,3400000000,0.032,,2300000000,,227.18,,,,,,,,,,,,,,,,,,,,,,true,true,12,2021-04-01,2022-03-31,0
2021-10-27,7570,2021-03-31,2,,,,,,,,,,,,,,,,,,,,63210000000,24351000000,0.384,,24282000000,,,,,,,,,,,,true,false,12,2020-04-01,2021-03-31,-1
2021-10-27,7570,2021-03-31,2,,,,,,,,,,,,,,,,,,,,,,,,,,,,,50.00,,,,10646526,522276,,false,false,12,2020-04-01,2021-03-31,-1
2021-10-27,7570,2022-03-31,2,,,,,,,,,,,,,,,,,,,,,,,,,,,,,35.00,,,,,,,false,false,12,2021-04-01,2022-03-31,0
2021-10-27,7570,2022-03-31,2,,,,,,,,,,,,,,,,,,,,,,,,,,,,,70.00,,,,,,,false,true,12,2021-04-01,2022-03-31,0
2021-10-27,7570,2022-03-31,2,,,,,,,,,,,,,,,,,,,,,,,,,,,,,,,,,10646526,516673,10125437,false,false,6,2021-04-01,2021-09-30,0
2021-10-27,7570,2021-03-31,2,,,,,,,,,,,,,,,,,,,,,,,,,,,,,,,,,,,10119597,false,false,6,2020-04-01,2020-09-30,-1
2022-01-28,7570,2022-03-31,3,101801000000,0.055,,,,,1778000000,0.123,2521000000,0.111,,1984000000,,196.01,195.19,,,,,84714000000,25696000000,0.303,,25627000000,,,,,,,,,,,,true,false,9,2021-04-01,2021-12-31,0
2022-01-28,7570,2021-03-31,3,96479000000,,,,,,1584000000,,2269000000,-0.009,,1432000000,,141.55,140.96,,,,,,,,,,,,,,,,,,,,,true,false,9,2020-04-01,2020-12-31,-1
2022-01-28,7570,2022-03-31,3,135000000000,0.029,,,,,2600000000,0.046,3400000000,0.032,,2300000000,,227.18,,,,,,,,,,,,,,,,,,,,,,true,true,12,2021-04-01,2022-03-31,0
2022-01-28,7570,2021-03-31,3,,,,,,,,,,,,,,,,,,,,63210000000,24351000000,0.384,,24282000000,,,,,,,,,,,,true,false,12,2020-04-01,2021-03-31,-1
2022-01-28,7570,2021-03-31,3,,,,,,,,,,,,,,,,,,,,,,,,,,,,,60.00,,,,10646526,522276,,false,false,12,2020-04-01,2021-03-31,-1
2022-01-28,7570,2022-03-31,3,,,,,,,,,,,,,,,,,,,,,,,,,,,,,35.00,,,,,,,false,false,12,2021-04-01,2022-03-31,0
2022-01-28,7570,2022-03-31,3,,,,,,,,,,,,,,,,,,,,,,,,,,,,,70.00,,,,,,,false,true,12,2021-04-01,2022-03-31,0
2022-01-28,7570,2022-03-31,3,,,,,,,,,,,,,,,,,,,,,,,,,,,,,,,,,10646526,516293,10127011,false,false,9,2021-04-01,2021-12-31,0
2022-01-28,7570,2021-03-31,3,,,,,,,,,,,,,,,,,,,,,,,,,,,,,,,,,,,10121132,false,false,9,2020-04-01,2020-12-31,-1
2022-05-11,7570,2022-03-31,,137606000000,0.045,,,,,2504000000,0.010,3424000000,0.039,,2407000000,,237.75,236.77,0.096,0.054,0.018,,64425000000,25941000000,0.402,2553.87,25871000000,1936000000,-710000000,-1566000000,3284000000,,0.294,,,,,,true,false,12,2021-04-01,2022-03-31,0
2022-05-11,7570,2021-03-31,,131690000000,,,,,,2478000000,,3294000000,0.034,,2233000000,,220.67,219.75,0.097,0.053,0.019,,63210000000,24351000000,0.384,2398.48,24282000000,-939000000,-1674000000,2780000000,3616000000,,0.272,,,,,,true,false,12,2020-04-01,2021-03-31,-1
2022-05-11,7570,2023-03-31,,66000000000,0.003,,,,,1250000000,0.017,1750000000,0.012,,1150000000,,113.52,,,,,,,,,,,,,,,,,,,,,,true,true,6,2022-04-01,2022-09-30,1
2022-05-11,7570,2023-03-31,,145000000000,0.054,,,,,2800000000,0.118,3700000000,0.081,,2500000000,,246.79,,,,,,,,,,,,,,,,0.300,,,,,,true,true,12,2022-04-01,2023-03-31,1
2022-05-11,7570,2022-03-31,,1339000000,-0.014,,,,,329000000,-0.299,389000000,-0.279,580000000,,-0.149,57.28,57.05,,,,,23716000000,16253000000,0.683,1599.58,16204000000,,,,,70.00,,,,10646526,516313,10127804,false,false,12,2021-04-01,2022-03-31,0
2022-05-11,7570,2021-03-31,,1358000000,0.120,,,,,469000000,0.092,539000000,0.101,681000000,,0.404,67.33,67.05,,,,,20511000000,16445000000,0.799,1619.49,16396000000,,,,,60.00,,,,10646526,522276,10121901,false,false,12,2020-04-01,2021-03-31,-1
2022-05-11,7570,2023-03-31,,,,,,,,,,,,,,,,,,,,,,,,,,,,,,74.00,,,,,,,false,true,12,2022-04-01,2023-03-31,1
2022-07-28,7570,2023-03-31,1,32886000000,0.059,,,,,415000000,0.155,700000000,0.071,,491000000,,48.49,48.29,,,,,80443000000,25976000000,0.322,,25907000000,,,,,,,,,,,,true,false,3,2022-04-01,2022-06-30,0
2022-07-28,7570,2022-03-31,1,31063000000,0.060,,,,,359000000,-0.205,653000000,0.120,,815000000,,80.58,80.25,,,,,,,,,,,,,,,,,,,,,true,false,3,2021-04-01,2021-06-30,-1
2022-07-28,7570,2023-03-31,1,66000000000,0.003,,,,,1250000000,0.017,1750000000,0.012,,1150000000,,56.76,,,,,,,,,,,,,,,,,,,,,,true,true,6,2022-04-01,2022-09-30,0
2022-07-28,7570,2023-03-31,1,145000000000,0.054,,,,,2800000000,0.118,3700000000,0.081,,2500000000,,123.39,,,,,,,,,,,,,,,,,,,,,,true,true,12,2022-04-01,2023-03-31,0
2022-07-28,7570,2022-03-31,1,,,,,,,,,,,,,,,,,,,,64425000000,25941000000,0.402,,25871000000,,,,,,,,,,,,true,false,12,2021-04-01,2022-03-31,-1
2022-07-28,7570,2022-03-31,1,,,,,,,,,,,,,,,,,,,,,,,,,,,,,70.00,,,,10646526,516313,,false,false,12,2021-04-01,2022-03-31,-1
2022-07-28,7570,2023-03-31,1,,,,,,,,,,,,,,,,,,,,,,,,,,,,,40.00,,,,,,,false,true,12,2022-04-01,2023-03-31,0
2022-07-28,7570,2023-03-31,1,,,,,,,,,,,,,,,,,,,,,,,,,,,,,,,,,10646526,516323,10130208,false,false,3,2022-04-01,2022-06-30,0
2022-07-28,7570,2022-03-31,1,,,,,,,,,,,,,,,,,,,,,,,,,,,,,,,,,,,9297780,false,false,3,2021-04-01,2021-06-30,-1
2022-10-31,7570,2023-03-31,2,69842000000,0.061,,,,,1386000000,0.127,1927000000,0.114,,1337000000,,66.02,65.75,,,,,86498000000,26842000000,0.310,,26772000000,,,,,,,,,,,,true,false,6,2022-04-01,2022-09-30,0
2022-10-31,7570,2022-03-31,2,65810000000,0.082,,,,,1229000000,0.267,1729000000,0.235,,1458000000,,72.01,71.72,,,,,,,,,,,,,,,,,,,,,true,false,6,2021-04-01,2021-09-30,-1
2022-10-31,7570,2023-03-31,2,145000000000,0.054,,,,,2800000000,0.118,3700000000,0.081,,2500000000,,123.39,,,,,,,,,,,,,,,,,,,,,,true,true,12,2022-04-01,2023-03-31,0
2022-10-31,7570,2022-03-31,2,,,,,,,,,,,,,,,,,,,,64425000000,25941000000,0.402,,25871000000,,,,,,,,,,,,true,false,12,2021-04-01,2022-03-31,-1
2022-10-31,7570,2022-03-31,2,,,,,,,,,,,,,,,,,,,,,,,,,,,,,70.00,,,,21293052,1032626,,false,false,12,2021-04-01,2022-03-31,-1
2022-10-31,7570,2023-03-31,2,,,,,,,,,,,,,,,,,,,,,,,,,,,,,20.00,,,,,,,false,false,12,2022-04-01,2023-03-31,0
2022-10-31,7570,2023-03-31,2,,,,,,,,,,,,,,,,,,,,,,,,,,,,,40.00,,,,,,,false,true,12,2022-04-01,2023-03-31,0
2022-10-31,7570,2023-03-31,2,,,,,,,,,,,,,,,,,,,,,,,,,,,,,,,,,21293052,1016186,20264604,false,false,6,2022-04-01,2022-09-30,0
2022-10-31,7570,2022-03-31,2,,,,,,,,,,,,,,,,,,,,,,,,,,,,,,,,,,,18595560,false,false,6,2021-04-01,2021-09-30,-1
2023-01-31,7570,2023-03-31,3,109503000000,0.076,,,,,2033000000,0.143,2859000000,0.134,,1954000000,,96.41,96.01,,,,,94055000000,27213000000,0.289,,27143000000,,,,,,,,,,,,true,false,9,2022-04-01,2022-12-31,0
2023-01-31,7570,2022-03-31,3,101801000000,0.055,,,,,1778000000,0.123,2521000000,0.111,,1984000000,,98.00,97.60,,,,,,,,,,,,,,,,,,,,,true,false,9,2021-04-01,2021-12-31,-1
2023-01-31,7570,2023-03-31,3,145000000000,0.054,,,,,2800000000,0.118,3700000000,0.081,,2500000000,,123.39,,,,,,,,,,,,,,,,,,,,,,true,true,12,2022-04-01,2023-03-31,0
2023-01-31,7570,2022-03-31,3,,,,,,,,,,,,,,,,,,,,64425000000,25941000000,0.402,,25871000000,,,,,,,,,,,,true,false,12,2021-04-01,2022-03-31,-1
2023-01-31,7570,2022-03-31,3,,,,,,,,,,,,,,,,,,,,,,,,,,,,,70.00,,,,21293052,1032626,,false,false,12,2021-04-01,2022-03-31,-1
2023-01-31,7570,2023-03-31,3,,,,,,,,,,,,,,,,,,,,,,,,,,,,,20.00,,,,,,,false,false,12,2022-04-01,2023-03-31,0
2023-01-31,7570,2023-03-31,3,,,,,,,,,,,,,,,,,,,,,,,,,,,,,40.00,,,,,,,false,true,12,2022-04-01,2023-03-31,0
2023-01-31,7570,2023-03-31,3,,,,,,,,,,,,,,,,,,,,,,,,,,,,,,,,,21293052,1015906,20268775,false,false,9,2022-04-01,2022-12-31,0
2023-01-31,7570,2022-03-31,3,,,,,,,,,,,,,,,,,,,,,,,,,,,,,,,,,,,20254022,false,false,9,2021-04-01,2021-12-31,-1
2023-05-09,7570,2023-03-31,,148189000000,0.077,,,,,2807000000,0.121,3798000000,0.109,,2569000000,,126.77,126.24,0.095,0.056,0.019,,72014000000,28184000000,0.390,1386.44,28112000000,2291000000,-2797000000,618000000,3396000000,,0.316,,,,,,true,false,12,2022-04-01,2023-03-31,0
2023-05-09,7570,2022-03-31,,137606000000,0.045,,,,,2504000000,0.010,3424000000,0.039,,2407000000,,118.88,118.38,0.096,0.054,0.018,,64425000000,25941000000,0.402,1276.94,25871000000,1936000000,-710000000,-1566000000,3284000000,,0.294,,,,,,true,false,12,2021-04-01,2022-03-31,-1
2023-05-09,7570,2024-03-31,,72000000000,0.031,,,,,1400000000,0.010,1950000000,0.012,,1400000000,,69.06,,,,,,,,,,,,,,,,,,,,,,true,true,6,2023-04-01,2023-09-30,1
2023-05-09,7570,2024-03-31,,155000000000,0.046,,,,,3000000000,0.069,4000000000,0.053,,2800000000,,138.13,,,,,,,,,,,,,,,,0.304,,,,,,true,true,12,2023-04-01,2024-03-31,1
2023-05-09,7570,2023-03-31,,1444000000,0.079,,,,,362000000,0.100,461000000,0.187,484000000,,-0.165,23.89,23.79,,,,,23031000000,16304000000,0.706,801.66,16255000000,,,,,40.00,,,,21293052,1015986,20270839,false,false,12,2022-04-01,2023-03-31,0
2023-05-09,7570,2022-03-31,,1339000000,-0.014,,,,,329000000,-0.299,389000000,-0.279,580000000,,-0.149,28.64,28.53,,,,,23716000000,16253000000,0.683,799.79,16204000000,,,,,70.00,,,,21293052,1032626,20255608,false,false,12,2021-04-01,2022-03-31,-1
2023-05-09,7570,2024-03-31,,,,,,,,,,,,,,,,,,,,,,,,,,,,,,42.00,,,,,,,false,true,12,2023-04-01,2024-03-31,1
2023-07-28,7570,2024-03-31,1,34398000000,0.046,,,,,370000000,-0.109,700000000,0.001,,539000000,,26.60,26.49,,,,,88021000000,28890000000,0.327,,28821000000,,,,,,,,,,,,true,false,3,2023-04-01,2023-06-30,0
2023-07-28,7570,2023-03-31,1,32886000000,0.059,,,,,415000000,0.155,700000000,0.071,,491000000,,24.25,24.15,,,,,,,,,,,,,,,,,,,,,true,false,3,2022-04-01,2022-06-30,-1
2023-07-28,7570,2024-03-31,1,72000000000,0.031,,,,,1400000000,0.010,1950000000,0.012,,1400000000,,69.06,,,,,,,,,,,,,,,,,,,,,,true,true,6,2023-04-01,2023-09-30,0
2023-07-28,7570,2024-03-31,1,155000000000,0.046,,,,,3000000000,0.069,4000000000,0.053,,2800000000,,138.13,,,,,,,,,,,,,,,,,,,,,,true,true,12,2023-04-01,2024-03-31,0
2023-07-28,7570,2023-03-31,1,,,,,,,,,,,,,,,,,,,,72014000000,28184000000,0.390,,28112000000,,,,,,,,,,,,true,false,12,2022-04-01,2023-03-31,-1
2023-07-28,7570,2023-03-31,1,,,,,,,,,,,,,,,,,,,,,,,,,,,,,40.00,,,,21293052,1015986,,false,false,12,2022-04-01,2023-03-31,-1
2023-07-28,7570,2024-03-31,1,,,,,,,,,,,,,,,,,,,,,,,,,,,,,42.00,,,,,,,false,true,12,2023-04-01,2024-03-31,0
2023-07-28,7570,2024-03-31,1,,,,,,,,,,,,,,,,,,,,,,,,,,,,,,,,,21293052,1012536,20277383,false,false,3,2023-04-01,2023-06-30,0
2023-07-28,7570,2023-03-31,1,,,,,,,,,,,,,,,,,,,,,,,,,,,,,,,,,,,20260416,false,false,3,2022-04-01,2022-06-30,-1
2023-10-30,7570,2024-03-31,2,73753000000,0.056,,,,,1183000000,-0.146,1780000000,-0.076,,1139000000,,56.16,55.93,,,,,90764000000,29586000000,0.325,,29518000000,,,,,,,,,,,,true,false,6,2023-04-01,2023-09-30,0
2023-10-30,7570,2023-03-31,2,69842000000,0.061,,,,,1386000000,0.127,1927000000,0.114,,1337000000,,66.02,65.75,,,,,,,,,,,,,,,,,,,,,true,false,6,2022-04-01,2022-09-30,-1
2023-10-30,7570,2024-03-31,2,155000000000,0.046,,,,,3000000000,0.069,4000000000,0.053,,2800000000,,138.13,,,,,,,,,,,,,,,,,,,,,,true,true,12,2023-04-01,2024-03-31,0
2023-10-30,7570,2023-03-31,2,,,,,,,,,,,,,,,,,,,,72014000000,28184000000,0.390,,28112000000,,,,,,,,,,,,true,false,12,2022-04-01,2023-03-31,-1
2023-10-30,7570,2023-03-31,2,,,,,,,,,,,,,,,,,,,,,,,,,,,,,40.00,,,,21293052,1015986,,false,false,12,2022-04-01,2023-03-31,-1
2023-10-30,7570,2024-03-31,2,,,,,,,,,,,,,,,,,,,,,,,,,,,,,21.00,,,,,,,false,false,12,2023-04-01,2024-03-31,0
2023-10-30,7570,2024-03-31,2,,,,,,,,,,,,,,,,,,,,,,,,,,,,,42.00,,,,,,,false,true,12,2023-04-01,2024-03-31,0
2023-10-30,7570,2024-03-31,2,,,,,,,,,,,,,,,,,,,,,,,,,,,,,,,,,21293052,992102,20282355,false,false,6,2023-04-01,2023-09-30,0
2023-10-30,7570,2023-03-31,2,,,,,,,,,,,,,,,,,,,,,,,,,,,,,,,,,,,20264604,false,false,6,2022-04-01,2022-09-30,-1
2024-01-31,7570,2024-03-31,3,115877000000,0.058,,,,,1895000000,-0.068,2787000000,-0.025,,1759000000,,86.72,86.36,,,,,104587000000,29884000000,0.285,,29821000000,,,,,,,,,,,,true,false,9,2023-04-01,2023-12-31,0
2024-01-31,7570,2023-03-31,3,109503000000,0.076,,,,,2033000000,0.143,2859000000,0.134,,1954000000,,96.41,96.01,,,,,,,,,,,,,,,,,,,,,true,false,9,2022-04-01,2022-12-31,-1
2024-01-31,7570,2024-03-31,3,155000000000,0.046,,,,,3000000000,0.069,4000000000,0.053,,2800000000,,138.13,,,,,,,,,,,,,,,,,,,,,,true,true,12,2023-04-01,2024-03-31,0
2024-01-31,7570,2023-03-31,3,,,,,,,,,,,,,,,,,,,,72014000000,28184000000,0.390,,28112000000,,,,,,,,,,,,true,false,12,2022-04-01,2023-03-31,-1
2024-01-31,7570,2023-03-31,3,,,,,,,,,,,,,,,,,,,,,,,,,,,,,40.00,,,,21293052,1015986,,false,false,12,2022-04-01,2023-03-31,-1
2024-01-31,7570,2024-03-31,3,,,,,,,,,,,,,,,,,,,,,,,,,,,,,21.00,,,,,,,false,false,12,2023-04-01,2024-03-31,0
2024-01-31,7570,2024-03-31,3,,,,,,,,,,,,,,,,,,,,,,,,,,,,,42.00,,,,,,,false,true,12,2023-04-01,2024-03-31,0
2024-01-31,7570,2024-03-31,3,,,,,,,,,,,,,,,,,,,,,,,,,,,,,,,,,21293052,991968,20288608,false,false,9,2023-04-01,2023-12-31,0
2024-01-31,7570,2023-03-31,3,,,,,,,,,,,,,,,,,,,,,,,,,,,,,,,,,,,20268775,false,false,9,2022-04-01,2022-12-31,-1
2024-05-10,7570,2024-03-31,,155633000000,0.050,,,,,2309000000,-0.177,3366000000,-0.114,,2609000000,,128.84,128.33,0.088,0.044,0.015,,79996000000,31219000000,0.390,1566.31,31171000000,3680000000,-316000000,-1315000000,5496000000,,0.326,,,,,,true,false,12,2023-04-01,2024-03-31,0
2024-05-10,7570,2023-03-31,,148189000000,0.077,,,,,2807000000,0.121,3798000000,0.109,,2569000000,,126.77,126.24,0.095,0.056,0.019,,72014000000,28184000000,0.390,1386.44,28112000000,2291000000,-2797000000,618000000,3396000000,,0.316,,,,,,true,false,12,2022-04-01,2023-03-31,-1
2024-05-10,7570,2025-03-31,,75000000000,0.017,,,,,1200000000,0.014,1800000000,0.011,,1150000000,,57.79,,,,,,,,,,,,,,,,,,,,,,true,true,6,2024-04-01,2024-09-30,1
2024-05-10,7570,2025-03-31,,160000000000,0.028,,,,,2400000000,0.039,3500000000,0.040,,2630000000,,132.15,,,,,,,,,,,,,,,,0.333,,,,,,true,true,12,2024-04-01,2025-03-31,1
2024-05-10,7570,2024-03-31,,1483000000,0.027,,,,,110000000,-0.695,220000000,-0.522,758000000,,0.567,37.45,37.30,,,,,25358000000,17013000000,0.669,852.48,16965000000,,,,,42.00,,,,21293052,1391968,20256738,false,false,12,2023-04-01,2024-03-31,0
2024-05-10,7570,2023-03-31,,1444000000,0.079,,,,,362000000,0.100,461000000,0.187,484000000,,-0.165,23.89,23.79,,,,,23031000000,16304000000,0.706,801.66,16255000000,,,,,40.00,,,,21293052,1015686,20270839,false,false,12,2022-04-01,2023-03-31,-1
2024-05-10,7570,2025-03-31,,,,,,,,,,,,,,,,,,,,,,,,,,,,,,44.00,,,,,,,false,true,12,2024-04-01,2025-03-31,1
2024-07-30,7570,2025-03-31,1,37185000000,0.081,,,,,408000000,0.104,758000000,0.083,,499000000,,25.08,24.99,,,,,98774000000,31615000000,0.320,,31571000000,,,,,,,,,,,,true,false,3,2024-04-01,2024-06-30,0
2024-07-30,7570,2024-03-31,1,34398000000,0.046,,,,,370000000,-0.109,700000000,0.001,,539000000,,26.60,26.49,,,,,,,,,,,,,,,,,,,,,true,false,3,2023-04-01,2023-06-30,-1
2024-07-30,7570,2025-03-31,1,75000000000,0.017,,,,,1200000000,0.014,1800000000,0.011,,1150000000,,57.79,,,,,,,,,,,,,,,,,,,,,,true,true,6,2024-04-01,2024-09-30,0
2024-07-30,7570,2025-03-31,1,160000000000,0.028,,,,,2400000000,0.039,3500000000,0.040,,2630000000,,132.15,,,,,,,,,,,,,,,,,,,,,,true,true,12,2024-04-01,2025-03-31,0
2024-07-30,7570,2024-03-31,1,,,,,,,,,,,,,,,,,,,,79996000000,31219000000,0.390,,31171000000,,,,,,,,,,,,true,false,12,2023-04-01,2024-03-31,-1
2024-07-30,7570,2024-03-31,1,,,,,,,,,,,,,,,,,,,,,,,,,,,,,42.00,,,,21293052,1391968,,false,false,12,2023-04-01,2024-03-31,-1
2024-07-30,7570,2025-03-31,1,,,,,,,,,,,,,,,,,,,,,,,,,,,,,44.00,,,,,,,false,true,12,2024-04-01,2025-03-31,0
2024-07-30,7570,2025-03-31,1,,,,,,,,,,,,,,,,,,,,,,,,,,,,,,,,,21293052,1385408,19901122,false,false,3,2024-04-01,2024-06-30,0
2024-07-30,7570,2024-03-31,1,,,,,,,,,,,,,,,,,,,,,,,,,,,,,,,,,,,20277383,false,false,3,2023-04-01,2023-06-30,-1
,75700,2025-03-31,,,,,,,,,,,,,,,,,,,,,,,,,,,,,,48.00,,,,,,,false,true,12,2024-04-01,2025-03-31,0
,75700,2024-03-31,,,,,,,,,,,,,,,,,,,,,,,,,,,,,,42.00,,,,,,,false,false,12,2023-04-01,2024-03-31,-1
2024-10-29,7570,2025-03-31,2,78835000000,0.069,,,,,1288000000,0.089,1906000000,0.071,,1182000000,,59.38,59.16,,,,,100614000000,31882000000,0.316,,31838000000,,,,,,,,,,,,true,false,6,2024-04-01,2024-09-30,0
2024-10-29,7570,2024-03-31,2,73753000000,0.056,,,,,1183000000,-0.146,1780000000,-0.076,,1139000000,,56.16,55.93,,,,,,,,,,,,,,,,,,,,,true,false,6,2023-04-01,2023-09-30,-1
2024-10-29,7570,2025-03-31,2,160000000000,0.028,,,,,2400000000,0.039,3500000000,0.040,,2630000000,,132.15,,,,,,,,,,,,,,,,,,,,,,true,true,12,2024-04-01,2025-03-31,0
2024-10-29,7570,2024-03-31,2,,,,,,,,,,,,,,,,,,,,79996000000,31219000000,0.390,,31171000000,,,,,,,,,,,,true,false,12,2023-04-01,2024-03-31,-1
2024-10-29,7570,2024-03-31,2,,,,,,,,,,,,,,,,,,,,,,,,,,,,,42.00,,,,21293052,1391968,,false,false,12,2023-04-01,2024-03-31,-1
2024-10-29,7570,2025-03-31,2,,,,,,,,,,,,,,,,,,,,,,,,,,,,,24.00,,,,,,,false,false,12,2024-04-01,2025-03-31,0
2024-10-29,7570,2025-03-31,2,,,,,,,,,,,,,,,,,,,,,,,,,,,,,48.00,,,,,,,false,true,12,2024-04-01,2025-03-31,0
2024-10-29,7570,2025-03-31,2,,,,,,,,,,,,,,,,,,,,,,,,,,,,,,,,,21293052,1371389,19907525,false,false,6,2024-04-01,2024-09-30,0
2024-10-29,7570,2024-03-31,2,,,,,,,,,,,,,,,,,,,,,,,,,,,,,,,,,,,20282355,false,false,6,2023-04-01,2023-09-30,-1
2025-01-30,7570,2025-03-31,3,122423000000,0.056,,,,,1888000000,-0.004,2839000000,0.019,,1877000000,,94.28,93.93,,,,,109128000000,32767000000,0.300,,32722000000,,,,,,,,,,,,true,false,9,2024-04-01,2024-12-31,0
2025-01-30,7570,2024-03-31,3,115877000000,0.058,,,,,1895000000,-0.068,2787000000,-0.025,,1759000000,,86.72,86.36,,,,,,,,,,,,,,,,,,,,,true,false,9,2023-04-01,2023-12-31,-1
2025-01-30,7570,2025-03-31,3,160000000000,0.028,,,,,2400000000,0.039,3500000000,0.040,,2630000000,,132.15,,,,,,,,,,,,,,,,,,,,,,true,true,12,2024-04-01,2025-03-31,0
2025-01-30,7570,2024-03-31,3,,,,,,,,,,,,,,,,,,,,79996000000,31219000000,0.390,,31171000000,,,,,,,,,,,,true,false,12,2023-04-01,2024-03-31,-1
2025-01-30,7570,2024-03-31,3,,,,,,,,,,,,,,,,,,,,,,,,,,,,,42.00,,,,21293052,1391968,,false,false,12,2023-04-01,2024-03-31,-1
2025-01-30,7570,2025-03-31,3,,,,,,,,,,,,,,,,,,,,,,,,,,,,,24.00,,,,,,,false,false,12,2024-04-01,2025-03-31,0
2025-01-30,7570,2025-03-31,3,,,,,,,,,,,,,,,,,,,,,,,,,,,,,48.00,,,,,,,false,true,12,2024-04-01,2025-03-31,0
2025-01-30,7570,2025-03-31,3,,,,,,,,,,,,,,,,,,,,,,,,,,,,,,,,,21293052,1371389,19912255,false,false,9,2024-04-01,2024-12-31,0
2025-01-30,7570,2024-03-31,3,,,,,,,,,,,,,,,,,,,,,,,,,,,,,,,,,,,20288608,false,false,9,2023-04-01,2023-12-31,-1
2025-05-09,7570,2025-03-31,,165339000000,0.062,,,,,2444000000,0.058,3472000000,0.031,,2890000000,,145.70,145.16,0.091,0.042,0.015,,85500000000,32317000000,0.377,1661.70,32273000000,2471000000,-7269000000,4112000000,4810000000,,0.329,,,,,,true,false,12,2024-04-01,2025-03-31,0
2025-05-09,7570,2024-03-31,,155633000000,0.050,,,,,2309000000,-0.177,3366000000,-0.114,,2609000000,,128.84,128.33,0.088,0.044,0.015,,79996000000,31219000000,0.390,1566.31,31171000000,3680000000,-316000000,-1315000000,5496000000,,0.326,,,,,,true,false,12,2023-04-01,2024-03-31,-1
2025-05-09,7570,2026-03-31,,82000000000,0.040,,,,,1400000000,0.086,1900000000,-0.003,,1200000000,,61.79,,,,,,,,,,,,,,,,,,,,,,true,true,6,2025-04-01,2025-09-30,1
2025-05-09,7570,2026-03-31,,174000000000,0.052,,,,,2800000000,0.146,3700000000,0.065,,2900000000,,149.32,,,,,,,,,,,,,,,,0.335,,,,,,true,true,12,2025-04-01,2026-03-31,1
2025-05-09,7570,2025-03-31,,1524000000,0.028,,,,,108000000,-0.016,189000000,-0.141,760000000,,0.003,38.35,38.21,,,,,31538000000,16141000000,0.510,828.83,16097000000,,,,,48.00,,,,21293052,1871389,19837862,false,false,12,2024-04-01,2025-03-31,0
2025-05-09,7570,2024-03-31,,1483000000,0.027,,,,,110000000,-0.695,220000000,-0.522,758000000,,0.567,37.45,37.30,,,,,25358000000,17013000000,0.669,852.48,16965000000,,,,,42.00,,,,21293052,1391968,20256738,false,false,12,2023-04-01,2024-03-31,-1
2025-05-09,7570,2026-03-31,,,,,,,,,,,,,,,,,,,,,,,,,,,,,,50.00,,,,,,,false,true,12,2025-04-01,2026-03-31,1
