filing_date,code,fiscal_year_end,quarterly_period,net_sales,net_sales_change,revenue,revenue_change,operating_revenue,operating_revenue_change,operating_profit,operating_profit_change,ordinary_profit,ordinary_profit_change,net_income,net_income_of_parent,net_income_change,eps,diluted_eps,roe,roa,operating_profit_to_net_sales,operating_profit_to_revenue,total_assets,net_assets,equity_ratio,bps,owner_equity,operating_cash_flow,investing_cash_flow,financing_cash_flow,cash,dividend_per_share,payout_ratio,commemorative_dividend,extra_dividend,number_of_shares,number_of_treqsury_shares,avg_number_of_shares,is_consolidated,is_forecast,duration,period_start,period_end,period_pos
2015-05-08,75960,2015-03-31,,28478000000,0.071,,,,,1268000000,-0.027,1640000000,0.029,1143000000,,0.343,80.62,,0.081,0.096,0.045,,17975000000,14796000000,0.818,1035.80,14695000000,1314000000,-295000000,-395000000,4178000000,,0.471,,,,,,true,false,12,2014-04-01,2015-03-31,0
2015-05-08,75960,2014-03-31,,26580000000,0.070,,,,,1303000000,0.686,1593000000,0.500,851000000,,0.430,59.57,,0.063,0.098,0.049,,16297000000,13585000000,0.832,955.26,13552000000,1274000000,-95000000,-854000000,3541000000,,0.504,,,,,,true,false,12,2013-04-01,2014-03-31,-1
2015-05-08,75960,2016-03-31,,14000000000,0.025,,,,,630000000,0.265,740000000,0.078,,500000000,,35.24,,,,,,,,,,,,,,,,,,,,,,true,true,6,2015-04-01,2015-09-30,1
2015-05-08,75960,2016-03-31,,31500000000,0.106,,,,,1800000000,0.418,1950000000,0.189,,1250000000,,88.11,,,,,,,,,,,,,,,,0.454,,,,,,true,true,12,2015-04-01,2016-03-31,1
2015-05-08,75960,2015-03-31,,23721000000,0.055,,,,,1078000000,-0.013,1460000000,0.044,1033000000,,0.388,72.86,,,,,,17432000000,14536000000,0.834,1024.58,14536000000,,,,,38.00,,,,14620000,432663,14187337,false,false,12,2014-04-01,2015-03-31,0
2015-05-08,75960,2014-03-31,,22478000000,0.018,,,,,1092000000,0.626,1398000000,0.419,744000000,,0.507,52.10,,,,,,16036000000,13540000000,0.844,954.38,13540000000,,,,,30.00,,,,14620000,432663,14292316,false,false,12,2013-04-01,2014-03-31,-1
2015-05-08,75960,2016-03-31,,,,,,,,,,,,,,,,,,,,,,,,,,,,,,40.00,,,,,,,false,true,12,2015-04-01,2016-03-31,1
2015-07-31,75960,2016-03-31,1,7233000000,0.044,,,,,276000000,-0.243,344000000,-0.146,,286000000,,20.20,,,,,,17663000000,14540000000,0.817,1017.26,14432000000,,,,,,,,,,,,true,false,3,2015-04-01,2015-06-30,0
2015-07-31,75960,2015-03-31,1,6929000000,0.081,,,,,364000000,0.114,403000000,-0.083,,261000000,,18.45,,,,,,,,,,,,,,,,,,,,,,true,false,3,2014-04-01,2014-06-30,-1
2015-07-31,75960,2016-03-31,1,14000000000,0.025,,,,,630000000,0.265,740000000,0.078,,500000000,,35.24,,,,,,,,,,,,,,,,,,,,,,true,true,6,2015-04-01,2015-09-30,0
2015-07-31,75960,2016-03-31,1,31500000000,0.106,,,,,1800000000,0.418,1950000000,0.189,,1250000000,,88.11,,,,,,,,,,,,,,,,,,,,,,true,true,12,2015-04-01,2016-03-31,0
2015-07-31,75960,2015-03-31,1,,,,,,,,,,,,,,,,,,,,17975000000,14796000000,0.818,1035.80,14695000000,,,,,,,,,,,,true,false,12,2014-04-01,2015-03-31,-1
2015-07-31,75960,2015-03-31,1,,,,,,,,,,,,,,,,,,,,,,,,,,,,,38.00,,,,14620000,432663,,false,false,12,2014-04-01,2015-03-31,-1
2015-07-31,75960,2016-03-31,1,,,,,,,,,,,,,,,,,,,,,,,,,,,,,40.00,,,,,,,false,true,12,2015-04-01,2016-03-31,0
2015-07-31,75960,2016-03-31,1,,,,,,,,,,,,,,,,,,,,,,,,,,,,,,,,,14620000,432663,14187337,false,false,3,2015-04-01,2015-06-30,0
2015-07-31,75960,2015-03-31,1,,,,,,,,,,,,,,,,,,,,,,,,,,,,,,,,,,,14187337,false,false,3,2014-04-01,2014-06-30,-1
,75960,2016-03-31,,,,,,,,,,,,,,,,,,,,,,,,,,,,,,40.00,,,,,,,false,true,12,2015-04-01,2016-03-31,0
,75960,2015-03-31,,,,,,,,,,,,,,,,,,,,,,,,,,,,,,38.00,,,,,,,false,false,12,2014-04-01,2015-03-31,-1
2015-10-30,75960,2016-03-31,2,14212000000,0.040,,,,,437000000,-0.121,546000000,-0.204,,442000000,,31.22,,,,,,17123000000,14222000000,0.824,998.66,14104000000,,,,,,,,,,,,true,false,6,2015-04-01,2015-09-30,0
2015-10-30,75960,2015-03-31,2,13661000000,0.099,,,,,498000000,-0.003,686000000,0.070,,451000000,,31.80,,,,,,,,,,,,,,,,,,,,,,true,false,6,2014-04-01,2014-09-30,-1
2015-10-30,75960,2016-03-31,2,30500000000,0.071,,,,,1300000000,0.024,1480000000,-0.098,,1050000000,,74.49,,,,,,,,,,,,,,,,,,,,,,true,true,12,2015-04-01,2016-03-31,0
2015-10-30,75960,2015-03-31,2,,,,,,,,,,,,,,,,,,,,17975000000,14796000000,0.818,1035.80,14695000000,,,,,,,,,,,,true,false,12,2014-04-01,2015-03-31,-1
2015-10-30,75960,2015-03-31,2,,,,,,,,,,,,,,,,,,,,,,,,,,,,,38.00,,,,14620000,432663,,false,false,12,2014-04-01,2015-03-31,-1
2015-10-30,75960,2016-03-31,2,,,,,,,,,,,,,,,,,,,,,,,,,,,,,20.00,,,,,,,false,false,12,2015-04-01,2016-03-31,0
2015-10-30,75960,2016-03-31,2,,,,,,,,,,,,,,,,,,,,,,,,,,,,,40.00,,,,,,,false,true,12,2015-04-01,2016-03-31,0
2015-10-30,75960,2016-03-31,2,,,,,,,,,,,,,,,,,,,,,,,,,,,,,,,,,14620000,496663,14181107,false,false,6,2015-04-01,2015-09-30,0
2015-10-30,75960,2015-03-31,2,,,,,,,,,,,,,,,,,,,,,,,,,,,,,,,,,,,14187337,false,false,6,2014-04-01,2014-09-30,-1
2016-01-29,75960,2016-03-31,3,22641000000,0.049,,,,,1000000000,0.072,1142000000,-0.092,,861000000,,60.97,,,,,,18221000000,14226000000,0.773,1007.57,14093000000,,,,,,,,,,,,true,false,9,2015-04-01,2015-12-31,0
2016-01-29,75960,2015-03-31,3,21594000000,0.079,,,,,933000000,-0.080,1258000000,-0.002,,940000000,,66.27,,,,,,,,,,,,,,,,,,,,,,true,false,9,2014-04-01,2014-12-31,-1
2016-01-29,75960,2016-03-31,3,30500000000,0.071,,,,,1300000000,0.024,1480000000,-0.098,,1050000000,,74.49,,,,,,,,,,,,,,,,,,,,,,true,true,12,2015-04-01,2016-03-31,0
2016-01-29,75960,2015-03-31,3,,,,,,,,,,,,,,,,,,,,17975000000,14796000000,0.818,1035.80,14695000000,,,,,,,,,,,,true,false,12,2014-04-01,2015-03-31,-1
2016-01-29,75960,2015-03-31,3,,,,,,,,,,,,,,,,,,,,,,,,,,,,,38.00,,,,14620000,432663,,false,false,12,2014-04-01,2015-03-31,-1
2016-01-29,75960,2016-03-31,3,,,,,,,,,,,,,,,,,,,,,,,,,,,,,20.00,,,,,,,false,false,12,2015-04-01,2016-03-31,0
2016-01-29,75960,2016-03-31,3,,,,,,,,,,,,,,,,,,,,,,,,,,,,,40.00,,,,,,,false,true,12,2015-04-01,2016-03-31,0
2016-01-29,75960,2016-03-31,3,,,,,,,,,,,,,,,,,,,,,,,,,,,,,,,,,14620000,632663,14130915,false,false,9,2015-04-01,2015-12-31,0
2016-01-29,75960,2015-03-31,3,,,,,,,,,,,,,,,,,,,,,,,,,,,,,,,,,,,14187337,false,false,9,2014-04-01,2014-12-31,-1
2016-05-06,75960,2016-03-31,,30273000000,0.063,,,,,1364000000,0.075,1480000000,-0.098,,1039000000,,73.77,,0.073,0.083,0.045,,17676000000,14113000000,0.790,998.98,13973000000,763000000,584000000,-1161000000,4362000000,,0.542,,,,,,true,false,12,2015-04-01,2016-03-31,0
2016-05-06,75960,2015-03-31,,28478000000,0.071,,,,,1268000000,-0.027,1640000000,0.029,,1143000000,,80.62,,0.081,0.096,0.045,,17975000000,14796000000,0.818,1035.80,14695000000,1314000000,-295000000,-395000000,4178000000,,0.471,,,,,,true,false,12,2014-04-01,2015-03-31,-1
2016-05-06,75960,2017-03-31,,13250000000,-0.068,,,,,500000000,0.142,580000000,0.062,,450000000,,32.17,,,,,,,,,,,,,,,,,,,,,,true,true,6,2016-04-01,2016-09-30,1
2016-05-06,75960,2017-03-31,,28200000000,-0.068,,,,,1320000000,-0.032,1500000000,0.013,,1050000000,,75.07,,,,,,,,,,,,,,,,0.537,,,,,,true,true,12,2016-04-01,2017-03-31,1
2016-05-06,75960,2016-03-31,,24783000000,0.045,,,,,1161000000,0.077,1293000000,-0.114,964000000,,-0.067,68.39,,,,,,16637000000,13961000000,0.837,996.12,13933000000,,,,,40.00,,,,14620000,632663,14095217,false,false,12,2015-04-01,2016-03-31,0
2016-05-06,75960,2015-03-31,,23721000000,0.055,,,,,1078000000,-0.013,1460000000,0.044,1033000000,,0.388,72.86,,,,,,17432000000,14536000000,0.834,1024.58,14536000000,,,,,38.00,,,,14620000,432663,14187337,false,false,12,2014-04-01,2015-03-31,-1
2016-05-06,75960,2017-03-31,,,,,,,,,,,,,,,,,,,,,,,,,,,,,,40.00,,,,,,,false,true,12,2016-04-01,2017-03-31,1
2016-07-29,75960,2017-03-31,1,6547000000,-0.095,,,,,192000000,-0.302,164000000,-0.522,,114000000,,8.22,,,,,,16369000000,13449000000,0.819,964.07,13399000000,,,,,,,,,,,,true,false,3,2016-04-01,2016-06-30,0
2016-07-29,75960,2016-03-31,1,7233000000,0.044,,,,,276000000,-0.243,344000000,-0.146,,286000000,,20.20,,,,,,,,,,,,,,,,,,,,,,true,false,3,2015-04-01,2015-06-30,-1
2016-07-29,75960,2017-03-31,1,13250000000,-0.068,,,,,500000000,0.142,580000000,0.062,,450000000,,32.33,,,,,,,,,,,,,,,,,,,,,,true,true,6,2016-04-01,2016-09-30,0
2016-07-29,75960,2017-03-31,1,28200000000,-0.068,,,,,1320000000,-0.032,1500000000,0.013,,1050000000,,75.60,,,,,,,,,,,,,,,,,,,,,,true,true,12,2016-04-01,2017-03-31,0
2016-07-29,75960,2016-03-31,1,,,,,,,,,,,,,,,,,,,,17676000000,14113000000,0.790,998.98,13973000000,,,,,,,,,,,,true,false,12,2015-04-01,2016-03-31,-1
2016-07-29,75960,2016-03-31,1,,,,,,,,,,,,,,,,,,,,,,,,,,,,,40.00,,,,14620000,632663,,false,false,12,2015-04-01,2016-03-31,-1
2016-07-29,75960,2017-03-31,1,,,,,,,,,,,,,,,,,,,,,,,,,,,,,40.00,,,,,,,false,true,12,2016-04-01,2017-03-31,0
2016-07-29,75960,2017-03-31,1,,,,,,,,,,,,,,,,,,,,,,,,,,,,,,,,,14620000,721363,13970736,false,false,3,2016-04-01,2016-06-30,0
2016-07-29,75960,2016-03-31,1,,,,,,,,,,,,,,,,,,,,,,,,,,,,,,,,,,,14187337,false,false,3,2015-04-01,2015-06-30,-1
2016-10-31,75960,2017-03-31,2,12764000000,-0.102,,,,,301000000,-0.311,273000000,-0.499,,188000000,,13.55,,,,,,16168000000,13343000000,0.823,967.46,13307000000,,,,,,,,,,,,true,false,6,2016-04-01,2016-09-30,0
2016-10-31,75960,2016-03-31,2,14212000000,0.040,,,,,437000000,-0.121,546000000,-0.204,,442000000,,31.22,,,,,,,,,,,,,,,,,,,,,,true,false,6,2015-04-01,2015-09-30,-1
2016-10-31,75960,2017-03-31,2,28200000000,-0.068,,,,,1320000000,-0.032,1500000000,0.013,,1050000000,,75.96,,,,,,,,,,,,,,,,,,,,,,true,true,12,2016-04-01,2017-03-31,0
2016-10-31,75960,2016-03-31,2,,,,,,,,,,,,,,,,,,,,17676000000,14113000000,0.790,998.98,13973000000,,,,,,,,,,,,true,false,12,2015-04-01,2016-03-31,-1
2016-10-31,75960,2016-03-31,2,,,,,,,,,,,,,,,,,,,,,,,,,,,,,40.00,,,,14620000,632663,,false,false,12,2015-04-01,2016-03-31,-1
2016-10-31,75960,2017-03-31,2,,,,,,,,,,,,,,,,,,,,,,,,,,,,,20.00,,,,,,,false,false,12,2016-04-01,2017-03-31,0
2016-10-31,75960,2017-03-31,2,,,,,,,,,,,,,,,,,,,,,,,,,,,,,40.00,,,,,,,false,true,12,2016-04-01,2017-03-31,0
2016-10-31,75960,2017-03-31,2,,,,,,,,,,,,,,,,,,,,,,,,,,,,,,,,,14620000,865263,13899363,false,false,6,2016-04-01,2016-09-30,0
2016-10-31,75960,2016-03-31,2,,,,,,,,,,,,,,,,,,,,,,,,,,,,,,,,,,,14181107,false,false,6,2015-04-01,2015-09-30,-1
2017-01-31,75960,2017-03-31,3,20179000000,-0.109,,,,,744000000,-0.256,814000000,-0.287,,623000000,,45.02,,,,,,17485000000,13882000000,0.792,1007.42,13848000000,,,,,,,,,,,,true,false,9,2016-04-01,2016-12-31,0
2017-01-31,75960,2016-03-31,3,22641000000,0.049,,,,,1000000000,0.072,1142000000,-0.092,,861000000,,60.97,,,,,,,,,,,,,,,,,,,,,,true,false,9,2015-04-01,2015-12-31,-1
2017-01-31,75960,2017-03-31,3,28200000000,-0.068,,,,,1320000000,-0.032,1500000000,0.013,,1050000000,,75.96,,,,,,,,,,,,,,,,,,,,,,true,true,12,2016-04-01,2017-03-31,0
2017-01-31,75960,2016-03-31,3,,,,,,,,,,,,,,,,,,,,17676000000,14113000000,0.790,998.98,13973000000,,,,,,,,,,,,true,false,12,2015-04-01,2016-03-31,-1
2017-01-31,75960,2016-03-31,3,,,,,,,,,,,,,,,,,,,,,,,,,,,,,40.00,,,,14620000,632663,,false,false,12,2015-04-01,2016-03-31,-1
2017-01-31,75960,2017-03-31,3,,,,,,,,,,,,,,,,,,,,,,,,,,,,,20.00,,,,,,,false,false,12,2016-04-01,2017-03-31,0
2017-01-31,75960,2017-03-31,3,,,,,,,,,,,,,,,,,,,,,,,,,,,,,40.00,,,,,,,false,true,12,2016-04-01,2017-03-31,0
2017-01-31,75960,2017-03-31,3,,,,,,,,,,,,,,,,,,,,,,,,,,,,,,,,,14620000,873663,13848338,false,false,9,2016-04-01,2016-12-31,0
2017-01-31,75960,2016-03-31,3,,,,,,,,,,,,,,,,,,,,,,,,,,,,,,,,,,,14130915,false,false,9,2015-04-01,2015-12-31,-1
2017-05-08,75960,2017-03-31,,26775000000,-0.116,,,,,1004000000,-0.264,1066000000,-0.280,,746000000,,54.00,,0.053,0.062,0.037,,16915000000,14025000000,0.828,1018.21,14002000000,1095000000,-1050000000,-861000000,3523000000,,0.741,,,,,,true,false,12,2016-04-01,2017-03-31,0
2017-05-08,75960,2016-03-31,,30273000000,0.063,,,,,1364000000,0.075,1480000000,-0.098,,1039000000,,73.77,,0.073,0.083,0.045,,17676000000,14113000000,0.790,998.98,13973000000,763000000,584000000,-1161000000,4362000000,,0.542,,,,,,true,false,12,2015-04-01,2016-03-31,-1
2017-05-08,75960,2018-03-31,,13300000000,0.042,,,,,290000000,-0.039,340000000,0.241,,270000000,,19.63,,,,,,,,,,,,,,,,,,,,,,true,true,6,2017-04-01,2017-09-30,1
2017-05-08,75960,2018-03-31,,28300000000,0.057,,,,,870000000,-0.134,970000000,-0.090,,750000000,,54.54,,,,,,,,,,,,,,,,0.660,,,,,,true,true,12,2017-04-01,2018-03-31,1
2017-05-08,75960,2017-03-31,,26275000000,0.060,,,,,1025000000,-0.117,1140000000,-0.118,810000000,,-0.159,58.63,,,,,,16686000000,13815000000,0.828,1004.65,13815000000,,,,,40.00,,,,14620000,868063,13823618,false,false,12,2016-04-01,2017-03-31,0
2017-05-08,75960,2016-03-31,,24783000000,0.045,,,,,1161000000,0.077,1293000000,-0.114,964000000,,-0.067,68.39,,,,,,16637000000,13961000000,0.837,996.12,13933000000,,,,,40.00,,,,14620000,632663,14095217,false,false,12,2015-04-01,2016-03-31,-1
2017-05-08,75960,2018-03-31,,,,,,,,,,,,,,,,,,,,,,,,,,,,,,36.00,,,,,,,false,true,12,2017-04-01,2018-03-31,1
2017-07-31,75960,2018-03-31,1,6534000000,-0.002,,,,,160000000,-0.169,171000000,0.044,,128000000,,9.34,,,,,,16414000000,13929000000,0.847,1011.17,13905000000,,,,,,,,,,,,true,false,3,2017-04-01,2017-06-30,0
2017-07-31,75960,2017-03-31,1,6547000000,-0.095,,,,,192000000,-0.302,164000000,-0.522,,114000000,,8.22,,,,,,,,,,,,,,,,,,,,,,true,false,3,2016-04-01,2016-06-30,-1
2017-07-31,75960,2018-03-31,1,13300000000,0.042,,,,,290000000,-0.039,340000000,0.241,,270000000,,19.63,,,,,,,,,,,,,,,,,,,,,,true,true,6,2017-04-01,2017-09-30,0
2017-07-31,75960,2018-03-31,1,28300000000,0.057,,,,,870000000,-0.134,970000000,-0.090,,750000000,,54.54,,,,,,,,,,,,,,,,,,,,,,true,true,12,2017-04-01,2018-03-31,0
2017-07-31,75960,2017-03-31,1,,,,,,,,,,,,,,,,,,,,16915000000,14025000000,0.828,1018.21,14002000000,,,,,,,,,,,,true,false,12,2016-04-01,2017-03-31,-1
2017-07-31,75960,2017-03-31,1,,,,,,,,,,,,,,,,,,,,,,,,,,,,,40.00,,,,14620000,868063,,false,false,12,2016-04-01,2017-03-31,-1
2017-07-31,75960,2018-03-31,1,,,,,,,,,,,,,,,,,,,,,,,,,,,,,36.00,,,,,,,false,true,12,2017-04-01,2018-03-31,0
2017-07-31,75960,2018-03-31,1,,,,,,,,,,,,,,,,,,,,,,,,,,,,,,,,,14620000,868063,13751937,false,false,3,2017-04-01,2017-06-30,0
2017-07-31,75960,2017-03-31,1,,,,,,,,,,,,,,,,,,,,,,,,,,,,,,,,,,,13970736,false,false,3,2016-04-01,2016-06-30,-1
2017-10-31,75960,2018-03-31,2,12764000000,-0.000,,,,,248000000,-0.176,279000000,0.022,,187000000,,13.64,,,,,,16625000000,14042000000,0.843,1019.30,14017000000,,,,,,,,,,,,true,false,6,2017-04-01,2017-09-30,0
2017-10-31,75960,2017-03-31,2,12764000000,-0.102,,,,,301000000,-0.311,273000000,-0.499,,188000000,,13.55,,,,,,,,,,,,,,,,,,,,,,true,false,6,2016-04-01,2016-09-30,-1
2017-10-31,75960,2018-03-31,2,28300000000,0.057,,,,,870000000,-0.134,970000000,-0.090,,750000000,,54.54,,,,,,,,,,,,,,,,,,,,,,true,true,12,2017-04-01,2018-03-31,0
2017-10-31,75960,2017-03-31,2,,,,,,,,,,,,,,,,,,,,16915000000,14025000000,0.828,1018.21,14002000000,,,,,,,,,,,,true,false,12,2016-04-01,2017-03-31,-1
2017-10-31,75960,2017-03-31,2,,,,,,,,,,,,,,,,,,,,,,,,,,,,,40.00,,,,14620000,868063,,false,false,12,2016-04-01,2017-03-31,-1
2017-10-31,75960,2018-03-31,2,,,,,,,,,,,,,,,,,,,,,,,,,,,,,18.00,,,,,,,false,false,12,2017-04-01,2018-03-31,0
2017-10-31,75960,2018-03-31,2,,,,,,,,,,,,,,,,,,,,,,,,,,,,,36.00,,,,,,,false,true,12,2017-04-01,2018-03-31,0
2017-10-31,75960,2018-03-31,2,,,,,,,,,,,,,,,,,,,,,,,,,,,,,,,,,14620000,868063,13751937,false,false,6,2017-04-01,2017-09-30,0
2017-10-31,75960,2017-03-31,2,,,,,,,,,,,,,,,,,,,,,,,,,,,,,,,,,,,13899363,false,false,6,2016-04-01,2016-09-30,-1
2018-01-31,75960,2018-03-31,3,20485000000,0.015,,,,,667000000,-0.103,659000000,-0.190,,478000000,,34.76,,,,,,17608000000,14139000000,0.802,1026.36,14114000000,,,,,,,,,,,,true,false,9,2017-04-01,2017-12-31,0
2018-01-31,75960,2017-03-31,3,20179000000,-0.109,,,,,744000000,-0.256,814000000,-0.287,,623000000,,45.02,,,,,,,,,,,,,,,,,,,,,,true,false,9,2016-04-01,2016-12-31,-1
2018-01-31,75960,2018-03-31,3,28300000000,0.057,,,,,870000000,-0.134,970000000,-0.090,,750000000,,54.54,,,,,,,,,,,,,,,,,,,,,,true,true,12,2017-04-01,2018-03-31,0
2018-01-31,75960,2017-03-31,3,,,,,,,,,,,,,,,,,,,,16915000000,14025000000,0.828,1018.21,14002000000,,,,,,,,,,,,true,false,12,2016-04-01,2017-03-31,-1
2018-01-31,75960,2017-03-31,3,,,,,,,,,,,,,,,,,,,,,,,,,,,,,40.00,,,,14620000,868063,,false,false,12,2016-04-01,2017-03-31,-1
2018-01-31,75960,2018-03-31,3,,,,,,,,,,,,,,,,,,,,,,,,,,,,,18.00,,,,,,,false,false,12,2017-04-01,2018-03-31,0
2018-01-31,75960,2018-03-31,3,,,,,,,,,,,,,,,,,,,,,,,,,,,,,36.00,,,,,,,false,true,12,2017-04-01,2018-03-31,0
2018-01-31,75960,2018-03-31,3,,,,,,,,,,,,,,,,,,,,,,,,,,,,,,,,,14620000,868063,13751937,false,false,9,2017-04-01,2017-12-31,0
2018-01-31,75960,2017-03-31,3,,,,,,,,,,,,,,,,,,,,,,,,,,,,,,,,,,,13848338,false,false,9,2016-04-01,2016-12-31,-1
2018-05-08,75960,2018-03-31,,27517000000,0.028,,,,,928000000,-0.075,119000000,-0.888,,117000000,,8.56,,0.009,0.007,0.034,,17312000000,13791000000,0.797,1002.87,13791000000,647000000,1741000000,-551000000,5323000000,,4.206,,,,,,true,false,12,2017-04-01,2018-03-31,0
2018-05-08,75960,2017-03-31,,26775000000,-0.116,,,,,1004000000,-0.264,1066000000,-0.280,,746000000,,54.00,,0.053,0.062,0.037,,16915000000,14025000000,0.828,1018.21,14002000000,1095000000,-1050000000,-861000000,3523000000,,0.741,,,,,,true,false,12,2016-04-01,2017-03-31,-1
2018-05-08,75960,2019-03-31,,13900000000,0.089,,,,,290000000,0.166,360000000,0.287,,490000000,,35.63,,,,,,,,,,,,,,,,,,,,,,true,true,6,2018-04-01,2018-09-30,1
2018-05-08,75960,2019-03-31,,29200000000,0.061,,,,,770000000,-0.171,900000000,6.525,,750000000,,54.54,,,,,,,,,,,,,,,,0.660,,,,,,true,true,12,2018-04-01,2019-03-31,1
2018-05-08,75960,2018-03-31,,26904000000,0.024,,,,,942000000,-0.081,1065000000,-0.066,198000000,,-0.755,14.42,,,,,,17172000000,13544000000,0.789,984.88,13544000000,,,,,36.00,,,,14620000,868063,13751937,false,false,12,2017-04-01,2018-03-31,0
2018-05-08,75960,2017-03-31,,26275000000,0.060,,,,,1025000000,-0.117,1140000000,-0.118,810000000,,-0.159,58.63,,,,,,16686000000,13815000000,0.828,1004.65,13815000000,,,,,40.00,,,,14620000,868063,13823618,false,false,12,2016-04-01,2017-03-31,-1
2018-05-08,75960,2019-03-31,,,,,,,,,,,,,,,,,,,,,,,,,,,,,,36.00,,,,,,,false,true,12,2018-04-01,2019-03-31,1
2018-07-31,75960,2019-03-31,1,7005000000,0.072,,,,,195000000,0.223,259000000,0.512,,403000000,,29.36,,,,,,17411000000,13971000000,0.802,1015.97,13971000000,,,,,,,,,,,,true,false,3,2018-04-01,2018-06-30,0
2018-07-31,75960,2018-03-31,1,6534000000,-0.002,,,,,160000000,-0.169,171000000,0.044,,128000000,,9.34,,,,,,,,,,,,,,,,,,,,,,true,false,3,2017-04-01,2017-06-30,-1
2018-07-31,75960,2019-03-31,1,13900000000,0.089,,,,,290000000,0.166,360000000,0.287,,490000000,,35.63,,,,,,,,,,,,,,,,,,,,,,true,true,6,2018-04-01,2018-09-30,0
2018-07-31,75960,2019-03-31,1,29200000000,0.061,,,,,770000000,-0.171,900000000,6.525,,750000000,,54.54,,,,,,,,,,,,,,,,,,,,,,true,true,12,2018-04-01,2019-03-31,0
2018-07-31,75960,2018-03-31,1,,,,,,,,,,,,,,,,,,,,17312000000,13791000000,0.797,1002.87,13791000000,,,,,,,,,,,,true,false,12,2017-04-01,2018-03-31,-1
2018-07-31,75960,2018-03-31,1,,,,,,,,,,,,,,,,,,,,,,,,,,,,,36.00,,,,14620000,868063,,false,false,12,2017-04-01,2018-03-31,-1
2018-07-31,75960,2019-03-31,1,,,,,,,,,,,,,,,,,,,,,,,,,,,,,36.00,,,,,,,false,true,12,2018-04-01,2019-03-31,0
2018-07-31,75960,2019-03-31,1,,,,,,,,,,,,,,,,,,,,,,,,,,,,,,,,,14620000,868063,13751937,false,false,3,2018-04-01,2018-06-30,0
2018-07-31,75960,2018-03-31,1,,,,,,,,,,,,,,,,,,,,,,,,,,,,,,,,,,,13751937,false,false,3,2017-04-01,2017-06-30,-1
2018-10-31,75960,2019-03-31,2,13643000000,0.069,,,,,254000000,0.024,594000000,1.125,,596000000,,43.35,,,,,,17158000000,14208000000,0.828,1033.21,14208000000,,,,,,,,,,,,true,false,6,2018-04-01,2018-09-30,0
2018-10-31,75960,2018-03-31,2,12764000000,-0.000,,,,,248000000,-0.176,279000000,0.022,,187000000,,13.64,,,,,,,,,,,,,,,,,,,,,,true,false,6,2017-04-01,2017-09-30,-1
2018-10-31,75960,2019-03-31,2,29200000000,0.061,,,,,770000000,-0.171,900000000,6.525,,750000000,,54.54,,,,,,,,,,,,,,,,,,,,,,true,true,12,2018-04-01,2019-03-31,0
2018-10-31,75960,2018-03-31,2,,,,,,,,,,,,,,,,,,,,17312000000,13791000000,0.797,1002.87,13791000000,,,,,,,,,,,,true,false,12,2017-04-01,2018-03-31,-1
2018-10-31,75960,2018-03-31,2,,,,,,,,,,,,,,,,,,,,,,,,,,,,,36.00,,,,14620000,868063,,false,false,12,2017-04-01,2018-03-31,-1
2018-10-31,75960,2019-03-31,2,,,,,,,,,,,,,,,,,,,,,,,,,,,,,18.00,,,,,,,false,false,12,2018-04-01,2019-03-31,0
2018-10-31,75960,2019-03-31,2,,,,,,,,,,,,,,,,,,,,,,,,,,,,,36.00,,,,,,,false,true,12,2018-04-01,2019-03-31,0
2018-10-31,75960,2019-03-31,2,,,,,,,,,,,,,,,,,,,,,,,,,,,,,,,,,14620000,868063,13751937,false,false,6,2018-04-01,2018-09-30,0
2018-10-31,75960,2018-03-31,2,,,,,,,,,,,,,,,,,,,,,,,,,,,,,,,,,,,13751937,false,false,6,2017-04-01,2017-09-30,-1
2019-01-31,75960,2019-03-31,3,21901000000,0.069,,,,,699000000,0.049,1097000000,0.663,,933000000,,67.89,,,,,,17770000000,14088000000,0.792,1023.78,14078000000,,,,,,,,,,,,true,false,9,2018-04-01,2018-12-31,0
2019-01-31,75960,2018-03-31,3,20485000000,0.015,,,,,667000000,-0.103,659000000,-0.190,,478000000,,34.76,,,,,,,,,,,,,,,,,,,,,,true,false,9,2017-04-01,2017-12-31,-1
2019-01-31,75960,2019-03-31,3,29200000000,0.061,,,,,900000000,-0.031,1300000000,9.869,,950000000,,69.08,,,,,,,,,,,,,,,,,,,,,,true,true,12,2018-04-01,2019-03-31,0
2019-01-31,75960,2018-03-31,3,,,,,,,,,,,,,,,,,,,,17312000000,13791000000,0.797,1002.87,13791000000,,,,,,,,,,,,true,false,12,2017-04-01,2018-03-31,-1
2019-01-31,75960,2018-03-31,3,,,,,,,,,,,,,,,,,,,,,,,,,,,,,36.00,,,,14620000,868063,,false,false,12,2017-04-01,2018-03-31,-1
2019-01-31,75960,2019-03-31,3,,,,,,,,,,,,,,,,,,,,,,,,,,,,,18.00,,,,,,,false,false,12,2018-04-01,2019-03-31,0
2019-01-31,75960,2019-03-31,3,,,,,,,,,,,,,,,,,,,,,,,,,,,,,36.00,,,,,,,false,true,12,2018-04-01,2019-03-31,0
2019-01-31,75960,2019-03-31,3,,,,,,,,,,,,,,,,,,,,,,,,,,,,,,,,,14620000,868063,13751937,false,false,9,2018-04-01,2018-12-31,0
2019-01-31,75960,2018-03-31,3,,,,,,,,,,,,,,,,,,,,,,,,,,,,,,,,,,,13751937,false,false,9,2017-04-01,2017-12-31,-1
2018-07-31,75960,2019-03-31,1,7005000000,0.072,,,,,195000000,0.223,259000000,0.512,,403000000,,29.36,,,,,,17411000000,13971000000,0.802,1015.97,13971000000,,,,,,,,,,,,true,false,3,2018-04-01,2018-06-30,0
2018-07-31,75960,2018-03-31,1,6534000000,-0.002,,,,,160000000,-0.169,171000000,0.044,,128000000,,9.34,,,,,,,,,,,,,,,,,,,,,,true,false,3,2017-04-01,2017-06-30,-1
2018-07-31,75960,2019-03-31,1,13900000000,0.089,,,,,290000000,0.166,360000000,0.287,,490000000,,35.63,,,,,,,,,,,,,,,,,,,,,,true,true,6,2018-04-01,2018-09-30,0
2018-07-31,75960,2019-03-31,1,29200000000,0.061,,,,,770000000,-0.171,900000000,6.525,,750000000,,54.54,,,,,,,,,,,,,,,,,,,,,,true,true,12,2018-04-01,2019-03-31,0
2018-07-31,75960,2018-03-31,1,,,,,,,,,,,,,,,,,,,,17312000000,13791000000,0.797,1002.87,13791000000,,,,,,,,,,,,true,false,12,2017-04-01,2018-03-31,-1
2018-07-31,75960,2018-03-31,1,,,,,,,,,,,,,,,,,,,,,,,,,,,,,36.00,,,,14620000,868063,,false,false,12,2017-04-01,2018-03-31,-1
2018-07-31,75960,2019-03-31,1,,,,,,,,,,,,,,,,,,,,,,,,,,,,,36.00,,,,,,,false,true,12,2018-04-01,2019-03-31,0
2018-07-31,75960,2019-03-31,1,,,,,,,,,,,,,,,,,,,,,,,,,,,,,,,,,14620000,868063,13751937,false,false,3,2018-04-01,2018-06-30,0
2018-07-31,75960,2018-03-31,1,,,,,,,,,,,,,,,,,,,,,,,,,,,,,,,,,,,13751937,false,false,3,2017-04-01,2017-06-30,-1
2018-10-31,75960,2019-03-31,2,13643000000,0.069,,,,,254000000,0.024,594000000,1.125,,596000000,,43.35,,,,,,17158000000,14208000000,0.828,1033.21,14208000000,,,,,,,,,,,,true,false,6,2018-04-01,2018-09-30,0
2018-10-31,75960,2018-03-31,2,12764000000,-0.000,,,,,248000000,-0.176,279000000,0.022,,187000000,,13.64,,,,,,,,,,,,,,,,,,,,,,true,false,6,2017-04-01,2017-09-30,-1
2018-10-31,75960,2019-03-31,2,29200000000,0.061,,,,,770000000,-0.171,900000000,6.525,,750000000,,54.54,,,,,,,,,,,,,,,,,,,,,,true,true,12,2018-04-01,2019-03-31,0
2018-10-31,75960,2018-03-31,2,,,,,,,,,,,,,,,,,,,,17312000000,13791000000,0.797,1002.87,13791000000,,,,,,,,,,,,true,false,12,2017-04-01,2018-03-31,-1
2018-10-31,75960,2018-03-31,2,,,,,,,,,,,,,,,,,,,,,,,,,,,,,36.00,,,,14620000,868063,,false,false,12,2017-04-01,2018-03-31,-1
2018-10-31,75960,2019-03-31,2,,,,,,,,,,,,,,,,,,,,,,,,,,,,,18.00,,,,,,,false,false,12,2018-04-01,2019-03-31,0
2018-10-31,75960,2019-03-31,2,,,,,,,,,,,,,,,,,,,,,,,,,,,,,36.00,,,,,,,false,true,12,2018-04-01,2019-03-31,0
2018-10-31,75960,2019-03-31,2,,,,,,,,,,,,,,,,,,,,,,,,,,,,,,,,,14620000,868063,13751937,false,false,6,2018-04-01,2018-09-30,0
2018-10-31,75960,2018-03-31,2,,,,,,,,,,,,,,,,,,,,,,,,,,,,,,,,,,,13751937,false,false,6,2017-04-01,2017-09-30,-1
2019-01-31,75960,2019-03-31,3,21901000000,0.069,,,,,699000000,0.049,1097000000,0.663,,933000000,,67.89,,,,,,17770000000,14088000000,0.792,1023.78,14078000000,,,,,,,,,,,,true,false,9,2018-04-01,2018-12-31,0
2019-01-31,75960,2018-03-31,3,20485000000,0.015,,,,,667000000,-0.103,659000000,-0.190,,478000000,,34.76,,,,,,,,,,,,,,,,,,,,,,true,false,9,2017-04-01,2017-12-31,-1
2019-01-31,75960,2019-03-31,3,29200000000,0.061,,,,,900000000,-0.031,1300000000,9.869,,950000000,,69.08,,,,,,,,,,,,,,,,,,,,,,true,true,12,2018-04-01,2019-03-31,0
2019-01-31,75960,2018-03-31,3,,,,,,,,,,,,,,,,,,,,17312000000,13791000000,0.797,1002.87,13791000000,,,,,,,,,,,,true,false,12,2017-04-01,2018-03-31,-1
2019-01-31,75960,2018-03-31,3,,,,,,,,,,,,,,,,,,,,,,,,,,,,,36.00,,,,14620000,868063,,false,false,12,2017-04-01,2018-03-31,-1
2019-01-31,75960,2019-03-31,3,,,,,,,,,,,,,,,,,,,,,,,,,,,,,18.00,,,,,,,false,false,12,2018-04-01,2019-03-31,0
2019-01-31,75960,2019-03-31,3,,,,,,,,,,,,,,,,,,,,,,,,,,,,,36.00,,,,,,,false,true,12,2018-04-01,2019-03-31,0
2019-01-31,75960,2019-03-31,3,,,,,,,,,,,,,,,,,,,,,,,,,,,,,,,,,14620000,868063,13751937,false,false,9,2018-04-01,2018-12-31,0
2019-01-31,75960,2018-03-31,3,,,,,,,,,,,,,,,,,,,,,,,,,,,,,,,,,,,13751937,false,false,9,2017-04-01,2017-12-31,-1
2019-05-08,75960,2019-03-31,,29183000000,0.061,,,,,985000000,0.061,1479000000,,,1075000000,,78.20,,0.076,0.085,0.034,,17434000000,14364000000,0.823,1043.84,14354000000,991000000,-1782000000,-485000000,4082000000,,0.460,,,,,,true,false,12,2018-04-01,2019-03-31,0
2019-05-08,75960,2018-03-31,,27517000000,0.028,,,,,928000000,-0.075,119000000,-0.888,,117000000,,8.56,,0.009,0.007,0.034,,17312000000,13791000000,0.797,1002.87,13791000000,647000000,1741000000,-551000000,5323000000,,4.206,,,,,,true,false,12,2017-04-01,2018-03-31,-1
2019-05-08,75960,2020-03-31,,14500000000,0.063,,,,,300000000,0.178,400000000,-0.327,,280000000,,20.36,,,,,,,,,,,,,,,,,,,,,,true,true,6,2019-04-01,2019-09-30,1
2019-05-08,75960,2020-03-31,,30800000000,0.055,,,,,1050000000,0.066,1200000000,-0.189,,780000000,,56.72,,,,,,,,,,,,,,,,0.635,,,,,,true,true,12,2019-04-01,2020-03-31,1
2019-05-08,75960,2019-03-31,,27844000000,0.035,,,,,995000000,0.056,1162000000,0.092,1060000000,,4.347,77.12,,,,,,17178000000,14266000000,0.831,1037.43,14266000000,,,,,36.00,,,,14620000,868063,13751937,false,false,12,2018-04-01,2019-03-31,0
2019-05-08,75960,2018-03-31,,26904000000,0.024,,,,,942000000,-0.081,1065000000,-0.066,198000000,,-0.755,14.42,,,,,,17172000000,13544000000,0.789,984.88,13544000000,,,,,36.00,,,,14620000,868063,13751937,false,false,12,2017-04-01,2018-03-31,-1
2019-05-08,75960,2020-03-31,,,,,,,,,,,,,,,,,,,,,,,,,,,,,,36.00,,,,,,,false,true,12,2019-04-01,2020-03-31,1
2019-07-31,75960,2020-03-31,1,7280000000,0.039,,,,,265000000,0.357,314000000,0.213,,228000000,,16.61,,,,,,17114000000,14316000000,0.836,1040.09,14303000000,,,,,,,,,,,,true,false,3,2019-04-01,2019-06-30,0
2019-07-31,75960,2019-03-31,1,7005000000,0.072,,,,,195000000,0.223,259000000,0.512,,403000000,,29.36,,,,,,,,,,,,,,,,,,,,,,true,false,3,2018-04-01,2018-06-30,-1
2019-07-31,75960,2020-03-31,1,14500000000,0.063,,,,,300000000,0.178,400000000,-0.327,,280000000,,20.36,,,,,,,,,,,,,,,,,,,,,,true,true,6,2019-04-01,2019-09-30,0
2019-07-31,75960,2020-03-31,1,30800000000,0.055,,,,,1050000000,0.066,1200000000,-0.189,,780000000,,56.72,,,,,,,,,,,,,,,,,,,,,,true,true,12,2019-04-01,2020-03-31,0
2019-07-31,75960,2019-03-31,1,,,,,,,,,,,,,,,,,,,,17434000000,14364000000,0.823,1043.84,14354000000,,,,,,,,,,,,true,false,12,2018-04-01,2019-03-31,-1
2019-07-31,75960,2019-03-31,1,,,,,,,,,,,,,,,,,,,,,,,,,,,,,36.00,,,,14620000,868063,,false,false,12,2018-04-01,2019-03-31,-1
2019-07-31,75960,2020-03-31,1,,,,,,,,,,,,,,,,,,,,,,,,,,,,,36.00,,,,,,,false,true,12,2019-04-01,2020-03-31,0
2019-07-31,75960,2020-03-31,1,,,,,,,,,,,,,,,,,,,,,,,,,,,,,,,,,14620000,868063,13751937,false,false,3,2019-04-01,2019-06-30,0
2019-07-31,75960,2019-03-31,1,,,,,,,,,,,,,,,,,,,,,,,,,,,,,,,,,,,13751937,false,false,3,2018-04-01,2018-06-30,-1
2019-11-05,75960,2020-03-31,2,14476000000,0.061,,,,,391000000,0.539,489000000,-0.176,,306000000,,22.28,,,,,,17412000000,14862000000,0.853,1064.64,14847000000,,,,,,,,,,,,true,false,6,2019-04-01,2019-09-30,0
2019-11-05,75960,2019-03-31,2,13643000000,0.069,,,,,254000000,0.024,594000000,1.125,,596000000,,43.35,,,,,,,,,,,,,,,,,,,,,,true,false,6,2018-04-01,2018-09-30,-1
2019-11-05,75960,2020-03-31,2,30800000000,0.055,,,,,1050000000,0.066,1200000000,-0.189,,780000000,,56.27,,,,,,,,,,,,,,,,,,,,,,true,true,12,2019-04-01,2020-03-31,0
2019-11-05,75960,2019-03-31,2,,,,,,,,,,,,,,,,,,,,17434000000,14364000000,0.823,1043.84,14354000000,,,,,,,,,,,,true,false,12,2018-04-01,2019-03-31,-1
2019-11-05,75960,2019-03-31,2,,,,,,,,,,,,,,,,,,,,,,,,,,,,,36.00,,,,14620000,868063,,false,false,12,2018-04-01,2019-03-31,-1
2019-11-05,75960,2020-03-31,2,,,,,,,,,,,,,,,,,,,,,,,,,,,,,18.00,,,,,,,false,false,12,2019-04-01,2020-03-31,0
2019-11-05,75960,2020-03-31,2,,,,,,,,,,,,,,,,,,,,,,,,,,,,,36.00,,,,,,,false,true,12,2019-04-01,2020-03-31,0
2019-11-05,75960,2020-03-31,2,,,,,,,,,,,,,,,,,,,,,,,,,,,,,,,,,14620000,673663,13779557,false,false,6,2019-04-01,2019-09-30,0
2019-11-05,75960,2019-03-31,2,,,,,,,,,,,,,,,,,,,,,,,,,,,,,,,,,,,13751937,false,false,6,2018-04-01,2018-09-30,-1
2020-01-31,75960,2020-03-31,3,23160000000,0.057,,,,,901000000,0.287,1033000000,-0.058,,700000000,,50.61,,,,,,18809000000,15061000000,0.800,1078.79,15045000000,,,,,,,,,,,,true,false,9,2019-04-01,2019-12-31,0
2020-01-31,75960,2019-03-31,3,21901000000,0.069,,,,,699000000,0.049,1097000000,0.663,,933000000,,67.89,,,,,,,,,,,,,,,,,,,,,,true,false,9,2018-04-01,2018-12-31,-1
2020-01-31,75960,2020-03-31,3,30800000000,0.055,,,,,1050000000,0.066,1200000000,-0.189,,780000000,,56.27,,,,,,,,,,,,,,,,,,,,,,true,true,12,2019-04-01,2020-03-31,0
2020-01-31,75960,2019-03-31,3,,,,,,,,,,,,,,,,,,,,17434000000,14364000000,0.823,1043.84,14354000000,,,,,,,,,,,,true,false,12,2018-04-01,2019-03-31,-1
2020-01-31,75960,2019-03-31,3,,,,,,,,,,,,,,,,,,,,,,,,,,,,,36.00,,,,14620000,868063,,false,false,12,2018-04-01,2019-03-31,-1
2020-01-31,75960,2020-03-31,3,,,,,,,,,,,,,,,,,,,,,,,,,,,,,18.00,,,,,,,false,false,12,2019-04-01,2020-03-31,0
2020-01-31,75960,2020-03-31,3,,,,,,,,,,,,,,,,,,,,,,,,,,,,,36.00,,,,,,,false,true,12,2019-04-01,2020-03-31,0
2020-01-31,75960,2020-03-31,3,,,,,,,,,,,,,,,,,,,,,,,,,,,,,,,,,14620000,673663,13835352,false,false,9,2019-04-01,2019-12-31,0
2020-01-31,75960,2019-03-31,3,,,,,,,,,,,,,,,,,,,,,,,,,,,,,,,,,,,13751937,false,false,9,2018-04-01,2018-12-31,-1
2020-05-08,75960,2020-03-31,,30708000000,0.052,,,,,1142000000,0.159,1329000000,-0.102,,798000000,,57.57,,0.056,0.077,0.037,,17073000000,14381000000,0.841,1030.04,14365000000,836000000,834000000,-198000000,5541000000,,0.625,,,,,,true,false,12,2019-04-01,2020-03-31,0
2020-05-08,75960,2019-03-31,,29183000000,0.061,,,,,985000000,0.061,1479000000,,,1075000000,,78.20,,0.076,0.085,0.034,,17434000000,14364000000,0.823,1043.84,14354000000,991000000,-1782000000,-485000000,4082000000,,0.460,,,,,,true,false,12,2018-04-01,2019-03-31,-1
2020-05-08,75960,2020-03-31,,28735000000,0.032,,,,,1121000000,0.127,1291000000,0.111,742000000,,-0.300,53.53,,,,,,16673000000,14264000000,0.855,1022.78,14264000000,,,,,36.00,,,,14620000,673663,13862947,false,false,12,2019-04-01,2020-03-31,0
2020-05-08,75960,2019-03-31,,27844000000,0.035,,,,,995000000,0.056,1162000000,0.092,1060000000,,4.347,77.12,,,,,,17178000000,14266000000,0.831,1037.43,14266000000,,,,,36.00,,,,14620000,868063,13751937,false,false,12,2018-04-01,2019-03-31,-1
2020-07-31,75960,2021-03-31,1,6689000000,-0.081,,,,,266000000,0.002,336000000,0.070,,244000000,,17.50,,,,,,17277000000,14644000000,0.847,1049.14,14631000000,,,,,,,,,,,,true,false,3,2020-04-01,2020-06-30,0
2020-07-31,75960,2020-03-31,1,7280000000,0.039,,,,,265000000,0.357,314000000,0.213,,228000000,,16.61,,,,,,,,,,,,,,,,,,,,,,true,false,3,2019-04-01,2019-06-30,-1
2020-07-31,75960,2021-03-31,1,14000000000,-0.033,,,,,480000000,0.225,600000000,0.225,,410000000,,29.40,,,,,,,,,,,,,,,,,,,,,,true,true,6,2020-04-01,2020-09-30,0
2020-07-31,75960,2021-03-31,1,30800000000,0.003,,,,,1280000000,0.121,1500000000,0.129,,950000000,,68.11,,,,,,,,,,,,,,,,,,,,,,true,true,12,2020-04-01,2021-03-31,0
2020-07-31,75960,2020-03-31,1,,,,,,,,,,,,,,,,,,,,17073000000,14381000000,0.841,1030.04,14365000000,,,,,,,,,,,,true,false,12,2019-04-01,2020-03-31,-1
2020-07-31,75960,2020-03-31,1,,,,,,,,,,,,,,,,,,,,,,,,,,,,,36.00,,,,14620000,673663,,false,false,12,2019-04-01,2020-03-31,-1
2020-07-31,75960,2021-03-31,1,,,,,,,,,,,,,,,,,,,,,,,,,,,,,36.00,,,,,,,false,true,12,2020-04-01,2021-03-31,0
2020-07-31,75960,2021-03-31,1,,,,,,,,,,,,,,,,,,,,,,,,,,,,,,,,,14620000,673663,13946337,false,false,3,2020-04-01,2020-06-30,0
2020-07-31,75960,2020-03-31,1,,,,,,,,,,,,,,,,,,,,,,,,,,,,,,,,,,,13751937,false,false,3,2019-04-01,2019-06-30,-1
2020-10-30,75960,2021-03-31,2,14402000000,-0.005,,,,,442000000,0.128,584000000,0.194,,429000000,,30.78,,,,,,17853000000,14905000000,0.834,1067.69,14892000000,,,,,,,,,,,,true,false,6,2020-04-01,2020-09-30,0
2020-10-30,75960,2020-03-31,2,14476000000,0.061,,,,,391000000,0.539,489000000,-0.176,,306000000,,22.28,,,,,,,,,,,,,,,,,,,,,,true,false,6,2019-04-01,2019-09-30,-1
2020-10-30,75960,2021-03-31,2,30800000000,0.003,,,,,1280000000,0.121,1500000000,0.129,,950000000,,68.11,,,,,,,,,,,,,,,,,,,,,,true,true,12,2020-04-01,2021-03-31,0
2020-10-30,75960,2020-03-31,2,,,,,,,,,,,,,,,,,,,,17073000000,14381000000,0.841,1030.04,14365000000,,,,,,,,,,,,true,false,12,2019-04-01,2020-03-31,-1
2020-10-30,75960,2020-03-31,2,,,,,,,,,,,,,,,,,,,,,,,,,,,,,36.00,,,,14620000,673663,,false,false,12,2019-04-01,2020-03-31,-1
2020-10-30,75960,2021-03-31,2,,,,,,,,,,,,,,,,,,,,,,,,,,,,,18.00,,,,,,,false,false,12,2020-04-01,2021-03-31,0
2020-10-30,75960,2021-03-31,2,,,,,,,,,,,,,,,,,,,,,,,,,,,,,36.00,,,,,,,false,true,12,2020-04-01,2021-03-31,0
2020-10-30,75960,2021-03-31,2,,,,,,,,,,,,,,,,,,,,,,,,,,,,,,,,,14620000,671463,13947191,false,false,6,2020-04-01,2020-09-30,0
2020-10-30,75960,2020-03-31,2,,,,,,,,,,,,,,,,,,,,,,,,,,,,,,,,,,,13779557,false,false,6,2019-04-01,2019-09-30,-1
2021-01-29,75960,2021-03-31,3,23748000000,0.025,,,,,1046000000,0.162,1246000000,0.206,,853000000,,61.16,,,,,,19414000000,15265000000,0.786,1093.56,15253000000,,,,,,,,,,,,true,false,9,2020-04-01,2020-12-31,0
2021-01-29,75960,2020-03-31,3,23160000000,0.057,,,,,901000000,0.287,1033000000,-0.058,,700000000,,50.61,,,,,,,,,,,,,,,,,,,,,,true,false,9,2019-04-01,2019-12-31,-1
2021-01-29,75960,2021-03-31,3,30800000000,0.003,,,,,1280000000,0.121,1500000000,0.129,,950000000,,68.11,,,,,,,,,,,,,,,,,,,,,,true,true,12,2020-04-01,2021-03-31,0
2021-01-29,75960,2020-03-31,3,,,,,,,,,,,,,,,,,,,,17073000000,14381000000,0.841,1030.04,14365000000,,,,,,,,,,,,true,false,12,2019-04-01,2020-03-31,-1
2021-01-29,75960,2020-03-31,3,,,,,,,,,,,,,,,,,,,,,,,,,,,,,36.00,,,,14620000,673663,,false,false,12,2019-04-01,2020-03-31,-1
2021-01-29,75960,2021-03-31,3,,,,,,,,,,,,,,,,,,,,,,,,,,,,,18.00,,,,,,,false,false,12,2020-04-01,2021-03-31,0
2021-01-29,75960,2021-03-31,3,,,,,,,,,,,,,,,,,,,,,,,,,,,,,48.00,,,,,,,false,true,12,2020-04-01,2021-03-31,0
2021-01-29,75960,2021-03-31,3,,,,,,,,,,,,,,,,,,,,,,,,,,,,,,,,,14620000,671463,13947641,false,false,9,2020-04-01,2020-12-31,0
2021-01-29,75960,2020-03-31,3,,,,,,,,,,,,,,,,,,,,,,,,,,,,,,,,,,,13835352,false,false,9,2019-04-01,2019-12-31,-1
,75960,2021-03-31,,,,,,,,,,,,,,,,,,,,,,,,,,,,,,48.00,,,,,,,false,true,12,2020-04-01,2021-03-31,0
,75960,2021-03-31,,,,,,,,,,,,,,,,,,,,,,,,,,,,,,18.00,,,,,,,false,false,12,2020-04-01,2021-03-31,0
,75960,2020-03-31,,,,,,,,,,,,,,,,,,,,,,,,,,,,,,36.00,,,,,,,false,false,12,2019-04-01,2020-03-31,-1
2021-05-07,75960,2021-03-31,,32071000000,0.044,,,,,1366000000,0.197,1668000000,0.255,,919000000,,65.94,,0.061,0.092,0.043,,19167000000,15794000000,0.823,1131.57,15783000000,921000000,160000000,-507000000,6121000000,,0.728,,,,,,true,false,12,2020-04-01,2021-03-31,0
2021-05-07,75960,2020-03-31,,30708000000,0.052,,,,,1142000000,0.159,1329000000,-0.102,,798000000,,57.57,,0.056,0.077,0.037,,17073000000,14381000000,0.841,1030.04,14365000000,836000000,834000000,-198000000,5541000000,,0.625,,,,,,true,false,12,2019-04-01,2020-03-31,-1
2021-05-07,75960,2022-03-31,,15800000000,0.097,,,,,460000000,0.040,630000000,0.078,420000000,,-0.022,30.11,,,,,,,,,,,,,,,,,,,,,,true,true,6,2021-04-01,2021-09-30,1
2021-05-07,75960,2022-03-31,,33500000000,0.045,,,,,1410000000,0.031,1700000000,0.019,980000000,,0.066,70.26,,,,,,,,,,,,,,,,0.512,,,,,,true,true,12,2021-04-01,2022-03-31,1
2021-05-07,75960,2021-03-31,,29244000000,0.018,,,,,1251000000,0.116,1479000000,0.146,767000000,,0.034,55.02,,,,,,18527000000,15521000000,0.838,1112.80,15521000000,,,,,48.00,,,,14620000,671463,13947862,false,false,12,2020-04-01,2021-03-31,0
2021-05-07,75960,2020-03-31,,28735000000,0.032,,,,,1121000000,0.127,1291000000,0.111,742000000,,-0.300,53.53,,,,,,16673000000,14264000000,0.855,1022.78,14264000000,,,,,36.00,,,,14620000,673663,13862947,false,false,12,2019-04-01,2020-03-31,-1
2021-05-07,75960,2022-03-31,,,,,,,,,,,,,,,,,,,,,,,,,,,,,,36.00,,,,,,,false,true,12,2021-04-01,2022-03-31,1
2021-07-30,75960,2022-03-31,1,8045000000,0.203,,,,,368000000,0.384,569000000,0.690,,405000000,,29.05,,,,,,19196000000,16013000000,0.834,1147.35,16003000000,,,,,,,,,,,,true,false,3,2021-04-01,2021-06-30,0
2021-07-30,75960,2021-03-31,1,6689000000,-0.081,,,,,266000000,0.002,336000000,0.070,,244000000,,17.50,,,,,,,,,,,,,,,,,,,,,,true,false,3,2020-04-01,2020-06-30,-1
2021-07-30,75960,2022-03-31,1,16000000000,0.111,,,,,570000000,0.289,850000000,0.454,,580000000,,41.58,,,,,,,,,,,,,,,,,,,,,,true,true,6,2021-04-01,2021-09-30,0
2021-07-30,75960,2022-03-31,1,33500000000,0.045,,,,,1410000000,0.031,1700000000,0.019,,980000000,,70.25,,,,,,,,,,,,,,,,,,,,,,true,true,12,2021-04-01,2022-03-31,0
2021-07-30,75960,2021-03-31,1,,,,,,,,,,,,,,,,,,,,19167000000,15794000000,0.823,1131.57,15783000000,,,,,,,,,,,,true,false,12,2020-04-01,2021-03-31,-1
2021-07-30,75960,2021-03-31,1,,,,,,,,,,,,,,,,,,,,,,,,,,,,,48.00,,,,14620000,671463,,false,false,12,2020-04-01,2021-03-31,-1
2021-07-30,75960,2022-03-31,1,,,,,,,,,,,,,,,,,,,,,,,,,,,,,36.00,,,,,,,false,true,12,2021-04-01,2022-03-31,0
2021-07-30,75960,2022-03-31,1,,,,,,,,,,,,,,,,,,,,,,,,,,,,,,,,,14620000,671463,13948537,false,false,3,2021-04-01,2021-06-30,0
2021-07-30,75960,2021-03-31,1,,,,,,,,,,,,,,,,,,,,,,,,,,,,,,,,,,,13946337,false,false,3,2020-04-01,2020-06-30,-1
2021-10-29,75960,2022-03-31,2,16220000000,0.126,,,,,571000000,0.292,839000000,0.436,,641000000,,45.98,,,,,,20023000000,16237000000,0.810,1163.12,16226000000,,,,,,,,,,,,true,false,6,2021-04-01,2021-09-30,0
2021-10-29,75960,2021-03-31,2,14402000000,-0.005,,,,,442000000,0.128,584000000,0.194,,429000000,,30.78,,,,,,,,,,,,,,,,,,,,,,true,false,6,2020-04-01,2020-09-30,-1
2021-10-29,75960,2022-03-31,2,33500000000,0.045,,,,,1410000000,0.031,1700000000,0.019,,980000000,,70.25,,,,,,,,,,,,,,,,,,,,,,true,true,12,2021-04-01,2022-03-31,0
2021-10-29,75960,2021-03-31,2,,,,,,,,,,,,,,,,,,,,19167000000,15794000000,0.823,1131.57,15783000000,,,,,,,,,,,,true,false,12,2020-04-01,2021-03-31,-1
2021-10-29,75960,2021-03-31,2,,,,,,,,,,,,,,,,,,,,,,,,,,,,,48.00,,,,14620000,671463,,false,false,12,2020-04-01,2021-03-31,-1
2021-10-29,75960,2022-03-31,2,,,,,,,,,,,,,,,,,,,,,,,,,,,,,18.00,,,,,,,false,false,12,2021-04-01,2022-03-31,0
2021-10-29,75960,2022-03-31,2,,,,,,,,,,,,,,,,,,,,,,,,,,,,,36.00,,,,,,,false,true,12,2021-04-01,2022-03-31,0
2021-10-29,75960,2022-03-31,2,,,,,,,,,,,,,,,,,,,,,,,,,,,,,,,,,14620000,669263,13949330,false,false,6,2021-04-01,2021-09-30,0
2021-10-29,75960,2021-03-31,2,,,,,,,,,,,,,,,,,,,,,,,,,,,,,,,,,,,13947191,false,false,6,2020-04-01,2020-09-30,-1
2022-01-31,75960,2022-03-31,3,25884000000,0.090,,,,,1154000000,0.103,1559000000,0.251,,1107000000,,79.39,,,,,,21014000000,16281000000,0.774,1166.15,16268000000,,,,,,,,,,,,true,false,9,2021-04-01,2021-12-31,0
2022-01-31,75960,2021-03-31,3,23748000000,0.025,,,,,1046000000,0.162,1246000000,0.206,,853000000,,61.16,,,,,,,,,,,,,,,,,,,,,,true,false,9,2020-04-01,2020-12-31,-1
2022-01-31,75960,2022-03-31,3,34300000000,0.069,,,,,1410000000,0.031,1870000000,0.121,,1130000000,,81.00,,,,,,,,,,,,,,,,,,,,,,true,true,12,2021-04-01,2022-03-31,0
2022-01-31,75960,2021-03-31,3,,,,,,,,,,,,,,,,,,,,19167000000,15794000000,0.823,1131.57,15783000000,,,,,,,,,,,,true,false,12,2020-04-01,2021-03-31,-1
2022-01-31,75960,2021-03-31,3,,,,,,,,,,,,,,,,,,,,,,,,,,,,,48.00,,,,14620000,671463,,false,false,12,2020-04-01,2021-03-31,-1
2022-01-31,75960,2022-03-31,3,,,,,,,,,,,,,,,,,,,,,,,,,,,,,18.00,,,,,,,false,false,12,2021-04-01,2022-03-31,0
2022-01-31,75960,2022-03-31,3,,,,,,,,,,,,,,,,,,,,,,,,,,,,,48.00,,,,,,,false,true,12,2021-04-01,2022-03-31,0
2022-01-31,75960,2022-03-31,3,,,,,,,,,,,,,,,,,,,,,,,,,,,,,,,,,14620000,669263,13949801,false,false,9,2021-04-01,2021-12-31,0
2022-01-31,75960,2021-03-31,3,,,,,,,,,,,,,,,,,,,,,,,,,,,,,,,,,,,13947641,false,false,9,2020-04-01,2020-12-31,-1
2022-05-06,75960,2022-03-31,,34127000000,0.064,,,,,1452000000,0.062,2056000000,0.233,,1009000000,,72.34,,0.063,0.106,0.043,,19506000000,16180000000,0.829,1158.92,16167000000,1759000000,-201000000,-669000000,7022000000,,0.664,,,,,,true,false,12,2021-04-01,2022-03-31,0
2022-05-06,75960,2021-03-31,,32071000000,0.044,,,,,1366000000,0.197,1668000000,0.255,,919000000,,65.94,,0.061,0.092,0.043,,19167000000,15794000000,0.823,1131.57,15783000000,921000000,160000000,-507000000,6121000000,,0.728,,,,,,true,false,12,2020-04-01,2021-03-31,-1
2022-05-06,75960,2023-03-31,,16800000000,0.036,,,,,550000000,-0.037,670000000,-0.202,440000000,,-0.314,31.54,,,,,,,,,,,,,,,,,,,,,,true,true,6,2022-04-01,2022-09-30,1
2022-05-06,75960,2023-03-31,,35200000000,0.031,,,,,1530000000,0.054,1760000000,-0.144,1140000000,,0.130,81.72,,,,,,,,,,,,,,,,0.587,,,,,,true,true,12,2022-04-01,2023-03-31,1
2022-05-06,75960,2022-03-31,,30559000000,0.045,,,,,1335000000,0.067,1964000000,0.328,958000000,,0.249,68.68,,,,,,18823000000,15867000000,0.843,1137.39,15867000000,,,,,48.00,,,,14620000,669263,13950032,false,false,12,2021-04-01,2022-03-31,0
2022-05-06,75960,2021-03-31,,29244000000,0.018,,,,,1251000000,0.116,1479000000,0.146,767000000,,0.034,55.02,,,,,,18527000000,15521000000,0.838,1112.80,15521000000,,,,,48.00,,,,14620000,671463,13947862,false,false,12,2020-04-01,2021-03-31,-1
2022-05-06,75960,2023-03-31,,,,,,,,,,,,,,,,,,,,,,,,,,,,,,48.00,,,,,,,false,true,12,2022-04-01,2023-03-31,1
2022-07-29,75960,2023-03-31,1,8381000000,0.042,,,,,234000000,-0.365,348000000,-0.388,,227000000,,16.32,,,,,,19472000000,15929000000,0.817,,15916000000,,,,,,,,,,,,true,false,3,2022-04-01,2022-06-30,0
2022-07-29,75960,2022-03-31,1,8045000000,0.203,,,,,368000000,0.384,569000000,0.690,,405000000,,29.05,,,,,,,,,,,,,,,,,,,,,,true,false,3,2021-04-01,2021-06-30,-1
2022-07-29,75960,2023-03-31,1,16000000000,-0.014,,,,,380000000,-0.335,600000000,-0.285,,390000000,,27.95,,,,,,,,,,,,,,,,,,,,,,true,true,6,2022-04-01,2022-09-30,0
2022-07-29,75960,2023-03-31,1,35200000000,0.031,,,,,1300000000,-0.105,1630000000,-0.207,,1050000000,,75.26,,,,,,,,,,,,,,,,,,,,,,true,true,12,2022-04-01,2023-03-31,0
2022-07-29,75960,2022-03-31,1,,,,,,,,,,,,,,,,,,,,19506000000,16180000000,0.829,,16167000000,,,,,,,,,,,,true,false,12,2021-04-01,2022-03-31,-1
2022-07-29,75960,2022-03-31,1,,,,,,,,,,,,,,,,,,,,,,,,,,,,,48.00,,,,14620000,669263,,false,false,12,2021-04-01,2022-03-31,-1
2022-07-29,75960,2023-03-31,1,,,,,,,,,,,,,,,,,,,,,,,,,,,,,48.00,,,,,,,false,true,12,2022-04-01,2023-03-31,0
2022-07-29,75960,2023-03-31,1,,,,,,,,,,,,,,,,,,,,,,,,,,,,,,,,,14620000,669263,13950737,false,false,3,2022-04-01,2022-06-30,0
2022-07-29,75960,2022-03-31,1,,,,,,,,,,,,,,,,,,,,,,,,,,,,,,,,,,,13948537,false,false,3,2021-04-01,2021-06-30,-1
2022-10-31,75960,2023-03-31,2,16123000000,-0.006,,,,,332000000,-0.418,554000000,-0.340,,403000000,,28.92,,,,,,19220000000,16034000000,0.833,,16020000000,,,,,,,,,,,,true,false,6,2022-04-01,2022-09-30,0
2022-10-31,75960,2022-03-31,2,16220000000,0.126,,,,,571000000,0.292,839000000,0.436,,641000000,,45.98,,,,,,,,,,,,,,,,,,,,,,true,false,6,2021-04-01,2021-09-30,-1
2022-10-31,75960,2023-03-31,2,35200000000,0.031,,,,,1300000000,-0.105,1630000000,-0.207,,1050000000,,75.26,,,,,,,,,,,,,,,,,,,,,,true,true,12,2022-04-01,2023-03-31,0
2022-10-31,75960,2022-03-31,2,,,,,,,,,,,,,,,,,,,,19506000000,16180000000,0.829,,16167000000,,,,,,,,,,,,true,false,12,2021-04-01,2022-03-31,-1
2022-10-31,75960,2022-03-31,2,,,,,,,,,,,,,,,,,,,,,,,,,,,,,48.00,,,,14620000,669263,,false,false,12,2021-04-01,2022-03-31,-1
2022-10-31,75960,2023-03-31,2,,,,,,,,,,,,,,,,,,,,,,,,,,,,,24.00,,,,,,,false,false,12,2022-04-01,2023-03-31,0
2022-10-31,75960,2023-03-31,2,,,,,,,,,,,,,,,,,,,,,,,,,,,,,48.00,,,,,,,false,true,12,2022-04-01,2023-03-31,0
2022-10-31,75960,2023-03-31,2,,,,,,,,,,,,,,,,,,,,,,,,,,,,,,,,,14620000,667309,13951449,false,false,6,2022-04-01,2022-09-30,0
2022-10-31,75960,2022-03-31,2,,,,,,,,,,,,,,,,,,,,,,,,,,,,,,,,,,,13949330,false,false,6,2021-04-01,2021-09-30,-1
2023-01-31,75960,2023-03-31,3,25611000000,-0.011,,,,,830000000,-0.281,1075000000,-0.310,,719000000,,51.56,,,,,,20500000000,16203000000,0.790,,16188000000,,,,,,,,,,,,true,false,9,2022-04-01,2022-12-31,0
2023-01-31,75960,2022-03-31,3,25884000000,0.090,,,,,1154000000,0.103,1559000000,0.251,,1107000000,,79.39,,,,,,,,,,,,,,,,,,,,,,true,false,9,2021-04-01,2021-12-31,-1
2023-01-31,75960,2023-03-31,3,35200000000,0.031,,,,,1300000000,-0.105,1630000000,-0.207,,1050000000,,75.26,,,,,,,,,,,,,,,,,,,,,,true,true,12,2022-04-01,2023-03-31,0
2023-01-31,75960,2022-03-31,3,,,,,,,,,,,,,,,,,,,,19506000000,16180000000,0.829,,16167000000,,,,,,,,,,,,true,false,12,2021-04-01,2022-03-31,-1
2023-01-31,75960,2022-03-31,3,,,,,,,,,,,,,,,,,,,,,,,,,,,,,48.00,,,,14620000,669263,,false,false,12,2021-04-01,2022-03-31,-1
2023-01-31,75960,2023-03-31,3,,,,,,,,,,,,,,,,,,,,,,,,,,,,,24.00,,,,,,,false,false,12,2022-04-01,2023-03-31,0
2023-01-31,75960,2023-03-31,3,,,,,,,,,,,,,,,,,,,,,,,,,,,,,48.00,,,,,,,false,true,12,2022-04-01,2023-03-31,0
2023-01-31,75960,2023-03-31,3,,,,,,,,,,,,,,,,,,,,,,,,,,,,,,,,,14620000,667309,13951864,false,false,9,2022-04-01,2022-12-31,0
2023-01-31,75960,2022-03-31,3,,,,,,,,,,,,,,,,,,,,,,,,,,,,,,,,,,,13949801,false,false,9,2021-04-01,2021-12-31,-1
2023-05-08,75960,2023-03-31,,33743000000,-0.011,,,,,1086000000,-0.252,1418000000,-0.310,,803000000,,57.56,,0.049,0.072,0.032,,19688000000,16332000000,0.829,1169.53,16318000000,1130000000,693000000,-753000000,8112000000,,0.834,,,,,,true,false,12,2022-04-01,2023-03-31,0
2023-05-08,75960,2022-03-31,,34127000000,0.064,,,,,1452000000,0.062,2056000000,0.233,,1009000000,,72.34,,0.063,0.106,0.043,,19506000000,16180000000,0.829,1158.92,16167000000,1759000000,-201000000,-669000000,7022000000,,0.664,,,,,,true,false,12,2021-04-01,2022-03-31,-1
2023-05-08,75960,2024-03-31,,16400000000,0.017,,,,,380000000,0.142,480000000,-0.134,310000000,,-0.232,22.22,,,,,,,,,,,,,,,,,,,,,,true,true,6,2023-04-01,2023-09-30,1
2023-05-08,75960,2024-03-31,,35300000000,0.046,,,,,1220000000,0.123,1440000000,0.015,860000000,,0.071,61.64,,,,,,,,,,,,,,,,0.779,,,,,,true,true,12,2023-04-01,2024-03-31,1
2023-05-08,75960,2023-03-31,,29178000000,-0.045,,,,,900000000,-0.326,1290000000,-0.343,725000000,,-0.242,52.03,,,,,,18891000000,15982000000,0.846,1145.49,15982000000,,,,,48.00,,,,14620000,667309,13952068,false,false,12,2022-04-01,2023-03-31,0
2023-05-08,75960,2022-03-31,,30559000000,0.045,,,,,1335000000,0.067,1964000000,0.328,958000000,,0.249,68.68,,,,,,18823000000,15867000000,0.843,1137.39,15867000000,,,,,48.00,,,,14620000,669263,13950032,false,false,12,2021-04-01,2022-03-31,-1
2023-05-08,75960,2024-03-31,,,,,,,,,,,,,,,,,,,,,,,,,,,,,,48.00,,,,,,,false,true,12,2023-04-01,2024-03-31,1
2023-05-08,75960,2023-03-31,,33743000000,-0.011,,,,,1086000000,-0.252,1418000000,-0.310,,803000000,,57.56,,0.049,0.072,0.032,,19688000000,16332000000,0.829,1169.53,16318000000,1102000000,720000000,-753000000,8112000000,,0.834,,,,,,true,false,12,2022-04-01,2023-03-31,0
2023-05-08,75960,2022-03-31,,34127000000,0.064,,,,,1452000000,0.062,2056000000,0.233,,1009000000,,72.34,,0.063,0.106,0.043,,19506000000,16180000000,0.829,1158.92,16167000000,1759000000,-201000000,-669000000,7022000000,,0.664,,,,,,true,false,12,2021-04-01,2022-03-31,-1
2023-05-08,75960,2024-03-31,,16400000000,0.017,,,,,380000000,0.142,480000000,-0.134,310000000,,-0.232,22.22,,,,,,,,,,,,,,,,,,,,,,true,true,6,2023-04-01,2023-09-30,1
2023-05-08,75960,2024-03-31,,35300000000,0.046,,,,,1220000000,0.123,1440000000,0.015,860000000,,0.071,61.64,,,,,,,,,,,,,,,,0.779,,,,,,true,true,12,2023-04-01,2024-03-31,1
2023-05-08,75960,2023-03-31,,29178000000,-0.045,,,,,900000000,-0.326,1290000000,-0.343,725000000,,-0.242,52.03,,,,,,18891000000,15982000000,0.846,1145.49,15982000000,,,,,48.00,,,,14620000,667309,13952068,false,false,12,2022-04-01,2023-03-31,0
2023-05-08,75960,2022-03-31,,30559000000,0.045,,,,,1335000000,0.067,1964000000,0.328,958000000,,0.249,68.68,,,,,,18823000000,15867000000,0.843,1137.39,15867000000,,,,,48.00,,,,14620000,669263,13950032,false,false,12,2021-04-01,2022-03-31,-1
2023-05-08,75960,2024-03-31,,,,,,,,,,,,,,,,,,,,,,,,,,,,,,48.00,,,,,,,false,true,12,2023-04-01,2024-03-31,1
2023-07-31,75960,2024-03-31,1,8057000000,-0.039,,,,,295000000,0.262,441000000,0.265,,320000000,,23.00,,,,,,19901000000,16324000000,0.820,,16310000000,,,,,,,,,,,,true,false,3,2023-04-01,2023-06-30,0
2023-07-31,75960,2023-03-31,1,8381000000,0.042,,,,,234000000,-0.365,348000000,-0.388,,227000000,,16.32,,,,,,,,,,,,,,,,,,,,,,true,false,3,2022-04-01,2022-06-30,-1
2023-07-31,75960,2024-03-31,1,16400000000,0.017,,,,,380000000,0.142,480000000,-0.134,,310000000,,22.22,,,,,,,,,,,,,,,,,,,,,,true,true,6,2023-04-01,2023-09-30,0
2023-07-31,75960,2024-03-31,1,35300000000,0.046,,,,,1220000000,0.123,1440000000,0.015,,860000000,,61.63,,,,,,,,,,,,,,,,,,,,,,true,true,12,2023-04-01,2024-03-31,0
2023-07-31,75960,2023-03-31,1,,,,,,,,,,,,,,,,,,,,19688000000,16332000000,0.829,,16318000000,,,,,,,,,,,,true,false,12,2022-04-01,2023-03-31,-1
2023-07-31,75960,2023-03-31,1,,,,,,,,,,,,,,,,,,,,,,,,,,,,,48.00,,,,14620000,667309,,false,false,12,2022-04-01,2023-03-31,-1
2023-07-31,75960,2024-03-31,1,,,,,,,,,,,,,,,,,,,,,,,,,,,,,48.00,,,,,,,false,true,12,2023-04-01,2024-03-31,0
2023-07-31,75960,2024-03-31,1,,,,,,,,,,,,,,,,,,,,,,,,,,,,,,,,,14620000,667309,13952691,false,false,3,2023-04-01,2023-06-30,0
2023-07-31,75960,2023-03-31,1,,,,,,,,,,,,,,,,,,,,,,,,,,,,,,,,,,,13950737,false,false,3,2022-04-01,2022-06-30,-1
2023-10-31,75960,2024-03-31,2,16358000000,0.015,,,,,458000000,0.378,768000000,0.386,,538000000,,38.56,,,,,,20217000000,16568000000,0.819,,16554000000,,,,,,,,,,,,true,false,6,2023-04-01,2023-09-30,0
2023-10-31,75960,2023-03-31,2,16123000000,-0.006,,,,,332000000,-0.418,554000000,-0.340,,403000000,,28.92,,,,,,,,,,,,,,,,,,,,,,true,false,6,2022-04-01,2022-09-30,-1
2023-10-31,75960,2024-03-31,2,35500000000,0.052,,,,,1430000000,0.316,1820000000,0.283,,1140000000,,81.70,,,,,,,,,,,,,,,,,,,,,,true,true,12,2023-04-01,2024-03-31,0
2023-10-31,75960,2023-03-31,2,,,,,,,,,,,,,,,,,,,,19688000000,16332000000,0.829,,16318000000,,,,,,,,,,,,true,false,12,2022-04-01,2023-03-31,-1
2023-10-31,75960,2023-03-31,2,,,,,,,,,,,,,,,,,,,,,,,,,,,,,48.00,,,,14620000,667309,,false,false,12,2022-04-01,2023-03-31,-1
2023-10-31,75960,2024-03-31,2,,,,,,,,,,,,,,,,,,,,,,,,,,,,,24.00,,,,,,,false,false,12,2023-04-01,2024-03-31,0
2023-10-31,75960,2024-03-31,2,,,,,,,,,,,,,,,,,,,,,,,,,,,,,48.00,,,,,,,false,true,12,2023-04-01,2024-03-31,0
2023-10-31,75960,2024-03-31,2,,,,,,,,,,,,,,,,,,,,,,,,,,,,,,,,,14620000,666309,13953057,false,false,6,2023-04-01,2023-09-30,0
2023-10-31,75960,2023-03-31,2,,,,,,,,,,,,,,,,,,,,,,,,,,,,,,,,,,,13951449,false,false,6,2022-04-01,2022-09-30,-1
2024-01-31,75960,2024-03-31,3,27136000000,0.060,,,,,1307000000,0.574,1627000000,0.513,,1050000000,,75.27,,,,,,22068000000,16793000000,0.760,,16781000000,,,,,,,,,,,,true,false,9,2023-04-01,2023-12-31,0
2024-01-31,75960,2023-03-31,3,25611000000,-0.011,,,,,830000000,-0.281,1075000000,-0.310,,719000000,,51.56,,,,,,,,,,,,,,,,,,,,,,true,false,9,2022-04-01,2022-12-31,-1
2024-01-31,75960,2024-03-31,3,35500000000,0.052,,,,,1430000000,0.316,1820000000,0.283,,1140000000,,81.70,,,,,,,,,,,,,,,,,,,,,,true,true,12,2023-04-01,2024-03-31,0
2024-01-31,75960,2023-03-31,3,,,,,,,,,,,,,,,,,,,,19688000000,16332000000,0.829,,16318000000,,,,,,,,,,,,true,false,12,2022-04-01,2023-03-31,-1
2024-01-31,75960,2023-03-31,3,,,,,,,,,,,,,,,,,,,,,,,,,,,,,48.00,,,,14620000,667309,,false,false,12,2022-04-01,2023-03-31,-1
2024-01-31,75960,2024-03-31,3,,,,,,,,,,,,,,,,,,,,,,,,,,,,,24.00,,,,,,,false,false,12,2023-04-01,2024-03-31,0
2024-01-31,75960,2024-03-31,3,,,,,,,,,,,,,,,,,,,,,,,,,,,,,48.00,,,,,,,false,true,12,2023-04-01,2024-03-31,0
2024-01-31,75960,2024-03-31,3,,,,,,,,,,,,,,,,,,,,,,,,,,,,,,,,,14620000,666309,13953269,false,false,9,2023-04-01,2023-12-31,0
2024-01-31,75960,2023-03-31,3,,,,,,,,,,,,,,,,,,,,,,,,,,,,,,,,,,,13951864,false,false,9,2022-04-01,2022-12-31,-1
2024-05-07,75960,2024-03-31,,36344000000,0.077,,,,,1582000000,0.456,2039000000,0.438,,1361000000,,97.59,,0.081,0.099,0.044,,21398000000,17250000000,0.806,1235.44,17238000000,1925000000,-288000000,-669000000,9089000000,,0.533,,,,,,true,false,12,2023-04-01,2024-03-31,0
2024-05-07,75960,2023-03-31,,33743000000,-0.011,,,,,1086000000,-0.252,1418000000,-0.310,,803000000,,57.56,,0.049,0.072,0.032,,19688000000,16332000000,0.829,1169.53,16318000000,1102000000,720000000,-753000000,8112000000,,0.834,,,,,,true,false,12,2022-04-01,2023-03-31,-1
2024-05-07,75960,2025-03-31,,17200000000,0.051,,,,,520000000,0.135,620000000,-0.193,410000000,,-0.238,29.38,,,,,,,,,,,,,,,,,,,,,,true,true,6,2024-04-01,2024-09-30,1
2024-05-07,75960,2025-03-31,,37600000000,0.035,,,,,1630000000,0.030,1840000000,-0.098,1190000000,,-0.126,85.28,,,,,,,,,,,,,,,,0.610,,,,,,true,true,12,2024-04-01,2025-03-31,1
2024-05-07,75960,2024-03-31,,32198000000,0.104,,,,,1447000000,0.607,1996000000,0.548,1353000000,,0.865,97.00,,,,,,20526000000,16856000000,0.821,1208.03,16856000000,,,,,52.00,,,,14620000,666309,13953374,false,false,12,2023-04-01,2024-03-31,0
2024-05-07,75960,2023-03-31,,29178000000,-0.045,,,,,900000000,-0.326,1290000000,-0.343,725000000,,-0.242,52.03,,,,,,18891000000,15982000000,0.846,1145.49,15982000000,,,,,48.00,,,,14620000,667309,13952068,false,false,12,2022-04-01,2023-03-31,-1
2024-05-07,75960,2025-03-31,,,,,,,,,,,,,,,,,,,,,,,,,,,,,,52.00,,,,,,,false,true,12,2024-04-01,2025-03-31,1
2024-07-31,7596,2025-03-31,1,8698000000,0.080,,,,,360000000,0.221,588000000,0.334,,390000000,,28.00,,,,,,21325000000,17173000000,0.805,,17162000000,,,,,,,,,,,,true,false,3,2024-04-01,2024-06-30,0
2024-07-31,7596,2024-03-31,1,8057000000,-0.039,,,,,295000000,0.262,441000000,0.265,,320000000,,23.00,,,,,,,,,,,,,,,,,,,,,,true,false,3,2023-04-01,2023-06-30,-1
2024-07-31,7596,2025-03-31,1,17200000000,0.051,,,,,540000000,0.178,930000000,0.210,,620000000,,44.43,,,,,,,,,,,,,,,,,,,,,,true,true,6,2024-04-01,2024-09-30,0
2024-07-31,7596,2025-03-31,1,37600000000,0.035,,,,,1630000000,0.030,2030000000,-0.004,,1310000000,,93.88,,,,,,,,,,,,,,,,,,,,,,true,true,12,2024-04-01,2025-03-31,0
2024-07-31,7596,2024-03-31,1,,,,,,,,,,,,,,,,,,,,21398000000,17250000000,0.806,,17238000000,,,,,,,,,,,,true,false,12,2023-04-01,2024-03-31,-1
2024-07-31,7596,2024-03-31,1,,,,,,,,,,,,,,,,,,,,,,,,,,,,,52.00,,,,14620000,666309,,false,false,12,2023-04-01,2024-03-31,-1
2024-07-31,7596,2025-03-31,1,,,,,,,,,,,,,,,,,,,,,,,,,,,,,52.00,,,,,,,false,true,12,2024-04-01,2025-03-31,0
2024-07-31,7596,2025-03-31,1,,,,,,,,,,,,,,,,,,,,,,,,,,,,,,,,,14620000,666309,13953691,false,false,3,2024-04-01,2024-06-30,0
2024-07-31,7596,2024-03-31,1,,,,,,,,,,,,,,,,,,,,,,,,,,,,,,,,,,,13952691,false,false,3,2023-04-01,2023-06-30,-1
2024-10-31,7596,2025-03-31,2,17098000000,0.045,,,,,554000000,0.210,976000000,0.271,,659000000,,47.25,,,,,,20815000000,17240000000,0.828,,17229000000,,,,,,,,,,,,true,false,6,2024-04-01,2024-09-30,0
2024-10-31,7596,2024-03-31,2,16358000000,0.015,,,,,458000000,0.378,768000000,0.386,,538000000,,38.56,,,,,,,,,,,,,,,,,,,,,,true,false,6,2023-04-01,2023-09-30,-1
2024-10-31,7596,2025-03-31,2,37600000000,0.035,,,,,1630000000,0.030,2030000000,-0.004,,1310000000,,93.88,,,,,,,,,,,,,,,,,,,,,,true,true,12,2024-04-01,2025-03-31,0
2024-10-31,7596,2024-03-31,2,,,,,,,,,,,,,,,,,,,,21398000000,17250000000,0.806,,17238000000,,,,,,,,,,,,true,false,12,2023-04-01,2024-03-31,-1
2024-10-31,7596,2024-03-31,2,,,,,,,,,,,,,,,,,,,,,,,,,,,,,52.00,,,,14620000,666309,,false,false,12,2023-04-01,2024-03-31,-1
2024-10-31,7596,2025-03-31,2,,,,,,,,,,,,,,,,,,,,,,,,,,,,,26.00,,,,,,,false,false,12,2024-04-01,2025-03-31,0
2024-10-31,7596,2025-03-31,2,,,,,,,,,,,,,,,,,,,,,,,,,,,,,52.00,,,,,,,false,true,12,2024-04-01,2025-03-31,0
2024-10-31,7596,2025-03-31,2,,,,,,,,,,,,,,,,,,,,,,,,,,,,,,,,,14620000,664809,13954240,false,false,6,2024-04-01,2024-09-30,0
2024-10-31,7596,2024-03-31,2,,,,,,,,,,,,,,,,,,,,,,,,,,,,,,,,,,,13953057,false,false,6,2023-04-01,2023-09-30,-1
2025-01-31,7596,2025-03-31,3,27747000000,0.023,,,,,1235000000,-0.055,1752000000,0.077,,1139000000,,81.63,,,,,,22734000000,17383000000,0.765,,17383000000,,,,,,,,,,,,true,false,9,2024-04-01,2024-12-31,0
2025-01-31,7596,2024-03-31,3,27136000000,0.060,,,,,1307000000,0.574,1627000000,0.513,,1050000000,,75.27,,,,,,,,,,,,,,,,,,,,,,true,false,9,2023-04-01,2023-12-31,-1
2025-01-31,7596,2025-03-31,3,37600000000,0.035,,,,,1630000000,0.030,2030000000,-0.004,,1310000000,,93.88,,,,,,,,,,,,,,,,,,,,,,true,true,12,2024-04-01,2025-03-31,0
2025-01-31,7596,2024-03-31,3,,,,,,,,,,,,,,,,,,,,21398000000,17250000000,0.806,,17238000000,,,,,,,,,,,,true,false,12,2023-04-01,2024-03-31,-1
2025-01-31,7596,2024-03-31,3,,,,,,,,,,,,,,,,,,,,,,,,,,,,,52.00,,,,14620000,666309,,false,false,12,2023-04-01,2024-03-31,-1
2025-01-31,7596,2025-03-31,3,,,,,,,,,,,,,,,,,,,,,,,,,,,,,26.00,,,,,,,false,false,12,2024-04-01,2025-03-31,0
2025-01-31,7596,2025-03-31,3,,,,,,,,,,,,,,,,,,,,,,,,,,,,,52.00,,,,,,,false,true,12,2024-04-01,2025-03-31,0
2025-01-31,7596,2025-03-31,3,,,,,,,,,,,,,,,,,,,,,,,,,,,,,,,,,14620000,664809,13954558,false,false,9,2024-04-01,2024-12-31,0
2025-01-31,7596,2024-03-31,3,,,,,,,,,,,,,,,,,,,,,,,,,,,,,,,,,,,13953269,false,false,9,2023-04-01,2023-12-31,-1
2025-02-25,75960,2025-03-31,,37600000000,0.000,,,,,1630000000,0.000,2030000000,0.000,,1570000000,,112.51,,,,,,,,,,,,,,,,,,,,,,true,true,12,2024-04-01,2025-03-31,0
2025-02-25,75960,2024-03-31,,36344000000,,,,,,1582000000,,2039000000,,,1361000000,,97.59,,,,,,,,,,,,,,,,,,,,,,true,false,12,2023-04-01,2024-03-31,-1
2025-05-08,7596,2025-03-31,,36629000000,0.008,,,,,1493000000,-0.056,2082000000,0.021,,1593000000,,114.22,,0.091,0.094,0.041,,23029000000,17947000000,0.768,1266.89,17679000000,2168000000,589000000,-764000000,11085000000,,0.455,,,,,,true,false,12,2024-04-01,2025-03-31,0
2025-05-08,7596,2024-03-31,,36344000000,0.077,,,,,1582000000,0.456,2039000000,0.438,,1361000000,,97.59,,0.081,0.099,0.044,,21398000000,17250000000,0.806,1235.44,17238000000,1925000000,-288000000,-669000000,9089000000,,0.533,,,,,,true,false,12,2023-04-01,2024-03-31,-1
2025-05-08,7596,2026-03-31,,20600000000,0.205,,,,,490000000,-0.117,610000000,-0.376,,410000000,,29.38,,,,,,,,,,,,,,,,,,,,,,true,true,6,2025-04-01,2025-09-30,1
2025-05-08,7596,2026-03-31,,44300000000,0.209,,,,,1820000000,0.218,2090000000,0.003,,1160000000,,83.12,,,,,,,,,,,,,,,,0.626,,,,,,true,true,12,2025-04-01,2026-03-31,1
2025-05-08,7596,2025-03-31,,33107000000,0.028,,,,,1443000000,-0.003,1968000000,-0.014,1517000000,,0.121,108.77,,,,,,21515000000,17232000000,0.801,1234.82,17232000000,,,,,52.00,,,,14620000,664809,13954714,false,false,12,2024-04-01,2025-03-31,0
2025-05-08,7596,2024-03-31,,32198000000,0.104,,,,,1447000000,0.607,1996000000,0.548,1353000000,,0.865,97.00,,,,,,20526000000,16856000000,0.821,1208.03,16856000000,,,,,52.00,,,,14620000,666309,13953374,false,false,12,2023-04-01,2024-03-31,-1
2025-05-08,7596,2026-03-31,,,,,,,,,,,,,,,,,,,,,,,,,,,,,,52.00,,,,,,,false,true,12,2025-04-01,2026-03-31,1
2025-08-29,7596,2025-03-31,,36629000000,0.008,,,,,1493000000,-0.056,2051000000,0.006,,1428000000,,102.35,,0.082,0.093,0.041,,22963000000,17747000000,0.763,1255.01,17513000000,2168000000,589000000,-764000000,11085000000,,0.508,,,,,,true,false,12,2024-04-01,2025-03-31,0
2025-08-29,7596,2024-03-31,,36344000000,0.077,,,,,1582000000,0.456,2039000000,0.438,,1361000000,,97.59,,0.081,0.099,0.044,,21398000000,17250000000,0.806,1235.44,17238000000,1925000000,-288000000,-669000000,9089000000,,0.533,,,,,,true,false,12,2023-04-01,2024-03-31,-1
2025-08-29,7596,2026-03-31,,20600000000,0.205,,,,,490000000,-0.117,610000000,-0.376,,410000000,,29.38,,,,,,,,,,,,,,,,,,,,,,true,true,6,2025-04-01,2025-09-30,1
2025-08-29,7596,2026-03-31,,44300000000,0.209,,,,,1820000000,0.218,2090000000,0.019,,1160000000,,83.12,,,,,,,,,,,,,,,,0.626,,,,,,true,true,12,2025-04-01,2026-03-31,1
2025-08-29,7596,2025-03-31,,33107000000,0.028,,,,,1443000000,-0.003,1959000000,-0.019,1387000000,,0.025,99.42,,,,,,21518000000,17101000000,0.795,1225.46,17101000000,,,,,52.00,,,,14620000,664809,13954714,false,false,12,2024-04-01,2025-03-31,0
2025-08-29,7596,2024-03-31,,32198000000,0.104,,,,,1447000000,0.607,1996000000,0.548,1353000000,,0.865,97.00,,,,,,20526000000,16856000000,0.821,1208.03,16856000000,,,,,52.00,,,,14620000,666309,13953374,false,false,12,2023-04-01,2024-03-31,-1
2025-08-29,7596,2026-03-31,,,,,,,,,,,,,,,,,,,,,,,,,,,,,,52.00,,,,,,,false,true,12,2025-04-01,2026-03-31,1
