filing_date,code,fiscal_year_end,quarterly_period,net_sales,net_sales_change,revenue,revenue_change,operating_revenue,operating_revenue_change,operating_profit,operating_profit_change,ordinary_profit,ordinary_profit_change,net_income,net_income_of_parent,net_income_change,eps,diluted_eps,roe,roa,operating_profit_to_net_sales,operating_profit_to_revenue,total_assets,net_assets,equity_ratio,bps,owner_equity,operating_cash_flow,investing_cash_flow,financing_cash_flow,cash,dividend_per_share,payout_ratio,commemorative_dividend,extra_dividend,number_of_shares,number_of_treqsury_shares,avg_number_of_shares,is_consolidated,is_forecast,duration,period_start,period_end,period_pos
2015-07-30,76000,2016-03-31,1,3046000000,0.157,,,,,329000000,0.377,281000000,0.418,,181000000,,6.86,,,,,,19778000000,10955000000,0.553,,10940000000,,,,,,,,,,,,true,false,3,2015-04-01,2015-06-30,0
2015-07-30,76000,2015-03-31,1,2632000000,0.285,,,,,239000000,,198000000,,,111000000,,4.23,,,,,,,,,,,,,,,,,,,,,,true,false,3,2014-04-01,2014-06-30,-1
2015-07-30,76000,2016-03-31,1,6100000000,0.147,,,,,500000000,0.015,400000000,-0.013,,200000000,,7.56,,,,,,,,,,,,,,,,,,,,,,true,true,6,2015-04-01,2015-09-30,0
2015-07-30,76000,2016-03-31,1,13300000000,0.122,,,,,1400000000,0.081,1200000000,0.104,,700000000,,26.45,,,,,,,,,,,,,,,,,,,,,,true,true,12,2015-04-01,2016-03-31,0
2015-07-30,76000,2015-03-31,1,,,,,,,,,,,,,,,,,,,,20167000000,10853000000,0.538,,10841000000,,,,,,,,,,,,true,false,12,2014-04-01,2015-03-31,-1
2015-07-30,76000,2015-03-31,1,,,,,,,,,,,,,,,,,,,,,,,,,,,,,5.00,,,,26475880,14535,,false,false,12,2014-04-01,2015-03-31,-1
2015-07-30,76000,2016-03-31,1,,,,,,,,,,,,,,,,,,,,,,,,,,,,,6.00,,,,,,,false,true,12,2015-04-01,2016-03-31,0
2015-07-30,76000,2016-03-31,1,,,,,,,,,,,,,,,,,,,,,,,,,,,,,,,,,26475880,14535,26461345,false,false,3,2015-04-01,2015-06-30,0
2015-07-30,76000,2015-03-31,1,,,,,,,,,,,,,,,,,,,,,,,,,,,,,,,,,,,26461506,false,false,3,2014-04-01,2014-06-30,-1
2015-10-13,76000,2016-03-31,,6170000000,0.011,,,,,690000000,0.380,590000000,0.475,330000000,,0.650,12.47,,,,,,,,,,,,,,,,,,,,,,true,true,6,2015-04-01,2015-09-30,0
2015-10-13,76000,2015-03-31,,5319000000,,,,,,492000000,,405000000,,215000000,,,8.15,,,,,,,,,,,,,,,,,,,,,,true,false,6,2014-04-01,2014-09-30,-1
2015-10-13,76000,2016-03-31,,13350000000,0.004,,,,,1600000000,0.143,1400000000,0.167,730000000,,0.043,27.58,,,,,,,,,,,,,,,,,,,,,,true,true,12,2015-04-01,2016-03-31,0
2015-10-13,76000,2015-03-31,,11855000000,,,,,,1295000000,,1086000000,,-391000000,,,-14.80,,,,,,,,,,,,,,,,,,,,,,true,false,12,2014-04-01,2015-03-31,-1
2015-10-30,76000,2016-03-31,2,6172000000,0.160,,,,,691000000,0.405,596000000,0.472,,333000000,,12.60,,,,,,20723000000,11056000000,0.533,,11041000000,,,,,,,,,,,,true,false,6,2015-04-01,2015-09-30,0
2015-10-30,76000,2015-03-31,2,5319000000,0.276,,,,,492000000,,405000000,,,215000000,,8.15,,,,,,,,,,,,,,,,,,,,,,true,false,6,2014-04-01,2014-09-30,-1
2015-10-30,76000,2016-03-31,2,13350000000,0.126,,,,,1600000000,0.235,1400000000,0.288,,730000000,,27.58,,,,,,,,,,,,,,,,,,,,,,true,true,12,2015-04-01,2016-03-31,0
2015-10-30,76000,2015-03-31,2,,,,,,,,,,,,,,,,,,,,20167000000,10853000000,0.538,,10841000000,,,,,,,,,,,,true,false,12,2014-04-01,2015-03-31,-1
2015-10-30,76000,2015-03-31,2,,,,,,,,,,,,,,,,,,,,,,,,,,,,,5.00,,,,26475880,14535,,false,false,12,2014-04-01,2015-03-31,-1
2015-10-30,76000,2016-03-31,2,,,,,,,,,,,,,,,,,,,,,,,,,,,,,0.00,,,,,,,false,false,12,2015-04-01,2016-03-31,0
2015-10-30,76000,2016-03-31,2,,,,,,,,,,,,,,,,,,,,,,,,,,,,,6.00,,,,,,,false,true,12,2015-04-01,2016-03-31,0
2015-10-30,76000,2016-03-31,2,,,,,,,,,,,,,,,,,,,,,,,,,,,,,,,,,26475880,14545,26461341,false,false,6,2015-04-01,2015-09-30,0
2015-10-30,76000,2015-03-31,2,,,,,,,,,,,,,,,,,,,,,,,,,,,,,,,,,,,26461482,false,false,6,2014-04-01,2014-09-30,-1
2016-01-29,76000,2016-03-31,3,9472000000,0.117,,,,,1216000000,0.181,1083000000,0.231,,649000000,,24.54,,,,,,20523000000,11381000000,0.554,,11365000000,,,,,,,,,,,,true,false,9,2015-04-01,2015-12-31,0
2016-01-29,76000,2015-03-31,3,8478000000,0.272,,,,,1030000000,2.324,879000000,4.384,,509000000,,19.25,,,,,,,,,,,,,,,,,,,,,,true,false,9,2014-04-01,2014-12-31,-1
2016-01-29,76000,2016-03-31,3,13350000000,0.126,,,,,1600000000,0.235,1400000000,0.288,,730000000,,27.58,,,,,,,,,,,,,,,,,,,,,,true,true,12,2015-04-01,2016-03-31,0
2016-01-29,76000,2015-03-31,3,,,,,,,,,,,,,,,,,,,,20167000000,10853000000,0.538,,10841000000,,,,,,,,,,,,true,false,12,2014-04-01,2015-03-31,-1
2016-01-29,76000,2015-03-31,3,,,,,,,,,,,,,,,,,,,,,,,,,,,,,5.00,,,,26475880,14535,,false,false,12,2014-04-01,2015-03-31,-1
2016-01-29,76000,2016-03-31,3,,,,,,,,,,,,,,,,,,,,,,,,,,,,,0.00,,,,,,,false,false,12,2015-04-01,2016-03-31,0
2016-01-29,76000,2016-03-31,3,,,,,,,,,,,,,,,,,,,,,,,,,,,,,6.00,,,,,,,false,true,12,2015-04-01,2016-03-31,0
2016-01-29,76000,2016-03-31,3,,,,,,,,,,,,,,,,,,,,,,,,,,,,,,,,,26475880,14609,26461320,false,false,9,2015-04-01,2015-12-31,0
2016-01-29,76000,2015-03-31,3,,,,,,,,,,,,,,,,,,,,,,,,,,,,,,,,,,,26461449,false,false,9,2014-04-01,2014-12-31,-1
2016-04-28,76000,2016-03-31,,13024000000,0.099,,,,,1707000000,0.318,1536000000,0.414,,800000000,,30.25,,0.072,0.076,0.131,,20132000000,11330000000,0.562,427.69,11317000000,1566000000,-1591000000,-239000000,1870000000,,0.198,,,,,,true,false,12,2015-04-01,2016-03-31,0
2016-04-28,76000,2015-03-31,,11855000000,0.253,,,,,1295000000,0.959,1086000000,1.285,,-391000000,,-14.80,,-0.036,0.055,0.109,,20167000000,10853000000,0.538,409.70,10841000000,1967000000,-1058000000,-864000000,2138000000,,,,,,,,true,false,12,2014-04-01,2015-03-31,-1
2016-04-28,76000,2017-03-31,,6500000000,0.053,,,,,600000000,-0.133,530000000,-0.112,,300000000,,11.34,,,,,,,,,,,,,,,,,,,,,,true,true,6,2016-04-01,2016-09-30,1
2016-04-28,76000,2017-03-31,,14000000000,0.075,,,,,1800000000,0.054,1650000000,0.074,,1000000000,,37.79,,,,,,,,,,,,,,,,0.185,,,,,,true,true,12,2016-04-01,2017-03-31,1
2016-04-28,76000,2016-03-31,,8733000000,0.071,,,,,993000000,0.807,1019000000,0.757,573000000,,,21.68,,,,,,15536000000,11376000000,0.732,429.94,11376000000,,,,,6.00,,,,26475880,14609,26461309,false,false,12,2015-04-01,2016-03-31,0
2016-04-28,76000,2015-03-31,,8151000000,0.221,,,,,549000000,1.961,580000000,1.842,-719000000,,,-27.19,,,,,,15078000000,10986000000,0.729,415.19,10986000000,,,,,5.00,,,,26475880,14535,26461426,false,false,12,2014-04-01,2015-03-31,-1
2016-04-28,76000,2017-03-31,,,,,,,,,,,,,,,,,,,,,,,,,,,,,,7.00,,,,,,,false,true,12,2016-04-01,2017-03-31,1
2016-07-29,76000,2017-03-31,1,3229000000,0.060,,,,,341000000,0.035,328000000,0.166,,210000000,,7.94,,,,,,19356000000,11103000000,0.573,,11092000000,,,,,,,,,,,,true,false,3,2016-04-01,2016-06-30,0
2016-07-29,76000,2016-03-31,1,3046000000,0.157,,,,,329000000,0.377,281000000,0.418,,181000000,,6.86,,,,,,,,,,,,,,,,,,,,,,true,false,3,2015-04-01,2015-06-30,-1
2016-07-29,76000,2017-03-31,1,6500000000,0.053,,,,,600000000,-0.133,530000000,-0.112,,300000000,,11.34,,,,,,,,,,,,,,,,,,,,,,true,true,6,2016-04-01,2016-09-30,0
2016-07-29,76000,2017-03-31,1,14000000000,0.075,,,,,1800000000,0.054,1650000000,0.074,,1000000000,,37.79,,,,,,,,,,,,,,,,,,,,,,true,true,12,2016-04-01,2017-03-31,0
2016-07-29,76000,2016-03-31,1,,,,,,,,,,,,,,,,,,,,20132000000,11330000000,0.562,,11317000000,,,,,,,,,,,,true,false,12,2015-04-01,2016-03-31,-1
2016-07-29,76000,2016-03-31,1,,,,,,,,,,,,,,,,,,,,,,,,,,,,,6.00,,,,26475880,14609,,false,false,12,2015-04-01,2016-03-31,-1
2016-07-29,76000,2017-03-31,1,,,,,,,,,,,,,,,,,,,,,,,,,,,,,7.00,,,,,,,false,true,12,2016-04-01,2017-03-31,0
2016-07-29,76000,2017-03-31,1,,,,,,,,,,,,,,,,,,,,,,,,,,,,,,,,,26475880,14651,26461240,false,false,3,2016-04-01,2016-06-30,0
2016-07-29,76000,2016-03-31,1,,,,,,,,,,,,,,,,,,,,,,,,,,,,,,,,,,,26461345,false,false,3,2015-04-01,2015-06-30,-1
2016-10-12,76000,2017-03-31,,6390000000,-0.017,,,,,860000000,0.433,750000000,0.415,480000000,,0.600,18.14,,,,,,,,,,,,,,,,,,,,,,true,true,6,2016-04-01,2016-09-30,0
2016-10-12,76000,2016-03-31,,6172000000,,,,,,691000000,,596000000,,333000000,,,12.60,,,,,,,,,,,,,,,,,,,,,,true,false,6,2015-04-01,2015-09-30,-1
2016-10-31,76000,2017-03-31,2,6396000000,0.036,,,,,861000000,0.244,757000000,0.270,,480000000,,18.15,,,,,,19902000000,11291000000,0.567,,11278000000,,,,,,,,,,,,true,false,6,2016-04-01,2016-09-30,0
2016-10-31,76000,2016-03-31,2,6172000000,0.160,,,,,691000000,0.405,596000000,0.472,,333000000,,12.60,,,,,,,,,,,,,,,,,,,,,,true,false,6,2015-04-01,2015-09-30,-1
2016-10-31,76000,2017-03-31,2,14000000000,0.075,,,,,1800000000,0.054,1650000000,0.074,,1000000000,,37.79,,,,,,,,,,,,,,,,,,,,,,true,true,12,2016-04-01,2017-03-31,0
2016-10-31,76000,2016-03-31,2,,,,,,,,,,,,,,,,,,,,20132000000,11330000000,0.562,,11317000000,,,,,,,,,,,,true,false,12,2015-04-01,2016-03-31,-1
2016-10-31,76000,2016-03-31,2,,,,,,,,,,,,,,,,,,,,,,,,,,,,,6.00,,,,26475880,14609,,false,false,12,2015-04-01,2016-03-31,-1
2016-10-31,76000,2017-03-31,2,,,,,,,,,,,,,,,,,,,,,,,,,,,,,0.00,,,,,,,false,false,12,2016-04-01,2017-03-31,0
2016-10-31,76000,2017-03-31,2,,,,,,,,,,,,,,,,,,,,,,,,,,,,,7.00,,,,,,,false,true,12,2016-04-01,2017-03-31,0
2016-10-31,76000,2017-03-31,2,,,,,,,,,,,,,,,,,,,,,,,,,,,,,,,,,26475880,77097,26452308,false,false,6,2016-04-01,2016-09-30,0
2016-10-31,76000,2016-03-31,2,,,,,,,,,,,,,,,,,,,,,,,,,,,,,,,,,,,26461341,false,false,6,2015-04-01,2015-09-30,-1
2017-01-31,76000,2017-03-31,3,9901000000,0.045,,,,,1472000000,0.210,1340000000,0.237,,845000000,,32.00,,,,,,21846000000,12137000000,0.555,,12116000000,,,,,,,,,,,,true,false,9,2016-04-01,2016-12-31,0
2017-01-31,76000,2016-03-31,3,9472000000,0.117,,,,,1216000000,0.181,1083000000,0.231,,649000000,,24.54,,,,,,,,,,,,,,,,,,,,,,true,false,9,2015-04-01,2015-12-31,-1
2017-01-31,76000,2017-03-31,3,14000000000,0.075,,,,,1800000000,0.054,1650000000,0.074,,1000000000,,37.79,,,,,,,,,,,,,,,,,,,,,,true,true,12,2016-04-01,2017-03-31,0
2017-01-31,76000,2016-03-31,3,,,,,,,,,,,,,,,,,,,,20132000000,11330000000,0.562,,11317000000,,,,,,,,,,,,true,false,12,2015-04-01,2016-03-31,-1
2017-01-31,76000,2016-03-31,3,,,,,,,,,,,,,,,,,,,,,,,,,,,,,6.00,,,,26475880,14609,,false,false,12,2015-04-01,2016-03-31,-1
2017-01-31,76000,2017-03-31,3,,,,,,,,,,,,,,,,,,,,,,,,,,,,,0.00,,,,,,,false,false,12,2016-04-01,2017-03-31,0
2017-01-31,76000,2017-03-31,3,,,,,,,,,,,,,,,,,,,,,,,,,,,,,7.00,,,,,,,false,true,12,2016-04-01,2017-03-31,0
2017-01-31,76000,2017-03-31,3,,,,,,,,,,,,,,,,,,,,,,,,,,,,,,,,,26475880,77107,26436247,false,false,9,2016-04-01,2016-12-31,0
2017-01-31,76000,2016-03-31,3,,,,,,,,,,,,,,,,,,,,,,,,,,,,,,,,,,,26461320,false,false,9,2015-04-01,2015-12-31,-1
2017-04-28,76000,2017-03-31,,13629000000,0.046,,,,,1909000000,0.118,1747000000,0.137,,1130000000,,42.78,,0.096,0.084,0.140,,21537000000,12288000000,0.570,464.72,12267000000,2038000000,-1078000000,-39000000,2793000000,,0.164,,,,,,true,false,12,2016-04-01,2017-03-31,0
2017-04-28,76000,2016-03-31,,13024000000,0.099,,,,,1707000000,0.318,1536000000,0.414,,800000000,,30.25,,0.072,0.076,0.131,,20132000000,11330000000,0.562,427.69,11317000000,1566000000,-1591000000,-239000000,1870000000,,0.198,,,,,,true,false,12,2015-04-01,2016-03-31,-1
2017-04-28,76000,2018-03-31,,6850000000,0.071,,,,,900000000,0.045,830000000,0.096,,500000000,,18.92,,,,,,,,,,,,,,,,,,,,,,true,true,6,2017-04-01,2017-09-30,1
2017-04-28,76000,2018-03-31,,14800000000,0.086,,,,,2200000000,0.152,2100000000,0.202,,1300000000,,49.19,,,,,,,,,,,,,,,,0.163,,,,,,true,true,12,2017-04-01,2018-03-31,1
2017-04-28,76000,2017-03-31,,9063000000,0.038,,,,,1062000000,0.070,1129000000,0.107,730000000,,0.274,27.65,,,,,,15977000000,11946000000,0.748,452.54,11946000000,,,,,7.00,,,,26475880,77107,26427599,false,false,12,2016-04-01,2017-03-31,0
2017-04-28,76000,2016-03-31,,8733000000,0.071,,,,,993000000,0.807,1019000000,0.757,573000000,,,21.68,,,,,,15536000000,11376000000,0.732,429.94,11376000000,,,,,6.00,,,,26475880,14609,26461309,false,false,12,2015-04-01,2016-03-31,-1
2017-04-28,76000,2018-03-31,,,,,,,,,,,,,,,,,,,,,,,,,,,,,,8.00,,,,,,,false,true,12,2017-04-01,2018-03-31,1
2017-07-31,76000,2018-03-31,1,3369000000,0.043,,,,,459000000,0.346,452000000,0.380,,280000000,,10.61,,,,,,20950000000,12381000000,0.590,,12359000000,,,,,,,,,,,,true,false,3,2017-04-01,2017-06-30,0
2017-07-31,76000,2017-03-31,1,3229000000,0.060,,,,,341000000,0.035,328000000,0.166,,210000000,,7.94,,,,,,,,,,,,,,,,,,,,,,true,false,3,2016-04-01,2016-06-30,-1
2017-07-31,76000,2018-03-31,1,6850000000,0.071,,,,,900000000,0.045,830000000,0.096,,500000000,,18.92,,,,,,,,,,,,,,,,,,,,,,true,true,6,2017-04-01,2017-09-30,0
2017-07-31,76000,2018-03-31,1,14800000000,0.086,,,,,2200000000,0.152,2100000000,0.202,,1300000000,,49.19,,,,,,,,,,,,,,,,,,,,,,true,true,12,2017-04-01,2018-03-31,0
2017-07-31,76000,2017-03-31,1,,,,,,,,,,,,,,,,,,,,21537000000,12288000000,0.570,,12267000000,,,,,,,,,,,,true,false,12,2016-04-01,2017-03-31,-1
2017-07-31,76000,2017-03-31,1,,,,,,,,,,,,,,,,,,,,,,,,,,,,,7.00,,,,26475880,77107,,false,false,12,2016-04-01,2017-03-31,-1
2017-07-31,76000,2018-03-31,1,,,,,,,,,,,,,,,,,,,,,,,,,,,,,8.00,,,,,,,false,true,12,2017-04-01,2018-03-31,0
2017-07-31,76000,2018-03-31,1,,,,,,,,,,,,,,,,,,,,,,,,,,,,,,,,,26475880,77107,26398773,false,false,3,2017-04-01,2017-06-30,0
2017-07-31,76000,2017-03-31,1,,,,,,,,,,,,,,,,,,,,,,,,,,,,,,,,,,,26461240,false,false,3,2016-04-01,2016-06-30,-1
2017-10-31,76000,2018-03-31,2,6614000000,0.034,,,,,814000000,-0.055,782000000,0.033,,487000000,,18.46,,,,,,20646000000,12610000000,0.610,,12587000000,,,,,,,,,,,,true,false,6,2017-04-01,2017-09-30,0
2017-10-31,76000,2017-03-31,2,6396000000,0.036,,,,,861000000,0.244,757000000,0.270,,480000000,,18.15,,,,,,,,,,,,,,,,,,,,,,true,false,6,2016-04-01,2016-09-30,-1
2017-10-31,76000,2018-03-31,2,14800000000,0.086,,,,,2200000000,0.152,2100000000,0.202,,1300000000,,49.19,,,,,,,,,,,,,,,,,,,,,,true,true,12,2017-04-01,2018-03-31,0
2017-10-31,76000,2017-03-31,2,,,,,,,,,,,,,,,,,,,,21537000000,12288000000,0.570,,12267000000,,,,,,,,,,,,true,false,12,2016-04-01,2017-03-31,-1
2017-10-31,76000,2017-03-31,2,,,,,,,,,,,,,,,,,,,,,,,,,,,,,7.00,,,,26475880,77107,,false,false,12,2016-04-01,2017-03-31,-1
2017-10-31,76000,2018-03-31,2,,,,,,,,,,,,,,,,,,,,,,,,,,,,,0.00,,,,,,,false,false,12,2017-04-01,2018-03-31,0
2017-10-31,76000,2018-03-31,2,,,,,,,,,,,,,,,,,,,,,,,,,,,,,8.00,,,,,,,false,true,12,2017-04-01,2018-03-31,0
2017-10-31,76000,2018-03-31,2,,,,,,,,,,,,,,,,,,,,,,,,,,,,,,,,,26475880,74334,26399565,false,false,6,2017-04-01,2017-09-30,0
2017-10-31,76000,2017-03-31,2,,,,,,,,,,,,,,,,,,,,,,,,,,,,,,,,,,,26452308,false,false,6,2016-04-01,2016-09-30,-1
2018-01-31,76000,2018-03-31,3,10645000000,0.075,,,,,1517000000,0.030,1468000000,0.096,,973000000,,36.87,,,,,,20894000000,13104000000,0.626,,13077000000,,,,,,,,,,,,true,false,9,2017-04-01,2017-12-31,0
2018-01-31,76000,2017-03-31,3,9901000000,0.045,,,,,1472000000,0.210,1340000000,0.237,,845000000,,32.00,,,,,,,,,,,,,,,,,,,,,,true,false,9,2016-04-01,2016-12-31,-1
2018-01-31,76000,2018-03-31,3,14800000000,0.086,,,,,2200000000,0.152,2100000000,0.202,,1300000000,,49.19,,,,,,,,,,,,,,,,,,,,,,true,true,12,2017-04-01,2018-03-31,0
2018-01-31,76000,2017-03-31,3,,,,,,,,,,,,,,,,,,,,21537000000,12288000000,0.570,,12267000000,,,,,,,,,,,,true,false,12,2016-04-01,2017-03-31,-1
2018-01-31,76000,2017-03-31,3,,,,,,,,,,,,,,,,,,,,,,,,,,,,,7.00,,,,26475880,77107,,false,false,12,2016-04-01,2017-03-31,-1
2018-01-31,76000,2018-03-31,3,,,,,,,,,,,,,,,,,,,,,,,,,,,,,0.00,,,,,,,false,false,12,2017-04-01,2018-03-31,0
2018-01-31,76000,2018-03-31,3,,,,,,,,,,,,,,,,,,,,,,,,,,,,,8.00,,,,,,,false,true,12,2017-04-01,2018-03-31,0
2018-01-31,76000,2018-03-31,3,,,,,,,,,,,,,,,,,,,,,,,,,,,,,,,,,26475880,74476,26400121,false,false,9,2017-04-01,2017-12-31,0
2018-01-31,76000,2017-03-31,3,,,,,,,,,,,,,,,,,,,,,,,,,,,,,,,,,,,26436247,false,false,9,2016-04-01,2016-12-31,-1
2018-04-27,76000,2018-03-31,,14807000000,0.086,,,,,2045000000,0.071,1964000000,0.124,,1425000000,,53.99,,0.112,0.093,0.138,,20870000000,13263000000,0.634,501.24,13233000000,2562000000,-1016000000,-1875000000,2457000000,,0.148,,,,,,true,false,12,2017-04-01,2018-03-31,0
2018-04-27,76000,2017-03-31,,13629000000,0.046,,,,,1909000000,0.118,1747000000,0.137,,1130000000,,42.78,,0.096,0.084,0.140,,21537000000,12288000000,0.570,464.72,12267000000,2038000000,-1078000000,-39000000,2793000000,,0.164,,,,,,true,false,12,2016-04-01,2017-03-31,-1
2018-04-27,76000,2019-03-31,,7250000000,0.096,,,,,820000000,0.007,740000000,-0.054,,490000000,,18.56,,,,,,,,,,,,,,,,,,,,,,true,true,6,2018-04-01,2018-09-30,1
2018-04-27,76000,2019-03-31,,15750000000,0.064,,,,,2250000000,0.100,2100000000,0.069,,1500000000,,56.82,,,,,,,,,,,,,,,,0.158,,,,,,true,true,12,2018-04-01,2019-03-31,1
2018-04-27,76000,2018-03-31,,9545000000,0.053,,,,,959000000,-0.096,1055000000,-0.065,711000000,,-0.026,26.95,,,,,,15884000000,12462000000,0.785,472.06,12462000000,,,,,8.00,,,,26475880,74518,26400409,false,false,12,2017-04-01,2018-03-31,0
2018-04-27,76000,2017-03-31,,9063000000,0.038,,,,,1062000000,0.070,1129000000,0.107,730000000,,0.274,27.65,,,,,,15977000000,11946000000,0.748,452.54,11946000000,,,,,7.00,,,,26475880,77107,26427599,false,false,12,2016-04-01,2017-03-31,-1
2018-04-27,76000,2019-03-31,,,,,,,,,,,,,,,,,,,,,,,,,,,,,,9.00,,,,,,,false,true,12,2018-04-01,2019-03-31,1
2018-07-31,76000,2019-03-31,1,3763000000,0.117,,,,,458000000,-0.003,440000000,-0.027,,316000000,,11.98,,,,,,21208000000,13535000000,0.637,,13502000000,,,,,,,,,,,,true,false,3,2018-04-01,2018-06-30,0
2018-07-31,76000,2018-03-31,1,3369000000,0.043,,,,,459000000,0.346,452000000,0.380,,280000000,,10.61,,,,,,,,,,,,,,,,,,,,,,true,false,3,2017-04-01,2017-06-30,-1
2018-07-31,76000,2019-03-31,1,7250000000,0.096,,,,,820000000,0.007,740000000,-0.054,,490000000,,18.56,,,,,,,,,,,,,,,,,,,,,,true,true,6,2018-04-01,2018-09-30,0
2018-07-31,76000,2019-03-31,1,15750000000,0.064,,,,,2250000000,0.100,2100000000,0.069,,1500000000,,56.82,,,,,,,,,,,,,,,,,,,,,,true,true,12,2018-04-01,2019-03-31,0
2018-07-31,76000,2018-03-31,1,,,,,,,,,,,,,,,,,,,,20870000000,13263000000,0.634,,13233000000,,,,,,,,,,,,true,false,12,2017-04-01,2018-03-31,-1
2018-07-31,76000,2018-03-31,1,,,,,,,,,,,,,,,,,,,,,,,,,,,,,8.00,,,,26475880,74518,,false,false,12,2017-04-01,2018-03-31,-1
2018-07-31,76000,2019-03-31,1,,,,,,,,,,,,,,,,,,,,,,,,,,,,,9.00,,,,,,,false,true,12,2018-04-01,2019-03-31,0
2018-07-31,76000,2019-03-31,1,,,,,,,,,,,,,,,,,,,,,,,,,,,,,,,,,26475880,74518,26401362,false,false,3,2018-04-01,2018-06-30,0
2018-07-31,76000,2018-03-31,1,,,,,,,,,,,,,,,,,,,,,,,,,,,,,,,,,,,26398773,false,false,3,2017-04-01,2017-06-30,-1
2018-10-31,76000,2019-03-31,2,7551000000,0.142,,,,,859000000,0.056,831000000,0.063,,594000000,,22.53,,,,,,21840000000,13974000000,0.638,,13936000000,,,,,,,,,,,,true,false,6,2018-04-01,2018-09-30,0
2018-10-31,76000,2018-03-31,2,6614000000,0.034,,,,,814000000,-0.055,782000000,0.033,,487000000,,18.46,,,,,,,,,,,,,,,,,,,,,,true,false,6,2017-04-01,2017-09-30,-1
2018-10-31,76000,2019-03-31,2,15750000000,0.064,,,,,2250000000,0.100,2100000000,0.069,,1500000000,,56.82,,,,,,,,,,,,,,,,,,,,,,true,true,12,2018-04-01,2019-03-31,0
2018-10-31,76000,2018-03-31,2,,,,,,,,,,,,,,,,,,,,20870000000,13263000000,0.634,,13233000000,,,,,,,,,,,,true,false,12,2017-04-01,2018-03-31,-1
2018-10-31,76000,2018-03-31,2,,,,,,,,,,,,,,,,,,,,,,,,,,,,,8.00,,,,26475880,74518,,false,false,12,2017-04-01,2018-03-31,-1
2018-10-31,76000,2019-03-31,2,,,,,,,,,,,,,,,,,,,,,,,,,,,,,0.00,,,,,,,false,false,12,2018-04-01,2019-03-31,0
2018-10-31,76000,2019-03-31,2,,,,,,,,,,,,,,,,,,,,,,,,,,,,,9.00,,,,,,,false,true,12,2018-04-01,2019-03-31,0
2018-10-31,76000,2019-03-31,2,,,,,,,,,,,,,,,,,,,,,,,,,,,,,,,,,26475880,74540,26401359,false,false,6,2018-04-01,2018-09-30,0
2018-10-31,76000,2018-03-31,2,,,,,,,,,,,,,,,,,,,,,,,,,,,,,,,,,,,26399565,false,false,6,2017-04-01,2017-09-30,-1
2019-01-31,76000,2019-03-31,3,12041000000,0.131,,,,,1613000000,0.064,1605000000,0.093,,1132000000,,42.88,,,,,,22436000000,14352000000,0.638,,14312000000,,,,,,,,,,,,true,false,9,2018-04-01,2018-12-31,0
2019-01-31,76000,2018-03-31,3,10645000000,0.075,,,,,1517000000,0.030,1468000000,0.096,,973000000,,36.87,,,,,,,,,,,,,,,,,,,,,,true,false,9,2017-04-01,2017-12-31,-1
2019-01-31,76000,2019-03-31,3,15750000000,0.064,,,,,2250000000,0.100,2100000000,0.069,,1500000000,,56.82,,,,,,,,,,,,,,,,,,,,,,true,true,12,2018-04-01,2019-03-31,0
2019-01-31,76000,2018-03-31,3,,,,,,,,,,,,,,,,,,,,20870000000,13263000000,0.634,,13233000000,,,,,,,,,,,,true,false,12,2017-04-01,2018-03-31,-1
2019-01-31,76000,2018-03-31,3,,,,,,,,,,,,,,,,,,,,,,,,,,,,,8.00,,,,26475880,74518,,false,false,12,2017-04-01,2018-03-31,-1
2019-01-31,76000,2019-03-31,3,,,,,,,,,,,,,,,,,,,,,,,,,,,,,0.00,,,,,,,false,false,12,2018-04-01,2019-03-31,0
2019-01-31,76000,2019-03-31,3,,,,,,,,,,,,,,,,,,,,,,,,,,,,,9.00,,,,,,,false,true,12,2018-04-01,2019-03-31,0
2019-01-31,76000,2019-03-31,3,,,,,,,,,,,,,,,,,,,,,,,,,,,,,,,,,26475880,74540,26401353,false,false,9,2018-04-01,2018-12-31,0
2019-01-31,76000,2018-03-31,3,,,,,,,,,,,,,,,,,,,,,,,,,,,,,,,,,,,26400121,false,false,9,2017-04-01,2017-12-31,-1
2019-04-15,76000,2019-03-31,,16700000000,0.060,,,,,2230000000,-0.009,2200000000,0.048,1980000000,,0.320,75.00,,,,,,,,,,,,,,,,,,,,,,true,true,12,2018-04-01,2019-03-31,0
2019-04-15,76000,2018-03-31,,14807000000,,,,,,2045000000,,1964000000,,1425000000,,,53.99,,,,,,,,,,,,,,,,,,,,,,true,false,12,2017-04-01,2018-03-31,-1
2019-04-26,76000,2019-03-31,,16728000000,0.130,,,,,2234000000,0.093,2208000000,0.124,,1984000000,,75.17,,0.140,0.100,0.134,,23492000000,15233000000,0.647,575.30,15188000000,2367000000,-2093000000,-483000000,2261000000,,0.120,,,,,,true,false,12,2018-04-01,2019-03-31,0
2019-04-26,76000,2018-03-31,,14807000000,0.086,,,,,2045000000,0.071,1964000000,0.124,,1425000000,,53.99,,0.112,0.093,0.138,,20870000000,13263000000,0.634,501.24,13233000000,2562000000,-1016000000,-1875000000,2457000000,,0.148,,,,,,true,false,12,2017-04-01,2018-03-31,-1
2019-04-26,76000,2020-03-31,,8200000000,0.086,,,,,820000000,-0.046,780000000,-0.062,,520000000,,19.70,,,,,,,,,,,,,,,,,,,,,,true,true,6,2019-04-01,2019-09-30,1
2019-04-26,76000,2020-03-31,,18200000000,0.088,,,,,2460000000,0.101,2380000000,0.078,,1720000000,,65.15,,,,,,,,,,,,,,,,0.153,,,,,,true,true,12,2019-04-01,2020-03-31,1
2019-04-26,76000,2019-03-31,,10162000000,0.065,,,,,1114000000,0.161,1189000000,0.126,979000000,,0.377,37.10,,,,,,18007000000,13247000000,0.736,501.76,13247000000,,,,,9.00,,,,26475880,74540,26401350,false,false,12,2018-04-01,2019-03-31,0
2019-04-26,76000,2018-03-31,,9545000000,0.053,,,,,959000000,-0.096,1055000000,-0.065,711000000,,-0.026,26.95,,,,,,15884000000,12462000000,0.785,472.06,12462000000,,,,,8.00,,,,26475880,74518,26400409,false,false,12,2017-04-01,2018-03-31,-1
2019-04-26,76000,2020-03-31,,,,,,,,,,,,,,,,,,,,,,,,,,,,,,10.00,,,,,,,false,true,12,2019-04-01,2020-03-31,1
2019-07-31,76000,2020-03-31,1,4364000000,0.160,,,,,646000000,0.411,630000000,0.431,,448000000,,16.97,,,,,,23258000000,15254000000,0.654,,15204000000,,,,,,,,,,,,true,false,3,2019-04-01,2019-06-30,0
2019-07-31,76000,2019-03-31,1,3763000000,0.117,,,,,458000000,-0.003,440000000,-0.027,,316000000,,11.98,,,,,,,,,,,,,,,,,,,,,,true,false,3,2018-04-01,2018-06-30,-1
2019-07-31,76000,2020-03-31,1,8200000000,0.086,,,,,820000000,-0.046,780000000,-0.062,,520000000,,19.70,,,,,,,,,,,,,,,,,,,,,,true,true,6,2019-04-01,2019-09-30,0
2019-07-31,76000,2020-03-31,1,18200000000,0.088,,,,,2460000000,0.101,2380000000,0.078,,1720000000,,65.15,,,,,,,,,,,,,,,,,,,,,,true,true,12,2019-04-01,2020-03-31,0
2019-07-31,76000,2019-03-31,1,,,,,,,,,,,,,,,,,,,,23492000000,15233000000,0.647,,15188000000,,,,,,,,,,,,true,false,12,2018-04-01,2019-03-31,-1
2019-07-31,76000,2019-03-31,1,,,,,,,,,,,,,,,,,,,,,,,,,,,,,9.00,,,,26475880,74540,,false,false,12,2018-04-01,2019-03-31,-1
2019-07-31,76000,2020-03-31,1,,,,,,,,,,,,,,,,,,,,,,,,,,,,,10.00,,,,,,,false,true,12,2019-04-01,2020-03-31,0
2019-07-31,76000,2020-03-31,1,,,,,,,,,,,,,,,,,,,,,,,,,,,,,,,,,26475880,74581,26401325,false,false,3,2019-04-01,2019-06-30,0
2019-07-31,76000,2019-03-31,1,,,,,,,,,,,,,,,,,,,,,,,,,,,,,,,,,,,26401362,false,false,3,2018-04-01,2018-06-30,-1
2019-08-28,76000,2020-03-31,,8650000000,0.055,,,,,1170000000,0.427,1130000000,0.449,800000000,,0.538,30.30,,,,,,,,,,,,,,,,,,,,,,true,true,6,2019-04-01,2019-09-30,0
2019-08-28,76000,2019-03-31,,7551000000,,,,,,859000000,,831000000,,594000000,,,22.53,,,,,,,,,,,,,,,,,,,,,,true,false,6,2018-04-01,2018-09-30,-1
2019-10-31,76000,2020-03-31,2,8782000000,0.163,,,,,1266000000,0.474,1223000000,0.471,,922000000,,34.93,,,,,,23958000000,15755000000,0.655,,15700000000,,,,,,,,,,,,true,false,6,2019-04-01,2019-09-30,0
2019-10-31,76000,2019-03-31,2,7551000000,0.142,,,,,859000000,0.056,831000000,0.063,,594000000,,22.53,,,,,,,,,,,,,,,,,,,,,,true,false,6,2018-04-01,2018-09-30,-1
2019-10-31,76000,2020-03-31,2,18750000000,0.121,,,,,2850000000,0.275,2770000000,0.254,,2050000000,,77.65,,,,,,,,,,,,,,,,,,,,,,true,true,12,2019-04-01,2020-03-31,0
2019-10-31,76000,2019-03-31,2,,,,,,,,,,,,,,,,,,,,23492000000,15233000000,0.647,,15188000000,,,,,,,,,,,,true,false,12,2018-04-01,2019-03-31,-1
2019-10-31,76000,2019-03-31,2,,,,,,,,,,,,,,,,,,,,,,,,,,,,,9.00,,,,26475880,74540,,false,false,12,2018-04-01,2019-03-31,-1
2019-10-31,76000,2020-03-31,2,,,,,,,,,,,,,,,,,,,,,,,,,,,,,0.00,,,,,,,false,false,12,2019-04-01,2020-03-31,0
2019-10-31,76000,2020-03-31,2,,,,,,,,,,,,,,,,,,,,,,,,,,,,,10.00,,,,,,,false,true,12,2019-04-01,2020-03-31,0
2019-10-31,76000,2020-03-31,2,,,,,,,,,,,,,,,,,,,,,,,,,,,,,,,,,26475880,74613,26401302,false,false,6,2019-04-01,2019-09-30,0
2019-10-31,76000,2019-03-31,2,,,,,,,,,,,,,,,,,,,,,,,,,,,,,,,,,,,26401359,false,false,6,2018-04-01,2018-09-30,-1
2019-10-21,76000,2020-03-31,,18750000000,0.030,,,,,2850000000,0.159,2770000000,0.164,2050000000,,0.192,77.65,,,,,,,,,,,,,,,,,,,,,,true,true,12,2019-04-01,2020-03-31,0
2019-10-21,76000,2019-03-31,,16728000000,,,,,,2234000000,,2208000000,,1984000000,,,75.17,,,,,,,,,,,,,,,,,,,,,,true,false,12,2018-04-01,2019-03-31,-1
2020-01-31,76000,2020-03-31,3,13507000000,0.122,,,,,2049000000,0.270,1995000000,0.242,,1456000000,,55.19,,,,,,24491000000,16358000000,0.665,,16296000000,,,,,,,,,,,,true,false,9,2019-04-01,2019-12-31,0
2020-01-31,76000,2019-03-31,3,12041000000,0.131,,,,,1613000000,0.064,1605000000,0.093,,1132000000,,42.88,,,,,,,,,,,,,,,,,,,,,,true,false,9,2018-04-01,2018-12-31,-1
2020-01-31,76000,2020-03-31,3,18750000000,0.121,,,,,2850000000,0.275,2770000000,0.254,,2050000000,,77.65,,,,,,,,,,,,,,,,,,,,,,true,true,12,2019-04-01,2020-03-31,0
2020-01-31,76000,2019-03-31,3,,,,,,,,,,,,,,,,,,,,23492000000,15233000000,0.647,,15188000000,,,,,,,,,,,,true,false,12,2018-04-01,2019-03-31,-1
2020-01-31,76000,2019-03-31,3,,,,,,,,,,,,,,,,,,,,,,,,,,,,,9.00,,,,26475880,74540,,false,false,12,2018-04-01,2019-03-31,-1
2020-01-31,76000,2020-03-31,3,,,,,,,,,,,,,,,,,,,,,,,,,,,,,0.00,,,,,,,false,false,12,2019-04-01,2020-03-31,0
2020-01-31,76000,2020-03-31,3,,,,,,,,,,,,,,,,,,,,,,,,,,,,,10.00,,,,,,,false,true,12,2019-04-01,2020-03-31,0
2020-01-31,76000,2020-03-31,3,,,,,,,,,,,,,,,,,,,,,,,,,,,,,,,,,26475880,91813,26397851,false,false,9,2019-04-01,2019-12-31,0
2020-01-31,76000,2019-03-31,3,,,,,,,,,,,,,,,,,,,,,,,,,,,,,,,,,,,26401353,false,false,9,2018-04-01,2018-12-31,-1
2020-04-30,76000,2020-03-31,,18083000000,0.081,,,,,2644000000,0.183,2581000000,0.169,,2164000000,,82.02,,0.135,0.107,0.146,,24917000000,16993000000,0.679,641.61,16928000000,2731000000,-1789000000,-678000000,2512000000,,0.122,,,,,,true,false,12,2019-04-01,2020-03-31,0
2020-04-30,76000,2019-03-31,,16728000000,0.130,,,,,2234000000,0.093,2208000000,0.124,,1984000000,,75.17,,0.140,0.100,0.134,,23492000000,15233000000,0.647,575.30,15188000000,2367000000,-2093000000,-483000000,2261000000,,0.120,,,,,,true,false,12,2018-04-01,2019-03-31,-1
2020-04-30,76000,2021-03-31,,7100000000,-0.192,,,,,160000000,-0.874,130000000,-0.894,,80000000,,3.03,,,,,,,,,,,,,,,,,,,,,,true,true,6,2020-04-01,2020-09-30,1
2020-04-30,76000,2021-03-31,,17800000000,-0.016,,,,,2200000000,-0.168,2100000000,-0.187,,1600000000,,60.64,,,,,,,,,,,,,,,,0.181,,,,,,true,true,12,2020-04-01,2021-03-31,1
2020-04-30,76000,2020-03-31,,10923000000,0.075,,,,,1176000000,0.056,1275000000,0.072,969000000,,-0.010,36.74,,,,,,18634000000,13942000000,0.748,528.43,13942000000,,,,,10.00,,,,26475880,91845,26394663,false,false,12,2019-04-01,2020-03-31,0
2020-04-30,76000,2019-03-31,,10162000000,0.065,,,,,1114000000,0.161,1189000000,0.126,979000000,,0.377,37.10,,,,,,18007000000,13247000000,0.736,501.76,13247000000,,,,,9.00,,,,26475880,74540,26401350,false,false,12,2018-04-01,2019-03-31,-1
2020-04-30,76000,2021-03-31,,,,,,,,,,,,,,,,,,,,,,,,,,,,,,11.00,,,,,,,false,true,12,2020-04-01,2021-03-31,1
2020-07-31,76000,2021-03-31,1,3409000000,-0.219,,,,,242000000,-0.625,238000000,-0.622,,131000000,,4.99,,,,,,24378000000,16804000000,0.686,,16732000000,,,,,,,,,,,,true,false,3,2020-04-01,2020-06-30,0
2020-07-31,76000,2020-03-31,1,4364000000,0.160,,,,,646000000,0.411,630000000,0.431,,448000000,,16.97,,,,,,,,,,,,,,,,,,,,,,true,false,3,2019-04-01,2019-06-30,-1
2020-07-31,76000,2021-03-31,1,7300000000,-0.169,,,,,550000000,-0.566,530000000,-0.567,,330000000,,12.51,,,,,,,,,,,,,,,,,,,,,,true,true,6,2020-04-01,2020-09-30,0
2020-07-31,76000,2021-03-31,1,17800000000,-0.016,,,,,2200000000,-0.168,2100000000,-0.187,,1600000000,,60.64,,,,,,,,,,,,,,,,,,,,,,true,true,12,2020-04-01,2021-03-31,0
2020-07-31,76000,2020-03-31,1,,,,,,,,,,,,,,,,,,,,24917000000,16993000000,0.679,,16928000000,,,,,,,,,,,,true,false,12,2019-04-01,2020-03-31,-1
2020-07-31,76000,2020-03-31,1,,,,,,,,,,,,,,,,,,,,,,,,,,,,,10.00,,,,26475880,91845,,false,false,12,2019-04-01,2020-03-31,-1
2020-07-31,76000,2021-03-31,1,,,,,,,,,,,,,,,,,,,,,,,,,,,,,11.00,,,,,,,false,true,12,2020-04-01,2021-03-31,0
2020-07-31,76000,2021-03-31,1,,,,,,,,,,,,,,,,,,,,,,,,,,,,,,,,,26475880,91888,26384003,false,false,3,2020-04-01,2020-06-30,0
2020-07-31,76000,2020-03-31,1,,,,,,,,,,,,,,,,,,,,,,,,,,,,,,,,,,,26401325,false,false,3,2019-04-01,2019-06-30,-1
2020-10-23,76000,2021-03-31,,7750000000,0.062,,,,,820000000,0.491,800000000,0.509,520000000,,0.576,19.71,,,,,,,,,,,,,,,,,,,,,,true,true,6,2020-04-01,2020-09-30,0
2020-10-23,76000,2020-03-31,,8782000000,,,,,,1266000000,,1223000000,,922000000,,,34.93,,,,,,,,,,,,,,,,,,,,,,true,false,6,2019-04-01,2019-09-30,-1
2020-10-23,76000,2021-03-31,,17400000000,-0.022,,,,,2200000000,0.000,2100000000,0.000,1600000000,,0.000,60.64,,,,,,,,,,,,,,,,,,,,,,true,true,12,2020-04-01,2021-03-31,0
2020-10-23,76000,2020-03-31,,18083000000,,,,,,2644000000,,2581000000,,2164000000,,,82.02,,,,,,,,,,,,,,,,,,,,,,true,false,12,2019-04-01,2020-03-31,-1
2020-10-30,76000,2021-03-31,2,7753000000,-0.117,,,,,823000000,-0.349,806000000,-0.341,,526000000,,19.95,,,,,,24281000000,17074000000,0.700,,17001000000,,,,,,,,,,,,true,false,6,2020-04-01,2020-09-30,0
2020-10-30,76000,2020-03-31,2,8782000000,0.163,,,,,1266000000,0.474,1223000000,0.471,,922000000,,34.93,,,,,,,,,,,,,,,,,,,,,,true,false,6,2019-04-01,2019-09-30,-1
2020-10-30,76000,2021-03-31,2,17400000000,-0.038,,,,,2200000000,-0.168,2100000000,-0.187,,1600000000,,60.64,,,,,,,,,,,,,,,,,,,,,,true,true,12,2020-04-01,2021-03-31,0
2020-10-30,76000,2020-03-31,2,,,,,,,,,,,,,,,,,,,,24917000000,16993000000,0.679,,16928000000,,,,,,,,,,,,true,false,12,2019-04-01,2020-03-31,-1
2020-10-30,76000,2020-03-31,2,,,,,,,,,,,,,,,,,,,,,,,,,,,,,10.00,,,,26475880,91845,,false,false,12,2019-04-01,2020-03-31,-1
2020-10-30,76000,2021-03-31,2,,,,,,,,,,,,,,,,,,,,,,,,,,,,,0.00,,,,,,,false,false,12,2020-04-01,2021-03-31,0
2020-10-30,76000,2021-03-31,2,,,,,,,,,,,,,,,,,,,,,,,,,,,,,11.00,,,,,,,false,true,12,2020-04-01,2021-03-31,0
2020-10-30,76000,2021-03-31,2,,,,,,,,,,,,,,,,,,,,,,,,,,,,,,,,,26475880,91933,26383984,false,false,6,2020-04-01,2020-09-30,0
2020-10-30,76000,2020-03-31,2,,,,,,,,,,,,,,,,,,,,,,,,,,,,,,,,,,,26401302,false,false,6,2019-04-01,2019-09-30,-1
2021-01-29,76000,2021-03-31,3,12308000000,-0.089,,,,,1569000000,-0.234,1537000000,-0.229,,1017000000,,38.58,,,,,,24572000000,17424000000,0.706,,17351000000,,,,,,,,,,,,true,false,9,2020-04-01,2020-12-31,0
2021-01-29,76000,2020-03-31,3,13507000000,0.122,,,,,2049000000,0.270,1995000000,0.242,,1456000000,,55.19,,,,,,,,,,,,,,,,,,,,,,true,false,9,2019-04-01,2019-12-31,-1
2021-01-29,76000,2021-03-31,3,17400000000,-0.038,,,,,2200000000,-0.168,2100000000,-0.187,,1600000000,,60.64,,,,,,,,,,,,,,,,,,,,,,true,true,12,2020-04-01,2021-03-31,0
2021-01-29,76000,2020-03-31,3,,,,,,,,,,,,,,,,,,,,24917000000,16993000000,0.679,,16928000000,,,,,,,,,,,,true,false,12,2019-04-01,2020-03-31,-1
2021-01-29,76000,2020-03-31,3,,,,,,,,,,,,,,,,,,,,,,,,,,,,,10.00,,,,26475880,91845,,false,false,12,2019-04-01,2020-03-31,-1
2021-01-29,76000,2021-03-31,3,,,,,,,,,,,,,,,,,,,,,,,,,,,,,0.00,,,,,,,false,false,12,2020-04-01,2021-03-31,0
2021-01-29,76000,2021-03-31,3,,,,,,,,,,,,,,,,,,,,,,,,,,,,,11.00,,,,,,,false,true,12,2020-04-01,2021-03-31,0
2021-01-29,76000,2021-03-31,3,,,,,,,,,,,,,,,,,,,,,,,,,,,,,,,,,26475880,91997,26383960,false,false,9,2020-04-01,2020-12-31,0
2021-01-29,76000,2020-03-31,3,,,,,,,,,,,,,,,,,,,,,,,,,,,,,,,,,,,26397851,false,false,9,2019-04-01,2019-12-31,-1
2021-04-30,76000,2021-03-31,,16738000000,-0.074,,,,,2168000000,-0.180,2125000000,-0.177,,1664000000,,63.09,,0.094,0.085,0.130,,25193000000,18713000000,0.739,706.07,18628000000,2599000000,-1345000000,-1313000000,2466000000,,0.174,,,,,,true,false,12,2020-04-01,2021-03-31,0
2021-04-30,76000,2020-03-31,,18083000000,0.081,,,,,2644000000,0.183,2581000000,0.169,,2164000000,,82.02,,0.135,0.107,0.146,,24917000000,16993000000,0.679,641.61,16928000000,2731000000,-1789000000,-678000000,2512000000,,0.122,,,,,,true,false,12,2019-04-01,2020-03-31,-1
2021-04-30,76000,2022-03-31,,8500000000,0.096,,,,,850000000,0.032,820000000,0.017,,550000000,,20.85,,,,,,,,,,,,,,,,,,,,,,true,true,6,2021-04-01,2021-09-30,1
2021-04-30,76000,2022-03-31,,18700000000,0.117,,,,,2700000000,0.245,2650000000,0.247,,1800000000,,68.22,,,,,,,,,,,,,,,,0.176,,,,,,true,true,12,2021-04-01,2022-03-31,1
2021-04-30,76000,2021-03-31,,11063000000,0.013,,,,,1390000000,0.182,1479000000,0.160,1255000000,,0.295,47.60,,,,,,19443000000,14914000000,0.767,565.28,14914000000,,,,,11.00,,,,26475880,91997,26383942,false,false,12,2020-04-01,2021-03-31,0
2021-04-30,76000,2020-03-31,,10923000000,0.075,,,,,1176000000,0.056,1275000000,0.072,969000000,,-0.010,36.74,,,,,,18634000000,13942000000,0.748,528.43,13942000000,,,,,10.00,,,,26475880,91845,26394663,false,false,12,2019-04-01,2020-03-31,-1
2021-04-30,76000,2022-03-31,,,,,,,,,,,,,,,,,,,,,,,,,,,,,,12.00,,,,,,,false,true,12,2021-04-01,2022-03-31,1
2021-07-30,76000,2022-03-31,1,4537000000,0.331,,,,,554000000,1.290,542000000,1.272,,363000000,,13.78,,,,,,24894000000,18784000000,0.751,,18698000000,,,,,,,,,,,,true,false,3,2021-04-01,2021-06-30,0
2021-07-30,76000,2021-03-31,1,3409000000,-0.219,,,,,242000000,-0.625,238000000,-0.622,,131000000,,4.99,,,,,,,,,,,,,,,,,,,,,,true,false,3,2020-04-01,2020-06-30,-1
2021-07-30,76000,2022-03-31,1,9000000000,0.161,,,,,950000000,0.153,920000000,0.141,,820000000,,31.08,,,,,,,,,,,,,,,,,,,,,,true,true,6,2021-04-01,2021-09-30,0
2021-07-30,76000,2022-03-31,1,18700000000,0.117,,,,,2700000000,0.245,2650000000,0.247,,1800000000,,68.22,,,,,,,,,,,,,,,,,,,,,,true,true,12,2021-04-01,2022-03-31,0
2021-07-30,76000,2021-03-31,1,,,,,,,,,,,,,,,,,,,,25193000000,18713000000,0.739,,18628000000,,,,,,,,,,,,true,false,12,2020-04-01,2021-03-31,-1
2021-07-30,76000,2021-03-31,1,,,,,,,,,,,,,,,,,,,,,,,,,,,,,11.00,,,,26475880,91997,,false,false,12,2020-04-01,2021-03-31,-1
2021-07-30,76000,2022-03-31,1,,,,,,,,,,,,,,,,,,,,,,,,,,,,,12.00,,,,,,,false,true,12,2021-04-01,2022-03-31,0
2021-07-30,76000,2022-03-31,1,,,,,,,,,,,,,,,,,,,,,,,,,,,,,,,,,26475880,92076,26383824,false,false,3,2021-04-01,2021-06-30,0
2021-07-30,76000,2021-03-31,1,,,,,,,,,,,,,,,,,,,,,,,,,,,,,,,,,,,26384003,false,false,3,2020-04-01,2020-06-30,-1
2021-10-29,76000,2022-03-31,2,8858000000,0.143,,,,,1058000000,0.284,1042000000,0.294,,1003000000,,38.03,,,,,,25315000000,19532000000,0.768,,19438000000,,,,,,,,,,,,true,false,6,2021-04-01,2021-09-30,0
2021-10-29,76000,2021-03-31,2,7753000000,-0.117,,,,,823000000,-0.349,806000000,-0.341,,526000000,,19.95,,,,,,,,,,,,,,,,,,,,,,true,false,6,2020-04-01,2020-09-30,-1
2021-10-29,76000,2022-03-31,2,18700000000,0.117,,,,,2700000000,0.245,2650000000,0.247,,1800000000,,68.22,,,,,,,,,,,,,,,,,,,,,,true,true,12,2021-04-01,2022-03-31,0
2021-10-29,76000,2021-03-31,2,,,,,,,,,,,,,,,,,,,,25193000000,18713000000,0.739,,18628000000,,,,,,,,,,,,true,false,12,2020-04-01,2021-03-31,-1
2021-10-29,76000,2021-03-31,2,,,,,,,,,,,,,,,,,,,,,,,,,,,,,11.00,,,,26475880,91997,,false,false,12,2020-04-01,2021-03-31,-1
2021-10-29,76000,2022-03-31,2,,,,,,,,,,,,,,,,,,,,,,,,,,,,,0.00,,,,,,,false,false,12,2021-04-01,2022-03-31,0
2021-10-29,76000,2022-03-31,2,,,,,,,,,,,,,,,,,,,,,,,,,,,,,12.00,,,,,,,false,true,12,2021-04-01,2022-03-31,0
2021-10-29,76000,2022-03-31,2,,,,,,,,,,,,,,,,,,,,,,,,,,,,,,,,,26475880,92165,26383792,false,false,6,2021-04-01,2021-09-30,0
2021-10-29,76000,2021-03-31,2,,,,,,,,,,,,,,,,,,,,,,,,,,,,,,,,,,,26383984,false,false,6,2020-04-01,2020-09-30,-1
2022-01-31,76000,2022-03-31,3,13978000000,0.136,,,,,1991000000,0.269,1954000000,0.271,,1634000000,,61.95,,,,,,26356000000,20397000000,0.770,,20296000000,,,,,,,,,,,,true,false,9,2021-04-01,2021-12-31,0
2022-01-31,76000,2021-03-31,3,12308000000,-0.089,,,,,1569000000,-0.234,1537000000,-0.229,,1017000000,,38.58,,,,,,,,,,,,,,,,,,,,,,true,false,9,2020-04-01,2020-12-31,-1
2022-01-31,76000,2022-03-31,3,18700000000,0.117,,,,,2700000000,0.245,2650000000,0.247,,1800000000,,68.22,,,,,,,,,,,,,,,,,,,,,,true,true,12,2021-04-01,2022-03-31,0
2022-01-31,76000,2021-03-31,3,,,,,,,,,,,,,,,,,,,,25193000000,18713000000,0.739,,18628000000,,,,,,,,,,,,true,false,12,2020-04-01,2021-03-31,-1
2022-01-31,76000,2021-03-31,3,,,,,,,,,,,,,,,,,,,,,,,,,,,,,11.00,,,,26475880,91997,,false,false,12,2020-04-01,2021-03-31,-1
2022-01-31,76000,2022-03-31,3,,,,,,,,,,,,,,,,,,,,,,,,,,,,,0.00,,,,,,,false,false,12,2021-04-01,2022-03-31,0
2022-01-31,76000,2022-03-31,3,,,,,,,,,,,,,,,,,,,,,,,,,,,,,12.00,,,,,,,false,true,12,2021-04-01,2022-03-31,0
2022-01-31,76000,2022-03-31,3,,,,,,,,,,,,,,,,,,,,,,,,,,,,,,,,,26475880,92165,26383769,false,false,9,2021-04-01,2021-12-31,0
2022-01-31,76000,2021-03-31,3,,,,,,,,,,,,,,,,,,,,,,,,,,,,,,,,,,,26383960,false,false,9,2020-04-01,2020-12-31,-1
2022-04-28,76000,2022-03-31,,19193000000,0.147,,,,,2661000000,0.227,2591000000,0.219,,2135000000,,80.95,,0.107,0.099,0.139,,27342000000,21491000000,0.782,810.59,21386000000,3111000000,-1750000000,-1287000000,2590000000,,0.148,,,,,,true,false,12,2021-04-01,2022-03-31,0
2022-04-28,76000,2021-03-31,,16738000000,-0.074,,,,,2168000000,-0.180,2125000000,-0.177,,1664000000,,63.09,,0.094,0.085,0.130,,25193000000,18713000000,0.739,706.07,18628000000,2599000000,-1345000000,-1313000000,2466000000,,0.174,,,,,,true,false,12,2020-04-01,2021-03-31,-1
2022-04-28,76000,2023-03-31,,10200000000,0.151,,,,,1100000000,0.039,1050000000,0.007,,700000000,,26.53,,,,,,,,,,,,,,,,,,,,,,true,true,6,2022-04-01,2022-09-30,1
2022-04-28,76000,2023-03-31,,22000000000,0.146,,,,,2800000000,0.052,2700000000,0.042,,1850000000,,70.12,,,,,,,,,,,,,,,,0.185,,,,,,true,true,12,2022-04-01,2023-03-31,1
2022-04-28,76000,2022-03-31,,12122000000,0.096,,,,,1844000000,0.326,1936000000,0.309,1281000000,,0.020,48.58,,,,,,20343000000,15901000000,0.782,602.71,15901000000,,,,,12.00,,,,26475880,92179,26383754,false,false,12,2021-04-01,2022-03-31,0
2022-04-28,76000,2021-03-31,,11063000000,0.013,,,,,1390000000,0.182,1479000000,0.160,1255000000,,0.295,47.60,,,,,,19443000000,14914000000,0.767,565.28,14914000000,,,,,11.00,,,,26475880,91997,26383942,false,false,12,2020-04-01,2021-03-31,-1
2022-04-28,76000,2023-03-31,,,,,,,,,,,,,,,,,,,,,,,,,,,,,,13.00,,,,,,,false,true,12,2022-04-01,2023-03-31,1
2022-07-29,76000,2023-03-31,1,5027000000,0.108,,,,,498000000,-0.101,483000000,-0.107,,336000000,,12.75,,,,,,28655000000,22698000000,0.788,,22572000000,,,,,,,,,,,,true,false,3,2022-04-01,2022-06-30,0
2022-07-29,76000,2022-03-31,1,4537000000,0.331,,,,,554000000,1.290,542000000,1.272,,363000000,,13.78,,,,,,,,,,,,,,,,,,,,,,true,false,3,2021-04-01,2021-06-30,-1
2022-07-29,76000,2023-03-31,1,10200000000,0.151,,,,,1100000000,0.039,1050000000,0.007,,700000000,,26.53,,,,,,,,,,,,,,,,,,,,,,true,true,6,2022-04-01,2022-09-30,0
2022-07-29,76000,2023-03-31,1,22000000000,0.146,,,,,2800000000,0.052,2700000000,0.042,,1850000000,,70.12,,,,,,,,,,,,,,,,,,,,,,true,true,12,2022-04-01,2023-03-31,0
2022-07-29,76000,2022-03-31,1,,,,,,,,,,,,,,,,,,,,27342000000,21491000000,0.782,,21386000000,,,,,,,,,,,,true,false,12,2021-04-01,2022-03-31,-1
2022-07-29,76000,2022-03-31,1,,,,,,,,,,,,,,,,,,,,,,,,,,,,,12.00,,,,26475880,92179,,false,false,12,2021-04-01,2022-03-31,-1
2022-07-29,76000,2023-03-31,1,,,,,,,,,,,,,,,,,,,,,,,,,,,,,13.00,,,,,,,false,true,12,2022-04-01,2023-03-31,0
2022-07-29,76000,2023-03-31,1,,,,,,,,,,,,,,,,,,,,,,,,,,,,,,,,,26475880,92179,26383701,false,false,3,2022-04-01,2022-06-30,0
2022-07-29,76000,2022-03-31,1,,,,,,,,,,,,,,,,,,,,,,,,,,,,,,,,,,,26383824,false,false,3,2021-04-01,2021-06-30,-1
2022-10-31,76000,2023-03-31,2,9989000000,0.128,,,,,927000000,-0.124,916000000,-0.121,,721000000,,27.35,,,,,,29424000000,23731000000,0.802,,23591000000,,,,,,,,,,,,true,false,6,2022-04-01,2022-09-30,0
2022-10-31,76000,2022-03-31,2,8858000000,0.143,,,,,1058000000,0.284,1042000000,0.294,,1003000000,,38.03,,,,,,,,,,,,,,,,,,,,,,true,false,6,2021-04-01,2021-09-30,-1
2022-10-31,76000,2023-03-31,2,21800000000,0.136,,,,,2000000000,-0.249,2050000000,-0.209,,1450000000,,54.96,,,,,,,,,,,,,,,,,,,,,,true,true,12,2022-04-01,2023-03-31,0
2022-10-31,76000,2022-03-31,2,,,,,,,,,,,,,,,,,,,,27342000000,21491000000,0.782,,21386000000,,,,,,,,,,,,true,false,12,2021-04-01,2022-03-31,-1
2022-10-31,76000,2022-03-31,2,,,,,,,,,,,,,,,,,,,,,,,,,,,,,12.00,,,,26475880,92179,,false,false,12,2021-04-01,2022-03-31,-1
2022-10-31,76000,2023-03-31,2,,,,,,,,,,,,,,,,,,,,,,,,,,,,,0.00,,,,,,,false,false,12,2022-04-01,2023-03-31,0
2022-10-31,76000,2023-03-31,2,,,,,,,,,,,,,,,,,,,,,,,,,,,,,13.00,,,,,,,false,true,12,2022-04-01,2023-03-31,0
2022-10-31,76000,2023-03-31,2,,,,,,,,,,,,,,,,,,,,,,,,,,,,,,,,,26475880,92207,26383693,false,false,6,2022-04-01,2022-09-30,0
2022-10-31,76000,2022-03-31,2,,,,,,,,,,,,,,,,,,,,,,,,,,,,,,,,,,,26383792,false,false,6,2021-04-01,2021-09-30,-1
2023-01-31,76000,2023-03-31,3,15624000000,0.118,,,,,1510000000,-0.241,1543000000,-0.211,,1138000000,,43.20,,,,,,28577000000,23054000000,0.802,,22926000000,,,,,,,,,,,,true,false,9,2022-04-01,2022-12-31,0
2023-01-31,76000,2022-03-31,3,13978000000,0.136,,,,,1991000000,0.269,1954000000,0.271,,1634000000,,61.95,,,,,,,,,,,,,,,,,,,,,,true,false,9,2021-04-01,2021-12-31,-1
2023-01-31,76000,2023-03-31,3,21800000000,0.136,,,,,2000000000,-0.249,2050000000,-0.209,,1450000000,,54.96,,,,,,,,,,,,,,,,,,,,,,true,true,12,2022-04-01,2023-03-31,0
2023-01-31,76000,2022-03-31,3,,,,,,,,,,,,,,,,,,,,27342000000,21491000000,0.782,,21386000000,,,,,,,,,,,,true,false,12,2021-04-01,2022-03-31,-1
2023-01-31,76000,2022-03-31,3,,,,,,,,,,,,,,,,,,,,,,,,,,,,,12.00,,,,26475880,92179,,false,false,12,2021-04-01,2022-03-31,-1
2023-01-31,76000,2023-03-31,3,,,,,,,,,,,,,,,,,,,,,,,,,,,,,0.00,,,,,,,false,false,12,2022-04-01,2023-03-31,0
2023-01-31,76000,2023-03-31,3,,,,,,,,,,,,,,,,,,,,,,,,,,,,,13.00,,,,,,,false,true,12,2022-04-01,2023-03-31,0
2023-01-31,76000,2023-03-31,3,,,,,,,,,,,,,,,,,,,,,,,,,,,,,,,,,26475880,175107,26367107,false,false,9,2022-04-01,2022-12-31,0
2023-01-31,76000,2022-03-31,3,,,,,,,,,,,,,,,,,,,,,,,,,,,,,,,,,,,26383769,false,false,9,2021-04-01,2021-12-31,-1
2023-04-28,76000,2023-03-31,,21307000000,0.110,,,,,2024000000,-0.239,2043000000,-0.211,,1423000000,,54.03,,0.064,0.072,0.095,,29434000000,23292000000,0.787,880.64,23161000000,2186000000,-1481000000,-514000000,2804000000,,0.241,,,,,,true,false,12,2022-04-01,2023-03-31,0
2023-04-28,76000,2022-03-31,,19193000000,0.147,,,,,2661000000,0.227,2591000000,0.219,,2135000000,,80.95,,0.107,0.099,0.139,,27342000000,21491000000,0.782,810.59,21386000000,3111000000,-1750000000,-1287000000,2590000000,,0.148,,,,,,true,false,12,2021-04-01,2022-03-31,-1
2023-04-28,76000,2024-03-31,,10800000000,0.081,,,,,800000000,-0.137,750000000,-0.182,,450000000,,17.11,,,,,,,,,,,,,,,,,,,,,,true,true,6,2023-04-01,2023-09-30,1
2023-04-28,76000,2024-03-31,,23300000000,0.093,,,,,2500000000,0.235,2400000000,0.174,,1500000000,,57.03,,,,,,,,,,,,,,,,0.245,,,,,,true,true,12,2023-04-01,2024-03-31,1
2023-04-28,76000,2023-03-31,,12356000000,0.019,,,,,1231000000,-0.332,1285000000,-0.336,732000000,,-0.428,27.80,,,,,,20531000000,16256000000,0.792,618.09,16256000000,,,,,13.00,,,,26475880,175107,26351799,false,false,12,2022-04-01,2023-03-31,0
2023-04-28,76000,2022-03-31,,12122000000,0.096,,,,,1844000000,0.326,1936000000,0.309,1281000000,,0.020,48.58,,,,,,20343000000,15901000000,0.782,602.71,15901000000,,,,,12.00,,,,26475880,92179,26383754,false,false,12,2021-04-01,2022-03-31,-1
2023-04-28,76000,2024-03-31,,,,,,,,,,,,,,,,,,,,,,,,,,,,,,14.00,,,,,,,false,true,12,2023-04-01,2024-03-31,1
2023-07-28,76000,2024-03-31,1,5402000000,0.075,,,,,346000000,-0.305,337000000,-0.302,,177000000,,6.74,,,,,,29920000000,24157000000,0.802,,24009000000,,,,,,,,,,,,true,false,3,2023-04-01,2023-06-30,0
2023-07-28,76000,2023-03-31,1,5027000000,0.108,,,,,498000000,-0.101,483000000,-0.107,,336000000,,12.75,,,,,,,,,,,,,,,,,,,,,,true,false,3,2022-04-01,2022-06-30,-1
2023-07-28,76000,2024-03-31,1,10800000000,0.081,,,,,800000000,-0.137,750000000,-0.182,,450000000,,17.11,,,,,,,,,,,,,,,,,,,,,,true,true,6,2023-04-01,2023-09-30,0
2023-07-28,76000,2024-03-31,1,23300000000,0.093,,,,,2500000000,0.235,2400000000,0.174,,1500000000,,57.03,,,,,,,,,,,,,,,,,,,,,,true,true,12,2023-04-01,2024-03-31,0
2023-07-28,76000,2023-03-31,1,,,,,,,,,,,,,,,,,,,,29434000000,23292000000,0.787,,23161000000,,,,,,,,,,,,true,false,12,2022-04-01,2023-03-31,-1
2023-07-28,76000,2023-03-31,1,,,,,,,,,,,,,,,,,,,,,,,,,,,,,13.00,,,,26475880,175107,,false,false,12,2022-04-01,2023-03-31,-1
2023-07-28,76000,2024-03-31,1,,,,,,,,,,,,,,,,,,,,,,,,,,,,,14.00,,,,,,,false,true,12,2023-04-01,2024-03-31,0
2023-07-28,76000,2024-03-31,1,,,,,,,,,,,,,,,,,,,,,,,,,,,,,,,,,26475880,175165,26300759,false,false,3,2023-04-01,2023-06-30,0
2023-07-28,76000,2023-03-31,1,,,,,,,,,,,,,,,,,,,,,,,,,,,,,,,,,,,26383701,false,false,3,2022-04-01,2022-06-30,-1
2023-10-30,76000,2024-03-31,2,10952000000,0.096,,,,,617000000,-0.334,632000000,-0.310,,359000000,,13.67,,,,,,30440000000,24717000000,0.807,,24575000000,,,,,,,,,,,,true,false,6,2023-04-01,2023-09-30,0
2023-10-30,76000,2023-03-31,2,9989000000,0.128,,,,,927000000,-0.124,916000000,-0.121,,721000000,,27.35,,,,,,,,,,,,,,,,,,,,,,true,false,6,2022-04-01,2022-09-30,-1
2023-10-30,76000,2024-03-31,2,23600000000,0.108,,,,,1800000000,-0.111,1850000000,-0.095,,1150000000,,43.71,,,,,,,,,,,,,,,,,,,,,,true,true,12,2023-04-01,2024-03-31,0
2023-10-30,76000,2023-03-31,2,,,,,,,,,,,,,,,,,,,,29434000000,23292000000,0.787,,23161000000,,,,,,,,,,,,true,false,12,2022-04-01,2023-03-31,-1
2023-10-30,76000,2023-03-31,2,,,,,,,,,,,,,,,,,,,,,,,,,,,,,13.00,,,,26475880,175107,,false,false,12,2022-04-01,2023-03-31,-1
2023-10-30,76000,2024-03-31,2,,,,,,,,,,,,,,,,,,,,,,,,,,,,,0.00,,,,,,,false,false,12,2023-04-01,2024-03-31,0
2023-10-30,76000,2024-03-31,2,,,,,,,,,,,,,,,,,,,,,,,,,,,,,14.00,,,,,,,false,true,12,2023-04-01,2024-03-31,0
2023-10-30,76000,2024-03-31,2,,,,,,,,,,,,,,,,,,,,,,,,,,,,,,,,,26475880,141197,26311902,false,false,6,2023-04-01,2023-09-30,0
2023-10-30,76000,2023-03-31,2,,,,,,,,,,,,,,,,,,,,,,,,,,,,,,,,,,,26383693,false,false,6,2022-04-01,2022-09-30,-1
2024-01-31,76000,2024-03-31,3,16993000000,0.088,,,,,1183000000,-0.217,1225000000,-0.206,,732000000,,27.85,,,,,,30177000000,24353000000,0.805,,24280000000,,,,,,,,,,,,true,false,9,2023-04-01,2023-12-31,0
2024-01-31,76000,2023-03-31,3,15624000000,0.118,,,,,1510000000,-0.241,1543000000,-0.211,,1138000000,,43.20,,,,,,,,,,,,,,,,,,,,,,true,false,9,2022-04-01,2022-12-31,-1
2024-01-31,76000,2024-03-31,3,23600000000,0.108,,,,,1800000000,-0.111,1850000000,-0.095,,1150000000,,43.71,,,,,,,,,,,,,,,,,,,,,,true,true,12,2023-04-01,2024-03-31,0
2024-01-31,76000,2023-03-31,3,,,,,,,,,,,,,,,,,,,,29434000000,23292000000,0.787,,23161000000,,,,,,,,,,,,true,false,12,2022-04-01,2023-03-31,-1
2024-01-31,76000,2023-03-31,3,,,,,,,,,,,,,,,,,,,,,,,,,,,,,13.00,,,,26475880,175107,,false,false,12,2022-04-01,2023-03-31,-1
2024-01-31,76000,2024-03-31,3,,,,,,,,,,,,,,,,,,,,,,,,,,,,,0.00,,,,,,,false,false,12,2023-04-01,2024-03-31,0
2024-01-31,76000,2024-03-31,3,,,,,,,,,,,,,,,,,,,,,,,,,,,,,14.00,,,,,,,false,true,12,2023-04-01,2024-03-31,0
2024-01-31,76000,2024-03-31,3,,,,,,,,,,,,,,,,,,,,,,,,,,,,,,,,,26475880,141198,26318736,false,false,9,2023-04-01,2023-12-31,0
2024-01-31,76000,2023-03-31,3,,,,,,,,,,,,,,,,,,,,,,,,,,,,,,,,,,,26367107,false,false,9,2022-04-01,2022-12-31,-1
2024-04-30,76000,2024-03-31,,23177000000,0.088,,,,,1746000000,-0.137,1842000000,-0.098,,1271000000,,48.31,,0.052,0.061,0.075,,31485000000,25603000000,0.810,968.74,25511000000,2104000000,-1804000000,-840000000,2321000000,,0.290,,,,,,true,false,12,2023-04-01,2024-03-31,0
2024-04-30,76000,2023-03-31,,21307000000,0.110,,,,,2024000000,-0.239,2043000000,-0.211,,1423000000,,54.03,,0.064,0.072,0.095,,29434000000,23292000000,0.787,880.64,23161000000,2186000000,-1481000000,-514000000,2804000000,,0.241,,,,,,true,false,12,2022-04-01,2023-03-31,-1
2024-04-30,76000,2025-03-31,,11850000000,0.082,,,,,550000000,-0.110,550000000,-0.131,,400000000,,15.20,,,,,,,,,,,,,,,,,,,,,,true,true,6,2024-04-01,2024-09-30,1
2024-04-30,76000,2025-03-31,,25200000000,0.087,,,,,1850000000,0.059,1850000000,0.004,,1300000000,,49.39,,,,,,,,,,,,,,,,0.304,,,,,,true,true,12,2024-04-01,2025-03-31,1
2024-04-30,76000,2024-03-31,,13004000000,0.052,,,,,1093000000,-0.112,1097000000,-0.146,674000000,,-0.079,25.64,,,,,,20481000000,16640000000,0.812,631.91,16640000000,,,,,14.00,,,,26475880,141318,26322392,false,false,12,2023-04-01,2024-03-31,0
2024-04-30,76000,2023-03-31,,12356000000,0.019,,,,,1231000000,-0.332,1285000000,-0.336,732000000,,-0.428,27.80,,,,,,20531000000,16256000000,0.792,618.09,16256000000,,,,,13.00,,,,26475880,175107,26351799,false,false,12,2022-04-01,2023-03-31,-1
2024-04-30,76000,2025-03-31,,,,,,,,,,,,,,,,,,,,,,,,,,,,,,15.00,,,,,,,false,true,12,2024-04-01,2025-03-31,1
2024-07-30,76000,2025-03-31,1,6052000000,0.120,,,,,366000000,0.057,367000000,0.090,,273000000,,10.39,,,,,,31960000000,26432000000,0.824,,26323000000,,,,,,,,,,,,true,false,3,2024-04-01,2024-06-30,0
2024-07-30,76000,2024-03-31,1,5402000000,0.075,,,,,346000000,-0.305,337000000,-0.302,,177000000,,6.74,,,,,,,,,,,,,,,,,,,,,,true,false,3,2023-04-01,2023-06-30,-1
2024-07-30,76000,2025-03-31,1,11850000000,0.082,,,,,550000000,-0.110,550000000,-0.131,,400000000,,15.20,,,,,,,,,,,,,,,,,,,,,,true,true,6,2024-04-01,2024-09-30,0
2024-07-30,76000,2025-03-31,1,25200000000,0.087,,,,,1850000000,0.059,1850000000,0.004,,1300000000,,49.39,,,,,,,,,,,,,,,,,,,,,,true,true,12,2024-04-01,2025-03-31,0
2024-07-30,76000,2024-03-31,1,,,,,,,,,,,,,,,,,,,,31485000000,25603000000,0.810,,25511000000,,,,,,,,,,,,true,false,12,2023-04-01,2024-03-31,-1
2024-07-30,76000,2024-03-31,1,,,,,,,,,,,,,,,,,,,,,,,,,,,,,14.00,,,,26475880,141318,,false,false,12,2023-04-01,2024-03-31,-1
2024-07-30,76000,2025-03-31,1,,,,,,,,,,,,,,,,,,,,,,,,,,,,,15.00,,,,,,,false,true,12,2024-04-01,2025-03-31,0
2024-07-30,76000,2025-03-31,1,,,,,,,,,,,,,,,,,,,,,,,,,,,,,,,,,26475880,141346,26334548,false,false,3,2024-04-01,2024-06-30,0
2024-07-30,76000,2024-03-31,1,,,,,,,,,,,,,,,,,,,,,,,,,,,,,,,,,,,26300759,false,false,3,2023-04-01,2023-06-30,-1
2024-10-30,76000,2025-03-31,2,11817000000,0.079,,,,,669000000,0.083,664000000,0.051,,496000000,,18.85,,,,,,31162000000,24889000000,0.796,,24819000000,,,,,,,,,,,,true,false,6,2024-04-01,2024-09-30,0
2024-10-30,76000,2024-03-31,2,10952000000,0.096,,,,,617000000,-0.334,632000000,-0.310,,359000000,,13.67,,,,,,,,,,,,,,,,,,,,,,true,false,6,2023-04-01,2023-09-30,-1
2024-10-30,76000,2025-03-31,2,25200000000,0.087,,,,,1850000000,0.059,1850000000,0.004,,1300000000,,49.39,,,,,,,,,,,,,,,,,,,,,,true,true,12,2024-04-01,2025-03-31,0
2024-10-30,76000,2024-03-31,2,,,,,,,,,,,,,,,,,,,,31485000000,25603000000,0.810,,25511000000,,,,,,,,,,,,true,false,12,2023-04-01,2024-03-31,-1
2024-10-30,76000,2024-03-31,2,,,,,,,,,,,,,,,,,,,,,,,,,,,,,14.00,,,,26475880,141318,,false,false,12,2023-04-01,2024-03-31,-1
2024-10-30,76000,2025-03-31,2,,,,,,,,,,,,,,,,,,,,,,,,,,,,,0.00,,,,,,,false,false,12,2024-04-01,2025-03-31,0
2024-10-30,76000,2025-03-31,2,,,,,,,,,,,,,,,,,,,,,,,,,,,,,15.00,,,,,,,false,true,12,2024-04-01,2025-03-31,0
2024-10-30,76000,2025-03-31,2,,,,,,,,,,,,,,,,,,,,,,,,,,,,,,,,,26475880,141396,26334528,false,false,6,2024-04-01,2024-09-30,0
2024-10-30,76000,2024-03-31,2,,,,,,,,,,,,,,,,,,,,,,,,,,,,,,,,,,,26311902,false,false,6,2023-04-01,2023-09-30,-1
2025-01-30,76000,2025-03-31,3,18458000000,0.086,,,,,1229000000,0.039,1194000000,-0.025,,879000000,,33.39,,,,,,33797000000,26796000000,0.790,,26700000000,,,,,,,,,,,,true,false,9,2024-04-01,2024-12-31,0
2025-01-30,76000,2024-03-31,3,16993000000,0.088,,,,,1183000000,-0.217,1225000000,-0.206,,732000000,,27.85,,,,,,,,,,,,,,,,,,,,,,true,false,9,2023-04-01,2023-12-31,-1
2025-01-30,76000,2025-03-31,3,25200000000,0.087,,,,,1850000000,0.059,1850000000,0.004,,1300000000,,49.39,,,,,,,,,,,,,,,,,,,,,,true,true,12,2024-04-01,2025-03-31,0
2025-01-30,76000,2024-03-31,3,,,,,,,,,,,,,,,,,,,,31485000000,25603000000,0.810,,25511000000,,,,,,,,,,,,true,false,12,2023-04-01,2024-03-31,-1
2025-01-30,76000,2024-03-31,3,,,,,,,,,,,,,,,,,,,,,,,,,,,,,14.00,,,,26475880,141318,,false,false,12,2023-04-01,2024-03-31,-1
2025-01-30,76000,2025-03-31,3,,,,,,,,,,,,,,,,,,,,,,,,,,,,,0.00,,,,,,,false,false,12,2024-04-01,2025-03-31,0
2025-01-30,76000,2025-03-31,3,,,,,,,,,,,,,,,,,,,,,,,,,,,,,15.00,,,,,,,false,true,12,2024-04-01,2025-03-31,0
2025-01-30,76000,2025-03-31,3,,,,,,,,,,,,,,,,,,,,,,,,,,,,,,,,,26475880,141438,26334505,false,false,9,2024-04-01,2024-12-31,0
2025-01-30,76000,2024-03-31,3,,,,,,,,,,,,,,,,,,,,,,,,,,,,,,,,,,,26318736,false,false,9,2023-04-01,2023-12-31,-1
2025-03-27,76000,2025-03-31,,25000000000,-0.008,,,,,1500000000,-0.189,1460000000,-0.211,,-250000000,,49.39,,,,,,,,,,,,,,,,,,,,,,true,true,12,2024-04-01,2025-03-31,0
2025-03-27,76000,2024-03-31,,23177000000,,,,,,1746000000,,1842000000,,,1271000000,,48.31,,,,,,,,,,,,,,,,,,,,,,true,false,12,2023-04-01,2024-03-31,-1
2025-04-30,76000,2025-03-31,,25114000000,0.084,,,,,1555000000,-0.109,1488000000,-0.192,,-461000000,,-17.54,,-0.018,0.046,0.062,,33667000000,24741000000,0.733,937.15,24679000000,1046000000,-1666000000,1490000000,3182000000,,,,,,,,true,false,12,2024-04-01,2025-03-31,0
2025-04-30,76000,2024-03-31,,23177000000,0.088,,,,,1746000000,-0.137,1842000000,-0.098,,1271000000,,48.31,,0.052,0.061,0.075,,31485000000,25603000000,0.810,968.74,25511000000,2104000000,-1804000000,-840000000,2321000000,,0.290,,,,,,true,false,12,2023-04-01,2024-03-31,-1
2025-04-30,76000,2026-03-31,,12250000000,0.037,,,,,600000000,-0.103,500000000,-0.248,,350000000,,13.29,,,,,,,,,,,,,,,,,,,,,,true,true,6,2025-04-01,2025-09-30,1
2025-04-30,76000,2026-03-31,,26400000000,0.051,,,,,1850000000,0.189,1700000000,0.142,,1450000000,,55.06,,,,,,,,,,,,,,,,0.309,,,,,,true,true,12,2025-04-01,2026-03-31,1
2025-04-30,76000,2025-03-31,,13634000000,0.048,,,,,794000000,-0.273,789000000,-0.281,518000000,,-0.231,19.70,,,,,,20609000000,16822000000,0.816,638.79,16822000000,,,,,15.00,,,,26475880,141438,26334491,false,false,12,2024-04-01,2025-03-31,0
2025-04-30,76000,2024-03-31,,13004000000,0.052,,,,,1093000000,-0.112,1097000000,-0.146,674000000,,-0.079,25.64,,,,,,20481000000,16640000000,0.812,631.91,16640000000,,,,,14.00,,,,26475880,141318,26322392,false,false,12,2023-04-01,2024-03-31,-1
2025-04-30,76000,2026-03-31,,,,,,,,,,,,,,,,,,,,,,,,,,,,,,17.00,,,,,,,false,true,12,2025-04-01,2026-03-31,1
2025-07-30,76000,2026-03-31,1,5920000000,-0.022,,,,,150000000,-0.589,105000000,-0.714,,65000000,,2.50,,,,,,32216000000,23966000000,0.744,,23955000000,,,,,,,,,,,,true,false,3,2025-04-01,2025-06-30,0
2025-07-30,76000,2025-03-31,1,6052000000,0.120,,,,,366000000,0.057,367000000,0.090,,273000000,,10.39,,,,,,,,,,,,,,,,,,,,,,true,false,3,2024-04-01,2024-06-30,-1
2025-07-30,76000,2026-03-31,1,12250000000,0.037,,,,,600000000,-0.103,500000000,-0.248,,350000000,,13.29,,,,,,,,,,,,,,,,,,,,,,true,true,6,2025-04-01,2025-09-30,0
2025-07-30,76000,2026-03-31,1,26400000000,0.051,,,,,1850000000,0.189,1700000000,0.142,,1450000000,,55.06,,,,,,,,,,,,,,,,,,,,,,true,true,12,2025-04-01,2026-03-31,0
2025-07-30,76000,2025-03-31,1,,,,,,,,,,,,,,,,,,,,33667000000,24741000000,0.733,,24679000000,,,,,,,,,,,,true,false,12,2024-04-01,2025-03-31,-1
2025-07-30,76000,2025-03-31,1,,,,,,,,,,,,,,,,,,,,,,,,,,,,,15.00,,,,26475880,141438,,false,false,12,2024-04-01,2025-03-31,-1
2025-07-30,76000,2026-03-31,1,,,,,,,,,,,,,,,,,,,,,,,,,,,,,17.00,,,,,,,false,true,12,2025-04-01,2026-03-31,0
2025-07-30,76000,2026-03-31,1,,,,,,,,,,,,,,,,,,,,,,,,,,,,,,,,,26475880,141438,26334442,false,false,3,2025-04-01,2025-06-30,0
2025-07-30,76000,2025-03-31,1,,,,,,,,,,,,,,,,,,,,,,,,,,,,,,,,,,,26334548,false,false,3,2024-04-01,2024-06-30,-1
