filing_date,code,fiscal_year_end,quarterly_period,net_sales,net_sales_change,revenue,revenue_change,operating_revenue,operating_revenue_change,operating_profit,operating_profit_change,ordinary_profit,ordinary_profit_change,net_income,net_income_of_parent,net_income_change,eps,diluted_eps,roe,roa,operating_profit_to_net_sales,operating_profit_to_revenue,total_assets,net_assets,equity_ratio,bps,owner_equity,operating_cash_flow,investing_cash_flow,financing_cash_flow,cash,dividend_per_share,payout_ratio,commemorative_dividend,extra_dividend,number_of_shares,number_of_treqsury_shares,avg_number_of_shares,is_consolidated,is_forecast,duration,period_start,period_end,period_pos
2015-06-26,76110,2016-02-29,1,9145000000,0.069,,,,,1216000000,0.097,1214000000,0.087,712000000,,0.070,35.61,,,,,,22993000000,17259000000,0.751,,17259000000,,,,,,,,,20068980,58400,20011525,false,false,3,2015-03-01,2015-05-31,0
2015-06-26,76110,2015-02-28,1,8555000000,0.084,,,,,1108000000,0.008,1117000000,0.009,666000000,,0.009,33.27,,,,,,,,,,,,,,,,,,,,,20020414,false,false,3,2014-03-01,2014-05-31,-1
2015-06-26,76110,2016-02-29,1,18080000000,0.057,,,,,2180000000,0.008,2180000000,0.004,1300000000,,0.015,64.95,,,,,,,,,,,,,,,,,,,,,,false,true,6,2015-03-01,2015-08-31,0
2015-06-26,76110,2016-02-29,1,36900000000,0.072,,,,,4300000000,0.061,4300000000,0.070,2550000000,,0.112,127.39,,,,,,,,,,,,,,,36.00,,,,,,,false,true,12,2015-03-01,2016-02-29,0
2015-06-26,76110,2015-02-28,1,,,,,,,,,,,,,,,,,,,,23174000000,16854000000,0.727,,16854000000,,,,,36.00,,,,20068980,52255,,false,false,12,2014-03-01,2015-02-28,-1
2015-09-28,76110,2016-02-29,2,18283000000,0.069,,,,,2405000000,0.113,2367000000,0.091,1497000000,,0.170,74.85,,,,,,23763000000,18035000000,0.759,,18035000000,,,,,,,,,20068980,59545,20010752,false,false,6,2015-03-01,2015-08-31,0
2015-09-28,76110,2015-02-28,2,17108000000,0.080,,,,,2162000000,0.054,2170000000,0.062,1280000000,,0.048,63.95,,,,,,,,,,,,,,,,,,,,,20019680,false,false,6,2014-03-01,2014-08-31,-1
2015-09-28,76110,2016-02-29,2,36900000000,0.072,,,,,4300000000,0.061,4300000000,0.070,2550000000,,0.112,127.39,,,,,,,,,,,,,,,36.00,,,,,,,false,true,12,2015-03-01,2016-02-29,0
2015-09-28,76110,2015-02-28,2,,,,,,,,,,,,,,,,,,,,23174000000,16854000000,0.727,,16854000000,,,,,36.00,,,,20068980,,,false,false,12,2014-03-01,2015-02-28,-1
2015-09-28,76110,2016-02-29,2,,,,,,,,,,,,,,,,,,,,,,,,,,,,,18.00,,,,,,,false,false,12,2015-03-01,2016-02-29,0
2015-09-28,76110,2015-02-28,2,,,,,,,,,,,,,,,,,,,,,,,,,,,,,,,,,,52255,,false,false,3,2014-03-01,2014-05-31,-1
2015-12-24,76110,2016-02-29,3,27382000000,0.067,,,,,3567000000,0.108,3506000000,0.096,2188000000,,0.168,109.35,,,,,,24071000000,18366000000,0.763,,18366000000,,,,,,,,,20068980,60287,20010194,false,false,9,2015-03-01,2015-11-30,0
2015-12-24,76110,2015-02-28,3,25674000000,0.081,,,,,3218000000,0.110,3200000000,0.107,1872000000,,0.114,93.56,,,,,,,,,,,,,,,,,,,,,20019196,false,false,9,2014-03-01,2014-11-30,-1
2015-12-24,76110,2016-02-29,3,36900000000,0.072,,,,,4300000000,0.061,4300000000,0.070,2550000000,,0.112,127.39,,,,,,,,,,,,,,,36.00,,,,,,,false,true,12,2015-03-01,2016-02-29,0
2015-12-24,76110,2015-02-28,3,,,,,,,,,,,,,,,,,,,,23174000000,16854000000,0.727,,16854000000,,,,,36.00,,,,20068980,52255,,false,false,12,2014-03-01,2015-02-28,-1
2015-12-24,76110,2016-02-29,3,,,,,,,,,,,,,,,,,,,,,,,,,,,,,18.00,,,,,,,false,false,12,2015-03-01,2016-02-29,0
2016-04-05,76110,2016-02-29,,36795000000,0.069,,,,,4332000000,0.069,4254000000,0.058,2758000000,,0.203,114.89,,0.154,0.176,0.118,,25136000000,18904000000,0.752,787.37,18904000000,4127000000,-1951000000,-847000000,6801000000,36.00,0.261,,,24082776,73544,24011629,false,false,12,2015-03-01,2016-02-29,0
2016-04-05,76110,2015-02-28,,34424000000,0.076,,,,,4053000000,0.083,4019000000,0.085,2293000000,,0.073,95.49,,0.144,0.185,0.118,,23174000000,16854000000,0.727,701.69,16854000000,5166000000,-2795000000,-888000000,5473000000,36.00,0.262,,,24082776,62706,24022412,false,false,12,2014-03-01,2015-02-28,-1
2016-04-05,76110,2017-02-28,,19400000000,0.061,,,,,2420000000,0.006,2380000000,0.005,1520000000,,0.015,63.31,,,,,,,,,,,,,,,,,,,,,,false,true,6,2016-03-01,2016-08-31,1
2016-04-05,76110,2017-02-28,,39200000000,0.065,,,,,4660000000,0.076,4600000000,0.081,2800000000,,0.015,116.62,,,,,,,,,,,,,,,36.00,0.309,,,,,,false,true,12,2016-03-01,2017-02-28,1
2016-06-27,76110,2017-02-28,1,9568000000,0.046,,,,,1263000000,0.039,1270000000,0.046,806000000,,0.131,33.59,,,,,,25178000000,19335000000,0.768,,19335000000,,,,,,,,,24082776,79504,24004139,false,false,3,2016-03-01,2016-05-31,0
2016-06-27,76110,2016-02-28,1,9145000000,0.069,,,,,1216000000,0.097,1214000000,0.087,712000000,,0.070,29.68,,,,,,,,,,,,,,,,,,,,,24013830,false,false,3,2015-03-01,2015-05-31,-1
2016-06-27,76110,2017-02-28,1,19400000000,0.061,,,,,2420000000,0.006,2380000000,0.005,1520000000,,0.015,63.31,,,,,,,,,,,,,,,,,,,,,,false,true,6,2016-03-01,2016-08-31,0
2016-06-27,76110,2017-02-28,1,39200000000,0.065,,,,,4660000000,0.076,4600000000,0.081,2800000000,,0.015,116.62,,,,,,,,,,,,,,,36.00,,,,,,,false,true,12,2016-03-01,2017-02-28,0
2016-06-27,76110,2016-02-28,1,,,,,,,,,,,,,,,,,,,,25136000000,18904000000,0.752,,18904000000,,,,,36.00,,,,24082776,73544,,false,false,12,2015-03-01,2016-02-29,-1
2016-09-28,76110,2017-02-28,2,19171000000,0.049,,,,,2555000000,0.062,2539000000,0.073,1625000000,,0.085,67.72,,,,,,26051000000,20152000000,0.774,,20152000000,,,,,,,,,24082776,79784,24003637,false,false,6,2016-03-01,2016-08-31,0
2016-09-28,76110,2016-02-28,2,18283000000,0.069,,,,,2405000000,0.113,2367000000,0.091,1497000000,,0.170,62.37,,,,,,,,,,,,,,,,,,,,,24012902,false,false,6,2015-03-01,2015-08-31,-1
2016-09-28,76110,2017-02-28,2,39200000000,0.065,,,,,4660000000,0.076,4600000000,0.081,2800000000,,0.015,116.62,,,,,,,,,,,,,,,36.00,,,,,,,false,true,12,2016-03-01,2017-02-28,0
2016-09-28,76110,2016-02-28,2,,,,,,,,,,,,,,,,,,,,25136000000,18904000000,0.752,,18904000000,,,,,36.00,,,,24082776,73544,,false,false,12,2015-03-01,2016-02-29,-1
2016-09-28,76110,2017-02-28,2,,,,,,,,,,,,,,,,,,,,,,,,,,,,,18.00,,,,,,,false,false,12,2016-03-01,2017-02-28,0
2016-12-26,76110,2017-02-28,3,28678000000,0.047,,,,,3714000000,0.041,3682000000,0.050,2366000000,,0.082,98.59,,,,,,26224000000,20469000000,0.781,,20469000000,,,,,,,,,24082776,80256,24003343,false,false,9,2016-03-01,2016-11-30,0
2016-12-26,76110,2016-02-28,3,27382000000,0.067,,,,,3567000000,0.108,3506000000,0.096,2188000000,,0.168,91.13,,,,,,,,,,,,,,,,,,,,,24012233,false,false,9,2015-03-01,2015-11-30,-1
2016-12-26,76110,2017-02-28,3,39200000000,0.065,,,,,4660000000,0.076,4600000000,0.081,2800000000,,0.015,116.62,,,,,,,,,,,,,,,36.00,,,,,,,false,true,12,2016-03-01,2017-02-28,0
2016-12-26,76110,2016-02-28,3,,,,,,,,,,,,,,,,,,,,25136000000,18904000000,0.752,,18904000000,,,,,36.00,,,,24082776,73544,,false,false,12,2015-03-01,2016-02-29,-1
2016-12-26,76110,2017-02-28,3,,,,,,,,,,,,,,,,,,,,,,,,,,,,,18.00,,,,,,,false,false,12,2016-03-01,2017-02-28,0
2017-04-05,76110,2017-02-28,,38514000000,0.047,,,,,4564000000,0.053,4567000000,0.074,2916000000,,0.057,101.26,,0.146,0.175,0.119,,27067000000,21025000000,0.777,730.00,21025000000,4280000000,-1937000000,-936000000,8209000000,36.00,0.296,,,28899331,97400,28803647,false,false,12,2016-03-01,2017-02-28,0
2017-04-05,76110,2016-02-28,,36795000000,0.069,,,,,4332000000,0.069,4254000000,0.058,2758000000,,0.203,95.74,,0.154,0.176,0.118,,25136000000,18904000000,0.752,656.14,18904000000,4127000000,-1951000000,-847000000,6801000000,36.00,0.261,,,28899331,88253,28813955,false,false,12,2015-03-01,2016-02-29,-1
2017-04-05,76110,2018-02-28,,19900000000,0.038,,,,,2600000000,0.017,2600000000,0.024,1640000000,,0.009,56.94,,,,,,,,,,,,,,,,,,,,,,false,true,6,2017-03-01,2017-08-31,1
2017-04-05,76110,2018-02-28,,40000000000,0.039,,,,,4700000000,0.030,4680000000,0.025,2950000000,,0.012,102.42,,,,,,,,,,,,,,,36.00,0.351,,,,,,false,true,12,2017-03-01,2018-02-28,1
2017-06-27,76110,2018-02-28,1,10138000000,0.060,,,,,1442000000,0.142,1452000000,0.143,982000000,,0.218,34.11,,,,,,27568000000,21554000000,0.782,,21554000000,,,,,,,,,28899331,103189,28797382,false,false,3,2017-03-01,2017-05-31,0
2017-06-27,76110,2017-02-28,1,9568000000,0.046,,,,,1263000000,0.039,1270000000,0.046,806000000,,0.131,27.99,,,,,,,,,,,,,,,,,,,,,28804966,false,false,3,2016-03-01,2016-05-31,-1
2017-06-27,76110,2018-02-28,1,19900000000,0.038,,,,,2600000000,0.017,2600000000,0.024,1640000000,,0.009,56.94,,,,,,,,,,,,,,,,,,,,,,false,true,6,2017-03-01,2017-08-31,0
2017-06-27,76110,2018-02-28,1,40000000000,0.039,,,,,4700000000,0.030,4680000000,0.025,2950000000,,0.012,102.42,,,,,,,,,,,,,,,36.00,,,,,,,false,true,12,2017-03-01,2018-02-28,0
2017-06-27,76110,2017-02-28,1,,,,,,,,,,,,,,,,,,,,27067000000,21025000000,0.777,,21025000000,,,,,36.00,,,,28899331,97400,,false,false,12,2016-03-01,2017-02-28,-1
2017-09-28,76110,2018-02-28,2,20248000000,0.056,,,,,2651000000,0.037,2644000000,0.041,1735000000,,0.068,60.27,,,,,,28472000000,22301000000,0.783,,22301000000,,,,,,,,,28899331,104611,28796380,false,false,6,2017-03-01,2017-08-31,0
2017-09-28,76110,2017-02-28,2,19171000000,0.049,,,,,2555000000,0.062,2539000000,0.073,1625000000,,0.085,56.43,,,,,,,,,,,,,,,,,,,,,28804364,false,false,6,2016-03-01,2016-08-31,-1
2017-09-28,76110,2018-02-28,2,40000000000,0.039,,,,,4700000000,0.030,4680000000,0.025,2950000000,,0.012,102.42,,,,,,,,,,,,,,,36.00,,,,,,,false,true,12,2017-03-01,2018-02-28,0
2017-09-28,76110,2017-02-28,2,,,,,,,,,,,,,,,,,,,,27067000000,21025000000,0.777,,21025000000,,,,,36.00,,,,28899331,97400,,false,false,12,2016-03-01,2017-02-28,-1
2017-09-28,76110,2018-02-28,2,,,,,,,,,,,,,,,,,,,,,,,,,,,,,18.00,,,,,,,false,false,12,2017-03-01,2018-02-28,0
2017-12-26,76110,2018-02-28,3,30253000000,0.055,,,,,3741000000,0.007,3703000000,0.006,2420000000,,0.023,84.05,,,,,,28402000000,22471000000,0.791,,22471000000,,,,,,,,,28899331,105876,28795627,false,false,9,2017-03-01,2017-11-30,0
2017-12-26,76110,2017-02-28,3,28678000000,0.047,,,,,3714000000,0.041,3682000000,0.050,2366000000,,0.082,82.16,,,,,,,,,,,,,,,,,,,,,28804011,false,false,9,2016-03-01,2016-11-30,-1
2017-12-26,76110,2018-02-28,3,40000000000,0.039,,,,,4700000000,0.030,4680000000,0.025,2950000000,,0.012,102.42,,,,,,,,,,,,,,,36.00,,,,,,,false,true,12,2017-03-01,2018-02-28,0
2017-12-26,76110,2017-02-28,3,,,,,,,,,,,,,,,,,,,,27067000000,21025000000,0.777,,21025000000,,,,,36.00,,,,28899331,97400,,false,false,12,2016-03-01,2017-02-28,-1
2017-12-26,76110,2018-02-28,3,,,,,,,,,,,,,,,,,,,,,,,,,,,,,18.00,,,,,,,false,false,12,2017-03-01,2018-02-28,0
2018-04-05,76110,2018-02-28,,40643000000,0.055,,,,,4679000000,0.025,4599000000,0.007,3021000000,,0.036,87.45,,0.137,0.163,0.115,,29310000000,23070000000,0.787,667.73,23070000000,4652000000,-1431000000,-1094000000,10336000000,36.00,0.343,,,34679197,127894,34553973,false,false,12,2017-03-01,2018-02-28,0
2018-04-05,76110,2017-02-28,,38514000000,0.047,,,,,4564000000,0.053,4567000000,0.074,2916000000,,0.057,84.38,,0.146,0.175,0.119,,27067000000,21025000000,0.777,608.33,21025000000,4280000000,-1937000000,-936000000,8209000000,36.00,0.296,,,34679197,116880,34564377,false,false,12,2016-03-01,2017-02-28,-1
2018-04-05,76110,2019-02-28,,21400000000,0.057,,,,,2760000000,0.041,2740000000,0.036,1800000000,,0.037,52.10,,,,,,,,,,,,,,,,,,,,,,false,true,6,2018-03-01,2018-08-31,1
2018-04-05,76110,2019-02-28,,43000000000,0.058,,,,,4900000000,0.047,4850000000,0.055,3190000000,,0.056,92.33,,,,,,,,,,,,,,,36.00,0.390,,,,,,false,true,12,2018-03-01,2019-02-28,1
2018-06-27,76110,2019-02-28,1,10643000000,0.050,,,,,1356000000,-0.060,1364000000,-0.061,917000000,,-0.066,26.55,,,,,,29508000000,23449000000,0.795,,23449000000,,,,,,,,,34679197,133924,34546412,false,false,3,2018-03-01,2018-05-31,0
2018-06-27,76110,2018-02-28,1,10138000000,0.060,,,,,1442000000,0.142,1452000000,0.143,982000000,,0.218,28.42,,,,,,,,,,,,,,,,,,,,,34556859,false,false,3,2017-03-01,2017-05-31,-1
2018-06-27,76110,2019-02-28,1,21400000000,0.057,,,,,2760000000,0.041,2740000000,0.036,1800000000,,0.037,52.10,,,,,,,,,,,,,,,,,,,,,,false,true,6,2018-03-01,2018-08-31,0
2018-06-27,76110,2019-02-28,1,43000000000,0.058,,,,,4900000000,0.047,4850000000,0.055,3190000000,,0.056,92.33,,,,,,,,,,,,,,,36.00,,,,,,,false,true,12,2018-03-01,2019-02-28,0
2018-06-27,76110,2018-02-28,1,,,,,,,,,,,,,,,,,,,,29310000000,23070000000,0.787,,23070000000,,,,,36.00,,,,34679197,127894,,false,false,12,2017-03-01,2018-02-28,-1
2018-09-28,76110,2019-02-28,2,21105000000,0.042,,,,,2561000000,-0.034,2560000000,-0.032,1711000000,,-0.014,49.55,,,,,,30294000000,24240000000,0.800,,24240000000,,,,,,,,,34679197,135033,34545568,false,false,6,2018-03-01,2018-08-31,0
2018-09-28,76110,2018-02-28,2,20248000000,0.056,,,,,2651000000,0.037,2644000000,0.041,1735000000,,0.068,50.23,,,,,,,,,,,,,,,,,,,,,34555656,false,false,6,2017-03-01,2017-08-31,-1
2018-09-28,76110,2019-02-28,2,43000000000,0.058,,,,,4900000000,0.047,4850000000,0.055,3190000000,,0.056,92.33,,,,,,,,,,,,,,,36.00,,,,,,,false,true,12,2018-03-01,2019-02-28,0
2018-09-28,76110,2018-02-28,2,,,,,,,,,,,,,,,,,,,,29310000000,23070000000,0.787,,23070000000,,,,,36.00,,,,34679197,127894,,false,false,12,2017-03-01,2018-02-28,-1
2018-09-28,76110,2019-02-28,2,,,,,,,,,,,,,,,,,,,,,,,,,,,,,18.00,,,,,,,false,false,12,2018-03-01,2019-02-28,0
2018-12-26,76110,2019-02-28,3,31395000000,0.038,,,,,3664000000,-0.021,3640000000,-0.017,2415000000,,-0.002,69.92,,,,,,30031000000,24317000000,0.810,,24317000000,,,,,,,,,34679197,135478,34545049,false,false,9,2018-03-01,2018-11-30,0
2018-12-26,76110,2018-02-28,3,30253000000,0.055,,,,,3741000000,0.007,3703000000,0.006,2420000000,,0.023,70.04,,,,,,,,,,,,,,,,,,,,,34554752,false,false,9,2017-03-01,2017-11-30,-1
2018-12-26,76110,2019-02-28,3,43000000000,0.058,,,,,4900000000,0.047,4850000000,0.055,3190000000,,0.056,92.33,,,,,,,,,,,,,,,36.00,,,,,,,false,true,12,2018-03-01,2019-02-28,0
2018-12-26,76110,2018-02-28,3,,,,,,,,,,,,,,,,,,,,29310000000,23070000000,0.787,,23070000000,,,,,36.00,,,,34679197,127894,,false,false,12,2017-03-01,2018-02-28,-1
2018-12-26,76110,2019-02-28,3,,,,,,,,,,,,,,,,,,,,,,,,,,,,,18.00,,,,,,,false,false,12,2018-03-01,2019-02-28,0
2019-04-04,76110,2019-02-28,,41862000000,0.030,,,,,4729000000,0.011,4697000000,0.021,3081000000,,0.020,81.10,,0.128,0.156,0.113,,30775000000,24972000000,0.811,657.22,24972000000,4131000000,-1360000000,-1251000000,11856000000,36.00,0.404,,,38147116,149857,37999110,false,false,12,2018-03-01,2019-02-28,0
2019-04-04,76110,2018-02-28,,40643000000,0.055,,,,,4679000000,0.025,4599000000,0.007,3021000000,,0.036,79.50,,0.137,0.163,0.115,,29310000000,23070000000,0.787,607.02,23070000000,4652000000,-1431000000,-1094000000,10336000000,36.00,0.343,,,38147116,140683,38009370,false,false,12,2017-03-01,2018-02-28,-1
2019-04-04,76110,2020-02-28,,21700000000,0.028,,,,,2600000000,0.015,2560000000,0.000,1720000000,,0.005,45.27,,,,,,,,,,,,,,,,,,,,,,false,true,6,2019-03-01,2019-08-31,1
2019-04-04,76110,2020-02-28,,43500000000,0.039,,,,,4800000000,0.015,4730000000,0.007,3115000000,,0.011,81.98,,,,,,,,,,,,,,,36.00,0.439,,,,,,false,true,12,2019-03-01,2020-02-29,1
2019-06-27,76110,2020-02-29,1,10689000000,0.004,,,,,1285000000,-0.053,1286000000,-0.057,859000000,,-0.063,22.61,,,,,,30974000000,25190000000,0.813,,25190000000,,,,,,,,,38147116,152973,37994350,false,false,3,2019-03-01,2019-05-31,0
2019-06-27,76110,2019-02-28,1,10643000000,0.050,,,,,1356000000,-0.060,1364000000,-0.061,917000000,,-0.066,24.14,,,,,,,,,,,,,,,,,,,,,38001053,false,false,3,2018-03-01,2018-05-31,-1
2019-06-27,76110,2020-02-29,1,21700000000,0.028,,,,,2600000000,0.015,2560000000,0.000,1720000000,,0.005,45.27,,,,,,,,,,,,,,,,,,,,,,false,true,6,2019-03-01,2019-08-31,0
2019-06-27,76110,2020-02-29,1,43500000000,0.039,,,,,4800000000,0.015,4730000000,0.007,3115000000,,0.011,81.98,,,,,,,,,,,,,,,36.00,,,,,,,false,true,12,2019-03-01,2020-02-29,0
2019-06-27,76110,2019-02-28,1,,,,,,,,,,,,,,,,,,,,30775000000,24972000000,0.811,,24972000000,,,,,36.00,,,,38147116,149857,,false,false,12,2018-03-01,2019-02-28,-1
2019-09-27,76110,2020-02-29,2,21102000000,-0.000,,,,,2280000000,-0.110,2274000000,-0.112,1487000000,,-0.131,39.17,,,,,,32029000000,25835000000,0.807,,25835000000,,,,,,,,,38147116,157850,37990738,false,false,6,2019-03-01,2019-08-31,0
2019-09-27,76110,2019-02-28,2,21105000000,0.042,,,,,2561000000,-0.034,2560000000,-0.032,1711000000,,-0.014,45.05,,,,,,,,,,,,,,,,,,,,,38000124,false,false,6,2018-03-01,2018-08-31,-1
2019-09-27,76110,2020-02-29,2,43500000000,0.039,,,,,4800000000,0.015,4730000000,0.007,3115000000,,0.011,81.98,,,,,,,,,,,,,,,36.00,,,,,,,false,true,12,2019-03-01,2020-02-29,0
2019-09-27,76110,2019-02-28,2,,,,,,,,,,,,,,,,,,,,30775000000,24972000000,0.811,,24972000000,,,,,36.00,,,,38147116,149857,,false,false,12,2018-03-01,2019-02-28,-1
2019-09-27,76110,2020-02-29,2,,,,,,,,,,,,,,,,,,,,,,,,,,,,,18.00,,,,,,,false,false,12,2019-03-01,2020-02-29,0
2019-12-26,76110,2020-02-29,3,31421000000,0.001,,,,,3065000000,-0.163,3056000000,-0.160,1931000000,,-0.200,50.85,,,,,,31329000000,25594000000,0.817,,25594000000,,,,,,,,,38147116,159675,37990021,false,false,9,2019-03-01,2019-11-30,0
2019-12-26,76110,2019-02-28,3,31395000000,0.038,,,,,3664000000,-0.021,3640000000,-0.017,2415000000,,-0.002,63.56,,,,,,,,,,,,,,,,,,,,,37999553,false,false,9,2018-03-01,2018-11-30,-1
2019-12-26,76110,2020-02-29,3,42000000000,0.003,,,,,4100000000,-0.133,4090000000,-0.129,2630000000,,-0.146,69.21,,,,,,,,,,,,,,,36.00,,,,,,,false,true,12,2019-03-01,2020-02-29,0
2019-12-26,76110,2019-02-28,3,,,,,,,,,,,,,,,,,,,,30775000000,24972000000,0.811,,24972000000,,,,,36.00,,,,38147116,149857,,false,false,12,2018-03-01,2019-02-28,-1
2019-12-26,76110,2020-02-29,3,,,,,,,,,,,,,,,,,,,,,,,,,,,,,18.00,,,,,,,false,false,12,2019-03-01,2020-02-29,0
2020-04-03,76110,2020-02-29,,42209000000,0.008,,,,,4096000000,-0.134,4112000000,-0.124,2578000000,,-0.163,67.88,,0.101,0.130,0.097,,32498000000,26235000000,0.807,690.64,26235000000,3657000000,-1386000000,-1326000000,12801000000,36.00,0.530,,,38147116,160746,37989233,false,false,12,2019-03-01,2020-02-29,0
2020-04-03,76110,2019-02-28,,41862000000,0.030,,,,,4729000000,0.011,4697000000,0.021,3081000000,,0.020,81.10,,0.128,0.156,0.113,,30775000000,24972000000,0.811,657.22,24972000000,4131000000,-1360000000,-1251000000,11856000000,36.00,0.404,,,38147116,149857,37999110,false,false,12,2018-03-01,2019-02-28,-1
2020-04-03,76110,2021-02-28,,,,,,,,,,,,,,,,,,,,,,,,,,,,,,36.00,,,,,,,false,true,12,2020-03-01,2021-02-28,1
2020-06-29,76110,2021-02-28,1,6472000000,-0.395,,,,,-1509000000,,-1508000000,,-1263000000,,,-33.25,,,,,,28824000000,24283000000,0.842,,24283000000,,,,,,,,,38147116,161645,37985922,false,false,3,2020-03-01,2020-05-31,0
2020-06-29,76110,2020-02-28,1,10689000000,0.004,,,,,1285000000,-0.053,1286000000,-0.057,859000000,,-0.063,22.61,,,,,,,,,,,,,,,,,,,,,37994350,false,false,3,2019-03-01,2019-05-31,-1
2020-06-29,76110,2020-02-28,1,,,,,,,,,,,,,,,,,,,,32498000000,26235000000,0.807,,26235000000,,,,,36.00,,,,38147116,160746,,false,false,12,2019-03-01,2020-02-29,-1
2020-06-29,76110,2021-02-28,1,,,,,,,,,,,,,,,,,,,,,,,,,,,,,36.00,,,,,,,false,true,12,2020-03-01,2021-02-28,0
2020-09-28,76110,2021-02-28,2,14109000000,-0.331,,,,,-2070000000,,-2061000000,,-1714000000,,,-45.13,,,,,,28152000000,23833000000,0.847,,23833000000,,,,,,,,,38147116,162536,37985464,false,false,6,2020-03-01,2020-08-31,0
2020-09-28,76110,2020-02-28,2,21102000000,-0.000,,,,,2280000000,-0.110,2274000000,-0.112,1487000000,,-0.131,39.17,,,,,,,,,,,,,,,,,,,,,37990738,false,false,6,2019-03-01,2019-08-31,-1
2020-09-28,76110,2020-02-28,2,,,,,,,,,,,,,,,,,,,,32498000000,26235000000,0.807,,26235000000,,,,,36.00,,,,38147116,160746,,false,false,12,2019-03-01,2020-02-29,-1
2020-09-28,76110,2021-02-28,2,,,,,,,,,,,,,,,,,,,,,,,,,,,,,18.00,,,,,,,false,false,12,2020-03-01,2021-02-28,0
2020-09-28,76110,2021-02-28,2,,,,,,,,,,,,,,,,,,,,,,,,,,,,,36.00,,,,,,,false,true,12,2020-03-01,2021-02-28,0
2020-12-28,76110,2021-02-28,3,22747000000,-0.276,,,,,-2064000000,,-2067000000,,-1920000000,,,-50.56,,,,,,27333000000,22942000000,0.839,,22942000000,,,,,,,,,38147116,163390,37985071,false,false,9,2020-03-01,2020-11-30,0
2020-12-28,76110,2020-02-28,3,31421000000,0.001,,,,,3065000000,-0.163,3056000000,-0.160,1931000000,,-0.200,50.85,,,,,,,,,,,,,,,,,,,,,37990021,false,false,9,2019-03-01,2019-11-30,-1
2020-12-28,76110,2021-02-28,3,31100000000,-0.263,,,,,-2100000000,,-2100000000,,-1950000000,,,-51.33,,,,,,,,,,,,,,,36.00,,,,,,,false,true,12,2020-03-01,2021-02-28,0
2020-12-28,76110,2020-02-28,3,,,,,,,,,,,,,,,,,,,,32498000000,26235000000,0.807,,26235000000,,,,,36.00,,,,38147116,160746,,false,false,12,2019-03-01,2020-02-29,-1
2020-12-28,76110,2021-02-28,3,,,,,,,,,,,,,,,,,,,,,,,,,,,,,18.00,,,,,,,false,false,12,2020-03-01,2021-02-28,0
2021-04-07,76110,2021-02-28,,29563000000,-0.300,,,,,-2799000000,,-2778000000,,-2946000000,,,-77.58,,-0.122,-0.094,-0.095,,25726000000,21916000000,0.852,577.03,21916000000,-4472000000,-27000000,-1375000000,6925000000,36.00,-0.464,,,38147116,165136,37984536,false,false,12,2020-03-01,2021-02-28,0
2021-04-07,76110,2020-02-28,,42209000000,0.008,,,,,4096000000,-0.134,4112000000,-0.124,2578000000,,-0.163,67.88,,0.101,0.130,0.097,,32498000000,26235000000,0.807,690.64,26235000000,3657000000,-1386000000,-1326000000,12801000000,36.00,0.530,,,38147116,160746,37989233,false,false,12,2019-03-01,2020-02-29,-1
2021-07-02,76110,2022-02-28,1,5935000000,-0.083,,,,,-1211000000,,39000000,,78000000,,,2.07,,,,,,25298000000,21314000000,0.843,,21314000000,,,,,,,,,38147116,166103,37981447,false,false,3,2021-03-01,2021-05-31,0
2021-07-02,76110,2021-02-28,1,6472000000,-0.395,,,,,-1509000000,,-1508000000,,-1263000000,,,-33.25,,,,,,,,,,,,,,,,,,,,,37985922,false,false,3,2020-03-01,2020-05-31,-1
2021-07-02,76110,2022-02-28,1,30000000000,0.015,,,,,-2800000000,,1300000000,,1000000000,,,26.33,,,,,,,,,,,,,,,,,,,,,,false,true,12,2021-03-01,2022-02-28,0
2021-07-02,76110,2021-02-28,1,,,,,,,,,,,,,,,,,,,,25726000000,21916000000,0.852,,21916000000,,,,,36.00,,,,38147116,165136,,false,false,12,2020-03-01,2021-02-28,-1
,76110,2022-02-28,,,,,,,,,,,,,,,,,,,,,,,,,,,,,,12.00,,,,,,,false,true,12,2021-03-01,2022-02-28,0
,76110,2021-02-28,,,,,,,,,,,,,,,,,,,,,,,,,,,,,,36.00,,,,,,,false,false,12,2020-03-01,2021-02-28,-1
2021-09-30,7611,2022-02-28,2,11396000000,-0.192,,,,,-2602000000,,-508000000,,-343000000,,,-9.03,,,,,,24512000000,20890000000,0.852,,20890000000,,,,,,,,,38147116,166871,37980984,false,false,6,2021-03-01,2021-08-31,0
2021-09-30,7611,2021-02-28,2,14109000000,-0.331,,,,,-2070000000,,-2061000000,,-1714000000,,,-45.13,,,,,,,,,,,,,,,,,,,,,37985464,false,false,6,2020-03-01,2020-08-31,-1
2021-09-30,7611,2022-02-28,2,30000000000,0.015,,,,,-2800000000,,1300000000,,1000000000,,,26.33,,,,,,,,,,,,,,,,,,,,,,false,true,12,2021-03-01,2022-02-28,0
2021-09-30,7611,2021-02-28,2,,,,,,,,,,,,,,,,,,,,25726000000,21916000000,0.852,,21916000000,,,,,36.00,,,,38147116,165136,,false,false,12,2020-03-01,2021-02-28,-1
2021-09-30,7611,2022-02-28,2,,,,,,,,,,,,,,,,,,,,,,,,,,,,,12.00,,,,,,,false,false,12,2021-03-01,2022-02-28,0
2021-12-29,7611,2022-02-28,3,18493000000,-0.187,,,,,-3095000000,,1170000000,,762000000,,,20.08,,,,,,26325000000,21540000000,0.818,,21540000000,,,,,,,,,38147116,167469,37980604,false,false,9,2021-03-01,2021-11-30,0
2021-12-29,7611,2021-02-28,3,22747000000,-0.276,,,,,-2064000000,,-2067000000,,-1920000000,,,-50.56,,,,,,,,,,,,,,,,,,,,,37985071,false,false,9,2020-03-01,2020-11-30,-1
2021-12-29,7611,2022-02-28,3,27000000000,-0.087,,,,,-3100000000,,2700000000,,1750000000,,,46.08,,,,,,,,,,,,,,,,,,,,,,false,true,12,2021-03-01,2022-02-28,0
2021-12-29,7611,2021-02-28,3,,,,,,,,,,,,,,,,,,,,25726000000,21916000000,0.852,,21916000000,,,,,36.00,,,,38147116,165136,,false,false,12,2020-03-01,2021-02-28,-1
2021-12-29,7611,2022-02-28,3,,,,,,,,,,,,,,,,,,,,,,,,,,,,,12.00,,,,,,,false,false,12,2021-03-01,2022-02-28,0
,76110,2022-02-28,,,,,,,,,,,,,,,,,,,,,,,,,,,,,,24.00,,,,,,,false,true,12,2021-03-01,2022-02-28,0
,76110,2022-02-28,,,,,,,,,,,,,,,,,,,,,,,,,,,,,,12.00,,,,,,,false,false,12,2021-03-01,2022-02-28,0
,76110,2021-02-28,,,,,,,,,,,,,,,,,,,,,,,,,,,,,,36.00,,,,,,,false,false,12,2020-03-01,2021-02-28,-1
2022-04-07,7611,2022-02-28,,26402000000,-0.107,,,,,-3523000000,,2586000000,,1579000000,,,41.58,,0.071,0.098,-0.133,,27301000000,22361000000,0.819,588.79,22361000000,4394000000,-252000000,-1144000000,9922000000,24.00,0.577,,,38147116,168541,37980255,false,false,12,2021-03-01,2022-02-28,0
2022-04-07,7611,2021-02-28,,29563000000,-0.300,,,,,-2799000000,,-2778000000,,-2946000000,,,-77.58,,-0.122,-0.094,-0.095,,25726000000,21916000000,0.852,577.03,21916000000,-4472000000,-27000000,-1375000000,6925000000,36.00,-0.464,,,38147116,165136,37984536,false,false,12,2020-03-01,2021-02-28,-1
2022-04-07,7611,2023-02-28,,17500000000,0.536,,,,,800000000,,1350000000,,800000000,,,21.06,,,,,,,,,,,,,,,,,,,,,,false,true,6,2022-03-01,2022-08-31,1
2022-04-07,7611,2023-02-28,,37500000000,0.420,,,,,1800000000,,2600000000,0.005,1700000000,,0.077,44.76,,,,,,,,,,,,,,,24.00,0.536,,,,,,false,true,12,2022-03-01,2023-02-28,1
2022-07-04,7611,2023-02-28,1,8536000000,0.438,,,,,-13000000,,720000000,,471000000,,5.013,12.42,,,,,,27908000000,22372000000,0.802,,22372000000,,,,,,,,,38147116,169258,37978246,false,false,3,2022-03-01,2022-05-31,0
2022-07-04,7611,2022-02-28,1,5935000000,-0.083,,,,,-1211000000,,39000000,,78000000,,,2.07,,,,,,,,,,,,,,,,,,,,,37981447,false,false,3,2021-03-01,2021-05-31,-1
2022-07-04,7611,2023-02-28,1,17500000000,0.536,,,,,800000000,,1350000000,,800000000,,,21.06,,,,,,,,,,,,,,,,,,,,,,false,true,6,2022-03-01,2022-08-31,0
2022-07-04,7611,2023-02-28,1,37500000000,0.420,,,,,1800000000,,2600000000,0.005,1700000000,,0.077,44.76,,,,,,,,,,,,,,,24.00,,,,,,,false,true,12,2022-03-01,2023-02-28,0
2022-07-04,7611,2022-02-28,1,,,,,,,,,,,,,,,,,,,,27301000000,22361000000,0.819,,22361000000,,,,,24.00,,,,38147116,168541,,false,false,12,2021-03-01,2022-02-28,-1
2022-10-07,7611,2023-02-28,2,17606000000,0.545,,,,,-195000000,,1637000000,,1033000000,,,27.20,,,,,,28773000000,22931000000,0.797,,22931000000,,,,,,,,,38147116,170278,37977773,false,false,6,2022-03-01,2022-08-31,0
2022-10-07,7611,2022-02-28,2,11396000000,-0.192,,,,,-2602000000,,-508000000,,-343000000,,,-9.03,,,,,,,,,,,,,,,,,,,,,37980984,false,false,6,2021-03-01,2021-08-31,-1
2022-10-07,7611,2023-02-28,2,37500000000,0.420,,,,,400000000,,2200000000,-0.149,1400000000,,-0.113,36.86,,,,,,,,,,,,,,,24.00,,,,,,,false,true,12,2022-03-01,2023-02-28,0
2022-10-07,7611,2022-02-28,2,,,,,,,,,,,,,,,,,,,,27301000000,22361000000,0.819,,22361000000,,,,,24.00,,,,38147116,168541,,false,false,12,2021-03-01,2022-02-28,-1
2022-10-07,7611,2023-02-28,2,,,,,,,,,,,,,,,,,,,,,,,,,,,,,12.00,,,,,,,false,false,12,2022-03-01,2023-02-28,0
2023-01-06,7611,2023-02-28,3,27569000000,0.491,,,,,151000000,,2018000000,0.724,1252000000,,0.642,32.99,,,,,,28800000000,22698000000,0.788,,22698000000,,,,,,,,,38147116,170587,37977425,false,false,9,2022-03-01,2022-11-30,0
2023-01-06,7611,2022-02-28,3,18493000000,-0.187,,,,,-3095000000,,1170000000,,762000000,,,20.08,,,,,,,,,,,,,,,,,,,,,37980604,false,false,9,2021-03-01,2021-11-30,-1
2023-01-06,7611,2023-02-28,3,37500000000,0.420,,,,,400000000,,2200000000,-0.149,1400000000,,-0.113,36.86,,,,,,,,,,,,,,,24.00,,,,,,,false,true,12,2022-03-01,2023-02-28,0
2023-01-06,7611,2022-02-28,3,,,,,,,,,,,,,,,,,,,,27301000000,22361000000,0.819,,22361000000,,,,,24.00,,,,38147116,168541,,false,false,12,2021-03-01,2022-02-28,-1
2023-01-06,7611,2023-02-28,3,,,,,,,,,,,,,,,,,,,,,,,,,,,,,12.00,,,,,,,false,false,12,2022-03-01,2023-02-28,0
2023-02-21,76110,2023-02-28,,38000000000,0.013,,,,,,,2450000000,0.113,1500000000,,0.071,39.49,,,,,,,,,,,,,,,,,,,,,,false,true,12,2022-03-01,2023-02-28,0
2023-02-21,76110,2022-02-28,,26402000000,,,,,,,,2586000000,,1579000000,,,41.58,,,,,,,,,,,,,,,,,,,,,,false,false,12,2021-03-01,2022-02-28,-1
2023-04-12,7611,2023-02-28,,38168000000,0.446,,,,,615000000,,2470000000,-0.045,1519000000,,-0.038,40.01,,0.067,0.087,0.016,,29181000000,22974000000,0.787,604.97,22974000000,4099000000,-3693000000,-917000000,9410000000,24.00,0.600,,,38147116,171352,37977109,false,false,12,2022-03-01,2023-02-28,0
2023-04-12,7611,2022-02-28,,26402000000,-0.107,,,,,-3523000000,,2586000000,,1579000000,,,41.58,,0.071,0.098,-0.133,,27301000000,22361000000,0.819,588.79,22361000000,4394000000,-252000000,-1144000000,9922000000,24.00,0.577,,,38147116,168541,37980255,false,false,12,2021-03-01,2022-02-28,-1
2023-04-12,7611,2024-02-28,,21800000000,0.238,,,,,1580000000,,1550000000,-0.053,980000000,,-0.051,25.80,,,,,,,,,,,,,,,,,,,,,,false,true,6,2023-03-01,2023-08-31,1
2023-04-12,7611,2024-02-28,,44000000000,0.153,,,,,3000000000,3.878,2950000000,0.194,1850000000,,0.218,48.72,,,,,,,,,,,,,,,24.00,0.493,,,,,,false,true,12,2023-03-01,2024-02-29,1
2023-04-12,7611,2023-02-28,,38168000000,0.446,,,,,615000000,,2470000000,-0.045,1519000000,,-0.038,40.01,,0.067,0.087,0.016,,29181000000,22974000000,0.787,604.97,22974000000,4099000000,-2693000000,-917000000,10410000000,24.00,0.600,,,38147116,171352,37977109,false,false,12,2022-03-01,2023-02-28,0
2023-04-12,7611,2022-02-28,,26402000000,-0.107,,,,,-3523000000,,2586000000,,1579000000,,,41.58,,0.071,0.098,-0.133,,27301000000,22361000000,0.819,588.79,22361000000,4394000000,-252000000,-1144000000,9922000000,24.00,0.577,,,38147116,168541,37980255,false,false,12,2021-03-01,2022-02-28,-1
2023-04-12,7611,2024-02-28,,21800000000,0.238,,,,,1580000000,,1550000000,-0.053,980000000,,-0.051,25.80,,,,,,,,,,,,,,,,,,,,,,false,true,6,2023-03-01,2023-08-31,1
2023-04-12,7611,2024-02-28,,44000000000,0.153,,,,,3000000000,3.878,2950000000,0.194,1850000000,,0.218,48.72,,,,,,,,,,,,,,,24.00,0.493,,,,,,false,true,12,2023-03-01,2024-02-29,1
,76110,2024-02-29,,,,,,,,,,,,,,,,,,,,,,,,,,,,,,29.00,,,,,,,false,true,12,2023-03-01,2024-02-29,0
,76110,2023-02-28,,,,,,,,,,,,,,,,,,,,,,,,,,,,,,24.00,,,,,,,false,false,12,2022-03-01,2023-02-28,-1
2023-07-04,7611,2024-02-29,1,11729000000,0.374,,,,,1220000000,,1340000000,0.861,910000000,,0.931,23.99,,,,,,29926000000,23420000000,0.783,,23420000000,,,,,,,,,38147116,172735,37975167,false,false,3,2023-03-01,2023-05-31,0
2023-07-04,7611,2023-02-28,1,8536000000,0.438,,,,,-13000000,,720000000,,471000000,,5.013,12.42,,,,,,,,,,,,,,,,,,,,,37978246,false,false,3,2022-03-01,2022-05-31,-1
2023-07-04,7611,2024-02-29,1,21800000000,0.238,,,,,1580000000,,1550000000,-0.053,980000000,,-0.051,25.80,,,,,,,,,,,,,,,,,,,,,,false,true,6,2023-03-01,2023-08-31,0
2023-07-04,7611,2024-02-29,1,44000000000,0.153,,,,,3000000000,3.878,2950000000,0.194,1850000000,,0.218,48.72,,,,,,,,,,,,,,,29.00,,,,,,,false,true,12,2023-03-01,2024-02-29,0
2023-07-04,7611,2023-02-28,1,,,,,,,,,,,,,,,,,,,,29181000000,22974000000,0.787,,22974000000,,,,,24.00,,,,38147116,171352,,false,false,12,2022-03-01,2023-02-28,-1
2023-08-21,76110,2024-02-29,,23700000000,0.087,,,,,,,2600000000,0.677,1750000000,,0.785,46.08,,,,,,,,,,,,,,,,,,,,,,false,true,6,2023-03-01,2023-08-31,0
2023-08-21,76110,2023-02-28,,17606000000,,,,,,,,1637000000,,1033000000,,,27.20,,,,,,,,,,,,,,,,,,,,,,false,false,6,2022-03-01,2022-08-31,-1
2023-08-21,76110,2024-02-29,,47000000000,0.068,,,,,,,4300000000,0.457,2900000000,,0.567,76.36,,,,,,,,,,,,,,,,,,,,,,false,true,12,2023-03-01,2024-02-29,0
2023-08-21,76110,2023-02-28,,38168000000,,,,,,,,2470000000,,1519000000,,,40.01,,,,,,,,,,,,,,,,,,,,,,false,false,12,2022-03-01,2023-02-28,-1
2023-10-06,7611,2024-02-29,2,23796000000,0.352,,,,,2402000000,,2555000000,0.561,1730000000,,0.675,45.57,,,,,,31346000000,24247000000,0.774,,24247000000,,,,,,,,,38147116,173351,37974645,false,false,6,2023-03-01,2023-08-31,0
2023-10-06,7611,2023-02-28,2,17606000000,0.545,,,,,-195000000,,1637000000,,1033000000,,,27.20,,,,,,,,,,,,,,,,,,,,,37977773,false,false,6,2022-03-01,2022-08-31,-1
2023-10-06,7611,2024-02-29,2,47000000000,0.231,,,,,4150000000,5.740,4300000000,0.740,2900000000,,0.909,76.36,,,,,,,,,,,,,,,29.00,,,,,,,false,true,12,2023-03-01,2024-02-29,0
2023-10-06,7611,2023-02-28,2,,,,,,,,,,,,,,,,,,,,29181000000,22974000000,0.787,,22974000000,,,,,24.00,,,,38147116,170278,,false,false,12,2022-03-01,2023-02-28,-1
2023-10-06,7611,2024-02-29,2,,,,,,,,,,,,,,,,,,,,,,,,,,,,,17.00,,,,,,,false,false,12,2023-03-01,2024-02-29,0
2024-01-05,7611,2024-02-29,3,36095000000,0.309,,,,,3643000000,,3778000000,0.872,2549000000,,1.035,67.13,,,,,,32066000000,24424000000,0.762,,24424000000,,,,,,,,,38147116,173704,37974272,false,false,9,2023-03-01,2023-11-30,0
2024-01-05,7611,2023-02-28,3,27569000000,0.491,,,,,151000000,,2018000000,0.724,1252000000,,0.642,32.99,,,,,,,,,,,,,,,,,,,,,37977425,false,false,9,2022-03-01,2022-11-30,-1
2024-01-05,7611,2024-02-29,3,47000000000,0.231,,,,,4150000000,5.740,4300000000,0.740,2900000000,,0.909,76.36,,,,,,,,,,,,,,,35.00,,,,,,,false,true,12,2023-03-01,2024-02-29,0
2024-01-05,7611,2023-02-28,3,,,,,,,,,,,,,,,,,,,,29181000000,22974000000,0.787,,22974000000,,,,,24.00,,,,38147116,171352,,false,false,12,2022-03-01,2023-02-28,-1
2024-01-05,7611,2024-02-29,3,,,,,,,,,,,,,,,,,,,,,,,,,,,,,17.00,,,,,,,false,false,12,2023-03-01,2024-02-29,0
,76110,2024-02-29,,,,,,,,,,,,,,,,,,,,,,,,,,,,,,35.00,,,,,,,false,true,12,2023-03-01,2024-02-29,0
,76110,2024-02-29,,,,,,,,,,,,,,,,,,,,,,,,,,,,,,17.00,,,,,,,false,false,12,2023-03-01,2024-02-29,0
,76110,2023-02-28,,,,,,,,,,,,,,,,,,,,,,,,,,,,,,24.00,,,,,,,false,false,12,2022-03-01,2023-02-28,-1
2024-04-12,7611,2024-02-29,,48772000000,0.278,,,,,4637000000,6.532,4756000000,0.925,3233000000,,1.128,85.15,,0.134,0.152,0.095,,33264000000,25113000000,0.755,661.36,25113000000,5960000000,-2309000000,-1108000000,12952000000,35.00,0.411,,,38147116,173854,37974041,false,false,12,2023-03-01,2024-02-29,0
2024-04-12,7611,2023-02-28,,38168000000,0.446,,,,,615000000,,2470000000,-0.045,1519000000,,-0.038,40.01,,0.067,0.087,0.016,,29181000000,22974000000,0.787,604.97,22974000000,4099000000,-2693000000,-917000000,10410000000,24.00,0.600,,,38147116,171352,37977109,false,false,12,2022-03-01,2023-02-28,-1
2024-04-12,7611,2025-02-28,,25500000000,0.072,,,,,2600000000,0.082,2600000000,0.018,1750000000,,0.011,46.09,,,,,,,,,,,,,,,,,,,,,,false,true,6,2024-03-01,2024-08-31,1
2024-04-12,7611,2025-02-28,,52000000000,0.066,,,,,5200000000,0.121,5200000000,0.093,3500000000,,0.082,92.17,,,,,,,,,,,,,,,36.00,0.391,,,,,,false,true,12,2024-03-01,2025-02-28,1
2024-07-05,7611,2025-02-28,1,13350000000,0.138,,,,,1471000000,0.206,1489000000,0.111,992000000,,0.089,26.13,,,,,,33008000000,25435000000,0.771,,25435000000,,,,,,,,,38147116,173942,37973256,false,false,3,2024-03-01,2024-05-31,0
2024-07-05,7611,2024-02-28,1,11729000000,0.374,,,,,1220000000,,1340000000,0.861,910000000,,0.931,23.99,,,,,,,,,,,,,,,,,,,,,37975167,false,false,3,2023-03-01,2023-05-31,-1
2024-07-05,7611,2025-02-28,1,25500000000,0.072,,,,,2600000000,0.082,2600000000,0.018,1750000000,,0.011,46.09,,,,,,,,,,,,,,,,,,,,,,false,true,6,2024-03-01,2024-08-31,0
2024-07-05,7611,2025-02-28,1,52000000000,0.066,,,,,5200000000,0.121,5200000000,0.093,3500000000,,0.082,92.17,,,,,,,,,,,,,,,36.00,,,,,,,false,true,12,2024-03-01,2025-02-28,0
2024-07-05,7611,2024-02-28,1,,,,,,,,,,,,,,,,,,,,33264000000,25113000000,0.755,,25113000000,,,,,35.00,,,,38147116,173854,,false,false,12,2023-03-01,2024-02-29,-1
2024-10-04,7611,2025-02-28,2,26881000000,0.130,,,,,2780000000,0.157,2824000000,0.105,1887000000,,0.091,49.72,,,,,,34470000000,26324000000,0.764,,26324000000,,,,,,,,,38147116,174142,37973135,false,false,6,2024-03-01,2024-08-31,0
2024-10-04,7611,2024-02-28,2,23796000000,0.352,,,,,2402000000,,2555000000,0.561,1730000000,,0.675,45.57,,,,,,,,,,,,,,,,,,,,,37974645,false,false,6,2023-03-01,2023-08-31,-1
2024-10-04,7611,2025-02-28,2,52000000000,0.066,,,,,5200000000,0.121,5200000000,0.093,3500000000,,0.082,92.17,,,,,,,,,,,,,,,36.00,,,,,,,false,true,12,2024-03-01,2025-02-28,0
2024-10-04,7611,2024-02-28,2,,,,,,,,,,,,,,,,,,,,33264000000,25113000000,0.755,,25113000000,,,,,35.00,,,,38147116,173854,,false,false,12,2023-03-01,2024-02-29,-1
2024-10-04,7611,2025-02-28,2,,,,,,,,,,,,,,,,,,,,,,,,,,,,,18.00,,,,,,,false,false,12,2024-03-01,2025-02-28,0
2025-01-06,7611,2025-02-28,3,40964000000,0.135,,,,,4043000000,0.110,4129000000,0.093,2753000000,,0.080,72.51,,,,,,34883000000,26514000000,0.760,,26514000000,,,,,,,,,38147116,174420,37973043,false,false,9,2024-03-01,2024-11-30,0
2025-01-06,7611,2024-02-28,3,36095000000,0.309,,,,,3643000000,,3778000000,0.872,2549000000,,1.035,67.13,,,,,,,,,,,,,,,,,,,,,37974272,false,false,9,2023-03-01,2023-11-30,-1
2025-01-06,7611,2025-02-28,3,52000000000,0.066,,,,,5200000000,0.121,5200000000,0.093,3500000000,,0.082,92.17,,,,,,,,,,,,,,,36.00,,,,,,,false,true,12,2024-03-01,2025-02-28,0
2025-01-06,7611,2024-02-28,3,,,,,,,,,,,,,,,,,,,,33264000000,25113000000,0.755,,25113000000,,,,,35.00,,,,38147116,173854,,false,false,12,2023-03-01,2024-02-29,-1
2025-01-06,7611,2025-02-28,3,,,,,,,,,,,,,,,,,,,,,,,,,,,,,18.00,,,,,,,false,false,12,2024-03-01,2025-02-28,0
,76110,2025-02-28,,,,,,,,,,,,,,,,,,,,,,,,,,,,,,38.00,,,,,,,false,true,12,2024-03-01,2025-02-28,0
,76110,2025-02-28,,,,,,,,,,,,,,,,,,,,,,,,,,,,,,18.00,,,,,,,false,false,12,2024-03-01,2025-02-28,0
,76110,2024-02-28,,,,,,,,,,,,,,,,,,,,,,,,,,,,,,35.00,,,,,,,false,false,12,2023-03-01,2024-02-29,-1
2025-04-11,7611,2025-02-28,,55629000000,0.141,,,,,5514000000,0.189,5652000000,0.188,4092000000,,0.266,107.91,,0.161,0.167,0.099,,34439000000,25861000000,0.751,693.63,25861000000,5364000000,-1472000000,-3367000000,13477000000,44.00,0.408,,,38147116,863274,37919642,false,false,12,2024-03-01,2025-02-28,0
2025-04-11,7611,2024-02-28,,48772000000,0.278,,,,,4637000000,6.532,4756000000,0.925,3233000000,,1.128,85.15,,0.134,0.152,0.095,,33264000000,25113000000,0.755,661.36,25113000000,5960000000,-2309000000,-1108000000,12952000000,35.00,0.411,,,38147116,173854,37974041,false,false,12,2023-03-01,2024-02-29,-1
2025-04-11,7611,2026-02-28,,29500000000,0.097,,,,,3200000000,0.151,3200000000,0.133,2100000000,,0.112,56.32,,,,,,,,,,,,,,,,,,,,,,false,true,6,2025-03-01,2025-08-31,1
2025-04-11,7611,2026-02-28,,60000000000,0.079,,,,,6000000000,0.088,6000000000,0.061,4100000000,,0.002,109.97,,,,,,,,,,,,,,,44.00,0.400,,,,,,false,true,12,2025-03-01,2026-02-28,1
2025-04-11,76110,2025-02-28,,55629000000,0.069,,,,,,,5652000000,0.086,4092000000,,0.169,107.91,,,,,,,,,,,,,,,,,,,,,,false,true,12,2024-03-01,2025-02-28,0
2025-04-11,76110,2024-02-28,,48772000000,,,,,,,,4756000000,,3233000000,,,85.15,,,,,,,,,,,,,,,,,,,,,,false,false,12,2023-03-01,2024-02-29,-1
