filing_date,code,fiscal_year_end,quarterly_period,net_sales,net_sales_change,revenue,revenue_change,operating_revenue,operating_revenue_change,operating_profit,operating_profit_change,ordinary_profit,ordinary_profit_change,net_income,net_income_of_parent,net_income_change,eps,diluted_eps,roe,roa,operating_profit_to_net_sales,operating_profit_to_revenue,total_assets,net_assets,equity_ratio,bps,owner_equity,operating_cash_flow,investing_cash_flow,financing_cash_flow,cash,dividend_per_share,payout_ratio,commemorative_dividend,extra_dividend,number_of_shares,number_of_treqsury_shares,avg_number_of_shares,is_consolidated,is_forecast,duration,period_start,period_end,period_pos
2015-07-30,76250,2015-12-31,,4591000000,-0.061,,,,,-33000000,,-27000000,,-92000000,,,-9.21,,,,,,,,,,,,,,,,,,,,,,true,true,6,2015-01-01,2015-06-30,0
2015-07-30,76250,2014-12-31,,4939000000,,,,,,-127000000,,-153000000,,-169000000,,,-16.91,,,,,,,,,,,,,,,,,,,,,,true,false,6,2014-01-01,2014-06-30,-1
2015-07-30,76250,2015-12-31,,9684000000,-0.039,,,,,115000000,-0.363,114000000,-0.308,31000000,,-0.773,3.10,,,,,,,,,,,,,,,,,,,,,,true,true,12,2015-01-01,2015-12-31,0
2015-07-30,76250,2014-12-31,,10198000000,,,,,,-151000000,,-74000000,,-338000000,,,-33.67,,,,,,,,,,,,,,,,,,,,,,true,false,12,2014-01-01,2014-12-31,-1
2015-07-31,76250,2015-12-31,2,4591000000,-0.070,,,,,-33000000,,-27000000,,-92000000,,,-9.21,,,,,,7311000000,4171000000,0.569,,4161000000,,,,,,,,,,,,true,false,6,2015-01-01,2015-06-30,0
2015-07-31,76250,2014-12-31,2,4939000000,-0.102,,,,,-127000000,,-153000000,,-169000000,,,-16.91,,,,,,,,,,,,,,,,,,,,,,true,false,6,2014-01-01,2014-06-30,-1
2015-07-31,76250,2015-12-31,2,9684000000,-0.050,,,,,115000000,,114000000,,31000000,,,3.10,,,,,,,,,,,,,,,,,,,,,,true,true,12,2015-01-01,2015-12-31,0
2015-07-31,76250,2014-12-31,2,,,,,,,,,,,,,,,,,,,,7720000000,4242000000,0.548,,4233000000,,,,,,,,,,,,true,false,12,2014-01-01,2014-12-31,-1
2015-07-31,76250,2014-12-31,2,,,,,,,,,,,,,,,,,,,,,,,,,,,,,0.00,,,,10052600,3110,,false,false,12,2014-01-01,2014-12-31,-1
2015-07-31,76250,2015-12-31,2,,,,,,,,,,,,,,,,,,,,,,,,,,,,,0.00,,,,,,,false,false,12,2015-01-01,2015-12-31,0
2015-07-31,76250,2015-12-31,2,,,,,,,,,,,,,,,,,,,,,,,,,,,,,0.00,,,,,,,false,true,12,2015-01-01,2015-12-31,0
2015-07-31,76250,2015-12-31,2,,,,,,,,,,,,,,,,,,,,,,,,,,,,,,,,,10052600,3170,10049458,false,false,6,2015-01-01,2015-06-30,0
2015-07-31,76250,2014-12-31,2,,,,,,,,,,,,,,,,,,,,,,,,,,,,,,,,,,,10048118,false,false,6,2014-01-01,2014-06-30,-1
2015-10-30,76250,2015-12-31,3,6941000000,-0.071,,,,,-25000000,,-21000000,,-114000000,,,-11.38,,,,,,7231000000,4125000000,0.569,,4114000000,,,,,,,,,,,,true,false,9,2015-01-01,2015-09-30,0
2015-10-30,76250,2014-12-31,3,7470000000,-0.077,,,,,-170000000,,-152000000,,-176000000,,,-17.56,,,,,,,,,,,,,,,,,,,,,,true,false,9,2014-01-01,2014-09-30,-1
2015-10-30,76250,2015-12-31,3,9684000000,-0.050,,,,,115000000,,114000000,,31000000,,,3.10,,,,,,,,,,,,,,,,,,,,,,true,true,12,2015-01-01,2015-12-31,0
2015-10-30,76250,2014-12-31,3,,,,,,,,,,,,,,,,,,,,7720000000,4242000000,0.548,,4233000000,,,,,,,,,,,,true,false,12,2014-01-01,2014-12-31,-1
2015-10-30,76250,2014-12-31,3,,,,,,,,,,,,,,,,,,,,,,,,,,,,,0.00,,,,10052600,3110,,false,false,12,2014-01-01,2014-12-31,-1
2015-10-30,76250,2015-12-31,3,,,,,,,,,,,,,,,,,,,,,,,,,,,,,0.00,,,,,,,false,false,12,2015-01-01,2015-12-31,0
2015-10-30,76250,2015-12-31,3,,,,,,,,,,,,,,,,,,,,,,,,,,,,,0.00,,,,,,,false,true,12,2015-01-01,2015-12-31,0
2015-10-30,76250,2015-12-31,3,,,,,,,,,,,,,,,,,,,,,,,,,,,,,,,,,10052600,3190,10049446,false,false,9,2015-01-01,2015-09-30,0
2015-10-30,76250,2014-12-31,3,,,,,,,,,,,,,,,,,,,,,,,,,,,,,,,,,,,10048546,false,false,9,2014-01-01,2014-09-30,-1
2016-02-09,76250,2015-12-31,,9537000000,-0.015,,,,,142000000,0.230,154000000,0.350,-22000000,,,-2.28,,,,,,,,,,,,,,,,,,,,,,true,true,12,2015-01-01,2015-12-31,0
2016-02-09,76250,2014-12-31,,10198000000,,,,,,-151000000,,-74000000,,-338000000,,,-33.67,,,,,,,,,,,,,,,,,,,,,,true,false,12,2014-01-01,2014-12-31,-1
2016-02-10,76250,2015-12-31,,9537000000,-0.065,,,,,142000000,,154000000,,-22000000,,,-2.28,,-0.005,0.020,0.015,,7373000000,4225000000,0.572,418.63,4215000000,300000000,-411000000,-253000000,608000000,,,,,,,,true,false,12,2015-01-01,2015-12-31,0
2016-02-10,76250,2014-12-31,,10198000000,-0.067,,,,,-151000000,,-74000000,,-338000000,,,-33.67,,-0.078,-0.009,-0.015,,7720000000,4242000000,0.548,421.26,4233000000,167000000,-188000000,-315000000,970000000,,,,,,,,true,false,12,2014-01-01,2014-12-31,-1
2016-02-10,76250,2016-12-31,,4769000000,0.039,,,,,44000000,,43000000,,22000000,,,2.19,,,,,,,,,,,,,,,,,,,,,,true,true,6,2016-01-01,2016-06-30,1
2016-02-10,76250,2016-12-31,,10124000000,0.061,,,,,282000000,0.985,283000000,0.835,220000000,,,21.87,,,,,,,,,,,,,,,,,,,,,,true,true,12,2016-01-01,2016-12-31,1
2016-02-10,76250,2015-12-31,,9410000000,-0.011,,,,,271000000,,282000000,3.610,105000000,,,10.45,10.23,,,,,7717000000,4587000000,0.593,454.58,4577000000,,,,,0.00,,,,10072600,3190,10050976,false,false,12,2015-01-01,2015-12-31,0
2016-02-10,76250,2014-12-31,,9513000000,-0.075,,,,,5000000,-0.979,61000000,-0.796,-180000000,,,-17.93,,,,,,7918000000,4477000000,0.564,444.61,4468000000,,,,,0.00,,,,10052600,3110,10048770,false,false,12,2014-01-01,2014-12-31,-1
2016-02-10,76250,2016-12-31,,,,,,,,,,,,,,,,,,,,,,,,,,,,,,0.00,,,,,,,false,true,12,2016-01-01,2016-12-31,1
2016-04-28,76250,2016-12-31,1,2212000000,-0.013,,,,,-75000000,,-106000000,,,-107000000,,-10.66,,,,,,7088000000,4050000000,0.570,,4038000000,,,,,,,,,,,,true,false,3,2016-01-01,2016-03-31,0
2016-04-28,76250,2015-12-31,1,2241000000,-0.072,,,,,-92000000,,-101000000,,,-108000000,,-10.77,,,,,,,,,,,,,,,,,,,,,,true,false,3,2015-01-01,2015-03-31,-1
2016-04-28,76250,2016-12-31,1,4769000000,0.039,,,,,44000000,,43000000,,,22000000,,2.19,,,,,,,,,,,,,,,,,,,,,,true,true,6,2016-01-01,2016-06-30,0
2016-04-28,76250,2016-12-31,1,10124000000,0.061,,,,,282000000,0.985,283000000,0.835,,220000000,,21.87,,,,,,,,,,,,,,,,,,,,,,true,true,12,2016-01-01,2016-12-31,0
2016-04-28,76250,2015-12-31,1,,,,,,,,,,,,,,,,,,,,7373000000,4225000000,0.572,,4215000000,,,,,,,,,,,,true,false,12,2015-01-01,2015-12-31,-1
2016-04-28,76250,2015-12-31,1,,,,,,,,,,,,,,,,,,,,,,,,,,,,,0.00,,,,10072600,3190,,false,false,12,2015-01-01,2015-12-31,-1
2016-04-28,76250,2016-12-31,1,,,,,,,,,,,,,,,,,,,,,,,,,,,,,0.00,,,,,,,false,true,12,2016-01-01,2016-12-31,0
2016-04-28,76250,2016-12-31,1,,,,,,,,,,,,,,,,,,,,,,,,,,,,,,,,,10072600,690,10070035,false,false,3,2016-01-01,2016-03-31,0
2016-04-28,76250,2015-12-31,1,,,,,,,,,,,,,,,,,,,,,,,,,,,,,,,,,,,10049480,false,false,3,2015-01-01,2015-03-31,-1
2016-07-28,76250,2016-12-31,,4662000000,-0.022,,,,,-61000000,,-141000000,,-152000000,,,-15.10,,,,,,,,,,,,,,,,,,,,,,true,true,6,2016-01-01,2016-06-30,0
2016-07-28,76250,2015-12-31,,4591000000,,,,,,-33000000,,-27000000,,-92000000,,,-9.21,,,,,,,,,,,,,,,,,,,,,,true,false,6,2015-01-01,2015-06-30,-1
2016-07-28,76250,2016-12-31,,9957000000,-0.016,,,,,138000000,-0.508,81000000,-0.711,28000000,,-0.869,2.87,,,,,,,,,,,,,,,,,,,,,,true,true,12,2016-01-01,2016-12-31,0
2016-07-28,76250,2015-12-31,,9537000000,,,,,,142000000,,154000000,,-22000000,,,-2.28,,,,,,,,,,,,,,,,,,,,,,true,false,12,2015-01-01,2015-12-31,-1
2016-07-29,76250,2016-12-31,2,4662000000,0.015,,,,,-61000000,,-141000000,,,-152000000,,-15.10,,,,,,6992000000,3926000000,0.560,,3912000000,,,,,,,,,,,,true,false,6,2016-01-01,2016-06-30,0
2016-07-29,76250,2015-12-31,2,4591000000,-0.070,,,,,-33000000,,-27000000,,,-92000000,,-9.21,,,,,,,,,,,,,,,,,,,,,,true,false,6,2015-01-01,2015-06-30,-1
2016-07-29,76250,2016-12-31,2,9957000000,0.044,,,,,138000000,-0.024,81000000,-0.470,,28000000,,2.87,,,,,,,,,,,,,,,,,,,,,,true,true,12,2016-01-01,2016-12-31,0
2016-07-29,76250,2015-12-31,2,,,,,,,,,,,,,,,,,,,,7373000000,4225000000,0.572,,4215000000,,,,,,,,,,,,true,false,12,2015-01-01,2015-12-31,-1
2016-07-29,76250,2015-12-31,2,,,,,,,,,,,,,,,,,,,,,,,,,,,,,0.00,,,,10072600,3190,,false,false,12,2015-01-01,2015-12-31,-1
2016-07-29,76250,2016-12-31,2,,,,,,,,,,,,,,,,,,,,,,,,,,,,,0.00,,,,,,,false,false,12,2016-01-01,2016-12-31,0
2016-07-29,76250,2016-12-31,2,,,,,,,,,,,,,,,,,,,,,,,,,,,,,0.00,,,,,,,false,true,12,2016-01-01,2016-12-31,0
2016-07-29,76250,2016-12-31,2,,,,,,,,,,,,,,,,,,,,,,,,,,,,,,,,,10081100,190,10072552,false,false,6,2016-01-01,2016-06-30,0
2016-07-29,76250,2015-12-31,2,,,,,,,,,,,,,,,,,,,,,,,,,,,,,,,,,,,10049458,false,false,6,2015-01-01,2015-06-30,-1
2016-10-31,76250,2016-12-31,3,7065000000,0.018,,,,,-119000000,,-208000000,,,-219000000,,-21.82,,,,,,6917000000,3845000000,0.554,,3830000000,,,,,,,,,,,,true,false,9,2016-01-01,2016-09-30,0
2016-10-31,76250,2015-12-31,3,6941000000,-0.071,,,,,-25000000,,-21000000,,,-114000000,,-11.38,,,,,,,,,,,,,,,,,,,,,,true,false,9,2015-01-01,2015-09-30,-1
2016-10-31,76250,2016-12-31,3,9957000000,0.044,,,,,138000000,-0.024,81000000,-0.470,,28000000,,2.87,,,,,,,,,,,,,,,,,,,,,,true,true,12,2016-01-01,2016-12-31,0
2016-10-31,76250,2015-12-31,3,,,,,,,,,,,,,,,,,,,,7373000000,4225000000,0.572,,4215000000,,,,,,,,,,,,true,false,12,2015-01-01,2015-12-31,-1
2016-10-31,76250,2015-12-31,3,,,,,,,,,,,,,,,,,,,,,,,,,,,,,0.00,,,,10072600,3190,,false,false,12,2015-01-01,2015-12-31,-1
2016-10-31,76250,2016-12-31,3,,,,,,,,,,,,,,,,,,,,,,,,,,,,,0.00,,,,,,,false,false,12,2016-01-01,2016-12-31,0
2016-10-31,76250,2016-12-31,3,,,,,,,,,,,,,,,,,,,,,,,,,,,,,0.00,,,,,,,false,true,12,2016-01-01,2016-12-31,0
2016-10-31,76250,2016-12-31,3,,,,,,,,,,,,,,,,,,,,,,,,,,,,,,,,,10081100,190,10075060,false,false,9,2016-01-01,2016-09-30,0
2016-10-31,76250,2015-12-31,3,,,,,,,,,,,,,,,,,,,,,,,,,,,,,,,,,,,10049446,false,false,9,2015-01-01,2015-09-30,-1
2017-02-09,76250,2016-12-31,,9755000000,-0.020,,,,,-8000000,,9000000,-0.881,-80000000,,,-7.97,,,,,,,,,,,,,,,,,,,,,,true,true,12,2016-01-01,2016-12-31,0
2017-02-09,76250,2015-12-31,,9537000000,,,,,,142000000,,154000000,,-22000000,,,-2.28,,,,,,,,,,,,,,,,,,,,,,true,false,12,2015-01-01,2015-12-31,-1
2017-02-10,76250,2016-12-31,,9755000000,0.023,,,,,-8000000,,9000000,-0.937,,-80000000,,-7.97,,-0.019,0.001,-0.001,,7608000000,4118000000,0.539,406.90,4101000000,238000000,-447000000,208000000,607000000,,,,,,,,true,false,12,2016-01-01,2016-12-31,0
2017-02-10,76250,2015-12-31,,9537000000,-0.065,,,,,142000000,,154000000,,,-22000000,,-2.28,,-0.005,0.020,0.015,,7373000000,4225000000,0.572,418.63,4215000000,300000000,-411000000,-253000000,608000000,,,,,,,,true,false,12,2015-01-01,2015-12-31,-1
2017-02-10,76250,2017-12-31,,4901000000,0.051,,,,,-36000000,,-54000000,,,-65000000,,-6.50,,,,,,,,,,,,,,,,,,,,,,true,true,6,2017-01-01,2017-06-30,1
2017-02-10,76250,2017-12-31,,10125000000,0.038,,,,,58000000,,62000000,5.404,,11000000,,1.13,,,,,,,,,,,,,,,,,,,,,,true,true,12,2017-01-01,2017-12-31,1
2017-02-10,76250,2016-12-31,,9445000000,0.004,,,,,177000000,-0.348,186000000,-0.340,96000000,,-0.082,9.57,9.38,,,,,8030000000,4691000000,0.582,463.75,4675000000,,,,,0.00,,,,10081100,210,10076408,false,false,12,2016-01-01,2016-12-31,0
2017-02-10,76250,2015-12-31,,9410000000,-0.011,,,,,271000000,,282000000,3.610,105000000,,,10.45,10.23,,,,,7717000000,4587000000,0.593,454.58,4577000000,,,,,0.00,,,,10072600,3190,10050976,false,false,12,2015-01-01,2015-12-31,-1
2017-02-10,76250,2017-12-31,,,,,,,,,,,,,,,,,,,,,,,,,,,,,,0.00,,,,,,,false,true,12,2017-01-01,2017-12-31,1
2017-04-28,76250,2017-12-31,1,2289000000,0.035,,,,,-73000000,,-93000000,,,-114000000,,-11.37,,,,,,7045000000,3975000000,0.562,,3957000000,,,,,,,,,,,,true,false,3,2017-01-01,2017-03-31,0
2017-04-28,76250,2016-12-31,1,2212000000,-0.013,,,,,-75000000,,-106000000,,,-107000000,,-10.66,,,,,,,,,,,,,,,,,,,,,,true,false,3,2016-01-01,2016-03-31,-1
2017-04-28,76250,2017-12-31,1,4901000000,0.051,,,,,-36000000,,-54000000,,,-65000000,,-6.50,,,,,,,,,,,,,,,,,,,,,,true,true,6,2017-01-01,2017-06-30,0
2017-04-28,76250,2017-12-31,1,10125000000,0.038,,,,,58000000,,62000000,5.404,,11000000,,1.13,,,,,,,,,,,,,,,,,,,,,,true,true,12,2017-01-01,2017-12-31,0
2017-04-28,76250,2016-12-31,1,,,,,,,,,,,,,,,,,,,,7608000000,4118000000,0.539,,4101000000,,,,,,,,,,,,true,false,12,2016-01-01,2016-12-31,-1
2017-04-28,76250,2016-12-31,1,,,,,,,,,,,,,,,,,,,,,,,,,,,,,0.00,,,,10081100,210,,false,false,12,2016-01-01,2016-12-31,-1
2017-04-28,76250,2017-12-31,1,,,,,,,,,,,,,,,,,,,,,,,,,,,,,0.00,,,,,,,false,true,12,2017-01-01,2017-12-31,0
2017-04-28,76250,2017-12-31,1,,,,,,,,,,,,,,,,,,,,,,,,,,,,,,,,,10081800,270,10081035,false,false,3,2017-01-01,2017-03-31,0
2017-04-28,76250,2016-12-31,1,,,,,,,,,,,,,,,,,,,,,,,,,,,,,,,,,,,10070035,false,false,3,2016-01-01,2016-03-31,-1
2017-07-28,76250,2017-12-31,,4746000000,-0.032,,,,,-59000000,,-67000000,,-90000000,,,-9.01,,,,,,,,,,,,,,,,,,,,,,true,true,6,2017-01-01,2017-06-30,0
2017-07-28,76250,2016-12-31,,4662000000,,,,,,-61000000,,-141000000,,-152000000,,,-15.10,,,,,,,,,,,,,,,,,,,,,,true,false,6,2016-01-01,2016-06-30,-1
2017-07-28,76250,2017-12-31,,9942000000,-0.018,,,,,49000000,-0.147,63000000,0.015,2000000,,-0.809,0.22,,,,,,,,,,,,,,,,,,,,,,true,true,12,2017-01-01,2017-12-31,0
2017-07-28,76250,2016-12-31,,9755000000,,,,,,-8000000,,9000000,,-80000000,,,-7.97,,,,,,,,,,,,,,,,,,,,,,true,false,12,2016-01-01,2016-12-31,-1
2017-07-31,76250,2017-12-31,2,4746000000,0.018,,,,,-59000000,,-67000000,,,-90000000,,-9.01,,,,,,7086000000,4000000000,0.562,,3980000000,,,,,,,,,,,,true,false,6,2017-01-01,2017-06-30,0
2017-07-31,76250,2016-12-31,2,4662000000,0.015,,,,,-61000000,,-141000000,,,-152000000,,-15.10,,,,,,,,,,,,,,,,,,,,,,true,false,6,2016-01-01,2016-06-30,-1
2017-07-31,76250,2017-12-31,2,9942000000,0.019,,,,,49000000,,63000000,5.500,,2000000,,0.22,,,,,,,,,,,,,,,,,,,,,,true,true,12,2017-01-01,2017-12-31,0
2017-07-31,76250,2016-12-31,2,,,,,,,,,,,,,,,,,,,,7608000000,4118000000,0.539,,4101000000,,,,,,,,,,,,true,false,12,2016-01-01,2016-12-31,-1
2017-07-31,76250,2016-12-31,2,,,,,,,,,,,,,,,,,,,,,,,,,,,,,0.00,,,,10081100,210,,false,false,12,2016-01-01,2016-12-31,-1
2017-07-31,76250,2017-12-31,2,,,,,,,,,,,,,,,,,,,,,,,,,,,,,0.00,,,,,,,false,false,12,2017-01-01,2017-12-31,0
2017-07-31,76250,2017-12-31,2,,,,,,,,,,,,,,,,,,,,,,,,,,,,,0.00,,,,,,,false,true,12,2017-01-01,2017-12-31,0
2017-07-31,76250,2017-12-31,2,,,,,,,,,,,,,,,,,,,,,,,,,,,,,,,,,10081800,270,10081247,false,false,6,2017-01-01,2017-06-30,0
2017-07-31,76250,2016-12-31,2,,,,,,,,,,,,,,,,,,,,,,,,,,,,,,,,,,,10072552,false,false,6,2016-01-01,2016-06-30,-1
2017-10-31,76250,2017-12-31,3,7169000000,0.015,,,,,-124000000,,-120000000,,,-146000000,,-14.49,,,,,,6980000000,3953000000,0.563,,3930000000,,,,,,,,,,,,true,false,9,2017-01-01,2017-09-30,0
2017-10-31,76250,2016-12-31,3,7065000000,0.018,,,,,-119000000,,-208000000,,,-219000000,,-21.82,,,,,,,,,,,,,,,,,,,,,,true,false,9,2016-01-01,2016-09-30,-1
2017-10-31,76250,2017-12-31,3,9942000000,0.019,,,,,49000000,,63000000,5.500,,2000000,,0.22,,,,,,,,,,,,,,,,,,,,,,true,true,12,2017-01-01,2017-12-31,0
2017-10-31,76250,2016-12-31,3,,,,,,,,,,,,,,,,,,,,7608000000,4118000000,0.539,,4101000000,,,,,,,,,,,,true,false,12,2016-01-01,2016-12-31,-1
2017-10-31,76250,2016-12-31,3,,,,,,,,,,,,,,,,,,,,,,,,,,,,,0.00,,,,10081100,210,,false,false,12,2016-01-01,2016-12-31,-1
2017-10-31,76250,2017-12-31,3,,,,,,,,,,,,,,,,,,,,,,,,,,,,,0.00,,,,,,,false,false,12,2017-01-01,2017-12-31,0
2017-10-31,76250,2017-12-31,3,,,,,,,,,,,,,,,,,,,,,,,,,,,,,0.00,,,,,,,false,true,12,2017-01-01,2017-12-31,0
2017-10-31,76250,2017-12-31,3,,,,,,,,,,,,,,,,,,,,,,,,,,,,,,,,,10081800,270,10081332,false,false,9,2017-01-01,2017-09-30,0
2017-10-31,76250,2016-12-31,3,,,,,,,,,,,,,,,,,,,,,,,,,,,,,,,,,,,10075060,false,false,9,2016-01-01,2016-09-30,-1
2018-01-31,76250,2017-12-31,,9815000000,-0.013,,,,,-49000000,,-32000000,,,-222000000,,-21.91,,,,,,,,,,,,,,,,,,,,,,true,true,12,2017-01-01,2017-12-31,0
2018-01-31,76250,2016-12-31,,9755000000,,,,,,-8000000,,9000000,,,-80000000,,-7.97,,,,,,,,,,,,,,,,,,,,,,true,false,12,2016-01-01,2016-12-31,-1
2018-02-13,76250,2017-12-31,,9815000000,0.006,,,,,-49000000,,-32000000,,,-222000000,,-22.00,,-0.056,-0.004,-0.005,,7122000000,3889000000,0.543,381.39,3866000000,290000000,-195000000,-180000000,520000000,,,,,,,,true,false,12,2017-01-01,2017-12-31,0
2018-02-13,76250,2016-12-31,,9755000000,0.023,,,,,-8000000,,9000000,-0.937,,-80000000,,-7.97,,-0.019,0.001,-0.001,,7608000000,4118000000,0.539,406.90,4101000000,238000000,-447000000,208000000,607000000,,,,,,,,true,false,12,2016-01-01,2016-12-31,-1
2018-02-13,76250,2018-12-31,,4786000000,0.009,,,,,-31000000,,-15000000,,,-27000000,,-2.74,,,,,,,,,,,,,,,,,,,,,,true,true,6,2018-01-01,2018-06-30,1
2018-02-13,76250,2018-12-31,,9911000000,0.010,,,,,50000000,,82000000,,,29000000,,2.88,,,,,,,,,,,,,,,,,,,,,,true,true,12,2018-01-01,2018-12-31,1
2018-02-13,76250,2017-12-31,,9344000000,-0.011,,,,,48000000,-0.726,77000000,-0.583,-104000000,,,-10.33,,,,,,7688000000,4604000000,0.596,451.89,4581000000,,,,,0.00,,,,10138000,310,10094343,false,false,12,2017-01-01,2017-12-31,0
2018-02-13,76250,2016-12-31,,9445000000,0.004,,,,,177000000,-0.348,186000000,-0.340,96000000,,-0.082,9.57,9.38,,,,,8030000000,4691000000,0.582,463.75,4675000000,,,,,0.00,,,,10081100,210,10076408,false,false,12,2016-01-01,2016-12-31,-1
2018-02-13,76250,2018-12-31,,,,,,,,,,,,,,,,,,,,,,,,,,,,,,0.00,,,,,,,false,true,12,2018-01-01,2018-12-31,1
2018-04-27,76250,2018-12-31,1,2336000000,0.020,,,,,-93000000,,-125000000,,,-128000000,,-12.72,,,,,,6954000000,3720000000,0.532,,3697000000,,,,,,,,,,,,true,false,3,2018-01-01,2018-03-31,0
2018-04-27,76250,2017-12-31,1,2289000000,0.035,,,,,-73000000,,-93000000,,,-114000000,,-11.37,,,,,,,,,,,,,,,,,,,,,,true,false,3,2017-01-01,2017-03-31,-1
2018-04-27,76250,2018-12-31,1,4786000000,0.009,,,,,-31000000,,-15000000,,,-27000000,,-2.74,,,,,,,,,,,,,,,,,,,,,,true,true,6,2018-01-01,2018-06-30,0
2018-04-27,76250,2018-12-31,1,9911000000,0.010,,,,,50000000,,82000000,,,29000000,,2.88,,,,,,,,,,,,,,,,,,,,,,true,true,12,2018-01-01,2018-12-31,0
2018-04-27,76250,2017-12-31,1,,,,,,,,,,,,,,,,,,,,7122000000,3889000000,0.543,,3866000000,,,,,,,,,,,,true,false,12,2017-01-01,2017-12-31,-1
2018-04-27,76250,2017-12-31,1,,,,,,,,,,,,,,,,,,,,,,,,,,,,,0.00,,,,10138000,310,,false,false,12,2017-01-01,2017-12-31,-1
2018-04-27,76250,2018-12-31,1,,,,,,,,,,,,,,,,,,,,,,,,,,,,,0.00,,,,,,,false,true,12,2018-01-01,2018-12-31,0
2018-04-27,76250,2018-12-31,1,,,,,,,,,,,,,,,,,,,,,,,,,,,,,,,,,10143300,510,10139290,false,false,3,2018-01-01,2018-03-31,0
2018-04-27,76250,2017-12-31,1,,,,,,,,,,,,,,,,,,,,,,,,,,,,,,,,,,,10081035,false,false,3,2017-01-01,2017-03-31,-1
2018-07-27,76250,2018-12-31,,4887000000,0.021,,,,,-0,,7000000,,,-11000000,,-1.10,,,,,,,,,,,,,,,,,,,,,,true,true,6,2018-01-01,2018-06-30,0
2018-07-27,76250,2017-12-31,,4746000000,,,,,,-59000000,,-67000000,,,-90000000,,-9.01,,,,,,,,,,,,,,,,,,,,,,true,false,6,2017-01-01,2017-06-30,-1
2018-07-31,76250,2018-12-31,2,4887000000,0.030,,,,,-0,,7000000,,,-11000000,,-1.10,,,,,,6929000000,3860000000,0.554,,3839000000,,,,,,,,,,,,true,false,6,2018-01-01,2018-06-30,0
2018-07-31,76250,2017-12-31,2,4746000000,0.018,,,,,-59000000,,-67000000,,,-90000000,,-9.01,,,,,,,,,,,,,,,,,,,,,,true,false,6,2017-01-01,2017-06-30,-1
2018-07-31,76250,2018-12-31,2,9911000000,0.010,,,,,50000000,,82000000,,,29000000,,2.88,,,,,,,,,,,,,,,,,,,,,,true,true,12,2018-01-01,2018-12-31,0
2018-07-31,76250,2017-12-31,2,,,,,,,,,,,,,,,,,,,,7122000000,3889000000,0.543,,3866000000,,,,,,,,,,,,true,false,12,2017-01-01,2017-12-31,-1
2018-07-31,76250,2017-12-31,2,,,,,,,,,,,,,,,,,,,,,,,,,,,,,0.00,,,,10138000,310,,false,false,12,2017-01-01,2017-12-31,-1
2018-07-31,76250,2018-12-31,2,,,,,,,,,,,,,,,,,,,,,,,,,,,,,0.00,,,,,,,false,false,12,2018-01-01,2018-12-31,0
2018-07-31,76250,2018-12-31,2,,,,,,,,,,,,,,,,,,,,,,,,,,,,,0.00,,,,,,,false,true,12,2018-01-01,2018-12-31,0
2018-07-31,76250,2018-12-31,2,,,,,,,,,,,,,,,,,,,,,,,,,,,,,,,,,10145400,551,10141375,false,false,6,2018-01-01,2018-06-30,0
2018-07-31,76250,2017-12-31,2,,,,,,,,,,,,,,,,,,,,,,,,,,,,,,,,,,,10081247,false,false,6,2017-01-01,2017-06-30,-1
2018-10-31,76250,2018-12-31,3,7361000000,0.027,,,,,-81000000,,-44000000,,,-81000000,,-7.99,,,,,,6895000000,3818000000,0.551,,3800000000,,,,,,,,,,,,true,false,9,2018-01-01,2018-09-30,0
2018-10-31,76250,2017-12-31,3,7169000000,0.015,,,,,-124000000,,-120000000,,,-146000000,,-14.49,,,,,,,,,,,,,,,,,,,,,,true,false,9,2017-01-01,2017-09-30,-1
2018-10-31,76250,2018-12-31,3,9911000000,0.010,,,,,50000000,,82000000,,,29000000,,2.86,,,,,,,,,,,,,,,,,,,,,,true,true,12,2018-01-01,2018-12-31,0
2018-10-31,76250,2017-12-31,3,,,,,,,,,,,,,,,,,,,,7122000000,3889000000,0.543,,3866000000,,,,,,,,,,,,true,false,12,2017-01-01,2017-12-31,-1
2018-10-31,76250,2017-12-31,3,,,,,,,,,,,,,,,,,,,,,,,,,,,,,0.00,,,,10138000,310,,false,false,12,2017-01-01,2017-12-31,-1
2018-10-31,76250,2018-12-31,3,,,,,,,,,,,,,,,,,,,,,,,,,,,,,0.00,,,,,,,false,false,12,2018-01-01,2018-12-31,0
2018-10-31,76250,2018-12-31,3,,,,,,,,,,,,,,,,,,,,,,,,,,,,,0.00,,,,,,,false,true,12,2018-01-01,2018-12-31,0
2018-10-31,76250,2018-12-31,3,,,,,,,,,,,,,,,,,,,,,,,,,,,,,,,,,10225400,551,10158417,false,false,9,2018-01-01,2018-09-30,0
2018-10-31,76250,2017-12-31,3,,,,,,,,,,,,,,,,,,,,,,,,,,,,,,,,,,,10081332,false,false,9,2017-01-01,2017-09-30,-1
2019-02-06,76250,2018-12-31,,9961000000,0.005,,,,,12000000,-0.747,54000000,-0.338,,4000000,,0.41,,,,,,,,,,,,,,,,,,,,,,true,true,12,2018-01-01,2018-12-31,0
2019-02-06,76250,2017-12-31,,9815000000,,,,,,-49000000,,-32000000,,,-222000000,,-22.00,,,,,,,,,,,,,,,,,,,,,,true,false,12,2017-01-01,2017-12-31,-1
2019-02-12,76250,2018-12-31,,9961000000,0.015,,,,,12000000,,54000000,,,4000000,,0.41,0.40,0.001,0.008,0.001,,6856000000,3886000000,0.564,378.31,3868000000,254000000,-301000000,-195000000,272000000,,,,,,,,true,false,12,2018-01-01,2018-12-31,0
2019-02-12,76250,2017-12-31,,9815000000,0.006,,,,,-49000000,,-32000000,,,-222000000,,-22.00,,-0.056,-0.004,-0.005,,7122000000,3889000000,0.543,381.39,3866000000,290000000,-195000000,-180000000,520000000,,,,,,,,true,false,12,2017-01-01,2017-12-31,-1
2019-02-12,76250,2019-12-31,,4707000000,-0.037,,,,,-3000000,,19000000,1.505,,11000000,,1.15,,,,,,,,,,,,,,,,,,,,,,true,true,6,2019-01-01,2019-06-30,1
2019-02-12,76250,2019-12-31,,9634000000,-0.033,,,,,68000000,4.366,114000000,1.087,,63000000,,6.20,,,,,,,,,,,,,,,,,,,,,,true,true,12,2019-01-01,2019-12-31,1
2019-02-12,76250,2018-12-31,,9438000000,0.010,,,,,77000000,0.586,130000000,0.680,84000000,,,8.26,8.14,,,,,7625000000,4692000000,0.613,457.16,4674000000,,,,,0.00,,,,10225400,571,10173743,false,false,12,2018-01-01,2018-12-31,0
2019-02-12,76250,2017-12-31,,9344000000,-0.011,,,,,48000000,-0.726,77000000,-0.583,-104000000,,,-10.33,,,,,,7688000000,4604000000,0.596,451.89,4581000000,,,,,0.00,,,,10138000,310,10094343,false,false,12,2017-01-01,2017-12-31,-1
2019-02-12,76250,2019-12-31,,,,,,,,,,,,,,,,,,,,,,,,,,,,,,0.00,,,,,,,false,true,12,2019-01-01,2019-12-31,1
2019-04-26,76250,2019-12-31,1,2265000000,-0.030,,,,,-61000000,,-49000000,,,-52000000,,-5.16,,,,,,6826000000,3834000000,0.559,,3815000000,,,,,,,,,,,,true,false,3,2019-01-01,2019-03-31,0
2019-04-26,76250,2018-12-31,1,2336000000,0.020,,,,,-93000000,,-125000000,,,-128000000,,-12.72,,,,,,,,,,,,,,,,,,,,,,true,false,3,2018-01-01,2018-03-31,-1
2019-04-26,76250,2019-12-31,1,4707000000,-0.037,,,,,-3000000,,19000000,1.505,,11000000,,1.15,,,,,,,,,,,,,,,,,,,,,,true,true,6,2019-01-01,2019-06-30,0
2019-04-26,76250,2019-12-31,1,9634000000,-0.033,,,,,68000000,4.366,114000000,1.087,,63000000,,6.20,,,,,,,,,,,,,,,,,,,,,,true,true,12,2019-01-01,2019-12-31,0
2019-04-26,76250,2018-12-31,1,,,,,,,,,,,,,,,,,,,,6831000000,3886000000,0.566,,3868000000,,,,,,,,,,,,true,false,12,2018-01-01,2018-12-31,-1
2019-04-26,76250,2018-12-31,1,,,,,,,,,,,,,,,,,,,,,,,,,,,,,0.00,,,,10225400,571,,false,false,12,2018-01-01,2018-12-31,-1
2019-04-26,76250,2019-12-31,1,,,,,,,,,,,,,,,,,,,,,,,,,,,,,0.00,,,,,,,false,true,12,2019-01-01,2019-12-31,0
2019-04-26,76250,2019-12-31,1,,,,,,,,,,,,,,,,,,,,,,,,,,,,,,,,,10225400,571,10224829,false,false,3,2019-01-01,2019-03-31,0
2019-04-26,76250,2018-12-31,1,,,,,,,,,,,,,,,,,,,,,,,,,,,,,,,,,,,10139290,false,false,3,2018-01-01,2018-03-31,-1
2019-08-02,76250,2019-12-31,2,4683000000,-0.042,,,,,-5000000,,26000000,2.331,,7000000,,0.70,0.70,,,,,6592000000,3857000000,0.582,,3836000000,,,,,,,,,,,,true,false,6,2019-01-01,2019-06-30,0
2019-08-02,76250,2018-12-31,2,4887000000,0.030,,,,,-0,,7000000,,,-11000000,,-1.10,,,,,,,,,,,,,,,,,,,,,,true,false,6,2018-01-01,2018-06-30,-1
2019-08-02,76250,2019-12-31,2,9634000000,-0.033,,,,,68000000,4.366,114000000,1.087,,63000000,,6.20,,,,,,,,,,,,,,,,,,,,,,true,true,12,2019-01-01,2019-12-31,0
2019-08-02,76250,2018-12-31,2,,,,,,,,,,,,,,,,,,,,6831000000,3886000000,0.566,,3868000000,,,,,,,,,,,,true,false,12,2018-01-01,2018-12-31,-1
2019-08-02,76250,2018-12-31,2,,,,,,,,,,,,,,,,,,,,,,,,,,,,,0.00,,,,10225400,571,,false,false,12,2018-01-01,2018-12-31,-1
2019-08-02,76250,2019-12-31,2,,,,,,,,,,,,,,,,,,,,,,,,,,,,,0.00,,,,,,,false,false,12,2019-01-01,2019-12-31,0
2019-08-02,76250,2019-12-31,2,,,,,,,,,,,,,,,,,,,,,,,,,,,,,0.00,,,,,,,false,true,12,2019-01-01,2019-12-31,0
2019-08-02,76250,2019-12-31,2,,,,,,,,,,,,,,,,,,,,,,,,,,,,,,,,,10225400,571,10224829,false,false,6,2019-01-01,2019-06-30,0
2019-08-02,76250,2018-12-31,2,,,,,,,,,,,,,,,,,,,,,,,,,,,,,,,,,,,10141375,false,false,6,2018-01-01,2018-06-30,-1
2019-10-31,76250,2019-12-31,3,7036000000,-0.044,,,,,-92000000,,-48000000,,,-63000000,,-6.23,,,,,,6499000000,3790000000,0.580,,3768000000,,,,,,,,,,,,true,false,9,2019-01-01,2019-09-30,0
2019-10-31,76250,2018-12-31,3,7361000000,0.027,,,,,-81000000,,-44000000,,,-81000000,,-7.99,,,,,,,,,,,,,,,,,,,,,,true,false,9,2018-01-01,2018-09-30,-1
2019-10-31,76250,2019-12-31,3,9634000000,-0.033,,,,,68000000,4.366,114000000,1.087,,63000000,,6.20,,,,,,,,,,,,,,,,,,,,,,true,true,12,2019-01-01,2019-12-31,0
2019-10-31,76250,2018-12-31,3,,,,,,,,,,,,,,,,,,,,6831000000,3886000000,0.566,,3868000000,,,,,,,,,,,,true,false,12,2018-01-01,2018-12-31,-1
2019-10-31,76250,2018-12-31,3,,,,,,,,,,,,,,,,,,,,,,,,,,,,,0.00,,,,10225400,571,,false,false,12,2018-01-01,2018-12-31,-1
2019-10-31,76250,2019-12-31,3,,,,,,,,,,,,,,,,,,,,,,,,,,,,,0.00,,,,,,,false,false,12,2019-01-01,2019-12-31,0
2019-10-31,76250,2019-12-31,3,,,,,,,,,,,,,,,,,,,,,,,,,,,,,0.00,,,,,,,false,true,12,2019-01-01,2019-12-31,0
2019-10-31,76250,2019-12-31,3,,,,,,,,,,,,,,,,,,,,,,,,,,,,,,,,,10225400,571,10224829,false,false,9,2019-01-01,2019-09-30,0
2019-10-31,76250,2018-12-31,3,,,,,,,,,,,,,,,,,,,,,,,,,,,,,,,,,,,10158417,false,false,9,2018-01-01,2018-09-30,-1
2020-01-31,76250,2019-12-31,,9610000000,-0.002,,,,,40000000,-0.412,96000000,-0.153,,-331000000,,-32.40,,,,,,,,,,,,,,,,,,,,,,true,true,12,2019-01-01,2019-12-31,0
2020-01-31,76250,2018-12-31,,9961000000,,,,,,12000000,,54000000,,,4000000,,0.41,,,,,,,,,,,,,,,,,,,,,,true,false,12,2018-01-01,2018-12-31,-1
2020-02-12,76250,2019-12-31,,9610000000,-0.035,,,,,40000000,2.157,96000000,0.768,,-331000000,,-32.40,,-0.090,0.014,0.004,,6679000000,3540000000,0.527,344.27,3520000000,212000000,-51000000,-113000000,319000000,,,,,,,,true,false,12,2019-01-01,2019-12-31,0
2020-02-12,76250,2018-12-31,,9961000000,0.015,,,,,12000000,,54000000,,,4000000,,0.41,0.40,0.001,0.008,0.001,,6831000000,3886000000,0.566,378.31,3868000000,254000000,-301000000,-195000000,272000000,,,,,,,,true,false,12,2018-01-01,2018-12-31,-1
2020-02-12,76250,2020-12-31,,4622000000,-0.013,,,,,-31000000,,-8000000,,,253000000,,24.79,,,,,,,,,,,,,,,,,,,,,,true,true,6,2020-01-01,2020-06-30,1
2020-02-12,76250,2020-12-31,,9540000000,-0.007,,,,,29000000,-0.253,76000000,-0.214,,204000000,,19.96,,,,,,,,,,,,,,,,,,,,,,true,true,12,2020-01-01,2020-12-31,1
2020-02-12,76250,2019-12-31,,9116000000,-0.034,,,,,150000000,0.960,207000000,0.586,-221000000,,,-21.62,,,,,,7568000000,4474000000,0.589,435.53,4454000000,,,,,0.00,,,,10227700,571,10225106,false,false,12,2019-01-01,2019-12-31,0
2020-02-12,76250,2018-12-31,,9438000000,0.010,,,,,77000000,0.586,130000000,0.680,84000000,,,8.26,8.14,,,,,7600000000,4692000000,0.615,457.16,4674000000,,,,,0.00,,,,10225400,571,10173743,false,false,12,2018-01-01,2018-12-31,-1
2020-02-12,76250,2020-12-31,,,,,,,,,,,,,,,,,,,,,,,,,,,,,,0.00,,,,,,,false,true,12,2020-01-01,2020-12-31,1
2020-04-30,76250,2020-12-31,1,1697000000,-0.251,,,,,-338000000,,-325000000,,,-430000000,,-42.14,,,,,,6371000000,3092000000,0.483,,3079000000,,,,,,,,,,,,true,false,3,2020-01-01,2020-03-31,0
2020-04-30,76250,2019-12-31,1,2265000000,-0.030,,,,,-61000000,,-49000000,,,-52000000,,-5.16,,,,,,,,,,,,,,,,,,,,,,true,false,3,2019-01-01,2019-03-31,-1
2020-04-30,76250,2019-12-31,1,,,,,,,,,,,,,,,,,,,,6679000000,3540000000,0.527,,3520000000,,,,,,,,,,,,true,false,12,2019-01-01,2019-12-31,-1
2020-04-30,76250,2019-12-31,1,,,,,,,,,,,,,,,,,,,,,,,,,,,,,0.00,,,,10227700,571,,false,false,12,2019-01-01,2019-12-31,-1
2020-04-30,76250,2020-12-31,1,,,,,,,,,,,,,,,,,,,,,,,,,,,,,0.00,,,,,,,false,true,12,2020-01-01,2020-12-31,0
2020-04-30,76250,2020-12-31,1,,,,,,,,,,,,,,,,,,,,,,,,,,,,,,,,,10227700,571,10227129,false,false,3,2020-01-01,2020-03-31,0
2020-04-30,76250,2019-12-31,1,,,,,,,,,,,,,,,,,,,,,,,,,,,,,,,,,,,10224829,false,false,3,2019-01-01,2019-03-31,-1
2020-07-31,76250,2020-12-31,2,2451000000,-0.476,,,,,-854000000,,-833000000,,,-940000000,,-91.98,,,,,,6555000000,2570000000,0.390,,2558000000,,,,,,,,,,,,true,false,6,2020-01-01,2020-06-30,0
2020-07-31,76250,2019-12-31,2,4683000000,-0.042,,,,,-5000000,,26000000,2.331,,7000000,,0.70,0.70,,,,,,,,,,,,,,,,,,,,,true,false,6,2019-01-01,2019-06-30,-1
2020-07-31,76250,2019-12-31,2,,,,,,,,,,,,,,,,,,,,6679000000,3540000000,0.527,,3520000000,,,,,,,,,,,,true,false,12,2019-01-01,2019-12-31,-1
2020-07-31,76250,2019-12-31,2,,,,,,,,,,,,,,,,,,,,,,,,,,,,,0.00,,,,10227700,571,,false,false,12,2019-01-01,2019-12-31,-1
2020-07-31,76250,2020-12-31,2,,,,,,,,,,,,,,,,,,,,,,,,,,,,,0.00,,,,,,,false,false,12,2020-01-01,2020-12-31,0
2020-07-31,76250,2020-12-31,2,,,,,,,,,,,,,,,,,,,,,,,,,,,,,0.00,,,,,,,false,true,12,2020-01-01,2020-12-31,0
2020-07-31,76250,2020-12-31,2,,,,,,,,,,,,,,,,,,,,,,,,,,,,,,,,,10227700,571,10227129,false,false,6,2020-01-01,2020-06-30,0
2020-07-31,76250,2019-12-31,2,,,,,,,,,,,,,,,,,,,,,,,,,,,,,,,,,,,10224829,false,false,6,2019-01-01,2019-06-30,-1
2020-10-30,76250,2020-12-31,3,4010000000,-0.430,,,,,-1104000000,,-1040000000,,,-1274000000,,-124.60,,,,,,6241000000,2216000000,0.336,,2095000000,,,,,,,,,,,,true,false,9,2020-01-01,2020-09-30,0
2020-10-30,76250,2019-12-31,3,7036000000,-0.044,,,,,-92000000,,-48000000,,,-63000000,,-6.23,,,,,,,,,,,,,,,,,,,,,,true,false,9,2019-01-01,2019-09-30,-1
2020-10-30,76250,2020-12-31,3,5855000000,-0.391,,,,,-1195000000,,-1125000000,,,,,,,,,,,,,,,,,,,,,,,,,,,true,true,12,2020-01-01,2020-12-31,0
2020-10-30,76250,2019-12-31,3,,,,,,,,,,,,,,,,,,,,6679000000,3540000000,0.527,,3520000000,,,,,,,,,,,,true,false,12,2019-01-01,2019-12-31,-1
2020-10-30,76250,2019-12-31,3,,,,,,,,,,,,,,,,,,,,,,,,,,,,,0.00,,,,10227700,571,,false,false,12,2019-01-01,2019-12-31,-1
2020-10-30,76250,2020-12-31,3,,,,,,,,,,,,,,,,,,,,,,,,,,,,,0.00,,,,,,,false,false,12,2020-01-01,2020-12-31,0
2020-10-30,76250,2020-12-31,3,,,,,,,,,,,,,,,,,,,,,,,,,,,,,0.00,,,,,,,false,true,12,2020-01-01,2020-12-31,0
2020-10-30,76250,2020-12-31,3,,,,,,,,,,,,,,,,,,,,,,,,,,,,,,,,,10231800,571,10227949,false,false,9,2020-01-01,2020-09-30,0
2020-10-30,76250,2019-12-31,3,,,,,,,,,,,,,,,,,,,,,,,,,,,,,,,,,,,10224829,false,false,9,2019-01-01,2019-09-30,-1
2021-02-12,76250,2020-12-31,,5667000000,-0.410,,,,,-1175000000,,-1102000000,,,-1509000000,,-147.56,,-0.552,-0.175,-0.207,,5934000000,1955000000,0.328,190.03,1944000000,-305000000,-509000000,820000000,321000000,,,,,,,,true,false,12,2020-01-01,2020-12-31,0
2021-02-12,76250,2019-12-31,,9610000000,-0.035,,,,,40000000,2.157,96000000,0.768,,-331000000,,-32.40,,-0.090,0.014,0.004,,6679000000,3540000000,0.527,344.27,3520000000,212000000,-51000000,-113000000,319000000,,,,,,,,true,false,12,2019-01-01,2019-12-31,-1
2021-02-12,76250,2021-12-31,,6000000000,0.059,,,,,-500000000,,,,,,,,,,,,,,,,,,,,,,,,,,,,,true,true,12,2021-01-01,2021-12-31,1
2021-02-12,76250,2021-12-31,,7000000000,0.235,,,,,0,,,,,,,,,,,,,,,,,,,,,,,,,,,,,true,true,12,2021-01-01,2021-12-31,1
2021-02-12,76250,2020-12-31,,5240000000,-0.425,,,,,-1094000000,,-1018000000,,-2290000000,,,-223.94,,,,,,6082000000,2173000000,0.355,211.30,2162000000,,,,,0.00,,,,10232800,571,10228860,false,false,12,2020-01-01,2020-12-31,0
2021-02-12,76250,2019-12-31,,9116000000,-0.034,,,,,150000000,0.960,207000000,0.586,-221000000,,,-21.62,,,,,,7568000000,4474000000,0.589,435.53,4454000000,,,,,0.00,,,,10227700,571,10225106,false,false,12,2019-01-01,2019-12-31,-1
2021-02-12,76250,2021-12-31,,,,,,,,,,,,,,,,,,,,,,,,,,,,,,0.00,,,,,,,false,true,12,2021-01-01,2021-12-31,1
2021-04-30,76250,2021-12-31,1,2047000000,0.206,,,,,196000000,,196000000,,,175000000,,17.05,16.96,,,,,6731000000,2218000000,0.328,,2210000000,,,,,,,,,,,,true,false,3,2021-01-01,2021-03-31,0
2021-04-30,76250,2020-12-31,1,1697000000,-0.251,,,,,-338000000,,-325000000,,,-430000000,,-42.14,,,,,,,,,,,,,,,,,,,,,,true,false,3,2020-01-01,2020-03-31,-1
2021-04-30,76250,2021-12-31,1,6000000000,0.059,,,,,-500000000,,,,,,,,,,,,,,,,,,,,,,,,,,,,,true,true,12,2021-01-01,2021-12-31,0
2021-04-30,76250,2021-12-31,1,7000000000,0.235,,,,,0,,,,,,,,,,,,,,,,,,,,,,,,,,,,,true,true,12,2021-01-01,2021-12-31,0
2021-04-30,76250,2020-12-31,1,,,,,,,,,,,,,,,,,,,,5934000000,1955000000,0.328,,1944000000,,,,,,,,,,,,true,false,12,2020-01-01,2020-12-31,-1
2021-04-30,76250,2020-12-31,1,,,,,,,,,,,,,,,,,,,,,,,,,,,,,0.00,,,,10232800,571,,false,false,12,2020-01-01,2020-12-31,-1
2021-04-30,76250,2021-12-31,1,,,,,,,,,,,,,,,,,,,,,,,,,,,,,0.00,,,,,,,false,true,12,2021-01-01,2021-12-31,0
2021-04-30,76250,2021-12-31,1,,,,,,,,,,,,,,,,,,,,,,,,,,,,,,,,,10347300,651,10278144,false,false,3,2021-01-01,2021-03-31,0
2021-04-30,76250,2020-12-31,1,,,,,,,,,,,,,,,,,,,,,,,,,,,,,,,,,,,10227129,false,false,3,2020-01-01,2020-03-31,-1
2021-07-30,76250,2021-12-31,2,4714000000,0.923,,,,,459000000,,553000000,,,587000000,,57.03,56.58,,,,,7416000000,2633000000,0.354,,2625000000,,,,,,,,,,,,true,false,6,2021-01-01,2021-06-30,0
2021-07-30,76250,2020-12-31,2,2451000000,-0.476,,,,,-854000000,,-833000000,,,-940000000,,-91.98,,,,,,,,,,,,,,,,,,,,,,true,false,6,2020-01-01,2020-06-30,-1
2021-07-30,76250,2021-12-31,2,9484000000,0.674,,,,,781000000,,913000000,,,1023000000,,99.24,,,,,,,,,,,,,,,,,,,,,,true,true,12,2021-01-01,2021-12-31,0
2021-07-30,76250,2020-12-31,2,,,,,,,,,,,,,,,,,,,,5934000000,1955000000,0.328,,1944000000,,,,,,,,,,,,true,false,12,2020-01-01,2020-12-31,-1
2021-07-30,76250,2020-12-31,2,,,,,,,,,,,,,,,,,,,,,,,,,,,,,0.00,,,,10232800,571,,false,false,12,2020-01-01,2020-12-31,-1
2021-07-30,76250,2021-12-31,2,,,,,,,,,,,,,,,,,,,,,,,,,,,,,0.00,,,,,,,false,false,12,2021-01-01,2021-12-31,0
2021-07-30,76250,2021-12-31,2,,,,,,,,,,,,,,,,,,,,,,,,,,,,,0.00,,,,,,,false,true,12,2021-01-01,2021-12-31,0
2021-07-30,76250,2021-12-31,2,,,,,,,,,,,,,,,,,,,,,,,,,,,,,,,,,10353800,651,10308789,false,false,6,2021-01-01,2021-06-30,0
2021-07-30,76250,2020-12-31,2,,,,,,,,,,,,,,,,,,,,,,,,,,,,,,,,,,,10227129,false,false,6,2020-01-01,2020-06-30,-1
2021-10-29,76250,2021-12-31,3,7221000000,0.800,,,,,665000000,,868000000,,,897000000,,86.91,86.12,,,,,7503000000,2960000000,0.393,,2950000000,,,,,,,,,,,,true,false,9,2021-01-01,2021-09-30,0
2021-10-29,76250,2020-12-31,3,4010000000,-0.430,,,,,-1104000000,,-1040000000,,,-1274000000,,-124.60,,,,,,,,,,,,,,,,,,,,,,true,false,9,2020-01-01,2020-09-30,-1
2021-10-29,76250,2021-12-31,3,9484000000,0.674,,,,,781000000,,913000000,,,1023000000,,99.24,,,,,,,,,,,,,,,,,,,,,,true,true,12,2021-01-01,2021-12-31,0
2021-10-29,76250,2020-12-31,3,,,,,,,,,,,,,,,,,,,,5934000000,1955000000,0.328,,1944000000,,,,,,,,,,,,true,false,12,2020-01-01,2020-12-31,-1
2021-10-29,76250,2020-12-31,3,,,,,,,,,,,,,,,,,,,,,,,,,,,,,0.00,,,,10232800,571,,false,false,12,2020-01-01,2020-12-31,-1
2021-10-29,76250,2021-12-31,3,,,,,,,,,,,,,,,,,,,,,,,,,,,,,0.00,,,,,,,false,false,12,2021-01-01,2021-12-31,0
2021-10-29,76250,2021-12-31,3,,,,,,,,,,,,,,,,,,,,,,,,,,,,,0.00,,,,,,,false,true,12,2021-01-01,2021-12-31,0
2021-10-29,76250,2021-12-31,3,,,,,,,,,,,,,,,,,,,,,,,,,,,,,,,,,10356800,651,10322797,false,false,9,2021-01-01,2021-09-30,0
2021-10-29,76250,2020-12-31,3,,,,,,,,,,,,,,,,,,,,,,,,,,,,,,,,,,,10227949,false,false,9,2020-01-01,2020-09-30,-1
2022-02-10,76250,2021-12-31,,9573000000,0.689,,,,,727000000,,1066000000,,,1046000000,,101.25,100.08,0.412,0.157,0.076,,7685000000,3143000000,0.408,302.35,3132000000,1417000000,-248000000,355000000,1850000000,,,,,,,,true,false,12,2021-01-01,2021-12-31,0
2022-02-10,76250,2020-12-31,,5667000000,-0.410,,,,,-1175000000,,-1102000000,,,-1509000000,,-147.56,,-0.552,-0.175,-0.207,,5934000000,1955000000,0.328,190.03,1944000000,-305000000,-509000000,820000000,321000000,,,,,,,,true,false,12,2020-01-01,2020-12-31,-1
2022-02-10,76250,2022-12-31,,8102000000,-0.154,,,,,106000000,-0.854,156000000,-0.853,,141000000,,13.68,,,,,,,,,,,,,,,,,,,,,,true,true,12,2022-01-01,2022-12-31,1
2022-02-10,76250,2021-12-31,,7966000000,0.520,,,,,593000000,,822000000,,668000000,,,64.73,63.98,,,,,7301000000,2868000000,0.391,275.81,2857000000,,,,,0.00,,,,10360300,651,10331071,false,false,12,2021-01-01,2021-12-31,0
2022-02-10,76250,2020-12-31,,5240000000,-0.425,,,,,-1094000000,,-1018000000,,-2290000000,,,-223.94,,,,,,6082000000,2173000000,0.355,211.30,2162000000,,,,,0.00,,,,10232800,571,10228860,false,false,12,2020-01-01,2020-12-31,-1
2022-02-10,76250,2022-12-31,,,,,,,,,,,,,,,,,,,,,,,,,,,,,,0.00,,,,,,,false,true,12,2022-01-01,2022-12-31,1
2022-04-28,76250,2022-12-31,1,2099000000,0.025,,,,,-44000000,,-29000000,,,-36000000,,-3.53,,,,,,7262000000,3196000000,0.438,,3183000000,,,,,,,,,,,,true,false,3,2022-01-01,2022-03-31,0
2022-04-28,76250,2021-12-31,1,2047000000,0.206,,,,,196000000,,196000000,,,175000000,,17.05,16.96,,,,,,,,,,,,,,,,,,,,,true,false,3,2021-01-01,2021-03-31,-1
2022-04-28,76250,2022-12-31,1,8102000000,-0.154,,,,,106000000,-0.854,156000000,-0.853,,141000000,,13.68,,,,,,,,,,,,,,,,,,,,,,true,true,12,2022-01-01,2022-12-31,0
2022-04-28,76250,2021-12-31,1,,,,,,,,,,,,,,,,,,,,7685000000,3143000000,0.408,,3132000000,,,,,,,,,,,,true,false,12,2021-01-01,2021-12-31,-1
2022-04-28,76250,2021-12-31,1,,,,,,,,,,,,,,,,,,,,,,,,,,,,,0.00,,,,10360300,651,,false,false,12,2021-01-01,2021-12-31,-1
2022-04-28,76250,2022-12-31,1,,,,,,,,,,,,,,,,,,,,,,,,,,,,,0.00,,,,,,,false,true,12,2022-01-01,2022-12-31,0
2022-04-28,76250,2022-12-31,1,,,,,,,,,,,,,,,,,,,,,,,,,,,,,,,,,10360300,691,10359619,false,false,3,2022-01-01,2022-03-31,0
2022-04-28,76250,2021-12-31,1,,,,,,,,,,,,,,,,,,,,,,,,,,,,,,,,,,,10278144,false,false,3,2021-01-01,2021-03-31,-1
2022-07-29,76250,2022-12-31,2,4593000000,-0.026,,,,,21000000,-0.952,69000000,-0.874,,55000000,,5.40,5.36,,,,,7387000000,3482000000,0.469,,3468000000,,,,,,,,,,,,true,false,6,2022-01-01,2022-06-30,0
2022-07-29,76250,2021-12-31,2,4714000000,0.923,,,,,459000000,,553000000,,,587000000,,57.03,56.58,,,,,,,,,,,,,,,,,,,,,true,false,6,2021-01-01,2021-06-30,-1
2022-07-29,76250,2022-12-31,2,8102000000,-0.154,,,,,106000000,-0.854,156000000,-0.853,,141000000,,13.68,,,,,,,,,,,,,,,,,,,,,,true,true,12,2022-01-01,2022-12-31,0
2022-07-29,76250,2021-12-31,2,,,,,,,,,,,,,,,,,,,,7685000000,3143000000,0.408,,3132000000,,,,,,,,,,,,true,false,12,2021-01-01,2021-12-31,-1
2022-07-29,76250,2021-12-31,2,,,,,,,,,,,,,,,,,,,,,,,,,,,,,0.00,,,,10360300,651,,false,false,12,2021-01-01,2021-12-31,-1
2022-07-29,76250,2022-12-31,2,,,,,,,,,,,,,,,,,,,,,,,,,,,,,0.00,,,,,,,false,false,12,2022-01-01,2022-12-31,0
2022-07-29,76250,2022-12-31,2,,,,,,,,,,,,,,,,,,,,,,,,,,,,,0.00,,,,,,,false,true,12,2022-01-01,2022-12-31,0
2022-07-29,76250,2022-12-31,2,,,,,,,,,,,,,,,,,,,,,,,,,,,,,,,,,10370300,691,10361043,false,false,6,2022-01-01,2022-06-30,0
2022-07-29,76250,2021-12-31,2,,,,,,,,,,,,,,,,,,,,,,,,,,,,,,,,,,,10308789,false,false,6,2021-01-01,2021-06-30,-1
2022-10-31,76250,2022-12-31,3,7048000000,-0.024,,,,,5000000,-0.992,60000000,-0.930,,43000000,,4.23,4.21,,,,,7323000000,3579000000,0.487,,3563000000,,,,,,,,,,,,true,false,9,2022-01-01,2022-09-30,0
2022-10-31,76250,2021-12-31,3,7221000000,0.800,,,,,665000000,,868000000,,,897000000,,86.91,86.12,,,,,,,,,,,,,,,,,,,,,true,false,9,2021-01-01,2021-09-30,-1
2022-10-31,76250,2022-12-31,3,8102000000,-0.154,,,,,106000000,-0.854,156000000,-0.853,,141000000,,13.68,,,,,,,,,,,,,,,,,,,,,,true,true,12,2022-01-01,2022-12-31,0
2022-10-31,76250,2021-12-31,3,,,,,,,,,,,,,,,,,,,,7685000000,3143000000,0.408,,3132000000,,,,,,,,,,,,true,false,12,2021-01-01,2021-12-31,-1
2022-10-31,76250,2021-12-31,3,,,,,,,,,,,,,,,,,,,,,,,,,,,,,0.00,,,,10360300,651,,false,false,12,2021-01-01,2021-12-31,-1
2022-10-31,76250,2022-12-31,3,,,,,,,,,,,,,,,,,,,,,,,,,,,,,0.00,,,,,,,false,false,12,2022-01-01,2022-12-31,0
2022-10-31,76250,2022-12-31,3,,,,,,,,,,,,,,,,,,,,,,,,,,,,,0.00,,,,,,,false,true,12,2022-01-01,2022-12-31,0
2022-10-31,76250,2022-12-31,3,,,,,,,,,,,,,,,,,,,,,,,,,,,,,,,,,10370300,691,10363613,false,false,9,2022-01-01,2022-09-30,0
2022-10-31,76250,2021-12-31,3,,,,,,,,,,,,,,,,,,,,,,,,,,,,,,,,,,,10322797,false,false,9,2021-01-01,2021-09-30,-1
2023-02-06,76250,2022-12-31,,9558000000,0.180,,,,,224000000,1.119,297000000,0.899,,222000000,,21.46,,,,,,,,,,,,,,,,,,,,,,true,true,12,2022-01-01,2022-12-31,0
2023-02-06,76250,2021-12-31,,9573000000,,,,,,727000000,,1066000000,,,1046000000,,101.25,,,,,,,,,,,,,,,,,,,,,,true,false,12,2021-01-01,2021-12-31,-1
2023-02-10,76250,2022-12-31,,9558000000,-0.002,,,,,224000000,-0.691,297000000,-0.721,,222000000,,21.46,21.32,0.066,0.040,0.024,,7238000000,3603000000,0.495,345.81,3585000000,-52000000,-299000000,-444000000,1108000000,,,,,,,,true,false,12,2022-01-01,2022-12-31,0
2023-02-10,76250,2021-12-31,,9573000000,0.689,,,,,727000000,,1066000000,,,1046000000,,101.25,100.08,0.412,0.157,0.076,,7685000000,3143000000,0.408,302.35,3132000000,1417000000,-248000000,355000000,1850000000,,,,,,,,true,false,12,2021-01-01,2021-12-31,-1
2023-02-10,76250,2023-12-31,,10002000000,0.047,,,,,300000000,0.338,314000000,0.057,,301000000,,29.11,,,,,,,,,,,,,,,,,,,,,,true,true,12,2023-01-01,2023-12-31,1
2023-02-10,76250,2022-12-31,,7542000000,-0.053,,,,,137000000,-0.769,201000000,-0.755,126000000,,-0.811,12.21,12.13,,,,,6541000000,2994000000,0.455,287.16,2977000000,,,,,0.00,,,,10370300,711,10364994,false,false,12,2022-01-01,2022-12-31,0
2023-02-10,76250,2021-12-31,,7966000000,0.520,,,,,593000000,,822000000,,668000000,,,64.73,63.98,,,,,7301000000,2868000000,0.391,275.81,2857000000,,,,,0.00,,,,10360300,651,10331071,false,false,12,2021-01-01,2021-12-31,-1
2023-02-10,76250,2023-12-31,,,,,,,,,,,,,,,,,,,,,,,,,,,,,,0.00,,,,,,,false,true,12,2023-01-01,2023-12-31,1
2023-04-28,76250,2023-12-31,1,2528000000,0.205,,,,,74000000,,75000000,,,72000000,,6.99,6.93,,,,,7185000000,3687000000,0.511,,3669000000,,,,,,,,,,,,true,false,3,2023-01-01,2023-03-31,0
2023-04-28,76250,2022-12-31,1,2099000000,0.025,,,,,-44000000,,-29000000,,,-36000000,,-3.53,,,,,,,,,,,,,,,,,,,,,,true,false,3,2022-01-01,2022-03-31,-1
2023-04-28,76250,2023-12-31,1,10002000000,0.047,,,,,300000000,0.338,314000000,0.057,,301000000,,29.11,,,,,,,,,,,,,,,,,,,,,,true,true,12,2023-01-01,2023-12-31,0
2023-04-28,76250,2022-12-31,1,,,,,,,,,,,,,,,,,,,,7238000000,3603000000,0.495,,3585000000,,,,,,,,,,,,true,false,12,2022-01-01,2022-12-31,-1
2023-04-28,76250,2022-12-31,1,,,,,,,,,,,,,,,,,,,,,,,,,,,,,0.00,,,,10370300,711,,false,false,12,2022-01-01,2022-12-31,-1
2023-04-28,76250,2023-12-31,1,,,,,,,,,,,,,,,,,,,,,,,,,,,,,0.00,,,,,,,false,true,12,2023-01-01,2023-12-31,0
2023-04-28,76250,2023-12-31,1,,,,,,,,,,,,,,,,,,,,,,,,,,,,,,,,,10370300,711,10369589,false,false,3,2023-01-01,2023-03-31,0
2023-04-28,76250,2022-12-31,1,,,,,,,,,,,,,,,,,,,,,,,,,,,,,,,,,,,10359619,false,false,3,2022-01-01,2022-03-31,-1
2023-07-27,76250,2023-12-31,,5387000000,,,,,,265000000,,263000000,,,292000000,,28.17,,,,,,,,,,,,,,,,,,,,,,true,true,6,2023-01-01,2023-06-30,0
2023-07-27,76250,2022-12-31,,4593000000,,,,,,21000000,,69000000,,,55000000,,5.40,,,,,,,,,,,,,,,,,,,,,,true,false,6,2022-01-01,2022-06-30,-1
2023-07-27,76250,2023-12-31,,10983000000,0.098,,,,,569000000,0.895,575000000,0.828,,597000000,,57.66,,,,,,,,,,,,,,,,,,,,,,true,true,12,2023-01-01,2023-12-31,0
2023-07-27,76250,2022-12-31,,9558000000,,,,,,224000000,,297000000,,,222000000,,21.46,,,,,,,,,,,,,,,,,,,,,,true,false,12,2022-01-01,2022-12-31,-1
2023-07-31,76250,2023-12-31,2,5387000000,0.173,,,,,265000000,,263000000,2.774,,292000000,,28.17,27.95,,,,,7811000000,4069000000,0.518,,4046000000,,,,,,,,,,,,true,false,6,2023-01-01,2023-06-30,0
2023-07-31,76250,2022-12-31,2,4593000000,-0.026,,,,,21000000,-0.952,69000000,-0.874,,55000000,,5.40,5.36,,,,,,,,,,,,,,,,,,,,,true,false,6,2022-01-01,2022-06-30,-1
2023-07-31,76250,2023-12-31,2,10983000000,0.149,,,,,569000000,1.536,575000000,0.933,,597000000,,57.66,,,,,,,,,,,,,,,,,,,,,,true,true,12,2023-01-01,2023-12-31,0
2023-07-31,76250,2022-12-31,2,,,,,,,,,,,,,,,,,,,,7238000000,3603000000,0.495,,3585000000,,,,,,,,,,,,true,false,12,2022-01-01,2022-12-31,-1
2023-07-31,76250,2022-12-31,2,,,,,,,,,,,,,,,,,,,,,,,,,,,,,0.00,,,,10370300,711,,false,false,12,2022-01-01,2022-12-31,-1
2023-07-31,76250,2023-12-31,2,,,,,,,,,,,,,,,,,,,,,,,,,,,,,0.00,,,,,,,false,false,12,2023-01-01,2023-12-31,0
2023-07-31,76250,2023-12-31,2,,,,,,,,,,,,,,,,,,,,,,,,,,,,,0.00,,,,,,,false,true,12,2023-01-01,2023-12-31,0
2023-07-31,76250,2023-12-31,2,,,,,,,,,,,,,,,,,,,,,,,,,,,,,,,,,10370800,711,10369660,false,false,6,2023-01-01,2023-06-30,0
2023-07-31,76250,2022-12-31,2,,,,,,,,,,,,,,,,,,,,,,,,,,,,,,,,,,,10361043,false,false,6,2022-01-01,2022-06-30,-1
2023-10-31,76250,2023-12-31,3,8197000000,0.163,,,,,409000000,,405000000,5.680,,431000000,,41.58,41.20,,,,,7839000000,4276000000,0.543,,4253000000,,,,,,,,,,,,true,false,9,2023-01-01,2023-09-30,0
2023-10-31,76250,2022-12-31,3,7048000000,-0.024,,,,,5000000,-0.992,60000000,-0.930,,43000000,,4.23,4.21,,,,,,,,,,,,,,,,,,,,,true,false,9,2022-01-01,2022-09-30,-1
2023-10-31,76250,2023-12-31,3,10983000000,0.149,,,,,569000000,1.536,575000000,0.933,,597000000,,57.66,,,,,,,,,,,,,,,,,,,,,,true,true,12,2023-01-01,2023-12-31,0
2023-10-31,76250,2022-12-31,3,,,,,,,,,,,,,,,,,,,,7238000000,3603000000,0.495,,3585000000,,,,,,,,,,,,true,false,12,2022-01-01,2022-12-31,-1
2023-10-31,76250,2022-12-31,3,,,,,,,,,,,,,,,,,,,,,,,,,,,,,0.00,,,,10370300,711,,false,false,12,2022-01-01,2022-12-31,-1
2023-10-31,76250,2023-12-31,3,,,,,,,,,,,,,,,,,,,,,,,,,,,,,0.00,,,,,,,false,false,12,2023-01-01,2023-12-31,0
2023-10-31,76250,2023-12-31,3,,,,,,,,,,,,,,,,,,,,,,,,,,,,,0.00,,,,,,,false,true,12,2023-01-01,2023-12-31,0
2023-10-31,76250,2023-12-31,3,,,,,,,,,,,,,,,,,,,,,,,,,,,,,,,,,10380800,711,10372789,false,false,9,2023-01-01,2023-09-30,0
2023-10-31,76250,2022-12-31,3,,,,,,,,,,,,,,,,,,,,,,,,,,,,,,,,,,,10363613,false,false,9,2022-01-01,2022-09-30,-1
2024-02-07,76250,2023-12-31,,11090000000,0.010,,,,,732000000,0.286,727000000,0.264,,847000000,,81.68,,,,,,,,,,,,,,,,,,,,,,true,true,12,2023-01-01,2023-12-31,0
2024-02-07,76250,2022-12-31,,9558000000,,,,,,224000000,,297000000,,,222000000,,21.46,,,,,,,,,,,,,,,,,,,,,,true,false,12,2022-01-01,2022-12-31,-1
2024-02-09,76250,2023-12-31,,11090000000,0.160,,,,,732000000,2.261,727000000,1.444,,847000000,,81.68,80.83,0.208,0.092,0.066,,8560000000,4588000000,0.533,439.53,4564000000,815000000,-670000000,-97000000,1180000000,,,,,,,,true,false,12,2023-01-01,2023-12-31,0
2024-02-09,76250,2022-12-31,,9558000000,-0.002,,,,,224000000,-0.691,297000000,-0.721,,222000000,,21.46,21.32,0.066,0.040,0.024,,7238000000,3603000000,0.495,345.81,3585000000,-52000000,-299000000,-444000000,1108000000,,,,,,,,true,false,12,2022-01-01,2022-12-31,-1
2024-02-09,76250,2024-12-31,,11650000000,0.050,,,,,553000000,-0.245,549000000,-0.245,,535000000,,51.57,,,,,,,,,,,,,,,,,,,,,,true,true,12,2024-01-01,2024-12-31,1
2024-02-09,76250,2023-12-31,,9330000000,0.237,,,,,786000000,4.738,769000000,2.822,889000000,,6.027,85.73,84.85,,,,,7389000000,3899000000,0.524,373.15,3875000000,,,,,0.00,,,,10385800,711,10375627,false,false,12,2023-01-01,2023-12-31,0
2024-02-09,76250,2022-12-31,,7542000000,-0.053,,,,,137000000,-0.769,201000000,-0.755,126000000,,-0.811,12.21,12.13,,,,,6541000000,2994000000,0.455,287.16,2977000000,,,,,0.00,,,,10370300,711,10364994,false,false,12,2022-01-01,2022-12-31,-1
2024-02-09,76250,2024-12-31,,,,,,,,,,,,,,,,,,,,,,,,,,,,,,0.00,,,,,,,false,true,12,2024-01-01,2024-12-31,1
2024-04-30,76250,2024-12-31,1,2741000000,0.084,,,,,146000000,0.973,137000000,0.816,,133000000,,12.90,12.72,,,,,8595000000,4854000000,0.562,,4829000000,,,,,,,,,,,,true,false,3,2024-01-01,2024-03-31,0
2024-04-30,76250,2023-12-31,1,2528000000,0.205,,,,,74000000,,75000000,,,72000000,,6.99,6.93,,,,,,,,,,,,,,,,,,,,,true,false,3,2023-01-01,2023-03-31,-1
2024-04-30,76250,2024-12-31,1,11650000000,0.050,,,,,553000000,-0.245,549000000,-0.245,,535000000,,51.57,,,,,,,,,,,,,,,,,,,,,,true,true,12,2024-01-01,2024-12-31,0
2024-04-30,76250,2023-12-31,1,,,,,,,,,,,,,,,,,,,,8560000000,4588000000,0.533,,4564000000,,,,,,,,,,,,true,false,12,2023-01-01,2023-12-31,-1
2024-04-30,76250,2023-12-31,1,,,,,,,,,,,,,,,,,,,,,,,,,,,,,0.00,,,,10385800,711,,false,false,12,2023-01-01,2023-12-31,-1
2024-04-30,76250,2024-12-31,1,,,,,,,,,,,,,,,,,,,,,,,,,,,,,0.00,,,,,,,false,true,12,2024-01-01,2024-12-31,0
2024-04-30,76250,2024-12-31,1,,,,,,,,,,,,,,,,,,,,,,,,,,,,,,,,,10385800,711,10385089,false,false,3,2024-01-01,2024-03-31,0
2024-04-30,76250,2023-12-31,1,,,,,,,,,,,,,,,,,,,,,,,,,,,,,,,,,,,10369589,false,false,3,2023-01-01,2023-03-31,-1
2024-07-29,76250,2024-12-31,,5776000000,,,,,,399000000,,395000000,,,480000000,,46.26,,,,,,,,,,,,,,,,,,,,,,true,true,6,2024-01-01,2024-06-30,0
2024-07-29,76250,2023-12-31,,5387000000,,,,,,265000000,,263000000,,,292000000,,28.17,,,,,,,,,,,,,,,,,,,,,,true,false,6,2023-01-01,2023-06-30,-1
2024-07-29,76250,2024-12-31,,12009000000,0.031,,,,,825000000,0.491,814000000,0.481,,611000000,,58.85,,,,,,,,,,,,,,,,,,,,,,true,true,12,2024-01-01,2024-12-31,0
2024-07-29,76250,2023-12-31,,11090000000,,,,,,732000000,,727000000,,,847000000,,81.68,,,,,,,,,,,,,,,,,,,,,,true,false,12,2023-01-01,2023-12-31,-1
2024-07-31,76250,2024-12-31,2,5776000000,0.072,,,,,399000000,0.504,395000000,0.503,,480000000,,46.26,45.66,,,,,9357000000,5332000000,0.567,,5306000000,,,,,,,,,,,,true,false,6,2024-01-01,2024-06-30,0
2024-07-31,76250,2023-12-31,2,5387000000,0.173,,,,,265000000,,263000000,2.774,,292000000,,28.17,27.95,,,,,,,,,,,,,,,,,,,,,true,false,6,2023-01-01,2023-06-30,-1
2024-07-31,76250,2024-12-31,2,12009000000,0.083,,,,,825000000,0.126,814000000,0.119,,611000000,,58.85,,,,,,,,,,,,,,,,,,,,,,true,true,12,2024-01-01,2024-12-31,0
2024-07-31,76250,2023-12-31,2,,,,,,,,,,,,,,,,,,,,8560000000,4588000000,0.533,,4564000000,,,,,,,,,,,,true,false,12,2023-01-01,2023-12-31,-1
2024-07-31,76250,2023-12-31,2,,,,,,,,,,,,,,,,,,,,,,,,,,,,,0.00,,,,10385800,711,,false,false,12,2023-01-01,2023-12-31,-1
2024-07-31,76250,2024-12-31,2,,,,,,,,,,,,,,,,,,,,,,,,,,,,,0.00,,,,,,,false,false,12,2024-01-01,2024-12-31,0
2024-07-31,76250,2024-12-31,2,,,,,,,,,,,,,,,,,,,,,,,,,,,,,0.00,,,,,,,false,true,12,2024-01-01,2024-12-31,0
2024-07-31,76250,2024-12-31,2,,,,,,,,,,,,,,,,,,,,,,,,,,,,,,,,,10385800,711,10385089,false,false,6,2024-01-01,2024-06-30,0
2024-07-31,76250,2023-12-31,2,,,,,,,,,,,,,,,,,,,,,,,,,,,,,,,,,,,10369660,false,false,6,2023-01-01,2023-06-30,-1
2024-10-31,76250,2024-12-31,3,8516000000,0.039,,,,,541000000,0.322,484000000,0.195,,565000000,,54.41,53.76,,,,,9376000000,5171000000,0.549,,5144000000,,,,,,,,,,,,true,false,9,2024-01-01,2024-09-30,0
2024-10-31,76250,2023-12-31,3,8197000000,0.163,,,,,409000000,,405000000,5.680,,431000000,,41.58,41.20,,,,,,,,,,,,,,,,,,,,,true,false,9,2023-01-01,2023-09-30,-1
2024-10-31,76250,2024-12-31,3,12009000000,0.083,,,,,825000000,0.126,814000000,0.119,,611000000,,58.85,,,,,,,,,,,,,,,,,,,,,,true,true,12,2024-01-01,2024-12-31,0
2024-10-31,76250,2023-12-31,3,,,,,,,,,,,,,,,,,,,,8560000000,4588000000,0.533,,4564000000,,,,,,,,,,,,true,false,12,2023-01-01,2023-12-31,-1
2024-10-31,76250,2023-12-31,3,,,,,,,,,,,,,,,,,,,,,,,,,,,,,0.00,,,,10385800,711,,false,false,12,2023-01-01,2023-12-31,-1
2024-10-31,76250,2024-12-31,3,,,,,,,,,,,,,,,,,,,,,,,,,,,,,0.00,,,,,,,false,false,12,2024-01-01,2024-12-31,0
2024-10-31,76250,2024-12-31,3,,,,,,,,,,,,,,,,,,,,,,,,,,,,,0.00,,,,,,,false,true,12,2024-01-01,2024-12-31,0
2024-10-31,76250,2024-12-31,3,,,,,,,,,,,,,,,,,,,,,,,,,,,,,,,,,10385800,711,10385089,false,false,9,2024-01-01,2024-09-30,0
2024-10-31,76250,2023-12-31,3,,,,,,,,,,,,,,,,,,,,,,,,,,,,,,,,,,,10372789,false,false,9,2023-01-01,2023-09-30,-1
2025-02-12,76250,2024-12-31,,11788000000,0.063,,,,,753000000,0.028,751000000,0.033,,514000000,,49.57,49.01,0.104,0.080,0.064,,10234000000,5334000000,0.519,510.33,5307000000,643000000,-1676000000,600000000,788000000,,,,,,,,true,false,12,2024-01-01,2024-12-31,0
2025-02-12,76250,2023-12-31,,11090000000,0.160,,,,,732000000,2.261,727000000,1.444,,847000000,,81.68,80.83,0.208,0.092,0.066,,8560000000,4588000000,0.533,439.53,4564000000,815000000,-670000000,-97000000,1180000000,,,,,,,,true,false,12,2023-01-01,2023-12-31,-1
2025-02-12,76250,2025-12-31,,13480000000,0.143,,,,,625000000,-0.169,622000000,-0.172,,366000000,,35.20,,,,,,,,,,,,,,,,,,,,,,true,true,12,2025-01-01,2025-12-31,1
2025-02-12,76250,2024-12-31,,10115000000,0.084,,,,,971000000,0.234,962000000,0.250,725000000,,-0.184,69.85,69.07,,,,,8945000000,4639000000,0.516,443.53,4612000000,,,,,0.00,,,,10400089,711,10387397,false,false,12,2024-01-01,2024-12-31,0
2025-02-12,76250,2023-12-31,,9330000000,0.237,,,,,786000000,4.738,769000000,2.822,889000000,,6.027,85.73,84.85,,,,,7389000000,3899000000,0.524,373.15,3875000000,,,,,0.00,,,,10385800,711,10375627,false,false,12,2023-01-01,2023-12-31,-1
2025-02-12,76250,2025-12-31,,,,,,,,,,,,,,,,,,,,,,,,,,,,,,0.00,,,,,,,false,true,12,2025-01-01,2025-12-31,1
2025-04-30,76250,2025-12-31,1,2998000000,0.094,,,,,-58000000,,-102000000,,,-107000000,,-10.35,,,,,,9936000000,5129000000,0.514,,5103000000,,,,,,,,,,,,true,false,3,2025-01-01,2025-03-31,0
2025-04-30,76250,2024-12-31,1,2741000000,0.084,,,,,146000000,0.973,137000000,0.816,,133000000,,12.90,12.72,,,,,,,,,,,,,,,,,,,,,true,false,3,2024-01-01,2024-03-31,-1
2025-04-30,76250,2025-12-31,1,13480000000,0.143,,,,,625000000,-0.169,622000000,-0.172,,366000000,,35.14,,,,,,,,,,,,,,,,,,,,,,true,true,12,2025-01-01,2025-12-31,0
2025-04-30,76250,2024-12-31,1,,,,,,,,,,,,,,,,,,,,10234000000,5334000000,0.519,,5307000000,,,,,,,,,,,,true,false,12,2024-01-01,2024-12-31,-1
2025-04-30,76250,2024-12-31,1,,,,,,,,,,,,,,,,,,,,,,,,,,,,,0.00,,,,10400800,711,,false,false,12,2024-01-01,2024-12-31,-1
2025-04-30,76250,2025-12-31,1,,,,,,,,,,,,,,,,,,,,,,,,,,,,,0.00,,,,,,,false,true,12,2025-01-01,2025-12-31,0
2025-04-30,76250,2025-12-31,1,,,,,,,,,,,,,,,,,,,,,,,,,,,,,,,,,10420800,711,10412589,false,false,3,2025-01-01,2025-03-31,0
2025-04-30,76250,2024-12-31,1,,,,,,,,,,,,,,,,,,,,,,,,,,,,,,,,,,,10385089,false,false,3,2024-01-01,2024-03-31,-1
2025-07-31,76250,2025-12-31,2,6402000000,0.108,,,,,187000000,-0.531,115000000,-0.707,,10000000,,1.03,1.03,,,,,9989000000,5192000000,0.517,,5165000000,,,,,,,,,,,,true,false,6,2025-01-01,2025-06-30,0
2025-07-31,76250,2024-12-31,2,5776000000,0.072,,,,,399000000,0.504,395000000,0.503,,480000000,,46.26,45.66,,,,,,,,,,,,,,,,,,,,,true,false,6,2024-01-01,2024-06-30,-1
2025-07-31,76250,2025-12-31,2,13480000000,0.143,,,,,625000000,-0.169,622000000,-0.172,,366000000,,35.14,,,,,,,,,,,,,,,,,,,,,,true,true,12,2025-01-01,2025-12-31,0
2025-07-31,76250,2024-12-31,2,,,,,,,,,,,,,,,,,,,,10234000000,5334000000,0.519,,5307000000,,,,,,,,,,,,true,false,12,2024-01-01,2024-12-31,-1
2025-07-31,76250,2024-12-31,2,,,,,,,,,,,,,,,,,,,,,,,,,,,,,0.00,,,,10400800,711,,false,false,12,2024-01-01,2024-12-31,-1
2025-07-31,76250,2025-12-31,2,,,,,,,,,,,,,,,,,,,,,,,,,,,,,0.00,,,,,,,false,false,12,2025-01-01,2025-12-31,0
2025-07-31,76250,2025-12-31,2,,,,,,,,,,,,,,,,,,,,,,,,,,,,,0.00,,,,,,,false,true,12,2025-01-01,2025-12-31,0
2025-07-31,76250,2025-12-31,2,,,,,,,,,,,,,,,,,,,,,,,,,,,,,,,,,10420800,711,10415803,false,false,6,2025-01-01,2025-06-30,0
2025-07-31,76250,2024-12-31,2,,,,,,,,,,,,,,,,,,,,,,,,,,,,,,,,,,,10385089,false,false,6,2024-01-01,2024-06-30,-1
