filing_date,code,fiscal_year_end,quarterly_period,net_sales,net_sales_change,revenue,revenue_change,operating_revenue,operating_revenue_change,operating_profit,operating_profit_change,ordinary_profit,ordinary_profit_change,net_income,net_income_of_parent,net_income_change,eps,diluted_eps,roe,roa,operating_profit_to_net_sales,operating_profit_to_revenue,total_assets,net_assets,equity_ratio,bps,owner_equity,operating_cash_flow,investing_cash_flow,financing_cash_flow,cash,dividend_per_share,payout_ratio,commemorative_dividend,extra_dividend,number_of_shares,number_of_treqsury_shares,avg_number_of_shares,is_consolidated,is_forecast,duration,period_start,period_end,period_pos
2015-05-15,77090,2015-03-31,,3462000000,0.390,,,,,119000000,,111000000,,535000000,,,38.87,,0.536,0.029,0.034,,3963000000,1266000000,0.319,91.96,1266000000,6000000,914000000,-693000000,1199000000,,,,,,,,true,false,12,2014-04-01,2015-03-31,0
2015-05-15,77090,2014-03-31,,2491000000,0.249,,,,,-457000000,,-448000000,,-263000000,,,-19.11,,-0.297,-0.113,-0.184,,3641000000,731000000,0.201,53.13,731000000,-149000000,302000000,-468000000,942000000,,,,,,,,true,false,12,2013-04-01,2014-03-31,-1
2015-05-15,77090,2016-03-31,,1440000000,-0.023,,,,,-75000000,,-85000000,,,-90000000,,-6.54,,,,,,,,,,,,,,,,,,,,,,true,true,6,2015-04-01,2015-09-30,1
2015-05-15,77090,2016-03-31,,3380000000,-0.024,,,,,155000000,0.299,135000000,0.215,,125000000,,9.08,,,,,,,,,,,,,,,,,,,,,,true,true,12,2015-04-01,2016-03-31,1
2015-05-15,77090,2015-03-31,,2799000000,0.735,,,,,126000000,,113000000,,498000000,,,36.19,,,,,,3740000000,1194000000,0.319,86.73,1194000000,,,,,0.00,,,,13830000,62059,13767941,false,false,12,2014-04-01,2015-03-31,0
2015-05-15,77090,2014-03-31,,1613000000,0.075,,,,,-466000000,,-437000000,,-286000000,,,-20.78,,,,,,3453000000,694000000,0.201,50.47,694000000,,,,,0.00,,,,13830000,62059,13767984,false,false,12,2013-04-01,2014-03-31,-1
2015-05-15,77090,2016-03-31,,,,,,,,,,,,,,,,,,,,,,,,,,,,,,0.00,,,,,,,false,true,12,2015-04-01,2016-03-31,1
2015-07-30,77090,2016-03-31,1,689000000,0.435,,,,,-12000000,,-16000000,,,-24000000,,-1.79,,,,,,3686000000,1242000000,0.337,90.21,1242000000,,,,,,,,,,,,true,false,3,2015-04-01,2015-06-30,0
2015-07-30,77090,2015-03-31,1,480000000,-0.225,,,,,-66000000,,-75000000,,,421000000,,30.61,,,,,,,,,,,,,,,,,,,,,,true,false,3,2014-04-01,2014-06-30,-1
2015-07-30,77090,2016-03-31,1,1440000000,-0.023,,,,,-75000000,,-85000000,,,-90000000,,-6.54,,,,,,,,,,,,,,,,,,,,,,true,true,6,2015-04-01,2015-09-30,0
2015-07-30,77090,2016-03-31,1,3380000000,-0.024,,,,,155000000,0.299,135000000,0.215,,125000000,,9.08,,,,,,,,,,,,,,,,,,,,,,true,true,12,2015-04-01,2016-03-31,0
2015-07-30,77090,2015-03-31,1,,,,,,,,,,,,,,,,,,,,3963000000,1266000000,0.319,91.96,1266000000,,,,,,,,,,,,true,false,12,2014-04-01,2015-03-31,-1
2015-07-30,77090,2015-03-31,1,,,,,,,,,,,,,,,,,,,,,,,,,,,,,0.00,,,,13830000,62059,,false,false,12,2014-04-01,2015-03-31,-1
2015-07-30,77090,2016-03-31,1,,,,,,,,,,,,,,,,,,,,,,,,,,,,,0.00,,,,,,,false,true,12,2015-04-01,2016-03-31,0
2015-07-30,77090,2016-03-31,1,,,,,,,,,,,,,,,,,,,,,,,,,,,,,,,,,13830000,62059,13767941,false,false,3,2015-04-01,2015-06-30,0
2015-07-30,77090,2015-03-31,1,,,,,,,,,,,,,,,,,,,,,,,,,,,,,,,,,,,13767941,false,false,3,2014-04-01,2014-06-30,-1
2015-10-30,77090,2016-03-31,2,1446000000,-0.019,,,,,-66000000,,-73000000,,,-83000000,,-6.04,,,,,,3841000000,1176000000,0.306,85.44,1176000000,,,,,,,,,,,,true,false,6,2015-04-01,2015-09-30,0
2015-10-30,77090,2015-03-31,2,1474000000,0.157,,,,,68000000,,61000000,,,541000000,,39.30,,,,,,,,,,,,,,,,,,,,,,true,false,6,2014-04-01,2014-09-30,-1
2015-10-30,77090,2016-03-31,2,3380000000,-0.024,,,,,155000000,0.299,135000000,0.215,,125000000,,9.08,,,,,,,,,,,,,,,,,,,,,,true,true,12,2015-04-01,2016-03-31,0
2015-10-30,77090,2015-03-31,2,,,,,,,,,,,,,,,,,,,,3963000000,1266000000,0.319,91.96,1266000000,,,,,,,,,,,,true,false,12,2014-04-01,2015-03-31,-1
2015-10-30,77090,2015-03-31,2,,,,,,,,,,,,,,,,,,,,,,,,,,,,,0.00,,,,13830000,62059,,false,false,12,2014-04-01,2015-03-31,-1
2015-10-30,77090,2016-03-31,2,,,,,,,,,,,,,,,,,,,,,,,,,,,,,0.00,,,,,,,false,false,12,2015-04-01,2016-03-31,0
2015-10-30,77090,2016-03-31,2,,,,,,,,,,,,,,,,,,,,,,,,,,,,,0.00,,,,,,,false,true,12,2015-04-01,2016-03-31,0
2015-10-30,77090,2016-03-31,2,,,,,,,,,,,,,,,,,,,,,,,,,,,,,,,,,13830000,62059,13767941,false,false,6,2015-04-01,2015-09-30,0
2015-10-30,77090,2015-03-31,2,,,,,,,,,,,,,,,,,,,,,,,,,,,,,,,,,,,13767941,false,false,6,2014-04-01,2014-09-30,-1
2015-12-28,77090,2016-03-31,,2675000000,-0.209,,,,,-155000000,,-175000000,,,-195000000,,-14.16,,,,,,,,,,,,,,,,,,,,,,true,true,12,2015-04-01,2016-03-31,0
2015-12-28,77090,2015-03-31,,3462000000,,,,,,119000000,,111000000,,,535000000,,38.87,,,,,,,,,,,,,,,,,,,,,,true,false,12,2014-04-01,2015-03-31,-1
2016-01-29,77090,2016-03-31,3,1968000000,-0.114,,,,,-90000000,,-106000000,,,-119000000,,-8.66,,,,,,3668000000,1137000000,0.310,82.65,1137000000,,,,,,,,,,,,true,false,9,2015-04-01,2015-12-31,0
2016-01-29,77090,2015-03-31,3,2222000000,0.200,,,,,31000000,,24000000,,,493000000,,35.83,,,,,,,,,,,,,,,,,,,,,,true,false,9,2014-04-01,2014-12-31,-1
2016-01-29,77090,2016-03-31,3,2675000000,-0.227,,,,,-155000000,,-175000000,,,-195000000,,-14.16,,,,,,,,,,,,,,,,,,,,,,true,true,12,2015-04-01,2016-03-31,0
2016-01-29,77090,2015-03-31,3,,,,,,,,,,,,,,,,,,,,3963000000,1266000000,0.319,91.96,1266000000,,,,,,,,,,,,true,false,12,2014-04-01,2015-03-31,-1
2016-01-29,77090,2015-03-31,3,,,,,,,,,,,,,,,,,,,,,,,,,,,,,0.00,,,,13830000,62059,,false,false,12,2014-04-01,2015-03-31,-1
2016-01-29,77090,2016-03-31,3,,,,,,,,,,,,,,,,,,,,,,,,,,,,,0.00,,,,,,,false,false,12,2015-04-01,2016-03-31,0
2016-01-29,77090,2016-03-31,3,,,,,,,,,,,,,,,,,,,,,,,,,,,,,0.00,,,,,,,false,true,12,2015-04-01,2016-03-31,0
2016-01-29,77090,2016-03-31,3,,,,,,,,,,,,,,,,,,,,,,,,,,,,,,,,,13830000,62059,13767941,false,false,9,2015-04-01,2015-12-31,0
2016-01-29,77090,2015-03-31,3,,,,,,,,,,,,,,,,,,,,,,,,,,,,,,,,,,,13767941,false,false,9,2014-04-01,2014-12-31,-1
2016-05-13,77090,2016-03-31,,2636000000,-0.239,,,,,-134000000,,-150000000,,,-168000000,,-12.27,,-0.144,-0.041,-0.051,,3466000000,1084000000,0.313,78.79,1084000000,64000000,-147000000,170000000,1280000000,,,,,,,,true,false,12,2015-04-01,2016-03-31,0
2016-05-13,77090,2015-03-31,,3462000000,0.390,,,,,119000000,,111000000,,,535000000,,38.87,,0.536,0.029,0.034,,3963000000,1266000000,0.319,91.96,1266000000,6000000,914000000,-693000000,1199000000,,,,,,,,true,false,12,2014-04-01,2015-03-31,-1
2016-05-13,77090,2017-03-31,,1530000000,0.058,,,,,25000000,,20000000,,,15000000,,1.09,,,,,,,,,,,,,,,,,,,,,,true,true,6,2016-04-01,2016-09-30,1
2016-05-13,77090,2017-03-31,,3200000000,0.214,,,,,110000000,,100000000,,,90000000,,6.54,,,,,,,,,,,,,,,,,,,,,,true,true,12,2016-04-01,2017-03-31,1
2016-05-13,77090,2016-03-31,,1747000000,-0.376,,,,,-218000000,,-174000000,,-185000000,,,-13.44,,,,,,3206000000,1008000000,0.315,73.27,1008000000,,,,,0.00,,,,13830000,62059,13767941,false,false,12,2015-04-01,2016-03-31,0
2016-05-13,77090,2015-03-31,,2799000000,0.735,,,,,126000000,,113000000,,498000000,,,36.19,,,,,,3740000000,1194000000,0.319,86.73,1194000000,,,,,0.00,,,,13830000,62059,13767941,false,false,12,2014-04-01,2015-03-31,-1
2016-05-13,77090,2017-03-31,,,,,,,,,,,,,,,,,,,,,,,,,,,,,,0.00,,,,,,,false,true,12,2016-04-01,2017-03-31,1
2016-07-29,77090,2017-03-31,1,829000000,0.203,,,,,75000000,,68000000,,,60000000,,4.37,,,,,,3330000000,1131000000,0.340,82.21,1131000000,,,,,,,,,,,,true,false,3,2016-04-01,2016-06-30,0
2016-07-29,77090,2016-03-31,1,689000000,0.435,,,,,-12000000,,-16000000,,,-24000000,,-1.79,,,,,,,,,,,,,,,,,,,,,,true,false,3,2015-04-01,2015-06-30,-1
2016-07-29,77090,2017-03-31,1,1530000000,0.058,,,,,25000000,,20000000,,,15000000,,1.09,,,,,,,,,,,,,,,,,,,,,,true,true,6,2016-04-01,2016-09-30,0
2016-07-29,77090,2017-03-31,1,3200000000,0.214,,,,,110000000,,100000000,,,90000000,,6.54,,,,,,,,,,,,,,,,,,,,,,true,true,12,2016-04-01,2017-03-31,0
2016-07-29,77090,2016-03-31,1,,,,,,,,,,,,,,,,,,,,3466000000,1084000000,0.313,78.79,1084000000,,,,,,,,,,,,true,false,12,2015-04-01,2016-03-31,-1
2016-07-29,77090,2016-03-31,1,,,,,,,,,,,,,,,,,,,,,,,,,,,,,0.00,,,,13830000,62059,,false,false,12,2015-04-01,2016-03-31,-1
2016-07-29,77090,2017-03-31,1,,,,,,,,,,,,,,,,,,,,,,,,,,,,,0.00,,,,,,,false,true,12,2016-04-01,2017-03-31,0
2016-07-29,77090,2017-03-31,1,,,,,,,,,,,,,,,,,,,,,,,,,,,,,,,,,13830000,62059,13767941,false,false,3,2016-04-01,2016-06-30,0
2016-07-29,77090,2016-03-31,1,,,,,,,,,,,,,,,,,,,,,,,,,,,,,,,,,,,13767941,false,false,3,2015-04-01,2015-06-30,-1
2016-10-28,77090,2017-03-31,2,1334000000,-0.078,,,,,34000000,,24000000,,,19000000,,1.44,,,,,,3122000000,1124000000,0.360,81.68,1124000000,,,,,,,,,,,,true,false,6,2016-04-01,2016-09-30,0
2016-10-28,77090,2016-03-31,2,1446000000,-0.019,,,,,-66000000,,-73000000,,,-83000000,,-6.04,,,,,,,,,,,,,,,,,,,,,,true,false,6,2015-04-01,2015-09-30,-1
2016-10-28,77090,2017-03-31,2,3200000000,0.214,,,,,110000000,,100000000,,,90000000,,6.54,,,,,,,,,,,,,,,,,,,,,,true,true,12,2016-04-01,2017-03-31,0
2016-10-28,77090,2016-03-31,2,,,,,,,,,,,,,,,,,,,,3466000000,1084000000,0.313,78.79,1084000000,,,,,,,,,,,,true,false,12,2015-04-01,2016-03-31,-1
2016-10-28,77090,2016-03-31,2,,,,,,,,,,,,,,,,,,,,,,,,,,,,,0.00,,,,13830000,62059,,false,false,12,2015-04-01,2016-03-31,-1
2016-10-28,77090,2017-03-31,2,,,,,,,,,,,,,,,,,,,,,,,,,,,,,0.00,,,,,,,false,false,12,2016-04-01,2017-03-31,0
2016-10-28,77090,2017-03-31,2,,,,,,,,,,,,,,,,,,,,,,,,,,,,,0.00,,,,,,,false,true,12,2016-04-01,2017-03-31,0
2016-10-28,77090,2017-03-31,2,,,,,,,,,,,,,,,,,,,,,,,,,,,,,,,,,13830000,62159,13767925,false,false,6,2016-04-01,2016-09-30,0
2016-10-28,77090,2016-03-31,2,,,,,,,,,,,,,,,,,,,,,,,,,,,,,,,,,,,13767941,false,false,6,2015-04-01,2015-09-30,-1
2017-01-31,77090,2017-03-31,3,1796000000,-0.087,,,,,-44000000,,-54000000,,,-60000000,,-4.39,,,,,,2988000000,1057000000,0.354,76.78,1057000000,,,,,,,,,,,,true,false,9,2016-04-01,2016-12-31,0
2017-01-31,77090,2016-03-31,3,1968000000,-0.114,,,,,-90000000,,-106000000,,,-119000000,,-8.66,,,,,,,,,,,,,,,,,,,,,,true,false,9,2015-04-01,2015-12-31,-1
2017-01-31,77090,2017-03-31,3,3200000000,0.214,,,,,110000000,,100000000,,,90000000,,6.54,,,,,,,,,,,,,,,,,,,,,,true,true,12,2016-04-01,2017-03-31,0
2017-01-31,77090,2016-03-31,3,,,,,,,,,,,,,,,,,,,,3466000000,1084000000,0.313,78.79,1084000000,,,,,,,,,,,,true,false,12,2015-04-01,2016-03-31,-1
2017-01-31,77090,2016-03-31,3,,,,,,,,,,,,,,,,,,,,,,,,,,,,,0.00,,,,13830000,62059,,false,false,12,2015-04-01,2016-03-31,-1
2017-01-31,77090,2017-03-31,3,,,,,,,,,,,,,,,,,,,,,,,,,,,,,0.00,,,,,,,false,false,12,2016-04-01,2017-03-31,0
2017-01-31,77090,2017-03-31,3,,,,,,,,,,,,,,,,,,,,,,,,,,,,,0.00,,,,,,,false,true,12,2016-04-01,2017-03-31,0
2017-01-31,77090,2017-03-31,3,,,,,,,,,,,,,,,,,,,,,,,,,,,,,,,,,13830000,62159,13767897,false,false,9,2016-04-01,2016-12-31,0
2017-01-31,77090,2016-03-31,3,,,,,,,,,,,,,,,,,,,,,,,,,,,,,,,,,,,13767941,false,false,9,2015-04-01,2015-12-31,-1
2017-05-01,77090,2017-03-31,,2730000000,-0.147,,,,,26000000,-0.764,12000000,-0.880,,1000000,,0.07,,,,,,,,,,,,,,,,,,,,,,true,true,12,2016-04-01,2017-03-31,0
2017-05-01,77090,2016-03-31,,2636000000,,,,,,-134000000,,-150000000,,,-168000000,,-12.27,,,,,,,,,,,,,,,,,,,,,,true,false,12,2015-04-01,2016-03-31,-1
2017-05-15,77090,2017-03-31,,2731000000,0.036,,,,,26000000,,12000000,,,0,,0.07,,0.001,0.004,0.010,,3346000000,1087000000,0.325,78.97,1087000000,43000000,-103000000,-265000000,939000000,,,,,,,,true,false,12,2016-04-01,2017-03-31,0
2017-05-15,77090,2016-03-31,,2636000000,-0.239,,,,,-134000000,,-150000000,,,-168000000,,-12.27,,-0.144,-0.041,-0.051,,3466000000,1084000000,0.313,78.79,1084000000,64000000,-147000000,170000000,1280000000,,,,,,,,true,false,12,2015-04-01,2016-03-31,-1
2017-05-15,77090,2018-03-31,,1600000000,0.199,,,,,60000000,0.753,50000000,1.064,,40000000,,2.91,,,,,,,,,,,,,,,,,,,,,,true,true,6,2017-04-01,2017-09-30,1
2017-05-15,77090,2018-03-31,,3400000000,0.245,,,,,220000000,7.426,200000000,,,170000000,,12.35,,,,,,,,,,,,,,,,,,,,,,true,true,12,2017-04-01,2018-03-31,1
2017-05-15,77090,2017-03-31,,2224000000,0.272,,,,,-37000000,,-44000000,,30000000,,,2.21,,,,,,3146000000,1037000000,0.330,75.39,1037000000,,,,,0.00,,,,13830000,62159,13767883,false,false,12,2016-04-01,2017-03-31,0
2017-05-15,77090,2016-03-31,,1747000000,-0.376,,,,,-218000000,,-174000000,,-185000000,,,-13.44,,,,,,3206000000,1008000000,0.315,73.27,1008000000,,,,,0.00,,,,13830000,62059,13767941,false,false,12,2015-04-01,2016-03-31,-1
2017-05-15,77090,2018-03-31,,,,,,,,,,,,,,,,,,,,,,,,,,,,,,0.00,,,,,,,false,true,12,2017-04-01,2018-03-31,1
2017-07-28,77090,2018-03-31,1,383000000,-0.538,,,,,-106000000,,-109000000,,,-112000000,,-8.16,,,,,,3303000000,988000000,0.299,71.78,988000000,,,,,,,,,,,,true,false,3,2017-04-01,2017-06-30,0
2017-07-28,77090,2017-03-31,1,829000000,0.203,,,,,75000000,,68000000,,,60000000,,4.37,,,,,,,,,,,,,,,,,,,,,,true,false,3,2016-04-01,2016-06-30,-1
2017-07-28,77090,2018-03-31,1,1600000000,0.199,,,,,60000000,0.753,50000000,1.064,,40000000,,2.91,,,,,,,,,,,,,,,,,,,,,,true,true,6,2017-04-01,2017-09-30,0
2017-07-28,77090,2018-03-31,1,3400000000,0.245,,,,,220000000,7.426,200000000,,,170000000,,12.35,,,,,,,,,,,,,,,,,,,,,,true,true,12,2017-04-01,2018-03-31,0
2017-07-28,77090,2017-03-31,1,,,,,,,,,,,,,,,,,,,,3346000000,1087000000,0.325,78.97,1087000000,,,,,,,,,,,,true,false,12,2016-04-01,2017-03-31,-1
2017-07-28,77090,2017-03-31,1,,,,,,,,,,,,,,,,,,,,,,,,,,,,,0.00,,,,13830000,62159,,false,false,12,2016-04-01,2017-03-31,-1
2017-07-28,77090,2018-03-31,1,,,,,,,,,,,,,,,,,,,,,,,,,,,,,0.00,,,,,,,false,true,12,2017-04-01,2018-03-31,0
2017-07-28,77090,2018-03-31,1,,,,,,,,,,,,,,,,,,,,,,,,,,,,,,,,,13830000,62159,13767841,false,false,3,2017-04-01,2017-06-30,0
2017-07-28,77090,2017-03-31,1,,,,,,,,,,,,,,,,,,,,,,,,,,,,,,,,,,,13767941,false,false,3,2016-04-01,2016-06-30,-1
2017-10-31,77090,2018-03-31,2,1574000000,0.180,,,,,68000000,1.003,63000000,1.618,,51000000,,3.77,,,,,,3759000000,1151000000,0.306,83.61,1151000000,,,,,,,,,,,,true,false,6,2017-04-01,2017-09-30,0
2017-10-31,77090,2017-03-31,2,1334000000,-0.078,,,,,34000000,,24000000,,,19000000,,1.44,,,,,,,,,,,,,,,,,,,,,,true,false,6,2016-04-01,2016-09-30,-1
2017-10-31,77090,2018-03-31,2,3400000000,0.245,,,,,220000000,7.426,200000000,,,170000000,,12.35,,,,,,,,,,,,,,,,,,,,,,true,true,12,2017-04-01,2018-03-31,0
2017-10-31,77090,2017-03-31,2,,,,,,,,,,,,,,,,,,,,3346000000,1087000000,0.325,78.97,1087000000,,,,,,,,,,,,true,false,12,2016-04-01,2017-03-31,-1
2017-10-31,77090,2017-03-31,2,,,,,,,,,,,,,,,,,,,,,,,,,,,,,0.00,,,,13830000,62159,,false,false,12,2016-04-01,2017-03-31,-1
2017-10-31,77090,2018-03-31,2,,,,,,,,,,,,,,,,,,,,,,,,,,,,,0.00,,,,,,,false,false,12,2017-04-01,2018-03-31,0
2017-10-31,77090,2018-03-31,2,,,,,,,,,,,,,,,,,,,,,,,,,,,,,0.00,,,,,,,false,true,12,2017-04-01,2018-03-31,0
2017-10-31,77090,2018-03-31,2,,,,,,,,,,,,,,,,,,,,,,,,,,,,,,,,,13830000,62159,13767841,false,false,6,2017-04-01,2017-09-30,0
2017-10-31,77090,2017-03-31,2,,,,,,,,,,,,,,,,,,,,,,,,,,,,,,,,,,,13767925,false,false,6,2016-04-01,2016-09-30,-1
2018-01-31,77090,2018-03-31,3,2425000000,0.350,,,,,136000000,,128000000,,,80000000,,5.83,,,,,,3707000000,1174000000,0.317,85.29,1174000000,,,,,,,,,,,,true,false,9,2017-04-01,2017-12-31,0
2018-01-31,77090,2017-03-31,3,1796000000,-0.087,,,,,-44000000,,-54000000,,,-60000000,,-4.39,,,,,,,,,,,,,,,,,,,,,,true,false,9,2016-04-01,2016-12-31,-1
2018-01-31,77090,2018-03-31,3,3400000000,0.245,,,,,220000000,7.426,200000000,,,170000000,,12.35,,,,,,,,,,,,,,,,,,,,,,true,true,12,2017-04-01,2018-03-31,0
2018-01-31,77090,2017-03-31,3,,,,,,,,,,,,,,,,,,,,3346000000,1087000000,0.325,78.97,1087000000,,,,,,,,,,,,true,false,12,2016-04-01,2017-03-31,-1
2018-01-31,77090,2017-03-31,3,,,,,,,,,,,,,,,,,,,,,,,,,,,,,0.00,,,,13830000,62159,,false,false,12,2016-04-01,2017-03-31,-1
2018-01-31,77090,2018-03-31,3,,,,,,,,,,,,,,,,,,,,,,,,,,,,,0.00,,,,,,,false,false,12,2017-04-01,2018-03-31,0
2018-01-31,77090,2018-03-31,3,,,,,,,,,,,,,,,,,,,,,,,,,,,,,0.00,,,,,,,false,true,12,2017-04-01,2018-03-31,0
2018-01-31,77090,2018-03-31,3,,,,,,,,,,,,,,,,,,,,,,,,,,,,,,,,,13830000,62159,13767841,false,false,9,2017-04-01,2017-12-31,0
2018-01-31,77090,2017-03-31,3,,,,,,,,,,,,,,,,,,,,,,,,,,,,,,,,,,,13767897,false,false,9,2016-04-01,2016-12-31,-1
2018-05-15,77090,2018-03-31,,3263000000,0.195,,,,,195000000,6.499,183000000,,,122000000,,8.91,,0.106,0.051,0.060,,3848000000,1227000000,0.319,89.13,1227000000,43000000,-190000000,267000000,1067000000,,,,,,,,true,false,12,2017-04-01,2018-03-31,0
2018-05-15,77090,2017-03-31,,2731000000,0.036,,,,,26000000,,12000000,,,0,,0.07,,0.001,0.004,0.010,,3346000000,1087000000,0.325,78.97,1087000000,43000000,-103000000,-265000000,939000000,,,,,,,,true,false,12,2016-04-01,2017-03-31,-1
2018-05-15,77090,2019-03-31,,800000000,-0.492,,,,,-250000000,,-260000000,,,-265000000,,-19.25,,,,,,,,,,,,,,,,,,,,,,true,true,6,2018-04-01,2018-09-30,1
2018-05-15,77090,2019-03-31,,3000000000,-0.081,,,,,100000000,-0.489,90000000,-0.509,,70000000,,5.08,,,,,,,,,,,,,,,,,,,,,,true,true,12,2018-04-01,2019-03-31,1
2018-05-15,77090,2018-03-31,,2868000000,0.290,,,,,110000000,,154000000,,107000000,,2.541,7.83,,,,,,3680000000,1145000000,0.311,83.18,1145000000,,,,,0.00,,,,13830000,62159,13767841,false,false,12,2017-04-01,2018-03-31,0
2018-05-15,77090,2017-03-31,,2224000000,0.272,,,,,-37000000,,-44000000,,30000000,,,2.21,,,,,,3146000000,1037000000,0.330,75.39,1037000000,,,,,0.00,,,,13830000,62159,13767883,false,false,12,2016-04-01,2017-03-31,-1
2018-05-15,77090,2019-03-31,,,,,,,,,,,,,,,,,,,,,,,,,,,,,,0.00,,,,,,,false,true,12,2018-04-01,2019-03-31,1
2018-07-24,77090,2019-03-31,,800000000,0.000,,,,,-250000000,0.000,-260000000,0.000,35000000,,,2.54,,,,,,,,,,,,,,,,,,,,,,true,true,6,2018-04-01,2018-09-30,0
2018-07-24,77090,2018-03-31,,1574000000,,,,,,68000000,,63000000,,51000000,,,,,,,,,,,,,,,,,,,,,,,,,true,false,6,2017-04-01,2017-09-30,-1
2018-07-24,77090,2019-03-31,,3000000000,0.000,,,,,100000000,0.000,90000000,0.000,,320000000,,23.24,,,,,,,,,,,,,,,,,,,,,,true,true,12,2018-04-01,2019-03-31,0
2018-07-24,77090,2018-03-31,,3263000000,,,,,,195000000,,183000000,,,122000000,,,,,,,,,,,,,,,,,,,,,,,,true,false,12,2017-04-01,2018-03-31,-1
2018-07-27,77090,2019-03-31,1,450000000,0.175,,,,,-126000000,,-130000000,,,-133000000,,-9.67,,,,,,4019000000,1125000000,0.280,81.72,1125000000,,,,,,,,,,,,true,false,3,2018-04-01,2018-06-30,0
2018-07-27,77090,2018-03-31,1,383000000,-0.538,,,,,-106000000,,-109000000,,,-112000000,,-8.16,,,,,,,,,,,,,,,,,,,,,,true,false,3,2017-04-01,2017-06-30,-1
2018-07-27,77090,2019-03-31,1,800000000,-0.492,,,,,-250000000,,-260000000,,,35000000,,2.54,,,,,,,,,,,,,,,,,,,,,,true,true,6,2018-04-01,2018-09-30,0
2018-07-27,77090,2019-03-31,1,3000000000,-0.081,,,,,100000000,-0.489,90000000,-0.509,,320000000,,23.24,,,,,,,,,,,,,,,,,,,,,,true,true,12,2018-04-01,2019-03-31,0
2018-07-27,77090,2018-03-31,1,,,,,,,,,,,,,,,,,,,,3848000000,1227000000,0.319,89.13,1227000000,,,,,,,,,,,,true,false,12,2017-04-01,2018-03-31,-1
2018-07-27,77090,2018-03-31,1,,,,,,,,,,,,,,,,,,,,,,,,,,,,,0.00,,,,13830000,62159,,false,false,12,2017-04-01,2018-03-31,-1
2018-07-27,77090,2019-03-31,1,,,,,,,,,,,,,,,,,,,,,,,,,,,,,0.00,,,,,,,false,true,12,2018-04-01,2019-03-31,0
2018-07-27,77090,2019-03-31,1,,,,,,,,,,,,,,,,,,,,,,,,,,,,,,,,,13830000,62159,13767841,false,false,3,2018-04-01,2018-06-30,0
2018-07-27,77090,2018-03-31,1,,,,,,,,,,,,,,,,,,,,,,,,,,,,,,,,,,,13767841,false,false,3,2017-04-01,2017-06-30,-1
2018-09-28,77090,2019-03-31,,800000000,0.000,,,,,-240000000,,-120000000,,,170000000,,12.35,,,,,,,,,,,,,,,,,,,,,,true,true,6,2018-04-01,2018-09-30,0
2018-09-28,77090,2018-03-31,,1574000000,,,,,,68000000,,63000000,,,51000000,,3.77,,,,,,,,,,,,,,,,,,,,,,true,false,6,2017-04-01,2017-09-30,-1
2018-09-28,77090,2019-03-31,,1600000000,-0.467,,,,,-480000000,,-370000000,,,-80000000,,23.24,,,,,,,,,,,,,,,,,,,,,,true,true,12,2018-04-01,2019-03-31,0
2018-09-28,77090,2018-03-31,,3263000000,,,,,,195000000,,183000000,,,122000000,,8.91,,,,,,,,,,,,,,,,,,,,,,true,false,12,2017-04-01,2018-03-31,-1
2018-10-31,77090,2019-03-31,2,862000000,-0.452,,,,,-246000000,,-130000000,,,161000000,,11.72,,,,,,4096000000,1405000000,0.343,102.12,1405000000,,,,,,,,,,,,true,false,6,2018-04-01,2018-09-30,0
2018-10-31,77090,2018-03-31,2,1574000000,0.180,,,,,68000000,1.003,63000000,1.618,,51000000,,3.77,,,,,,,,,,,,,,,,,,,,,,true,false,6,2017-04-01,2017-09-30,-1
2018-10-31,77090,2019-03-31,2,1600000000,-0.510,,,,,-480000000,,-370000000,,,-80000000,,-5.81,,,,,,,,,,,,,,,,,,,,,,true,true,12,2018-04-01,2019-03-31,0
2018-10-31,77090,2018-03-31,2,,,,,,,,,,,,,,,,,,,,3848000000,1227000000,0.319,89.13,1227000000,,,,,,,,,,,,true,false,12,2017-04-01,2018-03-31,-1
2018-10-31,77090,2018-03-31,2,,,,,,,,,,,,,,,,,,,,,,,,,,,,,0.00,,,,13830000,62159,,false,false,12,2017-04-01,2018-03-31,-1
2018-10-31,77090,2019-03-31,2,,,,,,,,,,,,,,,,,,,,,,,,,,,,,0.00,,,,,,,false,false,12,2018-04-01,2019-03-31,0
2018-10-31,77090,2019-03-31,2,,,,,,,,,,,,,,,,,,,,,,,,,,,,,0.00,,,,,,,false,true,12,2018-04-01,2019-03-31,0
2018-10-31,77090,2019-03-31,2,,,,,,,,,,,,,,,,,,,,,,,,,,,,,,,,,13830000,62159,13767841,false,false,6,2018-04-01,2018-09-30,0
2018-10-31,77090,2018-03-31,2,,,,,,,,,,,,,,,,,,,,,,,,,,,,,,,,,,,13767841,false,false,6,2017-04-01,2017-09-30,-1
2019-01-24,77090,2019-03-31,,1550000000,-0.031,,,,,-560000000,,-450000000,,,-180000000,,-13.07,,,,,,,,,,,,,,,,,,,,,,true,true,12,2018-04-01,2019-03-31,0
2019-01-24,77090,2018-03-31,,3263000000,,,,,,195000000,,183000000,,,122000000,,8.91,,,,,,,,,,,,,,,,,,,,,,true,false,12,2017-04-01,2018-03-31,-1
2019-01-31,77090,2019-03-31,3,1368000000,-0.436,,,,,-310000000,,-194000000,,,94000000,,6.87,,,,,,3713000000,1298000000,0.350,94.31,1298000000,,,,,,,,,,,,true,false,9,2018-04-01,2018-12-31,0
2019-01-31,77090,2018-03-31,3,2425000000,0.350,,,,,136000000,,128000000,,,80000000,,5.83,,,,,,,,,,,,,,,,,,,,,,true,false,9,2017-04-01,2017-12-31,-1
2019-01-31,77090,2019-03-31,3,1550000000,-0.525,,,,,-560000000,,-450000000,,,-180000000,,-13.07,,,,,,,,,,,,,,,,,,,,,,true,true,12,2018-04-01,2019-03-31,0
2019-01-31,77090,2018-03-31,3,,,,,,,,,,,,,,,,,,,,3848000000,1227000000,0.319,89.13,1227000000,,,,,,,,,,,,true,false,12,2017-04-01,2018-03-31,-1
2019-01-31,77090,2018-03-31,3,,,,,,,,,,,,,,,,,,,,,,,,,,,,,0.00,,,,13830000,62159,,false,false,12,2017-04-01,2018-03-31,-1
2019-01-31,77090,2019-03-31,3,,,,,,,,,,,,,,,,,,,,,,,,,,,,,0.00,,,,,,,false,false,12,2018-04-01,2019-03-31,0
2019-01-31,77090,2019-03-31,3,,,,,,,,,,,,,,,,,,,,,,,,,,,,,0.00,,,,,,,false,true,12,2018-04-01,2019-03-31,0
2019-01-31,77090,2019-03-31,3,,,,,,,,,,,,,,,,,,,,,,,,,,,,,,,,,13830000,62159,13767841,false,false,9,2018-04-01,2018-12-31,0
2019-01-31,77090,2018-03-31,3,,,,,,,,,,,,,,,,,,,,,,,,,,,,,,,,,,,13767841,false,false,9,2017-04-01,2017-12-31,-1
2019-02-21,77090,2019-03-31,,1550000000,0.000,,,,,-780000000,,-670000000,,,0,,0.00,,,,,,,,,,,,,,,,,,,,,,true,true,12,2018-04-01,2019-03-31,0
2019-02-21,77090,2018-03-31,,3263000000,,,,,,195000000,,183000000,,,122000000,,8.91,,,,,,,,,,,,,,,,,,,,,,true,false,12,2017-04-01,2018-03-31,-1
2019-04-23,77090,2019-03-31,,1638000000,0.057,,,,,-750000000,,-640000000,,,90000000,,6.54,,,,,,,,,,,,,,,,,,,,,,true,true,12,2018-04-01,2019-03-31,0
2019-04-23,77090,2018-03-31,,3263000000,,,,,,195000000,,183000000,,,122000000,,8.91,,,,,,,,,,,,,,,,,,,,,,true,false,12,2017-04-01,2018-03-31,-1
2019-05-15,77090,2019-03-31,,1637000000,-0.498,,,,,-742000000,,-632000000,,,102000000,,7.44,,0.080,-0.170,-0.454,,3600000000,1327000000,0.369,96.39,1327000000,-23000000,1284000000,-89000000,2228000000,,,,,,,,true,false,12,2018-04-01,2019-03-31,0
2019-05-15,77090,2018-03-31,,3263000000,0.195,,,,,195000000,6.499,183000000,,,122000000,,8.91,,0.106,0.051,0.060,,3848000000,1227000000,0.319,89.13,1227000000,43000000,-190000000,267000000,1067000000,,,,,,,,true,false,12,2017-04-01,2018-03-31,-1
2019-05-15,77090,2020-03-31,,900000000,0.044,,,,,-195000000,,-200000000,,,-210000000,,-15.25,,,,,,,,,,,,,,,,,,,,,,true,true,6,2019-04-01,2019-09-30,1
2019-05-15,77090,2020-03-31,,2600000000,0.587,,,,,30000000,,20000000,,,10000000,,0.73,,,,,,,,,,,,,,,,,,,,,,true,true,12,2019-04-01,2020-03-31,1
2019-05-15,77090,2019-03-31,,1069000000,-0.627,,,,,-783000000,,-684000000,,82000000,,-0.232,6.01,,,,,,3345000000,1227000000,0.367,89.16,1227000000,,,,,0.00,,,,13830000,62159,13767841,false,false,12,2018-04-01,2019-03-31,0
2019-05-15,77090,2018-03-31,,2868000000,0.290,,,,,110000000,,154000000,,107000000,,2.541,7.83,,,,,,3680000000,1145000000,0.311,83.18,1145000000,,,,,0.00,,,,13830000,62159,13767841,false,false,12,2017-04-01,2018-03-31,-1
2019-05-15,77090,2020-03-31,,,,,,,,,,,,,,,,,,,,,,,,,,,,,,0.00,,,,,,,false,true,12,2019-04-01,2020-03-31,1
2019-07-31,77090,2020-03-31,1,430000000,-0.044,,,,,-39000000,,-43000000,,,-44000000,,-3.21,,,,,,3588000000,1257000000,0.350,91.35,1257000000,,,,,,,,,,,,true,false,3,2019-04-01,2019-06-30,0
2019-07-31,77090,2019-03-31,1,450000000,0.175,,,,,-126000000,,-130000000,,,-133000000,,-9.67,,,,,,,,,,,,,,,,,,,,,,true,false,3,2018-04-01,2018-06-30,-1
2019-07-31,77090,2020-03-31,1,900000000,0.044,,,,,-195000000,,-200000000,,,-210000000,,-15.25,,,,,,,,,,,,,,,,,,,,,,true,true,6,2019-04-01,2019-09-30,0
2019-07-31,77090,2020-03-31,1,2600000000,0.587,,,,,30000000,,20000000,,,10000000,,0.73,,,,,,,,,,,,,,,,,,,,,,true,true,12,2019-04-01,2020-03-31,0
2019-07-31,77090,2019-03-31,1,,,,,,,,,,,,,,,,,,,,3600000000,1327000000,0.369,96.39,1327000000,,,,,,,,,,,,true,false,12,2018-04-01,2019-03-31,-1
2019-07-31,77090,2019-03-31,1,,,,,,,,,,,,,,,,,,,,,,,,,,,,,0.00,,,,13830000,62159,,false,false,12,2018-04-01,2019-03-31,-1
2019-07-31,77090,2020-03-31,1,,,,,,,,,,,,,,,,,,,,,,,,,,,,,0.00,,,,,,,false,true,12,2019-04-01,2020-03-31,0
2019-07-31,77090,2020-03-31,1,,,,,,,,,,,,,,,,,,,,,,,,,,,,,,,,,13830000,62159,13767841,false,false,3,2019-04-01,2019-06-30,0
2019-07-31,77090,2019-03-31,1,,,,,,,,,,,,,,,,,,,,,,,,,,,,,,,,,,,13767841,false,false,3,2018-04-01,2018-06-30,-1
2019-10-31,77090,2020-03-31,2,1243000000,0.442,,,,,77000000,,71000000,,,69000000,,5.08,,,,,,3508000000,1391000000,0.397,101.10,1391000000,,,,,,,,,,,,true,false,6,2019-04-01,2019-09-30,0
2019-10-31,77090,2019-03-31,2,862000000,-0.452,,,,,-246000000,,-130000000,,,161000000,,11.72,,,,,,,,,,,,,,,,,,,,,,true,false,6,2018-04-01,2018-09-30,-1
2019-10-31,77090,2020-03-31,2,1850000000,0.130,,,,,-210000000,,-220000000,,,-230000000,,-16.71,,,,,,,,,,,,,,,,,,,,,,true,true,12,2019-04-01,2020-03-31,0
2019-10-31,77090,2019-03-31,2,,,,,,,,,,,,,,,,,,,,3600000000,1327000000,0.369,96.39,1327000000,,,,,,,,,,,,true,false,12,2018-04-01,2019-03-31,-1
2019-10-31,77090,2019-03-31,2,,,,,,,,,,,,,,,,,,,,,,,,,,,,,0.00,,,,13830000,62159,,false,false,12,2018-04-01,2019-03-31,-1
2019-10-31,77090,2020-03-31,2,,,,,,,,,,,,,,,,,,,,,,,,,,,,,0.00,,,,,,,false,false,12,2019-04-01,2020-03-31,0
2019-10-31,77090,2020-03-31,2,,,,,,,,,,,,,,,,,,,,,,,,,,,,,0.00,,,,,,,false,true,12,2019-04-01,2020-03-31,0
2019-10-31,77090,2020-03-31,2,,,,,,,,,,,,,,,,,,,,,,,,,,,,,,,,,13830000,62159,13767841,false,false,6,2019-04-01,2019-09-30,0
2019-10-31,77090,2019-03-31,2,,,,,,,,,,,,,,,,,,,,,,,,,,,,,,,,,,,13767841,false,false,6,2018-04-01,2018-09-30,-1
2019-10-31,77090,2020-03-31,,1243000000,0.382,,,,,77000000,,71000000,,69000000,,,5.08,,,,,,,,,,,,,,,,,,,,,,true,true,6,2019-04-01,2019-09-30,0
2019-10-31,77090,2019-03-31,,862000000,,,,,,-246000000,,-130000000,,161000000,,,11.72,,,,,,,,,,,,,,,,,,,,,,true,false,6,2018-04-01,2018-09-30,-1
2019-10-31,77090,2020-03-31,,1850000000,-0.288,,,,,-210000000,,-220000000,,,-230000000,,-16.71,,,,,,,,,,,,,,,,,,,,,,true,true,12,2019-04-01,2020-03-31,0
2019-10-31,77090,2019-03-31,,1637000000,,,,,,-742000000,,-632000000,,,102000000,,7.44,,,,,,,,,,,,,,,,,,,,,,true,false,12,2018-04-01,2019-03-31,-1
2020-01-31,77090,2020-03-31,3,1550000000,0.134,,,,,16000000,,8000000,,,6000000,,0.47,,,,,,3156000000,1322000000,0.419,96.03,1322000000,,,,,,,,,,,,true,false,9,2019-04-01,2019-12-31,0
2020-01-31,77090,2019-03-31,3,1368000000,-0.436,,,,,-310000000,,-194000000,,,94000000,,6.87,,,,,,,,,,,,,,,,,,,,,,true,false,9,2018-04-01,2018-12-31,-1
2020-01-31,77090,2020-03-31,3,1850000000,0.130,,,,,-210000000,,-220000000,,,-230000000,,-16.71,,,,,,,,,,,,,,,,,,,,,,true,true,12,2019-04-01,2020-03-31,0
2020-01-31,77090,2019-03-31,3,,,,,,,,,,,,,,,,,,,,3600000000,1327000000,0.369,96.39,1327000000,,,,,,,,,,,,true,false,12,2018-04-01,2019-03-31,-1
2020-01-31,77090,2019-03-31,3,,,,,,,,,,,,,,,,,,,,,,,,,,,,,0.00,,,,13830000,62159,,false,false,12,2018-04-01,2019-03-31,-1
2020-01-31,77090,2020-03-31,3,,,,,,,,,,,,,,,,,,,,,,,,,,,,,0.00,,,,,,,false,false,12,2019-04-01,2020-03-31,0
2020-01-31,77090,2020-03-31,3,,,,,,,,,,,,,,,,,,,,,,,,,,,,,0.00,,,,,,,false,true,12,2019-04-01,2020-03-31,0
2020-01-31,77090,2020-03-31,3,,,,,,,,,,,,,,,,,,,,,,,,,,,,,,,,,13830000,62159,13767841,false,false,9,2019-04-01,2019-12-31,0
2020-01-31,77090,2019-03-31,3,,,,,,,,,,,,,,,,,,,,,,,,,,,,,,,,,,,13767841,false,false,9,2018-04-01,2018-12-31,-1
2020-04-23,77090,2020-03-31,,1881000000,0.017,,,,,-29000000,,-39000000,,,-101000000,,-7.34,,,,,,,,,,,,,,,,,,,,,,true,true,12,2019-04-01,2020-03-31,0
2020-04-23,77090,2019-03-31,,1637000000,,,,,,-742000000,,-632000000,,,102000000,,7.44,,,,,,,,,,,,,,,,,,,,,,true,false,12,2018-04-01,2019-03-31,-1
2020-05-15,77090,2020-03-31,,1881000000,0.149,,,,,-28000000,,-38000000,,,-101000000,,-7.34,,-0.079,-0.012,-0.015,,2799000000,1221000000,0.436,88.69,1221000000,240000000,-171000000,-445000000,1843000000,,,,,,,,true,false,12,2019-04-01,2020-03-31,0
2020-05-15,77090,2019-03-31,,1637000000,-0.498,,,,,-742000000,,-632000000,,,102000000,,7.44,,0.080,-0.170,-0.454,,3600000000,1327000000,0.369,96.39,1327000000,-23000000,1284000000,-89000000,2228000000,,,,,,,,true,false,12,2018-04-01,2019-03-31,-1
2020-05-15,77090,2021-03-31,,300000000,-0.759,,,,,-345000000,,-350000000,,,-355000000,,-25.78,,,,,,,,,,,,,,,,,,,,,,true,true,6,2020-04-01,2020-09-30,1
2020-05-15,77090,2021-03-31,,1100000000,-0.415,,,,,-290000000,,-300000000,,,-310000000,,-22.52,,,,,,,,,,,,,,,,,,,,,,true,true,12,2020-04-01,2021-03-31,1
2020-05-15,77090,2020-03-31,,1571000000,0.470,,,,,57000000,,46000000,,-17000000,,,-1.30,,,,,,2648000000,1210000000,0.457,87.92,1210000000,,,,,0.00,,,,13830000,62159,13767841,false,false,12,2019-04-01,2020-03-31,0
2020-05-15,77090,2019-03-31,,1069000000,-0.627,,,,,-783000000,,-684000000,,82000000,,-0.232,6.01,,,,,,3345000000,1227000000,0.367,89.16,1227000000,,,,,0.00,,,,13830000,62159,13767841,false,false,12,2018-04-01,2019-03-31,-1
2020-05-15,77090,2021-03-31,,,,,,,,,,,,,,,,,,,,,,,,,,,,,,0.00,,,,,,,false,true,12,2020-04-01,2021-03-31,1
2020-07-31,77090,2021-03-31,1,186000000,-0.567,,,,,-70000000,,-72000000,,,-73000000,,-5.37,,,,,,2591000000,1143000000,0.441,83.09,1143000000,,,,,,,,,,,,true,false,3,2020-04-01,2020-06-30,0
2020-07-31,77090,2020-03-31,1,430000000,-0.044,,,,,-39000000,,-43000000,,,-44000000,,-3.21,,,,,,,,,,,,,,,,,,,,,,true,false,3,2019-04-01,2019-06-30,-1
2020-07-31,77090,2021-03-31,1,300000000,-0.759,,,,,-345000000,,-350000000,,,-355000000,,-25.78,,,,,,,,,,,,,,,,,,,,,,true,true,6,2020-04-01,2020-09-30,0
2020-07-31,77090,2021-03-31,1,1100000000,-0.415,,,,,-290000000,,-300000000,,,-310000000,,-22.52,,,,,,,,,,,,,,,,,,,,,,true,true,12,2020-04-01,2021-03-31,0
2020-07-31,77090,2020-03-31,1,,,,,,,,,,,,,,,,,,,,2799000000,1221000000,0.436,88.69,1221000000,,,,,,,,,,,,true,false,12,2019-04-01,2020-03-31,-1
2020-07-31,77090,2020-03-31,1,,,,,,,,,,,,,,,,,,,,,,,,,,,,,0.00,,,,13830000,62159,,false,false,12,2019-04-01,2020-03-31,-1
2020-07-31,77090,2021-03-31,1,,,,,,,,,,,,,,,,,,,,,,,,,,,,,0.00,,,,,,,false,true,12,2020-04-01,2021-03-31,0
2020-07-31,77090,2021-03-31,1,,,,,,,,,,,,,,,,,,,,,,,,,,,,,,,,,13830000,62159,13767841,false,false,3,2020-04-01,2020-06-30,0
2020-07-31,77090,2020-03-31,1,,,,,,,,,,,,,,,,,,,,,,,,,,,,,,,,,,,13767841,false,false,3,2019-04-01,2019-06-30,-1
2020-10-30,77090,2021-03-31,2,393000000,-0.684,,,,,-166000000,,-171000000,,,-171000000,,-12.46,,,,,,2470000000,1048000000,0.425,76.19,1048000000,,,,,,,,,,,,true,false,6,2020-04-01,2020-09-30,0
2020-10-30,77090,2020-03-31,2,1243000000,0.442,,,,,77000000,,71000000,,,69000000,,5.08,,,,,,,,,,,,,,,,,,,,,,true,false,6,2019-04-01,2019-09-30,-1
2020-10-30,77090,2021-03-31,2,850000000,-0.548,,,,,-240000000,,-250000000,,,-230000000,,-16.71,,,,,,,,,,,,,,,,,,,,,,true,true,12,2020-04-01,2021-03-31,0
2020-10-30,77090,2020-03-31,2,,,,,,,,,,,,,,,,,,,,2799000000,1221000000,0.436,88.69,1221000000,,,,,,,,,,,,true,false,12,2019-04-01,2020-03-31,-1
2020-10-30,77090,2020-03-31,2,,,,,,,,,,,,,,,,,,,,,,,,,,,,,0.00,,,,13830000,62159,,false,false,12,2019-04-01,2020-03-31,-1
2020-10-30,77090,2021-03-31,2,,,,,,,,,,,,,,,,,,,,,,,,,,,,,0.00,,,,,,,false,false,12,2020-04-01,2021-03-31,0
2020-10-30,77090,2021-03-31,2,,,,,,,,,,,,,,,,,,,,,,,,,,,,,0.00,,,,,,,false,true,12,2020-04-01,2021-03-31,0
2020-10-30,77090,2021-03-31,2,,,,,,,,,,,,,,,,,,,,,,,,,,,,,,,,,13830000,62159,13767841,false,false,6,2020-04-01,2020-09-30,0
2020-10-30,77090,2020-03-31,2,,,,,,,,,,,,,,,,,,,,,,,,,,,,,,,,,,,13767841,false,false,6,2019-04-01,2019-09-30,-1
2021-01-29,77090,2021-03-31,3,735000000,-0.526,,,,,-130000000,,-138000000,,,-110000000,,-8.05,,,,,,2687000000,1111000000,0.414,80.76,1111000000,,,,,,,,,,,,true,false,9,2020-04-01,2020-12-31,0
2021-01-29,77090,2020-03-31,3,1550000000,0.134,,,,,16000000,,8000000,,,6000000,,0.47,,,,,,,,,,,,,,,,,,,,,,true,false,9,2019-04-01,2019-12-31,-1
2021-01-29,77090,2021-03-31,3,850000000,-0.548,,,,,-240000000,,-250000000,,,-230000000,,-16.71,,,,,,,,,,,,,,,,,,,,,,true,true,12,2020-04-01,2021-03-31,0
2021-01-29,77090,2020-03-31,3,,,,,,,,,,,,,,,,,,,,2799000000,1221000000,0.436,88.69,1221000000,,,,,,,,,,,,true,false,12,2019-04-01,2020-03-31,-1
2021-01-29,77090,2020-03-31,3,,,,,,,,,,,,,,,,,,,,,,,,,,,,,0.00,,,,13830000,62159,,false,false,12,2019-04-01,2020-03-31,-1
2021-01-29,77090,2021-03-31,3,,,,,,,,,,,,,,,,,,,,,,,,,,,,,0.00,,,,,,,false,false,12,2020-04-01,2021-03-31,0
2021-01-29,77090,2021-03-31,3,,,,,,,,,,,,,,,,,,,,,,,,,,,,,0.00,,,,,,,false,true,12,2020-04-01,2021-03-31,0
2021-01-29,77090,2021-03-31,3,,,,,,,,,,,,,,,,,,,,,,,,,,,,,,,,,13830000,62159,13767841,false,false,9,2020-04-01,2020-12-31,0
2021-01-29,77090,2020-03-31,3,,,,,,,,,,,,,,,,,,,,,,,,,,,,,,,,,,,13767841,false,false,9,2019-04-01,2019-12-31,-1
2021-04-23,77090,2021-03-31,,1075000000,0.265,,,,,-131000000,,-140000000,,,-117000000,,-8.50,,,,,,,,,,,,,,,,,,,,,,true,true,12,2020-04-01,2021-03-31,0
2021-04-23,77090,2020-03-31,,1881000000,,,,,,-28000000,,-38000000,,,-101000000,,-7.34,,,,,,,,,,,,,,,,,,,,,,true,false,12,2019-04-01,2020-03-31,-1
2021-05-14,77090,2021-03-31,,1074000000,-0.429,,,,,-131000000,,-140000000,,,-116000000,,-8.46,,-0.100,-0.053,-0.122,,2531000000,1117000000,0.441,81.15,1117000000,232000000,-166000000,-164000000,1745000000,,,,,,,,true,false,12,2020-04-01,2021-03-31,0
2021-05-14,77090,2020-03-31,,1881000000,0.149,,,,,-28000000,,-38000000,,,-101000000,,-7.34,,-0.079,-0.012,-0.015,,2799000000,1221000000,0.436,88.69,1221000000,240000000,-171000000,-445000000,1843000000,,,,,,,,true,false,12,2019-04-01,2020-03-31,-1
2021-05-14,77090,2022-03-31,,500000000,0.271,,,,,-75000000,,-80000000,,,-30000000,,-2.18,,,,,,,,,,,,,,,,,,,,,,true,true,6,2021-04-01,2021-09-30,1
2021-05-14,77090,2022-03-31,,1200000000,0.117,,,,,-55000000,,-65000000,,,-20000000,,-1.45,,,,,,,,,,,,,,,,,,,,,,true,true,12,2021-04-01,2022-03-31,1
2021-05-14,77090,2021-03-31,,836000000,-0.468,,,,,-62000000,,-48000000,,-78000000,,,-5.73,,,,,,2404000000,1132000000,0.471,82.24,1132000000,,,,,0.00,,,,13830000,62159,13767841,false,false,12,2020-04-01,2021-03-31,0
2021-05-14,77090,2020-03-31,,1571000000,0.470,,,,,57000000,,46000000,,-17000000,,,-1.30,,,,,,2648000000,1210000000,0.457,87.92,1210000000,,,,,0.00,,,,13830000,62159,13767841,false,false,12,2019-04-01,2020-03-31,-1
2021-05-14,77090,2022-03-31,,,,,,,,,,,,,,,,,,,,,,,,,,,,,,0.00,,,,,,,false,true,12,2021-04-01,2022-03-31,1
2021-07-30,77090,2022-03-31,1,300000000,0.613,,,,,-8000000,,-9000000,,,-11000000,,-0.80,,,,,,2443000000,1093000000,0.448,79.40,1093000000,,,,,,,,,,,,true,false,3,2021-04-01,2021-06-30,0
2021-07-30,77090,2021-03-31,1,186000000,-0.567,,,,,-70000000,,-72000000,,,-73000000,,-5.37,,,,,,,,,,,,,,,,,,,,,,true,false,3,2020-04-01,2020-06-30,-1
2021-07-30,77090,2022-03-31,1,500000000,0.271,,,,,-75000000,,-80000000,,,-30000000,,-2.18,,,,,,,,,,,,,,,,,,,,,,true,true,6,2021-04-01,2021-09-30,0
2021-07-30,77090,2022-03-31,1,1200000000,0.117,,,,,-55000000,,-65000000,,,-20000000,,-1.45,,,,,,,,,,,,,,,,,,,,,,true,true,12,2021-04-01,2022-03-31,0
2021-07-30,77090,2021-03-31,1,,,,,,,,,,,,,,,,,,,,2531000000,1117000000,0.441,81.15,1117000000,,,,,,,,,,,,true,false,12,2020-04-01,2021-03-31,-1
2021-07-30,77090,2021-03-31,1,,,,,,,,,,,,,,,,,,,,,,,,,,,,,0.00,,,,13830000,62159,,false,false,12,2020-04-01,2021-03-31,-1
2021-07-30,77090,2022-03-31,1,,,,,,,,,,,,,,,,,,,,,,,,,,,,,0.00,,,,,,,false,true,12,2021-04-01,2022-03-31,0
2021-07-30,77090,2022-03-31,1,,,,,,,,,,,,,,,,,,,,,,,,,,,,,,,,,13830000,62159,13767841,false,false,3,2021-04-01,2021-06-30,0
2021-07-30,77090,2021-03-31,1,,,,,,,,,,,,,,,,,,,,,,,,,,,,,,,,,,,13767841,false,false,3,2020-04-01,2020-06-30,-1
2021-10-29,77090,2022-03-31,2,505000000,0.284,,,,,-84000000,,-86000000,,,-29000000,,-2.15,,,,,,2250000000,1076000000,0.478,78.17,1076000000,,,,,,,,,,,,true,false,6,2021-04-01,2021-09-30,0
2021-10-29,77090,2021-03-31,2,393000000,-0.684,,,,,-166000000,,-171000000,,,-171000000,,-12.46,,,,,,,,,,,,,,,,,,,,,,true,false,6,2020-04-01,2020-09-30,-1
2021-10-29,77090,2022-03-31,2,1030000000,-0.042,,,,,-145000000,,-150000000,,,-95000000,,-6.90,,,,,,,,,,,,,,,,,,,,,,true,true,12,2021-04-01,2022-03-31,0
2021-10-29,77090,2021-03-31,2,,,,,,,,,,,,,,,,,,,,2531000000,1117000000,0.441,81.15,1117000000,,,,,,,,,,,,true,false,12,2020-04-01,2021-03-31,-1
2021-10-29,77090,2021-03-31,2,,,,,,,,,,,,,,,,,,,,,,,,,,,,,0.00,,,,13830000,62159,,false,false,12,2020-04-01,2021-03-31,-1
2021-10-29,77090,2022-03-31,2,,,,,,,,,,,,,,,,,,,,,,,,,,,,,0.00,,,,,,,false,false,12,2021-04-01,2022-03-31,0
2021-10-29,77090,2022-03-31,2,,,,,,,,,,,,,,,,,,,,,,,,,,,,,0.00,,,,,,,false,true,12,2021-04-01,2022-03-31,0
2021-10-29,77090,2022-03-31,2,,,,,,,,,,,,,,,,,,,,,,,,,,,,,,,,,13830000,62159,13767841,false,false,6,2021-04-01,2021-09-30,0
2021-10-29,77090,2021-03-31,2,,,,,,,,,,,,,,,,,,,,,,,,,,,,,,,,,,,13767841,false,false,6,2020-04-01,2020-09-30,-1
2022-01-31,77090,2022-03-31,3,747000000,0.017,,,,,-110000000,,-111000000,,,-53000000,,-3.87,,,,,,2234000000,1047000000,0.469,76.09,1047000000,,,,,,,,,,,,true,false,9,2021-04-01,2021-12-31,0
2022-01-31,77090,2021-03-31,3,735000000,-0.526,,,,,-130000000,,-138000000,,,-110000000,,-8.05,,,,,,,,,,,,,,,,,,,,,,true,false,9,2020-04-01,2020-12-31,-1
2022-01-31,77090,2022-03-31,3,1030000000,-0.042,,,,,-145000000,,-150000000,,,-95000000,,-6.90,,,,,,,,,,,,,,,,,,,,,,true,true,12,2021-04-01,2022-03-31,0
2022-01-31,77090,2021-03-31,3,,,,,,,,,,,,,,,,,,,,2531000000,1117000000,0.441,81.15,1117000000,,,,,,,,,,,,true,false,12,2020-04-01,2021-03-31,-1
2022-01-31,77090,2021-03-31,3,,,,,,,,,,,,,,,,,,,,,,,,,,,,,0.00,,,,13830000,62159,,false,false,12,2020-04-01,2021-03-31,-1
2022-01-31,77090,2022-03-31,3,,,,,,,,,,,,,,,,,,,,,,,,,,,,,0.00,,,,,,,false,false,12,2021-04-01,2022-03-31,0
2022-01-31,77090,2022-03-31,3,,,,,,,,,,,,,,,,,,,,,,,,,,,,,0.00,,,,,,,false,true,12,2021-04-01,2022-03-31,0
2022-01-31,77090,2022-03-31,3,,,,,,,,,,,,,,,,,,,,,,,,,,,,,,,,,13830000,62159,13767841,false,false,9,2021-04-01,2021-12-31,0
2022-01-31,77090,2021-03-31,3,,,,,,,,,,,,,,,,,,,,,,,,,,,,,,,,,,,13767841,false,false,9,2020-04-01,2020-12-31,-1
2022-05-13,77090,2022-03-31,,1017000000,-0.053,,,,,-175000000,,-169000000,,,-121000000,,-8.83,,-0.116,-0.074,-0.173,,2091000000,976000000,0.467,70.94,976000000,51000000,-179000000,-258000000,1381000000,,,,,,,,true,false,12,2021-04-01,2022-03-31,0
2022-05-13,77090,2021-03-31,,1074000000,-0.429,,,,,-131000000,,-140000000,,,-116000000,,-8.46,,-0.100,-0.053,-0.122,,2531000000,1117000000,0.441,81.15,1117000000,232000000,-166000000,-164000000,1745000000,,,,,,,,true,false,12,2020-04-01,2021-03-31,-1
2022-05-13,77090,2023-03-31,,450000000,-0.109,,,,,-150000000,,-155000000,,,-160000000,,-11.62,,,,,,,,,,,,,,,,,,,,,,true,true,6,2022-04-01,2022-09-30,1
2022-05-13,77090,2023-03-31,,950000000,-0.066,,,,,-290000000,,-300000000,,,-315000000,,-22.88,,,,,,,,,,,,,,,,,,,,,,true,true,12,2022-04-01,2023-03-31,1
2022-05-13,77090,2022-03-31,,765000000,-0.085,,,,,-123000000,,-84000000,,-107000000,,,-7.84,,,,,,2040000000,1023000000,0.502,74.35,1023000000,,,,,0.00,,,,13830000,62159,13767841,false,false,12,2021-04-01,2022-03-31,0
2022-05-13,77090,2021-03-31,,836000000,-0.468,,,,,-62000000,,-48000000,,-78000000,,,-5.73,,,,,,2404000000,1132000000,0.471,82.24,1132000000,,,,,0.00,,,,13830000,62159,13767841,false,false,12,2020-04-01,2021-03-31,-1
2022-05-13,77090,2023-03-31,,,,,,,,,,,,,,,,,,,,,,,,,,,,,,0.00,,,,,,,false,true,12,2022-04-01,2023-03-31,1
2022-08-05,77090,2023-03-31,1,369000000,0.228,,,,,-32000000,,-17000000,,,-19000000,,-1.39,,,,,,2005000000,942000000,0.470,68.45,942000000,,,,,,,,,,,,true,false,3,2022-04-01,2022-06-30,0
2022-08-05,77090,2022-03-31,1,300000000,0.613,,,,,-8000000,,-9000000,,,-11000000,,-0.80,,,,,,,,,,,,,,,,,,,,,,true,false,3,2021-04-01,2021-06-30,-1
2022-08-05,77090,2023-03-31,1,450000000,-0.109,,,,,-150000000,,-155000000,,,-160000000,,-11.62,,,,,,,,,,,,,,,,,,,,,,true,true,6,2022-04-01,2022-09-30,0
2022-08-05,77090,2023-03-31,1,950000000,-0.066,,,,,-290000000,,-300000000,,,-315000000,,-22.88,,,,,,,,,,,,,,,,,,,,,,true,true,12,2022-04-01,2023-03-31,0
2022-08-05,77090,2022-03-31,1,,,,,,,,,,,,,,,,,,,,2091000000,976000000,0.467,70.94,976000000,,,,,,,,,,,,true,false,12,2021-04-01,2022-03-31,-1
2022-08-05,77090,2022-03-31,1,,,,,,,,,,,,,,,,,,,,,,,,,,,,,0.00,,,,13830000,62159,,false,false,12,2021-04-01,2022-03-31,-1
2022-08-05,77090,2023-03-31,1,,,,,,,,,,,,,,,,,,,,,,,,,,,,,0.00,,,,,,,false,true,12,2022-04-01,2023-03-31,0
2022-08-05,77090,2023-03-31,1,,,,,,,,,,,,,,,,,,,,,,,,,,,,,,,,,13830000,62159,13767841,false,false,3,2022-04-01,2022-06-30,0
2022-08-05,77090,2022-03-31,1,,,,,,,,,,,,,,,,,,,,,,,,,,,,,,,,,,,13767841,false,false,3,2021-04-01,2021-06-30,-1
2022-10-31,77090,2023-03-31,2,574000000,0.137,,,,,-107000000,,-86000000,,,-92000000,,-6.75,,,,,,1868000000,843000000,0.451,61.29,843000000,,,,,,,,,,,,true,false,6,2022-04-01,2022-09-30,0
2022-10-31,77090,2022-03-31,2,505000000,0.284,,,,,-84000000,,-86000000,,,-29000000,,-2.15,,,,,,,,,,,,,,,,,,,,,,true,false,6,2021-04-01,2021-09-30,-1
2022-10-31,77090,2023-03-31,2,950000000,-0.066,,,,,-290000000,,-300000000,,,-315000000,,-22.88,,,,,,,,,,,,,,,,,,,,,,true,true,12,2022-04-01,2023-03-31,0
2022-10-31,77090,2022-03-31,2,,,,,,,,,,,,,,,,,,,,2091000000,976000000,0.467,70.94,976000000,,,,,,,,,,,,true,false,12,2021-04-01,2022-03-31,-1
2022-10-31,77090,2022-03-31,2,,,,,,,,,,,,,,,,,,,,,,,,,,,,,0.00,,,,13830000,62159,,false,false,12,2021-04-01,2022-03-31,-1
2022-10-31,77090,2023-03-31,2,,,,,,,,,,,,,,,,,,,,,,,,,,,,,0.00,,,,,,,false,false,12,2022-04-01,2023-03-31,0
2022-10-31,77090,2023-03-31,2,,,,,,,,,,,,,,,,,,,,,,,,,,,,,0.00,,,,,,,false,true,12,2022-04-01,2023-03-31,0
2022-10-31,77090,2023-03-31,2,,,,,,,,,,,,,,,,,,,,,,,,,,,,,,,,,13830000,62160,13767841,false,false,6,2022-04-01,2022-09-30,0
2022-10-31,77090,2022-03-31,2,,,,,,,,,,,,,,,,,,,,,,,,,,,,,,,,,,,13767841,false,false,6,2021-04-01,2021-09-30,-1
2023-01-31,77090,2023-03-31,3,956000000,0.279,,,,,-161000000,,-145000000,,,-138000000,,-10.03,,,,,,1842000000,764000000,0.415,55.55,764000000,,,,,,,,,,,,true,false,9,2022-04-01,2022-12-31,0
2023-01-31,77090,2022-03-31,3,747000000,0.017,,,,,-110000000,,-111000000,,,-53000000,,-3.87,,,,,,,,,,,,,,,,,,,,,,true,false,9,2021-04-01,2021-12-31,-1
2023-01-31,77090,2023-03-31,3,1100000000,0.081,,,,,-290000000,,-300000000,,,-315000000,,-22.88,,,,,,,,,,,,,,,,,,,,,,true,true,12,2022-04-01,2023-03-31,0
2023-01-31,77090,2022-03-31,3,,,,,,,,,,,,,,,,,,,,2091000000,976000000,0.467,70.94,976000000,,,,,,,,,,,,true,false,12,2021-04-01,2022-03-31,-1
2023-01-31,77090,2022-03-31,3,,,,,,,,,,,,,,,,,,,,,,,,,,,,,0.00,,,,13830000,62159,,false,false,12,2021-04-01,2022-03-31,-1
2023-01-31,77090,2023-03-31,3,,,,,,,,,,,,,,,,,,,,,,,,,,,,,0.00,,,,,,,false,false,12,2022-04-01,2023-03-31,0
2023-01-31,77090,2023-03-31,3,,,,,,,,,,,,,,,,,,,,,,,,,,,,,0.00,,,,,,,false,true,12,2022-04-01,2023-03-31,0
2023-01-31,77090,2023-03-31,3,,,,,,,,,,,,,,,,,,,,,,,,,,,,,,,,,13830000,62160,13767841,false,false,9,2022-04-01,2022-12-31,0
2023-01-31,77090,2022-03-31,3,,,,,,,,,,,,,,,,,,,,,,,,,,,,,,,,,,,13767841,false,false,9,2021-04-01,2021-12-31,-1
2023-05-15,77090,2023-03-31,,1217000000,0.197,,,,,-194000000,,-179000000,,,-204000000,,-14.88,,-0.241,-0.098,-0.160,,1581000000,720000000,0.455,52.31,720000000,-146000000,-228000000,-215000000,817000000,,,,,,,,true,false,12,2022-04-01,2023-03-31,0
2023-05-15,77090,2022-03-31,,1017000000,-0.053,,,,,-175000000,,-169000000,,,-121000000,,-8.83,,-0.116,-0.074,-0.173,,2091000000,976000000,0.467,70.94,976000000,51000000,-179000000,-258000000,1381000000,,,,,,,,true,false,12,2021-04-01,2022-03-31,-1
2023-05-15,77090,2024-03-31,,350000000,-0.391,,,,,-270000000,,-275000000,,,-290000000,,-21.06,,,,,,,,,,,,,,,,,,,,,,true,true,6,2023-04-01,2023-09-30,1
2023-05-15,77090,2024-03-31,,1300000000,0.068,,,,,-230000000,,-240000000,,,-280000000,,-20.34,,,,,,,,,,,,,,,,,,,,,,true,true,12,2023-04-01,2024-03-31,1
2023-05-15,77090,2023-03-31,,974000000,0.273,,,,,-243000000,,-199000000,,-229000000,,,-16.67,,,,,,1502000000,794000000,0.528,57.67,794000000,,,,,0.00,,,,13830000,62160,13767840,false,false,12,2022-04-01,2023-03-31,0
2023-05-15,77090,2022-03-31,,765000000,-0.085,,,,,-123000000,,-84000000,,-107000000,,,-7.84,,,,,,2040000000,1023000000,0.502,74.35,1023000000,,,,,0.00,,,,13830000,62159,13767841,false,false,12,2021-04-01,2022-03-31,-1
2023-05-15,77090,2024-03-31,,,,,,,,,,,,,,,,,,,,,,,,,,,,,,0.00,,,,,,,false,true,12,2023-04-01,2024-03-31,1
2023-08-04,77090,2024-03-31,1,202000000,-0.452,,,,,-77000000,,-77000000,,,-80000000,,-5.87,,,,,,1862000000,640000000,0.344,46.54,640000000,,,,,,,,,,,,true,false,3,2023-04-01,2023-06-30,0
2023-08-04,77090,2023-03-31,1,369000000,0.228,,,,,-32000000,,-17000000,,,-19000000,,-1.39,,,,,,,,,,,,,,,,,,,,,,true,false,3,2022-04-01,2022-06-30,-1
2023-08-04,77090,2024-03-31,1,350000000,-0.391,,,,,-270000000,,-275000000,,,-290000000,,-21.06,,,,,,,,,,,,,,,,,,,,,,true,true,6,2023-04-01,2023-09-30,0
2023-08-04,77090,2024-03-31,1,1300000000,0.068,,,,,-230000000,,-240000000,,,-280000000,,-20.34,,,,,,,,,,,,,,,,,,,,,,true,true,12,2023-04-01,2024-03-31,0
2023-08-04,77090,2023-03-31,1,,,,,,,,,,,,,,,,,,,,1581000000,720000000,0.455,52.31,720000000,,,,,,,,,,,,true,false,12,2022-04-01,2023-03-31,-1
2023-08-04,77090,2023-03-31,1,,,,,,,,,,,,,,,,,,,,,,,,,,,,,0.00,,,,13830000,62160,,false,false,12,2022-04-01,2023-03-31,-1
2023-08-04,77090,2024-03-31,1,,,,,,,,,,,,,,,,,,,,,,,,,,,,,0.00,,,,,,,false,true,12,2023-04-01,2024-03-31,0
2023-08-04,77090,2024-03-31,1,,,,,,,,,,,,,,,,,,,,,,,,,,,,,,,,,13830000,62160,13767840,false,false,3,2023-04-01,2023-06-30,0
2023-08-04,77090,2023-03-31,1,,,,,,,,,,,,,,,,,,,,,,,,,,,,,,,,,,,13767841,false,false,3,2022-04-01,2022-06-30,-1
2023-11-02,77090,2024-03-31,2,451000000,-0.214,,,,,-148000000,,-151000000,,,-156000000,,-11.39,,,,,,1754000000,548000000,0.313,39.84,548000000,,,,,,,,,,,,true,false,6,2023-04-01,2023-09-30,0
2023-11-02,77090,2023-03-31,2,574000000,0.137,,,,,-107000000,,-86000000,,,-92000000,,-6.75,,,,,,,,,,,,,,,,,,,,,,true,false,6,2022-04-01,2022-09-30,-1
2023-11-02,77090,2024-03-31,2,1300000000,0.068,,,,,-230000000,,-240000000,,,-280000000,,-20.34,,,,,,,,,,,,,,,,,,,,,,true,true,12,2023-04-01,2024-03-31,0
2023-11-02,77090,2023-03-31,2,,,,,,,,,,,,,,,,,,,,1581000000,720000000,0.455,52.31,720000000,,,,,,,,,,,,true,false,12,2022-04-01,2023-03-31,-1
2023-11-02,77090,2023-03-31,2,,,,,,,,,,,,,,,,,,,,,,,,,,,,,0.00,,,,13830000,62160,,false,false,12,2022-04-01,2023-03-31,-1
2023-11-02,77090,2024-03-31,2,,,,,,,,,,,,,,,,,,,,,,,,,,,,,0.00,,,,,,,false,false,12,2023-04-01,2024-03-31,0
2023-11-02,77090,2024-03-31,2,,,,,,,,,,,,,,,,,,,,,,,,,,,,,0.00,,,,,,,false,true,12,2023-04-01,2024-03-31,0
2023-11-02,77090,2024-03-31,2,,,,,,,,,,,,,,,,,,,,,,,,,,,,,,,,,13830000,62160,13767840,false,false,6,2023-04-01,2023-09-30,0
2023-11-02,77090,2023-03-31,2,,,,,,,,,,,,,,,,,,,,,,,,,,,,,,,,,,,13767841,false,false,6,2022-04-01,2022-09-30,-1
2024-02-02,77090,2024-03-31,3,646000000,-0.325,,,,,-232000000,,-235000000,,,-241000000,,-17.52,,,,,,1927000000,452000000,0.235,32.89,452000000,,,,,,,,,,,,true,false,9,2023-04-01,2023-12-31,0
2024-02-02,77090,2023-03-31,3,956000000,0.279,,,,,-161000000,,-145000000,,,-138000000,,-10.03,,,,,,,,,,,,,,,,,,,,,,true,false,9,2022-04-01,2022-12-31,-1
2024-02-02,77090,2024-03-31,3,1300000000,0.068,,,,,-230000000,,-240000000,,,-280000000,,-20.34,,,,,,,,,,,,,,,,,,,,,,true,true,12,2023-04-01,2024-03-31,0
2024-02-02,77090,2023-03-31,3,,,,,,,,,,,,,,,,,,,,1581000000,720000000,0.455,52.31,720000000,,,,,,,,,,,,true,false,12,2022-04-01,2023-03-31,-1
2024-02-02,77090,2023-03-31,3,,,,,,,,,,,,,,,,,,,,,,,,,,,,,0.00,,,,13830000,62160,,false,false,12,2022-04-01,2023-03-31,-1
2024-02-02,77090,2024-03-31,3,,,,,,,,,,,,,,,,,,,,,,,,,,,,,0.00,,,,,,,false,false,12,2023-04-01,2024-03-31,0
2024-02-02,77090,2024-03-31,3,,,,,,,,,,,,,,,,,,,,,,,,,,,,,0.00,,,,,,,false,true,12,2023-04-01,2024-03-31,0
2024-02-02,77090,2024-03-31,3,,,,,,,,,,,,,,,,,,,,,,,,,,,,,,,,,13830000,62161,13767840,false,false,9,2023-04-01,2023-12-31,0
2024-02-02,77090,2023-03-31,3,,,,,,,,,,,,,,,,,,,,,,,,,,,,,,,,,,,13767841,false,false,9,2022-04-01,2022-12-31,-1
2024-05-15,77090,2024-03-31,,1306000000,0.073,,,,,-216000000,,-219000000,,,-273000000,,-19.84,,-0.473,-0.112,-0.166,,2353000000,435000000,0.185,31.62,435000000,455000000,-226000000,75000000,1126000000,,,,,,,,true,false,12,2023-04-01,2024-03-31,0
2024-05-15,77090,2023-03-31,,1217000000,0.197,,,,,-194000000,,-179000000,,,-204000000,,-14.88,,-0.241,-0.098,-0.160,,1581000000,720000000,0.455,52.31,720000000,-146000000,-228000000,-215000000,817000000,,,,,,,,true,false,12,2022-04-01,2023-03-31,-1
2024-05-15,77090,2025-03-31,,640000000,0.418,,,,,-190000000,,-195000000,,,-200000000,,-14.53,,,,,,,,,,,,,,,,,,,,,,true,true,6,2024-04-01,2024-09-30,1
2024-05-15,77090,2025-03-31,,1600000000,0.225,,,,,-160000000,,-165000000,,,-185000000,,-13.44,,,,,,,,,,,,,,,,,,,,,,true,true,12,2024-04-01,2025-03-31,1
2024-05-15,77090,2024-03-31,,1042000000,0.070,,,,,-196000000,,-290000000,,-300000000,,,-21.82,,,,,,2312000000,493000000,0.213,35.85,493000000,,,,,0.00,,,,13830000,62161,13767840,false,false,12,2023-04-01,2024-03-31,0
2024-05-15,77090,2023-03-31,,974000000,0.273,,,,,-243000000,,-199000000,,-229000000,,,-16.67,,,,,,1502000000,794000000,0.528,57.67,794000000,,,,,0.00,,,,13830000,62160,13767840,false,false,12,2022-04-01,2023-03-31,-1
2024-05-15,77090,2025-03-31,,,,,,,,,,,,,,,,,,,,,,,,,,,,,,0.00,,,,,,,false,true,12,2024-04-01,2025-03-31,1
2024-08-02,77090,2025-03-31,1,535000000,1.650,,,,,37000000,,35000000,,,34000000,,2.48,,,,,,1934000000,454000000,0.235,33.00,454000000,,,,,,,,,,,,true,false,3,2024-04-01,2024-06-30,0
2024-08-02,77090,2024-03-31,1,202000000,-0.452,,,,,-77000000,,-77000000,,,-80000000,,-5.87,,,,,,,,,,,,,,,,,,,,,,true,false,3,2023-04-01,2023-06-30,-1
2024-08-02,77090,2025-03-31,1,640000000,0.418,,,,,-190000000,,-195000000,,,-200000000,,-14.53,,,,,,,,,,,,,,,,,,,,,,true,true,6,2024-04-01,2024-09-30,0
2024-08-02,77090,2025-03-31,1,1600000000,0.225,,,,,-160000000,,-165000000,,,-185000000,,-13.44,,,,,,,,,,,,,,,,,,,,,,true,true,12,2024-04-01,2025-03-31,0
2024-08-02,77090,2024-03-31,1,,,,,,,,,,,,,,,,,,,,2353000000,435000000,0.185,31.62,435000000,,,,,,,,,,,,true,false,12,2023-04-01,2024-03-31,-1
2024-08-02,77090,2024-03-31,1,,,,,,,,,,,,,,,,,,,,,,,,,,,,,0.00,,,,13830000,62161,,false,false,12,2023-04-01,2024-03-31,-1
2024-08-02,77090,2025-03-31,1,,,,,,,,,,,,,,,,,,,,,,,,,,,,,0.00,,,,,,,false,true,12,2024-04-01,2025-03-31,0
2024-08-02,77090,2025-03-31,1,,,,,,,,,,,,,,,,,,,,,,,,,,,,,,,,,13830000,62161,13767839,false,false,3,2024-04-01,2024-06-30,0
2024-08-02,77090,2024-03-31,1,,,,,,,,,,,,,,,,,,,,,,,,,,,,,,,,,,,13767840,false,false,3,2023-04-01,2023-06-30,-1
2024-11-01,77090,2025-03-31,2,1213000000,1.687,,,,,158000000,,159000000,,,155000000,,11.32,,,,,,1703000000,551000000,0.324,,551000000,,,,,,,,,,,,true,false,6,2024-04-01,2024-09-30,0
2024-11-01,77090,2024-03-31,2,451000000,-0.214,,,,,-148000000,,-151000000,,,-156000000,,-11.39,,,,,,,,,,,,,,,,,,,,,,true,false,6,2023-04-01,2023-09-30,-1
2024-11-01,77090,2025-03-31,2,1600000000,0.225,,,,,-160000000,,-165000000,,,-185000000,,-13.44,,,,,,,,,,,,,,,,,,,,,,true,true,12,2024-04-01,2025-03-31,0
2024-11-01,77090,2024-03-31,2,,,,,,,,,,,,,,,,,,,,2353000000,435000000,0.185,,435000000,,,,,,,,,,,,true,false,12,2023-04-01,2024-03-31,-1
2024-11-01,77090,2024-03-31,2,,,,,,,,,,,,,,,,,,,,,,,,,,,,,0.00,,,,13830000,62161,,false,false,12,2023-04-01,2024-03-31,-1
2024-11-01,77090,2025-03-31,2,,,,,,,,,,,,,,,,,,,,,,,,,,,,,0.00,,,,,,,false,false,12,2024-04-01,2025-03-31,0
2024-11-01,77090,2025-03-31,2,,,,,,,,,,,,,,,,,,,,,,,,,,,,,0.00,,,,,,,false,true,12,2024-04-01,2025-03-31,0
2024-11-01,77090,2025-03-31,2,,,,,,,,,,,,,,,,,,,,,,,,,,,,,,,,,13830000,62161,13767839,false,false,6,2024-04-01,2024-09-30,0
2024-11-01,77090,2024-03-31,2,,,,,,,,,,,,,,,,,,,,,,,,,,,,,,,,,,,13767840,false,false,6,2023-04-01,2023-09-30,-1
2025-01-31,77090,2025-03-31,3,1421000000,1.199,,,,,57000000,,54000000,,,50000000,,3.66,,,,,,1692000000,483000000,0.286,,483000000,,,,,,,,,,,,true,false,9,2024-04-01,2024-12-31,0
2025-01-31,77090,2024-03-31,3,646000000,-0.325,,,,,-232000000,,-235000000,,,-241000000,,-17.52,,,,,,,,,,,,,,,,,,,,,,true,false,9,2023-04-01,2023-12-31,-1
2025-01-31,77090,2025-03-31,3,1530000000,0.171,,,,,-210000000,,-215000000,,,-300000000,,-21.79,,,,,,,,,,,,,,,,,,,,,,true,true,12,2024-04-01,2025-03-31,0
2025-01-31,77090,2024-03-31,3,,,,,,,,,,,,,,,,,,,,2353000000,435000000,0.185,,435000000,,,,,,,,,,,,true,false,12,2023-04-01,2024-03-31,-1
2025-01-31,77090,2024-03-31,3,,,,,,,,,,,,,,,,,,,,,,,,,,,,,0.00,,,,13830000,62161,,false,false,12,2023-04-01,2024-03-31,-1
2025-01-31,77090,2025-03-31,3,,,,,,,,,,,,,,,,,,,,,,,,,,,,,0.00,,,,,,,false,false,12,2024-04-01,2025-03-31,0
2025-01-31,77090,2025-03-31,3,,,,,,,,,,,,,,,,,,,,,,,,,,,,,0.00,,,,,,,false,true,12,2024-04-01,2025-03-31,0
2025-01-31,77090,2025-03-31,3,,,,,,,,,,,,,,,,,,,,,,,,,,,,,,,,,13830000,62161,13767839,false,false,9,2024-04-01,2024-12-31,0
2025-01-31,77090,2024-03-31,3,,,,,,,,,,,,,,,,,,,,,,,,,,,,,,,,,,,13767840,false,false,9,2023-04-01,2023-12-31,-1
2025-04-24,77090,2025-03-31,,1662000000,0.086,,,,,-125000000,,-127000000,,,-201000000,,-14.60,,,,,,,,,,,,,,,,,,,,,,true,true,12,2024-04-01,2025-03-31,0
2025-04-24,77090,2024-03-31,,1306000000,,,,,,-216000000,,-219000000,,,-273000000,,-19.84,,,,,,,,,,,,,,,,,,,,,,true,false,12,2023-04-01,2024-03-31,-1
2025-05-15,77090,2025-03-31,,1662000000,0.272,,,,,-125000000,,-126000000,,,-200000000,,-14.59,,-0.630,-0.062,-0.075,,1735000000,202000000,0.117,14.69,202000000,-195000000,-251000000,-248000000,438000000,,,,,,,,true,false,12,2024-04-01,2025-03-31,0
2025-05-15,77090,2024-03-31,,1306000000,0.073,,,,,-216000000,,-219000000,,,-273000000,,-19.84,,-0.473,-0.112,-0.166,,2353000000,435000000,0.185,31.62,435000000,455000000,-226000000,75000000,1126000000,,,,,,,,true,false,12,2023-04-01,2024-03-31,-1
2025-05-15,77090,2026-03-31,,1200000000,-0.011,,,,,75000000,-0.528,70000000,-0.560,,65000000,,4.72,,,,,,,,,,,,,,,,,,,,,,true,true,6,2025-04-01,2025-09-30,1
2025-05-15,77090,2026-03-31,,1750000000,0.053,,,,,-170000000,,-180000000,,,-210000000,,-15.25,,,,,,,,,,,,,,,,,,,,,,true,true,12,2025-04-01,2026-03-31,1
2025-05-15,77090,2025-03-31,,1360000000,0.304,,,,,-129000000,,-125000000,,-196000000,,,-14.26,,,,,,1694000000,297000000,0.175,21.59,297000000,,,,,0.00,,,,13830000,62211,13767833,false,false,12,2024-04-01,2025-03-31,0
2025-05-15,77090,2024-03-31,,1042000000,0.070,,,,,-196000000,,-290000000,,-300000000,,,-21.82,,,,,,2312000000,493000000,0.213,35.85,493000000,,,,,0.00,,,,13830000,62161,13767840,false,false,12,2023-04-01,2024-03-31,-1
2025-05-15,77090,2026-03-31,,,,,,,,,,,,,,,,,,,,,,,,,,,,,,0.00,,,,,,,false,true,12,2025-04-01,2026-03-31,1
