filing_date,code,fiscal_year_end,quarterly_period,net_sales,net_sales_change,revenue,revenue_change,operating_revenue,operating_revenue_change,operating_profit,operating_profit_change,ordinary_profit,ordinary_profit_change,net_income,net_income_of_parent,net_income_change,eps,diluted_eps,roe,roa,operating_profit_to_net_sales,operating_profit_to_revenue,total_assets,net_assets,equity_ratio,bps,owner_equity,operating_cash_flow,investing_cash_flow,financing_cash_flow,cash,dividend_per_share,payout_ratio,commemorative_dividend,extra_dividend,number_of_shares,number_of_treqsury_shares,avg_number_of_shares,is_consolidated,is_forecast,duration,period_start,period_end,period_pos
2015-05-11,77230,2015-03-31,,41581000000,-0.036,,,,,1459000000,-0.355,1942000000,-0.243,1159000000,,-0.287,22.58,22.42,0.057,0.045,0.035,,43645000000,21659000000,0.489,415.63,21350000000,3119000000,-769000000,-2029000000,5838000000,,0.443,,,,,,true,false,12,2014-04-01,2015-03-31,0
2015-05-11,77230,2014-03-31,,43154000000,-0.032,,,,,2263000000,-0.059,2565000000,-0.028,1625000000,,-0.053,31.66,31.49,0.083,0.059,0.052,,43597000000,20008000000,0.452,383.19,19685000000,2071000000,-1316000000,-806000000,5333000000,,0.316,,,,,,true,false,12,2013-04-01,2014-03-31,-1
2015-05-11,77230,2016-03-31,,19940000000,0.020,,,,,356000000,,440000000,1.850,,260000000,,5.06,,,,,,,,,,,,,,,,,,,,,,true,true,6,2015-04-01,2015-09-30,1
2015-05-11,77230,2016-03-31,,42210000000,0.015,,,,,2210000000,0.515,2400000000,0.236,,1550000000,,30.17,,,,,,,,,,,,,,,,0.331,,,,,,true,true,12,2015-04-01,2016-03-31,1
2015-05-11,77230,2015-03-31,,38802000000,-0.033,,,,,1421000000,-0.335,1926000000,-0.195,1260000000,,-0.214,24.54,24.37,,,,,42565000000,21786000000,0.510,422.57,21707000000,,,,,10.00,,,,51400000,30772,51370484,false,false,12,2014-04-01,2015-03-31,0
2015-05-11,77230,2014-03-31,,40132000000,-0.013,,,,,2138000000,0.119,2392000000,0.104,1603000000,,0.059,31.23,31.06,,,,,42298000000,19861000000,0.468,385.53,19805000000,,,,,10.00,,,,51400000,28504,51340851,false,false,12,2013-04-01,2014-03-31,-1
2015-05-11,77230,2016-03-31,,,,,,,,,,,,,,,,,,,,,,,,,,,,,,10.00,,,,,,,false,true,12,2015-04-01,2016-03-31,1
2015-07-30,77230,2016-03-31,1,9001000000,0.013,,,,,-83000000,,43000000,,,13000000,,0.26,0.26,,,,,42599000000,21964000000,0.508,421.55,21654000000,,,,,,,,,,,,true,false,3,2015-04-01,2015-06-30,0
2015-07-30,77230,2015-03-31,1,8888000000,-0.044,,,,,-261000000,,-192000000,,,-147000000,,-2.87,,,,,,,,,,,,,,,,,,,,,,true,false,3,2014-04-01,2014-06-30,-1
2015-07-30,77230,2016-03-31,1,19940000000,0.020,,,,,356000000,,440000000,1.850,,260000000,,5.06,,,,,,,,,,,,,,,,,,,,,,true,true,6,2015-04-01,2015-09-30,0
2015-07-30,77230,2016-03-31,1,42210000000,0.015,,,,,2210000000,0.515,2400000000,0.236,,1550000000,,30.17,,,,,,,,,,,,,,,,,,,,,,true,true,12,2015-04-01,2016-03-31,0
2015-07-30,77230,2015-03-31,1,,,,,,,,,,,,,,,,,,,,43645000000,21659000000,0.489,415.63,21350000000,,,,,,,,,,,,true,false,12,2014-04-01,2015-03-31,-1
2015-07-30,77230,2015-03-31,1,,,,,,,,,,,,,,,,,,,,,,,,,,,,,10.00,,,,51400000,30772,,false,false,12,2014-04-01,2015-03-31,-1
2015-07-30,77230,2016-03-31,1,,,,,,,,,,,,,,,,,,,,,,,,,,,,,10.00,,,,,,,false,true,12,2015-04-01,2016-03-31,0
2015-07-30,77230,2016-03-31,1,,,,,,,,,,,,,,,,,,,,,,,,,,,,,,,,,51400000,31214,51369081,false,false,3,2015-04-01,2015-06-30,0
2015-07-30,77230,2015-03-31,1,,,,,,,,,,,,,,,,,,,,,,,,,,,,,,,,,,,51371496,false,false,3,2014-04-01,2014-06-30,-1
2015-09-28,77230,2016-03-31,,19339000000,-0.030,,,,,102000000,-0.713,246000000,-0.441,137000000,,-0.473,2.67,,,,,,,,,,,,,,,,,,,,,,true,true,6,2015-04-01,2015-09-30,0
2015-09-28,77230,2015-03-31,,19552000000,,,,,,-20000000,,154000000,,57000000,,,1.13,,,,,,,,,,,,,,,,,,,,,,true,false,6,2014-04-01,2014-09-30,-1
2015-11-04,77230,2016-03-31,2,19385000000,-0.009,,,,,125000000,,250000000,0.625,,111000000,,2.16,2.15,,,,,42482000000,21527000000,0.499,412.44,21195000000,,,,,,,,,,,,true,false,6,2015-04-01,2015-09-30,0
2015-11-04,77230,2015-03-31,2,19552000000,-0.057,,,,,-20000000,,154000000,-0.782,,57000000,,1.13,1.12,,,,,,,,,,,,,,,,,,,,,true,false,6,2014-04-01,2014-09-30,-1
2015-11-04,77230,2016-03-31,2,42210000000,0.015,,,,,2210000000,0.515,2400000000,0.236,,1550000000,,30.17,,,,,,,,,,,,,,,,,,,,,,true,true,12,2015-04-01,2016-03-31,0
2015-11-04,77230,2015-03-31,2,,,,,,,,,,,,,,,,,,,,43645000000,21659000000,0.489,415.63,21350000000,,,,,,,,,,,,true,false,12,2014-04-01,2015-03-31,-1
2015-11-04,77230,2015-03-31,2,,,,,,,,,,,,,,,,,,,,,,,,,,,,,10.00,,,,51400000,30772,,false,false,12,2014-04-01,2015-03-31,-1
2015-11-04,77230,2016-03-31,2,,,,,,,,,,,,,,,,,,,,,,,,,,,,,5.00,,,,,,,false,false,12,2015-04-01,2016-03-31,0
2015-11-04,77230,2016-03-31,2,,,,,,,,,,,,,,,,,,,,,,,,,,,,,10.00,,,,,,,false,true,12,2015-04-01,2016-03-31,0
2015-11-04,77230,2016-03-31,2,,,,,,,,,,,,,,,,,,,,,,,,,,,,,,,,,51400000,9913,51379597,false,false,6,2015-04-01,2015-09-30,0
2015-11-04,77230,2015-03-31,2,,,,,,,,,,,,,,,,,,,,,,,,,,,,,,,,,,,51370958,false,false,6,2014-04-01,2014-09-30,-1
2016-02-01,77230,2016-03-31,3,28331000000,-0.012,,,,,461000000,0.604,649000000,-0.080,,447000000,,8.71,8.64,,,,,42192000000,21908000000,0.511,419.83,21574000000,,,,,,,,,,,,true,false,9,2015-04-01,2015-12-31,0
2016-02-01,77230,2015-03-31,3,28674000000,-0.048,,,,,287000000,-0.718,705000000,-0.467,,412000000,,8.03,7.98,,,,,,,,,,,,,,,,,,,,,true,false,9,2014-04-01,2014-12-31,-1
2016-02-01,77230,2016-03-31,3,42210000000,0.015,,,,,2210000000,0.515,2400000000,0.236,,1550000000,,30.17,,,,,,,,,,,,,,,,,,,,,,true,true,12,2015-04-01,2016-03-31,0
2016-02-01,77230,2015-03-31,3,,,,,,,,,,,,,,,,,,,,43645000000,21659000000,0.489,415.63,21350000000,,,,,,,,,,,,true,false,12,2014-04-01,2015-03-31,-1
2016-02-01,77230,2015-03-31,3,,,,,,,,,,,,,,,,,,,,,,,,,,,,,10.00,,,,51400000,30772,,false,false,12,2014-04-01,2015-03-31,-1
2016-02-01,77230,2016-03-31,3,,,,,,,,,,,,,,,,,,,,,,,,,,,,,5.00,,,,,,,false,false,12,2015-04-01,2016-03-31,0
2016-02-01,77230,2016-03-31,3,,,,,,,,,,,,,,,,,,,,,,,,,,,,,10.00,,,,,,,false,true,12,2015-04-01,2016-03-31,0
2016-02-01,77230,2016-03-31,3,,,,,,,,,,,,,,,,,,,,,,,,,,,,,,,,,51400000,10213,51383060,false,false,9,2015-04-01,2015-12-31,0
2016-02-01,77230,2015-03-31,3,,,,,,,,,,,,,,,,,,,,,,,,,,,,,,,,,,,51370779,false,false,9,2014-04-01,2014-12-31,-1
2016-05-10,77230,2016-03-31,,41782000000,0.005,,,,,1798000000,0.232,1934000000,-0.004,,1411000000,,27.47,27.25,0.066,0.043,0.043,,46175000000,21956000000,0.468,421.54,21620000000,2180000000,-1124000000,404000000,7273000000,,0.364,,,,,,true,false,12,2015-04-01,2016-03-31,0
2016-05-10,77230,2015-03-31,,41581000000,-0.036,,,,,1459000000,-0.355,1942000000,-0.243,,1159000000,,22.58,22.42,0.057,0.045,0.035,,43645000000,21659000000,0.489,415.63,21350000000,3119000000,-769000000,-2029000000,5838000000,,0.443,,,,,,true,false,12,2014-04-01,2015-03-31,-1
2016-05-10,77230,2017-03-31,,20520000000,0.059,,,,,150000000,0.195,290000000,0.156,,160000000,,3.12,,,,,,,,,,,,,,,,,,,,,,true,true,6,2016-04-01,2016-09-30,1
2016-05-10,77230,2017-03-31,,42960000000,0.028,,,,,1930000000,0.073,2190000000,0.132,,1470000000,,28.66,,,,,,,,,,,,,,,,0.349,,,,,,true,true,12,2016-04-01,2017-03-31,1
2016-05-10,77230,2016-03-31,,40396000000,0.041,,,,,1542000000,0.085,1921000000,-0.002,1423000000,,0.129,27.71,27.48,,,,,45454000000,22265000000,0.488,432.24,22169000000,,,,,10.00,,,,51400000,110752,51367941,false,false,12,2015-04-01,2016-03-31,0
2016-05-10,77230,2015-03-31,,38802000000,-0.033,,,,,1421000000,-0.335,1926000000,-0.195,1260000000,,-0.214,24.54,24.37,,,,,42565000000,21786000000,0.510,422.57,21707000000,,,,,10.00,,,,51400000,30772,51370484,false,false,12,2014-04-01,2015-03-31,-1
2016-05-10,77230,2017-03-31,,,,,,,,,,,,,,,,,,,,,,,,,,,,,,10.00,,,,,,,false,true,12,2016-04-01,2017-03-31,1
,77230,2017-03-31,,,,,,,,,,,,,,,,,,,,,,,,,,,,,,50.00,,,,,,,false,true,12,2016-04-01,2017-03-31,0
,77230,2016-03-31,,,,,,,,,,,,,,,,,,,,,,,,,,,,,,10.00,,,,,,,false,false,12,2015-04-01,2016-03-31,-1
2016-07-29,77230,2017-03-31,1,9799000000,0.089,,,,,191000000,,135000000,2.116,,83000000,,1.63,1.62,,,,,43950000000,21416000000,0.480,411.07,21083000000,,,,,,,,,,,,true,false,3,2016-04-01,2016-06-30,0
2016-07-29,77230,2016-03-31,1,9001000000,0.013,,,,,-83000000,,43000000,,,13000000,,0.26,0.26,,,,,,,,,,,,,,,,,,,,,true,false,3,2015-04-01,2015-06-30,-1
2016-07-29,77230,2017-03-31,1,20520000000,0.059,,,,,150000000,0.195,290000000,0.156,,160000000,,3.12,,,,,,,,,,,,,,,,,,,,,,true,true,6,2016-04-01,2016-09-30,0
2016-07-29,77230,2017-03-31,1,42960000000,0.028,,,,,1930000000,0.073,2190000000,0.132,,1470000000,,286.61,,,,,,,,,,,,,,,,,,,,,,true,true,12,2016-04-01,2017-03-31,0
2016-07-29,77230,2016-03-31,1,,,,,,,,,,,,,,,,,,,,46175000000,21956000000,0.468,421.54,21620000000,,,,,,,,,,,,true,false,12,2015-04-01,2016-03-31,-1
2016-07-29,77230,2016-03-31,1,,,,,,,,,,,,,,,,,,,,,,,,,,,,,10.00,,,,51400000,110752,,false,false,12,2015-04-01,2016-03-31,-1
2016-07-29,77230,2017-03-31,1,,,,,,,,,,,,,,,,,,,,,,,,,,,,,50.00,,,,,,,false,true,12,2016-04-01,2017-03-31,0
2016-07-29,77230,2017-03-31,1,,,,,,,,,,,,,,,,,,,,,,,,,,,,,,,,,51400000,111103,51289131,false,false,3,2016-04-01,2016-06-30,0
2016-07-29,77230,2016-03-31,1,,,,,,,,,,,,,,,,,,,,,,,,,,,,,,,,,,,51369081,false,false,3,2015-04-01,2015-06-30,-1
2016-09-27,77230,2017-03-31,,21080000000,0.027,,,,,590000000,2.933,540000000,0.862,,330000000,,6.43,,,,,,,,,,,,,,,,,,,,,,true,true,6,2016-04-01,2016-09-30,0
2016-09-27,77230,2016-03-31,,19385000000,,,,,,125000000,,250000000,,,111000000,,2.16,,,,,,,,,,,,,,,,,,,,,,true,false,6,2015-04-01,2015-09-30,-1
2016-11-02,77230,2017-03-31,2,21061000000,0.086,,,,,821000000,5.544,633000000,1.524,,422000000,,82.42,81.70,,,,,43291000000,22189000000,0.505,4254.34,21840000000,,,,,,,,,,,,true,false,6,2016-04-01,2016-09-30,0
2016-11-02,77230,2016-03-31,2,19385000000,-0.009,,,,,125000000,,250000000,0.625,,111000000,,21.65,21.48,,,,,,,,,,,,,,,,,,,,,true,false,6,2015-04-01,2015-09-30,-1
2016-11-02,77230,2017-03-31,2,43500000000,0.041,,,,,2600000000,0.446,2530000000,0.308,,1730000000,,336.98,,,,,,,,,,,,,,,,,,,,,,true,true,12,2016-04-01,2017-03-31,0
2016-11-02,77230,2016-03-31,2,,,,,,,,,,,,,,,,,,,,46175000000,21956000000,0.468,4215.42,21620000000,,,,,,,,,,,,true,false,12,2015-04-01,2016-03-31,-1
2016-11-02,77230,2016-03-31,2,,,,,,,,,,,,,,,,,,,,,,,,,,,,,10.00,,,,5140000,11075,,false,false,12,2015-04-01,2016-03-31,-1
2016-11-02,77230,2017-03-31,2,,,,,,,,,,,,,,,,,,,,,,,,,,,,,5.00,,,,,,,false,false,12,2016-04-01,2017-03-31,0
2016-11-02,77230,2017-03-31,2,,,,,,,,,,,,,,,,,,,,,,,,,,,,,50.00,,,,,,,false,true,12,2016-04-01,2017-03-31,0
2016-11-02,77230,2017-03-31,2,,,,,,,,,,,,,,,,,,,,,,,,,,,,,,,,,5140000,6205,5131354,false,false,6,2016-04-01,2016-09-30,0
2016-11-02,77230,2016-03-31,2,,,,,,,,,,,,,,,,,,,,,,,,,,,,,,,,,,,5137960,false,false,6,2015-04-01,2015-09-30,-1
2017-01-31,77230,2017-03-31,3,30754000000,0.086,,,,,1422000000,2.084,1502000000,1.314,,1139000000,,222.10,220.11,,,,,44131000000,23100000000,0.516,4431.52,22749000000,,,,,,,,,,,,true,false,9,2016-04-01,2016-12-31,0
2017-01-31,77230,2016-03-31,3,28331000000,-0.012,,,,,461000000,0.604,649000000,-0.080,,447000000,,87.12,86.42,,,,,,,,,,,,,,,,,,,,,true,false,9,2015-04-01,2015-12-31,-1
2017-01-31,77230,2017-03-31,3,43500000000,0.041,,,,,2600000000,0.446,2530000000,0.308,,1730000000,,336.98,,,,,,,,,,,,,,,,,,,,,,true,true,12,2016-04-01,2017-03-31,0
2017-01-31,77230,2016-03-31,3,,,,,,,,,,,,,,,,,,,,46175000000,21956000000,0.468,4215.42,21620000000,,,,,,,,,,,,true,false,12,2015-04-01,2016-03-31,-1
2017-01-31,77230,2016-03-31,3,,,,,,,,,,,,,,,,,,,,,,,,,,,,,10.00,,,,5140000,11075,,false,false,12,2015-04-01,2016-03-31,-1
2017-01-31,77230,2017-03-31,3,,,,,,,,,,,,,,,,,,,,,,,,,,,,,5.00,,,,,,,false,false,12,2016-04-01,2017-03-31,0
2017-01-31,77230,2017-03-31,3,,,,,,,,,,,,,,,,,,,,,,,,,,,,,50.00,,,,,,,false,true,12,2016-04-01,2017-03-31,0
2017-01-31,77230,2017-03-31,3,,,,,,,,,,,,,,,,,,,,,,,,,,,,,,,,,5140000,6320,5132145,false,false,9,2016-04-01,2016-12-31,0
2017-01-31,77230,2016-03-31,3,,,,,,,,,,,,,,,,,,,,,,,,,,,,,,,,,,,5138306,false,false,9,2015-04-01,2015-12-31,-1
2017-05-10,77230,2017-03-31,,44770000000,0.072,,,,,2890000000,0.607,3007000000,0.555,,2235000000,,435.58,431.62,0.098,0.064,0.065,,47998000000,24339000000,0.500,4671.29,23991000000,2434000000,-1422000000,-1937000000,6389000000,,0.253,,,,,,true,false,12,2016-04-01,2017-03-31,0
2017-05-10,77230,2016-03-31,,41782000000,0.005,,,,,1798000000,0.232,1934000000,-0.004,,1411000000,,274.75,272.50,0.066,0.043,0.043,,46175000000,21956000000,0.468,4215.42,21620000000,2180000000,-1124000000,404000000,7273000000,,0.364,,,,,,true,false,12,2015-04-01,2016-03-31,-1
2017-05-10,77230,2018-03-31,,22340000000,0.061,,,,,770000000,-0.062,940000000,0.484,,630000000,,122.66,,,,,,,,,,,,,,,,,,,,,,true,true,6,2017-04-01,2017-09-30,1
2017-05-10,77230,2018-03-31,,45500000000,0.016,,,,,2620000000,-0.094,2900000000,-0.036,,2010000000,,391.36,,,,,,,,,,,,,,,,0.256,,,,,,true,true,12,2017-04-01,2018-03-31,1
2017-05-10,77230,2017-03-31,,44594000000,0.104,,,,,2494000000,0.618,2843000000,0.480,2133000000,,0.499,415.76,411.98,,,,,46964000000,24104000000,0.511,4673.30,24002000000,,,,,60.00,,,10.00,5140000,4015,5132709,false,false,12,2016-04-01,2017-03-31,0
2017-05-10,77230,2016-03-31,,40396000000,0.041,,,,,1542000000,0.085,1921000000,-0.002,1423000000,,0.129,277.06,274.79,,,,,45454000000,22265000000,0.488,4322.40,22169000000,,,,,10.00,,,,5140000,11075,5136794,false,false,12,2015-04-01,2016-03-31,-1
2017-05-10,77230,2018-03-31,,,,,,,,,,,,,,,,,,,,,,,,,,,,,,100.00,,,,,,,false,true,12,2017-04-01,2018-03-31,1
2017-07-31,77230,2018-03-31,1,10555000000,0.077,,,,,450000000,1.349,545000000,3.018,,378000000,,73.83,73.16,,,,,46334000000,24647000000,0.525,4750.31,24302000000,,,,,,,,,,,,true,false,3,2017-04-01,2017-06-30,0
2017-07-31,77230,2017-03-31,1,9799000000,0.089,,,,,191000000,,135000000,2.116,,83000000,,16.33,16.18,,,,,,,,,,,,,,,,,,,,,true,false,3,2016-04-01,2016-06-30,-1
2017-07-31,77230,2018-03-31,1,22340000000,0.061,,,,,770000000,-0.062,940000000,0.484,,630000000,,122.66,,,,,,,,,,,,,,,,,,,,,,true,true,6,2017-04-01,2017-09-30,0
2017-07-31,77230,2018-03-31,1,45500000000,0.016,,,,,2620000000,-0.094,2900000000,-0.036,,2010000000,,391.36,,,,,,,,,,,,,,,,,,,,,,true,true,12,2017-04-01,2018-03-31,0
2017-07-31,77230,2017-03-31,1,,,,,,,,,,,,,,,,,,,,47998000000,24339000000,0.500,4671.29,23991000000,,,,,,,,,,,,true,false,12,2016-04-01,2017-03-31,-1
2017-07-31,77230,2017-03-31,1,,,,,,,,,,,,,,,,,,,,,,,,,,,,,60.00,,,,5140000,4015,,false,false,12,2016-04-01,2017-03-31,-1
2017-07-31,77230,2018-03-31,1,,,,,,,,,,,,,,,,,,,,,,,,,,,,,100.00,,,,,,,false,true,12,2017-04-01,2018-03-31,0
2017-07-31,77230,2018-03-31,1,,,,,,,,,,,,,,,,,,,,,,,,,,,,,,,,,5140000,24015,5129318,false,false,3,2017-04-01,2017-06-30,0
2017-07-31,77230,2017-03-31,1,,,,,,,,,,,,,,,,,,,,,,,,,,,,,,,,,,,5128913,false,false,3,2016-04-01,2016-06-30,-1
2017-10-23,77230,2018-03-31,,22520000000,0.008,,,,,1370000000,0.779,1510000000,0.606,,1100000000,,215.01,,,,,,,,,,,,,,,,,,,,,,true,true,6,2017-04-01,2017-09-30,0
2017-10-23,77230,2017-03-31,,21061000000,,,,,,821000000,,633000000,,,422000000,,82.42,,,,,,,,,,,,,,,,,,,,,,true,false,6,2016-04-01,2016-09-30,-1
2017-11-02,77230,2018-03-31,2,22528000000,0.070,,,,,1373000000,0.672,1519000000,1.398,,1100000000,,214.88,212.82,,,,,47246000000,25431000000,0.530,4898.24,25059000000,,,,,,,,,,,,true,false,6,2017-04-01,2017-09-30,0
2017-11-02,77230,2017-03-31,2,21061000000,0.086,,,,,821000000,5.544,633000000,1.524,,422000000,,82.42,81.70,,,,,,,,,,,,,,,,,,,,,true,false,6,2016-04-01,2016-09-30,-1
2017-11-02,77230,2018-03-31,2,46070000000,0.029,,,,,3200000000,0.107,3440000000,0.144,,2510000000,,490.62,,,,,,,,,,,,,,,,,,,,,,true,true,12,2017-04-01,2018-03-31,0
2017-11-02,77230,2017-03-31,2,,,,,,,,,,,,,,,,,,,,47998000000,24339000000,0.500,4671.29,23991000000,,,,,,,,,,,,true,false,12,2016-04-01,2017-03-31,-1
2017-11-02,77230,2017-03-31,2,,,,,,,,,,,,,,,,,,,,,,,,,,,,,60.00,,,,5140000,4015,,false,false,12,2016-04-01,2017-03-31,-1
2017-11-02,77230,2018-03-31,2,,,,,,,,,,,,,,,,,,,,,,,,,,,,,50.00,,,,,,,false,false,12,2017-04-01,2018-03-31,0
2017-11-02,77230,2018-03-31,2,,,,,,,,,,,,,,,,,,,,,,,,,,,,,100.00,,,,,,,false,true,12,2017-04-01,2018-03-31,0
2017-11-02,77230,2018-03-31,2,,,,,,,,,,,,,,,,,,,,,,,,,,,,,,,,,5140000,24047,5122640,false,false,6,2017-04-01,2017-09-30,0
2017-11-02,77230,2017-03-31,2,,,,,,,,,,,,,,,,,,,,,,,,,,,,,,,,,,,5131354,false,false,6,2016-04-01,2016-09-30,-1
2018-01-31,77230,2018-03-31,3,32722000000,0.064,,,,,2147000000,0.509,2380000000,0.584,,1710000000,,334.08,330.77,,,,,47240000000,26023000000,0.548,5062.31,25897000000,,,,,,,,,,,,true,false,9,2017-04-01,2017-12-31,0
2018-01-31,77230,2017-03-31,3,30754000000,0.086,,,,,1422000000,2.084,1502000000,1.314,,1139000000,,222.10,220.11,,,,,,,,,,,,,,,,,,,,,true,false,9,2016-04-01,2016-12-31,-1
2018-01-31,77230,2018-03-31,3,46070000000,0.029,,,,,3200000000,0.107,3440000000,0.144,,2510000000,,490.62,,,,,,,,,,,,,,,,,,,,,,true,true,12,2017-04-01,2018-03-31,0
2018-01-31,77230,2017-03-31,3,,,,,,,,,,,,,,,,,,,,47998000000,24339000000,0.500,4671.29,23991000000,,,,,,,,,,,,true,false,12,2016-04-01,2017-03-31,-1
2018-01-31,77230,2017-03-31,3,,,,,,,,,,,,,,,,,,,,,,,,,,,,,60.00,,,,5140000,4015,,false,false,12,2016-04-01,2017-03-31,-1
2018-01-31,77230,2018-03-31,3,,,,,,,,,,,,,,,,,,,,,,,,,,,,,50.00,,,,,,,false,false,12,2017-04-01,2018-03-31,0
2018-01-31,77230,2018-03-31,3,,,,,,,,,,,,,,,,,,,,,,,,,,,,,100.00,,,,,,,false,true,12,2017-04-01,2018-03-31,0
2018-01-31,77230,2018-03-31,3,,,,,,,,,,,,,,,,,,,,,,,,,,,,,,,,,5140000,24157,5120386,false,false,9,2017-04-01,2017-12-31,0
2018-01-31,77230,2017-03-31,3,,,,,,,,,,,,,,,,,,,,,,,,,,,,,,,,,,,5132145,false,false,9,2016-04-01,2016-12-31,-1
2018-05-10,77230,2018-03-31,,47275000000,0.056,,,,,3708000000,0.283,3867000000,0.286,,2788000000,,544.63,539.15,0.109,0.078,0.078,,51080000000,27301000000,0.532,5312.11,27175000000,2628000000,-2541000000,-768000000,5727000000,,0.220,,,,,,true,false,12,2017-04-01,2018-03-31,0
2018-05-10,77230,2017-03-31,,44770000000,0.072,,,,,2890000000,0.607,3007000000,0.555,,2235000000,,435.58,431.62,0.098,0.064,0.065,,47998000000,24339000000,0.500,4671.29,23991000000,2434000000,-1422000000,-1937000000,6389000000,,0.253,,,,,,true,false,12,2016-04-01,2017-03-31,-1
2018-05-10,77230,2019-03-31,,22595000000,0.003,,,,,1160000000,-0.155,1335000000,-0.121,,905000000,,176.90,,,,,,,,,,,,,,,,,,,,,,true,true,6,2018-04-01,2018-09-30,1
2018-05-10,77230,2019-03-31,,47480000000,0.004,,,,,3610000000,-0.027,3900000000,0.008,,2720000000,,531.68,,,,,,,,,,,,,,,,0.245,,,,,,true,true,12,2018-04-01,2019-03-31,1
2018-05-10,77230,2018-03-31,,47320000000,0.061,,,,,3301000000,0.324,3741000000,0.316,2722000000,,0.276,531.78,526.43,,,,,50078000000,26718000000,0.531,5198.17,26593000000,,,,,120.00,,,,5140000,24157,5119251,false,false,12,2017-04-01,2018-03-31,0
2018-05-10,77230,2017-03-31,,44594000000,0.104,,,,,2494000000,0.618,2843000000,0.480,2133000000,,0.499,415.76,411.98,,,,,46964000000,24104000000,0.511,4673.30,24002000000,,,,,60.00,,,,5140000,4015,5132709,false,false,12,2016-04-01,2017-03-31,-1
2018-05-10,77230,2019-03-31,,,,,,,,,,,,,,,,,,,,,,,,,,,,,,130.00,,,,,,,false,true,12,2018-04-01,2019-03-31,1
2018-07-31,77230,2019-03-31,1,10905000000,0.033,,,,,527000000,0.170,667000000,0.223,,486000000,,95.07,94.07,,,,,49395000000,27767000000,0.560,5403.30,27642000000,,,,,,,,,,,,true,false,3,2018-04-01,2018-06-30,0
2018-07-31,77230,2018-03-31,1,10555000000,0.077,,,,,450000000,1.349,545000000,3.018,,378000000,,73.83,73.16,,,,,,,,,,,,,,,,,,,,,true,false,3,2017-04-01,2017-06-30,-1
2018-07-31,77230,2019-03-31,1,23209000000,0.030,,,,,1373000000,0.000,1547000000,0.018,,1121000000,,219.12,,,,,,,,,,,,,,,,,,,,,,true,true,6,2018-04-01,2018-09-30,0
2018-07-31,77230,2019-03-31,1,48090000000,0.017,,,,,3820000000,0.030,4110000000,0.063,,2930000000,,572.74,,,,,,,,,,,,,,,,,,,,,,true,true,12,2018-04-01,2019-03-31,0
2018-07-31,77230,2018-03-31,1,,,,,,,,,,,,,,,,,,,,51080000000,27301000000,0.532,5312.11,27175000000,,,,,,,,,,,,true,false,12,2017-04-01,2018-03-31,-1
2018-07-31,77230,2018-03-31,1,,,,,,,,,,,,,,,,,,,,,,,,,,,,,120.00,,,,5140000,24157,,false,false,12,2017-04-01,2018-03-31,-1
2018-07-31,77230,2019-03-31,1,,,,,,,,,,,,,,,,,,,,,,,,,,,,,130.00,,,,,,,false,true,12,2018-04-01,2019-03-31,0
2018-07-31,77230,2019-03-31,1,,,,,,,,,,,,,,,,,,,,,,,,,,,,,,,,,5140000,24198,5115816,false,false,3,2018-04-01,2018-06-30,0
2018-07-31,77230,2018-03-31,1,,,,,,,,,,,,,,,,,,,,,,,,,,,,,,,,,,,5129318,false,false,3,2017-04-01,2017-06-30,-1
2018-11-02,77230,2019-03-31,2,22692000000,0.007,,,,,1262000000,-0.081,1476000000,-0.028,,1086000000,,212.21,209.82,,,,,50622000000,28591000000,0.562,5555.89,28453000000,,,,,,,,,,,,true,false,6,2018-04-01,2018-09-30,0
2018-11-02,77230,2018-03-31,2,22528000000,0.070,,,,,1373000000,0.672,1519000000,1.398,,1100000000,,214.88,212.82,,,,,,,,,,,,,,,,,,,,,true,false,6,2017-04-01,2017-09-30,-1
2018-11-02,77230,2019-03-31,2,48090000000,0.017,,,,,3820000000,0.030,4110000000,0.063,,2930000000,,572.74,,,,,,,,,,,,,,,,,,,,,,true,true,12,2018-04-01,2019-03-31,0
2018-11-02,77230,2018-03-31,2,,,,,,,,,,,,,,,,,,,,51080000000,27301000000,0.532,5312.11,27175000000,,,,,,,,,,,,true,false,12,2017-04-01,2018-03-31,-1
2018-11-02,77230,2018-03-31,2,,,,,,,,,,,,,,,,,,,,,,,,,,,,,120.00,,,,5140000,24157,,false,false,12,2017-04-01,2018-03-31,-1
2018-11-02,77230,2019-03-31,2,,,,,,,,,,,,,,,,,,,,,,,,,,,,,60.00,,,,,,,false,false,12,2018-04-01,2019-03-31,0
2018-11-02,77230,2019-03-31,2,,,,,,,,,,,,,,,,,,,,,,,,,,,,,130.00,,,,,,,false,true,12,2018-04-01,2019-03-31,0
2018-11-02,77230,2019-03-31,2,,,,,,,,,,,,,,,,,,,,,,,,,,,,,,,,,5140000,18658,5118579,false,false,6,2018-04-01,2018-09-30,0
2018-11-02,77230,2018-03-31,2,,,,,,,,,,,,,,,,,,,,,,,,,,,,,,,,,,,5122640,false,false,6,2017-04-01,2017-09-30,-1
2019-01-31,77230,2019-03-31,3,32949000000,0.007,,,,,1923000000,-0.104,2227000000,-0.064,,1704000000,,332.86,329.03,,,,,49350000000,28287000000,0.570,5496.38,28148000000,,,,,,,,,,,,true,false,9,2018-04-01,2018-12-31,0
2019-01-31,77230,2018-03-31,3,32722000000,0.064,,,,,2147000000,0.509,2380000000,0.584,,1710000000,,334.08,330.77,,,,,,,,,,,,,,,,,,,,,true,false,9,2017-04-01,2017-12-31,-1
2019-01-31,77230,2019-03-31,3,48090000000,0.017,,,,,3820000000,0.030,4110000000,0.063,,2930000000,,572.74,,,,,,,,,,,,,,,,,,,,,,true,true,12,2018-04-01,2019-03-31,0
2019-01-31,77230,2018-03-31,3,,,,,,,,,,,,,,,,,,,,51080000000,27301000000,0.532,5312.11,27175000000,,,,,,,,,,,,true,false,12,2017-04-01,2018-03-31,-1
2019-01-31,77230,2018-03-31,3,,,,,,,,,,,,,,,,,,,,,,,,,,,,,120.00,,,,5140000,24157,,false,false,12,2017-04-01,2018-03-31,-1
2019-01-31,77230,2019-03-31,3,,,,,,,,,,,,,,,,,,,,,,,,,,,,,60.00,,,,,,,false,false,12,2018-04-01,2019-03-31,0
2019-01-31,77230,2019-03-31,3,,,,,,,,,,,,,,,,,,,,,,,,,,,,,130.00,,,,,,,false,true,12,2018-04-01,2019-03-31,0
2019-01-31,77230,2019-03-31,3,,,,,,,,,,,,,,,,,,,,,,,,,,,,,,,,,5140000,18658,5119500,false,false,9,2018-04-01,2018-12-31,0
2019-01-31,77230,2018-03-31,3,,,,,,,,,,,,,,,,,,,,,,,,,,,,,,,,,,,5120386,false,false,9,2017-04-01,2017-12-31,-1
2019-05-10,77230,2019-03-31,,46722000000,-0.012,,,,,3414000000,-0.079,3803000000,-0.017,,2829000000,,552.49,546.64,0.101,0.073,0.073,,52882000000,29243000000,0.551,5677.84,29121000000,3782000000,-2279000000,-779000000,6543000000,,0.235,,,,,,true,false,12,2018-04-01,2019-03-31,0
2019-05-10,77230,2018-03-31,,47275000000,0.056,,,,,3708000000,0.283,3867000000,0.286,,2788000000,,544.63,539.15,0.109,0.078,0.078,,51080000000,27301000000,0.532,5312.11,27175000000,2628000000,-2541000000,-768000000,5727000000,,0.220,,,,,,true,false,12,2017-04-01,2018-03-31,-1
2019-05-10,77230,2020-03-31,,23750000000,0.047,,,,,1270000000,0.006,1410000000,-0.045,,1030000000,,200.82,,,,,,,,,,,,,,,,,,,,,,true,true,6,2019-04-01,2019-09-30,1
2019-05-10,77230,2020-03-31,,48100000000,0.029,,,,,3580000000,0.048,3810000000,0.002,,2790000000,,543.96,,,,,,,,,,,,,,,,0.221,,,,,,true,true,12,2019-04-01,2020-03-31,1
2019-05-10,77230,2019-03-31,,46792000000,-0.011,,,,,2938000000,-0.110,3589000000,-0.041,2652000000,,-0.026,517.95,512.47,,,,,51523000000,28554000000,0.552,5543.51,28432000000,,,,,130.00,,,,5140000,10953,5121252,false,false,12,2018-04-01,2019-03-31,0
2019-05-10,77230,2018-03-31,,47320000000,0.061,,,,,3301000000,0.324,3741000000,0.316,2722000000,,0.276,531.78,526.43,,,,,50078000000,26718000000,0.531,5198.17,26593000000,,,,,120.00,,,,5140000,24157,5119251,false,false,12,2017-04-01,2018-03-31,-1
2019-05-10,77230,2020-03-31,,,,,,,,,,,,,,,,,,,,,,,,,,,,,,120.00,,,,,,,false,true,12,2019-04-01,2020-03-31,1
2019-08-01,77230,2020-03-31,1,10904000000,-0.000,,,,,381000000,-0.277,504000000,-0.245,,374000000,,72.92,72.24,,,,,50712000000,28767000000,0.565,5585.17,28646000000,,,,,,,,,,,,true,false,3,2019-04-01,2019-06-30,0
2019-08-01,77230,2019-03-31,1,10905000000,0.033,,,,,527000000,0.170,667000000,0.223,,486000000,,95.07,94.07,,,,,,,,,,,,,,,,,,,,,true,false,3,2018-04-01,2018-06-30,-1
2019-08-01,77230,2020-03-31,1,23750000000,0.047,,,,,1270000000,0.006,1410000000,-0.045,,1030000000,,200.82,,,,,,,,,,,,,,,,,,,,,,true,true,6,2019-04-01,2019-09-30,0
2019-08-01,77230,2020-03-31,1,48100000000,0.029,,,,,3580000000,0.048,3810000000,0.002,,2790000000,,543.96,,,,,,,,,,,,,,,,,,,,,,true,true,12,2019-04-01,2020-03-31,0
2019-08-01,77230,2019-03-31,1,,,,,,,,,,,,,,,,,,,,52882000000,29243000000,0.551,5677.84,29121000000,,,,,,,,,,,,true,false,12,2018-04-01,2019-03-31,-1
2019-08-01,77230,2019-03-31,1,,,,,,,,,,,,,,,,,,,,,,,,,,,,,130.00,,,,5140000,10953,,false,false,12,2018-04-01,2019-03-31,-1
2019-08-01,77230,2020-03-31,1,,,,,,,,,,,,,,,,,,,,,,,,,,,,,120.00,,,,,,,false,true,12,2019-04-01,2020-03-31,0
2019-08-01,77230,2020-03-31,1,,,,,,,,,,,,,,,,,,,,,,,,,,,,,,,,,5140000,10997,5129011,false,false,3,2019-04-01,2019-06-30,0
2019-08-01,77230,2019-03-31,1,,,,,,,,,,,,,,,,,,,,,,,,,,,,,,,,,,,5115816,false,false,3,2018-04-01,2018-06-30,-1
2019-11-01,77230,2020-03-31,2,23737000000,0.046,,,,,1400000000,0.109,1534000000,0.039,,1162000000,,226.55,224.29,,,,,51954000000,29742000000,0.570,5767.27,29610000000,,,,,,,,,,,,true,false,6,2019-04-01,2019-09-30,0
2019-11-01,77230,2019-03-31,2,22692000000,0.007,,,,,1262000000,-0.081,1476000000,-0.028,,1086000000,,212.21,209.82,,,,,,,,,,,,,,,,,,,,,true,false,6,2018-04-01,2018-09-30,-1
2019-11-01,77230,2020-03-31,2,48100000000,0.029,,,,,3580000000,0.048,3810000000,0.002,,2790000000,,543.96,,,,,,,,,,,,,,,,,,,,,,true,true,12,2019-04-01,2020-03-31,0
2019-11-01,77230,2019-03-31,2,,,,,,,,,,,,,,,,,,,,52882000000,29243000000,0.551,5677.84,29121000000,,,,,,,,,,,,true,false,12,2018-04-01,2019-03-31,-1
2019-11-01,77230,2019-03-31,2,,,,,,,,,,,,,,,,,,,,,,,,,,,,,130.00,,,,5140000,10953,,false,false,12,2018-04-01,2019-03-31,-1
2019-11-01,77230,2020-03-31,2,,,,,,,,,,,,,,,,,,,,,,,,,,,,,50.00,,,,,,,false,false,12,2019-04-01,2020-03-31,0
2019-11-01,77230,2020-03-31,2,,,,,,,,,,,,,,,,,,,,,,,,,,,,,120.00,,,,,,,false,true,12,2019-04-01,2020-03-31,0
2019-11-01,77230,2020-03-31,2,,,,,,,,,,,,,,,,,,,,,,,,,,,,,,,,,5140000,5802,5129872,false,false,6,2019-04-01,2019-09-30,0
2019-11-01,77230,2019-03-31,2,,,,,,,,,,,,,,,,,,,,,,,,,,,,,,,,,,,5118579,false,false,6,2018-04-01,2018-09-30,-1
2020-01-31,77230,2020-03-31,3,33555000000,0.018,,,,,1740000000,-0.095,1967000000,-0.116,,1471000000,,286.82,283.98,,,,,51191000000,30279000000,0.589,5871.14,30149000000,,,,,,,,,,,,true,false,9,2019-04-01,2019-12-31,0
2020-01-31,77230,2019-03-31,3,32949000000,0.007,,,,,1923000000,-0.104,2227000000,-0.064,,1704000000,,332.86,329.03,,,,,,,,,,,,,,,,,,,,,true,false,9,2018-04-01,2018-12-31,-1
2020-01-31,77230,2020-03-31,3,48100000000,0.029,,,,,3580000000,0.048,3810000000,0.002,,2790000000,,543.96,,,,,,,,,,,,,,,,,,,,,,true,true,12,2019-04-01,2020-03-31,0
2020-01-31,77230,2019-03-31,3,,,,,,,,,,,,,,,,,,,,52882000000,29243000000,0.551,5677.84,29121000000,,,,,,,,,,,,true,false,12,2018-04-01,2019-03-31,-1
2020-01-31,77230,2019-03-31,3,,,,,,,,,,,,,,,,,,,,,,,,,,,,,130.00,,,,5140000,10953,,false,false,12,2018-04-01,2019-03-31,-1
2020-01-31,77230,2020-03-31,3,,,,,,,,,,,,,,,,,,,,,,,,,,,,,50.00,,,,,,,false,false,12,2019-04-01,2020-03-31,0
2020-01-31,77230,2020-03-31,3,,,,,,,,,,,,,,,,,,,,,,,,,,,,,120.00,,,,,,,false,true,12,2019-04-01,2020-03-31,0
2020-01-31,77230,2020-03-31,3,,,,,,,,,,,,,,,,,,,,,,,,,,,,,,,,,5140000,4852,5131420,false,false,9,2019-04-01,2019-12-31,0
2020-01-31,77230,2019-03-31,3,,,,,,,,,,,,,,,,,,,,,,,,,,,,,,,,,,,5119500,false,false,9,2018-04-01,2018-12-31,-1
2020-05-11,77230,2020-03-31,,48118000000,0.030,,,,,2985000000,-0.126,3215000000,-0.155,,2354000000,,458.68,454.18,0.079,0.061,0.062,,52434000000,30318000000,0.576,5878.00,30190000000,3739000000,-900000000,-1856000000,7562000000,,0.262,,,,,,true,false,12,2019-04-01,2020-03-31,0
2020-05-11,77230,2019-03-31,,46722000000,-0.012,,,,,3414000000,-0.079,3803000000,-0.017,,2829000000,,552.49,546.64,0.101,0.073,0.073,,52882000000,29243000000,0.551,5677.84,29121000000,3782000000,-2279000000,-779000000,6543000000,,0.235,,,,,,true,false,12,2018-04-01,2019-03-31,-1
2020-05-11,77230,2020-03-31,,47913000000,0.024,,,,,2436000000,-0.171,2720000000,-0.242,1942000000,,-0.268,378.40,374.69,,,,,50650000000,29349000000,0.577,5689.46,29222000000,,,,,120.00,,,,5140000,3767,5132533,false,false,12,2019-04-01,2020-03-31,0
2020-05-11,77230,2019-03-31,,46792000000,-0.011,,,,,2938000000,-0.110,3589000000,-0.041,2652000000,,-0.026,517.95,512.47,,,,,51523000000,28554000000,0.552,5543.51,28432000000,,,,,130.00,,,,5140000,10953,5121252,false,false,12,2018-04-01,2019-03-31,-1
2020-08-03,77230,2021-03-31,1,10181000000,-0.066,,,,,309000000,-0.188,467000000,-0.073,,360000000,,70.44,69.77,,,,,51120000000,30689000000,0.598,5999.61,30562000000,,,,,,,,,,,,true,false,3,2020-04-01,2020-06-30,0
2020-08-03,77230,2020-03-31,1,10904000000,-0.000,,,,,381000000,-0.277,504000000,-0.245,,374000000,,72.92,72.24,,,,,,,,,,,,,,,,,,,,,true,false,3,2019-04-01,2019-06-30,-1
2020-08-03,77230,2021-03-31,1,45040000000,-0.064,,,,,2480000000,-0.169,2750000000,-0.145,,2020000000,,396.54,,,,,,,,,,,,,,,,,,,,,,true,true,12,2020-04-01,2021-03-31,0
2020-08-03,77230,2020-03-31,1,,,,,,,,,,,,,,,,,,,,52434000000,30318000000,0.576,5878.00,30190000000,,,,,,,,,,,,true,false,12,2019-04-01,2020-03-31,-1
2020-08-03,77230,2020-03-31,1,,,,,,,,,,,,,,,,,,,,,,,,,,,,,120.00,,,,5140000,3767,,false,false,12,2019-04-01,2020-03-31,-1
2020-08-03,77230,2021-03-31,1,,,,,,,,,,,,,,,,,,,,,,,,,,,,,110.00,,,,,,,false,true,12,2020-04-01,2021-03-31,0
2020-08-03,77230,2021-03-31,1,,,,,,,,,,,,,,,,,,,,,,,,,,,,,,,,,5140000,45961,5122139,false,false,3,2020-04-01,2020-06-30,0
2020-08-03,77230,2020-03-31,1,,,,,,,,,,,,,,,,,,,,,,,,,,,,,,,,,,,5129011,false,false,3,2019-04-01,2019-06-30,-1
2020-11-02,77230,2021-03-31,2,21502000000,-0.094,,,,,879000000,-0.372,1047000000,-0.317,,966000000,,189.30,187.76,,,,,51967000000,31225000000,0.601,6089.56,31210000000,,,,,,,,,,,,true,false,6,2020-04-01,2020-09-30,0
2020-11-02,77230,2020-03-31,2,23737000000,0.046,,,,,1400000000,0.109,1534000000,0.039,,1162000000,,226.55,224.29,,,,,,,,,,,,,,,,,,,,,true,false,6,2019-04-01,2019-09-30,-1
2020-11-02,77230,2021-03-31,2,45040000000,-0.064,,,,,2480000000,-0.169,2750000000,-0.145,,2020000000,,396.54,,,,,,,,,,,,,,,,,,,,,,true,true,12,2020-04-01,2021-03-31,0
2020-11-02,77230,2020-03-31,2,,,,,,,,,,,,,,,,,,,,52434000000,30318000000,0.576,5878.00,30190000000,,,,,,,,,,,,true,false,12,2019-04-01,2020-03-31,-1
2020-11-02,77230,2020-03-31,2,,,,,,,,,,,,,,,,,,,,,,,,,,,,,120.00,,,,5140000,3767,,false,false,12,2019-04-01,2020-03-31,-1
2020-11-02,77230,2021-03-31,2,,,,,,,,,,,,,,,,,,,,,,,,,,,,,50.00,,,,,,,false,false,12,2020-04-01,2021-03-31,0
2020-11-02,77230,2021-03-31,2,,,,,,,,,,,,,,,,,,,,,,,,,,,,,110.00,,,,,,,false,true,12,2020-04-01,2021-03-31,0
2020-11-02,77230,2021-03-31,2,,,,,,,,,,,,,,,,,,,,,,,,,,,,,,,,,5140000,14761,5107922,false,false,6,2020-04-01,2020-09-30,0
2020-11-02,77230,2020-03-31,2,,,,,,,,,,,,,,,,,,,,,,,,,,,,,,,,,,,5129872,false,false,6,2019-04-01,2019-09-30,-1
2021-02-02,77230,2021-03-31,3,31529000000,-0.060,,,,,1333000000,-0.234,1548000000,-0.213,,1581000000,,309.18,307.40,,,,,52523000000,32111000000,0.611,6262.34,32095000000,,,,,,,,,,,,true,false,9,2020-04-01,2020-12-31,0
2021-02-02,77230,2020-03-31,3,33555000000,0.018,,,,,1740000000,-0.095,1967000000,-0.116,,1471000000,,286.82,283.98,,,,,,,,,,,,,,,,,,,,,true,false,9,2019-04-01,2019-12-31,-1
2021-02-02,77230,2021-03-31,3,45040000000,-0.064,,,,,2480000000,-0.169,2750000000,-0.145,,2020000000,,396.54,,,,,,,,,,,,,,,,,,,,,,true,true,12,2020-04-01,2021-03-31,0
2021-02-02,77230,2020-03-31,3,,,,,,,,,,,,,,,,,,,,52434000000,30318000000,0.576,5878.00,30190000000,,,,,,,,,,,,true,false,12,2019-04-01,2020-03-31,-1
2021-02-02,77230,2020-03-31,3,,,,,,,,,,,,,,,,,,,,,,,,,,,,,120.00,,,,5140000,3767,,false,false,12,2019-04-01,2020-03-31,-1
2021-02-02,77230,2021-03-31,3,,,,,,,,,,,,,,,,,,,,,,,,,,,,,50.00,,,,,,,false,false,12,2020-04-01,2021-03-31,0
2021-02-02,77230,2021-03-31,3,,,,,,,,,,,,,,,,,,,,,,,,,,,,,110.00,,,,,,,false,true,12,2020-04-01,2021-03-31,0
2021-02-02,77230,2021-03-31,3,,,,,,,,,,,,,,,,,,,,,,,,,,,,,,,,,5140000,14803,5113690,false,false,9,2020-04-01,2020-12-31,0
2021-02-02,77230,2020-03-31,3,,,,,,,,,,,,,,,,,,,,,,,,,,,,,,,,,,,5131420,false,false,9,2019-04-01,2019-12-31,-1
2021-04-28,77230,2021-03-31,,46220000000,0.026,,,,,3000000000,0.210,3290000000,0.196,,2980000000,,582.42,,,,,,,,,,,,,,,,,,,,,,true,true,12,2020-04-01,2021-03-31,0
2021-04-28,77230,2020-03-31,,48118000000,,,,,,2985000000,,3215000000,,,2354000000,,458.68,,,,,,,,,,,,,,,,,,,,,,true,false,12,2019-04-01,2020-03-31,-1
2021-05-11,77230,2021-03-31,,46225000000,-0.039,,,,,3002000000,0.006,3298000000,0.026,,2987000000,,583.95,581.27,0.093,0.060,0.065,,57167000000,34357000000,0.601,6700.65,34342000000,4192000000,-2423000000,-1022000000,8310000000,,0.223,,,,,,true,false,12,2020-04-01,2021-03-31,0
2021-05-11,77230,2020-03-31,,48118000000,0.030,,,,,2985000000,-0.126,3215000000,-0.155,,2354000000,,458.68,454.18,0.079,0.061,0.062,,52434000000,30318000000,0.576,5878.00,30190000000,3739000000,-900000000,-1856000000,7562000000,,0.262,,,,,,true,false,12,2019-04-01,2020-03-31,-1
2021-05-11,77230,2022-03-31,,46740000000,0.011,,,,,3260000000,0.086,3490000000,0.058,,2540000000,,495.59,,,,,,,,,,,,,,,,0.242,,,,,,true,true,12,2021-04-01,2022-03-31,1
2021-05-11,77230,2021-03-31,,46205000000,-0.036,,,,,2456000000,0.008,2961000000,0.089,2725000000,,0.403,532.64,530.20,,,,,54500000000,32223000000,0.591,6284.30,32208000000,,,,,130.00,,,,5140000,14811,5116565,false,false,12,2020-04-01,2021-03-31,0
2021-05-11,77230,2020-03-31,,47913000000,0.024,,,,,2436000000,-0.171,2720000000,-0.242,1942000000,,-0.268,378.40,374.69,,,,,50650000000,29349000000,0.577,5689.46,29222000000,,,,,120.00,,,,5140000,3767,5132533,false,false,12,2019-04-01,2020-03-31,-1
2021-05-11,77230,2022-03-31,,,,,,,,,,,,,,,,,,,,,,,,,,,,,,120.00,,,,,,,false,true,12,2021-04-01,2022-03-31,1
2021-07-30,77230,2022-03-31,1,10989000000,0.079,,,,,639000000,1.063,800000000,0.712,,582000000,,113.66,113.53,,,,,54953000000,34090000000,0.620,6648.48,34074000000,,,,,,,,,,,,true,false,3,2021-04-01,2021-06-30,0
2021-07-30,77230,2021-03-31,1,10181000000,-0.066,,,,,309000000,-0.188,467000000,-0.073,,360000000,,70.44,69.77,,,,,,,,,,,,,,,,,,,,,true,false,3,2020-04-01,2020-06-30,-1
2021-07-30,77230,2022-03-31,1,46740000000,0.011,,,,,3260000000,0.086,3490000000,0.058,,2540000000,,495.59,,,,,,,,,,,,,,,,,,,,,,true,true,12,2021-04-01,2022-03-31,0
2021-07-30,77230,2021-03-31,1,,,,,,,,,,,,,,,,,,,,57167000000,34357000000,0.601,6700.65,34342000000,,,,,,,,,,,,true,false,12,2020-04-01,2021-03-31,-1
2021-07-30,77230,2021-03-31,1,,,,,,,,,,,,,,,,,,,,,,,,,,,,,130.00,,,,5140000,14811,,false,false,12,2020-04-01,2021-03-31,-1
2021-07-30,77230,2022-03-31,1,,,,,,,,,,,,,,,,,,,,,,,,,,,,,120.00,,,,,,,false,true,12,2021-04-01,2022-03-31,0
2021-07-30,77230,2022-03-31,1,,,,,,,,,,,,,,,,,,,,,,,,,,,,,,,,,5140000,14811,5125189,false,false,3,2021-04-01,2021-06-30,0
2021-07-30,77230,2021-03-31,1,,,,,,,,,,,,,,,,,,,,,,,,,,,,,,,,,,,5122139,false,false,3,2020-04-01,2020-06-30,-1
2021-11-01,77230,2022-03-31,2,22568000000,0.050,,,,,1284000000,0.460,1480000000,0.413,,1119000000,,218.26,218.03,,,,,55479000000,34565000000,0.623,6734.29,34550000000,,,,,,,,,,,,true,false,6,2021-04-01,2021-09-30,0
2021-11-01,77230,2021-03-31,2,21502000000,-0.094,,,,,879000000,-0.372,1047000000,-0.317,,966000000,,189.30,187.76,,,,,,,,,,,,,,,,,,,,,true,false,6,2020-04-01,2020-09-30,-1
2021-11-01,77230,2022-03-31,2,46740000000,0.011,,,,,3260000000,0.086,3490000000,0.058,,2540000000,,495.59,,,,,,,,,,,,,,,,,,,,,,true,true,12,2021-04-01,2022-03-31,0
2021-11-01,77230,2021-03-31,2,,,,,,,,,,,,,,,,,,,,57167000000,34357000000,0.601,6700.65,34342000000,,,,,,,,,,,,true,false,12,2020-04-01,2021-03-31,-1
2021-11-01,77230,2021-03-31,2,,,,,,,,,,,,,,,,,,,,,,,,,,,,,130.00,,,,5140000,14811,,false,false,12,2020-04-01,2021-03-31,-1
2021-11-01,77230,2022-03-31,2,,,,,,,,,,,,,,,,,,,,,,,,,,,,,50.00,,,,,,,false,false,12,2021-04-01,2022-03-31,0
2021-11-01,77230,2022-03-31,2,,,,,,,,,,,,,,,,,,,,,,,,,,,,,120.00,,,,,,,false,true,12,2021-04-01,2022-03-31,0
2021-11-01,77230,2022-03-31,2,,,,,,,,,,,,,,,,,,,,,,,,,,,,,,,,,5140000,9495,5127853,false,false,6,2021-04-01,2021-09-30,0
2021-11-01,77230,2021-03-31,2,,,,,,,,,,,,,,,,,,,,,,,,,,,,,,,,,,,5107922,false,false,6,2020-04-01,2020-09-30,-1
,77230,2022-03-31,,,,,,,,,,,,,,,,,,,,,,,,,,,,,,24.00,,,,,,,false,true,12,2021-04-01,2022-03-31,0
,77230,2022-03-31,,,,,,,,,,,,,,,,,,,,,,,,,,,,,,50.00,,,,,,,false,false,12,2021-04-01,2022-03-31,0
,77230,2021-03-31,,,,,,,,,,,,,,,,,,,,,,,,,,,,,,130.00,,,,,,,false,false,12,2020-04-01,2021-03-31,-1
2022-01-31,77230,2022-03-31,3,33339000000,0.057,,,,,2189000000,0.642,2515000000,0.625,,1862000000,,363.08,362.69,,,,,49801000000,34166000000,0.686,,34151000000,,,,,,,,,,,,true,false,9,2021-04-01,2021-12-31,0
2022-01-31,77230,2021-03-31,3,31529000000,-0.060,,,,,1333000000,-0.234,1548000000,-0.213,,1581000000,,309.18,307.40,,,,,,,,,,,,,,,,,,,,,true,false,9,2020-04-01,2020-12-31,-1
2022-01-31,77230,2022-03-31,3,46740000000,0.011,,,,,3260000000,0.086,3490000000,0.058,,2540000000,,165.23,,,,,,,,,,,,,,,,,,,,,,true,true,12,2021-04-01,2022-03-31,0
2022-01-31,77230,2021-03-31,3,,,,,,,,,,,,,,,,,,,,57167000000,34357000000,0.601,,34342000000,,,,,,,,,,,,true,false,12,2020-04-01,2021-03-31,-1
2022-01-31,77230,2021-03-31,3,,,,,,,,,,,,,,,,,,,,,,,,,,,,,130.00,,,,5140000,14811,,false,false,12,2020-04-01,2021-03-31,-1
2022-01-31,77230,2022-03-31,3,,,,,,,,,,,,,,,,,,,,,,,,,,,,,50.00,,,,,,,false,false,12,2021-04-01,2022-03-31,0
2022-01-31,77230,2022-03-31,3,,,,,,,,,,,,,,,,,,,,,,,,,,,,,24.00,,,,,,,false,true,12,2021-04-01,2022-03-31,0
2022-01-31,77230,2022-03-31,3,,,,,,,,,,,,,,,,,,,,,,,,,,,,,,,,30.00,5140000,9618,5128713,false,false,9,2021-04-01,2021-12-31,0
2022-01-31,77230,2021-03-31,3,,,,,,,,,,,,,,,,,,,,,,,,,,,,,,,,,,,5113690,false,false,9,2020-04-01,2020-12-31,-1
2022-05-10,77230,2022-03-31,,46483000000,0.006,,,,,3287000000,0.095,3814000000,0.157,,2789000000,,181.43,181.24,0.080,0.070,0.071,,52227000000,35228000000,0.674,2296.49,35216000000,3115000000,2589000000,-5926000000,8277000000,,0.235,,,,,,true,false,12,2021-04-01,2022-03-31,0
2022-05-10,77230,2021-03-31,,46225000000,-0.039,,,,,3002000000,0.006,3298000000,0.026,,2987000000,,194.65,193.76,0.093,0.060,0.065,,57167000000,34357000000,0.601,2233.55,34342000000,4192000000,-2423000000,-1022000000,8310000000,,0.223,,,,,,true,false,12,2020-04-01,2021-03-31,-1
2022-05-10,77230,2023-03-31,,47270000000,0.017,,,,,2810000000,-0.145,3280000000,-0.140,,2380000000,,155.20,,,,,,,,,,,,,,,,0.271,,,,,,true,true,12,2022-04-01,2023-03-31,1
2022-05-10,77230,2022-03-31,,46359000000,0.003,,,,,2824000000,0.150,3699000000,0.249,2739000000,,0.005,178.18,178.00,,,,,48961000000,32381000000,0.661,2110.82,32368000000,,,,,26.00,,,30.00,15420000,85254,15372690,false,false,12,2021-04-01,2022-03-31,0
2022-05-10,77230,2021-03-31,,46205000000,-0.036,,,,,2456000000,0.008,2961000000,0.089,2725000000,,0.403,177.55,176.73,,,,,54500000000,32223000000,0.591,2094.77,32208000000,,,,,130.00,,,,15420000,44433,15349694,false,false,12,2020-04-01,2021-03-31,-1
2022-05-10,77230,2023-03-31,,,,,,,,,,,,,,,,,,,,,,,,,,,,,,42.00,,,,,,,false,true,12,2022-04-01,2023-03-31,1
2022-07-29,77230,2023-03-31,1,10622000000,-0.033,,,,,349000000,-0.454,664000000,-0.169,,464000000,,30.27,30.25,,,,,51589000000,35601000000,0.690,2320.82,35588000000,,,,,,,,,,,,true,false,3,2022-04-01,2022-06-30,0
2022-07-29,77230,2022-03-31,1,10989000000,0.079,,,,,639000000,1.063,800000000,0.712,,582000000,,37.89,37.84,,,,,,,,,,,,,,,,,,,,,true,false,3,2021-04-01,2021-06-30,-1
2022-07-29,77230,2023-03-31,1,47270000000,0.017,,,,,2810000000,-0.145,3280000000,-0.140,,2380000000,,155.20,,,,,,,,,,,,,,,,,,,,,,true,true,12,2022-04-01,2023-03-31,0
2022-07-29,77230,2022-03-31,1,,,,,,,,,,,,,,,,,,,,52227000000,35228000000,0.674,2296.49,35216000000,,,,,,,,,,,,true,false,12,2021-04-01,2022-03-31,-1
2022-07-29,77230,2022-03-31,1,,,,,,,,,,,,,,,,,,,,,,,,,,,,,26.00,,,,15420000,85254,,false,false,12,2021-04-01,2022-03-31,-1
2022-07-29,77230,2023-03-31,1,,,,,,,,,,,,,,,,,,,,,,,,,,,,,42.00,,,,,,,false,true,12,2022-04-01,2023-03-31,0
2022-07-29,77230,2023-03-31,1,,,,,,,,,,,,,,,,,,,,,,,,,,,,,,,,,15420000,85326,15334674,false,false,3,2022-04-01,2022-06-30,0
2022-07-29,77230,2022-03-31,1,,,,,,,,,,,,,,,,,,,,,,,,,,,,,,,,,,,15375567,false,false,3,2021-04-01,2021-06-30,-1
2022-11-01,77230,2023-03-31,2,23602000000,0.046,,,,,1017000000,-0.208,1479000000,-0.001,,1077000000,,70.19,70.13,,,,,52760000000,36349000000,0.689,,36337000000,,,,,,,,,,,,true,false,6,2022-04-01,2022-09-30,0
2022-11-01,77230,2022-03-31,2,22568000000,0.050,,,,,1284000000,0.460,1480000000,0.413,,1119000000,,72.75,72.68,,,,,,,,,,,,,,,,,,,,,true,false,6,2021-04-01,2021-09-30,-1
2022-11-01,77230,2023-03-31,2,49340000000,0.061,,,,,3050000000,-0.072,3730000000,-0.022,,2730000000,,177.73,,,,,,,,,,,,,,,,,,,,,,true,true,12,2022-04-01,2023-03-31,0
2022-11-01,77230,2022-03-31,2,,,,,,,,,,,,,,,,,,,,52227000000,35228000000,0.674,,35216000000,,,,,,,,,,,,true,false,12,2021-04-01,2022-03-31,-1
2022-11-01,77230,2022-03-31,2,,,,,,,,,,,,,,,,,,,,,,,,,,,,,26.00,,,,15420000,85254,,false,false,12,2021-04-01,2022-03-31,-1
2022-11-01,77230,2023-03-31,2,,,,,,,,,,,,,,,,,,,,,,,,,,,,,21.00,,,,,,,false,false,12,2022-04-01,2023-03-31,0
2022-11-01,77230,2023-03-31,2,,,,,,,,,,,,,,,,,,,,,,,,,,,,,42.00,,,,,,,false,true,12,2022-04-01,2023-03-31,0
2022-11-01,77230,2023-03-31,2,,,,,,,,,,,,,,,,,,,,,,,,,,,,,,,,,15420000,59726,15347474,false,false,6,2022-04-01,2022-09-30,0
2022-11-01,77230,2022-03-31,2,,,,,,,,,,,,,,,,,,,,,,,,,,,,,,,,,,,15383558,false,false,6,2021-04-01,2021-09-30,-1
2023-01-31,77230,2023-03-31,3,35312000000,0.059,,,,,1939000000,-0.114,2399000000,-0.046,,1756000000,,114.45,114.35,,,,,52539000000,36822000000,0.701,,36810000000,,,,,,,,,,,,true,false,9,2022-04-01,2022-12-31,0
2023-01-31,77230,2022-03-31,3,33339000000,0.057,,,,,2189000000,0.642,2515000000,0.625,,1862000000,,121.03,120.90,,,,,,,,,,,,,,,,,,,,,true,false,9,2021-04-01,2021-12-31,-1
2023-01-31,77230,2023-03-31,3,49340000000,0.061,,,,,3050000000,-0.072,3730000000,-0.022,,2730000000,,177.73,,,,,,,,,,,,,,,,,,,,,,true,true,12,2022-04-01,2023-03-31,0
2023-01-31,77230,2022-03-31,3,,,,,,,,,,,,,,,,,,,,52227000000,35228000000,0.674,,35216000000,,,,,,,,,,,,true,false,12,2021-04-01,2022-03-31,-1
2023-01-31,77230,2022-03-31,3,,,,,,,,,,,,,,,,,,,,,,,,,,,,,26.00,,,,15420000,85254,,false,false,12,2021-04-01,2022-03-31,-1
2023-01-31,77230,2023-03-31,3,,,,,,,,,,,,,,,,,,,,,,,,,,,,,21.00,,,,,,,false,false,12,2022-04-01,2023-03-31,0
2023-01-31,77230,2023-03-31,3,,,,,,,,,,,,,,,,,,,,,,,,,,,,,42.00,,,,,,,false,true,12,2022-04-01,2023-03-31,0
2023-01-31,77230,2023-03-31,3,,,,,,,,,,,,,,,,,,,,,,,,,,,,,,,,,15420000,59816,15351728,false,false,9,2022-04-01,2022-12-31,0
2023-01-31,77230,2022-03-31,3,,,,,,,,,,,,,,,,,,,,,,,,,,,,,,,,,,,15386139,false,false,9,2021-04-01,2021-12-31,-1
,77230,2023-03-31,,,,,,,,,,,,,,,,,,,,,,,,,,,,,,45.00,,,,,,,false,true,12,2022-04-01,2023-03-31,0
,77230,2023-03-31,,,,,,,,,,,,,,,,,,,,,,,,,,,,,,21.00,,,,,,,false,false,12,2022-04-01,2023-03-31,0
,77230,2022-03-31,,,,,,,,,,,,,,,,,,,,,,,,,,,,,,26.00,,,,,,,false,false,12,2021-04-01,2022-03-31,-1
2023-04-24,77230,2023-03-31,,50160000000,0.017,,,,,3970000000,0.302,4640000000,0.244,,3440000000,,224.93,,,,,,,,,,,,,,,,,,,,,,true,true,12,2022-04-01,2023-03-31,0
2023-04-24,77230,2022-03-31,,46483000000,,,,,,3287000000,,3814000000,,,2789000000,,181.43,,,,,,,,,,,,,,,,,,,,,,true,false,12,2021-04-01,2022-03-31,-1
2023-05-11,77230,2023-03-31,,50160000000,0.079,,,,,3980000000,0.211,4654000000,0.220,,3458000000,,225.41,225.24,0.094,0.086,0.079,,56318000000,38399000000,0.682,2510.14,38389000000,1876000000,-683000000,-828000000,8847000000,,0.244,,,,,,true,false,12,2022-04-01,2023-03-31,0
2023-05-11,77230,2022-03-31,,46483000000,0.006,,,,,3287000000,0.095,3814000000,0.157,,2789000000,,181.43,181.24,0.080,0.070,0.071,,52227000000,35228000000,0.674,2296.49,35216000000,3115000000,2589000000,-5926000000,8277000000,,0.235,,,,,,true,false,12,2021-04-01,2022-03-31,-1
2023-05-11,77230,2024-03-31,,51640000000,0.029,,,,,3600000000,-0.096,4110000000,-0.117,,2900000000,,189.62,,,,,,,,,,,,,,,,0.274,,,,,,true,true,12,2023-04-01,2024-03-31,1
2023-05-11,77230,2023-03-31,,50036000000,0.079,,,,,3430000000,0.214,4148000000,0.121,3046000000,,0.112,198.51,198.35,,,,,52156000000,34637000000,0.664,2264.16,34627000000,,,,,55.00,,3.00,,15420000,126216,15344801,false,false,12,2022-04-01,2023-03-31,0
2023-05-11,77230,2022-03-31,,46359000000,0.003,,,,,2824000000,0.150,3699000000,0.249,2739000000,,0.005,178.18,178.00,,,,,48961000000,32381000000,0.661,2110.82,32368000000,,,,,26.00,,,,15420000,85254,15372690,false,false,12,2021-04-01,2022-03-31,-1
2023-05-11,77230,2024-03-31,,,,,,,,,,,,,,,,,,,,,,,,,,,,,,52.00,,,,,,,false,true,12,2023-04-01,2024-03-31,1
2023-07-31,77230,2024-03-31,1,11023000000,0.038,,,,,661000000,0.895,952000000,0.433,,683000000,,44.69,44.66,,,,,54186000000,39115000000,0.722,2556.98,39105000000,,,,,,,,,,,,true,false,3,2023-04-01,2023-06-30,0
2023-07-31,77230,2023-03-31,1,10622000000,-0.033,,,,,349000000,-0.454,664000000,-0.169,,464000000,,30.27,30.25,,,,,,,,,,,,,,,,,,,,,true,false,3,2022-04-01,2022-06-30,-1
2023-07-31,77230,2024-03-31,1,51640000000,0.029,,,,,3600000000,-0.096,4110000000,-0.117,,2900000000,,189.62,,,,,,,,,,,,,,,,,,,,,,true,true,12,2023-04-01,2024-03-31,0
2023-07-31,77230,2023-03-31,1,,,,,,,,,,,,,,,,,,,,56318000000,38399000000,0.682,2510.14,38389000000,,,,,,,,,,,,true,false,12,2022-04-01,2023-03-31,-1
2023-07-31,77230,2023-03-31,1,,,,,,,,,,,,,,,,,,,,,,,,,,,,,55.00,,,,15420000,126216,,false,false,12,2022-04-01,2023-03-31,-1
2023-07-31,77230,2024-03-31,1,,,,,,,,,,,,,,,,,,,,,,,,,,,,,52.00,,,,,,,false,true,12,2023-04-01,2024-03-31,0
2023-07-31,77230,2024-03-31,1,,,,,,,,,,,,,,,,,,,,,,,,,,,,,,,,,15420000,126216,15293784,false,false,3,2023-04-01,2023-06-30,0
2023-07-31,77230,2023-03-31,1,,,,,,,,,,,,,,,,,,,,,,,,,,,,,,,,,,,15334674,false,false,3,2022-04-01,2022-06-30,-1
2023-11-02,77230,2024-03-31,2,24751000000,0.049,,,,,1810000000,0.780,2195000000,0.484,,1637000000,,106.83,106.77,,,,,56430000000,40762000000,0.722,,40754000000,,,,,,,,,,,,true,false,6,2023-04-01,2023-09-30,0
2023-11-02,77230,2023-03-31,2,23602000000,0.046,,,,,1017000000,-0.208,1479000000,-0.001,,1077000000,,70.19,70.13,,,,,,,,,,,,,,,,,,,,,true,false,6,2022-04-01,2022-09-30,-1
2023-11-02,77230,2024-03-31,2,51720000000,0.031,,,,,4030000000,0.012,4740000000,0.018,,3470000000,,225.98,,,,,,,,,,,,,,,,,,,,,,true,true,12,2023-04-01,2024-03-31,0
2023-11-02,77230,2023-03-31,2,,,,,,,,,,,,,,,,,,,,56318000000,38399000000,0.682,,38389000000,,,,,,,,,,,,true,false,12,2022-04-01,2023-03-31,-1
2023-11-02,77230,2023-03-31,2,,,,,,,,,,,,,,,,,,,,,,,,,,,,,55.00,,,,15420000,126216,,false,false,12,2022-04-01,2023-03-31,-1
2023-11-02,77230,2024-03-31,2,,,,,,,,,,,,,,,,,,,,,,,,,,,,,31.00,,,,,,,false,false,12,2023-04-01,2024-03-31,0
2023-11-02,77230,2024-03-31,2,,,,,,,,,,,,,,,,,,,,,,,,,,,,,62.00,,,,,,,false,true,12,2023-04-01,2024-03-31,0
2023-11-02,77230,2024-03-31,2,,,,,,,,,,,,,,,,,,,,,,,,,,,,,,,,,15420000,64916,15323734,false,false,6,2023-04-01,2023-09-30,0
2023-11-02,77230,2023-03-31,2,,,,,,,,,,,,,,,,,,,,,,,,,,,,,,,,,,,15347474,false,false,6,2022-04-01,2022-09-30,-1
2024-01-31,77230,2024-03-31,3,37290000000,0.056,,,,,2986000000,0.540,3399000000,0.417,,2544000000,,165.96,165.87,,,,,56301000000,41420000000,0.736,,41413000000,,,,,,,,,,,,true,false,9,2023-04-01,2023-12-31,0
2024-01-31,77230,2023-03-31,3,35312000000,0.059,,,,,1939000000,-0.114,2399000000,-0.046,,1756000000,,114.45,114.35,,,,,,,,,,,,,,,,,,,,,true,false,9,2022-04-01,2022-12-31,-1
2024-01-31,77230,2024-03-31,3,51720000000,0.031,,,,,4030000000,0.012,4740000000,0.018,,3470000000,,225.98,,,,,,,,,,,,,,,,,,,,,,true,true,12,2023-04-01,2024-03-31,0
2024-01-31,77230,2023-03-31,3,,,,,,,,,,,,,,,,,,,,56318000000,38399000000,0.682,,38389000000,,,,,,,,,,,,true,false,12,2022-04-01,2023-03-31,-1
2024-01-31,77230,2023-03-31,3,,,,,,,,,,,,,,,,,,,,,,,,,,,,,55.00,,,,15420000,126216,,false,false,12,2022-04-01,2023-03-31,-1
2024-01-31,77230,2024-03-31,3,,,,,,,,,,,,,,,,,,,,,,,,,,,,,31.00,,,,,,,false,false,12,2023-04-01,2024-03-31,0
2024-01-31,77230,2024-03-31,3,,,,,,,,,,,,,,,,,,,,,,,,,,,,,62.00,,,,,,,false,true,12,2023-04-01,2024-03-31,0
2024-01-31,77230,2024-03-31,3,,,,,,,,,,,,,,,,,,,,,,,,,,,,,,,,,15420000,64916,15334184,false,false,9,2023-04-01,2023-12-31,0
2024-01-31,77230,2023-03-31,3,,,,,,,,,,,,,,,,,,,,,,,,,,,,,,,,,,,15351728,false,false,9,2022-04-01,2022-12-31,-1
2024-05-10,77230,2024-03-31,,51225000000,0.021,,,,,3617000000,-0.091,4265000000,-0.084,,3174000000,,206.94,206.84,0.077,0.072,0.071,,61399000000,44159000000,0.719,2875.22,44154000000,1742000000,-1092000000,-1176000000,8572000000,,0.309,,,,,,true,false,12,2023-04-01,2024-03-31,0
2024-05-10,77230,2023-03-31,,50160000000,0.079,,,,,3980000000,0.211,4654000000,0.220,,3458000000,,225.41,225.24,0.094,0.086,0.079,,56318000000,38399000000,0.682,2510.14,38389000000,1876000000,-683000000,-828000000,8847000000,,0.244,,,,,,true,false,12,2022-04-01,2023-03-31,-1
2024-05-10,77230,2025-03-31,,53050000000,0.036,,,,,3600000000,-0.005,4300000000,0.008,,3160000000,,205.77,,,,,,,,,,,,,,,,0.340,,,,,,true,true,12,2024-04-01,2025-03-31,1
2024-05-10,77230,2024-03-31,,51110000000,0.021,,,,,3191000000,-0.070,4433000000,0.069,3412000000,,0.120,222.43,222.32,,,,,56644000000,38929000000,0.687,2534.61,38923000000,,,,,64.00,,,,15420000,63116,15339859,false,false,12,2023-04-01,2024-03-31,0
2024-05-10,77230,2023-03-31,,50036000000,0.079,,,,,3430000000,0.214,4148000000,0.121,3046000000,,0.112,198.51,198.35,,,,,52156000000,34637000000,0.664,2264.16,34627000000,,,,,55.00,,,,15420000,126216,15344801,false,false,12,2022-04-01,2023-03-31,-1
2024-05-10,77230,2025-03-31,,,,,,,,,,,,,,,,,,,,,,,,,,,,,,70.00,,,,,,,false,true,12,2024-04-01,2025-03-31,1
2024-07-31,77230,2025-03-31,1,11834000000,0.074,,,,,475000000,-0.282,723000000,-0.241,,500000000,,32.60,32.59,,,,,59876000000,44559000000,0.744,,44554000000,,,,,,,,,,,,true,false,3,2024-04-01,2024-06-30,0
2024-07-31,77230,2024-03-31,1,11023000000,0.038,,,,,661000000,0.895,952000000,0.433,,683000000,,44.69,44.66,,,,,,,,,,,,,,,,,,,,,true,false,3,2023-04-01,2023-06-30,-1
2024-07-31,77230,2025-03-31,1,53050000000,0.036,,,,,3600000000,-0.005,4300000000,0.008,,3160000000,,205.77,,,,,,,,,,,,,,,,,,,,,,true,true,12,2024-04-01,2025-03-31,0
2024-07-31,77230,2024-03-31,1,,,,,,,,,,,,,,,,,,,,61399000000,44159000000,0.719,,44154000000,,,,,,,,,,,,true,false,12,2023-04-01,2024-03-31,-1
2024-07-31,77230,2024-03-31,1,,,,,,,,,,,,,,,,,,,,,,,,,,,,,64.00,,,,15420000,63116,,false,false,12,2023-04-01,2024-03-31,-1
2024-07-31,77230,2025-03-31,1,,,,,,,,,,,,,,,,,,,,,,,,,,,,,70.00,,,,,,,false,true,12,2024-04-01,2025-03-31,0
2024-07-31,77230,2025-03-31,1,,,,,,,,,,,,,,,,,,,,,,,,,,,,,,,,,15420000,63191,15356809,false,false,3,2024-04-01,2024-06-30,0
2024-07-31,77230,2024-03-31,1,,,,,,,,,,,,,,,,,,,,,,,,,,,,,,,,,,,15293784,false,false,3,2023-04-01,2023-06-30,-1
2024-11-01,77230,2025-03-31,2,25588000000,0.034,,,,,1359000000,-0.249,1484000000,-0.324,,1060000000,,69.04,69.02,,,,,60151000000,44859000000,0.746,,44854000000,,,,,,,,,,,,true,false,6,2024-04-01,2024-09-30,0
2024-11-01,77230,2024-03-31,2,24751000000,0.049,,,,,1810000000,0.780,2195000000,0.484,,1637000000,,106.83,106.77,,,,,,,,,,,,,,,,,,,,,true,false,6,2023-04-01,2023-09-30,-1
2024-11-01,77230,2025-03-31,2,53050000000,0.036,,,,,3600000000,-0.005,4300000000,0.008,,3160000000,,205.77,,,,,,,,,,,,,,,,,,,,,,true,true,12,2024-04-01,2025-03-31,0
2024-11-01,77230,2024-03-31,2,,,,,,,,,,,,,,,,,,,,61399000000,44159000000,0.719,,44154000000,,,,,,,,,,,,true,false,12,2023-04-01,2024-03-31,-1
2024-11-01,77230,2024-03-31,2,,,,,,,,,,,,,,,,,,,,,,,,,,,,,64.00,,,,15420000,63116,,false,false,12,2023-04-01,2024-03-31,-1
2024-11-01,77230,2025-03-31,2,,,,,,,,,,,,,,,,,,,,,,,,,,,,,35.00,,,,,,,false,false,12,2024-04-01,2025-03-31,0
2024-11-01,77230,2025-03-31,2,,,,,,,,,,,,,,,,,,,,,,,,,,,,,70.00,,,,,,,false,true,12,2024-04-01,2025-03-31,0
2024-11-01,77230,2025-03-31,2,,,,,,,,,,,,,,,,,,,,,,,,,,,,,,,,,15420000,43022,15366893,false,false,6,2024-04-01,2024-09-30,0
2024-11-01,77230,2024-03-31,2,,,,,,,,,,,,,,,,,,,,,,,,,,,,,,,,,,,15323734,false,false,6,2023-04-01,2023-09-30,-1
2025-01-31,77230,2025-03-31,3,38918000000,0.044,,,,,2296000000,-0.231,2737000000,-0.195,,2002000000,,130.30,130.25,,,,,60395000000,45285000000,0.750,,45280000000,,,,,,,,,,,,true,false,9,2024-04-01,2024-12-31,0
2025-01-31,77230,2024-03-31,3,37290000000,0.056,,,,,2986000000,0.540,3399000000,0.417,,2544000000,,165.96,165.87,,,,,,,,,,,,,,,,,,,,,true,false,9,2023-04-01,2023-12-31,-1
2025-01-31,77230,2025-03-31,3,53050000000,0.036,,,,,3600000000,-0.005,4300000000,0.008,,3160000000,,205.77,,,,,,,,,,,,,,,,,,,,,,true,true,12,2024-04-01,2025-03-31,0
2025-01-31,77230,2024-03-31,3,,,,,,,,,,,,,,,,,,,,61399000000,44159000000,0.719,,44154000000,,,,,,,,,,,,true,false,12,2023-04-01,2024-03-31,-1
2025-01-31,77230,2024-03-31,3,,,,,,,,,,,,,,,,,,,,,,,,,,,,,64.00,,,,15420000,63116,,false,false,12,2023-04-01,2024-03-31,-1
2025-01-31,77230,2025-03-31,3,,,,,,,,,,,,,,,,,,,,,,,,,,,,,35.00,,,,,,,false,false,12,2024-04-01,2025-03-31,0
2025-01-31,77230,2025-03-31,3,,,,,,,,,,,,,,,,,,,,,,,,,,,,,70.00,,,,,,,false,true,12,2024-04-01,2025-03-31,0
2025-01-31,77230,2025-03-31,3,,,,,,,,,,,,,,,,,,,,,,,,,,,,,,,,,15420000,43022,15370255,false,false,9,2024-04-01,2024-12-31,0
2025-01-31,77230,2024-03-31,3,,,,,,,,,,,,,,,,,,,,,,,,,,,,,,,,,,,15334184,false,false,9,2023-04-01,2023-12-31,-1
2025-02-28,77230,2025-03-31,,54100000000,0.020,,,,,3700000000,0.028,4600000000,0.070,,3300000000,,214.53,,,,,,,,,,,,,,,,,,,,,,true,true,12,2024-04-01,2025-03-31,0
2025-02-28,77230,2024-03-31,,51225000000,,,,,,3617000000,,4265000000,,,3174000000,,206.94,,,,,,,,,,,,,,,,,,,,,,true,false,12,2023-04-01,2024-03-31,-1
2025-02-28,77230,2025-03-31,,,,,,,,,,,,,,,,,,,,,,,,,,,,,,75.00,,,,,,,false,true,12,2024-04-01,2025-03-31,0
2025-02-28,77230,2025-03-31,,,,,,,,,,,,,,,,,,,,,,,,,,,,,,35.00,,,,,,,false,false,12,2024-04-01,2025-03-31,0
2025-02-28,77230,2024-03-31,,,,,,,,,,,,,,,,,,,,,,,,,,,,,,64.00,,,,,,,false,false,12,2023-04-01,2024-03-31,-1
2025-05-09,77230,2025-03-31,,54286000000,0.060,,,,,3940000000,0.089,4764000000,0.117,,3533000000,,229.87,229.80,0.078,0.077,0.073,,62720000000,46789000000,0.746,3041.74,46789000000,1856000000,738000000,-1347000000,10009000000,,0.326,,,,,,true,false,12,2024-04-01,2025-03-31,0
2025-05-09,77230,2024-03-31,,51225000000,0.021,,,,,3617000000,-0.091,4265000000,-0.084,,3174000000,,206.94,206.84,0.077,0.072,0.071,,61399000000,44159000000,0.719,2875.22,44154000000,1742000000,-1092000000,-1176000000,8572000000,,0.309,,,,,,true,false,12,2023-04-01,2024-03-31,-1
2025-05-09,77230,2026-03-31,,56920000000,0.049,,,,,4610000000,0.170,5010000000,0.052,,3670000000,,238.58,,,,,,,,,,,,,,,,0.377,,,,,,true,true,12,2025-04-01,2026-03-31,1
2025-05-09,77230,2025-03-31,,54253000000,0.061,,,,,3402000000,0.066,4783000000,0.079,3666000000,,0.074,238.49,238.42,,,,,57751000000,41409000000,0.717,2692.04,41409000000,,,,,75.00,,,,15420000,37622,15372836,false,false,12,2024-04-01,2025-03-31,0
2025-05-09,77230,2024-03-31,,51110000000,0.021,,,,,3191000000,-0.070,4433000000,0.069,3412000000,,0.120,222.43,222.32,,,,,56644000000,38929000000,0.687,2534.61,38923000000,,,,,64.00,,,,15420000,63116,15339859,false,false,12,2023-04-01,2024-03-31,-1
2025-05-09,77230,2026-03-31,,,,,,,,,,,,,,,,,,,,,,,,,,,,,,90.00,,,,,,,false,true,12,2025-04-01,2026-03-31,1
