filing_date,code,fiscal_year_end,quarterly_period,net_sales,net_sales_change,revenue,revenue_change,operating_revenue,operating_revenue_change,operating_profit,operating_profit_change,ordinary_profit,ordinary_profit_change,net_income,net_income_of_parent,net_income_change,eps,diluted_eps,roe,roa,operating_profit_to_net_sales,operating_profit_to_revenue,total_assets,net_assets,equity_ratio,bps,owner_equity,operating_cash_flow,investing_cash_flow,financing_cash_flow,cash,dividend_per_share,payout_ratio,commemorative_dividend,extra_dividend,number_of_shares,number_of_treqsury_shares,avg_number_of_shares,is_consolidated,is_forecast,duration,period_start,period_end,period_pos
2015-07-31,77320,2016-03-31,1,27593000000,0.047,,,,,874000000,-0.496,790000000,-0.455,,249000000,,2.31,,,,,,164313000000,65632000000,0.392,596.37,64415000000,,,,,,,,,,,,true,false,3,2015-04-01,2015-06-30,0
2015-07-31,77320,2015-03-31,1,26354000000,0.095,,,,,1735000000,1.450,1452000000,1.221,,1015000000,,9.40,,,,,,,,,,,,,,,,,,,,,,true,false,3,2014-04-01,2014-06-30,-1
2015-07-31,77320,2016-03-31,1,67000000000,0.128,,,,,6000000000,0.016,5700000000,0.011,,3100000000,,28.70,,,,,,,,,,,,,,,,,,,,,,true,true,6,2015-04-01,2015-09-30,0
2015-07-31,77320,2016-03-31,1,150000000000,0.167,,,,,19000000000,0.184,17500000000,0.176,,10800000000,,99.99,,,,,,,,,,,,,,,,,,,,,,true,true,12,2015-04-01,2016-03-31,0
2015-07-31,77320,2015-03-31,1,,,,,,,,,,,,,,,,,,,,143181000000,64610000000,0.443,587.52,63460000000,,,,,,,,,,,,true,false,12,2014-04-01,2015-03-31,-1
2015-07-31,77320,2015-03-31,1,,,,,,,,,,,,,,,,,,,,,,,,,,,,,16.00,,,,108085842,72296,,false,false,12,2014-04-01,2015-03-31,-1
2015-07-31,77320,2016-03-31,1,,,,,,,,,,,,,,,,,,,,,,,,,,,,,24.00,,,,,,,false,true,12,2015-04-01,2016-03-31,0
2015-07-31,77320,2016-03-31,1,,,,,,,,,,,,,,,,,,,,,,,,,,,,,,,,,108085842,72602,108013366,false,false,3,2015-04-01,2015-06-30,0
2015-07-31,77320,2015-03-31,1,,,,,,,,,,,,,,,,,,,,,,,,,,,,,,,,,,,108014544,false,false,3,2014-04-01,2014-06-30,-1
2015-10-30,77320,2016-03-31,2,62933000000,0.059,,,,,4620000000,-0.218,4019000000,-0.287,,2426000000,,22.47,,,,,,163267000000,66003000000,0.395,596.40,64419000000,,,,,,,,,,,,true,false,6,2015-04-01,2015-09-30,0
2015-10-30,77320,2015-03-31,2,59402000000,0.125,,,,,5905000000,0.425,5640000000,0.396,,3489000000,,32.30,,,,,,,,,,,,,,,,,,,,,,true,false,6,2014-04-01,2014-09-30,-1
2015-10-30,77320,2016-03-31,2,143000000000,0.112,,,,,19000000000,0.184,17500000000,0.176,,10800000000,,99.99,,,,,,,,,,,,,,,,,,,,,,true,true,12,2015-04-01,2016-03-31,0
2015-10-30,77320,2015-03-31,2,,,,,,,,,,,,,,,,,,,,143181000000,64610000000,0.443,587.52,63460000000,,,,,,,,,,,,true,false,12,2014-04-01,2015-03-31,-1
2015-10-30,77320,2015-03-31,2,,,,,,,,,,,,,,,,,,,,,,,,,,,,,16.00,,,,108085842,72296,,false,false,12,2014-04-01,2015-03-31,-1
2015-10-30,77320,2016-03-31,2,,,,,,,,,,,,,,,,,,,,,,,,,,,,,12.00,,,,,,,false,false,12,2015-04-01,2016-03-31,0
2015-10-30,77320,2016-03-31,2,,,,,,,,,,,,,,,,,,,,,,,,,,,,,24.00,,,,,,,false,true,12,2015-04-01,2016-03-31,0
2015-10-30,77320,2016-03-31,2,,,,,,,,,,,,,,,,,,,,,,,,,,,,,,,,,108085842,72962,108013191,false,false,6,2015-04-01,2015-09-30,0
2015-10-30,77320,2015-03-31,2,,,,,,,,,,,,,,,,,,,,,,,,,,,,,,,,,,,108014332,false,false,6,2014-04-01,2014-09-30,-1
2016-01-29,77320,2016-03-31,3,91542000000,0.033,,,,,4244000000,-0.467,3288000000,-0.554,,1192000000,,11.04,,,,,,162516000000,63702000000,0.382,574.85,62091000000,,,,,,,,,,,,true,false,9,2015-04-01,2015-12-31,0
2016-01-29,77320,2015-03-31,3,88647000000,0.118,,,,,7963000000,0.388,7372000000,0.230,,4375000000,,40.50,,,,,,,,,,,,,,,,,,,,,,true,false,9,2014-04-01,2014-12-31,-1
2016-01-29,77320,2016-03-31,3,133000000000,0.034,,,,,12500000000,-0.221,11000000000,-0.261,,6000000000,,55.55,,,,,,,,,,,,,,,,,,,,,,true,true,12,2015-04-01,2016-03-31,0
2016-01-29,77320,2015-03-31,3,,,,,,,,,,,,,,,,,,,,143181000000,64610000000,0.443,587.52,63460000000,,,,,,,,,,,,true,false,12,2014-04-01,2015-03-31,-1
2016-01-29,77320,2015-03-31,3,,,,,,,,,,,,,,,,,,,,,,,,,,,,,16.00,,,,108085842,72296,,false,false,12,2014-04-01,2015-03-31,-1
2016-01-29,77320,2016-03-31,3,,,,,,,,,,,,,,,,,,,,,,,,,,,,,12.00,,,,,,,false,false,12,2015-04-01,2016-03-31,0
2016-01-29,77320,2016-03-31,3,,,,,,,,,,,,,,,,,,,,,,,,,,,,,24.00,,,,,,,false,true,12,2015-04-01,2016-03-31,0
2016-01-29,77320,2016-03-31,3,,,,,,,,,,,,,,,,,,,,,,,,,,,,,,,,,108085842,72994,108013088,false,false,9,2015-04-01,2015-12-31,0
2016-01-29,77320,2015-03-31,3,,,,,,,,,,,,,,,,,,,,,,,,,,,,,,,,,,,108014139,false,false,9,2014-04-01,2014-12-31,-1
2016-04-28,77320,2016-03-31,,130735000000,0.017,,,,,8803000000,-0.451,7366000000,-0.505,,4197000000,,38.97,,0.069,0.048,0.067,,166542000000,61143000000,0.350,550.04,58311000000,3979000000,-27100000000,22889000000,15499000000,,0.616,,,,,,true,false,12,2015-04-01,2016-03-31,0
2016-04-28,77320,2015-03-31,,128569000000,0.102,,,,,16041000000,0.367,14880000000,0.317,,8670000000,,80.27,,0.148,0.107,0.125,,143181000000,64610000000,0.443,587.52,63460000000,17143000000,-9192000000,-7602000000,16252000000,,0.199,,,,,,true,false,12,2014-04-01,2015-03-31,-1
2016-04-28,77320,2017-03-31,,61000000000,-0.031,,,,,3700000000,-0.199,3000000000,-0.254,,1400000000,,13.21,,,,,,,,,,,,,,,,,,,,,,true,true,6,2016-04-01,2016-09-30,1
2016-04-28,77320,2017-03-31,,130000000000,-0.006,,,,,10500000000,0.193,9000000000,0.222,,5000000000,,47.16,,,,,,,,,,,,,,,,0.339,,,,,,true,true,12,2016-04-01,2017-03-31,1
2016-04-28,77320,2016-03-31,,41989000000,-0.061,,,,,913000000,-0.732,3206000000,-0.298,3109000000,,0.086,28.87,,,,,,131244000000,54259000000,0.413,511.82,54259000000,,,,,24.00,,,,108085842,2073172,107705302,false,false,12,2015-04-01,2016-03-31,0
2016-04-28,77320,2015-03-31,,44716000000,0.032,,,,,3411000000,0.065,4571000000,-0.153,2862000000,,-0.337,26.50,,,,,,110525000000,55766000000,0.505,516.29,55766000000,,,,,16.00,,,,108085842,72296,108014002,false,false,12,2014-04-01,2015-03-31,-1
2016-04-28,77320,2017-03-31,,,,,,,,,,,,,,,,,,,,,,,,,,,,,,16.00,,,,,,,false,true,12,2016-04-01,2017-03-31,1
2016-07-29,77320,2017-03-31,1,26228000000,-0.049,,,,,736000000,-0.037,-439000000,,,-783000000,,-7.39,,,,,,153591000000,53700000000,0.333,482.27,51126000000,,,,,,,,,,,,true,false,3,2016-04-01,2016-06-30,0
2016-07-29,77320,2016-03-31,1,27593000000,0.047,,,,,764000000,-0.560,680000000,-0.531,,139000000,,1.29,,,,,,,,,,,,,,,,,,,,,,true,false,3,2015-04-01,2015-06-30,-1
2016-07-29,77320,2017-03-31,1,61000000000,-0.031,,,,,3700000000,-0.172,3000000000,-0.224,,1400000000,,13.21,,,,,,,,,,,,,,,,,,,,,,true,true,6,2016-04-01,2016-09-30,0
2016-07-29,77320,2017-03-31,1,130000000000,-0.006,,,,,10500000000,0.193,9000000000,0.222,,5000000000,,47.16,,,,,,,,,,,,,,,,,,,,,,true,true,12,2016-04-01,2017-03-31,0
2016-07-29,77320,2016-03-31,1,,,,,,,,,,,,,,,,,,,,166542000000,61143000000,0.350,550.04,58311000000,,,,,,,,,,,,true,false,12,2015-04-01,2016-03-31,-1
2016-07-29,77320,2016-03-31,1,,,,,,,,,,,,,,,,,,,,,,,,,,,,,24.00,,,,108085842,2073172,,false,false,12,2015-04-01,2016-03-31,-1
2016-07-29,77320,2017-03-31,1,,,,,,,,,,,,,,,,,,,,,,,,,,,,,16.00,,,,,,,false,true,12,2016-04-01,2017-03-31,0
2016-07-29,77320,2017-03-31,1,,,,,,,,,,,,,,,,,,,,,,,,,,,,,,,,,108085842,2073172,106012670,false,false,3,2016-04-01,2016-06-30,0
2016-07-29,77320,2016-03-31,1,,,,,,,,,,,,,,,,,,,,,,,,,,,,,,,,,,,108013366,false,false,3,2015-04-01,2015-06-30,-1
2016-10-28,77320,2017-03-31,2,57939000000,-0.079,,,,,3757000000,-0.159,2233000000,-0.422,,634000000,,5.98,,,,,,147331000000,54570000000,0.354,491.55,52110000000,,,,,,,,,,,,true,false,6,2016-04-01,2016-09-30,0
2016-10-28,77320,2016-03-31,2,62933000000,0.059,,,,,4466000000,-0.244,3866000000,-0.315,,2272000000,,21.04,,,,,,,,,,,,,,,,,,,,,,true,false,6,2015-04-01,2015-09-30,-1
2016-10-28,77320,2017-03-31,2,125000000000,-0.044,,,,,9500000000,0.079,7500000000,0.018,,4200000000,,39.62,,,,,,,,,,,,,,,,,,,,,,true,true,12,2016-04-01,2017-03-31,0
2016-10-28,77320,2016-03-31,2,,,,,,,,,,,,,,,,,,,,166542000000,61143000000,0.350,550.04,58311000000,,,,,,,,,,,,true,false,12,2015-04-01,2016-03-31,-1
2016-10-28,77320,2016-03-31,2,,,,,,,,,,,,,,,,,,,,,,,,,,,,,24.00,,,,108085842,2073172,,false,false,12,2015-04-01,2016-03-31,-1
2016-10-28,77320,2017-03-31,2,,,,,,,,,,,,,,,,,,,,,,,,,,,,,8.00,,,,,,,false,false,12,2016-04-01,2017-03-31,0
2016-10-28,77320,2017-03-31,2,,,,,,,,,,,,,,,,,,,,,,,,,,,,,16.00,,,,,,,false,true,12,2016-04-01,2017-03-31,0
2016-10-28,77320,2017-03-31,2,,,,,,,,,,,,,,,,,,,,,,,,,,,,,,,,,108085842,2073264,106012643,false,false,6,2016-04-01,2016-09-30,0
2016-10-28,77320,2016-03-31,2,,,,,,,,,,,,,,,,,,,,,,,,,,,,,,,,,,,108013191,false,false,6,2015-04-01,2015-09-30,-1
2016-10-28,77320,2017-03-31,,125000000000,-0.038,,,,,9500000000,-0.095,7500000000,-0.167,4200000000,,-0.160,39.62,,,,,,,,,,,,,,,,,,,,,,true,true,12,2016-04-01,2017-03-31,0
2016-10-28,77320,2016-03-31,,130735000000,,,,,,8803000000,,7366000000,,4197000000,,,38.97,,,,,,,,,,,,,,,,,,,,,,true,false,12,2015-04-01,2016-03-31,-1
2017-01-31,77320,2017-03-31,3,87422000000,-0.045,,,,,4412000000,0.063,3009000000,-0.058,,878000000,,8.29,,,,,,158390000000,60615000000,0.364,543.78,57647000000,,,,,,,,,,,,true,false,9,2016-04-01,2016-12-31,0
2017-01-31,77320,2016-03-31,3,91542000000,0.033,,,,,4150000000,-0.479,3194000000,-0.567,,1098000000,,10.17,,,,,,,,,,,,,,,,,,,,,,true,false,9,2015-04-01,2015-12-31,-1
2017-01-31,77320,2017-03-31,3,125000000000,-0.044,,,,,9500000000,0.079,7500000000,0.018,,4200000000,,39.62,,,,,,,,,,,,,,,,,,,,,,true,true,12,2016-04-01,2017-03-31,0
2017-01-31,77320,2016-03-31,3,,,,,,,,,,,,,,,,,,,,166542000000,61143000000,0.350,550.04,58311000000,,,,,,,,,,,,true,false,12,2015-04-01,2016-03-31,-1
2017-01-31,77320,2016-03-31,3,,,,,,,,,,,,,,,,,,,,,,,,,,,,,24.00,,,,108085842,2073172,,false,false,12,2015-04-01,2016-03-31,-1
2017-01-31,77320,2017-03-31,3,,,,,,,,,,,,,,,,,,,,,,,,,,,,,8.00,,,,,,,false,false,12,2016-04-01,2017-03-31,0
2017-01-31,77320,2017-03-31,3,,,,,,,,,,,,,,,,,,,,,,,,,,,,,16.00,,,,,,,false,true,12,2016-04-01,2017-03-31,0
2017-01-31,77320,2017-03-31,3,,,,,,,,,,,,,,,,,,,,,,,,,,,,,,,,,108085842,2073304,106012620,false,false,9,2016-04-01,2016-12-31,0
2017-01-31,77320,2016-03-31,3,,,,,,,,,,,,,,,,,,,,,,,,,,,,,,,,,,,108013088,false,false,9,2015-04-01,2015-12-31,-1
2017-04-28,77320,2017-03-31,,128387000000,-0.018,,,,,9551000000,0.085,7622000000,0.035,,4395000000,,41.46,,0.074,0.047,0.074,,158280000000,63313000000,0.377,563.30,59716000000,18192000000,-4954000000,-13807000000,14703000000,,0.386,,,,,,true,false,12,2016-04-01,2017-03-31,0
2017-04-28,77320,2016-03-31,,130735000000,0.017,,,,,8803000000,-0.451,7366000000,-0.505,,4197000000,,38.97,,0.069,0.048,0.067,,166542000000,61143000000,0.350,550.04,58311000000,4180000000,-27301000000,22889000000,15499000000,,0.616,,,,,,true,false,12,2015-04-01,2016-03-31,-1
2017-04-28,77320,2018-03-31,,60000000000,0.036,,,,,4000000000,0.065,3000000000,0.343,,1200000000,,11.32,,,,,,,,,,,,,,,,,,,,,,true,true,6,2017-04-01,2017-09-30,1
2017-04-28,77320,2018-03-31,,131000000000,0.020,,,,,12000000000,0.256,10000000000,0.312,,5700000000,,53.77,,,,,,,,,,,,,,,,0.372,,,,,,true,true,12,2017-04-01,2018-03-31,1
2017-04-28,77320,2017-03-31,,42420000000,0.010,,,,,159000000,-0.825,1286000000,-0.599,1732000000,,-0.443,16.34,,,,,,127203000000,54293000000,0.427,512.14,54293000000,,,,,16.00,,,,108085842,2073390,106012589,false,false,12,2016-04-01,2017-03-31,0
2017-04-28,77320,2016-03-31,,41989000000,-0.061,,,,,913000000,-0.732,3206000000,-0.298,3109000000,,0.086,28.87,,,,,,131244000000,54259000000,0.413,511.82,54259000000,,,,,24.00,,,,108085842,2073172,107705302,false,false,12,2015-04-01,2016-03-31,-1
2017-04-28,77320,2018-03-31,,,,,,,,,,,,,,,,,,,,,,,,,,,,,,20.00,,,,,,,false,true,12,2017-04-01,2018-03-31,1
2017-07-28,77320,2018-03-31,1,31578000000,0.204,,,,,1321000000,0.794,1180000000,,,334000000,,3.16,,,,,,160859000000,64577000000,0.378,573.54,60802000000,,,,,,,,,,,,true,false,3,2017-04-01,2017-06-30,0
2017-07-28,77320,2017-03-31,1,26228000000,-0.049,,,,,736000000,-0.037,-439000000,,,-783000000,,-7.39,,,,,,,,,,,,,,,,,,,,,,true,false,3,2016-04-01,2016-06-30,-1
2017-07-28,77320,2018-03-31,1,62000000000,0.070,,,,,4000000000,0.065,3000000000,0.343,,1200000000,,11.32,,,,,,,,,,,,,,,,,,,,,,true,true,6,2017-04-01,2017-09-30,0
2017-07-28,77320,2018-03-31,1,133000000000,0.036,,,,,12000000000,0.256,10000000000,0.312,,5700000000,,53.77,,,,,,,,,,,,,,,,,,,,,,true,true,12,2017-04-01,2018-03-31,0
2017-07-28,77320,2017-03-31,1,,,,,,,,,,,,,,,,,,,,158280000000,63313000000,0.377,563.30,59716000000,,,,,,,,,,,,true,false,12,2016-04-01,2017-03-31,-1
2017-07-28,77320,2017-03-31,1,,,,,,,,,,,,,,,,,,,,,,,,,,,,,16.00,,,,108085842,2073390,,false,false,12,2016-04-01,2017-03-31,-1
2017-07-28,77320,2018-03-31,1,,,,,,,,,,,,,,,,,,,,,,,,,,,,,20.00,,,,,,,false,true,12,2017-04-01,2018-03-31,0
2017-07-28,77320,2018-03-31,1,,,,,,,,,,,,,,,,,,,,,,,,,,,,,,,,,108085842,2073506,106012376,false,false,3,2017-04-01,2017-06-30,0
2017-07-28,77320,2017-03-31,1,,,,,,,,,,,,,,,,,,,,,,,,,,,,,,,,,,,106012670,false,false,3,2016-04-01,2016-06-30,-1
2017-10-27,77320,2018-03-31,2,68046000000,0.174,,,,,4570000000,0.216,4088000000,0.831,,1867000000,,17.61,17.61,,,,,161205000000,67492000000,0.397,603.03,63928000000,,,,,,,,,,,,true,false,6,2017-04-01,2017-09-30,0
2017-10-27,77320,2017-03-31,2,57939000000,-0.079,,,,,3757000000,-0.159,2233000000,-0.422,,634000000,,5.98,,,,,,,,,,,,,,,,,,,,,,true,false,6,2016-04-01,2016-09-30,-1
2017-10-27,77320,2018-03-31,2,138000000000,0.075,,,,,12000000000,0.256,10000000000,0.312,,5700000000,,53.77,,,,,,,,,,,,,,,,,,,,,,true,true,12,2017-04-01,2018-03-31,0
2017-10-27,77320,2017-03-31,2,,,,,,,,,,,,,,,,,,,,158280000000,63313000000,0.377,563.30,59716000000,,,,,,,,,,,,true,false,12,2016-04-01,2017-03-31,-1
2017-10-27,77320,2017-03-31,2,,,,,,,,,,,,,,,,,,,,,,,,,,,,,16.00,,,,108085842,2073390,,false,false,12,2016-04-01,2017-03-31,-1
2017-10-27,77320,2018-03-31,2,,,,,,,,,,,,,,,,,,,,,,,,,,,,,10.00,,,,,,,false,false,12,2017-04-01,2018-03-31,0
2017-10-27,77320,2018-03-31,2,,,,,,,,,,,,,,,,,,,,,,,,,,,,,20.00,,,,,,,false,true,12,2017-04-01,2018-03-31,0
2017-10-27,77320,2018-03-31,2,,,,,,,,,,,,,,,,,,,,,,,,,,,,,,,,,108085842,2073506,106012358,false,false,6,2017-04-01,2017-09-30,0
2017-10-27,77320,2017-03-31,2,,,,,,,,,,,,,,,,,,,,,,,,,,,,,,,,,,,106012643,false,false,6,2016-04-01,2016-09-30,-1
2017-10-27,77320,2018-03-31,,138000000000,0.038,,,,,12000000000,,10000000000,,,5700000000,,53.77,,,,,,,,,,,,,,,,,,,,,,true,true,12,2017-04-01,2018-03-31,0
2017-10-27,77320,2017-03-31,,128387000000,,,,,,9551000000,,7622000000,,,4395000000,,41.46,,,,,,,,,,,,,,,,,,,,,,true,false,12,2016-04-01,2017-03-31,-1
2018-01-30,77320,2018-03-31,3,101660000000,0.163,,,,,6227000000,0.411,5319000000,0.768,,2946000000,,27.80,27.79,,,,,162800000000,69084000000,0.402,617.41,65453000000,,,,,,,,,,,,true,false,9,2017-04-01,2017-12-31,0
2018-01-30,77320,2017-03-31,3,87422000000,-0.045,,,,,4412000000,0.063,3009000000,-0.058,,878000000,,8.29,,,,,,,,,,,,,,,,,,,,,,true,false,9,2016-04-01,2016-12-31,-1
2018-01-30,77320,2018-03-31,3,138000000000,0.075,,,,,12000000000,0.256,10500000000,0.377,,5900000000,,55.65,,,,,,,,,,,,,,,,,,,,,,true,true,12,2017-04-01,2018-03-31,0
2018-01-30,77320,2017-03-31,3,,,,,,,,,,,,,,,,,,,,158280000000,63313000000,0.377,563.30,59716000000,,,,,,,,,,,,true,false,12,2016-04-01,2017-03-31,-1
2018-01-30,77320,2017-03-31,3,,,,,,,,,,,,,,,,,,,,,,,,,,,,,16.00,,,,108085842,2073390,,false,false,12,2016-04-01,2017-03-31,-1
2018-01-30,77320,2018-03-31,3,,,,,,,,,,,,,,,,,,,,,,,,,,,,,10.00,,,,,,,false,false,12,2017-04-01,2018-03-31,0
2018-01-30,77320,2018-03-31,3,,,,,,,,,,,,,,,,,,,,,,,,,,,,,20.00,,,,,,,false,true,12,2017-04-01,2018-03-31,0
2018-01-30,77320,2018-03-31,3,,,,,,,,,,,,,,,,,,,,,,,,,,,,,,,,,108085842,2073823,106012276,false,false,9,2017-04-01,2017-12-31,0
2018-01-30,77320,2017-03-31,3,,,,,,,,,,,,,,,,,,,,,,,,,,,,,,,,,,,106012620,false,false,9,2016-04-01,2016-12-31,-1
2018-04-27,77320,2018-03-31,,145558000000,0.134,,,,,12073000000,0.264,10674000000,0.400,,6028000000,,56.87,56.86,0.097,0.067,0.083,,160751000000,68336000000,0.405,614.78,65173000000,14541000000,-9053000000,-7258000000,12698000000,,0.352,,,,,,true,false,12,2017-04-01,2018-03-31,0
2018-04-27,77320,2017-03-31,,128387000000,-0.018,,,,,9551000000,0.085,7622000000,0.035,,4395000000,,41.46,,0.074,0.047,0.074,,158280000000,63313000000,0.377,563.30,59716000000,18192000000,-4954000000,-13807000000,14703000000,,0.386,,,,,,true,false,12,2016-04-01,2017-03-31,-1
2018-04-27,77320,2019-03-31,,70000000000,0.029,,,,,5000000000,0.094,4200000000,0.027,,2100000000,,19.81,,,,,,,,,,,,,,,,,,,,,,true,true,6,2018-04-01,2018-09-30,1
2018-04-27,77320,2019-03-31,,150000000000,0.031,,,,,15000000000,0.242,13000000000,0.218,,7000000000,,66.03,,,,,,,,,,,,,,,,0.363,,,,,,true,true,12,2018-04-01,2019-03-31,1
2018-04-27,77320,2018-03-31,,44894000000,0.058,,,,,834000000,4.230,3305000000,1.570,3215000000,,0.856,30.33,30.33,,,,,127725000000,56592000000,0.443,533.55,56562000000,,,,,20.00,,,,108085842,2074037,106012193,false,false,12,2017-04-01,2018-03-31,0
2018-04-27,77320,2017-03-31,,42420000000,0.010,,,,,159000000,-0.825,1286000000,-0.599,1732000000,,-0.443,16.34,,,,,,127203000000,54293000000,0.427,512.14,54293000000,,,,,16.00,,,,108085842,2073390,106012589,false,false,12,2016-04-01,2017-03-31,-1
2018-04-27,77320,2019-03-31,,,,,,,,,,,,,,,,,,,,,,,,,,,,,,24.00,,,,,,,false,true,12,2018-04-01,2019-03-31,1
2018-07-31,77320,2019-03-31,1,33406000000,0.058,,,,,1905000000,0.443,1601000000,0.357,,492000000,,4.64,4.64,,,,,163353000000,68862000000,0.402,619.67,65691000000,,,,,,,,,,,,true,false,3,2018-04-01,2018-06-30,0
2018-07-31,77320,2018-03-31,1,31578000000,0.204,,,,,1321000000,0.794,1180000000,,,334000000,,3.16,,,,,,,,,,,,,,,,,,,,,,true,false,3,2017-04-01,2017-06-30,-1
2018-07-31,77320,2019-03-31,1,70000000000,0.029,,,,,5000000000,0.094,4200000000,0.027,,2100000000,,19.81,,,,,,,,,,,,,,,,,,,,,,true,true,6,2018-04-01,2018-09-30,0
2018-07-31,77320,2019-03-31,1,150000000000,0.031,,,,,15000000000,0.242,13000000000,0.218,,7000000000,,66.03,,,,,,,,,,,,,,,,,,,,,,true,true,12,2018-04-01,2019-03-31,0
2018-07-31,77320,2018-03-31,1,,,,,,,,,,,,,,,,,,,,160747000000,68336000000,0.405,614.78,65173000000,,,,,,,,,,,,true,false,12,2017-04-01,2018-03-31,-1
2018-07-31,77320,2018-03-31,1,,,,,,,,,,,,,,,,,,,,,,,,,,,,,20.00,,,,108085842,2074037,,false,false,12,2017-04-01,2018-03-31,-1
2018-07-31,77320,2019-03-31,1,,,,,,,,,,,,,,,,,,,,,,,,,,,,,24.00,,,,,,,false,true,12,2018-04-01,2019-03-31,0
2018-07-31,77320,2019-03-31,1,,,,,,,,,,,,,,,,,,,,,,,,,,,,,,,,,108085842,2074037,106011805,false,false,3,2018-04-01,2018-06-30,0
2018-07-31,77320,2018-03-31,1,,,,,,,,,,,,,,,,,,,,,,,,,,,,,,,,,,,106012376,false,false,3,2017-04-01,2017-06-30,-1
2018-10-31,77320,2019-03-31,2,70271000000,0.033,,,,,5268000000,0.153,4742000000,0.160,,2146000000,,20.25,20.25,,,,,163203000000,72297000000,0.423,651.37,69065000000,,,,,,,,,,,,true,false,6,2018-04-01,2018-09-30,0
2018-10-31,77320,2018-03-31,2,68046000000,0.174,,,,,4570000000,0.216,4088000000,0.831,,1867000000,,17.61,17.61,,,,,,,,,,,,,,,,,,,,,true,false,6,2017-04-01,2017-09-30,-1
2018-10-31,77320,2019-03-31,2,150000000000,0.031,,,,,15000000000,0.242,13000000000,0.218,,7000000000,,66.03,,,,,,,,,,,,,,,,,,,,,,true,true,12,2018-04-01,2019-03-31,0
2018-10-31,77320,2018-03-31,2,,,,,,,,,,,,,,,,,,,,160747000000,68336000000,0.405,614.78,65173000000,,,,,,,,,,,,true,false,12,2017-04-01,2018-03-31,-1
2018-10-31,77320,2018-03-31,2,,,,,,,,,,,,,,,,,,,,,,,,,,,,,20.00,,,,108085842,2074037,,false,false,12,2017-04-01,2018-03-31,-1
2018-10-31,77320,2019-03-31,2,,,,,,,,,,,,,,,,,,,,,,,,,,,,,12.00,,,,,,,false,false,12,2018-04-01,2019-03-31,0
2018-10-31,77320,2019-03-31,2,,,,,,,,,,,,,,,,,,,,,,,,,,,,,24.00,,,,,,,false,true,12,2018-04-01,2019-03-31,0
2018-10-31,77320,2019-03-31,2,,,,,,,,,,,,,,,,,,,,,,,,,,,,,,,,,108105842,2074159,106017475,false,false,6,2018-04-01,2018-09-30,0
2018-10-31,77320,2018-03-31,2,,,,,,,,,,,,,,,,,,,,,,,,,,,,,,,,,,,106012358,false,false,6,2017-04-01,2017-09-30,-1
2019-01-30,77320,2019-03-31,3,103106000000,0.014,,,,,6758000000,0.085,5611000000,0.055,,2518000000,,23.75,23.75,,,,,157357000000,68613000000,0.415,616.54,65372000000,,,,,,,,,,,,true,false,9,2018-04-01,2018-12-31,0
2019-01-30,77320,2018-03-31,3,101660000000,0.163,,,,,6227000000,0.411,5319000000,0.768,,2946000000,,27.80,27.79,,,,,,,,,,,,,,,,,,,,,true,false,9,2017-04-01,2017-12-31,-1
2019-01-30,77320,2019-03-31,3,150000000000,0.031,,,,,15000000000,0.242,13000000000,0.218,,7000000000,,66.03,,,,,,,,,,,,,,,,,,,,,,true,true,12,2018-04-01,2019-03-31,0
2019-01-30,77320,2018-03-31,3,,,,,,,,,,,,,,,,,,,,160747000000,68336000000,0.405,614.78,65173000000,,,,,,,,,,,,true,false,12,2017-04-01,2018-03-31,-1
2019-01-30,77320,2018-03-31,3,,,,,,,,,,,,,,,,,,,,,,,,,,,,,20.00,,,,108085842,2074037,,false,false,12,2017-04-01,2018-03-31,-1
2019-01-30,77320,2019-03-31,3,,,,,,,,,,,,,,,,,,,,,,,,,,,,,12.00,,,,,,,false,false,12,2018-04-01,2019-03-31,0
2019-01-30,77320,2019-03-31,3,,,,,,,,,,,,,,,,,,,,,,,,,,,,,24.00,,,,,,,false,true,12,2018-04-01,2019-03-31,0
2019-01-30,77320,2019-03-31,3,,,,,,,,,,,,,,,,,,,,,,,,,,,,,,,,,108105842,2074391,106021701,false,false,9,2018-04-01,2018-12-31,0
2019-01-30,77320,2018-03-31,3,,,,,,,,,,,,,,,,,,,,,,,,,,,,,,,,,,,106012276,false,false,9,2017-04-01,2017-12-31,-1
2019-04-26,77320,2019-03-31,,148688000000,0.021,,,,,13596000000,0.126,11497000000,0.077,,6548000000,,61.76,61.75,0.098,0.072,0.091,,160288000000,71148000000,0.431,651.11,69037000000,14511000000,-6667000000,-7797000000,12935000000,,0.389,,,,,,true,false,12,2018-04-01,2019-03-31,0
2019-04-26,77320,2018-03-31,,145558000000,0.134,,,,,12073000000,0.264,10674000000,0.400,,6028000000,,56.87,56.86,0.097,0.067,0.083,,160747000000,68336000000,0.405,614.78,65173000000,14541000000,-9053000000,-7258000000,12698000000,,0.352,,,,,,true,false,12,2017-04-01,2018-03-31,-1
2019-04-26,77320,2020-03-31,,154000000000,0.036,,,,,14500000000,0.066,12500000000,0.087,,8000000000,,75.45,,,,,,,,,,,,,,,,0.371,,,,,,true,true,12,2019-04-01,2020-03-31,1
2019-04-26,77320,2019-03-31,,45976000000,0.024,,,,,2572000000,2.082,11456000000,2.466,4069000000,,0.266,38.38,38.37,,,,,127207000000,57508000000,0.452,541.93,57461000000,,,,,24.00,,,,108105842,2074411,106023948,false,false,12,2018-04-01,2019-03-31,0
2019-04-26,77320,2018-03-31,,44894000000,0.058,,,,,834000000,4.230,3305000000,1.570,3215000000,,0.856,30.33,30.33,,,,,127725000000,56592000000,0.443,533.55,56562000000,,,,,20.00,,,,108085842,2074037,106012193,false,false,12,2017-04-01,2018-03-31,-1
2019-04-26,77320,2020-03-31,,,,,,,,,,,,,,,,,,,,,,,,,,,,,,28.00,,,,,,,false,true,12,2019-04-01,2020-03-31,1
2019-04-26,77320,2019-03-31,,148688000000,0.021,,,,,13596000000,0.126,11497000000,0.077,,6548000000,,61.76,61.75,0.098,0.072,0.091,,160288000000,71148000000,0.431,651.11,69037000000,14511000000,-6667000000,-7797000000,12935000000,,0.389,,,,,,true,false,12,2018-04-01,2019-03-31,0
2019-04-26,77320,2018-03-31,,145558000000,0.134,,,,,12073000000,0.264,10674000000,0.400,,6028000000,,56.87,56.86,0.097,0.067,0.083,,160747000000,68336000000,0.405,614.78,65173000000,14541000000,-9053000000,-7258000000,12698000000,,0.352,,,,,,true,false,12,2017-04-01,2018-03-31,-1
2019-04-26,77320,2020-03-31,,154000000000,0.036,,,,,14500000000,0.066,12500000000,0.087,,8000000000,,75.45,,,,,,,,,,,,,,,,0.371,,,,,,true,true,12,2019-04-01,2020-03-31,1
2019-04-26,77320,2019-03-31,,45976000000,0.024,,,,,2572000000,2.082,5988000000,0.812,-1399000000,,,-13.20,,,,,,121738000000,52039000000,0.427,490.35,51992000000,,,,,24.00,,,,108105842,2074411,106023948,false,false,12,2018-04-01,2019-03-31,0
2019-04-26,77320,2018-03-31,,44894000000,0.058,,,,,834000000,4.230,3305000000,1.570,3215000000,,0.856,30.33,30.33,,,,,127725000000,56592000000,0.443,533.55,56562000000,,,,,20.00,,,,108085842,2074037,106012193,false,false,12,2017-04-01,2018-03-31,-1
2019-04-26,77320,2020-03-31,,,,,,,,,,,,,,,,,,,,,,,,,,,,,,28.00,,,,,,,false,true,12,2019-04-01,2020-03-31,1
2019-07-31,77320,2020-03-31,1,32747000000,-0.020,,,,,1009000000,-0.470,567000000,-0.646,,-375000000,,-3.54,,,,,,153864000000,67959000000,0.430,624.13,66177000000,,,,,,,,,,,,true,false,3,2019-04-01,2019-06-30,0
2019-07-31,77320,2019-03-31,1,33406000000,0.058,,,,,1905000000,0.443,1601000000,0.357,,492000000,,4.64,4.64,,,,,,,,,,,,,,,,,,,,,true,false,3,2018-04-01,2018-06-30,-1
2019-07-31,77320,2020-03-31,1,154000000000,0.036,,,,,14500000000,0.066,12500000000,0.087,,8000000000,,75.45,,,,,,,,,,,,,,,,,,,,,,true,true,12,2019-04-01,2020-03-31,0
2019-07-31,77320,2019-03-31,1,,,,,,,,,,,,,,,,,,,,160288000000,71148000000,0.431,651.11,69037000000,,,,,,,,,,,,true,false,12,2018-04-01,2019-03-31,-1
2019-07-31,77320,2019-03-31,1,,,,,,,,,,,,,,,,,,,,,,,,,,,,,24.00,,,,108105842,2074411,,false,false,12,2018-04-01,2019-03-31,-1
2019-07-31,77320,2020-03-31,1,,,,,,,,,,,,,,,,,,,,,,,,,,,,,28.00,,,,,,,false,true,12,2019-04-01,2020-03-31,0
2019-07-31,77320,2020-03-31,1,,,,,,,,,,,,,,,,,,,,,,,,,,,,,,,,,108105842,2074503,106031362,false,false,3,2019-04-01,2019-06-30,0
2019-07-31,77320,2019-03-31,1,,,,,,,,,,,,,,,,,,,,,,,,,,,,,,,,,,,106011805,false,false,3,2018-04-01,2018-06-30,-1
2019-10-31,77320,2020-03-31,2,69527000000,-0.011,,,,,3810000000,-0.277,2761000000,-0.418,,895000000,,8.47,8.47,,,,,152889000000,67347000000,0.429,624.23,65644000000,,,,,,,,,,,,true,false,6,2019-04-01,2019-09-30,0
2019-10-31,77320,2019-03-31,2,70271000000,0.033,,,,,5268000000,0.153,4742000000,0.160,,2146000000,,20.25,20.25,,,,,,,,,,,,,,,,,,,,,true,false,6,2018-04-01,2018-09-30,-1
2019-10-31,77320,2020-03-31,2,150000000000,0.009,,,,,12500000000,-0.081,10500000000,-0.087,,6000000000,,56.72,,,,,,,,,,,,,,,,,,,,,,true,true,12,2019-04-01,2020-03-31,0
2019-10-31,77320,2019-03-31,2,,,,,,,,,,,,,,,,,,,,160288000000,71148000000,0.431,651.11,69037000000,,,,,,,,,,,,true,false,12,2018-04-01,2019-03-31,-1
2019-10-31,77320,2019-03-31,2,,,,,,,,,,,,,,,,,,,,,,,,,,,,,24.00,,,,108105842,2074411,,false,false,12,2018-04-01,2019-03-31,-1
2019-10-31,77320,2020-03-31,2,,,,,,,,,,,,,,,,,,,,,,,,,,,,,14.00,,,,,,,false,false,12,2019-04-01,2020-03-31,0
2019-10-31,77320,2020-03-31,2,,,,,,,,,,,,,,,,,,,,,,,,,,,,,28.00,,,,,,,false,true,12,2019-04-01,2020-03-31,0
2019-10-31,77320,2020-03-31,2,,,,,,,,,,,,,,,,,,,,,,,,,,,,,,,,,108130842,2969025,105782914,false,false,6,2019-04-01,2019-09-30,0
2019-10-31,77320,2019-03-31,2,,,,,,,,,,,,,,,,,,,,,,,,,,,,,,,,,,,106017475,false,false,6,2018-04-01,2018-09-30,-1
2020-01-31,77320,2020-03-31,3,100724000000,-0.023,,,,,3062000000,-0.547,1771000000,-0.684,,254000000,,2.41,2.41,,,,,159466000000,66634000000,0.407,617.85,64974000000,,,,,,,,,,,,true,false,9,2019-04-01,2019-12-31,0
2020-01-31,77320,2019-03-31,3,103106000000,0.014,,,,,6758000000,0.085,5611000000,0.055,,2518000000,,23.75,23.75,,,,,,,,,,,,,,,,,,,,,true,false,9,2018-04-01,2018-12-31,-1
2020-01-31,77320,2020-03-31,3,147000000000,-0.011,,,,,10000000000,-0.265,8000000000,-0.304,,4300000000,,40.72,,,,,,,,,,,,,,,,,,,,,,true,true,12,2019-04-01,2020-03-31,0
2020-01-31,77320,2019-03-31,3,,,,,,,,,,,,,,,,,,,,160288000000,71148000000,0.431,651.11,69037000000,,,,,,,,,,,,true,false,12,2018-04-01,2019-03-31,-1
2020-01-31,77320,2019-03-31,3,,,,,,,,,,,,,,,,,,,,,,,,,,,,,24.00,,,,108105842,2074411,,false,false,12,2018-04-01,2019-03-31,-1
2020-01-31,77320,2020-03-31,3,,,,,,,,,,,,,,,,,,,,,,,,,,,,,14.00,,,,,,,false,false,12,2019-04-01,2020-03-31,0
2020-01-31,77320,2020-03-31,3,,,,,,,,,,,,,,,,,,,,,,,,,,,,,28.00,,,,,,,false,true,12,2019-04-01,2020-03-31,0
2020-01-31,77320,2020-03-31,3,,,,,,,,,,,,,,,,,,,,,,,,,,,,,,,,,108130842,2969103,105596566,false,false,9,2019-04-01,2019-12-31,0
2020-01-31,77320,2019-03-31,3,,,,,,,,,,,,,,,,,,,,,,,,,,,,,,,,,,,106021701,false,false,9,2018-04-01,2018-12-31,-1
2020-04-30,77320,2020-03-31,,139000000000,-0.054,,,,,5300000000,-0.470,3500000000,-0.563,,1000000000,,9.47,,,,,,,,,,,,,,,,,,,,,,true,true,12,2019-04-01,2020-03-31,0
2020-04-30,77320,2019-03-31,,148688000000,,,,,,13596000000,,11497000000,,,6548000000,,61.76,,,,,,,,,,,,,,,,,,,,,,true,false,12,2018-04-01,2019-03-31,-1
2020-05-21,77320,2020-03-31,,138916000000,-0.066,,,,,5381000000,-0.604,2895000000,-0.748,,935000000,,8.87,8.87,0.014,0.018,0.039,,161721000000,64659000000,0.390,600.03,63100000000,7636000000,-6806000000,2303000000,15784000000,,2.707,,,,,,true,false,12,2019-04-01,2020-03-31,0
2020-05-21,77320,2019-03-31,,148688000000,0.021,,,,,13596000000,0.126,11497000000,0.077,,6548000000,,61.76,61.75,0.098,0.072,0.091,,160288000000,71148000000,0.431,651.11,69037000000,14511000000,-6667000000,-7797000000,12935000000,,0.389,,,,,,true,false,12,2018-04-01,2019-03-31,-1
2020-05-21,77320,2020-03-31,,45817000000,-0.003,,,,,1531000000,-0.405,4735000000,-0.209,6346000000,,,60.15,60.15,,,,,113923000000,54355000000,0.477,516.32,54296000000,,,,,24.00,,,,108130842,2969179,105496203,false,false,12,2019-04-01,2020-03-31,0
2020-05-21,77320,2019-03-31,,45976000000,0.024,,,,,2572000000,2.082,5988000000,0.812,-1399000000,,,-13.20,,,,,,121738000000,52039000000,0.427,490.35,51992000000,,,,,24.00,,,,108105842,2074411,106023948,false,false,12,2018-04-01,2019-03-31,-1
,77320,2020-03-31,,,,,,,,,,,,,,,,,,,,,,,,,,,,,,24.00,,,,,,,false,true,12,2019-04-01,2020-03-31,0
,77320,2020-03-31,,,,,,,,,,,,,,,,,,,,,,,,,,,,,,14.00,,,,,,,false,false,12,2019-04-01,2020-03-31,0
,77320,2019-03-31,,,,,,,,,,,,,,,,,,,,,,,,,,,,,,24.00,,,,,,,false,false,12,2018-04-01,2019-03-31,-1
2020-07-31,77320,2021-03-31,1,24493000000,-0.252,,,,,-2322000000,,-3043000000,,,-2482000000,,-23.60,,,,,,167774000000,61575000000,0.358,571.27,60076000000,,,,,,,,,,,,true,false,3,2020-04-01,2020-06-30,0
2020-07-31,77320,2020-03-31,1,32747000000,-0.020,,,,,1009000000,-0.470,567000000,-0.646,,-375000000,,-3.54,,,,,,,,,,,,,,,,,,,,,,true,false,3,2019-04-01,2019-06-30,-1
2020-07-31,77320,2021-03-31,1,56000000000,-0.195,,,,,-1900000000,,-3100000000,,,-2600000000,,-24.72,,,,,,,,,,,,,,,,,,,,,,true,true,6,2020-04-01,2020-09-30,0
2020-07-31,77320,2021-03-31,1,128000000000,-0.079,,,,,3000000000,-0.443,1000000000,-0.655,,0,,0.00,,,,,,,,,,,,,,,,,,,,,,true,true,12,2020-04-01,2021-03-31,0
2020-07-31,77320,2020-03-31,1,,,,,,,,,,,,,,,,,,,,161721000000,64659000000,0.390,600.03,63100000000,,,,,,,,,,,,true,false,12,2019-04-01,2020-03-31,-1
2020-07-31,77320,2020-03-31,1,,,,,,,,,,,,,,,,,,,,,,,,,,,,,24.00,,,,108130842,2969179,,false,false,12,2019-04-01,2020-03-31,-1
2020-07-31,77320,2021-03-31,1,,,,,,,,,,,,,,,,,,,,,,,,,,,,,5.00,,,,,,,false,true,12,2020-04-01,2021-03-31,0
2020-07-31,77320,2021-03-31,1,,,,,,,,,,,,,,,,,,,,,,,,,,,,,,,,,108130842,2969179,105161663,false,false,3,2020-04-01,2020-06-30,0
2020-07-31,77320,2020-03-31,1,,,,,,,,,,,,,,,,,,,,,,,,,,,,,,,,,,,106031362,false,false,3,2019-04-01,2019-06-30,-1
2020-10-30,77320,2021-03-31,2,58465000000,-0.159,,,,,-768000000,,-1797000000,,,-2037000000,,-19.38,,,,,,154364000000,62240000000,0.394,578.03,60801000000,,,,,,,,,,,,true,false,6,2020-04-01,2020-09-30,0
2020-10-30,77320,2020-03-31,2,69527000000,-0.011,,,,,3810000000,-0.277,2761000000,-0.418,,895000000,,8.47,8.47,,,,,,,,,,,,,,,,,,,,,true,false,6,2019-04-01,2019-09-30,-1
2020-10-30,77320,2021-03-31,2,128000000000,-0.079,,,,,3000000000,-0.443,1000000000,-0.655,,0,,0.00,,,,,,,,,,,,,,,,,,,,,,true,true,12,2020-04-01,2021-03-31,0
2020-10-30,77320,2020-03-31,2,,,,,,,,,,,,,,,,,,,,161721000000,64659000000,0.390,600.03,63100000000,,,,,,,,,,,,true,false,12,2019-04-01,2020-03-31,-1
2020-10-30,77320,2020-03-31,2,,,,,,,,,,,,,,,,,,,,,,,,,,,,,24.00,,,,108130842,2969179,,false,false,12,2019-04-01,2020-03-31,-1
2020-10-30,77320,2021-03-31,2,,,,,,,,,,,,,,,,,,,,,,,,,,,,,0.00,,,,,,,false,false,12,2020-04-01,2021-03-31,0
2020-10-30,77320,2021-03-31,2,,,,,,,,,,,,,,,,,,,,,,,,,,,,,5.00,,,,,,,false,true,12,2020-04-01,2021-03-31,0
2020-10-30,77320,2021-03-31,2,,,,,,,,,,,,,,,,,,,,,,,,,,,,,,,,,108156842,2969205,105169087,false,false,6,2020-04-01,2020-09-30,0
2020-10-30,77320,2020-03-31,2,,,,,,,,,,,,,,,,,,,,,,,,,,,,,,,,,,,105782914,false,false,6,2019-04-01,2019-09-30,-1
2021-01-29,77320,2021-03-31,3,92991000000,-0.077,,,,,1455000000,-0.525,60000000,-0.966,,-1322000000,,-12.58,,,,,,157589000000,63464000000,0.394,589.58,62015000000,,,,,,,,,,,,true,false,9,2020-04-01,2020-12-31,0
2021-01-29,77320,2020-03-31,3,100724000000,-0.023,,,,,3062000000,-0.547,1771000000,-0.684,,254000000,,2.41,2.41,,,,,,,,,,,,,,,,,,,,,true,false,9,2019-04-01,2019-12-31,-1
2021-01-29,77320,2021-03-31,3,130000000000,-0.064,,,,,4000000000,-0.257,2000000000,-0.309,,500000000,,4.75,,,,,,,,,,,,,,,,,,,,,,true,true,12,2020-04-01,2021-03-31,0
2021-01-29,77320,2020-03-31,3,,,,,,,,,,,,,,,,,,,,161721000000,64659000000,0.390,600.03,63100000000,,,,,,,,,,,,true,false,12,2019-04-01,2020-03-31,-1
2021-01-29,77320,2020-03-31,3,,,,,,,,,,,,,,,,,,,,,,,,,,,,,24.00,,,,108130842,2969179,,false,false,12,2019-04-01,2020-03-31,-1
2021-01-29,77320,2021-03-31,3,,,,,,,,,,,,,,,,,,,,,,,,,,,,,0.00,,,,,,,false,false,12,2020-04-01,2021-03-31,0
2021-01-29,77320,2021-03-31,3,,,,,,,,,,,,,,,,,,,,,,,,,,,,,5.00,,,,,,,false,true,12,2020-04-01,2021-03-31,0
2021-01-29,77320,2021-03-31,3,,,,,,,,,,,,,,,,,,,,,,,,,,,,,,,,,108156842,2969323,105174637,false,false,9,2020-04-01,2020-12-31,0
2021-01-29,77320,2020-03-31,3,,,,,,,,,,,,,,,,,,,,,,,,,,,,,,,,,,,105596566,false,false,9,2019-04-01,2019-12-31,-1
2021-05-11,77320,2021-03-31,,137247000000,-0.012,,,,,6593000000,0.225,5587000000,0.930,,2376000000,,22.59,22.59,0.036,0.034,0.048,,168210000000,70687000000,0.412,659.31,69351000000,19439000000,-9226000000,-6195000000,20446000000,,0.443,,,,,,true,false,12,2020-04-01,2021-03-31,0
2021-05-11,77320,2020-03-31,,138916000000,-0.066,,,,,5381000000,-0.604,2895000000,-0.748,,935000000,,8.87,8.87,0.014,0.018,0.039,,161721000000,64659000000,0.390,600.03,63100000000,7944000000,-6806000000,1995000000,15784000000,,2.707,,,,,,true,false,12,2019-04-01,2020-03-31,-1
2021-05-11,77320,2022-03-31,,149000000000,0.086,,,,,10000000000,0.517,8000000000,0.432,,5000000000,,47.54,,,,,,,,,,,,,,,,0.420,,,,,,true,true,12,2021-04-01,2022-03-31,1
2021-05-11,77320,2021-03-31,,40548000000,-0.115,,,,,-1436000000,,-984000000,,-917000000,,,-8.72,,,,,,121556000000,53049000000,0.436,503.69,52982000000,,,,,10.00,,,,108156842,2969391,105177594,false,false,12,2020-04-01,2021-03-31,0
2021-05-11,77320,2020-03-31,,45817000000,-0.003,,,,,1531000000,-0.405,4735000000,-0.209,6346000000,,,60.15,60.15,,,,,113923000000,54355000000,0.477,516.32,54296000000,,,,,24.00,,,,108130842,2969179,105496203,false,false,12,2019-04-01,2020-03-31,-1
2021-05-11,77320,2022-03-31,,,,,,,,,,,,,,,,,,,,,,,,,,,,,,20.00,,,,,,,false,true,12,2021-04-01,2022-03-31,1
2021-07-30,77320,2022-03-31,1,38898000000,0.588,,,,,3458000000,,3208000000,,,1823000000,,17.33,17.33,,,,,164779000000,71702000000,0.427,669.14,70384000000,,,,,,,,,,,,true,false,3,2021-04-01,2021-06-30,0
2021-07-30,77320,2021-03-31,1,24493000000,-0.252,,,,,-2322000000,,-3043000000,,,-2482000000,,-23.60,,,,,,,,,,,,,,,,,,,,,,true,false,3,2020-04-01,2020-06-30,-1
2021-07-30,77320,2022-03-31,1,149000000000,0.086,,,,,10000000000,0.517,8000000000,0.432,,5000000000,,47.54,,,,,,,,,,,,,,,,,,,,,,true,true,12,2021-04-01,2022-03-31,0
2021-07-30,77320,2021-03-31,1,,,,,,,,,,,,,,,,,,,,168210000000,70687000000,0.412,659.31,69351000000,,,,,,,,,,,,true,false,12,2020-04-01,2021-03-31,-1
2021-07-30,77320,2021-03-31,1,,,,,,,,,,,,,,,,,,,,,,,,,,,,,10.00,,,,108156842,2969391,,false,false,12,2020-04-01,2021-03-31,-1
2021-07-30,77320,2022-03-31,1,,,,,,,,,,,,,,,,,,,,,,,,,,,,,20.00,,,,,,,false,true,12,2021-04-01,2022-03-31,0
2021-07-30,77320,2022-03-31,1,,,,,,,,,,,,,,,,,,,,,,,,,,,,,,,,,108156842,2969435,105187429,false,false,3,2021-04-01,2021-06-30,0
2021-07-30,77320,2021-03-31,1,,,,,,,,,,,,,,,,,,,,,,,,,,,,,,,,,,,105161663,false,false,3,2020-04-01,2020-06-30,-1
2021-10-29,77320,2022-03-31,2,81251000000,0.390,,,,,6980000000,,6285000000,,,3883000000,,36.92,36.92,,,,,167232000000,73830000000,0.433,688.46,72433000000,,,,,,,,,,,,true,false,6,2021-04-01,2021-09-30,0
2021-10-29,77320,2021-03-31,2,58465000000,-0.159,,,,,-768000000,,-1797000000,,,-2037000000,,-19.38,,,,,,,,,,,,,,,,,,,,,,true,false,6,2020-04-01,2020-09-30,-1
2021-10-29,77320,2022-03-31,2,160000000000,0.166,,,,,12500000000,0.896,10500000000,0.879,,6500000000,,61.79,,,,,,,,,,,,,,,,,,,,,,true,true,12,2021-04-01,2022-03-31,0
2021-10-29,77320,2021-03-31,2,,,,,,,,,,,,,,,,,,,,168210000000,70687000000,0.412,659.31,69351000000,,,,,,,,,,,,true,false,12,2020-04-01,2021-03-31,-1
2021-10-29,77320,2021-03-31,2,,,,,,,,,,,,,,,,,,,,,,,,,,,,,10.00,,,,108156842,2969391,,false,false,12,2020-04-01,2021-03-31,-1
2021-10-29,77320,2022-03-31,2,,,,,,,,,,,,,,,,,,,,,,,,,,,,,10.00,,,,,,,false,false,12,2021-04-01,2022-03-31,0
2021-10-29,77320,2022-03-31,2,,,,,,,,,,,,,,,,,,,,,,,,,,,,,20.00,,,,,,,false,true,12,2021-04-01,2022-03-31,0
2021-10-29,77320,2022-03-31,2,,,,,,,,,,,,,,,,,,,,,,,,,,,,,,,,,108179842,2969461,105193981,false,false,6,2021-04-01,2021-09-30,0
2021-10-29,77320,2021-03-31,2,,,,,,,,,,,,,,,,,,,,,,,,,,,,,,,,,,,105169087,false,false,6,2020-04-01,2020-09-30,-1
2022-01-28,77320,2022-03-31,3,124834000000,0.342,,,,,10347000000,6.109,9246000000,,,5752000000,,54.68,54.68,,,,,174492000000,75982000000,0.427,708.66,74557000000,,,,,,,,,,,,true,false,9,2021-04-01,2021-12-31,0
2022-01-28,77320,2021-03-31,3,92991000000,-0.077,,,,,1455000000,-0.525,60000000,-0.966,,-1322000000,,-12.58,,,,,,,,,,,,,,,,,,,,,,true,false,9,2020-04-01,2020-12-31,-1
2022-01-28,77320,2022-03-31,3,165000000000,0.202,,,,,13500000000,1.047,11500000000,1.058,,7000000000,,66.54,,,,,,,,,,,,,,,,,,,,,,true,true,12,2021-04-01,2022-03-31,0
2022-01-28,77320,2021-03-31,3,,,,,,,,,,,,,,,,,,,,168210000000,70687000000,0.412,659.31,69351000000,,,,,,,,,,,,true,false,12,2020-04-01,2021-03-31,-1
2022-01-28,77320,2021-03-31,3,,,,,,,,,,,,,,,,,,,,,,,,,,,,,10.00,,,,108156842,2969391,,false,false,12,2020-04-01,2021-03-31,-1
2022-01-28,77320,2022-03-31,3,,,,,,,,,,,,,,,,,,,,,,,,,,,,,10.00,,,,,,,false,false,12,2021-04-01,2022-03-31,0
2022-01-28,77320,2022-03-31,3,,,,,,,,,,,,,,,,,,,,,,,,,,,,,20.00,,,,,,,false,true,12,2021-04-01,2022-03-31,0
2022-01-28,77320,2022-03-31,3,,,,,,,,,,,,,,,,,,,,,,,,,,,,,,,,,108179842,2969593,105198883,false,false,9,2021-04-01,2021-12-31,0
2022-01-28,77320,2021-03-31,3,,,,,,,,,,,,,,,,,,,,,,,,,,,,,,,,,,,105174637,false,false,9,2020-04-01,2020-12-31,-1
,77320,2022-03-31,,,,,,,,,,,,,,,,,,,,,,,,,,,,,,25.00,,,,,,,false,true,12,2021-04-01,2022-03-31,0
,77320,2022-03-31,,,,,,,,,,,,,,,,,,,,,,,,,,,,,,10.00,,,,,,,false,false,12,2021-04-01,2022-03-31,0
,77320,2021-03-31,,,,,,,,,,,,,,,,,,,,,,,,,,,,,,10.00,,,,,,,false,false,12,2020-04-01,2021-03-31,-1
2022-05-12,77320,2022-03-31,,176421000000,0.285,,,,,15914000000,1.414,14820000000,1.652,,10699000000,,101.71,101.69,0.140,0.084,0.090,,184983000000,85150000000,0.451,793.57,83491000000,20527000000,-9779000000,-13606000000,19009000000,,0.354,,,,,,true,false,12,2021-04-01,2022-03-31,0
2022-05-12,77320,2021-03-31,,137247000000,-0.012,,,,,6593000000,0.225,5587000000,0.930,,2376000000,,22.59,22.59,0.036,0.034,0.048,,168210000000,70687000000,0.412,659.31,69351000000,19439000000,-9226000000,-6195000000,20446000000,,0.443,,,,,,true,false,12,2020-04-01,2021-03-31,-1
2022-05-12,77320,2023-03-31,,190000000000,0.077,,,,,18000000000,0.131,17000000000,0.147,,12000000000,,114.07,,,,,,,,,,,,,,,,0.351,,,,,,true,true,12,2022-04-01,2023-03-31,1
2022-05-12,77320,2022-03-31,,49859000000,0.230,,,,,2076000000,,7707000000,,7551000000,,,71.79,71.77,,,,,119874000000,58214000000,0.485,552.68,58147000000,,,,,36.00,,,,108179842,2969690,105201495,false,false,12,2021-04-01,2022-03-31,0
2022-05-12,77320,2021-03-31,,40548000000,-0.115,,,,,-1436000000,,-984000000,,-917000000,,,-8.72,,,,,,121556000000,53049000000,0.436,503.69,52982000000,,,,,10.00,,,,108156842,2969391,105177594,false,false,12,2020-04-01,2021-03-31,-1
2022-05-12,77320,2023-03-31,,,,,,,,,,,,,,,,,,,,,,,,,,,,,,40.00,,,,,,,false,true,12,2022-04-01,2023-03-31,1
2022-07-26,77320,2023-03-31,1,47018000000,0.209,,,,,3834000000,0.108,3993000000,0.244,,2790000000,,26.52,26.51,,,,,198228000000,90450000000,0.448,844.02,88799000000,,,,,,,,,,,,true,false,3,2022-04-01,2022-06-30,0
2022-07-26,77320,2022-03-31,1,38898000000,0.588,,,,,3458000000,,3208000000,,,1823000000,,17.33,17.33,,,,,,,,,,,,,,,,,,,,,true,false,3,2021-04-01,2021-06-30,-1
2022-07-26,77320,2023-03-31,1,190000000000,0.077,,,,,18000000000,0.131,17000000000,0.147,,12000000000,,114.07,,,,,,,,,,,,,,,,,,,,,,true,true,12,2022-04-01,2023-03-31,0
2022-07-26,77320,2022-03-31,1,,,,,,,,,,,,,,,,,,,,184983000000,85150000000,0.451,793.57,83491000000,,,,,,,,,,,,true,false,12,2021-04-01,2022-03-31,-1
2022-07-26,77320,2022-03-31,1,,,,,,,,,,,,,,,,,,,,,,,,,,,,,36.00,,,,108179842,2969690,,false,false,12,2021-04-01,2022-03-31,-1
2022-07-26,77320,2023-03-31,1,,,,,,,,,,,,,,,,,,,,,,,,,,,,,40.00,,,,,,,false,true,12,2022-04-01,2023-03-31,0
2022-07-26,77320,2023-03-31,1,,,,,,,,,,,,,,,,,,,,,,,,,,,,,,,,,108179842,2969762,105210098,false,false,3,2022-04-01,2022-06-30,0
2022-07-26,77320,2022-03-31,1,,,,,,,,,,,,,,,,,,,,,,,,,,,,,,,,,,,105187429,false,false,3,2021-04-01,2021-06-30,-1
2022-10-28,77320,2023-03-31,2,102715000000,0.264,,,,,9336000000,0.337,9428000000,0.500,,6032000000,,57.32,57.32,,,,,206716000000,95657000000,0.454,891.83,93906000000,,,,,,,,,,,,true,false,6,2022-04-01,2022-09-30,0
2022-10-28,77320,2022-03-31,2,81251000000,0.390,,,,,6980000000,,6285000000,,,3883000000,,36.92,36.92,,,,,,,,,,,,,,,,,,,,,true,false,6,2021-04-01,2021-09-30,-1
2022-10-28,77320,2023-03-31,2,200000000000,0.134,,,,,19000000000,0.194,18000000000,0.215,,12500000000,,118.77,,,,,,,,,,,,,,,,,,,,,,true,true,12,2022-04-01,2023-03-31,0
2022-10-28,77320,2022-03-31,2,,,,,,,,,,,,,,,,,,,,184983000000,85150000000,0.451,793.57,83491000000,,,,,,,,,,,,true,false,12,2021-04-01,2022-03-31,-1
2022-10-28,77320,2022-03-31,2,,,,,,,,,,,,,,,,,,,,,,,,,,,,,36.00,,,,108179842,2969690,,false,false,12,2021-04-01,2022-03-31,-1
2022-10-28,77320,2023-03-31,2,,,,,,,,,,,,,,,,,,,,,,,,,,,,,20.00,,,,,,,false,false,12,2022-04-01,2023-03-31,0
2022-10-28,77320,2023-03-31,2,,,,,,,,,,,,,,,,,,,,,,,,,,,,,42.00,,,,,,,false,true,12,2022-04-01,2023-03-31,0
2022-10-28,77320,2023-03-31,2,,,,,,,,,,,,,,,,,,,,,,,,,,,,,,,,,108265842,2969906,105242181,false,false,6,2022-04-01,2022-09-30,0
2022-10-28,77320,2022-03-31,2,,,,,,,,,,,,,,,,,,,,,,,,,,,,,,,,,,,105193981,false,false,6,2021-04-01,2021-09-30,-1
2023-01-30,77320,2023-03-31,3,156790000000,0.256,,,,,13974000000,0.351,12565000000,0.359,,7859000000,,74.67,74.67,,,,,203006000000,91515000000,0.443,853.45,89864000000,,,,,,,,,,,,true,false,9,2022-04-01,2022-12-31,0
2023-01-30,77320,2022-03-31,3,124834000000,0.342,,,,,10347000000,6.109,9246000000,,,5752000000,,54.68,54.68,,,,,,,,,,,,,,,,,,,,,true,false,9,2021-04-01,2021-12-31,-1
2023-01-30,77320,2023-03-31,3,205000000000,0.162,,,,,19500000000,0.225,18000000000,0.215,,12500000000,,118.76,,,,,,,,,,,,,,,,,,,,,,true,true,12,2022-04-01,2023-03-31,0
2023-01-30,77320,2022-03-31,3,,,,,,,,,,,,,,,,,,,,184983000000,85150000000,0.451,793.57,83491000000,,,,,,,,,,,,true,false,12,2021-04-01,2022-03-31,-1
2023-01-30,77320,2022-03-31,3,,,,,,,,,,,,,,,,,,,,,,,,,,,,,36.00,,,,108179842,2969690,,false,false,12,2021-04-01,2022-03-31,-1
2023-01-30,77320,2023-03-31,3,,,,,,,,,,,,,,,,,,,,,,,,,,,,,20.00,,,,,,,false,false,12,2022-04-01,2023-03-31,0
2023-01-30,77320,2023-03-31,3,,,,,,,,,,,,,,,,,,,,,,,,,,,,,42.00,,,,,,,false,true,12,2022-04-01,2023-03-31,0
2023-01-30,77320,2023-03-31,3,,,,,,,,,,,,,,,,,,,,,,,,,,,,,,,,,108265842,2969992,105258290,false,false,9,2022-04-01,2022-12-31,0
2023-01-30,77320,2022-03-31,3,,,,,,,,,,,,,,,,,,,,,,,,,,,,,,,,,,,105198883,false,false,9,2021-04-01,2021-12-31,-1
2023-05-12,77320,2023-03-31,,215625000000,0.222,,,,,19537000000,0.228,17829000000,0.203,,11806000000,,112.16,112.15,0.132,0.091,0.091,,207890000000,97040000000,0.458,905.17,95310000000,9828000000,-12759000000,-1937000000,14950000000,,0.374,,,,,,true,false,12,2022-04-01,2023-03-31,0
2023-05-12,77320,2022-03-31,,176421000000,0.285,,,,,15914000000,1.414,14820000000,1.652,,10699000000,,101.71,101.69,0.140,0.084,0.090,,184983000000,85150000000,0.451,793.57,83491000000,20527000000,-9779000000,-13606000000,19009000000,,0.354,,,,,,true,false,12,2021-04-01,2022-03-31,-1
2023-05-12,77320,2024-03-31,,208000000000,-0.035,,,,,19000000000,-0.027,17000000000,-0.047,,11000000000,,104.47,,,,,,,,,,,,,,,,0.402,,,,,,true,true,12,2023-04-01,2024-03-31,1
2023-05-12,77320,2023-03-31,,55207000000,0.107,,,,,2054000000,-0.011,9094000000,0.180,8260000000,,0.094,78.48,78.47,,,,,124026000000,61797000000,0.498,586.29,61734000000,,,,,42.00,,,,108265842,2970058,105266949,false,false,12,2022-04-01,2023-03-31,0
2023-05-12,77320,2022-03-31,,49859000000,0.230,,,,,2076000000,,7707000000,,7551000000,,,71.79,71.77,,,,,119874000000,58214000000,0.485,552.68,58147000000,,,,,36.00,,,,108179842,2969690,105201495,false,false,12,2021-04-01,2022-03-31,-1
2023-05-12,77320,2024-03-31,,,,,,,,,,,,,,,,,,,,,,,,,,,,,,42.00,,,,,,,false,true,12,2023-04-01,2024-03-31,1
2023-07-26,77320,2024-03-31,1,49695000000,0.057,,,,,1717000000,-0.552,1840000000,-0.539,,-199000000,,-1.90,,,,,,231018000000,101994000000,0.434,951.29,100166000000,,,,,,,,,,,,true,false,3,2023-04-01,2023-06-30,0
2023-07-26,77320,2023-03-31,1,47018000000,0.209,,,,,3834000000,0.108,3993000000,0.244,,2790000000,,26.52,26.51,,,,,,,,,,,,,,,,,,,,,true,false,3,2022-04-01,2022-06-30,-1
2023-07-26,77320,2024-03-31,1,208000000000,-0.035,,,,,19000000000,-0.027,17000000000,-0.047,,11000000000,,104.47,,,,,,,,,,,,,,,,,,,,,,true,true,12,2023-04-01,2024-03-31,0
2023-07-26,77320,2023-03-31,1,,,,,,,,,,,,,,,,,,,,207890000000,97040000000,0.458,905.17,95310000000,,,,,,,,,,,,true,false,12,2022-04-01,2023-03-31,-1
2023-07-26,77320,2023-03-31,1,,,,,,,,,,,,,,,,,,,,,,,,,,,,,42.00,,,,108265842,2970058,,false,false,12,2022-04-01,2023-03-31,-1
2023-07-26,77320,2024-03-31,1,,,,,,,,,,,,,,,,,,,,,,,,,,,,,42.00,,,,,,,false,true,12,2023-04-01,2024-03-31,0
2023-07-26,77320,2024-03-31,1,,,,,,,,,,,,,,,,,,,,,,,,,,,,,,,,,108265842,2970190,105295741,false,false,3,2023-04-01,2023-06-30,0
2023-07-26,77320,2023-03-31,1,,,,,,,,,,,,,,,,,,,,,,,,,,,,,,,,,,,105210098,false,false,3,2022-04-01,2022-06-30,-1
2023-10-27,77320,2024-03-31,2,104497000000,0.017,,,,,3830000000,-0.590,3395000000,-0.640,,609000000,,5.78,5.78,,,,,238563000000,105074000000,0.433,979.90,103234000000,,,,,,,,,,,,true,false,6,2023-04-01,2023-09-30,0
2023-10-27,77320,2023-03-31,2,102715000000,0.264,,,,,9336000000,0.337,9428000000,0.500,,6032000000,,57.32,57.32,,,,,,,,,,,,,,,,,,,,,true,false,6,2022-04-01,2022-09-30,-1
2023-10-27,77320,2024-03-31,2,215000000000,-0.003,,,,,13000000000,-0.335,11000000000,-0.383,,4500000000,,42.73,,,,,,,,,,,,,,,,,,,,,,true,true,12,2023-04-01,2024-03-31,0
2023-10-27,77320,2023-03-31,2,,,,,,,,,,,,,,,,,,,,207890000000,97040000000,0.458,905.17,95310000000,,,,,,,,,,,,true,false,12,2022-04-01,2023-03-31,-1
2023-10-27,77320,2023-03-31,2,,,,,,,,,,,,,,,,,,,,,,,,,,,,,42.00,,,,108265842,2970058,,false,false,12,2022-04-01,2023-03-31,-1
2023-10-27,77320,2024-03-31,2,,,,,,,,,,,,,,,,,,,,,,,,,,,,,20.00,,,,,,,false,false,12,2023-04-01,2024-03-31,0
2023-10-27,77320,2024-03-31,2,,,,,,,,,,,,,,,,,,,,,,,,,,,,,42.00,,,,,,,false,true,12,2023-04-01,2024-03-31,0
2023-10-27,77320,2024-03-31,2,,,,,,,,,,,,,,,,,,,,,,,,,,,,,,,,,108322242,2970230,105319865,false,false,6,2023-04-01,2023-09-30,0
2023-10-27,77320,2023-03-31,2,,,,,,,,,,,,,,,,,,,,,,,,,,,,,,,,,,,105242181,false,false,6,2022-04-01,2022-09-30,-1
2024-01-29,77320,2024-03-31,3,156860000000,0.000,,,,,6504000000,-0.535,4588000000,-0.635,,353000000,,3.35,3.35,,,,,234136000000,100253000000,0.420,934.01,98399000000,,,,,,,,,,,,true,false,9,2023-04-01,2023-12-31,0
2024-01-29,77320,2023-03-31,3,156790000000,0.256,,,,,13974000000,0.351,12565000000,0.359,,7859000000,,74.67,74.67,,,,,,,,,,,,,,,,,,,,,true,false,9,2022-04-01,2022-12-31,-1
2024-01-29,77320,2024-03-31,3,215000000000,-0.003,,,,,13000000000,-0.335,11000000000,-0.383,,3000000000,,28.49,,,,,,,,,,,,,,,,,,,,,,true,true,12,2023-04-01,2024-03-31,0
2024-01-29,77320,2023-03-31,3,,,,,,,,,,,,,,,,,,,,207890000000,97040000000,0.458,905.17,95310000000,,,,,,,,,,,,true,false,12,2022-04-01,2023-03-31,-1
2024-01-29,77320,2023-03-31,3,,,,,,,,,,,,,,,,,,,,,,,,,,,,,42.00,,,,108265842,2970058,,false,false,12,2022-04-01,2023-03-31,-1
2024-01-29,77320,2024-03-31,3,,,,,,,,,,,,,,,,,,,,,,,,,,,,,20.00,,,,,,,false,false,12,2023-04-01,2024-03-31,0
2024-01-29,77320,2024-03-31,3,,,,,,,,,,,,,,,,,,,,,,,,,,,,,42.00,,,,,,,false,true,12,2023-04-01,2024-03-31,0
2024-01-29,77320,2024-03-31,3,,,,,,,,,,,,,,,,,,,,,,,,,,,,,,,,,108322242,2970308,105329497,false,false,9,2023-04-01,2023-12-31,0
2024-01-29,77320,2023-03-31,3,,,,,,,,,,,,,,,,,,,,,,,,,,,,,,,,,,,105258290,false,false,9,2022-04-01,2022-12-31,-1
2024-05-10,77320,2024-03-31,,216497000000,0.004,,,,,11204000000,-0.426,8857000000,-0.503,,4940000000,,46.90,46.89,0.049,0.039,0.052,,247029000000,110298000000,0.438,1027.99,108300000000,8254000000,-26025000000,17989000000,16672000000,,0.896,,,,,,true,false,12,2023-04-01,2024-03-31,0
2024-05-10,77320,2023-03-31,,215625000000,0.222,,,,,19537000000,0.228,17829000000,0.203,,11806000000,,112.16,112.15,0.132,0.091,0.091,,207890000000,97040000000,0.458,905.17,95310000000,9828000000,-12759000000,-1937000000,14950000000,,0.374,,,,,,true,false,12,2022-04-01,2023-03-31,-1
2024-05-10,77320,2025-03-31,,230000000000,0.062,,,,,18000000000,0.606,15500000000,0.750,,9500000000,,90.17,,,,,,,,,,,,,,,,0.466,,,,,,true,true,12,2024-04-01,2025-03-31,1
2024-05-10,77320,2024-03-31,,56764000000,0.028,,,,,4748000000,1.311,9578000000,0.053,9154000000,,0.108,86.91,86.89,,,,,146772000000,67283000000,0.458,638.05,67219000000,,,,,42.00,,,,108322242,2970328,105334673,false,false,12,2023-04-01,2024-03-31,0
2024-05-10,77320,2023-03-31,,55207000000,0.107,,,,,2054000000,-0.011,9094000000,0.180,8260000000,,0.094,78.48,78.47,,,,,124026000000,61797000000,0.498,586.29,61734000000,,,,,42.00,,,,108265842,2970058,105266949,false,false,12,2022-04-01,2023-03-31,-1
2024-05-10,77320,2025-03-31,,,,,,,,,,,,,,,,,,,,,,,,,,,,,,42.00,,,,,,,false,true,12,2024-04-01,2025-03-31,1
2024-07-30,77320,2025-03-31,1,51405000000,0.034,,,,,678000000,-0.605,-383000000,,,-950000000,,-9.02,,,,,,252164000000,112791000000,0.440,1052.27,110858000000,,,,,,,,,,,,true,false,3,2024-04-01,2024-06-30,0
2024-07-30,77320,2024-03-31,1,49695000000,0.057,,,,,1717000000,-0.552,1840000000,-0.539,,-199000000,,-1.90,,,,,,,,,,,,,,,,,,,,,,true,false,3,2023-04-01,2023-06-30,-1
2024-07-30,77320,2025-03-31,1,230000000000,0.062,,,,,18000000000,0.606,15500000000,0.750,,9500000000,,90.17,,,,,,,,,,,,,,,,,,,,,,true,true,12,2024-04-01,2025-03-31,0
2024-07-30,77320,2024-03-31,1,,,,,,,,,,,,,,,,,,,,247029000000,110298000000,0.438,1027.99,108300000000,,,,,,,,,,,,true,false,12,2023-04-01,2024-03-31,-1
2024-07-30,77320,2024-03-31,1,,,,,,,,,,,,,,,,,,,,,,,,,,,,,42.00,,,,108322242,2970328,,false,false,12,2023-04-01,2024-03-31,-1
2024-07-30,77320,2025-03-31,1,,,,,,,,,,,,,,,,,,,,,,,,,,,,,42.00,,,,,,,false,true,12,2024-04-01,2025-03-31,0
2024-07-30,77320,2025-03-31,1,,,,,,,,,,,,,,,,,,,,,,,,,,,,,,,,,108322242,2970424,105351890,false,false,3,2024-04-01,2024-06-30,0
2024-07-30,77320,2024-03-31,1,,,,,,,,,,,,,,,,,,,,,,,,,,,,,,,,,,,105295741,false,false,3,2023-04-01,2023-06-30,-1
2024-10-30,77320,2025-03-31,2,105497000000,0.010,,,,,2974000000,-0.224,381000000,-0.888,,61000000,,0.58,0.58,,,,,238586000000,104231000000,0.429,971.19,102375000000,,,,,,,,,,,,true,false,6,2024-04-01,2024-09-30,0
2024-10-30,77320,2024-03-31,2,104497000000,0.017,,,,,3830000000,-0.590,3395000000,-0.640,,609000000,,5.78,5.78,,,,,,,,,,,,,,,,,,,,,true,false,6,2023-04-01,2023-09-30,-1
2024-10-30,77320,2025-03-31,2,220000000000,0.016,,,,,12000000000,0.071,8000000000,-0.097,,4500000000,,42.71,,,,,,,,,,,,,,,,,,,,,,true,true,12,2024-04-01,2025-03-31,0
2024-10-30,77320,2024-03-31,2,,,,,,,,,,,,,,,,,,,,247029000000,110298000000,0.438,1027.99,108300000000,,,,,,,,,,,,true,false,12,2023-04-01,2024-03-31,-1
2024-10-30,77320,2024-03-31,2,,,,,,,,,,,,,,,,,,,,,,,,,,,,,42.00,,,,108322242,2970328,,false,false,12,2023-04-01,2024-03-31,-1
2024-10-30,77320,2025-03-31,2,,,,,,,,,,,,,,,,,,,,,,,,,,,,,20.00,,,,,,,false,false,12,2024-04-01,2025-03-31,0
2024-10-30,77320,2025-03-31,2,,,,,,,,,,,,,,,,,,,,,,,,,,,,,42.00,,,,,,,false,true,12,2024-04-01,2025-03-31,0
2024-10-30,77320,2025-03-31,2,,,,,,,,,,,,,,,,,,,,,,,,,,,,,,,,,108382642,2970545,105377696,false,false,6,2024-04-01,2024-09-30,0
2024-10-30,77320,2024-03-31,2,,,,,,,,,,,,,,,,,,,,,,,,,,,,,,,,,,,105319865,false,false,6,2023-04-01,2023-09-30,-1
2025-01-30,77320,2025-03-31,3,153545000000,-0.021,,,,,803000000,-0.876,-2133000000,,,-2864000000,,-27.18,,,,,,250187000000,104930000000,0.411,976.10,102892000000,,,,,,,,,,,,true,false,9,2024-04-01,2024-12-31,0
2025-01-30,77320,2024-03-31,3,156860000000,0.000,,,,,6504000000,-0.535,4588000000,-0.635,,353000000,,3.35,3.35,,,,,,,,,,,,,,,,,,,,,true,false,9,2023-04-01,2023-12-31,-1
2025-01-30,77320,2025-03-31,3,211000000000,-0.025,,,,,7000000000,-0.375,3500000000,-0.605,,0,,0.00,,,,,,,,,,,,,,,,,,,,,,true,true,12,2024-04-01,2025-03-31,0
2025-01-30,77320,2024-03-31,3,,,,,,,,,,,,,,,,,,,,247029000000,110298000000,0.438,1027.99,108300000000,,,,,,,,,,,,true,false,12,2023-04-01,2024-03-31,-1
2025-01-30,77320,2024-03-31,3,,,,,,,,,,,,,,,,,,,,,,,,,,,,,42.00,,,,108322242,2970328,,false,false,12,2023-04-01,2024-03-31,-1
2025-01-30,77320,2025-03-31,3,,,,,,,,,,,,,,,,,,,,,,,,,,,,,20.00,,,,,,,false,false,12,2024-04-01,2025-03-31,0
2025-01-30,77320,2025-03-31,3,,,,,,,,,,,,,,,,,,,,,,,,,,,,,42.00,,,,,,,false,true,12,2024-04-01,2025-03-31,0
2025-01-30,77320,2025-03-31,3,,,,,,,,,,,,,,,,,,,,,,,,,,,,,,,,,108382642,2970545,105388016,false,false,9,2024-04-01,2024-12-31,0
2025-01-30,77320,2024-03-31,3,,,,,,,,,,,,,,,,,,,,,,,,,,,,,,,,,,,105329497,false,false,9,2023-04-01,2023-12-31,-1
,77320,2025-03-31,,,,,,,,,,,,,,,,,,,,,,,,,,,,,,20.00,,,,,,,false,true,12,2024-04-01,2025-03-31,0
,77320,2025-03-31,,,,,,,,,,,,,,,,,,,,,,,,,,,,,,20.00,,,,,,,false,false,12,2024-04-01,2025-03-31,0
,77320,2024-03-31,,,,,,,,,,,,,,,,,,,,,,,,,,,,,,42.00,,,,,,,false,false,12,2023-04-01,2024-03-31,-1
2025-05-12,77320,2025-03-31,,216000000000,-0.002,,,,,8826000000,-0.212,4729000000,-0.466,,417000000,,3.96,3.96,0.004,0.019,0.041,,249144000000,104840000000,0.415,980.39,103345000000,9427000000,-15642000000,8765000000,18420000000,,5.047,,,,,,true,false,12,2024-04-01,2025-03-31,0
2025-05-12,77320,2024-03-31,,216497000000,0.004,,,,,11204000000,-0.426,8857000000,-0.503,,4940000000,,46.90,46.89,0.049,0.039,0.052,,247029000000,110298000000,0.438,1027.99,108300000000,8850000000,-26622000000,17989000000,16672000000,,0.896,,,,,,true,false,12,2023-04-01,2024-03-31,-1
2025-05-12,77320,2025-03-31,,57624000000,0.015,,,,,3166000000,-0.334,8857000000,-0.075,7773000000,,-0.151,73.76,73.73,,,,,155591000000,70396000000,0.452,667.22,70332000000,,,,,20.00,,,,108382642,2970630,105393564,false,false,12,2024-04-01,2025-03-31,0
2025-05-12,77320,2024-03-31,,56764000000,0.028,,,,,4753000000,1.313,9578000000,0.053,9154000000,,0.108,86.91,86.89,,,,,146772000000,67283000000,0.458,638.05,67219000000,,,,,42.00,,,,108322242,2970328,105334673,false,false,12,2023-04-01,2024-03-31,-1
2025-05-12,77320,2026-03-31,,,,,,,,,,,,,,,,,,,,,,,,,,,,,,0.00,,,,,,,false,true,12,2025-04-01,2026-03-31,1
