filing_date,code,fiscal_year_end,quarterly_period,net_sales,net_sales_change,revenue,revenue_change,operating_revenue,operating_revenue_change,operating_profit,operating_profit_change,ordinary_profit,ordinary_profit_change,net_income,net_income_of_parent,net_income_change,eps,diluted_eps,roe,roa,operating_profit_to_net_sales,operating_profit_to_revenue,total_assets,net_assets,equity_ratio,bps,owner_equity,operating_cash_flow,investing_cash_flow,financing_cash_flow,cash,dividend_per_share,payout_ratio,commemorative_dividend,extra_dividend,number_of_shares,number_of_treqsury_shares,avg_number_of_shares,is_consolidated,is_forecast,duration,period_start,period_end,period_pos
2015-05-13,77350,2015-03-31,,237645000000,0.007,,,,,17167000000,0.928,16096000000,0.917,12122000000,,1.237,51.07,,0.123,0.067,0.072,,249516000000,111513000000,0.444,467.13,110864000000,-1492000000,-6317000000,-3822000000,21990000000,,0.137,,,,,,true,false,12,2014-04-01,2015-03-31,0
2015-05-13,77350,2014-03-31,,235946000000,0.181,,,,,8902000000,,8394000000,,5418000000,,,22.83,,0.067,0.036,0.038,,232376000000,87097000000,0.372,364.23,86448000000,24702000000,-4201000000,-29301000000,31562000000,,0.131,,,,,,true,false,12,2013-04-01,2014-03-31,-1
2015-05-13,77350,2016-03-31,,130000000000,0.156,,,,,9300000000,0.380,8800000000,0.342,,6800000000,,28.65,,,,,,,,,,,,,,,,,,,,,,true,true,6,2015-04-01,2015-09-30,1
2015-05-13,77350,2016-03-31,,248000000000,0.044,,,,,19000000000,0.107,18500000000,0.149,,14000000000,,58.99,,,,,,,,,,,,,,,,0.170,,,,,,true,true,12,2015-04-01,2016-03-31,1
2015-05-13,77350,2015-03-31,,99456000000,-0.480,,,,,929000000,-0.718,3068000000,-0.635,3018000000,,-0.593,12.72,,,,,,180334000000,75929000000,0.421,319.93,75929000000,,,,,7.00,,,,253974333,16642614,237342345,false,false,12,2014-04-01,2015-03-31,0
2015-05-13,77350,2014-03-31,,191281000000,0.153,,,,,3290000000,,8412000000,,7406000000,,,31.21,,,,,,210946000000,66947000000,0.317,282.06,66947000000,,,,,3.00,,,,253974333,16625067,237355081,false,false,12,2013-04-01,2014-03-31,-1
2015-05-13,77350,2016-03-31,,,,,,,,,,,,,,,,,,,,,,,,,,,,,,10.00,,,,,,,false,true,12,2015-04-01,2016-03-31,1
2015-08-10,77350,2016-03-31,1,56116000000,0.069,,,,,3299000000,0.473,3433000000,0.458,,2266000000,,9.55,,,,,,276707000000,115868000000,0.416,485.44,115209000000,,,,,,,,,,,,true,false,3,2015-04-01,2015-06-30,0
2015-08-10,77350,2015-03-31,1,52475000000,-0.115,,,,,2240000000,0.013,2354000000,0.055,,1535000000,,6.47,,,,,,,,,,,,,,,,,,,,,,true,false,3,2014-04-01,2014-06-30,-1
2015-08-10,77350,2016-03-31,1,126000000000,0.120,,,,,9300000000,0.380,8800000000,0.342,,6800000000,,28.65,,,,,,,,,,,,,,,,,,,,,,true,true,6,2015-04-01,2015-09-30,0
2015-08-10,77350,2016-03-31,1,249000000000,0.048,,,,,19500000000,0.136,19000000000,0.180,,14500000000,,61.10,,,,,,,,,,,,,,,,,,,,,,true,true,12,2015-04-01,2016-03-31,0
2015-08-10,77350,2015-03-31,1,,,,,,,,,,,,,,,,,,,,249516000000,111513000000,0.444,467.13,110864000000,,,,,,,,,,,,true,false,12,2014-04-01,2015-03-31,-1
2015-08-10,77350,2015-03-31,1,,,,,,,,,,,,,,,,,,,,,,,,,,,,,7.00,,,,253974333,16642614,,false,false,12,2014-04-01,2015-03-31,-1
2015-08-10,77350,2016-03-31,1,,,,,,,,,,,,,,,,,,,,,,,,,,,,,10.00,,,,,,,false,true,12,2015-04-01,2016-03-31,0
2015-08-10,77350,2016-03-31,1,,,,,,,,,,,,,,,,,,,,,,,,,,,,,,,,,253974333,16646038,237330093,false,false,3,2015-04-01,2015-06-30,0
2015-08-10,77350,2015-03-31,1,,,,,,,,,,,,,,,,,,,,,,,,,,,,,,,,,,,237349089,false,false,3,2014-04-01,2014-06-30,-1
2015-11-09,77350,2016-03-31,2,129836000000,0.154,,,,,10809000000,0.604,10619000000,0.620,,8469000000,,35.69,,,,,,261568000000,116422000000,0.442,487.60,115718000000,,,,,,,,,,,,true,false,6,2015-04-01,2015-09-30,0
2015-11-09,77350,2015-03-31,2,112490000000,0.012,,,,,6739000000,1.221,6554000000,1.501,,4651000000,,19.60,,,,,,,,,,,,,,,,,,,,,,true,false,6,2014-04-01,2014-09-30,-1
2015-11-09,77350,2016-03-31,2,249000000000,0.048,,,,,19500000000,0.136,19000000000,0.180,,14500000000,,61.10,,,,,,,,,,,,,,,,,,,,,,true,true,12,2015-04-01,2016-03-31,0
2015-11-09,77350,2015-03-31,2,,,,,,,,,,,,,,,,,,,,249516000000,111513000000,0.444,467.13,110864000000,,,,,,,,,,,,true,false,12,2014-04-01,2015-03-31,-1
2015-11-09,77350,2015-03-31,2,,,,,,,,,,,,,,,,,,,,,,,,,,,,,7.00,,,,253974333,16642614,,false,false,12,2014-04-01,2015-03-31,-1
2015-11-09,77350,2016-03-31,2,,,,,,,,,,,,,,,,,,,,,,,,,,,,,10.00,,,,,,,false,true,12,2015-04-01,2016-03-31,0
2015-11-09,77350,2016-03-31,2,,,,,,,,,,,,,,,,,,,,,,,,,,,,,,,,,253974333,16650461,237327984,false,false,6,2015-04-01,2015-09-30,0
2015-11-09,77350,2015-03-31,2,,,,,,,,,,,,,,,,,,,,,,,,,,,,,,,,,,,237347637,false,false,6,2014-04-01,2014-09-30,-1
2016-02-08,77350,2016-03-31,3,182841000000,0.126,,,,,14978000000,0.478,14755000000,0.573,,11966000000,,50.43,,,,,,276490000000,120333000000,0.433,505.31,119628000000,,,,,,,,,,,,true,false,9,2015-04-01,2015-12-31,0
2016-02-08,77350,2015-03-31,3,162324000000,-0.006,,,,,10137000000,1.222,9381000000,1.296,,7807000000,,32.90,,,,,,,,,,,,,,,,,,,,,,true,false,9,2014-04-01,2014-12-31,-1
2016-02-08,77350,2016-03-31,3,251500000000,0.058,,,,,20500000000,0.194,20000000000,0.243,,15500000000,,65.36,,,,,,,,,,,,,,,,,,,,,,true,true,12,2015-04-01,2016-03-31,0
2016-02-08,77350,2015-03-31,3,,,,,,,,,,,,,,,,,,,,249516000000,111513000000,0.444,467.13,110864000000,,,,,,,,,,,,true,false,12,2014-04-01,2015-03-31,-1
2016-02-08,77350,2015-03-31,3,,,,,,,,,,,,,,,,,,,,,,,,,,,,,7.00,,,,253974333,16642614,,false,false,12,2014-04-01,2015-03-31,-1
2016-02-08,77350,2016-03-31,3,,,,,,,,,,,,,,,,,,,,,,,,,,,,,10.00,,,,,,,false,true,12,2015-04-01,2016-03-31,0
2016-02-08,77350,2016-03-31,3,,,,,,,,,,,,,,,,,,,,,,,,,,,,,,,,,253974333,17229132,237295817,false,false,9,2015-04-01,2015-12-31,0
2016-02-08,77350,2015-03-31,3,,,,,,,,,,,,,,,,,,,,,,,,,,,,,,,,,,,237344950,false,false,9,2014-04-01,2014-12-31,-1
2016-04-22,77350,2016-03-31,,259600000000,0.032,,,,,23500000000,0.146,23100000000,0.155,,18800000000,,79.28,,,,,,,,,,,,,,,,,,,,,,true,true,12,2015-04-01,2016-03-31,0
2016-04-22,77350,2015-03-31,,237645000000,,,,,,17167000000,,16096000000,,,12122000000,,51.07,,,,,,,,,,,,,,,,,,,,,,true,false,12,2014-04-01,2015-03-31,-1
2016-04-22,77350,2016-03-31,,,,,,,,,,,,,,,,,,,,,,,,,,,,,,12.00,,,,,,,false,true,12,2015-04-01,2016-03-31,0
2016-04-22,77350,2015-03-31,,,,,,,,,,,,,,,,,,,,,,,,,,,,,,7.00,,,,,,,false,false,12,2014-04-01,2015-03-31,-1
2016-05-10,77350,2016-03-31,,259675000000,0.093,,,,,23557000000,0.372,23178000000,0.440,,18815000000,,79.35,,0.163,0.089,0.091,,270093000000,120288000000,0.443,506.68,119649000000,14720000000,-2557000000,-2845000000,30156000000,,0.151,,,,,,true,false,12,2015-04-01,2016-03-31,0
2016-05-10,77350,2015-03-31,,237645000000,0.007,,,,,17167000000,0.928,16096000000,0.917,,12122000000,,51.07,,0.123,0.067,0.072,,249516000000,111513000000,0.444,467.13,110864000000,-1492000000,-6317000000,-3822000000,21990000000,,0.137,,,,,,true,false,12,2014-04-01,2015-03-31,-1
2016-05-10,77350,2017-03-31,,129500000000,-0.003,,,,,11300000000,0.045,11100000000,0.045,,8200000000,,34.72,,,,,,,,,,,,,,,,,,,,,,true,true,6,2016-04-01,2016-09-30,1
2016-05-10,77350,2017-03-31,,265000000000,0.021,,,,,27000000000,0.146,26500000000,0.143,,20500000000,,434.06,,,,,,,,,,,,,,,,0.161,,,,,,true,true,12,2016-04-01,2017-03-31,1
2016-05-10,77350,2016-03-31,,,,,,21587000000,-0.783,6626000000,6.128,6260000000,1.040,7091000000,,1.350,29.91,,,,,,191594000000,76152000000,0.397,322.49,76152000000,,,,,12.00,,,,253974333,17830849,237121118,false,false,12,2015-04-01,2016-03-31,0
2016-05-10,77350,2015-03-31,,,,,,99456000000,-0.480,929000000,-0.718,3068000000,-0.635,3018000000,,-0.593,12.72,,,,,,180334000000,75929000000,0.421,319.93,75929000000,,,,,7.00,,,,253974333,16642614,237342345,false,false,12,2014-04-01,2015-03-31,-1
2016-05-10,77350,2017-03-31,,,,,,,,,,,,,,,,,,,,,,,,,,,,,,70.00,,,,,,,false,true,12,2016-04-01,2017-03-31,1
2016-08-08,77350,2017-03-31,1,62250000000,0.109,,,,,5121000000,0.552,5053000000,0.472,,3716000000,,15.74,,,,,,273378000000,116926000000,0.425,492.48,116294000000,,,,,,,,,,,,true,false,3,2016-04-01,2016-06-30,0
2016-08-08,77350,2016-03-31,1,56116000000,0.069,,,,,3299000000,0.473,3433000000,0.458,,2266000000,,9.55,,,,,,,,,,,,,,,,,,,,,,true,false,3,2015-04-01,2015-06-30,-1
2016-08-08,77350,2017-03-31,1,133000000000,0.024,,,,,11700000000,0.082,11400000000,0.074,,8500000000,,36.00,,,,,,,,,,,,,,,,,,,,,,true,true,6,2016-04-01,2016-09-30,0
2016-08-08,77350,2017-03-31,1,265000000000,0.021,,,,,27000000000,0.146,26500000000,0.143,,20500000000,,434.06,,,,,,,,,,,,,,,,,,,,,,true,true,12,2016-04-01,2017-03-31,0
2016-08-08,77350,2016-03-31,1,,,,,,,,,,,,,,,,,,,,270093000000,120288000000,0.443,506.68,119649000000,,,,,,,,,,,,true,false,12,2015-04-01,2016-03-31,-1
2016-08-08,77350,2016-03-31,1,,,,,,,,,,,,,,,,,,,,,,,,,,,,,12.00,,,,253974333,17830849,,false,false,12,2015-04-01,2016-03-31,-1
2016-08-08,77350,2017-03-31,1,,,,,,,,,,,,,,,,,,,,,,,,,,,,,70.00,,,,,,,false,true,12,2016-04-01,2017-03-31,0
2016-08-08,77350,2017-03-31,1,,,,,,,,,,,,,,,,,,,,,,,,,,,,,,,,,253974333,17831932,236143131,false,false,3,2016-04-01,2016-06-30,0
2016-08-08,77350,2016-03-31,1,,,,,,,,,,,,,,,,,,,,,,,,,,,,,,,,,,,237330093,false,false,3,2015-04-01,2015-06-30,-1
2016-11-07,77350,2017-03-31,2,136142000000,0.049,,,,,12178000000,0.127,11696000000,0.101,,9459000000,,200.29,,,,,,278614000000,123515000000,0.443,2613.38,123422000000,,,,,,,,,,,,true,false,6,2016-04-01,2016-09-30,0
2016-11-07,77350,2016-03-31,2,129836000000,0.154,,,,,10809000000,0.604,10619000000,0.620,,8469000000,,178.44,,,,,,,,,,,,,,,,,,,,,,true,false,6,2015-04-01,2015-09-30,-1
2016-11-07,77350,2017-03-31,2,284000000000,0.094,,,,,29000000000,0.231,28000000000,0.208,,23000000000,,487.00,,,,,,,,,,,,,,,,,,,,,,true,true,12,2016-04-01,2017-03-31,0
2016-11-07,77350,2016-03-31,2,,,,,,,,,,,,,,,,,,,,270093000000,120288000000,0.443,2533.41,119649000000,,,,,,,,,,,,true,false,12,2015-04-01,2016-03-31,-1
2016-11-07,77350,2016-03-31,2,,,,,,,,,,,,,,,,,,,,,,,,,,,,,12.00,,,,50794866,3566169,,false,false,12,2015-04-01,2016-03-31,-1
2016-11-07,77350,2017-03-31,2,,,,,,,,,,,,,,,,,,,,,,,,,,,,,70.00,,,,,,,false,true,12,2016-04-01,2017-03-31,0
2016-11-07,77350,2017-03-31,2,,,,,,,,,,,,,,,,,,,,,,,,,,,,,,,,,50794866,3567841,47228240,false,false,6,2016-04-01,2016-09-30,0
2016-11-07,77350,2016-03-31,2,,,,,,,,,,,,,,,,,,,,,,,,,,,,,,,,,,,47465596,false,false,6,2015-04-01,2015-09-30,-1
2017-02-06,77350,2017-03-31,3,210015000000,0.149,,,,,21327000000,0.424,20788000000,0.409,,16337000000,,345.93,,,,,,307115000000,136727000000,0.445,2893.13,136628000000,,,,,,,,,,,,true,false,9,2016-04-01,2016-12-31,0
2017-02-06,77350,2016-03-31,3,182841000000,0.126,,,,,14978000000,0.478,14755000000,0.573,,11966000000,,252.14,,,,,,,,,,,,,,,,,,,,,,true,false,9,2015-04-01,2015-12-31,-1
2017-02-06,77350,2017-03-31,3,294000000000,0.132,,,,,31000000000,0.316,30000000000,0.294,,24500000000,,518.77,,,,,,,,,,,,,,,,,,,,,,true,true,12,2016-04-01,2017-03-31,0
2017-02-06,77350,2016-03-31,3,,,,,,,,,,,,,,,,,,,,270093000000,120288000000,0.443,2533.41,119649000000,,,,,,,,,,,,true,false,12,2015-04-01,2016-03-31,-1
2017-02-06,77350,2016-03-31,3,,,,,,,,,,,,,,,,,,,,,,,,,,,,,12.00,,,,50794866,3566169,,false,false,12,2015-04-01,2016-03-31,-1
2017-02-06,77350,2017-03-31,3,,,,,,,,,,,,,,,,,,,,,,,,,,,,,75.00,,,,,,,false,true,12,2016-04-01,2017-03-31,0
2017-02-06,77350,2017-03-31,3,,,,,,,,,,,,,,,,,,,,,,,,,,,,,,,,,50794866,3569872,47227468,false,false,9,2016-04-01,2016-12-31,0
2017-02-06,77350,2016-03-31,3,,,,,,,,,,,,,,,,,,,,,,,,,,,,,,,,,,,47459163,false,false,9,2015-04-01,2015-12-31,-1
,77350,2017-03-31,,,,,,,,,,,,,,,,,,,,,,,,,,,,,,75.00,,,,,,,false,true,12,2016-04-01,2017-03-31,0
,77350,2016-03-31,,,,,,,,,,,,,,,,,,,,,,,,,,,,,,12.00,,,,,,,false,false,12,2015-04-01,2016-03-31,-1
2017-05-09,77350,2017-03-31,,300233000000,0.156,,,,,33731000000,0.432,32019000000,0.381,,24168000000,,511.96,,0.184,0.112,0.112,,300659000000,142915000000,0.475,3040.79,142804000000,49024000000,-5860000000,-27479000000,44922000000,,0.170,,,,,,true,false,12,2016-04-01,2017-03-31,0
2017-05-09,77350,2016-03-31,,259675000000,0.093,,,,,23557000000,0.372,23178000000,0.440,,18815000000,,396.75,,0.163,0.089,0.091,,270093000000,120288000000,0.443,2533.41,119649000000,14720000000,-2557000000,-2845000000,30156000000,,0.151,,,,,,true,false,12,2015-04-01,2016-03-31,-1
2017-05-09,77350,2018-03-31,,145000000000,0.065,,,,,14000000000,0.150,13900000000,0.188,,8500000000,,180.99,,,,,,,,,,,,,,,,,,,,,,true,true,6,2017-04-01,2017-09-30,1
2017-05-09,77350,2018-03-31,,305000000000,0.016,,,,,34000000000,0.008,33700000000,0.052,,22300000000,,474.84,,,,,,,,,,,,,,,,0.183,,,,,,true,true,12,2017-04-01,2018-03-31,1
2017-05-09,77350,2017-03-31,,,,,,21483000000,-0.005,6339000000,-0.043,5741000000,-0.083,6418000000,,-0.095,135.96,,,,,,195936000000,82177000000,0.419,1749.84,82177000000,,,,,87.00,,,,50794866,3831798,47207591,false,false,12,2016-04-01,2017-03-31,0
2017-05-09,77350,2016-03-31,,,,,,21587000000,-0.783,6626000000,6.128,6260000000,1.040,7091000000,,1.350,149.53,,,,,,191594000000,76152000000,0.397,1612.43,76152000000,,,,,12.00,,,,50794866,3566169,47424223,false,false,12,2015-04-01,2016-03-31,-1
2017-05-09,77350,2018-03-31,,,,,,,,,,,,,,,,,,,,,,,,,,,,,,87.00,,,,,,,false,true,12,2017-04-01,2018-03-31,1
2017-08-08,77350,2018-03-31,1,72957000000,0.172,,,,,7385000000,0.442,7534000000,0.491,,5148000000,,109.64,,,,,,297579000000,146571000000,0.493,3121.04,146571000000,,,,,,,,,,,,true,false,3,2017-04-01,2017-06-30,0
2017-08-08,77350,2017-03-31,1,62250000000,0.109,,,,,5121000000,0.552,5053000000,0.472,,3716000000,,78.69,,,,,,,,,,,,,,,,,,,,,,true,false,3,2016-04-01,2016-06-30,-1
2017-08-08,77350,2018-03-31,1,151000000000,0.109,,,,,15200000000,0.248,15100000000,0.291,,9600000000,,204.42,,,,,,,,,,,,,,,,,,,,,,true,true,6,2017-04-01,2017-09-30,0
2017-08-08,77350,2018-03-31,1,317000000000,0.056,,,,,37000000000,0.097,36800000000,0.149,,25000000000,,532.34,,,,,,,,,,,,,,,,,,,,,,true,true,12,2017-04-01,2018-03-31,0
2017-08-08,77350,2017-03-31,1,,,,,,,,,,,,,,,,,,,,300659000000,142915000000,0.475,3040.79,142804000000,,,,,,,,,,,,true,false,12,2016-04-01,2017-03-31,-1
2017-08-08,77350,2017-03-31,1,,,,,,,,,,,,,,,,,,,,,,,,,,,,,87.00,,,,50794866,3831798,,false,false,12,2016-04-01,2017-03-31,-1
2017-08-08,77350,2018-03-31,1,,,,,,,,,,,,,,,,,,,,,,,,,,,,,87.00,,,,,,,false,true,12,2017-04-01,2018-03-31,0
2017-08-08,77350,2018-03-31,1,,,,,,,,,,,,,,,,,,,,,,,,,,,,,,,,,50794866,3832512,46962728,false,false,3,2017-04-01,2017-06-30,0
2017-08-08,77350,2017-03-31,1,,,,,,,,,,,,,,,,,,,,,,,,,,,,,,,,,,,47228626,false,false,3,2016-04-01,2016-06-30,-1
2017-10-31,77350,2018-03-31,2,153834000000,0.130,,,,,16918000000,0.389,16482000000,0.409,,10666000000,,227.20,,,,,,320445000000,153647000000,0.479,3279.15,153647000000,,,,,,,,,,,,true,false,6,2017-04-01,2017-09-30,0
2017-10-31,77350,2017-03-31,2,136142000000,0.049,,,,,12178000000,0.127,11696000000,0.101,,9459000000,,200.29,,,,,,,,,,,,,,,,,,,,,,true,false,6,2016-04-01,2016-09-30,-1
2017-10-31,77350,2018-03-31,2,337000000000,0.122,,,,,41000000000,0.215,40600000000,0.268,,27000000000,,575.68,,,,,,,,,,,,,,,,,,,,,,true,true,12,2017-04-01,2018-03-31,0
2017-10-31,77350,2017-03-31,2,,,,,,,,,,,,,,,,,,,,300659000000,142915000000,0.475,3040.79,142804000000,,,,,,,,,,,,true,false,12,2016-04-01,2017-03-31,-1
2017-10-31,77350,2017-03-31,2,,,,,,,,,,,,,,,,,,,,,,,,,,,,,87.00,,,,50794866,3831798,,false,false,12,2016-04-01,2017-03-31,-1
2017-10-31,77350,2018-03-31,2,,,,,,,,,,,,,,,,,,,,,,,,,,,,,100.00,,,,,,,false,true,12,2017-04-01,2018-03-31,0
2017-10-31,77350,2018-03-31,2,,,,,,,,,,,,,,,,,,,,,,,,,,,,,,,,,50794866,3938924,46945341,false,false,6,2017-04-01,2017-09-30,0
2017-10-31,77350,2017-03-31,2,,,,,,,,,,,,,,,,,,,,,,,,,,,,,,,,,,,47228240,false,false,6,2016-04-01,2016-09-30,-1
,77350,2018-03-31,,,,,,,,,,,,,,,,,,,,,,,,,,,,,,100.00,,,,,,,false,true,12,2017-04-01,2018-03-31,0
,77350,2017-03-31,,,,,,,,,,,,,,,,,,,,,,,,,,,,,,87.00,,,,,,,false,false,12,2016-04-01,2017-03-31,-1
2018-01-31,77350,2018-03-31,3,224162000000,0.067,,,,,23791000000,0.116,23028000000,0.108,,15047000000,,320.83,,,,,,334320000000,158999000000,0.475,3406.78,158935000000,,,,,,,,,,,,true,false,9,2017-04-01,2017-12-31,0
2018-01-31,77350,2017-03-31,3,210015000000,0.149,,,,,21327000000,0.424,20788000000,0.409,,16337000000,,345.93,,,,,,,,,,,,,,,,,,,,,,true,false,9,2016-04-01,2016-12-31,-1
2018-01-31,77350,2018-03-31,3,337000000000,0.122,,,,,41500000000,0.230,40300000000,0.259,,27000000000,,576.44,,,,,,,,,,,,,,,,,,,,,,true,true,12,2017-04-01,2018-03-31,0
2018-01-31,77350,2017-03-31,3,,,,,,,,,,,,,,,,,,,,300659000000,142915000000,0.475,3040.79,142804000000,,,,,,,,,,,,true,false,12,2016-04-01,2017-03-31,-1
2018-01-31,77350,2017-03-31,3,,,,,,,,,,,,,,,,,,,,,,,,,,,,,87.00,,,,50794866,3831798,,false,false,12,2016-04-01,2017-03-31,-1
2018-01-31,77350,2018-03-31,3,,,,,,,,,,,,,,,,,,,,,,,,,,,,,100.00,,,,,,,false,true,12,2017-04-01,2018-03-31,0
2018-01-31,77350,2018-03-31,3,,,,,,,,,,,,,,,,,,,,,,,,,,,,,,,,,50794866,4142080,46900282,false,false,9,2017-04-01,2017-12-31,0
2018-01-31,77350,2017-03-31,3,,,,,,,,,,,,,,,,,,,,,,,,,,,,,,,,,,,47227468,false,false,9,2016-04-01,2016-12-31,-1
2018-05-08,77350,2018-03-31,,339368000000,0.130,,,,,42725000000,0.267,41329000000,0.291,,28507000000,,608.62,,0.182,0.124,0.126,,366193000000,170880000000,0.467,3661.96,170839000000,28878000000,-11230000000,-11512000000,50817000000,,0.181,,,,,,true,false,12,2017-04-01,2018-03-31,0
2018-05-08,77350,2017-03-31,,300233000000,0.156,,,,,33731000000,0.432,32019000000,0.381,,24168000000,,511.96,,0.184,0.112,0.112,,300659000000,142915000000,0.475,3040.79,142804000000,49024000000,-5860000000,-27479000000,44922000000,,0.170,,,,,,true,false,12,2016-04-01,2017-03-31,-1
2018-05-08,77350,2019-03-31,,176000000000,0.144,,,,,21000000000,0.241,20000000000,0.213,,13500000000,,288.22,,,,,,,,,,,,,,,,,,,,,,true,true,6,2018-04-01,2018-09-30,1
2018-05-08,77350,2019-03-31,,384000000000,0.132,,,,,53000000000,0.240,51000000000,0.234,,37000000000,,789.94,,,,,,,,,,,,,,,,0.196,,,,,,true,true,12,2018-04-01,2019-03-31,1
2018-05-08,77350,2017-03-31,,,,,,,,,,,,,,,,,,,,,,,,,,,,,,87.00,,,,50794866,3831798,47207591,false,false,12,2016-04-01,2017-03-31,-1
2018-05-08,77350,2018-03-31,,,,,,,,,,,,,,,,,,,,,,,,,,,,,,110.00,,,,50794866,4142444,46839215,false,false,12,2017-04-01,2018-03-31,0
2018-05-08,77350,2019-03-31,,,,,,,,,,,,,,,,,,,,,,,,,,,,,,155.00,,,,,,,false,true,12,2018-04-01,2019-03-31,1
2018-07-31,77350,2019-03-31,1,72541000000,-0.006,,,,,5100000000,-0.309,5108000000,-0.322,,3566000000,,76.44,75.51,,,,,402922000000,168250000000,0.418,,168225000000,,,,,,,,,,,,true,false,3,2018-04-01,2018-06-30,0
2018-07-31,77350,2018-03-31,1,72957000000,0.172,,,,,7385000000,0.442,7534000000,0.491,,5148000000,,109.64,,,,,,,,,,,,,,,,,,,,,,true,false,3,2017-04-01,2017-06-30,-1
2018-07-31,77350,2019-03-31,1,183000000000,0.190,,,,,23000000000,0.359,23000000000,0.395,,15000000000,,321.53,,,,,,,,,,,,,,,,,,,,,,true,true,6,2018-04-01,2018-09-30,0
2018-07-31,77350,2019-03-31,1,384000000000,0.132,,,,,53000000000,0.240,51000000000,0.234,,37000000000,,793.09,,,,,,,,,,,,,,,,,,,,,,true,true,12,2018-04-01,2019-03-31,0
2018-07-31,77350,2018-03-31,1,,,,,,,,,,,,,,,,,,,,365874000000,170880000000,0.467,,170839000000,,,,,,,,,,,,true,false,12,2017-04-01,2018-03-31,-1
2018-07-31,77350,2018-03-31,1,,,,,,,,,,,,,,,,,,,,,,,,,,,,,110.00,,,,50794866,4142444,,false,false,12,2017-04-01,2018-03-31,-1
2018-07-31,77350,2019-03-31,1,,,,,,,,,,,,,,,,,,,,,,,,,,,,,155.00,,,,,,,false,true,12,2018-04-01,2019-03-31,0
2018-07-31,77350,2019-03-31,1,,,,,,,,,,,,,,,,,,,,,,,,,,,,,,,,,50794866,4142119,46652579,false,false,3,2018-04-01,2018-06-30,0
2018-07-31,77350,2018-03-31,1,,,,,,,,,,,,,,,,,,,,,,,,,,,,,,,,,,,46962728,false,false,3,2017-04-01,2017-06-30,-1
2018-10-30,77350,2019-03-31,2,170081000000,0.106,,,,,15188000000,-0.102,15306000000,-0.071,,9585000000,,205.46,198.77,,,,,393760000000,175524000000,0.446,,175499000000,,,,,,,,,,,,true,false,6,2018-04-01,2018-09-30,0
2018-10-30,77350,2018-03-31,2,153834000000,0.130,,,,,16918000000,0.389,16482000000,0.409,,10666000000,,227.20,,,,,,,,,,,,,,,,,,,,,,true,false,6,2017-04-01,2017-09-30,-1
2018-10-30,77350,2019-03-31,2,374000000000,0.102,,,,,43500000000,0.018,42000000000,0.016,,30500000000,,653.77,,,,,,,,,,,,,,,,,,,,,,true,true,12,2018-04-01,2019-03-31,0
2018-10-30,77350,2018-03-31,2,,,,,,,,,,,,,,,,,,,,365874000000,170880000000,0.467,,170839000000,,,,,,,,,,,,true,false,12,2017-04-01,2018-03-31,-1
2018-10-30,77350,2018-03-31,2,,,,,,,,,,,,,,,,,,,,,,,,,,,,,110.00,,,,50794866,4142444,,false,false,12,2017-04-01,2018-03-31,-1
2018-10-30,77350,2019-03-31,2,,,,,,,,,,,,,,,,,,,,,,,,,,,,,155.00,,,,,,,false,true,12,2018-04-01,2019-03-31,0
2018-10-30,77350,2019-03-31,2,,,,,,,,,,,,,,,,,,,,,,,,,,,,,,,,,50794866,4142285,46652624,false,false,6,2018-04-01,2018-09-30,0
2018-10-30,77350,2018-03-31,2,,,,,,,,,,,,,,,,,,,,,,,,,,,,,,,,,,,46945341,false,false,6,2017-04-01,2017-09-30,-1
2019-01-30,77350,2019-03-31,3,252418000000,0.126,,,,,18888000000,-0.206,18672000000,-0.189,,10148000000,,217.53,208.93,,,,,378154000000,169014000000,0.447,,168992000000,,,,,,,,,,,,true,false,9,2018-04-01,2018-12-31,0
2019-01-30,77350,2018-03-31,3,224162000000,0.067,,,,,23791000000,0.116,23028000000,0.108,,15047000000,,320.83,,,,,,,,,,,,,,,,,,,,,,true,false,9,2017-04-01,2017-12-31,-1
2019-01-30,77350,2019-03-31,3,362000000000,0.067,,,,,29000000000,-0.321,28000000000,-0.323,,17000000000,,364.39,,,,,,,,,,,,,,,,,,,,,,true,true,12,2018-04-01,2019-03-31,0
2019-01-30,77350,2018-03-31,3,,,,,,,,,,,,,,,,,,,,365874000000,170880000000,0.467,,170839000000,,,,,,,,,,,,true,false,12,2017-04-01,2018-03-31,-1
2019-01-30,77350,2018-03-31,3,,,,,,,,,,,,,,,,,,,,,,,,,,,,,110.00,,,,50794866,4142444,,false,false,12,2017-04-01,2018-03-31,-1
2019-01-30,77350,2019-03-31,3,,,,,,,,,,,,,,,,,,,,,,,,,,,,,91.00,,,,,,,false,true,12,2018-04-01,2019-03-31,0
2019-01-30,77350,2019-03-31,3,,,,,,,,,,,,,,,,,,,,,,,,,,,,,,,,,50794866,4141685,46652714,false,false,9,2018-04-01,2018-12-31,0
2019-01-30,77350,2018-03-31,3,,,,,,,,,,,,,,,,,,,,,,,,,,,,,,,,,,,46900282,false,false,9,2017-04-01,2017-12-31,-1
2019-05-08,77350,2019-03-31,,364234000000,0.073,,,,,29645000000,-0.306,29279000000,-0.292,,18059000000,,387.10,370.66,0.103,0.078,0.081,,380915000000,179133000000,0.470,3838.90,179115000000,-37534000000,-19020000000,36760000000,30922000000,,0.251,,,,,,true,false,12,2018-04-01,2019-03-31,0
2019-05-08,77350,2018-03-31,,339368000000,0.130,,,,,42725000000,0.267,41329000000,0.291,,28507000000,,608.62,,0.182,0.124,0.126,,365874000000,170880000000,0.467,3661.96,170839000000,28878000000,-11230000000,-11512000000,50817000000,,0.181,,,,,,true,false,12,2017-04-01,2018-03-31,-1
2019-05-08,77350,2020-03-31,,147000000000,-0.136,,,,,4000000000,-0.737,3000000000,-0.804,,2500000000,,53.58,,,,,,,,,,,,,,,,,,,,,,true,true,6,2019-04-01,2019-09-30,1
2019-05-08,77350,2020-03-31,,327000000000,-0.102,,,,,26500000000,-0.106,24000000000,-0.180,,18000000000,,385.79,,,,,,,,,,,,,,,,0.251,,,,,,true,true,12,2019-04-01,2020-03-31,1
2019-05-08,77350,2018-03-31,,,,,,,,,,,,,,,,,,,,,,,,,,,,,,110.00,,,,50794866,4142444,46839215,false,false,12,2017-04-01,2018-03-31,-1
2019-05-08,77350,2019-03-31,,,,,,,,,,,,,,,,,,,,,,,,,,,,,,97.00,,,,50794866,4136788,46653218,false,false,12,2018-04-01,2019-03-31,0
2019-05-08,77350,2020-03-31,,,,,,,,,,,,,,,,,,,,,,,,,,,,,,97.00,,,,,,,false,true,12,2019-04-01,2020-03-31,1
2019-07-29,77350,2020-03-31,1,58230000000,-0.197,,,,,-4428000000,,-4285000000,,,-2918000000,,-62.55,,,,,,373484000000,170200000000,0.455,,169977000000,,,,,,,,,,,,true,false,3,2019-04-01,2019-06-30,0
2019-07-29,77350,2019-03-31,1,72541000000,-0.006,,,,,5100000000,-0.309,5108000000,-0.322,,3566000000,,76.44,75.51,,,,,,,,,,,,,,,,,,,,,true,false,3,2018-04-01,2018-06-30,-1
2019-07-29,77350,2020-03-31,1,145000000000,-0.147,,,,,0,-1.000,-500000000,,,-500000000,,-10.72,,,,,,,,,,,,,,,,,,,,,,true,true,6,2019-04-01,2019-09-30,0
2019-07-29,77350,2020-03-31,1,324000000000,-0.110,,,,,25000000000,-0.157,22500000000,-0.232,,17000000000,,364.33,,,,,,,,,,,,,,,,,,,,,,true,true,12,2019-04-01,2020-03-31,0
2019-07-29,77350,2019-03-31,1,,,,,,,,,,,,,,,,,,,,380915000000,179133000000,0.470,,179115000000,,,,,,,,,,,,true,false,12,2018-04-01,2019-03-31,-1
2019-07-29,77350,2019-03-31,1,,,,,,,,,,,,,,,,,,,,,,,,,,,,,97.00,,,,50794866,4136788,,false,false,12,2018-04-01,2019-03-31,-1
2019-07-29,77350,2020-03-31,1,,,,,,,,,,,,,,,,,,,,,,,,,,,,,97.00,,,,,,,false,true,12,2019-04-01,2020-03-31,0
2019-07-29,77350,2020-03-31,1,,,,,,,,,,,,,,,,,,,,,,,,,,,,,,,,,50794866,4134019,46659648,false,false,3,2019-04-01,2019-06-30,0
2019-07-29,77350,2019-03-31,1,,,,,,,,,,,,,,,,,,,,,,,,,,,,,,,,,,,46652579,false,false,3,2018-04-01,2018-06-30,-1
2019-10-30,77350,2020-03-31,2,148190000000,-0.129,,,,,3439000000,-0.774,3414000000,-0.777,,2382000000,,51.06,48.25,,,,,371415000000,174752000000,0.470,,174539000000,,,,,,,,,,,,true,false,6,2019-04-01,2019-09-30,0
2019-10-30,77350,2019-03-31,2,170081000000,0.106,,,,,15188000000,-0.102,15306000000,-0.071,,9585000000,,205.46,198.77,,,,,,,,,,,,,,,,,,,,,true,false,6,2018-04-01,2018-09-30,-1
2019-10-30,77350,2020-03-31,2,329000000000,-0.097,,,,,25000000000,-0.157,22500000000,-0.232,,17000000000,,364.29,,,,,,,,,,,,,,,,,,,,,,true,true,12,2019-04-01,2020-03-31,0
2019-10-30,77350,2019-03-31,2,,,,,,,,,,,,,,,,,,,,380915000000,179133000000,0.470,,179115000000,,,,,,,,,,,,true,false,12,2018-04-01,2019-03-31,-1
2019-10-30,77350,2019-03-31,2,,,,,,,,,,,,,,,,,,,,,,,,,,,,,97.00,,,,50794866,4136788,,false,false,12,2018-04-01,2019-03-31,-1
2019-10-30,77350,2020-03-31,2,,,,,,,,,,,,,,,,,,,,,,,,,,,,,97.00,,,,,,,false,true,12,2019-04-01,2020-03-31,0
2019-10-30,77350,2020-03-31,2,,,,,,,,,,,,,,,,,,,,,,,,,,,,,,,,,50794866,4125730,46662659,false,false,6,2019-04-01,2019-09-30,0
2019-10-30,77350,2019-03-31,2,,,,,,,,,,,,,,,,,,,,,,,,,,,,,,,,,,,46652624,false,false,6,2018-04-01,2018-09-30,-1
2020-01-29,77350,2020-03-31,3,226051000000,-0.104,,,,,7397000000,-0.608,7193000000,-0.615,,4728000000,,101.34,95.85,,,,,384055000000,181447000000,0.472,,181238000000,,,,,,,,,,,,true,false,9,2019-04-01,2019-12-31,0
2020-01-29,77350,2019-03-31,3,252418000000,0.126,,,,,18888000000,-0.206,18672000000,-0.189,,10148000000,,217.53,208.93,,,,,,,,,,,,,,,,,,,,,true,false,9,2018-04-01,2018-12-31,-1
2020-01-29,77350,2020-03-31,3,327000000000,-0.102,,,,,13000000000,-0.561,11500000000,-0.607,,8500000000,,182.15,,,,,,,,,,,,,,,,,,,,,,true,true,12,2019-04-01,2020-03-31,0
2020-01-29,77350,2019-03-31,3,,,,,,,,,,,,,,,,,,,,380915000000,179133000000,0.470,,179115000000,,,,,,,,,,,,true,false,12,2018-04-01,2019-03-31,-1
2020-01-29,77350,2019-03-31,3,,,,,,,,,,,,,,,,,,,,,,,,,,,,,97.00,,,,50794866,4136788,,false,false,12,2018-04-01,2019-03-31,-1
2020-01-29,77350,2020-03-31,3,,,,,,,,,,,,,,,,,,,,,,,,,,,,,46.00,,,,,,,false,true,12,2019-04-01,2020-03-31,0
2020-01-29,77350,2020-03-31,3,,,,,,,,,,,,,,,,,,,,,,,,,,,,,,,,,50794866,4125417,46664891,false,false,9,2019-04-01,2019-12-31,0
2020-01-29,77350,2019-03-31,3,,,,,,,,,,,,,,,,,,,,,,,,,,,,,,,,,,,46652714,false,false,9,2018-04-01,2018-12-31,-1
2020-05-12,77350,2020-03-31,,323249000000,-0.113,,,,,12561000000,-0.576,11636000000,-0.603,,5010000000,,107.37,101.47,0.028,0.032,0.039,,347964000000,174142000000,0.500,3727.10,173941000000,11811000000,-11293000000,4927000000,35519000000,,0.279,,,,,,true,false,12,2019-04-01,2020-03-31,0
2020-05-12,77350,2019-03-31,,364234000000,0.073,,,,,29645000000,-0.306,29279000000,-0.292,,18059000000,,387.10,370.66,0.103,0.078,0.081,,380915000000,179133000000,0.470,3838.90,179115000000,-37534000000,-19020000000,36760000000,30922000000,,0.251,,,,,,true,false,12,2018-04-01,2019-03-31,-1
2020-05-12,77350,2019-03-31,,,,,,,,,,,,,,,,,,,,,,,,,,,,,,97.00,,,,50794866,4136788,46653218,false,false,12,2018-04-01,2019-03-31,-1
2020-05-12,77350,2020-03-31,,,,,,,,,,,,,,,,,,,,,,,,,,,,,,30.00,,,,50794866,4125447,46666024,false,false,12,2019-04-01,2020-03-31,0
2020-07-29,77350,2021-03-31,1,66880000000,0.149,,,,,1859000000,,1988000000,,,1998000000,,42.82,40.53,,,,,387059000000,178728000000,0.461,,178541000000,,,,,,,,,,,,true,false,3,2020-04-01,2020-06-30,0
2020-07-29,77350,2020-03-31,1,58230000000,-0.197,,,,,-4428000000,,-4285000000,,,-2918000000,,-62.55,,,,,,,,,,,,,,,,,,,,,,true,false,3,2019-04-01,2019-06-30,-1
2020-07-29,77350,2021-03-31,1,141000000000,-0.049,,,,,3500000000,0.018,3000000000,-0.121,,2500000000,,53.57,,,,,,,,,,,,,,,,,,,,,,true,true,6,2020-04-01,2020-09-30,0
2020-07-29,77350,2021-03-31,1,316000000000,-0.022,,,,,18000000000,0.433,15000000000,0.289,,11000000000,,235.70,,,,,,,,,,,,,,,,,,,,,,true,true,12,2020-04-01,2021-03-31,0
2020-07-29,77350,2020-03-31,1,,,,,,,,,,,,,,,,,,,,347964000000,174142000000,0.500,,173941000000,,,,,,,,,,,,true,false,12,2019-04-01,2020-03-31,-1
2020-07-29,77350,2020-03-31,1,,,,,,,,,,,,,,,,,,,,,,,,,,,,,30.00,,,,50794866,4125447,,false,false,12,2019-04-01,2020-03-31,-1
2020-07-29,77350,2021-03-31,1,,,,,,,,,,,,,,,,,,,,,,,,,,,,,60.00,,,,,,,false,true,12,2020-04-01,2021-03-31,0
2020-07-29,77350,2021-03-31,1,,,,,,,,,,,,,,,,,,,,,,,,,,,,,,,,,50794866,4125805,46669213,false,false,3,2020-04-01,2020-06-30,0
2020-07-29,77350,2020-03-31,1,,,,,,,,,,,,,,,,,,,,,,,,,,,,,,,,,,,46659648,false,false,3,2019-04-01,2019-06-30,-1
2020-10-28,77350,2021-03-31,2,142715000000,-0.037,,,,,6485000000,0.886,5427000000,0.590,,3372000000,,72.26,68.37,,,,,349190000000,184935000000,0.529,,184762000000,,,,,,,,,,,,true,false,6,2020-04-01,2020-09-30,0
2020-10-28,77350,2020-03-31,2,148190000000,-0.129,,,,,3439000000,-0.774,3414000000,-0.777,,2382000000,,51.06,48.25,,,,,,,,,,,,,,,,,,,,,true,false,6,2019-04-01,2019-09-30,-1
2020-10-28,77350,2021-03-31,2,313500000000,-0.030,,,,,18000000000,0.433,15000000000,0.289,,11000000000,,235.68,,,,,,,,,,,,,,,,,,,,,,true,true,12,2020-04-01,2021-03-31,0
2020-10-28,77350,2020-03-31,2,,,,,,,,,,,,,,,,,,,,347964000000,174142000000,0.500,,173941000000,,,,,,,,,,,,true,false,12,2019-04-01,2020-03-31,-1
2020-10-28,77350,2020-03-31,2,,,,,,,,,,,,,,,,,,,,,,,,,,,,,30.00,,,,50794866,4125447,,false,false,12,2019-04-01,2020-03-31,-1
2020-10-28,77350,2021-03-31,2,,,,,,,,,,,,,,,,,,,,,,,,,,,,,60.00,,,,,,,false,true,12,2020-04-01,2021-03-31,0
2020-10-28,77350,2021-03-31,2,,,,,,,,,,,,,,,,,,,,,,,,,,,,,,,,,50794866,4118487,46671267,false,false,6,2020-04-01,2020-09-30,0
2020-10-28,77350,2020-03-31,2,,,,,,,,,,,,,,,,,,,,,,,,,,,,,,,,,,,46662659,false,false,6,2019-04-01,2019-09-30,-1
2021-01-28,77350,2021-03-31,3,216467000000,-0.042,,,,,12796000000,0.730,11262000000,0.566,,7964000000,,170.71,161.68,,,,,373962000000,195838000000,0.523,,195672000000,,,,,,,,,,,,true,false,9,2020-04-01,2020-12-31,0
2021-01-28,77350,2020-03-31,3,226051000000,-0.104,,,,,7397000000,-0.608,7193000000,-0.615,,4728000000,,101.34,95.85,,,,,,,,,,,,,,,,,,,,,true,false,9,2019-04-01,2019-12-31,-1
2021-01-28,77350,2021-03-31,3,314000000000,-0.029,,,,,21000000000,0.672,18000000000,0.547,,12000000000,,257.36,,,,,,,,,,,,,,,,,,,,,,true,true,12,2020-04-01,2021-03-31,0
2021-01-28,77350,2020-03-31,3,,,,,,,,,,,,,,,,,,,,347964000000,174142000000,0.500,,173941000000,,,,,,,,,,,,true,false,12,2019-04-01,2020-03-31,-1
2021-01-28,77350,2020-03-31,3,,,,,,,,,,,,,,,,,,,,,,,,,,,,,30.00,,,,50794866,4125447,,false,false,12,2019-04-01,2020-03-31,-1
2021-01-28,77350,2021-03-31,3,,,,,,,,,,,,,,,,,,,,,,,,,,,,,65.00,,,,,,,false,true,12,2020-04-01,2021-03-31,0
2021-01-28,77350,2021-03-31,3,,,,,,,,,,,,,,,,,,,,,,,,,,,,,,,,,50794866,4230520,46652314,false,false,9,2020-04-01,2020-12-31,0
2021-01-28,77350,2020-03-31,3,,,,,,,,,,,,,,,,,,,,,,,,,,,,,,,,,,,46664891,false,false,9,2019-04-01,2019-12-31,-1
2021-05-11,77350,2021-03-31,,320322000000,-0.009,,,,,24492000000,0.950,22720000000,0.953,,15164000000,,325.21,308.17,0.079,0.062,0.076,,382632000000,208548000000,0.545,4475.17,208381000000,57205000000,-6242000000,-27071000000,60744000000,,0.277,,,,,,true,false,12,2020-04-01,2021-03-31,0
2021-05-11,77350,2020-03-31,,323249000000,-0.113,,,,,12561000000,-0.576,11636000000,-0.603,,5010000000,,107.37,101.47,0.028,0.032,0.039,,347964000000,174142000000,0.500,3727.10,173941000000,11811000000,-11293000000,4927000000,35519000000,,0.279,,,,,,true,false,12,2019-04-01,2020-03-31,-1
2021-05-11,77350,2022-03-31,,182000000000,0.275,,,,,17500000000,1.698,16000000000,1.948,,11000000000,,236.23,,,,,,,,,,,,,,,,,,,,,,true,true,6,2021-04-01,2021-09-30,1
2021-05-11,77350,2022-03-31,,372500000000,0.163,,,,,37500000000,0.531,34500000000,0.518,,24000000000,,515.42,,,,,,,,,,,,,,,,0.301,,,,,,true,true,12,2021-04-01,2022-03-31,1
2021-05-11,77350,2020-03-31,,,,,,,,,,,,,,,,,,,,,,,,,,,,,,30.00,,,,50794866,4125447,46666024,false,false,12,2019-04-01,2020-03-31,-1
2021-05-11,77350,2021-03-31,,,,,,,,,,,,,,,,,,,,,,,,,,,,,,90.00,,,,50794866,4231050,46630575,false,false,12,2020-04-01,2021-03-31,0
2021-05-11,77350,2022-03-31,,,,,,,,,,,,,,,,,,,,,,,,,,,,,,155.00,,,,,,,false,true,12,2021-04-01,2022-03-31,1
2021-07-28,77350,2022-03-31,1,82856000000,0.239,,,,,8693000000,3.675,8668000000,3.359,,6081000000,,130.59,123.80,,,,,397887000000,209497000000,0.526,,209328000000,,,,,,,,,,,,true,false,3,2021-04-01,2021-06-30,0
2021-07-28,77350,2021-03-31,1,66880000000,0.149,,,,,1859000000,,1988000000,,,1998000000,,42.82,40.53,,,,,,,,,,,,,,,,,,,,,true,false,3,2020-04-01,2020-06-30,-1
2021-07-28,77350,2022-03-31,1,185500000000,0.300,,,,,19500000000,2.007,18000000000,2.316,,12500000000,,268.43,,,,,,,,,,,,,,,,,,,,,,true,true,6,2021-04-01,2021-09-30,0
2021-07-28,77350,2022-03-31,1,391500000000,0.222,,,,,44500000000,0.817,41000000000,0.805,,28000000000,,601.28,,,,,,,,,,,,,,,,,,,,,,true,true,12,2021-04-01,2022-03-31,0
2021-07-28,77350,2021-03-31,1,,,,,,,,,,,,,,,,,,,,382632000000,208548000000,0.545,,208381000000,,,,,,,,,,,,true,false,12,2020-04-01,2021-03-31,-1
2021-07-28,77350,2021-03-31,1,,,,,,,,,,,,,,,,,,,,,,,,,,,,,90.00,,,,50794866,4231050,,false,false,12,2020-04-01,2021-03-31,-1
2021-07-28,77350,2022-03-31,1,,,,,,,,,,,,,,,,,,,,,,,,,,,,,180.00,,,,,,,false,true,12,2021-04-01,2022-03-31,0
2021-07-28,77350,2022-03-31,1,,,,,,,,,,,,,,,,,,,,,,,,,,,,,,,,,50794866,4227565,46565834,false,false,3,2021-04-01,2021-06-30,0
2021-07-28,77350,2021-03-31,1,,,,,,,,,,,,,,,,,,,,,,,,,,,,,,,,,,,46669213,false,false,3,2020-04-01,2020-06-30,-1
2021-10-27,7735,2022-03-31,2,187206000000,0.312,,,,,24077000000,2.712,23792000000,3.384,,17605000000,,378.04,358.49,,,,,414660000000,222774000000,0.537,,222607000000,,,,,,,,,,,,true,false,6,2021-04-01,2021-09-30,0
2021-10-27,7735,2021-03-31,2,142715000000,-0.037,,,,,6485000000,0.886,5427000000,0.590,,3372000000,,72.26,68.37,,,,,,,,,,,,,,,,,,,,,true,false,6,2020-04-01,2020-09-30,-1
2021-10-27,7735,2022-03-31,2,409000000000,0.277,,,,,54500000000,1.225,51500000000,1.267,,36000000000,,772.96,,,,,,,,,,,,,,,,,,,,,,true,true,12,2021-04-01,2022-03-31,0
2021-10-27,7735,2021-03-31,2,,,,,,,,,,,,,,,,,,,,382632000000,208548000000,0.545,,208381000000,,,,,,,,,,,,true,false,12,2020-04-01,2021-03-31,-1
2021-10-27,7735,2021-03-31,2,,,,,,,,,,,,,,,,,,,,,,,,,,,,,90.00,,,,50794866,4231050,,false,false,12,2020-04-01,2021-03-31,-1
2021-10-27,7735,2022-03-31,2,,,,,,,,,,,,,,,,,,,,,,,,,,,,,231.00,,,,,,,false,true,12,2021-04-01,2022-03-31,0
2021-10-27,7735,2022-03-31,2,,,,,,,,,,,,,,,,,,,,,,,,,,,,,,,,,50794866,4216540,46569646,false,false,6,2021-04-01,2021-09-30,0
2021-10-27,7735,2021-03-31,2,,,,,,,,,,,,,,,,,,,,,,,,,,,,,,,,,,,46671267,false,false,6,2020-04-01,2020-09-30,-1
2022-01-28,7735,2022-03-31,3,291107000000,0.345,,,,,40162000000,2.138,39913000000,2.544,,29618000000,,635.96,603.11,,,,,454649000000,237307000000,0.522,,237154000000,,,,,,,,,,,,true,false,9,2021-04-01,2021-12-31,0
2022-01-28,7735,2021-03-31,3,216467000000,-0.042,,,,,12796000000,0.730,11262000000,0.566,,7964000000,,170.71,161.68,,,,,,,,,,,,,,,,,,,,,true,false,9,2020-04-01,2020-12-31,-1
2022-01-28,7735,2022-03-31,3,409000000000,0.277,,,,,54500000000,1.225,51500000000,1.267,,36000000000,,772.97,,,,,,,,,,,,,,,,,,,,,,true,true,12,2021-04-01,2022-03-31,0
2022-01-28,7735,2021-03-31,3,,,,,,,,,,,,,,,,,,,,382632000000,208548000000,0.545,,208381000000,,,,,,,,,,,,true,false,12,2020-04-01,2021-03-31,-1
2022-01-28,7735,2021-03-31,3,,,,,,,,,,,,,,,,,,,,,,,,,,,,,90.00,,,,50794866,4231050,,false,false,12,2020-04-01,2021-03-31,-1
2022-01-28,7735,2022-03-31,3,,,,,,,,,,,,,,,,,,,,,,,,,,,,,231.00,,,,,,,false,true,12,2021-04-01,2022-03-31,0
2022-01-28,7735,2022-03-31,3,,,,,,,,,,,,,,,,,,,,,,,,,,,,,,,,,50794866,4216778,46572492,false,false,9,2021-04-01,2021-12-31,0
2022-01-28,7735,2021-03-31,3,,,,,,,,,,,,,,,,,,,,,,,,,,,,,,,,,,,46652314,false,false,9,2020-04-01,2020-12-31,-1
2022-05-11,7735,2022-03-31,,411865000000,0.286,,,,,61273000000,1.502,59438000000,1.616,,45481000000,,976.55,926.17,0.199,0.141,0.149,,459305000000,247788000000,0.539,5318.32,247715000000,81752000000,-9952000000,-4951000000,131011000000,,0.300,,,,,,true,false,12,2021-04-01,2022-03-31,0
2022-05-11,7735,2021-03-31,,320322000000,-0.009,,,,,24492000000,0.950,22720000000,0.953,,15164000000,,325.21,308.17,0.079,0.062,0.076,,382632000000,208548000000,0.545,4475.17,208381000000,57205000000,-6242000000,-27071000000,60744000000,,0.277,,,,,,true,false,12,2020-04-01,2021-03-31,-1
2022-05-11,7735,2023-03-31,,219500000000,0.172,,,,,32000000000,0.329,31000000000,0.303,,22000000000,,472.33,,,,,,,,,,,,,,,,,,,,,,true,true,6,2022-04-01,2022-09-30,1
2022-05-11,7735,2023-03-31,,460000000000,0.117,,,,,74500000000,0.216,73000000000,0.228,,50000000000,,1073.47,,,,,,,,,,,,,,,,0.300,,,,,,true,true,12,2022-04-01,2023-03-31,1
2022-05-11,7735,2021-03-31,,,,,,,,,,,,,,,,,,,,,,,,,,,,,,90.00,,,,50794866,4231050,46630575,false,false,12,2020-04-01,2021-03-31,-1
2022-05-11,7735,2022-03-31,,,,,,,,,,,,,,,,,,,,,,,,,,,,,,293.00,,,,50794866,4217043,46573843,false,false,12,2021-04-01,2022-03-31,0
2022-05-11,7735,2023-03-31,,,,,,,,,,,,,,,,,,,,,,,,,,,,,,322.00,,,,,,,false,true,12,2022-04-01,2023-03-31,1
2022-07-27,7735,2023-03-31,1,101826000000,0.229,,,,,17849000000,1.053,18206000000,1.100,,16091000000,,343.56,326.57,,,,,472518000000,260894000000,0.552,,260837000000,,,,,,,,,,,,true,false,3,2022-04-01,2022-06-30,0
2022-07-27,7735,2022-03-31,1,82856000000,0.239,,,,,8693000000,3.675,8668000000,3.359,,6081000000,,130.59,123.80,,,,,,,,,,,,,,,,,,,,,true,false,3,2021-04-01,2021-06-30,-1
2022-07-27,7735,2023-03-31,1,215000000000,0.148,,,,,34500000000,0.433,33500000000,0.408,,26000000000,,551.79,,,,,,,,,,,,,,,,,,,,,,true,true,6,2022-04-01,2022-09-30,0
2022-07-27,7735,2023-03-31,1,460000000000,0.117,,,,,74500000000,0.216,73000000000,0.228,,50000000000,,1058.01,,,,,,,,,,,,,,,,,,,,,,true,true,12,2022-04-01,2023-03-31,0
2022-07-27,7735,2022-03-31,1,,,,,,,,,,,,,,,,,,,,459305000000,247788000000,0.539,,247715000000,,,,,,,,,,,,true,false,12,2021-04-01,2022-03-31,-1
2022-07-27,7735,2022-03-31,1,,,,,,,,,,,,,,,,,,,,,,,,,,,,,293.00,,,,50794866,4217043,,false,false,12,2021-04-01,2022-03-31,-1
2022-07-27,7735,2023-03-31,1,,,,,,,,,,,,,,,,,,,,,,,,,,,,,322.00,,,,,,,false,true,12,2022-04-01,2023-03-31,0
2022-07-27,7735,2023-03-31,1,,,,,,,,,,,,,,,,,,,,,,,,,,,,,,,,,50794866,3396297,46837735,false,false,3,2022-04-01,2022-06-30,0
2022-07-27,7735,2022-03-31,1,,,,,,,,,,,,,,,,,,,,,,,,,,,,,,,,,,,46565834,false,false,3,2021-04-01,2021-06-30,-1
2022-10-28,7735,2023-03-31,2,218404000000,0.167,,,,,38172000000,0.585,38690000000,0.626,,29691000000,,630.08,613.91,,,,,477427000000,274589000000,0.575,,274543000000,,,,,,,,,,,,true,false,6,2022-04-01,2022-09-30,0
2022-10-28,7735,2022-03-31,2,187206000000,0.312,,,,,24077000000,2.712,23792000000,3.384,,17605000000,,378.04,358.49,,,,,,,,,,,,,,,,,,,,,true,false,6,2021-04-01,2021-09-30,-1
2022-10-28,7735,2023-03-31,2,460000000000,0.117,,,,,74500000000,0.216,73000000000,0.228,,50000000000,,1057.84,,,,,,,,,,,,,,,,,,,,,,true,true,12,2022-04-01,2023-03-31,0
2022-10-28,7735,2022-03-31,2,,,,,,,,,,,,,,,,,,,,459305000000,247788000000,0.539,,247715000000,,,,,,,,,,,,true,false,12,2021-04-01,2022-03-31,-1
2022-10-28,7735,2022-03-31,2,,,,,,,,,,,,,,,,,,,,,,,,,,,,,293.00,,,,50794866,4217043,,false,false,12,2021-04-01,2022-03-31,-1
2022-10-28,7735,2023-03-31,2,,,,,,,,,,,,,,,,,,,,,,,,,,,,,322.00,,,,,,,false,true,12,2022-04-01,2023-03-31,0
2022-10-28,7735,2023-03-31,2,,,,,,,,,,,,,,,,,,,,,,,,,,,,,,,,,50794866,3384706,47123006,false,false,6,2022-04-01,2022-09-30,0
2022-10-28,7735,2022-03-31,2,,,,,,,,,,,,,,,,,,,,,,,,,,,,,,,,,,,46569646,false,false,6,2021-04-01,2021-09-30,-1
2023-01-31,7735,2023-03-31,3,335243000000,0.152,,,,,56655000000,0.411,57194000000,0.433,,41841000000,,886.12,863.44,,,,,541866000000,283705000000,0.523,,283655000000,,,,,,,,,,,,true,false,9,2022-04-01,2022-12-31,0
2023-01-31,7735,2022-03-31,3,291107000000,0.345,,,,,40162000000,2.138,39913000000,2.544,,29618000000,,635.96,603.11,,,,,,,,,,,,,,,,,,,,,true,false,9,2021-04-01,2021-12-31,-1
2023-01-31,7735,2023-03-31,3,460000000000,0.117,,,,,74500000000,0.216,73000000000,0.228,,50000000000,,1057.84,,,,,,,,,,,,,,,,,,,,,,true,true,12,2022-04-01,2023-03-31,0
2023-01-31,7735,2022-03-31,3,,,,,,,,,,,,,,,,,,,,459305000000,247788000000,0.539,,247715000000,,,,,,,,,,,,true,false,12,2021-04-01,2022-03-31,-1
2023-01-31,7735,2022-03-31,3,,,,,,,,,,,,,,,,,,,,,,,,,,,,,293.00,,,,50794866,4217043,,false,false,12,2021-04-01,2022-03-31,-1
2023-01-31,7735,2023-03-31,3,,,,,,,,,,,,,,,,,,,,,,,,,,,,,322.00,,,,,,,false,true,12,2022-04-01,2023-03-31,0
2023-01-31,7735,2023-03-31,3,,,,,,,,,,,,,,,,,,,,,,,,,,,,,,,,,50794866,3384929,47219039,false,false,9,2022-04-01,2022-12-31,0
2023-01-31,7735,2022-03-31,3,,,,,,,,,,,,,,,,,,,,,,,,,,,,,,,,,,,46572492,false,false,9,2021-04-01,2021-12-31,-1
2023-05-10,7735,2023-03-31,,460834000000,0.119,,,,,76452000000,0.248,77393000000,0.302,,57491000000,,1216.33,1185.25,0.210,0.151,0.166,,562816000000,299926000000,0.533,6325.44,299888000000,73906000000,-12514000000,-20961000000,173660000000,,0.300,,,,,,true,false,12,2022-04-01,2023-03-31,0
2023-05-10,7735,2022-03-31,,411865000000,0.286,,,,,61273000000,1.502,59438000000,1.616,,45481000000,,976.55,926.17,0.199,0.141,0.149,,459305000000,247788000000,0.539,5318.32,247715000000,81752000000,-9952000000,-4951000000,131011000000,,0.300,,,,,,true,false,12,2021-04-01,2022-03-31,-1
2023-05-10,7735,2024-03-31,,229000000000,0.049,,,,,35500000000,-0.070,34000000000,-0.121,,22000000000,,464.04,,,,,,,,,,,,,,,,,,,,,,true,true,6,2023-04-01,2023-09-30,1
2023-05-10,7735,2024-03-31,,495000000000,0.074,,,,,85000000000,0.112,82000000000,0.060,,58000000000,,611.69,,,,,,,,,,,,,,,,0.301,,,,,,true,true,12,2023-04-01,2024-03-31,1
2023-05-10,7735,2022-03-31,,,,,,,,,,,,,,,,,,,,,,,,,,,,,,293.00,,,,50794866,4217043,46573843,false,false,12,2021-04-01,2022-03-31,-1
2023-05-10,7735,2023-03-31,,,,,,,,,,,,,,,,,,,,,,,,,,,,,,365.00,,,,50794866,3385014,47266104,false,false,12,2022-04-01,2023-03-31,0
2023-05-10,7735,2024-03-31,,,,,,,,,,,,,,,,,,,,,,,,,,,,,,114.00,,,,,,,false,true,12,2023-04-01,2024-03-31,1
2023-07-28,7735,2024-03-31,1,99690000000,-0.021,,,,,13418000000,-0.248,13683000000,-0.248,,9428000000,,198.86,193.69,,,,,611729000000,299104000000,0.489,,299056000000,,,,,,,,,,,,true,false,3,2023-04-01,2023-06-30,0
2023-07-28,7735,2023-03-31,1,101826000000,0.229,,,,,17849000000,1.053,18206000000,1.100,,16091000000,,343.56,326.57,,,,,,,,,,,,,,,,,,,,,true,false,3,2022-04-01,2022-06-30,-1
2023-07-28,7735,2024-03-31,1,215500000000,-0.013,,,,,32500000000,-0.149,31000000000,-0.199,,20000000000,,421.83,,,,,,,,,,,,,,,,,,,,,,true,true,6,2023-04-01,2023-09-30,0
2023-07-28,7735,2024-03-31,1,495000000000,0.074,,,,,85000000000,0.112,82000000000,0.060,,58000000000,,611.65,,,,,,,,,,,,,,,,,,,,,,true,true,12,2023-04-01,2024-03-31,0
2023-07-28,7735,2023-03-31,1,,,,,,,,,,,,,,,,,,,,562816000000,299926000000,0.533,,299888000000,,,,,,,,,,,,true,false,12,2022-04-01,2023-03-31,-1
2023-07-28,7735,2023-03-31,1,,,,,,,,,,,,,,,,,,,,,,,,,,,,,365.00,,,,50794866,3385014,,false,false,12,2022-04-01,2023-03-31,-1
2023-07-28,7735,2024-03-31,1,,,,,,,,,,,,,,,,,,,,,,,,,,,,,114.00,,,,,,,false,true,12,2023-04-01,2024-03-31,0
2023-07-28,7735,2024-03-31,1,,,,,,,,,,,,,,,,,,,,,,,,,,,,,,,,,50794866,3381977,47411718,false,false,3,2023-04-01,2023-06-30,0
2023-07-28,7735,2023-03-31,1,,,,,,,,,,,,,,,,,,,,,,,,,,,,,,,,,,,46837735,false,false,3,2022-04-01,2022-06-30,-1
2023-10-31,7735,2024-03-31,2,223260000000,0.022,,,,,38550000000,0.010,39374000000,0.018,,26347000000,,277.84,270.63,,,,,635600000000,316365000000,0.498,,316323000000,,,,,,,,,,,,true,false,6,2023-04-01,2023-09-30,0
2023-10-31,7735,2023-03-31,2,218404000000,0.167,,,,,38172000000,0.585,38690000000,0.626,,29691000000,,315.04,306.96,,,,,,,,,,,,,,,,,,,,,true,false,6,2022-04-01,2022-09-30,-1
2023-10-31,7735,2024-03-31,2,500000000000,0.085,,,,,87500000000,0.145,86000000000,0.111,,60000000000,,632.65,,,,,,,,,,,,,,,,,,,,,,true,true,12,2023-04-01,2024-03-31,0
2023-10-31,7735,2023-03-31,2,,,,,,,,,,,,,,,,,,,,562816000000,299926000000,0.533,,299888000000,,,,,,,,,,,,true,false,12,2022-04-01,2023-03-31,-1
2023-10-31,7735,2023-03-31,2,,,,,,,,,,,,,,,,,,,,,,,,,,,,,365.00,,,,101589732,6770028,,false,false,12,2022-04-01,2023-03-31,-1
2023-10-31,7735,2024-03-31,2,,,,,,,,,,,,,,,,,,,,,,,,,,,,,167.00,,,,,,,false,false,12,2023-04-01,2024-03-31,0
2023-10-31,7735,2024-03-31,2,,,,,,,,,,,,,,,,,,,,,,,,,,,,,107.00,,,,,,,false,true,12,2023-04-01,2024-03-31,0
2023-10-31,7735,2024-03-31,2,,,,,,,,,,,,,,,,,,,,,,,,,,,,,,,,,101589732,6742770,94830738,false,false,6,2023-04-01,2023-09-30,0
2023-10-31,7735,2023-03-31,2,,,,,,,,,,,,,,,,,,,,,,,,,,,,,,,,,,,94246012,false,false,6,2022-04-01,2022-09-30,-1
2024-01-31,7735,2024-03-31,3,347831000000,0.038,,,,,63691000000,0.124,64690000000,0.131,,44597000000,,470.26,458.06,,,,,691440000000,325755000000,0.471,,325718000000,,,,,,,,,,,,true,false,9,2023-04-01,2023-12-31,0
2024-01-31,7735,2023-03-31,3,335243000000,0.152,,,,,56655000000,0.411,57194000000,0.433,,41841000000,,443.06,431.72,,,,,,,,,,,,,,,,,,,,,true,false,9,2022-04-01,2022-12-31,-1
2024-01-31,7735,2024-03-31,3,500000000000,0.085,,,,,88500000000,0.158,88500000000,0.144,,64000000000,,674.83,,,,,,,,,,,,,,,,,,,,,,true,true,12,2023-04-01,2024-03-31,0
2024-01-31,7735,2023-03-31,3,,,,,,,,,,,,,,,,,,,,562816000000,299926000000,0.533,,299888000000,,,,,,,,,,,,true,false,12,2022-04-01,2023-03-31,-1
2024-01-31,7735,2023-03-31,3,,,,,,,,,,,,,,,,,,,,,,,,,,,,,365.00,,,,101589732,6770028,,false,false,12,2022-04-01,2023-03-31,-1
2024-01-31,7735,2024-03-31,3,,,,,,,,,,,,,,,,,,,,,,,,,,,,,167.00,,,,,,,false,false,12,2023-04-01,2024-03-31,0
2024-01-31,7735,2024-03-31,3,,,,,,,,,,,,,,,,,,,,,,,,,,,,,119.00,,,,,,,false,true,12,2023-04-01,2024-03-31,0
2024-01-31,7735,2024-03-31,3,,,,,,,,,,,,,,,,,,,,,,,,,,,,,,,,,101589732,6743265,94836062,false,false,9,2023-04-01,2023-12-31,0
2024-01-31,7735,2023-03-31,3,,,,,,,,,,,,,,,,,,,,,,,,,,,,,,,,,,,94438078,false,false,9,2022-04-01,2022-12-31,-1
2024-05-09,7735,2024-03-31,,504916000000,0.096,,,,,94164000000,0.232,94279000000,0.218,,70579000000,,742.10,725.54,0.210,0.152,0.186,,676808000000,371911000000,0.549,3831.10,371866000000,96255000000,-43456000000,-35142000000,195423000000,,0.301,,,,,,true,false,12,2023-04-01,2024-03-31,0
2024-05-09,7735,2023-03-31,,460834000000,0.119,,,,,76452000000,0.248,77393000000,0.302,,57491000000,,608.16,592.63,0.210,0.151,0.166,,562816000000,299926000000,0.533,3162.72,299888000000,73906000000,-12514000000,-20961000000,173660000000,,0.300,,,,,,true,false,12,2022-04-01,2023-03-31,-1
2024-05-09,7735,2025-03-31,,276000000000,0.236,,,,,48000000000,0.245,48000000000,0.219,,32000000000,,329.68,,,,,,,,,,,,,,,,,,,,,,true,true,6,2024-04-01,2024-09-30,1
2024-05-09,7735,2025-03-31,,560000000000,0.109,,,,,100000000000,0.062,100000000000,0.061,,72000000000,,741.77,,,,,,,,,,,,,,,,0.302,,,,,,true,true,12,2024-04-01,2025-03-31,1
2024-05-09,7735,2023-03-31,,,,,,,,,,,,,,,,,,,,,,,,,,,,,,365.00,,,,101589732,6770028,94532208,false,false,12,2022-04-01,2023-03-31,-1
2024-05-09,7735,2024-03-31,,,,,,,,,,,,,,,,,,,,,,,,,,,,,,140.00,,,,101589732,4524478,95108270,false,false,12,2023-04-01,2024-03-31,0
2024-05-09,7735,2025-03-31,,,,,,,,,,,,,,,,,,,,,,,,,,,,,,224.00,,,,,,,false,true,12,2024-04-01,2025-03-31,1
2024-07-26,7735,2025-03-31,1,134217000000,0.346,,,,,27768000000,1.069,27893000000,1.039,,18215000000,,187.62,187.07,,,,,632097000000,382486000000,0.605,,382440000000,,,,,,,,,,,,true,false,3,2024-04-01,2024-06-30,0
2024-07-26,7735,2024-03-31,1,99690000000,-0.021,,,,,13418000000,-0.248,13683000000,-0.248,,9428000000,,99.43,96.84,,,,,,,,,,,,,,,,,,,,,true,false,3,2023-04-01,2023-06-30,-1
2024-07-26,7735,2025-03-31,1,280500000000,0.256,,,,,53000000000,0.375,53000000000,0.346,,35000000000,,360.46,,,,,,,,,,,,,,,,,,,,,,true,true,6,2024-04-01,2024-09-30,0
2024-07-26,7735,2025-03-31,1,564500000000,0.118,,,,,105000000000,0.115,105000000000,0.114,,75000000000,,772.35,,,,,,,,,,,,,,,,,,,,,,true,true,12,2024-04-01,2025-03-31,0
2024-07-26,7735,2024-03-31,1,,,,,,,,,,,,,,,,,,,,676808000000,371911000000,0.549,,371866000000,,,,,,,,,,,,true,false,12,2023-04-01,2024-03-31,-1
2024-07-26,7735,2024-03-31,1,,,,,,,,,,,,,,,,,,,,,,,,,,,,,140.00,,,,101589732,4524478,,false,false,12,2023-04-01,2024-03-31,-1
2024-07-26,7735,2025-03-31,1,,,,,,,,,,,,,,,,,,,,,,,,,,,,,233.00,,,,,,,false,true,12,2024-04-01,2025-03-31,0
2024-07-26,7735,2025-03-31,1,,,,,,,,,,,,,,,,,,,,,,,,,,,,,,,,,101589732,4477385,97086391,false,false,3,2024-04-01,2024-06-30,0
2024-07-26,7735,2024-03-31,1,,,,,,,,,,,,,,,,,,,,,,,,,,,,,,,,,,,94823436,false,false,3,2023-04-01,2023-06-30,-1
2024-08-13,7735,2025-03-31,1,134217000000,0.346,,,,,27768000000,1.069,27893000000,1.039,,18215000000,,187.62,187.07,,,,,632097000000,382486000000,0.605,,382440000000,,,,,,,,,,,,true,false,3,2024-04-01,2024-06-30,0
2024-08-13,7735,2024-03-31,1,99690000000,-0.021,,,,,13418000000,-0.248,13683000000,-0.248,,9428000000,,99.43,96.84,,,,,,,,,,,,,,,,,,,,,true,false,3,2023-04-01,2023-06-30,-1
2024-08-13,7735,2025-03-31,1,280500000000,0.256,,,,,53000000000,0.375,53000000000,0.346,,35000000000,,360.46,,,,,,,,,,,,,,,,,,,,,,true,true,6,2024-04-01,2024-09-30,0
2024-08-13,7735,2025-03-31,1,564500000000,0.118,,,,,105000000000,0.115,105000000000,0.114,,75000000000,,772.35,,,,,,,,,,,,,,,,,,,,,,true,true,12,2024-04-01,2025-03-31,0
2024-08-13,7735,2024-03-31,1,,,,,,,,,,,,,,,,,,,,676808000000,371911000000,0.549,,371866000000,,,,,,,,,,,,true,false,12,2023-04-01,2024-03-31,-1
2024-08-13,7735,2024-03-31,1,,,,,,,,,,,,,,,,,,,,,,,,,,,,,140.00,,,,101589732,4524478,,false,false,12,2023-04-01,2024-03-31,-1
2024-08-13,7735,2025-03-31,1,,,,,,,,,,,,,,,,,,,,,,,,,,,,,233.00,,,,,,,false,true,12,2024-04-01,2025-03-31,0
2024-08-13,7735,2025-03-31,1,,,,,,,,,,,,,,,,,,,,,,,,,,,,,,,,,101589732,4477385,97086391,false,false,3,2024-04-01,2024-06-30,0
2024-08-13,7735,2024-03-31,1,,,,,,,,,,,,,,,,,,,,,,,,,,,,,,,,,,,94823436,false,false,3,2023-04-01,2023-06-30,-1
2024-10-31,7735,2025-03-31,2,277399000000,0.242,,,,,58231000000,0.511,58650000000,0.490,,38838000000,,399.51,398.79,,,,,668121000000,395172000000,0.591,,395119000000,,,,,,,,,,,,true,false,6,2024-04-01,2024-09-30,0
2024-10-31,7735,2024-03-31,2,223260000000,0.022,,,,,38550000000,0.010,39374000000,0.018,,26347000000,,277.84,270.63,,,,,,,,,,,,,,,,,,,,,true,false,6,2023-04-01,2023-09-30,-1
2024-10-31,7735,2025-03-31,2,577000000000,0.143,,,,,113500000000,0.205,113500000000,0.204,,80000000000,,822.30,,,,,,,,,,,,,,,,,,,,,,true,true,12,2024-04-01,2025-03-31,0
2024-10-31,7735,2024-03-31,2,,,,,,,,,,,,,,,,,,,,676808000000,371911000000,0.549,,371866000000,,,,,,,,,,,,true,false,12,2023-04-01,2024-03-31,-1
2024-10-31,7735,2024-03-31,2,,,,,,,,,,,,,,,,,,,,,,,,,,,,,140.00,,,,101589732,4524478,,false,false,12,2023-04-01,2024-03-31,-1
2024-10-31,7735,2025-03-31,2,,,,,,,,,,,,,,,,,,,,,,,,,,,,,120.00,,,,,,,false,false,12,2024-04-01,2025-03-31,0
2024-10-31,7735,2025-03-31,2,,,,,,,,,,,,,,,,,,,,,,,,,,,,,247.00,,,,,,,false,true,12,2024-04-01,2025-03-31,0
2024-10-31,7735,2025-03-31,2,,,,,,,,,,,,,,,,,,,,,,,,,,,,,,,,,101589732,4229119,97215382,false,false,6,2024-04-01,2024-09-30,0
2024-10-31,7735,2024-03-31,2,,,,,,,,,,,,,,,,,,,,,,,,,,,,,,,,,,,94830738,false,false,6,2023-04-01,2023-09-30,-1
2025-01-31,7735,2025-03-31,3,459964000000,0.322,,,,,100619000000,0.580,102341000000,0.582,,69514000000,,714.70,713.70,,,,,676863000000,415935000000,0.614,,415885000000,,,,,,,,,,,,true,false,9,2024-04-01,2024-12-31,0
2025-01-31,7735,2024-03-31,3,347831000000,0.038,,,,,63691000000,0.124,64690000000,0.131,,44597000000,,470.26,458.06,,,,,,,,,,,,,,,,,,,,,true,false,9,2023-04-01,2023-12-31,-1
2025-01-31,7735,2025-03-31,3,616000000000,0.220,,,,,126000000000,0.338,127500000000,0.352,,91500000000,,940.48,,,,,,,,,,,,,,,,,,,,,,true,true,12,2024-04-01,2025-03-31,0
2025-01-31,7735,2024-03-31,3,,,,,,,,,,,,,,,,,,,,676808000000,371911000000,0.549,,371866000000,,,,,,,,,,,,true,false,12,2023-04-01,2024-03-31,-1
2025-01-31,7735,2024-03-31,3,,,,,,,,,,,,,,,,,,,,,,,,,,,,,140.00,,,,101589732,4524478,,false,false,12,2023-04-01,2024-03-31,-1
2025-01-31,7735,2025-03-31,3,,,,,,,,,,,,,,,,,,,,,,,,,,,,,120.00,,,,,,,false,false,12,2024-04-01,2025-03-31,0
2025-01-31,7735,2025-03-31,3,,,,,,,,,,,,,,,,,,,,,,,,,,,,,283.00,,,,,,,false,true,12,2024-04-01,2025-03-31,0
2025-01-31,7735,2025-03-31,3,,,,,,,,,,,,,,,,,,,,,,,,,,,,,,,,,101589732,4219039,97264804,false,false,9,2024-04-01,2024-12-31,0
2025-01-31,7735,2024-03-31,3,,,,,,,,,,,,,,,,,,,,,,,,,,,,,,,,,,,94836062,false,false,9,2023-04-01,2023-12-31,-1
2025-02-13,7735,2025-03-31,3,459964000000,0.322,,,,,100619000000,0.580,102341000000,0.582,,69514000000,,714.70,713.70,,,,,676863000000,415935000000,0.614,,415885000000,,,,,,,,,,,,true,false,9,2024-04-01,2024-12-31,0
2025-02-13,7735,2024-03-31,3,347831000000,0.038,,,,,63691000000,0.124,64690000000,0.131,,44597000000,,470.26,458.06,,,,,,,,,,,,,,,,,,,,,true,false,9,2023-04-01,2023-12-31,-1
2025-02-13,7735,2025-03-31,3,616000000000,0.220,,,,,126000000000,0.338,127500000000,0.352,,91500000000,,940.48,,,,,,,,,,,,,,,,,,,,,,true,true,12,2024-04-01,2025-03-31,0
2025-02-13,7735,2024-03-31,3,,,,,,,,,,,,,,,,,,,,676808000000,371911000000,0.549,,371866000000,,,,,,,,,,,,true,false,12,2023-04-01,2024-03-31,-1
2025-02-13,7735,2024-03-31,3,,,,,,,,,,,,,,,,,,,,,,,,,,,,,140.00,,,,101589732,4524478,,false,false,12,2023-04-01,2024-03-31,-1
2025-02-13,7735,2025-03-31,3,,,,,,,,,,,,,,,,,,,,,,,,,,,,,120.00,,,,,,,false,false,12,2024-04-01,2025-03-31,0
2025-02-13,7735,2025-03-31,3,,,,,,,,,,,,,,,,,,,,,,,,,,,,,283.00,,,,,,,false,true,12,2024-04-01,2025-03-31,0
2025-02-13,7735,2025-03-31,3,,,,,,,,,,,,,,,,,,,,,,,,,,,,,,,,,101589732,4219039,97264804,false,false,9,2024-04-01,2024-12-31,0
2025-02-13,7735,2024-03-31,3,,,,,,,,,,,,,,,,,,,,,,,,,,,,,,,,,,,94836062,false,false,9,2023-04-01,2023-12-31,-1
2025-05-09,7735,2025-03-31,,625269000000,0.238,,,,,135683000000,0.441,138265000000,0.467,,99467000000,,1023.54,1022.31,0.251,0.205,0.217,,671287000000,420694000000,0.627,4398.46,420640000000,71234000000,-21772000000,-46466000000,198478000000,,0.301,,,,,,true,false,12,2024-04-01,2025-03-31,0
2025-05-09,7735,2024-03-31,,504916000000,0.096,,,,,94164000000,0.232,94279000000,0.218,,70579000000,,742.10,725.54,0.210,0.152,0.186,,676808000000,371911000000,0.549,3831.10,371866000000,96255000000,-43456000000,-35142000000,195423000000,,0.301,,,,,,true,false,12,2023-04-01,2024-03-31,-1
2025-05-09,7735,2026-03-31,,299500000000,0.080,,,,,54500000000,-0.064,54500000000,-0.071,,38500000000,,407.70,,,,,,,,,,,,,,,,,,,,,,true,true,6,2025-04-01,2025-09-30,1
2025-05-09,7735,2026-03-31,,621000000000,-0.007,,,,,117000000000,-0.138,117000000000,-0.154,,88000000000,,932.09,,,,,,,,,,,,,,,,0.300,,,,,,true,true,12,2025-04-01,2026-03-31,1
2025-05-09,7735,2024-03-31,,,,,,,,,,,,,,,,,,,,,,,,,,,,,,140.00,,,,101589732,4524478,95108270,false,false,12,2023-04-01,2024-03-31,-1
2025-05-09,7735,2025-03-31,,,,,,,,,,,,,,,,,,,,,,,,,,,,,,308.00,,,,101589732,5956039,97179972,false,false,12,2024-04-01,2025-03-31,0
2025-05-09,7735,2026-03-31,,,,,,,,,,,,,,,,,,,,,,,,,,,,,,280.00,,,,,,,false,true,12,2025-04-01,2026-03-31,1
2025-07-25,7735,2026-03-31,1,135785000000,0.012,,,,,24386000000,-0.122,24569000000,-0.119,,16687000000,,176.52,176.52,,,,,639028000000,412036000000,0.645,,411928000000,,,,,,,,,,,,true,false,3,2025-04-01,2025-06-30,0
2025-07-25,7735,2025-03-31,1,134217000000,0.346,,,,,27768000000,1.069,27893000000,1.039,,18215000000,,187.62,187.07,,,,,,,,,,,,,,,,,,,,,true,false,3,2024-04-01,2024-06-30,-1
2025-07-25,7735,2026-03-31,1,299500000000,0.080,,,,,54500000000,-0.064,54500000000,-0.071,,38500000000,,407.41,,,,,,,,,,,,,,,,,,,,,,true,true,6,2025-04-01,2025-09-30,0
2025-07-25,7735,2026-03-31,1,621000000000,-0.007,,,,,117000000000,-0.138,117000000000,-0.154,,88000000000,,931.38,,,,,,,,,,,,,,,,,,,,,,true,true,12,2025-04-01,2026-03-31,0
2025-07-25,7735,2025-03-31,1,,,,,,,,,,,,,,,,,,,,671287000000,420694000000,0.627,,420640000000,,,,,,,,,,,,true,false,12,2024-04-01,2025-03-31,-1
2025-07-25,7735,2025-03-31,1,,,,,,,,,,,,,,,,,,,,,,,,,,,,,308.00,,,,101589732,5956039,,false,false,12,2024-04-01,2025-03-31,-1
2025-07-25,7735,2026-03-31,1,,,,,,,,,,,,,,,,,,,,,,,,,,,,,280.00,,,,,,,false,true,12,2025-04-01,2026-03-31,0
2025-07-25,7735,2026-03-31,1,,,,,,,,,,,,,,,,,,,,,,,,,,,,,,,,,101589732,7123070,94531983,false,false,3,2025-04-01,2025-06-30,0
2025-07-25,7735,2025-03-31,1,,,,,,,,,,,,,,,,,,,,,,,,,,,,,,,,,,,97086391,false,false,3,2024-04-01,2024-06-30,-1
2025-08-13,7735,2026-03-31,1,135785000000,0.012,,,,,24386000000,-0.122,24569000000,-0.119,,16687000000,,176.52,176.52,,,,,639028000000,412036000000,0.645,,411928000000,,,,,,,,,,,,true,false,3,2025-04-01,2025-06-30,0
2025-08-13,7735,2025-03-31,1,134217000000,0.346,,,,,27768000000,1.069,27893000000,1.039,,18215000000,,187.62,187.07,,,,,,,,,,,,,,,,,,,,,true,false,3,2024-04-01,2024-06-30,-1
2025-08-13,7735,2026-03-31,1,299500000000,0.080,,,,,54500000000,-0.064,54500000000,-0.071,,38500000000,,407.41,,,,,,,,,,,,,,,,,,,,,,true,true,6,2025-04-01,2025-09-30,0
2025-08-13,7735,2026-03-31,1,621000000000,-0.007,,,,,117000000000,-0.138,117000000000,-0.154,,88000000000,,931.38,,,,,,,,,,,,,,,,,,,,,,true,true,12,2025-04-01,2026-03-31,0
2025-08-13,7735,2025-03-31,1,,,,,,,,,,,,,,,,,,,,671287000000,420694000000,0.627,,420640000000,,,,,,,,,,,,true,false,12,2024-04-01,2025-03-31,-1
2025-08-13,7735,2025-03-31,1,,,,,,,,,,,,,,,,,,,,,,,,,,,,,308.00,,,,101589732,5956039,,false,false,12,2024-04-01,2025-03-31,-1
2025-08-13,7735,2026-03-31,1,,,,,,,,,,,,,,,,,,,,,,,,,,,,,280.00,,,,,,,false,true,12,2025-04-01,2026-03-31,0
2025-08-13,7735,2026-03-31,1,,,,,,,,,,,,,,,,,,,,,,,,,,,,,,,,,101589732,7123070,94531983,false,false,3,2025-04-01,2025-06-30,0
2025-08-13,7735,2025-03-31,1,,,,,,,,,,,,,,,,,,,,,,,,,,,,,,,,,,,97086391,false,false,3,2024-04-01,2024-06-30,-1
