filing_date,code,fiscal_year_end,quarterly_period,net_sales,net_sales_change,revenue,revenue_change,operating_revenue,operating_revenue_change,operating_profit,operating_profit_change,ordinary_profit,ordinary_profit_change,net_income,net_income_of_parent,net_income_change,eps,diluted_eps,roe,roa,operating_profit_to_net_sales,operating_profit_to_revenue,total_assets,net_assets,equity_ratio,bps,owner_equity,operating_cash_flow,investing_cash_flow,financing_cash_flow,cash,dividend_per_share,payout_ratio,commemorative_dividend,extra_dividend,number_of_shares,number_of_treqsury_shares,avg_number_of_shares,is_consolidated,is_forecast,duration,period_start,period_end,period_pos
2015-05-12,77410,2015-03-31,,,,,,,,,,,,,92804000000,,218.23,217.63,,,,,733732000000,,,,,115380000000,-27387000000,-85929000000,,,0.344,,,,,,true,false,12,2014-04-01,2015-03-31,0
2015-05-12,77410,2014-03-31,,,,,,,,,,,,,58390000000,,135.26,135.04,,,,,704283000000,,,,,102670000000,-20882000000,-27794000000,,,0.554,,,,,,true,false,12,2013-04-01,2014-03-31,-1
2015-05-12,77410,2014-03-31,,,,,,,,,,,,,,,,,,,,,,,,,,,,,,75.00,,,,435017020,2922321,431678077,false,false,12,2013-04-01,2014-03-31,-1
2015-05-12,77410,2015-03-31,,,,,,,,,,,,,,,,,,,,,,,,,,,,,,75.00,,,,425782920,1851943,425248943,false,false,12,2014-04-01,2015-03-31,0
2015-07-29,77410,2016-03-31,1,,,,,,,,,,,,23344000000,,55.33,55.17,,,,,711034000000,,,,,,,,,,,,,,,,true,false,3,2015-04-01,2015-06-30,0
2015-07-29,77410,2015-03-31,1,,,,,,,,,,,,17798000000,,41.36,41.26,,,,,,,,,,,,,,,,,,,,,true,false,3,2014-04-01,2014-06-30,-1
2015-07-29,77410,2016-03-31,1,,,,,,,,,,,,44000000000,,105.16,,,,,,,,,,,,,,,,,,,,,,true,true,6,2015-04-01,2015-09-30,0
2015-07-29,77410,2015-03-31,1,,,,,,,,,,,,,,,,,,,,733732000000,,,,,,,,,,,,,,,,true,false,12,2014-04-01,2015-03-31,-1
2015-07-29,77410,2015-03-31,1,,,,,,,,,,,,,,,,,,,,,,,,,,,,,75.00,,,,425782920,1851943,,false,false,12,2014-04-01,2015-03-31,-1
2015-07-29,77410,2016-03-31,1,,,,,,,,,,,,,,,,,,,,,,,,,,,,,,,,,425782920,9891383,421887582,false,false,3,2015-04-01,2015-06-30,0
2015-07-29,77410,2015-03-31,1,,,,,,,,,,,,,,,,,,,,,,,,,,,,,,,,,,,430302320,false,false,3,2014-04-01,2014-06-30,-1
2015-10-29,77410,2016-03-31,2,,,,,,,,,,,,50381000000,,120.40,120.05,,,,,717909000000,,,,,,,,,,,,,,,,true,false,6,2015-04-01,2015-09-30,0
2015-10-29,77410,2015-03-31,2,,,,,,,,,,,,44948000000,,105.30,105.04,,,,,,,,,,,,,,,,,,,,,true,false,6,2014-04-01,2014-09-30,-1
2015-10-29,77410,2015-03-31,2,,,,,,,,,,,,,,,,,,,,733732000000,,,,,,,,,,,,,,,,true,false,12,2014-04-01,2015-03-31,-1
2015-10-29,77410,2015-03-31,2,,,,,,,,,,,,,,,,,,,,,,,,,,,,,75.00,,,,425782920,1851943,,false,false,12,2014-04-01,2015-03-31,-1
2015-10-29,77410,2016-03-31,2,,,,,,,,,,,,,,,,,,,,,,,,,,,,,30.00,,,,,,,false,false,12,2015-04-01,2016-03-31,0
2015-10-29,77410,2016-03-31,2,,,,,,,,,,,,,,,,,,,,,,,,,,,,,,,,,416304320,1313703,418433436,false,false,6,2015-04-01,2015-09-30,0
2015-10-29,77410,2015-03-31,2,,,,,,,,,,,,,,,,,,,,,,,,,,,,,,,,,,,426851294,false,false,6,2014-04-01,2014-09-30,-1
2016-01-29,77410,2016-03-31,3,,,,,,,,,,,,74440000000,,178.56,178.06,,,,,701681000000,,,,,,,,,,,,,,,,true,false,9,2015-04-01,2015-12-31,0
2016-01-29,77410,2015-03-31,3,,,,,,,,,,,,73851000000,,173.47,173.02,,,,,,,,,,,,,,,,,,,,,true,false,9,2014-04-01,2014-12-31,-1
2016-01-29,77410,2016-03-31,3,,,,,,,,,,,,93000000000,,224.83,,,,,,,,,,,,,,,,,,,,,,true,true,12,2015-04-01,2016-03-31,0
2016-01-29,77410,2015-03-31,3,,,,,,,,,,,,,,,,,,,,733732000000,,,,,,,,,,,,,,,,true,false,12,2014-04-01,2015-03-31,-1
2016-01-29,77410,2015-03-31,3,,,,,,,,,,,,,,,,,,,,,,,,,,,,,75.00,,,,425782920,1851943,,false,false,12,2014-04-01,2015-03-31,-1
2016-01-29,77410,2016-03-31,3,,,,,,,,,,,,,,,,,,,,,,,,,,,,,30.00,,,,,,,false,false,12,2015-04-01,2016-03-31,0
2016-01-29,77410,2016-03-31,3,,,,,,,,,,,,,,,,,,,,,,,,,,,,,,,,,416304320,6317305,416894805,false,false,9,2015-04-01,2015-12-31,0
2016-01-29,77410,2015-03-31,3,,,,,,,,,,,,,,,,,,,,,,,,,,,,,,,,,,,425729455,false,false,9,2014-04-01,2014-12-31,-1
2016-05-09,77410,2016-03-31,,,,,,,,,,,,,93175000000,,225.45,224.85,,,,,639007000000,,,,,131889000000,-15161000000,-161519000000,,,0.333,,,,,,true,false,12,2015-04-01,2016-03-31,0
2016-05-09,77410,2015-03-31,,,,,,,,,,,,,92804000000,,218.23,217.63,,,,,733732000000,,,,,115380000000,-27387000000,-85929000000,,,0.344,,,,,,true,false,12,2014-04-01,2015-03-31,-1
2016-05-09,77410,2015-03-31,,,,,,,,,,,,,,,,,,,,,,,,,,,,,,75.00,,,,425782920,1851943,425248943,false,false,12,2014-04-01,2015-03-31,-1
2016-05-09,77410,2016-03-31,,,,,,,,,,,,,,,,,,,,,,,,,,,,,,75.00,,,,404607520,7992337,413281891,false,false,12,2015-04-01,2016-03-31,0
2016-07-29,77410,2017-03-31,1,,,,,,,,,,,,17908000000,,45.28,45.20,,,,,582578000000,,,,,,,,,,,,,,,,true,false,3,2016-04-01,2016-06-30,0
2016-07-29,77410,2016-03-31,1,,,,,,,,,,,,23344000000,,55.33,55.17,,,,,,,,,,,,,,,,,,,,,true,false,3,2015-04-01,2015-06-30,-1
2016-07-29,77410,2017-03-31,1,,,,,,,,,,,,38500000000,,97.35,,,,,,,,,,,,,,,,,,,,,,true,true,6,2016-04-01,2016-09-30,0
2016-07-29,77410,2016-03-31,1,,,,,,,,,,,,,,,,,,,,639007000000,,,,,,,,,,,,,,,,true,false,12,2015-04-01,2016-03-31,-1
2016-07-29,77410,2016-03-31,1,,,,,,,,,,,,,,,,,,,,,,,,,,,,,75.00,,,,404607520,7992337,,false,false,12,2015-04-01,2016-03-31,-1
2016-07-29,77410,2017-03-31,1,,,,,,,,,,,,,,,,,,,,,,,,,,,,,,,,,404607520,9150089,395517519,false,false,3,2016-04-01,2016-06-30,0
2016-07-29,77410,2016-03-31,1,,,,,,,,,,,,,,,,,,,,,,,,,,,,,,,,,,,421887582,false,false,3,2015-04-01,2015-06-30,-1
2016-10-28,77410,2017-03-31,2,,,,,,,,,,,,42762000000,,108.62,108.42,,,,,577787000000,,,,,,,,,,,,,,,,true,false,6,2016-04-01,2016-09-30,0
2016-10-28,77410,2016-03-31,2,,,,,,,,,,,,50381000000,,120.40,120.05,,,,,,,,,,,,,,,,,,,,,true,false,6,2015-04-01,2015-09-30,-1
2016-10-28,77410,2016-03-31,2,,,,,,,,,,,,,,,,,,,,639007000000,,,,,,,,,,,,,,,,true,false,12,2015-04-01,2016-03-31,-1
2016-10-28,77410,2016-03-31,2,,,,,,,,,,,,,,,,,,,,,,,,,,,,,75.00,,,,404607520,7992337,,false,false,12,2015-04-01,2016-03-31,-1
2016-10-28,77410,2017-03-31,2,,,,,,,,,,,,,,,,,,,,,,,,,,,,,30.00,,,,,,,false,false,12,2016-04-01,2017-03-31,0
2016-10-28,77410,2017-03-31,2,,,,,,,,,,,,,,,,,,,,,,,,,,,,,,,,,397453520,9644689,393697556,false,false,6,2016-04-01,2016-09-30,0
2016-10-28,77410,2016-03-31,2,,,,,,,,,,,,,,,,,,,,,,,,,,,,,,,,,,,418433436,false,false,6,2015-04-01,2015-09-30,-1
2017-01-31,77410,2017-03-31,3,,,,,,,,,,,,67817000000,,173.11,172.79,,,,,649339000000,,,,,,,,,,,,,,,,true,false,9,2016-04-01,2016-12-31,0
2017-01-31,77410,2016-03-31,3,,,,,,,,,,,,74440000000,,178.56,178.06,,,,,,,,,,,,,,,,,,,,,true,false,9,2015-04-01,2015-12-31,-1
2017-01-31,77410,2017-03-31,3,,,,,,,,,,,,87000000000,,222.61,,,,,,,,,,,,,,,,,,,,,,true,true,12,2016-04-01,2017-03-31,0
2017-01-31,77410,2016-03-31,3,,,,,,,,,,,,,,,,,,,,639007000000,,,,,,,,,,,,,,,,true,false,12,2015-04-01,2016-03-31,-1
2017-01-31,77410,2016-03-31,3,,,,,,,,,,,,,,,,,,,,,,,,,,,,,75.00,,,,404607520,7992337,,false,false,12,2015-04-01,2016-03-31,-1
2017-01-31,77410,2017-03-31,3,,,,,,,,,,,,,,,,,,,,,,,,,,,,,30.00,,,,,,,false,false,12,2016-04-01,2017-03-31,0
2017-01-31,77410,2017-03-31,3,,,,,,,,,,,,,,,,,,,,,,,,,,,,,,,,,389779920,1832057,391756369,false,false,9,2016-04-01,2016-12-31,0
2017-01-31,77410,2016-03-31,3,,,,,,,,,,,,,,,,,,,,,,,,,,,,,,,,,,,416894805,false,false,9,2015-04-01,2015-12-31,-1
2017-05-11,77410,2017-03-31,,,,,,,,,,,,,86740000000,,221.93,221.49,,,,,659583000000,,,,,107662000000,-27507000000,-64289000000,,,0.338,,,,,,true,false,12,2016-04-01,2017-03-31,0
2017-05-11,77410,2016-03-31,,,,,,,,,,,,,93175000000,,225.45,224.85,,,,,639007000000,,,,,131889000000,-15161000000,-161519000000,,,0.333,,,,,,true,false,12,2015-04-01,2016-03-31,-1
2017-05-11,77410,2016-03-31,,,,,,,,,,,,,,,,,,,,,,,,,,,,,,75.00,,,,404607520,7992337,413281891,false,false,12,2015-04-01,2016-03-31,-1
2017-05-11,77410,2017-03-31,,,,,,,,,,,,,,,,,,,,,,,,,,,,,,75.00,,,,389779920,1686149,390837455,false,false,12,2016-04-01,2017-03-31,0
2017-07-27,77410,2018-03-31,1,,,,,,,,,,,,25119000000,,64.71,64.56,,,,,665762000000,,,,,,,,,,,,,,,,true,false,3,2017-04-01,2017-06-30,0
2017-07-27,77410,2017-03-31,1,,,,,,,,,,,,17908000000,,45.28,45.20,,,,,,,,,,,,,,,,,,,,,true,false,3,2016-04-01,2016-06-30,-1
2017-07-27,77410,2018-03-31,1,,,,,,,,,,,,47500000000,,122.35,,,,,,,,,,,,,,,,,,,,,,true,true,6,2017-04-01,2017-09-30,0
2017-07-27,77410,2017-03-31,1,,,,,,,,,,,,,,,,,,,,659583000000,,,,,,,,,,,,,,,,true,false,12,2016-04-01,2017-03-31,-1
2017-07-27,77410,2017-03-31,1,,,,,,,,,,,,,,,,,,,,,,,,,,,,,75.00,,,,389779920,1686149,,false,false,12,2016-04-01,2017-03-31,-1
2017-07-27,77410,2018-03-31,1,,,,,,,,,,,,,,,,,,,,,,,,,,,,,,,,,389779920,1517824,388209423,false,false,3,2017-04-01,2017-06-30,0
2017-07-27,77410,2017-03-31,1,,,,,,,,,,,,,,,,,,,,,,,,,,,,,,,,,,,395517519,false,false,3,2016-04-01,2016-06-30,-1
2017-10-27,77410,2018-03-31,2,,,,,,,,,,,,52285000000,,134.81,134.47,,,,,662314000000,,,,,,,,,,,,,,,,true,false,6,2017-04-01,2017-09-30,0
2017-10-27,77410,2017-03-31,2,,,,,,,,,,,,42762000000,,108.62,108.42,,,,,,,,,,,,,,,,,,,,,true,false,6,2016-04-01,2016-09-30,-1
2017-10-27,77410,2017-03-31,2,,,,,,,,,,,,,,,,,,,,659583000000,,,,,,,,,,,,,,,,true,false,12,2016-04-01,2017-03-31,-1
2017-10-27,77410,2017-03-31,2,,,,,,,,,,,,,,,,,,,,,,,,,,,,,75.00,,,,389779920,1686149,,false,false,12,2016-04-01,2017-03-31,-1
2017-10-27,77410,2018-03-31,2,,,,,,,,,,,,,,,,,,,,,,,,,,,,,30.00,,,,,,,false,false,12,2017-04-01,2018-03-31,0
2017-10-27,77410,2018-03-31,2,,,,,,,,,,,,,,,,,,,,,,,,,,,,,,,,,389779920,4463968,387851475,false,false,6,2017-04-01,2017-09-30,0
2017-10-27,77410,2017-03-31,2,,,,,,,,,,,,,,,,,,,,,,,,,,,,,,,,,,,393697556,false,false,6,2016-04-01,2016-09-30,-1
2018-01-30,77410,2018-03-31,3,,,,,,,,,,,,80122000000,,207.22,206.72,,,,,655990000000,,,,,,,,,,,,,,,,true,false,9,2017-04-01,2017-12-31,0
2018-01-30,77410,2017-03-31,3,,,,,,,,,,,,67817000000,,173.11,172.79,,,,,,,,,,,,,,,,,,,,,true,false,9,2016-04-01,2016-12-31,-1
2018-01-30,77410,2018-03-31,3,,,,,,,,,,,,104500000000,,271.47,,,,,,,,,,,,,,,,,,,,,,true,true,12,2017-04-01,2018-03-31,0
2018-01-30,77410,2017-03-31,3,,,,,,,,,,,,,,,,,,,,659583000000,,,,,,,,,,,,,,,,true,false,12,2016-04-01,2017-03-31,-1
2018-01-30,77410,2017-03-31,3,,,,,,,,,,,,,,,,,,,,,,,,,,,,,75.00,,,,389779920,1686149,,false,false,12,2016-04-01,2017-03-31,-1
2018-01-30,77410,2018-03-31,3,,,,,,,,,,,,,,,,,,,,,,,,,,,,,30.00,,,,,,,false,false,12,2017-04-01,2018-03-31,0
2018-01-30,77410,2018-03-31,3,,,,,,,,,,,,,,,,,,,,,,,,,,,,,,,,,385736420,4583774,386650814,false,false,9,2017-04-01,2017-12-31,0
2018-01-30,77410,2017-03-31,3,,,,,,,,,,,,,,,,,,,,,,,,,,,,,,,,,,,391756369,false,false,9,2016-04-01,2016-12-31,-1
2018-05-10,77410,2018-03-31,,,,,,,,,,,,,99494000000,,258.46,257.88,,,,,650645000000,,,,,135499000000,-68533000000,-117333000000,,,0.290,,,,,,true,false,12,2017-04-01,2018-03-31,0
2018-05-10,77410,2017-03-31,,,,,,,,,,,,,86740000000,,221.93,221.49,,,,,659583000000,,,,,107662000000,-27507000000,-64289000000,,,0.338,,,,,,true,false,12,2016-04-01,2017-03-31,-1
2018-05-10,77410,2017-03-31,,,,,,,,,,,,,,,,,,,,,,,,,,,,,,75.00,,,,389779920,1686149,390837455,false,false,12,2016-04-01,2017-03-31,-1
2018-05-10,77410,2018-03-31,,,,,,,,,,,,,,,,,,,,,,,,,,,,,,75.00,,,,381436420,1922074,384945997,false,false,12,2017-04-01,2018-03-31,0
2018-08-03,77410,2019-03-31,1,,,,,,,,,,,,28506000000,,75.11,74.96,,,,,662134000000,,,,,,,,,,,,,,,,true,false,3,2018-04-01,2018-06-30,0
2018-08-03,77410,2018-03-31,1,,,,,,,,,,,,25119000000,,64.71,64.56,,,,,,,,,,,,,,,,,,,,,true,false,3,2017-04-01,2017-06-30,-1
2018-08-03,77410,2019-03-31,1,,,,,,,,,,,,56000000000,,147.54,,,,,,,,,,,,,,,,,,,,,,true,true,6,2018-04-01,2018-09-30,0
2018-08-03,77410,2018-03-31,1,,,,,,,,,,,,,,,,,,,,650645000000,,,,,,,,,,,,,,,,true,false,12,2017-04-01,2018-03-31,-1
2018-08-03,77410,2018-03-31,1,,,,,,,,,,,,,,,,,,,,,,,,,,,,,75.00,,,,381436420,1922074,,false,false,12,2017-04-01,2018-03-31,-1
2018-08-03,77410,2019-03-31,1,,,,,,,,,,,,,,,,,,,,,,,,,,,,,,,,,381436420,1877764,379539089,false,false,3,2018-04-01,2018-06-30,0
2018-08-03,77410,2018-03-31,1,,,,,,,,,,,,,,,,,,,,,,,,,,,,,,,,,,,388209423,false,false,3,2017-04-01,2017-06-30,-1
2018-10-31,77410,2019-03-31,2,,,,,,,,,,,,59838000000,,157.64,157.32,,,,,717197000000,,,,,,,,,,,,,,,,true,false,6,2018-04-01,2018-09-30,0
2018-10-31,77410,2018-03-31,2,,,,,,,,,,,,52285000000,,134.81,134.47,,,,,,,,,,,,,,,,,,,,,true,false,6,2017-04-01,2017-09-30,-1
2018-10-31,77410,2018-03-31,2,,,,,,,,,,,,,,,,,,,,650645000000,,,,,,,,,,,,,,,,true,false,12,2017-04-01,2018-03-31,-1
2018-10-31,77410,2018-03-31,2,,,,,,,,,,,,,,,,,,,,,,,,,,,,,75.00,,,,381436420,1922074,,false,false,12,2017-04-01,2018-03-31,-1
2018-10-31,77410,2019-03-31,2,,,,,,,,,,,,,,,,,,,,,,,,,,,,,45.00,,,,,,,false,false,12,2018-04-01,2019-03-31,0
2018-10-31,77410,2019-03-31,2,,,,,,,,,,,,,,,,,,,,,,,,,,,,,,,,,381436420,1740964,379585156,false,false,6,2018-04-01,2018-09-30,0
2018-10-31,77410,2018-03-31,2,,,,,,,,,,,,,,,,,,,,,,,,,,,,,,,,,,,387851475,false,false,6,2017-04-01,2017-09-30,-1
2019-02-01,77410,2019-03-31,3,,,,,,,,,,,,93000000000,,244.95,244.49,,,,,719758000000,,,,,,,,,,,,,,,,true,false,9,2018-04-01,2018-12-31,0
2019-02-01,77410,2018-03-31,3,,,,,,,,,,,,80122000000,,207.22,206.72,,,,,,,,,,,,,,,,,,,,,true,false,9,2017-04-01,2017-12-31,-1
2019-02-01,77410,2019-03-31,3,,,,,,,,,,,,120200000000,,316.54,,,,,,,,,,,,,,,,,,,,,,true,true,12,2018-04-01,2019-03-31,0
2019-02-01,77410,2018-03-31,3,,,,,,,,,,,,,,,,,,,,650645000000,,,,,,,,,,,,,,,,true,false,12,2017-04-01,2018-03-31,-1
2019-02-01,77410,2018-03-31,3,,,,,,,,,,,,,,,,,,,,,,,,,,,,,75.00,,,,381436420,1922074,,false,false,12,2017-04-01,2018-03-31,-1
2019-02-01,77410,2019-03-31,3,,,,,,,,,,,,,,,,,,,,,,,,,,,,,45.00,,,,,,,false,false,12,2018-04-01,2019-03-31,0
2019-02-01,77410,2019-03-31,3,,,,,,,,,,,,,,,,,,,,,,,,,,,,,,,,,381436420,1542237,379666712,false,false,9,2018-04-01,2018-12-31,0
2019-02-01,77410,2018-03-31,3,,,,,,,,,,,,,,,,,,,,,,,,,,,,,,,,,,,386650814,false,false,9,2017-04-01,2017-12-31,-1
2019-05-07,77410,2019-03-31,,,,,,,,,,,,,122103000000,,321.55,320.96,,,,,763915000000,,,,,146588000000,-70144000000,-32792000000,,,0.280,,,,,,true,false,12,2018-04-01,2019-03-31,0
2019-05-07,77410,2018-03-31,,,,,,,,,,,,,99494000000,,258.46,257.88,,,,,650645000000,,,,,135499000000,-68533000000,-117333000000,,,0.290,,,,,,true,false,12,2017-04-01,2018-03-31,-1
2019-05-07,77410,2018-03-31,,,,,,,,,,,,,,,,,,,,,,,,,,,,,,75.00,,,,381436420,1922074,384945997,false,false,12,2017-04-01,2018-03-31,-1
2019-05-07,77410,2019-03-31,,,,,,,,,,,,,,,,,,,,,,,,,,,,,,90.00,,,,381436420,1468817,379734522,false,false,12,2018-04-01,2019-03-31,0
2019-07-30,77410,2020-03-31,1,,,,,,,,,,,,30045000000,,79.22,79.07,,,,,763222000000,,,,,,,,,,,,,,,,true,false,3,2019-04-01,2019-06-30,0
2019-07-30,77410,2019-03-31,1,,,,,,,,,,,,28506000000,,75.11,74.96,,,,,,,,,,,,,,,,,,,,,true,false,3,2018-04-01,2018-06-30,-1
2019-07-30,77410,2020-03-31,1,,,,,,,,,,,,60000000000,,158.64,,,,,,,,,,,,,,,,,,,,,,true,true,6,2019-04-01,2019-09-30,0
2019-07-30,77410,2019-03-31,1,,,,,,,,,,,,,,,,,,,,763915000000,,,,,,,,,,,,,,,,true,false,12,2018-04-01,2019-03-31,-1
2019-07-30,77410,2019-03-31,1,,,,,,,,,,,,,,,,,,,,,,,,,,,,,90.00,,,,381436420,1468817,,false,false,12,2018-04-01,2019-03-31,-1
2019-07-30,77410,2020-03-31,1,,,,,,,,,,,,,,,,,,,,,,,,,,,,,,,,,381436420,3843694,379274830,false,false,3,2019-04-01,2019-06-30,0
2019-07-30,77410,2019-03-31,1,,,,,,,,,,,,,,,,,,,,,,,,,,,,,,,,,,,379539089,false,false,3,2018-04-01,2018-06-30,-1
2019-10-29,77410,2020-03-31,2,,,,,,,,,,,,64911000000,,171.64,171.33,,,,,796761000000,,,,,,,,,,,,,,,,true,false,6,2019-04-01,2019-09-30,0
2019-10-29,77410,2019-03-31,2,,,,,,,,,,,,59838000000,,157.64,157.32,,,,,,,,,,,,,,,,,,,,,true,false,6,2018-04-01,2018-09-30,-1
2019-10-29,77410,2019-03-31,2,,,,,,,,,,,,,,,,,,,,763915000000,,,,,,,,,,,,,,,,true,false,12,2018-04-01,2019-03-31,-1
2019-10-29,77410,2019-03-31,2,,,,,,,,,,,,,,,,,,,,,,,,,,,,,90.00,,,,381436420,1468817,,false,false,12,2018-04-01,2019-03-31,-1
2019-10-29,77410,2020-03-31,2,,,,,,,,,,,,,,,,,,,,,,,,,,,,,45.00,,,,,,,false,false,12,2019-04-01,2020-03-31,0
2019-10-29,77410,2020-03-31,2,,,,,,,,,,,,,,,,,,,,,,,,,,,,,,,,,381436420,4416607,378192611,false,false,6,2019-04-01,2019-09-30,0
2019-10-29,77410,2019-03-31,2,,,,,,,,,,,,,,,,,,,,,,,,,,,,,,,,,,,379585156,false,false,6,2018-04-01,2018-09-30,-1
2020-02-04,77410,2020-03-31,3,,,,,,,,,,,,94454000000,,250.11,249.66,,,,,813433000000,,,,,,,,,,,,,,,,true,false,9,2019-04-01,2019-12-31,0
2020-02-04,77410,2019-03-31,3,,,,,,,,,,,,93000000000,,244.95,244.49,,,,,,,,,,,,,,,,,,,,,true,false,9,2018-04-01,2018-12-31,-1
2020-02-04,77410,2020-03-31,3,,,,,,,,,,,,123000000000,,326.01,,,,,,,,,,,,,,,,,,,,,,true,true,12,2019-04-01,2020-03-31,0
2020-02-04,77410,2019-03-31,3,,,,,,,,,,,,,,,,,,,,763915000000,,,,,,,,,,,,,,,,true,false,12,2018-04-01,2019-03-31,-1
2020-02-04,77410,2019-03-31,3,,,,,,,,,,,,,,,,,,,,,,,,,,,,,90.00,,,,381436420,1468817,,false,false,12,2018-04-01,2019-03-31,-1
2020-02-04,77410,2020-03-31,3,,,,,,,,,,,,,,,,,,,,,,,,,,,,,45.00,,,,,,,false,false,12,2019-04-01,2020-03-31,0
2020-02-04,77410,2020-03-31,3,,,,,,,,,,,,,,,,,,,,,,,,,,,,,,,,,378351220,2156494,377652892,false,false,9,2019-04-01,2019-12-31,0
2020-02-04,77410,2019-03-31,3,,,,,,,,,,,,,,,,,,,,,,,,,,,,,,,,,,,379666712,false,false,9,2018-04-01,2018-12-31,-1
2020-05-08,77410,2020-03-31,,,,,,,,,,,,,114406000000,,303.27,302.74,,,,,811008000000,,,,,163366000000,-47384000000,-85468000000,,,0.297,,,,,,true,false,12,2019-04-01,2020-03-31,0
2020-05-08,77410,2019-03-31,,,,,,,,,,,,,122103000000,,321.55,320.96,,,,,763915000000,,,,,146588000000,-70144000000,-32792000000,,,0.280,,,,,,true,false,12,2018-04-01,2019-03-31,-1
2020-05-08,77410,2019-03-31,,,,,,,,,,,,,,,,,,,,,,,,,,,,,,90.00,,,,381436420,1468817,379734522,false,false,12,2018-04-01,2019-03-31,-1
2020-05-08,77410,2020-03-31,,,,,,,,,,,,,,,,,,,,,,,,,,,,,,90.00,,,,378351220,3351436,377238150,false,false,12,2019-04-01,2020-03-31,0
2020-07-28,77410,2021-03-31,1,,,,,,,,,,,,25884000000,,69.06,68.95,,,,,787606000000,,,,,,,,,,,,,,,,true,false,3,2020-04-01,2020-06-30,0
2020-07-28,77410,2020-03-31,1,,,,,,,,,,,,30045000000,,79.22,79.07,,,,,,,,,,,,,,,,,,,,,true,false,3,2019-04-01,2019-06-30,-1
2020-07-28,77410,2021-03-31,1,,,,,,,,,,,,53500000000,,142.75,,,,,,,,,,,,,,,,,,,,,,true,true,6,2020-04-01,2020-09-30,0
2020-07-28,77410,2020-03-31,1,,,,,,,,,,,,,,,,,,,,811008000000,,,,,,,,,,,,,,,,true,false,12,2019-04-01,2020-03-31,-1
2020-07-28,77410,2020-03-31,1,,,,,,,,,,,,,,,,,,,,,,,,,,,,,90.00,,,,378351220,3351436,,false,false,12,2019-04-01,2020-03-31,-1
2020-07-28,77410,2021-03-31,1,,,,,,,,,,,,,,,,,,,,,,,,,,,,,,,,,375881120,1116987,374773142,false,false,3,2020-04-01,2020-06-30,0
2020-07-28,77410,2020-03-31,1,,,,,,,,,,,,,,,,,,,,,,,,,,,,,,,,,,,379274830,false,false,3,2019-04-01,2019-06-30,-1
2020-10-27,77410,2021-03-31,2,,,,,,,,,,,,57730000000,,154.04,153.77,,,,,825941000000,,,,,,,,,,,,,,,,true,false,6,2020-04-01,2020-09-30,0
2020-10-27,77410,2020-03-31,2,,,,,,,,,,,,64911000000,,171.64,171.33,,,,,,,,,,,,,,,,,,,,,true,false,6,2019-04-01,2019-09-30,-1
2020-10-27,77410,2020-03-31,2,,,,,,,,,,,,,,,,,,,,811008000000,,,,,,,,,,,,,,,,true,false,12,2019-04-01,2020-03-31,-1
2020-10-27,77410,2020-03-31,2,,,,,,,,,,,,,,,,,,,,,,,,,,,,,90.00,,,,378351220,3351436,,false,false,12,2019-04-01,2020-03-31,-1
2020-10-27,77410,2021-03-31,2,,,,,,,,,,,,,,,,,,,,,,,,,,,,,45.00,,,,,,,false,false,12,2020-04-01,2021-03-31,0
2020-10-27,77410,2021-03-31,2,,,,,,,,,,,,,,,,,,,,,,,,,,,,,,,,,375881120,1078411,374778788,false,false,6,2020-04-01,2020-09-30,0
2020-10-27,77410,2020-03-31,2,,,,,,,,,,,,,,,,,,,,,,,,,,,,,,,,,,,378192611,false,false,6,2019-04-01,2019-09-30,-1
2021-01-28,77410,2021-03-31,3,,,,,,,,,,,,94428000000,,252.17,251.75,,,,,813524000000,,,,,,,,,,,,,,,,true,false,9,2020-04-01,2020-12-31,0
2021-01-28,77410,2020-03-31,3,,,,,,,,,,,,94454000000,,250.11,249.66,,,,,,,,,,,,,,,,,,,,,true,false,9,2019-04-01,2019-12-31,-1
2021-01-28,77410,2021-03-31,3,,,,,,,,,,,,124500000000,,333.02,,,,,,,,,,,,,,,,,,,,,,true,true,12,2020-04-01,2021-03-31,0
2021-01-28,77410,2020-03-31,3,,,,,,,,,,,,,,,,,,,,811008000000,,,,,,,,,,,,,,,,true,false,12,2019-04-01,2020-03-31,-1
2021-01-28,77410,2020-03-31,3,,,,,,,,,,,,,,,,,,,,,,,,,,,,,90.00,,,,378351220,3351436,,false,false,12,2019-04-01,2020-03-31,-1
2021-01-28,77410,2021-03-31,3,,,,,,,,,,,,,,,,,,,,,,,,,,,,,45.00,,,,,,,false,false,12,2020-04-01,2021-03-31,0
2021-01-28,77410,2021-03-31,3,,,,,,,,,,,,,,,,,,,,,,,,,,,,,,,,,375881120,3467061,374464981,false,false,9,2020-04-01,2020-12-31,0
2021-01-28,77410,2020-03-31,3,,,,,,,,,,,,,,,,,,,,,,,,,,,,,,,,,,,377652892,false,false,9,2019-04-01,2019-12-31,-1
2021-04-30,77410,2021-03-31,,,,,,,,,,,,,125446000000,,335.77,335.25,,,,,853290000000,,,,,151812000000,-29790000000,-115673000000,,,0.268,,,,,,true,false,12,2020-04-01,2021-03-31,0
2021-04-30,77410,2020-03-31,,,,,,,,,,,,,114406000000,,303.27,302.74,,,,,811008000000,,,,,163366000000,-47384000000,-85468000000,,,0.297,,,,,,true,false,12,2019-04-01,2020-03-31,-1
2021-04-30,77410,2020-03-31,,,,,,,,,,,,,,,,,,,,,,,,,,,,,,90.00,,,,378351220,3351436,377238150,false,false,12,2019-04-01,2020-03-31,-1
2021-04-30,77410,2021-03-31,,,,,,,,,,,,,,,,,,,,,,,,,,,,,,90.00,,,,372833220,3527421,373601928,false,false,12,2020-04-01,2021-03-31,0
2021-07-29,77410,2022-03-31,1,,,,,,,,,,,,41258000000,,111.83,111.69,,,,,867336000000,,,,,,,,,,,,,,,,true,false,3,2021-04-01,2021-06-30,0
2021-07-29,77410,2021-03-31,1,,,,,,,,,,,,25884000000,,69.06,68.95,,,,,,,,,,,,,,,,,,,,,true,false,3,2020-04-01,2020-06-30,-1
2021-07-29,77410,2022-03-31,1,,,,,,,,,,,,79200000000,,214.25,,,,,,,,,,,,,,,,,,,,,,true,true,6,2021-04-01,2021-09-30,0
2021-07-29,77410,2021-03-31,1,,,,,,,,,,,,,,,,,,,,853290000000,,,,,,,,,,,,,,,,true,false,12,2020-04-01,2021-03-31,-1
2021-07-29,77410,2021-03-31,1,,,,,,,,,,,,,,,,,,,,,,,,,,,,,90.00,,,,372833220,3527421,,false,false,12,2020-04-01,2021-03-31,-1
2021-07-29,77410,2022-03-31,1,,,,,,,,,,,,,,,,,,,,,,,,,,,,,,,,,369702020,812041,368943037,false,false,3,2021-04-01,2021-06-30,0
2021-07-29,77410,2021-03-31,1,,,,,,,,,,,,,,,,,,,,,,,,,,,,,,,,,,,374773142,false,false,3,2020-04-01,2020-06-30,-1
2021-10-28,7741,2022-03-31,2,,,,,,,,,,,,84224000000,,228.29,228.00,,,,,913159000000,,,,,,,,,,,,,,,,true,false,6,2021-04-01,2021-09-30,0
2021-10-28,7741,2021-03-31,2,,,,,,,,,,,,57730000000,,154.04,153.77,,,,,,,,,,,,,,,,,,,,,true,false,6,2020-04-01,2020-09-30,-1
2021-10-28,7741,2021-03-31,2,,,,,,,,,,,,,,,,,,,,853290000000,,,,,,,,,,,,,,,,true,false,12,2020-04-01,2021-03-31,-1
2021-10-28,7741,2021-03-31,2,,,,,,,,,,,,,,,,,,,,,,,,,,,,,90.00,,,,372833220,3527421,,false,false,12,2020-04-01,2021-03-31,-1
2021-10-28,7741,2022-03-31,2,,,,,,,,,,,,,,,,,,,,,,,,,,,,,45.00,,,,,,,false,false,12,2021-04-01,2022-03-31,0
2021-10-28,7741,2022-03-31,2,,,,,,,,,,,,,,,,,,,,,,,,,,,,,,,,,369702020,777388,368929742,false,false,6,2021-04-01,2021-09-30,0
2021-10-28,7741,2021-03-31,2,,,,,,,,,,,,,,,,,,,,,,,,,,,,,,,,,,,374778788,false,false,6,2020-04-01,2020-09-30,-1
2022-02-01,7741,2022-03-31,3,,,,,,,,,,,,125085000000,,339.04,338.63,,,,,962139000000,,,,,,,,,,,,,,,,true,false,9,2021-04-01,2021-12-31,0
2022-02-01,7741,2021-03-31,3,,,,,,,,,,,,94428000000,,252.17,251.75,,,,,,,,,,,,,,,,,,,,,true,false,9,2020-04-01,2020-12-31,-1
2022-02-01,7741,2022-03-31,3,,,,,,,,,,,,163000000000,,441.80,,,,,,,,,,,,,,,,,,,,,,true,true,12,2021-04-01,2022-03-31,0
2022-02-01,7741,2021-03-31,3,,,,,,,,,,,,,,,,,,,,853290000000,,,,,,,,,,,,,,,,true,false,12,2020-04-01,2021-03-31,-1
2022-02-01,7741,2021-03-31,3,,,,,,,,,,,,,,,,,,,,,,,,,,,,,90.00,,,,372833220,3527421,,false,false,12,2020-04-01,2021-03-31,-1
2022-02-01,7741,2022-03-31,3,,,,,,,,,,,,,,,,,,,,,,,,,,,,,45.00,,,,,,,false,false,12,2021-04-01,2022-03-31,0
2022-02-01,7741,2022-03-31,3,,,,,,,,,,,,,,,,,,,,,,,,,,,,,,,,,369702020,729890,368937650,false,false,9,2021-04-01,2021-12-31,0
2022-02-01,7741,2021-03-31,3,,,,,,,,,,,,,,,,,,,,,,,,,,,,,,,,,,,374464981,false,false,9,2020-04-01,2020-12-31,-1
2022-05-06,7741,2022-03-31,,,,,,,,,,,,,164507000000,,446.45,445.93,,,,,992839000000,,,,,190055000000,-29298000000,-106722000000,,,0.246,,,,,,true,false,12,2021-04-01,2022-03-31,0
2022-05-06,7741,2021-03-31,,,,,,,,,,,,,125446000000,,335.77,335.25,,,,,853290000000,,,,,151812000000,-29790000000,-115673000000,,,0.268,,,,,,true,false,12,2020-04-01,2021-03-31,-1
2022-05-06,7741,2021-03-31,,,,,,,,,,,,,,,,,,,,,,,,,,,,,,90.00,,,,372833220,3527421,373601928,false,false,12,2020-04-01,2021-03-31,-1
2022-05-06,7741,2022-03-31,,,,,,,,,,,,,,,,,,,,,,,,,,,,,,110.00,,,,369702020,4593726,368481840,false,false,12,2021-04-01,2022-03-31,0
2022-08-04,7741,2023-03-31,1,,,,,,,,,,,,48358000000,,132.83,132.73,,,,,1023816000000,,,,,,,,,,,,,,,,true,false,3,2022-04-01,2022-06-30,0
2022-08-04,7741,2022-03-31,1,,,,,,,,,,,,41258000000,,111.83,111.69,,,,,,,,,,,,,,,,,,,,,true,false,3,2021-04-01,2021-06-30,-1
2022-08-04,7741,2023-03-31,1,,,,,,,,,,,,90500000000,,249.50,,,,,,,,,,,,,,,,,,,,,,true,true,6,2022-04-01,2022-09-30,0
2022-08-04,7741,2022-03-31,1,,,,,,,,,,,,,,,,,,,,992839000000,,,,,,,,,,,,,,,,true,false,12,2021-04-01,2022-03-31,-1
2022-08-04,7741,2022-03-31,1,,,,,,,,,,,,,,,,,,,,,,,,,,,,,110.00,,,,369702020,4593726,,false,false,12,2021-04-01,2022-03-31,-1
2022-08-04,7741,2023-03-31,1,,,,,,,,,,,,,,,,,,,,,,,,,,,,,,,,,365779420,4135476,364065498,false,false,3,2022-04-01,2022-06-30,0
2022-08-04,7741,2022-03-31,1,,,,,,,,,,,,,,,,,,,,,,,,,,,,,,,,,,,368943037,false,false,3,2021-04-01,2021-06-30,-1
2022-10-27,7741,2023-03-31,2,,,,,,,,,,,,95459000000,,263.80,263.61,,,,,1056093000000,,,,,,,,,,,,,,,,true,false,6,2022-04-01,2022-09-30,0
2022-10-27,7741,2022-03-31,2,,,,,,,,,,,,84224000000,,228.29,228.00,,,,,,,,,,,,,,,,,,,,,true,false,6,2021-04-01,2021-09-30,-1
2022-10-27,7741,2022-03-31,2,,,,,,,,,,,,,,,,,,,,992839000000,,,,,,,,,,,,,,,,true,false,12,2021-04-01,2022-03-31,-1
2022-10-27,7741,2022-03-31,2,,,,,,,,,,,,,,,,,,,,,,,,,,,,,110.00,,,,369702020,4593726,,false,false,12,2021-04-01,2022-03-31,-1
2022-10-27,7741,2023-03-31,2,,,,,,,,,,,,,,,,,,,,,,,,,,,,,45.00,,,,,,,false,false,12,2022-04-01,2023-03-31,0
2022-10-27,7741,2023-03-31,2,,,,,,,,,,,,,,,,,,,,,,,,,,,,,,,,,361075720,3528456,361865352,false,false,6,2022-04-01,2022-09-30,0
2022-10-27,7741,2022-03-31,2,,,,,,,,,,,,,,,,,,,,,,,,,,,,,,,,,,,368929742,false,false,6,2021-04-01,2021-09-30,-1
2023-01-31,7741,2023-03-31,3,,,,,,,,,,,,126085000000,,350.14,349.92,,,,,1004465000000,,,,,,,,,,,,,,,,true,false,9,2022-04-01,2022-12-31,0
2023-01-31,7741,2022-03-31,3,,,,,,,,,,,,125085000000,,339.04,338.63,,,,,,,,,,,,,,,,,,,,,true,false,9,2021-04-01,2021-12-31,-1
2023-01-31,7741,2023-03-31,3,,,,,,,,,,,,163000000000,,455.86,,,,,,,,,,,,,,,,,,,,,,true,true,12,2022-04-01,2023-03-31,0
2023-01-31,7741,2022-03-31,3,,,,,,,,,,,,,,,,,,,,992839000000,,,,,,,,,,,,,,,,true,false,12,2021-04-01,2022-03-31,-1
2023-01-31,7741,2022-03-31,3,,,,,,,,,,,,,,,,,,,,,,,,,,,,,110.00,,,,369702020,4593726,,false,false,12,2021-04-01,2022-03-31,-1
2023-01-31,7741,2023-03-31,3,,,,,,,,,,,,,,,,,,,,,,,,,,,,,45.00,,,,,,,false,false,12,2022-04-01,2023-03-31,0
2023-01-31,7741,2023-03-31,3,,,,,,,,,,,,,,,,,,,,,,,,,,,,,,,,,356960520,534898,360093712,false,false,9,2022-04-01,2022-12-31,0
2023-01-31,7741,2022-03-31,3,,,,,,,,,,,,,,,,,,,,,,,,,,,,,,,,,,,368937650,false,false,9,2021-04-01,2021-12-31,-1
2023-05-08,7741,2023-03-31,,,,,,,,,,,,,168638000000,,469.76,469.47,,,,,1028326000000,,,,,201829000000,-47496000000,-194593000000,,,0.234,,,,,,true,false,12,2022-04-01,2023-03-31,0
2023-05-08,7741,2022-03-31,,,,,,,,,,,,,164507000000,,446.45,445.93,,,,,992839000000,,,,,190055000000,-29298000000,-106722000000,,,0.246,,,,,,true,false,12,2021-04-01,2022-03-31,-1
2023-05-08,7741,2022-03-31,,,,,,,,,,,,,,,,,,,,,,,,,,,,,,110.00,,,,369702020,4593726,368481840,false,false,12,2021-04-01,2022-03-31,-1
2023-05-08,7741,2023-03-31,,,,,,,,,,,,,,,,,,,,,,,,,,,,,,110.00,,,,356960520,2972069,358986073,false,false,12,2022-04-01,2023-03-31,0
2023-07-31,7741,2024-03-31,1,,,,,,,,,,,,38215000000,,108.07,108.01,,,,,1094924000000,,,,,,,,,,,,,,,,true,false,3,2023-04-01,2023-06-30,0
2023-07-31,7741,2023-03-31,1,,,,,,,,,,,,48358000000,,132.83,132.73,,,,,,,,,,,,,,,,,,,,,true,false,3,2022-04-01,2022-06-30,-1
2023-07-31,7741,2024-03-31,1,,,,,,,,,,,,80500000000,,227.64,,,,,,,,,,,,,,,,,,,,,,true,true,6,2023-04-01,2023-09-30,0
2023-07-31,7741,2023-03-31,1,,,,,,,,,,,,,,,,,,,,1028326000000,,,,,,,,,,,,,,,,true,false,12,2022-04-01,2023-03-31,-1
2023-07-31,7741,2023-03-31,1,,,,,,,,,,,,,,,,,,,,,,,,,,,,,110.00,,,,356960520,2972069,,false,false,12,2022-04-01,2023-03-31,-1
2023-07-31,7741,2024-03-31,1,,,,,,,,,,,,,,,,,,,,,,,,,,,,,,,,,354088520,468389,353633004,false,false,3,2023-04-01,2023-06-30,0
2023-07-31,7741,2023-03-31,1,,,,,,,,,,,,,,,,,,,,,,,,,,,,,,,,,,,364065498,false,false,3,2022-04-01,2022-06-30,-1
2023-10-31,7741,2024-03-31,2,,,,,,,,,,,,85633000000,,242.47,242.35,,,,,1115754000000,,,,,,,,,,,,,,,,true,false,6,2023-04-01,2023-09-30,0
2023-10-31,7741,2023-03-31,2,,,,,,,,,,,,95459000000,,263.80,263.61,,,,,,,,,,,,,,,,,,,,,true,false,6,2022-04-01,2022-09-30,-1
2023-10-31,7741,2023-03-31,2,,,,,,,,,,,,,,,,,,,,1028326000000,,,,,,,,,,,,,,,,true,false,12,2022-04-01,2023-03-31,-1
2023-10-31,7741,2023-03-31,2,,,,,,,,,,,,,,,,,,,,,,,,,,,,,110.00,,,,356960520,2972069,,false,false,12,2022-04-01,2023-03-31,-1
2023-10-31,7741,2024-03-31,2,,,,,,,,,,,,,,,,,,,,,,,,,,,,,45.00,,,,,,,false,false,12,2023-04-01,2024-03-31,0
2023-10-31,7741,2024-03-31,2,,,,,,,,,,,,,,,,,,,,,,,,,,,,,,,,,354088520,3040463,353175398,false,false,6,2023-04-01,2023-09-30,0
2023-10-31,7741,2023-03-31,2,,,,,,,,,,,,,,,,,,,,,,,,,,,,,,,,,,,361865352,false,false,6,2022-04-01,2022-09-30,-1
2024-02-01,7741,2024-03-31,3,,,,,,,,,,,,124286000000,,352.79,352.63,,,,,1101049000000,,,,,,,,,,,,,,,,true,false,9,2023-04-01,2023-12-31,0
2024-02-01,7741,2023-03-31,3,,,,,,,,,,,,126085000000,,350.14,349.92,,,,,,,,,,,,,,,,,,,,,true,false,9,2022-04-01,2022-12-31,-1
2024-02-01,7741,2024-03-31,3,,,,,,,,,,,,166000000000,,471.78,,,,,,,,,,,,,,,,,,,,,,true,true,12,2023-04-01,2024-03-31,0
2024-02-01,7741,2023-03-31,3,,,,,,,,,,,,,,,,,,,,1028326000000,,,,,,,,,,,,,,,,true,false,12,2022-04-01,2023-03-31,-1
2024-02-01,7741,2023-03-31,3,,,,,,,,,,,,,,,,,,,,,,,,,,,,,110.00,,,,356960520,2972069,,false,false,12,2022-04-01,2023-03-31,-1
2024-02-01,7741,2024-03-31,3,,,,,,,,,,,,,,,,,,,,,,,,,,,,,45.00,,,,,,,false,false,12,2023-04-01,2024-03-31,0
2024-02-01,7741,2024-03-31,3,,,,,,,,,,,,,,,,,,,,,,,,,,,,,,,,,350958720,442371,352299774,false,false,9,2023-04-01,2023-12-31,0
2024-02-01,7741,2023-03-31,3,,,,,,,,,,,,,,,,,,,,,,,,,,,,,,,,,,,360093712,false,false,9,2022-04-01,2022-12-31,-1
2024-05-15,7741,2024-03-31,,,,,,,,,,,,,181377000000,,515.48,515.27,,,,,1203623000000,,,,,222802000000,-35808000000,-110892000000,,,0.213,,,,,,true,false,12,2023-04-01,2024-03-31,0
2024-05-15,7741,2023-03-31,,,,,,,,,,,,,168638000000,,469.76,469.47,,,,,1028326000000,,,,,201829000000,-47496000000,-194593000000,,,0.234,,,,,,true,false,12,2022-04-01,2023-03-31,-1
2024-05-15,7741,2023-03-31,,,,,,,,,,,,,,,,,,,,,,,,,,,,,,110.00,,,,356960520,2972069,358986073,false,false,12,2022-04-01,2023-03-31,-1
2024-05-15,7741,2024-03-31,,,,,,,,,,,,,,,,,,,,,,,,,,,,,,110.00,,,,350958720,437245,351857011,false,false,12,2023-04-01,2024-03-31,0
2024-08-01,7741,2025-03-31,1,,,,,,,,,,,,47158000000,,134.67,134.62,,,,,1266819000000,,,,,,,,,,,,,,,,true,false,3,2024-04-01,2024-06-30,0
2024-08-01,7741,2024-03-31,1,,,,,,,,,,,,38215000000,,108.07,108.01,,,,,,,,,,,,,,,,,,,,,true,false,3,2023-04-01,2023-06-30,-1
2024-08-01,7741,2025-03-31,1,,,,,,,,,,,,95000000000,,272.00,,,,,,,,,,,,,,,,,,,,,,true,true,6,2024-04-01,2024-09-30,0
2024-08-01,7741,2024-03-31,1,,,,,,,,,,,,,,,,,,,,1203623000000,,,,,,,,,,,,,,,,true,false,12,2023-04-01,2024-03-31,-1
2024-08-01,7741,2024-03-31,1,,,,,,,,,,,,,,,,,,,,,,,,,,,,,110.00,,,,350958720,437245,,false,false,12,2023-04-01,2024-03-31,-1
2024-08-01,7741,2025-03-31,1,,,,,,,,,,,,,,,,,,,,,,,,,,,,,,,,,350958720,1749985,350173824,false,false,3,2024-04-01,2024-06-30,0
2024-08-01,7741,2024-03-31,1,,,,,,,,,,,,,,,,,,,,,,,,,,,,,,,,,,,353633004,false,false,3,2023-04-01,2023-06-30,-1
2024-10-31,7741,2025-03-31,2,,,,,,,,,,,,100091000000,,286.64,286.54,,,,,1214648000000,,,,,,,,,,,,,,,,true,false,6,2024-04-01,2024-09-30,0
2024-10-31,7741,2024-03-31,2,,,,,,,,,,,,85633000000,,242.47,242.35,,,,,,,,,,,,,,,,,,,,,true,false,6,2023-04-01,2023-09-30,-1
2024-10-31,7741,2024-03-31,2,,,,,,,,,,,,,,,,,,,,1203623000000,,,,,,,,,,,,,,,,true,false,12,2023-04-01,2024-03-31,-1
2024-10-31,7741,2024-03-31,2,,,,,,,,,,,,,,,,,,,,,,,,,,,,,110.00,,,,350958720,437245,,false,false,12,2023-04-01,2024-03-31,-1
2024-10-31,7741,2025-03-31,2,,,,,,,,,,,,,,,,,,,,,,,,,,,,,45.00,,,,,,,false,false,12,2024-04-01,2025-03-31,0
2024-10-31,7741,2025-03-31,2,,,,,,,,,,,,,,,,,,,,,,,,,,,,,,,,,350958720,3036001,349184370,false,false,6,2024-04-01,2024-09-30,0
2024-10-31,7741,2024-03-31,2,,,,,,,,,,,,,,,,,,,,,,,,,,,,,,,,,,,353175398,false,false,6,2023-04-01,2023-09-30,-1
2025-02-03,7741,2025-03-31,3,,,,,,,,,,,,150571000000,,431.99,431.84,,,,,1278687000000,,,,,,,,,,,,,,,,true,false,9,2024-04-01,2024-12-31,0
2025-02-03,7741,2024-03-31,3,,,,,,,,,,,,124286000000,,352.79,352.63,,,,,,,,,,,,,,,,,,,,,true,false,9,2023-04-01,2023-12-31,-1
2025-02-03,7741,2025-03-31,3,,,,,,,,,,,,198300000000,,570.12,,,,,,,,,,,,,,,,,,,,,,true,true,12,2024-04-01,2025-03-31,0
2025-02-03,7741,2024-03-31,3,,,,,,,,,,,,,,,,,,,,1203623000000,,,,,,,,,,,,,,,,true,false,12,2023-04-01,2024-03-31,-1
2025-02-03,7741,2024-03-31,3,,,,,,,,,,,,,,,,,,,,,,,,,,,,,110.00,,,,350958720,437245,,false,false,12,2023-04-01,2024-03-31,-1
2025-02-03,7741,2025-03-31,3,,,,,,,,,,,,,,,,,,,,,,,,,,,,,45.00,,,,,,,false,false,12,2024-04-01,2025-03-31,0
2025-02-03,7741,2025-03-31,3,,,,,,,,,,,,,,,,,,,,,,,,,,,,,,,,,348326420,2227173,348555747,false,false,9,2024-04-01,2024-12-31,0
2025-02-03,7741,2024-03-31,3,,,,,,,,,,,,,,,,,,,,,,,,,,,,,,,,,,,352299774,false,false,9,2023-04-01,2023-12-31,-1
2025-05-01,7741,2025-03-31,,,,,,,,,,,,,202101000000,,581.45,581.26,,,,,1234278000000,,,,,235113000000,-33192000000,-190352000000,,,0.275,,,,,,true,false,12,2024-04-01,2025-03-31,0
2025-05-01,7741,2024-03-31,,,,,,,,,,,,,181377000000,,515.48,515.27,,,,,1203623000000,,,,,222802000000,-35808000000,-110892000000,,,0.213,,,,,,true,false,12,2023-04-01,2024-03-31,-1
2025-05-01,7741,2024-03-31,,,,,,,,,,,,,,,,,,,,,,,,,,,,,,110.00,,,,350958720,437245,351857011,false,false,12,2023-04-01,2024-03-31,-1
2025-05-01,7741,2025-03-31,,,,,,,,,,,,,,,,,,,,,,,,,,,,,,160.00,,,,345859220,3101557,347583973,false,false,12,2024-04-01,2025-03-31,0
