filing_date,code,fiscal_year_end,quarterly_period,net_sales,net_sales_change,revenue,revenue_change,operating_revenue,operating_revenue_change,operating_profit,operating_profit_change,ordinary_profit,ordinary_profit_change,net_income,net_income_of_parent,net_income_change,eps,diluted_eps,roe,roa,operating_profit_to_net_sales,operating_profit_to_revenue,total_assets,net_assets,equity_ratio,bps,owner_equity,operating_cash_flow,investing_cash_flow,financing_cash_flow,cash,dividend_per_share,payout_ratio,commemorative_dividend,extra_dividend,number_of_shares,number_of_treqsury_shares,avg_number_of_shares,is_consolidated,is_forecast,duration,period_start,period_end,period_pos
2015-05-12,78170,2015-03-31,,75270000000,0.034,,,,,10038000000,-0.130,11553000000,-0.065,7264000000,,-0.016,244.03,225.51,0.087,0.093,0.133,,125508000000,85391000000,0.680,2906.85,85390000000,8151000000,-3615000000,-5375000000,20453000000,,0.246,,,,,,true,false,12,2014-04-01,2015-03-31,0
2015-05-12,78170,2014-03-31,,72794000000,0.091,,,,,11541000000,0.027,12357000000,0.031,7384000000,,0.041,241.01,227.13,0.093,0.109,0.159,,122302000000,82571000000,0.675,2690.82,82552000000,6373000000,-7055000000,8809000000,21313000000,,0.208,,,,,,true,false,12,2013-04-01,2014-03-31,-1
2015-05-12,78170,2016-03-31,,33200000000,-0.020,,,,,3100000000,-0.335,3400000000,-0.327,,2000000000,,67.18,,,,,,,,,,,,,,,,,,,,,,true,true,6,2015-04-01,2015-09-30,1
2015-05-12,78170,2016-03-31,,75800000000,0.007,,,,,9500000000,-0.054,10000000000,-0.134,,6100000000,,204.91,,,,,,,,,,,,,,,,0.342,,,,,,true,true,12,2015-04-01,2016-03-31,1
2015-05-12,78170,2014-03-31,,,,,,,,,,,,,,,,,,,,,,,,,,,,,,50.00,,,,30828587,149396,30641779,false,false,12,2013-04-01,2014-03-31,-1
2015-05-12,78170,2015-03-31,,,,,,,,,,,,,,,,,,,,,,,,,,,,,,60.00,,,,30877487,1501744,29769237,false,false,12,2014-04-01,2015-03-31,0
2015-05-12,78170,2016-03-31,,,,,,,,,,,,,,,,,,,,,,,,,,,,,,70.00,,,,,,,false,true,12,2015-04-01,2016-03-31,1
2015-08-06,78170,2016-03-31,1,15599000000,-0.036,,,,,1590000000,-0.314,1864000000,-0.210,,1302000000,,44.50,41.08,,,,,120532000000,84880000000,0.704,,84880000000,,,,,,,,,,,,true,false,3,2015-04-01,2015-06-30,0
2015-08-06,78170,2015-03-31,1,16174000000,0.088,,,,,2318000000,0.083,2361000000,0.044,,1538000000,,50.14,46.44,,,,,,,,,,,,,,,,,,,,,true,false,3,2014-04-01,2014-06-30,-1
2015-08-06,78170,2016-03-31,1,33200000000,-0.020,,,,,3100000000,-0.335,3400000000,-0.327,,2000000000,,67.18,,,,,,,,,,,,,,,,,,,,,,true,true,6,2015-04-01,2015-09-30,0
2015-08-06,78170,2016-03-31,1,75800000000,0.007,,,,,9500000000,-0.054,10000000000,-0.134,,6100000000,,204.91,,,,,,,,,,,,,,,,,,,,,,true,true,12,2015-04-01,2016-03-31,0
2015-08-06,78170,2015-03-31,1,,,,,,,,,,,,,,,,,,,,125508000000,85391000000,0.680,,85390000000,,,,,,,,,,,,true,false,12,2014-04-01,2015-03-31,-1
2015-08-06,78170,2015-03-31,1,,,,,,,,,,,,,,,,,,,,,,,,,,,,,60.00,,,,30877487,1501744,,false,false,12,2014-04-01,2015-03-31,-1
2015-08-06,78170,2016-03-31,1,,,,,,,,,,,,,,,,,,,,,,,,,,,,,70.00,,,,,,,false,true,12,2015-04-01,2016-03-31,0
2015-08-06,78170,2016-03-31,1,,,,,,,,,,,,,,,,,,,,,,,,,,,,,,,,,30877487,1784330,29274280,false,false,3,2015-04-01,2015-06-30,0
2015-08-06,78170,2015-03-31,1,,,,,,,,,,,,,,,,,,,,,,,,,,,,,,,,,,,30690339,false,false,3,2014-04-01,2014-06-30,-1
2015-10-30,78170,2016-03-31,,33400000000,0.006,,,,,3800000000,0.226,4150000000,0.221,,2700000000,,92.80,,,,,,,,,,,,,,,,,,,,,,true,true,6,2015-04-01,2015-09-30,0
2015-10-30,78170,2015-03-31,,33869000000,,,,,,4661000000,,5054000000,,,3301000000,,109.62,,,,,,,,,,,,,,,,,,,,,,true,false,6,2014-04-01,2014-09-30,-1
2015-10-30,78170,2016-03-31,,75800000000,0.000,,,,,10000000000,0.053,10500000000,0.050,,6600000000,,226.84,,,,,,,,,,,,,,,,,,,,,,true,true,12,2015-04-01,2016-03-31,0
2015-10-30,78170,2015-03-31,,75270000000,,,,,,10038000000,,11553000000,,,7264000000,,244.03,,,,,,,,,,,,,,,,,,,,,,true,false,12,2014-04-01,2015-03-31,-1
2015-11-04,78170,2016-03-31,2,33402000000,-0.014,,,,,3821000000,-0.180,4190000000,-0.171,,2703000000,,92.92,85.74,,,,,119384000000,83967000000,0.703,,83967000000,,,,,,,,,,,,true,false,6,2015-04-01,2015-09-30,0
2015-11-04,78170,2015-03-31,2,33869000000,0.101,,,,,4661000000,0.051,5054000000,0.095,,3301000000,,109.62,101.36,,,,,,,,,,,,,,,,,,,,,true,false,6,2014-04-01,2014-09-30,-1
2015-11-04,78170,2016-03-31,2,75800000000,0.007,,,,,10000000000,-0.004,10500000000,-0.091,,6600000000,,226.84,,,,,,,,,,,,,,,,,,,,,,true,true,12,2015-04-01,2016-03-31,0
2015-11-04,78170,2015-03-31,2,,,,,,,,,,,,,,,,,,,,125508000000,85391000000,0.680,,85390000000,,,,,,,,,,,,true,false,12,2014-04-01,2015-03-31,-1
2015-11-04,78170,2015-03-31,2,,,,,,,,,,,,,,,,,,,,,,,,,,,,,60.00,,,,30877487,1501744,,false,false,12,2014-04-01,2015-03-31,-1
2015-11-04,78170,2016-03-31,2,,,,,,,,,,,,,,,,,,,,,,,,,,,,,35.00,,,,,,,false,false,12,2015-04-01,2016-03-31,0
2015-11-04,78170,2016-03-31,2,,,,,,,,,,,,,,,,,,,,,,,,,,,,,70.00,,,,,,,false,true,12,2015-04-01,2016-03-31,0
2015-11-04,78170,2016-03-31,2,,,,,,,,,,,,,,,,,,,,,,,,,,,,,,,,,30877487,2248215,29096020,false,false,6,2015-04-01,2015-09-30,0
2015-11-04,78170,2015-03-31,2,,,,,,,,,,,,,,,,,,,,,,,,,,,,,,,,,,,30115354,false,false,6,2014-04-01,2014-09-30,-1
2016-02-04,78170,2016-03-31,3,50020000000,-0.013,,,,,5757000000,-0.127,6419000000,-0.155,,4246000000,,146.90,135.49,,,,,119814000000,83939000000,0.701,,83939000000,,,,,,,,,,,,true,false,9,2015-04-01,2015-12-31,0
2016-02-04,78170,2015-03-31,3,50681000000,0.103,,,,,6597000000,0.088,7600000000,0.159,,4773000000,,159.73,147.63,,,,,,,,,,,,,,,,,,,,,true,false,9,2014-04-01,2014-12-31,-1
2016-02-04,78170,2016-03-31,3,75800000000,0.007,,,,,10000000000,-0.004,10500000000,-0.091,,6600000000,,226.84,,,,,,,,,,,,,,,,,,,,,,true,true,12,2015-04-01,2016-03-31,0
2016-02-04,78170,2015-03-31,3,,,,,,,,,,,,,,,,,,,,125508000000,85391000000,0.680,,85390000000,,,,,,,,,,,,true,false,12,2014-04-01,2015-03-31,-1
2016-02-04,78170,2015-03-31,3,,,,,,,,,,,,,,,,,,,,,,,,,,,,,60.00,,,,30877487,1501744,,false,false,12,2014-04-01,2015-03-31,-1
2016-02-04,78170,2016-03-31,3,,,,,,,,,,,,,,,,,,,,,,,,,,,,,35.00,,,,,,,false,false,12,2015-04-01,2016-03-31,0
2016-02-04,78170,2016-03-31,3,,,,,,,,,,,,,,,,,,,,,,,,,,,,,70.00,,,,,,,false,true,12,2015-04-01,2016-03-31,0
2016-02-04,78170,2016-03-31,3,,,,,,,,,,,,,,,,,,,,,,,,,,,,,,,,,30877487,2411014,28905009,false,false,9,2015-04-01,2015-12-31,0
2016-02-04,78170,2015-03-31,3,,,,,,,,,,,,,,,,,,,,,,,,,,,,,,,,,,,29888223,false,false,9,2014-04-01,2014-12-31,-1
2016-05-11,78170,2016-03-31,,74089000000,-0.016,,,,,9660000000,-0.038,9830000000,-0.149,,6387000000,,221.76,204.48,0.075,0.078,0.130,,126279000000,85223000000,0.675,2992.99,85223000000,9657000000,-2037000000,-5493000000,22615000000,,0.316,,,,,,true,false,12,2015-04-01,2016-03-31,0
2016-05-11,78170,2015-03-31,,75270000000,0.034,,,,,10038000000,-0.130,11553000000,-0.065,,7264000000,,244.03,225.51,0.087,0.093,0.133,,125508000000,85391000000,0.680,2906.85,85390000000,8151000000,-3615000000,-5375000000,20453000000,,0.246,,,,,,true,false,12,2014-04-01,2015-03-31,-1
2016-05-11,78170,2017-03-31,,33800000000,0.012,,,,,4200000000,0.099,4300000000,0.026,,2900000000,,101.85,,,,,,,,,,,,,,,,,,,,,,true,true,6,2016-04-01,2016-09-30,1
2016-05-11,78170,2017-03-31,,77000000000,0.039,,,,,10700000000,0.108,11000000000,0.119,,7500000000,,263.40,,,,,,,,,,,,,,,,0.307,,,,,,true,true,12,2016-04-01,2017-03-31,1
2016-05-11,78170,2015-03-31,,,,,,,,,,,,,,,,,,,,,,,,,,,,,,60.00,,,,30877487,1501744,29769237,false,false,12,2014-04-01,2015-03-31,-1
2016-05-11,78170,2016-03-31,,,,,,,,,,,,,,,,,,,,,,,,,,,,,,70.00,,,,30877487,2403177,28805006,false,false,12,2015-04-01,2016-03-31,0
2016-05-11,78170,2017-03-31,,,,,,,,,,,,,,,,,,,,,,,,,,,,,,80.00,,,,,,,false,true,12,2016-04-01,2017-03-31,1
2016-07-29,78170,2017-03-31,1,15493000000,-0.007,,,,,1819000000,0.144,1124000000,-0.397,,700000000,,24.62,22.68,,,,,119779000000,84057000000,0.702,,84057000000,,,,,,,,,,,,true,false,3,2016-04-01,2016-06-30,0
2016-07-29,78170,2016-03-31,1,15599000000,-0.036,,,,,1590000000,-0.314,1864000000,-0.210,,1302000000,,44.50,41.08,,,,,,,,,,,,,,,,,,,,,true,false,3,2015-04-01,2015-06-30,-1
2016-07-29,78170,2017-03-31,1,33800000000,0.012,,,,,4200000000,0.099,4300000000,0.026,,2900000000,,101.85,,,,,,,,,,,,,,,,,,,,,,true,true,6,2016-04-01,2016-09-30,0
2016-07-29,78170,2017-03-31,1,77000000000,0.039,,,,,10700000000,0.108,11000000000,0.119,,7500000000,,263.40,,,,,,,,,,,,,,,,,,,,,,true,true,12,2016-04-01,2017-03-31,0
2016-07-29,78170,2016-03-31,1,,,,,,,,,,,,,,,,,,,,126279000000,85223000000,0.675,,85223000000,,,,,,,,,,,,true,false,12,2015-04-01,2016-03-31,-1
2016-07-29,78170,2016-03-31,1,,,,,,,,,,,,,,,,,,,,,,,,,,,,,70.00,,,,30877487,2403177,,false,false,12,2015-04-01,2016-03-31,-1
2016-07-29,78170,2017-03-31,1,,,,,,,,,,,,,,,,,,,,,,,,,,,,,80.00,,,,,,,false,true,12,2016-04-01,2017-03-31,0
2016-07-29,78170,2017-03-31,1,,,,,,,,,,,,,,,,,,,,,,,,,,,,,,,,,30877487,2397697,28476625,false,false,3,2016-04-01,2016-06-30,0
2016-07-29,78170,2016-03-31,1,,,,,,,,,,,,,,,,,,,,,,,,,,,,,,,,,,,29274280,false,false,3,2015-04-01,2015-06-30,-1
2016-10-31,78170,2017-03-31,2,32383000000,-0.031,,,,,4443000000,0.163,3887000000,-0.072,,2684000000,,94.25,86.82,,,,,122362000000,85955000000,0.702,,85954000000,,,,,,,,,,,,true,false,6,2016-04-01,2016-09-30,0
2016-10-31,78170,2016-03-31,2,33402000000,-0.014,,,,,3821000000,-0.180,4190000000,-0.171,,2703000000,,92.92,85.74,,,,,,,,,,,,,,,,,,,,,true,false,6,2015-04-01,2015-09-30,-1
2016-10-31,78170,2017-03-31,2,77000000000,0.039,,,,,10700000000,0.108,11000000000,0.119,,7500000000,,263.40,,,,,,,,,,,,,,,,,,,,,,true,true,12,2016-04-01,2017-03-31,0
2016-10-31,78170,2016-03-31,2,,,,,,,,,,,,,,,,,,,,126279000000,85223000000,0.675,,85223000000,,,,,,,,,,,,true,false,12,2015-04-01,2016-03-31,-1
2016-10-31,78170,2016-03-31,2,,,,,,,,,,,,,,,,,,,,,,,,,,,,,70.00,,,,30877487,2403177,,false,false,12,2015-04-01,2016-03-31,-1
2016-10-31,78170,2017-03-31,2,,,,,,,,,,,,,,,,,,,,,,,,,,,,,40.00,,,,,,,false,false,12,2016-04-01,2017-03-31,0
2016-10-31,78170,2017-03-31,2,,,,,,,,,,,,,,,,,,,,,,,,,,,,,80.00,,,,,,,false,true,12,2016-04-01,2017-03-31,0
2016-10-31,78170,2017-03-31,2,,,,,,,,,,,,,,,,,,,,,,,,,,,,,,,,,30877487,2383597,28483096,false,false,6,2016-04-01,2016-09-30,0
2016-10-31,78170,2016-03-31,2,,,,,,,,,,,,,,,,,,,,,,,,,,,,,,,,,,,29096020,false,false,6,2015-04-01,2015-09-30,-1
2017-02-03,78170,2017-03-31,3,48730000000,-0.026,,,,,6738000000,0.171,7236000000,0.127,,5263000000,,185.31,170.66,,,,,120866000000,84467000000,0.699,,84466000000,,,,,,,,,,,,true,false,9,2016-04-01,2016-12-31,0
2017-02-03,78170,2016-03-31,3,50020000000,-0.013,,,,,5757000000,-0.127,6419000000,-0.155,,4246000000,,146.90,135.49,,,,,,,,,,,,,,,,,,,,,true,false,9,2015-04-01,2015-12-31,-1
2017-02-03,78170,2017-03-31,3,77000000000,0.039,,,,,10700000000,0.108,11000000000,0.119,,7500000000,,263.40,,,,,,,,,,,,,,,,,,,,,,true,true,12,2016-04-01,2017-03-31,0
2017-02-03,78170,2016-03-31,3,,,,,,,,,,,,,,,,,,,,126279000000,85223000000,0.675,,85223000000,,,,,,,,,,,,true,false,12,2015-04-01,2016-03-31,-1
2017-02-03,78170,2016-03-31,3,,,,,,,,,,,,,,,,,,,,,,,,,,,,,70.00,,,,30877487,2403177,,false,false,12,2015-04-01,2016-03-31,-1
2017-02-03,78170,2017-03-31,3,,,,,,,,,,,,,,,,,,,,,,,,,,,,,40.00,,,,,,,false,false,12,2016-04-01,2017-03-31,0
2017-02-03,78170,2017-03-31,3,,,,,,,,,,,,,,,,,,,,,,,,,,,,,80.00,,,,,,,false,true,12,2016-04-01,2017-03-31,0
2017-02-03,78170,2017-03-31,3,,,,,,,,,,,,,,,,,,,,,,,,,,,,,,,,,30877487,3263052,28402526,false,false,9,2016-04-01,2016-12-31,0
2017-02-03,78170,2016-03-31,3,,,,,,,,,,,,,,,,,,,,,,,,,,,,,,,,,,,28905009,false,false,9,2015-04-01,2015-12-31,-1
,78170,2017-03-31,,,,,,,,,,,,,,,,,,,,,,,,,,,,,,90.00,,,,,,,false,true,12,2016-04-01,2017-03-31,0
,78170,2017-03-31,,,,,,,,,,,,,,,,,,,,,,,,,,,,,,40.00,,,,,,,false,false,12,2016-04-01,2017-03-31,0
,78170,2016-03-31,,,,,,,,,,,,,,,,,,,,,,,,,,,,,,70.00,,,,,,,false,false,12,2015-04-01,2016-03-31,-1
2017-05-10,78170,2017-03-31,,73198000000,-0.012,,,,,11015000000,0.140,11788000000,0.199,,9034000000,,320.14,294.68,0.104,0.092,0.150,,128962000000,88391000000,0.685,3200.91,88390000000,12019000000,-936000000,-5641000000,27644000000,,0.281,,,,,,true,false,12,2016-04-01,2017-03-31,0
2017-05-10,78170,2016-03-31,,74089000000,-0.016,,,,,9660000000,-0.038,9830000000,-0.149,,6387000000,,221.76,204.48,0.075,0.078,0.130,,126279000000,85223000000,0.675,2992.99,85223000000,9657000000,-2037000000,-5493000000,22615000000,,0.316,,,,,,true,false,12,2015-04-01,2016-03-31,-1
2017-05-10,78170,2018-03-31,,34200000000,0.056,,,,,4400000000,-0.010,4500000000,0.158,,3000000000,,108.64,,,,,,,,,,,,,,,,,,,,,,true,true,6,2017-04-01,2017-09-30,1
2017-05-10,78170,2018-03-31,,76000000000,0.038,,,,,11500000000,0.044,11800000000,0.001,,8000000000,,289.71,,,,,,,,,,,,,,,,0.311,,,,,,true,true,12,2017-04-01,2018-03-31,1
2017-05-10,78170,2016-03-31,,,,,,,,,,,,,,,,,,,,,,,,,,,,,,70.00,,,,30877487,2403177,28805006,false,false,12,2015-04-01,2016-03-31,-1
2017-05-10,78170,2017-03-31,,,,,,,,,,,,,,,,,,,,,,,,,,,,,,90.00,,,,30877487,3263161,28220639,false,false,12,2016-04-01,2017-03-31,0
2017-05-10,78170,2018-03-31,,,,,,,,,,,,,,,,,,,,,,,,,,,,,,90.00,,,,,,,false,true,12,2017-04-01,2018-03-31,1
2017-07-31,78170,2018-03-31,1,16017000000,0.034,,,,,1559000000,-0.143,2402000000,1.137,,1670000000,,60.50,55.57,,,,,126438000000,88817000000,0.702,,88816000000,,,,,,,,,,,,true,false,3,2017-04-01,2017-06-30,0
2017-07-31,78170,2017-03-31,1,15493000000,-0.007,,,,,1819000000,0.144,1124000000,-0.397,,700000000,,24.62,22.68,,,,,,,,,,,,,,,,,,,,,true,false,3,2016-04-01,2016-06-30,-1
2017-07-31,78170,2018-03-31,1,34200000000,0.056,,,,,4400000000,-0.010,4500000000,0.158,,3000000000,,108.64,,,,,,,,,,,,,,,,,,,,,,true,true,6,2017-04-01,2017-09-30,0
2017-07-31,78170,2018-03-31,1,76000000000,0.038,,,,,11500000000,0.044,11800000000,0.001,,8000000000,,289.71,,,,,,,,,,,,,,,,,,,,,,true,true,12,2017-04-01,2018-03-31,0
2017-07-31,78170,2017-03-31,1,,,,,,,,,,,,,,,,,,,,128962000000,88391000000,0.685,,88390000000,,,,,,,,,,,,true,false,12,2016-04-01,2017-03-31,-1
2017-07-31,78170,2017-03-31,1,,,,,,,,,,,,,,,,,,,,,,,,,,,,,90.00,,,,30877487,3263161,,false,false,12,2016-04-01,2017-03-31,-1
2017-07-31,78170,2018-03-31,1,,,,,,,,,,,,,,,,,,,,,,,,,,,,,90.00,,,,,,,false,true,12,2017-04-01,2018-03-31,0
2017-07-31,78170,2018-03-31,1,,,,,,,,,,,,,,,,,,,,,,,,,,,,,,,,,30877487,3263219,27614288,false,false,3,2017-04-01,2017-06-30,0
2017-07-31,78170,2017-03-31,1,,,,,,,,,,,,,,,,,,,,,,,,,,,,,,,,,,,28476625,false,false,3,2016-04-01,2016-06-30,-1
2017-10-30,78170,2018-03-31,,34700000000,0.015,,,,,4300000000,-0.023,5700000000,0.267,,3900000000,,141.23,,,,,,,,,,,,,,,,,,,,,,true,true,6,2017-04-01,2017-09-30,0
2017-10-30,78170,2017-03-31,,32383000000,,,,,,4443000000,,3887000000,,,2684000000,,94.25,,,,,,,,,,,,,,,,,,,,,,true,false,6,2016-04-01,2016-09-30,-1
2017-10-30,78170,2018-03-31,,76000000000,,,,,,11500000000,,12500000000,0.059,,8500000000,,307.81,,,,,,,,,,,,,,,,,,,,,,true,true,12,2017-04-01,2018-03-31,0
2017-10-30,78170,2017-03-31,,73198000000,,,,,,11015000000,,11788000000,,,9034000000,,320.14,,,,,,,,,,,,,,,,,,,,,,true,false,12,2016-04-01,2017-03-31,-1
2017-10-31,78170,2018-03-31,2,34795000000,0.074,,,,,4379000000,-0.014,5769000000,0.484,,3975000000,,143.96,132.23,,,,,130465000000,91309000000,0.700,,91308000000,,,,,,,,,,,,true,false,6,2017-04-01,2017-09-30,0
2017-10-31,78170,2017-03-31,2,32383000000,-0.031,,,,,4443000000,0.163,3887000000,-0.072,,2684000000,,94.25,86.82,,,,,,,,,,,,,,,,,,,,,true,false,6,2016-04-01,2016-09-30,-1
2017-10-31,78170,2018-03-31,2,76000000000,0.038,,,,,11500000000,0.044,12500000000,0.060,,8500000000,,307.81,,,,,,,,,,,,,,,,,,,,,,true,true,12,2017-04-01,2018-03-31,0
2017-10-31,78170,2017-03-31,2,,,,,,,,,,,,,,,,,,,,128962000000,88391000000,0.685,,88390000000,,,,,,,,,,,,true,false,12,2016-04-01,2017-03-31,-1
2017-10-31,78170,2017-03-31,2,,,,,,,,,,,,,,,,,,,,,,,,,,,,,90.00,,,,30877487,3263161,,false,false,12,2016-04-01,2017-03-31,-1
2017-10-31,78170,2018-03-31,2,,,,,,,,,,,,,,,,,,,,,,,,,,,,,45.00,,,,,,,false,false,12,2017-04-01,2018-03-31,0
2017-10-31,78170,2018-03-31,2,,,,,,,,,,,,,,,,,,,,,,,,,,,,,90.00,,,,,,,false,true,12,2017-04-01,2018-03-31,0
2017-10-31,78170,2018-03-31,2,,,,,,,,,,,,,,,,,,,,,,,,,,,,,,,,,30877487,3263422,27614203,false,false,6,2017-04-01,2017-09-30,0
2017-10-31,78170,2017-03-31,2,,,,,,,,,,,,,,,,,,,,,,,,,,,,,,,,,,,28483096,false,false,6,2016-04-01,2016-09-30,-1
2018-02-06,78170,2018-03-31,3,52740000000,0.082,,,,,6707000000,-0.005,8351000000,0.154,,5786000000,,208.85,191.98,,,,,131905000000,95357000000,0.723,,95356000000,,,,,,,,,,,,true,false,9,2017-04-01,2017-12-31,0
2018-02-06,78170,2017-03-31,3,48730000000,-0.026,,,,,6738000000,0.171,7236000000,0.127,,5263000000,,185.31,170.66,,,,,,,,,,,,,,,,,,,,,true,false,9,2016-04-01,2016-12-31,-1
2018-02-06,78170,2018-03-31,3,76000000000,0.038,,,,,11500000000,0.044,12500000000,0.060,,8500000000,,307.81,,,,,,,,,,,,,,,,,,,,,,true,true,12,2017-04-01,2018-03-31,0
2018-02-06,78170,2017-03-31,3,,,,,,,,,,,,,,,,,,,,128962000000,88391000000,0.685,,88390000000,,,,,,,,,,,,true,false,12,2016-04-01,2017-03-31,-1
2018-02-06,78170,2017-03-31,3,,,,,,,,,,,,,,,,,,,,,,,,,,,,,90.00,,,,30877487,3263161,,false,false,12,2016-04-01,2017-03-31,-1
2018-02-06,78170,2018-03-31,3,,,,,,,,,,,,,,,,,,,,,,,,,,,,,45.00,,,,,,,false,false,12,2017-04-01,2018-03-31,0
2018-02-06,78170,2018-03-31,3,,,,,,,,,,,,,,,,,,,,,,,,,,,,,90.00,,,,,,,false,true,12,2017-04-01,2018-03-31,0
2018-02-06,78170,2018-03-31,3,,,,,,,,,,,,,,,,,,,,,,,,,,,,,,,,,30877487,2451689,27708926,false,false,9,2017-04-01,2017-12-31,0
2018-02-06,78170,2017-03-31,3,,,,,,,,,,,,,,,,,,,,,,,,,,,,,,,,,,,28402526,false,false,9,2016-04-01,2016-12-31,-1
2018-05-09,78170,2018-03-31,,77220000000,0.055,,,,,10661000000,-0.032,12161000000,0.032,,8366000000,,297.24,277.06,0.088,0.091,0.138,,139176000000,102803000000,0.739,3453.90,102802000000,9967000000,-493000000,-2621000000,34435000000,,0.303,,,,,,true,false,12,2017-04-01,2018-03-31,0
2018-05-09,78170,2017-03-31,,73198000000,-0.012,,,,,11015000000,0.140,11788000000,0.199,,9034000000,,320.14,294.68,0.104,0.092,0.150,,128962000000,88391000000,0.685,3200.91,88390000000,12019000000,-936000000,-5641000000,27644000000,,0.281,,,,,,true,false,12,2016-04-01,2017-03-31,-1
2018-05-09,78170,2019-03-31,,37000000000,0.063,,,,,4600000000,0.050,4800000000,-0.168,,3200000000,,107.51,,,,,,,,,,,,,,,,,,,,,,true,true,6,2018-04-01,2018-09-30,1
2018-05-09,78170,2019-03-31,,81000000000,0.049,,,,,11500000000,0.079,11900000000,-0.022,,8100000000,,272.14,,,,,,,,,,,,,,,,0.367,,,,,,true,true,12,2018-04-01,2019-03-31,1
2018-05-09,78170,2017-03-31,,,,,,,,,,,,,,,,,,,,,,,,,,,,,,90.00,,,,30877487,3263161,28220639,false,false,12,2016-04-01,2017-03-31,-1
2018-05-09,78170,2018-03-31,,,,,,,,,,,,,,,,,,,,,,,,,,,,,,90.00,,,,30877487,1113339,28147415,false,false,12,2017-04-01,2018-03-31,0
2018-05-09,78170,2019-03-31,,,,,,,,,,,,,,,,,,,,,,,,,,,,,,100.00,,,,,,,false,true,12,2018-04-01,2019-03-31,1
2018-07-31,78170,2019-03-31,1,17586000000,0.098,,,,,2102000000,0.349,2200000000,-0.084,,1516000000,,50.92,50.41,,,,,135381000000,103460000000,0.764,,103459000000,,,,,,,,,,,,true,false,3,2018-04-01,2018-06-30,0
2018-07-31,78170,2018-03-31,1,16017000000,0.034,,,,,1559000000,-0.143,2402000000,1.137,,1670000000,,60.50,55.57,,,,,,,,,,,,,,,,,,,,,true,false,3,2017-04-01,2017-06-30,-1
2018-07-31,78170,2019-03-31,1,37000000000,0.063,,,,,4600000000,0.050,4800000000,-0.168,,3200000000,,107.51,,,,,,,,,,,,,,,,,,,,,,true,true,6,2018-04-01,2018-09-30,0
2018-07-31,78170,2019-03-31,1,81000000000,0.049,,,,,11500000000,0.079,11900000000,-0.022,,8100000000,,272.14,,,,,,,,,,,,,,,,,,,,,,true,true,12,2018-04-01,2019-03-31,0
2018-07-31,78170,2018-03-31,1,,,,,,,,,,,,,,,,,,,,139176000000,102803000000,0.739,,102802000000,,,,,,,,,,,,true,false,12,2017-04-01,2018-03-31,-1
2018-07-31,78170,2018-03-31,1,,,,,,,,,,,,,,,,,,,,,,,,,,,,,90.00,,,,30877487,1113339,,false,false,12,2017-04-01,2018-03-31,-1
2018-07-31,78170,2019-03-31,1,,,,,,,,,,,,,,,,,,,,,,,,,,,,,100.00,,,,,,,false,true,12,2018-04-01,2019-03-31,0
2018-07-31,78170,2019-03-31,1,,,,,,,,,,,,,,,,,,,,,,,,,,,,,,,,,30877487,1060746,29777264,false,false,3,2018-04-01,2018-06-30,0
2018-07-31,78170,2018-03-31,1,,,,,,,,,,,,,,,,,,,,,,,,,,,,,,,,,,,27614288,false,false,3,2017-04-01,2017-06-30,-1
2018-10-31,78170,2019-03-31,2,36759000000,0.056,,,,,4868000000,0.112,5287000000,-0.084,,3693000000,,123.52,122.73,,,,,139241000000,106990000000,0.768,,106989000000,,,,,,,,,,,,true,false,6,2018-04-01,2018-09-30,0
2018-10-31,78170,2018-03-31,2,34795000000,0.074,,,,,4379000000,-0.014,5769000000,0.484,,3975000000,,143.96,132.23,,,,,,,,,,,,,,,,,,,,,true,false,6,2017-04-01,2017-09-30,-1
2018-10-31,78170,2019-03-31,2,81000000000,0.049,,,,,11500000000,0.079,11900000000,-0.022,,8100000000,,272.14,,,,,,,,,,,,,,,,,,,,,,true,true,12,2018-04-01,2019-03-31,0
2018-10-31,78170,2018-03-31,2,,,,,,,,,,,,,,,,,,,,139176000000,102803000000,0.739,,102802000000,,,,,,,,,,,,true,false,12,2017-04-01,2018-03-31,-1
2018-10-31,78170,2018-03-31,2,,,,,,,,,,,,,,,,,,,,,,,,,,,,,90.00,,,,30877487,1113339,,false,false,12,2017-04-01,2018-03-31,-1
2018-10-31,78170,2019-03-31,2,,,,,,,,,,,,,,,,,,,,,,,,,,,,,50.00,,,,,,,false,false,12,2018-04-01,2019-03-31,0
2018-10-31,78170,2019-03-31,2,,,,,,,,,,,,,,,,,,,,,,,,,,,,,100.00,,,,,,,false,true,12,2018-04-01,2019-03-31,0
2018-10-31,78170,2019-03-31,2,,,,,,,,,,,,,,,,,,,,,,,,,,,,,,,,,30877487,814161,29899871,false,false,6,2018-04-01,2018-09-30,0
2018-10-31,78170,2018-03-31,2,,,,,,,,,,,,,,,,,,,,,,,,,,,,,,,,,,,27614203,false,false,6,2017-04-01,2017-09-30,-1
2019-02-06,78170,2019-03-31,3,55371000000,0.050,,,,,7113000000,0.061,7454000000,-0.107,,5152000000,,172.06,171.33,,,,,138053000000,106274000000,0.770,,106273000000,,,,,,,,,,,,true,false,9,2018-04-01,2018-12-31,0
2019-02-06,78170,2018-03-31,3,52740000000,0.082,,,,,6707000000,-0.005,8351000000,0.154,,5786000000,,208.85,191.98,,,,,,,,,,,,,,,,,,,,,true,false,9,2017-04-01,2017-12-31,-1
2019-02-06,78170,2019-03-31,3,81000000000,0.049,,,,,11500000000,0.079,11900000000,-0.022,,8100000000,,272.14,,,,,,,,,,,,,,,,,,,,,,true,true,12,2018-04-01,2019-03-31,0
2019-02-06,78170,2018-03-31,3,,,,,,,,,,,,,,,,,,,,139176000000,102803000000,0.739,,102802000000,,,,,,,,,,,,true,false,12,2017-04-01,2018-03-31,-1
2019-02-06,78170,2018-03-31,3,,,,,,,,,,,,,,,,,,,,,,,,,,,,,90.00,,,,30877487,1113339,,false,false,12,2017-04-01,2018-03-31,-1
2019-02-06,78170,2019-03-31,3,,,,,,,,,,,,,,,,,,,,,,,,,,,,,50.00,,,,,,,false,false,12,2018-04-01,2019-03-31,0
2019-02-06,78170,2019-03-31,3,,,,,,,,,,,,,,,,,,,,,,,,,,,,,100.00,,,,,,,false,true,12,2018-04-01,2019-03-31,0
2019-02-06,78170,2019-03-31,3,,,,,,,,,,,,,,,,,,,,,,,,,,,,,,,,,30877487,814203,29948899,false,false,9,2018-04-01,2018-12-31,0
2019-02-06,78170,2018-03-31,3,,,,,,,,,,,,,,,,,,,,,,,,,,,,,,,,,,,27708926,false,false,9,2017-04-01,2017-12-31,-1
2019-05-14,78170,2019-03-31,,80088000000,0.037,,,,,10580000000,-0.008,10923000000,-0.102,,6704000000,,223.67,222.96,0.064,0.077,0.132,,144006000000,108242000000,0.752,3600.49,108241000000,7914000000,-2464000000,-2842000000,37069000000,,0.447,,,,,,true,false,12,2018-04-01,2019-03-31,0
2019-05-14,78170,2018-03-31,,77220000000,0.055,,,,,10661000000,-0.032,12161000000,0.032,,8366000000,,297.24,277.06,0.088,0.091,0.138,,139176000000,102803000000,0.739,3453.90,102802000000,9967000000,-493000000,-2621000000,34435000000,,0.303,,,,,,true,false,12,2017-04-01,2018-03-31,-1
2019-05-14,78170,2020-03-31,,38100000000,0.036,,,,,4400000000,-0.096,4600000000,-0.130,,3100000000,,103.12,,,,,,,,,,,,,,,,,,,,,,true,true,6,2019-04-01,2019-09-30,1
2019-05-14,78170,2020-03-31,,83000000000,0.036,,,,,11000000000,0.040,11400000000,0.044,,7800000000,,259.45,,,,,,,,,,,,,,,,0.385,,,,,,true,true,12,2019-04-01,2020-03-31,1
2019-05-14,78170,2018-03-31,,,,,,,,,,,,,,,,,,,,,,,,,,,,,,90.00,,,,30877487,1113339,28147415,false,false,12,2017-04-01,2018-03-31,-1
2019-05-14,78170,2019-03-31,,,,,,,,,,,,,,,,,,,,,,,,,,,,,,100.00,,,,30877487,814360,29975272,false,false,12,2018-04-01,2019-03-31,0
2019-05-14,78170,2020-03-31,,,,,,,,,,,,,,,,,,,,,,,,,,,,,,100.00,,,,,,,false,true,12,2019-04-01,2020-03-31,1
2019-07-30,78170,2020-03-31,1,17139000000,-0.025,,,,,1782000000,-0.152,1751000000,-0.204,,1247000000,,41.50,,,,,,140564000000,107835000000,0.767,,107835000000,,,,,,,,,,,,true,false,3,2019-04-01,2019-06-30,0
2019-07-30,78170,2019-03-31,1,17586000000,0.098,,,,,2102000000,0.349,2200000000,-0.084,,1516000000,,50.92,50.41,,,,,,,,,,,,,,,,,,,,,true,false,3,2018-04-01,2018-06-30,-1
2019-07-30,78170,2020-03-31,1,38100000000,0.036,,,,,4400000000,-0.096,4600000000,-0.130,,3100000000,,103.12,,,,,,,,,,,,,,,,,,,,,,true,true,6,2019-04-01,2019-09-30,0
2019-07-30,78170,2020-03-31,1,83000000000,0.036,,,,,11000000000,0.040,11400000000,0.044,,7800000000,,259.45,,,,,,,,,,,,,,,,,,,,,,true,true,12,2019-04-01,2020-03-31,0
2019-07-30,78170,2019-03-31,1,,,,,,,,,,,,,,,,,,,,144006000000,108242000000,0.752,,108241000000,,,,,,,,,,,,true,false,12,2018-04-01,2019-03-31,-1
2019-07-30,78170,2019-03-31,1,,,,,,,,,,,,,,,,,,,,,,,,,,,,,100.00,,,,30877487,814360,,false,false,12,2018-04-01,2019-03-31,-1
2019-07-30,78170,2020-03-31,1,,,,,,,,,,,,,,,,,,,,,,,,,,,,,100.00,,,,,,,false,true,12,2019-04-01,2020-03-31,0
2019-07-30,78170,2020-03-31,1,,,,,,,,,,,,,,,,,,,,,,,,,,,,,,,,,30877487,814410,30063090,false,false,3,2019-04-01,2019-06-30,0
2019-07-30,78170,2019-03-31,1,,,,,,,,,,,,,,,,,,,,,,,,,,,,,,,,,,,29777264,false,false,3,2018-04-01,2018-06-30,-1
2019-10-31,78170,2020-03-31,2,38952000000,0.060,,,,,4940000000,0.015,4921000000,-0.069,,3450000000,,114.78,,,,,,144064000000,109903000000,0.763,,109902000000,,,,,,,,,,,,true,false,6,2019-04-01,2019-09-30,0
2019-10-31,78170,2019-03-31,2,36759000000,0.056,,,,,4868000000,0.112,5287000000,-0.084,,3693000000,,123.52,122.73,,,,,,,,,,,,,,,,,,,,,true,false,6,2018-04-01,2018-09-30,-1
2019-10-31,78170,2020-03-31,2,83000000000,0.036,,,,,11000000000,0.040,11400000000,0.044,,7800000000,,259.45,,,,,,,,,,,,,,,,,,,,,,true,true,12,2019-04-01,2020-03-31,0
2019-10-31,78170,2019-03-31,2,,,,,,,,,,,,,,,,,,,,144006000000,108242000000,0.752,,108241000000,,,,,,,,,,,,true,false,12,2018-04-01,2019-03-31,-1
2019-10-31,78170,2019-03-31,2,,,,,,,,,,,,,,,,,,,,,,,,,,,,,100.00,,,,30877487,814360,,false,false,12,2018-04-01,2019-03-31,-1
2019-10-31,78170,2020-03-31,2,,,,,,,,,,,,,,,,,,,,,,,,,,,,,50.00,,,,,,,false,false,12,2019-04-01,2020-03-31,0
2019-10-31,78170,2020-03-31,2,,,,,,,,,,,,,,,,,,,,,,,,,,,,,100.00,,,,,,,false,true,12,2019-04-01,2020-03-31,0
2019-10-31,78170,2020-03-31,2,,,,,,,,,,,,,,,,,,,,,,,,,,,,,,,,,30877487,814410,30063084,false,false,6,2019-04-01,2019-09-30,0
2019-10-31,78170,2019-03-31,2,,,,,,,,,,,,,,,,,,,,,,,,,,,,,,,,,,,29899871,false,false,6,2018-04-01,2018-09-30,-1
2020-02-05,78170,2020-03-31,3,58060000000,0.049,,,,,7046000000,-0.010,7204000000,-0.034,,5088000000,,169.74,,,,,,143230000000,108275000000,0.756,,108274000000,,,,,,,,,,,,true,false,9,2019-04-01,2019-12-31,0
2020-02-05,78170,2019-03-31,3,55371000000,0.050,,,,,7113000000,0.061,7454000000,-0.107,,5152000000,,172.06,171.33,,,,,,,,,,,,,,,,,,,,,true,false,9,2018-04-01,2018-12-31,-1
2020-02-05,78170,2020-03-31,3,83000000000,0.036,,,,,11000000000,0.040,11400000000,0.044,,7800000000,,259.45,,,,,,,,,,,,,,,,,,,,,,true,true,12,2019-04-01,2020-03-31,0
2020-02-05,78170,2019-03-31,3,,,,,,,,,,,,,,,,,,,,144006000000,108242000000,0.752,,108241000000,,,,,,,,,,,,true,false,12,2018-04-01,2019-03-31,-1
2020-02-05,78170,2019-03-31,3,,,,,,,,,,,,,,,,,,,,,,,,,,,,,100.00,,,,30877487,814360,,false,false,12,2018-04-01,2019-03-31,-1
2020-02-05,78170,2020-03-31,3,,,,,,,,,,,,,,,,,,,,,,,,,,,,,50.00,,,,,,,false,false,12,2019-04-01,2020-03-31,0
2020-02-05,78170,2020-03-31,3,,,,,,,,,,,,,,,,,,,,,,,,,,,,,100.00,,,,,,,false,true,12,2019-04-01,2020-03-31,0
2020-02-05,78170,2020-03-31,3,,,,,,,,,,,,,,,,,,,,,,,,,,,,,,,,,30877487,1319856,29977537,false,false,9,2019-04-01,2019-12-31,0
2020-02-05,78170,2019-03-31,3,,,,,,,,,,,,,,,,,,,,,,,,,,,,,,,,,,,29948899,false,false,9,2018-04-01,2018-12-31,-1
2020-05-13,78170,2020-03-31,,82379000000,0.029,,,,,9906000000,-0.064,10145000000,-0.071,,7043000000,,236.41,,0.065,0.070,0.120,,144257000000,107066000000,0.742,3683.94,107066000000,9087000000,-3579000000,-7475000000,35009000000,,0.423,,,,,,true,false,12,2019-04-01,2020-03-31,0
2020-05-13,78170,2019-03-31,,80088000000,0.037,,,,,10580000000,-0.008,10923000000,-0.102,,6704000000,,223.67,222.96,0.064,0.077,0.132,,144006000000,108242000000,0.752,3600.49,108241000000,7914000000,-2464000000,-2842000000,37069000000,,0.447,,,,,,true,false,12,2018-04-01,2019-03-31,-1
2020-05-13,78170,2019-03-31,,,,,,,,,,,,,,,,,,,,,,,,,,,,,,100.00,,,,30877487,814360,29975272,false,false,12,2018-04-01,2019-03-31,-1
2020-05-13,78170,2020-03-31,,,,,,,,,,,,,,,,,,,,,,,,,,,,,,100.00,,,,30877487,1814533,29794498,false,false,12,2019-04-01,2020-03-31,0
2020-05-13,78170,2021-03-31,,,,,,,,,,,,,,,,,,,,,,,,,,,,,,100.00,,,,,,,false,true,12,2020-04-01,2021-03-31,1
2020-07-31,78170,2021-03-31,1,17041000000,-0.006,,,,,1435000000,-0.195,1532000000,-0.125,,1054000000,,36.29,,,,,,140571000000,107115000000,0.762,,107114000000,,,,,,,,,,,,true,false,3,2020-04-01,2020-06-30,0
2020-07-31,78170,2020-03-31,1,17139000000,-0.025,,,,,1782000000,-0.152,1751000000,-0.204,,1247000000,,41.50,,,,,,,,,,,,,,,,,,,,,,true,false,3,2019-04-01,2019-06-30,-1
2020-07-31,78170,2021-03-31,1,36500000000,-0.063,,,,,3500000000,-0.292,3700000000,-0.248,2600000000,,-0.247,89.46,,,,,,,,,,,,,,,,,,,,,,true,true,6,2020-04-01,2020-09-30,0
2020-07-31,78170,2020-03-31,1,,,,,,,,,,,,,,,,,,,,144257000000,107066000000,0.742,,107066000000,,,,,,,,,,,,true,false,12,2019-04-01,2020-03-31,-1
2020-07-31,78170,2020-03-31,1,,,,,,,,,,,,,,,,,,,,,,,,,,,,,100.00,,,,30877487,1814533,,false,false,12,2019-04-01,2020-03-31,-1
2020-07-31,78170,2021-03-31,1,,,,,,,,,,,,,,,,,,,,,,,,,,,,,100.00,,,,,,,false,true,12,2020-04-01,2021-03-31,0
2020-07-31,78170,2021-03-31,1,,,,,,,,,,,,,,,,,,,,,,,,,,,,,,,,,30877487,1814643,29062890,false,false,3,2020-04-01,2020-06-30,0
2020-07-31,78170,2020-03-31,1,,,,,,,,,,,,,,,,,,,,,,,,,,,,,,,,,,,30063090,false,false,3,2019-04-01,2019-06-30,-1
2020-10-30,78170,2021-03-31,2,38048000000,-0.023,,,,,4646000000,-0.060,4893000000,-0.006,,2625000000,,90.35,,,,,,142838000000,108683000000,0.761,,108682000000,,,,,,,,,,,,true,false,6,2020-04-01,2020-09-30,0
2020-10-30,78170,2020-03-31,2,38952000000,0.060,,,,,4940000000,0.015,4921000000,-0.069,,3450000000,,114.78,,,,,,,,,,,,,,,,,,,,,,true,false,6,2019-04-01,2019-09-30,-1
2020-10-30,78170,2021-03-31,2,84000000000,0.020,,,,,10800000000,0.090,11200000000,0.104,7000000000,,-0.006,240.86,,,,,,,,,,,,,,,,,,,,,,true,true,12,2020-04-01,2021-03-31,0
2020-10-30,78170,2020-03-31,2,,,,,,,,,,,,,,,,,,,,144257000000,107066000000,0.742,,107066000000,,,,,,,,,,,,true,false,12,2019-04-01,2020-03-31,-1
2020-10-30,78170,2020-03-31,2,,,,,,,,,,,,,,,,,,,,,,,,,,,,,100.00,,,,30877487,1814533,,false,false,12,2019-04-01,2020-03-31,-1
2020-10-30,78170,2021-03-31,2,,,,,,,,,,,,,,,,,,,,,,,,,,,,,50.00,,,,,,,false,false,12,2020-04-01,2021-03-31,0
2020-10-30,78170,2021-03-31,2,,,,,,,,,,,,,,,,,,,,,,,,,,,,,100.00,,,,,,,false,true,12,2020-04-01,2021-03-31,0
2020-10-30,78170,2021-03-31,2,,,,,,,,,,,,,,,,,,,,,,,,,,,,,,,,,30877487,1814664,29062864,false,false,6,2020-04-01,2020-09-30,0
2020-10-30,78170,2020-03-31,2,,,,,,,,,,,,,,,,,,,,,,,,,,,,,,,,,,,30063084,false,false,6,2019-04-01,2019-09-30,-1
2021-02-03,78170,2021-03-31,3,60362000000,0.040,,,,,8244000000,0.170,8701000000,0.208,,5236000000,,180.18,,,,,,146769000000,109957000000,0.749,,109957000000,,,,,,,,,,,,true,false,9,2020-04-01,2020-12-31,0
2021-02-03,78170,2020-03-31,3,58060000000,0.049,,,,,7046000000,-0.010,7204000000,-0.034,,5088000000,,169.74,,,,,,,,,,,,,,,,,,,,,,true,false,9,2019-04-01,2019-12-31,-1
2021-02-03,78170,2021-03-31,3,84000000000,0.020,,,,,10800000000,0.090,11200000000,0.104,,7000000000,,240.86,,,,,,,,,,,,,,,,,,,,,,true,true,12,2020-04-01,2021-03-31,0
2021-02-03,78170,2020-03-31,3,,,,,,,,,,,,,,,,,,,,144257000000,107066000000,0.742,,107066000000,,,,,,,,,,,,true,false,12,2019-04-01,2020-03-31,-1
2021-02-03,78170,2020-03-31,3,,,,,,,,,,,,,,,,,,,,,,,,,,,,,100.00,,,,30877487,1814533,,false,false,12,2019-04-01,2020-03-31,-1
2021-02-03,78170,2021-03-31,3,,,,,,,,,,,,,,,,,,,,,,,,,,,,,50.00,,,,,,,false,false,12,2020-04-01,2021-03-31,0
2021-02-03,78170,2021-03-31,3,,,,,,,,,,,,,,,,,,,,,,,,,,,,,100.00,,,,,,,false,true,12,2020-04-01,2021-03-31,0
2021-02-03,78170,2021-03-31,3,,,,,,,,,,,,,,,,,,,,,,,,,,,,,,,,,30877487,1814751,29062836,false,false,9,2020-04-01,2020-12-31,0
2021-02-03,78170,2020-03-31,3,,,,,,,,,,,,,,,,,,,,,,,,,,,,,,,,,,,29977537,false,false,9,2019-04-01,2019-12-31,-1
2021-05-13,78170,2021-03-31,,87171000000,0.058,,,,,11582000000,0.169,13461000000,0.327,,8611000000,,148.15,,0.078,0.090,0.133,,154358000000,113822000000,0.737,1958.23,113822000000,10279000000,-1541000000,-3044000000,40756000000,,0.348,,,,,,true,false,12,2020-04-01,2021-03-31,0
2021-05-13,78170,2020-03-31,,82379000000,0.029,,,,,9906000000,-0.064,10145000000,-0.071,,7043000000,,118.21,,0.065,0.070,0.120,,144257000000,107066000000,0.742,1841.97,107066000000,9087000000,-3579000000,-7475000000,35009000000,,0.423,,,,,,true,false,12,2019-04-01,2020-03-31,-1
2021-05-13,78170,2022-03-31,,39000000000,,,,,,5000000000,,5250000000,,,3450000000,,59.36,,,,,,,,,,,,,,,,,,,,,,true,true,6,2021-04-01,2021-09-30,1
2021-05-13,78170,2022-03-31,,81000000000,,,,,,10600000000,,11000000000,,,7200000000,,123.87,,,,,,,,,,,,,,,,0.428,,,,,,true,true,12,2021-04-01,2022-03-31,1
2021-05-13,78170,2020-03-31,,,,,,,,,,,,,,,,,,,,,,,,,,,,,,100.00,,,,61754974,3629066,59588996,false,false,12,2019-04-01,2020-03-31,-1
2021-05-13,78170,2021-03-31,,,,,,,,,,,,,,,,,,,,,,,,,,,,,,103.00,,,,61754974,3629780,58125586,false,false,12,2020-04-01,2021-03-31,0
2021-05-13,78170,2022-03-31,,,,,,,,,,,,,,,,,,,,,,,,,,,,,,53.00,,,,,,,false,true,12,2021-04-01,2022-03-31,1
2021-07-30,78170,2022-03-31,1,20420000000,,,,,,3126000000,1.178,3351000000,1.187,,2349000000,,40.42,,,,,,151652000000,115005000000,0.758,,115005000000,,,,,,,,,,,,true,false,3,2021-04-01,2021-06-30,0
2021-07-30,78170,2021-03-31,1,17041000000,-0.006,,,,,1435000000,-0.195,1532000000,-0.125,,1054000000,,18.14,,,,,,,,,,,,,,,,,,,,,,true,false,3,2020-04-01,2020-06-30,-1
2021-07-30,78170,2022-03-31,1,39000000000,,,,,,5000000000,0.076,5250000000,0.073,,3450000000,,59.36,,,,,,,,,,,,,,,,,,,,,,true,true,6,2021-04-01,2021-09-30,0
2021-07-30,78170,2022-03-31,1,81000000000,,,,,,10600000000,-0.085,11000000000,-0.183,,7200000000,,123.87,,,,,,,,,,,,,,,,,,,,,,true,true,12,2021-04-01,2022-03-31,0
2021-07-30,78170,2021-03-31,1,,,,,,,,,,,,,,,,,,,,154358000000,113822000000,0.737,,113822000000,,,,,,,,,,,,true,false,12,2020-04-01,2021-03-31,-1
2021-07-30,78170,2021-03-31,1,,,,,,,,,,,,,,,,,,,,,,,,,,,,,103.00,,,,61754974,3629780,,false,false,12,2020-04-01,2021-03-31,-1
2021-07-30,78170,2022-03-31,1,,,,,,,,,,,,,,,,,,,,,,,,,,,,,53.00,,,,,,,false,true,12,2021-04-01,2022-03-31,0
2021-07-30,78170,2022-03-31,1,,,,,,,,,,,,,,,,,,,,,,,,,,,,,,,,,61754974,3629868,58125156,false,false,3,2021-04-01,2021-06-30,0
2021-07-30,78170,2021-03-31,1,,,,,,,,,,,,,,,,,,,,,,,,,,,,,,,,,,,58125780,false,false,3,2020-04-01,2020-06-30,-1
2021-10-28,78170,2022-03-31,,41200000000,0.056,,,,,6200000000,0.240,6800000000,0.295,,4900000000,,84.29,,,,,,,,,,,,,,,,,,,,,,true,true,6,2021-04-01,2021-09-30,0
2021-10-28,78170,2021-03-31,,38048000000,,,,,,4646000000,,4893000000,,,2625000000,,45.18,,,,,,,,,,,,,,,,,,,,,,true,false,6,2020-04-01,2020-09-30,-1
2021-10-28,78170,2022-03-31,,83200000000,0.027,,,,,11800000000,0.113,12550000000,0.141,,8650000000,,148.79,,,,,,,,,,,,,,,,,,,,,,true,true,12,2021-04-01,2022-03-31,0
2021-10-28,78170,2021-03-31,,87171000000,,,,,,11582000000,,13461000000,,,8611000000,,148.15,,,,,,,,,,,,,,,,,,,,,,true,false,12,2020-04-01,2021-03-31,-1
2021-10-29,78170,2022-03-31,2,41237000000,,,,,,6297000000,0.355,6827000000,0.395,,4925000000,,84.72,,,,,,156220000000,117734000000,0.754,,117734000000,,,,,,,,,,,,true,false,6,2021-04-01,2021-09-30,0
2021-10-29,78170,2021-03-31,2,38048000000,-0.023,,,,,4646000000,-0.060,4893000000,-0.006,,2625000000,,45.18,,,,,,,,,,,,,,,,,,,,,,true,false,6,2020-04-01,2020-09-30,-1
2021-10-29,78170,2022-03-31,2,83200000000,,,,,,11800000000,0.019,12550000000,-0.068,,8650000000,,148.79,,,,,,,,,,,,,,,,,,,,,,true,true,12,2021-04-01,2022-03-31,0
2021-10-29,78170,2021-03-31,2,,,,,,,,,,,,,,,,,,,,154358000000,113822000000,0.737,,113822000000,,,,,,,,,,,,true,false,12,2020-04-01,2021-03-31,-1
2021-10-29,78170,2021-03-31,2,,,,,,,,,,,,,,,,,,,,,,,,,,,,,103.00,,,,61754974,3629780,,false,false,12,2020-04-01,2021-03-31,-1
2021-10-29,78170,2022-03-31,2,,,,,,,,,,,,,,,,,,,,,,,,,,,,,26.00,,,,,,,false,false,12,2021-04-01,2022-03-31,0
2021-10-29,78170,2022-03-31,2,,,,,,,,,,,,,,,,,,,,,,,,,,,,,53.00,,,,,,,false,true,12,2021-04-01,2022-03-31,0
2021-10-29,78170,2022-03-31,2,,,,,,,,,,,,,,,,,,,,,,,,,,,,,,,,,61754974,3606184,58135310,false,false,6,2021-04-01,2021-09-30,0
2021-10-29,78170,2021-03-31,2,,,,,,,,,,,,,,,,,,,,,,,,,,,,,,,,,,,58125728,false,false,6,2020-04-01,2020-09-30,-1
2022-02-04,78170,2022-03-31,3,63958000000,,,,,,9982000000,0.211,10857000000,0.248,,7483000000,,128.71,,,,,,159414000000,119401000000,0.749,,119400000000,,,,,,,,,,,,true,false,9,2021-04-01,2021-12-31,0
2022-02-04,78170,2021-03-31,3,60362000000,0.040,,,,,8244000000,0.170,8701000000,0.208,,5236000000,,90.09,,,,,,,,,,,,,,,,,,,,,,true,false,9,2020-04-01,2020-12-31,-1
2022-02-04,78170,2022-03-31,3,83200000000,,,,,,11800000000,0.019,12550000000,-0.068,,8650000000,,148.79,,,,,,,,,,,,,,,,,,,,,,true,true,12,2021-04-01,2022-03-31,0
2022-02-04,78170,2021-03-31,3,,,,,,,,,,,,,,,,,,,,154358000000,113822000000,0.737,,113822000000,,,,,,,,,,,,true,false,12,2020-04-01,2021-03-31,-1
2022-02-04,78170,2021-03-31,3,,,,,,,,,,,,,,,,,,,,,,,,,,,,,103.00,,,,61754974,3629780,,false,false,12,2020-04-01,2021-03-31,-1
2022-02-04,78170,2022-03-31,3,,,,,,,,,,,,,,,,,,,,,,,,,,,,,26.00,,,,,,,false,false,12,2021-04-01,2022-03-31,0
2022-02-04,78170,2022-03-31,3,,,,,,,,,,,,,,,,,,,,,,,,,,,,,55.00,,,,,,,false,true,12,2021-04-01,2022-03-31,0
2022-02-04,78170,2022-03-31,3,,,,,,,,,,,,,,,,,,,,,,,,,,,,,,,,,61754974,3606210,58139352,false,false,9,2021-04-01,2021-12-31,0
2022-02-04,78170,2021-03-31,3,,,,,,,,,,,,,,,,,,,,,,,,,,,,,,,,,,,58125672,false,false,9,2020-04-01,2020-12-31,-1
2022-05-12,78170,2022-03-31,,90352000000,,,,,,12340000000,0.065,13543000000,0.006,,9092000000,,156.39,,0.077,0.085,0.137,,164281000000,121675000000,0.741,2092.47,121674000000,7822000000,-220000000,-3365000000,45462000000,,0.352,,,,,,true,false,12,2021-04-01,2022-03-31,0
2022-05-12,78170,2021-03-31,,87171000000,0.058,,,,,11582000000,0.169,13461000000,0.327,,8611000000,,148.15,,0.078,0.090,0.133,,154358000000,113822000000,0.737,1958.23,113822000000,10279000000,-1541000000,-3044000000,40756000000,,0.348,,,,,,true,false,12,2020-04-01,2021-03-31,-1
2022-05-12,78170,2023-03-31,,42700000000,0.036,,,,,4700000000,-0.254,4900000000,-0.282,,3300000000,,56.75,,,,,,,,,,,,,,,,,,,,,,true,true,6,2022-04-01,2022-09-30,1
2022-05-12,78170,2023-03-31,,94000000000,0.040,,,,,12500000000,0.013,12900000000,-0.048,,8800000000,,151.34,,,,,,,,,,,,,,,,0.377,,,,,,true,true,12,2022-04-01,2023-03-31,1
2022-05-12,78170,2021-03-31,,,,,,,,,,,,,,,,,,,,,,,,,,,,,,103.00,,,,61754974,3629780,58125586,false,false,12,2020-04-01,2021-03-31,-1
2022-05-12,78170,2022-03-31,,,,,,,,,,,,,,,,,,,,,,,,,,,,,,55.00,,,,61754974,3606342,58141503,false,false,12,2021-04-01,2022-03-31,0
2022-05-12,78170,2023-03-31,,,,,,,,,,,,,,,,,,,,,,,,,,,,,,57.00,,,,,,,false,true,12,2022-04-01,2023-03-31,1
2022-07-29,78170,2023-03-31,1,22752000000,0.114,,,,,3210000000,0.027,3962000000,0.182,,2685000000,,46.18,,,,,,163122000000,124323000000,0.762,,124322000000,,,,,,,,,,,,true,false,3,2022-04-01,2022-06-30,0
2022-07-29,78170,2022-03-31,1,20420000000,,,,,,3126000000,1.178,3351000000,1.187,,2349000000,,40.42,,,,,,,,,,,,,,,,,,,,,,true,false,3,2021-04-01,2021-06-30,-1
2022-07-29,78170,2023-03-31,1,42700000000,0.036,,,,,4700000000,-0.254,4900000000,-0.282,,3300000000,,56.75,,,,,,,,,,,,,,,,,,,,,,true,true,6,2022-04-01,2022-09-30,0
2022-07-29,78170,2023-03-31,1,94000000000,0.040,,,,,12500000000,0.013,12900000000,-0.048,,8800000000,,151.34,,,,,,,,,,,,,,,,,,,,,,true,true,12,2022-04-01,2023-03-31,0
2022-07-29,78170,2022-03-31,1,,,,,,,,,,,,,,,,,,,,164281000000,121675000000,0.741,,121674000000,,,,,,,,,,,,true,false,12,2021-04-01,2022-03-31,-1
2022-07-29,78170,2022-03-31,1,,,,,,,,,,,,,,,,,,,,,,,,,,,,,55.00,,,,61754974,3606342,,false,false,12,2021-04-01,2022-03-31,-1
2022-07-29,78170,2023-03-31,1,,,,,,,,,,,,,,,,,,,,,,,,,,,,,57.00,,,,,,,false,true,12,2022-04-01,2023-03-31,0
2022-07-29,78170,2023-03-31,1,,,,,,,,,,,,,,,,,,,,,,,,,,,,,,,,,61754974,3606427,58148580,false,false,3,2022-04-01,2022-06-30,0
2022-07-29,78170,2022-03-31,1,,,,,,,,,,,,,,,,,,,,,,,,,,,,,,,,,,,58125156,false,false,3,2021-04-01,2021-06-30,-1
2022-10-31,78170,2023-03-31,2,46850000000,0.136,,,,,6218000000,-0.013,7601000000,0.113,,5044000000,,86.73,,,,,,167726000000,127584000000,0.761,,127584000000,,,,,,,,,,,,true,false,6,2022-04-01,2022-09-30,0
2022-10-31,78170,2022-03-31,2,41237000000,,,,,,6297000000,0.355,6827000000,0.395,,4925000000,,84.72,,,,,,,,,,,,,,,,,,,,,,true,false,6,2021-04-01,2021-09-30,-1
2022-10-31,78170,2023-03-31,2,94000000000,0.040,,,,,12500000000,0.013,12900000000,-0.048,,8800000000,,151.34,,,,,,,,,,,,,,,,,,,,,,true,true,12,2022-04-01,2023-03-31,0
2022-10-31,78170,2022-03-31,2,,,,,,,,,,,,,,,,,,,,164281000000,121675000000,0.741,,121674000000,,,,,,,,,,,,true,false,12,2021-04-01,2022-03-31,-1
2022-10-31,78170,2022-03-31,2,,,,,,,,,,,,,,,,,,,,,,,,,,,,,55.00,,,,61754974,3606342,,false,false,12,2021-04-01,2022-03-31,-1
2022-10-31,78170,2023-03-31,2,,,,,,,,,,,,,,,,,,,,,,,,,,,,,28.00,,,,,,,false,false,12,2022-04-01,2023-03-31,0
2022-10-31,78170,2023-03-31,2,,,,,,,,,,,,,,,,,,,,,,,,,,,,,57.00,,,,,,,false,true,12,2022-04-01,2023-03-31,0
2022-10-31,78170,2023-03-31,2,,,,,,,,,,,,,,,,,,,,,,,,,,,,,,,,,61754974,3567801,58165131,false,false,6,2022-04-01,2022-09-30,0
2022-10-31,78170,2022-03-31,2,,,,,,,,,,,,,,,,,,,,,,,,,,,,,,,,,,,58135310,false,false,6,2021-04-01,2021-09-30,-1
2023-02-03,78170,2023-03-31,3,71105000000,0.112,,,,,9796000000,-0.019,10297000000,-0.052,,6645000000,,114.23,,,,,,166311000000,126517000000,0.761,,126516000000,,,,,,,,,,,,true,false,9,2022-04-01,2022-12-31,0
2023-02-03,78170,2022-03-31,3,63958000000,,,,,,9982000000,0.211,10857000000,0.248,,7483000000,,128.71,,,,,,,,,,,,,,,,,,,,,,true,false,9,2021-04-01,2021-12-31,-1
2023-02-03,78170,2023-03-31,3,94000000000,0.040,,,,,12500000000,0.013,12900000000,-0.048,,8800000000,,151.34,,,,,,,,,,,,,,,,,,,,,,true,true,12,2022-04-01,2023-03-31,0
2023-02-03,78170,2022-03-31,3,,,,,,,,,,,,,,,,,,,,164281000000,121675000000,0.741,,121674000000,,,,,,,,,,,,true,false,12,2021-04-01,2022-03-31,-1
2023-02-03,78170,2022-03-31,3,,,,,,,,,,,,,,,,,,,,,,,,,,,,,55.00,,,,61754974,3606342,,false,false,12,2021-04-01,2022-03-31,-1
2023-02-03,78170,2023-03-31,3,,,,,,,,,,,,,,,,,,,,,,,,,,,,,28.00,,,,,,,false,false,12,2022-04-01,2023-03-31,0
2023-02-03,78170,2023-03-31,3,,,,,,,,,,,,,,,,,,,,,,,,,,,,,59.00,,,,,,,false,true,12,2022-04-01,2023-03-31,0
2023-02-03,78170,2023-03-31,3,,,,,,,,,,,,,,,,,,,,,,,,,,,,,,,,,61754974,3567953,58171729,false,false,9,2022-04-01,2022-12-31,0
2023-02-03,78170,2022-03-31,3,,,,,,,,,,,,,,,,,,,,,,,,,,,,,,,,,,,58139352,false,false,9,2021-04-01,2021-12-31,-1
2023-05-11,78170,2023-03-31,,99009000000,0.096,,,,,13452000000,0.090,14139000000,0.044,,9215000000,,158.37,,0.074,0.084,0.136,,172293000000,128697000000,0.747,2207.86,128696000000,9151000000,-6332000000,-3232000000,45663000000,,0.373,,,,,,true,false,12,2022-04-01,2023-03-31,0
2023-05-11,78170,2022-03-31,,90352000000,,,,,,12340000000,0.065,13543000000,0.006,,9092000000,,156.39,,0.077,0.085,0.137,,164281000000,121675000000,0.741,2092.47,121674000000,7822000000,-220000000,-3365000000,45462000000,,0.352,,,,,,true,false,12,2021-04-01,2022-03-31,-1
2023-05-11,78170,2024-03-31,,48700000000,0.039,,,,,5600000000,-0.099,5850000000,-0.230,,4000000000,,68.62,,,,,,,,,,,,,,,,,,,,,,true,true,6,2023-04-01,2023-09-30,1
2023-05-11,78170,2024-03-31,,105000000000,0.061,,,,,14000000000,0.041,14500000000,0.026,,9800000000,,168.12,,,,,,,,,,,,,,,,0.369,,,,,,true,true,12,2023-04-01,2024-03-31,1
2023-05-11,78170,2022-03-31,,,,,,,,,,,,,,,,,,,,,,,,,,,,,,55.00,,,,61754974,3606342,58141503,false,false,12,2021-04-01,2022-03-31,-1
2023-05-11,78170,2023-03-31,,,,,,,,,,,,,,,,,,,,,,,,,,,,,,59.00,,,,61754974,3464828,58191123,false,false,12,2022-04-01,2023-03-31,0
2023-05-11,78170,2024-03-31,,,,,,,,,,,,,,,,,,,,,,,,,,,,,,62.00,,,,,,,false,true,12,2023-04-01,2024-03-31,1
2023-07-31,78170,2024-03-31,1,24318000000,0.069,,,,,3258000000,0.015,4178000000,0.054,,2859000000,,49.05,,,,,,170055000000,131106000000,0.771,,131105000000,,,,,,,,,,,,true,false,3,2023-04-01,2023-06-30,0
2023-07-31,78170,2023-03-31,1,22752000000,0.114,,,,,3210000000,0.027,3962000000,0.182,,2685000000,,46.18,,,,,,,,,,,,,,,,,,,,,,true,false,3,2022-04-01,2022-06-30,-1
2023-07-31,78170,2024-03-31,1,48700000000,0.039,,,,,5600000000,-0.099,5850000000,-0.230,,4000000000,,68.62,,,,,,,,,,,,,,,,,,,,,,true,true,6,2023-04-01,2023-09-30,0
2023-07-31,78170,2024-03-31,1,105000000000,0.061,,,,,14000000000,0.041,14500000000,0.026,,9800000000,,168.12,,,,,,,,,,,,,,,,,,,,,,true,true,12,2023-04-01,2024-03-31,0
2023-07-31,78170,2023-03-31,1,,,,,,,,,,,,,,,,,,,,172293000000,128697000000,0.747,,128696000000,,,,,,,,,,,,true,false,12,2022-04-01,2023-03-31,-1
2023-07-31,78170,2023-03-31,1,,,,,,,,,,,,,,,,,,,,,,,,,,,,,59.00,,,,61754974,3464828,,false,false,12,2022-04-01,2023-03-31,-1
2023-07-31,78170,2024-03-31,1,,,,,,,,,,,,,,,,,,,,,,,,,,,,,62.00,,,,,,,false,true,12,2023-04-01,2024-03-31,0
2023-07-31,78170,2024-03-31,1,,,,,,,,,,,,,,,,,,,,,,,,,,,,,,,,,61754974,3465953,58289509,false,false,3,2023-04-01,2023-06-30,0
2023-07-31,78170,2023-03-31,1,,,,,,,,,,,,,,,,,,,,,,,,,,,,,,,,,,,58148580,false,false,3,2022-04-01,2022-06-30,-1
2023-10-26,78170,2024-03-31,,49700000000,0.021,,,,,6400000000,0.143,7800000000,0.333,,5200000000,,89.19,,,,,,,,,,,,,,,,,,,,,,true,true,6,2023-04-01,2023-09-30,0
2023-10-26,78170,2023-03-31,,46850000000,,,,,,6218000000,,7601000000,,,5044000000,,86.73,,,,,,,,,,,,,,,,,,,,,,true,false,6,2022-04-01,2022-09-30,-1
2023-10-30,78170,2024-03-31,2,49720000000,0.061,,,,,6480000000,0.042,7819000000,0.029,,5298000000,,90.89,,,,,,175345000000,134248000000,0.766,,134247000000,,,,,,,,,,,,true,false,6,2023-04-01,2023-09-30,0
2023-10-30,78170,2023-03-31,2,46850000000,0.136,,,,,6218000000,-0.013,7601000000,0.113,,5044000000,,86.73,,,,,,,,,,,,,,,,,,,,,,true,false,6,2022-04-01,2022-09-30,-1
2023-10-30,78170,2024-03-31,2,105000000000,0.061,,,,,14000000000,0.041,14500000000,0.026,,9800000000,,168.12,,,,,,,,,,,,,,,,,,,,,,true,true,12,2023-04-01,2024-03-31,0
2023-10-30,78170,2023-03-31,2,,,,,,,,,,,,,,,,,,,,172293000000,128697000000,0.747,,128696000000,,,,,,,,,,,,true,false,12,2022-04-01,2023-03-31,-1
2023-10-30,78170,2023-03-31,2,,,,,,,,,,,,,,,,,,,,,,,,,,,,,59.00,,,,61754974,3464828,,false,false,12,2022-04-01,2023-03-31,-1
2023-10-30,78170,2024-03-31,2,,,,,,,,,,,,,,,,,,,,,,,,,,,,,31.00,,,,,,,false,false,12,2023-04-01,2024-03-31,0
2023-10-30,78170,2024-03-31,2,,,,,,,,,,,,,,,,,,,,,,,,,,,,,62.00,,,,,,,false,true,12,2023-04-01,2024-03-31,0
2023-10-30,78170,2024-03-31,2,,,,,,,,,,,,,,,,,,,,,,,,,,,,,,,,,61754974,3433682,58303227,false,false,6,2023-04-01,2023-09-30,0
2023-10-30,78170,2023-03-31,2,,,,,,,,,,,,,,,,,,,,,,,,,,,,,,,,,,,58165131,false,false,6,2022-04-01,2022-09-30,-1
2024-02-07,7817,2024-03-31,3,73052000000,0.027,,,,,8512000000,-0.131,9506000000,-0.077,,6571000000,,112.71,,,,,,172043000000,133206000000,0.774,,133205000000,,,,,,,,,,,,true,false,9,2023-04-01,2023-12-31,0
2024-02-07,7817,2023-03-31,3,71105000000,0.112,,,,,9796000000,-0.019,10297000000,-0.052,,6645000000,,114.23,,,,,,,,,,,,,,,,,,,,,,true,false,9,2022-04-01,2022-12-31,-1
2024-02-07,7817,2024-03-31,3,105000000000,0.061,,,,,14000000000,0.041,14500000000,0.026,,9800000000,,168.12,,,,,,,,,,,,,,,,,,,,,,true,true,12,2023-04-01,2024-03-31,0
2024-02-07,7817,2023-03-31,3,,,,,,,,,,,,,,,,,,,,172293000000,128697000000,0.747,,128696000000,,,,,,,,,,,,true,false,12,2022-04-01,2023-03-31,-1
2024-02-07,7817,2023-03-31,3,,,,,,,,,,,,,,,,,,,,,,,,,,,,,59.00,,,,61754974,3464828,,false,false,12,2022-04-01,2023-03-31,-1
2024-02-07,7817,2024-03-31,3,,,,,,,,,,,,,,,,,,,,,,,,,,,,,31.00,,,,,,,false,false,12,2023-04-01,2024-03-31,0
2024-02-07,7817,2024-03-31,3,,,,,,,,,,,,,,,,,,,,,,,,,,,,,65.00,,,,,,,false,true,12,2023-04-01,2024-03-31,0
2024-02-07,7817,2024-03-31,3,,,,,,,,,,,,,,,,,,,,,,,,,,,,,,,,,61754974,3434193,58308558,false,false,9,2023-04-01,2023-12-31,0
2024-02-07,7817,2023-03-31,3,,,,,,,,,,,,,,,,,,,,,,,,,,,,,,,,,,,58171729,false,false,9,2022-04-01,2022-12-31,-1
2024-05-13,7817,2024-03-31,,106016000000,0.071,,,,,13818000000,0.027,15920000000,0.126,,10622000000,,182.61,,0.080,0.090,0.130,,180020000000,136016000000,0.756,2368.78,136015000000,7521000000,-8163000000,-5969000000,39740000000,,0.356,,,,,,true,false,12,2023-04-01,2024-03-31,0
2024-05-13,7817,2023-03-31,,99009000000,0.096,,,,,13452000000,0.090,14139000000,0.044,,9215000000,,158.37,,0.074,0.084,0.136,,172293000000,128697000000,0.747,2207.86,128696000000,9151000000,-6332000000,-3232000000,45663000000,,0.373,,,,,,true,false,12,2022-04-01,2023-03-31,-1
2024-05-13,7817,2025-03-31,,51000000000,0.026,,,,,5200000000,-0.198,5450000000,-0.303,,3850000000,,67.05,,,,,,,,,,,,,,,,,,,,,,true,true,6,2024-04-01,2024-09-30,1
2024-05-13,7817,2025-03-31,,112000000000,0.056,,,,,14000000000,0.013,14500000000,-0.089,,10100000000,,175.90,,,,,,,,,,,,,,,,0.551,,,,,,true,true,12,2024-04-01,2025-03-31,1
2024-05-13,7817,2023-03-31,,,,,,,,,,,,,,,,,,,,,,,,,,,,,,59.00,,,,61754974,3464828,58191123,false,false,12,2022-04-01,2023-03-31,-1
2024-05-13,7817,2024-03-31,,,,,,,,,,,,,,,,,,,,,,,,,,,,,,65.00,,,,61754974,4334941,58172792,false,false,12,2023-04-01,2024-03-31,0
2024-05-13,7817,2025-03-31,,,,,,,,,,,,,,,,,,,,,,,,,,,,,,97.00,,,,,,,false,true,12,2024-04-01,2025-03-31,1
2024-07-29,7817,2025-03-31,1,23145000000,-0.048,,,,,1593000000,-0.511,2136000000,-0.489,,1566000000,,27.28,,,,,,177176000000,136763000000,0.772,,136762000000,,,,,,,,,,,,true,false,3,2024-04-01,2024-06-30,0
2024-07-29,7817,2024-03-31,1,24318000000,0.069,,,,,3258000000,0.015,4178000000,0.054,,2859000000,,49.05,,,,,,,,,,,,,,,,,,,,,,true,false,3,2023-04-01,2023-06-30,-1
2024-07-29,7817,2025-03-31,1,51000000000,0.026,,,,,5200000000,-0.198,5450000000,-0.303,,3850000000,,67.05,,,,,,,,,,,,,,,,,,,,,,true,true,6,2024-04-01,2024-09-30,0
2024-07-29,7817,2025-03-31,1,112000000000,0.056,,,,,14000000000,0.013,14500000000,-0.089,,10100000000,,175.90,,,,,,,,,,,,,,,,,,,,,,true,true,12,2024-04-01,2025-03-31,0
2024-07-29,7817,2024-03-31,1,,,,,,,,,,,,,,,,,,,,180020000000,136016000000,0.756,,136015000000,,,,,,,,,,,,true,false,12,2023-04-01,2024-03-31,-1
2024-07-29,7817,2024-03-31,1,,,,,,,,,,,,,,,,,,,,,,,,,,,,,65.00,,,,61754974,4334941,,false,false,12,2023-04-01,2024-03-31,-1
2024-07-29,7817,2025-03-31,1,,,,,,,,,,,,,,,,,,,,,,,,,,,,,97.00,,,,,,,false,true,12,2024-04-01,2025-03-31,0
2024-07-29,7817,2025-03-31,1,,,,,,,,,,,,,,,,,,,,,,,,,,,,,,,,,61754974,4336163,57419385,false,false,3,2024-04-01,2024-06-30,0
2024-07-29,7817,2024-03-31,1,,,,,,,,,,,,,,,,,,,,,,,,,,,,,,,,,,,58289509,false,false,3,2023-04-01,2023-06-30,-1
2024-10-30,7817,2025-03-31,2,48674000000,-0.021,,,,,4099000000,-0.367,3454000000,-0.558,,2272000000,,39.55,,,,,,177667000000,136400000000,0.768,,136399000000,,,,,,,,,,,,true,false,6,2024-04-01,2024-09-30,0
2024-10-30,7817,2024-03-31,2,49720000000,0.061,,,,,6480000000,0.042,7819000000,0.029,,5298000000,,90.89,,,,,,,,,,,,,,,,,,,,,,true,false,6,2023-04-01,2023-09-30,-1
2024-10-30,7817,2025-03-31,2,108000000000,0.019,,,,,13000000000,-0.059,12500000000,-0.215,,8500000000,,147.95,,,,,,,,,,,,,,,,,,,,,,true,true,12,2024-04-01,2025-03-31,0
2024-10-30,7817,2024-03-31,2,,,,,,,,,,,,,,,,,,,,180020000000,136016000000,0.756,,136015000000,,,,,,,,,,,,true,false,12,2023-04-01,2024-03-31,-1
2024-10-30,7817,2024-03-31,2,,,,,,,,,,,,,,,,,,,,,,,,,,,,,65.00,,,,61754974,4334941,,false,false,12,2023-04-01,2024-03-31,-1
2024-10-30,7817,2025-03-31,2,,,,,,,,,,,,,,,,,,,,,,,,,,,,,48.00,,,,,,,false,false,12,2024-04-01,2025-03-31,0
2024-10-30,7817,2025-03-31,2,,,,,,,,,,,,,,,,,,,,,,,,,,,,,97.00,,,,,,,false,true,12,2024-04-01,2025-03-31,0
2024-10-30,7817,2025-03-31,2,,,,,,,,,,,,,,,,,,,,,,,,,,,,,,,,,61754974,4156282,57451988,false,false,6,2024-04-01,2024-09-30,0
2024-10-30,7817,2024-03-31,2,,,,,,,,,,,,,,,,,,,,,,,,,,,,,,,,,,,58303227,false,false,6,2023-04-01,2023-09-30,-1
2025-02-05,7817,2025-03-31,3,75069000000,0.028,,,,,7214000000,-0.153,7553000000,-0.205,,5870000000,,102.38,,,,,,178114000000,135534000000,0.761,,135533000000,,,,,,,,,,,,true,false,9,2024-04-01,2024-12-31,0
2025-02-05,7817,2024-03-31,3,73052000000,0.027,,,,,8512000000,-0.131,9506000000,-0.077,,6571000000,,112.71,,,,,,,,,,,,,,,,,,,,,,true,false,9,2023-04-01,2023-12-31,-1
2025-02-05,7817,2025-03-31,3,108000000000,0.019,,,,,13000000000,-0.059,12500000000,-0.215,,8500000000,,147.95,,,,,,,,,,,,,,,,,,,,,,true,true,12,2024-04-01,2025-03-31,0
2025-02-05,7817,2024-03-31,3,,,,,,,,,,,,,,,,,,,,180020000000,136016000000,0.756,,136015000000,,,,,,,,,,,,true,false,12,2023-04-01,2024-03-31,-1
2025-02-05,7817,2024-03-31,3,,,,,,,,,,,,,,,,,,,,,,,,,,,,,65.00,,,,61754974,4334941,,false,false,12,2023-04-01,2024-03-31,-1
2025-02-05,7817,2025-03-31,3,,,,,,,,,,,,,,,,,,,,,,,,,,,,,48.00,,,,,,,false,false,12,2024-04-01,2025-03-31,0
2025-02-05,7817,2025-03-31,3,,,,,,,,,,,,,,,,,,,,,,,,,,,,,97.00,,,,,,,false,true,12,2024-04-01,2025-03-31,0
2025-02-05,7817,2025-03-31,3,,,,,,,,,,,,,,,,,,,,,,,,,,,,,,,,,57598692,1037899,57335655,false,false,9,2024-04-01,2024-12-31,0
2025-02-05,7817,2024-03-31,3,,,,,,,,,,,,,,,,,,,,,,,,,,,,,,,,,,,58308558,false,false,9,2023-04-01,2023-12-31,-1
2025-05-14,7817,2025-03-31,,108583000000,0.024,,,,,12977000000,-0.061,12846000000,-0.193,,9083000000,,159.24,,0.066,0.071,0.120,,183027000000,137284000000,0.750,2448.54,137283000000,10045000000,264000000,-8804000000,41437000000,,0.609,,,,,,true,false,12,2024-04-01,2025-03-31,0
2025-05-14,7817,2024-03-31,,106016000000,0.071,,,,,13818000000,0.027,15920000000,0.126,,10622000000,,182.61,,0.080,0.090,0.130,,180020000000,136016000000,0.756,2368.78,136015000000,7521000000,-8163000000,-5969000000,39740000000,,0.356,,,,,,true,false,12,2023-04-01,2024-03-31,-1
2025-05-14,7817,2026-03-31,,48200000000,-0.010,,,,,3400000000,-0.171,3600000000,0.042,,2700000000,,48.16,,,,,,,,,,,,,,,,,,,,,,true,true,6,2025-04-01,2025-09-30,1
2025-05-14,7817,2026-03-31,,113000000000,0.041,,,,,13800000000,0.063,14200000000,0.105,,10000000000,,178.36,,,,,,,,,,,,,,,,0.701,,,,,,true,true,12,2025-04-01,2026-03-31,1
2025-05-14,7817,2024-03-31,,,,,,,,,,,,,,,,,,,,,,,,,,,,,,65.00,,,,61754974,4334941,58172792,false,false,12,2023-04-01,2024-03-31,-1
2025-05-14,7817,2025-03-31,,,,,,,,,,,,,,,,,,,,,,,,,,,,,,97.00,,,,57598692,1531117,57045957,false,false,12,2024-04-01,2025-03-31,0
2025-05-14,7817,2026-03-31,,,,,,,,,,,,,,,,,,,,,,,,,,,,,,125.00,,,,,,,false,true,12,2025-04-01,2026-03-31,1
