filing_date,code,fiscal_year_end,quarterly_period,net_sales,net_sales_change,revenue,revenue_change,operating_revenue,operating_revenue_change,operating_profit,operating_profit_change,ordinary_profit,ordinary_profit_change,net_income,net_income_of_parent,net_income_change,eps,diluted_eps,roe,roa,operating_profit_to_net_sales,operating_profit_to_revenue,total_assets,net_assets,equity_ratio,bps,owner_equity,operating_cash_flow,investing_cash_flow,financing_cash_flow,cash,dividend_per_share,payout_ratio,commemorative_dividend,extra_dividend,number_of_shares,number_of_treqsury_shares,avg_number_of_shares,is_consolidated,is_forecast,duration,period_start,period_end,period_pos
,78200,2016-03-31,,,,,,,,,,,,,,,,,,,,,,,,,,,,,,40.00,,,,,,,false,true,12,2015-04-01,2016-03-31,0
,78200,2015-03-31,,,,,,,,,,,,,,,,,,,,,,,,,,,,,,40.00,,,,,,,false,false,12,2014-04-01,2015-03-31,-1
2015-07-28,78200,2016-03-31,1,3174000000,0.081,,,,,366000000,-0.061,377000000,0.115,,256000000,,22.04,,,,,,19405000000,13632000000,0.702,1103.92,13632000000,,,,,,,,,,,,true,false,3,2015-04-01,2015-06-30,0
2015-07-28,78200,2015-03-31,1,2936000000,0.416,,,,,390000000,0.658,338000000,0.336,,215000000,,18.83,,,,,,,,,,,,,,,,,,,,,,true,false,3,2014-04-01,2014-06-30,-1
2015-07-28,78200,2016-03-31,1,20000000000,0.199,,,,,3650000000,0.180,3200000000,0.132,,2230000000,,194.78,,,,,,,,,,,,,,,,,,,,,,true,true,12,2015-04-01,2016-03-31,0
2015-07-28,78200,2015-03-31,1,,,,,,,,,,,,,,,,,,,,18414000000,12080000000,0.656,1055.14,12080000000,,,,,,,,,,,,true,false,12,2014-04-01,2015-03-31,-1
2015-07-28,78200,2015-03-31,1,,,,,,,,,,,,,,,,,,,,,,,,,,,,,20.00,,,,12200000,751210,,false,false,12,2014-04-01,2015-03-31,-1
2015-07-28,78200,2016-03-31,1,,,,,,,,,,,,,,,,,,,,,,,,,,,,,40.00,,,,,,,false,true,12,2015-04-01,2016-03-31,0
2015-07-28,78200,2016-03-31,1,,,,,,,,,,,,,,,,,,,,,,,,,,,,,,,,,12350000,1210,11646592,false,false,3,2015-04-01,2015-06-30,0
2015-07-28,78200,2015-03-31,1,,,,,,,,,,,,,,,,,,,,,,,,,,,,,,,,,,,11448790,false,false,3,2014-04-01,2014-06-30,-1
2015-10-30,78200,2016-03-31,2,7574000000,0.045,,,,,1140000000,-0.113,1099000000,-0.046,,766000000,,63.47,,,,,,20137000000,14539000000,0.722,1160.45,14539000000,,,,,,,,,,,,true,false,6,2015-04-01,2015-09-30,0
2015-10-30,78200,2015-03-31,2,7248000000,0.307,,,,,1286000000,0.605,1153000000,0.433,,785000000,,68.60,,,,,,,,,,,,,,,,,,,,,,true,false,6,2014-04-01,2014-09-30,-1
2015-10-30,78200,2016-03-31,2,20000000000,0.199,,,,,3650000000,0.180,3200000000,0.132,,2230000000,,194.78,,,,,,,,,,,,,,,,,,,,,,true,true,12,2015-04-01,2016-03-31,0
2015-10-30,78200,2015-03-31,2,,,,,,,,,,,,,,,,,,,,18414000000,12080000000,0.656,1055.14,12080000000,,,,,,,,,,,,true,false,12,2014-04-01,2015-03-31,-1
2015-10-30,78200,2015-03-31,2,,,,,,,,,,,,,,,,,,,,,,,,,,,,,20.00,,,,1200000,751210,,false,false,12,2014-04-01,2015-03-31,-1
2015-10-30,78200,2016-03-31,2,,,,,,,,,,,,,,,,,,,,,,,,,,,,,20.00,,,,,,,false,false,12,2015-04-01,2016-03-31,0
2015-10-30,78200,2016-03-31,2,,,,,,,,,,,,,,,,,,,,,,,,,,,,,40.00,,,,,,,false,true,12,2015-04-01,2016-03-31,0
2015-10-30,78200,2016-03-31,2,,,,,,,,,,,,,,,,,,,,,,,,,,,,,,,,,12530000,1210,12083216,false,false,6,2015-04-01,2015-09-30,0
2015-10-30,78200,2015-03-31,2,,,,,,,,,,,,,,,,,,,,,,,,,,,,,,,,,,,11448790,false,false,6,2014-04-01,2014-09-30,-1
2016-01-27,78200,2016-03-31,3,13225000000,0.076,,,,,2333000000,-0.012,2191000000,0.016,,1556000000,,127.22,,,,,,20397000000,14899000000,0.730,1189.26,14899000000,,,,,,,,,,,,true,false,9,2015-04-01,2015-12-31,0
2016-01-27,78200,2015-03-31,3,12296000000,0.235,,,,,2360000000,0.425,2156000000,0.331,,1500000000,,131.09,,,,,,,,,,,,,,,,,,,,,,true,false,9,2014-04-01,2014-12-31,-1
2016-01-27,78200,2016-03-31,3,20000000000,0.199,,,,,3650000000,0.180,3200000000,0.132,,2230000000,,194.78,,,,,,,,,,,,,,,,,,,,,,true,true,12,2015-04-01,2016-03-31,0
2016-01-27,78200,2015-03-31,3,,,,,,,,,,,,,,,,,,,,18414000000,12080000000,0.656,1055.14,12080000000,,,,,,,,,,,,true,false,12,2014-04-01,2015-03-31,-1
2016-01-27,78200,2015-03-31,3,,,,,,,,,,,,,,,,,,,,,,,,,,,,,20.00,,,,12200000,751210,,false,false,12,2014-04-01,2015-03-31,-1
2016-01-27,78200,2016-03-31,3,,,,,,,,,,,,,,,,,,,,,,,,,,,,,20.00,,,,,,,false,false,12,2015-04-01,2016-03-31,0
2016-01-27,78200,2016-03-31,3,,,,,,,,,,,,,,,,,,,,,,,,,,,,,40.00,,,,,,,false,true,12,2015-04-01,2016-03-31,0
2016-01-27,78200,2016-03-31,3,,,,,,,,,,,,,,,,,,,,,,,,,,,,,,,,,12530000,1210,12232281,false,false,9,2015-04-01,2015-12-31,0
2016-01-27,78200,2015-03-31,3,,,,,,,,,,,,,,,,,,,,,,,,,,,,,,,,,,,11448790,false,false,9,2014-04-01,2014-12-31,-1
2016-04-19,78200,2016-03-31,,17900000000,-0.105,,,,,3000000000,-0.178,2800000000,-0.125,,2000000000,,169.98,,,,,,,,,,,,,,,,,,,,,,true,true,12,2015-04-01,2016-03-31,0
2016-04-19,78200,2015-03-31,,16674000000,,,,,,3093000000,,2826000000,,,1985000000,,173.46,,,,,,,,,,,,,,,,,,,,,,true,false,12,2014-04-01,2015-03-31,-1
2016-04-28,78200,2016-03-31,,17953000000,0.077,,,,,3023000000,-0.023,2777000000,-0.018,,2048000000,,166.43,,0.152,0.148,0.168,,19028000000,14935000000,0.785,1192.12,14935000000,1562000000,-466000000,-648000000,3056000000,,0.240,,,,,,true,false,12,2015-04-01,2016-03-31,0
2016-04-28,78200,2015-03-31,,16674000000,0.209,,,,,3093000000,0.384,2826000000,0.287,,1985000000,,173.46,,0.185,0.170,0.186,,18414000000,12080000000,0.656,1055.14,12080000000,1684000000,-371000000,-400000000,2652000000,,0.173,,,,,,true,false,12,2014-04-01,2015-03-31,-1
2016-04-28,78200,2017-03-31,,20000000000,0.114,,,,,3340000000,0.105,3080000000,0.109,,2253000000,,179.83,,,,,,,,,,,,,,,,,,,,,,true,true,12,2016-04-01,2017-03-31,1
2016-04-28,78200,2015-03-31,,,,,,,,,,,,,,,,,,,,,,,,,,,,,,20.00,,,,12200000,751210,11448790,false,false,12,2014-04-01,2015-03-31,-1
2016-04-28,78200,2016-03-31,,,,,,,,,,,,,,,,,,,,,,,,,,,,,,40.00,,,,12530000,1210,12306003,false,false,12,2015-04-01,2016-03-31,0
2016-04-28,78200,2017-03-31,,,,,,,,,,,,,,,,,,,,,,,,,,,,,,40.00,,,,,,,false,true,12,2016-04-01,2017-03-31,1
2016-07-29,78200,2017-03-31,1,3180000000,0.002,,,,,413000000,0.129,372000000,-0.012,,254000000,,20.31,,,,,,18166000000,14437000000,0.795,1152.37,14437000000,,,,,,,,,,,,true,false,3,2016-04-01,2016-06-30,0
2016-07-29,78200,2016-03-31,1,3174000000,0.081,,,,,366000000,-0.061,377000000,0.115,,256000000,,22.04,,,,,,,,,,,,,,,,,,,,,,true,false,3,2015-04-01,2015-06-30,-1
2016-07-29,78200,2017-03-31,1,20000000000,0.114,,,,,3340000000,0.105,3080000000,0.109,,2253000000,,179.83,,,,,,,,,,,,,,,,,,,,,,true,true,12,2016-04-01,2017-03-31,0
2016-07-29,78200,2016-03-31,1,,,,,,,,,,,,,,,,,,,,19028000000,14935000000,0.785,1192.12,14935000000,,,,,,,,,,,,true,false,12,2015-04-01,2016-03-31,-1
2016-07-29,78200,2016-03-31,1,,,,,,,,,,,,,,,,,,,,,,,,,,,,,40.00,,,,12530000,1210,,false,false,12,2015-04-01,2016-03-31,-1
2016-07-29,78200,2017-03-31,1,,,,,,,,,,,,,,,,,,,,,,,,,,,,,40.00,,,,,,,false,true,12,2016-04-01,2017-03-31,0
2016-07-29,78200,2017-03-31,1,,,,,,,,,,,,,,,,,,,,,,,,,,,,,,,,,12530000,1255,12528790,false,false,3,2016-04-01,2016-06-30,0
2016-07-29,78200,2016-03-31,1,,,,,,,,,,,,,,,,,,,,,,,,,,,,,,,,,,,11646592,false,false,3,2015-04-01,2015-06-30,-1
2016-10-31,78200,2017-03-31,2,7370000000,-0.027,,,,,991000000,-0.130,893000000,-0.188,,631000000,,50.39,,,,,,18490000000,14336000000,0.775,1144.27,13890000000,,,,,,,,,,,,true,false,6,2016-04-01,2016-09-30,0
2016-10-31,78200,2016-03-31,2,7574000000,0.045,,,,,1140000000,-0.113,1099000000,-0.046,,766000000,,63.47,,,,,,,,,,,,,,,,,,,,,,true,false,6,2015-04-01,2015-09-30,-1
2016-10-31,78200,2017-03-31,2,20000000000,0.114,,,,,3340000000,0.105,3080000000,0.109,,2253000000,,179.83,,,,,,,,,,,,,,,,,,,,,,true,true,12,2016-04-01,2017-03-31,0
2016-10-31,78200,2016-03-31,2,,,,,,,,,,,,,,,,,,,,19028000000,14935000000,0.785,1192.12,14935000000,,,,,,,,,,,,true,false,12,2015-04-01,2016-03-31,-1
2016-10-31,78200,2016-03-31,2,,,,,,,,,,,,,,,,,,,,,,,,,,,,,40.00,,,,12530000,1210,,false,false,12,2015-04-01,2016-03-31,-1
2016-10-31,78200,2017-03-31,2,,,,,,,,,,,,,,,,,,,,,,,,,,,,,20.00,,,,,,,false,false,12,2016-04-01,2017-03-31,0
2016-10-31,78200,2017-03-31,2,,,,,,,,,,,,,,,,,,,,,,,,,,,,,40.00,,,,,,,false,true,12,2016-04-01,2017-03-31,0
2016-10-31,78200,2017-03-31,2,,,,,,,,,,,,,,,,,,,,,,,,,,,,,,,,,12530000,1255,12528767,false,false,6,2016-04-01,2016-09-30,0
2016-10-31,78200,2016-03-31,2,,,,,,,,,,,,,,,,,,,,,,,,,,,,,,,,,,,12083216,false,false,6,2015-04-01,2015-09-30,-1
2017-01-31,78200,2017-03-31,3,12072000000,-0.087,,,,,1760000000,-0.245,1632000000,-0.255,,1175000000,,93.80,,,,,,19212000000,14625000000,0.738,1132.42,14187000000,,,,,,,,,,,,true,false,9,2016-04-01,2016-12-31,0
2017-01-31,78200,2016-03-31,3,13225000000,0.076,,,,,2333000000,-0.012,2191000000,0.016,,1556000000,,127.22,,,,,,,,,,,,,,,,,,,,,,true,false,9,2015-04-01,2015-12-31,-1
2017-01-31,78200,2017-03-31,3,20000000000,0.114,,,,,3340000000,0.105,3080000000,0.109,,2253000000,,179.83,,,,,,,,,,,,,,,,,,,,,,true,true,12,2016-04-01,2017-03-31,0
2017-01-31,78200,2016-03-31,3,,,,,,,,,,,,,,,,,,,,19028000000,14935000000,0.785,1192.12,14935000000,,,,,,,,,,,,true,false,12,2015-04-01,2016-03-31,-1
2017-01-31,78200,2016-03-31,3,,,,,,,,,,,,,,,,,,,,,,,,,,,,,40.00,,,,12530000,1210,,false,false,12,2015-04-01,2016-03-31,-1
2017-01-31,78200,2017-03-31,3,,,,,,,,,,,,,,,,,,,,,,,,,,,,,20.00,,,,,,,false,false,12,2016-04-01,2017-03-31,0
2017-01-31,78200,2017-03-31,3,,,,,,,,,,,,,,,,,,,,,,,,,,,,,40.00,,,,,,,false,true,12,2016-04-01,2017-03-31,0
2017-01-31,78200,2017-03-31,3,,,,,,,,,,,,,,,,,,,,,,,,,,,,,,,,,12530000,1314,12528745,false,false,9,2016-04-01,2016-12-31,0
2017-01-31,78200,2016-03-31,3,,,,,,,,,,,,,,,,,,,,,,,,,,,,,,,,,,,12232281,false,false,9,2015-04-01,2015-12-31,-1
2017-04-26,78200,2017-03-31,,17820000000,-0.109,,,,,2750000000,-0.177,2650000000,-0.140,,1920000000,,153.25,,,,,,,,,,,,,,,,,,,,,,true,true,12,2016-04-01,2017-03-31,0
2017-04-26,78200,2016-03-31,,17953000000,,,,,,3023000000,,2777000000,,,2048000000,,166.43,,,,,,,,,,,,,,,,,,,,,,true,false,12,2015-04-01,2016-03-31,-1
2017-04-28,78200,2017-03-31,,17820000000,-0.007,,,,,2754000000,-0.089,2651000000,-0.039,,1912000000,,152.69,,0.125,0.132,0.155,,21230000000,16293000000,0.744,1259.95,15785000000,2488000000,-835000000,-11000000,4685000000,,0.262,,,,,,true,false,12,2016-04-01,2017-03-31,0
2017-04-28,78200,2016-03-31,,17953000000,0.077,,,,,3023000000,-0.023,2758000000,-0.024,,2048000000,,166.43,,0.152,0.148,0.168,,19028000000,14935000000,0.785,1192.12,14935000000,1562000000,-466000000,-648000000,3056000000,,0.240,,,,,,true,false,12,2015-04-01,2016-03-31,-1
2017-04-28,78200,2018-03-31,,21500000000,0.206,,,,,3270000000,0.187,3170000000,0.196,,2310000000,,184.38,,,,,,,,,,,,,,,,0.217,,,,,,true,true,12,2017-04-01,2018-03-31,1
2017-04-28,78200,2016-03-31,,,,,,,,,,,,,,,,,,,,,,,,,,,,,,40.00,,,,12530000,1210,12306003,false,false,12,2015-04-01,2016-03-31,-1
2017-04-28,78200,2017-03-31,,,,,,,,,,,,,,,,,,,,,,,,,,,,,,40.00,,,,12530000,1314,12528731,false,false,12,2016-04-01,2017-03-31,0
2017-04-28,78200,2018-03-31,,,,,,,,,,,,,,,,,,,,,,,,,,,,,,40.00,,,,,,,false,true,12,2017-04-01,2018-03-31,1
2017-07-28,78200,2018-03-31,1,3535000000,0.112,,,,,390000000,-0.056,469000000,0.259,,332000000,,26.50,,,,,,20561000000,16250000000,0.766,1257.71,15757000000,,,,,,,,,,,,true,false,3,2017-04-01,2017-06-30,0
2017-07-28,78200,2017-03-31,1,3180000000,0.002,,,,,413000000,0.129,372000000,-0.012,,254000000,,20.31,,,,,,,,,,,,,,,,,,,,,,true,false,3,2016-04-01,2016-06-30,-1
2017-07-28,78200,2018-03-31,1,21500000000,0.206,,,,,3270000000,0.187,3170000000,0.196,,2310000000,,184.38,,,,,,,,,,,,,,,,,,,,,,true,true,12,2017-04-01,2018-03-31,0
2017-07-28,78200,2017-03-31,1,,,,,,,,,,,,,,,,,,,,21230000000,16293000000,0.744,1259.95,15785000000,,,,,,,,,,,,true,false,12,2016-04-01,2017-03-31,-1
2017-07-28,78200,2017-03-31,1,,,,,,,,,,,,,,,,,,,,,,,,,,,,,40.00,,,,12530000,1314,,false,false,12,2016-04-01,2017-03-31,-1
2017-07-28,78200,2018-03-31,1,,,,,,,,,,,,,,,,,,,,,,,,,,,,,40.00,,,,,,,false,true,12,2017-04-01,2018-03-31,0
2017-07-28,78200,2018-03-31,1,,,,,,,,,,,,,,,,,,,,,,,,,,,,,,,,,12530000,1380,12528628,false,false,3,2017-04-01,2017-06-30,0
2017-07-28,78200,2017-03-31,1,,,,,,,,,,,,,,,,,,,,,,,,,,,,,,,,,,,12528790,false,false,3,2016-04-01,2016-06-30,-1
2017-10-24,78200,2018-03-31,2,8657000000,0.175,,,,,1222000000,0.232,1251000000,0.401,,896000000,,71.56,,,,,,22161000000,16921000000,0.741,1310.56,16419000000,,,,,,,,,,,,true,false,6,2017-04-01,2017-09-30,0
2017-10-24,78200,2017-03-31,2,7370000000,-0.027,,,,,991000000,-0.130,893000000,-0.188,,631000000,,50.39,,,,,,,,,,,,,,,,,,,,,,true,false,6,2016-04-01,2016-09-30,-1
2017-10-24,78200,2018-03-31,2,21500000000,0.206,,,,,3270000000,0.187,3170000000,0.196,,2310000000,,184.38,,,,,,,,,,,,,,,,,,,,,,true,true,12,2017-04-01,2018-03-31,0
2017-10-24,78200,2017-03-31,2,,,,,,,,,,,,,,,,,,,,21230000000,16293000000,0.744,1259.95,15785000000,,,,,,,,,,,,true,false,12,2016-04-01,2017-03-31,-1
2017-10-24,78200,2017-03-31,2,,,,,,,,,,,,,,,,,,,,,,,,,,,,,40.00,,,,12530000,1314,,false,false,12,2016-04-01,2017-03-31,-1
2017-10-24,78200,2018-03-31,2,,,,,,,,,,,,,,,,,,,,,,,,,,,,,20.00,,,,,,,false,false,12,2017-04-01,2018-03-31,0
2017-10-24,78200,2018-03-31,2,,,,,,,,,,,,,,,,,,,,,,,,,,,,,40.00,,,,,,,false,true,12,2017-04-01,2018-03-31,0
2017-10-24,78200,2018-03-31,2,,,,,,,,,,,,,,,,,,,,,,,,,,,,,,,,,12530000,1380,12528624,false,false,6,2017-04-01,2017-09-30,0
2017-10-24,78200,2017-03-31,2,,,,,,,,,,,,,,,,,,,,,,,,,,,,,,,,,,,12528767,false,false,6,2016-04-01,2016-09-30,-1
2018-01-31,78200,2018-03-31,3,14906000000,0.235,,,,,2403000000,0.365,2448000000,0.500,,1781000000,,142.22,,,,,,23733000000,18003000000,0.737,1395.31,17481000000,,,,,,,,,,,,true,false,9,2017-04-01,2017-12-31,0
2018-01-31,78200,2017-03-31,3,12072000000,-0.087,,,,,1760000000,-0.245,1632000000,-0.255,,1175000000,,93.80,,,,,,,,,,,,,,,,,,,,,,true,false,9,2016-04-01,2016-12-31,-1
2018-01-31,78200,2018-03-31,3,21500000000,0.206,,,,,3270000000,0.187,3170000000,0.196,,2310000000,,184.38,,,,,,,,,,,,,,,,,,,,,,true,true,12,2017-04-01,2018-03-31,0
2018-01-31,78200,2017-03-31,3,,,,,,,,,,,,,,,,,,,,21230000000,16293000000,0.744,1259.95,15785000000,,,,,,,,,,,,true,false,12,2016-04-01,2017-03-31,-1
2018-01-31,78200,2017-03-31,3,,,,,,,,,,,,,,,,,,,,,,,,,,,,,40.00,,,,12530000,1314,,false,false,12,2016-04-01,2017-03-31,-1
2018-01-31,78200,2018-03-31,3,,,,,,,,,,,,,,,,,,,,,,,,,,,,,20.00,,,,,,,false,false,12,2017-04-01,2018-03-31,0
2018-01-31,78200,2018-03-31,3,,,,,,,,,,,,,,,,,,,,,,,,,,,,,40.00,,,,,,,false,true,12,2017-04-01,2018-03-31,0
2018-01-31,78200,2018-03-31,3,,,,,,,,,,,,,,,,,,,,,,,,,,,,,,,,,12530000,1380,12528616,false,false,9,2017-04-01,2017-12-31,0
2018-01-31,78200,2017-03-31,3,,,,,,,,,,,,,,,,,,,,,,,,,,,,,,,,,,,12528745,false,false,9,2016-04-01,2016-12-31,-1
,78200,2018-03-31,,,,,,,,,,,,,,,,,,,,,,,,,,,,,,30.00,,,,,,,false,true,12,2017-04-01,2018-03-31,0
,78200,2018-03-31,,,,,,,,,,,,,,,,,,,,,,,,,,,,,,20.00,,,,,,,false,false,12,2017-04-01,2018-03-31,0
,78200,2017-03-31,,,,,,,,,,,,,,,,,,,,,,,,,,,,,,40.00,,,,,,,false,false,12,2016-04-01,2017-03-31,-1
2018-05-01,78200,2018-03-31,,20639000000,0.158,,,,,3163000000,0.149,3112000000,0.174,,2345000000,,187.21,,0.138,0.137,0.153,,24344000000,18646000000,0.745,1448.51,18186000000,1773000000,-2035000000,-236000000,4224000000,,0.267,,,,,,true,false,12,2017-04-01,2018-03-31,0
2018-05-01,78200,2017-03-31,,17820000000,-0.007,,,,,2754000000,-0.089,2651000000,-0.039,,1912000000,,152.69,,0.125,0.132,0.155,,21230000000,16293000000,0.744,1259.95,15785000000,2488000000,-835000000,-11000000,4685000000,,0.262,,,,,,true,false,12,2016-04-01,2017-03-31,-1
2018-05-01,78200,2019-03-31,,25000000000,0.211,,,,,3750000000,0.185,3580000000,0.150,,2620000000,,209.12,,,,,,,,,,,,,,,,0.271,,,,,,true,true,12,2018-04-01,2019-03-31,1
2018-05-01,78200,2017-03-31,,,,,,,,,,,,,,,,,,,,,,,,,,,,,,40.00,,,,12530000,1314,12528731,false,false,12,2016-04-01,2017-03-31,-1
2018-05-01,78200,2018-03-31,,,,,,,,,,,,,,,,,,,,,,,,,,,,,,50.00,,,,12530000,1423,12528607,false,false,12,2017-04-01,2018-03-31,0
2018-05-01,78200,2019-03-31,,,,,,,,,,,,,,,,,,,,,,,,,,,,,,50.00,,,,,,,false,true,12,2018-04-01,2019-03-31,1
2018-07-31,78200,2019-03-31,1,3830000000,0.084,,,,,367000000,-0.058,377000000,-0.196,,275000000,,21.98,,,,,,23161000000,18190000000,0.765,1414.63,17723000000,,,,,,,,,,,,true,false,3,2018-04-01,2018-06-30,0
2018-07-31,78200,2018-03-31,1,3535000000,0.112,,,,,390000000,-0.056,469000000,0.259,,332000000,,26.50,,,,,,,,,,,,,,,,,,,,,,true,false,3,2017-04-01,2017-06-30,-1
2018-07-31,78200,2019-03-31,1,25000000000,0.211,,,,,3750000000,0.185,3580000000,0.150,,2620000000,,209.12,,,,,,,,,,,,,,,,,,,,,,true,true,12,2018-04-01,2019-03-31,0
2018-07-31,78200,2018-03-31,1,,,,,,,,,,,,,,,,,,,,24280000000,18646000000,0.747,1448.51,18147000000,,,,,,,,,,,,true,false,12,2017-04-01,2018-03-31,-1
2018-07-31,78200,2018-03-31,1,,,,,,,,,,,,,,,,,,,,,,,,,,,,,50.00,,,,12530000,1423,,false,false,12,2017-04-01,2018-03-31,-1
2018-07-31,78200,2019-03-31,1,,,,,,,,,,,,,,,,,,,,,,,,,,,,,50.00,,,,,,,false,true,12,2018-04-01,2019-03-31,0
2018-07-31,78200,2019-03-31,1,,,,,,,,,,,,,,,,,,,,,,,,,,,,,,,,,12530000,1423,12528577,false,false,3,2018-04-01,2018-06-30,0
2018-07-31,78200,2018-03-31,1,,,,,,,,,,,,,,,,,,,,,,,,,,,,,,,,,,,12528628,false,false,3,2017-04-01,2017-06-30,-1
2018-10-31,78200,2019-03-31,2,9678000000,0.118,,,,,1227000000,0.004,1181000000,-0.056,,872000000,,69.64,,,,,,24828000000,18503000000,0.727,1441.14,18055000000,,,,,,,,,,,,true,false,6,2018-04-01,2018-09-30,0
2018-10-31,78200,2018-03-31,2,8657000000,0.175,,,,,1222000000,0.232,1251000000,0.401,,896000000,,71.56,,,,,,,,,,,,,,,,,,,,,,true,false,6,2017-04-01,2017-09-30,-1
2018-10-31,78200,2019-03-31,2,25000000000,0.211,,,,,3750000000,0.185,3580000000,0.150,,2620000000,,209.12,,,,,,,,,,,,,,,,,,,,,,true,true,12,2018-04-01,2019-03-31,0
2018-10-31,78200,2018-03-31,2,,,,,,,,,,,,,,,,,,,,24280000000,18646000000,0.747,1448.51,18147000000,,,,,,,,,,,,true,false,12,2017-04-01,2018-03-31,-1
2018-10-31,78200,2018-03-31,2,,,,,,,,,,,,,,,,,,,,,,,,,,,,,50.00,,,,12530000,1423,,false,false,12,2017-04-01,2018-03-31,-1
2018-10-31,78200,2019-03-31,2,,,,,,,,,,,,,,,,,,,,,,,,,,,,,25.00,,,,,,,false,false,12,2018-04-01,2019-03-31,0
2018-10-31,78200,2019-03-31,2,,,,,,,,,,,,,,,,,,,,,,,,,,,,,50.00,,,,,,,false,true,12,2018-04-01,2019-03-31,0
2018-10-31,78200,2019-03-31,2,,,,,,,,,,,,,,,,,,,,,,,,,,,,,,,,,12530000,1423,12528577,false,false,6,2018-04-01,2018-09-30,0
2018-10-31,78200,2018-03-31,2,,,,,,,,,,,,,,,,,,,,,,,,,,,,,,,,,,,12528624,false,false,6,2017-04-01,2017-09-30,-1
2019-01-31,78200,2019-03-31,3,17031000000,0.143,,,,,2334000000,-0.029,2214000000,-0.096,,1616000000,,129.00,,,,,,25427000000,18798000000,0.722,1464.45,18347000000,,,,,,,,,,,,true,false,9,2018-04-01,2018-12-31,0
2019-01-31,78200,2018-03-31,3,14906000000,0.235,,,,,2403000000,0.365,2448000000,0.500,,1781000000,,142.22,,,,,,,,,,,,,,,,,,,,,,true,false,9,2017-04-01,2017-12-31,-1
2019-01-31,78200,2019-03-31,3,25000000000,0.211,,,,,3750000000,0.185,3580000000,0.150,,2620000000,,209.12,,,,,,,,,,,,,,,,,,,,,,true,true,12,2018-04-01,2019-03-31,0
2019-01-31,78200,2018-03-31,3,,,,,,,,,,,,,,,,,,,,24280000000,18646000000,0.747,1448.51,18147000000,,,,,,,,,,,,true,false,12,2017-04-01,2018-03-31,-1
2019-01-31,78200,2018-03-31,3,,,,,,,,,,,,,,,,,,,,,,,,,,,,,50.00,,,,12530000,1423,,false,false,12,2017-04-01,2018-03-31,-1
2019-01-31,78200,2019-03-31,3,,,,,,,,,,,,,,,,,,,,,,,,,,,,,25.00,,,,,,,false,false,12,2018-04-01,2019-03-31,0
2019-01-31,78200,2019-03-31,3,,,,,,,,,,,,,,,,,,,,,,,,,,,,,50.00,,,,,,,false,true,12,2018-04-01,2019-03-31,0
2019-01-31,78200,2019-03-31,3,,,,,,,,,,,,,,,,,,,,,,,,,,,,,,,,,12530000,1424,12528577,false,false,9,2018-04-01,2018-12-31,0
2019-01-31,78200,2018-03-31,3,,,,,,,,,,,,,,,,,,,,,,,,,,,,,,,,,,,12528616,false,false,9,2017-04-01,2017-12-31,-1
2019-05-10,78200,2019-03-31,,24716000000,0.198,,,,,3553000000,0.123,3348000000,0.076,,2484000000,,198.27,,0.134,0.132,0.144,,26167000000,19419000000,0.724,1511.80,18940000000,1472000000,-53000000,-501000000,5014000000,,0.256,,,,,,true,false,12,2018-04-01,2019-03-31,0
2019-05-10,78200,2018-03-31,,20639000000,0.158,,,,,3163000000,0.149,3112000000,0.174,,2345000000,,187.21,,0.138,0.137,0.153,,24280000000,18646000000,0.747,1448.51,18347000000,1773000000,-2035000000,-236000000,4224000000,,0.267,,,,,,true,false,12,2017-04-01,2018-03-31,-1
2019-05-10,78200,2020-03-31,,31000000000,0.254,,,,,4600000000,0.294,4200000000,0.254,,3000000000,,239.45,,,,,,,,,,,,,,,,0.209,,,,,,true,true,12,2019-04-01,2020-03-31,1
2019-05-10,78200,2018-03-31,,,,,,,,,,,,,,,,,,,,,,,,,,,,,,50.00,,,,12530000,1423,12528607,false,false,12,2017-04-01,2018-03-31,-1
2019-05-10,78200,2019-03-31,,,,,,,,,,,,,,,,,,,,,,,,,,,,,,50.00,,,,12530000,1424,12528577,false,false,12,2018-04-01,2019-03-31,0
2019-05-10,78200,2020-03-31,,,,,,,,,,,,,,,,,,,,,,,,,,,,,,50.00,,,,,,,false,true,12,2019-04-01,2020-03-31,1
2019-07-31,78200,2020-03-31,1,4777000000,0.247,,,,,474000000,0.289,412000000,0.093,,313000000,,25.03,,,,,,25402000000,19506000000,0.750,1520.00,19043000000,,,,,,,,,,,,true,false,3,2019-04-01,2019-06-30,0
2019-07-31,78200,2019-03-31,1,3830000000,0.084,,,,,367000000,-0.058,377000000,-0.196,,275000000,,21.98,,,,,,,,,,,,,,,,,,,,,,true,false,3,2018-04-01,2018-06-30,-1
2019-07-31,78200,2020-03-31,1,31000000000,0.254,,,,,4600000000,0.294,4200000000,0.254,,3000000000,,239.45,,,,,,,,,,,,,,,,,,,,,,true,true,12,2019-04-01,2020-03-31,0
2019-07-31,78200,2019-03-31,1,,,,,,,,,,,,,,,,,,,,26167000000,19419000000,0.724,1511.80,18940000000,,,,,,,,,,,,true,false,12,2018-04-01,2019-03-31,-1
2019-07-31,78200,2019-03-31,1,,,,,,,,,,,,,,,,,,,,,,,,,,,,,50.00,,,,12530000,1424,,false,false,12,2018-04-01,2019-03-31,-1
2019-07-31,78200,2020-03-31,1,,,,,,,,,,,,,,,,,,,,,,,,,,,,,50.00,,,,,,,false,true,12,2019-04-01,2020-03-31,0
2019-07-31,78200,2020-03-31,1,,,,,,,,,,,,,,,,,,,,,,,,,,,,,,,,,12530000,1553,12528484,false,false,3,2019-04-01,2019-06-30,0
2019-07-31,78200,2019-03-31,1,,,,,,,,,,,,,,,,,,,,,,,,,,,,,,,,,,,12528577,false,false,3,2018-04-01,2018-06-30,-1
2019-10-30,78200,2020-03-31,2,12282000000,0.269,,,,,1429000000,0.164,1472000000,0.246,,1075000000,,85.81,,,,,,26605000000,19767000000,0.726,1540.77,19303000000,,,,,,,,,,,,true,false,6,2019-04-01,2019-09-30,0
2019-10-30,78200,2019-03-31,2,9678000000,0.118,,,,,1227000000,0.004,1181000000,-0.056,,872000000,,69.64,,,,,,,,,,,,,,,,,,,,,,true,false,6,2018-04-01,2018-09-30,-1
2019-10-30,78200,2020-03-31,2,31000000000,0.254,,,,,4600000000,0.294,4200000000,0.254,,3000000000,,239.45,,,,,,,,,,,,,,,,,,,,,,true,true,12,2019-04-01,2020-03-31,0
2019-10-30,78200,2019-03-31,2,,,,,,,,,,,,,,,,,,,,26167000000,19419000000,0.724,1511.80,18940000000,,,,,,,,,,,,true,false,12,2018-04-01,2019-03-31,-1
2019-10-30,78200,2019-03-31,2,,,,,,,,,,,,,,,,,,,,,,,,,,,,,50.00,,,,12530000,1424,,false,false,12,2018-04-01,2019-03-31,-1
2019-10-30,78200,2020-03-31,2,,,,,,,,,,,,,,,,,,,,,,,,,,,,,25.00,,,,,,,false,false,12,2019-04-01,2020-03-31,0
2019-10-30,78200,2020-03-31,2,,,,,,,,,,,,,,,,,,,,,,,,,,,,,50.00,,,,,,,false,true,12,2019-04-01,2020-03-31,0
2019-10-30,78200,2020-03-31,2,,,,,,,,,,,,,,,,,,,,,,,,,,,,,,,,,12530000,1587,12528452,false,false,6,2019-04-01,2019-09-30,0
2019-10-30,78200,2019-03-31,2,,,,,,,,,,,,,,,,,,,,,,,,,,,,,,,,,,,12528577,false,false,6,2018-04-01,2018-09-30,-1
2020-01-28,78200,2020-03-31,3,21846000000,0.283,,,,,3180000000,0.363,3186000000,0.439,,2292000000,,183.00,,,,,,28698000000,20288000000,0.688,1576.84,19755000000,,,,,,,,,,,,true,false,9,2019-04-01,2019-12-31,0
2020-01-28,78200,2019-03-31,3,17031000000,0.143,,,,,2334000000,-0.029,2214000000,-0.096,,1616000000,,129.00,,,,,,,,,,,,,,,,,,,,,,true,false,9,2018-04-01,2018-12-31,-1
2020-01-28,78200,2020-03-31,3,31000000000,0.254,,,,,4600000000,0.294,4200000000,0.254,,3000000000,,239.45,,,,,,,,,,,,,,,,,,,,,,true,true,12,2019-04-01,2020-03-31,0
2020-01-28,78200,2019-03-31,3,,,,,,,,,,,,,,,,,,,,26167000000,19419000000,0.724,1511.80,18940000000,,,,,,,,,,,,true,false,12,2018-04-01,2019-03-31,-1
2020-01-28,78200,2019-03-31,3,,,,,,,,,,,,,,,,,,,,,,,,,,,,,50.00,,,,12530000,1424,,false,false,12,2018-04-01,2019-03-31,-1
2020-01-28,78200,2020-03-31,3,,,,,,,,,,,,,,,,,,,,,,,,,,,,,25.00,,,,,,,false,false,12,2019-04-01,2020-03-31,0
2020-01-28,78200,2020-03-31,3,,,,,,,,,,,,,,,,,,,,,,,,,,,,,25.00,,,,,,,false,true,12,2019-04-01,2020-03-31,0
2020-01-28,78200,2020-03-31,3,,,,,,,,,,,,,,,,,,,,,,,,,,,,,,,,,12530000,1587,12528439,false,false,9,2019-04-01,2019-12-31,0
2020-01-28,78200,2019-03-31,3,,,,,,,,,,,,,,,,,,,,,,,,,,,,,,,,,,,12528577,false,false,9,2018-04-01,2018-12-31,-1
2020-05-14,78200,2020-03-31,,31028000000,0.255,,,,,4748000000,0.336,4661000000,0.392,,3334000000,,133.08,,0.167,0.165,0.153,,30402000000,21670000000,0.692,839.28,21029000000,3127000000,-1765000000,-295000000,6008000000,,0.207,,,,,,true,false,12,2019-04-01,2020-03-31,0
2020-05-14,78200,2019-03-31,,24716000000,0.198,,,,,3553000000,0.123,3348000000,0.076,,2484000000,,99.14,,0.134,0.132,0.144,,26167000000,19419000000,0.724,755.90,18940000000,1472000000,-53000000,-501000000,5014000000,,0.256,,,,,,true,false,12,2018-04-01,2019-03-31,-1
2020-05-14,78200,2019-03-31,,,,,,,,,,,,,,,,,,,,,,,,,,,,,,50.00,,,,25060000,2848,25057154,false,false,12,2018-04-01,2019-03-31,-1
2020-05-14,78200,2020-03-31,,,,,,,,,,,,,,,,,,,,,,,,,,,,,,55.00,,,,25060000,3174,25056866,false,false,12,2019-04-01,2020-03-31,0
2020-05-14,78200,2021-03-31,,,,,,,,,,,,,,,,,,,,,,,,,,,,,,28.00,,,,,,,false,true,12,2020-04-01,2021-03-31,1
2020-07-31,78200,2021-03-31,1,3728000000,-0.219,,,,,187000000,-0.605,292000000,-0.291,,213000000,,8.52,,,,,,28014000000,21100000000,0.732,817.93,20494000000,,,,,,,,,,,,true,false,3,2020-04-01,2020-06-30,0
2020-07-31,78200,2020-03-31,1,4777000000,0.247,,,,,474000000,0.289,412000000,0.093,,313000000,,12.52,,,,,,,,,,,,,,,,,,,,,,true,false,3,2019-04-01,2019-06-30,-1
2020-07-31,78200,2021-03-31,1,32000000000,0.031,,,,,4760000000,0.002,4670000000,0.002,,3340000000,,133.30,,,,,,,,,,,,,,,,,,,,,,true,true,12,2020-04-01,2021-03-31,0
2020-07-31,78200,2020-03-31,1,,,,,,,,,,,,,,,,,,,,30402000000,21670000000,0.692,839.28,21029000000,,,,,,,,,,,,true,false,12,2019-04-01,2020-03-31,-1
2020-07-31,78200,2020-03-31,1,,,,,,,,,,,,,,,,,,,,,,,,,,,,,55.00,,,,25060000,3174,,false,false,12,2019-04-01,2020-03-31,-1
2020-07-31,78200,2021-03-31,1,,,,,,,,,,,,,,,,,,,,,,,,,,,,,28.00,,,,,,,false,true,12,2020-04-01,2021-03-31,0
2020-07-31,78200,2021-03-31,1,,,,,,,,,,,,,,,,,,,,,,,,,,,,,,,,,25060000,3174,25056826,false,false,3,2020-04-01,2020-06-30,0
2020-07-31,78200,2020-03-31,1,,,,,,,,,,,,,,,,,,,,,,,,,,,,,,,,,,,25056968,false,false,3,2019-04-01,2019-06-30,-1
2020-07-31,78200,2021-03-31,,32000000000,,,,,,4760000000,,4670000000,,,3340000000,,133.30,,,,,,,,,,,,,,,,,,,,,,true,true,12,2020-04-01,2021-03-31,0
2020-07-31,78200,2020-03-31,,31028000000,,,,,,4748000000,,4661000000,,,3334000000,,133.08,,,,,,,,,,,,,,,,,,,,,,true,false,12,2019-04-01,2020-03-31,-1
2020-10-30,78200,2021-03-31,2,10925000000,-0.110,,,,,1327000000,-0.071,1487000000,0.010,,1069000000,,42.67,,,,,,31352000000,22083000000,0.680,851.09,21325000000,,,,,,,,,,,,true,false,6,2020-04-01,2020-09-30,0
2020-10-30,78200,2020-03-31,2,12282000000,0.269,,,,,1429000000,0.164,1472000000,0.246,,1075000000,,42.90,,,,,,,,,,,,,,,,,,,,,,true,false,6,2019-04-01,2019-09-30,-1
2020-10-30,78200,2021-03-31,2,32000000000,0.031,,,,,4760000000,0.002,4670000000,0.002,,3340000000,,133.30,,,,,,,,,,,,,,,,,,,,,,true,true,12,2020-04-01,2021-03-31,0
2020-10-30,78200,2020-03-31,2,,,,,,,,,,,,,,,,,,,,30402000000,21670000000,0.692,839.28,21029000000,,,,,,,,,,,,true,false,12,2019-04-01,2020-03-31,-1
2020-10-30,78200,2020-03-31,2,,,,,,,,,,,,,,,,,,,,,,,,,,,,,55.00,,,,25060000,3174,,false,false,12,2019-04-01,2020-03-31,-1
2020-10-30,78200,2021-03-31,2,,,,,,,,,,,,,,,,,,,,,,,,,,,,,14.00,,,,,,,false,false,12,2020-04-01,2021-03-31,0
2020-10-30,78200,2021-03-31,2,,,,,,,,,,,,,,,,,,,,,,,,,,,,,28.00,,,,,,,false,true,12,2020-04-01,2021-03-31,0
2020-10-30,78200,2021-03-31,2,,,,,,,,,,,,,,,,,,,,,,,,,,,,,,,,,25060000,3174,25056826,false,false,6,2020-04-01,2020-09-30,0
2020-10-30,78200,2020-03-31,2,,,,,,,,,,,,,,,,,,,,,,,,,,,,,,,,,,,25056904,false,false,6,2019-04-01,2019-09-30,-1
2021-01-29,78200,2021-03-31,3,20006000000,-0.084,,,,,2885000000,-0.093,3085000000,-0.032,,2233000000,,89.12,,,,,,35893000000,23306000000,0.627,898.48,22512000000,,,,,,,,,,,,true,false,9,2020-04-01,2020-12-31,0
2021-01-29,78200,2020-03-31,3,21846000000,0.283,,,,,3180000000,0.363,3186000000,0.439,,2292000000,,91.50,,,,,,,,,,,,,,,,,,,,,,true,false,9,2019-04-01,2019-12-31,-1
2021-01-29,78200,2021-03-31,3,32000000000,0.031,,,,,4760000000,0.002,4670000000,0.002,,3340000000,,133.30,,,,,,,,,,,,,,,,,,,,,,true,true,12,2020-04-01,2021-03-31,0
2021-01-29,78200,2020-03-31,3,,,,,,,,,,,,,,,,,,,,30402000000,21670000000,0.692,839.28,21029000000,,,,,,,,,,,,true,false,12,2019-04-01,2020-03-31,-1
2021-01-29,78200,2020-03-31,3,,,,,,,,,,,,,,,,,,,,,,,,,,,,,55.00,,,,25060000,3174,,false,false,12,2019-04-01,2020-03-31,-1
2021-01-29,78200,2021-03-31,3,,,,,,,,,,,,,,,,,,,,,,,,,,,,,14.00,,,,,,,false,false,12,2020-04-01,2021-03-31,0
2021-01-29,78200,2021-03-31,3,,,,,,,,,,,,,,,,,,,,,,,,,,,,,28.00,,,,,,,false,true,12,2020-04-01,2021-03-31,0
2021-01-29,78200,2021-03-31,3,,,,,,,,,,,,,,,,,,,,,,,,,,,,,,,,,25060000,3174,25056826,false,false,9,2020-04-01,2020-12-31,0
2021-01-29,78200,2020-03-31,3,,,,,,,,,,,,,,,,,,,,,,,,,,,,,,,,,,,25056878,false,false,9,2019-04-01,2019-12-31,-1
2021-05-14,78200,2021-03-31,,28881000000,-0.069,,,,,4404000000,-0.072,4575000000,-0.018,,3296000000,,131.55,,0.146,0.140,0.153,,35171000000,24828000000,0.682,956.68,23971000000,2124000000,-1587000000,481000000,7125000000,,0.213,,,,,,true,false,12,2020-04-01,2021-03-31,0
2021-05-14,78200,2020-03-31,,31028000000,0.255,,,,,4748000000,0.336,4661000000,0.392,,3334000000,,133.08,,0.167,0.165,0.153,,30402000000,21670000000,0.692,839.28,21029000000,3127000000,-1765000000,-295000000,6008000000,,0.207,,,,,,true,false,12,2019-04-01,2020-03-31,-1
2021-05-14,78200,2022-03-31,,33000000000,0.143,,,,,4800000000,0.090,4850000000,0.060,3400000000,,0.032,135.69,,,,,,,,,,,,,,,,0.236,,,,,,true,true,12,2021-04-01,2022-03-31,1
2021-05-14,78200,2020-03-31,,,,,,,,,,,,,,,,,,,,,,,,,,,,,,55.00,,,,25060000,3174,25056866,false,false,12,2019-04-01,2020-03-31,-1
2021-05-14,78200,2021-03-31,,,,,,,,,,,,,,,,,,,,,,,,,,,,,,28.00,,,,25060000,3174,25056866,false,false,12,2020-04-01,2021-03-31,0
2021-05-14,78200,2022-03-31,,,,,,,,,,,,,,,,,,,,,,,,,,,,,,32.00,,,,,,,false,true,12,2021-04-01,2022-03-31,1
2021-08-10,78200,2022-03-31,1,5160000000,0.384,,,,,481000000,1.570,643000000,1.201,,456000000,,18.20,,,,,,35073000000,26005000000,0.715,1001.39,25091000000,,,,,,,,,,,,true,false,3,2021-04-01,2021-06-30,0
2021-08-10,78200,2021-03-31,1,3728000000,-0.219,,,,,187000000,-0.605,292000000,-0.291,,213000000,,8.52,,,,,,,,,,,,,,,,,,,,,,true,false,3,2020-04-01,2020-06-30,-1
2021-08-10,78200,2022-03-31,1,33000000000,0.143,,,,,4800000000,0.090,4850000000,0.060,,3400000000,,135.69,,,,,,,,,,,,,,,,,,,,,,true,true,12,2021-04-01,2022-03-31,0
2021-08-10,78200,2021-03-31,1,,,,,,,,,,,,,,,,,,,,35169000000,24828000000,0.682,956.68,23971000000,,,,,,,,,,,,true,false,12,2020-04-01,2021-03-31,-1
2021-08-10,78200,2021-03-31,1,,,,,,,,,,,,,,,,,,,,,,,,,,,,,28.00,,,,25060000,3174,,false,false,12,2020-04-01,2021-03-31,-1
2021-08-10,78200,2022-03-31,1,,,,,,,,,,,,,,,,,,,,,,,,,,,,,32.00,,,,,,,false,true,12,2021-04-01,2022-03-31,0
2021-08-10,78200,2022-03-31,1,,,,,,,,,,,,,,,,,,,,,,,,,,,,,,,,,25060000,3242,25056768,false,false,3,2021-04-01,2021-06-30,0
2021-08-10,78200,2021-03-31,1,,,,,,,,,,,,,,,,,,,,,,,,,,,,,,,,,,,25056826,false,false,3,2020-04-01,2020-06-30,-1
2021-11-12,78200,2022-03-31,2,12968000000,0.187,,,,,1792000000,0.350,2161000000,0.453,,1500000000,,59.89,,,,,,37256000000,27504000000,0.712,1059.02,26535000000,,,,,,,,,,,,true,false,6,2021-04-01,2021-09-30,0
2021-11-12,78200,2021-03-31,2,10925000000,-0.110,,,,,1327000000,-0.071,1487000000,0.010,,1069000000,,42.67,,,,,,,,,,,,,,,,,,,,,,true,false,6,2020-04-01,2020-09-30,-1
2021-11-12,78200,2022-03-31,2,33000000000,0.143,,,,,4800000000,0.090,4850000000,0.060,,3400000000,,135.69,,,,,,,,,,,,,,,,,,,,,,true,true,12,2021-04-01,2022-03-31,0
2021-11-12,78200,2021-03-31,2,,,,,,,,,,,,,,,,,,,,35169000000,24828000000,0.682,956.68,23971000000,,,,,,,,,,,,true,false,12,2020-04-01,2021-03-31,-1
2021-11-12,78200,2021-03-31,2,,,,,,,,,,,,,,,,,,,,,,,,,,,,,28.00,,,,25060000,3174,,false,false,12,2020-04-01,2021-03-31,-1
2021-11-12,78200,2022-03-31,2,,,,,,,,,,,,,,,,,,,,,,,,,,,,,16.00,,,,,,,false,false,12,2021-04-01,2022-03-31,0
2021-11-12,78200,2022-03-31,2,,,,,,,,,,,,,,,,,,,,,,,,,,,,,32.00,,,,,,,false,true,12,2021-04-01,2022-03-31,0
2021-11-12,78200,2022-03-31,2,,,,,,,,,,,,,,,,,,,,,,,,,,,,,,,,,25060000,3242,25056763,false,false,6,2021-04-01,2021-09-30,0
2021-11-12,78200,2021-03-31,2,,,,,,,,,,,,,,,,,,,,,,,,,,,,,,,,,,,25056826,false,false,6,2020-04-01,2020-09-30,-1
2022-02-02,78200,2022-03-31,3,23627000000,0.181,,,,,3780000000,0.310,4290000000,0.391,,3001000000,,119.79,,,,,,40391000000,28791000000,0.687,1106.71,27730000000,,,,,,,,,,,,true,false,9,2021-04-01,2021-12-31,0
2022-02-02,78200,2021-03-31,3,20006000000,-0.084,,,,,2885000000,-0.093,3085000000,-0.032,,2233000000,,89.12,,,,,,,,,,,,,,,,,,,,,,true,false,9,2020-04-01,2020-12-31,-1
2022-02-02,78200,2022-03-31,3,33000000000,0.143,,,,,4800000000,0.090,4850000000,0.060,,3400000000,,135.69,,,,,,,,,,,,,,,,,,,,,,true,true,12,2021-04-01,2022-03-31,0
2022-02-02,78200,2021-03-31,3,,,,,,,,,,,,,,,,,,,,35169000000,24828000000,0.682,956.68,23971000000,,,,,,,,,,,,true,false,12,2020-04-01,2021-03-31,-1
2022-02-02,78200,2021-03-31,3,,,,,,,,,,,,,,,,,,,,,,,,,,,,,28.00,,,,25060000,3174,,false,false,12,2020-04-01,2021-03-31,-1
2022-02-02,78200,2022-03-31,3,,,,,,,,,,,,,,,,,,,,,,,,,,,,,16.00,,,,,,,false,false,12,2021-04-01,2022-03-31,0
2022-02-02,78200,2022-03-31,3,,,,,,,,,,,,,,,,,,,,,,,,,,,,,32.00,,,,,,,false,true,12,2021-04-01,2022-03-31,0
2022-02-02,78200,2022-03-31,3,,,,,,,,,,,,,,,,,,,,,,,,,,,,,,,,,25060000,3242,25056761,false,false,9,2021-04-01,2021-12-31,0
2022-02-02,78200,2021-03-31,3,,,,,,,,,,,,,,,,,,,,,,,,,,,,,,,,,,,25056826,false,false,9,2020-04-01,2020-12-31,-1
2022-05-10,78200,2022-03-31,,33094000000,0.146,,,,,4869000000,0.105,5401000000,0.180,,3841000000,,153.31,,0.144,0.139,0.147,,42354000000,30656000000,0.696,1176.97,29491000000,1496000000,-2345000000,-1142000000,5537000000,,0.209,,,,,,true,false,12,2021-04-01,2022-03-31,0
2022-05-10,78200,2021-03-31,,28881000000,-0.069,,,,,4404000000,-0.072,4575000000,-0.018,,3296000000,,131.55,,0.146,0.140,0.153,,35169000000,24828000000,0.682,956.68,23971000000,2124000000,-1587000000,481000000,7125000000,,0.213,,,,,,true,false,12,2020-04-01,2021-03-31,-1
2022-05-10,78200,2021-03-31,,,,,,,,,,,,,,,,,,,,,,,,,,,,,,28.00,,,,25060000,3174,25056866,false,false,12,2020-04-01,2021-03-31,-1
2022-05-10,78200,2022-03-31,,,,,,,,,,,,,,,,,,,,,,,,,,,,,,32.00,,,,25060000,3242,25056761,false,false,12,2021-04-01,2022-03-31,0
2022-05-10,78200,2023-03-31,,,,,,,,,,,,,,,,,,,,,,,,,,,,,,36.00,,,,,,,false,true,12,2022-04-01,2023-03-31,1
2022-06-22,78200,2023-03-31,,30000000000,,,,,,3850000000,,3850000000,,,2800000000,,111.75,,,,,,,,,,,,,,,,,,,,,,true,true,12,2022-04-01,2023-03-31,0
2022-06-22,78200,2022-03-31,,33094000000,,,,,,4869000000,,5401000000,,,3841000000,,153.31,,,,,,,,,,,,,,,,,,,,,,true,false,12,2021-04-01,2022-03-31,-1
2022-08-05,78200,2023-03-31,1,4679000000,-0.093,,,,,223000000,-0.535,321000000,-0.501,,206000000,,8.23,,,,,,42710000000,31926000000,0.719,1225.84,30715000000,,,,,,,,,,,,true,false,3,2022-04-01,2022-06-30,0
2022-08-05,78200,2022-03-31,1,5160000000,0.384,,,,,481000000,1.570,643000000,1.201,,456000000,,18.20,,,,,,,,,,,,,,,,,,,,,,true,false,3,2021-04-01,2021-06-30,-1
2022-08-05,78200,2023-03-31,1,30000000000,-0.094,,,,,3850000000,-0.209,3850000000,-0.287,,2800000000,,111.75,,,,,,,,,,,,,,,,,,,,,,true,true,12,2022-04-01,2023-03-31,0
2022-08-05,78200,2022-03-31,1,,,,,,,,,,,,,,,,,,,,42354000000,30656000000,0.696,1176.97,29491000000,,,,,,,,,,,,true,false,12,2021-04-01,2022-03-31,-1
2022-08-05,78200,2022-03-31,1,,,,,,,,,,,,,,,,,,,,,,,,,,,,,32.00,,,,25060000,3242,,false,false,12,2021-04-01,2022-03-31,-1
2022-08-05,78200,2023-03-31,1,,,,,,,,,,,,,,,,,,,,,,,,,,,,,36.00,,,,,,,false,true,12,2022-04-01,2023-03-31,0
2022-08-05,78200,2023-03-31,1,,,,,,,,,,,,,,,,,,,,,,,,,,,,,,,,,25060000,3242,25056758,false,false,3,2022-04-01,2022-06-30,0
2022-08-05,78200,2022-03-31,1,,,,,,,,,,,,,,,,,,,,,,,,,,,,,,,,,,,25056768,false,false,3,2021-04-01,2021-06-30,-1
2022-11-14,78200,2023-03-31,2,11646000000,-0.102,,,,,847000000,-0.527,1002000000,-0.536,,701000000,,28.01,,,,,,45752000000,33805000000,0.711,1297.84,32519000000,,,,,,,,,,,,true,false,6,2022-04-01,2022-09-30,0
2022-11-14,78200,2022-03-31,2,12968000000,0.187,,,,,1792000000,0.350,2161000000,0.453,,1500000000,,59.89,,,,,,,,,,,,,,,,,,,,,,true,false,6,2021-04-01,2021-09-30,-1
2022-11-14,78200,2023-03-31,2,30000000000,-0.094,,,,,3850000000,-0.209,3850000000,-0.287,,2800000000,,111.75,,,,,,,,,,,,,,,,,,,,,,true,true,12,2022-04-01,2023-03-31,0
2022-11-14,78200,2022-03-31,2,,,,,,,,,,,,,,,,,,,,42354000000,30656000000,0.696,1176.97,29491000000,,,,,,,,,,,,true,false,12,2021-04-01,2022-03-31,-1
2022-11-14,78200,2022-03-31,2,,,,,,,,,,,,,,,,,,,,,,,,,,,,,32.00,,,,25060000,3242,,false,false,12,2021-04-01,2022-03-31,-1
2022-11-14,78200,2023-03-31,2,,,,,,,,,,,,,,,,,,,,,,,,,,,,,18.00,,,,,,,false,false,12,2022-04-01,2023-03-31,0
2022-11-14,78200,2023-03-31,2,,,,,,,,,,,,,,,,,,,,,,,,,,,,,36.00,,,,,,,false,true,12,2022-04-01,2023-03-31,0
2022-11-14,78200,2023-03-31,2,,,,,,,,,,,,,,,,,,,,,,,,,,,,,,,,,25060000,3242,25056758,false,false,6,2022-04-01,2022-09-30,0
2022-11-14,78200,2022-03-31,2,,,,,,,,,,,,,,,,,,,,,,,,,,,,,,,,,,,25056763,false,false,6,2021-04-01,2021-09-30,-1
2023-02-13,78200,2023-03-31,3,20244000000,-0.143,,,,,1726000000,-0.543,2073000000,-0.517,,1471000000,,58.73,,,,,,46986000000,34183000000,0.700,1312.00,32874000000,,,,,,,,,,,,true,false,9,2022-04-01,2022-12-31,0
2023-02-13,78200,2022-03-31,3,23627000000,0.181,,,,,3780000000,0.310,4290000000,0.391,,3001000000,,119.79,,,,,,,,,,,,,,,,,,,,,,true,false,9,2021-04-01,2021-12-31,-1
2023-02-13,78200,2023-03-31,3,30000000000,-0.094,,,,,3850000000,-0.209,3850000000,-0.287,,2800000000,,111.75,,,,,,,,,,,,,,,,,,,,,,true,true,12,2022-04-01,2023-03-31,0
2023-02-13,78200,2022-03-31,3,,,,,,,,,,,,,,,,,,,,42354000000,30656000000,0.696,1176.97,29491000000,,,,,,,,,,,,true,false,12,2021-04-01,2022-03-31,-1
2023-02-13,78200,2022-03-31,3,,,,,,,,,,,,,,,,,,,,,,,,,,,,,32.00,,,,25060000,3242,,false,false,12,2021-04-01,2022-03-31,-1
2023-02-13,78200,2023-03-31,3,,,,,,,,,,,,,,,,,,,,,,,,,,,,,18.00,,,,,,,false,false,12,2022-04-01,2023-03-31,0
2023-02-13,78200,2023-03-31,3,,,,,,,,,,,,,,,,,,,,,,,,,,,,,36.00,,,,,,,false,true,12,2022-04-01,2023-03-31,0
2023-02-13,78200,2023-03-31,3,,,,,,,,,,,,,,,,,,,,,,,,,,,,,,,,,25060000,3242,25056758,false,false,9,2022-04-01,2022-12-31,0
2023-02-13,78200,2022-03-31,3,,,,,,,,,,,,,,,,,,,,,,,,,,,,,,,,,,,25056761,false,false,9,2021-04-01,2021-12-31,-1
2023-05-02,78200,2023-03-31,,27320000000,-0.089,,,,,2300000000,-0.403,2660000000,-0.309,,1880000000,,75.03,,,,,,,,,,,,,,,,,,,,,,true,true,12,2022-04-01,2023-03-31,0
2023-05-02,78200,2022-03-31,,33094000000,,,,,,4869000000,,5401000000,,,3841000000,,153.31,,,,,,,,,,,,,,,,,,,,,,true,false,12,2021-04-01,2022-03-31,-1
2023-05-12,78200,2023-03-31,,27327000000,-0.174,,,,,2305000000,-0.526,2664000000,-0.507,,1882000000,,75.12,,0.062,0.062,0.084,,43595000000,32868000000,0.725,1261.80,31616000000,2413000000,-933000000,-1125000000,5980000000,,0.479,,,,,,true,false,12,2022-04-01,2023-03-31,0
2023-05-12,78200,2022-03-31,,33094000000,0.146,,,,,4869000000,0.105,5401000000,0.180,,3841000000,,153.31,,0.144,0.139,0.147,,42354000000,30656000000,0.696,1176.97,29491000000,1496000000,-2345000000,-1142000000,5537000000,,0.209,,,,,,true,false,12,2021-04-01,2022-03-31,-1
2023-05-12,78200,2024-03-31,,30000000000,0.098,,,,,3200000000,0.388,3250000000,0.220,,2300000000,,91.79,,,,,,,,,,,,,,,,,,,,,,true,true,12,2023-04-01,2024-03-31,1
2023-05-12,78200,2023-03-31,,9785000000,0.109,,,,,1208000000,-0.014,1335000000,-0.135,955000000,,-0.145,38.13,,,,,,14182000000,10940000000,0.771,436.62,10940000000,,,,,36.00,,,,25060000,3242,25056758,false,false,12,2022-04-01,2023-03-31,0
2023-05-12,78200,2022-03-31,,8819000000,-0.019,,,,,1226000000,-0.067,1543000000,0.046,1116000000,,0.049,44.58,,,,,,13802000000,10853000000,0.786,433.16,10853000000,,,,,32.00,,,,25060000,3242,25056761,false,false,12,2021-04-01,2022-03-31,-1
2023-05-12,78200,2024-03-31,,,,,,,,,,,,,,,,,,,,,,,,,,,,,,36.00,,,,,,,false,true,12,2023-04-01,2024-03-31,1
2023-08-10,78200,2024-03-31,1,4230000000,-0.096,,,,,36000000,-0.835,167000000,-0.477,,91000000,,3.63,,,,,,42124000000,33201000000,0.758,1274.96,31946000000,,,,,,,,,,,,true,false,3,2023-04-01,2023-06-30,0
2023-08-10,78200,2023-03-31,1,4679000000,-0.093,,,,,223000000,-0.535,321000000,-0.501,,206000000,,8.23,,,,,,,,,,,,,,,,,,,,,,true,false,3,2022-04-01,2022-06-30,-1
2023-08-10,78200,2024-03-31,1,30000000000,0.098,,,,,3200000000,0.388,3250000000,0.220,,2300000000,,91.79,,,,,,,,,,,,,,,,,,,,,,true,true,12,2023-04-01,2024-03-31,0
2023-08-10,78200,2023-03-31,1,,,,,,,,,,,,,,,,,,,,43595000000,32868000000,0.725,1261.80,31616000000,,,,,,,,,,,,true,false,12,2022-04-01,2023-03-31,-1
2023-08-10,78200,2023-03-31,1,,,,,,,,,,,,,,,,,,,,,,,,,,,,,36.00,,,,25060000,3242,,false,false,12,2022-04-01,2023-03-31,-1
2023-08-10,78200,2024-03-31,1,,,,,,,,,,,,,,,,,,,,,,,,,,,,,36.00,,,,,,,false,true,12,2023-04-01,2024-03-31,0
2023-08-10,78200,2024-03-31,1,,,,,,,,,,,,,,,,,,,,,,,,,,,,,,,,,25060000,3242,25056758,false,false,3,2023-04-01,2023-06-30,0
2023-08-10,78200,2023-03-31,1,,,,,,,,,,,,,,,,,,,,,,,,,,,,,,,,,,,25056758,false,false,3,2022-04-01,2022-06-30,-1
2023-11-13,78200,2024-03-31,2,11583000000,-0.005,,,,,740000000,-0.127,998000000,-0.004,,638000000,,25.87,,,,,,43392000000,32492000000,0.719,1370.20,31181000000,,,,,,,,,,,,true,false,6,2023-04-01,2023-09-30,0
2023-11-13,78200,2023-03-31,2,11646000000,-0.102,,,,,847000000,-0.527,1002000000,-0.536,,701000000,,28.01,,,,,,,,,,,,,,,,,,,,,,true,false,6,2022-04-01,2022-09-30,-1
2023-11-13,78200,2024-03-31,2,30000000000,0.098,,,,,3200000000,0.388,3250000000,0.220,,2300000000,,93.19,,,,,,,,,,,,,,,,,,,,,,true,true,12,2023-04-01,2024-03-31,0
2023-11-13,78200,2023-03-31,2,,,,,,,,,,,,,,,,,,,,43595000000,32868000000,0.725,1261.80,31616000000,,,,,,,,,,,,true,false,12,2022-04-01,2023-03-31,-1
2023-11-13,78200,2023-03-31,2,,,,,,,,,,,,,,,,,,,,,,,,,,,,,36.00,,,,25060000,3242,,false,false,12,2022-04-01,2023-03-31,-1
2023-11-13,78200,2024-03-31,2,,,,,,,,,,,,,,,,,,,,,,,,,,,,,18.00,,,,,,,false,false,12,2023-04-01,2024-03-31,0
2023-11-13,78200,2024-03-31,2,,,,,,,,,,,,,,,,,,,,,,,,,,,,,36.00,,,,,,,false,true,12,2023-04-01,2024-03-31,0
2023-11-13,78200,2024-03-31,2,,,,,,,,,,,,,,,,,,,,,,,,,,,,,,,,,25060000,2303242,24679709,false,false,6,2023-04-01,2023-09-30,0
2023-11-13,78200,2023-03-31,2,,,,,,,,,,,,,,,,,,,,,,,,,,,,,,,,,,,25056758,false,false,6,2022-04-01,2022-09-30,-1
2024-02-13,78200,2024-03-31,3,19184000000,-0.052,,,,,1559000000,-0.097,1836000000,-0.114,,1219000000,,50.72,,,,,,45545000000,33409000000,0.704,1408.06,32042000000,,,,,,,,,,,,true,false,9,2023-04-01,2023-12-31,0
2024-02-13,78200,2023-03-31,3,20244000000,-0.143,,,,,1726000000,-0.543,2073000000,-0.517,,1471000000,,58.73,,,,,,,,,,,,,,,,,,,,,,true,false,9,2022-04-01,2022-12-31,-1
2024-02-13,78200,2024-03-31,3,30000000000,0.098,,,,,3200000000,0.388,3250000000,0.220,,2300000000,,95.69,,,,,,,,,,,,,,,,,,,,,,true,true,12,2023-04-01,2024-03-31,0
2024-02-13,78200,2023-03-31,3,,,,,,,,,,,,,,,,,,,,43595000000,32868000000,0.725,1261.80,31616000000,,,,,,,,,,,,true,false,12,2022-04-01,2023-03-31,-1
2024-02-13,78200,2023-03-31,3,,,,,,,,,,,,,,,,,,,,,,,,,,,,,36.00,,,,25060000,3242,,false,false,12,2022-04-01,2023-03-31,-1
2024-02-13,78200,2024-03-31,3,,,,,,,,,,,,,,,,,,,,,,,,,,,,,18.00,,,,,,,false,false,12,2023-04-01,2024-03-31,0
2024-02-13,78200,2024-03-31,3,,,,,,,,,,,,,,,,,,,,,,,,,,,,,36.00,,,,,,,false,true,12,2023-04-01,2024-03-31,0
2024-02-13,78200,2024-03-31,3,,,,,,,,,,,,,,,,,,,,,,,,,,,,,,,,,25060000,2303242,24036394,false,false,9,2023-04-01,2023-12-31,0
2024-02-13,78200,2023-03-31,3,,,,,,,,,,,,,,,,,,,,,,,,,,,,,,,,,,,25056758,false,false,9,2022-04-01,2022-12-31,-1
2024-05-14,78200,2024-03-31,,25899000000,-0.137,,,,,1499000000,-0.531,1909000000,-0.413,,1329000000,,56.04,,,,,,,,,,,,,,,,,,,,,,true,true,12,2023-04-01,2024-03-31,0
2024-05-14,78200,2023-03-31,,27327000000,,,,,,2305000000,,2664000000,,,1882000000,,75.12,,,,,,,,,,,,,,,,,,,,,,true,false,12,2022-04-01,2023-03-31,-1
2024-05-15,78200,2024-03-31,,25899000000,-0.052,,,,,1499000000,-0.349,1909000000,-0.283,,1329000000,,56.04,,0.042,0.043,0.058,,44951000000,32800000000,0.703,1388.37,31594000000,1704000000,-1557000000,-2169000000,4139000000,,0.642,,,,,,true,false,12,2023-04-01,2024-03-31,0
2024-05-15,78200,2023-03-31,,27327000000,-0.174,,,,,2305000000,-0.526,2664000000,-0.507,,1882000000,,75.12,,0.062,0.062,0.084,,43595000000,32868000000,0.725,1261.80,31616000000,2413000000,-933000000,-1125000000,5980000000,,0.479,,,,,,true,false,12,2022-04-01,2023-03-31,-1
2024-05-15,78200,2025-03-31,,30000000000,0.158,,,,,2500000000,0.667,2550000000,0.335,,1800000000,,79.10,,,,,,,,,,,,,,,,,,,,,,true,true,12,2024-04-01,2025-03-31,1
2024-05-15,78200,2024-03-31,,10233000000,0.046,,,,,1114000000,-0.078,1590000000,0.191,1105000000,,0.158,46.63,,,,,,14370000000,9550000000,0.665,419.66,9550000000,,,,,36.00,,,,25060000,2303242,23718233,false,false,12,2023-04-01,2024-03-31,0
2024-05-15,78200,2023-03-31,,9785000000,0.109,,,,,1208000000,-0.014,1335000000,-0.135,955000000,,-0.145,38.13,,,,,,14182000000,10940000000,0.771,436.62,10940000000,,,,,36.00,,,,25060000,3242,25056758,false,false,12,2022-04-01,2023-03-31,-1
2024-05-15,78200,2025-03-31,,,,,,,,,,,,,,,,,,,,,,,,,,,,,,36.00,,,,,,,false,true,12,2024-04-01,2025-03-31,1
2024-08-09,78200,2025-03-31,1,4175000000,-0.013,,,,,66000000,0.796,199000000,0.186,,136000000,,5.99,,,,,,44089000000,33585000000,0.734,1421.70,32353000000,,,,,,,,,,,,true,false,3,2024-04-01,2024-06-30,0
2024-08-09,78200,2024-03-31,1,4230000000,-0.096,,,,,36000000,-0.835,167000000,-0.477,,91000000,,3.63,,,,,,,,,,,,,,,,,,,,,,true,false,3,2023-04-01,2023-06-30,-1
2024-08-09,78200,2025-03-31,1,30000000000,0.158,,,,,2500000000,0.667,2550000000,0.335,,1800000000,,79.10,,,,,,,,,,,,,,,,,,,,,,true,true,12,2024-04-01,2025-03-31,0
2024-08-09,78200,2024-03-31,1,,,,,,,,,,,,,,,,,,,,44951000000,32800000000,0.703,1388.37,31594000000,,,,,,,,,,,,true,false,12,2023-04-01,2024-03-31,-1
2024-08-09,78200,2024-03-31,1,,,,,,,,,,,,,,,,,,,,,,,,,,,,,36.00,,,,25060000,2303242,,false,false,12,2023-04-01,2024-03-31,-1
2024-08-09,78200,2025-03-31,1,,,,,,,,,,,,,,,,,,,,,,,,,,,,,36.00,,,,,,,false,true,12,2024-04-01,2025-03-31,0
2024-08-09,78200,2025-03-31,1,,,,,,,,,,,,,,,,,,,,,,,,,,,,,,,,,25060000,2303242,22756758,false,false,3,2024-04-01,2024-06-30,0
2024-08-09,78200,2024-03-31,1,,,,,,,,,,,,,,,,,,,,,,,,,,,,,,,,,,,25056758,false,false,3,2023-04-01,2023-06-30,-1
2024-11-14,78200,2025-03-31,2,10463000000,-0.097,,,,,253000000,-0.658,429000000,-0.569,,255000000,,11.22,,,,,,46558000000,35269000000,0.730,,33992000000,,,,,,,,,,,,true,false,6,2024-04-01,2024-09-30,0
2024-11-14,78200,2024-03-31,2,11583000000,-0.005,,,,,740000000,-0.127,998000000,-0.004,,638000000,,25.87,,,,,,,,,,,,,,,,,,,,,,true,false,6,2023-04-01,2023-09-30,-1
2024-11-14,78200,2025-03-31,2,30000000000,0.158,,,,,2500000000,0.667,2550000000,0.335,,1800000000,,78.10,,,,,,,,,,,,,,,,,,,,,,true,true,12,2024-04-01,2025-03-31,0
2024-11-14,78200,2024-03-31,2,,,,,,,,,,,,,,,,,,,,44951000000,32800000000,0.703,,31594000000,,,,,,,,,,,,true,false,12,2023-04-01,2024-03-31,-1
2024-11-14,78200,2024-03-31,2,,,,,,,,,,,,,,,,,,,,,,,,,,,,,36.00,,,,25060000,2303242,,false,false,12,2023-04-01,2024-03-31,-1
2024-11-14,78200,2025-03-31,2,,,,,,,,,,,,,,,,,,,,,,,,,,,,,18.00,,,,,,,false,false,12,2024-04-01,2025-03-31,0
2024-11-14,78200,2025-03-31,2,,,,,,,,,,,,,,,,,,,,,,,,,,,,,36.00,,,,,,,false,true,12,2024-04-01,2025-03-31,0
2024-11-14,78200,2025-03-31,2,,,,,,,,,,,,,,,,,,,,,,,,,,,,,,,,,25060000,2303242,22756758,false,false,6,2024-04-01,2024-09-30,0
2024-11-14,78200,2024-03-31,2,,,,,,,,,,,,,,,,,,,,,,,,,,,,,,,,,,,24679709,false,false,6,2023-04-01,2023-09-30,-1
2025-02-10,78200,2025-03-31,3,17837000000,-0.070,,,,,807000000,-0.482,1116000000,-0.390,,749000000,,32.95,,,,,,44573000000,33502000000,0.724,1419.02,32292000000,,,,,,,,,,,,true,false,9,2024-04-01,2024-12-31,0
2025-02-10,78200,2024-03-31,3,19184000000,-0.052,,,,,1559000000,-0.097,1836000000,-0.114,,1219000000,,50.72,,,,,,,,,,,,,,,,,,,,,,true,false,9,2023-04-01,2023-12-31,-1
2025-02-10,78200,2025-03-31,3,24200000000,-0.066,,,,,1400000000,-0.067,1600000000,-0.162,,1150000000,,50.53,,,,,,,,,,,,,,,,,,,,,,true,true,12,2024-04-01,2025-03-31,0
2025-02-10,78200,2024-03-31,3,,,,,,,,,,,,,,,,,,,,44951000000,32800000000,0.703,1388.37,31594000000,,,,,,,,,,,,true,false,12,2023-04-01,2024-03-31,-1
2025-02-10,78200,2024-03-31,3,,,,,,,,,,,,,,,,,,,,,,,,,,,,,36.00,,,,25060000,2303242,,false,false,12,2023-04-01,2024-03-31,-1
2025-02-10,78200,2025-03-31,3,,,,,,,,,,,,,,,,,,,,,,,,,,,,,18.00,,,,,,,false,false,12,2024-04-01,2025-03-31,0
2025-02-10,78200,2025-03-31,3,,,,,,,,,,,,,,,,,,,,,,,,,,,,,36.00,,,,,,,false,true,12,2024-04-01,2025-03-31,0
2025-02-10,78200,2025-03-31,3,,,,,,,,,,,,,,,,,,,,,,,,,,,,,,,,,25060000,2303242,22756758,false,false,9,2024-04-01,2024-12-31,0
2025-02-10,78200,2024-03-31,3,,,,,,,,,,,,,,,,,,,,,,,,,,,,,,,,,,,24036394,false,false,9,2023-04-01,2023-12-31,-1
2025-02-10,78200,2025-03-31,,24200000000,-0.193,,,,,1400000000,-0.440,1600000000,-0.373,,1150000000,,50.53,,,,,,,,,,,,,,,,,,,,,,true,true,12,2024-04-01,2025-03-31,0
2025-02-10,78200,2024-03-31,,25899000000,,,,,,1499000000,,1909000000,,,1329000000,,56.04,,,,,,,,,,,,,,,,,,,,,,true,false,12,2023-04-01,2024-03-31,-1
2025-05-15,7820,2025-03-31,,23976000000,-0.074,,,,,774000000,-0.483,1102000000,-0.423,,-2792000000,,-122.71,,-0.090,0.025,0.032,,42309000000,31036000000,0.714,1327.49,30209000000,2542000000,-1191000000,-938000000,4632000000,,,,,,,,true,false,12,2024-04-01,2025-03-31,0
2025-05-15,7820,2024-03-31,,25899000000,-0.052,,,,,1499000000,-0.349,1909000000,-0.283,,1329000000,,56.04,,0.042,0.043,0.058,,44951000000,32800000000,0.703,1388.37,31594000000,1704000000,-1557000000,-2169000000,4139000000,,0.642,,,,,,true,false,12,2023-04-01,2024-03-31,-1
2025-05-15,7820,2026-03-31,,26000000000,0.084,,,,,1780000000,1.297,1930000000,0.751,,1240000000,,54.49,,,,,,,,,,,,,,,,0.661,,,,,,true,true,12,2025-04-01,2026-03-31,1
2025-05-15,7820,2025-03-31,,9527000000,-0.069,,,,,1009000000,-0.094,1178000000,-0.259,818000000,,-0.260,35.98,,,,,,14479000000,9685000000,0.669,425.61,9685000000,,,,,36.00,,,,25060000,2303242,22756758,false,false,12,2024-04-01,2025-03-31,0
2025-05-15,7820,2024-03-31,,10233000000,0.046,,,,,1114000000,-0.078,1590000000,0.191,1105000000,,0.158,46.63,,,,,,14370000000,9550000000,0.665,419.66,9550000000,,,,,36.00,,,,25060000,2303242,23718233,false,false,12,2023-04-01,2024-03-31,-1
2025-05-15,7820,2026-03-31,,,,,,,,,,,,,,,,,,,,,,,,,,,,,,36.00,,,,,,,false,true,12,2025-04-01,2026-03-31,1
2025-08-08,7820,2026-03-31,1,4085000000,-0.022,,,,,-3000000,,79000000,-0.600,,25000000,,1.11,,,,,,39656000000,29380000000,0.722,,28642000000,,,,,,,,,,,,true,false,3,2025-04-01,2025-06-30,0
2025-08-08,7820,2025-03-31,1,4175000000,-0.013,,,,,66000000,0.796,199000000,0.186,,136000000,,5.99,,,,,,,,,,,,,,,,,,,,,,true,false,3,2024-04-01,2024-06-30,-1
2025-08-08,7820,2026-03-31,1,26000000000,0.084,,,,,1780000000,1.297,1930000000,0.751,,1240000000,,54.49,,,,,,,,,,,,,,,,,,,,,,true,true,12,2025-04-01,2026-03-31,0
2025-08-08,7820,2025-03-31,1,,,,,,,,,,,,,,,,,,,,42309000000,31036000000,0.714,,30209000000,,,,,,,,,,,,true,false,12,2024-04-01,2025-03-31,-1
2025-08-08,7820,2025-03-31,1,,,,,,,,,,,,,,,,,,,,,,,,,,,,,36.00,,,,25060000,2303242,,false,false,12,2024-04-01,2025-03-31,-1
2025-08-08,7820,2026-03-31,1,,,,,,,,,,,,,,,,,,,,,,,,,,,,,36.00,,,,,,,false,true,12,2025-04-01,2026-03-31,0
2025-08-08,7820,2026-03-31,1,,,,,,,,,,,,,,,,,,,,,,,,,,,,,,,,,25060000,2303242,22756758,false,false,3,2025-04-01,2025-06-30,0
2025-08-08,7820,2025-03-31,1,,,,,,,,,,,,,,,,,,,,,,,,,,,,,,,,,,,22756758,false,false,3,2024-04-01,2024-06-30,-1
