filing_date,code,fiscal_year_end,quarterly_period,net_sales,net_sales_change,revenue,revenue_change,operating_revenue,operating_revenue_change,operating_profit,operating_profit_change,ordinary_profit,ordinary_profit_change,net_income,net_income_of_parent,net_income_change,eps,diluted_eps,roe,roa,operating_profit_to_net_sales,operating_profit_to_revenue,total_assets,net_assets,equity_ratio,bps,owner_equity,operating_cash_flow,investing_cash_flow,financing_cash_flow,cash,dividend_per_share,payout_ratio,commemorative_dividend,extra_dividend,number_of_shares,number_of_treqsury_shares,avg_number_of_shares,is_consolidated,is_forecast,duration,period_start,period_end,period_pos
2015-05-14,78230,2015-03-31,,41283000000,0.032,,,,,4042000000,-0.249,4264000000,-0.219,2252000000,,-0.281,68.22,67.84,0.102,0.108,0.098,,41147000000,23012000000,0.558,694.79,22960000000,3343000000,-4714000000,859000000,16309000000,,0.403,,,,,,true,false,12,2014-04-01,2015-03-31,0
2015-05-14,78230,2014-03-31,,40017000000,0.140,,,,,5383000000,0.324,5461000000,0.329,3131000000,,0.355,97.57,96.92,0.160,0.155,0.135,,37754000000,21408000000,0.565,647.12,21349000000,2728000000,-1313000000,364000000,16710000000,,0.282,,,,,,true,false,12,2013-04-01,2014-03-31,-1
2015-05-14,78230,2016-03-31,,20820000000,0.069,,,,,1154000000,-0.411,1185000000,-0.423,,650000000,,19.69,,,,,,,,,,,,,,,,,,,,,,true,true,6,2015-04-01,2015-09-30,1
2015-05-14,78230,2016-03-31,,45090000000,0.092,,,,,4580000000,0.133,4643000000,0.089,,2789000000,,84.43,,,,,,,,,,,,,,,,0.332,,,,,,true,true,12,2015-04-01,2016-03-31,1
2015-05-14,78230,2015-03-31,,41072000000,0.030,,,,,4255000000,-0.217,4426000000,-0.195,2174000000,,-0.316,65.85,65.48,,,,,40871000000,23146000000,0.565,699.17,23104000000,,,,,15.00,,,,34341600,1295438,33017375,false,false,12,2014-04-01,2015-03-31,0
2015-05-14,78230,2014-03-31,,39879000000,0.139,,,,,5436000000,0.330,5498000000,0.336,3178000000,,0.439,99.04,98.39,,,,,37729000000,21789000000,0.576,658.89,21737000000,,,,,55.00,,,,34335600,1344138,32094300,false,false,12,2013-04-01,2014-03-31,-1
2015-05-14,78230,2016-03-31,,20612000000,0.064,,,,,,,1354000000,-0.353,846000000,,-0.358,25.60,,,,,,,,,,,,,,,,,,,,,,false,true,6,2015-04-01,2015-09-30,1
2015-05-14,78230,2016-03-31,,44800000000,0.091,,,,,,,5194000000,0.173,3355000000,,0.543,101.53,,,,,,,,,,,,,,,28.00,,,,,,,false,true,12,2015-04-01,2016-03-31,1
2015-05-14,78230,2015-03-31,,41283000000,0.032,,,,,4042000000,-0.249,4264000000,-0.219,2252000000,,-0.281,68.22,67.84,0.102,0.108,0.098,,41147000000,23012000000,0.558,694.79,22960000000,3343000000,-4714000000,859000000,16309000000,,0.403,,,,,,true,false,12,2014-04-01,2015-03-31,0
2015-05-14,78230,2014-03-31,,40017000000,0.140,,,,,5383000000,0.324,5461000000,0.329,3131000000,,0.355,97.57,96.92,0.160,0.155,0.135,,37754000000,21408000000,0.565,647.12,21349000000,2728000000,-1313000000,364000000,16710000000,,0.282,,,,,,true,false,12,2013-04-01,2014-03-31,-1
2015-05-14,78230,2016-03-31,,20820000000,0.069,,,,,1154000000,-0.411,1185000000,-0.423,,650000000,,19.69,,,,,,,,,,,,,,,,,,,,,,true,true,6,2015-04-01,2015-09-30,1
2015-05-14,78230,2016-03-31,,45090000000,0.092,,,,,4580000000,0.133,4643000000,0.089,,2789000000,,84.43,,,,,,,,,,,,,,,,0.332,,,,,,true,true,12,2015-04-01,2016-03-31,1
2015-05-14,78230,2015-03-31,,41072000000,0.030,,,,,4255000000,-0.217,4426000000,-0.195,2174000000,,-0.316,65.85,65.48,,,,,40871000000,23146000000,0.565,699.17,23104000000,,,,,15.00,,,,34341600,1295438,33017375,false,false,12,2014-04-01,2015-03-31,0
2015-05-14,78230,2014-03-31,,39879000000,0.139,,,,,5436000000,0.330,5498000000,0.336,3178000000,,0.439,99.04,98.39,,,,,37729000000,21789000000,0.576,658.89,21737000000,,,,,55.00,,,,34335600,1344138,32094300,false,false,12,2013-04-01,2014-03-31,-1
2015-05-14,78230,2016-03-31,,20612000000,0.064,,,,,,,1354000000,-0.353,846000000,,-0.358,25.60,,,,,,,,,,,,,,,,,,,,,,false,true,6,2015-04-01,2015-09-30,1
2015-05-14,78230,2016-03-31,,44800000000,0.091,,,,,,,5194000000,0.173,3355000000,,0.543,101.53,,,,,,,,,,,,,,,28.00,,,,,,,false,true,12,2015-04-01,2016-03-31,1
2015-07-30,78230,2016-03-31,1,9605000000,0.006,,,,,837000000,-0.203,902000000,-0.117,,487000000,,14.74,14.68,,,,,39582000000,22991000000,0.579,694.11,22937000000,,,,,,,,,,,,true,false,3,2015-04-01,2015-06-30,0
2015-07-30,78230,2015-03-31,1,9547000000,-0.014,,,,,1050000000,-0.489,1021000000,-0.507,,625000000,,18.97,18.85,,,,,,,,,,,,,,,,,,,,,true,false,3,2014-04-01,2014-06-30,-1
2015-07-30,78230,2016-03-31,1,20820000000,0.069,,,,,1154000000,-0.411,1185000000,-0.423,,650000000,,19.69,,,,,,,,,,,,,,,,,,,,,,true,true,6,2015-04-01,2015-09-30,0
2015-07-30,78230,2016-03-31,1,45090000000,0.092,,,,,4580000000,0.133,4643000000,0.089,,2789000000,,84.43,,,,,,,,,,,,,,,,,,,,,,true,true,12,2015-04-01,2016-03-31,0
2015-07-30,78230,2015-03-31,1,,,,,,,,,,,,,,,,,,,,41147000000,23012000000,0.558,694.79,22960000000,,,,,,,,,,,,true,false,12,2014-04-01,2015-03-31,-1
2015-07-30,78230,2015-03-31,1,,,,,,,,,,,,,,,,,,,,,,,,,,,,,15.00,,,,34341600,1295438,,false,false,12,2014-04-01,2015-03-31,-1
2015-07-30,78230,2016-03-31,1,,,,,,,,,,,,,,,,,,,,,,,,,,,,,28.00,,,,,,,false,true,12,2015-04-01,2016-03-31,0
2015-07-30,78230,2016-03-31,1,,,,,,,,,,,,,,,,,,,,,,,,,,,,,,,,,34341600,1295438,33046162,false,false,3,2015-04-01,2015-06-30,0
2015-07-30,78230,2015-03-31,1,,,,,,,,,,,,,,,,,,,,,,,,,,,,,,,,,,,32992920,false,false,3,2014-04-01,2014-06-30,-1
2015-10-15,78230,2016-03-31,,19843000000,-0.047,,,,,1697000000,0.471,1745000000,0.472,,897000000,,27.17,,,,,,,,,,,,,,,,,,,,,,true,true,6,2015-04-01,2015-09-30,0
2015-10-15,78230,2015-03-31,,19477000000,,,,,,1959000000,,2052000000,,,1254000000,,38.00,,,,,,,,,,,,,,,,,,,,,,true,false,6,2014-04-01,2014-09-30,-1
2015-10-15,78230,2016-03-31,,19691000000,-0.045,,,,,,,1955000000,0.444,1137000000,,0.345,34.42,,,,,,,,,,,,,,,,,,,,,,false,true,6,2015-04-01,2015-09-30,0
2015-10-15,78230,2015-03-31,,19375000000,,,,,,,,2093000000,,1318000000,,,39.94,,,,,,,,,,,,,,,,,,,,,,false,false,6,2014-04-01,2014-09-30,-1
2015-10-30,78230,2016-03-31,2,19842000000,0.019,,,,,1705000000,-0.130,1778000000,-0.134,,960000000,,29.06,28.93,,,,,39865000000,23558000000,0.590,710.95,23507000000,,,,,,,,,,,,true,false,6,2015-04-01,2015-09-30,0
2015-10-30,78230,2015-03-31,2,19477000000,0.041,,,,,1959000000,-0.301,2052000000,-0.275,,1254000000,,38.00,37.78,,,,,,,,,,,,,,,,,,,,,true,false,6,2014-04-01,2014-09-30,-1
2015-10-30,78230,2016-03-31,2,45090000000,0.092,,,,,4580000000,0.133,4643000000,0.089,,2789000000,,84.43,,,,,,,,,,,,,,,,,,,,,,true,true,12,2015-04-01,2016-03-31,0
2015-10-30,78230,2015-03-31,2,,,,,,,,,,,,,,,,,,,,41147000000,23012000000,0.558,694.79,22960000000,,,,,,,,,,,,true,false,12,2014-04-01,2015-03-31,-1
2015-10-30,78230,2015-03-31,2,,,,,,,,,,,,,,,,,,,,,,,,,,,,,15.00,,,,34341600,1295438,,false,false,12,2014-04-01,2015-03-31,-1
2015-10-30,78230,2016-03-31,2,,,,,,,,,,,,,,,,,,,,,,,,,,,,,14.00,,,,,,,false,false,12,2015-04-01,2016-03-31,0
2015-10-30,78230,2016-03-31,2,,,,,,,,,,,,,,,,,,,,,,,,,,,,,28.00,,,,,,,false,true,12,2015-04-01,2016-03-31,0
2015-10-30,78230,2016-03-31,2,,,,,,,,,,,,,,,,,,,,,,,,,,,,,,,,,34353600,1288838,33049690,false,false,6,2015-04-01,2015-09-30,0
2015-10-30,78230,2015-03-31,2,,,,,,,,,,,,,,,,,,,,,,,,,,,,,,,,,,,33002274,false,false,6,2014-04-01,2014-09-30,-1
2016-01-29,78230,2016-03-31,3,30322000000,0.014,,,,,2649000000,0.036,2756000000,0.007,,1509000000,,45.67,45.47,,,,,39448000000,23532000000,0.595,709.57,23477000000,,,,,,,,,,,,true,false,9,2015-04-01,2015-12-31,0
2016-01-29,78230,2015-03-31,3,29889000000,0.035,,,,,2556000000,-0.374,2736000000,-0.340,,1618000000,,49.03,48.75,,,,,,,,,,,,,,,,,,,,,true,false,9,2014-04-01,2014-12-31,-1
2016-01-29,78230,2016-03-31,3,45090000000,0.092,,,,,4580000000,0.133,4643000000,0.089,,2789000000,,84.43,,,,,,,,,,,,,,,,,,,,,,true,true,12,2015-04-01,2016-03-31,0
2016-01-29,78230,2015-03-31,3,,,,,,,,,,,,,,,,,,,,41147000000,23012000000,0.558,694.79,22960000000,,,,,,,,,,,,true,false,12,2014-04-01,2015-03-31,-1
2016-01-29,78230,2015-03-31,3,,,,,,,,,,,,,,,,,,,,,,,,,,,,,15.00,,,,34341600,1295438,,false,false,12,2014-04-01,2015-03-31,-1
2016-01-29,78230,2016-03-31,3,,,,,,,,,,,,,,,,,,,,,,,,,,,,,14.00,,,,,,,false,false,12,2015-04-01,2016-03-31,0
2016-01-29,78230,2016-03-31,3,,,,,,,,,,,,,,,,,,,,,,,,,,,,,28.00,,,,,,,false,true,12,2015-04-01,2016-03-31,0
2016-01-29,78230,2016-03-31,3,,,,,,,,,,,,,,,,,,,,,,,,,,,,,,,,,34376400,1288838,33059054,false,false,9,2015-04-01,2015-12-31,0
2016-01-29,78230,2015-03-31,3,,,,,,,,,,,,,,,,,,,,,,,,,,,,,,,,,,,33010273,false,false,9,2014-04-01,2014-12-31,-1
2016-04-15,78230,2016-03-31,,40532000000,-0.101,,,,,3478000000,-0.241,3492000000,-0.248,,1844000000,,55.78,,,,,,,,,,,,,,,,,,,,,,true,true,12,2015-04-01,2016-03-31,0
2016-04-15,78230,2015-03-31,,41283000000,,,,,,4042000000,,4264000000,,,2252000000,,68.22,,,,,,,,,,,,,,,,,,,,,,true,false,12,2014-04-01,2015-03-31,-1
2016-04-15,78230,2016-03-31,,40219000000,-0.102,,,,,,,3758000000,-0.276,1909000000,,-0.431,57.75,,,,,,,,,,,,,,,,,,,,,,false,true,12,2015-04-01,2016-03-31,0
2016-04-15,78230,2015-03-31,,41072000000,,,,,,,,4426000000,,2174000000,,,65.85,,,,,,,,,,,,,,,,,,,,,,false,false,12,2014-04-01,2015-03-31,-1
2016-04-15,78230,2016-03-31,,40532000000,-0.101,,,,,3478000000,-0.241,3492000000,-0.248,,1844000000,,55.78,,,,,,,,,,,,,,,,,,,,,,true,true,12,2015-04-01,2016-03-31,0
2016-04-15,78230,2015-03-31,,41283000000,,,,,,4042000000,,4264000000,,,2252000000,,68.22,,,,,,,,,,,,,,,,,,,,,,true,false,12,2014-04-01,2015-03-31,-1
2016-04-15,78230,2016-03-31,,40219000000,-0.102,,,,,,,3758000000,-0.276,1909000000,,-0.431,57.75,,,,,,,,,,,,,,,,,,,,,,false,true,12,2015-04-01,2016-03-31,0
2016-04-15,78230,2015-03-31,,41072000000,,,,,,,,4426000000,,2174000000,,,65.85,,,,,,,,,,,,,,,,,,,,,,false,false,12,2014-04-01,2015-03-31,-1
2016-05-13,78230,2016-03-31,,40515000000,-0.019,,,,,3457000000,-0.145,3456000000,-0.189,,1731000000,,52.37,52.16,0.074,0.084,0.085,,40734000000,23653000000,0.580,712.77,23608000000,3106000000,-1733000000,-1541000000,16072000000,,0.535,,,,,,true,false,12,2015-04-01,2016-03-31,0
2016-05-13,78230,2015-03-31,,41283000000,0.032,,,,,4042000000,-0.249,4264000000,-0.219,,2252000000,,68.22,67.84,0.102,0.108,0.098,,41147000000,23012000000,0.558,694.79,22960000000,3343000000,-4714000000,859000000,16309000000,,0.403,,,,,,true,false,12,2014-04-01,2015-03-31,-1
2016-05-13,78230,2017-03-31,,20612000000,0.039,,,,,1773000000,0.039,1813000000,0.020,,1150000000,,34.75,,,,,,,,,,,,,,,,,,,,,,true,true,6,2016-04-01,2016-09-30,1
2016-05-13,78230,2017-03-31,,43079000000,0.063,,,,,3844000000,0.112,3925000000,0.135,,2533000000,,76.48,,,,,,,,,,,,,,,,0.366,,,,,,true,true,12,2016-04-01,2017-03-31,1
2016-05-13,78230,2015-03-31,,,,,,,,,,,,,,,,,,,,,,,,,,,,,,15.00,,,,34341600,1295438,33017375,false,false,12,2014-04-01,2015-03-31,-1
2016-05-13,78230,2016-03-31,,,,,,,,,,,,,,,,,,,,,,,,,,,,,,28.00,,,,34393200,1271238,33070605,false,false,12,2015-04-01,2016-03-31,0
2016-05-13,78230,2017-03-31,,,,,,,,,,,,,,,,,,,,,,,,,,,,,,28.00,,,,,,,false,true,12,2016-04-01,2017-03-31,1
2016-07-29,78230,2017-03-31,1,8733000000,-0.091,,,,,321000000,-0.615,191000000,-0.787,,156000000,,4.72,4.71,,,,,39582000000,23721000000,0.598,714.84,23677000000,,,,,,,,,,,,true,false,3,2016-04-01,2016-06-30,0
2016-07-29,78230,2016-03-31,1,9605000000,0.006,,,,,837000000,-0.203,902000000,-0.117,,487000000,,14.74,14.68,,,,,,,,,,,,,,,,,,,,,true,false,3,2015-04-01,2015-06-30,-1
2016-07-29,78230,2017-03-31,1,20612000000,0.039,,,,,1773000000,0.039,1813000000,0.020,,1150000000,,34.75,,,,,,,,,,,,,,,,,,,,,,true,true,6,2016-04-01,2016-09-30,0
2016-07-29,78230,2017-03-31,1,43079000000,0.063,,,,,3844000000,0.112,3925000000,0.135,,2533000000,,76.48,,,,,,,,,,,,,,,,,,,,,,true,true,12,2016-04-01,2017-03-31,0
2016-07-29,78230,2016-03-31,1,,,,,,,,,,,,,,,,,,,,40734000000,23653000000,0.580,712.77,23608000000,,,,,,,,,,,,true,false,12,2015-04-01,2016-03-31,-1
2016-07-29,78230,2016-03-31,1,,,,,,,,,,,,,,,,,,,,,,,,,,,,,28.00,,,,34393200,1271238,,false,false,12,2015-04-01,2016-03-31,-1
2016-07-29,78230,2017-03-31,1,,,,,,,,,,,,,,,,,,,,,,,,,,,,,28.00,,,,,,,false,true,12,2016-04-01,2017-03-31,0
2016-07-29,78230,2017-03-31,1,,,,,,,,,,,,,,,,,,,,,,,,,,,,,,,,,34393200,1271238,33121962,false,false,3,2016-04-01,2016-06-30,0
2016-07-29,78230,2016-03-31,1,,,,,,,,,,,,,,,,,,,,,,,,,,,,,,,,,,,33046162,false,false,3,2015-04-01,2015-06-30,-1
2016-09-15,78230,2017-03-31,,18903000000,-0.083,,,,,1215000000,-0.315,1154000000,-0.364,,748000000,,22.58,,,,,,,,,,,,,,,,,,,,,,true,true,6,2016-04-01,2016-09-30,0
2016-09-15,78230,2016-03-31,,19842000000,,,,,,1705000000,,1778000000,,,960000000,,29.06,,,,,,,,,,,,,,,,,,,,,,true,false,6,2015-04-01,2015-09-30,-1
2016-09-15,78230,2017-03-31,,40560000000,-0.058,,,,,3500000000,-0.089,3482000000,-0.113,,2050000000,,61.90,,,,,,,,,,,,,,,,,,,,,,true,true,12,2016-04-01,2017-03-31,0
2016-09-15,78230,2016-03-31,,40515000000,,,,,,3457000000,,3456000000,,,1731000000,,52.37,,,,,,,,,,,,,,,,,,,,,,true,false,12,2015-04-01,2016-03-31,-1
2016-10-28,78230,2017-03-31,2,18711000000,-0.057,,,,,1129000000,-0.338,1004000000,-0.435,,629000000,,19.00,18.96,,,,,39764000000,23982000000,0.602,722.58,23942000000,,,,,,,,,,,,true,false,6,2016-04-01,2016-09-30,0
2016-10-28,78230,2016-03-31,2,19842000000,0.019,,,,,1705000000,-0.130,1778000000,-0.134,,960000000,,29.06,28.93,,,,,,,,,,,,,,,,,,,,,true,false,6,2015-04-01,2015-09-30,-1
2016-10-28,78230,2017-03-31,2,40560000000,0.001,,,,,3500000000,0.013,3482000000,0.007,,2050000000,,61.90,,,,,,,,,,,,,,,,,,,,,,true,true,12,2016-04-01,2017-03-31,0
2016-10-28,78230,2016-03-31,2,,,,,,,,,,,,,,,,,,,,40734000000,23653000000,0.580,712.77,23608000000,,,,,,,,,,,,true,false,12,2015-04-01,2016-03-31,-1
2016-10-28,78230,2016-03-31,2,,,,,,,,,,,,,,,,,,,,,,,,,,,,,28.00,,,,34393200,1271238,,false,false,12,2015-04-01,2016-03-31,-1
2016-10-28,78230,2017-03-31,2,,,,,,,,,,,,,,,,,,,,,,,,,,,,,14.00,,,,,,,false,false,12,2016-04-01,2017-03-31,0
2016-10-28,78230,2017-03-31,2,,,,,,,,,,,,,,,,,,,,,,,,,,,,,28.00,,,,,,,false,true,12,2016-04-01,2017-03-31,0
2016-10-28,78230,2017-03-31,2,,,,,,,,,,,,,,,,,,,,,,,,,,,,,,,,,34393200,1258638,33125726,false,false,6,2016-04-01,2016-09-30,0
2016-10-28,78230,2016-03-31,2,,,,,,,,,,,,,,,,,,,,,,,,,,,,,,,,,,,33049690,false,false,6,2015-04-01,2015-09-30,-1
2017-01-30,78230,2017-03-31,3,28667000000,-0.055,,,,,2248000000,-0.151,2391000000,-0.132,,1510000000,,45.58,45.49,,,,,39665000000,24126000000,0.607,726.89,24086000000,,,,,,,,,,,,true,false,9,2016-04-01,2016-12-31,0
2017-01-30,78230,2016-03-31,3,30322000000,0.014,,,,,2649000000,0.036,2756000000,0.007,,1509000000,,45.67,45.47,,,,,,,,,,,,,,,,,,,,,true,false,9,2015-04-01,2015-12-31,-1
2017-01-30,78230,2017-03-31,3,40560000000,0.001,,,,,3500000000,0.013,3482000000,0.007,,2050000000,,61.90,,,,,,,,,,,,,,,,,,,,,,true,true,12,2016-04-01,2017-03-31,0
2017-01-30,78230,2016-03-31,3,,,,,,,,,,,,,,,,,,,,40734000000,23653000000,0.580,712.77,23608000000,,,,,,,,,,,,true,false,12,2015-04-01,2016-03-31,-1
2017-01-30,78230,2016-03-31,3,,,,,,,,,,,,,,,,,,,,,,,,,,,,,28.00,,,,34393200,1271238,,false,false,12,2015-04-01,2016-03-31,-1
2017-01-30,78230,2017-03-31,3,,,,,,,,,,,,,,,,,,,,,,,,,,,,,14.00,,,,,,,false,false,12,2016-04-01,2017-03-31,0
2017-01-30,78230,2017-03-31,3,,,,,,,,,,,,,,,,,,,,,,,,,,,,,28.00,,,,,,,false,true,12,2016-04-01,2017-03-31,0
2017-01-30,78230,2017-03-31,3,,,,,,,,,,,,,,,,,,,,,,,,,,,,,,,,,34393200,1256938,33128803,false,false,9,2016-04-01,2016-12-31,0
2017-01-30,78230,2016-03-31,3,,,,,,,,,,,,,,,,,,,,,,,,,,,,,,,,,,,33059054,false,false,9,2015-04-01,2015-12-31,-1
,78230,2017-03-31,,,,,,,,,,,,,,,,,,,,,,,,,,,,,,30.00,,,,,,,false,true,12,2016-04-01,2017-03-31,0
,78230,2017-03-31,,,,,,,,,,,,,,,,,,,,,,,,,,,,,,14.00,,,,,,,false,false,12,2016-04-01,2017-03-31,0
,78230,2016-03-31,,,,,,,,,,,,,,,,,,,,,,,,,,,,,,28.00,,,,,,,false,false,12,2015-04-01,2016-03-31,-1
2017-04-26,78230,2017-03-31,,38961000000,-0.039,,,,,2816000000,-0.195,2923000000,-0.160,,1394000000,,42.09,,,,,,,,,,,,,,,,,,,,,,true,true,12,2016-04-01,2017-03-31,0
2017-04-26,78230,2016-03-31,,40515000000,,,,,,3457000000,,3456000000,,,1731000000,,52.37,,,,,,,,,,,,,,,,,,,,,,true,false,12,2015-04-01,2016-03-31,-1
2017-05-15,78230,2017-03-31,,38961000000,-0.038,,,,,2816000000,-0.185,2923000000,-0.154,,1394000000,,42.09,42.00,0.058,0.071,0.072,,41729000000,24432000000,0.585,736.09,24395000000,4301000000,-3434000000,-1378000000,15515000000,,0.713,,,,,,true,false,12,2016-04-01,2017-03-31,0
2017-05-15,78230,2016-03-31,,40515000000,-0.019,,,,,3457000000,-0.145,3456000000,-0.189,,1731000000,,52.37,52.16,0.074,0.084,0.085,,40734000000,23653000000,0.580,712.77,23608000000,3106000000,-1733000000,-1541000000,16072000000,,0.535,,,,,,true,false,12,2015-04-01,2016-03-31,-1
2017-05-15,78230,2018-03-31,,37271000000,-0.043,,,,,1478000000,-0.475,1521000000,-0.480,,867000000,,26.17,,,,,,,,,,,,,,,,1.070,,,,,,true,true,12,2017-04-01,2018-03-31,1
2017-05-15,78230,2016-03-31,,,,,,,,,,,,,,,,,,,,,,,,,,,,,,28.00,,,,34393200,1271238,33070605,false,false,12,2015-04-01,2016-03-31,-1
2017-05-15,78230,2017-03-31,,,,,,,,,,,,,,,,,,,,,,,,,,,,,,30.00,,,,34393200,1251738,33131422,false,false,12,2016-04-01,2017-03-31,0
2017-05-15,78230,2018-03-31,,,,,,,,,,,,,,,,,,,,,,,,,,,,,,28.00,,,,,,,false,true,12,2017-04-01,2018-03-31,1
2017-07-28,78230,2018-03-31,1,8243000000,-0.056,,,,,-9000000,,16000000,-0.913,,-74000000,,-2.25,,,,,,39969000000,23734000000,0.593,715.00,23696000000,,,,,,,,,,,,true,false,3,2017-04-01,2017-06-30,0
2017-07-28,78230,2017-03-31,1,8733000000,-0.091,,,,,321000000,-0.615,191000000,-0.787,,156000000,,4.72,4.71,,,,,,,,,,,,,,,,,,,,,true,false,3,2016-04-01,2016-06-30,-1
2017-07-28,78230,2018-03-31,1,37271000000,-0.043,,,,,1478000000,-0.475,1521000000,-0.480,,867000000,,26.17,,,,,,,,,,,,,,,,,,,,,,true,true,12,2017-04-01,2018-03-31,0
2017-07-28,78230,2017-03-31,1,,,,,,,,,,,,,,,,,,,,41729000000,24432000000,0.585,736.09,24395000000,,,,,,,,,,,,true,false,12,2016-04-01,2017-03-31,-1
2017-07-28,78230,2017-03-31,1,,,,,,,,,,,,,,,,,,,,,,,,,,,,,30.00,,,,34393200,1251738,,false,false,12,2016-04-01,2017-03-31,-1
2017-07-28,78230,2018-03-31,1,,,,,,,,,,,,,,,,,,,,,,,,,,,,,28.00,,,,,,,false,true,12,2017-04-01,2018-03-31,0
2017-07-28,78230,2018-03-31,1,,,,,,,,,,,,,,,,,,,,,,,,,,,,,,,,,34393200,1251738,33141462,false,false,3,2017-04-01,2017-06-30,0
2017-07-28,78230,2017-03-31,1,,,,,,,,,,,,,,,,,,,,,,,,,,,,,,,,,,,33121962,false,false,3,2016-04-01,2016-06-30,-1
2017-10-30,78230,2018-03-31,2,17822000000,-0.047,,,,,1045000000,-0.074,1120000000,0.115,,387000000,,11.69,11.65,,,,,40747000000,24233000000,0.593,728.78,24156000000,,,,,,,,,,,,true,false,6,2017-04-01,2017-09-30,0
2017-10-30,78230,2017-03-31,2,18711000000,-0.057,,,,,1129000000,-0.338,1004000000,-0.435,,629000000,,19.00,18.96,,,,,,,,,,,,,,,,,,,,,true,false,6,2016-04-01,2016-09-30,-1
2017-10-30,78230,2018-03-31,2,37271000000,-0.043,,,,,1478000000,-0.475,1521000000,-0.480,,867000000,,26.17,,,,,,,,,,,,,,,,,,,,,,true,true,12,2017-04-01,2018-03-31,0
2017-10-30,78230,2017-03-31,2,,,,,,,,,,,,,,,,,,,,41729000000,24432000000,0.585,736.09,24395000000,,,,,,,,,,,,true,false,12,2016-04-01,2017-03-31,-1
2017-10-30,78230,2017-03-31,2,,,,,,,,,,,,,,,,,,,,,,,,,,,,,30.00,,,,34393200,1251738,,false,false,12,2016-04-01,2017-03-31,-1
2017-10-30,78230,2018-03-31,2,,,,,,,,,,,,,,,,,,,,,,,,,,,,,14.00,,,,,,,false,false,12,2017-04-01,2018-03-31,0
2017-10-30,78230,2018-03-31,2,,,,,,,,,,,,,,,,,,,,,,,,,,,,,28.00,,,,,,,false,true,12,2017-04-01,2018-03-31,0
2017-10-30,78230,2018-03-31,2,,,,,,,,,,,,,,,,,,,,,,,,,,,,,,,,,34393200,1246538,33143005,false,false,6,2017-04-01,2017-09-30,0
2017-10-30,78230,2017-03-31,2,,,,,,,,,,,,,,,,,,,,,,,,,,,,,,,,,,,33125726,false,false,6,2016-04-01,2016-09-30,-1
2018-01-30,78230,2018-03-31,3,27153000000,-0.053,,,,,1857000000,-0.174,1987000000,-0.169,,848000000,,25.61,25.53,,,,,40081000000,23906000000,0.595,728.00,23829000000,,,,,,,,,,,,true,false,9,2017-04-01,2017-12-31,0
2018-01-30,78230,2017-03-31,3,28667000000,-0.055,,,,,2248000000,-0.151,2391000000,-0.132,,1510000000,,45.58,45.49,,,,,,,,,,,,,,,,,,,,,true,false,9,2016-04-01,2016-12-31,-1
2018-01-30,78230,2018-03-31,3,37452000000,-0.039,,,,,2112000000,-0.250,2241000000,-0.233,,981000000,,29.73,,,,,,,,,,,,,,,,,,,,,,true,true,12,2017-04-01,2018-03-31,0
2018-01-30,78230,2017-03-31,3,,,,,,,,,,,,,,,,,,,,41729000000,24432000000,0.585,736.09,24395000000,,,,,,,,,,,,true,false,12,2016-04-01,2017-03-31,-1
2018-01-30,78230,2017-03-31,3,,,,,,,,,,,,,,,,,,,,,,,,,,,,,30.00,,,,34393200,1251738,,false,false,12,2016-04-01,2017-03-31,-1
2018-01-30,78230,2018-03-31,3,,,,,,,,,,,,,,,,,,,,,,,,,,,,,14.00,,,,,,,false,false,12,2017-04-01,2018-03-31,0
2018-01-30,78230,2018-03-31,3,,,,,,,,,,,,,,,,,,,,,,,,,,,,,28.00,,,,,,,false,true,12,2017-04-01,2018-03-31,0
2018-01-30,78230,2018-03-31,3,,,,,,,,,,,,,,,,,,,,,,,,,,,,,,,,,34393200,1660438,33126147,false,false,9,2017-04-01,2017-12-31,0
2018-01-30,78230,2017-03-31,3,,,,,,,,,,,,,,,,,,,,,,,,,,,,,,,,,,,33128803,false,false,9,2016-04-01,2016-12-31,-1
2018-04-24,78230,2018-03-31,,37254000000,-0.005,,,,,2579000000,0.221,2707000000,0.208,,897000000,,27.17,,,,,,,,,,,,,,,,,,,,,,true,true,12,2017-04-01,2018-03-31,0
2018-04-24,78230,2017-03-31,,38961000000,,,,,,2816000000,,2923000000,,,1394000000,,42.09,,,,,,,,,,,,,,,,,,,,,,true,false,12,2016-04-01,2017-03-31,-1
2018-05-15,78230,2018-03-31,,37254000000,-0.044,,,,,2579000000,-0.084,2707000000,-0.074,,897000000,,27.17,27.08,0.037,0.066,0.069,,40897000000,24021000000,0.586,731.51,23946000000,3686000000,-1000000000,-1756000000,16401000000,,1.031,,,,,,true,false,12,2017-04-01,2018-03-31,0
2018-05-15,78230,2017-03-31,,38961000000,-0.038,,,,,2816000000,-0.185,2923000000,-0.154,,1394000000,,42.09,42.00,0.058,0.071,0.072,,41729000000,24432000000,0.585,736.09,24395000000,4301000000,-3434000000,-1378000000,15515000000,,0.713,,,,,,true,false,12,2016-04-01,2017-03-31,-1
2018-05-15,78230,2019-03-31,,38000000000,0.020,,,,,2796000000,0.084,2813000000,0.039,,1517000000,,46.34,,,,,,,,,,,,,,,,0.604,,,,,,true,true,12,2018-04-01,2019-03-31,1
2018-05-15,78230,2017-03-31,,,,,,,,,,,,,,,,,,,,,,,,,,,,,,30.00,,,,34393200,1251738,33131422,false,false,12,2016-04-01,2017-03-31,-1
2018-05-15,78230,2018-03-31,,,,,,,,,,,,,,,,,,,,,,,,,,,,,,28.00,,,,34393200,1657038,33029633,false,false,12,2017-04-01,2018-03-31,0
2018-05-15,78230,2019-03-31,,,,,,,,,,,,,,,,,,,,,,,,,,,,,,28.00,,,,,,,false,true,12,2018-04-01,2019-03-31,1
2018-07-30,78230,2019-03-31,1,8496000000,0.031,,,,,521000000,,564000000,,,367000000,,11.24,11.20,,,,,40437000000,23669000000,0.583,725.13,23594000000,,,,,,,,,,,,true,false,3,2018-04-01,2018-06-30,0
2018-07-30,78230,2018-03-31,1,8243000000,-0.056,,,,,-9000000,,16000000,-0.913,,-74000000,,-2.25,,,,,,,,,,,,,,,,,,,,,,true,false,3,2017-04-01,2017-06-30,-1
2018-07-30,78230,2019-03-31,1,38000000000,0.020,,,,,2796000000,0.084,2813000000,0.039,,1517000000,,46.34,,,,,,,,,,,,,,,,,,,,,,true,true,12,2018-04-01,2019-03-31,0
2018-07-30,78230,2018-03-31,1,,,,,,,,,,,,,,,,,,,,40888000000,24021000000,0.586,731.51,23946000000,,,,,,,,,,,,true,false,12,2017-04-01,2018-03-31,-1
2018-07-30,78230,2018-03-31,1,,,,,,,,,,,,,,,,,,,,,,,,,,,,,28.00,,,,34393200,1657038,,false,false,12,2017-04-01,2018-03-31,-1
2018-07-30,78230,2019-03-31,1,,,,,,,,,,,,,,,,,,,,,,,,,,,,,28.00,,,,,,,false,true,12,2018-04-01,2019-03-31,0
2018-07-30,78230,2019-03-31,1,,,,,,,,,,,,,,,,,,,,,,,,,,,,,,,,,34393200,1854538,32653735,false,false,3,2018-04-01,2018-06-30,0
2018-07-30,78230,2018-03-31,1,,,,,,,,,,,,,,,,,,,,,,,,,,,,,,,,,,,33141462,false,false,3,2017-04-01,2017-06-30,-1
2018-10-30,78230,2019-03-31,2,17927000000,0.006,,,,,1418000000,0.356,1489000000,0.329,,920000000,,28.25,28.12,,,,,41066000000,24296000000,0.589,743.01,24182000000,,,,,,,,,,,,true,false,6,2018-04-01,2018-09-30,0
2018-10-30,78230,2018-03-31,2,17822000000,-0.047,,,,,1045000000,-0.074,1120000000,0.115,,387000000,,11.69,11.65,,,,,,,,,,,,,,,,,,,,,true,false,6,2017-04-01,2017-09-30,-1
2018-10-30,78230,2019-03-31,2,38000000000,0.020,,,,,2796000000,0.084,2813000000,0.039,,1517000000,,46.34,,,,,,,,,,,,,,,,,,,,,,true,true,12,2018-04-01,2019-03-31,0
2018-10-30,78230,2018-03-31,2,,,,,,,,,,,,,,,,,,,,40888000000,24021000000,0.586,731.51,23946000000,,,,,,,,,,,,true,false,12,2017-04-01,2018-03-31,-1
2018-10-30,78230,2018-03-31,2,,,,,,,,,,,,,,,,,,,,,,,,,,,,,28.00,,,,34393200,1657038,,false,false,12,2017-04-01,2018-03-31,-1
2018-10-30,78230,2019-03-31,2,,,,,,,,,,,,,,,,,,,,,,,,,,,,,14.00,,,,,,,false,false,12,2018-04-01,2019-03-31,0
2018-10-30,78230,2019-03-31,2,,,,,,,,,,,,,,,,,,,,,,,,,,,,,28.00,,,,,,,false,true,12,2018-04-01,2019-03-31,0
2018-10-30,78230,2019-03-31,2,,,,,,,,,,,,,,,,,,,,,,,,,,,,,,,,,34393200,1846838,32598381,false,false,6,2018-04-01,2018-09-30,0
2018-10-30,78230,2018-03-31,2,,,,,,,,,,,,,,,,,,,,,,,,,,,,,,,,,,,33143005,false,false,6,2017-04-01,2017-09-30,-1
2019-01-30,78230,2019-03-31,3,27469000000,0.012,,,,,2266000000,0.220,2325000000,0.170,,1421000000,,43.64,43.42,,,,,40959000000,24332000000,0.591,744.09,24218000000,,,,,,,,,,,,true,false,9,2018-04-01,2018-12-31,0
2019-01-30,78230,2018-03-31,3,27153000000,-0.053,,,,,1857000000,-0.174,1987000000,-0.169,,848000000,,25.61,25.53,,,,,,,,,,,,,,,,,,,,,true,false,9,2017-04-01,2017-12-31,-1
2019-01-30,78230,2019-03-31,3,38000000000,0.020,,,,,2796000000,0.084,2813000000,0.039,,1517000000,,46.34,,,,,,,,,,,,,,,,,,,,,,true,true,12,2018-04-01,2019-03-31,0
2019-01-30,78230,2018-03-31,3,,,,,,,,,,,,,,,,,,,,40888000000,24021000000,0.586,731.51,23946000000,,,,,,,,,,,,true,false,12,2017-04-01,2018-03-31,-1
2019-01-30,78230,2018-03-31,3,,,,,,,,,,,,,,,,,,,,,,,,,,,,,28.00,,,,34393200,1657038,,false,false,12,2017-04-01,2018-03-31,-1
2019-01-30,78230,2019-03-31,3,,,,,,,,,,,,,,,,,,,,,,,,,,,,,14.00,,,,,,,false,false,12,2018-04-01,2019-03-31,0
2019-01-30,78230,2019-03-31,3,,,,,,,,,,,,,,,,,,,,,,,,,,,,,28.00,,,,,,,false,true,12,2018-04-01,2019-03-31,0
2019-01-30,78230,2019-03-31,3,,,,,,,,,,,,,,,,,,,,,,,,,,,,,,,,,34393200,1846139,32581097,false,false,9,2018-04-01,2018-12-31,0
2019-01-30,78230,2018-03-31,3,,,,,,,,,,,,,,,,,,,,,,,,,,,,,,,,,,,33126147,false,false,9,2017-04-01,2017-12-31,-1
2019-05-15,78230,2019-03-31,,37985000000,0.020,,,,,3227000000,0.251,3308000000,0.222,,1864000000,,57.23,56.94,0.077,0.079,0.085,,42971000000,24767000000,0.574,757.39,24655000000,4449000000,-1333000000,-1481000000,17986000000,,0.489,,,,,,true,false,12,2018-04-01,2019-03-31,0
2019-05-15,78230,2018-03-31,,37254000000,-0.044,,,,,2579000000,-0.084,2707000000,-0.074,,897000000,,27.17,27.08,0.037,0.066,0.069,,40888000000,24021000000,0.586,731.51,23946000000,3686000000,-1000000000,-1756000000,16401000000,,1.031,,,,,,true,false,12,2017-04-01,2018-03-31,-1
2019-05-15,78230,2020-03-31,,39368000000,0.036,,,,,3377000000,0.047,3425000000,0.035,,2031000000,,62.40,,,,,,,,,,,,,,,,0.449,,,,,,true,true,12,2019-04-01,2020-03-31,1
2019-05-15,78230,2018-03-31,,,,,,,,,,,,,,,,,,,,,,,,,,,,,,28.00,,,,34393200,1657038,33029633,false,false,12,2017-04-01,2018-03-31,-1
2019-05-15,78230,2019-03-31,,,,,,,,,,,,,,,,,,,,,,,,,,,,,,28.00,,,,34393200,1839739,32573647,false,false,12,2018-04-01,2019-03-31,0
2019-05-15,78230,2020-03-31,,,,,,,,,,,,,,,,,,,,,,,,,,,,,,28.00,,,,,,,false,true,12,2019-04-01,2020-03-31,1
2019-07-30,78230,2020-03-31,1,8598000000,0.012,,,,,365000000,-0.300,371000000,-0.342,,207000000,,6.38,6.35,,,,,41459000000,24563000000,0.590,750.96,24447000000,,,,,,,,,,,,true,false,3,2019-04-01,2019-06-30,0
2019-07-30,78230,2019-03-31,1,8496000000,0.031,,,,,521000000,,564000000,,,367000000,,11.24,11.20,,,,,,,,,,,,,,,,,,,,,true,false,3,2018-04-01,2018-06-30,-1
2019-07-30,78230,2020-03-31,1,39368000000,0.036,,,,,3377000000,0.047,3425000000,0.035,,2031000000,,62.40,,,,,,,,,,,,,,,,,,,,,,true,true,12,2019-04-01,2020-03-31,0
2019-07-30,78230,2019-03-31,1,,,,,,,,,,,,,,,,,,,,42971000000,24767000000,0.574,757.39,24655000000,,,,,,,,,,,,true,false,12,2018-04-01,2019-03-31,-1
2019-07-30,78230,2019-03-31,1,,,,,,,,,,,,,,,,,,,,,,,,,,,,,28.00,,,,34393200,1839739,,false,false,12,2018-04-01,2019-03-31,-1
2019-07-30,78230,2020-03-31,1,,,,,,,,,,,,,,,,,,,,,,,,,,,,,28.00,,,,,,,false,true,12,2019-04-01,2020-03-31,0
2019-07-30,78230,2020-03-31,1,,,,,,,,,,,,,,,,,,,,,,,,,,,,,,,,,34393200,1837639,32554402,false,false,3,2019-04-01,2019-06-30,0
2019-07-30,78230,2019-03-31,1,,,,,,,,,,,,,,,,,,,,,,,,,,,,,,,,,,,32653735,false,false,3,2018-04-01,2018-06-30,-1
2019-10-30,78230,2020-03-31,2,20126000000,0.123,,,,,2907000000,1.050,2941000000,0.976,,1925000000,,59.13,58.75,,,,,43525000000,26331000000,0.601,803.69,26168000000,,,,,,,,,,,,true,false,6,2019-04-01,2019-09-30,0
2019-10-30,78230,2019-03-31,2,17927000000,0.006,,,,,1418000000,0.356,1489000000,0.329,,920000000,,28.25,28.12,,,,,,,,,,,,,,,,,,,,,true,false,6,2018-04-01,2018-09-30,-1
2019-10-30,78230,2020-03-31,2,39368000000,0.036,,,,,3377000000,0.047,3425000000,0.035,,2031000000,,62.40,,,,,,,,,,,,,,,,,,,,,,true,true,12,2019-04-01,2020-03-31,0
2019-10-30,78230,2019-03-31,2,,,,,,,,,,,,,,,,,,,,42971000000,24767000000,0.574,757.39,24655000000,,,,,,,,,,,,true,false,12,2018-04-01,2019-03-31,-1
2019-10-30,78230,2019-03-31,2,,,,,,,,,,,,,,,,,,,,,,,,,,,,,28.00,,,,34393200,1839739,,false,false,12,2018-04-01,2019-03-31,-1
2019-10-30,78230,2020-03-31,2,,,,,,,,,,,,,,,,,,,,,,,,,,,,,14.00,,,,,,,false,false,12,2019-04-01,2020-03-31,0
2019-10-30,78230,2020-03-31,2,,,,,,,,,,,,,,,,,,,,,,,,,,,,,28.00,,,,,,,false,true,12,2019-04-01,2020-03-31,0
2019-10-30,78230,2020-03-31,2,,,,,,,,,,,,,,,,,,,,,,,,,,,,,,,,,34393200,1832339,32556507,false,false,6,2019-04-01,2019-09-30,0
2019-10-30,78230,2019-03-31,2,,,,,,,,,,,,,,,,,,,,,,,,,,,,,,,,,,,32598381,false,false,6,2018-04-01,2018-09-30,-1
2020-02-05,78230,2020-03-31,3,29049000000,0.058,,,,,2309000000,0.019,2368000000,0.018,,1449000000,,44.51,44.20,,,,,42487000000,25413000000,0.594,775.53,25254000000,,,,,,,,,,,,true,false,9,2019-04-01,2019-12-31,0
2020-02-05,78230,2019-03-31,3,27469000000,0.012,,,,,2266000000,0.220,2325000000,0.170,,1421000000,,43.64,43.42,,,,,,,,,,,,,,,,,,,,,true,false,9,2018-04-01,2018-12-31,-1
2020-02-05,78230,2020-03-31,3,39368000000,0.036,,,,,3377000000,0.047,3425000000,0.035,,2031000000,,62.40,,,,,,,,,,,,,,,,,,,,,,true,true,12,2019-04-01,2020-03-31,0
2020-02-05,78230,2019-03-31,3,,,,,,,,,,,,,,,,,,,,42971000000,24767000000,0.574,757.39,24655000000,,,,,,,,,,,,true,false,12,2018-04-01,2019-03-31,-1
2020-02-05,78230,2019-03-31,3,,,,,,,,,,,,,,,,,,,,,,,,,,,,,28.00,,,,34393200,1839739,,false,false,12,2018-04-01,2019-03-31,-1
2020-02-05,78230,2020-03-31,3,,,,,,,,,,,,,,,,,,,,,,,,,,,,,14.00,,,,,,,false,false,12,2019-04-01,2020-03-31,0
2020-02-05,78230,2020-03-31,3,,,,,,,,,,,,,,,,,,,,,,,,,,,,,28.00,,,,,,,false,true,12,2019-04-01,2020-03-31,0
2020-02-05,78230,2020-03-31,3,,,,,,,,,,,,,,,,,,,,,,,,,,,,,,,,,34393200,1829339,32558204,false,false,9,2019-04-01,2019-12-31,0
2020-02-05,78230,2019-03-31,3,,,,,,,,,,,,,,,,,,,,,,,,,,,,,,,,,,,32581097,false,false,9,2018-04-01,2018-12-31,-1
2020-05-15,78230,2020-03-31,,39484000000,0.039,,,,,2919000000,-0.095,3006000000,-0.091,,1542000000,,47.40,47.07,0.062,0.070,0.074,,43163000000,25337000000,0.583,777.92,25179000000,2516000000,-2299000000,-1463000000,16736000000,,0.591,,,,,,true,false,12,2019-04-01,2020-03-31,0
2020-05-15,78230,2019-03-31,,37985000000,0.020,,,,,3227000000,0.251,3308000000,0.222,,1864000000,,57.23,56.94,0.077,0.079,0.085,,42971000000,24767000000,0.574,757.39,24655000000,4449000000,-1333000000,-1481000000,17986000000,,0.489,,,,,,true,false,12,2018-04-01,2019-03-31,-1
2020-05-15,78230,2019-03-31,,,,,,,,,,,,,,,,,,,,,,,,,,,,,,28.00,,,,34393200,1839739,32573647,false,false,12,2018-04-01,2019-03-31,-1
2020-05-15,78230,2020-03-31,,,,,,,,,,,,,,,,,,,,,,,,,,,,,,28.00,,,,34393200,2026239,32536418,false,false,12,2019-04-01,2020-03-31,0
2020-07-30,78230,2021-03-31,1,5414000000,-0.370,,,,,-1971000000,,-1963000000,,,-1439000000,,-44.46,,,,,,44139000000,23486000000,0.529,720.74,23329000000,,,,,,,,,,,,true,false,3,2020-04-01,2020-06-30,0
2020-07-30,78230,2020-03-31,1,8598000000,0.012,,,,,365000000,-0.300,371000000,-0.342,,207000000,,6.38,6.35,,,,,,,,,,,,,,,,,,,,,true,false,3,2019-04-01,2019-06-30,-1
2020-07-30,78230,2020-03-31,1,,,,,,,,,,,,,,,,,,,,43163000000,25337000000,0.583,777.92,25179000000,,,,,,,,,,,,true,false,12,2019-04-01,2020-03-31,-1
2020-07-30,78230,2020-03-31,1,,,,,,,,,,,,,,,,,,,,,,,,,,,,,28.00,,,,34393200,2026239,,false,false,12,2019-04-01,2020-03-31,-1
2020-07-30,78230,2021-03-31,1,,,,,,,,,,,,,,,,,,,,,,,,,,,,,,,,,34393200,2025139,32367442,false,false,3,2020-04-01,2020-06-30,0
2020-07-30,78230,2020-03-31,1,,,,,,,,,,,,,,,,,,,,,,,,,,,,,,,,,,,32554402,false,false,3,2019-04-01,2019-06-30,-1
2020-09-15,78230,2021-03-31,,36171000000,,,,,,773000000,,889000000,,,117000000,,3.65,,,,,,,,,,,,,,,,,,,,,,true,true,12,2020-04-01,2021-03-31,0
2020-09-15,78230,2020-03-31,,39484000000,,,,,,2919000000,,3006000000,,,1542000000,,47.40,,,,,,,,,,,,,,,,,,,,,,true,false,12,2019-04-01,2020-03-31,-1
2020-09-15,78230,2021-03-31,,,,,,,,,,,,,,,,,,,,,,,,,,,,,,14.00,,,,,,,false,true,12,2020-04-01,2021-03-31,0
2020-09-15,78230,2020-03-31,,,,,,,,,,,,,,,,,,,,,,,,,,,,,,14.00,,,,,,,false,false,12,2019-04-01,2020-03-31,-1
2020-10-30,78230,2021-03-31,2,14793000000,-0.265,,,,,-592000000,,-431000000,,,-446000000,,-13.78,,,,,,44882000000,24583000000,0.543,753.26,24389000000,,,,,,,,,,,,true,false,6,2020-04-01,2020-09-30,0
2020-10-30,78230,2020-03-31,2,20126000000,0.123,,,,,2907000000,1.050,2941000000,0.976,,1925000000,,59.13,58.75,,,,,,,,,,,,,,,,,,,,,true,false,6,2019-04-01,2019-09-30,-1
2020-10-30,78230,2021-03-31,2,36171000000,-0.084,,,,,773000000,-0.735,889000000,-0.704,,117000000,,3.65,,,,,,,,,,,,,,,,,,,,,,true,true,12,2020-04-01,2021-03-31,0
2020-10-30,78230,2020-03-31,2,,,,,,,,,,,,,,,,,,,,43163000000,25337000000,0.583,777.92,25179000000,,,,,,,,,,,,true,false,12,2019-04-01,2020-03-31,-1
2020-10-30,78230,2020-03-31,2,,,,,,,,,,,,,,,,,,,,,,,,,,,,,28.00,,,,34393200,2026239,,false,false,12,2019-04-01,2020-03-31,-1
2020-10-30,78230,2021-03-31,2,,,,,,,,,,,,,,,,,,,,,,,,,,,,,14.00,,,,,,,false,false,12,2020-04-01,2021-03-31,0
2020-10-30,78230,2021-03-31,2,,,,,,,,,,,,,,,,,,,,,,,,,,,,,28.00,,,,,,,false,true,12,2020-04-01,2021-03-31,0
2020-10-30,78230,2021-03-31,2,,,,,,,,,,,,,,,,,,,,,,,,,,,,,,,,,34393200,2015339,32370292,false,false,6,2020-04-01,2020-09-30,0
2020-10-30,78230,2020-03-31,2,,,,,,,,,,,,,,,,,,,,,,,,,,,,,,,,,,,32556507,false,false,6,2019-04-01,2019-09-30,-1
2021-01-29,78230,2021-03-31,3,25387000000,-0.126,,,,,1106000000,-0.521,1266000000,-0.465,,667000000,,20.61,20.42,,,,,46702000000,25321000000,0.538,775.93,25127000000,,,,,,,,,,,,true,false,9,2020-04-01,2020-12-31,0
2021-01-29,78230,2020-03-31,3,29049000000,0.058,,,,,2309000000,0.019,2368000000,0.018,,1449000000,,44.51,44.20,,,,,,,,,,,,,,,,,,,,,true,false,9,2019-04-01,2019-12-31,-1
2021-01-29,78230,2021-03-31,3,35578000000,-0.099,,,,,1406000000,-0.518,1639000000,-0.455,,492000000,,15.20,,,,,,,,,,,,,,,,,,,,,,true,true,12,2020-04-01,2021-03-31,0
2021-01-29,78230,2020-03-31,3,,,,,,,,,,,,,,,,,,,,43163000000,25337000000,0.583,777.92,25179000000,,,,,,,,,,,,true,false,12,2019-04-01,2020-03-31,-1
2021-01-29,78230,2020-03-31,3,,,,,,,,,,,,,,,,,,,,,,,,,,,,,28.00,,,,34393200,2026239,,false,false,12,2019-04-01,2020-03-31,-1
2021-01-29,78230,2021-03-31,3,,,,,,,,,,,,,,,,,,,,,,,,,,,,,14.00,,,,,,,false,false,12,2020-04-01,2021-03-31,0
2021-01-29,78230,2021-03-31,3,,,,,,,,,,,,,,,,,,,,,,,,,,,,,28.00,,,,,,,false,true,12,2020-04-01,2021-03-31,0
2021-01-29,78230,2021-03-31,3,,,,,,,,,,,,,,,,,,,,,,,,,,,,,,,,,34393200,2009039,32373456,false,false,9,2020-04-01,2020-12-31,0
2021-01-29,78230,2020-03-31,3,,,,,,,,,,,,,,,,,,,,,,,,,,,,,,,,,,,32558204,false,false,9,2019-04-01,2019-12-31,-1
2021-01-29,78230,2021-03-31,,35578000000,-0.016,,,,,1406000000,0.819,1639000000,0.843,,492000000,,15.20,,,,,,,,,,,,,,,,,,,,,,true,true,12,2020-04-01,2021-03-31,0
2021-01-29,78230,2020-03-31,,39484000000,,,,,,2919000000,,3006000000,,,1542000000,,47.40,,,,,,,,,,,,,,,,,,,,,,true,false,12,2019-04-01,2020-03-31,-1
2021-04-27,78230,2021-03-31,,35868000000,0.008,,,,,1932000000,0.373,2005000000,0.223,,840000000,,25.99,,,,,,,,,,,,,,,,,,,,,,true,true,12,2020-04-01,2021-03-31,0
2021-04-27,78230,2020-03-31,,39484000000,,,,,,2919000000,,3006000000,,,1542000000,,47.40,,,,,,,,,,,,,,,,,,,,,,true,false,12,2019-04-01,2020-03-31,-1
2021-05-14,78230,2021-03-31,,35868000000,-0.092,,,,,1932000000,-0.338,2005000000,-0.333,,840000000,,25.99,25.75,0.033,0.046,0.054,,44919000000,25255000000,0.558,781.00,25066000000,4232000000,-885000000,-1112000000,18984000000,,1.077,,,,,,true,false,12,2020-04-01,2021-03-31,0
2021-05-14,78230,2020-03-31,,39484000000,0.039,,,,,2919000000,-0.095,3006000000,-0.091,,1542000000,,47.40,47.07,0.062,0.070,0.074,,43163000000,25337000000,0.583,777.92,25179000000,2516000000,-2299000000,-1463000000,16736000000,,0.591,,,,,,true,false,12,2019-04-01,2020-03-31,-1
2021-05-14,78230,2022-03-31,,40363000000,0.125,,,,,2023000000,0.047,2088000000,0.041,,1045000000,,32.56,,,,,,,,,,,,,,,,0.860,,,,,,true,true,12,2021-04-01,2022-03-31,1
2021-05-14,78230,2020-03-31,,,,,,,,,,,,,,,,,,,,,,,,,,,,,,28.00,,,,34393200,2026239,32536418,false,false,12,2019-04-01,2020-03-31,-1
2021-05-14,78230,2021-03-31,,,,,,,,,,,,,,,,,,,,,,,,,,,,,,28.00,,,,34393200,2297539,32340543,false,false,12,2020-04-01,2021-03-31,0
2021-05-14,78230,2022-03-31,,,,,,,,,,,,,,,,,,,,,,,,,,,,,,28.00,,,,,,,false,true,12,2021-04-01,2022-03-31,1
2021-07-30,78230,2022-03-31,1,9513000000,0.757,,,,,904000000,,842000000,,,488000000,,15.22,15.07,,,,,44515000000,24318000000,0.542,751.82,24131000000,,,,,,,,,,,,true,false,3,2021-04-01,2021-06-30,0
2021-07-30,78230,2021-03-31,1,5414000000,-0.370,,,,,-1971000000,,-1963000000,,,-1439000000,,-44.46,,,,,,,,,,,,,,,,,,,,,,true,false,3,2020-04-01,2020-06-30,-1
2021-07-30,78230,2022-03-31,1,40363000000,0.125,,,,,2023000000,0.047,2088000000,0.041,,1045000000,,32.56,,,,,,,,,,,,,,,,,,,,,,true,true,12,2021-04-01,2022-03-31,0
2021-07-30,78230,2021-03-31,1,,,,,,,,,,,,,,,,,,,,44919000000,25255000000,0.558,781.00,25066000000,,,,,,,,,,,,true,false,12,2020-04-01,2021-03-31,-1
2021-07-30,78230,2021-03-31,1,,,,,,,,,,,,,,,,,,,,,,,,,,,,,28.00,,,,34393200,2297539,,false,false,12,2020-04-01,2021-03-31,-1
2021-07-30,78230,2022-03-31,1,,,,,,,,,,,,,,,,,,,,,,,,,,,,,28.00,,,,,,,false,true,12,2021-04-01,2022-03-31,0
2021-07-30,78230,2022-03-31,1,,,,,,,,,,,,,,,,,,,,,,,,,,,,,,,,,34393200,2295239,32097256,false,false,3,2021-04-01,2021-06-30,0
2021-07-30,78230,2021-03-31,1,,,,,,,,,,,,,,,,,,,,,,,,,,,,,,,,,,,32367442,false,false,3,2020-04-01,2020-06-30,-1
2021-10-29,78230,2022-03-31,2,19329000000,0.307,,,,,1561000000,,1492000000,,,857000000,,26.71,26.43,,,,,45102000000,24755000000,0.544,763.93,24530000000,,,,,,,,,,,,true,false,6,2021-04-01,2021-09-30,0
2021-10-29,78230,2021-03-31,2,14793000000,-0.265,,,,,-592000000,,-431000000,,,-446000000,,-13.78,,,,,,,,,,,,,,,,,,,,,,true,false,6,2020-04-01,2020-09-30,-1
2021-10-29,78230,2022-03-31,2,40363000000,0.125,,,,,2023000000,0.047,2088000000,0.041,,1045000000,,32.56,,,,,,,,,,,,,,,,,,,,,,true,true,12,2021-04-01,2022-03-31,0
2021-10-29,78230,2021-03-31,2,,,,,,,,,,,,,,,,,,,,44919000000,25255000000,0.558,781.00,25066000000,,,,,,,,,,,,true,false,12,2020-04-01,2021-03-31,-1
2021-10-29,78230,2021-03-31,2,,,,,,,,,,,,,,,,,,,,,,,,,,,,,28.00,,,,34393200,2297539,,false,false,12,2020-04-01,2021-03-31,-1
2021-10-29,78230,2022-03-31,2,,,,,,,,,,,,,,,,,,,,,,,,,,,,,14.00,,,,,,,false,false,12,2021-04-01,2022-03-31,0
2021-10-29,78230,2022-03-31,2,,,,,,,,,,,,,,,,,,,,,,,,,,,,,28.00,,,,,,,false,true,12,2021-04-01,2022-03-31,0
2021-10-29,78230,2022-03-31,2,,,,,,,,,,,,,,,,,,,,,,,,,,,,,,,,,34393200,2281839,32101675,false,false,6,2021-04-01,2021-09-30,0
2021-10-29,78230,2021-03-31,2,,,,,,,,,,,,,,,,,,,,,,,,,,,,,,,,,,,32370292,false,false,6,2020-04-01,2020-09-30,-1
2022-01-27,78230,2022-03-31,3,30075000000,0.185,,,,,2782000000,1.513,2757000000,1.178,,1674000000,,52.15,51.59,,,,,45676000000,25073000000,0.544,773.73,24850000000,,,,,,,,,,,,true,false,9,2021-04-01,2021-12-31,0
2022-01-27,78230,2021-03-31,3,25387000000,-0.126,,,,,1106000000,-0.521,1266000000,-0.465,,667000000,,20.61,20.42,,,,,,,,,,,,,,,,,,,,,true,false,9,2020-04-01,2020-12-31,-1
2022-01-27,78230,2022-03-31,3,40219000000,0.121,,,,,2798000000,0.448,2759000000,0.376,,821000000,,25.60,,,,,,,,,,,,,,,,,,,,,,true,true,12,2021-04-01,2022-03-31,0
2022-01-27,78230,2021-03-31,3,,,,,,,,,,,,,,,,,,,,44919000000,25255000000,0.558,781.00,25066000000,,,,,,,,,,,,true,false,12,2020-04-01,2021-03-31,-1
2022-01-27,78230,2021-03-31,3,,,,,,,,,,,,,,,,,,,,,,,,,,,,,28.00,,,,34393200,2297539,,false,false,12,2020-04-01,2021-03-31,-1
2022-01-27,78230,2022-03-31,3,,,,,,,,,,,,,,,,,,,,,,,,,,,,,14.00,,,,,,,false,false,12,2021-04-01,2022-03-31,0
2022-01-27,78230,2022-03-31,3,,,,,,,,,,,,,,,,,,,,,,,,,,,,,28.00,,,,,,,false,true,12,2021-04-01,2022-03-31,0
2022-01-27,78230,2022-03-31,3,,,,,,,,,,,,,,,,,,,,,,,,,,,,,,,,,34393200,2274939,32106053,false,false,9,2021-04-01,2021-12-31,0
2022-01-27,78230,2021-03-31,3,,,,,,,,,,,,,,,,,,,,,,,,,,,,,,,,,,,32373456,false,false,9,2020-04-01,2020-12-31,-1
2022-04-28,78230,2022-03-31,,,,,,,,3020000000,0.079,3038000000,0.101,,1220000000,,38.01,,,,,,,,,,,,,,,,,,,,,,true,true,12,2021-04-01,2022-03-31,0
2022-04-28,78230,2021-03-31,,,,,,,,1932000000,,2005000000,,,840000000,,25.99,,,,,,,,,,,,,,,,,,,,,,true,false,12,2020-04-01,2021-03-31,-1
2022-05-13,78230,2022-03-31,,40437000000,0.127,,,,,3020000000,0.563,3038000000,0.515,,1204000000,,37.51,37.09,0.049,0.066,0.075,,46510000000,24596000000,0.524,758.47,24367000000,2505000000,-1183000000,-924000000,19452000000,,0.747,,,,,,true,false,12,2021-04-01,2022-03-31,0
2022-05-13,78230,2021-03-31,,35868000000,-0.092,,,,,1932000000,-0.338,2005000000,-0.333,,840000000,,25.99,25.75,0.033,0.046,0.054,,44919000000,25255000000,0.558,781.00,25066000000,4232000000,-885000000,-1112000000,18984000000,,1.077,,,,,,true,false,12,2020-04-01,2021-03-31,-1
2022-05-13,78230,2023-03-31,,41991000000,0.038,,,,,2105000000,-0.303,2155000000,-0.291,,1137000000,,35.40,,,,,,,,,,,,,,,,0.791,,,,,,true,true,12,2022-04-01,2023-03-31,1
2022-05-13,78230,2021-03-31,,,,,,,,,,,,,,,,,,,,,,,,,,,,,,28.00,,,,34393200,2297539,32340543,false,false,12,2020-04-01,2021-03-31,-1
2022-05-13,78230,2022-03-31,,,,,,,,,,,,,,,,,,,,,,,,,,,,,,28.00,,,,34393200,2266339,32110073,false,false,12,2021-04-01,2022-03-31,0
2022-05-13,78230,2023-03-31,,,,,,,,,,,,,,,,,,,,,,,,,,,,,,28.00,,,,,,,false,true,12,2022-04-01,2023-03-31,1
2022-07-28,78230,2023-03-31,1,10414000000,0.095,,,,,1225000000,0.355,1260000000,0.497,,790000000,,24.60,24.32,,,,,45933000000,24903000000,0.537,767.94,24684000000,,,,,,,,,,,,true,false,3,2022-04-01,2022-06-30,0
2022-07-28,78230,2022-03-31,1,9513000000,0.757,,,,,904000000,,842000000,,,488000000,,15.22,15.07,,,,,,,,,,,,,,,,,,,,,true,false,3,2021-04-01,2021-06-30,-1
2022-07-28,78230,2023-03-31,1,41991000000,0.038,,,,,2105000000,-0.303,2155000000,-0.291,,1137000000,,35.40,,,,,,,,,,,,,,,,,,,,,,true,true,12,2022-04-01,2023-03-31,0
2022-07-28,78230,2022-03-31,1,,,,,,,,,,,,,,,,,,,,46510000000,24596000000,0.524,758.47,24367000000,,,,,,,,,,,,true,false,12,2021-04-01,2022-03-31,-1
2022-07-28,78230,2022-03-31,1,,,,,,,,,,,,,,,,,,,,,,,,,,,,,28.00,,,,34393200,2266339,,false,false,12,2021-04-01,2022-03-31,-1
2022-07-28,78230,2023-03-31,1,,,,,,,,,,,,,,,,,,,,,,,,,,,,,28.00,,,,,,,false,true,12,2022-04-01,2023-03-31,0
2022-07-28,78230,2023-03-31,1,,,,,,,,,,,,,,,,,,,,,,,,,,,,,,,,,34393200,2249539,32128780,false,false,3,2022-04-01,2022-06-30,0
2022-07-28,78230,2022-03-31,1,,,,,,,,,,,,,,,,,,,,,,,,,,,,,,,,,,,32097256,false,false,3,2021-04-01,2021-06-30,-1
2022-10-28,78230,2023-03-31,2,21288000000,0.101,,,,,2372000000,0.519,2374000000,0.592,,1463000000,,45.48,44.94,,,,,46868000000,25881000000,0.547,789.71,25617000000,,,,,,,,,,,,true,false,6,2022-04-01,2022-09-30,0
2022-10-28,78230,2022-03-31,2,19329000000,0.307,,,,,1561000000,,1492000000,,,857000000,,26.71,26.43,,,,,,,,,,,,,,,,,,,,,true,false,6,2021-04-01,2021-09-30,-1
2022-10-28,78230,2023-03-31,2,42814000000,0.059,,,,,3126000000,0.035,3106000000,0.022,,1698000000,,52.77,,,,,,,,,,,,,,,,,,,,,,true,true,12,2022-04-01,2023-03-31,0
2022-10-28,78230,2022-03-31,2,,,,,,,,,,,,,,,,,,,,46510000000,24596000000,0.524,758.47,24367000000,,,,,,,,,,,,true,false,12,2021-04-01,2022-03-31,-1
2022-10-28,78230,2022-03-31,2,,,,,,,,,,,,,,,,,,,,,,,,,,,,,28.00,,,,34393200,2266339,,false,false,12,2021-04-01,2022-03-31,-1
2022-10-28,78230,2023-03-31,2,,,,,,,,,,,,,,,,,,,,,,,,,,,,,14.00,,,,,,,false,false,12,2022-04-01,2023-03-31,0
2022-10-28,78230,2023-03-31,2,,,,,,,,,,,,,,,,,,,,,,,,,,,,,28.00,,,,,,,false,true,12,2022-04-01,2023-03-31,0
2022-10-28,78230,2023-03-31,2,,,,,,,,,,,,,,,,,,,,,,,,,,,,,,,,,34393200,1953939,32182425,false,false,6,2022-04-01,2022-09-30,0
2022-10-28,78230,2022-03-31,2,,,,,,,,,,,,,,,,,,,,,,,,,,,,,,,,,,,32101675,false,false,6,2021-04-01,2021-09-30,-1
2022-10-28,78230,2023-03-31,,,,,,,,3126000000,0.485,3106000000,0.441,,1698000000,,52.77,,,,,,,,,,,,,,,,,,,,,,true,true,12,2022-04-01,2023-03-31,0
2022-10-28,78230,2022-03-31,,,,,,,,3020000000,,3038000000,,,1204000000,,37.51,,,,,,,,,,,,,,,,,,,,,,true,false,12,2021-04-01,2022-03-31,-1
2023-01-30,78230,2023-03-31,3,32337000000,0.075,,,,,3338000000,0.200,3275000000,0.188,,2017000000,,62.51,61.75,,,,,46441000000,26009000000,0.554,792.88,25746000000,,,,,,,,,,,,true,false,9,2022-04-01,2022-12-31,0
2023-01-30,78230,2022-03-31,3,30075000000,0.185,,,,,2782000000,1.513,2757000000,1.178,,1674000000,,52.15,51.59,,,,,,,,,,,,,,,,,,,,,true,false,9,2021-04-01,2021-12-31,-1
2023-01-30,78230,2023-03-31,3,42946000000,0.062,,,,,3533000000,0.170,3474000000,0.144,,1817000000,,56.22,,,,,,,,,,,,,,,,,,,,,,true,true,12,2022-04-01,2023-03-31,0
2023-01-30,78230,2022-03-31,3,,,,,,,,,,,,,,,,,,,,46510000000,24596000000,0.524,758.47,24367000000,,,,,,,,,,,,true,false,12,2021-04-01,2022-03-31,-1
2023-01-30,78230,2022-03-31,3,,,,,,,,,,,,,,,,,,,,,,,,,,,,,28.00,,,,34393200,2266339,,false,false,12,2021-04-01,2022-03-31,-1
2023-01-30,78230,2023-03-31,3,,,,,,,,,,,,,,,,,,,,,,,,,,,,,14.00,,,,,,,false,false,12,2022-04-01,2023-03-31,0
2023-01-30,78230,2023-03-31,3,,,,,,,,,,,,,,,,,,,,,,,,,,,,,28.00,,,,,,,false,true,12,2022-04-01,2023-03-31,0
2023-01-30,78230,2023-03-31,3,,,,,,,,,,,,,,,,,,,,,,,,,,,,,,,,,34393200,1921539,32272488,false,false,9,2022-04-01,2022-12-31,0
2023-01-30,78230,2022-03-31,3,,,,,,,,,,,,,,,,,,,,,,,,,,,,,,,,,,,32106053,false,false,9,2021-04-01,2021-12-31,-1
2023-05-12,78230,2023-03-31,,43209000000,0.069,,,,,3573000000,0.183,3534000000,0.163,,1874000000,,58.00,57.29,0.075,0.075,0.083,,47956000000,25927000000,0.535,790.26,25662000000,2927000000,-1417000000,-924000000,20082000000,,0.483,,,,,,true,false,12,2022-04-01,2023-03-31,0
2023-05-12,78230,2022-03-31,,40437000000,0.127,,,,,3020000000,0.563,3038000000,0.515,,1204000000,,37.51,37.09,0.049,0.066,0.075,,46510000000,24596000000,0.524,758.47,24367000000,2505000000,-1183000000,-924000000,19452000000,,0.747,,,,,,true,false,12,2021-04-01,2022-03-31,-1
2023-05-12,78230,2024-03-31,,44763000000,0.036,,,,,3743000000,0.048,3821000000,0.081,,2140000000,,65.92,,,,,,,,,,,,,,,,0.425,,,,,,true,true,12,2023-04-01,2024-03-31,1
2023-05-12,78230,2022-03-31,,,,,,,,,,,,,,,,,,,,,,,,,,,,,,28.00,,,,34393200,2266339,32110073,false,false,12,2021-04-01,2022-03-31,-1
2023-05-12,78230,2023-03-31,,,,,,,,,,,,,,,,,,,,,,,,,,,,,,28.00,,,,34393200,1919239,32321935,false,false,12,2022-04-01,2023-03-31,0
2023-05-12,78230,2024-03-31,,,,,,,,,,,,,,,,,,,,,,,,,,,,,,28.00,,,,,,,false,true,12,2023-04-01,2024-03-31,1
2023-05-12,78230,2023-03-31,,41590000000,0.069,,,,,3541000000,0.141,3534000000,0.164,1910000000,,1.388,,,,,,,,,,,,,,,,,,,,,,,false,true,12,2022-04-01,2023-03-31,0
2023-07-27,78230,2024-03-31,1,10607000000,0.018,,,,,1083000000,-0.116,1106000000,-0.122,,692000000,,21.32,21.05,,,,,46939000000,26198000000,0.553,798.40,25951000000,,,,,,,,,,,,true,false,3,2023-04-01,2023-06-30,0
2023-07-27,78230,2023-03-31,1,10414000000,0.095,,,,,1225000000,0.355,1260000000,0.497,,790000000,,24.60,24.32,,,,,,,,,,,,,,,,,,,,,true,false,3,2022-04-01,2022-06-30,-1
2023-07-27,78230,2024-03-31,1,44763000000,0.036,,,,,3743000000,0.048,3821000000,0.081,,2140000000,,65.92,,,,,,,,,,,,,,,,,,,,,,true,true,12,2023-04-01,2024-03-31,0
2023-07-27,78230,2023-03-31,1,,,,,,,,,,,,,,,,,,,,47956000000,25927000000,0.535,790.26,25662000000,,,,,,,,,,,,true,false,12,2022-04-01,2023-03-31,-1
2023-07-27,78230,2023-03-31,1,,,,,,,,,,,,,,,,,,,,,,,,,,,,,28.00,,,,34393200,1919239,,false,false,12,2022-04-01,2023-03-31,-1
2023-07-27,78230,2024-03-31,1,,,,,,,,,,,,,,,,,,,,,,,,,,,,,28.00,,,,,,,false,true,12,2023-04-01,2024-03-31,0
2023-07-27,78230,2024-03-31,1,,,,,,,,,,,,,,,,,,,,,,,,,,,,,,,,,34393200,1888439,32477370,false,false,3,2023-04-01,2023-06-30,0
2023-07-27,78230,2023-03-31,1,,,,,,,,,,,,,,,,,,,,,,,,,,,,,,,,,,,32128780,false,false,3,2022-04-01,2022-06-30,-1
,78230,2024-03-31,,,,,,,,,,,,,,,,,,,,,,,,,,,,,,33.00,,,,,,,false,true,12,2023-04-01,2024-03-31,0
,78230,2023-03-31,,,,,,,,,,,,,,,,,,,,,,,,,,,,,,28.00,,,,,,,false,false,12,2022-04-01,2023-03-31,-1
2023-10-30,78230,2024-03-31,2,21270000000,-0.001,,,,,1914000000,-0.193,1963000000,-0.173,,1208000000,,37.19,36.71,,,,,47787000000,26832000000,0.555,816.12,26545000000,,,,,,,,,,,,true,false,6,2023-04-01,2023-09-30,0
2023-10-30,78230,2023-03-31,2,21288000000,0.101,,,,,2372000000,0.519,2374000000,0.592,,1463000000,,45.48,44.94,,,,,,,,,,,,,,,,,,,,,true,false,6,2022-04-01,2022-09-30,-1
2023-10-30,78230,2024-03-31,2,44763000000,0.036,,,,,3743000000,0.048,3821000000,0.081,,2140000000,,65.92,,,,,,,,,,,,,,,,,,,,,,true,true,12,2023-04-01,2024-03-31,0
2023-10-30,78230,2023-03-31,2,,,,,,,,,,,,,,,,,,,,47956000000,25927000000,0.535,790.26,25662000000,,,,,,,,,,,,true,false,12,2022-04-01,2023-03-31,-1
2023-10-30,78230,2023-03-31,2,,,,,,,,,,,,,,,,,,,,,,,,,,,,,28.00,,,,34393200,1919239,,false,false,12,2022-04-01,2023-03-31,-1
2023-10-30,78230,2024-03-31,2,,,,,,,,,,,,,,,,,,,,,,,,,,,,,14.00,,,,,,,false,false,12,2023-04-01,2024-03-31,0
2023-10-30,78230,2024-03-31,2,,,,,,,,,,,,,,,,,,,,,,,,,,,,,33.00,,,,,,,false,true,12,2023-04-01,2024-03-31,0
2023-10-30,78230,2024-03-31,2,,,,,,,,,,,,,,,,,,,,,,,,,,,,,,,,,34393200,1867339,32495457,false,false,6,2023-04-01,2023-09-30,0
2023-10-30,78230,2023-03-31,2,,,,,,,,,,,,,,,,,,,,,,,,,,,,,,,,,,,32182425,false,false,6,2022-04-01,2022-09-30,-1
2024-01-30,78230,2024-03-31,3,31913000000,-0.013,,,,,2652000000,-0.206,2713000000,-0.172,,2002000000,,61.61,60.80,,,,,47880000000,27249000000,0.563,828.84,26961000000,,,,,,,,,,,,true,false,9,2023-04-01,2023-12-31,0
2024-01-30,78230,2023-03-31,3,32337000000,0.075,,,,,3338000000,0.200,3275000000,0.188,,2017000000,,62.51,61.75,,,,,,,,,,,,,,,,,,,,,true,false,9,2022-04-01,2022-12-31,-1
2024-01-30,78230,2024-03-31,3,42697000000,-0.012,,,,,2198000000,-0.385,2299000000,-0.349,,1158000000,,35.63,,,,,,,,,,,,,,,,,,,,,,true,true,12,2023-04-01,2024-03-31,0
2024-01-30,78230,2023-03-31,3,,,,,,,,,,,,,,,,,,,,47956000000,25927000000,0.535,790.26,25662000000,,,,,,,,,,,,true,false,12,2022-04-01,2023-03-31,-1
2024-01-30,78230,2023-03-31,3,,,,,,,,,,,,,,,,,,,,,,,,,,,,,28.00,,,,34393200,1919239,,false,false,12,2022-04-01,2023-03-31,-1
2024-01-30,78230,2024-03-31,3,,,,,,,,,,,,,,,,,,,,,,,,,,,,,14.00,,,,,,,false,false,12,2023-04-01,2024-03-31,0
2024-01-30,78230,2024-03-31,3,,,,,,,,,,,,,,,,,,,,,,,,,,,,,28.00,,,,,,,false,true,12,2023-04-01,2024-03-31,0
2024-01-30,78230,2024-03-31,3,,,,,,,,,,,,,,,,,,,,,,,,,,,,,,,,,34393200,1863939,32506360,false,false,9,2023-04-01,2023-12-31,0
2024-01-30,78230,2023-03-31,3,,,,,,,,,,,,,,,,,,,,,,,,,,,,,,,,,,,32272488,false,false,9,2022-04-01,2022-12-31,-1
2024-05-15,78230,2024-03-31,,42850000000,-0.008,,,,,2654000000,-0.257,2724000000,-0.229,,1462000000,,44.99,44.40,0.056,0.056,0.062,,49851000000,26870000000,0.533,817.17,26582000000,2137000000,-2165000000,-919000000,19208000000,,0.622,,,,,,true,false,12,2023-04-01,2024-03-31,0
2024-05-15,78230,2023-03-31,,43209000000,0.069,,,,,3573000000,0.183,3534000000,0.163,,1874000000,,58.00,57.29,0.075,0.075,0.083,,47956000000,25927000000,0.535,790.26,25662000000,2927000000,-1417000000,-924000000,20082000000,,0.483,,,,,,true,false,12,2022-04-01,2023-03-31,-1
2024-05-15,78230,2025-03-31,,45001000000,0.050,,,,,2911000000,0.097,2949000000,0.083,,1509000000,,46.41,,,,,,,,,,,,,,,,0.603,,,,,,true,true,12,2024-04-01,2025-03-31,1
2024-05-15,78230,2023-03-31,,,,,,,,,,,,,,,,,,,,,,,,,,,,,,28.00,,,,34393200,1919239,32321935,false,false,12,2022-04-01,2023-03-31,-1
2024-05-15,78230,2024-03-31,,,,,,,,,,,,,,,,,,,,,,,,,,,,,,28.00,,,,34393200,1863139,32512200,false,false,12,2023-04-01,2024-03-31,0
2024-05-15,78230,2025-03-31,,,,,,,,,,,,,,,,,,,,,,,,,,,,,,28.00,,,,,,,false,true,12,2024-04-01,2025-03-31,1
2024-07-30,78230,2025-03-31,1,10166000000,-0.042,,,,,391000000,-0.639,398000000,-0.640,,201000000,,6.19,6.11,,,,,49538000000,26693000000,0.533,811.69,26405000000,,,,,,,,,,,,true,false,3,2024-04-01,2024-06-30,0
2024-07-30,78230,2024-03-31,1,10607000000,0.018,,,,,1083000000,-0.116,1106000000,-0.122,,692000000,,21.32,21.05,,,,,,,,,,,,,,,,,,,,,true,false,3,2023-04-01,2023-06-30,-1
2024-07-30,78230,2025-03-31,1,45001000000,0.050,,,,,2911000000,0.097,2949000000,0.083,,1509000000,,46.41,,,,,,,,,,,,,,,,,,,,,,true,true,12,2024-04-01,2025-03-31,0
2024-07-30,78230,2024-03-31,1,,,,,,,,,,,,,,,,,,,,49851000000,26870000000,0.533,817.17,26582000000,,,,,,,,,,,,true,false,12,2023-04-01,2024-03-31,-1
2024-07-30,78230,2024-03-31,1,,,,,,,,,,,,,,,,,,,,,,,,,,,,,28.00,,,,34393200,1863139,,false,false,12,2023-04-01,2024-03-31,-1
2024-07-30,78230,2025-03-31,1,,,,,,,,,,,,,,,,,,,,,,,,,,,,,28.00,,,,,,,false,true,12,2024-04-01,2025-03-31,0
2024-07-30,78230,2025-03-31,1,,,,,,,,,,,,,,,,,,,,,,,,,,,,,,,,,34393200,1861639,32530897,false,false,3,2024-04-01,2024-06-30,0
2024-07-30,78230,2024-03-31,1,,,,,,,,,,,,,,,,,,,,,,,,,,,,,,,,,,,32477370,false,false,3,2023-04-01,2023-06-30,-1
2024-10-30,78230,2025-03-31,2,21131000000,-0.007,,,,,1146000000,-0.401,1095000000,-0.442,,621000000,,19.10,18.83,,,,,49283000000,27084000000,0.543,821.88,26755000000,,,,,,,,,,,,true,false,6,2024-04-01,2024-09-30,0
2024-10-30,78230,2024-03-31,2,21270000000,-0.001,,,,,1914000000,-0.193,1963000000,-0.173,,1208000000,,37.19,36.71,,,,,,,,,,,,,,,,,,,,,true,false,6,2023-04-01,2023-09-30,-1
2024-10-30,78230,2025-03-31,2,45001000000,0.050,,,,,2911000000,0.097,2949000000,0.083,,1509000000,,46.41,,,,,,,,,,,,,,,,,,,,,,true,true,12,2024-04-01,2025-03-31,0
2024-10-30,78230,2024-03-31,2,,,,,,,,,,,,,,,,,,,,49851000000,26870000000,0.533,817.17,26582000000,,,,,,,,,,,,true,false,12,2023-04-01,2024-03-31,-1
2024-10-30,78230,2024-03-31,2,,,,,,,,,,,,,,,,,,,,,,,,,,,,,28.00,,,,34393200,1863139,,false,false,12,2023-04-01,2024-03-31,-1
2024-10-30,78230,2025-03-31,2,,,,,,,,,,,,,,,,,,,,,,,,,,,,,14.00,,,,,,,false,false,12,2024-04-01,2025-03-31,0
2024-10-30,78230,2025-03-31,2,,,,,,,,,,,,,,,,,,,,,,,,,,,,,28.00,,,,,,,false,true,12,2024-04-01,2025-03-31,0
2024-10-30,78230,2025-03-31,2,,,,,,,,,,,,,,,,,,,,,,,,,,,,,,,,,34393200,1838640,32536600,false,false,6,2024-04-01,2024-09-30,0
2024-10-30,78230,2024-03-31,2,,,,,,,,,,,,,,,,,,,,,,,,,,,,,,,,,,,32495457,false,false,6,2023-04-01,2023-09-30,-1
2025-01-30,78230,2025-03-31,3,31990000000,0.002,,,,,1551000000,-0.415,1595000000,-0.412,,887000000,,27.27,26.87,,,,,49325000000,26882000000,0.538,815.66,26554000000,,,,,,,,,,,,true,false,9,2024-04-01,2024-12-31,0
2025-01-30,78230,2024-03-31,3,31913000000,-0.013,,,,,2652000000,-0.206,2713000000,-0.172,,2002000000,,61.61,60.80,,,,,,,,,,,,,,,,,,,,,true,false,9,2023-04-01,2023-12-31,-1
2025-01-30,78230,2025-03-31,3,43354000000,0.012,,,,,2044000000,-0.230,2067000000,-0.241,,976000000,,30.01,,,,,,,,,,,,,,,,,,,,,,true,true,12,2024-04-01,2025-03-31,0
2025-01-30,78230,2024-03-31,3,,,,,,,,,,,,,,,,,,,,49851000000,26870000000,0.533,817.17,26582000000,,,,,,,,,,,,true,false,12,2023-04-01,2024-03-31,-1
2025-01-30,78230,2024-03-31,3,,,,,,,,,,,,,,,,,,,,,,,,,,,,,28.00,,,,34393200,1863139,,false,false,12,2023-04-01,2024-03-31,-1
2025-01-30,78230,2025-03-31,3,,,,,,,,,,,,,,,,,,,,,,,,,,,,,14.00,,,,,,,false,false,12,2024-04-01,2025-03-31,0
2025-01-30,78230,2025-03-31,3,,,,,,,,,,,,,,,,,,,,,,,,,,,,,28.00,,,,,,,false,true,12,2024-04-01,2025-03-31,0
2025-01-30,78230,2025-03-31,3,,,,,,,,,,,,,,,,,,,,,,,,,,,,,,,,,34393200,1837740,32542730,false,false,9,2024-04-01,2024-12-31,0
2025-01-30,78230,2024-03-31,3,,,,,,,,,,,,,,,,,,,,,,,,,,,,,,,,,,,32506360,false,false,9,2023-04-01,2023-12-31,-1
2025-05-15,78230,2025-03-31,,43340000000,0.011,,,,,2181000000,-0.178,2249000000,-0.174,,821000000,,25.25,24.88,0.031,0.045,0.050,,49678000000,27055000000,0.538,820.93,26726000000,2580000000,-2909000000,-911000000,18025000000,,1.109,,,,,,true,false,12,2024-04-01,2025-03-31,0
2025-05-15,78230,2024-03-31,,42850000000,-0.008,,,,,2654000000,-0.257,2724000000,-0.229,,1462000000,,44.99,44.40,0.056,0.056,0.062,,49851000000,26870000000,0.533,817.17,26582000000,2137000000,-2165000000,-919000000,19208000000,,0.622,,,,,,true,false,12,2023-04-01,2024-03-31,-1
2025-05-15,78230,2026-03-31,,47623000000,0.099,,,,,2778000000,0.274,2844000000,0.264,,1464000000,,44.99,,,,,,,,,,,,,,,,0.622,,,,,,true,true,12,2025-04-01,2026-03-31,1
2025-05-15,78230,2024-03-31,,,,,,,,,,,,,,,,,,,,,,,,,,,,,,28.00,,,,34393200,1863139,32512200,false,false,12,2023-04-01,2024-03-31,-1
2025-05-15,78230,2025-03-31,,,,,,,,,,,,,,,,,,,,,,,,,,,,,,28.00,,,,34393200,1836740,32545964,false,false,12,2024-04-01,2025-03-31,0
2025-05-15,78230,2026-03-31,,,,,,,,,,,,,,,,,,,,,,,,,,,,,,28.00,,,,,,,false,true,12,2025-04-01,2026-03-31,1
