filing_date,code,fiscal_year_end,quarterly_period,net_sales,net_sales_change,revenue,revenue_change,operating_revenue,operating_revenue_change,operating_profit,operating_profit_change,ordinary_profit,ordinary_profit_change,net_income,net_income_of_parent,net_income_change,eps,diluted_eps,roe,roa,operating_profit_to_net_sales,operating_profit_to_revenue,total_assets,net_assets,equity_ratio,bps,owner_equity,operating_cash_flow,investing_cash_flow,financing_cash_flow,cash,dividend_per_share,payout_ratio,commemorative_dividend,extra_dividend,number_of_shares,number_of_treqsury_shares,avg_number_of_shares,is_consolidated,is_forecast,duration,period_start,period_end,period_pos
2015-07-31,78930,2016-03-31,1,8294000000,-0.001,,,,,2563000000,0.136,2567000000,0.133,,1652000000,,55.18,,,,,,31108000000,22283000000,0.716,,22283000000,,,,,,,,,,,,true,false,3,2015-04-01,2015-06-30,0
2015-07-31,78930,2015-03-31,1,8305000000,0.049,,,,,2256000000,-0.062,2266000000,-0.067,,1438000000,,44.64,,,,,,,,,,,,,,,,,,,,,,true,false,3,2014-04-01,2014-06-30,-1
2015-07-31,78930,2016-03-31,1,11600000000,-0.047,,,,,2100000000,0.021,2100000000,0.029,,1400000000,,46.75,,,,,,,,,,,,,,,,,,,,,,true,true,6,2015-04-01,2015-09-30,0
2015-07-31,78930,2016-03-31,1,20000000000,-0.053,,,,,2000000000,0.004,2050000000,0.007,,1370000000,,45.75,,,,,,,,,,,,,,,,,,,,,,true,true,12,2015-04-01,2016-03-31,0
2015-07-31,78930,2015-03-31,1,,,,,,,,,,,,,,,,,,,,27478000000,20934000000,0.756,,20760000000,,,,,,,,,,,,true,false,12,2014-04-01,2015-03-31,-1
2015-07-31,78930,2015-03-31,1,,,,,,,,,,,,,,,,,,,,,,,,,,,,,18.00,,,,36327700,6383249,,false,false,12,2014-04-01,2015-03-31,-1
2015-07-31,78930,2016-03-31,1,,,,,,,,,,,,,,,,,,,,,,,,,,,,,18.00,,,,,,,false,true,12,2015-04-01,2016-03-31,0
2015-07-31,78930,2016-03-31,1,,,,,,,,,,,,,,,,,,,,,,,,,,,,,,,,,33444451,3500000,29944451,false,false,3,2015-04-01,2015-06-30,0
2015-07-31,78930,2015-03-31,1,,,,,,,,,,,,,,,,,,,,,,,,,,,,,,,,,,,32227596,false,false,3,2014-04-01,2014-06-30,-1
,78930,2016-03-31,,,,,,,,,,,,,,,,,,,,,,,,,,,,,,21.00,,,,,,,false,true,12,2015-04-01,2016-03-31,0
,78930,2015-03-31,,,,,,,,,,,,,,,,,,,,,,,,,,,,,,18.00,,,,,,,false,false,12,2014-04-01,2015-03-31,-1
2015-10-30,78930,2016-03-31,2,12315000000,0.012,,,,,2310000000,0.123,2353000000,0.154,,1702000000,,56.87,,,,,,29602000000,22271000000,0.752,,22271000000,,,,,,,,,,,,true,false,6,2015-04-01,2015-09-30,0
2015-10-30,78930,2015-03-31,2,12168000000,0.071,,,,,2056000000,-0.027,2039000000,-0.049,,1253000000,,39.35,,,,,,,,,,,,,,,,,,,,,,true,false,6,2014-04-01,2014-09-30,-1
2015-10-30,78930,2016-03-31,2,20500000000,-0.029,,,,,2100000000,0.054,2150000000,0.056,,1600000000,,53.43,,,,,,,,,,,,,,,,,,,,,,true,true,12,2015-04-01,2016-03-31,0
2015-10-30,78930,2015-03-31,2,,,,,,,,,,,,,,,,,,,,27478000000,20934000000,0.756,,20760000000,,,,,,,,,,,,true,false,12,2014-04-01,2015-03-31,-1
2015-10-30,78930,2015-03-31,2,,,,,,,,,,,,,,,,,,,,,,,,,,,,,18.00,,,,36327700,6383249,,false,false,12,2014-04-01,2015-03-31,-1
2015-10-30,78930,2016-03-31,2,,,,,,,,,,,,,,,,,,,,,,,,,,,,,12.00,,,,,,,false,false,12,2015-04-01,2016-03-31,0
2015-10-30,78930,2016-03-31,2,,,,,,,,,,,,,,,,,,,,,,,,,,,,,21.00,,,,,,,false,true,12,2015-04-01,2016-03-31,0
2015-10-30,78930,2016-03-31,2,,,,,,,,,,,,,,,,,,,,,,,,,,,,,,,,,33444451,3500000,29944451,false,false,6,2015-04-01,2015-09-30,0
2015-10-30,78930,2015-03-31,2,,,,,,,,,,,,,,,,,,,,,,,,,,,,,,,,,,,31852790,false,false,6,2014-04-01,2014-09-30,-1
2015-10-30,78930,2016-03-31,,20500000000,0.025,,,,,2100000000,0.050,2150000000,0.049,1600000000,,0.168,53.43,,,,,,,,,,,,,,,,,,,,,,true,true,12,2015-04-01,2016-03-31,0
2015-10-30,78930,2015-03-31,,21119000000,,,,,,1991000000,,2036000000,,1358000000,,,43.72,,,,,,,,,,,,,,,,,,,,,,true,false,12,2014-04-01,2015-03-31,-1
2016-01-29,78930,2016-03-31,3,16706000000,-0.011,,,,,2493000000,0.145,2579000000,0.180,,1826000000,,60.98,,,,,,28748000000,22232000000,0.773,,22232000000,,,,,,,,,,,,true,false,9,2015-04-01,2015-12-31,0
2016-01-29,78930,2015-03-31,3,16895000000,0.077,,,,,2177000000,-0.033,2187000000,-0.051,,1310000000,,41.66,,,,,,,,,,,,,,,,,,,,,,true,false,9,2014-04-01,2014-12-31,-1
2016-01-29,78930,2016-03-31,3,20500000000,-0.029,,,,,2100000000,0.054,2150000000,0.056,,1600000000,,53.43,,,,,,,,,,,,,,,,,,,,,,true,true,12,2015-04-01,2016-03-31,0
2016-01-29,78930,2015-03-31,3,,,,,,,,,,,,,,,,,,,,27478000000,20934000000,0.756,,20760000000,,,,,,,,,,,,true,false,12,2014-04-01,2015-03-31,-1
2016-01-29,78930,2015-03-31,3,,,,,,,,,,,,,,,,,,,,,,,,,,,,,18.00,,,,36327700,6383249,,false,false,12,2014-04-01,2015-03-31,-1
2016-01-29,78930,2016-03-31,3,,,,,,,,,,,,,,,,,,,,,,,,,,,,,12.00,,,,,,,false,false,12,2015-04-01,2016-03-31,0
2016-01-29,78930,2016-03-31,3,,,,,,,,,,,,,,,,,,,,,,,,,,,,,21.00,,,,,,,false,true,12,2015-04-01,2016-03-31,0
2016-01-29,78930,2016-03-31,3,,,,,,,,,,,,,,,,,,,,,,,,,,,,,,,3.00,,33444451,3500000,29944451,false,false,9,2015-04-01,2015-12-31,0
2016-01-29,78930,2015-03-31,3,,,,,,,,,,,,,,,,,,,,,,,,,,,,,,,,,,,31448917,false,false,9,2014-04-01,2014-12-31,-1
2016-04-28,78930,2016-03-31,,20971000000,-0.007,,,,,2226000000,0.118,2255000000,0.108,,1680000000,,56.28,,0.081,0.082,0.106,,27624000000,20852000000,0.755,716.79,20852000000,2707000000,64000000,-1370000000,11854000000,,0.409,,,,,,true,false,12,2015-04-01,2016-03-31,0
2016-04-28,78930,2015-03-31,,21119000000,0.062,,,,,1991000000,-0.055,2036000000,-0.093,,1358000000,,43.72,,0.064,0.074,0.094,,27478000000,20934000000,0.756,693.30,20760000000,3038000000,-1061000000,-2895000000,10642000000,,0.412,,,,,,true,false,12,2014-04-01,2015-03-31,-1
2016-04-28,78930,2017-03-31,,12600000000,0.023,,,,,2350000000,0.017,2400000000,0.020,,1680000000,,57.75,,,,,,,,,,,,,,,,,,,,,,true,true,6,2016-04-01,2016-09-30,1
2016-04-28,78930,2017-03-31,,21500000000,0.025,,,,,2350000000,0.056,2400000000,0.064,,1680000000,,57.75,,,,,,,,,,,,,,,,0.381,,,,,,true,true,12,2016-04-01,2017-03-31,1
2016-04-28,78930,2016-03-31,,20900000000,0.068,,,,,2169000000,0.115,2251000000,0.090,1698000000,,0.195,56.89,,,,,,26078000000,20304000000,0.779,697.95,20304000000,,,,,23.00,,3.00,,33444451,4353600,29855759,false,false,12,2015-04-01,2016-03-31,0
2016-04-28,78930,2015-03-31,,19570000000,0.029,,,,,1945000000,0.003,2066000000,-0.020,1422000000,,0.088,45.76,,,,,,25409000000,20098000000,0.791,671.21,20098000000,,,,,18.00,,,,36327700,6383249,31077955,false,false,12,2014-04-01,2015-03-31,-1
2016-04-28,78930,2017-03-31,,,,,,,,,,,,,,,,,,,,,,,,,,,,,,22.00,,,,,,,false,true,12,2016-04-01,2017-03-31,1
,78930,2016-03-31,,,,,,,,,,,,,,,,,,,,,,,,,,,,,,23.00,,,,,,,false,true,12,2015-04-01,2016-03-31,0
,78930,2016-03-31,,,,,,,,,,,,,,,,,,,,,,,,,,,,,,12.00,,,,,,,false,false,12,2015-04-01,2016-03-31,0
,78930,2015-03-31,,,,,,,,,,,,,,,,,,,,,,,,,,,,,,18.00,,,,,,,false,false,12,2014-04-01,2015-03-31,-1
2016-07-29,78930,2017-03-31,1,8643000000,0.042,,,,,2614000000,0.020,2619000000,0.020,,1791000000,,61.58,,,,,,30848000000,22132000000,0.717,,22132000000,,,,,,,,,,,,true,false,3,2016-04-01,2016-06-30,0
2016-07-29,78930,2016-03-31,1,8294000000,-0.001,,,,,2563000000,0.136,2567000000,0.133,,1652000000,,55.18,,,,,,,,,,,,,,,,,,,,,,true,false,3,2015-04-01,2015-06-30,-1
2016-07-29,78930,2017-03-31,1,12600000000,0.023,,,,,2350000000,0.017,2400000000,0.020,,1680000000,,57.75,,,,,,,,,,,,,,,,,,,,,,true,true,6,2016-04-01,2016-09-30,0
2016-07-29,78930,2017-03-31,1,21500000000,0.025,,,,,2350000000,0.056,2400000000,0.064,,1680000000,,57.75,,,,,,,,,,,,,,,,,,,,,,true,true,12,2016-04-01,2017-03-31,0
2016-07-29,78930,2016-03-31,1,,,,,,,,,,,,,,,,,,,,27624000000,20852000000,0.755,,20852000000,,,,,,,,,,,,true,false,12,2015-04-01,2016-03-31,-1
2016-07-29,78930,2016-03-31,1,,,,,,,,,,,,,,,,,,,,,,,,,,,,,23.00,,,,33444451,4353600,,false,false,12,2015-04-01,2016-03-31,-1
2016-07-29,78930,2017-03-31,1,,,,,,,,,,,,,,,,,,,,,,,,,,,,,22.00,,,,,,,false,true,12,2016-04-01,2017-03-31,0
2016-07-29,78930,2016-03-31,1,,,,,,,,,,,,,,,,,,,,,,,,,,,,,,,3.00,,,,,false,false,6,2015-04-01,2015-09-30,-1
2016-07-29,78930,2017-03-31,1,,,,,,,,,,,,,,,,,,,,,,,,,,,,,,,,,33444451,4353600,29090851,false,false,3,2016-04-01,2016-06-30,0
2016-07-29,78930,2016-03-31,1,,,,,,,,,,,,,,,,,,,,,,,,,,,,,,,,,,,29944451,false,false,3,2015-04-01,2015-06-30,-1
2016-10-31,78930,2017-03-31,2,12791000000,0.039,,,,,2455000000,0.063,2437000000,0.036,,1642000000,,56.47,,,,,,29081000000,22014000000,0.757,,22014000000,,,,,,,,,,,,true,false,6,2016-04-01,2016-09-30,0
2016-10-31,78930,2016-03-31,2,12315000000,0.012,,,,,2310000000,0.123,2353000000,0.154,,1702000000,,56.87,,,,,,,,,,,,,,,,,,,,,,true,false,6,2015-04-01,2015-09-30,-1
2016-10-31,78930,2017-03-31,2,21500000000,0.025,,,,,2350000000,0.056,2400000000,0.064,,1680000000,,57.75,,,,,,,,,,,,,,,,,,,,,,true,true,12,2016-04-01,2017-03-31,0
2016-10-31,78930,2016-03-31,2,,,,,,,,,,,,,,,,,,,,27624000000,20852000000,0.755,,20852000000,,,,,,,,,,,,true,false,12,2015-04-01,2016-03-31,-1
2016-10-31,78930,2016-03-31,2,,,,,,,,,,,,,,,,,,,,,,,,,,,,,23.00,,,,33444451,4353600,,false,false,12,2015-04-01,2016-03-31,-1
2016-10-31,78930,2017-03-31,2,,,,,,,,,,,,,,,,,,,,,,,,,,,,,11.00,,,,,,,false,false,12,2016-04-01,2017-03-31,0
2016-10-31,78930,2017-03-31,2,,,,,,,,,,,,,,,,,,,,,,,,,,,,,22.00,,,,,,,false,true,12,2016-04-01,2017-03-31,0
2016-10-31,78930,2016-03-31,2,,,,,,,,,,,,,,,,,,,,,,,,,,,,,,,3.00,,,,29944451,false,false,6,2015-04-01,2015-09-30,-1
2016-10-31,78930,2017-03-31,2,,,,,,,,,,,,,,,,,,,,,,,,,,,,,,,,,33444451,4353600,29090851,false,false,6,2016-04-01,2016-09-30,0
2017-01-31,78930,2017-03-31,3,17234000000,0.032,,,,,2562000000,0.028,2676000000,0.037,,1795000000,,61.72,,,,,,28198000000,21938000000,0.778,,21938000000,,,,,,,,,,,,true,false,9,2016-04-01,2016-12-31,0
2017-01-31,78930,2016-03-31,3,16706000000,-0.011,,,,,2493000000,0.145,2579000000,0.180,,1826000000,,60.98,,,,,,,,,,,,,,,,,,,,,,true,false,9,2015-04-01,2015-12-31,-1
2017-01-31,78930,2017-03-31,3,21500000000,0.025,,,,,2350000000,0.056,2400000000,0.064,,1680000000,,57.75,,,,,,,,,,,,,,,,,,,,,,true,true,12,2016-04-01,2017-03-31,0
2017-01-31,78930,2016-03-31,3,,,,,,,,,,,,,,,,,,,,27624000000,20852000000,0.755,,20852000000,,,,,,,,,,,,true,false,12,2015-04-01,2016-03-31,-1
2017-01-31,78930,2016-03-31,3,,,,,,,,,,,,,,,,,,,,,,,,,,,,,23.00,,,,33444451,4353600,,false,false,12,2015-04-01,2016-03-31,-1
2017-01-31,78930,2017-03-31,3,,,,,,,,,,,,,,,,,,,,,,,,,,,,,11.00,,,,,,,false,false,12,2016-04-01,2017-03-31,0
2017-01-31,78930,2017-03-31,3,,,,,,,,,,,,,,,,,,,,,,,,,,,,,22.00,,,,,,,false,true,12,2016-04-01,2017-03-31,0
2017-01-31,78930,2016-03-31,3,,,,,,,,,,,,,,,,,,,,,,,,,,,,,,,3.00,,,,,false,false,6,2015-04-01,2015-09-30,-1
2017-01-31,78930,2017-03-31,3,,,,,,,,,,,,,,,,,,,,,,,,,,,,,,,,,33444451,4353600,29090851,false,false,9,2016-04-01,2016-12-31,0
2017-01-31,78930,2016-03-31,3,,,,,,,,,,,,,,,,,,,,,,,,,,,,,,,,,,,29944451,false,false,9,2015-04-01,2015-12-31,-1
2017-04-28,78930,2017-03-31,,21556000000,0.028,,,,,2362000000,0.061,2548000000,0.130,,1804000000,,62.12,,0.085,0.091,0.110,,28360000000,21400000000,0.755,747.85,21400000000,2397000000,-564000000,-986000000,12687000000,,0.386,,,,,,true,false,12,2016-04-01,2017-03-31,0
2017-04-28,78930,2016-03-31,,20971000000,-0.007,,,,,2226000000,0.118,2255000000,0.108,,1680000000,,56.28,,0.081,0.082,0.106,,27624000000,20852000000,0.755,716.79,20852000000,2707000000,64000000,-1370000000,11854000000,,0.409,,,,,,true,false,12,2015-04-01,2016-03-31,-1
2017-04-28,78930,2018-03-31,,13000000000,0.016,,,,,2500000000,0.018,2550000000,0.046,,1780000000,,62.20,,,,,,,,,,,,,,,,,,,,,,true,true,6,2017-04-01,2017-09-30,1
2017-04-28,78930,2018-03-31,,22200000000,0.030,,,,,2500000000,0.058,2550000000,0.000,,1780000000,,62.20,,,,,,,,,,,,,,,,0.418,,,,,,true,true,12,2017-04-01,2018-03-31,1
2017-04-28,78930,2017-03-31,,21471000000,0.027,,,,,2013000000,-0.072,2198000000,-0.023,1635000000,,-0.037,56.31,,,,,,26499000000,20583000000,0.777,719.33,20583000000,,,,,24.00,,,,33444451,4829020,29046864,false,false,12,2016-04-01,2017-03-31,0
2017-04-28,78930,2016-03-31,,20900000000,0.068,,,,,2169000000,0.115,2251000000,0.090,1698000000,,0.195,56.89,,,,,,26078000000,20304000000,0.779,697.95,20304000000,,,,,23.00,,,,33444451,4353600,29855759,false,false,12,2015-04-01,2016-03-31,-1
2017-04-28,78930,2018-03-31,,,,,,,,,,,,,,,,,,,,,,,,,,,,,,26.00,,,,,,,false,true,12,2017-04-01,2018-03-31,1
,78930,2017-03-31,,,,,,,,,,,,,,,,,,,,,,,,,,,,,,24.00,,,,,,,false,true,12,2016-04-01,2017-03-31,0
,78930,2017-03-31,,,,,,,,,,,,,,,,,,,,,,,,,,,,,,11.00,,,,,,,false,false,12,2016-04-01,2017-03-31,0
,78930,2016-03-31,,,,,,,,,,,,,,,,,,,,,,,,,,,,,,23.00,,,,,,,false,false,12,2015-04-01,2016-03-31,-1
2017-07-31,78930,2018-03-31,1,8772000000,0.015,,,,,2722000000,0.041,2883000000,0.100,,1799000000,,63.44,,,,,,31532000000,22488000000,0.713,,22488000000,,,,,,,,,,,,true,false,3,2017-04-01,2017-06-30,0
2017-07-31,78930,2017-03-31,1,8643000000,0.042,,,,,2614000000,0.020,2619000000,0.020,,1791000000,,61.58,,,,,,,,,,,,,,,,,,,,,,true,false,3,2016-04-01,2016-06-30,-1
2017-07-31,78930,2018-03-31,1,13000000000,0.016,,,,,2500000000,0.018,2550000000,0.046,,1780000000,,62.73,,,,,,,,,,,,,,,,,,,,,,true,true,6,2017-04-01,2017-09-30,0
2017-07-31,78930,2018-03-31,1,22200000000,0.030,,,,,2500000000,0.058,2550000000,0.000,,1780000000,,62.73,,,,,,,,,,,,,,,,,,,,,,true,true,12,2017-04-01,2018-03-31,0
2017-07-31,78930,2017-03-31,1,,,,,,,,,,,,,,,,,,,,28360000000,21400000000,0.755,,21400000000,,,,,,,,,,,,true,false,12,2016-04-01,2017-03-31,-1
2017-07-31,78930,2017-03-31,1,,,,,,,,,,,,,,,,,,,,,,,,,,,,,24.00,,,,33444451,4829020,,false,false,12,2016-04-01,2017-03-31,-1
2017-07-31,78930,2018-03-31,1,,,,,,,,,,,,,,,,,,,,,,,,,,,,,26.00,,,,,,,false,true,12,2017-04-01,2018-03-31,0
2017-07-31,78930,2018-03-31,1,,,,,,,,,,,,,,,,,,,,,,,,,,,,,,,,,33444451,5127763,28373349,false,false,3,2017-04-01,2017-06-30,0
2017-07-31,78930,2017-03-31,1,,,,,,,,,,,,,,,,,,,,,,,,,,,,,,,,,,,29090851,false,false,3,2016-04-01,2016-06-30,-1
2017-10-31,78930,2018-03-31,2,12849000000,0.005,,,,,2590000000,0.055,2812000000,0.154,,1762000000,,62.17,,,,,,30269000000,22644000000,0.748,,22644000000,,,,,,,,,,,,true,false,6,2017-04-01,2017-09-30,0
2017-10-31,78930,2017-03-31,2,12791000000,0.039,,,,,2455000000,0.063,2437000000,0.036,,1642000000,,56.47,,,,,,,,,,,,,,,,,,,,,,true,false,6,2016-04-01,2016-09-30,-1
2017-10-31,78930,2018-03-31,2,22200000000,0.030,,,,,2500000000,0.058,2550000000,0.000,,1780000000,,62.80,,,,,,,,,,,,,,,,,,,,,,true,true,12,2017-04-01,2018-03-31,0
2017-10-31,78930,2017-03-31,2,,,,,,,,,,,,,,,,,,,,28360000000,21400000000,0.755,,21400000000,,,,,,,,,,,,true,false,12,2016-04-01,2017-03-31,-1
2017-10-31,78930,2017-03-31,2,,,,,,,,,,,,,,,,,,,,,,,,,,,,,24.00,,,,33444451,4829020,,false,false,12,2016-04-01,2017-03-31,-1
2017-10-31,78930,2018-03-31,2,,,,,,,,,,,,,,,,,,,,,,,,,,,,,13.00,,,,,,,false,false,12,2017-04-01,2018-03-31,0
2017-10-31,78930,2018-03-31,2,,,,,,,,,,,,,,,,,,,,,,,,,,,,,26.00,,,,,,,false,true,12,2017-04-01,2018-03-31,0
2017-10-31,78930,2018-03-31,2,,,,,,,,,,,,,,,,,,,,,,,,,,,,,,,,,33444451,5127763,28344864,false,false,6,2017-04-01,2017-09-30,0
2017-10-31,78930,2017-03-31,2,,,,,,,,,,,,,,,,,,,,,,,,,,,,,,,,,,,29090851,false,false,6,2016-04-01,2016-09-30,-1
2018-01-31,78930,2018-03-31,3,17714000000,0.028,,,,,2805000000,0.095,3068000000,0.147,,1930000000,,68.12,,,,,,29694000000,22698000000,0.764,,22698000000,,,,,,,,,,,,true,false,9,2017-04-01,2017-12-31,0
2018-01-31,78930,2017-03-31,3,17234000000,0.032,,,,,2562000000,0.028,2676000000,0.037,,1795000000,,61.72,,,,,,,,,,,,,,,,,,,,,,true,false,9,2016-04-01,2016-12-31,-1
2018-01-31,78930,2018-03-31,3,22200000000,0.030,,,,,2500000000,0.058,2550000000,0.000,,1780000000,,62.82,,,,,,,,,,,,,,,,,,,,,,true,true,12,2017-04-01,2018-03-31,0
2018-01-31,78930,2017-03-31,3,,,,,,,,,,,,,,,,,,,,28360000000,21400000000,0.755,,21400000000,,,,,,,,,,,,true,false,12,2016-04-01,2017-03-31,-1
2018-01-31,78930,2017-03-31,3,,,,,,,,,,,,,,,,,,,,,,,,,,,,,24.00,,,,33444451,4829020,,false,false,12,2016-04-01,2017-03-31,-1
2018-01-31,78930,2018-03-31,3,,,,,,,,,,,,,,,,,,,,,,,,,,,,,13.00,,,,,,,false,false,12,2017-04-01,2018-03-31,0
2018-01-31,78930,2018-03-31,3,,,,,,,,,,,,,,,,,,,,,,,,,,,,,26.00,,,,,,,false,true,12,2017-04-01,2018-03-31,0
2018-01-31,78930,2018-03-31,3,,,,,,,,,,,,,,,,,,,,,,,,,,,,,,,,,33444451,5127763,28335438,false,false,9,2017-04-01,2017-12-31,0
2018-01-31,78930,2017-03-31,3,,,,,,,,,,,,,,,,,,,,,,,,,,,,,,,,,,,29090851,false,false,9,2016-04-01,2016-12-31,-1
2018-04-27,78930,2018-03-31,,22454000000,0.042,,,,,2536000000,0.074,2889000000,0.134,,1872000000,,66.32,,0.087,0.101,0.113,,29137000000,21470000000,0.737,774.62,21470000000,3326000000,-326000000,-2073000000,13613000000,,0.422,,,,,,true,false,12,2017-04-01,2018-03-31,0
2018-04-27,78930,2017-03-31,,21556000000,0.028,,,,,2362000000,0.061,2548000000,0.130,,1804000000,,62.12,,0.085,0.091,0.110,,28360000000,21400000000,0.755,747.85,21400000000,2397000000,-564000000,-986000000,12687000000,,0.386,,,,,,true,false,12,2016-04-01,2017-03-31,-1
2018-04-27,78930,2019-03-31,,13100000000,0.019,,,,,2800000000,0.081,2850000000,0.013,,1970000000,,71.08,,,,,,,,,,,,,,,,,,,,,,true,true,6,2018-04-01,2018-09-30,1
2018-04-27,78930,2019-03-31,,23000000000,0.024,,,,,2800000000,0.104,2850000000,-0.014,,1970000000,,71.08,,,,,,,,,,,,,,,,0.422,,,,,,true,true,12,2018-04-01,2019-03-31,1
2018-04-27,78930,2018-03-31,,22340000000,0.040,,,,,2079000000,0.033,2420000000,0.101,1806000000,,0.104,63.98,,,,,,26834000000,20486000000,0.763,739.15,20486000000,,,,,28.00,,,,33444451,5727763,28233828,false,false,12,2017-04-01,2018-03-31,0
2018-04-27,78930,2017-03-31,,21471000000,0.027,,,,,2013000000,-0.072,2198000000,-0.023,1635000000,,-0.037,56.31,,,,,,26499000000,20583000000,0.777,719.33,20583000000,,,,,24.00,,,,33444451,4829020,29046864,false,false,12,2016-04-01,2017-03-31,-1
2018-04-27,78930,2019-03-31,,,,,,,,,,,,,,,,,,,,,,,,,,,,,,30.00,,,,,,,false,true,12,2018-04-01,2019-03-31,1
,78930,2018-03-31,,,,,,,,,,,,,,,,,,,,,,,,,,,,,,28.00,,,,,,,false,true,12,2017-04-01,2018-03-31,0
,78930,2018-03-31,,,,,,,,,,,,,,,,,,,,,,,,,,,,,,13.00,,,,,,,false,false,12,2017-04-01,2018-03-31,0
,78930,2017-03-31,,,,,,,,,,,,,,,,,,,,,,,,,,,,,,24.00,,,,,,,false,false,12,2016-04-01,2017-03-31,-1
2018-07-31,78930,2019-03-31,1,9098000000,0.037,,,,,2693000000,-0.011,2718000000,-0.057,,1789000000,,64.55,,,,,,31887000000,22844000000,0.716,,22844000000,,,,,,,,,,,,true,false,3,2018-04-01,2018-06-30,0
2018-07-31,78930,2018-03-31,1,8772000000,0.015,,,,,2722000000,0.041,2883000000,0.100,,1799000000,,63.44,,,,,,,,,,,,,,,,,,,,,,true,false,3,2017-04-01,2017-06-30,-1
2018-07-31,78930,2019-03-31,1,13100000000,0.019,,,,,2800000000,0.081,2850000000,0.013,,1970000000,,71.08,,,,,,,,,,,,,,,,,,,,,,true,true,6,2018-04-01,2018-09-30,0
2018-07-31,78930,2019-03-31,1,23000000000,0.024,,,,,2800000000,0.104,2850000000,-0.014,,1970000000,,71.08,,,,,,,,,,,,,,,,,,,,,,true,true,12,2018-04-01,2019-03-31,0
2018-07-31,78930,2018-03-31,1,,,,,,,,,,,,,,,,,,,,28871000000,21470000000,0.744,,21470000000,,,,,,,,,,,,true,false,12,2017-04-01,2018-03-31,-1
2018-07-31,78930,2018-03-31,1,,,,,,,,,,,,,,,,,,,,,,,,,,,,,28.00,,,,33444451,5727763,,false,false,12,2017-04-01,2018-03-31,-1
2018-07-31,78930,2019-03-31,1,,,,,,,,,,,,,,,,,,,,,,,,,,,,,30.00,,,,,,,false,true,12,2018-04-01,2019-03-31,0
2018-07-31,78930,2019-03-31,1,,,,,,,,,,,,,,,,,,,,,,,,,,,,,,,,,30716688,3000047,27716652,false,false,3,2018-04-01,2018-06-30,0
2018-07-31,78930,2018-03-31,1,,,,,,,,,,,,,,,,,,,,,,,,,,,,,,,,,,,28373349,false,false,3,2017-04-01,2017-06-30,-1
2018-10-31,78930,2019-03-31,2,13420000000,0.044,,,,,2469000000,-0.047,2509000000,-0.108,,1633000000,,58.93,,,,,,29995000000,22678000000,0.756,,22678000000,,,,,,,,,,,,true,false,6,2018-04-01,2018-09-30,0
2018-10-31,78930,2018-03-31,2,12849000000,0.005,,,,,2590000000,0.055,2812000000,0.154,,1762000000,,62.17,,,,,,,,,,,,,,,,,,,,,,true,false,6,2017-04-01,2017-09-30,-1
2018-10-31,78930,2019-03-31,2,23000000000,0.024,,,,,2800000000,0.104,2850000000,-0.014,,1970000000,,71.08,,,,,,,,,,,,,,,,,,,,,,true,true,12,2018-04-01,2019-03-31,0
2018-10-31,78930,2018-03-31,2,,,,,,,,,,,,,,,,,,,,28871000000,21470000000,0.744,,21470000000,,,,,,,,,,,,true,false,12,2017-04-01,2018-03-31,-1
2018-10-31,78930,2018-03-31,2,,,,,,,,,,,,,,,,,,,,,,,,,,,,,28.00,,,,33444451,5727763,,false,false,12,2017-04-01,2018-03-31,-1
2018-10-31,78930,2019-03-31,2,,,,,,,,,,,,,,,,,,,,,,,,,,,,,15.00,,,,,,,false,false,12,2018-04-01,2019-03-31,0
2018-10-31,78930,2019-03-31,2,,,,,,,,,,,,,,,,,,,,,,,,,,,,,30.00,,,,,,,false,true,12,2018-04-01,2019-03-31,0
2018-10-31,78930,2019-03-31,2,,,,,,,,,,,,,,,,,,,,,,,,,,,,,,,,,30716688,3000047,27716647,false,false,6,2018-04-01,2018-09-30,0
2018-10-31,78930,2018-03-31,2,,,,,,,,,,,,,,,,,,,,,,,,,,,,,,,,,,,28344864,false,false,6,2017-04-01,2017-09-30,-1
2019-01-31,78930,2019-03-31,3,18234000000,0.029,,,,,2544000000,-0.093,2629000000,-0.143,,1735000000,,62.63,,,,,,28778000000,22200000000,0.770,,22152000000,,,,,,,,,,,,true,false,9,2018-04-01,2018-12-31,0
2019-01-31,78930,2018-03-31,3,17714000000,0.028,,,,,2805000000,0.095,3068000000,0.147,,1930000000,,68.12,,,,,,,,,,,,,,,,,,,,,,true,false,9,2017-04-01,2017-12-31,-1
2019-01-31,78930,2019-03-31,3,23000000000,0.024,,,,,2800000000,0.104,2850000000,-0.014,,1970000000,,71.08,,,,,,,,,,,,,,,,,,,,,,true,true,12,2018-04-01,2019-03-31,0
2019-01-31,78930,2018-03-31,3,,,,,,,,,,,,,,,,,,,,28871000000,21470000000,0.744,,21470000000,,,,,,,,,,,,true,false,12,2017-04-01,2018-03-31,-1
2019-01-31,78930,2018-03-31,3,,,,,,,,,,,,,,,,,,,,,,,,,,,,,28.00,,,,33444451,5727763,,false,false,12,2017-04-01,2018-03-31,-1
2019-01-31,78930,2019-03-31,3,,,,,,,,,,,,,,,,,,,,,,,,,,,,,15.00,,,,,,,false,false,12,2018-04-01,2019-03-31,0
2019-01-31,78930,2019-03-31,3,,,,,,,,,,,,,,,,,,,,,,,,,,,,,30.00,,,,,,,false,true,12,2018-04-01,2019-03-31,0
2019-01-31,78930,2019-03-31,3,,,,,,,,,,,,,,,,,,,,,,,,,,,,,,,,,30716688,3000052,27716643,false,false,9,2018-04-01,2018-12-31,0
2019-01-31,78930,2018-03-31,3,,,,,,,,,,,,,,,,,,,,,,,,,,,,,,,,,,,28335438,false,false,9,2017-04-01,2017-12-31,-1
2019-04-26,78930,2019-03-31,,23157000000,0.031,,,,,2499000000,-0.015,2772000000,-0.040,,1970000000,,71.19,,0.091,0.096,0.108,,28793000000,21885000000,0.758,800.41,21836000000,2263000000,-779000000,-1705000000,13392000000,,0.421,,,,,,true,false,12,2018-04-01,2019-03-31,0
2019-04-26,78930,2018-03-31,,22454000000,0.042,,,,,2536000000,0.074,2889000000,0.134,,1872000000,,66.32,,0.087,0.101,0.113,,28871000000,21470000000,0.744,774.62,21470000000,3326000000,-326000000,-2073000000,13613000000,,0.422,,,,,,true,false,12,2017-04-01,2018-03-31,-1
2019-04-26,78930,2020-03-31,,13700000000,0.021,,,,,2500000000,0.012,2550000000,0.016,,1770000000,,64.88,,,,,,,,,,,,,,,,,,,,,,true,true,6,2019-04-01,2019-09-30,1
2019-04-26,78930,2020-03-31,,23700000000,0.023,,,,,2550000000,0.020,2650000000,-0.044,,1830000000,,67.08,,,,,,,,,,,,,,,,0.447,,,,,,true,true,12,2019-04-01,2020-03-31,1
2019-04-26,78930,2019-03-31,,22754000000,0.019,,,,,2086000000,0.004,2364000000,-0.023,1669000000,,-0.076,60.33,,,,,,25895000000,20590000000,0.795,754.75,20590000000,,,,,30.00,,,,30716688,3434952,27676186,false,false,12,2018-04-01,2019-03-31,0
2019-04-26,78930,2018-03-31,,22340000000,0.040,,,,,2079000000,0.033,2420000000,0.101,1806000000,,0.104,63.98,,,,,,26568000000,20486000000,0.771,739.15,20486000000,,,,,28.00,,,,33444451,5727763,28233828,false,false,12,2017-04-01,2018-03-31,-1
2019-04-26,78930,2020-03-31,,,,,,,,,,,,,,,,,,,,,,,,,,,,,,30.00,,,,,,,false,true,12,2019-04-01,2020-03-31,1
2019-07-31,78930,2020-03-31,1,9480000000,0.042,,,,,2767000000,0.027,2790000000,0.026,,1902000000,,70.46,,,,,,32210000000,22906000000,0.710,,22855000000,,,,,,,,,,,,true,false,3,2019-04-01,2019-06-30,0
2019-07-31,78930,2019-03-31,1,9098000000,0.037,,,,,2693000000,-0.011,2718000000,-0.057,,1789000000,,64.55,,,,,,,,,,,,,,,,,,,,,,true,false,3,2018-04-01,2018-06-30,-1
2019-07-31,78930,2020-03-31,1,13700000000,0.021,,,,,2500000000,0.012,2550000000,0.016,,1770000000,,65.55,,,,,,,,,,,,,,,,,,,,,,true,true,6,2019-04-01,2019-09-30,0
2019-07-31,78930,2020-03-31,1,23700000000,0.023,,,,,2550000000,0.020,2650000000,-0.044,,1830000000,,67.77,,,,,,,,,,,,,,,,,,,,,,true,true,12,2019-04-01,2020-03-31,0
2019-07-31,78930,2019-03-31,1,,,,,,,,,,,,,,,,,,,,28793000000,21885000000,0.758,,21836000000,,,,,,,,,,,,true,false,12,2018-04-01,2019-03-31,-1
2019-07-31,78930,2019-03-31,1,,,,,,,,,,,,,,,,,,,,,,,,,,,,,30.00,,,,30716688,3434952,,false,false,12,2018-04-01,2019-03-31,-1
2019-07-31,78930,2020-03-31,1,,,,,,,,,,,,,,,,,,,,,,,,,,,,,30.00,,,,,,,false,true,12,2019-04-01,2020-03-31,0
2019-07-31,78930,2020-03-31,1,,,,,,,,,,,,,,,,,,,,,,,,,,,,,,,,,30716688,3797152,27004041,false,false,3,2019-04-01,2019-06-30,0
2019-07-31,78930,2019-03-31,1,,,,,,,,,,,,,,,,,,,,,,,,,,,,,,,,,,,27716652,false,false,3,2018-04-01,2018-06-30,-1
2019-10-31,78930,2020-03-31,2,14083000000,0.049,,,,,2679000000,0.085,2718000000,0.083,,1856000000,,68.87,,,,,,30247000000,22991000000,0.758,,22940000000,,,,,,,,,,,,true,false,6,2019-04-01,2019-09-30,0
2019-10-31,78930,2019-03-31,2,13420000000,0.044,,,,,2469000000,-0.047,2509000000,-0.108,,1633000000,,58.93,,,,,,,,,,,,,,,,,,,,,,true,false,6,2018-04-01,2018-09-30,-1
2019-10-31,78930,2020-03-31,2,23700000000,0.023,,,,,2550000000,0.020,2650000000,-0.044,,1830000000,,67.87,,,,,,,,,,,,,,,,,,,,,,true,true,12,2019-04-01,2020-03-31,0
2019-10-31,78930,2019-03-31,2,,,,,,,,,,,,,,,,,,,,28793000000,21885000000,0.758,,21836000000,,,,,,,,,,,,true,false,12,2018-04-01,2019-03-31,-1
2019-10-31,78930,2019-03-31,2,,,,,,,,,,,,,,,,,,,,,,,,,,,,,30.00,,,,30716688,3434952,,false,false,12,2018-04-01,2019-03-31,-1
2019-10-31,78930,2020-03-31,2,,,,,,,,,,,,,,,,,,,,,,,,,,,,,15.00,,,,,,,false,false,12,2019-04-01,2020-03-31,0
2019-10-31,78930,2020-03-31,2,,,,,,,,,,,,,,,,,,,,,,,,,,,,,30.00,,,,,,,false,true,12,2019-04-01,2020-03-31,0
2019-10-31,78930,2020-03-31,2,,,,,,,,,,,,,,,,,,,,,,,,,,,,,,,,,30716688,3797152,26961558,false,false,6,2019-04-01,2019-09-30,0
2019-10-31,78930,2019-03-31,2,,,,,,,,,,,,,,,,,,,,,,,,,,,,,,,,,,,27716647,false,false,6,2018-04-01,2018-09-30,-1
2020-01-31,78930,2020-03-31,3,19244000000,0.055,,,,,2720000000,0.069,2778000000,0.057,,1876000000,,69.63,,,,,,29844000000,22635000000,0.757,,22579000000,,,,,,,,,,,,true,false,9,2019-04-01,2019-12-31,0
2020-01-31,78930,2019-03-31,3,18234000000,0.029,,,,,2544000000,-0.093,2629000000,-0.143,,1735000000,,62.63,,,,,,,,,,,,,,,,,,,,,,true,false,9,2018-04-01,2018-12-31,-1
2020-01-31,78930,2020-03-31,3,23700000000,0.023,,,,,2550000000,0.020,2650000000,-0.044,,1830000000,,67.91,,,,,,,,,,,,,,,,,,,,,,true,true,12,2019-04-01,2020-03-31,0
2020-01-31,78930,2019-03-31,3,,,,,,,,,,,,,,,,,,,,28793000000,21885000000,0.758,,21836000000,,,,,,,,,,,,true,false,12,2018-04-01,2019-03-31,-1
2020-01-31,78930,2019-03-31,3,,,,,,,,,,,,,,,,,,,,,,,,,,,,,30.00,,,,30716688,3434952,,false,false,12,2018-04-01,2019-03-31,-1
2020-01-31,78930,2020-03-31,3,,,,,,,,,,,,,,,,,,,,,,,,,,,,,15.00,,,,,,,false,false,12,2019-04-01,2020-03-31,0
2020-01-31,78930,2020-03-31,3,,,,,,,,,,,,,,,,,,,,,,,,,,,,,30.00,,,,,,,false,true,12,2019-04-01,2020-03-31,0
2020-01-31,78930,2020-03-31,3,,,,,,,,,,,,,,,,,,,,,,,,,,,,,,,,,30716688,3797152,26947500,false,false,9,2019-04-01,2019-12-31,0
2020-01-31,78930,2019-03-31,3,,,,,,,,,,,,,,,,,,,,,,,,,,,,,,,,,,,27716643,false,false,9,2018-04-01,2018-12-31,-1
2020-05-14,78930,2020-03-31,,24446000000,0.056,,,,,2571000000,0.029,2717000000,-0.020,,1816000000,,67.43,,0.082,0.092,0.105,,30161000000,22469000000,0.743,832.55,22411000000,3437000000,-1715000000,-1701000000,13410000000,,0.445,,,,,,true,false,12,2019-04-01,2020-03-31,0
2020-05-14,78930,2019-03-31,,23157000000,0.031,,,,,2499000000,-0.015,2772000000,-0.040,,1970000000,,71.19,,0.091,0.096,0.108,,28793000000,21885000000,0.758,800.41,21836000000,2263000000,-779000000,-1705000000,13392000000,,0.421,,,,,,true,false,12,2018-04-01,2019-03-31,-1
2020-05-14,78930,2020-03-31,,23333000000,0.025,,,,,2205000000,0.057,2356000000,-0.003,1609000000,,-0.036,59.73,,,,,,26670000000,20913000000,0.784,776.88,20913000000,,,,,30.00,,,,30716688,3797152,26940547,false,false,12,2019-04-01,2020-03-31,0
2020-05-14,78930,2019-03-31,,22754000000,0.019,,,,,2086000000,0.004,2364000000,-0.023,1669000000,,-0.076,60.33,,,,,,25895000000,20590000000,0.795,754.75,20590000000,,,,,30.00,,,,30716688,3434952,27676186,false,false,12,2018-04-01,2019-03-31,-1
2020-05-14,78930,2021-03-31,,,,,,,,,,,,,,,,,,,,,,,,,,,,,,32.00,,,,,,,false,true,12,2020-04-01,2021-03-31,1
2020-06-24,7893,2020-03-31,,,,,,,,2600000000,0.054,,,,1846000000,,68.53,,,,,,33049000000,,,,,4172000000,-1716000000,-2436000000,,,0.438,,,,,,true,false,12,2019-04-01,2020-03-31,0
2020-06-24,7893,2019-03-31,,,,,,,,2466000000,,,,,1835000000,,66.29,,,,,,31949000000,,,,,2886000000,-1279000000,-2328000000,,,0.453,,,,,,true,false,12,2018-04-01,2019-03-31,-1
2020-06-24,7893,2019-03-31,,,,,,,,,,,,,,,,,,,,,,,,,,,,,,30.00,,,,30716688,3434952,27676186,false,false,12,2018-04-01,2019-03-31,-1
2020-06-24,7893,2020-03-31,,,,,,,,,,,,,,,,,,,,,,,,,,,,,,30.00,,,,30716688,3797152,26940547,false,false,12,2019-04-01,2020-03-31,0
2020-06-24,7893,2021-03-31,,,,,,,,,,,,,,,,,,,,,,,,,,,,,,32.00,,,,,,,false,true,12,2020-04-01,2021-03-31,1
2020-07-31,7893,2021-03-31,1,,,,,,,2710000000,-0.026,,,,1848000000,,68.65,,,,,,37290000000,,,,,,,,,,,,,,,,true,false,3,2020-04-01,2020-06-30,0
2020-07-31,7893,2020-03-31,1,,,,,,,2781000000,,,,,1910000000,,70.74,,,,,,,,,,,,,,,,,,,,,,true,false,3,2019-04-01,2019-06-30,-1
2020-07-31,7893,2020-03-31,1,,,,,,,,,,,,,,,,,,,,33049000000,,,,,,,,,,,,,,,,true,false,12,2019-04-01,2020-03-31,-1
2020-07-31,7893,2020-03-31,1,,,,,,,,,,,,,,,,,,,,,,,,,,,,,30.00,,,,30716688,3797152,,false,false,12,2019-04-01,2020-03-31,-1
2020-07-31,7893,2021-03-31,1,,,,,,,,,,,,,,,,,,,,,,,,,,,,,32.00,,,,,,,false,true,12,2020-04-01,2021-03-31,0
2020-07-31,7893,2021-03-31,1,,,,,,,,,,,,,,,,,,,,,,,,,,,,,,,,,30716688,3797232,26919525,false,false,3,2020-04-01,2020-06-30,0
2020-07-31,7893,2020-03-31,1,,,,,,,,,,,,,,,,,,,,,,,,,,,,,,,,,,,27004041,false,false,3,2019-04-01,2019-06-30,-1
2020-08-28,78930,2021-03-31,,,,,,,,2500000000,,,,,1850000000,,68.72,,,,,,,,,,,,,,,,,,,,,,true,true,6,2020-04-01,2020-09-30,0
2020-08-28,78930,2021-03-31,,,,,,,,2000000000,,,,,1550000000,,57.58,,,,,,,,,,,,,,,,,,,,,,true,true,12,2020-04-01,2021-03-31,0
2020-08-28,78930,2020-03-31,,,,,,,,2600000000,,,,,1846000000,,68.53,,,,,,,,,,,,,,,,,,,,,,true,false,12,2019-04-01,2020-03-31,-1
2020-10-30,7893,2021-03-31,2,,,,,,,2651000000,-0.018,,,,1956000000,,72.66,,,,,,35457000000,,,,,,,,,,,,,,,,true,false,6,2020-04-01,2020-09-30,0
2020-10-30,7893,2020-03-31,2,,,,,,,2700000000,,,,,1872000000,,69.44,,,,,,,,,,,,,,,,,,,,,,true,false,6,2019-04-01,2019-09-30,-1
2020-10-30,7893,2021-03-31,2,,,,,,,2000000000,-0.231,,,,1550000000,,57.58,,,,,,,,,,,,,,,,,,,,,,true,true,12,2020-04-01,2021-03-31,0
2020-10-30,7893,2020-03-31,2,,,,,,,,,,,,,,,,,,,,33049000000,,,,,,,,,,,,,,,,true,false,12,2019-04-01,2020-03-31,-1
2020-10-30,7893,2020-03-31,2,,,,,,,,,,,,,,,,,,,,,,,,,,,,,30.00,,,,30716688,3797152,,false,false,12,2019-04-01,2020-03-31,-1
2020-10-30,7893,2021-03-31,2,,,,,,,,,,,,,,,,,,,,,,,,,,,,,17.00,,,,,,,false,false,12,2020-04-01,2021-03-31,0
2020-10-30,7893,2021-03-31,2,,,,,,,,,,,,,,,,,,,,,,,,,,,,,32.00,,,,,,,false,true,12,2020-04-01,2021-03-31,0
2020-10-30,7893,2021-03-31,2,,,,,,,,,,,,,,,,,,,,,,,,,,,,,,,,,30716688,3797321,26919460,false,false,6,2020-04-01,2020-09-30,0
2020-10-30,7893,2020-03-31,2,,,,,,,,,,,,,,,,,,,,,,,,,,,,,,,,,,,26961558,false,false,6,2019-04-01,2019-09-30,-1
2021-01-29,7893,2021-03-31,3,,,,,,,2707000000,-0.021,,,,2014000000,,74.81,,,,,,33994000000,,,,,,,,,,,,,,,,true,false,9,2020-04-01,2020-12-31,0
2021-01-29,7893,2020-03-31,3,,,,,,,2764000000,,,,,1909000000,,70.86,,,,,,,,,,,,,,,,,,,,,,true,false,9,2019-04-01,2019-12-31,-1
2021-01-29,7893,2021-03-31,3,,,,,,,2000000000,-0.231,,,,1550000000,,57.58,,,,,,,,,,,,,,,,,,,,,,true,true,12,2020-04-01,2021-03-31,0
2021-01-29,7893,2020-03-31,3,,,,,,,,,,,,,,,,,,,,33049000000,,,,,,,,,,,,,,,,true,false,12,2019-04-01,2020-03-31,-1
2021-01-29,7893,2020-03-31,3,,,,,,,,,,,,,,,,,,,,,,,,,,,,,30.00,,,,30716688,3797152,,false,false,12,2019-04-01,2020-03-31,-1
2021-01-29,7893,2021-03-31,3,,,,,,,,,,,,,,,,,,,,,,,,,,,,,17.00,,,,,,,false,false,12,2020-04-01,2021-03-31,0
2021-01-29,7893,2021-03-31,3,,,,,,,,,,,,,,,,,,,,,,,,,,,,,32.00,,,,,,,false,true,12,2020-04-01,2021-03-31,0
2021-01-29,7893,2021-03-31,3,,,,,,,,,,,,,,,,,,,,,,,,,,,,,,,,,30716688,3797321,26919429,false,false,9,2020-04-01,2020-12-31,0
2021-01-29,7893,2020-03-31,3,,,,,,,,,,,,,,,,,,,,,,,,,,,,,,,,,,,26947500,false,false,9,2019-04-01,2019-12-31,-1
2021-05-14,7893,2021-03-31,,23785000000,0.019,,,,,2110000000,-0.043,2338000000,-0.008,1369000000,,-0.149,50.89,,,,,,27838000000,21465000000,0.771,804.39,21465000000,,,,,33.00,,,,28716688,2031321,26898026,false,false,12,2020-04-01,2021-03-31,0
2021-05-14,7893,2020-03-31,,23334000000,0.025,,,,,2205000000,0.057,2357000000,-0.003,1609000000,,-0.036,59.73,,,,,,26671000000,20913000000,0.784,776.88,20913000000,,,,,30.00,,,,30716688,3797152,26940547,false,false,12,2019-04-01,2020-03-31,-1
2021-05-14,7893,2021-03-31,,,,,,,,2130000000,-0.181,,,,1691000000,,62.87,,,,,,36337000000,,,,,3917000000,-1339000000,-1660000000,,,0.525,,,,,,true,false,12,2020-04-01,2021-03-31,0
2021-05-14,7893,2020-03-31,,,,,,,,2600000000,0.054,,,,1846000000,,68.53,,,,,,33049000000,,,,,4172000000,-1716000000,-2436000000,,,0.438,,,,,,true,false,12,2019-04-01,2020-03-31,-1
2021-05-14,7893,2022-03-31,,,,,,,,2400000000,-0.095,,,,1660000000,,62.21,,,,,,,,,,,,,,,,,,,,,,true,true,6,2021-04-01,2021-09-30,1
2021-05-14,7893,2022-03-31,,,,,,,,2200000000,0.033,,,,1520000000,,56.96,,,,,,,,,,,,,,,,0.562,,,,,,true,true,12,2021-04-01,2022-03-31,1
2021-05-14,7893,2022-03-31,,,,,,,,,,,,,,,,,,,,,,,,,,,,,,32.00,,,,,,,false,true,12,2021-04-01,2022-03-31,1
2021-07-30,7893,2022-03-31,1,,,,,,,3043000000,0.123,,,,2106000000,,79.33,,,,,,40769000000,,,,,,,,,,,,,,,,true,false,3,2021-04-01,2021-06-30,0
2021-07-30,7893,2021-03-31,1,,,,,,,2710000000,-0.026,,,,1848000000,,68.65,,,,,,,,,,,,,,,,,,,,,,true,false,3,2020-04-01,2020-06-30,-1
2021-07-30,7893,2022-03-31,1,,,,,,,2400000000,-0.095,,,,1660000000,,62.53,,,,,,,,,,,,,,,,,,,,,,true,true,6,2021-04-01,2021-09-30,0
2021-07-30,7893,2022-03-31,1,,,,,,,2200000000,0.033,,,,1520000000,,57.26,,,,,,,,,,,,,,,,,,,,,,true,true,12,2021-04-01,2022-03-31,0
2021-07-30,7893,2021-03-31,1,,,,,,,,,,,,,,,,,,,,36337000000,,,,,,,,,,,,,,,,true,false,12,2020-04-01,2021-03-31,-1
2021-07-30,7893,2021-03-31,1,,,,,,,,,,,,,,,,,,,,,,,,,,,,,33.00,,,,28716688,2031321,,false,false,12,2020-04-01,2021-03-31,-1
2021-07-30,7893,2022-03-31,1,,,,,,,,,,,,,,,,,,,,,,,,,,,,,32.00,,,,,,,false,true,12,2021-04-01,2022-03-31,0
2021-07-30,7893,2022-03-31,1,,,,,,,,,,,,,,,,,,,,,,,,,,,,,,,,,28716688,2207421,26547836,false,false,3,2021-04-01,2021-06-30,0
2021-07-30,7893,2021-03-31,1,,,,,,,,,,,,,,,,,,,,,,,,,,,,,,,,,,,26919525,false,false,3,2020-04-01,2020-06-30,-1
2021-10-29,7893,2022-03-31,2,,,,,,,2881000000,0.087,,,,2032000000,,77.56,,,,,,37099000000,,,,,,,,,,,,,,,,true,false,6,2021-04-01,2021-09-30,0
2021-10-29,7893,2021-03-31,2,,,,,,,2651000000,-0.018,,,,1956000000,,72.66,,,,,,,,,,,,,,,,,,,,,,true,false,6,2020-04-01,2020-09-30,-1
2021-10-29,7893,2022-03-31,2,,,,,,,2200000000,0.033,,,,1520000000,,58.01,,,,,,,,,,,,,,,,,,,,,,true,true,12,2021-04-01,2022-03-31,0
2021-10-29,7893,2021-03-31,2,,,,,,,,,,,,,,,,,,,,36337000000,,,,,,,,,,,,,,,,true,false,12,2020-04-01,2021-03-31,-1
2021-10-29,7893,2021-03-31,2,,,,,,,,,,,,,,,,,,,,,,,,,,,,,33.00,,,,28716688,2031321,,false,false,12,2020-04-01,2021-03-31,-1
2021-10-29,7893,2022-03-31,2,,,,,,,,,,,,,,,,,,,,,,,,,,,,,16.00,,,,,,,false,false,12,2021-04-01,2022-03-31,0
2021-10-29,7893,2022-03-31,2,,,,,,,,,,,,,,,,,,,,,,,,,,,,,32.00,,,,,,,false,true,12,2021-04-01,2022-03-31,0
2021-10-29,7893,2022-03-31,2,,,,,,,,,,,,,,,,,,,,,,,,,,,,,,,,,27716688,2207421,26200577,false,false,6,2021-04-01,2021-09-30,0
2021-10-29,7893,2021-03-31,2,,,,,,,,,,,,,,,,,,,,,,,,,,,,,,,,,,,26919460,false,false,6,2020-04-01,2020-09-30,-1
2022-01-31,7893,2022-03-31,3,,,,,,,2952000000,0.091,,,,2090000000,,80.50,,,,,,35585000000,,,,,,,,,,,,,,,,true,false,9,2021-04-01,2021-12-31,0
2022-01-31,7893,2021-03-31,3,,,,,,,2707000000,-0.021,,,,2014000000,,74.81,,,,,,,,,,,,,,,,,,,,,,true,false,9,2020-04-01,2020-12-31,-1
2022-01-31,7893,2022-03-31,3,,,,,,,2200000000,0.033,,,,1520000000,,58.53,,,,,,,,,,,,,,,,,,,,,,true,true,12,2021-04-01,2022-03-31,0
2022-01-31,7893,2021-03-31,3,,,,,,,,,,,,,,,,,,,,36337000000,,,,,,,,,,,,,,,,true,false,12,2020-04-01,2021-03-31,-1
2022-01-31,7893,2021-03-31,3,,,,,,,,,,,,,,,,,,,,,,,,,,,,,33.00,,,,28716688,2031321,,false,false,12,2020-04-01,2021-03-31,-1
2022-01-31,7893,2022-03-31,3,,,,,,,,,,,,,,,,,,,,,,,,,,,,,16.00,,,,,,,false,false,12,2021-04-01,2022-03-31,0
2022-01-31,7893,2022-03-31,3,,,,,,,,,,,,,,,,,,,,,,,,,,,,,32.00,,,,,,,false,true,12,2021-04-01,2022-03-31,0
2022-01-31,7893,2022-03-31,3,,,,,,,,,,,,,,,,,,,,,,,,,,,,,,,,,27716688,2207421,25969302,false,false,9,2021-04-01,2021-12-31,0
2022-01-31,7893,2021-03-31,3,,,,,,,,,,,,,,,,,,,,,,,,,,,,,,,,,,,26919429,false,false,9,2020-04-01,2020-12-31,-1
2022-05-13,7893,2022-03-31,,24450000000,0.028,,,,,1893000000,-0.103,2595000000,0.110,1931000000,,0.411,74.67,,,,,,27454000000,21368000000,0.778,837.67,21368000000,,,,,35.00,,,,27716688,2207421,25855870,false,false,12,2021-04-01,2022-03-31,0
2022-05-13,7893,2021-03-31,,23785000000,0.019,,,,,2110000000,-0.043,2338000000,-0.008,1369000000,,-0.149,50.89,,,,,,27838000000,21465000000,0.771,804.39,21465000000,,,,,33.00,,,,28716688,2031321,26898026,false,false,12,2020-04-01,2021-03-31,-1
2022-05-13,7893,2022-03-31,,,,,,,,2483000000,0.166,,,,1763000000,,68.18,,,,,,35560000000,,,,,3843000000,-1609000000,-2894000000,,,0.513,,,,,,true,false,12,2021-04-01,2022-03-31,0
2022-05-13,7893,2021-03-31,,,,,,,,2130000000,-0.181,,,,1691000000,,62.87,,,,,,36337000000,,,,,3917000000,-1339000000,-1660000000,,,0.525,,,,,,true,false,12,2020-04-01,2021-03-31,-1
2022-05-13,7893,2023-03-31,,,,,,,,2800000000,-0.028,,,,1930000000,,75.66,,,,,,,,,,,,,,,,,,,,,,true,true,6,2022-04-01,2022-09-30,1
2022-05-13,7893,2023-03-31,,,,,,,,2600000000,0.047,,,,1800000000,,70.56,,,,,,,,,,,,,,,,0.510,,,,,,true,true,12,2022-04-01,2023-03-31,1
2022-05-13,7893,2023-03-31,,,,,,,,,,,,,,,,,,,,,,,,,,,,,,36.00,,,,,,,false,true,12,2022-04-01,2023-03-31,1
2022-07-29,7893,2023-03-31,1,,,,,,,2996000000,-0.015,,,,2056000000,,80.60,,,,,,39784000000,,,,,,,,,,,,,,,,true,false,3,2022-04-01,2022-06-30,0
2022-07-29,7893,2022-03-31,1,,,,,,,3043000000,0.123,,,,2106000000,,79.33,,,,,,,,,,,,,,,,,,,,,,true,false,3,2021-04-01,2021-06-30,-1
2022-07-29,7893,2023-03-31,1,,,,,,,2800000000,-0.028,,,,1930000000,,75.66,,,,,,,,,,,,,,,,,,,,,,true,true,6,2022-04-01,2022-09-30,0
2022-07-29,7893,2023-03-31,1,,,,,,,2600000000,0.047,,,,1800000000,,70.56,,,,,,,,,,,,,,,,,,,,,,true,true,12,2022-04-01,2023-03-31,0
2022-07-29,7893,2022-03-31,1,,,,,,,,,,,,,,,,,,,,35560000000,,,,,,,,,,,,,,,,true,false,12,2021-04-01,2022-03-31,-1
2022-07-29,7893,2022-03-31,1,,,,,,,,,,,,,,,,,,,,,,,,,,,,,35.00,,,,27716688,2207421,,false,false,12,2021-04-01,2022-03-31,-1
2022-07-29,7893,2023-03-31,1,,,,,,,,,,,,,,,,,,,,,,,,,,,,,36.00,,,,,,,false,true,12,2022-04-01,2023-03-31,0
2022-07-29,7893,2023-03-31,1,,,,,,,,,,,,,,,,,,,,,,,,,,,,,,,,,27716688,2207481,25509262,false,false,3,2022-04-01,2022-06-30,0
2022-07-29,7893,2022-03-31,1,,,,,,,,,,,,,,,,,,,,,,,,,,,,,,,,,,,26547836,false,false,3,2021-04-01,2021-06-30,-1
2022-10-31,7893,2023-03-31,2,,,,,,,2698000000,-0.063,,,,1864000000,,73.05,,,,,,36772000000,,,,,,,,,,,,,,,,true,false,6,2022-04-01,2022-09-30,0
2022-10-31,7893,2022-03-31,2,,,,,,,2881000000,0.087,,,,2032000000,,77.56,,,,,,,,,,,,,,,,,,,,,,true,false,6,2021-04-01,2021-09-30,-1
2022-10-31,7893,2023-03-31,2,,,,,,,2600000000,0.047,,,,1800000000,,70.56,,,,,,,,,,,,,,,,,,,,,,true,true,12,2022-04-01,2023-03-31,0
2022-10-31,7893,2022-03-31,2,,,,,,,,,,,,,,,,,,,,35560000000,,,,,,,,,,,,,,,,true,false,12,2021-04-01,2022-03-31,-1
2022-10-31,7893,2022-03-31,2,,,,,,,,,,,,,,,,,,,,,,,,,,,,,35.00,,,,27716688,2207421,,false,false,12,2021-04-01,2022-03-31,-1
2022-10-31,7893,2023-03-31,2,,,,,,,,,,,,,,,,,,,,,,,,,,,,,18.00,,,,,,,false,false,12,2022-04-01,2023-03-31,0
2022-10-31,7893,2023-03-31,2,,,,,,,,,,,,,,,,,,,,,,,,,,,,,36.00,,,,,,,false,true,12,2022-04-01,2023-03-31,0
2022-10-31,7893,2023-03-31,2,,,,,,,,,,,,,,,,,,,,,,,,,,,,,,,,,27716688,2207521,25509229,false,false,6,2022-04-01,2022-09-30,0
2022-10-31,7893,2022-03-31,2,,,,,,,,,,,,,,,,,,,,,,,,,,,,,,,,,,,26200577,false,false,6,2021-04-01,2021-09-30,-1
2023-01-31,7893,2023-03-31,3,,,,,,,2481000000,-0.159,,,,1748000000,,68.52,,,,,,35043000000,,,,,,,,,,,,,,,,true,false,9,2022-04-01,2022-12-31,0
2023-01-31,7893,2022-03-31,3,,,,,,,2952000000,0.091,,,,2090000000,,80.50,,,,,,,,,,,,,,,,,,,,,,true,false,9,2021-04-01,2021-12-31,-1
2023-01-31,7893,2023-03-31,3,,,,,,,2600000000,0.047,,,,1800000000,,70.56,,,,,,,,,,,,,,,,,,,,,,true,true,12,2022-04-01,2023-03-31,0
2023-01-31,7893,2022-03-31,3,,,,,,,,,,,,,,,,,,,,35560000000,,,,,,,,,,,,,,,,true,false,12,2021-04-01,2022-03-31,-1
2023-01-31,7893,2022-03-31,3,,,,,,,,,,,,,,,,,,,,,,,,,,,,,35.00,,,,27716688,2207421,,false,false,12,2021-04-01,2022-03-31,-1
2023-01-31,7893,2023-03-31,3,,,,,,,,,,,,,,,,,,,,,,,,,,,,,18.00,,,,,,,false,false,12,2022-04-01,2023-03-31,0
2023-01-31,7893,2023-03-31,3,,,,,,,,,,,,,,,,,,,,,,,,,,,,,36.00,,,,,,,false,true,12,2022-04-01,2023-03-31,0
2023-01-31,7893,2023-03-31,3,,,,,,,,,,,,,,,,,,,,,,,,,,,,,,,,,27716688,2207521,25509208,false,false,9,2022-04-01,2022-12-31,0
2023-01-31,7893,2022-03-31,3,,,,,,,,,,,,,,,,,,,,,,,,,,,,,,,,,,,25969302,false,false,9,2021-04-01,2021-12-31,-1
2023-05-11,7893,2023-03-31,,25155000000,0.029,,,,,1752000000,-0.074,2290000000,-0.118,1606000000,,-0.168,62.97,,,,,,28393000000,22199000000,0.782,870.25,22199000000,,,,,36.00,,,,27716688,2207521,25509198,false,false,12,2022-04-01,2023-03-31,0
2023-05-11,7893,2022-03-31,,24450000000,0.028,,,,,1893000000,-0.103,2595000000,0.110,1931000000,,0.411,74.67,,,,,,27454000000,21368000000,0.778,837.67,21368000000,,,,,35.00,,,,27716688,2207421,25855870,false,false,12,2021-04-01,2022-03-31,-1
2023-05-11,7893,2023-03-31,,,,,,,,2212000000,-0.109,,,,1618000000,,63.43,,,,,,36918000000,,,,,3600000000,-6478000000,-1762000000,,,0.568,,,,,,true,false,12,2022-04-01,2023-03-31,0
2023-05-11,7893,2022-03-31,,,,,,,,2483000000,0.166,,,,1763000000,,68.18,,,,,,35560000000,,,,,3843000000,-1609000000,-2894000000,,,0.513,,,,,,true,false,12,2021-04-01,2022-03-31,-1
2023-05-11,7893,2024-03-31,,,,,,,,2630000000,-0.025,,,,1820000000,,71.35,,,,,,,,,,,,,,,,,,,,,,true,true,6,2023-04-01,2023-09-30,1
2023-05-11,7893,2024-03-31,,,,,,,,2400000000,0.085,,,,1650000000,,64.68,,,,,,,,,,,,,,,,0.557,,,,,,true,true,12,2023-04-01,2024-03-31,1
2023-05-11,7893,2024-03-31,,,,,,,,,,,,,,,,,,,,,,,,,,,,,,36.00,,,,,,,false,true,12,2023-04-01,2024-03-31,1
2023-07-31,7893,2024-03-31,1,,,,,,,3221000000,0.075,,,,2224000000,,87.18,,,,,,44244000000,,,,,,,,,,,,,,,,true,false,3,2023-04-01,2023-06-30,0
2023-07-31,7893,2023-03-31,1,,,,,,,2996000000,-0.015,,,,2056000000,,80.60,,,,,,,,,,,,,,,,,,,,,,true,false,3,2022-04-01,2022-06-30,-1
2023-07-31,7893,2024-03-31,1,,,,,,,2630000000,-0.025,,,,1820000000,,71.35,,,,,,,,,,,,,,,,,,,,,,true,true,6,2023-04-01,2023-09-30,0
2023-07-31,7893,2024-03-31,1,,,,,,,2400000000,0.085,,,,1650000000,,64.68,,,,,,,,,,,,,,,,,,,,,,true,true,12,2023-04-01,2024-03-31,0
2023-07-31,7893,2023-03-31,1,,,,,,,,,,,,,,,,,,,,36918000000,,,,,,,,,,,,,,,,true,false,12,2022-04-01,2023-03-31,-1
2023-07-31,7893,2023-03-31,1,,,,,,,,,,,,,,,,,,,,,,,,,,,,,36.00,,,,27716688,2207521,,false,false,12,2022-04-01,2023-03-31,-1
2023-07-31,7893,2024-03-31,1,,,,,,,,,,,,,,,,,,,,,,,,,,,,,36.00,,,,,,,false,true,12,2023-04-01,2024-03-31,0
2023-07-31,7893,2024-03-31,1,,,,,,,,,,,,,,,,,,,,,,,,,,,,,,,,,27716688,2207521,25509167,false,false,3,2023-04-01,2023-06-30,0
2023-07-31,7893,2023-03-31,1,,,,,,,,,,,,,,,,,,,,,,,,,,,,,,,,,,,25509262,false,false,3,2022-04-01,2022-06-30,-1
2023-10-31,7893,2024-03-31,2,,,,,,,3029000000,0.123,,,,2074000000,,81.31,,,,,,39936000000,,,,,,,,,,,,,,,,true,false,6,2023-04-01,2023-09-30,0
2023-10-31,7893,2023-03-31,2,,,,,,,2698000000,-0.063,,,,1864000000,,73.05,,,,,,,,,,,,,,,,,,,,,,true,false,6,2022-04-01,2022-09-30,-1
2023-10-31,7893,2024-03-31,2,,,,,,,2400000000,0.085,,,,1650000000,,64.68,,,,,,,,,,,,,,,,,,,,,,true,true,12,2023-04-01,2024-03-31,0
2023-10-31,7893,2023-03-31,2,,,,,,,,,,,,,,,,,,,,36918000000,,,,,,,,,,,,,,,,true,false,12,2022-04-01,2023-03-31,-1
2023-10-31,7893,2023-03-31,2,,,,,,,,,,,,,,,,,,,,,,,,,,,,,36.00,,,,27716688,2207521,,false,false,12,2022-04-01,2023-03-31,-1
2023-10-31,7893,2024-03-31,2,,,,,,,,,,,,,,,,,,,,,,,,,,,,,18.00,,,,,,,false,false,12,2023-04-01,2024-03-31,0
2023-10-31,7893,2024-03-31,2,,,,,,,,,,,,,,,,,,,,,,,,,,,,,36.00,,,,,,,false,true,12,2023-04-01,2024-03-31,0
2023-10-31,7893,2024-03-31,2,,,,,,,,,,,,,,,,,,,,,,,,,,,,,,,,,27716688,2207565,25509151,false,false,6,2023-04-01,2023-09-30,0
2023-10-31,7893,2023-03-31,2,,,,,,,,,,,,,,,,,,,,,,,,,,,,,,,,,,,25509229,false,false,6,2022-04-01,2022-09-30,-1
2024-01-31,7893,2024-03-31,3,,,,,,,3121000000,0.258,,,,2208000000,,86.55,,,,,,38147000000,,,,,,,,,,,,,,,,true,false,9,2023-04-01,2023-12-31,0
2024-01-31,7893,2023-03-31,3,,,,,,,2481000000,-0.159,,,,1748000000,,68.52,,,,,,,,,,,,,,,,,,,,,,true,false,9,2022-04-01,2022-12-31,-1
2024-01-31,7893,2024-03-31,3,,,,,,,2400000000,0.085,,,,1650000000,,64.68,,,,,,,,,,,,,,,,,,,,,,true,true,12,2023-04-01,2024-03-31,0
2024-01-31,7893,2023-03-31,3,,,,,,,,,,,,,,,,,,,,36918000000,,,,,,,,,,,,,,,,true,false,12,2022-04-01,2023-03-31,-1
2024-01-31,7893,2023-03-31,3,,,,,,,,,,,,,,,,,,,,,,,,,,,,,36.00,,,,27716688,2207521,,false,false,12,2022-04-01,2023-03-31,-1
2024-01-31,7893,2024-03-31,3,,,,,,,,,,,,,,,,,,,,,,,,,,,,,18.00,,,,,,,false,false,12,2023-04-01,2024-03-31,0
2024-01-31,7893,2024-03-31,3,,,,,,,,,,,,,,,,,,,,,,,,,,,,,36.00,,,,,,,false,true,12,2023-04-01,2024-03-31,0
2024-01-31,7893,2024-03-31,3,,,,,,,,,,,,,,,,,,,,,,,,,,,,,,,,,27716688,2207565,25509142,false,false,9,2023-04-01,2023-12-31,0
2024-01-31,7893,2023-03-31,3,,,,,,,,,,,,,,,,,,,,,,,,,,,,,,,,,,,25509208,false,false,9,2022-04-01,2022-12-31,-1
2024-05-13,7893,2024-03-31,,25891000000,0.029,,,,,1633000000,-0.068,1744000000,-0.238,1210000000,,-0.247,47.42,,,,,,29153000000,22578000000,0.774,885.10,22578000000,,,,,36.00,,,,27716688,2207565,25509137,false,false,12,2023-04-01,2024-03-31,0
2024-05-13,7893,2023-03-31,,25155000000,0.029,,,,,1752000000,-0.074,2290000000,-0.118,1606000000,,-0.168,62.97,,,,,,28393000000,22199000000,0.782,870.25,22199000000,,,,,36.00,,,,27716688,2207521,25509198,false,false,12,2022-04-01,2023-03-31,-1
2024-05-13,7893,2024-03-31,,,,,,,,2435000000,0.101,,,,1779000000,,69.76,,,,,,38584000000,,,,,5325000000,-1713000000,-1750000000,,,0.516,,,,,,true,false,12,2023-04-01,2024-03-31,0
2024-05-13,7893,2023-03-31,,,,,,,,2212000000,-0.109,,,,1618000000,,63.43,,,,,,36918000000,,,,,3600000000,-6478000000,-1762000000,,,0.568,,,,,,true,false,12,2022-04-01,2023-03-31,-1
2024-05-13,7893,2025-03-31,,,,,,,,2900000000,-0.043,,,,2850000000,,111.72,,,,,,,,,,,,,,,,,,,,,,true,true,6,2024-04-01,2024-09-30,1
2024-05-13,7893,2025-03-31,,,,,,,,2500000000,0.027,,,,2650000000,,103.88,,,,,,,,,,,,,,,,0.501,,,,,,true,true,12,2024-04-01,2025-03-31,1
2024-05-13,7893,2025-03-31,,,,,,,,,,,,,,,,,,,,,,,,,,,,,,52.00,,,,,,,false,true,12,2024-04-01,2025-03-31,1
2024-07-31,7893,2025-03-31,1,,,,,,,3232000000,0.024,,,,3192000000,,125.13,,,,,,44559000000,,,,,,,,,,,,,,,,true,false,3,2024-04-01,2024-06-30,0
2024-07-31,7893,2024-03-31,1,,,,,,,3157000000,0.054,,,,2182000000,,85.53,,,,,,,,,,,,,,,,,,,,,,true,false,3,2023-04-01,2023-06-30,-1
2024-07-31,7893,2025-03-31,1,,,,,,,2900000000,-0.002,,,,2850000000,,111.72,,,,,,,,,,,,,,,,,,,,,,true,true,6,2024-04-01,2024-09-30,0
2024-07-31,7893,2025-03-31,1,,,,,,,2500000000,0.027,,,,2650000000,,103.88,,,,,,,,,,,,,,,,,,,,,,true,true,12,2024-04-01,2025-03-31,0
2024-07-31,7893,2024-03-31,1,,,,,,,,,,,,,,,,,,,,38584000000,,,,,,,,,,,,,,,,true,false,12,2023-04-01,2024-03-31,-1
2024-07-31,7893,2024-03-31,1,,,,,,,,,,,,,,,,,,,,,,,,,,,,,36.00,,,,27716688,2207565,,false,false,12,2023-04-01,2024-03-31,-1
2024-07-31,7893,2025-03-31,1,,,,,,,,,,,,,,,,,,,,,,,,,,,,,52.00,,,,,,,false,true,12,2024-04-01,2025-03-31,0
2024-07-31,7893,2025-03-31,1,,,,,,,,,,,,,,,,,,,,,,,,,,,,,,,,,27716688,2207605,25509097,false,false,3,2024-04-01,2024-06-30,0
2024-07-31,7893,2024-03-31,1,,,,,,,,,,,,,,,,,,,,,,,,,,,,,,,,,,,25509167,false,false,3,2023-04-01,2023-06-30,-1
2024-10-31,7893,2025-03-31,2,,,,,,,3163000000,0.089,,,,3132000000,,122.76,,,,,,41643000000,,,,,,,,,,,,,,,,true,false,6,2024-04-01,2024-09-30,0
2024-10-31,7893,2024-03-31,2,,,,,,,2905000000,0.077,,,,1993000000,,78.12,,,,,,,,,,,,,,,,,,,,,,true,false,6,2023-04-01,2023-09-30,-1
2024-10-31,7893,2025-03-31,2,,,,,,,2500000000,0.027,,,,2650000000,,103.88,,,,,,,,,,,,,,,,,,,,,,true,true,12,2024-04-01,2025-03-31,0
2024-10-31,7893,2024-03-31,2,,,,,,,,,,,,,,,,,,,,38584000000,,,,,,,,,,,,,,,,true,false,12,2023-04-01,2024-03-31,-1
2024-10-31,7893,2024-03-31,2,,,,,,,,,,,,,,,,,,,,,,,,,,,,,36.00,,,,27716688,2207565,,false,false,12,2023-04-01,2024-03-31,-1
2024-10-31,7893,2025-03-31,2,,,,,,,,,,,,,,,,,,,,,,,,,,,,,26.00,,,,,,,false,false,12,2024-04-01,2025-03-31,0
2024-10-31,7893,2025-03-31,2,,,,,,,,,,,,,,,,,,,,,,,,,,,,,52.00,,,,,,,false,true,12,2024-04-01,2025-03-31,0
2024-10-31,7893,2025-03-31,2,,,,,,,,,,,,,,,,,,,,,,,,,,,,,,,,,27716688,2207608,25509089,false,false,6,2024-04-01,2024-09-30,0
2024-10-31,7893,2024-03-31,2,,,,,,,,,,,,,,,,,,,,,,,,,,,,,,,,,,,25509151,false,false,6,2023-04-01,2023-09-30,-1
2025-01-31,7893,2025-03-31,3,,,,,,,3261000000,0.108,,,,3206000000,,125.67,,,,,,40064000000,,,,,,,,,,,,,,,,true,false,9,2024-04-01,2024-12-31,0
2025-01-31,7893,2024-03-31,3,,,,,,,2944000000,0.187,,,,2091000000,,81.98,,,,,,,,,,,,,,,,,,,,,,true,false,9,2023-04-01,2023-12-31,-1
2025-01-31,7893,2025-03-31,3,,,,,,,2500000000,0.027,,,,2650000000,,103.88,,,,,,,,,,,,,,,,,,,,,,true,true,12,2024-04-01,2025-03-31,0
2025-01-31,7893,2024-03-31,3,,,,,,,,,,,,,,,,,,,,38584000000,,,,,,,,,,,,,,,,true,false,12,2023-04-01,2024-03-31,-1
2025-01-31,7893,2024-03-31,3,,,,,,,,,,,,,,,,,,,,,,,,,,,,,36.00,,,,27716688,2207565,,false,false,12,2023-04-01,2024-03-31,-1
2025-01-31,7893,2025-03-31,3,,,,,,,,,,,,,,,,,,,,,,,,,,,,,26.00,,,,,,,false,false,12,2024-04-01,2025-03-31,0
2025-01-31,7893,2025-03-31,3,,,,,,,,,,,,,,,,,,,,,,,,,,,,,52.00,,,,,,,false,true,12,2024-04-01,2025-03-31,0
2025-01-31,7893,2025-03-31,3,,,,,,,,,,,,,,,,,,,,,,,,,,,,,,,,,27716688,2207608,25509086,false,false,9,2024-04-01,2024-12-31,0
2025-01-31,7893,2024-03-31,3,,,,,,,,,,,,,,,,,,,,,,,,,,,,,,,,,,,25509142,false,false,9,2023-04-01,2023-12-31,-1
2025-04-21,78930,2025-03-31,,,,,,,,200000000,-0.920,,,,490000000,,19.21,,,,,,,,,,,,,,,,,,,,,,true,true,12,2024-04-01,2025-03-31,0
2025-04-21,78930,2024-03-31,,,,,,,,2435000000,,,,,1779000000,,69.76,,,,,,,,,,,,,,,,,,,,,,true,false,12,2023-04-01,2024-03-31,-1
2025-05-09,7893,2025-03-31,,26828000000,0.036,,,,,1751000000,0.072,2237000000,0.283,446000000,,-0.631,17.48,,,,,,29505000000,22039000000,0.747,863.99,22039000000,,,,,52.00,,,,27716688,2207608,25509084,false,false,12,2024-04-01,2025-03-31,0
2025-05-09,7893,2024-03-31,,25891000000,0.029,,,,,1633000000,-0.068,1744000000,-0.238,1210000000,,-0.247,47.42,,,,,,29153000000,22578000000,0.774,885.10,22578000000,,,,,36.00,,,,27716688,2207565,25509137,false,false,12,2023-04-01,2024-03-31,-1
2025-05-09,7893,2025-03-31,,,,,,,,209000000,-0.914,,,,451000000,,17.68,,,,,,38660000000,,,,,4286000000,597000000,-2014000000,,,2.941,,,,,,true,false,12,2024-04-01,2025-03-31,0
2025-05-09,7893,2024-03-31,,,,,,,,2435000000,0.101,,,,1779000000,,69.76,,,,,,38584000000,,,,,5325000000,-1713000000,-1750000000,,,0.516,,,,,,true,false,12,2023-04-01,2024-03-31,-1
2025-05-09,7893,2026-03-31,,,,,,,,3300000000,0.043,,,,2100000000,,82.32,,,,,,,,,,,,,,,,,,,,,,true,true,6,2025-04-01,2025-09-30,1
2025-05-09,7893,2026-03-31,,,,,,,,2800000000,,,,,1800000000,,70.56,,,,,,,,,,,,,,,,0.539,,,,,,true,true,12,2025-04-01,2026-03-31,1
2025-05-09,7893,2026-03-31,,,,,,,,,,,,,,,,,,,,,,,,,,,,,,38.00,,,,,,,false,true,12,2025-04-01,2026-03-31,1
