filing_date,code,fiscal_year_end,quarterly_period,net_sales,net_sales_change,revenue,revenue_change,operating_revenue,operating_revenue_change,operating_profit,operating_profit_change,ordinary_profit,ordinary_profit_change,net_income,net_income_of_parent,net_income_change,eps,diluted_eps,roe,roa,operating_profit_to_net_sales,operating_profit_to_revenue,total_assets,net_assets,equity_ratio,bps,owner_equity,operating_cash_flow,investing_cash_flow,financing_cash_flow,cash,dividend_per_share,payout_ratio,commemorative_dividend,extra_dividend,number_of_shares,number_of_treqsury_shares,avg_number_of_shares,is_consolidated,is_forecast,duration,period_start,period_end,period_pos
2015-07-31,78960,2016-03-31,1,3069000000,0.002,,,,,16000000,2.199,7000000,,6000000,,6.708,0.41,,,,,,11481000000,5497000000,0.479,,5497000000,,,,,,,,,15577500,673688,14904072,false,false,3,2015-04-01,2015-06-30,0
2015-07-31,78960,2015-03-31,1,3062000000,0.113,,,,,5000000,-0.616,-4000000,,0,,,0.05,,,,,,,,,,,,,,,,,,,,,14907183,false,false,3,2014-04-01,2014-06-30,-1
2015-07-31,78960,2016-03-31,1,6250000000,0.036,,,,,35000000,,15000000,,13000000,,,0.87,,,,,,,,,,,,,,,,,,,,,,false,true,6,2015-04-01,2015-09-30,0
2015-07-31,78960,2016-03-31,1,13061000000,0.003,,,,,222000000,0.521,180000000,0.685,150000000,,0.358,10.06,,,,,,,,,,,,,,,,,,,,,,false,true,12,2015-04-01,2016-03-31,0
2015-07-31,78960,2015-03-31,1,,,,,,,,,,,,,,,,,,,,11643000000,5491000000,0.472,,5491000000,,,,,0.00,,,,15577500,673178,,false,false,12,2014-04-01,2015-03-31,-1
2015-10-22,78960,2016-03-31,,6055000000,-0.031,,,,,12000000,-0.657,-7000000,,2000000,,-0.846,0.15,,,,,,,,,,,,,,,,,,,,,,false,true,6,2015-04-01,2015-09-30,0
2015-10-22,78960,2015-03-31,,6030000000,,,,,,-24000000,,-43000000,,-8000000,,,-0.57,,,,,,,,,,,,,,,,,,,,,,false,false,6,2014-04-01,2014-09-30,-1
2015-10-22,78960,2016-03-31,,,,,,,,,,,,,,,,,,,,,,,,,,,,,,0.00,,,,,,,false,true,12,2015-04-01,2016-03-31,0
2015-10-22,78960,2015-03-31,,,,,,,,,,,,,,,,,,,,,,,,,,,,,,0.00,,,,,,,false,false,12,2014-04-01,2015-03-31,-1
2015-10-30,78960,2016-03-31,2,6055000000,0.004,,,,,12000000,,-7000000,,2000000,,,0.15,,,,,,11132000000,5493000000,0.493,,5493000000,,,,,,,,,15577500,674829,14903648,false,false,6,2015-04-01,2015-09-30,0
2015-10-30,78960,2015-03-31,2,6030000000,0.013,,,,,-24000000,,-43000000,,-8000000,,,-0.57,,,,,,,,,,,,,,,,,,,,,14907063,false,false,6,2014-04-01,2014-09-30,-1
2015-10-30,78960,2016-03-31,2,13061000000,0.003,,,,,222000000,0.521,180000000,0.685,150000000,,0.358,10.06,,,,,,,,,,,,,,,,,,,,,,false,true,12,2015-04-01,2016-03-31,0
2015-10-30,78960,2015-03-31,2,,,,,,,,,,,,,,,,,,,,11643000000,5491000000,0.472,,5491000000,,,,,0.00,,,,15577500,673178,,false,false,12,2014-04-01,2015-03-31,-1
2015-10-30,78960,2016-03-31,2,,,,,,,,,,,,,,,,,,,,,,,,,,,,,0.00,,,,,,,false,false,12,2015-04-01,2016-03-31,0
2016-01-29,78960,2016-03-31,3,9330000000,-0.025,,,,,88000000,0.332,60000000,0.621,51000000,,0.033,3.44,,,,,,12134000000,5542000000,0.457,,5542000000,,,,,,,,,15577500,675899,14903042,false,false,9,2015-04-01,2015-12-31,0
2016-01-29,78960,2015-03-31,3,9569000000,0.006,,,,,66000000,-0.680,37000000,-0.783,49000000,,-0.671,3.33,,,,,,,,,,,,,,,,,,,,,14906903,false,false,9,2014-04-01,2014-12-31,-1
2016-01-29,78960,2016-03-31,3,13061000000,0.003,,,,,222000000,0.521,180000000,0.685,150000000,,0.358,10.06,,,,,,,,,,,,,,,,,,,,,,false,true,12,2015-04-01,2016-03-31,0
2016-01-29,78960,2015-03-31,3,,,,,,,,,,,,,,,,,,,,11643000000,5491000000,0.472,,5491000000,,,,,0.00,,,,15577500,673178,,false,false,12,2014-04-01,2015-03-31,-1
2016-01-29,78960,2016-03-31,3,,,,,,,,,,,,,,,,,,,,,,,,,,,,,0.00,,,,,,,false,false,12,2015-04-01,2016-03-31,0
,78960,2016-03-31,,,,,,,,,,,,,,,,,,,,,,,,,,,,,,2.00,,,,,,,false,true,12,2015-04-01,2016-03-31,0
,78960,2016-03-31,,,,,,,,,,,,,,,,,,,,,,,,,,,,,,0.00,,,,,,,false,false,12,2015-04-01,2016-03-31,0
,78960,2015-03-31,,,,,,,,,,,,,,,,,,,,,,,,,,,,,,0.00,,,,,,,false,false,12,2014-04-01,2015-03-31,-1
2016-04-28,78960,2016-03-31,,12557000000,-0.035,,,,,176000000,0.211,138000000,0.292,126000000,,0.142,8.46,,0.023,0.012,0.014,,11308000000,5617000000,0.497,377.00,5617000000,669000000,-193000000,-431000000,777000000,2.00,0.236,,,15577500,678031,14902478,false,false,12,2015-04-01,2016-03-31,0
2016-04-28,78960,2015-03-31,,13018000000,-0.006,,,,,145000000,-0.559,106000000,-0.621,110000000,,-0.614,7.41,,0.020,0.009,0.011,,11643000000,5491000000,0.472,368.43,5491000000,173000000,-322000000,110000000,733000000,0.00,,,,15577500,673178,14906533,false,false,12,2014-04-01,2015-03-31,-1
2016-04-28,78960,2017-03-31,,6730000000,0.111,,,,,65000000,4.260,45000000,,25000000,,9.825,1.68,,,,,,,,,,,,,,,,,,,,,,false,true,6,2016-04-01,2016-09-30,1
2016-04-28,78960,2017-03-31,,13880000000,0.105,,,,,280000000,0.584,240000000,0.738,200000000,,0.586,13.42,,,,,,,,,,,,,,,3.00,0.224,,,,,,false,true,12,2016-04-01,2017-03-31,1
2016-07-29,78960,2017-03-31,1,3051000000,-0.006,,,,,-25000000,,-33000000,,-26000000,,,-1.79,,,,,,11436000000,5560000000,0.486,,5560000000,,,,,,,,,15577500,678601,14899177,false,false,3,2016-04-01,2016-06-30,0
2016-07-29,78960,2016-03-31,1,3069000000,0.002,,,,,16000000,2.199,7000000,,6000000,,6.708,0.41,,,,,,,,,,,,,,,,,,,,,14904072,false,false,3,2015-04-01,2015-06-30,-1
2016-07-29,78960,2017-03-31,1,6730000000,0.111,,,,,65000000,4.260,45000000,,25000000,,9.825,1.68,,,,,,,,,,,,,,,,,,,,,,false,true,6,2016-04-01,2016-09-30,0
2016-07-29,78960,2017-03-31,1,13880000000,0.105,,,,,280000000,0.584,240000000,0.738,200000000,,0.586,13.42,,,,,,,,,,,,,,,3.00,,,,,,,false,true,12,2016-04-01,2017-03-31,0
2016-07-29,78960,2016-03-31,1,,,,,,,,,,,,,,,,,,,,11308000000,5617000000,0.497,,5617000000,,,,,2.00,,,,15577500,678031,,false,false,12,2015-04-01,2016-03-31,-1
2016-10-20,78960,2017-03-31,,6478000000,-0.037,,,,,69000000,0.062,54000000,0.200,40000000,,0.600,2.74,,,,,,,,,,,,,,,,,,,,,,false,true,6,2016-04-01,2016-09-30,0
2016-10-20,78960,2016-03-31,,6055000000,,,,,,12000000,,-7000000,,2000000,,,0.15,,,,,,,,,,,,,,,,,,,,,,false,false,6,2015-04-01,2015-09-30,-1
2016-10-31,78960,2017-03-31,2,6478000000,0.070,,,,,69000000,4.603,54000000,,40000000,,,2.74,,,,,,11348000000,5628000000,0.496,,5628000000,,,,,,,,,15577500,679941,14898890,false,false,6,2016-04-01,2016-09-30,0
2016-10-31,78960,2016-03-31,2,6055000000,0.004,,,,,12000000,,-7000000,,2000000,,,0.15,,,,,,,,,,,,,,,,,,,,,14903648,false,false,6,2015-04-01,2015-09-30,-1
2016-10-31,78960,2017-03-31,2,13880000000,0.105,,,,,280000000,0.584,240000000,0.738,200000000,,0.586,13.42,,,,,,,,,,,,,,,3.00,,,,,,,false,true,12,2016-04-01,2017-03-31,0
2016-10-31,78960,2016-03-31,2,,,,,,,,,,,,,,,,,,,,11308000000,5617000000,0.497,,5617000000,,,,,2.00,,,,15577500,678031,,false,false,12,2015-04-01,2016-03-31,-1
2016-10-31,78960,2017-03-31,2,,,,,,,,,,,,,,,,,,,,,,,,,,,,,1.00,,,,,,,false,false,12,2016-04-01,2017-03-31,0
2017-01-31,78960,2017-03-31,3,10014000000,0.073,,,,,232000000,1.617,211000000,2.484,163000000,,2.186,10.96,,,,,,11991000000,5735000000,0.478,,5735000000,,,,,,,,,15577500,680981,14898394,false,false,9,2016-04-01,2016-12-31,0
2017-01-31,78960,2016-03-31,3,9330000000,-0.025,,,,,88000000,0.332,60000000,0.621,51000000,,0.033,3.44,,,,,,,,,,,,,,,,,,,,,14903042,false,false,9,2015-04-01,2015-12-31,-1
2017-01-31,78960,2017-03-31,3,13880000000,0.105,,,,,280000000,0.584,240000000,0.738,200000000,,0.586,13.42,,,,,,,,,,,,,,,3.00,,,,,,,false,true,12,2016-04-01,2017-03-31,0
2017-01-31,78960,2016-03-31,3,,,,,,,,,,,,,,,,,,,,11308000000,5617000000,0.497,,5617000000,,,,,2.00,,,,15577500,678031,,false,false,12,2015-04-01,2016-03-31,-1
2017-01-31,78960,2017-03-31,3,,,,,,,,,,,,,,,,,,,,,,,,,,,,,1.00,,,,,,,false,false,12,2016-04-01,2017-03-31,0
2017-04-20,78960,2017-03-31,,13518000000,-0.026,,,,,354000000,0.264,326000000,0.358,266000000,,0.330,17.89,,,,,,,,,,,,,,,,,,,,,,false,true,12,2016-04-01,2017-03-31,0
2017-04-20,78960,2016-03-31,,12557000000,,,,,,176000000,,138000000,,126000000,,,8.46,,,,,,,,,,,,,,,,,,,,,,false,false,12,2015-04-01,2016-03-31,-1
2017-04-28,78960,2017-03-31,,13518000000,0.077,,,,,354000000,1.004,326000000,1.367,266000000,,1.113,17.89,,0.047,0.029,0.026,,11134000000,5838000000,0.524,391.95,5838000000,365000000,-272000000,-130000000,740000000,3.00,0.168,,,15577500,681501,14897882,false,false,12,2016-04-01,2017-03-31,0
2017-04-28,78960,2016-03-31,,12557000000,-0.035,,,,,176000000,0.211,138000000,0.292,126000000,,0.142,8.46,,0.023,0.012,0.014,,11308000000,5617000000,0.497,377.00,5617000000,669000000,-193000000,-431000000,777000000,2.00,0.236,,,15577500,678031,14902478,false,false,12,2015-04-01,2016-03-31,-1
2017-04-28,78960,2018-03-31,,6730000000,0.039,,,,,125000000,0.805,110000000,1.017,70000000,,0.714,4.70,,,,,,,,,,,,,,,,,,,,,,false,true,6,2017-04-01,2017-09-30,1
2017-04-28,78960,2018-03-31,,14000000000,0.036,,,,,400000000,0.130,370000000,0.132,300000000,,0.126,20.14,,,,,,,,,,,,,,,3.00,0.149,,,,,,false,true,12,2017-04-01,2018-03-31,1
,78960,2018-03-31,,,,,,,,,,,,,,,,,,,,,,,,,,,,,,20.00,,,,,,,false,true,12,2017-04-01,2018-03-31,0
,78960,2017-03-31,,,,,,,,,,,,,,,,,,,,,,,,,,,,,,3.00,,,,,,,false,false,12,2016-04-01,2017-03-31,-1
2017-07-31,78960,2018-03-31,1,3213000000,0.053,,,,,62000000,,55000000,,36000000,,,2.45,,,,,,11150000000,5845000000,0.524,,5845000000,,,,,,,,,15577500,681967,14895727,false,false,3,2017-04-01,2017-06-30,0
2017-07-31,78960,2017-03-31,1,3051000000,-0.006,,,,,-25000000,,-33000000,,-26000000,,,-1.79,,,,,,,,,,,,,,,,,,,,,14899177,false,false,3,2016-04-01,2016-06-30,-1
2017-07-31,78960,2018-03-31,1,6730000000,0.039,,,,,125000000,0.805,110000000,1.017,70000000,,0.714,4.70,,,,,,,,,,,,,,,,,,,,,,false,true,6,2017-04-01,2017-09-30,0
2017-07-31,78960,2018-03-31,1,14000000000,0.036,,,,,400000000,0.130,370000000,0.132,300000000,,0.126,201.37,,,,,,,,,,,,,,,20.00,,,,,,,false,true,12,2017-04-01,2018-03-31,0
2017-07-31,78960,2017-03-31,1,,,,,,,,,,,,,,,,,,,,11134000000,5838000000,0.524,,5838000000,,,,,3.00,,,,15577500,681501,,false,false,12,2016-04-01,2017-03-31,-1
2017-10-26,78960,2018-03-31,,6732000000,0.000,,,,,165000000,0.320,153000000,0.391,103000000,,0.471,69.48,,,,,,,,,,,,,,,,,,,,,,false,true,6,2017-04-01,2017-09-30,0
2017-10-26,78960,2017-03-31,,6478000000,,,,,,69000000,,54000000,,40000000,,,27.41,,,,,,,,,,,,,,,,,,,,,,false,false,6,2016-04-01,2016-09-30,-1
2017-10-31,78960,2018-03-31,2,6732000000,0.039,,,,,165000000,1.384,153000000,1.818,103000000,,1.535,69.48,,,,,,11361000000,5912000000,0.520,,5912000000,,,,,,,,,1557750,68298,1489527,false,false,6,2017-04-01,2017-09-30,0
2017-10-31,78960,2017-03-31,2,6478000000,0.070,,,,,69000000,4.603,54000000,,40000000,,,27.41,,,,,,,,,,,,,,,,,,,,,1489889,false,false,6,2016-04-01,2016-09-30,-1
2017-10-31,78960,2018-03-31,2,14000000000,0.036,,,,,400000000,0.130,370000000,0.132,300000000,,0.126,201.37,,,,,,,,,,,,,,,20.00,,,,,,,false,true,12,2017-04-01,2018-03-31,0
2017-10-31,78960,2017-03-31,2,,,,,,,,,,,,,,,,,,,,11134000000,5838000000,0.524,,5838000000,,,,,3.00,,,,1557750,68150,,false,false,12,2016-04-01,2017-03-31,-1
2017-10-31,78960,2018-03-31,2,,,,,,,,,,,,,,,,,,,,,,,,,,,,,1.00,,,,,,,false,false,12,2017-04-01,2018-03-31,0
2018-01-31,78960,2018-03-31,3,10445000000,0.043,,,,,278000000,0.202,263000000,0.245,189000000,,0.163,127.52,,,,,,11693000000,5984000000,0.512,,5984000000,,,,,,,,,1557750,68430,1489484,false,false,9,2017-04-01,2017-12-31,0
2018-01-31,78960,2017-03-31,3,10014000000,0.073,,,,,232000000,1.617,211000000,2.484,163000000,,2.186,109.63,,,,,,,,,,,,,,,,,,,,,1489840,false,false,9,2016-04-01,2016-12-31,-1
2018-01-31,78960,2018-03-31,3,14000000000,0.036,,,,,400000000,0.130,370000000,0.132,300000000,,0.126,201.37,,,,,,,,,,,,,,,20.00,,,,,,,false,true,12,2017-04-01,2018-03-31,0
2018-01-31,78960,2017-03-31,3,,,,,,,,,,,,,,,,,,,,11134000000,5838000000,0.524,,5838000000,,,,,3.00,,,,1557750,68150,,false,false,12,2016-04-01,2017-03-31,-1
2018-01-31,78960,2018-03-31,3,,,,,,,,,,,,,,,,,,,,,,,,,,,,,1.00,,,,,,,false,false,12,2017-04-01,2018-03-31,0
2018-04-27,78960,2018-03-31,,14090000000,0.042,,,,,392000000,0.110,372000000,0.140,332000000,,0.249,223.48,,0.056,0.033,0.028,,11575000000,6126000000,0.529,4113.96,6126000000,305000000,-138000000,-188000000,718000000,30.00,0.179,,,1557750,68627,1489413,false,false,12,2017-04-01,2018-03-31,0
2018-04-27,78960,2017-03-31,,13518000000,0.077,,,,,354000000,1.004,326000000,1.367,266000000,,1.113,178.90,,0.047,0.029,0.026,,11134000000,5838000000,0.524,3919.45,5838000000,365000000,-272000000,-130000000,740000000,3.00,0.168,,,1557750,68150,1489789,false,false,12,2016-04-01,2017-03-31,-1
2018-04-27,78960,2019-03-31,,7120000000,0.058,,,,,185000000,0.121,175000000,0.138,110000000,,0.063,73.85,,,,,,,,,,,,,,,,,,,,,,false,true,6,2018-04-01,2018-09-30,1
2018-04-27,78960,2019-03-31,,14600000000,0.036,,,,,470000000,0.196,450000000,0.208,350000000,,0.052,234.99,,,,,,,,,,,,,,,40.00,0.170,,,,,,false,true,12,2018-04-01,2019-03-31,1
,78960,2018-03-31,,,,,,,,,,,,,,,,,,,,,,,,,,,,,,30.00,,,,,,,false,true,12,2017-04-01,2018-03-31,0
,78960,2018-03-31,,,,,,,,,,,,,,,,,,,,,,,,,,,,,,1.00,,,,,,,false,false,12,2017-04-01,2018-03-31,0
,78960,2017-03-31,,,,,,,,,,,,,,,,,,,,,,,,,,,,,,3.00,,,,,,,false,false,12,2016-04-01,2017-03-31,-1
2018-07-31,78960,2019-03-31,1,3393000000,0.056,,,,,52000000,-0.155,47000000,-0.149,28000000,,-0.218,19.19,,,,,,11442000000,6109000000,0.534,,6109000000,,,,,,,,,1557750,68638,1489113,false,false,3,2018-04-01,2018-06-30,0
2018-07-31,78960,2018-03-31,1,3213000000,0.053,,,,,62000000,,55000000,,36000000,,,24.53,,,,,,,,,,,,,,,,,,,,,1489573,false,false,3,2017-04-01,2017-06-30,-1
2018-07-31,78960,2019-03-31,1,7120000000,0.058,,,,,185000000,0.121,175000000,0.138,110000000,,0.063,73.85,,,,,,,,,,,,,,,,,,,,,,false,true,6,2018-04-01,2018-09-30,0
2018-07-31,78960,2019-03-31,1,14600000000,0.036,,,,,470000000,0.196,450000000,0.208,350000000,,0.052,234.99,,,,,,,,,,,,,,,40.00,,,,,,,false,true,12,2018-04-01,2019-03-31,0
2018-07-31,78960,2018-03-31,1,,,,,,,,,,,,,,,,,,,,11534000000,6126000000,0.531,,6126000000,,,,,30.00,,,,1557750,68627,,false,false,12,2017-04-01,2018-03-31,-1
2018-10-25,78960,2019-03-31,,6923000000,-0.028,,,,,93000000,-0.497,84000000,-0.520,21000000,,-0.809,14.57,,,,,,,,,,,,,,,,,,,,,,false,true,6,2018-04-01,2018-09-30,0
2018-10-25,78960,2018-03-31,,6732000000,,,,,,165000000,,153000000,,103000000,,,69.48,,,,,,,,,,,,,,,,,,,,,,false,false,6,2017-04-01,2017-09-30,-1
2018-10-25,78960,2019-03-31,,14600000000,,,,,,300000000,-0.362,290000000,-0.356,200000000,,-0.429,134.31,,,,,,,,,,,,,,,,,,,,,,false,true,12,2018-04-01,2019-03-31,0
2018-10-25,78960,2018-03-31,,14090000000,,,,,,392000000,,372000000,,332000000,,,223.48,,,,,,,,,,,,,,,,,,,,,,false,false,12,2017-04-01,2018-03-31,-1
2018-10-31,78960,2019-03-31,2,6923000000,0.028,,,,,93000000,-0.434,84000000,-0.453,21000000,,-0.790,14.57,,,,,,11409000000,6102000000,0.535,,6102000000,,,,,,,,,1557750,68670,1489104,false,false,6,2018-04-01,2018-09-30,0
2018-10-31,78960,2018-03-31,2,6732000000,0.039,,,,,165000000,1.384,153000000,1.818,103000000,,1.535,69.48,,,,,,,,,,,,,,,,,,,,,1489527,false,false,6,2017-04-01,2017-09-30,-1
2018-10-31,78960,2019-03-31,2,14600000000,0.036,,,,,300000000,-0.237,290000000,-0.222,200000000,,-0.399,134.31,,,,,,,,,,,,,,,40.00,,,,,,,false,true,12,2018-04-01,2019-03-31,0
2018-10-31,78960,2018-03-31,2,,,,,,,,,,,,,,,,,,,,11534000000,6126000000,0.531,,6126000000,,,,,30.00,,,,1557750,68627,,false,false,12,2017-04-01,2018-03-31,-1
2018-10-31,78960,2019-03-31,2,,,,,,,,,,,,,,,,,,,,,,,,,,,,,20.00,,,,,,,false,false,12,2018-04-01,2019-03-31,0
2019-01-31,78960,2019-03-31,3,10819000000,0.036,,,,,257000000,-0.076,244000000,-0.071,145000000,,-0.235,97.60,,,,,,11769000000,6196000000,0.526,,6196000000,,,,,,,,,1557750,68753,1489090,false,false,9,2018-04-01,2018-12-31,0
2019-01-31,78960,2018-03-31,3,10445000000,0.043,,,,,278000000,0.202,263000000,0.245,189000000,,0.163,127.52,,,,,,,,,,,,,,,,,,,,,1489484,false,false,9,2017-04-01,2017-12-31,-1
2019-01-31,78960,2019-03-31,3,14600000000,0.036,,,,,300000000,-0.237,290000000,-0.222,200000000,,-0.399,134.31,,,,,,,,,,,,,,,40.00,,,,,,,false,true,12,2018-04-01,2019-03-31,0
2019-01-31,78960,2018-03-31,3,,,,,,,,,,,,,,,,,,,,11534000000,6126000000,0.531,,6126000000,,,,,30.00,,,,1557750,68627,,false,false,12,2017-04-01,2018-03-31,-1
2019-01-31,78960,2019-03-31,3,,,,,,,,,,,,,,,,,,,,,,,,,,,,,20.00,,,,,,,false,false,12,2018-04-01,2019-03-31,0
2019-04-26,78960,2019-03-31,,14633000000,0.039,,,,,378000000,-0.036,363000000,-0.023,234000000,,-0.296,157.40,,0.038,0.031,0.026,,11871000000,6285000000,0.529,4221.32,6285000000,204000000,-171000000,33000000,784000000,40.00,0.254,,,1557750,68860,1489050,false,false,12,2018-04-01,2019-03-31,0
2019-04-26,78960,2018-03-31,,14090000000,0.042,,,,,392000000,0.110,372000000,0.140,332000000,,0.249,223.48,,0.056,0.033,0.028,,11534000000,6126000000,0.531,4113.96,6126000000,305000000,-138000000,-188000000,718000000,30.00,0.179,,,1557750,68627,1489413,false,false,12,2017-04-01,2018-03-31,-1
2019-04-26,78960,2020-03-31,,7150000000,0.033,,,,,98000000,0.049,88000000,0.046,47000000,,1.167,31.56,,,,,,,,,,,,,,,,,,,,,,false,true,6,2019-04-01,2019-09-30,1
2019-04-26,78960,2020-03-31,,15000000000,0.025,,,,,330000000,-0.129,310000000,-0.148,240000000,,0.024,161.18,,,,,,,,,,,,,,,40.00,0.248,,,,,,false,true,12,2019-04-01,2020-03-31,1
2019-07-31,78960,2020-03-31,1,3504000000,0.033,,,,,55000000,0.064,51000000,0.083,33000000,,0.172,22.50,,,,,,11430000000,6288000000,0.550,,6288000000,,,,,,,,,1557750,68860,1488890,false,false,3,2019-04-01,2019-06-30,0
2019-07-31,78960,2019-03-31,1,3393000000,0.056,,,,,52000000,-0.155,47000000,-0.149,28000000,,-0.218,19.19,,,,,,,,,,,,,,,,,,,,,1489113,false,false,3,2018-04-01,2018-06-30,-1
2019-07-31,78960,2020-03-31,1,7150000000,0.033,,,,,98000000,0.049,88000000,0.046,47000000,,1.167,31.56,,,,,,,,,,,,,,,,,,,,,,false,true,6,2019-04-01,2019-09-30,0
2019-07-31,78960,2020-03-31,1,15000000000,0.025,,,,,330000000,-0.129,310000000,-0.148,240000000,,0.024,161.18,,,,,,,,,,,,,,,40.00,,,,,,,false,true,12,2019-04-01,2020-03-31,0
2019-07-31,78960,2019-03-31,1,,,,,,,,,,,,,,,,,,,,11871000000,6285000000,0.529,,6285000000,,,,,40.00,,,,1557750,68860,,false,false,12,2018-04-01,2019-03-31,-1
2019-10-24,78960,2020-03-31,,7244000000,0.013,,,,,160000000,0.633,152000000,0.727,127000000,,1.702,85.95,,,,,,,,,,,,,,,,,,,,,,false,true,6,2019-04-01,2019-09-30,0
2019-10-24,78960,2019-03-31,,6923000000,,,,,,93000000,,84000000,,21000000,,,14.57,,,,,,,,,,,,,,,,,,,,,,false,false,6,2018-04-01,2018-09-30,-1
2019-10-24,78960,2020-03-31,,15000000000,,,,,,390000000,0.182,370000000,0.194,320000000,,0.333,214.93,,,,,,,,,,,,,,,,,,,,,,false,true,12,2019-04-01,2020-03-31,0
2019-10-24,78960,2019-03-31,,14633000000,,,,,,378000000,,363000000,,234000000,,,157.40,,,,,,,,,,,,,,,,,,,,,,false,false,12,2018-04-01,2019-03-31,-1
2019-10-31,78960,2020-03-31,2,7244000000,0.046,,,,,160000000,0.717,152000000,0.812,127000000,,4.900,85.95,,,,,,11152000000,6382000000,0.572,,6382000000,,,,,,,,,1557750,68919,1488874,false,false,6,2019-04-01,2019-09-30,0
2019-10-31,78960,2019-03-31,2,6923000000,0.028,,,,,93000000,-0.434,84000000,-0.453,21000000,,-0.790,14.57,,,,,,,,,,,,,,,,,,,,,1489104,false,false,6,2018-04-01,2018-09-30,-1
2019-10-31,78960,2020-03-31,2,15000000000,0.025,,,,,390000000,0.030,370000000,0.017,320000000,,0.365,214.93,,,,,,,,,,,,,,,45.00,,,,,,,false,true,12,2019-04-01,2020-03-31,0
2019-10-31,78960,2019-03-31,2,,,,,,,,,,,,,,,,,,,,11871000000,6285000000,0.529,,6285000000,,,,,40.00,,,,1557750,68860,,false,false,12,2018-04-01,2019-03-31,-1
2019-10-31,78960,2020-03-31,2,,,,,,,,,,,,,,,,,,,,,,,,,,,,,25.00,,,,,,,false,false,12,2019-04-01,2020-03-31,0
2020-01-31,78960,2020-03-31,3,10971000000,0.014,,,,,320000000,0.242,308000000,0.262,256000000,,0.764,172.19,,,,,,11420000000,6473000000,0.567,,6473000000,,,,,,,,,1557750,69052,1488842,false,false,9,2019-04-01,2019-12-31,0
2020-01-31,78960,2019-03-31,3,10819000000,0.036,,,,,257000000,-0.076,244000000,-0.071,145000000,,-0.235,97.60,,,,,,,,,,,,,,,,,,,,,1489090,false,false,9,2018-04-01,2018-12-31,-1
2020-01-31,78960,2020-03-31,3,15000000000,0.025,,,,,390000000,0.030,370000000,0.017,320000000,,0.365,214.93,,,,,,,,,,,,,,,45.00,,,,,,,false,true,12,2019-04-01,2020-03-31,0
2020-01-31,78960,2019-03-31,3,,,,,,,,,,,,,,,,,,,,11871000000,6285000000,0.529,,6285000000,,,,,40.00,,,,1557750,68860,,false,false,12,2018-04-01,2019-03-31,-1
2020-01-31,78960,2020-03-31,3,,,,,,,,,,,,,,,,,,,,,,,,,,,,,25.00,,,,,,,false,false,12,2019-04-01,2020-03-31,0
2020-05-15,78960,2020-03-31,,14642000000,0.001,,,,,398000000,0.053,382000000,0.052,247000000,,0.056,166.25,,0.039,0.034,0.027,,10829000000,6463000000,0.597,4341.85,6463000000,1263000000,-171000000,-1059000000,817000000,65.00,0.391,,,1557750,69152,1488794,false,false,12,2019-04-01,2020-03-31,0
2020-05-15,78960,2019-03-31,,14633000000,0.039,,,,,378000000,-0.036,363000000,-0.023,234000000,,-0.296,157.40,,0.038,0.031,0.026,,11871000000,6285000000,0.529,4221.32,6285000000,204000000,-171000000,33000000,784000000,40.00,0.254,,,1557750,68860,1489050,false,false,12,2018-04-01,2019-03-31,-1
2020-07-31,78960,2021-03-31,1,3202000000,-0.086,,,,,65000000,0.180,63000000,0.228,67000000,,1.014,15.11,,,,,,10580000000,6470000000,0.612,,6470000000,,,,,,,,,1557750,69247,1488581,false,false,3,2020-04-01,2020-06-30,0
2020-07-31,78960,2020-03-31,1,3504000000,0.033,,,,,55000000,0.064,51000000,0.083,33000000,,0.172,7.50,,,,,,,,,,,,,,,,,,,,,1488890,false,false,3,2019-04-01,2019-06-30,-1
2020-07-31,78960,2021-03-31,1,6200000000,-0.144,,,,,50000000,-0.688,50000000,-0.672,50000000,,-0.609,11.20,,,,,,,,,,,,,,,,,,,,,,false,true,6,2020-04-01,2020-09-30,0
2020-07-31,78960,2021-03-31,1,12400000000,-0.153,,,,,70000000,-0.825,70000000,-0.817,110000000,,-0.556,24.63,,,,,,,,,,,,,,,7.00,,,,,,,false,true,12,2020-04-01,2021-03-31,0
2020-07-31,78960,2020-03-31,1,,,,,,,,,,,,,,,,,,,,10829000000,6463000000,0.597,,6463000000,,,,,65.00,,,,1557750,69152,,false,false,12,2019-04-01,2020-03-31,-1
2020-10-30,78960,2021-03-31,2,6303000000,-0.130,,,,,38000000,-0.760,55000000,-0.639,60000000,,-0.531,13.45,,,,,,10226000000,6463000000,0.632,,6463000000,,,,,,,,,4673250,208077,4465566,false,false,6,2020-04-01,2020-09-30,0
2020-10-30,78960,2020-03-31,2,7244000000,0.046,,,,,160000000,0.717,152000000,0.812,127000000,,4.900,28.65,,,,,,,,,,,,,,,,,,,,,4466622,false,false,6,2019-04-01,2019-09-30,-1
2020-10-30,78960,2021-03-31,2,12400000000,-0.153,,,,,70000000,-0.825,70000000,-0.817,110000000,,-0.556,24.63,,,,,,,,,,,,,,,7.00,,,,,,,false,true,12,2020-04-01,2021-03-31,0
2020-10-30,78960,2020-03-31,2,,,,,,,,,,,,,,,,,,,,10829000000,6463000000,0.597,,6463000000,,,,,65.00,,,,4673250,207456,,false,false,12,2019-04-01,2020-03-31,-1
2020-10-30,78960,2021-03-31,2,,,,,,,,,,,,,,,,,,,,,,,,,,,,,20.00,,,,,,,false,false,12,2020-04-01,2021-03-31,0
2021-01-29,78960,2021-03-31,3,9620000000,-0.123,,,,,156000000,-0.510,188000000,-0.390,185000000,,-0.275,41.64,,,,,,10446000000,6559000000,0.628,,6559000000,,,,,,,,,4673250,208350,4465414,false,false,9,2020-04-01,2020-12-31,0
2021-01-29,78960,2020-03-31,3,10971000000,0.014,,,,,320000000,0.242,308000000,0.262,256000000,,0.764,57.40,,,,,,,,,,,,,,,,,,,,,4466526,false,false,9,2019-04-01,2019-12-31,-1
2021-01-29,78960,2021-03-31,3,12400000000,-0.153,,,,,70000000,-0.825,70000000,-0.817,110000000,,-0.556,24.63,,,,,,,,,,,,,,,7.00,,,,,,,false,true,12,2020-04-01,2021-03-31,0
2021-01-29,78960,2020-03-31,3,,,,,,,,,,,,,,,,,,,,10829000000,6463000000,0.597,,6463000000,,,,,65.00,,,,4673250,207456,,false,false,12,2019-04-01,2020-03-31,-1
2021-01-29,78960,2021-03-31,3,,,,,,,,,,,,,,,,,,,,,,,,,,,,,20.00,,,,,,,false,false,12,2020-04-01,2021-03-31,0
2021-04-23,78960,2021-03-31,,12686000000,0.023,,,,,156000000,1.229,219000000,2.129,275000000,,1.500,61.73,,,,,,,,,,,,,,,,,,,,,,false,true,12,2020-04-01,2021-03-31,0
2021-04-23,78960,2020-03-31,,14642000000,,,,,,398000000,,382000000,,247000000,,,55.42,,,,,,,,,,,,,,,,,,,,,,false,false,12,2019-04-01,2020-03-31,-1
2021-04-30,78960,2021-03-31,,12686000000,-0.134,,,,,156000000,-0.607,219000000,-0.425,275000000,,0.114,61.73,,0.042,0.021,0.012,,10153000000,6650000000,0.655,1489.54,6650000000,623000000,-104000000,-544000000,792000000,7.00,0.221,,,4673250,208431,4465277,false,false,12,2020-04-01,2021-03-31,0
2021-04-30,78960,2020-03-31,,14642000000,0.001,,,,,398000000,0.053,382000000,0.052,247000000,,0.056,55.42,,0.039,0.034,0.027,,10829000000,6463000000,0.597,1447.28,6463000000,1263000000,-171000000,-1059000000,817000000,65.00,0.391,,,4673250,207456,4466382,false,false,12,2019-04-01,2020-03-31,-1
2021-04-30,78960,2022-03-31,,6600000000,0.047,,,,,70000000,0.820,65000000,0.180,65000000,,0.082,14.56,,,,,,,,,,,,,,,,,,,,,,false,true,6,2021-04-01,2021-09-30,1
2021-04-30,78960,2022-03-31,,13400000000,0.056,,,,,225000000,0.434,220000000,0.000,175000000,,-0.365,39.20,,,,,,,,,,,,,,,14.00,0.357,,,,,,false,true,12,2021-04-01,2022-03-31,1
2021-07-30,78960,2022-03-31,1,3252000000,,,,,,-8000000,,-7000000,,26000000,,,5.83,,,,,,10255000000,6643000000,0.648,,6643000000,,,,,,,,,4673250,208461,4464803,false,false,3,2021-04-01,2021-06-30,0
2021-07-30,78960,2021-03-31,1,3202000000,-0.086,,,,,65000000,0.180,63000000,0.228,67000000,,1.014,15.11,,,,,,,,,,,,,,,,,,,,,4465743,false,false,3,2020-04-01,2020-06-30,-1
2021-07-30,78960,2022-03-31,1,6600000000,,,,,,70000000,,65000000,,65000000,,,14.56,,,,,,,,,,,,,,,,,,,,,,false,true,6,2021-04-01,2021-09-30,0
2021-07-30,78960,2022-03-31,1,13400000000,,,,,,225000000,,220000000,,175000000,,,39.20,,,,,,,,,,,,,,,14.00,,,,,,,false,true,12,2021-04-01,2022-03-31,0
2021-07-30,78960,2021-03-31,1,,,,,,,,,,,,,,,,,,,,10153000000,6650000000,0.655,,6650000000,,,,,7.00,,,,4673250,208431,,false,false,12,2020-04-01,2021-03-31,-1
2021-10-21,78960,2022-03-31,,6954000000,0.054,,,,,146000000,1.086,148000000,1.277,139000000,,1.138,31.18,,,,,,,,,,,,,,,,,,,,,,false,true,6,2021-04-01,2021-09-30,0
2021-10-21,78960,2021-03-31,,6303000000,,,,,,38000000,,55000000,,60000000,,,13.45,,,,,,,,,,,,,,,,,,,,,,false,false,6,2020-04-01,2020-09-30,-1
2021-10-29,7896,2022-03-31,2,6954000000,,,,,,146000000,,148000000,,139000000,,,31.18,,,,,,10784000000,6756000000,0.627,,6756000000,,,,,,,,,4673250,208461,4464796,false,false,6,2021-04-01,2021-09-30,0
2021-10-29,7896,2021-03-31,2,6303000000,-0.130,,,,,38000000,-0.760,55000000,-0.639,60000000,,-0.531,13.45,,,,,,,,,,,,,,,,,,,,,4465566,false,false,6,2020-04-01,2020-09-30,-1
2021-10-29,7896,2022-03-31,2,13400000000,,,,,,225000000,,220000000,,175000000,,,39.20,,,,,,,,,,,,,,,14.00,,,,,,,false,true,12,2021-04-01,2022-03-31,0
2021-10-29,7896,2021-03-31,2,,,,,,,,,,,,,,,,,,,,10153000000,6650000000,0.655,,6650000000,,,,,7.00,,,,4673250,208431,,false,false,12,2020-04-01,2021-03-31,-1
2021-10-29,7896,2022-03-31,2,,,,,,,,,,,,,,,,,,,,,,,,,,,,,7.00,,,,,,,false,false,12,2021-04-01,2022-03-31,0
2022-01-31,7896,2022-03-31,3,11554000000,,,,,,379000000,,395000000,,307000000,,,68.94,,,,,,11978000000,6894000000,0.576,,6894000000,,,,,,,,,4673250,208581,4464785,false,false,9,2021-04-01,2021-12-31,0
2022-01-31,7896,2021-03-31,3,9620000000,-0.123,,,,,156000000,-0.510,188000000,-0.390,185000000,,-0.275,41.64,,,,,,,,,,,,,,,,,,,,,4465414,false,false,9,2020-04-01,2020-12-31,-1
2022-01-31,7896,2022-03-31,3,15500000000,,,,,,450000000,,450000000,,330000000,,,73.91,,,,,,,,,,,,,,,17.00,,,,,,,false,true,12,2021-04-01,2022-03-31,0
2022-01-31,7896,2021-03-31,3,,,,,,,,,,,,,,,,,,,,10153000000,6650000000,0.655,,6650000000,,,,,7.00,,,,4673250,208431,,false,false,12,2020-04-01,2021-03-31,-1
2022-01-31,7896,2022-03-31,3,,,,,,,,,,,,,,,,,,,,,,,,,,,,,7.00,,,,,,,false,false,12,2021-04-01,2022-03-31,0
2022-04-28,7896,2022-03-31,,16016000000,,,,,,463000000,,478000000,,361000000,,,81.07,,0.053,0.043,0.029,,11984000000,6948000000,0.580,1556.29,6948000000,-332000000,-71000000,360000000,751000000,17.00,0.210,,,4673250,208581,4464756,false,false,12,2021-04-01,2022-03-31,0
2022-04-28,7896,2021-03-31,,12686000000,-0.134,,,,,156000000,-0.607,219000000,-0.425,275000000,,0.114,61.73,,0.042,0.021,0.012,,10153000000,6650000000,0.655,1489.54,6650000000,623000000,-104000000,-544000000,792000000,7.00,0.221,,,4673250,208431,4465277,false,false,12,2020-04-01,2021-03-31,-1
2022-04-28,7896,2023-03-31,,8450000000,0.215,,,,,185000000,0.263,185000000,0.247,130000000,,-0.066,29.12,,,,,,,,,,,,,,,,,,,,,,false,true,6,2022-04-01,2022-09-30,1
2022-04-28,7896,2023-03-31,,16470000000,0.028,,,,,360000000,-0.223,360000000,-0.248,250000000,,-0.309,55.99,,,,,,,,,,,,,,,20.00,0.357,,,,,,false,true,12,2022-04-01,2023-03-31,1
2022-07-29,7896,2023-03-31,1,4318000000,0.328,,,,,101000000,,100000000,,67000000,,1.588,15.10,,,,,,12050000000,6970000000,0.578,,6970000000,,,,,,,,,4673250,208611,4464659,false,false,3,2022-04-01,2022-06-30,0
2022-07-29,7896,2022-03-31,1,3252000000,,,,,,-8000000,,-7000000,,26000000,,,5.83,,,,,,,,,,,,,,,,,,,,,4464803,false,false,3,2021-04-01,2021-06-30,-1
2022-07-29,7896,2023-03-31,1,8450000000,0.215,,,,,185000000,0.263,185000000,0.247,130000000,,-0.066,29.12,,,,,,,,,,,,,,,,,,,,,,false,true,6,2022-04-01,2022-09-30,0
2022-07-29,7896,2023-03-31,1,16470000000,0.028,,,,,360000000,-0.223,360000000,-0.248,250000000,,-0.309,55.99,,,,,,,,,,,,,,,20.00,,,,,,,false,true,12,2022-04-01,2023-03-31,0
2022-07-29,7896,2022-03-31,1,,,,,,,,,,,,,,,,,,,,11984000000,6948000000,0.580,,6948000000,,,,,17.00,,,,4673250,208581,,false,false,12,2021-04-01,2022-03-31,-1
2022-10-31,7896,2023-03-31,2,9011000000,0.296,,,,,218000000,0.492,220000000,0.489,149000000,,0.071,33.40,,,,,,12469000000,7053000000,0.566,,7053000000,,,,,,,,,4673250,208611,4464649,false,false,6,2022-04-01,2022-09-30,0
2022-10-31,7896,2022-03-31,2,6954000000,,,,,,146000000,,148000000,,139000000,,,31.18,,,,,,,,,,,,,,,,,,,,,4464796,false,false,6,2021-04-01,2021-09-30,-1
2022-10-31,7896,2023-03-31,2,16470000000,0.028,,,,,360000000,-0.223,360000000,-0.248,250000000,,-0.309,55.99,,,,,,,,,,,,,,,20.00,,,,,,,false,true,12,2022-04-01,2023-03-31,0
2022-10-31,7896,2022-03-31,2,,,,,,,,,,,,,,,,,,,,11984000000,6948000000,0.580,,6948000000,,,,,17.00,,,,4673250,208581,,false,false,12,2021-04-01,2022-03-31,-1
2022-10-31,7896,2023-03-31,2,,,,,,,,,,,,,,,,,,,,,,,,,,,,,10.00,,,,,,,false,false,12,2022-04-01,2023-03-31,0
2023-01-31,7896,2023-03-31,3,13545000000,0.172,,,,,320000000,-0.155,322000000,-0.185,218000000,,-0.291,48.87,,,,,,12625000000,7077000000,0.561,,7077000000,,,,,,,,,4673250,208754,4464621,false,false,9,2022-04-01,2022-12-31,0
2023-01-31,7896,2022-03-31,3,11554000000,,,,,,379000000,,395000000,,307000000,,,68.94,,,,,,,,,,,,,,,,,,,,,4464785,false,false,9,2021-04-01,2021-12-31,-1
2023-01-31,7896,2023-03-31,3,16470000000,0.028,,,,,360000000,-0.223,360000000,-0.248,250000000,,-0.309,55.99,,,,,,,,,,,,,,,20.00,,,,,,,false,true,12,2022-04-01,2023-03-31,0
2023-01-31,7896,2022-03-31,3,,,,,,,,,,,,,,,,,,,,11984000000,6948000000,0.580,,6948000000,,,,,17.00,,,,4673250,208581,,false,false,12,2021-04-01,2022-03-31,-1
2023-01-31,7896,2023-03-31,3,,,,,,,,,,,,,,,,,,,,,,,,,,,,,10.00,,,,,,,false,false,12,2022-04-01,2023-03-31,0
2023-04-28,7896,2023-03-31,,17655000000,0.102,,,,,325000000,-0.296,328000000,-0.314,231000000,,-0.361,51.82,,0.033,0.028,0.018,,11825000000,7090000000,0.600,1588.17,7090000000,281000000,-256000000,-2000000,775000000,20.00,0.386,,,4673250,208754,4464591,false,false,12,2022-04-01,2023-03-31,0
2023-04-28,7896,2022-03-31,,16016000000,,,,,,463000000,,478000000,,361000000,,,81.07,,0.053,0.043,0.029,,11984000000,6948000000,0.580,1556.29,6948000000,-332000000,-71000000,360000000,751000000,17.00,0.210,,,4673250,208581,4464756,false,false,12,2021-04-01,2022-03-31,-1
2023-04-28,7896,2024-03-31,,8200000000,-0.090,,,,,115000000,-0.474,110000000,-0.502,75000000,,-0.497,16.80,,,,,,,,,,,,,,,,,,,,,,false,true,6,2023-04-01,2023-09-30,1
2023-04-28,7896,2024-03-31,,16500000000,-0.065,,,,,310000000,-0.049,300000000,-0.087,200000000,,-0.135,44.80,,,,,,,,,,,,,,,20.00,0.446,,,,,,false,true,12,2023-04-01,2024-03-31,1
2023-07-31,7896,2024-03-31,1,3863000000,-0.105,,,,,-46000000,,-39000000,,-30000000,,,-6.82,,,,,,11539000000,7015000000,0.608,,7015000000,,,,,,,,,4673250,208876,4464407,false,false,3,2023-04-01,2023-06-30,0
2023-07-31,7896,2023-03-31,1,4318000000,0.328,,,,,101000000,,100000000,,67000000,,1.588,15.10,,,,,,,,,,,,,,,,,,,,,4464659,false,false,3,2022-04-01,2022-06-30,-1
2023-07-31,7896,2024-03-31,1,8200000000,-0.090,,,,,115000000,-0.474,110000000,-0.502,75000000,,-0.497,16.80,,,,,,,,,,,,,,,,,,,,,,false,true,6,2023-04-01,2023-09-30,0
2023-07-31,7896,2024-03-31,1,16500000000,-0.065,,,,,310000000,-0.049,300000000,-0.087,200000000,,-0.135,44.80,,,,,,,,,,,,,,,20.00,,,,,,,false,true,12,2023-04-01,2024-03-31,0
2023-07-31,7896,2023-03-31,1,,,,,,,,,,,,,,,,,,,,11825000000,7090000000,0.600,,7090000000,,,,,20.00,,,,4673250,208754,,false,false,12,2022-04-01,2023-03-31,-1
2023-10-31,7896,2024-03-31,2,7782000000,-0.136,,,,,-26000000,,-20000000,,-785000000,,,-175.94,,,,,,10796000000,6261000000,0.580,,6261000000,,,,,,,,,4673250,209038,4464346,false,false,6,2023-04-01,2023-09-30,0
2023-10-31,7896,2023-03-31,2,9011000000,0.296,,,,,218000000,0.492,220000000,0.489,149000000,,0.071,33.40,,,,,,,,,,,,,,,,,,,,,4464649,false,false,6,2022-04-01,2022-09-30,-1
2023-10-31,7896,2024-03-31,2,15520000000,-0.121,,,,,-23000000,,-20000000,,-795000000,,,-178.08,,,,,,,,,,,,,,,20.00,,,,,,,false,true,12,2023-04-01,2024-03-31,0
2023-10-31,7896,2023-03-31,2,,,,,,,,,,,,,,,,,,,,11825000000,7090000000,0.600,,7090000000,,,,,20.00,,,,4673250,208754,,false,false,12,2022-04-01,2023-03-31,-1
2023-10-31,7896,2024-03-31,2,,,,,,,,,,,,,,,,,,,,,,,,,,,,,10.00,,,,,,,false,false,12,2023-04-01,2024-03-31,0
2024-01-31,7896,2024-03-31,3,11782000000,-0.130,,,,,59000000,-0.814,64000000,-0.800,-714000000,,,-159.95,,,,,,10772000000,6288000000,0.584,,6288000000,,,,,,,,,4673250,209162,4464277,false,false,9,2023-04-01,2023-12-31,0
2024-01-31,7896,2023-03-31,3,13545000000,0.172,,,,,320000000,-0.155,322000000,-0.185,218000000,,-0.291,48.87,,,,,,,,,,,,,,,,,,,,,4464621,false,false,9,2022-04-01,2022-12-31,-1
2024-01-31,7896,2024-03-31,3,15520000000,-0.121,,,,,-23000000,,-20000000,,-795000000,,,-178.08,,,,,,,,,,,,,,,20.00,,,,,,,false,true,12,2023-04-01,2024-03-31,0
2024-01-31,7896,2023-03-31,3,,,,,,,,,,,,,,,,,,,,11825000000,7090000000,0.600,,7090000000,,,,,20.00,,,,4673250,208754,,false,false,12,2022-04-01,2023-03-31,-1
2024-01-31,7896,2024-03-31,3,,,,,,,,,,,,,,,,,,,,,,,,,,,,,10.00,,,,,,,false,false,12,2023-04-01,2024-03-31,0
2024-04-30,78960,2024-03-31,,15264000000,-0.016,,,,,37000000,,42000000,,-745000000,,,-166.93,,,,,,,,,,,,,,,,,,,,,,false,true,12,2023-04-01,2024-03-31,0
2024-04-30,78960,2023-03-31,,17655000000,,,,,,325000000,,328000000,,231000000,,,51.82,,,,,,,,,,,,,,,,,,,,,,false,false,12,2022-04-01,2023-03-31,-1
2024-04-30,7896,2024-03-31,,15264000000,-0.135,,,,,37000000,-0.885,42000000,-0.870,-783000000,,,-175.58,,-0.118,0.004,0.002,,10556000000,6219000000,0.589,1393.16,6219000000,879000000,-229000000,-297000000,1130000000,20.00,,,,4673250,209282,4464211,false,false,12,2023-04-01,2024-03-31,0
2024-04-30,7896,2023-03-31,,17655000000,0.102,,,,,325000000,-0.296,328000000,-0.314,231000000,,-0.361,51.82,,0.033,0.028,0.018,,11825000000,7090000000,0.600,1588.17,7090000000,281000000,-256000000,-2000000,775000000,20.00,0.386,,,4673250,208754,4464591,false,false,12,2022-04-01,2023-03-31,-1
2024-04-30,7896,2025-03-31,,7518000000,-0.034,,,,,-8000000,,-7000000,,-22000000,,,-4.93,,,,,,,,,,,,,,,,,,,,,,false,true,6,2024-04-01,2024-09-30,1
2024-04-30,7896,2025-03-31,,15547000000,0.019,,,,,116000000,2.101,113000000,1.637,66000000,,,14.78,,,,,,,,,,,,,,,20.00,1.353,,,,,,false,true,12,2024-04-01,2025-03-31,1
2024-07-31,7896,2025-03-31,1,3707000000,-0.040,,,,,10000000,,20000000,,12000000,,,2.78,,,,,,10593000000,6186000000,0.584,,6186000000,,,,,,,,,4673250,209315,4463942,false,false,3,2024-04-01,2024-06-30,0
2024-07-31,7896,2024-03-31,1,3863000000,-0.105,,,,,-46000000,,-39000000,,-30000000,,,-6.82,,,,,,,,,,,,,,,,,,,,,4464407,false,false,3,2023-04-01,2023-06-30,-1
2024-07-31,7896,2025-03-31,1,7518000000,-0.034,,,,,-8000000,,-7000000,,-22000000,,,-4.93,,,,,,,,,,,,,,,,,,,,,,false,true,6,2024-04-01,2024-09-30,0
2024-07-31,7896,2025-03-31,1,15547000000,0.019,,,,,116000000,2.101,113000000,1.637,66000000,,,14.78,,,,,,,,,,,,,,,20.00,,,,,,,false,true,12,2024-04-01,2025-03-31,0
2024-07-31,7896,2024-03-31,1,,,,,,,,,,,,,,,,,,,,10556000000,6219000000,0.589,,6219000000,,,,,20.00,,,,4673250,209282,,false,false,12,2023-04-01,2024-03-31,-1
2024-10-24,78960,2025-03-31,,7654000000,0.018,,,,,50000000,,57000000,,42000000,,,9.46,,,,,,,,,,,,,,,,,,,,,,false,true,6,2024-04-01,2024-09-30,0
2024-10-24,78960,2024-03-31,,7782000000,,,,,,-26000000,,-20000000,,-785000000,,,-175.94,,,,,,,,,,,,,,,,,,,,,,false,false,6,2023-04-01,2023-09-30,-1
2024-10-31,7896,2025-03-31,2,7654000000,-0.016,,,,,50000000,,57000000,,42000000,,,9.46,,,,,,10209000000,6216000000,0.609,,6216000000,,,,,,,,,4673250,209378,4463934,false,false,6,2024-04-01,2024-09-30,0
2024-10-31,7896,2024-03-31,2,7782000000,-0.136,,,,,-26000000,,-20000000,,-785000000,,,-175.94,,,,,,,,,,,,,,,,,,,,,4464346,false,false,6,2023-04-01,2023-09-30,-1
2024-10-31,7896,2025-03-31,2,15547000000,0.019,,,,,116000000,2.101,113000000,1.637,66000000,,,14.78,,,,,,,,,,,,,,,20.00,,,,,,,false,true,12,2024-04-01,2025-03-31,0
2024-10-31,7896,2024-03-31,2,,,,,,,,,,,,,,,,,,,,10556000000,6219000000,0.589,,6219000000,,,,,20.00,,,,4673250,209282,,false,false,12,2023-04-01,2024-03-31,-1
2024-10-31,7896,2025-03-31,2,,,,,,,,,,,,,,,,,,,,,,,,,,,,,10.00,,,,,,,false,false,12,2024-04-01,2025-03-31,0
2025-01-31,7896,2025-03-31,3,11734000000,-0.004,,,,,195000000,2.275,204000000,2.175,181000000,,,40.71,,,,,,10750000000,6311000000,0.587,,6311000000,,,,,,,,,4673250,209378,4463914,false,false,9,2024-04-01,2024-12-31,0
2025-01-31,7896,2024-03-31,3,11782000000,-0.130,,,,,59000000,-0.814,64000000,-0.800,-714000000,,,-159.95,,,,,,,,,,,,,,,,,,,,,4464277,false,false,9,2023-04-01,2023-12-31,-1
2025-01-31,7896,2025-03-31,3,15547000000,0.019,,,,,205000000,4.480,210000000,3.900,185000000,,,41.44,,,,,,,,,,,,,,,20.00,,,,,,,false,true,12,2024-04-01,2025-03-31,0
2025-01-31,7896,2024-03-31,3,,,,,,,,,,,,,,,,,,,,10556000000,6219000000,0.589,,6219000000,,,,,20.00,,,,4673250,209282,,false,false,12,2023-04-01,2024-03-31,-1
2025-01-31,7896,2025-03-31,3,,,,,,,,,,,,,,,,,,,,,,,,,,,,,10.00,,,,,,,false,false,12,2024-04-01,2025-03-31,0
2025-04-30,7896,2025-03-31,,15419000000,0.010,,,,,183000000,3.908,189000000,3.411,184000000,,,41.43,,0.030,0.018,0.012,,10942000000,6313000000,0.577,1414.40,6313000000,328000000,-505000000,243000000,1197000000,20.00,0.483,,,4673250,209564,4463872,false,false,12,2024-04-01,2025-03-31,0
2025-04-30,7896,2024-03-31,,15264000000,-0.135,,,,,37000000,-0.885,42000000,-0.870,-783000000,,,-175.58,,-0.118,0.004,0.002,,10556000000,6219000000,0.589,1393.16,6219000000,879000000,-229000000,-297000000,1130000000,20.00,,,,4673250,209282,4464211,false,false,12,2023-04-01,2024-03-31,-1
2025-04-30,7896,2026-03-31,,7900000000,0.032,,,,,52000000,0.033,50000000,-0.131,30000000,,-0.289,6.72,,,,,,,,,,,,,,,,,,,,,,false,true,6,2025-04-01,2025-09-30,1
2025-04-30,7896,2026-03-31,,16100000000,0.044,,,,,110000000,-0.401,100000000,-0.471,70000000,,-0.622,15.68,,,,,,,,,,,,,,,20.00,1.275,,,,,,false,true,12,2025-04-01,2026-03-31,1
2025-07-31,7896,2026-03-31,1,3850000000,0.039,,,,,0,-0.982,5000000,-0.726,-7000000,,,-1.78,,,,,,10892000000,6261000000,0.575,,6261000000,,,,,,,,,4673250,209564,4463686,false,false,3,2025-04-01,2025-06-30,0
2025-07-31,7896,2025-03-31,1,3707000000,-0.040,,,,,10000000,,20000000,,12000000,,,2.78,,,,,,,,,,,,,,,,,,,,,4463942,false,false,3,2024-04-01,2024-06-30,-1
2025-07-31,7896,2026-03-31,1,7900000000,0.032,,,,,52000000,0.033,50000000,-0.131,30000000,,-0.289,6.72,,,,,,,,,,,,,,,,,,,,,,false,true,6,2025-04-01,2025-09-30,0
2025-07-31,7896,2026-03-31,1,16100000000,0.044,,,,,110000000,-0.401,100000000,-0.471,70000000,,-0.622,15.68,,,,,,,,,,,,,,,20.00,,,,,,,false,true,12,2025-04-01,2026-03-31,0
2025-07-31,7896,2025-03-31,1,,,,,,,,,,,,,,,,,,,,10942000000,6313000000,0.577,,6313000000,,,,,20.00,,,,4673250,209564,,false,false,12,2024-04-01,2025-03-31,-1
