filing_date,code,fiscal_year_end,quarterly_period,net_sales,net_sales_change,revenue,revenue_change,operating_revenue,operating_revenue_change,operating_profit,operating_profit_change,ordinary_profit,ordinary_profit_change,net_income,net_income_of_parent,net_income_change,eps,diluted_eps,roe,roa,operating_profit_to_net_sales,operating_profit_to_revenue,total_assets,net_assets,equity_ratio,bps,owner_equity,operating_cash_flow,investing_cash_flow,financing_cash_flow,cash,dividend_per_share,payout_ratio,commemorative_dividend,extra_dividend,number_of_shares,number_of_treqsury_shares,avg_number_of_shares,is_consolidated,is_forecast,duration,period_start,period_end,period_pos
2015-05-15,79080,2015-03-31,,17391000000,-0.199,,,,,-150000000,,228000000,-0.914,50000000,,-0.972,0.97,,0.002,0.008,,,27732000000,21824000000,0.787,421.72,21824000000,1496000000,-1589000000,-629000000,11780000000,,5.155,,,,,,true,false,12,2014-04-01,2015-03-31,0
2015-05-15,79080,2014-03-31,,21721000000,-0.030,,,,,2448000000,0.032,2673000000,0.014,1786000000,,0.215,34.35,,0.086,0.092,0.113,,28799000000,21432000000,0.744,414.15,21432000000,1171000000,-61000000,-987000000,12189000000,,0.247,,,,,,true,false,12,2013-04-01,2014-03-31,-1
2015-05-15,79080,2016-03-31,,8700000000,0.006,,,,,10000000,,30000000,-0.328,,0,,0.00,,,,,,,,,,,,,,,,,,,,,,true,true,6,2015-04-01,2015-09-30,1
2015-05-15,79080,2016-03-31,,18700000000,0.075,,,,,430000000,,450000000,0.966,,360000000,,6.96,,,,,,,,,,,,,,,,0.718,,,,,,true,true,12,2015-04-01,2016-03-31,1
2015-05-15,79080,2015-03-31,,15719000000,-0.217,,,,,-203000000,,143000000,-0.944,-10000000,,,-0.19,,,,,,26663000000,21055000000,0.790,406.88,21055000000,,,,,5.00,,,,54772564,3022118,51750446,false,false,12,2014-04-01,2015-03-31,0
2015-05-15,79080,2014-03-31,,20074000000,-0.027,,,,,2367000000,0.088,2560000000,0.087,1632000000,,0.128,31.39,,,,,,28031000000,21055000000,0.751,406.87,21055000000,,,,,17.00,,,,54772564,3022118,52023001,false,false,12,2013-04-01,2014-03-31,-1
2015-05-15,79080,2016-03-31,,7700000000,-0.018,,,,,,,-50000000,,-70000000,,,-1.35,,,,,,,,,,,,,,,,,,,,,,false,true,6,2015-04-01,2015-09-30,1
2015-05-15,79080,2016-03-31,,16500000000,0.050,,,,,,,280000000,0.950,180000000,,,3.48,,,,,,,,,,,,,,,5.00,,,,,,,false,true,12,2015-04-01,2016-03-31,1
2015-07-31,79080,2016-03-31,1,4102000000,-0.027,,,,,-264000000,,-226000000,,,-179000000,,-3.47,,,,,,27776000000,21601000000,0.778,,21601000000,,,,,,,,,,,,true,false,3,2015-04-01,2015-06-30,0
2015-07-31,79080,2015-03-31,1,4214000000,-0.280,,,,,-16000000,,-17000000,,,-38000000,,-0.74,,,,,,,,,,,,,,,,,,,,,,true,false,3,2014-04-01,2014-06-30,-1
2015-07-31,79080,2016-03-31,1,8700000000,0.006,,,,,10000000,,30000000,-0.328,,0,,0.00,,,,,,,,,,,,,,,,,,,,,,true,true,6,2015-04-01,2015-09-30,0
2015-07-31,79080,2016-03-31,1,18700000000,0.075,,,,,430000000,,450000000,0.966,,360000000,,6.96,,,,,,,,,,,,,,,,,,,,,,true,true,12,2015-04-01,2016-03-31,0
2015-07-31,79080,2015-03-31,1,,,,,,,,,,,,,,,,,,,,27732000000,21824000000,0.787,,21824000000,,,,,,,,,,,,true,false,12,2014-04-01,2015-03-31,-1
2015-07-31,79080,2015-03-31,1,,,,,,,,,,,,,,,,,,,,,,,,,,,,,5.00,,,,54772564,3022118,,false,false,12,2014-04-01,2015-03-31,-1
2015-07-31,79080,2016-03-31,1,,,,,,,,,,,,,,,,,,,,,,,,,,,,,5.00,,,,,,,false,true,12,2015-04-01,2016-03-31,0
2015-07-31,79080,2016-03-31,1,,,,,,,,,,,,,,,,,,,,,,,,,,,,,,,,,54772564,3022118,51750446,false,false,3,2015-04-01,2015-06-30,0
2015-07-31,79080,2015-03-31,1,,,,,,,,,,,,,,,,,,,,,,,,,,,,,,,,,,,51750446,false,false,3,2014-04-01,2014-06-30,-1
2015-10-30,79080,2016-03-31,2,8320000000,-0.038,,,,,-82000000,,-45000000,,,-155000000,,-3.00,,,,,,27454000000,21426000000,0.780,,21426000000,,,,,,,,,,,,true,false,6,2015-04-01,2015-09-30,0
2015-10-30,79080,2015-03-31,2,8647000000,-0.250,,,,,-96000000,,44000000,-0.975,,0,,0.01,,,,,,,,,,,,,,,,,,,,,,true,false,6,2014-04-01,2014-09-30,-1
2015-10-30,79080,2016-03-31,2,17500000000,0.006,,,,,70000000,,135000000,-0.410,,0,,0.00,,,,,,,,,,,,,,,,,,,,,,true,true,12,2015-04-01,2016-03-31,0
2015-10-30,79080,2015-03-31,2,,,,,,,,,,,,,,,,,,,,27732000000,21824000000,0.787,,21824000000,,,,,,,,,,,,true,false,12,2014-04-01,2015-03-31,-1
2015-10-30,79080,2015-03-31,2,,,,,,,,,,,,,,,,,,,,,,,,,,,,,5.00,,,,54772564,3022118,,false,false,12,2014-04-01,2015-03-31,-1
2015-10-30,79080,2016-03-31,2,,,,,,,,,,,,,,,,,,,,,,,,,,,,,2.00,,,,,,,false,false,12,2015-04-01,2016-03-31,0
2015-10-30,79080,2016-03-31,2,,,,,,,,,,,,,,,,,,,,,,,,,,,,,5.00,,,,,,,false,true,12,2015-04-01,2016-03-31,0
2015-10-30,79080,2016-03-31,2,,,,,,,,,,,,,,,,,,,,,,,,,,,,,,,,,54772564,3022118,51750446,false,false,6,2015-04-01,2015-09-30,0
2015-10-30,79080,2015-03-31,2,,,,,,,,,,,,,,,,,,,,,,,,,,,,,,,,,,,51750446,false,false,6,2014-04-01,2014-09-30,-1
2015-10-30,79080,2016-03-31,,8320000000,-0.044,,,,,-82000000,,-45000000,,,-155000000,,-3.00,,,,,,,,,,,,,,,,,,,,,,true,true,6,2015-04-01,2015-09-30,0
2015-10-30,79080,2015-03-31,,8647000000,,,,,,-96000000,,44000000,,,0,,0.01,,,,,,,,,,,,,,,,,,,,,,true,false,6,2014-04-01,2014-09-30,-1
2015-10-30,79080,2016-03-31,,17500000000,-0.064,,,,,70000000,-0.837,135000000,-0.700,,0,,0.00,,,,,,,,,,,,,,,,,,,,,,true,true,12,2015-04-01,2016-03-31,0
2015-10-30,79080,2015-03-31,,17391000000,,,,,,-150000000,,228000000,,,50000000,,0.97,,,,,,,,,,,,,,,,,,,,,,true,false,12,2014-04-01,2015-03-31,-1
2015-10-30,79080,2016-03-31,,7337000000,-0.047,,,,,,,-163000000,,-233000000,,,-4.51,,,,,,,,,,,,,,,,,,,,,,false,true,6,2015-04-01,2015-09-30,0
2015-10-30,79080,2015-03-31,,7840000000,,,,,,,,-11000000,,-30000000,,,-0.60,,,,,,,,,,,,,,,,,,,,,,false,false,6,2014-04-01,2014-09-30,-1
2015-10-30,79080,2016-03-31,,15640000000,-0.052,,,,,,,-40000000,,-125000000,,,-2.42,,,,,,,,,,,,,,,,,,,,,,false,true,12,2015-04-01,2016-03-31,0
2015-10-30,79080,2015-03-31,,15719000000,,,,,,,,143000000,,-10000000,,,-0.19,,,,,,,,,,,,,,,,,,,,,,false,false,12,2014-04-01,2015-03-31,-1
2016-02-09,79080,2016-03-31,3,12020000000,-0.081,,,,,-242000000,,-166000000,,,-897000000,,-17.35,,,,,,27315000000,20499000000,0.750,,20499000000,,,,,,,,,,,,true,false,9,2015-04-01,2015-12-31,0
2016-02-09,79080,2015-03-31,3,13077000000,-0.216,,,,,-111000000,,262000000,-0.893,,154000000,,2.99,,,,,,,,,,,,,,,,,,,,,,true,false,9,2014-04-01,2014-12-31,-1
2016-02-09,79080,2016-03-31,3,15400000000,-0.114,,,,,-610000000,,-540000000,,,-1290000000,,-24.94,,,,,,,,,,,,,,,,,,,,,,true,true,12,2015-04-01,2016-03-31,0
2016-02-09,79080,2015-03-31,3,,,,,,,,,,,,,,,,,,,,27732000000,21824000000,0.787,,21824000000,,,,,,,,,,,,true,false,12,2014-04-01,2015-03-31,-1
2016-02-09,79080,2015-03-31,3,,,,,,,,,,,,,,,,,,,,,,,,,,,,,5.00,,,,54772564,3022118,,false,false,12,2014-04-01,2015-03-31,-1
2016-02-09,79080,2016-03-31,3,,,,,,,,,,,,,,,,,,,,,,,,,,,,,2.00,,,,,,,false,false,12,2015-04-01,2016-03-31,0
2016-02-09,79080,2016-03-31,3,,,,,,,,,,,,,,,,,,,,,,,,,,,,,5.00,,,,,,,false,true,12,2015-04-01,2016-03-31,0
2016-02-09,79080,2016-03-31,3,,,,,,,,,,,,,,,,,,,,,,,,,,,,,,,,,54772564,3622118,51714644,false,false,9,2015-04-01,2015-12-31,0
2016-02-09,79080,2015-03-31,3,,,,,,,,,,,,,,,,,,,,,,,,,,,,,,,,,,,51750446,false,false,9,2014-04-01,2014-12-31,-1
2016-02-09,79080,2016-03-31,,15400000000,-0.120,,,,,-610000000,,-540000000,,,-1290000000,,-24.94,,,,,,,,,,,,,,,,,,,,,,true,true,12,2015-04-01,2016-03-31,0
2016-02-09,79080,2015-03-31,,17391000000,,,,,,-150000000,,228000000,,,50000000,,0.97,,,,,,,,,,,,,,,,,,,,,,true,false,12,2014-04-01,2015-03-31,-1
2016-02-09,79080,2016-03-31,,13650000000,-0.127,,,,,,,-610000000,,-880000000,,,-17.02,,,,,,,,,,,,,,,,,,,,,,false,true,12,2015-04-01,2016-03-31,0
2016-02-09,79080,2015-03-31,,15719000000,,,,,,,,143000000,,-10000000,,,-0.19,,,,,,,,,,,,,,,,,,,,,,false,false,12,2014-04-01,2015-03-31,-1
2016-05-12,79080,2016-03-31,,15597000000,-0.103,,,,,-508000000,,-522000000,,,-1640000000,,-31.80,,,,,,25345000000,19240000000,0.759,376.16,19240000000,1166000000,-1359000000,-535000000,10920000000,,,,,,,,true,false,12,2015-04-01,2016-03-31,0
2016-05-12,79080,2015-03-31,,17391000000,-0.199,,,,,-150000000,,228000000,-0.914,,50000000,,0.97,,0.002,0.008,,,27732000000,21824000000,0.787,421.72,21824000000,1496000000,-1589000000,-629000000,11780000000,,5.155,,,,,,true,false,12,2014-04-01,2015-03-31,-1
2016-05-12,79080,2017-03-31,,7800000000,-0.063,,,,,-120000000,,-100000000,,,-120000000,,-2.35,,,,,,,,,,,,,,,,,,,,,,true,true,6,2016-04-01,2016-09-30,1
2016-05-12,79080,2017-03-31,,16200000000,0.039,,,,,0,,0,,,0,,0.00,,,,,,,,,,,,,,,,,,,,,,true,true,12,2016-04-01,2017-03-31,1
2016-05-12,79080,2016-03-31,,13900000000,-0.116,,,,,-600000000,,-616000000,,-1242000000,,,-24.08,,,,,,24905000000,19274000000,0.774,376.83,19274000000,,,,,5.00,,,,54772564,3622118,51574365,false,false,12,2015-04-01,2016-03-31,0
2016-05-12,79080,2015-03-31,,15719000000,-0.217,,,,,-203000000,,143000000,-0.944,-10000000,,,-0.19,,,,,,26663000000,21055000000,0.790,406.88,21055000000,,,,,5.00,,,,54772564,3022118,51750446,false,false,12,2014-04-01,2015-03-31,-1
2016-05-12,79080,2017-03-31,,7100000000,-0.032,,,,,,,-140000000,,-160000000,,,-3.13,,,,,,,,,,,,,,,,,,,,,,false,true,6,2016-04-01,2016-09-30,1
2016-05-12,79080,2017-03-31,,14800000000,0.065,,,,,,,0,,-30000000,,,-0.59,,,,,,,,,,,,,,,4.00,,,,,,,false,true,12,2016-04-01,2017-03-31,1
2016-05-12,79080,2016-03-31,,15597000000,0.013,,,,,-508000000,,-522000000,,,-1640000000,,-31.80,,,,,,,,,,,,,,,,,,,,,,true,true,12,2015-04-01,2016-03-31,0
2016-05-12,79080,2015-03-31,,17391000000,,,,,,-150000000,,228000000,,,50000000,,0.97,,,,,,,,,,,,,,,,,,,,,,true,false,12,2014-04-01,2015-03-31,-1
2016-05-12,79080,2016-03-31,,13900000000,0.018,,,,,,,-616000000,,-1242000000,,,-24.08,,,,,,,,,,,,,,,,,,,,,,false,true,12,2015-04-01,2016-03-31,0
2016-05-12,79080,2015-03-31,,15719000000,,,,,,,,143000000,,-10000000,,,-0.19,,,,,,,,,,,,,,,,,,,,,,false,false,12,2014-04-01,2015-03-31,-1
2016-07-29,79080,2017-03-31,1,3725000000,-0.092,,,,,19000000,,-131000000,,,-156000000,,-3.06,,,,,,24894000000,18739000000,0.753,,18739000000,,,,,,,,,,,,true,false,3,2016-04-01,2016-06-30,0
2016-07-29,79080,2016-03-31,1,4102000000,-0.027,,,,,-264000000,,-226000000,,,-179000000,,-3.47,,,,,,,,,,,,,,,,,,,,,,true,false,3,2015-04-01,2015-06-30,-1
2016-07-29,79080,2017-03-31,1,7800000000,-0.063,,,,,-120000000,,-100000000,,,-120000000,,-2.35,,,,,,,,,,,,,,,,,,,,,,true,true,6,2016-04-01,2016-09-30,0
2016-07-29,79080,2017-03-31,1,16200000000,0.039,,,,,0,,0,,,0,,0.00,,,,,,,,,,,,,,,,,,,,,,true,true,12,2016-04-01,2017-03-31,0
2016-07-29,79080,2016-03-31,1,,,,,,,,,,,,,,,,,,,,25345000000,19240000000,0.759,,19240000000,,,,,,,,,,,,true,false,12,2015-04-01,2016-03-31,-1
2016-07-29,79080,2016-03-31,1,,,,,,,,,,,,,,,,,,,,,,,,,,,,,5.00,,,,54772564,3622118,,false,false,12,2015-04-01,2016-03-31,-1
2016-07-29,79080,2017-03-31,1,,,,,,,,,,,,,,,,,,,,,,,,,,,,,4.00,,,,,,,false,true,12,2016-04-01,2017-03-31,0
2016-07-29,79080,2017-03-31,1,,,,,,,,,,,,,,,,,,,,,,,,,,,,,,,,,54772564,3622118,51150446,false,false,3,2016-04-01,2016-06-30,0
2016-07-29,79080,2016-03-31,1,,,,,,,,,,,,,,,,,,,,,,,,,,,,,,,,,,,51750446,false,false,3,2015-04-01,2015-06-30,-1
2016-10-28,79080,2017-03-31,2,7783000000,-0.065,,,,,220000000,,63000000,,,29000000,,0.59,,,,,,25152000000,18830000000,0.749,,18830000000,,,,,,,,,,,,true,false,6,2016-04-01,2016-09-30,0
2016-10-28,79080,2016-03-31,2,8320000000,-0.038,,,,,-82000000,,-45000000,,,-155000000,,-3.00,,,,,,,,,,,,,,,,,,,,,,true,false,6,2015-04-01,2015-09-30,-1
2016-10-28,79080,2017-03-31,2,16200000000,0.039,,,,,0,,0,,,0,,0.00,,,,,,,,,,,,,,,,,,,,,,true,true,12,2016-04-01,2017-03-31,0
2016-10-28,79080,2016-03-31,2,,,,,,,,,,,,,,,,,,,,25345000000,19240000000,0.759,,19240000000,,,,,,,,,,,,true,false,12,2015-04-01,2016-03-31,-1
2016-10-28,79080,2016-03-31,2,,,,,,,,,,,,,,,,,,,,,,,,,,,,,5.00,,,,54772564,3622118,,false,false,12,2015-04-01,2016-03-31,-1
2016-10-28,79080,2017-03-31,2,,,,,,,,,,,,,,,,,,,,,,,,,,,,,2.00,,,,,,,false,false,12,2016-04-01,2017-03-31,0
2016-10-28,79080,2017-03-31,2,,,,,,,,,,,,,,,,,,,,,,,,,,,,,4.00,,,,,,,false,true,12,2016-04-01,2017-03-31,0
2016-10-28,79080,2017-03-31,2,,,,,,,,,,,,,,,,,,,,,,,,,,,,,,,,,54772564,4343918,50967146,false,false,6,2016-04-01,2016-09-30,0
2016-10-28,79080,2016-03-31,2,,,,,,,,,,,,,,,,,,,,,,,,,,,,,,,,,,,51750446,false,false,6,2015-04-01,2015-09-30,-1
2016-10-28,79080,2017-03-31,,7783000000,-0.002,,,,,220000000,,63000000,,29000000,,,0.59,,,,,,,,,,,,,,,,,,,,,,true,true,6,2016-04-01,2016-09-30,0
2016-10-28,79080,2016-03-31,,8320000000,,,,,,-82000000,,-45000000,,-155000000,,,-3.00,,,,,,,,,,,,,,,,,,,,,,true,false,6,2015-04-01,2015-09-30,-1
2016-10-28,79080,2017-03-31,,7189000000,0.013,,,,,,,6000000,,-26000000,,,-0.52,,,,,,,,,,,,,,,,,,,,,,false,true,6,2016-04-01,2016-09-30,0
2016-10-28,79080,2016-03-31,,7337000000,,,,,,,,-163000000,,-233000000,,,-4.51,,,,,,,,,,,,,,,,,,,,,,false,false,6,2015-04-01,2015-09-30,-1
2017-01-31,79080,2017-03-31,3,11498000000,-0.043,,,,,129000000,,258000000,,,162000000,,3.20,,,,,,25847000000,19136000000,0.740,,19136000000,,,,,,,,,,,,true,false,9,2016-04-01,2016-12-31,0
2017-01-31,79080,2016-03-31,3,12020000000,-0.081,,,,,-242000000,,-166000000,,,-897000000,,-17.35,,,,,,,,,,,,,,,,,,,,,,true,false,9,2015-04-01,2015-12-31,-1
2017-01-31,79080,2017-03-31,3,16200000000,0.039,,,,,0,,0,,,0,,0.00,,,,,,,,,,,,,,,,,,,,,,true,true,12,2016-04-01,2017-03-31,0
2017-01-31,79080,2016-03-31,3,,,,,,,,,,,,,,,,,,,,25345000000,19240000000,0.759,,19240000000,,,,,,,,,,,,true,false,12,2015-04-01,2016-03-31,-1
2017-01-31,79080,2016-03-31,3,,,,,,,,,,,,,,,,,,,,,,,,,,,,,5.00,,,,54772564,3622118,,false,false,12,2015-04-01,2016-03-31,-1
2017-01-31,79080,2017-03-31,3,,,,,,,,,,,,,,,,,,,,,,,,,,,,,2.00,,,,,,,false,false,12,2016-04-01,2017-03-31,0
2017-01-31,79080,2017-03-31,3,,,,,,,,,,,,,,,,,,,,,,,,,,,,,4.00,,,,,,,false,true,12,2016-04-01,2017-03-31,0
2017-01-31,79080,2017-03-31,3,,,,,,,,,,,,,,,,,,,,,,,,,,,,,,,,,54772564,4622118,50694913,false,false,9,2016-04-01,2016-12-31,0
2017-01-31,79080,2016-03-31,3,,,,,,,,,,,,,,,,,,,,,,,,,,,,,,,,,,,51714644,false,false,9,2015-04-01,2015-12-31,-1
2017-05-10,79080,2017-03-31,,15606000000,0.001,,,,,211000000,,292000000,,,409000000,,8.09,,0.021,0.012,0.014,,25366000000,19229000000,0.758,383.43,19229000000,216000000,854000000,-467000000,11496000000,,0.494,,,,,,true,false,12,2016-04-01,2017-03-31,0
2017-05-10,79080,2016-03-31,,15597000000,-0.103,,,,,-508000000,,-522000000,,,-1640000000,,-31.80,,,,,,25345000000,19240000000,0.759,376.16,19240000000,1166000000,-1359000000,-535000000,10920000000,,,,,,,,true,false,12,2015-04-01,2016-03-31,-1
2017-05-10,79080,2018-03-31,,8000000000,0.028,,,,,190000000,-0.140,190000000,1.990,,140000000,,2.79,,,,,,,,,,,,,,,,,,,,,,true,true,6,2017-04-01,2017-09-30,1
2017-05-10,79080,2018-03-31,,16500000000,0.057,,,,,600000000,1.834,600000000,1.048,,450000000,,8.97,,,,,,,,,,,,,,,,0.557,,,,,,true,true,12,2017-04-01,2018-03-31,1
2017-05-10,79080,2017-03-31,,14155000000,0.018,,,,,44000000,,137000000,,264000000,,,5.24,,,,,,24837000000,19083000000,0.768,380.52,19083000000,,,,,4.00,,,,54772564,4622118,50558796,false,false,12,2016-04-01,2017-03-31,0
2017-05-10,79080,2016-03-31,,13900000000,-0.116,,,,,-600000000,,-616000000,,-1242000000,,,-24.08,,,,,,24905000000,19274000000,0.774,376.83,19274000000,,,,,5.00,,,,54772564,3622118,51574365,false,false,12,2015-04-01,2016-03-31,-1
2017-05-10,79080,2018-03-31,,7400000000,0.029,,,,,,,170000000,,120000000,,,2.39,,,,,,,,,,,,,,,,,,,,,,false,true,6,2017-04-01,2017-09-30,1
2017-05-10,79080,2018-03-31,,15300000000,0.081,,,,,,,550000000,2.991,400000000,,0.510,7.98,,,,,,,,,,,,,,,5.00,,,,,,,false,true,12,2017-04-01,2018-03-31,1
2017-05-10,79080,2017-03-31,,15606000000,-0.037,,,,,211000000,,292000000,,409000000,,,8.09,,,,,,,,,,,,,,,,,,,,,,true,true,12,2016-04-01,2017-03-31,0
2017-05-10,79080,2016-03-31,,15597000000,,,,,,-508000000,,-522000000,,-1640000000,,,-31.80,,,,,,,,,,,,,,,,,,,,,,true,false,12,2015-04-01,2016-03-31,-1
2017-05-10,79080,2017-03-31,,14155000000,-0.044,,,,,,,137000000,,264000000,,,5.24,,,,,,,,,,,,,,,,,,,,,,false,true,12,2016-04-01,2017-03-31,0
2017-05-10,79080,2016-03-31,,13900000000,,,,,,,,-616000000,,-1242000000,,,-24.08,,,,,,,,,,,,,,,,,,,,,,false,false,12,2015-04-01,2016-03-31,-1
2017-07-21,79080,2018-03-31,1,3556000000,-0.045,,,,,-54000000,,-26000000,,,-55000000,,-1.10,,,,,,25022000000,19135000000,0.765,,19135000000,,,,,,,,,,,,true,false,3,2017-04-01,2017-06-30,0
2017-07-21,79080,2017-03-31,1,3725000000,-0.092,,,,,19000000,,-131000000,,,-156000000,,-3.06,,,,,,,,,,,,,,,,,,,,,,true,false,3,2016-04-01,2016-06-30,-1
2017-07-21,79080,2018-03-31,1,8000000000,0.028,,,,,190000000,-0.140,190000000,1.990,,140000000,,2.79,,,,,,,,,,,,,,,,,,,,,,true,true,6,2017-04-01,2017-09-30,0
2017-07-21,79080,2018-03-31,1,16500000000,0.057,,,,,600000000,1.834,600000000,1.048,,450000000,,8.97,,,,,,,,,,,,,,,,,,,,,,true,true,12,2017-04-01,2018-03-31,0
2017-07-21,79080,2017-03-31,1,,,,,,,,,,,,,,,,,,,,25366000000,19229000000,0.758,,19229000000,,,,,,,,,,,,true,false,12,2016-04-01,2017-03-31,-1
2017-07-21,79080,2017-03-31,1,,,,,,,,,,,,,,,,,,,,,,,,,,,,,4.00,,,,54772564,4622118,,false,false,12,2016-04-01,2017-03-31,-1
2017-07-21,79080,2018-03-31,1,,,,,,,,,,,,,,,,,,,,,,,,,,,,,5.00,,,,,,,false,true,12,2017-04-01,2018-03-31,0
2017-07-21,79080,2018-03-31,1,,,,,,,,,,,,,,,,,,,,,,,,,,,,,,,,,54772564,4622118,50150446,false,false,3,2017-04-01,2017-06-30,0
2017-07-21,79080,2017-03-31,1,,,,,,,,,,,,,,,,,,,,,,,,,,,,,,,,,,,51150446,false,false,3,2016-04-01,2016-06-30,-1
2017-07-21,79080,2018-03-31,1,3556000000,-0.045,,,,,-51000000,,-24000000,,,-53000000,,-1.07,,,,,,25004000000,19137000000,0.765,,19137000000,,,,,,,,,,,,true,false,3,2017-04-01,2017-06-30,0
2017-07-21,79080,2017-03-31,1,3725000000,-0.092,,,,,19000000,,-131000000,,,-156000000,,-3.06,,,,,,,,,,,,,,,,,,,,,,true,false,3,2016-04-01,2016-06-30,-1
2017-07-21,79080,2018-03-31,1,8000000000,0.028,,,,,190000000,-0.140,190000000,1.990,,140000000,,2.79,,,,,,,,,,,,,,,,,,,,,,true,true,6,2017-04-01,2017-09-30,0
2017-07-21,79080,2018-03-31,1,16500000000,0.057,,,,,600000000,1.834,600000000,1.048,,450000000,,8.97,,,,,,,,,,,,,,,,,,,,,,true,true,12,2017-04-01,2018-03-31,0
2017-07-21,79080,2017-03-31,1,,,,,,,,,,,,,,,,,,,,25366000000,19229000000,0.758,,19229000000,,,,,,,,,,,,true,false,12,2016-04-01,2017-03-31,-1
2017-07-21,79080,2017-03-31,1,,,,,,,,,,,,,,,,,,,,,,,,,,,,,4.00,,,,54772564,4622118,,false,false,12,2016-04-01,2017-03-31,-1
2017-07-21,79080,2018-03-31,1,,,,,,,,,,,,,,,,,,,,,,,,,,,,,5.00,,,,,,,false,true,12,2017-04-01,2018-03-31,0
2017-07-21,79080,2018-03-31,1,,,,,,,,,,,,,,,,,,,,,,,,,,,,,,,,,54772564,4622118,50150446,false,false,3,2017-04-01,2017-06-30,0
2017-07-21,79080,2017-03-31,1,,,,,,,,,,,,,,,,,,,,,,,,,,,,,,,,,,,51150446,false,false,3,2016-04-01,2016-06-30,-1
2017-10-30,79080,2018-03-31,2,7351000000,-0.056,,,,,176000000,-0.202,230000000,2.624,,156000000,,3.13,,,,,,26030000000,19521000000,0.750,,19521000000,,,,,,,,,,,,true,false,6,2017-04-01,2017-09-30,0
2017-10-30,79080,2017-03-31,2,7783000000,-0.065,,,,,220000000,,63000000,,,29000000,,0.59,,,,,,,,,,,,,,,,,,,,,,true,false,6,2016-04-01,2016-09-30,-1
2017-10-30,79080,2018-03-31,2,16500000000,0.057,,,,,600000000,1.834,600000000,1.048,,450000000,,8.97,,,,,,,,,,,,,,,,,,,,,,true,true,12,2017-04-01,2018-03-31,0
2017-10-30,79080,2017-03-31,2,,,,,,,,,,,,,,,,,,,,25366000000,19229000000,0.758,,19229000000,,,,,,,,,,,,true,false,12,2016-04-01,2017-03-31,-1
2017-10-30,79080,2017-03-31,2,,,,,,,,,,,,,,,,,,,,,,,,,,,,,4.00,,,,54772564,4622118,,false,false,12,2016-04-01,2017-03-31,-1
2017-10-30,79080,2018-03-31,2,,,,,,,,,,,,,,,,,,,,,,,,,,,,,2.00,,,,,,,false,false,12,2017-04-01,2018-03-31,0
2017-10-30,79080,2018-03-31,2,,,,,,,,,,,,,,,,,,,,,,,,,,,,,5.00,,,,,,,false,true,12,2017-04-01,2018-03-31,0
2017-10-30,79080,2018-03-31,2,,,,,,,,,,,,,,,,,,,,,,,,,,,,,,,,,54772564,4622118,50150446,false,false,6,2017-04-01,2017-09-30,0
2017-10-30,79080,2017-03-31,2,,,,,,,,,,,,,,,,,,,,,,,,,,,,,,,,,,,50967146,false,false,6,2016-04-01,2016-09-30,-1
2017-10-30,79080,2018-03-31,,6727000000,-0.091,,,,,,,257000000,0.513,193000000,,0.612,3.86,,,,,,,,,,,,,,,,,,,,,,false,true,6,2017-04-01,2017-09-30,0
2017-10-30,79080,2017-03-31,,7189000000,,,,,,,,6000000,,-26000000,,,-0.52,,,,,,,,,,,,,,,,,,,,,,false,false,6,2016-04-01,2016-09-30,-1
2018-01-29,79080,2018-03-31,3,11426000000,-0.006,,,,,659000000,4.106,732000000,1.837,,562000000,,11.21,,,,,,26006000000,19780000000,0.761,,19780000000,,,,,,,,,,,,true,false,9,2017-04-01,2017-12-31,0
2018-01-29,79080,2017-03-31,3,11498000000,-0.043,,,,,129000000,,258000000,,,162000000,,3.20,,,,,,,,,,,,,,,,,,,,,,true,false,9,2016-04-01,2016-12-31,-1
2018-01-29,79080,2018-03-31,3,16500000000,0.057,,,,,600000000,1.834,600000000,1.048,,450000000,,8.97,,,,,,,,,,,,,,,,,,,,,,true,true,12,2017-04-01,2018-03-31,0
2018-01-29,79080,2017-03-31,3,,,,,,,,,,,,,,,,,,,,25366000000,19229000000,0.758,,19229000000,,,,,,,,,,,,true,false,12,2016-04-01,2017-03-31,-1
2018-01-29,79080,2017-03-31,3,,,,,,,,,,,,,,,,,,,,,,,,,,,,,4.00,,,,54772564,4622118,,false,false,12,2016-04-01,2017-03-31,-1
2018-01-29,79080,2018-03-31,3,,,,,,,,,,,,,,,,,,,,,,,,,,,,,2.00,,,,,,,false,false,12,2017-04-01,2018-03-31,0
2018-01-29,79080,2018-03-31,3,,,,,,,,,,,,,,,,,,,,,,,,,,,,,5.00,,,,,,,false,true,12,2017-04-01,2018-03-31,0
2018-01-29,79080,2018-03-31,3,,,,,,,,,,,,,,,,,,,,,,,,,,,,,,,,,54772564,4622118,50150446,false,false,9,2017-04-01,2017-12-31,0
2018-01-29,79080,2017-03-31,3,,,,,,,,,,,,,,,,,,,,,,,,,,,,,,,,,,,50694913,false,false,9,2016-04-01,2016-12-31,-1
2018-03-13,79080,2018-03-31,,14890000000,-0.098,,,,,700000000,0.167,720000000,0.200,430000000,,-0.044,8.57,,,,,,,,,,,,,,,,,,,,,,true,true,12,2017-04-01,2018-03-31,0
2018-03-13,79080,2017-03-31,,15606000000,,,,,,211000000,,292000000,,409000000,,,8.09,,,,,,,,,,,,,,,,,,,,,,true,false,12,2016-04-01,2017-03-31,-1
2018-03-13,79080,2018-03-31,,13750000000,-0.101,,,,,,,850000000,0.545,570000000,,0.425,11.37,,,,,,,,,,,,,,,,,,,,,,false,true,12,2017-04-01,2018-03-31,0
2018-03-13,79080,2017-03-31,,14155000000,,,,,,,,137000000,,264000000,,,5.24,,,,,,,,,,,,,,,,,,,,,,false,false,12,2016-04-01,2017-03-31,-1
2018-05-11,79080,2018-03-31,,14877000000,-0.047,,,,,707000000,2.340,732000000,1.502,,560000000,,11.18,,0.029,0.029,0.048,,25682000000,19646000000,0.765,391.75,19646000000,2349000000,-1550000000,-200000000,12081000000,,0.447,,,,,,true,false,12,2017-04-01,2018-03-31,0
2018-05-11,79080,2017-03-31,,15606000000,0.001,,,,,211000000,,292000000,,,409000000,,8.09,,0.021,0.012,0.014,,25366000000,19229000000,0.758,383.43,19229000000,216000000,854000000,-467000000,11496000000,,0.494,,,,,,true,false,12,2016-04-01,2017-03-31,-1
2018-05-11,79080,2019-03-31,,7500000000,0.020,,,,,500000000,1.837,500000000,1.171,,330000000,,6.58,,,,,,,,,,,,,,,,,,,,,,true,true,6,2018-04-01,2018-09-30,1
2018-05-11,79080,2019-03-31,,15300000000,0.028,,,,,1100000000,0.556,1100000000,0.501,,750000000,,14.96,,,,,,,,,,,,,,,,0.334,,,,,,true,true,12,2018-04-01,2019-03-31,1
2018-05-11,79080,2018-03-31,,13762000000,-0.028,,,,,846000000,,869000000,5.308,635000000,,1.400,12.68,,,,,,25403000000,19540000000,0.769,389.64,19540000000,,,,,5.00,,,,54772564,4622118,50150446,false,false,12,2017-04-01,2018-03-31,0
2018-05-11,79080,2017-03-31,,14155000000,0.018,,,,,44000000,,137000000,,264000000,,,5.24,,,,,,24837000000,19083000000,0.768,380.52,19083000000,,,,,4.00,,,,54772564,4622118,50558796,false,false,12,2016-04-01,2017-03-31,-1
2018-05-11,79080,2019-03-31,,6900000000,0.026,,,,,,,450000000,0.749,390000000,,1.016,7.78,,,,,,,,,,,,,,,,,,,,,,false,true,6,2018-04-01,2018-09-30,1
2018-05-11,79080,2019-03-31,,14100000000,0.025,,,,,,,1000000000,0.150,780000000,,0.227,15.55,,,,,,,,,,,,,,,5.00,,,,,,,false,true,12,2018-04-01,2019-03-31,1
2018-07-25,79080,2019-03-31,1,3539000000,-0.005,,,,,127000000,,183000000,,,248000000,,4.95,,,,,,25623000000,19631000000,0.766,,19631000000,,,,,,,,,,,,true,false,3,2018-04-01,2018-06-30,0
2018-07-25,79080,2018-03-31,1,3556000000,-0.045,,,,,-51000000,,-24000000,,,-53000000,,-1.07,,,,,,,,,,,,,,,,,,,,,,true,false,3,2017-04-01,2017-06-30,-1
2018-07-25,79080,2019-03-31,1,7500000000,0.020,,,,,500000000,1.837,500000000,1.171,,330000000,,6.58,,,,,,,,,,,,,,,,,,,,,,true,true,6,2018-04-01,2018-09-30,0
2018-07-25,79080,2019-03-31,1,15300000000,0.028,,,,,1100000000,0.556,1100000000,0.501,,750000000,,14.96,,,,,,,,,,,,,,,,,,,,,,true,true,12,2018-04-01,2019-03-31,0
2018-07-25,79080,2018-03-31,1,,,,,,,,,,,,,,,,,,,,25561000000,19646000000,0.769,,19646000000,,,,,,,,,,,,true,false,12,2017-04-01,2018-03-31,-1
2018-07-25,79080,2018-03-31,1,,,,,,,,,,,,,,,,,,,,,,,,,,,,,5.00,,,,54772564,4622118,,false,false,12,2017-04-01,2018-03-31,-1
2018-07-25,79080,2019-03-31,1,,,,,,,,,,,,,,,,,,,,,,,,,,,,,5.00,,,,,,,false,true,12,2018-04-01,2019-03-31,0
2018-07-25,79080,2019-03-31,1,,,,,,,,,,,,,,,,,,,,,,,,,,,,,,,,,54772564,4622118,50150446,false,false,3,2018-04-01,2018-06-30,0
2018-07-25,79080,2018-03-31,1,,,,,,,,,,,,,,,,,,,,,,,,,,,,,,,,,,,50150446,false,false,3,2017-04-01,2017-06-30,-1
2018-10-30,79080,2019-03-31,2,6865000000,-0.066,,,,,134000000,-0.235,249000000,0.082,,281000000,,5.63,,,,,,25454000000,19473000000,0.765,,19473000000,,,,,,,,,,,,true,false,6,2018-04-01,2018-09-30,0
2018-10-30,79080,2018-03-31,2,7351000000,-0.056,,,,,176000000,-0.202,230000000,2.624,,156000000,,3.13,,,,,,,,,,,,,,,,,,,,,,true,false,6,2017-04-01,2017-09-30,-1
2018-10-30,79080,2019-03-31,2,13600000000,-0.086,,,,,140000000,-0.802,170000000,-0.768,,200000000,,4.04,,,,,,,,,,,,,,,,,,,,,,true,true,12,2018-04-01,2019-03-31,0
2018-10-30,79080,2018-03-31,2,,,,,,,,,,,,,,,,,,,,25561000000,19646000000,0.769,,19646000000,,,,,,,,,,,,true,false,12,2017-04-01,2018-03-31,-1
2018-10-30,79080,2018-03-31,2,,,,,,,,,,,,,,,,,,,,,,,,,,,,,5.00,,,,54772564,4622118,,false,false,12,2017-04-01,2018-03-31,-1
2018-10-30,79080,2019-03-31,2,,,,,,,,,,,,,,,,,,,,,,,,,,,,,2.00,,,,,,,false,false,12,2018-04-01,2019-03-31,0
2018-10-30,79080,2019-03-31,2,,,,,,,,,,,,,,,,,,,,,,,,,,,,,5.00,,,,,,,false,true,12,2018-04-01,2019-03-31,0
2018-10-30,79080,2019-03-31,2,,,,,,,,,,,,,,,,,,,,,,,,,,,,,,,,,54772564,5430918,49928480,false,false,6,2018-04-01,2018-09-30,0
2018-10-30,79080,2018-03-31,2,,,,,,,,,,,,,,,,,,,,,,,,,,,,,,,,,,,50150446,false,false,6,2017-04-01,2017-09-30,-1
2018-10-30,79080,2019-03-31,,6865000000,-0.085,,,,,134000000,-0.730,249000000,-0.501,281000000,,-0.148,5.63,,,,,,,,,,,,,,,,,,,,,,true,true,6,2018-04-01,2018-09-30,0
2018-10-30,79080,2018-03-31,,7351000000,,,,,,176000000,,230000000,,156000000,,,3.13,,,,,,,,,,,,,,,,,,,,,,true,false,6,2017-04-01,2017-09-30,-1
2018-10-30,79080,2019-03-31,,13600000000,-0.111,,,,,140000000,-0.873,170000000,-0.845,200000000,,-0.733,4.04,,,,,,,,,,,,,,,,,,,,,,true,true,12,2018-04-01,2019-03-31,0
2018-10-30,79080,2018-03-31,,14877000000,,,,,,707000000,,732000000,,560000000,,,11.18,,,,,,,,,,,,,,,,,,,,,,true,false,12,2017-04-01,2018-03-31,-1
2018-10-30,79080,2019-03-31,,12500000000,-0.113,,,,,,,370000000,-0.630,350000000,,-0.551,7.07,,,,,,,,,,,,,,,,,,,,,,false,true,12,2018-04-01,2019-03-31,0
2018-10-30,79080,2018-03-31,,13762000000,,,,,,,,869000000,,635000000,,,12.68,,,,,,,,,,,,,,,,,,,,,,false,false,12,2017-04-01,2018-03-31,-1
2019-01-31,79080,2019-03-31,3,10406000000,-0.089,,,,,305000000,-0.536,402000000,-0.450,,382000000,,7.69,,,,,,24897000000,19282000000,0.774,,19282000000,,,,,,,,,,,,true,false,9,2018-04-01,2018-12-31,0
2019-01-31,79080,2018-03-31,3,11426000000,-0.006,,,,,659000000,4.106,732000000,1.837,,562000000,,11.21,,,,,,,,,,,,,,,,,,,,,,true,false,9,2017-04-01,2017-12-31,-1
2019-01-31,79080,2019-03-31,3,13600000000,-0.086,,,,,140000000,-0.802,170000000,-0.768,,200000000,,4.04,,,,,,,,,,,,,,,,,,,,,,true,true,12,2018-04-01,2019-03-31,0
2019-01-31,79080,2018-03-31,3,,,,,,,,,,,,,,,,,,,,25561000000,19646000000,0.769,,19646000000,,,,,,,,,,,,true,false,12,2017-04-01,2018-03-31,-1
2019-01-31,79080,2018-03-31,3,,,,,,,,,,,,,,,,,,,,,,,,,,,,,5.00,,,,54772564,4622118,,false,false,12,2017-04-01,2018-03-31,-1
2019-01-31,79080,2019-03-31,3,,,,,,,,,,,,,,,,,,,,,,,,,,,,,2.00,,,,,,,false,false,12,2018-04-01,2019-03-31,0
2019-01-31,79080,2019-03-31,3,,,,,,,,,,,,,,,,,,,,,,,,,,,,,5.00,,,,,,,false,true,12,2018-04-01,2019-03-31,0
2019-01-31,79080,2019-03-31,3,,,,,,,,,,,,,,,,,,,,,,,,,,,,,,,,,54772564,5622118,49669135,false,false,9,2018-04-01,2018-12-31,0
2019-01-31,79080,2018-03-31,3,,,,,,,,,,,,,,,,,,,,,,,,,,,,,,,,,,,50150446,false,false,9,2017-04-01,2017-12-31,-1
2019-05-10,79080,2019-03-31,,13568000000,-0.088,,,,,34000000,-0.951,156000000,-0.787,,292000000,,5.91,,0.015,0.006,0.003,,24772000000,19021000000,0.768,387.00,19021000000,1128000000,-198000000,-555000000,12482000000,,0.846,,,,,,true,false,12,2018-04-01,2019-03-31,0
2019-05-10,79080,2018-03-31,,14877000000,-0.047,,,,,707000000,2.340,732000000,1.502,,560000000,,11.18,,0.029,0.029,0.048,,25561000000,19646000000,0.769,391.75,19646000000,2349000000,-1550000000,-200000000,12081000000,,0.447,,,,,,true,false,12,2017-04-01,2018-03-31,-1
2019-05-10,79080,2020-03-31,,6650000000,-0.031,,,,,50000000,-0.629,80000000,-0.679,,50000000,,1.02,,,,,,,,,,,,,,,,,,,,,,true,true,6,2019-04-01,2019-09-30,1
2019-05-10,79080,2020-03-31,,13500000000,-0.005,,,,,100000000,1.858,160000000,0.025,,100000000,,2.03,,,,,,,,,,,,,,,,2.463,,,,,,true,true,12,2019-04-01,2020-03-31,1
2019-05-10,79080,2019-03-31,,12200000000,-0.113,,,,,99000000,-0.882,228000000,-0.737,344000000,,-0.459,6.94,,,,,,24515000000,19040000000,0.777,387.39,19040000000,,,,,5.00,,,,54772564,5622118,49539462,false,false,12,2018-04-01,2019-03-31,0
2019-05-10,79080,2018-03-31,,13762000000,-0.028,,,,,846000000,,869000000,5.308,635000000,,1.400,12.68,,,,,,25286000000,19540000000,0.773,389.64,19540000000,,,,,5.00,,,,54772564,4622118,50150446,false,false,12,2017-04-01,2018-03-31,-1
2019-05-10,79080,2020-03-31,,6000000000,-0.038,,,,,,,50000000,-0.843,25000000,,-0.923,0.51,,,,,,,,,,,,,,,,,,,,,,false,true,6,2019-04-01,2019-09-30,1
2019-05-10,79080,2020-03-31,,12200000000,-0.000,,,,,,,100000000,-0.563,50000000,,-0.855,1.02,,,,,,,,,,,,,,,5.00,,,,,,,false,true,12,2019-04-01,2020-03-31,1
2019-07-31,79080,2020-03-31,1,2998000000,-0.153,,,,,-64000000,,-98000000,,,-102000000,,-2.08,,,,,,24392000000,18726000000,0.768,,18726000000,,,,,,,,,,,,true,false,3,2019-04-01,2019-06-30,0
2019-07-31,79080,2019-03-31,1,3539000000,-0.005,,,,,127000000,,183000000,,,248000000,,4.95,,,,,,,,,,,,,,,,,,,,,,true,false,3,2018-04-01,2018-06-30,-1
2019-07-31,79080,2020-03-31,1,5900000000,-0.141,,,,,0,-1.000,0,-1.000,,0,,0.00,,,,,,,,,,,,,,,,,,,,,,true,true,6,2019-04-01,2019-09-30,0
2019-07-31,79080,2020-03-31,1,12600000000,-0.071,,,,,0,-1.000,0,-1.000,,0,,0.00,,,,,,,,,,,,,,,,,,,,,,true,true,12,2019-04-01,2020-03-31,0
2019-07-31,79080,2019-03-31,1,,,,,,,,,,,,,,,,,,,,24772000000,19021000000,0.768,,19021000000,,,,,,,,,,,,true,false,12,2018-04-01,2019-03-31,-1
2019-07-31,79080,2019-03-31,1,,,,,,,,,,,,,,,,,,,,,,,,,,,,,5.00,,,,54772564,5622118,,false,false,12,2018-04-01,2019-03-31,-1
2019-07-31,79080,2020-03-31,1,,,,,,,,,,,,,,,,,,,,,,,,,,,,,5.00,,,,,,,false,true,12,2019-04-01,2020-03-31,0
2019-07-31,79080,2020-03-31,1,,,,,,,,,,,,,,,,,,,,,,,,,,,,,,,,,54772564,5622118,49150446,false,false,3,2019-04-01,2019-06-30,0
2019-07-31,79080,2019-03-31,1,,,,,,,,,,,,,,,,,,,,,,,,,,,,,,,,,,,50150446,false,false,3,2018-04-01,2018-06-30,-1
2019-10-30,79080,2020-03-31,2,5871000000,-0.145,,,,,-192000000,,-225000000,,,-952000000,,-19.38,,,,,,22838000000,17875000000,0.783,,17875000000,,,,,,,,,,,,true,false,6,2019-04-01,2019-09-30,0
2019-10-30,79080,2019-03-31,2,6865000000,-0.066,,,,,134000000,-0.235,249000000,0.082,,281000000,,5.63,,,,,,,,,,,,,,,,,,,,,,true,false,6,2018-04-01,2018-09-30,-1
2019-10-30,79080,2020-03-31,2,11800000000,-0.130,,,,,-400000000,,-400000000,,,-1150000000,,-23.40,,,,,,,,,,,,,,,,,,,,,,true,true,12,2019-04-01,2020-03-31,0
2019-10-30,79080,2019-03-31,2,,,,,,,,,,,,,,,,,,,,24772000000,19021000000,0.768,,19021000000,,,,,,,,,,,,true,false,12,2018-04-01,2019-03-31,-1
2019-10-30,79080,2019-03-31,2,,,,,,,,,,,,,,,,,,,,,,,,,,,,,5.00,,,,54772564,5622118,,false,false,12,2018-04-01,2019-03-31,-1
2019-10-30,79080,2020-03-31,2,,,,,,,,,,,,,,,,,,,,,,,,,,,,,2.00,,,,,,,false,false,12,2019-04-01,2020-03-31,0
2019-10-30,79080,2020-03-31,2,,,,,,,,,,,,,,,,,,,,,,,,,,,,,5.00,,,,,,,false,true,12,2019-04-01,2020-03-31,0
2019-10-30,79080,2020-03-31,2,,,,,,,,,,,,,,,,,,,,,,,,,,,,,,,,,54772564,5622118,49150446,false,false,6,2019-04-01,2019-09-30,0
2019-10-30,79080,2019-03-31,2,,,,,,,,,,,,,,,,,,,,,,,,,,,,,,,,,,,49928480,false,false,6,2018-04-01,2018-09-30,-1
2020-02-06,79080,2020-03-31,3,8875000000,-0.147,,,,,-305000000,,-285000000,,,-1022000000,,-20.84,,,,,,22986000000,17654000000,0.768,,17654000000,,,,,,,,,,,,true,false,9,2019-04-01,2019-12-31,0
2020-02-06,79080,2019-03-31,3,10406000000,-0.089,,,,,305000000,-0.536,402000000,-0.450,,382000000,,7.69,,,,,,,,,,,,,,,,,,,,,,true,false,9,2018-04-01,2018-12-31,-1
2020-02-06,79080,2020-03-31,3,11800000000,-0.130,,,,,-400000000,,-400000000,,,-1150000000,,-23.40,,,,,,,,,,,,,,,,,,,,,,true,true,12,2019-04-01,2020-03-31,0
2020-02-06,79080,2019-03-31,3,,,,,,,,,,,,,,,,,,,,24772000000,19021000000,0.768,,19021000000,,,,,,,,,,,,true,false,12,2018-04-01,2019-03-31,-1
2020-02-06,79080,2019-03-31,3,,,,,,,,,,,,,,,,,,,,,,,,,,,,,5.00,,,,54772564,5622118,,false,false,12,2018-04-01,2019-03-31,-1
2020-02-06,79080,2020-03-31,3,,,,,,,,,,,,,,,,,,,,,,,,,,,,,2.00,,,,,,,false,false,12,2019-04-01,2020-03-31,0
2020-02-06,79080,2020-03-31,3,,,,,,,,,,,,,,,,,,,,,,,,,,,,,5.00,,,,,,,false,true,12,2019-04-01,2020-03-31,0
2020-02-06,79080,2020-03-31,3,,,,,,,,,,,,,,,,,,,,,,,,,,,,,,,,,54772564,6284318,49040502,false,false,9,2019-04-01,2019-12-31,0
2020-02-06,79080,2019-03-31,3,,,,,,,,,,,,,,,,,,,,,,,,,,,,,,,,,,,49669135,false,false,9,2018-04-01,2018-12-31,-1
2020-05-13,79080,2020-03-31,,12019000000,-0.114,,,,,-77000000,,-52000000,,,-821000000,,-16.83,,,,,,22613000000,17684000000,0.782,367.27,17684000000,541000000,-696000000,-430000000,11883000000,,,,,,,,true,false,12,2019-04-01,2020-03-31,0
2020-05-13,79080,2019-03-31,,13568000000,-0.088,,,,,34000000,-0.951,156000000,-0.787,,292000000,,5.91,,0.015,0.006,0.003,,24772000000,19021000000,0.768,387.00,19021000000,1128000000,-198000000,-555000000,12482000000,,0.846,,,,,,true,false,12,2018-04-01,2019-03-31,-1
2020-05-13,79080,2020-03-31,,11176000000,-0.084,,,,,121000000,0.219,121000000,-0.471,-741000000,,,-15.18,,,,,,22519000000,17762000000,0.789,368.89,17762000000,,,,,5.00,,,,54772564,6622118,48823946,false,false,12,2019-04-01,2020-03-31,0
2020-05-13,79080,2019-03-31,,12200000000,-0.113,,,,,99000000,-0.882,228000000,-0.737,344000000,,-0.459,6.94,,,,,,24515000000,19040000000,0.777,387.39,19040000000,,,,,5.00,,,,54772564,5622118,49539462,false,false,12,2018-04-01,2019-03-31,-1
2020-07-31,79080,2021-03-31,1,2427000000,-0.190,,,,,-253000000,,-253000000,,,-268000000,,-5.57,,,,,,22102000000,17319000000,0.784,,17319000000,,,,,,,,,,,,true,false,3,2020-04-01,2020-06-30,0
2020-07-31,79080,2020-03-31,1,2998000000,-0.153,,,,,-64000000,,-98000000,,,-102000000,,-2.08,,,,,,,,,,,,,,,,,,,,,,true,false,3,2019-04-01,2019-06-30,-1
2020-07-31,79080,2020-03-31,1,,,,,,,,,,,,,,,,,,,,22613000000,17684000000,0.782,,17684000000,,,,,,,,,,,,true,false,12,2019-04-01,2020-03-31,-1
2020-07-31,79080,2020-03-31,1,,,,,,,,,,,,,,,,,,,,,,,,,,,,,5.00,,,,54772564,6622118,,false,false,12,2019-04-01,2020-03-31,-1
2020-07-31,79080,2021-03-31,1,,,,,,,,,,,,,,,,,,,,,,,,,,,,,,,,,54772564,6622118,48150446,false,false,3,2020-04-01,2020-06-30,0
2020-07-31,79080,2020-03-31,1,,,,,,,,,,,,,,,,,,,,,,,,,,,,,,,,,,,49150446,false,false,3,2019-04-01,2019-06-30,-1
2020-10-30,79080,2021-03-31,2,4880000000,-0.169,,,,,-386000000,,-372000000,,,-392000000,,-8.16,,,,,,21753000000,17211000000,0.791,,17211000000,,,,,,,,,,,,true,false,6,2020-04-01,2020-09-30,0
2020-10-30,79080,2020-03-31,2,5871000000,-0.145,,,,,-192000000,,-225000000,,,-952000000,,-19.38,,,,,,,,,,,,,,,,,,,,,,true,false,6,2019-04-01,2019-09-30,-1
2020-10-30,79080,2021-03-31,2,11100000000,-0.076,,,,,20000000,,10000000,,,-50000000,,-1.04,,,,,,,,,,,,,,,,,,,,,,true,true,12,2020-04-01,2021-03-31,0
2020-10-30,79080,2020-03-31,2,,,,,,,,,,,,,,,,,,,,22613000000,17684000000,0.782,,17684000000,,,,,,,,,,,,true,false,12,2019-04-01,2020-03-31,-1
2020-10-30,79080,2020-03-31,2,,,,,,,,,,,,,,,,,,,,,,,,,,,,,5.00,,,,54772564,6622118,,false,false,12,2019-04-01,2020-03-31,-1
2020-10-30,79080,2021-03-31,2,,,,,,,,,,,,,,,,,,,,,,,,,,,,,2.00,,,,,,,false,false,12,2020-04-01,2021-03-31,0
2020-10-30,79080,2021-03-31,2,,,,,,,,,,,,,,,,,,,,,,,,,,,,,5.00,,,,,,,false,true,12,2020-04-01,2021-03-31,0
2020-10-30,79080,2021-03-31,2,,,,,,,,,,,,,,,,,,,,,,,,,,,,,,,,,54772564,6622118,48150446,false,false,6,2020-04-01,2020-09-30,0
2020-10-30,79080,2020-03-31,2,,,,,,,,,,,,,,,,,,,,,,,,,,,,,,,,,,,49150446,false,false,6,2019-04-01,2019-09-30,-1
2021-01-29,79080,2021-03-31,3,8196000000,-0.076,,,,,84000000,,114000000,,,37000000,,0.77,,,,,,22316000000,17380000000,0.779,,17380000000,,,,,,,,,,,,true,false,9,2020-04-01,2020-12-31,0
2021-01-29,79080,2020-03-31,3,8875000000,-0.147,,,,,-305000000,,-285000000,,,-1022000000,,-20.84,,,,,,,,,,,,,,,,,,,,,,true,false,9,2019-04-01,2019-12-31,-1
2021-01-29,79080,2021-03-31,3,11100000000,-0.076,,,,,20000000,,10000000,,,-50000000,,-1.04,,,,,,,,,,,,,,,,,,,,,,true,true,12,2020-04-01,2021-03-31,0
2021-01-29,79080,2020-03-31,3,,,,,,,,,,,,,,,,,,,,22613000000,17684000000,0.782,,17684000000,,,,,,,,,,,,true,false,12,2019-04-01,2020-03-31,-1
2021-01-29,79080,2020-03-31,3,,,,,,,,,,,,,,,,,,,,,,,,,,,,,5.00,,,,54772564,6622118,,false,false,12,2019-04-01,2020-03-31,-1
2021-01-29,79080,2021-03-31,3,,,,,,,,,,,,,,,,,,,,,,,,,,,,,2.00,,,,,,,false,false,12,2020-04-01,2021-03-31,0
2021-01-29,79080,2021-03-31,3,,,,,,,,,,,,,,,,,,,,,,,,,,,,,5.00,,,,,,,false,true,12,2020-04-01,2021-03-31,0
2021-01-29,79080,2021-03-31,3,,,,,,,,,,,,,,,,,,,,,,,,,,,,,,,,,54772564,7622118,47979046,false,false,9,2020-04-01,2020-12-31,0
2021-01-29,79080,2020-03-31,3,,,,,,,,,,,,,,,,,,,,,,,,,,,,,,,,,,,49040502,false,false,9,2019-04-01,2019-12-31,-1
2021-04-22,79080,2021-03-31,,11557000000,-0.038,,,,,402000000,,525000000,,,492000000,,10.31,,0.028,0.023,0.035,,22827000000,17961000000,0.787,380.94,17961000000,1251000000,-271000000,-427000000,12442000000,,0.485,,,,,,true,false,12,2020-04-01,2021-03-31,0
2021-04-22,79080,2020-03-31,,12019000000,-0.114,,,,,-77000000,,-52000000,,,-821000000,,-16.83,,,,,,22613000000,17684000000,0.782,367.27,17684000000,541000000,-696000000,-430000000,11883000000,,,,,,,,true,false,12,2019-04-01,2020-03-31,-1
2021-04-22,79080,2022-03-31,,5800000000,0.189,,,,,300000000,,320000000,,,250000000,,5.30,,,,,,,,,,,,,,,,,,,,,,true,true,6,2021-04-01,2021-09-30,1
2021-04-22,79080,2022-03-31,,12600000000,0.090,,,,,900000000,1.236,960000000,0.826,,730000000,,15.48,,,,,,,,,,,,,,,,0.323,,,,,,true,true,12,2021-04-01,2022-03-31,1
2021-04-22,79080,2021-03-31,,10862000000,-0.028,,,,,473000000,2.897,588000000,3.861,553000000,,,11.58,,,,,,22711000000,17995000000,0.792,381.65,17995000000,,,,,5.00,,,,54772564,7622118,47771896,false,false,12,2020-04-01,2021-03-31,0
2021-04-22,79080,2020-03-31,,11176000000,-0.084,,,,,121000000,0.219,121000000,-0.471,-741000000,,,-15.18,,,,,,22519000000,17762000000,0.789,368.89,17762000000,,,,,5.00,,,,54772564,6622118,48823946,false,false,12,2019-04-01,2020-03-31,-1
2021-04-22,79080,2022-03-31,,,,,,,,,,,,,,,,,,,,,,,,,,,,,,5.00,,,,,,,false,true,12,2021-04-01,2022-03-31,1
2021-07-26,79080,2022-03-31,1,2918000000,0.202,,,,,138000000,,162000000,,,111000000,,2.36,,,,,,22976000000,17956000000,0.782,,17956000000,,,,,,,,,,,,true,false,3,2021-04-01,2021-06-30,0
2021-07-26,79080,2021-03-31,1,2427000000,-0.190,,,,,-253000000,,-253000000,,,-268000000,,-5.57,,,,,,,,,,,,,,,,,,,,,,true,false,3,2020-04-01,2020-06-30,-1
2021-07-26,79080,2022-03-31,1,5800000000,0.189,,,,,300000000,,320000000,,,250000000,,5.30,,,,,,,,,,,,,,,,,,,,,,true,true,6,2021-04-01,2021-09-30,0
2021-07-26,79080,2022-03-31,1,12600000000,0.090,,,,,900000000,1.236,960000000,0.826,,730000000,,15.48,,,,,,,,,,,,,,,,,,,,,,true,true,12,2021-04-01,2022-03-31,0
2021-07-26,79080,2021-03-31,1,,,,,,,,,,,,,,,,,,,,22827000000,17961000000,0.787,,17961000000,,,,,,,,,,,,true,false,12,2020-04-01,2021-03-31,-1
2021-07-26,79080,2021-03-31,1,,,,,,,,,,,,,,,,,,,,,,,,,,,,,5.00,,,,54772564,7622118,,false,false,12,2020-04-01,2021-03-31,-1
2021-07-26,79080,2022-03-31,1,,,,,,,,,,,,,,,,,,,,,,,,,,,,,5.00,,,,,,,false,true,12,2021-04-01,2022-03-31,0
2021-07-26,79080,2022-03-31,1,,,,,,,,,,,,,,,,,,,,,,,,,,,,,,,,,54772564,7622118,47150446,false,false,3,2021-04-01,2021-06-30,0
2021-07-26,79080,2021-03-31,1,,,,,,,,,,,,,,,,,,,,,,,,,,,,,,,,,,,48150446,false,false,3,2020-04-01,2020-06-30,-1
2021-10-22,79080,2022-03-31,2,6031000000,0.236,,,,,345000000,,377000000,,,258000000,,5.48,,,,,,23014000000,18122000000,0.787,,18122000000,,,,,,,,,,,,true,false,6,2021-04-01,2021-09-30,0
2021-10-22,79080,2021-03-31,2,4880000000,-0.169,,,,,-386000000,,-372000000,,,-392000000,,-8.16,,,,,,,,,,,,,,,,,,,,,,true,false,6,2020-04-01,2020-09-30,-1
2021-10-22,79080,2022-03-31,2,12600000000,0.090,,,,,900000000,1.236,960000000,0.826,,730000000,,15.48,,,,,,,,,,,,,,,,,,,,,,true,true,12,2021-04-01,2022-03-31,0
2021-10-22,79080,2021-03-31,2,,,,,,,,,,,,,,,,,,,,22827000000,17961000000,0.787,,17961000000,,,,,,,,,,,,true,false,12,2020-04-01,2021-03-31,-1
2021-10-22,79080,2021-03-31,2,,,,,,,,,,,,,,,,,,,,,,,,,,,,,5.00,,,,54772564,7622118,,false,false,12,2020-04-01,2021-03-31,-1
2021-10-22,79080,2022-03-31,2,,,,,,,,,,,,,,,,,,,,,,,,,,,,,2.00,,,,,,,false,false,12,2021-04-01,2022-03-31,0
2021-10-22,79080,2022-03-31,2,,,,,,,,,,,,,,,,,,,,,,,,,,,,,5.00,,,,,,,false,true,12,2021-04-01,2022-03-31,0
2021-10-22,79080,2022-03-31,2,,,,,,,,,,,,,,,,,,,,,,,,,,,,,,,,,54772564,7622118,47150446,false,false,6,2021-04-01,2021-09-30,0
2021-10-22,79080,2021-03-31,2,,,,,,,,,,,,,,,,,,,,,,,,,,,,,,,,,,,48150446,false,false,6,2020-04-01,2020-09-30,-1
2022-01-25,79080,2022-03-31,3,9245000000,0.128,,,,,654000000,6.748,722000000,5.321,,519000000,,11.02,,,,,,23684000000,18346000000,0.775,,18346000000,,,,,,,,,,,,true,false,9,2021-04-01,2021-12-31,0
2022-01-25,79080,2021-03-31,3,8196000000,-0.076,,,,,84000000,,114000000,,,37000000,,0.77,,,,,,,,,,,,,,,,,,,,,,true,false,9,2020-04-01,2020-12-31,-1
2022-01-25,79080,2022-03-31,3,12600000000,0.090,,,,,900000000,1.236,960000000,0.826,,730000000,,15.48,,,,,,,,,,,,,,,,,,,,,,true,true,12,2021-04-01,2022-03-31,0
2022-01-25,79080,2021-03-31,3,,,,,,,,,,,,,,,,,,,,22827000000,17961000000,0.787,,17961000000,,,,,,,,,,,,true,false,12,2020-04-01,2021-03-31,-1
2022-01-25,79080,2021-03-31,3,,,,,,,,,,,,,,,,,,,,,,,,,,,,,5.00,,,,54772564,7622118,,false,false,12,2020-04-01,2021-03-31,-1
2022-01-25,79080,2022-03-31,3,,,,,,,,,,,,,,,,,,,,,,,,,,,,,2.00,,,,,,,false,false,12,2021-04-01,2022-03-31,0
2022-01-25,79080,2022-03-31,3,,,,,,,,,,,,,,,,,,,,,,,,,,,,,5.00,,,,,,,false,true,12,2021-04-01,2022-03-31,0
2022-01-25,79080,2022-03-31,3,,,,,,,,,,,,,,,,,,,,,,,,,,,,,,,,,54772564,7622118,47150446,false,false,9,2021-04-01,2021-12-31,0
2022-01-25,79080,2021-03-31,3,,,,,,,,,,,,,,,,,,,,,,,,,,,,,,,,,,,47979046,false,false,9,2020-04-01,2020-12-31,-1
2022-04-22,79080,2022-03-31,,12235000000,0.059,,,,,695000000,0.728,815000000,0.550,,684000000,,14.51,,0.037,0.035,0.057,,23819000000,18661000000,0.783,395.79,18661000000,1573000000,-28000000,-235000000,13926000000,,0.414,,,,,,true,false,12,2021-04-01,2022-03-31,0
2022-04-22,79080,2021-03-31,,11557000000,-0.038,,,,,402000000,,525000000,,,492000000,,10.31,,0.028,0.023,0.035,,22827000000,17961000000,0.787,380.94,17961000000,1251000000,-271000000,-427000000,12442000000,,0.485,,,,,,true,false,12,2020-04-01,2021-03-31,-1
2022-04-22,79080,2023-03-31,,6200000000,0.028,,,,,400000000,0.158,420000000,0.112,,350000000,,7.42,,,,,,,,,,,,,,,,,,,,,,true,true,6,2022-04-01,2022-09-30,1
2022-04-22,79080,2023-03-31,,13000000000,0.062,,,,,1000000000,0.438,1050000000,0.288,,800000000,,16.97,,,,,,,,,,,,,,,,0.354,,,,,,true,true,12,2022-04-01,2023-03-31,1
2022-04-22,79080,2022-03-31,,11620000000,0.070,,,,,928000000,0.961,1056000000,0.796,764000000,,0.382,16.22,,,,,,23530000000,18547000000,0.788,393.36,18547000000,,,,,6.00,,,,54772564,7622118,47150446,false,false,12,2021-04-01,2022-03-31,0
2022-04-22,79080,2021-03-31,,10862000000,-0.028,,,,,473000000,2.897,588000000,3.861,553000000,,,11.58,,,,,,22711000000,17995000000,0.792,381.65,17995000000,,,,,5.00,,,,54772564,7622118,47771896,false,false,12,2020-04-01,2021-03-31,-1
2022-04-22,79080,2023-03-31,,,,,,,,,,,,,,,,,,,,,,,,,,,,,,6.00,,,,,,,false,true,12,2022-04-01,2023-03-31,1
2022-07-28,79080,2023-03-31,1,3102000000,0.063,,,,,271000000,0.957,352000000,1.165,,258000000,,5.49,,,,,,23807000000,18917000000,0.795,,18917000000,,,,,,,,,,,,true,false,3,2022-04-01,2022-06-30,0
2022-07-28,79080,2022-03-31,1,2918000000,0.202,,,,,138000000,,162000000,,,111000000,,2.36,,,,,,,,,,,,,,,,,,,,,,true,false,3,2021-04-01,2021-06-30,-1
2022-07-28,79080,2023-03-31,1,6200000000,0.028,,,,,400000000,0.158,420000000,0.112,,350000000,,7.42,,,,,,,,,,,,,,,,,,,,,,true,true,6,2022-04-01,2022-09-30,0
2022-07-28,79080,2023-03-31,1,13000000000,0.062,,,,,1000000000,0.438,1050000000,0.288,,800000000,,16.97,,,,,,,,,,,,,,,,,,,,,,true,true,12,2022-04-01,2023-03-31,0
2022-07-28,79080,2022-03-31,1,,,,,,,,,,,,,,,,,,,,23819000000,18661000000,0.783,,18661000000,,,,,,,,,,,,true,false,12,2021-04-01,2022-03-31,-1
2022-07-28,79080,2022-03-31,1,,,,,,,,,,,,,,,,,,,,,,,,,,,,,6.00,,,,54772564,7622118,,false,false,12,2021-04-01,2022-03-31,-1
2022-07-28,79080,2023-03-31,1,,,,,,,,,,,,,,,,,,,,,,,,,,,,,6.00,,,,,,,false,true,12,2022-04-01,2023-03-31,0
2022-07-28,79080,2023-03-31,1,,,,,,,,,,,,,,,,,,,,,,,,,,,,,,,,,54772564,7622118,47150446,false,false,3,2022-04-01,2022-06-30,0
2022-07-28,79080,2022-03-31,1,,,,,,,,,,,,,,,,,,,,,,,,,,,,,,,,,,,47150446,false,false,3,2021-04-01,2021-06-30,-1
2022-10-25,79080,2023-03-31,2,5826000000,-0.034,,,,,411000000,0.192,546000000,0.447,,405000000,,8.64,,,,,,23581000000,18938000000,0.803,,18938000000,,,,,,,,,,,,true,false,6,2022-04-01,2022-09-30,0
2022-10-25,79080,2022-03-31,2,6031000000,0.236,,,,,345000000,,377000000,,,258000000,,5.48,,,,,,,,,,,,,,,,,,,,,,true,false,6,2021-04-01,2021-09-30,-1
2022-10-25,79080,2023-03-31,2,13000000000,0.062,,,,,1000000000,0.438,1050000000,0.288,,800000000,,16.97,,,,,,,,,,,,,,,,,,,,,,true,true,12,2022-04-01,2023-03-31,0
2022-10-25,79080,2022-03-31,2,,,,,,,,,,,,,,,,,,,,23819000000,18661000000,0.783,,18661000000,,,,,,,,,,,,true,false,12,2021-04-01,2022-03-31,-1
2022-10-25,79080,2022-03-31,2,,,,,,,,,,,,,,,,,,,,,,,,,,,,,6.00,,,,54772564,7622118,,false,false,12,2021-04-01,2022-03-31,-1
2022-10-25,79080,2023-03-31,2,,,,,,,,,,,,,,,,,,,,,,,,,,,,,3.00,,,,,,,false,false,12,2022-04-01,2023-03-31,0
2022-10-25,79080,2023-03-31,2,,,,,,,,,,,,,,,,,,,,,,,,,,,,,6.00,,,,,,,false,true,12,2022-04-01,2023-03-31,0
2022-10-25,79080,2023-03-31,2,,,,,,,,,,,,,,,,,,,,,,,,,,,,,,,,,54772564,8368218,46957029,false,false,6,2022-04-01,2022-09-30,0
2022-10-25,79080,2022-03-31,2,,,,,,,,,,,,,,,,,,,,,,,,,,,,,,,,,,,47150446,false,false,6,2021-04-01,2021-09-30,-1
2023-01-30,79080,2023-03-31,3,7725000000,-0.164,,,,,-98000000,,-2000000,,,-146000000,,-3.15,,,,,,22317000000,18083000000,0.810,,18083000000,,,,,,,,,,,,true,false,9,2022-04-01,2022-12-31,0
2023-01-30,79080,2022-03-31,3,9245000000,0.128,,,,,654000000,6.748,722000000,5.321,,519000000,,11.02,,,,,,,,,,,,,,,,,,,,,,true,false,9,2021-04-01,2021-12-31,-1
2023-01-30,79080,2023-03-31,3,9600000000,-0.215,,,,,-580000000,,-450000000,,,-570000000,,-12.35,,,,,,,,,,,,,,,,,,,,,,true,true,12,2022-04-01,2023-03-31,0
2023-01-30,79080,2022-03-31,3,,,,,,,,,,,,,,,,,,,,23819000000,18661000000,0.783,,18661000000,,,,,,,,,,,,true,false,12,2021-04-01,2022-03-31,-1
2023-01-30,79080,2022-03-31,3,,,,,,,,,,,,,,,,,,,,,,,,,,,,,6.00,,,,54772564,7622118,,false,false,12,2021-04-01,2022-03-31,-1
2023-01-30,79080,2023-03-31,3,,,,,,,,,,,,,,,,,,,,,,,,,,,,,3.00,,,,,,,false,false,12,2022-04-01,2023-03-31,0
2023-01-30,79080,2023-03-31,3,,,,,,,,,,,,,,,,,,,,,,,,,,,,,6.00,,,,,,,false,true,12,2022-04-01,2023-03-31,0
2023-01-30,79080,2023-03-31,3,,,,,,,,,,,,,,,,,,,,,,,,,,,,,,,,,54772564,8622158,46688164,false,false,9,2022-04-01,2022-12-31,0
2023-01-30,79080,2022-03-31,3,,,,,,,,,,,,,,,,,,,,,,,,,,,,,,,,,,,47150446,false,false,9,2021-04-01,2021-12-31,-1
2023-04-24,79080,2023-03-31,,9623000000,-0.214,,,,,-626000000,,-512000000,,,-567000000,,-12.18,,,,,,21560000000,17693000000,0.821,383.38,17693000000,-190000000,-528000000,-576000000,12792000000,,,,,,,,true,false,12,2022-04-01,2023-03-31,0
2023-04-24,79080,2022-03-31,,12235000000,0.059,,,,,695000000,0.728,815000000,0.550,,684000000,,14.51,,0.037,0.035,0.057,,23819000000,18661000000,0.783,395.79,18661000000,1573000000,-28000000,-235000000,13926000000,,0.414,,,,,,true,false,12,2021-04-01,2022-03-31,-1
2023-04-24,79080,2024-03-31,,4400000000,-0.245,,,,,-570000000,,-540000000,,,-550000000,,-11.92,,,,,,,,,,,,,,,,,,,,,,true,true,6,2023-04-01,2023-09-30,1
2023-04-24,79080,2024-03-31,,11300000000,0.174,,,,,100000000,,150000000,,,100000000,,2.17,,,,,,,,,,,,,,,,2.769,,,,,,true,true,12,2023-04-01,2024-03-31,1
2023-04-24,79080,2023-03-31,,8914000000,-0.233,,,,,-498000000,,-388000000,,-969000000,,,-20.83,,,,,,20748000000,17025000000,0.821,368.92,17025000000,,,,,6.00,,,,54772564,8622158,46553724,false,false,12,2022-04-01,2023-03-31,0
2023-04-24,79080,2022-03-31,,11620000000,0.070,,,,,928000000,0.961,1056000000,0.796,764000000,,0.382,16.22,,,,,,23530000000,18547000000,0.788,393.36,18547000000,,,,,6.00,,,,54772564,7622118,47150446,false,false,12,2021-04-01,2022-03-31,-1
2023-04-24,79080,2024-03-31,,,,,,,,,,,,,,,,,,,,,,,,,,,,,,6.00,,,,,,,false,true,12,2023-04-01,2024-03-31,1
2023-07-28,79080,2024-03-31,1,2112000000,-0.319,,,,,-260000000,,-178000000,,,-188000000,,-4.08,,,,,,21726000000,17560000000,0.808,,17560000000,,,,,,,,,,,,true,false,3,2023-04-01,2023-06-30,0
2023-07-28,79080,2023-03-31,1,3102000000,0.063,,,,,271000000,0.957,352000000,1.165,,258000000,,5.49,,,,,,,,,,,,,,,,,,,,,,true,false,3,2022-04-01,2022-06-30,-1
2023-07-28,79080,2024-03-31,1,4400000000,-0.245,,,,,-570000000,,-540000000,,,-550000000,,-11.92,,,,,,,,,,,,,,,,,,,,,,true,true,6,2023-04-01,2023-09-30,0
2023-07-28,79080,2024-03-31,1,11300000000,0.174,,,,,100000000,,150000000,,,100000000,,2.17,,,,,,,,,,,,,,,,,,,,,,true,true,12,2023-04-01,2024-03-31,0
2023-07-28,79080,2023-03-31,1,,,,,,,,,,,,,,,,,,,,21560000000,17693000000,0.821,,17693000000,,,,,,,,,,,,true,false,12,2022-04-01,2023-03-31,-1
2023-07-28,79080,2023-03-31,1,,,,,,,,,,,,,,,,,,,,,,,,,,,,,6.00,,,,54772564,8622158,,false,false,12,2022-04-01,2023-03-31,-1
2023-07-28,79080,2024-03-31,1,,,,,,,,,,,,,,,,,,,,,,,,,,,,,6.00,,,,,,,false,true,12,2023-04-01,2024-03-31,0
2023-07-28,79080,2024-03-31,1,,,,,,,,,,,,,,,,,,,,,,,,,,,,,,,,,54772564,8622158,46150406,false,false,3,2023-04-01,2023-06-30,0
2023-07-28,79080,2023-03-31,1,,,,,,,,,,,,,,,,,,,,,,,,,,,,,,,,,,,47150446,false,false,3,2022-04-01,2022-06-30,-1
2023-10-30,79080,2024-03-31,2,4618000000,-0.207,,,,,-109000000,,7000000,-0.986,,-1000000,,-0.03,,,,,,22361000000,17811000000,0.797,,17811000000,,,,,,,,,,,,true,false,6,2023-04-01,2023-09-30,0
2023-10-30,79080,2023-03-31,2,5826000000,-0.034,,,,,411000000,0.192,546000000,0.447,,405000000,,8.64,,,,,,,,,,,,,,,,,,,,,,true,false,6,2022-04-01,2022-09-30,-1
2023-10-30,79080,2024-03-31,2,11300000000,0.174,,,,,100000000,,150000000,,,100000000,,2.17,,,,,,,,,,,,,,,,,,,,,,true,true,12,2023-04-01,2024-03-31,0
2023-10-30,79080,2023-03-31,2,,,,,,,,,,,,,,,,,,,,21560000000,17693000000,0.821,,17693000000,,,,,,,,,,,,true,false,12,2022-04-01,2023-03-31,-1
2023-10-30,79080,2023-03-31,2,,,,,,,,,,,,,,,,,,,,,,,,,,,,,6.00,,,,54772564,8622158,,false,false,12,2022-04-01,2023-03-31,-1
2023-10-30,79080,2024-03-31,2,,,,,,,,,,,,,,,,,,,,,,,,,,,,,3.00,,,,,,,false,false,12,2023-04-01,2024-03-31,0
2023-10-30,79080,2024-03-31,2,,,,,,,,,,,,,,,,,,,,,,,,,,,,,6.00,,,,,,,false,true,12,2023-04-01,2024-03-31,0
2023-10-30,79080,2024-03-31,2,,,,,,,,,,,,,,,,,,,,,,,,,,,,,,,,,54772564,8622158,46150406,false,false,6,2023-04-01,2023-09-30,0
2023-10-30,79080,2023-03-31,2,,,,,,,,,,,,,,,,,,,,,,,,,,,,,,,,,,,46957029,false,false,6,2022-04-01,2022-09-30,-1
2024-01-29,79080,2024-03-31,3,7165000000,-0.072,,,,,65000000,,168000000,,,103000000,,2.25,,,,,,22111000000,17762000000,0.803,,17762000000,,,,,,,,,,,,true,false,9,2023-04-01,2023-12-31,0
2024-01-29,79080,2023-03-31,3,7725000000,-0.164,,,,,-98000000,,-2000000,,,-146000000,,-3.15,,,,,,,,,,,,,,,,,,,,,,true,false,9,2022-04-01,2022-12-31,-1
2024-01-29,79080,2024-03-31,3,11300000000,0.174,,,,,100000000,,150000000,,,100000000,,2.17,,,,,,,,,,,,,,,,,,,,,,true,true,12,2023-04-01,2024-03-31,0
2024-01-29,79080,2023-03-31,3,,,,,,,,,,,,,,,,,,,,21560000000,17693000000,0.821,,17693000000,,,,,,,,,,,,true,false,12,2022-04-01,2023-03-31,-1
2024-01-29,79080,2023-03-31,3,,,,,,,,,,,,,,,,,,,,,,,,,,,,,6.00,,,,54772564,8622158,,false,false,12,2022-04-01,2023-03-31,-1
2024-01-29,79080,2024-03-31,3,,,,,,,,,,,,,,,,,,,,,,,,,,,,,3.00,,,,,,,false,false,12,2023-04-01,2024-03-31,0
2024-01-29,79080,2024-03-31,3,,,,,,,,,,,,,,,,,,,,,,,,,,,,,6.00,,,,,,,false,true,12,2023-04-01,2024-03-31,0
2024-01-29,79080,2024-03-31,3,,,,,,,,,,,,,,,,,,,,,,,,,,,,,,,,,54772564,8622158,46150406,false,false,9,2023-04-01,2023-12-31,0
2024-01-29,79080,2023-03-31,3,,,,,,,,,,,,,,,,,,,,,,,,,,,,,,,,,,,46688164,false,false,9,2022-04-01,2022-12-31,-1
2024-04-30,79080,2024-03-31,,9910000000,0.030,,,,,214000000,,408000000,,,335000000,,7.26,,0.019,0.019,0.022,,22599000000,18156000000,0.803,393.41,18156000000,514000000,-642000000,-278000000,12602000000,,0.827,,,,,,true,false,12,2023-04-01,2024-03-31,0
2024-04-30,79080,2023-03-31,,9623000000,-0.214,,,,,-626000000,,-512000000,,,-567000000,,-12.18,,,,,,21560000000,17693000000,0.821,383.38,17693000000,-190000000,-528000000,-576000000,12792000000,,,,,,,,true,false,12,2022-04-01,2023-03-31,-1
2024-04-30,79080,2025-03-31,,5200000000,0.126,,,,,150000000,,170000000,,,170000000,,3.68,,,,,,,,,,,,,,,,,,,,,,true,true,6,2024-04-01,2024-09-30,1
2024-04-30,79080,2025-03-31,,10600000000,0.070,,,,,500000000,1.328,540000000,0.320,,370000000,,8.02,,,,,,,,,,,,,,,,0.748,,,,,,true,true,12,2024-04-01,2025-03-31,1
2024-04-30,79080,2024-03-31,,9225000000,0.035,,,,,439000000,,624000000,,539000000,,,11.70,,,,,,21769000000,17410000000,0.800,377.25,17410000000,,,,,6.00,,,,54772564,8622158,46150406,false,false,12,2023-04-01,2024-03-31,0
2024-04-30,79080,2023-03-31,,8914000000,-0.233,,,,,-498000000,,-388000000,,-969000000,,,-20.83,,,,,,20748000000,17025000000,0.821,368.92,17025000000,,,,,6.00,,,,54772564,8622158,46553724,false,false,12,2022-04-01,2023-03-31,-1
2024-04-30,79080,2025-03-31,,,,,,,,,,,,,,,,,,,,,,,,,,,,,,6.00,,,,,,,false,true,12,2024-04-01,2025-03-31,1
2024-07-30,79080,2025-03-31,1,2763000000,0.308,,,,,357000000,,435000000,,,376000000,,8.16,,,,,,23106000000,18557000000,0.803,,18557000000,,,,,,,,,,,,true,false,3,2024-04-01,2024-06-30,0
2024-07-30,79080,2024-03-31,1,2112000000,-0.319,,,,,-260000000,,-178000000,,,-188000000,,-4.08,,,,,,,,,,,,,,,,,,,,,,true,false,3,2023-04-01,2023-06-30,-1
2024-07-30,79080,2025-03-31,1,5500000000,0.191,,,,,470000000,,490000000,,,490000000,,10.62,,,,,,,,,,,,,,,,,,,,,,true,true,6,2024-04-01,2024-09-30,0
2024-07-30,79080,2025-03-31,1,10900000000,0.100,,,,,800000000,2.725,860000000,1.103,,690000000,,14.95,,,,,,,,,,,,,,,,,,,,,,true,true,12,2024-04-01,2025-03-31,0
2024-07-30,79080,2024-03-31,1,,,,,,,,,,,,,,,,,,,,22599000000,18156000000,0.803,,18156000000,,,,,,,,,,,,true,false,12,2023-04-01,2024-03-31,-1
2024-07-30,79080,2024-03-31,1,,,,,,,,,,,,,,,,,,,,,,,,,,,,,6.00,,,,54772564,8622158,,false,false,12,2023-04-01,2024-03-31,-1
2024-07-30,79080,2025-03-31,1,,,,,,,,,,,,,,,,,,,,,,,,,,,,,6.00,,,,,,,false,true,12,2024-04-01,2025-03-31,0
2024-07-30,79080,2025-03-31,1,,,,,,,,,,,,,,,,,,,,,,,,,,,,,,,,,54772564,8622158,46150406,false,false,3,2024-04-01,2024-06-30,0
2024-07-30,79080,2024-03-31,1,,,,,,,,,,,,,,,,,,,,,,,,,,,,,,,,,,,46150406,false,false,3,2023-04-01,2023-06-30,-1
2024-10-29,79080,2025-03-31,2,5776000000,0.251,,,,,814000000,,768000000,,,627000000,,13.60,,,,,,22845000000,18635000000,0.816,,18635000000,,,,,,,,,,,,true,false,6,2024-04-01,2024-09-30,0
2024-10-29,79080,2024-03-31,2,4618000000,-0.207,,,,,-109000000,,7000000,-0.986,,-1000000,,-0.03,,,,,,,,,,,,,,,,,,,,,,true,false,6,2023-04-01,2023-09-30,-1
2024-10-29,79080,2025-03-31,2,10900000000,0.100,,,,,1000000000,3.656,980000000,1.396,,720000000,,15.60,,,,,,,,,,,,,,,,,,,,,,true,true,12,2024-04-01,2025-03-31,0
2024-10-29,79080,2024-03-31,2,,,,,,,,,,,,,,,,,,,,22599000000,18156000000,0.803,,18156000000,,,,,,,,,,,,true,false,12,2023-04-01,2024-03-31,-1
2024-10-29,79080,2024-03-31,2,,,,,,,,,,,,,,,,,,,,,,,,,,,,,6.00,,,,54772564,8622158,,false,false,12,2023-04-01,2024-03-31,-1
2024-10-29,79080,2025-03-31,2,,,,,,,,,,,,,,,,,,,,,,,,,,,,,3.00,,,,,,,false,false,12,2024-04-01,2025-03-31,0
2024-10-29,79080,2025-03-31,2,,,,,,,,,,,,,,,,,,,,,,,,,,,,,6.00,,,,,,,false,true,12,2024-04-01,2025-03-31,0
2024-10-29,79080,2025-03-31,2,,,,,,,,,,,,,,,,,,,,,,,,,,,,,,,,,54772564,8622158,46150406,false,false,6,2024-04-01,2024-09-30,0
2024-10-29,79080,2024-03-31,2,,,,,,,,,,,,,,,,,,,,,,,,,,,,,,,,,,,46150406,false,false,6,2023-04-01,2023-09-30,-1
2025-01-30,79080,2025-03-31,3,8650000000,0.207,,,,,1182000000,,1254000000,6.459,,991000000,,21.48,,,,,,23606000000,19026000000,0.806,,19026000000,,,,,,,,,,,,true,false,9,2024-04-01,2024-12-31,0
2025-01-30,79080,2024-03-31,3,7165000000,-0.072,,,,,65000000,,168000000,,,103000000,,2.25,,,,,,,,,,,,,,,,,,,,,,true,false,9,2023-04-01,2023-12-31,-1
2025-01-30,79080,2025-03-31,3,10900000000,0.100,,,,,1000000000,3.656,980000000,1.396,,720000000,,15.60,,,,,,,,,,,,,,,,,,,,,,true,true,12,2024-04-01,2025-03-31,0
2025-01-30,79080,2024-03-31,3,,,,,,,,,,,,,,,,,,,,22599000000,18156000000,0.803,,18156000000,,,,,,,,,,,,true,false,12,2023-04-01,2024-03-31,-1
2025-01-30,79080,2024-03-31,3,,,,,,,,,,,,,,,,,,,,,,,,,,,,,6.00,,,,54772564,8622158,,false,false,12,2023-04-01,2024-03-31,-1
2025-01-30,79080,2025-03-31,3,,,,,,,,,,,,,,,,,,,,,,,,,,,,,3.00,,,,,,,false,false,12,2024-04-01,2025-03-31,0
2025-01-30,79080,2025-03-31,3,,,,,,,,,,,,,,,,,,,,,,,,,,,,,6.00,,,,,,,false,true,12,2024-04-01,2025-03-31,0
2025-01-30,79080,2025-03-31,3,,,,,,,,,,,,,,,,,,,,,,,,,,,,,,,,,54772564,8622158,46150406,false,false,9,2024-04-01,2024-12-31,0
2025-01-30,79080,2024-03-31,3,,,,,,,,,,,,,,,,,,,,,,,,,,,,,,,,,,,46150406,false,false,9,2023-04-01,2023-12-31,-1
2025-04-28,79080,2025-03-31,,11294000000,0.140,,,,,1340000000,5.240,1378000000,2.370,,989000000,,21.53,,0.054,0.060,0.119,,23046000000,18836000000,0.817,417.66,18836000000,1838000000,-1378000000,-573000000,12490000000,,0.372,,,,,,true,false,12,2024-04-01,2025-03-31,0
2025-04-28,79080,2024-03-31,,9910000000,0.030,,,,,214000000,,408000000,,,335000000,,7.26,,0.019,0.019,0.022,,22599000000,18156000000,0.803,393.41,18156000000,514000000,-642000000,-278000000,12602000000,,0.827,,,,,,true,false,12,2023-04-01,2024-03-31,-1
2025-04-28,79080,2026-03-31,,5080000000,-0.121,,,,,420000000,-0.484,440000000,-0.428,,300000000,,6.53,,,,,,,,,,,,,,,,,,,,,,true,true,6,2025-04-01,2025-09-30,1
2025-04-28,79080,2026-03-31,,10700000000,-0.053,,,,,1100000000,-0.179,1150000000,-0.166,,800000000,,17.40,,,,,,,,,,,,,,,,0.402,,,,,,true,true,12,2025-04-01,2026-03-31,1
2025-04-28,79080,2025-03-31,,10491000000,0.137,,,,,1446000000,2.295,1498000000,1.399,752000000,,0.394,16.37,,,,,,22011000000,17672000000,0.803,391.86,17672000000,,,,,8.00,,,,54772564,9674158,45975073,false,false,12,2024-04-01,2025-03-31,0
2025-04-28,79080,2024-03-31,,9225000000,0.035,,,,,439000000,,624000000,,539000000,,,11.70,,,,,,21769000000,17410000000,0.800,377.25,17410000000,,,,,6.00,,,,54772564,8622158,46150406,false,false,12,2023-04-01,2024-03-31,-1
2025-04-28,79080,2026-03-31,,,,,,,,,,,,,,,,,,,,,,,,,,,,,,7.00,,,,,,,false,true,12,2025-04-01,2026-03-31,1
