filing_date,code,fiscal_year_end,quarterly_period,net_sales,net_sales_change,revenue,revenue_change,operating_revenue,operating_revenue_change,operating_profit,operating_profit_change,ordinary_profit,ordinary_profit_change,net_income,net_income_of_parent,net_income_change,eps,diluted_eps,roe,roa,operating_profit_to_net_sales,operating_profit_to_revenue,total_assets,net_assets,equity_ratio,bps,owner_equity,operating_cash_flow,investing_cash_flow,financing_cash_flow,cash,dividend_per_share,payout_ratio,commemorative_dividend,extra_dividend,number_of_shares,number_of_treqsury_shares,avg_number_of_shares,is_consolidated,is_forecast,duration,period_start,period_end,period_pos
2015-05-08,79190,2015-03-31,,16545000000,-0.070,,,,,105000000,-0.756,95000000,-0.771,163000000,,-0.235,9.27,,0.044,0.007,0.006,,13673000000,3925000000,0.279,216.74,3821000000,363000000,-748000000,624000000,1230000000,,0.323,,,,,,true,false,12,2014-04-01,2015-03-31,0
2015-05-08,79190,2014-03-31,,17798000000,0.048,,,,,431000000,2.644,420000000,2.795,213000000,,0.780,11.89,,0.059,0.032,0.024,,13404000000,3673000000,0.266,202.60,3568000000,1020000000,-729000000,65000000,991000000,,0.252,,,,,,true,false,12,2013-04-01,2014-03-31,-1
2015-05-08,79190,2016-03-31,,17100000000,0.033,,,,,290000000,1.759,285000000,1.972,,150000000,,8.51,,,,,,,,,,,,,,,,0.352,,,,,,true,true,12,2015-04-01,2016-03-31,1
2015-05-08,79190,2015-03-31,,16249000000,-0.068,,,,,54000000,-0.837,60000000,-0.823,143000000,,-0.248,7.66,,,,,,12856000000,4066000000,0.316,217.78,4066000000,,,,,3.00,,,,21460000,3830364,17615209,false,false,12,2014-04-01,2015-03-31,0
2015-05-08,79190,2014-03-31,,17437000000,0.044,,,,,337000000,3.800,343000000,3.209,190000000,,0.644,9.95,,,,,,12304000000,3937000000,0.320,210.84,3937000000,,,,,3.00,,,,21460000,3848844,17962823,false,false,12,2013-04-01,2014-03-31,-1
2015-05-08,79190,2016-03-31,,16800000000,0.033,,,,,,,245000000,3.028,132000000,,-0.077,7.06,,,,,,,,,,,,,,,3.00,,,,,,,false,true,12,2015-04-01,2016-03-31,1
2015-08-07,79190,2016-03-31,1,4310000000,0.119,,,,,130000000,,129000000,,,71000000,,4.03,,,,,,13811000000,3948000000,0.278,218.14,3845000000,,,,,,,,,,,,true,false,3,2015-04-01,2015-06-30,0
2015-08-07,79190,2015-03-31,1,3851000000,-0.086,,,,,-42000000,,-44000000,,,-41000000,,-2.36,,,,,,,,,,,,,,,,,,,,,,true,false,3,2014-04-01,2014-06-30,-1
2015-08-07,79190,2016-03-31,1,17100000000,0.033,,,,,290000000,1.759,285000000,1.972,,150000000,,8.51,,,,,,,,,,,,,,,,,,,,,,true,true,12,2015-04-01,2016-03-31,0
2015-08-07,79190,2015-03-31,1,,,,,,,,,,,,,,,,,,,,13673000000,3925000000,0.279,216.74,3821000000,,,,,,,,,,,,true,false,12,2014-04-01,2015-03-31,-1
2015-08-07,79190,2015-03-31,1,,,,,,,,,,,,,,,,,,,,,,,,,,,,,3.00,,,,21460000,3830364,,false,false,12,2014-04-01,2015-03-31,-1
2015-08-07,79190,2016-03-31,1,,,,,,,,,,,,,,,,,,,,,,,,,,,,,3.00,,,,,,,false,true,12,2015-04-01,2016-03-31,0
2015-08-07,79190,2016-03-31,1,,,,,,,,,,,,,,,,,,,,,,,,,,,,,,,,,21460000,3833684,17627514,false,false,3,2015-04-01,2015-06-30,0
2015-08-07,79190,2015-03-31,1,,,,,,,,,,,,,,,,,,,,,,,,,,,,,,,,,,,17611559,false,false,3,2014-04-01,2014-06-30,-1
2015-11-06,79190,2016-03-31,2,8549000000,0.105,,,,,221000000,,220000000,,,117000000,,6.69,,,,,,13433000000,3973000000,0.285,223.16,3838000000,,,,,,,,,,,,true,false,6,2015-04-01,2015-09-30,0
2015-11-06,79190,2015-03-31,2,7736000000,-0.082,,,,,-81000000,,-85000000,,,-79000000,,-4.49,,,,,,,,,,,,,,,,,,,,,,true,false,6,2014-04-01,2014-09-30,-1
2015-11-06,79190,2016-03-31,2,17100000000,0.033,,,,,290000000,1.759,285000000,1.972,,150000000,,8.51,,,,,,,,,,,,,,,,,,,,,,true,true,12,2015-04-01,2016-03-31,0
2015-11-06,79190,2015-03-31,2,,,,,,,,,,,,,,,,,,,,13673000000,3925000000,0.279,216.74,3821000000,,,,,,,,,,,,true,false,12,2014-04-01,2015-03-31,-1
2015-11-06,79190,2015-03-31,2,,,,,,,,,,,,,,,,,,,,,,,,,,,,,3.00,,,,21460000,3830364,,false,false,12,2014-04-01,2015-03-31,-1
2015-11-06,79190,2016-03-31,2,,,,,,,,,,,,,,,,,,,,,,,,,,,,,0.00,,,,,,,false,false,12,2015-04-01,2016-03-31,0
2015-11-06,79190,2016-03-31,2,,,,,,,,,,,,,,,,,,,,,,,,,,,,,3.00,,,,,,,false,true,12,2015-04-01,2016-03-31,0
2015-11-06,79190,2016-03-31,2,,,,,,,,,,,,,,,,,,,,,,,,,,,,,,,,,21460000,4259993,17537837,false,false,6,2015-04-01,2015-09-30,0
2015-11-06,79190,2015-03-31,2,,,,,,,,,,,,,,,,,,,,,,,,,,,,,,,,,,,17610970,false,false,6,2014-04-01,2014-09-30,-1
2016-02-05,79190,2016-03-31,3,13468000000,0.062,,,,,480000000,5.809,478000000,6.392,,276000000,,15.82,,,,,,14075000000,4144000000,0.284,232.48,4009000000,,,,,,,,,,,,true,false,9,2015-04-01,2015-12-31,0
2016-02-05,79190,2015-03-31,3,12679000000,-0.055,,,,,70000000,-0.729,64000000,-0.744,,5000000,,0.33,,,,,,,,,,,,,,,,,,,,,,true,false,9,2014-04-01,2014-12-31,-1
2016-02-05,79190,2016-03-31,3,17100000000,0.033,,,,,290000000,1.759,285000000,1.972,,150000000,,8.51,,,,,,,,,,,,,,,,,,,,,,true,true,12,2015-04-01,2016-03-31,0
2016-02-05,79190,2015-03-31,3,,,,,,,,,,,,,,,,,,,,13673000000,3925000000,0.279,216.74,3821000000,,,,,,,,,,,,true,false,12,2014-04-01,2015-03-31,-1
2016-02-05,79190,2015-03-31,3,,,,,,,,,,,,,,,,,,,,,,,,,,,,,3.00,,,,21460000,3830364,,false,false,12,2014-04-01,2015-03-31,-1
2016-02-05,79190,2016-03-31,3,,,,,,,,,,,,,,,,,,,,,,,,,,,,,0.00,,,,,,,false,false,12,2015-04-01,2016-03-31,0
2016-02-05,79190,2016-03-31,3,,,,,,,,,,,,,,,,,,,,,,,,,,,,,3.00,,,,,,,false,true,12,2015-04-01,2016-03-31,0
2016-02-05,79190,2016-03-31,3,,,,,,,,,,,,,,,,,,,,,,,,,,,,,,,,,21460000,4213188,17450766,false,false,9,2015-04-01,2015-12-31,0
2016-02-05,79190,2015-03-31,3,,,,,,,,,,,,,,,,,,,,,,,,,,,,,,,,,,,17610556,false,false,9,2014-04-01,2014-12-31,-1
2016-04-27,79190,2016-03-31,,17400000000,0.019,,,,,531000000,0.833,527000000,0.850,199000000,,0.332,11.54,,,,,,,,,,,,,,,,,,,,,,true,true,12,2015-04-01,2016-03-31,0
2016-04-27,79190,2015-03-31,,16545000000,,,,,,105000000,,95000000,,163000000,,,9.27,,,,,,,,,,,,,,,,,,,,,,true,false,12,2014-04-01,2015-03-31,-1
2016-04-27,79190,2016-03-31,,17100000000,0.020,,,,,,,470000000,0.919,195000000,,0.477,10.73,,,,,,,,,,,,,,,4.00,,,,,,,false,true,12,2015-04-01,2016-03-31,0
2016-04-27,79190,2015-03-31,,16249000000,,,,,,,,60000000,,143000000,,,7.66,,,,,,,,,,,,,,,3.00,,,,,,,false,false,12,2014-04-01,2015-03-31,-1
2016-04-27,79190,2016-03-31,,,,,,,,,,,,,,,,,,,,,,,,,,,,,,0.00,,,,,,,false,false,12,2015-04-01,2016-03-31,0
2016-05-09,79190,2016-03-31,,17436000000,0.053,,,,,531000000,4.059,527000000,4.500,,199000000,,11.54,,0.052,0.039,0.030,,13029000000,3982000000,0.295,230.90,3847000000,1261000000,-547000000,-491000000,1453000000,,0.346,,,,,,true,false,12,2015-04-01,2016-03-31,0
2016-05-09,79190,2015-03-31,,16545000000,-0.070,,,,,105000000,-0.756,95000000,-0.771,,163000000,,9.27,,0.044,0.007,0.006,,13673000000,3925000000,0.279,216.74,3821000000,363000000,-748000000,624000000,1230000000,,0.323,,,,,,true,false,12,2014-04-01,2015-03-31,-1
2016-05-09,79190,2017-03-31,,16900000000,-0.030,,,,,200000000,-0.623,198000000,-0.624,,120000000,,6.92,,,,,,,,,,,,,,,,0.433,,,,,,true,true,12,2016-04-01,2017-03-31,1
2016-05-09,79190,2016-03-31,,17146000000,0.055,,,,,464000000,7.472,470000000,6.733,195000000,,0.362,10.73,,,,,,12350000000,4022000000,0.325,231.50,4022000000,,,,,4.00,,,,21460000,4797212,17318123,false,false,12,2015-04-01,2016-03-31,0
2016-05-09,79190,2015-03-31,,16249000000,-0.068,,,,,54000000,-0.837,60000000,-0.823,143000000,,-0.248,7.66,,,,,,12856000000,4066000000,0.316,217.78,4066000000,,,,,3.00,,,,21460000,3830364,17615209,false,false,12,2014-04-01,2015-03-31,-1
2016-05-09,79190,2017-03-31,,16500000000,-0.037,,,,,,,172000000,-0.634,100000000,,-0.487,5.50,,,,,,,,,,,,,,,3.00,,,,,,,false,true,12,2016-04-01,2017-03-31,1
2016-08-08,79190,2017-03-31,1,3993000000,-0.073,,,,,88000000,-0.318,88000000,-0.313,,46000000,,2.77,,,,,,12411000000,3957000000,0.308,228.87,3825000000,,,,,,,,,,,,true,false,3,2016-04-01,2016-06-30,0
2016-08-08,79190,2016-03-31,1,4310000000,0.119,,,,,130000000,,129000000,,,71000000,,4.03,,,,,,,,,,,,,,,,,,,,,,true,false,3,2015-04-01,2015-06-30,-1
2016-08-08,79190,2017-03-31,1,16900000000,-0.030,,,,,200000000,-0.623,198000000,-0.624,,120000000,,6.92,,,,,,,,,,,,,,,,,,,,,,true,true,12,2016-04-01,2017-03-31,0
2016-08-08,79190,2016-03-31,1,,,,,,,,,,,,,,,,,,,,13029000000,3982000000,0.295,230.90,3847000000,,,,,,,,,,,,true,false,12,2015-04-01,2016-03-31,-1
2016-08-08,79190,2016-03-31,1,,,,,,,,,,,,,,,,,,,,,,,,,,,,,4.00,,,,21460000,4797212,,false,false,12,2015-04-01,2016-03-31,-1
2016-08-08,79190,2017-03-31,1,,,,,,,,,,,,,,,,,,,,,,,,,,,,,3.00,,,,,,,false,true,12,2016-04-01,2017-03-31,0
2016-08-08,79190,2017-03-31,1,,,,,,,,,,,,,,,,,,,,,,,,,,,,,,,,,21460000,4747212,16700288,false,false,3,2016-04-01,2016-06-30,0
2016-08-08,79190,2016-03-31,1,,,,,,,,,,,,,,,,,,,,,,,,,,,,,,,,,,,17627514,false,false,3,2015-04-01,2015-06-30,-1
2016-10-25,79190,2017-03-31,2,7818000000,-0.085,,,,,47000000,-0.783,45000000,-0.793,,-20000000,,-1.24,,,,,,12738000000,3890000000,0.294,224.81,3757000000,,,,,,,,,,,,true,false,6,2016-04-01,2016-09-30,0
2016-10-25,79190,2016-03-31,2,8549000000,0.105,,,,,221000000,,220000000,,,117000000,,6.69,,,,,,,,,,,,,,,,,,,,,,true,false,6,2015-04-01,2015-09-30,-1
2016-10-25,79190,2017-03-31,2,16900000000,-0.030,,,,,200000000,-0.623,198000000,-0.624,,120000000,,6.92,,,,,,,,,,,,,,,,,,,,,,true,true,12,2016-04-01,2017-03-31,0
2016-10-25,79190,2016-03-31,2,,,,,,,,,,,,,,,,,,,,13029000000,3982000000,0.295,230.90,3847000000,,,,,,,,,,,,true,false,12,2015-04-01,2016-03-31,-1
2016-10-25,79190,2016-03-31,2,,,,,,,,,,,,,,,,,,,,,,,,,,,,,4.00,,,,21460000,4797212,,false,false,12,2015-04-01,2016-03-31,-1
2016-10-25,79190,2017-03-31,2,,,,,,,,,,,,,,,,,,,,,,,,,,,,,0.00,,,,,,,false,false,12,2016-04-01,2017-03-31,0
2016-10-25,79190,2017-03-31,2,,,,,,,,,,,,,,,,,,,,,,,,,,,,,3.00,,,,,,,false,true,12,2016-04-01,2017-03-31,0
2016-10-25,79190,2017-03-31,2,,,,,,,,,,,,,,,,,,,,,,,,,,,,,,,,,21460000,4747242,16705638,false,false,6,2016-04-01,2016-09-30,0
2016-10-25,79190,2016-03-31,2,,,,,,,,,,,,,,,,,,,,,,,,,,,,,,,,,,,17537837,false,false,6,2015-04-01,2015-09-30,-1
2017-01-31,79190,2017-03-31,3,12566000000,-0.066,,,,,303000000,-0.368,300000000,-0.371,,145000000,,8.68,,,,,,13566000000,4075000000,0.290,235.84,3941000000,,,,,,,,,,,,true,false,9,2016-04-01,2016-12-31,0
2017-01-31,79190,2016-03-31,3,13468000000,0.062,,,,,480000000,5.809,478000000,6.392,,276000000,,15.82,,,,,,,,,,,,,,,,,,,,,,true,false,9,2015-04-01,2015-12-31,-1
2017-01-31,79190,2017-03-31,3,16900000000,-0.030,,,,,200000000,-0.623,198000000,-0.624,,120000000,,6.92,,,,,,,,,,,,,,,,,,,,,,true,true,12,2016-04-01,2017-03-31,0
2017-01-31,79190,2016-03-31,3,,,,,,,,,,,,,,,,,,,,13029000000,3982000000,0.295,230.90,3847000000,,,,,,,,,,,,true,false,12,2015-04-01,2016-03-31,-1
2017-01-31,79190,2016-03-31,3,,,,,,,,,,,,,,,,,,,,,,,,,,,,,4.00,,,,21460000,4797212,,false,false,12,2015-04-01,2016-03-31,-1
2017-01-31,79190,2017-03-31,3,,,,,,,,,,,,,,,,,,,,,,,,,,,,,0.00,,,,,,,false,false,12,2016-04-01,2017-03-31,0
2017-01-31,79190,2017-03-31,3,,,,,,,,,,,,,,,,,,,,,,,,,,,,,3.00,,,,,,,false,true,12,2016-04-01,2017-03-31,0
2017-01-31,79190,2017-03-31,3,,,,,,,,,,,,,,,,,,,,,,,,,,,,,,,,,21460000,4747337,16707748,false,false,9,2016-04-01,2016-12-31,0
2017-01-31,79190,2016-03-31,3,,,,,,,,,,,,,,,,,,,,,,,,,,,,,,,,,,,17450766,false,false,9,2015-04-01,2015-12-31,-1
2017-04-28,79190,2017-03-31,,16132000000,-0.074,,,,,320000000,-0.396,317000000,-0.398,,142000000,,8.53,,0.036,0.024,0.019,,12914000000,4084000000,0.305,235.68,3950000000,359000000,-1189000000,499000000,1122000000,,0.351,,,,,,true,false,12,2016-04-01,2017-03-31,0
2017-04-28,79190,2016-03-31,,17436000000,0.053,,,,,531000000,4.059,527000000,4.500,,199000000,,11.54,,0.052,0.039,0.030,,13029000000,3982000000,0.295,230.90,3847000000,1261000000,-547000000,-491000000,1453000000,,0.346,,,,,,true,false,12,2015-04-01,2016-03-31,-1
2017-04-28,79190,2018-03-31,,15600000000,-0.033,,,,,270000000,-0.158,260000000,-0.180,,120000000,,7.17,,,,,,,,,,,,,,,,0.418,,,,,,true,true,12,2017-04-01,2018-03-31,1
2017-04-28,79190,2017-03-31,,15886000000,-0.073,,,,,253000000,-0.453,273000000,-0.418,128000000,,-0.342,7.38,,,,,,12347000000,4084000000,0.330,235.05,4084000000,,,,,3.00,,,,21460000,4697388,16720414,false,false,12,2016-04-01,2017-03-31,0
2017-04-28,79190,2016-03-31,,17146000000,0.055,,,,,464000000,7.472,470000000,6.733,195000000,,0.362,10.73,,,,,,12350000000,4022000000,0.325,231.50,4022000000,,,,,4.00,,,,21460000,4797212,17318123,false,false,12,2015-04-01,2016-03-31,-1
2017-04-28,79190,2018-03-31,,15300000000,-0.036,,,,,,,220000000,-0.195,100000000,,-0.220,5.75,,,,,,,,,,,,,,,3.00,,,,,,,false,true,12,2017-04-01,2018-03-31,1
2017-07-25,79190,2018-03-31,1,3753000000,-0.059,,,,,23000000,-0.734,26000000,-0.705,,-5000000,,-0.34,,,,,,13125000000,4063000000,0.299,233.18,3931000000,,,,,,,,,,,,true,false,3,2017-04-01,2017-06-30,0
2017-07-25,79190,2017-03-31,1,3993000000,-0.073,,,,,88000000,-0.318,88000000,-0.313,,46000000,,2.77,,,,,,,,,,,,,,,,,,,,,,true,false,3,2016-04-01,2016-06-30,-1
2017-07-25,79190,2018-03-31,1,15600000000,-0.033,,,,,270000000,-0.158,260000000,-0.180,,120000000,,7.17,,,,,,,,,,,,,,,,,,,,,,true,true,12,2017-04-01,2018-03-31,0
2017-07-25,79190,2017-03-31,1,,,,,,,,,,,,,,,,,,,,12914000000,4084000000,0.305,235.68,3950000000,,,,,,,,,,,,true,false,12,2016-04-01,2017-03-31,-1
2017-07-25,79190,2017-03-31,1,,,,,,,,,,,,,,,,,,,,,,,,,,,,,3.00,,,,21460000,4697388,,false,false,12,2016-04-01,2017-03-31,-1
2017-07-25,79190,2018-03-31,1,,,,,,,,,,,,,,,,,,,,,,,,,,,,,3.00,,,,,,,false,true,12,2017-04-01,2018-03-31,0
2017-07-25,79190,2018-03-31,1,,,,,,,,,,,,,,,,,,,,,,,,,,,,,,,,,21460000,4599082,16836383,false,false,3,2017-04-01,2017-06-30,0
2017-07-25,79190,2017-03-31,1,,,,,,,,,,,,,,,,,,,,,,,,,,,,,,,,,,,16700288,false,false,3,2016-04-01,2016-06-30,-1
2017-10-31,79190,2018-03-31,2,7420000000,-0.050,,,,,53000000,0.108,56000000,0.247,,9000000,,0.54,,,,,,13047000000,4106000000,0.304,234.29,3975000000,,,,,,,,,,,,true,false,6,2017-04-01,2017-09-30,0
2017-10-31,79190,2017-03-31,2,7818000000,-0.085,,,,,47000000,-0.783,45000000,-0.793,,-20000000,,-1.24,,,,,,,,,,,,,,,,,,,,,,true,false,6,2016-04-01,2016-09-30,-1
2017-10-31,79190,2018-03-31,2,15600000000,-0.033,,,,,270000000,-0.158,260000000,-0.180,,120000000,,7.17,,,,,,,,,,,,,,,,,,,,,,true,true,12,2017-04-01,2018-03-31,0
2017-10-31,79190,2017-03-31,2,,,,,,,,,,,,,,,,,,,,12914000000,4084000000,0.305,235.68,3950000000,,,,,,,,,,,,true,false,12,2016-04-01,2017-03-31,-1
2017-10-31,79190,2017-03-31,2,,,,,,,,,,,,,,,,,,,,,,,,,,,,,3.00,,,,21460000,4697388,,false,false,12,2016-04-01,2017-03-31,-1
2017-10-31,79190,2018-03-31,2,,,,,,,,,,,,,,,,,,,,,,,,,,,,,0.00,,,,,,,false,false,12,2017-04-01,2018-03-31,0
2017-10-31,79190,2018-03-31,2,,,,,,,,,,,,,,,,,,,,,,,,,,,,,3.00,,,,,,,false,true,12,2017-04-01,2018-03-31,0
2017-10-31,79190,2018-03-31,2,,,,,,,,,,,,,,,,,,,,,,,,,,,,,,,,,21460000,4493515,16892141,false,false,6,2017-04-01,2017-09-30,0
2017-10-31,79190,2017-03-31,2,,,,,,,,,,,,,,,,,,,,,,,,,,,,,,,,,,,16705638,false,false,6,2016-04-01,2016-09-30,-1
2018-01-30,79190,2018-03-31,3,11945000000,-0.049,,,,,252000000,-0.166,256000000,-0.146,,139000000,,8.24,,,,,,13624000000,4243000000,0.301,242.32,4111000000,,,,,,,,,,,,true,false,9,2017-04-01,2017-12-31,0
2018-01-30,79190,2017-03-31,3,12566000000,-0.066,,,,,303000000,-0.368,300000000,-0.371,,145000000,,8.68,,,,,,,,,,,,,,,,,,,,,,true,false,9,2016-04-01,2016-12-31,-1
2018-01-30,79190,2018-03-31,3,15600000000,-0.033,,,,,270000000,-0.158,260000000,-0.180,,120000000,,7.17,,,,,,,,,,,,,,,,,,,,,,true,true,12,2017-04-01,2018-03-31,0
2018-01-30,79190,2017-03-31,3,,,,,,,,,,,,,,,,,,,,12914000000,4084000000,0.305,235.68,3950000000,,,,,,,,,,,,true,false,12,2016-04-01,2017-03-31,-1
2018-01-30,79190,2017-03-31,3,,,,,,,,,,,,,,,,,,,,,,,,,,,,,3.00,,,,21460000,4697388,,false,false,12,2016-04-01,2017-03-31,-1
2018-01-30,79190,2018-03-31,3,,,,,,,,,,,,,,,,,,,,,,,,,,,,,0.00,,,,,,,false,false,12,2017-04-01,2018-03-31,0
2018-01-30,79190,2018-03-31,3,,,,,,,,,,,,,,,,,,,,,,,,,,,,,3.00,,,,,,,false,true,12,2017-04-01,2018-03-31,0
2018-01-30,79190,2018-03-31,3,,,,,,,,,,,,,,,,,,,,,,,,,,,,,,,,,21460000,4493607,16914436,false,false,9,2017-04-01,2017-12-31,0
2018-01-30,79190,2017-03-31,3,,,,,,,,,,,,,,,,,,,,,,,,,,,,,,,,,,,16707748,false,false,9,2016-04-01,2016-12-31,-1
2018-04-27,79190,2018-03-31,,15285000000,-0.052,,,,,152000000,-0.525,159000000,-0.497,,59000000,,3.51,,0.014,0.012,0.009,,12535000000,4160000000,0.321,237.23,4025000000,660000000,-766000000,-201000000,814000000,,0.854,,,,,,true,false,12,2017-04-01,2018-03-31,0
2018-04-27,79190,2017-03-31,,16132000000,-0.074,,,,,320000000,-0.396,317000000,-0.398,,142000000,,8.53,,0.036,0.024,0.019,,12914000000,4084000000,0.305,235.68,3950000000,359000000,-1189000000,499000000,1122000000,,0.351,,,,,,true,false,12,2016-04-01,2017-03-31,-1
2018-04-27,79190,2019-03-31,,15600000000,0.020,,,,,260000000,0.709,250000000,0.567,,130000000,,7.68,,,,,,,,,,,,,,,,0.390,,,,,,true,true,12,2018-04-01,2019-03-31,1
2018-04-27,79190,2018-03-31,,15057000000,-0.052,,,,,52000000,-0.791,83000000,-0.695,11000000,,-0.907,0.68,,,,,,12016000000,4056000000,0.337,233.46,4056000000,,,,,3.00,,,,21460000,4493713,16926404,false,false,12,2017-04-01,2018-03-31,0
2018-04-27,79190,2017-03-31,,15886000000,-0.073,,,,,253000000,-0.453,273000000,-0.418,128000000,,-0.342,7.38,,,,,,12347000000,4084000000,0.330,235.05,4084000000,,,,,3.00,,,,21460000,4697388,16720414,false,false,12,2016-04-01,2017-03-31,-1
2018-04-27,79190,2019-03-31,,15370000000,0.020,,,,,,,216000000,1.592,116000000,,8.803,6.67,,,,,,,,,,,,,,,3.00,,,,,,,false,true,12,2018-04-01,2019-03-31,1
2018-07-31,79190,2019-03-31,1,3780000000,0.007,,,,,69000000,1.972,72000000,1.764,,-55000000,,-3.29,,,,,,12578000000,4065000000,0.312,231.54,3928000000,,,,,,,,,,,,true,false,3,2018-04-01,2018-06-30,0
2018-07-31,79190,2018-03-31,1,3753000000,-0.059,,,,,23000000,-0.734,26000000,-0.705,,-5000000,,-0.34,,,,,,,,,,,,,,,,,,,,,,true,false,3,2017-04-01,2017-06-30,-1
2018-07-31,79190,2019-03-31,1,15600000000,0.020,,,,,260000000,0.709,250000000,0.567,,130000000,,7.68,,,,,,,,,,,,,,,,,,,,,,true,true,12,2018-04-01,2019-03-31,0
2018-07-31,79190,2018-03-31,1,,,,,,,,,,,,,,,,,,,,12517000000,4160000000,0.321,237.23,4025000000,,,,,,,,,,,,true,false,12,2017-04-01,2018-03-31,-1
2018-07-31,79190,2018-03-31,1,,,,,,,,,,,,,,,,,,,,,,,,,,,,,3.00,,,,21460000,4493713,,false,false,12,2017-04-01,2018-03-31,-1
2018-07-31,79190,2019-03-31,1,,,,,,,,,,,,,,,,,,,,,,,,,,,,,3.00,,,,,,,false,true,12,2018-04-01,2019-03-31,0
2018-07-31,79190,2019-03-31,1,,,,,,,,,,,,,,,,,,,,,,,,,,,,,,,,,21460000,4493776,16966256,false,false,3,2018-04-01,2018-06-30,0
2018-07-31,79190,2018-03-31,1,,,,,,,,,,,,,,,,,,,,,,,,,,,,,,,,,,,16836383,false,false,3,2017-04-01,2017-06-30,-1
2018-10-31,79190,2019-03-31,2,7367000000,-0.007,,,,,67000000,0.273,71000000,0.272,,-65000000,,-3.87,,,,,,12473000000,4056000000,0.313,230.74,3914000000,,,,,,,,,,,,true,false,6,2018-04-01,2018-09-30,0
2018-10-31,79190,2018-03-31,2,7420000000,-0.050,,,,,53000000,0.108,56000000,0.247,,9000000,,0.54,,,,,,,,,,,,,,,,,,,,,,true,false,6,2017-04-01,2017-09-30,-1
2018-10-31,79190,2019-03-31,2,15600000000,0.020,,,,,260000000,0.709,250000000,0.567,,56000000,,3.30,,,,,,,,,,,,,,,,,,,,,,true,true,12,2018-04-01,2019-03-31,0
2018-10-31,79190,2018-03-31,2,,,,,,,,,,,,,,,,,,,,12517000000,4160000000,0.321,237.23,4025000000,,,,,,,,,,,,true,false,12,2017-04-01,2018-03-31,-1
2018-10-31,79190,2018-03-31,2,,,,,,,,,,,,,,,,,,,,,,,,,,,,,3.00,,,,21460000,4493713,,false,false,12,2017-04-01,2018-03-31,-1
2018-10-31,79190,2019-03-31,2,,,,,,,,,,,,,,,,,,,,,,,,,,,,,0.00,,,,,,,false,false,12,2018-04-01,2019-03-31,0
2018-10-31,79190,2019-03-31,2,,,,,,,,,,,,,,,,,,,,,,,,,,,,,3.00,,,,,,,false,true,12,2018-04-01,2019-03-31,0
2018-10-31,79190,2019-03-31,2,,,,,,,,,,,,,,,,,,,,,,,,,,,,,,,,,21460000,4493811,16966233,false,false,6,2018-04-01,2018-09-30,0
2018-10-31,79190,2018-03-31,2,,,,,,,,,,,,,,,,,,,,,,,,,,,,,,,,,,,16892141,false,false,6,2017-04-01,2017-09-30,-1
2019-01-31,79190,2019-03-31,3,11858000000,-0.007,,,,,234000000,-0.072,241000000,-0.060,,31000000,,1.87,,,,,,13121000000,4215000000,0.308,236.38,4044000000,,,,,,,,,,,,true,false,9,2018-04-01,2018-12-31,0
2019-01-31,79190,2018-03-31,3,11945000000,-0.049,,,,,252000000,-0.166,256000000,-0.146,,139000000,,8.24,,,,,,,,,,,,,,,,,,,,,,true,false,9,2017-04-01,2017-12-31,-1
2019-01-31,79190,2019-03-31,3,15600000000,0.020,,,,,260000000,0.709,250000000,0.567,,56000000,,3.30,,,,,,,,,,,,,,,,,,,,,,true,true,12,2018-04-01,2019-03-31,0
2019-01-31,79190,2018-03-31,3,,,,,,,,,,,,,,,,,,,,12517000000,4160000000,0.321,237.23,4025000000,,,,,,,,,,,,true,false,12,2017-04-01,2018-03-31,-1
2019-01-31,79190,2018-03-31,3,,,,,,,,,,,,,,,,,,,,,,,,,,,,,3.00,,,,21460000,4493713,,false,false,12,2017-04-01,2018-03-31,-1
2019-01-31,79190,2019-03-31,3,,,,,,,,,,,,,,,,,,,,,,,,,,,,,0.00,,,,,,,false,false,12,2018-04-01,2019-03-31,0
2019-01-31,79190,2019-03-31,3,,,,,,,,,,,,,,,,,,,,,,,,,,,,,3.00,,,,,,,false,true,12,2018-04-01,2019-03-31,0
2019-01-31,79190,2019-03-31,3,,,,,,,,,,,,,,,,,,,,,,,,,,,,,,,,,21460000,4351596,17008885,false,false,9,2018-04-01,2018-12-31,0
2019-01-31,79190,2018-03-31,3,,,,,,,,,,,,,,,,,,,,,,,,,,,,,,,,,,,16914436,false,false,9,2017-04-01,2017-12-31,-1
2019-04-26,79190,2019-03-31,,15179000000,-0.006,,,,,138000000,-0.086,147000000,-0.073,,-48000000,,-2.86,,-0.012,0.011,0.009,,12552000000,4179000000,0.317,232.28,3990000000,857000000,-412000000,-200000000,1058000000,,,,,,,,true,false,12,2018-04-01,2019-03-31,0
2019-04-26,79190,2018-03-31,,15285000000,-0.052,,,,,152000000,-0.525,159000000,-0.497,,59000000,,3.51,,0.014,0.012,0.009,,12517000000,4160000000,0.321,237.23,4025000000,660000000,-766000000,-201000000,814000000,,0.854,,,,,,true,false,12,2017-04-01,2018-03-31,-1
2019-04-26,79190,2020-03-31,,15400000000,0.014,,,,,240000000,0.727,245000000,0.657,,125000000,,7.33,,,,,,,,,,,,,,,,0.409,,,,,,true,true,12,2019-04-01,2020-03-31,1
2019-04-26,79190,2019-03-31,,14740000000,-0.021,,,,,-2000000,,25000000,-0.694,-25000000,,,-1.44,,,,,,11759000000,3950000000,0.335,227.34,3950000000,,,,,3.00,,,,21460000,4280376,17048287,false,false,12,2018-04-01,2019-03-31,0
2019-04-26,79190,2018-03-31,,15057000000,-0.052,,,,,52000000,-0.791,83000000,-0.695,11000000,,-0.907,0.68,,,,,,12016000000,4056000000,0.337,233.46,4056000000,,,,,3.00,,,,21460000,4493713,16926404,false,false,12,2017-04-01,2018-03-31,-1
2019-04-26,79190,2020-03-31,,,,,,,,,,,,,,,,,,,,,,,,,,,,,,3.00,,,,,,,false,true,12,2019-04-01,2020-03-31,1
2019-07-31,79190,2020-03-31,1,3648000000,-0.034,,,,,-30000000,,-28000000,,,-34000000,,-2.02,,,,,,12422000000,4052000000,0.313,226.38,3889000000,,,,,,,,,,,,true,false,3,2019-04-01,2019-06-30,0
2019-07-31,79190,2019-03-31,1,3780000000,0.007,,,,,69000000,1.972,72000000,1.764,,-55000000,,-3.29,,,,,,,,,,,,,,,,,,,,,,true,false,3,2018-04-01,2018-06-30,-1
2019-07-31,79190,2020-03-31,1,15400000000,0.014,,,,,240000000,0.727,245000000,0.657,,125000000,,7.33,,,,,,,,,,,,,,,,,,,,,,true,true,12,2019-04-01,2020-03-31,0
2019-07-31,79190,2019-03-31,1,,,,,,,,,,,,,,,,,,,,12552000000,4179000000,0.317,232.28,3990000000,,,,,,,,,,,,true,false,12,2018-04-01,2019-03-31,-1
2019-07-31,79190,2019-03-31,1,,,,,,,,,,,,,,,,,,,,,,,,,,,,,3.00,,,,21460000,4280376,,false,false,12,2018-04-01,2019-03-31,-1
2019-07-31,79190,2020-03-31,1,,,,,,,,,,,,,,,,,,,,,,,,,,,,,3.00,,,,,,,false,true,12,2019-04-01,2020-03-31,0
2019-07-31,79190,2020-03-31,1,,,,,,,,,,,,,,,,,,,,,,,,,,,,,,,,,21460000,4280547,17179539,false,false,3,2019-04-01,2019-06-30,0
2019-07-31,79190,2019-03-31,1,,,,,,,,,,,,,,,,,,,,,,,,,,,,,,,,,,,16966256,false,false,3,2018-04-01,2018-06-30,-1
2019-10-30,79190,2020-03-31,2,7354000000,-0.001,,,,,-8000000,,-5000000,,,-102000000,,-5.94,,,,,,12395000000,3997000000,0.308,222.90,3829000000,,,,,,,,,,,,true,false,6,2019-04-01,2019-09-30,0
2019-10-30,79190,2019-03-31,2,7367000000,-0.007,,,,,67000000,0.273,71000000,0.272,,-65000000,,-3.87,,,,,,,,,,,,,,,,,,,,,,true,false,6,2018-04-01,2018-09-30,-1
2019-10-30,79190,2020-03-31,2,15200000000,0.001,,,,,30000000,-0.784,35000000,-0.763,,-75000000,,-4.36,,,,,,,,,,,,,,,,,,,,,,true,true,12,2019-04-01,2020-03-31,0
2019-10-30,79190,2019-03-31,2,,,,,,,,,,,,,,,,,,,,12552000000,4179000000,0.317,232.28,3990000000,,,,,,,,,,,,true,false,12,2018-04-01,2019-03-31,-1
2019-10-30,79190,2019-03-31,2,,,,,,,,,,,,,,,,,,,,,,,,,,,,,3.00,,,,21460000,4280376,,false,false,12,2018-04-01,2019-03-31,-1
2019-10-30,79190,2020-03-31,2,,,,,,,,,,,,,,,,,,,,,,,,,,,,,0.00,,,,,,,false,false,12,2019-04-01,2020-03-31,0
2019-10-30,79190,2020-03-31,2,,,,,,,,,,,,,,,,,,,,,,,,,,,,,3.00,,,,,,,false,true,12,2019-04-01,2020-03-31,0
2019-10-30,79190,2020-03-31,2,,,,,,,,,,,,,,,,,,,,,,,,,,,,,,,,,21460000,4280547,17179502,false,false,6,2019-04-01,2019-09-30,0
2019-10-30,79190,2019-03-31,2,,,,,,,,,,,,,,,,,,,,,,,,,,,,,,,,,,,16966233,false,false,6,2018-04-01,2018-09-30,-1
2020-01-31,79190,2020-03-31,3,11612000000,-0.020,,,,,104000000,-0.554,112000000,-0.533,,-39000000,,-2.28,,,,,,12637000000,4065000000,0.308,226.71,3894000000,,,,,,,,,,,,true,false,9,2019-04-01,2019-12-31,0
2020-01-31,79190,2019-03-31,3,11858000000,-0.007,,,,,234000000,-0.072,241000000,-0.060,,31000000,,1.87,,,,,,,,,,,,,,,,,,,,,,true,false,9,2018-04-01,2018-12-31,-1
2020-01-31,79190,2020-03-31,3,15200000000,0.001,,,,,30000000,-0.784,35000000,-0.763,,-75000000,,-4.36,,,,,,,,,,,,,,,,,,,,,,true,true,12,2019-04-01,2020-03-31,0
2020-01-31,79190,2019-03-31,3,,,,,,,,,,,,,,,,,,,,12552000000,4179000000,0.317,232.28,3990000000,,,,,,,,,,,,true,false,12,2018-04-01,2019-03-31,-1
2020-01-31,79190,2019-03-31,3,,,,,,,,,,,,,,,,,,,,,,,,,,,,,3.00,,,,21460000,4280376,,false,false,12,2018-04-01,2019-03-31,-1
2020-01-31,79190,2020-03-31,3,,,,,,,,,,,,,,,,,,,,,,,,,,,,,0.00,,,,,,,false,false,12,2019-04-01,2020-03-31,0
2020-01-31,79190,2020-03-31,3,,,,,,,,,,,,,,,,,,,,,,,,,,,,,3.00,,,,,,,false,true,12,2019-04-01,2020-03-31,0
2020-01-31,79190,2020-03-31,3,,,,,,,,,,,,,,,,,,,,,,,,,,,,,,,,,21460000,4280547,17179488,false,false,9,2019-04-01,2019-12-31,0
2020-01-31,79190,2019-03-31,3,,,,,,,,,,,,,,,,,,,,,,,,,,,,,,,,,,,17008885,false,false,9,2018-04-01,2018-12-31,-1
2020-04-28,79190,2020-03-31,,14804000000,-0.024,,,,,36000000,-0.734,46000000,-0.685,,-616000000,,-35.91,,-0.169,0.003,0.002,,11161000000,3465000000,0.295,191.69,3293000000,791000000,-646000000,-267000000,936000000,,,,,,,,true,false,12,2019-04-01,2020-03-31,0
2020-04-28,79190,2019-03-31,,15179000000,-0.006,,,,,138000000,-0.086,147000000,-0.073,,-48000000,,-2.86,,-0.012,0.011,0.009,,12552000000,4179000000,0.317,232.28,3990000000,857000000,-412000000,-200000000,1058000000,,,,,,,,true,false,12,2018-04-01,2019-03-31,-1
2020-04-28,79190,2020-03-31,,14347000000,-0.026,,,,,-67000000,,21000000,-0.135,-601000000,,,-34.61,,,,,,10502000000,3267000000,0.311,188.06,3267000000,,,,,2.00,,,,21460000,4280657,17179454,false,false,12,2019-04-01,2020-03-31,0
2020-04-28,79190,2019-03-31,,14740000000,-0.021,,,,,-2000000,,25000000,-0.694,-25000000,,,-1.44,,,,,,11759000000,3950000000,0.335,227.34,3950000000,,,,,3.00,,,,21460000,4280376,17048287,false,false,12,2018-04-01,2019-03-31,-1
2020-07-31,79190,2021-03-31,1,3048000000,-0.164,,,,,-56000000,,-40000000,,,-51000000,,-3.00,,,,,,10893000000,3388000000,0.295,187.33,3218000000,,,,,,,,,,,,true,false,3,2020-04-01,2020-06-30,0
2020-07-31,79190,2020-03-31,1,3648000000,-0.034,,,,,-30000000,,-28000000,,,-34000000,,-2.02,,,,,,,,,,,,,,,,,,,,,,true,false,3,2019-04-01,2019-06-30,-1
2020-07-31,79190,2020-03-31,1,,,,,,,,,,,,,,,,,,,,11161000000,3465000000,0.295,191.69,3293000000,,,,,,,,,,,,true,false,12,2019-04-01,2020-03-31,-1
2020-07-31,79190,2020-03-31,1,,,,,,,,,,,,,,,,,,,,,,,,,,,,,2.00,,,,21460000,4280657,,false,false,12,2019-04-01,2020-03-31,-1
2020-07-31,79190,2021-03-31,1,,,,,,,,,,,,,,,,,,,,,,,,,,,,,,,,,21460000,4280657,17179343,false,false,3,2020-04-01,2020-06-30,0
2020-07-31,79190,2020-03-31,1,,,,,,,,,,,,,,,,,,,,,,,,,,,,,,,,,,,17179539,false,false,3,2019-04-01,2019-06-30,-1
2020-10-28,79190,2021-03-31,2,6088000000,-0.172,,,,,-110000000,,-86000000,,,-104000000,,-6.07,,,,,,10575000000,3340000000,0.299,184.55,3170000000,,,,,,,,,,,,true,false,6,2020-04-01,2020-09-30,0
2020-10-28,79190,2020-03-31,2,7354000000,-0.001,,,,,-8000000,,-5000000,,,-102000000,,-5.94,,,,,,,,,,,,,,,,,,,,,,true,false,6,2019-04-01,2019-09-30,-1
2020-10-28,79190,2021-03-31,2,12600000000,-0.148,,,,,-145000000,,-107000000,,,-144000000,,-8.38,,,,,,,,,,,,,,,,,,,,,,true,true,12,2020-04-01,2021-03-31,0
2020-10-28,79190,2020-03-31,2,,,,,,,,,,,,,,,,,,,,11161000000,3465000000,0.295,191.69,3293000000,,,,,,,,,,,,true,false,12,2019-04-01,2020-03-31,-1
2020-10-28,79190,2020-03-31,2,,,,,,,,,,,,,,,,,,,,,,,,,,,,,2.00,,,,21460000,4280657,,false,false,12,2019-04-01,2020-03-31,-1
2020-10-28,79190,2021-03-31,2,,,,,,,,,,,,,,,,,,,,,,,,,,,,,0.00,,,,,,,false,false,12,2020-04-01,2021-03-31,0
2020-10-28,79190,2021-03-31,2,,,,,,,,,,,,,,,,,,,,,,,,,,,,,,,,,21460000,4280717,17179326,false,false,6,2020-04-01,2020-09-30,0
2020-10-28,79190,2020-03-31,2,,,,,,,,,,,,,,,,,,,,,,,,,,,,,,,,,,,17179502,false,false,6,2019-04-01,2019-09-30,-1
2021-01-28,79190,2021-03-31,3,9917000000,-0.145,,,,,17000000,-0.835,44000000,-0.603,,15000000,,0.90,,,,,,11141000000,3462000000,0.295,191.57,3291000000,,,,,,,,,,,,true,false,9,2020-04-01,2020-12-31,0
2021-01-28,79190,2020-03-31,3,11612000000,-0.020,,,,,104000000,-0.554,112000000,-0.533,,-39000000,,-2.28,,,,,,,,,,,,,,,,,,,,,,true,false,9,2019-04-01,2019-12-31,-1
2021-01-28,79190,2021-03-31,3,12600000000,-0.148,,,,,-145000000,,-107000000,,,-144000000,,-8.38,,,,,,,,,,,,,,,,,,,,,,true,true,12,2020-04-01,2021-03-31,0
2021-01-28,79190,2020-03-31,3,,,,,,,,,,,,,,,,,,,,11161000000,3465000000,0.295,191.69,3293000000,,,,,,,,,,,,true,false,12,2019-04-01,2020-03-31,-1
2021-01-28,79190,2020-03-31,3,,,,,,,,,,,,,,,,,,,,,,,,,,,,,2.00,,,,21460000,4280657,,false,false,12,2019-04-01,2020-03-31,-1
2021-01-28,79190,2021-03-31,3,,,,,,,,,,,,,,,,,,,,,,,,,,,,,0.00,,,,,,,false,false,12,2020-04-01,2021-03-31,0
2021-01-28,79190,2021-03-31,3,,,,,,,,,,,,,,,,,,,,,,,,,,,,,,,,,21460000,4280867,17179277,false,false,9,2020-04-01,2020-12-31,0
2021-01-28,79190,2020-03-31,3,,,,,,,,,,,,,,,,,,,,,,,,,,,,,,,,,,,17179488,false,false,9,2019-04-01,2019-12-31,-1
2021-04-28,79190,2021-03-31,,13105000000,-0.114,,,,,87000000,1.367,123000000,1.658,,80000000,,4.68,,0.024,0.011,0.006,,10700000000,3545000000,0.315,196.32,3372000000,316000000,-275000000,68000000,1046000000,,0.427,,,,,,true,false,12,2020-04-01,2021-03-31,0
2021-04-28,79190,2020-03-31,,14804000000,-0.024,,,,,36000000,-0.734,46000000,-0.685,,-616000000,,-35.91,,-0.169,0.003,0.002,,11161000000,3465000000,0.295,191.69,3293000000,791000000,-646000000,-267000000,936000000,,,,,,,,true,false,12,2019-04-01,2020-03-31,-1
2021-04-28,79190,2022-03-31,,13400000000,0.022,,,,,95000000,0.088,114000000,-0.078,39000000,,-0.515,2.27,,,,,,,,,,,,,,,,0.881,,,,,,true,true,12,2021-04-01,2022-03-31,1
2021-04-28,79190,2021-03-31,,12706000000,-0.114,,,,,19000000,,68000000,2.093,52000000,,,3.00,,,,,,9919000000,3318000000,0.334,190.97,3318000000,,,,,2.00,,,,21460000,4281055,17179220,false,false,12,2020-04-01,2021-03-31,0
2021-04-28,79190,2020-03-31,,14347000000,-0.026,,,,,-67000000,,21000000,-0.135,-601000000,,,-34.61,,,,,,10502000000,3267000000,0.311,188.06,3267000000,,,,,2.00,,,,21460000,4280657,17179454,false,false,12,2019-04-01,2020-03-31,-1
2021-04-28,79190,2022-03-31,,,,,,,,,,,,,,,,,,,,,,,,,,,,,,2.00,,,,,,,false,true,12,2021-04-01,2022-03-31,1
2021-07-29,79190,2022-03-31,1,3260000000,0.069,,,,,-9000000,,-9000000,,,-33000000,,-1.93,,,,,,10790000000,3476000000,0.306,192.36,3304000000,,,,,,,,,,,,true,false,3,2021-04-01,2021-06-30,0
2021-07-29,79190,2021-03-31,1,3048000000,-0.164,,,,,-56000000,,-40000000,,,-51000000,,-3.00,,,,,,,,,,,,,,,,,,,,,,true,false,3,2020-04-01,2020-06-30,-1
2021-07-29,79190,2022-03-31,1,13400000000,0.022,,,,,95000000,0.088,114000000,-0.078,,39000000,,2.27,,,,,,,,,,,,,,,,,,,,,,true,true,12,2021-04-01,2022-03-31,0
2021-07-29,79190,2021-03-31,1,,,,,,,,,,,,,,,,,,,,10700000000,3545000000,0.315,196.32,3372000000,,,,,,,,,,,,true,false,12,2020-04-01,2021-03-31,-1
2021-07-29,79190,2021-03-31,1,,,,,,,,,,,,,,,,,,,,,,,,,,,,,2.00,,,,21460000,4281055,,false,false,12,2020-04-01,2021-03-31,-1
2021-07-29,79190,2022-03-31,1,,,,,,,,,,,,,,,,,,,,,,,,,,,,,2.00,,,,,,,false,true,12,2021-04-01,2022-03-31,0
2021-07-29,79190,2022-03-31,1,,,,,,,,,,,,,,,,,,,,,,,,,,,,,,,,,21460000,4281136,17178910,false,false,3,2021-04-01,2021-06-30,0
2021-07-29,79190,2021-03-31,1,,,,,,,,,,,,,,,,,,,,,,,,,,,,,,,,,,,17179343,false,false,3,2020-04-01,2020-06-30,-1
2021-10-28,79190,2022-03-31,2,6313000000,0.037,,,,,-54000000,,-53000000,,,-111000000,,-6.51,,,,,,10572000000,3400000000,0.305,187.95,3228000000,,,,,,,,,,,,true,false,6,2021-04-01,2021-09-30,0
2021-10-28,79190,2021-03-31,2,6088000000,-0.172,,,,,-110000000,,-86000000,,,-104000000,,-6.07,,,,,,,,,,,,,,,,,,,,,,true,false,6,2020-04-01,2020-09-30,-1
2021-10-28,79190,2022-03-31,2,13400000000,0.022,,,,,95000000,0.088,114000000,-0.078,,39000000,,2.27,,,,,,,,,,,,,,,,,,,,,,true,true,12,2021-04-01,2022-03-31,0
2021-10-28,79190,2021-03-31,2,,,,,,,,,,,,,,,,,,,,10700000000,3545000000,0.315,196.32,3372000000,,,,,,,,,,,,true,false,12,2020-04-01,2021-03-31,-1
2021-10-28,79190,2021-03-31,2,,,,,,,,,,,,,,,,,,,,,,,,,,,,,2.00,,,,21460000,4281055,,false,false,12,2020-04-01,2021-03-31,-1
2021-10-28,79190,2022-03-31,2,,,,,,,,,,,,,,,,,,,,,,,,,,,,,0.00,,,,,,,false,false,12,2021-04-01,2022-03-31,0
2021-10-28,79190,2022-03-31,2,,,,,,,,,,,,,,,,,,,,,,,,,,,,,2.00,,,,,,,false,true,12,2021-04-01,2022-03-31,0
2021-10-28,79190,2022-03-31,2,,,,,,,,,,,,,,,,,,,,,,,,,,,,,,,,,21460000,4281346,17178826,false,false,6,2021-04-01,2021-09-30,0
2021-10-28,79190,2021-03-31,2,,,,,,,,,,,,,,,,,,,,,,,,,,,,,,,,,,,17179326,false,false,6,2020-04-01,2020-09-30,-1
2022-01-27,79190,2022-03-31,3,10051000000,0.013,,,,,131000000,6.616,138000000,2.091,,57000000,,3.33,,,,,,10888000000,3561000000,0.311,197.13,3386000000,,,,,,,,,,,,true,false,9,2021-04-01,2021-12-31,0
2022-01-27,79190,2021-03-31,3,9917000000,-0.145,,,,,17000000,-0.835,44000000,-0.603,,15000000,,0.90,,,,,,,,,,,,,,,,,,,,,,true,false,9,2020-04-01,2020-12-31,-1
2022-01-27,79190,2022-03-31,3,13400000000,0.022,,,,,95000000,0.088,114000000,-0.078,,39000000,,2.27,,,,,,,,,,,,,,,,,,,,,,true,true,12,2021-04-01,2022-03-31,0
2022-01-27,79190,2021-03-31,3,,,,,,,,,,,,,,,,,,,,10700000000,3545000000,0.315,196.32,3372000000,,,,,,,,,,,,true,false,12,2020-04-01,2021-03-31,-1
2022-01-27,79190,2021-03-31,3,,,,,,,,,,,,,,,,,,,,,,,,,,,,,2.00,,,,21460000,4281055,,false,false,12,2020-04-01,2021-03-31,-1
2022-01-27,79190,2022-03-31,3,,,,,,,,,,,,,,,,,,,,,,,,,,,,,0.00,,,,,,,false,false,12,2021-04-01,2022-03-31,0
2022-01-27,79190,2022-03-31,3,,,,,,,,,,,,,,,,,,,,,,,,,,,,,2.00,,,,,,,false,true,12,2021-04-01,2022-03-31,0
2022-01-27,79190,2022-03-31,3,,,,,,,,,,,,,,,,,,,,,,,,,,,,,,,,,21460000,4281597,17178714,false,false,9,2021-04-01,2021-12-31,0
2022-01-27,79190,2021-03-31,3,,,,,,,,,,,,,,,,,,,,,,,,,,,,,,,,,,,17179277,false,false,9,2020-04-01,2020-12-31,-1
2022-04-28,79190,2022-03-31,,13083000000,-0.001,,,,,133000000,0.525,143000000,0.159,,10000000,,0.58,,0.003,0.013,0.010,,10203000000,3527000000,0.328,195.05,3350000000,942000000,-412000000,-372000000,1204000000,,3.448,,,,,,true,false,12,2021-04-01,2022-03-31,0
2022-04-28,79190,2021-03-31,,13105000000,-0.114,,,,,87000000,1.367,123000000,1.658,,80000000,,4.68,,0.024,0.011,0.006,,10700000000,3545000000,0.315,196.32,3372000000,316000000,-275000000,68000000,1046000000,,0.427,,,,,,true,false,12,2020-04-01,2021-03-31,-1
2022-04-28,79190,2023-03-31,,13700000000,0.047,,,,,239000000,0.795,265000000,0.848,,155000000,,9.02,,,,,,,,,,,,,,,,0.221,,,,,,true,true,12,2022-04-01,2023-03-31,1
2022-04-28,79190,2022-03-31,,12631000000,-0.005,,,,,38000000,0.953,58000000,-0.145,-40000000,,,-2.32,,,,,,9368000000,3245000000,0.346,186.78,3245000000,,,,,2.00,,,,21460000,4281687,17178631,false,false,12,2021-04-01,2022-03-31,0
2022-04-28,79190,2021-03-31,,12706000000,-0.114,,,,,19000000,,68000000,2.093,52000000,,,3.00,,,,,,9919000000,3318000000,0.334,190.97,3318000000,,,,,2.00,,,,21460000,4281055,17179220,false,false,12,2020-04-01,2021-03-31,-1
2022-04-28,79190,2023-03-31,,,,,,,,,,,,,,,,,,,,,,,,,,,,,,2.00,,,,,,,false,true,12,2022-04-01,2023-03-31,1
2022-07-28,79190,2023-03-31,1,3206000000,-0.016,,,,,59000000,,70000000,,,52000000,,3.07,,,,,,10180000000,3542000000,0.330,195.87,3364000000,,,,,,,,,,,,true,false,3,2022-04-01,2022-06-30,0
2022-07-28,79190,2022-03-31,1,3260000000,0.069,,,,,-9000000,,-9000000,,,-33000000,,-1.93,,,,,,,,,,,,,,,,,,,,,,true,false,3,2021-04-01,2021-06-30,-1
2022-07-28,79190,2023-03-31,1,13700000000,0.047,,,,,239000000,0.795,265000000,0.848,,155000000,,9.02,,,,,,,,,,,,,,,,,,,,,,true,true,12,2022-04-01,2023-03-31,0
2022-07-28,79190,2022-03-31,1,,,,,,,,,,,,,,,,,,,,10203000000,3527000000,0.328,195.05,3350000000,,,,,,,,,,,,true,false,12,2021-04-01,2022-03-31,-1
2022-07-28,79190,2022-03-31,1,,,,,,,,,,,,,,,,,,,,,,,,,,,,,2.00,,,,21460000,4281687,,false,false,12,2021-04-01,2022-03-31,-1
2022-07-28,79190,2023-03-31,1,,,,,,,,,,,,,,,,,,,,,,,,,,,,,2.00,,,,,,,false,true,12,2022-04-01,2023-03-31,0
2022-07-28,79190,2023-03-31,1,,,,,,,,,,,,,,,,,,,,,,,,,,,,,,,,,21460000,4281700,17178307,false,false,3,2022-04-01,2022-06-30,0
2022-07-28,79190,2022-03-31,1,,,,,,,,,,,,,,,,,,,,,,,,,,,,,,,,,,,17178910,false,false,3,2021-04-01,2021-06-30,-1
2022-10-28,79190,2023-03-31,2,6354000000,0.006,,,,,118000000,,136000000,,,88000000,,5.14,,,,,,10175000000,3588000000,0.334,198.41,3408000000,,,,,,,,,,,,true,false,6,2022-04-01,2022-09-30,0
2022-10-28,79190,2022-03-31,2,6313000000,0.037,,,,,-54000000,,-53000000,,,-111000000,,-6.51,,,,,,,,,,,,,,,,,,,,,,true,false,6,2021-04-01,2021-09-30,-1
2022-10-28,79190,2023-03-31,2,13700000000,0.047,,,,,239000000,0.795,265000000,0.848,,155000000,,9.02,,,,,,,,,,,,,,,,,,,,,,true,true,12,2022-04-01,2023-03-31,0
2022-10-28,79190,2022-03-31,2,,,,,,,,,,,,,,,,,,,,10203000000,3527000000,0.328,195.05,3350000000,,,,,,,,,,,,true,false,12,2021-04-01,2022-03-31,-1
2022-10-28,79190,2022-03-31,2,,,,,,,,,,,,,,,,,,,,,,,,,,,,,2.00,,,,21460000,4281687,,false,false,12,2021-04-01,2022-03-31,-1
2022-10-28,79190,2023-03-31,2,,,,,,,,,,,,,,,,,,,,,,,,,,,,,0.00,,,,,,,false,false,12,2022-04-01,2023-03-31,0
2022-10-28,79190,2023-03-31,2,,,,,,,,,,,,,,,,,,,,,,,,,,,,,2.00,,,,,,,false,true,12,2022-04-01,2023-03-31,0
2022-10-28,79190,2023-03-31,2,,,,,,,,,,,,,,,,,,,,,,,,,,,,,,,,,21460000,4281700,17178304,false,false,6,2022-04-01,2022-09-30,0
2022-10-28,79190,2022-03-31,2,,,,,,,,,,,,,,,,,,,,,,,,,,,,,,,,,,,17178826,false,false,6,2021-04-01,2021-09-30,-1
2023-01-31,79190,2023-03-31,3,10281000000,0.022,,,,,327000000,1.493,357000000,1.587,,269000000,,15.66,,,,,,10679000000,3771000000,0.336,209.05,3591000000,,,,,,,,,,,,true,false,9,2022-04-01,2022-12-31,0
2023-01-31,79190,2022-03-31,3,10051000000,0.013,,,,,131000000,6.616,138000000,2.091,,57000000,,3.33,,,,,,,,,,,,,,,,,,,,,,true,false,9,2021-04-01,2021-12-31,-1
2023-01-31,79190,2023-03-31,3,13700000000,0.047,,,,,239000000,0.795,265000000,0.848,,155000000,,9.02,,,,,,,,,,,,,,,,,,,,,,true,true,12,2022-04-01,2023-03-31,0
2023-01-31,79190,2022-03-31,3,,,,,,,,,,,,,,,,,,,,10203000000,3527000000,0.328,195.05,3350000000,,,,,,,,,,,,true,false,12,2021-04-01,2022-03-31,-1
2023-01-31,79190,2022-03-31,3,,,,,,,,,,,,,,,,,,,,,,,,,,,,,2.00,,,,21460000,4281687,,false,false,12,2021-04-01,2022-03-31,-1
2023-01-31,79190,2023-03-31,3,,,,,,,,,,,,,,,,,,,,,,,,,,,,,0.00,,,,,,,false,false,12,2022-04-01,2023-03-31,0
2023-01-31,79190,2023-03-31,3,,,,,,,,,,,,,,,,,,,,,,,,,,,,,2.00,,,,,,,false,true,12,2022-04-01,2023-03-31,0
2023-01-31,79190,2023-03-31,3,,,,,,,,,,,,,,,,,,,,,,,,,,,,,,,,,21460000,4281760,17178291,false,false,9,2022-04-01,2022-12-31,0
2023-01-31,79190,2022-03-31,3,,,,,,,,,,,,,,,,,,,,,,,,,,,,,,,,,,,17178714,false,false,9,2021-04-01,2021-12-31,-1
2023-04-28,79190,2023-03-31,,13437000000,0.027,,,,,332000000,1.501,374000000,1.612,,253000000,,14.74,,0.073,0.036,0.024,,10299000000,3765000000,0.347,208.61,3583000000,910000000,-377000000,-492000000,1245000000,,0.203,,,,,,true,false,12,2022-04-01,2023-03-31,0
2023-04-28,79190,2022-03-31,,13083000000,-0.001,,,,,133000000,0.525,143000000,0.159,,10000000,,0.58,,0.003,0.013,0.010,,10203000000,3527000000,0.328,195.05,3350000000,942000000,-412000000,-372000000,1204000000,,3.448,,,,,,true,false,12,2021-04-01,2022-03-31,-1
2023-04-28,79190,2024-03-31,,13800000000,0.027,,,,,340000000,0.021,380000000,0.014,,260000000,,15.13,,,,,,,,,,,,,,,,0.198,,,,,,true,true,12,2023-04-01,2024-03-31,1
2023-04-28,79190,2023-03-31,,12953000000,0.025,,,,,233000000,5.046,290000000,3.989,205000000,,,11.81,,,,,,9411000000,3429000000,0.364,197.37,3429000000,,,,,3.00,,,,21460000,4281791,17178275,false,false,12,2022-04-01,2023-03-31,0
2023-04-28,79190,2022-03-31,,12631000000,-0.005,,,,,38000000,0.953,58000000,-0.145,-40000000,,,-2.32,,,,,,9368000000,3245000000,0.346,186.78,3245000000,,,,,2.00,,,,21460000,4281687,17178631,false,false,12,2021-04-01,2022-03-31,-1
2023-04-28,79190,2024-03-31,,,,,,,,,,,,,,,,,,,,,,,,,,,,,,3.00,,,,,,,false,true,12,2023-04-01,2024-03-31,1
2023-07-28,79190,2024-03-31,1,3381000000,0.054,,,,,170000000,1.880,182000000,1.602,,157000000,,9.14,,,,,,10423000000,3879000000,0.354,215.27,3698000000,,,,,,,,,,,,true,false,3,2023-04-01,2023-06-30,0
2023-07-28,79190,2023-03-31,1,3206000000,-0.016,,,,,59000000,,70000000,,,52000000,,3.07,,,,,,,,,,,,,,,,,,,,,,true,false,3,2022-04-01,2022-06-30,-1
2023-07-28,79190,2024-03-31,1,13800000000,0.027,,,,,340000000,0.021,380000000,0.014,,260000000,,15.13,,,,,,,,,,,,,,,,,,,,,,true,true,12,2023-04-01,2024-03-31,0
2023-07-28,79190,2023-03-31,1,,,,,,,,,,,,,,,,,,,,10299000000,3765000000,0.347,208.61,3583000000,,,,,,,,,,,,true,false,12,2022-04-01,2023-03-31,-1
2023-07-28,79190,2023-03-31,1,,,,,,,,,,,,,,,,,,,,,,,,,,,,,3.00,,,,21460000,4281791,,false,false,12,2022-04-01,2023-03-31,-1
2023-07-28,79190,2024-03-31,1,,,,,,,,,,,,,,,,,,,,,,,,,,,,,3.00,,,,,,,false,true,12,2023-04-01,2024-03-31,0
2023-07-28,79190,2024-03-31,1,,,,,,,,,,,,,,,,,,,,,,,,,,,,,,,,,21460000,4281876,17178186,false,false,3,2023-04-01,2023-06-30,0
2023-07-28,79190,2023-03-31,1,,,,,,,,,,,,,,,,,,,,,,,,,,,,,,,,,,,17178307,false,false,3,2022-04-01,2022-06-30,-1
2023-10-27,79190,2024-03-31,2,6772000000,0.065,,,,,226000000,0.904,248000000,0.816,,184000000,,10.76,,,,,,10198000000,3902000000,0.364,216.31,3715000000,,,,,,,,,,,,true,false,6,2023-04-01,2023-09-30,0
2023-10-27,79190,2023-03-31,2,6354000000,0.006,,,,,118000000,,136000000,,,88000000,,5.14,,,,,,,,,,,,,,,,,,,,,,true,false,6,2022-04-01,2022-09-30,-1
2023-10-27,79190,2024-03-31,2,13800000000,0.027,,,,,340000000,0.021,380000000,0.014,,260000000,,15.13,,,,,,,,,,,,,,,,,,,,,,true,true,12,2023-04-01,2024-03-31,0
2023-10-27,79190,2023-03-31,2,,,,,,,,,,,,,,,,,,,,10299000000,3765000000,0.347,208.61,3583000000,,,,,,,,,,,,true,false,12,2022-04-01,2023-03-31,-1
2023-10-27,79190,2023-03-31,2,,,,,,,,,,,,,,,,,,,,,,,,,,,,,3.00,,,,21460000,4281791,,false,false,12,2022-04-01,2023-03-31,-1
2023-10-27,79190,2024-03-31,2,,,,,,,,,,,,,,,,,,,,,,,,,,,,,0.00,,,,,,,false,false,12,2023-04-01,2024-03-31,0
2023-10-27,79190,2024-03-31,2,,,,,,,,,,,,,,,,,,,,,,,,,,,,,3.00,,,,,,,false,true,12,2023-04-01,2024-03-31,0
2023-10-27,79190,2024-03-31,2,,,,,,,,,,,,,,,,,,,,,,,,,,,,,,,,,21460000,4282084,17178074,false,false,6,2023-04-01,2023-09-30,0
2023-10-27,79190,2023-03-31,2,,,,,,,,,,,,,,,,,,,,,,,,,,,,,,,,,,,17178304,false,false,6,2022-04-01,2022-09-30,-1
2024-01-31,79190,2024-03-31,3,10864000000,0.056,,,,,523000000,0.600,556000000,0.555,,454000000,,26.55,,,,,,10840000000,4128000000,0.361,233.45,3916000000,,,,,,,,,,,,true,false,9,2023-04-01,2023-12-31,0
2024-01-31,79190,2023-03-31,3,10281000000,0.022,,,,,327000000,1.493,357000000,1.587,,269000000,,15.66,,,,,,,,,,,,,,,,,,,,,,true,false,9,2022-04-01,2022-12-31,-1
2024-01-31,79190,2024-03-31,3,14050000000,0.045,,,,,540000000,0.621,570000000,0.521,,410000000,,23.96,,,,,,,,,,,,,,,,,,,,,,true,true,12,2023-04-01,2024-03-31,0
2024-01-31,79190,2023-03-31,3,,,,,,,,,,,,,,,,,,,,10299000000,3765000000,0.347,208.61,3583000000,,,,,,,,,,,,true,false,12,2022-04-01,2023-03-31,-1
2024-01-31,79190,2023-03-31,3,,,,,,,,,,,,,,,,,,,,,,,,,,,,,3.00,,,,21460000,4281791,,false,false,12,2022-04-01,2023-03-31,-1
2024-01-31,79190,2024-03-31,3,,,,,,,,,,,,,,,,,,,,,,,,,,,,,0.00,,,,,,,false,false,12,2023-04-01,2024-03-31,0
2024-01-31,79190,2024-03-31,3,,,,,,,,,,,,,,,,,,,,,,,,,,,,,3.00,,,,,,,false,true,12,2023-04-01,2024-03-31,0
2024-01-31,79190,2024-03-31,3,,,,,,,,,,,,,,,,,,,,,,,,,,,,,,,,,21460000,4682498,17107768,false,false,9,2023-04-01,2023-12-31,0
2024-01-31,79190,2023-03-31,3,,,,,,,,,,,,,,,,,,,,,,,,,,,,,,,,,,,17178291,false,false,9,2022-04-01,2022-12-31,-1
2024-04-26,79190,2024-03-31,,14157000000,0.053,,,,,621000000,0.864,667000000,0.782,,573000000,,33.65,,0.150,0.063,0.043,,10752000000,4274000000,0.377,241.82,4057000000,1104000000,-683000000,-32000000,1634000000,,0.148,,,,,,true,false,12,2023-04-01,2024-03-31,0
2024-04-26,79190,2023-03-31,,13437000000,0.027,,,,,332000000,1.501,374000000,1.612,,253000000,,14.74,,0.073,0.036,0.024,,10299000000,3765000000,0.347,208.61,3583000000,910000000,-377000000,-492000000,1245000000,,0.203,,,,,,true,false,12,2022-04-01,2023-03-31,-1
2024-04-26,79190,2025-03-31,,14700000000,0.038,,,,,630000000,0.014,679000000,0.017,,467000000,,27.83,,,,,,,,,,,,,,,,0.179,,,,,,true,true,12,2024-04-01,2025-03-31,1
2024-04-26,79190,2024-03-31,,13592000000,0.049,,,,,517000000,1.213,577000000,0.992,528000000,,1.574,30.74,,,,,,9818000000,3847000000,0.391,227.96,3847000000,,,,,5.00,,,,21460000,4682528,17031551,false,false,12,2023-04-01,2024-03-31,0
2024-04-26,79190,2023-03-31,,12953000000,0.025,,,,,233000000,5.046,290000000,3.989,205000000,,,11.81,,,,,,9411000000,3429000000,0.364,197.37,3429000000,,,,,3.00,,,,21460000,4281791,17178275,false,false,12,2022-04-01,2023-03-31,-1
2024-04-26,79190,2025-03-31,,,,,,,,,,,,,,,,,,,,,,,,,,,,,,5.00,,,,,,,false,true,12,2024-04-01,2025-03-31,1
2024-07-31,79190,2025-03-31,1,3510000000,0.038,,,,,174000000,0.023,191000000,0.052,,124000000,,7.42,,,,,,10585000000,4315000000,0.387,244.22,4097000000,,,,,,,,,,,,true,false,3,2024-04-01,2024-06-30,0
2024-07-31,79190,2024-03-31,1,3381000000,0.054,,,,,170000000,1.880,182000000,1.602,,157000000,,9.14,,,,,,,,,,,,,,,,,,,,,,true,false,3,2023-04-01,2023-06-30,-1
2024-07-31,79190,2025-03-31,1,14700000000,0.038,,,,,630000000,0.014,679000000,0.017,,467000000,,27.83,,,,,,,,,,,,,,,,,,,,,,true,true,12,2024-04-01,2025-03-31,0
2024-07-31,79190,2024-03-31,1,,,,,,,,,,,,,,,,,,,,10752000000,4274000000,0.377,241.82,4057000000,,,,,,,,,,,,true,false,12,2023-04-01,2024-03-31,-1
2024-07-31,79190,2024-03-31,1,,,,,,,,,,,,,,,,,,,,,,,,,,,,,5.00,,,,21460000,4682528,,false,false,12,2023-04-01,2024-03-31,-1
2024-07-31,79190,2025-03-31,1,,,,,,,,,,,,,,,,,,,,,,,,,,,,,5.00,,,,,,,false,true,12,2024-04-01,2025-03-31,0
2024-07-31,79190,2025-03-31,1,,,,,,,,,,,,,,,,,,,,,,,,,,,,,,,,,21460000,4682558,16777457,false,false,3,2024-04-01,2024-06-30,0
2024-07-31,79190,2024-03-31,1,,,,,,,,,,,,,,,,,,,,,,,,,,,,,,,,,,,17178186,false,false,3,2023-04-01,2023-06-30,-1
2024-10-30,79190,2025-03-31,2,7039000000,0.039,,,,,289000000,0.280,321000000,0.294,,207000000,,12.42,,,,,,10760000000,4344000000,0.383,250.28,4127000000,,,,,,,,,,,,true,false,6,2024-04-01,2024-09-30,0
2024-10-30,79190,2024-03-31,2,6772000000,0.065,,,,,226000000,0.904,248000000,0.816,,184000000,,10.76,,,,,,,,,,,,,,,,,,,,,,true,false,6,2023-04-01,2023-09-30,-1
2024-10-30,79190,2025-03-31,2,14700000000,0.038,,,,,630000000,0.014,679000000,0.017,,467000000,,27.83,,,,,,,,,,,,,,,,,,,,,,true,true,12,2024-04-01,2025-03-31,0
2024-10-30,79190,2024-03-31,2,,,,,,,,,,,,,,,,,,,,10752000000,4274000000,0.377,241.82,4057000000,,,,,,,,,,,,true,false,12,2023-04-01,2024-03-31,-1
2024-10-30,79190,2024-03-31,2,,,,,,,,,,,,,,,,,,,,,,,,,,,,,5.00,,,,21460000,4682528,,false,false,12,2023-04-01,2024-03-31,-1
2024-10-30,79190,2025-03-31,2,,,,,,,,,,,,,,,,,,,,,,,,,,,,,2.50,,,,,,,false,false,12,2024-04-01,2025-03-31,0
2024-10-30,79190,2025-03-31,2,,,,,,,,,,,,,,,,,,,,,,,,,,,,,5.00,,,,,,,false,true,12,2024-04-01,2025-03-31,0
2024-10-30,79190,2025-03-31,2,,,,,,,,,,,,,,,,,,,,,,,,,,,,,,,,,21460000,4970597,16695149,false,false,6,2024-04-01,2024-09-30,0
2024-10-30,79190,2024-03-31,2,,,,,,,,,,,,,,,,,,,,,,,,,,,,,,,,,,,17178074,false,false,6,2023-04-01,2023-09-30,-1
2025-01-31,79190,2025-03-31,3,11244000000,0.034,,,,,625000000,0.195,673000000,0.210,,443000000,,26.68,,,,,,11030000000,4560000000,0.393,263.23,4340000000,,,,,,,,,,,,true,false,9,2024-04-01,2024-12-31,0
2025-01-31,79190,2024-03-31,3,10864000000,0.056,,,,,523000000,0.600,556000000,0.555,,454000000,,26.55,,,,,,,,,,,,,,,,,,,,,,true,false,9,2023-04-01,2023-12-31,-1
2025-01-31,79190,2025-03-31,3,14700000000,0.038,,,,,630000000,0.014,679000000,0.017,,467000000,,27.83,,,,,,,,,,,,,,,,,,,,,,true,true,12,2024-04-01,2025-03-31,0
2025-01-31,79190,2024-03-31,3,,,,,,,,,,,,,,,,,,,,10752000000,4274000000,0.377,241.82,4057000000,,,,,,,,,,,,true,false,12,2023-04-01,2024-03-31,-1
2025-01-31,79190,2024-03-31,3,,,,,,,,,,,,,,,,,,,,,,,,,,,,,5.00,,,,21460000,4682528,,false,false,12,2023-04-01,2024-03-31,-1
2025-01-31,79190,2025-03-31,3,,,,,,,,,,,,,,,,,,,,,,,,,,,,,2.50,,,,,,,false,false,12,2024-04-01,2025-03-31,0
2025-01-31,79190,2025-03-31,3,,,,,,,,,,,,,,,,,,,,,,,,,,,,,5.00,,,,,,,false,true,12,2024-04-01,2025-03-31,0
2025-01-31,79190,2025-03-31,3,,,,,,,,,,,,,,,,,,,,,,,,,,,,,,,,,21460000,4970657,16633410,false,false,9,2024-04-01,2024-12-31,0
2025-01-31,79190,2024-03-31,3,,,,,,,,,,,,,,,,,,,,,,,,,,,,,,,,,,,17107768,false,false,9,2023-04-01,2023-12-31,-1
2025-04-23,79190,2025-03-31,,14570000000,0.029,,,,,690000000,0.111,751000000,0.125,,522000000,,31.45,,0.123,0.070,0.047,,10671000000,4627000000,0.413,267.33,4408000000,653000000,-1060000000,206000000,1433000000,,0.238,,,,,,true,false,12,2024-04-01,2025-03-31,0
2025-04-23,79190,2024-03-31,,14157000000,0.053,,,,,621000000,0.864,667000000,0.782,,573000000,,33.65,,0.150,0.063,0.043,,10752000000,4274000000,0.377,241.82,4057000000,1104000000,-683000000,-32000000,1634000000,,0.148,,,,,,true,false,12,2023-04-01,2024-03-31,-1
2025-04-23,79190,2026-03-31,,15000000000,0.029,,,,,700000000,0.014,758000000,0.008,,530000000,,32.14,,,,,,,,,,,,,,,,0.233,,,,,,true,true,12,2025-04-01,2026-03-31,1
2025-04-23,79190,2025-03-31,,14018000000,0.031,,,,,618000000,0.195,699000000,0.210,498000000,,-0.057,29.83,,,,,,9841000000,4171000000,0.423,251.49,4171000000,,,,,7.50,,,,21460000,4971027,16600079,false,false,12,2024-04-01,2025-03-31,0
2025-04-23,79190,2024-03-31,,13592000000,0.049,,,,,517000000,1.213,577000000,0.992,528000000,,1.574,30.74,,,,,,9818000000,3847000000,0.391,227.96,3847000000,,,,,5.00,,,,21460000,4682528,17031551,false,false,12,2023-04-01,2024-03-31,-1
2025-04-23,79190,2026-03-31,,,,,,,,,,,,,,,,,,,,,,,,,,,,,,7.50,,,,,,,false,true,12,2025-04-01,2026-03-31,1
