filing_date,code,fiscal_year_end,quarterly_period,net_sales,net_sales_change,revenue,revenue_change,operating_revenue,operating_revenue_change,operating_profit,operating_profit_change,ordinary_profit,ordinary_profit_change,net_income,net_income_of_parent,net_income_change,eps,diluted_eps,roe,roa,operating_profit_to_net_sales,operating_profit_to_revenue,total_assets,net_assets,equity_ratio,bps,owner_equity,operating_cash_flow,investing_cash_flow,financing_cash_flow,cash,dividend_per_share,payout_ratio,commemorative_dividend,extra_dividend,number_of_shares,number_of_treqsury_shares,avg_number_of_shares,is_consolidated,is_forecast,duration,period_start,period_end,period_pos
2015-05-15,79230,2015-03-31,,11366000000,0.041,,,,,48000000,-0.589,185000000,0.570,233000000,,1.502,42.74,,0.027,0.011,0.004,,16956000000,9065000000,0.533,1650.90,9029000000,967000000,-958000000,143000000,2491000000,,0.468,,,,,,true,false,12,2014-04-01,2015-03-31,0
2015-05-15,79230,2014-03-31,,10916000000,,,,,,117000000,,118000000,,93000000,,,17.08,,0.011,0.008,0.011,,15509000000,8437000000,0.542,1542.62,8409000000,369000000,-974000000,295000000,1948000000,,0.878,,,,,,true,false,12,2013-04-01,2014-03-31,-1
2015-05-15,79230,2016-03-31,,12000000000,0.056,,,,,160000000,2.302,140000000,-0.245,,50000000,,9.14,,,,,,,,,,,,,,,,1.641,,,,,,true,true,12,2015-04-01,2016-03-31,1
2015-05-15,79230,2015-03-31,,10944000000,0.034,,,,,171000000,1.131,205000000,1.661,265000000,,2.907,48.50,,,,,,16349000000,8842000000,0.541,1616.70,8842000000,,,,,20.00,,,,6377500,908168,5469352,false,false,12,2014-04-01,2015-03-31,0
2015-05-15,79230,2014-03-31,,10585000000,-0.042,,,,,80000000,-0.709,77000000,-0.737,67000000,,-0.580,12.41,,,,,,15355000000,8421000000,0.548,1539.78,8421000000,,,,,15.00,,,,6377500,908132,5469673,false,false,12,2013-04-01,2014-03-31,-1
2015-05-15,79230,2016-03-31,,,,,,,,,,,,,,,,,,,,,,,,,,,,,,15.00,,,,,,,false,true,12,2015-04-01,2016-03-31,1
2015-07-31,79230,2016-03-31,1,2829000000,-0.005,,,,,-14000000,,-26000000,,,-32000000,,-5.89,,,,,,16677000000,9093000000,0.543,1655.87,9056000000,,,,,,,,,,,,true,false,3,2015-04-01,2015-06-30,0
2015-07-31,79230,2015-03-31,1,2844000000,0.007,,,,,34000000,-0.714,33000000,-0.735,,29000000,,5.40,,,,,,,,,,,,,,,,,,,,,,true,false,3,2014-04-01,2014-06-30,-1
2015-07-31,79230,2016-03-31,1,12000000000,0.056,,,,,160000000,2.302,140000000,-0.245,,50000000,,9.14,,,,,,,,,,,,,,,,,,,,,,true,true,12,2015-04-01,2016-03-31,0
2015-07-31,79230,2015-03-31,1,,,,,,,,,,,,,,,,,,,,16956000000,9065000000,0.533,1650.90,9029000000,,,,,,,,,,,,true,false,12,2014-04-01,2015-03-31,-1
2015-07-31,79230,2015-03-31,1,,,,,,,,,,,,,,,,,,,,,,,,,,,,,20.00,,,,6377500,908168,,false,false,12,2014-04-01,2015-03-31,-1
2015-07-31,79230,2016-03-31,1,,,,,,,,,,,,,,,,,,,,,,,,,,,,,15.00,,,,,,,false,true,12,2015-04-01,2016-03-31,0
2015-07-31,79230,2016-03-31,1,,,,,,,,,,,,,,,,,,,,,,,,,,,,,,,,,6377500,908204,5469313,false,false,3,2015-04-01,2015-06-30,0
2015-07-31,79230,2015-03-31,1,,,,,,,,,,,,,,,,,,,,,,,,,,,,,,,,,,,5469368,false,false,3,2014-04-01,2014-06-30,-1
2015-10-30,79230,2016-03-31,2,5824000000,0.028,,,,,-13000000,,-25000000,,,-34000000,,-6.35,,,,,,16657000000,9065000000,0.542,1650.68,9028000000,,,,,,,,,,,,true,false,6,2015-04-01,2015-09-30,0
2015-10-30,79230,2015-03-31,2,5667000000,-0.004,,,,,84000000,-0.593,82000000,-0.602,,69000000,,12.78,,,,,,,,,,,,,,,,,,,,,,true,false,6,2014-04-01,2014-09-30,-1
2015-10-30,79230,2016-03-31,2,11500000000,0.012,,,,,0,,0,,,-50000000,,-9.14,,,,,,,,,,,,,,,,,,,,,,true,true,12,2015-04-01,2016-03-31,0
2015-10-30,79230,2015-03-31,2,,,,,,,,,,,,,,,,,,,,16956000000,9065000000,0.533,1650.90,9029000000,,,,,,,,,,,,true,false,12,2014-04-01,2015-03-31,-1
2015-10-30,79230,2015-03-31,2,,,,,,,,,,,,,,,,,,,,,,,,,,,,,20.00,,,,6377500,908168,,false,false,12,2014-04-01,2015-03-31,-1
2015-10-30,79230,2016-03-31,2,,,,,,,,,,,,,,,,,,,,,,,,,,,,,5.00,,,,,,,false,false,12,2015-04-01,2016-03-31,0
2015-10-30,79230,2016-03-31,2,,,,,,,,,,,,,,,,,,,,,,,,,,,,,15.00,,,,,,,false,true,12,2015-04-01,2016-03-31,0
2015-10-30,79230,2016-03-31,2,,,,,,,,,,,,,,,,,,,,,,,,,,,,,,,,,6377500,908204,5469304,false,false,6,2015-04-01,2015-09-30,0
2015-10-30,79230,2015-03-31,2,,,,,,,,,,,,,,,,,,,,,,,,,,,,,,,,,,,5469368,false,false,6,2014-04-01,2014-09-30,-1
2015-10-30,79230,2016-03-31,,11500000000,-0.042,,,,,0,,0,,,-50000000,,-9.14,,,,,,,,,,,,,,,,,,,,,,true,true,12,2015-04-01,2016-03-31,0
2015-10-30,79230,2015-03-31,,11366000000,,,,,,48000000,,185000000,,,233000000,,42.74,,,,,,,,,,,,,,,,,,,,,,true,false,12,2014-04-01,2015-03-31,-1
2016-01-29,79230,2016-03-31,3,8649000000,0.007,,,,,-72000000,,-91000000,,,-96000000,,-17.70,,,,,,16490000000,8912000000,0.538,1623.19,8877000000,,,,,,,,,,,,true,false,9,2015-04-01,2015-12-31,0
2016-01-29,79230,2015-03-31,3,8587000000,0.044,,,,,74000000,-0.411,141000000,0.039,,158000000,,29.04,,,,,,,,,,,,,,,,,,,,,,true,false,9,2014-04-01,2014-12-31,-1
2016-01-29,79230,2016-03-31,3,11400000000,0.003,,,,,-120000000,,-140000000,,,-150000000,,-27.43,,,,,,,,,,,,,,,,,,,,,,true,true,12,2015-04-01,2016-03-31,0
2016-01-29,79230,2015-03-31,3,,,,,,,,,,,,,,,,,,,,16956000000,9065000000,0.533,1650.90,9029000000,,,,,,,,,,,,true,false,12,2014-04-01,2015-03-31,-1
2016-01-29,79230,2015-03-31,3,,,,,,,,,,,,,,,,,,,,,,,,,,,,,20.00,,,,6377500,908168,,false,false,12,2014-04-01,2015-03-31,-1
2016-01-29,79230,2016-03-31,3,,,,,,,,,,,,,,,,,,,,,,,,,,,,,5.00,,,,,,,false,false,12,2015-04-01,2016-03-31,0
2016-01-29,79230,2016-03-31,3,,,,,,,,,,,,,,,,,,,,,,,,,,,,,15.00,,,,,,,false,true,12,2015-04-01,2016-03-31,0
2016-01-29,79230,2016-03-31,3,,,,,,,,,,,,,,,,,,,,,,,,,,,,,,,,,6377500,908204,5469302,false,false,9,2015-04-01,2015-12-31,0
2016-01-29,79230,2015-03-31,3,,,,,,,,,,,,,,,,,,,,,,,,,,,,,,,,,,,5469359,false,false,9,2014-04-01,2014-12-31,-1
2016-01-29,79230,2016-03-31,,11400000000,-0.009,,,,,-120000000,,-140000000,,,-150000000,,-27.43,,,,,,,,,,,,,,,,,,,,,,true,true,12,2015-04-01,2016-03-31,0
2016-01-29,79230,2015-03-31,,11366000000,,,,,,48000000,,185000000,,,233000000,,42.74,,,,,,,,,,,,,,,,,,,,,,true,false,12,2014-04-01,2015-03-31,-1
2016-05-13,79230,2016-03-31,,11321000000,-0.004,,,,,-171000000,,-225000000,,,-230000000,,-42.15,,-0.026,-0.014,-0.015,,16077000000,8509000000,0.527,1549.07,8472000000,479000000,-1002000000,124000000,2059000000,,-0.297,,,,,,true,false,12,2015-04-01,2016-03-31,0
2016-05-13,79230,2015-03-31,,11366000000,0.041,,,,,48000000,-0.589,185000000,0.570,,233000000,,42.74,,0.027,0.011,0.004,,16956000000,9065000000,0.533,1650.90,9029000000,967000000,-958000000,143000000,2491000000,,0.468,,,,,,true,false,12,2014-04-01,2015-03-31,-1
2016-05-13,79230,2017-03-31,,11700000000,0.033,,,,,130000000,,100000000,,,80000000,,14.63,,,,,,,,,,,,,,,,1.025,,,,,,true,true,12,2016-04-01,2017-03-31,1
2016-05-13,79230,2016-03-31,,10929000000,-0.001,,,,,-119000000,,-126000000,,-120000000,,,-22.07,,,,,,15944000000,8683000000,0.545,1587.73,8683000000,,,,,12.50,,,,6377500,908252,5469290,false,false,12,2015-04-01,2016-03-31,0
2016-05-13,79230,2015-03-31,,10944000000,0.034,,,,,171000000,1.131,205000000,1.661,265000000,,2.907,48.50,,,,,,16349000000,8842000000,0.541,1616.70,8842000000,,,,,20.00,,,,6377500,908168,5469352,false,false,12,2014-04-01,2015-03-31,-1
2016-05-13,79230,2017-03-31,,,,,,,,,,,,,,,,,,,,,,,,,,,,,,15.00,,,,,,,false,true,12,2016-04-01,2017-03-31,1
2016-07-29,79230,2017-03-31,1,2613000000,-0.076,,,,,-63000000,,-98000000,,,-69000000,,-12.66,,,,,,15783000000,8410000000,0.531,1531.02,8373000000,,,,,,,,,,,,true,false,3,2016-04-01,2016-06-30,0
2016-07-29,79230,2016-03-31,1,2829000000,-0.005,,,,,-14000000,,-26000000,,,-32000000,,-5.89,,,,,,,,,,,,,,,,,,,,,,true,false,3,2015-04-01,2015-06-30,-1
2016-07-29,79230,2017-03-31,1,11700000000,0.033,,,,,130000000,,100000000,,,80000000,,14.63,,,,,,,,,,,,,,,,,,,,,,true,true,12,2016-04-01,2017-03-31,0
2016-07-29,79230,2016-03-31,1,,,,,,,,,,,,,,,,,,,,16077000000,8509000000,0.527,1549.07,8472000000,,,,,,,,,,,,true,false,12,2015-04-01,2016-03-31,-1
2016-07-29,79230,2016-03-31,1,,,,,,,,,,,,,,,,,,,,,,,,,,,,,12.50,,,,6377500,908252,,false,false,12,2015-04-01,2016-03-31,-1
2016-07-29,79230,2017-03-31,1,,,,,,,,,,,,,,,,,,,,,,,,,,,,,15.00,,,,,,,false,true,12,2016-04-01,2017-03-31,0
2016-07-29,79230,2017-03-31,1,,,,,,,,,,,,,,,,,,,,,,,,,,,,,,,,,6377500,908252,5469248,false,false,3,2016-04-01,2016-06-30,0
2016-07-29,79230,2016-03-31,1,,,,,,,,,,,,,,,,,,,,,,,,,,,,,,,,,,,5469313,false,false,3,2015-04-01,2015-06-30,-1
2016-10-31,79230,2017-03-31,2,5458000000,-0.063,,,,,-30000000,,-127000000,,,-36000000,,-6.61,,,,,,16684000000,8485000000,0.507,1545.15,8450000000,,,,,,,,,,,,true,false,6,2016-04-01,2016-09-30,0
2016-10-31,79230,2016-03-31,2,5824000000,0.028,,,,,-13000000,,-25000000,,,-34000000,,-6.35,,,,,,,,,,,,,,,,,,,,,,true,false,6,2015-04-01,2015-09-30,-1
2016-10-31,79230,2017-03-31,2,11000000000,-0.028,,,,,50000000,,-60000000,,,0,,0.00,,,,,,,,,,,,,,,,,,,,,,true,true,12,2016-04-01,2017-03-31,0
2016-10-31,79230,2016-03-31,2,,,,,,,,,,,,,,,,,,,,16077000000,8509000000,0.527,1549.07,8472000000,,,,,,,,,,,,true,false,12,2015-04-01,2016-03-31,-1
2016-10-31,79230,2016-03-31,2,,,,,,,,,,,,,,,,,,,,,,,,,,,,,12.50,,,,6377500,908252,,false,false,12,2015-04-01,2016-03-31,-1
2016-10-31,79230,2017-03-31,2,,,,,,,,,,,,,,,,,,,,,,,,,,,,,5.00,,,,,,,false,false,12,2016-04-01,2017-03-31,0
2016-10-31,79230,2017-03-31,2,,,,,,,,,,,,,,,,,,,,,,,,,,,,,15.00,,,,,,,false,true,12,2016-04-01,2017-03-31,0
2016-10-31,79230,2017-03-31,2,,,,,,,,,,,,,,,,,,,,,,,,,,,,,,,,,6377500,908252,5469248,false,false,6,2016-04-01,2016-09-30,0
2016-10-31,79230,2016-03-31,2,,,,,,,,,,,,,,,,,,,,,,,,,,,,,,,,,,,5469304,false,false,6,2015-04-01,2015-09-30,-1
2017-01-31,79230,2017-03-31,3,8188000000,-0.053,,,,,-67000000,,-179000000,,,-45000000,,-8.32,,,,,,16716000000,8368000000,0.499,1596.72,8333000000,,,,,,,,,,,,true,false,9,2016-04-01,2016-12-31,0
2017-01-31,79230,2016-03-31,3,8649000000,0.007,,,,,-72000000,,-91000000,,,-96000000,,-17.70,,,,,,,,,,,,,,,,,,,,,,true,false,9,2015-04-01,2015-12-31,-1
2017-01-31,79230,2017-03-31,3,11000000000,-0.028,,,,,50000000,,-60000000,,,0,,0.00,,,,,,,,,,,,,,,,,,,,,,true,true,12,2016-04-01,2017-03-31,0
2017-01-31,79230,2016-03-31,3,,,,,,,,,,,,,,,,,,,,16077000000,8509000000,0.527,1549.07,8472000000,,,,,,,,,,,,true,false,12,2015-04-01,2016-03-31,-1
2017-01-31,79230,2016-03-31,3,,,,,,,,,,,,,,,,,,,,,,,,,,,,,12.50,,,,6377500,908252,,false,false,12,2015-04-01,2016-03-31,-1
2017-01-31,79230,2017-03-31,3,,,,,,,,,,,,,,,,,,,,,,,,,,,,,5.00,,,,,,,false,false,12,2016-04-01,2017-03-31,0
2017-01-31,79230,2017-03-31,3,,,,,,,,,,,,,,,,,,,,,,,,,,,,,15.00,,,,,,,false,true,12,2016-04-01,2017-03-31,0
2017-01-31,79230,2017-03-31,3,,,,,,,,,,,,,,,,,,,,,,,,,,,,,,,,,6377500,1158252,5420174,false,false,9,2016-04-01,2016-12-31,0
2017-01-31,79230,2016-03-31,3,,,,,,,,,,,,,,,,,,,,,,,,,,,,,,,,,,,5469302,false,false,9,2015-04-01,2015-12-31,-1
2017-04-28,79230,2017-03-31,,10959000000,-0.004,,,,,-104000000,,-127000000,,,-16000000,,-3.16,,,,,,,,,,,,,,,,,,,,,,true,true,12,2016-04-01,2017-03-31,0
2017-04-28,79230,2016-03-31,,11321000000,,,,,,-171000000,,-225000000,,,-230000000,,-42.15,,,,,,,,,,,,,,,,,,,,,,true,false,12,2015-04-01,2016-03-31,-1
2017-04-28,79230,2017-03-31,,,,,,,,,,,,,,,,,,,,,,,,,,,,,,12.50,,,,,,,false,true,12,2016-04-01,2017-03-31,0
2017-04-28,79230,2017-03-31,,,,,,,,,,,,,,,,,,,,,,,,,,,,,,5.00,,,,,,,false,false,12,2016-04-01,2017-03-31,0
2017-04-28,79230,2016-03-31,,,,,,,,,,,,,,,,,,,,,,,,,,,,,,12.50,,,,,,,false,false,12,2015-04-01,2016-03-31,-1
2017-05-12,79230,2017-03-31,,10959000000,-0.032,,,,,-104000000,,-127000000,,,-16000000,,-3.16,,-0.002,-0.008,-0.010,,16817000000,8655000000,0.512,1650.60,8614000000,630000000,-397000000,111000000,2395000000,,-3.962,,,,,,true,false,12,2016-04-01,2017-03-31,0
2017-05-12,79230,2016-03-31,,11321000000,-0.004,,,,,-171000000,,-225000000,,,-230000000,,-42.15,,-0.026,-0.014,-0.015,,16077000000,8509000000,0.527,1549.07,8472000000,479000000,-1002000000,124000000,2059000000,,-0.297,,,,,,true,false,12,2015-04-01,2016-03-31,-1
2017-05-12,79230,2018-03-31,,11600000000,0.058,,,,,100000000,,80000000,,,20000000,,3.83,,,,,,,,,,,,,,,,3.914,,,,,,true,true,12,2017-04-01,2018-03-31,1
2017-05-12,79230,2017-03-31,,10527000000,-0.037,,,,,-51000000,,-54000000,,82000000,,,15.44,,,,,,16585000000,8792000000,0.530,1684.55,8792000000,,,,,12.50,,,,6377500,1158252,5369942,false,false,12,2016-04-01,2017-03-31,0
2017-05-12,79230,2016-03-31,,10929000000,-0.001,,,,,-119000000,,-126000000,,-120000000,,,-22.07,,,,,,15944000000,8683000000,0.545,1587.73,8683000000,,,,,12.50,,,,6377500,908252,5469290,false,false,12,2015-04-01,2016-03-31,-1
2017-05-12,79230,2018-03-31,,,,,,,,,,,,,,,,,,,,,,,,,,,,,,15.00,,,,,,,false,true,12,2017-04-01,2018-03-31,1
2017-07-28,79230,2018-03-31,1,2977000000,0.139,,,,,109000000,,98000000,,,55000000,,10.67,,,,,,17029000000,8880000000,0.519,1693.31,8837000000,,,,,,,,,,,,true,false,3,2017-04-01,2017-06-30,0
2017-07-28,79230,2017-03-31,1,2613000000,-0.076,,,,,-63000000,,-98000000,,,-69000000,,-12.66,,,,,,,,,,,,,,,,,,,,,,true,false,3,2016-04-01,2016-06-30,-1
2017-07-28,79230,2018-03-31,1,11600000000,0.058,,,,,100000000,,80000000,,,20000000,,3.83,,,,,,,,,,,,,,,,,,,,,,true,true,12,2017-04-01,2018-03-31,0
2017-07-28,79230,2017-03-31,1,,,,,,,,,,,,,,,,,,,,16817000000,8655000000,0.512,1650.60,8614000000,,,,,,,,,,,,true,false,12,2016-04-01,2017-03-31,-1
2017-07-28,79230,2017-03-31,1,,,,,,,,,,,,,,,,,,,,,,,,,,,,,12.50,,,,6377500,1158252,,false,false,12,2016-04-01,2017-03-31,-1
2017-07-28,79230,2018-03-31,1,,,,,,,,,,,,,,,,,,,,,,,,,,,,,15.00,,,,,,,false,true,12,2017-04-01,2018-03-31,0
2017-07-28,79230,2018-03-31,1,,,,,,,,,,,,,,,,,,,,,,,,,,,,,,,,,6377500,1158252,5219248,false,false,3,2017-04-01,2017-06-30,0
2017-07-28,79230,2017-03-31,1,,,,,,,,,,,,,,,,,,,,,,,,,,,,,,,,,,,5469248,false,false,3,2016-04-01,2016-06-30,-1
2017-10-31,79230,2018-03-31,2,6063000000,0.111,,,,,233000000,,227000000,,,116000000,,22.39,,,,,,17994000000,9022000000,0.499,1720.41,8979000000,,,,,,,,,,,,true,false,6,2017-04-01,2017-09-30,0
2017-10-31,79230,2017-03-31,2,5458000000,-0.063,,,,,-30000000,,-127000000,,,-36000000,,-6.61,,,,,,,,,,,,,,,,,,,,,,true,false,6,2016-04-01,2016-09-30,-1
2017-10-31,79230,2018-03-31,2,11900000000,0.086,,,,,250000000,,250000000,,,100000000,,19.16,,,,,,,,,,,,,,,,,,,,,,true,true,12,2017-04-01,2018-03-31,0
2017-10-31,79230,2017-03-31,2,,,,,,,,,,,,,,,,,,,,16817000000,8655000000,0.512,1650.60,8614000000,,,,,,,,,,,,true,false,12,2016-04-01,2017-03-31,-1
2017-10-31,79230,2017-03-31,2,,,,,,,,,,,,,,,,,,,,,,,,,,,,,12.50,,,,6377500,1158252,,false,false,12,2016-04-01,2017-03-31,-1
2017-10-31,79230,2018-03-31,2,,,,,,,,,,,,,,,,,,,,,,,,,,,,,5.00,,,,,,,false,false,12,2017-04-01,2018-03-31,0
2017-10-31,79230,2018-03-31,2,,,,,,,,,,,,,,,,,,,,,,,,,,,,,15.00,,,,,,,false,true,12,2017-04-01,2018-03-31,0
2017-10-31,79230,2018-03-31,2,,,,,,,,,,,,,,,,,,,,,,,,,,,,,,,,,6377500,1158252,5219248,false,false,6,2017-04-01,2017-09-30,0
2017-10-31,79230,2017-03-31,2,,,,,,,,,,,,,,,,,,,,,,,,,,,,,,,,,,,5469248,false,false,6,2016-04-01,2016-09-30,-1
2017-10-31,79230,2018-03-31,,11900000000,0.026,,,,,250000000,1.500,250000000,2.125,100000000,,4.000,19.16,,,,,,,,,,,,,,,,,,,,,,true,true,12,2017-04-01,2018-03-31,0
2017-10-31,79230,2017-03-31,,10959000000,,,,,,-104000000,,-127000000,,-16000000,,,-3.16,,,,,,,,,,,,,,,,,,,,,,true,false,12,2016-04-01,2017-03-31,-1
2018-01-31,79230,2018-03-31,3,9202000000,0.124,,,,,353000000,,362000000,,,189000000,,36.38,,,,,,18120000000,9105000000,0.500,1799.66,9058000000,,,,,,,,,,,,true,false,9,2017-04-01,2017-12-31,0
2018-01-31,79230,2017-03-31,3,8188000000,-0.053,,,,,-67000000,,-179000000,,,-45000000,,-8.32,,,,,,,,,,,,,,,,,,,,,,true,false,9,2016-04-01,2016-12-31,-1
2018-01-31,79230,2018-03-31,3,11900000000,0.086,,,,,300000000,,300000000,,,120000000,,23.28,,,,,,,,,,,,,,,,,,,,,,true,true,12,2017-04-01,2018-03-31,0
2018-01-31,79230,2017-03-31,3,,,,,,,,,,,,,,,,,,,,16817000000,8655000000,0.512,1650.60,8614000000,,,,,,,,,,,,true,false,12,2016-04-01,2017-03-31,-1
2018-01-31,79230,2017-03-31,3,,,,,,,,,,,,,,,,,,,,,,,,,,,,,12.50,,,,6377500,1158252,,false,false,12,2016-04-01,2017-03-31,-1
2018-01-31,79230,2018-03-31,3,,,,,,,,,,,,,,,,,,,,,,,,,,,,,5.00,,,,,,,false,false,12,2017-04-01,2018-03-31,0
2018-01-31,79230,2018-03-31,3,,,,,,,,,,,,,,,,,,,,,,,,,,,,,15.00,,,,,,,false,true,12,2017-04-01,2018-03-31,0
2018-01-31,79230,2018-03-31,3,,,,,,,,,,,,,,,,,,,,,,,,,,,,,,,,,6377500,1344253,5195826,false,false,9,2017-04-01,2017-12-31,0
2018-01-31,79230,2017-03-31,3,,,,,,,,,,,,,,,,,,,,,,,,,,,,,,,,,,,5420174,false,false,9,2016-04-01,2016-12-31,-1
2018-01-31,79230,2018-03-31,,11900000000,0.000,,,,,300000000,0.200,300000000,0.200,120000000,,0.200,23.28,,,,,,,,,,,,,,,,,,,,,,true,true,12,2017-04-01,2018-03-31,0
2018-01-31,79230,2017-03-31,,10959000000,,,,,,-104000000,,-127000000,,-16000000,,,-3.16,,,,,,,,,,,,,,,,,,,,,,true,false,12,2016-04-01,2017-03-31,-1
2018-04-27,79230,2018-03-31,,12160000000,0.022,,,,,400000000,0.333,420000000,0.400,200000000,,0.667,38.80,,,,,,,,,,,,,,,,,,,,,,true,true,12,2017-04-01,2018-03-31,0
2018-04-27,79230,2017-03-31,,10959000000,,,,,,-104000000,,-127000000,,-16000000,,,-3.16,,,,,,,,,,,,,,,,,,,,,,true,false,12,2016-04-01,2017-03-31,-1
2018-04-27,79230,2018-03-31,,,,,,,,,,,,,,,,,,,,,,,,,,,,,,17.50,,,,,,,false,true,12,2017-04-01,2018-03-31,0
2018-04-27,79230,2018-03-31,,,,,,,,,,,,,,,,,,,,,,,,,,,,,,5.00,,,,,,,false,false,12,2017-04-01,2018-03-31,0
2018-04-27,79230,2017-03-31,,,,,,,,,,,,,,,,,,,,,,,,,,,,,,12.50,,,,,,,false,false,12,2016-04-01,2017-03-31,-1
2018-05-15,79230,2018-03-31,,12161000000,0.110,,,,,406000000,,428000000,,,206000000,,40.15,,0.023,0.025,0.033,,18000000000,9191000000,0.508,1816.52,9142000000,1023000000,-927000000,-260000000,2230000000,,0.436,,,,,,true,false,12,2017-04-01,2018-03-31,0
2018-05-15,79230,2017-03-31,,10959000000,-0.032,,,,,-104000000,,-127000000,,,-16000000,,-3.16,,-0.002,-0.008,-0.010,,16817000000,8655000000,0.512,1650.60,8614000000,630000000,-397000000,111000000,2395000000,,-3.962,,,,,,true,false,12,2016-04-01,2017-03-31,-1
2018-05-15,79230,2019-03-31,,12600000000,0.036,,,,,400000000,-0.015,400000000,-0.066,,230000000,,45.70,,,,,,,,,,,,,,,,0.328,,,,,,true,true,12,2018-04-01,2019-03-31,1
2018-05-15,79230,2018-03-31,,11561000000,0.098,,,,,430000000,,437000000,,237000000,,1.862,46.03,,,,,,17948000000,9340000000,0.520,1855.84,9340000000,,,,,17.50,,,,6377500,1344253,5155181,false,false,12,2017-04-01,2018-03-31,0
2018-05-15,79230,2017-03-31,,10527000000,-0.037,,,,,-51000000,,-54000000,,82000000,,,15.44,,,,,,16585000000,8792000000,0.530,1684.55,8792000000,,,,,12.50,,,,6377500,1158252,5369942,false,false,12,2016-04-01,2017-03-31,-1
2018-05-15,79230,2019-03-31,,,,,,,,,,,,,,,,,,,,,,,,,,,,,,15.00,,,,,,,false,true,12,2018-04-01,2019-03-31,1
2018-07-31,79230,2019-03-31,1,3104000000,0.042,,,,,117000000,0.065,111000000,0.133,,84000000,,16.76,,,,,,18909000000,9454000000,0.497,1868.81,9406000000,,,,,,,,,,,,true,false,3,2018-04-01,2018-06-30,0
2018-07-31,79230,2018-03-31,1,2977000000,0.139,,,,,109000000,,98000000,,,55000000,,10.67,,,,,,,,,,,,,,,,,,,,,,true,false,3,2017-04-01,2017-06-30,-1
2018-07-31,79230,2019-03-31,1,12600000000,0.036,,,,,400000000,-0.015,400000000,-0.066,,230000000,,45.70,,,,,,,,,,,,,,,,,,,,,,true,true,12,2018-04-01,2019-03-31,0
2018-07-31,79230,2018-03-31,1,,,,,,,,,,,,,,,,,,,,17944000000,9191000000,0.510,1816.52,9142000000,,,,,,,,,,,,true,false,12,2017-04-01,2018-03-31,-1
2018-07-31,79230,2018-03-31,1,,,,,,,,,,,,,,,,,,,,,,,,,,,,,17.50,,,,6377500,1344253,,false,false,12,2017-04-01,2018-03-31,-1
2018-07-31,79230,2019-03-31,1,,,,,,,,,,,,,,,,,,,,,,,,,,,,,15.00,,,,,,,false,true,12,2018-04-01,2019-03-31,0
2018-07-31,79230,2019-03-31,1,,,,,,,,,,,,,,,,,,,,,,,,,,,,,,,,,6377500,1344253,5033247,false,false,3,2018-04-01,2018-06-30,0
2018-07-31,79230,2018-03-31,1,,,,,,,,,,,,,,,,,,,,,,,,,,,,,,,,,,,5219248,false,false,3,2017-04-01,2017-06-30,-1
2018-10-31,79230,2019-03-31,2,6224000000,0.026,,,,,239000000,0.023,264000000,0.164,,191000000,,38.01,,,,,,18630000000,9505000000,0.508,1879.14,9458000000,,,,,,,,,,,,true,false,6,2018-04-01,2018-09-30,0
2018-10-31,79230,2018-03-31,2,6063000000,0.111,,,,,233000000,,227000000,,,116000000,,22.39,,,,,,,,,,,,,,,,,,,,,,true,false,6,2017-04-01,2017-09-30,-1
2018-10-31,79230,2019-03-31,2,12600000000,0.036,,,,,400000000,-0.015,400000000,-0.066,,230000000,,45.70,,,,,,,,,,,,,,,,,,,,,,true,true,12,2018-04-01,2019-03-31,0
2018-10-31,79230,2018-03-31,2,,,,,,,,,,,,,,,,,,,,17944000000,9191000000,0.510,1816.52,9142000000,,,,,,,,,,,,true,false,12,2017-04-01,2018-03-31,-1
2018-10-31,79230,2018-03-31,2,,,,,,,,,,,,,,,,,,,,,,,,,,,,,17.50,,,,6377500,1344253,,false,false,12,2017-04-01,2018-03-31,-1
2018-10-31,79230,2019-03-31,2,,,,,,,,,,,,,,,,,,,,,,,,,,,,,5.00,,,,,,,false,false,12,2018-04-01,2019-03-31,0
2018-10-31,79230,2019-03-31,2,,,,,,,,,,,,,,,,,,,,,,,,,,,,,15.00,,,,,,,false,true,12,2018-04-01,2019-03-31,0
2018-10-31,79230,2019-03-31,2,,,,,,,,,,,,,,,,,,,,,,,,,,,,,,,,,6377500,1344253,5033247,false,false,6,2018-04-01,2018-09-30,0
2018-10-31,79230,2018-03-31,2,,,,,,,,,,,,,,,,,,,,,,,,,,,,,,,,,,,5219248,false,false,6,2017-04-01,2017-09-30,-1
2019-01-31,79230,2019-03-31,3,9434000000,0.025,,,,,372000000,0.053,415000000,0.146,,310000000,,61.66,,,,,,18570000000,9415000000,0.504,1860.74,9365000000,,,,,,,,,,,,true,false,9,2018-04-01,2018-12-31,0
2019-01-31,79230,2018-03-31,3,9202000000,0.124,,,,,353000000,,362000000,,,189000000,,36.38,,,,,,,,,,,,,,,,,,,,,,true,false,9,2017-04-01,2017-12-31,-1
2019-01-31,79230,2019-03-31,3,12600000000,0.036,,,,,400000000,-0.015,400000000,-0.066,,230000000,,45.70,,,,,,,,,,,,,,,,,,,,,,true,true,12,2018-04-01,2019-03-31,0
2019-01-31,79230,2018-03-31,3,,,,,,,,,,,,,,,,,,,,17944000000,9191000000,0.510,1816.52,9142000000,,,,,,,,,,,,true,false,12,2017-04-01,2018-03-31,-1
2019-01-31,79230,2018-03-31,3,,,,,,,,,,,,,,,,,,,,,,,,,,,,,17.50,,,,6377500,1344253,,false,false,12,2017-04-01,2018-03-31,-1
2019-01-31,79230,2019-03-31,3,,,,,,,,,,,,,,,,,,,,,,,,,,,,,5.00,,,,,,,false,false,12,2018-04-01,2019-03-31,0
2019-01-31,79230,2019-03-31,3,,,,,,,,,,,,,,,,,,,,,,,,,,,,,15.00,,,,,,,false,true,12,2018-04-01,2019-03-31,0
2019-01-31,79230,2019-03-31,3,,,,,,,,,,,,,,,,,,,,,,,,,,,,,,,,,6377500,1344253,5033247,false,false,9,2018-04-01,2018-12-31,0
2019-01-31,79230,2018-03-31,3,,,,,,,,,,,,,,,,,,,,,,,,,,,,,,,,,,,5195826,false,false,9,2017-04-01,2017-12-31,-1
2019-05-15,79230,2019-03-31,,12379000000,0.018,,,,,332000000,-0.182,356000000,-0.168,,262000000,,52.09,,0.028,0.019,0.027,,19091000000,9370000000,0.488,1851.90,9321000000,857000000,-1030000000,726000000,2779000000,,0.336,,,,,,true,false,12,2018-04-01,2019-03-31,0
2019-05-15,79230,2018-03-31,,12161000000,0.110,,,,,406000000,,428000000,,,206000000,,40.15,,0.023,0.025,0.033,,17944000000,9191000000,0.510,1816.52,9142000000,1023000000,-927000000,-260000000,2230000000,,0.436,,,,,,true,false,12,2017-04-01,2018-03-31,-1
2019-05-15,79230,2020-03-31,,12800000000,0.034,,,,,230000000,-0.308,250000000,-0.298,,140000000,,27.82,,,,,,,,,,,,,,,,0.539,,,,,,true,true,12,2019-04-01,2020-03-31,1
2019-05-15,79230,2019-03-31,,11643000000,0.007,,,,,327000000,-0.239,349000000,-0.201,264000000,,0.113,52.49,,,,,,19097000000,9669000000,0.506,1921.18,9669000000,,,,,17.50,,,,6377500,1344253,5033247,false,false,12,2018-04-01,2019-03-31,0
2019-05-15,79230,2018-03-31,,11561000000,0.098,,,,,430000000,,437000000,,237000000,,1.862,46.03,,,,,,17893000000,9340000000,0.522,1855.84,9340000000,,,,,17.50,,,,6377500,1344253,5155181,false,false,12,2017-04-01,2018-03-31,-1
2019-05-15,79230,2020-03-31,,,,,,,,,,,,,,,,,,,,,,,,,,,,,,15.00,,,,,,,false,true,12,2019-04-01,2020-03-31,1
2019-07-31,79230,2020-03-31,1,2933000000,-0.055,,,,,-9000000,,1000000,-0.989,,-28000000,,-5.57,,,,,,18594000000,9334000000,0.499,1844.43,9283000000,,,,,,,,,,,,true,false,3,2019-04-01,2019-06-30,0
2019-07-31,79230,2019-03-31,1,3104000000,0.042,,,,,117000000,0.065,111000000,0.133,,84000000,,16.76,,,,,,,,,,,,,,,,,,,,,,true,false,3,2018-04-01,2018-06-30,-1
2019-07-31,79230,2020-03-31,1,12800000000,0.034,,,,,230000000,-0.308,250000000,-0.298,,140000000,,27.82,,,,,,,,,,,,,,,,,,,,,,true,true,12,2019-04-01,2020-03-31,0
2019-07-31,79230,2019-03-31,1,,,,,,,,,,,,,,,,,,,,19091000000,9370000000,0.488,1851.90,9321000000,,,,,,,,,,,,true,false,12,2018-04-01,2019-03-31,-1
2019-07-31,79230,2019-03-31,1,,,,,,,,,,,,,,,,,,,,,,,,,,,,,17.50,,,,6377500,1344253,,false,false,12,2018-04-01,2019-03-31,-1
2019-07-31,79230,2020-03-31,1,,,,,,,,,,,,,,,,,,,,,,,,,,,,,15.00,,,,,,,false,true,12,2019-04-01,2020-03-31,0
2019-07-31,79230,2020-03-31,1,,,,,,,,,,,,,,,,,,,,,,,,,,,,,,,,,6377500,1344253,5033247,false,false,3,2019-04-01,2019-06-30,0
2019-07-31,79230,2019-03-31,1,,,,,,,,,,,,,,,,,,,,,,,,,,,,,,,,,,,5033247,false,false,3,2018-04-01,2018-06-30,-1
2019-10-31,79230,2020-03-31,2,6020000000,-0.033,,,,,19000000,-0.918,10000000,-0.959,,-5000000,,-1.09,,,,,,19067000000,9492000000,0.495,1875.84,9441000000,,,,,,,,,,,,true,false,6,2019-04-01,2019-09-30,0
2019-10-31,79230,2019-03-31,2,6224000000,0.026,,,,,239000000,0.023,264000000,0.164,,191000000,,38.01,,,,,,,,,,,,,,,,,,,,,,true,false,6,2018-04-01,2018-09-30,-1
2019-10-31,79230,2020-03-31,2,12100000000,-0.023,,,,,60000000,-0.819,50000000,-0.860,,10000000,,1.99,,,,,,,,,,,,,,,,,,,,,,true,true,12,2019-04-01,2020-03-31,0
2019-10-31,79230,2019-03-31,2,,,,,,,,,,,,,,,,,,,,19091000000,9370000000,0.488,1851.90,9321000000,,,,,,,,,,,,true,false,12,2018-04-01,2019-03-31,-1
2019-10-31,79230,2019-03-31,2,,,,,,,,,,,,,,,,,,,,,,,,,,,,,17.50,,,,6377500,1344253,,false,false,12,2018-04-01,2019-03-31,-1
2019-10-31,79230,2020-03-31,2,,,,,,,,,,,,,,,,,,,,,,,,,,,,,5.00,,,,,,,false,false,12,2019-04-01,2020-03-31,0
2019-10-31,79230,2020-03-31,2,,,,,,,,,,,,,,,,,,,,,,,,,,,,,15.00,,,,,,,false,true,12,2019-04-01,2020-03-31,0
2019-10-31,79230,2020-03-31,2,,,,,,,,,,,,,,,,,,,,,,,,,,,,,,,,,6377500,1344253,5033247,false,false,6,2019-04-01,2019-09-30,0
2019-10-31,79230,2019-03-31,2,,,,,,,,,,,,,,,,,,,,,,,,,,,,,,,,,,,5033247,false,false,6,2018-04-01,2018-09-30,-1
2020-01-31,79230,2020-03-31,3,8939000000,-0.052,,,,,12000000,-0.967,8000000,-0.980,,-22000000,,-4.41,,,,,,18666000000,9377000000,0.500,1853.23,9327000000,,,,,,,,,,,,true,false,9,2019-04-01,2019-12-31,0
2020-01-31,79230,2019-03-31,3,9434000000,0.025,,,,,372000000,0.053,415000000,0.146,,310000000,,61.66,,,,,,,,,,,,,,,,,,,,,,true,false,9,2018-04-01,2018-12-31,-1
2020-01-31,79230,2020-03-31,3,12100000000,-0.023,,,,,60000000,-0.819,50000000,-0.860,,10000000,,1.99,,,,,,,,,,,,,,,,,,,,,,true,true,12,2019-04-01,2020-03-31,0
2020-01-31,79230,2019-03-31,3,,,,,,,,,,,,,,,,,,,,19091000000,9370000000,0.488,1851.90,9321000000,,,,,,,,,,,,true,false,12,2018-04-01,2019-03-31,-1
2020-01-31,79230,2019-03-31,3,,,,,,,,,,,,,,,,,,,,,,,,,,,,,17.50,,,,6377500,1344253,,false,false,12,2018-04-01,2019-03-31,-1
2020-01-31,79230,2020-03-31,3,,,,,,,,,,,,,,,,,,,,,,,,,,,,,5.00,,,,,,,false,false,12,2019-04-01,2020-03-31,0
2020-01-31,79230,2020-03-31,3,,,,,,,,,,,,,,,,,,,,,,,,,,,,,15.00,,,,,,,false,true,12,2019-04-01,2020-03-31,0
2020-01-31,79230,2020-03-31,3,,,,,,,,,,,,,,,,,,,,,,,,,,,,,,,,,6377500,1344253,5033247,false,false,9,2019-04-01,2019-12-31,0
2020-01-31,79230,2019-03-31,3,,,,,,,,,,,,,,,,,,,,,,,,,,,,,,,,,,,5033247,false,false,9,2018-04-01,2018-12-31,-1
2020-04-30,79230,2020-03-31,,11819000000,-0.023,,,,,23000000,-0.605,11000000,-0.773,,75000000,,14.91,,,,,,,,,,,,,,,,,,,,,,true,true,12,2019-04-01,2020-03-31,0
2020-04-30,79230,2019-03-31,,12379000000,,,,,,332000000,,356000000,,,262000000,,52.09,,,,,,,,,,,,,,,,,,,,,,true,false,12,2018-04-01,2019-03-31,-1
2020-04-30,79230,2020-03-31,,,,,,,,,,,,,,,,,,,,,,,,,,,,,,12.50,,,,,,,false,true,12,2019-04-01,2020-03-31,0
2020-04-30,79230,2020-03-31,,,,,,,,,,,,,,,,,,,,,,,,,,,,,,5.00,,,,,,,false,false,12,2019-04-01,2020-03-31,0
2020-04-30,79230,2019-03-31,,,,,,,,,,,,,,,,,,,,,,,,,,,,,,17.50,,,,,,,false,false,12,2018-04-01,2019-03-31,-1
2020-05-15,79230,2020-03-31,,11819000000,-0.045,,,,,23000000,-0.929,11000000,-0.968,,75000000,,15.06,,0.008,0.001,0.002,,17891000000,9012000000,0.501,1780.64,8962000000,742000000,-1020000000,-256000000,2256000000,,0.830,,,,,,true,false,12,2019-04-01,2020-03-31,0
2020-05-15,79230,2019-03-31,,12379000000,0.018,,,,,332000000,-0.182,356000000,-0.168,,262000000,,52.09,,0.028,0.019,0.027,,19091000000,9370000000,0.488,1851.90,9321000000,857000000,-1030000000,726000000,2779000000,,0.336,,,,,,true,false,12,2018-04-01,2019-03-31,-1
2020-05-15,79230,2021-03-31,,12000000000,0.015,,,,,30000000,0.264,30000000,1.635,,0,,0.00,,,,,,,,,,,,,,,,,,,,,,true,true,12,2020-04-01,2021-03-31,1
2020-05-15,79230,2020-03-31,,11018000000,-0.054,,,,,-55000000,,-43000000,,19000000,,-0.927,3.82,,,,,,17825000000,9272000000,0.520,1842.29,9272000000,,,,,12.50,,,,6377500,1344253,5033247,false,false,12,2019-04-01,2020-03-31,0
2020-05-15,79230,2019-03-31,,11643000000,0.007,,,,,327000000,-0.239,349000000,-0.201,264000000,,0.113,52.49,,,,,,19097000000,9669000000,0.506,1921.18,9669000000,,,,,17.50,,,,6377500,1344253,5033247,false,false,12,2018-04-01,2019-03-31,-1
2020-05-15,79230,2021-03-31,,,,,,,,,,,,,,,,,,,,,,,,,,,,,,10.00,,,,,,,false,true,12,2020-04-01,2021-03-31,1
2020-07-31,79230,2021-03-31,1,2865000000,-0.023,,,,,48000000,,42000000,,,16000000,,3.32,,,,,,18118000000,9007000000,0.495,1780.69,8962000000,,,,,,,,,,,,true,false,3,2020-04-01,2020-06-30,0
2020-07-31,79230,2020-03-31,1,2933000000,-0.055,,,,,-9000000,,1000000,-0.989,,-28000000,,-5.57,,,,,,,,,,,,,,,,,,,,,,true,false,3,2019-04-01,2019-06-30,-1
2020-07-31,79230,2021-03-31,1,12000000000,0.015,,,,,30000000,0.264,30000000,1.635,,0,,0.00,,,,,,,,,,,,,,,,,,,,,,true,true,12,2020-04-01,2021-03-31,0
2020-07-31,79230,2020-03-31,1,,,,,,,,,,,,,,,,,,,,17891000000,9012000000,0.501,1780.64,8962000000,,,,,,,,,,,,true,false,12,2019-04-01,2020-03-31,-1
2020-07-31,79230,2020-03-31,1,,,,,,,,,,,,,,,,,,,,,,,,,,,,,12.50,,,,6377500,1344253,,false,false,12,2019-04-01,2020-03-31,-1
2020-07-31,79230,2021-03-31,1,,,,,,,,,,,,,,,,,,,,,,,,,,,,,10.00,,,,,,,false,true,12,2020-04-01,2021-03-31,0
2020-07-31,79230,2021-03-31,1,,,,,,,,,,,,,,,,,,,,,,,,,,,,,,,,,6377500,1344253,5033247,false,false,3,2020-04-01,2020-06-30,0
2020-07-31,79230,2020-03-31,1,,,,,,,,,,,,,,,,,,,,,,,,,,,,,,,,,,,5033247,false,false,3,2019-04-01,2019-06-30,-1
2020-10-30,79230,2021-03-31,2,5803000000,-0.036,,,,,95000000,3.850,75000000,5.986,,45000000,,9.05,,,,,,18228000000,9178000000,0.501,1814.43,9132000000,,,,,,,,,,,,true,false,6,2020-04-01,2020-09-30,0
2020-10-30,79230,2020-03-31,2,6020000000,-0.033,,,,,19000000,-0.918,10000000,-0.959,,-5000000,,-1.09,,,,,,,,,,,,,,,,,,,,,,true,false,6,2019-04-01,2019-09-30,-1
2020-10-30,79230,2021-03-31,2,11400000000,-0.035,,,,,30000000,0.264,30000000,1.635,,0,,0.00,,,,,,,,,,,,,,,,,,,,,,true,true,12,2020-04-01,2021-03-31,0
2020-10-30,79230,2020-03-31,2,,,,,,,,,,,,,,,,,,,,17891000000,9012000000,0.501,1780.64,8962000000,,,,,,,,,,,,true,false,12,2019-04-01,2020-03-31,-1
2020-10-30,79230,2020-03-31,2,,,,,,,,,,,,,,,,,,,,,,,,,,,,,12.50,,,,6377500,1344253,,false,false,12,2019-04-01,2020-03-31,-1
2020-10-30,79230,2021-03-31,2,,,,,,,,,,,,,,,,,,,,,,,,,,,,,5.00,,,,,,,false,false,12,2020-04-01,2021-03-31,0
2020-10-30,79230,2021-03-31,2,,,,,,,,,,,,,,,,,,,,,,,,,,,,,10.00,,,,,,,false,true,12,2020-04-01,2021-03-31,0
2020-10-30,79230,2021-03-31,2,,,,,,,,,,,,,,,,,,,,,,,,,,,,,,,,,6377500,1344253,5033247,false,false,6,2020-04-01,2020-09-30,0
2020-10-30,79230,2020-03-31,2,,,,,,,,,,,,,,,,,,,,,,,,,,,,,,,,,,,5033247,false,false,6,2019-04-01,2019-09-30,-1
2021-01-29,79230,2021-03-31,3,8495000000,-0.050,,,,,40000000,2.293,-2000000,,,99000000,,19.72,,,,,,18303000000,9216000000,0.501,1822.53,9173000000,,,,,,,,,,,,true,false,9,2020-04-01,2020-12-31,0
2021-01-29,79230,2020-03-31,3,8939000000,-0.052,,,,,12000000,-0.967,8000000,-0.980,,-22000000,,-4.41,,,,,,,,,,,,,,,,,,,,,,true,false,9,2019-04-01,2019-12-31,-1
2021-01-29,79230,2021-03-31,3,11000000000,-0.069,,,,,-100000000,,-160000000,,,10000000,,1.99,,,,,,,,,,,,,,,,,,,,,,true,true,12,2020-04-01,2021-03-31,0
2021-01-29,79230,2020-03-31,3,,,,,,,,,,,,,,,,,,,,17891000000,9012000000,0.501,1780.64,8962000000,,,,,,,,,,,,true,false,12,2019-04-01,2020-03-31,-1
2021-01-29,79230,2020-03-31,3,,,,,,,,,,,,,,,,,,,,,,,,,,,,,12.50,,,,6377500,1344253,,false,false,12,2019-04-01,2020-03-31,-1
2021-01-29,79230,2021-03-31,3,,,,,,,,,,,,,,,,,,,,,,,,,,,,,5.00,,,,,,,false,false,12,2020-04-01,2021-03-31,0
2021-01-29,79230,2021-03-31,3,,,,,,,,,,,,,,,,,,,,,,,,,,,,,10.00,,,,,,,false,true,12,2020-04-01,2021-03-31,0
2021-01-29,79230,2021-03-31,3,,,,,,,,,,,,,,,,,,,,,,,,,,,,,,,,,6377500,1344253,5033247,false,false,9,2020-04-01,2020-12-31,0
2021-01-29,79230,2020-03-31,3,,,,,,,,,,,,,,,,,,,,,,,,,,,,,,,,,,,5033247,false,false,9,2019-04-01,2019-12-31,-1
2021-04-30,79230,2021-03-31,,11245000000,0.022,,,,,5000000,,-72000000,,,113000000,,22.53,,,,,,,,,,,,,,,,,,,,,,true,true,12,2020-04-01,2021-03-31,0
2021-04-30,79230,2020-03-31,,11819000000,,,,,,23000000,,11000000,,,75000000,,15.06,,,,,,,,,,,,,,,,,,,,,,true,false,12,2019-04-01,2020-03-31,-1
2021-05-14,79230,2021-03-31,,11245000000,-0.049,,,,,5000000,-0.748,-72000000,,,118000000,,23.56,,0.013,-0.004,0.001,,18099000000,9274000000,0.510,1833.96,9230000000,829000000,-770000000,-41000000,2254000000,,0.424,,,,,,true,false,12,2020-04-01,2021-03-31,0
2021-05-14,79230,2020-03-31,,11819000000,-0.045,,,,,23000000,-0.929,11000000,-0.968,,75000000,,15.06,,0.008,0.001,0.002,,17891000000,9012000000,0.501,1780.64,8962000000,742000000,-1020000000,-256000000,2256000000,,0.830,,,,,,true,false,12,2019-04-01,2020-03-31,-1
2021-05-14,79230,2022-03-31,,11600000000,0.032,,,,,100000000,,60000000,,,10000000,,1.99,,,,,,,,,,,,,,,,7.550,,,,,,true,true,12,2021-04-01,2022-03-31,1
2021-05-14,79230,2021-03-31,,10559000000,-0.042,,,,,-33000000,,-32000000,,146000000,,6.610,29.09,,,,,,18142000000,9496000000,0.523,1886.69,9496000000,,,,,10.00,,,,6377500,1344253,5033247,false,false,12,2020-04-01,2021-03-31,0
2021-05-14,79230,2020-03-31,,11018000000,-0.054,,,,,-55000000,,-43000000,,19000000,,-0.927,3.82,,,,,,17825000000,9272000000,0.520,1842.29,9272000000,,,,,12.50,,,,6377500,1344253,5033247,false,false,12,2019-04-01,2020-03-31,-1
2021-05-14,79230,2022-03-31,,,,,,,,,,,,,,,,,,,,,,,,,,,,,,15.00,,,,,,,false,true,12,2021-04-01,2022-03-31,1
2021-07-30,79230,2022-03-31,1,2789000000,-0.027,,,,,-15000000,,7000000,-0.824,,-17000000,,-3.48,,,,,,18594000000,9297000000,0.498,1838.32,9252000000,,,,,,,,,,,,true,false,3,2021-04-01,2021-06-30,0
2021-07-30,79230,2021-03-31,1,2865000000,-0.023,,,,,48000000,,42000000,,,16000000,,3.32,,,,,,,,,,,,,,,,,,,,,,true,false,3,2020-04-01,2020-06-30,-1
2021-07-30,79230,2022-03-31,1,11600000000,0.032,,,,,100000000,,60000000,,,10000000,,1.99,,,,,,,,,,,,,,,,,,,,,,true,true,12,2021-04-01,2022-03-31,0
2021-07-30,79230,2021-03-31,1,,,,,,,,,,,,,,,,,,,,18099000000,9274000000,0.510,1833.96,9230000000,,,,,,,,,,,,true,false,12,2020-04-01,2021-03-31,-1
2021-07-30,79230,2021-03-31,1,,,,,,,,,,,,,,,,,,,,,,,,,,,,,10.00,,,,6377500,1344253,,false,false,12,2020-04-01,2021-03-31,-1
2021-07-30,79230,2022-03-31,1,,,,,,,,,,,,,,,,,,,,,,,,,,,,,15.00,,,,,,,false,true,12,2021-04-01,2022-03-31,0
2021-07-30,79230,2022-03-31,1,,,,,,,,,,,,,,,,,,,,,,,,,,,,,,,,,6377500,1344253,5033247,false,false,3,2021-04-01,2021-06-30,0
2021-07-30,79230,2021-03-31,1,,,,,,,,,,,,,,,,,,,,,,,,,,,,,,,,,,,5033247,false,false,3,2020-04-01,2020-06-30,-1
2021-10-29,79230,2022-03-31,2,5713000000,-0.015,,,,,27000000,-0.715,59000000,-0.213,,34000000,,6.84,,,,,,18182000000,9404000000,0.515,1859.90,9361000000,,,,,,,,,,,,true,false,6,2021-04-01,2021-09-30,0
2021-10-29,79230,2021-03-31,2,5803000000,-0.036,,,,,95000000,3.850,75000000,5.986,,45000000,,9.05,,,,,,,,,,,,,,,,,,,,,,true,false,6,2020-04-01,2020-09-30,-1
2021-10-29,79230,2022-03-31,2,11600000000,0.032,,,,,100000000,,60000000,,,10000000,,1.99,,,,,,,,,,,,,,,,,,,,,,true,true,12,2021-04-01,2022-03-31,0
2021-10-29,79230,2021-03-31,2,,,,,,,,,,,,,,,,,,,,18099000000,9274000000,0.510,1833.96,9230000000,,,,,,,,,,,,true,false,12,2020-04-01,2021-03-31,-1
2021-10-29,79230,2021-03-31,2,,,,,,,,,,,,,,,,,,,,,,,,,,,,,10.00,,,,6377500,1344253,,false,false,12,2020-04-01,2021-03-31,-1
2021-10-29,79230,2022-03-31,2,,,,,,,,,,,,,,,,,,,,,,,,,,,,,5.00,,,,,,,false,false,12,2021-04-01,2022-03-31,0
2021-10-29,79230,2022-03-31,2,,,,,,,,,,,,,,,,,,,,,,,,,,,,,15.00,,,,,,,false,true,12,2021-04-01,2022-03-31,0
2021-10-29,79230,2022-03-31,2,,,,,,,,,,,,,,,,,,,,,,,,,,,,,,,,,6377500,1344253,5033247,false,false,6,2021-04-01,2021-09-30,0
2021-10-29,79230,2021-03-31,2,,,,,,,,,,,,,,,,,,,,,,,,,,,,,,,,,,,5033247,false,false,6,2020-04-01,2020-09-30,-1
2022-01-31,79230,2022-03-31,3,8541000000,0.005,,,,,-12000000,,23000000,,,-10000000,,-2.01,,,,,,18050000000,9221000000,0.509,1823.98,9180000000,,,,,,,,,,,,true,false,9,2021-04-01,2021-12-31,0
2022-01-31,79230,2021-03-31,3,8495000000,-0.050,,,,,40000000,2.293,-2000000,,,99000000,,19.72,,,,,,,,,,,,,,,,,,,,,,true,false,9,2020-04-01,2020-12-31,-1
2022-01-31,79230,2022-03-31,3,11400000000,0.014,,,,,-50000000,,-10000000,,,-40000000,,-7.95,,,,,,,,,,,,,,,,,,,,,,true,true,12,2021-04-01,2022-03-31,0
2022-01-31,79230,2021-03-31,3,,,,,,,,,,,,,,,,,,,,18099000000,9274000000,0.510,1833.96,9230000000,,,,,,,,,,,,true,false,12,2020-04-01,2021-03-31,-1
2022-01-31,79230,2021-03-31,3,,,,,,,,,,,,,,,,,,,,,,,,,,,,,10.00,,,,6377500,1344253,,false,false,12,2020-04-01,2021-03-31,-1
2022-01-31,79230,2022-03-31,3,,,,,,,,,,,,,,,,,,,,,,,,,,,,,5.00,,,,,,,false,false,12,2021-04-01,2022-03-31,0
2022-01-31,79230,2022-03-31,3,,,,,,,,,,,,,,,,,,,,,,,,,,,,,15.00,,,,,,,false,true,12,2021-04-01,2022-03-31,0
2022-01-31,79230,2022-03-31,3,,,,,,,,,,,,,,,,,,,,,,,,,,,,,,,,,6377500,1344253,5033247,false,false,9,2021-04-01,2021-12-31,0
2022-01-31,79230,2021-03-31,3,,,,,,,,,,,,,,,,,,,,,,,,,,,,,,,,,,,5033247,false,false,9,2020-04-01,2020-12-31,-1
2022-04-28,79230,2022-03-31,,11518000000,0.010,,,,,-97000000,,-57000000,,,-62000000,,-12.50,,,,,,,,,,,,,,,,,,,,,,true,true,12,2021-04-01,2022-03-31,0
2022-04-28,79230,2021-03-31,,11245000000,,,,,,5000000,,-72000000,,,118000000,,23.56,,,,,,,,,,,,,,,,,,,,,,true,false,12,2020-04-01,2021-03-31,-1
2022-04-28,79230,2022-03-31,,,,,,,,,,,,,,,,,,,,,,,,,,,,,,12.50,,,,,,,false,true,12,2021-04-01,2022-03-31,0
2022-04-28,79230,2022-03-31,,,,,,,,,,,,,,,,,,,,,,,,,,,,,,5.00,,,,,,,false,false,12,2021-04-01,2022-03-31,0
2022-04-28,79230,2021-03-31,,,,,,,,,,,,,,,,,,,,,,,,,,,,,,10.00,,,,,,,false,false,12,2020-04-01,2021-03-31,-1
2022-05-13,79230,2022-03-31,,11518000000,0.024,,,,,-97000000,,-57000000,,,-62000000,,-12.50,,-0.007,-0.003,-0.008,,17900000000,9209000000,0.512,1821.62,9168000000,852000000,-590000000,-222000000,2318000000,,,,,,,,true,false,12,2021-04-01,2022-03-31,0
2022-05-13,79230,2021-03-31,,11245000000,-0.049,,,,,5000000,-0.748,-72000000,,,118000000,,23.56,,0.013,-0.004,0.001,,18099000000,9274000000,0.510,1833.96,9230000000,829000000,-770000000,-41000000,2254000000,,0.424,,,,,,true,false,12,2020-04-01,2021-03-31,-1
2022-05-13,79230,2023-03-31,,12400000000,0.077,,,,,70000000,,70000000,,,10000000,,1.99,,,,,,,,,,,,,,,,7.550,,,,,,true,true,12,2022-04-01,2023-03-31,1
2022-05-13,79230,2022-03-31,,10792000000,0.022,,,,,-60000000,,-57000000,,-66000000,,,-13.31,,,,,,17832000000,9322000000,0.523,1852.09,9322000000,,,,,12.50,,,,6377500,1344253,5033247,false,false,12,2021-04-01,2022-03-31,0
2022-05-13,79230,2021-03-31,,10559000000,-0.042,,,,,-33000000,,-32000000,,146000000,,6.610,29.09,,,,,,18142000000,9496000000,0.523,1886.69,9496000000,,,,,10.00,,,,6377500,1344253,5033247,false,false,12,2020-04-01,2021-03-31,-1
2022-05-13,79230,2023-03-31,,,,,,,,,,,,,,,,,,,,,,,,,,,,,,15.00,,,,,,,false,true,12,2022-04-01,2023-03-31,1
2022-07-29,79230,2023-03-31,1,3120000000,0.119,,,,,1000000,,34000000,3.563,,1000000,,0.23,,,,,,18067000000,9249000000,0.510,1829.11,9206000000,,,,,,,,,,,,true,false,3,2022-04-01,2022-06-30,0
2022-07-29,79230,2022-03-31,1,2789000000,-0.027,,,,,-15000000,,7000000,-0.824,,-17000000,,-3.48,,,,,,,,,,,,,,,,,,,,,,true,false,3,2021-04-01,2021-06-30,-1
2022-07-29,79230,2023-03-31,1,12400000000,0.077,,,,,70000000,,70000000,,,10000000,,1.99,,,,,,,,,,,,,,,,,,,,,,true,true,12,2022-04-01,2023-03-31,0
2022-07-29,79230,2022-03-31,1,,,,,,,,,,,,,,,,,,,,17900000000,9209000000,0.512,1821.62,9168000000,,,,,,,,,,,,true,false,12,2021-04-01,2022-03-31,-1
2022-07-29,79230,2022-03-31,1,,,,,,,,,,,,,,,,,,,,,,,,,,,,,12.50,,,,6377500,1344253,,false,false,12,2021-04-01,2022-03-31,-1
2022-07-29,79230,2023-03-31,1,,,,,,,,,,,,,,,,,,,,,,,,,,,,,15.00,,,,,,,false,true,12,2022-04-01,2023-03-31,0
2022-07-29,79230,2023-03-31,1,,,,,,,,,,,,,,,,,,,,,,,,,,,,,,,,,6377500,1344253,5033247,false,false,3,2022-04-01,2022-06-30,0
2022-07-29,79230,2022-03-31,1,,,,,,,,,,,,,,,,,,,,,,,,,,,,,,,,,,,5033247,false,false,3,2021-04-01,2021-06-30,-1
2022-10-31,79230,2023-03-31,2,6401000000,0.120,,,,,92000000,2.409,155000000,1.609,,86000000,,17.12,,,,,,18364000000,9393000000,0.509,1857.28,9348000000,,,,,,,,,,,,true,false,6,2022-04-01,2022-09-30,0
2022-10-31,79230,2022-03-31,2,5713000000,-0.015,,,,,27000000,-0.715,59000000,-0.213,,34000000,,6.84,,,,,,,,,,,,,,,,,,,,,,true,false,6,2021-04-01,2021-09-30,-1
2022-10-31,79230,2023-03-31,2,12400000000,0.077,,,,,70000000,,70000000,,,10000000,,1.99,,,,,,,,,,,,,,,,,,,,,,true,true,12,2022-04-01,2023-03-31,0
2022-10-31,79230,2022-03-31,2,,,,,,,,,,,,,,,,,,,,17900000000,9209000000,0.512,1821.62,9168000000,,,,,,,,,,,,true,false,12,2021-04-01,2022-03-31,-1
2022-10-31,79230,2022-03-31,2,,,,,,,,,,,,,,,,,,,,,,,,,,,,,12.50,,,,6377500,1344253,,false,false,12,2021-04-01,2022-03-31,-1
2022-10-31,79230,2023-03-31,2,,,,,,,,,,,,,,,,,,,,,,,,,,,,,5.00,,,,,,,false,false,12,2022-04-01,2023-03-31,0
2022-10-31,79230,2023-03-31,2,,,,,,,,,,,,,,,,,,,,,,,,,,,,,15.00,,,,,,,false,true,12,2022-04-01,2023-03-31,0
2022-10-31,79230,2023-03-31,2,,,,,,,,,,,,,,,,,,,,,,,,,,,,,,,,,6377500,1344253,5033247,false,false,6,2022-04-01,2022-09-30,0
2022-10-31,79230,2022-03-31,2,,,,,,,,,,,,,,,,,,,,,,,,,,,,,,,,,,,5033247,false,false,6,2021-04-01,2021-09-30,-1
2023-01-31,79230,2023-03-31,3,9570000000,0.121,,,,,35000000,,108000000,3.553,,81000000,,16.13,,,,,,18226000000,9425000000,0.515,1863.97,9381000000,,,,,,,,,,,,true,false,9,2022-04-01,2022-12-31,0
2023-01-31,79230,2022-03-31,3,8541000000,0.005,,,,,-12000000,,23000000,,,-10000000,,-2.01,,,,,,,,,,,,,,,,,,,,,,true,false,9,2021-04-01,2021-12-31,-1
2023-01-31,79230,2023-03-31,3,12400000000,0.077,,,,,70000000,,70000000,,,10000000,,1.99,,,,,,,,,,,,,,,,,,,,,,true,true,12,2022-04-01,2023-03-31,0
2023-01-31,79230,2022-03-31,3,,,,,,,,,,,,,,,,,,,,17900000000,9209000000,0.512,1821.62,9168000000,,,,,,,,,,,,true,false,12,2021-04-01,2022-03-31,-1
2023-01-31,79230,2022-03-31,3,,,,,,,,,,,,,,,,,,,,,,,,,,,,,12.50,,,,6377500,1344253,,false,false,12,2021-04-01,2022-03-31,-1
2023-01-31,79230,2023-03-31,3,,,,,,,,,,,,,,,,,,,,,,,,,,,,,5.00,,,,,,,false,false,12,2022-04-01,2023-03-31,0
2023-01-31,79230,2023-03-31,3,,,,,,,,,,,,,,,,,,,,,,,,,,,,,15.00,,,,,,,false,true,12,2022-04-01,2023-03-31,0
2023-01-31,79230,2023-03-31,3,,,,,,,,,,,,,,,,,,,,,,,,,,,,,,,,,6377500,1344253,5033247,false,false,9,2022-04-01,2022-12-31,0
2023-01-31,79230,2022-03-31,3,,,,,,,,,,,,,,,,,,,,,,,,,,,,,,,,,,,5033247,false,false,9,2021-04-01,2021-12-31,-1
2023-04-28,79230,2023-03-31,,12697000000,0.024,,,,,16000000,-0.771,82000000,0.171,,49000000,,9.74,,,,,,,,,,,,,,,,,,,,,,true,true,12,2022-04-01,2023-03-31,0
2023-04-28,79230,2022-03-31,,11518000000,,,,,,-97000000,,-57000000,,,-62000000,,-12.50,,,,,,,,,,,,,,,,,,,,,,true,false,12,2021-04-01,2022-03-31,-1
2023-05-12,79230,2023-03-31,,12697000000,0.102,,,,,16000000,,82000000,,,49000000,,9.91,,0.005,0.005,0.001,,18125000000,9251000000,0.508,1829.40,9207000000,1107000000,-696000000,-677000000,2081000000,,1.513,,,,,,true,false,12,2022-04-01,2023-03-31,0
2023-05-12,79230,2022-03-31,,11518000000,0.024,,,,,-97000000,,-57000000,,,-62000000,,-12.50,,-0.007,-0.003,-0.008,,17900000000,9209000000,0.512,1821.62,9168000000,852000000,-590000000,-222000000,2318000000,,,,,,,,true,false,12,2021-04-01,2022-03-31,-1
2023-05-12,79230,2024-03-31,,13100000000,0.032,,,,,100000000,4.947,100000000,0.216,,40000000,,7.95,,,,,,,,,,,,,,,,1.887,,,,,,true,true,12,2023-04-01,2024-03-31,1
2023-05-12,79230,2023-03-31,,11808000000,0.094,,,,,31000000,,71000000,,39000000,,,7.80,,,,,,17905000000,9259000000,0.517,1839.62,9259000000,,,,,15.00,,,,6377500,1344253,5033247,false,false,12,2022-04-01,2023-03-31,0
2023-05-12,79230,2022-03-31,,10792000000,0.022,,,,,-60000000,,-57000000,,-66000000,,,-13.31,,,,,,17832000000,9322000000,0.523,1852.09,9322000000,,,,,12.50,,,,6377500,1344253,5033247,false,false,12,2021-04-01,2022-03-31,-1
2023-05-12,79230,2024-03-31,,,,,,,,,,,,,,,,,,,,,,,,,,,,,,15.00,,,,,,,false,true,12,2023-04-01,2024-03-31,1
2023-07-31,79230,2024-03-31,1,3260000000,0.045,,,,,11000000,6.099,61000000,0.792,,4000000,,0.86,,,,,,18584000000,9417000000,0.504,1862.04,9372000000,,,,,,,,,,,,true,false,3,2023-04-01,2023-06-30,0
2023-07-31,79230,2023-03-31,1,3120000000,0.119,,,,,1000000,,34000000,3.563,,1000000,,0.23,,,,,,,,,,,,,,,,,,,,,,true,false,3,2022-04-01,2022-06-30,-1
2023-07-31,79230,2024-03-31,1,13100000000,0.032,,,,,100000000,4.947,100000000,0.216,,40000000,,7.95,,,,,,,,,,,,,,,,,,,,,,true,true,12,2023-04-01,2024-03-31,0
2023-07-31,79230,2023-03-31,1,,,,,,,,,,,,,,,,,,,,18125000000,9251000000,0.508,1829.40,9207000000,,,,,,,,,,,,true,false,12,2022-04-01,2023-03-31,-1
2023-07-31,79230,2023-03-31,1,,,,,,,,,,,,,,,,,,,,,,,,,,,,,15.00,,,,6377500,1344253,,false,false,12,2022-04-01,2023-03-31,-1
2023-07-31,79230,2024-03-31,1,,,,,,,,,,,,,,,,,,,,,,,,,,,,,15.00,,,,,,,false,true,12,2023-04-01,2024-03-31,0
2023-07-31,79230,2024-03-31,1,,,,,,,,,,,,,,,,,,,,,,,,,,,,,,,,,6377500,1344253,5033247,false,false,3,2023-04-01,2023-06-30,0
2023-07-31,79230,2023-03-31,1,,,,,,,,,,,,,,,,,,,,,,,,,,,,,,,,,,,5033247,false,false,3,2022-04-01,2022-06-30,-1
2023-10-31,79230,2024-03-31,2,6745000000,0.054,,,,,156000000,0.689,260000000,0.674,,206000000,,41.11,,,,,,19354000000,9682000000,0.498,1914.52,9636000000,,,,,,,,,,,,true,false,6,2023-04-01,2023-09-30,0
2023-10-31,79230,2023-03-31,2,6401000000,0.120,,,,,92000000,2.409,155000000,1.609,,86000000,,17.12,,,,,,,,,,,,,,,,,,,,,,true,false,6,2022-04-01,2022-09-30,-1
2023-10-31,79230,2024-03-31,2,13100000000,0.032,,,,,150000000,7.920,300000000,2.647,,250000000,,49.67,,,,,,,,,,,,,,,,,,,,,,true,true,12,2023-04-01,2024-03-31,0
2023-10-31,79230,2023-03-31,2,,,,,,,,,,,,,,,,,,,,18125000000,9251000000,0.508,1829.40,9207000000,,,,,,,,,,,,true,false,12,2022-04-01,2023-03-31,-1
2023-10-31,79230,2023-03-31,2,,,,,,,,,,,,,,,,,,,,,,,,,,,,,15.00,,,,6377500,1344253,,false,false,12,2022-04-01,2023-03-31,-1
2023-10-31,79230,2024-03-31,2,,,,,,,,,,,,,,,,,,,,,,,,,,,,,5.00,,,,,,,false,false,12,2023-04-01,2024-03-31,0
2023-10-31,79230,2024-03-31,2,,,,,,,,,,,,,,,,,,,,,,,,,,,,,15.00,,,,,,,false,true,12,2023-04-01,2024-03-31,0
2023-10-31,79230,2024-03-31,2,,,,,,,,,,,,,,,,,,,,,,,,,,,,,,,,,6377500,1344253,5033247,false,false,6,2023-04-01,2023-09-30,0
2023-10-31,79230,2023-03-31,2,,,,,,,,,,,,,,,,,,,,,,,,,,,,,,,,,,,5033247,false,false,6,2022-04-01,2022-09-30,-1
2024-01-31,79230,2024-03-31,3,10182000000,0.064,,,,,274000000,6.641,428000000,2.937,,333000000,,66.31,,,,,,18638000000,9677000000,0.517,1913.54,9631000000,,,,,,,,,,,,true,false,9,2023-04-01,2023-12-31,0
2024-01-31,79230,2023-03-31,3,9570000000,0.121,,,,,35000000,,108000000,3.553,,81000000,,16.13,,,,,,,,,,,,,,,,,,,,,,true,false,9,2022-04-01,2022-12-31,-1
2024-01-31,79230,2024-03-31,3,13400000000,0.055,,,,,300000000,,470000000,4.714,,520000000,,103.31,,,,,,,,,,,,,,,,,,,,,,true,true,12,2023-04-01,2024-03-31,0
2024-01-31,79230,2023-03-31,3,,,,,,,,,,,,,,,,,,,,18125000000,9251000000,0.508,1829.40,9207000000,,,,,,,,,,,,true,false,12,2022-04-01,2023-03-31,-1
2024-01-31,79230,2023-03-31,3,,,,,,,,,,,,,,,,,,,,,,,,,,,,,15.00,,,,6377500,1344253,,false,false,12,2022-04-01,2023-03-31,-1
2024-01-31,79230,2024-03-31,3,,,,,,,,,,,,,,,,,,,,,,,,,,,,,5.00,,,,,,,false,false,12,2023-04-01,2024-03-31,0
2024-01-31,79230,2024-03-31,3,,,,,,,,,,,,,,,,,,,,,,,,,,,,,17.50,,,,,,,false,true,12,2023-04-01,2024-03-31,0
2024-01-31,79230,2024-03-31,3,,,,,,,,,,,,,,,,,,,,,,,,,,,,,,,,,6377500,1344253,5033247,false,false,9,2023-04-01,2023-12-31,0
2024-01-31,79230,2023-03-31,3,,,,,,,,,,,,,,,,,,,,,,,,,,,,,,,,,,,5033247,false,false,9,2022-04-01,2022-12-31,-1
2024-04-30,79230,2024-03-31,,13507000000,0.008,,,,,411000000,0.371,580000000,0.235,,487000000,,96.94,,,,,,,,,,,,,,,,,,,,,,true,true,12,2023-04-01,2024-03-31,0
2024-04-30,79230,2023-03-31,,12697000000,,,,,,16000000,,82000000,,,49000000,,9.91,,,,,,,,,,,,,,,,,,,,,,true,false,12,2022-04-01,2023-03-31,-1
2024-05-15,79230,2024-03-31,,13507000000,0.064,,,,,411000000,,580000000,6.056,,487000000,,96.94,,0.051,0.031,0.030,,19336000000,10010000000,0.515,1979.47,9963000000,546000000,-1750000000,894000000,1797000000,,0.181,,,,,,true,false,12,2023-04-01,2024-03-31,0
2024-05-15,79230,2023-03-31,,12697000000,0.102,,,,,16000000,,82000000,,,49000000,,9.91,,0.005,0.005,0.001,,18125000000,9251000000,0.508,1829.40,9207000000,1107000000,-696000000,-677000000,2081000000,,1.513,,,,,,true,false,12,2022-04-01,2023-03-31,-1
2024-05-15,79230,2025-03-31,,14000000000,0.036,,,,,420000000,0.021,440000000,-0.242,,300000000,,59.60,,,,,,,,,,,,,,,,0.252,,,,,,true,true,12,2024-04-01,2025-03-31,1
2024-05-15,79230,2024-03-31,,12482000000,0.057,,,,,387000000,,412000000,4.740,332000000,,7.483,66.13,,,,,,18850000000,9517000000,0.505,1890.95,9517000000,,,,,17.50,,,,6377500,1344253,5033247,false,false,12,2023-04-01,2024-03-31,0
2024-05-15,79230,2023-03-31,,11808000000,0.094,,,,,31000000,,71000000,,39000000,,,7.80,,,,,,17905000000,9259000000,0.517,1839.62,9259000000,,,,,15.00,,,,6377500,1344253,5033247,false,false,12,2022-04-01,2023-03-31,-1
2024-05-15,79230,2025-03-31,,,,,,,,,,,,,,,,,,,,,,,,,,,,,,15.00,,,,,,,false,true,12,2024-04-01,2025-03-31,1
2024-08-09,79230,2025-03-31,1,3598000000,0.104,,,,,217000000,,250000000,3.109,,196000000,,39.02,,,,,,19965000000,10271000000,0.512,2031.08,10222000000,,,,,,,,,,,,true,false,3,2024-04-01,2024-06-30,0
2024-08-09,79230,2024-03-31,1,3260000000,0.045,,,,,11000000,6.099,61000000,0.792,,4000000,,0.86,,,,,,,,,,,,,,,,,,,,,,true,false,3,2023-04-01,2023-06-30,-1
2024-08-09,79230,2025-03-31,1,14000000000,0.036,,,,,420000000,0.021,440000000,-0.242,,300000000,,59.60,,,,,,,,,,,,,,,,,,,,,,true,true,12,2024-04-01,2025-03-31,0
2024-08-09,79230,2024-03-31,1,,,,,,,,,,,,,,,,,,,,19336000000,10010000000,0.515,1979.47,9963000000,,,,,,,,,,,,true,false,12,2023-04-01,2024-03-31,-1
2024-08-09,79230,2024-03-31,1,,,,,,,,,,,,,,,,,,,,,,,,,,,,,17.50,,,,6377500,1344253,,false,false,12,2023-04-01,2024-03-31,-1
2024-08-09,79230,2025-03-31,1,,,,,,,,,,,,,,,,,,,,,,,,,,,,,15.00,,,,,,,false,true,12,2024-04-01,2025-03-31,0
2024-08-09,79230,2025-03-31,1,,,,,,,,,,,,,,,,,,,,,,,,,,,,,,,,,6377500,1344253,5033247,false,false,3,2024-04-01,2024-06-30,0
2024-08-09,79230,2024-03-31,1,,,,,,,,,,,,,,,,,,,,,,,,,,,,,,,,,,,5033247,false,false,3,2023-04-01,2023-06-30,-1
2024-11-14,79230,2025-03-31,2,7269000000,0.078,,,,,459000000,1.934,503000000,0.934,,289000000,,57.52,,,,,,19843000000,10460000000,0.525,2068.16,10409000000,,,,,,,,,,,,true,false,6,2024-04-01,2024-09-30,0
2024-11-14,79230,2024-03-31,2,6745000000,0.054,,,,,156000000,0.689,260000000,0.674,,206000000,,41.11,,,,,,,,,,,,,,,,,,,,,,true,false,6,2023-04-01,2023-09-30,-1
2024-11-14,79230,2025-03-31,2,14000000000,0.036,,,,,600000000,0.459,630000000,0.085,,370000000,,73.51,,,,,,,,,,,,,,,,,,,,,,true,true,12,2024-04-01,2025-03-31,0
2024-11-14,79230,2024-03-31,2,,,,,,,,,,,,,,,,,,,,19336000000,10010000000,0.515,1979.47,9963000000,,,,,,,,,,,,true,false,12,2023-04-01,2024-03-31,-1
2024-11-14,79230,2024-03-31,2,,,,,,,,,,,,,,,,,,,,,,,,,,,,,17.50,,,,6377500,1344253,,false,false,12,2023-04-01,2024-03-31,-1
2024-11-14,79230,2025-03-31,2,,,,,,,,,,,,,,,,,,,,,,,,,,,,,5.00,,,,,,,false,false,12,2024-04-01,2025-03-31,0
2024-11-14,79230,2025-03-31,2,,,,,,,,,,,,,,,,,,,,,,,,,,,,,15.00,,,,,,,false,true,12,2024-04-01,2025-03-31,0
2024-11-14,79230,2025-03-31,2,,,,,,,,,,,,,,,,,,,,,,,,,,,,,,,,,6377500,1344253,5033247,false,false,6,2024-04-01,2024-09-30,0
2024-11-14,79230,2024-03-31,2,,,,,,,,,,,,,,,,,,,,,,,,,,,,,,,,,,,5033247,false,false,6,2023-04-01,2023-09-30,-1
2025-02-14,79230,2025-03-31,3,10836000000,0.064,,,,,686000000,1.501,743000000,0.736,,454000000,,90.20,,,,,,19842000000,10555000000,0.529,2086.45,10501000000,,,,,,,,,,,,true,false,9,2024-04-01,2024-12-31,0
2025-02-14,79230,2024-03-31,3,10182000000,0.064,,,,,274000000,6.641,428000000,2.937,,333000000,,66.31,,,,,,,,,,,,,,,,,,,,,,true,false,9,2023-04-01,2023-12-31,-1
2025-02-14,79230,2025-03-31,3,14300000000,0.059,,,,,800000000,0.945,860000000,0.482,,520000000,,103.31,,,,,,,,,,,,,,,,,,,,,,true,true,12,2024-04-01,2025-03-31,0
2025-02-14,79230,2024-03-31,3,,,,,,,,,,,,,,,,,,,,19336000000,10010000000,0.515,1979.47,9963000000,,,,,,,,,,,,true,false,12,2023-04-01,2024-03-31,-1
2025-02-14,79230,2024-03-31,3,,,,,,,,,,,,,,,,,,,,,,,,,,,,,17.50,,,,6377500,1344253,,false,false,12,2023-04-01,2024-03-31,-1
2025-02-14,79230,2025-03-31,3,,,,,,,,,,,,,,,,,,,,,,,,,,,,,5.00,,,,,,,false,false,12,2024-04-01,2025-03-31,0
2025-02-14,79230,2025-03-31,3,,,,,,,,,,,,,,,,,,,,,,,,,,,,,22.50,,,,,,,false,true,12,2024-04-01,2025-03-31,0
2025-02-14,79230,2025-03-31,3,,,,,,,,,,,,,,,,,,,,,,,,,,,,,,,,,6377500,1344253,5033247,false,false,9,2024-04-01,2024-12-31,0
2025-02-14,79230,2024-03-31,3,,,,,,,,,,,,,,,,,,,,,,,,,,,,,,,,,,,5033247,false,false,9,2023-04-01,2023-12-31,-1
2025-05-15,79230,2025-03-31,,14582000000,0.080,,,,,891000000,1.167,929000000,0.602,,597000000,,118.74,,0.057,0.047,0.061,,20462000000,10979000000,0.534,2170.21,10923000000,1886000000,-630000000,-423000000,2667000000,,0.189,,,,,,true,false,12,2024-04-01,2025-03-31,0
2025-05-15,79230,2024-03-31,,13507000000,0.064,,,,,411000000,,580000000,6.056,,487000000,,96.94,,0.051,0.031,0.030,,19336000000,10010000000,0.515,1979.47,9963000000,546000000,-1750000000,894000000,1797000000,,0.181,,,,,,true,false,12,2023-04-01,2024-03-31,-1
2025-05-15,79230,2026-03-31,,15200000000,0.042,,,,,900000000,0.010,910000000,-0.021,,640000000,,127.15,,,,,,,,,,,,,,,,0.138,,,,,,true,true,12,2025-04-01,2026-03-31,1
2025-05-15,79230,2025-03-31,,13337000000,0.068,,,,,761000000,0.964,763000000,0.849,468000000,,0.408,93.09,,,,,,19629000000,10293000000,0.524,2045.11,10293000000,,,,,22.50,,,,6377500,1344253,5033247,false,false,12,2024-04-01,2025-03-31,0
2025-05-15,79230,2024-03-31,,12482000000,0.057,,,,,387000000,,412000000,4.740,332000000,,7.483,66.13,,,,,,18850000000,9517000000,0.505,1890.95,9517000000,,,,,17.50,,,,6377500,1344253,5033247,false,false,12,2023-04-01,2024-03-31,-1
2025-05-15,79230,2026-03-31,,,,,,,,,,,,,,,,,,,,,,,,,,,,,,17.50,,,,,,,false,true,12,2025-04-01,2026-03-31,1
