filing_date,code,fiscal_year_end,quarterly_period,net_sales,net_sales_change,revenue,revenue_change,operating_revenue,operating_revenue_change,operating_profit,operating_profit_change,ordinary_profit,ordinary_profit_change,net_income,net_income_of_parent,net_income_change,eps,diluted_eps,roe,roa,operating_profit_to_net_sales,operating_profit_to_revenue,total_assets,net_assets,equity_ratio,bps,owner_equity,operating_cash_flow,investing_cash_flow,financing_cash_flow,cash,dividend_per_share,payout_ratio,commemorative_dividend,extra_dividend,number_of_shares,number_of_treqsury_shares,avg_number_of_shares,is_consolidated,is_forecast,duration,period_start,period_end,period_pos
2015-05-14,79250,2015-03-31,,22346000000,-0.044,,,,,1163000000,-0.279,1454000000,-0.280,925000000,,-0.188,61.05,,0.026,0.033,0.052,,44435000000,36327000000,0.818,2396.12,36327000000,2520000000,-1014000000,-424000000,10858000000,,0.450,,,,,,true,false,12,2014-04-01,2015-03-31,0
2015-05-14,79250,2014-03-31,,23368000000,0.101,,,,,1612000000,0.036,2020000000,0.121,1140000000,,0.019,75.21,,0.033,0.047,0.069,,43681000000,35345000000,0.809,2331.28,35345000000,1311000000,1371000000,-386000000,9775000000,,0.366,,,,,,true,false,12,2013-04-01,2014-03-31,-1
2015-05-14,79250,2016-03-31,,11500000000,0.054,,,,,660000000,0.009,760000000,-0.067,,460000000,,30.34,,,,,,,,,,,,,,,,,,,,,,true,true,6,2015-04-01,2015-09-30,1
2015-05-14,79250,2016-03-31,,23500000000,0.052,,,,,1130000000,-0.028,1300000000,-0.106,,780000000,,51.44,,,,,,,,,,,,,,,,0.583,,,,,,true,true,12,2015-04-01,2016-03-31,1
2015-05-14,79250,2015-03-31,,20121000000,-0.048,,,,,1007000000,-0.293,1298000000,-0.293,797000000,,-0.204,52.59,,,,,,43216000000,36497000000,0.845,2407.32,36497000000,,,,,27.50,,,,15732000,570929,15161127,false,false,12,2014-04-01,2015-03-31,0
2015-05-14,79250,2014-03-31,,21125000000,0.105,,,,,1425000000,-0.046,1836000000,0.056,1001000000,,-0.050,66.07,,,,,,42642000000,35631000000,0.836,2350.20,35631000000,,,,,27.50,,,,15732000,570769,15161294,false,false,12,2013-04-01,2014-03-31,-1
2015-05-14,79250,2016-03-31,,10400000000,0.051,,,,,,,750000000,-0.000,450000000,,0.107,29.68,,,,,,,,,,,,,,,,,,,,,,false,true,6,2015-04-01,2015-09-30,1
2015-05-14,79250,2016-03-31,,21100000000,0.049,,,,,,,1250000000,-0.037,750000000,,-0.059,49.46,,,,,,,,,,,,,,,30.00,,,,,,,false,true,12,2015-04-01,2016-03-31,1
2015-08-11,79250,2016-03-31,1,5440000000,0.029,,,,,247000000,-0.223,336000000,-0.204,,205000000,,13.56,,,,,,44955000000,36662000000,0.816,,36662000000,,,,,,,,,,,,true,false,3,2015-04-01,2015-06-30,0
2015-08-11,79250,2015-03-31,1,5287000000,-0.014,,,,,318000000,-0.213,422000000,-0.147,,250000000,,16.53,,,,,,,,,,,,,,,,,,,,,,true,false,3,2014-04-01,2014-06-30,-1
2015-08-11,79250,2016-03-31,1,11500000000,0.054,,,,,660000000,0.009,760000000,-0.067,,460000000,,30.34,,,,,,,,,,,,,,,,,,,,,,true,true,6,2015-04-01,2015-09-30,0
2015-08-11,79250,2016-03-31,1,23500000000,0.052,,,,,1130000000,-0.028,1300000000,-0.106,,780000000,,51.44,,,,,,,,,,,,,,,,,,,,,,true,true,12,2015-04-01,2016-03-31,0
2015-08-11,79250,2015-03-31,1,,,,,,,,,,,,,,,,,,,,44435000000,36327000000,0.818,,36327000000,,,,,,,,,,,,true,false,12,2014-04-01,2015-03-31,-1
2015-08-11,79250,2015-03-31,1,,,,,,,,,,,,,,,,,,,,,,,,,,,,,27.50,,,,15732000,570929,,false,false,12,2014-04-01,2015-03-31,-1
2015-08-11,79250,2016-03-31,1,,,,,,,,,,,,,,,,,,,,,,,,,,,,,30.00,,,,,,,false,true,12,2015-04-01,2016-03-31,0
2015-08-11,79250,2016-03-31,1,,,,,,,,,,,,,,,,,,,,,,,,,,,,,,,,,15732000,570929,15161071,false,false,3,2015-04-01,2015-06-30,0
2015-08-11,79250,2015-03-31,1,,,,,,,,,,,,,,,,,,,,,,,,,,,,,,,,,,,15161173,false,false,3,2014-04-01,2014-06-30,-1
2015-11-11,79250,2016-03-31,2,11099000000,0.017,,,,,592000000,-0.094,735000000,-0.097,,459000000,,30.28,,,,,,44378000000,36579000000,0.824,,36579000000,,,,,,,,,,,,true,false,6,2015-04-01,2015-09-30,0
2015-11-11,79250,2015-03-31,2,10911000000,-0.022,,,,,654000000,-0.251,814000000,-0.223,,451000000,,29.80,,,,,,,,,,,,,,,,,,,,,,true,false,6,2014-04-01,2014-09-30,-1
2015-11-11,79250,2016-03-31,2,23500000000,0.052,,,,,1130000000,-0.028,1300000000,-0.106,,780000000,,51.44,,,,,,,,,,,,,,,,,,,,,,true,true,12,2015-04-01,2016-03-31,0
2015-11-11,79250,2015-03-31,2,,,,,,,,,,,,,,,,,,,,44435000000,36327000000,0.818,,36327000000,,,,,,,,,,,,true,false,12,2014-04-01,2015-03-31,-1
2015-11-11,79250,2015-03-31,2,,,,,,,,,,,,,,,,,,,,,,,,,,,,,27.50,,,,15732000,570929,,false,false,12,2014-04-01,2015-03-31,-1
2015-11-11,79250,2016-03-31,2,,,,,,,,,,,,,,,,,,,,,,,,,,,,,15.00,,,,,,,false,false,12,2015-04-01,2016-03-31,0
2015-11-11,79250,2016-03-31,2,,,,,,,,,,,,,,,,,,,,,,,,,,,,,30.00,,,,,,,false,true,12,2015-04-01,2016-03-31,0
2015-11-11,79250,2016-03-31,2,,,,,,,,,,,,,,,,,,,,,,,,,,,,,,,,,15732000,570929,15161071,false,false,6,2015-04-01,2015-09-30,0
2015-11-11,79250,2015-03-31,2,,,,,,,,,,,,,,,,,,,,,,,,,,,,,,,,,,,15161158,false,false,6,2014-04-01,2014-09-30,-1
2016-02-09,79250,2016-03-31,3,16808000000,0.017,,,,,987000000,0.001,1185000000,-0.022,,755000000,,49.87,,,,,,44581000000,36638000000,0.822,,36638000000,,,,,,,,,,,,true,false,9,2015-04-01,2015-12-31,0
2016-02-09,79250,2015-03-31,3,16531000000,-0.037,,,,,986000000,-0.239,1212000000,-0.214,,664000000,,43.81,,,,,,,,,,,,,,,,,,,,,,true,false,9,2014-04-01,2014-12-31,-1
2016-02-09,79250,2016-03-31,3,23500000000,0.052,,,,,1130000000,-0.028,1300000000,-0.106,,780000000,,51.44,,,,,,,,,,,,,,,,,,,,,,true,true,12,2015-04-01,2016-03-31,0
2016-02-09,79250,2015-03-31,3,,,,,,,,,,,,,,,,,,,,44435000000,36327000000,0.818,,36327000000,,,,,,,,,,,,true,false,12,2014-04-01,2015-03-31,-1
2016-02-09,79250,2015-03-31,3,,,,,,,,,,,,,,,,,,,,,,,,,,,,,27.50,,,,15732000,570929,,false,false,12,2014-04-01,2015-03-31,-1
2016-02-09,79250,2016-03-31,3,,,,,,,,,,,,,,,,,,,,,,,,,,,,,15.00,,,,,,,false,false,12,2015-04-01,2016-03-31,0
2016-02-09,79250,2016-03-31,3,,,,,,,,,,,,,,,,,,,,,,,,,,,,,30.00,,,,,,,false,true,12,2015-04-01,2016-03-31,0
2016-02-09,79250,2016-03-31,3,,,,,,,,,,,,,,,,,,,,,,,,,,,,,,,,,15732000,660749,15150968,false,false,9,2015-04-01,2015-12-31,0
2016-02-09,79250,2015-03-31,3,,,,,,,,,,,,,,,,,,,,,,,,,,,,,,,,,,,15161145,false,false,9,2014-04-01,2014-12-31,-1
2016-05-13,79250,2016-03-31,,22310000000,-0.002,,,,,1066000000,-0.083,1287000000,-0.115,,648000000,,42.82,,0.018,0.029,0.048,,44583000000,36085000000,0.809,2394.32,36085000000,1570000000,-3194000000,-570000000,8663000000,,0.701,,,,,,true,false,12,2015-04-01,2016-03-31,0
2016-05-13,79250,2015-03-31,,22346000000,-0.044,,,,,1163000000,-0.279,1454000000,-0.280,,925000000,,61.05,,0.026,0.033,0.052,,44435000000,36327000000,0.818,2396.12,36327000000,2520000000,-1014000000,-424000000,10858000000,,0.450,,,,,,true,false,12,2014-04-01,2015-03-31,-1
2016-05-13,79250,2017-03-31,,11300000000,0.018,,,,,480000000,-0.190,560000000,-0.239,,350000000,,23.13,,,,,,,,,,,,,,,,,,,,,,true,true,6,2016-04-01,2016-09-30,1
2016-05-13,79250,2017-03-31,,23900000000,0.071,,,,,1150000000,0.078,1310000000,0.018,,830000000,,54.85,,,,,,,,,,,,,,,,0.547,,,,,,true,true,12,2016-04-01,2017-03-31,1
2016-05-13,79250,2016-03-31,,20427000000,0.015,,,,,1060000000,0.053,1282000000,-0.012,646000000,,-0.189,42.73,,,,,,43403000000,36384000000,0.838,2414.15,36384000000,,,,,30.00,,,,15732000,660769,15131146,false,false,12,2015-04-01,2016-03-31,0
2016-05-13,79250,2015-03-31,,20121000000,-0.048,,,,,1007000000,-0.293,1298000000,-0.293,797000000,,-0.204,52.59,,,,,,43216000000,36497000000,0.845,2407.32,36497000000,,,,,27.50,,,,15732000,570929,15161127,false,false,12,2014-04-01,2015-03-31,-1
2016-05-13,79250,2017-03-31,,10300000000,0.019,,,,,,,540000000,-0.249,340000000,,-0.243,22.47,,,,,,,,,,,,,,,,,,,,,,false,true,6,2016-04-01,2016-09-30,1
2016-05-13,79250,2017-03-31,,21800000000,0.067,,,,,,,1260000000,-0.018,800000000,,0.237,52.87,,,,,,,,,,,,,,,30.00,,,,,,,false,true,12,2016-04-01,2017-03-31,1
2016-08-09,79250,2017-03-31,1,5053000000,-0.071,,,,,110000000,-0.553,180000000,-0.463,,102000000,,6.77,,,,,,43694000000,35800000000,0.819,,35800000000,,,,,,,,,,,,true,false,3,2016-04-01,2016-06-30,0
2016-08-09,79250,2016-03-31,1,5440000000,0.029,,,,,247000000,-0.223,336000000,-0.204,,205000000,,13.56,,,,,,,,,,,,,,,,,,,,,,true,false,3,2015-04-01,2015-06-30,-1
2016-08-09,79250,2017-03-31,1,11300000000,0.018,,,,,480000000,-0.190,560000000,-0.239,,350000000,,23.13,,,,,,,,,,,,,,,,,,,,,,true,true,6,2016-04-01,2016-09-30,0
2016-08-09,79250,2017-03-31,1,23900000000,0.071,,,,,1150000000,0.078,1310000000,0.018,,830000000,,54.85,,,,,,,,,,,,,,,,,,,,,,true,true,12,2016-04-01,2017-03-31,0
2016-08-09,79250,2016-03-31,1,,,,,,,,,,,,,,,,,,,,44583000000,36085000000,0.809,,36085000000,,,,,,,,,,,,true,false,12,2015-04-01,2016-03-31,-1
2016-08-09,79250,2016-03-31,1,,,,,,,,,,,,,,,,,,,,,,,,,,,,,30.00,,,,15732000,660769,,false,false,12,2015-04-01,2016-03-31,-1
2016-08-09,79250,2017-03-31,1,,,,,,,,,,,,,,,,,,,,,,,,,,,,,30.00,,,,,,,false,true,12,2016-04-01,2017-03-31,0
2016-08-09,79250,2017-03-31,1,,,,,,,,,,,,,,,,,,,,,,,,,,,,,,,,,15732000,660769,15071231,false,false,3,2016-04-01,2016-06-30,0
2016-08-09,79250,2016-03-31,1,,,,,,,,,,,,,,,,,,,,,,,,,,,,,,,,,,,15161071,false,false,3,2015-04-01,2015-06-30,-1
2016-10-31,79250,2017-03-31,2,10671000000,-0.038,,,,,532000000,-0.102,640000000,-0.129,,403000000,,26.74,,,,,,43935000000,36244000000,0.825,,36244000000,,,,,,,,,,,,true,false,6,2016-04-01,2016-09-30,0
2016-10-31,79250,2016-03-31,2,11099000000,0.017,,,,,592000000,-0.094,735000000,-0.097,,459000000,,30.28,,,,,,,,,,,,,,,,,,,,,,true,false,6,2015-04-01,2015-09-30,-1
2016-10-31,79250,2017-03-31,2,23900000000,0.071,,,,,1150000000,0.078,1310000000,0.018,,830000000,,54.85,,,,,,,,,,,,,,,,,,,,,,true,true,12,2016-04-01,2017-03-31,0
2016-10-31,79250,2016-03-31,2,,,,,,,,,,,,,,,,,,,,44583000000,36085000000,0.809,,36085000000,,,,,,,,,,,,true,false,12,2015-04-01,2016-03-31,-1
2016-10-31,79250,2016-03-31,2,,,,,,,,,,,,,,,,,,,,,,,,,,,,,30.00,,,,15732000,660769,,false,false,12,2015-04-01,2016-03-31,-1
2016-10-31,79250,2017-03-31,2,,,,,,,,,,,,,,,,,,,,,,,,,,,,,15.00,,,,,,,false,false,12,2016-04-01,2017-03-31,0
2016-10-31,79250,2017-03-31,2,,,,,,,,,,,,,,,,,,,,,,,,,,,,,30.00,,,,,,,false,true,12,2016-04-01,2017-03-31,0
2016-10-31,79250,2017-03-31,2,,,,,,,,,,,,,,,,,,,,,,,,,,,,,,,,,15732000,660769,15071231,false,false,6,2016-04-01,2016-09-30,0
2016-10-31,79250,2016-03-31,2,,,,,,,,,,,,,,,,,,,,,,,,,,,,,,,,,,,15161071,false,false,6,2015-04-01,2015-09-30,-1
2017-01-31,79250,2017-03-31,3,16369000000,-0.026,,,,,799000000,-0.190,964000000,-0.187,,589000000,,39.14,,,,,,44293000000,36544000000,0.825,,36544000000,,,,,,,,,,,,true,false,9,2016-04-01,2016-12-31,0
2017-01-31,79250,2016-03-31,3,16808000000,0.017,,,,,987000000,0.001,1185000000,-0.022,,755000000,,49.87,,,,,,,,,,,,,,,,,,,,,,true,false,9,2015-04-01,2015-12-31,-1
2017-01-31,79250,2017-03-31,3,23900000000,0.071,,,,,1150000000,0.078,1310000000,0.018,,830000000,,54.85,,,,,,,,,,,,,,,,,,,,,,true,true,12,2016-04-01,2017-03-31,0
2017-01-31,79250,2016-03-31,3,,,,,,,,,,,,,,,,,,,,44583000000,36085000000,0.809,,36085000000,,,,,,,,,,,,true,false,12,2015-04-01,2016-03-31,-1
2017-01-31,79250,2016-03-31,3,,,,,,,,,,,,,,,,,,,,,,,,,,,,,30.00,,,,15732000,660769,,false,false,12,2015-04-01,2016-03-31,-1
2017-01-31,79250,2017-03-31,3,,,,,,,,,,,,,,,,,,,,,,,,,,,,,15.00,,,,,,,false,false,12,2016-04-01,2017-03-31,0
2017-01-31,79250,2017-03-31,3,,,,,,,,,,,,,,,,,,,,,,,,,,,,,30.00,,,,,,,false,true,12,2016-04-01,2017-03-31,0
2017-01-31,79250,2017-03-31,3,,,,,,,,,,,,,,,,,,,,,,,,,,,,,,,,,15732000,660849,15071226,false,false,9,2016-04-01,2016-12-31,0
2017-01-31,79250,2016-03-31,3,,,,,,,,,,,,,,,,,,,,,,,,,,,,,,,,,,,15150968,false,false,9,2015-04-01,2015-12-31,-1
2017-05-12,79250,2017-03-31,,21963000000,-0.016,,,,,904000000,-0.152,1115000000,-0.133,,609000000,,40.47,,0.017,0.025,0.041,,44721000000,36599000000,0.818,2428.45,36599000000,3221000000,-4279000000,-508000000,7097000000,,0.741,,,,,,true,false,12,2016-04-01,2017-03-31,0
2017-05-12,79250,2016-03-31,,22310000000,-0.002,,,,,1066000000,-0.083,1287000000,-0.115,,648000000,,42.82,,0.018,0.029,0.048,,44583000000,36085000000,0.809,2394.32,36085000000,1570000000,-3194000000,-570000000,8663000000,,0.701,,,,,,true,false,12,2015-04-01,2016-03-31,-1
2017-05-12,79250,2018-03-31,,11800000000,0.106,,,,,630000000,0.184,730000000,0.139,,470000000,,31.18,,,,,,,,,,,,,,,,,,,,,,true,true,6,2017-04-01,2017-09-30,1
2017-05-12,79250,2018-03-31,,24700000000,0.125,,,,,1370000000,0.515,1550000000,0.389,,1000000000,,66.35,,,,,,,,,,,,,,,,0.452,,,,,,true,true,12,2017-04-01,2018-03-31,1
2017-05-12,79250,2017-03-31,,20298000000,-0.006,,,,,928000000,-0.124,1140000000,-0.111,628000000,,-0.028,41.68,,,,,,43752000000,36826000000,0.842,2443.49,36826000000,,,,,30.00,,,,15732000,660849,15071207,false,false,12,2016-04-01,2017-03-31,0
2017-05-12,79250,2016-03-31,,20427000000,0.015,,,,,1060000000,0.053,1282000000,-0.012,646000000,,-0.189,42.73,,,,,,43403000000,36384000000,0.838,2414.15,36384000000,,,,,30.00,,,,15732000,660769,15131146,false,false,12,2015-04-01,2016-03-31,-1
2017-05-12,79250,2018-03-31,,10900000000,0.100,,,,,,,710000000,0.066,460000000,,0.090,30.52,,,,,,,,,,,,,,,,,,,,,,false,true,6,2017-04-01,2017-09-30,1
2017-05-12,79250,2018-03-31,,22800000000,0.123,,,,,,,1510000000,0.324,980000000,,0.560,65.02,,,,,,,,,,,,,,,30.00,,,,,,,false,true,12,2017-04-01,2018-03-31,1
2017-07-31,79250,2018-03-31,1,5166000000,0.022,,,,,15000000,-0.861,95000000,-0.471,,50000000,,3.37,,,,,,44322000000,36528000000,0.824,,36528000000,,,,,,,,,,,,true,false,3,2017-04-01,2017-06-30,0
2017-07-31,79250,2017-03-31,1,5053000000,-0.071,,,,,110000000,-0.553,180000000,-0.463,,102000000,,6.77,,,,,,,,,,,,,,,,,,,,,,true,false,3,2016-04-01,2016-06-30,-1
2017-07-31,79250,2018-03-31,1,11800000000,0.106,,,,,630000000,0.184,730000000,0.139,,470000000,,31.18,,,,,,,,,,,,,,,,,,,,,,true,true,6,2017-04-01,2017-09-30,0
2017-07-31,79250,2018-03-31,1,24700000000,0.125,,,,,1370000000,0.515,1550000000,0.389,,1000000000,,66.35,,,,,,,,,,,,,,,,,,,,,,true,true,12,2017-04-01,2018-03-31,0
2017-07-31,79250,2017-03-31,1,,,,,,,,,,,,,,,,,,,,44721000000,36599000000,0.818,,36599000000,,,,,,,,,,,,true,false,12,2016-04-01,2017-03-31,-1
2017-07-31,79250,2017-03-31,1,,,,,,,,,,,,,,,,,,,,,,,,,,,,,30.00,,,,15732000,660849,,false,false,12,2016-04-01,2017-03-31,-1
2017-07-31,79250,2018-03-31,1,,,,,,,,,,,,,,,,,,,,,,,,,,,,,30.00,,,,,,,false,true,12,2017-04-01,2018-03-31,0
2017-07-31,79250,2018-03-31,1,,,,,,,,,,,,,,,,,,,,,,,,,,,,,,,,,15732000,660909,15071098,false,false,3,2017-04-01,2017-06-30,0
2017-07-31,79250,2017-03-31,1,,,,,,,,,,,,,,,,,,,,,,,,,,,,,,,,,,,15071231,false,false,3,2016-04-01,2016-06-30,-1
2017-08-24,79250,2018-03-31,,10800000000,-0.085,,,,,310000000,-0.508,440000000,-0.397,275000000,,-0.415,18.24,,,,,,,,,,,,,,,,,,,,,,true,true,6,2017-04-01,2017-09-30,0
2017-08-24,79250,2017-03-31,,10671000000,,,,,,532000000,,640000000,,403000000,,,26.74,,,,,,,,,,,,,,,,,,,,,,true,false,6,2016-04-01,2016-09-30,-1
2017-08-24,79250,2018-03-31,,10050000000,-0.078,,,,,,,480000000,-0.324,300000000,,-0.348,19.90,,,,,,,,,,,,,,,,,,,,,,false,true,6,2017-04-01,2017-09-30,0
2017-08-24,79250,2017-03-31,,9908000000,,,,,,,,666000000,,421000000,,,27.99,,,,,,,,,,,,,,,,,,,,,,false,false,6,2016-04-01,2016-09-30,-1
2017-10-31,79250,2018-03-31,2,10814000000,0.013,,,,,220000000,-0.586,350000000,-0.453,,205000000,,13.60,,,,,,44573000000,37002000000,0.830,,37002000000,,,,,,,,,,,,true,false,6,2017-04-01,2017-09-30,0
2017-10-31,79250,2017-03-31,2,10671000000,-0.038,,,,,532000000,-0.102,640000000,-0.129,,403000000,,26.74,,,,,,,,,,,,,,,,,,,,,,true,false,6,2016-04-01,2016-09-30,-1
2017-10-31,79250,2018-03-31,2,22800000000,0.038,,,,,550000000,-0.392,760000000,-0.319,,400000000,,26.54,,,,,,,,,,,,,,,,,,,,,,true,true,12,2017-04-01,2018-03-31,0
2017-10-31,79250,2017-03-31,2,,,,,,,,,,,,,,,,,,,,44721000000,36599000000,0.818,,36599000000,,,,,,,,,,,,true,false,12,2016-04-01,2017-03-31,-1
2017-10-31,79250,2017-03-31,2,,,,,,,,,,,,,,,,,,,,,,,,,,,,,30.00,,,,15732000,660849,,false,false,12,2016-04-01,2017-03-31,-1
2017-10-31,79250,2018-03-31,2,,,,,,,,,,,,,,,,,,,,,,,,,,,,,15.00,,,,,,,false,false,12,2017-04-01,2018-03-31,0
2017-10-31,79250,2018-03-31,2,,,,,,,,,,,,,,,,,,,,,,,,,,,,,30.00,,,,,,,false,true,12,2017-04-01,2018-03-31,0
2017-10-31,79250,2018-03-31,2,,,,,,,,,,,,,,,,,,,,,,,,,,,,,,,,,15732000,660909,15071094,false,false,6,2017-04-01,2017-09-30,0
2017-10-31,79250,2017-03-31,2,,,,,,,,,,,,,,,,,,,,,,,,,,,,,,,,,,,15071231,false,false,6,2016-04-01,2016-09-30,-1
2017-10-31,79250,2018-03-31,,22800000000,-0.077,,,,,550000000,-0.599,760000000,-0.510,400000000,,-0.600,26.54,,,,,,,,,,,,,,,,,,,,,,true,true,12,2017-04-01,2018-03-31,0
2017-10-31,79250,2017-03-31,,21963000000,,,,,,904000000,,1115000000,,609000000,,,40.47,,,,,,,,,,,,,,,,,,,,,,true,false,12,2016-04-01,2017-03-31,-1
2017-10-31,79250,2018-03-31,,21050000000,-0.077,,,,,,,800000000,-0.470,430000000,,-0.561,28.19,,,,,,,,,,,,,,,,,,,,,,false,true,12,2017-04-01,2018-03-31,0
2017-10-31,79250,2017-03-31,,20298000000,,,,,,,,1140000000,,628000000,,,41.68,,,,,,,,,,,,,,,,,,,,,,false,false,12,2016-04-01,2017-03-31,-1
2018-01-31,79250,2018-03-31,3,16379000000,0.001,,,,,344000000,-0.569,535000000,-0.445,,280000000,,18.62,,,,,,44238000000,36857000000,0.833,,36857000000,,,,,,,,,,,,true,false,9,2017-04-01,2017-12-31,0
2018-01-31,79250,2017-03-31,3,16369000000,-0.026,,,,,799000000,-0.190,964000000,-0.187,,589000000,,39.14,,,,,,,,,,,,,,,,,,,,,,true,false,9,2016-04-01,2016-12-31,-1
2018-01-31,79250,2018-03-31,3,22800000000,0.038,,,,,550000000,-0.392,760000000,-0.319,,400000000,,26.54,,,,,,,,,,,,,,,,,,,,,,true,true,12,2017-04-01,2018-03-31,0
2018-01-31,79250,2017-03-31,3,,,,,,,,,,,,,,,,,,,,44721000000,36599000000,0.818,,36599000000,,,,,,,,,,,,true,false,12,2016-04-01,2017-03-31,-1
2018-01-31,79250,2017-03-31,3,,,,,,,,,,,,,,,,,,,,,,,,,,,,,30.00,,,,15732000,660849,,false,false,12,2016-04-01,2017-03-31,-1
2018-01-31,79250,2018-03-31,3,,,,,,,,,,,,,,,,,,,,,,,,,,,,,15.00,,,,,,,false,false,12,2017-04-01,2018-03-31,0
2018-01-31,79250,2018-03-31,3,,,,,,,,,,,,,,,,,,,,,,,,,,,,,30.00,,,,,,,false,true,12,2017-04-01,2018-03-31,0
2018-01-31,79250,2018-03-31,3,,,,,,,,,,,,,,,,,,,,,,,,,,,,,,,,,15732000,778309,15059153,false,false,9,2017-04-01,2017-12-31,0
2018-01-31,79250,2017-03-31,3,,,,,,,,,,,,,,,,,,,,,,,,,,,,,,,,,,,15071226,false,false,9,2016-04-01,2016-12-31,-1
2018-04-27,79250,2018-03-31,,21865000000,-0.041,,,,,498000000,-0.094,757000000,-0.003,,134000000,,8.93,,,,,,,,,,,,,,,,,,,,,,true,true,12,2017-04-01,2018-03-31,0
2018-04-27,79250,2017-03-31,,21963000000,,,,,,904000000,,1115000000,,,609000000,,40.47,,,,,,,,,,,,,,,,,,,,,,true,false,12,2016-04-01,2017-03-31,-1
2018-04-27,79250,2018-03-31,,20293000000,-0.036,,,,,,,840000000,0.051,234000000,,-0.456,15.57,,,,,,,,,,,,,,,,,,,,,,false,true,12,2017-04-01,2018-03-31,0
2018-04-27,79250,2017-03-31,,20298000000,,,,,,,,1140000000,,628000000,,,41.68,,,,,,,,,,,,,,,,,,,,,,false,false,12,2016-04-01,2017-03-31,-1
2018-05-14,79250,2018-03-31,,21865000000,-0.004,,,,,498000000,-0.449,757000000,-0.321,,134000000,,8.93,,0.004,0.017,0.023,,44238000000,36514000000,0.825,2441.84,36514000000,1553000000,121000000,-604000000,8167000000,,3.359,,,,,,true,false,12,2017-04-01,2018-03-31,0
2018-05-14,79250,2017-03-31,,21963000000,-0.016,,,,,904000000,-0.152,1115000000,-0.133,,609000000,,40.47,,0.017,0.025,0.041,,44721000000,36599000000,0.818,2428.45,36599000000,3221000000,-4279000000,-508000000,7097000000,,0.741,,,,,,true,false,12,2016-04-01,2017-03-31,-1
2018-05-14,79250,2019-03-31,,11100000000,0.026,,,,,300000000,0.363,400000000,0.141,,250000000,,16.62,,,,,,,,,,,,,,,,,,,,,,true,true,6,2018-04-01,2018-09-30,1
2018-05-14,79250,2019-03-31,,22600000000,0.034,,,,,630000000,0.264,810000000,0.069,,480000000,,31.92,,,,,,,,,,,,,,,,0.940,,,,,,true,true,12,2018-04-01,2019-03-31,1
2018-05-14,79250,2018-03-31,,20293000000,-0.000,,,,,581000000,-0.374,840000000,-0.263,234000000,,-0.627,15.57,,,,,,43416000000,36857000000,0.849,2464.75,36857000000,,,,,30.00,,,,15732000,778309,15033149,false,false,12,2017-04-01,2018-03-31,0
2018-05-14,79250,2017-03-31,,20298000000,-0.006,,,,,928000000,-0.124,1140000000,-0.111,628000000,,-0.028,41.68,,,,,,43752000000,36826000000,0.842,2443.49,36826000000,,,,,30.00,,,,15732000,660849,15071207,false,false,12,2016-04-01,2017-03-31,-1
2018-05-14,79250,2019-03-31,,10400000000,0.037,,,,,,,400000000,0.484,250000000,,0.031,16.62,,,,,,,,,,,,,,,,,,,,,,false,true,6,2018-04-01,2018-09-30,1
2018-05-14,79250,2019-03-31,,21100000000,0.040,,,,,,,780000000,-0.072,460000000,,0.965,30.59,,,,,,,,,,,,,,,30.00,,,,,,,false,true,12,2018-04-01,2019-03-31,1
2018-07-31,79250,2019-03-31,1,5230000000,0.012,,,,,77000000,4.030,153000000,0.607,,99000000,,6.64,,,,,,43819000000,36431000000,0.831,,36431000000,,,,,,,,,,,,true,false,3,2018-04-01,2018-06-30,0
2018-07-31,79250,2018-03-31,1,5166000000,0.022,,,,,15000000,-0.861,95000000,-0.471,,50000000,,3.37,,,,,,,,,,,,,,,,,,,,,,true,false,3,2017-04-01,2017-06-30,-1
2018-07-31,79250,2019-03-31,1,11100000000,0.026,,,,,300000000,0.363,400000000,0.141,,250000000,,16.62,,,,,,,,,,,,,,,,,,,,,,true,true,6,2018-04-01,2018-09-30,0
2018-07-31,79250,2019-03-31,1,22600000000,0.034,,,,,630000000,0.264,810000000,0.069,,480000000,,31.92,,,,,,,,,,,,,,,,,,,,,,true,true,12,2018-04-01,2019-03-31,0
2018-07-31,79250,2018-03-31,1,,,,,,,,,,,,,,,,,,,,43901000000,36514000000,0.832,,36514000000,,,,,,,,,,,,true,false,12,2017-04-01,2018-03-31,-1
2018-07-31,79250,2018-03-31,1,,,,,,,,,,,,,,,,,,,,,,,,,,,,,30.00,,,,15732000,778309,,false,false,12,2017-04-01,2018-03-31,-1
2018-07-31,79250,2019-03-31,1,,,,,,,,,,,,,,,,,,,,,,,,,,,,,30.00,,,,,,,false,true,12,2018-04-01,2019-03-31,0
2018-07-31,79250,2019-03-31,1,,,,,,,,,,,,,,,,,,,,,,,,,,,,,,,,,15732000,778309,14953691,false,false,3,2018-04-01,2018-06-30,0
2018-07-31,79250,2018-03-31,1,,,,,,,,,,,,,,,,,,,,,,,,,,,,,,,,,,,15071098,false,false,3,2017-04-01,2017-06-30,-1
2018-11-09,79250,2019-03-31,2,10794000000,-0.002,,,,,298000000,0.358,419000000,0.197,,277000000,,18.56,,,,,,43925000000,36729000000,0.836,,36729000000,,,,,,,,,,,,true,false,6,2018-04-01,2018-09-30,0
2018-11-09,79250,2018-03-31,2,10814000000,0.013,,,,,220000000,-0.586,350000000,-0.453,,205000000,,13.60,,,,,,,,,,,,,,,,,,,,,,true,false,6,2017-04-01,2017-09-30,-1
2018-11-09,79250,2019-03-31,2,22600000000,0.034,,,,,630000000,0.264,810000000,0.069,,480000000,,31.92,,,,,,,,,,,,,,,,,,,,,,true,true,12,2018-04-01,2019-03-31,0
2018-11-09,79250,2018-03-31,2,,,,,,,,,,,,,,,,,,,,43901000000,36514000000,0.832,,36514000000,,,,,,,,,,,,true,false,12,2017-04-01,2018-03-31,-1
2018-11-09,79250,2018-03-31,2,,,,,,,,,,,,,,,,,,,,,,,,,,,,,30.00,,,,15732000,778309,,false,false,12,2017-04-01,2018-03-31,-1
2018-11-09,79250,2019-03-31,2,,,,,,,,,,,,,,,,,,,,,,,,,,,,,15.00,,,,,,,false,false,12,2018-04-01,2019-03-31,0
2018-11-09,79250,2019-03-31,2,,,,,,,,,,,,,,,,,,,,,,,,,,,,,30.00,,,,,,,false,true,12,2018-04-01,2019-03-31,0
2018-11-09,79250,2019-03-31,2,,,,,,,,,,,,,,,,,,,,,,,,,,,,,,,,,15732000,778309,14953691,false,false,6,2018-04-01,2018-09-30,0
2018-11-09,79250,2018-03-31,2,,,,,,,,,,,,,,,,,,,,,,,,,,,,,,,,,,,15071094,false,false,6,2017-04-01,2017-09-30,-1
2019-01-31,79250,2019-03-31,3,16554000000,0.011,,,,,545000000,0.580,726000000,0.358,,515000000,,34.49,,,,,,43477000000,36380000000,0.837,,36380000000,,,,,,,,,,,,true,false,9,2018-04-01,2018-12-31,0
2019-01-31,79250,2018-03-31,3,16379000000,0.001,,,,,344000000,-0.569,535000000,-0.445,,280000000,,18.62,,,,,,,,,,,,,,,,,,,,,,true,false,9,2017-04-01,2017-12-31,-1
2019-01-31,79250,2019-03-31,3,22600000000,0.034,,,,,630000000,0.264,810000000,0.069,,480000000,,31.92,,,,,,,,,,,,,,,,,,,,,,true,true,12,2018-04-01,2019-03-31,0
2019-01-31,79250,2018-03-31,3,,,,,,,,,,,,,,,,,,,,43901000000,36514000000,0.832,,36514000000,,,,,,,,,,,,true,false,12,2017-04-01,2018-03-31,-1
2019-01-31,79250,2018-03-31,3,,,,,,,,,,,,,,,,,,,,,,,,,,,,,30.00,,,,15732000,778309,,false,false,12,2017-04-01,2018-03-31,-1
2019-01-31,79250,2019-03-31,3,,,,,,,,,,,,,,,,,,,,,,,,,,,,,15.00,,,,,,,false,false,12,2018-04-01,2019-03-31,0
2019-01-31,79250,2019-03-31,3,,,,,,,,,,,,,,,,,,,,,,,,,,,,,30.00,,,,,,,false,true,12,2018-04-01,2019-03-31,0
2019-01-31,79250,2019-03-31,3,,,,,,,,,,,,,,,,,,,,,,,,,,,,,,,,,15732000,778349,14953686,false,false,9,2018-04-01,2018-12-31,0
2019-01-31,79250,2018-03-31,3,,,,,,,,,,,,,,,,,,,,,,,,,,,,,,,,,,,15059153,false,false,9,2017-04-01,2017-12-31,-1
2019-05-13,79250,2019-03-31,,22243000000,0.017,,,,,734000000,0.473,976000000,0.289,,662000000,,44.30,,0.018,0.022,0.033,,44063000000,36608000000,0.831,2448.10,36608000000,1837000000,-999000000,-506000000,8497000000,,0.745,,,,,,true,false,12,2018-04-01,2019-03-31,0
2019-05-13,79250,2018-03-31,,21865000000,-0.004,,,,,498000000,-0.449,757000000,-0.321,,134000000,,8.93,,0.004,0.017,0.023,,43901000000,36514000000,0.832,2441.84,36514000000,1553000000,121000000,-604000000,8167000000,,3.359,,,,,,true,false,12,2017-04-01,2018-03-31,-1
2019-05-13,79250,2020-03-31,,11450000000,0.061,,,,,320000000,0.070,430000000,0.025,,280000000,,18.72,,,,,,,,,,,,,,,,,,,,,,true,true,6,2019-04-01,2019-09-30,1
2019-05-13,79250,2020-03-31,,23150000000,0.041,,,,,740000000,0.008,950000000,-0.027,,590000000,,39.45,,,,,,,,,,,,,,,,0.761,,,,,,true,true,12,2019-04-01,2020-03-31,1
2019-05-13,79250,2019-03-31,,20426000000,0.007,,,,,695000000,0.197,931000000,0.109,618000000,,1.641,41.35,,,,,,43204000000,36850000000,0.853,2464.32,36850000000,,,,,33.00,,,,15732000,778349,14953677,false,false,12,2018-04-01,2019-03-31,0
2019-05-13,79250,2018-03-31,,20293000000,-0.000,,,,,581000000,-0.374,840000000,-0.263,234000000,,-0.627,15.57,,,,,,43078000000,36857000000,0.856,2464.75,36857000000,,,,,30.00,,,,15732000,778309,15033149,false,false,12,2017-04-01,2018-03-31,-1
2019-05-13,79250,2020-03-31,,10500000000,0.053,,,,,,,390000000,-0.017,250000000,,-0.007,16.71,,,,,,,,,,,,,,,,,,,,,,false,true,6,2019-04-01,2019-09-30,1
2019-05-13,79250,2020-03-31,,21300000000,0.043,,,,,,,880000000,-0.056,530000000,,-0.143,35.44,,,,,,,,,,,,,,,30.00,,,,,,,false,true,12,2019-04-01,2020-03-31,1
2019-07-31,79250,2020-03-31,1,5416000000,0.036,,,,,95000000,0.240,170000000,0.109,,102000000,,6.84,,,,,,43722000000,36398000000,0.832,,36398000000,,,,,,,,,,,,true,false,3,2019-04-01,2019-06-30,0
2019-07-31,79250,2019-03-31,1,5230000000,0.012,,,,,77000000,4.030,153000000,0.607,,99000000,,6.64,,,,,,,,,,,,,,,,,,,,,,true,false,3,2018-04-01,2018-06-30,-1
2019-07-31,79250,2020-03-31,1,11450000000,0.061,,,,,320000000,0.070,430000000,0.025,,280000000,,18.72,,,,,,,,,,,,,,,,,,,,,,true,true,6,2019-04-01,2019-09-30,0
2019-07-31,79250,2020-03-31,1,23150000000,0.041,,,,,740000000,0.008,950000000,-0.027,,590000000,,39.45,,,,,,,,,,,,,,,,,,,,,,true,true,12,2019-04-01,2020-03-31,0
2019-07-31,79250,2019-03-31,1,,,,,,,,,,,,,,,,,,,,44063000000,36608000000,0.831,,36608000000,,,,,,,,,,,,true,false,12,2018-04-01,2019-03-31,-1
2019-07-31,79250,2019-03-31,1,,,,,,,,,,,,,,,,,,,,,,,,,,,,,33.00,,,,15732000,778349,,false,false,12,2018-04-01,2019-03-31,-1
2019-07-31,79250,2020-03-31,1,,,,,,,,,,,,,,,,,,,,,,,,,,,,,30.00,,,,,,,false,true,12,2019-04-01,2020-03-31,0
2019-07-31,79250,2020-03-31,1,,,,,,,,,,,,,,,,,,,,,,,,,,,,,,,,,15732000,802849,14949551,false,false,3,2019-04-01,2019-06-30,0
2019-07-31,79250,2019-03-31,1,,,,,,,,,,,,,,,,,,,,,,,,,,,,,,,,,,,14953691,false,false,3,2018-04-01,2018-06-30,-1
2019-10-31,79250,2020-03-31,2,11266000000,0.044,,,,,457000000,0.529,567000000,0.354,,355000000,,23.83,,,,,,43880000000,36570000000,0.833,,36570000000,,,,,,,,,,,,true,false,6,2019-04-01,2019-09-30,0
2019-10-31,79250,2019-03-31,2,10794000000,-0.002,,,,,298000000,0.358,419000000,0.197,,277000000,,18.56,,,,,,,,,,,,,,,,,,,,,,true,false,6,2018-04-01,2018-09-30,-1
2019-10-31,79250,2020-03-31,2,23150000000,0.041,,,,,870000000,0.185,1080000000,0.106,,660000000,,44.39,,,,,,,,,,,,,,,,,,,,,,true,true,12,2019-04-01,2020-03-31,0
2019-10-31,79250,2019-03-31,2,,,,,,,,,,,,,,,,,,,,44063000000,36608000000,0.831,,36608000000,,,,,,,,,,,,true,false,12,2018-04-01,2019-03-31,-1
2019-10-31,79250,2019-03-31,2,,,,,,,,,,,,,,,,,,,,,,,,,,,,,33.00,,,,15732000,778349,,false,false,12,2018-04-01,2019-03-31,-1
2019-10-31,79250,2020-03-31,2,,,,,,,,,,,,,,,,,,,,,,,,,,,,,15.00,,,,,,,false,false,12,2019-04-01,2020-03-31,0
2019-10-31,79250,2020-03-31,2,,,,,,,,,,,,,,,,,,,,,,,,,,,,,30.00,,,,,,,false,true,12,2019-04-01,2020-03-31,0
2019-10-31,79250,2020-03-31,2,,,,,,,,,,,,,,,,,,,,,,,,,,,,,,,,,15732000,913349,14912681,false,false,6,2019-04-01,2019-09-30,0
2019-10-31,79250,2019-03-31,2,,,,,,,,,,,,,,,,,,,,,,,,,,,,,,,,,,,14953691,false,false,6,2018-04-01,2018-09-30,-1
2019-10-31,79250,2020-03-31,,21300000000,,,,,,,,1020000000,0.159,620000000,,0.170,41.70,,,,,,,,,,,,,,,,,,,,,,false,true,12,2019-04-01,2020-03-31,0
2019-10-31,79250,2019-03-31,,20426000000,,,,,,,,931000000,,618000000,,,41.35,,,,,,,,,,,,,,,,,,,,,,false,false,12,2018-04-01,2019-03-31,-1
2020-01-31,79250,2020-03-31,3,16863000000,0.019,,,,,798000000,0.466,981000000,0.351,,608000000,,40.87,,,,,,44288000000,36840000000,0.832,,36840000000,,,,,,,,,,,,true,false,9,2019-04-01,2019-12-31,0
2020-01-31,79250,2019-03-31,3,16554000000,0.011,,,,,545000000,0.580,726000000,0.358,,515000000,,34.49,,,,,,,,,,,,,,,,,,,,,,true,false,9,2018-04-01,2018-12-31,-1
2020-01-31,79250,2020-03-31,3,23150000000,0.041,,,,,870000000,0.185,1080000000,0.106,,660000000,,44.39,,,,,,,,,,,,,,,,,,,,,,true,true,12,2019-04-01,2020-03-31,0
2020-01-31,79250,2019-03-31,3,,,,,,,,,,,,,,,,,,,,44063000000,36608000000,0.831,,36608000000,,,,,,,,,,,,true,false,12,2018-04-01,2019-03-31,-1
2020-01-31,79250,2019-03-31,3,,,,,,,,,,,,,,,,,,,,,,,,,,,,,33.00,,,,15732000,778349,,false,false,12,2018-04-01,2019-03-31,-1
2020-01-31,79250,2020-03-31,3,,,,,,,,,,,,,,,,,,,,,,,,,,,,,15.00,,,,,,,false,false,12,2019-04-01,2020-03-31,0
2020-01-31,79250,2020-03-31,3,,,,,,,,,,,,,,,,,,,,,,,,,,,,,30.00,,,,,,,false,true,12,2019-04-01,2020-03-31,0
2020-01-31,79250,2020-03-31,3,,,,,,,,,,,,,,,,,,,,,,,,,,,,,,,,,15732000,913349,14881223,false,false,9,2019-04-01,2019-12-31,0
2020-01-31,79250,2019-03-31,3,,,,,,,,,,,,,,,,,,,,,,,,,,,,,,,,,,,14953686,false,false,9,2018-04-01,2018-12-31,-1
2020-05-13,79250,2020-03-31,,22296000000,0.002,,,,,929000000,0.266,1168000000,0.196,,679000000,,45.72,,0.019,0.027,0.042,,43890000000,36367000000,0.829,2454.13,36367000000,2359000000,-739000000,-668000000,9449000000,,0.769,,,,,,true,false,12,2019-04-01,2020-03-31,0
2020-05-13,79250,2019-03-31,,22243000000,0.017,,,,,734000000,0.473,976000000,0.289,,662000000,,44.30,,0.018,0.022,0.033,,44063000000,36608000000,0.831,2448.10,36608000000,1837000000,-999000000,-506000000,8497000000,,0.745,,,,,,true,false,12,2018-04-01,2019-03-31,-1
2020-05-13,79250,2020-03-31,,20588000000,0.008,,,,,924000000,0.328,1162000000,0.248,690000000,,0.117,46.46,,,,,,42890000000,36755000000,0.857,2480.34,36755000000,,,,,35.00,,,,15732000,913349,14865666,false,false,12,2019-04-01,2020-03-31,0
2020-05-13,79250,2019-03-31,,20426000000,0.007,,,,,695000000,0.197,931000000,0.109,618000000,,1.641,41.35,,,,,,43204000000,36850000000,0.853,2464.32,36850000000,,,,,33.00,,,,15732000,778349,14953677,false,false,12,2018-04-01,2019-03-31,-1
2020-05-13,79250,2021-03-31,,,,,,,,,,,,,,,,,,,,,,,,,,,,,,30.00,,,,,,,false,true,12,2020-04-01,2021-03-31,1
2020-07-31,79250,2021-03-31,1,4904000000,-0.095,,,,,144000000,0.509,227000000,0.334,,142000000,,9.63,,,,,,43667000000,36408000000,0.834,,36408000000,,,,,,,,,,,,true,false,3,2020-04-01,2020-06-30,0
2020-07-31,79250,2020-03-31,1,5416000000,0.036,,,,,95000000,0.240,170000000,0.109,,102000000,,6.84,,,,,,,,,,,,,,,,,,,,,,true,false,3,2019-04-01,2019-06-30,-1
2020-07-31,79250,2021-03-31,1,10135000000,-0.100,,,,,130000000,-0.716,245000000,-0.569,,150000000,,10.12,,,,,,,,,,,,,,,,,,,,,,true,true,6,2020-04-01,2020-09-30,0
2020-07-31,79250,2021-03-31,1,21180000000,-0.050,,,,,535000000,-0.425,750000000,-0.358,,460000000,,31.04,,,,,,,,,,,,,,,,,,,,,,true,true,12,2020-04-01,2021-03-31,0
2020-07-31,79250,2020-03-31,1,,,,,,,,,,,,,,,,,,,,43890000000,36367000000,0.829,,36367000000,,,,,,,,,,,,true,false,12,2019-04-01,2020-03-31,-1
2020-07-31,79250,2020-03-31,1,,,,,,,,,,,,,,,,,,,,,,,,,,,,,35.00,,,,15732000,913349,,false,false,12,2019-04-01,2020-03-31,-1
2020-07-31,79250,2021-03-31,1,,,,,,,,,,,,,,,,,,,,,,,,,,,,,30.00,,,,,,,false,true,12,2020-04-01,2021-03-31,0
2020-07-31,79250,2021-03-31,1,,,,,,,,,,,,,,,,,,,,,,,,,,,,,,,,,15732000,913349,14818651,false,false,3,2020-04-01,2020-06-30,0
2020-07-31,79250,2020-03-31,1,,,,,,,,,,,,,,,,,,,,,,,,,,,,,,,,,,,14949551,false,false,3,2019-04-01,2019-06-30,-1
2020-07-31,79250,2021-03-31,,10135000000,,,,,,130000000,,245000000,,150000000,,,10.12,,,,,,,,,,,,,,,,,,,,,,true,true,6,2020-04-01,2020-09-30,0
2020-07-31,79250,2020-03-31,,11266000000,,,,,,457000000,,567000000,,355000000,,,23.83,,,,,,,,,,,,,,,,,,,,,,true,false,6,2019-04-01,2019-09-30,-1
2020-07-31,79250,2021-03-31,,21180000000,,,,,,535000000,,750000000,,460000000,,,31.04,,,,,,,,,,,,,,,,,,,,,,true,true,12,2020-04-01,2021-03-31,0
2020-07-31,79250,2020-03-31,,22296000000,,,,,,929000000,,1168000000,,679000000,,,45.72,,,,,,,,,,,,,,,,,,,,,,true,false,12,2019-04-01,2020-03-31,-1
2020-07-31,79250,2021-03-31,,9435000000,,,,,,,,235000000,,140000000,,,9.44,,,,,,,,,,,,,,,,,,,,,,false,true,6,2020-04-01,2020-09-30,0
2020-07-31,79250,2020-03-31,,10329000000,,,,,,,,538000000,,338000000,,,22.68,,,,,,,,,,,,,,,,,,,,,,false,false,6,2019-04-01,2019-09-30,-1
2020-07-31,79250,2021-03-31,,19730000000,,,,,,,,710000000,,425000000,,,28.68,,,,,,,,,,,,,,,,,,,,,,false,true,12,2020-04-01,2021-03-31,0
2020-07-31,79250,2020-03-31,,20588000000,,,,,,,,1162000000,,690000000,,,46.46,,,,,,,,,,,,,,,,,,,,,,false,false,12,2019-04-01,2020-03-31,-1
2020-10-30,79250,2021-03-31,2,10020000000,-0.111,,,,,373000000,-0.183,513000000,-0.095,,308000000,,20.82,,,,,,43834000000,36864000000,0.841,,36864000000,,,,,,,,,,,,true,false,6,2020-04-01,2020-09-30,0
2020-10-30,79250,2020-03-31,2,11266000000,0.044,,,,,457000000,0.529,567000000,0.354,,355000000,,23.83,,,,,,,,,,,,,,,,,,,,,,true,false,6,2019-04-01,2019-09-30,-1
2020-10-30,79250,2021-03-31,2,21055000000,-0.056,,,,,845000000,-0.091,1085000000,-0.071,,695000000,,46.90,,,,,,,,,,,,,,,,,,,,,,true,true,12,2020-04-01,2021-03-31,0
2020-10-30,79250,2020-03-31,2,,,,,,,,,,,,,,,,,,,,43890000000,36367000000,0.829,,36367000000,,,,,,,,,,,,true,false,12,2019-04-01,2020-03-31,-1
2020-10-30,79250,2020-03-31,2,,,,,,,,,,,,,,,,,,,,,,,,,,,,,35.00,,,,15732000,913349,,false,false,12,2019-04-01,2020-03-31,-1
2020-10-30,79250,2021-03-31,2,,,,,,,,,,,,,,,,,,,,,,,,,,,,,15.00,,,,,,,false,false,12,2020-04-01,2021-03-31,0
2020-10-30,79250,2021-03-31,2,,,,,,,,,,,,,,,,,,,,,,,,,,,,,30.00,,,,,,,false,true,12,2020-04-01,2021-03-31,0
2020-10-30,79250,2021-03-31,2,,,,,,,,,,,,,,,,,,,,,,,,,,,,,,,,,15732000,913409,14818625,false,false,6,2020-04-01,2020-09-30,0
2020-10-30,79250,2020-03-31,2,,,,,,,,,,,,,,,,,,,,,,,,,,,,,,,,,,,14912681,false,false,6,2019-04-01,2019-09-30,-1
2020-10-30,79250,2021-03-31,,21055000000,-0.006,,,,,845000000,0.579,1085000000,0.447,,695000000,,46.90,,,,,,,,,,,,,,,,,,,,,,true,true,12,2020-04-01,2021-03-31,0
2020-10-30,79250,2020-03-31,,22296000000,,,,,,929000000,,1168000000,,,679000000,,45.72,,,,,,,,,,,,,,,,,,,,,,true,false,12,2019-04-01,2020-03-31,-1
2020-10-30,79250,2021-03-31,,19780000000,0.003,,,,,,,1080000000,0.521,695000000,,0.635,46.90,,,,,,,,,,,,,,,,,,,,,,false,true,12,2020-04-01,2021-03-31,0
2020-10-30,79250,2020-03-31,,20588000000,,,,,,,,1162000000,,690000000,,,46.46,,,,,,,,,,,,,,,,,,,,,,false,false,12,2019-04-01,2020-03-31,-1
2021-01-29,79250,2021-03-31,3,15584000000,-0.076,,,,,597000000,-0.251,808000000,-0.176,,481000000,,32.46,,,,,,43888000000,36844000000,0.840,,36844000000,,,,,,,,,,,,true,false,9,2020-04-01,2020-12-31,0
2021-01-29,79250,2020-03-31,3,16863000000,0.019,,,,,798000000,0.466,981000000,0.351,,608000000,,40.87,,,,,,,,,,,,,,,,,,,,,,true,false,9,2019-04-01,2019-12-31,-1
2021-01-29,79250,2021-03-31,3,21055000000,-0.056,,,,,845000000,-0.091,1085000000,-0.071,,695000000,,46.90,,,,,,,,,,,,,,,,,,,,,,true,true,12,2020-04-01,2021-03-31,0
2021-01-29,79250,2020-03-31,3,,,,,,,,,,,,,,,,,,,,43890000000,36367000000,0.829,,36367000000,,,,,,,,,,,,true,false,12,2019-04-01,2020-03-31,-1
2021-01-29,79250,2020-03-31,3,,,,,,,,,,,,,,,,,,,,,,,,,,,,,35.00,,,,15732000,913349,,false,false,12,2019-04-01,2020-03-31,-1
2021-01-29,79250,2021-03-31,3,,,,,,,,,,,,,,,,,,,,,,,,,,,,,15.00,,,,,,,false,false,12,2020-04-01,2021-03-31,0
2021-01-29,79250,2021-03-31,3,,,,,,,,,,,,,,,,,,,,,,,,,,,,,30.00,,,,,,,false,true,12,2020-04-01,2021-03-31,0
2021-01-29,79250,2021-03-31,3,,,,,,,,,,,,,,,,,,,,,,,,,,,,,,,,,15732000,913409,14818613,false,false,9,2020-04-01,2020-12-31,0
2021-01-29,79250,2020-03-31,3,,,,,,,,,,,,,,,,,,,,,,,,,,,,,,,,,,,14881223,false,false,9,2019-04-01,2019-12-31,-1
,79250,2021-03-31,,,,,,,,,,,,,,,,,,,,,,,,,,,,,,35.00,,,,,,,false,true,12,2020-04-01,2021-03-31,0
,79250,2021-03-31,,,,,,,,,,,,,,,,,,,,,,,,,,,,,,15.00,,,,,,,false,false,12,2020-04-01,2021-03-31,0
,79250,2020-03-31,,,,,,,,,,,,,,,,,,,,,,,,,,,,,,35.00,,,,,,,false,false,12,2019-04-01,2020-03-31,-1
2021-05-13,79250,2021-03-31,,20985000000,-0.059,,,,,929000000,0.000,1232000000,0.055,,755000000,,50.99,,0.020,0.028,0.044,,44918000000,37360000000,0.832,2521.19,37360000000,2170000000,-642000000,-538000000,10439000000,,0.686,,,,,,true,false,12,2020-04-01,2021-03-31,0
2021-05-13,79250,2020-03-31,,22296000000,0.002,,,,,929000000,0.266,1168000000,0.196,,679000000,,45.72,,0.019,0.027,0.042,,43890000000,36367000000,0.829,2454.13,36367000000,2359000000,-739000000,-668000000,9449000000,,0.769,,,,,,true,false,12,2019-04-01,2020-03-31,-1
2021-05-13,79250,2022-03-31,,10260000000,,,,,,500000000,,610000000,,,395000000,,26.65,,,,,,,,,,,,,,,,,,,,,,true,true,6,2021-04-01,2021-09-30,1
2021-05-13,79250,2022-03-31,,21230000000,,,,,,1080000000,,1295000000,,,840000000,,56.68,,,,,,,,,,,,,,,,0.882,,,,,,true,true,12,2021-04-01,2022-03-31,1
2021-05-13,79250,2021-03-31,,19817000000,-0.037,,,,,1028000000,0.113,1325000000,0.140,854000000,,0.237,57.67,,,,,,44200000000,37776000000,0.855,2549.23,37776000000,,,,,35.00,,,,15732000,913369,14818609,false,false,12,2020-04-01,2021-03-31,0
2021-05-13,79250,2020-03-31,,20588000000,0.008,,,,,924000000,0.328,1162000000,0.248,690000000,,0.117,46.46,,,,,,42890000000,36755000000,0.857,2480.34,36755000000,,,,,35.00,,,,15732000,913349,14865666,false,false,12,2019-04-01,2020-03-31,-1
2021-05-13,79250,2022-03-31,,9535000000,,,,,,,,610000000,,395000000,,,26.65,,,,,,,,,,,,,,,,,,,,,,false,true,6,2021-04-01,2021-09-30,1
2021-05-13,79250,2022-03-31,,19770000000,,,,,,,,1295000000,,840000000,,,56.68,,,,,,,,,,,,,,,50.00,,,,,,,false,true,12,2021-04-01,2022-03-31,1
2021-07-30,79250,2022-03-31,1,5098000000,,,,,,223000000,,311000000,,,203000000,,13.70,,,,,,44714000000,37114000000,0.830,,37114000000,,,,,,,,,,,,true,false,3,2021-04-01,2021-06-30,0
2021-07-30,79250,2021-03-31,1,4904000000,-0.095,,,,,144000000,0.509,227000000,0.334,,142000000,,9.63,,,,,,,,,,,,,,,,,,,,,,true,false,3,2020-04-01,2020-06-30,-1
2021-07-30,79250,2022-03-31,1,10260000000,,,,,,500000000,,610000000,,,395000000,,26.65,,,,,,,,,,,,,,,,,,,,,,true,true,6,2021-04-01,2021-09-30,0
2021-07-30,79250,2022-03-31,1,21230000000,,,,,,1080000000,,1295000000,,,840000000,,56.68,,,,,,,,,,,,,,,,,,,,,,true,true,12,2021-04-01,2022-03-31,0
2021-07-30,79250,2021-03-31,1,,,,,,,,,,,,,,,,,,,,44918000000,37360000000,0.832,,37360000000,,,,,,,,,,,,true,false,12,2020-04-01,2021-03-31,-1
2021-07-30,79250,2021-03-31,1,,,,,,,,,,,,,,,,,,,,,,,,,,,,,35.00,,,,15732000,913369,,false,false,12,2020-04-01,2021-03-31,-1
2021-07-30,79250,2022-03-31,1,,,,,,,,,,,,,,,,,,,,,,,,,,,,,50.00,,,,,,,false,true,12,2021-04-01,2022-03-31,0
2021-07-30,79250,2022-03-31,1,,,,,,,,,,,,,,,,,,,,,,,,,,,,,,,,,15732000,913417,14818589,false,false,3,2021-04-01,2021-06-30,0
2021-07-30,79250,2021-03-31,1,,,,,,,,,,,,,,,,,,,,,,,,,,,,,,,,,,,14818651,false,false,3,2020-04-01,2020-06-30,-1
2021-10-29,79250,2022-03-31,2,10537000000,,,,,,556000000,,721000000,,,469000000,,31.67,,,,,,45379000000,37593000000,0.828,,37593000000,,,,,,,,,,,,true,false,6,2021-04-01,2021-09-30,0
2021-10-29,79250,2021-03-31,2,10020000000,-0.111,,,,,373000000,-0.183,513000000,-0.095,,308000000,,20.82,,,,,,,,,,,,,,,,,,,,,,true,false,6,2020-04-01,2020-09-30,-1
2021-10-29,79250,2022-03-31,2,21230000000,,,,,,1080000000,,1295000000,,,840000000,,56.68,,,,,,,,,,,,,,,,,,,,,,true,true,12,2021-04-01,2022-03-31,0
2021-10-29,79250,2021-03-31,2,,,,,,,,,,,,,,,,,,,,44918000000,37360000000,0.832,,37360000000,,,,,,,,,,,,true,false,12,2020-04-01,2021-03-31,-1
2021-10-29,79250,2021-03-31,2,,,,,,,,,,,,,,,,,,,,,,,,,,,,,35.00,,,,15732000,913369,,false,false,12,2020-04-01,2021-03-31,-1
2021-10-29,79250,2022-03-31,2,,,,,,,,,,,,,,,,,,,,,,,,,,,,,25.00,,,,,,,false,false,12,2021-04-01,2022-03-31,0
2021-10-29,79250,2022-03-31,2,,,,,,,,,,,,,,,,,,,,,,,,,,,,,50.00,,,,,,,false,true,12,2021-04-01,2022-03-31,0
2021-10-29,79250,2022-03-31,2,,,,,,,,,,,,,,,,,,,,,,,,,,,,,,,,,15732000,904605,14820464,false,false,6,2021-04-01,2021-09-30,0
2021-10-29,79250,2021-03-31,2,,,,,,,,,,,,,,,,,,,,,,,,,,,,,,,,,,,14818625,false,false,6,2020-04-01,2020-09-30,-1
2022-01-31,7925,2022-03-31,3,16205000000,,,,,,979000000,,1211000000,,,801000000,,54.04,,,,,,45349000000,37784000000,0.833,,37784000000,,,,,,,,,,,,true,false,9,2021-04-01,2021-12-31,0
2022-01-31,7925,2021-03-31,3,15584000000,-0.076,,,,,597000000,-0.251,808000000,-0.176,,481000000,,32.46,,,,,,,,,,,,,,,,,,,,,,true,false,9,2020-04-01,2020-12-31,-1
2022-01-31,7925,2022-03-31,3,21230000000,,,,,,1080000000,,1295000000,,,840000000,,56.68,,,,,,,,,,,,,,,,,,,,,,true,true,12,2021-04-01,2022-03-31,0
2022-01-31,7925,2021-03-31,3,,,,,,,,,,,,,,,,,,,,44918000000,37360000000,0.832,,37360000000,,,,,,,,,,,,true,false,12,2020-04-01,2021-03-31,-1
2022-01-31,7925,2021-03-31,3,,,,,,,,,,,,,,,,,,,,,,,,,,,,,35.00,,,,15732000,913369,,false,false,12,2020-04-01,2021-03-31,-1
2022-01-31,7925,2022-03-31,3,,,,,,,,,,,,,,,,,,,,,,,,,,,,,25.00,,,,,,,false,false,12,2021-04-01,2022-03-31,0
2022-01-31,7925,2022-03-31,3,,,,,,,,,,,,,,,,,,,,,,,,,,,,,50.00,,,,,,,false,true,12,2021-04-01,2022-03-31,0
2022-01-31,7925,2022-03-31,3,,,,,,,,,,,,,,,,,,,,,,,,,,,,,,,,,15732000,909725,14822333,false,false,9,2021-04-01,2021-12-31,0
2022-01-31,7925,2021-03-31,3,,,,,,,,,,,,,,,,,,,,,,,,,,,,,,,,,,,14818613,false,false,9,2020-04-01,2020-12-31,-1
2022-04-28,79250,2022-03-31,,21879000000,0.031,,,,,1342000000,0.243,1628000000,0.257,,797000000,,53.77,,,,,,,,,,,,,,,,,,,,,,true,true,12,2021-04-01,2022-03-31,0
2022-04-28,79250,2021-03-31,,20985000000,,,,,,929000000,,1232000000,,,755000000,,50.99,,,,,,,,,,,,,,,,,,,,,,true,false,12,2020-04-01,2021-03-31,-1
2022-04-28,79250,2022-03-31,,20711000000,0.048,,,,,,,1634000000,0.263,613000000,,-0.269,41.40,,,,,,,,,,,,,,,,,,,,,,false,true,12,2021-04-01,2022-03-31,0
2022-04-28,79250,2021-03-31,,19817000000,,,,,,,,1325000000,,854000000,,,57.67,,,,,,,,,,,,,,,,,,,,,,false,false,12,2020-04-01,2021-03-31,-1
2022-05-13,7925,2022-03-31,,21879000000,,,,,,1342000000,,1628000000,,,797000000,,53.77,,0.021,0.036,0.061,,45270000000,37521000000,0.829,2531.42,37521000000,1753000000,-694000000,-676000000,10821000000,,0.930,,,,,,true,false,12,2021-04-01,2022-03-31,0
2022-05-13,7925,2021-03-31,,20985000000,-0.059,,,,,929000000,0.000,1232000000,0.055,,755000000,,50.99,,0.020,0.028,0.044,,44918000000,37360000000,0.832,2521.19,37360000000,2170000000,-642000000,-538000000,10439000000,,0.686,,,,,,true,false,12,2020-04-01,2021-03-31,-1
2022-05-13,7925,2023-03-31,,11385000000,0.080,,,,,670000000,0.203,795000000,0.102,,510000000,,34.40,,,,,,,,,,,,,,,,,,,,,,true,true,6,2022-04-01,2022-09-30,1
2022-05-13,7925,2023-03-31,,22640000000,0.035,,,,,1140000000,-0.151,1365000000,-0.162,,890000000,,60.04,,,,,,,,,,,,,,,,0.833,,,,,,true,true,12,2022-04-01,2023-03-31,1
2022-05-13,7925,2022-03-31,,20711000000,,,,,,1350000000,,1634000000,,613000000,,,41.40,,,,,,44335000000,37402000000,0.844,2523.39,37402000000,,,,,50.00,,,,15732000,909725,14822319,false,false,12,2021-04-01,2022-03-31,0
2022-05-13,7925,2021-03-31,,19817000000,-0.037,,,,,1028000000,0.113,1325000000,0.140,854000000,,0.237,57.67,,,,,,44200000000,37776000000,0.855,2549.23,37776000000,,,,,35.00,,,,15732000,913369,14818609,false,false,12,2020-04-01,2021-03-31,-1
2022-05-13,7925,2023-03-31,,10785000000,0.083,,,,,,,775000000,0.031,490000000,,-0.016,33.05,,,,,,,,,,,,,,,,,,,,,,false,true,6,2022-04-01,2022-09-30,1
2022-05-13,7925,2023-03-31,,21400000000,0.033,,,,,,,1315000000,-0.196,840000000,,-0.017,56.67,,,,,,,,,,,,,,,50.00,,,,,,,false,true,12,2022-04-01,2023-03-31,1
2022-07-29,7925,2023-03-31,1,5483000000,0.076,,,,,477000000,1.131,571000000,0.839,,389000000,,26.25,,,,,,45601000000,37410000000,0.820,,37410000000,,,,,,,,,,,,true,false,3,2022-04-01,2022-06-30,0
2022-07-29,7925,2022-03-31,1,5098000000,,,,,,223000000,,311000000,,,203000000,,13.70,,,,,,,,,,,,,,,,,,,,,,true,false,3,2021-04-01,2021-06-30,-1
2022-07-29,7925,2023-03-31,1,11385000000,0.080,,,,,670000000,0.203,795000000,0.102,,510000000,,34.40,,,,,,,,,,,,,,,,,,,,,,true,true,6,2022-04-01,2022-09-30,0
2022-07-29,7925,2023-03-31,1,22640000000,0.035,,,,,1140000000,-0.151,1365000000,-0.162,,890000000,,60.04,,,,,,,,,,,,,,,,,,,,,,true,true,12,2022-04-01,2023-03-31,0
2022-07-29,7925,2022-03-31,1,,,,,,,,,,,,,,,,,,,,45270000000,37521000000,0.829,,37521000000,,,,,,,,,,,,true,false,12,2021-04-01,2022-03-31,-1
2022-07-29,7925,2022-03-31,1,,,,,,,,,,,,,,,,,,,,,,,,,,,,,50.00,,,,15732000,909725,,false,false,12,2021-04-01,2022-03-31,-1
2022-07-29,7925,2023-03-31,1,,,,,,,,,,,,,,,,,,,,,,,,,,,,,50.00,,,,,,,false,true,12,2022-04-01,2023-03-31,0
2022-07-29,7925,2023-03-31,1,,,,,,,,,,,,,,,,,,,,,,,,,,,,,,,,,15732000,909725,14822275,false,false,3,2022-04-01,2022-06-30,0
2022-07-29,7925,2022-03-31,1,,,,,,,,,,,,,,,,,,,,,,,,,,,,,,,,,,,14818589,false,false,3,2021-04-01,2021-06-30,-1
2022-10-31,7925,2023-03-31,2,11370000000,0.079,,,,,941000000,0.690,1089000000,0.510,,700000000,,47.27,,,,,,45708000000,37715000000,0.825,,37715000000,,,,,,,,,,,,true,false,6,2022-04-01,2022-09-30,0
2022-10-31,7925,2022-03-31,2,10537000000,,,,,,556000000,,721000000,,,469000000,,31.67,,,,,,,,,,,,,,,,,,,,,,true,false,6,2021-04-01,2021-09-30,-1
2022-10-31,7925,2023-03-31,2,23150000000,0.058,,,,,1740000000,0.296,2010000000,0.234,,1275000000,,86.01,,,,,,,,,,,,,,,,,,,,,,true,true,12,2022-04-01,2023-03-31,0
2022-10-31,7925,2022-03-31,2,,,,,,,,,,,,,,,,,,,,45270000000,37521000000,0.829,,37521000000,,,,,,,,,,,,true,false,12,2021-04-01,2022-03-31,-1
2022-10-31,7925,2022-03-31,2,,,,,,,,,,,,,,,,,,,,,,,,,,,,,50.00,,,,15732000,909725,,false,false,12,2021-04-01,2022-03-31,-1
2022-10-31,7925,2023-03-31,2,,,,,,,,,,,,,,,,,,,,,,,,,,,,,25.00,,,,,,,false,false,12,2022-04-01,2023-03-31,0
2022-10-31,7925,2023-03-31,2,,,,,,,,,,,,,,,,,,,,,,,,,,,,,50.00,,,,,,,false,true,12,2022-04-01,2023-03-31,0
2022-10-31,7925,2023-03-31,2,,,,,,,,,,,,,,,,,,,,,,,,,,,,,,,,,15732000,909088,14822419,false,false,6,2022-04-01,2022-09-30,0
2022-10-31,7925,2022-03-31,2,,,,,,,,,,,,,,,,,,,,,,,,,,,,,,,,,,,14820464,false,false,6,2021-04-01,2021-09-30,-1
2022-10-31,79250,2023-03-31,,23150000000,0.023,,,,,1740000000,0.526,2010000000,0.473,,1275000000,,86.01,,,,,,,,,,,,,,,,,,,,,,true,true,12,2022-04-01,2023-03-31,0
2022-10-31,79250,2022-03-31,,21879000000,,,,,,1342000000,,1628000000,,,797000000,,53.77,,,,,,,,,,,,,,,,,,,,,,true,false,12,2021-04-01,2022-03-31,-1
2022-10-31,79250,2023-03-31,,21620000000,0.010,,,,,,,2025000000,0.540,1310000000,,0.560,88.37,,,,,,,,,,,,,,,,,,,,,,false,true,12,2022-04-01,2023-03-31,0
2022-10-31,79250,2022-03-31,,20711000000,,,,,,,,1634000000,,613000000,,,41.40,,,,,,,,,,,,,,,,,,,,,,false,false,12,2021-04-01,2022-03-31,-1
2023-01-31,7925,2023-03-31,3,17491000000,0.079,,,,,1449000000,0.480,1677000000,0.385,,1073000000,,72.39,,,,,,45862000000,37941000000,0.825,,37856000000,,,,,,,,,,,,true,false,9,2022-04-01,2022-12-31,0
2023-01-31,7925,2022-03-31,3,16205000000,,,,,,979000000,,1211000000,,,801000000,,54.04,,,,,,,,,,,,,,,,,,,,,,true,false,9,2021-04-01,2021-12-31,-1
2023-01-31,7925,2023-03-31,3,23150000000,0.058,,,,,1740000000,0.296,2010000000,0.234,,1275000000,,86.01,,,,,,,,,,,,,,,,,,,,,,true,true,12,2022-04-01,2023-03-31,0
2023-01-31,7925,2022-03-31,3,,,,,,,,,,,,,,,,,,,,45270000000,37521000000,0.829,,37521000000,,,,,,,,,,,,true,false,12,2021-04-01,2022-03-31,-1
2023-01-31,7925,2022-03-31,3,,,,,,,,,,,,,,,,,,,,,,,,,,,,,50.00,,,,15732000,909725,,false,false,12,2021-04-01,2022-03-31,-1
2023-01-31,7925,2023-03-31,3,,,,,,,,,,,,,,,,,,,,,,,,,,,,,25.00,,,,,,,false,false,12,2022-04-01,2023-03-31,0
2023-01-31,7925,2023-03-31,3,,,,,,,,,,,,,,,,,,,,,,,,,,,,,50.00,,,,,,,false,true,12,2022-04-01,2023-03-31,0
2023-01-31,7925,2023-03-31,3,,,,,,,,,,,,,,,,,,,,,,,,,,,,,,,,,15732000,909088,14822584,false,false,9,2022-04-01,2022-12-31,0
2023-01-31,7925,2022-03-31,3,,,,,,,,,,,,,,,,,,,,,,,,,,,,,,,,,,,14822333,false,false,9,2021-04-01,2021-12-31,-1
2023-01-31,7925,2023-03-31,3,17491000000,0.079,,,,,1448000000,0.479,1677000000,0.384,,1072000000,,72.36,,,,,,45860000000,37939000000,0.825,,37855000000,,,,,,,,,,,,true,false,9,2022-04-01,2022-12-31,0
2023-01-31,7925,2022-03-31,3,16205000000,,,,,,979000000,,1211000000,,,801000000,,54.04,,,,,,,,,,,,,,,,,,,,,,true,false,9,2021-04-01,2021-12-31,-1
2023-01-31,7925,2023-03-31,3,23150000000,0.058,,,,,1740000000,0.296,2010000000,0.234,,1275000000,,86.01,,,,,,,,,,,,,,,,,,,,,,true,true,12,2022-04-01,2023-03-31,0
2023-01-31,7925,2022-03-31,3,,,,,,,,,,,,,,,,,,,,45270000000,37521000000,0.829,,37521000000,,,,,,,,,,,,true,false,12,2021-04-01,2022-03-31,-1
2023-01-31,7925,2022-03-31,3,,,,,,,,,,,,,,,,,,,,,,,,,,,,,50.00,,,,15732000,909725,,false,false,12,2021-04-01,2022-03-31,-1
2023-01-31,7925,2023-03-31,3,,,,,,,,,,,,,,,,,,,,,,,,,,,,,25.00,,,,,,,false,false,12,2022-04-01,2023-03-31,0
2023-01-31,7925,2023-03-31,3,,,,,,,,,,,,,,,,,,,,,,,,,,,,,50.00,,,,,,,false,true,12,2022-04-01,2023-03-31,0
2023-01-31,7925,2023-03-31,3,,,,,,,,,,,,,,,,,,,,,,,,,,,,,,,,,15732000,909088,14822584,false,false,9,2022-04-01,2022-12-31,0
2023-01-31,7925,2022-03-31,3,,,,,,,,,,,,,,,,,,,,,,,,,,,,,,,,,,,14822333,false,false,9,2021-04-01,2021-12-31,-1
2023-05-15,7925,2023-03-31,,23495000000,0.074,,,,,1946000000,0.450,2226000000,0.367,,1462000000,,98.64,,0.039,0.049,0.083,,46506000000,38357000000,0.823,2581.72,38268000000,1784000000,-1594000000,-812000000,10199000000,,0.507,,,,,,true,false,12,2022-04-01,2023-03-31,0
2023-05-15,7925,2022-03-31,,21879000000,,,,,,1342000000,,1628000000,,,797000000,,53.77,,0.021,0.036,0.061,,45270000000,37521000000,0.829,2531.42,37521000000,1753000000,-694000000,-676000000,10821000000,,0.930,,,,,,true,false,12,2021-04-01,2022-03-31,-1
2023-05-15,7925,2024-03-31,,11690000000,0.028,,,,,720000000,-0.235,840000000,-0.229,,550000000,,37.10,,,,,,,,,,,,,,,,,,,,,,true,true,6,2023-04-01,2023-09-30,1
2023-05-15,7925,2024-03-31,,23600000000,0.004,,,,,1580000000,-0.188,1820000000,-0.182,,1200000000,,80.95,,,,,,,,,,,,,,,,0.618,,,,,,true,true,12,2023-04-01,2024-03-31,1
2023-05-15,7925,2023-03-31,,21899000000,0.057,,,,,1911000000,0.416,2184000000,0.336,1469000000,,1.394,99.11,,,,,,45075000000,38194000000,0.847,2576.73,38194000000,,,,,50.00,,,,15732000,909088,14822665,false,false,12,2022-04-01,2023-03-31,0
2023-05-15,7925,2022-03-31,,20711000000,,,,,,1350000000,,1634000000,,613000000,,,41.40,,,,,,44335000000,37402000000,0.844,2523.39,37402000000,,,,,50.00,,,,15732000,909725,14822319,false,false,12,2021-04-01,2022-03-31,-1
2023-05-15,7925,2024-03-31,,,,,,,,,,,,,,,,,,,,,,,,,,,,,,50.00,,,,,,,false,true,12,2023-04-01,2024-03-31,1
2023-07-31,7925,2024-03-31,1,5772000000,0.053,,,,,336000000,-0.295,427000000,-0.253,,283000000,,19.14,,,,,,47186000000,38738000000,0.819,,38650000000,,,,,,,,,,,,true,false,3,2023-04-01,2023-06-30,0
2023-07-31,7925,2023-03-31,1,5483000000,0.076,,,,,477000000,1.131,571000000,0.839,,389000000,,26.25,,,,,,,,,,,,,,,,,,,,,,true,false,3,2022-04-01,2022-06-30,-1
2023-07-31,7925,2024-03-31,1,11690000000,0.028,,,,,720000000,-0.235,840000000,-0.229,,550000000,,37.10,,,,,,,,,,,,,,,,,,,,,,true,true,6,2023-04-01,2023-09-30,0
2023-07-31,7925,2024-03-31,1,23600000000,0.004,,,,,1580000000,-0.188,1820000000,-0.182,,1200000000,,80.95,,,,,,,,,,,,,,,,,,,,,,true,true,12,2023-04-01,2024-03-31,0
2023-07-31,7925,2023-03-31,1,,,,,,,,,,,,,,,,,,,,46506000000,38357000000,0.823,,38268000000,,,,,,,,,,,,true,false,12,2022-04-01,2023-03-31,-1
2023-07-31,7925,2023-03-31,1,,,,,,,,,,,,,,,,,,,,,,,,,,,,,50.00,,,,15732000,909088,,false,false,12,2022-04-01,2023-03-31,-1
2023-07-31,7925,2024-03-31,1,,,,,,,,,,,,,,,,,,,,,,,,,,,,,50.00,,,,,,,false,true,12,2023-04-01,2024-03-31,0
2023-07-31,7925,2024-03-31,1,,,,,,,,,,,,,,,,,,,,,,,,,,,,,,,,,15732000,909088,14822912,false,false,3,2023-04-01,2023-06-30,0
2023-07-31,7925,2023-03-31,1,,,,,,,,,,,,,,,,,,,,,,,,,,,,,,,,,,,14822275,false,false,3,2022-04-01,2022-06-30,-1
2023-10-31,7925,2024-03-31,2,11725000000,0.031,,,,,819000000,-0.129,967000000,-0.112,,638000000,,43.09,,,,,,47932000000,39470000000,0.822,,39382000000,,,,,,,,,,,,true,false,6,2023-04-01,2023-09-30,0
2023-10-31,7925,2023-03-31,2,11370000000,0.079,,,,,941000000,0.690,1089000000,0.510,,700000000,,47.27,,,,,,,,,,,,,,,,,,,,,,true,false,6,2022-04-01,2022-09-30,-1
2023-10-31,7925,2024-03-31,2,23600000000,0.004,,,,,1580000000,-0.188,1820000000,-0.182,,1200000000,,80.95,,,,,,,,,,,,,,,,,,,,,,true,true,12,2023-04-01,2024-03-31,0
2023-10-31,7925,2023-03-31,2,,,,,,,,,,,,,,,,,,,,46506000000,38357000000,0.823,,38268000000,,,,,,,,,,,,true,false,12,2022-04-01,2023-03-31,-1
2023-10-31,7925,2023-03-31,2,,,,,,,,,,,,,,,,,,,,,,,,,,,,,50.00,,,,15732000,909088,,false,false,12,2022-04-01,2023-03-31,-1
2023-10-31,7925,2024-03-31,2,,,,,,,,,,,,,,,,,,,,,,,,,,,,,25.00,,,,,,,false,false,12,2023-04-01,2024-03-31,0
2023-10-31,7925,2024-03-31,2,,,,,,,,,,,,,,,,,,,,,,,,,,,,,50.00,,,,,,,false,true,12,2023-04-01,2024-03-31,0
2023-10-31,7925,2024-03-31,2,,,,,,,,,,,,,,,,,,,,,,,,,,,,,,,,,15732000,892608,14826604,false,false,6,2023-04-01,2023-09-30,0
2023-10-31,7925,2023-03-31,2,,,,,,,,,,,,,,,,,,,,,,,,,,,,,,,,,,,14822419,false,false,6,2022-04-01,2022-09-30,-1
2024-01-31,7925,2024-03-31,3,17896000000,0.023,,,,,1338000000,-0.076,1568000000,-0.065,,1042000000,,70.31,,,,,,47912000000,39605000000,0.825,,39516000000,,,,,,,,,,,,true,false,9,2023-04-01,2023-12-31,0
2024-01-31,7925,2023-03-31,3,17491000000,0.079,,,,,1448000000,0.479,1677000000,0.384,,1072000000,,72.36,,,,,,,,,,,,,,,,,,,,,,true,false,9,2022-04-01,2022-12-31,-1
2024-01-31,7925,2024-03-31,3,23600000000,0.004,,,,,1580000000,-0.188,1820000000,-0.182,,1200000000,,80.95,,,,,,,,,,,,,,,,,,,,,,true,true,12,2023-04-01,2024-03-31,0
2024-01-31,7925,2023-03-31,3,,,,,,,,,,,,,,,,,,,,46506000000,38357000000,0.823,,38268000000,,,,,,,,,,,,true,false,12,2022-04-01,2023-03-31,-1
2024-01-31,7925,2023-03-31,3,,,,,,,,,,,,,,,,,,,,,,,,,,,,,50.00,,,,15732000,909088,,false,false,12,2022-04-01,2023-03-31,-1
2024-01-31,7925,2024-03-31,3,,,,,,,,,,,,,,,,,,,,,,,,,,,,,25.00,,,,,,,false,false,12,2023-04-01,2024-03-31,0
2024-01-31,7925,2024-03-31,3,,,,,,,,,,,,,,,,,,,,,,,,,,,,,50.00,,,,,,,false,true,12,2023-04-01,2024-03-31,0
2024-01-31,7925,2024-03-31,3,,,,,,,,,,,,,,,,,,,,,,,,,,,,,,,,,15732000,892632,14830878,false,false,9,2023-04-01,2023-12-31,0
2024-01-31,7925,2023-03-31,3,,,,,,,,,,,,,,,,,,,,,,,,,,,,,,,,,,,14822584,false,false,9,2022-04-01,2022-12-31,-1
2024-05-14,7925,2024-03-31,,23925000000,0.018,,,,,1773000000,-0.089,2072000000,-0.069,,1362000000,,91.83,,0.035,0.043,0.074,,49353000000,40420000000,0.817,2717.45,40325000000,2615000000,-761000000,-812000000,11241000000,,0.544,,,,,,true,false,12,2023-04-01,2024-03-31,0
2024-05-14,7925,2023-03-31,,23495000000,0.074,,,,,1946000000,0.450,2226000000,0.367,,1462000000,,98.64,,0.039,0.049,0.083,,46506000000,38357000000,0.823,2581.72,38268000000,1784000000,-1594000000,-812000000,10199000000,,0.507,,,,,,true,false,12,2022-04-01,2023-03-31,-1
2024-05-14,7925,2025-03-31,,12130000000,0.034,,,,,950000000,0.160,1080000000,0.116,,700000000,,47.19,,,,,,,,,,,,,,,,,,,,,,true,true,6,2024-04-01,2024-09-30,1
2024-05-14,7925,2025-03-31,,24500000000,0.024,,,,,2000000000,0.128,2260000000,0.090,,1450000000,,97.75,,,,,,,,,,,,,,,,0.600,,,,,,true,true,12,2024-04-01,2025-03-31,1
2024-05-14,7925,2024-03-31,,22144000000,0.011,,,,,1670000000,-0.126,1964000000,-0.101,1290000000,,-0.122,86.98,,,,,,47684000000,40032000000,0.840,2697.74,40032000000,,,,,50.00,,,,15732000,892652,14832988,false,false,12,2023-04-01,2024-03-31,0
2024-05-14,7925,2023-03-31,,21899000000,0.057,,,,,1911000000,0.416,2184000000,0.336,1469000000,,1.394,99.11,,,,,,45075000000,38194000000,0.847,2576.73,38194000000,,,,,50.00,,,,15732000,909088,14822665,false,false,12,2022-04-01,2023-03-31,-1
2024-05-14,7925,2025-03-31,,,,,,,,,,,,,,,,,,,,,,,,,,,,,,60.00,,,,,,,false,true,12,2024-04-01,2025-03-31,1
2024-08-09,7925,2025-03-31,1,5664000000,-0.019,,,,,382000000,0.136,493000000,0.155,,356000000,,24.04,,,,,,49988000000,40830000000,0.815,,40734000000,,,,,,,,,,,,true,false,3,2024-04-01,2024-06-30,0
2024-08-09,7925,2024-03-31,1,5772000000,0.053,,,,,336000000,-0.295,427000000,-0.253,,283000000,,19.14,,,,,,,,,,,,,,,,,,,,,,true,false,3,2023-04-01,2023-06-30,-1
2024-08-09,7925,2025-03-31,1,12130000000,0.034,,,,,950000000,0.160,1080000000,0.116,,700000000,,47.19,,,,,,,,,,,,,,,,,,,,,,true,true,6,2024-04-01,2024-09-30,0
2024-08-09,7925,2025-03-31,1,24500000000,0.024,,,,,2000000000,0.128,2260000000,0.090,,1450000000,,97.75,,,,,,,,,,,,,,,,,,,,,,true,true,12,2024-04-01,2025-03-31,0
2024-08-09,7925,2024-03-31,1,,,,,,,,,,,,,,,,,,,,49353000000,40420000000,0.817,,40325000000,,,,,,,,,,,,true,false,12,2023-04-01,2024-03-31,-1
2024-08-09,7925,2024-03-31,1,,,,,,,,,,,,,,,,,,,,,,,,,,,,,50.00,,,,15732000,892652,,false,false,12,2023-04-01,2024-03-31,-1
2024-08-09,7925,2025-03-31,1,,,,,,,,,,,,,,,,,,,,,,,,,,,,,60.00,,,,,,,false,true,12,2024-04-01,2025-03-31,0
2024-08-09,7925,2025-03-31,1,,,,,,,,,,,,,,,,,,,,,,,,,,,,,,,,,15732000,892675,14839327,false,false,3,2024-04-01,2024-06-30,0
2024-08-09,7925,2024-03-31,1,,,,,,,,,,,,,,,,,,,,,,,,,,,,,,,,,,,14822912,false,false,3,2023-04-01,2023-06-30,-1
2024-10-31,7925,2025-03-31,2,11620000000,-0.009,,,,,1011000000,0.235,1178000000,0.217,,832000000,,56.13,,,,,,48249000000,40863000000,0.845,,40766000000,,,,,,,,,,,,true,false,6,2024-04-01,2024-09-30,0
2024-10-31,7925,2024-03-31,2,11725000000,0.031,,,,,819000000,-0.129,967000000,-0.112,,638000000,,43.09,,,,,,,,,,,,,,,,,,,,,,true,false,6,2023-04-01,2023-09-30,-1
2024-10-31,7925,2025-03-31,2,24500000000,0.024,,,,,2000000000,0.128,2260000000,0.090,,1450000000,,97.75,,,,,,,,,,,,,,,,,,,,,,true,true,12,2024-04-01,2025-03-31,0
2024-10-31,7925,2024-03-31,2,,,,,,,,,,,,,,,,,,,,49353000000,40420000000,0.817,,40325000000,,,,,,,,,,,,true,false,12,2023-04-01,2024-03-31,-1
2024-10-31,7925,2024-03-31,2,,,,,,,,,,,,,,,,,,,,,,,,,,,,,50.00,,,,15732000,892652,,false,false,12,2023-04-01,2024-03-31,-1
2024-10-31,7925,2025-03-31,2,,,,,,,,,,,,,,,,,,,,,,,,,,,,,30.00,,,,,,,false,false,12,2024-04-01,2025-03-31,0
2024-10-31,7925,2025-03-31,2,,,,,,,,,,,,,,,,,,,,,,,,,,,,,60.00,,,,,,,false,true,12,2024-04-01,2025-03-31,0
2024-10-31,7925,2025-03-31,2,,,,,,,,,,,,,,,,,,,,,,,,,,,,,,,,,15732000,892675,14839326,false,false,6,2024-04-01,2024-09-30,0
2024-10-31,7925,2024-03-31,2,,,,,,,,,,,,,,,,,,,,,,,,,,,,,,,,,,,14826604,false,false,6,2023-04-01,2023-09-30,-1
2025-02-13,7925,2025-03-31,3,17845000000,-0.003,,,,,1616000000,0.207,1886000000,0.203,,1340000000,,90.32,,,,,,48848000000,41100000000,0.839,,41003000000,,,,,,,,,,,,true,false,9,2024-04-01,2024-12-31,0
2025-02-13,7925,2024-03-31,3,17896000000,0.023,,,,,1338000000,-0.076,1568000000,-0.065,,1042000000,,70.31,,,,,,,,,,,,,,,,,,,,,,true,false,9,2023-04-01,2023-12-31,-1
2025-02-13,7925,2025-03-31,3,24500000000,0.024,,,,,2000000000,0.128,2260000000,0.090,,1450000000,,97.75,,,,,,,,,,,,,,,,,,,,,,true,true,12,2024-04-01,2025-03-31,0
2025-02-13,7925,2024-03-31,3,,,,,,,,,,,,,,,,,,,,49353000000,40420000000,0.817,,40325000000,,,,,,,,,,,,true,false,12,2023-04-01,2024-03-31,-1
2025-02-13,7925,2024-03-31,3,,,,,,,,,,,,,,,,,,,,,,,,,,,,,50.00,,,,15732000,892652,,false,false,12,2023-04-01,2024-03-31,-1
2025-02-13,7925,2025-03-31,3,,,,,,,,,,,,,,,,,,,,,,,,,,,,,30.00,,,,,,,false,false,12,2024-04-01,2025-03-31,0
2025-02-13,7925,2025-03-31,3,,,,,,,,,,,,,,,,,,,,,,,,,,,,,60.00,,,,,,,false,true,12,2024-04-01,2025-03-31,0
2025-02-13,7925,2025-03-31,3,,,,,,,,,,,,,,,,,,,,,,,,,,,,,,,,,15732000,892675,14839325,false,false,9,2024-04-01,2024-12-31,0
2025-02-13,7925,2024-03-31,3,,,,,,,,,,,,,,,,,,,,,,,,,,,,,,,,,,,14830878,false,false,9,2023-04-01,2023-12-31,-1
2025-05-14,7925,2025-03-31,,24166000000,0.010,,,,,2164000000,0.221,2507000000,0.210,,1714000000,,115.53,,0.042,0.051,0.090,,49901000000,41513000000,0.830,2790.42,41407000000,1874000000,-459000000,-850000000,11805000000,,0.597,,,,,,true,false,12,2024-04-01,2025-03-31,0
2025-05-14,7925,2024-03-31,,23925000000,0.018,,,,,1773000000,-0.089,2072000000,-0.069,,1362000000,,91.83,,0.035,0.043,0.074,,49353000000,40420000000,0.817,2717.45,40325000000,2615000000,-761000000,-812000000,11241000000,,0.544,,,,,,true,false,12,2023-04-01,2024-03-31,-1
2025-05-14,7925,2026-03-31,,12540000000,0.079,,,,,1100000000,0.087,1270000000,0.078,,870000000,,58.62,,,,,,,,,,,,,,,,,,,,,,true,true,6,2025-04-01,2025-09-30,1
2025-05-14,7925,2026-03-31,,25000000000,0.035,,,,,2200000000,0.016,2530000000,0.009,,1730000000,,116.58,,,,,,,,,,,,,,,,0.600,,,,,,true,true,12,2025-04-01,2026-03-31,1
2025-05-14,7925,2025-03-31,,22356000000,0.010,,,,,1965000000,0.177,2304000000,0.173,1587000000,,0.231,106.99,,,,,,48281000000,40944000000,0.848,2759.19,40944000000,,,,,69.00,,,,15732000,892755,14839318,false,false,12,2024-04-01,2025-03-31,0
2025-05-14,7925,2024-03-31,,22144000000,0.011,,,,,1670000000,-0.126,1964000000,-0.101,1290000000,,-0.122,86.98,,,,,,47684000000,40032000000,0.840,2697.74,40032000000,,,,,50.00,,,,15732000,892652,14832988,false,false,12,2023-04-01,2024-03-31,-1
2025-05-14,7925,2026-03-31,,,,,,,,,,,,,,,,,,,,,,,,,,,,,,70.00,,,,,,,false,true,12,2025-04-01,2026-03-31,1
2025-08-08,7925,2026-03-31,1,6121000000,0.081,,,,,562000000,0.472,686000000,0.390,,510000000,,34.41,,,,,,49909000000,41630000000,0.832,,41525000000,,,,,,,,,,,,true,false,3,2025-04-01,2025-06-30,0
2025-08-08,7925,2025-03-31,1,5664000000,-0.019,,,,,382000000,0.136,493000000,0.155,,356000000,,24.04,,,,,,,,,,,,,,,,,,,,,,true,false,3,2024-04-01,2024-06-30,-1
2025-08-08,7925,2026-03-31,1,12540000000,0.079,,,,,1100000000,0.087,1270000000,0.078,,870000000,,58.62,,,,,,,,,,,,,,,,,,,,,,true,true,6,2025-04-01,2025-09-30,0
2025-08-08,7925,2026-03-31,1,25000000000,0.035,,,,,2200000000,0.016,2530000000,0.009,,1730000000,,116.58,,,,,,,,,,,,,,,,,,,,,,true,true,12,2025-04-01,2026-03-31,0
2025-08-08,7925,2025-03-31,1,,,,,,,,,,,,,,,,,,,,49901000000,41513000000,0.830,,41407000000,,,,,,,,,,,,true,false,12,2024-04-01,2025-03-31,-1
2025-08-08,7925,2025-03-31,1,,,,,,,,,,,,,,,,,,,,,,,,,,,,,69.00,,,,15732000,892755,,false,false,12,2024-04-01,2025-03-31,-1
2025-08-08,7925,2026-03-31,1,,,,,,,,,,,,,,,,,,,,,,,,,,,,,70.00,,,,,,,false,true,12,2025-04-01,2026-03-31,0
2025-08-08,7925,2026-03-31,1,,,,,,,,,,,,,,,,,,,,,,,,,,,,,,,,,15732000,892755,14839245,false,false,3,2025-04-01,2025-06-30,0
2025-08-08,7925,2025-03-31,1,,,,,,,,,,,,,,,,,,,,,,,,,,,,,,,,,,,14839327,false,false,3,2024-04-01,2024-06-30,-1
