filing_date,code,fiscal_year_end,quarterly_period,net_sales,net_sales_change,revenue,revenue_change,operating_revenue,operating_revenue_change,operating_profit,operating_profit_change,ordinary_profit,ordinary_profit_change,net_income,net_income_of_parent,net_income_change,eps,diluted_eps,roe,roa,operating_profit_to_net_sales,operating_profit_to_revenue,total_assets,net_assets,equity_ratio,bps,owner_equity,operating_cash_flow,investing_cash_flow,financing_cash_flow,cash,dividend_per_share,payout_ratio,commemorative_dividend,extra_dividend,number_of_shares,number_of_treqsury_shares,avg_number_of_shares,is_consolidated,is_forecast,duration,period_start,period_end,period_pos
2017-05-10,79400,2017-03-31,,26886000000,0.073,,,,,1359000000,0.836,1696000000,0.875,,1107000000,,106.19,,0.128,0.059,0.051,,28541000000,8957000000,0.312,913.39,8899000000,3195000000,-2161000000,-822000000,2062000000,,,,,,,,true,false,12,2016-04-01,2017-03-31,0
2017-05-10,79400,2016-03-31,,25055000000,0.016,,,,,740000000,-0.189,904000000,-0.325,,365000000,,33.14,,0.042,0.030,0.030,,28737000000,8424000000,0.292,753.70,8381000000,779000000,945000000,-1900000000,1773000000,,,,,,,,true,false,12,2015-04-01,2016-03-31,-1
2017-05-10,79400,2018-03-31,,14200000000,,,,,,750000000,,920000000,,,650000000,,66.71,,,,,,,,,,,,,,,,,,,,,,true,true,6,2017-04-01,2017-09-30,1
2017-05-10,79400,2018-03-31,,28000000000,0.041,,,,,1400000000,0.029,1750000000,0.032,,1250000000,,128.29,,,,,,,,,,,,,,,,0.187,,,,,,true,true,12,2017-04-01,2018-03-31,1
2017-05-10,79400,2016-03-31,,,,,,,,,,,,,,,,,,,,,,,,,,,,,,0.00,,,,11120538,,11036911,false,false,12,2015-04-01,2016-03-31,-1
2017-05-10,79400,2017-03-31,,,,,,,,,,,,,,,,,,,,,,,,,,,,,,0.00,,,,11120538,1376673,10434087,false,false,12,2016-04-01,2017-03-31,0
2017-05-10,79400,2018-03-31,,,,,,,,,,,,,,,,,,,,,,,,,,,,,,24.00,,,,,,,false,true,12,2017-04-01,2018-03-31,1
2017-07-18,79400,2018-03-31,,14300000000,0.007,,,,,1000000000,0.333,1160000000,0.261,830000000,,0.277,85.18,,,,,,,,,,,,,,,,,,,,,,true,true,6,2017-04-01,2017-09-30,0
2017-07-18,79400,2018-03-31,,28100000000,0.004,,,,,1650000000,0.179,1990000000,0.137,1430000000,,0.144,146.76,,,,,,,,,,,,,,,,,,,,,,true,true,12,2017-04-01,2018-03-31,0
2017-07-18,79400,2017-03-31,,26886000000,,,,,,1359000000,,1696000000,,1107000000,,,106.19,,,,,,,,,,,,,,,,,,,,,,true,false,12,2016-04-01,2017-03-31,-1
2017-07-31,79400,2018-03-31,1,7649000000,,,,,,744000000,,824000000,,,598000000,,61.41,60.99,,,,,28688000000,9545000000,0.332,,9522000000,,,,,,,,,,,,true,false,3,2017-04-01,2017-06-30,0
2017-07-31,79400,2018-03-31,1,14300000000,,,,,,1000000000,,1160000000,,,830000000,,85.18,,,,,,,,,,,,,,,,,,,,,,true,true,6,2017-04-01,2017-09-30,0
2017-07-31,79400,2018-03-31,1,28100000000,0.045,,,,,1650000000,0.213,1990000000,0.173,,1430000000,,146.76,,,,,,,,,,,,,,,,,,,,,,true,true,12,2017-04-01,2018-03-31,0
2017-07-31,79400,2017-03-31,1,,,,,,,,,,,,,,,,,,,,28541000000,8957000000,0.312,,8899000000,,,,,,,,,,,,true,false,12,2016-04-01,2017-03-31,-1
2017-07-31,79400,2017-03-31,1,,,,,,,,,,,,,,,,,,,,,,,,,,,,,0.00,,,,11120538,1376673,,false,false,12,2016-04-01,2017-03-31,-1
2017-07-31,79400,2018-03-31,1,,,,,,,,,,,,,,,,,,,,,,,,,,,,,24.00,,,,,,,false,true,12,2017-04-01,2018-03-31,0
2017-07-31,79400,2018-03-31,1,,,,,,,,,,,,,,,,,,,,,,,,,,,,,,,,,11120538,1376673,9743865,false,false,3,2017-04-01,2017-06-30,0
2017-10-31,79400,2018-03-31,2,14381000000,,,,,,1118000000,,1297000000,,,954000000,,97.36,95.95,,,,,29102000000,10032000000,0.344,,10008000000,,,,,,,,,,,,true,false,6,2017-04-01,2017-09-30,0
2017-10-31,79400,2018-03-31,2,28100000000,0.045,,,,,1800000000,0.324,2170000000,0.279,,1600000000,,162.25,,,,,,,,,,,,,,,,,,,,,,true,true,12,2017-04-01,2018-03-31,0
2017-10-31,79400,2017-03-31,2,,,,,,,,,,,,,,,,,,,,28541000000,8957000000,0.312,,8899000000,,,,,,,,,,,,true,false,12,2016-04-01,2017-03-31,-1
2017-10-31,79400,2017-03-31,2,,,,,,,,,,,,,,,,,,,,,,,,,,,,,0.00,,,,11120538,1376673,,false,false,12,2016-04-01,2017-03-31,-1
2017-10-31,79400,2018-03-31,2,,,,,,,,,,,,,,,,,,,,,,,,,,,,,12.00,,,,,,,false,false,12,2017-04-01,2018-03-31,0
2017-10-31,79400,2018-03-31,2,,,,,,,,,,,,,,,,,,,,,,,,,,,,,25.00,,,,,,,false,true,12,2017-04-01,2018-03-31,0
2017-10-31,79400,2018-03-31,2,,,,,,,,,,,,,,,,,,,,,,,,,,,,,,,,,11120538,1202973,9805238,false,false,6,2017-04-01,2017-09-30,0
2018-01-31,79400,2018-03-31,3,20934000000,0.047,,,,,1492000000,0.473,1765000000,0.369,,1314000000,,133.42,131.63,,,,,29236000000,10314000000,0.352,,10288000000,,,,,,,,,,,,true,false,9,2017-04-01,2017-12-31,0
2018-01-31,79400,2017-03-31,3,19993000000,,,,,,1013000000,,1289000000,,,934000000,,87.62,,,,,,,,,,,,,,,,,,,,,,true,false,9,2016-04-01,2016-12-31,-1
2018-01-31,79400,2018-03-31,3,28100000000,0.045,,,,,1800000000,0.324,2170000000,0.279,,1600000000,,162.08,,,,,,,,,,,,,,,,,,,,,,true,true,12,2017-04-01,2018-03-31,0
2018-01-31,79400,2017-03-31,3,,,,,,,,,,,,,,,,,,,,28541000000,8957000000,0.312,,8899000000,,,,,,,,,,,,true,false,12,2016-04-01,2017-03-31,-1
2018-01-31,79400,2017-03-31,3,,,,,,,,,,,,,,,,,,,,,,,,,,,,,0.00,,,,11120538,1376673,,false,false,12,2016-04-01,2017-03-31,-1
2018-01-31,79400,2018-03-31,3,,,,,,,,,,,,,,,,,,,,,,,,,,,,,12.00,,,,,,,false,false,12,2017-04-01,2018-03-31,0
2018-01-31,79400,2018-03-31,3,,,,,,,,,,,,,,,,,,,,,,,,,,,,,25.00,,,,,,,false,true,12,2017-04-01,2018-03-31,0
2018-01-31,79400,2018-03-31,3,,,,,,,,,,,,,,,,,,,,,,,,,,,,,,,,,11120538,1182273,9849741,false,false,9,2017-04-01,2017-12-31,0
2018-01-31,79400,2017-03-31,3,,,,,,,,,,,,,,,,,,,,,,,,,,,,,,,,,,,10659978,false,false,9,2016-04-01,2016-12-31,-1
2018-05-10,79400,2018-03-31,,27702000000,0.030,,,,,1834000000,0.349,2144000000,0.264,,1594000000,,161.52,157.87,0.163,0.074,0.066,,29775000000,10669000000,0.357,1066.59,10644000000,1882000000,-776000000,-688000000,2489000000,,0.173,,,,,,true,false,12,2017-04-01,2018-03-31,0
2018-05-10,79400,2017-03-31,,26886000000,0.073,,,,,1359000000,0.836,1696000000,0.875,,1107000000,,106.19,,0.128,0.059,0.051,,28541000000,8957000000,0.312,913.39,8899000000,3195000000,-2161000000,-822000000,2062000000,,,,,,,,true,false,12,2016-04-01,2017-03-31,-1
2018-05-10,79400,2019-03-31,,14400000000,0.001,,,,,900000000,-0.195,1070000000,-0.176,,790000000,,79.16,,,,,,,,,,,,,,,,,,,,,,true,true,6,2018-04-01,2018-09-30,1
2018-05-10,79400,2019-03-31,,28500000000,0.029,,,,,1840000000,0.003,2160000000,0.007,,1600000000,,160.32,,,,,,,,,,,,,,,,0.175,,,,,,true,true,12,2018-04-01,2019-03-31,1
2018-05-10,79400,2017-03-31,,,,,,,,,,,,,,,,,,,,,,,,,,,,,,0.00,,,,11120538,1376673,10434087,false,false,12,2016-04-01,2017-03-31,-1
2018-05-10,79400,2018-03-31,,,,,,,,,,,,,,,,,,,,,,,,,,,,,,28.00,,,,11120538,1140373,9875128,false,false,12,2017-04-01,2018-03-31,0
2018-05-10,79400,2019-03-31,,,,,,,,,,,,,,,,,,,,,,,,,,,,,,28.00,,,,,,,false,true,12,2018-04-01,2019-03-31,1
2018-07-31,79400,2019-03-31,1,7577000000,-0.009,,,,,569000000,-0.235,707000000,-0.141,,506000000,,50.61,49.38,,,,,29570000000,10995000000,0.371,,10970000000,,,,,,,,,,,,true,false,3,2018-04-01,2018-06-30,0
2018-07-31,79400,2018-03-31,1,7649000000,,,,,,744000000,,824000000,,,598000000,,61.41,60.99,,,,,,,,,,,,,,,,,,,,,true,false,3,2017-04-01,2017-06-30,-1
2018-07-31,79400,2019-03-31,1,14400000000,0.001,,,,,900000000,-0.195,1070000000,-0.176,,790000000,,80.31,,,,,,,,,,,,,,,,,,,,,,true,true,6,2018-04-01,2018-09-30,0
2018-07-31,79400,2019-03-31,1,28500000000,0.029,,,,,1840000000,0.003,2160000000,0.007,,1600000000,,165.41,,,,,,,,,,,,,,,,,,,,,,true,true,12,2018-04-01,2019-03-31,0
2018-07-31,79400,2018-03-31,1,,,,,,,,,,,,,,,,,,,,29775000000,10669000000,0.357,,10644000000,,,,,,,,,,,,true,false,12,2017-04-01,2018-03-31,-1
2018-07-31,79400,2018-03-31,1,,,,,,,,,,,,,,,,,,,,,,,,,,,,,28.00,,,,11120538,1140373,,false,false,12,2017-04-01,2018-03-31,-1
2018-07-31,79400,2019-03-31,1,,,,,,,,,,,,,,,,,,,,,,,,,,,,,28.00,,,,,,,false,true,12,2018-04-01,2019-03-31,0
2018-07-31,79400,2019-03-31,1,,,,,,,,,,,,,,,,,,,,,,,,,,,,,,,,,11120538,1113273,10000276,false,false,3,2018-04-01,2018-06-30,0
2018-07-31,79400,2018-03-31,1,,,,,,,,,,,,,,,,,,,,,,,,,,,,,,,,,,,9743865,false,false,3,2017-04-01,2017-06-30,-1
2018-10-31,79400,2019-03-31,2,14364000000,-0.001,,,,,861000000,-0.230,1082000000,-0.166,,795000000,,79.90,78.21,,,,,29737000000,11119000000,0.373,,11093000000,,,,,,,,,,,,true,false,6,2018-04-01,2018-09-30,0
2018-10-31,79400,2018-03-31,2,14381000000,,,,,,1118000000,,1297000000,,,954000000,,97.36,95.95,,,,,,,,,,,,,,,,,,,,,true,false,6,2017-04-01,2017-09-30,-1
2018-10-31,79400,2019-03-31,2,28500000000,0.029,,,,,1840000000,0.003,2160000000,0.007,,1600000000,,163.51,,,,,,,,,,,,,,,,,,,,,,true,true,12,2018-04-01,2019-03-31,0
2018-10-31,79400,2018-03-31,2,,,,,,,,,,,,,,,,,,,,29775000000,10669000000,0.357,,10644000000,,,,,,,,,,,,true,false,12,2017-04-01,2018-03-31,-1
2018-10-31,79400,2018-03-31,2,,,,,,,,,,,,,,,,,,,,,,,,,,,,,28.00,,,,11120538,1140373,,false,false,12,2017-04-01,2018-03-31,-1
2018-10-31,79400,2019-03-31,2,,,,,,,,,,,,,,,,,,,,,,,,,,,,,14.00,,,,,,,false,false,12,2018-04-01,2019-03-31,0
2018-10-31,79400,2019-03-31,2,,,,,,,,,,,,,,,,,,,,,,,,,,,,,28.00,,,,,,,false,true,12,2018-04-01,2019-03-31,0
2018-10-31,79400,2019-03-31,2,,,,,,,,,,,,,,,,,,,,,,,,,,,,,,,,,11120538,1275273,9962461,false,false,6,2018-04-01,2018-09-30,0
2018-10-31,79400,2018-03-31,2,,,,,,,,,,,,,,,,,,,,,,,,,,,,,,,,,,,9805238,false,false,6,2017-04-01,2017-09-30,-1
2019-01-31,79400,2019-03-31,3,21347000000,0.020,,,,,1215000000,-0.185,1519000000,-0.139,,1127000000,,114.60,112.45,,,,,29659000000,11026000000,0.371,,11000000000,,,,,,,,,,,,true,false,9,2018-04-01,2018-12-31,0
2019-01-31,79400,2018-03-31,3,20934000000,0.047,,,,,1492000000,0.473,1765000000,0.369,,1314000000,,133.42,131.63,,,,,,,,,,,,,,,,,,,,,true,false,9,2017-04-01,2017-12-31,-1
2019-01-31,79400,2019-03-31,3,28500000000,0.029,,,,,1840000000,0.003,2160000000,0.007,,1600000000,,163.86,,,,,,,,,,,,,,,,,,,,,,true,true,12,2018-04-01,2019-03-31,0
2019-01-31,79400,2018-03-31,3,,,,,,,,,,,,,,,,,,,,29775000000,10669000000,0.357,,10644000000,,,,,,,,,,,,true,false,12,2017-04-01,2018-03-31,-1
2019-01-31,79400,2018-03-31,3,,,,,,,,,,,,,,,,,,,,,,,,,,,,,28.00,,,,11120538,1140373,,false,false,12,2017-04-01,2018-03-31,-1
2019-01-31,79400,2019-03-31,3,,,,,,,,,,,,,,,,,,,,,,,,,,,,,14.00,,,,,,,false,false,12,2018-04-01,2019-03-31,0
2019-01-31,79400,2019-03-31,3,,,,,,,,,,,,,,,,,,,,,,,,,,,,,28.00,,,,,,,false,true,12,2018-04-01,2019-03-31,0
2019-01-31,79400,2019-03-31,3,,,,,,,,,,,,,,,,,,,,,,,,,,,,,,,,,11120538,1592248,9841868,false,false,9,2018-04-01,2018-12-31,0
2019-01-31,79400,2018-03-31,3,,,,,,,,,,,,,,,,,,,,,,,,,,,,,,,,,,,9849741,false,false,9,2017-04-01,2017-12-31,-1
2019-05-13,79400,2019-03-31,,28229000000,0.019,,,,,1521000000,-0.171,1943000000,-0.094,,1429000000,,146.36,143.86,0.131,0.066,0.054,,29481000000,11277000000,0.382,1180.37,11252000000,1520000000,-855000000,-1088000000,2044000000,,0.191,,,,,,true,false,12,2018-04-01,2019-03-31,0
2019-05-13,79400,2018-03-31,,27702000000,0.030,,,,,1834000000,0.349,2144000000,0.264,,1594000000,,161.52,157.87,0.163,0.074,0.066,,29775000000,10669000000,0.357,1066.59,10644000000,1882000000,-776000000,-688000000,2489000000,,0.173,,,,,,true,false,12,2017-04-01,2018-03-31,-1
2019-05-13,79400,2020-03-31,,14500000000,0.009,,,,,940000000,0.091,930000000,-0.140,,630000000,,66.08,,,,,,,,,,,,,,,,,,,,,,true,true,6,2019-04-01,2019-09-30,1
2019-05-13,79400,2020-03-31,,29000000000,0.027,,,,,1800000000,0.183,1780000000,-0.084,,1200000000,,125.87,,,,,,,,,,,,,,,,0.238,,,,,,true,true,12,2019-04-01,2020-03-31,1
2019-05-13,79400,2018-03-31,,,,,,,,,,,,,,,,,,,,,,,,,,,,,,28.00,,,,11120538,1140373,9875128,false,false,12,2017-04-01,2018-03-31,-1
2019-05-13,79400,2019-03-31,,,,,,,,,,,,,,,,,,,,,,,,,,,,,,28.00,,,,11120538,1587248,9764972,false,false,12,2018-04-01,2019-03-31,0
2019-05-13,79400,2020-03-31,,,,,,,,,,,,,,,,,,,,,,,,,,,,,,30.00,,,,,,,false,true,12,2019-04-01,2020-03-31,1
2019-07-31,79400,2020-03-31,1,7881000000,0.040,,,,,721000000,0.268,703000000,-0.007,,477000000,,50.11,49.66,,,,,29772000000,11632000000,0.390,,11605000000,,,,,,,,,,,,true,false,3,2019-04-01,2019-06-30,0
2019-07-31,79400,2019-03-31,1,7577000000,-0.009,,,,,569000000,-0.235,707000000,-0.141,,506000000,,50.61,49.38,,,,,,,,,,,,,,,,,,,,,true,false,3,2018-04-01,2018-06-30,-1
2019-07-31,79400,2020-03-31,1,14500000000,0.009,,,,,940000000,0.091,930000000,-0.140,,630000000,,66.08,,,,,,,,,,,,,,,,,,,,,,true,true,6,2019-04-01,2019-09-30,0
2019-07-31,79400,2020-03-31,1,29000000000,0.027,,,,,1800000000,0.183,1780000000,-0.084,,1200000000,,125.87,,,,,,,,,,,,,,,,,,,,,,true,true,12,2019-04-01,2020-03-31,0
2019-07-31,79400,2019-03-31,1,,,,,,,,,,,,,,,,,,,,29481000000,11277000000,0.382,,11252000000,,,,,,,,,,,,true,false,12,2018-04-01,2019-03-31,-1
2019-07-31,79400,2019-03-31,1,,,,,,,,,,,,,,,,,,,,,,,,,,,,,28.00,,,,11120538,1587248,,false,false,12,2018-04-01,2019-03-31,-1
2019-07-31,79400,2020-03-31,1,,,,,,,,,,,,,,,,,,,,,,,,,,,,,30.00,,,,,,,false,true,12,2019-04-01,2020-03-31,0
2019-07-31,79400,2020-03-31,1,,,,,,,,,,,,,,,,,,,,,,,,,,,,,,,,,11120538,1587248,9533290,false,false,3,2019-04-01,2019-06-30,0
2019-07-31,79400,2019-03-31,1,,,,,,,,,,,,,,,,,,,,,,,,,,,,,,,,,,,10000276,false,false,3,2018-04-01,2018-06-30,-1
2019-10-31,79400,2020-03-31,2,14903000000,0.038,,,,,1004000000,0.165,985000000,-0.090,,694000000,,72.88,72.25,,,,,29476000000,11813000000,0.400,,11786000000,,,,,,,,,,,,true,false,6,2019-04-01,2019-09-30,0
2019-10-31,79400,2019-03-31,2,14364000000,-0.001,,,,,861000000,-0.230,1082000000,-0.166,,795000000,,79.90,78.21,,,,,,,,,,,,,,,,,,,,,true,false,6,2018-04-01,2018-09-30,-1
2019-10-31,79400,2020-03-31,2,29000000000,0.027,,,,,1800000000,0.183,1780000000,-0.084,,1200000000,,125.85,,,,,,,,,,,,,,,,,,,,,,true,true,12,2019-04-01,2020-03-31,0
2019-10-31,79400,2019-03-31,2,,,,,,,,,,,,,,,,,,,,29481000000,11277000000,0.382,,11252000000,,,,,,,,,,,,true,false,12,2018-04-01,2019-03-31,-1
2019-10-31,79400,2019-03-31,2,,,,,,,,,,,,,,,,,,,,,,,,,,,,,28.00,,,,11120538,1587248,,false,false,12,2018-04-01,2019-03-31,-1
2019-10-31,79400,2020-03-31,2,,,,,,,,,,,,,,,,,,,,,,,,,,,,,15.00,,,,,,,false,false,12,2019-04-01,2020-03-31,0
2019-10-31,79400,2020-03-31,2,,,,,,,,,,,,,,,,,,,,,,,,,,,,,30.00,,,,,,,false,true,12,2019-04-01,2020-03-31,0
2019-10-31,79400,2020-03-31,2,,,,,,,,,,,,,,,,,,,,,,,,,,,,,,,,,11120538,1583948,9534271,false,false,6,2019-04-01,2019-09-30,0
2019-10-31,79400,2019-03-31,2,,,,,,,,,,,,,,,,,,,,,,,,,,,,,,,,,,,9962461,false,false,6,2018-04-01,2018-09-30,-1
2020-01-31,79400,2020-03-31,3,21439000000,0.004,,,,,1218000000,0.003,1210000000,-0.203,,867000000,,90.99,90.13,,,,,28716000000,11798000000,0.410,,11771000000,,,,,,,,,,,,true,false,9,2019-04-01,2019-12-31,0
2020-01-31,79400,2019-03-31,3,21347000000,0.020,,,,,1215000000,-0.185,1519000000,-0.139,,1127000000,,114.60,112.45,,,,,,,,,,,,,,,,,,,,,true,false,9,2018-04-01,2018-12-31,-1
2020-01-31,79400,2020-03-31,3,29000000000,0.027,,,,,1800000000,0.183,1780000000,-0.084,,1200000000,,125.85,,,,,,,,,,,,,,,,,,,,,,true,true,12,2019-04-01,2020-03-31,0
2020-01-31,79400,2019-03-31,3,,,,,,,,,,,,,,,,,,,,29481000000,11277000000,0.382,,11252000000,,,,,,,,,,,,true,false,12,2018-04-01,2019-03-31,-1
2020-01-31,79400,2019-03-31,3,,,,,,,,,,,,,,,,,,,,,,,,,,,,,28.00,,,,11120538,1587248,,false,false,12,2018-04-01,2019-03-31,-1
2020-01-31,79400,2020-03-31,3,,,,,,,,,,,,,,,,,,,,,,,,,,,,,15.00,,,,,,,false,false,12,2019-04-01,2020-03-31,0
2020-01-31,79400,2020-03-31,3,,,,,,,,,,,,,,,,,,,,,,,,,,,,,30.00,,,,,,,false,true,12,2019-04-01,2020-03-31,0
2020-01-31,79400,2020-03-31,3,,,,,,,,,,,,,,,,,,,,,,,,,,,,,,,,,11120538,1583989,9535033,false,false,9,2019-04-01,2019-12-31,0
2020-01-31,79400,2019-03-31,3,,,,,,,,,,,,,,,,,,,,,,,,,,,,,,,,,,,9841868,false,false,9,2018-04-01,2018-12-31,-1
2020-05-14,79400,2020-03-31,,29251000000,0.036,,,,,1622000000,0.067,1598000000,-0.177,,1108000000,,116.30,115.27,0.095,0.055,0.055,,29144000000,12078000000,0.413,1263.22,12050000000,2864000000,-465000000,-2114000000,2367000000,,0.258,,,,,,true,false,12,2019-04-01,2020-03-31,0
2020-05-14,79400,2019-03-31,,28229000000,0.019,,,,,1521000000,-0.171,1943000000,-0.094,,1429000000,,146.36,143.86,0.131,0.066,0.054,,29481000000,11277000000,0.382,1180.37,11252000000,1520000000,-855000000,-1088000000,2044000000,,0.191,,,,,,true,false,12,2018-04-01,2019-03-31,-1
2020-05-14,79400,2021-03-31,,14000000000,-0.061,,,,,850000000,-0.154,840000000,-0.147,,550000000,,57.65,,,,,,,,,,,,,,,,,,,,,,true,true,6,2020-04-01,2020-09-30,1
2020-05-14,79400,2021-03-31,,29000000000,-0.009,,,,,1600000000,-0.014,1580000000,-0.012,,1000000000,,104.83,,,,,,,,,,,,,,,,0.286,,,,,,true,true,12,2020-04-01,2021-03-31,1
2020-05-14,79400,2019-03-31,,,,,,,,,,,,,,,,,,,,,,,,,,,,,,28.00,,,,11120538,1587248,9764972,false,false,12,2018-04-01,2019-03-31,-1
2020-05-14,79400,2020-03-31,,,,,,,,,,,,,,,,,,,,,,,,,,,,,,30.00,,,,11120538,1580989,9535664,false,false,12,2019-04-01,2020-03-31,0
2020-05-14,79400,2021-03-31,,,,,,,,,,,,,,,,,,,,,,,,,,,,,,30.00,,,,,,,false,true,12,2020-04-01,2021-03-31,1
2020-07-31,79400,2021-03-31,1,7756000000,-0.016,,,,,664000000,-0.080,657000000,-0.065,,448000000,,46.52,46.30,,,,,28898000000,12505000000,0.432,,12476000000,,,,,,,,,,,,true,false,3,2020-04-01,2020-06-30,0
2020-07-31,79400,2020-03-31,1,7881000000,0.040,,,,,721000000,0.268,703000000,-0.007,,477000000,,50.11,49.66,,,,,,,,,,,,,,,,,,,,,true,false,3,2019-04-01,2019-06-30,-1
2020-07-31,79400,2021-03-31,1,14000000000,-0.061,,,,,850000000,-0.154,840000000,-0.147,,550000000,,56.61,,,,,,,,,,,,,,,,,,,,,,true,true,6,2020-04-01,2020-09-30,0
2020-07-31,79400,2021-03-31,1,29000000000,-0.009,,,,,1600000000,-0.014,1580000000,-0.012,,1000000000,,102.58,,,,,,,,,,,,,,,,,,,,,,true,true,12,2020-04-01,2021-03-31,0
2020-07-31,79400,2020-03-31,1,,,,,,,,,,,,,,,,,,,,29144000000,12078000000,0.413,,12050000000,,,,,,,,,,,,true,false,12,2019-04-01,2020-03-31,-1
2020-07-31,79400,2020-03-31,1,,,,,,,,,,,,,,,,,,,,,,,,,,,,,30.00,,,,11120538,1580989,,false,false,12,2019-04-01,2020-03-31,-1
2020-07-31,79400,2021-03-31,1,,,,,,,,,,,,,,,,,,,,,,,,,,,,,30.00,,,,,,,false,true,12,2020-04-01,2021-03-31,0
2020-07-31,79400,2021-03-31,1,,,,,,,,,,,,,,,,,,,,,,,,,,,,,,,,,11120538,1339489,9649909,false,false,3,2020-04-01,2020-06-30,0
2020-07-31,79400,2020-03-31,1,,,,,,,,,,,,,,,,,,,,,,,,,,,,,,,,,,,9533290,false,false,3,2019-04-01,2019-06-30,-1
2020-10-30,7940,2021-03-31,2,14981000000,0.005,,,,,960000000,-0.044,925000000,-0.061,,622000000,,64.04,63.61,,,,,29009000000,12675000000,0.436,,12646000000,,,,,,,,,,,,true,false,6,2020-04-01,2020-09-30,0
2020-10-30,7940,2020-03-31,2,14903000000,0.038,,,,,1004000000,0.165,985000000,-0.090,,694000000,,72.88,72.25,,,,,,,,,,,,,,,,,,,,,true,false,6,2019-04-01,2019-09-30,-1
2020-10-30,7940,2021-03-31,2,29000000000,-0.009,,,,,1600000000,-0.014,1580000000,-0.012,,1000000000,,102.58,,,,,,,,,,,,,,,,,,,,,,true,true,12,2020-04-01,2021-03-31,0
2020-10-30,7940,2020-03-31,2,,,,,,,,,,,,,,,,,,,,29144000000,12078000000,0.413,,12050000000,,,,,,,,,,,,true,false,12,2019-04-01,2020-03-31,-1
2020-10-30,7940,2020-03-31,2,,,,,,,,,,,,,,,,,,,,,,,,,,,,,30.00,,,,11120538,1580989,,false,false,12,2019-04-01,2020-03-31,-1
2020-10-30,7940,2021-03-31,2,,,,,,,,,,,,,,,,,,,,,,,,,,,,,15.00,,,,,,,false,false,12,2020-04-01,2021-03-31,0
2020-10-30,7940,2021-03-31,2,,,,,,,,,,,,,,,,,,,,,,,,,,,,,30.00,,,,,,,false,true,12,2020-04-01,2021-03-31,0
2020-10-30,7940,2021-03-31,2,,,,,,,,,,,,,,,,,,,,,,,,,,,,,,,,,11120538,1339489,9715838,false,false,6,2020-04-01,2020-09-30,0
2020-10-30,7940,2020-03-31,2,,,,,,,,,,,,,,,,,,,,,,,,,,,,,,,,,,,9534271,false,false,6,2019-04-01,2019-09-30,-1
2021-01-29,79400,2021-03-31,3,21728000000,0.013,,,,,1241000000,0.018,1197000000,-0.011,,790000000,,81.21,80.86,,,,,28331000000,12699000000,0.447,,12667000000,,,,,,,,,,,,true,false,9,2020-04-01,2020-12-31,0
2021-01-29,79400,2020-03-31,3,21439000000,0.004,,,,,1218000000,0.003,1210000000,-0.203,,867000000,,90.99,90.13,,,,,,,,,,,,,,,,,,,,,true,false,9,2019-04-01,2019-12-31,-1
2021-01-29,79400,2021-03-31,3,29000000000,-0.009,,,,,1600000000,-0.014,1580000000,-0.012,,1000000000,,102.58,,,,,,,,,,,,,,,,,,,,,,true,true,12,2020-04-01,2021-03-31,0
2021-01-29,79400,2020-03-31,3,,,,,,,,,,,,,,,,,,,,29144000000,12078000000,0.413,,12050000000,,,,,,,,,,,,true,false,12,2019-04-01,2020-03-31,-1
2021-01-29,79400,2020-03-31,3,,,,,,,,,,,,,,,,,,,,,,,,,,,,,30.00,,,,11120538,1580989,,false,false,12,2019-04-01,2020-03-31,-1
2021-01-29,79400,2021-03-31,3,,,,,,,,,,,,,,,,,,,,,,,,,,,,,15.00,,,,,,,false,false,12,2020-04-01,2021-03-31,0
2021-01-29,79400,2021-03-31,3,,,,,,,,,,,,,,,,,,,,,,,,,,,,,30.00,,,,,,,false,true,12,2020-04-01,2021-03-31,0
2021-01-29,79400,2021-03-31,3,,,,,,,,,,,,,,,,,,,,,,,,,,,,,,,,,11120538,1339489,9737654,false,false,9,2020-04-01,2020-12-31,0
2021-01-29,79400,2020-03-31,3,,,,,,,,,,,,,,,,,,,,,,,,,,,,,,,,,,,9535033,false,false,9,2019-04-01,2019-12-31,-1
2021-02-10,79400,2021-03-31,,29000000000,0.000,,,,,1600000000,0.000,1580000000,0.000,2500000000,,1.500,256.45,,,,,,,,,,,,,,,,,,,,,,true,true,12,2020-04-01,2021-03-31,0
2021-02-10,79400,2020-03-31,,29251000000,,,,,,1622000000,,1598000000,,1108000000,,,116.30,,,,,,,,,,,,,,,,,,,,,,true,false,12,2019-04-01,2020-03-31,-1
2021-05-13,79400,2021-03-31,,29248000000,-0.000,,,,,1489000000,-0.082,1428000000,-0.106,,2386000000,,244.82,244.01,0.181,0.052,0.051,,26092000000,14289000000,0.546,1457.60,14431000000,2114000000,1291000000,-884000000,4882000000,,0.123,,,,,,true,false,12,2020-04-01,2021-03-31,0
2021-05-13,79400,2020-03-31,,29251000000,0.036,,,,,1622000000,0.067,1598000000,-0.177,,1108000000,,116.30,115.27,0.095,0.055,0.055,,29144000000,12078000000,0.413,1263.22,12050000000,2864000000,-465000000,-2114000000,2367000000,,0.258,,,,,,true,false,12,2019-04-01,2020-03-31,-1
2021-05-13,79400,2020-03-31,,,,,,,,,,,,,,,,,,,,,,,,,,,,,,30.00,,,,11120538,1580989,9535664,false,false,12,2019-04-01,2020-03-31,-1
2021-05-13,79400,2021-03-31,,,,,,,,,,,,,,,,,,,,,,,,,,,,,,30.00,,,,11120538,1339489,9748354,false,false,12,2020-04-01,2021-03-31,0
2021-05-13,79400,2021-03-31,,29248000000,-0.000,,,,,1489000000,-0.082,1428000000,-0.106,,2386000000,,244.82,244.01,0.181,0.052,0.051,,26092000000,14289000000,0.546,1457.60,14256000000,2114000000,1291000000,-884000000,4882000000,,0.123,,,,,,true,false,12,2020-04-01,2021-03-31,0
2021-05-13,79400,2020-03-31,,29251000000,0.036,,,,,1622000000,0.067,1598000000,-0.177,,1108000000,,116.30,115.27,0.095,0.055,0.055,,29144000000,12078000000,0.413,1263.22,12050000000,2864000000,-465000000,-2114000000,2367000000,,0.258,,,,,,true,false,12,2019-04-01,2020-03-31,-1
2021-05-13,79400,2020-03-31,,,,,,,,,,,,,,,,,,,,,,,,,,,,,,30.00,,,,11120538,1580989,9535664,false,false,12,2019-04-01,2020-03-31,-1
2021-05-13,79400,2021-03-31,,,,,,,,,,,,,,,,,,,,,,,,,,,,,,30.00,,,,11120538,1339489,9748354,false,false,12,2020-04-01,2021-03-31,0
2021-06-10,79400,2022-03-31,,10600000000,,,,,,410000000,,550000000,,,380000000,,38.80,,,,,,,,,,,,,,,,,,,,,,true,true,6,2021-04-01,2021-09-30,0
2021-06-10,79400,2021-03-31,,14981000000,,,,,,960000000,,925000000,,,622000000,,64.04,,,,,,,,,,,,,,,,,,,,,,true,false,6,2020-04-01,2020-09-30,-1
2021-06-10,79400,2022-03-31,,20400000000,,,,,,730000000,,1030000000,,,740000000,,75.57,,,,,,,,,,,,,,,,,,,,,,true,true,12,2021-04-01,2022-03-31,0
2021-06-10,79400,2021-03-31,,29248000000,,,,,,1489000000,,1428000000,,,2386000000,,244.82,,,,,,,,,,,,,,,,,,,,,,true,false,12,2020-04-01,2021-03-31,-1
2021-06-10,79400,2022-03-31,,,,,,,,,,,,,,,,,,,,,,,,,,,,,,30.00,,,,,,,false,true,12,2021-04-01,2022-03-31,0
2021-06-10,79400,2021-03-31,,,,,,,,,,,,,,,,,,,,,,,,,,,,,,30.00,,,,,,,false,false,12,2020-04-01,2021-03-31,-1
2021-07-30,79400,2022-03-31,1,5760000000,-0.257,,,,,424000000,-0.361,536000000,-0.184,,374000000,,38.26,,,,,,24880000000,14562000000,0.584,,14524000000,,,,,,,,,,,,true,false,3,2021-04-01,2021-06-30,0
2021-07-30,79400,2021-03-31,1,7756000000,-0.016,,,,,664000000,-0.080,657000000,-0.065,,448000000,,46.52,46.30,,,,,,,,,,,,,,,,,,,,,true,false,3,2020-04-01,2020-06-30,-1
2021-07-30,79400,2022-03-31,1,10600000000,-0.292,,,,,490000000,-0.490,640000000,-0.308,,450000000,,45.96,,,,,,,,,,,,,,,,,,,,,,true,true,6,2021-04-01,2021-09-30,0
2021-07-30,79400,2022-03-31,1,20400000000,-0.303,,,,,750000000,-0.497,1070000000,-0.251,,770000000,,78.63,,,,,,,,,,,,,,,,,,,,,,true,true,12,2021-04-01,2022-03-31,0
2021-07-30,79400,2021-03-31,1,,,,,,,,,,,,,,,,,,,,26092000000,14289000000,0.546,,14256000000,,,,,,,,,,,,true,false,12,2020-04-01,2021-03-31,-1
2021-07-30,79400,2021-03-31,1,,,,,,,,,,,,,,,,,,,,,,,,,,,,,30.00,,,,11120538,1339489,,false,false,12,2020-04-01,2021-03-31,-1
2021-07-30,79400,2022-03-31,1,,,,,,,,,,,,,,,,,,,,,,,,,,,,,30.00,,,,,,,false,true,12,2021-04-01,2022-03-31,0
2021-07-30,79400,2022-03-31,1,,,,,,,,,,,,,,,,,,,,,,,,,,,,,,,,,11120538,1334689,9785849,false,false,3,2021-04-01,2021-06-30,0
2021-07-30,79400,2021-03-31,1,,,,,,,,,,,,,,,,,,,,,,,,,,,,,,,,,,,9649909,false,false,3,2020-04-01,2020-06-30,-1
2021-10-29,7940,2022-03-31,2,10847000000,-0.276,,,,,537000000,-0.440,701000000,-0.242,,534000000,,54.55,,,,,,24474000000,14740000000,0.601,,14700000000,,,,,,,,,,,,true,false,6,2021-04-01,2021-09-30,0
2021-10-29,7940,2021-03-31,2,14981000000,0.005,,,,,960000000,-0.044,925000000,-0.061,,622000000,,64.04,63.61,,,,,,,,,,,,,,,,,,,,,true,false,6,2020-04-01,2020-09-30,-1
2021-10-29,7940,2022-03-31,2,20400000000,-0.303,,,,,750000000,-0.497,1070000000,-0.251,,770000000,,81.74,,,,,,,,,,,,,,,,,,,,,,true,true,12,2021-04-01,2022-03-31,0
2021-10-29,7940,2021-03-31,2,,,,,,,,,,,,,,,,,,,,26092000000,14289000000,0.546,,14256000000,,,,,,,,,,,,true,false,12,2020-04-01,2021-03-31,-1
2021-10-29,7940,2021-03-31,2,,,,,,,,,,,,,,,,,,,,,,,,,,,,,30.00,,,,11120538,1339489,,false,false,12,2020-04-01,2021-03-31,-1
2021-10-29,7940,2022-03-31,2,,,,,,,,,,,,,,,,,,,,,,,,,,,,,15.00,,,,,,,false,false,12,2021-04-01,2022-03-31,0
2021-10-29,7940,2022-03-31,2,,,,,,,,,,,,,,,,,,,,,,,,,,,,,30.00,,,,,,,false,true,12,2021-04-01,2022-03-31,0
2021-10-29,7940,2022-03-31,2,,,,,,,,,,,,,,,,,,,,,,,,,,,,,,,,,11120538,1326889,9789770,false,false,6,2021-04-01,2021-09-30,0
2021-10-29,7940,2021-03-31,2,,,,,,,,,,,,,,,,,,,,,,,,,,,,,,,,,,,9715838,false,false,6,2020-04-01,2020-09-30,-1
2022-01-31,7940,2022-03-31,3,15480000000,-0.288,,,,,572000000,-0.539,792000000,-0.338,,597000000,,61.75,,,,,,23672000000,14069000000,0.593,,14028000000,,,,,,,,,,,,true,false,9,2021-04-01,2021-12-31,0
2022-01-31,7940,2021-03-31,3,21728000000,0.013,,,,,1241000000,0.018,1197000000,-0.011,,790000000,,81.21,80.86,,,,,,,,,,,,,,,,,,,,,true,false,9,2020-04-01,2020-12-31,-1
2022-01-31,7940,2022-03-31,3,20400000000,-0.303,,,,,750000000,-0.497,1070000000,-0.251,,770000000,,82.00,,,,,,,,,,,,,,,,,,,,,,true,true,12,2021-04-01,2022-03-31,0
2022-01-31,7940,2021-03-31,3,,,,,,,,,,,,,,,,,,,,26092000000,14289000000,0.546,,14256000000,,,,,,,,,,,,true,false,12,2020-04-01,2021-03-31,-1
2022-01-31,7940,2021-03-31,3,,,,,,,,,,,,,,,,,,,,,,,,,,,,,30.00,,,,11120538,1339489,,false,false,12,2020-04-01,2021-03-31,-1
2022-01-31,7940,2022-03-31,3,,,,,,,,,,,,,,,,,,,,,,,,,,,,,15.00,,,,,,,false,false,12,2021-04-01,2022-03-31,0
2022-01-31,7940,2022-03-31,3,,,,,,,,,,,,,,,,,,,,,,,,,,,,,30.00,,,,,,,false,true,12,2021-04-01,2022-03-31,0
2022-01-31,7940,2022-03-31,3,,,,,,,,,,,,,,,,,,,,,,,,,,,,,,,,,11120538,2131589,9673749,false,false,9,2021-04-01,2021-12-31,0
2022-01-31,7940,2021-03-31,3,,,,,,,,,,,,,,,,,,,,,,,,,,,,,,,,,,,9737654,false,false,9,2020-04-01,2020-12-31,-1
2022-05-13,7940,2022-03-31,,21002000000,-0.282,,,,,649000000,-0.564,903000000,-0.368,,655000000,,69.73,,0.047,0.036,0.031,,24255000000,13761000000,0.566,1626.14,13717000000,78000000,-850000000,-2184000000,1961000000,,0.430,,,,,,true,false,12,2021-04-01,2022-03-31,0
2022-05-13,7940,2021-03-31,,29248000000,-0.000,,,,,1489000000,-0.082,1428000000,-0.106,,2386000000,,244.82,244.01,0.181,0.052,0.051,,26092000000,14289000000,0.546,1457.60,14256000000,2114000000,1291000000,-884000000,4882000000,,0.123,,,,,,true,false,12,2020-04-01,2021-03-31,-1
2022-05-13,7940,2023-03-31,,12000000000,0.106,,,,,280000000,-0.479,285000000,-0.594,,1930000000,,228.79,,,,,,,,,,,,,,,,,,,,,,true,true,6,2022-04-01,2022-09-30,1
2022-05-13,7940,2023-03-31,,24400000000,0.162,,,,,590000000,-0.092,595000000,-0.341,,2130000000,,252.49,,,,,,,,,,,,,,,,0.119,,,,,,true,true,12,2022-04-01,2023-03-31,1
2022-05-13,7940,2021-03-31,,,,,,,,,,,,,,,,,,,,,,,,,,,,,,30.00,,,,11120538,1339489,9748354,false,false,12,2020-04-01,2021-03-31,-1
2022-05-13,7940,2022-03-31,,,,,,,,,,,,,,,,,,,,,,,,,,,,,,30.00,,,,11120538,2684689,9394949,false,false,12,2021-04-01,2022-03-31,0
2022-05-13,7940,2023-03-31,,,,,,,,,,,,,,,,,,,,,,,,,,,,,,30.00,,,,,,,false,true,12,2022-04-01,2023-03-31,1
2022-07-29,7940,2023-03-31,1,5863000000,0.018,,,,,342000000,-0.192,466000000,-0.130,,2194000000,,260.19,,,,,,25976000000,15883000000,0.610,,15834000000,,,,,,,,,,,,true,false,3,2022-04-01,2022-06-30,0
2022-07-29,7940,2022-03-31,1,5760000000,-0.257,,,,,424000000,-0.361,536000000,-0.184,,374000000,,38.26,,,,,,,,,,,,,,,,,,,,,,true,false,3,2021-04-01,2021-06-30,-1
2022-07-29,7940,2023-03-31,1,12000000000,0.106,,,,,450000000,-0.162,570000000,-0.187,,2190000000,,259.61,,,,,,,,,,,,,,,,,,,,,,true,true,6,2022-04-01,2022-09-30,0
2022-07-29,7940,2023-03-31,1,24400000000,0.162,,,,,590000000,-0.092,710000000,-0.214,,2240000000,,265.53,,,,,,,,,,,,,,,,,,,,,,true,true,12,2022-04-01,2023-03-31,0
2022-07-29,7940,2022-03-31,1,,,,,,,,,,,,,,,,,,,,24255000000,13761000000,0.566,,13717000000,,,,,,,,,,,,true,false,12,2021-04-01,2022-03-31,-1
2022-07-29,7940,2022-03-31,1,,,,,,,,,,,,,,,,,,,,,,,,,,,,,30.00,,,,11120538,2684689,,false,false,12,2021-04-01,2022-03-31,-1
2022-07-29,7940,2023-03-31,1,,,,,,,,,,,,,,,,,,,,,,,,,,,,,30.00,,,,,,,false,true,12,2022-04-01,2023-03-31,0
2022-07-29,7940,2023-03-31,1,,,,,,,,,,,,,,,,,,,,,,,,,,,,,,,,,11120538,2684689,8435849,false,false,3,2022-04-01,2022-06-30,0
2022-07-29,7940,2022-03-31,1,,,,,,,,,,,,,,,,,,,,,,,,,,,,,,,,,,,9785849,false,false,3,2021-04-01,2021-06-30,-1
2022-07-29,79400,2023-03-31,,12000000000,0.000,,,,,450000000,0.607,570000000,1.000,,2190000000,,259.61,,,,,,,,,,,,,,,,,,,,,,true,true,6,2022-04-01,2022-09-30,0
2022-07-29,79400,2022-03-31,,10847000000,,,,,,537000000,,701000000,,,534000000,,54.55,,,,,,,,,,,,,,,,,,,,,,true,false,6,2021-04-01,2021-09-30,-1
2022-07-29,79400,2023-03-31,,24400000000,0.000,,,,,590000000,0.000,710000000,0.193,,2240000000,,265.53,,,,,,,,,,,,,,,,,,,,,,true,true,12,2022-04-01,2023-03-31,0
2022-07-29,79400,2022-03-31,,21002000000,,,,,,649000000,,903000000,,,655000000,,69.73,,,,,,,,,,,,,,,,,,,,,,true,false,12,2021-04-01,2022-03-31,-1
2022-10-31,7940,2023-03-31,2,11427000000,0.053,,,,,448000000,-0.165,655000000,-0.066,,2289000000,,271.35,,,,,,25974000000,16025000000,0.615,,15971000000,,,,,,,,,,,,true,false,6,2022-04-01,2022-09-30,0
2022-10-31,7940,2022-03-31,2,10847000000,-0.276,,,,,537000000,-0.440,701000000,-0.242,,534000000,,54.55,,,,,,,,,,,,,,,,,,,,,,true,false,6,2021-04-01,2021-09-30,-1
2022-10-31,7940,2023-03-31,2,24400000000,0.162,,,,,590000000,-0.092,710000000,-0.214,,2310000000,,273.83,,,,,,,,,,,,,,,,,,,,,,true,true,12,2022-04-01,2023-03-31,0
2022-10-31,7940,2022-03-31,2,,,,,,,,,,,,,,,,,,,,24255000000,13761000000,0.566,,13717000000,,,,,,,,,,,,true,false,12,2021-04-01,2022-03-31,-1
2022-10-31,7940,2022-03-31,2,,,,,,,,,,,,,,,,,,,,,,,,,,,,,30.00,,,,11120538,2684689,,false,false,12,2021-04-01,2022-03-31,-1
2022-10-31,7940,2023-03-31,2,,,,,,,,,,,,,,,,,,,,,,,,,,,,,15.00,,,,,,,false,false,12,2022-04-01,2023-03-31,0
2022-10-31,7940,2023-03-31,2,,,,,,,,,,,,,,,,,,,,,,,,,,,,,30.00,,,,,,,false,true,12,2022-04-01,2023-03-31,0
2022-10-31,7940,2023-03-31,2,,,,,,,,,,,,,,,,,,,,,,,,,,,,,,,,,11120538,2684689,8435849,false,false,6,2022-04-01,2022-09-30,0
2022-10-31,7940,2022-03-31,2,,,,,,,,,,,,,,,,,,,,,,,,,,,,,,,,,,,9789770,false,false,6,2021-04-01,2021-09-30,-1
2023-01-31,7940,2023-03-31,3,16538000000,0.068,,,,,394000000,-0.311,666000000,-0.159,,2322000000,,275.32,,,,,,26010000000,15935000000,0.611,,15879000000,,,,,,,,,,,,true,false,9,2022-04-01,2022-12-31,0
2023-01-31,7940,2022-03-31,3,15480000000,-0.288,,,,,572000000,-0.539,792000000,-0.338,,597000000,,61.75,,,,,,,,,,,,,,,,,,,,,,true,false,9,2021-04-01,2021-12-31,-1
2023-01-31,7940,2023-03-31,3,24400000000,0.162,,,,,590000000,-0.092,710000000,-0.214,,2310000000,,273.83,,,,,,,,,,,,,,,,,,,,,,true,true,12,2022-04-01,2023-03-31,0
2023-01-31,7940,2022-03-31,3,,,,,,,,,,,,,,,,,,,,24255000000,13761000000,0.566,,13717000000,,,,,,,,,,,,true,false,12,2021-04-01,2022-03-31,-1
2023-01-31,7940,2022-03-31,3,,,,,,,,,,,,,,,,,,,,,,,,,,,,,30.00,,,,11120538,2684689,,false,false,12,2021-04-01,2022-03-31,-1
2023-01-31,7940,2023-03-31,3,,,,,,,,,,,,,,,,,,,,,,,,,,,,,15.00,,,,,,,false,false,12,2022-04-01,2023-03-31,0
2023-01-31,7940,2023-03-31,3,,,,,,,,,,,,,,,,,,,,,,,,,,,,,30.00,,,,,,,false,true,12,2022-04-01,2023-03-31,0
2023-01-31,7940,2023-03-31,3,,,,,,,,,,,,,,,,,,,,,,,,,,,,,,,,,11120538,2684689,8435849,false,false,9,2022-04-01,2022-12-31,0
2023-01-31,7940,2022-03-31,3,,,,,,,,,,,,,,,,,,,,,,,,,,,,,,,,,,,9673749,false,false,9,2021-04-01,2021-12-31,-1
2023-04-25,79400,2023-03-31,,22500000000,-0.078,,,,,340000000,-0.424,710000000,0.000,,2310000000,,273.83,,,,,,,,,,,,,,,,,,,,,,true,true,12,2022-04-01,2023-03-31,0
2023-04-25,79400,2022-03-31,,21002000000,,,,,,649000000,,903000000,,,655000000,,69.73,,,,,,,,,,,,,,,,,,,,,,true,false,12,2021-04-01,2022-03-31,-1
2023-05-12,7940,2023-03-31,,22584000000,0.075,,,,,346000000,-0.467,718000000,-0.204,,2321000000,,275.18,,0.157,0.028,0.015,,26268000000,15833000000,0.601,1870.81,15781000000,129000000,1397000000,-1012000000,2453000000,,0.109,,,,,,true,false,12,2022-04-01,2023-03-31,0
2023-05-12,7940,2022-03-31,,21002000000,-0.282,,,,,649000000,-0.564,903000000,-0.368,,655000000,,69.73,,0.047,0.036,0.031,,24255000000,13761000000,0.566,1626.14,13717000000,78000000,-850000000,-2184000000,1961000000,,0.430,,,,,,true,false,12,2021-04-01,2022-03-31,-1
2023-05-12,7940,2024-03-31,,12500000000,0.094,,,,,290000000,-0.353,330000000,-0.496,,170000000,,20.15,,,,,,,,,,,,,,,,,,,,,,true,true,6,2023-04-01,2023-09-30,1
2023-05-12,7940,2024-03-31,,24500000000,0.085,,,,,300000000,-0.133,340000000,-0.527,,170000000,,20.15,,,,,,,,,,,,,,,,1.489,,,,,,true,true,12,2023-04-01,2024-03-31,1
2023-05-12,7940,2022-03-31,,,,,,,,,,,,,,,,,,,,,,,,,,,,,,30.00,,,,11120538,2684689,9394949,false,false,12,2021-04-01,2022-03-31,-1
2023-05-12,7940,2023-03-31,,,,,,,,,,,,,,,,,,,,,,,,,,,,,,30.00,,,,11120538,2684689,8435849,false,false,12,2022-04-01,2023-03-31,0
2023-05-12,7940,2024-03-31,,,,,,,,,,,,,,,,,,,,,,,,,,,,,,30.00,,,,,,,false,true,12,2023-04-01,2024-03-31,1
2023-07-31,7940,2024-03-31,1,6128000000,0.045,,,,,503000000,0.469,521000000,0.118,,306000000,,36.31,,,,,,27405000000,16046000000,0.583,,15987000000,,,,,,,,,,,,true,false,3,2023-04-01,2023-06-30,0
2023-07-31,7940,2023-03-31,1,5863000000,0.018,,,,,342000000,-0.192,466000000,-0.130,,2194000000,,260.19,,,,,,,,,,,,,,,,,,,,,,true,false,3,2022-04-01,2022-06-30,-1
2023-07-31,7940,2024-03-31,1,11500000000,0.006,,,,,300000000,-0.331,350000000,-0.466,,180000000,,21.34,,,,,,,,,,,,,,,,,,,,,,true,true,6,2023-04-01,2023-09-30,0
2023-07-31,7940,2024-03-31,1,23500000000,0.041,,,,,370000000,0.069,500000000,-0.304,,270000000,,32.01,,,,,,,,,,,,,,,,,,,,,,true,true,12,2023-04-01,2024-03-31,0
2023-07-31,7940,2023-03-31,1,,,,,,,,,,,,,,,,,,,,26268000000,15833000000,0.601,,15781000000,,,,,,,,,,,,true,false,12,2022-04-01,2023-03-31,-1
2023-07-31,7940,2023-03-31,1,,,,,,,,,,,,,,,,,,,,,,,,,,,,,30.00,,,,11120538,2684689,,false,false,12,2022-04-01,2023-03-31,-1
2023-07-31,7940,2024-03-31,1,,,,,,,,,,,,,,,,,,,,,,,,,,,,,30.00,,,,,,,false,true,12,2023-04-01,2024-03-31,0
2023-07-31,7940,2024-03-31,1,,,,,,,,,,,,,,,,,,,,,,,,,,,,,,,,,11120538,2684689,8435849,false,false,3,2023-04-01,2023-06-30,0
2023-07-31,7940,2023-03-31,1,,,,,,,,,,,,,,,,,,,,,,,,,,,,,,,,,,,8435849,false,false,3,2022-04-01,2022-06-30,-1
2023-10-31,7940,2024-03-31,2,11774000000,0.030,,,,,476000000,0.062,638000000,-0.026,,427000000,,50.63,,,,,,27656000000,16190000000,0.583,,16126000000,,,,,,,,,,,,true,false,6,2023-04-01,2023-09-30,0
2023-10-31,7940,2023-03-31,2,11427000000,0.053,,,,,448000000,-0.165,655000000,-0.066,,2289000000,,271.35,,,,,,,,,,,,,,,,,,,,,,true,false,6,2022-04-01,2022-09-30,-1
2023-10-31,7940,2024-03-31,2,22800000000,0.010,,,,,400000000,0.155,660000000,-0.082,,420000000,,49.79,,,,,,,,,,,,,,,,,,,,,,true,true,12,2023-04-01,2024-03-31,0
2023-10-31,7940,2023-03-31,2,,,,,,,,,,,,,,,,,,,,26268000000,15833000000,0.601,,15781000000,,,,,,,,,,,,true,false,12,2022-04-01,2023-03-31,-1
2023-10-31,7940,2023-03-31,2,,,,,,,,,,,,,,,,,,,,,,,,,,,,,30.00,,,,11120538,2684689,,false,false,12,2022-04-01,2023-03-31,-1
2023-10-31,7940,2024-03-31,2,,,,,,,,,,,,,,,,,,,,,,,,,,,,,15.00,,,,,,,false,false,12,2023-04-01,2024-03-31,0
2023-10-31,7940,2024-03-31,2,,,,,,,,,,,,,,,,,,,,,,,,,,,,,30.00,,,,,,,false,true,12,2023-04-01,2024-03-31,0
2023-10-31,7940,2024-03-31,2,,,,,,,,,,,,,,,,,,,,,,,,,,,,,,,,,11120538,2684689,8435849,false,false,6,2023-04-01,2023-09-30,0
2023-10-31,7940,2023-03-31,2,,,,,,,,,,,,,,,,,,,,,,,,,,,,,,,,,,,8435849,false,false,6,2022-04-01,2022-09-30,-1
2024-01-31,7940,2024-03-31,3,17306000000,0.046,,,,,472000000,0.197,792000000,0.189,,541000000,,64.18,,,,,,27405000000,16197000000,0.589,,16130000000,,,,,,,,,,,,true,false,9,2023-04-01,2023-12-31,0
2024-01-31,7940,2023-03-31,3,16538000000,0.068,,,,,394000000,-0.311,666000000,-0.159,,2322000000,,275.32,,,,,,,,,,,,,,,,,,,,,,true,false,9,2022-04-01,2022-12-31,-1
2024-01-31,7940,2024-03-31,3,22800000000,0.010,,,,,400000000,0.155,660000000,-0.082,,420000000,,49.79,,,,,,,,,,,,,,,,,,,,,,true,true,12,2023-04-01,2024-03-31,0
2024-01-31,7940,2023-03-31,3,,,,,,,,,,,,,,,,,,,,26268000000,15833000000,0.601,,15781000000,,,,,,,,,,,,true,false,12,2022-04-01,2023-03-31,-1
2024-01-31,7940,2023-03-31,3,,,,,,,,,,,,,,,,,,,,,,,,,,,,,30.00,,,,11120538,2684689,,false,false,12,2022-04-01,2023-03-31,-1
2024-01-31,7940,2024-03-31,3,,,,,,,,,,,,,,,,,,,,,,,,,,,,,15.00,,,,,,,false,false,12,2023-04-01,2024-03-31,0
2024-01-31,7940,2024-03-31,3,,,,,,,,,,,,,,,,,,,,,,,,,,,,,30.00,,,,,,,false,true,12,2023-04-01,2024-03-31,0
2024-01-31,7940,2024-03-31,3,,,,,,,,,,,,,,,,,,,,,,,,,,,,,,,,,11120538,2684689,8435849,false,false,9,2023-04-01,2023-12-31,0
2024-01-31,7940,2023-03-31,3,,,,,,,,,,,,,,,,,,,,,,,,,,,,,,,,,,,8435849,false,false,9,2022-04-01,2022-12-31,-1
2024-05-10,7940,2024-03-31,,23559000000,0.043,,,,,387000000,0.120,676000000,-0.059,,456000000,,54.10,,0.029,0.025,0.016,,28327000000,16111000000,0.566,1902.07,16045000000,139000000,-1563000000,1553000000,2581000000,,0.555,,,,,,true,false,12,2023-04-01,2024-03-31,0
2024-05-10,7940,2023-03-31,,22584000000,0.075,,,,,346000000,-0.467,718000000,-0.204,,2321000000,,275.18,,0.157,0.028,0.015,,26268000000,15833000000,0.601,1870.81,15781000000,129000000,1397000000,-1012000000,2453000000,,0.109,,,,,,true,false,12,2022-04-01,2023-03-31,-1
2024-05-10,7940,2025-03-31,,12000000000,0.019,,,,,200000000,-0.580,450000000,-0.295,,340000000,,40.30,,,,,,,,,,,,,,,,,,,,,,true,true,6,2024-04-01,2024-09-30,1
2024-05-10,7940,2025-03-31,,25500000000,0.082,,,,,420000000,0.084,660000000,-0.024,,440000000,,52.16,,,,,,,,,,,,,,,,0.575,,,,,,true,true,12,2024-04-01,2025-03-31,1
2024-05-10,7940,2023-03-31,,,,,,,,,,,,,,,,,,,,,,,,,,,,,,30.00,,,,11120538,2684689,8435849,false,false,12,2022-04-01,2023-03-31,-1
2024-05-10,7940,2024-03-31,,,,,,,,,,,,,,,,,,,,,,,,,,,,,,30.00,,,,11120538,2684689,8435849,false,false,12,2023-04-01,2024-03-31,0
2024-05-10,7940,2025-03-31,,,,,,,,,,,,,,,,,,,,,,,,,,,,,,30.00,,,,,,,false,true,12,2024-04-01,2025-03-31,1
2024-05-10,7940,2024-03-31,,23559000000,0.043,,,,,387000000,0.120,676000000,-0.059,,456000000,,54.10,,0.029,0.025,0.016,,28460000000,16111000000,0.564,1902.07,16045000000,139000000,-1563000000,1553000000,2581000000,,0.555,,,,,,true,false,12,2023-04-01,2024-03-31,0
2024-05-10,7940,2023-03-31,,22584000000,0.075,,,,,346000000,-0.467,718000000,-0.204,,2321000000,,275.18,,0.157,0.028,0.015,,26268000000,15833000000,0.601,1870.81,15781000000,129000000,1397000000,-1012000000,2453000000,,0.109,,,,,,true,false,12,2022-04-01,2023-03-31,-1
2024-05-10,7940,2025-03-31,,12000000000,0.019,,,,,200000000,-0.580,450000000,-0.295,,340000000,,40.30,,,,,,,,,,,,,,,,,,,,,,true,true,6,2024-04-01,2024-09-30,1
2024-05-10,7940,2025-03-31,,25500000000,0.082,,,,,420000000,0.084,660000000,-0.024,,440000000,,52.16,,,,,,,,,,,,,,,,0.575,,,,,,true,true,12,2024-04-01,2025-03-31,1
2024-05-10,7940,2023-03-31,,,,,,,,,,,,,,,,,,,,,,,,,,,,,,30.00,,,,11120538,2684689,8435849,false,false,12,2022-04-01,2023-03-31,-1
2024-05-10,7940,2024-03-31,,,,,,,,,,,,,,,,,,,,,,,,,,,,,,30.00,,,,11120538,2684689,8435849,false,false,12,2023-04-01,2024-03-31,0
2024-05-10,7940,2025-03-31,,,,,,,,,,,,,,,,,,,,,,,,,,,,,,30.00,,,,,,,false,true,12,2024-04-01,2025-03-31,1
2024-07-31,7940,2025-03-31,1,6499000000,0.060,,,,,214000000,-0.574,427000000,-0.181,,291000000,,34.51,,,,,,29122000000,16313000000,0.558,,16239000000,,,,,,,,,,,,true,false,3,2024-04-01,2024-06-30,0
2024-07-31,7940,2024-03-31,1,6128000000,0.045,,,,,503000000,0.469,521000000,0.118,,306000000,,36.31,,,,,,,,,,,,,,,,,,,,,,true,false,3,2023-04-01,2023-06-30,-1
2024-07-31,7940,2025-03-31,1,12000000000,0.019,,,,,200000000,-0.580,450000000,-0.295,,340000000,,40.30,,,,,,,,,,,,,,,,,,,,,,true,true,6,2024-04-01,2024-09-30,0
2024-07-31,7940,2025-03-31,1,25500000000,0.082,,,,,420000000,0.084,660000000,-0.024,,440000000,,52.16,,,,,,,,,,,,,,,,,,,,,,true,true,12,2024-04-01,2025-03-31,0
2024-07-31,7940,2024-03-31,1,,,,,,,,,,,,,,,,,,,,28460000000,16111000000,0.564,,16045000000,,,,,,,,,,,,true,false,12,2023-04-01,2024-03-31,-1
2024-07-31,7940,2024-03-31,1,,,,,,,,,,,,,,,,,,,,,,,,,,,,,30.00,,,,11120538,2684689,,false,false,12,2023-04-01,2024-03-31,-1
2024-07-31,7940,2025-03-31,1,,,,,,,,,,,,,,,,,,,,,,,,,,,,,30.00,,,,,,,false,true,12,2024-04-01,2025-03-31,0
2024-07-31,7940,2025-03-31,1,,,,,,,,,,,,,,,,,,,,,,,,,,,,,,,,,11120538,2684689,8435849,false,false,3,2024-04-01,2024-06-30,0
2024-07-31,7940,2024-03-31,1,,,,,,,,,,,,,,,,,,,,,,,,,,,,,,,,,,,8435849,false,false,3,2023-04-01,2023-06-30,-1
2024-10-31,7940,2025-03-31,2,12871000000,0.093,,,,,289000000,-0.393,604000000,-0.053,,403000000,,47.81,,,,,,29367000000,16468000000,0.558,,16385000000,,,,,,,,,,,,true,false,6,2024-04-01,2024-09-30,0
2024-10-31,7940,2024-03-31,2,11774000000,0.030,,,,,476000000,0.062,638000000,-0.026,,427000000,,50.63,,,,,,,,,,,,,,,,,,,,,,true,false,6,2023-04-01,2023-09-30,-1
2024-10-31,7940,2025-03-31,2,25500000000,0.082,,,,,420000000,0.084,660000000,-0.024,,440000000,,52.13,,,,,,,,,,,,,,,,,,,,,,true,true,12,2024-04-01,2025-03-31,0
2024-10-31,7940,2024-03-31,2,,,,,,,,,,,,,,,,,,,,28460000000,16111000000,0.564,,16045000000,,,,,,,,,,,,true,false,12,2023-04-01,2024-03-31,-1
2024-10-31,7940,2024-03-31,2,,,,,,,,,,,,,,,,,,,,,,,,,,,,,30.00,,,,11120538,2684689,,false,false,12,2023-04-01,2024-03-31,-1
2024-10-31,7940,2025-03-31,2,,,,,,,,,,,,,,,,,,,,,,,,,,,,,15.00,,,,,,,false,false,12,2024-04-01,2025-03-31,0
2024-10-31,7940,2025-03-31,2,,,,,,,,,,,,,,,,,,,,,,,,,,,,,30.00,,,,,,,false,true,12,2024-04-01,2025-03-31,0
2024-10-31,7940,2025-03-31,2,,,,,,,,,,,,,,,,,,,,,,,,,,,,,,,,,11120538,2677889,8439268,false,false,6,2024-04-01,2024-09-30,0
2024-10-31,7940,2024-03-31,2,,,,,,,,,,,,,,,,,,,,,,,,,,,,,,,,,,,8435849,false,false,6,2023-04-01,2023-09-30,-1
2025-01-31,7940,2025-03-31,3,19099000000,0.104,,,,,354000000,-0.250,434000000,-0.452,,272000000,,32.23,,,,,,29194000000,16202000000,0.552,,16124000000,,,,,,,,,,,,true,false,9,2024-04-01,2024-12-31,0
2025-01-31,7940,2024-03-31,3,17306000000,0.046,,,,,472000000,0.197,792000000,0.189,,541000000,,64.18,,,,,,,,,,,,,,,,,,,,,,true,false,9,2023-04-01,2023-12-31,-1
2025-01-31,7940,2025-03-31,3,25500000000,0.082,,,,,420000000,0.084,660000000,-0.024,,440000000,,52.13,,,,,,,,,,,,,,,,,,,,,,true,true,12,2024-04-01,2025-03-31,0
2025-01-31,7940,2024-03-31,3,,,,,,,,,,,,,,,,,,,,28460000000,16111000000,0.564,,16045000000,,,,,,,,,,,,true,false,12,2023-04-01,2024-03-31,-1
2025-01-31,7940,2024-03-31,3,,,,,,,,,,,,,,,,,,,,,,,,,,,,,30.00,,,,11120538,2684689,,false,false,12,2023-04-01,2024-03-31,-1
2025-01-31,7940,2025-03-31,3,,,,,,,,,,,,,,,,,,,,,,,,,,,,,15.00,,,,,,,false,false,12,2024-04-01,2025-03-31,0
2025-01-31,7940,2025-03-31,3,,,,,,,,,,,,,,,,,,,,,,,,,,,,,30.00,,,,,,,false,true,12,2024-04-01,2025-03-31,0
2025-01-31,7940,2025-03-31,3,,,,,,,,,,,,,,,,,,,,,,,,,,,,,,,,,11120538,2677889,8440399,false,false,9,2024-04-01,2024-12-31,0
2025-01-31,7940,2024-03-31,3,,,,,,,,,,,,,,,,,,,,,,,,,,,,,,,,,,,8435849,false,false,9,2023-04-01,2023-12-31,-1
2025-05-09,7940,2025-03-31,,25566000000,0.085,,,,,405000000,0.046,697000000,0.031,,520000000,,61.70,,0.032,0.024,0.016,,29186000000,16702000000,0.569,1968.36,16618000000,2228000000,-1366000000,-172000000,3221000000,,0.486,,,,,,true,false,12,2024-04-01,2025-03-31,0
2025-05-09,7940,2024-03-31,,23559000000,0.043,,,,,387000000,0.120,676000000,-0.059,,456000000,,54.10,,0.029,0.025,0.016,,28460000000,16111000000,0.564,1902.07,16045000000,139000000,-1563000000,1553000000,2581000000,,0.555,,,,,,true,false,12,2023-04-01,2024-03-31,-1
2025-05-09,7940,2026-03-31,,13500000000,0.049,,,,,630000000,1.179,570000000,-0.056,,400000000,,47.38,,,,,,,,,,,,,,,,,,,,,,true,true,6,2025-04-01,2025-09-30,1
2025-05-09,7940,2026-03-31,,26500000000,0.037,,,,,850000000,1.096,850000000,0.219,,580000000,,68.70,,,,,,,,,,,,,,,,0.437,,,,,,true,true,12,2025-04-01,2026-03-31,1
2025-05-09,7940,2024-03-31,,,,,,,,,,,,,,,,,,,,,,,,,,,,,,30.00,,,,11120538,2684689,8435849,false,false,12,2023-04-01,2024-03-31,-1
2025-05-09,7940,2025-03-31,,,,,,,,,,,,,,,,,,,,,,,,,,,,,,30.00,,,,11120538,2677889,8440954,false,false,12,2024-04-01,2025-03-31,0
2025-05-09,7940,2026-03-31,,,,,,,,,,,,,,,,,,,,,,,,,,,,,,30.00,,,,,,,false,true,12,2025-04-01,2026-03-31,1
