filing_date,code,fiscal_year_end,quarterly_period,net_sales,net_sales_change,revenue,revenue_change,operating_revenue,operating_revenue_change,operating_profit,operating_profit_change,ordinary_profit,ordinary_profit_change,net_income,net_income_of_parent,net_income_change,eps,diluted_eps,roe,roa,operating_profit_to_net_sales,operating_profit_to_revenue,total_assets,net_assets,equity_ratio,bps,owner_equity,operating_cash_flow,investing_cash_flow,financing_cash_flow,cash,dividend_per_share,payout_ratio,commemorative_dividend,extra_dividend,number_of_shares,number_of_treqsury_shares,avg_number_of_shares,is_consolidated,is_forecast,duration,period_start,period_end,period_pos
2015-07-30,79420,2016-03-31,1,27804000000,-0.020,,,,,1649000000,0.783,1613000000,0.572,,1271000000,,42.65,,,,,,114261000000,69884000000,0.568,2175.29,64850000000,,,,,,,,,,,,true,false,3,2015-04-01,2015-06-30,0
2015-07-30,79420,2015-03-31,1,28377000000,0.089,,,,,925000000,-0.121,1026000000,-0.182,,757000000,,25.41,,,,,,,,,,,,,,,,,,,,,,true,false,3,2014-04-01,2014-06-30,-1
2015-07-30,79420,2016-03-31,1,58700000000,0.007,,,,,3400000000,0.272,3400000000,0.158,,2650000000,,88.89,,,,,,,,,,,,,,,,,,,,,,true,true,6,2015-04-01,2015-09-30,0
2015-07-30,79420,2016-03-31,1,119000000000,0.018,,,,,7000000000,0.235,7100000000,0.175,,4800000000,,161.01,,,,,,,,,,,,,,,,,,,,,,true,true,12,2015-04-01,2016-03-31,0
2015-07-30,79420,2015-03-31,1,,,,,,,,,,,,,,,,,,,,116717000000,70352000000,0.560,2190.61,65307000000,,,,,,,,,,,,true,false,12,2014-04-01,2015-03-31,-1
2015-07-30,79420,2015-03-31,1,,,,,,,,,,,,,,,,,,,,,,,,,,,,,30.00,,,,31413473,1600900,,false,false,12,2014-04-01,2015-03-31,-1
2015-07-30,79420,2016-03-31,1,,,,,,,,,,,,,,,,,,,,,,,,,,,,,30.00,,,,,,,false,true,12,2015-04-01,2016-03-31,0
2015-07-30,79420,2016-03-31,1,,,,,,,,,,,,,,,,,,,,,,,,,,,,,,,,,31413473,1601270,29812378,false,false,3,2015-04-01,2015-06-30,0
2015-07-30,79420,2015-03-31,1,,,,,,,,,,,,,,,,,,,,,,,,,,,,,,,,,,,29814107,false,false,3,2014-04-01,2014-06-30,-1
2015-10-29,79420,2016-03-31,2,57221000000,-0.018,,,,,4120000000,0.541,4107000000,0.399,,2879000000,,96.60,,,,,,118608000000,72414000000,0.567,2257.17,67290000000,,,,,,,,,,,,true,false,6,2015-04-01,2015-09-30,0
2015-10-29,79420,2015-03-31,2,58266000000,0.070,,,,,2673000000,-0.045,2936000000,-0.051,,2157000000,,72.36,,,,,,,,,,,,,,,,,,,,,,true,false,6,2014-04-01,2014-09-30,-1
2015-10-29,79420,2016-03-31,2,115500000000,-0.012,,,,,8000000000,0.412,8000000000,0.323,,5200000000,,174.43,,,,,,,,,,,,,,,,,,,,,,true,true,12,2015-04-01,2016-03-31,0
2015-10-29,79420,2015-03-31,2,,,,,,,,,,,,,,,,,,,,116717000000,70352000000,0.560,2190.61,65307000000,,,,,,,,,,,,true,false,12,2014-04-01,2015-03-31,-1
2015-10-29,79420,2015-03-31,2,,,,,,,,,,,,,,,,,,,,,,,,,,,,,30.00,,,,31413473,1600900,,false,false,12,2014-04-01,2015-03-31,-1
2015-10-29,79420,2016-03-31,2,,,,,,,,,,,,,,,,,,,,,,,,,,,,,15.00,,,,,,,false,false,12,2015-04-01,2016-03-31,0
2015-10-29,79420,2016-03-31,2,,,,,,,,,,,,,,,,,,,,,,,,,,,,,30.00,,,,,,,false,true,12,2015-04-01,2016-03-31,0
2015-10-29,79420,2016-03-31,2,,,,,,,,,,,,,,,,,,,,,,,,,,,,,,,,,31413473,1601688,29812176,false,false,6,2015-04-01,2015-09-30,0
2015-10-29,79420,2015-03-31,2,,,,,,,,,,,,,,,,,,,,,,,,,,,,,,,,,,,29814008,false,false,6,2014-04-01,2014-09-30,-1
2016-01-29,79420,2016-03-31,3,87545000000,-0.008,,,,,7428000000,0.687,7250000000,0.526,,5209000000,,174.74,,,,,,117720000000,72331000000,0.574,2266.67,67572000000,,,,,,,,,,,,true,false,9,2015-04-01,2015-12-31,0
2016-01-29,79420,2015-03-31,3,88241000000,0.054,,,,,4402000000,-0.105,4751000000,-0.115,,3504000000,,117.55,,,,,,,,,,,,,,,,,,,,,,true,false,9,2014-04-01,2014-12-31,-1
2016-01-29,79420,2016-03-31,3,115500000000,-0.012,,,,,8000000000,0.412,8000000000,0.323,,5200000000,,174.43,,,,,,,,,,,,,,,,,,,,,,true,true,12,2015-04-01,2016-03-31,0
2016-01-29,79420,2015-03-31,3,,,,,,,,,,,,,,,,,,,,116717000000,70352000000,0.560,2190.61,65307000000,,,,,,,,,,,,true,false,12,2014-04-01,2015-03-31,-1
2016-01-29,79420,2015-03-31,3,,,,,,,,,,,,,,,,,,,,,,,,,,,,,30.00,,,,31413473,1600900,,false,false,12,2014-04-01,2015-03-31,-1
2016-01-29,79420,2016-03-31,3,,,,,,,,,,,,,,,,,,,,,,,,,,,,,15.00,,,,,,,false,false,12,2015-04-01,2016-03-31,0
2016-01-29,79420,2016-03-31,3,,,,,,,,,,,,,,,,,,,,,,,,,,,,,40.00,,,,,,,false,true,12,2015-04-01,2016-03-31,0
2016-01-29,79420,2016-03-31,3,,,,,,,,,,,,,,,,,,,,,,,,,,,,,,,,,31413473,1601972,29812010,false,false,9,2015-04-01,2015-12-31,0
2016-01-29,79420,2015-03-31,3,,,,,,,,,,,,,,,,,,,,,,,,,,,,,,,,,,,29813835,false,false,9,2014-04-01,2014-12-31,-1
2016-04-28,79420,2016-03-31,,114904000000,-0.017,,,,,9278000000,0.637,9101000000,0.506,,5914000000,,198.40,,0.089,0.079,0.081,,115136000000,72497000000,0.590,2277.32,67890000000,13849000000,-6001000000,-5907000000,10295000000,,0.202,,,,,,true,false,12,2015-04-01,2016-03-31,0
2016-04-28,79420,2015-03-31,,116923000000,0.043,,,,,5667000000,-0.041,6044000000,-0.071,,4039000000,,135.50,,0.065,0.054,0.048,,116717000000,70352000000,0.560,2190.61,65307000000,8289000000,-8029000000,1156000000,8893000000,,0.221,,,,,,true,false,12,2014-04-01,2015-03-31,-1
2016-04-28,79420,2017-03-31,,56000000000,-0.021,,,,,4300000000,0.044,4350000000,0.059,,3200000000,,107.34,,,,,,,,,,,,,,,,,,,,,,true,true,6,2016-04-01,2016-09-30,1
2016-04-28,79420,2017-03-31,,113000000000,-0.017,,,,,9000000000,-0.030,9100000000,-0.000,,6200000000,,207.97,,,,,,,,,,,,,,,,0.192,,,,,,true,true,12,2016-04-01,2017-03-31,1
2016-04-28,79420,2016-03-31,,57354000000,-0.060,,,,,2178000000,3.949,4401000000,0.700,3714000000,,0.676,124.60,,,,,,78882000000,44287000000,0.561,1485.58,44287000000,,,,,40.00,,,,31413473,1601972,29811883,false,false,12,2015-04-01,2016-03-31,0
2016-04-28,79420,2015-03-31,,61004000000,-0.015,,,,,440000000,-0.663,2588000000,-0.231,2216000000,,-0.201,74.33,,,,,,78678000000,41463000000,0.527,1390.80,41463000000,,,,,30.00,,,,31413473,1600900,29813658,false,false,12,2014-04-01,2015-03-31,-1
2016-04-28,79420,2017-03-31,,,,,,,,,,,,,,,,,,,,,,,,,,,,,,40.00,,,,,,,false,true,12,2016-04-01,2017-03-31,1
2016-07-28,79420,2017-03-31,1,26835000000,-0.035,,,,,2272000000,0.378,2203000000,0.366,,1700000000,,57.05,,,,,,111245000000,71436000000,0.602,2247.37,66997000000,,,,,,,,,,,,true,false,3,2016-04-01,2016-06-30,0
2016-07-28,79420,2016-03-31,1,27804000000,-0.020,,,,,1649000000,0.783,1613000000,0.572,,1271000000,,42.65,,,,,,,,,,,,,,,,,,,,,,true,false,3,2015-04-01,2015-06-30,-1
2016-07-28,79420,2017-03-31,1,56000000000,-0.021,,,,,4300000000,0.044,4350000000,0.059,,3200000000,,107.34,,,,,,,,,,,,,,,,,,,,,,true,true,6,2016-04-01,2016-09-30,0
2016-07-28,79420,2017-03-31,1,113000000000,-0.017,,,,,9000000000,-0.030,9100000000,-0.000,,6200000000,,207.97,,,,,,,,,,,,,,,,,,,,,,true,true,12,2016-04-01,2017-03-31,0
2016-07-28,79420,2016-03-31,1,,,,,,,,,,,,,,,,,,,,115136000000,72497000000,0.590,2277.32,67890000000,,,,,,,,,,,,true,false,12,2015-04-01,2016-03-31,-1
2016-07-28,79420,2016-03-31,1,,,,,,,,,,,,,,,,,,,,,,,,,,,,,40.00,,,,31413473,1601972,,false,false,12,2015-04-01,2016-03-31,-1
2016-07-28,79420,2017-03-31,1,,,,,,,,,,,,,,,,,,,,,,,,,,,,,40.00,,,,,,,false,true,12,2016-04-01,2017-03-31,0
2016-07-28,79420,2017-03-31,1,,,,,,,,,,,,,,,,,,,,,,,,,,,,,,,,,31413473,1601972,29811501,false,false,3,2016-04-01,2016-06-30,0
2016-07-28,79420,2016-03-31,1,,,,,,,,,,,,,,,,,,,,,,,,,,,,,,,,,,,29812378,false,false,3,2015-04-01,2015-06-30,-1
2016-10-28,79420,2017-03-31,2,54587000000,-0.046,,,,,5000000000,0.214,5031000000,0.225,,3820000000,,128.16,,,,,,108244000000,70001000000,0.609,2211.17,65917000000,,,,,,,,,,,,true,false,6,2016-04-01,2016-09-30,0
2016-10-28,79420,2016-03-31,2,57221000000,-0.018,,,,,4120000000,0.541,4107000000,0.399,,2879000000,,96.60,,,,,,,,,,,,,,,,,,,,,,true,false,6,2015-04-01,2015-09-30,-1
2016-10-28,79420,2017-03-31,2,108000000000,-0.060,,,,,9000000000,-0.030,9100000000,-0.000,,6200000000,,207.97,,,,,,,,,,,,,,,,,,,,,,true,true,12,2016-04-01,2017-03-31,0
2016-10-28,79420,2016-03-31,2,,,,,,,,,,,,,,,,,,,,115136000000,72497000000,0.590,2277.32,67890000000,,,,,,,,,,,,true,false,12,2015-04-01,2016-03-31,-1
2016-10-28,79420,2016-03-31,2,,,,,,,,,,,,,,,,,,,,,,,,,,,,,40.00,,,,31413473,1601972,,false,false,12,2015-04-01,2016-03-31,-1
2016-10-28,79420,2017-03-31,2,,,,,,,,,,,,,,,,,,,,,,,,,,,,,20.00,,,,,,,false,false,12,2016-04-01,2017-03-31,0
2016-10-28,79420,2017-03-31,2,,,,,,,,,,,,,,,,,,,,,,,,,,,,,40.00,,,,,,,false,true,12,2016-04-01,2017-03-31,0
2016-10-28,79420,2017-03-31,2,,,,,,,,,,,,,,,,,,,,,,,,,,,,,,,,,31413473,1602159,29811436,false,false,6,2016-04-01,2016-09-30,0
2016-10-28,79420,2016-03-31,2,,,,,,,,,,,,,,,,,,,,,,,,,,,,,,,,,,,29812176,false,false,6,2015-04-01,2015-09-30,-1
2017-01-31,79420,2017-03-31,3,81952000000,-0.064,,,,,7857000000,0.058,8144000000,0.123,,6251000000,,209.72,,,,,,111697000000,71562000000,0.603,2260.15,67376000000,,,,,,,,,,,,true,false,9,2016-04-01,2016-12-31,0
2017-01-31,79420,2016-03-31,3,87545000000,-0.008,,,,,7428000000,0.687,7250000000,0.526,,5209000000,,174.74,,,,,,,,,,,,,,,,,,,,,,true,false,9,2015-04-01,2015-12-31,-1
2017-01-31,79420,2017-03-31,3,108000000000,-0.060,,,,,9000000000,-0.030,9100000000,-0.000,,6200000000,,207.97,,,,,,,,,,,,,,,,,,,,,,true,true,12,2016-04-01,2017-03-31,0
2017-01-31,79420,2016-03-31,3,,,,,,,,,,,,,,,,,,,,115136000000,72497000000,0.590,2277.32,67890000000,,,,,,,,,,,,true,false,12,2015-04-01,2016-03-31,-1
2017-01-31,79420,2016-03-31,3,,,,,,,,,,,,,,,,,,,,,,,,,,,,,40.00,,,,31413473,1601972,,false,false,12,2015-04-01,2016-03-31,-1
2017-01-31,79420,2017-03-31,3,,,,,,,,,,,,,,,,,,,,,,,,,,,,,20.00,,,,,,,false,false,12,2016-04-01,2017-03-31,0
2017-01-31,79420,2017-03-31,3,,,,,,,,,,,,,,,,,,,,,,,,,,,,,40.00,,,,,,,false,true,12,2016-04-01,2017-03-31,0
2017-01-31,79420,2017-03-31,3,,,,,,,,,,,,,,,,,,,,,,,,,,,,,,,,,31413473,1602579,29811358,false,false,9,2016-04-01,2016-12-31,0
2017-01-31,79420,2016-03-31,3,,,,,,,,,,,,,,,,,,,,,,,,,,,,,,,,,,,29812010,false,false,9,2015-04-01,2015-12-31,-1
2017-04-28,79420,2017-03-31,,109048000000,-0.051,,,,,9612000000,0.036,10033000000,0.102,,7301000000,,244.94,,0.104,0.088,0.088,,113151000000,76778000000,0.641,2433.10,72532000000,10688000000,-6188000000,-6497000000,7965000000,,0.204,,,,,,true,false,12,2016-04-01,2017-03-31,0
2017-04-28,79420,2016-03-31,,114904000000,-0.017,,,,,9278000000,0.637,9101000000,0.506,,5914000000,,198.40,,0.089,0.079,0.081,,115136000000,72497000000,0.590,2277.32,67890000000,13849000000,-6001000000,-5907000000,10295000000,,0.202,,,,,,true,false,12,2015-04-01,2016-03-31,-1
2017-04-28,79420,2018-03-31,,58000000000,0.063,,,,,4600000000,-0.080,4700000000,-0.066,,3450000000,,115.73,,,,,,,,,,,,,,,,,,,,,,true,true,6,2017-04-01,2017-09-30,1
2017-04-28,79420,2018-03-31,,116500000000,0.068,,,,,9500000000,-0.012,9700000000,-0.033,,6700000000,,224.75,,,,,,,,,,,,,,,,0.222,,,,,,true,true,12,2017-04-01,2018-03-31,1
2017-04-28,79420,2017-03-31,,56319000000,-0.018,,,,,2741000000,0.258,5350000000,0.215,4546000000,,0.224,152.50,,,,,,76393000000,47456000000,0.621,1591.94,47456000000,,,,,50.00,,,,31413473,1602780,29811212,false,false,12,2016-04-01,2017-03-31,0
2017-04-28,79420,2016-03-31,,57354000000,-0.060,,,,,2178000000,3.949,4401000000,0.700,3714000000,,0.676,124.60,,,,,,78882000000,44287000000,0.561,1485.58,44287000000,,,,,40.00,,,,31413473,1601972,29811883,false,false,12,2015-04-01,2016-03-31,-1
2017-04-28,79420,2018-03-31,,,,,,,,,,,,,,,,,,,,,,,,,,,,,,50.00,,,,,,,false,true,12,2017-04-01,2018-03-31,1
2017-07-28,79420,2018-03-31,1,27584000000,0.028,,,,,2226000000,-0.021,2277000000,0.033,,1707000000,,57.27,,,,,,115995000000,77215000000,0.628,2442.85,72822000000,,,,,,,,,,,,true,false,3,2017-04-01,2017-06-30,0
2017-07-28,79420,2017-03-31,1,26835000000,-0.035,,,,,2272000000,0.378,2203000000,0.366,,1700000000,,57.05,,,,,,,,,,,,,,,,,,,,,,true,false,3,2016-04-01,2016-06-30,-1
2017-07-28,79420,2018-03-31,1,58000000000,0.063,,,,,4600000000,-0.080,4700000000,-0.066,,3450000000,,115.73,,,,,,,,,,,,,,,,,,,,,,true,true,6,2017-04-01,2017-09-30,0
2017-07-28,79420,2018-03-31,1,116500000000,0.068,,,,,9500000000,-0.012,9700000000,-0.033,,6700000000,,224.75,,,,,,,,,,,,,,,,,,,,,,true,true,12,2017-04-01,2018-03-31,0
2017-07-28,79420,2017-03-31,1,,,,,,,,,,,,,,,,,,,,113151000000,76778000000,0.641,2433.10,72532000000,,,,,,,,,,,,true,false,12,2016-04-01,2017-03-31,-1
2017-07-28,79420,2017-03-31,1,,,,,,,,,,,,,,,,,,,,,,,,,,,,,50.00,,,,31413473,1602780,,false,false,12,2016-04-01,2017-03-31,-1
2017-07-28,79420,2018-03-31,1,,,,,,,,,,,,,,,,,,,,,,,,,,,,,50.00,,,,,,,false,true,12,2017-04-01,2018-03-31,0
2017-07-28,79420,2018-03-31,1,,,,,,,,,,,,,,,,,,,,,,,,,,,,,,,,,31413473,1602826,29810683,false,false,3,2017-04-01,2017-06-30,0
2017-07-28,79420,2017-03-31,1,,,,,,,,,,,,,,,,,,,,,,,,,,,,,,,,,,,29811501,false,false,3,2016-04-01,2016-06-30,-1
2017-10-27,79420,2018-03-31,2,56815000000,0.041,,,,,4973000000,-0.005,4959000000,-0.014,,3595000000,,120.62,,,,,,119508000000,79683000000,0.630,2526.26,75308000000,,,,,,,,,,,,true,false,6,2017-04-01,2017-09-30,0
2017-10-27,79420,2017-03-31,2,54587000000,-0.046,,,,,5000000000,0.214,5031000000,0.225,,3820000000,,128.16,,,,,,,,,,,,,,,,,,,,,,true,false,6,2016-04-01,2016-09-30,-1
2017-10-27,79420,2018-03-31,2,116500000000,0.068,,,,,9500000000,-0.012,9700000000,-0.033,,6700000000,,224.75,,,,,,,,,,,,,,,,,,,,,,true,true,12,2017-04-01,2018-03-31,0
2017-10-27,79420,2017-03-31,2,,,,,,,,,,,,,,,,,,,,113151000000,76778000000,0.641,2433.10,72532000000,,,,,,,,,,,,true,false,12,2016-04-01,2017-03-31,-1
2017-10-27,79420,2017-03-31,2,,,,,,,,,,,,,,,,,,,,,,,,,,,,,50.00,,,,31413473,1602780,,false,false,12,2016-04-01,2017-03-31,-1
2017-10-27,79420,2018-03-31,2,,,,,,,,,,,,,,,,,,,,,,,,,,,,,25.00,,,,,,,false,false,12,2017-04-01,2018-03-31,0
2017-10-27,79420,2018-03-31,2,,,,,,,,,,,,,,,,,,,,,,,,,,,,,50.00,,,,,,,false,true,12,2017-04-01,2018-03-31,0
2017-10-27,79420,2018-03-31,2,,,,,,,,,,,,,,,,,,,,,,,,,,,,,,,,,31413473,1603062,29810609,false,false,6,2017-04-01,2017-09-30,0
2017-10-27,79420,2017-03-31,2,,,,,,,,,,,,,,,,,,,,,,,,,,,,,,,,,,,29811436,false,false,6,2016-04-01,2016-09-30,-1
2018-01-31,79420,2018-03-31,3,86434000000,0.055,,,,,7867000000,0.001,7968000000,-0.022,,5811000000,,194.94,,,,,,123821000000,81948000000,0.626,2599.29,77485000000,,,,,,,,,,,,true,false,9,2017-04-01,2017-12-31,0
2018-01-31,79420,2017-03-31,3,81952000000,-0.064,,,,,7857000000,0.058,8144000000,0.123,,6251000000,,209.72,,,,,,,,,,,,,,,,,,,,,,true,false,9,2016-04-01,2016-12-31,-1
2018-01-31,79420,2018-03-31,3,116500000000,0.068,,,,,9500000000,-0.012,9700000000,-0.033,,6700000000,,224.75,,,,,,,,,,,,,,,,,,,,,,true,true,12,2017-04-01,2018-03-31,0
2018-01-31,79420,2017-03-31,3,,,,,,,,,,,,,,,,,,,,113151000000,76778000000,0.641,2433.10,72532000000,,,,,,,,,,,,true,false,12,2016-04-01,2017-03-31,-1
2018-01-31,79420,2017-03-31,3,,,,,,,,,,,,,,,,,,,,,,,,,,,,,50.00,,,,31413473,1602780,,false,false,12,2016-04-01,2017-03-31,-1
2018-01-31,79420,2018-03-31,3,,,,,,,,,,,,,,,,,,,,,,,,,,,,,25.00,,,,,,,false,false,12,2017-04-01,2018-03-31,0
2018-01-31,79420,2018-03-31,3,,,,,,,,,,,,,,,,,,,,,,,,,,,,,50.00,,,,,,,false,true,12,2017-04-01,2018-03-31,0
2018-01-31,79420,2018-03-31,3,,,,,,,,,,,,,,,,,,,,,,,,,,,,,,,,,31413473,1603360,29810511,false,false,9,2017-04-01,2017-12-31,0
2018-01-31,79420,2017-03-31,3,,,,,,,,,,,,,,,,,,,,,,,,,,,,,,,,,,,29811358,false,false,9,2016-04-01,2016-12-31,-1
2018-04-27,79420,2018-03-31,,114284000000,0.048,,,,,9105000000,-0.053,9217000000,-0.081,,6853000000,,229.91,,0.090,0.077,0.080,,125728000000,84105000000,0.633,2667.72,79524000000,10849000000,-7661000000,-506000000,10807000000,,0.217,,,,,,true,false,12,2017-04-01,2018-03-31,0
2018-04-27,79420,2017-03-31,,109048000000,-0.051,,,,,9612000000,0.036,10033000000,0.102,,7301000000,,244.94,,0.104,0.088,0.088,,113151000000,76778000000,0.641,2433.10,72532000000,10688000000,-6188000000,-6497000000,7965000000,,0.204,,,,,,true,false,12,2016-04-01,2017-03-31,-1
2018-04-27,79420,2019-03-31,,59500000000,0.047,,,,,4700000000,-0.055,4850000000,-0.022,,3750000000,,125.80,,,,,,,,,,,,,,,,,,,,,,true,true,6,2018-04-01,2018-09-30,1
2018-04-27,79420,2019-03-31,,120000000000,0.050,,,,,9500000000,0.043,9800000000,0.063,,7000000000,,234.82,,,,,,,,,,,,,,,,0.213,,,,,,true,true,12,2018-04-01,2019-03-31,1
2018-04-27,79420,2018-03-31,,58845000000,0.045,,,,,2189000000,-0.201,4821000000,-0.099,4326000000,,-0.048,145.12,,,,,,82639000000,50135000000,0.607,1681.84,50135000000,,,,,50.00,,,,31413473,1603502,29810405,false,false,12,2017-04-01,2018-03-31,0
2018-04-27,79420,2017-03-31,,56319000000,-0.018,,,,,2741000000,0.258,5350000000,0.215,4546000000,,0.224,152.50,,,,,,76393000000,47456000000,0.621,1591.94,47456000000,,,,,50.00,,,,31413473,1602780,29811212,false,false,12,2016-04-01,2017-03-31,-1
2018-04-27,79420,2019-03-31,,,,,,,,,,,,,,,,,,,,,,,,,,,,,,50.00,,,,,,,false,true,12,2018-04-01,2019-03-31,1
2018-07-27,79420,2019-03-31,1,28081000000,0.018,,,,,1297000000,-0.417,1408000000,-0.381,,1102000000,,36.98,,,,,,124424000000,82566000000,0.629,2625.37,78261000000,,,,,,,,,,,,true,false,3,2018-04-01,2018-06-30,0
2018-07-27,79420,2018-03-31,1,27584000000,0.028,,,,,2226000000,-0.021,2277000000,0.033,,1707000000,,57.27,,,,,,,,,,,,,,,,,,,,,,true,false,3,2017-04-01,2017-06-30,-1
2018-07-27,79420,2019-03-31,1,58000000000,0.021,,,,,3300000000,-0.336,3400000000,-0.314,,2600000000,,87.22,,,,,,,,,,,,,,,,,,,,,,true,true,6,2018-04-01,2018-09-30,0
2018-07-27,79420,2019-03-31,1,118100000000,0.033,,,,,7500000000,-0.176,7700000000,-0.165,,5500000000,,184.50,,,,,,,,,,,,,,,,,,,,,,true,true,12,2018-04-01,2019-03-31,0
2018-07-27,79420,2018-03-31,1,,,,,,,,,,,,,,,,,,,,125270000000,84105000000,0.635,2667.72,79524000000,,,,,,,,,,,,true,false,12,2017-04-01,2018-03-31,-1
2018-07-27,79420,2018-03-31,1,,,,,,,,,,,,,,,,,,,,,,,,,,,,,50.00,,,,31413473,1603502,,false,false,12,2017-04-01,2018-03-31,-1
2018-07-27,79420,2019-03-31,1,,,,,,,,,,,,,,,,,,,,,,,,,,,,,50.00,,,,,,,false,true,12,2018-04-01,2019-03-31,0
2018-07-27,79420,2019-03-31,1,,,,,,,,,,,,,,,,,,,,,,,,,,,,,,,,,31413473,1603604,29809900,false,false,3,2018-04-01,2018-06-30,0
2018-07-27,79420,2018-03-31,1,,,,,,,,,,,,,,,,,,,,,,,,,,,,,,,,,,,29810683,false,false,3,2017-04-01,2017-06-30,-1
2018-10-26,79420,2019-03-31,2,57450000000,0.011,,,,,2801000000,-0.437,2999000000,-0.395,,2350000000,,78.86,,,,,,126455000000,83554000000,0.628,2663.49,79397000000,,,,,,,,,,,,true,false,6,2018-04-01,2018-09-30,0
2018-10-26,79420,2018-03-31,2,56815000000,0.041,,,,,4973000000,-0.005,4959000000,-0.014,,3595000000,,120.62,,,,,,,,,,,,,,,,,,,,,,true,false,6,2017-04-01,2017-09-30,-1
2018-10-26,79420,2019-03-31,2,118100000000,0.033,,,,,7500000000,-0.176,7700000000,-0.165,,5500000000,,184.50,,,,,,,,,,,,,,,,,,,,,,true,true,12,2018-04-01,2019-03-31,0
2018-10-26,79420,2018-03-31,2,,,,,,,,,,,,,,,,,,,,125270000000,84105000000,0.635,2667.72,79524000000,,,,,,,,,,,,true,false,12,2017-04-01,2018-03-31,-1
2018-10-26,79420,2018-03-31,2,,,,,,,,,,,,,,,,,,,,,,,,,,,,,50.00,,,,31413473,1603502,,false,false,12,2017-04-01,2018-03-31,-1
2018-10-26,79420,2019-03-31,2,,,,,,,,,,,,,,,,,,,,,,,,,,,,,25.00,,,,,,,false,false,12,2018-04-01,2019-03-31,0
2018-10-26,79420,2019-03-31,2,,,,,,,,,,,,,,,,,,,,,,,,,,,,,50.00,,,,,,,false,true,12,2018-04-01,2019-03-31,0
2018-10-26,79420,2019-03-31,2,,,,,,,,,,,,,,,,,,,,,,,,,,,,,,,,,31413473,1603788,29809837,false,false,6,2018-04-01,2018-09-30,0
2018-10-26,79420,2018-03-31,2,,,,,,,,,,,,,,,,,,,,,,,,,,,,,,,,,,,29810609,false,false,6,2017-04-01,2017-09-30,-1
2019-01-31,79420,2019-03-31,3,88157000000,0.020,,,,,4849000000,-0.384,5078000000,-0.363,,3920000000,,131.51,,,,,,130071000000,85365000000,0.624,2721.91,81138000000,,,,,,,,,,,,true,false,9,2018-04-01,2018-12-31,0
2019-01-31,79420,2018-03-31,3,86434000000,0.055,,,,,7867000000,0.001,7968000000,-0.022,,5811000000,,194.94,,,,,,,,,,,,,,,,,,,,,,true,false,9,2017-04-01,2017-12-31,-1
2019-01-31,79420,2019-03-31,3,118100000000,0.033,,,,,7500000000,-0.176,7700000000,-0.165,,5500000000,,184.50,,,,,,,,,,,,,,,,,,,,,,true,true,12,2018-04-01,2019-03-31,0
2019-01-31,79420,2018-03-31,3,,,,,,,,,,,,,,,,,,,,125270000000,84105000000,0.635,2667.72,79524000000,,,,,,,,,,,,true,false,12,2017-04-01,2018-03-31,-1
2019-01-31,79420,2018-03-31,3,,,,,,,,,,,,,,,,,,,,,,,,,,,,,50.00,,,,31413473,1603502,,false,false,12,2017-04-01,2018-03-31,-1
2019-01-31,79420,2019-03-31,3,,,,,,,,,,,,,,,,,,,,,,,,,,,,,25.00,,,,,,,false,false,12,2018-04-01,2019-03-31,0
2019-01-31,79420,2019-03-31,3,,,,,,,,,,,,,,,,,,,,,,,,,,,,,50.00,,,,,,,false,true,12,2018-04-01,2019-03-31,0
2019-01-31,79420,2019-03-31,3,,,,,,,,,,,,,,,,,,,,,,,,,,,,,,,,,31413473,1604111,29809747,false,false,9,2018-04-01,2018-12-31,0
2019-01-31,79420,2018-03-31,3,,,,,,,,,,,,,,,,,,,,,,,,,,,,,,,,,,,29810511,false,false,9,2017-04-01,2017-12-31,-1
2019-04-26,79420,2019-03-31,,116133000000,0.016,,,,,5479000000,-0.398,5835000000,-0.367,,4309000000,,144.57,,0.054,0.046,0.047,,129229000000,84141000000,0.621,2691.76,80239000000,7391000000,-10368000000,1708000000,9082000000,,0.346,,,,,,true,false,12,2018-04-01,2019-03-31,0
2019-04-26,79420,2018-03-31,,114284000000,0.048,,,,,9105000000,-0.053,9217000000,-0.081,,6853000000,,229.91,,0.090,0.077,0.080,,125270000000,84105000000,0.635,2667.72,79524000000,10849000000,-7661000000,-506000000,10807000000,,0.217,,,,,,true,false,12,2017-04-01,2018-03-31,-1
2019-04-26,79420,2020-03-31,,59000000000,0.027,,,,,3500000000,0.249,3600000000,0.200,,2760000000,,92.59,,,,,,,,,,,,,,,,,,,,,,true,true,6,2019-04-01,2019-09-30,1
2019-04-26,79420,2020-03-31,,119400000000,0.028,,,,,7200000000,0.314,7400000000,0.268,,5430000000,,182.16,,,,,,,,,,,,,,,,0.274,,,,,,true,true,12,2019-04-01,2020-03-31,1
2019-04-26,79420,2019-03-31,,60230000000,0.024,,,,,1672000000,-0.236,3393000000,-0.296,2988000000,,-0.309,100.27,,,,,,87328000000,51633000000,0.591,1732.14,51633000000,,,,,50.00,,,,31413473,1604195,29809650,false,false,12,2018-04-01,2019-03-31,0
2019-04-26,79420,2018-03-31,,58845000000,0.045,,,,,2189000000,-0.201,4821000000,-0.099,4326000000,,-0.048,145.12,,,,,,82631000000,50135000000,0.607,1681.84,50135000000,,,,,50.00,,,,31413473,1603502,29810405,false,false,12,2017-04-01,2018-03-31,-1
2019-04-26,79420,2020-03-31,,,,,,,,,,,,,,,,,,,,,,,,,,,,,,50.00,,,,,,,false,true,12,2019-04-01,2020-03-31,1
2019-07-30,79420,2020-03-31,1,27731000000,-0.012,,,,,985000000,-0.241,1012000000,-0.281,,814000000,,27.33,,,,,,129995000000,84151000000,0.618,2694.55,80322000000,,,,,,,,,,,,true,false,3,2019-04-01,2019-06-30,0
2019-07-30,79420,2019-03-31,1,28081000000,0.018,,,,,1297000000,-0.417,1408000000,-0.381,,1102000000,,36.98,,,,,,,,,,,,,,,,,,,,,,true,false,3,2018-04-01,2018-06-30,-1
2019-07-30,79420,2020-03-31,1,59000000000,0.027,,,,,3500000000,0.249,3600000000,0.200,,2760000000,,92.59,,,,,,,,,,,,,,,,,,,,,,true,true,6,2019-04-01,2019-09-30,0
2019-07-30,79420,2020-03-31,1,119400000000,0.028,,,,,7200000000,0.314,7400000000,0.268,,5430000000,,182.16,,,,,,,,,,,,,,,,,,,,,,true,true,12,2019-04-01,2020-03-31,0
2019-07-30,79420,2019-03-31,1,,,,,,,,,,,,,,,,,,,,129229000000,84141000000,0.621,2691.76,80239000000,,,,,,,,,,,,true,false,12,2018-04-01,2019-03-31,-1
2019-07-30,79420,2019-03-31,1,,,,,,,,,,,,,,,,,,,,,,,,,,,,,50.00,,,,31413473,1604195,,false,false,12,2018-04-01,2019-03-31,-1
2019-07-30,79420,2020-03-31,1,,,,,,,,,,,,,,,,,,,,,,,,,,,,,50.00,,,,,,,false,true,12,2019-04-01,2020-03-31,0
2019-07-30,79420,2020-03-31,1,,,,,,,,,,,,,,,,,,,,,,,,,,,,,,,,,31413473,1604292,29809233,false,false,3,2019-04-01,2019-06-30,0
2019-07-30,79420,2019-03-31,1,,,,,,,,,,,,,,,,,,,,,,,,,,,,,,,,,,,29809900,false,false,3,2018-04-01,2018-06-30,-1
2019-10-29,79420,2020-03-31,2,56308000000,-0.020,,,,,2474000000,-0.117,2474000000,-0.175,,1917000000,,64.32,,,,,,127738000000,83944000000,0.629,2694.20,80311000000,,,,,,,,,,,,true,false,6,2019-04-01,2019-09-30,0
2019-10-29,79420,2019-03-31,2,57450000000,0.011,,,,,2801000000,-0.437,2999000000,-0.395,,2350000000,,78.86,,,,,,,,,,,,,,,,,,,,,,true,false,6,2018-04-01,2018-09-30,-1
2019-10-29,79420,2020-03-31,2,113700000000,-0.021,,,,,5300000000,-0.033,5400000000,-0.075,,4200000000,,140.90,,,,,,,,,,,,,,,,,,,,,,true,true,12,2019-04-01,2020-03-31,0
2019-10-29,79420,2019-03-31,2,,,,,,,,,,,,,,,,,,,,129229000000,84141000000,0.621,2691.76,80239000000,,,,,,,,,,,,true,false,12,2018-04-01,2019-03-31,-1
2019-10-29,79420,2019-03-31,2,,,,,,,,,,,,,,,,,,,,,,,,,,,,,50.00,,,,31413473,1604195,,false,false,12,2018-04-01,2019-03-31,-1
2019-10-29,79420,2020-03-31,2,,,,,,,,,,,,,,,,,,,,,,,,,,,,,25.00,,,,,,,false,false,12,2019-04-01,2020-03-31,0
2019-10-29,79420,2020-03-31,2,,,,,,,,,,,,,,,,,,,,,,,,,,,,,50.00,,,,,,,false,true,12,2019-04-01,2020-03-31,0
2019-10-29,79420,2020-03-31,2,,,,,,,,,,,,,,,,,,,,,,,,,,,,,,,,,31413473,1604292,29809207,false,false,6,2019-04-01,2019-09-30,0
2019-10-29,79420,2019-03-31,2,,,,,,,,,,,,,,,,,,,,,,,,,,,,,,,,,,,29809837,false,false,6,2018-04-01,2018-09-30,-1
2020-01-31,79420,2020-03-31,3,85561000000,-0.029,,,,,4308000000,-0.112,4367000000,-0.140,,3307000000,,110.95,,,,,,129180000000,83650000000,0.621,2690.16,80191000000,,,,,,,,,,,,true,false,9,2019-04-01,2019-12-31,0
2020-01-31,79420,2019-03-31,3,88157000000,0.020,,,,,4849000000,-0.384,5078000000,-0.363,,3920000000,,131.51,,,,,,,,,,,,,,,,,,,,,,true,false,9,2018-04-01,2018-12-31,-1
2020-01-31,79420,2020-03-31,3,112200000000,-0.034,,,,,4800000000,-0.124,5000000000,-0.143,,3800000000,,127.48,,,,,,,,,,,,,,,,,,,,,,true,true,12,2019-04-01,2020-03-31,0
2020-01-31,79420,2019-03-31,3,,,,,,,,,,,,,,,,,,,,129229000000,84141000000,0.621,2691.76,80239000000,,,,,,,,,,,,true,false,12,2018-04-01,2019-03-31,-1
2020-01-31,79420,2019-03-31,3,,,,,,,,,,,,,,,,,,,,,,,,,,,,,50.00,,,,31413473,1604195,,false,false,12,2018-04-01,2019-03-31,-1
2020-01-31,79420,2020-03-31,3,,,,,,,,,,,,,,,,,,,,,,,,,,,,,25.00,,,,,,,false,false,12,2019-04-01,2020-03-31,0
2020-01-31,79420,2020-03-31,3,,,,,,,,,,,,,,,,,,,,,,,,,,,,,50.00,,,,,,,false,true,12,2019-04-01,2020-03-31,0
2020-01-31,79420,2020-03-31,3,,,,,,,,,,,,,,,,,,,,,,,,,,,,,,,,,31413473,1604292,29809198,false,false,9,2019-04-01,2019-12-31,0
2020-01-31,79420,2019-03-31,3,,,,,,,,,,,,,,,,,,,,,,,,,,,,,,,,,,,29809747,false,false,9,2018-04-01,2018-12-31,-1
2020-04-30,79420,2020-03-31,,113375000000,-0.024,,,,,5083000000,-0.072,5210000000,-0.107,,3638000000,,122.07,,0.045,0.040,0.045,,128445000000,84646000000,0.634,2729.87,81375000000,11484000000,-12406000000,-358000000,7584000000,,0.410,,,,,,true,false,12,2019-04-01,2020-03-31,0
2020-04-30,79420,2019-03-31,,116133000000,0.016,,,,,5479000000,-0.398,5835000000,-0.367,,4309000000,,144.57,,0.054,0.046,0.047,,129229000000,84141000000,0.621,2691.76,80239000000,7391000000,-10368000000,1708000000,9082000000,,0.346,,,,,,true,false,12,2018-04-01,2019-03-31,-1
2020-04-30,79420,2021-03-31,,47100000000,-0.164,,,,,-100000000,,0,,,0,,0.00,,,,,,,,,,,,,,,,,,,,,,true,true,6,2020-04-01,2020-09-30,1
2020-04-30,79420,2021-03-31,,105000000000,-0.074,,,,,3000000000,-0.410,3200000000,-0.386,,2200000000,,73.80,,,,,,,,,,,,,,,,0.678,,,,,,true,true,12,2020-04-01,2021-03-31,1
2020-04-30,79420,2020-03-31,,58424000000,-0.030,,,,,1777000000,0.063,3259000000,-0.039,2137000000,,-0.285,71.71,,,,,,86343000000,52296000000,0.606,1754.36,52296000000,,,,,50.00,,,,31413473,1604292,29809194,false,false,12,2019-04-01,2020-03-31,0
2020-04-30,79420,2019-03-31,,60230000000,0.024,,,,,1672000000,-0.236,3393000000,-0.296,2988000000,,-0.309,100.27,,,,,,87328000000,51633000000,0.591,1732.14,51633000000,,,,,50.00,,,,31413473,1604195,29809650,false,false,12,2018-04-01,2019-03-31,-1
2020-04-30,79420,2021-03-31,,,,,,,,,,,,,,,,,,,,,,,,,,,,,,50.00,,,,,,,false,true,12,2020-04-01,2021-03-31,1
2020-07-31,79420,2021-03-31,1,24815000000,-0.105,,,,,916000000,-0.070,832000000,-0.178,,542000000,,18.21,,,,,,124578000000,83028000000,0.642,2685.03,80038000000,,,,,,,,,,,,true,false,3,2020-04-01,2020-06-30,0
2020-07-31,79420,2020-03-31,1,27731000000,-0.012,,,,,985000000,-0.241,1012000000,-0.281,,814000000,,27.33,,,,,,,,,,,,,,,,,,,,,,true,false,3,2019-04-01,2019-06-30,-1
2020-07-31,79420,2021-03-31,1,48600000000,-0.137,,,,,1200000000,-0.515,1200000000,-0.515,,800000000,,26.84,,,,,,,,,,,,,,,,,,,,,,true,true,6,2020-04-01,2020-09-30,0
2020-07-31,79420,2021-03-31,1,100000000000,-0.118,,,,,3200000000,-0.371,3200000000,-0.386,,2200000000,,73.80,,,,,,,,,,,,,,,,,,,,,,true,true,12,2020-04-01,2021-03-31,0
2020-07-31,79420,2020-03-31,1,,,,,,,,,,,,,,,,,,,,128445000000,84646000000,0.634,2729.87,81375000000,,,,,,,,,,,,true,false,12,2019-04-01,2020-03-31,-1
2020-07-31,79420,2020-03-31,1,,,,,,,,,,,,,,,,,,,,,,,,,,,,,50.00,,,,31413473,1604292,,false,false,12,2019-04-01,2020-03-31,-1
2020-07-31,79420,2021-03-31,1,,,,,,,,,,,,,,,,,,,,,,,,,,,,,50.00,,,,,,,false,true,12,2020-04-01,2021-03-31,0
2020-07-31,79420,2021-03-31,1,,,,,,,,,,,,,,,,,,,,,,,,,,,,,,,,,31413473,1604389,29809168,false,false,3,2020-04-01,2020-06-30,0
2020-07-31,79420,2020-03-31,1,,,,,,,,,,,,,,,,,,,,,,,,,,,,,,,,,,,29809233,false,false,3,2019-04-01,2019-06-30,-1
2020-10-29,79420,2021-03-31,2,48080000000,-0.146,,,,,1284000000,-0.481,1268000000,-0.487,,908000000,,30.47,,,,,,126211000000,83389000000,0.637,2697.08,80397000000,,,,,,,,,,,,true,false,6,2020-04-01,2020-09-30,0
2020-10-29,79420,2020-03-31,2,56308000000,-0.020,,,,,2474000000,-0.117,2474000000,-0.175,,1917000000,,64.32,,,,,,,,,,,,,,,,,,,,,,true,false,6,2019-04-01,2019-09-30,-1
2020-10-29,79420,2021-03-31,2,100000000000,-0.118,,,,,3200000000,-0.371,3200000000,-0.386,,2200000000,,73.80,,,,,,,,,,,,,,,,,,,,,,true,true,12,2020-04-01,2021-03-31,0
2020-10-29,79420,2020-03-31,2,,,,,,,,,,,,,,,,,,,,128445000000,84646000000,0.634,2729.87,81375000000,,,,,,,,,,,,true,false,12,2019-04-01,2020-03-31,-1
2020-10-29,79420,2020-03-31,2,,,,,,,,,,,,,,,,,,,,,,,,,,,,,50.00,,,,31413473,1604292,,false,false,12,2019-04-01,2020-03-31,-1
2020-10-29,79420,2021-03-31,2,,,,,,,,,,,,,,,,,,,,,,,,,,,,,25.00,,,,,,,false,false,12,2020-04-01,2021-03-31,0
2020-10-29,79420,2021-03-31,2,,,,,,,,,,,,,,,,,,,,,,,,,,,,,50.00,,,,,,,false,true,12,2020-04-01,2021-03-31,0
2020-10-29,79420,2021-03-31,2,,,,,,,,,,,,,,,,,,,,,,,,,,,,,,,,,31413473,1604441,29809105,false,false,6,2020-04-01,2020-09-30,0
2020-10-29,79420,2020-03-31,2,,,,,,,,,,,,,,,,,,,,,,,,,,,,,,,,,,,29809207,false,false,6,2019-04-01,2019-09-30,-1
2020-12-14,79420,2021-03-31,,100000000000,,,,,,3900000000,0.219,3900000000,0.219,700000000,,-0.682,23.48,,,,,,,,,,,,,,,,,,,,,,true,true,12,2020-04-01,2021-03-31,0
2020-12-14,79420,2020-03-31,,113375000000,,,,,,5083000000,,5210000000,,3638000000,,,122.07,,,,,,,,,,,,,,,,,,,,,,true,false,12,2019-04-01,2020-03-31,-1
2021-01-29,79420,2021-03-31,3,76145000000,-0.110,,,,,4038000000,-0.063,4152000000,-0.049,,3058000000,,102.62,,,,,,128691000000,84917000000,0.636,2746.59,81872000000,,,,,,,,,,,,true,false,9,2020-04-01,2020-12-31,0
2021-01-29,79420,2020-03-31,3,85561000000,-0.029,,,,,4308000000,-0.112,4367000000,-0.140,,3307000000,,110.95,,,,,,,,,,,,,,,,,,,,,,true,false,9,2019-04-01,2019-12-31,-1
2021-01-29,79420,2021-03-31,3,101300000000,-0.107,,,,,4600000000,-0.095,4700000000,-0.098,,1200000000,,40.26,,,,,,,,,,,,,,,,,,,,,,true,true,12,2020-04-01,2021-03-31,0
2021-01-29,79420,2020-03-31,3,,,,,,,,,,,,,,,,,,,,128445000000,84646000000,0.634,2729.87,81375000000,,,,,,,,,,,,true,false,12,2019-04-01,2020-03-31,-1
2021-01-29,79420,2020-03-31,3,,,,,,,,,,,,,,,,,,,,,,,,,,,,,50.00,,,,31413473,1604292,,false,false,12,2019-04-01,2020-03-31,-1
2021-01-29,79420,2021-03-31,3,,,,,,,,,,,,,,,,,,,,,,,,,,,,,25.00,,,,,,,false,false,12,2020-04-01,2021-03-31,0
2021-01-29,79420,2021-03-31,3,,,,,,,,,,,,,,,,,,,,,,,,,,,,,50.00,,,,,,,false,true,12,2020-04-01,2021-03-31,0
2021-01-29,79420,2021-03-31,3,,,,,,,,,,,,,,,,,,,,,,,,,,,,,,,,,31413473,1604688,29809064,false,false,9,2020-04-01,2020-12-31,0
2021-01-29,79420,2020-03-31,3,,,,,,,,,,,,,,,,,,,,,,,,,,,,,,,,,,,29809198,false,false,9,2019-04-01,2019-12-31,-1
2021-01-29,79420,2021-03-31,,101300000000,0.013,,,,,4600000000,0.179,4700000000,0.205,1200000000,,0.714,40.26,,,,,,,,,,,,,,,,,,,,,,true,true,12,2020-04-01,2021-03-31,0
2021-01-29,79420,2020-03-31,,113375000000,,,,,,5083000000,,5210000000,,3638000000,,,122.07,,,,,,,,,,,,,,,,,,,,,,true,false,12,2019-04-01,2020-03-31,-1
2021-04-12,79420,2021-03-31,,102500000000,0.012,,,,,5200000000,0.130,5400000000,0.149,2700000000,,1.250,90.58,,,,,,,,,,,,,,,,,,,,,,true,true,12,2020-04-01,2021-03-31,0
2021-04-12,79420,2020-03-31,,113375000000,,,,,,5083000000,,5210000000,,3638000000,,,122.07,,,,,,,,,,,,,,,,,,,,,,true,false,12,2019-04-01,2020-03-31,-1
2021-04-30,79420,2021-03-31,,102668000000,-0.094,,,,,5185000000,0.020,5519000000,0.059,,3017000000,,101.22,,0.037,0.043,0.051,,129053000000,85561000000,0.639,2767.26,82488000000,12211000000,-5174000000,-2266000000,12278000000,,0.494,,,,,,true,false,12,2020-04-01,2021-03-31,0
2021-04-30,79420,2020-03-31,,113375000000,-0.024,,,,,5083000000,-0.072,5210000000,-0.107,,3638000000,,122.07,,0.045,0.040,0.045,,128445000000,84646000000,0.634,2729.87,81375000000,11484000000,-12406000000,-358000000,7584000000,,0.410,,,,,,true,false,12,2019-04-01,2020-03-31,-1
2021-04-30,79420,2022-03-31,,55000000000,,,,,,2400000000,,2500000000,,,1600000000,,53.68,,,,,,,,,,,,,,,,,,,,,,true,true,6,2021-04-01,2021-09-30,1
2021-04-30,79420,2022-03-31,,113000000000,,,,,,5000000000,,5200000000,,,3400000000,,114.06,,,,,,,,,,,,,,,,0.438,,,,,,true,true,12,2021-04-01,2022-03-31,1
2021-04-30,79420,2021-03-31,,54257000000,-0.071,,,,,1631000000,-0.082,2688000000,-0.175,2122000000,,-0.007,71.21,,,,,,87550000000,53184000000,0.607,1784.18,53184000000,,,,,50.00,,,,31413473,1604702,29808992,false,false,12,2020-04-01,2021-03-31,0
2021-04-30,79420,2020-03-31,,58424000000,-0.030,,,,,1777000000,0.063,3259000000,-0.039,2137000000,,-0.285,71.71,,,,,,86343000000,52296000000,0.606,1754.36,52296000000,,,,,50.00,,,,31413473,1604292,29809194,false,false,12,2019-04-01,2020-03-31,-1
2021-04-30,79420,2022-03-31,,,,,,,,,,,,,,,,,,,,,,,,,,,,,,50.00,,,,,,,false,true,12,2021-04-01,2022-03-31,1
2021-07-30,79420,2022-03-31,1,26982000000,0.087,,,,,1567000000,0.711,1558000000,0.871,,1096000000,,36.78,,,,,,130082000000,87993000000,0.643,2807.29,83681000000,,,,,,,,,,,,true,false,3,2021-04-01,2021-06-30,0
2021-07-30,79420,2021-03-31,1,24815000000,-0.105,,,,,916000000,-0.070,832000000,-0.178,,542000000,,18.21,,,,,,,,,,,,,,,,,,,,,,true,false,3,2020-04-01,2020-06-30,-1
2021-07-30,79420,2022-03-31,1,55500000000,0.154,,,,,2800000000,1.180,2900000000,1.285,,1900000000,,63.74,,,,,,,,,,,,,,,,,,,,,,true,true,6,2021-04-01,2021-09-30,0
2021-07-30,79420,2022-03-31,1,114000000000,0.110,,,,,5200000000,0.003,5400000000,-0.022,,3600000000,,120.77,,,,,,,,,,,,,,,,,,,,,,true,true,12,2021-04-01,2022-03-31,0
2021-07-30,79420,2021-03-31,1,,,,,,,,,,,,,,,,,,,,129053000000,85561000000,0.639,2767.26,82488000000,,,,,,,,,,,,true,false,12,2020-04-01,2021-03-31,-1
2021-07-30,79420,2021-03-31,1,,,,,,,,,,,,,,,,,,,,,,,,,,,,,50.00,,,,31413473,1604702,,false,false,12,2020-04-01,2021-03-31,-1
2021-07-30,79420,2022-03-31,1,,,,,,,,,,,,,,,,,,,,,,,,,,,,,50.00,,,,,,,false,true,12,2021-04-01,2022-03-31,0
2021-07-30,79420,2022-03-31,1,,,,,,,,,,,,,,,,,,,,,,,,,,,,,,,,,31413473,1604834,29808749,false,false,3,2021-04-01,2021-06-30,0
2021-07-30,79420,2021-03-31,1,,,,,,,,,,,,,,,,,,,,,,,,,,,,,,,,,,,29809168,false,false,3,2020-04-01,2020-06-30,-1
2021-10-29,79420,2022-03-31,2,55673000000,0.158,,,,,2985000000,1.325,3081000000,1.428,,2280000000,,76.49,,,,,,132678000000,89752000000,0.644,2864.61,85389000000,,,,,,,,,,,,true,false,6,2021-04-01,2021-09-30,0
2021-10-29,79420,2021-03-31,2,48080000000,-0.146,,,,,1284000000,-0.481,1268000000,-0.487,,908000000,,30.47,,,,,,,,,,,,,,,,,,,,,,true,false,6,2020-04-01,2020-09-30,-1
2021-10-29,79420,2022-03-31,2,114000000000,0.110,,,,,5200000000,0.003,5400000000,-0.022,,3600000000,,120.77,,,,,,,,,,,,,,,,,,,,,,true,true,12,2021-04-01,2022-03-31,0
2021-10-29,79420,2021-03-31,2,,,,,,,,,,,,,,,,,,,,129053000000,85561000000,0.639,2767.26,82488000000,,,,,,,,,,,,true,false,12,2020-04-01,2021-03-31,-1
2021-10-29,79420,2021-03-31,2,,,,,,,,,,,,,,,,,,,,,,,,,,,,,50.00,,,,31413473,1604702,,false,false,12,2020-04-01,2021-03-31,-1
2021-10-29,79420,2022-03-31,2,,,,,,,,,,,,,,,,,,,,,,,,,,,,,25.00,,,,,,,false,false,12,2021-04-01,2022-03-31,0
2021-10-29,79420,2022-03-31,2,,,,,,,,,,,,,,,,,,,,,,,,,,,,,50.00,,,,,,,false,true,12,2021-04-01,2022-03-31,0
2021-10-29,79420,2022-03-31,2,,,,,,,,,,,,,,,,,,,,,,,,,,,,,,,,,31413473,1604931,29808654,false,false,6,2021-04-01,2021-09-30,0
2021-10-29,79420,2021-03-31,2,,,,,,,,,,,,,,,,,,,,,,,,,,,,,,,,,,,29809105,false,false,6,2020-04-01,2020-09-30,-1
2022-01-31,79420,2022-03-31,3,85128000000,0.118,,,,,4299000000,0.064,4497000000,0.083,,3290000000,,110.38,,,,,,135994000000,89875000000,0.629,2870.29,85559000000,,,,,,,,,,,,true,false,9,2021-04-01,2021-12-31,0
2022-01-31,79420,2021-03-31,3,76145000000,-0.110,,,,,4038000000,-0.063,4152000000,-0.049,,3058000000,,102.62,,,,,,,,,,,,,,,,,,,,,,true,false,9,2020-04-01,2020-12-31,-1
2022-01-31,79420,2022-03-31,3,113000000000,0.101,,,,,4700000000,-0.094,4900000000,-0.112,,3200000000,,107.35,,,,,,,,,,,,,,,,,,,,,,true,true,12,2021-04-01,2022-03-31,0
2022-01-31,79420,2021-03-31,3,,,,,,,,,,,,,,,,,,,,129053000000,85561000000,0.639,2767.26,82488000000,,,,,,,,,,,,true,false,12,2020-04-01,2021-03-31,-1
2022-01-31,79420,2021-03-31,3,,,,,,,,,,,,,,,,,,,,,,,,,,,,,50.00,,,,31413473,1604702,,false,false,12,2020-04-01,2021-03-31,-1
2022-01-31,79420,2022-03-31,3,,,,,,,,,,,,,,,,,,,,,,,,,,,,,25.00,,,,,,,false,false,12,2021-04-01,2022-03-31,0
2022-01-31,79420,2022-03-31,3,,,,,,,,,,,,,,,,,,,,,,,,,,,,,50.00,,,,,,,false,true,12,2021-04-01,2022-03-31,0
2022-01-31,79420,2022-03-31,3,,,,,,,,,,,,,,,,,,,,,,,,,,,,,,,,,31413473,1604976,29808612,false,false,9,2021-04-01,2021-12-31,0
2022-01-31,79420,2021-03-31,3,,,,,,,,,,,,,,,,,,,,,,,,,,,,,,,,,,,29809064,false,false,9,2020-04-01,2020-12-31,-1
2022-04-28,79420,2022-03-31,,114125000000,0.112,,,,,4589000000,-0.115,4868000000,-0.118,,2893000000,,97.06,,0.034,0.037,0.040,,134527000000,90231000000,0.639,2884.93,85995000000,5972000000,-5888000000,-2565000000,10520000000,,0.515,,,,,,true,false,12,2021-04-01,2022-03-31,0
2022-04-28,79420,2021-03-31,,102668000000,-0.094,,,,,5185000000,0.020,5519000000,0.059,,3017000000,,101.22,,0.037,0.043,0.051,,129053000000,85561000000,0.639,2767.26,82488000000,12211000000,-5174000000,-2266000000,12278000000,,0.494,,,,,,true,false,12,2020-04-01,2021-03-31,-1
2022-04-28,79420,2023-03-31,,63500000000,0.141,,,,,1900000000,-0.364,2000000000,-0.351,,1400000000,,46.97,,,,,,,,,,,,,,,,,,,,,,true,true,6,2022-04-01,2022-09-30,1
2022-04-28,79420,2023-03-31,,128000000000,0.122,,,,,4300000000,-0.063,4500000000,-0.076,,3100000000,,104.00,,,,,,,,,,,,,,,,0.481,,,,,,true,true,12,2022-04-01,2023-03-31,1
2022-04-28,79420,2022-03-31,,57153000000,0.053,,,,,1185000000,-0.273,2744000000,0.021,2063000000,,-0.028,69.22,,,,,,88812000000,53581000000,0.603,1797.52,53581000000,,,,,50.00,,,,31413473,1605071,29808575,false,false,12,2021-04-01,2022-03-31,0
2022-04-28,79420,2021-03-31,,54257000000,-0.071,,,,,1631000000,-0.082,2688000000,-0.175,2122000000,,-0.007,71.21,,,,,,87550000000,53184000000,0.607,1784.18,53184000000,,,,,50.00,,,,31413473,1604702,29808992,false,false,12,2020-04-01,2021-03-31,-1
2022-04-28,79420,2023-03-31,,,,,,,,,,,,,,,,,,,,,,,,,,,,,,50.00,,,,,,,false,true,12,2022-04-01,2023-03-31,1
2022-07-29,79420,2023-03-31,1,30977000000,0.148,,,,,764000000,-0.513,1080000000,-0.307,,763000000,,25.63,,,,,,139928000000,93126000000,0.634,2975.29,88688000000,,,,,,,,,,,,true,false,3,2022-04-01,2022-06-30,0
2022-07-29,79420,2022-03-31,1,26982000000,0.087,,,,,1567000000,0.711,1558000000,0.871,,1096000000,,36.78,,,,,,,,,,,,,,,,,,,,,,true,false,3,2021-04-01,2021-06-30,-1
2022-07-29,79420,2023-03-31,1,63500000000,0.141,,,,,1900000000,-0.364,2000000000,-0.351,,1400000000,,46.97,,,,,,,,,,,,,,,,,,,,,,true,true,6,2022-04-01,2022-09-30,0
2022-07-29,79420,2023-03-31,1,128000000000,0.122,,,,,4300000000,-0.063,4500000000,-0.076,,3100000000,,104.00,,,,,,,,,,,,,,,,,,,,,,true,true,12,2022-04-01,2023-03-31,0
2022-07-29,79420,2022-03-31,1,,,,,,,,,,,,,,,,,,,,134527000000,90231000000,0.639,2884.93,85995000000,,,,,,,,,,,,true,false,12,2021-04-01,2022-03-31,-1
2022-07-29,79420,2022-03-31,1,,,,,,,,,,,,,,,,,,,,,,,,,,,,,50.00,,,,31413473,1605071,,false,false,12,2021-04-01,2022-03-31,-1
2022-07-29,79420,2023-03-31,1,,,,,,,,,,,,,,,,,,,,,,,,,,,,,50.00,,,,,,,false,true,12,2022-04-01,2023-03-31,0
2022-07-29,79420,2023-03-31,1,,,,,,,,,,,,,,,,,,,,,,,,,,,,,,,,,31413473,1605099,29808391,false,false,3,2022-04-01,2022-06-30,0
2022-07-29,79420,2022-03-31,1,,,,,,,,,,,,,,,,,,,,,,,,,,,,,,,,,,,29808749,false,false,3,2021-04-01,2021-06-30,-1
2022-10-31,79420,2023-03-31,2,64252000000,0.154,,,,,1404000000,-0.530,1860000000,-0.396,,1378000000,,46.26,,,,,,145496000000,97383000000,0.638,3112.03,92764000000,,,,,,,,,,,,true,false,6,2022-04-01,2022-09-30,0
2022-10-31,79420,2022-03-31,2,55673000000,0.158,,,,,2985000000,1.325,3081000000,1.428,,2280000000,,76.49,,,,,,,,,,,,,,,,,,,,,,true,false,6,2021-04-01,2021-09-30,-1
2022-10-31,79420,2023-03-31,2,131000000000,0.148,,,,,3200000000,-0.303,3700000000,-0.240,,2700000000,,90.58,,,,,,,,,,,,,,,,,,,,,,true,true,12,2022-04-01,2023-03-31,0
2022-10-31,79420,2022-03-31,2,,,,,,,,,,,,,,,,,,,,134527000000,90231000000,0.639,2884.93,85995000000,,,,,,,,,,,,true,false,12,2021-04-01,2022-03-31,-1
2022-10-31,79420,2022-03-31,2,,,,,,,,,,,,,,,,,,,,,,,,,,,,,50.00,,,,31413473,1605071,,false,false,12,2021-04-01,2022-03-31,-1
2022-10-31,79420,2023-03-31,2,,,,,,,,,,,,,,,,,,,,,,,,,,,,,25.00,,,,,,,false,false,12,2022-04-01,2023-03-31,0
2022-10-31,79420,2023-03-31,2,,,,,,,,,,,,,,,,,,,,,,,,,,,,,50.00,,,,,,,false,true,12,2022-04-01,2023-03-31,0
2022-10-31,79420,2023-03-31,2,,,,,,,,,,,,,,,,,,,,,,,,,,,,,,,,,31413473,1605203,29808343,false,false,6,2022-04-01,2022-09-30,0
2022-10-31,79420,2022-03-31,2,,,,,,,,,,,,,,,,,,,,,,,,,,,,,,,,,,,29808654,false,false,6,2021-04-01,2021-09-30,-1
2023-01-31,79420,2023-03-31,3,99080000000,0.164,,,,,2315000000,-0.461,2763000000,-0.386,,2109000000,,70.78,,,,,,150406000000,98259000000,0.623,3145.23,93753000000,,,,,,,,,,,,true,false,9,2022-04-01,2022-12-31,0
2023-01-31,79420,2022-03-31,3,85128000000,0.118,,,,,4299000000,0.064,4497000000,0.083,,3290000000,,110.38,,,,,,,,,,,,,,,,,,,,,,true,false,9,2021-04-01,2021-12-31,-1
2023-01-31,79420,2023-03-31,3,131000000000,0.148,,,,,3200000000,-0.303,3700000000,-0.240,,2700000000,,90.58,,,,,,,,,,,,,,,,,,,,,,true,true,12,2022-04-01,2023-03-31,0
2023-01-31,79420,2022-03-31,3,,,,,,,,,,,,,,,,,,,,134527000000,90231000000,0.639,2884.93,85995000000,,,,,,,,,,,,true,false,12,2021-04-01,2022-03-31,-1
2023-01-31,79420,2022-03-31,3,,,,,,,,,,,,,,,,,,,,,,,,,,,,,50.00,,,,31413473,1605071,,false,false,12,2021-04-01,2022-03-31,-1
2023-01-31,79420,2023-03-31,3,,,,,,,,,,,,,,,,,,,,,,,,,,,,,25.00,,,,,,,false,false,12,2022-04-01,2023-03-31,0
2023-01-31,79420,2023-03-31,3,,,,,,,,,,,,,,,,,,,,,,,,,,,,,50.00,,,,,,,false,true,12,2022-04-01,2023-03-31,0
2023-01-31,79420,2023-03-31,3,,,,,,,,,,,,,,,,,,,,,,,,,,,,,,,,,31413473,1605228,29808318,false,false,9,2022-04-01,2022-12-31,0
2023-01-31,79420,2022-03-31,3,,,,,,,,,,,,,,,,,,,,,,,,,,,,,,,,,,,29808612,false,false,9,2021-04-01,2021-12-31,-1
2023-04-28,79420,2023-03-31,,131714000000,0.154,,,,,2956000000,-0.356,3363000000,-0.309,,2531000000,,84.91,,0.028,0.024,0.022,,144528000000,96123000000,0.635,3076.73,91711000000,8725000000,-6478000000,1016000000,14696000000,,0.589,,,,,,true,false,12,2022-04-01,2023-03-31,0
2023-04-28,79420,2022-03-31,,114125000000,0.112,,,,,4589000000,-0.115,4868000000,-0.118,,2893000000,,97.06,,0.034,0.037,0.040,,134527000000,90231000000,0.639,2884.93,85995000000,5972000000,-5888000000,-2565000000,10520000000,,0.515,,,,,,true,false,12,2021-04-01,2022-03-31,-1
2023-04-28,79420,2024-03-31,,67000000000,0.043,,,,,2400000000,0.709,2500000000,0.344,,1750000000,,58.71,,,,,,,,,,,,,,,,,,,,,,true,true,6,2023-04-01,2023-09-30,1
2023-04-28,79420,2024-03-31,,135000000000,0.025,,,,,4800000000,0.624,5000000000,0.487,,3400000000,,114.06,,,,,,,,,,,,,,,,0.438,,,,,,true,true,12,2023-04-01,2024-03-31,1
2023-04-28,79420,2023-03-31,,63323000000,0.108,,,,,537000000,-0.547,1820000000,-0.337,1461000000,,-0.291,49.05,,,,,,91743000000,53564000000,0.584,1796.98,53564000000,,,,,50.00,,,,31413473,1605300,29808297,false,false,12,2022-04-01,2023-03-31,0
2023-04-28,79420,2022-03-31,,57153000000,0.053,,,,,1185000000,-0.273,2744000000,0.021,2063000000,,-0.028,69.22,,,,,,88812000000,53581000000,0.603,1797.52,53581000000,,,,,50.00,,,,31413473,1605071,29808575,false,false,12,2021-04-01,2022-03-31,-1
2023-04-28,79420,2024-03-31,,,,,,,,,,,,,,,,,,,,,,,,,,,,,,50.00,,,,,,,false,true,12,2023-04-01,2024-03-31,1
2023-07-31,79420,2024-03-31,1,32049000000,0.035,,,,,1271000000,0.664,1488000000,0.378,,1119000000,,37.56,,,,,,141802000000,97404000000,0.656,3121.36,93041000000,,,,,,,,,,,,true,false,3,2023-04-01,2023-06-30,0
2023-07-31,79420,2023-03-31,1,30977000000,0.148,,,,,764000000,-0.513,1080000000,-0.307,,763000000,,25.63,,,,,,,,,,,,,,,,,,,,,,true,false,3,2022-04-01,2022-06-30,-1
2023-07-31,79420,2024-03-31,1,67000000000,0.043,,,,,3000000000,1.136,3200000000,0.720,,2400000000,,80.51,,,,,,,,,,,,,,,,,,,,,,true,true,6,2023-04-01,2023-09-30,0
2023-07-31,79420,2024-03-31,1,135000000000,0.025,,,,,5600000000,0.894,5900000000,0.754,,4300000000,,144.26,,,,,,,,,,,,,,,,,,,,,,true,true,12,2023-04-01,2024-03-31,0
2023-07-31,79420,2023-03-31,1,,,,,,,,,,,,,,,,,,,,144528000000,96123000000,0.635,3076.73,91711000000,,,,,,,,,,,,true,false,12,2022-04-01,2023-03-31,-1
2023-07-31,79420,2023-03-31,1,,,,,,,,,,,,,,,,,,,,,,,,,,,,,50.00,,,,31413473,1605300,,false,false,12,2022-04-01,2023-03-31,-1
2023-07-31,79420,2024-03-31,1,,,,,,,,,,,,,,,,,,,,,,,,,,,,,50.00,,,,,,,false,true,12,2023-04-01,2024-03-31,0
2023-07-31,79420,2024-03-31,1,,,,,,,,,,,,,,,,,,,,,,,,,,,,,,,,,31413473,1605362,29808163,false,false,3,2023-04-01,2023-06-30,0
2023-07-31,79420,2023-03-31,1,,,,,,,,,,,,,,,,,,,,,,,,,,,,,,,,,,,29808391,false,false,3,2022-04-01,2022-06-30,-1
2023-10-31,79420,2024-03-31,2,66432000000,0.034,,,,,3247000000,1.313,3617000000,0.944,,2795000000,,93.80,,,,,,152063000000,103126000000,0.648,3303.74,98478000000,,,,,,,,,,,,true,false,6,2023-04-01,2023-09-30,0
2023-10-31,79420,2023-03-31,2,64252000000,0.154,,,,,1404000000,-0.530,1860000000,-0.396,,1378000000,,46.26,,,,,,,,,,,,,,,,,,,,,,true,false,6,2022-04-01,2022-09-30,-1
2023-10-31,79420,2024-03-31,2,136000000000,0.033,,,,,6300000000,1.131,6800000000,1.022,,5000000000,,167.74,,,,,,,,,,,,,,,,,,,,,,true,true,12,2023-04-01,2024-03-31,0
2023-10-31,79420,2023-03-31,2,,,,,,,,,,,,,,,,,,,,144528000000,96123000000,0.635,3076.73,91711000000,,,,,,,,,,,,true,false,12,2022-04-01,2023-03-31,-1
2023-10-31,79420,2023-03-31,2,,,,,,,,,,,,,,,,,,,,,,,,,,,,,50.00,,,,31413473,1605300,,false,false,12,2022-04-01,2023-03-31,-1
2023-10-31,79420,2024-03-31,2,,,,,,,,,,,,,,,,,,,,,,,,,,,,,25.00,,,,,,,false,false,12,2023-04-01,2024-03-31,0
2023-10-31,79420,2024-03-31,2,,,,,,,,,,,,,,,,,,,,,,,,,,,,,50.00,,,,,,,false,true,12,2023-04-01,2024-03-31,0
2023-10-31,79420,2024-03-31,2,,,,,,,,,,,,,,,,,,,,,,,,,,,,,,,,,31413473,1605444,29808104,false,false,6,2023-04-01,2023-09-30,0
2023-10-31,79420,2023-03-31,2,,,,,,,,,,,,,,,,,,,,,,,,,,,,,,,,,,,29808343,false,false,6,2022-04-01,2022-09-30,-1
2024-01-31,79420,2024-03-31,3,102437000000,0.034,,,,,6426000000,1.775,6855000000,1.481,,5386000000,,181.52,,,,,,153425000000,100080000000,0.622,3638.42,95355000000,,,,,,,,,,,,true,false,9,2023-04-01,2023-12-31,0
2024-01-31,79420,2023-03-31,3,99080000000,0.164,,,,,2315000000,-0.461,2763000000,-0.386,,2109000000,,70.78,,,,,,,,,,,,,,,,,,,,,,true,false,9,2022-04-01,2022-12-31,-1
2024-01-31,79420,2024-03-31,3,136000000000,0.033,,,,,7500000000,1.537,8000000000,1.379,,6100000000,,211.70,,,,,,,,,,,,,,,,,,,,,,true,true,12,2023-04-01,2024-03-31,0
2024-01-31,79420,2023-03-31,3,,,,,,,,,,,,,,,,,,,,144528000000,96123000000,0.635,3076.73,91711000000,,,,,,,,,,,,true,false,12,2022-04-01,2023-03-31,-1
2024-01-31,79420,2023-03-31,3,,,,,,,,,,,,,,,,,,,,,,,,,,,,,50.00,,,,31413473,1605300,,false,false,12,2022-04-01,2023-03-31,-1
2024-01-31,79420,2024-03-31,3,,,,,,,,,,,,,,,,,,,,,,,,,,,,,25.00,,,,,,,false,false,12,2023-04-01,2024-03-31,0
2024-01-31,79420,2024-03-31,3,,,,,,,,,,,,,,,,,,,,,,,,,,,,,50.00,,,,,,,false,true,12,2023-04-01,2024-03-31,0
2024-01-31,79420,2024-03-31,3,,,,,,,,,,,,,,,,,,,,,,,,,,,,,,,,,31413473,5205590,29677147,false,false,9,2023-04-01,2023-12-31,0
2024-01-31,79420,2023-03-31,3,,,,,,,,,,,,,,,,,,,,,,,,,,,,,,,,,,,29808318,false,false,9,2022-04-01,2022-12-31,-1
2024-04-30,79420,2024-03-31,,135051000000,0.025,,,,,7563000000,1.559,8127000000,1.417,,6391000000,,221.83,,0.068,0.055,0.056,,151605000000,100069000000,0.628,3635.60,95281000000,15665000000,-8056000000,-8449000000,14653000000,,0.293,,,,,,true,false,12,2023-04-01,2024-03-31,0
2024-04-30,79420,2023-03-31,,131714000000,0.154,,,,,2956000000,-0.356,3363000000,-0.309,,2531000000,,84.91,,0.028,0.024,0.022,,144528000000,96123000000,0.635,3076.73,91711000000,8725000000,-6478000000,1016000000,14696000000,,0.589,,,,,,true,false,12,2022-04-01,2023-03-31,-1
2024-04-30,79420,2025-03-31,,72000000000,0.084,,,,,3300000000,0.016,3500000000,-0.033,,2600000000,,99.21,,,,,,,,,,,,,,,,,,,,,,true,true,6,2024-04-01,2024-09-30,1
2024-04-30,79420,2025-03-31,,146000000000,0.081,,,,,7000000000,-0.075,7400000000,-0.090,,5300000000,,202.23,,,,,,,,,,,,,,,,0.396,,,,,,true,true,12,2024-04-01,2025-03-31,1
2024-04-30,79420,2024-03-31,,61891000000,-0.023,,,,,960000000,0.788,4293000000,1.359,3860000000,,1.641,133.98,,,,,,91939000000,50209000000,0.546,1915.83,50209000000,,,,,65.00,,,,31413473,5205680,28814570,false,false,12,2023-04-01,2024-03-31,0
2024-04-30,79420,2023-03-31,,63323000000,0.108,,,,,537000000,-0.547,1820000000,-0.337,1461000000,,-0.291,49.05,,,,,,91743000000,53564000000,0.584,1796.98,53564000000,,,,,50.00,,,,31413473,1605300,29808297,false,false,12,2022-04-01,2023-03-31,-1
2024-04-30,79420,2025-03-31,,,,,,,,,,,,,,,,,,,,,,,,,,,,,,80.00,,,,,,,false,true,12,2024-04-01,2025-03-31,1
2024-07-31,7942,2025-03-31,1,34496000000,0.076,,,,,1292000000,0.017,1642000000,0.104,,1250000000,,47.73,,,,,,153750000000,103207000000,0.639,3750.13,98282000000,,,,,,,,,,,,true,false,3,2024-04-01,2024-06-30,0
2024-07-31,7942,2024-03-31,1,32049000000,0.035,,,,,1271000000,0.664,1488000000,0.378,,1119000000,,37.56,,,,,,,,,,,,,,,,,,,,,,true,false,3,2023-04-01,2023-06-30,-1
2024-07-31,7942,2025-03-31,1,72000000000,0.084,,,,,3300000000,0.016,3500000000,-0.033,,2600000000,,99.21,,,,,,,,,,,,,,,,,,,,,,true,true,6,2024-04-01,2024-09-30,0
2024-07-31,7942,2025-03-31,1,146000000000,0.081,,,,,7000000000,-0.075,7400000000,-0.090,,5300000000,,202.23,,,,,,,,,,,,,,,,,,,,,,true,true,12,2024-04-01,2025-03-31,0
2024-07-31,7942,2024-03-31,1,,,,,,,,,,,,,,,,,,,,151605000000,100069000000,0.628,3635.60,95281000000,,,,,,,,,,,,true,false,12,2023-04-01,2024-03-31,-1
2024-07-31,7942,2024-03-31,1,,,,,,,,,,,,,,,,,,,,,,,,,,,,,65.00,,,,31413473,5205680,,false,false,12,2023-04-01,2024-03-31,-1
2024-07-31,7942,2025-03-31,1,,,,,,,,,,,,,,,,,,,,,,,,,,,,,80.00,,,,,,,false,true,12,2024-04-01,2025-03-31,0
2024-07-31,7942,2025-03-31,1,,,,,,,,,,,,,,,,,,,,,,,,,,,,,,,,,31413473,5205680,26207793,false,false,3,2024-04-01,2024-06-30,0
2024-07-31,7942,2024-03-31,1,,,,,,,,,,,,,,,,,,,,,,,,,,,,,,,,,,,29808163,false,false,3,2023-04-01,2023-06-30,-1
2024-08-07,7942,2025-03-31,1,34496000000,0.076,,,,,1292000000,0.017,1642000000,0.104,,1250000000,,47.73,,,,,,153750000000,103207000000,0.639,3750.13,98282000000,,,,,,,,,,,,true,false,3,2024-04-01,2024-06-30,0
2024-08-07,7942,2024-03-31,1,32049000000,0.035,,,,,1271000000,0.664,1488000000,0.378,,1119000000,,37.56,,,,,,,,,,,,,,,,,,,,,,true,false,3,2023-04-01,2023-06-30,-1
2024-08-07,7942,2025-03-31,1,72000000000,0.084,,,,,3300000000,0.016,3500000000,-0.033,,2600000000,,99.21,,,,,,,,,,,,,,,,,,,,,,true,true,6,2024-04-01,2024-09-30,0
2024-08-07,7942,2025-03-31,1,146000000000,0.081,,,,,7000000000,-0.075,7400000000,-0.090,,5300000000,,202.23,,,,,,,,,,,,,,,,,,,,,,true,true,12,2024-04-01,2025-03-31,0
2024-08-07,7942,2024-03-31,1,,,,,,,,,,,,,,,,,,,,151605000000,100069000000,0.628,3635.60,95281000000,,,,,,,,,,,,true,false,12,2023-04-01,2024-03-31,-1
2024-08-07,7942,2024-03-31,1,,,,,,,,,,,,,,,,,,,,,,,,,,,,,65.00,,,,31413473,5205680,,false,false,12,2023-04-01,2024-03-31,-1
2024-08-07,7942,2025-03-31,1,,,,,,,,,,,,,,,,,,,,,,,,,,,,,80.00,,,,,,,false,true,12,2024-04-01,2025-03-31,0
2024-08-07,7942,2025-03-31,1,,,,,,,,,,,,,,,,,,,,,,,,,,,,,,,,,31413473,5205680,26207793,false,false,3,2024-04-01,2024-06-30,0
2024-08-07,7942,2024-03-31,1,,,,,,,,,,,,,,,,,,,,,,,,,,,,,,,,,,,29808163,false,false,3,2023-04-01,2023-06-30,-1
2024-10-31,7942,2025-03-31,2,71388000000,0.075,,,,,3204000000,-0.013,3544000000,-0.020,,2576000000,,98.33,,,,,,157466000000,107672000000,0.651,3911.94,102522000000,,,,,,,,,,,,true,false,6,2024-04-01,2024-09-30,0
2024-10-31,7942,2024-03-31,2,66432000000,0.034,,,,,3247000000,1.313,3617000000,0.944,,2795000000,,93.80,,,,,,,,,,,,,,,,,,,,,,true,false,6,2023-04-01,2023-09-30,-1
2024-10-31,7942,2025-03-31,2,146000000000,0.081,,,,,7000000000,-0.075,7400000000,-0.090,,5300000000,,202.23,,,,,,,,,,,,,,,,,,,,,,true,true,12,2024-04-01,2025-03-31,0
2024-10-31,7942,2024-03-31,2,,,,,,,,,,,,,,,,,,,,151605000000,100069000000,0.628,3635.60,95281000000,,,,,,,,,,,,true,false,12,2023-04-01,2024-03-31,-1
2024-10-31,7942,2024-03-31,2,,,,,,,,,,,,,,,,,,,,,,,,,,,,,65.00,,,,31413473,5205680,,false,false,12,2023-04-01,2024-03-31,-1
2024-10-31,7942,2025-03-31,2,,,,,,,,,,,,,,,,,,,,,,,,,,,,,40.00,,,,,,,false,false,12,2024-04-01,2025-03-31,0
2024-10-31,7942,2025-03-31,2,,,,,,,,,,,,,,,,,,,,,,,,,,,,,80.00,,,,,,,false,true,12,2024-04-01,2025-03-31,0
2024-10-31,7942,2025-03-31,2,,,,,,,,,,,,,,,,,,,,,,,,,,,,,,,,,31413473,5205849,26207733,false,false,6,2024-04-01,2024-09-30,0
2024-10-31,7942,2024-03-31,2,,,,,,,,,,,,,,,,,,,,,,,,,,,,,,,,,,,29808104,false,false,6,2023-04-01,2023-09-30,-1
2025-01-31,7942,2025-03-31,3,108290000000,0.057,,,,,5739000000,-0.107,6450000000,-0.059,,4906000000,,187.23,,,,,,154454000000,102559000000,0.633,3729.28,97734000000,,,,,,,,,,,,true,false,9,2024-04-01,2024-12-31,0
2025-01-31,7942,2024-03-31,3,102437000000,0.034,,,,,6426000000,1.775,6855000000,1.481,,5386000000,,181.52,,,,,,,,,,,,,,,,,,,,,,true,false,9,2023-04-01,2023-12-31,-1
2025-01-31,7942,2025-03-31,3,142000000000,0.051,,,,,6600000000,-0.127,7400000000,-0.090,,5200000000,,198.42,,,,,,,,,,,,,,,,,,,,,,true,true,12,2024-04-01,2025-03-31,0
2025-01-31,7942,2024-03-31,3,,,,,,,,,,,,,,,,,,,,151605000000,100069000000,0.628,3635.60,95281000000,,,,,,,,,,,,true,false,12,2023-04-01,2024-03-31,-1
2025-01-31,7942,2024-03-31,3,,,,,,,,,,,,,,,,,,,,,,,,,,,,,65.00,,,,31413473,5205680,,false,false,12,2023-04-01,2024-03-31,-1
2025-01-31,7942,2025-03-31,3,,,,,,,,,,,,,,,,,,,,,,,,,,,,,40.00,,,,,,,false,false,12,2024-04-01,2025-03-31,0
2025-01-31,7942,2025-03-31,3,,,,,,,,,,,,,,,,,,,,,,,,,,,,,80.00,,,,,,,false,true,12,2024-04-01,2025-03-31,0
2025-01-31,7942,2025-03-31,3,,,,,,,,,,,,,,,,,,,,,,,,,,,,,,,,,31413473,5206148,26207623,false,false,9,2024-04-01,2024-12-31,0
2025-01-31,7942,2024-03-31,3,,,,,,,,,,,,,,,,,,,,,,,,,,,,,,,,,,,29677147,false,false,9,2023-04-01,2023-12-31,-1
2025-02-07,7942,2025-03-31,3,108290000000,0.057,,,,,5739000000,-0.107,6450000000,-0.059,,4906000000,,187.23,,,,,,154454000000,102559000000,0.633,3729.28,97734000000,,,,,,,,,,,,true,false,9,2024-04-01,2024-12-31,0
2025-02-07,7942,2024-03-31,3,102437000000,0.034,,,,,6426000000,1.775,6855000000,1.481,,5386000000,,181.52,,,,,,,,,,,,,,,,,,,,,,true,false,9,2023-04-01,2023-12-31,-1
2025-02-07,7942,2025-03-31,3,142000000000,0.051,,,,,6600000000,-0.127,7400000000,-0.090,,5200000000,,198.42,,,,,,,,,,,,,,,,,,,,,,true,true,12,2024-04-01,2025-03-31,0
2025-02-07,7942,2024-03-31,3,,,,,,,,,,,,,,,,,,,,151605000000,100069000000,0.628,3635.60,95281000000,,,,,,,,,,,,true,false,12,2023-04-01,2024-03-31,-1
2025-02-07,7942,2024-03-31,3,,,,,,,,,,,,,,,,,,,,,,,,,,,,,65.00,,,,31413473,5205680,,false,false,12,2023-04-01,2024-03-31,-1
2025-02-07,7942,2025-03-31,3,,,,,,,,,,,,,,,,,,,,,,,,,,,,,40.00,,,,,,,false,false,12,2024-04-01,2025-03-31,0
2025-02-07,7942,2025-03-31,3,,,,,,,,,,,,,,,,,,,,,,,,,,,,,80.00,,,,,,,false,true,12,2024-04-01,2025-03-31,0
2025-02-07,7942,2025-03-31,3,,,,,,,,,,,,,,,,,,,,,,,,,,,,,,,,,31413473,5206148,26207623,false,false,9,2024-04-01,2024-12-31,0
2025-02-07,7942,2024-03-31,3,,,,,,,,,,,,,,,,,,,,,,,,,,,,,,,,,,,29677147,false,false,9,2023-04-01,2023-12-31,-1
2025-04-30,7942,2025-03-31,,142250000000,0.053,,,,,6888000000,-0.089,7311000000,-0.100,,5066000000,,193.31,,0.052,0.048,0.048,,153936000000,105855000000,0.656,3855.23,101035000000,8896000000,-8611000000,-3833000000,11927000000,,0.414,,,,,,true,false,12,2024-04-01,2025-03-31,0
2025-04-30,7942,2024-03-31,,135051000000,0.025,,,,,7563000000,1.559,8127000000,1.417,,6391000000,,221.83,,0.068,0.055,0.056,,151605000000,100069000000,0.628,3635.60,95281000000,15665000000,-8056000000,-8449000000,14653000000,,0.293,,,,,,true,false,12,2023-04-01,2024-03-31,-1
2025-04-30,7942,2026-03-31,,72000000000,0.009,,,,,3400000000,0.061,3500000000,-0.013,,2500000000,,95.39,,,,,,,,,,,,,,,,,,,,,,true,true,6,2025-04-01,2025-09-30,1
2025-04-30,7942,2026-03-31,,146000000000,0.026,,,,,7000000000,0.016,7200000000,-0.015,,5000000000,,190.78,,,,,,,,,,,,,,,,0.419,,,,,,true,true,12,2025-04-01,2026-03-31,1
2025-04-30,7942,2025-03-31,,63346000000,0.024,,,,,153000000,-0.841,3197000000,-0.255,2928000000,,-0.241,111.73,,,,,,87662000000,50986000000,0.582,1945.52,50986000000,,,,,80.00,,,,31413473,5206193,26207539,false,false,12,2024-04-01,2025-03-31,0
2025-04-30,7942,2024-03-31,,61891000000,-0.023,,,,,960000000,0.788,4293000000,1.359,3860000000,,1.641,133.98,,,,,,91939000000,50209000000,0.546,1915.83,50209000000,,,,,65.00,,,,31413473,5205680,28814570,false,false,12,2023-04-01,2024-03-31,-1
2025-04-30,7942,2026-03-31,,,,,,,,,,,,,,,,,,,,,,,,,,,,,,80.00,,,,,,,false,true,12,2025-04-01,2026-03-31,1
