filing_date,code,fiscal_year_end,quarterly_period,net_sales,net_sales_change,revenue,revenue_change,operating_revenue,operating_revenue_change,operating_profit,operating_profit_change,ordinary_profit,ordinary_profit_change,net_income,net_income_of_parent,net_income_change,eps,diluted_eps,roe,roa,operating_profit_to_net_sales,operating_profit_to_revenue,total_assets,net_assets,equity_ratio,bps,owner_equity,operating_cash_flow,investing_cash_flow,financing_cash_flow,cash,dividend_per_share,payout_ratio,commemorative_dividend,extra_dividend,number_of_shares,number_of_treqsury_shares,avg_number_of_shares,is_consolidated,is_forecast,duration,period_start,period_end,period_pos
2015-05-13,79430,2015-03-31,,106730000000,-0.065,,,,,6746000000,-0.278,7421000000,-0.210,4878000000,,-0.135,132.24,131.86,0.086,0.064,0.063,,114918000000,59008000000,0.519,1615.86,59635000000,8571000000,-4001000000,-4732000000,16025000000,,0.204,,,,,,true,false,12,2014-04-01,2015-03-31,0
2015-05-13,79430,2014-03-31,,114194000000,0.131,,,,,9346000000,0.304,9395000000,0.320,5639000000,,0.249,153.06,152.50,0.111,0.082,0.082,,115890000000,53340000000,0.466,1464.65,53966000000,12897000000,-4220000000,-8695000000,16125000000,,0.203,,,,,,true,false,12,2013-04-01,2014-03-31,-1
2015-05-13,79430,2016-03-31,,53700000000,0.031,,,,,3800000000,0.083,3800000000,-0.002,,2600000000,,70.45,,,,,,,,,,,,,,,,,,,,,,true,true,6,2015-04-01,2015-09-30,1
2015-05-13,79430,2016-03-31,,110000000000,0.031,,,,,8600000000,0.275,8500000000,0.145,,5400000000,,146.32,,,,,,,,,,,,,,,,0.205,,,,,,true,true,12,2015-04-01,2016-03-31,1
2015-05-13,79430,2015-03-31,,91807000000,-0.073,,,,,3417000000,-0.301,4816000000,-0.136,3348000000,,0.018,90.77,90.51,,,,,102392000000,47226000000,0.460,1277.48,47147000000,,,,,27.00,,,,37324264,417886,36892567,false,false,12,2014-04-01,2015-03-31,0
2015-05-13,79430,2014-03-31,,99013000000,0.211,,,,,4886000000,0.381,5575000000,0.444,3289000000,,0.299,89.28,88.95,,,,,104758000000,44404000000,0.423,1202.31,44299000000,,,,,31.00,,,,37324264,478676,36842192,false,false,12,2013-04-01,2014-03-31,-1
2015-05-13,79430,2016-03-31,,,,,,,,,,,,,,,,,,,,,,,,,,,,,,30.00,,,,,,,false,true,12,2015-04-01,2016-03-31,1
2015-07-31,79430,2016-03-31,1,25627000000,0.005,,,,,1254000000,-0.201,1327000000,-0.105,,936000000,,25.37,25.30,,,,,113155000000,59642000000,0.533,1631.52,60299000000,,,,,,,,,,,,true,false,3,2015-04-01,2015-06-30,0
2015-07-31,79430,2015-03-31,1,25509000000,-0.032,,,,,1569000000,0.024,1482000000,-0.040,,986000000,,26.75,26.66,,,,,,,,,,,,,,,,,,,,,true,false,3,2014-04-01,2014-06-30,-1
2015-07-31,79430,2016-03-31,1,53700000000,0.031,,,,,3800000000,0.083,3800000000,-0.002,,2600000000,,70.45,,,,,,,,,,,,,,,,,,,,,,true,true,6,2015-04-01,2015-09-30,0
2015-07-31,79430,2016-03-31,1,110000000000,0.031,,,,,8600000000,0.275,8500000000,0.145,,5400000000,,146.32,,,,,,,,,,,,,,,,,,,,,,true,true,12,2015-04-01,2016-03-31,0
2015-07-31,79430,2015-03-31,1,,,,,,,,,,,,,,,,,,,,114918000000,59008000000,0.519,1615.86,59635000000,,,,,,,,,,,,true,false,12,2014-04-01,2015-03-31,-1
2015-07-31,79430,2015-03-31,1,,,,,,,,,,,,,,,,,,,,,,,,,,,,,27.00,,,,37324264,417886,,false,false,12,2014-04-01,2015-03-31,-1
2015-07-31,79430,2016-03-31,1,,,,,,,,,,,,,,,,,,,,,,,,,,,,,30.00,,,,,,,false,true,12,2015-04-01,2016-03-31,0
2015-07-31,79430,2016-03-31,1,,,,,,,,,,,,,,,,,,,,,,,,,,,,,,,,,37324264,365185,36919462,false,false,3,2015-04-01,2015-06-30,0
2015-07-31,79430,2015-03-31,1,,,,,,,,,,,,,,,,,,,,,,,,,,,,,,,,,,,36860978,false,false,3,2014-04-01,2014-06-30,-1
2015-11-06,79430,2016-03-31,2,53531000000,0.028,,,,,3367000000,-0.040,3407000000,-0.105,,2575000000,,69.73,69.59,,,,,115221000000,61220000000,0.537,1673.93,61866000000,,,,,,,,,,,,true,false,6,2015-04-01,2015-09-30,0
2015-11-06,79430,2015-03-31,2,52078000000,-0.067,,,,,3507000000,-0.194,3807000000,-0.120,,2570000000,,69.69,69.48,,,,,,,,,,,,,,,,,,,,,true,false,6,2014-04-01,2014-09-30,-1
2015-11-06,79430,2016-03-31,2,110000000000,0.031,,,,,8600000000,0.275,8500000000,0.145,,5400000000,,146.32,,,,,,,,,,,,,,,,,,,,,,true,true,12,2015-04-01,2016-03-31,0
2015-11-06,79430,2015-03-31,2,,,,,,,,,,,,,,,,,,,,114918000000,59008000000,0.519,1615.86,59635000000,,,,,,,,,,,,true,false,12,2014-04-01,2015-03-31,-1
2015-11-06,79430,2015-03-31,2,,,,,,,,,,,,,,,,,,,,,,,,,,,,,27.00,,,,37324264,417886,,false,false,12,2014-04-01,2015-03-31,-1
2015-11-06,79430,2016-03-31,2,,,,,,,,,,,,,,,,,,,,,,,,,,,,,15.00,,,,,,,false,false,12,2015-04-01,2016-03-31,0
2015-11-06,79430,2016-03-31,2,,,,,,,,,,,,,,,,,,,,,,,,,,,,,30.00,,,,,,,false,true,12,2015-04-01,2016-03-31,0
2015-11-06,79430,2016-03-31,2,,,,,,,,,,,,,,,,,,,,,,,,,,,,,,,,,37324264,365425,36936354,false,false,6,2015-04-01,2015-09-30,0
2015-11-06,79430,2015-03-31,2,,,,,,,,,,,,,,,,,,,,,,,,,,,,,,,,,,,36880614,false,false,6,2014-04-01,2014-09-30,-1
2016-01-29,79430,2016-03-31,3,83357000000,0.046,,,,,6293000000,0.198,6358000000,0.081,,4638000000,,125.56,125.32,,,,,116494000000,62714000000,0.544,1713.96,63345000000,,,,,,,,,,,,true,false,9,2015-04-01,2015-12-31,0
2016-01-29,79430,2015-03-31,3,79718000000,-0.074,,,,,5254000000,-0.296,5883000000,-0.220,,3935000000,,106.69,106.38,,,,,,,,,,,,,,,,,,,,,true,false,9,2014-04-01,2014-12-31,-1
2016-01-29,79430,2016-03-31,3,110000000000,0.031,,,,,8600000000,0.275,8500000000,0.145,,5400000000,,146.32,,,,,,,,,,,,,,,,,,,,,,true,true,12,2015-04-01,2016-03-31,0
2016-01-29,79430,2015-03-31,3,,,,,,,,,,,,,,,,,,,,114918000000,59008000000,0.519,1615.86,59635000000,,,,,,,,,,,,true,false,12,2014-04-01,2015-03-31,-1
2016-01-29,79430,2015-03-31,3,,,,,,,,,,,,,,,,,,,,,,,,,,,,,27.00,,,,37324264,417886,,false,false,12,2014-04-01,2015-03-31,-1
2016-01-29,79430,2016-03-31,3,,,,,,,,,,,,,,,,,,,,,,,,,,,,,15.00,,,,,,,false,false,12,2015-04-01,2016-03-31,0
2016-01-29,79430,2016-03-31,3,,,,,,,,,,,,,,,,,,,,,,,,,,,,,30.00,,,,,,,false,true,12,2015-04-01,2016-03-31,0
2016-01-29,79430,2016-03-31,3,,,,,,,,,,,,,,,,,,,,,,,,,,,,,,,,,37324264,365905,36943050,false,false,9,2015-04-01,2015-12-31,0
2016-01-29,79430,2015-03-31,3,,,,,,,,,,,,,,,,,,,,,,,,,,,,,,,,,,,36888407,false,false,9,2014-04-01,2014-12-31,-1
2016-05-11,79430,2016-03-31,,111324000000,0.043,,,,,8349000000,0.238,8212000000,0.106,,5373000000,,145.45,145.18,0.088,0.071,0.075,,115374000000,62413000000,0.546,1705.84,63044000000,10827000000,-4114000000,-5533000000,17218000000,,0.206,,,,,,true,false,12,2015-04-01,2016-03-31,0
2016-05-11,79430,2015-03-31,,106730000000,-0.065,,,,,6746000000,-0.278,7421000000,-0.210,,4878000000,,132.24,131.86,0.086,0.064,0.063,,114918000000,59008000000,0.519,1615.86,59635000000,8571000000,-4001000000,-4732000000,16025000000,,0.204,,,,,,true,false,12,2014-04-01,2015-03-31,-1
2016-05-11,79430,2017-03-31,,55900000000,0.044,,,,,4200000000,0.247,4200000000,0.233,,2700000000,,73.06,,,,,,,,,,,,,,,,,,,,,,true,true,6,2016-04-01,2016-09-30,1
2016-05-11,79430,2017-03-31,,115000000000,0.033,,,,,9200000000,0.102,9100000000,0.108,,5800000000,,156.93,,,,,,,,,,,,,,,,0.204,,,,,,true,true,12,2016-04-01,2017-03-31,1
2016-05-11,79430,2016-03-31,,94205000000,0.026,,,,,4118000000,0.205,4558000000,-0.054,3587000000,,0.071,97.10,96.92,,,,,103215000000,49586000000,0.480,1340.21,49531000000,,,,,30.00,,,,37324264,366015,36946559,false,false,12,2015-04-01,2016-03-31,0
2016-05-11,79430,2015-03-31,,91807000000,-0.073,,,,,3417000000,-0.301,4816000000,-0.136,3348000000,,0.018,90.77,90.51,,,,,102392000000,47226000000,0.460,1277.48,47147000000,,,,,27.00,,,,37324264,417886,36892567,false,false,12,2014-04-01,2015-03-31,-1
2016-05-11,79430,2017-03-31,,,,,,,,,,,,,,,,,,,,,,,,,,,,,,32.00,,,,,,,false,true,12,2016-04-01,2017-03-31,1
2016-07-28,79430,2017-03-31,1,27550000000,0.075,,,,,2445000000,0.950,2121000000,0.598,,1304000000,,35.30,35.24,,,,,112070000000,62620000000,0.564,1710.87,63256000000,,,,,,,,,,,,true,false,3,2016-04-01,2016-06-30,0
2016-07-28,79430,2016-03-31,1,25627000000,0.005,,,,,1254000000,-0.201,1327000000,-0.105,,936000000,,25.37,25.30,,,,,,,,,,,,,,,,,,,,,true,false,3,2015-04-01,2015-06-30,-1
2016-07-28,79430,2017-03-31,1,55900000000,0.044,,,,,4200000000,0.247,4200000000,0.233,,2700000000,,73.06,,,,,,,,,,,,,,,,,,,,,,true,true,6,2016-04-01,2016-09-30,0
2016-07-28,79430,2017-03-31,1,115000000000,0.033,,,,,9200000000,0.102,9100000000,0.108,,5800000000,,156.93,,,,,,,,,,,,,,,,,,,,,,true,true,12,2016-04-01,2017-03-31,0
2016-07-28,79430,2016-03-31,1,,,,,,,,,,,,,,,,,,,,115374000000,62413000000,0.546,1705.84,63044000000,,,,,,,,,,,,true,false,12,2015-04-01,2016-03-31,-1
2016-07-28,79430,2016-03-31,1,,,,,,,,,,,,,,,,,,,,,,,,,,,,,30.00,,,,37324264,366015,,false,false,12,2015-04-01,2016-03-31,-1
2016-07-28,79430,2017-03-31,1,,,,,,,,,,,,,,,,,,,,,,,,,,,,,32.00,,,,,,,false,true,12,2016-04-01,2017-03-31,0
2016-07-28,79430,2017-03-31,1,,,,,,,,,,,,,,,,,,,,,,,,,,,,,,,,,37324264,351072,36961937,false,false,3,2016-04-01,2016-06-30,0
2016-07-28,79430,2016-03-31,1,,,,,,,,,,,,,,,,,,,,,,,,,,,,,,,,,,,36919462,false,false,3,2015-04-01,2015-06-30,-1
2016-09-15,79430,2017-03-31,,56800000000,0.016,,,,,5600000000,0.333,5300000000,0.262,,3800000000,,102.82,,,,,,,,,,,,,,,,,,,,,,true,true,6,2016-04-01,2016-09-30,0
2016-09-15,79430,2016-03-31,,53531000000,,,,,,3367000000,,3407000000,,,2575000000,,69.73,,,,,,,,,,,,,,,,,,,,,,true,false,6,2015-04-01,2015-09-30,-1
2016-09-15,79430,2017-03-31,,116000000000,0.009,,,,,11200000000,0.217,10900000000,0.198,,7700000000,,208.34,,,,,,,,,,,,,,,,,,,,,,true,true,12,2016-04-01,2017-03-31,0
2016-09-15,79430,2016-03-31,,111324000000,,,,,,8349000000,,8212000000,,,5373000000,,145.45,,,,,,,,,,,,,,,,,,,,,,true,false,12,2015-04-01,2016-03-31,-1
2016-09-15,79430,2017-03-31,,,,,,,,,,,,,,,,,,,,,,,,,,,,,,42.00,,,,,,,false,true,12,2016-04-01,2017-03-31,0
2016-09-15,79430,2016-03-31,,,,,,,,,,,,,,,,,,,,,,,,,,,,,,30.00,,,,,,,false,false,12,2015-04-01,2016-03-31,-1
2016-11-08,79430,2017-03-31,2,57008000000,0.065,,,,,6191000000,0.839,5874000000,0.724,,4100000000,,110.93,110.75,,,,,117021000000,64417000000,0.556,1759.08,65038000000,,,,,,,,,,,,true,false,6,2016-04-01,2016-09-30,0
2016-11-08,79430,2016-03-31,2,53531000000,0.028,,,,,3367000000,-0.040,3407000000,-0.105,,2575000000,,69.73,69.59,,,,,,,,,,,,,,,,,,,,,true,false,6,2015-04-01,2015-09-30,-1
2016-11-08,79430,2017-03-31,2,116000000000,0.042,,,,,11200000000,0.341,10900000000,0.327,,7700000000,,208.34,,,,,,,,,,,,,,,,,,,,,,true,true,12,2016-04-01,2017-03-31,0
2016-11-08,79430,2016-03-31,2,,,,,,,,,,,,,,,,,,,,115374000000,62413000000,0.546,1705.84,63044000000,,,,,,,,,,,,true,false,12,2015-04-01,2016-03-31,-1
2016-11-08,79430,2016-03-31,2,,,,,,,,,,,,,,,,,,,,,,,,,,,,,30.00,,,,37324264,366015,,false,false,12,2015-04-01,2016-03-31,-1
2016-11-08,79430,2017-03-31,2,,,,,,,,,,,,,,,,,,,,,,,,,,,,,21.00,,,,,,,false,false,12,2016-04-01,2017-03-31,0
2016-11-08,79430,2017-03-31,2,,,,,,,,,,,,,,,,,,,,,,,,,,,,,42.00,,,,,,,false,true,12,2016-04-01,2017-03-31,0
2016-11-08,79430,2017-03-31,2,,,,,,,,,,,,,,,,,,,,,,,,,,,,,,,,,37324264,351314,36966685,false,false,6,2016-04-01,2016-09-30,0
2016-11-08,79430,2016-03-31,2,,,,,,,,,,,,,,,,,,,,,,,,,,,,,,,,,,,36936354,false,false,6,2015-04-01,2015-09-30,-1
2017-01-31,79430,2017-03-31,3,87243000000,0.047,,,,,10118000000,0.608,10387000000,0.634,,7402000000,,200.24,199.89,,,,,119363000000,66803000000,0.565,1823.12,67405000000,,,,,,,,,,,,true,false,9,2016-04-01,2016-12-31,0
2017-01-31,79430,2016-03-31,3,83357000000,0.046,,,,,6293000000,0.198,6358000000,0.081,,4638000000,,125.56,125.32,,,,,,,,,,,,,,,,,,,,,true,false,9,2015-04-01,2015-12-31,-1
2017-01-31,79430,2017-03-31,3,117000000000,0.051,,,,,12800000000,0.533,13000000000,0.583,,9400000000,,254.34,,,,,,,,,,,,,,,,,,,,,,true,true,12,2016-04-01,2017-03-31,0
2017-01-31,79430,2016-03-31,3,,,,,,,,,,,,,,,,,,,,115374000000,62413000000,0.546,1705.84,63044000000,,,,,,,,,,,,true,false,12,2015-04-01,2016-03-31,-1
2017-01-31,79430,2016-03-31,3,,,,,,,,,,,,,,,,,,,,,,,,,,,,,30.00,,,,37324264,366015,,false,false,12,2015-04-01,2016-03-31,-1
2017-01-31,79430,2017-03-31,3,,,,,,,,,,,,,,,,,,,,,,,,,,,,,21.00,,,,,,,false,false,12,2016-04-01,2017-03-31,0
2017-01-31,79430,2017-03-31,3,,,,,,,,,,,,,,,,,,,,,,,,,,,,,51.00,,,,,,,false,true,12,2016-04-01,2017-03-31,0
2017-01-31,79430,2017-03-31,3,,,,,,,,,,,,,,,,,,,,,,,,,,,,,,,,,37324264,351814,36968473,false,false,9,2016-04-01,2016-12-31,0
2017-01-31,79430,2016-03-31,3,,,,,,,,,,,,,,,,,,,,,,,,,,,,,,,,,,,36943050,false,false,9,2015-04-01,2015-12-31,-1
2017-01-31,79430,2017-03-31,,117000000000,0.009,,,,,12800000000,0.143,13000000000,0.193,,9400000000,,254.34,,,,,,,,,,,,,,,,,,,,,,true,true,12,2016-04-01,2017-03-31,0
2017-01-31,79430,2016-03-31,,111324000000,,,,,,8349000000,,8212000000,,,5373000000,,145.45,,,,,,,,,,,,,,,,,,,,,,true,false,12,2015-04-01,2016-03-31,-1
2017-01-31,79430,2017-03-31,,,,,,,,,,,,,,,,,,,,,,,,,,,,,,51.00,,,,,,,false,true,12,2016-04-01,2017-03-31,0
2017-01-31,79430,2017-03-31,,,,,,,,,,,,,,,,,,,,,,,,,,,,,,21.00,,,,,,,false,false,12,2016-04-01,2017-03-31,0
2017-01-31,79430,2016-03-31,,,,,,,,,,,,,,,,,,,,,,,,,,,,,,30.00,,,,,,,false,false,12,2015-04-01,2016-03-31,-1
2017-05-10,79430,2017-03-31,,118215000000,0.062,,,,,12833000000,0.537,13117000000,0.597,,9594000000,,259.52,259.04,0.143,0.108,0.109,,126470000000,70777000000,0.564,1929.85,71350000000,18411000000,-5397000000,-3251000000,26854000000,,0.200,,,,,,true,false,12,2016-04-01,2017-03-31,0
2017-05-10,79430,2016-03-31,,111324000000,0.043,,,,,8349000000,0.238,8212000000,0.106,,5373000000,,145.45,145.18,0.088,0.071,0.075,,115374000000,62413000000,0.546,1705.84,63044000000,10827000000,-4114000000,-5533000000,17218000000,,0.206,,,,,,true,false,12,2015-04-01,2016-03-31,-1
2017-05-10,79430,2018-03-31,,57600000000,0.010,,,,,6500000000,0.050,6600000000,0.123,,4500000000,,121.71,,,,,,,,,,,,,,,,,,,,,,true,true,6,2017-04-01,2017-09-30,1
2017-05-10,79430,2018-03-31,,119000000000,0.007,,,,,13800000000,0.075,14000000000,0.067,,10000000000,,270.47,,,,,,,,,,,,,,,,0.203,,,,,,true,true,12,2017-04-01,2018-03-31,1
2017-05-10,79430,2017-03-31,,99004000000,0.051,,,,,6230000000,0.513,7163000000,0.572,5024000000,,0.400,135.90,135.65,,,,,109171000000,53660000000,0.491,1449.33,53584000000,,,,,52.00,,,,37324264,352142,36969339,false,false,12,2016-04-01,2017-03-31,0
2017-05-10,79430,2016-03-31,,94205000000,0.026,,,,,4118000000,0.205,4558000000,-0.054,3587000000,,0.071,97.10,96.92,,,,,103215000000,49586000000,0.480,1340.21,49531000000,,,,,30.00,,,,37324264,366015,36946559,false,false,12,2015-04-01,2016-03-31,-1
2017-05-10,79430,2018-03-31,,,,,,,,,,,,,,,,,,,,,,,,,,,,,,55.00,,,,,,,false,true,12,2017-04-01,2018-03-31,1
2017-07-28,79430,2018-03-31,1,27420000000,-0.005,,,,,2618000000,0.071,2708000000,0.277,,1901000000,,51.42,51.33,,,,,121886000000,71545000000,0.592,1949.98,72100000000,,,,,,,,,,,,true,false,3,2017-04-01,2017-06-30,0
2017-07-28,79430,2017-03-31,1,27550000000,0.075,,,,,2445000000,0.950,2121000000,0.598,,1304000000,,35.30,35.24,,,,,,,,,,,,,,,,,,,,,true,false,3,2016-04-01,2016-06-30,-1
2017-07-28,79430,2018-03-31,1,57600000000,0.010,,,,,6500000000,0.050,6600000000,0.123,,4500000000,,121.71,,,,,,,,,,,,,,,,,,,,,,true,true,6,2017-04-01,2017-09-30,0
2017-07-28,79430,2018-03-31,1,119000000000,0.007,,,,,13800000000,0.075,14000000000,0.067,,10000000000,,270.47,,,,,,,,,,,,,,,,,,,,,,true,true,12,2017-04-01,2018-03-31,0
2017-07-28,79430,2017-03-31,1,,,,,,,,,,,,,,,,,,,,126470000000,70777000000,0.564,1929.85,71350000000,,,,,,,,,,,,true,false,12,2016-04-01,2017-03-31,-1
2017-07-28,79430,2017-03-31,1,,,,,,,,,,,,,,,,,,,,,,,,,,,,,52.00,,,,37324264,352142,,false,false,12,2016-04-01,2017-03-31,-1
2017-07-28,79430,2018-03-31,1,,,,,,,,,,,,,,,,,,,,,,,,,,,,,55.00,,,,,,,false,true,12,2017-04-01,2018-03-31,0
2017-07-28,79430,2018-03-31,1,,,,,,,,,,,,,,,,,,,,,,,,,,,,,,,,,37324264,349129,36973641,false,false,3,2017-04-01,2017-06-30,0
2017-07-28,79430,2017-03-31,1,,,,,,,,,,,,,,,,,,,,,,,,,,,,,,,,,,,36961937,false,false,3,2016-04-01,2016-06-30,-1
2017-11-08,79430,2018-03-31,2,56854000000,-0.003,,,,,6681000000,0.079,6841000000,0.165,,5006000000,,135.42,135.17,,,,,126889000000,74847000000,0.594,2038.49,75373000000,,,,,,,,,,,,true,false,6,2017-04-01,2017-09-30,0
2017-11-08,79430,2017-03-31,2,57008000000,0.065,,,,,6191000000,0.839,5874000000,0.724,,4100000000,,110.93,110.75,,,,,,,,,,,,,,,,,,,,,true,false,6,2016-04-01,2016-09-30,-1
2017-11-08,79430,2018-03-31,2,119000000000,0.007,,,,,13800000000,0.075,14000000000,0.067,,10000000000,,270.47,,,,,,,,,,,,,,,,,,,,,,true,true,12,2017-04-01,2018-03-31,0
2017-11-08,79430,2017-03-31,2,,,,,,,,,,,,,,,,,,,,126470000000,70777000000,0.564,1929.85,71350000000,,,,,,,,,,,,true,false,12,2016-04-01,2017-03-31,-1
2017-11-08,79430,2017-03-31,2,,,,,,,,,,,,,,,,,,,,,,,,,,,,,52.00,,,,37324264,352142,,false,false,12,2016-04-01,2017-03-31,-1
2017-11-08,79430,2018-03-31,2,,,,,,,,,,,,,,,,,,,,,,,,,,,,,27.50,,,,,,,false,false,12,2017-04-01,2018-03-31,0
2017-11-08,79430,2018-03-31,2,,,,,,,,,,,,,,,,,,,,,,,,,,,,,55.00,,,,,,,false,true,12,2017-04-01,2018-03-31,0
2017-11-08,79430,2018-03-31,2,,,,,,,,,,,,,,,,,,,,,,,,,,,,,,,,,37324264,349397,36974197,false,false,6,2017-04-01,2017-09-30,0
2017-11-08,79430,2017-03-31,2,,,,,,,,,,,,,,,,,,,,,,,,,,,,,,,,,,,36966685,false,false,6,2016-04-01,2016-09-30,-1
2018-01-30,79430,2018-03-31,3,87690000000,0.005,,,,,10417000000,0.030,10611000000,0.022,,7873000000,,212.96,212.55,,,,,126788000000,77389000000,0.614,2106.50,77886000000,,,,,,,,,,,,true,false,9,2017-04-01,2017-12-31,0
2018-01-30,79430,2017-03-31,3,87243000000,0.047,,,,,10118000000,0.608,10387000000,0.634,,7402000000,,200.24,199.89,,,,,,,,,,,,,,,,,,,,,true,false,9,2016-04-01,2016-12-31,-1
2018-01-30,79430,2018-03-31,3,119000000000,0.007,,,,,13800000000,0.075,14000000000,0.067,,10000000000,,270.47,,,,,,,,,,,,,,,,,,,,,,true,true,12,2017-04-01,2018-03-31,0
2018-01-30,79430,2017-03-31,3,,,,,,,,,,,,,,,,,,,,126470000000,70777000000,0.564,1929.85,71350000000,,,,,,,,,,,,true,false,12,2016-04-01,2017-03-31,-1
2018-01-30,79430,2017-03-31,3,,,,,,,,,,,,,,,,,,,,,,,,,,,,,52.00,,,,37324264,352142,,false,false,12,2016-04-01,2017-03-31,-1
2018-01-30,79430,2018-03-31,3,,,,,,,,,,,,,,,,,,,,,,,,,,,,,27.50,,,,,,,false,false,12,2017-04-01,2018-03-31,0
2018-01-30,79430,2018-03-31,3,,,,,,,,,,,,,,,,,,,,,,,,,,,,,55.00,,,,,,,false,true,12,2017-04-01,2018-03-31,0
2018-01-30,79430,2018-03-31,3,,,,,,,,,,,,,,,,,,,,,,,,,,,,,,,,,37324264,349717,36974332,false,false,9,2017-04-01,2017-12-31,0
2018-01-30,79430,2017-03-31,3,,,,,,,,,,,,,,,,,,,,,,,,,,,,,,,,,,,36968473,false,false,9,2016-04-01,2016-12-31,-1
2018-05-09,79430,2018-03-31,,116144000000,-0.018,,,,,13232000000,0.031,13796000000,0.052,,11151000000,,301.60,301.01,0.146,0.108,0.114,,129724000000,80497000000,0.624,2189.71,80963000000,11103000000,-5700000000,-4350000000,27786000000,,0.202,,,,,,true,false,12,2017-04-01,2018-03-31,0
2018-05-09,79430,2017-03-31,,118215000000,0.062,,,,,12833000000,0.537,13117000000,0.597,,9594000000,,259.52,259.04,0.143,0.108,0.109,,126470000000,70777000000,0.564,1929.85,71350000000,18411000000,-5397000000,-3251000000,26854000000,,0.200,,,,,,true,false,12,2016-04-01,2017-03-31,-1
2018-05-09,79430,2019-03-31,,58200000000,0.024,,,,,6800000000,0.018,6900000000,0.009,,5100000000,,137.93,,,,,,,,,,,,,,,,,,,,,,true,true,6,2018-04-01,2018-09-30,1
2018-05-09,79430,2019-03-31,,120000000000,0.033,,,,,14000000000,0.058,14200000000,0.029,,10200000000,,275.87,,,,,,,,,,,,,,,,0.203,,,,,,true,true,12,2018-04-01,2019-03-31,1
2018-05-09,79430,2017-03-31,,,,,,,,,,,,,,,,,,,,,,,,,,,,,,52.00,,,,37324264,352142,36969339,false,false,12,2016-04-01,2017-03-31,-1
2018-05-09,79430,2018-03-31,,,,,,,,,,,,,,,,,,,,,,,,,,,,,,61.00,,,,37324264,349927,36974340,false,false,12,2017-04-01,2018-03-31,0
2018-05-09,79430,2019-03-31,,,,,,,,,,,,,,,,,,,,,,,,,,,,,,56.00,,,,,,,false,true,12,2018-04-01,2019-03-31,1
2018-07-31,79430,2019-03-31,1,27742000000,0.012,,,,,2381000000,-0.091,2477000000,-0.085,,1830000000,,49.51,49.42,,,,,126202000000,80199000000,0.639,2181.02,80661000000,,,,,,,,,,,,true,false,3,2018-04-01,2018-06-30,0
2018-07-31,79430,2018-03-31,1,27420000000,-0.005,,,,,2618000000,0.071,2708000000,0.277,,1901000000,,51.42,51.33,,,,,,,,,,,,,,,,,,,,,true,false,3,2017-04-01,2017-06-30,-1
2018-07-31,79430,2019-03-31,1,58200000000,0.024,,,,,6800000000,0.018,6900000000,0.009,,5100000000,,137.93,,,,,,,,,,,,,,,,,,,,,,true,true,6,2018-04-01,2018-09-30,0
2018-07-31,79430,2019-03-31,1,120000000000,0.033,,,,,14000000000,0.058,14200000000,0.029,,10200000000,,275.87,,,,,,,,,,,,,,,,,,,,,,true,true,12,2018-04-01,2019-03-31,0
2018-07-31,79430,2018-03-31,1,,,,,,,,,,,,,,,,,,,,129605000000,80497000000,0.625,2189.71,80963000000,,,,,,,,,,,,true,false,12,2017-04-01,2018-03-31,-1
2018-07-31,79430,2018-03-31,1,,,,,,,,,,,,,,,,,,,,,,,,,,,,,61.00,,,,37324264,349927,,false,false,12,2017-04-01,2018-03-31,-1
2018-07-31,79430,2019-03-31,1,,,,,,,,,,,,,,,,,,,,,,,,,,,,,56.00,,,,,,,false,true,12,2018-04-01,2019-03-31,0
2018-07-31,79430,2019-03-31,1,,,,,,,,,,,,,,,,,,,,,,,,,,,,,,,,,37324264,341037,36976555,false,false,3,2018-04-01,2018-06-30,0
2018-07-31,79430,2018-03-31,1,,,,,,,,,,,,,,,,,,,,,,,,,,,,,,,,,,,36973641,false,false,3,2017-04-01,2017-06-30,-1
2018-11-07,79430,2019-03-31,2,56570000000,-0.005,,,,,5435000000,-0.186,5720000000,-0.164,,4202000000,,113.63,113.41,,,,,131923000000,83024000000,0.633,2256.92,83467000000,,,,,,,,,,,,true,false,6,2018-04-01,2018-09-30,0
2018-11-07,79430,2018-03-31,2,56854000000,-0.003,,,,,6681000000,0.079,6841000000,0.165,,5006000000,,135.42,135.17,,,,,,,,,,,,,,,,,,,,,true,false,6,2017-04-01,2017-09-30,-1
2018-11-07,79430,2019-03-31,2,119200000000,0.026,,,,,13300000000,0.005,13700000000,-0.007,,10000000000,,270.39,,,,,,,,,,,,,,,,,,,,,,true,true,12,2018-04-01,2019-03-31,0
2018-11-07,79430,2018-03-31,2,,,,,,,,,,,,,,,,,,,,129605000000,80497000000,0.625,2189.71,80963000000,,,,,,,,,,,,true,false,12,2017-04-01,2018-03-31,-1
2018-11-07,79430,2018-03-31,2,,,,,,,,,,,,,,,,,,,,,,,,,,,,,61.00,,,,37324264,349927,,false,false,12,2017-04-01,2018-03-31,-1
2018-11-07,79430,2019-03-31,2,,,,,,,,,,,,,,,,,,,,,,,,,,,,,28.00,,,,,,,false,false,12,2018-04-01,2019-03-31,0
2018-11-07,79430,2019-03-31,2,,,,,,,,,,,,,,,,,,,,,,,,,,,,,56.00,,,,,,,false,true,12,2018-04-01,2019-03-31,0
2018-11-07,79430,2019-03-31,2,,,,,,,,,,,,,,,,,,,,,,,,,,,,,,,,,37324264,341117,36979396,false,false,6,2018-04-01,2018-09-30,0
2018-11-07,79430,2018-03-31,2,,,,,,,,,,,,,,,,,,,,,,,,,,,,,,,,,,,36974197,false,false,6,2017-04-01,2017-09-30,-1
2019-01-31,79430,2019-03-31,3,89322000000,0.019,,,,,9599000000,-0.079,9867000000,-0.070,,7298000000,,197.35,196.97,,,,,132730000000,84903000000,0.643,2306.96,85318000000,,,,,,,,,,,,true,false,9,2018-04-01,2018-12-31,0
2019-01-31,79430,2018-03-31,3,87690000000,0.005,,,,,10417000000,0.030,10611000000,0.022,,7873000000,,212.96,212.55,,,,,,,,,,,,,,,,,,,,,true,false,9,2017-04-01,2017-12-31,-1
2019-01-31,79430,2019-03-31,3,119200000000,0.026,,,,,13300000000,0.005,13700000000,-0.007,,10000000000,,270.39,,,,,,,,,,,,,,,,,,,,,,true,true,12,2018-04-01,2019-03-31,0
2019-01-31,79430,2018-03-31,3,,,,,,,,,,,,,,,,,,,,129605000000,80497000000,0.625,2189.71,80963000000,,,,,,,,,,,,true,false,12,2017-04-01,2018-03-31,-1
2019-01-31,79430,2018-03-31,3,,,,,,,,,,,,,,,,,,,,,,,,,,,,,61.00,,,,37324264,349927,,false,false,12,2017-04-01,2018-03-31,-1
2019-01-31,79430,2019-03-31,3,,,,,,,,,,,,,,,,,,,,,,,,,,,,,28.00,,,,,,,false,false,12,2018-04-01,2019-03-31,0
2019-01-31,79430,2019-03-31,3,,,,,,,,,,,,,,,,,,,,,,,,,,,,,56.00,,,,,,,false,true,12,2018-04-01,2019-03-31,0
2019-01-31,79430,2019-03-31,3,,,,,,,,,,,,,,,,,,,,,,,,,,,,,,,,,37324264,341345,36980472,false,false,9,2018-04-01,2018-12-31,0
2019-01-31,79430,2018-03-31,3,,,,,,,,,,,,,,,,,,,,,,,,,,,,,,,,,,,36974332,false,false,9,2017-04-01,2017-12-31,-1
2019-05-09,79430,2019-03-31,,119160000000,0.026,,,,,12720000000,-0.039,13137000000,-0.048,,9915000000,,268.13,267.61,0.118,0.099,0.107,,136068000000,87404000000,0.645,2374.08,87799000000,12973000000,-3595000000,-4553000000,32525000000,,0.209,,,,,,true,false,12,2018-04-01,2019-03-31,0
2019-05-09,79430,2018-03-31,,116144000000,-0.018,,,,,13232000000,0.031,13796000000,0.052,,11151000000,,301.60,301.01,0.146,0.108,0.114,,129605000000,80497000000,0.625,2189.71,80963000000,11103000000,-5700000000,-4350000000,27786000000,,0.202,,,,,,true,false,12,2017-04-01,2018-03-31,-1
2019-05-09,79430,2020-03-31,,61500000000,0.087,,,,,6500000000,0.196,6600000000,0.154,,5100000000,,137.90,,,,,,,,,,,,,,,,,,,,,,true,true,6,2019-04-01,2019-09-30,1
2019-05-09,79430,2020-03-31,,128000000000,0.074,,,,,14500000000,0.140,14800000000,0.127,,11000000000,,297.44,,,,,,,,,,,,,,,,0.202,,,,,,true,true,12,2019-04-01,2020-03-31,1
2019-05-09,79430,2018-03-31,,,,,,,,,,,,,,,,,,,,,,,,,,,,,,61.00,,,,37324264,349927,36974340,false,false,12,2017-04-01,2018-03-31,-1
2019-05-09,79430,2019-03-31,,,,,,,,,,,,,,,,,,,,,,,,,,,,,,56.00,,,,37324264,341495,36981024,false,false,12,2018-04-01,2019-03-31,0
2019-05-09,79430,2020-03-31,,,,,,,,,,,,,,,,,,,,,,,,,,,,,,60.00,,,,,,,false,true,12,2019-04-01,2020-03-31,1
2019-07-30,79430,2020-03-31,1,29135000000,0.050,,,,,2713000000,0.140,2618000000,0.057,,1809000000,,48.93,48.83,,,,,134783000000,87992000000,0.656,2389.39,88366000000,,,,,,,,,,,,true,false,3,2019-04-01,2019-06-30,0
2019-07-30,79430,2019-03-31,1,27742000000,0.012,,,,,2381000000,-0.091,2477000000,-0.085,,1830000000,,49.51,49.42,,,,,,,,,,,,,,,,,,,,,true,false,3,2018-04-01,2018-06-30,-1
2019-07-30,79430,2020-03-31,1,61500000000,0.087,,,,,6500000000,0.196,6600000000,0.154,,5100000000,,137.90,,,,,,,,,,,,,,,,,,,,,,true,true,6,2019-04-01,2019-09-30,0
2019-07-30,79430,2020-03-31,1,128000000000,0.074,,,,,14500000000,0.140,14800000000,0.127,,11000000000,,297.44,,,,,,,,,,,,,,,,,,,,,,true,true,12,2019-04-01,2020-03-31,0
2019-07-30,79430,2019-03-31,1,,,,,,,,,,,,,,,,,,,,136068000000,87404000000,0.645,2374.08,87799000000,,,,,,,,,,,,true,false,12,2018-04-01,2019-03-31,-1
2019-07-30,79430,2019-03-31,1,,,,,,,,,,,,,,,,,,,,,,,,,,,,,56.00,,,,37324264,341495,,false,false,12,2018-04-01,2019-03-31,-1
2019-07-30,79430,2020-03-31,1,,,,,,,,,,,,,,,,,,,,,,,,,,,,,60.00,,,,,,,false,true,12,2019-04-01,2020-03-31,0
2019-07-30,79430,2020-03-31,1,,,,,,,,,,,,,,,,,,,,,,,,,,,,,,,,,37324264,341516,36982754,false,false,3,2019-04-01,2019-06-30,0
2019-07-30,79430,2019-03-31,1,,,,,,,,,,,,,,,,,,,,,,,,,,,,,,,,,,,36976555,false,false,3,2018-04-01,2018-06-30,-1
2019-11-07,79430,2020-03-31,2,60600000000,0.071,,,,,6076000000,0.118,6159000000,0.077,,4849000000,,131.20,130.93,,,,,138405000000,90371000000,0.655,2459.74,90719000000,,,,,,,,,,,,true,false,6,2019-04-01,2019-09-30,0
2019-11-07,79430,2019-03-31,2,56570000000,-0.005,,,,,5435000000,-0.186,5720000000,-0.164,,4202000000,,113.63,113.41,,,,,,,,,,,,,,,,,,,,,true,false,6,2018-04-01,2018-09-30,-1
2019-11-07,79430,2020-03-31,2,127100000000,0.067,,,,,14000000000,0.101,14300000000,0.088,,10700000000,,289.32,,,,,,,,,,,,,,,,,,,,,,true,true,12,2019-04-01,2020-03-31,0
2019-11-07,79430,2019-03-31,2,,,,,,,,,,,,,,,,,,,,136068000000,87404000000,0.645,2374.08,87799000000,,,,,,,,,,,,true,false,12,2018-04-01,2019-03-31,-1
2019-11-07,79430,2019-03-31,2,,,,,,,,,,,,,,,,,,,,,,,,,,,,,56.00,,,,37324264,341495,,false,false,12,2018-04-01,2019-03-31,-1
2019-11-07,79430,2020-03-31,2,,,,,,,,,,,,,,,,,,,,,,,,,,,,,30.00,,,,,,,false,false,12,2019-04-01,2020-03-31,0
2019-11-07,79430,2020-03-31,2,,,,,,,,,,,,,,,,,,,,,,,,,,,,,60.00,,,,,,,false,true,12,2019-04-01,2020-03-31,0
2019-11-07,79430,2020-03-31,2,,,,,,,,,,,,,,,,,,,,,,,,,,,,,,,,,37324264,442516,36965637,false,false,6,2019-04-01,2019-09-30,0
2019-11-07,79430,2019-03-31,2,,,,,,,,,,,,,,,,,,,,,,,,,,,,,,,,,,,36979396,false,false,6,2018-04-01,2018-09-30,-1
2020-01-30,79430,2020-03-31,3,93294000000,0.044,,,,,10049000000,0.047,10373000000,0.051,,7985000000,,216.31,215.86,,,,,140178000000,92258000000,0.660,2515.15,92577000000,,,,,,,,,,,,true,false,9,2019-04-01,2019-12-31,0
2020-01-30,79430,2019-03-31,3,89322000000,0.019,,,,,9599000000,-0.079,9867000000,-0.070,,7298000000,,197.35,196.97,,,,,,,,,,,,,,,,,,,,,true,false,9,2018-04-01,2018-12-31,-1
2020-01-30,79430,2020-03-31,3,127100000000,0.067,,,,,14000000000,0.101,14300000000,0.088,,10700000000,,289.32,,,,,,,,,,,,,,,,,,,,,,true,true,12,2019-04-01,2020-03-31,0
2020-01-30,79430,2019-03-31,3,,,,,,,,,,,,,,,,,,,,136068000000,87404000000,0.645,2374.08,87799000000,,,,,,,,,,,,true,false,12,2018-04-01,2019-03-31,-1
2020-01-30,79430,2019-03-31,3,,,,,,,,,,,,,,,,,,,,,,,,,,,,,56.00,,,,37324264,341495,,false,false,12,2018-04-01,2019-03-31,-1
2020-01-30,79430,2020-03-31,3,,,,,,,,,,,,,,,,,,,,,,,,,,,,,30.00,,,,,,,false,false,12,2019-04-01,2020-03-31,0
2020-01-30,79430,2020-03-31,3,,,,,,,,,,,,,,,,,,,,,,,,,,,,,60.00,,,,,,,false,true,12,2019-04-01,2020-03-31,0
2020-01-30,79430,2020-03-31,3,,,,,,,,,,,,,,,,,,,,,,,,,,,,,,,,,37324264,516276,36918335,false,false,9,2019-04-01,2019-12-31,0
2020-01-30,79430,2019-03-31,3,,,,,,,,,,,,,,,,,,,,,,,,,,,,,,,,,,,36980472,false,false,9,2018-04-01,2018-12-31,-1
2020-05-08,79430,2020-03-31,,123722000000,0.038,,,,,13098000000,0.030,13501000000,0.028,,10773000000,,292.22,291.59,0.118,0.097,0.106,,141483000000,94135000000,0.667,2579.04,94413000000,18007000000,-9140000000,-4483000000,36725000000,,0.205,,,,,,true,false,12,2019-04-01,2020-03-31,0
2020-05-08,79430,2019-03-31,,119160000000,0.026,,,,,12720000000,-0.039,13137000000,-0.048,,9915000000,,268.13,267.61,0.118,0.099,0.107,,136068000000,87404000000,0.645,2374.08,87799000000,12973000000,-3595000000,-4553000000,32525000000,,0.209,,,,,,true,false,12,2018-04-01,2019-03-31,-1
2020-05-08,79430,2021-03-31,,112000000000,-0.095,,,,,8000000000,-0.389,8400000000,-0.378,,6100000000,,166.63,,,,,,,,,,,,,,,,0.300,,,,,,true,true,12,2020-04-01,2021-03-31,1
2020-05-08,79430,2019-03-31,,,,,,,,,,,,,,,,,,,,,,,,,,,,,,56.00,,,,37324264,341495,36981024,false,false,12,2018-04-01,2019-03-31,-1
2020-05-08,79430,2020-03-31,,,,,,,,,,,,,,,,,,,,,,,,,,,,,,60.00,,,,37324264,716376,36867656,false,false,12,2019-04-01,2020-03-31,0
2020-05-08,79430,2021-03-31,,,,,,,,,,,,,,,,,,,,,,,,,,,,,,50.00,,,,,,,false,true,12,2020-04-01,2021-03-31,1
2020-07-31,79430,2021-03-31,1,28327000000,-0.028,,,,,2016000000,-0.257,2014000000,-0.230,,1458000000,,39.84,39.74,,,,,139957000000,94426000000,0.677,2586.34,94693000000,,,,,,,,,,,,true,false,3,2020-04-01,2020-06-30,0
2020-07-31,79430,2020-03-31,1,29135000000,0.050,,,,,2713000000,0.140,2618000000,0.057,,1809000000,,48.93,48.83,,,,,,,,,,,,,,,,,,,,,true,false,3,2019-04-01,2019-06-30,-1
2020-07-31,79430,2021-03-31,1,112000000000,-0.095,,,,,8000000000,-0.389,8400000000,-0.378,,6100000000,,166.63,,,,,,,,,,,,,,,,,,,,,,true,true,12,2020-04-01,2021-03-31,0
2020-07-31,79430,2020-03-31,1,,,,,,,,,,,,,,,,,,,,141483000000,94135000000,0.667,2579.04,94413000000,,,,,,,,,,,,true,false,12,2019-04-01,2020-03-31,-1
2020-07-31,79430,2020-03-31,1,,,,,,,,,,,,,,,,,,,,,,,,,,,,,60.00,,,,37324264,716376,,false,false,12,2019-04-01,2020-03-31,-1
2020-07-31,79430,2021-03-31,1,,,,,,,,,,,,,,,,,,,,,,,,,,,,,50.00,,,,,,,false,true,12,2020-04-01,2021-03-31,0
2020-07-31,79430,2021-03-31,1,,,,,,,,,,,,,,,,,,,,,,,,,,,,,,,,,37324264,711136,36609168,false,false,3,2020-04-01,2020-06-30,0
2020-07-31,79430,2020-03-31,1,,,,,,,,,,,,,,,,,,,,,,,,,,,,,,,,,,,36982754,false,false,3,2019-04-01,2019-06-30,-1
2020-11-06,79430,2021-03-31,2,57381000000,-0.053,,,,,4583000000,-0.246,4531000000,-0.264,,3287000000,,89.79,89.58,,,,,141715000000,96482000000,0.683,2641.98,96731000000,,,,,,,,,,,,true,false,6,2020-04-01,2020-09-30,0
2020-11-06,79430,2020-03-31,2,60600000000,0.071,,,,,6076000000,0.118,6159000000,0.077,,4849000000,,131.20,130.93,,,,,,,,,,,,,,,,,,,,,true,false,6,2019-04-01,2019-09-30,-1
2020-11-06,79430,2021-03-31,2,116000000000,-0.062,,,,,9500000000,-0.275,9600000000,-0.289,,6700000000,,183.01,,,,,,,,,,,,,,,,,,,,,,true,true,12,2020-04-01,2021-03-31,0
2020-11-06,79430,2020-03-31,2,,,,,,,,,,,,,,,,,,,,141483000000,94135000000,0.667,2579.04,94413000000,,,,,,,,,,,,true,false,12,2019-04-01,2020-03-31,-1
2020-11-06,79430,2020-03-31,2,,,,,,,,,,,,,,,,,,,,,,,,,,,,,60.00,,,,37324264,716376,,false,false,12,2019-04-01,2020-03-31,-1
2020-11-06,79430,2021-03-31,2,,,,,,,,,,,,,,,,,,,,,,,,,,,,,27.50,,,,,,,false,false,12,2020-04-01,2021-03-31,0
2020-11-06,79430,2021-03-31,2,,,,,,,,,,,,,,,,,,,,,,,,,,,,,55.00,,,,,,,false,true,12,2020-04-01,2021-03-31,0
2020-11-06,79430,2021-03-31,2,,,,,,,,,,,,,,,,,,,,,,,,,,,,,,,,,37324264,711156,36610861,false,false,6,2020-04-01,2020-09-30,0
2020-11-06,79430,2020-03-31,2,,,,,,,,,,,,,,,,,,,,,,,,,,,,,,,,,,,36965637,false,false,6,2019-04-01,2019-09-30,-1
2021-01-29,79430,2021-03-31,3,89580000000,-0.040,,,,,8714000000,-0.133,8493000000,-0.181,,6230000000,,170.17,169.75,,,,,144158000000,98630000000,0.686,2699.99,98854000000,,,,,,,,,,,,true,false,9,2020-04-01,2020-12-31,0
2021-01-29,79430,2020-03-31,3,93294000000,0.044,,,,,10049000000,0.047,10373000000,0.051,,7985000000,,216.31,215.86,,,,,,,,,,,,,,,,,,,,,true,false,9,2019-04-01,2019-12-31,-1
2021-01-29,79430,2021-03-31,3,119000000000,-0.038,,,,,11400000000,-0.130,11300000000,-0.163,,8000000000,,218.51,,,,,,,,,,,,,,,,,,,,,,true,true,12,2020-04-01,2021-03-31,0
2021-01-29,79430,2020-03-31,3,,,,,,,,,,,,,,,,,,,,141483000000,94135000000,0.667,2579.04,94413000000,,,,,,,,,,,,true,false,12,2019-04-01,2020-03-31,-1
2021-01-29,79430,2020-03-31,3,,,,,,,,,,,,,,,,,,,,,,,,,,,,,60.00,,,,37324264,716376,,false,false,12,2019-04-01,2020-03-31,-1
2021-01-29,79430,2021-03-31,3,,,,,,,,,,,,,,,,,,,,,,,,,,,,,27.50,,,,,,,false,false,12,2020-04-01,2021-03-31,0
2021-01-29,79430,2021-03-31,3,,,,,,,,,,,,,,,,,,,,,,,,,,,,,66.00,,,,,,,false,true,12,2020-04-01,2021-03-31,0
2021-01-29,79430,2021-03-31,3,,,,,,,,,,,,,,,,,,,,,,,,,,,,,,,,,37324264,711276,36611511,false,false,9,2020-04-01,2020-12-31,0
2021-01-29,79430,2020-03-31,3,,,,,,,,,,,,,,,,,,,,,,,,,,,,,,,,,,,36918335,false,false,9,2019-04-01,2019-12-31,-1
2021-05-07,79430,2021-03-31,,119942000000,-0.031,,,,,12029000000,-0.082,12248000000,-0.093,,8902000000,,243.15,242.53,0.091,0.085,0.100,,147598000000,101688000000,0.690,2782.79,101885000000,15806000000,-11162000000,-1566000000,39688000000,,0.300,,,,,,true,false,12,2020-04-01,2021-03-31,0
2021-05-07,79430,2020-03-31,,123722000000,0.038,,,,,13098000000,0.030,13501000000,0.028,,10773000000,,292.22,291.59,0.118,0.097,0.106,,141483000000,94135000000,0.667,2579.04,94413000000,18007000000,-9140000000,-4483000000,36725000000,,0.205,,,,,,true,false,12,2019-04-01,2020-03-31,-1
2021-05-07,79430,2022-03-31,,122000000000,0.017,,,,,12500000000,0.039,12500000000,0.021,,8700000000,,237.62,,,,,,,,,,,,,,,,0.354,,,,,,true,true,12,2021-04-01,2022-03-31,1
2021-05-07,79430,2020-03-31,,,,,,,,,,,,,,,,,,,,,,,,,,,,,,60.00,,,,37324264,716376,36867656,false,false,12,2019-04-01,2020-03-31,-1
2021-05-07,79430,2021-03-31,,,,,,,,,,,,,,,,,,,,,,,,,,,,,,73.00,,,,37324264,711426,36611832,false,false,12,2020-04-01,2021-03-31,0
2021-05-07,79430,2022-03-31,,,,,,,,,,,,,,,,,,,,,,,,,,,,,,84.00,,,,,,,false,true,12,2021-04-01,2022-03-31,1
2021-07-30,79430,2022-03-31,1,30357000000,0.062,,,,,3106000000,0.541,3134000000,0.556,,2186000000,,59.73,59.57,,,,,149845000000,103755000000,0.694,2838.39,103921000000,,,,,,,,,,,,true,false,3,2021-04-01,2021-06-30,0
2021-07-30,79430,2021-03-31,1,28584000000,,,,,,2016000000,-0.257,2014000000,-0.230,,1458000000,,39.84,39.74,,,,,,,,,,,,,,,,,,,,,true,false,3,2020-04-01,2020-06-30,-1
2021-07-30,79430,2022-03-31,1,122000000000,0.010,,,,,12500000000,0.039,12500000000,0.021,,8700000000,,237.62,,,,,,,,,,,,,,,,,,,,,,true,true,12,2021-04-01,2022-03-31,0
2021-07-30,79430,2021-03-31,1,,,,,,,,,,,,,,,,,,,,147630000000,101688000000,0.690,2782.79,101885000000,,,,,,,,,,,,true,false,12,2020-04-01,2021-03-31,-1
2021-07-30,79430,2021-03-31,1,,,,,,,,,,,,,,,,,,,,,,,,,,,,,73.00,,,,37324264,711426,,false,false,12,2020-04-01,2021-03-31,-1
2021-07-30,79430,2022-03-31,1,,,,,,,,,,,,,,,,,,,,,,,,,,,,,84.00,,,,,,,false,true,12,2021-04-01,2022-03-31,0
2021-07-30,79430,2022-03-31,1,,,,,,,,,,,,,,,,,,,,,,,,,,,,,,,,,37324264,711566,36612758,false,false,3,2021-04-01,2021-06-30,0
2021-07-30,79430,2021-03-31,1,,,,,,,,,,,,,,,,,,,,,,,,,,,,,,,,,,,36609168,false,false,3,2020-04-01,2020-06-30,-1
2021-11-05,7943,2022-03-31,2,62683000000,0.083,,,,,6616000000,0.444,6861000000,0.514,,5235000000,,143.00,142.59,,,,,155141000000,107074000000,0.691,2928.27,107211000000,,,,,,,,,,,,true,false,6,2021-04-01,2021-09-30,0
2021-11-05,7943,2021-03-31,2,57857000000,,,,,,4583000000,-0.246,4531000000,-0.264,,3287000000,,89.79,89.58,,,,,,,,,,,,,,,,,,,,,true,false,6,2020-04-01,2020-09-30,-1
2021-11-05,7943,2022-03-31,2,122000000000,0.010,,,,,12500000000,0.039,12500000000,0.021,,8700000000,,237.62,,,,,,,,,,,,,,,,,,,,,,true,true,12,2021-04-01,2022-03-31,0
2021-11-05,7943,2021-03-31,2,,,,,,,,,,,,,,,,,,,,147630000000,101688000000,0.690,2782.79,101885000000,,,,,,,,,,,,true,false,12,2020-04-01,2021-03-31,-1
2021-11-05,7943,2021-03-31,2,,,,,,,,,,,,,,,,,,,,,,,,,,,,,73.00,,,,37324264,711426,,false,false,12,2020-04-01,2021-03-31,-1
2021-11-05,7943,2022-03-31,2,,,,,,,,,,,,,,,,,,,,,,,,,,,,,42.00,,,,,,,false,false,12,2021-04-01,2022-03-31,0
2021-11-05,7943,2022-03-31,2,,,,,,,,,,,,,,,,,,,,,,,,,,,,,84.00,,,,,,,false,true,12,2021-04-01,2022-03-31,0
2021-11-05,7943,2022-03-31,2,,,,,,,,,,,,,,,,,,,,,,,,,,,,,,,,,37324264,711756,36612651,false,false,6,2021-04-01,2021-09-30,0
2021-11-05,7943,2021-03-31,2,,,,,,,,,,,,,,,,,,,,,,,,,,,,,,,,,,,36610861,false,false,6,2020-04-01,2020-09-30,-1
2022-01-31,7943,2022-03-31,3,97197000000,0.076,,,,,10468000000,0.201,10922000000,0.286,,8128000000,,222.03,221.38,,,,,158319000000,108502000000,0.686,2966.64,108615000000,,,,,,,,,,,,true,false,9,2021-04-01,2021-12-31,0
2022-01-31,7943,2021-03-31,3,90324000000,,,,,,8714000000,-0.133,8493000000,-0.181,,6230000000,,170.17,169.75,,,,,,,,,,,,,,,,,,,,,true,false,9,2020-04-01,2020-12-31,-1
2022-01-31,7943,2022-03-31,3,122000000000,0.010,,,,,12500000000,0.039,12500000000,0.021,,8700000000,,237.62,,,,,,,,,,,,,,,,,,,,,,true,true,12,2021-04-01,2022-03-31,0
2022-01-31,7943,2021-03-31,3,,,,,,,,,,,,,,,,,,,,147630000000,101688000000,0.690,2782.79,101885000000,,,,,,,,,,,,true,false,12,2020-04-01,2021-03-31,-1
2022-01-31,7943,2021-03-31,3,,,,,,,,,,,,,,,,,,,,,,,,,,,,,73.00,,,,37324264,711426,,false,false,12,2020-04-01,2021-03-31,-1
2022-01-31,7943,2022-03-31,3,,,,,,,,,,,,,,,,,,,,,,,,,,,,,42.00,,,,,,,false,false,12,2021-04-01,2022-03-31,0
2022-01-31,7943,2022-03-31,3,,,,,,,,,,,,,,,,,,,,,,,,,,,,,84.00,,,,,,,false,true,12,2021-04-01,2022-03-31,0
2022-01-31,7943,2022-03-31,3,,,,,,,,,,,,,,,,,,,,,,,,,,,,,,,,,37324264,711856,36612583,false,false,9,2021-04-01,2021-12-31,0
2022-01-31,7943,2021-03-31,3,,,,,,,,,,,,,,,,,,,,,,,,,,,,,,,,,,,36611511,false,false,9,2020-04-01,2020-12-31,-1
2022-05-11,7943,2022-03-31,,128599000000,0.063,,,,,12576000000,0.045,13600000000,0.110,,10146000000,,277.14,276.30,0.095,0.088,0.098,,161845000000,111177000000,0.687,3039.02,111265000000,14993000000,-7779000000,-3212000000,44210000000,,0.350,,,,,,true,false,12,2021-04-01,2022-03-31,0
2022-05-11,7943,2021-03-31,,120964000000,,,,,,12029000000,-0.082,12248000000,-0.093,,8902000000,,243.15,242.53,0.091,0.085,0.099,,147630000000,101688000000,0.690,2782.79,101885000000,15806000000,-11162000000,-1566000000,39688000000,,0.300,,,,,,true,false,12,2020-04-01,2021-03-31,-1
2022-05-11,7943,2023-03-31,,68000000000,0.085,,,,,5200000000,-0.214,5300000000,-0.228,,3700000000,,101.06,,,,,,,,,,,,,,,,,,,,,,true,true,6,2022-04-01,2022-09-30,1
2022-05-11,7943,2023-03-31,,141000000000,0.096,,,,,13500000000,0.073,13700000000,0.007,,9700000000,,264.94,,,,,,,,,,,,,,,,0.366,,,,,,true,true,12,2022-04-01,2023-03-31,1
2022-05-11,7943,2021-03-31,,,,,,,,,,,,,,,,,,,,,,,,,,,,,,73.00,,,,37324264,711426,36611832,false,false,12,2020-04-01,2021-03-31,-1
2022-05-11,7943,2022-03-31,,,,,,,,,,,,,,,,,,,,,,,,,,,,,,97.00,,,,37324264,711876,36612542,false,false,12,2021-04-01,2022-03-31,0
2022-05-11,7943,2023-03-31,,,,,,,,,,,,,,,,,,,,,,,,,,,,,,97.00,,,,,,,false,true,12,2022-04-01,2023-03-31,1
2022-07-29,7943,2023-03-31,1,32100000000,0.057,,,,,2648000000,-0.147,3552000000,0.133,,2525000000,,68.95,68.74,,,,,162384000000,112731000000,0.695,3078.13,112895000000,,,,,,,,,,,,true,false,3,2022-04-01,2022-06-30,0
2022-07-29,7943,2022-03-31,1,30357000000,0.062,,,,,3106000000,0.541,3134000000,0.556,,2186000000,,59.73,59.57,,,,,,,,,,,,,,,,,,,,,true,false,3,2021-04-01,2021-06-30,-1
2022-07-29,7943,2023-03-31,1,68000000000,0.085,,,,,5200000000,-0.214,5300000000,-0.228,,3700000000,,101.06,,,,,,,,,,,,,,,,,,,,,,true,true,6,2022-04-01,2022-09-30,0
2022-07-29,7943,2023-03-31,1,141000000000,0.096,,,,,13500000000,0.073,13700000000,0.007,,9700000000,,264.94,,,,,,,,,,,,,,,,,,,,,,true,true,12,2022-04-01,2023-03-31,0
2022-07-29,7943,2022-03-31,1,,,,,,,,,,,,,,,,,,,,161845000000,111177000000,0.687,3039.02,111265000000,,,,,,,,,,,,true,false,12,2021-04-01,2022-03-31,-1
2022-07-29,7943,2022-03-31,1,,,,,,,,,,,,,,,,,,,,,,,,,,,,,97.00,,,,37324264,711876,,false,false,12,2021-04-01,2022-03-31,-1
2022-07-29,7943,2023-03-31,1,,,,,,,,,,,,,,,,,,,,,,,,,,,,,97.00,,,,,,,false,true,12,2022-04-01,2023-03-31,0
2022-07-29,7943,2023-03-31,1,,,,,,,,,,,,,,,,,,,,,,,,,,,,,,,,,37324264,647460,36628487,false,false,3,2022-04-01,2022-06-30,0
2022-07-29,7943,2022-03-31,1,,,,,,,,,,,,,,,,,,,,,,,,,,,,,,,,,,,36612758,false,false,3,2021-04-01,2021-06-30,-1
2022-11-08,7943,2023-03-31,2,67209000000,0.072,,,,,5465000000,-0.174,6767000000,-0.014,,4791000000,,130.74,130.43,,,,,170523000000,118421000000,0.695,3232.36,118552000000,,,,,,,,,,,,true,false,6,2022-04-01,2022-09-30,0
2022-11-08,7943,2022-03-31,2,62683000000,0.083,,,,,6616000000,0.444,6861000000,0.514,,5235000000,,143.00,142.59,,,,,,,,,,,,,,,,,,,,,true,false,6,2021-04-01,2021-09-30,-1
2022-11-08,7943,2023-03-31,2,141000000000,0.096,,,,,13500000000,0.073,13700000000,0.007,,9700000000,,264.94,,,,,,,,,,,,,,,,,,,,,,true,true,12,2022-04-01,2023-03-31,0
2022-11-08,7943,2022-03-31,2,,,,,,,,,,,,,,,,,,,,161845000000,111177000000,0.687,3039.02,111265000000,,,,,,,,,,,,true,false,12,2021-04-01,2022-03-31,-1
2022-11-08,7943,2022-03-31,2,,,,,,,,,,,,,,,,,,,,,,,,,,,,,97.00,,,,37324264,711876,,false,false,12,2021-04-01,2022-03-31,-1
2022-11-08,7943,2023-03-31,2,,,,,,,,,,,,,,,,,,,,,,,,,,,,,48.50,,,,,,,false,false,12,2022-04-01,2023-03-31,0
2022-11-08,7943,2023-03-31,2,,,,,,,,,,,,,,,,,,,,,,,,,,,,,97.00,,,,,,,false,true,12,2022-04-01,2023-03-31,0
2022-11-08,7943,2023-03-31,2,,,,,,,,,,,,,,,,,,,,,,,,,,,,,,,,,37324264,647470,36649186,false,false,6,2022-04-01,2022-09-30,0
2022-11-08,7943,2022-03-31,2,,,,,,,,,,,,,,,,,,,,,,,,,,,,,,,,,,,36612651,false,false,6,2021-04-01,2021-09-30,-1
2023-01-31,7943,2023-03-31,3,103694000000,0.067,,,,,8409000000,-0.197,9238000000,-0.154,,6530000000,,178.32,177.93,,,,,170606000000,120385000000,0.706,3315.84,120491000000,,,,,,,,,,,,true,false,9,2022-04-01,2022-12-31,0
2023-01-31,7943,2022-03-31,3,97197000000,0.076,,,,,10468000000,0.201,10922000000,0.286,,8128000000,,222.03,221.38,,,,,,,,,,,,,,,,,,,,,true,false,9,2021-04-01,2021-12-31,-1
2023-01-31,7943,2023-03-31,3,139000000000,0.081,,,,,12000000000,-0.046,13000000000,-0.044,,9300000000,,253.93,,,,,,,,,,,,,,,,,,,,,,true,true,12,2022-04-01,2023-03-31,0
2023-01-31,7943,2022-03-31,3,,,,,,,,,,,,,,,,,,,,161845000000,111177000000,0.687,3039.02,111265000000,,,,,,,,,,,,true,false,12,2021-04-01,2022-03-31,-1
2023-01-31,7943,2022-03-31,3,,,,,,,,,,,,,,,,,,,,,,,,,,,,,97.00,,,,37324264,711876,,false,false,12,2021-04-01,2022-03-31,-1
2023-01-31,7943,2023-03-31,3,,,,,,,,,,,,,,,,,,,,,,,,,,,,,48.50,,,,,,,false,false,12,2022-04-01,2023-03-31,0
2023-01-31,7943,2023-03-31,3,,,,,,,,,,,,,,,,,,,,,,,,,,,,,97.00,,,,,,,false,true,12,2022-04-01,2023-03-31,0
2023-01-31,7943,2023-03-31,3,,,,,,,,,,,,,,,,,,,,,,,,,,,,,,,,,37324264,986120,36623583,false,false,9,2022-04-01,2022-12-31,0
2023-01-31,7943,2022-03-31,3,,,,,,,,,,,,,,,,,,,,,,,,,,,,,,,,,,,36612583,false,false,9,2021-04-01,2021-12-31,-1
2023-05-10,7943,2023-03-31,,138063000000,0.074,,,,,11704000000,-0.069,12805000000,-0.058,,9037000000,,247.21,246.67,0.078,0.077,0.085,,169337000000,119619000000,0.707,3294.99,119733000000,5543000000,-12619000000,-4894000000,32740000000,,0.392,,,,,,true,false,12,2022-04-01,2023-03-31,0
2023-05-10,7943,2022-03-31,,128599000000,0.063,,,,,12576000000,0.045,13600000000,0.110,,10146000000,,277.14,276.30,0.095,0.088,0.098,,161845000000,111177000000,0.687,3039.02,111265000000,14993000000,-7779000000,-3212000000,44210000000,,0.350,,,,,,true,false,12,2021-04-01,2022-03-31,-1
2023-05-10,7943,2024-03-31,,72300000000,0.076,,,,,5900000000,0.079,6100000000,-0.099,,4300000000,,118.33,,,,,,,,,,,,,,,,,,,,,,true,true,6,2023-04-01,2023-09-30,1
2023-05-10,7943,2024-03-31,,150000000000,0.086,,,,,14000000000,0.196,14500000000,0.132,,10300000000,,283.45,,,,,,,,,,,,,,,,0.402,,,,,,true,true,12,2023-04-01,2024-03-31,1
2023-05-10,7943,2022-03-31,,,,,,,,,,,,,,,,,,,,,,,,,,,,,,97.00,,,,37324264,711876,36612542,false,false,12,2021-04-01,2022-03-31,-1
2023-05-10,7943,2023-03-31,,,,,,,,,,,,,,,,,,,,,,,,,,,,,,97.00,,,,37324264,986120,36557712,false,false,12,2022-04-01,2023-03-31,0
2023-05-10,7943,2024-03-31,,,,,,,,,,,,,,,,,,,,,,,,,,,,,,114.00,,,,,,,false,true,12,2023-04-01,2024-03-31,1
2023-07-31,7943,2024-03-31,1,32827000000,0.023,,,,,1626000000,-0.386,2560000000,-0.279,,1756000000,,48.35,48.25,,,,,169466000000,120287000000,0.711,3312.59,120408000000,,,,,,,,,,,,true,false,3,2023-04-01,2023-06-30,0
2023-07-31,7943,2023-03-31,1,32100000000,0.057,,,,,2648000000,-0.147,3552000000,0.133,,2525000000,,68.95,68.74,,,,,,,,,,,,,,,,,,,,,true,false,3,2022-04-01,2022-06-30,-1
2023-07-31,7943,2024-03-31,1,72300000000,0.076,,,,,5900000000,0.079,6100000000,-0.099,,4300000000,,118.33,,,,,,,,,,,,,,,,,,,,,,true,true,6,2023-04-01,2023-09-30,0
2023-07-31,7943,2024-03-31,1,150000000000,0.086,,,,,14000000000,0.196,14500000000,0.132,,10300000000,,283.45,,,,,,,,,,,,,,,,,,,,,,true,true,12,2023-04-01,2024-03-31,0
2023-07-31,7943,2023-03-31,1,,,,,,,,,,,,,,,,,,,,169337000000,119619000000,0.707,3294.99,119733000000,,,,,,,,,,,,true,false,12,2022-04-01,2023-03-31,-1
2023-07-31,7943,2023-03-31,1,,,,,,,,,,,,,,,,,,,,,,,,,,,,,97.00,,,,37324264,986120,,false,false,12,2022-04-01,2023-03-31,-1
2023-07-31,7943,2024-03-31,1,,,,,,,,,,,,,,,,,,,,,,,,,,,,,114.00,,,,,,,false,true,12,2023-04-01,2024-03-31,0
2023-07-31,7943,2024-03-31,1,,,,,,,,,,,,,,,,,,,,,,,,,,,,,,,,,37324264,975530,36340802,false,false,3,2023-04-01,2023-06-30,0
2023-07-31,7943,2023-03-31,1,,,,,,,,,,,,,,,,,,,,,,,,,,,,,,,,,,,36628487,false,false,3,2022-04-01,2022-06-30,-1
2023-11-08,7943,2024-03-31,2,68408000000,0.018,,,,,3804000000,-0.304,5258000000,-0.223,,3335000000,,91.90,91.73,,,,,176704000000,124529000000,0.705,3447.34,124612000000,,,,,,,,,,,,true,false,6,2023-04-01,2023-09-30,0
2023-11-08,7943,2023-03-31,2,67209000000,0.072,,,,,5465000000,-0.174,6767000000,-0.014,,4791000000,,130.74,130.43,,,,,,,,,,,,,,,,,,,,,true,false,6,2022-04-01,2022-09-30,-1
2023-11-08,7943,2024-03-31,2,147000000000,0.065,,,,,10500000000,-0.103,12100000000,-0.055,,8300000000,,228.66,,,,,,,,,,,,,,,,,,,,,,true,true,12,2023-04-01,2024-03-31,0
2023-11-08,7943,2023-03-31,2,,,,,,,,,,,,,,,,,,,,169337000000,119619000000,0.707,3294.99,119733000000,,,,,,,,,,,,true,false,12,2022-04-01,2023-03-31,-1
2023-11-08,7943,2023-03-31,2,,,,,,,,,,,,,,,,,,,,,,,,,,,,,97.00,,,,37324264,986120,,false,false,12,2022-04-01,2023-03-31,-1
2023-11-08,7943,2024-03-31,2,,,,,,,,,,,,,,,,,,,,,,,,,,,,,57.00,,,,,,,false,false,12,2023-04-01,2024-03-31,0
2023-11-08,7943,2024-03-31,2,,,,,,,,,,,,,,,,,,,,,,,,,,,,,114.00,,,,,,,false,true,12,2023-04-01,2024-03-31,0
2023-11-08,7943,2024-03-31,2,,,,,,,,,,,,,,,,,,,,,,,,,,,,,,,,,37324264,1176950,36298399,false,false,6,2023-04-01,2023-09-30,0
2023-11-08,7943,2023-03-31,2,,,,,,,,,,,,,,,,,,,,,,,,,,,,,,,,,,,36649186,false,false,6,2022-04-01,2022-09-30,-1
2024-01-31,7943,2024-03-31,3,107824000000,0.040,,,,,7671000000,-0.088,8471000000,-0.083,,5624000000,,155.31,155.01,,,,,177924000000,126326000000,0.711,3513.43,126561000000,,,,,,,,,,,,true,false,9,2023-04-01,2023-12-31,0
2024-01-31,7943,2023-03-31,3,103694000000,0.067,,,,,8409000000,-0.197,9238000000,-0.154,,6530000000,,178.32,177.93,,,,,,,,,,,,,,,,,,,,,true,false,9,2022-04-01,2022-12-31,-1
2024-01-31,7943,2024-03-31,3,147000000000,0.065,,,,,10500000000,-0.103,12100000000,-0.055,,8300000000,,228.66,,,,,,,,,,,,,,,,,,,,,,true,true,12,2023-04-01,2024-03-31,0
2024-01-31,7943,2023-03-31,3,,,,,,,,,,,,,,,,,,,,169337000000,119619000000,0.707,3294.99,119733000000,,,,,,,,,,,,true,false,12,2022-04-01,2023-03-31,-1
2024-01-31,7943,2023-03-31,3,,,,,,,,,,,,,,,,,,,,,,,,,,,,,97.00,,,,37324264,986120,,false,false,12,2022-04-01,2023-03-31,-1
2024-01-31,7943,2024-03-31,3,,,,,,,,,,,,,,,,,,,,,,,,,,,,,57.00,,,,,,,false,false,12,2023-04-01,2024-03-31,0
2024-01-31,7943,2024-03-31,3,,,,,,,,,,,,,,,,,,,,,,,,,,,,,114.00,,,,,,,false,true,12,2023-04-01,2024-03-31,0
2024-01-31,7943,2024-03-31,3,,,,,,,,,,,,,,,,,,,,,,,,,,,,,,,,,37324264,1302010,36215571,false,false,9,2023-04-01,2023-12-31,0
2024-01-31,7943,2023-03-31,3,,,,,,,,,,,,,,,,,,,,,,,,,,,,,,,,,,,36623583,false,false,9,2022-04-01,2022-12-31,-1
2024-05-09,7943,2024-03-31,,142790000000,0.034,,,,,10205000000,-0.128,11856000000,-0.074,,8066000000,,223.57,223.13,0.066,0.069,0.071,,175688000000,126303000000,0.720,3570.27,126526000000,6919000000,-6039000000,-7121000000,26700000000,,0.510,,,,,,true,false,12,2023-04-01,2024-03-31,0
2024-05-09,7943,2023-03-31,,138063000000,0.074,,,,,11704000000,-0.069,12805000000,-0.058,,9037000000,,247.21,246.67,0.078,0.077,0.085,,169337000000,119619000000,0.707,3294.99,119733000000,5543000000,-12619000000,-4894000000,32740000000,,0.392,,,,,,true,false,12,2022-04-01,2023-03-31,-1
2024-05-09,7943,2025-03-31,,72000000000,0.053,,,,,4500000000,0.183,4800000000,-0.087,,3400000000,,95.94,,,,,,,,,,,,,,,,,,,,,,true,true,6,2024-04-01,2024-09-30,1
2024-05-09,7943,2025-03-31,,148500000000,0.040,,,,,11500000000,0.127,12000000000,0.012,,8500000000,,239.85,,,,,,,,,,,,,,,,0.475,,,,,,true,true,12,2024-04-01,2025-03-31,1
2024-05-09,7943,2023-03-31,,,,,,,,,,,,,,,,,,,,,,,,,,,,,,97.00,,,,37324264,986120,36557712,false,false,12,2022-04-01,2023-03-31,-1
2024-05-09,7943,2024-03-31,,,,,,,,,,,,,,,,,,,,,,,,,,,,,,114.00,,,,37324264,1885331,36081217,false,false,12,2023-04-01,2024-03-31,0
2024-05-09,7943,2025-03-31,,,,,,,,,,,,,,,,,,,,,,,,,,,,,,114.00,,,,,,,false,true,12,2024-04-01,2025-03-31,1
2024-07-31,7943,2025-03-31,1,35925000000,0.094,,,,,1704000000,0.048,2335000000,-0.088,,1656000000,,47.02,46.92,,,,,172950000000,126217000000,0.731,3618.72,126424000000,,,,,,,,,,,,true,false,3,2024-04-01,2024-06-30,0
2024-07-31,7943,2024-03-31,1,32827000000,0.023,,,,,1626000000,-0.386,2560000000,-0.279,,1756000000,,48.35,48.25,,,,,,,,,,,,,,,,,,,,,true,false,3,2023-04-01,2023-06-30,-1
2024-07-31,7943,2025-03-31,1,72000000000,0.053,,,,,4500000000,0.183,4800000000,-0.087,,3400000000,,95.94,,,,,,,,,,,,,,,,,,,,,,true,true,6,2024-04-01,2024-09-30,0
2024-07-31,7943,2025-03-31,1,148500000000,0.040,,,,,11500000000,0.127,12000000000,0.012,,8500000000,,239.85,,,,,,,,,,,,,,,,,,,,,,true,true,12,2024-04-01,2025-03-31,0
2024-07-31,7943,2024-03-31,1,,,,,,,,,,,,,,,,,,,,175688000000,126303000000,0.720,3570.27,126526000000,,,,,,,,,,,,true,false,12,2023-04-01,2024-03-31,-1
2024-07-31,7943,2024-03-31,1,,,,,,,,,,,,,,,,,,,,,,,,,,,,,114.00,,,,37324264,1885331,,false,false,12,2023-04-01,2024-03-31,-1
2024-07-31,7943,2025-03-31,1,,,,,,,,,,,,,,,,,,,,,,,,,,,,,114.00,,,,,,,false,true,12,2024-04-01,2025-03-31,0
2024-07-31,7943,2025-03-31,1,,,,,,,,,,,,,,,,,,,,,,,,,,,,,,,,,37324264,2388101,35237923,false,false,3,2024-04-01,2024-06-30,0
2024-07-31,7943,2024-03-31,1,,,,,,,,,,,,,,,,,,,,,,,,,,,,,,,,,,,36340802,false,false,3,2023-04-01,2023-06-30,-1
2024-11-07,7943,2025-03-31,2,73019000000,0.067,,,,,3435000000,-0.097,3235000000,-0.385,,1829000000,,52.46,52.35,,,,,176330000000,127932000000,0.727,3748.30,128133000000,,,,,,,,,,,,true,false,6,2024-04-01,2024-09-30,0
2024-11-07,7943,2024-03-31,2,68408000000,0.018,,,,,3804000000,-0.304,5258000000,-0.223,,3335000000,,91.90,91.73,,,,,,,,,,,,,,,,,,,,,true,false,6,2023-04-01,2023-09-30,-1
2024-11-07,7943,2025-03-31,2,148500000000,0.040,,,,,7000000000,-0.314,7300000000,-0.384,,4500000000,,129.03,,,,,,,,,,,,,,,,,,,,,,true,true,12,2024-04-01,2025-03-31,0
2024-11-07,7943,2024-03-31,2,,,,,,,,,,,,,,,,,,,,175688000000,126303000000,0.720,3570.27,126526000000,,,,,,,,,,,,true,false,12,2023-04-01,2024-03-31,-1
2024-11-07,7943,2024-03-31,2,,,,,,,,,,,,,,,,,,,,,,,,,,,,,114.00,,,,37324264,1885331,,false,false,12,2023-04-01,2024-03-31,-1
2024-11-07,7943,2025-03-31,2,,,,,,,,,,,,,,,,,,,,,,,,,,,,,57.00,,,,,,,false,false,12,2024-04-01,2025-03-31,0
2024-11-07,7943,2025-03-31,2,,,,,,,,,,,,,,,,,,,,,,,,,,,,,114.00,,,,,,,false,true,12,2024-04-01,2025-03-31,0
2024-11-07,7943,2025-03-31,2,,,,,,,,,,,,,,,,,,,,,,,,,,,,,,,,,37324264,3139744,34874650,false,false,6,2024-04-01,2024-09-30,0
2024-11-07,7943,2024-03-31,2,,,,,,,,,,,,,,,,,,,,,,,,,,,,,,,,,,,36298399,false,false,6,2023-04-01,2023-09-30,-1
2025-01-31,7943,2025-03-31,3,112155000000,0.040,,,,,5585000000,-0.272,6223000000,-0.265,,3767000000,,108.82,108.59,,,,,169499000000,120753000000,0.714,3554.79,120950000000,,,,,,,,,,,,true,false,9,2024-04-01,2024-12-31,0
2025-01-31,7943,2024-03-31,3,107824000000,0.040,,,,,7671000000,-0.088,8471000000,-0.083,,5624000000,,155.31,155.01,,,,,,,,,,,,,,,,,,,,,true,false,9,2023-04-01,2023-12-31,-1
2025-01-31,7943,2025-03-31,3,148500000000,0.040,,,,,7000000000,-0.314,7300000000,-0.384,,4500000000,,129.03,,,,,,,,,,,,,,,,,,,,,,true,true,12,2024-04-01,2025-03-31,0
2025-01-31,7943,2024-03-31,3,,,,,,,,,,,,,,,,,,,,175688000000,126303000000,0.720,3570.27,126526000000,,,,,,,,,,,,true,false,12,2023-04-01,2024-03-31,-1
2025-01-31,7943,2024-03-31,3,,,,,,,,,,,,,,,,,,,,,,,,,,,,,114.00,,,,37324264,1885331,,false,false,12,2023-04-01,2024-03-31,-1
2025-01-31,7943,2025-03-31,3,,,,,,,,,,,,,,,,,,,,,,,,,,,,,57.00,,,,,,,false,false,12,2024-04-01,2025-03-31,0
2025-01-31,7943,2025-03-31,3,,,,,,,,,,,,,,,,,,,,,,,,,,,,,114.00,,,,,,,false,true,12,2024-04-01,2025-03-31,0
2025-01-31,7943,2025-03-31,3,,,,,,,,,,,,,,,,,,,,,,,,,,,,,,,,,37324264,3299644,34622091,false,false,9,2024-04-01,2024-12-31,0
2025-01-31,7943,2024-03-31,3,,,,,,,,,,,,,,,,,,,,,,,,,,,,,,,,,,,36215571,false,false,9,2023-04-01,2023-12-31,-1
2025-05-13,7943,2025-03-31,,148478000000,0.040,,,,,6951000000,-0.319,7254000000,-0.388,,2706000000,,78.49,78.32,0.022,0.041,0.047,,177455000000,124157000000,0.702,3659.66,124518000000,10413000000,-3036000000,-8008000000,26481000000,,1.452,,,,,,true,false,12,2024-04-01,2025-03-31,0
2025-05-13,7943,2024-03-31,,142790000000,0.034,,,,,10205000000,-0.128,11856000000,-0.074,,8066000000,,223.57,223.13,0.066,0.069,0.071,,175688000000,126303000000,0.720,3570.27,126526000000,6919000000,-6039000000,-7121000000,26700000000,,0.510,,,,,,true,false,12,2023-04-01,2024-03-31,-1
2025-05-13,7943,2026-03-31,,71500000000,-0.021,,,,,3500000000,0.019,3700000000,0.144,,2500000000,,73.48,,,,,,,,,,,,,,,,,,,,,,true,true,6,2025-04-01,2025-09-30,1
2025-05-13,7943,2026-03-31,,147500000000,-0.007,,,,,10000000000,0.438,10300000000,0.420,,7200000000,,211.61,,,,,,,,,,,,,,,,0.539,,,,,,true,true,12,2025-04-01,2026-03-31,1
2025-05-13,7943,2024-03-31,,,,,,,,,,,,,,,,,,,,,,,,,,,,,,114.00,,,,37324264,1885331,36081217,false,false,12,2023-04-01,2024-03-31,-1
2025-05-13,7943,2025-03-31,,,,,,,,,,,,,,,,,,,,,,,,,,,,,,114.00,,,,37324264,3299644,34484213,false,false,12,2024-04-01,2025-03-31,0
2025-05-13,7943,2026-03-31,,,,,,,,,,,,,,,,,,,,,,,,,,,,,,114.00,,,,,,,false,true,12,2025-04-01,2026-03-31,1
