filing_date,code,fiscal_year_end,quarterly_period,net_sales,net_sales_change,revenue,revenue_change,operating_revenue,operating_revenue_change,operating_profit,operating_profit_change,ordinary_profit,ordinary_profit_change,net_income,net_income_of_parent,net_income_change,eps,diluted_eps,roe,roa,operating_profit_to_net_sales,operating_profit_to_revenue,total_assets,net_assets,equity_ratio,bps,owner_equity,operating_cash_flow,investing_cash_flow,financing_cash_flow,cash,dividend_per_share,payout_ratio,commemorative_dividend,extra_dividend,number_of_shares,number_of_treqsury_shares,avg_number_of_shares,is_consolidated,is_forecast,duration,period_start,period_end,period_pos
2015-05-11,79470,2015-03-31,,164918000000,0.024,,,,,9189000000,-0.058,10106000000,0.005,6329000000,,0.031,152.89,,0.077,0.054,0.056,,196629000000,85133000000,0.431,2047.04,84737000000,16912000000,-18397000000,-957000000,13710000000,,0.327,,,,,,true,false,12,2014-04-01,2015-03-31,0
2015-05-11,79470,2014-03-31,,161121000000,0.019,,,,,9760000000,-0.330,10054000000,-0.335,6137000000,,-0.306,148.27,,0.078,0.057,0.061,,180476000000,80062000000,0.443,1933.55,80040000000,17981000000,-11766000000,-4120000000,16153000000,,0.435,,,,,,true,false,12,2013-04-01,2014-03-31,-1
2015-05-11,79470,2016-03-31,,84000000000,0.045,,,,,5900000000,0.466,6400000000,0.350,,4050000000,,97.84,,,,,,,,,,,,,,,,,,,,,,true,true,6,2015-04-01,2015-09-30,1
2015-05-11,79470,2016-03-31,,171000000000,0.037,,,,,12900000000,0.404,13500000000,0.336,,8500000000,,205.34,,,,,,,,,,,,,,,,0.302,,,,,,true,true,12,2015-04-01,2016-03-31,1
2015-05-11,79470,2015-03-31,,134024000000,0.021,,,,,6997000000,-0.069,7871000000,0.020,5018000000,,0.017,121.24,,,,,,178293000000,71443000000,0.401,1725.89,71443000000,,,,,50.00,,,,44284212,2889159,41395172,false,false,12,2014-04-01,2015-03-31,0
2015-05-11,79470,2014-03-31,,131322000000,0.045,,,,,7517000000,-0.386,7717000000,-0.397,4933000000,,-0.364,119.19,,,,,,161759000000,68006000000,0.420,1642.84,68006000000,,,,,129.00,,,,44284212,2888624,41395735,false,false,12,2013-04-01,2014-03-31,-1
2015-05-11,79470,2016-03-31,,,,,,,,,,,,,,,,,,,,,,,,,,,,,,62.00,,,,,,,false,true,12,2015-04-01,2016-03-31,1
2015-08-05,79470,2016-03-31,1,41156000000,0.070,,,,,2307000000,0.551,2387000000,0.527,,1613000000,,38.97,,,,,,200402000000,85914000000,0.427,2066.16,85528000000,,,,,,,,,,,,true,false,3,2015-04-01,2015-06-30,0
2015-08-05,79470,2015-03-31,1,38459000000,-0.012,,,,,1487000000,-0.161,1563000000,-0.153,,907000000,,21.92,,,,,,,,,,,,,,,,,,,,,,true,false,3,2014-04-01,2014-06-30,-1
2015-08-05,79470,2016-03-31,1,84000000000,0.045,,,,,5900000000,0.466,6400000000,0.350,,4050000000,,97.84,,,,,,,,,,,,,,,,,,,,,,true,true,6,2015-04-01,2015-09-30,0
2015-08-05,79470,2016-03-31,1,171000000000,0.037,,,,,12900000000,0.404,13500000000,0.336,,8500000000,,205.34,,,,,,,,,,,,,,,,,,,,,,true,true,12,2015-04-01,2016-03-31,0
2015-08-05,79470,2015-03-31,1,,,,,,,,,,,,,,,,,,,,196629000000,85133000000,0.431,2047.04,84737000000,,,,,,,,,,,,true,false,12,2014-04-01,2015-03-31,-1
2015-08-05,79470,2015-03-31,1,,,,,,,,,,,,,,,,,,,,,,,,,,,,,50.00,,,,44284212,2889159,,false,false,12,2014-04-01,2015-03-31,-1
2015-08-05,79470,2016-03-31,1,,,,,,,,,,,,,,,,,,,,,,,,,,,,,62.00,,,,,,,false,true,12,2015-04-01,2016-03-31,0
2015-08-05,79470,2016-03-31,1,,,,,,,,,,,,,,,,,,,,,,,,,,,,,,,,,44284212,2889206,41395031,false,false,3,2015-04-01,2015-06-30,0
2015-08-05,79470,2015-03-31,1,,,,,,,,,,,,,,,,,,,,,,,,,,,,,,,,,,,41395293,false,false,3,2014-04-01,2014-06-30,-1
2015-11-05,79470,2016-03-31,2,84305000000,0.049,,,,,6021000000,0.497,6629000000,0.398,,4460000000,,107.74,,,,,,205436000000,88499000000,0.429,2128.42,88105000000,,,,,,,,,,,,true,false,6,2015-04-01,2015-09-30,0
2015-11-05,79470,2015-03-31,2,80397000000,-0.001,,,,,4023000000,-0.184,4741000000,-0.073,,2991000000,,72.26,,,,,,,,,,,,,,,,,,,,,,true,false,6,2014-04-01,2014-09-30,-1
2015-11-05,79470,2016-03-31,2,171000000000,0.037,,,,,12900000000,0.404,13500000000,0.336,,8500000000,,205.34,,,,,,,,,,,,,,,,,,,,,,true,true,12,2015-04-01,2016-03-31,0
2015-11-05,79470,2015-03-31,2,,,,,,,,,,,,,,,,,,,,196629000000,85133000000,0.431,2047.04,84737000000,,,,,,,,,,,,true,false,12,2014-04-01,2015-03-31,-1
2015-11-05,79470,2015-03-31,2,,,,,,,,,,,,,,,,,,,,,,,,,,,,,50.00,,,,44284212,2889159,,false,false,12,2014-04-01,2015-03-31,-1
2015-11-05,79470,2016-03-31,2,,,,,,,,,,,,,,,,,,,,,,,,,,,,,33.00,,,,,,,false,false,12,2015-04-01,2016-03-31,0
2015-11-05,79470,2016-03-31,2,,,,,,,,,,,,,,,,,,,,,,,,,,,,,65.00,,,,,,,false,true,12,2015-04-01,2016-03-31,0
2015-11-05,79470,2016-03-31,2,,,,,,,,,,,,,,,,,,,,,,,,,,,,,,,,,44284212,2889238,41395016,false,false,6,2015-04-01,2015-09-30,0
2015-11-05,79470,2015-03-31,2,,,,,,,,,,,,,,,,,,,,,,,,,,,,,,,,,,,41395251,false,false,6,2014-04-01,2014-09-30,-1
2016-02-04,79470,2016-03-31,3,131469000000,0.032,,,,,11168000000,0.471,11864000000,0.409,,7999000000,,193.24,,,,,,215443000000,90856000000,0.420,2185.26,90458000000,,,,,,,,,,,,true,false,9,2015-04-01,2015-12-31,0
2016-02-04,79470,2015-03-31,3,127363000000,0.016,,,,,7592000000,-0.133,8418000000,-0.065,,5399000000,,130.43,,,,,,,,,,,,,,,,,,,,,,true,false,9,2014-04-01,2014-12-31,-1
2016-02-04,79470,2016-03-31,3,171000000000,0.037,,,,,12900000000,0.404,13500000000,0.336,,8500000000,,205.34,,,,,,,,,,,,,,,,,,,,,,true,true,12,2015-04-01,2016-03-31,0
2016-02-04,79470,2015-03-31,3,,,,,,,,,,,,,,,,,,,,196629000000,85133000000,0.431,2047.04,84737000000,,,,,,,,,,,,true,false,12,2014-04-01,2015-03-31,-1
2016-02-04,79470,2015-03-31,3,,,,,,,,,,,,,,,,,,,,,,,,,,,,,50.00,,,,44284212,2889159,,false,false,12,2014-04-01,2015-03-31,-1
2016-02-04,79470,2016-03-31,3,,,,,,,,,,,,,,,,,,,,,,,,,,,,,33.00,,,,,,,false,false,12,2015-04-01,2016-03-31,0
2016-02-04,79470,2016-03-31,3,,,,,,,,,,,,,,,,,,,,,,,,,,,,,65.00,,,,,,,false,true,12,2015-04-01,2016-03-31,0
2016-02-04,79470,2016-03-31,3,,,,,,,,,,,,,,,,,,,,,,,,,,,,,,,,,44284212,2889258,41395001,false,false,9,2015-04-01,2015-12-31,0
2016-02-04,79470,2015-03-31,3,,,,,,,,,,,,,,,,,,,,,,,,,,,,,,,,,,,41395204,false,false,9,2014-04-01,2014-12-31,-1
2016-05-10,79470,2016-03-31,,170292000000,0.033,,,,,13248000000,0.442,14027000000,0.388,,9294000000,,224.54,,0.106,0.069,0.078,,209053000000,91591000000,0.436,2202.56,91174000000,20832000000,-17923000000,-1530000000,15089000000,,0.303,,,,,,true,false,12,2015-04-01,2016-03-31,0
2016-05-10,79470,2015-03-31,,164918000000,0.024,,,,,9189000000,-0.058,10106000000,0.005,,6329000000,,152.89,,0.077,0.054,0.056,,196629000000,85133000000,0.431,2047.04,84737000000,16912000000,-18397000000,-957000000,13710000000,,0.327,,,,,,true,false,12,2014-04-01,2015-03-31,-1
2016-05-10,79470,2017-03-31,,87500000000,0.038,,,,,7400000000,0.229,7500000000,0.131,,5030000000,,121.51,,,,,,,,,,,,,,,,,,,,,,true,true,6,2016-04-01,2016-09-30,1
2016-05-10,79470,2017-03-31,,176000000000,0.034,,,,,15100000000,0.140,15500000000,0.105,,10400000000,,251.24,,,,,,,,,,,,,,,,0.303,,,,,,true,true,12,2016-04-01,2017-03-31,1
2016-05-10,79470,2016-03-31,,135361000000,0.010,,,,,9346000000,0.336,10007000000,0.271,6509000000,,0.297,157.25,,,,,,189894000000,75131000000,0.396,1815.00,75131000000,,,,,68.00,,,,44284212,2889332,41394980,false,false,12,2015-04-01,2016-03-31,0
2016-05-10,79470,2015-03-31,,134024000000,0.021,,,,,6997000000,-0.069,7871000000,0.020,5018000000,,0.017,121.24,,,,,,178293000000,71443000000,0.401,1725.89,71443000000,,,,,50.00,,,,44284212,2889159,41395172,false,false,12,2014-04-01,2015-03-31,-1
2016-05-10,79470,2017-03-31,,,,,,,,,,,,,,,,,,,,,,,,,,,,,,76.00,,,,,,,false,true,12,2016-04-01,2017-03-31,1
,79470,2016-03-31,,,,,,,,,,,,,,,,,,,,,,,,,,,,,,68.00,,,,,,,false,true,12,2015-04-01,2016-03-31,0
,79470,2016-03-31,,,,,,,,,,,,,,,,,,,,,,,,,,,,,,33.00,,,,,,,false,false,12,2015-04-01,2016-03-31,0
,79470,2015-03-31,,,,,,,,,,,,,,,,,,,,,,,,,,,,,,50.00,,,,,,,false,false,12,2014-04-01,2015-03-31,-1
2016-08-04,79470,2017-03-31,1,41674000000,0.013,,,,,3214000000,0.393,3320000000,0.391,,2320000000,,56.05,,,,,,213134000000,92336000000,0.431,2220.57,91920000000,,,,,,,,,,,,true,false,3,2016-04-01,2016-06-30,0
2016-08-04,79470,2016-03-31,1,41156000000,0.070,,,,,2307000000,0.551,2387000000,0.527,,1613000000,,38.97,,,,,,,,,,,,,,,,,,,,,,true,false,3,2015-04-01,2015-06-30,-1
2016-08-04,79470,2017-03-31,1,87500000000,0.038,,,,,7400000000,0.229,7500000000,0.131,,5030000000,,121.51,,,,,,,,,,,,,,,,,,,,,,true,true,6,2016-04-01,2016-09-30,0
2016-08-04,79470,2017-03-31,1,176000000000,0.034,,,,,15100000000,0.140,15500000000,0.105,,10400000000,,251.24,,,,,,,,,,,,,,,,,,,,,,true,true,12,2016-04-01,2017-03-31,0
2016-08-04,79470,2016-03-31,1,,,,,,,,,,,,,,,,,,,,209053000000,91591000000,0.436,2202.56,91174000000,,,,,,,,,,,,true,false,12,2015-04-01,2016-03-31,-1
2016-08-04,79470,2016-03-31,1,,,,,,,,,,,,,,,,,,,,,,,,,,,,,68.00,,,,44284212,2889332,,false,false,12,2015-04-01,2016-03-31,-1
2016-08-04,79470,2017-03-31,1,,,,,,,,,,,,,,,,,,,,,,,,,,,,,76.00,,,,,,,false,true,12,2016-04-01,2017-03-31,0
2016-08-04,79470,2017-03-31,1,,,,,,,,,,,,,,,,,,,,,,,,,,,,,,,,,44284212,2889372,41394850,false,false,3,2016-04-01,2016-06-30,0
2016-08-04,79470,2016-03-31,1,,,,,,,,,,,,,,,,,,,,,,,,,,,,,,,,,,,41395031,false,false,3,2015-04-01,2015-06-30,-1
2016-11-07,79470,2017-03-31,2,85542000000,0.015,,,,,7655000000,0.271,7907000000,0.193,,5406000000,,130.69,,,,,,217434000000,95492000000,0.437,2299.48,95061000000,,,,,,,,,,,,true,false,6,2016-04-01,2016-09-30,0
2016-11-07,79470,2016-03-31,2,84305000000,0.049,,,,,6021000000,0.497,6629000000,0.398,,4460000000,,107.74,,,,,,,,,,,,,,,,,,,,,,true,false,6,2015-04-01,2015-09-30,-1
2016-11-07,79470,2017-03-31,2,176000000000,0.034,,,,,15100000000,0.140,15500000000,0.105,,10400000000,,251.24,,,,,,,,,,,,,,,,,,,,,,true,true,12,2016-04-01,2017-03-31,0
2016-11-07,79470,2016-03-31,2,,,,,,,,,,,,,,,,,,,,209053000000,91591000000,0.436,2202.56,91174000000,,,,,,,,,,,,true,false,12,2015-04-01,2016-03-31,-1
2016-11-07,79470,2016-03-31,2,,,,,,,,,,,,,,,,,,,,,,,,,,,,,68.00,,,,44284212,2889332,,false,false,12,2015-04-01,2016-03-31,-1
2016-11-07,79470,2017-03-31,2,,,,,,,,,,,,,,,,,,,,,,,,,,,,,40.00,,,,,,,false,false,12,2016-04-01,2017-03-31,0
2016-11-07,79470,2017-03-31,2,,,,,,,,,,,,,,,,,,,,,,,,,,,,,79.00,,,,,,,false,true,12,2016-04-01,2017-03-31,0
2016-11-07,79470,2017-03-31,2,,,,,,,,,,,,,,,,,,,,,,,,,,,,,,,,,44284212,2943972,41371446,false,false,6,2016-04-01,2016-09-30,0
2016-11-07,79470,2016-03-31,2,,,,,,,,,,,,,,,,,,,,,,,,,,,,,,,,,,,41395016,false,false,6,2015-04-01,2015-09-30,-1
2017-02-06,79470,2017-03-31,3,133730000000,0.017,,,,,13353000000,0.196,13660000000,0.151,,9404000000,,227.38,,,,,,226561000000,98332000000,0.432,2368.05,97895000000,,,,,,,,,,,,true,false,9,2016-04-01,2016-12-31,0
2017-02-06,79470,2016-03-31,3,131469000000,0.032,,,,,11168000000,0.471,11864000000,0.409,,7999000000,,193.24,,,,,,,,,,,,,,,,,,,,,,true,false,9,2015-04-01,2015-12-31,-1
2017-02-06,79470,2017-03-31,3,176000000000,0.034,,,,,15100000000,0.140,15500000000,0.105,,10400000000,,251.24,,,,,,,,,,,,,,,,,,,,,,true,true,12,2016-04-01,2017-03-31,0
2017-02-06,79470,2016-03-31,3,,,,,,,,,,,,,,,,,,,,209053000000,91591000000,0.436,2202.56,91174000000,,,,,,,,,,,,true,false,12,2015-04-01,2016-03-31,-1
2017-02-06,79470,2016-03-31,3,,,,,,,,,,,,,,,,,,,,,,,,,,,,,68.00,,,,44284212,2889332,,false,false,12,2015-04-01,2016-03-31,-1
2017-02-06,79470,2017-03-31,3,,,,,,,,,,,,,,,,,,,,,,,,,,,,,40.00,,,,,,,false,false,12,2016-04-01,2017-03-31,0
2017-02-06,79470,2017-03-31,3,,,,,,,,,,,,,,,,,,,,,,,,,,,,,79.00,,,,,,,false,true,12,2016-04-01,2017-03-31,0
2017-02-06,79470,2017-03-31,3,,,,,,,,,,,,,,,,,,,,,,,,,,,,,,,,,44284212,2944011,41362072,false,false,9,2016-04-01,2016-12-31,0
2017-02-06,79470,2016-03-31,3,,,,,,,,,,,,,,,,,,,,,,,,,,,,,,,,,,,41395001,false,false,9,2015-04-01,2015-12-31,-1
2017-05-10,79470,2017-03-31,,172858000000,0.015,,,,,15176000000,0.146,15742000000,0.122,,10953000000,,264.86,,0.115,0.073,0.088,,219481000000,99721000000,0.453,2403.52,99361000000,25912000000,-21932000000,-924000000,18144000000,,0.302,,,,,,true,false,12,2016-04-01,2017-03-31,0
2017-05-10,79470,2016-03-31,,170292000000,0.033,,,,,13248000000,0.442,14027000000,0.388,,9294000000,,224.54,,0.106,0.069,0.078,,209053000000,91591000000,0.436,2202.56,91174000000,20832000000,-17923000000,-1530000000,15089000000,,0.303,,,,,,true,false,12,2015-04-01,2016-03-31,-1
2017-05-10,79470,2018-03-31,,87500000000,0.023,,,,,6600000000,-0.138,6900000000,-0.127,,4710000000,,113.93,,,,,,,,,,,,,,,,,,,,,,true,true,6,2017-04-01,2017-09-30,1
2017-05-10,79470,2018-03-31,,179000000000,0.036,,,,,15900000000,0.048,16500000000,0.048,,11150000000,,269.71,,,,,,,,,,,,,,,,0.300,,,,,,true,true,12,2017-04-01,2018-03-31,1
2017-05-10,79470,2016-03-31,,,,,,,,,,,,,,,,,,,,,,,,,,,,,,68.00,,,,44284212,2889332,41394980,false,false,12,2015-04-01,2016-03-31,-1
2017-05-10,79470,2017-03-31,,,,,,,,,,,,,,,,,,,,,,,,,,,,,,80.00,,,,44284212,2944011,41357025,false,false,12,2016-04-01,2017-03-31,0
2017-05-10,79470,2018-03-31,,,,,,,,,,,,,,,,,,,,,,,,,,,,,,81.00,,,,,,,false,true,12,2017-04-01,2018-03-31,1
2017-08-03,79470,2018-03-31,1,42978000000,0.031,,,,,2853000000,-0.112,2963000000,-0.108,,1898000000,,45.92,,,,,,226676000000,100306000000,0.441,2417.47,99938000000,,,,,,,,,,,,true,false,3,2017-04-01,2017-06-30,0
2017-08-03,79470,2017-03-31,1,41674000000,0.013,,,,,3214000000,0.393,3320000000,0.391,,2320000000,,56.05,,,,,,,,,,,,,,,,,,,,,,true,false,3,2016-04-01,2016-06-30,-1
2017-08-03,79470,2018-03-31,1,87500000000,0.023,,,,,6600000000,-0.138,6900000000,-0.127,,4710000000,,113.93,,,,,,,,,,,,,,,,,,,,,,true,true,6,2017-04-01,2017-09-30,0
2017-08-03,79470,2018-03-31,1,179000000000,0.036,,,,,15900000000,0.048,16500000000,0.048,,11150000000,,269.71,,,,,,,,,,,,,,,,,,,,,,true,true,12,2017-04-01,2018-03-31,0
2017-08-03,79470,2017-03-31,1,,,,,,,,,,,,,,,,,,,,219481000000,99721000000,0.453,2403.52,99361000000,,,,,,,,,,,,true,false,12,2016-04-01,2017-03-31,-1
2017-08-03,79470,2017-03-31,1,,,,,,,,,,,,,,,,,,,,,,,,,,,,,80.00,,,,44284212,2944011,,false,false,12,2016-04-01,2017-03-31,-1
2017-08-03,79470,2018-03-31,1,,,,,,,,,,,,,,,,,,,,,,,,,,,,,81.00,,,,,,,false,true,12,2017-04-01,2018-03-31,0
2017-08-03,79470,2018-03-31,1,,,,,,,,,,,,,,,,,,,,,,,,,,,,,,,,,44284212,2944109,41340144,false,false,3,2017-04-01,2017-06-30,0
2017-08-03,79470,2017-03-31,1,,,,,,,,,,,,,,,,,,,,,,,,,,,,,,,,,,,41394850,false,false,3,2016-04-01,2016-06-30,-1
2017-11-07,79470,2018-03-31,2,86555000000,0.012,,,,,6287000000,-0.179,6628000000,-0.162,,4421000000,,106.94,,,,,,237235000000,103282000000,0.434,2489.17,102902000000,,,,,,,,,,,,true,false,6,2017-04-01,2017-09-30,0
2017-11-07,79470,2017-03-31,2,85542000000,0.015,,,,,7655000000,0.271,7907000000,0.193,,5406000000,,130.69,,,,,,,,,,,,,,,,,,,,,,true,false,6,2016-04-01,2016-09-30,-1
2017-11-07,79470,2018-03-31,2,179000000000,0.036,,,,,15900000000,0.048,16500000000,0.048,,11150000000,,269.71,,,,,,,,,,,,,,,,,,,,,,true,true,12,2017-04-01,2018-03-31,0
2017-11-07,79470,2017-03-31,2,,,,,,,,,,,,,,,,,,,,219481000000,99721000000,0.453,2403.52,99361000000,,,,,,,,,,,,true,false,12,2016-04-01,2017-03-31,-1
2017-11-07,79470,2017-03-31,2,,,,,,,,,,,,,,,,,,,,,,,,,,,,,80.00,,,,44284212,2944011,,false,false,12,2016-04-01,2017-03-31,-1
2017-11-07,79470,2018-03-31,2,,,,,,,,,,,,,,,,,,,,,,,,,,,,,40.00,,,,,,,false,false,12,2017-04-01,2018-03-31,0
2017-11-07,79470,2018-03-31,2,,,,,,,,,,,,,,,,,,,,,,,,,,,,,81.00,,,,,,,false,true,12,2017-04-01,2018-03-31,0
2017-11-07,79470,2018-03-31,2,,,,,,,,,,,,,,,,,,,,,,,,,,,,,,,,,44284212,2944109,41340127,false,false,6,2017-04-01,2017-09-30,0
2017-11-07,79470,2017-03-31,2,,,,,,,,,,,,,,,,,,,,,,,,,,,,,,,,,,,41371446,false,false,6,2016-04-01,2016-09-30,-1
2018-02-06,79470,2018-03-31,3,134625000000,0.007,,,,,11161000000,-0.164,11648000000,-0.147,,7875000000,,190.51,,,,,,245017000000,105355000000,0.428,2539.12,104967000000,,,,,,,,,,,,true,false,9,2017-04-01,2017-12-31,0
2018-02-06,79470,2017-03-31,3,133730000000,0.017,,,,,13353000000,0.196,13660000000,0.151,,9404000000,,227.38,,,,,,,,,,,,,,,,,,,,,,true,false,9,2016-04-01,2016-12-31,-1
2018-02-06,79470,2018-03-31,3,174000000000,1.007,,,,,12830000000,0.845,13500000000,0.858,,9100000000,,220.13,,,,,,,,,,,,,,,,,,,,,,true,true,12,2017-04-01,2018-03-31,0
2018-02-06,79470,2017-03-31,3,,,,,,,,,,,,,,,,,,,,219481000000,99721000000,0.453,2403.52,99361000000,,,,,,,,,,,,true,false,12,2016-04-01,2017-03-31,-1
2018-02-06,79470,2017-03-31,3,,,,,,,,,,,,,,,,,,,,,,,,,,,,,80.00,,,,44284212,2944011,,false,false,12,2016-04-01,2017-03-31,-1
2018-02-06,79470,2018-03-31,3,,,,,,,,,,,,,,,,,,,,,,,,,,,,,40.00,,,,,,,false,false,12,2017-04-01,2018-03-31,0
2018-02-06,79470,2018-03-31,3,,,,,,,,,,,,,,,,,,,,,,,,,,,,,81.00,,,,,,,false,true,12,2017-04-01,2018-03-31,0
2018-02-06,79470,2018-03-31,3,,,,,,,,,,,,,,,,,,,,,,,,,,,,,,,,,44284212,2944171,41340101,false,false,9,2017-04-01,2017-12-31,0
2018-02-06,79470,2017-03-31,3,,,,,,,,,,,,,,,,,,,,,,,,,,,,,,,,,,,41362072,false,false,9,2016-04-01,2016-12-31,-1
2018-02-06,79470,2018-03-31,3,134625000000,0.007,,,,,11161000000,-0.164,11648000000,-0.147,,7875000000,,190.51,,,,,,245017000000,105355000000,0.428,2539.12,104967000000,,,,,,,,,,,,true,false,9,2017-04-01,2017-12-31,0
2018-02-06,79470,2017-03-31,3,133730000000,0.017,,,,,13353000000,0.196,13660000000,0.151,,9404000000,,227.38,,,,,,,,,,,,,,,,,,,,,,true,false,9,2016-04-01,2016-12-31,-1
2018-02-06,79470,2018-03-31,3,174000000000,0.007,,,,,12830000000,-0.155,13500000000,-0.142,,9100000000,,220.13,,,,,,,,,,,,,,,,,,,,,,true,true,12,2017-04-01,2018-03-31,0
2018-02-06,79470,2017-03-31,3,,,,,,,,,,,,,,,,,,,,219481000000,99721000000,0.453,2403.52,99361000000,,,,,,,,,,,,true,false,12,2016-04-01,2017-03-31,-1
2018-02-06,79470,2017-03-31,3,,,,,,,,,,,,,,,,,,,,,,,,,,,,,80.00,,,,44284212,2944011,,false,false,12,2016-04-01,2017-03-31,-1
2018-02-06,79470,2018-03-31,3,,,,,,,,,,,,,,,,,,,,,,,,,,,,,40.00,,,,,,,false,false,12,2017-04-01,2018-03-31,0
2018-02-06,79470,2018-03-31,3,,,,,,,,,,,,,,,,,,,,,,,,,,,,,81.00,,,,,,,false,true,12,2017-04-01,2018-03-31,0
2018-02-06,79470,2018-03-31,3,,,,,,,,,,,,,,,,,,,,,,,,,,,,,,,,,44284212,2944171,41340101,false,false,9,2017-04-01,2017-12-31,0
2018-02-06,79470,2017-03-31,3,,,,,,,,,,,,,,,,,,,,,,,,,,,,,,,,,,,41362072,false,false,9,2016-04-01,2016-12-31,-1
2018-05-02,79470,2018-03-31,,173580000000,0.004,,,,,12884000000,-0.151,13548000000,-0.139,,9178000000,,222.01,,0.089,0.058,0.074,,244198000000,106219000000,0.433,2560.18,105837000000,13974000000,-23656000000,7197000000,15659000000,,0.365,,,,,,true,false,12,2017-04-01,2018-03-31,0
2018-05-02,79470,2017-03-31,,172858000000,0.015,,,,,15176000000,0.146,15742000000,0.122,,10953000000,,264.86,,0.115,0.073,0.088,,219481000000,99721000000,0.453,2403.52,99361000000,25912000000,-21932000000,-924000000,18144000000,,0.302,,,,,,true,false,12,2016-04-01,2017-03-31,-1
2018-05-02,79470,2019-03-31,,89000000000,0.028,,,,,6400000000,0.018,6650000000,0.003,,4460000000,,107.89,,,,,,,,,,,,,,,,,,,,,,true,true,6,2018-04-01,2018-09-30,1
2018-05-02,79470,2019-03-31,,179000000000,0.031,,,,,14300000000,0.110,14800000000,0.092,,9900000000,,239.48,,,,,,,,,,,,,,,,0.338,,,,,,true,true,12,2018-04-01,2019-03-31,1
2018-05-02,79470,2018-03-31,,139840000000,0.014,,,,,8121000000,-0.176,12950000000,0.251,10113000000,,0.413,244.65,,,,,,219505000000,86567000000,0.394,2094.03,86567000000,,,,,81.00,,,,44284212,2944236,41340077,false,false,12,2017-04-01,2018-03-31,0
2018-05-02,79470,2017-03-31,,137975000000,0.019,,,,,9852000000,0.054,10353000000,0.035,7155000000,,0.099,173.01,,,,,,199008000000,79216000000,0.398,1916.21,79216000000,,,,,80.00,,,,44284212,2944011,41357025,false,false,12,2016-04-01,2017-03-31,-1
2018-05-02,79470,2019-03-31,,,,,,,,,,,,,,,,,,,,,,,,,,,,,,81.00,,,,,,,false,true,12,2018-04-01,2019-03-31,1
2018-08-07,79470,2019-03-31,1,43901000000,0.021,,,,,2414000000,-0.154,2568000000,-0.133,,1661000000,,40.19,,,,,,244291000000,106119000000,0.433,2557.88,105742000000,,,,,,,,,,,,true,false,3,2018-04-01,2018-06-30,0
2018-08-07,79470,2018-03-31,1,42978000000,0.031,,,,,2853000000,-0.112,2963000000,-0.108,,1898000000,,45.92,,,,,,,,,,,,,,,,,,,,,,true,false,3,2017-04-01,2017-06-30,-1
2018-08-07,79470,2019-03-31,1,89000000000,0.028,,,,,6400000000,0.018,6650000000,0.003,,4460000000,,107.89,,,,,,,,,,,,,,,,,,,,,,true,true,6,2018-04-01,2018-09-30,0
2018-08-07,79470,2019-03-31,1,179000000000,0.031,,,,,14300000000,0.110,14800000000,0.092,,9900000000,,239.48,,,,,,,,,,,,,,,,,,,,,,true,true,12,2018-04-01,2019-03-31,0
2018-08-07,79470,2018-03-31,1,,,,,,,,,,,,,,,,,,,,244147000000,106219000000,0.434,2560.18,105837000000,,,,,,,,,,,,true,false,12,2017-04-01,2018-03-31,-1
2018-08-07,79470,2018-03-31,1,,,,,,,,,,,,,,,,,,,,,,,,,,,,,81.00,,,,44284212,2944236,,false,false,12,2017-04-01,2018-03-31,-1
2018-08-07,79470,2019-03-31,1,,,,,,,,,,,,,,,,,,,,,,,,,,,,,81.00,,,,,,,false,true,12,2018-04-01,2019-03-31,0
2018-08-07,79470,2019-03-31,1,,,,,,,,,,,,,,,,,,,,,,,,,,,,,,,,,44284212,2944263,41339956,false,false,3,2018-04-01,2018-06-30,0
2018-08-07,79470,2018-03-31,1,,,,,,,,,,,,,,,,,,,,,,,,,,,,,,,,,,,41340144,false,false,3,2017-04-01,2017-06-30,-1
2018-11-06,79470,2019-03-31,2,89577000000,0.035,,,,,6160000000,-0.020,6483000000,-0.022,,4345000000,,105.12,,,,,,248740000000,108945000000,0.436,2625.75,108548000000,,,,,,,,,,,,true,false,6,2018-04-01,2018-09-30,0
2018-11-06,79470,2018-03-31,2,86555000000,0.012,,,,,6287000000,-0.179,6628000000,-0.162,,4421000000,,106.94,,,,,,,,,,,,,,,,,,,,,,true,false,6,2017-04-01,2017-09-30,-1
2018-11-06,79470,2019-03-31,2,179000000000,0.031,,,,,14300000000,0.110,14800000000,0.092,,9900000000,,239.48,,,,,,,,,,,,,,,,,,,,,,true,true,12,2018-04-01,2019-03-31,0
2018-11-06,79470,2018-03-31,2,,,,,,,,,,,,,,,,,,,,244147000000,106219000000,0.434,2560.18,105837000000,,,,,,,,,,,,true,false,12,2017-04-01,2018-03-31,-1
2018-11-06,79470,2018-03-31,2,,,,,,,,,,,,,,,,,,,,,,,,,,,,,81.00,,,,44284212,2944236,,false,false,12,2017-04-01,2018-03-31,-1
2018-11-06,79470,2019-03-31,2,,,,,,,,,,,,,,,,,,,,,,,,,,,,,40.00,,,,,,,false,false,12,2018-04-01,2019-03-31,0
2018-11-06,79470,2019-03-31,2,,,,,,,,,,,,,,,,,,,,,,,,,,,,,81.00,,,,,,,false,true,12,2018-04-01,2019-03-31,0
2018-11-06,79470,2019-03-31,2,,,,,,,,,,,,,,,,,,,,,,,,,,,,,,,,,44284212,2944263,41339953,false,false,6,2018-04-01,2018-09-30,0
2018-11-06,79470,2018-03-31,2,,,,,,,,,,,,,,,,,,,,,,,,,,,,,,,,,,,41340127,false,false,6,2017-04-01,2017-09-30,-1
2019-02-05,79470,2019-03-31,3,140872000000,0.046,,,,,11635000000,0.042,12085000000,0.037,,8715000000,,210.82,,,,,,253033000000,111047000000,0.437,2675.96,110624000000,,,,,,,,,,,,true,false,9,2018-04-01,2018-12-31,0
2019-02-05,79470,2018-03-31,3,134625000000,0.007,,,,,11161000000,-0.164,11648000000,-0.147,,7875000000,,190.51,,,,,,,,,,,,,,,,,,,,,,true,false,9,2017-04-01,2017-12-31,-1
2019-02-05,79470,2019-03-31,3,179000000000,0.031,,,,,14300000000,0.110,14800000000,0.092,,9900000000,,239.48,,,,,,,,,,,,,,,,,,,,,,true,true,12,2018-04-01,2019-03-31,0
2019-02-05,79470,2018-03-31,3,,,,,,,,,,,,,,,,,,,,244147000000,106219000000,0.434,2560.18,105837000000,,,,,,,,,,,,true,false,12,2017-04-01,2018-03-31,-1
2019-02-05,79470,2018-03-31,3,,,,,,,,,,,,,,,,,,,,,,,,,,,,,81.00,,,,44284212,2944236,,false,false,12,2017-04-01,2018-03-31,-1
2019-02-05,79470,2019-03-31,3,,,,,,,,,,,,,,,,,,,,,,,,,,,,,40.00,,,,,,,false,false,12,2018-04-01,2019-03-31,0
2019-02-05,79470,2019-03-31,3,,,,,,,,,,,,,,,,,,,,,,,,,,,,,81.00,,,,,,,false,true,12,2018-04-01,2019-03-31,0
2019-02-05,79470,2019-03-31,3,,,,,,,,,,,,,,,,,,,,,,,,,,,,,,,,,44284212,2944263,41339952,false,false,9,2018-04-01,2018-12-31,0
2019-02-05,79470,2018-03-31,3,,,,,,,,,,,,,,,,,,,,,,,,,,,,,,,,,,,41340101,false,false,9,2017-04-01,2017-12-31,-1
2019-05-08,79470,2019-03-31,,181171000000,0.044,,,,,13949000000,0.083,14861000000,0.097,,9901000000,,239.51,,0.091,0.060,0.077,,249332000000,112198000000,0.448,2703.33,111755000000,25510000000,-17109000000,-4908000000,19151000000,,0.338,,,,,,true,false,12,2018-04-01,2019-03-31,0
2019-05-08,79470,2018-03-31,,173580000000,0.004,,,,,12884000000,-0.151,13548000000,-0.139,,9178000000,,222.01,,0.089,0.058,0.074,,244147000000,106219000000,0.434,2560.18,105837000000,13974000000,-23656000000,7197000000,15659000000,,0.365,,,,,,true,false,12,2017-04-01,2018-03-31,-1
2019-05-08,79470,2020-03-31,,92000000000,0.027,,,,,7250000000,0.177,7400000000,0.141,,4950000000,,119.74,,,,,,,,,,,,,,,,,,,,,,true,true,6,2019-04-01,2019-09-30,1
2019-05-08,79470,2020-03-31,,186000000000,0.027,,,,,15500000000,0.111,16000000000,0.077,,10600000000,,256.41,,,,,,,,,,,,,,,,0.316,,,,,,true,true,12,2019-04-01,2020-03-31,1
2019-05-08,79470,2019-03-31,,145472000000,0.040,,,,,9078000000,0.118,11614000000,-0.103,8391000000,,-0.170,203.00,,,,,,226652000000,91036000000,0.402,2202.15,91036000000,,,,,81.00,,,,44284212,2944292,41339947,false,false,12,2018-04-01,2019-03-31,0
2019-05-08,79470,2018-03-31,,139840000000,0.014,,,,,8121000000,-0.176,12950000000,0.251,10113000000,,0.413,244.65,,,,,,219505000000,86567000000,0.394,2094.03,86567000000,,,,,81.00,,,,44284212,2944236,41340077,false,false,12,2017-04-01,2018-03-31,-1
2019-05-08,79470,2020-03-31,,,,,,,,,,,,,,,,,,,,,,,,,,,,,,81.00,,,,,,,false,true,12,2019-04-01,2020-03-31,1
2019-07-31,79470,2020-03-31,1,45186000000,0.029,,,,,2924000000,0.211,3063000000,0.193,,1934000000,,46.78,,,,,,243540000000,112249000000,0.459,2704.00,111782000000,,,,,,,,,,,,true,false,3,2019-04-01,2019-06-30,0
2019-07-31,79470,2019-03-31,1,43901000000,0.021,,,,,2414000000,-0.154,2568000000,-0.133,,1661000000,,40.19,,,,,,,,,,,,,,,,,,,,,,true,false,3,2018-04-01,2018-06-30,-1
2019-07-31,79470,2020-03-31,1,92000000000,0.027,,,,,7250000000,0.177,7400000000,0.141,,4950000000,,119.74,,,,,,,,,,,,,,,,,,,,,,true,true,6,2019-04-01,2019-09-30,0
2019-07-31,79470,2020-03-31,1,186000000000,0.027,,,,,15500000000,0.111,16000000000,0.077,,10600000000,,256.41,,,,,,,,,,,,,,,,,,,,,,true,true,12,2019-04-01,2020-03-31,0
2019-07-31,79470,2019-03-31,1,,,,,,,,,,,,,,,,,,,,249332000000,112198000000,0.448,2703.33,111755000000,,,,,,,,,,,,true,false,12,2018-04-01,2019-03-31,-1
2019-07-31,79470,2019-03-31,1,,,,,,,,,,,,,,,,,,,,,,,,,,,,,81.00,,,,44284212,2944292,,false,false,12,2018-04-01,2019-03-31,-1
2019-07-31,79470,2020-03-31,1,,,,,,,,,,,,,,,,,,,,,,,,,,,,,81.00,,,,,,,false,true,12,2019-04-01,2020-03-31,0
2019-07-31,79470,2020-03-31,1,,,,,,,,,,,,,,,,,,,,,,,,,,,,,,,,,44284212,2944339,41339908,false,false,3,2019-04-01,2019-06-30,0
2019-07-31,79470,2019-03-31,1,,,,,,,,,,,,,,,,,,,,,,,,,,,,,,,,,,,41339956,false,false,3,2018-04-01,2018-06-30,-1
2019-10-31,79470,2020-03-31,2,92901000000,0.037,,,,,7094000000,0.152,7445000000,0.148,,4842000000,,117.14,,,,,,239696000000,115324000000,0.479,2777.21,114809000000,,,,,,,,,,,,true,false,6,2019-04-01,2019-09-30,0
2019-10-31,79470,2019-03-31,2,89577000000,0.035,,,,,6160000000,-0.020,6483000000,-0.022,,4345000000,,105.12,,,,,,,,,,,,,,,,,,,,,,true,false,6,2018-04-01,2018-09-30,-1
2019-10-31,79470,2020-03-31,2,186000000000,0.027,,,,,15500000000,0.111,16000000000,0.077,,10600000000,,256.41,,,,,,,,,,,,,,,,,,,,,,true,true,12,2019-04-01,2020-03-31,0
2019-10-31,79470,2019-03-31,2,,,,,,,,,,,,,,,,,,,,249332000000,112198000000,0.448,2703.33,111755000000,,,,,,,,,,,,true,false,12,2018-04-01,2019-03-31,-1
2019-10-31,79470,2019-03-31,2,,,,,,,,,,,,,,,,,,,,,,,,,,,,,81.00,,,,44284212,2944292,,false,false,12,2018-04-01,2019-03-31,-1
2019-10-31,79470,2020-03-31,2,,,,,,,,,,,,,,,,,,,,,,,,,,,,,40.00,,,,,,,false,false,12,2019-04-01,2020-03-31,0
2019-10-31,79470,2020-03-31,2,,,,,,,,,,,,,,,,,,,,,,,,,,,,,81.00,,,,,,,false,true,12,2019-04-01,2020-03-31,0
2019-10-31,79470,2020-03-31,2,,,,,,,,,,,,,,,,,,,,,,,,,,,,,,,,,44284212,2944363,41339883,false,false,6,2019-04-01,2019-09-30,0
2019-10-31,79470,2019-03-31,2,,,,,,,,,,,,,,,,,,,,,,,,,,,,,,,,,,,41339953,false,false,6,2018-04-01,2018-09-30,-1
2020-01-31,79470,2020-03-31,3,144378000000,0.025,,,,,12810000000,0.101,13311000000,0.101,,8786000000,,212.53,,,,,,249780000000,117829000000,0.470,2837.17,117288000000,,,,,,,,,,,,true,false,9,2019-04-01,2019-12-31,0
2020-01-31,79470,2019-03-31,3,140872000000,0.046,,,,,11635000000,0.042,12085000000,0.037,,8715000000,,210.82,,,,,,,,,,,,,,,,,,,,,,true,false,9,2018-04-01,2018-12-31,-1
2020-01-31,79470,2020-03-31,3,186000000000,0.027,,,,,15500000000,0.111,16000000000,0.077,,10600000000,,256.41,,,,,,,,,,,,,,,,,,,,,,true,true,12,2019-04-01,2020-03-31,0
2020-01-31,79470,2019-03-31,3,,,,,,,,,,,,,,,,,,,,249332000000,112198000000,0.448,2703.33,111755000000,,,,,,,,,,,,true,false,12,2018-04-01,2019-03-31,-1
2020-01-31,79470,2019-03-31,3,,,,,,,,,,,,,,,,,,,,,,,,,,,,,81.00,,,,44284212,2944292,,false,false,12,2018-04-01,2019-03-31,-1
2020-01-31,79470,2020-03-31,3,,,,,,,,,,,,,,,,,,,,,,,,,,,,,40.00,,,,,,,false,false,12,2019-04-01,2020-03-31,0
2020-01-31,79470,2020-03-31,3,,,,,,,,,,,,,,,,,,,,,,,,,,,,,81.00,,,,,,,false,true,12,2019-04-01,2020-03-31,0
2020-01-31,79470,2020-03-31,3,,,,,,,,,,,,,,,,,,,,,,,,,,,,,,,,,44284212,2944363,41339873,false,false,9,2019-04-01,2019-12-31,0
2020-01-31,79470,2019-03-31,3,,,,,,,,,,,,,,,,,,,,,,,,,,,,,,,,,,,41339952,false,false,9,2018-04-01,2018-12-31,-1
2020-04-30,79470,2020-03-31,,186349000000,0.029,,,,,15507000000,0.112,16274000000,0.095,,10777000000,,260.71,,0.094,0.066,0.083,,242497000000,119301000000,0.490,2872.14,118733000000,27770000000,-10989000000,-15643000000,20288000000,,0.311,,,,,,true,false,12,2019-04-01,2020-03-31,0
2020-04-30,79470,2019-03-31,,181171000000,0.044,,,,,13949000000,0.083,14861000000,0.097,,9901000000,,239.51,,0.091,0.060,0.077,,249332000000,112198000000,0.448,2703.33,111755000000,25510000000,-17109000000,-4908000000,19151000000,,0.338,,,,,,true,false,12,2018-04-01,2019-03-31,-1
2020-04-30,79470,2021-03-31,,94900000000,0.022,,,,,7820000000,0.102,8110000000,0.089,,5213000000,,126.10,,,,,,,,,,,,,,,,,,,,,,true,true,6,2020-04-01,2020-09-30,1
2020-04-30,79470,2021-03-31,,190000000000,0.020,,,,,16700000000,0.077,17400000000,0.069,,11290000000,,273.10,,,,,,,,,,,,,,,,0.297,,,,,,true,true,12,2020-04-01,2021-03-31,1
2020-04-30,79470,2020-03-31,,149995000000,0.031,,,,,10427000000,0.149,12284000000,0.058,8710000000,,0.038,210.71,,,,,,220479000000,95899000000,0.435,2319.78,95899000000,,,,,81.00,,,,44284212,2944405,41339861,false,false,12,2019-04-01,2020-03-31,0
2020-04-30,79470,2019-03-31,,145472000000,0.040,,,,,9078000000,0.118,11614000000,-0.103,8391000000,,-0.170,203.00,,,,,,226652000000,91036000000,0.402,2202.15,91036000000,,,,,81.00,,,,44284212,2944292,41339947,false,false,12,2018-04-01,2019-03-31,-1
2020-04-30,79470,2021-03-31,,,,,,,,,,,,,,,,,,,,,,,,,,,,,,81.00,,,,,,,false,true,12,2020-04-01,2021-03-31,1
2020-07-31,79470,2021-03-31,1,47225000000,0.045,,,,,3641000000,0.245,3824000000,0.248,,2464000000,,59.62,,,,,,243756000000,120366000000,0.491,2897.00,119761000000,,,,,,,,,,,,true,false,3,2020-04-01,2020-06-30,0
2020-07-31,79470,2020-03-31,1,45186000000,0.029,,,,,2924000000,0.211,3063000000,0.193,,1934000000,,46.78,,,,,,,,,,,,,,,,,,,,,,true,false,3,2019-04-01,2019-06-30,-1
2020-07-31,79470,2021-03-31,1,94900000000,0.022,,,,,7820000000,0.102,8110000000,0.089,,5213000000,,63.05,,,,,,,,,,,,,,,,,,,,,,true,true,6,2020-04-01,2020-09-30,0
2020-07-31,79470,2021-03-31,1,190000000000,0.020,,,,,16700000000,0.077,17400000000,0.069,,11290000000,,136.55,,,,,,,,,,,,,,,,,,,,,,true,true,12,2020-04-01,2021-03-31,0
2020-07-31,79470,2020-03-31,1,,,,,,,,,,,,,,,,,,,,242497000000,119301000000,0.490,2872.14,118733000000,,,,,,,,,,,,true,false,12,2019-04-01,2020-03-31,-1
2020-07-31,79470,2020-03-31,1,,,,,,,,,,,,,,,,,,,,,,,,,,,,,81.00,,,,44284212,2944405,,false,false,12,2019-04-01,2020-03-31,-1
2020-07-31,79470,2021-03-31,1,,,,,,,,,,,,,,,,,,,,,,,,,,,,,20.50,,,,,,,false,true,12,2020-04-01,2021-03-31,0
2020-07-31,79470,2021-03-31,1,,,,,,,,,,,,,,,,,,,,,,,,,,,,,,,,,44284212,2944405,41339807,false,false,3,2020-04-01,2020-06-30,0
2020-07-31,79470,2020-03-31,1,,,,,,,,,,,,,,,,,,,,,,,,,,,,,,,,,,,41339908,false,false,3,2019-04-01,2019-06-30,-1
2020-10-30,79470,2021-03-31,2,96395000000,0.038,,,,,8311000000,0.171,8564000000,0.150,,5653000000,,68.37,,,,,,245179000000,123850000000,0.503,1490.50,123264000000,,,,,,,,,,,,true,false,6,2020-04-01,2020-09-30,0
2020-10-30,79470,2020-03-31,2,92901000000,0.037,,,,,7094000000,0.152,7445000000,0.148,,4842000000,,58.57,,,,,,,,,,,,,,,,,,,,,,true,false,6,2019-04-01,2019-09-30,-1
2020-10-30,79470,2021-03-31,2,195000000000,0.046,,,,,17500000000,0.128,18200000000,0.118,,11690000000,,141.35,,,,,,,,,,,,,,,,,,,,,,true,true,12,2020-04-01,2021-03-31,0
2020-10-30,79470,2020-03-31,2,,,,,,,,,,,,,,,,,,,,242497000000,119301000000,0.490,1436.07,118733000000,,,,,,,,,,,,true,false,12,2019-04-01,2020-03-31,-1
2020-10-30,79470,2020-03-31,2,,,,,,,,,,,,,,,,,,,,,,,,,,,,,81.00,,,,88568424,5888810,,false,false,12,2019-04-01,2020-03-31,-1
2020-10-30,79470,2021-03-31,2,,,,,,,,,,,,,,,,,,,,,,,,,,,,,41.00,,,,,,,false,false,12,2020-04-01,2021-03-31,0
2020-10-30,79470,2021-03-31,2,,,,,,,,,,,,,,,,,,,,,,,,,,,,,21.50,,,,,,,false,true,12,2020-04-01,2021-03-31,0
2020-10-30,79470,2021-03-31,2,,,,,,,,,,,,,,,,,,,,,,,,,,,,,,,,,84568424,1868810,82688186,false,false,6,2020-04-01,2020-09-30,0
2020-10-30,79470,2020-03-31,2,,,,,,,,,,,,,,,,,,,,,,,,,,,,,,,,,,,82679766,false,false,6,2019-04-01,2019-09-30,-1
2021-01-29,79470,2021-03-31,3,151658000000,0.050,,,,,15467000000,0.207,15904000000,0.195,,10608000000,,128.29,,,,,,258915000000,127108000000,0.489,1529.51,126489000000,,,,,,,,,,,,true,false,9,2020-04-01,2020-12-31,0
2021-01-29,79470,2020-03-31,3,144378000000,0.025,,,,,12810000000,0.101,13311000000,0.101,,8786000000,,106.27,,,,,,,,,,,,,,,,,,,,,,true,false,9,2019-04-01,2019-12-31,-1
2021-01-29,79470,2021-03-31,3,196000000000,0.052,,,,,18500000000,0.193,19200000000,0.180,,12100000000,,146.32,,,,,,,,,,,,,,,,,,,,,,true,true,12,2020-04-01,2021-03-31,0
2021-01-29,79470,2020-03-31,3,,,,,,,,,,,,,,,,,,,,242497000000,119301000000,0.490,1436.07,118733000000,,,,,,,,,,,,true,false,12,2019-04-01,2020-03-31,-1
2021-01-29,79470,2020-03-31,3,,,,,,,,,,,,,,,,,,,,,,,,,,,,,81.00,,,,88568424,5888810,,false,false,12,2019-04-01,2020-03-31,-1
2021-01-29,79470,2021-03-31,3,,,,,,,,,,,,,,,,,,,,,,,,,,,,,41.00,,,,,,,false,false,12,2020-04-01,2021-03-31,0
2021-01-29,79470,2021-03-31,3,,,,,,,,,,,,,,,,,,,,,,,,,,,,,24.00,,,,,,,false,true,12,2020-04-01,2021-03-31,0
2021-01-29,79470,2021-03-31,3,,,,,,,,,,,,,,,,,,,,,,,,,,,,,,,,,84568424,1868948,82691573,false,false,9,2020-04-01,2020-12-31,0
2021-01-29,79470,2020-03-31,3,,,,,,,,,,,,,,,,,,,,,,,,,,,,,,,,,,,82679746,false,false,9,2019-04-01,2019-12-31,-1
2021-04-28,79470,2021-03-31,,196950000000,0.057,,,,,18763000000,0.210,19381000000,0.191,,12211000000,,147.80,,0.100,0.079,0.095,,247234000000,124980000000,0.503,1520.06,124349000000,31814000000,-19131000000,-15086000000,17884000000,,0.301,,,,,,true,false,12,2020-04-01,2021-03-31,0
2021-04-28,79470,2020-03-31,,186349000000,0.029,,,,,15507000000,0.112,16274000000,0.095,,10777000000,,130.36,,0.094,0.066,0.083,,242497000000,119301000000,0.490,1436.07,118733000000,27770000000,-10989000000,-15643000000,20288000000,,0.311,,,,,,true,false,12,2019-04-01,2020-03-31,-1
2021-04-28,79470,2022-03-31,,96700000000,0.053,,,,,8780000000,0.056,9100000000,0.063,,5840000000,,71.39,,,,,,,,,,,,,,,,,,,,,,true,true,6,2021-04-01,2021-09-30,1
2021-04-28,79470,2022-03-31,,195000000000,0.040,,,,,19600000000,0.045,20200000000,0.042,,12900000000,,157.69,,,,,,,,,,,,,,,,0.298,,,,,,true,true,12,2021-04-01,2022-03-31,1
2021-04-28,79470,2021-03-31,,159549000000,0.064,,,,,12451000000,0.194,13873000000,0.129,9471000000,,0.087,114.63,,,,,,223343000000,98633000000,0.442,1205.71,98633000000,,,,,24.00,,,,84568424,2762648,82624651,false,false,12,2020-04-01,2021-03-31,0
2021-04-28,79470,2020-03-31,,149995000000,0.031,,,,,10427000000,0.149,12284000000,0.058,8710000000,,0.038,105.36,,,,,,220479000000,95899000000,0.435,1159.89,95899000000,,,,,81.00,,,,88568424,5888810,82679722,false,false,12,2019-04-01,2020-03-31,-1
2021-04-28,79470,2022-03-31,,,,,,,,,,,,,,,,,,,,,,,,,,,,,,47.00,,,,,,,false,true,12,2021-04-01,2022-03-31,1
2021-07-30,79470,2022-03-31,1,47647000000,0.060,,,,,4051000000,0.113,4283000000,0.120,,2734000000,,33.43,,,,,,254547000000,125679000000,0.491,1528.39,125031000000,,,,,,,,,,,,true,false,3,2021-04-01,2021-06-30,0
2021-07-30,79470,2021-03-31,1,44966000000,,,,,,3641000000,,3824000000,,,2464000000,,29.81,,,,,,,,,,,,,,,,,,,,,,true,false,3,2020-04-01,2020-06-30,-1
2021-07-30,79470,2022-03-31,1,96700000000,0.053,,,,,8780000000,0.056,9100000000,0.063,,5840000000,,71.39,,,,,,,,,,,,,,,,,,,,,,true,true,6,2021-04-01,2021-09-30,0
2021-07-30,79470,2022-03-31,1,195000000000,0.040,,,,,19600000000,0.045,20200000000,0.042,,12900000000,,157.69,,,,,,,,,,,,,,,,,,,,,,true,true,12,2021-04-01,2022-03-31,0
2021-07-30,79470,2021-03-31,1,,,,,,,,,,,,,,,,,,,,247234000000,124980000000,0.503,1520.06,124349000000,,,,,,,,,,,,true,false,12,2020-04-01,2021-03-31,-1
2021-07-30,79470,2021-03-31,1,,,,,,,,,,,,,,,,,,,,,,,,,,,,,24.00,,,,84568424,2762648,,false,false,12,2020-04-01,2021-03-31,-1
2021-07-30,79470,2022-03-31,1,,,,,,,,,,,,,,,,,,,,,,,,,,,,,47.00,,,,,,,false,true,12,2021-04-01,2022-03-31,0
2021-07-30,79470,2022-03-31,1,,,,,,,,,,,,,,,,,,,,,,,,,,,,,,,,,84568424,2762680,81805752,false,false,3,2021-04-01,2021-06-30,0
2021-07-30,79470,2021-03-31,1,,,,,,,,,,,,,,,,,,,,,,,,,,,,,,,,,,,82679614,false,false,3,2020-04-01,2020-06-30,-1
2021-10-29,7947,2022-03-31,2,97367000000,0.060,,,,,8548000000,0.029,8907000000,0.040,,5803000000,,70.93,,,,,,261619000000,128923000000,0.490,1567.57,128279000000,,,,,,,,,,,,true,false,6,2021-04-01,2021-09-30,0
2021-10-29,7947,2021-03-31,2,91851000000,,,,,,8311000000,,8564000000,,,5653000000,,68.37,,,,,,,,,,,,,,,,,,,,,,true,false,6,2020-04-01,2020-09-30,-1
2021-10-29,7947,2022-03-31,2,195000000000,0.040,,,,,17400000000,-0.073,18000000000,-0.071,,11530000000,,140.94,,,,,,,,,,,,,,,,,,,,,,true,true,12,2021-04-01,2022-03-31,0
2021-10-29,7947,2021-03-31,2,,,,,,,,,,,,,,,,,,,,247234000000,124980000000,0.503,1520.06,124349000000,,,,,,,,,,,,true,false,12,2020-04-01,2021-03-31,-1
2021-10-29,7947,2021-03-31,2,,,,,,,,,,,,,,,,,,,,,,,,,,,,,24.00,,,,84568424,2762648,,false,false,12,2020-04-01,2021-03-31,-1
2021-10-29,7947,2022-03-31,2,,,,,,,,,,,,,,,,,,,,,,,,,,,,,21.50,,,,,,,false,false,12,2021-04-01,2022-03-31,0
2021-10-29,7947,2022-03-31,2,,,,,,,,,,,,,,,,,,,,,,,,,,,,,47.00,,,,,,,false,true,12,2021-04-01,2022-03-31,0
2021-10-29,7947,2022-03-31,2,,,,,,,,,,,,,,,,,,,,,,,,,,,,,,,,,84568424,2735080,81817577,false,false,6,2021-04-01,2021-09-30,0
2021-10-29,7947,2021-03-31,2,,,,,,,,,,,,,,,,,,,,,,,,,,,,,,,,,,,82688186,false,false,6,2020-04-01,2020-09-30,-1
2022-01-31,7947,2022-03-31,3,150879000000,0.043,,,,,13965000000,-0.097,14641000000,-0.079,,9659000000,,118.06,,,,,,273284000000,130912000000,0.476,1591.21,130214000000,,,,,,,,,,,,true,false,9,2021-04-01,2021-12-31,0
2022-01-31,7947,2021-03-31,3,144665000000,,,,,,15467000000,,15904000000,,,10608000000,,128.29,,,,,,,,,,,,,,,,,,,,,,true,false,9,2020-04-01,2020-12-31,-1
2022-01-31,7947,2022-03-31,3,195000000000,0.040,,,,,17400000000,-0.073,18000000000,-0.071,,11530000000,,140.94,,,,,,,,,,,,,,,,,,,,,,true,true,12,2021-04-01,2022-03-31,0
2022-01-31,7947,2021-03-31,3,,,,,,,,,,,,,,,,,,,,247234000000,124980000000,0.503,1520.06,124349000000,,,,,,,,,,,,true,false,12,2020-04-01,2021-03-31,-1
2022-01-31,7947,2021-03-31,3,,,,,,,,,,,,,,,,,,,,,,,,,,,,,24.00,,,,84568424,2762648,,false,false,12,2020-04-01,2021-03-31,-1
2022-01-31,7947,2022-03-31,3,,,,,,,,,,,,,,,,,,,,,,,,,,,,,21.50,,,,,,,false,false,12,2021-04-01,2022-03-31,0
2022-01-31,7947,2022-03-31,3,,,,,,,,,,,,,,,,,,,,,,,,,,,,,47.00,,,,,,,false,true,12,2021-04-01,2022-03-31,0
2022-01-31,7947,2022-03-31,3,,,,,,,,,,,,,,,,,,,,,,,,,,,,,,,,,84568424,2735080,81822307,false,false,9,2021-04-01,2021-12-31,0
2022-01-31,7947,2021-03-31,3,,,,,,,,,,,,,,,,,,,,,,,,,,,,,,,,,,,82691573,false,false,9,2020-04-01,2020-12-31,-1
2022-04-28,7947,2022-03-31,,195700000000,0.044,,,,,15884000000,-0.153,16703000000,-0.138,,11206000000,,136.96,,0.088,0.066,0.081,,262695000000,132455000000,0.502,1610.11,131760000000,23148000000,-22866000000,1578000000,19745000000,,0.343,,,,,,true,false,12,2021-04-01,2022-03-31,0
2022-04-28,7947,2021-03-31,,187509000000,,,,,,18763000000,,19381000000,,,12211000000,,147.80,,0.100,0.079,0.100,,247234000000,124980000000,0.503,1520.06,124349000000,31814000000,-19131000000,-15086000000,17884000000,,0.301,,,,,,true,false,12,2020-04-01,2021-03-31,-1
2022-04-28,7947,2023-03-31,,103410000000,0.062,,,,,5050000000,-0.409,5400000000,-0.394,,3560000000,,43.50,,,,,,,,,,,,,,,,,,,,,,true,true,6,2022-04-01,2022-09-30,1
2022-04-28,7947,2023-03-31,,212000000000,0.083,,,,,16400000000,0.032,17000000000,0.018,,11230000000,,137.23,,,,,,,,,,,,,,,,0.342,,,,,,true,true,12,2022-04-01,2023-03-31,1
2022-04-28,7947,2022-03-31,,158233000000,0.045,,,,,9906000000,-0.204,16531000000,0.192,13236000000,,0.398,161.77,,,,,,238616000000,108133000000,0.453,1321.39,108133000000,,,,,47.00,,,,84568424,2735080,81824854,false,false,12,2021-04-01,2022-03-31,0
2022-04-28,7947,2021-03-31,,151398000000,,,,,,12451000000,,13873000000,,9471000000,,,114.63,,,,,,223343000000,98633000000,0.442,1205.71,98633000000,,,,,24.00,,,,84568424,2762648,82624651,false,false,12,2020-04-01,2021-03-31,-1
2022-04-28,7947,2023-03-31,,,,,,,,,,,,,,,,,,,,,,,,,,,,,,47.00,,,,,,,false,true,12,2022-04-01,2023-03-31,1
2022-07-29,7947,2023-03-31,1,49437000000,0.038,,,,,2765000000,-0.317,2972000000,-0.306,,1947000000,,23.80,,,,,,274849000000,132220000000,0.478,1606.77,131487000000,,,,,,,,,,,,true,false,3,2022-04-01,2022-06-30,0
2022-07-29,7947,2022-03-31,1,47647000000,0.060,,,,,4051000000,0.113,4283000000,0.120,,2734000000,,33.43,,,,,,,,,,,,,,,,,,,,,,true,false,3,2021-04-01,2021-06-30,-1
2022-07-29,7947,2023-03-31,1,103410000000,0.062,,,,,5050000000,-0.409,5400000000,-0.394,,3560000000,,43.50,,,,,,,,,,,,,,,,,,,,,,true,true,6,2022-04-01,2022-09-30,0
2022-07-29,7947,2023-03-31,1,212000000000,0.083,,,,,16400000000,0.032,17000000000,0.018,,11230000000,,137.23,,,,,,,,,,,,,,,,,,,,,,true,true,12,2022-04-01,2023-03-31,0
2022-07-29,7947,2022-03-31,1,,,,,,,,,,,,,,,,,,,,262695000000,132455000000,0.502,1610.11,131760000000,,,,,,,,,,,,true,false,12,2021-04-01,2022-03-31,-1
2022-07-29,7947,2022-03-31,1,,,,,,,,,,,,,,,,,,,,,,,,,,,,,47.00,,,,84568424,2735080,,false,false,12,2021-04-01,2022-03-31,-1
2022-07-29,7947,2023-03-31,1,,,,,,,,,,,,,,,,,,,,,,,,,,,,,47.00,,,,,,,false,true,12,2022-04-01,2023-03-31,0
2022-07-29,7947,2023-03-31,1,,,,,,,,,,,,,,,,,,,,,,,,,,,,,,,,,84568424,2735382,81833136,false,false,3,2022-04-01,2022-06-30,0
2022-07-29,7947,2022-03-31,1,,,,,,,,,,,,,,,,,,,,,,,,,,,,,,,,,,,81805752,false,false,3,2021-04-01,2021-06-30,-1
2022-10-31,7947,2023-03-31,2,102562000000,0.053,,,,,6072000000,-0.290,6409000000,-0.280,,4131000000,,50.48,,,,,,300807000000,134434000000,0.445,1633.79,133722000000,,,,,,,,,,,,true,false,6,2022-04-01,2022-09-30,0
2022-10-31,7947,2022-03-31,2,97367000000,0.060,,,,,8548000000,0.029,8907000000,0.040,,5803000000,,70.93,,,,,,,,,,,,,,,,,,,,,,true,false,6,2021-04-01,2021-09-30,-1
2022-10-31,7947,2023-03-31,2,212000000000,0.083,,,,,16400000000,0.032,17000000000,0.018,,11230000000,,137.23,,,,,,,,,,,,,,,,,,,,,,true,true,12,2022-04-01,2023-03-31,0
2022-10-31,7947,2022-03-31,2,,,,,,,,,,,,,,,,,,,,262695000000,132455000000,0.502,1610.11,131760000000,,,,,,,,,,,,true,false,12,2021-04-01,2022-03-31,-1
2022-10-31,7947,2022-03-31,2,,,,,,,,,,,,,,,,,,,,,,,,,,,,,47.00,,,,84568424,2735080,,false,false,12,2021-04-01,2022-03-31,-1
2022-10-31,7947,2023-03-31,2,,,,,,,,,,,,,,,,,,,,,,,,,,,,,21.50,,,,,,,false,false,12,2022-04-01,2023-03-31,0
2022-10-31,7947,2023-03-31,2,,,,,,,,,,,,,,,,,,,,,,,,,,,,,47.00,,,,,,,false,true,12,2022-04-01,2023-03-31,0
2022-10-31,7947,2023-03-31,2,,,,,,,,,,,,,,,,,,,,,,,,,,,,,,,,,84568424,2720559,81839453,false,false,6,2022-04-01,2022-09-30,0
2022-10-31,7947,2022-03-31,2,,,,,,,,,,,,,,,,,,,,,,,,,,,,,,,,,,,81817577,false,false,6,2021-04-01,2021-09-30,-1
2023-01-31,7947,2023-03-31,3,162811000000,0.079,,,,,14173000000,0.015,14700000000,0.004,,9810000000,,119.87,,,,,,310293000000,138428000000,0.444,1682.17,137682000000,,,,,,,,,,,,true,false,9,2022-04-01,2022-12-31,0
2023-01-31,7947,2022-03-31,3,150879000000,0.043,,,,,13965000000,-0.097,14641000000,-0.079,,9659000000,,118.06,,,,,,,,,,,,,,,,,,,,,,true,false,9,2021-04-01,2021-12-31,-1
2023-01-31,7947,2023-03-31,3,212000000000,0.083,,,,,16400000000,0.032,17000000000,0.018,,11230000000,,137.23,,,,,,,,,,,,,,,,,,,,,,true,true,12,2022-04-01,2023-03-31,0
2023-01-31,7947,2022-03-31,3,,,,,,,,,,,,,,,,,,,,262695000000,132455000000,0.502,1610.11,131760000000,,,,,,,,,,,,true,false,12,2021-04-01,2022-03-31,-1
2023-01-31,7947,2022-03-31,3,,,,,,,,,,,,,,,,,,,,,,,,,,,,,47.00,,,,84568424,2735080,,false,false,12,2021-04-01,2022-03-31,-1
2023-01-31,7947,2023-03-31,3,,,,,,,,,,,,,,,,,,,,,,,,,,,,,21.50,,,,,,,false,false,12,2022-04-01,2023-03-31,0
2023-01-31,7947,2023-03-31,3,,,,,,,,,,,,,,,,,,,,,,,,,,,,,47.00,,,,,,,false,true,12,2022-04-01,2023-03-31,0
2023-01-31,7947,2023-03-31,3,,,,,,,,,,,,,,,,,,,,,,,,,,,,,,,,,84568424,2720596,81841966,false,false,9,2022-04-01,2022-12-31,0
2023-01-31,7947,2022-03-31,3,,,,,,,,,,,,,,,,,,,,,,,,,,,,,,,,,,,81822307,false,false,9,2021-04-01,2021-12-31,-1
2023-04-28,7947,2023-03-31,,211285000000,0.080,,,,,16703000000,0.052,17328000000,0.037,,11529000000,,140.87,,0.085,0.062,0.079,,298623000000,140171000000,0.467,1703.56,139432000000,20071000000,-34306000000,16745000000,22255000000,,0.334,,,,,,true,false,12,2022-04-01,2023-03-31,0
2023-04-28,7947,2022-03-31,,195700000000,0.044,,,,,15884000000,-0.153,16703000000,-0.138,,11206000000,,136.96,,0.088,0.066,0.081,,262695000000,132455000000,0.502,1610.11,131760000000,23148000000,-22866000000,1578000000,19745000000,,0.343,,,,,,true,false,12,2021-04-01,2022-03-31,-1
2023-04-28,7947,2024-03-31,,110000000000,0.073,,,,,6250000000,0.029,6600000000,0.030,,4345000000,,53.09,,,,,,,,,,,,,,,,,,,,,,true,true,6,2023-04-01,2023-09-30,1
2023-04-28,7947,2024-03-31,,221300000000,0.047,,,,,17350000000,0.039,18000000000,0.039,,11808000000,,144.27,,,,,,,,,,,,,,,,0.326,,,,,,true,true,12,2023-04-01,2024-03-31,1
2023-04-28,7947,2023-03-31,,171582000000,0.084,,,,,9454000000,-0.046,12548000000,-0.241,9543000000,,-0.279,116.60,,,,,,272921000000,113660000000,0.416,1388.68,113660000000,,,,,47.00,,,,84568424,2720596,81843319,false,false,12,2022-04-01,2023-03-31,0
2023-04-28,7947,2022-03-31,,158233000000,0.045,,,,,9906000000,-0.204,16531000000,0.192,13236000000,,0.398,161.77,,,,,,238616000000,108133000000,0.453,1321.39,108133000000,,,,,47.00,,,,84568424,2735080,81824854,false,false,12,2021-04-01,2022-03-31,-1
2023-04-28,7947,2024-03-31,,,,,,,,,,,,,,,,,,,,,,,,,,,,,,47.00,,,,,,,false,true,12,2023-04-01,2024-03-31,1
2023-07-31,7947,2024-03-31,1,53233000000,0.077,,,,,2980000000,0.078,3241000000,0.091,,2244000000,,27.43,,,,,,290778000000,140322000000,0.480,1705.67,139605000000,,,,,,,,,,,,true,false,3,2023-04-01,2023-06-30,0
2023-07-31,7947,2023-03-31,1,49437000000,0.038,,,,,2765000000,-0.317,2972000000,-0.306,,1947000000,,23.80,,,,,,,,,,,,,,,,,,,,,,true,false,3,2022-04-01,2022-06-30,-1
2023-07-31,7947,2024-03-31,1,110000000000,0.073,,,,,6250000000,0.029,6600000000,0.030,,4345000000,,53.09,,,,,,,,,,,,,,,,,,,,,,true,true,6,2023-04-01,2023-09-30,0
2023-07-31,7947,2024-03-31,1,221300000000,0.047,,,,,17350000000,0.039,18000000000,0.039,,11808000000,,144.27,,,,,,,,,,,,,,,,,,,,,,true,true,12,2023-04-01,2024-03-31,0
2023-07-31,7947,2023-03-31,1,,,,,,,,,,,,,,,,,,,,298623000000,140171000000,0.467,1703.56,139432000000,,,,,,,,,,,,true,false,12,2022-04-01,2023-03-31,-1
2023-07-31,7947,2023-03-31,1,,,,,,,,,,,,,,,,,,,,,,,,,,,,,47.00,,,,84568424,2720596,,false,false,12,2022-04-01,2023-03-31,-1
2023-07-31,7947,2024-03-31,1,,,,,,,,,,,,,,,,,,,,,,,,,,,,,47.00,,,,,,,false,true,12,2023-04-01,2024-03-31,0
2023-07-31,7947,2024-03-31,1,,,,,,,,,,,,,,,,,,,,,,,,,,,,,,,,,84568424,2720596,81847828,false,false,3,2023-04-01,2023-06-30,0
2023-07-31,7947,2023-03-31,1,,,,,,,,,,,,,,,,,,,,,,,,,,,,,,,,,,,81833136,false,false,3,2022-04-01,2022-06-30,-1
2023-10-30,7947,2024-03-31,2,108726000000,0.060,,,,,6981000000,0.150,7235000000,0.129,,5122000000,,62.58,,,,,,300027000000,143534000000,0.476,1744.78,142847000000,,,,,,,,,,,,true,false,6,2023-04-01,2023-09-30,0
2023-10-30,7947,2023-03-31,2,102562000000,0.053,,,,,6072000000,-0.290,6409000000,-0.280,,4131000000,,50.48,,,,,,,,,,,,,,,,,,,,,,true,false,6,2022-04-01,2022-09-30,-1
2023-10-30,7947,2024-03-31,2,221300000000,0.047,,,,,17350000000,0.039,18000000000,0.039,,11808000000,,144.27,,,,,,,,,,,,,,,,,,,,,,true,true,12,2023-04-01,2024-03-31,0
2023-10-30,7947,2023-03-31,2,,,,,,,,,,,,,,,,,,,,298623000000,140171000000,0.467,1703.56,139432000000,,,,,,,,,,,,true,false,12,2022-04-01,2023-03-31,-1
2023-10-30,7947,2023-03-31,2,,,,,,,,,,,,,,,,,,,,,,,,,,,,,47.00,,,,84568424,2720596,,false,false,12,2022-04-01,2023-03-31,-1
2023-10-30,7947,2024-03-31,2,,,,,,,,,,,,,,,,,,,,,,,,,,,,,21.50,,,,,,,false,false,12,2023-04-01,2024-03-31,0
2023-10-30,7947,2024-03-31,2,,,,,,,,,,,,,,,,,,,,,,,,,,,,,47.00,,,,,,,false,true,12,2023-04-01,2024-03-31,0
2023-10-30,7947,2024-03-31,2,,,,,,,,,,,,,,,,,,,,,,,,,,,,,,,,,84568424,2696988,81857946,false,false,6,2023-04-01,2023-09-30,0
2023-10-30,7947,2023-03-31,2,,,,,,,,,,,,,,,,,,,,,,,,,,,,,,,,,,,81839453,false,false,6,2022-04-01,2022-09-30,-1
2024-01-31,7947,2024-03-31,3,170760000000,0.049,,,,,13525000000,-0.046,13882000000,-0.056,,9646000000,,117.84,,,,,,305906000000,146485000000,0.477,1780.67,145785000000,,,,,,,,,,,,true,false,9,2023-04-01,2023-12-31,0
2024-01-31,7947,2023-03-31,3,162811000000,0.079,,,,,14173000000,0.015,14700000000,0.004,,9810000000,,119.87,,,,,,,,,,,,,,,,,,,,,,true,false,9,2022-04-01,2022-12-31,-1
2024-01-31,7947,2024-03-31,3,221300000000,0.047,,,,,17350000000,0.039,18000000000,0.039,,11808000000,,144.27,,,,,,,,,,,,,,,,,,,,,,true,true,12,2023-04-01,2024-03-31,0
2024-01-31,7947,2023-03-31,3,,,,,,,,,,,,,,,,,,,,298623000000,140171000000,0.467,1703.56,139432000000,,,,,,,,,,,,true,false,12,2022-04-01,2023-03-31,-1
2024-01-31,7947,2023-03-31,3,,,,,,,,,,,,,,,,,,,,,,,,,,,,,47.00,,,,84568424,2720596,,false,false,12,2022-04-01,2023-03-31,-1
2024-01-31,7947,2024-03-31,3,,,,,,,,,,,,,,,,,,,,,,,,,,,,,21.50,,,,,,,false,false,12,2023-04-01,2024-03-31,0
2024-01-31,7947,2024-03-31,3,,,,,,,,,,,,,,,,,,,,,,,,,,,,,57.00,,,,,,,false,true,12,2023-04-01,2024-03-31,0
2024-01-31,7947,2024-03-31,3,,,,,,,,,,,,,,,,,,,,,,,,,,,,,,,,,84568424,2697023,81861982,false,false,9,2023-04-01,2023-12-31,0
2024-01-31,7947,2023-03-31,3,,,,,,,,,,,,,,,,,,,,,,,,,,,,,,,,,,,81841966,false,false,9,2022-04-01,2022-12-31,-1
2024-04-30,7947,2024-03-31,,222100000000,0.051,,,,,16429000000,-0.016,16780000000,-0.032,,11724000000,,143.50,,0.082,0.056,0.074,,298580000000,145844000000,0.486,1795.71,145132000000,29176000000,-10711000000,-17013000000,23707000000,,0.397,,,,,,true,false,12,2023-04-01,2024-03-31,0
2024-04-30,7947,2023-03-31,,211285000000,0.080,,,,,16703000000,0.052,17328000000,0.037,,11529000000,,140.87,,0.085,0.062,0.079,,298623000000,140171000000,0.467,1703.56,139432000000,20071000000,-34306000000,16745000000,22255000000,,0.334,,,,,,true,false,12,2022-04-01,2023-03-31,-1
2024-04-30,7947,2025-03-31,,116000000000,0.067,,,,,6400000000,-0.083,6500000000,-0.102,,4361000000,,53.96,,,,,,,,,,,,,,,,,,,,,,true,true,6,2024-04-01,2024-09-30,1
2024-04-30,7947,2025-03-31,,236000000000,0.063,,,,,17800000000,0.083,18000000000,0.073,,12122000000,,149.98,,,,,,,,,,,,,,,,0.380,,,,,,true,true,12,2024-04-01,2025-03-31,1
2024-04-30,7947,2024-03-31,,176292000000,0.027,,,,,9464000000,0.001,11207000000,-0.107,8160000000,,-0.145,99.87,,,,,,270851000000,115478000000,0.426,1428.80,115478000000,,,,,57.00,,,,84568424,3746423,81702710,false,false,12,2023-04-01,2024-03-31,0
2024-04-30,7947,2023-03-31,,171582000000,0.084,,,,,9454000000,-0.046,12548000000,-0.241,9543000000,,-0.279,116.60,,,,,,272921000000,113660000000,0.416,1388.68,113660000000,,,,,47.00,,,,84568424,2720596,81843319,false,false,12,2022-04-01,2023-03-31,-1
2024-04-30,7947,2025-03-31,,,,,,,,,,,,,,,,,,,,,,,,,,,,,,57.00,,,,,,,false,true,12,2024-04-01,2025-03-31,1
2024-07-31,7947,2025-03-31,1,55131000000,0.036,,,,,2190000000,-0.265,2244000000,-0.308,,1452000000,,17.97,,,,,,295368000000,144839000000,0.488,1783.07,144111000000,,,,,,,,,,,,true,false,3,2024-04-01,2024-06-30,0
2024-07-31,7947,2024-03-31,1,53233000000,0.077,,,,,2980000000,0.078,3241000000,0.091,,2244000000,,27.43,,,,,,,,,,,,,,,,,,,,,,true,false,3,2023-04-01,2023-06-30,-1
2024-07-31,7947,2025-03-31,1,116000000000,0.067,,,,,6400000000,-0.083,6500000000,-0.102,,4361000000,,53.96,,,,,,,,,,,,,,,,,,,,,,true,true,6,2024-04-01,2024-09-30,0
2024-07-31,7947,2025-03-31,1,236000000000,0.063,,,,,17800000000,0.083,18000000000,0.073,,12122000000,,149.98,,,,,,,,,,,,,,,,,,,,,,true,true,12,2024-04-01,2025-03-31,0
2024-07-31,7947,2024-03-31,1,,,,,,,,,,,,,,,,,,,,298580000000,145844000000,0.486,1795.71,145132000000,,,,,,,,,,,,true,false,12,2023-04-01,2024-03-31,-1
2024-07-31,7947,2024-03-31,1,,,,,,,,,,,,,,,,,,,,,,,,,,,,,57.00,,,,84568424,3746423,,false,false,12,2023-04-01,2024-03-31,-1
2024-07-31,7947,2025-03-31,1,,,,,,,,,,,,,,,,,,,,,,,,,,,,,57.00,,,,,,,false,true,12,2024-04-01,2025-03-31,0
2024-07-31,7947,2025-03-31,1,,,,,,,,,,,,,,,,,,,,,,,,,,,,,,,,,84568424,3746423,80822001,false,false,3,2024-04-01,2024-06-30,0
2024-07-31,7947,2024-03-31,1,,,,,,,,,,,,,,,,,,,,,,,,,,,,,,,,,,,81847828,false,false,3,2023-04-01,2023-06-30,-1
2024-10-31,7947,2025-03-31,2,114892000000,0.057,,,,,6472000000,-0.073,6520000000,-0.099,,4337000000,,53.66,,,,,,290686000000,147666000000,0.506,1817.56,146950000000,,,,,,,,,,,,true,false,6,2024-04-01,2024-09-30,0
2024-10-31,7947,2024-03-31,2,108726000000,0.060,,,,,6981000000,0.150,7235000000,0.129,,5122000000,,62.58,,,,,,,,,,,,,,,,,,,,,,true,false,6,2023-04-01,2023-09-30,-1
2024-10-31,7947,2025-03-31,2,236000000000,0.063,,,,,17800000000,0.083,18000000000,0.073,,12122000000,,149.98,,,,,,,,,,,,,,,,,,,,,,true,true,12,2024-04-01,2025-03-31,0
2024-10-31,7947,2024-03-31,2,,,,,,,,,,,,,,,,,,,,298580000000,145844000000,0.486,1795.71,145132000000,,,,,,,,,,,,true,false,12,2023-04-01,2024-03-31,-1
2024-10-31,7947,2024-03-31,2,,,,,,,,,,,,,,,,,,,,,,,,,,,,,57.00,,,,84568424,3746423,,false,false,12,2023-04-01,2024-03-31,-1
2024-10-31,7947,2025-03-31,2,,,,,,,,,,,,,,,,,,,,,,,,,,,,,21.50,,,,,,,false,false,12,2024-04-01,2025-03-31,0
2024-10-31,7947,2025-03-31,2,,,,,,,,,,,,,,,,,,,,,,,,,,,,,57.00,,,,,,,false,true,12,2024-04-01,2025-03-31,0
2024-10-31,7947,2025-03-31,2,,,,,,,,,,,,,,,,,,,,,,,,,,,,,,,,,84568424,3717694,80834313,false,false,6,2024-04-01,2024-09-30,0
2024-10-31,7947,2024-03-31,2,,,,,,,,,,,,,,,,,,,,,,,,,,,,,,,,,,,81857946,false,false,6,2023-04-01,2023-09-30,-1
2025-01-31,7947,2025-03-31,3,181606000000,0.064,,,,,14912000000,0.103,14990000000,0.080,,10099000000,,124.93,,,,,,302930000000,152066000000,0.500,1871.76,151333000000,,,,,,,,,,,,true,false,9,2024-04-01,2024-12-31,0
2025-01-31,7947,2024-03-31,3,170760000000,0.049,,,,,13524000000,-0.046,13881000000,-0.056,,9654000000,,117.93,,,,,,,,,,,,,,,,,,,,,,true,false,9,2023-04-01,2023-12-31,-1
2025-01-31,7947,2025-03-31,3,236000000000,0.063,,,,,17800000000,0.083,18000000000,0.073,,12122000000,,149.98,,,,,,,,,,,,,,,,,,,,,,true,true,12,2024-04-01,2025-03-31,0
2025-01-31,7947,2024-03-31,3,,,,,,,,,,,,,,,,,,,,298580000000,145844000000,0.486,1795.71,145132000000,,,,,,,,,,,,true,false,12,2023-04-01,2024-03-31,-1
2025-01-31,7947,2024-03-31,3,,,,,,,,,,,,,,,,,,,,,,,,,,,,,57.00,,,,84568424,3746423,,false,false,12,2023-04-01,2024-03-31,-1
2025-01-31,7947,2025-03-31,3,,,,,,,,,,,,,,,,,,,,,,,,,,,,,21.50,,,,,,,false,false,12,2024-04-01,2025-03-31,0
2025-01-31,7947,2025-03-31,3,,,,,,,,,,,,,,,,,,,,,,,,,,,,,57.00,,,,,,,false,true,12,2024-04-01,2025-03-31,0
2025-01-31,7947,2025-03-31,3,,,,,,,,,,,,,,,,,,,,,,,,,,,,,,,,,84568424,3717694,80839238,false,false,9,2024-04-01,2024-12-31,0
2025-01-31,7947,2024-03-31,3,,,,,,,,,,,,,,,,,,,,,,,,,,,,,,,,,,,81861982,false,false,9,2023-04-01,2023-12-31,-1
2025-04-30,7947,2025-03-31,,235628000000,0.061,,,,,18471000000,0.124,18451000000,0.100,,12486000000,,154.46,,0.084,0.062,0.078,,292226000000,154114000000,0.525,1897.68,153428000000,27919000000,-14929000000,-18070000000,19020000000,,0.398,,,,,,true,false,12,2024-04-01,2025-03-31,0
2025-04-30,7947,2024-03-31,,222100000000,0.051,,,,,16429000000,-0.016,16780000000,-0.032,,11724000000,,143.50,,0.082,0.056,0.074,,298580000000,145844000000,0.486,1795.71,145132000000,29176000000,-10711000000,-17013000000,23707000000,,0.397,,,,,,true,false,12,2023-04-01,2024-03-31,-1
2025-04-30,7947,2026-03-31,,121000000000,0.053,,,,,7630000000,0.179,7600000000,0.166,,5010000000,,61.97,,,,,,,,,,,,,,,,,,,,,,true,true,6,2025-04-01,2025-09-30,1
2025-04-30,7947,2026-03-31,,245300000000,0.041,,,,,19790000000,0.071,19600000000,0.062,,13170000000,,162.89,,,,,,,,,,,,,,,,0.378,,,,,,true,true,12,2025-04-01,2026-03-31,1
2025-04-30,7947,2025-03-31,,186749000000,0.059,,,,,11648000000,0.231,13488000000,0.204,9843000000,,0.206,121.77,,,,,,267459000000,120311000000,0.450,1488.07,120311000000,,,,,61.50,,,,84568424,3717694,80841890,false,false,12,2024-04-01,2025-03-31,0
2025-04-30,7947,2024-03-31,,176292000000,0.027,,,,,9464000000,0.001,11207000000,-0.107,8160000000,,-0.145,99.87,,,,,,270851000000,115478000000,0.426,1428.80,115478000000,,,,,57.00,,,,84568424,3746423,81702710,false,false,12,2023-04-01,2024-03-31,-1
2025-04-30,7947,2026-03-31,,,,,,,,,,,,,,,,,,,,,,,,,,,,,,61.50,,,,,,,false,true,12,2025-04-01,2026-03-31,1
