filing_date,code,fiscal_year_end,quarterly_period,net_sales,net_sales_change,revenue,revenue_change,operating_revenue,operating_revenue_change,operating_profit,operating_profit_change,ordinary_profit,ordinary_profit_change,net_income,net_income_of_parent,net_income_change,eps,diluted_eps,roe,roa,operating_profit_to_net_sales,operating_profit_to_revenue,total_assets,net_assets,equity_ratio,bps,owner_equity,operating_cash_flow,investing_cash_flow,financing_cash_flow,cash,dividend_per_share,payout_ratio,commemorative_dividend,extra_dividend,number_of_shares,number_of_treqsury_shares,avg_number_of_shares,is_consolidated,is_forecast,duration,period_start,period_end,period_pos
2015-05-13,79880,2015-03-31,,225415000000,0.217,,,,,20975000000,0.334,20626000000,0.212,12901000000,,0.320,244.04,,0.112,0.085,0.093,,265752000000,128307000000,0.471,2367.40,125227000000,22798000000,-22974000000,9820000000,51904000000,,0.328,,,,,,true,false,12,2014-04-01,2015-03-31,0
2015-05-13,79880,2014-03-31,,185167000000,0.323,,,,,15718000000,0.490,17022000000,0.555,9771000000,,0.827,185.07,,0.101,0.086,0.085,,218427000000,107783000000,0.482,1993.72,105344000000,20037000000,-19001000000,3462000000,40022000000,,0.324,,,,,,true,false,12,2013-04-01,2014-03-31,-1
2015-05-13,79880,2016-03-31,,115000000000,0.080,,,,,11500000000,0.077,10000000000,-0.038,,6800000000,,132.42,,,,,,,,,,,,,,,,,,,,,,true,true,6,2015-04-01,2015-09-30,1
2015-05-13,79880,2016-03-31,,240000000000,0.065,,,,,24000000000,0.144,23500000000,0.139,,14500000000,,283.01,,,,,,,,,,,,,,,,0.318,,,,,,true,true,12,2015-04-01,2016-03-31,1
2015-05-13,79880,2014-03-31,,,,,,,,,,,,,,,,,,,,,,,,,,,,,,60.00,,,,53754477,916212,52797285,false,false,12,2013-04-01,2014-03-31,-1
2015-05-13,79880,2015-03-31,,,,,,,,,,,,,,,,,,,,,,,,,,,,,,80.00,,,,53754477,857928,52869283,false,false,12,2014-04-01,2015-03-31,0
2015-05-13,79880,2016-03-31,,,,,,,,,,,,,,,,,,,,,,,,,,,,,,90.00,,,,,,,false,true,12,2015-04-01,2016-03-31,1
2015-07-30,79880,2016-03-31,1,64193000000,0.235,,,,,7225000000,0.347,7340000000,0.458,,4621000000,,89.55,85.42,,,,,279350000000,120390000000,0.419,2292.24,117136000000,,,,,,,,,,,,true,false,3,2015-04-01,2015-06-30,0
2015-07-30,79880,2015-03-31,1,51991000000,0.264,,,,,5363000000,0.664,5035000000,0.297,,2817000000,,53.32,,,,,,,,,,,,,,,,,,,,,,true,false,3,2014-04-01,2014-06-30,-1
2015-07-30,79880,2016-03-31,1,115000000000,0.080,,,,,11500000000,0.077,10000000000,-0.038,,6800000000,,132.42,,,,,,,,,,,,,,,,,,,,,,true,true,6,2015-04-01,2015-09-30,0
2015-07-30,79880,2016-03-31,1,240000000000,0.065,,,,,24000000000,0.144,23500000000,0.139,,14500000000,,283.01,,,,,,,,,,,,,,,,,,,,,,true,true,12,2015-04-01,2016-03-31,0
2015-07-30,79880,2015-03-31,1,,,,,,,,,,,,,,,,,,,,265752000000,128307000000,0.471,2367.40,125227000000,,,,,,,,,,,,true,false,12,2014-04-01,2015-03-31,-1
2015-07-30,79880,2015-03-31,1,,,,,,,,,,,,,,,,,,,,,,,,,,,,,80.00,,,,53754477,857928,,false,false,12,2014-04-01,2015-03-31,-1
2015-07-30,79880,2016-03-31,1,,,,,,,,,,,,,,,,,,,,,,,,,,,,,90.00,,,,,,,false,true,12,2015-04-01,2016-03-31,0
2015-07-30,79880,2016-03-31,1,,,,,,,,,,,,,,,,,,,,,,,,,,,,,,,,,53754477,2653027,51608210,false,false,3,2015-04-01,2015-06-30,0
2015-07-30,79880,2015-03-31,1,,,,,,,,,,,,,,,,,,,,,,,,,,,,,,,,,,,52843502,false,false,3,2014-04-01,2014-06-30,-1
2015-10-30,79880,2016-03-31,2,129712000000,0.218,,,,,14192000000,0.329,13853000000,0.333,,8972000000,,174.58,164.70,,,,,280926000000,126247000000,0.438,2406.57,123012000000,,,,,,,,,,,,true,false,6,2015-04-01,2015-09-30,0
2015-10-30,79880,2015-03-31,2,106475000000,0.226,,,,,10680000000,0.493,10392000000,0.328,,7053000000,,133.45,,,,,,,,,,,,,,,,,,,,,,true,false,6,2014-04-01,2014-09-30,-1
2015-10-30,79880,2016-03-31,2,250000000000,0.109,,,,,25500000000,0.216,25000000000,0.212,,15800000000,,308.19,,,,,,,,,,,,,,,,,,,,,,true,true,12,2015-04-01,2016-03-31,0
2015-10-30,79880,2015-03-31,2,,,,,,,,,,,,,,,,,,,,265752000000,128307000000,0.471,2367.40,125227000000,,,,,,,,,,,,true,false,12,2014-04-01,2015-03-31,-1
2015-10-30,79880,2015-03-31,2,,,,,,,,,,,,,,,,,,,,,,,,,,,,,80.00,,,,53754477,857928,,false,false,12,2014-04-01,2015-03-31,-1
2015-10-30,79880,2016-03-31,2,,,,,,,,,,,,,,,,,,,,,,,,,,,,,45.00,,,,,,,false,false,12,2015-04-01,2016-03-31,0
2015-10-30,79880,2016-03-31,2,,,,,,,,,,,,,,,,,,,,,,,,,,,,,100.00,,,,,,,false,true,12,2015-04-01,2016-03-31,0
2015-10-30,79880,2016-03-31,2,,,,,,,,,,,,,,,,,,,,,,,,,,,,,,,,,53754477,2639055,51396061,false,false,6,2015-04-01,2015-09-30,0
2015-10-30,79880,2015-03-31,2,,,,,,,,,,,,,,,,,,,,,,,,,,,,,,,,,,,52853980,false,false,6,2014-04-01,2014-09-30,-1
2016-01-29,79880,2016-03-31,3,195516000000,0.202,,,,,21225000000,0.341,21105000000,0.320,,14207000000,,276.87,260.26,,,,,278375000000,124749000000,0.437,2377.81,121572000000,,,,,,,,,,,,true,false,9,2015-04-01,2015-12-31,0
2016-01-29,79880,2015-03-31,3,162632000000,0.218,,,,,15829000000,0.329,15985000000,0.219,,9547000000,,180.62,,,,,,,,,,,,,,,,,,,,,,true,false,9,2014-04-01,2014-12-31,-1
2016-01-29,79880,2016-03-31,3,250000000000,0.109,,,,,25500000000,0.216,25000000000,0.212,,15800000000,,308.19,,,,,,,,,,,,,,,,,,,,,,true,true,12,2015-04-01,2016-03-31,0
2016-01-29,79880,2015-03-31,3,,,,,,,,,,,,,,,,,,,,265752000000,128307000000,0.471,2367.40,125227000000,,,,,,,,,,,,true,false,12,2014-04-01,2015-03-31,-1
2016-01-29,79880,2015-03-31,3,,,,,,,,,,,,,,,,,,,,,,,,,,,,,80.00,,,,53754477,857928,,false,false,12,2014-04-01,2015-03-31,-1
2016-01-29,79880,2016-03-31,3,,,,,,,,,,,,,,,,,,,,,,,,,,,,,45.00,,,,,,,false,false,12,2015-04-01,2016-03-31,0
2016-01-29,79880,2016-03-31,3,,,,,,,,,,,,,,,,,,,,,,,,,,,,,100.00,,,,,,,false,true,12,2015-04-01,2016-03-31,0
2016-01-29,79880,2016-03-31,3,,,,,,,,,,,,,,,,,,,,,,,,,,,,,,,,,53754477,2626403,51313693,false,false,9,2015-04-01,2015-12-31,0
2016-01-29,79880,2015-03-31,3,,,,,,,,,,,,,,,,,,,,,,,,,,,,,,,,,,,52861810,false,false,9,2014-04-01,2014-12-31,-1
2016-05-12,79880,2016-03-31,,265683000000,0.179,,,,,27574000000,0.315,26374000000,0.279,,17742000000,,346.49,325.08,0.144,0.097,0.104,,278870000000,124365000000,0.435,2391.26,121244000000,33845000000,-32499000000,2106000000,53510000000,,0.303,,,,,,true,false,12,2015-04-01,2016-03-31,0
2016-05-12,79880,2015-03-31,,225415000000,0.217,,,,,20975000000,0.334,20626000000,0.212,,12901000000,,244.04,,0.112,0.085,0.093,,265752000000,128307000000,0.471,2367.40,125227000000,22798000000,-22974000000,9820000000,51904000000,,0.328,,,,,,true,false,12,2014-04-01,2015-03-31,-1
2016-05-12,79880,2017-03-31,,250000000000,-0.059,,,,,27600000000,0.001,26500000000,0.005,,16500000000,,325.42,,,,,,,,,,,,,,,,0.323,,,,,,true,true,12,2016-04-01,2017-03-31,1
2016-05-12,79880,2015-03-31,,,,,,,,,,,,,,,,,,,,,,,,,,,,,,80.00,,,,53754477,857928,52869283,false,false,12,2014-04-01,2015-03-31,-1
2016-05-12,79880,2016-03-31,,,,,,,,,,,,,,,,,,,,,,,,,,,,,,105.00,,,,53754477,3051130,51205516,false,false,12,2015-04-01,2016-03-31,0
2016-05-12,79880,2017-03-31,,,,,,,,,,,,,,,,,,,,,,,,,,,,,,105.00,,,,,,,false,true,12,2016-04-01,2017-03-31,1
2016-07-29,79880,2017-03-31,1,62973000000,-0.019,,,,,7554000000,0.046,6146000000,-0.163,,3251000000,,64.12,59.78,,,,,267556000000,119690000000,0.436,2298.99,116578000000,,,,,,,,,,,,true,false,3,2016-04-01,2016-06-30,0
2016-07-29,79880,2016-03-31,1,64193000000,0.235,,,,,7225000000,0.347,7340000000,0.458,,4621000000,,89.55,85.42,,,,,,,,,,,,,,,,,,,,,true,false,3,2015-04-01,2015-06-30,-1
2016-07-29,79880,2017-03-31,1,250000000000,-0.059,,,,,27600000000,0.001,26500000000,0.005,,16500000000,,325.42,,,,,,,,,,,,,,,,,,,,,,true,true,12,2016-04-01,2017-03-31,0
2016-07-29,79880,2016-03-31,1,,,,,,,,,,,,,,,,,,,,278870000000,124365000000,0.435,2391.26,121244000000,,,,,,,,,,,,true,false,12,2015-04-01,2016-03-31,-1
2016-07-29,79880,2016-03-31,1,,,,,,,,,,,,,,,,,,,,,,,,,,,,,105.00,,,,53754477,3051130,,false,false,12,2015-04-01,2016-03-31,-1
2016-07-29,79880,2017-03-31,1,,,,,,,,,,,,,,,,,,,,,,,,,,,,,105.00,,,,,,,false,true,12,2016-04-01,2017-03-31,0
2016-07-29,79880,2017-03-31,1,,,,,,,,,,,,,,,,,,,,,,,,,,,,,,,,,53754477,3045950,50705962,false,false,3,2016-04-01,2016-06-30,0
2016-07-29,79880,2016-03-31,1,,,,,,,,,,,,,,,,,,,,,,,,,,,,,,,,,,,51608210,false,false,3,2015-04-01,2015-06-30,-1
2016-10-28,79880,2017-03-31,2,129447000000,-0.002,,,,,16131000000,0.137,14266000000,0.030,,9567000000,,188.67,175.96,,,,,260042000000,115637000000,0.434,2224.38,112823000000,,,,,,,,,,,,true,false,6,2016-04-01,2016-09-30,0
2016-10-28,79880,2016-03-31,2,129712000000,0.218,,,,,14192000000,0.329,13853000000,0.333,,8972000000,,174.58,164.70,,,,,,,,,,,,,,,,,,,,,true,false,6,2015-04-01,2015-09-30,-1
2016-10-28,79880,2017-03-31,2,250000000000,-0.059,,,,,28000000000,0.015,26000000000,-0.014,,17000000000,,335.20,,,,,,,,,,,,,,,,,,,,,,true,true,12,2016-04-01,2017-03-31,0
2016-10-28,79880,2016-03-31,2,,,,,,,,,,,,,,,,,,,,278870000000,124365000000,0.435,2391.26,121244000000,,,,,,,,,,,,true,false,12,2015-04-01,2016-03-31,-1
2016-10-28,79880,2016-03-31,2,,,,,,,,,,,,,,,,,,,,,,,,,,,,,105.00,,,,53754477,3051130,,false,false,12,2015-04-01,2016-03-31,-1
2016-10-28,79880,2017-03-31,2,,,,,,,,,,,,,,,,,,,,,,,,,,,,,50.00,,,,,,,false,false,12,2016-04-01,2017-03-31,0
2016-10-28,79880,2017-03-31,2,,,,,,,,,,,,,,,,,,,,,,,,,,,,,105.00,,,,,,,false,true,12,2016-04-01,2017-03-31,0
2016-10-28,79880,2017-03-31,2,,,,,,,,,,,,,,,,,,,,,,,,,,,,,,,,,53754477,3032965,50711917,false,false,6,2016-04-01,2016-09-30,0
2016-10-28,79880,2016-03-31,2,,,,,,,,,,,,,,,,,,,,,,,,,,,,,,,,,,,51396061,false,false,6,2015-04-01,2015-09-30,-1
2017-02-03,79880,2017-03-31,3,189295000000,-0.032,,,,,22944000000,0.081,22185000000,0.051,,15460000000,,304.84,284.29,,,,,263705000000,118408000000,0.438,2274.53,115394000000,,,,,,,,,,,,true,false,9,2016-04-01,2016-12-31,0
2017-02-03,79880,2016-03-31,3,195516000000,0.202,,,,,21225000000,0.341,21105000000,0.320,,14207000000,,276.87,260.26,,,,,,,,,,,,,,,,,,,,,true,false,9,2015-04-01,2015-12-31,-1
2017-02-03,79880,2017-03-31,3,257000000000,-0.033,,,,,29000000000,0.052,27800000000,0.054,,18200000000,,358.83,,,,,,,,,,,,,,,,,,,,,,true,true,12,2016-04-01,2017-03-31,0
2017-02-03,79880,2016-03-31,3,,,,,,,,,,,,,,,,,,,,278870000000,124365000000,0.435,2391.26,121244000000,,,,,,,,,,,,true,false,12,2015-04-01,2016-03-31,-1
2017-02-03,79880,2016-03-31,3,,,,,,,,,,,,,,,,,,,,,,,,,,,,,105.00,,,,53754477,3051130,,false,false,12,2015-04-01,2016-03-31,-1
2017-02-03,79880,2017-03-31,3,,,,,,,,,,,,,,,,,,,,,,,,,,,,,50.00,,,,,,,false,false,12,2016-04-01,2017-03-31,0
2017-02-03,79880,2017-03-31,3,,,,,,,,,,,,,,,,,,,,,,,,,,,,,113.00,,,,,,,false,true,12,2016-04-01,2017-03-31,0
2017-02-03,79880,2017-03-31,3,,,,,,,,,,,,,,,,,,,,,,,,,,,,,,,,,53754477,3021295,50716466,false,false,9,2016-04-01,2016-12-31,0
2017-02-03,79880,2016-03-31,3,,,,,,,,,,,,,,,,,,,,,,,,,,,,,,,,,,,51313693,false,false,9,2015-04-01,2015-12-31,-1
2017-05-12,79880,2017-03-31,,259439000000,-0.024,,,,,29813000000,0.081,28431000000,0.078,,20364000000,,401.41,374.36,0.162,0.100,0.115,,291120000000,133532000000,0.449,2567.44,130637000000,36720000000,800000000,-8532000000,79937000000,,0.299,,,,,,true,false,12,2016-04-01,2017-03-31,0
2017-05-12,79880,2016-03-31,,265683000000,0.179,,,,,27574000000,0.315,26374000000,0.279,,17742000000,,346.49,325.08,0.144,0.097,0.104,,278870000000,124365000000,0.435,2391.26,121244000000,33845000000,-32499000000,2106000000,53510000000,,0.303,,,,,,true,false,12,2015-04-01,2016-03-31,-1
2017-05-12,79880,2018-03-31,,262000000000,0.010,,,,,30500000000,0.023,29000000000,0.020,,20800000000,,408.79,,,,,,,,,,,,,,,,0.294,,,,,,true,true,12,2017-04-01,2018-03-31,1
2017-05-12,79880,2016-03-31,,,,,,,,,,,,,,,,,,,,,,,,,,,,,,105.00,,,,53754477,3051130,51205516,false,false,12,2015-04-01,2016-03-31,-1
2017-05-12,79880,2017-03-31,,,,,,,,,,,,,,,,,,,,,,,,,,,,,,120.00,,,,53754477,2872003,50732453,false,false,12,2016-04-01,2017-03-31,0
2017-05-12,79880,2018-03-31,,,,,,,,,,,,,,,,,,,,,,,,,,,,,,120.00,,,,,,,false,true,12,2017-04-01,2018-03-31,1
2017-07-28,79880,2018-03-31,1,66868000000,0.062,,,,,7959000000,0.054,7809000000,0.271,,5183000000,,101.87,95.02,,,,,280985000000,133032000000,0.464,2562.84,130403000000,,,,,,,,,,,,true,false,3,2017-04-01,2017-06-30,0
2017-07-28,79880,2017-03-31,1,62973000000,-0.019,,,,,7554000000,0.046,6146000000,-0.163,,3251000000,,64.12,59.78,,,,,,,,,,,,,,,,,,,,,true,false,3,2016-04-01,2016-06-30,-1
2017-07-28,79880,2018-03-31,1,262000000000,0.010,,,,,30500000000,0.023,29000000000,0.020,,20800000000,,408.79,,,,,,,,,,,,,,,,,,,,,,true,true,12,2017-04-01,2018-03-31,0
2017-07-28,79880,2017-03-31,1,,,,,,,,,,,,,,,,,,,,291120000000,133532000000,0.449,2567.44,130637000000,,,,,,,,,,,,true,false,12,2016-04-01,2017-03-31,-1
2017-07-28,79880,2017-03-31,1,,,,,,,,,,,,,,,,,,,,,,,,,,,,,120.00,,,,53754477,2872003,,false,false,12,2016-04-01,2017-03-31,-1
2017-07-28,79880,2018-03-31,1,,,,,,,,,,,,,,,,,,,,,,,,,,,,,120.00,,,,,,,false,true,12,2017-04-01,2018-03-31,0
2017-07-28,79880,2018-03-31,1,,,,,,,,,,,,,,,,,,,,,,,,,,,,,,,,,53754477,2872033,50882459,false,false,3,2017-04-01,2017-06-30,0
2017-07-28,79880,2017-03-31,1,,,,,,,,,,,,,,,,,,,,,,,,,,,,,,,,,,,50705962,false,false,3,2016-04-01,2016-06-30,-1
2017-07-28,79880,2018-03-31,1,66868000000,0.062,,,,,7959000000,0.054,7809000000,0.271,,5183000000,,101.87,95.02,,,,,280985000000,133032000000,0.464,2562.84,130403000000,,,,,,,,,,,,true,false,3,2017-04-01,2017-06-30,0
2017-07-28,79880,2017-03-31,1,62973000000,-0.019,,,,,7554000000,0.046,6146000000,-0.163,,3251000000,,64.12,59.78,,,,,,,,,,,,,,,,,,,,,true,false,3,2016-04-01,2016-06-30,-1
2017-07-28,79880,2018-03-31,1,262000000000,0.010,,,,,30500000000,0.023,29000000000,0.020,,20800000000,,408.79,,,,,,,,,,,,,,,,,,,,,,true,true,12,2017-04-01,2018-03-31,0
2017-07-28,79880,2017-03-31,1,,,,,,,,,,,,,,,,,,,,291120000000,133532000000,0.449,2567.44,130637000000,,,,,,,,,,,,true,false,12,2016-04-01,2017-03-31,-1
2017-07-28,79880,2017-03-31,1,,,,,,,,,,,,,,,,,,,,,,,,,,,,,120.00,,,,53754477,2872003,,false,false,12,2016-04-01,2017-03-31,-1
2017-07-28,79880,2018-03-31,1,,,,,,,,,,,,,,,,,,,,,,,,,,,,,120.00,,,,,,,false,true,12,2017-04-01,2018-03-31,0
2017-07-28,79880,2018-03-31,1,,,,,,,,,,,,,,,,,,,,,,,,,,,,,,,,,53754477,2872033,50882459,false,false,3,2017-04-01,2017-06-30,0
2017-07-28,79880,2017-03-31,1,,,,,,,,,,,,,,,,,,,,,,,,,,,,,,,,,,,50705962,false,false,3,2016-04-01,2016-06-30,-1
2017-10-27,79880,2018-03-31,2,131413000000,0.015,,,,,15185000000,-0.059,15302000000,0.073,,10690000000,,210.10,195.96,,,,,280938000000,140382000000,0.490,2705.67,137671000000,,,,,,,,,,,,true,false,6,2017-04-01,2017-09-30,0
2017-10-27,79880,2017-03-31,2,129447000000,-0.002,,,,,16131000000,0.137,14266000000,0.030,,9567000000,,188.67,175.96,,,,,,,,,,,,,,,,,,,,,true,false,6,2016-04-01,2016-09-30,-1
2017-10-27,79880,2018-03-31,2,262000000000,0.010,,,,,30500000000,0.023,29000000000,0.020,,20800000000,,408.79,,,,,,,,,,,,,,,,,,,,,,true,true,12,2017-04-01,2018-03-31,0
2017-10-27,79880,2017-03-31,2,,,,,,,,,,,,,,,,,,,,291120000000,133532000000,0.449,2567.44,130637000000,,,,,,,,,,,,true,false,12,2016-04-01,2017-03-31,-1
2017-10-27,79880,2017-03-31,2,,,,,,,,,,,,,,,,,,,,,,,,,,,,,120.00,,,,53754477,2872003,,false,false,12,2016-04-01,2017-03-31,-1
2017-10-27,79880,2018-03-31,2,,,,,,,,,,,,,,,,,,,,,,,,,,,,,60.00,,,,,,,false,false,12,2017-04-01,2018-03-31,0
2017-10-27,79880,2018-03-31,2,,,,,,,,,,,,,,,,,,,,,,,,,,,,,120.00,,,,,,,false,true,12,2017-04-01,2018-03-31,0
2017-10-27,79880,2018-03-31,2,,,,,,,,,,,,,,,,,,,,,,,,,,,,,,,,,53754477,2871981,50882463,false,false,6,2017-04-01,2017-09-30,0
2017-10-27,79880,2017-03-31,2,,,,,,,,,,,,,,,,,,,,,,,,,,,,,,,,,,,50711917,false,false,6,2016-04-01,2016-09-30,-1
2018-02-05,79880,2018-03-31,3,198777000000,0.050,,,,,23105000000,0.007,23461000000,0.058,,16185000000,,318.34,296.90,,,,,273211000000,143074000000,0.513,2768.68,140137000000,,,,,,,,,,,,true,false,9,2017-04-01,2017-12-31,0
2018-02-05,79880,2017-03-31,3,189295000000,-0.032,,,,,22944000000,0.081,22185000000,0.051,,15460000000,,304.84,284.29,,,,,,,,,,,,,,,,,,,,,true,false,9,2016-04-01,2016-12-31,-1
2018-02-05,79880,2018-03-31,3,262000000000,0.010,,,,,30500000000,0.023,29000000000,0.020,,20800000000,,409.53,,,,,,,,,,,,,,,,,,,,,,true,true,12,2017-04-01,2018-03-31,0
2018-02-05,79880,2017-03-31,3,,,,,,,,,,,,,,,,,,,,291120000000,133532000000,0.449,2567.44,130637000000,,,,,,,,,,,,true,false,12,2016-04-01,2017-03-31,-1
2018-02-05,79880,2017-03-31,3,,,,,,,,,,,,,,,,,,,,,,,,,,,,,120.00,,,,53754477,2872003,,false,false,12,2016-04-01,2017-03-31,-1
2018-02-05,79880,2018-03-31,3,,,,,,,,,,,,,,,,,,,,,,,,,,,,,60.00,,,,,,,false,false,12,2017-04-01,2018-03-31,0
2018-02-05,79880,2018-03-31,3,,,,,,,,,,,,,,,,,,,,,,,,,,,,,120.00,,,,,,,false,true,12,2017-04-01,2018-03-31,0
2018-02-05,79880,2018-03-31,3,,,,,,,,,,,,,,,,,,,,,,,,,,,,,,,,,53754477,3139365,50842726,false,false,9,2017-04-01,2017-12-31,0
2018-02-05,79880,2017-03-31,3,,,,,,,,,,,,,,,,,,,,,,,,,,,,,,,,,,,50716466,false,false,9,2016-04-01,2016-12-31,-1
2018-05-11,79880,2018-03-31,,271302000000,0.046,,,,,30900000000,0.037,30380000000,0.069,,21198000000,,208.19,194.60,0.149,0.107,0.114,,279108000000,157361000000,0.554,1484.19,154607000000,28042000000,-17425000000,-31112000000,60663000000,,0.298,,,,,,true,false,12,2017-04-01,2018-03-31,0
2018-05-11,79880,2017-03-31,,259439000000,-0.024,,,,,29813000000,0.081,28431000000,0.078,,20364000000,,200.71,187.18,0.162,0.100,0.115,,291120000000,133532000000,0.449,1283.72,130637000000,36720000000,800000000,-8532000000,79937000000,,0.299,,,,,,true,false,12,2016-04-01,2017-03-31,-1
2018-05-11,79880,2019-03-31,,275000000000,0.014,,,,,31300000000,0.013,30600000000,0.007,,21800000000,,209.27,,,,,,,,,,,,,,,,0.296,,,,,,true,true,12,2018-04-01,2019-03-31,1
2018-05-11,79880,2017-03-31,,,,,,,,,,,,,,,,,,,,,,,,,,,,,,120.00,,,,107508954,5744006,101464906,false,false,12,2016-04-01,2017-03-31,-1
2018-05-11,79880,2018-03-31,,,,,,,,,,,,,,,,,,,,,,,,,,,,,,124.00,,,,107508954,3338967,101825241,false,false,12,2017-04-01,2018-03-31,0
2018-05-11,79880,2019-03-31,,,,,,,,,,,,,,,,,,,,,,,,,,,,,,62.00,,,,,,,false,true,12,2018-04-01,2019-03-31,1
2018-07-31,79880,2019-03-31,1,68533000000,0.025,,,,,7408000000,-0.069,7851000000,0.005,,5265000000,,50.54,50.07,,,,,284413000000,154074000000,0.533,1454.32,151500000000,,,,,,,,,,,,true,false,3,2018-04-01,2018-06-30,0
2018-07-31,79880,2018-03-31,1,66868000000,0.062,,,,,7959000000,0.054,7809000000,0.271,,5183000000,,50.94,47.51,,,,,,,,,,,,,,,,,,,,,true,false,3,2017-04-01,2017-06-30,-1
2018-07-31,79880,2019-03-31,1,275000000000,0.014,,,,,31300000000,0.013,30600000000,0.007,,21800000000,,209.27,,,,,,,,,,,,,,,,,,,,,,true,true,12,2018-04-01,2019-03-31,0
2018-07-31,79880,2018-03-31,1,,,,,,,,,,,,,,,,,,,,278547000000,157361000000,0.555,1484.19,154607000000,,,,,,,,,,,,true,false,12,2017-04-01,2018-03-31,-1
2018-07-31,79880,2018-03-31,1,,,,,,,,,,,,,,,,,,,,,,,,,,,,,124.00,,,,107508954,3338967,,false,false,12,2017-04-01,2018-03-31,-1
2018-07-31,79880,2019-03-31,1,,,,,,,,,,,,,,,,,,,,,,,,,,,,,62.00,,,,,,,false,true,12,2018-04-01,2019-03-31,0
2018-07-31,79880,2019-03-31,1,,,,,,,,,,,,,,,,,,,,,,,,,,,,,,,,,107508954,3336355,104170522,false,false,3,2018-04-01,2018-06-30,0
2018-07-31,79880,2018-03-31,1,,,,,,,,,,,,,,,,,,,,,,,,,,,,,,,,,,,101764917,false,false,3,2017-04-01,2017-06-30,-1
2018-07-31,79880,2019-03-31,1,68533000000,0.025,,,,,7408000000,-0.069,7851000000,0.005,,5265000000,,50.54,48.74,,,,,284413000000,154074000000,0.533,1454.32,151500000000,,,,,,,,,,,,true,false,3,2018-04-01,2018-06-30,0
2018-07-31,79880,2018-03-31,1,66868000000,0.062,,,,,7959000000,0.054,7809000000,0.271,,5183000000,,50.94,47.51,,,,,,,,,,,,,,,,,,,,,true,false,3,2017-04-01,2017-06-30,-1
2018-07-31,79880,2019-03-31,1,275000000000,0.014,,,,,31300000000,0.013,30600000000,0.007,,21800000000,,209.27,,,,,,,,,,,,,,,,,,,,,,true,true,12,2018-04-01,2019-03-31,0
2018-07-31,79880,2018-03-31,1,,,,,,,,,,,,,,,,,,,,278547000000,157361000000,0.555,1484.19,154607000000,,,,,,,,,,,,true,false,12,2017-04-01,2018-03-31,-1
2018-07-31,79880,2018-03-31,1,,,,,,,,,,,,,,,,,,,,,,,,,,,,,124.00,,,,107508954,3338967,,false,false,12,2017-04-01,2018-03-31,-1
2018-07-31,79880,2019-03-31,1,,,,,,,,,,,,,,,,,,,,,,,,,,,,,62.00,,,,,,,false,true,12,2018-04-01,2019-03-31,0
2018-07-31,79880,2019-03-31,1,,,,,,,,,,,,,,,,,,,,,,,,,,,,,,,,,107508954,3336355,104170522,false,false,3,2018-04-01,2018-06-30,0
2018-07-31,79880,2018-03-31,1,,,,,,,,,,,,,,,,,,,,,,,,,,,,,,,,,,,101764917,false,false,3,2017-04-01,2017-06-30,-1
2018-10-30,79880,2019-03-31,2,139484000000,0.061,,,,,14547000000,-0.042,15199000000,-0.007,,11729000000,,112.59,108.57,,,,,287734000000,160088000000,0.547,1511.48,157463000000,,,,,,,,,,,,true,false,6,2018-04-01,2018-09-30,0
2018-10-30,79880,2018-03-31,2,131413000000,0.015,,,,,15185000000,-0.059,15302000000,0.073,,10690000000,,105.05,97.98,,,,,,,,,,,,,,,,,,,,,true,false,6,2017-04-01,2017-09-30,-1
2018-10-30,79880,2019-03-31,2,275000000000,0.014,,,,,31300000000,0.013,30600000000,0.007,,21800000000,,209.27,,,,,,,,,,,,,,,,,,,,,,true,true,12,2018-04-01,2019-03-31,0
2018-10-30,79880,2018-03-31,2,,,,,,,,,,,,,,,,,,,,278547000000,157361000000,0.555,1484.19,154607000000,,,,,,,,,,,,true,false,12,2017-04-01,2018-03-31,-1
2018-10-30,79880,2018-03-31,2,,,,,,,,,,,,,,,,,,,,,,,,,,,,,124.00,,,,107508954,3338967,,false,false,12,2017-04-01,2018-03-31,-1
2018-10-30,79880,2019-03-31,2,,,,,,,,,,,,,,,,,,,,,,,,,,,,,31.00,,,,,,,false,false,12,2018-04-01,2019-03-31,0
2018-10-30,79880,2019-03-31,2,,,,,,,,,,,,,,,,,,,,,,,,,,,,,62.00,,,,,,,false,true,12,2018-04-01,2019-03-31,0
2018-10-30,79880,2019-03-31,2,,,,,,,,,,,,,,,,,,,,,,,,,,,,,,,,,107508954,3330455,104173941,false,false,6,2018-04-01,2018-09-30,0
2018-10-30,79880,2018-03-31,2,,,,,,,,,,,,,,,,,,,,,,,,,,,,,,,,,,,101764925,false,false,6,2017-04-01,2017-09-30,-1
2019-02-04,79880,2019-03-31,3,211897000000,0.066,,,,,22297000000,-0.035,22459000000,-0.043,,17077000000,,164.19,158.31,,,,,285404000000,162028000000,0.558,1542.30,159132000000,,,,,,,,,,,,true,false,9,2018-04-01,2018-12-31,0
2019-02-04,79880,2018-03-31,3,198777000000,0.050,,,,,23105000000,0.007,23461000000,0.058,,16185000000,,159.17,148.45,,,,,,,,,,,,,,,,,,,,,true,false,9,2017-04-01,2017-12-31,-1
2019-02-04,79880,2019-03-31,3,286000000000,0.054,,,,,30100000000,-0.026,29800000000,-0.019,,20800000000,,200.35,,,,,,,,,,,,,,,,,,,,,,true,true,12,2018-04-01,2019-03-31,0
2019-02-04,79880,2018-03-31,3,,,,,,,,,,,,,,,,,,,,278547000000,157361000000,0.555,1484.19,154607000000,,,,,,,,,,,,true,false,12,2017-04-01,2018-03-31,-1
2019-02-04,79880,2018-03-31,3,,,,,,,,,,,,,,,,,,,,,,,,,,,,,124.00,,,,107508954,3338967,,false,false,12,2017-04-01,2018-03-31,-1
2019-02-04,79880,2019-03-31,3,,,,,,,,,,,,,,,,,,,,,,,,,,,,,31.00,,,,,,,false,false,12,2018-04-01,2019-03-31,0
2019-02-04,79880,2019-03-31,3,,,,,,,,,,,,,,,,,,,,,,,,,,,,,62.00,,,,,,,false,true,12,2018-04-01,2019-03-31,0
2019-02-04,79880,2019-03-31,3,,,,,,,,,,,,,,,,,,,,,,,,,,,,,,,,,107508954,4330461,104009308,false,false,9,2018-04-01,2018-12-31,0
2019-02-04,79880,2018-03-31,3,,,,,,,,,,,,,,,,,,,,,,,,,,,,,,,,,,,101685451,false,false,9,2017-04-01,2017-12-31,-1
2019-05-10,79880,2019-03-31,,288902000000,0.065,,,,,28834000000,-0.067,28778000000,-0.053,,20753000000,,199.90,192.73,0.132,0.102,0.100,,284842000000,160690000000,0.557,1538.96,158787000000,37371000000,-14884000000,-7076000000,74200000000,,0.310,,,,,,true,false,12,2018-04-01,2019-03-31,0
2019-05-10,79880,2018-03-31,,271302000000,0.046,,,,,30900000000,0.037,30380000000,0.069,,21198000000,,208.19,194.60,0.149,0.107,0.114,,278547000000,157361000000,0.555,1484.19,154607000000,28042000000,-17425000000,-31112000000,60663000000,,0.298,,,,,,true,false,12,2017-04-01,2018-03-31,-1
2019-05-10,79880,2020-03-31,,292000000000,0.011,,,,,30000000000,0.040,29500000000,0.025,,20200000000,,195.80,,,,,,,,,,,,,,,,0.317,,,,,,true,true,12,2019-04-01,2020-03-31,1
2019-05-10,79880,2018-03-31,,,,,,,,,,,,,,,,,,,,,,,,,,,,,,124.00,,,,107508954,3338967,101825241,false,false,12,2017-04-01,2018-03-31,-1
2019-05-10,79880,2019-03-31,,,,,,,,,,,,,,,,,,,,,,,,,,,,,,62.00,,,,107508954,4330549,103817569,false,false,12,2018-04-01,2019-03-31,0
2019-05-10,79880,2020-03-31,,,,,,,,,,,,,,,,,,,,,,,,,,,,,,62.00,,,,,,,false,true,12,2019-04-01,2020-03-31,1
2019-07-29,79880,2020-03-31,1,72027000000,0.051,,,,,7235000000,-0.023,6934000000,-0.117,,4271000000,,41.39,39.90,,,,,287188000000,162024000000,0.558,1553.40,160281000000,,,,,,,,,,,,true,false,3,2019-04-01,2019-06-30,0
2019-07-29,79880,2019-03-31,1,68533000000,0.025,,,,,7408000000,-0.069,7851000000,0.005,,5265000000,,50.54,48.74,,,,,,,,,,,,,,,,,,,,,true,false,3,2018-04-01,2018-06-30,-1
2019-07-29,79880,2020-03-31,1,292000000000,0.011,,,,,30000000000,0.040,29500000000,0.025,,20200000000,,195.80,,,,,,,,,,,,,,,,,,,,,,true,true,12,2019-04-01,2020-03-31,0
2019-07-29,79880,2019-03-31,1,,,,,,,,,,,,,,,,,,,,284842000000,160690000000,0.557,1538.96,158787000000,,,,,,,,,,,,true,false,12,2018-04-01,2019-03-31,-1
2019-07-29,79880,2019-03-31,1,,,,,,,,,,,,,,,,,,,,,,,,,,,,,62.00,,,,107508954,4330549,,false,false,12,2018-04-01,2019-03-31,-1
2019-07-29,79880,2020-03-31,1,,,,,,,,,,,,,,,,,,,,,,,,,,,,,62.00,,,,,,,false,true,12,2019-04-01,2020-03-31,0
2019-07-29,79880,2020-03-31,1,,,,,,,,,,,,,,,,,,,,,,,,,,,,,,,,,107508954,4327855,103179323,false,false,3,2019-04-01,2019-06-30,0
2019-07-29,79880,2019-03-31,1,,,,,,,,,,,,,,,,,,,,,,,,,,,,,,,,,,,104170522,false,false,3,2018-04-01,2018-06-30,-1
2019-10-30,79880,2020-03-31,2,145315000000,0.042,,,,,15139000000,0.041,14638000000,-0.037,,9699000000,,94.06,90.66,,,,,302312000000,163447000000,0.535,1570.04,161705000000,,,,,,,,,,,,true,false,6,2019-04-01,2019-09-30,0
2019-10-30,79880,2019-03-31,2,139484000000,0.061,,,,,14547000000,-0.042,15199000000,-0.007,,11729000000,,112.59,108.57,,,,,,,,,,,,,,,,,,,,,true,false,6,2018-04-01,2018-09-30,-1
2019-10-30,79880,2020-03-31,2,292000000000,0.011,,,,,30000000000,0.040,29500000000,0.025,,20200000000,,195.80,,,,,,,,,,,,,,,,,,,,,,true,true,12,2019-04-01,2020-03-31,0
2019-10-30,79880,2019-03-31,2,,,,,,,,,,,,,,,,,,,,284842000000,160690000000,0.557,1538.96,158787000000,,,,,,,,,,,,true,false,12,2018-04-01,2019-03-31,-1
2019-10-30,79880,2019-03-31,2,,,,,,,,,,,,,,,,,,,,,,,,,,,,,62.00,,,,107508954,4330549,,false,false,12,2018-04-01,2019-03-31,-1
2019-10-30,79880,2020-03-31,2,,,,,,,,,,,,,,,,,,,,,,,,,,,,,31.00,,,,,,,false,false,12,2019-04-01,2020-03-31,0
2019-10-30,79880,2020-03-31,2,,,,,,,,,,,,,,,,,,,,,,,,,,,,,62.00,,,,,,,false,true,12,2019-04-01,2020-03-31,0
2019-10-30,79880,2020-03-31,2,,,,,,,,,,,,,,,,,,,,,,,,,,,,,,,,,107508954,4514765,103127197,false,false,6,2019-04-01,2019-09-30,0
2019-10-30,79880,2019-03-31,2,,,,,,,,,,,,,,,,,,,,,,,,,,,,,,,,,,,104173941,false,false,6,2018-04-01,2018-09-30,-1
2020-02-03,79880,2020-03-31,3,214131000000,0.011,,,,,22507000000,0.009,22316000000,-0.006,,15116000000,,146.64,141.34,,,,,291659000000,163157000000,0.553,1565.85,161279000000,,,,,,,,,,,,true,false,9,2019-04-01,2019-12-31,0
2020-02-03,79880,2019-03-31,3,211897000000,0.066,,,,,22297000000,-0.035,22459000000,-0.043,,17077000000,,164.19,158.31,,,,,,,,,,,,,,,,,,,,,true,false,9,2018-04-01,2018-12-31,-1
2020-02-03,79880,2020-03-31,3,290000000000,0.004,,,,,29200000000,0.013,28800000000,0.001,,19700000000,,191.10,,,,,,,,,,,,,,,,,,,,,,true,true,12,2019-04-01,2020-03-31,0
2020-02-03,79880,2019-03-31,3,,,,,,,,,,,,,,,,,,,,284842000000,160690000000,0.557,1538.96,158787000000,,,,,,,,,,,,true,false,12,2018-04-01,2019-03-31,-1
2020-02-03,79880,2019-03-31,3,,,,,,,,,,,,,,,,,,,,,,,,,,,,,62.00,,,,107508954,4330549,,false,false,12,2018-04-01,2019-03-31,-1
2020-02-03,79880,2020-03-31,3,,,,,,,,,,,,,,,,,,,,,,,,,,,,,31.00,,,,,,,false,false,12,2019-04-01,2020-03-31,0
2020-02-03,79880,2020-03-31,3,,,,,,,,,,,,,,,,,,,,,,,,,,,,,62.00,,,,,,,false,true,12,2019-04-01,2020-03-31,0
2020-02-03,79880,2020-03-31,3,,,,,,,,,,,,,,,,,,,,,,,,,,,,,,,,,107508954,4510859,103088076,false,false,9,2019-04-01,2019-12-31,0
2020-02-03,79880,2019-03-31,3,,,,,,,,,,,,,,,,,,,,,,,,,,,,,,,,,,,104009308,false,false,9,2018-04-01,2018-12-31,-1
2020-02-14,79880,2020-03-31,,290000000000,0.000,,,,,29200000000,0.000,28800000000,0.000,,18100000000,,175.58,,,,,,,,,,,,,,,,,,,,,,true,true,12,2019-04-01,2020-03-31,0
2020-02-14,79880,2019-03-31,,288902000000,,,,,,28834000000,,28778000000,,,20753000000,,199.90,,,,,,,,,,,,,,,,,,,,,,true,false,12,2018-04-01,2019-03-31,-1
2020-05-18,79880,2020-03-31,,288012000000,-0.003,,,,,29737000000,0.031,28765000000,-0.000,,18321000000,,177.87,171.43,0.113,0.098,0.103,,304184000000,168786000000,0.548,1630.57,166658000000,35829000000,-21617000000,1040000000,88552000000,,0.349,,,,,,true,false,12,2019-04-01,2020-03-31,0
2020-05-18,79880,2019-03-31,,288902000000,0.065,,,,,28834000000,-0.067,28778000000,-0.053,,20753000000,,199.90,192.73,0.132,0.102,0.100,,284842000000,160690000000,0.557,1538.96,158787000000,37371000000,-14884000000,-7076000000,74200000000,,0.310,,,,,,true,false,12,2018-04-01,2019-03-31,-1
2020-05-18,79880,2019-03-31,,,,,,,,,,,,,,,,,,,,,,,,,,,,,,62.00,,,,107508954,4330549,103817569,false,false,12,2018-04-01,2019-03-31,-1
2020-05-18,79880,2020-03-31,,,,,,,,,,,,,,,,,,,,,,,,,,,,,,62.00,,,,107508954,5300563,103006564,false,false,12,2019-04-01,2020-03-31,0
2020-07-27,79880,2021-03-31,1,57280000000,-0.205,,,,,4028000000,-0.443,4295000000,-0.381,,1825000000,,17.94,17.94,,,,,278354000000,160838000000,0.571,1566.33,159051000000,,,,,,,,,,,,true,false,3,2020-04-01,2020-06-30,0
2020-07-27,79880,2020-03-31,1,72027000000,0.051,,,,,7235000000,-0.023,6934000000,-0.117,,4271000000,,41.39,39.90,,,,,,,,,,,,,,,,,,,,,true,false,3,2019-04-01,2019-06-30,-1
2020-07-27,79880,2021-03-31,1,224000000000,-0.222,,,,,13500000000,-0.546,13800000000,-0.520,,9000000000,,88.63,,,,,,,,,,,,,,,,,,,,,,true,true,12,2020-04-01,2021-03-31,0
2020-07-27,79880,2020-03-31,1,,,,,,,,,,,,,,,,,,,,304184000000,168786000000,0.548,1630.57,166658000000,,,,,,,,,,,,true,false,12,2019-04-01,2020-03-31,-1
2020-07-27,79880,2020-03-31,1,,,,,,,,,,,,,,,,,,,,,,,,,,,,,62.00,,,,107508954,5300563,,false,false,12,2019-04-01,2020-03-31,-1
2020-07-27,79880,2021-03-31,1,,,,,,,,,,,,,,,,,,,,,,,,,,,,,,,,,107508954,5965094,101772558,false,false,3,2020-04-01,2020-06-30,0
2020-07-27,79880,2020-03-31,1,,,,,,,,,,,,,,,,,,,,,,,,,,,,,,,,,,,103179323,false,false,3,2019-04-01,2019-06-30,-1
2020-10-28,79880,2021-03-31,2,107455000000,-0.261,,,,,6528000000,-0.569,6612000000,-0.548,,3137000000,,30.85,,,,,,284594000000,162907000000,0.566,1585.77,161034000000,,,,,,,,,,,,true,false,6,2020-04-01,2020-09-30,0
2020-10-28,79880,2020-03-31,2,145315000000,0.042,,,,,15139000000,0.041,14638000000,-0.037,,9699000000,,94.06,90.66,,,,,,,,,,,,,,,,,,,,,true,false,6,2019-04-01,2019-09-30,-1
2020-10-28,79880,2021-03-31,2,240000000000,-0.167,,,,,18500000000,-0.378,18200000000,-0.367,,11300000000,,111.20,,,,,,,,,,,,,,,,,,,,,,true,true,12,2020-04-01,2021-03-31,0
2020-10-28,79880,2020-03-31,2,,,,,,,,,,,,,,,,,,,,304184000000,168786000000,0.548,1630.57,166658000000,,,,,,,,,,,,true,false,12,2019-04-01,2020-03-31,-1
2020-10-28,79880,2020-03-31,2,,,,,,,,,,,,,,,,,,,,,,,,,,,,,62.00,,,,107508954,5300563,,false,false,12,2019-04-01,2020-03-31,-1
2020-10-28,79880,2021-03-31,2,,,,,,,,,,,,,,,,,,,,,,,,,,,,,25.00,,,,,,,false,false,12,2020-04-01,2021-03-31,0
2020-10-28,79880,2021-03-31,2,,,,,,,,,,,,,,,,,,,,,,,,,,,,,50.00,,,,,,,false,true,12,2020-04-01,2021-03-31,0
2020-10-28,79880,2021-03-31,2,,,,,,,,,,,,,,,,,,,,,,,,,,,,,,,,,107508954,5959433,101675576,false,false,6,2020-04-01,2020-09-30,0
2020-10-28,79880,2020-03-31,2,,,,,,,,,,,,,,,,,,,,,,,,,,,,,,,,,,,103127197,false,false,6,2019-04-01,2019-09-30,-1
2021-02-03,79880,2021-03-31,3,178594000000,-0.166,,,,,16280000000,-0.277,16244000000,-0.272,,10000000000,,98.40,,,,,,292202000000,167878000000,0.568,1634.40,165972000000,,,,,,,,,,,,true,false,9,2020-04-01,2020-12-31,0
2021-02-03,79880,2020-03-31,3,214131000000,0.011,,,,,22507000000,0.009,22316000000,-0.006,,15116000000,,146.64,141.34,,,,,,,,,,,,,,,,,,,,,true,false,9,2019-04-01,2019-12-31,-1
2021-02-03,79880,2021-03-31,3,251000000000,-0.129,,,,,24200000000,-0.186,24000000000,-0.166,,14500000000,,142.69,,,,,,,,,,,,,,,,,,,,,,true,true,12,2020-04-01,2021-03-31,0
2021-02-03,79880,2020-03-31,3,,,,,,,,,,,,,,,,,,,,304184000000,168786000000,0.548,1630.57,166658000000,,,,,,,,,,,,true,false,12,2019-04-01,2020-03-31,-1
2021-02-03,79880,2020-03-31,3,,,,,,,,,,,,,,,,,,,,,,,,,,,,,62.00,,,,107508954,5300563,,false,false,12,2019-04-01,2020-03-31,-1
2021-02-03,79880,2021-03-31,3,,,,,,,,,,,,,,,,,,,,,,,,,,,,,25.00,,,,,,,false,false,12,2020-04-01,2021-03-31,0
2021-02-03,79880,2021-03-31,3,,,,,,,,,,,,,,,,,,,,,,,,,,,,,53.00,,,,,,,false,true,12,2020-04-01,2021-03-31,0
2021-02-03,79880,2021-03-31,3,,,,,,,,,,,,,,,,,,,,,,,,,,,,,,,,,107508954,5959531,101637743,false,false,9,2020-04-01,2020-12-31,0
2021-02-03,79880,2020-03-31,3,,,,,,,,,,,,,,,,,,,,,,,,,,,,,,,,,,,103088076,false,false,9,2019-04-01,2019-12-31,-1
2021-05-13,79880,2021-03-31,,256078000000,-0.111,,,,,27695000000,-0.069,29535000000,0.027,,18402000000,,181.09,,0.107,0.097,0.108,,307127000000,178649000000,0.575,1737.80,176472000000,39922000000,-12570000000,-20273000000,95744000000,,0.293,,,,,,true,false,12,2020-04-01,2021-03-31,0
2021-05-13,79880,2020-03-31,,288012000000,-0.003,,,,,29737000000,0.031,28765000000,-0.000,,18321000000,,177.87,171.43,0.113,0.098,0.103,,304184000000,168786000000,0.548,1630.57,166658000000,35829000000,-21617000000,1040000000,88552000000,,0.349,,,,,,true,false,12,2019-04-01,2020-03-31,-1
2021-05-13,79880,2022-03-31,,280000000000,0.093,,,,,32000000000,0.155,31700000000,0.073,,21000000000,,206.80,,,,,,,,,,,,,,,,0.300,,,,,,true,true,12,2021-04-01,2022-03-31,1
2021-05-13,79880,2020-03-31,,,,,,,,,,,,,,,,,,,,,,,,,,,,,,62.00,,,,107508954,5300563,103006564,false,false,12,2019-04-01,2020-03-31,-1
2021-05-13,79880,2021-03-31,,,,,,,,,,,,,,,,,,,,,,,,,,,,,,53.00,,,,107508954,5959585,101617357,false,false,12,2020-04-01,2021-03-31,0
2021-05-13,79880,2022-03-31,,,,,,,,,,,,,,,,,,,,,,,,,,,,,,62.00,,,,,,,false,true,12,2021-04-01,2022-03-31,1
2021-07-30,79880,2022-03-31,1,70408000000,0.229,,,,,8897000000,1.209,9452000000,1.201,,6103000000,,60.10,,,,,,316761000000,187537000000,0.585,1824.41,185273000000,,,,,,,,,,,,true,false,3,2021-04-01,2021-06-30,0
2021-07-30,79880,2021-03-31,1,57280000000,-0.205,,,,,4028000000,-0.443,4295000000,-0.381,,1825000000,,17.94,,,,,,,,,,,,,,,,,,,,,,true,false,3,2020-04-01,2020-06-30,-1
2021-07-30,79880,2022-03-31,1,280000000000,0.093,,,,,32000000000,0.155,31700000000,0.073,,21000000000,,206.80,,,,,,,,,,,,,,,,,,,,,,true,true,12,2021-04-01,2022-03-31,0
2021-07-30,79880,2021-03-31,1,,,,,,,,,,,,,,,,,,,,307127000000,178649000000,0.575,1737.80,176472000000,,,,,,,,,,,,true,false,12,2020-04-01,2021-03-31,-1
2021-07-30,79880,2021-03-31,1,,,,,,,,,,,,,,,,,,,,,,,,,,,,,53.00,,,,107508954,5959585,,false,false,12,2020-04-01,2021-03-31,-1
2021-07-30,79880,2022-03-31,1,,,,,,,,,,,,,,,,,,,,,,,,,,,,,62.00,,,,,,,false,true,12,2021-04-01,2022-03-31,0
2021-07-30,79880,2022-03-31,1,,,,,,,,,,,,,,,,,,,,,,,,,,,,,,,,,107508954,5956768,101550074,false,false,3,2021-04-01,2021-06-30,0
2021-07-30,79880,2021-03-31,1,,,,,,,,,,,,,,,,,,,,,,,,,,,,,,,,,,,101772558,false,false,3,2020-04-01,2020-06-30,-1
2021-10-29,7988,2022-03-31,2,139663000000,0.300,,,,,16076000000,1.462,16957000000,1.565,,11890000000,,117.19,,,,,,317921000000,192885000000,0.599,1883.47,190461000000,,,,,,,,,,,,true,false,6,2021-04-01,2021-09-30,0
2021-10-29,7988,2021-03-31,2,107455000000,-0.261,,,,,6528000000,-0.569,6612000000,-0.548,,3137000000,,30.85,,,,,,,,,,,,,,,,,,,,,,true,false,6,2020-04-01,2020-09-30,-1
2021-10-29,7988,2022-03-31,2,280000000000,0.093,,,,,29500000000,0.065,30300000000,0.026,,21000000000,,207.29,,,,,,,,,,,,,,,,,,,,,,true,true,12,2021-04-01,2022-03-31,0
2021-10-29,7988,2021-03-31,2,,,,,,,,,,,,,,,,,,,,307127000000,178649000000,0.575,1737.80,176472000000,,,,,,,,,,,,true,false,12,2020-04-01,2021-03-31,-1
2021-10-29,7988,2021-03-31,2,,,,,,,,,,,,,,,,,,,,,,,,,,,,,53.00,,,,107508954,5959585,,false,false,12,2020-04-01,2021-03-31,-1
2021-10-29,7988,2022-03-31,2,,,,,,,,,,,,,,,,,,,,,,,,,,,,,31.00,,,,,,,false,false,12,2021-04-01,2022-03-31,0
2021-10-29,7988,2022-03-31,2,,,,,,,,,,,,,,,,,,,,,,,,,,,,,62.00,,,,,,,false,true,12,2021-04-01,2022-03-31,0
2021-10-29,7988,2022-03-31,2,,,,,,,,,,,,,,,,,,,,,,,,,,,,,,,,,107508954,6386330,101461891,false,false,6,2021-04-01,2021-09-30,0
2021-10-29,7988,2021-03-31,2,,,,,,,,,,,,,,,,,,,,,,,,,,,,,,,,,,,101675576,false,false,6,2020-04-01,2020-09-30,-1
2022-02-03,7988,2022-03-31,3,208430000000,0.167,,,,,22847000000,0.403,24566000000,0.512,,16563000000,,163.64,,,,,,316999000000,191040000000,0.595,1878.04,188671000000,,,,,,,,,,,,true,false,9,2021-04-01,2021-12-31,0
2022-02-03,7988,2021-03-31,3,178594000000,-0.166,,,,,16280000000,-0.277,16244000000,-0.272,,10000000000,,98.40,,,,,,,,,,,,,,,,,,,,,,true,false,9,2020-04-01,2020-12-31,-1
2022-02-03,7988,2022-03-31,3,280000000000,0.093,,,,,29500000000,0.065,30300000000,0.026,,21000000000,,207.83,,,,,,,,,,,,,,,,,,,,,,true,true,12,2021-04-01,2022-03-31,0
2022-02-03,7988,2021-03-31,3,,,,,,,,,,,,,,,,,,,,307127000000,178649000000,0.575,1737.80,176472000000,,,,,,,,,,,,true,false,12,2020-04-01,2021-03-31,-1
2022-02-03,7988,2021-03-31,3,,,,,,,,,,,,,,,,,,,,,,,,,,,,,53.00,,,,107508954,5959585,,false,false,12,2020-04-01,2021-03-31,-1
2022-02-03,7988,2022-03-31,3,,,,,,,,,,,,,,,,,,,,,,,,,,,,,31.00,,,,,,,false,false,12,2021-04-01,2022-03-31,0
2022-02-03,7988,2022-03-31,3,,,,,,,,,,,,,,,,,,,,,,,,,,,,,62.00,,,,,,,false,true,12,2021-04-01,2022-03-31,0
2022-02-03,7988,2022-03-31,3,,,,,,,,,,,,,,,,,,,,,,,,,,,,,,,,,107508954,7047354,101221208,false,false,9,2021-04-01,2021-12-31,0
2022-02-03,7988,2021-03-31,3,,,,,,,,,,,,,,,,,,,,,,,,,,,,,,,,,,,101637743,false,false,9,2020-04-01,2020-12-31,-1
2022-05-13,7988,2022-03-31,,283777000000,0.108,,,,,30540000000,0.103,33602000000,0.138,,22959000000,,227.27,,0.123,0.105,0.108,,333068000000,200875000000,0.595,1978.36,198175000000,31743000000,-9479000000,-13516000000,109992000000,,0.273,,,,,,true,false,12,2021-04-01,2022-03-31,0
2022-05-13,7988,2021-03-31,,256078000000,-0.111,,,,,27695000000,-0.069,29535000000,0.027,,18402000000,,181.09,,0.107,0.097,0.108,,307127000000,178649000000,0.575,1737.80,176472000000,39922000000,-12570000000,-20273000000,95744000000,,0.293,,,,,,true,false,12,2020-04-01,2021-03-31,-1
2022-05-13,7988,2023-03-31,,305000000000,0.075,,,,,31500000000,0.031,30500000000,-0.092,,20000000000,,199.66,,,,,,,,,,,,,,,,0.311,,,,,,true,true,12,2022-04-01,2023-03-31,1
2022-05-13,7988,2021-03-31,,,,,,,,,,,,,,,,,,,,,,,,,,,,,,53.00,,,,107508954,5959585,101617357,false,false,12,2020-04-01,2021-03-31,-1
2022-05-13,7988,2022-03-31,,,,,,,,,,,,,,,,,,,,,,,,,,,,,,62.00,,,,107508954,7337418,101023594,false,false,12,2021-04-01,2022-03-31,0
2022-05-13,7988,2023-03-31,,,,,,,,,,,,,,,,,,,,,,,,,,,,,,62.00,,,,,,,false,true,12,2022-04-01,2023-03-31,1
2022-07-29,7988,2023-03-31,1,72648000000,0.032,,,,,7928000000,-0.109,11243000000,0.189,,8035000000,,80.22,,,,,,345216000000,212364000000,0.608,2094.06,209764000000,,,,,,,,,,,,true,false,3,2022-04-01,2022-06-30,0
2022-07-29,7988,2022-03-31,1,70408000000,0.229,,,,,8897000000,1.209,9452000000,1.201,,6103000000,,60.10,,,,,,,,,,,,,,,,,,,,,,true,false,3,2021-04-01,2021-06-30,-1
2022-07-29,7988,2023-03-31,1,305000000000,0.075,,,,,31500000000,0.031,30500000000,-0.092,,20000000000,,199.66,,,,,,,,,,,,,,,,,,,,,,true,true,12,2022-04-01,2023-03-31,0
2022-07-29,7988,2022-03-31,1,,,,,,,,,,,,,,,,,,,,333068000000,200875000000,0.595,1978.36,198175000000,,,,,,,,,,,,true,false,12,2021-04-01,2022-03-31,-1
2022-07-29,7988,2022-03-31,1,,,,,,,,,,,,,,,,,,,,,,,,,,,,,62.00,,,,107508954,7337418,,false,false,12,2021-04-01,2022-03-31,-1
2022-07-29,7988,2023-03-31,1,,,,,,,,,,,,,,,,,,,,,,,,,,,,,62.00,,,,,,,false,true,12,2022-04-01,2023-03-31,0
2022-07-29,7988,2023-03-31,1,,,,,,,,,,,,,,,,,,,,,,,,,,,,,,,,,107508954,7337525,100171484,false,false,3,2022-04-01,2022-06-30,0
2022-07-29,7988,2022-03-31,1,,,,,,,,,,,,,,,,,,,,,,,,,,,,,,,,,,,101550074,false,false,3,2021-04-01,2021-06-30,-1
2022-10-28,7988,2023-03-31,2,148350000000,0.062,,,,,15217000000,-0.053,20345000000,0.200,,13840000000,,138.10,,,,,,364213000000,227080000000,0.615,2235.11,224139000000,,,,,,,,,,,,true,false,6,2022-04-01,2022-09-30,0
2022-10-28,7988,2022-03-31,2,139663000000,0.300,,,,,16076000000,1.462,16957000000,1.565,,11890000000,,117.19,,,,,,,,,,,,,,,,,,,,,,true,false,6,2021-04-01,2021-09-30,-1
2022-10-28,7988,2023-03-31,2,305000000000,0.075,,,,,31500000000,0.031,30500000000,-0.092,,20000000000,,199.66,,,,,,,,,,,,,,,,,,,,,,true,true,12,2022-04-01,2023-03-31,0
2022-10-28,7988,2022-03-31,2,,,,,,,,,,,,,,,,,,,,333068000000,200875000000,0.595,1978.36,198175000000,,,,,,,,,,,,true,false,12,2021-04-01,2022-03-31,-1
2022-10-28,7988,2022-03-31,2,,,,,,,,,,,,,,,,,,,,,,,,,,,,,62.00,,,,107508954,7337418,,false,false,12,2021-04-01,2022-03-31,-1
2022-10-28,7988,2023-03-31,2,,,,,,,,,,,,,,,,,,,,,,,,,,,,,31.00,,,,,,,false,false,12,2022-04-01,2023-03-31,0
2022-10-28,7988,2023-03-31,2,,,,,,,,,,,,,,,,,,,,,,,,,,,,,62.00,,,,,,,false,true,12,2022-04-01,2023-03-31,0
2022-10-28,7988,2023-03-31,2,,,,,,,,,,,,,,,,,,,,,,,,,,,,,,,,,107508954,7227619,100215758,false,false,6,2022-04-01,2022-09-30,0
2022-10-28,7988,2022-03-31,2,,,,,,,,,,,,,,,,,,,,,,,,,,,,,,,,,,,101461891,false,false,6,2021-04-01,2021-09-30,-1
2023-02-03,7988,2023-03-31,3,234210000000,0.124,,,,,25473000000,0.115,29079000000,0.184,,18530000000,,184.87,,,,,,366517000000,229438000000,0.618,2258.89,226532000000,,,,,,,,,,,,true,false,9,2022-04-01,2022-12-31,0
2023-02-03,7988,2022-03-31,3,208430000000,0.167,,,,,22847000000,0.403,24566000000,0.512,,16563000000,,163.64,,,,,,,,,,,,,,,,,,,,,,true,false,9,2021-04-01,2021-12-31,-1
2023-02-03,7988,2023-03-31,3,305000000000,0.075,,,,,31500000000,0.031,30500000000,-0.092,,20000000000,,199.66,,,,,,,,,,,,,,,,,,,,,,true,true,12,2022-04-01,2023-03-31,0
2023-02-03,7988,2022-03-31,3,,,,,,,,,,,,,,,,,,,,333068000000,200875000000,0.595,1978.36,198175000000,,,,,,,,,,,,true,false,12,2021-04-01,2022-03-31,-1
2023-02-03,7988,2022-03-31,3,,,,,,,,,,,,,,,,,,,,,,,,,,,,,62.00,,,,107508954,7337418,,false,false,12,2021-04-01,2022-03-31,-1
2023-02-03,7988,2023-03-31,3,,,,,,,,,,,,,,,,,,,,,,,,,,,,,31.00,,,,,,,false,false,12,2022-04-01,2023-03-31,0
2023-02-03,7988,2023-03-31,3,,,,,,,,,,,,,,,,,,,,,,,,,,,,,62.00,,,,,,,false,true,12,2022-04-01,2023-03-31,0
2023-02-03,7988,2023-03-31,3,,,,,,,,,,,,,,,,,,,,,,,,,,,,,,,,,107508954,7223819,100236192,false,false,9,2022-04-01,2022-12-31,0
2023-02-03,7988,2022-03-31,3,,,,,,,,,,,,,,,,,,,,,,,,,,,,,,,,,,,101221208,false,false,9,2021-04-01,2021-12-31,-1
2023-03-15,79880,2023-03-31,,320000000000,0.049,,,,,33000000000,0.048,36500000000,0.197,,21500000000,,214.52,,,,,,,,,,,,,,,,,,,,,,true,true,12,2022-04-01,2023-03-31,0
2023-03-15,79880,2022-03-31,,283777000000,,,,,,30540000000,,33602000000,,,22959000000,,227.27,,,,,,,,,,,,,,,,,,,,,,true,false,12,2021-04-01,2022-03-31,-1
2023-03-15,79880,2023-03-31,,,,,,,,,,,,,,,,,,,,,,,,,,,,,,64.00,,,,,,,false,true,12,2022-04-01,2023-03-31,0
2023-03-15,79880,2023-03-31,,,,,,,,,,,,,,,,,,,,,,,,,,,,,,31.00,,,,,,,false,false,12,2022-04-01,2023-03-31,0
2023-03-15,79880,2022-03-31,,,,,,,,,,,,,,,,,,,,,,,,,,,,,,62.00,,,,,,,false,false,12,2021-04-01,2022-03-31,-1
2023-05-12,7988,2023-03-31,,321771000000,0.134,,,,,34439000000,0.128,37876000000,0.127,,21170000000,,211.28,,0.100,0.109,0.107,,359150000000,226127000000,0.622,2237.06,223551000000,37261000000,-11530000000,-17418000000,122233000000,,0.303,,,,,,true,false,12,2022-04-01,2023-03-31,0
2023-05-12,7988,2022-03-31,,283777000000,0.108,,,,,30540000000,0.103,33602000000,0.138,,22959000000,,227.27,,0.123,0.105,0.108,,333068000000,200875000000,0.595,1978.36,198175000000,31743000000,-9479000000,-13516000000,109992000000,,0.273,,,,,,true,false,12,2021-04-01,2022-03-31,-1
2023-05-12,7988,2024-03-31,,322500000000,0.002,,,,,35500000000,0.031,33500000000,-0.116,,21200000000,,212.15,,,,,,,,,,,,,,,,0.300,,,,,,true,true,12,2023-04-01,2024-03-31,1
2023-05-12,7988,2022-03-31,,,,,,,,,,,,,,,,,,,,,,,,,,,,,,62.00,,,,107508954,7337418,101023594,false,false,12,2021-04-01,2022-03-31,-1
2023-05-12,7988,2023-03-31,,,,,,,,,,,,,,,,,,,,,,,,,,,,,,64.00,,,,107508954,7577913,100198315,false,false,12,2022-04-01,2023-03-31,0
2023-05-12,7988,2024-03-31,,,,,,,,,,,,,,,,,,,,,,,,,,,,,,64.00,,,,,,,false,true,12,2023-04-01,2024-03-31,1
2023-07-31,7988,2024-03-31,1,87977000000,0.211,,,,,10146000000,0.280,13408000000,0.193,,9728000000,,97.50,,,,,,355472000000,233215000000,0.648,2311.19,230512000000,,,,,,,,,,,,true,false,3,2023-04-01,2023-06-30,0
2023-07-31,7988,2023-03-31,1,72648000000,0.032,,,,,7928000000,-0.109,11243000000,0.189,,8035000000,,80.22,,,,,,,,,,,,,,,,,,,,,,true,false,3,2022-04-01,2022-06-30,-1
2023-07-31,7988,2024-03-31,1,343000000000,0.066,,,,,38000000000,0.103,38300000000,0.011,,23500000000,,235.59,,,,,,,,,,,,,,,,,,,,,,true,true,12,2023-04-01,2024-03-31,0
2023-07-31,7988,2023-03-31,1,,,,,,,,,,,,,,,,,,,,359150000000,226127000000,0.622,2237.06,223551000000,,,,,,,,,,,,true,false,12,2022-04-01,2023-03-31,-1
2023-07-31,7988,2023-03-31,1,,,,,,,,,,,,,,,,,,,,,,,,,,,,,64.00,,,,107508954,7577913,,false,false,12,2022-04-01,2023-03-31,-1
2023-07-31,7988,2024-03-31,1,,,,,,,,,,,,,,,,,,,,,,,,,,,,,64.00,,,,,,,false,true,12,2023-04-01,2024-03-31,0
2023-07-31,7988,2024-03-31,1,,,,,,,,,,,,,,,,,,,,,,,,,,,,,,,,,107508954,7771222,99780742,false,false,3,2023-04-01,2023-06-30,0
2023-07-31,7988,2023-03-31,1,,,,,,,,,,,,,,,,,,,,,,,,,,,,,,,,,,,100171484,false,false,3,2022-04-01,2022-06-30,-1
2023-10-31,7988,2024-03-31,2,178835000000,0.205,,,,,20682000000,0.359,25027000000,0.230,,17335000000,,173.71,,,,,,378400000000,252121000000,0.659,2496.47,249196000000,,,,,,,,,,,,true,false,6,2023-04-01,2023-09-30,0
2023-10-31,7988,2023-03-31,2,148350000000,0.062,,,,,15217000000,-0.053,20345000000,0.200,,13840000000,,138.10,,,,,,,,,,,,,,,,,,,,,,true,false,6,2022-04-01,2022-09-30,-1
2023-10-31,7988,2024-03-31,2,343000000000,0.066,,,,,38000000000,0.103,38300000000,0.011,,23500000000,,235.59,,,,,,,,,,,,,,,,,,,,,,true,true,12,2023-04-01,2024-03-31,0
2023-10-31,7988,2023-03-31,2,,,,,,,,,,,,,,,,,,,,359150000000,226127000000,0.622,2237.06,223551000000,,,,,,,,,,,,true,false,12,2022-04-01,2023-03-31,-1
2023-10-31,7988,2023-03-31,2,,,,,,,,,,,,,,,,,,,,,,,,,,,,,64.00,,,,107508954,7577913,,false,false,12,2022-04-01,2023-03-31,-1
2023-10-31,7988,2024-03-31,2,,,,,,,,,,,,,,,,,,,,,,,,,,,,,32.00,,,,,,,false,false,12,2023-04-01,2024-03-31,0
2023-10-31,7988,2024-03-31,2,,,,,,,,,,,,,,,,,,,,,,,,,,,,,64.00,,,,,,,false,true,12,2023-04-01,2024-03-31,0
2023-10-31,7988,2024-03-31,2,,,,,,,,,,,,,,,,,,,,,,,,,,,,,,,,,100257053,437549,99797364,false,false,6,2023-04-01,2023-09-30,0
2023-10-31,7988,2023-03-31,2,,,,,,,,,,,,,,,,,,,,,,,,,,,,,,,,,,,100215758,false,false,6,2022-04-01,2022-09-30,-1
2024-02-05,7988,2024-03-31,3,273779000000,0.169,,,,,31513000000,0.237,34642000000,0.191,,23408000000,,234.82,,,,,,380017000000,255433000000,0.664,2540.23,252369000000,,,,,,,,,,,,true,false,9,2023-04-01,2023-12-31,0
2024-02-05,7988,2023-03-31,3,234210000000,0.124,,,,,25473000000,0.115,29079000000,0.184,,18530000000,,184.87,,,,,,,,,,,,,,,,,,,,,,true,false,9,2022-04-01,2022-12-31,-1
2024-02-05,7988,2024-03-31,3,343000000000,0.066,,,,,38000000000,0.103,38300000000,0.011,,23500000000,,235.59,,,,,,,,,,,,,,,,,,,,,,true,true,12,2023-04-01,2024-03-31,0
2024-02-05,7988,2023-03-31,3,,,,,,,,,,,,,,,,,,,,359150000000,226127000000,0.622,2237.06,223551000000,,,,,,,,,,,,true,false,12,2022-04-01,2023-03-31,-1
2024-02-05,7988,2023-03-31,3,,,,,,,,,,,,,,,,,,,,,,,,,,,,,64.00,,,,107508954,7577913,,false,false,12,2022-04-01,2023-03-31,-1
2024-02-05,7988,2024-03-31,3,,,,,,,,,,,,,,,,,,,,,,,,,,,,,32.00,,,,,,,false,false,12,2023-04-01,2024-03-31,0
2024-02-05,7988,2024-03-31,3,,,,,,,,,,,,,,,,,,,,,,,,,,,,,64.00,,,,,,,false,true,12,2023-04-01,2024-03-31,0
2024-02-05,7988,2024-03-31,3,,,,,,,,,,,,,,,,,,,,,,,,,,,,,,,,,100257053,907613,99686497,false,false,9,2023-04-01,2023-12-31,0
2024-02-05,7988,2023-03-31,3,,,,,,,,,,,,,,,,,,,,,,,,,,,,,,,,,,,100236192,false,false,9,2022-04-01,2022-12-31,-1
2024-03-12,79880,2024-03-31,,370500000000,0.080,,,,,41300000000,0.087,42600000000,0.112,,10900000000,,109.43,,,,,,,,,,,,,,,,,,,,,,true,true,12,2023-04-01,2024-03-31,0
2024-03-12,79880,2023-03-31,,321771000000,,,,,,34439000000,,37876000000,,,21170000000,,211.28,,,,,,,,,,,,,,,,,,,,,,true,false,12,2022-04-01,2023-03-31,-1
2024-03-12,79880,2024-03-31,,97500000000,0.129,,,,,10900000000,0.563,26700000000,0.193,2800000000,,-0.850,28.11,,,,,,,,,,,,,,,,,,,,,,false,true,12,2023-04-01,2024-03-31,0
2024-05-13,7988,2024-03-31,,371639000000,0.155,,,,,43925000000,0.275,49665000000,0.311,,18252000000,,183.26,,0.078,0.134,0.118,,380405000000,247052000000,0.641,2455.97,243695000000,47257000000,-8135000000,-26024000000,142024000000,,0.349,,,,,,true,false,12,2023-04-01,2024-03-31,0
2024-05-13,7988,2023-03-31,,321771000000,0.134,,,,,34439000000,0.128,37876000000,0.127,,21170000000,,211.28,,0.100,0.109,0.107,,359150000000,226127000000,0.622,2237.06,223551000000,37261000000,-11530000000,-17418000000,122233000000,,0.303,,,,,,true,false,12,2022-04-01,2023-03-31,-1
2024-05-13,7988,2025-03-31,,340000000000,-0.085,,,,,45000000000,0.024,44200000000,-0.110,,26100000000,,262.05,,,,,,,,,,,,,,,,0.259,,,,,,true,true,12,2024-04-01,2025-03-31,1
2024-05-13,7988,2023-03-31,,,,,,,,,,,,,,,,,,,,,,,,,,,,,,64.00,,,,107508954,7577913,100198315,false,false,12,2022-04-01,2023-03-31,-1
2024-05-13,7988,2024-03-31,,,,,,,,,,,,,,,,,,,,,,,,,,,,,,64.00,,,,100257053,1031017,99599221,false,false,12,2023-04-01,2024-03-31,0
2024-05-13,7988,2025-03-31,,,,,,,,,,,,,,,,,,,,,,,,,,,,,,70.00,,,,,,,false,true,12,2024-04-01,2025-03-31,1
2024-07-31,7988,2025-03-31,1,86139000000,-0.021,,,,,11889000000,0.172,14145000000,0.055,,8842000000,,89.97,88.87,,,,,365314000000,252807000000,0.684,2559.68,249716000000,,,,,,,,,,,,true,false,3,2024-04-01,2024-06-30,0
2024-07-31,7988,2024-03-31,1,87977000000,0.211,,,,,10146000000,0.280,13408000000,0.193,,9728000000,,97.50,,,,,,,,,,,,,,,,,,,,,,true,false,3,2023-04-01,2023-06-30,-1
2024-07-31,7988,2025-03-31,1,340000000000,-0.085,,,,,45000000000,0.024,44200000000,-0.110,,26100000000,,262.05,,,,,,,,,,,,,,,,,,,,,,true,true,12,2024-04-01,2025-03-31,0
2024-07-31,7988,2024-03-31,1,,,,,,,,,,,,,,,,,,,,380405000000,247052000000,0.641,2455.97,243695000000,,,,,,,,,,,,true,false,12,2023-04-01,2024-03-31,-1
2024-07-31,7988,2024-03-31,1,,,,,,,,,,,,,,,,,,,,,,,,,,,,,64.00,,,,100257053,1031017,,false,false,12,2023-04-01,2024-03-31,-1
2024-07-31,7988,2025-03-31,1,,,,,,,,,,,,,,,,,,,,,,,,,,,,,70.00,,,,,,,false,true,12,2024-04-01,2025-03-31,0
2024-07-31,7988,2025-03-31,1,,,,,,,,,,,,,,,,,,,,,,,,,,,,,,,,,100257053,2699366,98284209,false,false,3,2024-04-01,2024-06-30,0
2024-07-31,7988,2024-03-31,1,,,,,,,,,,,,,,,,,,,,,,,,,,,,,,,,,,,99780742,false,false,3,2023-04-01,2023-06-30,-1
2024-10-31,7988,2025-03-31,2,176198000000,-0.015,,,,,25132000000,0.215,25151000000,0.005,,15396000000,,157.22,,,,,,377924000000,265767000000,0.695,2699.18,262472000000,,,,,,,,,,,,true,false,6,2024-04-01,2024-09-30,0
2024-10-31,7988,2024-03-31,2,178835000000,0.205,,,,,20682000000,0.359,25027000000,0.230,,17335000000,,173.71,,,,,,,,,,,,,,,,,,,,,,true,false,6,2023-04-01,2023-09-30,-1
2024-10-31,7988,2025-03-31,2,340000000000,-0.085,,,,,45000000000,0.024,44200000000,-0.110,,26100000000,,262.05,,,,,,,,,,,,,,,,,,,,,,true,true,12,2024-04-01,2025-03-31,0
2024-10-31,7988,2024-03-31,2,,,,,,,,,,,,,,,,,,,,380405000000,247052000000,0.641,2455.97,243695000000,,,,,,,,,,,,true,false,12,2023-04-01,2024-03-31,-1
2024-10-31,7988,2024-03-31,2,,,,,,,,,,,,,,,,,,,,,,,,,,,,,64.00,,,,100257053,1031017,,false,false,12,2023-04-01,2024-03-31,-1
2024-10-31,7988,2025-03-31,2,,,,,,,,,,,,,,,,,,,,,,,,,,,,,35.00,,,,,,,false,false,12,2024-04-01,2025-03-31,0
2024-10-31,7988,2025-03-31,2,,,,,,,,,,,,,,,,,,,,,,,,,,,,,70.00,,,,,,,false,true,12,2024-04-01,2025-03-31,0
2024-10-31,7988,2025-03-31,2,,,,,,,,,,,,,,,,,,,,,,,,,,,,,,,,,100257053,3015415,97930692,false,false,6,2024-04-01,2024-09-30,0
2024-10-31,7988,2024-03-31,2,,,,,,,,,,,,,,,,,,,,,,,,,,,,,,,,,,,99797364,false,false,6,2023-04-01,2023-09-30,-1
2025-02-04,7988,2025-03-31,3,264020000000,-0.036,,,,,37862000000,0.201,40403000000,0.166,,27919000000,,286.66,,,,,,362919000000,254793000000,0.693,2627.41,251534000000,,,,,,,,,,,,true,false,9,2024-04-01,2024-12-31,0
2025-02-04,7988,2024-03-31,3,273779000000,0.169,,,,,31513000000,0.237,34642000000,0.191,,23408000000,,234.82,,,,,,,,,,,,,,,,,,,,,,true,false,9,2023-04-01,2023-12-31,-1
2025-02-04,7988,2025-03-31,3,351000000000,-0.056,,,,,48000000000,0.093,49000000000,-0.013,,33000000000,,340.16,,,,,,,,,,,,,,,,,,,,,,true,true,12,2024-04-01,2025-03-31,0
2025-02-04,7988,2024-03-31,3,,,,,,,,,,,,,,,,,,,,380405000000,247052000000,0.641,2455.97,243695000000,,,,,,,,,,,,true,false,12,2023-04-01,2024-03-31,-1
2025-02-04,7988,2024-03-31,3,,,,,,,,,,,,,,,,,,,,,,,,,,,,,64.00,,,,100257053,1031017,,false,false,12,2023-04-01,2024-03-31,-1
2025-02-04,7988,2025-03-31,3,,,,,,,,,,,,,,,,,,,,,,,,,,,,,35.00,,,,,,,false,false,12,2024-04-01,2025-03-31,0
2025-02-04,7988,2025-03-31,3,,,,,,,,,,,,,,,,,,,,,,,,,,,,,75.00,,,,,,,false,true,12,2024-04-01,2025-03-31,0
2025-02-04,7988,2025-03-31,3,,,,,,,,,,,,,,,,,,,,,,,,,,,,,,,,,100257053,4522239,97396294,false,false,9,2024-04-01,2024-12-31,0
2025-02-04,7988,2024-03-31,3,,,,,,,,,,,,,,,,,,,,,,,,,,,,,,,,,,,99686497,false,false,9,2023-04-01,2023-12-31,-1
2025-05-12,7988,2025-03-31,,353038000000,-0.050,,,,,49200000000,0.120,52147000000,0.050,,44767000000,,461.95,,0.173,0.137,0.139,,379816000000,278725000000,0.724,2888.37,274967000000,54217000000,-23891000000,-35154000000,141097000000,,0.162,,,,,,true,false,12,2024-04-01,2025-03-31,0
2025-05-12,7988,2024-03-31,,371639000000,0.155,,,,,43925000000,0.275,49665000000,0.311,,18252000000,,183.26,,0.078,0.134,0.118,,380405000000,247052000000,0.641,2455.97,243695000000,47257000000,-8135000000,-26024000000,142024000000,,0.349,,,,,,true,false,12,2023-04-01,2024-03-31,-1
2025-05-12,7988,2026-03-31,,348000000000,-0.014,,,,,49500000000,0.006,49500000000,-0.051,,30600000000,,315.76,,,,,,,,,,,,,,,,0.253,,,,,,true,true,12,2025-04-01,2026-03-31,1
2025-05-12,7988,2024-03-31,,,,,,,,,,,,,,,,,,,,,,,,,,,,,,64.00,,,,100257053,1031017,99599221,false,false,12,2023-04-01,2024-03-31,-1
2025-05-12,7988,2025-03-31,,,,,,,,,,,,,,,,,,,,,,,,,,,,,,75.00,,,,100257053,5058850,96910332,false,false,12,2024-04-01,2025-03-31,0
2025-05-12,7988,2026-03-31,,,,,,,,,,,,,,,,,,,,,,,,,,,,,,80.00,,,,,,,false,true,12,2025-04-01,2026-03-31,1
2025-07-31,7988,2026-03-31,1,85541000000,-0.007,,,,,12999000000,0.093,12593000000,-0.110,,9831000000,,103.28,,,,,,356209000000,275095000000,0.765,2860.77,272340000000,,,,,,,,,,,,true,false,3,2025-04-01,2025-06-30,0
2025-07-31,7988,2025-03-31,1,86139000000,-0.021,,,,,11889000000,0.172,14145000000,0.055,,8842000000,,89.97,88.87,,,,,,,,,,,,,,,,,,,,,true,false,3,2024-04-01,2024-06-30,-1
2025-07-31,7988,2026-03-31,1,348000000000,-0.014,,,,,49500000000,0.006,49500000000,-0.051,,30600000000,,315.76,,,,,,,,,,,,,,,,,,,,,,true,true,12,2025-04-01,2026-03-31,0
2025-07-31,7988,2025-03-31,1,,,,,,,,,,,,,,,,,,,,379816000000,278725000000,0.724,2888.37,274967000000,,,,,,,,,,,,true,false,12,2024-04-01,2025-03-31,-1
2025-07-31,7988,2025-03-31,1,,,,,,,,,,,,,,,,,,,,,,,,,,,,,75.00,,,,100257053,5058850,,false,false,12,2024-04-01,2025-03-31,-1
2025-07-31,7988,2026-03-31,1,,,,,,,,,,,,,,,,,,,,,,,,,,,,,80.00,,,,,,,false,true,12,2025-04-01,2026-03-31,0
2025-07-31,7988,2026-03-31,1,,,,,,,,,,,,,,,,,,,,,,,,,,,,,,,,,100257053,5058904,95198165,false,false,3,2025-04-01,2025-06-30,0
2025-07-31,7988,2025-03-31,1,,,,,,,,,,,,,,,,,,,,,,,,,,,,,,,,,,,98284209,false,false,3,2024-04-01,2024-06-30,-1
