filing_date,code,fiscal_year_end,quarterly_period,net_sales,net_sales_change,revenue,revenue_change,operating_revenue,operating_revenue_change,operating_profit,operating_profit_change,ordinary_profit,ordinary_profit_change,net_income,net_income_of_parent,net_income_change,eps,diluted_eps,roe,roa,operating_profit_to_net_sales,operating_profit_to_revenue,total_assets,net_assets,equity_ratio,bps,owner_equity,operating_cash_flow,investing_cash_flow,financing_cash_flow,cash,dividend_per_share,payout_ratio,commemorative_dividend,extra_dividend,number_of_shares,number_of_treqsury_shares,avg_number_of_shares,is_consolidated,is_forecast,duration,period_start,period_end,period_pos
2015-07-31,79920,2015-12-31,2,3085000000,-0.005,,,,,41000000,0.925,34000000,,72000000,,,0.58,0.58,,,,,5589000000,2105000000,0.368,16.52,2056000000,,,,,,,,,,,,true,false,6,2015-01-01,2015-06-30,0
2015-07-31,79920,2014-12-31,2,3102000000,0.145,,,,,21000000,,-86000000,,-86000000,,,-0.83,,,,,,,,,,,,,,,,,,,,,,true,false,6,2014-01-01,2014-06-30,-1
2015-07-31,79920,2015-12-31,2,6300000000,0.021,,,,,110000000,,85000000,,80000000,,,0.64,,,,,,,,,,,,,,,,,,,,,,true,true,12,2015-01-01,2015-12-31,0
2015-07-31,79920,2014-12-31,2,,,,,,,,,,,,,,,,,,,,5747000000,1950000000,0.332,15.35,1909000000,,,,,,,,,,,,true,false,12,2014-01-01,2014-12-31,-1
2015-07-31,79920,2014-12-31,2,,,,,,,,,,,,,,,,,,,,,,,,,,,,,0.00,,,,124569611,132826,,false,false,12,2014-01-01,2014-12-31,-1
2015-07-31,79920,2015-12-31,2,,,,,,,,,,,,,,,,,,,,,,,,,,,,,0.00,,,,,,,false,false,12,2015-01-01,2015-12-31,0
2015-07-31,79920,2015-12-31,2,,,,,,,,,,,,,,,,,,,,,,,,,,,,,0.00,,,,,,,false,true,12,2015-01-01,2015-12-31,0
2015-07-31,79920,2015-12-31,2,,,,,,,,,,,,,,,,,,,,,,,,,,,,,,,,,124569611,134499,124436270,false,false,6,2015-01-01,2015-06-30,0
2015-07-31,79920,2014-12-31,2,,,,,,,,,,,,,,,,,,,,,,,,,,,,,,,,,,,104782763,false,false,6,2014-01-01,2014-06-30,-1
2015-07-31,79920,2015-12-31,,3085000000,-0.030,,,,,41000000,-0.316,34000000,-0.242,72000000,,0.210,0.58,,,,,,,,,,,,,,,,,,,,,,true,true,6,2015-01-01,2015-06-30,0
2015-07-31,79920,2014-12-31,,3102000000,,,,,,21000000,,-86000000,,-86000000,,,,,,,,,,,,,,,,,,,,,,,,,true,false,6,2014-01-01,2014-06-30,-1
2015-10-30,79920,2015-12-31,3,4492000000,-0.018,,,,,26000000,,1000000,,18000000,,,0.15,0.15,,,,,5447000000,2071000000,0.367,16.00,2000000000,,,,,,,,,,,,true,false,9,2015-01-01,2015-09-30,0
2015-10-30,79920,2014-12-31,3,4575000000,0.152,,,,,-33000000,,-154000000,,-80000000,,,-0.73,,,,,,,,,,,,,,,,,,,,,,true,false,9,2014-01-01,2014-09-30,-1
2015-10-30,79920,2015-12-31,3,6300000000,0.021,,,,,110000000,,85000000,,80000000,,,0.64,,,,,,,,,,,,,,,,,,,,,,true,true,12,2015-01-01,2015-12-31,0
2015-10-30,79920,2014-12-31,3,,,,,,,,,,,,,,,,,,,,5747000000,1950000000,0.332,15.35,1909000000,,,,,,,,,,,,true,false,12,2014-01-01,2014-12-31,-1
2015-10-30,79920,2014-12-31,3,,,,,,,,,,,,,,,,,,,,,,,,,,,,,0.00,,,,124569611,132826,,false,false,12,2014-01-01,2014-12-31,-1
2015-10-30,79920,2015-12-31,3,,,,,,,,,,,,,,,,,,,,,,,,,,,,,0.00,,,,,,,false,false,12,2015-01-01,2015-12-31,0
2015-10-30,79920,2015-12-31,3,,,,,,,,,,,,,,,,,,,,,,,,,,,,,0.00,,,,,,,false,true,12,2015-01-01,2015-12-31,0
2015-10-30,79920,2015-12-31,3,,,,,,,,,,,,,,,,,,,,,,,,,,,,,,,,,125209611,135094,124627793,false,false,9,2015-01-01,2015-09-30,0
2015-10-30,79920,2014-12-31,3,,,,,,,,,,,,,,,,,,,,,,,,,,,,,,,,,,,110679093,false,false,9,2014-01-01,2014-09-30,-1
2016-02-15,79920,2015-12-31,,6117000000,-0.009,,,,,-47000000,,-82000000,,-151000000,,,-1.21,,-0.081,-0.015,-0.008,,5439000000,1881000000,0.336,14.61,1827000000,1000000,61000000,-244000000,1491000000,,,,,,,,true,false,12,2015-01-01,2015-12-31,0
2016-02-15,79920,2014-12-31,,6172000000,0.117,,,,,-91000000,,-238000000,,-209000000,,,-1.84,,-0.170,-0.045,-0.015,,5747000000,1950000000,0.332,15.35,1909000000,-265000000,71000000,1122000000,1662000000,,,,,,,,true,false,12,2014-01-01,2014-12-31,-1
2016-02-15,79920,2016-12-31,,3080000000,-0.002,,,,,30000000,-0.269,20000000,-0.413,,0,,0.00,,,,,,,,,,,,,,,,,,,,,,true,true,6,2016-01-01,2016-06-30,1
2016-02-15,79920,2016-12-31,,6180000000,0.010,,,,,80000000,,60000000,,,20000000,,0.16,,,,,,,,,,,,,,,,,,,,,,true,true,12,2016-01-01,2016-12-31,1
2016-02-15,79920,2015-12-31,,5801000000,0.026,,,,,-56000000,,-118000000,,-159000000,,,-1.28,,,,,,4981000000,1629000000,0.327,13.03,1629000000,,,,,0.00,,,,125219611,135367,124732400,false,false,12,2015-01-01,2015-12-31,0
2016-02-15,79920,2014-12-31,,5656000000,0.054,,,,,-56000000,,-219000000,,-148000000,,,-1.30,,,,,,5477000000,1734000000,0.317,13.94,1734000000,,,,,0.00,,,,124569611,132826,113853985,false,false,12,2014-01-01,2014-12-31,-1
2016-02-15,79920,2016-12-31,,2930000000,-0.001,,,,,,,0,,-10000000,,,-0.08,,,,,,,,,,,,,,,,,,,,,,false,true,6,2016-01-01,2016-06-30,1
2016-02-15,79920,2016-12-31,,5880000000,0.014,,,,,,,20000000,,0,,,0.00,,,,,,,,,,,,,,,0.00,,,,,,,false,true,12,2016-01-01,2016-12-31,1
2016-04-28,79920,2016-12-31,1,1517000000,-0.056,,,,,27000000,-0.076,33000000,-0.149,,22000000,,0.18,,,,,,5363000000,1911000000,0.345,14.81,1852000000,,,,,,,,,,,,true,false,3,2016-01-01,2016-03-31,0
2016-04-28,79920,2015-12-31,1,1607000000,-0.017,,,,,29000000,,39000000,,,92000000,,0.74,0.74,,,,,,,,,,,,,,,,,,,,,true,false,3,2015-01-01,2015-03-31,-1
2016-04-28,79920,2016-12-31,1,3080000000,-0.002,,,,,30000000,-0.269,20000000,-0.413,,0,,0.00,,,,,,,,,,,,,,,,,,,,,,true,true,6,2016-01-01,2016-06-30,0
2016-04-28,79920,2016-12-31,1,6180000000,0.010,,,,,80000000,,60000000,,,20000000,,0.16,,,,,,,,,,,,,,,,,,,,,,true,true,12,2016-01-01,2016-12-31,0
2016-04-28,79920,2015-12-31,1,,,,,,,,,,,,,,,,,,,,5439000000,1881000000,0.336,14.61,1827000000,,,,,,,,,,,,true,false,12,2015-01-01,2015-12-31,-1
2016-04-28,79920,2015-12-31,1,,,,,,,,,,,,,,,,,,,,,,,,,,,,,0.00,,,,125219611,135367,,false,false,12,2015-01-01,2015-12-31,-1
2016-04-28,79920,2016-12-31,1,,,,,,,,,,,,,,,,,,,,,,,,,,,,,0.00,,,,,,,false,true,12,2016-01-01,2016-12-31,0
2016-04-28,79920,2016-12-31,1,,,,,,,,,,,,,,,,,,,,,,,,,,,,,,,,,125219611,136167,125084044,false,false,3,2016-01-01,2016-03-31,0
2016-04-28,79920,2015-12-31,1,,,,,,,,,,,,,,,,,,,,,,,,,,,,,,,,,,,124436785,false,false,3,2015-01-01,2015-03-31,-1
2016-07-29,79920,2016-12-31,2,2958000000,-0.041,,,,,29000000,-0.290,34000000,0.008,,8000000,,0.07,,,,,,5373000000,1873000000,0.336,14.45,1807000000,,,,,,,,,,,,true,false,6,2016-01-01,2016-06-30,0
2016-07-29,79920,2015-12-31,2,3085000000,-0.005,,,,,41000000,0.925,34000000,,,72000000,,0.58,0.58,,,,,,,,,,,,,,,,,,,,,true,false,6,2015-01-01,2015-06-30,-1
2016-07-29,79920,2016-12-31,2,6180000000,0.010,,,,,80000000,,60000000,,,20000000,,0.16,,,,,,,,,,,,,,,,,,,,,,true,true,12,2016-01-01,2016-12-31,0
2016-07-29,79920,2015-12-31,2,,,,,,,,,,,,,,,,,,,,5439000000,1881000000,0.336,14.61,1827000000,,,,,,,,,,,,true,false,12,2015-01-01,2015-12-31,-1
2016-07-29,79920,2015-12-31,2,,,,,,,,,,,,,,,,,,,,,,,,,,,,,0.00,,,,125219611,135367,,false,false,12,2015-01-01,2015-12-31,-1
2016-07-29,79920,2016-12-31,2,,,,,,,,,,,,,,,,,,,,,,,,,,,,,0.00,,,,,,,false,false,12,2016-01-01,2016-12-31,0
2016-07-29,79920,2016-12-31,2,,,,,,,,,,,,,,,,,,,,,,,,,,,,,0.00,,,,,,,false,true,12,2016-01-01,2016-12-31,0
2016-07-29,79920,2016-12-31,2,,,,,,,,,,,,,,,,,,,,,,,,,,,,,,,,,125219611,136167,125083787,false,false,6,2016-01-01,2016-06-30,0
2016-07-29,79920,2015-12-31,2,,,,,,,,,,,,,,,,,,,,,,,,,,,,,,,,,,,124436270,false,false,6,2015-01-01,2015-06-30,-1
2016-10-31,79920,2016-12-31,3,4464000000,-0.006,,,,,16000000,-0.383,3000000,1.146,,-77000000,,-0.62,,,,,,4949000000,1801000000,0.346,13.70,1713000000,,,,,,,,,,,,true,false,9,2016-01-01,2016-09-30,0
2016-10-31,79920,2015-12-31,3,4492000000,-0.018,,,,,26000000,,1000000,,,18000000,,0.15,0.15,,,,,,,,,,,,,,,,,,,,,true,false,9,2015-01-01,2015-09-30,-1
2016-10-31,79920,2016-12-31,3,6180000000,0.010,,,,,80000000,,60000000,,,20000000,,0.16,,,,,,,,,,,,,,,,,,,,,,true,true,12,2016-01-01,2016-12-31,0
2016-10-31,79920,2015-12-31,3,,,,,,,,,,,,,,,,,,,,5439000000,1881000000,0.336,14.61,1827000000,,,,,,,,,,,,true,false,12,2015-01-01,2015-12-31,-1
2016-10-31,79920,2015-12-31,3,,,,,,,,,,,,,,,,,,,,,,,,,,,,,0.00,,,,125219611,135367,,false,false,12,2015-01-01,2015-12-31,-1
2016-10-31,79920,2016-12-31,3,,,,,,,,,,,,,,,,,,,,,,,,,,,,,0.00,,,,,,,false,false,12,2016-01-01,2016-12-31,0
2016-10-31,79920,2016-12-31,3,,,,,,,,,,,,,,,,,,,,,,,,,,,,,0.00,,,,,,,false,true,12,2016-01-01,2016-12-31,0
2016-10-31,79920,2016-12-31,3,,,,,,,,,,,,,,,,,,,,,,,,,,,,,,,,,125219611,136277,125083673,false,false,9,2016-01-01,2016-09-30,0
2016-10-31,79920,2015-12-31,3,,,,,,,,,,,,,,,,,,,,,,,,,,,,,,,,,,,124627793,false,false,9,2015-01-01,2015-09-30,-1
2017-02-14,79920,2016-12-31,,5978000000,-0.023,,,,,47000000,,28000000,,,-24000000,,-0.19,,-0.013,0.005,0.008,,5131000000,1836000000,0.347,14.24,1781000000,-143000000,-100000000,-151000000,1052000000,,,,,,,,true,false,12,2016-01-01,2016-12-31,0
2017-02-14,79920,2015-12-31,,6117000000,-0.009,,,,,-47000000,,-82000000,,,-151000000,,-1.21,,-0.081,-0.015,-0.008,,5439000000,1881000000,0.336,14.61,1827000000,1000000,61000000,-244000000,1491000000,,,,,,,,true,false,12,2015-01-01,2015-12-31,-1
2017-02-14,79920,2017-12-31,,3214000000,0.087,,,,,65000000,1.241,55000000,0.618,,35000000,,0.28,,,,,,,,,,,,,,,,,,,,,,true,true,6,2017-01-01,2017-06-30,1
2017-02-14,79920,2017-12-31,,6400000000,0.071,,,,,130000000,1.766,110000000,2.929,,70000000,,0.56,,,,,,,,,,,,,,,,,,,,,,true,true,12,2017-01-01,2017-12-31,1
2017-02-14,79920,2016-12-31,,5581000000,-0.038,,,,,11000000,,-17000000,,-46000000,,,-0.37,,,,,,4726000000,1584000000,0.335,12.67,1584000000,,,,,0.00,,,,125219611,136277,125083595,false,false,12,2016-01-01,2016-12-31,0
2017-02-14,79920,2015-12-31,,5801000000,0.026,,,,,-56000000,,-118000000,,-159000000,,,-1.28,,,,,,4981000000,1629000000,0.327,13.03,1629000000,,,,,0.00,,,,125219611,135367,124732400,false,false,12,2015-01-01,2015-12-31,-1
2017-02-14,79920,2017-12-31,,,,,,,,,,,,,,,,,,,,,,,,,,,,,,0.00,,,,,,,false,true,12,2017-01-01,2017-12-31,1
2017-04-28,79920,2017-12-31,1,1580000000,0.042,,,,,48000000,0.777,70000000,1.088,,69000000,,0.56,,,,,,5182000000,1923000000,0.358,14.83,1854000000,,,,,,,,,,,,true,false,3,2017-01-01,2017-03-31,0
2017-04-28,79920,2016-12-31,1,1517000000,-0.056,,,,,27000000,-0.076,33000000,-0.149,,22000000,,0.18,,,,,,,,,,,,,,,,,,,,,,true,false,3,2016-01-01,2016-03-31,-1
2017-04-28,79920,2017-12-31,1,3214000000,0.087,,,,,65000000,1.241,55000000,0.618,,35000000,,0.28,,,,,,,,,,,,,,,,,,,,,,true,true,6,2017-01-01,2017-06-30,0
2017-04-28,79920,2017-12-31,1,6400000000,0.010,,,,,130000000,1.766,110000000,2.929,,70000000,,0.56,,,,,,,,,,,,,,,,,,,,,,true,true,12,2017-01-01,2017-12-31,0
2017-04-28,79920,2016-12-31,1,,,,,,,,,,,,,,,,,,,,5131000000,1836000000,0.347,14.24,1781000000,,,,,,,,,,,,true,false,12,2016-01-01,2016-12-31,-1
2017-04-28,79920,2016-12-31,1,,,,,,,,,,,,,,,,,,,,,,,,,,,,,0.00,,,,125219611,136277,,false,false,12,2016-01-01,2016-12-31,-1
2017-04-28,79920,2017-12-31,1,,,,,,,,,,,,,,,,,,,,,,,,,,,,,0.00,,,,,,,false,true,12,2017-01-01,2017-12-31,0
2017-04-28,79920,2017-12-31,1,,,,,,,,,,,,,,,,,,,,,,,,,,,,,,,,,125219611,136489,125083281,false,false,3,2017-01-01,2017-03-31,0
2017-04-28,79920,2016-12-31,1,,,,,,,,,,,,,,,,,,,,,,,,,,,,,,,,,,,125084044,false,false,3,2016-01-01,2016-03-31,-1
2017-07-31,79920,2017-12-31,2,2947000000,-0.004,,,,,16000000,-0.427,34000000,0.006,,67000000,,5.42,,,,,,4847000000,1817000000,0.375,145.31,1817000000,,,,,,,,,,,,true,false,6,2017-01-01,2017-06-30,0
2017-07-31,79920,2016-12-31,2,2958000000,-0.041,,,,,29000000,-0.290,34000000,0.008,,8000000,,0.65,,,,,,,,,,,,,,,,,,,,,,true,false,6,2016-01-01,2016-06-30,-1
2017-07-31,79920,2017-12-31,2,6010000000,0.005,,,,,83000000,0.764,93000000,2.310,,167000000,,13.35,,,,,,,,,,,,,,,,,,,,,,true,true,12,2017-01-01,2017-12-31,0
2017-07-31,79920,2016-12-31,2,,,,,,,,,,,,,,,,,,,,5131000000,1836000000,0.347,142.45,1781000000,,,,,,,,,,,,true,false,12,2016-01-01,2016-12-31,-1
2017-07-31,79920,2016-12-31,2,,,,,,,,,,,,,,,,,,,,,,,,,,,,,0.00,,,,12521961,13672,,false,false,12,2016-01-01,2016-12-31,-1
2017-07-31,79920,2017-12-31,2,,,,,,,,,,,,,,,,,,,,,,,,,,,,,0.00,,,,,,,false,false,12,2017-01-01,2017-12-31,0
2017-07-31,79920,2017-12-31,2,,,,,,,,,,,,,,,,,,,,,,,,,,,,,0.00,,,,,,,false,true,12,2017-01-01,2017-12-31,0
2017-07-31,79920,2017-12-31,2,,,,,,,,,,,,,,,,,,,,,,,,,,,,,,,,,12521961,13922,12508254,false,false,6,2017-01-01,2017-06-30,0
2017-07-31,79920,2016-12-31,2,,,,,,,,,,,,,,,,,,,,,,,,,,,,,,,,,,,12508379,false,false,6,2016-01-01,2016-06-30,-1
2017-10-31,79920,2017-12-31,3,4227000000,-0.053,,,,,-8000000,,13000000,2.889,,91000000,,7.35,,,,,,4734000000,1818000000,0.384,145.41,1818000000,,,,,,,,,,,,true,false,9,2017-01-01,2017-09-30,0
2017-10-31,79920,2016-12-31,3,4464000000,-0.006,,,,,16000000,-0.383,3000000,1.146,,-77000000,,-6.21,,,,,,,,,,,,,,,,,,,,,,true,false,9,2016-01-01,2016-09-30,-1
2017-10-31,79920,2017-12-31,3,6010000000,0.005,,,,,83000000,0.764,93000000,2.310,,167000000,,13.35,,,,,,,,,,,,,,,,,,,,,,true,true,12,2017-01-01,2017-12-31,0
2017-10-31,79920,2016-12-31,3,,,,,,,,,,,,,,,,,,,,5131000000,1836000000,0.347,142.45,1781000000,,,,,,,,,,,,true,false,12,2016-01-01,2016-12-31,-1
2017-10-31,79920,2016-12-31,3,,,,,,,,,,,,,,,,,,,,,,,,,,,,,0.00,,,,12251961,13627,,false,false,12,2016-01-01,2016-12-31,-1
2017-10-31,79920,2017-12-31,3,,,,,,,,,,,,,,,,,,,,,,,,,,,,,0.00,,,,,,,false,false,12,2017-01-01,2017-12-31,0
2017-10-31,79920,2017-12-31,3,,,,,,,,,,,,,,,,,,,,,,,,,,,,,0.00,,,,,,,false,true,12,2017-01-01,2017-12-31,0
2017-10-31,79920,2017-12-31,3,,,,,,,,,,,,,,,,,,,,,,,,,,,,,,,,,12521961,14605,12508030,false,false,9,2017-01-01,2017-09-30,0
2017-10-31,79920,2016-12-31,3,,,,,,,,,,,,,,,,,,,,,,,,,,,,,,,,,,,12508367,false,false,9,2016-01-01,2016-09-30,-1
2018-02-14,79920,2017-12-31,,5694000000,-0.048,,,,,16000000,-0.657,16000000,-0.409,,99000000,,7.98,,0.055,0.003,0.003,,4800000000,1829000000,0.381,146.29,1829000000,-33000000,-94000000,-186000000,770000000,,,,,,,,true,false,12,2017-01-01,2017-12-31,0
2018-02-14,79920,2016-12-31,,5978000000,-0.023,,,,,47000000,,28000000,,,-24000000,,-1.93,,-0.013,0.005,0.008,,5131000000,1836000000,0.347,142.45,1781000000,-143000000,-100000000,-151000000,1052000000,,,,,,,,true,false,12,2016-01-01,2016-12-31,-1
2018-02-14,79920,2018-12-31,,2990000000,0.014,,,,,65000000,2.894,65000000,0.880,,40000000,,2.64,,,,,,,,,,,,,,,,,,,,,,true,true,6,2018-01-01,2018-06-30,1
2018-02-14,79920,2018-12-31,,5850000000,0.027,,,,,125000000,6.747,125000000,6.531,,95000000,,7.20,,,,,,,,,,,,,,,,,,,,,,true,true,12,2018-01-01,2018-12-31,1
2018-02-14,79920,2016-12-31,,,,,,,,,,,,,,,,,,,,,,,,,,,,,,0.00,,,,12521961,13627,12508359,false,false,12,2016-01-01,2016-12-31,-1
2018-02-14,79920,2017-12-31,,,,,,,,,,,,,,,,,,,,,,,,,,,,,,0.00,,,,12521961,14833,12507827,false,false,12,2017-01-01,2017-12-31,0
2018-02-14,79920,2018-12-31,,,,,,,,,,,,,,,,,,,,,,,,,,,,,,0.00,,,,,,,false,true,12,2018-01-01,2018-12-31,1
2018-04-27,79920,2018-12-31,1,1510000000,-0.044,,,,,32000000,-0.325,48000000,-0.320,,43000000,,3.46,,,,,,5079000000,1872000000,0.369,,1872000000,,,,,,,,,,,,true,false,3,2018-01-01,2018-03-31,0
2018-04-27,79920,2017-12-31,1,1580000000,0.042,,,,,48000000,0.777,70000000,1.088,,69000000,,5.58,,,,,,,,,,,,,,,,,,,,,,true,false,3,2017-01-01,2017-03-31,-1
2018-04-27,79920,2018-12-31,1,2990000000,0.014,,,,,65000000,2.894,65000000,0.880,,40000000,,2.64,,,,,,,,,,,,,,,,,,,,,,true,true,6,2018-01-01,2018-06-30,0
2018-04-27,79920,2018-12-31,1,5850000000,0.027,,,,,125000000,6.747,125000000,6.531,,95000000,,7.20,,,,,,,,,,,,,,,,,,,,,,true,true,12,2018-01-01,2018-12-31,0
2018-04-27,79920,2017-12-31,1,,,,,,,,,,,,,,,,,,,,4800000000,1829000000,0.381,,1829000000,,,,,,,,,,,,true,false,12,2017-01-01,2017-12-31,-1
2018-04-27,79920,2017-12-31,1,,,,,,,,,,,,,,,,,,,,,,,,,,,,,0.00,,,,12521961,14833,,false,false,12,2017-01-01,2017-12-31,-1
2018-04-27,79920,2018-12-31,1,,,,,,,,,,,,,,,,,,,,,,,,,,,,,0.00,,,,,,,false,true,12,2018-01-01,2018-12-31,0
2018-04-27,79920,2018-12-31,1,,,,,,,,,,,,,,,,,,,,,,,,,,,,,,,,,12521961,14931,12507095,false,false,3,2018-01-01,2018-03-31,0
2018-04-27,79920,2017-12-31,1,,,,,,,,,,,,,,,,,,,,,,,,,,,,,,,,,,,12508328,false,false,3,2017-01-01,2017-03-31,-1
2018-07-31,79920,2018-12-31,2,2865000000,-0.028,,,,,40000000,1.435,44000000,0.285,,42000000,,3.21,,,,,,5403000000,2461000000,0.456,,2461000000,,,,,,,,,,,,true,false,6,2018-01-01,2018-06-30,0
2018-07-31,79920,2017-12-31,2,2947000000,-0.004,,,,,16000000,-0.427,34000000,0.006,,67000000,,5.42,,,,,,,,,,,,,,,,,,,,,,true,false,6,2017-01-01,2017-06-30,-1
2018-07-31,79920,2018-12-31,2,5850000000,0.027,,,,,125000000,6.747,125000000,6.531,,95000000,,7.20,,,,,,,,,,,,,,,,,,,,,,true,true,12,2018-01-01,2018-12-31,0
2018-07-31,79920,2017-12-31,2,,,,,,,,,,,,,,,,,,,,4800000000,1829000000,0.381,,1829000000,,,,,,,,,,,,true,false,12,2017-01-01,2017-12-31,-1
2018-07-31,79920,2017-12-31,2,,,,,,,,,,,,,,,,,,,,,,,,,,,,,0.00,,,,12521961,14833,,false,false,12,2017-01-01,2017-12-31,-1
2018-07-31,79920,2018-12-31,2,,,,,,,,,,,,,,,,,,,,,,,,,,,,,0.00,,,,,,,false,true,12,2018-01-01,2018-12-31,0
2018-07-31,79920,2018-12-31,2,,,,,,,,,,,,,,,,,,,,,,,,,,,,,,,,,14621961,15066,13107019,false,false,6,2018-01-01,2018-06-30,0
2018-07-31,79920,2017-12-31,2,,,,,,,,,,,,,,,,,,,,,,,,,,,,,,,,,,,12508254,false,false,6,2017-01-01,2017-06-30,-1
2018-10-31,79920,2018-12-31,3,4003000000,0.053,,,,,-33000000,,-37000000,,,-75000000,,-5.54,,,,,,5144000000,2339000000,0.455,,2339000000,,,,,,,,,,,,true,false,9,2018-01-01,2018-09-30,0
2018-10-31,79920,2017-12-31,3,4227000000,-0.053,,,,,-8000000,,13000000,2.889,,91000000,,7.35,,,,,,,,,,,,,,,,,,,,,,true,false,9,2017-01-01,2017-09-30,-1
2018-10-31,79920,2018-12-31,3,5365000000,-0.058,,,,,16000000,-0.008,1000000,-0.940,,10000000,,0.72,,,,,,,,,,,,,,,,,,,,,,true,true,12,2018-01-01,2018-12-31,0
2018-10-31,79920,2017-12-31,3,,,,,,,,,,,,,,,,,,,,4800000000,1829000000,0.381,,1829000000,,,,,,,,,,,,true,false,12,2017-01-01,2017-12-31,-1
2018-10-31,79920,2017-12-31,3,,,,,,,,,,,,,,,,,,,,,,,,,,,,,0.00,,,,12521961,14833,,false,false,12,2017-01-01,2017-12-31,-1
2018-10-31,79920,2018-12-31,3,,,,,,,,,,,,,,,,,,,,,,,,,,,,,0.00,,,,,,,false,false,12,2018-01-01,2018-12-31,0
2018-10-31,79920,2018-12-31,3,,,,,,,,,,,,,,,,,,,,,,,,,,,,,0.00,,,,,,,false,true,12,2018-01-01,2018-12-31,0
2018-10-31,79920,2018-12-31,3,,,,,,,,,,,,,,,,,,,,,,,,,,,,,,,,,14621961,15132,13556975,false,false,9,2018-01-01,2018-09-30,0
2018-10-31,79920,2017-12-31,3,,,,,,,,,,,,,,,,,,,,,,,,,,,,,,,,,,,12508030,false,false,9,2017-01-01,2017-09-30,-1
2018-10-31,79920,2018-12-31,3,4003000000,-0.053,,,,,-33000000,,-37000000,,,-75000000,,-5.54,,,,,,5144000000,2339000000,0.455,,2339000000,,,,,,,,,,,,true,false,9,2018-01-01,2018-09-30,0
2018-10-31,79920,2017-12-31,3,4227000000,-0.053,,,,,-8000000,,13000000,2.889,,91000000,,7.35,,,,,,,,,,,,,,,,,,,,,,true,false,9,2017-01-01,2017-09-30,-1
2018-10-31,79920,2018-12-31,3,5363000000,-0.058,,,,,16000000,-0.008,1000000,-0.940,,10000000,,0.72,,,,,,,,,,,,,,,,,,,,,,true,true,12,2018-01-01,2018-12-31,0
2018-10-31,79920,2017-12-31,3,,,,,,,,,,,,,,,,,,,,4800000000,1829000000,0.381,,1829000000,,,,,,,,,,,,true,false,12,2017-01-01,2017-12-31,-1
2018-10-31,79920,2017-12-31,3,,,,,,,,,,,,,,,,,,,,,,,,,,,,,0.00,,,,12521961,14833,,false,false,12,2017-01-01,2017-12-31,-1
2018-10-31,79920,2018-12-31,3,,,,,,,,,,,,,,,,,,,,,,,,,,,,,0.00,,,,,,,false,false,12,2018-01-01,2018-12-31,0
2018-10-31,79920,2018-12-31,3,,,,,,,,,,,,,,,,,,,,,,,,,,,,,0.00,,,,,,,false,true,12,2018-01-01,2018-12-31,0
2018-10-31,79920,2018-12-31,3,,,,,,,,,,,,,,,,,,,,,,,,,,,,,,,,,14621961,15132,13556975,false,false,9,2018-01-01,2018-09-30,0
2018-10-31,79920,2017-12-31,3,,,,,,,,,,,,,,,,,,,,,,,,,,,,,,,,,,,12508030,false,false,9,2017-01-01,2017-09-30,-1
2019-02-14,79920,2018-12-31,,5400000000,-0.052,,,,,-69000000,,-95000000,,,-88000000,,-6.43,,-0.043,-0.019,-0.013,,5173000000,2328000000,0.450,159.39,2328000000,-164000000,3000000,562000000,1172000000,,,,,,,,true,false,12,2018-01-01,2018-12-31,0
2019-02-14,79920,2017-12-31,,5694000000,-0.048,,,,,16000000,-0.657,16000000,-0.409,,99000000,,7.98,,0.055,0.003,0.003,,4800000000,1829000000,0.381,146.29,1829000000,-33000000,-94000000,-186000000,770000000,,,,,,,,true,false,12,2017-01-01,2017-12-31,-1
2019-02-14,79920,2019-12-31,,2995000000,0.045,,,,,54000000,0.328,45000000,0.013,,32000000,,2.19,,,,,,,,,,,,,,,,,,,,,,true,true,6,2019-01-01,2019-06-30,1
2019-02-14,79920,2019-12-31,,5870000000,0.087,,,,,120000000,,100000000,,,70000000,,4.79,,,,,,,,,,,,,,,,,,,,,,true,true,12,2019-01-01,2019-12-31,1
2019-02-14,79920,2017-12-31,,,,,,,,,,,,,,,,,,,,,,,,,,,,,,0.00,,,,12521961,14833,12507827,false,false,12,2017-01-01,2017-12-31,-1
2019-02-14,79920,2018-12-31,,,,,,,,,,,,,,,,,,,,,,,,,,,,,,0.00,,,,14621961,15349,13799230,false,false,12,2018-01-01,2018-12-31,0
2019-02-14,79920,2019-12-31,,,,,,,,,,,,,,,,,,,,,,,,,,,,,,0.00,,,,,,,false,true,12,2019-01-01,2019-12-31,1
2019-02-14,79920,2018-12-31,,5400000000,-0.052,,,,,-71000000,,-97000000,,,-90000000,,-6.57,,-0.044,-0.020,-0.013,,5173000000,2326000000,0.450,159.25,2326000000,-164000000,3000000,562000000,1172000000,,,,,,,,true,false,12,2018-01-01,2018-12-31,0
2019-02-14,79920,2017-12-31,,5694000000,-0.048,,,,,16000000,-0.657,16000000,-0.409,,99000000,,7.98,,0.055,0.003,0.003,,4800000000,1829000000,0.381,146.29,1829000000,-33000000,-94000000,-186000000,770000000,,,,,,,,true,false,12,2017-01-01,2017-12-31,-1
2019-02-14,79920,2019-12-31,,2995000000,0.045,,,,,54000000,0.328,45000000,0.013,,32000000,,2.19,,,,,,,,,,,,,,,,,,,,,,true,true,6,2019-01-01,2019-06-30,1
2019-02-14,79920,2019-12-31,,5870000000,0.087,,,,,120000000,,100000000,,,70000000,,4.79,,,,,,,,,,,,,,,,,,,,,,true,true,12,2019-01-01,2019-12-31,1
2019-02-14,79920,2017-12-31,,,,,,,,,,,,,,,,,,,,,,,,,,,,,,0.00,,,,12521961,14833,12507827,false,false,12,2017-01-01,2017-12-31,-1
2019-02-14,79920,2018-12-31,,,,,,,,,,,,,,,,,,,,,,,,,,,,,,0.00,,,,14621961,15349,13799230,false,false,12,2018-01-01,2018-12-31,0
2019-02-14,79920,2019-12-31,,,,,,,,,,,,,,,,,,,,,,,,,,,,,,0.00,,,,,,,false,true,12,2019-01-01,2019-12-31,1
2019-04-26,79920,2019-12-31,1,1281000000,-0.152,,,,,0,-0.992,-0,,,5000000,,0.34,,,,,,5122000000,2335000000,0.456,,2335000000,,,,,,,,,,,,true,false,3,2019-01-01,2019-03-31,0
2019-04-26,79920,2018-12-31,1,1510000000,-0.044,,,,,32000000,-0.325,48000000,-0.320,,43000000,,3.46,,,,,,,,,,,,,,,,,,,,,,true,false,3,2018-01-01,2018-03-31,-1
2019-04-26,79920,2019-12-31,1,2995000000,0.045,,,,,54000000,0.328,45000000,0.013,,32000000,,2.19,,,,,,,,,,,,,,,,,,,,,,true,true,6,2019-01-01,2019-06-30,0
2019-04-26,79920,2019-12-31,1,5870000000,0.087,,,,,120000000,,100000000,,,70000000,,4.79,,,,,,,,,,,,,,,,,,,,,,true,true,12,2019-01-01,2019-12-31,0
2019-04-26,79920,2018-12-31,1,,,,,,,,,,,,,,,,,,,,5173000000,2326000000,0.450,,2326000000,,,,,,,,,,,,true,false,12,2018-01-01,2018-12-31,-1
2019-04-26,79920,2018-12-31,1,,,,,,,,,,,,,,,,,,,,,,,,,,,,,0.00,,,,14621961,15349,,false,false,12,2018-01-01,2018-12-31,-1
2019-04-26,79920,2019-12-31,1,,,,,,,,,,,,,,,,,,,,,,,,,,,,,0.00,,,,,,,false,true,12,2019-01-01,2019-12-31,0
2019-04-26,79920,2019-12-31,1,,,,,,,,,,,,,,,,,,,,,,,,,,,,,,,,,14621961,15349,14606612,false,false,3,2019-01-01,2019-03-31,0
2019-04-26,79920,2018-12-31,1,,,,,,,,,,,,,,,,,,,,,,,,,,,,,,,,,,,12507095,false,false,3,2018-01-01,2018-03-31,-1
2019-07-31,79920,2019-12-31,2,2672000000,-0.067,,,,,-0,,-9000000,,,-10000000,,-0.71,,,,,,5185000000,2321000000,0.448,,2321000000,,,,,,,,,,,,true,false,6,2019-01-01,2019-06-30,0
2019-07-31,79920,2018-12-31,2,2865000000,-0.028,,,,,40000000,1.436,44000000,0.285,,42000000,,3.21,,,,,,,,,,,,,,,,,,,,,,true,false,6,2018-01-01,2018-06-30,-1
2019-07-31,79920,2019-12-31,2,5870000000,0.087,,,,,120000000,,100000000,,,70000000,,4.79,,,,,,,,,,,,,,,,,,,,,,true,true,12,2019-01-01,2019-12-31,0
2019-07-31,79920,2018-12-31,2,,,,,,,,,,,,,,,,,,,,5173000000,2326000000,0.450,,2326000000,,,,,,,,,,,,true,false,12,2018-01-01,2018-12-31,-1
2019-07-31,79920,2018-12-31,2,,,,,,,,,,,,,,,,,,,,,,,,,,,,,0.00,,,,14621961,15349,,false,false,12,2018-01-01,2018-12-31,-1
2019-07-31,79920,2019-12-31,2,,,,,,,,,,,,,,,,,,,,,,,,,,,,,0.00,,,,,,,false,false,12,2019-01-01,2019-12-31,0
2019-07-31,79920,2019-12-31,2,,,,,,,,,,,,,,,,,,,,,,,,,,,,,0.00,,,,,,,false,true,12,2019-01-01,2019-12-31,0
2019-07-31,79920,2019-12-31,2,,,,,,,,,,,,,,,,,,,,,,,,,,,,,,,,,14621961,15435,14606575,false,false,6,2019-01-01,2019-06-30,0
2019-07-31,79920,2018-12-31,2,,,,,,,,,,,,,,,,,,,,,,,,,,,,,,,,,,,13107019,false,false,6,2018-01-01,2018-06-30,-1
2019-10-31,79920,2019-12-31,3,3876000000,-0.032,,,,,-51000000,,-73000000,,,-75000000,,-5.18,,,,,,5119000000,2258000000,0.441,,2258000000,,,,,,,,,,,,true,false,9,2019-01-01,2019-09-30,0
2019-10-31,79920,2018-12-31,3,4003000000,-0.053,,,,,-33000000,,-37000000,,,-75000000,,-5.54,,,,,,,,,,,,,,,,,,,,,,true,false,9,2018-01-01,2018-09-30,-1
2019-10-31,79920,2019-12-31,3,5496000000,0.018,,,,,0,,-33000000,,,-40000000,,-2.74,,,,,,,,,,,,,,,,,,,,,,true,true,12,2019-01-01,2019-12-31,0
2019-10-31,79920,2018-12-31,3,,,,,,,,,,,,,,,,,,,,5173000000,2326000000,0.450,,2326000000,,,,,,,,,,,,true,false,12,2018-01-01,2018-12-31,-1
2019-10-31,79920,2018-12-31,3,,,,,,,,,,,,,,,,,,,,,,,,,,,,,0.00,,,,14621961,15349,,false,false,12,2018-01-01,2018-12-31,-1
2019-10-31,79920,2019-12-31,3,,,,,,,,,,,,,,,,,,,,,,,,,,,,,0.00,,,,,,,false,false,12,2019-01-01,2019-12-31,0
2019-10-31,79920,2019-12-31,3,,,,,,,,,,,,,,,,,,,,,,,,,,,,,0.00,,,,,,,false,true,12,2019-01-01,2019-12-31,0
2019-10-31,79920,2019-12-31,3,,,,,,,,,,,,,,,,,,,,,,,,,,,,,,,,,14621961,15471,14606550,false,false,9,2019-01-01,2019-09-30,0
2019-10-31,79920,2018-12-31,3,,,,,,,,,,,,,,,,,,,,,,,,,,,,,,,,,,,13556975,false,false,9,2018-01-01,2018-09-30,-1
2020-02-14,79920,2019-12-31,,5325000000,-0.014,,,,,-21000000,,-44000000,,,-139000000,,-9.54,,-0.062,-0.009,-0.004,,5013000000,2198000000,0.438,150.50,2198000000,112000000,-30000000,-7000000,1253000000,,,,,,,,true,false,12,2019-01-01,2019-12-31,0
2020-02-14,79920,2018-12-31,,5400000000,-0.052,,,,,-71000000,,-97000000,,,-90000000,,-6.57,,-0.044,-0.020,-0.013,,5173000000,2326000000,0.450,159.25,2326000000,-164000000,3000000,562000000,1172000000,,,,,,,,true,false,12,2018-01-01,2018-12-31,-1
2020-02-14,79920,2020-12-31,,2740000000,0.025,,,,,37000000,,22000000,,,12000000,,0.82,,,,,,,,,,,,,,,,,,,,,,true,true,6,2020-01-01,2020-06-30,1
2020-02-14,79920,2020-12-31,,5700000000,0.066,,,,,75000000,,45000000,,,25000000,,1.71,,,,,,,,,,,,,,,,,,,,,,true,true,12,2020-01-01,2020-12-31,1
2020-02-14,79920,2018-12-31,,,,,,,,,,,,,,,,,,,,,,,,,,,,,,0.00,,,,14621961,15349,13799230,false,false,12,2018-01-01,2018-12-31,-1
2020-02-14,79920,2019-12-31,,,,,,,,,,,,,,,,,,,,,,,,,,,,,,0.00,,,,14621961,15565,14606516,false,false,12,2019-01-01,2019-12-31,0
2020-02-14,79920,2020-12-31,,,,,,,,,,,,,,,,,,,,,,,,,,,,,,0.00,,,,,,,false,true,12,2020-01-01,2020-12-31,1
2020-05-14,79920,2020-12-31,1,1273000000,-0.006,,,,,28000000,,30000000,,,25000000,,1.76,,,,,,4947000000,2221000000,0.449,,2221000000,,,,,,,,,,,,true,false,3,2020-01-01,2020-03-31,0
2020-05-14,79920,2019-12-31,1,1281000000,-0.152,,,,,0,-0.992,-0,,,5000000,,0.34,,,,,,,,,,,,,,,,,,,,,,true,false,3,2019-01-01,2019-03-31,-1
2020-05-14,79920,2020-12-31,1,2740000000,0.025,,,,,37000000,,22000000,,,12000000,,0.82,,,,,,,,,,,,,,,,,,,,,,true,true,6,2020-01-01,2020-06-30,0
2020-05-14,79920,2020-12-31,1,5700000000,0.070,,,,,75000000,,45000000,,,25000000,,1.71,,,,,,,,,,,,,,,,,,,,,,true,true,12,2020-01-01,2020-12-31,0
2020-05-14,79920,2019-12-31,1,,,,,,,,,,,,,,,,,,,,5013000000,2198000000,0.438,,2198000000,,,,,,,,,,,,true,false,12,2019-01-01,2019-12-31,-1
2020-05-14,79920,2019-12-31,1,,,,,,,,,,,,,,,,,,,,,,,,,,,,,0.00,,,,14621961,15565,,false,false,12,2019-01-01,2019-12-31,-1
2020-05-14,79920,2020-12-31,1,,,,,,,,,,,,,,,,,,,,,,,,,,,,,0.00,,,,,,,false,true,12,2020-01-01,2020-12-31,0
2020-05-14,79920,2020-12-31,1,,,,,,,,,,,,,,,,,,,,,,,,,,,,,,,,,14621961,15592,14606376,false,false,3,2020-01-01,2020-03-31,0
2020-05-14,79920,2019-12-31,1,,,,,,,,,,,,,,,,,,,,,,,,,,,,,,,,,,,14606612,false,false,3,2019-01-01,2019-03-31,-1
2020-07-31,79920,2020-12-31,2,2240000000,-0.162,,,,,-62000000,,-75000000,,,-91000000,,-6.26,,,,,,4929000000,2093000000,0.425,,2093000000,,,,,,,,,,,,true,false,6,2020-01-01,2020-06-30,0
2020-07-31,79920,2019-12-31,2,2672000000,-0.067,,,,,-0,,-9000000,,,-10000000,,-0.71,,,,,,,,,,,,,,,,,,,,,,true,false,6,2019-01-01,2019-06-30,-1
2020-07-31,79920,2020-12-31,2,4740000000,-0.110,,,,,-80000000,,-135000000,,,-155000000,,-10.61,,,,,,,,,,,,,,,,,,,,,,true,true,12,2020-01-01,2020-12-31,0
2020-07-31,79920,2019-12-31,2,,,,,,,,,,,,,,,,,,,,5013000000,2198000000,0.438,,2198000000,,,,,,,,,,,,true,false,12,2019-01-01,2019-12-31,-1
2020-07-31,79920,2019-12-31,2,,,,,,,,,,,,,,,,,,,,,,,,,,,,,0.00,,,,14621961,15565,,false,false,12,2019-01-01,2019-12-31,-1
2020-07-31,79920,2020-12-31,2,,,,,,,,,,,,,,,,,,,,,,,,,,,,,0.00,,,,,,,false,false,12,2020-01-01,2020-12-31,0
2020-07-31,79920,2020-12-31,2,,,,,,,,,,,,,,,,,,,,,,,,,,,,,0.00,,,,,,,false,true,12,2020-01-01,2020-12-31,0
2020-07-31,79920,2020-12-31,2,,,,,,,,,,,,,,,,,,,,,,,,,,,,,,,,,14621961,15594,14606373,false,false,6,2020-01-01,2020-06-30,0
2020-07-31,79920,2019-12-31,2,,,,,,,,,,,,,,,,,,,,,,,,,,,,,,,,,,,14606575,false,false,6,2019-01-01,2019-06-30,-1
2020-10-29,79920,2020-12-31,3,3340000000,-0.138,,,,,-135000000,,-179000000,,,-205000000,,-14.08,,,,,,6818000000,1979000000,0.290,,1979000000,,,,,,,,,,,,true,false,9,2020-01-01,2020-09-30,0
2020-10-29,79920,2019-12-31,3,3876000000,-0.032,,,,,-51000000,,-73000000,,,-75000000,,-5.18,,,,,,,,,,,,,,,,,,,,,,true,false,9,2019-01-01,2019-09-30,-1
2020-10-29,79920,2020-12-31,3,4740000000,-0.110,,,,,-80000000,,-135000000,,,-155000000,,-10.61,,,,,,,,,,,,,,,,,,,,,,true,true,12,2020-01-01,2020-12-31,0
2020-10-29,79920,2019-12-31,3,,,,,,,,,,,,,,,,,,,,5013000000,2198000000,0.438,,2198000000,,,,,,,,,,,,true,false,12,2019-01-01,2019-12-31,-1
2020-10-29,79920,2019-12-31,3,,,,,,,,,,,,,,,,,,,,,,,,,,,,,0.00,,,,14621961,15565,,false,false,12,2019-01-01,2019-12-31,-1
2020-10-29,79920,2020-12-31,3,,,,,,,,,,,,,,,,,,,,,,,,,,,,,0.00,,,,,,,false,false,12,2020-01-01,2020-12-31,0
2020-10-29,79920,2020-12-31,3,,,,,,,,,,,,,,,,,,,,,,,,,,,,,0.00,,,,,,,false,true,12,2020-01-01,2020-12-31,0
2020-10-29,79920,2020-12-31,3,,,,,,,,,,,,,,,,,,,,,,,,,,,,,,,,,14621961,15740,14606348,false,false,9,2020-01-01,2020-09-30,0
2020-10-29,79920,2019-12-31,3,,,,,,,,,,,,,,,,,,,,,,,,,,,,,,,,,,,14606550,false,false,9,2019-01-01,2019-09-30,-1
2021-02-19,79920,2020-12-31,,4798000000,-0.750,,,,,-75000000,,-124000000,,,-136000000,,-9.37,,-0.064,-0.021,-0.016,,6942000000,2049000000,0.295,140.31,2049000000,-179000000,-194000000,1968000000,2841000000,,,,,,,,true,false,12,2020-01-01,2020-12-31,0
2021-02-19,79920,2019-12-31,,5325000000,-0.014,,,,,-21000000,,-44000000,,,-139000000,,-9.54,,-0.062,-0.009,-0.004,,5013000000,2198000000,0.438,150.50,2198000000,112000000,-30000000,-7000000,1253000000,,,,,,,,true,false,12,2019-01-01,2019-12-31,-1
2021-02-19,79920,2021-12-31,,2729000000,,,,,,24000000,,9000000,,,-26000000,,-1.78,,,,,,,,,,,,,,,,,,,,,,true,true,6,2021-01-01,2021-06-30,1
2021-02-19,79920,2021-12-31,,5630000000,,,,,,105000000,,75000000,,,30000000,,2.05,,,,,,,,,,,,,,,,,,,,,,true,true,12,2021-01-01,2021-12-31,1
2021-02-19,79920,2019-12-31,,,,,,,,,,,,,,,,,,,,,,,,,,,,,,0.00,,,,14621961,15565,14606516,false,false,12,2019-01-01,2019-12-31,-1
2021-02-19,79920,2020-12-31,,,,,,,,,,,,,,,,,,,,,,,,,,,,,,0.00,,,,14621961,15796,14606309,false,false,12,2020-01-01,2020-12-31,0
2021-02-19,79920,2021-12-31,,,,,,,,,,,,,,,,,,,,,,,,,,,,,,0.00,,,,,,,false,true,12,2021-01-01,2021-12-31,1
2021-02-19,79920,2020-12-31,,4798000000,-0.099,,,,,-75000000,,-124000000,,,-136000000,,-9.37,,-0.064,-0.021,-0.016,,6942000000,2049000000,0.295,140.31,2049000000,-179000000,-194000000,1968000000,2841000000,,,,,,,,true,false,12,2020-01-01,2020-12-31,0
2021-02-19,79920,2019-12-31,,5325000000,-0.014,,,,,-21000000,,-44000000,,,-139000000,,-9.54,,-0.062,-0.009,-0.004,,5013000000,2198000000,0.438,150.50,2198000000,112000000,-30000000,-7000000,1253000000,,,,,,,,true,false,12,2019-01-01,2019-12-31,-1
2021-02-19,79920,2021-12-31,,2729000000,0.218,,,,,24000000,,9000000,,,-26000000,,-1.78,,,,,,,,,,,,,,,,,,,,,,true,true,6,2021-01-01,2021-06-30,1
2021-02-19,79920,2021-12-31,,5630000000,0.173,,,,,105000000,,75000000,,,30000000,,2.05,,,,,,,,,,,,,,,,,,,,,,true,true,12,2021-01-01,2021-12-31,1
2021-02-19,79920,2019-12-31,,,,,,,,,,,,,,,,,,,,,,,,,,,,,,0.00,,,,14621961,15565,14606516,false,false,12,2019-01-01,2019-12-31,-1
2021-02-19,79920,2020-12-31,,,,,,,,,,,,,,,,,,,,,,,,,,,,,,0.00,,,,14621961,15796,14606309,false,false,12,2020-01-01,2020-12-31,0
2021-02-19,79920,2021-12-31,,,,,,,,,,,,,,,,,,,,,,,,,,,,,,0.00,,,,,,,false,true,12,2021-01-01,2021-12-31,1
2021-04-30,79920,2021-12-31,1,1423000000,0.118,,,,,14000000,-0.478,19000000,-0.352,,14000000,,1.00,0.49,,,,,6900000000,2072000000,0.300,,2070000000,,,,,,,,,,,,true,false,3,2021-01-01,2021-03-31,0
2021-04-30,79920,2020-12-31,1,1273000000,-0.006,,,,,28000000,,30000000,,,25000000,,1.76,,,,,,,,,,,,,,,,,,,,,,true,false,3,2020-01-01,2020-03-31,-1
2021-04-30,79920,2021-12-31,1,2729000000,0.218,,,,,24000000,,9000000,,,-26000000,,-1.78,,,,,,,,,,,,,,,,,,,,,,true,true,6,2021-01-01,2021-06-30,0
2021-04-30,79920,2021-12-31,1,5630000000,0.173,,,,,105000000,,75000000,,,30000000,,2.05,,,,,,,,,,,,,,,,,,,,,,true,true,12,2021-01-01,2021-12-31,0
2021-04-30,79920,2020-12-31,1,,,,,,,,,,,,,,,,,,,,6942000000,2049000000,0.295,,2049000000,,,,,,,,,,,,true,false,12,2020-01-01,2020-12-31,-1
2021-04-30,79920,2020-12-31,1,,,,,,,,,,,,,,,,,,,,,,,,,,,,,0.00,,,,14621961,15796,,false,false,12,2020-01-01,2020-12-31,-1
2021-04-30,79920,2021-12-31,1,,,,,,,,,,,,,,,,,,,,,,,,,,,,,0.00,,,,,,,false,true,12,2021-01-01,2021-12-31,0
2021-04-30,79920,2021-12-31,1,,,,,,,,,,,,,,,,,,,,,,,,,,,,,,,,,14621961,15811,14606154,false,false,3,2021-01-01,2021-03-31,0
2021-04-30,79920,2020-12-31,1,,,,,,,,,,,,,,,,,,,,,,,,,,,,,,,,,,,14606376,false,false,3,2020-01-01,2020-03-31,-1
2021-07-30,79920,2021-12-31,2,2641000000,0.179,,,,,40000000,,40000000,,,28000000,,1.93,0.95,,,,,6962000000,2086000000,0.299,,2083000000,,,,,,,,,,,,true,false,6,2021-01-01,2021-06-30,0
2021-07-30,79920,2020-12-31,2,2240000000,-0.162,,,,,-62000000,,-75000000,,,-91000000,,-6.26,,,,,,,,,,,,,,,,,,,,,,true,false,6,2020-01-01,2020-06-30,-1
2021-07-30,79920,2021-12-31,2,5630000000,0.173,,,,,105000000,,75000000,,,50000000,,3.42,,,,,,,,,,,,,,,,,,,,,,true,true,12,2021-01-01,2021-12-31,0
2021-07-30,79920,2020-12-31,2,,,,,,,,,,,,,,,,,,,,6942000000,2049000000,0.295,,2049000000,,,,,,,,,,,,true,false,12,2020-01-01,2020-12-31,-1
2021-07-30,79920,2020-12-31,2,,,,,,,,,,,,,,,,,,,,,,,,,,,,,0.00,,,,14621961,15796,,false,false,12,2020-01-01,2020-12-31,-1
2021-07-30,79920,2021-12-31,2,,,,,,,,,,,,,,,,,,,,,,,,,,,,,0.00,,,,,,,false,false,12,2021-01-01,2021-12-31,0
2021-07-30,79920,2021-12-31,2,,,,,,,,,,,,,,,,,,,,,,,,,,,,,0.00,,,,,,,false,true,12,2021-01-01,2021-12-31,0
2021-07-30,79920,2021-12-31,2,,,,,,,,,,,,,,,,,,,,,,,,,,,,,,,,,14621961,15871,14606135,false,false,6,2021-01-01,2021-06-30,0
2021-07-30,79920,2020-12-31,2,,,,,,,,,,,,,,,,,,,,,,,,,,,,,,,,,,,14606373,false,false,6,2020-01-01,2020-06-30,-1
2021-10-29,79920,2021-12-31,3,3921000000,0.174,,,,,74000000,,68000000,,,54000000,,3.71,1.83,,,,,7073000000,2106000000,0.298,,2104000000,,,,,,,,,,,,true,false,9,2021-01-01,2021-09-30,0
2021-10-29,79920,2020-12-31,3,3340000000,-0.138,,,,,-135000000,,-179000000,,,-205000000,,-14.08,,,,,,,,,,,,,,,,,,,,,,true,false,9,2020-01-01,2020-09-30,-1
2021-10-29,79920,2021-12-31,3,5630000000,0.173,,,,,125000000,,95000000,,,70000000,,4.79,,,,,,,,,,,,,,,,,,,,,,true,true,12,2021-01-01,2021-12-31,0
2021-10-29,79920,2020-12-31,3,,,,,,,,,,,,,,,,,,,,6942000000,2049000000,0.295,,2049000000,,,,,,,,,,,,true,false,12,2020-01-01,2020-12-31,-1
2021-10-29,79920,2020-12-31,3,,,,,,,,,,,,,,,,,,,,,,,,,,,,,0.00,,,,14621961,15796,,false,false,12,2020-01-01,2020-12-31,-1
2021-10-29,79920,2021-12-31,3,,,,,,,,,,,,,,,,,,,,,,,,,,,,,0.00,,,,,,,false,false,12,2021-01-01,2021-12-31,0
2021-10-29,79920,2021-12-31,3,,,,,,,,,,,,,,,,,,,,,,,,,,,,,0.00,,,,,,,false,true,12,2021-01-01,2021-12-31,0
2021-10-29,79920,2021-12-31,3,,,,,,,,,,,,,,,,,,,,,,,,,,,,,,,,,14621961,15871,14606121,false,false,9,2021-01-01,2021-09-30,0
2021-10-29,79920,2020-12-31,3,,,,,,,,,,,,,,,,,,,,,,,,,,,,,,,,,,,14606348,false,false,9,2020-01-01,2020-09-30,-1
2022-02-17,79920,2021-12-31,,5389000000,0.123,,,,,108000000,,102000000,,,53000000,,3.67,1.81,0.026,0.015,0.020,,7065000000,2110000000,0.298,144.28,2107000000,132000000,-586000000,-11000000,2377000000,,,,,,,,true,false,12,2021-01-01,2021-12-31,0
2022-02-17,79920,2020-12-31,,4798000000,-0.099,,,,,-75000000,,-124000000,,,-136000000,,-9.37,,-0.064,-0.021,-0.016,,6942000000,2049000000,0.295,140.31,2049000000,-179000000,-194000000,1968000000,2841000000,,,,,,,,true,false,12,2020-01-01,2020-12-31,-1
2022-02-17,79920,2022-12-31,,2800000000,0.060,,,,,100000000,1.485,90000000,1.221,,55000000,,3.77,,,,,,,,,,,,,,,,,,,,,,true,true,6,2022-01-01,2022-06-30,1
2022-02-17,79920,2022-12-31,,5800000000,0.076,,,,,150000000,0.376,140000000,0.369,,80000000,,5.48,,,,,,,,,,,,,,,,,,,,,,true,true,12,2022-01-01,2022-12-31,1
2022-02-17,79920,2020-12-31,,,,,,,,,,,,,,,,,,,,,,,,,,,,,,0.00,,,,14621961,15796,14606309,false,false,12,2020-01-01,2020-12-31,-1
2022-02-17,79920,2021-12-31,,,,,,,,,,,,,,,,,,,,,,,,,,,,,,0.00,,,,14621961,15891,14606111,false,false,12,2021-01-01,2021-12-31,0
2022-02-17,79920,2022-12-31,,,,,,,,,,,,,,,,,,,,,,,,,,,,,,0.00,,,,,,,false,true,12,2022-01-01,2022-12-31,1
2022-02-17,79920,2022-12-31,,5401000000,0.134,,,,,118000000,,113000000,,68000000,,,4.69,,,,,,,,,,,,,,,,,,,,,,true,true,12,2022-01-01,2022-12-31,0
2022-02-17,79920,2021-12-31,,4763000000,,,,,,-75000000,,-112000000,,-123000000,,,,,,,,,,,,,,,,,,,,,,,,,true,false,12,2021-01-01,2021-12-31,-1
2022-04-28,79920,2022-12-31,1,1212000000,-0.149,,,,,-17000000,,-3000000,,,-15000000,,-1.08,,,,,,7242000000,2086000000,0.288,,2083000000,,,,,,,,,,,,true,false,3,2022-01-01,2022-03-31,0
2022-04-28,79920,2021-12-31,1,1423000000,0.118,,,,,14000000,-0.478,19000000,-0.352,,14000000,,1.00,0.49,,,,,,,,,,,,,,,,,,,,,true,false,3,2021-01-01,2021-03-31,-1
2022-04-28,79920,2022-12-31,1,2800000000,0.060,,,,,100000000,1.485,90000000,1.221,,55000000,,3.77,,,,,,,,,,,,,,,,,,,,,,true,true,6,2022-01-01,2022-06-30,0
2022-04-28,79920,2022-12-31,1,5800000000,0.076,,,,,150000000,0.376,140000000,0.369,,80000000,,5.48,,,,,,,,,,,,,,,,,,,,,,true,true,12,2022-01-01,2022-12-31,0
2022-04-28,79920,2021-12-31,1,,,,,,,,,,,,,,,,,,,,7065000000,2110000000,0.298,,2107000000,,,,,,,,,,,,true,false,12,2021-01-01,2021-12-31,-1
2022-04-28,79920,2021-12-31,1,,,,,,,,,,,,,,,,,,,,,,,,,,,,,0.00,,,,14621961,15891,,false,false,12,2021-01-01,2021-12-31,-1
2022-04-28,79920,2022-12-31,1,,,,,,,,,,,,,,,,,,,,,,,,,,,,,0.00,,,,,,,false,true,12,2022-01-01,2022-12-31,0
2022-04-28,79920,2022-12-31,1,,,,,,,,,,,,,,,,,,,,,,,,,,,,,,,,,14621961,15927,14606052,false,false,3,2022-01-01,2022-03-31,0
2022-04-28,79920,2021-12-31,1,,,,,,,,,,,,,,,,,,,,,,,,,,,,,,,,,,,14606154,false,false,3,2021-01-01,2021-03-31,-1
2022-07-29,79920,2022-12-31,2,2485000000,-0.059,,,,,-1000000,,10000000,-0.749,,-3000000,,-0.20,,,,,,6973000000,4113000000,0.589,,4107000000,,,,,,,,,,,,true,false,6,2022-01-01,2022-06-30,0
2022-07-29,79920,2021-12-31,2,2641000000,0.179,,,,,40000000,,40000000,,,28000000,,1.93,0.95,,,,,,,,,,,,,,,,,,,,,true,false,6,2021-01-01,2021-06-30,-1
2022-07-29,79920,2022-12-31,2,4900000000,-0.091,,,,,100000000,-0.082,110000000,0.076,,60000000,,2.51,,,,,,,,,,,,,,,,,,,,,,true,true,12,2022-01-01,2022-12-31,0
2022-07-29,79920,2021-12-31,2,,,,,,,,,,,,,,,,,,,,7176000000,2110000000,0.294,,2107000000,,,,,,,,,,,,true,false,12,2021-01-01,2021-12-31,-1
2022-07-29,79920,2021-12-31,2,,,,,,,,,,,,,,,,,,,,,,,,,,,,,0.00,,,,14621961,15891,,false,false,12,2021-01-01,2021-12-31,-1
2022-07-29,79920,2022-12-31,2,,,,,,,,,,,,,,,,,,,,,,,,,,,,,0.00,,,,,,,false,false,12,2022-01-01,2022-12-31,0
2022-07-29,79920,2022-12-31,2,,,,,,,,,,,,,,,,,,,,,,,,,,,,,0.00,,,,,,,false,true,12,2022-01-01,2022-12-31,0
2022-07-29,79920,2022-12-31,2,,,,,,,,,,,,,,,,,,,,,,,,,,,,,,,,,29659554,15971,18902490,false,false,6,2022-01-01,2022-06-30,0
2022-07-29,79920,2021-12-31,2,,,,,,,,,,,,,,,,,,,,,,,,,,,,,,,,,,,14606135,false,false,6,2021-01-01,2021-06-30,-1
2022-10-31,79920,2022-12-31,3,3745000000,-0.045,,,,,-9000000,,-2000000,,,-22000000,,-1.03,,,,,,7765000000,4093000000,0.526,,4086000000,,,,,,,,,,,,true,false,9,2022-01-01,2022-09-30,0
2022-10-31,79920,2021-12-31,3,3921000000,0.174,,,,,74000000,,68000000,,,54000000,,3.71,1.83,,,,,,,,,,,,,,,,,,,,,true,false,9,2021-01-01,2021-09-30,-1
2022-10-31,79920,2022-12-31,3,4900000000,-0.091,,,,,20000000,-0.818,30000000,-0.707,,5000000,,0.21,,,,,,,,,,,,,,,,,,,,,,true,true,12,2022-01-01,2022-12-31,0
2022-10-31,79920,2021-12-31,3,,,,,,,,,,,,,,,,,,,,7176000000,2110000000,0.297,,2107000000,,,,,,,,,,,,true,false,12,2021-01-01,2021-12-31,-1
2022-10-31,79920,2021-12-31,3,,,,,,,,,,,,,,,,,,,,,,,,,,,,,0.00,,,,14621961,15891,,false,false,12,2021-01-01,2021-12-31,-1
2022-10-31,79920,2022-12-31,3,,,,,,,,,,,,,,,,,,,,,,,,,,,,,0.00,,,,,,,false,false,12,2022-01-01,2022-12-31,0
2022-10-31,79920,2022-12-31,3,,,,,,,,,,,,,,,,,,,,,,,,,,,,,0.00,,,,,,,false,true,12,2022-01-01,2022-12-31,0
2022-10-31,79920,2022-12-31,3,,,,,,,,,,,,,,,,,,,,,,,,,,,,,,,,,29659554,15982,22124817,false,false,9,2022-01-01,2022-09-30,0
2022-10-31,79920,2021-12-31,3,,,,,,,,,,,,,,,,,,,,,,,,,,,,,,,,,,,14606122,false,false,9,2021-01-01,2021-09-30,-1
2023-02-14,79920,2022-12-31,,5029000000,-0.067,,,,,-148000000,,-148000000,,,-193000000,,-8.13,,-0.064,-0.021,-0.030,,7224000000,3929000000,0.543,132.34,3922000000,-279000000,-1183000000,157000000,1177000000,,,,,,,,true,false,12,2022-01-01,2022-12-31,0
2023-02-14,79920,2021-12-31,,5389000000,0.123,,,,,108000000,,102000000,,,53000000,,3.67,1.81,0.026,0.014,0.020,,7176000000,2110000000,0.294,144.27,2107000000,166000000,-586000000,-11000000,2469000000,,,,,,,,true,false,12,2021-01-01,2021-12-31,-1
2023-02-14,79920,2023-12-31,,2600000000,0.046,,,,,2000000,,2000000,-0.804,,0,,0.00,,,,,,,,,,,,,,,,,,,,,,true,true,6,2023-01-01,2023-06-30,1
2023-02-14,79920,2023-12-31,,5800000000,0.153,,,,,20000000,,20000000,,,0,,0.00,,,,,,,,,,,,,,,,,,,,,,true,true,12,2023-01-01,2023-12-31,1
2023-02-14,79920,2021-12-31,,,,,,,,,,,,,,,,,,,,,,,,,,,,,,0.00,,,,14621961,15891,14606111,false,false,12,2021-01-01,2021-12-31,-1
2023-02-14,79920,2022-12-31,,,,,,,,,,,,,,,,,,,,,,,,,,,,,,0.00,,,,29659554,15987,23859913,false,false,12,2022-01-01,2022-12-31,0
2023-02-14,79920,2023-12-31,,,,,,,,,,,,,,,,,,,,,,,,,,,,,,0.00,,,,,,,false,true,12,2023-01-01,2023-12-31,1
2023-04-28,79920,2023-12-31,1,1055000000,-0.129,,,,,-79000000,,-69000000,,,-74000000,,-2.52,,,,,,6864000000,3858000000,0.561,,3850000000,,,,,,,,,,,,true,false,3,2023-01-01,2023-03-31,0
2023-04-28,79920,2022-12-31,1,1212000000,-0.149,,,,,-17000000,,-3000000,,,-15000000,,-1.07,,,,,,,,,,,,,,,,,,,,,,true,false,3,2022-01-01,2022-03-31,-1
2023-04-28,79920,2023-12-31,1,2600000000,0.046,,,,,2000000,,2000000,-0.804,,0,,0.00,,,,,,,,,,,,,,,,,,,,,,true,true,6,2023-01-01,2023-06-30,0
2023-04-28,79920,2023-12-31,1,5800000000,0.153,,,,,20000000,,20000000,,,0,,0.00,,,,,,,,,,,,,,,,,,,,,,true,true,12,2023-01-01,2023-12-31,0
2023-04-28,79920,2022-12-31,1,,,,,,,,,,,,,,,,,,,,7224000000,3929000000,0.543,,3922000000,,,,,,,,,,,,true,false,12,2022-01-01,2022-12-31,-1
2023-04-28,79920,2022-12-31,1,,,,,,,,,,,,,,,,,,,,,,,,,,,,,0.00,,,,29659554,15987,,false,false,12,2022-01-01,2022-12-31,-1
2023-04-28,79920,2023-12-31,1,,,,,,,,,,,,,,,,,,,,,,,,,,,,,0.00,,,,,,,false,true,12,2023-01-01,2023-12-31,0
2023-04-28,79920,2023-12-31,1,,,,,,,,,,,,,,,,,,,,,,,,,,,,,,,,,29659554,16011,29643561,false,false,3,2023-01-01,2023-03-31,0
2023-04-28,79920,2022-12-31,1,,,,,,,,,,,,,,,,,,,,,,,,,,,,,,,,,,,14606052,false,false,3,2022-01-01,2022-03-31,-1
2023-07-31,79920,2023-12-31,2,2159000000,-0.131,,,,,-196000000,,-177000000,,,-197000000,,-6.66,,,,,,6720000000,3734000000,0.555,,3726000000,,,,,,,,,,,,true,false,6,2023-01-01,2023-06-30,0
2023-07-31,79920,2022-12-31,2,2485000000,-0.059,,,,,-1000000,,10000000,-0.749,,-3000000,,-0.20,,,,,,,,,,,,,,,,,,,,,,true,false,6,2022-01-01,2022-06-30,-1
2023-07-31,79920,2023-12-31,2,4896000000,-0.026,,,,,-274000000,,-246000000,,,-276000000,,-9.34,,,,,,,,,,,,,,,,,,,,,,true,true,12,2023-01-01,2023-12-31,0
2023-07-31,79920,2022-12-31,2,,,,,,,,,,,,,,,,,,,,7224000000,3929000000,0.543,,3922000000,,,,,,,,,,,,true,false,12,2022-01-01,2022-12-31,-1
2023-07-31,79920,2022-12-31,2,,,,,,,,,,,,,,,,,,,,,,,,,,,,,0.00,,,,29659554,15987,,false,false,12,2022-01-01,2022-12-31,-1
2023-07-31,79920,2023-12-31,2,,,,,,,,,,,,,,,,,,,,,,,,,,,,,0.00,,,,,,,false,false,12,2023-01-01,2023-12-31,0
2023-07-31,79920,2023-12-31,2,,,,,,,,,,,,,,,,,,,,,,,,,,,,,0.00,,,,,,,false,true,12,2023-01-01,2023-12-31,0
2023-07-31,79920,2023-12-31,2,,,,,,,,,,,,,,,,,,,,,,,,,,,,,,,,,29659554,16011,29643553,false,false,6,2023-01-01,2023-06-30,0
2023-07-31,79920,2022-12-31,2,,,,,,,,,,,,,,,,,,,,,,,,,,,,,,,,,,,18902490,false,false,6,2022-01-01,2022-06-30,-1
2023-10-31,79920,2023-12-31,3,3367000000,-0.101,,,,,-231000000,,-211000000,,,-239000000,,-8.07,,,,,,6947000000,3701000000,0.532,,3693000000,,,,,,,,,,,,true,false,9,2023-01-01,2023-09-30,0
2023-10-31,79920,2022-12-31,3,3745000000,-0.045,,,,,-9000000,,-2000000,,,-22000000,,-1.03,,,,,,,,,,,,,,,,,,,,,,true,false,9,2022-01-01,2022-09-30,-1
2023-10-31,79920,2023-12-31,3,4896000000,-0.026,,,,,-274000000,,-246000000,,,-276000000,,-9.34,,,,,,,,,,,,,,,,,,,,,,true,true,12,2023-01-01,2023-12-31,0
2023-10-31,79920,2022-12-31,3,,,,,,,,,,,,,,,,,,,,7224000000,3929000000,0.543,,3922000000,,,,,,,,,,,,true,false,12,2022-01-01,2022-12-31,-1
2023-10-31,79920,2022-12-31,3,,,,,,,,,,,,,,,,,,,,,,,,,,,,,0.00,,,,29659554,15987,,false,false,12,2022-01-01,2022-12-31,-1
2023-10-31,79920,2023-12-31,3,,,,,,,,,,,,,,,,,,,,,,,,,,,,,0.00,,,,,,,false,false,12,2023-01-01,2023-12-31,0
2023-10-31,79920,2023-12-31,3,,,,,,,,,,,,,,,,,,,,,,,,,,,,,0.00,,,,,,,false,true,12,2023-01-01,2023-12-31,0
2023-10-31,79920,2023-12-31,3,,,,,,,,,,,,,,,,,,,,,,,,,,,,,,,,,29659554,16031,29643547,false,false,9,2023-01-01,2023-09-30,0
2023-10-31,79920,2022-12-31,3,,,,,,,,,,,,,,,,,,,,,,,,,,,,,,,,,,,22124817,false,false,9,2022-01-01,2022-09-30,-1
2024-02-14,79920,2023-12-31,,4558000000,-0.094,,,,,-341000000,,-329000000,,,-1509000000,,-50.94,,-0.478,-0.052,-0.075,,5554000000,2396000000,0.430,80.59,2389000000,-435000000,-385000000,291000000,656000000,,,,,,,,true,false,12,2023-01-01,2023-12-31,0
2024-02-14,79920,2022-12-31,,5029000000,-0.067,,,,,-148000000,,-148000000,,,-193000000,,-8.13,,-0.064,-0.021,-0.030,,7224000000,3929000000,0.543,132.34,3922000000,-279000000,-1183000000,157000000,1177000000,,,,,,,,true,false,12,2022-01-01,2022-12-31,-1
2024-02-14,79920,2024-12-31,,2412000000,0.117,,,,,0,,0,,,-8000000,,-0.27,,,,,,,,,,,,,,,,,,,,,,true,true,6,2024-01-01,2024-06-30,1
2024-02-14,79920,2024-12-31,,5100000000,0.119,,,,,0,,0,,,-15000000,,-0.51,,,,,,,,,,,,,,,,,,,,,,true,true,12,2024-01-01,2024-12-31,1
2024-02-14,79920,2022-12-31,,,,,,,,,,,,,,,,,,,,,,,,,,,,,,0.00,,,,29659554,15987,23859913,false,false,12,2022-01-01,2022-12-31,-1
2024-02-14,79920,2023-12-31,,,,,,,,,,,,,,,,,,,,,,,,,,,,,,0.00,,,,29659554,16061,29643537,false,false,12,2023-01-01,2023-12-31,0
2024-02-14,79920,2024-12-31,,,,,,,,,,,,,,,,,,,,,,,,,,,,,,0.00,,,,,,,false,true,12,2024-01-01,2024-12-31,1
2024-04-30,79920,2024-12-31,1,999000000,-0.053,,,,,-136000000,,-134000000,,,-138000000,,-4.67,,,,,,5420000000,2259000000,0.415,,2250000000,,,,,,,,,,,,true,false,3,2024-01-01,2024-03-31,0
2024-04-30,79920,2023-12-31,1,1055000000,-0.129,,,,,-79000000,,-69000000,,,-74000000,,-2.52,,,,,,,,,,,,,,,,,,,,,,true,false,3,2023-01-01,2023-03-31,-1
2024-04-30,79920,2024-12-31,1,2412000000,0.117,,,,,0,,0,,,-8000000,,-0.27,,,,,,,,,,,,,,,,,,,,,,true,true,6,2024-01-01,2024-06-30,0
2024-04-30,79920,2024-12-31,1,5100000000,0.119,,,,,0,,0,,,-15000000,,-0.51,,,,,,,,,,,,,,,,,,,,,,true,true,12,2024-01-01,2024-12-31,0
2024-04-30,79920,2023-12-31,1,,,,,,,,,,,,,,,,,,,,5554000000,2396000000,0.430,,2389000000,,,,,,,,,,,,true,false,12,2023-01-01,2023-12-31,-1
2024-04-30,79920,2023-12-31,1,,,,,,,,,,,,,,,,,,,,,,,,,,,,,0.00,,,,29659554,16061,,false,false,12,2023-01-01,2023-12-31,-1
2024-04-30,79920,2024-12-31,1,,,,,,,,,,,,,,,,,,,,,,,,,,,,,0.00,,,,,,,false,true,12,2024-01-01,2024-12-31,0
2024-04-30,79920,2024-12-31,1,,,,,,,,,,,,,,,,,,,,,,,,,,,,,,,,,29659554,16153,29643427,false,false,3,2024-01-01,2024-03-31,0
2024-04-30,79920,2023-12-31,1,,,,,,,,,,,,,,,,,,,,,,,,,,,,,,,,,,,29643561,false,false,3,2023-01-01,2023-03-31,-1
2024-08-08,79920,2024-12-31,2,2094000000,-0.030,,,,,-280000000,,-220000000,,,-244000000,,-8.26,,,,,,5306000000,2156000000,0.405,,2149000000,,,,,,,,,,,,true,false,6,2024-01-01,2024-06-30,0
2024-08-08,79920,2023-12-31,2,2159000000,-0.131,,,,,-196000000,,-177000000,,,-197000000,,-6.66,,,,,,,,,,,,,,,,,,,,,,true,false,6,2023-01-01,2023-06-30,-1
2024-08-08,79920,2024-12-31,2,4655000000,0.021,,,,,-346000000,,-290000000,,,-322000000,,-10.84,,,,,,,,,,,,,,,,,,,,,,true,true,12,2024-01-01,2024-12-31,0
2024-08-08,79920,2023-12-31,2,,,,,,,,,,,,,,,,,,,,5554000000,2396000000,0.430,,2389000000,,,,,,,,,,,,true,false,12,2023-01-01,2023-12-31,-1
2024-08-08,79920,2023-12-31,2,,,,,,,,,,,,,,,,,,,,,,,,,,,,,0.00,,,,29659554,16061,,false,false,12,2023-01-01,2023-12-31,-1
2024-08-08,79920,2024-12-31,2,,,,,,,,,,,,,,,,,,,,,,,,,,,,,0.00,,,,,,,false,false,12,2024-01-01,2024-12-31,0
2024-08-08,79920,2024-12-31,2,,,,,,,,,,,,,,,,,,,,,,,,,,,,,0.00,,,,,,,false,true,12,2024-01-01,2024-12-31,0
2024-08-08,79920,2024-12-31,2,,,,,,,,,,,,,,,,,,,,,,,,,,,,,,,,,29659554,16191,29643401,false,false,6,2024-01-01,2024-06-30,0
2024-08-08,79920,2023-12-31,2,,,,,,,,,,,,,,,,,,,,,,,,,,,,,,,,,,,29643553,false,false,6,2023-01-01,2023-06-30,-1
2024-11-14,79920,2024-12-31,3,3187000000,-0.054,,,,,-331000000,,-282000000,,,-311000000,,-10.50,,,,,,5474000000,2091000000,0.381,,2083000000,,,,,,,,,,,,true,false,9,2024-01-01,2024-09-30,0
2024-11-14,79920,2023-12-31,3,3367000000,-0.101,,,,,-231000000,,-211000000,,,-239000000,,-8.07,,,,,,,,,,,,,,,,,,,,,,true,false,9,2023-01-01,2023-09-30,-1
2024-11-14,79920,2024-12-31,3,4655000000,0.021,,,,,-346000000,,-290000000,,,-322000000,,-10.84,,,,,,,,,,,,,,,,,,,,,,true,true,12,2024-01-01,2024-12-31,0
2024-11-14,79920,2023-12-31,3,,,,,,,,,,,,,,,,,,,,5554000000,2396000000,0.430,,2389000000,,,,,,,,,,,,true,false,12,2023-01-01,2023-12-31,-1
2024-11-14,79920,2023-12-31,3,,,,,,,,,,,,,,,,,,,,,,,,,,,,,0.00,,,,29659554,16061,,false,false,12,2023-01-01,2023-12-31,-1
2024-11-14,79920,2024-12-31,3,,,,,,,,,,,,,,,,,,,,,,,,,,,,,0.00,,,,,,,false,false,12,2024-01-01,2024-12-31,0
2024-11-14,79920,2024-12-31,3,,,,,,,,,,,,,,,,,,,,,,,,,,,,,0.00,,,,,,,false,true,12,2024-01-01,2024-12-31,0
2024-11-14,79920,2024-12-31,3,,,,,,,,,,,,,,,,,,,,,,,,,,,,,,,,,29659554,16264,29643368,false,false,9,2024-01-01,2024-09-30,0
2024-11-14,79920,2023-12-31,3,,,,,,,,,,,,,,,,,,,,,,,,,,,,,,,,,,,29643547,false,false,9,2023-01-01,2023-09-30,-1
2025-02-14,79920,2024-12-31,,4677000000,0.026,,,,,-270000000,,-216000000,,,-1145000000,,-38.65,,-0.628,-0.042,-0.058,,4763000000,1264000000,0.264,42.42,1257000000,-405000000,-68000000,387000000,579000000,,,,,,,,true,false,12,2024-01-01,2024-12-31,0
2025-02-14,79920,2023-12-31,,4558000000,-0.094,,,,,-341000000,,-329000000,,,-1509000000,,-50.94,,-0.478,-0.052,-0.075,,5554000000,2396000000,0.430,80.59,2389000000,-435000000,-385000000,291000000,656000000,,,,,,,,true,false,12,2023-01-01,2023-12-31,-1
2025-02-14,79920,2025-12-31,,2482000000,0.185,,,,,-64000000,,-62000000,,,-66000000,,-2.23,,,,,,,,,,,,,,,,,,,,,,true,true,6,2025-01-01,2025-06-30,1
2025-02-14,79920,2025-12-31,,5336000000,0.141,,,,,10000000,,8000000,,,0,,0.00,,,,,,,,,,,,,,,,,,,,,,true,true,12,2025-01-01,2025-12-31,1
2025-02-14,79920,2023-12-31,,,,,,,,,,,,,,,,,,,,,,,,,,,,,,0.00,,,,29659554,16061,29643537,false,false,12,2023-01-01,2023-12-31,-1
2025-02-14,79920,2024-12-31,,,,,,,,,,,,,,,,,,,,,,,,,,,,,,0.00,,,,29659554,16264,29643350,false,false,12,2024-01-01,2024-12-31,0
2025-02-14,79920,2025-12-31,,,,,,,,,,,,,,,,,,,,,,,,,,,,,,0.00,,,,,,,false,true,12,2025-01-01,2025-12-31,1
2025-05-15,79920,2025-12-31,1,1136000000,0.137,,,,,-27000000,,-31000000,,,-40000000,,-1.35,,,,,,4547000000,1222000000,0.267,,1212000000,,,,,,,,,,,,true,false,3,2025-01-01,2025-03-31,0
2025-05-15,79920,2024-12-31,1,999000000,-0.053,,,,,-136000000,,-134000000,,,-138000000,,-4.67,,,,,,,,,,,,,,,,,,,,,,true,false,3,2024-01-01,2024-03-31,-1
2025-05-15,79920,2025-12-31,1,2482000000,0.185,,,,,-64000000,,-62000000,,,-66000000,,-2.23,,,,,,,,,,,,,,,,,,,,,,true,true,6,2025-01-01,2025-06-30,0
2025-05-15,79920,2025-12-31,1,5336000000,0.141,,,,,10000000,,8000000,,,0,,0.00,,,,,,,,,,,,,,,,,,,,,,true,true,12,2025-01-01,2025-12-31,0
2025-05-15,79920,2024-12-31,1,,,,,,,,,,,,,,,,,,,,4763000000,1264000000,0.264,,1257000000,,,,,,,,,,,,true,false,12,2024-01-01,2024-12-31,-1
2025-05-15,79920,2024-12-31,1,,,,,,,,,,,,,,,,,,,,,,,,,,,,,0.00,,,,29659554,16264,,false,false,12,2024-01-01,2024-12-31,-1
2025-05-15,79920,2025-12-31,1,,,,,,,,,,,,,,,,,,,,,,,,,,,,,0.00,,,,,,,false,true,12,2025-01-01,2025-12-31,0
2025-05-15,79920,2025-12-31,1,,,,,,,,,,,,,,,,,,,,,,,,,,,,,,,,,29659554,16299,29643264,false,false,3,2025-01-01,2025-03-31,0
2025-05-15,79920,2024-12-31,1,,,,,,,,,,,,,,,,,,,,,,,,,,,,,,,,,,,29643427,false,false,3,2024-01-01,2024-03-31,-1
