filing_date,code,fiscal_year_end,quarterly_period,net_sales,net_sales_change,revenue,revenue_change,operating_revenue,operating_revenue_change,operating_profit,operating_profit_change,ordinary_profit,ordinary_profit_change,net_income,net_income_of_parent,net_income_change,eps,diluted_eps,roe,roa,operating_profit_to_net_sales,operating_profit_to_revenue,total_assets,net_assets,equity_ratio,bps,owner_equity,operating_cash_flow,investing_cash_flow,financing_cash_flow,cash,dividend_per_share,payout_ratio,commemorative_dividend,extra_dividend,number_of_shares,number_of_treqsury_shares,avg_number_of_shares,is_consolidated,is_forecast,duration,period_start,period_end,period_pos
2015-05-12,79950,2015-03-31,,40021000000,0.016,,,,,2814000000,0.299,3087000000,0.343,1803000000,,0.329,20.41,,0.067,0.072,0.070,,43669000000,28860000000,0.631,311.86,27552000000,3374000000,-1033000000,-2046000000,5031000000,,0.539,,,,,,true,false,12,2014-04-01,2015-03-31,0
2015-05-12,79950,2014-03-31,,39407000000,0.043,,,,,2167000000,0.747,2299000000,0.696,1356000000,,0.620,15.36,,0.053,0.055,0.055,,42181000000,27660000000,0.619,295.37,26090000000,2708000000,-1808000000,-1977000000,4639000000,,0.651,,,,,,true,false,12,2013-04-01,2014-03-31,-1
2015-05-12,79950,2016-03-31,,20300000000,0.030,,,,,1600000000,0.166,1600000000,0.054,,1050000000,,11.89,,,,,,,,,,,,,,,,,,,,,,true,true,6,2015-04-01,2015-09-30,1
2015-05-12,79950,2016-03-31,,40600000000,0.014,,,,,3100000000,0.101,3100000000,0.004,,2000000000,,22.64,,,,,,,,,,,,,,,,,,,,,,true,true,12,2015-04-01,2016-03-31,1
2015-05-12,79950,2015-03-31,,28742000000,0.001,,,,,474000000,,1864000000,0.534,1731000000,,0.603,19.59,,,,,,35629000000,23721000000,0.666,268.43,23721000000,,,,,11.00,,,,93443668,5094820,88339762,false,false,12,2014-04-01,2015-03-31,0
2015-05-12,79950,2014-03-31,,28721000000,0.026,,,,,-4000000,,1215000000,1.755,1080000000,,0.651,12.22,,,,,,34129000000,22776000000,0.667,257.70,22776000000,,,,,10.00,,,,93443668,5111524,88340432,false,false,12,2013-04-01,2014-03-31,-1
2015-05-12,79950,2016-03-31,,,,,,,,,,,,,,,,,,,,,,,,,,,,,,6.00,,,,,,,false,true,12,2015-04-01,2016-03-31,1
2015-07-29,79950,2016-03-31,1,10300000000,0.070,,,,,816000000,0.199,877000000,0.174,,531000000,,6.02,,,,,,44103000000,29053000000,0.629,,27754000000,,,,,,,,,,,,true,false,3,2015-04-01,2015-06-30,0
2015-07-29,79950,2015-03-31,1,9622000000,-0.010,,,,,681000000,0.226,747000000,0.245,,434000000,,4.92,,,,,,,,,,,,,,,,,,,,,,true,false,3,2014-04-01,2014-06-30,-1
2015-07-29,79950,2016-03-31,1,20300000000,0.030,,,,,1600000000,0.166,1600000000,0.054,,1050000000,,11.88,,,,,,,,,,,,,,,,,,,,,,true,true,6,2015-04-01,2015-09-30,0
2015-07-29,79950,2016-03-31,1,40600000000,0.014,,,,,3100000000,0.101,3100000000,0.004,,2000000000,,22.64,,,,,,,,,,,,,,,,,,,,,,true,true,12,2015-04-01,2016-03-31,0
2015-07-29,79950,2015-03-31,1,,,,,,,,,,,,,,,,,,,,43669000000,28860000000,0.631,,27552000000,,,,,,,,,,,,true,false,12,2014-04-01,2015-03-31,-1
2015-07-29,79950,2015-03-31,1,,,,,,,,,,,,,,,,,,,,,,,,,,,,,11.00,,,,93443668,5094820,,false,false,12,2014-04-01,2015-03-31,-1
2015-07-29,79950,2016-03-31,1,,,,,,,,,,,,,,,,,,,,,,,,,,,,,6.00,,,,,,,false,true,12,2015-04-01,2016-03-31,0
2015-07-29,79950,2016-03-31,1,,,,,,,,,,,,,,,,,,,,,,,,,,,,,,,,,93443668,5099527,88346989,false,false,3,2015-04-01,2015-06-30,0
2015-07-29,79950,2015-03-31,1,,,,,,,,,,,,,,,,,,,,,,,,,,,,,,,,,,,88329867,false,false,3,2014-04-01,2014-06-30,-1
2015-10-28,79950,2016-03-31,2,20533000000,0.042,,,,,1568000000,0.143,1588000000,0.047,,1086000000,,12.30,,,,,,43479000000,29119000000,0.639,,27800000000,,,,,,,,,,,,true,false,6,2015-04-01,2015-09-30,0
2015-10-28,79950,2015-03-31,2,19714000000,0.015,,,,,1372000000,0.319,1517000000,0.488,,905000000,,10.25,,,,,,,,,,,,,,,,,,,,,,true,false,6,2014-04-01,2014-09-30,-1
2015-10-28,79950,2016-03-31,2,40600000000,0.014,,,,,3100000000,0.101,3100000000,0.004,,2000000000,,22.64,,,,,,,,,,,,,,,,,,,,,,true,true,12,2015-04-01,2016-03-31,0
2015-10-28,79950,2015-03-31,2,,,,,,,,,,,,,,,,,,,,43669000000,28860000000,0.631,,27552000000,,,,,,,,,,,,true,false,12,2014-04-01,2015-03-31,-1
2015-10-28,79950,2015-03-31,2,,,,,,,,,,,,,,,,,,,,,,,,,,,,,11.00,,,,93443668,5094820,,false,false,12,2014-04-01,2015-03-31,-1
2015-10-28,79950,2016-03-31,2,,,,,,,,,,,,,,,,,,,,,,,,,,,,,6.00,,,,,,,false,false,12,2015-04-01,2016-03-31,0
2015-10-28,79950,2016-03-31,2,,,,,,,,,,,,,,,,,,,,,,,,,,,,,12.00,,,,,,,false,true,12,2015-04-01,2016-03-31,0
2015-10-28,79950,2016-03-31,2,,,,,,,,,,,,,,,,,,,,,,,,,,,,,,,,,93443668,5102166,88344766,false,false,6,2015-04-01,2015-09-30,0
2015-10-28,79950,2015-03-31,2,,,,,,,,,,,,,,,,,,,,,,,,,,,,,,,,,,,88327688,false,false,6,2014-04-01,2014-09-30,-1
2016-01-27,79950,2016-03-31,3,30414000000,0.031,,,,,2224000000,0.100,2225000000,-0.027,,1384000000,,15.67,,,,,,42443000000,28896000000,0.650,,27575000000,,,,,,,,,,,,true,false,9,2015-04-01,2015-12-31,0
2016-01-27,79950,2015-03-31,3,29503000000,0.006,,,,,2022000000,0.316,2287000000,0.399,,1382000000,,15.65,,,,,,,,,,,,,,,,,,,,,,true,false,9,2014-04-01,2014-12-31,-1
2016-01-27,79950,2016-03-31,3,40600000000,0.014,,,,,3100000000,0.101,3100000000,0.004,,2000000000,,22.64,,,,,,,,,,,,,,,,,,,,,,true,true,12,2015-04-01,2016-03-31,0
2016-01-27,79950,2015-03-31,3,,,,,,,,,,,,,,,,,,,,43669000000,28860000000,0.631,,27552000000,,,,,,,,,,,,true,false,12,2014-04-01,2015-03-31,-1
2016-01-27,79950,2015-03-31,3,,,,,,,,,,,,,,,,,,,,,,,,,,,,,11.00,,,,93443668,5094820,,false,false,12,2014-04-01,2015-03-31,-1
2016-01-27,79950,2016-03-31,3,,,,,,,,,,,,,,,,,,,,,,,,,,,,,6.00,,,,,,,false,false,12,2015-04-01,2016-03-31,0
2016-01-27,79950,2016-03-31,3,,,,,,,,,,,,,,,,,,,,,,,,,,,,,12.00,,,,,,,false,true,12,2015-04-01,2016-03-31,0
2016-01-27,79950,2016-03-31,3,,,,,,,,,,,,,,,,,,,,,,,,,,,,,,,,,93443668,5107505,88342955,false,false,9,2015-04-01,2015-12-31,0
2016-01-27,79950,2015-03-31,3,,,,,,,,,,,,,,,,,,,,,,,,,,,,,,,,,,,88336165,false,false,9,2014-04-01,2014-12-31,-1
2016-05-12,79950,2016-03-31,,41120000000,0.027,,,,,3123000000,0.110,3058000000,-0.009,,1752000000,,19.84,,0.064,0.070,0.076,,43258000000,28504000000,0.628,307.38,27152000000,3701000000,-1656000000,-983000000,6039000000,,0.605,,,,,,true,false,12,2015-04-01,2016-03-31,0
2016-05-12,79950,2015-03-31,,40021000000,0.016,,,,,2814000000,0.299,3087000000,0.343,,1803000000,,20.41,,0.067,0.072,0.070,,43669000000,28860000000,0.631,311.86,27552000000,3374000000,-1033000000,-2046000000,5031000000,,0.539,,,,,,true,false,12,2014-04-01,2015-03-31,-1
2016-05-12,79950,2017-03-31,,20700000000,0.008,,,,,1600000000,0.020,1500000000,-0.056,,700000000,,7.92,,,,,,,,,,,,,,,,,,,,,,true,true,6,2016-04-01,2016-09-30,1
2016-05-12,79950,2017-03-31,,41500000000,0.009,,,,,3200000000,0.024,3100000000,0.013,,1500000000,,84.90,,,,,,,,,,,,,,,,0.707,,,,,,true,true,12,2016-04-01,2017-03-31,1
2016-05-12,79950,2016-03-31,,28483000000,-0.009,,,,,263000000,-0.446,1556000000,-0.166,1719000000,,-0.007,19.45,,,,,,36036000000,23962000000,0.665,271.19,23962000000,,,,,12.00,,,,93443668,5109137,88341174,false,false,12,2015-04-01,2016-03-31,0
2016-05-12,79950,2015-03-31,,28742000000,0.001,,,,,474000000,,1864000000,0.534,1731000000,,0.603,19.59,,,,,,35629000000,23721000000,0.666,268.43,23721000000,,,,,11.00,,,,93443668,5094820,88339762,false,false,12,2014-04-01,2015-03-31,-1
2016-05-12,79950,2017-03-31,,,,,,,,,,,,,,,,,,,,,,,,,,,,,,30.00,,,,,,,false,true,12,2016-04-01,2017-03-31,1
2016-07-27,79950,2017-03-31,1,10379000000,0.008,,,,,865000000,0.060,722000000,-0.177,,509000000,,5.76,,,,,,43378000000,28243000000,0.620,,26894000000,,,,,,,,,,,,true,false,3,2016-04-01,2016-06-30,0
2016-07-27,79950,2016-03-31,1,10300000000,0.070,,,,,816000000,0.199,877000000,0.174,,531000000,,6.02,,,,,,,,,,,,,,,,,,,,,,true,false,3,2015-04-01,2015-06-30,-1
2016-07-27,79950,2017-03-31,1,20700000000,0.008,,,,,1600000000,0.020,1500000000,-0.056,,700000000,,7.92,,,,,,,,,,,,,,,,,,,,,,true,true,6,2016-04-01,2016-09-30,0
2016-07-27,79950,2017-03-31,1,41500000000,0.009,,,,,3200000000,0.024,3100000000,0.013,,1500000000,,84.90,,,,,,,,,,,,,,,,,,,,,,true,true,12,2016-04-01,2017-03-31,0
2016-07-27,79950,2016-03-31,1,,,,,,,,,,,,,,,,,,,,43258000000,28504000000,0.628,,27152000000,,,,,,,,,,,,true,false,12,2015-04-01,2016-03-31,-1
2016-07-27,79950,2016-03-31,1,,,,,,,,,,,,,,,,,,,,,,,,,,,,,12.00,,,,93443668,5109137,,false,false,12,2015-04-01,2016-03-31,-1
2016-07-27,79950,2017-03-31,1,,,,,,,,,,,,,,,,,,,,,,,,,,,,,30.00,,,,,,,false,true,12,2016-04-01,2017-03-31,0
2016-07-27,79950,2017-03-31,1,,,,,,,,,,,,,,,,,,,,,,,,,,,,,,,,,93443668,5109355,88334458,false,false,3,2016-04-01,2016-06-30,0
2016-07-27,79950,2016-03-31,1,,,,,,,,,,,,,,,,,,,,,,,,,,,,,,,,,,,88346989,false,false,3,2015-04-01,2015-06-30,-1
2016-10-26,79950,2017-03-31,2,21127000000,0.029,,,,,1901000000,0.212,1685000000,0.061,,857000000,,48.56,,,,,,43036000000,28376000000,0.628,,27009000000,,,,,,,,,,,,true,false,6,2016-04-01,2016-09-30,0
2016-10-26,79950,2016-03-31,2,20533000000,0.042,,,,,1568000000,0.143,1588000000,0.047,,1086000000,,61.51,,,,,,,,,,,,,,,,,,,,,,true,false,6,2015-04-01,2015-09-30,-1
2016-10-26,79950,2017-03-31,2,41500000000,0.009,,,,,3200000000,0.024,3100000000,0.013,,1500000000,,84.91,,,,,,,,,,,,,,,,,,,,,,true,true,12,2016-04-01,2017-03-31,0
2016-10-26,79950,2016-03-31,2,,,,,,,,,,,,,,,,,,,,43258000000,28504000000,0.628,,27152000000,,,,,,,,,,,,true,false,12,2015-04-01,2016-03-31,-1
2016-10-26,79950,2016-03-31,2,,,,,,,,,,,,,,,,,,,,,,,,,,,,,12.00,,,,18688733,1021827,,false,false,12,2015-04-01,2016-03-31,-1
2016-10-26,79950,2017-03-31,2,,,,,,,,,,,,,,,,,,,,,,,,,,,,,6.00,,,,,,,false,false,12,2016-04-01,2017-03-31,0
2016-10-26,79950,2017-03-31,2,,,,,,,,,,,,,,,,,,,,,,,,,,,,,30.00,,,,,,,false,true,12,2016-04-01,2017-03-31,0
2016-10-26,79950,2017-03-31,2,,,,,,,,,,,,,,,,,,,,,,,,,,,,,,,,,18688733,1022255,17666757,false,false,6,2016-04-01,2016-09-30,0
2016-10-26,79950,2016-03-31,2,,,,,,,,,,,,,,,,,,,,,,,,,,,,,,,,,,,17668953,false,false,6,2015-04-01,2015-09-30,-1
2017-01-25,79950,2017-03-31,3,32034000000,0.053,,,,,2912000000,0.309,2806000000,0.261,,1599000000,,90.53,,,,,,44142000000,29147000000,0.628,,27707000000,,,,,,,,,,,,true,false,9,2016-04-01,2016-12-31,0
2017-01-25,79950,2016-03-31,3,30414000000,0.031,,,,,2224000000,0.100,2225000000,-0.027,,1384000000,,78.37,,,,,,,,,,,,,,,,,,,,,,true,false,9,2015-04-01,2015-12-31,-1
2017-01-25,79950,2017-03-31,3,42800000000,0.041,,,,,3800000000,0.217,3600000000,0.177,,2000000000,,113.21,,,,,,,,,,,,,,,,,,,,,,true,true,12,2016-04-01,2017-03-31,0
2017-01-25,79950,2016-03-31,3,,,,,,,,,,,,,,,,,,,,43258000000,28504000000,0.628,,27152000000,,,,,,,,,,,,true,false,12,2015-04-01,2016-03-31,-1
2017-01-25,79950,2016-03-31,3,,,,,,,,,,,,,,,,,,,,,,,,,,,,,12.00,,,,18688733,1021827,,false,false,12,2015-04-01,2016-03-31,-1
2017-01-25,79950,2017-03-31,3,,,,,,,,,,,,,,,,,,,,,,,,,,,,,6.00,,,,,,,false,false,12,2016-04-01,2017-03-31,0
2017-01-25,79950,2017-03-31,3,,,,,,,,,,,,,,,,,,,,,,,,,,,,,45.00,,,,,,,false,true,12,2016-04-01,2017-03-31,0
2017-01-25,79950,2017-03-31,3,,,,,,,,,,,,,,,,,,,,,,,,,,,,,,,,,18688733,1023211,17666436,false,false,9,2016-04-01,2016-12-31,0
2017-01-25,79950,2016-03-31,3,,,,,,,,,,,,,,,,,,,,,,,,,,,,,,,,,,,17668591,false,false,9,2015-04-01,2015-12-31,-1
2017-05-12,79950,2017-03-31,,43640000000,0.061,,,,,4065000000,0.301,3929000000,0.285,,2348000000,,132.93,,0.083,0.087,0.093,,46651000000,30849000000,0.627,1657.08,29272000000,3674000000,-2120000000,-1327000000,6181000000,,0.564,,,,,,true,false,12,2016-04-01,2017-03-31,0
2017-05-12,79950,2016-03-31,,41120000000,0.027,,,,,3123000000,0.110,3058000000,-0.009,,1752000000,,99.19,,0.064,0.070,0.076,,43258000000,28504000000,0.628,1536.90,27152000000,3701000000,-1656000000,-983000000,6039000000,,0.605,,,,,,true,false,12,2015-04-01,2016-03-31,-1
2017-05-12,79950,2018-03-31,,22000000000,0.041,,,,,2100000000,0.105,2000000000,0.187,,1200000000,,67.93,,,,,,,,,,,,,,,,,,,,,,true,true,6,2017-04-01,2017-09-30,1
2017-05-12,79950,2018-03-31,,45000000000,0.031,,,,,4500000000,0.107,4400000000,0.120,,2700000000,,152.83,,,,,,,,,,,,,,,,0.458,,,,,,true,true,12,2017-04-01,2018-03-31,1
2017-05-12,79950,2017-03-31,,30435000000,0.069,,,,,196000000,-0.255,1875000000,0.205,856000000,,-0.501,48.50,,,,,,38989000000,24707000000,0.634,1398.24,24707000000,,,,,45.00,,,,18688733,1023727,17666146,false,false,12,2016-04-01,2017-03-31,0
2017-05-12,79950,2016-03-31,,28483000000,-0.009,,,,,263000000,-0.446,1556000000,-0.166,1719000000,,-0.007,97.27,,,,,,36036000000,23962000000,0.665,1355.96,23962000000,,,,,12.00,,,,18688733,1021827,17668235,false,false,12,2015-04-01,2016-03-31,-1
2017-05-12,79950,2018-03-31,,,,,,,,,,,,,,,,,,,,,,,,,,,,,,70.00,,,,,,,false,true,12,2017-04-01,2018-03-31,1
2017-07-26,79950,2018-03-31,1,11774000000,0.134,,,,,1506000000,0.740,1539000000,1.131,,1061000000,,60.06,,,,,,48158000000,31442000000,0.620,,29880000000,,,,,,,,,,,,true,false,3,2017-04-01,2017-06-30,0
2017-07-26,79950,2017-03-31,1,10379000000,0.008,,,,,865000000,0.060,722000000,-0.177,,509000000,,28.82,,,,,,,,,,,,,,,,,,,,,,true,false,3,2016-04-01,2016-06-30,-1
2017-07-26,79950,2018-03-31,1,23200000000,0.098,,,,,2700000000,0.420,2700000000,0.602,,1700000000,,96.24,,,,,,,,,,,,,,,,,,,,,,true,true,6,2017-04-01,2017-09-30,0
2017-07-26,79950,2018-03-31,1,46000000000,0.054,,,,,5000000000,0.230,5000000000,0.273,,3000000000,,169.83,,,,,,,,,,,,,,,,,,,,,,true,true,12,2017-04-01,2018-03-31,0
2017-07-26,79950,2017-03-31,1,,,,,,,,,,,,,,,,,,,,46651000000,30849000000,0.627,,29272000000,,,,,,,,,,,,true,false,12,2016-04-01,2017-03-31,-1
2017-07-26,79950,2017-03-31,1,,,,,,,,,,,,,,,,,,,,,,,,,,,,,45.00,,,,18688733,1023727,,false,false,12,2016-04-01,2017-03-31,-1
2017-07-26,79950,2018-03-31,1,,,,,,,,,,,,,,,,,,,,,,,,,,,,,70.00,,,,,,,false,true,12,2017-04-01,2018-03-31,0
2017-07-26,79950,2018-03-31,1,,,,,,,,,,,,,,,,,,,,,,,,,,,,,,,,,18688733,1023937,17664919,false,false,3,2017-04-01,2017-06-30,0
2017-07-26,79950,2017-03-31,1,,,,,,,,,,,,,,,,,,,,,,,,,,,,,,,,,,,17666892,false,false,3,2016-04-01,2016-06-30,-1
2017-10-25,79950,2018-03-31,2,23278000000,0.102,,,,,2739000000,0.441,2789000000,0.655,,1899000000,,107.50,,,,,,46722000000,31747000000,0.647,,30221000000,,,,,,,,,,,,true,false,6,2017-04-01,2017-09-30,0
2017-10-25,79950,2017-03-31,2,21127000000,0.029,,,,,1901000000,0.212,1685000000,0.061,,857000000,,48.56,,,,,,,,,,,,,,,,,,,,,,true,false,6,2016-04-01,2016-09-30,-1
2017-10-25,79950,2018-03-31,2,46000000000,0.054,,,,,5000000000,0.230,5000000000,0.273,,3000000000,,169.83,,,,,,,,,,,,,,,,,,,,,,true,true,12,2017-04-01,2018-03-31,0
2017-10-25,79950,2017-03-31,2,,,,,,,,,,,,,,,,,,,,46651000000,30849000000,0.627,,29272000000,,,,,,,,,,,,true,false,12,2016-04-01,2017-03-31,-1
2017-10-25,79950,2017-03-31,2,,,,,,,,,,,,,,,,,,,,,,,,,,,,,45.00,,,,18688733,1023727,,false,false,12,2016-04-01,2017-03-31,-1
2017-10-25,79950,2018-03-31,2,,,,,,,,,,,,,,,,,,,,,,,,,,,,,40.00,,,,,,,false,false,12,2017-04-01,2018-03-31,0
2017-10-25,79950,2018-03-31,2,,,,,,,,,,,,,,,,,,,,,,,,,,,,,80.00,,,,,,,false,true,12,2017-04-01,2018-03-31,0
2017-10-25,79950,2018-03-31,2,,,,,,,,,,,,,,,,,,,,,,,,,,,,,,,,,18688733,1024961,17664520,false,false,6,2017-04-01,2017-09-30,0
2017-10-25,79950,2017-03-31,2,,,,,,,,,,,,,,,,,,,,,,,,,,,,,,,,,,,17666757,false,false,6,2016-04-01,2016-09-30,-1
2018-01-31,79950,2018-03-31,3,35161000000,0.098,,,,,4049000000,0.390,4121000000,0.468,,2758000000,,156.17,,,,,,48719000000,33155000000,0.649,,31598000000,,,,,,,,,,,,true,false,9,2017-04-01,2017-12-31,0
2018-01-31,79950,2017-03-31,3,32034000000,0.053,,,,,2912000000,0.309,2806000000,0.261,,1599000000,,90.53,,,,,,,,,,,,,,,,,,,,,,true,false,9,2016-04-01,2016-12-31,-1
2018-01-31,79950,2018-03-31,3,46500000000,0.066,,,,,5200000000,0.279,5200000000,0.323,,3400000000,,192.48,,,,,,,,,,,,,,,,,,,,,,true,true,12,2017-04-01,2018-03-31,0
2018-01-31,79950,2017-03-31,3,,,,,,,,,,,,,,,,,,,,46651000000,30849000000,0.627,,29272000000,,,,,,,,,,,,true,false,12,2016-04-01,2017-03-31,-1
2018-01-31,79950,2017-03-31,3,,,,,,,,,,,,,,,,,,,,,,,,,,,,,45.00,,,,18688733,1023727,,false,false,12,2016-04-01,2017-03-31,-1
2018-01-31,79950,2018-03-31,3,,,,,,,,,,,,,,,,,,,,,,,,,,,,,40.00,,,,,,,false,false,12,2017-04-01,2018-03-31,0
2018-01-31,79950,2018-03-31,3,,,,,,,,,,,,,,,,,,,,,,,,,,,,,85.00,,,,,,,false,true,12,2017-04-01,2018-03-31,0
2018-01-31,79950,2018-03-31,3,,,,,,,,,,,,,,,,,,,,,,,,,,,,,,,,,18688733,1025465,17664193,false,false,9,2017-04-01,2017-12-31,0
2018-01-31,79950,2017-03-31,3,,,,,,,,,,,,,,,,,,,,,,,,,,,,,,,,,,,17666436,false,false,9,2016-04-01,2016-12-31,-1
2018-05-10,79950,2018-03-31,,47592000000,0.091,,,,,5374000000,0.322,5466000000,0.391,,3833000000,,217.01,,0.123,0.112,0.113,,50782000000,34592000000,0.651,1870.47,33037000000,3899000000,-1190000000,-2484000000,6439000000,,0.392,,,,,,true,false,12,2017-04-01,2018-03-31,0
2018-05-10,79950,2017-03-31,,43640000000,0.061,,,,,4065000000,0.301,3929000000,0.285,,2348000000,,132.93,,0.083,0.087,0.093,,46651000000,30849000000,0.627,1657.08,29272000000,3674000000,-2120000000,-1327000000,6181000000,,0.564,,,,,,true,false,12,2016-04-01,2017-03-31,-1
2018-05-10,79950,2019-03-31,,25000000000,0.074,,,,,2900000000,0.059,2900000000,0.040,,2000000000,,113.23,,,,,,,,,,,,,,,,,,,,,,true,true,6,2018-04-01,2018-09-30,1
2018-05-10,79950,2019-03-31,,49700000000,0.044,,,,,5700000000,0.061,5700000000,0.043,,4000000000,,226.45,,,,,,,,,,,,,,,,0.420,,,,,,true,true,12,2018-04-01,2019-03-31,1
2018-05-10,79950,2018-03-31,,32419000000,0.065,,,,,562000000,1.867,3114000000,0.661,3055000000,,2.565,172.91,,,,,,41521000000,27347000000,0.659,1547.86,27347000000,,,,,85.00,,,,18688733,1025866,17663911,false,false,12,2017-04-01,2018-03-31,0
2018-05-10,79950,2017-03-31,,30435000000,0.069,,,,,196000000,-0.255,1875000000,0.205,856000000,,-0.501,48.50,,,,,,38989000000,24707000000,0.634,1398.24,24707000000,,,,,45.00,,,,18688733,1023727,17666146,false,false,12,2016-04-01,2017-03-31,-1
2018-05-10,79950,2019-03-31,,,,,,,,,,,,,,,,,,,,,,,,,,,,,,95.00,,,,,,,false,true,12,2018-04-01,2019-03-31,1
2018-07-25,79950,2019-03-31,1,13245000000,0.125,,,,,1741000000,0.157,1802000000,0.171,,1275000000,,72.40,,,,,,50802000000,34091000000,0.641,,32558000000,,,,,,,,,,,,true,false,3,2018-04-01,2018-06-30,0
2018-07-25,79950,2018-03-31,1,11774000000,0.134,,,,,1506000000,0.740,1539000000,1.131,,1061000000,,60.06,,,,,,,,,,,,,,,,,,,,,,true,false,3,2017-04-01,2017-06-30,-1
2018-07-25,79950,2019-03-31,1,25800000000,0.108,,,,,3200000000,0.168,3200000000,0.147,,2200000000,,124.85,,,,,,,,,,,,,,,,,,,,,,true,true,6,2018-04-01,2018-09-30,0
2018-07-25,79950,2019-03-31,1,50500000000,0.061,,,,,6000000000,0.116,6000000000,0.098,,4200000000,,238.36,,,,,,,,,,,,,,,,,,,,,,true,true,12,2018-04-01,2019-03-31,0
2018-07-25,79950,2018-03-31,1,,,,,,,,,,,,,,,,,,,,50600000000,34592000000,0.653,,33037000000,,,,,,,,,,,,true,false,12,2017-04-01,2018-03-31,-1
2018-07-25,79950,2018-03-31,1,,,,,,,,,,,,,,,,,,,,,,,,,,,,,85.00,,,,18688733,1025866,,false,false,12,2017-04-01,2018-03-31,-1
2018-07-25,79950,2019-03-31,1,,,,,,,,,,,,,,,,,,,,,,,,,,,,,95.00,,,,,,,false,true,12,2018-04-01,2019-03-31,0
2018-07-25,79950,2019-03-31,1,,,,,,,,,,,,,,,,,,,,,,,,,,,,,,,,,18688733,1116304,17620541,false,false,3,2018-04-01,2018-06-30,0
2018-07-25,79950,2018-03-31,1,,,,,,,,,,,,,,,,,,,,,,,,,,,,,,,,,,,17664919,false,false,3,2017-04-01,2017-06-30,-1
2018-10-24,79950,2019-03-31,2,26084000000,0.121,,,,,3207000000,0.171,3347000000,0.200,,2354000000,,133.78,,,,,,50834000000,34862000000,0.656,,33326000000,,,,,,,,,,,,true,false,6,2018-04-01,2018-09-30,0
2018-10-24,79950,2018-03-31,2,23278000000,0.102,,,,,2739000000,0.441,2789000000,0.655,,1899000000,,107.50,,,,,,,,,,,,,,,,,,,,,,true,false,6,2017-04-01,2017-09-30,-1
2018-10-24,79950,2019-03-31,2,50500000000,0.061,,,,,6000000000,0.116,6000000000,0.098,,4200000000,,238.69,,,,,,,,,,,,,,,,,,,,,,true,true,12,2018-04-01,2019-03-31,0
2018-10-24,79950,2018-03-31,2,,,,,,,,,,,,,,,,,,,,50600000000,34592000000,0.653,,33037000000,,,,,,,,,,,,true,false,12,2017-04-01,2018-03-31,-1
2018-10-24,79950,2018-03-31,2,,,,,,,,,,,,,,,,,,,,,,,,,,,,,85.00,,,,18688733,1025866,,false,false,12,2017-04-01,2018-03-31,-1
2018-10-24,79950,2019-03-31,2,,,,,,,,,,,,,,,,,,,,,,,,,,,,,45.00,,,,,,,false,false,12,2018-04-01,2019-03-31,0
2018-10-24,79950,2019-03-31,2,,,,,,,,,,,,,,,,,,,,,,,,,,,,,95.00,,,,,,,false,true,12,2018-04-01,2019-03-31,0
2018-10-24,79950,2019-03-31,2,,,,,,,,,,,,,,,,,,,,,,,,,,,,,,,,,18688733,1116846,17596189,false,false,6,2018-04-01,2018-09-30,0
2018-10-24,79950,2018-03-31,2,,,,,,,,,,,,,,,,,,,,,,,,,,,,,,,,,,,17664520,false,false,6,2017-04-01,2017-09-30,-1
2019-01-30,79950,2019-03-31,3,38709000000,0.101,,,,,4389000000,0.084,4561000000,0.107,,3087000000,,175.57,,,,,,49545000000,33883000000,0.652,,32325000000,,,,,,,,,,,,true,false,9,2018-04-01,2018-12-31,0
2019-01-30,79950,2018-03-31,3,35161000000,0.098,,,,,4049000000,0.390,4121000000,0.468,,2758000000,,156.17,,,,,,,,,,,,,,,,,,,,,,true,false,9,2017-04-01,2017-12-31,-1
2019-01-30,79950,2019-03-31,3,50500000000,0.061,,,,,6000000000,0.116,6000000000,0.098,,4200000000,,238.80,,,,,,,,,,,,,,,,,,,,,,true,true,12,2018-04-01,2019-03-31,0
2019-01-30,79950,2018-03-31,3,,,,,,,,,,,,,,,,,,,,50600000000,34592000000,0.653,,33037000000,,,,,,,,,,,,true,false,12,2017-04-01,2018-03-31,-1
2019-01-30,79950,2018-03-31,3,,,,,,,,,,,,,,,,,,,,,,,,,,,,,85.00,,,,18688733,1025866,,false,false,12,2017-04-01,2018-03-31,-1
2019-01-30,79950,2019-03-31,3,,,,,,,,,,,,,,,,,,,,,,,,,,,,,45.00,,,,,,,false,false,12,2018-04-01,2019-03-31,0
2019-01-30,79950,2019-03-31,3,,,,,,,,,,,,,,,,,,,,,,,,,,,,,95.00,,,,,,,false,true,12,2018-04-01,2019-03-31,0
2019-01-30,79950,2019-03-31,3,,,,,,,,,,,,,,,,,,,,,,,,,,,,,,,,,18688733,1117056,17588004,false,false,9,2018-04-01,2018-12-31,0
2019-01-30,79950,2018-03-31,3,,,,,,,,,,,,,,,,,,,,,,,,,,,,,,,,,,,17664193,false,false,9,2017-04-01,2017-12-31,-1
2019-05-14,79950,2019-03-31,,51243000000,0.077,,,,,5609000000,0.044,5791000000,0.059,,4087000000,,232.43,,0.124,0.116,0.109,,49535000000,34378000000,0.662,1867.57,32815000000,5362000000,-1960000000,-2704000000,7037000000,,0.409,,,,,,true,false,12,2018-04-01,2019-03-31,0
2019-05-14,79950,2018-03-31,,47592000000,0.091,,,,,5374000000,0.322,5466000000,0.391,,3833000000,,217.01,,0.123,0.112,0.113,,50600000000,34592000000,0.653,1870.47,33037000000,3899000000,-1190000000,-2484000000,6439000000,,0.392,,,,,,true,false,12,2017-04-01,2018-03-31,-1
2019-05-14,79950,2020-03-31,,50000000000,-0.024,,,,,4600000000,-0.180,4700000000,-0.188,,3300000000,,187.67,,,,,,,,,,,,,,,,0.533,,,,,,true,true,12,2019-04-01,2020-03-31,1
2019-05-14,79950,2019-03-31,,34085000000,0.051,,,,,476000000,-0.152,3428000000,0.101,2570000000,,-0.159,146.15,,,,,,39760000000,26439000000,0.665,1504.22,26439000000,,,,,95.00,,,,18688733,1117289,17583948,false,false,12,2018-04-01,2019-03-31,0
2019-05-14,79950,2018-03-31,,32419000000,0.065,,,,,562000000,1.867,3114000000,0.661,3055000000,,2.565,172.91,,,,,,41385000000,27347000000,0.661,1547.86,27347000000,,,,,85.00,,,,18688733,1025866,17663911,false,false,12,2017-04-01,2018-03-31,-1
2019-05-14,79950,2020-03-31,,,,,,,,,,,,,,,,,,,,,,,,,,,,,,100.00,,,,,,,false,true,12,2019-04-01,2020-03-31,1
2019-07-31,79950,2020-03-31,1,12619000000,-0.047,,,,,1543000000,-0.114,1544000000,-0.143,,1091000000,,62.14,,,,,,50911000000,34545000000,0.648,,32970000000,,,,,,,,,,,,true,false,3,2019-04-01,2019-06-30,0
2019-07-31,79950,2019-03-31,1,13245000000,0.125,,,,,1741000000,0.157,1802000000,0.171,,1275000000,,72.40,,,,,,,,,,,,,,,,,,,,,,true,false,3,2018-04-01,2018-06-30,-1
2019-07-31,79950,2020-03-31,1,50000000000,-0.024,,,,,4600000000,-0.180,4700000000,-0.188,,3300000000,,187.81,,,,,,,,,,,,,,,,,,,,,,true,true,12,2019-04-01,2020-03-31,0
2019-07-31,79950,2019-03-31,1,,,,,,,,,,,,,,,,,,,,49535000000,34378000000,0.662,,32815000000,,,,,,,,,,,,true,false,12,2018-04-01,2019-03-31,-1
2019-07-31,79950,2019-03-31,1,,,,,,,,,,,,,,,,,,,,,,,,,,,,,95.00,,,,18688733,1117289,,false,false,12,2018-04-01,2019-03-31,-1
2019-07-31,79950,2020-03-31,1,,,,,,,,,,,,,,,,,,,,,,,,,,,,,100.00,,,,,,,false,true,12,2019-04-01,2020-03-31,0
2019-07-31,79950,2020-03-31,1,,,,,,,,,,,,,,,,,,,,,,,,,,,,,,,,,18688733,1117579,17571268,false,false,3,2019-04-01,2019-06-30,0
2019-07-31,79950,2019-03-31,1,,,,,,,,,,,,,,,,,,,,,,,,,,,,,,,,,,,17620541,false,false,3,2018-04-01,2018-06-30,-1
2019-10-30,79950,2020-03-31,2,24915000000,-0.045,,,,,2545000000,-0.206,2529000000,-0.244,,1816000000,,103.29,,,,,,50400000000,35225000000,0.668,,33660000000,,,,,,,,,,,,true,false,6,2019-04-01,2019-09-30,0
2019-10-30,79950,2019-03-31,2,26084000000,0.121,,,,,3207000000,0.171,3347000000,0.200,,2354000000,,133.78,,,,,,,,,,,,,,,,,,,,,,true,false,6,2018-04-01,2018-09-30,-1
2019-10-30,79950,2020-03-31,2,50000000000,-0.024,,,,,4600000000,-0.180,4700000000,-0.188,,3300000000,,187.67,,,,,,,,,,,,,,,,,,,,,,true,true,12,2019-04-01,2020-03-31,0
2019-10-30,79950,2019-03-31,2,,,,,,,,,,,,,,,,,,,,49535000000,34378000000,0.662,,32815000000,,,,,,,,,,,,true,false,12,2018-04-01,2019-03-31,-1
2019-10-30,79950,2019-03-31,2,,,,,,,,,,,,,,,,,,,,,,,,,,,,,95.00,,,,18688733,1117289,,false,false,12,2018-04-01,2019-03-31,-1
2019-10-30,79950,2020-03-31,2,,,,,,,,,,,,,,,,,,,,,,,,,,,,,50.00,,,,,,,false,false,12,2019-04-01,2020-03-31,0
2019-10-30,79950,2020-03-31,2,,,,,,,,,,,,,,,,,,,,,,,,,,,,,100.00,,,,,,,false,true,12,2019-04-01,2020-03-31,0
2019-10-30,79950,2020-03-31,2,,,,,,,,,,,,,,,,,,,,,,,,,,,,,,,,,18688733,1082920,17584127,false,false,6,2019-04-01,2019-09-30,0
2019-10-30,79950,2019-03-31,2,,,,,,,,,,,,,,,,,,,,,,,,,,,,,,,,,,,17596189,false,false,6,2018-04-01,2018-09-30,-1
2020-01-29,79950,2020-03-31,3,36561000000,-0.055,,,,,3352000000,-0.236,3371000000,-0.261,,2393000000,,136.06,,,,,,48865000000,35037000000,0.685,,33467000000,,,,,,,,,,,,true,false,9,2019-04-01,2019-12-31,0
2020-01-29,79950,2019-03-31,3,38709000000,0.101,,,,,4389000000,0.084,4561000000,0.107,,3087000000,,175.57,,,,,,,,,,,,,,,,,,,,,,true,false,9,2018-04-01,2018-12-31,-1
2020-01-29,79950,2020-03-31,3,50000000000,-0.024,,,,,4600000000,-0.180,4700000000,-0.188,,3300000000,,187.59,,,,,,,,,,,,,,,,,,,,,,true,true,12,2019-04-01,2020-03-31,0
2020-01-29,79950,2019-03-31,3,,,,,,,,,,,,,,,,,,,,49535000000,34378000000,0.662,,32815000000,,,,,,,,,,,,true,false,12,2018-04-01,2019-03-31,-1
2020-01-29,79950,2019-03-31,3,,,,,,,,,,,,,,,,,,,,,,,,,,,,,95.00,,,,18688733,1117289,,false,false,12,2018-04-01,2019-03-31,-1
2020-01-29,79950,2020-03-31,3,,,,,,,,,,,,,,,,,,,,,,,,,,,,,50.00,,,,,,,false,false,12,2019-04-01,2020-03-31,0
2020-01-29,79950,2020-03-31,3,,,,,,,,,,,,,,,,,,,,,,,,,,,,,100.00,,,,,,,false,true,12,2019-04-01,2020-03-31,0
2020-01-29,79950,2020-03-31,3,,,,,,,,,,,,,,,,,,,,,,,,,,,,,,,,,18688733,1083363,17591340,false,false,9,2019-04-01,2019-12-31,0
2020-01-29,79950,2019-03-31,3,,,,,,,,,,,,,,,,,,,,,,,,,,,,,,,,,,,17588004,false,false,9,2018-04-01,2018-12-31,-1
2020-05-14,79950,2020-03-31,,48212000000,-0.059,,,,,4214000000,-0.249,4256000000,-0.265,,2918000000,,165.85,,0.088,0.087,0.087,,48128000000,34930000000,0.693,1893.45,33334000000,5121000000,-2799000000,-2769000000,6571000000,,0.603,,,,,,true,false,12,2019-04-01,2020-03-31,0
2020-05-14,79950,2019-03-31,,51243000000,0.077,,,,,5609000000,0.044,5791000000,0.059,,4087000000,,232.43,,0.124,0.116,0.109,,49535000000,34378000000,0.662,1867.57,32815000000,5362000000,-1960000000,-2704000000,7037000000,,0.409,,,,,,true,false,12,2018-04-01,2019-03-31,-1
2020-05-14,79950,2020-03-31,,31763000000,-0.068,,,,,-446000000,,2188000000,-0.362,2146000000,,-0.165,121.97,,,,,,37965000000,26477000000,0.697,1503.50,26477000000,,,,,100.00,,,,18688733,1083592,17594799,false,false,12,2019-04-01,2020-03-31,0
2020-05-14,79950,2019-03-31,,34085000000,0.051,,,,,476000000,-0.152,3428000000,0.101,2570000000,,-0.159,146.15,,,,,,39760000000,26439000000,0.665,1504.22,26439000000,,,,,95.00,,,,18688733,1117289,17583948,false,false,12,2018-04-01,2019-03-31,-1
2020-07-29,79950,2021-03-31,1,10960000000,-0.131,,,,,878000000,-0.431,928000000,-0.398,,700000000,,39.82,,,,,,50143000000,34991000000,0.667,,33433000000,,,,,,,,,,,,true,false,3,2020-04-01,2020-06-30,0
2020-07-29,79950,2020-03-31,1,12619000000,-0.047,,,,,1543000000,-0.114,1544000000,-0.143,,1091000000,,62.14,,,,,,,,,,,,,,,,,,,,,,true,false,3,2019-04-01,2019-06-30,-1
2020-07-29,79950,2020-03-31,1,,,,,,,,,,,,,,,,,,,,48128000000,34930000000,0.693,,33334000000,,,,,,,,,,,,true,false,12,2019-04-01,2020-03-31,-1
2020-07-29,79950,2020-03-31,1,,,,,,,,,,,,,,,,,,,,,,,,,,,,,100.00,,,,18688733,1083592,,false,false,12,2019-04-01,2020-03-31,-1
2020-07-29,79950,2021-03-31,1,,,,,,,,,,,,,,,,,,,,,,,,,,,,,,,,,18688733,1084588,17604264,false,false,3,2020-04-01,2020-06-30,0
2020-07-29,79950,2020-03-31,1,,,,,,,,,,,,,,,,,,,,,,,,,,,,,,,,,,,17571268,false,false,3,2019-04-01,2019-06-30,-1
2020-10-28,79950,2021-03-31,2,21630000000,-0.132,,,,,1685000000,-0.338,1762000000,-0.303,,1803000000,,102.33,,,,,,51091000000,36004000000,0.674,,34440000000,,,,,,,,,,,,true,false,6,2020-04-01,2020-09-30,0
2020-10-28,79950,2020-03-31,2,24915000000,-0.045,,,,,2545000000,-0.206,2529000000,-0.244,,1816000000,,103.29,,,,,,,,,,,,,,,,,,,,,,true,false,6,2019-04-01,2019-09-30,-1
2020-10-28,79950,2021-03-31,2,44300000000,-0.081,,,,,3000000000,-0.288,3100000000,-0.272,,2700000000,,153.23,,,,,,,,,,,,,,,,,,,,,,true,true,12,2020-04-01,2021-03-31,0
2020-10-28,79950,2020-03-31,2,,,,,,,,,,,,,,,,,,,,48128000000,34930000000,0.693,,33334000000,,,,,,,,,,,,true,false,12,2019-04-01,2020-03-31,-1
2020-10-28,79950,2020-03-31,2,,,,,,,,,,,,,,,,,,,,,,,,,,,,,100.00,,,,18688733,1083592,,false,false,12,2019-04-01,2020-03-31,-1
2020-10-28,79950,2021-03-31,2,,,,,,,,,,,,,,,,,,,,,,,,,,,,,45.00,,,,,,,false,false,12,2020-04-01,2021-03-31,0
2020-10-28,79950,2021-03-31,2,,,,,,,,,,,,,,,,,,,,,,,,,,,,,90.00,,,,,,,false,true,12,2020-04-01,2021-03-31,0
2020-10-28,79950,2021-03-31,2,,,,,,,,,,,,,,,,,,,,,,,,,,,,,,,,,18688733,1042114,17620728,false,false,6,2020-04-01,2020-09-30,0
2020-10-28,79950,2020-03-31,2,,,,,,,,,,,,,,,,,,,,,,,,,,,,,,,,,,,17584127,false,false,6,2019-04-01,2019-09-30,-1
2021-01-27,79950,2021-03-31,3,32748000000,-0.104,,,,,2245000000,-0.330,2393000000,-0.290,,2190000000,,124.25,,,,,,50535000000,35892000000,0.679,,34313000000,,,,,,,,,,,,true,false,9,2020-04-01,2020-12-31,0
2021-01-27,79950,2020-03-31,3,36561000000,-0.055,,,,,3352000000,-0.236,3371000000,-0.261,,2393000000,,136.06,,,,,,,,,,,,,,,,,,,,,,true,false,9,2019-04-01,2019-12-31,-1
2021-01-27,79950,2021-03-31,3,44300000000,-0.081,,,,,3000000000,-0.288,3100000000,-0.272,,2700000000,,153.15,,,,,,,,,,,,,,,,,,,,,,true,true,12,2020-04-01,2021-03-31,0
2021-01-27,79950,2020-03-31,3,,,,,,,,,,,,,,,,,,,,48128000000,34930000000,0.693,,33334000000,,,,,,,,,,,,true,false,12,2019-04-01,2020-03-31,-1
2021-01-27,79950,2020-03-31,3,,,,,,,,,,,,,,,,,,,,,,,,,,,,,100.00,,,,18688733,1083592,,false,false,12,2019-04-01,2020-03-31,-1
2021-01-27,79950,2021-03-31,3,,,,,,,,,,,,,,,,,,,,,,,,,,,,,45.00,,,,,,,false,false,12,2020-04-01,2021-03-31,0
2021-01-27,79950,2021-03-31,3,,,,,,,,,,,,,,,,,,,,,,,,,,,,,90.00,,,,,,,false,true,12,2020-04-01,2021-03-31,0
2021-01-27,79950,2021-03-31,3,,,,,,,,,,,,,,,,,,,,,,,,,,,,,,,,,18688733,1042523,17629323,false,false,9,2020-04-01,2020-12-31,0
2021-01-27,79950,2020-03-31,3,,,,,,,,,,,,,,,,,,,,,,,,,,,,,,,,,,,17591340,false,false,9,2019-04-01,2019-12-31,-1
2021-05-17,79950,2021-03-31,,44717000000,-0.072,,,,,3475000000,-0.175,3673000000,-0.137,,3090000000,,175.27,,0.090,0.073,0.078,,52691000000,37274000000,0.677,2019.94,35647000000,4586000000,-2323000000,-803000000,8026000000,,0.542,,,,,,true,false,12,2020-04-01,2021-03-31,0
2021-05-17,79950,2020-03-31,,48212000000,-0.059,,,,,4214000000,-0.249,4256000000,-0.265,,2918000000,,165.85,,0.088,0.087,0.087,,48128000000,34930000000,0.693,1893.45,33334000000,5121000000,-2799000000,-2769000000,6571000000,,0.603,,,,,,true,false,12,2019-04-01,2020-03-31,-1
2021-05-17,79950,2022-03-31,,48500000000,0.085,,,,,4000000000,0.151,4000000000,0.089,,2600000000,,147.45,,,,,,,,,,,,,,,,0.678,,,,,,true,true,12,2021-04-01,2022-03-31,1
2021-05-17,79950,2021-03-31,,29012000000,-0.087,,,,,-1408000000,,1320000000,-0.397,2194000000,,0.022,124.43,,,,,,40249000000,27593000000,0.686,1563.09,27593000000,,,,,95.00,,,,18688733,1041063,17633469,false,false,12,2020-04-01,2021-03-31,0
2021-05-17,79950,2020-03-31,,31763000000,-0.068,,,,,-446000000,,2188000000,-0.362,2146000000,,-0.165,121.97,,,,,,37965000000,26477000000,0.697,1503.50,26477000000,,,,,100.00,,,,18688733,1083592,17594799,false,false,12,2019-04-01,2020-03-31,-1
2021-05-17,79950,2022-03-31,,,,,,,,,,,,,,,,,,,,,,,,,,,,,,100.00,,,,,,,false,true,12,2021-04-01,2022-03-31,1
2021-07-28,79950,2022-03-31,1,12151000000,0.109,,,,,1157000000,0.319,1239000000,0.335,,732000000,,41.49,,,,,,55073000000,37581000000,0.651,,35861000000,,,,,,,,,,,,true,false,3,2021-04-01,2021-06-30,0
2021-07-28,79950,2021-03-31,1,10960000000,-0.131,,,,,878000000,-0.431,928000000,-0.398,,700000000,,39.82,,,,,,,,,,,,,,,,,,,,,,true,false,3,2020-04-01,2020-06-30,-1
2021-07-28,79950,2022-03-31,1,48500000000,0.085,,,,,4000000000,0.151,4000000000,0.089,,2600000000,,147.34,,,,,,,,,,,,,,,,,,,,,,true,true,12,2021-04-01,2022-03-31,0
2021-07-28,79950,2021-03-31,1,,,,,,,,,,,,,,,,,,,,52691000000,37274000000,0.677,,35647000000,,,,,,,,,,,,true,false,12,2020-04-01,2021-03-31,-1
2021-07-28,79950,2021-03-31,1,,,,,,,,,,,,,,,,,,,,,,,,,,,,,95.00,,,,18688733,1041063,,false,false,12,2020-04-01,2021-03-31,-1
2021-07-28,79950,2022-03-31,1,,,,,,,,,,,,,,,,,,,,,,,,,,,,,100.00,,,,,,,false,true,12,2021-04-01,2022-03-31,0
2021-07-28,79950,2022-03-31,1,,,,,,,,,,,,,,,,,,,,,,,,,,,,,,,,,18688733,1042491,17646333,false,false,3,2021-04-01,2021-06-30,0
2021-07-28,79950,2021-03-31,1,,,,,,,,,,,,,,,,,,,,,,,,,,,,,,,,,,,17604264,false,false,3,2020-04-01,2020-06-30,-1
2021-10-27,7995,2022-03-31,2,24740000000,0.144,,,,,2696000000,0.600,2815000000,0.598,,1916000000,,108.54,,,,,,57411000000,39474000000,0.657,,37703000000,,,,,,,,,,,,true,false,6,2021-04-01,2021-09-30,0
2021-10-27,7995,2021-03-31,2,21630000000,-0.132,,,,,1685000000,-0.338,1762000000,-0.303,,1803000000,,102.33,,,,,,,,,,,,,,,,,,,,,,true,false,6,2020-04-01,2020-09-30,-1
2021-10-27,7995,2022-03-31,2,51800000000,0.158,,,,,5500000000,0.583,5600000000,0.525,,3700000000,,209.50,,,,,,,,,,,,,,,,,,,,,,true,true,12,2021-04-01,2022-03-31,0
2021-10-27,7995,2021-03-31,2,,,,,,,,,,,,,,,,,,,,52691000000,37274000000,0.677,,35647000000,,,,,,,,,,,,true,false,12,2020-04-01,2021-03-31,-1
2021-10-27,7995,2021-03-31,2,,,,,,,,,,,,,,,,,,,,,,,,,,,,,95.00,,,,18688733,1041063,,false,false,12,2020-04-01,2021-03-31,-1
2021-10-27,7995,2022-03-31,2,,,,,,,,,,,,,,,,,,,,,,,,,,,,,50.00,,,,,,,false,false,12,2021-04-01,2022-03-31,0
2021-10-27,7995,2022-03-31,2,,,,,,,,,,,,,,,,,,,,,,,,,,,,,105.00,,,,,,,false,true,12,2021-04-01,2022-03-31,0
2021-10-27,7995,2022-03-31,2,,,,,,,,,,,,,,,,,,,,,,,,,,,,,,,,,18688733,1005163,17661031,false,false,6,2021-04-01,2021-09-30,0
2021-10-27,7995,2021-03-31,2,,,,,,,,,,,,,,,,,,,,,,,,,,,,,,,,,,,17620728,false,false,6,2020-04-01,2020-09-30,-1
2022-01-26,7995,2022-03-31,3,38689000000,0.181,,,,,4637000000,1.065,4831000000,1.019,,3299000000,,186.72,,,,,,58130000000,39839000000,0.654,,38015000000,,,,,,,,,,,,true,false,9,2021-04-01,2021-12-31,0
2022-01-26,7995,2021-03-31,3,32748000000,-0.104,,,,,2245000000,-0.330,2393000000,-0.290,,2190000000,,124.25,,,,,,,,,,,,,,,,,,,,,,true,false,9,2020-04-01,2020-12-31,-1
2022-01-26,7995,2022-03-31,3,52500000000,0.174,,,,,6000000000,0.727,6100000000,0.661,,4100000000,,232.05,,,,,,,,,,,,,,,,,,,,,,true,true,12,2021-04-01,2022-03-31,0
2022-01-26,7995,2021-03-31,3,,,,,,,,,,,,,,,,,,,,52691000000,37274000000,0.677,,35647000000,,,,,,,,,,,,true,false,12,2020-04-01,2021-03-31,-1
2022-01-26,7995,2021-03-31,3,,,,,,,,,,,,,,,,,,,,,,,,,,,,,95.00,,,,18688733,1041063,,false,false,12,2020-04-01,2021-03-31,-1
2022-01-26,7995,2022-03-31,3,,,,,,,,,,,,,,,,,,,,,,,,,,,,,50.00,,,,,,,false,false,12,2021-04-01,2022-03-31,0
2022-01-26,7995,2022-03-31,3,,,,,,,,,,,,,,,,,,,,,,,,,,,,,105.00,,,,,,,false,true,12,2021-04-01,2022-03-31,0
2022-01-26,7995,2022-03-31,3,,,,,,,,,,,,,,,,,,,,,,,,,,,,,,,,,18688733,1005522,17668503,false,false,9,2021-04-01,2021-12-31,0
2022-01-26,7995,2021-03-31,3,,,,,,,,,,,,,,,,,,,,,,,,,,,,,,,,,,,17629323,false,false,9,2020-04-01,2020-12-31,-1
,79950,2022-03-31,,,,,,,,,,,,,,,,,,,,,,,,,,,,,,115.00,,,,,,,false,true,12,2021-04-01,2022-03-31,0
,79950,2022-03-31,,,,,,,,,,,,,,,,,,,,,,,,,,,,,,50.00,,,,,,,false,false,12,2021-04-01,2022-03-31,0
,79950,2021-03-31,,,,,,,,,,,,,,,,,,,,,,,,,,,,,,95.00,,,,,,,false,false,12,2020-04-01,2021-03-31,-1
2022-05-16,7995,2022-03-31,,53167000000,0.189,,,,,6972000000,1.006,7193000000,0.958,,4841000000,,273.98,,0.128,0.127,0.131,,60200000000,40979000000,0.660,2246.76,39728000000,5227000000,-3695000000,-1807000000,8061000000,,0.456,,,,,,true,false,12,2021-04-01,2022-03-31,0
2022-05-16,7995,2021-03-31,,44717000000,-0.072,,,,,3475000000,-0.175,3673000000,-0.137,,3090000000,,175.27,,0.090,0.073,0.078,,52691000000,37274000000,0.677,2019.94,35647000000,4586000000,-2323000000,-803000000,8026000000,,0.542,,,,,,true,false,12,2020-04-01,2021-03-31,-1
2022-05-16,7995,2023-03-31,,56000000000,0.053,,,,,6500000000,-0.068,6700000000,-0.069,,4800000000,,271.61,,,,,,,,,,,,,,,,0.442,,,,,,true,true,12,2022-04-01,2023-03-31,1
2022-05-16,7995,2022-03-31,,33583000000,0.158,,,,,-304000000,,3419000000,1.589,3284000000,,0.496,185.77,,,,,,43622000000,29212000000,0.670,1651.48,29212000000,,,,,125.00,,,,18688733,1005907,17672090,false,false,12,2021-04-01,2022-03-31,0
2022-05-16,7995,2021-03-31,,29012000000,-0.087,,,,,-1408000000,,1320000000,-0.397,2194000000,,0.022,124.43,,,,,,40249000000,27593000000,0.686,1563.09,27593000000,,,,,95.00,,,,18688733,1041063,17633469,false,false,12,2020-04-01,2021-03-31,-1
2022-05-16,7995,2023-03-31,,,,,,,,,,,,,,,,,,,,,,,,,,,,,,120.00,,,,,,,false,true,12,2022-04-01,2023-03-31,1
2022-07-26,7995,2023-03-31,1,14263000000,0.174,,,,,2046000000,0.768,2201000000,0.776,,1487000000,,84.11,,,,,,62251000000,41714000000,0.650,,40464000000,,,,,,,,,,,,true,false,3,2022-04-01,2022-06-30,0
2022-07-26,7995,2022-03-31,1,12151000000,0.109,,,,,1157000000,0.319,1239000000,0.335,,732000000,,41.49,,,,,,,,,,,,,,,,,,,,,,true,false,3,2021-04-01,2021-06-30,-1
2022-07-26,7995,2023-03-31,1,56000000000,0.053,,,,,6500000000,-0.068,6700000000,-0.069,,4800000000,,271.45,,,,,,,,,,,,,,,,,,,,,,true,true,12,2022-04-01,2023-03-31,0
2022-07-26,7995,2022-03-31,1,,,,,,,,,,,,,,,,,,,,60200000000,40979000000,0.660,,39728000000,,,,,,,,,,,,true,false,12,2021-04-01,2022-03-31,-1
2022-07-26,7995,2022-03-31,1,,,,,,,,,,,,,,,,,,,,,,,,,,,,,125.00,,,,18688733,1005907,,false,false,12,2021-04-01,2022-03-31,-1
2022-07-26,7995,2023-03-31,1,,,,,,,,,,,,,,,,,,,,,,,,,,,,,120.00,,,,,,,false,true,12,2022-04-01,2023-03-31,0
2022-07-26,7995,2023-03-31,1,,,,,,,,,,,,,,,,,,,,,,,,,,,,,,,,,18688733,1005959,17682802,false,false,3,2022-04-01,2022-06-30,0
2022-07-26,7995,2022-03-31,1,,,,,,,,,,,,,,,,,,,,,,,,,,,,,,,,,,,17646333,false,false,3,2021-04-01,2021-06-30,-1
2022-10-26,7995,2023-03-31,2,29577000000,0.196,,,,,3943000000,0.462,4162000000,0.479,,3173000000,,179.31,,,,,,66439000000,44243000000,0.647,,42973000000,,,,,,,,,,,,true,false,6,2022-04-01,2022-09-30,0
2022-10-26,7995,2022-03-31,2,24740000000,0.144,,,,,2696000000,0.600,2815000000,0.598,,1916000000,,108.54,,,,,,,,,,,,,,,,,,,,,,true,false,6,2021-04-01,2021-09-30,-1
2022-10-26,7995,2023-03-31,2,56000000000,0.053,,,,,6500000000,-0.068,6700000000,-0.069,,4800000000,,271.26,,,,,,,,,,,,,,,,,,,,,,true,true,12,2022-04-01,2023-03-31,0
2022-10-26,7995,2022-03-31,2,,,,,,,,,,,,,,,,,,,,60200000000,40979000000,0.660,,39728000000,,,,,,,,,,,,true,false,12,2021-04-01,2022-03-31,-1
2022-10-26,7995,2022-03-31,2,,,,,,,,,,,,,,,,,,,,,,,,,,,,,125.00,,,,18688733,1005907,,false,false,12,2021-04-01,2022-03-31,-1
2022-10-26,7995,2023-03-31,2,,,,,,,,,,,,,,,,,,,,,,,,,,,,,60.00,,,,,,,false,false,12,2022-04-01,2023-03-31,0
2022-10-26,7995,2023-03-31,2,,,,,,,,,,,,,,,,,,,,,,,,,,,,,120.00,,,,,,,false,true,12,2022-04-01,2023-03-31,0
2022-10-26,7995,2023-03-31,2,,,,,,,,,,,,,,,,,,,,,,,,,,,,,,,,,18688733,971218,17695162,false,false,6,2022-04-01,2022-09-30,0
2022-10-26,7995,2022-03-31,2,,,,,,,,,,,,,,,,,,,,,,,,,,,,,,,,,,,17661031,false,false,6,2021-04-01,2021-09-30,-1
2023-01-30,7995,2023-03-31,3,45661000000,0.180,,,,,6526000000,0.408,6724000000,0.392,,5446000000,,307.65,,,,,,67613000000,46053000000,0.656,,44322000000,,,,,,,,,,,,true,false,9,2022-04-01,2022-12-31,0
2023-01-30,7995,2022-03-31,3,38689000000,0.181,,,,,4637000000,1.065,4831000000,1.019,,3299000000,,186.72,,,,,,,,,,,,,,,,,,,,,,true,false,9,2021-04-01,2021-12-31,-1
2023-01-30,7995,2023-03-31,3,61000000000,0.147,,,,,8500000000,0.219,8700000000,0.210,,6300000000,,355.88,,,,,,,,,,,,,,,,,,,,,,true,true,12,2022-04-01,2023-03-31,0
2023-01-30,7995,2022-03-31,3,,,,,,,,,,,,,,,,,,,,60200000000,40979000000,0.660,,39728000000,,,,,,,,,,,,true,false,12,2021-04-01,2022-03-31,-1
2023-01-30,7995,2022-03-31,3,,,,,,,,,,,,,,,,,,,,,,,,,,,,,125.00,,,,18688733,1005907,,false,false,12,2021-04-01,2022-03-31,-1
2023-01-30,7995,2023-03-31,3,,,,,,,,,,,,,,,,,,,,,,,,,,,,,60.00,,,,,,,false,false,12,2022-04-01,2023-03-31,0
2023-01-30,7995,2023-03-31,3,,,,,,,,,,,,,,,,,,,,,,,,,,,,,150.00,,,,,,,false,true,12,2022-04-01,2023-03-31,0
2023-01-30,7995,2023-03-31,3,,,,,,,,,,,,,,,,,,,,,,,,,,,,,,,,,18688733,971302,17702625,false,false,9,2022-04-01,2022-12-31,0
2023-01-30,7995,2022-03-31,3,,,,,,,,,,,,,,,,,,,,,,,,,,,,,,,,,,,17668503,false,false,9,2021-04-01,2021-12-31,-1
2023-05-15,7995,2023-03-31,,62178000000,0.169,,,,,8877000000,0.273,9029000000,0.255,,6746000000,,381.56,,0.159,0.140,0.143,,68507000000,45677000000,0.660,2575.01,45194000000,4402000000,-1334000000,-3404000000,8191000000,,0.393,,,,,,true,false,12,2022-04-01,2023-03-31,0
2023-05-15,7995,2022-03-31,,53167000000,0.189,,,,,6972000000,1.006,7193000000,0.958,,4841000000,,273.98,,0.128,0.127,0.131,,60200000000,40979000000,0.660,2246.76,39728000000,5227000000,-3695000000,-1807000000,8061000000,,0.456,,,,,,true,false,12,2021-04-01,2022-03-31,-1
2023-05-15,7995,2024-03-31,,62000000000,-0.003,,,,,7500000000,-0.155,7500000000,-0.169,,5300000000,,299.76,,,,,,,,,,,,,,,,0.500,,,,,,true,true,12,2023-04-01,2024-03-31,1
2023-05-15,7995,2023-03-31,,37613000000,0.120,,,,,359000000,,4804000000,0.405,5089000000,,0.550,287.76,,,,,,47623000000,31650000000,0.665,1802.74,31650000000,,,,,150.00,,,,18688733,1137663,17680530,false,false,12,2022-04-01,2023-03-31,0
2023-05-15,7995,2022-03-31,,33583000000,0.158,,,,,-304000000,,3419000000,1.589,3284000000,,0.496,185.77,,,,,,43622000000,29212000000,0.670,1651.48,29212000000,,,,,125.00,,,,18688733,1005907,17672090,false,false,12,2021-04-01,2022-03-31,-1
2023-05-15,7995,2024-03-31,,,,,,,,,,,,,,,,,,,,,,,,,,,,,,150.00,,,,,,,false,true,12,2023-04-01,2024-03-31,1
2023-07-28,7995,2024-03-31,1,15489000000,0.086,,,,,2001000000,-0.022,2110000000,-0.041,,1380000000,,78.63,,,,,,69905000000,45907000000,0.650,,45423000000,,,,,,,,,,,,true,false,3,2023-04-01,2023-06-30,0
2023-07-28,7995,2023-03-31,1,14263000000,0.174,,,,,2046000000,0.768,2201000000,0.776,,1487000000,,84.11,,,,,,,,,,,,,,,,,,,,,,true,false,3,2022-04-01,2022-06-30,-1
2023-07-28,7995,2024-03-31,1,62000000000,-0.003,,,,,7500000000,-0.155,7500000000,-0.169,,5300000000,,301.99,,,,,,,,,,,,,,,,,,,,,,true,true,12,2023-04-01,2024-03-31,0
2023-07-28,7995,2023-03-31,1,,,,,,,,,,,,,,,,,,,,68507000000,45677000000,0.660,,45194000000,,,,,,,,,,,,true,false,12,2022-04-01,2023-03-31,-1
2023-07-28,7995,2023-03-31,1,,,,,,,,,,,,,,,,,,,,,,,,,,,,,150.00,,,,18688733,1137663,,false,false,12,2022-04-01,2023-03-31,-1
2023-07-28,7995,2024-03-31,1,,,,,,,,,,,,,,,,,,,,,,,,,,,,,150.00,,,,,,,false,true,12,2023-04-01,2024-03-31,0
2023-07-28,7995,2024-03-31,1,,,,,,,,,,,,,,,,,,,,,,,,,,,,,,,,,18688733,1138369,17550543,false,false,3,2023-04-01,2023-06-30,0
2023-07-28,7995,2023-03-31,1,,,,,,,,,,,,,,,,,,,,,,,,,,,,,,,,,,,17682802,false,false,3,2022-04-01,2022-06-30,-1
2023-10-30,7995,2024-03-31,2,31182000000,0.054,,,,,3874000000,-0.017,4064000000,-0.023,,2698000000,,153.68,,,,,,75137000000,47472000000,0.625,,46977000000,,,,,,,,,,,,true,false,6,2023-04-01,2023-09-30,0
2023-10-30,7995,2023-03-31,2,29577000000,0.196,,,,,3943000000,0.462,4162000000,0.479,,3173000000,,179.31,,,,,,,,,,,,,,,,,,,,,,true,false,6,2022-04-01,2022-09-30,-1
2023-10-30,7995,2024-03-31,2,62000000000,-0.003,,,,,7500000000,-0.155,7500000000,-0.169,,5300000000,,301.83,,,,,,,,,,,,,,,,,,,,,,true,true,12,2023-04-01,2024-03-31,0
2023-10-30,7995,2023-03-31,2,,,,,,,,,,,,,,,,,,,,68507000000,45677000000,0.660,,45194000000,,,,,,,,,,,,true,false,12,2022-04-01,2023-03-31,-1
2023-10-30,7995,2023-03-31,2,,,,,,,,,,,,,,,,,,,,,,,,,,,,,150.00,,,,18688733,1137663,,false,false,12,2022-04-01,2023-03-31,-1
2023-10-30,7995,2024-03-31,2,,,,,,,,,,,,,,,,,,,,,,,,,,,,,75.00,,,,,,,false,false,12,2023-04-01,2024-03-31,0
2023-10-30,7995,2024-03-31,2,,,,,,,,,,,,,,,,,,,,,,,,,,,,,150.00,,,,,,,false,true,12,2023-04-01,2024-03-31,0
2023-10-30,7995,2024-03-31,2,,,,,,,,,,,,,,,,,,,,,,,,,,,,,,,,,18688733,1113365,17559376,false,false,6,2023-04-01,2023-09-30,0
2023-10-30,7995,2023-03-31,2,,,,,,,,,,,,,,,,,,,,,,,,,,,,,,,,,,,17695162,false,false,6,2022-04-01,2022-09-30,-1
2024-01-30,7995,2024-03-31,3,46243000000,0.013,,,,,5447000000,-0.165,5791000000,-0.139,,3987000000,,227.01,,,,,,75832000000,47577000000,0.621,,47074000000,,,,,,,,,,,,true,false,9,2023-04-01,2023-12-31,0
2024-01-30,7995,2023-03-31,3,45661000000,0.180,,,,,6526000000,0.408,6724000000,0.392,,5446000000,,307.65,,,,,,,,,,,,,,,,,,,,,,true,false,9,2022-04-01,2022-12-31,-1
2024-01-30,7995,2024-03-31,3,62000000000,-0.003,,,,,7500000000,-0.155,7500000000,-0.169,,5300000000,,301.74,,,,,,,,,,,,,,,,,,,,,,true,true,12,2023-04-01,2024-03-31,0
2024-01-30,7995,2023-03-31,3,,,,,,,,,,,,,,,,,,,,68507000000,45677000000,0.660,,45194000000,,,,,,,,,,,,true,false,12,2022-04-01,2023-03-31,-1
2024-01-30,7995,2023-03-31,3,,,,,,,,,,,,,,,,,,,,,,,,,,,,,150.00,,,,18688733,1137663,,false,false,12,2022-04-01,2023-03-31,-1
2024-01-30,7995,2024-03-31,3,,,,,,,,,,,,,,,,,,,,,,,,,,,,,75.00,,,,,,,false,false,12,2023-04-01,2024-03-31,0
2024-01-30,7995,2024-03-31,3,,,,,,,,,,,,,,,,,,,,,,,,,,,,,150.00,,,,,,,false,true,12,2023-04-01,2024-03-31,0
2024-01-30,7995,2024-03-31,3,,,,,,,,,,,,,,,,,,,,,,,,,,,,,,,,,18688733,1113583,17564702,false,false,9,2023-04-01,2023-12-31,0
2024-01-30,7995,2023-03-31,3,,,,,,,,,,,,,,,,,,,,,,,,,,,,,,,,,,,17702625,false,false,9,2022-04-01,2022-12-31,-1
2024-05-13,7995,2024-03-31,,61744000000,-0.007,,,,,7102000000,-0.200,7399000000,-0.181,,4909000000,,279.45,,0.105,0.103,0.115,,74487000000,48731000000,0.647,2742.82,48216000000,1758000000,-4754000000,923000000,6386000000,,0.537,,,,,,true,false,12,2023-04-01,2024-03-31,0
2024-05-13,7995,2023-03-31,,62178000000,0.169,,,,,8877000000,0.273,9029000000,0.255,,6746000000,,381.56,,0.159,0.140,0.143,,68507000000,45677000000,0.660,2575.01,45194000000,4402000000,-1334000000,-3404000000,8191000000,,0.393,,,,,,true,false,12,2022-04-01,2023-03-31,-1
2024-05-13,7995,2025-03-31,,62500000000,0.012,,,,,6500000000,-0.085,6500000000,-0.122,,5000000000,,284.62,,,,,,,,,,,,,,,,0.527,,,,,,true,true,12,2024-04-01,2025-03-31,1
2024-05-13,7995,2024-03-31,,37991000000,0.010,,,,,109000000,-0.695,3288000000,-0.316,3022000000,,-0.406,171.97,,,,,,52225000000,31790000000,0.609,1807.83,31790000000,,,,,150.00,,,,18688733,1109615,17567353,false,false,12,2023-04-01,2024-03-31,0
2024-05-13,7995,2023-03-31,,37613000000,0.120,,,,,359000000,,4804000000,0.405,5089000000,,0.550,287.76,,,,,,47623000000,31650000000,0.665,1802.74,31650000000,,,,,150.00,,,,18688733,1137663,17680530,false,false,12,2022-04-01,2023-03-31,-1
2024-05-13,7995,2025-03-31,,,,,,,,,,,,,,,,,,,,,,,,,,,,,,150.00,,,,,,,false,true,12,2024-04-01,2025-03-31,1
2024-07-30,7995,2025-03-31,1,15230000000,-0.017,,,,,1446000000,-0.278,1856000000,-0.121,,1298000000,,73.84,,,,,,75770000000,49363000000,0.645,,48846000000,,,,,,,,,,,,true,false,3,2024-04-01,2024-06-30,0
2024-07-30,7995,2024-03-31,1,15489000000,0.086,,,,,2001000000,-0.022,2110000000,-0.041,,1380000000,,78.63,,,,,,,,,,,,,,,,,,,,,,true,false,3,2023-04-01,2023-06-30,-1
2024-07-30,7995,2025-03-31,1,62500000000,0.012,,,,,6500000000,-0.085,6500000000,-0.122,,5000000000,,284.43,,,,,,,,,,,,,,,,,,,,,,true,true,12,2024-04-01,2025-03-31,0
2024-07-30,7995,2024-03-31,1,,,,,,,,,,,,,,,,,,,,74487000000,48731000000,0.647,,48216000000,,,,,,,,,,,,true,false,12,2023-04-01,2024-03-31,-1
2024-07-30,7995,2024-03-31,1,,,,,,,,,,,,,,,,,,,,,,,,,,,,,150.00,,,,18688733,1109615,,false,false,12,2023-04-01,2024-03-31,-1
2024-07-30,7995,2025-03-31,1,,,,,,,,,,,,,,,,,,,,,,,,,,,,,150.00,,,,,,,false,true,12,2024-04-01,2025-03-31,0
2024-07-30,7995,2025-03-31,1,,,,,,,,,,,,,,,,,,,,,,,,,,,,,,,,,18688733,1110042,17578753,false,false,3,2024-04-01,2024-06-30,0
2024-07-30,7995,2024-03-31,1,,,,,,,,,,,,,,,,,,,,,,,,,,,,,,,,,,,17550543,false,false,3,2023-04-01,2023-06-30,-1
2024-11-14,7995,2025-03-31,2,30097000000,-0.035,,,,,2924000000,-0.245,3144000000,-0.226,,1998000000,,113.61,,,,,,75749000000,50428000000,0.659,,49898000000,,,,,,,,,,,,true,false,6,2024-04-01,2024-09-30,0
2024-11-14,7995,2024-03-31,2,31182000000,0.054,,,,,3874000000,-0.017,4064000000,-0.023,,2698000000,,153.68,,,,,,,,,,,,,,,,,,,,,,true,false,6,2023-04-01,2023-09-30,-1
2024-11-14,7995,2025-03-31,2,62500000000,0.012,,,,,6500000000,-0.085,6500000000,-0.122,,5000000000,,284.25,,,,,,,,,,,,,,,,,,,,,,true,true,12,2024-04-01,2025-03-31,0
2024-11-14,7995,2024-03-31,2,,,,,,,,,,,,,,,,,,,,74487000000,48731000000,0.647,,48216000000,,,,,,,,,,,,true,false,12,2023-04-01,2024-03-31,-1
2024-11-14,7995,2024-03-31,2,,,,,,,,,,,,,,,,,,,,,,,,,,,,,150.00,,,,18688733,1109615,,false,false,12,2023-04-01,2024-03-31,-1
2024-11-14,7995,2025-03-31,2,,,,,,,,,,,,,,,,,,,,,,,,,,,,,75.00,,,,,,,false,false,12,2024-04-01,2025-03-31,0
2024-11-14,7995,2025-03-31,2,,,,,,,,,,,,,,,,,,,,,,,,,,,,,150.00,,,,,,,false,true,12,2024-04-01,2025-03-31,0
2024-11-14,7995,2025-03-31,2,,,,,,,,,,,,,,,,,,,,,,,,,,,,,,,,,18688733,1081596,17590286,false,false,6,2024-04-01,2024-09-30,0
2024-11-14,7995,2024-03-31,2,,,,,,,,,,,,,,,,,,,,,,,,,,,,,,,,,,,17559376,false,false,6,2023-04-01,2023-09-30,-1
2025-01-29,7995,2025-03-31,3,44994000000,-0.027,,,,,4222000000,-0.225,4487000000,-0.225,,2804000000,,159.42,,,,,,78257000000,48622000000,0.614,,48082000000,,,,,,,,,,,,true,false,9,2024-04-01,2024-12-31,0
2025-01-29,7995,2024-03-31,3,46243000000,0.013,,,,,5447000000,-0.165,5791000000,-0.139,,3987000000,,227.01,,,,,,,,,,,,,,,,,,,,,,true,false,9,2023-04-01,2023-12-31,-1
2025-01-29,7995,2025-03-31,3,62500000000,0.012,,,,,6500000000,-0.085,6500000000,-0.122,,5000000000,,284.18,,,,,,,,,,,,,,,,,,,,,,true,true,12,2024-04-01,2025-03-31,0
2025-01-29,7995,2024-03-31,3,,,,,,,,,,,,,,,,,,,,74487000000,48731000000,0.647,,48216000000,,,,,,,,,,,,true,false,12,2023-04-01,2024-03-31,-1
2025-01-29,7995,2024-03-31,3,,,,,,,,,,,,,,,,,,,,,,,,,,,,,150.00,,,,18688733,1109615,,false,false,12,2023-04-01,2024-03-31,-1
2025-01-29,7995,2025-03-31,3,,,,,,,,,,,,,,,,,,,,,,,,,,,,,75.00,,,,,,,false,false,12,2024-04-01,2025-03-31,0
2025-01-29,7995,2025-03-31,3,,,,,,,,,,,,,,,,,,,,,,,,,,,,,150.00,,,,,,,false,true,12,2024-04-01,2025-03-31,0
2025-01-29,7995,2025-03-31,3,,,,,,,,,,,,,,,,,,,,,,,,,,,,,,,,,18688733,1092462,17594198,false,false,9,2024-04-01,2024-12-31,0
2025-01-29,7995,2024-03-31,3,,,,,,,,,,,,,,,,,,,,,,,,,,,,,,,,,,,17564702,false,false,9,2023-04-01,2023-12-31,-1
2025-05-14,7995,2025-03-31,,60113000000,-0.026,,,,,5669000000,-0.202,5999000000,-0.189,,4676000000,,265.80,,0.095,0.079,0.094,,77823000000,50521000000,0.649,2869.23,50486000000,4870000000,-4887000000,1573000000,7969000000,,0.564,,,,,,true,false,12,2024-04-01,2025-03-31,0
2025-05-14,7995,2024-03-31,,61744000000,-0.007,,,,,7102000000,-0.200,7399000000,-0.181,,4909000000,,279.45,,0.105,0.103,0.115,,74487000000,48731000000,0.647,2742.82,48216000000,1758000000,-4754000000,923000000,6386000000,,0.537,,,,,,true,false,12,2023-04-01,2024-03-31,-1
2025-05-14,7995,2026-03-31,,29000000000,-0.036,,,,,3000000000,0.026,3000000000,-0.046,,1800000000,,102.30,,,,,,,,,,,,,,,,,,,,,,true,true,6,2025-04-01,2025-09-30,1
2025-05-14,7995,2026-03-31,,62000000000,0.031,,,,,7000000000,0.235,7000000000,0.167,,4800000000,,272.80,,,,,,,,,,,,,,,,0.550,,,,,,true,true,12,2025-04-01,2026-03-31,1
2025-05-14,7995,2025-03-31,,39753000000,0.032,,,,,-140000000,,4838000000,0.219,5156000000,,0.394,292.96,,,,,,55916000000,34017000000,0.608,1932.57,34017000000,,,,,150.00,,,,18688733,1092793,17594681,false,false,12,2024-04-01,2025-03-31,0
2025-05-14,7995,2024-03-31,,37991000000,0.010,,,,,109000000,-0.695,3288000000,-0.316,3022000000,,-0.406,171.97,,,,,,52225000000,31790000000,0.609,1807.83,31790000000,,,,,150.00,,,,18688733,1109615,17567353,false,false,12,2023-04-01,2024-03-31,-1
2025-05-14,7995,2026-03-31,,,,,,,,,,,,,,,,,,,,,,,,,,,,,,150.00,,,,,,,false,true,12,2025-04-01,2026-03-31,1
2025-07-30,7995,2026-03-31,1,13949000000,-0.084,,,,,1802000000,0.246,1803000000,-0.029,,1261000000,,71.72,,,,,,77017000000,49627000000,0.644,,49594000000,,,,,,,,,,,,true,false,3,2025-04-01,2025-06-30,0
2025-07-30,7995,2025-03-31,1,15230000000,-0.017,,,,,1446000000,-0.278,1856000000,-0.121,,1298000000,,73.84,,,,,,,,,,,,,,,,,,,,,,true,false,3,2024-04-01,2024-06-30,-1
2025-07-30,7995,2026-03-31,1,29000000000,-0.036,,,,,3000000000,0.026,3000000000,-0.046,,1800000000,,102.30,,,,,,,,,,,,,,,,,,,,,,true,true,6,2025-04-01,2025-09-30,0
2025-07-30,7995,2026-03-31,1,62000000000,0.031,,,,,7000000000,0.235,7000000000,0.167,,4800000000,,272.80,,,,,,,,,,,,,,,,,,,,,,true,true,12,2025-04-01,2026-03-31,0
2025-07-30,7995,2025-03-31,1,,,,,,,,,,,,,,,,,,,,77823000000,50521000000,0.649,,50486000000,,,,,,,,,,,,true,false,12,2024-04-01,2025-03-31,-1
2025-07-30,7995,2025-03-31,1,,,,,,,,,,,,,,,,,,,,,,,,,,,,,150.00,,,,18688733,1092793,,false,false,12,2024-04-01,2025-03-31,-1
2025-07-30,7995,2026-03-31,1,,,,,,,,,,,,,,,,,,,,,,,,,,,,,150.00,,,,,,,false,true,12,2025-04-01,2026-03-31,0
2025-07-30,7995,2026-03-31,1,,,,,,,,,,,,,,,,,,,,,,,,,,,,,,,,,18688733,1093781,17595023,false,false,3,2025-04-01,2025-06-30,0
2025-07-30,7995,2025-03-31,1,,,,,,,,,,,,,,,,,,,,,,,,,,,,,,,,,,,17578753,false,false,3,2024-04-01,2024-06-30,-1
