filing_date,code,fiscal_year_end,quarterly_period,net_sales,net_sales_change,revenue,revenue_change,operating_revenue,operating_revenue_change,operating_profit,operating_profit_change,ordinary_profit,ordinary_profit_change,net_income,net_income_of_parent,net_income_change,eps,diluted_eps,roe,roa,operating_profit_to_net_sales,operating_profit_to_revenue,total_assets,net_assets,equity_ratio,bps,owner_equity,operating_cash_flow,investing_cash_flow,financing_cash_flow,cash,dividend_per_share,payout_ratio,commemorative_dividend,extra_dividend,number_of_shares,number_of_treqsury_shares,avg_number_of_shares,is_consolidated,is_forecast,duration,period_start,period_end,period_pos
2015-07-28,80050,2016-03-31,1,16808000000,0.062,,,,,981000000,,1044000000,,,865000000,,25.88,25.88,,,,,38335000000,21247000000,0.552,,21168000000,,,,,,,,,,,,true,false,3,2015-04-01,2015-06-30,0
2015-07-28,80050,2015-03-31,1,15831000000,-0.098,,,,,-76000000,,22000000,-0.978,,-51000000,,-1.54,,,,,,,,,,,,,,,,,,,,,,true,false,3,2014-04-01,2014-06-30,-1
2015-07-28,80050,2016-03-31,1,34000000000,0.108,,,,,325000000,,500000000,,,350000000,,10.51,,,,,,,,,,,,,,,,,,,,,,true,true,6,2015-04-01,2015-09-30,0
2015-07-28,80050,2016-03-31,1,68000000000,0.070,,,,,650000000,,1000000000,,,700000000,,21.02,,,,,,,,,,,,,,,,,,,,,,true,true,12,2015-04-01,2016-03-31,0
2015-07-28,80050,2015-03-31,1,,,,,,,,,,,,,,,,,,,,36361000000,20483000000,0.562,,20421000000,,,,,,,,,,,,true,false,12,2014-04-01,2015-03-31,-1
2015-07-28,80050,2015-03-31,1,,,,,,,,,,,,,,,,,,,,,,,,,,,,,10.00,,,,34320650,912615,,false,false,12,2014-04-01,2015-03-31,-1
2015-07-28,80050,2016-03-31,1,,,,,,,,,,,,,,,,,,,,,,,,,,,,,10.00,,,,,,,false,true,12,2015-04-01,2016-03-31,0
2015-07-28,80050,2016-03-31,1,,,,,,,,,,,,,,,,,,,,,,,,,,,,,,,,,34320650,842668,33419183,false,false,3,2015-04-01,2015-06-30,0
2015-07-28,80050,2015-03-31,1,,,,,,,,,,,,,,,,,,,,,,,,,,,,,,,,,,,33222289,false,false,3,2014-04-01,2014-06-30,-1
2015-10-20,80050,2016-03-31,,31678000000,-0.068,,,,,1384000000,3.258,1509000000,2.018,,1296000000,,38.75,,,,,,,,,,,,,,,,,,,,,,true,true,6,2015-04-01,2015-09-30,0
2015-10-20,80050,2015-03-31,,30685000000,,,,,,-779000000,,-646000000,,,-769000000,,-23.14,,,,,,,,,,,,,,,,,,,,,,true,false,6,2014-04-01,2014-09-30,-1
2015-10-27,80050,2016-03-31,2,31678000000,0.032,,,,,1384000000,,1509000000,,,1296000000,,38.75,38.68,,,,,34497000000,21415000000,0.618,,21324000000,,,,,,,,,,,,true,false,6,2015-04-01,2015-09-30,0
2015-10-27,80050,2015-03-31,2,30685000000,-0.073,,,,,-779000000,,-646000000,,,-769000000,,-23.14,,,,,,,,,,,,,,,,,,,,,,true,false,6,2014-04-01,2014-09-30,-1
2015-10-27,80050,2016-03-31,2,64000000000,0.007,,,,,650000000,,1000000000,,,700000000,,21.02,,,,,,,,,,,,,,,,,,,,,,true,true,12,2015-04-01,2016-03-31,0
2015-10-27,80050,2015-03-31,2,,,,,,,,,,,,,,,,,,,,36361000000,20483000000,0.562,,20421000000,,,,,,,,,,,,true,false,12,2014-04-01,2015-03-31,-1
2015-10-27,80050,2015-03-31,2,,,,,,,,,,,,,,,,,,,,,,,,,,,,,10.00,,,,34320650,912615,,false,false,12,2014-04-01,2015-03-31,-1
2015-10-27,80050,2016-03-31,2,,,,,,,,,,,,,,,,,,,,,,,,,,,,,5.00,,,,,,,false,false,12,2015-04-01,2016-03-31,0
2015-10-27,80050,2016-03-31,2,,,,,,,,,,,,,,,,,,,,,,,,,,,,,10.00,,,,,,,false,true,12,2015-04-01,2016-03-31,0
2015-10-27,80050,2016-03-31,2,,,,,,,,,,,,,,,,,,,,,,,,,,,,,,,,,34320650,820509,33453213,false,false,6,2015-04-01,2015-09-30,0
2015-10-27,80050,2015-03-31,2,,,,,,,,,,,,,,,,,,,,,,,,,,,,,,,,,,,33256488,false,false,6,2014-04-01,2014-09-30,-1
2016-01-29,80050,2016-03-31,3,48026000000,0.014,,,,,2013000000,,2278000000,,,2035000000,,60.80,60.65,,,,,36943000000,21962000000,0.592,,21869000000,,,,,,,,,,,,true,false,9,2015-04-01,2015-12-31,0
2016-01-29,80050,2015-03-31,3,47366000000,-0.069,,,,,-1038000000,,-873000000,,,-1022000000,,-30.72,,,,,,,,,,,,,,,,,,,,,,true,false,9,2014-04-01,2014-12-31,-1
2016-01-29,80050,2016-03-31,3,64000000000,0.007,,,,,1200000000,,1500000000,,,1300000000,,38.84,,,,,,,,,,,,,,,,,,,,,,true,true,12,2015-04-01,2016-03-31,0
2016-01-29,80050,2015-03-31,3,,,,,,,,,,,,,,,,,,,,36361000000,20483000000,0.562,,20421000000,,,,,,,,,,,,true,false,12,2014-04-01,2015-03-31,-1
2016-01-29,80050,2015-03-31,3,,,,,,,,,,,,,,,,,,,,,,,,,,,,,10.00,,,,34320650,912615,,false,false,12,2014-04-01,2015-03-31,-1
2016-01-29,80050,2016-03-31,3,,,,,,,,,,,,,,,,,,,,,,,,,,,,,5.00,,,,,,,false,false,12,2015-04-01,2016-03-31,0
2016-01-29,80050,2016-03-31,3,,,,,,,,,,,,,,,,,,,,,,,,,,,,,10.00,,,,,,,false,true,12,2015-04-01,2016-03-31,0
2016-01-29,80050,2016-03-31,3,,,,,,,,,,,,,,,,,,,,,,,,,,,,,,,,,34320650,771995,33472303,false,false,9,2015-04-01,2015-12-31,0
2016-01-29,80050,2015-03-31,3,,,,,,,,,,,,,,,,,,,,,,,,,,,,,,,,,,,33280497,false,false,9,2014-04-01,2014-12-31,-1
2016-04-22,80050,2016-03-31,,62839000000,-0.018,,,,,1774000000,0.478,2108000000,0.405,,2383000000,,71.16,,,,,,,,,,,,,,,,,,,,,,true,true,12,2015-04-01,2016-03-31,0
2016-04-22,80050,2015-03-31,,63555000000,,,,,,-1743000000,,-1442000000,,,-2649000000,,-79.54,,,,,,,,,,,,,,,,,,,,,,true,false,12,2014-04-01,2015-03-31,-1
2016-04-22,80050,2016-03-31,,41647000000,,,,,,223000000,,1267000000,,1703000000,,,50.88,,,,,,,,,,,,,,,,,,,,,,false,true,12,2015-04-01,2016-03-31,0
2016-04-22,80050,2015-03-31,,44791000000,,,,,,-1062000000,,490000000,,-2286000000,,,-68.64,,,,,,,,,,,,,,,,,,,,,,false,false,12,2014-04-01,2015-03-31,-1
2016-04-28,80050,2016-03-31,,62839000000,-0.011,,,,,1774000000,,2108000000,,,2383000000,,71.16,70.97,0.113,0.059,0.028,,35457000000,21839000000,0.613,647.68,21743000000,3125000000,-904000000,-457000000,2866000000,,0.141,,,,,,true,false,12,2015-04-01,2016-03-31,0
2016-04-28,80050,2015-03-31,,63555000000,-0.069,,,,,-1743000000,,-1442000000,,,-2649000000,,-79.54,,-0.122,-0.040,-0.027,,36361000000,20483000000,0.562,611.26,20421000000,757000000,-1168000000,-434000000,1105000000,,,,,,,,true,false,12,2014-04-01,2015-03-31,-1
2016-04-28,80050,2017-03-31,,32500000000,0.026,,,,,1125000000,-0.187,1150000000,-0.238,,900000000,,26.81,,,,,,,,,,,,,,,,,,,,,,true,true,6,2016-04-01,2016-09-30,1
2016-04-28,80050,2017-03-31,,65000000000,0.034,,,,,2250000000,0.268,2300000000,0.091,,1800000000,,53.62,,,,,,,,,,,,,,,,0.187,,,,,,true,true,12,2016-04-01,2017-03-31,1
2016-04-28,80050,2016-03-31,,41647000000,-0.070,,,,,223000000,,1267000000,1.584,1703000000,,,50.88,50.74,,,,,32048000000,20444000000,0.638,608.74,20435000000,,,,,10.00,,,,34320650,749835,33493259,false,false,12,2015-04-01,2016-03-31,0
2016-04-28,80050,2015-03-31,,44791000000,-0.096,,,,,-1062000000,,490000000,-0.693,-2286000000,,,-68.64,,,,,,34094000000,19780000000,0.580,591.98,19776000000,,,,,10.00,,,,34320650,912615,33307739,false,false,12,2014-04-01,2015-03-31,-1
2016-04-28,80050,2017-03-31,,,,,,,,,,,,,,,,,,,,,,,,,,,,,,10.00,,,,,,,false,true,12,2016-04-01,2017-03-31,1
2016-07-28,80050,2017-03-31,1,15330000000,-0.092,,,,,869000000,-0.149,895000000,-0.142,,709000000,,21.07,21.01,,,,,39078000000,22090000000,0.564,,22049000000,,,,,,,,,,,,true,false,3,2016-04-01,2016-06-30,0
2016-07-28,80050,2016-03-31,1,16888000000,,,,,,1021000000,,1044000000,,,865000000,,25.88,25.88,,,,,,,,,,,,,,,,,,,,,true,false,3,2015-04-01,2015-06-30,-1
2016-07-28,80050,2017-03-31,1,32500000000,0.021,,,,,1125000000,-0.234,1150000000,-0.238,,900000000,,26.45,,,,,,,,,,,,,,,,,,,,,,true,true,6,2016-04-01,2016-09-30,0
2016-07-28,80050,2017-03-31,1,65000000000,0.029,,,,,2250000000,0.162,2300000000,0.091,,1800000000,,52.91,,,,,,,,,,,,,,,,,,,,,,true,true,12,2016-04-01,2017-03-31,0
2016-07-28,80050,2016-03-31,1,,,,,,,,,,,,,,,,,,,,35457000000,21839000000,0.613,,21743000000,,,,,,,,,,,,true,false,12,2015-04-01,2016-03-31,-1
2016-07-28,80050,2016-03-31,1,,,,,,,,,,,,,,,,,,,,,,,,,,,,,10.00,,,,34320650,749835,,false,false,12,2015-04-01,2016-03-31,-1
2016-07-28,80050,2017-03-31,1,,,,,,,,,,,,,,,,,,,,,,,,,,,,,10.00,,,,,,,false,true,12,2016-04-01,2017-03-31,0
2016-07-28,80050,2017-03-31,1,,,,,,,,,,,,,,,,,,,,,,,,,,,,,,,,,34320650,299171,33673854,false,false,3,2016-04-01,2016-06-30,0
2016-07-28,80050,2016-03-31,1,,,,,,,,,,,,,,,,,,,,,,,,,,,,,,,,,,,33419183,false,false,3,2015-04-01,2015-06-30,-1
2016-10-21,80050,2017-03-31,,28921000000,-0.110,,,,,993000000,-0.117,1041000000,-0.095,,728000000,,21.54,,,,,,,,,,,,,,,,,,,,,,true,true,6,2016-04-01,2016-09-30,0
2016-10-21,80050,2016-03-31,,31843000000,,,,,,1468000000,,1509000000,,,1296000000,,38.75,,,,,,,,,,,,,,,,,,,,,,true,false,6,2015-04-01,2015-09-30,-1
2016-10-27,80050,2017-03-31,2,28921000000,-0.092,,,,,993000000,-0.324,1041000000,-0.310,,728000000,,21.54,21.50,,,,,38365000000,22305000000,0.580,,22257000000,,,,,,,,,,,,true,false,6,2016-04-01,2016-09-30,0
2016-10-27,80050,2016-03-31,2,31843000000,,,,,,1468000000,,1509000000,,,1296000000,,38.75,38.68,,,,,,,,,,,,,,,,,,,,,true,false,6,2015-04-01,2015-09-30,-1
2016-10-27,80050,2017-03-31,2,59000000000,-0.066,,,,,950000000,-0.509,1000000000,-0.526,,600000000,,17.64,,,,,,,,,,,,,,,,,,,,,,true,true,12,2016-04-01,2017-03-31,0
2016-10-27,80050,2016-03-31,2,,,,,,,,,,,,,,,,,,,,35457000000,21839000000,0.613,,21743000000,,,,,,,,,,,,true,false,12,2015-04-01,2016-03-31,-1
2016-10-27,80050,2016-03-31,2,,,,,,,,,,,,,,,,,,,,,,,,,,,,,10.00,,,,34320650,749835,,false,false,12,2015-04-01,2016-03-31,-1
2016-10-27,80050,2017-03-31,2,,,,,,,,,,,,,,,,,,,,,,,,,,,,,5.00,,,,,,,false,false,12,2016-04-01,2017-03-31,0
2016-10-27,80050,2017-03-31,2,,,,,,,,,,,,,,,,,,,,,,,,,,,,,10.00,,,,,,,false,true,12,2016-04-01,2017-03-31,0
2016-10-27,80050,2017-03-31,2,,,,,,,,,,,,,,,,,,,,,,,,,,,,,,,,,34320650,299171,33848616,false,false,6,2016-04-01,2016-09-30,0
2016-10-27,80050,2016-03-31,2,,,,,,,,,,,,,,,,,,,,,,,,,,,,,,,,,,,33453213,false,false,6,2015-04-01,2015-09-30,-1
2016-10-27,80050,2017-03-31,,59000000000,-0.092,,,,,950000000,-0.578,1000000000,-0.565,,600000000,,17.64,,,,,,,,,,,,,,,,,,,,,,true,true,12,2016-04-01,2017-03-31,0
2016-10-27,80050,2016-03-31,,63159000000,,,,,,1936000000,,2108000000,,,2383000000,,71.16,,,,,,,,,,,,,,,,,,,,,,true,false,12,2015-04-01,2016-03-31,-1
2017-01-31,80050,2017-03-31,3,44351000000,-0.081,,,,,1377000000,-0.355,1436000000,-0.369,,960000000,,28.32,28.29,,,,,40011000000,22869000000,0.570,,22812000000,,,,,,,,,,,,true,false,9,2016-04-01,2016-12-31,0
2017-01-31,80050,2016-03-31,3,48268000000,,,,,,2135000000,,2278000000,,,2035000000,,60.80,60.65,,,,,,,,,,,,,,,,,,,,,true,false,9,2015-04-01,2015-12-31,-1
2017-01-31,80050,2017-03-31,3,59000000000,-0.066,,,,,950000000,-0.509,1000000000,-0.526,,600000000,,17.64,,,,,,,,,,,,,,,,,,,,,,true,true,12,2016-04-01,2017-03-31,0
2017-01-31,80050,2016-03-31,3,,,,,,,,,,,,,,,,,,,,35457000000,21839000000,0.613,,21743000000,,,,,,,,,,,,true,false,12,2015-04-01,2016-03-31,-1
2017-01-31,80050,2016-03-31,3,,,,,,,,,,,,,,,,,,,,,,,,,,,,,10.00,,,,34320650,749835,,false,false,12,2015-04-01,2016-03-31,-1
2017-01-31,80050,2017-03-31,3,,,,,,,,,,,,,,,,,,,,,,,,,,,,,5.00,,,,,,,false,false,12,2016-04-01,2017-03-31,0
2017-01-31,80050,2017-03-31,3,,,,,,,,,,,,,,,,,,,,,,,,,,,,,10.00,,,,,,,false,true,12,2016-04-01,2017-03-31,0
2017-01-31,80050,2017-03-31,3,,,,,,,,,,,,,,,,,,,,,,,,,,,,,,,,,34320650,300895,33906324,false,false,9,2016-04-01,2016-12-31,0
2017-01-31,80050,2016-03-31,3,,,,,,,,,,,,,,,,,,,,,,,,,,,,,,,,,,,33472303,false,false,9,2015-04-01,2015-12-31,-1
2017-04-21,80050,2017-03-31,,58864000000,-0.002,,,,,1242000000,0.307,1350000000,0.350,,672000000,,19.81,,,,,,,,,,,,,,,,,,,,,,true,true,12,2016-04-01,2017-03-31,0
2017-04-21,80050,2016-03-31,,63159000000,,,,,,1936000000,,2108000000,,,2383000000,,71.16,,,,,,,,,,,,,,,,,,,,,,true,false,12,2015-04-01,2016-03-31,-1
2017-04-21,80050,2017-03-31,,37422000000,,,,,,518000000,,958000000,,511000000,,,15.09,,,,,,,,,,,,,,,,,,,,,,false,true,12,2016-04-01,2017-03-31,0
2017-04-21,80050,2016-03-31,,42283000000,,,,,,557000000,,1267000000,,1703000000,,,50.88,,,,,,,,,,,,,,,,,,,,,,false,false,12,2015-04-01,2016-03-31,-1
2017-04-28,80050,2017-03-31,,58864000000,-0.068,,,,,1242000000,-0.358,1350000000,-0.359,,672000000,,19.81,19.80,0.030,0.037,0.021,,37962000000,22495000000,0.591,659.34,22434000000,3935000000,-714000000,-1252000000,4833000000,,0.505,,,,,,true,false,12,2016-04-01,2017-03-31,0
2017-04-28,80050,2016-03-31,,63159000000,,,,,,1936000000,,2108000000,,,2383000000,,71.16,70.97,0.113,0.059,0.031,,35457000000,21839000000,0.613,647.68,21743000000,3125000000,-904000000,-457000000,2866000000,,0.141,,,,,,true,false,12,2015-04-01,2016-03-31,-1
2017-04-28,80050,2018-03-31,,30000000000,0.037,,,,,850000000,-0.145,900000000,-0.135,,600000000,,17.63,,,,,,,,,,,,,,,,,,,,,,true,true,6,2017-04-01,2017-09-30,1
2017-04-28,80050,2018-03-31,,60000000000,0.019,,,,,1700000000,0.368,1800000000,0.333,,1200000000,,35.27,,,,,,,,,,,,,,,,0.284,,,,,,true,true,12,2017-04-01,2018-03-31,1
2017-04-28,80050,2017-03-31,,37422000000,-0.115,,,,,518000000,-0.071,958000000,-0.243,511000000,,-0.700,15.09,15.08,,,,,33741000000,21155000000,0.627,621.75,21155000000,,,,,10.00,,,,34320650,295293,33934901,false,false,12,2016-04-01,2017-03-31,0
2017-04-28,80050,2016-03-31,,42283000000,,,,,,557000000,,1267000000,,1703000000,,,50.88,50.74,,,,,32048000000,20444000000,0.638,608.74,20435000000,,,,,10.00,,,,34320650,749835,33493259,false,false,12,2015-04-01,2016-03-31,-1
2017-04-28,80050,2018-03-31,,,,,,,,,,,,,,,,,,,,,,,,,,,,,,10.00,,,,,,,false,true,12,2017-04-01,2018-03-31,1
2017-07-28,80050,2018-03-31,1,15531000000,0.013,,,,,674000000,-0.224,718000000,-0.197,,440000000,,12.95,,,,,,39070000000,22849000000,0.583,,22786000000,,,,,,,,,,,,true,false,3,2017-04-01,2017-06-30,0
2017-07-28,80050,2017-03-31,1,15330000000,-0.092,,,,,869000000,-0.149,895000000,-0.142,,709000000,,21.07,21.01,,,,,,,,,,,,,,,,,,,,,true,false,3,2016-04-01,2016-06-30,-1
2017-07-28,80050,2018-03-31,1,30000000000,0.037,,,,,850000000,-0.145,900000000,-0.135,,600000000,,17.63,,,,,,,,,,,,,,,,,,,,,,true,true,6,2017-04-01,2017-09-30,0
2017-07-28,80050,2018-03-31,1,60000000000,0.019,,,,,1700000000,0.368,1800000000,0.333,,1200000000,,35.27,,,,,,,,,,,,,,,,,,,,,,true,true,12,2017-04-01,2018-03-31,0
2017-07-28,80050,2017-03-31,1,,,,,,,,,,,,,,,,,,,,37962000000,22495000000,0.591,,22434000000,,,,,,,,,,,,true,false,12,2016-04-01,2017-03-31,-1
2017-07-28,80050,2017-03-31,1,,,,,,,,,,,,,,,,,,,,,,,,,,,,,10.00,,,,34320650,295293,,false,false,12,2016-04-01,2017-03-31,-1
2017-07-28,80050,2018-03-31,1,,,,,,,,,,,,,,,,,,,,,,,,,,,,,10.00,,,,,,,false,true,12,2017-04-01,2018-03-31,0
2017-07-28,80050,2018-03-31,1,,,,,,,,,,,,,,,,,,,,,,,,,,,,,,,,,34320650,295347,34025307,false,false,3,2017-04-01,2017-06-30,0
2017-07-28,80050,2017-03-31,1,,,,,,,,,,,,,,,,,,,,,,,,,,,,,,,,,,,33673854,false,false,3,2016-04-01,2016-06-30,-1
2017-10-27,80050,2018-03-31,2,29928000000,0.035,,,,,1209000000,0.217,1275000000,0.225,,775000000,,22.79,,,,,,39761000000,23239000000,0.583,,23164000000,,,,,,,,,,,,true,false,6,2017-04-01,2017-09-30,0
2017-10-27,80050,2017-03-31,2,28921000000,-0.092,,,,,993000000,-0.324,1041000000,-0.310,,728000000,,21.54,21.50,,,,,,,,,,,,,,,,,,,,,true,false,6,2016-04-01,2016-09-30,-1
2017-10-27,80050,2018-03-31,2,60000000000,0.019,,,,,1700000000,0.368,1800000000,0.333,,1200000000,,35.26,,,,,,,,,,,,,,,,,,,,,,true,true,12,2017-04-01,2018-03-31,0
2017-10-27,80050,2017-03-31,2,,,,,,,,,,,,,,,,,,,,37962000000,22495000000,0.591,,22434000000,,,,,,,,,,,,true,false,12,2016-04-01,2017-03-31,-1
2017-10-27,80050,2017-03-31,2,,,,,,,,,,,,,,,,,,,,,,,,,,,,,10.00,,,,34320650,295293,,false,false,12,2016-04-01,2017-03-31,-1
2017-10-27,80050,2018-03-31,2,,,,,,,,,,,,,,,,,,,,,,,,,,,,,5.00,,,,,,,false,false,12,2017-04-01,2018-03-31,0
2017-10-27,80050,2018-03-31,2,,,,,,,,,,,,,,,,,,,,,,,,,,,,,10.00,,,,,,,false,true,12,2017-04-01,2018-03-31,0
2017-10-27,80050,2018-03-31,2,,,,,,,,,,,,,,,,,,,,,,,,,,,,,,,,,34818050,783647,34025454,false,false,6,2017-04-01,2017-09-30,0
2017-10-27,80050,2017-03-31,2,,,,,,,,,,,,,,,,,,,,,,,,,,,,,,,,,,,33848616,false,false,6,2016-04-01,2016-09-30,-1
2018-01-31,80050,2018-03-31,3,46653000000,0.052,,,,,1947000000,0.415,2055000000,0.431,,-478000000,,-14.06,,,,,,40416000000,22002000000,0.542,,21915000000,,,,,,,,,,,,true,false,9,2017-04-01,2017-12-31,0
2018-01-31,80050,2017-03-31,3,44351000000,-0.081,,,,,1377000000,-0.355,1436000000,-0.369,,960000000,,28.32,28.29,,,,,,,,,,,,,,,,,,,,,true,false,9,2016-04-01,2016-12-31,-1
2018-01-31,80050,2018-03-31,3,60000000000,0.019,,,,,1300000000,0.046,1400000000,0.036,,-1000000000,,-29.34,,,,,,,,,,,,,,,,,,,,,,true,true,12,2017-04-01,2018-03-31,0
2018-01-31,80050,2017-03-31,3,,,,,,,,,,,,,,,,,,,,37962000000,22495000000,0.591,,22434000000,,,,,,,,,,,,true,false,12,2016-04-01,2017-03-31,-1
2018-01-31,80050,2017-03-31,3,,,,,,,,,,,,,,,,,,,,,,,,,,,,,10.00,,,,34320650,295293,,false,false,12,2016-04-01,2017-03-31,-1
2018-01-31,80050,2018-03-31,3,,,,,,,,,,,,,,,,,,,,,,,,,,,,,5.00,,,,,,,false,false,12,2017-04-01,2018-03-31,0
2018-01-31,80050,2018-03-31,3,,,,,,,,,,,,,,,,,,,,,,,,,,,,,10.00,,,,,,,false,true,12,2017-04-01,2018-03-31,0
2018-01-31,80050,2018-03-31,3,,,,,,,,,,,,,,,,,,,,,,,,,,,,,,,,,34818050,730685,34033090,false,false,9,2017-04-01,2017-12-31,0
2018-01-31,80050,2017-03-31,3,,,,,,,,,,,,,,,,,,,,,,,,,,,,,,,,,,,33906324,false,false,9,2016-04-01,2016-12-31,-1
2018-05-08,80050,2018-03-31,,62207000000,0.057,,,,,1303000000,0.049,1458000000,0.079,,-1035000000,,-30.41,,-0.048,0.037,0.021,,40319000000,21094000000,0.523,618.29,21089000000,3534000000,-1482000000,-1121000000,5766000000,,,,,,,,true,false,12,2017-04-01,2018-03-31,0
2018-05-08,80050,2017-03-31,,58864000000,-0.068,,,,,1242000000,-0.358,1350000000,-0.359,,672000000,,19.81,19.80,0.030,0.037,0.021,,37962000000,22495000000,0.591,659.34,22434000000,3935000000,-714000000,-1252000000,4833000000,,0.505,,,,,,true,false,12,2016-04-01,2017-03-31,-1
2018-05-08,80050,2019-03-31,,35000000000,0.169,,,,,1200000000,-0.008,1250000000,-0.020,,850000000,,24.92,,,,,,,,,,,,,,,,,,,,,,true,true,6,2018-04-01,2018-09-30,1
2018-05-08,80050,2019-03-31,,70000000000,0.125,,,,,2400000000,0.841,2500000000,0.715,,1700000000,,49.84,,,,,,,,,,,,,,,,0.201,,,,,,true,true,12,2018-04-01,2019-03-31,1
2018-05-08,80050,2018-03-31,,34161000000,-0.087,,,,,1480000000,1.856,1843000000,0.923,-1276000000,,,-37.48,,,,,,33995000000,19658000000,0.578,576.18,19653000000,,,,,10.00,,,,34818050,707680,34048355,false,false,12,2017-04-01,2018-03-31,0
2018-05-08,80050,2017-03-31,,37422000000,-0.115,,,,,518000000,-0.071,958000000,-0.243,511000000,,-0.700,15.09,15.08,,,,,33741000000,21155000000,0.627,621.75,21155000000,,,,,10.00,,,,34320650,295293,33934901,false,false,12,2016-04-01,2017-03-31,-1
2018-05-08,80050,2019-03-31,,,,,,,,,,,,,,,,,,,,,,,,,,,,,,10.00,,,,,,,false,true,12,2018-04-01,2019-03-31,1
2018-07-31,80050,2019-03-31,1,19140000000,0.232,,,,,1138000000,0.688,1141000000,0.588,,751000000,,22.03,22.01,,,,,41167000000,21709000000,0.527,,21702000000,,,,,,,,,,,,true,false,3,2018-04-01,2018-06-30,0
2018-07-31,80050,2018-03-31,1,15531000000,0.013,,,,,674000000,-0.224,718000000,-0.197,,440000000,,12.95,,,,,,,,,,,,,,,,,,,,,,true,false,3,2017-04-01,2017-06-30,-1
2018-07-31,80050,2019-03-31,1,35000000000,0.169,,,,,1200000000,-0.008,1250000000,-0.020,,850000000,,24.88,,,,,,,,,,,,,,,,,,,,,,true,true,6,2018-04-01,2018-09-30,0
2018-07-31,80050,2019-03-31,1,70000000000,0.125,,,,,2400000000,0.841,2500000000,0.715,,1700000000,,49.76,,,,,,,,,,,,,,,,,,,,,,true,true,12,2018-04-01,2019-03-31,0
2018-07-31,80050,2018-03-31,1,,,,,,,,,,,,,,,,,,,,40319000000,21094000000,0.523,,21089000000,,,,,,,,,,,,true,false,12,2017-04-01,2018-03-31,-1
2018-07-31,80050,2018-03-31,1,,,,,,,,,,,,,,,,,,,,,,,,,,,,,10.00,,,,34818050,707680,,false,false,12,2017-04-01,2018-03-31,-1
2018-07-31,80050,2019-03-31,1,,,,,,,,,,,,,,,,,,,,,,,,,,,,,10.00,,,,,,,false,true,12,2018-04-01,2019-03-31,0
2018-07-31,80050,2019-03-31,1,,,,,,,,,,,,,,,,,,,,,,,,,,,,,,,,,34818050,657415,34119696,false,false,3,2018-04-01,2018-06-30,0
2018-07-31,80050,2018-03-31,1,,,,,,,,,,,,,,,,,,,,,,,,,,,,,,,,,,,34025307,false,false,3,2017-04-01,2017-06-30,-1
2018-10-30,80050,2019-03-31,2,36371000000,0.215,,,,,1431000000,0.184,1426000000,0.118,,888000000,,26.03,25.97,,,,,42783000000,21921000000,0.512,,21912000000,,,,,,,,,,,,true,false,6,2018-04-01,2018-09-30,0
2018-10-30,80050,2018-03-31,2,29928000000,0.035,,,,,1209000000,0.217,1275000000,0.225,,775000000,,22.79,,,,,,,,,,,,,,,,,,,,,,true,false,6,2017-04-01,2017-09-30,-1
2018-10-30,80050,2019-03-31,2,70000000000,0.125,,,,,2400000000,0.841,2500000000,0.715,,1700000000,,49.74,,,,,,,,,,,,,,,,,,,,,,true,true,12,2018-04-01,2019-03-31,0
2018-10-30,80050,2018-03-31,2,,,,,,,,,,,,,,,,,,,,40319000000,21094000000,0.523,,21089000000,,,,,,,,,,,,true,false,12,2017-04-01,2018-03-31,-1
2018-10-30,80050,2018-03-31,2,,,,,,,,,,,,,,,,,,,,,,,,,,,,,10.00,,,,34818050,707680,,false,false,12,2017-04-01,2018-03-31,-1
2018-10-30,80050,2019-03-31,2,,,,,,,,,,,,,,,,,,,,,,,,,,,,,5.00,,,,,,,false,false,12,2018-04-01,2019-03-31,0
2018-10-30,80050,2019-03-31,2,,,,,,,,,,,,,,,,,,,,,,,,,,,,,10.00,,,,,,,false,true,12,2018-04-01,2019-03-31,0
2018-10-30,80050,2019-03-31,2,,,,,,,,,,,,,,,,,,,,,,,,,,,,,,,,,34818050,640574,34143485,false,false,6,2018-04-01,2018-09-30,0
2018-10-30,80050,2018-03-31,2,,,,,,,,,,,,,,,,,,,,,,,,,,,,,,,,,,,34025454,false,false,6,2017-04-01,2017-09-30,-1
2019-01-31,80050,2019-03-31,3,55127000000,0.182,,,,,2165000000,0.112,2182000000,0.062,,1447000000,,42.38,42.28,,,,,44330000000,22004000000,0.496,,21993000000,,,,,,,,,,,,true,false,9,2018-04-01,2018-12-31,0
2019-01-31,80050,2018-03-31,3,46653000000,0.052,,,,,1947000000,0.415,2055000000,0.431,,-478000000,,-14.06,,,,,,,,,,,,,,,,,,,,,,true,false,9,2017-04-01,2017-12-31,-1
2019-01-31,80050,2019-03-31,3,70000000000,0.125,,,,,1800000000,0.381,1800000000,0.235,,1200000000,,35.04,,,,,,,,,,,,,,,,,,,,,,true,true,12,2018-04-01,2019-03-31,0
2019-01-31,80050,2018-03-31,3,,,,,,,,,,,,,,,,,,,,40319000000,21094000000,0.523,,21089000000,,,,,,,,,,,,true,false,12,2017-04-01,2018-03-31,-1
2019-01-31,80050,2018-03-31,3,,,,,,,,,,,,,,,,,,,,,,,,,,,,,10.00,,,,34818050,707680,,false,false,12,2017-04-01,2018-03-31,-1
2019-01-31,80050,2019-03-31,3,,,,,,,,,,,,,,,,,,,,,,,,,,,,,5.00,,,,,,,false,false,12,2018-04-01,2019-03-31,0
2019-01-31,80050,2019-03-31,3,,,,,,,,,,,,,,,,,,,,,,,,,,,,,10.00,,,,,,,false,true,12,2018-04-01,2019-03-31,0
2019-01-31,80050,2019-03-31,3,,,,,,,,,,,,,,,,,,,,,,,,,,,,,,,,,34818050,574887,34159645,false,false,9,2018-04-01,2018-12-31,0
2019-01-31,80050,2018-03-31,3,,,,,,,,,,,,,,,,,,,,,,,,,,,,,,,,,,,34033090,false,false,9,2017-04-01,2017-12-31,-1
2019-04-26,80050,2019-03-31,,71153000000,0.016,,,,,1697000000,-0.057,1415000000,-0.214,,631000000,,18.47,,,,,,,,,,,,,,,,,,,,,,true,true,12,2018-04-01,2019-03-31,0
2019-04-26,80050,2018-03-31,,62207000000,,,,,,1303000000,,1458000000,,,-1035000000,,-30.41,,,,,,,,,,,,,,,,,,,,,,true,false,12,2017-04-01,2018-03-31,-1
2019-04-26,80050,2019-03-31,,34519000000,,,,,,1712000000,,1495000000,,382000000,,,11.18,,,,,,,,,,,,,,,,,,,,,,false,true,12,2018-04-01,2019-03-31,0
2019-04-26,80050,2018-03-31,,34161000000,,,,,,1480000000,,1843000000,,-1276000000,,,-37.48,,,,,,,,,,,,,,,,,,,,,,false,false,12,2017-04-01,2018-03-31,-1
2019-05-08,80050,2019-03-31,,71153000000,0.144,,,,,1697000000,0.302,1415000000,-0.029,,631000000,,18.47,18.44,0.030,0.034,0.024,,42368000000,21156000000,0.499,616.92,21143000000,467000000,-2370000000,1617000000,5473000000,,0.547,,,,,,true,false,12,2018-04-01,2019-03-31,0
2019-05-08,80050,2018-03-31,,62207000000,0.057,,,,,1303000000,0.049,1458000000,0.079,,-1035000000,,-30.41,,-0.048,0.037,0.021,,40319000000,21094000000,0.523,618.29,21089000000,3534000000,-1482000000,-1121000000,5766000000,,,,,,,,true,false,12,2017-04-01,2018-03-31,-1
2019-05-08,80050,2020-03-31,,37500000000,0.031,,,,,950000000,-0.336,1000000000,-0.299,,650000000,,18.97,,,,,,,,,,,,,,,,,,,,,,true,true,6,2019-04-01,2019-09-30,1
2019-05-08,80050,2020-03-31,,75000000000,0.054,,,,,1900000000,0.119,2000000000,0.413,,1300000000,,37.93,,,,,,,,,,,,,,,,0.100,,,,,,true,true,12,2019-04-01,2020-03-31,1
2019-05-08,80050,2019-03-31,,34519000000,0.010,,,,,1712000000,0.157,1495000000,-0.189,382000000,,,11.18,11.16,,,,,34904000000,19478000000,0.558,567.95,19465000000,,,,,10.00,,,,34818050,545280,34182785,false,false,12,2018-04-01,2019-03-31,0
2019-05-08,80050,2018-03-31,,34161000000,-0.087,,,,,1480000000,1.856,1843000000,0.923,-1276000000,,,-37.48,,,,,,33995000000,19658000000,0.578,576.18,19653000000,,,,,10.00,,,,34818050,707680,34048355,false,false,12,2017-04-01,2018-03-31,-1
2019-05-08,80050,2020-03-31,,,,,,,,,,,,,,,,,,,,,,,,,,,,,,10.00,,,,,,,false,true,12,2019-04-01,2020-03-31,1
2019-05-08,80050,2019-03-31,,71153000000,0.144,,,,,1697000000,0.302,1415000000,-0.029,,631000000,,18.47,18.44,0.030,0.034,0.024,,42368000000,21156000000,0.499,616.92,21143000000,467000000,-2370000000,1617000000,5473000000,,0.547,,,,,,true,false,12,2018-04-01,2019-03-31,0
2019-05-08,80050,2018-03-31,,62207000000,0.057,,,,,1303000000,0.049,1458000000,0.079,,-1035000000,,-30.41,,-0.048,0.037,0.021,,40319000000,21094000000,0.523,618.29,21089000000,3534000000,-1482000000,-1121000000,5766000000,,,,,,,,true,false,12,2017-04-01,2018-03-31,-1
2019-05-08,80050,2020-03-31,,37500000000,0.031,,,,,950000000,-0.336,1000000000,-0.299,,650000000,,18.97,,,,,,,,,,,,,,,,,,,,,,true,true,6,2019-04-01,2019-09-30,1
2019-05-08,80050,2020-03-31,,75000000000,0.054,,,,,1900000000,0.119,2000000000,0.413,,1300000000,,37.93,,,,,,,,,,,,,,,,0.266,,,,,,true,true,12,2019-04-01,2020-03-31,1
2019-05-08,80050,2019-03-31,,34519000000,0.010,,,,,1712000000,0.157,1495000000,-0.189,382000000,,,11.18,11.16,,,,,34904000000,19478000000,0.558,567.95,19465000000,,,,,10.00,,,,34818050,545280,34182785,false,false,12,2018-04-01,2019-03-31,0
2019-05-08,80050,2018-03-31,,34161000000,-0.087,,,,,1480000000,1.856,1843000000,0.923,-1276000000,,,-37.48,,,,,,33995000000,19658000000,0.578,576.18,19653000000,,,,,10.00,,,,34818050,707680,34048355,false,false,12,2017-04-01,2018-03-31,-1
2019-05-08,80050,2020-03-31,,,,,,,,,,,,,,,,,,,,,,,,,,,,,,10.00,,,,,,,false,true,12,2019-04-01,2020-03-31,1
2019-07-31,80050,2020-03-31,1,19333000000,0.010,,,,,1134000000,-0.003,1191000000,0.044,,792000000,,23.11,,,,,,45006000000,21719000000,0.482,,21704000000,,,,,,,,,,,,true,false,3,2019-04-01,2019-06-30,0
2019-07-31,80050,2019-03-31,1,19140000000,0.232,,,,,1138000000,0.687,1140000000,0.587,,751000000,,22.03,22.01,,,,,,,,,,,,,,,,,,,,,true,false,3,2018-04-01,2018-06-30,-1
2019-07-31,80050,2020-03-31,1,37500000000,0.031,,,,,950000000,-0.335,1000000000,-0.298,,650000000,,18.92,,,,,,,,,,,,,,,,,,,,,,true,true,6,2019-04-01,2019-09-30,0
2019-07-31,80050,2020-03-31,1,75000000000,0.054,,,,,1900000000,0.119,2000000000,0.413,,1300000000,,37.84,,,,,,,,,,,,,,,,,,,,,,true,true,12,2019-04-01,2020-03-31,0
2019-07-31,80050,2019-03-31,1,,,,,,,,,,,,,,,,,,,,42368000000,21156000000,0.499,,21143000000,,,,,,,,,,,,true,false,12,2018-04-01,2019-03-31,-1
2019-07-31,80050,2019-03-31,1,,,,,,,,,,,,,,,,,,,,,,,,,,,,,10.00,,,,34818050,545280,,false,false,12,2018-04-01,2019-03-31,-1
2019-07-31,80050,2020-03-31,1,,,,,,,,,,,,,,,,,,,,,,,,,,,,,10.00,,,,,,,false,true,12,2019-04-01,2020-03-31,0
2019-07-31,80050,2020-03-31,1,,,,,,,,,,,,,,,,,,,,,,,,,,,,,,,,,34818050,458780,34285594,false,false,3,2019-04-01,2019-06-30,0
2019-07-31,80050,2019-03-31,1,,,,,,,,,,,,,,,,,,,,,,,,,,,,,,,,,,,34119696,false,false,3,2018-04-01,2018-06-30,-1
2019-10-24,80050,2020-03-31,,37904000000,0.011,,,,,1631000000,0.717,1721000000,0.721,,446000000,,13.00,,,,,,,,,,,,,,,,,,,,,,true,true,6,2019-04-01,2019-09-30,0
2019-10-24,80050,2019-03-31,,36371000000,,,,,,1429000000,,1424000000,,,888000000,,26.03,,,,,,,,,,,,,,,,,,,,,,true,false,6,2018-04-01,2018-09-30,-1
2019-10-24,80050,2020-03-31,,75000000000,,,,,,1900000000,,2000000000,,,500000000,,14.54,,,,,,,,,,,,,,,,,,,,,,true,true,12,2019-04-01,2020-03-31,0
2019-10-24,80050,2019-03-31,,71153000000,,,,,,1697000000,,1415000000,,,631000000,,18.47,,,,,,,,,,,,,,,,,,,,,,true,false,12,2018-04-01,2019-03-31,-1
2019-10-30,80050,2020-03-31,2,37904000000,0.042,,,,,1631000000,0.142,1721000000,0.209,,446000000,,13.00,,,,,,44269000000,21424000000,0.484,,21407000000,,,,,,,,,,,,true,false,6,2019-04-01,2019-09-30,0
2019-10-30,80050,2019-03-31,2,36371000000,0.215,,,,,1429000000,0.182,1424000000,0.117,,888000000,,26.03,25.97,,,,,,,,,,,,,,,,,,,,,true,false,6,2018-04-01,2018-09-30,-1
2019-10-30,80050,2020-03-31,2,75000000000,0.054,,,,,1900000000,0.119,2000000000,0.413,,500000000,,14.54,,,,,,,,,,,,,,,,,,,,,,true,true,12,2019-04-01,2020-03-31,0
2019-10-30,80050,2019-03-31,2,,,,,,,,,,,,,,,,,,,,42368000000,21156000000,0.499,,21143000000,,,,,,,,,,,,true,false,12,2018-04-01,2019-03-31,-1
2019-10-30,80050,2019-03-31,2,,,,,,,,,,,,,,,,,,,,,,,,,,,,,10.00,,,,34818050,545280,,false,false,12,2018-04-01,2019-03-31,-1
2019-10-30,80050,2020-03-31,2,,,,,,,,,,,,,,,,,,,,,,,,,,,,,5.00,,,,,,,false,false,12,2019-04-01,2020-03-31,0
2019-10-30,80050,2020-03-31,2,,,,,,,,,,,,,,,,,,,,,,,,,,,,,10.00,,,,,,,false,true,12,2019-04-01,2020-03-31,0
2019-10-30,80050,2020-03-31,2,,,,,,,,,,,,,,,,,,,,,,,,,,,,,,,,,34818050,421759,34329573,false,false,6,2019-04-01,2019-09-30,0
2019-10-30,80050,2019-03-31,2,,,,,,,,,,,,,,,,,,,,,,,,,,,,,,,,,,,34143485,false,false,6,2018-04-01,2018-09-30,-1
2020-01-31,80050,2020-03-31,3,56464000000,0.024,,,,,2541000000,0.175,2656000000,0.219,,1034000000,,30.11,,,,,,43605000000,21938000000,0.503,,21919000000,,,,,,,,,,,,true,false,9,2019-04-01,2019-12-31,0
2020-01-31,80050,2019-03-31,3,55127000000,0.182,,,,,2162000000,0.110,2179000000,0.060,,1447000000,,42.38,42.28,,,,,,,,,,,,,,,,,,,,,true,false,9,2018-04-01,2018-12-31,-1
2020-01-31,80050,2020-03-31,3,75000000000,0.054,,,,,1900000000,0.119,2000000000,0.413,,500000000,,14.50,,,,,,,,,,,,,,,,,,,,,,true,true,12,2019-04-01,2020-03-31,0
2020-01-31,80050,2019-03-31,3,,,,,,,,,,,,,,,,,,,,42368000000,21156000000,0.499,,21143000000,,,,,,,,,,,,true,false,12,2018-04-01,2019-03-31,-1
2020-01-31,80050,2019-03-31,3,,,,,,,,,,,,,,,,,,,,,,,,,,,,,10.00,,,,34818050,545280,,false,false,12,2018-04-01,2019-03-31,-1
2020-01-31,80050,2020-03-31,3,,,,,,,,,,,,,,,,,,,,,,,,,,,,,5.00,,,,,,,false,false,12,2019-04-01,2020-03-31,0
2020-01-31,80050,2020-03-31,3,,,,,,,,,,,,,,,,,,,,,,,,,,,,,10.00,,,,,,,false,true,12,2019-04-01,2020-03-31,0
2020-01-31,80050,2020-03-31,3,,,,,,,,,,,,,,,,,,,,,,,,,,,,,,,,,34818050,339736,34359105,false,false,9,2019-04-01,2019-12-31,0
2020-01-31,80050,2019-03-31,3,,,,,,,,,,,,,,,,,,,,,,,,,,,,,,,,,,,34159645,false,false,9,2018-04-01,2018-12-31,-1
2020-04-30,80050,2020-03-31,,72634000000,-0.032,,,,,2145000000,0.129,2296000000,0.148,,703000000,,20.46,,,,,,,,,,,,,,,,,,,,,,true,true,12,2019-04-01,2020-03-31,0
2020-04-30,80050,2019-03-31,,71153000000,,,,,,1697000000,,1415000000,,,631000000,,18.47,,,,,,,,,,,,,,,,,,,,,,true,false,12,2018-04-01,2019-03-31,-1
2020-04-30,80050,2020-03-31,,36017000000,0.043,,,,,2271000000,0.327,2264000000,0.514,1087000000,,1.846,31.62,,,,,,,,,,,,,,,,,,,,,,false,true,12,2019-04-01,2020-03-31,0
2020-04-30,80050,2019-03-31,,34519000000,,,,,,1712000000,,1495000000,,382000000,,,11.18,,,,,,,,,,,,,,,,,,,,,,false,false,12,2018-04-01,2019-03-31,-1
2020-05-08,80050,2020-03-31,,72634000000,0.021,,,,,2145000000,0.264,2296000000,0.623,,703000000,,20.46,,0.033,0.054,0.030,,43270000000,21462000000,0.496,621.20,21440000000,1573000000,-1780000000,-433000000,4828000000,,0.491,,,,,,true,false,12,2019-04-01,2020-03-31,0
2020-05-08,80050,2019-03-31,,71153000000,0.144,,,,,1697000000,0.302,1415000000,-0.029,,631000000,,18.47,18.44,0.030,0.034,0.024,,42368000000,21156000000,0.499,616.92,21143000000,467000000,-2370000000,1617000000,5473000000,,0.547,,,,,,true,false,12,2018-04-01,2019-03-31,-1
2020-05-08,80050,2021-03-31,,75000000000,0.033,,,,,1900000000,-0.114,2000000000,-0.129,,1400000000,,40.56,,,,,,,,,,,,,,,,0.370,,,,,,true,true,12,2020-04-01,2021-03-31,1
2020-05-08,80050,2020-03-31,,36017000000,0.043,,,,,2271000000,0.326,2264000000,0.514,1087000000,,1.844,31.62,,,,,,36418000000,20171000000,0.553,583.81,20150000000,,,,,10.00,,,,34818050,303072,34391914,false,false,12,2019-04-01,2020-03-31,0
2020-05-08,80050,2019-03-31,,34519000000,0.010,,,,,1712000000,0.157,1495000000,-0.189,382000000,,,11.18,11.16,,,,,34904000000,19478000000,0.558,567.95,19465000000,,,,,10.00,,,,34818050,545280,34182785,false,false,12,2018-04-01,2019-03-31,-1
2020-05-08,80050,2021-03-31,,,,,,,,,,,,,,,,,,,,,,,,,,,,,,15.00,,,,,,,false,true,12,2020-04-01,2021-03-31,1
2020-07-31,80050,2021-03-31,1,21996000000,0.138,,,,,2592000000,1.286,2631000000,1.209,,1834000000,,53.14,,,,,,49079000000,23138000000,0.471,,23115000000,,,,,,,,,,,,true,false,3,2020-04-01,2020-06-30,0
2020-07-31,80050,2020-03-31,1,19333000000,0.010,,,,,1134000000,-0.003,1191000000,0.044,,792000000,,23.11,,,,,,,,,,,,,,,,,,,,,,true,false,3,2019-04-01,2019-06-30,-1
2020-07-31,80050,2021-03-31,1,75000000000,0.033,,,,,3400000000,0.585,3500000000,0.524,,2000000000,,57.93,,,,,,,,,,,,,,,,,,,,,,true,true,12,2020-04-01,2021-03-31,0
2020-07-31,80050,2020-03-31,1,,,,,,,,,,,,,,,,,,,,43270000000,21462000000,0.496,,21440000000,,,,,,,,,,,,true,false,12,2019-04-01,2020-03-31,-1
2020-07-31,80050,2020-03-31,1,,,,,,,,,,,,,,,,,,,,,,,,,,,,,10.00,,,,34818050,303072,,false,false,12,2019-04-01,2020-03-31,-1
2020-07-31,80050,2021-03-31,1,,,,,,,,,,,,,,,,,,,,,,,,,,,,,15.00,,,,,,,false,true,12,2020-04-01,2021-03-31,0
2020-07-31,80050,2021-03-31,1,,,,,,,,,,,,,,,,,,,,,,,,,,,,,,,,,34818050,296372,34519690,false,false,3,2020-04-01,2020-06-30,0
2020-07-31,80050,2020-03-31,1,,,,,,,,,,,,,,,,,,,,,,,,,,,,,,,,,,,34285594,false,false,3,2019-04-01,2019-06-30,-1
2020-07-31,80050,2021-03-31,,75000000000,,,,,,3400000000,0.789,3500000000,0.750,,2000000000,,57.93,,,,,,,,,,,,,,,,,,,,,,true,true,12,2020-04-01,2021-03-31,0
2020-07-31,80050,2020-03-31,,72634000000,,,,,,2145000000,,2296000000,,,703000000,,20.46,,,,,,,,,,,,,,,,,,,,,,true,false,12,2019-04-01,2020-03-31,-1
2020-10-29,80050,2021-03-31,2,43328000000,0.143,,,,,4073000000,1.496,4157000000,1.415,,2974000000,,86.17,85.96,,,,,45659000000,24270000000,0.531,,24245000000,,,,,,,,,,,,true,false,6,2020-04-01,2020-09-30,0
2020-10-29,80050,2020-03-31,2,37904000000,0.042,,,,,1631000000,0.142,1721000000,0.209,,446000000,,13.00,,,,,,,,,,,,,,,,,,,,,,true,false,6,2019-04-01,2019-09-30,-1
2020-10-29,80050,2021-03-31,2,80000000000,0.101,,,,,4400000000,1.051,4500000000,0.960,,3200000000,,92.70,,,,,,,,,,,,,,,,,,,,,,true,true,12,2020-04-01,2021-03-31,0
2020-10-29,80050,2020-03-31,2,,,,,,,,,,,,,,,,,,,,43270000000,21462000000,0.496,,21440000000,,,,,,,,,,,,true,false,12,2019-04-01,2020-03-31,-1
2020-10-29,80050,2020-03-31,2,,,,,,,,,,,,,,,,,,,,,,,,,,,,,10.00,,,,34818050,303072,,false,false,12,2019-04-01,2020-03-31,-1
2020-10-29,80050,2021-03-31,2,,,,,,,,,,,,,,,,,,,,,,,,,,,,,7.50,,,,,,,false,false,12,2020-04-01,2021-03-31,0
2020-10-29,80050,2021-03-31,2,,,,,,,,,,,,,,,,,,,,,,,,,,,,,,,,,34818050,296583,34520655,false,false,6,2020-04-01,2020-09-30,0
2020-10-29,80050,2020-03-31,2,,,,,,,,,,,,,,,,,,,,,,,,,,,,,,,,,,,34329573,false,false,6,2019-04-01,2019-09-30,-1
2020-10-29,80050,2021-03-31,,80000000000,0.067,,,,,4400000000,0.294,4500000000,0.286,,3200000000,,92.70,,,,,,,,,,,,,,,,,,,,,,true,true,12,2020-04-01,2021-03-31,0
2020-10-29,80050,2020-03-31,,72634000000,,,,,,2145000000,,2296000000,,,703000000,,20.46,,,,,,,,,,,,,,,,,,,,,,true,false,12,2019-04-01,2020-03-31,-1
2020-10-29,80050,2021-03-31,,,,,,,,,,,,,,,,,,,,,,,,,,,,,,15.00,,,,,,,false,true,12,2020-04-01,2021-03-31,0
2020-10-29,80050,2021-03-31,,,,,,,,,,,,,,,,,,,,,,,,,,,,,,7.50,,,,,,,false,false,12,2020-04-01,2021-03-31,0
2020-10-29,80050,2020-03-31,,,,,,,,,,,,,,,,,,,,,,,,,,,,,,10.00,,,,,,,false,false,12,2019-04-01,2020-03-31,-1
2021-01-29,80050,2021-03-31,3,65581000000,0.161,,,,,6372000000,1.508,6504000000,1.449,,4515000000,,130.62,130.25,,,,,48488000000,25683000000,0.530,,25679000000,,,,,,,,,,,,true,false,9,2020-04-01,2020-12-31,0
2021-01-29,80050,2020-03-31,3,56464000000,0.024,,,,,2541000000,0.175,2656000000,0.219,,1034000000,,30.11,,,,,,,,,,,,,,,,,,,,,,true,false,9,2019-04-01,2019-12-31,-1
2021-01-29,80050,2021-03-31,3,83000000000,0.143,,,,,6400000000,1.983,6500000000,1.830,,4500000000,,129.27,,,,,,,,,,,,,,,,,,,,,,true,true,12,2020-04-01,2021-03-31,0
2021-01-29,80050,2020-03-31,3,,,,,,,,,,,,,,,,,,,,43270000000,21462000000,0.496,,21440000000,,,,,,,,,,,,true,false,12,2019-04-01,2020-03-31,-1
2021-01-29,80050,2020-03-31,3,,,,,,,,,,,,,,,,,,,,,,,,,,,,,10.00,,,,34818050,303072,,false,false,12,2019-04-01,2020-03-31,-1
2021-01-29,80050,2021-03-31,3,,,,,,,,,,,,,,,,,,,,,,,,,,,,,7.50,,,,,,,false,false,12,2020-04-01,2021-03-31,0
2021-01-29,80050,2021-03-31,3,,,,,,,,,,,,,,,,,,,,,,,,,,,,,52.00,,,,,,,false,true,12,2020-04-01,2021-03-31,0
2021-01-29,80050,2021-03-31,3,,,,,,,,,,,,,,,,,,,,,,,,,,,,,,,,,34818050,6748,34572553,false,false,9,2020-04-01,2020-12-31,0
2021-01-29,80050,2020-03-31,3,,,,,,,,,,,,,,,,,,,,,,,,,,,,,,,,,,,34359105,false,false,9,2019-04-01,2019-12-31,-1
2021-04-30,80050,2021-03-31,,85195000000,0.026,,,,,7385000000,0.154,7519000000,0.157,5183000000,,0.152,149.65,,,,,,,,,,,,,,,,,,,,,,true,true,12,2020-04-01,2021-03-31,0
2021-04-30,80050,2020-03-31,,72634000000,,,,,,2145000000,,2296000000,,703000000,,,20.46,,,,,,,,,,,,,,,,,,,,,,true,false,12,2019-04-01,2020-03-31,-1
2021-04-30,80050,2021-03-31,,42846000000,0.190,,,,,5996000000,1.639,5712000000,1.523,3865000000,,2.554,111.58,,,,,,,,,,,,,,,,,,,,,,false,true,12,2020-04-01,2021-03-31,0
2021-04-30,80050,2020-03-31,,36017000000,,,,,,2271000000,,2264000000,,1087000000,,,31.62,,,,,,,,,,,,,,,,,,,,,,false,false,12,2019-04-01,2020-03-31,-1
,80050,2021-03-31,,,,,,,,,,,,,,,,,,,,,,,,,,,,,,60.00,,,,,,,false,true,12,2020-04-01,2021-03-31,0
,80050,2021-03-31,,,,,,,,,,,,,,,,,,,,,,,,,,,,,,7.50,,,,,,,false,false,12,2020-04-01,2021-03-31,0
,80050,2020-03-31,,,,,,,,,,,,,,,,,,,,,,,,,,,,,,10.00,,,,,,,false,false,12,2019-04-01,2020-03-31,-1
2021-05-07,80050,2021-03-31,,85195000000,0.173,,,,,7385000000,2.443,7519000000,2.274,,5183000000,,149.65,,0.216,0.161,0.087,,49903000000,26648000000,0.534,764.30,26648000000,3956000000,-3312000000,2608000000,8084000000,,0.401,,,,,,true,false,12,2020-04-01,2021-03-31,0
2021-05-07,80050,2020-03-31,,72634000000,0.021,,,,,2145000000,0.264,2296000000,0.623,,703000000,,20.46,,0.033,0.054,0.030,,43270000000,21462000000,0.496,621.20,21440000000,1573000000,-1780000000,-433000000,4828000000,,0.491,,,,,,true,false,12,2019-04-01,2020-03-31,-1
2021-05-07,80050,2022-03-31,,80000000000,,,,,,3900000000,,4000000000,,,2800000000,,80.31,,,,,,,,,,,,,,,,0.249,,,,,,true,true,12,2021-04-01,2022-03-31,1
2021-05-07,80050,2021-03-31,,42846000000,0.190,,,,,5996000000,1.639,5712000000,1.523,3865000000,,2.554,111.58,,,,,,42378000000,24036000000,0.567,689.38,24036000000,,,,,60.00,,,,34873050,6845,34639241,false,false,12,2020-04-01,2021-03-31,0
2021-05-07,80050,2020-03-31,,36017000000,0.043,,,,,2271000000,0.326,2264000000,0.514,1087000000,,1.844,31.62,,,,,,36418000000,20171000000,0.553,583.81,20150000000,,,,,10.00,,,,34818050,303072,34391914,false,false,12,2019-04-01,2020-03-31,-1
2021-05-07,80050,2022-03-31,,,,,,,,,,,,,,,,,,,,,,,,,,,,,,20.00,,,,,,,false,true,12,2021-04-01,2022-03-31,1
2021-07-30,80050,2022-03-31,1,21836000000,,,,,,2954000000,,2979000000,,,2009000000,,57.63,,,,,,47643000000,26701000000,0.560,,26701000000,,,,,,,,,,,,true,false,3,2021-04-01,2021-06-30,0
2021-07-30,80050,2021-03-31,1,21996000000,0.138,,,,,2592000000,1.286,2631000000,1.209,,1834000000,,53.14,,,,,,,,,,,,,,,,,,,,,,true,false,3,2020-04-01,2020-06-30,-1
2021-07-30,80050,2022-03-31,1,80000000000,,,,,,3900000000,,4000000000,,,2800000000,,80.31,,,,,,,,,,,,,,,,,,,,,,true,true,12,2021-04-01,2022-03-31,0
2021-07-30,80050,2021-03-31,1,,,,,,,,,,,,,,,,,,,,49903000000,26648000000,0.534,,26648000000,,,,,,,,,,,,true,false,12,2020-04-01,2021-03-31,-1
2021-07-30,80050,2021-03-31,1,,,,,,,,,,,,,,,,,,,,,,,,,,,,,60.00,,,,34873050,6845,,false,false,12,2020-04-01,2021-03-31,-1
2021-07-30,80050,2022-03-31,1,,,,,,,,,,,,,,,,,,,,,,,,,,,,,20.00,,,,,,,false,true,12,2021-04-01,2022-03-31,0
2021-07-30,80050,2022-03-31,1,,,,,,,,,,,,,,,,,,,,,,,,,,,,,,,,,34873050,6939,34866174,false,false,3,2021-04-01,2021-06-30,0
2021-07-30,80050,2021-03-31,1,,,,,,,,,,,,,,,,,,,,,,,,,,,,,,,,,,,34519690,false,false,3,2020-04-01,2020-06-30,-1
2021-10-29,8005,2022-03-31,2,41830000000,,,,,,4680000000,,4708000000,,,3231000000,,92.69,,,,,,47606000000,27978000000,0.588,,27978000000,,,,,,,,,,,,true,false,6,2021-04-01,2021-09-30,0
2021-10-29,8005,2021-03-31,2,43328000000,0.143,,,,,4073000000,1.496,4157000000,1.415,,2974000000,,86.17,85.96,,,,,,,,,,,,,,,,,,,,,true,false,6,2020-04-01,2020-09-30,-1
2021-10-29,8005,2022-03-31,2,80000000000,,,,,,5900000000,,6000000000,,,4200000000,,120.46,,,,,,,,,,,,,,,,,,,,,,true,true,12,2021-04-01,2022-03-31,0
2021-10-29,8005,2021-03-31,2,,,,,,,,,,,,,,,,,,,,49903000000,26648000000,0.534,,26648000000,,,,,,,,,,,,true,false,12,2020-04-01,2021-03-31,-1
2021-10-29,8005,2021-03-31,2,,,,,,,,,,,,,,,,,,,,,,,,,,,,,60.00,,,,34873050,6845,,false,false,12,2020-04-01,2021-03-31,-1
2021-10-29,8005,2022-03-31,2,,,,,,,,,,,,,,,,,,,,,,,,,,,,,10.00,,,,,,,false,false,12,2021-04-01,2022-03-31,0
2021-10-29,8005,2022-03-31,2,,,,,,,,,,,,,,,,,,,,,,,,,,,,,48.50,,,,,,,false,true,12,2021-04-01,2022-03-31,0
2021-10-29,8005,2022-03-31,2,,,,,,,,,,,,,,,,,,,,,,,,,,,,,,,,,34873050,7157,34866060,false,false,6,2021-04-01,2021-09-30,0
2021-10-29,8005,2021-03-31,2,,,,,,,,,,,,,,,,,,,,,,,,,,,,,,,,,,,34520655,false,false,6,2020-04-01,2020-09-30,-1
2021-10-29,80050,2022-03-31,,80000000000,0.000,,,,,5900000000,0.513,6000000000,0.500,,4200000000,,120.46,,,,,,,,,,,,,,,,,,,,,,true,true,12,2021-04-01,2022-03-31,0
2021-10-29,80050,2021-03-31,,85195000000,,,,,,7385000000,,7519000000,,,5183000000,,149.65,,,,,,,,,,,,,,,,,,,,,,true,false,12,2020-04-01,2021-03-31,-1
2021-10-29,80050,2022-03-31,,,,,,,,,,,,,,,,,,,,,,,,,,,,,,48.50,,,,,,,false,true,12,2021-04-01,2022-03-31,0
2021-10-29,80050,2022-03-31,,,,,,,,,,,,,,,,,,,,,,,,,,,,,,10.00,,,,,,,false,false,12,2021-04-01,2022-03-31,0
2021-10-29,80050,2021-03-31,,,,,,,,,,,,,,,,,,,,,,,,,,,,,,60.00,,,,,,,false,false,12,2020-04-01,2021-03-31,-1
2022-01-28,8005,2022-03-31,3,62359000000,,,,,,6462000000,,6510000000,,,4462000000,,127.98,,,,,,48630000000,28782000000,0.592,,28782000000,,,,,,,,,,,,true,false,9,2021-04-01,2021-12-31,0
2022-01-28,8005,2021-03-31,3,65581000000,0.161,,,,,6372000000,1.508,6504000000,1.449,,4515000000,,130.62,130.25,,,,,,,,,,,,,,,,,,,,,true,false,9,2020-04-01,2020-12-31,-1
2022-01-28,8005,2022-03-31,3,80000000000,,,,,,6700000000,,6800000000,,,4700000000,,134.80,,,,,,,,,,,,,,,,,,,,,,true,true,12,2021-04-01,2022-03-31,0
2022-01-28,8005,2021-03-31,3,,,,,,,,,,,,,,,,,,,,49903000000,26648000000,0.534,,26648000000,,,,,,,,,,,,true,false,12,2020-04-01,2021-03-31,-1
2022-01-28,8005,2021-03-31,3,,,,,,,,,,,,,,,,,,,,,,,,,,,,,60.00,,,,34873050,6845,,false,false,12,2020-04-01,2021-03-31,-1
2022-01-28,8005,2022-03-31,3,,,,,,,,,,,,,,,,,,,,,,,,,,,,,10.00,,,,,,,false,false,12,2021-04-01,2022-03-31,0
2022-01-28,8005,2022-03-31,3,,,,,,,,,,,,,,,,,,,,,,,,,,,,,54.00,,,,,,,false,true,12,2021-04-01,2022-03-31,0
2022-01-28,8005,2022-03-31,3,,,,,,,,,,,,,,,,,,,,,,,,,,,,,,,,,34873050,7358,34865950,false,false,9,2021-04-01,2021-12-31,0
2022-01-28,8005,2021-03-31,3,,,,,,,,,,,,,,,,,,,,,,,,,,,,,,,,,,,34572553,false,false,9,2020-04-01,2020-12-31,-1
2022-04-28,80050,2022-03-31,,81391000000,0.017,,,,,7000000000,0.045,7096000000,0.044,,5585000000,,160.20,,,,,,,,,,,,,,,,,,,,,,true,true,12,2021-04-01,2022-03-31,0
2022-04-28,80050,2021-03-31,,85195000000,,,,,,7385000000,,7519000000,,,5183000000,,149.65,,,,,,,,,,,,,,,,,,,,,,true,false,12,2020-04-01,2021-03-31,-1
2022-04-28,80050,2022-03-31,,42643000000,-0.005,,,,,6425000000,0.072,6471000000,0.133,5259000000,,0.361,150.84,,,,,,,,,,,,,,,,,,,,,,false,true,12,2021-04-01,2022-03-31,0
2022-04-28,80050,2021-03-31,,42846000000,,,,,,5996000000,,5712000000,,3865000000,,,111.58,,,,,,,,,,,,,,,,,,,,,,false,false,12,2020-04-01,2021-03-31,-1
,80050,2022-03-31,,,,,,,,,,,,,,,,,,,,,,,,,,,,,,64.50,,,,,,,false,true,12,2021-04-01,2022-03-31,0
,80050,2022-03-31,,,,,,,,,,,,,,,,,,,,,,,,,,,,,,10.00,,,,,,,false,false,12,2021-04-01,2022-03-31,0
,80050,2021-03-31,,,,,,,,,,,,,,,,,,,,,,,,,,,,,,60.00,,,,,,,false,false,12,2020-04-01,2021-03-31,-1
2022-05-10,8005,2022-03-31,,81391000000,,,,,,7000000000,,7096000000,,,5585000000,,160.20,,0.197,0.142,0.086,,49711000000,30037000000,0.604,861.53,30037000000,3711000000,-1208000000,-3473000000,7142000000,,0.403,,,,,,true,false,12,2021-04-01,2022-03-31,0
2022-05-10,8005,2021-03-31,,85195000000,0.173,,,,,7385000000,2.443,7519000000,2.274,,5183000000,,149.65,,0.216,0.161,0.087,,49903000000,26648000000,0.534,764.30,26648000000,3956000000,-3312000000,2608000000,8084000000,,0.401,,,,,,true,false,12,2020-04-01,2021-03-31,-1
2022-05-10,8005,2023-03-31,,84000000000,0.032,,,,,5700000000,-0.186,5800000000,-0.183,,4000000000,,114.73,,,,,,,,,,,,,,,,0.174,,,,,,true,true,12,2022-04-01,2023-03-31,1
2022-05-10,8005,2022-03-31,,42643000000,,,,,,6425000000,,6471000000,,5259000000,,,150.84,,,,,,40924000000,27070000000,0.661,776.42,27070000000,,,,,64.50,,,,34873050,7381,34865884,false,false,12,2021-04-01,2022-03-31,0
2022-05-10,8005,2021-03-31,,42846000000,0.190,,,,,5996000000,1.639,5712000000,1.523,3865000000,,2.554,111.58,,,,,,42378000000,24036000000,0.567,689.38,24036000000,,,,,60.00,,,,34873050,6845,34639241,false,false,12,2020-04-01,2021-03-31,-1
2022-05-10,8005,2023-03-31,,,,,,,,,,,,,,,,,,,,,,,,,,,,,,20.00,,,,,,,false,true,12,2022-04-01,2023-03-31,1
2022-07-29,8005,2023-03-31,1,20768000000,-0.049,,,,,2019000000,-0.317,1955000000,-0.344,,1324000000,,37.98,,,,,,49600000000,29487000000,0.595,,29487000000,,,,,,,,,,,,true,false,3,2022-04-01,2022-06-30,0
2022-07-29,8005,2022-03-31,1,21836000000,,,,,,2954000000,,2979000000,,,2009000000,,57.63,,,,,,,,,,,,,,,,,,,,,,true,false,3,2021-04-01,2021-06-30,-1
2022-07-29,8005,2023-03-31,1,84000000000,0.032,,,,,5700000000,-0.186,5800000000,-0.183,,4000000000,,114.68,,,,,,,,,,,,,,,,,,,,,,true,true,12,2022-04-01,2023-03-31,0
2022-07-29,8005,2022-03-31,1,,,,,,,,,,,,,,,,,,,,49711000000,30037000000,0.604,,30037000000,,,,,,,,,,,,true,false,12,2021-04-01,2022-03-31,-1
2022-07-29,8005,2022-03-31,1,,,,,,,,,,,,,,,,,,,,,,,,,,,,,64.50,,,,34873050,7381,,false,false,12,2021-04-01,2022-03-31,-1
2022-07-29,8005,2023-03-31,1,,,,,,,,,,,,,,,,,,,,,,,,,,,,,20.00,,,,,,,false,true,12,2022-04-01,2023-03-31,0
2022-07-29,8005,2023-03-31,1,,,,,,,,,,,,,,,,,,,,,,,,,,,,,,,,,34887050,7542,34865766,false,false,3,2022-04-01,2022-06-30,0
2022-07-29,8005,2022-03-31,1,,,,,,,,,,,,,,,,,,,,,,,,,,,,,,,,,,,34866174,false,false,3,2021-04-01,2021-06-30,-1
2022-10-28,8005,2023-03-31,2,40965000000,-0.021,,,,,3496000000,-0.253,3373000000,-0.284,,2333000000,,66.88,,,,,,50170000000,30630000000,0.611,,30630000000,,,,,,,,,,,,true,false,6,2022-04-01,2022-09-30,0
2022-10-28,8005,2022-03-31,2,41830000000,,,,,,4680000000,,4708000000,,,3231000000,,92.69,,,,,,,,,,,,,,,,,,,,,,true,false,6,2021-04-01,2021-09-30,-1
2022-10-28,8005,2023-03-31,2,79000000000,-0.029,,,,,4500000000,-0.357,4500000000,-0.366,,3100000000,,88.64,,,,,,,,,,,,,,,,,,,,,,true,true,12,2022-04-01,2023-03-31,0
2022-10-28,8005,2022-03-31,2,,,,,,,,,,,,,,,,,,,,49711000000,30037000000,0.604,,30037000000,,,,,,,,,,,,true,false,12,2021-04-01,2022-03-31,-1
2022-10-28,8005,2022-03-31,2,,,,,,,,,,,,,,,,,,,,,,,,,,,,,64.50,,,,34873050,7381,,false,false,12,2021-04-01,2022-03-31,-1
2022-10-28,8005,2023-03-31,2,,,,,,,,,,,,,,,,,,,,,,,,,,,,,10.00,,,,,,,false,false,12,2022-04-01,2023-03-31,0
2022-10-28,8005,2023-03-31,2,,,,,,,,,,,,,,,,,,,,,,,,,,,,,35.50,,,,,,,false,true,12,2022-04-01,2023-03-31,0
2022-10-28,8005,2023-03-31,2,,,,,,,,,,,,,,,,,,,,,,,,,,,,,,,,,34981050,7565,34888594,false,false,6,2022-04-01,2022-09-30,0
2022-10-28,8005,2022-03-31,2,,,,,,,,,,,,,,,,,,,,,,,,,,,,,,,,,,,34866060,false,false,6,2021-04-01,2021-09-30,-1
2023-01-31,8005,2023-03-31,3,61786000000,-0.009,,,,,5224000000,-0.192,5187000000,-0.203,,3558000000,,101.91,,,,,,52243000000,31401000000,0.601,,31401000000,,,,,,,,,,,,true,false,9,2022-04-01,2022-12-31,0
2023-01-31,8005,2022-03-31,3,62359000000,,,,,,6462000000,,6510000000,,,4462000000,,127.98,,,,,,,,,,,,,,,,,,,,,,true,false,9,2021-04-01,2021-12-31,-1
2023-01-31,8005,2023-03-31,3,80000000000,-0.017,,,,,5500000000,-0.214,5500000000,-0.225,,3800000000,,108.83,,,,,,,,,,,,,,,,,,,,,,true,true,12,2022-04-01,2023-03-31,0
2023-01-31,8005,2022-03-31,3,,,,,,,,,,,,,,,,,,,,49711000000,30037000000,0.604,,30037000000,,,,,,,,,,,,true,false,12,2021-04-01,2022-03-31,-1
2023-01-31,8005,2022-03-31,3,,,,,,,,,,,,,,,,,,,,,,,,,,,,,64.50,,,,34873050,7381,,false,false,12,2021-04-01,2022-03-31,-1
2023-01-31,8005,2023-03-31,3,,,,,,,,,,,,,,,,,,,,,,,,,,,,,10.00,,,,,,,false,false,12,2022-04-01,2023-03-31,0
2023-01-31,8005,2023-03-31,3,,,,,,,,,,,,,,,,,,,,,,,,,,,,,44.00,,,,,,,false,true,12,2022-04-01,2023-03-31,0
2023-01-31,8005,2023-03-31,3,,,,,,,,,,,,,,,,,,,,,,,,,,,,,,,,,34981050,9065,34916492,false,false,9,2022-04-01,2022-12-31,0
2023-01-31,8005,2022-03-31,3,,,,,,,,,,,,,,,,,,,,,,,,,,,,,,,,,,,34865950,false,false,9,2021-04-01,2021-12-31,-1
2023-04-28,80050,2023-03-31,,81018000000,0.013,,,,,6121000000,0.113,6191000000,0.126,,4170000000,,119.39,,,,,,,,,,,,,,,,,,,,,,true,true,12,2022-04-01,2023-03-31,0
2023-04-28,80050,2022-03-31,,81391000000,,,,,,7000000000,,7096000000,,,5585000000,,160.20,,,,,,,,,,,,,,,,,,,,,,true,false,12,2021-04-01,2022-03-31,-1
2023-04-28,80050,2023-03-31,,,,,,,,,,,,,,,,,,,,,,,,,,,,,,48.00,,,,,,,false,true,12,2022-04-01,2023-03-31,0
2023-04-28,80050,2023-03-31,,,,,,,,,,,,,,,,,,,,,,,,,,,,,,10.00,,,,,,,false,false,12,2022-04-01,2023-03-31,0
2023-04-28,80050,2022-03-31,,,,,,,,,,,,,,,,,,,,,,,,,,,,,,64.50,,,,,,,false,false,12,2021-04-01,2022-03-31,-1
2023-05-09,8005,2023-03-31,,81018000000,-0.005,,,,,6121000000,-0.126,6191000000,-0.128,,4170000000,,119.39,,0.134,0.120,0.076,,53200000000,31997000000,0.601,914.94,31997000000,5853000000,-414000000,-2322000000,10267000000,,0.402,,,,,,true,false,12,2022-04-01,2023-03-31,0
2023-05-09,8005,2022-03-31,,81391000000,,,,,,7000000000,,7096000000,,,5585000000,,160.20,,0.197,0.142,0.086,,49711000000,30037000000,0.604,861.53,30037000000,3711000000,-1208000000,-3473000000,7142000000,,0.403,,,,,,true,false,12,2021-04-01,2022-03-31,-1
2023-05-09,8005,2024-03-31,,83000000000,0.024,,,,,6100000000,-0.004,6200000000,0.001,,4200000000,,120.10,,,,,,,,,,,,,,,,0.400,,,,,,true,true,12,2023-04-01,2024-03-31,1
2023-05-09,8005,2023-03-31,,40756000000,-0.044,,,,,5432000000,-0.155,5429000000,-0.161,3696000000,,-0.297,105.82,,,,,,43673000000,28545000000,0.654,816.25,28545000000,,,,,48.00,,,,34981050,9181,34930165,false,false,12,2022-04-01,2023-03-31,0
2023-05-09,8005,2022-03-31,,42643000000,,,,,,6425000000,,6471000000,,5259000000,,,150.84,,,,,,40924000000,27070000000,0.661,776.42,27070000000,,,,,64.50,,,,34873050,7381,34865884,false,false,12,2021-04-01,2022-03-31,-1
2023-05-09,8005,2024-03-31,,,,,,,,,,,,,,,,,,,,,,,,,,,,,,48.00,,,,,,,false,true,12,2023-04-01,2024-03-31,1
2023-07-28,8005,2024-03-31,1,20791000000,0.001,,,,,2057000000,0.019,2103000000,0.075,,1463000000,,41.85,,,,,,52232000000,32604000000,0.624,,32604000000,,,,,,,,,,,,true,false,3,2023-04-01,2023-06-30,0
2023-07-28,8005,2023-03-31,1,20768000000,-0.049,,,,,2019000000,-0.317,1955000000,-0.344,,1324000000,,37.98,,,,,,,,,,,,,,,,,,,,,,true,false,3,2022-04-01,2022-06-30,-1
2023-07-28,8005,2024-03-31,1,83000000000,0.024,,,,,6100000000,-0.004,6200000000,0.001,,4200000000,,119.79,,,,,,,,,,,,,,,,,,,,,,true,true,12,2023-04-01,2024-03-31,0
2023-07-28,8005,2023-03-31,1,,,,,,,,,,,,,,,,,,,,53200000000,31997000000,0.601,,31997000000,,,,,,,,,,,,true,false,12,2022-04-01,2023-03-31,-1
2023-07-28,8005,2023-03-31,1,,,,,,,,,,,,,,,,,,,,,,,,,,,,,48.00,,,,34981050,9181,,false,false,12,2022-04-01,2023-03-31,-1
2023-07-28,8005,2024-03-31,1,,,,,,,,,,,,,,,,,,,,,,,,,,,,,48.00,,,,,,,false,true,12,2023-04-01,2024-03-31,0
2023-07-28,8005,2024-03-31,1,,,,,,,,,,,,,,,,,,,,,,,,,,,,,,,,,35098550,9231,34973154,false,false,3,2023-04-01,2023-06-30,0
2023-07-28,8005,2023-03-31,1,,,,,,,,,,,,,,,,,,,,,,,,,,,,,,,,,,,34865766,false,false,3,2022-04-01,2022-06-30,-1
2023-10-27,8005,2024-03-31,2,40016000000,-0.023,,,,,3374000000,-0.035,3438000000,0.019,,2346000000,,67.15,,,,,,51286000000,33258000000,0.648,,33258000000,,,,,,,,,,,,true,false,6,2023-04-01,2023-09-30,0
2023-10-27,8005,2023-03-31,2,40965000000,-0.021,,,,,3496000000,-0.253,3373000000,-0.284,,2333000000,,66.88,,,,,,,,,,,,,,,,,,,,,,true,false,6,2022-04-01,2022-09-30,-1
2023-10-27,8005,2024-03-31,2,80000000000,-0.013,,,,,5300000000,-0.134,5400000000,-0.128,,3600000000,,103.40,,,,,,,,,,,,,,,,,,,,,,true,true,12,2023-04-01,2024-03-31,0
2023-10-27,8005,2023-03-31,2,,,,,,,,,,,,,,,,,,,,53200000000,31997000000,0.601,,31997000000,,,,,,,,,,,,true,false,12,2022-04-01,2023-03-31,-1
2023-10-27,8005,2023-03-31,2,,,,,,,,,,,,,,,,,,,,,,,,,,,,,48.00,,,,34981050,9181,,false,false,12,2022-04-01,2023-03-31,-1
2023-10-27,8005,2024-03-31,2,,,,,,,,,,,,,,,,,,,,,,,,,,,,,24.00,,,,,,,false,false,12,2023-04-01,2024-03-31,0
2023-10-27,8005,2024-03-31,2,,,,,,,,,,,,,,,,,,,,,,,,,,,,,42.00,,,,,,,false,true,12,2023-04-01,2024-03-31,0
2023-10-27,8005,2024-03-31,2,,,,,,,,,,,,,,,,,,,,,,,,,,,,,,,,,35098550,411298,34943441,false,false,6,2023-04-01,2023-09-30,0
2023-10-27,8005,2023-03-31,2,,,,,,,,,,,,,,,,,,,,,,,,,,,,,,,,,,,34888594,false,false,6,2022-04-01,2022-09-30,-1
2024-01-31,8005,2024-03-31,3,60800000000,-0.016,,,,,4934000000,-0.055,5094000000,-0.018,,3459000000,,99.24,,,,,,52713000000,33320000000,0.632,,33320000000,,,,,,,,,,,,true,false,9,2023-04-01,2023-12-31,0
2024-01-31,8005,2023-03-31,3,61786000000,-0.009,,,,,5224000000,-0.192,5187000000,-0.203,,3558000000,,101.91,,,,,,,,,,,,,,,,,,,,,,true,false,9,2022-04-01,2022-12-31,-1
2024-01-31,8005,2024-03-31,3,79500000000,-0.019,,,,,4800000000,-0.216,5000000000,-0.192,,3400000000,,97.66,,,,,,,,,,,,,,,,,,,,,,true,true,12,2023-04-01,2024-03-31,0
2024-01-31,8005,2023-03-31,3,,,,,,,,,,,,,,,,,,,,53200000000,31997000000,0.601,,31997000000,,,,,,,,,,,,true,false,12,2022-04-01,2023-03-31,-1
2024-01-31,8005,2023-03-31,3,,,,,,,,,,,,,,,,,,,,,,,,,,,,,48.00,,,,34981050,9181,,false,false,12,2022-04-01,2023-03-31,-1
2024-01-31,8005,2024-03-31,3,,,,,,,,,,,,,,,,,,,,,,,,,,,,,24.00,,,,,,,false,false,12,2023-04-01,2024-03-31,0
2024-01-31,8005,2024-03-31,3,,,,,,,,,,,,,,,,,,,,,,,,,,,,,42.00,,,,,,,false,true,12,2023-04-01,2024-03-31,0
2024-01-31,8005,2024-03-31,3,,,,,,,,,,,,,,,,,,,,,,,,,,,,,,,,,35098550,413853,34856944,false,false,9,2023-04-01,2023-12-31,0
2024-01-31,8005,2023-03-31,3,,,,,,,,,,,,,,,,,,,,,,,,,,,,,,,,,,,34916492,false,false,9,2022-04-01,2022-12-31,-1
2024-05-08,8005,2024-03-31,,79826000000,-0.015,,,,,5313000000,-0.132,5512000000,-0.110,,3649000000,,105.05,,0.112,0.104,0.067,,53258000000,33383000000,0.627,974.71,33383000000,3434000000,-332000000,-5969000000,7396000000,,0.400,,,,,,true,false,12,2023-04-01,2024-03-31,0
2024-05-08,8005,2023-03-31,,81018000000,-0.005,,,,,6121000000,-0.126,6191000000,-0.128,,4170000000,,119.39,,0.134,0.120,0.076,,53200000000,31997000000,0.601,914.94,31997000000,5853000000,-414000000,-2322000000,10267000000,,0.402,,,,,,true,false,12,2022-04-01,2023-03-31,-1
2024-05-08,8005,2025-03-31,,80000000000,0.002,,,,,6000000000,0.129,6200000000,0.125,,4200000000,,122.63,,,,,,,,,,,,,,,,0.391,,,,,,true,true,12,2024-04-01,2025-03-31,1
2024-05-08,8005,2024-03-31,,39904000000,-0.021,,,,,5340000000,-0.017,5381000000,-0.009,3715000000,,0.005,106.94,,,,,,41325000000,29996000000,0.726,875.80,29996000000,,,,,42.00,,,,35098550,848498,34744010,false,false,12,2023-04-01,2024-03-31,0
2024-05-08,8005,2023-03-31,,40756000000,-0.044,,,,,5432000000,-0.155,5429000000,-0.161,3696000000,,-0.297,105.82,,,,,,43673000000,28545000000,0.654,816.25,28545000000,,,,,48.00,,,,34981050,9181,34930165,false,false,12,2022-04-01,2023-03-31,-1
2024-05-08,8005,2025-03-31,,,,,,,,,,,,,,,,,,,,,,,,,,,,,,48.00,,,,,,,false,true,12,2024-04-01,2025-03-31,1
2024-07-31,8005,2025-03-31,1,21034000000,0.012,,,,,2270000000,0.104,2317000000,0.102,,1568000000,,45.79,,,,,,53502000000,34652000000,0.648,,34652000000,,,,,,,,,,,,true,false,3,2024-04-01,2024-06-30,0
2024-07-31,8005,2024-03-31,1,20791000000,0.001,,,,,2057000000,0.019,2103000000,0.075,,1463000000,,41.85,,,,,,,,,,,,,,,,,,,,,,true,false,3,2023-04-01,2023-06-30,-1
2024-07-31,8005,2025-03-31,1,80000000000,0.002,,,,,6000000000,0.129,6200000000,0.125,,4200000000,,122.32,,,,,,,,,,,,,,,,,,,,,,true,true,12,2024-04-01,2025-03-31,0
2024-07-31,8005,2024-03-31,1,,,,,,,,,,,,,,,,,,,,53258000000,33383000000,0.627,,33383000000,,,,,,,,,,,,true,false,12,2023-04-01,2024-03-31,-1
2024-07-31,8005,2024-03-31,1,,,,,,,,,,,,,,,,,,,,,,,,,,,,,42.00,,,,35098550,848498,,false,false,12,2023-04-01,2024-03-31,-1
2024-07-31,8005,2025-03-31,1,,,,,,,,,,,,,,,,,,,,,,,,,,,,,48.00,,,,,,,false,true,12,2024-04-01,2025-03-31,0
2024-07-31,8005,2025-03-31,1,,,,,,,,,,,,,,,,,,,,,,,,,,,,,,,,,35098550,735499,34253777,false,false,3,2024-04-01,2024-06-30,0
2024-07-31,8005,2024-03-31,1,,,,,,,,,,,,,,,,,,,,,,,,,,,,,,,,,,,34973154,false,false,3,2023-04-01,2023-06-30,-1
2024-10-31,8005,2025-03-31,2,40914000000,0.022,,,,,3841000000,0.138,4075000000,0.185,,2764000000,,80.54,,,,,,52693000000,35342000000,0.671,,35342000000,,,,,,,,,,,,true,false,6,2024-04-01,2024-09-30,0
2024-10-31,8005,2024-03-31,2,40016000000,-0.023,,,,,3374000000,-0.035,3438000000,0.019,,2346000000,,67.15,,,,,,,,,,,,,,,,,,,,,,true,false,6,2023-04-01,2023-09-30,-1
2024-10-31,8005,2025-03-31,2,80000000000,0.002,,,,,6000000000,0.129,6200000000,0.125,,4200000000,,122.19,,,,,,,,,,,,,,,,,,,,,,true,true,12,2024-04-01,2025-03-31,0
2024-10-31,8005,2024-03-31,2,,,,,,,,,,,,,,,,,,,,53258000000,33383000000,0.627,,33383000000,,,,,,,,,,,,true,false,12,2023-04-01,2024-03-31,-1
2024-10-31,8005,2024-03-31,2,,,,,,,,,,,,,,,,,,,,,,,,,,,,,42.00,,,,35098550,848498,,false,false,12,2023-04-01,2024-03-31,-1
2024-10-31,8005,2025-03-31,2,,,,,,,,,,,,,,,,,,,,,,,,,,,,,24.00,,,,,,,false,false,12,2024-04-01,2025-03-31,0
2024-10-31,8005,2025-03-31,2,,,,,,,,,,,,,,,,,,,,,,,,,,,,,48.00,,,,,,,false,true,12,2024-04-01,2025-03-31,0
2024-10-31,8005,2025-03-31,2,,,,,,,,,,,,,,,,,,,,,,,,,,,,,,,,,35098550,680276,34327740,false,false,6,2024-04-01,2024-09-30,0
2024-10-31,8005,2024-03-31,2,,,,,,,,,,,,,,,,,,,,,,,,,,,,,,,,,,,34943441,false,false,6,2023-04-01,2023-09-30,-1
2025-01-31,8005,2025-03-31,3,62842000000,0.034,,,,,5442000000,0.103,5734000000,0.126,,3885000000,,113.09,,,,,,55173000000,35941000000,0.651,,35941000000,,,,,,,,,,,,true,false,9,2024-04-01,2024-12-31,0
2025-01-31,8005,2024-03-31,3,60800000000,-0.016,,,,,4934000000,-0.055,5094000000,-0.018,,3459000000,,99.24,,,,,,,,,,,,,,,,,,,,,,true,false,9,2023-04-01,2023-12-31,-1
2025-01-31,8005,2025-03-31,3,84000000000,0.052,,,,,6200000000,0.167,6500000000,0.179,,4400000000,,128.01,,,,,,,,,,,,,,,,,,,,,,true,true,12,2024-04-01,2025-03-31,0
2025-01-31,8005,2024-03-31,3,,,,,,,,,,,,,,,,,,,,53258000000,33383000000,0.627,,33383000000,,,,,,,,,,,,true,false,12,2023-04-01,2024-03-31,-1
2025-01-31,8005,2024-03-31,3,,,,,,,,,,,,,,,,,,,,,,,,,,,,,42.00,,,,35098550,848498,,false,false,12,2023-04-01,2024-03-31,-1
2025-01-31,8005,2025-03-31,3,,,,,,,,,,,,,,,,,,,,,,,,,,,,,24.00,,,,,,,false,false,12,2024-04-01,2025-03-31,0
2025-01-31,8005,2025-03-31,3,,,,,,,,,,,,,,,,,,,,,,,,,,,,,51.50,,,,,,,false,true,12,2024-04-01,2025-03-31,0
2025-01-31,8005,2025-03-31,3,,,,,,,,,,,,,,,,,,,,,,,,,,,,,,,,,35098550,682376,34357505,false,false,9,2024-04-01,2024-12-31,0
2025-01-31,8005,2024-03-31,3,,,,,,,,,,,,,,,,,,,,,,,,,,,,,,,,,,,34856944,false,false,9,2023-04-01,2023-12-31,-1
2025-05-07,8005,2025-03-31,,84030000000,0.053,,,,,6052000000,0.139,6424000000,0.166,,4267000000,,124.15,,0.122,0.118,0.072,,56032000000,36470000000,0.651,1059.78,36470000000,6124000000,-3298000000,-4632000000,5625000000,,0.415,,,,,,true,false,12,2024-04-01,2025-03-31,0
2025-05-07,8005,2024-03-31,,79826000000,-0.015,,,,,5313000000,-0.132,5512000000,-0.110,,3649000000,,105.05,,0.112,0.104,0.067,,53258000000,33383000000,0.627,974.71,33383000000,3434000000,-332000000,-5969000000,7396000000,,0.400,,,,,,true,false,12,2023-04-01,2024-03-31,-1
2025-05-07,8005,2026-03-31,,85000000000,0.012,,,,,5800000000,-0.042,6000000000,-0.066,,4000000000,,116.23,,,,,,,,,,,,,,,,0.508,,,,,,true,true,12,2025-04-01,2026-03-31,1
2025-05-07,8005,2025-03-31,,39587000000,-0.008,,,,,5077000000,-0.049,5296000000,-0.016,3574000000,,-0.038,104.00,,,,,,40725000000,32371000000,0.795,940.66,32371000000,,,,,51.50,,,,34415000,1261,34371629,false,false,12,2024-04-01,2025-03-31,0
2025-05-07,8005,2024-03-31,,39904000000,-0.021,,,,,5340000000,-0.017,5381000000,-0.009,3715000000,,0.005,106.94,,,,,,41325000000,29996000000,0.726,875.80,29996000000,,,,,42.00,,,,35098550,848498,34744010,false,false,12,2023-04-01,2024-03-31,-1
2025-05-07,8005,2026-03-31,,,,,,,,,,,,,,,,,,,,,,,,,,,,,,59.00,,,,,,,false,true,12,2025-04-01,2026-03-31,1
