filing_date,code,fiscal_year_end,quarterly_period,net_sales,net_sales_change,revenue,revenue_change,operating_revenue,operating_revenue_change,operating_profit,operating_profit_change,ordinary_profit,ordinary_profit_change,net_income,net_income_of_parent,net_income_change,eps,diluted_eps,roe,roa,operating_profit_to_net_sales,operating_profit_to_revenue,total_assets,net_assets,equity_ratio,bps,owner_equity,operating_cash_flow,investing_cash_flow,financing_cash_flow,cash,dividend_per_share,payout_ratio,commemorative_dividend,extra_dividend,number_of_shares,number_of_treqsury_shares,avg_number_of_shares,is_consolidated,is_forecast,duration,period_start,period_end,period_pos
2015-05-22,80110,2015-12-31,,55500000000,0.093,,,,,6000000000,1.000,6100000000,0.968,3600000000,,1.000,28.64,,,,,,,,,,,,,,,,,,,,,,true,true,6,2015-01-01,2015-06-30,0
2015-05-22,80110,2014-12-31,,53270000000,,,,,,4515000000,,4570000000,,3173000000,,,25.24,,,,,,,,,,,,,,,,,,,,,,true,false,6,2014-01-01,2014-06-30,-1
2015-07-31,80110,2015-12-31,2,55333000000,0.039,,,,,7754000000,0.717,7983000000,0.747,5077000000,,0.600,40.39,,,,,,109353000000,70211000000,0.642,,70211000000,,,,,,,,,,,,true,false,6,2015-01-01,2015-06-30,0
2015-07-31,80110,2014-12-31,2,53270000000,0.048,,,,,4515000000,0.589,4570000000,0.472,3173000000,,,25.24,,,,,,,,,,,,,,,,,,,,,,true,false,6,2014-01-01,2014-06-30,-1
2015-07-31,80110,2015-12-31,2,100000000000,-0.099,,,,,6500000000,-0.364,6800000000,-0.343,2400000000,,-0.620,19.09,,,,,,,,,,,,,,,,,,,,,,true,true,12,2015-01-01,2015-12-31,0
2015-07-31,80110,2014-12-31,2,,,,,,,,,,,,,,,,,,,,103163000000,61683000000,0.598,,61683000000,,,,,,,,,,,,true,false,12,2014-01-01,2014-12-31,-1
2015-07-31,80110,2014-12-31,2,,,,,,,,,,,,,,,,,,,,,,,,,,,,,8.00,,,,126229345,513150,,false,false,12,2014-01-01,2014-12-31,-1
2015-07-31,80110,2015-12-31,2,,,,,,,,,,,,,,,,,,,,,,,,,,,,,0.00,,,,,,,false,false,12,2015-01-01,2015-12-31,0
2015-07-31,80110,2015-12-31,2,,,,,,,,,,,,,,,,,,,,,,,,,,,,,8.00,,,,,,,false,true,12,2015-01-01,2015-12-31,0
2015-07-31,80110,2015-12-31,2,,,,,,,,,,,,,,,,,,,,,,,,,,,,,,,,,126229345,521722,125711923,false,false,6,2015-01-01,2015-06-30,0
2015-07-31,80110,2014-12-31,2,,,,,,,,,,,,,,,,,,,,,,,,,,,,,,,,,,,125725249,false,false,6,2014-01-01,2014-06-30,-1
2015-10-30,80110,2015-12-31,3,73614000000,-0.029,,,,,6841000000,0.266,7111000000,0.310,3074000000,,-0.159,24.45,,,,,,103801000000,65626000000,0.632,,65626000000,,,,,,,,,,,,true,false,9,2015-01-01,2015-09-30,0
2015-10-30,80110,2014-12-31,3,75794000000,0.058,,,,,5405000000,0.696,5430000000,0.560,3655000000,,,29.08,,,,,,,,,,,,,,,,,,,,,,true,false,9,2014-01-01,2014-09-30,-1
2015-10-30,80110,2015-12-31,3,100000000000,-0.099,,,,,6500000000,-0.364,6800000000,-0.343,2400000000,,-0.620,19.09,,,,,,,,,,,,,,,,,,,,,,true,true,12,2015-01-01,2015-12-31,0
2015-10-30,80110,2014-12-31,3,,,,,,,,,,,,,,,,,,,,103163000000,61683000000,0.598,,61683000000,,,,,,,,,,,,true,false,12,2014-01-01,2014-12-31,-1
2015-10-30,80110,2014-12-31,3,,,,,,,,,,,,,,,,,,,,,,,,,,,,,8.00,,,,126229345,513150,,false,false,12,2014-01-01,2014-12-31,-1
2015-10-30,80110,2015-12-31,3,,,,,,,,,,,,,,,,,,,,,,,,,,,,,0.00,,,,,,,false,false,12,2015-01-01,2015-12-31,0
2015-10-30,80110,2015-12-31,3,,,,,,,,,,,,,,,,,,,,,,,,,,,,,8.00,,,,,,,false,true,12,2015-01-01,2015-12-31,0
2015-10-30,80110,2015-12-31,3,,,,,,,,,,,,,,,,,,,,,,,,,,,,,,,,,126229345,524548,125709947,false,false,9,2015-01-01,2015-09-30,0
2015-10-30,80110,2014-12-31,3,,,,,,,,,,,,,,,,,,,,,,,,,,,,,,,,,,,125723741,false,false,9,2014-01-01,2014-09-30,-1
2016-02-12,80110,2015-12-31,,97415000000,-0.122,,,,,6577000000,-0.356,7036000000,-0.320,2595000000,,-0.589,20.64,,0.041,0.069,0.068,,99697000000,65147000000,0.653,518.27,65147000000,3237000000,-306000000,-3787000000,26580000000,,0.388,,,,,,true,false,12,2015-01-01,2015-12-31,0
2016-02-12,80110,2014-12-31,,110996000000,0.044,,,,,10213000000,0.448,10348000000,0.380,6318000000,,0.732,50.26,,0.108,0.103,0.092,,103163000000,61683000000,0.598,490.66,61683000000,9903000000,-276000000,-2029000000,27437000000,,0.159,,,,,,true,false,12,2014-01-01,2014-12-31,-1
2016-02-12,80110,2016-12-31,,37000000000,-0.331,,,,,-2200000000,,-2100000000,,,0,,0.00,,,,,,,,,,,,,,,,,,,,,,true,true,6,2016-01-01,2016-06-30,1
2016-02-12,80110,2016-12-31,,77000000000,-0.210,,,,,-2000000000,,-1700000000,,,300000000,,2.39,,,,,,,,,,,,,,,,3.352,,,,,,true,true,12,2016-01-01,2016-12-31,1
2016-02-12,80110,2015-12-31,,96371000000,-0.119,,,,,6818000000,-0.366,7221000000,-0.305,2688000000,,-0.578,21.39,,,,,,98020000000,63889000000,0.652,508.26,63889000000,,,,,8.00,,,,126229345,527255,125708285,false,false,12,2015-01-01,2015-12-31,0
2016-02-12,80110,2014-12-31,,109404000000,0.047,,,,,10750000000,0.374,10387000000,0.309,6375000000,,0.709,50.71,,,,,,101242000000,60371000000,0.596,480.22,60371000000,,,,,8.00,,,,126229345,513150,125722775,false,false,12,2014-01-01,2014-12-31,-1
2016-02-12,80110,2016-12-31,,,,,,,,,,,,,,,,,,,,,,,,,,,,,,8.00,,,,,,,false,true,12,2016-01-01,2016-12-31,1
2016-04-28,80110,2016-12-31,1,19032000000,-0.364,,,,,-518000000,,-567000000,,,1044000000,,8.31,,,,,,94047000000,61637000000,0.655,,61637000000,,,,,,,,,,,,true,false,3,2016-01-01,2016-03-31,0
2016-04-28,80110,2015-12-31,1,29946000000,0.023,,,,,4975000000,0.277,4940000000,0.331,,3122000000,,24.84,,,,,,,,,,,,,,,,,,,,,,true,false,3,2015-01-01,2015-03-31,-1
2016-04-28,80110,2016-12-31,1,37000000000,-0.331,,,,,-2200000000,,-2100000000,,,0,,0.00,,,,,,,,,,,,,,,,,,,,,,true,true,6,2016-01-01,2016-06-30,0
2016-04-28,80110,2016-12-31,1,77000000000,-0.210,,,,,-2000000000,,-1700000000,,,300000000,,2.39,,,,,,,,,,,,,,,,,,,,,,true,true,12,2016-01-01,2016-12-31,0
2016-04-28,80110,2015-12-31,1,,,,,,,,,,,,,,,,,,,,99697000000,65147000000,0.653,,65147000000,,,,,,,,,,,,true,false,12,2015-01-01,2015-12-31,-1
2016-04-28,80110,2015-12-31,1,,,,,,,,,,,,,,,,,,,,,,,,,,,,,8.00,,,,126229345,527255,,false,false,12,2015-01-01,2015-12-31,-1
2016-04-28,80110,2016-12-31,1,,,,,,,,,,,,,,,,,,,,,,,,,,,,,8.00,,,,,,,false,true,12,2016-01-01,2016-12-31,0
2016-04-28,80110,2016-12-31,1,,,,,,,,,,,,,,,,,,,,,,,,,,,,,,,,,126229345,527605,125702003,false,false,3,2016-01-01,2016-03-31,0
2016-04-28,80110,2015-12-31,1,,,,,,,,,,,,,,,,,,,,,,,,,,,,,,,,,,,125714153,false,false,3,2015-01-01,2015-03-31,-1
2016-06-24,80110,2016-12-31,,33500000000,-0.095,,,,,-5500000000,,-5400000000,,,-1500000000,,0.00,,,,,,,,,,,,,,,,,,,,,,true,true,6,2016-01-01,2016-06-30,0
2016-06-24,80110,2015-12-31,,55333000000,,,,,,7754000000,,7983000000,,,5077000000,,40.39,,,,,,,,,,,,,,,,,,,,,,true,false,6,2015-01-01,2015-06-30,-1
2016-07-29,80110,2016-12-31,2,34140000000,-0.383,,,,,-5812000000,,-5763000000,,,-5488000000,,-43.67,,,,,,81647000000,52314000000,0.641,,52314000000,,,,,,,,,,,,true,false,6,2016-01-01,2016-06-30,0
2016-07-29,80110,2015-12-31,2,55333000000,0.039,,,,,7754000000,0.717,7983000000,0.747,,5077000000,,40.39,,,,,,,,,,,,,,,,,,,,,,true,false,6,2015-01-01,2015-06-30,-1
2016-07-29,80110,2016-12-31,2,70000000000,-0.281,,,,,-6800000000,,-6600000000,,,-9500000000,,-75.58,,,,,,,,,,,,,,,,,,,,,,true,true,12,2016-01-01,2016-12-31,0
2016-07-29,80110,2015-12-31,2,,,,,,,,,,,,,,,,,,,,99697000000,65147000000,0.653,,65147000000,,,,,,,,,,,,true,false,12,2015-01-01,2015-12-31,-1
2016-07-29,80110,2015-12-31,2,,,,,,,,,,,,,,,,,,,,,,,,,,,,,8.00,,,,126229345,527255,,false,false,12,2015-01-01,2015-12-31,-1
2016-07-29,80110,2016-12-31,2,,,,,,,,,,,,,,,,,,,,,,,,,,,,,0.00,,,,,,,false,false,12,2016-01-01,2016-12-31,0
2016-07-29,80110,2016-12-31,2,,,,,,,,,,,,,,,,,,,,,,,,,,,,,4.00,,,,,,,false,true,12,2016-01-01,2016-12-31,0
2016-07-29,80110,2016-12-31,2,,,,,,,,,,,,,,,,,,,,,,,,,,,,,,,,,126229345,531930,125700177,false,false,6,2016-01-01,2016-06-30,0
2016-07-29,80110,2015-12-31,2,,,,,,,,,,,,,,,,,,,,,,,,,,,,,,,,,,,125711923,false,false,6,2015-01-01,2015-06-30,-1
,80110,2016-12-31,,,,,,,,,,,,,,,,,,,,,,,,,,,,,,4.00,,,,,,,false,true,12,2016-01-01,2016-12-31,0
,80110,2016-12-31,,,,,,,,,,,,,,,,,,,,,,,,,,,,,,0.00,,,,,,,false,false,12,2016-01-01,2016-12-31,0
,80110,2015-12-31,,,,,,,,,,,,,,,,,,,,,,,,,,,,,,8.00,,,,,,,false,false,12,2015-01-01,2015-12-31,-1
2016-10-28,80110,2016-12-31,3,47875000000,-0.350,,,,,-8304000000,,-8274000000,,,-8175000000,,-65.04,,,,,,80375000000,50646000000,0.630,,50646000000,,,,,,,,,,,,true,false,9,2016-01-01,2016-09-30,0
2016-10-28,80110,2015-12-31,3,73614000000,-0.029,,,,,6841000000,0.266,7111000000,0.310,,3074000000,,24.45,,,,,,,,,,,,,,,,,,,,,,true,false,9,2015-01-01,2015-09-30,-1
2016-10-28,80110,2016-12-31,3,70000000000,-0.281,,,,,-6800000000,,-6600000000,,,-9500000000,,-75.58,,,,,,,,,,,,,,,,,,,,,,true,true,12,2016-01-01,2016-12-31,0
2016-10-28,80110,2015-12-31,3,,,,,,,,,,,,,,,,,,,,99697000000,65147000000,0.653,,65147000000,,,,,,,,,,,,true,false,12,2015-01-01,2015-12-31,-1
2016-10-28,80110,2015-12-31,3,,,,,,,,,,,,,,,,,,,,,,,,,,,,,8.00,,,,126229345,527255,,false,false,12,2015-01-01,2015-12-31,-1
2016-10-28,80110,2016-12-31,3,,,,,,,,,,,,,,,,,,,,,,,,,,,,,0.00,,,,,,,false,false,12,2016-01-01,2016-12-31,0
2016-10-28,80110,2016-12-31,3,,,,,,,,,,,,,,,,,,,,,,,,,,,,,4.00,,,,,,,false,true,12,2016-01-01,2016-12-31,0
2016-10-28,80110,2016-12-31,3,,,,,,,,,,,,,,,,,,,,,,,,,,,,,,,,,126229345,533108,125699202,false,false,9,2016-01-01,2016-09-30,0
2016-10-28,80110,2015-12-31,3,,,,,,,,,,,,,,,,,,,,,,,,,,,,,,,,,,,125709947,false,false,9,2015-01-01,2015-09-30,-1
2017-02-14,80110,2016-12-31,,67611000000,-0.306,,,,,-8430000000,,-8196000000,,,-11366000000,,-90.43,,-0.198,-0.091,-0.125,,80764000000,49551000000,0.614,394.22,49551000000,-9730000000,3031000000,-1505000000,18415000000,,,,,,,,true,false,12,2016-01-01,2016-12-31,0
2017-02-14,80110,2015-12-31,,97415000000,-0.122,,,,,6577000000,-0.356,7036000000,-0.320,,2595000000,,20.64,,0.041,0.069,0.068,,99697000000,65147000000,0.653,518.27,65147000000,3237000000,-306000000,-3787000000,26580000000,,0.388,,,,,,true,false,12,2015-01-01,2015-12-31,-1
2017-02-14,80110,2017-12-31,,32000000000,-0.063,,,,,-2500000000,,-2400000000,,,-600000000,,-4.77,,,,,,,,,,,,,,,,,,,,,,true,true,6,2017-01-01,2017-06-30,1
2017-02-14,80110,2017-12-31,,63000000000,-0.068,,,,,-3000000000,,-2800000000,,,-1400000000,,-11.14,,,,,,,,,,,,,,,,,,,,,,true,true,12,2017-01-01,2017-12-31,1
2017-02-14,80110,2016-12-31,,66829000000,-0.307,,,,,-8340000000,,-8087000000,,-10448000000,,,-83.12,,,,,,80029000000,49273000000,0.616,392.01,49273000000,,,,,4.00,,,,126229345,535017,125698330,false,false,12,2016-01-01,2016-12-31,0
2017-02-14,80110,2015-12-31,,96371000000,-0.119,,,,,6818000000,-0.366,7221000000,-0.305,2688000000,,-0.578,21.39,,,,,,98020000000,63889000000,0.652,508.26,63889000000,,,,,8.00,,,,126229345,527255,125708285,false,false,12,2015-01-01,2015-12-31,-1
2017-02-14,80110,2017-12-31,,,,,,,,,,,,,,,,,,,,,,,,,,,,,,4.00,,,,,,,false,true,12,2017-01-01,2017-12-31,1
2017-04-28,80110,2017-12-31,1,17526000000,-0.079,,,,,-251000000,,-309000000,,,1107000000,,8.81,,,,,,76222000000,48490000000,0.636,,48490000000,,,,,,,,,,,,true,false,3,2017-01-01,2017-03-31,0
2017-04-28,80110,2016-12-31,1,19032000000,-0.364,,,,,-518000000,,-567000000,,,1044000000,,8.31,,,,,,,,,,,,,,,,,,,,,,true,false,3,2016-01-01,2016-03-31,-1
2017-04-28,80110,2017-12-31,1,32000000000,-0.063,,,,,-2500000000,,-2400000000,,,-600000000,,-4.77,,,,,,,,,,,,,,,,,,,,,,true,true,6,2017-01-01,2017-06-30,0
2017-04-28,80110,2017-12-31,1,63000000000,-0.068,,,,,-3000000000,,-2800000000,,,-1400000000,,-111.38,,,,,,,,,,,,,,,,,,,,,,true,true,12,2017-01-01,2017-12-31,0
2017-04-28,80110,2016-12-31,1,,,,,,,,,,,,,,,,,,,,80764000000,49551000000,0.614,,49551000000,,,,,,,,,,,,true,false,12,2016-01-01,2016-12-31,-1
2017-04-28,80110,2016-12-31,1,,,,,,,,,,,,,,,,,,,,,,,,,,,,,4.00,,,,126229345,535017,,false,false,12,2016-01-01,2016-12-31,-1
2017-04-28,80110,2017-12-31,1,,,,,,,,,,,,,,,,,,,,,,,,,,,,,40.00,,,,,,,false,true,12,2017-01-01,2017-12-31,0
2017-04-28,80110,2017-12-31,1,,,,,,,,,,,,,,,,,,,,,,,,,,,,,,,,,126229345,536625,125693659,false,false,3,2017-01-01,2017-03-31,0
2017-04-28,80110,2016-12-31,1,,,,,,,,,,,,,,,,,,,,,,,,,,,,,,,,,,,125702003,false,false,3,2016-01-01,2016-03-31,-1
,80110,2017-12-31,,,,,,,,,,,,,,,,,,,,,,,,,,,,,,40.00,,,,,,,false,true,12,2017-01-01,2017-12-31,0
,80110,2016-12-31,,,,,,,,,,,,,,,,,,,,,,,,,,,,,,4.00,,,,,,,false,false,12,2016-01-01,2016-12-31,-1
2017-07-28,80110,2017-12-31,2,31891000000,-0.066,,,,,-1626000000,,-1709000000,,,-211000000,,-16.81,,,,,,73451000000,47272000000,0.644,,47272000000,,,,,,,,,,,,true,false,6,2017-01-01,2017-06-30,0
2017-07-28,80110,2016-12-31,2,34140000000,-0.383,,,,,-5812000000,,-5763000000,,,-5488000000,,-436.67,,,,,,,,,,,,,,,,,,,,,,true,false,6,2016-01-01,2016-06-30,-1
2017-07-28,80110,2017-12-31,2,62500000000,-0.076,,,,,-2500000000,,-2500000000,,,-1300000000,,-103.43,,,,,,,,,,,,,,,,,,,,,,true,true,12,2017-01-01,2017-12-31,0
2017-07-28,80110,2016-12-31,2,,,,,,,,,,,,,,,,,,,,80764000000,49551000000,0.614,,49551000000,,,,,,,,,,,,true,false,12,2016-01-01,2016-12-31,-1
2017-07-28,80110,2016-12-31,2,,,,,,,,,,,,,,,,,,,,,,,,,,,,,4.00,,,,12622934,53501,,false,false,12,2016-01-01,2016-12-31,-1
2017-07-28,80110,2017-12-31,2,,,,,,,,,,,,,,,,,,,,,,,,,,,,,0.00,,,,,,,false,false,12,2017-01-01,2017-12-31,0
2017-07-28,80110,2017-12-31,2,,,,,,,,,,,,,,,,,,,,,,,,,,,,,40.00,,,,,,,false,true,12,2017-01-01,2017-12-31,0
2017-07-28,80110,2017-12-31,2,,,,,,,,,,,,,,,,,,,,,,,,,,,,,,,,,12622934,53803,12569297,false,false,6,2017-01-01,2017-06-30,0
2017-07-28,80110,2016-12-31,2,,,,,,,,,,,,,,,,,,,,,,,,,,,,,,,,,,,12570018,false,false,6,2016-01-01,2016-06-30,-1
2017-10-27,80110,2017-12-31,3,44272000000,-0.075,,,,,-2814000000,,-2933000000,,,-1457000000,,-115.99,,,,,,74589000000,46455000000,0.623,,46455000000,,,,,,,,,,,,true,false,9,2017-01-01,2017-09-30,0
2017-10-27,80110,2016-12-31,3,47875000000,-0.350,,,,,-8304000000,,-8274000000,,,-8175000000,,-650.43,,,,,,,,,,,,,,,,,,,,,,true,false,9,2016-01-01,2016-09-30,-1
2017-10-27,80110,2017-12-31,3,62500000000,-0.076,,,,,-2500000000,,-2500000000,,,-1300000000,,-103.43,,,,,,,,,,,,,,,,,,,,,,true,true,12,2017-01-01,2017-12-31,0
2017-10-27,80110,2016-12-31,3,,,,,,,,,,,,,,,,,,,,80764000000,49551000000,0.614,,49551000000,,,,,,,,,,,,true,false,12,2016-01-01,2016-12-31,-1
2017-10-27,80110,2016-12-31,3,,,,,,,,,,,,,,,,,,,,,,,,,,,,,4.00,,,,12622934,53501,,false,false,12,2016-01-01,2016-12-31,-1
2017-10-27,80110,2017-12-31,3,,,,,,,,,,,,,,,,,,,,,,,,,,,,,0.00,,,,,,,false,false,12,2017-01-01,2017-12-31,0
2017-10-27,80110,2017-12-31,3,,,,,,,,,,,,,,,,,,,,,,,,,,,,,40.00,,,,,,,false,true,12,2017-01-01,2017-12-31,0
2017-10-27,80110,2017-12-31,3,,,,,,,,,,,,,,,,,,,,,,,,,,,,,,,,,12622934,54885,12568943,false,false,9,2017-01-01,2017-09-30,0
2017-10-27,80110,2016-12-31,3,,,,,,,,,,,,,,,,,,,,,,,,,,,,,,,,,,,12569920,false,false,9,2016-01-01,2016-09-30,-1
2018-02-14,80110,2017-12-31,,62549000000,-0.075,,,,,-1907000000,,-1941000000,,,-1025000000,,-81.62,,-0.021,-0.025,-0.031,,75549000000,48835000000,0.646,3885.75,48835000000,22000000,1911000000,-1159000000,19194000000,,,,,,,,true,false,12,2017-01-01,2017-12-31,0
2018-02-14,80110,2016-12-31,,67611000000,-0.306,,,,,-8430000000,,-8196000000,,,-11366000000,,-904.28,,-0.198,-0.091,-0.125,,80764000000,49551000000,0.614,3942.24,49551000000,-9730000000,3031000000,-1505000000,18415000000,,,,,,,,true,false,12,2016-01-01,2016-12-31,-1
2018-02-14,80110,2018-12-31,,30500000000,-0.044,,,,,-800000000,,-800000000,,,2000000000,,159.14,,,,,,,,,,,,,,,,,,,,,,true,true,6,2018-01-01,2018-06-30,1
2018-02-14,80110,2018-12-31,,63000000000,0.007,,,,,50000000,,100000000,,,2500000000,,198.92,,,,,,,,,,,,,,,,0.201,,,,,,true,true,12,2018-01-01,2018-12-31,1
2018-02-14,80110,2017-12-31,,61320000000,-0.082,,,,,-1848000000,,-1822000000,,-940000000,,,-74.80,,,,,,74851000000,48019000000,0.642,3820.85,48019000000,,,,,40.00,,,,12622934,55057,12568709,false,false,12,2017-01-01,2017-12-31,0
2018-02-14,80110,2016-12-31,,66829000000,-0.307,,,,,-8340000000,,-8087000000,,-10448000000,,,-831.25,,,,,,80029000000,49273000000,0.616,3920.09,49273000000,,,,,4.00,,,,12622934,53501,12569833,false,false,12,2016-01-01,2016-12-31,-1
2018-02-14,80110,2018-12-31,,,,,,,,,,,,,,,,,,,,,,,,,,,,,,40.00,,,,,,,false,true,12,2018-01-01,2018-12-31,1
2018-04-27,80110,2018-12-31,1,15655000000,-0.107,,,,,-35000000,,-120000000,,,1623000000,,129.17,,,,,,74912000000,48939000000,0.653,,48939000000,,,,,,,,,,,,true,false,3,2018-01-01,2018-03-31,0
2018-04-27,80110,2017-12-31,1,17526000000,-0.079,,,,,-251000000,,-309000000,,,1107000000,,88.11,,,,,,,,,,,,,,,,,,,,,,true,false,3,2017-01-01,2017-03-31,-1
2018-04-27,80110,2018-12-31,1,30500000000,-0.044,,,,,-800000000,,-800000000,,,2000000000,,159.14,,,,,,,,,,,,,,,,,,,,,,true,true,6,2018-01-01,2018-06-30,0
2018-04-27,80110,2018-12-31,1,63000000000,0.007,,,,,50000000,,100000000,,,2500000000,,198.92,,,,,,,,,,,,,,,,,,,,,,true,true,12,2018-01-01,2018-12-31,0
2018-04-27,80110,2017-12-31,1,,,,,,,,,,,,,,,,,,,,75549000000,48835000000,0.646,,48835000000,,,,,,,,,,,,true,false,12,2017-01-01,2017-12-31,-1
2018-04-27,80110,2017-12-31,1,,,,,,,,,,,,,,,,,,,,,,,,,,,,,40.00,,,,12622934,55057,,false,false,12,2017-01-01,2017-12-31,-1
2018-04-27,80110,2018-12-31,1,,,,,,,,,,,,,,,,,,,,,,,,,,,,,40.00,,,,,,,false,true,12,2018-01-01,2018-12-31,0
2018-04-27,80110,2018-12-31,1,,,,,,,,,,,,,,,,,,,,,,,,,,,,,,,,,12622934,55425,12567718,false,false,3,2018-01-01,2018-03-31,0
2018-04-27,80110,2017-12-31,1,,,,,,,,,,,,,,,,,,,,,,,,,,,,,,,,,,,12569366,false,false,3,2017-01-01,2017-03-31,-1
2018-07-27,80110,2018-12-31,2,29266000000,-0.082,,,,,-807000000,,-738000000,,,3006000000,,239.19,,,,,,78022000000,50948000000,0.652,,50852000000,,,,,,,,,,,,true,false,6,2018-01-01,2018-06-30,0
2018-07-27,80110,2017-12-31,2,31891000000,-0.066,,,,,-1626000000,,-1709000000,,,-211000000,,-16.81,,,,,,,,,,,,,,,,,,,,,,true,false,6,2017-01-01,2017-06-30,-1
2018-07-27,80110,2018-12-31,2,60500000000,-0.033,,,,,-1600000000,,-1500000000,,,2100000000,,167.10,,,,,,,,,,,,,,,,,,,,,,true,true,12,2018-01-01,2018-12-31,0
2018-07-27,80110,2017-12-31,2,,,,,,,,,,,,,,,,,,,,75549000000,48835000000,0.646,,48835000000,,,,,,,,,,,,true,false,12,2017-01-01,2017-12-31,-1
2018-07-27,80110,2017-12-31,2,,,,,,,,,,,,,,,,,,,,,,,,,,,,,40.00,,,,12622934,55057,,false,false,12,2017-01-01,2017-12-31,-1
2018-07-27,80110,2018-12-31,2,,,,,,,,,,,,,,,,,,,,,,,,,,,,,0.00,,,,,,,false,false,12,2018-01-01,2018-12-31,0
2018-07-27,80110,2018-12-31,2,,,,,,,,,,,,,,,,,,,,,,,,,,,,,40.00,,,,,,,false,true,12,2018-01-01,2018-12-31,0
2018-07-27,80110,2018-12-31,2,,,,,,,,,,,,,,,,,,,,,,,,,,,,,,,,,12622934,55807,12567500,false,false,6,2018-01-01,2018-06-30,0
2018-07-27,80110,2017-12-31,2,,,,,,,,,,,,,,,,,,,,,,,,,,,,,,,,,,,12569297,false,false,6,2017-01-01,2017-06-30,-1
2018-10-30,80110,2018-12-31,3,41389000000,-0.065,,,,,-2259000000,,-2209000000,,,1560000000,,124.16,,,,,,76690000000,50000000000,0.651,,49898000000,,,,,,,,,,,,true,false,9,2018-01-01,2018-09-30,0
2018-10-30,80110,2017-12-31,3,44272000000,-0.075,,,,,-2814000000,,-2933000000,,,-1457000000,,-115.99,,,,,,,,,,,,,,,,,,,,,,true,false,9,2017-01-01,2017-09-30,-1
2018-10-30,80110,2018-12-31,3,60500000000,-0.033,,,,,-1600000000,,-1500000000,,,2100000000,,167.10,,,,,,,,,,,,,,,,,,,,,,true,true,12,2018-01-01,2018-12-31,0
2018-10-30,80110,2017-12-31,3,,,,,,,,,,,,,,,,,,,,75549000000,48835000000,0.646,,48835000000,,,,,,,,,,,,true,false,12,2017-01-01,2017-12-31,-1
2018-10-30,80110,2017-12-31,3,,,,,,,,,,,,,,,,,,,,,,,,,,,,,40.00,,,,12622934,55057,,false,false,12,2017-01-01,2017-12-31,-1
2018-10-30,80110,2018-12-31,3,,,,,,,,,,,,,,,,,,,,,,,,,,,,,0.00,,,,,,,false,false,12,2018-01-01,2018-12-31,0
2018-10-30,80110,2018-12-31,3,,,,,,,,,,,,,,,,,,,,,,,,,,,,,40.00,,,,,,,false,true,12,2018-01-01,2018-12-31,0
2018-10-30,80110,2018-12-31,3,,,,,,,,,,,,,,,,,,,,,,,,,,,,,,,,,12622934,56015,12567358,false,false,9,2018-01-01,2018-09-30,0
2018-10-30,80110,2017-12-31,3,,,,,,,,,,,,,,,,,,,,,,,,,,,,,,,,,,,12568943,false,false,9,2017-01-01,2017-09-30,-1
2018-12-25,80110,2018-12-31,,59400000000,-0.018,,,,,-2200000000,,-2000000000,,,-600000000,,-47.74,,,,,,,,,,,,,,,,,,,,,,true,true,12,2018-01-01,2018-12-31,0
2018-12-25,80110,2017-12-31,,62549000000,,,,,,-1907000000,,-1941000000,,,-1025000000,,-81.62,,,,,,,,,,,,,,,,,,,,,,true,false,12,2017-01-01,2017-12-31,-1
2019-02-08,80110,2018-12-31,,59090000000,-0.006,,,,,-2170000000,0.014,-1950000000,0.025,,-820000000,,-65.24,,,,,,,,,,,,,,,,,,,,,,true,true,12,2018-01-01,2018-12-31,0
2019-02-08,80110,2017-12-31,,62549000000,,,,,,-1907000000,,-1941000000,,,-1025000000,,-81.62,,,,,,,,,,,,,,,,,,,,,,true,false,12,2017-01-01,2017-12-31,-1
2019-02-14,80110,2018-12-31,,59090000000,-0.055,,,,,-2176000000,,-1950000000,,,-819000000,,-65.21,,-0.017,-0.026,-0.037,,73792000000,45427000000,0.614,3606.55,45321000000,-4821000000,4205000000,-517000000,18076000000,,,,,,,,true,false,12,2018-01-01,2018-12-31,0
2019-02-14,80110,2017-12-31,,62549000000,-0.075,,,,,-1907000000,,-1941000000,,,-1025000000,,-81.62,,-0.021,-0.025,-0.031,,75549000000,48835000000,0.646,3885.75,48835000000,22000000,1911000000,-1159000000,19194000000,,,,,,,,true,false,12,2017-01-01,2017-12-31,-1
2019-02-14,80110,2019-12-31,,30900000000,0.056,,,,,50000000,,150000000,,,100000000,,7.96,,,,,,,,,,,,,,,,,,,,,,true,true,6,2019-01-01,2019-06-30,1
2019-02-14,80110,2019-12-31,,62000000000,0.049,,,,,400000000,,600000000,,,500000000,,39.79,,,,,,,,,,,,,,,,,,,,,,true,true,12,2019-01-01,2019-12-31,1
2019-02-14,80110,2018-12-31,,57486000000,-0.063,,,,,-2031000000,,-1716000000,,-632000000,,,-50.32,,,,,,72526000000,44737000000,0.617,3560.04,44737000000,,,,,40.00,,,,12622934,56373,12567213,false,false,12,2018-01-01,2018-12-31,0
2019-02-14,80110,2017-12-31,,61320000000,-0.082,,,,,-1848000000,,-1822000000,,-940000000,,,-74.80,,,,,,74851000000,48019000000,0.642,3820.85,48019000000,,,,,40.00,,,,12622934,55057,12568709,false,false,12,2017-01-01,2017-12-31,-1
2019-02-14,80110,2019-12-31,,,,,,,,,,,,,,,,,,,,,,,,,,,,,,47.00,,,,,,,false,true,12,2019-01-01,2019-12-31,1
2019-03-20,80110,2019-12-31,,72500000000,0.169,,,,,600000000,0.500,800000000,0.333,,700000000,,55.70,,,,,,,,,,,,,,,,,,,,,,true,true,12,2019-01-01,2019-12-31,0
2019-03-20,80110,2018-12-31,,59090000000,,,,,,-2176000000,,-1950000000,,,-819000000,,-65.21,,,,,,,,,,,,,,,,,,,,,,true,false,12,2018-01-01,2018-12-31,-1
2019-05-09,80110,2020-02-29,1,16114000000,0.029,,,,,245000000,,198000000,,,4000000,,0.39,,,,,,69032000000,44717000000,0.646,,44603000000,,,,,,,,,,,,true,false,3,2019-03-01,2019-05-31,0
2019-05-09,80110,2019-02-28,1,15655000000,-0.107,,,,,-35000000,,-120000000,,,1623000000,,129.17,,,,,,,,,,,,,,,,,,,,,,true,false,3,2018-03-01,2018-05-31,-1
2019-05-09,80110,2020-02-29,1,30900000000,0.056,,,,,50000000,,150000000,,,100000000,,7.96,,,,,,,,,,,,,,,,,,,,,,true,true,6,2019-03-01,2019-08-31,0
2019-05-09,80110,2020-02-29,1,72500000000,,,,,,600000000,,800000000,,,700000000,,55.70,,,,,,,,,,,,,,,,,,,,,,true,true,12,2019-03-01,2020-02-29,0
2019-05-09,80110,2019-02-28,1,,,,,,,,,,,,,,,,,,,,73792000000,45427000000,0.614,,45321000000,,,,,,,,,,,,true,false,12,2018-03-01,2019-02-28,-1
2019-05-09,80110,2019-02-28,1,,,,,,,,,,,,,,,,,,,,,,,,,,,,,40.00,,,,12622934,56373,,false,false,12,2018-03-01,2019-02-28,-1
2019-05-09,80110,2020-02-29,1,,,,,,,,,,,,,,,,,,,,,,,,,,,,,47.00,,,,,,,false,true,12,2019-03-01,2020-02-29,0
2019-05-09,80110,2020-02-29,1,,,,,,,,,,,,,,,,,,,,,,,,,,,,,,,,,12622934,56453,12566525,false,false,3,2019-03-01,2019-05-31,0
2019-05-09,80110,2019-02-28,1,,,,,,,,,,,,,,,,,,,,,,,,,,,,,,,,,,,12567718,false,false,3,2018-03-01,2018-05-31,-1
2019-07-08,80110,2020-02-29,,30000000000,-0.029,,,,,-500000000,,-450000000,,,-200000000,,-16.08,,,,,,,,,,,,,,,,,,,,,,true,true,6,2019-03-01,2019-08-31,0
2019-07-08,80110,2019-02-28,,29266000000,,,,,,-807000000,,-738000000,,,3006000000,,239.19,,,,,,,,,,,,,,,,,,,,,,true,false,6,2018-03-01,2018-08-31,-1
2019-07-30,80110,2020-02-29,2,29735000000,0.016,,,,,-863000000,,-827000000,,,-606000000,,-48.77,,,,,,65140000000,42146000000,0.645,,42024000000,,,,,,,,,,,,true,false,6,2019-03-01,2019-08-31,0
2019-07-30,80110,2019-02-28,2,29266000000,-0.082,,,,,-807000000,,-738000000,,,3006000000,,239.19,,,,,,,,,,,,,,,,,,,,,,true,false,6,2018-03-01,2018-08-31,-1
2019-07-30,80110,2020-02-29,2,72500000000,,,,,,600000000,,800000000,,,700000000,,55.70,,,,,,,,,,,,,,,,,,,,,,true,true,12,2019-03-01,2020-02-29,0
2019-07-30,80110,2019-02-28,2,,,,,,,,,,,,,,,,,,,,73792000000,45427000000,0.614,,45321000000,,,,,,,,,,,,true,false,12,2018-03-01,2019-02-28,-1
2019-07-30,80110,2019-02-28,2,,,,,,,,,,,,,,,,,,,,,,,,,,,,,40.00,,,,12622934,56373,,false,false,12,2018-03-01,2019-02-28,-1
2019-07-30,80110,2020-02-29,2,,,,,,,,,,,,,,,,,,,,,,,,,,,,,47.00,,,,,,,false,true,12,2019-03-01,2020-02-29,0
2019-07-30,80110,2020-02-29,2,,,,,,,,,,,,,,,,,,,,,,,,,,,,,,,,,12622934,525163,12434293,false,false,6,2019-03-01,2019-08-31,0
2019-07-30,80110,2019-02-28,2,,,,,,,,,,,,,,,,,,,,,,,,,,,,,,,,,,,12567500,false,false,6,2018-03-01,2018-08-31,-1
2019-10-30,80110,2020-02-29,3,42105000000,0.017,,,,,-2140000000,,-2165000000,,,-1977000000,,-160.37,,,,,,67061000000,40803000000,0.607,,40679000000,,,,,,,,,,,,true,false,9,2019-03-01,2019-11-30,0
2019-10-30,80110,2019-02-28,3,41389000000,-0.065,,,,,-2259000000,,-2209000000,,,1560000000,,124.16,,,,,,,,,,,,,,,,,,,,,,true,false,9,2018-03-01,2018-11-30,-1
2019-10-30,80110,2020-02-29,3,68000000000,,,,,,-1800000000,,-1700000000,,,-1500000000,,-122.16,,,,,,,,,,,,,,,,,,,,,,true,true,12,2019-03-01,2020-02-29,0
2019-10-30,80110,2019-02-28,3,,,,,,,,,,,,,,,,,,,,73792000000,45427000000,0.614,,45321000000,,,,,,,,,,,,true,false,12,2018-03-01,2019-02-28,-1
2019-10-30,80110,2019-02-28,3,,,,,,,,,,,,,,,,,,,,,,,,,,,,,40.00,,,,12622934,56373,,false,false,12,2018-03-01,2019-02-28,-1
2019-10-30,80110,2020-02-29,3,,,,,,,,,,,,,,,,,,,,,,,,,,,,,23.00,,,,,,,false,true,12,2019-03-01,2020-02-29,0
2019-10-30,80110,2020-02-29,3,,,,,,,,,,,,,,,,,,,,,,,,,,,,,,,,,12622934,525341,12333312,false,false,9,2019-03-01,2019-11-30,0
2019-10-30,80110,2019-02-28,3,,,,,,,,,,,,,,,,,,,,,,,,,,,,,,,,,,,12567358,false,false,9,2018-03-01,2018-11-30,-1
2020-02-21,80110,2020-02-29,,68000000000,0.000,,,,,-2700000000,,-2650000000,,,-2200000000,,-179.36,,,,,,,,,,,,,,,,,,,,,,true,true,12,2019-03-01,2020-02-29,0
2020-02-21,80110,2019-02-28,,59090000000,,,,,,-2176000000,,-1950000000,,,-819000000,,-65.21,,,,,,,,,,,,,,,,,,,,,,true,false,12,2018-03-01,2019-02-28,-1
2020-04-14,80110,2020-02-29,,68868000000,,,,,,-2875000000,,-2899000000,,,-2685000000,,-219.17,,-0.064,-0.043,-0.042,,62386000000,38822000000,0.620,3198.46,38692000000,-2795000000,-637000000,-1717000000,12936000000,,,,,,,,true,false,12,2019-03-01,2020-02-29,0
2020-04-14,80110,2019-02-28,,59090000000,-0.055,,,,,-2176000000,,-1950000000,,,-819000000,,-65.21,,-0.017,-0.026,-0.037,,73792000000,45427000000,0.614,3606.55,45321000000,-4821000000,4205000000,-517000000,18076000000,,,,,,,,true,false,12,2018-03-01,2019-02-28,-1
2020-04-14,80110,2020-02-29,,66877000000,,,,,,-2838000000,,-2771000000,,-2481000000,,,-202.47,,,,,,61558000000,38281000000,0.622,3164.53,38281000000,,,,,23.00,,,,12622934,525781,12254675,false,false,12,2019-03-01,2020-02-29,0
2020-04-14,80110,2019-02-28,,57486000000,-0.063,,,,,-2031000000,,-1716000000,,-632000000,,,-50.32,,,,,,72526000000,44737000000,0.617,3560.04,44737000000,,,,,40.00,,,,12622934,56373,12567213,false,false,12,2018-03-01,2019-02-28,-1
2020-04-14,80110,2021-02-28,,,,,,,,,,,,,,,,,,,,,,,,,,,,,,0.00,,,,,,,false,true,12,2020-03-01,2021-02-28,1
2020-06-30,80110,2021-02-28,1,5753000000,,,,,,-2850000000,,-2998000000,,,-4284000000,,-354.20,,,,,,59300000000,33745000000,0.567,,33640000000,,,,,,,,,,,,true,false,3,2020-03-01,2020-05-31,0
2020-06-30,80110,2020-02-28,1,16114000000,0.029,,,,,245000000,,198000000,,,4000000,,0.39,,,,,,,,,,,,,,,,,,,,,,true,false,3,2019-03-01,2019-05-31,-1
2020-06-30,80110,2020-02-28,1,,,,,,,,,,,,,,,,,,,,62386000000,38822000000,0.620,,38692000000,,,,,,,,,,,,true,false,12,2019-03-01,2020-02-29,-1
2020-06-30,80110,2020-02-28,1,,,,,,,,,,,,,,,,,,,,,,,,,,,,,23.00,,,,12622934,525781,,false,false,12,2019-03-01,2020-02-29,-1
2020-06-30,80110,2021-02-28,1,,,,,,,,,,,,,,,,,,,,,,,,,,,,,0.00,,,,,,,false,true,12,2020-03-01,2021-02-28,0
2020-06-30,80110,2021-02-28,1,,,,,,,,,,,,,,,,,,,,,,,,,,,,,,,,,12622934,525847,12097104,false,false,3,2020-03-01,2020-05-31,0
2020-06-30,80110,2020-02-28,1,,,,,,,,,,,,,,,,,,,,,,,,,,,,,,,,,,,12566525,false,false,3,2019-03-01,2019-05-31,-1
2020-06-30,80110,2021-02-28,1,5753000000,,,,,,-2996000000,,-3144000000,,,-4596000000,,-379.99,,,,,,58988000000,33433000000,0.565,,33328000000,,,,,,,,,,,,true,false,3,2020-03-01,2020-05-31,0
2020-06-30,80110,2020-02-28,1,16114000000,0.029,,,,,245000000,,198000000,,,4000000,,0.39,,,,,,,,,,,,,,,,,,,,,,true,false,3,2019-03-01,2019-05-31,-1
2020-06-30,80110,2020-02-28,1,,,,,,,,,,,,,,,,,,,,62386000000,38822000000,0.620,,38692000000,,,,,,,,,,,,true,false,12,2019-03-01,2020-02-29,-1
2020-06-30,80110,2020-02-28,1,,,,,,,,,,,,,,,,,,,,,,,,,,,,,23.00,,,,12622934,525781,,false,false,12,2019-03-01,2020-02-29,-1
2020-06-30,80110,2021-02-28,1,,,,,,,,,,,,,,,,,,,,,,,,,,,,,0.00,,,,,,,false,true,12,2020-03-01,2021-02-28,0
2020-06-30,80110,2021-02-28,1,,,,,,,,,,,,,,,,,,,,,,,,,,,,,,,,,12622934,525847,12097104,false,false,3,2020-03-01,2020-05-31,0
2020-06-30,80110,2020-02-28,1,,,,,,,,,,,,,,,,,,,,,,,,,,,,,,,,,,,12566525,false,false,3,2019-03-01,2019-05-31,-1
2020-10-06,80110,2021-02-28,2,15328000000,,,,,,-5712000000,,-5738000000,,,-6648000000,,-549.35,,,,,,54211000000,31379000000,0.577,,31278000000,,,,,,,,,,,,true,false,6,2020-03-01,2020-08-31,0
2020-10-06,80110,2020-02-28,2,29735000000,0.016,,,,,-863000000,,-827000000,,,-606000000,,-48.77,,,,,,,,,,,,,,,,,,,,,,true,false,6,2019-03-01,2019-08-31,-1
2020-10-06,80110,2021-02-28,2,38000000000,,,,,,-8500000000,,-9600000000,,,-3500000000,,-289.18,,,,,,,,,,,,,,,,,,,,,,true,true,12,2020-03-01,2021-02-28,0
2020-10-06,80110,2020-02-28,2,,,,,,,,,,,,,,,,,,,,62386000000,38822000000,0.620,,38692000000,,,,,,,,,,,,true,false,12,2019-03-01,2020-02-29,-1
2020-10-06,80110,2020-02-28,2,,,,,,,,,,,,,,,,,,,,,,,,,,,,,23.00,,,,12622934,525781,,false,false,12,2019-03-01,2020-02-29,-1
2020-10-06,80110,2021-02-28,2,,,,,,,,,,,,,,,,,,,,,,,,,,,,,0.00,,,,,,,false,false,12,2020-03-01,2021-02-28,0
2020-10-06,80110,2021-02-28,2,,,,,,,,,,,,,,,,,,,,,,,,,,,,,0.00,,,,,,,false,true,12,2020-03-01,2021-02-28,0
2020-10-06,80110,2021-02-28,2,,,,,,,,,,,,,,,,,,,,,,,,,,,,,,,,,12622934,512457,12102874,false,false,6,2020-03-01,2020-08-31,0
2020-10-06,80110,2020-02-28,2,,,,,,,,,,,,,,,,,,,,,,,,,,,,,,,,,,,12434293,false,false,6,2019-03-01,2019-08-31,-1
2020-12-28,80110,2021-02-28,3,26895000000,,,,,,-6785000000,,-6812000000,,,-1255000000,,-103.75,,,,,,53893000000,36520000000,0.676,,36431000000,,,,,,,,,,,,true,false,9,2020-03-01,2020-11-30,0
2020-12-28,80110,2020-02-28,3,42105000000,0.017,,,,,-2140000000,,-2165000000,,,-1977000000,,-160.37,,,,,,,,,,,,,,,,,,,,,,true,false,9,2019-03-01,2019-11-30,-1
2020-12-28,80110,2021-02-28,3,38000000000,,,,,,-8500000000,,-9600000000,,,-3500000000,,-289.18,,,,,,,,,,,,,,,,,,,,,,true,true,12,2020-03-01,2021-02-28,0
2020-12-28,80110,2020-02-28,3,,,,,,,,,,,,,,,,,,,,62386000000,38822000000,0.620,,38692000000,,,,,,,,,,,,true,false,12,2019-03-01,2020-02-29,-1
2020-12-28,80110,2020-02-28,3,,,,,,,,,,,,,,,,,,,,,,,,,,,,,23.00,,,,12622934,525781,,false,false,12,2019-03-01,2020-02-29,-1
2020-12-28,80110,2021-02-28,3,,,,,,,,,,,,,,,,,,,,,,,,,,,,,0.00,,,,,,,false,false,12,2020-03-01,2021-02-28,0
2020-12-28,80110,2021-02-28,3,,,,,,,,,,,,,,,,,,,,,,,,,,,,,0.00,,,,,,,false,true,12,2020-03-01,2021-02-28,0
2020-12-28,80110,2021-02-28,3,,,,,,,,,,,,,,,,,,,,,,,,,,,,,,,,,12622934,513089,12105032,false,false,9,2020-03-01,2020-11-30,0
2020-12-28,80110,2020-02-28,3,,,,,,,,,,,,,,,,,,,,,,,,,,,,,,,,,,,12333312,false,false,9,2019-03-01,2019-11-30,-1
2021-04-14,80110,2021-02-28,,37939000000,,,,,,-8913000000,,-9036000000,,,-4988000000,,-412.07,,-0.138,-0.157,-0.235,,52926000000,33462000000,0.632,2763.27,33462000000,-5656000000,15761000000,-4276000000,18781000000,,,,,,,,true,false,12,2020-03-01,2021-02-28,0
2021-04-14,80110,2020-02-28,,68868000000,,,,,,-2875000000,,-2899000000,,,-2685000000,,-219.17,,-0.064,-0.043,-0.042,,62386000000,38822000000,0.620,3198.46,38692000000,-2694000000,-737000000,-1717000000,12936000000,,,,,,,,true,false,12,2019-03-01,2020-02-29,-1
2021-04-14,80110,2022-02-28,,18180000000,0.186,,,,,-2140000000,,-2140000000,,,-2170000000,,-179.25,,,,,,,,,,,,,,,,,,,,,,true,true,6,2021-03-01,2021-08-31,1
2021-04-14,80110,2022-02-28,,44000000000,0.159,,,,,100000000,,50000000,,,0,,0.00,,,,,,,,,,,,,,,,,,,,,,true,true,12,2021-03-01,2022-02-28,1
2021-04-14,80110,2021-02-28,,36293000000,,,,,,-8576000000,,-8316000000,,-5160000000,,,-426.27,,,,,,51681000000,32762000000,0.634,2705.44,32762000000,,,,,0.00,,,,12622934,513200,12106124,false,false,12,2020-03-01,2021-02-28,0
2021-04-14,80110,2020-02-28,,66877000000,,,,,,-2838000000,,-2771000000,,-2481000000,,,-202.47,,,,,,61558000000,38281000000,0.622,3164.53,38281000000,,,,,23.00,,,,12622934,525781,12254675,false,false,12,2019-03-01,2020-02-29,-1
2021-04-14,80110,2022-02-28,,,,,,,,,,,,,,,,,,,,,,,,,,,,,,0.00,,,,,,,false,true,12,2021-03-01,2022-02-28,1
2021-06-30,80110,2022-02-28,1,8710000000,0.514,,,,,-566000000,,-524000000,,,-748000000,,-61.81,,,,,,50484000000,32870000000,0.651,,32870000000,,,,,,,,,,,,true,false,3,2021-03-01,2021-05-31,0
2021-06-30,80110,2021-02-28,1,5753000000,,,,,,-2996000000,,-3144000000,,,-4596000000,,-379.99,,,,,,,,,,,,,,,,,,,,,,true,false,3,2020-03-01,2020-05-31,-1
2021-06-30,80110,2022-02-28,1,18180000000,0.186,,,,,-2140000000,,-2140000000,,,-2170000000,,-179.25,,,,,,,,,,,,,,,,,,,,,,true,true,6,2021-03-01,2021-08-31,0
2021-06-30,80110,2022-02-28,1,44000000000,0.159,,,,,100000000,,50000000,,,0,,0.00,,,,,,,,,,,,,,,,,,,,,,true,true,12,2021-03-01,2022-02-28,0
2021-06-30,80110,2021-02-28,1,,,,,,,,,,,,,,,,,,,,52926000000,33462000000,0.632,,33462000000,,,,,,,,,,,,true,false,12,2020-03-01,2021-02-28,-1
2021-06-30,80110,2021-02-28,1,,,,,,,,,,,,,,,,,,,,,,,,,,,,,0.00,,,,12622934,513200,,false,false,12,2020-03-01,2021-02-28,-1
2021-06-30,80110,2022-02-28,1,,,,,,,,,,,,,,,,,,,,,,,,,,,,,0.00,,,,,,,false,true,12,2021-03-01,2022-02-28,0
2021-06-30,80110,2022-02-28,1,,,,,,,,,,,,,,,,,,,,,,,,,,,,,,,,,12622934,513758,12109424,false,false,3,2021-03-01,2021-05-31,0
2021-06-30,80110,2021-02-28,1,,,,,,,,,,,,,,,,,,,,,,,,,,,,,,,,,,,12097104,false,false,3,2020-03-01,2020-05-31,-1
2021-10-07,8011,2022-02-28,2,16436000000,0.072,,,,,-2033000000,,-1876000000,,,-1910000000,,-157.66,,,,,,47810000000,31689000000,0.663,,31689000000,,,,,,,,,,,,true,false,6,2021-03-01,2021-08-31,0
2021-10-07,8011,2021-02-28,2,15328000000,,,,,,-5712000000,,-5738000000,,,-6648000000,,-549.35,,,,,,,,,,,,,,,,,,,,,,true,false,6,2020-03-01,2020-08-31,-1
2021-10-07,8011,2022-02-28,2,41500000000,0.094,,,,,100000000,,50000000,,,0,,0.00,,,,,,,,,,,,,,,,,,,,,,true,true,12,2021-03-01,2022-02-28,0
2021-10-07,8011,2021-02-28,2,,,,,,,,,,,,,,,,,,,,52926000000,33462000000,0.632,,33462000000,,,,,,,,,,,,true,false,12,2020-03-01,2021-02-28,-1
2021-10-07,8011,2021-02-28,2,,,,,,,,,,,,,,,,,,,,,,,,,,,,,0.00,,,,12622934,513200,,false,false,12,2020-03-01,2021-02-28,-1
2021-10-07,8011,2022-02-28,2,,,,,,,,,,,,,,,,,,,,,,,,,,,,,0.00,,,,,,,false,false,12,2021-03-01,2022-02-28,0
2021-10-07,8011,2022-02-28,2,,,,,,,,,,,,,,,,,,,,,,,,,,,,,0.00,,,,,,,false,true,12,2021-03-01,2022-02-28,0
2021-10-07,8011,2022-02-28,2,,,,,,,,,,,,,,,,,,,,,,,,,,,,,,,,,12622934,488739,12120066,false,false,6,2021-03-01,2021-08-31,0
2021-10-07,8011,2021-02-28,2,,,,,,,,,,,,,,,,,,,,,,,,,,,,,,,,,,,12102874,false,false,6,2020-03-01,2020-08-31,-1
2021-12-27,8011,2022-02-28,3,27449000000,0.021,,,,,-1186000000,,-978000000,,,-1020000000,,-84.20,,,,,,49486000000,32637000000,0.660,,32637000000,,,,,,,,,,,,true,false,9,2021-03-01,2021-11-30,0
2021-12-27,8011,2021-02-28,3,26895000000,,,,,,-6785000000,,-6812000000,,,-1255000000,,-103.75,,,,,,,,,,,,,,,,,,,,,,true,false,9,2020-03-01,2020-11-30,-1
2021-12-27,8011,2022-02-28,3,41500000000,0.094,,,,,100000000,,50000000,,,0,,0.00,,,,,,,,,,,,,,,,,,,,,,true,true,12,2021-03-01,2022-02-28,0
2021-12-27,8011,2021-02-28,3,,,,,,,,,,,,,,,,,,,,52926000000,33462000000,0.632,,33462000000,,,,,,,,,,,,true,false,12,2020-03-01,2021-02-28,-1
2021-12-27,8011,2021-02-28,3,,,,,,,,,,,,,,,,,,,,,,,,,,,,,0.00,,,,12622934,513200,,false,false,12,2020-03-01,2021-02-28,-1
2021-12-27,8011,2022-02-28,3,,,,,,,,,,,,,,,,,,,,,,,,,,,,,0.00,,,,,,,false,false,12,2021-03-01,2022-02-28,0
2021-12-27,8011,2022-02-28,3,,,,,,,,,,,,,,,,,,,,,,,,,,,,,0.00,,,,,,,false,true,12,2021-03-01,2022-02-28,0
2021-12-27,8011,2022-02-28,3,,,,,,,,,,,,,,,,,,,,,,,,,,,,,,,,,12622934,488793,12124292,false,false,9,2021-03-01,2021-11-30,0
2021-12-27,8011,2021-02-28,3,,,,,,,,,,,,,,,,,,,,,,,,,,,,,,,,,,,12105032,false,false,9,2020-03-01,2020-11-30,-1
2022-03-25,80110,2022-02-28,,38600000000,-0.070,,,,,-1000000000,,-700000000,,,0,,0.00,,,,,,,,,,,,,,,,,,,,,,true,true,12,2021-03-01,2022-02-28,0
2022-03-25,80110,2021-02-28,,37939000000,,,,,,-8913000000,,-9036000000,,,-4988000000,,-412.07,,,,,,,,,,,,,,,,,,,,,,true,false,12,2020-03-01,2021-02-28,-1
2022-03-25,80110,2022-02-28,,,,,,,,,,,,,600000000,,49.47,,,,,,,,,,,,,,,,,,,,,,true,true,12,2021-03-01,2022-02-28,0
2022-03-25,80110,2022-02-28,,,,,,,,,,,,,800000000,,65.97,,,,,,,,,,,,,,,,,,,,,,true,true,12,2021-03-01,2022-02-28,0
2022-04-14,8011,2022-02-28,,38642000000,0.019,,,,,-1058000000,,-735000000,,,661000000,,54.59,54.13,0.020,-0.014,-0.027,,51629000000,33920000000,0.654,2782.64,33764000000,-1638000000,-1356000000,527000000,16287000000,,,,,,,,true,false,12,2021-03-01,2022-02-28,0
2022-04-14,8011,2021-02-28,,37939000000,,,,,,-8913000000,,-9036000000,,,-4988000000,,-412.07,,-0.138,-0.157,-0.235,,52926000000,33462000000,0.632,2763.27,33462000000,-5656000000,15761000000,-4276000000,18781000000,,,,,,,,true,false,12,2020-03-01,2021-02-28,-1
2022-04-14,8011,2023-02-28,,24650000000,,,,,,-1060000000,,-1090000000,,,-1120000000,,-92.36,,,,,,,,,,,,,,,,,,,,,,true,true,6,2022-03-01,2022-08-31,1
2022-04-14,8011,2023-02-28,,56000000000,,,,,,1200000000,,1140000000,,,900000000,,74.22,,,,,,,,,,,,,,,,0.539,,,,,,true,true,12,2022-03-01,2023-02-28,1
2022-04-14,8011,2022-02-28,,38227000000,0.053,,,,,-1027000000,,-626000000,,860000000,,,70.92,70.33,,,,,51639000000,33957000000,0.658,2798.49,33957000000,,,,,0.00,,,,12622934,488866,12126550,false,false,12,2021-03-01,2022-02-28,0
2022-04-14,8011,2021-02-28,,36293000000,,,,,,-8576000000,,-8316000000,,-5160000000,,,-426.27,,,,,,51681000000,32762000000,0.634,2705.44,32762000000,,,,,0.00,,,,12622934,513200,12106124,false,false,12,2020-03-01,2021-02-28,-1
2022-04-14,8011,2023-02-28,,,,,,,,,,,,,,,,,,,,,,,,,,,,,,40.00,,,,,,,false,true,12,2022-03-01,2023-02-28,1
2022-06-30,8011,2023-02-28,1,14355000000,,,,,,502000000,,593000000,,,559000000,,46.12,44.33,,,,,51590000000,34770000000,0.671,,34618000000,,,,,,,,,,,,true,false,3,2022-03-01,2022-05-31,0
2022-06-30,8011,2022-02-28,1,8710000000,0.514,,,,,-566000000,,-524000000,,,-748000000,,-61.81,,,,,,,,,,,,,,,,,,,,,,true,false,3,2021-03-01,2021-05-31,-1
2022-06-30,8011,2023-02-28,1,24650000000,,,,,,-1060000000,,-1090000000,,,-1120000000,,-92.36,,,,,,,,,,,,,,,,,,,,,,true,true,6,2022-03-01,2022-08-31,0
2022-06-30,8011,2023-02-28,1,56000000000,,,,,,1200000000,,1140000000,,,900000000,,74.22,,,,,,,,,,,,,,,,,,,,,,true,true,12,2022-03-01,2023-02-28,0
2022-06-30,8011,2022-02-28,1,,,,,,,,,,,,,,,,,,,,51629000000,33920000000,0.654,,33764000000,,,,,,,,,,,,true,false,12,2021-03-01,2022-02-28,-1
2022-06-30,8011,2022-02-28,1,,,,,,,,,,,,,,,,,,,,,,,,,,,,,0.00,,,,12622934,488866,,false,false,12,2021-03-01,2022-02-28,-1
2022-06-30,8011,2023-02-28,1,,,,,,,,,,,,,,,,,,,,,,,,,,,,,40.00,,,,,,,false,true,12,2022-03-01,2023-02-28,0
2022-06-30,8011,2023-02-28,1,,,,,,,,,,,,,,,,,,,,,,,,,,,,,,,,,12622934,488943,12134037,false,false,3,2022-03-01,2022-05-31,0
2022-06-30,8011,2022-02-28,1,,,,,,,,,,,,,,,,,,,,,,,,,,,,,,,,,,,12109424,false,false,3,2021-03-01,2021-05-31,-1
2022-10-06,8011,2023-02-28,2,25464000000,,,,,,-317000000,,-141000000,,,-246000000,,-20.28,,,,,,50666000000,34165000000,0.671,,34018000000,,,,,,,,,,,,true,false,6,2022-03-01,2022-08-31,0
2022-10-06,8011,2022-02-28,2,16436000000,0.072,,,,,-2033000000,,-1876000000,,,-1910000000,,-157.66,,,,,,,,,,,,,,,,,,,,,,true,false,6,2021-03-01,2021-08-31,-1
2022-10-06,8011,2023-02-28,2,56600000000,,,,,,1600000000,,1750000000,,,1440000000,,118.58,,,,,,,,,,,,,,,,,,,,,,true,true,12,2022-03-01,2023-02-28,0
2022-10-06,8011,2022-02-28,2,,,,,,,,,,,,,,,,,,,,51629000000,33920000000,0.654,,33764000000,,,,,,,,,,,,true,false,12,2021-03-01,2022-02-28,-1
2022-10-06,8011,2022-02-28,2,,,,,,,,,,,,,,,,,,,,,,,,,,,,,0.00,,,,12622934,488866,,false,false,12,2021-03-01,2022-02-28,-1
2022-10-06,8011,2023-02-28,2,,,,,,,,,,,,,,,,,,,,,,,,,,,,,0.00,,,,,,,false,false,12,2022-03-01,2023-02-28,0
2022-10-06,8011,2023-02-28,2,,,,,,,,,,,,,,,,,,,,,,,,,,,,,50.00,,,,,,,false,true,12,2022-03-01,2023-02-28,0
2022-10-06,8011,2023-02-28,2,,,,,,,,,,,,,,,,,,,,,,,,,,,,,,,,,12622934,465443,12144089,false,false,6,2022-03-01,2022-08-31,0
2022-10-06,8011,2022-02-28,2,,,,,,,,,,,,,,,,,,,,,,,,,,,,,,,,,,,12120066,false,false,6,2021-03-01,2021-08-31,-1
2022-12-27,8011,2023-02-28,3,41937000000,,,,,,1028000000,,1163000000,,,985000000,,81.11,77.98,,,,,54798000000,36028000000,0.655,,35885000000,,,,,,,,,,,,true,false,9,2022-03-01,2022-11-30,0
2022-12-27,8011,2022-02-28,3,27449000000,0.021,,,,,-1186000000,,-978000000,,,-1020000000,,-84.20,,,,,,,,,,,,,,,,,,,,,,true,false,9,2021-03-01,2021-11-30,-1
2022-12-27,8011,2023-02-28,3,57500000000,,,,,,1900000000,,2000000000,,,1550000000,,128.49,,,,,,,,,,,,,,,,,,,,,,true,true,12,2022-03-01,2023-02-28,0
2022-12-27,8011,2022-02-28,3,,,,,,,,,,,,,,,,,,,,51629000000,33920000000,0.654,,33764000000,,,,,,,,,,,,true,false,12,2021-03-01,2022-02-28,-1
2022-12-27,8011,2022-02-28,3,,,,,,,,,,,,,,,,,,,,,,,,,,,,,0.00,,,,12622934,488866,,false,false,12,2021-03-01,2022-02-28,-1
2022-12-27,8011,2023-02-28,3,,,,,,,,,,,,,,,,,,,,,,,,,,,,,0.00,,,,,,,false,false,12,2022-03-01,2023-02-28,0
2022-12-27,8011,2023-02-28,3,,,,,,,,,,,,,,,,,,,,,,,,,,,,,54.00,,,,,,,false,true,12,2022-03-01,2023-02-28,0
2022-12-27,8011,2023-02-28,3,,,,,,,,,,,,,,,,,,,,,,,,,,,,,,,,,12622934,499278,12144692,false,false,9,2022-03-01,2022-11-30,0
2022-12-27,8011,2022-02-28,3,,,,,,,,,,,,,,,,,,,,,,,,,,,,,,,,,,,12124292,false,false,9,2021-03-01,2021-11-30,-1
2023-04-14,8011,2023-02-28,,58273000000,,,,,,2235000000,,2437000000,,,2155000000,,178.68,171.73,0.061,0.046,0.038,,54413000000,36435000000,0.669,3124.38,36421000000,4215000000,-1048000000,-920000000,18416000000,,0.308,,,,,,true,false,12,2022-03-01,2023-02-28,0
2023-04-14,8011,2022-02-28,,38642000000,0.019,,,,,-1058000000,,-735000000,,,661000000,,54.59,54.13,0.020,-0.014,-0.027,,51629000000,33920000000,0.654,2782.64,33764000000,-1638000000,-1356000000,527000000,16287000000,,,,,,,,true,false,12,2021-03-01,2022-02-28,-1
2023-04-14,8011,2024-02-28,,26500000000,0.041,,,,,-100000000,,-50000000,,,-100000000,,-8.58,,,,,,,,,,,,,,,,,,,,,,true,true,6,2023-03-01,2023-08-31,1
2023-04-14,8011,2024-02-28,,59500000000,0.021,,,,,2400000000,0.073,2500000000,0.026,,2200000000,,188.72,,,,,,,,,,,,,,,,0.313,,,,,,true,true,12,2023-03-01,2024-02-29,1
2023-04-14,8011,2023-02-28,,58273000000,,,,,,2260000000,,2374000000,,2064000000,,,171.16,164.51,,,,,54484000000,36496000000,0.670,3130.85,36496000000,,,,,55.00,,,,12622934,965730,12062929,false,false,12,2022-03-01,2023-02-28,0
2023-04-14,8011,2022-02-28,,38227000000,0.053,,,,,-1027000000,,-626000000,,860000000,,,70.92,70.33,,,,,51639000000,33957000000,0.658,2798.49,33957000000,,,,,0.00,,,,12622934,488866,12126550,false,false,12,2021-03-01,2022-02-28,-1
2023-04-14,8011,2024-02-28,,,,,,,,,,,,,,,,,,,,,,,,,,,,,,59.00,,,,,,,false,true,12,2023-03-01,2024-02-29,1
2023-06-30,8011,2024-02-29,1,15969000000,0.112,,,,,1035000000,1.060,1025000000,0.726,,896000000,,76.90,,,,,,54312000000,37242000000,0.685,,37227000000,,,,,,,,,,,,true,false,3,2023-03-01,2023-05-31,0
2023-06-30,8011,2023-02-28,1,14355000000,,,,,,502000000,,593000000,,,559000000,,46.12,44.33,,,,,,,,,,,,,,,,,,,,,true,false,3,2022-03-01,2022-05-31,-1
2023-06-30,8011,2024-02-29,1,28000000000,0.100,,,,,200000000,,250000000,,,200000000,,17.16,,,,,,,,,,,,,,,,,,,,,,true,true,6,2023-03-01,2023-08-31,0
2023-06-30,8011,2024-02-29,1,61000000000,0.047,,,,,2700000000,0.208,2800000000,0.149,,2500000000,,214.47,,,,,,,,,,,,,,,,,,,,,,true,true,12,2023-03-01,2024-02-29,0
2023-06-30,8011,2023-02-28,1,,,,,,,,,,,,,,,,,,,,54413000000,36435000000,0.669,,36421000000,,,,,,,,,,,,true,false,12,2022-03-01,2023-02-28,-1
2023-06-30,8011,2023-02-28,1,,,,,,,,,,,,,,,,,,,,,,,,,,,,,55.00,,,,12622934,965730,,false,false,12,2022-03-01,2023-02-28,-1
2023-06-30,8011,2024-02-29,1,,,,,,,,,,,,,,,,,,,,,,,,,,,,,59.00,,,,,,,false,true,12,2023-03-01,2024-02-29,0
2023-06-30,8011,2024-02-29,1,,,,,,,,,,,,,,,,,,,,,,,,,,,,,,,,,12622934,966064,11656954,false,false,3,2023-03-01,2023-05-31,0
2023-06-30,8011,2023-02-28,1,,,,,,,,,,,,,,,,,,,,,,,,,,,,,,,,,,,12134037,false,false,3,2022-03-01,2022-05-31,-1
2023-10-06,8011,2024-02-29,2,28155000000,0.106,,,,,718000000,,787000000,,,744000000,,63.84,,,,,,54530000000,38129000000,0.699,,38115000000,,,,,,,,,,,,true,false,6,2023-03-01,2023-08-31,0
2023-10-06,8011,2023-02-28,2,25464000000,,,,,,-317000000,,-141000000,,,-246000000,,-20.28,,,,,,,,,,,,,,,,,,,,,,true,false,6,2022-03-01,2022-08-31,-1
2023-10-06,8011,2024-02-29,2,61500000000,0.055,,,,,3100000000,0.386,3200000000,0.313,,2800000000,,240.00,,,,,,,,,,,,,,,,,,,,,,true,true,12,2023-03-01,2024-02-29,0
2023-10-06,8011,2023-02-28,2,,,,,,,,,,,,,,,,,,,,54413000000,36435000000,0.669,,36421000000,,,,,,,,,,,,true,false,12,2022-03-01,2023-02-28,-1
2023-10-06,8011,2023-02-28,2,,,,,,,,,,,,,,,,,,,,,,,,,,,,,55.00,,,,12622934,965730,,false,false,12,2022-03-01,2023-02-28,-1
2023-10-06,8011,2024-02-29,2,,,,,,,,,,,,,,,,,,,,,,,,,,,,,0.00,,,,,,,false,false,12,2023-03-01,2024-02-29,0
2023-10-06,8011,2024-02-29,2,,,,,,,,,,,,,,,,,,,,,,,,,,,,,88.00,,,,,,,false,true,12,2023-03-01,2024-02-29,0
2023-10-06,8011,2024-02-29,2,,,,,,,,,,,,,,,,,,,,,,,,,,,,,,,,,12622934,952044,11662981,false,false,6,2023-03-01,2023-08-31,0
2023-10-06,8011,2023-02-28,2,,,,,,,,,,,,,,,,,,,,,,,,,,,,,,,,,,,12144089,false,false,6,2022-03-01,2022-08-31,-1
2023-12-27,8011,2024-02-29,3,44603000000,0.064,,,,,1727000000,0.680,1773000000,0.524,,1696000000,,145.41,,,,,,57157000000,39025000000,0.683,,39010000000,,,,,,,,,,,,true,false,9,2023-03-01,2023-11-30,0
2023-12-27,8011,2023-02-28,3,41937000000,,,,,,1028000000,,1163000000,,,985000000,,81.11,77.98,,,,,,,,,,,,,,,,,,,,,true,false,9,2022-03-01,2022-11-30,-1
2023-12-27,8011,2024-02-29,3,61500000000,0.055,,,,,3100000000,0.386,3200000000,0.313,,2800000000,,240.00,,,,,,,,,,,,,,,,,,,,,,true,true,12,2023-03-01,2024-02-29,0
2023-12-27,8011,2023-02-28,3,,,,,,,,,,,,,,,,,,,,54413000000,36435000000,0.669,,36421000000,,,,,,,,,,,,true,false,12,2022-03-01,2023-02-28,-1
2023-12-27,8011,2023-02-28,3,,,,,,,,,,,,,,,,,,,,,,,,,,,,,55.00,,,,12622934,965730,,false,false,12,2022-03-01,2023-02-28,-1
2023-12-27,8011,2024-02-29,3,,,,,,,,,,,,,,,,,,,,,,,,,,,,,0.00,,,,,,,false,false,12,2023-03-01,2024-02-29,0
2023-12-27,8011,2024-02-29,3,,,,,,,,,,,,,,,,,,,,,,,,,,,,,88.00,,,,,,,false,true,12,2023-03-01,2024-02-29,0
2023-12-27,8011,2024-02-29,3,,,,,,,,,,,,,,,,,,,,,,,,,,,,,,,,,12622934,952521,11665244,false,false,9,2023-03-01,2023-11-30,0
2023-12-27,8011,2023-02-28,3,,,,,,,,,,,,,,,,,,,,,,,,,,,,,,,,,,,12144692,false,false,9,2022-03-01,2022-11-30,-1
2024-04-12,8011,2024-02-29,,61353000000,0.053,,,,,3047000000,0.363,3184000000,0.307,,2787000000,,238.96,,0.072,0.056,0.050,,58758000000,41258000000,0.702,3534.09,41242000000,4419000000,-2337000000,-1395000000,19103000000,,0.368,,,,,,true,false,12,2023-03-01,2024-02-29,0
2024-04-12,8011,2023-02-28,,58273000000,,,,,,2235000000,,2437000000,,,2155000000,,178.68,171.73,0.061,0.046,0.038,,54413000000,36435000000,0.669,3124.38,36421000000,4215000000,-1048000000,-920000000,18416000000,,0.308,,,,,,true,false,12,2022-03-01,2023-02-28,-1
2024-04-12,8011,2025-02-28,,28300000000,0.005,,,,,500000000,-0.304,550000000,-0.301,,450000000,,38.56,,,,,,,,,,,,,,,,,,,,,,true,true,6,2024-03-01,2024-08-31,1
2024-04-12,8011,2025-02-28,,62500000000,0.019,,,,,3300000000,0.083,3400000000,0.068,,3100000000,,265.64,,,,,,,,,,,,,,,,0.471,,,,,,true,true,12,2024-03-01,2025-02-28,1
2024-04-12,8011,2024-02-29,,61353000000,0.053,,,,,3018000000,0.335,3146000000,0.325,2752000000,,0.333,235.91,,,,,,58791000000,41280000000,0.702,3537.36,41280000000,,,,,88.00,,,,12622934,952952,11666374,false,false,12,2023-03-01,2024-02-29,0
2024-04-12,8011,2023-02-28,,58273000000,,,,,,2260000000,,2374000000,,2064000000,,,171.16,164.51,,,,,54484000000,36496000000,0.670,3130.85,36496000000,,,,,55.00,,,,12622934,965730,12062929,false,false,12,2022-03-01,2023-02-28,-1
2024-04-12,8011,2025-02-28,,,,,,,,,,,,,,,,,,,,,,,,,,,,,,125.00,,,,,,,false,true,12,2024-03-01,2025-02-28,1
2024-06-28,8011,2025-02-28,1,15378000000,-0.037,,,,,747000000,-0.278,730000000,-0.287,,590000000,,50.63,,,,,,60809000000,42190000000,0.694,,42173000000,,,,,,,,,,,,true,false,3,2024-03-01,2024-05-31,0
2024-06-28,8011,2024-02-28,1,15969000000,0.112,,,,,1035000000,1.060,1025000000,0.726,,896000000,,76.90,,,,,,,,,,,,,,,,,,,,,,true,false,3,2023-03-01,2023-05-31,-1
2024-06-28,8011,2025-02-28,1,28300000000,0.005,,,,,500000000,-0.304,550000000,-0.301,,450000000,,38.56,,,,,,,,,,,,,,,,,,,,,,true,true,6,2024-03-01,2024-08-31,0
2024-06-28,8011,2025-02-28,1,62500000000,0.019,,,,,3300000000,0.083,3400000000,0.068,,3100000000,,265.64,,,,,,,,,,,,,,,,,,,,,,true,true,12,2024-03-01,2025-02-28,0
2024-06-28,8011,2024-02-28,1,,,,,,,,,,,,,,,,,,,,58758000000,41258000000,0.702,,41242000000,,,,,,,,,,,,true,false,12,2023-03-01,2024-02-29,-1
2024-06-28,8011,2024-02-28,1,,,,,,,,,,,,,,,,,,,,,,,,,,,,,88.00,,,,12622934,952952,,false,false,12,2023-03-01,2024-02-29,-1
2024-06-28,8011,2025-02-28,1,,,,,,,,,,,,,,,,,,,,,,,,,,,,,125.00,,,,,,,false,true,12,2024-03-01,2025-02-28,0
2024-06-28,8011,2025-02-28,1,,,,,,,,,,,,,,,,,,,,,,,,,,,,,,,,,12622934,953271,11669752,false,false,3,2024-03-01,2024-05-31,0
2024-06-28,8011,2024-02-28,1,,,,,,,,,,,,,,,,,,,,,,,,,,,,,,,,,,,11656954,false,false,3,2023-03-01,2023-05-31,-1
2024-10-04,8011,2025-02-28,2,27902000000,-0.009,,,,,599000000,-0.165,678000000,-0.138,,457000000,,39.21,,,,,,57924000000,40339000000,0.696,,40322000000,,,,,,,,,,,,true,false,6,2024-03-01,2024-08-31,0
2024-10-04,8011,2024-02-28,2,28155000000,0.106,,,,,718000000,,787000000,,,744000000,,63.84,,,,,,,,,,,,,,,,,,,,,,true,false,6,2023-03-01,2023-08-31,-1
2024-10-04,8011,2025-02-28,2,62500000000,0.019,,,,,3300000000,0.083,3400000000,0.068,,3100000000,,265.64,,,,,,,,,,,,,,,,,,,,,,true,true,12,2024-03-01,2025-02-28,0
2024-10-04,8011,2024-02-28,2,,,,,,,,,,,,,,,,,,,,58758000000,41258000000,0.702,,41242000000,,,,,,,,,,,,true,false,12,2023-03-01,2024-02-29,-1
2024-10-04,8011,2024-02-28,2,,,,,,,,,,,,,,,,,,,,,,,,,,,,,88.00,,,,12622934,952952,,false,false,12,2023-03-01,2024-02-29,-1
2024-10-04,8011,2025-02-28,2,,,,,,,,,,,,,,,,,,,,,,,,,,,,,0.00,,,,,,,false,false,12,2024-03-01,2025-02-28,0
2024-10-04,8011,2025-02-28,2,,,,,,,,,,,,,,,,,,,,,,,,,,,,,125.00,,,,,,,false,true,12,2024-03-01,2025-02-28,0
2024-10-04,8011,2025-02-28,2,,,,,,,,,,,,,,,,,,,,,,,,,,,,,,,,,12622934,942955,11674162,false,false,6,2024-03-01,2024-08-31,0
2024-10-04,8011,2024-02-28,2,,,,,,,,,,,,,,,,,,,,,,,,,,,,,,,,,,,11662981,false,false,6,2023-03-01,2023-08-31,-1
2024-12-27,8011,2025-02-28,3,43525000000,-0.024,,,,,1422000000,-0.177,1497000000,-0.156,,1198000000,,103.45,,,,,,58854000000,39617000000,0.673,,39599000000,,,,,,,,,,,,true,false,9,2024-03-01,2024-11-30,0
2024-12-27,8011,2024-02-28,3,44603000000,0.064,,,,,1727000000,0.680,1773000000,0.524,,1696000000,,145.41,,,,,,,,,,,,,,,,,,,,,,true,false,9,2023-03-01,2023-11-30,-1
2024-12-27,8011,2025-02-28,3,61000000000,-0.006,,,,,2700000000,-0.114,2800000000,-0.121,,4000000000,,350.86,,,,,,,,,,,,,,,,,,,,,,true,true,12,2024-03-01,2025-02-28,0
2024-12-27,8011,2024-02-28,3,,,,,,,,,,,,,,,,,,,,58758000000,41258000000,0.702,,41242000000,,,,,,,,,,,,true,false,12,2023-03-01,2024-02-29,-1
2024-12-27,8011,2024-02-28,3,,,,,,,,,,,,,,,,,,,,,,,,,,,,,88.00,,,,12622934,952952,,false,false,12,2023-03-01,2024-02-29,-1
2024-12-27,8011,2025-02-28,3,,,,,,,,,,,,,,,,,,,,,,,,,,,,,0.00,,,,,,,false,false,12,2024-03-01,2025-02-28,0
2024-12-27,8011,2025-02-28,3,,,,,,,,,,,,,,,,,,,,,,,,,,,,,129.00,,,,,,,false,true,12,2024-03-01,2025-02-28,0
2024-12-27,8011,2025-02-28,3,,,,,,,,,,,,,,,,,,,,,,,,,,,,,,,,,12622934,1523843,11585998,false,false,9,2024-03-01,2024-11-30,0
2024-12-27,8011,2024-02-28,3,,,,,,,,,,,,,,,,,,,,,,,,,,,,,,,,,,,11665244,false,false,9,2023-03-01,2023-11-30,-1
2025-04-14,8011,2025-02-28,,60526000000,-0.013,,,,,2715000000,-0.109,2825000000,-0.113,,4007000000,,351.48,,0.100,0.049,0.045,,57017000000,39301000000,0.689,3681.79,39283000000,2681000000,1629000000,-3874000000,19534000000,,0.367,,,,,,true,false,12,2024-03-01,2025-02-28,0
2025-04-14,8011,2024-02-28,,61353000000,0.053,,,,,3047000000,0.363,3184000000,0.307,,2787000000,,238.96,,0.072,0.056,0.050,,58758000000,41258000000,0.702,3534.09,41242000000,4419000000,-2337000000,-1395000000,19103000000,,0.368,,,,,,true,false,12,2023-03-01,2024-02-29,-1
2025-04-14,8011,2026-02-28,,28400000000,0.018,,,,,500000000,-0.166,500000000,-0.263,,400000000,,37.49,,,,,,,,,,,,,,,,,,,,,,true,true,6,2025-03-01,2025-08-31,1
2025-04-14,8011,2026-02-28,,62500000000,0.033,,,,,3300000000,0.215,3300000000,0.168,,4100000000,,384.27,,,,,,,,,,,,,,,,0.362,,,,,,true,true,12,2025-03-01,2026-02-28,1
2025-04-14,8011,2025-02-28,,60526000000,-0.013,,,,,2684000000,-0.111,2780000000,-0.116,3965000000,,0.441,347.79,,,,,,57010000000,39284000000,0.689,3681.90,39284000000,,,,,129.00,,,,12622934,1953281,11401475,false,false,12,2024-03-01,2025-02-28,0
2025-04-14,8011,2024-02-28,,61353000000,0.053,,,,,3018000000,0.335,3146000000,0.325,2752000000,,0.333,235.91,,,,,,58791000000,41280000000,0.702,3537.36,41280000000,,,,,88.00,,,,12622934,952952,11666374,false,false,12,2023-03-01,2024-02-29,-1
2025-04-14,8011,2026-02-28,,,,,,,,,,,,,,,,,,,,,,,,,,,,,,139.00,,,,,,,false,true,12,2025-03-01,2026-02-28,1
2025-06-30,8011,2026-02-28,1,14508000000,-0.057,,,,,36000000,-0.951,25000000,-0.966,,36000000,,3.44,,,,,,56201000000,38268000000,0.681,,38249000000,,,,,,,,,,,,true,false,3,2025-03-01,2025-05-31,0
2025-06-30,8011,2025-02-28,1,15378000000,-0.037,,,,,747000000,-0.278,730000000,-0.287,,590000000,,50.63,,,,,,,,,,,,,,,,,,,,,,true,false,3,2024-03-01,2024-05-31,-1
2025-06-30,8011,2026-02-28,1,28400000000,0.018,,,,,500000000,-0.166,500000000,-0.263,,400000000,,37.49,,,,,,,,,,,,,,,,,,,,,,true,true,6,2025-03-01,2025-08-31,0
2025-06-30,8011,2026-02-28,1,62500000000,0.033,,,,,3300000000,0.215,3300000000,0.168,,4100000000,,384.27,,,,,,,,,,,,,,,,,,,,,,true,true,12,2025-03-01,2026-02-28,0
2025-06-30,8011,2025-02-28,1,,,,,,,,,,,,,,,,,,,,57017000000,39301000000,0.689,,39283000000,,,,,,,,,,,,true,false,12,2024-03-01,2025-02-28,-1
2025-06-30,8011,2025-02-28,1,,,,,,,,,,,,,,,,,,,,,,,,,,,,,129.00,,,,12622934,1953281,,false,false,12,2024-03-01,2025-02-28,-1
2025-06-30,8011,2026-02-28,1,,,,,,,,,,,,,,,,,,,,,,,,,,,,,139.00,,,,,,,false,true,12,2025-03-01,2026-02-28,0
2025-06-30,8011,2026-02-28,1,,,,,,,,,,,,,,,,,,,,,,,,,,,,,,,,,12622934,1953905,10669249,false,false,3,2025-03-01,2025-05-31,0
2025-06-30,8011,2025-02-28,1,,,,,,,,,,,,,,,,,,,,,,,,,,,,,,,,,,,11669752,false,false,3,2024-03-01,2024-05-31,-1
