filing_date,code,fiscal_year_end,quarterly_period,net_sales,net_sales_change,revenue,revenue_change,operating_revenue,operating_revenue_change,operating_profit,operating_profit_change,ordinary_profit,ordinary_profit_change,net_income,net_income_of_parent,net_income_change,eps,diluted_eps,roe,roa,operating_profit_to_net_sales,operating_profit_to_revenue,total_assets,net_assets,equity_ratio,bps,owner_equity,operating_cash_flow,investing_cash_flow,financing_cash_flow,cash,dividend_per_share,payout_ratio,commemorative_dividend,extra_dividend,number_of_shares,number_of_treqsury_shares,avg_number_of_shares,is_consolidated,is_forecast,duration,period_start,period_end,period_pos
2015-07-31,80150,2016-03-31,1,2138417000000,0.026,,,,,30562000000,-0.110,35445000000,-0.211,,12985000000,,36.92,36.90,,,,,4571725000000,1281265000000,0.242,,1104599000000,,,,,,,,,,,,true,false,3,2015-04-01,2015-06-30,0
2015-07-31,80150,2015-03-31,1,2084089000000,0.099,,,,,34343000000,-0.161,44952000000,-0.024,,21302000000,,60.63,60.58,,,,,,,,,,,,,,,,,,,,,true,false,3,2014-04-01,2014-06-30,-1
2015-07-31,80150,2016-03-31,1,8400000000000,-0.030,,,,,158000000000,-0.068,158000000000,0.011,,70000000000,,199.04,,,,,,,,,,,,,,,,,,,,,,true,true,12,2015-04-01,2016-03-31,0
2015-07-31,80150,2015-03-31,1,,,,,,,,,,,,,,,,,,,,4533693000000,1304483000000,0.248,,1125511000000,,,,,,,,,,,,true,false,12,2014-04-01,2015-03-31,-1
2015-07-31,80150,2015-03-31,1,,,,,,,,,,,,,,,,,,,,,,,,,,,,,56.00,,,,354056516,2366124,,false,false,12,2014-04-01,2015-03-31,-1
2015-07-31,80150,2016-03-31,1,,,,,,,,,,,,,,,,,,,,,,,,,,,,,62.00,,,,,,,false,true,12,2015-04-01,2016-03-31,0
2015-07-31,80150,2016-03-31,1,,,,,,,,,,,,,,,,,,,,,,,,,,,,,,,,,354056516,2292894,351726103,false,false,3,2015-04-01,2015-06-30,0
2015-07-31,80150,2015-03-31,1,,,,,,,,,,,,,,,,,,,,,,,,,,,,,,,,,,,351339777,false,false,3,2014-04-01,2014-06-30,-1
2015-10-23,80150,2016-03-31,,8400000000000,0.000,,,,,154000000000,-0.025,139000000000,-0.120,,35000000000,,99.48,,,,,,,,,,,,,,,,,,,,,,true,true,12,2015-04-01,2016-03-31,0
2015-10-23,80150,2015-03-31,,8663460000000,,,,,,169456000000,,156267000000,,,67571000000,,192.23,,,,,,,,,,,,,,,,,,,,,,true,false,12,2014-04-01,2015-03-31,-1
2015-10-30,80150,2016-03-31,2,4284060000000,-0.016,,,,,66403000000,-0.107,66490000000,-0.193,,23786000000,,67.62,67.60,,,,,4418550000000,1235526000000,0.242,,1068677000000,,,,,,,,,,,,true,false,6,2015-04-01,2015-09-30,0
2015-10-30,80150,2015-03-31,2,4354801000000,0.173,,,,,74354000000,-0.034,82344000000,-0.047,,40257000000,,114.55,114.47,,,,,,,,,,,,,,,,,,,,,true,false,6,2014-04-01,2014-09-30,-1
2015-10-30,80150,2016-03-31,2,8400000000000,-0.030,,,,,154000000000,-0.091,139000000000,-0.110,,35000000000,,99.48,,,,,,,,,,,,,,,,,,,,,,true,true,12,2015-04-01,2016-03-31,0
2015-10-30,80150,2015-03-31,2,,,,,,,,,,,,,,,,,,,,4533693000000,1304483000000,0.248,,1125511000000,,,,,,,,,,,,true,false,12,2014-04-01,2015-03-31,-1
2015-10-30,80150,2015-03-31,2,,,,,,,,,,,,,,,,,,,,,,,,,,,,,56.00,,,,354056516,2366124,,false,false,12,2014-04-01,2015-03-31,-1
2015-10-30,80150,2016-03-31,2,,,,,,,,,,,,,,,,,,,,,,,,,,,,,31.00,,,,,,,false,false,12,2015-04-01,2016-03-31,0
2015-10-30,80150,2016-03-31,2,,,,,,,,,,,,,,,,,,,,,,,,,,,,,62.00,,,,,,,false,true,12,2015-04-01,2016-03-31,0
2015-10-30,80150,2016-03-31,2,,,,,,,,,,,,,,,,,,,,,,,,,,,,,,,,,354056516,2221492,351772581,false,false,6,2015-04-01,2015-09-30,0
2015-10-30,80150,2015-03-31,2,,,,,,,,,,,,,,,,,,,,,,,,,,,,,,,,,,,351436045,false,false,6,2014-04-01,2014-09-30,-1
2016-02-03,80150,2016-03-31,3,6260859000000,-0.049,,,,,104616000000,-0.155,99120000000,-0.179,,35052000000,,99.64,99.62,,,,,4310512000000,1223619000000,0.245,,1054501000000,,,,,,,,,,,,true,false,9,2015-04-01,2015-12-31,0
2016-02-03,80150,2015-03-31,3,6584093000000,0.154,,,,,123837000000,0.036,120748000000,-0.025,,64333000000,,183.03,182.91,,,,,,,,,,,,,,,,,,,,,true,false,9,2014-04-01,2014-12-31,-1
2016-02-03,80150,2016-03-31,3,8400000000000,-0.030,,,,,154000000000,-0.091,139000000000,-0.110,,35000000000,,99.48,,,,,,,,,,,,,,,,,,,,,,true,true,12,2015-04-01,2016-03-31,0
2016-02-03,80150,2015-03-31,3,,,,,,,,,,,,,,,,,,,,4533693000000,1304483000000,0.248,,1125511000000,,,,,,,,,,,,true,false,12,2014-04-01,2015-03-31,-1
2016-02-03,80150,2015-03-31,3,,,,,,,,,,,,,,,,,,,,,,,,,,,,,56.00,,,,354056516,2366124,,false,false,12,2014-04-01,2015-03-31,-1
2016-02-03,80150,2016-03-31,3,,,,,,,,,,,,,,,,,,,,,,,,,,,,,31.00,,,,,,,false,false,12,2015-04-01,2016-03-31,0
2016-02-03,80150,2016-03-31,3,,,,,,,,,,,,,,,,,,,,,,,,,,,,,62.00,,,,,,,false,true,12,2015-04-01,2016-03-31,0
2016-02-03,80150,2016-03-31,3,,,,,,,,,,,,,,,,,,,,,,,,,,,,,,,,,354056516,2220667,351793708,false,false,9,2015-04-01,2015-12-31,0
2016-02-03,80150,2015-03-31,3,,,,,,,,,,,,,,,,,,,,,,,,,,,,,,,,,,,351483090,false,false,9,2014-04-01,2014-12-31,-1
2016-04-21,80150,2016-03-31,,8150000000000,-0.030,,,,,140000000000,-0.091,128000000000,-0.079,,-44000000000,,-125.07,,,,,,,,,,,,,,,,,,,,,,true,true,12,2015-04-01,2016-03-31,0
2016-04-21,80150,2015-03-31,,8663460000000,,,,,,169456000000,,156267000000,,,67571000000,,192.23,,,,,,,,,,,,,,,,,,,,,,true,false,12,2014-04-01,2015-03-31,-1
2016-04-28,80150,2016-03-31,,8170237000000,-0.057,,,,,140299000000,-0.172,128095000000,-0.180,,-43714000000,,-124.26,,-0.043,0.030,0.017,,3952100000000,1055777000000,0.225,2525.69,888636000000,308338000000,-170839000000,-225202000000,399191000000,,,,,,,,true,false,12,2015-04-01,2016-03-31,0
2016-04-28,80150,2015-03-31,,8663460000000,0.119,,,,,169456000000,0.050,156267000000,-0.044,,67571000000,,192.23,192.10,0.064,0.036,0.020,,4533693000000,1304483000000,0.248,3200.29,1125511000000,169100000000,-199512000000,108247000000,499157000000,,0.291,,,,,,true,false,12,2014-04-01,2015-03-31,-1
2016-04-28,80150,2017-03-31,,7300000000000,-0.107,,,,,144000000000,0.026,150000000000,0.171,,70000000000,,198.95,,,,,,,,,,,,,,,,0.312,,,,,,true,true,12,2016-04-01,2017-03-31,1
2016-04-28,80150,2016-03-31,,3618087000000,-0.112,,,,,-20034000000,,51911000000,0.271,-59063000000,,,-167.78,,,,,,2002712000000,397656000000,0.199,1129.39,397618000000,,,,,62.00,,,,354056516,2217104,351804267,false,false,12,2015-04-01,2016-03-31,0
2016-04-28,80150,2015-03-31,,4076428000000,0.131,,,,,-1857000000,,40850000000,-0.105,20666000000,,-0.427,58.75,58.72,,,,,2380241000000,525224000000,0.221,1492.10,525096000000,,,,,56.00,,,,354056516,2366124,351517103,false,false,12,2014-04-01,2015-03-31,-1
2016-04-28,80150,2017-03-31,,,,,,,,,,,,,,,,,,,,,,,,,,,,,,62.00,,,,,,,false,true,12,2016-04-01,2017-03-31,1
2016-07-29,80150,2017-03-31,1,1862834000000,-0.129,,,,,30026000000,-0.018,43392000000,0.224,,21399000000,,60.82,60.81,,,,,3730132000000,975694000000,0.219,,816797000000,,,,,,,,,,,,true,false,3,2016-04-01,2016-06-30,0
2016-07-29,80150,2016-03-31,1,2138417000000,0.026,,,,,30562000000,-0.110,35445000000,-0.211,,12985000000,,36.92,36.90,,,,,,,,,,,,,,,,,,,,,true,false,3,2015-04-01,2015-06-30,-1
2016-07-29,80150,2017-03-31,1,7300000000000,-0.107,,,,,144000000000,0.026,150000000000,0.171,,70000000000,,198.95,,,,,,,,,,,,,,,,,,,,,,true,true,12,2016-04-01,2017-03-31,0
2016-07-29,80150,2016-03-31,1,,,,,,,,,,,,,,,,,,,,3952100000000,1055777000000,0.225,,888636000000,,,,,,,,,,,,true,false,12,2015-04-01,2016-03-31,-1
2016-07-29,80150,2016-03-31,1,,,,,,,,,,,,,,,,,,,,,,,,,,,,,62.00,,,,354056516,2217104,,false,false,12,2015-04-01,2016-03-31,-1
2016-07-29,80150,2017-03-31,1,,,,,,,,,,,,,,,,,,,,,,,,,,,,,62.00,,,,,,,false,true,12,2016-04-01,2017-03-31,0
2016-07-29,80150,2017-03-31,1,,,,,,,,,,,,,,,,,,,,,,,,,,,,,,,,,354056516,2180998,351847717,false,false,3,2016-04-01,2016-06-30,0
2016-07-29,80150,2016-03-31,1,,,,,,,,,,,,,,,,,,,,,,,,,,,,,,,,,,,351726103,false,false,3,2015-04-01,2015-06-30,-1
2016-10-28,80150,2017-03-31,2,3669332000000,-0.143,,,,,59299000000,-0.107,82534000000,0.241,,42014000000,,119.40,119.40,,,,,3672326000000,961273000000,0.221,,812921000000,,,,,,,,,,,,true,false,6,2016-04-01,2016-09-30,0
2016-10-28,80150,2016-03-31,2,4284060000000,-0.016,,,,,66403000000,-0.107,66490000000,-0.193,,23786000000,,67.62,67.60,,,,,,,,,,,,,,,,,,,,,true,false,6,2015-04-01,2015-09-30,-1
2016-10-28,80150,2017-03-31,2,7300000000000,-0.107,,,,,130000000000,-0.073,150000000000,0.171,,70000000000,,198.95,,,,,,,,,,,,,,,,,,,,,,true,true,12,2016-04-01,2017-03-31,0
2016-10-28,80150,2016-03-31,2,,,,,,,,,,,,,,,,,,,,3952100000000,1055777000000,0.225,,888636000000,,,,,,,,,,,,true,false,12,2015-04-01,2016-03-31,-1
2016-10-28,80150,2016-03-31,2,,,,,,,,,,,,,,,,,,,,,,,,,,,,,62.00,,,,354056516,2217104,,false,false,12,2015-04-01,2016-03-31,-1
2016-10-28,80150,2017-03-31,2,,,,,,,,,,,,,,,,,,,,,,,,,,,,,31.00,,,,,,,false,false,12,2016-04-01,2017-03-31,0
2016-10-28,80150,2017-03-31,2,,,,,,,,,,,,,,,,,,,,,,,,,,,,,62.00,,,,,,,false,true,12,2016-04-01,2017-03-31,0
2016-10-28,80150,2017-03-31,2,,,,,,,,,,,,,,,,,,,,,,,,,,,,,,,,,354056516,2156300,351872135,false,false,6,2016-04-01,2016-09-30,0
2016-10-28,80150,2016-03-31,2,,,,,,,,,,,,,,,,,,,,,,,,,,,,,,,,,,,351772581,false,false,6,2015-04-01,2015-09-30,-1
2017-02-02,80150,2017-03-31,3,5810338000000,-0.072,,,,,105600000000,0.009,124740000000,0.258,,63521000000,,180.52,180.51,,,,,4063391000000,1058605000000,0.221,,899168000000,,,,,,,,,,,,true,false,9,2016-04-01,2016-12-31,0
2017-02-02,80150,2016-03-31,3,6260859000000,-0.049,,,,,104616000000,-0.155,99120000000,-0.179,,35052000000,,99.64,99.62,,,,,,,,,,,,,,,,,,,,,true,false,9,2015-04-01,2015-12-31,-1
2017-02-02,80150,2017-03-31,3,8000000000000,-0.021,,,,,145000000000,0.034,165000000000,0.288,,85000000000,,241.55,,,,,,,,,,,,,,,,,,,,,,true,true,12,2016-04-01,2017-03-31,0
2017-02-02,80150,2016-03-31,3,,,,,,,,,,,,,,,,,,,,3952100000000,1055777000000,0.225,,888636000000,,,,,,,,,,,,true,false,12,2015-04-01,2016-03-31,-1
2017-02-02,80150,2016-03-31,3,,,,,,,,,,,,,,,,,,,,,,,,,,,,,62.00,,,,354056516,2217104,,false,false,12,2015-04-01,2016-03-31,-1
2017-02-02,80150,2017-03-31,3,,,,,,,,,,,,,,,,,,,,,,,,,,,,,31.00,,,,,,,false,false,12,2016-04-01,2017-03-31,0
2017-02-02,80150,2017-03-31,3,,,,,,,,,,,,,,,,,,,,,,,,,,,,,70.00,,,,,,,false,true,12,2016-04-01,2017-03-31,0
2017-02-02,80150,2017-03-31,3,,,,,,,,,,,,,,,,,,,,,,,,,,,,,,,,,354056516,2159345,351881172,false,false,9,2016-04-01,2016-12-31,0
2017-02-02,80150,2016-03-31,3,,,,,,,,,,,,,,,,,,,,,,,,,,,,,,,,,,,351793708,false,false,9,2015-04-01,2015-12-31,-1
2017-02-02,80150,2017-03-31,,8000000000000,0.096,,,,,145000000000,0.115,165000000000,0.100,85000000000,,0.214,241.55,,,,,,,,,,,,,,,,,,,,,,true,true,12,2016-04-01,2017-03-31,0
2017-02-02,80150,2016-03-31,,8170237000000,,,,,,140299000000,,128095000000,,-43714000000,,,-124.26,,,,,,,,,,,,,,,,,,,,,,true,false,12,2015-04-01,2016-03-31,-1
2017-02-02,80150,2017-03-31,,,,,,,,,,,,,,,,,,,,,,,,,,,,,,70.00,,,,,,,false,true,12,2016-04-01,2017-03-31,0
2017-02-02,80150,2017-03-31,,,,,,,,,,,,,,,,,,,,,,,,,,,,,,31.00,,,,,,,false,false,12,2016-04-01,2017-03-31,0
2017-02-02,80150,2016-03-31,,,,,,,,,,,,,,,,,,,,,,,,,,,,,,62.00,,,,,,,false,false,12,2015-04-01,2016-03-31,-1
2017-04-28,80150,2017-03-31,,7919663000000,-0.031,,,,,146656000000,0.045,158279000000,0.236,,102597000000,,291.56,291.56,0.110,0.039,0.019,,4096843000000,1151969000000,0.240,2794.14,983241000000,193769000000,-130428000000,-28343000000,430517000000,,0.240,,,,,,true,false,12,2016-04-01,2017-03-31,0
2017-04-28,80150,2016-03-31,,8170237000000,-0.057,,,,,140299000000,-0.172,128095000000,-0.180,,-43714000000,,-124.26,,-0.043,0.030,0.017,,3952100000000,1055777000000,0.225,2525.69,888636000000,308338000000,-170839000000,-225202000000,399191000000,,,,,,,,true,false,12,2015-04-01,2016-03-31,-1
2017-04-28,80150,2017-03-31,,3478397000000,-0.039,,,,,-10312000000,,70035000000,0.349,68306000000,,,193.99,193.99,,,,,2093548000000,486641000000,0.232,1382.04,486641000000,,,,,70.00,,,,354056516,2162428,351884763,false,false,12,2016-04-01,2017-03-31,0
2017-04-28,80150,2016-03-31,,3618087000000,-0.112,,,,,-20034000000,,51911000000,0.271,-59063000000,,,-167.78,,,,,,2002712000000,397656000000,0.199,1129.39,397618000000,,,,,62.00,,,,354056516,2217104,351804267,false,false,12,2015-04-01,2016-03-31,-1
2017-04-28,80150,2018-03-31,,,,,,,,,,,,,110000000000,,312.59,,,,,,,,,,,,,,,,0.250,,,,,,true,true,12,2017-04-01,2018-03-31,1
2017-04-28,80150,2018-03-31,,,,,,,,,,,,,,,,,,,,,,,,,,,,,,78.00,,,,,,,false,true,12,2017-04-01,2018-03-31,1
2017-06-23,80150,2017-03-31,,,,5797362000000,-0.072,,,133669000000,0.611,,,,107903000000,,306.64,306.63,,,,,4212064000000,,,,,159770000000,-127525000000,5656000000,,,0.228,,,,,,true,false,12,2016-04-01,2017-03-31,0
2017-06-23,80150,2016-03-31,,,,6246103000000,,,,82988000000,,,,,-19280000000,,-54.80,-54.80,,,,,4053391000000,,,,,320330000000,-162777000000,-245634000000,,,,,,,,,true,false,12,2015-04-01,2016-03-31,-1
2017-06-23,80150,2018-03-31,,,,,,,,,,,,,110000000000,,312.59,,,,,,,,,,,,,,,,0.250,,,,,,true,true,12,2017-04-01,2018-03-31,1
2017-06-23,80150,2016-03-31,,,,,,,,,,,,,,,,,,,,,,,,,,,,,,62.00,,,,354056516,2217104,351804267,false,false,12,2015-04-01,2016-03-31,-1
2017-06-23,80150,2017-03-31,,,,,,,,,,,,,,,,,,,,,,,,,,,,,,70.00,,,,354056516,2162428,351884763,false,false,12,2016-04-01,2017-03-31,0
2017-06-23,80150,2018-03-31,,,,,,,,,,,,,,,,,,,,,,,,,,,,,,78.00,,,,,,,false,true,12,2017-04-01,2018-03-31,1
2017-07-28,80150,2018-03-31,1,,,1574301000000,0.148,,,49073000000,0.259,,,,37031000000,,105.23,,,,,,4286524000000,,,,,,,,,,,,,,,,true,false,3,2017-04-01,2017-06-30,0
2017-07-28,80150,2017-03-31,1,,,1371161000000,,,,38970000000,,,,,27995000000,,79.57,79.56,,,,,,,,,,,,,,,,,,,,,true,false,3,2016-04-01,2016-06-30,-1
2017-07-28,80150,2018-03-31,1,,,,,,,,,,,,110000000000,,312.59,,,,,,,,,,,,,,,,,,,,,,true,true,12,2017-04-01,2018-03-31,0
2017-07-28,80150,2017-03-31,1,,,,,,,,,,,,,,,,,,,,4212064000000,,,,,,,,,,,,,,,,true,false,12,2016-04-01,2017-03-31,-1
2017-07-28,80150,2017-03-31,1,,,,,,,,,,,,,,,,,,,,,,,,,,,,,70.00,,,,354056516,2162428,,false,false,12,2016-04-01,2017-03-31,-1
2017-07-28,80150,2018-03-31,1,,,,,,,,,,,,,,,,,,,,,,,,,,,,,78.00,,,,,,,false,true,12,2017-04-01,2018-03-31,0
2017-07-28,80150,2018-03-31,1,,,,,,,,,,,,,,,,,,,,,,,,,,,,,,,,,354056516,2164757,351892900,false,false,3,2017-04-01,2017-06-30,0
2017-07-28,80150,2017-03-31,1,,,,,,,,,,,,,,,,,,,,,,,,,,,,,,,,,,,351847717,false,false,3,2016-04-01,2016-06-30,-1
2017-10-31,80150,2018-03-31,2,,,3131664000000,0.141,,,94822000000,0.251,,,,73436000000,,208.69,,,,,,4470960000000,,,,,,,,,,,,,,,,true,false,6,2017-04-01,2017-09-30,0
2017-10-31,80150,2017-03-31,2,,,2744744000000,,,,75803000000,,,,,50546000000,,143.65,143.64,,,,,,,,,,,,,,,,,,,,,true,false,6,2016-04-01,2016-09-30,-1
2017-10-31,80150,2018-03-31,2,,,,,,,,,,,,125000000000,,355.23,,,,,,,,,,,,,,,,,,,,,,true,true,12,2017-04-01,2018-03-31,0
2017-10-31,80150,2017-03-31,2,,,,,,,,,,,,,,,,,,,,4212064000000,,,,,,,,,,,,,,,,true,false,12,2016-04-01,2017-03-31,-1
2017-10-31,80150,2017-03-31,2,,,,,,,,,,,,,,,,,,,,,,,,,,,,,70.00,,,,354056516,2162428,,false,false,12,2016-04-01,2017-03-31,-1
2017-10-31,80150,2018-03-31,2,,,,,,,,,,,,,,,,,,,,,,,,,,,,,45.00,,,,,,,false,false,12,2017-04-01,2018-03-31,0
2017-10-31,80150,2018-03-31,2,,,,,,,,,,,,,,,,,,,,,,,,,,,,,90.00,,,,,,,false,true,12,2017-04-01,2018-03-31,0
2017-10-31,80150,2018-03-31,2,,,,,,,,,,,,,,,,,,,,,,,,,,,,,,,,,354056516,2167415,351891580,false,false,6,2017-04-01,2017-09-30,0
2017-10-31,80150,2017-03-31,2,,,,,,,,,,,,,,,,,,,,,,,,,,,,,,,,,,,351872135,false,false,6,2016-04-01,2016-09-30,-1
2017-10-31,80150,2018-03-31,,,,,,,,,,,,,125000000000,,355.23,,,,,,,,,,,,,,,,,,,,,,true,true,12,2017-04-01,2018-03-31,0
2017-10-31,80150,2017-03-31,,,,,,,,,,,,,107903000000,,306.64,,,,,,,,,,,,,,,,,,,,,,true,false,12,2016-04-01,2017-03-31,-1
2017-10-31,80150,2018-03-31,,,,,,,,,,,,,,,,,,,,,,,,,,,,,,90.00,,,,,,,false,true,12,2017-04-01,2018-03-31,0
2017-10-31,80150,2018-03-31,,,,,,,,,,,,,,,,,,,,,,,,,,,,,,45.00,,,,,,,false,false,12,2017-04-01,2018-03-31,0
2017-10-31,80150,2017-03-31,,,,,,,,,,,,,,,,,,,,,,,,,,,,,,70.00,,,,,,,false,false,12,2016-04-01,2017-03-31,-1
2018-02-02,80150,2018-03-31,3,,,4856584000000,0.142,,,147823000000,0.204,,,,113997000000,,323.96,,,,,,4615394000000,,,,,,,,,,,,,,,,true,false,9,2017-04-01,2017-12-31,0
2018-02-02,80150,2017-03-31,3,,,4252952000000,,,,122819000000,,,,,78855000000,,224.10,224.09,,,,,,,,,,,,,,,,,,,,,true,false,9,2016-04-01,2016-12-31,-1
2018-02-02,80150,2018-03-31,3,,,,,,,,,,,,125000000000,,355.23,,,,,,,,,,,,,,,,,,,,,,true,true,12,2017-04-01,2018-03-31,0
2018-02-02,80150,2017-03-31,3,,,,,,,,,,,,,,,,,,,,4212064000000,,,,,,,,,,,,,,,,true,false,12,2016-04-01,2017-03-31,-1
2018-02-02,80150,2017-03-31,3,,,,,,,,,,,,,,,,,,,,,,,,,,,,,70.00,,,,354056516,2162428,,false,false,12,2016-04-01,2017-03-31,-1
2018-02-02,80150,2018-03-31,3,,,,,,,,,,,,,,,,,,,,,,,,,,,,,45.00,,,,,,,false,false,12,2017-04-01,2018-03-31,0
2018-02-02,80150,2018-03-31,3,,,,,,,,,,,,,,,,,,,,,,,,,,,,,90.00,,,,,,,false,true,12,2017-04-01,2018-03-31,0
2018-02-02,80150,2018-03-31,3,,,,,,,,,,,,,,,,,,,,,,,,,,,,,,,,,354056516,2171219,351890158,false,false,9,2017-04-01,2017-12-31,0
2018-02-02,80150,2017-03-31,3,,,,,,,,,,,,,,,,,,,,,,,,,,,,,,,,,,,351881172,false,false,9,2016-04-01,2016-12-31,-1
2018-04-27,80150,2018-03-31,,3818390000000,0.098,,,,,-8128000000,,83641000000,0.194,71027000000,,0.040,201.72,,,,,,2138634000000,545417000000,0.255,1549.01,545417000000,,,,,94.00,,,,354056516,2170022,351889453,false,false,12,2017-04-01,2018-03-31,0
2018-04-27,80150,2017-03-31,,3478397000000,-0.039,,,,,-10312000000,,70035000000,0.349,68306000000,,,193.99,193.99,,,,,2093548000000,486641000000,0.232,1382.04,486641000000,,,,,70.00,,,,354056516,2162428,351884763,false,false,12,2016-04-01,2017-03-31,-1
2018-04-27,80150,2018-03-31,,,,6491035000000,0.120,,,182696000000,0.367,,,,130228000000,,370.08,,,,,,4310043000000,,,,,215098000000,-92498000000,-128741000000,,,0.254,,,,,,true,false,12,2017-04-01,2018-03-31,0
2018-04-27,80150,2017-03-31,,,,5797362000000,-0.072,,,133669000000,0.611,,,,107903000000,,306.64,306.63,,,,,4212064000000,,,,,159770000000,-127525000000,5656000000,,,0.228,,,,,,true,false,12,2016-04-01,2017-03-31,-1
2018-04-27,80150,2019-03-31,,,,,,,,,,,,,140000000000,,397.86,,,,,,,,,,,,,,,,0.251,,,,,,true,true,12,2018-04-01,2019-03-31,1
2018-04-27,80150,2019-03-31,,,,,,,,,,,,,,,,,,,,,,,,,,,,,,100.00,,,,,,,false,true,12,2018-04-01,2019-03-31,1
2018-07-31,80150,2019-03-31,1,,,1650063000000,0.048,,,56481000000,0.151,,,,46673000000,,132.64,,,,,,4399251000000,,,,,,,,,,,,,,,,true,false,3,2018-04-01,2018-06-30,0
2018-07-31,80150,2018-03-31,1,,,1574301000000,0.148,,,49073000000,0.259,,,,37031000000,,105.23,,,,,,,,,,,,,,,,,,,,,,true,false,3,2017-04-01,2017-06-30,-1
2018-07-31,80150,2019-03-31,1,,,,,,,,,,,,140000000000,,397.86,,,,,,,,,,,,,,,,,,,,,,true,true,12,2018-04-01,2019-03-31,0
2018-07-31,80150,2018-03-31,1,,,,,,,,,,,,,,,,,,,,4310043000000,,,,,,,,,,,,,,,,true,false,12,2017-04-01,2018-03-31,-1
2018-07-31,80150,2018-03-31,1,,,,,,,,,,,,,,,,,,,,,,,,,,,,,94.00,,,,354056516,2170022,,false,false,12,2017-04-01,2018-03-31,-1
2018-07-31,80150,2019-03-31,1,,,,,,,,,,,,,,,,,,,,,,,,,,,,,100.00,,,,,,,false,true,12,2018-04-01,2019-03-31,0
2018-07-31,80150,2019-03-31,1,,,,,,,,,,,,,,,,,,,,,,,,,,,,,,,,,354056516,2171444,351885835,false,false,3,2018-04-01,2018-06-30,0
2018-07-31,80150,2018-03-31,1,,,,,,,,,,,,,,,,,,,,,,,,,,,,,,,,,,,351892900,false,false,3,2017-04-01,2017-06-30,-1
2018-10-31,80150,2019-03-31,2,,,3361485000000,0.073,,,107442000000,0.133,,,,78615000000,,223.41,,,,,,4474886000000,,,,,,,,,,,,,,,,true,false,6,2018-04-01,2018-09-30,0
2018-10-31,80150,2018-03-31,2,,,3131664000000,0.141,,,94822000000,0.251,,,,73436000000,,208.69,,,,,,,,,,,,,,,,,,,,,,true,false,6,2017-04-01,2017-09-30,-1
2018-10-31,80150,2019-03-31,2,,,,,,,,,,,,140000000000,,397.86,,,,,,,,,,,,,,,,,,,,,,true,true,12,2018-04-01,2019-03-31,0
2018-10-31,80150,2018-03-31,2,,,,,,,,,,,,,,,,,,,,4310043000000,,,,,,,,,,,,,,,,true,false,12,2017-04-01,2018-03-31,-1
2018-10-31,80150,2018-03-31,2,,,,,,,,,,,,,,,,,,,,,,,,,,,,,94.00,,,,354056516,2170022,,false,false,12,2017-04-01,2018-03-31,-1
2018-10-31,80150,2019-03-31,2,,,,,,,,,,,,,,,,,,,,,,,,,,,,,50.00,,,,,,,false,false,12,2018-04-01,2019-03-31,0
2018-10-31,80150,2019-03-31,2,,,,,,,,,,,,,,,,,,,,,,,,,,,,,100.00,,,,,,,false,true,12,2018-04-01,2019-03-31,0
2018-10-31,80150,2019-03-31,2,,,,,,,,,,,,,,,,,,,,,,,,,,,,,,,,,354056516,2171965,351885590,false,false,6,2018-04-01,2018-09-30,0
2018-10-31,80150,2018-03-31,2,,,,,,,,,,,,,,,,,,,,,,,,,,,,,,,,,,,351891580,false,false,6,2017-04-01,2017-09-30,-1
2019-02-01,80150,2019-03-31,3,,,5106013000000,0.051,,,165175000000,0.117,,,,109844000000,,312.16,,,,,,4415604000000,,,,,,,,,,,,,,,,true,false,9,2018-04-01,2018-12-31,0
2019-02-01,80150,2018-03-31,3,,,4856584000000,0.142,,,147823000000,0.204,,,,113997000000,,323.96,,,,,,,,,,,,,,,,,,,,,,true,false,9,2017-04-01,2017-12-31,-1
2019-02-01,80150,2019-03-31,3,,,,,,,,,,,,140000000000,,397.86,,,,,,,,,,,,,,,,,,,,,,true,true,12,2018-04-01,2019-03-31,0
2019-02-01,80150,2018-03-31,3,,,,,,,,,,,,,,,,,,,,4310043000000,,,,,,,,,,,,,,,,true,false,12,2017-04-01,2018-03-31,-1
2019-02-01,80150,2018-03-31,3,,,,,,,,,,,,,,,,,,,,,,,,,,,,,94.00,,,,354056516,2170022,,false,false,12,2017-04-01,2018-03-31,-1
2019-02-01,80150,2019-03-31,3,,,,,,,,,,,,,,,,,,,,,,,,,,,,,50.00,,,,,,,false,false,12,2018-04-01,2019-03-31,0
2019-02-01,80150,2019-03-31,3,,,,,,,,,,,,,,,,,,,,,,,,,,,,,100.00,,,,,,,false,true,12,2018-04-01,2019-03-31,0
2019-02-01,80150,2019-03-31,3,,,,,,,,,,,,,,,,,,,,,,,,,,,,,,,,,354056516,2173795,351884948,false,false,9,2018-04-01,2018-12-31,0
2019-02-01,80150,2018-03-31,3,,,,,,,,,,,,,,,,,,,,,,,,,,,,,,,,,,,351890158,false,false,9,2017-04-01,2017-12-31,-1
2019-04-26,80150,2019-03-31,,3535670000000,-0.074,,,,,-7986000000,,86235000000,0.031,58684000000,,-0.174,166.67,,,,,,2186983000000,559453000000,0.256,1588.90,559453000000,,,,,100.00,,,,354056516,2169311,351885732,false,false,12,2018-04-01,2019-03-31,0
2019-04-26,80150,2018-03-31,,3818390000000,0.098,,,,,-8128000000,,83641000000,0.194,71027000000,,0.040,201.72,,,,,,2138634000000,545417000000,0.255,1549.01,545417000000,,,,,94.00,,,,354056516,2170022,351889453,false,false,12,2017-04-01,2018-03-31,-1
2019-04-26,80150,2019-03-31,,,,6762702000000,0.042,,,215197000000,0.178,,,,132622000000,,376.89,,,,,,4441464000000,,,,,210796000000,-137546000000,-24909000000,,,0.265,,,,,,true,false,12,2018-04-01,2019-03-31,0
2019-04-26,80150,2018-03-31,,,,6491035000000,0.120,,,182696000000,0.367,,,,130228000000,,370.08,,,,,,4310043000000,,,,,215098000000,-92498000000,-128741000000,,,0.254,,,,,,true,false,12,2017-04-01,2018-03-31,-1
2019-04-26,80150,2020-03-31,,,,,,,,,,,,,150000000000,,426.27,,,,,,,,,,,,,,,,0.282,,,,,,true,true,12,2019-04-01,2020-03-31,1
2019-04-26,80150,2020-03-31,,,,,,,,,,,,,,,,,,,,,,,,,,,,,,120.00,,,,,,,false,true,12,2019-04-01,2020-03-31,1
2019-07-31,80150,2020-03-31,1,,,1689853000000,0.024,,,55659000000,-0.015,,,,55612000000,,158.05,,,,,,4535302000000,,,,,,,,,,,,,,,,true,false,3,2019-04-01,2019-06-30,0
2019-07-31,80150,2019-03-31,1,,,1650063000000,0.048,,,56481000000,0.151,,,,46673000000,,132.64,,,,,,,,,,,,,,,,,,,,,,true,false,3,2018-04-01,2018-06-30,-1
2019-07-31,80150,2020-03-31,1,,,,,,,,,,,,150000000000,,426.27,,,,,,,,,,,,,,,,,,,,,,true,true,12,2019-04-01,2020-03-31,0
2019-07-31,80150,2019-03-31,1,,,,,,,,,,,,,,,,,,,,4441464000000,,,,,,,,,,,,,,,,true,false,12,2018-04-01,2019-03-31,-1
2019-07-31,80150,2019-03-31,1,,,,,,,,,,,,,,,,,,,,,,,,,,,,,100.00,,,,354056516,2169331,,false,false,12,2018-04-01,2019-03-31,-1
2019-07-31,80150,2020-03-31,1,,,,,,,,,,,,,,,,,,,,,,,,,,,,,120.00,,,,,,,false,true,12,2019-04-01,2020-03-31,0
2019-07-31,80150,2020-03-31,1,,,,,,,,,,,,,,,,,,,,,,,,,,,,,,,,,354056516,2198991,351874903,false,false,3,2019-04-01,2019-06-30,0
2019-07-31,80150,2019-03-31,1,,,,,,,,,,,,,,,,,,,,,,,,,,,,,,,,,,,351885835,false,false,3,2018-04-01,2018-06-30,-1
2019-10-31,80150,2020-03-31,2,,,3364298000000,0.001,,,108646000000,0.011,,,,79138000000,,224.91,,,,,,4498595000000,,,,,,,,,,,,,,,,true,false,6,2019-04-01,2019-09-30,0
2019-10-31,80150,2019-03-31,2,,,3361485000000,0.073,,,107442000000,0.133,,,,78615000000,,223.41,,,,,,,,,,,,,,,,,,,,,,true,false,6,2018-04-01,2018-09-30,-1
2019-10-31,80150,2020-03-31,2,,,,,,,,,,,,150000000000,,426.27,,,,,,,,,,,,,,,,,,,,,,true,true,12,2019-04-01,2020-03-31,0
2019-10-31,80150,2019-03-31,2,,,,,,,,,,,,,,,,,,,,4441464000000,,,,,,,,,,,,,,,,true,false,12,2018-04-01,2019-03-31,-1
2019-10-31,80150,2019-03-31,2,,,,,,,,,,,,,,,,,,,,,,,,,,,,,100.00,,,,354056516,2169311,,false,false,12,2018-04-01,2019-03-31,-1
2019-10-31,80150,2020-03-31,2,,,,,,,,,,,,,,,,,,,,,,,,,,,,,60.00,,,,,,,false,false,12,2019-04-01,2020-03-31,0
2019-10-31,80150,2020-03-31,2,,,,,,,,,,,,,,,,,,,,,,,,,,,,,120.00,,,,,,,false,true,12,2019-04-01,2020-03-31,0
2019-10-31,80150,2020-03-31,2,,,,,,,,,,,,,,,,,,,,,,,,,,,,,,,,,354056516,2205515,351864293,false,false,6,2019-04-01,2019-09-30,0
2019-10-31,80150,2019-03-31,2,,,,,,,,,,,,,,,,,,,,,,,,,,,,,,,,,,,351885590,false,false,6,2018-04-01,2018-09-30,-1
2020-01-31,80150,2020-03-31,3,,,5060141000000,-0.009,,,164068000000,-0.007,,,,116588000000,,331.35,,,,,,4686878000000,,,,,,,,,,,,,,,,true,false,9,2019-04-01,2019-12-31,0
2020-01-31,80150,2019-03-31,3,,,5106013000000,0.051,,,165175000000,0.117,,,,109844000000,,312.16,,,,,,,,,,,,,,,,,,,,,,true,false,9,2018-04-01,2018-12-31,-1
2020-01-31,80150,2020-03-31,3,,,,,,,,,,,,150000000000,,426.27,,,,,,,,,,,,,,,,,,,,,,true,true,12,2019-04-01,2020-03-31,0
2020-01-31,80150,2019-03-31,3,,,,,,,,,,,,,,,,,,,,4441464000000,,,,,,,,,,,,,,,,true,false,12,2018-04-01,2019-03-31,-1
2020-01-31,80150,2019-03-31,3,,,,,,,,,,,,,,,,,,,,,,,,,,,,,100.00,,,,354056516,2169311,,false,false,12,2018-04-01,2019-03-31,-1
2020-01-31,80150,2020-03-31,3,,,,,,,,,,,,,,,,,,,,,,,,,,,,,60.00,,,,,,,false,false,12,2019-04-01,2020-03-31,0
2020-01-31,80150,2020-03-31,3,,,,,,,,,,,,,,,,,,,,,,,,,,,,,120.00,,,,,,,false,true,12,2019-04-01,2020-03-31,0
2020-01-31,80150,2020-03-31,3,,,,,,,,,,,,,,,,,,,,,,,,,,,,,,,,,354056516,2209316,351859265,false,false,9,2019-04-01,2019-12-31,0
2020-01-31,80150,2019-03-31,3,,,,,,,,,,,,,,,,,,,,,,,,,,,,,,,,,,,351884948,false,false,9,2018-04-01,2018-12-31,-1
2020-04-30,80150,2020-03-31,,2939577000000,-0.169,,,,,-3335000000,,116764000000,0.354,109772000000,,0.871,311.79,,,,,,2176958000000,609695000000,0.280,1731.80,609695000000,,,,,110.00,,,,354056516,2210565,351856020,false,false,12,2019-04-01,2020-03-31,0
2020-04-30,80150,2019-03-31,,3535670000000,-0.074,,,,,-7986000000,,86235000000,0.031,58684000000,,-0.174,166.67,,,,,,2186983000000,559453000000,0.256,1588.90,559453000000,,,,,100.00,,,,354056516,2169311,351885732,false,false,12,2018-04-01,2019-03-31,-1
2020-04-30,80150,2020-03-31,,,,6694071000000,-0.010,,,210370000000,-0.022,,,,135551000000,,385.25,,,,,,4545210000000,,,,,267809000000,-173910000000,-53679000000,,,0.286,,,,,,true,false,12,2019-04-01,2020-03-31,0
2020-04-30,80150,2019-03-31,,,,6762702000000,0.042,,,215197000000,0.178,,,,132622000000,,376.89,,,,,,4441464000000,,,,,210796000000,-137546000000,-24909000000,,,0.265,,,,,,true,false,12,2018-04-01,2019-03-31,-1
2020-06-10,80150,2021-03-31,,,,,,,,,,,,,80000000000,,227.37,,,,,,,,,,,,,,,,,,,,,,true,true,12,2020-04-01,2021-03-31,0
2020-06-10,80150,2020-03-31,,,,,,,,,,,,,135551000000,,385.25,,,,,,,,,,,,,,,,,,,,,,true,false,12,2019-04-01,2020-03-31,-1
2020-06-10,80150,2021-03-31,,,,,,,,,,,,,,,,,,,,,,,,,,,,,,110.00,,,,,,,false,true,12,2020-04-01,2021-03-31,0
2020-06-10,80150,2020-03-31,,,,,,,,,,,,,,,,,,,,,,,,,,,,,,110.00,,,,,,,false,false,12,2019-04-01,2020-03-31,-1
2020-07-31,80150,2021-03-31,1,,,1193982000000,-0.293,,,19139000000,-0.656,,,,13393000000,,38.07,,,,,,4588118000000,,,,,,,,,,,,,,,,true,false,3,2020-04-01,2020-06-30,0
2020-07-31,80150,2020-03-31,1,,,1689853000000,0.024,,,55659000000,-0.015,,,,55612000000,,158.05,,,,,,,,,,,,,,,,,,,,,,true,false,3,2019-04-01,2019-06-30,-1
2020-07-31,80150,2021-03-31,1,,,,,,,,,,,,80000000000,,227.37,,,,,,,,,,,,,,,,,,,,,,true,true,12,2020-04-01,2021-03-31,0
2020-07-31,80150,2020-03-31,1,,,,,,,,,,,,,,,,,,,,4545210000000,,,,,,,,,,,,,,,,true,false,12,2019-04-01,2020-03-31,-1
2020-07-31,80150,2020-03-31,1,,,,,,,,,,,,,,,,,,,,,,,,,,,,,110.00,,,,354056516,2210565,,false,false,12,2019-04-01,2020-03-31,-1
2020-07-31,80150,2021-03-31,1,,,,,,,,,,,,,,,,,,,,,,,,,,,,,110.00,,,,,,,false,true,12,2020-04-01,2021-03-31,0
2020-07-31,80150,2021-03-31,1,,,,,,,,,,,,,,,,,,,,,,,,,,,,,,,,,354056516,2210969,351845838,false,false,3,2020-04-01,2020-06-30,0
2020-07-31,80150,2020-03-31,1,,,,,,,,,,,,,,,,,,,,,,,,,,,,,,,,,,,351874903,false,false,3,2019-04-01,2019-06-30,-1
2020-10-29,80150,2021-03-31,2,,,2732583000000,-0.188,,,71999000000,-0.337,,,,41694000000,,118.50,,,,,,4685124000000,,,,,,,,,,,,,,,,true,false,6,2020-04-01,2020-09-30,0
2020-10-29,80150,2020-03-31,2,,,3364298000000,0.001,,,108646000000,0.011,,,,79138000000,,224.91,,,,,,,,,,,,,,,,,,,,,,true,false,6,2019-04-01,2019-09-30,-1
2020-10-29,80150,2021-03-31,2,,,,,,,,,,,,80000000000,,227.37,,,,,,,,,,,,,,,,,,,,,,true,true,12,2020-04-01,2021-03-31,0
2020-10-29,80150,2020-03-31,2,,,,,,,,,,,,,,,,,,,,4545210000000,,,,,,,,,,,,,,,,true,false,12,2019-04-01,2020-03-31,-1
2020-10-29,80150,2020-03-31,2,,,,,,,,,,,,,,,,,,,,,,,,,,,,,110.00,,,,354056516,2210565,,false,false,12,2019-04-01,2020-03-31,-1
2020-10-29,80150,2021-03-31,2,,,,,,,,,,,,,,,,,,,,,,,,,,,,,50.00,,,,,,,false,false,12,2020-04-01,2021-03-31,0
2020-10-29,80150,2021-03-31,2,,,,,,,,,,,,,,,,,,,,,,,,,,,,,110.00,,,,,,,false,true,12,2020-04-01,2021-03-31,0
2020-10-29,80150,2021-03-31,2,,,,,,,,,,,,,,,,,,,,,,,,,,,,,,,,,354056516,2212171,351845400,false,false,6,2020-04-01,2020-09-30,0
2020-10-29,80150,2020-03-31,2,,,,,,,,,,,,,,,,,,,,,,,,,,,,,,,,,,,351864293,false,false,6,2019-04-01,2019-09-30,-1
2021-02-02,80150,2021-03-31,3,,,4446930000000,-0.121,,,143343000000,-0.126,,,,89371000000,,254.01,,,,,,4857488000000,,,,,,,,,,,,,,,,true,false,9,2020-04-01,2020-12-31,0
2021-02-02,80150,2020-03-31,3,,,5060141000000,-0.009,,,164068000000,-0.007,,,,116588000000,,331.35,,,,,,,,,,,,,,,,,,,,,,true,false,9,2019-04-01,2019-12-31,-1
2021-02-02,80150,2021-03-31,3,,,,,,,,,,,,120000000000,,341.06,,,,,,,,,,,,,,,,,,,,,,true,true,12,2020-04-01,2021-03-31,0
2021-02-02,80150,2020-03-31,3,,,,,,,,,,,,,,,,,,,,4545210000000,,,,,,,,,,,,,,,,true,false,12,2019-04-01,2020-03-31,-1
2021-02-02,80150,2020-03-31,3,,,,,,,,,,,,,,,,,,,,,,,,,,,,,110.00,,,,354056516,2210565,,false,false,12,2019-04-01,2020-03-31,-1
2021-02-02,80150,2021-03-31,3,,,,,,,,,,,,,,,,,,,,,,,,,,,,,50.00,,,,,,,false,false,12,2020-04-01,2021-03-31,0
2021-02-02,80150,2021-03-31,3,,,,,,,,,,,,,,,,,,,,,,,,,,,,,112.00,,,,,,,false,true,12,2020-04-01,2021-03-31,0
2021-02-02,80150,2021-03-31,3,,,,,,,,,,,,,,,,,,,,,,,,,,,,,,,,,354056516,2214103,351844799,false,false,9,2020-04-01,2020-12-31,0
2021-02-02,80150,2020-03-31,3,,,,,,,,,,,,,,,,,,,,,,,,,,,,,,,,,,,351859265,false,false,9,2019-04-01,2019-12-31,-1
2021-04-28,80150,2021-03-31,,2472924000000,-0.159,,,,,1506000000,,80675000000,-0.309,64006000000,,-0.417,181.81,,,,,,2474853000000,730527000000,0.295,2075.05,730527000000,,,,,112.00,,,,354056516,2217027,351843852,false,false,12,2020-04-01,2021-03-31,0
2021-04-28,80150,2020-03-31,,2939577000000,-0.169,,,,,-3335000000,,116764000000,0.354,109772000000,,0.871,311.79,,,,,,2176958000000,609695000000,0.280,1731.80,609695000000,,,,,110.00,,,,354056516,2210565,351856020,false,false,12,2019-04-01,2020-03-31,-1
2021-04-28,80150,2021-03-31,,,,6309303000000,-0.057,,,213058000000,0.013,,,,134602000000,,382.56,,,,,,5228004000000,,,,,245055000000,-102176000000,24073000000,,,0.293,,,,,,true,false,12,2020-04-01,2021-03-31,0
2021-04-28,80150,2020-03-31,,,,6694071000000,-0.010,,,210370000000,-0.022,,,,135551000000,,385.25,,,,,,4545210000000,,,,,267809000000,-173910000000,-53679000000,,,0.286,,,,,,true,false,12,2019-04-01,2020-03-31,-1
2021-04-28,80150,2022-03-31,,,,,,,,,,,,,150000000000,,426.33,,,,,,,,,,,,,,,,0.281,,,,,,true,true,12,2021-04-01,2022-03-31,1
2021-04-28,80150,2022-03-31,,,,,,,,,,,,,,,,,,,,,,,,,,,,,,120.00,,,,,,,false,true,12,2021-04-01,2022-03-31,1
2021-07-30,80150,2022-03-31,1,,,1872127000000,0.568,,,75979000000,2.970,,,,56707000000,,161.18,,,,,,5322508000000,,,,,,,,,,,,,,,,true,false,3,2021-04-01,2021-06-30,0
2021-07-30,80150,2021-03-31,1,,,1193982000000,-0.293,,,19139000000,-0.656,,,,13393000000,,38.07,,,,,,,,,,,,,,,,,,,,,,true,false,3,2020-04-01,2020-06-30,-1
2021-07-30,80150,2022-03-31,1,,,,,,,,,,,,150000000000,,426.33,,,,,,,,,,,,,,,,,,,,,,true,true,12,2021-04-01,2022-03-31,0
2021-07-30,80150,2021-03-31,1,,,,,,,,,,,,,,,,,,,,5228004000000,,,,,,,,,,,,,,,,true,false,12,2020-04-01,2021-03-31,-1
2021-07-30,80150,2021-03-31,1,,,,,,,,,,,,,,,,,,,,,,,,,,,,,112.00,,,,354056516,2217027,,false,false,12,2020-04-01,2021-03-31,-1
2021-07-30,80150,2022-03-31,1,,,,,,,,,,,,,,,,,,,,,,,,,,,,,120.00,,,,,,,false,true,12,2021-04-01,2022-03-31,0
2021-07-30,80150,2022-03-31,1,,,,,,,,,,,,,,,,,,,,,,,,,,,,,,,,,354056516,2220243,351836904,false,false,3,2021-04-01,2021-06-30,0
2021-07-30,80150,2021-03-31,1,,,,,,,,,,,,,,,,,,,,,,,,,,,,,,,,,,,351845838,false,false,3,2020-04-01,2020-06-30,-1
2021-10-29,8015,2022-03-31,2,,,3744666000000,0.370,,,149417000000,1.075,,,,127573000000,,362.59,,,,,,5430295000000,,,,,,,,,,,,,,,,true,false,6,2021-04-01,2021-09-30,0
2021-10-29,8015,2021-03-31,2,,,2732583000000,-0.188,,,71999000000,-0.337,,,,41694000000,,118.50,,,,,,,,,,,,,,,,,,,,,,true,false,6,2020-04-01,2020-09-30,-1
2021-10-29,8015,2022-03-31,2,,,,,,,,,,,,190000000000,,540.02,,,,,,,,,,,,,,,,,,,,,,true,true,12,2021-04-01,2022-03-31,0
2021-10-29,8015,2021-03-31,2,,,,,,,,,,,,,,,,,,,,5228004000000,,,,,,,,,,,,,,,,true,false,12,2020-04-01,2021-03-31,-1
2021-10-29,8015,2021-03-31,2,,,,,,,,,,,,,,,,,,,,,,,,,,,,,112.00,,,,354056516,2217027,,false,false,12,2020-04-01,2021-03-31,-1
2021-10-29,8015,2022-03-31,2,,,,,,,,,,,,,,,,,,,,,,,,,,,,,70.00,,,,,,,false,false,12,2021-04-01,2022-03-31,0
2021-10-29,8015,2022-03-31,2,,,,,,,,,,,,,,,,,,,,,,,,,,,,,140.00,,,,,,,false,true,12,2021-04-01,2022-03-31,0
2021-10-29,8015,2022-03-31,2,,,,,,,,,,,,,,,,,,,,,,,,,,,,,,,,,354056516,2207814,351842029,false,false,6,2021-04-01,2021-09-30,0
2021-10-29,8015,2021-03-31,2,,,,,,,,,,,,,,,,,,,,,,,,,,,,,,,,,,,351845400,false,false,6,2020-04-01,2020-09-30,-1
2022-02-02,8015,2022-03-31,3,,,5776713000000,0.299,,,227265000000,0.585,,,,180271000000,,512.36,,,,,,5763564000000,,,,,,,,,,,,,,,,true,false,9,2021-04-01,2021-12-31,0
2022-02-02,8015,2021-03-31,3,,,4446930000000,-0.121,,,143343000000,-0.126,,,,89371000000,,254.01,,,,,,,,,,,,,,,,,,,,,,true,false,9,2020-04-01,2020-12-31,-1
2022-02-02,8015,2022-03-31,3,,,,,,,,,,,,210000000000,,596.86,,,,,,,,,,,,,,,,,,,,,,true,true,12,2021-04-01,2022-03-31,0
2022-02-02,8015,2021-03-31,3,,,,,,,,,,,,,,,,,,,,5228004000000,,,,,,,,,,,,,,,,true,false,12,2020-04-01,2021-03-31,-1
2022-02-02,8015,2021-03-31,3,,,,,,,,,,,,,,,,,,,,,,,,,,,,,112.00,,,,354056516,2217027,,false,false,12,2020-04-01,2021-03-31,-1
2022-02-02,8015,2022-03-31,3,,,,,,,,,,,,,,,,,,,,,,,,,,,,,70.00,,,,,,,false,false,12,2021-04-01,2022-03-31,0
2022-02-02,8015,2022-03-31,3,,,,,,,,,,,,,,,,,,,,,,,,,,,,,150.00,,,,,,,false,true,12,2021-04-01,2022-03-31,0
2022-02-02,8015,2022-03-31,3,,,,,,,,,,,,,,,,,,,,,,,,,,,,,,,,,354056516,2209584,351843997,false,false,9,2021-04-01,2021-12-31,0
2022-02-02,8015,2021-03-31,3,,,,,,,,,,,,,,,,,,,,,,,,,,,,,,,,,,,351844799,false,false,9,2020-04-01,2020-12-31,-1
2022-02-02,80150,2022-03-31,,,,,,,,,,,,,210000000000,,596.86,,,,,,,,,,,,,,,,,,,,,,true,true,12,2021-04-01,2022-03-31,0
2022-02-02,80150,2021-03-31,,,,,,,,,,,,,134602000000,,382.56,,,,,,,,,,,,,,,,,,,,,,true,false,12,2020-04-01,2021-03-31,-1
2022-02-02,80150,2022-03-31,,,,,,,,,,,,,,,,,,,,,,,,,,,,,,150.00,,,,,,,false,true,12,2021-04-01,2022-03-31,0
2022-02-02,80150,2022-03-31,,,,,,,,,,,,,,,,,,,,,,,,,,,,,,70.00,,,,,,,false,false,12,2021-04-01,2022-03-31,0
2022-02-02,80150,2021-03-31,,,,,,,,,,,,,,,,,,,,,,,,,,,,,,112.00,,,,,,,false,false,12,2020-04-01,2021-03-31,-1
2022-04-28,8015,2022-03-31,,1514045000000,-0.388,,,,,8361000000,4.552,171996000000,1.132,196642000000,,2.072,558.55,,,,,,2679390000000,894342000000,0.334,2540.30,894342000000,,,,,160.00,,,,354056516,2210586,351844607,false,false,12,2021-04-01,2022-03-31,0
2022-04-28,8015,2021-03-31,,2472924000000,-0.159,,,,,1506000000,,80675000000,-0.309,64006000000,,-0.417,181.81,,,,,,2474853000000,730527000000,0.295,2075.05,730527000000,,,,,112.00,,,,354056516,2217027,351843852,false,false,12,2020-04-01,2021-03-31,-1
2022-04-28,8015,2022-03-31,,,,8028000000000,0.272,,,294141000000,0.381,,,,222235000000,,631.63,,,,,,6143125000000,,,,,50137000000,-157333000000,44901000000,,,0.253,,,,,,true,false,12,2021-04-01,2022-03-31,0
2022-04-28,8015,2021-03-31,,,,6309303000000,-0.057,,,213058000000,0.013,,,,134602000000,,382.56,,,,,,5228004000000,,,,,245055000000,-102176000000,24073000000,,,0.293,,,,,,true,false,12,2020-04-01,2021-03-31,-1
2022-04-28,8015,2023-03-31,,,,,,,,,,,,,210000000000,,596.85,,,,,,,,,,,,,,,,0.271,,,,,,true,true,12,2022-04-01,2023-03-31,1
2022-04-28,8015,2023-03-31,,,,,,,,,,,,,,,,,,,,,,,,,,,,,,162.00,,,,,,,false,true,12,2022-04-01,2023-03-31,1
2022-07-29,8015,2023-03-31,1,,,2375630000000,0.269,,,102334000000,0.347,,,,74834000000,,212.69,,,,,,6564911000000,,,,,,,,,,,,,,,,true,false,3,2022-04-01,2022-06-30,0
2022-07-29,8015,2022-03-31,1,,,1872127000000,0.568,,,75979000000,2.970,,,,56707000000,,161.18,,,,,,,,,,,,,,,,,,,,,,true,false,3,2021-04-01,2021-06-30,-1
2022-07-29,8015,2023-03-31,1,,,,,,,,,,,,210000000000,,596.85,,,,,,,,,,,,,,,,,,,,,,true,true,12,2022-04-01,2023-03-31,0
2022-07-29,8015,2022-03-31,1,,,,,,,,,,,,,,,,,,,,6143125000000,,,,,,,,,,,,,,,,true,false,12,2021-04-01,2022-03-31,-1
2022-07-29,8015,2022-03-31,1,,,,,,,,,,,,,,,,,,,,,,,,,,,,,160.00,,,,354056516,2210755,,false,false,12,2021-04-01,2022-03-31,-1
2022-07-29,8015,2023-03-31,1,,,,,,,,,,,,,,,,,,,,,,,,,,,,,162.00,,,,,,,false,true,12,2022-04-01,2023-03-31,0
2022-07-29,8015,2023-03-31,1,,,,,,,,,,,,,,,,,,,,,,,,,,,,,,,,,354056516,2210419,351846434,false,false,3,2022-04-01,2022-06-30,0
2022-07-29,8015,2022-03-31,1,,,,,,,,,,,,,,,,,,,,,,,,,,,,,,,,,,,351836904,false,false,3,2021-04-01,2021-06-30,-1
2022-10-28,8015,2023-03-31,2,,,4907747000000,0.311,,,207983000000,0.392,,,,151280000000,,429.95,,,,,,6694263000000,,,,,,,,,,,,,,,,true,false,6,2022-04-01,2022-09-30,0
2022-10-28,8015,2022-03-31,2,,,3744666000000,0.370,,,149417000000,1.075,,,,127573000000,,362.59,,,,,,,,,,,,,,,,,,,,,,true,false,6,2021-04-01,2021-09-30,-1
2022-10-28,8015,2023-03-31,2,,,,,,,,,,,,270000000000,,767.36,,,,,,,,,,,,,,,,,,,,,,true,true,12,2022-04-01,2023-03-31,0
2022-10-28,8015,2022-03-31,2,,,,,,,,,,,,,,,,,,,,6143125000000,,,,,,,,,,,,,,,,true,false,12,2021-04-01,2022-03-31,-1
2022-10-28,8015,2022-03-31,2,,,,,,,,,,,,,,,,,,,,,,,,,,,,,160.00,,,,354056516,2210755,,false,false,12,2021-04-01,2022-03-31,-1
2022-10-28,8015,2023-03-31,2,,,,,,,,,,,,,,,,,,,,,,,,,,,,,96.00,,,,,,,false,false,12,2022-04-01,2023-03-31,0
2022-10-28,8015,2023-03-31,2,,,,,,,,,,,,,,,,,,,,,,,,,,,,,192.00,,,,,,,false,true,12,2022-04-01,2023-03-31,0
2022-10-28,8015,2023-03-31,2,,,,,,,,,,,,,,,,,,,,,,,,,,,,,,,,,354056516,2190751,351854642,false,false,6,2022-04-01,2022-09-30,0
2022-10-28,8015,2022-03-31,2,,,,,,,,,,,,,,,,,,,,,,,,,,,,,,,,,,,351842029,false,false,6,2021-04-01,2021-09-30,-1
2022-10-28,80150,2023-03-31,,,,,,,,,,,,,270000000000,,767.36,,,,,,,,,,,,,,,,,,,,,,true,true,12,2022-04-01,2023-03-31,0
2022-10-28,80150,2022-03-31,,,,,,,,,,,,,222235000000,,631.63,,,,,,,,,,,,,,,,,,,,,,true,false,12,2021-04-01,2022-03-31,-1
2022-10-28,80150,2023-03-31,,,,,,,,,,,,,,,,,,,,,,,,,,,,,,192.00,,,,,,,false,true,12,2022-04-01,2023-03-31,0
2022-10-28,80150,2023-03-31,,,,,,,,,,,,,,,,,,,,,,,,,,,,,,96.00,,,,,,,false,false,12,2022-04-01,2023-03-31,0
2022-10-28,80150,2022-03-31,,,,,,,,,,,,,,,,,,,,,,,,,,,,,,160.00,,,,,,,false,false,12,2021-04-01,2022-03-31,-1
2023-02-03,8015,2023-03-31,3,,,7367402000000,0.275,,,316195000000,0.391,,,,235428000000,,669.10,,,,,,6515892000000,,,,,,,,,,,,,,,,true,false,9,2022-04-01,2022-12-31,0
2023-02-03,8015,2022-03-31,3,,,5776713000000,0.299,,,227265000000,0.585,,,,180271000000,,512.36,,,,,,,,,,,,,,,,,,,,,,true,false,9,2021-04-01,2021-12-31,-1
2023-02-03,8015,2023-03-31,3,,,,,,,,,,,,270000000000,,767.36,,,,,,,,,,,,,,,,,,,,,,true,true,12,2022-04-01,2023-03-31,0
2023-02-03,8015,2022-03-31,3,,,,,,,,,,,,,,,,,,,,6143125000000,,,,,,,,,,,,,,,,true,false,12,2021-04-01,2022-03-31,-1
2023-02-03,8015,2022-03-31,3,,,,,,,,,,,,,,,,,,,,,,,,,,,,,160.00,,,,354056516,2210755,,false,false,12,2021-04-01,2022-03-31,-1
2023-02-03,8015,2023-03-31,3,,,,,,,,,,,,,,,,,,,,,,,,,,,,,96.00,,,,,,,false,false,12,2022-04-01,2023-03-31,0
2023-02-03,8015,2023-03-31,3,,,,,,,,,,,,,,,,,,,,,,,,,,,,,192.00,,,,,,,false,true,12,2022-04-01,2023-03-31,0
2023-02-03,8015,2023-03-31,3,,,,,,,,,,,,,,,,,,,,,,,,,,,,,,,,,354056516,2191999,351858212,false,false,9,2022-04-01,2022-12-31,0
2023-02-03,8015,2022-03-31,3,,,,,,,,,,,,,,,,,,,,,,,,,,,,,,,,,,,351843997,false,false,9,2021-04-01,2021-12-31,-1
2023-04-27,8015,2023-03-31,,1858767000000,0.228,,,,,18961000000,1.268,141383000000,-0.178,108701000000,,-0.447,308.75,,,,,,2889877000000,921011000000,0.318,2615.93,921011000000,,,,,202.00,,,,354056516,2192845,351859681,false,false,12,2022-04-01,2023-03-31,0
2023-04-27,8015,2022-03-31,,1514045000000,-0.388,,,,,8361000000,4.552,171996000000,1.132,196642000000,,2.072,558.55,,,,,,2679390000000,894342000000,0.334,2540.30,894342000000,,,,,160.00,,,,354056516,2210755,351844565,false,false,12,2021-04-01,2022-03-31,-1
2023-04-27,8015,2023-03-31,,,,9848560000000,0.227,,,388753000000,0.322,,,,284155000000,,807.58,,,,,,6377064000000,,,,,444290000000,-139918000000,-206671000000,,,0.250,,,,,,true,false,12,2022-04-01,2023-03-31,0
2023-04-27,8015,2022-03-31,,,,8028000000000,0.272,,,294141000000,0.381,,,,222235000000,,631.63,,,,,,6143125000000,,,,,50137000000,-157333000000,44901000000,,,0.253,,,,,,true,false,12,2021-04-01,2022-03-31,-1
2023-04-27,8015,2024-03-31,,,,,,,,,,,,,280000000000,,795.76,,,,,,,,,,,,,,,,0.256,,,,,,true,true,12,2023-04-01,2024-03-31,1
2023-04-27,8015,2024-03-31,,,,,,,,,,,,,,,,,,,,,,,,,,,,,,204.00,,,,,,,false,true,12,2023-04-01,2024-03-31,1
2023-07-28,8015,2024-03-31,1,,,2540752000000,0.070,,,113730000000,0.111,,,,92716000000,,263.50,,,,,,6974437000000,,,,,,,,,,,,,,,,true,false,3,2023-04-01,2023-06-30,0
2023-07-28,8015,2023-03-31,1,,,2375630000000,0.269,,,102334000000,0.347,,,,74834000000,,212.69,,,,,,,,,,,,,,,,,,,,,,true,false,3,2022-04-01,2022-06-30,-1
2023-07-28,8015,2024-03-31,1,,,,,,,,,,,,300000000000,,852.60,,,,,,,,,,,,,,,,,,,,,,true,true,12,2023-04-01,2024-03-31,0
2023-07-28,8015,2023-03-31,1,,,,,,,,,,,,,,,,,,,,6377064000000,,,,,,,,,,,,,,,,true,false,12,2022-04-01,2023-03-31,-1
2023-07-28,8015,2023-03-31,1,,,,,,,,,,,,,,,,,,,,,,,,,,,,,202.00,,,,354056516,2192845,,false,false,12,2022-04-01,2023-03-31,-1
2023-07-28,8015,2024-03-31,1,,,,,,,,,,,,,,,,,,,,,,,,,,,,,214.00,,,,,,,false,true,12,2023-04-01,2024-03-31,0
2023-07-28,8015,2024-03-31,1,,,,,,,,,,,,,,,,,,,,,,,,,,,,,,,,,354056516,2194350,351862986,false,false,3,2023-04-01,2023-06-30,0
2023-07-28,8015,2023-03-31,1,,,,,,,,,,,,,,,,,,,,,,,,,,,,,,,,,,,351846434,false,false,3,2022-04-01,2022-06-30,-1
2023-07-28,80150,2024-03-31,,,,,,,,,,,,,300000000000,,852.60,,,,,,,,,,,,,,,,,,,,,,true,true,12,2023-04-01,2024-03-31,0
2023-07-28,80150,2023-03-31,,,,,,,,,,,,,284155000000,,807.58,,,,,,,,,,,,,,,,,,,,,,true,false,12,2022-04-01,2023-03-31,-1
2023-07-28,80150,2024-03-31,,,,,,,,,,,,,,,,,,,,,,,,,,,,,,214.00,,,,,,,false,true,12,2023-04-01,2024-03-31,0
2023-07-28,80150,2023-03-31,,,,,,,,,,,,,,,,,,,,,,,,,,,,,,202.00,,,,,,,false,false,12,2022-04-01,2023-03-31,-1
2023-10-31,8015,2024-03-31,2,,,5135235000000,0.046,,,233147000000,0.121,,,,177757000000,,505.18,,,,,,7027651000000,,,,,,,,,,,,,,,,true,false,6,2023-04-01,2023-09-30,0
2023-10-31,8015,2023-03-31,2,,,4907747000000,0.311,,,207983000000,0.392,,,,151280000000,,429.95,,,,,,,,,,,,,,,,,,,,,,true,false,6,2022-04-01,2022-09-30,-1
2023-10-31,8015,2024-03-31,2,,,,,,,,,,,,320000000000,,909.43,,,,,,,,,,,,,,,,,,,,,,true,true,12,2023-04-01,2024-03-31,0
2023-10-31,8015,2023-03-31,2,,,,,,,,,,,,,,,,,,,,6377064000000,,,,,,,,,,,,,,,,true,false,12,2022-04-01,2023-03-31,-1
2023-10-31,8015,2023-03-31,2,,,,,,,,,,,,,,,,,,,,,,,,,,,,,202.00,,,,354056516,2192845,,false,false,12,2022-04-01,2023-03-31,-1
2023-10-31,8015,2024-03-31,2,,,,,,,,,,,,,,,,,,,,,,,,,,,,,125.00,,,,,,,false,false,12,2023-04-01,2024-03-31,0
2023-10-31,8015,2024-03-31,2,,,,,,,,,,,,,,,,,,,,,,,,,,,,,250.00,,,,,,,false,true,12,2023-04-01,2024-03-31,0
2023-10-31,8015,2024-03-31,2,,,,,,,,,,,,,,,,,,,,,,,,,,,,,,,,,354056516,2178227,351869619,false,false,6,2023-04-01,2023-09-30,0
2023-10-31,8015,2023-03-31,2,,,,,,,,,,,,,,,,,,,,,,,,,,,,,,,,,,,351854642,false,false,6,2022-04-01,2022-09-30,-1
2023-10-31,80150,2024-03-31,,,,,,,,,,,,,320000000000,,909.43,,,,,,,,,,,,,,,,,,,,,,true,true,12,2023-04-01,2024-03-31,0
2023-10-31,80150,2023-03-31,,,,,,,,,,,,,284155000000,,807.58,,,,,,,,,,,,,,,,,,,,,,true,false,12,2022-04-01,2023-03-31,-1
2023-10-31,80150,2024-03-31,,,,,,,,,,,,,,,,,,,,,,,,,,,,,,250.00,,,,,,,false,true,12,2023-04-01,2024-03-31,0
2023-10-31,80150,2023-03-31,,,,,,,,,,,,,,,,,,,,,,,,,,,,,,202.00,,,,,,,false,false,12,2022-04-01,2023-03-31,-1
2024-02-02,8015,2024-03-31,3,,,7710182000000,0.047,,,354135000000,0.120,,,,270858000000,,769.76,,,,,,6853143000000,,,,,,,,,,,,,,,,true,false,9,2023-04-01,2023-12-31,0
2024-02-02,8015,2023-03-31,3,,,7367402000000,0.275,,,316195000000,0.391,,,,235428000000,,669.10,,,,,,,,,,,,,,,,,,,,,,true,false,9,2022-04-01,2022-12-31,-1
2024-02-02,8015,2024-03-31,3,,,,,,,,,,,,320000000000,,909.43,,,,,,,,,,,,,,,,,,,,,,true,true,12,2023-04-01,2024-03-31,0
2024-02-02,8015,2023-03-31,3,,,,,,,,,,,,,,,,,,,,6377064000000,,,,,,,,,,,,,,,,true,false,12,2022-04-01,2023-03-31,-1
2024-02-02,8015,2023-03-31,3,,,,,,,,,,,,,,,,,,,,,,,,,,,,,202.00,,,,354056516,2192845,,false,false,12,2022-04-01,2023-03-31,-1
2024-02-02,8015,2024-03-31,3,,,,,,,,,,,,,,,,,,,,,,,,,,,,,125.00,,,,,,,false,false,12,2023-04-01,2024-03-31,0
2024-02-02,8015,2024-03-31,3,,,,,,,,,,,,,,,,,,,,,,,,,,,,,250.00,,,,,,,false,true,12,2023-04-01,2024-03-31,0
2024-02-02,8015,2024-03-31,3,,,,,,,,,,,,,,,,,,,,,,,,,,,,,,,,,354056516,2179712,351872276,false,false,9,2023-04-01,2023-12-31,0
2024-02-02,8015,2023-03-31,3,,,,,,,,,,,,,,,,,,,,,,,,,,,,,,,,,,,351858212,false,false,9,2022-04-01,2022-12-31,-1
2024-04-26,8015,2024-03-31,,2062087000000,0.109,,,,,26674000000,0.407,227170000000,0.607,223774000000,,1.059,635.56,,,,,,3249093000000,1212065000000,0.373,3442.49,1212065000000,,,,,280.00,,,,354056516,2181549,351873158,false,false,12,2023-04-01,2024-03-31,0
2024-04-26,8015,2023-03-31,,1858767000000,0.228,,,,,18961000000,1.268,141383000000,-0.178,108701000000,,-0.447,308.75,,,,,,2899877000000,921011000000,0.318,2615.93,921011000000,,,,,202.00,,,,354056516,2192845,351859681,false,false,12,2022-04-01,2023-03-31,-1
2024-04-26,8015,2024-03-31,,,,10188980000000,0.035,,,441589000000,0.136,,,,331444000000,,941.94,,,,,,7059994000000,,,,,542125000000,-219586000000,-263253000000,,,0.297,,,,,,true,false,12,2023-04-01,2024-03-31,0
2024-04-26,8015,2023-03-31,,,,9848560000000,0.227,,,388753000000,0.322,,,,284155000000,,807.58,,,,,,6377064000000,,,,,444290000000,-139918000000,-206671000000,,,0.250,,,,,,true,false,12,2022-04-01,2023-03-31,-1
2024-04-26,8015,2025-03-31,,,,,,,,,,,,,350000000000,,994.67,,,,,,,,,,,,,,,,0.302,,,,,,true,true,12,2024-04-01,2025-03-31,1
2024-04-26,8015,2025-03-31,,,,,,,,,,,,,,,,,,,,,,,,,,,,,,300.00,,,,,,,false,true,12,2024-04-01,2025-03-31,1
,80150,2025-03-31,,,,,,,,,,,,,,,,,,,,,,,,,,,,,,100.00,,,,,,,false,true,12,2024-04-01,2025-03-31,0
,80150,2024-03-31,,,,,,,,,,,,,,,,,,,,,,,,,,,,,,280.00,,,,,,,false,false,12,2023-04-01,2024-03-31,-1
2024-07-31,8015,2025-03-31,1,,,2541473000000,0.000,,,119066000000,0.047,,,,95829000000,,90.78,,,,,,7338004000000,,,,,,,,,,,,,,,,true,false,3,2024-04-01,2024-06-30,0
2024-07-31,8015,2024-03-31,1,,,2540752000000,0.070,,,113730000000,0.111,,,,92716000000,,87.83,,,,,,,,,,,,,,,,,,,,,,true,false,3,2023-04-01,2023-06-30,-1
2024-07-31,8015,2025-03-31,1,,,,,,,,,,,,350000000000,,331.56,,,,,,,,,,,,,,,,,,,,,,true,true,12,2024-04-01,2025-03-31,0
2024-07-31,8015,2024-03-31,1,,,,,,,,,,,,,,,,,,,,7059994000000,,,,,,,,,,,,,,,,true,false,12,2023-04-01,2024-03-31,-1
2024-07-31,8015,2024-03-31,1,,,,,,,,,,,,,,,,,,,,,,,,,,,,,280.00,,,,1062169548,6544647,,false,false,12,2023-04-01,2024-03-31,-1
2024-07-31,8015,2025-03-31,1,,,,,,,,,,,,,,,,,,,,,,,,,,,,,100.00,,,,,,,false,true,12,2024-04-01,2025-03-31,0
2024-07-31,8015,2025-03-31,1,,,,,,,,,,,,,,,,,,,,,,,,,,,,,,,,,1062169548,6548163,1055623026,false,false,3,2024-04-01,2024-06-30,0
2024-07-31,8015,2024-03-31,1,,,,,,,,,,,,,,,,,,,,,,,,,,,,,,,,,,,1055588958,false,false,3,2023-04-01,2023-06-30,-1
2024-10-31,8015,2025-03-31,2,,,5065920000000,-0.013,,,247918000000,0.063,,,,181547000000,,171.98,,,,,,6930950000000,,,,,,,,,,,,,,,,true,false,6,2024-04-01,2024-09-30,0
2024-10-31,8015,2024-03-31,2,,,5135235000000,0.046,,,233147000000,0.121,,,,177757000000,,168.39,,,,,,,,,,,,,,,,,,,,,,true,false,6,2023-04-01,2023-09-30,-1
2024-10-31,8015,2025-03-31,2,,,,,,,,,,,,350000000000,,331.56,,,,,,,,,,,,,,,,,,,,,,true,true,12,2024-04-01,2025-03-31,0
2024-10-31,8015,2024-03-31,2,,,,,,,,,,,,,,,,,,,,7059994000000,,,,,,,,,,,,,,,,true,false,12,2023-04-01,2024-03-31,-1
2024-10-31,8015,2024-03-31,2,,,,,,,,,,,,,,,,,,,,,,,,,,,,,280.00,,,,1062169548,6544647,,false,false,12,2023-04-01,2024-03-31,-1
2024-10-31,8015,2025-03-31,2,,,,,,,,,,,,,,,,,,,,,,,,,,,,,50.00,,,,,,,false,false,12,2024-04-01,2025-03-31,0
2024-10-31,8015,2025-03-31,2,,,,,,,,,,,,,,,,,,,,,,,,,,,,,100.00,,,,,,,false,true,12,2024-04-01,2025-03-31,0
2024-10-31,8015,2025-03-31,2,,,,,,,,,,,,,,,,,,,,,,,,,,,,,,,,,1062169548,6503914,1055640888,false,false,6,2024-04-01,2024-09-30,0
2024-10-31,8015,2024-03-31,2,,,,,,,,,,,,,,,,,,,,,,,,,,,,,,,,,,,1055608857,false,false,6,2023-04-01,2023-09-30,-1
2025-01-31,8015,2025-03-31,3,,,7647771000000,-0.008,,,371210000000,0.048,,,,277851000000,,263.20,,,,,,7246283000000,,,,,,,,,,,,,,,,true,false,9,2024-04-01,2024-12-31,0
2025-01-31,8015,2024-03-31,3,,,7710182000000,0.047,,,354135000000,0.120,,,,270858000000,,256.59,,,,,,,,,,,,,,,,,,,,,,true,false,9,2023-04-01,2023-12-31,-1
2025-01-31,8015,2025-03-31,3,,,,,,,,,,,,350000000000,,331.56,,,,,,,,,,,,,,,,,,,,,,true,true,12,2024-04-01,2025-03-31,0
2025-01-31,8015,2024-03-31,3,,,,,,,,,,,,,,,,,,,,7059994000000,,,,,,,,,,,,,,,,true,false,12,2023-04-01,2024-03-31,-1
2025-01-31,8015,2024-03-31,3,,,,,,,,,,,,,,,,,,,,,,,,,,,,,280.00,,,,1062169548,6544647,,false,false,12,2023-04-01,2024-03-31,-1
2025-01-31,8015,2025-03-31,3,,,,,,,,,,,,,,,,,,,,,,,,,,,,,50.00,,,,,,,false,false,12,2024-04-01,2025-03-31,0
2025-01-31,8015,2025-03-31,3,,,,,,,,,,,,,,,,,,,,,,,,,,,,,100.00,,,,,,,false,true,12,2024-04-01,2025-03-31,0
2025-01-31,8015,2025-03-31,3,,,,,,,,,,,,,,,,,,,,,,,,,,,,,,,,,1062169548,6504550,1055649013,false,false,9,2024-04-01,2024-12-31,0
2025-01-31,8015,2024-03-31,3,,,,,,,,,,,,,,,,,,,,,,,,,,,,,,,,,,,1055616827,false,false,9,2023-04-01,2023-12-31,-1
2025-04-28,8015,2025-03-31,,2051204000000,-0.005,,,,,26363000000,-0.012,286658000000,0.262,273354000000,,0.222,258.79,,,,,,3159658000000,1275577000000,0.404,1207.58,1275577000000,,,,,105.00,,,,1062169548,6505353,1055652863,false,false,12,2024-04-01,2025-03-31,0
2025-04-28,8015,2024-03-31,,2062087000000,0.109,,,,,26674000000,0.407,227170000000,0.607,223774000000,,1.059,211.85,,,,,,3249093000000,1212065000000,0.373,1147.50,1212065000000,,,,,93.33,,,,1062169548,6544647,1055619474,false,false,12,2023-04-01,2024-03-31,-1
2025-04-28,8015,2025-03-31,,,,10309550000000,0.012,,,497174000000,0.126,,,,362506000000,,343.40,,,,,,7057462000000,,,,,511874000000,-123831000000,-309037000000,,,0.306,,,,,,true,false,12,2024-04-01,2025-03-31,0
2025-04-28,8015,2024-03-31,,,,10188980000000,0.035,,,441589000000,0.136,,,,331444000000,,313.98,,,,,,7059994000000,,,,,542125000000,-219586000000,-263253000000,,,0.297,,,,,,true,false,12,2023-04-01,2024-03-31,-1
2025-04-28,8015,2026-03-31,,,,,,,,,,,,,340000000000,,322.07,,,,,,,,,,,,,,,,0.342,,,,,,true,true,12,2025-04-01,2026-03-31,1
2025-04-28,8015,2026-03-31,,,,,,,,,,,,,,,,,,,,,,,,,,,,,,110.00,,,,,,,false,true,12,2025-04-01,2026-03-31,1
2025-07-31,8015,2026-03-31,1,,,2593820000000,0.021,,,126595000000,0.063,,,,98344000000,,93.16,,,,,,7064197000000,,,,,,,,,,,,,,,,true,false,3,2025-04-01,2025-06-30,0
2025-07-31,8015,2025-03-31,1,,,2541473000000,0.000,,,119066000000,0.047,,,,95829000000,,90.78,,,,,,,,,,,,,,,,,,,,,,true,false,3,2024-04-01,2024-06-30,-1
2025-07-31,8015,2026-03-31,1,,,,,,,,,,,,340000000000,,322.07,,,,,,,,,,,,,,,,,,,,,,true,true,12,2025-04-01,2026-03-31,0
2025-07-31,8015,2025-03-31,1,,,,,,,,,,,,,,,,,,,,7057462000000,,,,,,,,,,,,,,,,true,false,12,2024-04-01,2025-03-31,-1
2025-07-31,8015,2025-03-31,1,,,,,,,,,,,,,,,,,,,,,,,,,,,,,105.00,,,,1062169548,6505353,,false,false,12,2024-04-01,2025-03-31,-1
2025-07-31,8015,2026-03-31,1,,,,,,,,,,,,,,,,,,,,,,,,,,,,,110.00,,,,,,,false,true,12,2025-04-01,2026-03-31,0
2025-07-31,8015,2026-03-31,1,,,,,,,,,,,,,,,,,,,,,,,,,,,,,,,,,1062169548,6505950,1055663866,false,false,3,2025-04-01,2025-06-30,0
2025-07-31,8015,2025-03-31,1,,,,,,,,,,,,,,,,,,,,,,,,,,,,,,,,,,,1055623026,false,false,3,2024-04-01,2024-06-30,-1
