filing_date,code,fiscal_year_end,quarterly_period,net_sales,net_sales_change,revenue,revenue_change,operating_revenue,operating_revenue_change,operating_profit,operating_profit_change,ordinary_profit,ordinary_profit_change,net_income,net_income_of_parent,net_income_change,eps,diluted_eps,roe,roa,operating_profit_to_net_sales,operating_profit_to_revenue,total_assets,net_assets,equity_ratio,bps,owner_equity,operating_cash_flow,investing_cash_flow,financing_cash_flow,cash,dividend_per_share,payout_ratio,commemorative_dividend,extra_dividend,number_of_shares,number_of_treqsury_shares,avg_number_of_shares,is_consolidated,is_forecast,duration,period_start,period_end,period_pos
2015-05-08,80250,2015-03-31,,27251000000,-0.009,,,,,159000000,0.590,139000000,1.780,1286000000,,-0.143,32.26,,,,,,,,,,,,,,,,,,,,,,true,true,12,2014-04-01,2015-03-31,0
2015-05-08,80250,2014-03-31,,29314000000,,,,,,221000000,,176000000,,346000000,,,8.70,,,,,,,,,,,,,,,,,,,,,,true,false,12,2013-04-01,2014-03-31,-1
2015-05-15,80250,2015-03-31,,27251000000,-0.070,,,,,159000000,-0.281,139000000,-0.212,1286000000,,2.708,32.26,,0.125,0.005,0.006,,31440000000,11435000000,0.364,286.90,11435000000,1162000000,-5119000000,-440000000,2626000000,,0.093,,,,,,true,false,12,2014-04-01,2015-03-31,0
2015-05-15,80250,2014-03-31,,29314000000,-0.113,,,,,221000000,-0.825,176000000,-0.853,346000000,,-0.453,8.70,,0.038,0.006,0.008,,29022000000,9219000000,0.318,231.27,9219000000,-32000000,-211000000,-63000000,7023000000,,0.345,,,,,,true,false,12,2013-04-01,2014-03-31,-1
2015-05-15,80250,2016-03-31,,11500000000,-0.123,,,,,50000000,,0,,,0,,0.00,,,,,,,,,,,,,,,,,,,,,,true,true,6,2015-04-01,2015-09-30,1
2015-05-15,80250,2016-03-31,,25500000000,-0.064,,,,,500000000,0.214,400000000,1.874,,300000000,,7.53,,,,,,,,,,,,,,,,0.399,,,,,,true,true,12,2015-04-01,2016-03-31,1
2015-05-15,80250,2015-03-31,,2290000000,0.223,,,,,554000000,1.167,335000000,0.356,1300000000,,-0.712,32.46,,,,,,27673000000,10742000000,0.388,268.22,10742000000,,,,,3.00,,,,40697476,838991,39862695,false,false,12,2014-04-01,2015-03-31,0
2015-05-15,80250,2014-03-31,,1872000000,-0.042,,,,,255000000,-0.367,247000000,-0.459,4514000000,,8.891,112.68,,,,,,25819000000,8958000000,0.347,223.63,8958000000,,,,,3.00,,,,40697476,831594,39869738,false,false,12,2013-04-01,2014-03-31,-1
2015-05-15,80250,2016-03-31,,,,,,,,,,,,,,,,,,,,,,,,,,,,,,3.00,,,,,,,false,true,12,2015-04-01,2016-03-31,1
2015-07-31,80250,2016-03-31,1,4743000000,-0.274,,,,,-505000000,,-514000000,,,-290000000,,-7.29,,,,,,30718000000,11499000000,0.374,,11499000000,,,,,,,,,,,,true,false,3,2015-04-01,2015-06-30,0
2015-07-31,80250,2015-03-31,1,6533000000,-0.033,,,,,-153000000,,-158000000,,,-71000000,,-1.79,,,,,,,,,,,,,,,,,,,,,,true,false,3,2014-04-01,2014-06-30,-1
2015-07-31,80250,2016-03-31,1,11500000000,-0.123,,,,,50000000,,0,,,0,,0.00,,,,,,,,,,,,,,,,,,,,,,true,true,6,2015-04-01,2015-09-30,0
2015-07-31,80250,2016-03-31,1,25500000000,-0.064,,,,,500000000,2.144,400000000,1.874,,300000000,,7.53,,,,,,,,,,,,,,,,,,,,,,true,true,12,2015-04-01,2016-03-31,0
2015-07-31,80250,2015-03-31,1,,,,,,,,,,,,,,,,,,,,31440000000,11435000000,0.364,,11435000000,,,,,,,,,,,,true,false,12,2014-04-01,2015-03-31,-1
2015-07-31,80250,2015-03-31,1,,,,,,,,,,,,,,,,,,,,,,,,,,,,,3.00,,,,40697476,838991,,false,false,12,2014-04-01,2015-03-31,-1
2015-07-31,80250,2016-03-31,1,,,,,,,,,,,,,,,,,,,,,,,,,,,,,3.00,,,,,,,false,true,12,2015-04-01,2016-03-31,0
2015-07-31,80250,2016-03-31,1,,,,,,,,,,,,,,,,,,,,,,,,,,,,,,,,,40697476,840487,39857947,false,false,3,2015-04-01,2015-06-30,0
2015-07-31,80250,2015-03-31,1,,,,,,,,,,,,,,,,,,,,,,,,,,,,,,,,,,,39865726,false,false,3,2014-04-01,2014-06-30,-1
2015-10-28,80250,2016-03-31,,11461000000,-0.003,,,,,-293000000,,-299000000,,,-149000000,,-3.75,,,,,,,,,,,,,,,,,,,,,,true,true,6,2015-04-01,2015-09-30,0
2015-10-28,80250,2015-03-31,,13108000000,,,,,,-157000000,,-176000000,,,1414000000,,35.48,,,,,,,,,,,,,,,,,,,,,,true,false,6,2014-04-01,2014-09-30,-1
2015-10-30,80250,2016-03-31,2,11461000000,-0.126,,,,,-293000000,,-299000000,,,-149000000,,-3.75,,,,,,30449000000,11114000000,0.365,,11114000000,,,,,,,,,,,,true,false,6,2015-04-01,2015-09-30,0
2015-10-30,80250,2015-03-31,2,13108000000,-0.063,,,,,-157000000,,-176000000,,,1414000000,,35.47,,,,,,,,,,,,,,,,,,,,,,true,false,6,2014-04-01,2014-09-30,-1
2015-10-30,80250,2016-03-31,2,25500000000,-0.064,,,,,500000000,2.144,400000000,1.874,,300000000,,7.53,,,,,,,,,,,,,,,,,,,,,,true,true,12,2015-04-01,2016-03-31,0
2015-10-30,80250,2015-03-31,2,,,,,,,,,,,,,,,,,,,,31440000000,11435000000,0.364,,11435000000,,,,,,,,,,,,true,false,12,2014-04-01,2015-03-31,-1
2015-10-30,80250,2015-03-31,2,,,,,,,,,,,,,,,,,,,,,,,,,,,,,3.00,,,,40697476,838991,,false,false,12,2014-04-01,2015-03-31,-1
2015-10-30,80250,2016-03-31,2,,,,,,,,,,,,,,,,,,,,,,,,,,,,,3.00,,,,,,,false,true,12,2015-04-01,2016-03-31,0
2015-10-30,80250,2016-03-31,2,,,,,,,,,,,,,,,,,,,,,,,,,,,,,,,,,40697476,843017,39856752,false,false,6,2015-04-01,2015-09-30,0
2015-10-30,80250,2015-03-31,2,,,,,,,,,,,,,,,,,,,,,,,,,,,,,,,,,,,39864808,false,false,6,2014-04-01,2014-09-30,-1
2016-01-29,80250,2016-03-31,3,18302000000,-0.082,,,,,-181000000,,-189000000,,,-60000000,,-1.52,,,,,,30883000000,11216000000,0.363,,11216000000,,,,,,,,,,,,true,false,9,2015-04-01,2015-12-31,0
2016-01-29,80250,2015-03-31,3,19944000000,-0.101,,,,,-168000000,,-238000000,,,1399000000,,35.11,,,,,,,,,,,,,,,,,,,,,,true,false,9,2014-04-01,2014-12-31,-1
2016-01-29,80250,2016-03-31,3,25500000000,-0.064,,,,,500000000,2.144,400000000,1.874,,300000000,,7.53,,,,,,,,,,,,,,,,,,,,,,true,true,12,2015-04-01,2016-03-31,0
2016-01-29,80250,2015-03-31,3,,,,,,,,,,,,,,,,,,,,31440000000,11435000000,0.364,,11435000000,,,,,,,,,,,,true,false,12,2014-04-01,2015-03-31,-1
2016-01-29,80250,2015-03-31,3,,,,,,,,,,,,,,,,,,,,,,,,,,,,,3.00,,,,40697476,838991,,false,false,12,2014-04-01,2015-03-31,-1
2016-01-29,80250,2016-03-31,3,,,,,,,,,,,,,,,,,,,,,,,,,,,,,3.00,,,,,,,false,true,12,2015-04-01,2016-03-31,0
2016-01-29,80250,2016-03-31,3,,,,,,,,,,,,,,,,,,,,,,,,,,,,,,,,,40697476,844639,39855764,false,false,9,2015-04-01,2015-12-31,0
2016-01-29,80250,2015-03-31,3,,,,,,,,,,,,,,,,,,,,,,,,,,,,,,,,,,,39863808,false,false,9,2014-04-01,2014-12-31,-1
2016-03-25,80250,2016-03-31,,24700000000,-0.031,,,,,115000000,-0.770,105000000,-0.738,,80000000,,2.01,,,,,,,,,,,,,,,,,,,,,,true,true,12,2015-04-01,2016-03-31,0
2016-03-25,80250,2015-03-31,,27251000000,,,,,,159000000,,139000000,,,1286000000,,32.26,,,,,,,,,,,,,,,,,,,,,,true,false,12,2014-04-01,2015-03-31,-1
2016-05-09,80250,2016-03-31,,24624000000,-0.003,,,,,49000000,-0.569,68000000,-0.347,,10000000,,0.28,,,,,,,,,,,,,,,,,,,,,,true,true,12,2015-04-01,2016-03-31,0
2016-05-09,80250,2015-03-31,,27251000000,,,,,,159000000,,139000000,,,1286000000,,32.26,,,,,,,,,,,,,,,,,,,,,,true,false,12,2014-04-01,2015-03-31,-1
2016-05-13,80250,2016-03-31,,24624000000,-0.096,,,,,49000000,-0.688,68000000,-0.508,,10000000,,0.28,,0.001,0.002,0.002,,28380000000,10292000000,0.363,258.25,10292000000,150000000,-52000000,-1028000000,1696000000,,10.870,,,,,,true,false,12,2015-04-01,2016-03-31,0
2016-05-13,80250,2015-03-31,,27251000000,-0.070,,,,,159000000,-0.281,139000000,-0.212,,1286000000,,32.26,,0.125,0.005,0.006,,31440000000,11435000000,0.364,286.90,11435000000,1162000000,-5119000000,-440000000,2626000000,,0.093,,,,,,true,false,12,2014-04-01,2015-03-31,-1
2016-05-13,80250,2017-03-31,,11000000000,-0.040,,,,,-150000000,,-100000000,,,-70000000,,-1.76,,,,,,,,,,,,,,,,,,,,,,true,true,6,2016-04-01,2016-09-30,1
2016-05-13,80250,2017-03-31,,24000000000,-0.025,,,,,400000000,7.072,300000000,3.377,,200000000,,5.02,,,,,,,,,,,,,,,,0.598,,,,,,true,true,12,2016-04-01,2017-03-31,1
2016-05-13,80250,2016-03-31,,2272000000,-0.008,,,,,597000000,0.077,537000000,0.601,443000000,,-0.659,11.08,,,,,,26547000000,10465000000,0.394,261.33,10465000000,,,,,3.00,,,,40697476,844398,39855071,false,false,12,2015-04-01,2016-03-31,0
2016-05-13,80250,2015-03-31,,2290000000,0.223,,,,,554000000,1.167,335000000,0.356,1300000000,,-0.712,32.46,,,,,,27673000000,10742000000,0.388,268.22,10742000000,,,,,3.00,,,,40697476,838991,39862695,false,false,12,2014-04-01,2015-03-31,-1
2016-05-13,80250,2017-03-31,,,,,,,,,,,,,,,,,,,,,,,,,,,,,,3.00,,,,,,,false,true,12,2016-04-01,2017-03-31,1
2016-07-29,80250,2017-03-31,1,5156000000,0.087,,,,,-177000000,,-185000000,,,-122000000,,-3.07,,,,,,27598000000,9707000000,0.352,,9707000000,,,,,,,,,,,,true,false,3,2016-04-01,2016-06-30,0
2016-07-29,80250,2016-03-31,1,4743000000,-0.274,,,,,-505000000,,-514000000,,,-290000000,,-7.29,,,,,,,,,,,,,,,,,,,,,,true,false,3,2015-04-01,2015-06-30,-1
2016-07-29,80250,2017-03-31,1,11000000000,-0.040,,,,,-150000000,,-100000000,,,-70000000,,-1.76,,,,,,,,,,,,,,,,,,,,,,true,true,6,2016-04-01,2016-09-30,0
2016-07-29,80250,2017-03-31,1,24000000000,-0.025,,,,,400000000,7.072,300000000,3.377,,200000000,,5.02,,,,,,,,,,,,,,,,,,,,,,true,true,12,2016-04-01,2017-03-31,0
2016-07-29,80250,2016-03-31,1,,,,,,,,,,,,,,,,,,,,28380000000,10292000000,0.363,,10292000000,,,,,,,,,,,,true,false,12,2015-04-01,2016-03-31,-1
2016-07-29,80250,2016-03-31,1,,,,,,,,,,,,,,,,,,,,,,,,,,,,,3.00,,,,40697476,844398,,false,false,12,2015-04-01,2016-03-31,-1
2016-07-29,80250,2017-03-31,1,,,,,,,,,,,,,,,,,,,,,,,,,,,,,3.00,,,,,,,false,true,12,2016-04-01,2017-03-31,0
2016-07-29,80250,2017-03-31,1,,,,,,,,,,,,,,,,,,,,,,,,,,,,,,,,,40697476,844563,39852954,false,false,3,2016-04-01,2016-06-30,0
2016-07-29,80250,2016-03-31,1,,,,,,,,,,,,,,,,,,,,,,,,,,,,,,,,,,,39857947,false,false,3,2015-04-01,2015-06-30,-1
2016-10-27,80250,2017-03-31,,11199000000,0.018,,,,,20000000,,12000000,,,19000000,,0.50,,,,,,,,,,,,,,,,,,,,,,true,true,6,2016-04-01,2016-09-30,0
2016-10-27,80250,2016-03-31,,11461000000,,,,,,-293000000,,-299000000,,,-149000000,,-3.75,,,,,,,,,,,,,,,,,,,,,,true,false,6,2015-04-01,2015-09-30,-1
2016-10-31,80250,2017-03-31,2,11199000000,-0.023,,,,,20000000,,12000000,,,19000000,,0.50,,,,,,26960000000,10073000000,0.374,,10073000000,,,,,,,,,,,,true,false,6,2016-04-01,2016-09-30,0
2016-10-31,80250,2016-03-31,2,11461000000,-0.126,,,,,-293000000,,-299000000,,,-149000000,,-3.75,,,,,,,,,,,,,,,,,,,,,,true,false,6,2015-04-01,2015-09-30,-1
2016-10-31,80250,2017-03-31,2,24000000000,-0.025,,,,,400000000,7.072,300000000,3.377,,200000000,,5.02,,,,,,,,,,,,,,,,,,,,,,true,true,12,2016-04-01,2017-03-31,0
2016-10-31,80250,2016-03-31,2,,,,,,,,,,,,,,,,,,,,28380000000,10292000000,0.363,,10292000000,,,,,,,,,,,,true,false,12,2015-04-01,2016-03-31,-1
2016-10-31,80250,2016-03-31,2,,,,,,,,,,,,,,,,,,,,,,,,,,,,,3.00,,,,40697476,844398,,false,false,12,2015-04-01,2016-03-31,-1
2016-10-31,80250,2017-03-31,2,,,,,,,,,,,,,,,,,,,,,,,,,,,,,3.00,,,,,,,false,true,12,2016-04-01,2017-03-31,0
2016-10-31,80250,2017-03-31,2,,,,,,,,,,,,,,,,,,,,,,,,,,,,,,,,,40697476,846444,39852444,false,false,6,2016-04-01,2016-09-30,0
2016-10-31,80250,2016-03-31,2,,,,,,,,,,,,,,,,,,,,,,,,,,,,,,,,,,,39856752,false,false,6,2015-04-01,2015-09-30,-1
2017-01-31,80250,2017-03-31,3,16590000000,-0.094,,,,,59000000,,25000000,,,31000000,,0.78,,,,,,27700000000,10711000000,0.387,,10711000000,,,,,,,,,,,,true,false,9,2016-04-01,2016-12-31,0
2017-01-31,80250,2016-03-31,3,18302000000,-0.082,,,,,-181000000,,-189000000,,,-60000000,,-1.52,,,,,,,,,,,,,,,,,,,,,,true,false,9,2015-04-01,2015-12-31,-1
2017-01-31,80250,2017-03-31,3,24000000000,-0.025,,,,,400000000,7.072,300000000,3.377,,200000000,,5.02,,,,,,,,,,,,,,,,,,,,,,true,true,12,2016-04-01,2017-03-31,0
2017-01-31,80250,2016-03-31,3,,,,,,,,,,,,,,,,,,,,28380000000,10292000000,0.363,,10292000000,,,,,,,,,,,,true,false,12,2015-04-01,2016-03-31,-1
2017-01-31,80250,2016-03-31,3,,,,,,,,,,,,,,,,,,,,,,,,,,,,,3.00,,,,40697476,844398,,false,false,12,2015-04-01,2016-03-31,-1
2017-01-31,80250,2017-03-31,3,,,,,,,,,,,,,,,,,,,,,,,,,,,,,3.00,,,,,,,false,true,12,2016-04-01,2017-03-31,0
2017-01-31,80250,2017-03-31,3,,,,,,,,,,,,,,,,,,,,,,,,,,,,,,,,,40697476,849047,39851612,false,false,9,2016-04-01,2016-12-31,0
2017-01-31,80250,2016-03-31,3,,,,,,,,,,,,,,,,,,,,,,,,,,,,,,,,,,,39855764,false,false,9,2015-04-01,2015-12-31,-1
2017-05-15,80250,2017-03-31,,22383000000,-0.091,,,,,307000000,5.208,291000000,3.254,,192000000,,4.84,,0.018,0.010,0.014,,27966000000,10822000000,0.387,271.59,10822000000,140000000,236000000,-414000000,1659000000,,0.620,,,,,,true,false,12,2016-04-01,2017-03-31,0
2017-05-15,80250,2016-03-31,,24624000000,-0.096,,,,,49000000,-0.688,68000000,-0.508,,10000000,,0.28,,0.001,0.002,0.002,,28380000000,10292000000,0.363,258.25,10292000000,150000000,-52000000,-1028000000,1696000000,,10.870,,,,,,true,false,12,2015-04-01,2016-03-31,-1
2017-05-15,80250,2018-03-31,,10000000000,-0.107,,,,,110000000,4.447,100000000,7.201,,750000000,,18.82,,,,,,,,,,,,,,,,,,,,,,true,true,6,2017-04-01,2017-09-30,1
2017-05-15,80250,2018-03-31,,22000000000,-0.017,,,,,370000000,0.203,350000000,0.200,,900000000,,22.58,,,,,,,,,,,,,,,,0.133,,,,,,true,true,12,2017-04-01,2018-03-31,1
2017-05-15,80250,2017-03-31,,2256000000,-0.007,,,,,494000000,-0.171,467000000,-0.130,176000000,,-0.603,4.40,,,,,,26159000000,10948000000,0.419,273.43,10948000000,,,,,3.00,,,,40697476,849735,39850798,false,false,12,2016-04-01,2017-03-31,0
2017-05-15,80250,2016-03-31,,2272000000,-0.008,,,,,597000000,0.077,537000000,0.601,443000000,,-0.659,11.08,,,,,,26547000000,10465000000,0.394,261.33,10465000000,,,,,3.00,,,,40697476,844398,39855071,false,false,12,2015-04-01,2016-03-31,-1
2017-05-15,80250,2018-03-31,,,,,,,,,,,,,,,,,,,,,,,,,,,,,,3.00,,,,,,,false,true,12,2017-04-01,2018-03-31,1
,80250,2018-03-31,,,,,,,,,,,,,,,,,,,,,,,,,,,,,,30.00,,,,,,,false,true,12,2017-04-01,2018-03-31,0
,80250,2017-03-31,,,,,,,,,,,,,,,,,,,,,,,,,,,,,,3.00,,,,,,,false,false,12,2016-04-01,2017-03-31,-1
2017-07-31,80250,2018-03-31,1,3871000000,-0.249,,,,,-298000000,,-313000000,,,443000000,,11.13,,,,,,27426000000,11295000000,0.412,,11295000000,,,,,,,,,,,,true,false,3,2017-04-01,2017-06-30,0
2017-07-31,80250,2017-03-31,1,5156000000,0.087,,,,,-177000000,,-185000000,,,-122000000,,-3.07,,,,,,,,,,,,,,,,,,,,,,true,false,3,2016-04-01,2016-06-30,-1
2017-07-31,80250,2018-03-31,1,10000000000,-0.107,,,,,110000000,4.447,100000000,7.201,,750000000,,18.82,,,,,,,,,,,,,,,,,,,,,,true,true,6,2017-04-01,2017-09-30,0
2017-07-31,80250,2018-03-31,1,22000000000,-0.017,,,,,370000000,0.203,350000000,0.200,,900000000,,225.86,,,,,,,,,,,,,,,,,,,,,,true,true,12,2017-04-01,2018-03-31,0
2017-07-31,80250,2017-03-31,1,,,,,,,,,,,,,,,,,,,,27966000000,10822000000,0.387,,10822000000,,,,,,,,,,,,true,false,12,2016-04-01,2017-03-31,-1
2017-07-31,80250,2017-03-31,1,,,,,,,,,,,,,,,,,,,,,,,,,,,,,3.00,,,,40697476,849735,,false,false,12,2016-04-01,2017-03-31,-1
2017-07-31,80250,2018-03-31,1,,,,,,,,,,,,,,,,,,,,,,,,,,,,,30.00,,,,,,,false,true,12,2017-04-01,2018-03-31,0
2017-07-31,80250,2018-03-31,1,,,,,,,,,,,,,,,,,,,,,,,,,,,,,,,,,40697476,850827,39847092,false,false,3,2017-04-01,2017-06-30,0
2017-07-31,80250,2017-03-31,1,,,,,,,,,,,,,,,,,,,,,,,,,,,,,,,,,,,39852954,false,false,3,2016-04-01,2016-06-30,-1
2017-10-31,80250,2018-03-31,2,10011000000,-0.106,,,,,117000000,4.813,119000000,8.804,,752000000,,188.73,,,,,,28268000000,11531000000,0.408,,11531000000,,,,,,,,,,,,true,false,6,2017-04-01,2017-09-30,0
2017-10-31,80250,2017-03-31,2,11199000000,-0.023,,,,,20000000,,12000000,,,19000000,,4.96,,,,,,,,,,,,,,,,,,,,,,true,false,6,2016-04-01,2016-09-30,-1
2017-10-31,80250,2018-03-31,2,22000000000,-0.017,,,,,370000000,0.203,350000000,0.200,,900000000,,225.87,,,,,,,,,,,,,,,,,,,,,,true,true,12,2017-04-01,2018-03-31,0
2017-10-31,80250,2017-03-31,2,,,,,,,,,,,,,,,,,,,,27966000000,10822000000,0.387,,10822000000,,,,,,,,,,,,true,false,12,2016-04-01,2017-03-31,-1
2017-10-31,80250,2017-03-31,2,,,,,,,,,,,,,,,,,,,,,,,,,,,,,3.00,,,,4069747,84973,,false,false,12,2016-04-01,2017-03-31,-1
2017-10-31,80250,2018-03-31,2,,,,,,,,,,,,,,,,,,,,,,,,,,,,,30.00,,,,,,,false,true,12,2017-04-01,2018-03-31,0
2017-10-31,80250,2018-03-31,2,,,,,,,,,,,,,,,,,,,,,,,,,,,,,,,,,4069747,85349,3984611,false,false,6,2017-04-01,2017-09-30,0
2017-10-31,80250,2017-03-31,2,,,,,,,,,,,,,,,,,,,,,,,,,,,,,,,,,,,3985244,false,false,6,2016-04-01,2016-09-30,-1
2018-01-31,80250,2018-03-31,3,14376000000,-0.133,,,,,-74000000,,-94000000,,,641000000,,161.00,,,,,,28598000000,11778000000,0.412,,11778000000,,,,,,,,,,,,true,false,9,2017-04-01,2017-12-31,0
2018-01-31,80250,2017-03-31,3,16590000000,-0.094,,,,,59000000,,25000000,,,31000000,,7.79,,,,,,,,,,,,,,,,,,,,,,true,false,9,2016-04-01,2016-12-31,-1
2018-01-31,80250,2018-03-31,3,22000000000,-0.017,,,,,370000000,0.203,350000000,0.200,,900000000,,225.89,,,,,,,,,,,,,,,,,,,,,,true,true,12,2017-04-01,2018-03-31,0
2018-01-31,80250,2017-03-31,3,,,,,,,,,,,,,,,,,,,,27966000000,10822000000,0.387,,10822000000,,,,,,,,,,,,true,false,12,2016-04-01,2017-03-31,-1
2018-01-31,80250,2017-03-31,3,,,,,,,,,,,,,,,,,,,,,,,,,,,,,3.00,,,,4069747,84973,,false,false,12,2016-04-01,2017-03-31,-1
2018-01-31,80250,2018-03-31,3,,,,,,,,,,,,,,,,,,,,,,,,,,,,,30.00,,,,,,,false,true,12,2017-04-01,2018-03-31,0
2018-01-31,80250,2018-03-31,3,,,,,,,,,,,,,,,,,,,,,,,,,,,,,,,,,4069747,86311,3984309,false,false,9,2017-04-01,2017-12-31,0
2018-01-31,80250,2017-03-31,3,,,,,,,,,,,,,,,,,,,,,,,,,,,,,,,,,,,3985161,false,false,9,2016-04-01,2016-12-31,-1
2018-05-15,80250,2018-03-31,,20113000000,-0.101,,,,,295000000,-0.040,304000000,0.044,,818000000,,205.55,,0.073,0.011,0.015,,27945000000,11671000000,0.418,2930.12,11671000000,280000000,514000000,-650000000,1803000000,,0.146,,,,,,true,false,12,2017-04-01,2018-03-31,0
2018-05-15,80250,2017-03-31,,22383000000,-0.091,,,,,307000000,5.208,291000000,3.254,,192000000,,48.36,,0.018,0.010,0.014,,27966000000,10822000000,0.387,2715.91,10822000000,140000000,236000000,-414000000,1659000000,,0.620,,,,,,true,false,12,2016-04-01,2017-03-31,-1
2018-05-15,80250,2019-03-31,,9000000000,-0.101,,,,,10000000,-0.915,0,,,0,,0.00,,,,,,,,,,,,,,,,,,,,,,true,true,6,2018-04-01,2018-09-30,1
2018-05-15,80250,2019-03-31,,19000000000,-0.055,,,,,360000000,0.219,350000000,0.150,,200000000,,50.20,,,,,,,,,,,,,,,,0.598,,,,,,true,true,12,2018-04-01,2019-03-31,1
2018-05-15,80250,2018-03-31,,1926000000,-0.146,,,,,520000000,0.052,432000000,-0.074,987000000,,4.611,246.79,,,,,,26515000000,11924000000,0.450,2979.11,11924000000,,,,,30.00,,,,4069747,86377,3984100,false,false,12,2017-04-01,2018-03-31,0
2018-05-15,80250,2017-03-31,,2256000000,-0.007,,,,,494000000,-0.171,467000000,-0.130,176000000,,-0.603,43.97,,,,,,26159000000,10948000000,0.419,2734.28,10948000000,,,,,3.00,,,,4069747,84973,3985079,false,false,12,2016-04-01,2017-03-31,-1
2018-05-15,80250,2019-03-31,,,,,,,,,,,,,,,,,,,,,,,,,,,,,,30.00,,,,,,,false,true,12,2018-04-01,2019-03-31,1
2018-07-31,80250,2019-03-31,1,4059000000,0.049,,,,,-126000000,,-138000000,,,-99000000,,-25.01,,,,,,26730000000,11415000000,0.427,,11415000000,,,,,,,,,,,,true,false,3,2018-04-01,2018-06-30,0
2018-07-31,80250,2018-03-31,1,3871000000,-0.249,,,,,-298000000,,-313000000,,,443000000,,111.25,,,,,,,,,,,,,,,,,,,,,,true,false,3,2017-04-01,2017-06-30,-1
2018-07-31,80250,2019-03-31,1,9000000000,-0.101,,,,,10000000,-0.915,0,,,0,,0.00,,,,,,,,,,,,,,,,,,,,,,true,true,6,2018-04-01,2018-09-30,0
2018-07-31,80250,2019-03-31,1,19000000000,-0.055,,,,,360000000,0.219,350000000,0.150,,200000000,,50.21,,,,,,,,,,,,,,,,,,,,,,true,true,12,2018-04-01,2019-03-31,0
2018-07-31,80250,2018-03-31,1,,,,,,,,,,,,,,,,,,,,27944000000,11671000000,0.418,,11671000000,,,,,,,,,,,,true,false,12,2017-04-01,2018-03-31,-1
2018-07-31,80250,2018-03-31,1,,,,,,,,,,,,,,,,,,,,,,,,,,,,,30.00,,,,4069747,86377,,false,false,12,2017-04-01,2018-03-31,-1
2018-07-31,80250,2019-03-31,1,,,,,,,,,,,,,,,,,,,,,,,,,,,,,30.00,,,,,,,false,true,12,2018-04-01,2019-03-31,0
2018-07-31,80250,2019-03-31,1,,,,,,,,,,,,,,,,,,,,,,,,,,,,,,,,,4069747,86545,3983297,false,false,3,2018-04-01,2018-06-30,0
2018-07-31,80250,2018-03-31,1,,,,,,,,,,,,,,,,,,,,,,,,,,,,,,,,,,,3984709,false,false,3,2017-04-01,2017-06-30,-1
2018-10-26,80250,2019-03-31,,9000000000,0.000,,,,,60000000,5.000,75000000,,,45000000,,11.30,,,,,,,,,,,,,,,,,,,,,,true,true,6,2018-04-01,2018-09-30,0
2018-10-26,80250,2018-03-31,,10011000000,,,,,,117000000,,119000000,,,752000000,,188.73,,,,,,,,,,,,,,,,,,,,,,true,false,6,2017-04-01,2017-09-30,-1
2018-10-31,80250,2019-03-31,2,9181000000,-0.083,,,,,62000000,-0.470,77000000,-0.355,,48000000,,12.05,,,,,,27361000000,11765000000,0.430,,11765000000,,,,,,,,,,,,true,false,6,2018-04-01,2018-09-30,0
2018-10-31,80250,2018-03-31,2,10011000000,-0.106,,,,,117000000,4.813,119000000,8.804,,752000000,,188.73,,,,,,,,,,,,,,,,,,,,,,true,false,6,2017-04-01,2017-09-30,-1
2018-10-31,80250,2019-03-31,2,19000000000,-0.055,,,,,360000000,0.219,350000000,0.150,,200000000,,50.21,,,,,,,,,,,,,,,,,,,,,,true,true,12,2018-04-01,2019-03-31,0
2018-10-31,80250,2018-03-31,2,,,,,,,,,,,,,,,,,,,,27944000000,11671000000,0.418,,11671000000,,,,,,,,,,,,true,false,12,2017-04-01,2018-03-31,-1
2018-10-31,80250,2018-03-31,2,,,,,,,,,,,,,,,,,,,,,,,,,,,,,30.00,,,,4069747,86377,,false,false,12,2017-04-01,2018-03-31,-1
2018-10-31,80250,2019-03-31,2,,,,,,,,,,,,,,,,,,,,,,,,,,,,,30.00,,,,,,,false,true,12,2018-04-01,2019-03-31,0
2018-10-31,80250,2019-03-31,2,,,,,,,,,,,,,,,,,,,,,,,,,,,,,,,,,4069747,86784,3983202,false,false,6,2018-04-01,2018-09-30,0
2018-10-31,80250,2018-03-31,2,,,,,,,,,,,,,,,,,,,,,,,,,,,,,,,,,,,3984611,false,false,6,2017-04-01,2017-09-30,-1
2019-01-31,80250,2019-03-31,3,13480000000,-0.062,,,,,-88000000,,-80000000,,,-46000000,,-11.65,,,,,,26773000000,11029000000,0.412,,11029000000,,,,,,,,,,,,true,false,9,2018-04-01,2018-12-31,0
2019-01-31,80250,2018-03-31,3,14376000000,-0.133,,,,,-74000000,,-94000000,,,641000000,,161.00,,,,,,,,,,,,,,,,,,,,,,true,false,9,2017-04-01,2017-12-31,-1
2019-01-31,80250,2019-03-31,3,19000000000,-0.055,,,,,360000000,0.219,350000000,0.150,,200000000,,50.21,,,,,,,,,,,,,,,,,,,,,,true,true,12,2018-04-01,2019-03-31,0
2019-01-31,80250,2018-03-31,3,,,,,,,,,,,,,,,,,,,,27944000000,11671000000,0.418,,11671000000,,,,,,,,,,,,true,false,12,2017-04-01,2018-03-31,-1
2019-01-31,80250,2018-03-31,3,,,,,,,,,,,,,,,,,,,,,,,,,,,,,30.00,,,,4069747,86377,,false,false,12,2017-04-01,2018-03-31,-1
2019-01-31,80250,2019-03-31,3,,,,,,,,,,,,,,,,,,,,,,,,,,,,,30.00,,,,,,,false,true,12,2018-04-01,2019-03-31,0
2019-01-31,80250,2019-03-31,3,,,,,,,,,,,,,,,,,,,,,,,,,,,,,,,,,4069747,86866,3983112,false,false,9,2018-04-01,2018-12-31,0
2019-01-31,80250,2018-03-31,3,,,,,,,,,,,,,,,,,,,,,,,,,,,,,,,,,,,3984309,false,false,9,2017-04-01,2017-12-31,-1
2019-05-15,80250,2019-03-31,,19326000000,-0.039,,,,,309000000,0.049,343000000,0.129,,185000000,,46.61,,0.016,0.012,0.016,,27730000000,11306000000,0.408,2838.76,11306000000,928000000,-151000000,-167000000,2411000000,,0.644,,,,,,true,false,12,2018-04-01,2019-03-31,0
2019-05-15,80250,2018-03-31,,20113000000,-0.101,,,,,295000000,-0.040,304000000,0.044,,818000000,,205.55,,0.073,0.011,0.015,,27944000000,11671000000,0.418,2930.12,11671000000,280000000,514000000,-650000000,1803000000,,0.146,,,,,,true,false,12,2017-04-01,2018-03-31,-1
2019-05-15,80250,2020-03-31,,8500000000,-0.074,,,,,20000000,-0.678,80000000,0.038,,50000000,,12.55,,,,,,,,,,,,,,,,,,,,,,true,true,6,2019-04-01,2019-09-30,1
2019-05-15,80250,2020-03-31,,18000000000,-0.069,,,,,250000000,-0.193,300000000,-0.127,,550000000,,138.09,,,,,,,,,,,,,,,,0.217,,,,,,true,true,12,2019-04-01,2020-03-31,1
2019-05-15,80250,2019-03-31,,1587000000,-0.176,,,,,213000000,-0.591,233000000,-0.459,-545000000,,,-136.38,,,,,,25753000000,10852000000,0.421,2711.74,10852000000,,,,,30.00,,,,4069747,86999,3983044,false,false,12,2018-04-01,2019-03-31,0
2019-05-15,80250,2018-03-31,,1926000000,-0.146,,,,,520000000,0.052,432000000,-0.074,987000000,,4.611,246.79,,,,,,26515000000,11924000000,0.450,2979.11,11924000000,,,,,30.00,,,,4069747,86377,3984100,false,false,12,2017-04-01,2018-03-31,-1
2019-05-15,80250,2020-03-31,,,,,,,,,,,,,,,,,,,,,,,,,,,,,,30.00,,,,,,,false,true,12,2019-04-01,2020-03-31,1
2019-07-31,80250,2020-03-31,1,3562000000,-0.122,,,,,-159000000,,-158000000,,,-102000000,,-25.84,,,,,,27084000000,10861000000,0.401,,10861000000,,,,,,,,,,,,true,false,3,2019-04-01,2019-06-30,0
2019-07-31,80250,2019-03-31,1,4059000000,0.049,,,,,-126000000,,-138000000,,,-99000000,,-25.01,,,,,,,,,,,,,,,,,,,,,,true,false,3,2018-04-01,2018-06-30,-1
2019-07-31,80250,2020-03-31,1,8500000000,-0.074,,,,,20000000,-0.678,80000000,0.038,,50000000,,12.55,,,,,,,,,,,,,,,,,,,,,,true,true,6,2019-04-01,2019-09-30,0
2019-07-31,80250,2020-03-31,1,18000000000,-0.069,,,,,250000000,-0.193,300000000,-0.127,,550000000,,138.10,,,,,,,,,,,,,,,,,,,,,,true,true,12,2019-04-01,2020-03-31,0
2019-07-31,80250,2019-03-31,1,,,,,,,,,,,,,,,,,,,,27730000000,11306000000,0.408,,11306000000,,,,,,,,,,,,true,false,12,2018-04-01,2019-03-31,-1
2019-07-31,80250,2019-03-31,1,,,,,,,,,,,,,,,,,,,,,,,,,,,,,30.00,,,,4069747,86999,,false,false,12,2018-04-01,2019-03-31,-1
2019-07-31,80250,2020-03-31,1,,,,,,,,,,,,,,,,,,,,,,,,,,,,,30.00,,,,,,,false,true,12,2019-04-01,2020-03-31,0
2019-07-31,80250,2020-03-31,1,,,,,,,,,,,,,,,,,,,,,,,,,,,,,,,,,4069747,87079,3982704,false,false,3,2019-04-01,2019-06-30,0
2019-07-31,80250,2019-03-31,1,,,,,,,,,,,,,,,,,,,,,,,,,,,,,,,,,,,3983297,false,false,3,2018-04-01,2018-06-30,-1
2019-10-25,80250,2020-03-31,,8800000000,0.035,,,,,160000000,7.000,230000000,1.875,,150000000,,37.66,,,,,,,,,,,,,,,,,,,,,,true,true,6,2019-04-01,2019-09-30,0
2019-10-25,80250,2019-03-31,,9181000000,,,,,,62000000,,77000000,,,48000000,,12.05,,,,,,,,,,,,,,,,,,,,,,true,false,6,2018-04-01,2018-09-30,-1
2019-10-31,80250,2020-03-31,2,8865000000,-0.034,,,,,161000000,1.598,233000000,2.024,,159000000,,40.02,,,,,,27172000000,11197000000,0.412,,11197000000,,,,,,,,,,,,true,false,6,2019-04-01,2019-09-30,0
2019-10-31,80250,2019-03-31,2,9181000000,-0.083,,,,,62000000,-0.470,77000000,-0.355,,48000000,,12.05,,,,,,,,,,,,,,,,,,,,,,true,false,6,2018-04-01,2018-09-30,-1
2019-10-31,80250,2020-03-31,2,18000000000,-0.069,,,,,250000000,-0.193,300000000,-0.127,,550000000,,138.10,,,,,,,,,,,,,,,,,,,,,,true,true,12,2019-04-01,2020-03-31,0
2019-10-31,80250,2019-03-31,2,,,,,,,,,,,,,,,,,,,,27730000000,11306000000,0.408,,11306000000,,,,,,,,,,,,true,false,12,2018-04-01,2019-03-31,-1
2019-10-31,80250,2019-03-31,2,,,,,,,,,,,,,,,,,,,,,,,,,,,,,30.00,,,,4069747,86999,,false,false,12,2018-04-01,2019-03-31,-1
2019-10-31,80250,2020-03-31,2,,,,,,,,,,,,,,,,,,,,,,,,,,,,,30.00,,,,,,,false,true,12,2019-04-01,2020-03-31,0
2019-10-31,80250,2020-03-31,2,,,,,,,,,,,,,,,,,,,,,,,,,,,,,,,,,4069747,87163,3982663,false,false,6,2019-04-01,2019-09-30,0
2019-10-31,80250,2019-03-31,2,,,,,,,,,,,,,,,,,,,,,,,,,,,,,,,,,,,3983202,false,false,6,2018-04-01,2018-09-30,-1
2020-01-31,80250,2020-03-31,3,13015000000,-0.034,,,,,-8000000,,44000000,,,40000000,,10.17,,,,,,27123000000,11286000000,0.416,,11286000000,,,,,,,,,,,,true,false,9,2019-04-01,2019-12-31,0
2020-01-31,80250,2019-03-31,3,13480000000,-0.062,,,,,-88000000,,-80000000,,,-46000000,,-11.65,,,,,,,,,,,,,,,,,,,,,,true,false,9,2018-04-01,2018-12-31,-1
2020-01-31,80250,2020-03-31,3,18000000000,-0.069,,,,,250000000,-0.193,300000000,-0.127,,550000000,,138.10,,,,,,,,,,,,,,,,,,,,,,true,true,12,2019-04-01,2020-03-31,0
2020-01-31,80250,2019-03-31,3,,,,,,,,,,,,,,,,,,,,27730000000,11306000000,0.408,,11306000000,,,,,,,,,,,,true,false,12,2018-04-01,2019-03-31,-1
2020-01-31,80250,2019-03-31,3,,,,,,,,,,,,,,,,,,,,,,,,,,,,,30.00,,,,4069747,86999,,false,false,12,2018-04-01,2019-03-31,-1
2020-01-31,80250,2020-03-31,3,,,,,,,,,,,,,,,,,,,,,,,,,,,,,40.00,,,,,,,false,true,12,2019-04-01,2020-03-31,0
2020-01-31,80250,2020-03-31,3,,,,,,,,,,,,,,,,,,,,,,,,,,,,,,,,,4069747,87417,3982591,false,false,9,2019-04-01,2019-12-31,0
2020-01-31,80250,2019-03-31,3,,,,,,,,,,,,,,,,,,,,,,,,,,,,,,,,,,,3983112,false,false,9,2018-04-01,2018-12-31,-1
2020-05-15,80250,2020-03-31,,17797000000,-0.079,,,,,200000000,-0.353,280000000,-0.183,,441000000,,110.94,,0.040,0.010,0.011,,26119000000,11012000000,0.422,2765.40,11012000000,-648000000,-187000000,-168000000,1407000000,,0.361,,,,,,true,false,12,2019-04-01,2020-03-31,0
2020-05-15,80250,2019-03-31,,19326000000,-0.039,,,,,309000000,0.049,343000000,0.129,,185000000,,46.61,,0.016,0.012,0.016,,27730000000,11306000000,0.408,2838.76,11306000000,928000000,-151000000,-167000000,2411000000,,0.644,,,,,,true,false,12,2018-04-01,2019-03-31,-1
2020-05-15,80250,2020-03-31,,15223000000,8.592,,,,,371000000,0.741,375000000,0.606,818000000,,,205.40,,,,,,25725000000,11096000000,0.431,2786.44,11096000000,,,,,40.00,,,,4069747,87439,3982528,false,false,12,2019-04-01,2020-03-31,0
2020-05-15,80250,2019-03-31,,1587000000,-0.176,,,,,213000000,-0.591,233000000,-0.459,-545000000,,,-136.38,,,,,,25753000000,10852000000,0.421,2711.74,10852000000,,,,,30.00,,,,4069747,86999,3983044,false,false,12,2018-04-01,2019-03-31,-1
2020-07-31,80250,2021-03-31,1,3793000000,0.065,,,,,-112000000,,-109000000,,,-109000000,,-27.58,,,,,,25267000000,10776000000,0.427,,10776000000,,,,,,,,,,,,true,false,3,2020-04-01,2020-06-30,0
2020-07-31,80250,2020-03-31,1,3562000000,-0.122,,,,,-159000000,,-158000000,,,-102000000,,-25.84,,,,,,,,,,,,,,,,,,,,,,true,false,3,2019-04-01,2019-06-30,-1
2020-07-31,80250,2020-03-31,1,,,,,,,,,,,,,,,,,,,,26119000000,11012000000,0.422,,11012000000,,,,,,,,,,,,true,false,12,2019-04-01,2020-03-31,-1
2020-07-31,80250,2020-03-31,1,,,,,,,,,,,,,,,,,,,,,,,,,,,,,40.00,,,,4069747,87439,,false,false,12,2019-04-01,2020-03-31,-1
2020-07-31,80250,2021-03-31,1,,,,,,,,,,,,,,,,,,,,,,,,,,,,,,,,,4069747,87553,3982264,false,false,3,2020-04-01,2020-06-30,0
2020-07-31,80250,2020-03-31,1,,,,,,,,,,,,,,,,,,,,,,,,,,,,,,,,,,,3982704,false,false,3,2019-04-01,2019-06-30,-1
2020-10-30,80250,2021-03-31,2,8539000000,-0.037,,,,,14000000,-0.911,91000000,-0.609,,45000000,,11.37,,,,,,25906000000,10976000000,0.424,,10976000000,,,,,,,,,,,,true,false,6,2020-04-01,2020-09-30,0
2020-10-30,80250,2020-03-31,2,8865000000,-0.034,,,,,161000000,1.598,233000000,2.024,,159000000,,40.02,,,,,,,,,,,,,,,,,,,,,,true,false,6,2019-04-01,2019-09-30,-1
2020-10-30,80250,2021-03-31,2,17000000000,-0.045,,,,,70000000,-0.651,150000000,-0.466,,100000000,,25.11,,,,,,,,,,,,,,,,,,,,,,true,true,12,2020-04-01,2021-03-31,0
2020-10-30,80250,2020-03-31,2,,,,,,,,,,,,,,,,,,,,26119000000,11012000000,0.422,,11012000000,,,,,,,,,,,,true,false,12,2019-04-01,2020-03-31,-1
2020-10-30,80250,2020-03-31,2,,,,,,,,,,,,,,,,,,,,,,,,,,,,,40.00,,,,4069747,87439,,false,false,12,2019-04-01,2020-03-31,-1
2020-10-30,80250,2021-03-31,2,,,,,,,,,,,,,,,,,,,,,,,,,,,,,30.00,,,,,,,false,true,12,2020-04-01,2021-03-31,0
2020-10-30,80250,2021-03-31,2,,,,,,,,,,,,,,,,,,,,,,,,,,,,,,,,,4069747,87599,3982221,false,false,6,2020-04-01,2020-09-30,0
2020-10-30,80250,2020-03-31,2,,,,,,,,,,,,,,,,,,,,,,,,,,,,,,,,,,,3982663,false,false,6,2019-04-01,2019-09-30,-1
2020-10-30,80250,2021-03-31,,17000000000,-0.045,,,,,70000000,-0.651,150000000,-0.466,,100000000,,25.11,,,,,,,,,,,,,,,,,,,,,,true,true,12,2020-04-01,2021-03-31,0
2020-10-30,80250,2021-03-31,,,,,,,,,,,,,,,,,,,,,,,,,,,,,,30.00,,,,,,,false,true,12,2020-04-01,2021-03-31,0
2020-10-30,80250,2020-03-31,,,,,,,,,,,,,,,,,,,,,,,,,,,,,,40.00,,,,,,,false,false,12,2019-04-01,2020-03-31,-1
2021-01-29,80250,2021-03-31,3,12631000000,-0.029,,,,,10000000,,71000000,0.612,,22000000,,5.66,,,,,,26003000000,11076000000,0.426,,11076000000,,,,,,,,,,,,true,false,9,2020-04-01,2020-12-31,0
2021-01-29,80250,2020-03-31,3,13015000000,-0.034,,,,,-8000000,,44000000,,,40000000,,10.17,,,,,,,,,,,,,,,,,,,,,,true,false,9,2019-04-01,2019-12-31,-1
2021-01-29,80250,2021-03-31,3,17000000000,-0.045,,,,,70000000,-0.651,150000000,-0.466,,100000000,,25.11,,,,,,,,,,,,,,,,,,,,,,true,true,12,2020-04-01,2021-03-31,0
2021-01-29,80250,2020-03-31,3,,,,,,,,,,,,,,,,,,,,26119000000,11012000000,0.422,,11012000000,,,,,,,,,,,,true,false,12,2019-04-01,2020-03-31,-1
2021-01-29,80250,2020-03-31,3,,,,,,,,,,,,,,,,,,,,,,,,,,,,,40.00,,,,4069747,87439,,false,false,12,2019-04-01,2020-03-31,-1
2021-01-29,80250,2021-03-31,3,,,,,,,,,,,,,,,,,,,,,,,,,,,,,30.00,,,,,,,false,true,12,2020-04-01,2021-03-31,0
2021-01-29,80250,2021-03-31,3,,,,,,,,,,,,,,,,,,,,,,,,,,,,,,,,,4069747,87713,3982181,false,false,9,2020-04-01,2020-12-31,0
2021-01-29,80250,2020-03-31,3,,,,,,,,,,,,,,,,,,,,,,,,,,,,,,,,,,,3982591,false,false,9,2019-04-01,2019-12-31,-1
2021-05-10,80250,2021-03-31,,17000000000,0.000,,,,,180000000,1.571,260000000,0.733,,140000000,,35.16,,,,,,,,,,,,,,,,,,,,,,true,true,12,2020-04-01,2021-03-31,0
2021-05-10,80250,2020-03-31,,17797000000,,,,,,200000000,,280000000,,,441000000,,110.94,,,,,,,,,,,,,,,,,,,,,,true,false,12,2019-04-01,2020-03-31,-1
2021-05-14,80250,2021-03-31,,17849000000,0.003,,,,,188000000,-0.058,264000000,-0.057,,146000000,,36.71,,0.013,0.010,0.011,,27237000000,11830000000,0.434,2971.04,11830000000,894000000,-157000000,205000000,2349000000,,0.817,,,,,,true,false,12,2020-04-01,2021-03-31,0
2021-05-14,80250,2020-03-31,,17797000000,-0.079,,,,,200000000,-0.353,280000000,-0.183,,441000000,,110.94,,0.040,0.010,0.011,,26119000000,11012000000,0.422,2765.40,11012000000,-648000000,-187000000,-168000000,1407000000,,0.361,,,,,,true,false,12,2019-04-01,2020-03-31,-1
2021-05-14,80250,2022-03-31,,7500000000,-0.122,,,,,0,,0,,0,,,0.00,,,,,,,,,,,,,,,,,,,,,,true,true,6,2021-04-01,2021-09-30,1
2021-05-14,80250,2022-03-31,,17000000000,-0.048,,,,,200000000,0.059,300000000,0.133,200000000,,0.368,50.22,,,,,,,,,,,,,,,,0.597,,,,,,true,true,12,2021-04-01,2022-03-31,1
2021-05-14,80250,2021-03-31,,16223000000,0.066,,,,,486000000,0.312,307000000,-0.181,162000000,,-0.802,40.78,,,,,,26737000000,11706000000,0.438,2939.87,11706000000,,,,,30.00,,,,4069747,87752,3982141,false,false,12,2020-04-01,2021-03-31,0
2021-05-14,80250,2020-03-31,,15223000000,8.592,,,,,371000000,0.741,375000000,0.606,818000000,,,205.40,,,,,,25725000000,11096000000,0.431,2786.44,11096000000,,,,,40.00,,,,4069747,87439,3982528,false,false,12,2019-04-01,2020-03-31,-1
2021-05-14,80250,2022-03-31,,,,,,,,,,,,,,,,,,,,,,,,,,,,,,30.00,,,,,,,false,true,12,2021-04-01,2022-03-31,1
2021-07-30,80250,2022-03-31,1,3323000000,,,,,,-177000000,,-192000000,,,-128000000,,-32.21,,,,,,25653000000,11482000000,0.448,,11482000000,,,,,,,,,,,,true,false,3,2021-04-01,2021-06-30,0
2021-07-30,80250,2021-03-31,1,3793000000,0.065,,,,,-112000000,,-109000000,,,-109000000,,-27.58,,,,,,,,,,,,,,,,,,,,,,true,false,3,2020-04-01,2020-06-30,-1
2021-07-30,80250,2022-03-31,1,7500000000,,,,,,0,,0,,,0,,0.00,,,,,,,,,,,,,,,,,,,,,,true,true,6,2021-04-01,2021-09-30,0
2021-07-30,80250,2022-03-31,1,17000000000,,,,,,200000000,,300000000,,,200000000,,50.23,,,,,,,,,,,,,,,,,,,,,,true,true,12,2021-04-01,2022-03-31,0
2021-07-30,80250,2021-03-31,1,,,,,,,,,,,,,,,,,,,,27237000000,11830000000,0.434,,11830000000,,,,,,,,,,,,true,false,12,2020-04-01,2021-03-31,-1
2021-07-30,80250,2021-03-31,1,,,,,,,,,,,,,,,,,,,,,,,,,,,,,30.00,,,,4069747,87752,,false,false,12,2020-04-01,2021-03-31,-1
2021-07-30,80250,2022-03-31,1,,,,,,,,,,,,,,,,,,,,,,,,,,,,,30.00,,,,,,,false,true,12,2021-04-01,2022-03-31,0
2021-07-30,80250,2022-03-31,1,,,,,,,,,,,,,,,,,,,,,,,,,,,,,,,,,4069747,87869,3981922,false,false,3,2021-04-01,2021-06-30,0
2021-07-30,80250,2021-03-31,1,,,,,,,,,,,,,,,,,,,,,,,,,,,,,,,,,,,3982264,false,false,3,2020-04-01,2020-06-30,-1
2021-10-27,80250,2022-03-31,,7300000000,-0.027,,,,,85000000,,145000000,,103000000,,,25.81,,,,,,,,,,,,,,,,,,,,,,true,true,6,2021-04-01,2021-09-30,0
2021-10-27,80250,2021-03-31,,8539000000,,,,,,14000000,,91000000,,45000000,,,11.37,,,,,,,,,,,,,,,,,,,,,,true,false,6,2020-04-01,2020-09-30,-1
2021-10-29,80250,2022-03-31,2,7339000000,,,,,,85000000,,145000000,,,103000000,,26.02,,,,,,26119000000,11840000000,0.453,,11840000000,,,,,,,,,,,,true,false,6,2021-04-01,2021-09-30,0
2021-10-29,80250,2021-03-31,2,8539000000,-0.037,,,,,14000000,-0.911,91000000,-0.609,,45000000,,11.37,,,,,,,,,,,,,,,,,,,,,,true,false,6,2020-04-01,2020-09-30,-1
2021-10-29,80250,2022-03-31,2,17000000000,,,,,,200000000,,300000000,,,200000000,,50.13,,,,,,,,,,,,,,,,,,,,,,true,true,12,2021-04-01,2022-03-31,0
2021-10-29,80250,2021-03-31,2,,,,,,,,,,,,,,,,,,,,27237000000,11830000000,0.434,,11830000000,,,,,,,,,,,,true,false,12,2020-04-01,2021-03-31,-1
2021-10-29,80250,2021-03-31,2,,,,,,,,,,,,,,,,,,,,,,,,,,,,,30.00,,,,4069747,87752,,false,false,12,2020-04-01,2021-03-31,-1
2021-10-29,80250,2022-03-31,2,,,,,,,,,,,,,,,,,,,,,,,,,,,,,30.00,,,,,,,false,true,12,2021-04-01,2022-03-31,0
2021-10-29,80250,2022-03-31,2,,,,,,,,,,,,,,,,,,,,,,,,,,,,,,,,,4069747,69092,3989966,false,false,6,2021-04-01,2021-09-30,0
2021-10-29,80250,2021-03-31,2,,,,,,,,,,,,,,,,,,,,,,,,,,,,,,,,,,,3982221,false,false,6,2020-04-01,2020-09-30,-1
2022-01-31,80250,2022-03-31,3,11075000000,,,,,,-64000000,,-26000000,,,-3000000,,-0.80,,,,,,26209000000,11627000000,0.444,,11627000000,,,,,,,,,,,,true,false,9,2021-04-01,2021-12-31,0
2022-01-31,80250,2021-03-31,3,12631000000,-0.029,,,,,10000000,,71000000,0.612,,22000000,,5.66,,,,,,,,,,,,,,,,,,,,,,true,false,9,2020-04-01,2020-12-31,-1
2022-01-31,80250,2022-03-31,3,17000000000,,,,,,200000000,,300000000,,,200000000,,50.09,,,,,,,,,,,,,,,,,,,,,,true,true,12,2021-04-01,2022-03-31,0
2022-01-31,80250,2021-03-31,3,,,,,,,,,,,,,,,,,,,,27237000000,11830000000,0.434,,11830000000,,,,,,,,,,,,true,false,12,2020-04-01,2021-03-31,-1
2022-01-31,80250,2021-03-31,3,,,,,,,,,,,,,,,,,,,,,,,,,,,,,30.00,,,,4069747,87752,,false,false,12,2020-04-01,2021-03-31,-1
2022-01-31,80250,2022-03-31,3,,,,,,,,,,,,,,,,,,,,,,,,,,,,,30.00,,,,,,,false,true,12,2021-04-01,2022-03-31,0
2022-01-31,80250,2022-03-31,3,,,,,,,,,,,,,,,,,,,,,,,,,,,,,,,,,4069747,69131,3993165,false,false,9,2021-04-01,2021-12-31,0
2022-01-31,80250,2021-03-31,3,,,,,,,,,,,,,,,,,,,,,,,,,,,,,,,,,,,3982181,false,false,9,2020-04-01,2020-12-31,-1
2022-05-10,80250,2022-03-31,,15500000000,-0.088,,,,,220000000,0.100,300000000,0.000,-330000000,,,-82.61,,,,,,,,,,,,,,,,,,,,,,true,true,12,2021-04-01,2022-03-31,0
2022-05-10,80250,2021-03-31,,17849000000,,,,,,188000000,,264000000,,146000000,,,36.71,,,,,,,,,,,,,,,,,,,,,,true,false,12,2020-04-01,2021-03-31,-1
2022-05-13,80250,2022-03-31,,15658000000,,,,,,229000000,,300000000,,,-329000000,,-82.58,,,0.011,0.015,,26524000000,11528000000,0.435,2881.72,11528000000,45000000,-124000000,-453000000,1817000000,,,,,,,,true,false,12,2021-04-01,2022-03-31,0
2022-05-13,80250,2021-03-31,,17849000000,0.003,,,,,188000000,-0.058,264000000,-0.057,,146000000,,36.71,,0.013,0.010,0.011,,27237000000,11830000000,0.434,2971.04,11830000000,894000000,-157000000,205000000,2349000000,,0.817,,,,,,true,false,12,2020-04-01,2021-03-31,-1
2022-05-13,80250,2023-03-31,,7000000000,-0.046,,,,,0,,70000000,-0.518,50000000,,-0.518,12.52,,,,,,,,,,,,,,,,,,,,,,true,true,6,2022-04-01,2022-09-30,1
2022-05-13,80250,2023-03-31,,14500000000,-0.074,,,,,250000000,0.090,330000000,0.097,300000000,,,75.10,,,,,,,,,,,,,,,,0.399,,,,,,true,true,12,2022-04-01,2023-03-31,1
2022-05-13,80250,2022-03-31,,14558000000,,,,,,440000000,,331000000,,-330000000,,,-82.75,,,,,,26009000000,11434000000,0.440,2858.13,11434000000,,,,,30.00,,,,4069747,69174,3994874,false,false,12,2021-04-01,2022-03-31,0
2022-05-13,80250,2021-03-31,,16223000000,0.066,,,,,486000000,0.312,307000000,-0.181,162000000,,-0.802,40.78,,,,,,26737000000,11706000000,0.438,2939.87,11706000000,,,,,30.00,,,,4069747,87752,3982141,false,false,12,2020-04-01,2021-03-31,-1
2022-05-13,80250,2023-03-31,,,,,,,,,,,,,,,,,,,,,,,,,,,,,,30.00,,,,,,,false,true,12,2022-04-01,2023-03-31,1
2022-07-29,80250,2023-03-31,1,2973000000,-0.105,,,,,-188000000,,-188000000,,,-139000000,,-34.92,,,,,,25591000000,11229000000,0.439,,11229000000,,,,,,,,,,,,true,false,3,2022-04-01,2022-06-30,0
2022-07-29,80250,2022-03-31,1,3323000000,,,,,,-177000000,,-192000000,,,-128000000,,-32.21,,,,,,,,,,,,,,,,,,,,,,true,false,3,2021-04-01,2021-06-30,-1
2022-07-29,80250,2023-03-31,1,7000000000,-0.046,,,,,0,,70000000,-0.518,,50000000,,12.50,,,,,,,,,,,,,,,,,,,,,,true,true,6,2022-04-01,2022-09-30,0
2022-07-29,80250,2023-03-31,1,14500000000,-0.074,,,,,250000000,0.090,330000000,0.097,,300000000,,74.99,,,,,,,,,,,,,,,,,,,,,,true,true,12,2022-04-01,2023-03-31,0
2022-07-29,80250,2022-03-31,1,,,,,,,,,,,,,,,,,,,,26524000000,11528000000,0.435,,11528000000,,,,,,,,,,,,true,false,12,2021-04-01,2022-03-31,-1
2022-07-29,80250,2022-03-31,1,,,,,,,,,,,,,,,,,,,,,,,,,,,,,30.00,,,,4069747,69174,,false,false,12,2021-04-01,2022-03-31,-1
2022-07-29,80250,2023-03-31,1,,,,,,,,,,,,,,,,,,,,,,,,,,,,,30.00,,,,,,,false,true,12,2022-04-01,2023-03-31,0
2022-07-29,80250,2023-03-31,1,,,,,,,,,,,,,,,,,,,,,,,,,,,,,,,,,4069747,69265,4000532,false,false,3,2022-04-01,2022-06-30,0
2022-07-29,80250,2022-03-31,1,,,,,,,,,,,,,,,,,,,,,,,,,,,,,,,,,,,3981922,false,false,3,2021-04-01,2021-06-30,-1
2022-08-15,80250,2023-03-31,1,2973000000,-0.105,,,,,-188000000,,-188000000,,,-139000000,,-34.92,,,,,,25658000000,11248000000,0.438,,11248000000,,,,,,,,,,,,true,false,3,2022-04-01,2022-06-30,0
2022-08-15,80250,2022-03-31,1,3323000000,,,,,,-177000000,,-192000000,,,-128000000,,-32.21,,,,,,,,,,,,,,,,,,,,,,true,false,3,2021-04-01,2021-06-30,-1
2022-08-15,80250,2023-03-31,1,7000000000,-0.046,,,,,0,,70000000,-0.518,,50000000,,12.50,,,,,,,,,,,,,,,,,,,,,,true,true,6,2022-04-01,2022-09-30,0
2022-08-15,80250,2023-03-31,1,14500000000,-0.074,,,,,250000000,0.090,330000000,0.097,,300000000,,74.99,,,,,,,,,,,,,,,,,,,,,,true,true,12,2022-04-01,2023-03-31,0
2022-08-15,80250,2022-03-31,1,,,,,,,,,,,,,,,,,,,,26524000000,11528000000,0.435,,11528000000,,,,,,,,,,,,true,false,12,2021-04-01,2022-03-31,-1
2022-08-15,80250,2022-03-31,1,,,,,,,,,,,,,,,,,,,,,,,,,,,,,30.00,,,,4069747,69174,,false,false,12,2021-04-01,2022-03-31,-1
2022-08-15,80250,2023-03-31,1,,,,,,,,,,,,,,,,,,,,,,,,,,,,,30.00,,,,,,,false,true,12,2022-04-01,2023-03-31,0
2022-08-15,80250,2023-03-31,1,,,,,,,,,,,,,,,,,,,,,,,,,,,,,,,,,4069747,69265,4000532,false,false,3,2022-04-01,2022-06-30,0
2022-08-15,80250,2022-03-31,1,,,,,,,,,,,,,,,,,,,,,,,,,,,,,,,,,,,3981922,false,false,3,2021-04-01,2021-06-30,-1
2022-11-04,80250,2023-03-31,,6900000000,-0.014,,,,,57000000,,135000000,0.929,128000000,,1.560,31.93,,,,,,,,,,,,,,,,,,,,,,true,true,6,2022-04-01,2022-09-30,0
2022-11-04,80250,2022-03-31,,7339000000,,,,,,85000000,,145000000,,103000000,,,26.02,,,,,,,,,,,,,,,,,,,,,,true,false,6,2021-04-01,2021-09-30,-1
2022-11-11,80250,2023-03-31,2,6940000000,-0.054,,,,,57000000,-0.330,135000000,-0.070,,128000000,,32.13,,,,,,26165000000,11459000000,0.438,,11459000000,,,,,,,,,,,,true,false,6,2022-04-01,2022-09-30,0
2022-11-11,80250,2022-03-31,2,7339000000,,,,,,85000000,,145000000,,,103000000,,26.02,,,,,,,,,,,,,,,,,,,,,,true,false,6,2021-04-01,2021-09-30,-1
2022-11-11,80250,2023-03-31,2,14500000000,-0.074,,,,,250000000,0.090,330000000,0.097,,300000000,,74.84,,,,,,,,,,,,,,,,,,,,,,true,true,12,2022-04-01,2023-03-31,0
2022-11-11,80250,2022-03-31,2,,,,,,,,,,,,,,,,,,,,26524000000,11528000000,0.435,,11528000000,,,,,,,,,,,,true,false,12,2021-04-01,2022-03-31,-1
2022-11-11,80250,2022-03-31,2,,,,,,,,,,,,,,,,,,,,,,,,,,,,,30.00,,,,4069747,69174,,false,false,12,2021-04-01,2022-03-31,-1
2022-11-11,80250,2023-03-31,2,,,,,,,,,,,,,,,,,,,,,,,,,,,,,30.00,,,,,,,false,true,12,2022-04-01,2023-03-31,0
2022-11-11,80250,2023-03-31,2,,,,,,,,,,,,,,,,,,,,,,,,,,,,,,,,,4069747,50425,4008590,false,false,6,2022-04-01,2022-09-30,0
2022-11-11,80250,2022-03-31,2,,,,,,,,,,,,,,,,,,,,,,,,,,,,,,,,,,,3989966,false,false,6,2021-04-01,2021-09-30,-1
2023-02-10,80250,2023-03-31,3,10071000000,-0.091,,,,,8000000,,69000000,,,81000000,,20.20,,,,,,26520000000,11897000000,0.449,,11897000000,,,,,,,,,,,,true,false,9,2022-04-01,2022-12-31,0
2023-02-10,80250,2022-03-31,3,11075000000,,,,,,-64000000,,-26000000,,,-3000000,,-0.80,,,,,,,,,,,,,,,,,,,,,,true,false,9,2021-04-01,2021-12-31,-1
2023-02-10,80250,2023-03-31,3,14500000000,-0.074,,,,,250000000,0.090,330000000,0.097,,300000000,,74.78,,,,,,,,,,,,,,,,,,,,,,true,true,12,2022-04-01,2023-03-31,0
2023-02-10,80250,2022-03-31,3,,,,,,,,,,,,,,,,,,,,26524000000,11528000000,0.435,,11528000000,,,,,,,,,,,,true,false,12,2021-04-01,2022-03-31,-1
2023-02-10,80250,2022-03-31,3,,,,,,,,,,,,,,,,,,,,,,,,,,,,,30.00,,,,4069747,69174,,false,false,12,2021-04-01,2022-03-31,-1
2023-02-10,80250,2023-03-31,3,,,,,,,,,,,,,,,,,,,,,,,,,,,,,30.00,,,,,,,false,true,12,2022-04-01,2023-03-31,0
2023-02-10,80250,2023-03-31,3,,,,,,,,,,,,,,,,,,,,,,,,,,,,,,,,,4069747,50480,4011798,false,false,9,2022-04-01,2022-12-31,0
2023-02-10,80250,2022-03-31,3,,,,,,,,,,,,,,,,,,,,,,,,,,,,,,,,,,,3993165,false,false,9,2021-04-01,2021-12-31,-1
2023-05-10,80250,2023-03-31,,12500000000,-0.138,,,,,13000000,-0.948,135000000,-0.591,60000000,,-0.800,14.95,,,,,,,,,,,,,,,,,,,,,,true,true,12,2022-04-01,2023-03-31,0
2023-05-10,80250,2022-03-31,,15658000000,,,,,,229000000,,300000000,,-329000000,,,-82.58,,,,,,,,,,,,,,,,,,,,,,true,false,12,2021-04-01,2022-03-31,-1
2023-05-15,80250,2023-03-31,,12879000000,-0.177,,,,,14000000,-0.936,136000000,-0.545,,65000000,,16.20,,0.006,0.005,0.001,,25808000000,11900000000,0.461,2960.93,11900000000,417000000,561000000,-637000000,2159000000,,1.851,,,,,,true,false,12,2022-04-01,2023-03-31,0
2023-05-15,80250,2022-03-31,,15658000000,,,,,,229000000,,300000000,,,-329000000,,-82.58,,,0.011,0.015,,26524000000,11528000000,0.435,2881.72,11528000000,45000000,-124000000,-453000000,1817000000,,,,,,,,true,false,12,2021-04-01,2022-03-31,-1
2023-05-15,80250,2024-03-31,,5500000000,-0.208,,,,,-180000000,,-130000000,,-90000000,,,-22.42,,,,,,,,,,,,,,,,,,,,,,true,true,6,2023-04-01,2023-09-30,1
2023-05-15,80250,2024-03-31,,12000000000,-0.068,,,,,70000000,3.783,150000000,0.097,120000000,,0.845,29.90,,,,,,,,,,,,,,,,1.003,,,,,,true,true,12,2023-04-01,2024-03-31,1
2023-05-15,80250,2023-03-31,,11823000000,-0.189,,,,,146000000,-0.667,135000000,-0.592,64000000,,,16.07,,,,,,25295000000,11825000000,0.467,2942.11,11825000000,,,,,30.00,,,,4069747,50505,4013518,false,false,12,2022-04-01,2023-03-31,0
2023-05-15,80250,2022-03-31,,14588000000,,,,,,440000000,,331000000,,-330000000,,,-82.75,,,,,,26009000000,11434000000,0.440,2858.13,11434000000,,,,,30.00,,,,4069747,69174,3994874,false,false,12,2021-04-01,2022-03-31,-1
2023-05-15,80250,2024-03-31,,,,,,,,,,,,,,,,,,,,,,,,,,,,,,30.00,,,,,,,false,true,12,2023-04-01,2024-03-31,1
2023-08-04,80250,2024-03-31,1,2445000000,-0.178,,,,,-195000000,,-203000000,,,-136000000,,-33.97,,,,,,26004000000,12160000000,0.468,,12160000000,,,,,,,,,,,,true,false,3,2023-04-01,2023-06-30,0
2023-08-04,80250,2023-03-31,1,2973000000,-0.105,,,,,-188000000,,-188000000,,,-139000000,,-34.92,,,,,,,,,,,,,,,,,,,,,,true,false,3,2022-04-01,2022-06-30,-1
2023-08-04,80250,2024-03-31,1,5500000000,-0.208,,,,,-180000000,,-130000000,,,-90000000,,-22.39,,,,,,,,,,,,,,,,,,,,,,true,true,6,2023-04-01,2023-09-30,0
2023-08-04,80250,2024-03-31,1,12000000000,-0.068,,,,,70000000,3.783,150000000,0.097,,120000000,,29.86,,,,,,,,,,,,,,,,,,,,,,true,true,12,2023-04-01,2024-03-31,0
2023-08-04,80250,2023-03-31,1,,,,,,,,,,,,,,,,,,,,25808000000,11900000000,0.461,,11900000000,,,,,,,,,,,,true,false,12,2022-04-01,2023-03-31,-1
2023-08-04,80250,2023-03-31,1,,,,,,,,,,,,,,,,,,,,,,,,,,,,,30.00,,,,4069747,50505,,false,false,12,2022-04-01,2023-03-31,-1
2023-08-04,80250,2024-03-31,1,,,,,,,,,,,,,,,,,,,,,,,,,,,,,30.00,,,,,,,false,true,12,2023-04-01,2024-03-31,0
2023-08-04,80250,2024-03-31,1,,,,,,,,,,,,,,,,,,,,,,,,,,,,,,,,,4069747,50521,4019238,false,false,3,2023-04-01,2023-06-30,0
2023-08-04,80250,2023-03-31,1,,,,,,,,,,,,,,,,,,,,,,,,,,,,,,,,,,,4000532,false,false,3,2022-04-01,2022-06-30,-1
2023-11-06,80250,2024-03-31,,5000000000,-0.091,,,,,-150000000,,-65000000,,-40000000,,,-9.93,,,,,,,,,,,,,,,,,,,,,,true,true,6,2023-04-01,2023-09-30,0
2023-11-06,80250,2023-03-31,,6940000000,,,,,,57000000,,135000000,,128000000,,,32.13,,,,,,,,,,,,,,,,,,,,,,true,false,6,2022-04-01,2022-09-30,-1
2023-11-10,80250,2024-03-31,2,5037000000,-0.274,,,,,-146000000,,-64000000,,,-39000000,,-9.92,,,,,,26833000000,12726000000,0.474,,12726000000,,,,,,,,,,,,true,false,6,2023-04-01,2023-09-30,0
2023-11-10,80250,2023-03-31,2,6940000000,-0.054,,,,,57000000,-0.330,135000000,-0.070,,128000000,,32.13,,,,,,,,,,,,,,,,,,,,,,true,false,6,2022-04-01,2022-09-30,-1
2023-11-10,80250,2024-03-31,2,12000000000,-0.068,,,,,70000000,3.783,150000000,0.097,,120000000,,29.80,,,,,,,,,,,,,,,,,,,,,,true,true,12,2023-04-01,2024-03-31,0
2023-11-10,80250,2023-03-31,2,,,,,,,,,,,,,,,,,,,,25808000000,11900000000,0.461,,11900000000,,,,,,,,,,,,true,false,12,2022-04-01,2023-03-31,-1
2023-11-10,80250,2023-03-31,2,,,,,,,,,,,,,,,,,,,,,,,,,,,,,30.00,,,,4069747,50505,,false,false,12,2022-04-01,2023-03-31,-1
2023-11-10,80250,2024-03-31,2,,,,,,,,,,,,,,,,,,,,,,,,,,,,,30.00,,,,,,,false,true,12,2023-04-01,2024-03-31,0
2023-11-10,80250,2024-03-31,2,,,,,,,,,,,,,,,,,,,,,,,,,,,,,,,,,4069747,33785,4026453,false,false,6,2023-04-01,2023-09-30,0
2023-11-10,80250,2023-03-31,2,,,,,,,,,,,,,,,,,,,,,,,,,,,,,,,,,,,4008590,false,false,6,2022-04-01,2022-09-30,-1
2024-02-09,80250,2024-03-31,3,7273000000,-0.278,,,,,-410000000,,-345000000,,,-232000000,,-57.70,,,,,,26358000000,12431000000,0.472,,12431000000,,,,,,,,,,,,true,false,9,2023-04-01,2023-12-31,0
2024-02-09,80250,2023-03-31,3,10071000000,-0.091,,,,,8000000,,69000000,,,81000000,,20.20,,,,,,,,,,,,,,,,,,,,,,true,false,9,2022-04-01,2022-12-31,-1
2024-02-09,80250,2024-03-31,3,12000000000,-0.068,,,,,70000000,3.783,150000000,0.097,,120000000,,29.78,,,,,,,,,,,,,,,,,,,,,,true,true,12,2023-04-01,2024-03-31,0
2024-02-09,80250,2023-03-31,3,,,,,,,,,,,,,,,,,,,,25808000000,11900000000,0.461,,11900000000,,,,,,,,,,,,true,false,12,2022-04-01,2023-03-31,-1
2024-02-09,80250,2023-03-31,3,,,,,,,,,,,,,,,,,,,,,,,,,,,,,30.00,,,,4069747,50505,,false,false,12,2022-04-01,2023-03-31,-1
2024-02-09,80250,2024-03-31,3,,,,,,,,,,,,,,,,,,,,,,,,,,,,,30.00,,,,,,,false,true,12,2023-04-01,2024-03-31,0
2024-02-09,80250,2024-03-31,3,,,,,,,,,,,,,,,,,,,,,,,,,,,,,,,,,4069747,33835,4029292,false,false,9,2023-04-01,2023-12-31,0
2024-02-09,80250,2023-03-31,3,,,,,,,,,,,,,,,,,,,,,,,,,,,,,,,,,,,4011798,false,false,9,2022-04-01,2022-12-31,-1
2024-05-07,80250,2024-03-31,,9700000000,-0.192,,,,,-230000000,,50000000,-0.667,,170000000,,42.18,,,,,,,,,,,,,,,,,,,,,,true,true,12,2023-04-01,2024-03-31,0
2024-05-07,80250,2023-03-31,,12978000000,,,,,,14000000,,136000000,,,65000000,,16.20,,,,,,,,,,,,,,,,,,,,,,true,false,12,2022-04-01,2023-03-31,-1
2024-05-15,80250,2024-03-31,,9798000000,-0.239,,,,,-222000000,,57000000,-0.579,,174000000,,43.39,,0.014,0.002,-0.023,,28175000000,13726000000,0.487,3401.13,13726000000,274000000,435000000,-194000000,2675000000,,0.691,,,,,,true,false,12,2023-04-01,2024-03-31,0
2024-05-15,80250,2023-03-31,,12879000000,-0.177,,,,,14000000,-0.936,136000000,-0.545,,65000000,,16.20,,0.006,0.005,0.001,,25808000000,11900000000,0.461,2960.93,11900000000,417000000,561000000,-637000000,2159000000,,1.851,,,,,,true,false,12,2022-04-01,2023-03-31,-1
2024-05-15,80250,2025-03-31,,4500000000,-0.107,,,,,-280000000,,-220000000,,-140000000,,,-34.73,,,,,,,,,,,,,,,,,,,,,,true,true,6,2024-04-01,2024-09-30,1
2024-05-15,80250,2025-03-31,,10000000000,0.021,,,,,0,,100000000,0.739,150000000,,-0.142,37.21,,,,,,,,,,,,,,,,0.806,,,,,,true,true,12,2024-04-01,2025-03-31,1
2024-05-15,80250,2024-03-31,,8998000000,-0.239,,,,,-101000000,,79000000,-0.413,176000000,,1.731,43.68,,,,,,27504000000,13459000000,0.489,3335.11,13459000000,,,,,30.00,,,,4069747,33910,4030808,false,false,12,2023-04-01,2024-03-31,0
2024-05-15,80250,2023-03-31,,11823000000,-0.189,,,,,146000000,-0.667,135000000,-0.592,64000000,,,16.07,,,,,,25295000000,11825000000,0.467,2942.11,11825000000,,,,,30.00,,,,4069747,50505,4013518,false,false,12,2022-04-01,2023-03-31,-1
2024-05-15,80250,2025-03-31,,,,,,,,,,,,,,,,,,,,,,,,,,,,,,30.00,,,,,,,false,true,12,2024-04-01,2025-03-31,1
2024-08-09,80250,2025-03-31,1,2076000000,-0.151,,,,,-258000000,,-250000000,,,-170000000,,-42.13,,,,,,28963000000,13992000000,0.483,,13992000000,,,,,,,,,,,,true,false,3,2024-04-01,2024-06-30,0
2024-08-09,80250,2024-03-31,1,2445000000,-0.178,,,,,-195000000,,-203000000,,,-136000000,,-33.97,,,,,,,,,,,,,,,,,,,,,,true,false,3,2023-04-01,2023-06-30,-1
2024-08-09,80250,2025-03-31,1,4500000000,-0.107,,,,,-280000000,,-220000000,,,-140000000,,-34.69,,,,,,,,,,,,,,,,,,,,,,true,true,6,2024-04-01,2024-09-30,0
2024-08-09,80250,2025-03-31,1,10000000000,0.021,,,,,0,,100000000,0.739,,150000000,,37.17,,,,,,,,,,,,,,,,,,,,,,true,true,12,2024-04-01,2025-03-31,0
2024-08-09,80250,2024-03-31,1,,,,,,,,,,,,,,,,,,,,28175000000,13726000000,0.487,,13726000000,,,,,,,,,,,,true,false,12,2023-04-01,2024-03-31,-1
2024-08-09,80250,2024-03-31,1,,,,,,,,,,,,,,,,,,,,,,,,,,,,,30.00,,,,4069747,33910,,false,false,12,2023-04-01,2024-03-31,-1
2024-08-09,80250,2025-03-31,1,,,,,,,,,,,,,,,,,,,,,,,,,,,,,30.00,,,,,,,false,true,12,2024-04-01,2025-03-31,0
2024-08-09,80250,2025-03-31,1,,,,,,,,,,,,,,,,,,,,,,,,,,,,,,,,,4069747,34129,4035702,false,false,3,2024-04-01,2024-06-30,0
2024-08-09,80250,2024-03-31,1,,,,,,,,,,,,,,,,,,,,,,,,,,,,,,,,,,,4019238,false,false,3,2023-04-01,2023-06-30,-1
2024-11-08,80250,2025-03-31,2,4245000000,-0.157,,,,,-253000000,,-181000000,,,-121000000,,-30.22,,,,,,26776000000,13129000000,0.490,,13129000000,,,,,,,,,,,,true,false,6,2024-04-01,2024-09-30,0
2024-11-08,80250,2024-03-31,2,5037000000,-0.274,,,,,-146000000,,-64000000,,,-39000000,,-9.92,,,,,,,,,,,,,,,,,,,,,,true,false,6,2023-04-01,2023-09-30,-1
2024-11-08,80250,2025-03-31,2,10000000000,0.021,,,,,0,,100000000,0.739,,150000000,,37.17,,,,,,,,,,,,,,,,,,,,,,true,true,12,2024-04-01,2025-03-31,0
2024-11-08,80250,2024-03-31,2,,,,,,,,,,,,,,,,,,,,28175000000,13726000000,0.487,,13726000000,,,,,,,,,,,,true,false,12,2023-04-01,2024-03-31,-1
2024-11-08,80250,2024-03-31,2,,,,,,,,,,,,,,,,,,,,,,,,,,,,,30.00,,,,4069747,33910,,false,false,12,2023-04-01,2024-03-31,-1
2024-11-08,80250,2025-03-31,2,,,,,,,,,,,,,,,,,,,,,,,,,,,,,30.00,,,,,,,false,true,12,2024-04-01,2025-03-31,0
2024-11-08,80250,2025-03-31,2,,,,,,,,,,,,,,,,,,,,,,,,,,,,,,,,,4069747,34268,4035636,false,false,6,2024-04-01,2024-09-30,0
2024-11-08,80250,2024-03-31,2,,,,,,,,,,,,,,,,,,,,,,,,,,,,,,,,,,,4026453,false,false,6,2023-04-01,2023-09-30,-1
2025-02-07,80250,2025-03-31,3,6811000000,-0.064,,,,,-450000000,,-414000000,,,-280000000,,-69.48,,,,,,28808000000,13834000000,0.480,,13834000000,,,,,,,,,,,,true,false,9,2024-04-01,2024-12-31,0
2025-02-07,80250,2024-03-31,3,7273000000,-0.278,,,,,-410000000,,-345000000,,,-232000000,,-57.70,,,,,,,,,,,,,,,,,,,,,,true,false,9,2023-04-01,2023-12-31,-1
2025-02-07,80250,2025-03-31,3,10000000000,0.021,,,,,0,,100000000,0.739,,150000000,,37.17,,,,,,,,,,,,,,,,,,,,,,true,true,12,2024-04-01,2025-03-31,0
2025-02-07,80250,2024-03-31,3,,,,,,,,,,,,,,,,,,,,28175000000,13726000000,0.487,,13726000000,,,,,,,,,,,,true,false,12,2023-04-01,2024-03-31,-1
2025-02-07,80250,2024-03-31,3,,,,,,,,,,,,,,,,,,,,,,,,,,,,,30.00,,,,4069747,33910,,false,false,12,2023-04-01,2024-03-31,-1
2025-02-07,80250,2025-03-31,3,,,,,,,,,,,,,,,,,,,,,,,,,,,,,30.00,,,,,,,false,true,12,2024-04-01,2025-03-31,0
2025-02-07,80250,2025-03-31,3,,,,,,,,,,,,,,,,,,,,,,,,,,,,,,,,,4069747,34360,4035580,false,false,9,2024-04-01,2024-12-31,0
2025-02-07,80250,2024-03-31,3,,,,,,,,,,,,,,,,,,,,,,,,,,,,,,,,,,,4029292,false,false,9,2023-04-01,2023-12-31,-1
2025-05-08,80250,2025-03-31,,9500000000,-0.050,,,,,-335000000,,-220000000,,,-390000000,,-96.64,,,,,,,,,,,,,,,,,,,,,,true,true,12,2024-04-01,2025-03-31,0
2025-05-08,80250,2024-03-31,,9798000000,,,,,,-222000000,,57000000,,,174000000,,43.39,,,,,,,,,,,,,,,,,,,,,,true,false,12,2023-04-01,2024-03-31,-1
2025-05-15,80250,2025-03-31,,9681000000,-0.012,,,,,-332000000,,-210000000,,,-380000000,,-94.18,,-0.027,-0.007,-0.034,,28898000000,14054000000,0.486,3483.01,14054000000,-261000000,-138000000,-211000000,2063000000,,,,,,,,true,false,12,2024-04-01,2025-03-31,0
2025-05-15,80250,2024-03-31,,9798000000,-0.239,,,,,-222000000,,57000000,-0.579,,174000000,,43.39,,0.014,0.002,-0.023,,28175000000,13726000000,0.487,3401.13,13726000000,274000000,435000000,-194000000,2675000000,,0.691,,,,,,true,false,12,2023-04-01,2024-03-31,-1
2025-05-15,80250,2026-03-31,,4500000000,0.060,,,,,-150000000,,-100000000,,-70000000,,,-17.35,,,,,,,,,,,,,,,,,,,,,,true,true,6,2025-04-01,2025-09-30,1
2025-05-15,80250,2026-03-31,,10000000000,0.033,,,,,10000000,,50000000,,150000000,,,37.17,,,,,,,,,,,,,,,,0.807,,,,,,true,true,12,2025-04-01,2026-03-31,1
2025-05-15,80250,2025-03-31,,8766000000,-0.026,,,,,-193000000,,-209000000,,-378000000,,,-93.73,,,,,,28235000000,13774000000,0.488,3413.53,13774000000,,,,,30.00,,,,4069747,34502,4035504,false,false,12,2024-04-01,2025-03-31,0
2025-05-15,80250,2024-03-31,,8998000000,-0.239,,,,,-101000000,,79000000,-0.413,176000000,,1.731,43.68,,,,,,27504000000,13459000000,0.489,3335.11,13459000000,,,,,30.00,,,,4069747,33910,4030808,false,false,12,2023-04-01,2024-03-31,-1
2025-05-15,80250,2026-03-31,,,,,,,,,,,,,,,,,,,,,,,,,,,,,,30.00,,,,,,,false,true,12,2025-04-01,2026-03-31,1
