filing_date,code,fiscal_year_end,quarterly_period,net_sales,net_sales_change,revenue,revenue_change,operating_revenue,operating_revenue_change,operating_profit,operating_profit_change,ordinary_profit,ordinary_profit_change,net_income,net_income_of_parent,net_income_change,eps,diluted_eps,roe,roa,operating_profit_to_net_sales,operating_profit_to_revenue,total_assets,net_assets,equity_ratio,bps,owner_equity,operating_cash_flow,investing_cash_flow,financing_cash_flow,cash,dividend_per_share,payout_ratio,commemorative_dividend,extra_dividend,number_of_shares,number_of_treqsury_shares,avg_number_of_shares,is_consolidated,is_forecast,duration,period_start,period_end,period_pos
2015-05-14,80300,2015-03-31,,198338000000,0.141,,,,,800000000,0.132,1157000000,0.111,778000000,,0.043,18.97,,0.039,0.021,0.004,,57218000000,23533000000,0.361,503.43,20651000000,1024000000,1042000000,-1008000000,6969000000,,0.316,,,,,,true,false,12,2014-04-01,2015-03-31,0
2015-05-14,80300,2014-03-31,,173807000000,0.055,,,,,706000000,-0.392,1041000000,-0.298,746000000,,4.979,18.19,,0.040,0.021,0.004,,54483000000,21789000000,0.347,460.71,18899000000,-96000000,-6615000000,7309000000,5910000000,,0.330,,,,,,true,false,12,2013-04-01,2014-03-31,-1
2015-05-14,80300,2016-03-31,,195000000000,-0.017,,,,,830000000,0.037,1020000000,-0.119,,610000000,,14.87,,,,,,,,,,,,,,,,0.403,,,,,,true,true,12,2015-04-01,2016-03-31,1
2015-05-14,80300,2015-03-31,,113348000000,0.097,,,,,139000000,-0.334,545000000,-0.008,408000000,,-0.296,9.97,,,,,,29909000000,14906000000,0.498,363.38,14906000000,,,,,6.00,,,,43153000,2131597,41022504,false,false,12,2014-04-01,2015-03-31,0
2015-05-14,80300,2014-03-31,,103318000000,0.046,,,,,209000000,0.084,550000000,0.116,580000000,,,14.15,,,,,,28763000000,13654000000,0.475,332.84,13654000000,,,,,6.00,,,,43153000,2130069,41024365,false,false,12,2013-04-01,2014-03-31,-1
2015-05-14,80300,2016-03-31,,,,,,,,,,,,,,,,,,,,,,,,,,,,,,6.00,,,,,,,false,true,12,2015-04-01,2016-03-31,1
2015-07-31,80300,2016-03-31,1,48963000000,0.022,,,,,369000000,0.467,476000000,0.360,,341000000,,8.39,,,,,,57423000000,23747000000,0.364,523.14,20903000000,,,,,,,,,,,,true,false,3,2015-04-01,2015-06-30,0
2015-07-31,80300,2015-03-31,1,47922000000,0.148,,,,,252000000,-0.240,349000000,-0.262,,283000000,,6.90,,,,,,,,,,,,,,,,,,,,,,true,false,3,2014-04-01,2014-06-30,-1
2015-07-31,80300,2016-03-31,1,195000000000,-0.017,,,,,830000000,0.037,1020000000,-0.119,,610000000,,15.00,,,,,,,,,,,,,,,,,,,,,,true,true,12,2015-04-01,2016-03-31,0
2015-07-31,80300,2015-03-31,1,,,,,,,,,,,,,,,,,,,,57218000000,23533000000,0.361,503.43,20651000000,,,,,,,,,,,,true,false,12,2014-04-01,2015-03-31,-1
2015-07-31,80300,2015-03-31,1,,,,,,,,,,,,,,,,,,,,,,,,,,,,,6.00,,,,43153000,2131597,,false,false,12,2014-04-01,2015-03-31,-1
2015-07-31,80300,2016-03-31,1,,,,,,,,,,,,,,,,,,,,,,,,,,,,,6.00,,,,,,,false,true,12,2015-04-01,2016-03-31,0
2015-07-31,80300,2016-03-31,1,,,,,,,,,,,,,,,,,,,,,,,,,,,,,,,,,43153000,3195786,40666674,false,false,3,2015-04-01,2015-06-30,0
2015-07-31,80300,2015-03-31,1,,,,,,,,,,,,,,,,,,,,,,,,,,,,,,,,,,,41022931,false,false,3,2014-04-01,2014-06-30,-1
2015-10-30,80300,2016-03-31,2,96488000000,0.013,,,,,475000000,0.253,568000000,0.147,,393000000,,9.76,,,,,,56405000000,23384000000,0.363,512.78,20488000000,,,,,,,,,,,,true,false,6,2015-04-01,2015-09-30,0
2015-10-30,80300,2015-03-31,2,95279000000,0.127,,,,,379000000,0.019,495000000,-0.141,,355000000,,8.67,,,,,,,,,,,,,,,,,,,,,,true,false,6,2014-04-01,2014-09-30,-1
2015-10-30,80300,2016-03-31,2,195000000000,-0.017,,,,,830000000,0.037,1020000000,-0.119,,610000000,,15.00,,,,,,,,,,,,,,,,,,,,,,true,true,12,2015-04-01,2016-03-31,0
2015-10-30,80300,2015-03-31,2,,,,,,,,,,,,,,,,,,,,57218000000,23533000000,0.361,503.43,20651000000,,,,,,,,,,,,true,false,12,2014-04-01,2015-03-31,-1
2015-10-30,80300,2015-03-31,2,,,,,,,,,,,,,,,,,,,,,,,,,,,,,6.00,,,,43153000,2131597,,false,false,12,2014-04-01,2015-03-31,-1
2015-10-30,80300,2016-03-31,2,,,,,,,,,,,,,,,,,,,,,,,,,,,,,6.00,,,,,,,false,true,12,2015-04-01,2016-03-31,0
2015-10-30,80300,2016-03-31,2,,,,,,,,,,,,,,,,,,,,,,,,,,,,,,,,,43153000,3196963,40311457,false,false,6,2015-04-01,2015-09-30,0
2015-10-30,80300,2015-03-31,2,,,,,,,,,,,,,,,,,,,,,,,,,,,,,,,,,,,41022900,false,false,6,2014-04-01,2014-09-30,-1
2015-10-30,80300,2016-03-31,2,96488000000,0.013,,,,,475000000,0.253,568000000,0.147,,393000000,,9.76,,,,,,56296000000,23384000000,0.364,512.78,20488000000,,,,,,,,,,,,true,false,6,2015-04-01,2015-09-30,0
2015-10-30,80300,2015-03-31,2,95279000000,0.127,,,,,379000000,0.019,495000000,-0.141,,355000000,,8.67,,,,,,,,,,,,,,,,,,,,,,true,false,6,2014-04-01,2014-09-30,-1
2015-10-30,80300,2016-03-31,2,195000000000,-0.017,,,,,830000000,0.037,1020000000,-0.119,,610000000,,15.00,,,,,,,,,,,,,,,,,,,,,,true,true,12,2015-04-01,2016-03-31,0
2015-10-30,80300,2015-03-31,2,,,,,,,,,,,,,,,,,,,,57218000000,23533000000,0.361,503.43,20651000000,,,,,,,,,,,,true,false,12,2014-04-01,2015-03-31,-1
2015-10-30,80300,2015-03-31,2,,,,,,,,,,,,,,,,,,,,,,,,,,,,,6.00,,,,43153000,2131597,,false,false,12,2014-04-01,2015-03-31,-1
2015-10-30,80300,2016-03-31,2,,,,,,,,,,,,,,,,,,,,,,,,,,,,,6.00,,,,,,,false,true,12,2015-04-01,2016-03-31,0
2015-10-30,80300,2016-03-31,2,,,,,,,,,,,,,,,,,,,,,,,,,,,,,,,,,43153000,3196963,40311457,false,false,6,2015-04-01,2015-09-30,0
2015-10-30,80300,2015-03-31,2,,,,,,,,,,,,,,,,,,,,,,,,,,,,,,,,,,,41022900,false,false,6,2014-04-01,2014-09-30,-1
2016-01-29,80300,2016-03-31,3,152130000000,0.001,,,,,986000000,0.085,1140000000,0.020,,761000000,,18.96,,,,,,65627000000,24951000000,0.335,549.45,21953000000,,,,,,,,,,,,true,false,9,2015-04-01,2015-12-31,0
2016-01-29,80300,2015-03-31,3,151905000000,0.134,,,,,908000000,0.137,1117000000,0.012,,871000000,,21.24,,,,,,,,,,,,,,,,,,,,,,true,false,9,2014-04-01,2014-12-31,-1
2016-01-29,80300,2016-03-31,3,195000000000,-0.017,,,,,830000000,0.037,1020000000,-0.119,,610000000,,15.00,,,,,,,,,,,,,,,,,,,,,,true,true,12,2015-04-01,2016-03-31,0
2016-01-29,80300,2015-03-31,3,,,,,,,,,,,,,,,,,,,,57218000000,23533000000,0.361,503.43,20651000000,,,,,,,,,,,,true,false,12,2014-04-01,2015-03-31,-1
2016-01-29,80300,2015-03-31,3,,,,,,,,,,,,,,,,,,,,,,,,,,,,,6.00,,,,43153000,2131597,,false,false,12,2014-04-01,2015-03-31,-1
2016-01-29,80300,2016-03-31,3,,,,,,,,,,,,,,,,,,,,,,,,,,,,,6.00,,,,,,,false,true,12,2015-04-01,2016-03-31,0
2016-01-29,80300,2016-03-31,3,,,,,,,,,,,,,,,,,,,,,,,,,,,,,,,,,43153000,3197511,40192923,false,false,9,2015-04-01,2015-12-31,0
2016-01-29,80300,2015-03-31,3,,,,,,,,,,,,,,,,,,,,,,,,,,,,,,,,,,,41022777,false,false,9,2014-04-01,2014-12-31,-1
2016-01-29,80300,2016-03-31,3,152095000000,0.001,,,,,987000000,0.133,1141000000,0.057,,762000000,,18.98,,,,,,65096000000,24428000000,0.333,542.61,21680000000,,,,,,,,,,,,true,false,9,2015-04-01,2015-12-31,0
2016-01-29,80300,2015-03-31,3,151869000000,0.133,,,,,871000000,0.161,1080000000,0.023,,850000000,,20.74,,,,,,,,,,,,,,,,,,,,,,true,false,9,2014-04-01,2014-12-31,-1
2016-01-29,80300,2016-03-31,3,195000000000,-0.017,,,,,830000000,0.037,1020000000,-0.119,,610000000,,15.00,,,,,,,,,,,,,,,,,,,,,,true,true,12,2015-04-01,2016-03-31,0
2016-01-29,80300,2015-03-31,3,,,,,,,,,,,,,,,,,,,,56685000000,23009000000,0.359,496.75,20377000000,,,,,,,,,,,,true,false,12,2014-04-01,2015-03-31,-1
2016-01-29,80300,2015-03-31,3,,,,,,,,,,,,,,,,,,,,,,,,,,,,,6.00,,,,43153000,2131597,,false,false,12,2014-04-01,2015-03-31,-1
2016-01-29,80300,2016-03-31,3,,,,,,,,,,,,,,,,,,,,,,,,,,,,,6.00,,,,,,,false,true,12,2015-04-01,2016-03-31,0
2016-01-29,80300,2016-03-31,3,,,,,,,,,,,,,,,,,,,,,,,,,,,,,,,,,43153000,3197511,40192923,false,false,9,2015-04-01,2015-12-31,0
2016-01-29,80300,2015-03-31,3,,,,,,,,,,,,,,,,,,,,,,,,,,,,,,,,,,,41022777,false,false,9,2014-04-01,2014-12-31,-1
2015-05-14,80300,2015-03-31,,198301000000,0.141,,,,,762000000,0.239,1119000000,0.178,536000000,,-0.249,13.08,,0.027,0.020,0.004,,56685000000,23009000000,0.359,496.75,20377000000,1038000000,1028000000,-1008000000,6969000000,,0.316,,,,,,true,false,12,2014-04-01,2015-03-31,0
2015-05-14,80300,2014-03-31,,173756000000,0.055,,,,,615000000,-0.471,950000000,-0.360,714000000,,4.720,17.41,,0.038,0.019,0.004,,54392000000,21703000000,0.347,459.92,18867000000,-90000000,-6621000000,7309000000,5910000000,,0.330,,,,,,true,false,12,2013-04-01,2014-03-31,-1
2015-05-14,80300,2016-03-31,,195000000000,-0.017,,,,,830000000,0.037,1020000000,-0.119,,610000000,,14.87,,,,,,,,,,,,,,,,0.403,,,,,,true,true,12,2015-04-01,2016-03-31,1
2015-05-14,80300,2015-03-31,,113348000000,0.097,,,,,139000000,-0.334,545000000,-0.008,-18000000,,,-0.44,,,,,,29482000000,14479000000,0.491,352.98,14479000000,,,,,6.00,,,,43153000,2131597,41022504,false,false,12,2014-04-01,2015-03-31,0
2015-05-14,80300,2014-03-31,,103318000000,0.046,,,,,209000000,0.084,550000000,0.116,580000000,,,14.15,,,,,,28763000000,13654000000,0.475,332.84,13654000000,,,,,6.00,,,,43153000,2130069,41024365,false,false,12,2013-04-01,2014-03-31,-1
2015-05-14,80300,2016-03-31,,,,,,,,,,,,,,,,,,,,,,,,,,,,,,6.00,,,,,,,false,true,12,2015-04-01,2016-03-31,1
2015-10-30,80300,2016-03-31,2,96464000000,0.013,,,,,475000000,0.345,569000000,0.210,,393000000,,9.76,,,,,,55763000000,22860000000,0.363,505.92,20214000000,,,,,,,,,,,,true,false,6,2015-04-01,2015-09-30,0
2015-10-30,80300,2015-03-31,2,95255000000,0.127,,,,,353000000,0.016,470000000,-0.149,,341000000,,8.33,,,,,,,,,,,,,,,,,,,,,,true,false,6,2014-04-01,2014-09-30,-1
2015-10-30,80300,2016-03-31,2,195000000000,-0.017,,,,,830000000,0.037,1020000000,-0.119,,610000000,,15.00,,,,,,,,,,,,,,,,,,,,,,true,true,12,2015-04-01,2016-03-31,0
2015-10-30,80300,2015-03-31,2,,,,,,,,,,,,,,,,,,,,56685000000,23009000000,0.359,496.75,20377000000,,,,,,,,,,,,true,false,12,2014-04-01,2015-03-31,-1
2015-10-30,80300,2015-03-31,2,,,,,,,,,,,,,,,,,,,,,,,,,,,,,6.00,,,,43153000,2131597,,false,false,12,2014-04-01,2015-03-31,-1
2015-10-30,80300,2016-03-31,2,,,,,,,,,,,,,,,,,,,,,,,,,,,,,6.00,,,,,,,false,true,12,2015-04-01,2016-03-31,0
2015-10-30,80300,2016-03-31,2,,,,,,,,,,,,,,,,,,,,,,,,,,,,,,,,,43153000,3196963,40311457,false,false,6,2015-04-01,2015-09-30,0
2015-10-30,80300,2015-03-31,2,,,,,,,,,,,,,,,,,,,,,,,,,,,,,,,,,,,41022900,false,false,6,2014-04-01,2014-09-30,-1
2015-07-31,80300,2016-03-31,1,48956000000,0.022,,,,,374000000,0.566,480000000,0.427,,344000000,,8.46,,,,,,56896000000,23227000000,0.363,516.35,20631000000,,,,,,,,,,,,true,false,3,2015-04-01,2015-06-30,0
2015-07-31,80300,2015-03-31,1,47911000000,0.148,,,,,239000000,-0.224,337000000,-0.252,,274000000,,6.68,,,,,,,,,,,,,,,,,,,,,,true,false,3,2014-04-01,2014-06-30,-1
2015-07-31,80300,2016-03-31,1,195000000000,-0.017,,,,,830000000,0.037,1020000000,-0.119,,610000000,,15.00,,,,,,,,,,,,,,,,,,,,,,true,true,12,2015-04-01,2016-03-31,0
2015-07-31,80300,2015-03-31,1,,,,,,,,,,,,,,,,,,,,56685000000,23009000000,0.359,496.75,20377000000,,,,,,,,,,,,true,false,12,2014-04-01,2015-03-31,-1
2015-07-31,80300,2015-03-31,1,,,,,,,,,,,,,,,,,,,,,,,,,,,,,6.00,,,,43153000,2131597,,false,false,12,2014-04-01,2015-03-31,-1
2015-07-31,80300,2016-03-31,1,,,,,,,,,,,,,,,,,,,,,,,,,,,,,6.00,,,,,,,false,true,12,2015-04-01,2016-03-31,0
2015-07-31,80300,2016-03-31,1,,,,,,,,,,,,,,,,,,,,,,,,,,,,,,,,,43153000,3195786,40666674,false,false,3,2015-04-01,2015-06-30,0
2015-07-31,80300,2015-03-31,1,,,,,,,,,,,,,,,,,,,,,,,,,,,,,,,,,,,41022931,false,false,3,2014-04-01,2014-06-30,-1
2016-04-27,80300,2016-03-31,,198000000000,0.015,,,,,1000000000,0.205,1300000000,0.275,,960000000,,23.40,,,,,,,,,,,,,,,,,,,,,,true,true,12,2015-04-01,2016-03-31,0
2016-04-27,80300,2015-03-31,,198301000000,,,,,,762000000,,1119000000,,,536000000,,13.08,,,,,,,,,,,,,,,,,,,,,,true,false,12,2014-04-01,2015-03-31,-1
2016-05-13,80300,2016-03-31,,198951000000,0.003,,,,,1048000000,0.375,1290000000,0.153,,948000000,,23.64,,0.046,0.022,0.005,,59900000000,23381000000,0.344,515.13,20582000000,3639000000,-6313000000,2195000000,6491000000,,0.254,,,,,,true,false,12,2015-04-01,2016-03-31,0
2016-05-13,80300,2015-03-31,,198301000000,0.141,,,,,762000000,0.239,1119000000,0.178,,536000000,,13.08,,0.027,0.020,0.004,,56685000000,23009000000,0.359,496.75,20377000000,1038000000,1028000000,-1008000000,6969000000,,0.316,,,,,,true,false,12,2014-04-01,2015-03-31,-1
2016-05-13,80300,2017-03-31,,201000000000,0.010,,,,,760000000,-0.275,950000000,-0.264,,560000000,,13.95,,,,,,,,,,,,,,,,0.430,,,,,,true,true,12,2016-04-01,2017-03-31,1
2016-05-13,80300,2016-03-31,,111913000000,-0.013,,,,,201000000,0.443,567000000,0.039,573000000,,,14.29,,,,,,28262000000,14308000000,0.506,358.11,14308000000,,,,,6.00,,,,43153000,3197511,40133565,false,false,12,2015-04-01,2016-03-31,0
2016-05-13,80300,2015-03-31,,113348000000,0.097,,,,,139000000,-0.334,545000000,-0.008,-18000000,,,-0.44,,,,,,29482000000,14479000000,0.491,352.98,14479000000,,,,,6.00,,,,43153000,2131597,41022504,false,false,12,2014-04-01,2015-03-31,-1
2016-05-13,80300,2017-03-31,,,,,,,,,,,,,,,,,,,,,,,,,,,,,,6.00,,,,,,,false,true,12,2016-04-01,2017-03-31,1
2016-07-28,80300,2017-03-31,1,47719000000,-0.025,,,,,486000000,0.297,610000000,0.270,,369000000,,9.26,,,,,,57774000000,23163000000,0.353,510.06,20379000000,,,,,,,,,,,,true,false,3,2016-04-01,2016-06-30,0
2016-07-28,80300,2016-03-31,1,48956000000,0.022,,,,,374000000,0.566,480000000,0.427,,344000000,,8.46,,,,,,,,,,,,,,,,,,,,,,true,false,3,2015-04-01,2015-06-30,-1
2016-07-28,80300,2017-03-31,1,201000000000,0.010,,,,,760000000,-0.275,950000000,-0.264,,560000000,,13.95,,,,,,,,,,,,,,,,,,,,,,true,true,12,2016-04-01,2017-03-31,0
2016-07-28,80300,2016-03-31,1,,,,,,,,,,,,,,,,,,,,59900000000,23381000000,0.344,515.13,20582000000,,,,,,,,,,,,true,false,12,2015-04-01,2016-03-31,-1
2016-07-28,80300,2016-03-31,1,,,,,,,,,,,,,,,,,,,,,,,,,,,,,6.00,,,,43153000,3197511,,false,false,12,2015-04-01,2016-03-31,-1
2016-07-28,80300,2017-03-31,1,,,,,,,,,,,,,,,,,,,,,,,,,,,,,6.00,,,,,,,false,true,12,2016-04-01,2017-03-31,0
2016-07-28,80300,2017-03-31,1,,,,,,,,,,,,,,,,,,,,,,,,,,,,,,,,,43153000,3197511,39955489,false,false,3,2016-04-01,2016-06-30,0
2016-07-28,80300,2016-03-31,1,,,,,,,,,,,,,,,,,,,,,,,,,,,,,,,,,,,40666674,false,false,3,2015-04-01,2015-06-30,-1
2016-08-04,80300,2017-03-31,1,47676000000,-0.026,,,,,486000000,0.297,610000000,0.270,,369000000,,9.26,,,,,,57774000000,23163000000,0.353,510.06,20379000000,,,,,,,,,,,,true,false,3,2016-04-01,2016-06-30,0
2016-08-04,80300,2016-03-31,1,48956000000,0.022,,,,,374000000,0.566,480000000,0.427,,344000000,,8.46,,,,,,,,,,,,,,,,,,,,,,true,false,3,2015-04-01,2015-06-30,-1
2016-08-04,80300,2017-03-31,1,201000000000,0.010,,,,,760000000,-0.275,950000000,-0.264,,560000000,,13.95,,,,,,,,,,,,,,,,,,,,,,true,true,12,2016-04-01,2017-03-31,0
2016-08-04,80300,2016-03-31,1,,,,,,,,,,,,,,,,,,,,59900000000,23381000000,0.344,515.13,20582000000,,,,,,,,,,,,true,false,12,2015-04-01,2016-03-31,-1
2016-08-04,80300,2016-03-31,1,,,,,,,,,,,,,,,,,,,,,,,,,,,,,6.00,,,,43153000,3197511,,false,false,12,2015-04-01,2016-03-31,-1
2016-08-04,80300,2017-03-31,1,,,,,,,,,,,,,,,,,,,,,,,,,,,,,6.00,,,,,,,false,true,12,2016-04-01,2017-03-31,0
2016-08-04,80300,2017-03-31,1,,,,,,,,,,,,,,,,,,,,,,,,,,,,,,,,,43153000,3197511,39955489,false,false,3,2016-04-01,2016-06-30,0
2016-08-04,80300,2016-03-31,1,,,,,,,,,,,,,,,,,,,,,,,,,,,,,,,,,,,40666674,false,false,3,2015-04-01,2015-06-30,-1
2016-10-31,80300,2017-03-31,2,94973000000,-0.015,,,,,663000000,0.393,798000000,0.403,,375000000,,9.39,,,,,,59559000000,23307000000,0.342,510.36,20391000000,,,,,,,,,,,,true,false,6,2016-04-01,2016-09-30,0
2016-10-31,80300,2016-03-31,2,96464000000,0.013,,,,,475000000,0.345,569000000,0.210,,393000000,,9.76,,,,,,,,,,,,,,,,,,,,,,true,false,6,2015-04-01,2015-09-30,-1
2016-10-31,80300,2017-03-31,2,198000000000,-0.005,,,,,1150000000,0.097,1400000000,0.085,,750000000,,18.77,,,,,,,,,,,,,,,,,,,,,,true,true,12,2016-04-01,2017-03-31,0
2016-10-31,80300,2016-03-31,2,,,,,,,,,,,,,,,,,,,,59900000000,23381000000,0.344,515.13,20582000000,,,,,,,,,,,,true,false,12,2015-04-01,2016-03-31,-1
2016-10-31,80300,2016-03-31,2,,,,,,,,,,,,,,,,,,,,,,,,,,,,,6.00,,,,43153000,3197511,,false,false,12,2015-04-01,2016-03-31,-1
2016-10-31,80300,2017-03-31,2,,,,,,,,,,,,,,,,,,,,,,,,,,,,,6.00,,,,,,,false,true,12,2016-04-01,2017-03-31,0
2016-10-31,80300,2017-03-31,2,,,,,,,,,,,,,,,,,,,,,,,,,,,,,,,,,43153000,3197541,39955484,false,false,6,2016-04-01,2016-09-30,0
2016-10-31,80300,2016-03-31,2,,,,,,,,,,,,,,,,,,,,,,,,,,,,,,,,,,,40311457,false,false,6,2015-04-01,2015-09-30,-1
2016-10-31,80300,2017-03-31,,198000000000,-0.015,,,,,1150000000,0.513,1400000000,0.474,,750000000,,18.77,,,,,,,,,,,,,,,,,,,,,,true,true,12,2016-04-01,2017-03-31,0
2016-10-31,80300,2016-03-31,,198951000000,,,,,,1048000000,,1290000000,,,948000000,,23.64,,,,,,,,,,,,,,,,,,,,,,true,false,12,2015-04-01,2016-03-31,-1
2017-01-31,80300,2017-03-31,3,152485000000,0.003,,,,,750000000,-0.240,973000000,-0.147,,415000000,,10.40,,,,,,74021000000,24610000000,0.291,539.59,21559000000,,,,,,,,,,,,true,false,9,2016-04-01,2016-12-31,0
2017-01-31,80300,2016-03-31,3,152095000000,0.001,,,,,987000000,0.133,1141000000,0.057,,762000000,,18.98,,,,,,,,,,,,,,,,,,,,,,true,false,9,2015-04-01,2015-12-31,-1
2017-01-31,80300,2017-03-31,3,198000000000,-0.005,,,,,1150000000,0.097,1400000000,0.085,,750000000,,18.77,,,,,,,,,,,,,,,,,,,,,,true,true,12,2016-04-01,2017-03-31,0
2017-01-31,80300,2016-03-31,3,,,,,,,,,,,,,,,,,,,,59900000000,23381000000,0.344,515.13,20582000000,,,,,,,,,,,,true,false,12,2015-04-01,2016-03-31,-1
2017-01-31,80300,2016-03-31,3,,,,,,,,,,,,,,,,,,,,,,,,,,,,,6.00,,,,43153000,3197511,,false,false,12,2015-04-01,2016-03-31,-1
2017-01-31,80300,2017-03-31,3,,,,,,,,,,,,,,,,,,,,,,,,,,,,,6.00,,,,,,,false,true,12,2016-04-01,2017-03-31,0
2017-01-31,80300,2017-03-31,3,,,,,,,,,,,,,,,,,,,,,,,,,,,,,,,,,43153000,3198125,39955411,false,false,9,2016-04-01,2016-12-31,0
2017-01-31,80300,2016-03-31,3,,,,,,,,,,,,,,,,,,,,,,,,,,,,,,,,,,,40192923,false,false,9,2015-04-01,2015-12-31,-1
2017-05-15,80300,2017-03-31,,201056000000,0.011,,,,,982000000,-0.063,1255000000,-0.027,,471000000,,11.80,,0.022,0.020,0.005,,66473000000,24673000000,0.324,539.16,21541000000,672000000,-4739000000,4066000000,6490000000,,0.593,,,,,,true,false,12,2016-04-01,2017-03-31,0
2017-05-15,80300,2016-03-31,,198951000000,0.003,,,,,1048000000,0.375,1290000000,0.153,,948000000,,23.64,,0.046,0.022,0.005,,59900000000,23381000000,0.344,515.13,20582000000,3639000000,-6313000000,2195000000,6491000000,,0.254,,,,,,true,false,12,2015-04-01,2016-03-31,-1
2017-05-15,80300,2018-03-31,,201300000000,0.001,,,,,920000000,-0.063,1260000000,0.004,,540000000,,135.15,,,,,,,,,,,,,,,,0.444,,,,,,true,true,12,2017-04-01,2018-03-31,1
2017-05-15,80300,2017-03-31,,112616000000,0.006,,,,,19000000,-0.902,481000000,-0.151,701000000,,0.223,17.55,,,,,,30158000000,15454000000,0.512,386.80,15454000000,,,,,7.00,,,,43153000,3198886,39955214,false,false,12,2016-04-01,2017-03-31,0
2017-05-15,80300,2016-03-31,,111913000000,-0.013,,,,,201000000,0.443,567000000,0.039,573000000,,,14.29,,,,,,28262000000,14308000000,0.506,358.11,14308000000,,,,,6.00,,,,43153000,3197511,40133565,false,false,12,2015-04-01,2016-03-31,-1
2017-05-15,80300,2018-03-31,,,,,,,,,,,,,,,,,,,,,,,,,,,,,,60.00,,,,,,,false,true,12,2017-04-01,2018-03-31,1
2017-07-31,80300,2018-03-31,1,49717000000,0.043,,,,,268000000,-0.447,383000000,-0.373,,186000000,,4.68,,,,,,63187000000,25151000000,0.349,551.47,22033000000,,,,,,,,,,,,true,false,3,2017-04-01,2017-06-30,0
2017-07-31,80300,2017-03-31,1,47676000000,-0.026,,,,,486000000,0.297,610000000,0.270,,369000000,,9.26,,,,,,,,,,,,,,,,,,,,,,true,false,3,2016-04-01,2016-06-30,-1
2017-07-31,80300,2018-03-31,1,201300000000,0.001,,,,,920000000,-0.063,1260000000,0.004,,540000000,,135.15,,,,,,,,,,,,,,,,,,,,,,true,true,12,2017-04-01,2018-03-31,0
2017-07-31,80300,2017-03-31,1,,,,,,,,,,,,,,,,,,,,66473000000,24673000000,0.324,539.16,21541000000,,,,,,,,,,,,true,false,12,2016-04-01,2017-03-31,-1
2017-07-31,80300,2017-03-31,1,,,,,,,,,,,,,,,,,,,,,,,,,,,,,7.00,,,,43153000,3198886,,false,false,12,2016-04-01,2017-03-31,-1
2017-07-31,80300,2018-03-31,1,,,,,,,,,,,,,,,,,,,,,,,,,,,,,60.00,,,,,,,false,true,12,2017-04-01,2018-03-31,0
2017-07-31,80300,2018-03-31,1,,,,,,,,,,,,,,,,,,,,,,,,,,,,,,,,,43153000,3199328,39953672,false,false,3,2017-04-01,2017-06-30,0
2017-07-31,80300,2017-03-31,1,,,,,,,,,,,,,,,,,,,,,,,,,,,,,,,,,,,39955489,false,false,3,2016-04-01,2016-06-30,-1
2017-10-31,80300,2018-03-31,2,97156000000,0.023,,,,,377000000,-0.430,512000000,-0.358,,42000000,,10.56,,,,,,66768000000,24968000000,0.326,5449.42,21771000000,,,,,,,,,,,,true,false,6,2017-04-01,2017-09-30,0
2017-10-31,80300,2017-03-31,2,94973000000,-0.015,,,,,663000000,0.393,798000000,0.403,,375000000,,93.88,,,,,,,,,,,,,,,,,,,,,,true,false,6,2016-04-01,2016-09-30,-1
2017-10-31,80300,2018-03-31,2,201300000000,0.001,,,,,920000000,-0.063,1260000000,0.004,,540000000,,135.15,,,,,,,,,,,,,,,,,,,,,,true,true,12,2017-04-01,2018-03-31,0
2017-10-31,80300,2017-03-31,2,,,,,,,,,,,,,,,,,,,,66473000000,24673000000,0.324,5391.60,21541000000,,,,,,,,,,,,true,false,12,2016-04-01,2017-03-31,-1
2017-10-31,80300,2017-03-31,2,,,,,,,,,,,,,,,,,,,,,,,,,,,,,7.00,,,,4315300,319888,,false,false,12,2016-04-01,2017-03-31,-1
2017-10-31,80300,2018-03-31,2,,,,,,,,,,,,,,,,,,,,,,,,,,,,,60.00,,,,,,,false,true,12,2017-04-01,2018-03-31,0
2017-10-31,80300,2018-03-31,2,,,,,,,,,,,,,,,,,,,,,,,,,,,,,,,,,4315300,320018,3995328,false,false,6,2017-04-01,2017-09-30,0
2017-10-31,80300,2017-03-31,2,,,,,,,,,,,,,,,,,,,,,,,,,,,,,,,,,,,3995549,false,false,6,2016-04-01,2016-09-30,-1
2018-01-30,80300,2018-03-31,3,153870000000,0.009,,,,,610000000,-0.186,835000000,-0.142,,143000000,,35.99,,,,,,71747000000,25553000000,0.310,5569.79,22252000000,,,,,,,,,,,,true,false,9,2017-04-01,2017-12-31,0
2018-01-30,80300,2017-03-31,3,152485000000,0.003,,,,,750000000,-0.240,973000000,-0.147,,415000000,,10.40,,,,,,,,,,,,,,,,,,,,,,true,false,9,2016-04-01,2016-12-31,-1
2018-01-30,80300,2018-03-31,3,199727000000,-0.007,,,,,738000000,-0.248,914000000,-0.272,,124000000,,31.04,,,,,,,,,,,,,,,,,,,,,,true,true,12,2017-04-01,2018-03-31,0
2018-01-30,80300,2017-03-31,3,,,,,,,,,,,,,,,,,,,,66473000000,24673000000,0.324,5391.60,21541000000,,,,,,,,,,,,true,false,12,2016-04-01,2017-03-31,-1
2018-01-30,80300,2017-03-31,3,,,,,,,,,,,,,,,,,,,,,,,,,,,,,7.00,,,,4315300,319888,,false,false,12,2016-04-01,2017-03-31,-1
2018-01-30,80300,2018-03-31,3,,,,,,,,,,,,,,,,,,,,,,,,,,,,,60.00,,,,,,,false,true,12,2017-04-01,2018-03-31,0
2018-01-30,80300,2018-03-31,3,,,,,,,,,,,,,,,,,,,,,,,,,,,,,,,,,4315300,320166,3995281,false,false,9,2017-04-01,2017-12-31,0
2018-01-30,80300,2017-03-31,3,,,,,,,,,,,,,,,,,,,,,,,,,,,,,,,,,,,3995541,false,false,9,2016-04-01,2016-12-31,-1
2018-01-30,80300,2018-03-31,,199727000000,-0.008,,,,,738000000,-0.198,914000000,-0.275,124000000,,-0.770,31.04,,,,,,,,,,,,,,,,,,,,,,true,true,12,2017-04-01,2018-03-31,0
2018-01-30,80300,2017-03-31,,201056000000,,,,,,982000000,,1255000000,,471000000,,,117.98,,,,,,,,,,,,,,,,,,,,,,true,false,12,2016-04-01,2017-03-31,-1
2018-05-14,80300,2018-03-31,,199915000000,-0.006,,,,,871000000,-0.112,1111000000,-0.115,,327000000,,81.91,,0.015,0.017,0.004,,65595000000,25063000000,0.331,5432.00,21701000000,4084000000,-120000000,-3448000000,7006000000,,0.733,,,,,,true,false,12,2017-04-01,2018-03-31,0
2018-05-14,80300,2017-03-31,,201056000000,0.011,,,,,982000000,-0.063,1255000000,-0.027,,471000000,,117.98,,0.022,0.020,0.005,,66473000000,24673000000,0.324,5391.60,21541000000,672000000,-4739000000,4066000000,6490000000,,0.593,,,,,,true,false,12,2016-04-01,2017-03-31,-1
2018-05-14,80300,2019-03-31,,198900000000,-0.005,,,,,840000000,-0.036,910000000,-0.181,,430000000,,107.63,,,,,,,,,,,,,,,,0.557,,,,,,true,true,12,2018-04-01,2019-03-31,1
2018-05-14,80300,2018-03-31,,112560000000,-0.000,,,,,-134000000,,454000000,-0.057,574000000,,-0.180,143.88,,,,,,31014000000,15767000000,0.508,3946.81,15767000000,,,,,60.00,,,,4315300,320201,3995241,false,false,12,2017-04-01,2018-03-31,0
2018-05-14,80300,2017-03-31,,112616000000,0.006,,,,,19000000,-0.902,481000000,-0.151,701000000,,0.223,175.51,,,,,,30158000000,15454000000,0.512,3868.00,15454000000,,,,,7.00,,,,4315300,319888,3995522,false,false,12,2016-04-01,2017-03-31,-1
2018-05-14,80300,2019-03-31,,,,,,,,,,,,,,,,,,,,,,,,,,,,,,60.00,,,,,,,false,true,12,2018-04-01,2019-03-31,1
2018-05-14,80300,2018-03-31,,199915000000,0.001,,,,,871000000,0.180,1111000000,0.216,327000000,,1.637,81.91,,,,,,,,,,,,,,,,,,,,,,true,true,12,2017-04-01,2018-03-31,0
2018-05-14,80300,2017-03-31,,201056000000,,,,,,982000000,,1255000000,,471000000,,,117.98,,,,,,,,,,,,,,,,,,,,,,true,false,12,2016-04-01,2017-03-31,-1
2018-07-31,80300,2019-03-31,1,46797000000,-0.059,,,,,163000000,-0.393,182000000,-0.523,,80000000,,20.16,,,,,,66868000000,24572000000,0.318,5320.25,21254000000,,,,,,,,,,,,true,false,3,2018-04-01,2018-06-30,0
2018-07-31,80300,2018-03-31,1,49717000000,0.043,,,,,268000000,-0.447,383000000,-0.373,,186000000,,46.80,,,,,,,,,,,,,,,,,,,,,,true,false,3,2017-04-01,2017-06-30,-1
2018-07-31,80300,2019-03-31,1,198900000000,-0.005,,,,,840000000,-0.036,910000000,-0.181,,430000000,,107.63,,,,,,,,,,,,,,,,,,,,,,true,true,12,2018-04-01,2019-03-31,0
2018-07-31,80300,2018-03-31,1,,,,,,,,,,,,,,,,,,,,65595000000,25063000000,0.331,5432.00,21701000000,,,,,,,,,,,,true,false,12,2017-04-01,2018-03-31,-1
2018-07-31,80300,2018-03-31,1,,,,,,,,,,,,,,,,,,,,,,,,,,,,,60.00,,,,4315300,320201,,false,false,12,2017-04-01,2018-03-31,-1
2018-07-31,80300,2019-03-31,1,,,,,,,,,,,,,,,,,,,,,,,,,,,,,60.00,,,,,,,false,true,12,2018-04-01,2019-03-31,0
2018-07-31,80300,2019-03-31,1,,,,,,,,,,,,,,,,,,,,,,,,,,,,,,,,,4315300,320303,3995029,false,false,3,2018-04-01,2018-06-30,0
2018-07-31,80300,2018-03-31,1,,,,,,,,,,,,,,,,,,,,,,,,,,,,,,,,,,,3995367,false,false,3,2017-04-01,2017-06-30,-1
2018-11-08,80300,2019-03-31,2,93127000000,-0.041,,,,,177000000,-0.531,202000000,-0.605,,8000000,,2.07,,,,,,68434000000,25439000000,0.323,5533.11,22104000000,,,,,,,,,,,,true,false,6,2018-04-01,2018-09-30,0
2018-11-08,80300,2018-03-31,2,97156000000,0.023,,,,,377000000,-0.430,512000000,-0.358,,42000000,,10.56,,,,,,,,,,,,,,,,,,,,,,true,false,6,2017-04-01,2017-09-30,-1
2018-11-08,80300,2019-03-31,2,198900000000,-0.005,,,,,840000000,-0.036,910000000,-0.181,,430000000,,107.63,,,,,,,,,,,,,,,,,,,,,,true,true,12,2018-04-01,2019-03-31,0
2018-11-08,80300,2018-03-31,2,,,,,,,,,,,,,,,,,,,,65595000000,25063000000,0.331,5432.00,21701000000,,,,,,,,,,,,true,false,12,2017-04-01,2018-03-31,-1
2018-11-08,80300,2018-03-31,2,,,,,,,,,,,,,,,,,,,,,,,,,,,,,60.00,,,,4315300,320201,,false,false,12,2017-04-01,2018-03-31,-1
2018-11-08,80300,2019-03-31,2,,,,,,,,,,,,,,,,,,,,,,,,,,,,,60.00,,,,,,,false,true,12,2018-04-01,2019-03-31,0
2018-11-08,80300,2019-03-31,2,,,,,,,,,,,,,,,,,,,,,,,,,,,,,,,,,4315300,320303,3995013,false,false,6,2018-04-01,2018-09-30,0
2018-11-08,80300,2018-03-31,2,,,,,,,,,,,,,,,,,,,,,,,,,,,,,,,,,,,3995328,false,false,6,2017-04-01,2017-09-30,-1
2019-01-31,80300,2019-03-31,3,149636000000,-0.028,,,,,185000000,-0.697,278000000,-0.667,,-62000000,,-15.71,,,,,,72182000000,24385000000,0.291,5256.52,20999000000,,,,,,,,,,,,true,false,9,2018-04-01,2018-12-31,0
2019-01-31,80300,2018-03-31,3,153870000000,0.009,,,,,610000000,-0.186,835000000,-0.142,,143000000,,35.99,,,,,,,,,,,,,,,,,,,,,,true,false,9,2017-04-01,2017-12-31,-1
2019-01-31,80300,2019-03-31,3,195500000000,-0.022,,,,,350000000,-0.599,470000000,-0.577,,140000000,,35.04,,,,,,,,,,,,,,,,,,,,,,true,true,12,2018-04-01,2019-03-31,0
2019-01-31,80300,2018-03-31,3,,,,,,,,,,,,,,,,,,,,65595000000,25063000000,0.331,5432.00,21701000000,,,,,,,,,,,,true,false,12,2017-04-01,2018-03-31,-1
2019-01-31,80300,2018-03-31,3,,,,,,,,,,,,,,,,,,,,,,,,,,,,,60.00,,,,4315300,320201,,false,false,12,2017-04-01,2018-03-31,-1
2019-01-31,80300,2019-03-31,3,,,,,,,,,,,,,,,,,,,,,,,,,,,,,60.00,,,,,,,false,true,12,2018-04-01,2019-03-31,0
2019-01-31,80300,2019-03-31,3,,,,,,,,,,,,,,,,,,,,,,,,,,,,,,,,,4315300,320371,3994994,false,false,9,2018-04-01,2018-12-31,0
2019-01-31,80300,2018-03-31,3,,,,,,,,,,,,,,,,,,,,,,,,,,,,,,,,,,,3995281,false,false,9,2017-04-01,2017-12-31,-1
2019-05-14,80300,2019-03-31,,195732000000,-0.021,,,,,434000000,-0.502,534000000,-0.519,,503000000,,126.13,,0.023,0.008,0.002,,73533000000,25715000000,0.302,5567.05,22239000000,1586000000,-5677000000,4567000000,7483000000,,0.476,,,,,,true,false,12,2018-04-01,2019-03-31,0
2019-05-14,80300,2018-03-31,,199915000000,-0.006,,,,,871000000,-0.112,1111000000,-0.115,,327000000,,81.91,,0.015,0.017,0.004,,65595000000,25063000000,0.331,5432.00,21701000000,4084000000,-120000000,-3448000000,7006000000,,0.733,,,,,,true,false,12,2017-04-01,2018-03-31,-1
2019-05-14,80300,2020-03-31,,206000000000,0.052,,,,,1100000000,1.532,1200000000,1.245,,600000000,,150.19,,,,,,,,,,,,,,,,0.399,,,,,,true,true,12,2019-04-01,2020-03-31,1
2019-05-14,80300,2019-03-31,,107748000000,-0.043,,,,,-253000000,,71000000,-0.843,351000000,,-0.389,87.98,,,,,,30839000000,16153000000,0.524,4043.49,16153000000,,,,,60.00,,,,4315300,320407,3994975,false,false,12,2018-04-01,2019-03-31,0
2019-05-14,80300,2018-03-31,,112560000000,-0.000,,,,,-134000000,,454000000,-0.057,574000000,,-0.180,143.88,,,,,,31014000000,15767000000,0.508,3946.81,15767000000,,,,,60.00,,,,4315300,320201,3995241,false,false,12,2017-04-01,2018-03-31,-1
2019-05-14,80300,2020-03-31,,,,,,,,,,,,,,,,,,,,,,,,,,,,,,60.00,,,,,,,false,true,12,2019-04-01,2020-03-31,1
2019-05-14,80300,2019-03-31,,195732000000,-0.021,,,,,431000000,-0.506,531000000,-0.522,,438000000,,109.78,,0.020,0.008,0.002,,73533000000,25709000000,0.302,5565.62,22234000000,1586000000,-5677000000,4567000000,7483000000,,0.547,,,,,,true,false,12,2018-04-01,2019-03-31,0
2019-05-14,80300,2018-03-31,,199915000000,-0.006,,,,,871000000,-0.112,1111000000,-0.115,,327000000,,81.91,,0.015,0.017,0.004,,65595000000,25063000000,0.331,5432.00,21701000000,4084000000,-120000000,-3448000000,7006000000,,0.733,,,,,,true,false,12,2017-04-01,2018-03-31,-1
2019-05-14,80300,2020-03-31,,206000000000,0.052,,,,,1100000000,1.532,1200000000,1.245,,600000000,,150.19,,,,,,,,,,,,,,,,0.399,,,,,,true,true,12,2019-04-01,2020-03-31,1
2019-05-14,80300,2019-03-31,,107748000000,-0.043,,,,,-257000000,,69000000,-0.847,286000000,,-0.502,71.63,,,,,,30839000000,16147000000,0.524,4042.06,16147000000,,,,,60.00,,,,4315300,320407,3994975,false,false,12,2018-04-01,2019-03-31,0
2019-05-14,80300,2018-03-31,,112560000000,-0.000,,,,,-134000000,,454000000,-0.057,574000000,,-0.180,143.88,,,,,,31014000000,15767000000,0.508,3946.81,15767000000,,,,,60.00,,,,4315300,320201,3995241,false,false,12,2017-04-01,2018-03-31,-1
2019-05-14,80300,2020-03-31,,,,,,,,,,,,,,,,,,,,,,,,,,,,,,60.00,,,,,,,false,true,12,2019-04-01,2020-03-31,1
2019-07-30,80300,2020-03-31,1,47204000000,0.009,,,,,276000000,0.690,370000000,1.033,,178000000,,44.72,,,,,,71036000000,24953000000,0.303,5386.47,21518000000,,,,,,,,,,,,true,false,3,2019-04-01,2019-06-30,0
2019-07-30,80300,2019-03-31,1,46797000000,-0.059,,,,,163000000,-0.393,182000000,-0.523,,80000000,,20.16,,,,,,,,,,,,,,,,,,,,,,true,false,3,2018-04-01,2018-06-30,-1
2019-07-30,80300,2020-03-31,1,206000000000,0.052,,,,,1100000000,1.532,1200000000,1.245,,600000000,,150.19,,,,,,,,,,,,,,,,,,,,,,true,true,12,2019-04-01,2020-03-31,0
2019-07-30,80300,2019-03-31,1,,,,,,,,,,,,,,,,,,,,73533000000,25709000000,0.302,5565.62,22234000000,,,,,,,,,,,,true,false,12,2018-04-01,2019-03-31,-1
2019-07-30,80300,2019-03-31,1,,,,,,,,,,,,,,,,,,,,,,,,,,,,,60.00,,,,4315300,320407,,false,false,12,2018-04-01,2019-03-31,-1
2019-07-30,80300,2020-03-31,1,,,,,,,,,,,,,,,,,,,,,,,,,,,,,60.00,,,,,,,false,true,12,2019-04-01,2020-03-31,0
2019-07-30,80300,2020-03-31,1,,,,,,,,,,,,,,,,,,,,,,,,,,,,,,,,,4315300,320435,3994865,false,false,3,2019-04-01,2019-06-30,0
2019-07-30,80300,2019-03-31,1,,,,,,,,,,,,,,,,,,,,,,,,,,,,,,,,,,,3995029,false,false,3,2018-04-01,2018-06-30,-1
2019-10-31,80300,2020-03-31,2,92557000000,-0.006,,,,,521000000,1.943,593000000,1.929,,213000000,,53.52,,,,,,68629000000,25046000000,0.313,5382.24,21501000000,,,,,,,,,,,,true,false,6,2019-04-01,2019-09-30,0
2019-10-31,80300,2019-03-31,2,93127000000,-0.041,,,,,177000000,-0.531,202000000,-0.605,,8000000,,2.07,,,,,,,,,,,,,,,,,,,,,,true,false,6,2018-04-01,2018-09-30,-1
2019-10-31,80300,2020-03-31,2,206000000000,0.052,,,,,1100000000,1.532,1200000000,1.245,,600000000,,150.19,,,,,,,,,,,,,,,,,,,,,,true,true,12,2019-04-01,2020-03-31,0
2019-10-31,80300,2019-03-31,2,,,,,,,,,,,,,,,,,,,,73533000000,25709000000,0.302,5565.62,22234000000,,,,,,,,,,,,true,false,12,2018-04-01,2019-03-31,-1
2019-10-31,80300,2019-03-31,2,,,,,,,,,,,,,,,,,,,,,,,,,,,,,60.00,,,,4315300,320407,,false,false,12,2018-04-01,2019-03-31,-1
2019-10-31,80300,2020-03-31,2,,,,,,,,,,,,,,,,,,,,,,,,,,,,,60.00,,,,,,,false,true,12,2019-04-01,2020-03-31,0
2019-10-31,80300,2020-03-31,2,,,,,,,,,,,,,,,,,,,,,,,,,,,,,,,,,4315300,320456,3994862,false,false,6,2019-04-01,2019-09-30,0
2019-10-31,80300,2019-03-31,2,,,,,,,,,,,,,,,,,,,,,,,,,,,,,,,,,,,3995013,false,false,6,2018-04-01,2018-09-30,-1
2020-01-31,80300,2020-03-31,3,149778000000,0.001,,,,,988000000,4.341,1118000000,3.012,,475000000,,119.04,,,,,,76996000000,25737000000,0.287,5527.71,22082000000,,,,,,,,,,,,true,false,9,2019-04-01,2019-12-31,0
2020-01-31,80300,2019-03-31,3,149636000000,-0.028,,,,,185000000,-0.697,278000000,-0.667,,-62000000,,-15.71,,,,,,,,,,,,,,,,,,,,,,true,false,9,2018-04-01,2018-12-31,-1
2020-01-31,80300,2020-03-31,3,206000000000,0.052,,,,,1100000000,1.532,1200000000,1.245,,600000000,,150.19,,,,,,,,,,,,,,,,,,,,,,true,true,12,2019-04-01,2020-03-31,0
2020-01-31,80300,2019-03-31,3,,,,,,,,,,,,,,,,,,,,73533000000,25709000000,0.302,5565.62,22234000000,,,,,,,,,,,,true,false,12,2018-04-01,2019-03-31,-1
2020-01-31,80300,2019-03-31,3,,,,,,,,,,,,,,,,,,,,,,,,,,,,,60.00,,,,4315300,320407,,false,false,12,2018-04-01,2019-03-31,-1
2020-01-31,80300,2020-03-31,3,,,,,,,,,,,,,,,,,,,,,,,,,,,,,60.00,,,,,,,false,true,12,2019-04-01,2020-03-31,0
2020-01-31,80300,2020-03-31,3,,,,,,,,,,,,,,,,,,,,,,,,,,,,,,,,,4315300,320456,3994856,false,false,9,2019-04-01,2019-12-31,0
2020-01-31,80300,2019-03-31,3,,,,,,,,,,,,,,,,,,,,,,,,,,,,,,,,,,,3994994,false,false,9,2018-04-01,2018-12-31,-1
2020-05-15,80300,2020-03-31,,193923000000,-0.009,,,,,1095000000,1.542,1209000000,1.277,,683000000,,171.09,,0.032,0.017,0.006,,66331000000,24842000000,0.319,5292.40,21142000000,5791000000,-3383000000,-2244000000,7646000000,,0.351,,,,,,true,false,12,2019-04-01,2020-03-31,0
2020-05-15,80300,2019-03-31,,195732000000,-0.021,,,,,431000000,-0.506,531000000,-0.522,,438000000,,109.78,,0.020,0.008,0.002,,73533000000,25709000000,0.302,5565.62,22234000000,1586000000,-5677000000,4567000000,7483000000,,0.547,,,,,,true,false,12,2018-04-01,2019-03-31,-1
2020-05-15,80300,2020-03-31,,102520000000,-0.049,,,,,153000000,,469000000,5.752,458000000,,0.603,114.83,,,,,,25679000000,14891000000,0.580,3727.57,14891000000,,,,,60.00,,,,4315300,320456,3994853,false,false,12,2019-04-01,2020-03-31,0
2020-05-15,80300,2019-03-31,,107748000000,-0.043,,,,,-257000000,,69000000,-0.847,286000000,,-0.502,71.63,,,,,,30839000000,16147000000,0.524,4042.06,16147000000,,,,,60.00,,,,4315300,320407,3994975,false,false,12,2018-04-01,2019-03-31,-1
2020-07-30,80300,2021-03-31,1,40313000000,-0.146,,,,,197000000,-0.285,302000000,-0.184,,235000000,,58.86,,,,,,65404000000,25002000000,0.326,5336.24,21317000000,,,,,,,,,,,,true,false,3,2020-04-01,2020-06-30,0
2020-07-30,80300,2020-03-31,1,47204000000,0.009,,,,,276000000,0.690,370000000,1.033,,178000000,,44.72,,,,,,,,,,,,,,,,,,,,,,true,false,3,2019-04-01,2019-06-30,-1
2020-07-30,80300,2020-03-31,1,,,,,,,,,,,,,,,,,,,,66320000000,24848000000,0.319,5293.99,21148000000,,,,,,,,,,,,true,false,12,2019-04-01,2020-03-31,-1
2020-07-30,80300,2020-03-31,1,,,,,,,,,,,,,,,,,,,,,,,,,,,,,60.00,,,,4315300,320456,,false,false,12,2019-04-01,2020-03-31,-1
2020-07-30,80300,2021-03-31,1,,,,,,,,,,,,,,,,,,,,,,,,,,,,,,,,,4315300,320456,3994844,false,false,3,2020-04-01,2020-06-30,0
2020-07-30,80300,2020-03-31,1,,,,,,,,,,,,,,,,,,,,,,,,,,,,,,,,,,,3994865,false,false,3,2019-04-01,2019-06-30,-1
2020-10-30,80300,2021-03-31,2,85765000000,-0.073,,,,,603000000,0.156,690000000,0.164,,391000000,,98.11,,,,,,66334000000,25180000000,0.322,5345.46,21354000000,,,,,,,,,,,,true,false,6,2020-04-01,2020-09-30,0
2020-10-30,80300,2020-03-31,2,92557000000,-0.006,,,,,521000000,1.943,593000000,1.929,,213000000,,53.52,,,,,,,,,,,,,,,,,,,,,,true,false,6,2019-04-01,2019-09-30,-1
2020-10-30,80300,2021-03-31,2,186000000000,-0.041,,,,,1100000000,0.005,1200000000,-0.008,,600000000,,150.19,,,,,,,,,,,,,,,,,,,,,,true,true,12,2020-04-01,2021-03-31,0
2020-10-30,80300,2020-03-31,2,,,,,,,,,,,,,,,,,,,,66320000000,24848000000,0.319,5293.99,21148000000,,,,,,,,,,,,true,false,12,2019-04-01,2020-03-31,-1
2020-10-30,80300,2020-03-31,2,,,,,,,,,,,,,,,,,,,,,,,,,,,,,60.00,,,,4315300,320456,,false,false,12,2019-04-01,2020-03-31,-1
2020-10-30,80300,2021-03-31,2,,,,,,,,,,,,,,,,,,,,,,,,,,,,,60.00,,,,,,,false,true,12,2020-04-01,2021-03-31,0
2020-10-30,80300,2021-03-31,2,,,,,,,,,,,,,,,,,,,,,,,,,,,,,,,,,4315300,320456,3994844,false,false,6,2020-04-01,2020-09-30,0
2020-10-30,80300,2020-03-31,2,,,,,,,,,,,,,,,,,,,,,,,,,,,,,,,,,,,3994862,false,false,6,2019-04-01,2019-09-30,-1
2021-01-29,80300,2021-03-31,3,143448000000,-0.042,,,,,1361000000,0.376,1571000000,0.406,,858000000,,214.83,,,,,,74814000000,25837000000,0.292,5468.00,21843000000,,,,,,,,,,,,true,false,9,2020-04-01,2020-12-31,0
2021-01-29,80300,2020-03-31,3,149778000000,0.001,,,,,988000000,4.341,1118000000,3.012,,475000000,,119.04,,,,,,,,,,,,,,,,,,,,,,true,false,9,2019-04-01,2019-12-31,-1
2021-01-29,80300,2021-03-31,3,186000000000,-0.041,,,,,1100000000,0.005,1200000000,-0.008,,600000000,,150.19,,,,,,,,,,,,,,,,,,,,,,true,true,12,2020-04-01,2021-03-31,0
2021-01-29,80300,2020-03-31,3,,,,,,,,,,,,,,,,,,,,66320000000,24848000000,0.319,5293.99,21148000000,,,,,,,,,,,,true,false,12,2019-04-01,2020-03-31,-1
2021-01-29,80300,2020-03-31,3,,,,,,,,,,,,,,,,,,,,,,,,,,,,,60.00,,,,4315300,320456,,false,false,12,2019-04-01,2020-03-31,-1
2021-01-29,80300,2021-03-31,3,,,,,,,,,,,,,,,,,,,,,,,,,,,,,60.00,,,,,,,false,true,12,2020-04-01,2021-03-31,0
2021-01-29,80300,2021-03-31,3,,,,,,,,,,,,,,,,,,,,,,,,,,,,,,,,,4315300,320552,3994823,false,false,9,2020-04-01,2020-12-31,0
2021-01-29,80300,2020-03-31,3,,,,,,,,,,,,,,,,,,,,,,,,,,,,,,,,,,,3994856,false,false,9,2019-04-01,2019-12-31,-1
2021-05-14,80300,2021-03-31,,187697000000,-0.032,,,,,1422000000,0.298,1707000000,0.412,,1256000000,,314.61,,0.057,0.025,0.008,,68855000000,27245000000,0.336,5794.48,23146000000,5421000000,-1834000000,-1654000000,9579000000,,0.191,,,,,,true,false,12,2020-04-01,2021-03-31,0
2021-05-14,80300,2020-03-31,,193923000000,-0.009,,,,,1095000000,1.542,1209000000,1.277,,683000000,,171.09,,0.032,0.017,0.006,,66320000000,24848000000,0.319,5293.99,21148000000,5791000000,-3383000000,-2244000000,7646000000,,0.351,,,,,,true,false,12,2019-04-01,2020-03-31,-1
2021-05-14,80300,2022-03-31,,110000000000,,,,,,1700000000,,1800000000,,,800000000,,200.26,,,,,,,,,,,,,,,,0.350,,,,,,true,true,12,2021-04-01,2022-03-31,1
2021-05-14,80300,2021-03-31,,95236000000,-0.071,,,,,94000000,-0.381,552000000,0.179,825000000,,0.800,206.73,,,,,,26390000000,16264000000,0.616,4071.69,16264000000,,,,,60.00,,,,4315300,320654,3994779,false,false,12,2020-04-01,2021-03-31,0
2021-05-14,80300,2020-03-31,,102520000000,-0.049,,,,,153000000,,469000000,5.752,458000000,,0.603,114.83,,,,,,25679000000,14891000000,0.580,3727.57,14891000000,,,,,60.00,,,,4315300,320456,3994853,false,false,12,2019-04-01,2020-03-31,-1
2021-05-14,80300,2022-03-31,,,,,,,,,,,,,,,,,,,,,,,,,,,,,,70.00,,,,,,,false,true,12,2021-04-01,2022-03-31,1
2021-07-29,80300,2022-03-31,1,27782000000,-0.311,,,,,402000000,1.036,486000000,0.608,,249000000,,62.51,,,,,,68963000000,27260000000,0.335,5786.78,23116000000,,,,,,,,,,,,true,false,3,2021-04-01,2021-06-30,0
2021-07-29,80300,2021-03-31,1,40313000000,-0.146,,,,,197000000,-0.285,302000000,-0.184,,235000000,,58.86,,,,,,,,,,,,,,,,,,,,,,true,false,3,2020-04-01,2020-06-30,-1
2021-07-29,80300,2022-03-31,1,110000000000,,,,,,1700000000,,1800000000,,,800000000,,200.26,,,,,,,,,,,,,,,,,,,,,,true,true,12,2021-04-01,2022-03-31,0
2021-07-29,80300,2021-03-31,1,,,,,,,,,,,,,,,,,,,,68855000000,27245000000,0.336,5794.48,23146000000,,,,,,,,,,,,true,false,12,2020-04-01,2021-03-31,-1
2021-07-29,80300,2021-03-31,1,,,,,,,,,,,,,,,,,,,,,,,,,,,,,60.00,,,,4315300,320654,,false,false,12,2020-04-01,2021-03-31,-1
2021-07-29,80300,2022-03-31,1,,,,,,,,,,,,,,,,,,,,,,,,,,,,,70.00,,,,,,,false,true,12,2021-04-01,2022-03-31,0
2021-07-29,80300,2022-03-31,1,,,,,,,,,,,,,,,,,,,,,,,,,,,,,,,,,4315300,320654,3994646,false,false,3,2021-04-01,2021-06-30,0
2021-07-29,80300,2021-03-31,1,,,,,,,,,,,,,,,,,,,,,,,,,,,,,,,,,,,3994844,false,false,3,2020-04-01,2020-06-30,-1
2021-10-29,80300,2022-03-31,2,55772000000,-0.350,,,,,833000000,0.382,885000000,0.275,,234000000,,58.82,,,,,,70622000000,27970000000,0.335,5930.04,23688000000,,,,,,,,,,,,true,false,6,2021-04-01,2021-09-30,0
2021-10-29,80300,2021-03-31,2,85765000000,-0.073,,,,,603000000,0.156,694000000,0.170,,391000000,,98.11,,,,,,,,,,,,,,,,,,,,,,true,false,6,2020-04-01,2020-09-30,-1
2021-10-29,80300,2022-03-31,2,110000000000,,,,,,1700000000,,1800000000,,,800000000,,200.26,,,,,,,,,,,,,,,,,,,,,,true,true,12,2021-04-01,2022-03-31,0
2021-10-29,80300,2021-03-31,2,,,,,,,,,,,,,,,,,,,,68855000000,27245000000,0.336,5794.48,23146000000,,,,,,,,,,,,true,false,12,2020-04-01,2021-03-31,-1
2021-10-29,80300,2021-03-31,2,,,,,,,,,,,,,,,,,,,,,,,,,,,,,60.00,,,,4315300,320654,,false,false,12,2020-04-01,2021-03-31,-1
2021-10-29,80300,2022-03-31,2,,,,,,,,,,,,,,,,,,,,,,,,,,,,,70.00,,,,,,,false,true,12,2021-04-01,2022-03-31,0
2021-10-29,80300,2022-03-31,2,,,,,,,,,,,,,,,,,,,,,,,,,,,,,,,,,4315300,320654,3994646,false,false,6,2021-04-01,2021-09-30,0
2021-10-29,80300,2021-03-31,2,,,,,,,,,,,,,,,,,,,,,,,,,,,,,,,,,,,3994844,false,false,6,2020-04-01,2020-09-30,-1
2022-01-28,80300,2022-03-31,3,94509000000,-0.341,,,,,1890000000,0.389,2040000000,0.298,,921000000,,230.78,,,,,,80133000000,28317000000,0.297,5965.91,23831000000,,,,,,,,,,,,true,false,9,2021-04-01,2021-12-31,0
2022-01-28,80300,2021-03-31,3,143448000000,-0.042,,,,,1361000000,0.376,1571000000,0.406,,858000000,,214.83,,,,,,,,,,,,,,,,,,,,,,true,false,9,2020-04-01,2020-12-31,-1
2022-01-28,80300,2022-03-31,3,110000000000,,,,,,1700000000,,1800000000,,,800000000,,200.26,,,,,,,,,,,,,,,,,,,,,,true,true,12,2021-04-01,2022-03-31,0
2022-01-28,80300,2021-03-31,3,,,,,,,,,,,,,,,,,,,,68855000000,27245000000,0.336,5794.48,23146000000,,,,,,,,,,,,true,false,12,2020-04-01,2021-03-31,-1
2022-01-28,80300,2021-03-31,3,,,,,,,,,,,,,,,,,,,,,,,,,,,,,60.00,,,,4315300,320654,,false,false,12,2020-04-01,2021-03-31,-1
2022-01-28,80300,2022-03-31,3,,,,,,,,,,,,,,,,,,,,,,,,,,,,,70.00,,,,,,,false,true,12,2021-04-01,2022-03-31,0
2022-01-28,80300,2022-03-31,3,,,,,,,,,,,,,,,,,,,,,,,,,,,,,,,,,4315300,320654,3994646,false,false,9,2021-04-01,2021-12-31,0
2022-01-28,80300,2021-03-31,3,,,,,,,,,,,,,,,,,,,,,,,,,,,,,,,,,,,3994823,false,false,9,2020-04-01,2020-12-31,-1
2022-05-13,80300,2022-03-31,,121842000000,-0.351,,,,,1981000000,0.393,2030000000,0.189,,1152000000,,288.63,,0.048,0.029,0.016,,71613000000,29031000000,0.341,6116.62,24433000000,-814000000,-795000000,-453000000,7532000000,,0.243,,,,,,true,false,12,2021-04-01,2022-03-31,0
2022-05-13,80300,2021-03-31,,187697000000,-0.032,,,,,1422000000,0.298,1707000000,0.412,,1256000000,,314.61,,0.057,0.025,0.008,,68855000000,27245000000,0.336,5794.48,23146000000,5421000000,-1834000000,-1654000000,9579000000,,0.191,,,,,,true,false,12,2020-04-01,2021-03-31,-1
2022-05-13,80300,2023-03-31,,112000000000,-0.081,,,,,1500000000,-0.243,1600000000,-0.212,,950000000,,237.81,,,,,,,,,,,,,,,,0.252,,,,,,true,true,12,2022-04-01,2023-03-31,1
2022-05-13,80300,2022-03-31,,83881000000,-0.119,,,,,446000000,3.706,813000000,0.472,974000000,,0.180,243.93,,,,,,28463000000,17447000000,0.613,4367.85,17447000000,,,,,70.00,,,,4315300,320681,3994644,false,false,12,2021-04-01,2022-03-31,0
2022-05-13,80300,2021-03-31,,95236000000,-0.071,,,,,94000000,-0.381,552000000,0.179,825000000,,0.800,206.73,,,,,,26390000000,16264000000,0.616,4071.69,16264000000,,,,,60.00,,,,4315300,320654,3994779,false,false,12,2020-04-01,2021-03-31,-1
2022-05-13,80300,2023-03-31,,,,,,,,,,,,,,,,,,,,,,,,,,,,,,60.00,,,,,,,false,true,12,2022-04-01,2023-03-31,1
2022-07-29,80300,2023-03-31,1,32655000000,0.175,,,,,708000000,0.762,923000000,0.899,,626000000,,156.91,,,,,,74871000000,24951000000,0.313,5858.70,23403000000,,,,,,,,,,,,true,false,3,2022-04-01,2022-06-30,0
2022-07-29,80300,2022-03-31,1,27782000000,-0.311,,,,,402000000,1.036,486000000,0.608,,249000000,,62.51,,,,,,,,,,,,,,,,,,,,,,true,false,3,2021-04-01,2021-06-30,-1
2022-07-29,80300,2023-03-31,1,112000000000,-0.081,,,,,1500000000,-0.243,1600000000,-0.212,,950000000,,237.81,,,,,,,,,,,,,,,,,,,,,,true,true,12,2022-04-01,2023-03-31,0
2022-07-29,80300,2022-03-31,1,,,,,,,,,,,,,,,,,,,,71613000000,29031000000,0.341,6116.62,24433000000,,,,,,,,,,,,true,false,12,2021-04-01,2022-03-31,-1
2022-07-29,80300,2022-03-31,1,,,,,,,,,,,,,,,,,,,,,,,,,,,,,70.00,,,,4315300,320681,,false,false,12,2021-04-01,2022-03-31,-1
2022-07-29,80300,2023-03-31,1,,,,,,,,,,,,,,,,,,,,,,,,,,,,,60.00,,,,,,,false,true,12,2022-04-01,2023-03-31,0
2022-07-29,80300,2023-03-31,1,,,,,,,,,,,,,,,,,,,,,,,,,,,,,,,,,4315300,320681,3994619,false,false,3,2022-04-01,2022-06-30,0
2022-07-29,80300,2022-03-31,1,,,,,,,,,,,,,,,,,,,,,,,,,,,,,,,,,,,3994646,false,false,3,2021-04-01,2021-06-30,-1
2022-10-28,80300,2023-03-31,2,65361000000,0.172,,,,,1264000000,0.517,1388000000,0.568,,898000000,,224.89,,,,,,73608000000,25071000000,0.319,5883.15,23500000000,,,,,,,,,,,,true,false,6,2022-04-01,2022-09-30,0
2022-10-28,80300,2022-03-31,2,55772000000,-0.350,,,,,833000000,0.382,885000000,0.275,,234000000,,58.82,,,,,,,,,,,,,,,,,,,,,,true,false,6,2021-04-01,2021-09-30,-1
2022-10-28,80300,2023-03-31,2,112000000000,-0.081,,,,,1500000000,-0.243,1600000000,-0.212,,950000000,,237.81,,,,,,,,,,,,,,,,,,,,,,true,true,12,2022-04-01,2023-03-31,0
2022-10-28,80300,2022-03-31,2,,,,,,,,,,,,,,,,,,,,71613000000,29031000000,0.341,6116.62,24433000000,,,,,,,,,,,,true,false,12,2021-04-01,2022-03-31,-1
2022-10-28,80300,2022-03-31,2,,,,,,,,,,,,,,,,,,,,,,,,,,,,,70.00,,,,4315300,320681,,false,false,12,2021-04-01,2022-03-31,-1
2022-10-28,80300,2023-03-31,2,,,,,,,,,,,,,,,,,,,,,,,,,,,,,60.00,,,,,,,false,true,12,2022-04-01,2023-03-31,0
2022-10-28,80300,2023-03-31,2,,,,,,,,,,,,,,,,,,,,,,,,,,,,,,,,,4315300,320681,3994619,false,false,6,2022-04-01,2022-09-30,0
2022-10-28,80300,2022-03-31,2,,,,,,,,,,,,,,,,,,,,,,,,,,,,,,,,,,,3994646,false,false,6,2021-04-01,2021-09-30,-1
2023-01-31,80300,2023-03-31,3,107712000000,0.140,,,,,2046000000,0.083,2229000000,0.093,,1344000000,,336.56,,,,,,86124000000,26122000000,0.284,6131.78,24494000000,,,,,,,,,,,,true,false,9,2022-04-01,2022-12-31,0
2023-01-31,80300,2022-03-31,3,94509000000,-0.341,,,,,1890000000,0.389,2040000000,0.298,,921000000,,230.78,,,,,,,,,,,,,,,,,,,,,,true,false,9,2021-04-01,2021-12-31,-1
2023-01-31,80300,2023-03-31,3,130000000000,0.067,,,,,1900000000,-0.041,2000000000,-0.015,,1200000000,,300.40,,,,,,,,,,,,,,,,,,,,,,true,true,12,2022-04-01,2023-03-31,0
2023-01-31,80300,2022-03-31,3,,,,,,,,,,,,,,,,,,,,71613000000,29031000000,0.341,6116.62,24433000000,,,,,,,,,,,,true,false,12,2021-04-01,2022-03-31,-1
2023-01-31,80300,2022-03-31,3,,,,,,,,,,,,,,,,,,,,,,,,,,,,,70.00,,,,4315300,320681,,false,false,12,2021-04-01,2022-03-31,-1
2023-01-31,80300,2023-03-31,3,,,,,,,,,,,,,,,,,,,,,,,,,,,,,60.00,,,,,,,false,true,12,2022-04-01,2023-03-31,0
2023-01-31,80300,2023-03-31,3,,,,,,,,,,,,,,,,,,,,,,,,,,,,,,,,,4315300,320760,3994610,false,false,9,2022-04-01,2022-12-31,0
2023-01-31,80300,2022-03-31,3,,,,,,,,,,,,,,,,,,,,,,,,,,,,,,,,,,,3994646,false,false,9,2021-04-01,2021-12-31,-1
2023-05-15,80300,2023-03-31,,137482000000,0.128,,,,,2014000000,0.016,2127000000,0.047,,1387000000,,347.40,,0.057,0.029,0.015,,73293000000,26121000000,0.334,6127.13,24475000000,3342000000,-666000000,-1858000000,8350000000,,0.201,,,,,,true,false,12,2022-04-01,2023-03-31,0
2023-05-15,80300,2022-03-31,,121842000000,-0.351,,,,,1981000000,0.393,2030000000,0.189,,1152000000,,288.63,,0.048,0.029,0.016,,71613000000,29031000000,0.341,6116.62,24433000000,-814000000,-795000000,-453000000,7532000000,,0.243,,,,,,true,false,12,2021-04-01,2022-03-31,-1
2023-05-15,80300,2024-03-31,,125000000000,-0.091,,,,,1900000000,-0.057,2100000000,-0.013,,1350000000,,337.96,,,,,,,,,,,,,,,,0.207,,,,,,true,true,12,2023-04-01,2024-03-31,1
2023-05-15,80300,2023-03-31,,98182000000,0.170,,,,,612000000,0.372,831000000,0.022,635000000,,-0.348,159.08,,,,,,35990000000,18227000000,0.506,4563.17,18227000000,,,,,70.00,,,,4315300,320760,3994592,false,false,12,2022-04-01,2023-03-31,0
2023-05-15,80300,2022-03-31,,83881000000,-0.119,,,,,446000000,3.706,813000000,0.472,974000000,,0.180,243.93,,,,,,28463000000,17447000000,0.613,4367.85,17447000000,,,,,70.00,,,,4315300,320681,3994644,false,false,12,2021-04-01,2022-03-31,-1
2023-05-15,80300,2024-03-31,,,,,,,,,,,,,,,,,,,,,,,,,,,,,,70.00,,,,,,,false,true,12,2023-04-01,2024-03-31,1
2023-07-31,80300,2024-03-31,1,32561000000,-0.003,,,,,624000000,-0.118,770000000,-0.166,,471000000,,118.09,,,,,,74407000000,27259000000,0.344,6408.93,25600000000,,,,,,,,,,,,true,false,3,2023-04-01,2023-06-30,0
2023-07-31,80300,2023-03-31,1,32655000000,0.175,,,,,708000000,0.762,923000000,0.899,,626000000,,156.91,,,,,,,,,,,,,,,,,,,,,,true,false,3,2022-04-01,2022-06-30,-1
2023-07-31,80300,2024-03-31,1,125000000000,-0.091,,,,,1900000000,-0.057,2100000000,-0.013,,1350000000,,337.96,,,,,,,,,,,,,,,,,,,,,,true,true,12,2023-04-01,2024-03-31,0
2023-07-31,80300,2023-03-31,1,,,,,,,,,,,,,,,,,,,,73293000000,26121000000,0.334,6127.13,24475000000,,,,,,,,,,,,true,false,12,2022-04-01,2023-03-31,-1
2023-07-31,80300,2023-03-31,1,,,,,,,,,,,,,,,,,,,,,,,,,,,,,70.00,,,,4315300,320760,,false,false,12,2022-04-01,2023-03-31,-1
2023-07-31,80300,2024-03-31,1,,,,,,,,,,,,,,,,,,,,,,,,,,,,,70.00,,,,,,,false,true,12,2023-04-01,2024-03-31,0
2023-07-31,80300,2024-03-31,1,,,,,,,,,,,,,,,,,,,,,,,,,,,,,,,,,4315300,320760,3994540,false,false,3,2023-04-01,2023-06-30,0
2023-07-31,80300,2023-03-31,1,,,,,,,,,,,,,,,,,,,,,,,,,,,,,,,,,,,3994619,false,false,3,2022-04-01,2022-06-30,-1
2023-10-31,80300,2024-03-31,2,64313000000,-0.016,,,,,1191000000,-0.058,1324000000,-0.046,,1161000000,,290.71,,,,,,76877000000,28371000000,0.347,6681.68,26690000000,,,,,,,,,,,,true,false,6,2023-04-01,2023-09-30,0
2023-10-31,80300,2023-03-31,2,65361000000,0.172,,,,,1264000000,0.517,1388000000,0.568,,898000000,,224.89,,,,,,,,,,,,,,,,,,,,,,true,false,6,2022-04-01,2022-09-30,-1
2023-10-31,80300,2024-03-31,2,125000000000,-0.091,,,,,1900000000,-0.057,2100000000,-0.013,,1350000000,,337.96,,,,,,,,,,,,,,,,,,,,,,true,true,12,2023-04-01,2024-03-31,0
2023-10-31,80300,2023-03-31,2,,,,,,,,,,,,,,,,,,,,73293000000,26121000000,0.334,6127.13,24475000000,,,,,,,,,,,,true,false,12,2022-04-01,2023-03-31,-1
2023-10-31,80300,2023-03-31,2,,,,,,,,,,,,,,,,,,,,,,,,,,,,,70.00,,,,4315300,320760,,false,false,12,2022-04-01,2023-03-31,-1
2023-10-31,80300,2024-03-31,2,,,,,,,,,,,,,,,,,,,,,,,,,,,,,70.00,,,,,,,false,true,12,2023-04-01,2024-03-31,0
2023-10-31,80300,2024-03-31,2,,,,,,,,,,,,,,,,,,,,,,,,,,,,,,,,,4315300,320760,3994540,false,false,6,2023-04-01,2023-09-30,0
2023-10-31,80300,2023-03-31,2,,,,,,,,,,,,,,,,,,,,,,,,,,,,,,,,,,,3994619,false,false,6,2022-04-01,2022-09-30,-1
2024-01-30,80300,2024-03-31,3,106776000000,-0.009,,,,,2079000000,0.016,2286000000,0.026,,1758000000,,440.11,,,,,,86205000000,29101000000,0.318,6852.28,27371000000,,,,,,,,,,,,true,false,9,2023-04-01,2023-12-31,0
2024-01-30,80300,2023-03-31,3,107712000000,0.140,,,,,2046000000,0.083,2229000000,0.093,,1344000000,,336.56,,,,,,,,,,,,,,,,,,,,,,true,false,9,2022-04-01,2022-12-31,-1
2024-01-30,80300,2024-03-31,3,125000000000,-0.091,,,,,1900000000,-0.057,2100000000,-0.013,,1350000000,,337.96,,,,,,,,,,,,,,,,,,,,,,true,true,12,2023-04-01,2024-03-31,0
2024-01-30,80300,2023-03-31,3,,,,,,,,,,,,,,,,,,,,73293000000,26121000000,0.334,6127.13,24475000000,,,,,,,,,,,,true,false,12,2022-04-01,2023-03-31,-1
2024-01-30,80300,2023-03-31,3,,,,,,,,,,,,,,,,,,,,,,,,,,,,,70.00,,,,4315300,320760,,false,false,12,2022-04-01,2023-03-31,-1
2024-01-30,80300,2024-03-31,3,,,,,,,,,,,,,,,,,,,,,,,,,,,,,70.00,,,,,,,false,true,12,2023-04-01,2024-03-31,0
2024-01-30,80300,2024-03-31,3,,,,,,,,,,,,,,,,,,,,,,,,,,,,,,,,,4315300,320816,3994534,false,false,9,2023-04-01,2023-12-31,0
2024-01-30,80300,2023-03-31,3,,,,,,,,,,,,,,,,,,,,,,,,,,,,,,,,,,,3994610,false,false,9,2022-04-01,2022-12-31,-1
2024-05-14,80300,2024-03-31,,137588000000,0.001,,,,,2465000000,0.224,2576000000,0.211,,2134000000,,534.42,,0.079,0.034,0.018,,78415000000,30999000000,0.374,7341.69,29326000000,3593000000,-637000000,-4209000000,7096000000,,0.150,,,,,,true,false,12,2023-04-01,2024-03-31,0
2024-05-14,80300,2023-03-31,,137482000000,0.128,,,,,2014000000,0.016,2127000000,0.047,,1387000000,,347.40,,0.057,0.029,0.015,,73293000000,26121000000,0.334,6127.13,24475000000,3342000000,-666000000,-1858000000,8350000000,,0.201,,,,,,true,false,12,2022-04-01,2023-03-31,-1
2024-05-14,80300,2025-03-31,,136700000000,-0.006,,,,,2500000000,0.014,2800000000,0.087,,2000000000,,500.69,,,,,,,,,,,,,,,,0.180,,,,,,true,true,12,2024-04-01,2025-03-31,1
2024-05-14,80300,2024-03-31,,98512000000,0.003,,,,,164000000,-0.731,592000000,-0.287,1033000000,,0.627,258.76,,,,,,39721000000,21883000000,0.551,5478.55,21883000000,,,,,80.00,,,,4315300,320866,3994509,false,false,12,2023-04-01,2024-03-31,0
2024-05-14,80300,2023-03-31,,98182000000,0.170,,,,,612000000,0.372,831000000,0.022,635000000,,-0.348,159.08,,,,,,35990000000,18227000000,0.506,4563.17,18227000000,,,,,70.00,,,,4315300,320760,3994592,false,false,12,2022-04-01,2023-03-31,-1
2024-05-14,80300,2025-03-31,,,,,,,,,,,,,,,,,,,,,,,,,,,,,,90.00,,,,,,,false,true,12,2024-04-01,2025-03-31,1
2024-07-30,80300,2025-03-31,1,36563000000,0.123,,,,,1123000000,0.799,1320000000,0.714,,791000000,,198.16,,,,,,78495000000,31570000000,0.381,,29914000000,,,,,,,,,,,,true,false,3,2024-04-01,2024-06-30,0
2024-07-30,80300,2024-03-31,1,32561000000,-0.003,,,,,624000000,-0.118,770000000,-0.166,,471000000,,118.09,,,,,,,,,,,,,,,,,,,,,,true,false,3,2023-04-01,2023-06-30,-1
2024-07-30,80300,2025-03-31,1,136700000000,-0.006,,,,,2500000000,0.014,2800000000,0.087,,2000000000,,500.69,,,,,,,,,,,,,,,,,,,,,,true,true,12,2024-04-01,2025-03-31,0
2024-07-30,80300,2024-03-31,1,,,,,,,,,,,,,,,,,,,,78415000000,30999000000,0.374,,29326000000,,,,,,,,,,,,true,false,12,2023-04-01,2024-03-31,-1
2024-07-30,80300,2024-03-31,1,,,,,,,,,,,,,,,,,,,,,,,,,,,,,80.00,,,,4315300,320866,,false,false,12,2023-04-01,2024-03-31,-1
2024-07-30,80300,2025-03-31,1,,,,,,,,,,,,,,,,,,,,,,,,,,,,,90.00,,,,,,,false,true,12,2024-04-01,2025-03-31,0
2024-07-30,80300,2025-03-31,1,,,,,,,,,,,,,,,,,,,,,,,,,,,,,,,,,4315300,320866,3994434,false,false,3,2024-04-01,2024-06-30,0
2024-07-30,80300,2024-03-31,1,,,,,,,,,,,,,,,,,,,,,,,,,,,,,,,,,,,3994540,false,false,3,2023-04-01,2023-06-30,-1
2024-10-31,80300,2025-03-31,2,73012000000,0.135,,,,,2079000000,0.746,2246000000,0.696,,1438000000,,360.01,,,,,,78698000000,31812000000,0.383,,30114000000,,,,,,,,,,,,true,false,6,2024-04-01,2024-09-30,0
2024-10-31,80300,2024-03-31,2,64313000000,-0.016,,,,,1191000000,-0.058,1324000000,-0.046,,1161000000,,290.71,,,,,,,,,,,,,,,,,,,,,,true,false,6,2023-04-01,2023-09-30,-1
2024-10-31,80300,2025-03-31,2,136700000000,-0.006,,,,,2500000000,0.014,2800000000,0.087,,2000000000,,500.69,,,,,,,,,,,,,,,,,,,,,,true,true,12,2024-04-01,2025-03-31,0
2024-10-31,80300,2024-03-31,2,,,,,,,,,,,,,,,,,,,,78415000000,30999000000,0.374,,29326000000,,,,,,,,,,,,true,false,12,2023-04-01,2024-03-31,-1
2024-10-31,80300,2024-03-31,2,,,,,,,,,,,,,,,,,,,,,,,,,,,,,80.00,,,,4315300,320866,,false,false,12,2023-04-01,2024-03-31,-1
2024-10-31,80300,2025-03-31,2,,,,,,,,,,,,,,,,,,,,,,,,,,,,,90.00,,,,,,,false,true,12,2024-04-01,2025-03-31,0
2024-10-31,80300,2025-03-31,2,,,,,,,,,,,,,,,,,,,,,,,,,,,,,,,,,4315300,320866,3994434,false,false,6,2024-04-01,2024-09-30,0
2024-10-31,80300,2024-03-31,2,,,,,,,,,,,,,,,,,,,,,,,,,,,,,,,,,,,3994540,false,false,6,2023-04-01,2023-09-30,-1
2025-01-31,80300,2025-03-31,3,117135000000,0.097,,,,,3176000000,0.527,3495000000,0.529,,2589000000,,648.22,,,,,,86944000000,33571000000,0.366,,31826000000,,,,,,,,,,,,true,false,9,2024-04-01,2024-12-31,0
2025-01-31,80300,2024-03-31,3,106776000000,-0.009,,,,,2079000000,0.016,2286000000,0.026,,1758000000,,440.11,,,,,,,,,,,,,,,,,,,,,,true,false,9,2023-04-01,2023-12-31,-1
2025-01-31,80300,2025-03-31,3,147000000000,0.068,,,,,3300000000,0.339,3500000000,0.359,,2650000000,,663.42,,,,,,,,,,,,,,,,,,,,,,true,true,12,2024-04-01,2025-03-31,0
2025-01-31,80300,2024-03-31,3,,,,,,,,,,,,,,,,,,,,78415000000,30999000000,0.374,,29326000000,,,,,,,,,,,,true,false,12,2023-04-01,2024-03-31,-1
2025-01-31,80300,2024-03-31,3,,,,,,,,,,,,,,,,,,,,,,,,,,,,,80.00,,,,4315300,320866,,false,false,12,2023-04-01,2024-03-31,-1
2025-01-31,80300,2025-03-31,3,,,,,,,,,,,,,,,,,,,,,,,,,,,,,110.00,,,,,,,false,true,12,2024-04-01,2025-03-31,0
2025-01-31,80300,2025-03-31,3,,,,,,,,,,,,,,,,,,,,,,,,,,,,,,,,,4315300,320866,3994434,false,false,9,2024-04-01,2024-12-31,0
2025-01-31,80300,2024-03-31,3,,,,,,,,,,,,,,,,,,,,,,,,,,,,,,,,,,,3994534,false,false,9,2023-04-01,2023-12-31,-1
2025-05-15,80300,2025-03-31,,149902000000,0.090,,,,,3229000000,0.310,3508000000,0.362,,2901000000,,726.41,,0.095,0.046,0.022,,74760000000,33811000000,0.429,8020.47,32037000000,3919000000,397000000,-5894000000,5519000000,,0.165,,,,,,true,false,12,2024-04-01,2025-03-31,0
2025-05-15,80300,2024-03-31,,137588000000,0.001,,,,,2465000000,0.224,2576000000,0.211,,2134000000,,534.42,,0.079,0.034,0.018,,78415000000,30999000000,0.374,7341.69,29326000000,3593000000,-637000000,-4209000000,7096000000,,0.150,,,,,,true,false,12,2023-04-01,2024-03-31,-1
2025-05-15,80300,2026-03-31,,150000000000,0.001,,,,,3300000000,0.022,3600000000,0.026,,2500000000,,625.87,,,,,,,,,,,,,,,,,,,,,,true,true,12,2025-04-01,2026-03-31,1
2025-05-15,80300,2025-03-31,,102983000000,0.045,,,,,547000000,2.321,1385000000,1.337,1769000000,,0.712,442.91,,,,,,41546000000,23562000000,0.567,5899.04,23562000000,,,,,120.00,,,,4315300,321046,3994400,false,false,12,2024-04-01,2025-03-31,0
2025-05-15,80300,2024-03-31,,98512000000,0.003,,,,,164000000,-0.731,592000000,-0.287,1033000000,,0.627,258.76,,,,,,39721000000,21883000000,0.551,5478.55,21883000000,,,,,80.00,,,,4315300,320866,3994509,false,false,12,2023-04-01,2024-03-31,-1
2025-05-15,80300,2026-03-31,,,,,,,,,,,,,,,,,,,,,,,,,,,,,,120.00,,,,,,,false,true,12,2025-04-01,2026-03-31,1
