filing_date,code,fiscal_year_end,quarterly_period,net_sales,net_sales_change,revenue,revenue_change,operating_revenue,operating_revenue_change,operating_profit,operating_profit_change,ordinary_profit,ordinary_profit_change,net_income,net_income_of_parent,net_income_change,eps,diluted_eps,roe,roa,operating_profit_to_net_sales,operating_profit_to_revenue,total_assets,net_assets,equity_ratio,bps,owner_equity,operating_cash_flow,investing_cash_flow,financing_cash_flow,cash,dividend_per_share,payout_ratio,commemorative_dividend,extra_dividend,number_of_shares,number_of_treqsury_shares,avg_number_of_shares,is_consolidated,is_forecast,duration,period_start,period_end,period_pos
2015-05-14,80460,2015-03-31,,32014000000,0.103,,,,,1115000000,0.085,1393000000,0.155,863000000,,0.310,23.72,,0.036,0.032,0.035,,44365000000,24616000000,0.555,676.12,24616000000,-452000000,-433000000,738000000,1503000000,,0.337,,,,,,true,false,12,2014-04-01,2015-03-31,0
2015-05-14,80460,2014-03-31,,29018000000,0.078,,,,,1028000000,0.464,1206000000,0.470,659000000,,0.356,18.11,,0.028,0.029,0.035,,42087000000,23796000000,0.565,653.44,23796000000,-1287000000,-261000000,170000000,1651000000,,0.442,,,,,,true,false,12,2013-04-01,2014-03-31,-1
2015-05-14,80460,2016-03-31,,15200000000,0.000,,,,,260000000,-0.441,330000000,-0.528,,190000000,,5.22,,,,,,,,,,,,,,,,,,,,,,true,true,6,2015-04-01,2015-09-30,1
2015-05-14,80460,2016-03-31,,33700000000,0.053,,,,,1260000000,0.129,1400000000,0.005,,880000000,,24.17,,,,,,,,,,,,,,,,0.331,,,,,,true,true,12,2015-04-01,2016-03-31,1
2015-05-14,80460,2014-03-31,,,,,,,,,,,,,,,,,,,,,,,,,,,,,,8.00,,,,40000000,3583108,36421029,false,false,12,2013-04-01,2014-03-31,-1
2015-05-14,80460,2015-03-31,,,,,,,,,,,,,,,,,,,,,,,,,,,,,,8.00,,,,40000000,3591412,36413119,false,false,12,2014-04-01,2015-03-31,0
2015-05-14,80460,2016-03-31,,,,,,,,,,,,,,,,,,,,,,,,,,,,,,8.00,,,,,,,false,true,12,2015-04-01,2016-03-31,1
2015-07-31,80460,2016-03-31,1,6674000000,-0.103,,,,,-173000000,,82000000,-0.675,,44000000,,1.22,,,,,,42422000000,24427000000,0.576,670.95,24427000000,,,,,,,,,,,,true,false,3,2015-04-01,2015-06-30,0
2015-07-31,80460,2015-03-31,1,7440000000,0.096,,,,,93000000,-0.295,252000000,0.181,,155000000,,4.27,,,,,,,,,,,,,,,,,,,,,,true,false,3,2014-04-01,2014-06-30,-1
2015-07-31,80460,2016-03-31,1,15200000000,0.000,,,,,260000000,-0.441,330000000,-0.528,,190000000,,5.22,,,,,,,,,,,,,,,,,,,,,,true,true,6,2015-04-01,2015-09-30,0
2015-07-31,80460,2016-03-31,1,33700000000,0.053,,,,,1260000000,0.129,1400000000,0.005,,880000000,,24.17,,,,,,,,,,,,,,,,,,,,,,true,true,12,2015-04-01,2016-03-31,0
2015-07-31,80460,2015-03-31,1,,,,,,,,,,,,,,,,,,,,44365000000,24616000000,0.555,676.12,24616000000,,,,,,,,,,,,true,false,12,2014-04-01,2015-03-31,-1
2015-07-31,80460,2015-03-31,1,,,,,,,,,,,,,,,,,,,,,,,,,,,,,8.00,,,,40000000,3591412,,false,false,12,2014-04-01,2015-03-31,-1
2015-07-31,80460,2016-03-31,1,,,,,,,,,,,,,,,,,,,,,,,,,,,,,8.00,,,,,,,false,true,12,2015-04-01,2016-03-31,0
2015-07-31,80460,2016-03-31,1,,,,,,,,,,,,,,,,,,,,,,,,,,,,,,,,,40000000,3592766,36407362,false,false,3,2015-04-01,2015-06-30,0
2015-07-31,80460,2015-03-31,1,,,,,,,,,,,,,,,,,,,,,,,,,,,,,,,,,,,36416387,false,false,3,2014-04-01,2014-06-30,-1
2015-10-21,80460,2016-03-31,,14300000000,-0.059,,,,,90000000,-0.654,420000000,0.273,,260000000,,7.14,,,,,,,,,,,,,,,,,,,,,,true,true,6,2015-04-01,2015-09-30,0
2015-10-21,80460,2015-03-31,,15192000000,,,,,,465000000,,698000000,,,432000000,,11.88,,,,,,,,,,,,,,,,,,,,,,true,false,6,2014-04-01,2014-09-30,-1
2015-10-30,80460,2016-03-31,2,14343000000,-0.056,,,,,85000000,-0.816,419000000,-0.399,,260000000,,7.16,,,,,,41828000000,24669000000,0.590,677.62,24669000000,,,,,,,,,,,,true,false,6,2015-04-01,2015-09-30,0
2015-10-30,80460,2015-03-31,2,15192000000,0.129,,,,,465000000,0.608,698000000,0.465,,432000000,,11.88,,,,,,,,,,,,,,,,,,,,,,true,false,6,2014-04-01,2014-09-30,-1
2015-10-30,80460,2016-03-31,2,33700000000,0.053,,,,,1260000000,0.129,1400000000,0.005,,880000000,,24.17,,,,,,,,,,,,,,,,,,,,,,true,true,12,2015-04-01,2016-03-31,0
2015-10-30,80460,2015-03-31,2,,,,,,,,,,,,,,,,,,,,44365000000,24616000000,0.555,676.12,24616000000,,,,,,,,,,,,true,false,12,2014-04-01,2015-03-31,-1
2015-10-30,80460,2015-03-31,2,,,,,,,,,,,,,,,,,,,,,,,,,,,,,8.00,,,,40000000,3591412,,false,false,12,2014-04-01,2015-03-31,-1
2015-10-30,80460,2016-03-31,2,,,,,,,,,,,,,,,,,,,,,,,,,,,,,0.00,,,,,,,false,false,12,2015-04-01,2016-03-31,0
2015-10-30,80460,2016-03-31,2,,,,,,,,,,,,,,,,,,,,,,,,,,,,,8.00,,,,,,,false,true,12,2015-04-01,2016-03-31,0
2015-10-30,80460,2016-03-31,2,,,,,,,,,,,,,,,,,,,,,,,,,,,,,,,,,40000000,3594231,36406884,false,false,6,2015-04-01,2015-09-30,0
2015-10-30,80460,2015-03-31,2,,,,,,,,,,,,,,,,,,,,,,,,,,,,,,,,,,,36415681,false,false,6,2014-04-01,2014-09-30,-1
2016-01-29,80460,2016-03-31,3,22401000000,-0.070,,,,,319000000,-0.646,686000000,-0.388,,445000000,,12.25,,,,,,43454000000,24891000000,0.573,683.78,24891000000,,,,,,,,,,,,true,false,9,2015-04-01,2015-12-31,0
2016-01-29,80460,2015-03-31,3,24096000000,0.130,,,,,902000000,0.513,1121000000,0.407,,692000000,,19.01,,,,,,,,,,,,,,,,,,,,,,true,false,9,2014-04-01,2014-12-31,-1
2016-01-29,80460,2016-03-31,3,33700000000,0.053,,,,,1260000000,0.129,1400000000,0.005,,880000000,,24.17,,,,,,,,,,,,,,,,,,,,,,true,true,12,2015-04-01,2016-03-31,0
2016-01-29,80460,2015-03-31,3,,,,,,,,,,,,,,,,,,,,44365000000,24616000000,0.555,676.12,24616000000,,,,,,,,,,,,true,false,12,2014-04-01,2015-03-31,-1
2016-01-29,80460,2015-03-31,3,,,,,,,,,,,,,,,,,,,,,,,,,,,,,8.00,,,,40000000,3591412,,false,false,12,2014-04-01,2015-03-31,-1
2016-01-29,80460,2016-03-31,3,,,,,,,,,,,,,,,,,,,,,,,,,,,,,0.00,,,,,,,false,false,12,2015-04-01,2016-03-31,0
2016-01-29,80460,2016-03-31,3,,,,,,,,,,,,,,,,,,,,,,,,,,,,,8.00,,,,,,,false,true,12,2015-04-01,2016-03-31,0
2016-01-29,80460,2016-03-31,3,,,,,,,,,,,,,,,,,,,,,,,,,,,,,,,,,40000000,3596943,36406080,false,false,9,2015-04-01,2015-12-31,0
2016-01-29,80460,2015-03-31,3,,,,,,,,,,,,,,,,,,,,,,,,,,,,,,,,,,,36414599,false,false,9,2014-04-01,2014-12-31,-1
2016-04-20,80460,2016-03-31,,30400000000,-0.098,,,,,720000000,-0.429,1140000000,-0.186,,730000000,,20.05,,,,,,,,,,,,,,,,,,,,,,true,true,12,2015-04-01,2016-03-31,0
2016-04-20,80460,2015-03-31,,32014000000,,,,,,1115000000,,1393000000,,,863000000,,23.72,,,,,,,,,,,,,,,,,,,,,,true,false,12,2014-04-01,2015-03-31,-1
2016-05-13,80460,2016-03-31,,30392000000,-0.051,,,,,720000000,-0.355,1140000000,-0.181,,732000000,,20.11,,0.030,0.026,0.024,,42917000000,24924000000,0.581,684.73,24924000000,718000000,-1231000000,121000000,1111000000,,0.448,,,,,,true,false,12,2015-04-01,2016-03-31,0
2016-05-13,80460,2015-03-31,,32014000000,0.103,,,,,1115000000,0.085,1393000000,0.155,,863000000,,23.72,,0.036,0.032,0.035,,44365000000,24616000000,0.555,676.12,24616000000,-452000000,-433000000,738000000,1503000000,,0.337,,,,,,true,false,12,2014-04-01,2015-03-31,-1
2016-05-13,80460,2017-03-31,,15300000000,0.067,,,,,240000000,1.798,310000000,-0.261,,190000000,,5.22,,,,,,,,,,,,,,,,,,,,,,true,true,6,2016-04-01,2016-09-30,1
2016-05-13,80460,2017-03-31,,32400000000,0.066,,,,,990000000,0.374,1160000000,0.017,,760000000,,20.88,,,,,,,,,,,,,,,,0.383,,,,,,true,true,12,2016-04-01,2017-03-31,1
2016-05-13,80460,2015-03-31,,,,,,,,,,,,,,,,,,,,,,,,,,,,,,8.00,,,,40000000,3591412,36413119,false,false,12,2014-04-01,2015-03-31,-1
2016-05-13,80460,2016-03-31,,,,,,,,,,,,,,,,,,,,,,,,,,,,,,9.00,,1.00,,40000000,3599469,36404876,false,false,12,2015-04-01,2016-03-31,0
2016-05-13,80460,2017-03-31,,,,,,,,,,,,,,,,,,,,,,,,,,,,,,8.00,,,,,,,false,true,12,2016-04-01,2017-03-31,1
2016-07-29,80460,2017-03-31,1,7633000000,0.144,,,,,158000000,,227000000,1.769,,147000000,,4.05,,,,,,41546000000,24700000000,0.595,678.56,24700000000,,,,,,,,,,,,true,false,3,2016-04-01,2016-06-30,0
2016-07-29,80460,2016-03-31,1,6674000000,-0.103,,,,,-173000000,,82000000,-0.675,,44000000,,1.22,,,,,,,,,,,,,,,,,,,,,,true,false,3,2015-04-01,2015-06-30,-1
2016-07-29,80460,2017-03-31,1,15300000000,0.067,,,,,240000000,1.798,310000000,-0.261,,190000000,,5.22,,,,,,,,,,,,,,,,,,,,,,true,true,6,2016-04-01,2016-09-30,0
2016-07-29,80460,2017-03-31,1,32400000000,0.066,,,,,990000000,0.374,1160000000,0.017,,760000000,,20.88,,,,,,,,,,,,,,,,,,,,,,true,true,12,2016-04-01,2017-03-31,0
2016-07-29,80460,2016-03-31,1,,,,,,,,,,,,,,,,,,,,42917000000,24924000000,0.581,684.73,24924000000,,,,,,,,,,,,true,false,12,2015-04-01,2016-03-31,-1
2016-07-29,80460,2016-03-31,1,,,,,,,,,,,,,,,,,,,,,,,,,,,,,9.00,,,,40000000,3599469,,false,false,12,2015-04-01,2016-03-31,-1
2016-07-29,80460,2017-03-31,1,,,,,,,,,,,,,,,,,,,,,,,,,,,,,8.00,,,,,,,false,true,12,2016-04-01,2017-03-31,0
2016-07-29,80460,2017-03-31,1,,,,,,,,,,,,,,,,,,,,,,,,,,,,,,,,,40000000,3599469,36400531,false,false,3,2016-04-01,2016-06-30,0
2016-07-29,80460,2016-03-31,1,,,,,,,,,,,,,,,,,,,,,,,,,,,,,,,,,,,36407362,false,false,3,2015-04-01,2015-06-30,-1
2016-10-31,80460,2017-03-31,2,15264000000,0.064,,,,,213000000,1.494,354000000,-0.155,,229000000,,6.31,,,,,,42114000000,24846000000,0.590,682.60,24846000000,,,,,,,,,,,,true,false,6,2016-04-01,2016-09-30,0
2016-10-31,80460,2016-03-31,2,14343000000,-0.056,,,,,85000000,-0.816,419000000,-0.399,,260000000,,7.16,,,,,,,,,,,,,,,,,,,,,,true,false,6,2015-04-01,2015-09-30,-1
2016-10-31,80460,2017-03-31,2,32400000000,0.066,,,,,990000000,0.374,1160000000,0.017,,760000000,,20.88,,,,,,,,,,,,,,,,,,,,,,true,true,12,2016-04-01,2017-03-31,0
2016-10-31,80460,2016-03-31,2,,,,,,,,,,,,,,,,,,,,42917000000,24924000000,0.581,684.73,24924000000,,,,,,,,,,,,true,false,12,2015-04-01,2016-03-31,-1
2016-10-31,80460,2016-03-31,2,,,,,,,,,,,,,,,,,,,,,,,,,,,,,9.00,,,,40000000,3599469,,false,false,12,2015-04-01,2016-03-31,-1
2016-10-31,80460,2017-03-31,2,,,,,,,,,,,,,,,,,,,,,,,,,,,,,0.00,,,,,,,false,false,12,2016-04-01,2017-03-31,0
2016-10-31,80460,2017-03-31,2,,,,,,,,,,,,,,,,,,,,,,,,,,,,,8.00,,,,,,,false,true,12,2016-04-01,2017-03-31,0
2016-10-31,80460,2017-03-31,2,,,,,,,,,,,,,,,,,,,,,,,,,,,,,,,,,40000000,3599569,36400498,false,false,6,2016-04-01,2016-09-30,0
2016-10-31,80460,2016-03-31,2,,,,,,,,,,,,,,,,,,,,,,,,,,,,,,,,,,,36406884,false,false,6,2015-04-01,2015-09-30,-1
2017-01-31,80460,2017-03-31,3,23847000000,0.065,,,,,541000000,0.693,715000000,0.042,,468000000,,12.86,,,,,,44424000000,25198000000,0.567,692.28,25198000000,,,,,,,,,,,,true,false,9,2016-04-01,2016-12-31,0
2017-01-31,80460,2016-03-31,3,22401000000,-0.070,,,,,319000000,-0.646,686000000,-0.388,,445000000,,12.25,,,,,,,,,,,,,,,,,,,,,,true,false,9,2015-04-01,2015-12-31,-1
2017-01-31,80460,2017-03-31,3,32400000000,0.066,,,,,990000000,0.374,1160000000,0.017,,760000000,,20.88,,,,,,,,,,,,,,,,,,,,,,true,true,12,2016-04-01,2017-03-31,0
2017-01-31,80460,2016-03-31,3,,,,,,,,,,,,,,,,,,,,42917000000,24924000000,0.581,684.73,24924000000,,,,,,,,,,,,true,false,12,2015-04-01,2016-03-31,-1
2017-01-31,80460,2016-03-31,3,,,,,,,,,,,,,,,,,,,,,,,,,,,,,9.00,,,,40000000,3599469,,false,false,12,2015-04-01,2016-03-31,-1
2017-01-31,80460,2017-03-31,3,,,,,,,,,,,,,,,,,,,,,,,,,,,,,8.00,,,,,,,false,true,12,2016-04-01,2017-03-31,0
2017-01-31,80460,2017-03-31,3,,,,,,,,,,,,,,,,,,,,,,,,,,,,,,,,,40000000,3600123,36400414,false,false,9,2016-04-01,2016-12-31,0
2017-01-31,80460,2016-03-31,3,,,,,,,,,,,,,,,,,,,,,,,,,,,,,,,,,,,36406080,false,false,9,2015-04-01,2015-12-31,-1
2017-05-12,80460,2017-03-31,,33157000000,0.091,,,,,1055000000,0.466,1293000000,0.134,,859000000,,23.63,,0.034,0.029,0.032,,45116000000,25675000000,0.569,705.39,25675000000,2338000000,-93000000,-1623000000,1733000000,,0.339,,,,,,true,false,12,2016-04-01,2017-03-31,0
2017-05-12,80460,2016-03-31,,30392000000,-0.051,,,,,720000000,-0.355,1140000000,-0.181,,732000000,,20.11,,0.030,0.026,0.024,,42917000000,24924000000,0.581,684.73,24924000000,718000000,-1231000000,121000000,1111000000,,0.448,,,,,,true,false,12,2015-04-01,2016-03-31,-1
2017-05-12,80460,2018-03-31,,15270000000,0.000,,,,,290000000,0.356,370000000,0.044,,240000000,,6.59,,,,,,,,,,,,,,,,,,,,,,true,true,6,2017-04-01,2017-09-30,1
2017-05-12,80460,2018-03-31,,33280000000,0.004,,,,,1160000000,0.099,1310000000,0.013,,870000000,,23.90,,,,,,,,,,,,,,,,0.335,,,,,,true,true,12,2017-04-01,2018-03-31,1
2017-05-12,80460,2016-03-31,,,,,,,,,,,,,,,,,,,,,,,,,,,,,,9.00,,,,40000000,3599469,36404876,false,false,12,2015-04-01,2016-03-31,-1
2017-05-12,80460,2017-03-31,,,,,,,,,,,,,,,,,,,,,,,,,,,,,,8.00,,,,40000000,3601030,36400154,false,false,12,2016-04-01,2017-03-31,0
2017-05-12,80460,2018-03-31,,,,,,,,,,,,,,,,,,,,,,,,,,,,,,8.00,,,,,,,false,true,12,2017-04-01,2018-03-31,1
,80460,2018-03-31,,,,,,,,,,,,,,,,,,,,,,,,,,,,,,80.00,,,,,,,false,true,12,2017-04-01,2018-03-31,0
,80460,2017-03-31,,,,,,,,,,,,,,,,,,,,,,,,,,,,,,8.00,,,,,,,false,false,12,2016-04-01,2017-03-31,-1
2017-07-31,80460,2018-03-31,1,8377000000,0.098,,,,,479000000,2.016,528000000,1.324,,357000000,,9.82,,,,,,42849000000,25792000000,0.602,708.61,25792000000,,,,,,,,,,,,true,false,3,2017-04-01,2017-06-30,0
2017-07-31,80460,2017-03-31,1,7633000000,0.144,,,,,158000000,,227000000,1.769,,147000000,,4.05,,,,,,,,,,,,,,,,,,,,,,true,false,3,2016-04-01,2016-06-30,-1
2017-07-31,80460,2018-03-31,1,15270000000,0.000,,,,,290000000,0.356,370000000,0.044,,240000000,,6.59,,,,,,,,,,,,,,,,,,,,,,true,true,6,2017-04-01,2017-09-30,0
2017-07-31,80460,2018-03-31,1,33280000000,0.004,,,,,1160000000,0.099,1310000000,0.013,,870000000,,239.01,,,,,,,,,,,,,,,,,,,,,,true,true,12,2017-04-01,2018-03-31,0
2017-07-31,80460,2017-03-31,1,,,,,,,,,,,,,,,,,,,,45116000000,25675000000,0.569,705.39,25675000000,,,,,,,,,,,,true,false,12,2016-04-01,2017-03-31,-1
2017-07-31,80460,2017-03-31,1,,,,,,,,,,,,,,,,,,,,,,,,,,,,,8.00,,,,40000000,3601030,,false,false,12,2016-04-01,2017-03-31,-1
2017-07-31,80460,2018-03-31,1,,,,,,,,,,,,,,,,,,,,,,,,,,,,,80.00,,,,,,,false,true,12,2017-04-01,2018-03-31,0
2017-07-31,80460,2018-03-31,1,,,,,,,,,,,,,,,,,,,,,,,,,,,,,,,,,40000000,3601030,36398970,false,false,3,2017-04-01,2017-06-30,0
2017-07-31,80460,2017-03-31,1,,,,,,,,,,,,,,,,,,,,,,,,,,,,,,,,,,,36400531,false,false,3,2016-04-01,2016-06-30,-1
2017-10-18,80460,2018-03-31,,15840000000,0.037,,,,,640000000,1.207,730000000,0.973,,490000000,,135.36,,,,,,,,,,,,,,,,,,,,,,true,true,6,2017-04-01,2017-09-30,0
2017-10-18,80460,2017-03-31,,15264000000,,,,,,213000000,,354000000,,,229000000,,63.10,,,,,,,,,,,,,,,,,,,,,,true,false,6,2016-04-01,2016-09-30,-1
2017-10-31,80460,2018-03-31,2,15845000000,0.038,,,,,657000000,2.073,748000000,1.113,,500000000,,138.28,,,,,,43470000000,25840000000,0.594,,25840000000,,,,,,,,,,,,true,false,6,2017-04-01,2017-09-30,0
2017-10-31,80460,2017-03-31,2,15264000000,0.064,,,,,213000000,1.494,354000000,-0.155,,229000000,,63.10,,,,,,,,,,,,,,,,,,,,,,true,false,6,2016-04-01,2016-09-30,-1
2017-10-31,80460,2018-03-31,2,33280000000,0.004,,,,,1160000000,0.099,1310000000,0.013,,870000000,,239.01,,,,,,,,,,,,,,,,,,,,,,true,true,12,2017-04-01,2018-03-31,0
2017-10-31,80460,2017-03-31,2,,,,,,,,,,,,,,,,,,,,45116000000,25675000000,0.569,,25675000000,,,,,,,,,,,,true,false,12,2016-04-01,2017-03-31,-1
2017-10-31,80460,2017-03-31,2,,,,,,,,,,,,,,,,,,,,,,,,,,,,,8.00,,,,4000000,360103,,false,false,12,2016-04-01,2017-03-31,-1
2017-10-31,80460,2018-03-31,2,,,,,,,,,,,,,,,,,,,,,,,,,,,,,0.00,,,,,,,false,false,12,2017-04-01,2018-03-31,0
2017-10-31,80460,2018-03-31,2,,,,,,,,,,,,,,,,,,,,,,,,,,,,,80.00,,,,,,,false,true,12,2017-04-01,2018-03-31,0
2017-10-31,80460,2018-03-31,2,,,,,,,,,,,,,,,,,,,,,,,,,,,,,,,,,4000000,419865,3619973,false,false,6,2017-04-01,2017-09-30,0
2017-10-31,80460,2017-03-31,2,,,,,,,,,,,,,,,,,,,,,,,,,,,,,,,,,,,3640049,false,false,6,2016-04-01,2016-09-30,-1
2018-01-31,80460,2018-03-31,3,24261000000,0.017,,,,,942000000,0.741,1058000000,0.480,,714000000,,198.11,,,,,,45029000000,26121000000,0.580,,26121000000,,,,,,,,,,,,true,false,9,2017-04-01,2017-12-31,0
2018-01-31,80460,2017-03-31,3,23847000000,0.065,,,,,541000000,0.693,715000000,0.042,,468000000,,128.63,,,,,,,,,,,,,,,,,,,,,,true,false,9,2016-04-01,2016-12-31,-1
2018-01-31,80460,2018-03-31,3,33280000000,0.004,,,,,1160000000,0.099,1310000000,0.013,,870000000,,239.01,,,,,,,,,,,,,,,,,,,,,,true,true,12,2017-04-01,2018-03-31,0
2018-01-31,80460,2017-03-31,3,,,,,,,,,,,,,,,,,,,,45116000000,25675000000,0.569,,25675000000,,,,,,,,,,,,true,false,12,2016-04-01,2017-03-31,-1
2018-01-31,80460,2017-03-31,3,,,,,,,,,,,,,,,,,,,,,,,,,,,,,8.00,,,,4000000,360103,,false,false,12,2016-04-01,2017-03-31,-1
2018-01-31,80460,2018-03-31,3,,,,,,,,,,,,,,,,,,,,,,,,,,,,,80.00,,,,,,,false,true,12,2017-04-01,2018-03-31,0
2018-01-31,80460,2018-03-31,3,,,,,,,,,,,,,,,,,,,,,,,,,,,,,,,,,4000000,420062,3606658,false,false,9,2017-04-01,2017-12-31,0
2018-01-31,80460,2017-03-31,3,,,,,,,,,,,,,,,,,,,,,,,,,,,,,,,,,,,3640041,false,false,9,2016-04-01,2016-12-31,-1
2018-05-14,80460,2018-03-31,,32950000000,-0.006,,,,,1174000000,0.112,1339000000,0.036,,888000000,,246.75,,0.034,0.030,0.036,,45665000000,26272000000,0.575,7338.91,26272000000,3001000000,-482000000,-1633000000,2619000000,,0.365,,,,,,true,false,12,2017-04-01,2018-03-31,0
2018-05-14,80460,2017-03-31,,33157000000,0.091,,,,,1055000000,0.466,1293000000,0.134,,859000000,,236.25,,0.034,0.029,0.032,,45116000000,25675000000,0.569,7053.90,25675000000,2338000000,-93000000,-1623000000,1733000000,,0.339,,,,,,true,false,12,2016-04-01,2017-03-31,-1
2018-05-14,80460,2019-03-31,,34100000000,0.035,,,,,1200000000,0.022,1390000000,0.038,,920000000,,255.56,,,,,,,,,,,,,,,,0.313,,,,,,true,true,12,2018-04-01,2019-03-31,1
2018-05-14,80460,2017-03-31,,,,,,,,,,,,,,,,,,,,,,,,,,,,,,8.00,,,,4000000,360103,3640015,false,false,12,2016-04-01,2017-03-31,-1
2018-05-14,80460,2018-03-31,,,,,,,,,,,,,,,,,,,,,,,,,,,,,,90.00,,10.00,,4000000,420154,3599962,false,false,12,2017-04-01,2018-03-31,0
2018-05-14,80460,2019-03-31,,,,,,,,,,,,,,,,,,,,,,,,,,,,,,80.00,,,,,,,false,true,12,2018-04-01,2019-03-31,1
2018-07-31,80460,2019-03-31,1,8760000000,0.046,,,,,260000000,-0.456,314000000,-0.405,,205000000,,57.43,,,,,,44568000000,26163000000,0.587,,26163000000,,,,,,,,,,,,true,false,3,2018-04-01,2018-06-30,0
2018-07-31,80460,2018-03-31,1,8377000000,0.098,,,,,479000000,2.016,528000000,1.324,,357000000,,98.23,,,,,,,,,,,,,,,,,,,,,,true,false,3,2017-04-01,2017-06-30,-1
2018-07-31,80460,2019-03-31,1,34100000000,0.035,,,,,1200000000,0.022,1390000000,0.038,,920000000,,255.56,,,,,,,,,,,,,,,,,,,,,,true,true,12,2018-04-01,2019-03-31,0
2018-07-31,80460,2018-03-31,1,,,,,,,,,,,,,,,,,,,,45479000000,26272000000,0.578,,26272000000,,,,,,,,,,,,true,false,12,2017-04-01,2018-03-31,-1
2018-07-31,80460,2018-03-31,1,,,,,,,,,,,,,,,,,,,,,,,,,,,,,90.00,,,,4000000,420154,,false,false,12,2017-04-01,2018-03-31,-1
2018-07-31,80460,2019-03-31,1,,,,,,,,,,,,,,,,,,,,,,,,,,,,,80.00,,,,,,,false,true,12,2018-04-01,2019-03-31,0
2018-07-31,80460,2019-03-31,1,,,,,,,,,,,,,,,,,,,,,,,,,,,,,,,,,4000000,420154,3579846,false,false,3,2018-04-01,2018-06-30,0
2018-07-31,80460,2018-03-31,1,,,,,,,,,,,,,,,,,,,,,,,,,,,,,,,,,,,3639897,false,false,3,2017-04-01,2017-06-30,-1
2018-10-31,80460,2019-03-31,2,17218000000,0.087,,,,,578000000,-0.120,699000000,-0.066,,458000000,,128.18,,,,,,43912000000,26407000000,0.601,,26407000000,,,,,,,,,,,,true,false,6,2018-04-01,2018-09-30,0
2018-10-31,80460,2018-03-31,2,15845000000,0.038,,,,,657000000,2.073,748000000,1.113,,500000000,,138.28,,,,,,,,,,,,,,,,,,,,,,true,false,6,2017-04-01,2017-09-30,-1
2018-10-31,80460,2019-03-31,2,34100000000,0.035,,,,,1200000000,0.022,1390000000,0.038,,920000000,,255.56,,,,,,,,,,,,,,,,,,,,,,true,true,12,2018-04-01,2019-03-31,0
2018-10-31,80460,2018-03-31,2,,,,,,,,,,,,,,,,,,,,45479000000,26272000000,0.578,,26272000000,,,,,,,,,,,,true,false,12,2017-04-01,2018-03-31,-1
2018-10-31,80460,2018-03-31,2,,,,,,,,,,,,,,,,,,,,,,,,,,,,,90.00,,,,4000000,420154,,false,false,12,2017-04-01,2018-03-31,-1
2018-10-31,80460,2019-03-31,2,,,,,,,,,,,,,,,,,,,,,,,,,,,,,0.00,,,,,,,false,false,12,2018-04-01,2019-03-31,0
2018-10-31,80460,2019-03-31,2,,,,,,,,,,,,,,,,,,,,,,,,,,,,,80.00,,,,,,,false,true,12,2018-04-01,2019-03-31,0
2018-10-31,80460,2019-03-31,2,,,,,,,,,,,,,,,,,,,,,,,,,,,,,,,,,4000000,420164,3579844,false,false,6,2018-04-01,2018-09-30,0
2018-10-31,80460,2018-03-31,2,,,,,,,,,,,,,,,,,,,,,,,,,,,,,,,,,,,3619973,false,false,6,2017-04-01,2017-09-30,-1
2019-01-31,80460,2019-03-31,3,26915000000,0.109,,,,,1162000000,0.233,1350000000,0.275,,900000000,,251.64,,,,,,45871000000,26702000000,0.582,,26702000000,,,,,,,,,,,,true,false,9,2018-04-01,2018-12-31,0
2019-01-31,80460,2018-03-31,3,24261000000,0.017,,,,,942000000,0.741,1058000000,0.480,,714000000,,198.11,,,,,,,,,,,,,,,,,,,,,,true,false,9,2017-04-01,2017-12-31,-1
2019-01-31,80460,2019-03-31,3,34100000000,0.035,,,,,1200000000,0.022,1390000000,0.038,,920000000,,255.56,,,,,,,,,,,,,,,,,,,,,,true,true,12,2018-04-01,2019-03-31,0
2019-01-31,80460,2018-03-31,3,,,,,,,,,,,,,,,,,,,,45479000000,26272000000,0.578,,26272000000,,,,,,,,,,,,true,false,12,2017-04-01,2018-03-31,-1
2019-01-31,80460,2018-03-31,3,,,,,,,,,,,,,,,,,,,,,,,,,,,,,90.00,,,,4000000,420154,,false,false,12,2017-04-01,2018-03-31,-1
2019-01-31,80460,2019-03-31,3,,,,,,,,,,,,,,,,,,,,,,,,,,,,,0.00,,,,,,,false,false,12,2018-04-01,2019-03-31,0
2019-01-31,80460,2019-03-31,3,,,,,,,,,,,,,,,,,,,,,,,,,,,,,80.00,,,,,,,false,true,12,2018-04-01,2019-03-31,0
2019-01-31,80460,2019-03-31,3,,,,,,,,,,,,,,,,,,,,,,,,,,,,,,,,,4000000,420164,3579842,false,false,9,2018-04-01,2018-12-31,0
2019-01-31,80460,2018-03-31,3,,,,,,,,,,,,,,,,,,,,,,,,,,,,,,,,,,,3606658,false,false,9,2017-04-01,2017-12-31,-1
2019-05-14,80460,2019-03-31,,35311000000,0.072,,,,,1298000000,0.106,1549000000,0.157,,992000000,,277.16,,0.037,0.034,0.037,,45423000000,26880000000,0.592,7508.98,26880000000,2009000000,-240000000,-641000000,3747000000,,0.325,,,,,,true,false,12,2018-04-01,2019-03-31,0
2019-05-14,80460,2018-03-31,,32950000000,-0.006,,,,,1174000000,0.112,1339000000,0.036,,888000000,,246.75,,0.034,0.030,0.036,,45479000000,26272000000,0.578,7338.91,26272000000,3001000000,-482000000,-1633000000,2619000000,,0.365,,,,,,true,false,12,2017-04-01,2018-03-31,-1
2019-05-14,80460,2020-03-31,,34300000000,-0.029,,,,,1170000000,-0.099,1430000000,-0.077,,970000000,,270.96,,,,,,,,,,,,,,,,0.295,,,,,,true,true,12,2019-04-01,2020-03-31,1
2019-05-14,80460,2018-03-31,,,,,,,,,,,,,,,,,,,,,,,,,,,,,,90.00,,,,4000000,420154,3599962,false,false,12,2017-04-01,2018-03-31,-1
2019-05-14,80460,2019-03-31,,,,,,,,,,,,,,,,,,,,,,,,,,,,,,90.00,,,,4000000,420174,3579838,false,false,12,2018-04-01,2019-03-31,0
2019-05-14,80460,2020-03-31,,,,,,,,,,,,,,,,,,,,,,,,,,,,,,80.00,,,,,,,false,true,12,2019-04-01,2020-03-31,1
2019-07-31,80460,2020-03-31,1,7782000000,-0.112,,,,,158000000,-0.394,237000000,-0.245,,154000000,,43.14,,,,,,42631000000,26668000000,0.626,,26668000000,,,,,,,,,,,,true,false,3,2019-04-01,2019-06-30,0
2019-07-31,80460,2019-03-31,1,8760000000,0.046,,,,,260000000,-0.456,314000000,-0.405,,205000000,,57.43,,,,,,,,,,,,,,,,,,,,,,true,false,3,2018-04-01,2018-06-30,-1
2019-07-31,80460,2020-03-31,1,34300000000,-0.029,,,,,1170000000,-0.099,1430000000,-0.077,,970000000,,270.96,,,,,,,,,,,,,,,,,,,,,,true,true,12,2019-04-01,2020-03-31,0
2019-07-31,80460,2019-03-31,1,,,,,,,,,,,,,,,,,,,,45423000000,26880000000,0.592,,26880000000,,,,,,,,,,,,true,false,12,2018-04-01,2019-03-31,-1
2019-07-31,80460,2019-03-31,1,,,,,,,,,,,,,,,,,,,,,,,,,,,,,90.00,,,,4000000,420174,,false,false,12,2018-04-01,2019-03-31,-1
2019-07-31,80460,2020-03-31,1,,,,,,,,,,,,,,,,,,,,,,,,,,,,,80.00,,,,,,,false,true,12,2019-04-01,2020-03-31,0
2019-07-31,80460,2020-03-31,1,,,,,,,,,,,,,,,,,,,,,,,,,,,,,,,,,4000000,420177,3579824,false,false,3,2019-04-01,2019-06-30,0
2019-07-31,80460,2019-03-31,1,,,,,,,,,,,,,,,,,,,,,,,,,,,,,,,,,,,3579846,false,false,3,2018-04-01,2018-06-30,-1
2019-10-31,80460,2020-03-31,2,16319000000,-0.052,,,,,580000000,0.004,718000000,0.028,,457000000,,127.77,,,,,,42711000000,26946000000,0.631,,26946000000,,,,,,,,,,,,true,false,6,2019-04-01,2019-09-30,0
2019-10-31,80460,2019-03-31,2,17218000000,0.087,,,,,578000000,-0.120,699000000,-0.066,,458000000,,128.18,,,,,,,,,,,,,,,,,,,,,,true,false,6,2018-04-01,2018-09-30,-1
2019-10-31,80460,2020-03-31,2,34300000000,-0.029,,,,,1170000000,-0.099,1430000000,-0.077,,970000000,,270.96,,,,,,,,,,,,,,,,,,,,,,true,true,12,2019-04-01,2020-03-31,0
2019-10-31,80460,2019-03-31,2,,,,,,,,,,,,,,,,,,,,45423000000,26880000000,0.592,,26880000000,,,,,,,,,,,,true,false,12,2018-04-01,2019-03-31,-1
2019-10-31,80460,2019-03-31,2,,,,,,,,,,,,,,,,,,,,,,,,,,,,,90.00,,,,4000000,420174,,false,false,12,2018-04-01,2019-03-31,-1
2019-10-31,80460,2020-03-31,2,,,,,,,,,,,,,,,,,,,,,,,,,,,,,0.00,,,,,,,false,false,12,2019-04-01,2020-03-31,0
2019-10-31,80460,2020-03-31,2,,,,,,,,,,,,,,,,,,,,,,,,,,,,,80.00,,,,,,,false,true,12,2019-04-01,2020-03-31,0
2019-10-31,80460,2020-03-31,2,,,,,,,,,,,,,,,,,,,,,,,,,,,,,,,,,4000000,420187,3579818,false,false,6,2019-04-01,2019-09-30,0
2019-10-31,80460,2019-03-31,2,,,,,,,,,,,,,,,,,,,,,,,,,,,,,,,,,,,3579844,false,false,6,2018-04-01,2018-09-30,-1
2020-01-31,80460,2020-03-31,3,25594000000,-0.049,,,,,1203000000,0.035,1389000000,0.029,,939000000,,262.49,,,,,,44882000000,27503000000,0.613,,27503000000,,,,,,,,,,,,true,false,9,2019-04-01,2019-12-31,0
2020-01-31,80460,2019-03-31,3,26915000000,0.109,,,,,1162000000,0.233,1350000000,0.275,,900000000,,251.64,,,,,,,,,,,,,,,,,,,,,,true,false,9,2018-04-01,2018-12-31,-1
2020-01-31,80460,2020-03-31,3,34300000000,-0.029,,,,,1300000000,0.001,1500000000,-0.032,,1000000000,,279.34,,,,,,,,,,,,,,,,,,,,,,true,true,12,2019-04-01,2020-03-31,0
2020-01-31,80460,2019-03-31,3,,,,,,,,,,,,,,,,,,,,45423000000,26880000000,0.592,,26880000000,,,,,,,,,,,,true,false,12,2018-04-01,2019-03-31,-1
2020-01-31,80460,2019-03-31,3,,,,,,,,,,,,,,,,,,,,,,,,,,,,,90.00,,,,4000000,420174,,false,false,12,2018-04-01,2019-03-31,-1
2020-01-31,80460,2020-03-31,3,,,,,,,,,,,,,,,,,,,,,,,,,,,,,0.00,,,,,,,false,false,12,2019-04-01,2020-03-31,0
2020-01-31,80460,2020-03-31,3,,,,,,,,,,,,,,,,,,,,,,,,,,,,,80.00,,,,,,,false,true,12,2019-04-01,2020-03-31,0
2020-01-31,80460,2020-03-31,3,,,,,,,,,,,,,,,,,,,,,,,,,,,,,,,,,4000000,420187,3579817,false,false,9,2019-04-01,2019-12-31,0
2020-01-31,80460,2019-03-31,3,,,,,,,,,,,,,,,,,,,,,,,,,,,,,,,,,,,3579842,false,false,9,2018-04-01,2018-12-31,-1
2020-05-14,80460,2020-03-31,,34391000000,-0.026,,,,,1433000000,0.104,1656000000,0.069,,1104000000,,308.49,,0.041,0.037,0.042,,43967000000,27404000000,0.623,7655.38,27404000000,118000000,-1168000000,-601000000,2095000000,,0.292,,,,,,true,false,12,2019-04-01,2020-03-31,0
2020-05-14,80460,2019-03-31,,35311000000,0.072,,,,,1298000000,0.106,1549000000,0.157,,992000000,,277.16,,0.037,0.034,0.037,,45423000000,26880000000,0.592,7508.98,26880000000,2009000000,-240000000,-641000000,3747000000,,0.325,,,,,,true,false,12,2018-04-01,2019-03-31,-1
2020-05-14,80460,2019-03-31,,,,,,,,,,,,,,,,,,,,,,,,,,,,,,90.00,,,,4000000,420174,3579838,false,false,12,2018-04-01,2019-03-31,-1
2020-05-14,80460,2020-03-31,,,,,,,,,,,,,,,,,,,,,,,,,,,,,,90.00,,,,4000000,420270,3579799,false,false,12,2019-04-01,2020-03-31,0
2020-07-31,80460,2021-03-31,1,7401000000,-0.049,,,,,45000000,-0.713,101000000,-0.572,,64000000,,17.98,,,,,,41736000000,27201000000,0.652,,27201000000,,,,,,,,,,,,true,false,3,2020-04-01,2020-06-30,0
2020-07-31,80460,2020-03-31,1,7782000000,-0.112,,,,,158000000,-0.394,237000000,-0.245,,154000000,,43.14,,,,,,,,,,,,,,,,,,,,,,true,false,3,2019-04-01,2019-06-30,-1
2020-07-31,80460,2021-03-31,1,33000000000,-0.040,,,,,580000000,-0.595,800000000,-0.517,520000000,,-0.529,145.26,,,,,,,,,,,,,,,,,,,,,,true,true,12,2020-04-01,2021-03-31,0
2020-07-31,80460,2020-03-31,1,,,,,,,,,,,,,,,,,,,,43967000000,27404000000,0.623,,27404000000,,,,,,,,,,,,true,false,12,2019-04-01,2020-03-31,-1
2020-07-31,80460,2020-03-31,1,,,,,,,,,,,,,,,,,,,,,,,,,,,,,90.00,,,,4000000,420270,,false,false,12,2019-04-01,2020-03-31,-1
2020-07-31,80460,2021-03-31,1,,,,,,,,,,,,,,,,,,,,,,,,,,,,,80.00,,,,,,,false,true,12,2020-04-01,2021-03-31,0
2020-07-31,80460,2021-03-31,1,,,,,,,,,,,,,,,,,,,,,,,,,,,,,,,,,4000000,420275,3579766,false,false,3,2020-04-01,2020-06-30,0
2020-07-31,80460,2020-03-31,1,,,,,,,,,,,,,,,,,,,,,,,,,,,,,,,,,,,3579824,false,false,3,2019-04-01,2019-06-30,-1
2020-10-30,80460,2021-03-31,2,15481000000,-0.051,,,,,287000000,-0.505,410000000,-0.429,,132000000,,37.01,,,,,,41705000000,27289000000,0.654,,27289000000,,,,,,,,,,,,true,false,6,2020-04-01,2020-09-30,0
2020-10-30,80460,2020-03-31,2,16319000000,-0.052,,,,,580000000,0.004,718000000,0.028,,457000000,,127.77,,,,,,,,,,,,,,,,,,,,,,true,false,6,2019-04-01,2019-09-30,-1
2020-10-30,80460,2021-03-31,2,33000000000,-0.040,,,,,710000000,-0.505,940000000,-0.433,470000000,,-0.574,131.29,,,,,,,,,,,,,,,,,,,,,,true,true,12,2020-04-01,2021-03-31,0
2020-10-30,80460,2020-03-31,2,,,,,,,,,,,,,,,,,,,,43967000000,27404000000,0.623,,27404000000,,,,,,,,,,,,true,false,12,2019-04-01,2020-03-31,-1
2020-10-30,80460,2020-03-31,2,,,,,,,,,,,,,,,,,,,,,,,,,,,,,90.00,,,,4000000,420270,,false,false,12,2019-04-01,2020-03-31,-1
2020-10-30,80460,2021-03-31,2,,,,,,,,,,,,,,,,,,,,,,,,,,,,,0.00,,,,,,,false,false,12,2020-04-01,2021-03-31,0
2020-10-30,80460,2021-03-31,2,,,,,,,,,,,,,,,,,,,,,,,,,,,,,80.00,,,,,,,false,true,12,2020-04-01,2021-03-31,0
2020-10-30,80460,2021-03-31,2,,,,,,,,,,,,,,,,,,,,,,,,,,,,,,,,,4000000,420315,3579734,false,false,6,2020-04-01,2020-09-30,0
2020-10-30,80460,2020-03-31,2,,,,,,,,,,,,,,,,,,,,,,,,,,,,,,,,,,,3579818,false,false,6,2019-04-01,2019-09-30,-1
2021-01-29,80460,2021-03-31,3,23870000000,-0.067,,,,,541000000,-0.550,699000000,-0.496,,357000000,,99.90,,,,,,44121000000,27524000000,0.624,,27524000000,,,,,,,,,,,,true,false,9,2020-04-01,2020-12-31,0
2021-01-29,80460,2020-03-31,3,25594000000,-0.049,,,,,1203000000,0.035,1389000000,0.029,,939000000,,262.49,,,,,,,,,,,,,,,,,,,,,,true,false,9,2019-04-01,2019-12-31,-1
2021-01-29,80460,2021-03-31,3,33000000000,-0.040,,,,,710000000,-0.505,940000000,-0.433,,470000000,,131.29,,,,,,,,,,,,,,,,,,,,,,true,true,12,2020-04-01,2021-03-31,0
2021-01-29,80460,2020-03-31,3,,,,,,,,,,,,,,,,,,,,43967000000,27404000000,0.623,,27404000000,,,,,,,,,,,,true,false,12,2019-04-01,2020-03-31,-1
2021-01-29,80460,2020-03-31,3,,,,,,,,,,,,,,,,,,,,,,,,,,,,,90.00,,,,4000000,420270,,false,false,12,2019-04-01,2020-03-31,-1
2021-01-29,80460,2021-03-31,3,,,,,,,,,,,,,,,,,,,,,,,,,,,,,0.00,,,,,,,false,false,12,2020-04-01,2021-03-31,0
2021-01-29,80460,2021-03-31,3,,,,,,,,,,,,,,,,,,,,,,,,,,,,,80.00,,,,,,,false,true,12,2020-04-01,2021-03-31,0
2021-01-29,80460,2021-03-31,3,,,,,,,,,,,,,,,,,,,,,,,,,,,,,,,,,4000000,420325,3579717,false,false,9,2020-04-01,2020-12-31,0
2021-01-29,80460,2020-03-31,3,,,,,,,,,,,,,,,,,,,,,,,,,,,,,,,,,,,3579817,false,false,9,2019-04-01,2019-12-31,-1
2021-04-26,80460,2021-03-31,,32600000000,-0.012,,,,,940000000,0.324,1170000000,0.245,,690000000,,192.75,,,,,,,,,,,,,,,,,,,,,,true,true,12,2020-04-01,2021-03-31,0
2021-04-26,80460,2020-03-31,,34391000000,,,,,,1433000000,,1656000000,,,1104000000,,308.49,,,,,,,,,,,,,,,,,,,,,,true,false,12,2019-04-01,2020-03-31,-1
2021-05-14,80460,2021-03-31,,32695000000,-0.049,,,,,943000000,-0.342,1171000000,-0.293,,698000000,,195.15,,0.025,0.027,0.029,,44060000000,28119000000,0.638,7855.44,28119000000,2188000000,177000000,-930000000,3530000000,,0.410,,,,,,true,false,12,2020-04-01,2021-03-31,0
2021-05-14,80460,2020-03-31,,34391000000,-0.026,,,,,1433000000,0.104,1656000000,0.069,,1104000000,,308.49,,0.041,0.037,0.042,,43967000000,27404000000,0.623,7655.38,27404000000,118000000,-1168000000,-601000000,2095000000,,0.292,,,,,,true,false,12,2019-04-01,2020-03-31,-1
2021-05-14,80460,2022-03-31,,31600000000,,,,,,380000000,,720000000,,,460000000,,128.50,,,,,,,,,,,,,,,,0.623,,,,,,true,true,12,2021-04-01,2022-03-31,1
2021-05-14,80460,2020-03-31,,,,,,,,,,,,,,,,,,,,,,,,,,,,,,90.00,,,,4000000,420270,3579799,false,false,12,2019-04-01,2020-03-31,-1
2021-05-14,80460,2021-03-31,,,,,,,,,,,,,,,,,,,,,,,,,,,,,,80.00,,,,4000000,420395,3579699,false,false,12,2020-04-01,2021-03-31,0
2021-05-14,80460,2022-03-31,,,,,,,,,,,,,,,,,,,,,,,,,,,,,,80.00,,,,,,,false,true,12,2021-04-01,2022-03-31,1
2021-08-05,80460,2022-03-31,1,7039000000,-0.049,,,,,-122000000,,-33000000,,,-10000000,,-2.82,,,,,,42029000000,26643000000,0.634,,26643000000,,,,,,,,,,,,true,false,3,2021-04-01,2021-06-30,0
2021-08-05,80460,2021-03-31,1,7401000000,-0.049,,,,,45000000,-0.713,101000000,-0.572,,64000000,,17.98,,,,,,,,,,,,,,,,,,,,,,true,false,3,2020-04-01,2020-06-30,-1
2021-08-05,80460,2022-03-31,1,31600000000,-0.034,,,,,380000000,-0.597,720000000,-0.386,,460000000,,128.50,,,,,,,,,,,,,,,,,,,,,,true,true,12,2021-04-01,2022-03-31,0
2021-08-05,80460,2021-03-31,1,,,,,,,,,,,,,,,,,,,,44060000000,28119000000,0.638,,28119000000,,,,,,,,,,,,true,false,12,2020-04-01,2021-03-31,-1
2021-08-05,80460,2021-03-31,1,,,,,,,,,,,,,,,,,,,,,,,,,,,,,80.00,,,,4000000,420395,,false,false,12,2020-04-01,2021-03-31,-1
2021-08-05,80460,2022-03-31,1,,,,,,,,,,,,,,,,,,,,,,,,,,,,,80.00,,,,,,,false,true,12,2021-04-01,2022-03-31,0
2021-08-05,80460,2022-03-31,1,,,,,,,,,,,,,,,,,,,,,,,,,,,,,,,,,4000000,420405,3579598,false,false,3,2021-04-01,2021-06-30,0
2021-08-05,80460,2021-03-31,1,,,,,,,,,,,,,,,,,,,,,,,,,,,,,,,,,,,3579766,false,false,3,2020-04-01,2020-06-30,-1
2021-10-29,80460,2022-03-31,2,14641000000,-0.054,,,,,72000000,-0.747,247000000,-0.398,,317000000,,88.70,,,,,,42275000000,26997000000,0.639,,26997000000,,,,,,,,,,,,true,false,6,2021-04-01,2021-09-30,0
2021-10-29,80460,2021-03-31,2,15481000000,-0.051,,,,,287000000,-0.505,410000000,-0.429,,132000000,,37.01,,,,,,,,,,,,,,,,,,,,,,true,false,6,2020-04-01,2020-09-30,-1
2021-10-29,80460,2022-03-31,2,31600000000,-0.034,,,,,380000000,-0.597,720000000,-0.386,,460000000,,128.50,,,,,,,,,,,,,,,,,,,,,,true,true,12,2021-04-01,2022-03-31,0
2021-10-29,80460,2021-03-31,2,,,,,,,,,,,,,,,,,,,,44060000000,28119000000,0.638,,28119000000,,,,,,,,,,,,true,false,12,2020-04-01,2021-03-31,-1
2021-10-29,80460,2021-03-31,2,,,,,,,,,,,,,,,,,,,,,,,,,,,,,80.00,,,,4000000,420395,,false,false,12,2020-04-01,2021-03-31,-1
2021-10-29,80460,2022-03-31,2,,,,,,,,,,,,,,,,,,,,,,,,,,,,,0.00,,,,,,,false,false,12,2021-04-01,2022-03-31,0
2021-10-29,80460,2022-03-31,2,,,,,,,,,,,,,,,,,,,,,,,,,,,,,80.00,,,,,,,false,true,12,2021-04-01,2022-03-31,0
2021-10-29,80460,2022-03-31,2,,,,,,,,,,,,,,,,,,,,,,,,,,,,,,,,,4000000,420425,3579593,false,false,6,2021-04-01,2021-09-30,0
2021-10-29,80460,2021-03-31,2,,,,,,,,,,,,,,,,,,,,,,,,,,,,,,,,,,,3579734,false,false,6,2020-04-01,2020-09-30,-1
2022-01-31,80460,2022-03-31,3,23313000000,-0.023,,,,,381000000,-0.295,639000000,-0.086,,588000000,,164.33,,,,,,44101000000,27244000000,0.618,,27244000000,,,,,,,,,,,,true,false,9,2021-04-01,2021-12-31,0
2022-01-31,80460,2021-03-31,3,23870000000,-0.067,,,,,541000000,-0.550,699000000,-0.496,,357000000,,99.90,,,,,,,,,,,,,,,,,,,,,,true,false,9,2020-04-01,2020-12-31,-1
2022-01-31,80460,2022-03-31,3,31600000000,-0.034,,,,,490000000,-0.481,830000000,-0.292,,670000000,,187.17,,,,,,,,,,,,,,,,,,,,,,true,true,12,2021-04-01,2022-03-31,0
2022-01-31,80460,2021-03-31,3,,,,,,,,,,,,,,,,,,,,44060000000,28119000000,0.638,,28119000000,,,,,,,,,,,,true,false,12,2020-04-01,2021-03-31,-1
2022-01-31,80460,2021-03-31,3,,,,,,,,,,,,,,,,,,,,,,,,,,,,,80.00,,,,4000000,420395,,false,false,12,2020-04-01,2021-03-31,-1
2022-01-31,80460,2022-03-31,3,,,,,,,,,,,,,,,,,,,,,,,,,,,,,0.00,,,,,,,false,false,12,2021-04-01,2022-03-31,0
2022-01-31,80460,2022-03-31,3,,,,,,,,,,,,,,,,,,,,,,,,,,,,,80.00,,,,,,,false,true,12,2021-04-01,2022-03-31,0
2022-01-31,80460,2022-03-31,3,,,,,,,,,,,,,,,,,,,,,,,,,,,,,,,,,4000000,420425,3579587,false,false,9,2021-04-01,2021-12-31,0
2022-01-31,80460,2021-03-31,3,,,,,,,,,,,,,,,,,,,,,,,,,,,,,,,,,,,3579717,false,false,9,2020-04-01,2020-12-31,-1
2022-01-31,80460,2022-03-31,,31600000000,,,,,,490000000,0.289,830000000,0.153,,670000000,,187.17,,,,,,,,,,,,,,,,,,,,,,true,true,12,2021-04-01,2022-03-31,0
2022-01-31,80460,2021-03-31,,32695000000,,,,,,943000000,,1171000000,,,698000000,,195.15,,,,,,,,,,,,,,,,,,,,,,true,false,12,2020-04-01,2021-03-31,-1
2022-05-13,80460,2022-03-31,,31876000000,-0.025,,,,,559000000,-0.407,965000000,-0.177,,749000000,,209.36,,0.027,0.022,0.018,,43304000000,27454000000,0.634,7669.76,27454000000,1572000000,547000000,-1306000000,4343000000,,0.382,,,,,,true,false,12,2021-04-01,2022-03-31,0
2022-05-13,80460,2021-03-31,,32695000000,-0.049,,,,,943000000,-0.342,1171000000,-0.293,,698000000,,195.15,,0.025,0.027,0.029,,44060000000,28119000000,0.638,7855.44,28119000000,2188000000,177000000,-930000000,3530000000,,0.410,,,,,,true,false,12,2020-04-01,2021-03-31,-1
2022-05-13,80460,2023-03-31,,33500000000,0.051,,,,,800000000,0.430,1270000000,0.316,,840000000,,234.66,,,,,,,,,,,,,,,,0.341,,,,,,true,true,12,2022-04-01,2023-03-31,1
2022-05-13,80460,2021-03-31,,,,,,,,,,,,,,,,,,,,,,,,,,,,,,80.00,,,,4000000,420395,3579699,false,false,12,2020-04-01,2021-03-31,-1
2022-05-13,80460,2022-03-31,,,,,,,,,,,,,,,,,,,,,,,,,,,,,,80.00,,,,4000000,420460,3579576,false,false,12,2021-04-01,2022-03-31,0
2022-05-13,80460,2023-03-31,,,,,,,,,,,,,,,,,,,,,,,,,,,,,,80.00,,,,,,,false,true,12,2022-04-01,2023-03-31,1
2022-07-29,80460,2023-03-31,1,7806000000,0.109,,,,,150000000,,258000000,,,182000000,,50.89,,,,,,41338000000,27345000000,0.661,,27345000000,,,,,,,,,,,,true,false,3,2022-04-01,2022-06-30,0
2022-07-29,80460,2022-03-31,1,7039000000,-0.049,,,,,-122000000,,-33000000,,,-10000000,,-2.82,,,,,,,,,,,,,,,,,,,,,,true,false,3,2021-04-01,2021-06-30,-1
2022-07-29,80460,2023-03-31,1,33500000000,0.051,,,,,800000000,0.430,1270000000,0.316,,840000000,,234.66,,,,,,,,,,,,,,,,,,,,,,true,true,12,2022-04-01,2023-03-31,0
2022-07-29,80460,2022-03-31,1,,,,,,,,,,,,,,,,,,,,43304000000,27454000000,0.634,,27454000000,,,,,,,,,,,,true,false,12,2021-04-01,2022-03-31,-1
2022-07-29,80460,2022-03-31,1,,,,,,,,,,,,,,,,,,,,,,,,,,,,,80.00,,,,4000000,420460,,false,false,12,2021-04-01,2022-03-31,-1
2022-07-29,80460,2023-03-31,1,,,,,,,,,,,,,,,,,,,,,,,,,,,,,80.00,,,,,,,false,true,12,2022-04-01,2023-03-31,0
2022-07-29,80460,2023-03-31,1,,,,,,,,,,,,,,,,,,,,,,,,,,,,,,,,,4000000,420493,3579518,false,false,3,2022-04-01,2022-06-30,0
2022-07-29,80460,2022-03-31,1,,,,,,,,,,,,,,,,,,,,,,,,,,,,,,,,,,,3579598,false,false,3,2021-04-01,2021-06-30,-1
2022-10-31,80460,2023-03-31,2,15623000000,0.067,,,,,294000000,3.049,512000000,1.073,,330000000,,92.30,,,,,,40653000000,27486000000,0.676,,27486000000,,,,,,,,,,,,true,false,6,2022-04-01,2022-09-30,0
2022-10-31,80460,2022-03-31,2,14641000000,-0.054,,,,,72000000,-0.747,247000000,-0.398,,317000000,,88.70,,,,,,,,,,,,,,,,,,,,,,true,false,6,2021-04-01,2021-09-30,-1
2022-10-31,80460,2023-03-31,2,33500000000,0.051,,,,,800000000,0.430,1270000000,0.316,,840000000,,234.66,,,,,,,,,,,,,,,,,,,,,,true,true,12,2022-04-01,2023-03-31,0
2022-10-31,80460,2022-03-31,2,,,,,,,,,,,,,,,,,,,,43304000000,27454000000,0.634,,27454000000,,,,,,,,,,,,true,false,12,2021-04-01,2022-03-31,-1
2022-10-31,80460,2022-03-31,2,,,,,,,,,,,,,,,,,,,,,,,,,,,,,80.00,,,,4000000,420460,,false,false,12,2021-04-01,2022-03-31,-1
2022-10-31,80460,2023-03-31,2,,,,,,,,,,,,,,,,,,,,,,,,,,,,,0.00,,,,,,,false,false,12,2022-04-01,2023-03-31,0
2022-10-31,80460,2023-03-31,2,,,,,,,,,,,,,,,,,,,,,,,,,,,,,80.00,,,,,,,false,true,12,2022-04-01,2023-03-31,0
2022-10-31,80460,2023-03-31,2,,,,,,,,,,,,,,,,,,,,,,,,,,,,,,,,,4000000,420549,3579503,false,false,6,2022-04-01,2022-09-30,0
2022-10-31,80460,2022-03-31,2,,,,,,,,,,,,,,,,,,,,,,,,,,,,,,,,,,,3579593,false,false,6,2021-04-01,2021-09-30,-1
2023-01-31,80460,2023-03-31,3,25269000000,0.084,,,,,850000000,1.227,1174000000,0.836,,775000000,,216.76,,,,,,43829000000,27967000000,0.638,,27967000000,,,,,,,,,,,,true,false,9,2022-04-01,2022-12-31,0
2023-01-31,80460,2022-03-31,3,23313000000,-0.023,,,,,381000000,-0.295,639000000,-0.086,,588000000,,164.33,,,,,,,,,,,,,,,,,,,,,,true,false,9,2021-04-01,2021-12-31,-1
2023-01-31,80460,2023-03-31,3,34000000000,0.067,,,,,1020000000,0.824,1450000000,0.503,,950000000,,265.40,,,,,,,,,,,,,,,,,,,,,,true,true,12,2022-04-01,2023-03-31,0
2023-01-31,80460,2022-03-31,3,,,,,,,,,,,,,,,,,,,,43304000000,27454000000,0.634,,27454000000,,,,,,,,,,,,true,false,12,2021-04-01,2022-03-31,-1
2023-01-31,80460,2022-03-31,3,,,,,,,,,,,,,,,,,,,,,,,,,,,,,80.00,,,,4000000,420460,,false,false,12,2021-04-01,2022-03-31,-1
2023-01-31,80460,2023-03-31,3,,,,,,,,,,,,,,,,,,,,,,,,,,,,,0.00,,,,,,,false,false,12,2022-04-01,2023-03-31,0
2023-01-31,80460,2023-03-31,3,,,,,,,,,,,,,,,,,,,,,,,,,,,,,80.00,,,,,,,false,true,12,2022-04-01,2023-03-31,0
2023-01-31,80460,2023-03-31,3,,,,,,,,,,,,,,,,,,,,,,,,,,,,,,,,,4000000,420607,3579479,false,false,9,2022-04-01,2022-12-31,0
2023-01-31,80460,2022-03-31,3,,,,,,,,,,,,,,,,,,,,,,,,,,,,,,,,,,,3579587,false,false,9,2021-04-01,2021-12-31,-1
2023-05-12,80460,2023-03-31,,35104000000,0.101,,,,,1063000000,0.901,1548000000,0.605,,1038000000,,290.18,,0.037,0.036,0.030,,43732000000,28219000000,0.645,7883.81,28219000000,756000000,-161000000,-1609000000,3329000000,,0.310,,,,,,true,false,12,2022-04-01,2023-03-31,0
2023-05-12,80460,2022-03-31,,31876000000,-0.025,,,,,559000000,-0.407,965000000,-0.177,,749000000,,209.36,,0.027,0.022,0.018,,43304000000,27454000000,0.634,7669.76,27454000000,1572000000,547000000,-1306000000,4343000000,,0.382,,,,,,true,false,12,2021-04-01,2022-03-31,-1
2023-05-12,80460,2024-03-31,,36300000000,0.034,,,,,1360000000,0.279,1820000000,0.175,,1210000000,,338.04,,,,,,,,,,,,,,,,0.266,,,,,,true,true,12,2023-04-01,2024-03-31,1
2023-05-12,80460,2022-03-31,,,,,,,,,,,,,,,,,,,,,,,,,,,,,,80.00,,,,4000000,420460,3579576,false,false,12,2021-04-01,2022-03-31,-1
2023-05-12,80460,2023-03-31,,,,,,,,,,,,,,,,,,,,,,,,,,,,,,90.00,,,,4000000,420607,3579458,false,false,12,2022-04-01,2023-03-31,0
2023-05-12,80460,2024-03-31,,,,,,,,,,,,,,,,,,,,,,,,,,,,,,90.00,,,,,,,false,true,12,2023-04-01,2024-03-31,1
2023-07-31,80460,2024-03-31,1,8373000000,0.073,,,,,226000000,0.507,345000000,0.334,,223000000,,62.42,,,,,,41839000000,28204000000,0.674,,28204000000,,,,,,,,,,,,true,false,3,2023-04-01,2023-06-30,0
2023-07-31,80460,2023-03-31,1,7806000000,0.109,,,,,150000000,,258000000,,,182000000,,50.89,,,,,,,,,,,,,,,,,,,,,,true,false,3,2022-04-01,2022-06-30,-1
2023-07-31,80460,2024-03-31,1,36300000000,0.034,,,,,1360000000,0.279,1820000000,0.175,,1210000000,,338.04,,,,,,,,,,,,,,,,,,,,,,true,true,12,2023-04-01,2024-03-31,0
2023-07-31,80460,2023-03-31,1,,,,,,,,,,,,,,,,,,,,43732000000,28219000000,0.645,,28219000000,,,,,,,,,,,,true,false,12,2022-04-01,2023-03-31,-1
2023-07-31,80460,2023-03-31,1,,,,,,,,,,,,,,,,,,,,,,,,,,,,,90.00,,,,4000000,420607,,false,false,12,2022-04-01,2023-03-31,-1
2023-07-31,80460,2024-03-31,1,,,,,,,,,,,,,,,,,,,,,,,,,,,,,90.00,,,,,,,false,true,12,2023-04-01,2024-03-31,0
2023-07-31,80460,2024-03-31,1,,,,,,,,,,,,,,,,,,,,,,,,,,,,,,,,,4000000,420664,3579355,false,false,3,2023-04-01,2023-06-30,0
2023-07-31,80460,2023-03-31,1,,,,,,,,,,,,,,,,,,,,,,,,,,,,,,,,,,,3579518,false,false,3,2022-04-01,2022-06-30,-1
2023-10-31,80460,2024-03-31,2,16672000000,0.067,,,,,510000000,0.734,776000000,0.515,,533000000,,148.91,,,,,,41788000000,28602000000,0.684,,28602000000,,,,,,,,,,,,true,false,6,2023-04-01,2023-09-30,0
2023-10-31,80460,2023-03-31,2,15623000000,0.067,,,,,294000000,3.049,512000000,1.073,,330000000,,92.30,,,,,,,,,,,,,,,,,,,,,,true,false,6,2022-04-01,2022-09-30,-1
2023-10-31,80460,2024-03-31,2,36300000000,0.034,,,,,1360000000,0.279,1820000000,0.175,,1210000000,,338.05,,,,,,,,,,,,,,,,,,,,,,true,true,12,2023-04-01,2024-03-31,0
2023-10-31,80460,2023-03-31,2,,,,,,,,,,,,,,,,,,,,43732000000,28219000000,0.645,,28219000000,,,,,,,,,,,,true,false,12,2022-04-01,2023-03-31,-1
2023-10-31,80460,2023-03-31,2,,,,,,,,,,,,,,,,,,,,,,,,,,,,,90.00,,,,4000000,420607,,false,false,12,2022-04-01,2023-03-31,-1
2023-10-31,80460,2024-03-31,2,,,,,,,,,,,,,,,,,,,,,,,,,,,,,0.00,,,,,,,false,false,12,2023-04-01,2024-03-31,0
2023-10-31,80460,2024-03-31,2,,,,,,,,,,,,,,,,,,,,,,,,,,,,,90.00,,,,,,,false,true,12,2023-04-01,2024-03-31,0
2023-10-31,80460,2024-03-31,2,,,,,,,,,,,,,,,,,,,,,,,,,,,,,,,,,4000000,420694,3579334,false,false,6,2023-04-01,2023-09-30,0
2023-10-31,80460,2023-03-31,2,,,,,,,,,,,,,,,,,,,,,,,,,,,,,,,,,,,3579503,false,false,6,2022-04-01,2022-09-30,-1
2024-01-31,80460,2024-03-31,3,25623000000,0.014,,,,,1197000000,0.408,1564000000,0.332,,1054000000,,294.52,,,,,,43011000000,29088000000,0.676,,29088000000,,,,,,,,,,,,true,false,9,2023-04-01,2023-12-31,0
2024-01-31,80460,2023-03-31,3,25269000000,0.084,,,,,850000000,1.227,1174000000,0.836,,775000000,,216.76,,,,,,,,,,,,,,,,,,,,,,true,false,9,2022-04-01,2022-12-31,-1
2024-01-31,80460,2024-03-31,3,36300000000,0.034,,,,,1360000000,0.279,1820000000,0.175,,1210000000,,338.05,,,,,,,,,,,,,,,,,,,,,,true,true,12,2023-04-01,2024-03-31,0
2024-01-31,80460,2023-03-31,3,,,,,,,,,,,,,,,,,,,,43732000000,28219000000,0.645,,28219000000,,,,,,,,,,,,true,false,12,2022-04-01,2023-03-31,-1
2024-01-31,80460,2023-03-31,3,,,,,,,,,,,,,,,,,,,,,,,,,,,,,90.00,,,,4000000,420607,,false,false,12,2022-04-01,2023-03-31,-1
2024-01-31,80460,2024-03-31,3,,,,,,,,,,,,,,,,,,,,,,,,,,,,,0.00,,,,,,,false,false,12,2023-04-01,2024-03-31,0
2024-01-31,80460,2024-03-31,3,,,,,,,,,,,,,,,,,,,,,,,,,,,,,90.00,,,,,,,false,true,12,2023-04-01,2024-03-31,0
2024-01-31,80460,2024-03-31,3,,,,,,,,,,,,,,,,,,,,,,,,,,,,,,,,,4000000,420745,3579314,false,false,9,2023-04-01,2023-12-31,0
2024-01-31,80460,2023-03-31,3,,,,,,,,,,,,,,,,,,,,,,,,,,,,,,,,,,,3579479,false,false,9,2022-04-01,2022-12-31,-1
2024-05-14,8046,2024-03-31,,34543000000,-0.016,,,,,1410000000,0.327,1926000000,0.244,,1372000000,,383.35,,0.047,0.044,0.041,,43345000000,29813000000,0.688,8329.64,29813000000,3200000000,-297000000,-1377000000,4855000000,,0.287,,,,,,true,false,12,2023-04-01,2024-03-31,0
2024-05-14,8046,2023-03-31,,35104000000,0.101,,,,,1063000000,0.901,1548000000,0.605,,1038000000,,290.18,,0.037,0.036,0.030,,43732000000,28219000000,0.645,7883.81,28219000000,756000000,-161000000,-1609000000,3329000000,,0.310,,,,,,true,false,12,2022-04-01,2023-03-31,-1
2024-05-14,8046,2025-03-31,,36100000000,0.045,,,,,1460000000,0.035,1940000000,0.007,,1290000000,,360.41,,,,,,,,,,,,,,,,0.305,,,,,,true,true,12,2024-04-01,2025-03-31,1
2024-05-14,8046,2023-03-31,,,,,,,,,,,,,,,,,,,,,,,,,,,,,,90.00,,,,4000000,420607,3579458,false,false,12,2022-04-01,2023-03-31,-1
2024-05-14,8046,2024-03-31,,,,,,,,,,,,,,,,,,,,,,,,,,,,,,110.00,,,,4000000,420787,3579294,false,false,12,2023-04-01,2024-03-31,0
2024-05-14,8046,2025-03-31,,,,,,,,,,,,,,,,,,,,,,,,,,,,,,110.00,,,,,,,false,true,12,2024-04-01,2025-03-31,1
2024-07-31,8046,2025-03-31,1,8262000000,-0.013,,,,,382000000,0.691,498000000,0.444,,324000000,,90.78,,,,,,41753000000,29670000000,0.711,,29670000000,,,,,,,,,,,,true,false,3,2024-04-01,2024-06-30,0
2024-07-31,8046,2024-03-31,1,8373000000,0.073,,,,,226000000,0.507,345000000,0.334,,223000000,,62.42,,,,,,,,,,,,,,,,,,,,,,true,false,3,2023-04-01,2023-06-30,-1
2024-07-31,8046,2025-03-31,1,36100000000,0.045,,,,,1460000000,0.035,1940000000,0.007,,1290000000,,360.41,,,,,,,,,,,,,,,,,,,,,,true,true,12,2024-04-01,2025-03-31,0
2024-07-31,8046,2024-03-31,1,,,,,,,,,,,,,,,,,,,,43345000000,29813000000,0.688,,29813000000,,,,,,,,,,,,true,false,12,2023-04-01,2024-03-31,-1
2024-07-31,8046,2024-03-31,1,,,,,,,,,,,,,,,,,,,,,,,,,,,,,110.00,,,,4000000,420787,,false,false,12,2023-04-01,2024-03-31,-1
2024-07-31,8046,2025-03-31,1,,,,,,,,,,,,,,,,,,,,,,,,,,,,,110.00,,,,,,,false,true,12,2024-04-01,2025-03-31,0
2024-07-31,8046,2025-03-31,1,,,,,,,,,,,,,,,,,,,,,,,,,,,,,,,,,4000000,420848,3579162,false,false,3,2024-04-01,2024-06-30,0
2024-07-31,8046,2024-03-31,1,,,,,,,,,,,,,,,,,,,,,,,,,,,,,,,,,,,3579355,false,false,3,2023-04-01,2023-06-30,-1
2024-10-31,8046,2025-03-31,2,16733000000,0.004,,,,,634000000,0.243,864000000,0.114,,567000000,,158.65,,,,,,42540000000,29860000000,0.702,,29860000000,,,,,,,,,,,,true,false,6,2024-04-01,2024-09-30,0
2024-10-31,8046,2024-03-31,2,16672000000,0.067,,,,,510000000,0.734,776000000,0.515,,533000000,,148.91,,,,,,,,,,,,,,,,,,,,,,true,false,6,2023-04-01,2023-09-30,-1
2024-10-31,8046,2025-03-31,2,36100000000,0.045,,,,,1460000000,0.035,1940000000,0.007,,1290000000,,360.41,,,,,,,,,,,,,,,,,,,,,,true,true,12,2024-04-01,2025-03-31,0
2024-10-31,8046,2024-03-31,2,,,,,,,,,,,,,,,,,,,,43345000000,29813000000,0.688,,29813000000,,,,,,,,,,,,true,false,12,2023-04-01,2024-03-31,-1
2024-10-31,8046,2024-03-31,2,,,,,,,,,,,,,,,,,,,,,,,,,,,,,110.00,,,,4000000,420787,,false,false,12,2023-04-01,2024-03-31,-1
2024-10-31,8046,2025-03-31,2,,,,,,,,,,,,,,,,,,,,,,,,,,,,,0.00,,,,,,,false,false,12,2024-04-01,2025-03-31,0
2024-10-31,8046,2025-03-31,2,,,,,,,,,,,,,,,,,,,,,,,,,,,,,110.00,,,,,,,false,true,12,2024-04-01,2025-03-31,0
2024-10-31,8046,2025-03-31,2,,,,,,,,,,,,,,,,,,,,,,,,,,,,,,,,,4000000,420906,3579141,false,false,6,2024-04-01,2024-09-30,0
2024-10-31,8046,2024-03-31,2,,,,,,,,,,,,,,,,,,,,,,,,,,,,,,,,,,,3579334,false,false,6,2023-04-01,2023-09-30,-1
2025-01-31,8046,2025-03-31,3,26435000000,0.032,,,,,1097000000,-0.084,1423000000,-0.090,,944000000,,263.90,,,,,,43848000000,30342000000,0.692,,30342000000,,,,,,,,,,,,true,false,9,2024-04-01,2024-12-31,0
2025-01-31,8046,2024-03-31,3,25623000000,0.014,,,,,1197000000,0.408,1564000000,0.332,,1054000000,,294.52,,,,,,,,,,,,,,,,,,,,,,true,false,9,2023-04-01,2023-12-31,-1
2025-01-31,8046,2025-03-31,3,36100000000,0.045,,,,,1460000000,0.035,1940000000,0.007,,1290000000,,360.41,,,,,,,,,,,,,,,,,,,,,,true,true,12,2024-04-01,2025-03-31,0
2025-01-31,8046,2024-03-31,3,,,,,,,,,,,,,,,,,,,,43345000000,29813000000,0.688,,29813000000,,,,,,,,,,,,true,false,12,2023-04-01,2024-03-31,-1
2025-01-31,8046,2024-03-31,3,,,,,,,,,,,,,,,,,,,,,,,,,,,,,110.00,,,,4000000,420787,,false,false,12,2023-04-01,2024-03-31,-1
2025-01-31,8046,2025-03-31,3,,,,,,,,,,,,,,,,,,,,,,,,,,,,,0.00,,,,,,,false,false,12,2024-04-01,2025-03-31,0
2025-01-31,8046,2025-03-31,3,,,,,,,,,,,,,,,,,,,,,,,,,,,,,110.00,,,,,,,false,true,12,2024-04-01,2025-03-31,0
2025-01-31,8046,2025-03-31,3,,,,,,,,,,,,,,,,,,,,,,,,,,,,,,,,,4000000,420906,3579125,false,false,9,2024-04-01,2024-12-31,0
2025-01-31,8046,2024-03-31,3,,,,,,,,,,,,,,,,,,,,,,,,,,,,,,,,,,,3579314,false,false,9,2023-04-01,2023-12-31,-1
2025-05-14,8046,2025-03-31,,35585000000,0.030,,,,,1579000000,0.119,2077000000,0.079,,1534000000,,428.72,,0.051,0.048,0.044,,43969000000,30926000000,0.703,8641.01,30926000000,1447000000,-805000000,-404000000,5092000000,,0.303,,,,,,true,false,12,2024-04-01,2025-03-31,0
2025-05-14,8046,2024-03-31,,34543000000,-0.016,,,,,1410000000,0.327,1926000000,0.244,,1372000000,,383.35,,0.047,0.044,0.041,,43345000000,29813000000,0.688,8329.64,29813000000,3200000000,-297000000,-1377000000,4855000000,,0.287,,,,,,true,false,12,2023-04-01,2024-03-31,-1
2025-05-14,8046,2026-03-31,,36600000000,0.029,,,,,1600000000,0.013,2100000000,0.011,,1410000000,,393.95,,,,,,,,,,,,,,,,0.330,,,,,,true,true,12,2025-04-01,2026-03-31,1
2025-05-14,8046,2024-03-31,,,,,,,,,,,,,,,,,,,,,,,,,,,,,,110.00,,,,4000000,420787,3579294,false,false,12,2023-04-01,2024-03-31,-1
2025-05-14,8046,2025-03-31,,,,,,,,,,,,,,,,,,,,,,,,,,,,,,130.00,,,,4000000,421019,3579108,false,false,12,2024-04-01,2025-03-31,0
2025-05-14,8046,2026-03-31,,,,,,,,,,,,,,,,,,,,,,,,,,,,,,130.00,,,,,,,false,true,12,2025-04-01,2026-03-31,1
2025-07-31,8046,2026-03-31,1,9506000000,0.151,,,,,573000000,0.499,699000000,0.403,,488000000,,136.42,,,,,,43142000000,31051000000,0.720,,31051000000,,,,,,,,,,,,true,false,3,2025-04-01,2025-06-30,0
2025-07-31,8046,2025-03-31,1,8262000000,-0.013,,,,,382000000,0.691,498000000,0.444,,324000000,,90.78,,,,,,,,,,,,,,,,,,,,,,true,false,3,2024-04-01,2024-06-30,-1
2025-07-31,8046,2026-03-31,1,36600000000,0.029,,,,,1600000000,0.013,2100000000,0.011,,1410000000,,393.95,,,,,,,,,,,,,,,,,,,,,,true,true,12,2025-04-01,2026-03-31,0
2025-07-31,8046,2025-03-31,1,,,,,,,,,,,,,,,,,,,,43969000000,30926000000,0.703,,30926000000,,,,,,,,,,,,true,false,12,2024-04-01,2025-03-31,-1
2025-07-31,8046,2025-03-31,1,,,,,,,,,,,,,,,,,,,,,,,,,,,,,130.00,,,,4000000,421019,,false,false,12,2024-04-01,2025-03-31,-1
2025-07-31,8046,2026-03-31,1,,,,,,,,,,,,,,,,,,,,,,,,,,,,,130.00,,,,,,,false,true,12,2025-04-01,2026-03-31,0
2025-07-31,8046,2026-03-31,1,,,,,,,,,,,,,,,,,,,,,,,,,,,,,,,,,4000000,421019,3578981,false,false,3,2025-04-01,2025-06-30,0
2025-07-31,8046,2025-03-31,1,,,,,,,,,,,,,,,,,,,,,,,,,,,,,,,,,,,3579162,false,false,3,2024-04-01,2024-06-30,-1
