filing_date,code,fiscal_year_end,quarterly_period,net_sales,net_sales_change,revenue,revenue_change,operating_revenue,operating_revenue_change,operating_profit,operating_profit_change,ordinary_profit,ordinary_profit_change,net_income,net_income_of_parent,net_income_change,eps,diluted_eps,roe,roa,operating_profit_to_net_sales,operating_profit_to_revenue,total_assets,net_assets,equity_ratio,bps,owner_equity,operating_cash_flow,investing_cash_flow,financing_cash_flow,cash,dividend_per_share,payout_ratio,commemorative_dividend,extra_dividend,number_of_shares,number_of_treqsury_shares,avg_number_of_shares,is_consolidated,is_forecast,duration,period_start,period_end,period_pos
2015-05-08,80520,2015-03-31,,86806000000,0.057,,,,,2160000000,0.093,2366000000,0.068,1427000000,,-0.038,44.41,,0.090,0.044,0.025,,57939000000,17527000000,0.299,543.67,17304000000,2019000000,-252000000,-486000000,5448000000,,0.225,,,,,,true,false,12,2014-04-01,2015-03-31,0
2015-05-08,80520,2014-03-31,,82134000000,0.009,,,,,1976000000,0.037,2216000000,0.080,1483000000,,1.941,46.12,,0.112,0.046,0.024,,48425000000,14717000000,0.300,451.54,14546000000,-647000000,-438000000,-378000000,4072000000,,0.239,,,,,,true,false,12,2013-04-01,2014-03-31,-1
2015-05-08,80520,2016-03-31,,43000000000,0.024,,,,,1040000000,0.034,1150000000,0.023,,720000000,,22.40,,,,,,,,,,,,,,,,,,,,,,true,true,6,2015-04-01,2015-09-30,1
2015-05-08,80520,2016-03-31,,88000000000,0.014,,,,,2200000000,0.018,2400000000,0.014,,1480000000,,46.04,,,,,,,,,,,,,,,,0.217,,,,,,true,true,12,2015-04-01,2016-03-31,1
2015-05-08,80520,2015-03-31,,80567000000,0.068,,,,,1371000000,0.206,1902000000,0.180,1262000000,,-0.282,39.28,,,,,,54824000000,15026000000,0.274,472.10,15026000000,,,,,10.00,,,,32489845,661223,32148381,false,false,12,2014-04-01,2015-03-31,0
2015-05-08,80520,2014-03-31,,75409000000,0.004,,,,,1138000000,-0.073,1612000000,0.023,1757000000,,4.111,54.56,,,,,,45986000000,12556000000,0.273,389.78,12556000000,,,,,11.00,,,,32489845,275248,32171228,false,false,12,2013-04-01,2014-03-31,-1
2015-05-08,80520,2016-03-31,,40000000000,0.027,,,,,690000000,0.048,1150000000,0.039,840000000,,0.053,26.13,,,,,,,,,,,,,,,,,,,,,,false,true,6,2015-04-01,2015-09-30,1
2015-05-08,80520,2016-03-31,,82000000000,0.018,,,,,1420000000,0.035,1950000000,0.025,1320000000,,0.045,41.06,,,,,,,,,,,,,,,10.00,,,,,,,false,true,12,2015-04-01,2016-03-31,1
2015-07-24,80520,2016-03-31,1,17421000000,-0.039,,,,,177000000,0.939,277000000,0.405,,226000000,,7.11,,,,,,56082000000,18626000000,0.328,,18393000000,,,,,,,,,,,,true,false,3,2015-04-01,2015-06-30,0
2015-07-24,80520,2015-03-31,1,18122000000,0.029,,,,,91000000,-0.555,197000000,-0.360,,111000000,,3.46,,,,,,,,,,,,,,,,,,,,,,true,false,3,2014-04-01,2014-06-30,-1
2015-07-24,80520,2016-03-31,1,43000000000,0.024,,,,,1040000000,0.034,1150000000,0.023,,720000000,,22.40,,,,,,,,,,,,,,,,,,,,,,true,true,6,2015-04-01,2015-09-30,0
2015-07-24,80520,2016-03-31,1,88000000000,0.014,,,,,2200000000,0.018,2400000000,0.014,,1480000000,,46.04,,,,,,,,,,,,,,,,,,,,,,true,true,12,2015-04-01,2016-03-31,0
2015-07-24,80520,2015-03-31,1,,,,,,,,,,,,,,,,,,,,57939000000,17527000000,0.299,,17304000000,,,,,,,,,,,,true,false,12,2014-04-01,2015-03-31,-1
2015-07-24,80520,2015-03-31,1,,,,,,,,,,,,,,,,,,,,,,,,,,,,,10.00,,,,32489845,661223,,false,false,12,2014-04-01,2015-03-31,-1
2015-07-24,80520,2016-03-31,1,,,,,,,,,,,,,,,,,,,,,,,,,,,,,10.00,,,,,,,false,true,12,2015-04-01,2016-03-31,0
2015-07-24,80520,2016-03-31,1,,,,,,,,,,,,,,,,,,,,,,,,,,,,,,,,,32489845,663049,31827360,false,false,3,2015-04-01,2015-06-30,0
2015-07-24,80520,2015-03-31,1,,,,,,,,,,,,,,,,,,,,,,,,,,,,,,,,,,,32214480,false,false,3,2014-04-01,2014-06-30,-1
2015-10-30,80520,2016-03-31,2,41858000000,-0.004,,,,,949000000,-0.056,1053000000,-0.063,,741000000,,23.31,,,,,,52940000000,16706000000,0.311,,16473000000,,,,,,,,,,,,true,false,6,2015-04-01,2015-09-30,0
2015-10-30,80520,2015-03-31,2,42012000000,0.057,,,,,1005000000,0.049,1124000000,0.016,,689000000,,21.39,,,,,,,,,,,,,,,,,,,,,,true,false,6,2014-04-01,2014-09-30,-1
2015-10-30,80520,2016-03-31,2,88000000000,0.014,,,,,2200000000,0.018,2400000000,0.014,,1480000000,,46.04,,,,,,,,,,,,,,,,,,,,,,true,true,12,2015-04-01,2016-03-31,0
2015-10-30,80520,2015-03-31,2,,,,,,,,,,,,,,,,,,,,57939000000,17527000000,0.299,,17304000000,,,,,,,,,,,,true,false,12,2014-04-01,2015-03-31,-1
2015-10-30,80520,2015-03-31,2,,,,,,,,,,,,,,,,,,,,,,,,,,,,,10.00,,,,32489845,661223,,false,false,12,2014-04-01,2015-03-31,-1
2015-10-30,80520,2016-03-31,2,,,,,,,,,,,,,,,,,,,,,,,,,,,,,3.00,,,,,,,false,false,12,2015-04-01,2016-03-31,0
2015-10-30,80520,2016-03-31,2,,,,,,,,,,,,,,,,,,,,,,,,,,,,,10.00,,,,,,,false,true,12,2015-04-01,2016-03-31,0
2015-10-30,80520,2016-03-31,2,,,,,,,,,,,,,,,,,,,,,,,,,,,,,,,,,32489845,664549,31826561,false,false,6,2015-04-01,2015-09-30,0
2015-10-30,80520,2015-03-31,2,,,,,,,,,,,,,,,,,,,,,,,,,,,,,,,,,,,32213378,false,false,6,2014-04-01,2014-09-30,-1
2016-01-29,80520,2016-03-31,3,62903000000,0.035,,,,,1460000000,0.316,1651000000,0.241,,1113000000,,34.98,,,,,,59795000000,18041000000,0.298,,17801000000,,,,,,,,,,,,true,false,9,2015-04-01,2015-12-31,0
2016-01-29,80520,2015-03-31,3,60760000000,0.046,,,,,1109000000,-0.101,1330000000,-0.098,,820000000,,25.46,,,,,,,,,,,,,,,,,,,,,,true,false,9,2014-04-01,2014-12-31,-1
2016-01-29,80520,2016-03-31,3,88000000000,0.014,,,,,2200000000,0.018,2400000000,0.014,,1480000000,,46.04,,,,,,,,,,,,,,,,,,,,,,true,true,12,2015-04-01,2016-03-31,0
2016-01-29,80520,2015-03-31,3,,,,,,,,,,,,,,,,,,,,57939000000,17527000000,0.299,,17304000000,,,,,,,,,,,,true,false,12,2014-04-01,2015-03-31,-1
2016-01-29,80520,2015-03-31,3,,,,,,,,,,,,,,,,,,,,,,,,,,,,,10.00,,,,32489845,661223,,false,false,12,2014-04-01,2015-03-31,-1
2016-01-29,80520,2016-03-31,3,,,,,,,,,,,,,,,,,,,,,,,,,,,,,3.00,,,,,,,false,false,12,2015-04-01,2016-03-31,0
2016-01-29,80520,2016-03-31,3,,,,,,,,,,,,,,,,,,,,,,,,,,,,,10.00,,,,,,,false,true,12,2015-04-01,2016-03-31,0
2016-01-29,80520,2016-03-31,3,,,,,,,,,,,,,,,,,,,,,,,,,,,,,,,,,32489845,666784,31825839,false,false,9,2015-04-01,2015-12-31,0
2016-01-29,80520,2015-03-31,3,,,,,,,,,,,,,,,,,,,,,,,,,,,,,,,,,,,32212454,false,false,9,2014-04-01,2014-12-31,-1
2016-05-09,80520,2016-03-31,,88711000000,0.022,,,,,2298000000,0.064,2428000000,0.026,,1536000000,,48.29,,0.091,0.044,0.026,,52833000000,16735000000,0.312,518.69,16506000000,1040000000,-99000000,-2356000000,3986000000,,0.269,,,,,,true,false,12,2015-04-01,2016-03-31,0
2016-05-09,80520,2015-03-31,,86806000000,0.057,,,,,2160000000,0.093,2366000000,0.068,,1427000000,,44.41,,0.090,0.044,0.025,,57939000000,17527000000,0.299,543.67,17304000000,2019000000,-252000000,-486000000,5448000000,,0.225,,,,,,true,false,12,2014-04-01,2015-03-31,-1
2016-05-09,80520,2017-03-31,,44000000000,0.051,,,,,1000000000,0.053,1100000000,0.044,,750000000,,23.57,,,,,,,,,,,,,,,,,,,,,,true,true,6,2016-04-01,2016-09-30,1
2016-05-09,80520,2017-03-31,,90000000000,0.015,,,,,2350000000,0.023,2480000000,0.021,,1580000000,,49.65,,,,,,,,,,,,,,,,0.201,,,,,,true,true,12,2016-04-01,2017-03-31,1
2016-05-09,80520,2016-03-31,,81549000000,0.012,,,,,1424000000,0.038,2021000000,0.063,1437000000,,0.138,45.16,,,,,,49822000000,14358000000,0.288,451.21,14358000000,,,,,13.00,,,,32489845,667084,31825078,false,false,12,2015-04-01,2016-03-31,0
2016-05-09,80520,2015-03-31,,80567000000,0.068,,,,,1371000000,0.206,1902000000,0.180,1262000000,,-0.282,39.28,,,,,,54824000000,15026000000,0.274,472.10,15026000000,,,,,10.00,,,,32489845,661223,32148381,false,false,12,2014-04-01,2015-03-31,-1
2016-05-09,80520,2017-03-31,,40500000000,0.049,,,,,600000000,0.125,1080000000,0.006,900000000,,0.004,28.28,,,,,,,,,,,,,,,,,,,,,,false,true,6,2016-04-01,2016-09-30,1
2016-05-09,80520,2017-03-31,,83000000000,0.018,,,,,1460000000,0.025,2070000000,0.024,1450000000,,0.009,45.56,,,,,,,,,,,,,,,10.00,,,,,,,false,true,12,2016-04-01,2017-03-31,1
2016-07-25,80520,2017-03-31,1,18839000000,0.081,,,,,108000000,-0.393,215000000,-0.223,,142000000,,4.47,,,,,,49797000000,15874000000,0.315,,15683000000,,,,,,,,,,,,true,false,3,2016-04-01,2016-06-30,0
2016-07-25,80520,2016-03-31,1,17421000000,-0.039,,,,,177000000,0.939,277000000,0.405,,226000000,,7.11,,,,,,,,,,,,,,,,,,,,,,true,false,3,2015-04-01,2015-06-30,-1
2016-07-25,80520,2017-03-31,1,44000000000,0.051,,,,,1000000000,0.053,1100000000,0.044,,750000000,,23.57,,,,,,,,,,,,,,,,,,,,,,true,true,6,2016-04-01,2016-09-30,0
2016-07-25,80520,2017-03-31,1,90000000000,0.015,,,,,2350000000,0.023,2480000000,0.021,,1580000000,,49.65,,,,,,,,,,,,,,,,,,,,,,true,true,12,2016-04-01,2017-03-31,0
2016-07-25,80520,2016-03-31,1,,,,,,,,,,,,,,,,,,,,52833000000,16735000000,0.312,,16506000000,,,,,,,,,,,,true,false,12,2015-04-01,2016-03-31,-1
2016-07-25,80520,2016-03-31,1,,,,,,,,,,,,,,,,,,,,,,,,,,,,,13.00,,,,32489845,667084,,false,false,12,2015-04-01,2016-03-31,-1
2016-07-25,80520,2017-03-31,1,,,,,,,,,,,,,,,,,,,,,,,,,,,,,10.00,,,,,,,false,true,12,2016-04-01,2017-03-31,0
2016-07-25,80520,2017-03-31,1,,,,,,,,,,,,,,,,,,,,,,,,,,,,,,,,,32489845,667217,31822717,false,false,3,2016-04-01,2016-06-30,0
2016-07-25,80520,2016-03-31,1,,,,,,,,,,,,,,,,,,,,,,,,,,,,,,,,,,,31827360,false,false,3,2015-04-01,2015-06-30,-1
2016-11-01,80520,2017-03-31,2,41121000000,-0.018,,,,,1065000000,0.122,1173000000,0.114,,744000000,,23.38,,,,,,51441000000,17348000000,0.334,,17173000000,,,,,,,,,,,,true,false,6,2016-04-01,2016-09-30,0
2016-11-01,80520,2016-03-31,2,41858000000,-0.004,,,,,949000000,-0.056,1053000000,-0.063,,741000000,,23.31,,,,,,,,,,,,,,,,,,,,,,true,false,6,2015-04-01,2015-09-30,-1
2016-11-01,80520,2017-03-31,2,90000000000,0.015,,,,,2350000000,0.023,2480000000,0.021,,1580000000,,49.65,,,,,,,,,,,,,,,,,,,,,,true,true,12,2016-04-01,2017-03-31,0
2016-11-01,80520,2016-03-31,2,,,,,,,,,,,,,,,,,,,,52833000000,16735000000,0.312,,16506000000,,,,,,,,,,,,true,false,12,2015-04-01,2016-03-31,-1
2016-11-01,80520,2016-03-31,2,,,,,,,,,,,,,,,,,,,,,,,,,,,,,13.00,,,,32489845,667084,,false,false,12,2015-04-01,2016-03-31,-1
2016-11-01,80520,2017-03-31,2,,,,,,,,,,,,,,,,,,,,,,,,,,,,,3.00,,,,,,,false,false,12,2016-04-01,2017-03-31,0
2016-11-01,80520,2017-03-31,2,,,,,,,,,,,,,,,,,,,,,,,,,,,,,10.00,,,,,,,false,true,12,2016-04-01,2017-03-31,0
2016-11-01,80520,2017-03-31,2,,,,,,,,,,,,,,,,,,,,,,,,,,,,,,,,,32489845,669501,31822118,false,false,6,2016-04-01,2016-09-30,0
2016-11-01,80520,2016-03-31,2,,,,,,,,,,,,,,,,,,,,,,,,,,,,,,,,,,,31826561,false,false,6,2015-04-01,2015-09-30,-1
2017-01-27,80520,2017-03-31,3,62186000000,-0.011,,,,,1496000000,0.025,1711000000,0.036,,1085000000,,34.13,,,,,,57527000000,19010000000,0.327,,18839000000,,,,,,,,,,,,true,false,9,2016-04-01,2016-12-31,0
2017-01-27,80520,2016-03-31,3,62903000000,0.035,,,,,1460000000,0.316,1651000000,0.241,,1113000000,,34.98,,,,,,,,,,,,,,,,,,,,,,true,false,9,2015-04-01,2015-12-31,-1
2017-01-27,80520,2017-03-31,3,90000000000,0.015,,,,,2350000000,0.023,2480000000,0.021,,1580000000,,49.65,,,,,,,,,,,,,,,,,,,,,,true,true,12,2016-04-01,2017-03-31,0
2017-01-27,80520,2016-03-31,3,,,,,,,,,,,,,,,,,,,,52833000000,16735000000,0.312,,16506000000,,,,,,,,,,,,true,false,12,2015-04-01,2016-03-31,-1
2017-01-27,80520,2016-03-31,3,,,,,,,,,,,,,,,,,,,,,,,,,,,,,13.00,,,,32489845,667084,,false,false,12,2015-04-01,2016-03-31,-1
2017-01-27,80520,2017-03-31,3,,,,,,,,,,,,,,,,,,,,,,,,,,,,,3.00,,,,,,,false,false,12,2016-04-01,2017-03-31,0
2017-01-27,80520,2017-03-31,3,,,,,,,,,,,,,,,,,,,,,,,,,,,,,10.00,,,,,,,false,true,12,2016-04-01,2017-03-31,0
2017-01-27,80520,2017-03-31,3,,,,,,,,,,,,,,,,,,,,,,,,,,,,,,,,,32489845,670815,31821189,false,false,9,2016-04-01,2016-12-31,0
2017-01-27,80520,2016-03-31,3,,,,,,,,,,,,,,,,,,,,,,,,,,,,,,,,,,,31825839,false,false,9,2015-04-01,2015-12-31,-1
2017-04-28,80520,2017-03-31,,88900000000,-0.012,,,,,2550000000,0.085,2780000000,0.121,,2180000000,,68.51,,,,,,,,,,,,,,,,,,,,,,true,true,12,2016-04-01,2017-03-31,0
2017-04-28,80520,2016-03-31,,88711000000,,,,,,2298000000,,2428000000,,,1536000000,,48.29,,,,,,,,,,,,,,,,,,,,,,true,false,12,2015-04-01,2016-03-31,-1
2017-04-28,80520,2017-03-31,,82500000000,-0.006,,,,,1800000000,0.233,2530000000,0.222,2190000000,,0.510,68.82,,,,,,,,,,,,,,,,,,,,,,false,true,12,2016-04-01,2017-03-31,0
2017-04-28,80520,2016-03-31,,81549000000,,,,,,1424000000,,2021000000,,1437000000,,,45.16,,,,,,,,,,,,,,,,,,,,,,false,false,12,2015-04-01,2016-03-31,-1
2017-05-09,80520,2017-03-31,,88889000000,0.002,,,,,2557000000,0.113,2778000000,0.144,,2175000000,,68.38,,0.120,0.051,0.029,,56701000000,20032000000,0.350,623.75,19845000000,2844000000,-204000000,-455000000,6132000000,,0.234,,,,,,true,false,12,2016-04-01,2017-03-31,0
2017-05-09,80520,2016-03-31,,88711000000,0.022,,,,,2298000000,0.064,2428000000,0.026,,1536000000,,48.29,,0.091,0.044,0.026,,52833000000,16735000000,0.312,518.69,16506000000,1040000000,-99000000,-2356000000,3986000000,,0.269,,,,,,true,false,12,2015-04-01,2016-03-31,-1
2017-05-09,80520,2018-03-31,,47000000000,0.143,,,,,1400000000,0.313,1510000000,0.287,,960000000,,30.18,,,,,,,,,,,,,,,,,,,,,,true,true,6,2017-04-01,2017-09-30,1
2017-05-09,80520,2018-03-31,,93000000000,0.046,,,,,2620000000,0.024,2800000000,0.008,,1810000000,,56.89,,,,,,,,,,,,,,,,0.193,,,,,,true,true,12,2017-04-01,2018-03-31,1
2017-05-09,80520,2017-03-31,,82563000000,0.012,,,,,1797000000,0.262,2530000000,0.252,2188000000,,0.523,68.77,,,,,,54808000000,17667000000,0.322,555.30,17667000000,,,,,16.00,,,,32489845,674203,31820124,false,false,12,2016-04-01,2017-03-31,0
2017-05-09,80520,2016-03-31,,81549000000,0.012,,,,,1424000000,0.038,2021000000,0.063,1437000000,,0.138,45.16,,,,,,49822000000,14358000000,0.288,451.21,14358000000,,,,,13.00,,,,32489845,667084,31825078,false,false,12,2015-04-01,2016-03-31,-1
2017-05-09,80520,2018-03-31,,44000000000,0.149,,,,,1010000000,0.428,1600000000,0.216,1170000000,,0.160,36.77,,,,,,,,,,,,,,,,,,,,,,false,true,6,2017-04-01,2017-09-30,1
2017-05-09,80520,2018-03-31,,87000000000,0.054,,,,,1850000000,0.029,2560000000,0.012,1800000000,,-0.177,56.58,,,,,,,,,,,,,,,11.00,,,,,,,false,true,12,2017-04-01,2018-03-31,1
2017-07-28,80520,2018-03-31,1,22728000000,0.206,,,,,813000000,6.526,955000000,3.432,,653000000,,20.54,,,,,,59090000000,20781000000,0.349,,20597000000,,,,,,,,,,,,true,false,3,2017-04-01,2017-06-30,0
2017-07-28,80520,2017-03-31,1,18839000000,0.081,,,,,108000000,-0.393,215000000,-0.223,,142000000,,4.47,,,,,,,,,,,,,,,,,,,,,,true,false,3,2016-04-01,2016-06-30,-1
2017-07-28,80520,2018-03-31,1,47000000000,0.143,,,,,1400000000,0.313,1510000000,0.287,,960000000,,30.18,,,,,,,,,,,,,,,,,,,,,,true,true,6,2017-04-01,2017-09-30,0
2017-07-28,80520,2018-03-31,1,93000000000,0.046,,,,,2620000000,0.024,2800000000,0.008,,1810000000,,284.45,,,,,,,,,,,,,,,,,,,,,,true,true,12,2017-04-01,2018-03-31,0
2017-07-28,80520,2017-03-31,1,,,,,,,,,,,,,,,,,,,,56701000000,20032000000,0.350,,19845000000,,,,,,,,,,,,true,false,12,2016-04-01,2017-03-31,-1
2017-07-28,80520,2017-03-31,1,,,,,,,,,,,,,,,,,,,,,,,,,,,,,16.00,,,,32489845,674203,,false,false,12,2016-04-01,2017-03-31,-1
2017-07-28,80520,2018-03-31,1,,,,,,,,,,,,,,,,,,,,,,,,,,,,,40.00,,,,,,,false,true,12,2017-04-01,2018-03-31,0
2017-07-28,80520,2018-03-31,1,,,,,,,,,,,,,,,,,,,,,,,,,,,,,,,,,32489845,675915,31814567,false,false,3,2017-04-01,2017-06-30,0
2017-07-28,80520,2017-03-31,1,,,,,,,,,,,,,,,,,,,,,,,,,,,,,,,,,,,31822717,false,false,3,2016-04-01,2016-06-30,-1
2017-10-31,80520,2018-03-31,2,46539000000,0.132,,,,,1640000000,0.539,1808000000,0.542,,1227000000,,192.89,,,,,,65677000000,21334000000,0.322,,21157000000,,,,,,,,,,,,true,false,6,2017-04-01,2017-09-30,0
2017-10-31,80520,2017-03-31,2,41121000000,-0.018,,,,,1065000000,0.122,1173000000,0.114,,744000000,,116.92,,,,,,,,,,,,,,,,,,,,,,true,false,6,2016-04-01,2016-09-30,-1
2017-10-31,80520,2018-03-31,2,93000000000,0.046,,,,,2620000000,0.024,2800000000,0.008,,1810000000,,284.45,,,,,,,,,,,,,,,,,,,,,,true,true,12,2017-04-01,2018-03-31,0
2017-10-31,80520,2017-03-31,2,,,,,,,,,,,,,,,,,,,,56701000000,20032000000,0.350,,19845000000,,,,,,,,,,,,true,false,12,2016-04-01,2017-03-31,-1
2017-10-31,80520,2017-03-31,2,,,,,,,,,,,,,,,,,,,,,,,,,,,,,16.00,,,,6497969,134840,,false,false,12,2016-04-01,2017-03-31,-1
2017-10-31,80520,2018-03-31,2,,,,,,,,,,,,,,,,,,,,,,,,,,,,,6.00,,,,,,,false,false,12,2017-04-01,2018-03-31,0
2017-10-31,80520,2018-03-31,2,,,,,,,,,,,,,,,,,,,,,,,,,,,,,40.00,,,,,,,false,true,12,2017-04-01,2018-03-31,0
2017-10-31,80520,2018-03-31,2,,,,,,,,,,,,,,,,,,,,,,,,,,,,,,,,,6497969,135671,6362703,false,false,6,2017-04-01,2017-09-30,0
2017-10-31,80520,2017-03-31,2,,,,,,,,,,,,,,,,,,,,,,,,,,,,,,,,,,,6364424,false,false,6,2016-04-01,2016-09-30,-1
2018-01-31,80520,2018-03-31,3,69549000000,0.118,,,,,2282000000,0.525,2578000000,0.507,,1736000000,,273.43,,,,,,67321000000,21659000000,0.319,,21469000000,,,,,,,,,,,,true,false,9,2017-04-01,2017-12-31,0
2018-01-31,80520,2017-03-31,3,62186000000,-0.011,,,,,1496000000,0.025,1711000000,0.036,,1085000000,,170.63,,,,,,,,,,,,,,,,,,,,,,true,false,9,2016-04-01,2016-12-31,-1
2018-01-31,80520,2018-03-31,3,95000000000,0.069,,,,,3000000000,0.173,3200000000,0.152,,2100000000,,330.64,,,,,,,,,,,,,,,,,,,,,,true,true,12,2017-04-01,2018-03-31,0
2018-01-31,80520,2017-03-31,3,,,,,,,,,,,,,,,,,,,,56701000000,20032000000,0.350,,19845000000,,,,,,,,,,,,true,false,12,2016-04-01,2017-03-31,-1
2018-01-31,80520,2017-03-31,3,,,,,,,,,,,,,,,,,,,,,,,,,,,,,16.00,,,,6497969,134840,,false,false,12,2016-04-01,2017-03-31,-1
2018-01-31,80520,2018-03-31,3,,,,,,,,,,,,,,,,,,,,,,,,,,,,,6.00,,,,,,,false,false,12,2017-04-01,2018-03-31,0
2018-01-31,80520,2018-03-31,3,,,,,,,,,,,,,,,,,,,,,,,,,,,,,40.00,,,,,,,false,true,12,2017-04-01,2018-03-31,0
2018-01-31,80520,2018-03-31,3,,,,,,,,,,,,,,,,,,,,,,,,,,,,,,,,,6497969,236365,6351291,false,false,9,2017-04-01,2017-12-31,0
2018-01-31,80520,2017-03-31,3,,,,,,,,,,,,,,,,,,,,,,,,,,,,,,,,,,,6364238,false,false,9,2016-04-01,2016-12-31,-1
2018-01-31,80520,2018-03-31,,95000000000,0.022,,,,,3000000000,0.145,3200000000,0.143,,2100000000,,330.64,,,,,,,,,,,,,,,,,,,,,,true,true,12,2017-04-01,2018-03-31,0
2018-01-31,80520,2017-03-31,,88889000000,,,,,,2557000000,,2778000000,,,2175000000,,341.88,,,,,,,,,,,,,,,,,,,,,,true,false,12,2016-04-01,2017-03-31,-1
2018-01-31,80520,2018-03-31,,90000000000,0.034,,,,,2100000000,0.135,2800000000,0.094,2000000000,,0.111,314.90,,,,,,,,,,,,,,,,,,,,,,false,true,12,2017-04-01,2018-03-31,0
2018-01-31,80520,2017-03-31,,82563000000,,,,,,1797000000,,2530000000,,2188000000,,,343.85,,,,,,,,,,,,,,,,,,,,,,false,false,12,2016-04-01,2017-03-31,-1
2018-05-08,80520,2018-03-31,,98645000000,0.110,,,,,3414000000,0.335,3693000000,0.329,,2421000000,,382.67,,0.117,0.057,0.035,,73200000000,21693000000,0.294,3432.20,21490000000,8975000000,-160000000,-902000000,14070000000,,0.261,,,,,,true,false,12,2017-04-01,2018-03-31,0
2018-05-08,80520,2017-03-31,,88889000000,0.002,,,,,2557000000,0.113,2778000000,0.144,,2175000000,,341.88,,0.120,0.051,0.029,,56701000000,20032000000,0.350,3118.76,19845000000,2844000000,-204000000,-455000000,6132000000,,0.234,,,,,,true,false,12,2016-04-01,2017-03-31,-1
2018-05-08,80520,2019-03-31,,50000000000,0.074,,,,,1900000000,0.158,2000000000,0.106,,1320000000,,208.57,,,,,,,,,,,,,,,,,,,,,,true,true,6,2018-04-01,2018-09-30,1
2018-05-08,80520,2019-03-31,,102000000000,0.034,,,,,4100000000,0.201,4350000000,0.178,,2850000000,,450.32,,,,,,,,,,,,,,,,0.222,,,,,,true,true,12,2018-04-01,2019-03-31,1
2018-05-08,80520,2018-03-31,,92705000000,0.123,,,,,2380000000,0.324,3067000000,0.212,2159000000,,-0.013,341.14,,,,,,71032000000,19045000000,0.268,3041.75,19045000000,,,,,70.00,,,,6497969,236483,6328846,false,false,12,2017-04-01,2018-03-31,0
2018-05-08,80520,2017-03-31,,82563000000,0.012,,,,,1797000000,0.262,2530000000,0.252,2188000000,,0.523,343.85,,,,,,54808000000,17667000000,0.322,2776.48,17667000000,,,,,16.00,,,,6497969,134840,6364025,false,false,12,2016-04-01,2017-03-31,-1
2018-05-08,80520,2019-03-31,,47100000000,0.067,,,,,1470000000,0.227,2150000000,0.223,1600000000,,0.205,252.81,,,,,,,,,,,,,,,,,,,,,,false,true,6,2018-04-01,2018-09-30,1
2018-05-08,80520,2019-03-31,,95500000000,0.030,,,,,3220000000,0.353,4050000000,0.320,2860000000,,0.325,451.90,,,,,,,,,,,,,,,100.00,,,,,,,false,true,12,2018-04-01,2019-03-31,1
2018-07-27,80520,2019-03-31,1,21064000000,-0.073,,,,,624000000,-0.232,815000000,-0.147,,545000000,,87.18,,,,,,71236000000,21781000000,0.303,,21587000000,,,,,,,,,,,,true,false,3,2018-04-01,2018-06-30,0
2018-07-27,80520,2018-03-31,1,22728000000,0.206,,,,,813000000,6.526,955000000,3.432,,653000000,,102.70,,,,,,,,,,,,,,,,,,,,,,true,false,3,2017-04-01,2017-06-30,-1
2018-07-27,80520,2019-03-31,1,50000000000,0.074,,,,,1900000000,0.158,2000000000,0.106,,1320000000,,208.57,,,,,,,,,,,,,,,,,,,,,,true,true,6,2018-04-01,2018-09-30,0
2018-07-27,80520,2019-03-31,1,102000000000,0.034,,,,,4100000000,0.201,4350000000,0.178,,2850000000,,450.32,,,,,,,,,,,,,,,,,,,,,,true,true,12,2018-04-01,2019-03-31,0
2018-07-27,80520,2018-03-31,1,,,,,,,,,,,,,,,,,,,,73038000000,21693000000,0.294,,21490000000,,,,,,,,,,,,true,false,12,2017-04-01,2018-03-31,-1
2018-07-27,80520,2018-03-31,1,,,,,,,,,,,,,,,,,,,,,,,,,,,,,70.00,,,,6497969,236483,,false,false,12,2017-04-01,2018-03-31,-1
2018-07-27,80520,2019-03-31,1,,,,,,,,,,,,,,,,,,,,,,,,,,,,,100.00,,,,,,,false,true,12,2018-04-01,2019-03-31,0
2018-07-27,80520,2019-03-31,1,,,,,,,,,,,,,,,,,,,,,,,,,,,,,,,,,6497969,236698,6261318,false,false,3,2018-04-01,2018-06-30,0
2018-07-27,80520,2018-03-31,1,,,,,,,,,,,,,,,,,,,,,,,,,,,,,,,,,,,6362914,false,false,3,2017-04-01,2017-06-30,-1
2018-10-31,80520,2019-03-31,2,53386000000,0.147,,,,,2829000000,0.725,3022000000,0.671,,2044000000,,326.46,,,,,,74705000000,24166000000,0.321,,23974000000,,,,,,,,,,,,true,false,6,2018-04-01,2018-09-30,0
2018-10-31,80520,2018-03-31,2,46539000000,0.132,,,,,1640000000,0.539,1808000000,0.542,,1227000000,,192.89,,,,,,,,,,,,,,,,,,,,,,true,false,6,2017-04-01,2017-09-30,-1
2018-10-31,80520,2019-03-31,2,106500000000,0.080,,,,,4700000000,0.376,5000000000,0.354,,3250000000,,519.06,,,,,,,,,,,,,,,,,,,,,,true,true,12,2018-04-01,2019-03-31,0
2018-10-31,80520,2018-03-31,2,,,,,,,,,,,,,,,,,,,,73038000000,21693000000,0.294,,21490000000,,,,,,,,,,,,true,false,12,2017-04-01,2018-03-31,-1
2018-10-31,80520,2018-03-31,2,,,,,,,,,,,,,,,,,,,,,,,,,,,,,70.00,,,,6497969,236483,,false,false,12,2017-04-01,2018-03-31,-1
2018-10-31,80520,2019-03-31,2,,,,,,,,,,,,,,,,,,,,,,,,,,,,,30.00,,,,,,,false,false,12,2018-04-01,2019-03-31,0
2018-10-31,80520,2019-03-31,2,,,,,,,,,,,,,,,,,,,,,,,,,,,,,100.00,,,,,,,false,true,12,2018-04-01,2019-03-31,0
2018-10-31,80520,2019-03-31,2,,,,,,,,,,,,,,,,,,,,,,,,,,,,,,,,,6497969,236796,6261262,false,false,6,2018-04-01,2018-09-30,0
2018-10-31,80520,2018-03-31,2,,,,,,,,,,,,,,,,,,,,,,,,,,,,,,,,,,,6362703,false,false,6,2017-04-01,2017-09-30,-1
2019-01-31,80520,2019-03-31,3,77300000000,0.111,,,,,4136000000,0.812,4482000000,0.738,,3048000000,,486.91,,,,,,75868000000,22744000000,0.297,,22534000000,,,,,,,,,,,,true,false,9,2018-04-01,2018-12-31,0
2019-01-31,80520,2018-03-31,3,69549000000,0.118,,,,,2282000000,0.525,2578000000,0.507,,1736000000,,273.43,,,,,,,,,,,,,,,,,,,,,,true,false,9,2017-04-01,2017-12-31,-1
2019-01-31,80520,2019-03-31,3,107000000000,0.085,,,,,5300000000,0.552,5600000000,0.516,,3650000000,,582.95,,,,,,,,,,,,,,,,,,,,,,true,true,12,2018-04-01,2019-03-31,0
2019-01-31,80520,2018-03-31,3,,,,,,,,,,,,,,,,,,,,73038000000,21693000000,0.294,,21490000000,,,,,,,,,,,,true,false,12,2017-04-01,2018-03-31,-1
2019-01-31,80520,2018-03-31,3,,,,,,,,,,,,,,,,,,,,,,,,,,,,,70.00,,,,6497969,236483,,false,false,12,2017-04-01,2018-03-31,-1
2019-01-31,80520,2019-03-31,3,,,,,,,,,,,,,,,,,,,,,,,,,,,,,30.00,,,,,,,false,false,12,2018-04-01,2019-03-31,0
2019-01-31,80520,2019-03-31,3,,,,,,,,,,,,,,,,,,,,,,,,,,,,,100.00,,,,,,,false,true,12,2018-04-01,2019-03-31,0
2019-01-31,80520,2019-03-31,3,,,,,,,,,,,,,,,,,,,,,,,,,,,,,,,,,6497969,236876,6261217,false,false,9,2018-04-01,2018-12-31,0
2019-01-31,80520,2018-03-31,3,,,,,,,,,,,,,,,,,,,,,,,,,,,,,,,,,,,6351291,false,false,9,2017-04-01,2017-12-31,-1
2019-01-31,80520,2019-03-31,,107000000000,0.005,,,,,5300000000,0.128,5600000000,0.120,,3650000000,,582.95,,,,,,,,,,,,,,,,,,,,,,true,true,12,2018-04-01,2019-03-31,0
2019-01-31,80520,2018-03-31,,98645000000,,,,,,3414000000,,3693000000,,,2421000000,,382.67,,,,,,,,,,,,,,,,,,,,,,true,false,12,2017-04-01,2018-03-31,-1
2019-01-31,80520,2019-03-31,,101000000000,0.009,,,,,4100000000,0.161,5000000000,0.129,3500000000,,0.133,559.00,,,,,,,,,,,,,,,,,,,,,,false,true,12,2018-04-01,2019-03-31,0
2019-01-31,80520,2018-03-31,,92705000000,,,,,,2380000000,,3067000000,,2159000000,,,341.14,,,,,,,,,,,,,,,,,,,,,,false,false,12,2017-04-01,2018-03-31,-1
2019-05-09,80520,2019-03-31,,107450000000,0.089,,,,,5682000000,0.664,6019000000,0.630,,4105000000,,655.78,,0.181,0.081,0.053,,75739000000,24089000000,0.315,3813.58,23876000000,5401000000,-699000000,-639000000,18115000000,,0.229,,,,,,true,false,12,2018-04-01,2019-03-31,0
2019-05-09,80520,2018-03-31,,98645000000,0.110,,,,,3414000000,0.335,3693000000,0.329,,2421000000,,382.67,,0.117,0.057,0.035,,73038000000,21693000000,0.294,3432.20,21490000000,8975000000,-160000000,-902000000,14070000000,,0.261,,,,,,true,false,12,2017-04-01,2018-03-31,-1
2019-05-09,80520,2020-03-31,,51000000000,-0.045,,,,,2650000000,-0.063,2800000000,-0.074,,1850000000,,295.47,,,,,,,,,,,,,,,,,,,,,,true,true,6,2019-04-01,2019-09-30,1
2019-05-09,80520,2020-03-31,,100000000000,-0.069,,,,,4730000000,-0.168,5000000000,-0.169,,3450000000,,551.02,,,,,,,,,,,,,,,,0.218,,,,,,true,true,12,2019-04-01,2020-03-31,1
2019-05-09,80520,2019-03-31,,100855000000,0.088,,,,,4370000000,0.836,5285000000,0.723,3827000000,,0.773,611.25,,,,,,74163000000,21250000000,0.287,3394.08,21250000000,,,,,150.00,,,,6497969,237030,6261172,false,false,12,2018-04-01,2019-03-31,0
2019-05-09,80520,2018-03-31,,92705000000,0.123,,,,,2380000000,0.324,3067000000,0.212,2159000000,,-0.013,341.14,,,,,,70909000000,19045000000,0.269,3041.75,19045000000,,,,,70.00,,,,6497969,236483,6328846,false,false,12,2017-04-01,2018-03-31,-1
2019-05-09,80520,2020-03-31,,48000000000,-0.050,,,,,2050000000,-0.043,2900000000,-0.003,2180000000,,0.008,348.18,,,,,,,,,,,,,,,,,,,,,,false,true,6,2019-04-01,2019-09-30,1
2019-05-09,80520,2020-03-31,,93000000000,-0.078,,,,,3550000000,-0.188,4500000000,-0.149,3200000000,,-0.164,511.09,,,,,,,,,,,,,,,120.00,,,,,,,false,true,12,2019-04-01,2020-03-31,1
2019-07-26,80520,2020-03-31,1,26285000000,0.248,,,,,1176000000,0.884,1345000000,0.650,,856000000,,136.88,,,,,,73265000000,23676000000,0.320,,23449000000,,,,,,,,,,,,true,false,3,2019-04-01,2019-06-30,0
2019-07-26,80520,2019-03-31,1,21064000000,-0.073,,,,,624000000,-0.232,815000000,-0.147,,545000000,,87.18,,,,,,,,,,,,,,,,,,,,,,true,false,3,2018-04-01,2018-06-30,-1
2019-07-26,80520,2020-03-31,1,51000000000,-0.045,,,,,2650000000,-0.063,2800000000,-0.074,,1850000000,,295.47,,,,,,,,,,,,,,,,,,,,,,true,true,6,2019-04-01,2019-09-30,0
2019-07-26,80520,2020-03-31,1,100000000000,-0.069,,,,,4730000000,-0.168,5000000000,-0.169,,3450000000,,551.02,,,,,,,,,,,,,,,,,,,,,,true,true,12,2019-04-01,2020-03-31,0
2019-07-26,80520,2019-03-31,1,,,,,,,,,,,,,,,,,,,,75739000000,24089000000,0.315,,23876000000,,,,,,,,,,,,true,false,12,2018-04-01,2019-03-31,-1
2019-07-26,80520,2019-03-31,1,,,,,,,,,,,,,,,,,,,,,,,,,,,,,150.00,,,,6497969,237030,,false,false,12,2018-04-01,2019-03-31,-1
2019-07-26,80520,2020-03-31,1,,,,,,,,,,,,,,,,,,,,,,,,,,,,,120.00,,,,,,,false,true,12,2019-04-01,2020-03-31,0
2019-07-26,80520,2020-03-31,1,,,,,,,,,,,,,,,,,,,,,,,,,,,,,,,,,6497969,237119,6260898,false,false,3,2019-04-01,2019-06-30,0
2019-07-26,80520,2019-03-31,1,,,,,,,,,,,,,,,,,,,,,,,,,,,,,,,,,,,6261318,false,false,3,2018-04-01,2018-06-30,-1
2019-10-18,80520,2020-03-31,,57000000000,0.118,,,,,3050000000,0.151,3250000000,0.161,,2150000000,,343.40,,,,,,,,,,,,,,,,,,,,,,true,true,6,2019-04-01,2019-09-30,0
2019-10-18,80520,2019-03-31,,53386000000,,,,,,2829000000,,3022000000,,,2044000000,,326.46,,,,,,,,,,,,,,,,,,,,,,true,false,6,2018-04-01,2018-09-30,-1
2019-10-18,80520,2020-03-31,,54000000000,0.125,,,,,2450000000,0.195,3500000000,0.207,2600000000,,0.193,415.28,,,,,,,,,,,,,,,,,,,,,,false,true,6,2019-04-01,2019-09-30,0
2019-10-18,80520,2019-03-31,,50545000000,,,,,,2141000000,,2907000000,,2163000000,,,345.52,,,,,,,,,,,,,,,,,,,,,,false,false,6,2018-04-01,2018-09-30,-1
2019-10-30,80520,2020-03-31,2,57197000000,0.071,,,,,3078000000,0.088,3287000000,0.087,,2169000000,,346.48,,,,,,67020000000,24852000000,0.367,,24626000000,,,,,,,,,,,,true,false,6,2019-04-01,2019-09-30,0
2019-10-30,80520,2019-03-31,2,53386000000,0.147,,,,,2829000000,0.725,3022000000,0.671,,2044000000,,326.46,,,,,,,,,,,,,,,,,,,,,,true,false,6,2018-04-01,2018-09-30,-1
2019-10-30,80520,2020-03-31,2,100000000000,-0.069,,,,,4730000000,-0.168,5000000000,-0.169,,3450000000,,551.02,,,,,,,,,,,,,,,,,,,,,,true,true,12,2019-04-01,2020-03-31,0
2019-10-30,80520,2019-03-31,2,,,,,,,,,,,,,,,,,,,,75739000000,24089000000,0.315,,23876000000,,,,,,,,,,,,true,false,12,2018-04-01,2019-03-31,-1
2019-10-30,80520,2019-03-31,2,,,,,,,,,,,,,,,,,,,,,,,,,,,,,150.00,,,,6497969,237030,,false,false,12,2018-04-01,2019-03-31,-1
2019-10-30,80520,2020-03-31,2,,,,,,,,,,,,,,,,,,,,,,,,,,,,,30.00,,,,,,,false,false,12,2019-04-01,2020-03-31,0
2019-10-30,80520,2020-03-31,2,,,,,,,,,,,,,,,,,,,,,,,,,,,,,120.00,,,,,,,false,true,12,2019-04-01,2020-03-31,0
2019-10-30,80520,2020-03-31,2,,,,,,,,,,,,,,,,,,,,,,,,,,,,,,,,,6497969,237139,6260868,false,false,6,2019-04-01,2019-09-30,0
2019-10-30,80520,2019-03-31,2,,,,,,,,,,,,,,,,,,,,,,,,,,,,,,,,,,,6261262,false,false,6,2018-04-01,2018-09-30,-1
2020-01-31,80520,2020-03-31,3,79619000000,0.030,,,,,4373000000,0.057,4694000000,0.047,,3136000000,,501.02,,,,,,73904000000,26281000000,0.353,,26051000000,,,,,,,,,,,,true,false,9,2019-04-01,2019-12-31,0
2020-01-31,80520,2019-03-31,3,77300000000,0.111,,,,,4136000000,0.812,4482000000,0.738,,3048000000,,486.91,,,,,,,,,,,,,,,,,,,,,,true,false,9,2018-04-01,2018-12-31,-1
2020-01-31,80520,2020-03-31,3,100000000000,-0.069,,,,,4730000000,-0.168,5000000000,-0.169,,3450000000,,551.02,,,,,,,,,,,,,,,,,,,,,,true,true,12,2019-04-01,2020-03-31,0
2020-01-31,80520,2019-03-31,3,,,,,,,,,,,,,,,,,,,,75739000000,24089000000,0.315,,23876000000,,,,,,,,,,,,true,false,12,2018-04-01,2019-03-31,-1
2020-01-31,80520,2019-03-31,3,,,,,,,,,,,,,,,,,,,,,,,,,,,,,150.00,,,,6497969,237030,,false,false,12,2018-04-01,2019-03-31,-1
2020-01-31,80520,2020-03-31,3,,,,,,,,,,,,,,,,,,,,,,,,,,,,,30.00,,,,,,,false,false,12,2019-04-01,2020-03-31,0
2020-01-31,80520,2020-03-31,3,,,,,,,,,,,,,,,,,,,,,,,,,,,,,120.00,,,,,,,false,true,12,2019-04-01,2020-03-31,0
2020-01-31,80520,2020-03-31,3,,,,,,,,,,,,,,,,,,,,,,,,,,,,,,,,,6497969,237239,6260838,false,false,9,2019-04-01,2019-12-31,0
2020-01-31,80520,2019-03-31,3,,,,,,,,,,,,,,,,,,,,,,,,,,,,,,,,,,,6261217,false,false,9,2018-04-01,2018-12-31,-1
2020-05-08,80520,2020-03-31,,104939000000,-0.023,,,,,5293000000,-0.069,5629000000,-0.065,,3740000000,,597.47,,0.155,0.079,0.050,,65969000000,24738000000,0.371,3914.06,24504000000,190000000,-943000000,-960000000,16412000000,,0.218,,,,,,true,false,12,2019-04-01,2020-03-31,0
2020-05-08,80520,2019-03-31,,107450000000,0.089,,,,,5682000000,0.664,6019000000,0.630,,4105000000,,655.78,,0.181,0.081,0.053,,75739000000,24089000000,0.315,3813.58,23876000000,5401000000,-699000000,-639000000,18115000000,,0.229,,,,,,true,false,12,2018-04-01,2019-03-31,-1
2020-05-08,80520,2020-03-31,,98439000000,-0.024,,,,,4159000000,-0.048,5328000000,0.008,3843000000,,0.004,613.96,,,,,,62889000000,22139000000,0.352,3536.33,22139000000,,,,,130.00,,,,6497969,237330,6260791,false,false,12,2019-04-01,2020-03-31,0
2020-05-08,80520,2019-03-31,,100855000000,0.088,,,,,4370000000,0.836,5285000000,0.723,3827000000,,0.773,611.25,,,,,,74163000000,21250000000,0.287,3394.08,21250000000,,,,,150.00,,,,6497969,237030,6261172,false,false,12,2018-04-01,2019-03-31,-1
2020-07-31,80520,2021-03-31,1,19230000000,-0.268,,,,,504000000,-0.571,656000000,-0.512,,443000000,,70.79,,,,,,58214000000,24814000000,0.423,,24610000000,,,,,,,,,,,,true,false,3,2020-04-01,2020-06-30,0
2020-07-31,80520,2020-03-31,1,26285000000,0.248,,,,,1176000000,0.884,1345000000,0.650,,856000000,,136.88,,,,,,,,,,,,,,,,,,,,,,true,false,3,2019-04-01,2019-06-30,-1
2020-07-31,80520,2021-03-31,1,43000000000,-0.248,,,,,1300000000,-0.578,1450000000,-0.559,,970000000,,154.93,,,,,,,,,,,,,,,,,,,,,,true,true,6,2020-04-01,2020-09-30,0
2020-07-31,80520,2021-03-31,1,84500000000,-0.195,,,,,3000000000,-0.433,3300000000,-0.414,,2170000000,,346.60,,,,,,,,,,,,,,,,,,,,,,true,true,12,2020-04-01,2021-03-31,0
2020-07-31,80520,2020-03-31,1,,,,,,,,,,,,,,,,,,,,65969000000,24738000000,0.371,,24504000000,,,,,,,,,,,,true,false,12,2019-04-01,2020-03-31,-1
2020-07-31,80520,2020-03-31,1,,,,,,,,,,,,,,,,,,,,,,,,,,,,,130.00,,,,6497969,237330,,false,false,12,2019-04-01,2020-03-31,-1
2020-07-31,80520,2021-03-31,1,,,,,,,,,,,,,,,,,,,,,,,,,,,,,120.00,,,,,,,false,true,12,2020-04-01,2021-03-31,0
2020-07-31,80520,2021-03-31,1,,,,,,,,,,,,,,,,,,,,,,,,,,,,,,,,,6497969,237390,6260612,false,false,3,2020-04-01,2020-06-30,0
2020-07-31,80520,2020-03-31,1,,,,,,,,,,,,,,,,,,,,,,,,,,,,,,,,,,,6260898,false,false,3,2019-04-01,2019-06-30,-1
2020-07-31,80520,2021-03-31,,43000000000,,,,,,1300000000,,1450000000,,,970000000,,154.93,,,,,,,,,,,,,,,,,,,,,,true,true,6,2020-04-01,2020-09-30,0
2020-07-31,80520,2020-03-31,,57197000000,,,,,,3078000000,,3287000000,,,2169000000,,346.48,,,,,,,,,,,,,,,,,,,,,,true,false,6,2019-04-01,2019-09-30,-1
2020-07-31,80520,2021-03-31,,84500000000,,,,,,3000000000,,3300000000,,,2170000000,,346.60,,,,,,,,,,,,,,,,,,,,,,true,true,12,2020-04-01,2021-03-31,0
2020-07-31,80520,2020-03-31,,104939000000,,,,,,5293000000,,5629000000,,,3740000000,,597.47,,,,,,,,,,,,,,,,,,,,,,true,false,12,2019-04-01,2020-03-31,-1
2020-07-31,80520,2021-03-31,,41000000000,,,,,,930000000,,1830000000,,1470000000,,,234.79,,,,,,,,,,,,,,,,,,,,,,false,true,6,2020-04-01,2020-09-30,0
2020-07-31,80520,2020-03-31,,53943000000,,,,,,2467000000,,3483000000,,2588000000,,,413.42,,,,,,,,,,,,,,,,,,,,,,false,false,6,2019-04-01,2019-09-30,-1
2020-07-31,80520,2021-03-31,,80000000000,,,,,,2180000000,,3210000000,,2370000000,,,378.55,,,,,,,,,,,,,,,120.00,,,,,,,false,true,12,2020-04-01,2021-03-31,0
2020-07-31,80520,2020-03-31,,98439000000,,,,,,4159000000,,5328000000,,3843000000,,,613.96,,,,,,,,,,,,,,,130.00,,,,,,,false,false,12,2019-04-01,2020-03-31,-1
2020-10-30,80520,2021-03-31,2,43716000000,-0.236,,,,,1567000000,-0.491,1855000000,-0.435,,1255000000,,200.59,,,,,,60341000000,25662000000,0.422,,25452000000,,,,,,,,,,,,true,false,6,2020-04-01,2020-09-30,0
2020-10-30,80520,2020-03-31,2,57197000000,0.071,,,,,3078000000,0.088,3287000000,0.087,,2169000000,,346.48,,,,,,,,,,,,,,,,,,,,,,true,false,6,2019-04-01,2019-09-30,-1
2020-10-30,80520,2021-03-31,2,84500000000,-0.195,,,,,3000000000,-0.433,3300000000,-0.414,,2170000000,,346.60,,,,,,,,,,,,,,,,,,,,,,true,true,12,2020-04-01,2021-03-31,0
2020-10-30,80520,2020-03-31,2,,,,,,,,,,,,,,,,,,,,65969000000,24738000000,0.371,,24504000000,,,,,,,,,,,,true,false,12,2019-04-01,2020-03-31,-1
2020-10-30,80520,2020-03-31,2,,,,,,,,,,,,,,,,,,,,,,,,,,,,,130.00,,,,6497969,237330,,false,false,12,2019-04-01,2020-03-31,-1
2020-10-30,80520,2021-03-31,2,,,,,,,,,,,,,,,,,,,,,,,,,,,,,30.00,,,,,,,false,false,12,2020-04-01,2021-03-31,0
2020-10-30,80520,2021-03-31,2,,,,,,,,,,,,,,,,,,,,,,,,,,,,,120.00,,,,,,,false,true,12,2020-04-01,2021-03-31,0
2020-10-30,80520,2021-03-31,2,,,,,,,,,,,,,,,,,,,,,,,,,,,,,,,,,6497969,237460,6260566,false,false,6,2020-04-01,2020-09-30,0
2020-10-30,80520,2020-03-31,2,,,,,,,,,,,,,,,,,,,,,,,,,,,,,,,,,,,6260868,false,false,6,2019-04-01,2019-09-30,-1
2021-01-29,80520,2021-03-31,3,65004000000,-0.184,,,,,2326000000,-0.468,2798000000,-0.404,,1885000000,,301.18,,,,,,65471000000,26653000000,0.404,,26457000000,,,,,,,,,,,,true,false,9,2020-04-01,2020-12-31,0
2021-01-29,80520,2020-03-31,3,79619000000,0.030,,,,,4373000000,0.057,4694000000,0.047,,3136000000,,501.02,,,,,,,,,,,,,,,,,,,,,,true,false,9,2019-04-01,2019-12-31,-1
2021-01-29,80520,2021-03-31,3,84500000000,-0.195,,,,,3000000000,-0.433,3300000000,-0.414,,2170000000,,346.60,,,,,,,,,,,,,,,,,,,,,,true,true,12,2020-04-01,2021-03-31,0
2021-01-29,80520,2020-03-31,3,,,,,,,,,,,,,,,,,,,,65969000000,24738000000,0.371,,24504000000,,,,,,,,,,,,true,false,12,2019-04-01,2020-03-31,-1
2021-01-29,80520,2020-03-31,3,,,,,,,,,,,,,,,,,,,,,,,,,,,,,130.00,,,,6497969,237330,,false,false,12,2019-04-01,2020-03-31,-1
2021-01-29,80520,2021-03-31,3,,,,,,,,,,,,,,,,,,,,,,,,,,,,,30.00,,,,,,,false,false,12,2020-04-01,2021-03-31,0
2021-01-29,80520,2021-03-31,3,,,,,,,,,,,,,,,,,,,,,,,,,,,,,120.00,,,,,,,false,true,12,2020-04-01,2021-03-31,0
2021-01-29,80520,2021-03-31,3,,,,,,,,,,,,,,,,,,,,,,,,,,,,,,,,,6497969,237600,6260525,false,false,9,2020-04-01,2020-12-31,0
2021-01-29,80520,2020-03-31,3,,,,,,,,,,,,,,,,,,,,,,,,,,,,,,,,,,,6260838,false,false,9,2019-04-01,2019-12-31,-1
2021-05-07,80520,2021-03-31,,89646000000,-0.146,,,,,3283000000,-0.380,3794000000,-0.326,,2736000000,,437.16,,0.104,0.058,0.037,,64496000000,28377000000,0.437,4500.87,28176000000,-3412000000,-204000000,-849000000,11935000000,,0.274,,,,,,true,false,12,2020-04-01,2021-03-31,0
2021-05-07,80520,2020-03-31,,104939000000,-0.023,,,,,5293000000,-0.069,5629000000,-0.065,,3740000000,,597.47,,0.155,0.079,0.050,,65969000000,24738000000,0.371,3914.06,24504000000,190000000,-943000000,-960000000,16412000000,,0.218,,,,,,true,false,12,2019-04-01,2020-03-31,-1
2021-05-07,80520,2022-03-31,,44500000000,0.018,,,,,1580000000,0.008,1870000000,0.008,1270000000,,0.011,202.86,,,,,,,,,,,,,,,,,,,,,,true,true,6,2021-04-01,2021-09-30,1
2021-05-07,80520,2022-03-31,,92000000000,0.026,,,,,3500000000,0.066,3850000000,0.015,2550000000,,-0.068,407.32,,,,,,,,,,,,,,,,0.295,,,,,,true,true,12,2021-04-01,2022-03-31,1
2021-05-07,80520,2021-03-31,,83753000000,-0.149,,,,,2261000000,-0.456,3505000000,-0.342,2810000000,,-0.269,448.95,,,,,,62294000000,25711000000,0.413,4107.00,25711000000,,,,,120.00,,,,6497969,237658,6260472,false,false,12,2020-04-01,2021-03-31,0
2021-05-07,80520,2020-03-31,,98439000000,-0.024,,,,,4159000000,-0.048,5328000000,0.008,3843000000,,0.004,613.96,,,,,,62889000000,22139000000,0.352,3536.33,22139000000,,,,,130.00,,,,6497969,237330,6260791,false,false,12,2019-04-01,2020-03-31,-1
2021-05-07,80520,2022-03-31,,43000000000,0.053,,,,,1100000000,0.020,2110000000,0.003,1670000000,,0.003,266.75,,,,,,,,,,,,,,,,,,,,,,false,true,6,2021-04-01,2021-09-30,1
2021-05-07,80520,2022-03-31,,88000000000,0.051,,,,,2600000000,0.150,3550000000,0.013,2540000000,,-0.096,405.72,,,,,,,,,,,,,,,120.00,,,,,,,false,true,12,2021-04-01,2022-03-31,1
2021-07-30,80520,2022-03-31,1,21036000000,0.094,,,,,812000000,0.611,954000000,0.454,,647000000,,103.47,,,,,,65166000000,28378000000,0.433,,28195000000,,,,,,,,,,,,true,false,3,2021-04-01,2021-06-30,0
2021-07-30,80520,2021-03-31,1,19230000000,-0.268,,,,,504000000,-0.571,656000000,-0.512,,443000000,,70.79,,,,,,,,,,,,,,,,,,,,,,true,false,3,2020-04-01,2020-06-30,-1
2021-07-30,80520,2022-03-31,1,44500000000,0.018,,,,,1580000000,0.008,1870000000,0.008,,1270000000,,202.86,,,,,,,,,,,,,,,,,,,,,,true,true,6,2021-04-01,2021-09-30,0
2021-07-30,80520,2022-03-31,1,92000000000,0.026,,,,,3500000000,0.066,3850000000,0.015,,2550000000,,407.32,,,,,,,,,,,,,,,,,,,,,,true,true,12,2021-04-01,2022-03-31,0
2021-07-30,80520,2021-03-31,1,,,,,,,,,,,,,,,,,,,,64496000000,28377000000,0.437,,28176000000,,,,,,,,,,,,true,false,12,2020-04-01,2021-03-31,-1
2021-07-30,80520,2021-03-31,1,,,,,,,,,,,,,,,,,,,,,,,,,,,,,120.00,,,,6497969,237658,,false,false,12,2020-04-01,2021-03-31,-1
2021-07-30,80520,2022-03-31,1,,,,,,,,,,,,,,,,,,,,,,,,,,,,,120.00,,,,,,,false,true,12,2021-04-01,2022-03-31,0
2021-07-30,80520,2022-03-31,1,,,,,,,,,,,,,,,,,,,,,,,,,,,,,,,,,6497969,237719,6260270,false,false,3,2021-04-01,2021-06-30,0
2021-07-30,80520,2021-03-31,1,,,,,,,,,,,,,,,,,,,,,,,,,,,,,,,,,,,6260612,false,false,3,2020-04-01,2020-06-30,-1
2021-10-29,80520,2022-03-31,2,44337000000,0.014,,,,,1844000000,0.177,2045000000,0.102,,1355000000,,216.59,,,,,,71244000000,29551000000,0.412,,29372000000,,,,,,,,,,,,true,false,6,2021-04-01,2021-09-30,0
2021-10-29,80520,2021-03-31,2,43716000000,-0.236,,,,,1567000000,-0.491,1855000000,-0.435,,1255000000,,200.59,,,,,,,,,,,,,,,,,,,,,,true,false,6,2020-04-01,2020-09-30,-1
2021-10-29,80520,2022-03-31,2,92000000000,0.026,,,,,3500000000,0.066,3850000000,0.015,,2550000000,,407.32,,,,,,,,,,,,,,,,,,,,,,true,true,12,2021-04-01,2022-03-31,0
2021-10-29,80520,2021-03-31,2,,,,,,,,,,,,,,,,,,,,64496000000,28377000000,0.437,,28176000000,,,,,,,,,,,,true,false,12,2020-04-01,2021-03-31,-1
2021-10-29,80520,2021-03-31,2,,,,,,,,,,,,,,,,,,,,,,,,,,,,,120.00,,,,6497969,237658,,false,false,12,2020-04-01,2021-03-31,-1
2021-10-29,80520,2022-03-31,2,,,,,,,,,,,,,,,,,,,,,,,,,,,,,30.00,,,,,,,false,false,12,2021-04-01,2022-03-31,0
2021-10-29,80520,2022-03-31,2,,,,,,,,,,,,,,,,,,,,,,,,,,,,,120.00,,,,,,,false,true,12,2021-04-01,2022-03-31,0
2021-10-29,80520,2022-03-31,2,,,,,,,,,,,,,,,,,,,,,,,,,,,,,,,,,6497969,237221,6260334,false,false,6,2021-04-01,2021-09-30,0
2021-10-29,80520,2021-03-31,2,,,,,,,,,,,,,,,,,,,,,,,,,,,,,,,,,,,6260566,false,false,6,2020-04-01,2020-09-30,-1
2022-01-28,80520,2022-03-31,3,66397000000,0.021,,,,,2660000000,0.144,3005000000,0.074,,1992000000,,318.32,,,,,,73405000000,29577000000,0.401,,29407000000,,,,,,,,,,,,true,false,9,2021-04-01,2021-12-31,0
2022-01-28,80520,2021-03-31,3,65004000000,-0.184,,,,,2326000000,-0.468,2798000000,-0.404,,1885000000,,301.18,,,,,,,,,,,,,,,,,,,,,,true,false,9,2020-04-01,2020-12-31,-1
2022-01-28,80520,2022-03-31,3,92000000000,0.026,,,,,3500000000,0.066,3850000000,0.015,,2550000000,,407.32,,,,,,,,,,,,,,,,,,,,,,true,true,12,2021-04-01,2022-03-31,0
2022-01-28,80520,2021-03-31,3,,,,,,,,,,,,,,,,,,,,64496000000,28377000000,0.437,,28176000000,,,,,,,,,,,,true,false,12,2020-04-01,2021-03-31,-1
2022-01-28,80520,2021-03-31,3,,,,,,,,,,,,,,,,,,,,,,,,,,,,,120.00,,,,6497969,237658,,false,false,12,2020-04-01,2021-03-31,-1
2022-01-28,80520,2022-03-31,3,,,,,,,,,,,,,,,,,,,,,,,,,,,,,30.00,,,,,,,false,false,12,2021-04-01,2022-03-31,0
2022-01-28,80520,2022-03-31,3,,,,,,,,,,,,,,,,,,,,,,,,,,,,,120.00,,,,,,,false,true,12,2021-04-01,2022-03-31,0
2022-01-28,80520,2022-03-31,3,,,,,,,,,,,,,,,,,,,,,,,,,,,,,,,,,6497969,237241,6260470,false,false,9,2021-04-01,2021-12-31,0
2022-01-28,80520,2021-03-31,3,,,,,,,,,,,,,,,,,,,,,,,,,,,,,,,,,,,6260525,false,false,9,2020-04-01,2020-12-31,-1
2022-05-06,80520,2022-03-31,,96890000000,0.081,,,,,4396000000,0.339,4762000000,0.255,,3177000000,,507.58,,0.108,0.067,0.045,,76773000000,30762000000,0.398,4884.10,30577000000,6570000000,-152000000,-808000000,17604000000,,0.296,,,,,,true,false,12,2021-04-01,2022-03-31,0
2022-05-06,80520,2021-03-31,,89646000000,-0.146,,,,,3283000000,-0.380,3794000000,-0.326,,2736000000,,437.16,,0.104,0.058,0.037,,64496000000,28377000000,0.437,4500.87,28176000000,-3412000000,-204000000,-849000000,11935000000,,0.274,,,,,,true,false,12,2020-04-01,2021-03-31,-1
2022-05-06,80520,2023-03-31,,50000000000,0.128,,,,,2230000000,0.209,2450000000,0.198,,1650000000,,263.56,,,,,,,,,,,,,,,,,,,,,,true,true,6,2022-04-01,2022-09-30,1
2022-05-06,80520,2023-03-31,,100000000000,0.032,,,,,4500000000,0.024,4900000000,0.029,,3260000000,,520.72,,,,,,,,,,,,,,,,0.250,,,,,,true,true,12,2022-04-01,2023-03-31,1
2022-05-06,80520,2022-03-31,,91538000000,0.093,,,,,3157000000,0.396,4225000000,0.205,3082000000,,0.097,492.39,,,,,,74386000000,27916000000,0.375,4459.13,27916000000,,,,,150.00,,,,6497969,237387,6260507,false,false,12,2021-04-01,2022-03-31,0
2022-05-06,80520,2021-03-31,,83753000000,-0.149,,,,,2261000000,-0.456,3505000000,-0.342,2810000000,,-0.269,448.95,,,,,,62294000000,25711000000,0.413,4107.00,25711000000,,,,,120.00,,,,6497969,237658,6260472,false,false,12,2020-04-01,2021-03-31,-1
2022-05-06,80520,2023-03-31,,49000000000,0.170,,,,,1550000000,0.183,2600000000,0.191,2000000000,,0.186,319.46,,,,,,,,,,,,,,,,,,,,,,false,true,6,2022-04-01,2022-09-30,1
2022-05-06,80520,2023-03-31,,97000000000,0.060,,,,,3350000000,0.061,4500000000,0.065,3250000000,,0.054,519.13,,,,,,,,,,,,,,,130.00,,,,,,,false,true,12,2022-04-01,2023-03-31,1
2022-07-29,80520,2023-03-31,1,22830000000,0.085,,,,,819000000,0.008,974000000,0.020,,669000000,,106.98,,,,,,74972000000,30613000000,0.406,,30415000000,,,,,,,,,,,,true,false,3,2022-04-01,2022-06-30,0
2022-07-29,80520,2022-03-31,1,21036000000,0.094,,,,,812000000,0.611,954000000,0.454,,647000000,,103.47,,,,,,,,,,,,,,,,,,,,,,true,false,3,2021-04-01,2021-06-30,-1
2022-07-29,80520,2023-03-31,1,50000000000,0.128,,,,,2230000000,0.209,2450000000,0.198,,1650000000,,263.56,,,,,,,,,,,,,,,,,,,,,,true,true,6,2022-04-01,2022-09-30,0
2022-07-29,80520,2023-03-31,1,100000000000,0.032,,,,,4500000000,0.024,4900000000,0.029,,3260000000,,520.72,,,,,,,,,,,,,,,,,,,,,,true,true,12,2022-04-01,2023-03-31,0
2022-07-29,80520,2022-03-31,1,,,,,,,,,,,,,,,,,,,,76773000000,30762000000,0.398,,30577000000,,,,,,,,,,,,true,false,12,2021-04-01,2022-03-31,-1
2022-07-29,80520,2022-03-31,1,,,,,,,,,,,,,,,,,,,,,,,,,,,,,150.00,,,,6497969,237387,,false,false,12,2021-04-01,2022-03-31,-1
2022-07-29,80520,2023-03-31,1,,,,,,,,,,,,,,,,,,,,,,,,,,,,,130.00,,,,,,,false,true,12,2022-04-01,2023-03-31,0
2022-07-29,80520,2023-03-31,1,,,,,,,,,,,,,,,,,,,,,,,,,,,,,,,,,6497969,237467,6260529,false,false,3,2022-04-01,2022-06-30,0
2022-07-29,80520,2022-03-31,1,,,,,,,,,,,,,,,,,,,,,,,,,,,,,,,,,,,6260270,false,false,3,2021-04-01,2021-06-30,-1
2022-10-28,80520,2023-03-31,2,51737000000,0.167,,,,,2267000000,0.229,2452000000,0.199,,1649000000,,263.39,,,,,,73920000000,31501000000,0.423,,31295000000,,,,,,,,,,,,true,false,6,2022-04-01,2022-09-30,0
2022-10-28,80520,2022-03-31,2,44337000000,0.014,,,,,1844000000,0.177,2045000000,0.102,,1355000000,,216.59,,,,,,,,,,,,,,,,,,,,,,true,false,6,2021-04-01,2021-09-30,-1
2022-10-28,80520,2023-03-31,2,100000000000,0.032,,,,,4500000000,0.024,4900000000,0.029,,3260000000,,520.72,,,,,,,,,,,,,,,,,,,,,,true,true,12,2022-04-01,2023-03-31,0
2022-10-28,80520,2022-03-31,2,,,,,,,,,,,,,,,,,,,,76773000000,30762000000,0.398,,30577000000,,,,,,,,,,,,true,false,12,2021-04-01,2022-03-31,-1
2022-10-28,80520,2022-03-31,2,,,,,,,,,,,,,,,,,,,,,,,,,,,,,150.00,,,,6497969,237387,,false,false,12,2021-04-01,2022-03-31,-1
2022-10-28,80520,2023-03-31,2,,,,,,,,,,,,,,,,,,,,,,,,,,,,,30.00,,,,,,,false,false,12,2022-04-01,2023-03-31,0
2022-10-28,80520,2023-03-31,2,,,,,,,,,,,,,,,,,,,,,,,,,,,,,130.00,,,,,,,false,true,12,2022-04-01,2023-03-31,0
2022-10-28,80520,2023-03-31,2,,,,,,,,,,,,,,,,,,,,,,,,,,,,,,,,,6497969,233733,6261972,false,false,6,2022-04-01,2022-09-30,0
2022-10-28,80520,2022-03-31,2,,,,,,,,,,,,,,,,,,,,,,,,,,,,,,,,,,,6260334,false,false,6,2021-04-01,2021-09-30,-1
2023-01-27,80520,2023-03-31,3,78634000000,0.184,,,,,3599000000,0.353,3924000000,0.305,,2632000000,,420.38,,,,,,85881000000,32715000000,0.378,,32498000000,,,,,,,,,,,,true,false,9,2022-04-01,2022-12-31,0
2023-01-27,80520,2022-03-31,3,66397000000,0.021,,,,,2660000000,0.144,3005000000,0.074,,1992000000,,318.32,,,,,,,,,,,,,,,,,,,,,,true,false,9,2021-04-01,2021-12-31,-1
2023-01-27,80520,2023-03-31,3,100000000000,0.032,,,,,4500000000,0.024,4900000000,0.029,,3260000000,,520.72,,,,,,,,,,,,,,,,,,,,,,true,true,12,2022-04-01,2023-03-31,0
2023-01-27,80520,2022-03-31,3,,,,,,,,,,,,,,,,,,,,76773000000,30762000000,0.398,,30577000000,,,,,,,,,,,,true,false,12,2021-04-01,2022-03-31,-1
2023-01-27,80520,2022-03-31,3,,,,,,,,,,,,,,,,,,,,,,,,,,,,,150.00,,,,6497969,237387,,false,false,12,2021-04-01,2022-03-31,-1
2023-01-27,80520,2023-03-31,3,,,,,,,,,,,,,,,,,,,,,,,,,,,,,30.00,,,,,,,false,false,12,2022-04-01,2023-03-31,0
2023-01-27,80520,2023-03-31,3,,,,,,,,,,,,,,,,,,,,,,,,,,,,,130.00,,,,,,,false,true,12,2022-04-01,2023-03-31,0
2023-01-27,80520,2023-03-31,3,,,,,,,,,,,,,,,,,,,,,,,,,,,,,,,,,6497969,233786,6262719,false,false,9,2022-04-01,2022-12-31,0
2023-01-27,80520,2022-03-31,3,,,,,,,,,,,,,,,,,,,,,,,,,,,,,,,,,,,6260470,false,false,9,2021-04-01,2021-12-31,-1
2023-05-09,80520,2023-03-31,,107963000000,0.114,,,,,5102000000,0.161,5434000000,0.141,,3667000000,,585.55,,0.114,0.067,0.047,,84474000000,34039000000,0.400,5396.74,33806000000,6716000000,-461000000,-971000000,22927000000,,0.256,,,,,,true,false,12,2022-04-01,2023-03-31,0
2023-05-09,80520,2022-03-31,,96890000000,0.081,,,,,4396000000,0.339,4762000000,0.255,,3177000000,,507.58,,0.108,0.067,0.045,,76773000000,30762000000,0.398,4884.10,30577000000,6570000000,-152000000,-808000000,17604000000,,0.296,,,,,,true,false,12,2021-04-01,2022-03-31,-1
2023-05-09,80520,2024-03-31,,50000000000,-0.034,,,,,2180000000,-0.038,2360000000,-0.038,,1570000000,,250.68,,,,,,,,,,,,,,,,,,,,,,true,true,6,2023-04-01,2023-09-30,1
2023-05-09,80520,2024-03-31,,100000000000,-0.074,,,,,4250000000,-0.167,4600000000,-0.154,,3050000000,,486.98,,,,,,,,,,,,,,,,0.287,,,,,,true,true,12,2023-04-01,2024-03-31,1
2023-05-09,80520,2023-03-31,,101628000000,0.110,,,,,3309000000,0.048,4530000000,0.072,3373000000,,0.094,538.56,,,,,,82019000000,30722000000,0.375,4904.42,30722000000,,,,,150.00,,,,6497969,233797,6263084,false,false,12,2022-04-01,2023-03-31,0
2023-05-09,80520,2022-03-31,,91538000000,0.093,,,,,3157000000,0.396,4225000000,0.205,3082000000,,0.097,492.39,,,,,,74386000000,27916000000,0.375,4459.13,27916000000,,,,,150.00,,,,6497969,237387,6260507,false,false,12,2021-04-01,2022-03-31,-1
2023-05-09,80520,2024-03-31,,47000000000,-0.033,,,,,1350000000,-0.080,2600000000,0.041,2110000000,,0.077,336.89,,,,,,,,,,,,,,,,,,,,,,false,true,6,2023-04-01,2023-09-30,1
2023-05-09,80520,2024-03-31,,94000000000,-0.075,,,,,2600000000,-0.214,4050000000,-0.106,3100000000,,-0.081,494.96,,,,,,,,,,,,,,,140.00,,,,,,,false,true,12,2023-04-01,2024-03-31,1
2023-07-28,80520,2024-03-31,1,26103000000,0.143,,,,,1277000000,0.560,1453000000,0.492,,1011000000,,161.43,,,,,,79702000000,35304000000,0.440,,35088000000,,,,,,,,,,,,true,false,3,2023-04-01,2023-06-30,0
2023-07-28,80520,2023-03-31,1,22830000000,0.085,,,,,819000000,0.008,974000000,0.020,,669000000,,106.98,,,,,,,,,,,,,,,,,,,,,,true,false,3,2022-04-01,2022-06-30,-1
2023-07-28,80520,2024-03-31,1,50000000000,-0.034,,,,,2180000000,-0.038,2360000000,-0.038,,1570000000,,250.68,,,,,,,,,,,,,,,,,,,,,,true,true,6,2023-04-01,2023-09-30,0
2023-07-28,80520,2024-03-31,1,100000000000,-0.074,,,,,4250000000,-0.167,4600000000,-0.154,,3050000000,,486.98,,,,,,,,,,,,,,,,,,,,,,true,true,12,2023-04-01,2024-03-31,0
2023-07-28,80520,2023-03-31,1,,,,,,,,,,,,,,,,,,,,84474000000,34039000000,0.400,,33806000000,,,,,,,,,,,,true,false,12,2022-04-01,2023-03-31,-1
2023-07-28,80520,2023-03-31,1,,,,,,,,,,,,,,,,,,,,,,,,,,,,,150.00,,,,6497969,233797,,false,false,12,2022-04-01,2023-03-31,-1
2023-07-28,80520,2024-03-31,1,,,,,,,,,,,,,,,,,,,,,,,,,,,,,140.00,,,,,,,false,true,12,2023-04-01,2024-03-31,0
2023-07-28,80520,2024-03-31,1,,,,,,,,,,,,,,,,,,,,,,,,,,,,,,,,,6497969,233854,6264141,false,false,3,2023-04-01,2023-06-30,0
2023-07-28,80520,2023-03-31,1,,,,,,,,,,,,,,,,,,,,,,,,,,,,,,,,,,,6260529,false,false,3,2022-04-01,2022-06-30,-1
2023-10-27,80520,2024-03-31,2,55893000000,0.080,,,,,2636000000,0.163,2841000000,0.158,,1927000000,,307.74,,,,,,86436000000,36931000000,0.425,,36707000000,,,,,,,,,,,,true,false,6,2023-04-01,2023-09-30,0
2023-10-27,80520,2023-03-31,2,51737000000,0.167,,,,,2267000000,0.229,2452000000,0.199,,1649000000,,263.39,,,,,,,,,,,,,,,,,,,,,,true,false,6,2022-04-01,2022-09-30,-1
2023-10-27,80520,2024-03-31,2,107000000000,-0.009,,,,,5000000000,-0.020,5350000000,-0.016,,3750000000,,598.66,,,,,,,,,,,,,,,,,,,,,,true,true,12,2023-04-01,2024-03-31,0
2023-10-27,80520,2023-03-31,2,,,,,,,,,,,,,,,,,,,,84474000000,34039000000,0.400,,33806000000,,,,,,,,,,,,true,false,12,2022-04-01,2023-03-31,-1
2023-10-27,80520,2023-03-31,2,,,,,,,,,,,,,,,,,,,,,,,,,,,,,150.00,,,,6497969,233797,,false,false,12,2022-04-01,2023-03-31,-1
2023-10-27,80520,2024-03-31,2,,,,,,,,,,,,,,,,,,,,,,,,,,,,,40.00,,,,,,,false,false,12,2023-04-01,2024-03-31,0
2023-10-27,80520,2024-03-31,2,,,,,,,,,,,,,,,,,,,,,,,,,,,,,160.00,,,,,,,false,true,12,2023-04-01,2024-03-31,0
2023-10-27,80520,2024-03-31,2,,,,,,,,,,,,,,,,,,,,,,,,,,,,,,,,,6497969,234097,6264033,false,false,6,2023-04-01,2023-09-30,0
2023-10-27,80520,2023-03-31,2,,,,,,,,,,,,,,,,,,,,,,,,,,,,,,,,,,,6261972,false,false,6,2022-04-01,2022-09-30,-1
2023-10-27,80520,2024-03-31,,55893000000,0.118,,,,,2636000000,0.209,2841000000,0.204,,1927000000,,307.74,,,,,,,,,,,,,,,,,,,,,,true,true,6,2023-04-01,2023-09-30,0
2023-10-27,80520,2023-03-31,,51737000000,,,,,,2267000000,,2452000000,,,1649000000,,263.39,,,,,,,,,,,,,,,,,,,,,,true,false,6,2022-04-01,2022-09-30,-1
2023-10-27,80520,2024-03-31,,107000000000,0.070,,,,,5000000000,0.176,5350000000,0.163,,3750000000,,598.66,,,,,,,,,,,,,,,,,,,,,,true,true,12,2023-04-01,2024-03-31,0
2023-10-27,80520,2023-03-31,,107963000000,,,,,,5102000000,,5434000000,,,3667000000,,585.55,,,,,,,,,,,,,,,,,,,,,,true,false,12,2022-04-01,2023-03-31,-1
2023-10-27,80520,2024-03-31,,52211000000,0.111,,,,,1850000000,0.370,3194000000,0.228,2527000000,,0.198,403.45,,,,,,,,,,,,,,,,,,,,,,false,true,6,2023-04-01,2023-09-30,0
2023-10-27,80520,2023-03-31,,48586000000,,,,,,1468000000,,2497000000,,1958000000,,,312.72,,,,,,,,,,,,,,,,,,,,,,false,false,6,2022-04-01,2022-09-30,-1
2023-10-27,80520,2024-03-31,,100000000000,0.064,,,,,3350000000,0.288,4900000000,0.210,3850000000,,0.242,614.62,,,,,,,,,,,,,,,,,,,,,,false,true,12,2023-04-01,2024-03-31,0
2023-10-27,80520,2023-03-31,,101628000000,,,,,,3309000000,,4530000000,,3373000000,,,538.56,,,,,,,,,,,,,,,,,,,,,,false,false,12,2022-04-01,2023-03-31,-1
2024-01-31,80520,2024-03-31,3,83139000000,0.057,,,,,3889000000,0.080,4223000000,0.076,,2890000000,,461.49,,,,,,90545000000,37778000000,0.415,,37549000000,,,,,,,,,,,,true,false,9,2023-04-01,2023-12-31,0
2024-01-31,80520,2023-03-31,3,78634000000,0.184,,,,,3599000000,0.353,3924000000,0.305,,2632000000,,420.38,,,,,,,,,,,,,,,,,,,,,,true,false,9,2022-04-01,2022-12-31,-1
2024-01-31,80520,2024-03-31,3,107000000000,-0.009,,,,,5000000000,-0.020,5350000000,-0.016,,3750000000,,598.66,,,,,,,,,,,,,,,,,,,,,,true,true,12,2023-04-01,2024-03-31,0
2024-01-31,80520,2023-03-31,3,,,,,,,,,,,,,,,,,,,,84474000000,34039000000,0.400,,33806000000,,,,,,,,,,,,true,false,12,2022-04-01,2023-03-31,-1
2024-01-31,80520,2023-03-31,3,,,,,,,,,,,,,,,,,,,,,,,,,,,,,150.00,,,,6497969,233797,,false,false,12,2022-04-01,2023-03-31,-1
2024-01-31,80520,2024-03-31,3,,,,,,,,,,,,,,,,,,,,,,,,,,,,,40.00,,,,,,,false,false,12,2023-04-01,2024-03-31,0
2024-01-31,80520,2024-03-31,3,,,,,,,,,,,,,,,,,,,,,,,,,,,,,160.00,,,,,,,false,true,12,2023-04-01,2024-03-31,0
2024-01-31,80520,2024-03-31,3,,,,,,,,,,,,,,,,,,,,,,,,,,,,,,,,,6497969,234341,6263936,false,false,9,2023-04-01,2023-12-31,0
2024-01-31,80520,2023-03-31,3,,,,,,,,,,,,,,,,,,,,,,,,,,,,,,,,,,,6262719,false,false,9,2022-04-01,2022-12-31,-1
2024-05-08,80520,2024-03-31,,113503000000,0.051,,,,,5233000000,0.026,5577000000,0.026,,4000000000,,212.90,,0.108,0.062,0.046,,94756000000,40377000000,0.424,2135.89,40134000000,5015000000,-69000000,-1077000000,26855000000,,0.282,,,,,,true,false,12,2023-04-01,2024-03-31,0
2024-05-08,80520,2023-03-31,,107963000000,0.114,,,,,5102000000,0.161,5434000000,0.141,,3667000000,,195.18,,0.114,0.067,0.047,,84474000000,34039000000,0.400,1798.91,33806000000,6716000000,-461000000,-971000000,22927000000,,0.256,,,,,,true,false,12,2022-04-01,2023-03-31,-1
2024-05-08,80520,2025-03-31,,57000000000,0.020,,,,,2700000000,0.024,2920000000,0.028,,1940000000,,103.24,,,,,,,,,,,,,,,,,,,,,,true,true,6,2024-04-01,2024-09-30,1
2024-05-08,80520,2025-03-31,,116000000000,0.022,,,,,5500000000,0.051,5900000000,0.058,,3900000000,,207.54,,,,,,,,,,,,,,,,0.289,,,,,,true,true,12,2024-04-01,2025-03-31,1
2024-05-08,80520,2024-03-31,,104761000000,0.031,,,,,3404000000,0.029,4956000000,0.094,3970000000,,0.177,211.29,,,,,,92707000000,36660000000,0.395,1950.99,36660000000,,,,,180.00,,,,19493907,703446,18791512,false,false,12,2023-04-01,2024-03-31,0
2024-05-08,80520,2023-03-31,,101628000000,0.110,,,,,3309000000,0.048,4530000000,0.072,3373000000,,0.094,179.52,,,,,,82019000000,30722000000,0.375,1634.81,30722000000,,,,,150.00,,,,19493907,701391,18789252,false,false,12,2022-04-01,2023-03-31,-1
2024-05-08,80520,2025-03-31,,53500000000,0.025,,,,,1800000000,-0.027,3080000000,-0.036,2400000000,,-0.050,127.72,,,,,,,,,,,,,,,,,,,,,,false,true,6,2024-04-01,2024-09-30,1
2024-05-08,80520,2025-03-31,,109000000000,0.040,,,,,3750000000,0.101,5250000000,0.059,3870000000,,-0.025,205.94,,,,,,,,,,,,,,,60.00,,,,,,,false,true,12,2024-04-01,2025-03-31,1
2024-07-26,80520,2025-03-31,1,24519000000,-0.061,,,,,725000000,-0.432,932000000,-0.358,,568000000,,30.28,,,,,,95090000000,41390000000,0.433,,41142000000,,,,,,,,,,,,true,false,3,2024-04-01,2024-06-30,0
2024-07-26,80520,2024-03-31,1,26103000000,0.143,,,,,1277000000,0.560,1453000000,0.492,,1011000000,,53.81,,,,,,,,,,,,,,,,,,,,,,true,false,3,2023-04-01,2023-06-30,-1
2024-07-26,80520,2025-03-31,1,57000000000,0.020,,,,,2700000000,0.024,2920000000,0.028,,1940000000,,103.24,,,,,,,,,,,,,,,,,,,,,,true,true,6,2024-04-01,2024-09-30,0
2024-07-26,80520,2025-03-31,1,116000000000,0.022,,,,,5500000000,0.051,5900000000,0.058,,3900000000,,207.54,,,,,,,,,,,,,,,,,,,,,,true,true,12,2024-04-01,2025-03-31,0
2024-07-26,80520,2024-03-31,1,,,,,,,,,,,,,,,,,,,,94756000000,40377000000,0.424,,40134000000,,,,,,,,,,,,true,false,12,2023-04-01,2024-03-31,-1
2024-07-26,80520,2024-03-31,1,,,,,,,,,,,,,,,,,,,,,,,,,,,,,180.00,,,,19493907,703446,,false,false,12,2023-04-01,2024-03-31,-1
2024-07-26,80520,2025-03-31,1,,,,,,,,,,,,,,,,,,,,,,,,,,,,,60.00,,,,,,,false,true,12,2024-04-01,2025-03-31,0
2024-07-26,80520,2025-03-31,1,,,,,,,,,,,,,,,,,,,,,,,,,,,,,,,,,19493907,703726,18790314,false,false,3,2024-04-01,2024-06-30,0
2024-07-26,80520,2024-03-31,1,,,,,,,,,,,,,,,,,,,,,,,,,,,,,,,,,,,18792422,false,false,3,2023-04-01,2023-06-30,-1
2024-10-31,80520,2025-03-31,2,56600000000,0.013,,,,,2566000000,-0.027,2795000000,-0.016,,1888000000,,100.49,,,,,,95026000000,41874000000,0.438,,41622000000,,,,,,,,,,,,true,false,6,2024-04-01,2024-09-30,0
2024-10-31,80520,2024-03-31,2,55893000000,0.080,,,,,2636000000,0.163,2841000000,0.158,,1927000000,,102.58,,,,,,,,,,,,,,,,,,,,,,true,false,6,2023-04-01,2023-09-30,-1
2024-10-31,80520,2025-03-31,2,116000000000,0.022,,,,,5500000000,0.051,5900000000,0.058,,3900000000,,207.54,,,,,,,,,,,,,,,,,,,,,,true,true,12,2024-04-01,2025-03-31,0
2024-10-31,80520,2024-03-31,2,,,,,,,,,,,,,,,,,,,,94756000000,40377000000,0.424,,40134000000,,,,,,,,,,,,true,false,12,2023-04-01,2024-03-31,-1
2024-10-31,80520,2024-03-31,2,,,,,,,,,,,,,,,,,,,,,,,,,,,,,180.00,,,,19493907,703446,,false,false,12,2023-04-01,2024-03-31,-1
2024-10-31,80520,2025-03-31,2,,,,,,,,,,,,,,,,,,,,,,,,,,,,,15.00,,,,,,,false,false,12,2024-04-01,2025-03-31,0
2024-10-31,80520,2025-03-31,2,,,,,,,,,,,,,,,,,,,,,,,,,,,,,60.00,,,,,,,false,true,12,2024-04-01,2025-03-31,0
2024-10-31,80520,2025-03-31,2,,,,,,,,,,,,,,,,,,,,,,,,,,,,,,,,,19493907,683523,18794647,false,false,6,2024-04-01,2024-09-30,0
2024-10-31,80520,2024-03-31,2,,,,,,,,,,,,,,,,,,,,,,,,,,,,,,,,,,,18792099,false,false,6,2023-04-01,2023-09-30,-1
2025-01-31,80520,2025-03-31,3,88512000000,0.065,,,,,4167000000,0.072,4643000000,0.099,,3217000000,,172.08,,,,,,104571000000,42546000000,0.405,,42302000000,,,,,,,,,,,,true,false,9,2024-04-01,2024-12-31,0
2025-01-31,80520,2024-03-31,3,83139000000,0.057,,,,,3889000000,0.080,4223000000,0.076,,2890000000,,153.83,,,,,,,,,,,,,,,,,,,,,,true,false,9,2023-04-01,2023-12-31,-1
2025-01-31,80520,2025-03-31,3,116000000000,0.022,,,,,5500000000,0.051,5900000000,0.058,,3900000000,,207.54,,,,,,,,,,,,,,,,,,,,,,true,true,12,2024-04-01,2025-03-31,0
2025-01-31,80520,2024-03-31,3,,,,,,,,,,,,,,,,,,,,94756000000,40377000000,0.424,,40134000000,,,,,,,,,,,,true,false,12,2023-04-01,2024-03-31,-1
2025-01-31,80520,2024-03-31,3,,,,,,,,,,,,,,,,,,,,,,,,,,,,,180.00,,,,19493907,703446,,false,false,12,2023-04-01,2024-03-31,-1
2025-01-31,80520,2025-03-31,3,,,,,,,,,,,,,,,,,,,,,,,,,,,,,15.00,,,,,,,false,false,12,2024-04-01,2025-03-31,0
2025-01-31,80520,2025-03-31,3,,,,,,,,,,,,,,,,,,,,,,,,,,,,,60.00,,,,,,,false,true,12,2024-04-01,2025-03-31,0
2025-01-31,80520,2025-03-31,3,,,,,,,,,,,,,,,,,,,,,,,,,,,,,,,,,19493907,1133628,18699871,false,false,9,2024-04-01,2024-12-31,0
2025-01-31,80520,2024-03-31,3,,,,,,,,,,,,,,,,,,,,,,,,,,,,,,,,,,,18791808,false,false,9,2023-04-01,2023-12-31,-1
2025-05-08,80520,2025-03-31,,124323000000,0.095,,,,,6021000000,0.151,6513000000,0.168,,4691000000,,252.03,,0.112,0.067,0.048,,100672000000,44017000000,0.434,2382.17,43736000000,3592000000,461000000,-2051000000,28953000000,,0.317,,,,,,true,false,12,2024-04-01,2025-03-31,0
2025-05-08,80520,2024-03-31,,113503000000,0.051,,,,,5233000000,0.026,5577000000,0.026,,4000000000,,212.90,,0.108,0.062,0.046,,94756000000,40377000000,0.424,2135.89,40134000000,5015000000,-69000000,-1077000000,26855000000,,0.282,,,,,,true,false,12,2023-04-01,2024-03-31,-1
2025-05-08,80520,2026-03-31,,62500000000,0.104,,,,,3170000000,0.235,3450000000,0.234,,2420000000,,130.00,,,,,,,,,,,,,,,,,,,,,,true,true,6,2025-04-01,2025-09-30,1
2025-05-08,80520,2026-03-31,,125000000000,0.005,,,,,6350000000,0.055,6900000000,0.059,,4850000000,,260.54,,,,,,,,,,,,,,,,0.307,,,,,,true,true,12,2025-04-01,2026-03-31,1
2025-05-08,80520,2025-03-31,,117575000000,0.122,,,,,4081000000,0.199,5739000000,0.158,4567000000,,0.150,245.36,,,,,,98006000000,40004000000,0.408,2178.86,40004000000,,,,,80.00,,,,19493907,1133768,18614956,false,false,12,2024-04-01,2025-03-31,0
2025-05-08,80520,2024-03-31,,104761000000,0.031,,,,,3404000000,0.029,4956000000,0.094,3970000000,,0.177,211.29,,,,,,92707000000,36660000000,0.395,1950.99,36660000000,,,,,180.00,,,,19493907,703446,18791512,false,false,12,2023-04-01,2024-03-31,-1
2025-05-08,80520,2026-03-31,,59500000000,0.085,,,,,2120000000,0.256,3550000000,0.171,2900000000,,0.208,155.79,,,,,,,,,,,,,,,,,,,,,,false,true,6,2025-04-01,2025-09-30,1
2025-05-08,80520,2026-03-31,,119000000000,0.012,,,,,4250000000,0.041,6000000000,0.045,4700000000,,0.029,252.49,,,,,,,,,,,,,,,80.00,,,,,,,false,true,12,2025-04-01,2026-03-31,1
2025-07-25,80520,2026-03-31,1,30502000000,0.244,,,,,1520000000,1.096,1753000000,0.880,,1205000000,,65.65,,,,,,96660000000,44151000000,0.454,,43901000000,,,,,,,,,,,,true,false,3,2025-04-01,2025-06-30,0
2025-07-25,80520,2025-03-31,1,24519000000,-0.061,,,,,725000000,-0.432,932000000,-0.358,,568000000,,30.28,,,,,,,,,,,,,,,,,,,,,,true,false,3,2024-04-01,2024-06-30,-1
2025-07-25,80520,2026-03-31,1,62500000000,0.104,,,,,3170000000,0.235,3450000000,0.234,,2420000000,,130.00,,,,,,,,,,,,,,,,,,,,,,true,true,6,2025-04-01,2025-09-30,0
2025-07-25,80520,2026-03-31,1,125000000000,0.005,,,,,6350000000,0.055,6900000000,0.059,,4850000000,,260.54,,,,,,,,,,,,,,,,,,,,,,true,true,12,2025-04-01,2026-03-31,0
2025-07-25,80520,2025-03-31,1,,,,,,,,,,,,,,,,,,,,100672000000,44017000000,0.434,,43736000000,,,,,,,,,,,,true,false,12,2024-04-01,2025-03-31,-1
2025-07-25,80520,2025-03-31,1,,,,,,,,,,,,,,,,,,,,,,,,,,,,,80.00,,,,19493907,1133768,,false,false,12,2024-04-01,2025-03-31,-1
2025-07-25,80520,2026-03-31,1,,,,,,,,,,,,,,,,,,,,,,,,,,,,,80.00,,,,,,,false,true,12,2025-04-01,2026-03-31,0
2025-07-25,80520,2026-03-31,1,,,,,,,,,,,,,,,,,,,,,,,,,,,,,,,,,19493907,1133846,18360087,false,false,3,2025-04-01,2025-06-30,0
2025-07-25,80520,2025-03-31,1,,,,,,,,,,,,,,,,,,,,,,,,,,,,,,,,,,,18790314,false,false,3,2024-04-01,2024-06-30,-1
