filing_date,code,fiscal_year_end,quarterly_period,net_sales,net_sales_change,revenue,revenue_change,operating_revenue,operating_revenue_change,operating_profit,operating_profit_change,ordinary_profit,ordinary_profit_change,net_income,net_income_of_parent,net_income_change,eps,diluted_eps,roe,roa,operating_profit_to_net_sales,operating_profit_to_revenue,total_assets,net_assets,equity_ratio,bps,owner_equity,operating_cash_flow,investing_cash_flow,financing_cash_flow,cash,dividend_per_share,payout_ratio,commemorative_dividend,extra_dividend,number_of_shares,number_of_treqsury_shares,avg_number_of_shares,is_consolidated,is_forecast,duration,period_start,period_end,period_pos
2015-07-29,80750,2016-03-31,1,216360000000,0.011,,,,,1699000000,0.140,2049000000,0.250,,1348000000,,15.23,,,,,,247795000000,46991000000,0.176,,43703000000,,,,,,,,,,,,true,false,3,2015-04-01,2015-06-30,0
2015-07-29,80750,2015-03-31,1,214042000000,0.039,,,,,1490000000,0.160,1638000000,0.297,,1184000000,,13.38,,,,,,,,,,,,,,,,,,,,,,true,false,3,2014-04-01,2014-06-30,-1
2015-07-29,80750,2016-03-31,1,430000000000,0.008,,,,,2900000000,-0.048,3200000000,0.068,,2100000000,,23.72,,,,,,,,,,,,,,,,,,,,,,true,true,6,2015-04-01,2015-09-30,0
2015-07-29,80750,2016-03-31,1,880000000000,0.011,,,,,6200000000,-0.087,6300000000,-0.042,,3900000000,,44.04,,,,,,,,,,,,,,,,,,,,,,true,true,12,2015-04-01,2016-03-31,0
2015-07-29,80750,2015-03-31,1,,,,,,,,,,,,,,,,,,,,259786000000,45692000000,0.164,,42489000000,,,,,,,,,,,,true,false,12,2014-04-01,2015-03-31,-1
2015-07-29,80750,2015-03-31,1,,,,,,,,,,,,,,,,,,,,,,,,,,,,,8.00,,,,88605625,55423,,false,false,12,2014-04-01,2015-03-31,-1
2015-07-29,80750,2016-03-31,1,,,,,,,,,,,,,,,,,,,,,,,,,,,,,8.00,,,,,,,false,true,12,2015-04-01,2016-03-31,0
2015-07-29,80750,2016-03-31,1,,,,,,,,,,,,,,,,,,,,,,,,,,,,,,,,,88605625,56309,88549612,false,false,3,2015-04-01,2015-06-30,0
2015-07-29,80750,2015-03-31,1,,,,,,,,,,,,,,,,,,,,,,,,,,,,,,,,,,,88551274,false,false,3,2014-04-01,2014-06-30,-1
2015-07-29,80750,2016-03-31,,430000000000,0.000,,,,,2900000000,0.381,3200000000,0.600,,2100000000,,23.72,,,,,,,,,,,,,,,,,,,,,,true,true,6,2015-04-01,2015-09-30,0
2015-07-29,80750,2015-03-31,,426458000000,,,,,,3045000000,,2997000000,,,1985000000,,22.42,,,,,,,,,,,,,,,,,,,,,,true,false,6,2014-04-01,2014-09-30,-1
2015-07-29,80750,2016-03-31,,880000000000,0.000,,,,,6200000000,0.051,6300000000,0.105,,3900000000,,44.04,,,,,,,,,,,,,,,,,,,,,,true,true,12,2015-04-01,2016-03-31,0
2015-07-29,80750,2015-03-31,,870407000000,,,,,,6788000000,,6575000000,,,3974000000,,44.88,,,,,,,,,,,,,,,,,,,,,,true,false,12,2014-04-01,2015-03-31,-1
2015-07-29,80750,2016-03-31,,366000000000,0.003,,,,,,,2300000000,0.278,1600000000,,0.455,18.06,,,,,,,,,,,,,,,,,,,,,,false,true,6,2015-04-01,2015-09-30,0
2015-07-29,80750,2015-03-31,,379479000000,,,,,,,,2933000000,,2034000000,,,22.97,,,,,,,,,,,,,,,,,,,,,,false,false,6,2014-04-01,2014-09-30,-1
2015-07-29,80750,2016-03-31,,740000000000,0.000,,,,,,,4400000000,0.100,2700000000,,0.125,30.48,,,,,,,,,,,,,,,,,,,,,,false,true,12,2015-04-01,2016-03-31,0
2015-07-29,80750,2015-03-31,,768816000000,,,,,,,,5658000000,,3422000000,,,38.64,,,,,,,,,,,,,,,,,,,,,,false,false,12,2014-04-01,2015-03-31,-1
2015-10-30,80750,2016-03-31,2,419483000000,-0.016,,,,,3013000000,-0.011,3295000000,0.100,,2130000000,,24.06,,,,,,245330000000,46501000000,0.176,,43150000000,,,,,,,,,,,,true,false,6,2015-04-01,2015-09-30,0
2015-10-30,80750,2015-03-31,2,426458000000,0.035,,,,,3045000000,0.221,2997000000,0.353,,1985000000,,22.42,,,,,,,,,,,,,,,,,,,,,,true,false,6,2014-04-01,2014-09-30,-1
2015-10-30,80750,2016-03-31,2,880000000000,0.011,,,,,6200000000,-0.087,6300000000,-0.042,,3900000000,,44.04,,,,,,,,,,,,,,,,,,,,,,true,true,12,2015-04-01,2016-03-31,0
2015-10-30,80750,2015-03-31,2,,,,,,,,,,,,,,,,,,,,259786000000,45692000000,0.164,,42489000000,,,,,,,,,,,,true,false,12,2014-04-01,2015-03-31,-1
2015-10-30,80750,2015-03-31,2,,,,,,,,,,,,,,,,,,,,,,,,,,,,,8.00,,,,88605625,55423,,false,false,12,2014-04-01,2015-03-31,-1
2015-10-30,80750,2016-03-31,2,,,,,,,,,,,,,,,,,,,,,,,,,,,,,4.00,,,,,,,false,false,12,2015-04-01,2016-03-31,0
2015-10-30,80750,2016-03-31,2,,,,,,,,,,,,,,,,,,,,,,,,,,,,,8.00,,,,,,,false,true,12,2015-04-01,2016-03-31,0
2015-10-30,80750,2016-03-31,2,,,,,,,,,,,,,,,,,,,,,,,,,,,,,,,,,88605625,56330,88549453,false,false,6,2015-04-01,2015-09-30,0
2015-10-30,80750,2015-03-31,2,,,,,,,,,,,,,,,,,,,,,,,,,,,,,,,,,,,88551140,false,false,6,2014-04-01,2014-09-30,-1
2016-01-29,80750,2016-03-31,3,608818000000,-0.050,,,,,4418000000,-0.094,4628000000,-0.024,,2968000000,,33.53,,,,,,251288000000,46486000000,0.173,,43356000000,,,,,,,,,,,,true,false,9,2015-04-01,2015-12-31,0
2016-01-29,80750,2015-03-31,3,640536000000,0.023,,,,,4873000000,0.203,4741000000,0.275,,3072000000,,34.69,,,,,,,,,,,,,,,,,,,,,,true,false,9,2014-04-01,2014-12-31,-1
2016-01-29,80750,2016-03-31,3,880000000000,0.011,,,,,6200000000,-0.087,6300000000,-0.042,,3900000000,,44.04,,,,,,,,,,,,,,,,,,,,,,true,true,12,2015-04-01,2016-03-31,0
2016-01-29,80750,2015-03-31,3,,,,,,,,,,,,,,,,,,,,259786000000,45692000000,0.164,,42489000000,,,,,,,,,,,,true,false,12,2014-04-01,2015-03-31,-1
2016-01-29,80750,2015-03-31,3,,,,,,,,,,,,,,,,,,,,,,,,,,,,,8.00,,,,88605625,55423,,false,false,12,2014-04-01,2015-03-31,-1
2016-01-29,80750,2016-03-31,3,,,,,,,,,,,,,,,,,,,,,,,,,,,,,4.00,,,,,,,false,false,12,2015-04-01,2016-03-31,0
2016-01-29,80750,2016-03-31,3,,,,,,,,,,,,,,,,,,,,,,,,,,,,,8.00,,,,,,,false,true,12,2015-04-01,2016-03-31,0
2016-01-29,80750,2016-03-31,3,,,,,,,,,,,,,,,,,,,,,,,,,,,,,,,,,88605625,56380,88549395,false,false,9,2015-04-01,2015-12-31,0
2016-01-29,80750,2015-03-31,3,,,,,,,,,,,,,,,,,,,,,,,,,,,,,,,,,,,88550958,false,false,9,2014-04-01,2014-12-31,-1
2016-04-28,80750,2016-03-31,,791342000000,-0.091,,,,,5831000000,-0.141,5908000000,-0.101,,3480000000,,39.30,,0.082,0.023,0.007,,245594000000,45250000000,0.171,475.36,42092000000,-2337000000,-3429000000,4568000000,16897000000,,0.204,,,,,,true,false,12,2015-04-01,2016-03-31,0
2016-04-28,80750,2015-03-31,,870407000000,0.035,,,,,6788000000,0.183,6575000000,0.236,,3974000000,,44.88,,0.102,0.027,0.008,,259786000000,45692000000,0.164,479.84,42489000000,-1701000000,-1632000000,5122000000,18589000000,,0.178,,,,,,true,false,12,2014-04-01,2015-03-31,-1
2016-04-28,80750,2017-03-31,,370000000000,-0.118,,,,,1400000000,-0.535,1500000000,-0.545,,700000000,,7.91,,,,,,,,,,,,,,,,,,,,,,true,true,6,2016-04-01,2016-09-30,1
2016-04-28,80750,2017-03-31,,760000000000,-0.040,,,,,4300000000,-0.263,4400000000,-0.255,,2700000000,,30.49,,,,,,,,,,,,,,,,0.262,,,,,,true,true,12,2016-04-01,2017-03-31,1
2016-04-28,80750,2016-03-31,,681273000000,-0.114,,,,,4209000000,-0.160,4434000000,-0.216,2733000000,,-0.202,30.86,,,,,,191285000000,32103000000,0.168,362.47,32103000000,,,,,8.00,,,,88605625,56530,88549351,false,false,12,2015-04-01,2016-03-31,0
2016-04-28,80750,2015-03-31,,768816000000,0.017,,,,,5008000000,0.155,5658000000,0.190,3422000000,,0.034,38.64,,,,,,208944000000,32042000000,0.153,361.78,32042000000,,,,,8.00,,,,88605625,55423,88550772,false,false,12,2014-04-01,2015-03-31,-1
2016-04-28,80750,2017-03-31,,311000000000,-0.147,,,,,,,1400000000,-0.435,800000000,,-0.537,9.03,,,,,,,,,,,,,,,,,,,,,,false,true,6,2016-04-01,2016-09-30,1
2016-04-28,80750,2017-03-31,,627000000000,-0.080,,,,,,,2800000000,-0.369,1700000000,,-0.378,19.19,,,,,,,,,,,,,,,8.00,,,,,,,false,true,12,2016-04-01,2017-03-31,1
2016-04-28,80750,2016-03-31,,791342000000,-0.101,,,,,5831000000,-0.059,5908000000,-0.062,,3480000000,,39.30,,,,,,,,,,,,,,,,,,,,,,true,true,12,2015-04-01,2016-03-31,0
2016-04-28,80750,2015-03-31,,870407000000,,,,,,6788000000,,6575000000,,,3974000000,,44.88,,,,,,,,,,,,,,,,,,,,,,true,false,12,2014-04-01,2015-03-31,-1
2016-04-28,80750,2016-03-31,,681273000000,-0.079,,,,,,,4434000000,0.008,2733000000,,0.012,30.86,,,,,,,,,,,,,,,,,,,,,,false,true,12,2015-04-01,2016-03-31,0
2016-04-28,80750,2015-03-31,,768816000000,,,,,,,,5658000000,,3422000000,,,38.64,,,,,,,,,,,,,,,,,,,,,,false,false,12,2014-04-01,2015-03-31,-1
2016-07-29,80750,2017-03-31,1,177778000000,-0.178,,,,,793000000,-0.533,1217000000,-0.406,,66000000,,0.75,,,,,,237382000000,43979000000,0.173,,40977000000,,,,,,,,,,,,true,false,3,2016-04-01,2016-06-30,0
2016-07-29,80750,2016-03-31,1,216360000000,0.011,,,,,1699000000,0.140,2049000000,0.250,,1348000000,,15.23,,,,,,,,,,,,,,,,,,,,,,true,false,3,2015-04-01,2015-06-30,-1
2016-07-29,80750,2017-03-31,1,370000000000,-0.118,,,,,1400000000,-0.535,1500000000,-0.545,,700000000,,7.91,,,,,,,,,,,,,,,,,,,,,,true,true,6,2016-04-01,2016-09-30,0
2016-07-29,80750,2017-03-31,1,760000000000,-0.040,,,,,4300000000,-0.263,4400000000,-0.255,,2700000000,,304.92,,,,,,,,,,,,,,,,,,,,,,true,true,12,2016-04-01,2017-03-31,0
2016-07-29,80750,2016-03-31,1,,,,,,,,,,,,,,,,,,,,245594000000,45250000000,0.171,,42092000000,,,,,,,,,,,,true,false,12,2015-04-01,2016-03-31,-1
2016-07-29,80750,2016-03-31,1,,,,,,,,,,,,,,,,,,,,,,,,,,,,,8.00,,,,88605625,56530,,false,false,12,2015-04-01,2016-03-31,-1
2016-07-29,80750,2017-03-31,1,,,,,,,,,,,,,,,,,,,,,,,,,,,,,40.00,,,,,,,false,true,12,2016-04-01,2017-03-31,0
2016-07-29,80750,2017-03-31,1,,,,,,,,,,,,,,,,,,,,,,,,,,,,,,,,,88605625,56580,88549094,false,false,3,2016-04-01,2016-06-30,0
2016-07-29,80750,2016-03-31,1,,,,,,,,,,,,,,,,,,,,,,,,,,,,,,,,,,,88549612,false,false,3,2015-04-01,2015-06-30,-1
,80750,2017-03-31,,,,,,,,,,,,,,,,,,,,,,,,,,,,,,40.00,,,,,,,false,true,12,2016-04-01,2017-03-31,0
,80750,2016-03-31,,,,,,,,,,,,,,,,,,,,,,,,,,,,,,8.00,,,,,,,false,false,12,2015-04-01,2016-03-31,-1
2016-09-30,80750,2017-03-31,,354000000000,-0.043,,,,,1700000000,0.214,2100000000,0.400,,1200000000,,13.55,,,,,,,,,,,,,,,,,,,,,,true,true,6,2016-04-01,2016-09-30,0
2016-09-30,80750,2016-03-31,,419483000000,,,,,,3013000000,,3295000000,,,2130000000,,24.06,,,,,,,,,,,,,,,,,,,,,,true,false,6,2015-04-01,2015-09-30,-1
2016-09-30,80750,2017-03-31,,707000000000,-0.070,,,,,3900000000,-0.093,4600000000,0.045,,2900000000,,327.50,,,,,,,,,,,,,,,,,,,,,,true,true,12,2016-04-01,2017-03-31,0
2016-09-30,80750,2016-03-31,,791342000000,,,,,,5831000000,,5908000000,,,3480000000,,39.30,,,,,,,,,,,,,,,,,,,,,,true,false,12,2015-04-01,2016-03-31,-1
2016-09-30,80750,2017-03-31,,296000000000,-0.048,,,,,,,1700000000,0.214,1100000000,,0.375,12.42,,,,,,,,,,,,,,,,,,,,,,false,true,6,2016-04-01,2016-09-30,0
2016-09-30,80750,2016-03-31,,364434000000,,,,,,,,2479000000,,1727000000,,,19.50,,,,,,,,,,,,,,,,,,,,,,false,false,6,2015-04-01,2015-09-30,-1
2016-09-30,80750,2017-03-31,,582000000000,-0.072,,,,,,,3000000000,0.071,1800000000,,0.059,203.23,,,,,,,,,,,,,,,,,,,,,,false,true,12,2016-04-01,2017-03-31,0
2016-09-30,80750,2016-03-31,,681273000000,,,,,,,,4434000000,,2733000000,,,30.86,,,,,,,,,,,,,,,,,,,,,,false,false,12,2015-04-01,2016-03-31,-1
2016-10-28,80750,2017-03-31,2,358023000000,-0.147,,,,,1867000000,-0.380,2183000000,-0.337,,1521000000,,171.79,,,,,,237342000000,43260000000,0.171,,40559000000,,,,,,,,,,,,true,false,6,2016-04-01,2016-09-30,0
2016-10-28,80750,2016-03-31,2,419483000000,-0.016,,,,,3013000000,-0.011,3295000000,0.100,,2130000000,,240.61,,,,,,,,,,,,,,,,,,,,,,true,false,6,2015-04-01,2015-09-30,-1
2016-10-28,80750,2017-03-31,2,707000000000,-0.107,,,,,3900000000,-0.331,4600000000,-0.221,,2900000000,,327.50,,,,,,,,,,,,,,,,,,,,,,true,true,12,2016-04-01,2017-03-31,0
2016-10-28,80750,2016-03-31,2,,,,,,,,,,,,,,,,,,,,245594000000,45250000000,0.171,,42092000000,,,,,,,,,,,,true,false,12,2015-04-01,2016-03-31,-1
2016-10-28,80750,2016-03-31,2,,,,,,,,,,,,,,,,,,,,,,,,,,,,,8.00,,,,8860562,5653,,false,false,12,2015-04-01,2016-03-31,-1
2016-10-28,80750,2017-03-31,2,,,,,,,,,,,,,,,,,,,,,,,,,,,,,4.00,,,,,,,false,false,12,2016-04-01,2017-03-31,0
2016-10-28,80750,2017-03-31,2,,,,,,,,,,,,,,,,,,,,,,,,,,,,,60.00,,,,,,,false,true,12,2016-04-01,2017-03-31,0
2016-10-28,80750,2017-03-31,2,,,,,,,,,,,,,,,,,,,,,,,,,,,,,,,,,8860562,5663,8854904,false,false,6,2016-04-01,2016-09-30,0
2016-10-28,80750,2016-03-31,2,,,,,,,,,,,,,,,,,,,,,,,,,,,,,,,,,,,8854945,false,false,6,2015-04-01,2015-09-30,-1
,80750,2017-03-31,,,,,,,,,,,,,,,,,,,,,,,,,,,,,,60.00,,,,,,,false,true,12,2016-04-01,2017-03-31,0
,80750,2016-03-31,,,,,,,,,,,,,,,,,,,,,,,,,,,,,,8.00,,,,,,,false,false,12,2015-04-01,2016-03-31,-1
2017-01-31,80750,2017-03-31,3,552283000000,-0.093,,,,,3277000000,-0.258,3888000000,-0.160,,2745000000,,310.11,,,,,,250772000000,45559000000,0.171,,42978000000,,,,,,,,,,,,true,false,9,2016-04-01,2016-12-31,0
2017-01-31,80750,2016-03-31,3,608818000000,-0.050,,,,,4418000000,-0.094,4628000000,-0.024,,2968000000,,335.27,,,,,,,,,,,,,,,,,,,,,,true,false,9,2015-04-01,2015-12-31,-1
2017-01-31,80750,2017-03-31,3,707000000000,-0.107,,,,,3900000000,-0.331,4600000000,-0.221,,2900000000,,327.50,,,,,,,,,,,,,,,,,,,,,,true,true,12,2016-04-01,2017-03-31,0
2017-01-31,80750,2016-03-31,3,,,,,,,,,,,,,,,,,,,,245594000000,45250000000,0.171,,42092000000,,,,,,,,,,,,true,false,12,2015-04-01,2016-03-31,-1
2017-01-31,80750,2016-03-31,3,,,,,,,,,,,,,,,,,,,,,,,,,,,,,8.00,,,,8860562,5652,,false,false,12,2015-04-01,2016-03-31,-1
2017-01-31,80750,2017-03-31,3,,,,,,,,,,,,,,,,,,,,,,,,,,,,,4.00,,,,,,,false,false,12,2016-04-01,2017-03-31,0
2017-01-31,80750,2017-03-31,3,,,,,,,,,,,,,,,,,,,,,,,,,,,,,60.00,,,,,,,false,true,12,2016-04-01,2017-03-31,0
2017-01-31,80750,2017-03-31,3,,,,,,,,,,,,,,,,,,,,,,,,,,,,,,,,,8860562,5816,8854865,false,false,9,2016-04-01,2016-12-31,0
2017-01-31,80750,2016-03-31,3,,,,,,,,,,,,,,,,,,,,,,,,,,,,,,,,,,,8854940,false,false,9,2015-04-01,2015-12-31,-1
2017-03-31,80750,2017-03-31,,767000000000,0.085,,,,,4600000000,0.179,5300000000,0.152,,3000000000,,338.80,,,,,,,,,,,,,,,,,,,,,,true,true,12,2016-04-01,2017-03-31,0
2017-03-31,80750,2016-03-31,,791342000000,,,,,,5831000000,,5908000000,,,3480000000,,393.04,,,,,,,,,,,,,,,,,,,,,,true,false,12,2015-04-01,2016-03-31,-1
2017-03-31,80750,2017-03-31,,644000000000,0.107,,,,,,,3700000000,0.233,1900000000,,0.056,214.52,,,,,,,,,,,,,,,,,,,,,,false,true,12,2016-04-01,2017-03-31,0
2017-03-31,80750,2016-03-31,,681273000000,,,,,,,,4434000000,,2733000000,,,308.57,,,,,,,,,,,,,,,,,,,,,,false,false,12,2015-04-01,2016-03-31,-1
2017-04-28,80750,2017-03-31,,769481000000,-0.028,,,,,4819000000,-0.173,5248000000,-0.113,,2970000000,,335.43,,0.068,0.021,0.006,,257510000000,47682000000,0.176,5112.18,45264000000,5875000000,-1318000000,-4575000000,16490000000,,0.298,,,,,,true,false,12,2016-04-01,2017-03-31,0
2017-04-28,80750,2016-03-31,,791342000000,-0.091,,,,,5831000000,-0.141,5918000000,-0.100,,3480000000,,393.04,,0.082,0.023,0.007,,245594000000,45250000000,0.171,4753.62,42092000000,-2337000000,-3429000000,4568000000,16897000000,,0.204,,,,,,true,false,12,2015-04-01,2016-03-31,-1
2017-04-28,80750,2018-03-31,,420000000000,0.173,,,,,2100000000,0.125,2400000000,0.099,,1400000000,,158.11,,,,,,,,,,,,,,,,,,,,,,true,true,6,2017-04-01,2017-09-30,1
2017-04-28,80750,2018-03-31,,850000000000,0.105,,,,,5300000000,0.100,5800000000,0.105,,3700000000,,417.85,,,,,,,,,,,,,,,,0.215,,,,,,true,true,12,2017-04-01,2018-03-31,1
2017-04-28,80750,2017-03-31,,646959000000,-0.050,,,,,3836000000,-0.088,3974000000,-0.107,2120000000,,-0.224,239.36,,,,,,200577000000,34905000000,0.174,3941.27,34905000000,,,,,60.00,,,,8860562,6266,8854813,false,false,12,2016-04-01,2017-03-31,0
2017-04-28,80750,2016-03-31,,681273000000,-0.114,,,,,4209000000,-0.160,4452000000,-0.213,2733000000,,-0.202,308.57,,,,,,191285000000,32103000000,0.168,3624.67,32103000000,,,,,8.00,,,,8860562,5652,8854935,false,false,12,2015-04-01,2016-03-31,-1
2017-04-28,80750,2018-03-31,,364000000000,0.217,,,,,,,1600000000,-0.153,900000000,,-0.320,101.62,,,,,,,,,,,,,,,,,,,,,,false,true,6,2017-04-01,2017-09-30,1
2017-04-28,80750,2018-03-31,,727000000000,0.124,,,,,,,3500000000,-0.119,2100000000,,-0.009,237.11,,,,,,,,,,,,,,,90.00,,,,,,,false,true,12,2017-04-01,2018-03-31,1
2017-07-31,80750,2018-03-31,1,237317000000,0.335,,,,,1972000000,1.486,2376000000,0.951,,1818000000,,205.43,,,,,,263151000000,49375000000,0.177,,46491000000,,,,,,,,,,,,true,false,3,2017-04-01,2017-06-30,0
2017-07-31,80750,2017-03-31,1,177778000000,-0.178,,,,,793000000,-0.533,1217000000,-0.406,,66000000,,7.47,,,,,,,,,,,,,,,,,,,,,,true,false,3,2016-04-01,2016-06-30,-1
2017-07-31,80750,2018-03-31,1,450000000000,0.257,,,,,3300000000,0.767,3700000000,0.695,,2500000000,,282.38,,,,,,,,,,,,,,,,,,,,,,true,true,6,2017-04-01,2017-09-30,0
2017-07-31,80750,2018-03-31,1,850000000000,0.105,,,,,5300000000,0.100,5800000000,0.105,,3700000000,,417.85,,,,,,,,,,,,,,,,,,,,,,true,true,12,2017-04-01,2018-03-31,0
2017-07-31,80750,2017-03-31,1,,,,,,,,,,,,,,,,,,,,257510000000,47682000000,0.176,,45264000000,,,,,,,,,,,,true,false,12,2016-04-01,2017-03-31,-1
2017-07-31,80750,2017-03-31,1,,,,,,,,,,,,,,,,,,,,,,,,,,,,,60.00,,,,8860562,6266,,false,false,12,2016-04-01,2017-03-31,-1
2017-07-31,80750,2018-03-31,1,,,,,,,,,,,,,,,,,,,,,,,,,,,,,90.00,,,,,,,false,true,12,2017-04-01,2018-03-31,0
2017-07-31,80750,2018-03-31,1,,,,,,,,,,,,,,,,,,,,,,,,,,,,,,,,,8860562,6459,8854112,false,false,3,2017-04-01,2017-06-30,0
2017-07-31,80750,2017-03-31,1,,,,,,,,,,,,,,,,,,,,,,,,,,,,,,,,,,,8854910,false,false,3,2016-04-01,2016-06-30,-1
2017-07-31,80750,2018-03-31,,450000000000,0.071,,,,,3300000000,0.571,3700000000,0.542,,2500000000,,282.38,,,,,,,,,,,,,,,,,,,,,,true,true,6,2017-04-01,2017-09-30,0
2017-07-31,80750,2017-03-31,,358023000000,,,,,,1867000000,,2183000000,,,1521000000,,171.79,,,,,,,,,,,,,,,,,,,,,,true,false,6,2016-04-01,2016-09-30,-1
2017-07-31,80750,2018-03-31,,382000000000,0.049,,,,,,,2100000000,0.313,1500000000,,0.667,169.40,,,,,,,,,,,,,,,,,,,,,,false,true,6,2017-04-01,2017-09-30,0
2017-07-31,80750,2017-03-31,,298984000000,,,,,,,,1889000000,,1322000000,,,149.28,,,,,,,,,,,,,,,,,,,,,,false,false,6,2016-04-01,2016-09-30,-1
2017-10-31,80750,2018-03-31,2,461629000000,0.289,,,,,3625000000,0.942,4121000000,0.888,,2854000000,,322.41,,,,,,275242000000,51310000000,0.176,,48392000000,,,,,,,,,,,,true,false,6,2017-04-01,2017-09-30,0
2017-10-31,80750,2017-03-31,2,358023000000,-0.147,,,,,1867000000,-0.380,2183000000,-0.337,,1521000000,,171.79,,,,,,,,,,,,,,,,,,,,,,true,false,6,2016-04-01,2016-09-30,-1
2017-10-31,80750,2018-03-31,2,850000000000,0.105,,,,,5300000000,0.100,5800000000,0.105,,3700000000,,417.85,,,,,,,,,,,,,,,,,,,,,,true,true,12,2017-04-01,2018-03-31,0
2017-10-31,80750,2017-03-31,2,,,,,,,,,,,,,,,,,,,,257510000000,47682000000,0.176,,45264000000,,,,,,,,,,,,true,false,12,2016-04-01,2017-03-31,-1
2017-10-31,80750,2017-03-31,2,,,,,,,,,,,,,,,,,,,,,,,,,,,,,60.00,,,,8860562,6266,,false,false,12,2016-04-01,2017-03-31,-1
2017-10-31,80750,2018-03-31,2,,,,,,,,,,,,,,,,,,,,,,,,,,,,,45.00,,,,,,,false,false,12,2017-04-01,2018-03-31,0
2017-10-31,80750,2018-03-31,2,,,,,,,,,,,,,,,,,,,,,,,,,,,,,90.00,,,,,,,false,true,12,2017-04-01,2018-03-31,0
2017-10-31,80750,2018-03-31,2,,,,,,,,,,,,,,,,,,,,,,,,,,,,,,,,,8860562,5551,8854251,false,false,6,2017-04-01,2017-09-30,0
2017-10-31,80750,2017-03-31,2,,,,,,,,,,,,,,,,,,,,,,,,,,,,,,,,,,,8854904,false,false,6,2016-04-01,2016-09-30,-1
2018-01-31,80750,2018-03-31,3,693326000000,0.255,,,,,5917000000,0.805,6544000000,0.683,,4566000000,,515.68,,,,,,290366000000,53237000000,0.173,,50303000000,,,,,,,,,,,,true,false,9,2017-04-01,2017-12-31,0
2018-01-31,80750,2017-03-31,3,552283000000,-0.093,,,,,3277000000,-0.258,3888000000,-0.160,,2745000000,,310.11,,,,,,,,,,,,,,,,,,,,,,true,false,9,2016-04-01,2016-12-31,-1
2018-01-31,80750,2018-03-31,3,930000000000,0.209,,,,,8100000000,0.681,8400000000,0.600,,5000000000,,564.68,,,,,,,,,,,,,,,,,,,,,,true,true,12,2017-04-01,2018-03-31,0
2018-01-31,80750,2017-03-31,3,,,,,,,,,,,,,,,,,,,,257510000000,47682000000,0.176,,45264000000,,,,,,,,,,,,true,false,12,2016-04-01,2017-03-31,-1
2018-01-31,80750,2017-03-31,3,,,,,,,,,,,,,,,,,,,,,,,,,,,,,60.00,,,,8860562,6266,,false,false,12,2016-04-01,2017-03-31,-1
2018-01-31,80750,2018-03-31,3,,,,,,,,,,,,,,,,,,,,,,,,,,,,,45.00,,,,,,,false,false,12,2017-04-01,2018-03-31,0
2018-01-31,80750,2018-03-31,3,,,,,,,,,,,,,,,,,,,,,,,,,,,,,100.00,,,,,,,false,true,12,2017-04-01,2018-03-31,0
2018-01-31,80750,2018-03-31,3,,,,,,,,,,,,,,,,,,,,,,,,,,,,,,,,,8860562,5551,8854505,false,false,9,2017-04-01,2017-12-31,0
2018-01-31,80750,2017-03-31,3,,,,,,,,,,,,,,,,,,,,,,,,,,,,,,,,,,,8854865,false,false,9,2016-04-01,2016-12-31,-1
2018-01-31,80750,2018-03-31,,930000000000,0.094,,,,,8100000000,0.528,8400000000,0.448,,5000000000,,564.68,,,,,,,,,,,,,,,,,,,,,,true,true,12,2017-04-01,2018-03-31,0
2018-01-31,80750,2017-03-31,,769481000000,,,,,,4819000000,,5248000000,,,2970000000,,335.43,,,,,,,,,,,,,,,,,,,,,,true,false,12,2016-04-01,2017-03-31,-1
2018-01-31,80750,2018-03-31,,780000000000,0.073,,,,,,,4600000000,0.314,3000000000,,0.429,338.75,,,,,,,,,,,,,,,100.00,,,,,,,false,true,12,2017-04-01,2018-03-31,0
2018-01-31,80750,2017-03-31,,646959000000,,,,,,,,3974000000,,2120000000,,,239.36,,,,,,,,,,,,,,,60.00,,,,,,,false,false,12,2016-04-01,2017-03-31,-1
2018-01-31,80750,2018-03-31,,,,,,,,,,,,,,,,,,,,,,,,,,,,,,45.00,,,,,,,false,false,12,2017-04-01,2018-03-31,0
2018-04-27,80750,2018-03-31,,929467000000,0.208,,,,,8119000000,0.685,8624000000,0.643,,5449000000,,615.44,,0.113,0.032,0.009,,284291000000,53725000000,0.179,5741.27,50838000000,199000000,-680000000,2840000000,19022000000,,0.179,,,,,,true,false,12,2017-04-01,2018-03-31,0
2018-04-27,80750,2017-03-31,,769481000000,-0.028,,,,,4819000000,-0.173,5248000000,-0.113,,2970000000,,335.43,,0.068,0.021,0.006,,257510000000,47682000000,0.176,5112.18,45264000000,5875000000,-1318000000,-4575000000,16490000000,,0.298,,,,,,true,false,12,2016-04-01,2017-03-31,-1
2018-04-27,80750,2019-03-31,,460000000000,-0.004,,,,,2800000000,-0.228,3000000000,-0.272,,2000000000,,225.87,,,,,,,,,,,,,,,,,,,,,,true,true,6,2018-04-01,2018-09-30,1
2018-04-27,80750,2019-03-31,,920000000000,-0.010,,,,,6400000000,-0.212,6700000000,-0.223,,4400000000,,496.92,,,,,,,,,,,,,,,,0.201,,,,,,true,true,12,2018-04-01,2019-03-31,1
2018-04-27,80750,2018-03-31,,780047000000,0.206,,,,,4681000000,0.220,4994000000,0.256,2899000000,,0.368,327.44,,,,,,212372000000,37514000000,0.177,4236.04,37514000000,,,,,110.00,,,,8860562,5596,8854619,false,false,12,2017-04-01,2018-03-31,0
2018-04-27,80750,2017-03-31,,646959000000,-0.050,,,,,3836000000,-0.088,3974000000,-0.107,2120000000,,-0.224,239.36,,,,,,200577000000,34905000000,0.174,3941.27,34905000000,,,,,60.00,,,,8860562,6266,8854813,false,false,12,2016-04-01,2017-03-31,-1
2018-04-27,80750,2019-03-31,,385000000000,-0.013,,,,,,,2000000000,-0.196,1200000000,,-0.319,135.50,,,,,,,,,,,,,,,,,,,,,,false,true,6,2018-04-01,2018-09-30,1
2018-04-27,80750,2019-03-31,,764000000000,-0.021,,,,,,,3900000000,-0.219,2500000000,,-0.138,282.29,,,,,,,,,,,,,,,100.00,,,,,,,false,true,12,2018-04-01,2019-03-31,1
,80750,2018-03-31,,,,,,,,,,,,,,,,,,,,,,,,,,,,,,110.00,,,,,,,false,true,12,2017-04-01,2018-03-31,0
,80750,2018-03-31,,,,,,,,,,,,,,,,,,,,,,,,,,,,,,45.00,,,,,,,false,false,12,2017-04-01,2018-03-31,0
,80750,2017-03-31,,,,,,,,,,,,,,,,,,,,,,,,,,,,,,60.00,,,,,,,false,false,12,2016-04-01,2017-03-31,-1
2018-07-31,80750,2019-03-31,1,229682000000,-0.032,,,,,2005000000,0.017,2458000000,0.035,,1936000000,,218.67,,,,,,289152000000,53817000000,0.178,,51503000000,,,,,,,,,,,,true,false,3,2018-04-01,2018-06-30,0
2018-07-31,80750,2018-03-31,1,237317000000,0.335,,,,,1972000000,1.486,2376000000,0.951,,1818000000,,205.43,,,,,,,,,,,,,,,,,,,,,,true,false,3,2017-04-01,2017-06-30,-1
2018-07-31,80750,2019-03-31,1,462000000000,0.001,,,,,3700000000,0.021,4100000000,-0.005,,3000000000,,338.79,,,,,,,,,,,,,,,,,,,,,,true,true,6,2018-04-01,2018-09-30,0
2018-07-31,80750,2019-03-31,1,945000000000,0.017,,,,,7500000000,-0.076,8000000000,-0.072,,5500000000,,621.12,,,,,,,,,,,,,,,,,,,,,,true,true,12,2018-04-01,2019-03-31,0
2018-07-31,80750,2018-03-31,1,,,,,,,,,,,,,,,,,,,,283672000000,53725000000,0.179,,50838000000,,,,,,,,,,,,true,false,12,2017-04-01,2018-03-31,-1
2018-07-31,80750,2018-03-31,1,,,,,,,,,,,,,,,,,,,,,,,,,,,,,110.00,,,,8860562,5596,,false,false,12,2017-04-01,2018-03-31,-1
2018-07-31,80750,2019-03-31,1,,,,,,,,,,,,,,,,,,,,,,,,,,,,,110.00,,,,,,,false,true,12,2018-04-01,2019-03-31,0
2018-07-31,80750,2019-03-31,1,,,,,,,,,,,,,,,,,,,,,,,,,,,,,,,,,8860562,5596,8854966,false,false,3,2018-04-01,2018-06-30,0
2018-07-31,80750,2018-03-31,1,,,,,,,,,,,,,,,,,,,,,,,,,,,,,,,,,,,8854112,false,false,3,2017-04-01,2017-06-30,-1
2018-07-31,80750,2019-03-31,,462000000000,0.004,,,,,3700000000,0.321,4100000000,0.367,,3000000000,,338.79,,,,,,,,,,,,,,,,,,,,,,true,true,6,2018-04-01,2018-09-30,0
2018-07-31,80750,2018-03-31,,461629000000,,,,,,3625000000,,4121000000,,,2854000000,,322.41,,,,,,,,,,,,,,,,,,,,,,true,false,6,2017-04-01,2017-09-30,-1
2018-07-31,80750,2019-03-31,,945000000000,0.027,,,,,7500000000,0.172,8000000000,0.194,,5500000000,,621.12,,,,,,,,,,,,,,,,,,,,,,true,true,12,2018-04-01,2019-03-31,0
2018-07-31,80750,2018-03-31,,929467000000,,,,,,8119000000,,8624000000,,,5449000000,,615.47,,,,,,,,,,,,,,,,,,,,,,true,false,12,2017-04-01,2018-03-31,-1
2018-07-31,80750,2019-03-31,,381000000000,-0.010,,,,,,,2300000000,0.150,1600000000,,0.333,180.67,,,,,,,,,,,,,,,,,,,,,,false,true,6,2018-04-01,2018-09-30,0
2018-07-31,80750,2018-03-31,,390144000000,,,,,,,,2487000000,,1762000000,,,199.01,,,,,,,,,,,,,,,,,,,,,,false,false,6,2017-04-01,2017-09-30,-1
2018-07-31,80750,2019-03-31,,762000000000,-0.003,,,,,,,4300000000,0.103,2900000000,,0.160,327.46,,,,,,,,,,,,,,,110.00,,,,,,,false,true,12,2018-04-01,2019-03-31,0
2018-07-31,80750,2018-03-31,,780047000000,,,,,,,,4994000000,,2899000000,,,327.44,,,,,,,,,,,,,,,110.00,,,,,,,false,false,12,2017-04-01,2018-03-31,-1
2018-10-31,80750,2019-03-31,2,462227000000,0.001,,,,,3567000000,-0.016,3915000000,-0.050,,2934000000,,331.42,,,,,,288700000000,55322000000,0.184,,52983000000,,,,,,,,,,,,true,false,6,2018-04-01,2018-09-30,0
2018-10-31,80750,2018-03-31,2,461629000000,0.289,,,,,3625000000,0.942,4121000000,0.888,,2854000000,,322.41,,,,,,,,,,,,,,,,,,,,,,true,false,6,2017-04-01,2017-09-30,-1
2018-10-31,80750,2019-03-31,2,945000000000,0.017,,,,,7500000000,-0.076,8000000000,-0.072,,5500000000,,621.12,,,,,,,,,,,,,,,,,,,,,,true,true,12,2018-04-01,2019-03-31,0
2018-10-31,80750,2018-03-31,2,,,,,,,,,,,,,,,,,,,,283672000000,53725000000,0.179,,50838000000,,,,,,,,,,,,true,false,12,2017-04-01,2018-03-31,-1
2018-10-31,80750,2018-03-31,2,,,,,,,,,,,,,,,,,,,,,,,,,,,,,110.00,,,,8860562,5596,,false,false,12,2017-04-01,2018-03-31,-1
2018-10-31,80750,2019-03-31,2,,,,,,,,,,,,,,,,,,,,,,,,,,,,,55.00,,,,,,,false,false,12,2018-04-01,2019-03-31,0
2018-10-31,80750,2019-03-31,2,,,,,,,,,,,,,,,,,,,,,,,,,,,,,110.00,,,,,,,false,true,12,2018-04-01,2019-03-31,0
2018-10-31,80750,2019-03-31,2,,,,,,,,,,,,,,,,,,,,,,,,,,,,,,,,,8860562,5618,8854959,false,false,6,2018-04-01,2018-09-30,0
2018-10-31,80750,2018-03-31,2,,,,,,,,,,,,,,,,,,,,,,,,,,,,,,,,,,,8854251,false,false,6,2017-04-01,2017-09-30,-1
2019-02-01,80750,2019-03-31,3,712650000000,0.028,,,,,6391000000,0.080,6601000000,0.009,,4059000000,,458.46,,,,,,305686000000,54946000000,0.172,,52559000000,,,,,,,,,,,,true,false,9,2018-04-01,2018-12-31,0
2019-02-01,80750,2018-03-31,3,693326000000,0.255,,,,,5917000000,0.805,6544000000,0.683,,4566000000,,515.68,,,,,,,,,,,,,,,,,,,,,,true,false,9,2017-04-01,2017-12-31,-1
2019-02-01,80750,2019-03-31,3,945000000000,0.017,,,,,7500000000,-0.076,8000000000,-0.072,,5500000000,,621.12,,,,,,,,,,,,,,,,,,,,,,true,true,12,2018-04-01,2019-03-31,0
2019-02-01,80750,2018-03-31,3,,,,,,,,,,,,,,,,,,,,283672000000,53725000000,0.179,,50838000000,,,,,,,,,,,,true,false,12,2017-04-01,2018-03-31,-1
2019-02-01,80750,2018-03-31,3,,,,,,,,,,,,,,,,,,,,,,,,,,,,,110.00,,,,8860562,5596,,false,false,12,2017-04-01,2018-03-31,-1
2019-02-01,80750,2019-03-31,3,,,,,,,,,,,,,,,,,,,,,,,,,,,,,55.00,,,,,,,false,false,12,2018-04-01,2019-03-31,0
2019-02-01,80750,2019-03-31,3,,,,,,,,,,,,,,,,,,,,,,,,,,,,,110.00,,,,,,,false,true,12,2018-04-01,2019-03-31,0
2019-02-01,80750,2019-03-31,3,,,,,,,,,,,,,,,,,,,,,,,,,,,,,,,,,8860562,5618,8854954,false,false,9,2018-04-01,2018-12-31,0
2019-02-01,80750,2018-03-31,3,,,,,,,,,,,,,,,,,,,,,,,,,,,,,,,,,,,8854505,false,false,9,2017-04-01,2017-12-31,-1
2019-04-26,80750,2019-03-31,,952507000000,0.025,,,,,7922000000,-0.024,8016000000,-0.071,,5019000000,,566.81,,0.097,0.027,0.008,,307590000000,54921000000,0.171,5946.33,52654000000,-13268000000,-1990000000,2104000000,5552000000,,0.194,,,,,,true,false,12,2018-04-01,2019-03-31,0
2019-04-26,80750,2018-03-31,,929467000000,0.208,,,,,8119000000,0.685,8624000000,0.643,,5449000000,,615.47,,0.113,0.032,0.009,,283672000000,53725000000,0.179,5741.27,50838000000,199000000,-680000000,2840000000,19022000000,,0.179,,,,,,true,false,12,2017-04-01,2018-03-31,-1
2019-04-26,80750,2020-03-31,,480000000000,0.038,,,,,2800000000,-0.215,3100000000,-0.208,,2000000000,,225.86,,,,,,,,,,,,,,,,,,,,,,true,true,6,2019-04-01,2019-09-30,1
2019-04-26,80750,2020-03-31,,980000000000,0.029,,,,,6900000000,-0.129,7000000000,-0.127,,4600000000,,519.48,,,,,,,,,,,,,,,,0.212,,,,,,true,true,12,2019-04-01,2020-03-31,1
2019-04-26,80750,2019-03-31,,773925000000,-0.008,,,,,4336000000,-0.074,4552000000,-0.088,2179000000,,-0.248,246.08,,,,,,222809000000,37696000000,0.169,4256.62,37696000000,,,,,110.00,,,,8860562,5618,8854952,false,false,12,2018-04-01,2019-03-31,0
2019-04-26,80750,2018-03-31,,780047000000,0.206,,,,,4681000000,0.220,4994000000,0.256,2899000000,,0.368,327.44,,,,,,212005000000,37514000000,0.177,4236.04,37514000000,,,,,110.00,,,,8860562,5596,8854145,false,false,12,2017-04-01,2018-03-31,-1
2019-04-26,80750,2020-03-31,,385000000000,0.020,,,,,,,2200000000,-0.037,1400000000,,-0.025,158.09,,,,,,,,,,,,,,,,,,,,,,false,true,6,2019-04-01,2019-09-30,1
2019-04-26,80750,2020-03-31,,785000000000,0.014,,,,,,,4300000000,-0.056,2800000000,,0.285,316.17,,,,,,,,,,,,,,,110.00,,,,,,,false,true,12,2019-04-01,2020-03-31,1
2019-07-31,80750,2020-03-31,1,244279000000,0.064,,,,,2342000000,0.168,2223000000,-0.095,,1138000000,,128.55,,,,,,305181000000,55316000000,0.174,,53213000000,,,,,,,,,,,,true,false,3,2019-04-01,2019-06-30,0
2019-07-31,80750,2019-03-31,1,229682000000,-0.032,,,,,2005000000,0.017,2458000000,0.035,,1936000000,,218.67,,,,,,,,,,,,,,,,,,,,,,true,false,3,2018-04-01,2018-06-30,-1
2019-07-31,80750,2020-03-31,1,480000000000,0.038,,,,,2800000000,-0.215,3100000000,-0.208,,2000000000,,225.86,,,,,,,,,,,,,,,,,,,,,,true,true,6,2019-04-01,2019-09-30,0
2019-07-31,80750,2020-03-31,1,980000000000,0.029,,,,,6900000000,-0.129,7000000000,-0.127,,4600000000,,519.48,,,,,,,,,,,,,,,,,,,,,,true,true,12,2019-04-01,2020-03-31,0
2019-07-31,80750,2019-03-31,1,,,,,,,,,,,,,,,,,,,,307590000000,54921000000,0.171,,52654000000,,,,,,,,,,,,true,false,12,2018-04-01,2019-03-31,-1
2019-07-31,80750,2019-03-31,1,,,,,,,,,,,,,,,,,,,,,,,,,,,,,110.00,,,,8860562,5618,,false,false,12,2018-04-01,2019-03-31,-1
2019-07-31,80750,2020-03-31,1,,,,,,,,,,,,,,,,,,,,,,,,,,,,,110.00,,,,,,,false,true,12,2019-04-01,2020-03-31,0
2019-07-31,80750,2020-03-31,1,,,,,,,,,,,,,,,,,,,,,,,,,,,,,,,,,8860562,5618,8854944,false,false,3,2019-04-01,2019-06-30,0
2019-07-31,80750,2019-03-31,1,,,,,,,,,,,,,,,,,,,,,,,,,,,,,,,,,,,8854966,false,false,3,2018-04-01,2018-06-30,-1
2019-10-31,80750,2020-03-31,2,484774000000,0.049,,,,,3584000000,0.005,3388000000,-0.135,,1724000000,,194.78,,,,,,292861000000,55311000000,0.182,,53160000000,,,,,,,,,,,,true,false,6,2019-04-01,2019-09-30,0
2019-10-31,80750,2019-03-31,2,462227000000,0.001,,,,,3567000000,-0.016,3915000000,-0.050,,2934000000,,331.42,,,,,,,,,,,,,,,,,,,,,,true,false,6,2018-04-01,2018-09-30,-1
2019-10-31,80750,2020-03-31,2,980000000000,0.029,,,,,6900000000,-0.129,7000000000,-0.127,,4600000000,,519.48,,,,,,,,,,,,,,,,,,,,,,true,true,12,2019-04-01,2020-03-31,0
2019-10-31,80750,2019-03-31,2,,,,,,,,,,,,,,,,,,,,307590000000,54921000000,0.171,,52654000000,,,,,,,,,,,,true,false,12,2018-04-01,2019-03-31,-1
2019-10-31,80750,2019-03-31,2,,,,,,,,,,,,,,,,,,,,,,,,,,,,,110.00,,,,8860562,5618,,false,false,12,2018-04-01,2019-03-31,-1
2019-10-31,80750,2020-03-31,2,,,,,,,,,,,,,,,,,,,,,,,,,,,,,55.00,,,,,,,false,false,12,2019-04-01,2020-03-31,0
2019-10-31,80750,2020-03-31,2,,,,,,,,,,,,,,,,,,,,,,,,,,,,,110.00,,,,,,,false,true,12,2019-04-01,2020-03-31,0
2019-10-31,80750,2020-03-31,2,,,,,,,,,,,,,,,,,,,,,,,,,,,,,,,,,8860562,5670,8854924,false,false,6,2019-04-01,2019-09-30,0
2019-10-31,80750,2019-03-31,2,,,,,,,,,,,,,,,,,,,,,,,,,,,,,,,,,,,8854959,false,false,6,2018-04-01,2018-09-30,-1
2020-01-31,80750,2020-03-31,3,716327000000,0.005,,,,,5873000000,-0.081,5368000000,-0.187,,3122000000,,352.58,,,,,,297984000000,57702000000,0.186,,55572000000,,,,,,,,,,,,true,false,9,2019-04-01,2019-12-31,0
2020-01-31,80750,2019-03-31,3,712650000000,0.028,,,,,6391000000,0.080,6601000000,0.009,,4059000000,,458.46,,,,,,,,,,,,,,,,,,,,,,true,false,9,2018-04-01,2018-12-31,-1
2020-01-31,80750,2020-03-31,3,980000000000,0.029,,,,,6900000000,-0.129,7000000000,-0.127,,4600000000,,519.48,,,,,,,,,,,,,,,,,,,,,,true,true,12,2019-04-01,2020-03-31,0
2020-01-31,80750,2019-03-31,3,,,,,,,,,,,,,,,,,,,,307590000000,54921000000,0.171,,52654000000,,,,,,,,,,,,true,false,12,2018-04-01,2019-03-31,-1
2020-01-31,80750,2019-03-31,3,,,,,,,,,,,,,,,,,,,,,,,,,,,,,110.00,,,,8860562,5618,,false,false,12,2018-04-01,2019-03-31,-1
2020-01-31,80750,2020-03-31,3,,,,,,,,,,,,,,,,,,,,,,,,,,,,,55.00,,,,,,,false,false,12,2019-04-01,2020-03-31,0
2020-01-31,80750,2020-03-31,3,,,,,,,,,,,,,,,,,,,,,,,,,,,,,110.00,,,,,,,false,true,12,2019-04-01,2020-03-31,0
2020-01-31,80750,2020-03-31,3,,,,,,,,,,,,,,,,,,,,,,,,,,,,,,,,,8860562,5714,8854909,false,false,9,2019-04-01,2019-12-31,0
2020-01-31,80750,2019-03-31,3,,,,,,,,,,,,,,,,,,,,,,,,,,,,,,,,,,,8854954,false,false,9,2018-04-01,2018-12-31,-1
2020-03-31,80750,2020-03-31,,936000000000,-0.045,,,,,5400000000,-0.217,4800000000,-0.314,,2500000000,,282.33,,,,,,,,,,,,,,,,,,,,,,true,true,12,2019-04-01,2020-03-31,0
2020-03-31,80750,2019-03-31,,952507000000,,,,,,7922000000,,8016000000,,,5019000000,,566.81,,,,,,,,,,,,,,,,,,,,,,true,false,12,2018-04-01,2019-03-31,-1
2020-03-31,80750,2020-03-31,,,,,,,,,,,,,,,,,,,,,,,,,,,,,,90.00,,,,,,,false,true,12,2019-04-01,2020-03-31,0
2020-03-31,80750,2020-03-31,,,,,,,,,,,,,,,,,,,,,,,,,,,,,,55.00,,,,,,,false,false,12,2019-04-01,2020-03-31,0
2020-03-31,80750,2019-03-31,,,,,,,,,,,,,,,,,,,,,,,,,,,,,,110.00,,,,,,,false,false,12,2018-04-01,2019-03-31,-1
2020-05-20,80750,2020-03-31,,936031000000,-0.017,,,,,4829000000,-0.390,3943000000,-0.508,,1629000000,,184.03,,0.031,0.013,0.005,,284477000000,54571000000,0.184,5920.30,52423000000,12747000000,-3608000000,1977000000,16602000000,,0.489,,,,,,true,false,12,2019-04-01,2020-03-31,0
2020-05-20,80750,2019-03-31,,952507000000,0.025,,,,,7922000000,-0.024,8016000000,-0.071,,5019000000,,566.81,,0.097,0.027,0.008,,307590000000,54921000000,0.171,5946.33,52654000000,-13268000000,-1990000000,2104000000,5552000000,,0.194,,,,,,true,false,12,2018-04-01,2019-03-31,-1
2020-05-20,80750,2020-03-31,,760698000000,-0.017,,,,,4274000000,-0.014,4372000000,-0.040,2318000000,,0.064,261.78,,,,,,205784000000,38355000000,0.186,4331.15,38355000000,,,,,90.00,,,,8860562,5714,8854894,false,false,12,2019-04-01,2020-03-31,0
2020-05-20,80750,2019-03-31,,773925000000,-0.008,,,,,4336000000,-0.074,4552000000,-0.088,2179000000,,-0.248,246.08,,,,,,222809000000,37696000000,0.169,4256.62,37696000000,,,,,110.00,,,,8860562,5618,8854952,false,false,12,2018-04-01,2019-03-31,-1
2020-07-31,80750,2021-03-31,1,180342000000,-0.262,,,,,566000000,-0.758,709000000,-0.681,,63000000,,7.14,,,,,,263883000000,53881000000,0.196,,51759000000,,,,,,,,,,,,true,false,3,2020-04-01,2020-06-30,0
2020-07-31,80750,2020-03-31,1,244279000000,0.064,,,,,2342000000,0.168,2223000000,-0.095,,1138000000,,128.55,,,,,,,,,,,,,,,,,,,,,,true,false,3,2019-04-01,2019-06-30,-1
2020-07-31,80750,2020-03-31,1,,,,,,,,,,,,,,,,,,,,284477000000,54571000000,0.184,,52423000000,,,,,,,,,,,,true,false,12,2019-04-01,2020-03-31,-1
2020-07-31,80750,2020-03-31,1,,,,,,,,,,,,,,,,,,,,,,,,,,,,,90.00,,,,8860562,5714,,false,false,12,2019-04-01,2020-03-31,-1
2020-07-31,80750,2021-03-31,1,,,,,,,,,,,,,,,,,,,,,,,,,,,,,,,,,8860562,5714,8854848,false,false,3,2020-04-01,2020-06-30,0
2020-07-31,80750,2020-03-31,1,,,,,,,,,,,,,,,,,,,,,,,,,,,,,,,,,,,8854944,false,false,3,2019-04-01,2019-06-30,-1
2020-09-18,80750,2021-03-31,,350000000000,,,,,,1600000000,,1700000000,,,400000000,,45.17,,,,,,,,,,,,,,,,,,,,,,true,true,6,2020-04-01,2020-09-30,0
2020-09-18,80750,2020-03-31,,484774000000,,,,,,3584000000,,3388000000,,,1724000000,,194.78,,,,,,,,,,,,,,,,,,,,,,true,false,6,2019-04-01,2019-09-30,-1
2020-09-18,80750,2021-03-31,,750000000000,,,,,,2700000000,,2700000000,,,800000000,,90.35,,,,,,,,,,,,,,,,,,,,,,true,true,12,2020-04-01,2021-03-31,0
2020-09-18,80750,2020-03-31,,936031000000,,,,,,4829000000,,3943000000,,,1629000000,,184.03,,,,,,,,,,,,,,,,,,,,,,true,false,12,2019-04-01,2020-03-31,-1
2020-09-18,80750,2021-03-31,,280000000000,,,,,,,,2000000000,,1100000000,,,124.21,,,,,,,,,,,,,,,,,,,,,,false,true,6,2020-04-01,2020-09-30,0
2020-09-18,80750,2020-03-31,,395935000000,,,,,,,,2378000000,,1316000000,,,148.70,,,,,,,,,,,,,,,,,,,,,,false,false,6,2019-04-01,2019-09-30,-1
2020-09-18,80750,2021-03-31,,605000000000,,,,,,,,3500000000,,1500000000,,,169.38,,,,,,,,,,,,,,,30.00,,,,,,,false,true,12,2020-04-01,2021-03-31,0
2020-09-18,80750,2020-03-31,,760698000000,,,,,,,,4372000000,,2318000000,,,261.78,,,,,,,,,,,,,,,90.00,,,,,,,false,false,12,2019-04-01,2020-03-31,-1
2020-10-30,80750,2021-03-31,2,347070000000,-0.284,,,,,1380000000,-0.615,1618000000,-0.522,,488000000,,55.19,,,,,,253850000000,54427000000,0.206,,52279000000,,,,,,,,,,,,true,false,6,2020-04-01,2020-09-30,0
2020-10-30,80750,2020-03-31,2,484774000000,0.049,,,,,3584000000,0.005,3388000000,-0.135,,1724000000,,194.78,,,,,,,,,,,,,,,,,,,,,,true,false,6,2019-04-01,2019-09-30,-1
2020-10-30,80750,2021-03-31,2,750000000000,-0.199,,,,,2700000000,-0.441,2700000000,-0.315,,800000000,,90.35,,,,,,,,,,,,,,,,,,,,,,true,true,12,2020-04-01,2021-03-31,0
2020-10-30,80750,2020-03-31,2,,,,,,,,,,,,,,,,,,,,284477000000,54571000000,0.184,,52423000000,,,,,,,,,,,,true,false,12,2019-04-01,2020-03-31,-1
2020-10-30,80750,2020-03-31,2,,,,,,,,,,,,,,,,,,,,,,,,,,,,,90.00,,,,8860562,5714,,false,false,12,2019-04-01,2020-03-31,-1
2020-10-30,80750,2021-03-31,2,,,,,,,,,,,,,,,,,,,,,,,,,,,,,15.00,,,,,,,false,false,12,2020-04-01,2021-03-31,0
2020-10-30,80750,2021-03-31,2,,,,,,,,,,,,,,,,,,,,,,,,,,,,,30.00,,,,,,,false,true,12,2020-04-01,2021-03-31,0
2020-10-30,80750,2021-03-31,2,,,,,,,,,,,,,,,,,,,,,,,,,,,,,,,,,8860562,5714,8854848,false,false,6,2020-04-01,2020-09-30,0
2020-10-30,80750,2020-03-31,2,,,,,,,,,,,,,,,,,,,,,,,,,,,,,,,,,,,8854924,false,false,6,2019-04-01,2019-09-30,-1
2021-01-29,80750,2021-03-31,3,553162000000,-0.228,,,,,2798000000,-0.524,2354000000,-0.561,,1476000000,,166.70,,,,,,274546000000,55677000000,0.195,,53509000000,,,,,,,,,,,,true,false,9,2020-04-01,2020-12-31,0
2021-01-29,80750,2020-03-31,3,716327000000,0.005,,,,,5873000000,-0.081,5368000000,-0.187,,3122000000,,352.58,,,,,,,,,,,,,,,,,,,,,,true,false,9,2019-04-01,2019-12-31,-1
2021-01-29,80750,2021-03-31,3,750000000000,-0.199,,,,,2700000000,-0.441,2700000000,-0.315,,800000000,,90.35,,,,,,,,,,,,,,,,,,,,,,true,true,12,2020-04-01,2021-03-31,0
2021-01-29,80750,2020-03-31,3,,,,,,,,,,,,,,,,,,,,284477000000,54571000000,0.184,,52423000000,,,,,,,,,,,,true,false,12,2019-04-01,2020-03-31,-1
2021-01-29,80750,2020-03-31,3,,,,,,,,,,,,,,,,,,,,,,,,,,,,,90.00,,,,8860562,5714,,false,false,12,2019-04-01,2020-03-31,-1
2021-01-29,80750,2021-03-31,3,,,,,,,,,,,,,,,,,,,,,,,,,,,,,15.00,,,,,,,false,false,12,2020-04-01,2021-03-31,0
2021-01-29,80750,2021-03-31,3,,,,,,,,,,,,,,,,,,,,,,,,,,,,,30.00,,,,,,,false,true,12,2020-04-01,2021-03-31,0
2021-01-29,80750,2021-03-31,3,,,,,,,,,,,,,,,,,,,,,,,,,,,,,,,,,8860562,5714,8854848,false,false,9,2020-04-01,2020-12-31,0
2021-01-29,80750,2020-03-31,3,,,,,,,,,,,,,,,,,,,,,,,,,,,,,,,,,,,8854909,false,false,9,2019-04-01,2019-12-31,-1
2021-02-26,80750,2021-03-31,,784400000000,0.046,,,,,4200000000,0.556,3500000000,0.296,,2000000000,,225.86,,,,,,,,,,,,,,,,,,,,,,true,true,12,2020-04-01,2021-03-31,0
2021-02-26,80750,2020-03-31,,936031000000,,,,,,4829000000,,3943000000,,,1629000000,,184.04,,,,,,,,,,,,,,,,,,,,,,true,false,12,2019-04-01,2020-03-31,-1
2021-02-26,80750,2021-03-31,,637200000000,0.053,,,,,,,3900000000,0.114,2200000000,,0.467,248.42,,,,,,,,,,,,,,,50.00,,,,,,,false,true,12,2020-04-01,2021-03-31,0
2021-02-26,80750,2020-03-31,,760698000000,,,,,,,,4372000000,,2318000000,,,261.78,,,,,,,,,,,,,,,90.00,,,,,,,false,false,12,2019-04-01,2020-03-31,-1
2021-02-26,80750,2021-03-31,,,,,,,,,,,,,,,,,,,,,,,,,,,,,,15.00,,,,,,,false,false,12,2020-04-01,2021-03-31,0
2021-04-28,80750,2021-03-31,,784160000000,-0.162,,,,,4454000000,-0.078,4067000000,0.031,,2198000000,,248.24,,0.041,0.014,0.006,,286233000000,57185000000,0.195,6295.46,55745000000,14894000000,-2048000000,-6825000000,22432000000,,0.201,,,,,,true,false,12,2020-04-01,2021-03-31,0
2021-04-28,80750,2020-03-31,,936031000000,-0.017,,,,,4829000000,-0.390,3943000000,-0.508,,1629000000,,184.03,,0.031,0.013,0.005,,284477000000,54571000000,0.184,5920.30,52423000000,12747000000,-3608000000,1977000000,16602000000,,0.489,,,,,,true,false,12,2019-04-01,2020-03-31,-1
2021-04-28,80750,2022-03-31,,200000000000,,,,,,2000000000,0.448,2100000000,0.297,,1100000000,,124.23,,,,,,,,,,,,,,,,,,,,,,true,true,6,2021-04-01,2021-09-30,1
2021-04-28,80750,2022-03-31,,408000000000,,,,,,5100000000,0.145,5200000000,0.279,,3000000000,,338.80,,,,,,,,,,,,,,,,0.295,,,,,,true,true,12,2021-04-01,2022-03-31,1
2021-04-28,80750,2021-03-31,,646529000000,-0.150,,,,,3519000000,-0.177,4044000000,-0.075,2313000000,,-0.002,261.23,,,,,,215371000000,42176000000,0.196,4762.62,42176000000,,,,,50.00,,,,8860562,5752,8854845,false,false,12,2020-04-01,2021-03-31,0
2021-04-28,80750,2020-03-31,,760698000000,-0.017,,,,,4274000000,-0.014,4372000000,-0.040,2318000000,,0.064,261.78,,,,,,205784000000,38355000000,0.186,4331.15,38355000000,,,,,90.00,,,,8860562,5714,8854894,false,false,12,2019-04-01,2020-03-31,-1
2021-04-28,80750,2022-03-31,,146000000000,,,,,,,,1600000000,-0.225,950000000,,-0.177,107.27,,,,,,,,,,,,,,,,,,,,,,false,true,6,2021-04-01,2021-09-30,1
2021-04-28,80750,2022-03-31,,300000000000,,,,,,,,3100000000,-0.233,1750000000,,-0.243,197.61,,,,,,,,,,,,,,,100.00,,,,,,,false,true,12,2021-04-01,2022-03-31,1
2021-07-30,80750,2022-03-31,1,113944000000,,,,,,2083000000,2.677,2326000000,2.281,,1796000000,,202.86,,,,,,314859000000,60044000000,0.185,,58266000000,,,,,,,,,,,,true,false,3,2021-04-01,2021-06-30,0
2021-07-30,80750,2021-03-31,1,180342000000,-0.262,,,,,566000000,-0.758,709000000,-0.681,,63000000,,7.14,,,,,,,,,,,,,,,,,,,,,,true,false,3,2020-04-01,2020-06-30,-1
2021-07-30,80750,2022-03-31,1,238000000000,,,,,,3900000000,1.825,4100000000,1.532,,2900000000,,327.51,,,,,,,,,,,,,,,,,,,,,,true,true,6,2021-04-01,2021-09-30,0
2021-07-30,80750,2022-03-31,1,483000000000,,,,,,7800000000,0.751,7300000000,0.795,,5100000000,,575.96,,,,,,,,,,,,,,,,,,,,,,true,true,12,2021-04-01,2022-03-31,0
2021-07-30,80750,2021-03-31,1,,,,,,,,,,,,,,,,,,,,286233000000,57185000000,0.195,,55745000000,,,,,,,,,,,,true,false,12,2020-04-01,2021-03-31,-1
2021-07-30,80750,2021-03-31,1,,,,,,,,,,,,,,,,,,,,,,,,,,,,,50.00,,,,8860562,5752,,false,false,12,2020-04-01,2021-03-31,-1
2021-07-30,80750,2022-03-31,1,,,,,,,,,,,,,,,,,,,,,,,,,,,,,170.00,,,,,,,false,true,12,2021-04-01,2022-03-31,0
2021-07-30,80750,2022-03-31,1,,,,,,,,,,,,,,,,,,,,,,,,,,,,,,,,,8860562,5757,8860562,false,false,3,2021-04-01,2021-06-30,0
2021-07-30,80750,2021-03-31,1,,,,,,,,,,,,,,,,,,,,,,,,,,,,,,,,,,,8854848,false,false,3,2020-04-01,2020-06-30,-1
2021-07-30,80750,2022-03-31,,238000000000,0.190,,,,,3900000000,0.950,4100000000,0.952,2900000000,,1.636,327.51,,,,,,,,,,,,,,,,,,,,,,true,true,6,2021-04-01,2021-09-30,0
2021-07-30,80750,2021-03-31,,347070000000,,,,,,1380000000,,1618000000,,488000000,,,55.19,,,,,,,,,,,,,,,,,,,,,,true,false,6,2020-04-01,2020-09-30,-1
2021-07-30,80750,2022-03-31,,483000000000,0.184,,,,,7800000000,0.529,7300000000,0.404,5100000000,,0.700,575.96,,,,,,,,,,,,,,,,,,,,,,true,true,12,2021-04-01,2022-03-31,0
2021-07-30,80750,2021-03-31,,784160000000,,,,,,4454000000,,4067000000,,2198000000,,,248.24,,,,,,,,,,,,,,,,,,,,,,true,false,12,2020-04-01,2021-03-31,-1
2021-07-30,80750,2022-03-31,,168000000000,0.151,,,,,,,3100000000,0.938,2200000000,,1.316,248.45,,,,,,,,,,,,,,,,,,,,,,false,true,6,2021-04-01,2021-09-30,0
2021-07-30,80750,2021-03-31,,282960000000,,,,,,,,2064000000,,1155000000,,,130.44,,,,,,,,,,,,,,,,,,,,,,false,false,6,2020-04-01,2020-09-30,-1
2021-07-30,80750,2022-03-31,,344000000000,0.147,,,,,,,5000000000,0.613,3600000000,,1.057,406.56,,,,,,,,,,,,,,,170.00,,,,,,,false,true,12,2021-04-01,2022-03-31,0
2021-07-30,80750,2021-03-31,,646529000000,,,,,,,,4044000000,,2313000000,,,261.23,,,,,,,,,,,,,,,50.00,,,,,,,false,false,12,2020-04-01,2021-03-31,-1
2021-10-29,80750,2022-03-31,2,224176000000,,,,,,4086000000,1.959,4563000000,1.819,,3858000000,,435.74,,,,,,334466000000,62281000000,0.181,,60503000000,,,,,,,,,,,,true,false,6,2021-04-01,2021-09-30,0
2021-10-29,80750,2021-03-31,2,347070000000,-0.284,,,,,1380000000,-0.615,1618000000,-0.522,,488000000,,55.19,,,,,,,,,,,,,,,,,,,,,,true,false,6,2020-04-01,2020-09-30,-1
2021-10-29,80750,2022-03-31,2,459000000000,,,,,,8600000000,0.931,8200000000,1.016,,6400000000,,722.77,,,,,,,,,,,,,,,,,,,,,,true,true,12,2021-04-01,2022-03-31,0
2021-10-29,80750,2021-03-31,2,,,,,,,,,,,,,,,,,,,,286233000000,57185000000,0.195,,55745000000,,,,,,,,,,,,true,false,12,2020-04-01,2021-03-31,-1
2021-10-29,80750,2021-03-31,2,,,,,,,,,,,,,,,,,,,,,,,,,,,,,50.00,,,,8860562,5752,,false,false,12,2020-04-01,2021-03-31,-1
2021-10-29,80750,2022-03-31,2,,,,,,,,,,,,,,,,,,,,,,,,,,,,,85.00,,,,,,,false,false,12,2021-04-01,2022-03-31,0
2021-10-29,80750,2022-03-31,2,,,,,,,,,,,,,,,,,,,,,,,,,,,,,170.00,,,,,,,false,true,12,2021-04-01,2022-03-31,0
2021-10-29,80750,2022-03-31,2,,,,,,,,,,,,,,,,,,,,,,,,,,,,,,,,,8860562,5767,8854805,false,false,6,2021-04-01,2021-09-30,0
2021-10-29,80750,2021-03-31,2,,,,,,,,,,,,,,,,,,,,,,,,,,,,,,,,,,,8854848,false,false,6,2020-04-01,2020-09-30,-1
2021-10-29,80750,2022-03-31,,224176000000,-0.058,,,,,4086000000,0.048,4563000000,0.113,3858000000,,0.330,435.74,,,,,,,,,,,,,,,,,,,,,,true,true,6,2021-04-01,2021-09-30,0
2021-10-29,80750,2021-03-31,,347070000000,,,,,,1380000000,,1618000000,,488000000,,,55.19,,,,,,,,,,,,,,,,,,,,,,true,false,6,2020-04-01,2020-09-30,-1
2021-10-29,80750,2022-03-31,,459000000000,-0.050,,,,,8600000000,0.103,8200000000,0.123,6400000000,,0.255,722.77,,,,,,,,,,,,,,,,,,,,,,true,true,12,2021-04-01,2022-03-31,0
2021-10-29,80750,2021-03-31,,784160000000,,,,,,4454000000,,4067000000,,2198000000,,,248.24,,,,,,,,,,,,,,,,,,,,,,true,false,12,2020-04-01,2021-03-31,-1
2021-10-29,80750,2022-03-31,,160118000000,-0.047,,,,,,,2777000000,-0.104,2626000000,,0.194,296.53,,,,,,,,,,,,,,,,,,,,,,false,true,6,2021-04-01,2021-09-30,0
2021-10-29,80750,2021-03-31,,282960000000,,,,,,,,2064000000,,1155000000,,,130.44,,,,,,,,,,,,,,,,,,,,,,false,false,6,2020-04-01,2020-09-30,-1
2021-10-29,80750,2022-03-31,,336000000000,-0.023,,,,,,,5000000000,0.000,3700000000,,0.028,417.81,,,,,,,,,,,,,,,,,,,,,,false,true,12,2021-04-01,2022-03-31,0
2021-10-29,80750,2021-03-31,,646529000000,,,,,,,,4044000000,,2313000000,,,261.23,,,,,,,,,,,,,,,,,,,,,,false,false,12,2020-04-01,2021-03-31,-1
2022-01-28,80750,2022-03-31,3,351264000000,,,,,,7353000000,1.628,7221000000,2.067,,5609000000,,633.54,,,,,,360343000000,62879000000,0.170,,61090000000,,,,,,,,,,,,true,false,9,2021-04-01,2021-12-31,0
2022-01-28,80750,2021-03-31,3,553162000000,-0.228,,,,,2798000000,-0.524,2354000000,-0.561,,1476000000,,166.70,,,,,,,,,,,,,,,,,,,,,,true,false,9,2020-04-01,2020-12-31,-1
2022-01-28,80750,2022-03-31,3,459000000000,,,,,,8600000000,0.931,8200000000,1.016,,6400000000,,722.77,,,,,,,,,,,,,,,,,,,,,,true,true,12,2021-04-01,2022-03-31,0
2022-01-28,80750,2021-03-31,3,,,,,,,,,,,,,,,,,,,,286233000000,57185000000,0.195,,55745000000,,,,,,,,,,,,true,false,12,2020-04-01,2021-03-31,-1
2022-01-28,80750,2021-03-31,3,,,,,,,,,,,,,,,,,,,,,,,,,,,,,50.00,,,,8860562,5752,,false,false,12,2020-04-01,2021-03-31,-1
2022-01-28,80750,2022-03-31,3,,,,,,,,,,,,,,,,,,,,,,,,,,,,,85.00,,,,,,,false,false,12,2021-04-01,2022-03-31,0
2022-01-28,80750,2022-03-31,3,,,,,,,,,,,,,,,,,,,,,,,,,,,,,220.00,,,,,,,false,true,12,2021-04-01,2022-03-31,0
2022-01-28,80750,2022-03-31,3,,,,,,,,,,,,,,,,,,,,,,,,,,,,,,,,,8860562,5767,8854801,false,false,9,2021-04-01,2021-12-31,0
2022-01-28,80750,2021-03-31,3,,,,,,,,,,,,,,,,,,,,,,,,,,,,,,,,,,,8854848,false,false,9,2020-04-01,2020-12-31,-1
,80750,2022-03-31,,,,,,,,,,,,,,,,,,,,,,,,,,,,,,220.00,,,,,,,false,true,12,2021-04-01,2022-03-31,0
,80750,2022-03-31,,,,,,,,,,,,,,,,,,,,,,,,,,,,,,85.00,,,,,,,false,false,12,2021-04-01,2022-03-31,0
,80750,2021-03-31,,,,,,,,,,,,,,,,,,,,,,,,,,,,,,50.00,,,,,,,false,false,12,2020-04-01,2021-03-31,-1
2022-04-28,80750,2022-03-31,,494351000000,,,,,,10054000000,1.257,9726000000,1.392,,7136000000,,805.91,,0.120,0.030,0.020,,364029000000,63753000000,0.173,7107.83,62938000000,-9279000000,-806000000,4068000000,15397000000,,0.304,,,,,,true,false,12,2021-04-01,2022-03-31,0
2022-04-28,80750,2021-03-31,,784160000000,-0.162,,,,,4454000000,-0.078,4067000000,0.031,,2198000000,,248.24,,0.041,0.014,0.006,,286233000000,57185000000,0.195,6295.46,55745000000,14894000000,-2048000000,-6825000000,22432000000,,0.201,,,,,,true,false,12,2020-04-01,2021-03-31,-1
2022-04-28,80750,2023-03-31,,263000000000,0.173,,,,,4500000000,0.101,5300000000,0.162,,3500000000,,395.00,,,,,,,,,,,,,,,,,,,,,,true,true,6,2022-04-01,2022-09-30,1
2022-04-28,80750,2023-03-31,,540000000000,0.092,,,,,9700000000,-0.035,10600000000,0.090,,7000000000,,790.00,,,,,,,,,,,,,,,,,,,,,,true,true,12,2022-04-01,2023-03-31,1
2022-04-28,80750,2022-03-31,,345607000000,,,,,,5517000000,0.568,6382000000,0.578,4928000000,,1.131,556.56,,,,,,267265000000,45552000000,0.170,5143.77,45552000000,,,,,245.00,,,,8860562,5767,8854799,false,false,12,2021-04-01,2022-03-31,0
2022-04-28,80750,2021-03-31,,646529000000,-0.150,,,,,3519000000,-0.177,4044000000,-0.075,2313000000,,-0.002,261.23,,,,,,215371000000,42176000000,0.196,4762.62,42176000000,,,,,50.00,,,,8860562,5752,8854844,false,false,12,2020-04-01,2021-03-31,-1
2022-04-28,80750,2023-03-31,,180000000000,1.124,,,,,,,3500000000,1.260,2300000000,,0.876,259.58,,,,,,,,,,,,,,,,,,,,,,false,true,6,2022-04-01,2022-09-30,1
2022-04-28,80750,2023-03-31,,365000000000,0.056,,,,,,,6500000000,0.018,4200000000,,-0.148,474.01,,,,,,,,,,,,,,,240.00,,,,,,,false,true,12,2022-04-01,2023-03-31,1
2022-04-28,80750,2022-03-31,,494351000000,0.077,,,,,10054000000,0.169,9726000000,0.186,7136000000,,0.115,805.91,,,,,,,,,,,,,,,,,,,,,,true,true,12,2021-04-01,2022-03-31,0
2022-04-28,80750,2021-03-31,,784160000000,,,,,,4454000000,,4067000000,,2198000000,,,248.24,,,,,,,,,,,,,,,,,,,,,,true,false,12,2020-04-01,2021-03-31,-1
2022-04-28,80750,2022-03-31,,345607000000,0.029,,,,,,,6382000000,0.276,4928000000,,0.332,556.56,,,,,,,,,,,,,,,245.00,,,,,,,false,true,12,2021-04-01,2022-03-31,0
2022-04-28,80750,2021-03-31,,646529000000,,,,,,,,4044000000,,2313000000,,,261.23,,,,,,,,,,,,,,,50.00,,,,,,,false,false,12,2020-04-01,2021-03-31,-1
2022-08-03,80750,2023-03-31,1,140939000000,0.237,,,,,3437000000,0.650,4009000000,0.723,,3105000000,,350.75,,,,,,389142000000,67715000000,0.171,,66525000000,,,,,,,,,,,,true,false,3,2022-04-01,2022-06-30,0
2022-08-03,80750,2022-03-31,1,113944000000,,,,,,2083000000,2.677,2326000000,2.281,,1796000000,,202.86,,,,,,,,,,,,,,,,,,,,,,true,false,3,2021-04-01,2021-06-30,-1
2022-08-03,80750,2023-03-31,1,277000000000,0.236,,,,,5300000000,0.297,6000000000,0.315,,4500000000,,508.28,,,,,,,,,,,,,,,,,,,,,,true,true,6,2022-04-01,2022-09-30,0
2022-08-03,80750,2023-03-31,1,540000000000,0.092,,,,,9700000000,-0.035,10600000000,0.090,,7000000000,,790.00,,,,,,,,,,,,,,,,,,,,,,true,true,12,2022-04-01,2023-03-31,0
2022-08-03,80750,2022-03-31,1,,,,,,,,,,,,,,,,,,,,364029000000,63753000000,0.173,,62938000000,,,,,,,,,,,,true,false,12,2021-04-01,2022-03-31,-1
2022-08-03,80750,2022-03-31,1,,,,,,,,,,,,,,,,,,,,,,,,,,,,,245.00,,,,8860562,5767,,false,false,12,2021-04-01,2022-03-31,-1
2022-08-03,80750,2023-03-31,1,,,,,,,,,,,,,,,,,,,,,,,,,,,,,240.00,,,,,,,false,true,12,2022-04-01,2023-03-31,0
2022-08-03,80750,2023-03-31,1,,,,,,,,,,,,,,,,,,,,,,,,,,,,,,,,,8860562,7499,8853456,false,false,3,2022-04-01,2022-06-30,0
2022-08-03,80750,2022-03-31,1,,,,,,,,,,,,,,,,,,,,,,,,,,,,,,,,,,,8854809,false,false,3,2021-04-01,2021-06-30,-1
2022-08-03,80750,2023-03-31,,277000000000,0.053,,,,,5300000000,0.178,6000000000,0.132,4500000000,,0.286,508.28,,,,,,,,,,,,,,,,,,,,,,true,true,6,2022-04-01,2022-09-30,0
2022-08-03,80750,2022-03-31,,224176000000,,,,,,4086000000,,4563000000,,3858000000,,,435.74,,,,,,,,,,,,,,,,,,,,,,true,false,6,2021-04-01,2021-09-30,-1
2022-08-03,80750,2023-03-31,,202000000000,0.122,,,,,,,4000000000,0.143,3000000000,,0.304,338.49,,,,,,,,,,,,,,,,,,,,,,false,true,6,2022-04-01,2022-09-30,0
2022-08-03,80750,2022-03-31,,160118000000,,,,,,,,2777000000,,2626000000,,,296.53,,,,,,,,,,,,,,,,,,,,,,false,false,6,2021-04-01,2021-09-30,-1
2022-11-02,80750,2023-03-31,2,278618000000,0.243,,,,,6419000000,0.571,6387000000,0.400,,4432000000,,501.43,,,,,,410296000000,70943000000,0.170,,69592000000,,,,,,,,,,,,true,false,6,2022-04-01,2022-09-30,0
2022-11-02,80750,2022-03-31,2,224176000000,,,,,,4086000000,1.959,4563000000,1.819,,3858000000,,435.74,,,,,,,,,,,,,,,,,,,,,,true,false,6,2021-04-01,2021-09-30,-1
2022-11-02,80750,2023-03-31,2,577000000000,0.167,,,,,11900000000,0.184,12000000000,0.234,,8800000000,,1000.00,,,,,,,,,,,,,,,,,,,,,,true,true,12,2022-04-01,2023-03-31,0
2022-11-02,80750,2022-03-31,2,,,,,,,,,,,,,,,,,,,,364029000000,63753000000,0.173,,62938000000,,,,,,,,,,,,true,false,12,2021-04-01,2022-03-31,-1
2022-11-02,80750,2022-03-31,2,,,,,,,,,,,,,,,,,,,,,,,,,,,,,245.00,,,,8860562,5767,,false,false,12,2021-04-01,2022-03-31,-1
2022-11-02,80750,2023-03-31,2,,,,,,,,,,,,,,,,,,,,,,,,,,,,,150.00,,,,,,,false,false,12,2022-04-01,2023-03-31,0
2022-11-02,80750,2023-03-31,2,,,,,,,,,,,,,,,,,,,,,,,,,,,,,300.00,,,,,,,false,true,12,2022-04-01,2023-03-31,0
2022-11-02,80750,2023-03-31,2,,,,,,,,,,,,,,,,,,,,,,,,,,,,,,,,,8860562,60519,8840380,false,false,6,2022-04-01,2022-09-30,0
2022-11-02,80750,2022-03-31,2,,,,,,,,,,,,,,,,,,,,,,,,,,,,,,,,,,,8854805,false,false,6,2021-04-01,2021-09-30,-1
2022-11-02,80750,2023-03-31,,412400000000,0.129,,,,,,,7800000000,0.200,5700000000,,0.357,647.53,,,,,,,,,,,,,,,,,,,,,,false,true,12,2022-04-01,2023-03-31,0
2022-11-02,80750,2022-03-31,,345607000000,,,,,,,,6382000000,,4928000000,,,556.56,,,,,,,,,,,,,,,,,,,,,,false,false,12,2021-04-01,2022-03-31,-1
2023-02-03,80750,2023-03-31,3,434834000000,0.238,,,,,9846000000,0.339,9676000000,0.340,,7014000000,,794.70,,,,,,422725000000,72403000000,0.167,,70793000000,,,,,,,,,,,,true,false,9,2022-04-01,2022-12-31,0
2023-02-03,80750,2022-03-31,3,351264000000,,,,,,7353000000,1.628,7221000000,2.067,,5609000000,,633.54,,,,,,,,,,,,,,,,,,,,,,true,false,9,2021-04-01,2021-12-31,-1
2023-02-03,80750,2023-03-31,3,577000000000,0.167,,,,,11900000000,0.184,12000000000,0.234,,8800000000,,1000.00,,,,,,,,,,,,,,,,,,,,,,true,true,12,2022-04-01,2023-03-31,0
2023-02-03,80750,2022-03-31,3,,,,,,,,,,,,,,,,,,,,364029000000,63753000000,0.173,,62938000000,,,,,,,,,,,,true,false,12,2021-04-01,2022-03-31,-1
2023-02-03,80750,2022-03-31,3,,,,,,,,,,,,,,,,,,,,,,,,,,,,,245.00,,,,8860562,5767,,false,false,12,2021-04-01,2022-03-31,-1
2023-02-03,80750,2023-03-31,3,,,,,,,,,,,,,,,,,,,,,,,,,,,,,150.00,,,,,,,false,false,12,2022-04-01,2023-03-31,0
2023-02-03,80750,2023-03-31,3,,,,,,,,,,,,,,,,,,,,,,,,,,,,,300.00,,,,,,,false,true,12,2022-04-01,2023-03-31,0
2023-02-03,80750,2023-03-31,3,,,,,,,,,,,,,,,,,,,,,,,,,,,,,,,,,8860562,60626,8826874,false,false,9,2022-04-01,2022-12-31,0
2023-02-03,80750,2022-03-31,3,,,,,,,,,,,,,,,,,,,,,,,,,,,,,,,,,,,8854801,false,false,9,2021-04-01,2021-12-31,-1
2023-05-11,80750,2023-03-31,,584856000000,0.183,,,,,13459000000,0.339,12668000000,0.302,,9196000000,,1042.65,,0.136,0.033,0.023,,395092000000,73896000000,0.183,8235.14,72468000000,7664000000,-1523000000,-9188000000,12800000000,,0.303,,,,,,true,false,12,2022-04-01,2023-03-31,0
2023-05-11,80750,2022-03-31,,494351000000,,,,,,10054000000,1.257,9726000000,1.392,,7136000000,,805.91,,0.120,0.030,0.020,,364029000000,63753000000,0.173,7107.83,62938000000,-9279000000,-806000000,4068000000,15397000000,,0.304,,,,,,true,false,12,2021-04-01,2022-03-31,-1
2023-05-11,80750,2024-03-31,,310000000000,0.113,,,,,4800000000,-0.252,4200000000,-0.342,,3200000000,,363.00,,,,,,,,,,,,,,,,,,,,,,true,true,6,2023-04-01,2023-09-30,1
2023-05-11,80750,2024-03-31,,652000000000,0.115,,,,,10800000000,-0.198,10000000000,-0.211,,7100000000,,806.00,,,,,,,,,,,,,,,,,,,,,,true,true,12,2023-04-01,2024-03-31,1
2023-05-11,80750,2023-03-31,,415342000000,0.202,,,,,7602000000,0.378,8634000000,0.353,6643000000,,0.348,752.94,,,,,,277341000000,50495000000,0.182,5736.44,50495000000,,,,,315.00,,,,8860562,60695,8820223,false,false,12,2022-04-01,2023-03-31,0
2023-05-11,80750,2022-03-31,,345607000000,,,,,,5517000000,0.568,6382000000,0.578,4928000000,,1.131,556.56,,,,,,267265000000,45552000000,0.170,5143.77,45552000000,,,,,245.00,,,,8860562,5767,8854799,false,false,12,2021-04-01,2022-03-31,-1
2023-05-11,80750,2024-03-31,,,,,,,,,,,,,,,,,,,,,,,,,,,,,,245.00,,,,,,,false,true,12,2023-04-01,2024-03-31,1
2023-08-03,80750,2024-03-31,1,136586000000,-0.031,,,,,2507000000,-0.271,2146000000,-0.465,,1361000000,,154.75,,,,,,404980000000,76086000000,0.184,,74652000000,,,,,,,,,,,,true,false,3,2023-04-01,2023-06-30,0
2023-08-03,80750,2023-03-31,1,140939000000,0.237,,,,,3437000000,0.650,4009000000,0.723,,3105000000,,350.75,,,,,,,,,,,,,,,,,,,,,,true,false,3,2022-04-01,2022-06-30,-1
2023-08-03,80750,2024-03-31,1,310000000000,0.113,,,,,4800000000,-0.252,4200000000,-0.342,,3200000000,,363.00,,,,,,,,,,,,,,,,,,,,,,true,true,6,2023-04-01,2023-09-30,0
2023-08-03,80750,2024-03-31,1,652000000000,0.115,,,,,10800000000,-0.198,10000000000,-0.211,,7100000000,,806.00,,,,,,,,,,,,,,,,,,,,,,true,true,12,2023-04-01,2024-03-31,0
2023-08-03,80750,2023-03-31,1,,,,,,,,,,,,,,,,,,,,395092000000,73896000000,0.183,,72468000000,,,,,,,,,,,,true,false,12,2022-04-01,2023-03-31,-1
2023-08-03,80750,2023-03-31,1,,,,,,,,,,,,,,,,,,,,,,,,,,,,,315.00,,,,8860562,60695,,false,false,12,2022-04-01,2023-03-31,-1
2023-08-03,80750,2024-03-31,1,,,,,,,,,,,,,,,,,,,,,,,,,,,,,245.00,,,,,,,false,true,12,2023-04-01,2024-03-31,0
2023-08-03,80750,2024-03-31,1,,,,,,,,,,,,,,,,,,,,,,,,,,,,,,,,,8860562,60450,8799874,false,false,3,2023-04-01,2023-06-30,0
2023-08-03,80750,2023-03-31,1,,,,,,,,,,,,,,,,,,,,,,,,,,,,,,,,,,,8853456,false,false,3,2022-04-01,2022-06-30,-1
2023-11-08,80750,2024-03-31,2,279411000000,0.003,,,,,6002000000,-0.065,5013000000,-0.215,,3713000000,,422.02,,,,,,410107000000,81278000000,0.194,,79738000000,,,,,,,,,,,,true,false,6,2023-04-01,2023-09-30,0
2023-11-08,80750,2023-03-31,2,278618000000,0.243,,,,,6419000000,0.571,6387000000,0.400,,4432000000,,501.43,,,,,,,,,,,,,,,,,,,,,,true,false,6,2022-04-01,2022-09-30,-1
2023-11-08,80750,2024-03-31,2,652000000000,0.115,,,,,10800000000,-0.198,10000000000,-0.211,,7100000000,,806.00,,,,,,,,,,,,,,,,,,,,,,true,true,12,2023-04-01,2024-03-31,0
2023-11-08,80750,2023-03-31,2,,,,,,,,,,,,,,,,,,,,395092000000,73896000000,0.183,,72468000000,,,,,,,,,,,,true,false,12,2022-04-01,2023-03-31,-1
2023-11-08,80750,2023-03-31,2,,,,,,,,,,,,,,,,,,,,,,,,,,,,,315.00,,,,8860562,60695,,false,false,12,2022-04-01,2023-03-31,-1
2023-11-08,80750,2024-03-31,2,,,,,,,,,,,,,,,,,,,,,,,,,,,,,125.00,,,,,,,false,false,12,2023-04-01,2024-03-31,0
2023-11-08,80750,2024-03-31,2,,,,,,,,,,,,,,,,,,,,,,,,,,,,,250.00,,,,,,,false,true,12,2023-04-01,2024-03-31,0
2023-11-08,80750,2024-03-31,2,,,,,,,,,,,,,,,,,,,,,,,,,,,,,,,,,8860562,60030,8800147,false,false,6,2023-04-01,2023-09-30,0
2023-11-08,80750,2023-03-31,2,,,,,,,,,,,,,,,,,,,,,,,,,,,,,,,,,,,8840380,false,false,6,2022-04-01,2022-09-30,-1
2024-02-07,80750,2024-03-31,3,433530000000,-0.003,,,,,9282000000,-0.057,8563000000,-0.115,,6529000000,,742.00,,,,,,396700000000,82926000000,0.205,,81359000000,,,,,,,,,,,,true,false,9,2023-04-01,2023-12-31,0
2024-02-07,80750,2023-03-31,3,434834000000,0.238,,,,,9846000000,0.339,9676000000,0.340,,7014000000,,794.70,,,,,,,,,,,,,,,,,,,,,,true,false,9,2022-04-01,2022-12-31,-1
2024-02-07,80750,2024-03-31,3,589000000000,0.007,,,,,12200000000,-0.094,11900000000,-0.061,,8800000000,,1000.00,,,,,,,,,,,,,,,,,,,,,,true,true,12,2023-04-01,2024-03-31,0
2024-02-07,80750,2023-03-31,3,,,,,,,,,,,,,,,,,,,,395092000000,73896000000,0.183,,72468000000,,,,,,,,,,,,true,false,12,2022-04-01,2023-03-31,-1
2024-02-07,80750,2023-03-31,3,,,,,,,,,,,,,,,,,,,,,,,,,,,,,315.00,,,,8860562,60695,,false,false,12,2022-04-01,2023-03-31,-1
2024-02-07,80750,2024-03-31,3,,,,,,,,,,,,,,,,,,,,,,,,,,,,,125.00,,,,,,,false,false,12,2023-04-01,2024-03-31,0
2024-02-07,80750,2024-03-31,3,,,,,,,,,,,,,,,,,,,,,,,,,,,,,300.00,,,,,,,false,true,12,2023-04-01,2024-03-31,0
2024-02-07,80750,2024-03-31,3,,,,,,,,,,,,,,,,,,,,,,,,,,,,,,,,,8860562,60030,8800275,false,false,9,2023-04-01,2023-12-31,0
2024-02-07,80750,2023-03-31,3,,,,,,,,,,,,,,,,,,,,,,,,,,,,,,,,,,,8826874,false,false,9,2022-04-01,2022-12-31,-1
2024-05-09,80750,2024-03-31,,591431000000,0.011,,,,,13296000000,-0.012,12814000000,0.011,,9111000000,,1035.38,,0.115,0.032,0.022,,396408000000,87480000000,0.217,9770.13,85982000000,9090000000,-2789000000,-7240000000,12308000000,,0.304,,,,,,true,false,12,2023-04-01,2024-03-31,0
2024-05-09,80750,2023-03-31,,584856000000,0.183,,,,,13459000000,0.339,12668000000,0.302,,9196000000,,1042.65,,0.136,0.033,0.023,,395092000000,73896000000,0.183,8235.14,72468000000,7664000000,-1523000000,-9188000000,12800000000,,0.303,,,,,,true,false,12,2022-04-01,2023-03-31,-1
2024-05-09,80750,2025-03-31,,298000000000,0.067,,,,,4500000000,-0.250,5100000000,0.017,,4000000000,,454.00,,,,,,,,,,,,,,,,,,,,,,true,true,6,2024-04-01,2024-09-30,1
2024-05-09,80750,2025-03-31,,623000000000,0.053,,,,,10700000000,-0.195,11000000000,-0.142,,8100000000,,920.00,,,,,,,,,,,,,,,,0.326,,,,,,true,true,12,2024-04-01,2025-03-31,1
2024-05-09,80750,2023-03-31,,,,,,,,,,,,,,,,,,,,,,,,,,,,,,315.00,,,,8860562,60695,8820223,false,false,12,2022-04-01,2023-03-31,-1
2024-05-09,80750,2024-03-31,,,,,,,,,,,,,,,,,,,,,,,,,,,,,,315.00,,,,8860562,60030,8800339,false,false,12,2023-04-01,2024-03-31,0
2024-05-09,80750,2025-03-31,,,,,,,,,,,,,,,,,,,,,,,,,,,,,,300.00,,,,,,,false,true,12,2024-04-01,2025-03-31,1
2024-08-06,80750,2025-03-31,1,152343000000,0.115,,,,,3686000000,0.470,3578000000,0.667,,2939000000,,334.06,,,,,,421219000000,89406000000,0.208,,87781000000,,,,,,,,,,,,true,false,3,2024-04-01,2024-06-30,0
2024-08-06,80750,2024-03-31,1,136586000000,-0.031,,,,,2507000000,-0.271,2146000000,-0.465,,1361000000,,154.75,,,,,,,,,,,,,,,,,,,,,,true,false,3,2023-04-01,2023-06-30,-1
2024-08-06,80750,2025-03-31,1,298000000000,0.067,,,,,4500000000,-0.250,5100000000,0.017,,4000000000,,454.00,,,,,,,,,,,,,,,,,,,,,,true,true,6,2024-04-01,2024-09-30,0
2024-08-06,80750,2025-03-31,1,623000000000,0.053,,,,,10700000000,-0.195,11000000000,-0.142,,8100000000,,920.00,,,,,,,,,,,,,,,,,,,,,,true,true,12,2024-04-01,2025-03-31,0
2024-08-06,80750,2024-03-31,1,,,,,,,,,,,,,,,,,,,,396408000000,87480000000,0.217,,85982000000,,,,,,,,,,,,true,false,12,2023-04-01,2024-03-31,-1
2024-08-06,80750,2024-03-31,1,,,,,,,,,,,,,,,,,,,,,,,,,,,,,315.00,,,,8860562,60030,,false,false,12,2023-04-01,2024-03-31,-1
2024-08-06,80750,2025-03-31,1,,,,,,,,,,,,,,,,,,,,,,,,,,,,,300.00,,,,,,,false,true,12,2024-04-01,2025-03-31,0
2024-08-06,80750,2025-03-31,1,,,,,,,,,,,,,,,,,,,,,,,,,,,,,,,,,8860562,58222,8800631,false,false,3,2024-04-01,2024-06-30,0
2024-08-06,80750,2024-03-31,1,,,,,,,,,,,,,,,,,,,,,,,,,,,,,,,,,,,8799874,false,false,3,2023-04-01,2023-06-30,-1
2024-11-07,80750,2025-03-31,2,306676000000,0.098,,,,,7024000000,0.170,6109000000,0.219,,4568000000,,519.01,,,,,,398348000000,91418000000,0.225,,89662000000,,,,,,,,,,,,true,false,6,2024-04-01,2024-09-30,0
2024-11-07,80750,2024-03-31,2,279411000000,0.003,,,,,6002000000,-0.065,5013000000,-0.215,,3713000000,,422.02,,,,,,,,,,,,,,,,,,,,,,true,false,6,2023-04-01,2023-09-30,-1
2024-11-07,80750,2025-03-31,2,623000000000,0.053,,,,,12300000000,-0.075,11000000000,-0.142,,8100000000,,920.00,,,,,,,,,,,,,,,,,,,,,,true,true,12,2024-04-01,2025-03-31,0
2024-11-07,80750,2024-03-31,2,,,,,,,,,,,,,,,,,,,,396408000000,87480000000,0.217,,85982000000,,,,,,,,,,,,true,false,12,2023-04-01,2024-03-31,-1
2024-11-07,80750,2024-03-31,2,,,,,,,,,,,,,,,,,,,,,,,,,,,,,315.00,,,,8860562,60030,,false,false,12,2023-04-01,2024-03-31,-1
2024-11-07,80750,2025-03-31,2,,,,,,,,,,,,,,,,,,,,,,,,,,,,,150.00,,,,,,,false,false,12,2024-04-01,2025-03-31,0
2024-11-07,80750,2025-03-31,2,,,,,,,,,,,,,,,,,,,,,,,,,,,,,300.00,,,,,,,false,true,12,2024-04-01,2025-03-31,0
2024-11-07,80750,2025-03-31,2,,,,,,,,,,,,,,,,,,,,,,,,,,,,,,,,,8860562,55022,8802696,false,false,6,2024-04-01,2024-09-30,0
2024-11-07,80750,2024-03-31,2,,,,,,,,,,,,,,,,,,,,,,,,,,,,,,,,,,,8800147,false,false,6,2023-04-01,2023-09-30,-1
2025-02-05,80750,2025-03-31,3,465011000000,0.073,,,,,10448000000,0.126,9414000000,0.099,,6776000000,,769.74,,,,,,409895000000,90871000000,0.218,,89278000000,,,,,,,,,,,,true,false,9,2024-04-01,2024-12-31,0
2025-02-05,80750,2024-03-31,3,433530000000,-0.003,,,,,9282000000,-0.057,8563000000,-0.115,,6529000000,,742.00,,,,,,,,,,,,,,,,,,,,,,true,false,9,2023-04-01,2023-12-31,-1
2025-02-05,80750,2025-03-31,3,623000000000,0.053,,,,,12300000000,-0.075,11000000000,-0.142,,8100000000,,920.00,,,,,,,,,,,,,,,,,,,,,,true,true,12,2024-04-01,2025-03-31,0
2025-02-05,80750,2024-03-31,3,,,,,,,,,,,,,,,,,,,,396408000000,87480000000,0.217,,85982000000,,,,,,,,,,,,true,false,12,2023-04-01,2024-03-31,-1
2025-02-05,80750,2024-03-31,3,,,,,,,,,,,,,,,,,,,,,,,,,,,,,315.00,,,,8860562,60030,,false,false,12,2023-04-01,2024-03-31,-1
2025-02-05,80750,2025-03-31,3,,,,,,,,,,,,,,,,,,,,,,,,,,,,,150.00,,,,,,,false,false,12,2024-04-01,2025-03-31,0
2025-02-05,80750,2025-03-31,3,,,,,,,,,,,,,,,,,,,,,,,,,,,,,300.00,,,,,,,false,true,12,2024-04-01,2025-03-31,0
2025-02-05,80750,2025-03-31,3,,,,,,,,,,,,,,,,,,,,,,,,,,,,,,,,,8860562,55021,8803649,false,false,9,2024-04-01,2024-12-31,0
2025-02-05,80750,2024-03-31,3,,,,,,,,,,,,,,,,,,,,,,,,,,,,,,,,,,,8800275,false,false,9,2023-04-01,2023-12-31,-1
2025-05-08,80750,2025-03-31,,617177000000,0.044,,,,,13223000000,-0.005,11763000000,-0.082,,8563000000,,324.24,,0.097,0.030,0.021,,386870000000,92977000000,0.236,3461.36,91437000000,6989000000,6688000000,-5013000000,21380000000,,0.308,,,,,,true,false,12,2024-04-01,2025-03-31,0
2025-05-08,80750,2024-03-31,,591431000000,0.011,,,,,13296000000,-0.012,12814000000,0.011,,9111000000,,345.13,,0.115,0.032,0.022,,396408000000,87480000000,0.217,3256.71,85982000000,9090000000,-2789000000,-7240000000,12308000000,,0.304,,,,,,true,false,12,2023-04-01,2024-03-31,-1
2025-05-08,80750,2026-03-31,,304000000000,-0.009,,,,,4700000000,-0.331,5300000000,-0.132,,4300000000,,162.00,,,,,,,,,,,,,,,,,,,,,,true,true,6,2025-04-01,2025-09-30,1
2025-05-08,80750,2026-03-31,,637000000000,0.032,,,,,11900000000,-0.100,12000000000,0.020,,9200000000,,348.00,,,,,,,,,,,,,,,,0.304,,,,,,true,true,12,2025-04-01,2026-03-31,1
2025-05-08,80750,2024-03-31,,,,,,,,,,,,,,,,,,,,,,,,,,,,,,315.00,,,,26581686,180090,26401017,false,false,12,2023-04-01,2024-03-31,-1
2025-05-08,80750,2025-03-31,,,,,,,,,,,,,,,,,,,,,,,,,,,,,,300.00,,,,26581686,165063,26412345,false,false,12,2024-04-01,2025-03-31,0
2025-05-08,80750,2026-03-31,,,,,,,,,,,,,,,,,,,,,,,,,,,,,,106.00,,,,,,,false,true,12,2025-04-01,2026-03-31,1
2025-08-07,80750,2026-03-31,1,147677000000,-0.031,,,,,2224000000,-0.397,2938000000,-0.179,,1982000000,,75.03,,,,,,374902000000,92945000000,0.244,,91491000000,,,,,,,,,,,,true,false,3,2025-04-01,2025-06-30,0
2025-08-07,80750,2025-03-31,1,152343000000,0.115,,,,,3686000000,0.470,3578000000,0.667,,2939000000,,111.35,,,,,,,,,,,,,,,,,,,,,,true,false,3,2024-04-01,2024-06-30,-1
2025-08-07,80750,2026-03-31,1,304000000000,-0.009,,,,,4700000000,-0.331,5300000000,-0.132,,4300000000,,162.00,,,,,,,,,,,,,,,,,,,,,,true,true,6,2025-04-01,2025-09-30,0
2025-08-07,80750,2026-03-31,1,637000000000,0.032,,,,,11900000000,-0.100,12000000000,0.020,,9200000000,,348.00,,,,,,,,,,,,,,,,,,,,,,true,true,12,2025-04-01,2026-03-31,0
2025-08-07,80750,2025-03-31,1,,,,,,,,,,,,,,,,,,,,386870000000,92977000000,0.236,,91437000000,,,,,,,,,,,,true,false,12,2024-04-01,2025-03-31,-1
2025-08-07,80750,2025-03-31,1,,,,,,,,,,,,,,,,,,,,,,,,,,,,,300.00,,,,26581686,165063,,false,false,12,2024-04-01,2025-03-31,-1
2025-08-07,80750,2026-03-31,1,,,,,,,,,,,,,,,,,,,,,,,,,,,,,106.00,,,,,,,false,true,12,2025-04-01,2026-03-31,0
2025-08-07,80750,2026-03-31,1,,,,,,,,,,,,,,,,,,,,,,,,,,,,,,,,,26581686,162813,26416718,false,false,3,2025-04-01,2025-06-30,0
2025-08-07,80750,2025-03-31,1,,,,,,,,,,,,,,,,,,,,,,,,,,,,,,,,,,,26401894,false,false,3,2024-04-01,2024-06-30,-1
