filing_date,code,fiscal_year_end,quarterly_period,net_sales,net_sales_change,revenue,revenue_change,operating_revenue,operating_revenue_change,operating_profit,operating_profit_change,ordinary_profit,ordinary_profit_change,net_income,net_income_of_parent,net_income_change,eps,diluted_eps,roe,roa,operating_profit_to_net_sales,operating_profit_to_revenue,total_assets,net_assets,equity_ratio,bps,owner_equity,operating_cash_flow,investing_cash_flow,financing_cash_flow,cash,dividend_per_share,payout_ratio,commemorative_dividend,extra_dividend,number_of_shares,number_of_treqsury_shares,avg_number_of_shares,is_consolidated,is_forecast,duration,period_start,period_end,period_pos
2015-05-14,80810,2015-03-31,,122009000000,0.013,,,,,4133000000,0.101,4223000000,0.102,2667000000,,0.225,78.93,,0.071,0.055,0.034,,77768000000,37238000000,0.479,1234.76,37223000000,89000000,1203000000,-4183000000,23559000000,,0.317,,,,,,true,false,12,2014-04-01,2015-03-31,0
2015-05-14,80810,2014-03-31,,120410000000,0.100,,,,,3754000000,0.297,3834000000,0.297,2178000000,,0.126,63.19,,0.059,0.052,0.031,,76897000000,37937000000,0.493,1100.59,37924000000,4428000000,-72000000,-621000000,26169000000,,0.301,,,,,,true,false,12,2013-04-01,2014-03-31,-1
2015-05-14,80810,2016-03-31,,55000000000,0.063,,,,,1300000000,0.013,1330000000,0.005,,850000000,,28.20,,,,,,,,,,,,,,,,,,,,,,true,true,6,2015-04-01,2015-09-30,1
2015-05-14,80810,2016-03-31,,126000000000,0.033,,,,,4250000000,0.028,4300000000,0.018,,2700000000,,89.56,,,,,,,,,,,,,,,,0.279,,,,,,true,true,12,2015-04-01,2016-03-31,1
2015-05-14,80810,2015-03-31,,110880000000,0.012,,,,,3646000000,0.103,3767000000,0.102,2385000000,,0.134,70.60,,,,,,71709000000,34394000000,0.480,1140.92,34394000000,,,,,25.00,,,,30310000,163931,33791160,false,false,12,2014-04-01,2015-03-31,0
2015-05-14,80810,2014-03-31,,109595000000,0.087,,,,,3305000000,0.305,3417000000,0.302,2103000000,,0.209,61.01,,,,,,71548000000,35731000000,0.499,1036.96,35731000000,,,,,19.00,,,,34907025,448838,34467193,false,false,12,2013-04-01,2014-03-31,-1
2015-05-14,80810,2016-03-31,,,,,,,,,,,,,,,,,,,,,,,,,,,,,,25.00,,,,,,,false,true,12,2015-04-01,2016-03-31,1
2015-07-28,80810,2016-03-31,1,22031000000,-0.005,,,,,228000000,0.660,276000000,0.516,,160000000,,5.31,,,,,,66822000000,37186000000,0.556,1233.41,37181000000,,,,,,,,,,,,true,false,3,2015-04-01,2015-06-30,0
2015-07-28,80810,2015-03-31,1,22145000000,0.164,,,,,137000000,1.113,182000000,0.475,,96000000,,2.79,,,,,,,,,,,,,,,,,,,,,,true,false,3,2014-04-01,2014-06-30,-1
2015-07-28,80810,2016-03-31,1,55000000000,0.063,,,,,1300000000,0.013,1330000000,0.005,,850000000,,28.20,,,,,,,,,,,,,,,,,,,,,,true,true,6,2015-04-01,2015-09-30,0
2015-07-28,80810,2016-03-31,1,126000000000,0.033,,,,,4250000000,0.028,4300000000,0.018,,2700000000,,89.56,,,,,,,,,,,,,,,,,,,,,,true,true,12,2015-04-01,2016-03-31,0
2015-07-28,80810,2015-03-31,1,,,,,,,,,,,,,,,,,,,,77768000000,37238000000,0.479,1234.76,37223000000,,,,,,,,,,,,true,false,12,2014-04-01,2015-03-31,-1
2015-07-28,80810,2015-03-31,1,,,,,,,,,,,,,,,,,,,,,,,,,,,,,25.00,,,,30310000,163931,,false,false,12,2014-04-01,2015-03-31,-1
2015-07-28,80810,2016-03-31,1,,,,,,,,,,,,,,,,,,,,,,,,,,,,,25.00,,,,,,,false,true,12,2015-04-01,2016-03-31,0
2015-07-28,80810,2016-03-31,1,,,,,,,,,,,,,,,,,,,,,,,,,,,,,,,,,30310000,164303,30145810,false,false,3,2015-04-01,2015-06-30,0
2015-07-28,80810,2015-03-31,1,,,,,,,,,,,,,,,,,,,,,,,,,,,,,,,,,,,34457481,false,false,3,2014-04-01,2014-06-30,-1
2015-10-27,80810,2016-03-31,2,52235000000,0.010,,,,,1444000000,0.125,1492000000,0.128,,978000000,,32.44,,,,,,68284000000,37335000000,0.547,1238.01,37320000000,,,,,,,,,,,,true,false,6,2015-04-01,2015-09-30,0
2015-10-27,80810,2015-03-31,2,51742000000,-0.004,,,,,1283000000,0.055,1323000000,0.042,,795000000,,23.09,,,,,,,,,,,,,,,,,,,,,,true,false,6,2014-04-01,2014-09-30,-1
2015-10-27,80810,2016-03-31,2,126000000000,0.033,,,,,4250000000,0.028,4300000000,0.018,,2700000000,,89.56,,,,,,,,,,,,,,,,,,,,,,true,true,12,2015-04-01,2016-03-31,0
2015-10-27,80810,2015-03-31,2,,,,,,,,,,,,,,,,,,,,77768000000,37238000000,0.479,1234.76,37223000000,,,,,,,,,,,,true,false,12,2014-04-01,2015-03-31,-1
2015-10-27,80810,2015-03-31,2,,,,,,,,,,,,,,,,,,,,,,,,,,,,,25.00,,,,30310000,163931,,false,false,12,2014-04-01,2015-03-31,-1
2015-10-27,80810,2016-03-31,2,,,,,,,,,,,,,,,,,,,,,,,,,,,,,12.50,,,,,,,false,false,12,2015-04-01,2016-03-31,0
2015-10-27,80810,2016-03-31,2,,,,,,,,,,,,,,,,,,,,,,,,,,,,,25.00,,,,,,,false,true,12,2015-04-01,2016-03-31,0
2015-10-27,80810,2016-03-31,2,,,,,,,,,,,,,,,,,,,,,,,,,,,,,,,,,30310000,164424,30145734,false,false,6,2015-04-01,2015-09-30,0
2015-10-27,80810,2015-03-31,2,,,,,,,,,,,,,,,,,,,,,,,,,,,,,,,,,,,34456253,false,false,6,2014-04-01,2014-09-30,-1
2016-01-29,80810,2016-03-31,3,79475000000,-0.013,,,,,2238000000,0.168,2315000000,0.148,,1504000000,,49.92,,,,,,68843000000,37813000000,0.549,1254.10,37805000000,,,,,,,,,,,,true,false,9,2015-04-01,2015-12-31,0
2016-01-29,80810,2015-03-31,3,80542000000,0.029,,,,,1917000000,0.150,2016000000,0.144,,1296000000,,37.64,,,,,,,,,,,,,,,,,,,,,,true,false,9,2014-04-01,2014-12-31,-1
2016-01-29,80810,2016-03-31,3,126000000000,0.033,,,,,4250000000,0.028,4300000000,0.018,,2700000000,,89.57,,,,,,,,,,,,,,,,,,,,,,true,true,12,2015-04-01,2016-03-31,0
2016-01-29,80810,2015-03-31,3,,,,,,,,,,,,,,,,,,,,77768000000,37238000000,0.479,1234.76,37223000000,,,,,,,,,,,,true,false,12,2014-04-01,2015-03-31,-1
2016-01-29,80810,2015-03-31,3,,,,,,,,,,,,,,,,,,,,,,,,,,,,,25.00,,,,30310000,163931,,false,false,12,2014-04-01,2015-03-31,-1
2016-01-29,80810,2016-03-31,3,,,,,,,,,,,,,,,,,,,,,,,,,,,,,12.50,,,,,,,false,false,12,2015-04-01,2016-03-31,0
2016-01-29,80810,2016-03-31,3,,,,,,,,,,,,,,,,,,,,,,,,,,,,,25.00,,,,,,,false,true,12,2015-04-01,2016-03-31,0
2016-01-29,80810,2016-03-31,3,,,,,,,,,,,,,,,,,,,,,,,,,,,,,,,,,30310000,164424,30145687,false,false,9,2015-04-01,2015-12-31,0
2016-01-29,80810,2015-03-31,3,,,,,,,,,,,,,,,,,,,,,,,,,,,,,,,,,,,34454750,false,false,9,2014-04-01,2014-12-31,-1
2016-05-13,80810,2016-03-31,,120534000000,-0.012,,,,,4333000000,0.048,4378000000,0.037,,2844000000,,94.34,,0.075,0.055,0.036,,81637000000,38469000000,0.471,1275.48,38449000000,4379000000,-1107000000,-870000000,25935000000,,0.307,,,,,,true,false,12,2015-04-01,2016-03-31,0
2016-05-13,80810,2015-03-31,,122009000000,0.013,,,,,4133000000,0.101,4223000000,0.102,,2667000000,,78.93,,0.071,0.055,0.034,,77768000000,37238000000,0.479,1234.76,37223000000,89000000,1203000000,-4183000000,23559000000,,0.317,,,,,,true,false,12,2014-04-01,2015-03-31,-1
2016-05-13,80810,2017-03-31,,53000000000,0.015,,,,,1500000000,0.039,1500000000,0.005,,1000000000,,33.17,,,,,,,,,,,,,,,,,,,,,,true,true,6,2016-04-01,2016-09-30,1
2016-05-13,80810,2017-03-31,,123000000000,0.020,,,,,4400000000,0.015,4400000000,0.005,,2900000000,,96.20,,,,,,,,,,,,,,,,0.301,,,,,,true,true,12,2016-04-01,2017-03-31,1
2016-05-13,80810,2016-03-31,,110529000000,-0.003,,,,,3900000000,0.070,3986000000,0.058,2499000000,,0.048,82.91,,,,,,75850000000,35417000000,0.467,1174.91,35417000000,,,,,29.00,,,,30310000,164637,30145617,false,false,12,2015-04-01,2016-03-31,0
2016-05-13,80810,2015-03-31,,110880000000,0.012,,,,,3646000000,0.103,3767000000,0.102,2385000000,,0.134,70.60,,,,,,71709000000,34394000000,0.480,1140.92,34394000000,,,,,25.00,,,,30310000,163931,33791160,false,false,12,2014-04-01,2015-03-31,-1
2016-05-13,80810,2017-03-31,,,,,,,,,,,,,,,,,,,,,,,,,,,,,,29.00,,,,,,,false,true,12,2016-04-01,2017-03-31,1
2016-07-26,80810,2017-03-31,1,24183000000,0.098,,,,,333000000,0.462,356000000,0.289,,228000000,,7.60,,,,,,67256000000,37901000000,0.564,1257.29,37901000000,,,,,,,,,,,,true,false,3,2016-04-01,2016-06-30,0
2016-07-26,80810,2016-03-31,1,22031000000,-0.005,,,,,228000000,0.660,276000000,0.516,,160000000,,5.31,,,,,,,,,,,,,,,,,,,,,,true,false,3,2015-04-01,2015-06-30,-1
2016-07-26,80810,2017-03-31,1,53000000000,0.015,,,,,1500000000,0.039,1500000000,0.005,,1000000000,,33.17,,,,,,,,,,,,,,,,,,,,,,true,true,6,2016-04-01,2016-09-30,0
2016-07-26,80810,2017-03-31,1,123000000000,0.020,,,,,4400000000,0.015,4400000000,0.005,,2900000000,,96.20,,,,,,,,,,,,,,,,,,,,,,true,true,12,2016-04-01,2017-03-31,0
2016-07-26,80810,2016-03-31,1,,,,,,,,,,,,,,,,,,,,81637000000,38469000000,0.471,1275.48,38449000000,,,,,,,,,,,,true,false,12,2015-04-01,2016-03-31,-1
2016-07-26,80810,2016-03-31,1,,,,,,,,,,,,,,,,,,,,,,,,,,,,,29.00,,,,30310000,164637,,false,false,12,2015-04-01,2016-03-31,-1
2016-07-26,80810,2017-03-31,1,,,,,,,,,,,,,,,,,,,,,,,,,,,,,29.00,,,,,,,false,true,12,2016-04-01,2017-03-31,0
2016-07-26,80810,2017-03-31,1,,,,,,,,,,,,,,,,,,,,,,,,,,,,,,,,,30310000,164597,30145373,false,false,3,2016-04-01,2016-06-30,0
2016-07-26,80810,2016-03-31,1,,,,,,,,,,,,,,,,,,,,,,,,,,,,,,,,,,,30145810,false,false,3,2015-04-01,2015-06-30,-1
2016-10-27,80810,2017-03-31,2,55145000000,0.056,,,,,1529000000,0.059,1555000000,0.042,,1059000000,,35.16,,,,,,70731000000,38749000000,0.548,1285.41,38749000000,,,,,,,,,,,,true,false,6,2016-04-01,2016-09-30,0
2016-10-27,80810,2016-03-31,2,52235000000,0.010,,,,,1444000000,0.125,1492000000,0.128,,978000000,,32.44,,,,,,,,,,,,,,,,,,,,,,true,false,6,2015-04-01,2015-09-30,-1
2016-10-27,80810,2017-03-31,2,123000000000,0.020,,,,,4400000000,0.015,4400000000,0.005,,2900000000,,96.20,,,,,,,,,,,,,,,,,,,,,,true,true,12,2016-04-01,2017-03-31,0
2016-10-27,80810,2016-03-31,2,,,,,,,,,,,,,,,,,,,,81637000000,38469000000,0.471,1275.48,38449000000,,,,,,,,,,,,true,false,12,2015-04-01,2016-03-31,-1
2016-10-27,80810,2016-03-31,2,,,,,,,,,,,,,,,,,,,,,,,,,,,,,29.00,,,,30310000,164637,,false,false,12,2015-04-01,2016-03-31,-1
2016-10-27,80810,2017-03-31,2,,,,,,,,,,,,,,,,,,,,,,,,,,,,,14.50,,,,,,,false,false,12,2016-04-01,2017-03-31,0
2016-10-27,80810,2017-03-31,2,,,,,,,,,,,,,,,,,,,,,,,,,,,,,29.00,,,,,,,false,true,12,2016-04-01,2017-03-31,0
2016-10-27,80810,2017-03-31,2,,,,,,,,,,,,,,,,,,,,,,,,,,,,,,,,,30310000,164657,30145361,false,false,6,2016-04-01,2016-09-30,0
2016-10-27,80810,2016-03-31,2,,,,,,,,,,,,,,,,,,,,,,,,,,,,,,,,,,,30145734,false,false,6,2015-04-01,2015-09-30,-1
2017-01-31,80810,2017-03-31,3,80565000000,0.014,,,,,2311000000,0.033,2386000000,0.031,,1604000000,,53.24,,,,,,68633000000,39515000000,0.576,1310.85,39515000000,,,,,,,,,,,,true,false,9,2016-04-01,2016-12-31,0
2017-01-31,80810,2016-03-31,3,79475000000,-0.013,,,,,2238000000,0.168,2315000000,0.148,,1504000000,,49.92,,,,,,,,,,,,,,,,,,,,,,true,false,9,2015-04-01,2015-12-31,-1
2017-01-31,80810,2017-03-31,3,123000000000,0.020,,,,,4400000000,0.015,4400000000,0.005,,2900000000,,96.20,,,,,,,,,,,,,,,,,,,,,,true,true,12,2016-04-01,2017-03-31,0
2017-01-31,80810,2016-03-31,3,,,,,,,,,,,,,,,,,,,,81637000000,38469000000,0.471,1275.48,38449000000,,,,,,,,,,,,true,false,12,2015-04-01,2016-03-31,-1
2017-01-31,80810,2016-03-31,3,,,,,,,,,,,,,,,,,,,,,,,,,,,,,29.00,,,,30310000,164637,,false,false,12,2015-04-01,2016-03-31,-1
2017-01-31,80810,2017-03-31,3,,,,,,,,,,,,,,,,,,,,,,,,,,,,,14.50,,,,,,,false,false,12,2016-04-01,2017-03-31,0
2017-01-31,80810,2017-03-31,3,,,,,,,,,,,,,,,,,,,,,,,,,,,,,29.00,,,,,,,false,true,12,2016-04-01,2017-03-31,0
2017-01-31,80810,2017-03-31,3,,,,,,,,,,,,,,,,,,,,,,,,,,,,,,,,,30310000,164752,30145345,false,false,9,2016-04-01,2016-12-31,0
2017-01-31,80810,2016-03-31,3,,,,,,,,,,,,,,,,,,,,,,,,,,,,,,,,,,,30145687,false,false,9,2015-04-01,2015-12-31,-1
2017-05-12,80810,2017-03-31,,122984000000,0.020,,,,,4330000000,-0.001,4385000000,0.002,,2943000000,,97.64,,0.074,0.054,0.035,,81383000000,41119000000,0.505,1364.06,41119000000,-2428000000,-73000000,-982000000,22390000000,,0.328,,,,,,true,false,12,2016-04-01,2017-03-31,0
2017-05-12,80810,2016-03-31,,120534000000,-0.012,,,,,4333000000,0.048,4378000000,0.037,,2844000000,,94.34,,0.075,0.055,0.036,,81637000000,38469000000,0.471,1275.48,38449000000,4379000000,-1107000000,-870000000,25935000000,,0.307,,,,,,true,false,12,2015-04-01,2016-03-31,-1
2017-05-12,80810,2018-03-31,,56000000000,0.015,,,,,1680000000,0.098,1700000000,0.093,,1100000000,,36.49,,,,,,,,,,,,,,,,,,,,,,true,true,6,2017-04-01,2017-09-30,1
2017-05-12,80810,2018-03-31,,127000000000,0.033,,,,,4650000000,0.074,4700000000,0.072,,3000000000,,99.52,,,,,,,,,,,,,,,,0.301,,,,,,true,true,12,2017-04-01,2018-03-31,1
2017-05-12,80810,2017-03-31,,113462000000,0.027,,,,,3631000000,-0.069,3760000000,-0.057,2532000000,,0.013,84.02,,,,,,75157000000,37635000000,0.501,1248.47,37635000000,,,,,32.00,,,,30310000,165013,30145275,false,false,12,2016-04-01,2017-03-31,0
2017-05-12,80810,2016-03-31,,110529000000,-0.003,,,,,3900000000,0.070,3986000000,0.058,2499000000,,0.048,82.91,,,,,,75850000000,35417000000,0.467,1174.91,35417000000,,,,,29.00,,,,30310000,164637,30145617,false,false,12,2015-04-01,2016-03-31,-1
2017-05-12,80810,2018-03-31,,,,,,,,,,,,,,,,,,,,,,,,,,,,,,30.00,,,,,,,false,true,12,2017-04-01,2018-03-31,1
2017-07-28,80810,2018-03-31,1,24022000000,-0.007,,,,,495000000,0.485,554000000,0.557,,352000000,,11.69,,,,,,70578000000,41011000000,0.581,1360.49,41011000000,,,,,,,,,,,,true,false,3,2017-04-01,2017-06-30,0
2017-07-28,80810,2017-03-31,1,24183000000,0.098,,,,,333000000,0.462,356000000,0.289,,228000000,,7.60,,,,,,,,,,,,,,,,,,,,,,true,false,3,2016-04-01,2016-06-30,-1
2017-07-28,80810,2018-03-31,1,56000000000,0.015,,,,,1680000000,0.098,1700000000,0.093,,1100000000,,36.49,,,,,,,,,,,,,,,,,,,,,,true,true,6,2017-04-01,2017-09-30,0
2017-07-28,80810,2018-03-31,1,127000000000,0.033,,,,,4650000000,0.074,4700000000,0.072,,3000000000,,99.52,,,,,,,,,,,,,,,,,,,,,,true,true,12,2017-04-01,2018-03-31,0
2017-07-28,80810,2017-03-31,1,,,,,,,,,,,,,,,,,,,,81383000000,41119000000,0.505,1364.06,41119000000,,,,,,,,,,,,true,false,12,2016-04-01,2017-03-31,-1
2017-07-28,80810,2017-03-31,1,,,,,,,,,,,,,,,,,,,,,,,,,,,,,32.00,,,,30310000,165013,,false,false,12,2016-04-01,2017-03-31,-1
2017-07-28,80810,2018-03-31,1,,,,,,,,,,,,,,,,,,,,,,,,,,,,,30.00,,,,,,,false,true,12,2017-04-01,2018-03-31,0
2017-07-28,80810,2018-03-31,1,,,,,,,,,,,,,,,,,,,,,,,,,,,,,,,,,30310000,165073,30144942,false,false,3,2017-04-01,2017-06-30,0
2017-07-28,80810,2017-03-31,1,,,,,,,,,,,,,,,,,,,,,,,,,,,,,,,,,,,30145373,false,false,3,2016-04-01,2016-06-30,-1
2017-10-31,80810,2018-03-31,2,52415000000,-0.050,,,,,1845000000,0.206,1925000000,0.238,,1305000000,,43.32,,,,,,71853000000,42203000000,0.587,1400.01,42203000000,,,,,,,,,,,,true,false,6,2017-04-01,2017-09-30,0
2017-10-31,80810,2017-03-31,2,55145000000,0.056,,,,,1529000000,0.059,1555000000,0.042,,1059000000,,35.16,,,,,,,,,,,,,,,,,,,,,,true,false,6,2016-04-01,2016-09-30,-1
2017-10-31,80810,2018-03-31,2,127000000000,0.033,,,,,4650000000,0.074,4700000000,0.072,,3000000000,,99.52,,,,,,,,,,,,,,,,,,,,,,true,true,12,2017-04-01,2018-03-31,0
2017-10-31,80810,2017-03-31,2,,,,,,,,,,,,,,,,,,,,81383000000,41119000000,0.505,1364.06,41119000000,,,,,,,,,,,,true,false,12,2016-04-01,2017-03-31,-1
2017-10-31,80810,2017-03-31,2,,,,,,,,,,,,,,,,,,,,,,,,,,,,,32.00,,,,30310000,165013,,false,false,12,2016-04-01,2017-03-31,-1
2017-10-31,80810,2018-03-31,2,,,,,,,,,,,,,,,,,,,,,,,,,,,,,15.00,,,,,,,false,false,12,2017-04-01,2018-03-31,0
2017-10-31,80810,2018-03-31,2,,,,,,,,,,,,,,,,,,,,,,,,,,,,,30.00,,,,,,,false,true,12,2017-04-01,2018-03-31,0
2017-10-31,80810,2018-03-31,2,,,,,,,,,,,,,,,,,,,,,,,,,,,,,,,,,30310000,165067,30144938,false,false,6,2017-04-01,2017-09-30,0
2017-10-31,80810,2017-03-31,2,,,,,,,,,,,,,,,,,,,,,,,,,,,,,,,,,,,30145361,false,false,6,2016-04-01,2016-09-30,-1
2018-01-30,80810,2018-03-31,3,81393000000,0.010,,,,,2763000000,0.195,2896000000,0.214,,1960000000,,65.04,,,,,,70898000000,42892000000,0.605,1422.88,42892000000,,,,,,,,,,,,true,false,9,2017-04-01,2017-12-31,0
2018-01-30,80810,2017-03-31,3,80565000000,0.014,,,,,2311000000,0.033,2386000000,0.031,,1604000000,,53.24,,,,,,,,,,,,,,,,,,,,,,true,false,9,2016-04-01,2016-12-31,-1
2018-01-30,80810,2018-03-31,3,127000000000,0.033,,,,,4650000000,0.074,4700000000,0.072,,3000000000,,99.52,,,,,,,,,,,,,,,,,,,,,,true,true,12,2017-04-01,2018-03-31,0
2018-01-30,80810,2017-03-31,3,,,,,,,,,,,,,,,,,,,,81383000000,41119000000,0.505,1364.06,41119000000,,,,,,,,,,,,true,false,12,2016-04-01,2017-03-31,-1
2018-01-30,80810,2017-03-31,3,,,,,,,,,,,,,,,,,,,,,,,,,,,,,32.00,,,,30310000,165013,,false,false,12,2016-04-01,2017-03-31,-1
2018-01-30,80810,2018-03-31,3,,,,,,,,,,,,,,,,,,,,,,,,,,,,,15.00,,,,,,,false,false,12,2017-04-01,2018-03-31,0
2018-01-30,80810,2018-03-31,3,,,,,,,,,,,,,,,,,,,,,,,,,,,,,30.00,,,,,,,false,true,12,2017-04-01,2018-03-31,0
2018-01-30,80810,2018-03-31,3,,,,,,,,,,,,,,,,,,,,,,,,,,,,,,,,,30310000,165130,30144930,false,false,9,2017-04-01,2017-12-31,0
2018-01-30,80810,2017-03-31,3,,,,,,,,,,,,,,,,,,,,,,,,,,,,,,,,,,,30145345,false,false,9,2016-04-01,2016-12-31,-1
2018-05-11,80810,2018-03-31,,122058000000,-0.008,,,,,4755000000,0.098,4854000000,0.107,,3193000000,,106.08,,0.076,0.061,0.039,,78373000000,43091000000,0.550,1453.60,43091000000,-3307000000,-411000000,-1749000000,16889000000,,0.302,,,,,,true,false,12,2017-04-01,2018-03-31,0
2018-05-11,80810,2017-03-31,,122984000000,0.020,,,,,4330000000,-0.001,4385000000,0.002,,2943000000,,97.64,,0.074,0.054,0.035,,81383000000,41119000000,0.505,1364.06,41119000000,-2428000000,-73000000,-982000000,22390000000,,0.328,,,,,,true,false,12,2016-04-01,2017-03-31,-1
2018-05-11,80810,2019-03-31,,54000000000,0.030,,,,,1760000000,-0.046,1800000000,-0.065,,1200000000,,40.48,,,,,,,,,,,,,,,,,,,,,,true,true,6,2018-04-01,2018-09-30,1
2018-05-11,80810,2019-03-31,,125000000000,0.024,,,,,4820000000,0.013,4900000000,0.009,,3250000000,,109.63,,,,,,,,,,,,,,,,0.356,,,,,,true,true,12,2018-04-01,2019-03-31,1
2018-05-11,80810,2018-03-31,,112473000000,-0.009,,,,,4102000000,0.130,4287000000,0.140,2958000000,,0.168,98.27,,,,,,72147000000,39321000000,0.545,1326.43,39321000000,,,,,32.00,,,,30310000,665130,30106455,false,false,12,2017-04-01,2018-03-31,0
2018-05-11,80810,2017-03-31,,113462000000,0.027,,,,,3631000000,-0.069,3760000000,-0.057,2532000000,,0.013,84.02,,,,,,75157000000,37635000000,0.501,1248.47,37635000000,,,,,32.00,,,,30310000,165013,30145275,false,false,12,2016-04-01,2017-03-31,-1
2018-05-11,80810,2019-03-31,,,,,,,,,,,,,,,,,,,,,,,,,,,,,,39.00,,,,,,,false,true,12,2018-04-01,2019-03-31,1
2018-07-31,80810,2019-03-31,1,23492000000,-0.022,,,,,389000000,-0.214,485000000,-0.124,,299000000,,10.09,,,,,,68736000000,42539000000,0.619,1434.96,42539000000,,,,,,,,,,,,true,false,3,2018-04-01,2018-06-30,0
2018-07-31,80810,2018-03-31,1,24022000000,-0.007,,,,,495000000,0.485,554000000,0.557,,352000000,,11.69,,,,,,,,,,,,,,,,,,,,,,true,false,3,2017-04-01,2017-06-30,-1
2018-07-31,80810,2019-03-31,1,54000000000,0.030,,,,,1760000000,-0.046,1800000000,-0.065,,1200000000,,40.48,,,,,,,,,,,,,,,,,,,,,,true,true,6,2018-04-01,2018-09-30,0
2018-07-31,80810,2019-03-31,1,125000000000,0.024,,,,,4820000000,0.013,4900000000,0.009,,3250000000,,109.63,,,,,,,,,,,,,,,,,,,,,,true,true,12,2018-04-01,2019-03-31,0
2018-07-31,80810,2018-03-31,1,,,,,,,,,,,,,,,,,,,,78373000000,43091000000,0.550,1453.60,43091000000,,,,,,,,,,,,true,false,12,2017-04-01,2018-03-31,-1
2018-07-31,80810,2018-03-31,1,,,,,,,,,,,,,,,,,,,,,,,,,,,,,32.00,,,,30310000,665130,,false,false,12,2017-04-01,2018-03-31,-1
2018-07-31,80810,2019-03-31,1,,,,,,,,,,,,,,,,,,,,,,,,,,,,,39.00,,,,,,,false,true,12,2018-04-01,2019-03-31,0
2018-07-31,80810,2019-03-31,1,,,,,,,,,,,,,,,,,,,,,,,,,,,,,,,,,30310000,665130,29644870,false,false,3,2018-04-01,2018-06-30,0
2018-07-31,80810,2018-03-31,1,,,,,,,,,,,,,,,,,,,,,,,,,,,,,,,,,,,30144942,false,false,3,2017-04-01,2017-06-30,-1
2018-07-31,80810,2019-03-31,1,23492000000,-0.022,,,,,389000000,-0.214,485000000,-0.124,,299000000,,10.09,,,,,,68736000000,42539000000,0.619,1434.96,42539000000,,,,,,,,,,,,true,false,3,2018-04-01,2018-06-30,0
2018-07-31,80810,2018-03-31,1,24022000000,-0.007,,,,,495000000,0.485,554000000,0.557,,352000000,,11.69,,,,,,,,,,,,,,,,,,,,,,true,false,3,2017-04-01,2017-06-30,-1
2018-07-31,80810,2019-03-31,1,54000000000,0.030,,,,,1760000000,-0.046,1800000000,-0.065,,1200000000,,40.48,,,,,,,,,,,,,,,,,,,,,,true,true,6,2018-04-01,2018-09-30,0
2018-07-31,80810,2019-03-31,1,125000000000,0.024,,,,,4820000000,0.013,4900000000,0.009,,3250000000,,109.63,,,,,,,,,,,,,,,,,,,,,,true,true,12,2018-04-01,2019-03-31,0
2018-07-31,80810,2018-03-31,1,,,,,,,,,,,,,,,,,,,,77869000000,43091000000,0.553,1453.60,43091000000,,,,,,,,,,,,true,false,12,2017-04-01,2018-03-31,-1
2018-07-31,80810,2018-03-31,1,,,,,,,,,,,,,,,,,,,,,,,,,,,,,32.00,,,,30310000,665130,,false,false,12,2017-04-01,2018-03-31,-1
2018-07-31,80810,2019-03-31,1,,,,,,,,,,,,,,,,,,,,,,,,,,,,,39.00,,,,,,,false,true,12,2018-04-01,2019-03-31,0
2018-07-31,80810,2019-03-31,1,,,,,,,,,,,,,,,,,,,,,,,,,,,,,,,,,30310000,665130,29644870,false,false,3,2018-04-01,2018-06-30,0
2018-07-31,80810,2018-03-31,1,,,,,,,,,,,,,,,,,,,,,,,,,,,,,,,,,,,30144942,false,false,3,2017-04-01,2017-06-30,-1
2018-10-30,80810,2019-03-31,2,54405000000,0.038,,,,,1764000000,-0.044,1889000000,-0.018,,1272000000,,42.92,,,,,,71175000000,43744000000,0.615,1474.45,43744000000,,,,,,,,,,,,true,false,6,2018-04-01,2018-09-30,0
2018-10-30,80810,2018-03-31,2,52415000000,-0.050,,,,,1845000000,0.206,1925000000,0.238,,1305000000,,43.32,,,,,,,,,,,,,,,,,,,,,,true,false,6,2017-04-01,2017-09-30,-1
2018-10-30,80810,2019-03-31,2,125000000000,0.024,,,,,4820000000,0.013,4900000000,0.009,,3250000000,,109.61,,,,,,,,,,,,,,,,,,,,,,true,true,12,2018-04-01,2019-03-31,0
2018-10-30,80810,2018-03-31,2,,,,,,,,,,,,,,,,,,,,77869000000,43091000000,0.553,1453.60,43091000000,,,,,,,,,,,,true,false,12,2017-04-01,2018-03-31,-1
2018-10-30,80810,2018-03-31,2,,,,,,,,,,,,,,,,,,,,,,,,,,,,,32.00,,,,30310000,665130,,false,false,12,2017-04-01,2018-03-31,-1
2018-10-30,80810,2019-03-31,2,,,,,,,,,,,,,,,,,,,,,,,,,,,,,19.50,,,,,,,false,false,12,2018-04-01,2019-03-31,0
2018-10-30,80810,2019-03-31,2,,,,,,,,,,,,,,,,,,,,,,,,,,,,,39.00,,,,,,,false,true,12,2018-04-01,2019-03-31,0
2018-10-30,80810,2019-03-31,2,,,,,,,,,,,,,,,,,,,,,,,,,,,,,,,,,30310000,641680,29651578,false,false,6,2018-04-01,2018-09-30,0
2018-10-30,80810,2018-03-31,2,,,,,,,,,,,,,,,,,,,,,,,,,,,,,,,,,,,30144938,false,false,6,2017-04-01,2017-09-30,-1
2019-01-29,80810,2019-03-31,3,83898000000,0.031,,,,,2382000000,-0.138,2544000000,-0.122,,1701000000,,57.38,,,,,,75283000000,42913000000,0.570,1446.45,42913000000,,,,,,,,,,,,true,false,9,2018-04-01,2018-12-31,0
2019-01-29,80810,2018-03-31,3,81393000000,0.010,,,,,2763000000,0.195,2896000000,0.214,,1960000000,,65.04,,,,,,,,,,,,,,,,,,,,,,true,false,9,2017-04-01,2017-12-31,-1
2019-01-29,80810,2019-03-31,3,125000000000,0.024,,,,,4820000000,0.013,4900000000,0.009,,3250000000,,109.59,,,,,,,,,,,,,,,,,,,,,,true,true,12,2018-04-01,2019-03-31,0
2019-01-29,80810,2018-03-31,3,,,,,,,,,,,,,,,,,,,,77869000000,43091000000,0.553,1453.60,43091000000,,,,,,,,,,,,true,false,12,2017-04-01,2018-03-31,-1
2019-01-29,80810,2018-03-31,3,,,,,,,,,,,,,,,,,,,,,,,,,,,,,32.00,,,,30310000,665130,,false,false,12,2017-04-01,2018-03-31,-1
2019-01-29,80810,2019-03-31,3,,,,,,,,,,,,,,,,,,,,,,,,,,,,,19.50,,,,,,,false,false,12,2018-04-01,2019-03-31,0
2019-01-29,80810,2019-03-31,3,,,,,,,,,,,,,,,,,,,,,,,,,,,,,39.00,,,,,,,false,true,12,2018-04-01,2019-03-31,0
2019-01-29,80810,2019-03-31,3,,,,,,,,,,,,,,,,,,,,,,,,,,,,,,,,,30310000,641690,29656598,false,false,9,2018-04-01,2018-12-31,0
2019-01-29,80810,2018-03-31,3,,,,,,,,,,,,,,,,,,,,,,,,,,,,,,,,,,,30144930,false,false,9,2017-04-01,2017-12-31,-1
2019-05-14,80810,2019-03-31,,123337000000,0.010,,,,,4465000000,-0.061,4617000000,-0.049,,3253000000,,110.05,,0.075,0.056,0.036,,86801000000,43224000000,0.498,1517.60,43224000000,4334000000,-2187000000,-2618000000,16400000000,,0.354,,,,,,true,false,12,2018-04-01,2019-03-31,0
2019-05-14,80810,2018-03-31,,122058000000,-0.008,,,,,4755000000,0.098,4854000000,0.107,,3193000000,,106.08,,0.076,0.061,0.039,,77869000000,43091000000,0.553,1453.60,43091000000,-3307000000,-411000000,-1749000000,16889000000,,0.302,,,,,,true,false,12,2017-04-01,2018-03-31,-1
2019-05-14,80810,2020-03-31,,58000000000,0.066,,,,,1350000000,-0.235,1400000000,-0.259,,1600000000,,56.18,,,,,,,,,,,,,,,,,,,,,,true,true,6,2019-04-01,2019-09-30,1
2019-05-14,80810,2020-03-31,,130000000000,0.054,,,,,4800000000,0.075,4850000000,0.050,,3700000000,,129.91,,,,,,,,,,,,,,,,0.354,,,,,,true,true,12,2019-04-01,2020-03-31,1
2019-05-14,80810,2019-03-31,,114202000000,0.015,,,,,3821000000,-0.069,4067000000,-0.051,2873000000,,-0.029,97.18,,,,,,80694000000,39202000000,0.486,1376.37,39202000000,,,,,39.00,,,,28600000,117855,29568050,false,false,12,2018-04-01,2019-03-31,0
2019-05-14,80810,2018-03-31,,112473000000,-0.009,,,,,4102000000,0.130,4287000000,0.140,2958000000,,0.168,98.27,,,,,,71772000000,39321000000,0.548,1326.43,39321000000,,,,,32.00,,,,30310000,665130,30106455,false,false,12,2017-04-01,2018-03-31,-1
2019-05-14,80810,2020-03-31,,,,,,,,,,,,,,,,,,,,,,,,,,,,,,46.00,,,,,,,false,true,12,2019-04-01,2020-03-31,1
2019-07-30,80810,2020-03-31,1,24567000000,0.046,,,,,64000000,-0.834,147000000,-0.697,,79000000,,2.77,,,,,,74450000000,42631000000,0.573,1496.77,42631000000,,,,,,,,,,,,true,false,3,2019-04-01,2019-06-30,0
2019-07-30,80810,2019-03-31,1,23492000000,-0.022,,,,,389000000,-0.214,485000000,-0.124,,299000000,,10.09,,,,,,,,,,,,,,,,,,,,,,true,false,3,2018-04-01,2018-06-30,-1
2019-07-30,80810,2020-03-31,1,58000000000,0.066,,,,,1350000000,-0.235,1400000000,-0.259,,1600000000,,56.18,,,,,,,,,,,,,,,,,,,,,,true,true,6,2019-04-01,2019-09-30,0
2019-07-30,80810,2020-03-31,1,130000000000,0.054,,,,,4800000000,0.075,4850000000,0.050,,3700000000,,129.91,,,,,,,,,,,,,,,,,,,,,,true,true,12,2019-04-01,2020-03-31,0
2019-07-30,80810,2019-03-31,1,,,,,,,,,,,,,,,,,,,,86801000000,43224000000,0.498,1517.60,43224000000,,,,,,,,,,,,true,false,12,2018-04-01,2019-03-31,-1
2019-07-30,80810,2019-03-31,1,,,,,,,,,,,,,,,,,,,,,,,,,,,,,39.00,,,,28600000,117855,,false,false,12,2018-04-01,2019-03-31,-1
2019-07-30,80810,2020-03-31,1,,,,,,,,,,,,,,,,,,,,,,,,,,,,,46.00,,,,,,,false,true,12,2019-04-01,2020-03-31,0
2019-07-30,80810,2020-03-31,1,,,,,,,,,,,,,,,,,,,,,,,,,,,,,,,,,28600000,117848,28482151,false,false,3,2019-04-01,2019-06-30,0
2019-07-30,80810,2019-03-31,1,,,,,,,,,,,,,,,,,,,,,,,,,,,,,,,,,,,29644870,false,false,3,2018-04-01,2018-06-30,-1
2019-10-29,80810,2020-03-31,2,56781000000,0.044,,,,,1199000000,-0.320,1269000000,-0.328,,1811000000,,63.58,,,,,,72855000000,44401000000,0.609,1557.71,44401000000,,,,,,,,,,,,true,false,6,2019-04-01,2019-09-30,0
2019-10-29,80810,2019-03-31,2,54405000000,0.038,,,,,1764000000,-0.044,1889000000,-0.018,,1272000000,,42.92,,,,,,,,,,,,,,,,,,,,,,true,false,6,2018-04-01,2018-09-30,-1
2019-10-29,80810,2020-03-31,2,127000000000,0.030,,,,,4250000000,-0.048,4400000000,-0.047,,3700000000,,129.88,,,,,,,,,,,,,,,,,,,,,,true,true,12,2019-04-01,2020-03-31,0
2019-10-29,80810,2019-03-31,2,,,,,,,,,,,,,,,,,,,,86801000000,43224000000,0.498,1517.60,43224000000,,,,,,,,,,,,true,false,12,2018-04-01,2019-03-31,-1
2019-10-29,80810,2019-03-31,2,,,,,,,,,,,,,,,,,,,,,,,,,,,,,39.00,,,,28600000,117855,,false,false,12,2018-04-01,2019-03-31,-1
2019-10-29,80810,2020-03-31,2,,,,,,,,,,,,,,,,,,,,,,,,,,,,,23.00,,,,,,,false,false,12,2019-04-01,2020-03-31,0
2019-10-29,80810,2020-03-31,2,,,,,,,,,,,,,,,,,,,,,,,,,,,,,46.00,,,,,,,false,true,12,2019-04-01,2020-03-31,0
2019-10-29,80810,2020-03-31,2,,,,,,,,,,,,,,,,,,,,,,,,,,,,,,,,,28600000,95230,28488611,false,false,6,2019-04-01,2019-09-30,0
2019-10-29,80810,2019-03-31,2,,,,,,,,,,,,,,,,,,,,,,,,,,,,,,,,,,,29651578,false,false,6,2018-04-01,2018-09-30,-1
2020-01-31,80810,2020-03-31,3,84214000000,0.004,,,,,1840000000,-0.228,1948000000,-0.234,,2251000000,,79.01,,,,,,69126000000,44309000000,0.641,1554.48,44309000000,,,,,,,,,,,,true,false,9,2019-04-01,2019-12-31,0
2020-01-31,80810,2019-03-31,3,83898000000,0.031,,,,,2382000000,-0.138,2544000000,-0.122,,1701000000,,57.38,,,,,,,,,,,,,,,,,,,,,,true,false,9,2018-04-01,2018-12-31,-1
2020-01-31,80810,2020-03-31,3,127000000000,0.030,,,,,4250000000,-0.048,4400000000,-0.047,,3700000000,,129.85,,,,,,,,,,,,,,,,,,,,,,true,true,12,2019-04-01,2020-03-31,0
2020-01-31,80810,2019-03-31,3,,,,,,,,,,,,,,,,,,,,86801000000,43224000000,0.498,1517.60,43224000000,,,,,,,,,,,,true,false,12,2018-04-01,2019-03-31,-1
2020-01-31,80810,2019-03-31,3,,,,,,,,,,,,,,,,,,,,,,,,,,,,,39.00,,,,28600000,117855,,false,false,12,2018-04-01,2019-03-31,-1
2020-01-31,80810,2020-03-31,3,,,,,,,,,,,,,,,,,,,,,,,,,,,,,23.00,,,,,,,false,false,12,2019-04-01,2020-03-31,0
2020-01-31,80810,2020-03-31,3,,,,,,,,,,,,,,,,,,,,,,,,,,,,,46.00,,,,,,,false,true,12,2019-04-01,2020-03-31,0
2020-01-31,80810,2020-03-31,3,,,,,,,,,,,,,,,,,,,,,,,,,,,,,,,,,28600000,95350,28493435,false,false,9,2019-04-01,2019-12-31,0
2020-01-31,80810,2019-03-31,3,,,,,,,,,,,,,,,,,,,,,,,,,,,,,,,,,,,29656598,false,false,9,2018-04-01,2018-12-31,-1
2020-05-14,80810,2020-03-31,,126519000000,0.026,,,,,3688000000,-0.174,3785000000,-0.180,,3416000000,,119.88,,0.078,0.045,0.029,,81011000000,44710000000,0.552,1568.54,44710000000,4827000000,-1029000000,-1220000000,18962000000,,0.350,,,,,,true,false,12,2019-04-01,2020-03-31,0
2020-05-14,80810,2019-03-31,,123337000000,0.010,,,,,4465000000,-0.061,4617000000,-0.049,,3253000000,,110.05,,0.075,0.056,0.036,,86801000000,43224000000,0.498,1517.60,43224000000,4334000000,-2187000000,-2618000000,16400000000,,0.354,,,,,,true,false,12,2018-04-01,2019-03-31,-1
2020-05-14,80810,2020-03-31,,118684000000,0.039,,,,,3272000000,-0.144,3510000000,-0.137,3321000000,,0.156,116.54,,,,,,74818000000,40693000000,0.544,1427.62,40693000000,,,,,42.00,,,,28600000,95385,28496015,false,false,12,2019-04-01,2020-03-31,0
2020-05-14,80810,2019-03-31,,114202000000,0.015,,,,,3821000000,-0.069,4067000000,-0.051,2873000000,,-0.029,97.18,,,,,,80694000000,39202000000,0.486,1376.37,39202000000,,,,,39.00,,,,28600000,117855,29568050,false,false,12,2018-04-01,2019-03-31,-1
2020-07-30,80810,2021-03-31,1,20941000000,-0.148,,,,,21000000,-0.673,85000000,-0.421,,28000000,,1.02,,,,,,71435000000,44380000000,0.621,1556.96,44380000000,,,,,,,,,,,,true,false,3,2020-04-01,2020-06-30,0
2020-07-30,80810,2020-03-31,1,24567000000,0.046,,,,,64000000,-0.834,147000000,-0.697,,79000000,,2.77,,,,,,,,,,,,,,,,,,,,,,true,false,3,2019-04-01,2019-06-30,-1
2020-07-30,80810,2020-03-31,1,,,,,,,,,,,,,,,,,,,,81011000000,44710000000,0.552,1568.54,44710000000,,,,,,,,,,,,true,false,12,2019-04-01,2020-03-31,-1
2020-07-30,80810,2020-03-31,1,,,,,,,,,,,,,,,,,,,,,,,,,,,,,42.00,,,,28600000,95385,,false,false,12,2019-04-01,2020-03-31,-1
2020-07-30,80810,2021-03-31,1,,,,,,,,,,,,,,,,,,,,,,,,,,,,,,,,,28600000,95512,28504524,false,false,3,2020-04-01,2020-06-30,0
2020-07-30,80810,2020-03-31,1,,,,,,,,,,,,,,,,,,,,,,,,,,,,,,,,,,,28482151,false,false,3,2019-04-01,2019-06-30,-1
2020-09-16,80810,2021-03-31,,47000000000,,,,,,700000000,,700000000,,,950000000,,33.32,,,,,,,,,,,,,,,,,,,,,,true,true,6,2020-04-01,2020-09-30,0
2020-09-16,80810,2020-03-31,,56781000000,,,,,,1199000000,,1269000000,,,1811000000,,63.58,,,,,,,,,,,,,,,,,,,,,,true,false,6,2019-04-01,2019-09-30,-1
2020-09-16,80810,2021-03-31,,108000000000,,,,,,2800000000,,2800000000,,,2300000000,,80.67,,,,,,,,,,,,,,,,,,,,,,true,true,12,2020-04-01,2021-03-31,0
2020-09-16,80810,2020-03-31,,126519000000,,,,,,3688000000,,3785000000,,,3416000000,,119.88,,,,,,,,,,,,,,,,,,,,,,true,false,12,2019-04-01,2020-03-31,-1
2020-09-16,80810,2021-03-31,,,,,,,,,,,,,,,,,,,,,,,,,,,,,,28.00,,,,,,,false,true,12,2020-04-01,2021-03-31,0
2020-09-16,80810,2020-03-31,,,,,,,,,,,,,,,,,,,,,,,,,,,,,,42.00,,,,,,,false,false,12,2019-04-01,2020-03-31,-1
2020-10-29,80810,2021-03-31,2,47132000000,-0.170,,,,,716000000,-0.402,791000000,-0.377,,1030000000,,36.13,,,,,,68381000000,44923000000,0.657,1574.52,44923000000,,,,,,,,,,,,true,false,6,2020-04-01,2020-09-30,0
2020-10-29,80810,2020-03-31,2,56781000000,0.044,,,,,1199000000,-0.320,1269000000,-0.328,,1811000000,,63.58,,,,,,,,,,,,,,,,,,,,,,true,false,6,2019-04-01,2019-09-30,-1
2020-10-29,80810,2021-03-31,2,108000000000,-0.146,,,,,2800000000,-0.241,2800000000,-0.260,2300000000,,-0.327,80.67,,,,,,,,,,,,,,,,,,,,,,true,true,12,2020-04-01,2021-03-31,0
2020-10-29,80810,2020-03-31,2,,,,,,,,,,,,,,,,,,,,81011000000,44710000000,0.552,1568.54,44710000000,,,,,,,,,,,,true,false,12,2019-04-01,2020-03-31,-1
2020-10-29,80810,2020-03-31,2,,,,,,,,,,,,,,,,,,,,,,,,,,,,,42.00,,,,28600000,95385,,false,false,12,2019-04-01,2020-03-31,-1
2020-10-29,80810,2021-03-31,2,,,,,,,,,,,,,,,,,,,,,,,,,,,,,12.00,,,,,,,false,false,12,2020-04-01,2021-03-31,0
2020-10-29,80810,2021-03-31,2,,,,,,,,,,,,,,,,,,,,,,,,,,,,,28.00,,,,,,,false,true,12,2020-04-01,2021-03-31,0
2020-10-29,80810,2021-03-31,2,,,,,,,,,,,,,,,,,,,,,,,,,,,,,,,,,28600000,68693,28512172,false,false,6,2020-04-01,2020-09-30,0
2020-10-29,80810,2020-03-31,2,,,,,,,,,,,,,,,,,,,,,,,,,,,,,,,,,,,28488611,false,false,6,2019-04-01,2019-09-30,-1
2021-01-29,80810,2021-03-31,3,71619000000,-0.150,,,,,1025000000,-0.443,1116000000,-0.427,,1168000000,,41.22,,,,,,65820000000,42732000000,0.649,1592.92,42732000000,,,,,,,,,,,,true,false,9,2020-04-01,2020-12-31,0
2021-01-29,80810,2020-03-31,3,84214000000,0.004,,,,,1840000000,-0.228,1948000000,-0.234,,2251000000,,79.01,,,,,,,,,,,,,,,,,,,,,,true,false,9,2019-04-01,2019-12-31,-1
2021-01-29,80810,2021-03-31,3,108000000000,-0.146,,,,,2800000000,-0.241,2800000000,-0.260,2300000000,,-0.327,82.15,,,,,,,,,,,,,,,,,,,,,,true,true,12,2020-04-01,2021-03-31,0
2021-01-29,80810,2020-03-31,3,,,,,,,,,,,,,,,,,,,,81011000000,44710000000,0.552,1568.54,44710000000,,,,,,,,,,,,true,false,12,2019-04-01,2020-03-31,-1
2021-01-29,80810,2020-03-31,3,,,,,,,,,,,,,,,,,,,,,,,,,,,,,42.00,,,,28600000,95385,,false,false,12,2019-04-01,2020-03-31,-1
2021-01-29,80810,2021-03-31,3,,,,,,,,,,,,,,,,,,,,,,,,,,,,,12.00,,,,,,,false,false,12,2020-04-01,2021-03-31,0
2021-01-29,80810,2021-03-31,3,,,,,,,,,,,,,,,,,,,,,,,,,,,,,28.00,,,,,,,false,true,12,2020-04-01,2021-03-31,0
2021-01-29,80810,2021-03-31,3,,,,,,,,,,,,,,,,,,,,,,,,,,,,,,,,,28600000,1773253,28347456,false,false,9,2020-04-01,2020-12-31,0
2021-01-29,80810,2020-03-31,3,,,,,,,,,,,,,,,,,,,,,,,,,,,,,,,,,,,28493435,false,false,9,2019-04-01,2019-12-31,-1
2021-05-14,80810,2021-03-31,,108229000000,-0.145,,,,,2672000000,-0.276,2819000000,-0.255,,2319000000,,82.85,,0.052,0.036,0.025,,77299000000,44517000000,0.576,1659.45,44517000000,-19000000,778000000,-3055000000,16658000000,,0.350,,,,,,true,false,12,2020-04-01,2021-03-31,0
2021-05-14,80810,2020-03-31,,126519000000,0.026,,,,,3688000000,-0.174,3785000000,-0.180,,3416000000,,119.88,,0.078,0.045,0.029,,81011000000,44710000000,0.552,1568.54,44710000000,4827000000,-1029000000,-1220000000,18962000000,,0.350,,,,,,true,false,12,2019-04-01,2020-03-31,-1
2021-05-14,80810,2022-03-31,,45000000000,,,,,,850000000,0.186,850000000,0.074,550000000,,-0.466,20.50,,,,,,,,,,,,,,,,,,,,,,true,true,6,2021-04-01,2021-09-30,1
2021-05-14,80810,2022-03-31,,107000000000,,,,,,3600000000,0.347,3600000000,0.277,2400000000,,0.035,89.46,,,,,,,,,,,,,,,,0.358,,,,,,true,true,12,2021-04-01,2022-03-31,1
2021-05-14,80810,2021-03-31,,101498000000,-0.145,,,,,2321000000,-0.291,2584000000,-0.264,2062000000,,-0.379,73.68,,,,,,71078000000,39919000000,0.562,1488.07,39919000000,,,,,29.00,,,,28600000,1773253,27996524,false,false,12,2020-04-01,2021-03-31,0
2021-05-14,80810,2020-03-31,,118684000000,0.039,,,,,3272000000,-0.144,3510000000,-0.137,3321000000,,0.156,116.54,,,,,,74818000000,40693000000,0.544,1427.62,40693000000,,,,,42.00,,,,28600000,95385,28496015,false,false,12,2019-04-01,2020-03-31,-1
2021-05-14,80810,2022-03-31,,,,,,,,,,,,,,,,,,,,,,,,,,,,,,32.00,,,,,,,false,true,12,2021-04-01,2022-03-31,1
2021-07-30,80810,2022-03-31,1,21182000000,,,,,,105000000,3.967,140000000,0.648,,50000000,,1.88,,,,,,68329000000,44190000000,0.647,1651.74,44190000000,,,,,,,,,,,,true,false,3,2021-04-01,2021-06-30,0
2021-07-30,80810,2021-03-31,1,20941000000,-0.148,,,,,21000000,-0.673,85000000,-0.421,,28000000,,1.02,,,,,,,,,,,,,,,,,,,,,,true,false,3,2020-04-01,2020-06-30,-1
2021-07-30,80810,2022-03-31,1,45000000000,,,,,,850000000,0.186,850000000,0.074,550000000,,-0.466,20.52,,,,,,,,,,,,,,,,,,,,,,true,true,6,2021-04-01,2021-09-30,0
2021-07-30,80810,2022-03-31,1,107000000000,,,,,,3600000000,0.347,3600000000,0.277,2400000000,,0.035,89.52,,,,,,,,,,,,,,,,,,,,,,true,true,12,2021-04-01,2022-03-31,0
2021-07-30,80810,2021-03-31,1,,,,,,,,,,,,,,,,,,,,77299000000,44517000000,0.576,1659.45,44517000000,,,,,,,,,,,,true,false,12,2020-04-01,2021-03-31,-1
2021-07-30,80810,2021-03-31,1,,,,,,,,,,,,,,,,,,,,,,,,,,,,,29.00,,,,28600000,1773253,,false,false,12,2020-04-01,2021-03-31,-1
2021-07-30,80810,2022-03-31,1,,,,,,,,,,,,,,,,,,,,,,,,,,,,,32.00,,,,,,,false,true,12,2021-04-01,2022-03-31,0
2021-07-30,80810,2022-03-31,1,,,,,,,,,,,,,,,,,,,,,,,,,,,,,,,,,28600000,1846232,26808482,false,false,3,2021-04-01,2021-06-30,0
2021-07-30,80810,2021-03-31,1,,,,,,,,,,,,,,,,,,,,,,,,,,,,,,,,,,,28504524,false,false,3,2020-04-01,2020-06-30,-1
2021-10-29,80810,2022-03-31,2,45001000000,,,,,,838000000,0.170,905000000,0.144,,520000000,,19.41,,,,,,68283000000,44731000000,0.655,1669.61,44731000000,,,,,,,,,,,,true,false,6,2021-04-01,2021-09-30,0
2021-10-29,80810,2021-03-31,2,47132000000,-0.170,,,,,716000000,-0.402,791000000,-0.377,,1030000000,,36.13,,,,,,,,,,,,,,,,,,,,,,true,false,6,2020-04-01,2020-09-30,-1
2021-10-29,80810,2022-03-31,2,107000000000,,,,,,3600000000,0.347,3600000000,0.277,2400000000,,0.035,89.57,,,,,,,,,,,,,,,,,,,,,,true,true,12,2021-04-01,2022-03-31,0
2021-10-29,80810,2021-03-31,2,,,,,,,,,,,,,,,,,,,,77299000000,44517000000,0.576,1659.45,44517000000,,,,,,,,,,,,true,false,12,2020-04-01,2021-03-31,-1
2021-10-29,80810,2021-03-31,2,,,,,,,,,,,,,,,,,,,,,,,,,,,,,29.00,,,,28600000,1773253,,false,false,12,2020-04-01,2021-03-31,-1
2021-10-29,80810,2022-03-31,2,,,,,,,,,,,,,,,,,,,,,,,,,,,,,16.00,,,,,,,false,false,12,2021-04-01,2022-03-31,0
2021-10-29,80810,2022-03-31,2,,,,,,,,,,,,,,,,,,,,,,,,,,,,,32.00,,,,,,,false,true,12,2021-04-01,2022-03-31,0
2021-10-29,80810,2022-03-31,2,,,,,,,,,,,,,,,,,,,,,,,,,,,,,,,,,28600000,1808238,26795885,false,false,6,2021-04-01,2021-09-30,0
2021-10-29,80810,2021-03-31,2,,,,,,,,,,,,,,,,,,,,,,,,,,,,,,,,,,,28512172,false,false,6,2020-04-01,2020-09-30,-1
2022-02-01,80810,2022-03-31,3,68235000000,,,,,,1233000000,0.202,1370000000,0.227,,807000000,,30.14,,,,,,68403000000,44481000000,0.650,1660.28,44481000000,,,,,,,,,,,,true,false,9,2021-04-01,2021-12-31,0
2022-02-01,80810,2021-03-31,3,71619000000,-0.150,,,,,1025000000,-0.443,1116000000,-0.427,,1168000000,,41.22,,,,,,,,,,,,,,,,,,,,,,true,false,9,2020-04-01,2020-12-31,-1
2022-02-01,80810,2022-03-31,3,107000000000,,,,,,3600000000,0.347,3600000000,0.277,2400000000,,0.035,89.57,,,,,,,,,,,,,,,,,,,,,,true,true,12,2021-04-01,2022-03-31,0
2022-02-01,80810,2021-03-31,3,,,,,,,,,,,,,,,,,,,,77299000000,44517000000,0.576,1659.45,44517000000,,,,,,,,,,,,true,false,12,2020-04-01,2021-03-31,-1
2022-02-01,80810,2021-03-31,3,,,,,,,,,,,,,,,,,,,,,,,,,,,,,29.00,,,,28600000,1773253,,false,false,12,2020-04-01,2021-03-31,-1
2022-02-01,80810,2022-03-31,3,,,,,,,,,,,,,,,,,,,,,,,,,,,,,16.00,,,,,,,false,false,12,2021-04-01,2022-03-31,0
2022-02-01,80810,2022-03-31,3,,,,,,,,,,,,,,,,,,,,,,,,,,,,,32.00,,,,,,,false,true,12,2021-04-01,2022-03-31,0
2022-02-01,80810,2022-03-31,3,,,,,,,,,,,,,,,,,,,,,,,,,,,,,,,,,28600000,1808305,26794628,false,false,9,2021-04-01,2021-12-31,0
2022-02-01,80810,2021-03-31,3,,,,,,,,,,,,,,,,,,,,,,,,,,,,,,,,,,,28347456,false,false,9,2020-04-01,2020-12-31,-1
2022-04-15,80810,2022-03-31,,101000000000,-0.056,,,,,2870000000,-0.203,3090000000,-0.142,,1930000000,,72.06,,,,,,,,,,,,,,,,,,,,,,true,true,12,2021-04-01,2022-03-31,0
2022-04-15,80810,2021-03-31,,108229000000,,,,,,2672000000,,2819000000,,,2319000000,,82.85,,,,,,,,,,,,,,,,,,,,,,true,false,12,2020-04-01,2021-03-31,-1
2022-04-15,80810,2022-03-31,,,,,,,,,,,,,,,,,,,,,,,,,,,,,,26.00,,,,,,,false,true,12,2021-04-01,2022-03-31,0
2022-04-15,80810,2022-03-31,,,,,,,,,,,,,,,,,,,,,,,,,,,,,,16.00,,,,,,,false,false,12,2021-04-01,2022-03-31,0
2022-04-15,80810,2021-03-31,,,,,,,,,,,,,,,,,,,,,,,,,,,,,,29.00,,,,,,,false,false,12,2020-04-01,2021-03-31,-1
2022-05-13,80810,2022-03-31,,100834000000,,,,,,2846000000,0.065,3055000000,0.084,,1922000000,,71.80,,0.043,0.039,0.028,,78548000000,45571000000,0.580,1710.93,45571000000,3607000000,-511000000,-1047000000,18866000000,,0.362,,,,,,true,false,12,2021-04-01,2022-03-31,0
2022-05-13,80810,2021-03-31,,108229000000,-0.145,,,,,2672000000,-0.276,2819000000,-0.255,,2319000000,,82.85,,0.052,0.036,0.025,,77299000000,44517000000,0.576,1659.45,44517000000,-19000000,778000000,-3055000000,16658000000,,0.350,,,,,,true,false,12,2020-04-01,2021-03-31,-1
2022-05-13,80810,2023-03-31,,45500000000,0.011,,,,,1000000000,0.193,1000000000,0.104,600000000,,0.154,22.53,,,,,,,,,,,,,,,,,,,,,,true,true,6,2022-04-01,2022-09-30,1
2022-05-13,80810,2023-03-31,,110000000000,0.091,,,,,3800000000,0.335,3800000000,0.244,2500000000,,0.300,93.86,,,,,,,,,,,,,,,,0.362,,,,,,true,true,12,2022-04-01,2023-03-31,1
2022-05-13,80810,2022-03-31,,93660000000,,,,,,2528000000,0.089,2833000000,0.097,1830000000,,-0.112,68.36,,,,,,71731000000,40643000000,0.567,1525.90,40643000000,,,,,26.00,,,,28600000,1964405,26781944,false,false,12,2021-04-01,2022-03-31,0
2022-05-13,80810,2021-03-31,,101498000000,-0.145,,,,,2321000000,-0.291,2584000000,-0.264,2062000000,,-0.379,73.68,,,,,,71078000000,39919000000,0.562,1488.07,39919000000,,,,,29.00,,,,28600000,1773253,27996524,false,false,12,2020-04-01,2021-03-31,-1
2022-05-13,80810,2023-03-31,,,,,,,,,,,,,,,,,,,,,,,,,,,,,,34.00,,,,,,,false,true,12,2022-04-01,2023-03-31,1
2022-07-29,80810,2023-03-31,1,19355000000,-0.086,,,,,138000000,0.319,370000000,1.638,,181000000,,6.81,,,,,,67950000000,45578000000,0.671,1711.19,45578000000,,,,,,,,,,,,true,false,3,2022-04-01,2022-06-30,0
2022-07-29,80810,2022-03-31,1,21182000000,,,,,,105000000,3.967,140000000,0.648,,50000000,,1.88,,,,,,,,,,,,,,,,,,,,,,true,false,3,2021-04-01,2021-06-30,-1
2022-07-29,80810,2023-03-31,1,45500000000,0.011,,,,,1000000000,0.193,1000000000,0.104,600000000,,0.154,22.53,,,,,,,,,,,,,,,,,,,,,,true,true,6,2022-04-01,2022-09-30,0
2022-07-29,80810,2023-03-31,1,110000000000,0.091,,,,,3800000000,0.335,3800000000,0.244,2500000000,,0.300,93.86,,,,,,,,,,,,,,,,,,,,,,true,true,12,2022-04-01,2023-03-31,0
2022-07-29,80810,2022-03-31,1,,,,,,,,,,,,,,,,,,,,78548000000,45571000000,0.580,1710.93,45571000000,,,,,,,,,,,,true,false,12,2021-04-01,2022-03-31,-1
2022-07-29,80810,2022-03-31,1,,,,,,,,,,,,,,,,,,,,,,,,,,,,,26.00,,,,28600000,1964405,,false,false,12,2021-04-01,2022-03-31,-1
2022-07-29,80810,2023-03-31,1,,,,,,,,,,,,,,,,,,,,,,,,,,,,,34.00,,,,,,,false,true,12,2022-04-01,2023-03-31,0
2022-07-29,80810,2023-03-31,1,,,,,,,,,,,,,,,,,,,,,,,,,,,,,,,,,28600000,1964427,26635590,false,false,3,2022-04-01,2022-06-30,0
2022-07-29,80810,2022-03-31,1,,,,,,,,,,,,,,,,,,,,,,,,,,,,,,,,,,,26808482,false,false,3,2021-04-01,2021-06-30,-1
2022-10-20,80810,2023-03-31,,45500000000,0.000,,,,,1300000000,0.300,1650000000,0.650,1050000000,,0.750,39.41,,,,,,,,,,,,,,,,,,,,,,true,true,6,2022-04-01,2022-09-30,0
2022-10-20,80810,2022-03-31,,45001000000,,,,,,838000000,,905000000,,520000000,,,19.41,,,,,,,,,,,,,,,,,,,,,,true,false,6,2021-04-01,2021-09-30,-1
2022-11-01,80810,2023-03-31,2,45554000000,0.012,,,,,1324000000,0.580,1665000000,0.839,,1076000000,,40.39,,,,,,74942000000,46719000000,0.623,1751.90,46719000000,,,,,,,,,,,,true,false,6,2022-04-01,2022-09-30,0
2022-11-01,80810,2022-03-31,2,45001000000,,,,,,838000000,0.170,905000000,0.144,,520000000,,19.41,,,,,,,,,,,,,,,,,,,,,,true,false,6,2021-04-01,2021-09-30,-1
2022-11-01,80810,2023-03-31,2,110000000000,0.091,,,,,3800000000,0.335,3800000000,0.244,2500000000,,0.300,94.82,,,,,,,,,,,,,,,,,,,,,,true,true,12,2022-04-01,2023-03-31,0
2022-11-01,80810,2022-03-31,2,,,,,,,,,,,,,,,,,,,,78548000000,45571000000,0.580,1710.93,45571000000,,,,,,,,,,,,true,false,12,2021-04-01,2022-03-31,-1
2022-11-01,80810,2022-03-31,2,,,,,,,,,,,,,,,,,,,,,,,,,,,,,26.00,,,,28600000,1964405,,false,false,12,2021-04-01,2022-03-31,-1
2022-11-01,80810,2023-03-31,2,,,,,,,,,,,,,,,,,,,,,,,,,,,,,17.00,,,,,,,false,false,12,2022-04-01,2023-03-31,0
2022-11-01,80810,2023-03-31,2,,,,,,,,,,,,,,,,,,,,,,,,,,,,,34.00,,,,,,,false,true,12,2022-04-01,2023-03-31,0
2022-11-01,80810,2023-03-31,2,,,,,,,,,,,,,,,,,,,,,,,,,,,,,,,,,28600000,1932053,26644833,false,false,6,2022-04-01,2022-09-30,0
2022-11-01,80810,2022-03-31,2,,,,,,,,,,,,,,,,,,,,,,,,,,,,,,,,,,,26795885,false,false,6,2021-04-01,2021-09-30,-1
2023-01-31,80810,2023-03-31,3,70317000000,0.031,,,,,2127000000,0.725,2381000000,0.738,,1593000000,,60.14,,,,,,73304000000,45949000000,0.627,1773.00,45949000000,,,,,,,,,,,,true,false,9,2022-04-01,2022-12-31,0
2023-01-31,80810,2022-03-31,3,68235000000,,,,,,1233000000,0.202,1370000000,0.227,,807000000,,30.14,,,,,,,,,,,,,,,,,,,,,,true,false,9,2021-04-01,2021-12-31,-1
2023-01-31,80810,2023-03-31,3,110000000000,0.091,,,,,3800000000,0.335,3800000000,0.244,2500000000,,0.300,94.82,,,,,,,,,,,,,,,,,,,,,,true,true,12,2022-04-01,2023-03-31,0
2023-01-31,80810,2022-03-31,3,,,,,,,,,,,,,,,,,,,,78548000000,45571000000,0.580,1710.93,45571000000,,,,,,,,,,,,true,false,12,2021-04-01,2022-03-31,-1
2023-01-31,80810,2022-03-31,3,,,,,,,,,,,,,,,,,,,,,,,,,,,,,26.00,,,,28600000,1964405,,false,false,12,2021-04-01,2022-03-31,-1
2023-01-31,80810,2023-03-31,3,,,,,,,,,,,,,,,,,,,,,,,,,,,,,17.00,,,,,,,false,false,12,2022-04-01,2023-03-31,0
2023-01-31,80810,2023-03-31,3,,,,,,,,,,,,,,,,,,,,,,,,,,,,,34.00,,,,,,,false,true,12,2022-04-01,2023-03-31,0
2023-01-31,80810,2023-03-31,3,,,,,,,,,,,,,,,,,,,,,,,,,,,,,,,,,28600000,2683925,26501393,false,false,9,2022-04-01,2022-12-31,0
2023-01-31,80810,2022-03-31,3,,,,,,,,,,,,,,,,,,,,,,,,,,,,,,,,,,,26794628,false,false,9,2021-04-01,2021-12-31,-1
2023-04-25,80810,2023-03-31,,106400000000,-0.033,,,,,3960000000,0.042,4240000000,0.116,2890000000,,0.156,110.41,,,,,,,,,,,,,,,,,,,,,,true,true,12,2022-04-01,2023-03-31,0
2023-04-25,80810,2022-03-31,,100834000000,,,,,,2846000000,,3055000000,,1922000000,,,71.80,,,,,,,,,,,,,,,,,,,,,,true,false,12,2021-04-01,2022-03-31,-1
2023-04-25,80810,2023-03-31,,,,,,,,,,,,,,,,,,,,,,,,,,,,,,39.00,,,,,,,false,true,12,2022-04-01,2023-03-31,0
2023-04-25,80810,2023-03-31,,,,,,,,,,,,,,,,,,,,,,,,,,,,,,17.00,,,,,,,false,false,12,2022-04-01,2023-03-31,0
2023-04-25,80810,2022-03-31,,,,,,,,,,,,,,,,,,,,,,,,,,,,,,26.00,,,,,,,false,false,12,2021-04-01,2022-03-31,-1
2023-05-12,80810,2023-03-31,,106419000000,0.055,,,,,3967000000,0.394,4244000000,0.389,,2896000000,,110.67,,0.064,0.052,0.037,,83294000000,44379000000,0.533,1893.95,44379000000,-348000000,102000000,-4379000000,14635000000,,0.352,,,,,,true,false,12,2022-04-01,2023-03-31,0
2023-05-12,80810,2022-03-31,,100834000000,,,,,,2846000000,0.065,3055000000,0.084,,1922000000,,71.80,,0.043,0.039,0.028,,78548000000,45571000000,0.580,1710.93,45571000000,3607000000,-511000000,-1047000000,18866000000,,0.362,,,,,,true,false,12,2021-04-01,2022-03-31,-1
2023-05-12,80810,2024-03-31,,52000000000,0.141,,,,,1250000000,-0.056,1250000000,-0.249,800000000,,-0.257,34.14,,,,,,,,,,,,,,,,,,,,,,true,true,6,2023-04-01,2023-09-30,1
2023-05-12,80810,2024-03-31,,113000000000,0.062,,,,,4500000000,0.134,4500000000,0.060,3000000000,,0.036,128.03,,,,,,,,,,,,,,,,0.359,,,,,,true,true,12,2023-04-01,2024-03-31,1
2023-05-12,80810,2023-03-31,,99203000000,0.059,,,,,3507000000,0.387,3841000000,0.356,2491000000,,0.361,95.17,,,,,,76587000000,38910000000,0.508,1660.55,38910000000,,,,,39.00,,,,23600000,168009,26175229,false,false,12,2022-04-01,2023-03-31,0
2023-05-12,80810,2022-03-31,,93660000000,,,,,,2528000000,0.089,2833000000,0.097,1830000000,,-0.112,68.36,,,,,,71731000000,40643000000,0.567,1525.90,40643000000,,,,,26.00,,,,28600000,1964405,26781944,false,false,12,2021-04-01,2022-03-31,-1
2023-05-12,80810,2024-03-31,,,,,,,,,,,,,,,,,,,,,,,,,,,,,,46.00,,,,,,,false,true,12,2023-04-01,2024-03-31,1
2023-08-01,80810,2024-03-31,1,24703000000,0.276,,,,,522000000,2.765,776000000,1.097,,513000000,,21.92,,,,,,75345000000,44684000000,0.593,1907.01,44684000000,,,,,,,,,,,,true,false,3,2023-04-01,2023-06-30,0
2023-08-01,80810,2023-03-31,1,19355000000,-0.086,,,,,138000000,0.319,370000000,1.638,,181000000,,6.81,,,,,,,,,,,,,,,,,,,,,,true,false,3,2022-04-01,2022-06-30,-1
2023-08-01,80810,2024-03-31,1,52000000000,0.141,,,,,1250000000,-0.056,1250000000,-0.249,800000000,,-0.257,34.14,,,,,,,,,,,,,,,,,,,,,,true,true,6,2023-04-01,2023-09-30,0
2023-08-01,80810,2024-03-31,1,113000000000,0.062,,,,,4500000000,0.134,4500000000,0.060,3000000000,,0.036,128.03,,,,,,,,,,,,,,,,,,,,,,true,true,12,2023-04-01,2024-03-31,0
2023-08-01,80810,2023-03-31,1,,,,,,,,,,,,,,,,,,,,83294000000,44379000000,0.533,1893.95,44379000000,,,,,,,,,,,,true,false,12,2022-04-01,2023-03-31,-1
2023-08-01,80810,2023-03-31,1,,,,,,,,,,,,,,,,,,,,,,,,,,,,,39.00,,,,23600000,168009,,false,false,12,2022-04-01,2023-03-31,-1
2023-08-01,80810,2024-03-31,1,,,,,,,,,,,,,,,,,,,,,,,,,,,,,46.00,,,,,,,false,true,12,2023-04-01,2024-03-31,0
2023-08-01,80810,2024-03-31,1,,,,,,,,,,,,,,,,,,,,,,,,,,,,,,,,,23600000,168082,23431937,false,false,3,2023-04-01,2023-06-30,0
2023-08-01,80810,2023-03-31,1,,,,,,,,,,,,,,,,,,,,,,,,,,,,,,,,,,,26635590,false,false,3,2022-04-01,2022-06-30,-1
2023-08-29,80810,2024-03-31,,52000000000,0.000,,,,,1450000000,0.160,1650000000,0.320,1050000000,,0.313,44.81,,,,,,,,,,,,,,,,,,,,,,true,true,6,2023-04-01,2023-09-30,0
2023-08-29,80810,2023-03-31,,45554000000,,,,,,1324000000,,1665000000,,1076000000,,,40.39,,,,,,,,,,,,,,,,,,,,,,true,false,6,2022-04-01,2022-09-30,-1
2023-10-18,80810,2024-03-31,,53600000000,0.031,,,,,1840000000,0.269,2200000000,0.333,1470000000,,0.400,62.72,,,,,,,,,,,,,,,,,,,,,,true,true,6,2023-04-01,2023-09-30,0
2023-10-18,80810,2023-03-31,,45554000000,,,,,,1324000000,,1665000000,,1076000000,,,40.39,,,,,,,,,,,,,,,,,,,,,,true,false,6,2022-04-01,2022-09-30,-1
2023-10-18,80810,2024-03-31,,115000000000,0.018,,,,,4600000000,0.022,4800000000,0.067,3200000000,,0.067,136.53,,,,,,,,,,,,,,,,,,,,,,true,true,12,2023-04-01,2024-03-31,0
2023-10-18,80810,2023-03-31,,106419000000,,,,,,3967000000,,4244000000,,2896000000,,,110.67,,,,,,,,,,,,,,,,,,,,,,true,false,12,2022-04-01,2023-03-31,-1
2023-10-18,80810,2024-03-31,,,,,,,,,,,,,,,,,,,,,,,,,,,,,,48.00,,,,,,,false,true,12,2023-04-01,2024-03-31,0
2023-10-18,80810,2023-03-31,,,,,,,,,,,,,,,,,,,,,,,,,,,,,,39.00,,,,,,,false,false,12,2022-04-01,2023-03-31,-1
2023-10-31,80810,2024-03-31,2,53647000000,0.178,,,,,1846000000,0.394,2202000000,0.323,,1476000000,,63.00,,,,,,76712000000,45794000000,0.597,1952.48,45794000000,,,,,,,,,,,,true,false,6,2023-04-01,2023-09-30,0
2023-10-31,80810,2023-03-31,2,45554000000,0.012,,,,,1324000000,0.580,1665000000,0.839,,1076000000,,40.39,,,,,,,,,,,,,,,,,,,,,,true,false,6,2022-04-01,2022-09-30,-1
2023-10-31,80810,2024-03-31,2,115000000000,0.081,,,,,4600000000,0.159,4800000000,0.131,3200000000,,0.105,136.53,,,,,,,,,,,,,,,,,,,,,,true,true,12,2023-04-01,2024-03-31,0
2023-10-31,80810,2023-03-31,2,,,,,,,,,,,,,,,,,,,,83294000000,44379000000,0.533,1893.95,44379000000,,,,,,,,,,,,true,false,12,2022-04-01,2023-03-31,-1
2023-10-31,80810,2023-03-31,2,,,,,,,,,,,,,,,,,,,,,,,,,,,,,39.00,,,,23600000,168009,,false,false,12,2022-04-01,2023-03-31,-1
2023-10-31,80810,2024-03-31,2,,,,,,,,,,,,,,,,,,,,,,,,,,,,,24.00,,,,,,,false,false,12,2023-04-01,2024-03-31,0
2023-10-31,80810,2024-03-31,2,,,,,,,,,,,,,,,,,,,,,,,,,,,,,48.00,,,,,,,false,true,12,2023-04-01,2024-03-31,0
2023-10-31,80810,2024-03-31,2,,,,,,,,,,,,,,,,,,,,,,,,,,,,,,,,,23600000,145524,23438374,false,false,6,2023-04-01,2023-09-30,0
2023-10-31,80810,2023-03-31,2,,,,,,,,,,,,,,,,,,,,,,,,,,,,,,,,,,,26644833,false,false,6,2022-04-01,2022-09-30,-1
2024-01-31,80810,2024-03-31,3,80363000000,0.143,,,,,2598000000,0.222,2905000000,0.220,,1944000000,,82.93,,,,,,73943000000,45837000000,0.620,1954.31,45837000000,,,,,,,,,,,,true,false,9,2023-04-01,2023-12-31,0
2024-01-31,80810,2023-03-31,3,70317000000,0.031,,,,,2127000000,0.725,2381000000,0.738,,1593000000,,60.14,,,,,,,,,,,,,,,,,,,,,,true,false,9,2022-04-01,2022-12-31,-1
2024-01-31,80810,2024-03-31,3,115000000000,0.081,,,,,4600000000,0.159,4800000000,0.131,3200000000,,0.105,136.50,,,,,,,,,,,,,,,,,,,,,,true,true,12,2023-04-01,2024-03-31,0
2024-01-31,80810,2023-03-31,3,,,,,,,,,,,,,,,,,,,,83294000000,44379000000,0.533,1893.95,44379000000,,,,,,,,,,,,true,false,12,2022-04-01,2023-03-31,-1
2024-01-31,80810,2023-03-31,3,,,,,,,,,,,,,,,,,,,,,,,,,,,,,39.00,,,,23600000,168009,,false,false,12,2022-04-01,2023-03-31,-1
2024-01-31,80810,2024-03-31,3,,,,,,,,,,,,,,,,,,,,,,,,,,,,,24.00,,,,,,,false,false,12,2023-04-01,2024-03-31,0
2024-01-31,80810,2024-03-31,3,,,,,,,,,,,,,,,,,,,,,,,,,,,,,48.00,,,,,,,false,true,12,2023-04-01,2024-03-31,0
2024-01-31,80810,2024-03-31,3,,,,,,,,,,,,,,,,,,,,,,,,,,,,,,,,,23600000,145548,23443202,false,false,9,2023-04-01,2023-12-31,0
2024-01-31,80810,2023-03-31,3,,,,,,,,,,,,,,,,,,,,,,,,,,,,,,,,,,,26501393,false,false,9,2022-04-01,2022-12-31,-1
2024-04-15,80810,2024-03-31,,116270000000,0.011,,,,,4560000000,-0.009,5010000000,0.044,3480000000,,0.088,148.43,,,,,,,,,,,,,,,,,,,,,,true,true,12,2023-04-01,2024-03-31,0
2024-04-15,80810,2023-03-31,,106419000000,,,,,,3967000000,,4244000000,,2896000000,,,110.67,,,,,,,,,,,,,,,,,,,,,,true,false,12,2022-04-01,2023-03-31,-1
2024-04-15,80810,2024-03-31,,,,,,,,,,,,,,,,,,,,,,,,,,,,,,53.00,,,,,,,false,true,12,2023-04-01,2024-03-31,0
2024-04-15,80810,2024-03-31,,,,,,,,,,,,,,,,,,,,,,,,,,,,,,0.00,,,,,,,false,false,12,2023-04-01,2024-03-31,0
2024-04-15,80810,2023-03-31,,,,,,,,,,,,,,,,,,,,,,,,,,,,,,39.00,,,,,,,false,false,12,2022-04-01,2023-03-31,-1
2024-05-14,80810,2024-03-31,,116271000000,0.093,,,,,4544000000,0.145,4994000000,0.177,,3474000000,,148.21,,0.075,0.059,0.039,,85596000000,48204000000,0.561,2048.32,48042000000,3809000000,-731000000,-977000000,16947000000,,0.358,,,,,,true,false,12,2023-04-01,2024-03-31,0
2024-05-14,80810,2023-03-31,,106419000000,0.055,,,,,3967000000,0.394,4244000000,0.389,,2896000000,,110.67,,0.064,0.052,0.037,,83294000000,44379000000,0.533,1893.95,44379000000,-348000000,102000000,-4379000000,14635000000,,0.352,,,,,,true,false,12,2022-04-01,2023-03-31,-1
2024-05-14,80810,2025-03-31,,54000000000,0.007,,,,,1700000000,-0.079,1750000000,-0.205,1100000000,,-0.255,46.90,,,,,,,,,,,,,,,,,,,,,,true,true,6,2024-04-01,2024-09-30,1
2024-05-14,80810,2025-03-31,,122000000000,0.049,,,,,5050000000,0.111,5100000000,0.021,3600000000,,0.036,153.49,,,,,,,,,,,,,,,,0.404,,,,,,true,true,12,2024-04-01,2025-03-31,1
2024-05-14,80810,2024-03-31,,107917000000,0.088,,,,,4041000000,0.152,5040000000,0.312,3876000000,,0.556,165.33,,,,,,77363000000,42362000000,0.548,1806.15,42362000000,,,,,53.00,,,,23600000,145632,23445792,false,false,12,2023-04-01,2024-03-31,0
2024-05-14,80810,2023-03-31,,99203000000,0.059,,,,,3507000000,0.387,3841000000,0.356,2491000000,,0.361,95.17,,,,,,76587000000,38910000000,0.508,1660.55,38910000000,,,,,39.00,,,,23600000,168009,26175229,false,false,12,2022-04-01,2023-03-31,-1
2024-05-14,80810,2025-03-31,,,,,,,,,,,,,,,,,,,,,,,,,,,,,,62.00,,,,,,,false,true,12,2024-04-01,2025-03-31,1
2024-07-31,80810,2025-03-31,1,22441000000,-0.092,,,,,337000000,-0.354,577000000,-0.257,,358000000,,15.27,,,,,,72783000000,47999000000,0.657,2039.50,47834000000,,,,,,,,,,,,true,false,3,2024-04-01,2024-06-30,0
2024-07-31,80810,2024-03-31,1,24703000000,0.276,,,,,522000000,2.765,776000000,1.097,,513000000,,21.92,,,,,,,,,,,,,,,,,,,,,,true,false,3,2023-04-01,2023-06-30,-1
2024-07-31,80810,2025-03-31,1,54000000000,0.007,,,,,1700000000,-0.079,1750000000,-0.205,1100000000,,-0.255,46.90,,,,,,,,,,,,,,,,,,,,,,true,true,6,2024-04-01,2024-09-30,0
2024-07-31,80810,2025-03-31,1,122000000000,0.049,,,,,5050000000,0.111,5100000000,0.021,3600000000,,0.036,153.49,,,,,,,,,,,,,,,,,,,,,,true,true,12,2024-04-01,2025-03-31,0
2024-07-31,80810,2024-03-31,1,,,,,,,,,,,,,,,,,,,,85596000000,48204000000,0.561,2048.32,48042000000,,,,,,,,,,,,true,false,12,2023-04-01,2024-03-31,-1
2024-07-31,80810,2024-03-31,1,,,,,,,,,,,,,,,,,,,,,,,,,,,,,53.00,,,,23600000,145632,,false,false,12,2023-04-01,2024-03-31,-1
2024-07-31,80810,2025-03-31,1,,,,,,,,,,,,,,,,,,,,,,,,,,,,,62.00,,,,,,,false,true,12,2024-04-01,2025-03-31,0
2024-07-31,80810,2025-03-31,1,,,,,,,,,,,,,,,,,,,,,,,,,,,,,,,,,23600000,145705,23454332,false,false,3,2024-04-01,2024-06-30,0
2024-07-31,80810,2024-03-31,1,,,,,,,,,,,,,,,,,,,,,,,,,,,,,,,,,,,23431937,false,false,3,2023-04-01,2023-06-30,-1
2024-10-29,80810,2025-03-31,2,51812000000,-0.034,,,,,1516000000,-0.179,1530000000,-0.305,,891000000,,38.00,,,,,,76059000000,48453000000,0.637,,48453000000,,,,,,,,,,,,true,false,6,2024-04-01,2024-09-30,0
2024-10-29,80810,2024-03-31,2,53647000000,0.178,,,,,1846000000,0.394,2202000000,0.323,,1476000000,,63.00,,,,,,,,,,,,,,,,,,,,,,true,false,6,2023-04-01,2023-09-30,-1
2024-10-29,80810,2025-03-31,2,122000000000,0.049,,,,,5050000000,0.111,5100000000,0.021,,3600000000,,153.45,,,,,,,,,,,,,,,,,,,,,,true,true,12,2024-04-01,2025-03-31,0
2024-10-29,80810,2024-03-31,2,,,,,,,,,,,,,,,,,,,,85596000000,48204000000,0.561,,48042000000,,,,,,,,,,,,true,false,12,2023-04-01,2024-03-31,-1
2024-10-29,80810,2024-03-31,2,,,,,,,,,,,,,,,,,,,,,,,,,,,,,53.00,,,,23600000,145632,,false,false,12,2023-04-01,2024-03-31,-1
2024-10-29,80810,2025-03-31,2,,,,,,,,,,,,,,,,,,,,,,,,,,,,,31.00,,,,,,,false,false,12,2024-04-01,2025-03-31,0
2024-10-29,80810,2025-03-31,2,,,,,,,,,,,,,,,,,,,,,,,,,,,,,62.00,,,,,,,false,true,12,2024-04-01,2025-03-31,0
2024-10-29,80810,2025-03-31,2,,,,,,,,,,,,,,,,,,,,,,,,,,,,,,,,,23600000,123978,23460523,false,false,6,2024-04-01,2024-09-30,0
2024-10-29,80810,2024-03-31,2,,,,,,,,,,,,,,,,,,,,,,,,,,,,,,,,,,,23438374,false,false,6,2023-04-01,2023-09-30,-1
2025-02-03,80810,2025-03-31,3,79400000000,-0.012,,,,,2024000000,-0.221,2383000000,-0.180,,1828000000,,77.94,,,,,,79479000000,47446000000,0.597,2021.05,47446000000,,,,,,,,,,,,true,false,9,2024-04-01,2024-12-31,0
2025-02-03,80810,2024-03-31,3,80363000000,0.143,,,,,2598000000,0.222,2905000000,0.220,,1944000000,,82.93,,,,,,,,,,,,,,,,,,,,,,true,false,9,2023-04-01,2023-12-31,-1
2025-02-03,80810,2025-03-31,3,122000000000,0.049,,,,,5050000000,0.111,5100000000,0.021,3600000000,,0.036,154.61,,,,,,,,,,,,,,,,,,,,,,true,true,12,2024-04-01,2025-03-31,0
2025-02-03,80810,2024-03-31,3,,,,,,,,,,,,,,,,,,,,85596000000,48204000000,0.561,2048.32,48042000000,,,,,,,,,,,,true,false,12,2023-04-01,2024-03-31,-1
2025-02-03,80810,2024-03-31,3,,,,,,,,,,,,,,,,,,,,,,,,,,,,,53.00,,,,23600000,145632,,false,false,12,2023-04-01,2024-03-31,-1
2025-02-03,80810,2025-03-31,3,,,,,,,,,,,,,,,,,,,,,,,,,,,,,31.00,,,,,,,false,false,12,2024-04-01,2025-03-31,0
2025-02-03,80810,2025-03-31,3,,,,,,,,,,,,,,,,,,,,,,,,,,,,,62.00,,,,,,,false,true,12,2024-04-01,2025-03-31,0
2025-02-03,80810,2025-03-31,3,,,,,,,,,,,,,,,,,,,,,,,,,,,,,,,,,23600000,123978,23465173,false,false,9,2024-04-01,2024-12-31,0
2025-02-03,80810,2024-03-31,3,,,,,,,,,,,,,,,,,,,,,,,,,,,,,,,,,,,23443202,false,false,9,2023-04-01,2023-12-31,-1
2025-05-16,8081,2025-03-31,,125665000000,0.081,,,,,4500000000,-0.010,4730000000,-0.053,,3942000000,,169.31,,0.082,0.054,0.036,,89081000000,47989000000,0.539,2153.80,47989000000,5114000000,-1905000000,-3992000000,16423000000,,0.413,,,,,,true,false,12,2024-04-01,2025-03-31,0
2025-05-16,8081,2024-03-31,,116271000000,0.093,,,,,4544000000,0.145,4994000000,0.177,,3474000000,,148.21,,0.075,0.059,0.039,,85596000000,48204000000,0.561,2048.32,48042000000,3809000000,-731000000,-977000000,16947000000,,0.358,,,,,,true,false,12,2023-04-01,2024-03-31,-1
2025-05-16,8081,2026-03-31,,59000000000,0.139,,,,,1900000000,0.029,1900000000,-0.137,,1350000000,,60.59,,,,,,,,,,,,,,,,,,,,,,true,true,6,2025-04-01,2025-09-30,1
2025-05-16,8081,2026-03-31,,135000000000,0.074,,,,,5700000000,0.267,5700000000,0.205,,3900000000,,175.03,,,,,,,,,,,,,,,,0.411,,,,,,true,true,12,2025-04-01,2026-03-31,1
2025-05-16,8081,2025-03-31,,117176000000,0.086,,,,,4043000000,0.001,5339000000,0.059,5383000000,,0.389,231.20,,,,,,83034000000,44120000000,0.531,1980.18,44120000000,,,,,70.00,,,,22500000,218700,23283878,false,false,12,2024-04-01,2025-03-31,0
2025-05-16,8081,2024-03-31,,107917000000,0.088,,,,,4041000000,0.152,5040000000,0.312,3876000000,,0.556,165.33,,,,,,77363000000,42362000000,0.548,1806.15,42362000000,,,,,53.00,,,,23600000,145632,23445792,false,false,12,2023-04-01,2024-03-31,-1
2025-05-16,8081,2026-03-31,,,,,,,,,,,,,,,,,,,,,,,,,,,,,,72.00,,,,,,,false,true,12,2025-04-01,2026-03-31,1
2025-07-30,8081,2026-03-31,1,29609000000,0.319,,,,,469000000,0.393,483000000,-0.163,,311000000,,13.99,,,,,,80082000000,47500000000,0.593,2131.87,47500000000,,,,,,,,,,,,true,false,3,2025-04-01,2025-06-30,0
2025-07-30,8081,2025-03-31,1,22441000000,-0.092,,,,,337000000,-0.354,577000000,-0.257,,358000000,,15.27,,,,,,,,,,,,,,,,,,,,,,true,false,3,2024-04-01,2024-06-30,-1
2025-07-30,8081,2026-03-31,1,59000000000,0.139,,,,,1900000000,0.029,1900000000,-0.137,,1350000000,,60.59,,,,,,,,,,,,,,,,,,,,,,true,true,6,2025-04-01,2025-09-30,0
2025-07-30,8081,2026-03-31,1,135000000000,0.074,,,,,5700000000,0.267,5700000000,0.205,,3900000000,,175.03,,,,,,,,,,,,,,,,,,,,,,true,true,12,2025-04-01,2026-03-31,0
2025-07-30,8081,2025-03-31,1,,,,,,,,,,,,,,,,,,,,89081000000,47989000000,0.539,2153.80,47989000000,,,,,,,,,,,,true,false,12,2024-04-01,2025-03-31,-1
2025-07-30,8081,2025-03-31,1,,,,,,,,,,,,,,,,,,,,,,,,,,,,,70.00,,,,22500000,218700,,false,false,12,2024-04-01,2025-03-31,-1
2025-07-30,8081,2026-03-31,1,,,,,,,,,,,,,,,,,,,,,,,,,,,,,72.00,,,,,,,false,true,12,2025-04-01,2026-03-31,0
2025-07-30,8081,2026-03-31,1,,,,,,,,,,,,,,,,,,,,,,,,,,,,,,,,,22500000,218700,22281300,false,false,3,2025-04-01,2025-06-30,0
2025-07-30,8081,2025-03-31,1,,,,,,,,,,,,,,,,,,,,,,,,,,,,,,,,,,,23454332,false,false,3,2024-04-01,2024-06-30,-1
