filing_date,code,fiscal_year_end,quarterly_period,net_sales,net_sales_change,revenue,revenue_change,operating_revenue,operating_revenue_change,operating_profit,operating_profit_change,ordinary_profit,ordinary_profit_change,net_income,net_income_of_parent,net_income_change,eps,diluted_eps,roe,roa,operating_profit_to_net_sales,operating_profit_to_revenue,total_assets,net_assets,equity_ratio,bps,owner_equity,operating_cash_flow,investing_cash_flow,financing_cash_flow,cash,dividend_per_share,payout_ratio,commemorative_dividend,extra_dividend,number_of_shares,number_of_treqsury_shares,avg_number_of_shares,is_consolidated,is_forecast,duration,period_start,period_end,period_pos
2015-05-15,80840,2015-03-31,,237877000000,0.058,,,,,4992000000,-0.054,4505000000,-0.201,2891000000,,-0.186,66.70,66.66,0.049,0.037,0.021,,125121000000,61444000000,0.491,1417.10,61426000000,-4168000000,-1230000000,-1087000000,15413000000,,0.360,,,,,,true,false,12,2014-04-01,2015-03-31,0
2015-05-15,80840,2014-03-31,,224766000000,0.103,,,,,5278000000,0.196,5641000000,0.210,3550000000,,0.244,81.84,,0.064,0.050,0.023,,117936000000,57582000000,0.488,1328.51,57582000000,778000000,-1920000000,-994000000,21556000000,,0.269,,,,,,true,false,12,2013-04-01,2014-03-31,-1
2015-05-15,80840,2016-03-31,,122500000000,0.095,,,,,2700000000,0.124,2700000000,0.046,,1800000000,,41.53,,,,,,,,,,,,,,,,,,,,,,true,true,6,2015-04-01,2015-09-30,1
2015-05-15,80840,2016-03-31,,248000000000,0.043,,,,,6500000000,0.302,6500000000,0.443,,4400000000,,101.51,,,,,,,,,,,,,,,,0.256,,,,,,true,true,12,2015-04-01,2016-03-31,1
2015-05-15,80840,2015-03-31,,194388000000,0.057,,,,,3757000000,-0.067,3182000000,-0.292,1900000000,,-0.291,43.84,43.82,,,,,109195000000,52568000000,0.481,1212.32,52550000000,,,,,24.00,,,,45649955,2303395,43347518,false,false,12,2014-04-01,2015-03-31,0
2015-05-15,80840,2014-03-31,,183872000000,0.064,,,,,4027000000,0.192,4494000000,0.262,2681000000,,0.322,61.82,,,,,,103916000000,51135000000,0.492,1179.76,51135000000,,,,,22.00,,,,45649955,2306043,43380326,false,false,12,2013-04-01,2014-03-31,-1
2015-05-15,80840,2016-03-31,,,,,,,,,,,,,,,,,,,,,,,,,,,,,,26.00,,,,,,,false,true,12,2015-04-01,2016-03-31,1
2015-07-31,80840,2016-03-31,1,53527000000,-0.023,,,,,770000000,0.114,1072000000,0.393,,548000000,,12.66,12.65,,,,,118773000000,61785000000,0.520,1424.22,61731000000,,,,,,,,,,,,true,false,3,2015-04-01,2015-06-30,0
2015-07-31,80840,2015-03-31,1,54790000000,0.123,,,,,691000000,0.142,769000000,-0.058,,497000000,,11.48,11.48,,,,,,,,,,,,,,,,,,,,,true,false,3,2014-04-01,2014-06-30,-1
2015-07-31,80840,2016-03-31,1,122500000000,0.095,,,,,2700000000,0.124,2700000000,0.046,,1800000000,,41.53,,,,,,,,,,,,,,,,,,,,,,true,true,6,2015-04-01,2015-09-30,0
2015-07-31,80840,2016-03-31,1,248000000000,0.043,,,,,6500000000,0.302,6500000000,0.443,,4400000000,,101.51,,,,,,,,,,,,,,,,,,,,,,true,true,12,2015-04-01,2016-03-31,0
2015-07-31,80840,2015-03-31,1,,,,,,,,,,,,,,,,,,,,125121000000,61444000000,0.491,1417.10,61426000000,,,,,,,,,,,,true,false,12,2014-04-01,2015-03-31,-1
2015-07-31,80840,2015-03-31,1,,,,,,,,,,,,,,,,,,,,,,,,,,,,,24.00,,,,45649955,2303395,,false,false,12,2014-04-01,2015-03-31,-1
2015-07-31,80840,2016-03-31,1,,,,,,,,,,,,,,,,,,,,,,,,,,,,,26.00,,,,,,,false,true,12,2015-04-01,2016-03-31,0
2015-07-31,80840,2016-03-31,1,,,,,,,,,,,,,,,,,,,,,,,,,,,,,,,,,45649955,2305820,43345139,false,false,3,2015-04-01,2015-06-30,0
2015-07-31,80840,2015-03-31,1,,,,,,,,,,,,,,,,,,,,,,,,,,,,,,,,,,,43336522,false,false,3,2014-04-01,2014-06-30,-1
2015-09-29,80840,2016-03-31,,112000000000,-0.086,,,,,1750000000,-0.352,1780000000,-0.341,,1000000000,,23.07,,,,,,,,,,,,,,,,,,,,,,true,true,6,2015-04-01,2015-09-30,0
2015-09-29,80840,2015-03-31,,111859000000,,,,,,2401000000,,2580000000,,,1671000000,,38.56,,,,,,,,,,,,,,,,,,,,,,true,false,6,2014-04-01,2014-09-30,-1
2015-10-30,80840,2016-03-31,2,110698000000,-0.010,,,,,1849000000,-0.230,1844000000,-0.285,,1021000000,,23.58,23.55,,,,,118603000000,61826000000,0.521,1425.25,61772000000,,,,,,,,,,,,true,false,6,2015-04-01,2015-09-30,0
2015-10-30,80840,2015-03-31,2,111859000000,0.061,,,,,2401000000,0.075,2580000000,0.030,,1671000000,,38.56,38.54,,,,,,,,,,,,,,,,,,,,,true,false,6,2014-04-01,2014-09-30,-1
2015-10-30,80840,2016-03-31,2,248000000000,0.043,,,,,6500000000,0.302,6500000000,0.443,,4400000000,,101.51,,,,,,,,,,,,,,,,,,,,,,true,true,12,2015-04-01,2016-03-31,0
2015-10-30,80840,2015-03-31,2,,,,,,,,,,,,,,,,,,,,125121000000,61444000000,0.491,1417.10,61426000000,,,,,,,,,,,,true,false,12,2014-04-01,2015-03-31,-1
2015-10-30,80840,2015-03-31,2,,,,,,,,,,,,,,,,,,,,,,,,,,,,,24.00,,,,45649955,2303395,,false,false,12,2014-04-01,2015-03-31,-1
2015-10-30,80840,2016-03-31,2,,,,,,,,,,,,,,,,,,,,,,,,,,,,,13.00,,,,,,,false,false,12,2015-04-01,2016-03-31,0
2015-10-30,80840,2016-03-31,2,,,,,,,,,,,,,,,,,,,,,,,,,,,,,26.00,,,,,,,false,true,12,2015-04-01,2016-03-31,0
2015-10-30,80840,2016-03-31,2,,,,,,,,,,,,,,,,,,,,,,,,,,,,,,,,,45649955,2308340,43343745,false,false,6,2015-04-01,2015-09-30,0
2015-10-30,80840,2015-03-31,2,,,,,,,,,,,,,,,,,,,,,,,,,,,,,,,,,,,43346099,false,false,6,2014-04-01,2014-09-30,-1
2016-01-29,80840,2016-03-31,3,163627000000,-0.042,,,,,2304000000,-0.377,2329000000,-0.463,,1149000000,,26.52,26.48,,,,,121390000000,61401000000,0.505,1415.50,61348000000,,,,,,,,,,,,true,false,9,2015-04-01,2015-12-31,0
2016-01-29,80840,2015-03-31,3,170734000000,0.060,,,,,3697000000,0.101,4337000000,0.165,,2817000000,,65.00,64.96,,,,,,,,,,,,,,,,,,,,,true,false,9,2014-04-01,2014-12-31,-1
2016-01-29,80840,2016-03-31,3,226300000000,-0.049,,,,,3570000000,-0.285,3570000000,-0.208,,2000000000,,46.14,,,,,,,,,,,,,,,,,,,,,,true,true,12,2015-04-01,2016-03-31,0
2016-01-29,80840,2015-03-31,3,,,,,,,,,,,,,,,,,,,,125121000000,61444000000,0.491,1417.10,61426000000,,,,,,,,,,,,true,false,12,2014-04-01,2015-03-31,-1
2016-01-29,80840,2015-03-31,3,,,,,,,,,,,,,,,,,,,,,,,,,,,,,24.00,,,,45649955,2303395,,false,false,12,2014-04-01,2015-03-31,-1
2016-01-29,80840,2016-03-31,3,,,,,,,,,,,,,,,,,,,,,,,,,,,,,13.00,,,,,,,false,false,12,2015-04-01,2016-03-31,0
2016-01-29,80840,2016-03-31,3,,,,,,,,,,,,,,,,,,,,,,,,,,,,,26.00,,,,,,,false,true,12,2015-04-01,2016-03-31,0
2016-01-29,80840,2016-03-31,3,,,,,,,,,,,,,,,,,,,,,,,,,,,,,,,,,45649955,2309776,43342814,false,false,9,2015-04-01,2015-12-31,0
2016-01-29,80840,2015-03-31,3,,,,,,,,,,,,,,,,,,,,,,,,,,,,,,,,,,,43347563,false,false,9,2014-04-01,2014-12-31,-1
2016-01-29,80840,2016-03-31,,226300000000,-0.088,,,,,3570000000,-0.451,3570000000,-0.451,,2000000000,,46.14,,,,,,,,,,,,,,,,,,,,,,true,true,12,2015-04-01,2016-03-31,0
2016-01-29,80840,2015-03-31,,237877000000,,,,,,4992000000,,4505000000,,,2891000000,,66.70,,,,,,,,,,,,,,,,,,,,,,true,false,12,2014-04-01,2015-03-31,-1
2016-05-13,80840,2016-03-31,,221990000000,-0.067,,,,,3673000000,-0.264,3296000000,-0.268,,1846000000,,42.61,42.55,0.030,0.027,0.017,,119382000000,60401000000,0.505,1392.47,60348000000,3747000000,-777000000,-1550000000,16660000000,,0.610,,,,,,true,false,12,2015-04-01,2016-03-31,0
2016-05-13,80840,2015-03-31,,237877000000,0.058,,,,,4992000000,-0.054,4505000000,-0.201,,2891000000,,66.70,66.66,0.049,0.037,0.021,,125121000000,61444000000,0.491,1417.10,61426000000,-4168000000,-1230000000,-1087000000,15413000000,,0.360,,,,,,true,false,12,2014-04-01,2015-03-31,-1
2016-05-13,80840,2017-03-31,,110000000000,-0.006,,,,,1720000000,-0.070,1680000000,-0.089,,1120000000,,25.84,,,,,,,,,,,,,,,,,,,,,,true,true,6,2016-04-01,2016-09-30,1
2016-05-13,80840,2017-03-31,,225000000000,0.014,,,,,3770000000,0.026,3650000000,0.107,,2400000000,,55.38,,,,,,,,,,,,,,,,0.470,,,,,,true,true,12,2016-04-01,2017-03-31,1
2016-05-13,80840,2016-03-31,,189204000000,-0.027,,,,,3087000000,-0.178,3037000000,-0.046,2352000000,,0.238,54.28,54.20,,,,,105118000000,53489000000,0.508,1232.98,53435000000,,,,,26.00,,,,45649955,2311234,43341944,false,false,12,2015-04-01,2016-03-31,0
2016-05-13,80840,2015-03-31,,194388000000,0.057,,,,,3757000000,-0.067,3182000000,-0.292,1900000000,,-0.291,43.84,43.82,,,,,109195000000,52568000000,0.481,1212.32,52550000000,,,,,24.00,,,,45649955,2303395,43347518,false,false,12,2014-04-01,2015-03-31,-1
2016-05-13,80840,2017-03-31,,,,,,,,,,,,,,,,,,,,,,,,,,,,,,26.00,,,,,,,false,true,12,2016-04-01,2017-03-31,1
2016-07-29,80840,2017-03-31,1,50435000000,-0.058,,,,,-121000000,,-328000000,,,-289000000,,-6.67,-6.65,,,,,114773000000,58985000000,0.513,1359.00,58897000000,,,,,,,,,,,,true,false,3,2016-04-01,2016-06-30,0
2016-07-29,80840,2016-03-31,1,53527000000,-0.023,,,,,770000000,0.114,1072000000,0.393,,548000000,,12.66,12.65,,,,,,,,,,,,,,,,,,,,,true,false,3,2015-04-01,2015-06-30,-1
2016-07-29,80840,2017-03-31,1,110000000000,-0.006,,,,,1720000000,-0.070,1680000000,-0.089,,1120000000,,25.84,,,,,,,,,,,,,,,,,,,,,,true,true,6,2016-04-01,2016-09-30,0
2016-07-29,80840,2017-03-31,1,225000000000,0.014,,,,,3770000000,0.026,3650000000,0.107,,2400000000,,55.38,,,,,,,,,,,,,,,,,,,,,,true,true,12,2016-04-01,2017-03-31,0
2016-07-29,80840,2016-03-31,1,,,,,,,,,,,,,,,,,,,,119382000000,60401000000,0.505,1392.47,60348000000,,,,,,,,,,,,true,false,12,2015-04-01,2016-03-31,-1
2016-07-29,80840,2016-03-31,1,,,,,,,,,,,,,,,,,,,,,,,,,,,,,26.00,,,,45649955,2311234,,false,false,12,2015-04-01,2016-03-31,-1
2016-07-29,80840,2017-03-31,1,,,,,,,,,,,,,,,,,,,,,,,,,,,,,26.00,,,,,,,false,true,12,2016-04-01,2017-03-31,0
2016-07-29,80840,2017-03-31,1,,,,,,,,,,,,,,,,,,,,,,,,,,,,,,,,,45649955,2311168,43338853,false,false,3,2016-04-01,2016-06-30,0
2016-07-29,80840,2016-03-31,1,,,,,,,,,,,,,,,,,,,,,,,,,,,,,,,,,,,43345139,false,false,3,2015-04-01,2015-06-30,-1
2016-09-26,80840,2017-03-31,,103000000000,-0.064,,,,,500000000,-0.709,210000000,-0.875,,50000000,,1.15,,,,,,,,,,,,,,,,,,,,,,true,true,6,2016-04-01,2016-09-30,0
2016-09-26,80840,2016-03-31,,110698000000,,,,,,1849000000,,1844000000,,,1021000000,,23.58,,,,,,,,,,,,,,,,,,,,,,true,false,6,2015-04-01,2015-09-30,-1
2016-09-26,80840,2017-03-31,,214000000000,-0.049,,,,,2100000000,-0.443,1800000000,-0.507,,1200000000,,27.68,,,,,,,,,,,,,,,,,,,,,,true,true,12,2016-04-01,2017-03-31,0
2016-09-26,80840,2016-03-31,,221990000000,,,,,,3673000000,,3296000000,,,1846000000,,42.61,,,,,,,,,,,,,,,,,,,,,,true,false,12,2015-04-01,2016-03-31,-1
2016-09-26,80840,2017-03-31,,,,,,,,,,,,,,,,,,,,,,,,,,,,,,22.00,,,,,,,false,true,12,2016-04-01,2017-03-31,0
2016-09-26,80840,2016-03-31,,,,,,,,,,,,,,,,,,,,,,,,,,,,,,26.00,,,,,,,false,false,12,2015-04-01,2016-03-31,-1
2016-10-31,80840,2017-03-31,2,102650000000,-0.073,,,,,824000000,-0.554,573000000,-0.689,,298000000,,6.89,6.87,,,,,115512000000,59000000000,0.510,1359.00,58929000000,,,,,,,,,,,,true,false,6,2016-04-01,2016-09-30,0
2016-10-31,80840,2016-03-31,2,110698000000,-0.010,,,,,1849000000,-0.230,1844000000,-0.285,,1021000000,,23.58,23.55,,,,,,,,,,,,,,,,,,,,,true,false,6,2015-04-01,2015-09-30,-1
2016-10-31,80840,2017-03-31,2,214000000000,-0.036,,,,,2100000000,-0.428,1800000000,-0.454,,1200000000,,27.68,,,,,,,,,,,,,,,,,,,,,,true,true,12,2016-04-01,2017-03-31,0
2016-10-31,80840,2016-03-31,2,,,,,,,,,,,,,,,,,,,,119382000000,60401000000,0.505,1392.47,60348000000,,,,,,,,,,,,true,false,12,2015-04-01,2016-03-31,-1
2016-10-31,80840,2016-03-31,2,,,,,,,,,,,,,,,,,,,,,,,,,,,,,26.00,,,,45649955,2311234,,false,false,12,2015-04-01,2016-03-31,-1
2016-10-31,80840,2017-03-31,2,,,,,,,,,,,,,,,,,,,,,,,,,,,,,11.00,,,,,,,false,false,12,2016-04-01,2017-03-31,0
2016-10-31,80840,2017-03-31,2,,,,,,,,,,,,,,,,,,,,,,,,,,,,,22.00,,,,,,,false,true,12,2016-04-01,2017-03-31,0
2016-10-31,80840,2017-03-31,2,,,,,,,,,,,,,,,,,,,,,,,,,,,,,,,,,45649955,2287329,43351236,false,false,6,2016-04-01,2016-09-30,0
2016-10-31,80840,2016-03-31,2,,,,,,,,,,,,,,,,,,,,,,,,,,,,,,,,,,,43343745,false,false,6,2015-04-01,2015-09-30,-1
2017-01-31,80840,2017-03-31,3,155136000000,-0.052,,,,,1423000000,-0.382,1202000000,-0.484,,766000000,,17.67,17.63,,,,,119010000000,59429000000,0.499,1368.96,59358000000,,,,,,,,,,,,true,false,9,2016-04-01,2016-12-31,0
2017-01-31,80840,2016-03-31,3,163627000000,-0.042,,,,,2304000000,-0.377,2329000000,-0.463,,1149000000,,26.52,26.48,,,,,,,,,,,,,,,,,,,,,true,false,9,2015-04-01,2015-12-31,-1
2017-01-31,80840,2017-03-31,3,214000000000,-0.036,,,,,2100000000,-0.428,1800000000,-0.454,,1200000000,,27.68,,,,,,,,,,,,,,,,,,,,,,true,true,12,2016-04-01,2017-03-31,0
2017-01-31,80840,2016-03-31,3,,,,,,,,,,,,,,,,,,,,119382000000,60401000000,0.505,1392.47,60348000000,,,,,,,,,,,,true,false,12,2015-04-01,2016-03-31,-1
2017-01-31,80840,2016-03-31,3,,,,,,,,,,,,,,,,,,,,,,,,,,,,,26.00,,,,45649955,2311234,,false,false,12,2015-04-01,2016-03-31,-1
2017-01-31,80840,2017-03-31,3,,,,,,,,,,,,,,,,,,,,,,,,,,,,,11.00,,,,,,,false,false,12,2016-04-01,2017-03-31,0
2017-01-31,80840,2017-03-31,3,,,,,,,,,,,,,,,,,,,,,,,,,,,,,22.00,,,,,,,false,true,12,2016-04-01,2017-03-31,0
2017-01-31,80840,2017-03-31,3,,,,,,,,,,,,,,,,,,,,,,,,,,,,,,,,,45649955,2289507,43354666,false,false,9,2016-04-01,2016-12-31,0
2017-01-31,80840,2016-03-31,3,,,,,,,,,,,,,,,,,,,,,,,,,,,,,,,,,,,43342814,false,false,9,2015-04-01,2015-12-31,-1
2017-04-28,80840,2017-03-31,,219225000000,0.024,,,,,2730000000,0.300,2442000000,0.357,,1388000000,,32.01,,,,,,,,,,,,,,,,,,,,,,true,true,12,2016-04-01,2017-03-31,0
2017-04-28,80840,2016-03-31,,221990000000,,,,,,3673000000,,3296000000,,,1846000000,,42.61,,,,,,,,,,,,,,,,,,,,,,true,false,12,2015-04-01,2016-03-31,-1
2017-05-15,80840,2017-03-31,,219225000000,-0.012,,,,,2730000000,-0.257,2442000000,-0.259,,1388000000,,32.02,31.94,0.023,0.020,0.012,,122763000000,60975000000,0.496,1404.51,60911000000,4601000000,474000000,-2227000000,19163000000,,0.687,,,,,,true,false,12,2016-04-01,2017-03-31,0
2017-05-15,80840,2016-03-31,,221990000000,-0.067,,,,,3673000000,-0.264,3296000000,-0.268,,1846000000,,42.61,42.55,0.030,0.027,0.017,,119382000000,60401000000,0.505,1392.47,60348000000,3747000000,-777000000,-1550000000,16660000000,,0.610,,,,,,true,false,12,2015-04-01,2016-03-31,-1
2017-05-15,80840,2018-03-31,,110500000000,0.076,,,,,1500000000,0.819,1500000000,1.616,,1000000000,,23.06,,,,,,,,,,,,,,,,,,,,,,true,true,6,2017-04-01,2017-09-30,1
2017-05-15,80840,2018-03-31,,224800000000,0.025,,,,,3300000000,0.209,3200000000,0.310,,2100000000,,96.84,,,,,,,,,,,,,,,,0.454,,,,,,true,true,12,2017-04-01,2018-03-31,1
2017-05-15,80840,2017-03-31,,190435000000,0.007,,,,,2362000000,-0.235,2380000000,-0.216,1710000000,,-0.273,39.45,39.36,,,,,111194000000,54825000000,0.492,1262.70,54761000000,,,,,22.00,,,,45649955,2281216,43357438,false,false,12,2016-04-01,2017-03-31,0
2017-05-15,80840,2016-03-31,,189204000000,-0.027,,,,,3087000000,-0.178,3037000000,-0.046,2352000000,,0.238,54.28,54.20,,,,,105118000000,53489000000,0.508,1232.98,53435000000,,,,,26.00,,,,45649955,2311234,43341944,false,false,12,2015-04-01,2016-03-31,-1
2017-05-15,80840,2018-03-31,,,,,,,,,,,,,,,,,,,,,,,,,,,,,,22.00,,,,,,,false,true,12,2017-04-01,2018-03-31,1
2017-07-31,80840,2018-03-31,1,54189000000,0.074,,,,,647000000,,778000000,,,532000000,,12.29,12.25,,,,,121522000000,61214000000,0.503,1409.18,61112000000,,,,,,,,,,,,true,false,3,2017-04-01,2017-06-30,0
2017-07-31,80840,2017-03-31,1,50435000000,-0.058,,,,,-121000000,,-328000000,,,-289000000,,-6.67,,,,,,,,,,,,,,,,,,,,,,true,false,3,2016-04-01,2016-06-30,-1
2017-07-31,80840,2018-03-31,1,110500000000,0.076,,,,,1500000000,0.819,1500000000,1.616,,1000000000,,23.06,,,,,,,,,,,,,,,,,,,,,,true,true,6,2017-04-01,2017-09-30,0
2017-07-31,80840,2018-03-31,1,224800000000,0.025,,,,,3300000000,0.209,3200000000,0.310,,2100000000,,96.84,,,,,,,,,,,,,,,,,,,,,,true,true,12,2017-04-01,2018-03-31,0
2017-07-31,80840,2017-03-31,1,,,,,,,,,,,,,,,,,,,,122763000000,60975000000,0.496,1404.51,60911000000,,,,,,,,,,,,true,false,12,2016-04-01,2017-03-31,-1
2017-07-31,80840,2017-03-31,1,,,,,,,,,,,,,,,,,,,,,,,,,,,,,22.00,,,,45649955,2281216,,false,false,12,2016-04-01,2017-03-31,-1
2017-07-31,80840,2018-03-31,1,,,,,,,,,,,,,,,,,,,,,,,,,,,,,22.00,,,,,,,false,true,12,2017-04-01,2018-03-31,0
2017-07-31,80840,2018-03-31,1,,,,,,,,,,,,,,,,,,,,,,,,,,,,,,,,,45649955,2282447,43367962,false,false,3,2017-04-01,2017-06-30,0
2017-07-31,80840,2017-03-31,1,,,,,,,,,,,,,,,,,,,,,,,,,,,,,,,,,,,43338853,false,false,3,2016-04-01,2016-06-30,-1
2017-09-25,80840,2018-03-31,,113200000000,0.024,,,,,1800000000,0.200,2000000000,0.333,,1400000000,,64.55,,,,,,,,,,,,,,,,,,,,,,true,true,6,2017-04-01,2017-09-30,0
2017-09-25,80840,2017-03-31,,102650000000,,,,,,824000000,,573000000,,,298000000,,6.89,,,,,,,,,,,,,,,,,,,,,,true,false,6,2016-04-01,2016-09-30,-1
2017-09-25,80840,2018-03-31,,227500000000,0.012,,,,,3600000000,0.091,3700000000,0.156,,2500000000,,115.27,,,,,,,,,,,,,,,,,,,,,,true,true,12,2017-04-01,2018-03-31,0
2017-09-25,80840,2017-03-31,,219225000000,,,,,,2730000000,,2442000000,,,1388000000,,32.02,,,,,,,,,,,,,,,,,,,,,,true,false,12,2016-04-01,2017-03-31,-1
2017-10-31,80840,2018-03-31,2,111711000000,0.088,,,,,2043000000,1.478,2236000000,2.900,,1521000000,,70.17,69.96,,,,,127250000000,62496000000,0.490,2876.79,62410000000,,,,,,,,,,,,true,false,6,2017-04-01,2017-09-30,0
2017-10-31,80840,2017-03-31,2,102650000000,-0.073,,,,,824000000,-0.554,573000000,-0.689,,298000000,,13.77,13.74,,,,,,,,,,,,,,,,,,,,,true,false,6,2016-04-01,2016-09-30,-1
2017-10-31,80840,2018-03-31,2,227500000000,0.038,,,,,3600000000,0.319,3700000000,0.515,,2500000000,,115.26,,,,,,,,,,,,,,,,,,,,,,true,true,12,2017-04-01,2018-03-31,0
2017-10-31,80840,2017-03-31,2,,,,,,,,,,,,,,,,,,,,122763000000,60975000000,0.496,2809.01,60911000000,,,,,,,,,,,,true,false,12,2016-04-01,2017-03-31,-1
2017-10-31,80840,2017-03-31,2,,,,,,,,,,,,,,,,,,,,,,,,,,,,,22.00,,,,22824977,1140608,,false,false,12,2016-04-01,2017-03-31,-1
2017-10-31,80840,2018-03-31,2,,,,,,,,,,,,,,,,,,,,,,,,,,,,,11.00,,,,,,,false,false,12,2017-04-01,2018-03-31,0
2017-10-31,80840,2018-03-31,2,,,,,,,,,,,,,,,,,,,,,,,,,,,,,22.00,,,,,,,false,true,12,2017-04-01,2018-03-31,0
2017-10-31,80840,2018-03-31,2,,,,,,,,,,,,,,,,,,,,,,,,,,,,,,,,,22824977,1130571,21689218,false,false,6,2017-04-01,2017-09-30,0
2017-10-31,80840,2017-03-31,2,,,,,,,,,,,,,,,,,,,,,,,,,,,,,,,,,,,21675617,false,false,6,2016-04-01,2016-09-30,-1
2018-01-31,80840,2018-03-31,3,172651000000,0.113,,,,,3371000000,1.368,3625000000,2.014,,2478000000,,114.25,113.92,,,,,131021000000,63460000000,0.484,2921.29,63374000000,,,,,,,,,,,,true,false,9,2017-04-01,2017-12-31,0
2018-01-31,80840,2017-03-31,3,155136000000,-0.052,,,,,1423000000,-0.382,1202000000,-0.484,,766000000,,35.35,35.26,,,,,,,,,,,,,,,,,,,,,true,false,9,2016-04-01,2016-12-31,-1
2018-01-31,80840,2018-03-31,3,233300000000,0.064,,,,,4500000000,0.648,4800000000,0.965,,3200000000,,147.53,,,,,,,,,,,,,,,,,,,,,,true,true,12,2017-04-01,2018-03-31,0
2018-01-31,80840,2017-03-31,3,,,,,,,,,,,,,,,,,,,,122763000000,60975000000,0.496,2809.01,60911000000,,,,,,,,,,,,true,false,12,2016-04-01,2017-03-31,-1
2018-01-31,80840,2017-03-31,3,,,,,,,,,,,,,,,,,,,,,,,,,,,,,22.00,,,,22824977,1140608,,false,false,12,2016-04-01,2017-03-31,-1
2018-01-31,80840,2018-03-31,3,,,,,,,,,,,,,,,,,,,,,,,,,,,,,11.00,,,,,,,false,false,12,2017-04-01,2018-03-31,0
2018-01-31,80840,2018-03-31,3,,,,,,,,,,,,,,,,,,,,,,,,,,,,,26.00,,,,,,,false,true,12,2017-04-01,2018-03-31,0
2018-01-31,80840,2018-03-31,3,,,,,,,,,,,,,,,,,,,,,,,,,,,,,,,,,22824977,1130964,21690863,false,false,9,2017-04-01,2017-12-31,0
2018-01-31,80840,2017-03-31,3,,,,,,,,,,,,,,,,,,,,,,,,,,,,,,,,,,,21677332,false,false,9,2016-04-01,2016-12-31,-1
2018-05-15,80840,2018-03-31,,236494000000,0.079,,,,,5078000000,0.860,5055000000,1.070,,3588000000,,165.44,164.98,0.057,0.039,0.021,,133710000000,64057000000,0.478,2948.86,63971000000,-4833000000,674000000,-942000000,14112000000,,0.290,,,,,,true,false,12,2017-04-01,2018-03-31,0
2018-05-15,80840,2017-03-31,,219225000000,-0.012,,,,,2730000000,-0.257,2442000000,-0.259,,1388000000,,64.04,63.88,0.023,0.020,0.012,,122763000000,60975000000,0.496,2809.01,60911000000,4601000000,474000000,-2227000000,19163000000,,0.687,,,,,,true,false,12,2016-04-01,2017-03-31,-1
2018-05-15,80840,2019-03-31,,118400000000,0.060,,,,,2300000000,0.126,2400000000,0.073,,1650000000,,76.06,,,,,,,,,,,,,,,,,,,,,,true,true,6,2018-04-01,2018-09-30,1
2018-05-15,80840,2019-03-31,,237000000000,0.002,,,,,5200000000,0.024,5400000000,0.068,,3700000000,,170.56,,,,,,,,,,,,,,,,0.281,,,,,,true,true,12,2018-04-01,2019-03-31,1
2018-05-15,80840,2018-03-31,,210183000000,0.104,,,,,4526000000,0.916,4682000000,0.967,3613000000,,1.112,166.59,166.12,,,,,122005000000,57821000000,0.473,2661.41,57735000000,,,,,26.00,,,,22824977,1131243,21691544,false,false,12,2017-04-01,2018-03-31,0
2018-05-15,80840,2017-03-31,,190435000000,0.007,,,,,2362000000,-0.235,2380000000,-0.216,1710000000,,-0.273,78.91,78.71,,,,,111194000000,54825000000,0.492,2525.39,54761000000,,,,,22.00,,,,22824977,1140608,21678718,false,false,12,2016-04-01,2017-03-31,-1
2018-05-15,80840,2019-03-31,,,,,,,,,,,,,,,,,,,,,,,,,,,,,,48.00,,,,,,,false,true,12,2018-04-01,2019-03-31,1
2018-07-31,80840,2019-03-31,1,57664000000,0.064,,,,,697000000,0.077,786000000,0.011,,539000000,,24.86,24.77,,,,,129710000000,63650000000,0.490,2928.00,63518000000,,,,,,,,,,,,true,false,3,2018-04-01,2018-06-30,0
2018-07-31,80840,2018-03-31,1,54189000000,0.074,,,,,647000000,,778000000,,,532000000,,24.58,24.51,,,,,,,,,,,,,,,,,,,,,true,false,3,2017-04-01,2017-06-30,-1
2018-07-31,80840,2019-03-31,1,118400000000,0.060,,,,,2300000000,0.126,2400000000,0.073,,1650000000,,76.06,,,,,,,,,,,,,,,,,,,,,,true,true,6,2018-04-01,2018-09-30,0
2018-07-31,80840,2019-03-31,1,237000000000,0.002,,,,,5200000000,0.024,5400000000,0.068,,3700000000,,170.56,,,,,,,,,,,,,,,,,,,,,,true,true,12,2018-04-01,2019-03-31,0
2018-07-31,80840,2018-03-31,1,,,,,,,,,,,,,,,,,,,,133710000000,64057000000,0.478,2948.86,63971000000,,,,,,,,,,,,true,false,12,2017-04-01,2018-03-31,-1
2018-07-31,80840,2018-03-31,1,,,,,,,,,,,,,,,,,,,,,,,,,,,,,26.00,,,,22824977,1131243,,false,false,12,2017-04-01,2018-03-31,-1
2018-07-31,80840,2019-03-31,1,,,,,,,,,,,,,,,,,,,,,,,,,,,,,52.00,,,,,,,false,true,12,2018-04-01,2019-03-31,0
2018-07-31,80840,2019-03-31,1,,,,,,,,,,,,,,,,,,,,,,,,,,,,,,,,,22824977,1131343,21693684,false,false,3,2018-04-01,2018-06-30,0
2018-07-31,80840,2018-03-31,1,,,,,,,,,,,,,,,,,,,,,,,,,,,,,,,,,,,21683980,false,false,3,2017-04-01,2017-06-30,-1
2018-10-31,80840,2019-03-31,2,117939000000,0.056,,,,,2364000000,0.158,2340000000,0.047,,1610000000,,74.25,73.97,,,,,131641000000,65081000000,0.493,2993.48,64960000000,,,,,,,,,,,,true,false,6,2018-04-01,2018-09-30,0
2018-10-31,80840,2018-03-31,2,111711000000,0.088,,,,,2043000000,1.478,2236000000,2.900,,1521000000,,70.17,69.96,,,,,,,,,,,,,,,,,,,,,true,false,6,2017-04-01,2017-09-30,-1
2018-10-31,80840,2019-03-31,2,237000000000,0.002,,,,,5200000000,0.024,5400000000,0.068,,3700000000,,170.53,,,,,,,,,,,,,,,,,,,,,,true,true,12,2018-04-01,2019-03-31,0
2018-10-31,80840,2018-03-31,2,,,,,,,,,,,,,,,,,,,,133710000000,64057000000,0.478,2948.86,63971000000,,,,,,,,,,,,true,false,12,2017-04-01,2018-03-31,-1
2018-10-31,80840,2018-03-31,2,,,,,,,,,,,,,,,,,,,,,,,,,,,,,26.00,,,,22824977,1131243,,false,false,12,2017-04-01,2018-03-31,-1
2018-10-31,80840,2019-03-31,2,,,,,,,,,,,,,,,,,,,,,,,,,,,,,28.00,,,,,,,false,false,12,2018-04-01,2019-03-31,0
2018-10-31,80840,2019-03-31,2,,,,,,,,,,,,,,,,,,,,,,,,,,,,,52.00,,,,,,,false,true,12,2018-04-01,2019-03-31,0
2018-10-31,80840,2019-03-31,2,,,,,,,,,,,,,,,,,,,,,,,,,,,,,,,,,22824977,1124398,21697124,false,false,6,2018-04-01,2018-09-30,0
2018-10-31,80840,2018-03-31,2,,,,,,,,,,,,,,,,,,,,,,,,,,,,,,,,,,,21689218,false,false,6,2017-04-01,2017-09-30,-1
2019-01-31,80840,2019-03-31,3,177738000000,0.029,,,,,3514000000,0.042,3559000000,-0.018,,2441000000,,112.52,112.11,,,,,129770000000,64547000000,0.496,2968.91,64426000000,,,,,,,,,,,,true,false,9,2018-04-01,2018-12-31,0
2019-01-31,80840,2018-03-31,3,172651000000,0.113,,,,,3371000000,1.368,3625000000,2.014,,2478000000,,114.25,113.92,,,,,,,,,,,,,,,,,,,,,true,false,9,2017-04-01,2017-12-31,-1
2019-01-31,80840,2019-03-31,3,237000000000,0.002,,,,,5200000000,0.024,5400000000,0.068,,3700000000,,170.52,,,,,,,,,,,,,,,,,,,,,,true,true,12,2018-04-01,2019-03-31,0
2019-01-31,80840,2018-03-31,3,,,,,,,,,,,,,,,,,,,,133710000000,64057000000,0.478,2948.86,63971000000,,,,,,,,,,,,true,false,12,2017-04-01,2018-03-31,-1
2019-01-31,80840,2018-03-31,3,,,,,,,,,,,,,,,,,,,,,,,,,,,,,26.00,,,,22824977,1131243,,false,false,12,2017-04-01,2018-03-31,-1
2019-01-31,80840,2019-03-31,3,,,,,,,,,,,,,,,,,,,,,,,,,,,,,28.00,,,,,,,false,false,12,2018-04-01,2019-03-31,0
2019-01-31,80840,2019-03-31,3,,,,,,,,,,,,,,,,,,,,,,,,,,,,,52.00,,,,,,,false,true,12,2018-04-01,2019-03-31,0
2019-01-31,80840,2019-03-31,3,,,,,,,,,,,,,,,,,,,,,,,,,,,,,,,,,22824977,1124499,21698259,false,false,9,2018-04-01,2018-12-31,0
2019-01-31,80840,2018-03-31,3,,,,,,,,,,,,,,,,,,,,,,,,,,,,,,,,,,,21690863,false,false,9,2017-04-01,2017-12-31,-1
2019-05-10,80840,2019-03-31,,240312000000,0.016,,,,,5624000000,0.108,5648000000,0.117,,3731000000,,171.98,171.34,0.058,0.042,0.023,,132729000000,65716000000,0.494,3022.78,65594000000,4479000000,-686000000,-563000000,17107000000,,0.326,,,,,,true,false,12,2018-04-01,2019-03-31,0
2019-05-10,80840,2018-03-31,,236494000000,0.079,,,,,5078000000,0.860,5055000000,1.070,,3588000000,,165.44,164.98,0.057,0.039,0.021,,133710000000,64057000000,0.478,2948.86,63971000000,-4833000000,674000000,-942000000,14112000000,,0.290,,,,,,true,false,12,2017-04-01,2018-03-31,-1
2019-05-10,80840,2020-03-31,,114600000000,-0.028,,,,,2200000000,-0.070,2200000000,-0.060,,1500000000,,69.15,,,,,,,,,,,,,,,,,,,,,,true,true,6,2019-04-01,2019-09-30,1
2019-05-10,80840,2020-03-31,,233600000000,-0.028,,,,,5300000000,-0.058,5300000000,-0.062,,3700000000,,170.52,,,,,,,,,,,,,,,,0.328,,,,,,true,true,12,2019-04-01,2020-03-31,1
2019-05-10,80840,2019-03-31,,213440000000,0.015,,,,,5060000000,0.118,5198000000,0.110,3599000000,,-0.004,165.91,165.29,,,,,120793000000,59639000000,0.493,2742.77,59518000000,,,,,56.00,,,,22824977,1124755,21698780,false,false,12,2018-04-01,2019-03-31,0
2019-05-10,80840,2018-03-31,,210183000000,0.104,,,,,4526000000,0.916,4682000000,0.967,3613000000,,1.112,166.59,166.12,,,,,121866000000,57821000000,0.474,2661.41,57735000000,,,,,26.00,,,,22824977,1131243,21691544,false,false,12,2017-04-01,2018-03-31,-1
2019-05-10,80840,2020-03-31,,,,,,,,,,,,,,,,,,,,,,,,,,,,,,56.00,,,,,,,false,true,12,2019-04-01,2020-03-31,1
2019-07-31,80840,2020-03-31,1,56740000000,-0.016,,,,,985000000,0.413,1105000000,0.405,,713000000,,32.90,32.74,,,,,128989000000,65963000000,0.510,3031.92,65792000000,,,,,,,,,,,,true,false,3,2019-04-01,2019-06-30,0
2019-07-31,80840,2019-03-31,1,57664000000,0.064,,,,,697000000,0.077,786000000,0.011,,539000000,,24.86,24.77,,,,,,,,,,,,,,,,,,,,,true,false,3,2018-04-01,2018-06-30,-1
2019-07-31,80840,2020-03-31,1,114600000000,-0.028,,,,,2200000000,-0.070,2200000000,-0.060,,1500000000,,69.12,,,,,,,,,,,,,,,,,,,,,,true,true,6,2019-04-01,2019-09-30,0
2019-07-31,80840,2020-03-31,1,233600000000,-0.028,,,,,5300000000,-0.058,5300000000,-0.062,,3700000000,,170.51,,,,,,,,,,,,,,,,,,,,,,true,true,12,2019-04-01,2020-03-31,0
2019-07-31,80840,2019-03-31,1,,,,,,,,,,,,,,,,,,,,132729000000,65716000000,0.494,3022.78,65594000000,,,,,,,,,,,,true,false,12,2018-04-01,2019-03-31,-1
2019-07-31,80840,2019-03-31,1,,,,,,,,,,,,,,,,,,,,,,,,,,,,,56.00,,,,22824977,1124755,,false,false,12,2018-04-01,2019-03-31,-1
2019-07-31,80840,2020-03-31,1,,,,,,,,,,,,,,,,,,,,,,,,,,,,,56.00,,,,,,,false,true,12,2019-04-01,2020-03-31,0
2019-07-31,80840,2020-03-31,1,,,,,,,,,,,,,,,,,,,,,,,,,,,,,,,,,22824977,1124857,21700171,false,false,3,2019-04-01,2019-06-30,0
2019-07-31,80840,2019-03-31,1,,,,,,,,,,,,,,,,,,,,,,,,,,,,,,,,,,,21693684,false,false,3,2018-04-01,2018-06-30,-1
2019-10-31,80840,2020-03-31,2,115233000000,-0.023,,,,,2783000000,0.177,2845000000,0.216,,1938000000,,89.28,88.86,,,,,125212000000,66962000000,0.534,3076.50,66820000000,,,,,,,,,,,,true,false,6,2019-04-01,2019-09-30,0
2019-10-31,80840,2019-03-31,2,117939000000,0.056,,,,,2364000000,0.158,2340000000,0.047,,1610000000,,74.25,73.97,,,,,,,,,,,,,,,,,,,,,true,false,6,2018-04-01,2018-09-30,-1
2019-10-31,80840,2020-03-31,2,233600000000,-0.028,,,,,5300000000,-0.058,5300000000,-0.062,,3700000000,,170.43,,,,,,,,,,,,,,,,,,,,,,true,true,12,2019-04-01,2020-03-31,0
2019-10-31,80840,2019-03-31,2,,,,,,,,,,,,,,,,,,,,132729000000,65716000000,0.494,3022.78,65594000000,,,,,,,,,,,,true,false,12,2018-04-01,2019-03-31,-1
2019-10-31,80840,2019-03-31,2,,,,,,,,,,,,,,,,,,,,,,,,,,,,,56.00,,,,22824977,1124755,,false,false,12,2018-04-01,2019-03-31,-1
2019-10-31,80840,2020-03-31,2,,,,,,,,,,,,,,,,,,,,,,,,,,,,,28.00,,,,,,,false,false,12,2019-04-01,2020-03-31,0
2019-10-31,80840,2020-03-31,2,,,,,,,,,,,,,,,,,,,,,,,,,,,,,56.00,,,,,,,false,true,12,2019-04-01,2020-03-31,0
2019-10-31,80840,2020-03-31,2,,,,,,,,,,,,,,,,,,,,,,,,,,,,,,,,,22824977,1105457,21709854,false,false,6,2019-04-01,2019-09-30,0
2019-10-31,80840,2019-03-31,2,,,,,,,,,,,,,,,,,,,,,,,,,,,,,,,,,,,21697124,false,false,6,2018-04-01,2018-09-30,-1
2020-01-31,80840,2020-03-31,3,169940000000,-0.044,,,,,3663000000,0.043,3785000000,0.063,,2621000000,,120.73,120.17,,,,,130034000000,67423000000,0.517,3097.79,67281000000,,,,,,,,,,,,true,false,9,2019-04-01,2019-12-31,0
2020-01-31,80840,2019-03-31,3,177738000000,0.029,,,,,3514000000,0.042,3559000000,-0.018,,2441000000,,112.52,112.11,,,,,,,,,,,,,,,,,,,,,true,false,9,2018-04-01,2018-12-31,-1
2020-01-31,80840,2020-03-31,3,233600000000,-0.028,,,,,5300000000,-0.058,5300000000,-0.062,,3700000000,,170.40,,,,,,,,,,,,,,,,,,,,,,true,true,12,2019-04-01,2020-03-31,0
2020-01-31,80840,2019-03-31,3,,,,,,,,,,,,,,,,,,,,132729000000,65716000000,0.494,3022.78,65594000000,,,,,,,,,,,,true,false,12,2018-04-01,2019-03-31,-1
2020-01-31,80840,2019-03-31,3,,,,,,,,,,,,,,,,,,,,,,,,,,,,,56.00,,,,22824977,1124755,,false,false,12,2018-04-01,2019-03-31,-1
2020-01-31,80840,2020-03-31,3,,,,,,,,,,,,,,,,,,,,,,,,,,,,,28.00,,,,,,,false,false,12,2019-04-01,2020-03-31,0
2020-01-31,80840,2020-03-31,3,,,,,,,,,,,,,,,,,,,,,,,,,,,,,56.00,,,,,,,false,true,12,2019-04-01,2020-03-31,0
2020-01-31,80840,2020-03-31,3,,,,,,,,,,,,,,,,,,,,,,,,,,,,,,,,,22824977,1105733,21713029,false,false,9,2019-04-01,2019-12-31,0
2020-01-31,80840,2019-03-31,3,,,,,,,,,,,,,,,,,,,,,,,,,,,,,,,,,,,21698259,false,false,9,2018-04-01,2018-12-31,-1
2020-05-11,80840,2020-03-31,,230087000000,-0.043,,,,,5559000000,-0.012,5758000000,0.019,,3860000000,,177.77,176.96,0.058,0.044,0.024,,128304000000,67557000000,0.525,3104.00,67415000000,5938000000,-518000000,-2281000000,20165000000,,0.315,,,,,,true,false,12,2019-04-01,2020-03-31,0
2020-05-11,80840,2019-03-31,,240312000000,0.016,,,,,5624000000,0.108,5648000000,0.117,,3731000000,,171.98,171.34,0.058,0.042,0.023,,132729000000,65716000000,0.494,3022.78,65594000000,4479000000,-686000000,-563000000,17107000000,,0.326,,,,,,true,false,12,2018-04-01,2019-03-31,-1
2020-05-11,80840,2021-03-31,,90000000000,-0.219,,,,,200000000,-0.928,200000000,-0.930,,150000000,,6.91,,,,,,,,,,,,,,,,,,,,,,true,true,6,2020-04-01,2020-09-30,1
2020-05-11,80840,2021-03-31,,209000000000,-0.092,,,,,3100000000,-0.442,3100000000,-0.462,,2200000000,,101.31,,,,,,,,,,,,,,,,0.553,,,,,,true,true,12,2020-04-01,2021-03-31,1
2020-05-11,80840,2020-03-31,,203965000000,-0.044,,,,,4938000000,-0.024,5187000000,-0.002,3426000000,,-0.048,157.80,157.08,,,,,117302000000,61309000000,0.521,2816.32,61167000000,,,,,56.00,,,,22824977,1105965,21714533,false,false,12,2019-04-01,2020-03-31,0
2020-05-11,80840,2019-03-31,,213440000000,0.015,,,,,5060000000,0.118,5198000000,0.110,3599000000,,-0.004,165.91,165.29,,,,,120793000000,59639000000,0.493,2742.77,59518000000,,,,,56.00,,,,22824977,1124755,21698780,false,false,12,2018-04-01,2019-03-31,-1
2020-05-11,80840,2021-03-31,,,,,,,,,,,,,,,,,,,,,,,,,,,,,,56.00,,,,,,,false,true,12,2020-04-01,2021-03-31,1
2020-07-31,80840,2021-03-31,1,46525000000,-0.180,,,,,573000000,-0.418,669000000,-0.394,,432000000,,19.91,19.81,,,,,121801000000,67487000000,0.552,3098.11,67287000000,,,,,,,,,,,,true,false,3,2020-04-01,2020-06-30,0
2020-07-31,80840,2020-03-31,1,56740000000,-0.016,,,,,985000000,0.413,1105000000,0.405,,713000000,,32.90,32.74,,,,,,,,,,,,,,,,,,,,,true,false,3,2019-04-01,2019-06-30,-1
2020-07-31,80840,2021-03-31,1,90000000000,-0.219,,,,,900000000,-0.677,1000000000,-0.649,,800000000,,36.83,,,,,,,,,,,,,,,,,,,,,,true,true,6,2020-04-01,2020-09-30,0
2020-07-31,80840,2021-03-31,1,209000000000,-0.092,,,,,3100000000,-0.442,3100000000,-0.462,,2200000000,,101.29,,,,,,,,,,,,,,,,,,,,,,true,true,12,2020-04-01,2021-03-31,0
2020-07-31,80840,2020-03-31,1,,,,,,,,,,,,,,,,,,,,128304000000,67557000000,0.525,3104.00,67415000000,,,,,,,,,,,,true,false,12,2019-04-01,2020-03-31,-1
2020-07-31,80840,2020-03-31,1,,,,,,,,,,,,,,,,,,,,,,,,,,,,,56.00,,,,22824977,1105965,,false,false,12,2019-04-01,2020-03-31,-1
2020-07-31,80840,2021-03-31,1,,,,,,,,,,,,,,,,,,,,,,,,,,,,,56.00,,,,,,,false,true,12,2020-04-01,2021-03-31,0
2020-07-31,80840,2021-03-31,1,,,,,,,,,,,,,,,,,,,,,,,,,,,,,,,,,22824977,1105965,21719012,false,false,3,2020-04-01,2020-06-30,0
2020-07-31,80840,2020-03-31,1,,,,,,,,,,,,,,,,,,,,,,,,,,,,,,,,,,,21700171,false,false,3,2019-04-01,2019-06-30,-1
2020-07-31,80840,2021-03-31,,90000000000,0.000,,,,,900000000,3.500,1000000000,4.000,,800000000,,36.83,,,,,,,,,,,,,,,,,,,,,,true,true,6,2020-04-01,2020-09-30,0
2020-07-31,80840,2020-03-31,,115233000000,,,,,,2783000000,,2845000000,,,1938000000,,89.28,,,,,,,,,,,,,,,,,,,,,,true,false,6,2019-04-01,2019-09-30,-1
2020-10-28,80840,2021-03-31,,92715000000,0.030,,,,,1228000000,0.365,1348000000,0.348,,1072000000,,49.35,,,,,,,,,,,,,,,,,,,,,,true,true,6,2020-04-01,2020-09-30,0
2020-10-28,80840,2020-03-31,,115233000000,,,,,,2783000000,,2845000000,,,1938000000,,89.28,,,,,,,,,,,,,,,,,,,,,,true,false,6,2019-04-01,2019-09-30,-1
2020-10-28,80840,2021-03-31,,204000000000,-0.024,,,,,4000000000,0.290,4000000000,0.290,,3000000000,,138.04,,,,,,,,,,,,,,,,,,,,,,true,true,12,2020-04-01,2021-03-31,0
2020-10-28,80840,2020-03-31,,230087000000,,,,,,5559000000,,5758000000,,,3860000000,,177.77,,,,,,,,,,,,,,,,,,,,,,true,false,12,2019-04-01,2020-03-31,-1
2020-10-29,80840,2021-03-31,2,92715000000,-0.195,,,,,1228000000,-0.559,1348000000,-0.526,,1072000000,,49.35,49.08,,,,,117021000000,68176000000,0.581,3127.78,68016000000,,,,,,,,,,,,true,false,6,2020-04-01,2020-09-30,0
2020-10-29,80840,2020-03-31,2,115233000000,-0.023,,,,,2783000000,0.177,2845000000,0.216,,1938000000,,89.28,88.86,,,,,,,,,,,,,,,,,,,,,true,false,6,2019-04-01,2019-09-30,-1
2020-10-29,80840,2021-03-31,2,204000000000,-0.113,,,,,4000000000,-0.280,4000000000,-0.305,,3000000000,,138.04,,,,,,,,,,,,,,,,,,,,,,true,true,12,2020-04-01,2021-03-31,0
2020-10-29,80840,2020-03-31,2,,,,,,,,,,,,,,,,,,,,128304000000,67557000000,0.525,3104.00,67415000000,,,,,,,,,,,,true,false,12,2019-04-01,2020-03-31,-1
2020-10-29,80840,2020-03-31,2,,,,,,,,,,,,,,,,,,,,,,,,,,,,,56.00,,,,22824977,1105965,,false,false,12,2019-04-01,2020-03-31,-1
2020-10-29,80840,2021-03-31,2,,,,,,,,,,,,,,,,,,,,,,,,,,,,,28.00,,,,,,,false,false,12,2020-04-01,2021-03-31,0
2020-10-29,80840,2021-03-31,2,,,,,,,,,,,,,,,,,,,,,,,,,,,,,56.00,,,,,,,false,true,12,2020-04-01,2021-03-31,0
2020-10-29,80840,2021-03-31,2,,,,,,,,,,,,,,,,,,,,,,,,,,,,,,,,,22824977,1079141,21732444,false,false,6,2020-04-01,2020-09-30,0
2020-10-29,80840,2020-03-31,2,,,,,,,,,,,,,,,,,,,,,,,,,,,,,,,,,,,21709854,false,false,6,2019-04-01,2019-09-30,-1
2021-01-29,80840,2021-03-31,3,141037000000,-0.170,,,,,1855000000,-0.494,2045000000,-0.460,,1544000000,,71.05,70.68,,,,,120144000000,68347000000,0.568,3135.68,68186000000,,,,,,,,,,,,true,false,9,2020-04-01,2020-12-31,0
2021-01-29,80840,2020-03-31,3,169940000000,-0.044,,,,,3663000000,0.043,3785000000,0.063,,2621000000,,120.73,120.17,,,,,,,,,,,,,,,,,,,,,true,false,9,2019-04-01,2019-12-31,-1
2021-01-29,80840,2021-03-31,3,204000000000,-0.113,,,,,4000000000,-0.280,4000000000,-0.305,,3000000000,,138.01,,,,,,,,,,,,,,,,,,,,,,true,true,12,2020-04-01,2021-03-31,0
2021-01-29,80840,2020-03-31,3,,,,,,,,,,,,,,,,,,,,128304000000,67557000000,0.525,3104.00,67415000000,,,,,,,,,,,,true,false,12,2019-04-01,2020-03-31,-1
2021-01-29,80840,2020-03-31,3,,,,,,,,,,,,,,,,,,,,,,,,,,,,,56.00,,,,22824977,1105965,,false,false,12,2019-04-01,2020-03-31,-1
2021-01-29,80840,2021-03-31,3,,,,,,,,,,,,,,,,,,,,,,,,,,,,,28.00,,,,,,,false,false,12,2020-04-01,2021-03-31,0
2021-01-29,80840,2021-03-31,3,,,,,,,,,,,,,,,,,,,,,,,,,,,,,56.00,,,,,,,false,true,12,2020-04-01,2021-03-31,0
2021-01-29,80840,2021-03-31,3,,,,,,,,,,,,,,,,,,,,,,,,,,,,,,,,,22824977,1079456,21736830,false,false,9,2020-04-01,2020-12-31,0
2021-01-29,80840,2020-03-31,3,,,,,,,,,,,,,,,,,,,,,,,,,,,,,,,,,,,21713029,false,false,9,2019-04-01,2019-12-31,-1
2021-05-10,80840,2021-03-31,,196841000000,-0.144,,,,,3415000000,-0.386,3653000000,-0.366,,2343000000,,107.79,107.23,0.034,0.029,0.017,,125529000000,69919000000,0.556,3208.01,69759000000,1939000000,183000000,-1052000000,21120000000,,0.520,,,,,,true,false,12,2020-04-01,2021-03-31,0
2021-05-10,80840,2020-03-31,,230087000000,-0.043,,,,,5559000000,-0.012,5758000000,0.019,,3860000000,,177.77,176.96,0.058,0.044,0.024,,128304000000,67557000000,0.525,3104.00,67415000000,5938000000,-518000000,-2281000000,20165000000,,0.315,,,,,,true,false,12,2019-04-01,2020-03-31,-1
2021-05-10,80840,2022-03-31,,106000000000,0.143,,,,,1400000000,0.140,1500000000,0.113,,1000000000,,46.00,,,,,,,,,,,,,,,,,,,,,,true,true,6,2021-04-01,2021-09-30,1
2021-05-10,80840,2022-03-31,,220000000000,0.118,,,,,4300000000,0.259,4400000000,0.204,,3000000000,,138.00,,,,,,,,,,,,,,,,0.406,,,,,,true,true,12,2021-04-01,2022-03-31,1
2021-05-10,80840,2021-03-31,,175991000000,-0.137,,,,,2929000000,-0.407,3282000000,-0.367,2084000000,,-0.392,95.90,95.40,,,,,116996000000,62806000000,0.535,2880.89,62645000000,,,,,56.00,,,,22824977,1079636,21738988,false,false,12,2020-04-01,2021-03-31,0
2021-05-10,80840,2020-03-31,,203965000000,-0.044,,,,,4938000000,-0.024,5187000000,-0.002,3426000000,,-0.048,157.80,157.08,,,,,117302000000,61309000000,0.521,2816.32,61167000000,,,,,56.00,,,,22824977,1105965,21714533,false,false,12,2019-04-01,2020-03-31,-1
2021-05-10,80840,2022-03-31,,,,,,,,,,,,,,,,,,,,,,,,,,,,,,56.00,,,,,,,false,true,12,2021-04-01,2022-03-31,1
2021-07-30,80840,2022-03-31,1,52841000000,0.136,,,,,1143000000,0.994,1299000000,0.940,,836000000,,38.49,38.29,,,,,128307000000,70805000000,0.551,3248.74,70644000000,,,,,,,,,,,,true,false,3,2021-04-01,2021-06-30,0
2021-07-30,80840,2021-03-31,1,46525000000,-0.180,,,,,573000000,-0.418,669000000,-0.394,,432000000,,19.91,19.81,,,,,,,,,,,,,,,,,,,,,true,false,3,2020-04-01,2020-06-30,-1
2021-07-30,80840,2022-03-31,1,107000000000,0.154,,,,,2100000000,0.710,2200000000,0.632,,1500000000,,68.98,,,,,,,,,,,,,,,,,,,,,,true,true,6,2021-04-01,2021-09-30,0
2021-07-30,80840,2022-03-31,1,221000000000,0.123,,,,,5000000000,0.464,5100000000,0.396,,3500000000,,160.95,,,,,,,,,,,,,,,,,,,,,,true,true,12,2021-04-01,2022-03-31,0
2021-07-30,80840,2021-03-31,1,,,,,,,,,,,,,,,,,,,,125529000000,69919000000,0.556,3208.01,69759000000,,,,,,,,,,,,true,false,12,2020-04-01,2021-03-31,-1
2021-07-30,80840,2021-03-31,1,,,,,,,,,,,,,,,,,,,,,,,,,,,,,56.00,,,,22824977,1079636,,false,false,12,2020-04-01,2021-03-31,-1
2021-07-30,80840,2022-03-31,1,,,,,,,,,,,,,,,,,,,,,,,,,,,,,56.00,,,,,,,false,true,12,2021-04-01,2022-03-31,0
2021-07-30,80840,2022-03-31,1,,,,,,,,,,,,,,,,,,,,,,,,,,,,,,,,,22824977,1079661,21745316,false,false,3,2021-04-01,2021-06-30,0
2021-07-30,80840,2021-03-31,1,,,,,,,,,,,,,,,,,,,,,,,,,,,,,,,,,,,21719012,false,false,3,2020-04-01,2020-06-30,-1
2021-07-30,80840,2022-03-31,,107000000000,0.009,,,,,2100000000,0.500,2200000000,0.467,,1500000000,,68.98,,,,,,,,,,,,,,,,,,,,,,true,true,6,2021-04-01,2021-09-30,0
2021-07-30,80840,2021-03-31,,92715000000,,,,,,1228000000,,1348000000,,,1072000000,,49.35,,,,,,,,,,,,,,,,,,,,,,true,false,6,2020-04-01,2020-09-30,-1
2021-07-30,80840,2022-03-31,,221000000000,0.005,,,,,5000000000,0.163,5100000000,0.159,,3500000000,,160.95,,,,,,,,,,,,,,,,,,,,,,true,true,12,2021-04-01,2022-03-31,0
2021-07-30,80840,2021-03-31,,196841000000,,,,,,3415000000,,3653000000,,,2343000000,,107.79,,,,,,,,,,,,,,,,,,,,,,true,false,12,2020-04-01,2021-03-31,-1
2021-10-28,80840,2022-03-31,2,107310000000,0.157,,,,,2771000000,1.257,2834000000,1.102,,1890000000,,86.91,86.43,,,,,132010000000,72214000000,0.546,3310.00,72036000000,,,,,,,,,,,,true,false,6,2021-04-01,2021-09-30,0
2021-10-28,80840,2021-03-31,2,92715000000,-0.195,,,,,1228000000,-0.559,1348000000,-0.526,,1072000000,,49.35,49.08,,,,,,,,,,,,,,,,,,,,,true,false,6,2020-04-01,2020-09-30,-1
2021-10-28,80840,2022-03-31,2,221000000000,0.123,,,,,5000000000,0.464,5100000000,0.396,,3500000000,,160.89,,,,,,,,,,,,,,,,,,,,,,true,true,12,2021-04-01,2022-03-31,0
2021-10-28,80840,2021-03-31,2,,,,,,,,,,,,,,,,,,,,125529000000,69919000000,0.556,3208.01,69759000000,,,,,,,,,,,,true,false,12,2020-04-01,2021-03-31,-1
2021-10-28,80840,2021-03-31,2,,,,,,,,,,,,,,,,,,,,,,,,,,,,,56.00,,,,22824977,1079636,,false,false,12,2020-04-01,2021-03-31,-1
2021-10-28,80840,2022-03-31,2,,,,,,,,,,,,,,,,,,,,,,,,,,,,,28.00,,,,,,,false,false,12,2021-04-01,2022-03-31,0
2021-10-28,80840,2022-03-31,2,,,,,,,,,,,,,,,,,,,,,,,,,,,,,56.00,,,,,,,false,true,12,2021-04-01,2022-03-31,0
2021-10-28,80840,2022-03-31,2,,,,,,,,,,,,,,,,,,,,,,,,,,,,,,,,,22824977,1061761,21754274,false,false,6,2021-04-01,2021-09-30,0
2021-10-28,80840,2021-03-31,2,,,,,,,,,,,,,,,,,,,,,,,,,,,,,,,,,,,21732444,false,false,6,2020-04-01,2020-09-30,-1
2022-01-31,80840,2022-03-31,3,166006000000,0.177,,,,,4605000000,1.482,4754000000,1.325,,3225000000,,148.23,147.40,,,,,137441000000,72791000000,0.528,3336.51,72612000000,,,,,,,,,,,,true,false,9,2021-04-01,2021-12-31,0
2022-01-31,80840,2021-03-31,3,141037000000,-0.170,,,,,1855000000,-0.494,2045000000,-0.460,,1544000000,,71.05,70.68,,,,,,,,,,,,,,,,,,,,,true,false,9,2020-04-01,2020-12-31,-1
2022-01-31,80840,2022-03-31,3,227000000000,0.153,,,,,6000000000,0.756,6000000000,0.642,,4200000000,,193.04,,,,,,,,,,,,,,,,,,,,,,true,true,12,2021-04-01,2022-03-31,0
2022-01-31,80840,2021-03-31,3,,,,,,,,,,,,,,,,,,,,125529000000,69919000000,0.556,3208.01,69759000000,,,,,,,,,,,,true,false,12,2020-04-01,2021-03-31,-1
2022-01-31,80840,2021-03-31,3,,,,,,,,,,,,,,,,,,,,,,,,,,,,,56.00,,,,22824977,1079636,,false,false,12,2020-04-01,2021-03-31,-1
2022-01-31,80840,2022-03-31,3,,,,,,,,,,,,,,,,,,,,,,,,,,,,,28.00,,,,,,,false,false,12,2021-04-01,2022-03-31,0
2022-01-31,80840,2022-03-31,3,,,,,,,,,,,,,,,,,,,,,,,,,,,,,58.00,,,,,,,false,true,12,2021-04-01,2022-03-31,0
2022-01-31,80840,2022-03-31,3,,,,,,,,,,,,,,,,,,,,,,,,,,,,,,,,,22824977,1061861,21757232,false,false,9,2021-04-01,2021-12-31,0
2022-01-31,80840,2021-03-31,3,,,,,,,,,,,,,,,,,,,,,,,,,,,,,,,,,,,21736830,false,false,9,2020-04-01,2020-12-31,-1
2022-05-11,80840,2022-03-31,,229126000000,0.164,,,,,7062000000,1.067,7285000000,0.994,,5004000000,,229.99,228.70,0.069,0.055,0.031,,140970000000,74766000000,0.529,3427.24,74587000000,-7623000000,-1326000000,-883000000,11577000000,,0.252,,,,,,true,false,12,2021-04-01,2022-03-31,0
2022-05-11,80840,2021-03-31,,196841000000,-0.144,,,,,3415000000,-0.386,3653000000,-0.366,,2343000000,,107.79,107.23,0.034,0.029,0.017,,125529000000,69919000000,0.556,3208.01,69759000000,1939000000,183000000,-1052000000,21120000000,,0.520,,,,,,true,false,12,2020-04-01,2021-03-31,-1
2022-05-11,80840,2023-03-31,,117000000000,0.090,,,,,3000000000,0.082,3100000000,0.094,,2150000000,,98.81,,,,,,,,,,,,,,,,,,,,,,true,true,6,2022-04-01,2022-09-30,1
2022-05-11,80840,2023-03-31,,240000000000,0.047,,,,,7100000000,0.005,7300000000,0.002,,5100000000,,234.39,,,,,,,,,,,,,,,,0.248,,,,,,true,true,12,2022-04-01,2023-03-31,1
2022-05-11,80840,2022-03-31,,201988000000,0.148,,,,,5881000000,1.008,6175000000,0.881,4271000000,,1.049,196.30,195.20,,,,,129610000000,65923000000,0.507,3020.90,65744000000,,,,,58.00,,2.00,,22824977,1061811,21758716,false,false,12,2021-04-01,2022-03-31,0
2022-05-11,80840,2021-03-31,,175991000000,-0.137,,,,,2929000000,-0.407,3282000000,-0.367,2084000000,,-0.392,95.90,95.40,,,,,116996000000,62806000000,0.535,2880.89,62645000000,,,,,56.00,,,,22824977,1079636,21738988,false,false,12,2020-04-01,2021-03-31,-1
2022-05-11,80840,2023-03-31,,,,,,,,,,,,,,,,,,,,,,,,,,,,,,58.00,,,,,,,false,true,12,2022-04-01,2023-03-31,1
2022-07-29,80840,2023-03-31,1,60079000000,0.137,,,,,1883000000,0.647,2012000000,0.548,,1323000000,,60.81,60.43,,,,,140932000000,75991000000,0.538,3481.64,75771000000,,,,,,,,,,,,true,false,3,2022-04-01,2022-06-30,0
2022-07-29,80840,2022-03-31,1,52841000000,0.136,,,,,1143000000,0.994,1299000000,0.940,,836000000,,38.49,38.29,,,,,,,,,,,,,,,,,,,,,true,false,3,2021-04-01,2021-06-30,-1
2022-07-29,80840,2023-03-31,1,117000000000,0.090,,,,,3000000000,0.082,3100000000,0.094,,2150000000,,98.79,,,,,,,,,,,,,,,,,,,,,,true,true,6,2022-04-01,2022-09-30,0
2022-07-29,80840,2023-03-31,1,240000000000,0.047,,,,,7100000000,0.005,7300000000,0.002,,5100000000,,234.34,,,,,,,,,,,,,,,,,,,,,,true,true,12,2022-04-01,2023-03-31,0
2022-07-29,80840,2022-03-31,1,,,,,,,,,,,,,,,,,,,,140970000000,74766000000,0.529,3427.24,74587000000,,,,,,,,,,,,true,false,12,2021-04-01,2022-03-31,-1
2022-07-29,80840,2022-03-31,1,,,,,,,,,,,,,,,,,,,,,,,,,,,,,58.00,,,,22824977,1061811,,false,false,12,2021-04-01,2022-03-31,-1
2022-07-29,80840,2023-03-31,1,,,,,,,,,,,,,,,,,,,,,,,,,,,,,58.00,,,,,,,false,true,12,2022-04-01,2023-03-31,0
2022-07-29,80840,2023-03-31,1,,,,,,,,,,,,,,,,,,,,,,,,,,,,,,,2.00,,22824977,1061811,21763166,false,false,3,2022-04-01,2022-06-30,0
2022-07-29,80840,2022-03-31,1,,,,,,,,,,,,,,,,,,,,,,,,,,,,,,,,,,,21745316,false,false,3,2021-04-01,2021-06-30,-1
2022-10-28,80840,2023-03-31,,127033000000,0.086,,,,,4765000000,0.588,4714000000,0.521,,3170000000,,145.40,,,,,,,,,,,,,,,,,,,,,,true,true,6,2022-04-01,2022-09-30,0
2022-10-28,80840,2022-03-31,,107310000000,,,,,,2771000000,,2834000000,,,1890000000,,86.91,,,,,,,,,,,,,,,,,,,,,,true,false,6,2021-04-01,2021-09-30,-1
2022-10-28,80840,2023-03-31,,249000000000,0.038,,,,,7900000000,0.113,7800000000,0.069,,5300000000,,243.10,,,,,,,,,,,,,,,,,,,,,,true,true,12,2022-04-01,2023-03-31,0
2022-10-28,80840,2022-03-31,,229126000000,,,,,,7062000000,,7285000000,,,5004000000,,229.99,,,,,,,,,,,,,,,,,,,,,,true,false,12,2021-04-01,2022-03-31,-1
2022-10-28,80840,2023-03-31,,,,,,,,,,,,,,,,,,,,,,,,,,,,,,66.00,,,,,,,false,true,12,2022-04-01,2023-03-31,0
2022-10-28,80840,2022-03-31,,,,,,,,,,,,,,,,,,,,,,,,,,,,,,58.00,,,,,,,false,false,12,2021-04-01,2022-03-31,-1
2022-10-31,80840,2023-03-31,2,127033000000,0.184,,,,,4765000000,0.719,4714000000,0.663,,3170000000,,145.45,144.61,,,,,146640000000,78871000000,0.537,3606.77,78773000000,,,,,,,,,,,,true,false,6,2022-04-01,2022-09-30,0
2022-10-31,80840,2022-03-31,2,107310000000,0.157,,,,,2771000000,1.257,2834000000,1.102,,1890000000,,86.91,86.43,,,,,,,,,,,,,,,,,,,,,true,false,6,2021-04-01,2021-09-30,-1
2022-10-31,80840,2023-03-31,2,249000000000,0.087,,,,,7900000000,0.119,7800000000,0.071,,5300000000,,243.10,,,,,,,,,,,,,,,,,,,,,,true,true,12,2022-04-01,2023-03-31,0
2022-10-31,80840,2022-03-31,2,,,,,,,,,,,,,,,,,,,,140970000000,74766000000,0.529,3427.24,74587000000,,,,,,,,,,,,true,false,12,2021-04-01,2022-03-31,-1
2022-10-31,80840,2022-03-31,2,,,,,,,,,,,,,,,,,,,,,,,,,,,,,58.00,,,,22824977,1061811,,false,false,12,2021-04-01,2022-03-31,-1
2022-10-31,80840,2023-03-31,2,,,,,,,,,,,,,,,,,,,,,,,,,,,,,33.00,,,,,,,false,false,12,2022-04-01,2023-03-31,0
2022-10-31,80840,2023-03-31,2,,,,,,,,,,,,,,,,,,,,,,,,,,,,,66.00,,,,,,,false,true,12,2022-04-01,2023-03-31,0
2022-10-31,80840,2023-03-31,2,,,,,,,,,,,,,,,,,,,,,,,,,,,,,,,,,22824977,984451,21801861,false,false,6,2022-04-01,2022-09-30,0
2022-10-31,80840,2022-03-31,2,,,,,,,,,,,,,,,,,,,,,,,,,,,,,,,,,,,21754274,false,false,6,2021-04-01,2021-09-30,-1
2023-01-30,80840,2023-03-31,3,194716000000,0.173,,,,,6991000000,0.518,6826000000,0.436,,4718000000,,216.28,215.16,,,,,155989000000,80272000000,0.514,3671.22,80180000000,,,,,,,,,,,,true,false,9,2022-04-01,2022-12-31,0
2023-01-30,80840,2022-03-31,3,166006000000,0.177,,,,,4605000000,1.482,4754000000,1.325,,3225000000,,148.23,147.40,,,,,,,,,,,,,,,,,,,,,true,false,9,2021-04-01,2021-12-31,-1
2023-01-30,80840,2023-03-31,3,249000000000,0.087,,,,,7900000000,0.119,7800000000,0.071,,5300000000,,242.96,,,,,,,,,,,,,,,,,,,,,,true,true,12,2022-04-01,2023-03-31,0
2023-01-30,80840,2022-03-31,3,,,,,,,,,,,,,,,,,,,,140970000000,74766000000,0.529,3427.24,74587000000,,,,,,,,,,,,true,false,12,2021-04-01,2022-03-31,-1
2023-01-30,80840,2022-03-31,3,,,,,,,,,,,,,,,,,,,,,,,,,,,,,58.00,,,,22824977,1061811,,false,false,12,2021-04-01,2022-03-31,-1
2023-01-30,80840,2023-03-31,3,,,,,,,,,,,,,,,,,,,,,,,,,,,,,33.00,,,,,,,false,false,12,2022-04-01,2023-03-31,0
2023-01-30,80840,2023-03-31,3,,,,,,,,,,,,,,,,,,,,,,,,,,,,,66.00,,,,,,,false,true,12,2022-04-01,2023-03-31,0
2023-01-30,80840,2023-03-31,3,,,,,,,,,,,,,,,,,,,,,,,,,,,,,,,2.00,,22824977,984754,21814704,false,false,9,2022-04-01,2022-12-31,0
2023-01-30,80840,2022-03-31,3,,,,,,,,,,,,,,,,,,,,,,,,,,,,,,,,,,,21757232,false,false,9,2021-04-01,2021-12-31,-1
2023-05-10,80840,2023-03-31,,260303000000,0.136,,,,,9380000000,0.328,9077000000,0.246,,5366000000,,245.93,244.73,0.070,0.062,0.036,,151049000000,79898000000,0.528,3652.29,79766000000,-199000000,-1251000000,-115000000,11091000000,,0.301,,,,,,true,false,12,2022-04-01,2023-03-31,0
2023-05-10,80840,2022-03-31,,229126000000,0.164,,,,,7062000000,1.067,7285000000,0.994,,5004000000,,229.99,228.70,0.069,0.055,0.031,,140970000000,74766000000,0.529,3427.24,74587000000,-7623000000,-1326000000,-883000000,11577000000,,0.252,,,,,,true,false,12,2021-04-01,2022-03-31,-1
2023-05-10,80840,2024-03-31,,128000000000,0.008,,,,,3400000000,-0.286,3400000000,-0.279,,2200000000,,100.82,,,,,,,,,,,,,,,,,,,,,,true,true,6,2023-04-01,2023-09-30,1
2023-05-10,80840,2024-03-31,,263000000000,0.010,,,,,7000000000,-0.254,7000000000,-0.229,,4800000000,,219.97,,,,,,,,,,,,,,,,0.364,,,,,,true,true,12,2023-04-01,2024-03-31,1
2023-05-10,80840,2023-03-31,,233010000000,0.154,,,,,8310000000,0.413,8512000000,0.378,5002000000,,0.171,229.23,228.11,,,,,136011000000,69902000000,0.513,3194.71,69772000000,,,,,74.00,,2.00,,22824977,984827,21821072,false,false,12,2022-04-01,2023-03-31,0
2023-05-10,80840,2022-03-31,,201988000000,0.148,,,,,5881000000,1.008,6175000000,0.881,4271000000,,1.049,196.30,195.20,,,,,129610000000,65923000000,0.507,3020.90,65744000000,,,,,58.00,,,,22824977,1061811,21758716,false,false,12,2021-04-01,2022-03-31,-1
2023-05-10,80840,2024-03-31,,,,,,,,,,,,,,,,,,,,,,,,,,,,,,80.00,,,,,,,false,true,12,2023-04-01,2024-03-31,1
,80840,2023-03-31,,,,,,,,,,,,,,,,,,,,,,,,,,,,,,74.00,,,,,,,false,true,12,2022-04-01,2023-03-31,0
,80840,2023-03-31,,,,,,,,,,,,,,,,,,,,,,,,,,,,,,33.00,,,,,,,false,false,12,2022-04-01,2023-03-31,0
,80840,2022-03-31,,,,,,,,,,,,,,,,,,,,,,,,,,,,,,58.00,,,,,,,false,false,12,2021-04-01,2022-03-31,-1
2023-07-28,80840,2024-03-31,1,63497000000,0.057,,,,,1764000000,-0.063,1763000000,-0.123,,1089000000,,49.90,49.68,,,,,153634000000,80643000000,0.524,3684.60,80471000000,,,,,,,,,,,,true,false,3,2023-04-01,2023-06-30,0
2023-07-28,80840,2023-03-31,1,60079000000,0.137,,,,,1883000000,0.647,2012000000,0.548,,1323000000,,60.81,60.43,,,,,,,,,,,,,,,,,,,,,true,false,3,2022-04-01,2022-06-30,-1
2023-07-28,80840,2024-03-31,1,128000000000,0.008,,,,,3400000000,-0.286,3400000000,-0.279,,2200000000,,100.73,,,,,,,,,,,,,,,,,,,,,,true,true,6,2023-04-01,2023-09-30,0
2023-07-28,80840,2024-03-31,1,263000000000,0.010,,,,,7000000000,-0.254,7000000000,-0.229,,4800000000,,219.78,,,,,,,,,,,,,,,,,,,,,,true,true,12,2023-04-01,2024-03-31,0
2023-07-28,80840,2023-03-31,1,,,,,,,,,,,,,,,,,,,,151049000000,79898000000,0.528,3652.29,79766000000,,,,,,,,,,,,true,false,12,2022-04-01,2023-03-31,-1
2023-07-28,80840,2023-03-31,1,,,,,,,,,,,,,,,,,,,,,,,,,,,,,74.00,,,,22824977,984827,,false,false,12,2022-04-01,2023-03-31,-1
2023-07-28,80840,2024-03-31,1,,,,,,,,,,,,,,,,,,,,,,,,,,,,,80.00,,,,,,,false,true,12,2023-04-01,2024-03-31,0
2023-07-28,80840,2024-03-31,1,,,,,,,,,,,,,,,,,,,,,,,,,,,,,,,,,22824977,985114,21839914,false,false,3,2023-04-01,2023-06-30,0
2023-07-28,80840,2023-03-31,1,,,,,,,,,,,,,,,,,,,,,,,,,,,,,,,,,,,21763166,false,false,3,2022-04-01,2022-06-30,-1
2023-10-30,80840,2024-03-31,2,129843000000,0.022,,,,,4236000000,-0.111,4313000000,-0.085,,2900000000,,132.76,132.17,,,,,165742000000,83253000000,0.501,3801.67,83117000000,,,,,,,,,,,,true,false,6,2023-04-01,2023-09-30,0
2023-10-30,80840,2023-03-31,2,127033000000,0.184,,,,,4765000000,0.719,4714000000,0.663,,3170000000,,145.45,144.61,,,,,,,,,,,,,,,,,,,,,true,false,6,2022-04-01,2022-09-30,-1
2023-10-30,80840,2024-03-31,2,263000000000,0.010,,,,,7300000000,-0.222,7300000000,-0.196,,5000000000,,228.81,,,,,,,,,,,,,,,,,,,,,,true,true,12,2023-04-01,2024-03-31,0
2023-10-30,80840,2023-03-31,2,,,,,,,,,,,,,,,,,,,,151049000000,79898000000,0.528,3652.29,79766000000,,,,,,,,,,,,true,false,12,2022-04-01,2023-03-31,-1
2023-10-30,80840,2023-03-31,2,,,,,,,,,,,,,,,,,,,,,,,,,,,,,74.00,,,,22824977,984827,,false,false,12,2022-04-01,2023-03-31,-1
2023-10-30,80840,2024-03-31,2,,,,,,,,,,,,,,,,,,,,,,,,,,,,,46.00,,,,,,,false,false,12,2023-04-01,2024-03-31,0
2023-10-30,80840,2024-03-31,2,,,,,,,,,,,,,,,,,,,,,,,,,,,,,92.00,,,,,,,false,true,12,2023-04-01,2024-03-31,0
2023-10-30,80840,2024-03-31,2,,,,,,,,,,,,,,,,,,,,,,,,,,,,,,,,,22824977,961411,21851782,false,false,6,2023-04-01,2023-09-30,0
2023-10-30,80840,2023-03-31,2,,,,,,,,,,,,,,,,,,,,,,,,,,,,,,,,,,,21801861,false,false,6,2022-04-01,2022-09-30,-1
2024-01-30,80840,2024-03-31,3,196907000000,0.011,,,,,6274000000,-0.103,6301000000,-0.077,,4323000000,,197.81,196.97,,,,,164929000000,84079000000,0.509,3839.11,83936000000,,,,,,,,,,,,true,false,9,2023-04-01,2023-12-31,0
2024-01-30,80840,2023-03-31,3,194716000000,0.173,,,,,6991000000,0.518,6826000000,0.436,,4718000000,,216.28,215.16,,,,,,,,,,,,,,,,,,,,,true,false,9,2022-04-01,2022-12-31,-1
2024-01-30,80840,2024-03-31,3,263000000000,0.010,,,,,7300000000,-0.222,7300000000,-0.196,,5000000000,,228.77,,,,,,,,,,,,,,,,,,,,,,true,true,12,2023-04-01,2024-03-31,0
2024-01-30,80840,2023-03-31,3,,,,,,,,,,,,,,,,,,,,151049000000,79898000000,0.528,3652.29,79766000000,,,,,,,,,,,,true,false,12,2022-04-01,2023-03-31,-1
2024-01-30,80840,2023-03-31,3,,,,,,,,,,,,,,,,,,,,,,,,,,,,,74.00,,,,22824977,984827,,false,false,12,2022-04-01,2023-03-31,-1
2024-01-30,80840,2024-03-31,3,,,,,,,,,,,,,,,,,,,,,,,,,,,,,46.00,,,,,,,false,false,12,2023-04-01,2024-03-31,0
2024-01-30,80840,2024-03-31,3,,,,,,,,,,,,,,,,,,,,,,,,,,,,,92.00,,,,,,,false,true,12,2023-04-01,2024-03-31,0
2024-01-30,80840,2024-03-31,3,,,,,,,,,,,,,,,,,,,,,,,,,,,,,,,,,22824977,961461,21855704,false,false,9,2023-04-01,2023-12-31,0
2024-01-30,80840,2023-03-31,3,,,,,,,,,,,,,,,,,,,,,,,,,,,,,,,,,,,21814704,false,false,9,2022-04-01,2022-12-31,-1
2024-05-10,80840,2024-03-31,,259008000000,-0.005,,,,,8326000000,-0.112,8236000000,-0.093,,5736000000,,262.43,261.33,0.069,0.054,0.032,,156027000000,87083000000,0.557,3976.49,86939000000,9942000000,-710000000,-2283000000,18422000000,,0.404,,,,,,true,false,12,2023-04-01,2024-03-31,0
2024-05-10,80840,2023-03-31,,260303000000,0.136,,,,,9380000000,0.328,9077000000,0.246,,5366000000,,245.93,244.73,0.070,0.062,0.036,,151049000000,79898000000,0.528,3652.29,79766000000,-199000000,-1251000000,-115000000,11091000000,,0.301,,,,,,true,false,12,2022-04-01,2023-03-31,-1
2024-05-10,80840,2025-03-31,,104000000000,-0.199,,,,,2800000000,-0.339,3000000000,-0.305,,2100000000,,96.08,,,,,,,,,,,,,,,,,,,,,,true,true,6,2024-04-01,2024-09-30,1
2024-05-10,80840,2025-03-31,,219000000000,-0.154,,,,,7200000000,-0.135,7300000000,-0.114,,5300000000,,242.48,,,,,,,,,,,,,,,,,,,,,,true,true,12,2024-04-01,2025-03-31,1
2024-05-10,80840,2024-03-31,,227628000000,-0.023,,,,,7027000000,-0.154,7090000000,-0.167,4815000000,,-0.037,220.30,219.38,,,,,139525000000,73642000000,0.527,3362.09,73506000000,,,,,106.00,,,,22824977,961549,21857635,false,false,12,2023-04-01,2024-03-31,0
2024-05-10,80840,2023-03-31,,233010000000,0.154,,,,,8310000000,0.413,8512000000,0.378,5002000000,,0.171,229.23,228.11,,,,,136011000000,69902000000,0.513,3194.71,69772000000,,,,,74.00,,,,22824977,984827,21821072,false,false,12,2022-04-01,2023-03-31,-1
2024-05-10,80840,2025-03-31,,,,,,,,,,,,,,,,,,,,,,,,,,,,,,106.00,,,,,,,false,true,12,2024-04-01,2025-03-31,1
2024-07-31,80840,2025-03-31,1,55160000000,-0.131,,,,,1012000000,-0.426,1262000000,-0.284,,862000000,,39.47,39.30,,,,,147888000000,87527000000,0.591,3994.58,87334000000,,,,,,,,,,,,true,false,3,2024-04-01,2024-06-30,0
2024-07-31,80840,2024-03-31,1,63497000000,0.057,,,,,1764000000,-0.063,1763000000,-0.123,,1089000000,,49.90,49.68,,,,,,,,,,,,,,,,,,,,,true,false,3,2023-04-01,2023-06-30,-1
2024-07-31,80840,2025-03-31,1,104000000000,-0.199,,,,,2800000000,-0.339,3000000000,-0.305,,2100000000,,96.05,,,,,,,,,,,,,,,,,,,,,,true,true,6,2024-04-01,2024-09-30,0
2024-07-31,80840,2025-03-31,1,219000000000,-0.154,,,,,7200000000,-0.135,7300000000,-0.114,,5300000000,,242.41,,,,,,,,,,,,,,,,,,,,,,true,true,12,2024-04-01,2025-03-31,0
2024-07-31,80840,2024-03-31,1,,,,,,,,,,,,,,,,,,,,156027000000,87083000000,0.557,3976.49,86939000000,,,,,,,,,,,,true,false,12,2023-04-01,2024-03-31,-1
2024-07-31,80840,2024-03-31,1,,,,,,,,,,,,,,,,,,,,,,,,,,,,,106.00,,,,22824977,961549,,false,false,12,2023-04-01,2024-03-31,-1
2024-07-31,80840,2025-03-31,1,,,,,,,,,,,,,,,,,,,,,,,,,,,,,106.00,,,,,,,false,true,12,2024-04-01,2025-03-31,0
2024-07-31,80840,2025-03-31,1,,,,,,,,,,,,,,,,,,,,,,,,,,,,,,,,,22824977,961634,21863366,false,false,3,2024-04-01,2024-06-30,0
2024-07-31,80840,2024-03-31,1,,,,,,,,,,,,,,,,,,,,,,,,,,,,,,,,,,,21839914,false,false,3,2023-04-01,2023-06-30,-1
2024-10-31,80840,2025-03-31,2,109625000000,-0.156,,,,,2435000000,-0.425,2730000000,-0.367,,1936000000,,88.44,88.09,,,,,143856000000,89210000000,0.619,4060.61,89084000000,,,,,,,,,,,,true,false,6,2024-04-01,2024-09-30,0
2024-10-31,80840,2024-03-31,2,129843000000,0.022,,,,,4236000000,-0.111,4313000000,-0.085,,2900000000,,132.76,132.17,,,,,,,,,,,,,,,,,,,,,true,false,6,2023-04-01,2023-09-30,-1
2024-10-31,80840,2025-03-31,2,218000000000,-0.158,,,,,5500000000,-0.339,5800000000,-0.296,,4300000000,,196.34,,,,,,,,,,,,,,,,,,,,,,true,true,12,2024-04-01,2025-03-31,0
2024-10-31,80840,2024-03-31,2,,,,,,,,,,,,,,,,,,,,156027000000,87083000000,0.557,3976.49,86939000000,,,,,,,,,,,,true,false,12,2023-04-01,2024-03-31,-1
2024-10-31,80840,2024-03-31,2,,,,,,,,,,,,,,,,,,,,,,,,,,,,,106.00,,,,22824977,961549,,false,false,12,2023-04-01,2024-03-31,-1
2024-10-31,80840,2025-03-31,2,,,,,,,,,,,,,,,,,,,,,,,,,,,,,53.00,,,,,,,false,false,12,2024-04-01,2025-03-31,0
2024-10-31,80840,2025-03-31,2,,,,,,,,,,,,,,,,,,,,,,,,,,,,,106.00,,,,,,,false,true,12,2024-04-01,2025-03-31,0
2024-10-31,80840,2025-03-31,2,,,,,,,,,,,,,,,,,,,,,,,,,,,,,,,,,22824977,886409,21901008,false,false,6,2024-04-01,2024-09-30,0
2024-10-31,80840,2024-03-31,2,,,,,,,,,,,,,,,,,,,,,,,,,,,,,,,,,,,21851782,false,false,6,2023-04-01,2023-09-30,-1
2025-01-31,80840,2025-03-31,3,158833000000,-0.193,,,,,3488000000,-0.444,3831000000,-0.392,,2846000000,,129.92,129.44,,,,,142648000000,87358000000,0.611,3976.14,87229000000,,,,,,,,,,,,true,false,9,2024-04-01,2024-12-31,0
2025-01-31,80840,2024-03-31,3,196907000000,0.011,,,,,6274000000,-0.103,6301000000,-0.077,,4323000000,,197.81,196.97,,,,,,,,,,,,,,,,,,,,,true,false,9,2023-04-01,2023-12-31,-1
2025-01-31,80840,2025-03-31,3,218000000000,-0.158,,,,,5500000000,-0.339,5800000000,-0.296,,4300000000,,196.23,,,,,,,,,,,,,,,,,,,,,,true,true,12,2024-04-01,2025-03-31,0
2025-01-31,80840,2024-03-31,3,,,,,,,,,,,,,,,,,,,,156027000000,87083000000,0.557,3976.49,86939000000,,,,,,,,,,,,true,false,12,2023-04-01,2024-03-31,-1
2025-01-31,80840,2024-03-31,3,,,,,,,,,,,,,,,,,,,,,,,,,,,,,106.00,,,,22824977,961549,,false,false,12,2023-04-01,2024-03-31,-1
2025-01-31,80840,2025-03-31,3,,,,,,,,,,,,,,,,,,,,,,,,,,,,,53.00,,,,,,,false,false,12,2024-04-01,2025-03-31,0
2025-01-31,80840,2025-03-31,3,,,,,,,,,,,,,,,,,,,,,,,,,,,,,106.00,,,,,,,false,true,12,2024-04-01,2025-03-31,0
2025-01-31,80840,2025-03-31,3,,,,,,,,,,,,,,,,,,,,,,,,,,,,,,,,,22824977,886690,21913487,false,false,9,2024-04-01,2024-12-31,0
2025-01-31,80840,2024-03-31,3,,,,,,,,,,,,,,,,,,,,,,,,,,,,,,,,,,,21855704,false,false,9,2023-04-01,2023-12-31,-1
2025-05-09,80840,2025-03-31,,215790000000,-0.167,,,,,5483000000,-0.341,6010000000,-0.270,,4700000000,,214.80,214.04,0.053,0.040,0.025,,141995000000,89213000000,0.627,4141.24,89086000000,18453000000,-15000000,-4202000000,33305000000,,0.493,,,,,,true,false,12,2024-04-01,2025-03-31,0
2025-05-09,80840,2024-03-31,,259008000000,-0.005,,,,,8326000000,-0.112,8236000000,-0.093,,5736000000,,262.43,261.33,0.069,0.054,0.032,,156027000000,87083000000,0.557,3976.49,86939000000,9942000000,-710000000,-2283000000,18422000000,,0.404,,,,,,true,false,12,2023-04-01,2024-03-31,-1
2025-05-09,80840,2026-03-31,,102900000000,-0.061,,,,,1800000000,-0.261,1900000000,-0.304,,1100000000,,50.26,,,,,,,,,,,,,,,,,,,,,,true,true,6,2025-04-01,2025-09-30,1
2025-05-09,80840,2026-03-31,,221900000000,0.028,,,,,5500000000,0.003,5600000000,-0.068,,4800000000,,219.34,,,,,,,,,,,,,,,,0.610,,,,,,true,true,12,2025-04-01,2026-03-31,1
2025-05-09,80840,2025-03-31,,179588000000,-0.211,,,,,4172000000,-0.406,4989000000,-0.296,4092000000,,-0.150,187.01,186.35,,,,,121370000000,73936000000,0.608,3431.56,73819000000,,,,,106.00,,,,21612037,100078,21884152,false,false,12,2024-04-01,2025-03-31,0
2025-05-09,80840,2024-03-31,,227628000000,-0.023,,,,,7027000000,-0.154,7090000000,-0.167,4815000000,,-0.037,220.30,219.38,,,,,139525000000,73642000000,0.527,3362.09,73506000000,,,,,106.00,,,,22824977,961549,21857635,false,false,12,2023-04-01,2024-03-31,-1
2025-05-09,80840,2026-03-31,,,,,,,,,,,,,,,,,,,,,,,,,,,,,,136.00,,,,,,,false,true,12,2025-04-01,2026-03-31,1
2025-07-31,80840,2026-03-31,1,49422000000,-0.104,,,,,877000000,-0.134,996000000,-0.211,,1004000000,,46.72,46.57,,,,,141597000000,88015000000,0.621,4085.57,87888000000,,,,,,,,,,,,true,false,3,2025-04-01,2025-06-30,0
2025-07-31,80840,2025-03-31,1,55160000000,-0.131,,,,,1012000000,-0.426,1262000000,-0.284,,862000000,,39.47,39.30,,,,,,,,,,,,,,,,,,,,,true,false,3,2024-04-01,2024-06-30,-1
2025-07-31,80840,2026-03-31,1,102900000000,-0.061,,,,,1800000000,-0.261,1900000000,-0.304,,1100000000,,51.13,,,,,,,,,,,,,,,,,,,,,,true,true,6,2025-04-01,2025-09-30,0
2025-07-31,80840,2026-03-31,1,221900000000,0.028,,,,,5500000000,0.003,5600000000,-0.068,,4800000000,,223.13,,,,,,,,,,,,,,,,,,,,,,true,true,12,2025-04-01,2026-03-31,0
2025-07-31,80840,2025-03-31,1,,,,,,,,,,,,,,,,,,,,141995000000,89213000000,0.627,4141.24,89086000000,,,,,,,,,,,,true,false,12,2024-04-01,2025-03-31,-1
2025-07-31,80840,2025-03-31,1,,,,,,,,,,,,,,,,,,,,,,,,,,,,,106.00,,,,21612037,100078,,false,false,12,2024-04-01,2025-03-31,-1
2025-07-31,80840,2026-03-31,1,,,,,,,,,,,,,,,,,,,,,,,,,,,,,136.00,,,,,,,false,true,12,2025-04-01,2026-03-31,0
2025-07-31,80840,2026-03-31,1,,,,,,,,,,,,,,,,,,,,,,,,,,,,,,,,,21612037,100169,21511892,false,false,3,2025-04-01,2025-06-30,0
2025-07-31,80840,2025-03-31,1,,,,,,,,,,,,,,,,,,,,,,,,,,,,,,,,,,,21863366,false,false,3,2024-04-01,2024-06-30,-1
