filing_date,code,fiscal_year_end,quarterly_period,net_sales,net_sales_change,revenue,revenue_change,operating_revenue,operating_revenue_change,operating_profit,operating_profit_change,ordinary_profit,ordinary_profit_change,net_income,net_income_of_parent,net_income_change,eps,diluted_eps,roe,roa,operating_profit_to_net_sales,operating_profit_to_revenue,total_assets,net_assets,equity_ratio,bps,owner_equity,operating_cash_flow,investing_cash_flow,financing_cash_flow,cash,dividend_per_share,payout_ratio,commemorative_dividend,extra_dividend,number_of_shares,number_of_treqsury_shares,avg_number_of_shares,is_consolidated,is_forecast,duration,period_start,period_end,period_pos
2015-05-11,81320,2015-03-31,,281375000000,-0.093,,,,,1703000000,0.009,2629000000,0.046,1423000000,,1.241,22.21,,0.031,0.028,0.006,,89322000000,47075000000,0.527,733.66,47065000000,3775000000,-2043000000,-52000000,21974000000,,0.675,,,,,,true,false,12,2014-04-01,2015-03-31,0
2015-05-11,81320,2014-03-31,,310102000000,0.132,,,,,1688000000,-0.281,2513000000,-0.164,635000000,,-0.444,9.94,,0.014,0.028,0.005,,95870000000,45880000000,0.478,716.25,45827000000,4076000000,-2764000000,1808000000,20310000000,,1.509,,,,,,true,false,12,2013-04-01,2014-03-31,-1
2015-05-11,81320,2016-03-31,,300000000000,0.066,,,,,3100000000,0.820,3700000000,0.407,,2200000000,,34.29,,,,,,,,,,,,,,,,0.437,,,,,,true,true,12,2015-04-01,2016-03-31,1
2015-05-11,81320,2015-03-31,,254694000000,-0.105,,,,,-296000000,,1008000000,-0.427,487000000,,-0.034,7.60,,,,,,75229000000,40219000000,0.535,626.94,40219000000,,,,,15.00,,,,75752958,11601972,64082250,false,false,12,2014-04-01,2015-03-31,0
2015-05-11,81320,2014-03-31,,284621000000,0.126,,,,,540000000,-0.433,1760000000,0.030,504000000,,-0.368,7.89,,,,,,83171000000,39929000000,0.480,624.07,39929000000,,,,,15.00,,,,75752958,11770934,63885898,false,false,12,2013-04-01,2014-03-31,-1
2015-05-11,81320,2016-03-31,,,,,,,,,,,,,,,,,,,,,,,,,,,,,,15.00,,,,,,,false,true,12,2015-04-01,2016-03-31,1
2015-07-31,81320,2016-03-31,1,49509000000,-0.217,,,,,1546000000,6.124,1694000000,3.299,,836000000,,13.03,,,,,,80794000000,47397000000,0.587,,47386000000,,,,,,,,,,,,true,false,3,2015-04-01,2015-06-30,0
2015-07-31,81320,2015-03-31,1,63208000000,0.120,,,,,217000000,-0.418,394000000,-0.376,,44000000,,0.69,,,,,,,,,,,,,,,,,,,,,,true,false,3,2014-04-01,2014-06-30,-1
2015-07-31,81320,2016-03-31,1,300000000000,0.066,,,,,3100000000,0.820,3700000000,0.407,,2200000000,,34.29,,,,,,,,,,,,,,,,,,,,,,true,true,12,2015-04-01,2016-03-31,0
2015-07-31,81320,2015-03-31,1,,,,,,,,,,,,,,,,,,,,89322000000,47075000000,0.527,,47065000000,,,,,,,,,,,,true,false,12,2014-04-01,2015-03-31,-1
2015-07-31,81320,2015-03-31,1,,,,,,,,,,,,,,,,,,,,,,,,,,,,,15.00,,,,75752958,11601972,,false,false,12,2014-04-01,2015-03-31,-1
2015-07-31,81320,2016-03-31,1,,,,,,,,,,,,,,,,,,,,,,,,,,,,,15.00,,,,,,,false,true,12,2015-04-01,2016-03-31,0
2015-07-31,81320,2016-03-31,1,,,,,,,,,,,,,,,,,,,,,,,,,,,,,,,,,75752958,11565558,64166743,false,false,3,2015-04-01,2015-06-30,0
2015-07-31,81320,2015-03-31,1,,,,,,,,,,,,,,,,,,,,,,,,,,,,,,,,,,,64006166,false,false,3,2014-04-01,2014-06-30,-1
2015-10-29,81320,2016-03-31,2,92372000000,-0.243,,,,,1473000000,,1677000000,,,756000000,,11.78,,,,,,72698000000,46512000000,0.640,,46500000000,,,,,,,,,,,,true,false,6,2015-04-01,2015-09-30,0
2015-10-29,81320,2015-03-31,2,122063000000,0.109,,,,,-338000000,,-41000000,,,-369000000,,-5.76,,,,,,,,,,,,,,,,,,,,,,true,false,6,2014-04-01,2014-09-30,-1
2015-10-29,81320,2016-03-31,2,300000000000,0.066,,,,,3100000000,0.820,3700000000,0.407,,2200000000,,34.29,,,,,,,,,,,,,,,,,,,,,,true,true,12,2015-04-01,2016-03-31,0
2015-10-29,81320,2015-03-31,2,,,,,,,,,,,,,,,,,,,,89322000000,47075000000,0.527,,47065000000,,,,,,,,,,,,true,false,12,2014-04-01,2015-03-31,-1
2015-10-29,81320,2015-03-31,2,,,,,,,,,,,,,,,,,,,,,,,,,,,,,15.00,,,,75752958,11601972,,false,false,12,2014-04-01,2015-03-31,-1
2015-10-29,81320,2016-03-31,2,,,,,,,,,,,,,,,,,,,,,,,,,,,,,15.00,,,,,,,false,true,12,2015-04-01,2016-03-31,0
2015-10-29,81320,2016-03-31,2,,,,,,,,,,,,,,,,,,,,,,,,,,,,,,,,,75752958,11516168,64193314,false,false,6,2015-04-01,2015-09-30,0
2015-10-29,81320,2015-03-31,2,,,,,,,,,,,,,,,,,,,,,,,,,,,,,,,,,,,64031963,false,false,6,2014-04-01,2014-09-30,-1
2016-01-29,81320,2016-03-31,3,150957000000,-0.262,,,,,1883000000,,2286000000,3.119,,981000000,,15.28,,,,,,86361000000,46993000000,0.544,,46981000000,,,,,,,,,,,,true,false,9,2015-04-01,2015-12-31,0
2016-01-29,81320,2015-03-31,3,204682000000,0.030,,,,,-144000000,,555000000,1.668,,137000000,,2.14,,,,,,,,,,,,,,,,,,,,,,true,false,9,2014-04-01,2014-12-31,-1
2016-01-29,81320,2016-03-31,3,300000000000,0.066,,,,,3100000000,0.820,3700000000,0.407,,2200000000,,34.29,,,,,,,,,,,,,,,,,,,,,,true,true,12,2015-04-01,2016-03-31,0
2016-01-29,81320,2015-03-31,3,,,,,,,,,,,,,,,,,,,,89322000000,47075000000,0.527,,47065000000,,,,,,,,,,,,true,false,12,2014-04-01,2015-03-31,-1
2016-01-29,81320,2015-03-31,3,,,,,,,,,,,,,,,,,,,,,,,,,,,,,15.00,,,,75752958,11601972,,false,false,12,2014-04-01,2015-03-31,-1
2016-01-29,81320,2016-03-31,3,,,,,,,,,,,,,,,,,,,,,,,,,,,,,15.00,,,,,,,false,true,12,2015-04-01,2016-03-31,0
2016-01-29,81320,2016-03-31,3,,,,,,,,,,,,,,,,,,,,,,,,,,,,,,,,,75752958,11485853,64213192,false,false,9,2015-04-01,2015-12-31,0
2016-01-29,81320,2015-03-31,3,,,,,,,,,,,,,,,,,,,,,,,,,,,,,,,,,,,64062220,false,false,9,2014-04-01,2014-12-31,-1
2016-04-28,81320,2016-03-31,,209000000000,-0.303,,,,,3450000000,0.113,4290000000,0.159,,1870000000,,29.11,,,,,,,,,,,,,,,,,,,,,,true,true,12,2015-04-01,2016-03-31,0
2016-04-28,81320,2015-03-31,,281375000000,,,,,,1703000000,,2629000000,,,1423000000,,22.21,,,,,,,,,,,,,,,,,,,,,,true,false,12,2014-04-01,2015-03-31,-1
2016-05-11,81320,2016-03-31,,209112000000,-0.257,,,,,3504000000,1.057,4274000000,0.626,,2219000000,,34.56,,0.047,0.047,0.017,,92985000000,48173000000,0.518,749.08,48161000000,3356000000,-4020000000,-997000000,20059000000,,0.434,,,,,,true,false,12,2015-04-01,2016-03-31,0
2016-05-11,81320,2015-03-31,,281375000000,-0.093,,,,,1703000000,0.009,2629000000,0.046,,1423000000,,22.21,,0.031,0.028,0.006,,89322000000,47075000000,0.527,733.66,47065000000,3775000000,-2043000000,-52000000,21974000000,,0.675,,,,,,true,false,12,2014-04-01,2015-03-31,-1
2016-05-11,81320,2017-03-31,,250000000000,0.196,,,,,3100000000,-0.115,3900000000,-0.088,,2200000000,,34.22,,,,,,,,,,,,,,,,0.438,,,,,,true,true,12,2016-04-01,2017-03-31,1
2016-05-11,81320,2016-03-31,,64892000000,-0.745,,,,,-1411000000,,169000000,-0.832,-643000000,,,-10.02,,,,,,35178000000,19117000000,0.543,297.35,19117000000,,,,,15.00,,,,75752958,11458542,64229418,false,false,12,2015-04-01,2016-03-31,0
2016-05-11,81320,2015-03-31,,254694000000,-0.105,,,,,-296000000,,1008000000,-0.427,487000000,,-0.034,7.60,,,,,,75229000000,40219000000,0.535,626.94,40219000000,,,,,15.00,,,,75752958,11601972,64082250,false,false,12,2014-04-01,2015-03-31,-1
2016-05-11,81320,2017-03-31,,,,,,,,,,,,,,,,,,,,,,,,,,,,,,15.00,,,,,,,false,true,12,2016-04-01,2017-03-31,1
2016-07-29,81320,2017-03-31,1,41647000000,-0.159,,,,,541000000,-0.650,434000000,-0.743,,283000000,,4.40,,,,,,79273000000,47201000000,0.595,,47188000000,,,,,,,,,,,,true,false,3,2016-04-01,2016-06-30,0
2016-07-29,81320,2016-03-31,1,49509000000,-0.217,,,,,1546000000,6.124,1694000000,3.299,,836000000,,13.03,,,,,,,,,,,,,,,,,,,,,,true,false,3,2015-04-01,2015-06-30,-1
2016-07-29,81320,2017-03-31,1,250000000000,0.196,,,,,3100000000,-0.115,3900000000,-0.088,,2200000000,,171.09,,,,,,,,,,,,,,,,,,,,,,true,true,12,2016-04-01,2017-03-31,0
2016-07-29,81320,2016-03-31,1,,,,,,,,,,,,,,,,,,,,92985000000,48173000000,0.518,,48161000000,,,,,,,,,,,,true,false,12,2015-04-01,2016-03-31,-1
2016-07-29,81320,2016-03-31,1,,,,,,,,,,,,,,,,,,,,,,,,,,,,,15.00,,,,75752958,11458542,,false,false,12,2015-04-01,2016-03-31,-1
2016-07-29,81320,2017-03-31,1,,,,,,,,,,,,,,,,,,,,,,,,,,,,,75.00,,,,,,,false,true,12,2016-04-01,2017-03-31,0
2016-07-29,81320,2017-03-31,1,,,,,,,,,,,,,,,,,,,,,,,,,,,,,,,,,75752958,11425222,64303940,false,false,3,2016-04-01,2016-06-30,0
2016-07-29,81320,2016-03-31,1,,,,,,,,,,,,,,,,,,,,,,,,,,,,,,,,,,,64166743,false,false,3,2015-04-01,2015-06-30,-1
2016-10-31,81320,2017-03-31,2,79934000000,-0.135,,,,,137000000,-0.907,278000000,-0.834,,399000000,,31.07,,,,,,79005000000,47246000000,0.598,,47233000000,,,,,,,,,,,,true,false,6,2016-04-01,2016-09-30,0
2016-10-31,81320,2016-03-31,2,92372000000,-0.243,,,,,1473000000,,1677000000,,,756000000,,58.88,,,,,,,,,,,,,,,,,,,,,,true,false,6,2015-04-01,2015-09-30,-1
2016-10-31,81320,2017-03-31,2,250000000000,0.196,,,,,3100000000,-0.115,3900000000,-0.088,,2200000000,,171.09,,,,,,,,,,,,,,,,,,,,,,true,true,12,2016-04-01,2017-03-31,0
2016-10-31,81320,2016-03-31,2,,,,,,,,,,,,,,,,,,,,92985000000,48173000000,0.518,,48161000000,,,,,,,,,,,,true,false,12,2015-04-01,2016-03-31,-1
2016-10-31,81320,2016-03-31,2,,,,,,,,,,,,,,,,,,,,,,,,,,,,,15.00,,,,15150591,2291708,,false,false,12,2015-04-01,2016-03-31,-1
2016-10-31,81320,2017-03-31,2,,,,,,,,,,,,,,,,,,,,,,,,,,,,,75.00,,,,,,,false,true,12,2016-04-01,2017-03-31,0
2016-10-31,81320,2017-03-31,2,,,,,,,,,,,,,,,,,,,,,,,,,,,,,,,,,15150591,2273433,12867116,false,false,6,2016-04-01,2016-09-30,0
2016-10-31,81320,2016-03-31,2,,,,,,,,,,,,,,,,,,,,,,,,,,,,,,,,,,,12838663,false,false,6,2015-04-01,2015-09-30,-1
2017-01-31,81320,2017-03-31,3,140874000000,-0.067,,,,,705000000,-0.625,1056000000,-0.538,,912000000,,70.85,,,,,,99320000000,48740000000,0.491,,48727000000,,,,,,,,,,,,true,false,9,2016-04-01,2016-12-31,0
2017-01-31,81320,2016-03-31,3,150957000000,-0.262,,,,,1883000000,,2286000000,3.119,,981000000,,76.39,,,,,,,,,,,,,,,,,,,,,,true,false,9,2015-04-01,2015-12-31,-1
2017-01-31,81320,2017-03-31,3,250000000000,0.196,,,,,3100000000,-0.115,3900000000,-0.088,,2200000000,,171.09,,,,,,,,,,,,,,,,,,,,,,true,true,12,2016-04-01,2017-03-31,0
2017-01-31,81320,2016-03-31,3,,,,,,,,,,,,,,,,,,,,92985000000,48173000000,0.518,,48161000000,,,,,,,,,,,,true,false,12,2015-04-01,2016-03-31,-1
2017-01-31,81320,2016-03-31,3,,,,,,,,,,,,,,,,,,,,,,,,,,,,,15.00,,,,15150591,2291708,,false,false,12,2015-04-01,2016-03-31,-1
2017-01-31,81320,2017-03-31,3,,,,,,,,,,,,,,,,,,,,,,,,,,,,,75.00,,,,,,,false,true,12,2016-04-01,2017-03-31,0
2017-01-31,81320,2017-03-31,3,,,,,,,,,,,,,,,,,,,,,,,,,,,,,,,,,15150591,2168459,12879992,false,false,9,2016-04-01,2016-12-31,0
2017-01-31,81320,2016-03-31,3,,,,,,,,,,,,,,,,,,,,,,,,,,,,,,,,,,,12842638,false,false,9,2015-04-01,2015-12-31,-1
2017-04-28,81320,2017-03-31,,218000000000,-0.128,,,,,3000000000,-0.032,3480000000,-0.108,,2640000000,,204.57,,,,,,,,,,,,,,,,,,,,,,true,true,12,2016-04-01,2017-03-31,0
2017-04-28,81320,2016-03-31,,209112000000,,,,,,3504000000,,4274000000,,,2219000000,,172.79,,,,,,,,,,,,,,,,,,,,,,true,false,12,2015-04-01,2016-03-31,-1
2017-05-12,81320,2017-03-31,,218242000000,0.044,,,,,2934000000,-0.163,3424000000,-0.199,,2584000000,,200.26,,0.052,0.035,0.013,,104836000000,50685000000,0.483,3903.27,50672000000,2449000000,-6268000000,2113000000,18340000000,,0.499,,,,,,true,false,12,2016-04-01,2017-03-31,0
2017-05-12,81320,2016-03-31,,209112000000,-0.257,,,,,3504000000,1.057,4274000000,0.626,,2219000000,,172.79,,0.047,0.047,0.017,,92985000000,48173000000,0.518,3745.40,48161000000,3356000000,-4020000000,-997000000,20059000000,,0.434,,,,,,true,false,12,2015-04-01,2016-03-31,-1
2017-05-12,81320,2018-03-31,,256000000000,0.173,,,,,3600000000,0.227,3800000000,0.110,,2300000000,,177.17,,,,,,,,,,,,,,,,0.423,,,,,,true,true,12,2017-04-01,2018-03-31,1
2017-05-12,81320,2017-03-31,,10309000000,-0.841,,,,,8042000000,,8893000000,,8802000000,,,682.05,,,,,,41869000000,27736000000,0.662,2136.50,27736000000,,,,,100.00,,,,15150591,2168538,12905170,false,false,12,2016-04-01,2017-03-31,0
2017-05-12,81320,2016-03-31,,64892000000,-0.745,,,,,-1411000000,,169000000,-0.832,-643000000,,,-50.11,,,,,,35178000000,19117000000,0.543,1486.74,19117000000,,,,,15.00,,,,15150591,2291708,12845883,false,false,12,2015-04-01,2016-03-31,-1
2017-05-12,81320,2018-03-31,,,,,,,,,,,,,,,,,,,,,,,,,,,,,,75.00,,,,,,,false,true,12,2017-04-01,2018-03-31,1
2017-07-31,81320,2018-03-31,1,46789000000,0.123,,,,,503000000,-0.070,685000000,0.577,,323000000,,24.89,,,,,,89364000000,49778000000,0.557,,49764000000,,,,,,,,,,,,true,false,3,2017-04-01,2017-06-30,0
2017-07-31,81320,2017-03-31,1,41647000000,-0.159,,,,,541000000,-0.650,434000000,-0.743,,283000000,,22.01,,,,,,,,,,,,,,,,,,,,,,true,false,3,2016-04-01,2016-06-30,-1
2017-07-31,81320,2018-03-31,1,256000000000,0.173,,,,,3600000000,0.227,3800000000,0.110,,2300000000,,177.17,,,,,,,,,,,,,,,,,,,,,,true,true,12,2017-04-01,2018-03-31,0
2017-07-31,81320,2017-03-31,1,,,,,,,,,,,,,,,,,,,,104836000000,50685000000,0.483,,50672000000,,,,,,,,,,,,true,false,12,2016-04-01,2017-03-31,-1
2017-07-31,81320,2017-03-31,1,,,,,,,,,,,,,,,,,,,,,,,,,,,,,100.00,,,,15150591,2168538,,false,false,12,2016-04-01,2017-03-31,-1
2017-07-31,81320,2018-03-31,1,,,,,,,,,,,,,,,,,,,,,,,,,,,,,75.00,,,,,,,false,true,12,2017-04-01,2018-03-31,0
2017-07-31,81320,2018-03-31,1,,,,,,,,,,,,,,,,,,,,,,,,,,,,,,,,,15150591,2168558,12982046,false,false,3,2017-04-01,2017-06-30,0
2017-07-31,81320,2017-03-31,1,,,,,,,,,,,,,,,,,,,,,,,,,,,,,,,,,,,12860788,false,false,3,2016-04-01,2016-06-30,-1
2017-10-31,81320,2018-03-31,2,88514000000,0.107,,,,,231000000,0.680,449000000,0.613,,3000000,,0.28,,,,,,88110000000,49945000000,0.567,,49932000000,,,,,,,,,,,,true,false,6,2017-04-01,2017-09-30,0
2017-10-31,81320,2017-03-31,2,79934000000,-0.135,,,,,137000000,-0.907,278000000,-0.834,,399000000,,31.07,,,,,,,,,,,,,,,,,,,,,,true,false,6,2016-04-01,2016-09-30,-1
2017-10-31,81320,2018-03-31,2,256000000000,0.173,,,,,3600000000,0.227,3800000000,0.110,,2300000000,,177.17,,,,,,,,,,,,,,,,,,,,,,true,true,12,2017-04-01,2018-03-31,0
2017-10-31,81320,2017-03-31,2,,,,,,,,,,,,,,,,,,,,104836000000,50685000000,0.483,,50672000000,,,,,,,,,,,,true,false,12,2016-04-01,2017-03-31,-1
2017-10-31,81320,2017-03-31,2,,,,,,,,,,,,,,,,,,,,,,,,,,,,,100.00,,,,15150591,2168538,,false,false,12,2016-04-01,2017-03-31,-1
2017-10-31,81320,2018-03-31,2,,,,,,,,,,,,,,,,,,,,,,,,,,,,,75.00,,,,,,,false,true,12,2017-04-01,2018-03-31,0
2017-10-31,81320,2018-03-31,2,,,,,,,,,,,,,,,,,,,,,,,,,,,,,,,,,15150591,2168971,12981936,false,false,6,2017-04-01,2017-09-30,0
2017-10-31,81320,2017-03-31,2,,,,,,,,,,,,,,,,,,,,,,,,,,,,,,,,,,,12867116,false,false,6,2016-04-01,2016-09-30,-1
2018-01-31,81320,2018-03-31,3,160759000000,0.141,,,,,1203000000,0.705,1541000000,0.459,,723000000,,56.07,,,,,,106993000000,46070000000,0.430,,46056000000,,,,,,,,,,,,true,false,9,2017-04-01,2017-12-31,0
2018-01-31,81320,2017-03-31,3,140874000000,-0.067,,,,,705000000,-0.625,1056000000,-0.538,,912000000,,70.85,,,,,,,,,,,,,,,,,,,,,,true,false,9,2016-04-01,2016-12-31,-1
2018-01-31,81320,2018-03-31,3,256000000000,0.173,,,,,3600000000,0.227,3800000000,0.110,,2300000000,,185.41,,,,,,,,,,,,,,,,,,,,,,true,true,12,2017-04-01,2018-03-31,0
2018-01-31,81320,2017-03-31,3,,,,,,,,,,,,,,,,,,,,104836000000,50685000000,0.483,,50672000000,,,,,,,,,,,,true,false,12,2016-04-01,2017-03-31,-1
2018-01-31,81320,2017-03-31,3,,,,,,,,,,,,,,,,,,,,,,,,,,,,,100.00,,,,15150591,2168538,,false,false,12,2016-04-01,2017-03-31,-1
2018-01-31,81320,2018-03-31,3,,,,,,,,,,,,,,,,,,,,,,,,,,,,,75.00,,,,,,,false,true,12,2017-04-01,2018-03-31,0
2018-01-31,81320,2018-03-31,3,,,,,,,,,,,,,,,,,,,,,,,,,,,,,,,,,15150591,4273190,12905264,false,false,9,2017-04-01,2017-12-31,0
2018-01-31,81320,2017-03-31,3,,,,,,,,,,,,,,,,,,,,,,,,,,,,,,,,,,,12879992,false,false,9,2016-04-01,2016-12-31,-1
2018-05-11,81320,2018-03-31,,244370000000,0.120,,,,,3348000000,0.141,3948000000,0.153,,2867000000,,231.13,,0.059,0.040,0.014,,93614000000,46863000000,0.500,4307.24,46850000000,5433000000,-1282000000,15227000000,7217000000,,0.324,,,,,,true,false,12,2017-04-01,2018-03-31,0
2018-05-11,81320,2017-03-31,,218242000000,0.044,,,,,2934000000,-0.163,3424000000,-0.199,,2584000000,,200.26,,0.052,0.035,0.013,,104836000000,50685000000,0.483,3903.27,50672000000,2449000000,-6268000000,2113000000,18340000000,,0.499,,,,,,true,false,12,2016-04-01,2017-03-31,-1
2018-05-11,81320,2019-03-31,,260000000000,0.064,,,,,3300000000,-0.015,3500000000,-0.114,,2600000000,,239.03,,,,,,,,,,,,,,,,0.314,,,,,,true,true,12,2018-04-01,2019-03-31,1
2018-05-11,81320,2018-03-31,,,,,,2725000000,-0.736,383000000,-0.952,1108000000,-0.875,1267000000,,-0.856,102.20,,,,,,32077000000,22356000000,0.697,2055.38,22356000000,,,,,75.00,,,,13046591,2169519,12405225,false,false,12,2017-04-01,2018-03-31,0
2018-05-11,81320,2017-03-31,,,,,,10309000000,-0.841,8042000000,,8893000000,,8802000000,,,682.05,,,,,,41869000000,27736000000,0.662,2136.50,27736000000,,,,,100.00,,,,15150591,2168538,12905170,false,false,12,2016-04-01,2017-03-31,-1
2018-05-11,81320,2019-03-31,,,,,,,,,,,,,,,,,,,,,,,,,,,,,,75.00,,,,,,,false,true,12,2018-04-01,2019-03-31,1
2018-07-31,81320,2019-03-31,1,49603000000,0.060,,,,,534000000,0.061,697000000,0.017,,398000000,,36.62,,,,,,84631000000,46663000000,0.551,,46649000000,,,,,,,,,,,,true,false,3,2018-04-01,2018-06-30,0
2018-07-31,81320,2018-03-31,1,46789000000,0.123,,,,,503000000,-0.070,685000000,0.577,,323000000,,24.89,,,,,,,,,,,,,,,,,,,,,,true,false,3,2017-04-01,2017-06-30,-1
2018-07-31,81320,2019-03-31,1,260000000000,0.064,,,,,3300000000,-0.015,3500000000,-0.114,,2600000000,,239.03,,,,,,,,,,,,,,,,,,,,,,true,true,12,2018-04-01,2019-03-31,0
2018-07-31,81320,2018-03-31,1,,,,,,,,,,,,,,,,,,,,93188000000,46863000000,0.503,,46850000000,,,,,,,,,,,,true,false,12,2017-04-01,2018-03-31,-1
2018-07-31,81320,2018-03-31,1,,,,,,,,,,,,,,,,,,,,,,,,,,,,,75.00,,,,13046591,2169519,,false,false,12,2017-04-01,2018-03-31,-1
2018-07-31,81320,2019-03-31,1,,,,,,,,,,,,,,,,,,,,,,,,,,,,,75.00,,,,,,,false,true,12,2018-04-01,2019-03-31,0
2018-07-31,81320,2019-03-31,1,,,,,,,,,,,,,,,,,,,,,,,,,,,,,,,,,13046591,2169639,10877037,false,false,3,2018-04-01,2018-06-30,0
2018-07-31,81320,2018-03-31,1,,,,,,,,,,,,,,,,,,,,,,,,,,,,,,,,,,,12982046,false,false,3,2017-04-01,2017-06-30,-1
2018-10-31,81320,2019-03-31,2,98033000000,0.108,,,,,511000000,1.211,733000000,0.631,,440000000,,40.52,,,,,,84993000000,47027000000,0.553,,47014000000,,,,,,,,,,,,true,false,6,2018-04-01,2018-09-30,0
2018-10-31,81320,2018-03-31,2,88514000000,0.107,,,,,231000000,0.680,449000000,0.613,,3000000,,0.28,,,,,,,,,,,,,,,,,,,,,,true,false,6,2017-04-01,2017-09-30,-1
2018-10-31,81320,2019-03-31,2,260000000000,0.064,,,,,3300000000,-0.015,3500000000,-0.114,,2600000000,,239.03,,,,,,,,,,,,,,,,,,,,,,true,true,12,2018-04-01,2019-03-31,0
2018-10-31,81320,2018-03-31,2,,,,,,,,,,,,,,,,,,,,93188000000,46863000000,0.503,,46850000000,,,,,,,,,,,,true,false,12,2017-04-01,2018-03-31,-1
2018-10-31,81320,2018-03-31,2,,,,,,,,,,,,,,,,,,,,,,,,,,,,,75.00,,,,13046591,2169519,,false,false,12,2017-04-01,2018-03-31,-1
2018-10-31,81320,2019-03-31,2,,,,,,,,,,,,,,,,,,,,,,,,,,,,,75.00,,,,,,,false,true,12,2018-04-01,2019-03-31,0
2018-10-31,81320,2019-03-31,2,,,,,,,,,,,,,,,,,,,,,,,,,,,,,,,,,13046591,2169599,10877007,false,false,6,2018-04-01,2018-09-30,0
2018-10-31,81320,2018-03-31,2,,,,,,,,,,,,,,,,,,,,,,,,,,,,,,,,,,,12981936,false,false,6,2017-04-01,2017-09-30,-1
2019-01-31,81320,2019-03-31,3,167960000000,0.045,,,,,1022000000,-0.150,1278000000,-0.171,,818000000,,75.30,,,,,,97984000000,45897000000,0.467,,45790000000,,,,,,,,,,,,true,false,9,2018-04-01,2018-12-31,0
2019-01-31,81320,2018-03-31,3,160759000000,0.141,,,,,1203000000,0.705,1541000000,0.459,,723000000,,56.07,,,,,,,,,,,,,,,,,,,,,,true,false,9,2017-04-01,2017-12-31,-1
2019-01-31,81320,2019-03-31,3,260000000000,0.064,,,,,3300000000,-0.015,3500000000,-0.114,,2600000000,,239.03,,,,,,,,,,,,,,,,,,,,,,true,true,12,2018-04-01,2019-03-31,0
2019-01-31,81320,2018-03-31,3,,,,,,,,,,,,,,,,,,,,93188000000,46863000000,0.503,,46850000000,,,,,,,,,,,,true,false,12,2017-04-01,2018-03-31,-1
2019-01-31,81320,2018-03-31,3,,,,,,,,,,,,,,,,,,,,,,,,,,,,,75.00,,,,13046591,2169519,,false,false,12,2017-04-01,2018-03-31,-1
2019-01-31,81320,2019-03-31,3,,,,,,,,,,,,,,,,,,,,,,,,,,,,,75.00,,,,,,,false,true,12,2018-04-01,2019-03-31,0
2019-01-31,81320,2019-03-31,3,,,,,,,,,,,,,,,,,,,,,,,,,,,,,,,,,13046591,2169902,10876943,false,false,9,2018-04-01,2018-12-31,0
2019-01-31,81320,2018-03-31,3,,,,,,,,,,,,,,,,,,,,,,,,,,,,,,,,,,,12905264,false,false,9,2017-04-01,2017-12-31,-1
2019-06-04,81320,2019-03-31,,244567000000,0.001,,,,,1670000000,-0.501,2158000000,-0.453,,1588000000,,146.00,,0.034,0.023,0.007,,91112000000,47388000000,0.516,4323.50,47025000000,5214000000,-1302000000,-2256000000,8768000000,,0.514,,,,,,true,false,12,2018-04-01,2019-03-31,0
2019-06-04,81320,2018-03-31,,244370000000,0.120,,,,,3348000000,0.141,3948000000,0.153,,2867000000,,231.13,,0.059,0.040,0.014,,93188000000,46863000000,0.503,4307.24,46850000000,5433000000,-1282000000,-15227000000,7217000000,,0.324,,,,,,true,false,12,2017-04-01,2018-03-31,-1
2019-06-04,81320,2020-03-31,,245000000000,0.002,,,,,2600000000,0.556,2900000000,0.343,,2200000000,,202.27,,,,,,,,,,,,,,,,0.371,,,,,,true,true,12,2019-04-01,2020-03-31,1
2019-06-04,81320,2019-03-31,,,,,,2757000000,0.012,604000000,0.577,985000000,-0.111,728000000,,-0.425,66.96,,,,,,32479000000,21938000000,0.675,2017.00,21938000000,,,,,75.00,,,,13046591,2169941,10876877,false,false,12,2018-04-01,2019-03-31,0
2019-06-04,81320,2018-03-31,,,,,,2725000000,-0.736,383000000,-0.952,1108000000,-0.875,1267000000,,-0.856,102.20,,,,,,31949000000,22356000000,0.697,2055.38,22356000000,,,,,75.00,,,,13046591,2169519,12405225,false,false,12,2017-04-01,2018-03-31,-1
2019-06-04,81320,2020-03-31,,,,,,,,,,,,,,,,,,,,,,,,,,,,,,75.00,,,,,,,false,true,12,2019-04-01,2020-03-31,1
2019-07-31,81320,2020-03-31,1,47814000000,-0.036,,,,,507000000,-0.080,685000000,-0.018,,1105000000,,101.63,,,,,,81227000000,47611000000,0.582,,47252000000,,,,,,,,,,,,true,false,3,2019-04-01,2019-06-30,0
2019-07-31,81320,2019-03-31,1,49603000000,0.060,,,,,551000000,0.052,697000000,0.017,,398000000,,36.62,,,,,,,,,,,,,,,,,,,,,,true,false,3,2018-04-01,2018-06-30,-1
2019-07-31,81320,2020-03-31,1,245000000000,0.002,,,,,2600000000,0.556,2900000000,0.343,,2200000000,,202.27,,,,,,,,,,,,,,,,,,,,,,true,true,12,2019-04-01,2020-03-31,0
2019-07-31,81320,2019-03-31,1,,,,,,,,,,,,,,,,,,,,91112000000,47388000000,0.516,,47025000000,,,,,,,,,,,,true,false,12,2018-04-01,2019-03-31,-1
2019-07-31,81320,2019-03-31,1,,,,,,,,,,,,,,,,,,,,,,,,,,,,,75.00,,,,13046591,2169941,,false,false,12,2018-04-01,2019-03-31,-1
2019-07-31,81320,2020-03-31,1,,,,,,,,,,,,,,,,,,,,,,,,,,,,,75.00,,,,,,,false,true,12,2019-04-01,2020-03-31,0
2019-07-31,81320,2020-03-31,1,,,,,,,,,,,,,,,,,,,,,,,,,,,,,,,,,13046591,2170134,10876555,false,false,3,2019-04-01,2019-06-30,0
2019-07-31,81320,2019-03-31,1,,,,,,,,,,,,,,,,,,,,,,,,,,,,,,,,,,,10877037,false,false,3,2018-04-01,2018-06-30,-1
2019-10-31,81320,2020-03-31,2,92541000000,-0.056,,,,,156000000,-0.722,373000000,-0.491,,744000000,,68.46,,,,,,83985000000,47836000000,0.562,,47188000000,,,,,,,,,,,,true,false,6,2019-04-01,2019-09-30,0
2019-10-31,81320,2019-03-31,2,98033000000,0.108,,,,,563000000,0.915,733000000,0.631,,440000000,,40.52,,,,,,,,,,,,,,,,,,,,,,true,false,6,2018-04-01,2018-09-30,-1
2019-10-31,81320,2020-03-31,2,245000000000,0.002,,,,,2600000000,0.556,2900000000,0.343,,2200000000,,202.27,,,,,,,,,,,,,,,,,,,,,,true,true,12,2019-04-01,2020-03-31,0
2019-10-31,81320,2019-03-31,2,,,,,,,,,,,,,,,,,,,,91112000000,47388000000,0.516,,47025000000,,,,,,,,,,,,true,false,12,2018-04-01,2019-03-31,-1
2019-10-31,81320,2019-03-31,2,,,,,,,,,,,,,,,,,,,,,,,,,,,,,75.00,,,,13046591,2169941,,false,false,12,2018-04-01,2019-03-31,-1
2019-10-31,81320,2020-03-31,2,,,,,,,,,,,,,,,,,,,,,,,,,,,,,75.00,,,,,,,false,true,12,2019-04-01,2020-03-31,0
2019-10-31,81320,2020-03-31,2,,,,,,,,,,,,,,,,,,,,,,,,,,,,,,,,,13046591,2170174,10876504,false,false,6,2019-04-01,2019-09-30,0
2019-10-31,81320,2019-03-31,2,,,,,,,,,,,,,,,,,,,,,,,,,,,,,,,,,,,10877007,false,false,6,2018-04-01,2018-09-30,-1
2020-01-31,81320,2020-03-31,3,157483000000,-0.062,,,,,340000000,-0.693,674000000,-0.473,,767000000,,70.56,,,,,,100036000000,48393000000,0.477,,47750000000,,,,,,,,,,,,true,false,9,2019-04-01,2019-12-31,0
2020-01-31,81320,2019-03-31,3,167960000000,0.045,,,,,1108000000,-0.147,1278000000,-0.171,,818000000,,75.30,,,,,,,,,,,,,,,,,,,,,,true,false,9,2018-04-01,2018-12-31,-1
2020-01-31,81320,2020-03-31,3,245000000000,0.002,,,,,2600000000,0.556,2900000000,0.343,,2200000000,,202.27,,,,,,,,,,,,,,,,,,,,,,true,true,12,2019-04-01,2020-03-31,0
2020-01-31,81320,2019-03-31,3,,,,,,,,,,,,,,,,,,,,91112000000,47388000000,0.516,,47025000000,,,,,,,,,,,,true,false,12,2018-04-01,2019-03-31,-1
2020-01-31,81320,2019-03-31,3,,,,,,,,,,,,,,,,,,,,,,,,,,,,,75.00,,,,13046591,2169941,,false,false,12,2018-04-01,2019-03-31,-1
2020-01-31,81320,2020-03-31,3,,,,,,,,,,,,,,,,,,,,,,,,,,,,,75.00,,,,,,,false,true,12,2019-04-01,2020-03-31,0
2020-01-31,81320,2020-03-31,3,,,,,,,,,,,,,,,,,,,,,,,,,,,,,,,,,13046591,2170254,10876462,false,false,9,2019-04-01,2019-12-31,0
2020-01-31,81320,2019-03-31,3,,,,,,,,,,,,,,,,,,,,,,,,,,,,,,,,,,,10876943,false,false,9,2018-04-01,2018-12-31,-1
2020-05-19,81320,2020-03-31,,237000000000,-0.033,,,,,2450000000,-0.058,2200000000,-0.241,2950000000,,0.341,271.23,,,,,,,,,,,,,,,,,,,,,,true,true,12,2019-04-01,2020-03-31,0
2020-05-19,81320,2019-03-31,,244567000000,,,,,,1670000000,,2158000000,,1588000000,,,146.00,,,,,,,,,,,,,,,,,,,,,,true,false,12,2018-04-01,2019-03-31,-1
2020-05-29,81320,2020-03-31,,237036000000,-0.031,,,,,2454000000,0.385,2203000000,0.021,,2989000000,,274.84,,0.063,0.024,0.010,,90611000000,48821000000,0.531,4425.87,48136000000,569000000,-1094000000,-778000000,7385000000,,0.273,,,,,,true,false,12,2019-04-01,2020-03-31,0
2020-05-29,81320,2019-03-31,,244567000000,0.001,,,,,1771000000,-0.471,2158000000,-0.453,,1588000000,,146.00,,0.034,0.023,0.007,,91112000000,47388000000,0.516,4323.50,47025000000,5214000000,-1302000000,-2256000000,8768000000,,0.514,,,,,,true,false,12,2018-04-01,2019-03-31,-1
2020-05-29,81320,2021-03-31,,226000000000,-0.047,,,,,2200000000,-0.104,1800000000,-0.183,,1500000000,,137.92,,,,,,,,,,,,,,,,0.544,,,,,,true,true,12,2020-04-01,2021-03-31,1
2020-05-29,81320,2020-03-31,,,,,,2796000000,0.014,414000000,-0.314,1477000000,0.500,2209000000,,2.033,203.12,,,,,,30928000000,22336000000,0.722,2053.74,22336000000,,,,,75.00,,,,13046591,2170465,10876414,false,false,12,2019-04-01,2020-03-31,0
2020-05-29,81320,2019-03-31,,,,,,2757000000,0.012,604000000,0.577,985000000,-0.111,728000000,,-0.425,66.96,,,,,,32479000000,21938000000,0.675,2017.00,21938000000,,,,,75.00,,,,13046591,2169941,10876877,false,false,12,2018-04-01,2019-03-31,-1
2020-05-29,81320,2021-03-31,,,,,,,,,,,,,,,,,,,,,,,,,,,,,,75.00,,,,,,,false,true,12,2020-04-01,2021-03-31,1
2020-07-31,81320,2021-03-31,1,39267000000,-0.179,,,,,809000000,0.596,700000000,0.022,,260000000,,23.93,,,,,,79580000000,48250000000,0.598,,47555000000,,,,,,,,,,,,true,false,3,2020-04-01,2020-06-30,0
2020-07-31,81320,2020-03-31,1,47814000000,-0.036,,,,,507000000,-0.080,685000000,-0.018,,1105000000,,101.63,,,,,,,,,,,,,,,,,,,,,,true,false,3,2019-04-01,2019-06-30,-1
2020-07-31,81320,2021-03-31,1,226000000000,-0.047,,,,,2200000000,-0.104,1800000000,-0.183,,1500000000,,137.92,,,,,,,,,,,,,,,,,,,,,,true,true,12,2020-04-01,2021-03-31,0
2020-07-31,81320,2020-03-31,1,,,,,,,,,,,,,,,,,,,,90611000000,48821000000,0.531,,48136000000,,,,,,,,,,,,true,false,12,2019-04-01,2020-03-31,-1
2020-07-31,81320,2020-03-31,1,,,,,,,,,,,,,,,,,,,,,,,,,,,,,75.00,,,,13046591,2170465,,false,false,12,2019-04-01,2020-03-31,-1
2020-07-31,81320,2021-03-31,1,,,,,,,,,,,,,,,,,,,,,,,,,,,,,75.00,,,,,,,false,true,12,2020-04-01,2021-03-31,0
2020-07-31,81320,2021-03-31,1,,,,,,,,,,,,,,,,,,,,,,,,,,,,,,,,,13046591,2170545,10876100,false,false,3,2020-04-01,2020-06-30,0
2020-07-31,81320,2020-03-31,1,,,,,,,,,,,,,,,,,,,,,,,,,,,,,,,,,,,10876555,false,false,3,2019-04-01,2019-06-30,-1
2020-10-30,81320,2021-03-31,2,79789000000,-0.138,,,,,968000000,5.183,927000000,1.483,,395000000,,36.39,,,,,,82029000000,48580000000,0.584,,47886000000,,,,,,,,,,,,true,false,6,2020-04-01,2020-09-30,0
2020-10-30,81320,2020-03-31,2,92541000000,-0.056,,,,,156000000,-0.722,373000000,-0.491,,744000000,,68.46,,,,,,,,,,,,,,,,,,,,,,true,false,6,2019-04-01,2019-09-30,-1
2020-10-30,81320,2021-03-31,2,226000000000,-0.047,,,,,2200000000,-0.104,1800000000,-0.183,,1500000000,,137.92,,,,,,,,,,,,,,,,,,,,,,true,true,12,2020-04-01,2021-03-31,0
2020-10-30,81320,2020-03-31,2,,,,,,,,,,,,,,,,,,,,90611000000,48821000000,0.531,,48136000000,,,,,,,,,,,,true,false,12,2019-04-01,2020-03-31,-1
2020-10-30,81320,2020-03-31,2,,,,,,,,,,,,,,,,,,,,,,,,,,,,,75.00,,,,13046591,2170465,,false,false,12,2019-04-01,2020-03-31,-1
2020-10-30,81320,2021-03-31,2,,,,,,,,,,,,,,,,,,,,,,,,,,,,,75.00,,,,,,,false,true,12,2020-04-01,2021-03-31,0
2020-10-30,81320,2021-03-31,2,,,,,,,,,,,,,,,,,,,,,,,,,,,,,,,,,13046591,2170723,10876059,false,false,6,2020-04-01,2020-09-30,0
2020-10-30,81320,2020-03-31,2,,,,,,,,,,,,,,,,,,,,,,,,,,,,,,,,,,,10876504,false,false,6,2019-04-01,2019-09-30,-1
2021-01-29,81320,2021-03-31,3,138969000000,-0.118,,,,,1615000000,3.742,1686000000,1.501,,754000000,,69.40,,,,,,96105000000,49209000000,0.505,,48515000000,,,,,,,,,,,,true,false,9,2020-04-01,2020-12-31,0
2021-01-29,81320,2020-03-31,3,157483000000,-0.062,,,,,340000000,-0.693,674000000,-0.473,,767000000,,70.56,,,,,,,,,,,,,,,,,,,,,,true,false,9,2019-04-01,2019-12-31,-1
2021-01-29,81320,2021-03-31,3,226000000000,-0.047,,,,,2200000000,-0.104,1800000000,-0.183,,1500000000,,137.92,,,,,,,,,,,,,,,,,,,,,,true,true,12,2020-04-01,2021-03-31,0
2021-01-29,81320,2020-03-31,3,,,,,,,,,,,,,,,,,,,,90611000000,48821000000,0.531,,48136000000,,,,,,,,,,,,true,false,12,2019-04-01,2020-03-31,-1
2021-01-29,81320,2020-03-31,3,,,,,,,,,,,,,,,,,,,,,,,,,,,,,75.00,,,,13046591,2170465,,false,false,12,2019-04-01,2020-03-31,-1
2021-01-29,81320,2021-03-31,3,,,,,,,,,,,,,,,,,,,,,,,,,,,,,75.00,,,,,,,false,true,12,2020-04-01,2021-03-31,0
2021-01-29,81320,2021-03-31,3,,,,,,,,,,,,,,,,,,,,,,,,,,,,,,,,,13046591,2170896,10875961,false,false,9,2020-04-01,2020-12-31,0
2021-01-29,81320,2020-03-31,3,,,,,,,,,,,,,,,,,,,,,,,,,,,,,,,,,,,10876462,false,false,9,2019-04-01,2019-12-31,-1
2021-04-28,81320,2021-03-31,,217000000000,-0.040,,,,,2900000000,0.318,3000000000,0.667,2600000000,,0.733,239.06,,,,,,,,,,,,,,,,,,,,,,true,true,12,2020-04-01,2021-03-31,0
2021-04-28,81320,2020-03-31,,237036000000,,,,,,2454000000,,2203000000,,2989000000,,,274.84,,,,,,,,,,,,,,,,,,,,,,true,false,12,2019-04-01,2020-03-31,-1
2021-05-14,81320,2021-03-31,,217122000000,-0.084,,,,,2935000000,0.196,3023000000,0.372,,2717000000,,249.83,,0.055,0.032,0.014,,96834000000,51905000000,0.529,4707.96,51201000000,7947000000,36000000,-5504000000,9765000000,,0.300,,,,,,true,false,12,2020-04-01,2021-03-31,0
2021-05-14,81320,2020-03-31,,237036000000,-0.031,,,,,2454000000,0.385,2203000000,0.021,,2989000000,,274.84,,0.063,0.024,0.010,,90611000000,48821000000,0.531,4425.87,48136000000,569000000,-1094000000,-778000000,7385000000,,0.273,,,,,,true,false,12,2019-04-01,2020-03-31,-1
2021-05-14,81320,2022-03-31,,244000000000,0.124,,,,,2100000000,-0.285,1700000000,-0.438,,1500000000,,137.92,,,,,,,,,,,,,,,,0.544,,,,,,true,true,12,2021-04-01,2022-03-31,1
2021-05-14,81320,2021-03-31,,2958000000,0.058,,,,,312000000,-0.246,1017000000,-0.311,1811000000,,-0.180,166.55,,,,,,34737000000,24590000000,0.708,2261.05,24590000000,,,,,75.00,,,,13046591,2171037,10875880,false,false,12,2020-04-01,2021-03-31,0
2021-05-14,81320,2020-03-31,,2796000000,0.014,,,,,414000000,-0.314,1477000000,0.500,2209000000,,2.033,203.12,,,,,,30928000000,22336000000,0.722,2053.74,22336000000,,,,,75.00,,,,13046591,2170465,10876414,false,false,12,2019-04-01,2020-03-31,-1
2021-05-14,81320,2022-03-31,,,,,,,,,,,,,,,,,,,,,,,,,,,,,,75.00,,,,,,,false,true,12,2021-04-01,2022-03-31,1
2021-07-30,81320,2022-03-31,1,49359000000,,,,,,417000000,,578000000,,,377000000,,34.69,,,,,,84878000000,51867000000,0.603,,51156000000,,,,,,,,,,,,true,false,3,2021-04-01,2021-06-30,0
2021-07-30,81320,2021-03-31,1,39267000000,-0.179,,,,,809000000,0.596,700000000,0.022,,260000000,,23.93,,,,,,,,,,,,,,,,,,,,,,true,false,3,2020-04-01,2020-06-30,-1
2021-07-30,81320,2022-03-31,1,244000000000,0.124,,,,,2100000000,-0.285,1700000000,-0.438,,1500000000,,137.93,,,,,,,,,,,,,,,,,,,,,,true,true,12,2021-04-01,2022-03-31,0
2021-07-30,81320,2021-03-31,1,,,,,,,,,,,,,,,,,,,,96834000000,51905000000,0.529,,51201000000,,,,,,,,,,,,true,false,12,2020-04-01,2021-03-31,-1
2021-07-30,81320,2021-03-31,1,,,,,,,,,,,,,,,,,,,,,,,,,,,,,75.00,,,,13046591,2171037,,false,false,12,2020-04-01,2021-03-31,-1
2021-07-30,81320,2022-03-31,1,,,,,,,,,,,,,,,,,,,,,,,,,,,,,75.00,,,,,,,false,true,12,2021-04-01,2022-03-31,0
2021-07-30,81320,2022-03-31,1,,,,,,,,,,,,,,,,,,,,,,,,,,,,,,,,,13046591,2171198,10875414,false,false,3,2021-04-01,2021-06-30,0
2021-07-30,81320,2021-03-31,1,,,,,,,,,,,,,,,,,,,,,,,,,,,,,,,,,,,10876100,false,false,3,2020-04-01,2020-06-30,-1
2021-10-29,8132,2022-03-31,2,100518000000,,,,,,-42000000,,323000000,,,72000000,,6.69,,,,,,86937000000,51955000000,0.590,,51250000000,,,,,,,,,,,,true,false,6,2021-04-01,2021-09-30,0
2021-10-29,8132,2021-03-31,2,79789000000,-0.138,,,,,968000000,5.183,927000000,1.483,,395000000,,36.39,,,,,,,,,,,,,,,,,,,,,,true,false,6,2020-04-01,2020-09-30,-1
2021-10-29,8132,2022-03-31,2,244000000000,0.124,,,,,2100000000,-0.285,1700000000,-0.438,,1500000000,,137.82,,,,,,,,,,,,,,,,,,,,,,true,true,12,2021-04-01,2022-03-31,0
2021-10-29,8132,2021-03-31,2,,,,,,,,,,,,,,,,,,,,96834000000,51905000000,0.529,,51201000000,,,,,,,,,,,,true,false,12,2020-04-01,2021-03-31,-1
2021-10-29,8132,2021-03-31,2,,,,,,,,,,,,,,,,,,,,,,,,,,,,,75.00,,,,13046591,2171037,,false,false,12,2020-04-01,2021-03-31,-1
2021-10-29,8132,2022-03-31,2,,,,,,,,,,,,,,,,,,,,,,,,,,,,,75.00,,,,,,,false,true,12,2021-04-01,2022-03-31,0
2021-10-29,8132,2022-03-31,2,,,,,,,,,,,,,,,,,,,,,,,,,,,,,,,,,13046591,2139814,10883410,false,false,6,2021-04-01,2021-09-30,0
2021-10-29,8132,2021-03-31,2,,,,,,,,,,,,,,,,,,,,,,,,,,,,,,,,,,,10876059,false,false,6,2020-04-01,2020-09-30,-1
2022-01-31,8132,2022-03-31,3,182719000000,,,,,,602000000,,1087000000,,,490000000,,45.02,,,,,,109334000000,52274000000,0.472,,51584000000,,,,,,,,,,,,true,false,9,2021-04-01,2021-12-31,0
2022-01-31,8132,2021-03-31,3,138969000000,-0.118,,,,,1615000000,3.742,1686000000,1.501,,754000000,,69.40,,,,,,,,,,,,,,,,,,,,,,true,false,9,2020-04-01,2020-12-31,-1
2022-01-31,8132,2022-03-31,3,244000000000,0.124,,,,,2100000000,-0.285,1700000000,-0.438,,1500000000,,137.73,,,,,,,,,,,,,,,,,,,,,,true,true,12,2021-04-01,2022-03-31,0
2022-01-31,8132,2021-03-31,3,,,,,,,,,,,,,,,,,,,,96834000000,51905000000,0.529,,51201000000,,,,,,,,,,,,true,false,12,2020-04-01,2021-03-31,-1
2022-01-31,8132,2021-03-31,3,,,,,,,,,,,,,,,,,,,,,,,,,,,,,75.00,,,,13046591,2171037,,false,false,12,2020-04-01,2021-03-31,-1
2022-01-31,8132,2022-03-31,3,,,,,,,,,,,,,,,,,,,,,,,,,,,,,75.00,,,,,,,false,true,12,2021-04-01,2022-03-31,0
2022-01-31,8132,2022-03-31,3,,,,,,,,,,,,,,,,,,,,,,,,,,,,,,,,,13046591,2139834,10891221,false,false,9,2021-04-01,2021-12-31,0
2022-01-31,8132,2021-03-31,3,,,,,,,,,,,,,,,,,,,,,,,,,,,,,,,,,,,10875961,false,false,9,2020-04-01,2020-12-31,-1
2022-05-10,81320,2022-03-31,,289000000000,0.184,,,,,2400000000,0.143,3200000000,0.882,2400000000,,0.600,220.36,,,,,,,,,,,,,,,,,,,,,,true,true,12,2021-04-01,2022-03-31,0
2022-05-10,81320,2021-03-31,,217122000000,,,,,,2935000000,,3023000000,,2717000000,,,249.83,,,,,,,,,,,,,,,,,,,,,,true,false,12,2020-04-01,2021-03-31,-1
2022-05-13,8132,2022-03-31,,289340000000,,,,,,2480000000,,3272000000,,,2487000000,,228.33,,0.047,0.032,0.009,,104908000000,54381000000,0.512,4922.46,53687000000,1133000000,2154000000,-3120000000,9948000000,,0.328,,,,,,true,false,12,2021-04-01,2022-03-31,0
2022-05-13,8132,2021-03-31,,217122000000,-0.084,,,,,2935000000,0.196,3023000000,0.372,,2717000000,,249.83,,0.055,0.032,0.014,,96834000000,51905000000,0.529,4707.96,51201000000,7947000000,36000000,-5504000000,9765000000,,0.300,,,,,,true,false,12,2020-04-01,2021-03-31,-1
2022-05-13,8132,2023-03-31,,310000000000,0.071,,,,,2500000000,0.008,2800000000,-0.144,,2900000000,,265.89,,,,,,,,,,,,,,,,0.282,,,,,,true,true,12,2022-04-01,2023-03-31,1
2022-05-13,8132,2022-03-31,,3126000000,0.057,,,,,101000000,-0.674,761000000,-0.251,1037000000,,-0.427,95.21,,,,,,33546000000,24234000000,0.722,2222.03,24234000000,,,,,75.00,,,,13046591,2139955,10895036,false,false,12,2021-04-01,2022-03-31,0
2022-05-13,8132,2021-03-31,,2958000000,0.058,,,,,312000000,-0.246,1017000000,-0.311,1811000000,,-0.180,166.55,,,,,,34737000000,24590000000,0.708,2261.05,24590000000,,,,,75.00,,,,13046591,2171037,10875880,false,false,12,2020-04-01,2021-03-31,-1
2022-05-13,8132,2023-03-31,,,,,,,,,,,,,,,,,,,,,,,,,,,,,,75.00,,,,,,,false,true,12,2022-04-01,2023-03-31,1
2022-07-29,8132,2023-03-31,1,71194000000,0.442,,,,,-50000000,,325000000,-0.438,,1640000000,,150.47,,,,,,92783000000,55601000000,0.592,,54890000000,,,,,,,,,,,,true,false,3,2022-04-01,2022-06-30,0
2022-07-29,8132,2022-03-31,1,49359000000,,,,,,417000000,,578000000,,,377000000,,34.69,,,,,,,,,,,,,,,,,,,,,,true,false,3,2021-04-01,2021-06-30,-1
2022-07-29,8132,2023-03-31,1,310000000000,0.071,,,,,2500000000,0.008,2800000000,-0.144,,2900000000,,265.95,,,,,,,,,,,,,,,,,,,,,,true,true,12,2022-04-01,2023-03-31,0
2022-07-29,8132,2022-03-31,1,,,,,,,,,,,,,,,,,,,,104908000000,54381000000,0.512,,53687000000,,,,,,,,,,,,true,false,12,2021-04-01,2022-03-31,-1
2022-07-29,8132,2022-03-31,1,,,,,,,,,,,,,,,,,,,,,,,,,,,,,75.00,,,,13046591,2139955,,false,false,12,2021-04-01,2022-03-31,-1
2022-07-29,8132,2023-03-31,1,,,,,,,,,,,,,,,,,,,,,,,,,,,,,75.00,,,,,,,false,true,12,2022-04-01,2023-03-31,0
2022-07-29,8132,2023-03-31,1,,,,,,,,,,,,,,,,,,,,,,,,,,,,,,,,,13046591,2142603,10904365,false,false,3,2022-04-01,2022-06-30,0
2022-07-29,8132,2022-03-31,1,,,,,,,,,,,,,,,,,,,,,,,,,,,,,,,,,,,10875414,false,false,3,2021-04-01,2021-06-30,-1
2022-10-31,8132,2023-03-31,2,139740000000,0.390,,,,,-820000000,,-425000000,,,852000000,,78.05,,,,,,92529000000,54764000000,0.586,,54231000000,,,,,,,,,,,,true,false,6,2022-04-01,2022-09-30,0
2022-10-31,8132,2022-03-31,2,100518000000,,,,,,-42000000,,323000000,,,72000000,,6.69,,,,,,,,,,,,,,,,,,,,,,true,false,6,2021-04-01,2021-09-30,-1
2022-10-31,8132,2023-03-31,2,310000000000,0.071,,,,,2500000000,0.008,2800000000,-0.144,,2900000000,,265.64,,,,,,,,,,,,,,,,,,,,,,true,true,12,2022-04-01,2023-03-31,0
2022-10-31,8132,2022-03-31,2,,,,,,,,,,,,,,,,,,,,104908000000,54381000000,0.512,,53687000000,,,,,,,,,,,,true,false,12,2021-04-01,2022-03-31,-1
2022-10-31,8132,2022-03-31,2,,,,,,,,,,,,,,,,,,,,,,,,,,,,,75.00,,,,13046591,2139955,,false,false,12,2021-04-01,2022-03-31,-1
2022-10-31,8132,2023-03-31,2,,,,,,,,,,,,,,,,,,,,,,,,,,,,,75.00,,,,,,,false,true,12,2022-04-01,2023-03-31,0
2022-10-31,8132,2023-03-31,2,,,,,,,,,,,,,,,,,,,,,,,,,,,,,,,,,13046591,2110414,10917077,false,false,6,2022-04-01,2022-09-30,0
2022-10-31,8132,2022-03-31,2,,,,,,,,,,,,,,,,,,,,,,,,,,,,,,,,,,,10883410,false,false,6,2021-04-01,2021-09-30,-1
2023-01-31,8132,2023-03-31,3,235397000000,0.288,,,,,-465000000,,-230000000,,,-776000000,,-71.09,,,,,,109250000000,52573000000,0.481,,52556000000,,,,,,,,,,,,true,false,9,2022-04-01,2022-12-31,0
2023-01-31,8132,2022-03-31,3,182719000000,,,,,,602000000,,1087000000,,,490000000,,45.02,,,,,,,,,,,,,,,,,,,,,,true,false,9,2021-04-01,2021-12-31,-1
2023-01-31,8132,2023-03-31,3,370000000000,0.279,,,,,0,-1.000,100000000,-0.969,,0,,0.00,,,,,,,,,,,,,,,,,,,,,,true,true,12,2022-04-01,2023-03-31,0
2023-01-31,8132,2022-03-31,3,,,,,,,,,,,,,,,,,,,,104908000000,54381000000,0.512,,53687000000,,,,,,,,,,,,true,false,12,2021-04-01,2022-03-31,-1
2023-01-31,8132,2022-03-31,3,,,,,,,,,,,,,,,,,,,,,,,,,,,,,75.00,,,,13046591,2139955,,false,false,12,2021-04-01,2022-03-31,-1
2023-01-31,8132,2023-03-31,3,,,,,,,,,,,,,,,,,,,,,,,,,,,,,75.00,,,,,,,false,true,12,2022-04-01,2023-03-31,0
2023-01-31,8132,2023-03-31,3,,,,,,,,,,,,,,,,,,,,,,,,,,,,,,,,,13046591,2110466,10923456,false,false,9,2022-04-01,2022-12-31,0
2023-01-31,8132,2022-03-31,3,,,,,,,,,,,,,,,,,,,,,,,,,,,,,,,,,,,10891221,false,false,9,2021-04-01,2021-12-31,-1
2023-03-31,81320,2023-03-31,,340000000000,-0.081,,,,,1000000000,,1200000000,,500000000,,,45.77,,,,,,,,,,,,,,,,,,,,,,true,true,12,2022-04-01,2023-03-31,0
2023-03-31,81320,2022-03-31,,289340000000,,,,,,2480000000,,3272000000,,2487000000,,,228.33,,,,,,,,,,,,,,,,,,,,,,true,false,12,2021-04-01,2022-03-31,-1
2023-05-12,8132,2023-03-31,,342254000000,0.183,,,,,895000000,-0.639,1227000000,-0.625,,478000000,,43.82,,0.009,0.012,0.003,,101350000000,53631000000,0.529,4902.63,53616000000,389000000,-698000000,435000000,9927000000,,1.712,,,,,,true,false,12,2022-04-01,2023-03-31,0
2023-05-12,8132,2022-03-31,,289340000000,,,,,,2480000000,,3272000000,,,2487000000,,228.33,,0.047,0.032,0.009,,104908000000,54381000000,0.512,4922.46,53687000000,1133000000,2154000000,-3120000000,9948000000,,0.328,,,,,,true,false,12,2021-04-01,2022-03-31,-1
2023-05-12,8132,2024-03-31,,360000000000,0.052,,,,,2000000000,1.232,2300000000,0.873,,1300000000,,118.98,,,,,,,,,,,,,,,,0.630,,,,,,true,true,12,2023-04-01,2024-03-31,1
2023-05-12,8132,2023-03-31,,2869000000,-0.082,,,,,-324000000,,484000000,-0.364,2535000000,,1.445,232.09,,,,,,36926000000,26297000000,0.712,2404.61,26297000000,,,,,75.00,,,,13046591,2110406,10926588,false,false,12,2022-04-01,2023-03-31,0
2023-05-12,8132,2022-03-31,,3126000000,0.057,,,,,101000000,-0.674,761000000,-0.251,1037000000,,-0.427,95.21,,,,,,33546000000,24234000000,0.722,2222.03,24234000000,,,,,75.00,,,,13046591,2139955,10895036,false,false,12,2021-04-01,2022-03-31,-1
2023-05-12,8132,2024-03-31,,,,,,,,,,,,,,,,,,,,,,,,,,,,,,75.00,,,,,,,false,true,12,2023-04-01,2024-03-31,1
2023-08-09,8132,2024-03-31,1,71393000000,0.003,,,,,-718000000,,-479000000,,,-361000000,,-33.15,,,,,,88424000000,52596000000,0.595,,52579000000,,,,,,,,,,,,true,false,3,2023-04-01,2023-06-30,0
2023-08-09,8132,2023-03-31,1,71194000000,0.442,,,,,-50000000,,325000000,-0.438,,1640000000,,150.47,,,,,,,,,,,,,,,,,,,,,,true,false,3,2022-04-01,2022-06-30,-1
2023-08-09,8132,2024-03-31,1,360000000000,0.052,,,,,2000000000,1.232,2300000000,0.873,,1300000000,,119.22,,,,,,,,,,,,,,,,,,,,,,true,true,12,2023-04-01,2024-03-31,0
2023-08-09,8132,2023-03-31,1,,,,,,,,,,,,,,,,,,,,101350000000,53631000000,0.529,,53616000000,,,,,,,,,,,,true,false,12,2022-04-01,2023-03-31,-1
2023-08-09,8132,2023-03-31,1,,,,,,,,,,,,,,,,,,,,,,,,,,,,,75.00,,,,13046591,2110406,,false,false,12,2022-04-01,2023-03-31,-1
2023-08-09,8132,2024-03-31,1,,,,,,,,,,,,,,,,,,,,,,,,,,,,,75.00,,,,,,,false,true,12,2023-04-01,2024-03-31,0
2023-08-09,8132,2024-03-31,1,,,,,,,,,,,,,,,,,,,,,,,,,,,,,,,,,13046591,2172097,10904334,false,false,3,2023-04-01,2023-06-30,0
2023-08-09,8132,2023-03-31,1,,,,,,,,,,,,,,,,,,,,,,,,,,,,,,,,,,,10904365,false,false,3,2022-04-01,2022-06-30,-1
2023-11-13,81320,2024-03-31,2,141213000000,0.011,,,,,-2150000000,,-1765000000,,,-2074000000,,-190.48,,,,,,94116000000,51207000000,0.544,,51239000000,,,,,,,,,,,,true,false,6,2023-04-01,2023-09-30,0
2023-11-13,81320,2023-03-31,2,139740000000,0.390,,,,,-820000000,,-425000000,,,852000000,,78.05,,,,,,,,,,,,,,,,,,,,,,true,false,6,2022-04-01,2022-09-30,-1
2023-11-13,81320,2024-03-31,2,380000000000,0.110,,,,,-800000000,,-200000000,,,-700000000,,-64.28,,,,,,,,,,,,,,,,,,,,,,true,true,12,2023-04-01,2024-03-31,0
2023-11-13,81320,2023-03-31,2,,,,,,,,,,,,,,,,,,,,101350000000,53631000000,0.529,,53616000000,,,,,,,,,,,,true,false,12,2022-04-01,2023-03-31,-1
2023-11-13,81320,2023-03-31,2,,,,,,,,,,,,,,,,,,,,,,,,,,,,,75.00,,,,13046591,2110406,,false,false,12,2022-04-01,2023-03-31,-1
2023-11-13,81320,2024-03-31,2,,,,,,,,,,,,,,,,,,,,,,,,,,,,,75.00,,,,,,,false,true,12,2023-04-01,2024-03-31,0
2023-11-13,81320,2024-03-31,2,,,,,,,,,,,,,,,,,,,,,,,,,,,,,,,,,13046591,2169514,10890284,false,false,6,2023-04-01,2023-09-30,0
2023-11-13,81320,2023-03-31,2,,,,,,,,,,,,,,,,,,,,,,,,,,,,,,,,,,,10917077,false,false,6,2022-04-01,2022-09-30,-1
2023-11-13,81320,2024-03-31,,380000000000,0.056,,,,,-800000000,,-200000000,,-700000000,,,-64.28,,,,,,,,,,,,,,,,,,,,,,true,true,12,2023-04-01,2024-03-31,0
2023-11-13,81320,2023-03-31,,342254000000,,,,,,895000000,,1227000000,,478000000,,,43.82,,,,,,,,,,,,,,,,,,,,,,true,false,12,2022-04-01,2023-03-31,-1
2024-02-09,81320,2024-03-31,3,237553000000,0.009,,,,,-2202000000,,-1562000000,,,-2164000000,,-198.79,,,,,,109330000000,51367000000,0.470,,51346000000,,,,,,,,,,,,true,false,9,2023-04-01,2023-12-31,0
2024-02-09,81320,2023-03-31,3,235397000000,0.288,,,,,-465000000,,-230000000,,,-776000000,,-71.09,,,,,,,,,,,,,,,,,,,,,,true,false,9,2022-04-01,2022-12-31,-1
2024-02-09,81320,2024-03-31,3,380000000000,0.110,,,,,-800000000,,-200000000,,,-700000000,,-64.30,,,,,,,,,,,,,,,,,,,,,,true,true,12,2023-04-01,2024-03-31,0
2024-02-09,81320,2023-03-31,3,,,,,,,,,,,,,,,,,,,,101350000000,53631000000,0.529,,53616000000,,,,,,,,,,,,true,false,12,2022-04-01,2023-03-31,-1
2024-02-09,81320,2023-03-31,3,,,,,,,,,,,,,,,,,,,,,,,,,,,,,75.00,,,,13046591,2110406,,false,false,12,2022-04-01,2023-03-31,-1
2024-02-09,81320,2024-03-31,3,,,,,,,,,,,,,,,,,,,,,,,,,,,,,75.00,,,,,,,false,true,12,2023-04-01,2024-03-31,0
2024-02-09,81320,2024-03-31,3,,,,,,,,,,,,,,,,,,,,,,,,,,,,,,,,,13046591,2169607,10885840,false,false,9,2023-04-01,2023-12-31,0
2024-02-09,81320,2023-03-31,3,,,,,,,,,,,,,,,,,,,,,,,,,,,,,,,,,,,10923456,false,false,9,2022-04-01,2022-12-31,-1
2024-05-13,81320,2024-03-31,,348282000000,-0.083,,,,,-711000000,,93000000,,-1039000000,,,-95.53,,,,,,,,,,,,,,,,,,,,,,true,true,12,2023-04-01,2024-03-31,0
2024-05-13,81320,2023-03-31,,342254000000,,,,,,895000000,,1227000000,,478000000,,,43.82,,,,,,,,,,,,,,,,,,,,,,true,false,12,2022-04-01,2023-03-31,-1
2024-05-14,81320,2024-03-31,,348282000000,0.018,,,,,-711000000,,93000000,-0.924,,-1039000000,,-95.53,,-0.019,0.001,-0.002,,108480000000,53315000000,0.491,4900.02,53296000000,-945000000,-1667000000,4275000000,11583000000,,,,,,,,true,false,12,2023-04-01,2024-03-31,0
2024-05-14,81320,2023-03-31,,342254000000,0.183,,,,,895000000,-0.639,1227000000,-0.625,,478000000,,43.82,,0.009,0.012,0.003,,101350000000,53631000000,0.529,4902.63,53616000000,389000000,-698000000,435000000,9927000000,,1.712,,,,,,true,false,12,2022-04-01,2023-03-31,-1
2024-05-14,81320,2025-03-31,,340000000000,-0.024,,,,,2800000000,,3100000000,,,1800000000,,165.39,,,,,,,,,,,,,,,,,,,,,,true,true,12,2024-04-01,2025-03-31,1
2024-05-14,81320,2024-03-31,,2906000000,0.013,,,,,-499000000,,1274000000,1.629,1028000000,,-0.594,94.50,,,,,,46093000000,28118000000,0.610,2585.23,28118000000,,,,,75.00,,,,13046591,2169811,10883614,false,false,12,2023-04-01,2024-03-31,0
2024-05-14,81320,2023-03-31,,2869000000,-0.082,,,,,-324000000,,484000000,-0.364,2535000000,,1.445,232.09,,,,,,36926000000,26297000000,0.712,2404.61,26297000000,,,,,75.00,,,,13046591,2110406,10926588,false,false,12,2022-04-01,2023-03-31,-1
2024-05-14,81320,2025-03-31,,,,,,,,,,,,,,,,,,,,,,,,,,,,,,75.00,,,,,,,false,true,12,2024-04-01,2025-03-31,1
2024-08-09,81320,2025-03-31,1,63552000000,-0.110,,,,,320000000,,621000000,,,338000000,,31.13,,,,,,87283000000,53120000000,0.608,,53102000000,,,,,,,,,,,,true,false,3,2024-04-01,2024-06-30,0
2024-08-09,81320,2024-03-31,1,71393000000,0.003,,,,,-718000000,,-479000000,,,-361000000,,-33.15,,,,,,,,,,,,,,,,,,,,,,true,false,3,2023-04-01,2023-06-30,-1
2024-08-09,81320,2025-03-31,1,340000000000,-0.024,,,,,2800000000,,3100000000,,,1800000000,,165.49,,,,,,,,,,,,,,,,,,,,,,true,true,12,2024-04-01,2025-03-31,0
2024-08-09,81320,2024-03-31,1,,,,,,,,,,,,,,,,,,,,108480000000,53315000000,0.491,,53296000000,,,,,,,,,,,,true,false,12,2023-04-01,2024-03-31,-1
2024-08-09,81320,2024-03-31,1,,,,,,,,,,,,,,,,,,,,,,,,,,,,,75.00,,,,13046591,2169811,,false,false,12,2023-04-01,2024-03-31,-1
2024-08-09,81320,2025-03-31,1,,,,,,,,,,,,,,,,,,,,,,,,,,,,,75.00,,,,,,,false,true,12,2024-04-01,2025-03-31,0
2024-08-09,81320,2025-03-31,1,,,,,,,,,,,,,,,,,,,,,,,,,,,,,,,,,13046591,2170243,10876683,false,false,3,2024-04-01,2024-06-30,0
2024-08-09,81320,2024-03-31,1,,,,,,,,,,,,,,,,,,,,,,,,,,,,,,,,,,,10904334,false,false,3,2023-04-01,2023-06-30,-1
2024-11-11,81320,2025-03-31,2,123535000000,-0.125,,,,,242000000,,353000000,,,160000000,,14.73,,,,,,86618000000,52812000000,0.610,,52794000000,,,,,,,,,,,,true,false,6,2024-04-01,2024-09-30,0
2024-11-11,81320,2024-03-31,2,141213000000,0.011,,,,,-2150000000,,-1765000000,,,-2074000000,,-190.48,,,,,,,,,,,,,,,,,,,,,,true,false,6,2023-04-01,2023-09-30,-1
2024-11-11,81320,2025-03-31,2,340000000000,-0.024,,,,,2800000000,,3100000000,,,1800000000,,165.48,,,,,,,,,,,,,,,,,,,,,,true,true,12,2024-04-01,2025-03-31,0
2024-11-11,81320,2024-03-31,2,,,,,,,,,,,,,,,,,,,,108480000000,53315000000,0.491,,53296000000,,,,,,,,,,,,true,false,12,2023-04-01,2024-03-31,-1
2024-11-11,81320,2024-03-31,2,,,,,,,,,,,,,,,,,,,,,,,,,,,,,75.00,,,,13046591,2169811,,false,false,12,2023-04-01,2024-03-31,-1
2024-11-11,81320,2025-03-31,2,,,,,,,,,,,,,,,,,,,,,,,,,,,,,75.00,,,,,,,false,true,12,2024-04-01,2025-03-31,0
2024-11-11,81320,2025-03-31,2,,,,,,,,,,,,,,,,,,,,,,,,,,,,,,,,,13046591,2167030,10877695,false,false,6,2024-04-01,2024-09-30,0
2024-11-11,81320,2024-03-31,2,,,,,,,,,,,,,,,,,,,,,,,,,,,,,,,,,,,10890284,false,false,6,2023-04-01,2023-09-30,-1
2025-02-10,81320,2025-03-31,3,210679000000,-0.113,,,,,1759000000,,2292000000,,,1096000000,,100.83,,,,,,109205000000,53402000000,0.489,,53382000000,,,,,,,,,,,,true,false,9,2024-04-01,2024-12-31,0
2025-02-10,81320,2024-03-31,3,237553000000,0.009,,,,,-2202000000,,-1562000000,,,-2164000000,,-198.79,,,,,,,,,,,,,,,,,,,,,,true,false,9,2023-04-01,2023-12-31,-1
2025-02-10,81320,2025-03-31,3,340000000000,-0.024,,,,,2800000000,,3100000000,,,1800000000,,165.46,,,,,,,,,,,,,,,,,,,,,,true,true,12,2024-04-01,2025-03-31,0
2025-02-10,81320,2024-03-31,3,,,,,,,,,,,,,,,,,,,,108480000000,53315000000,0.491,,53296000000,,,,,,,,,,,,true,false,12,2023-04-01,2024-03-31,-1
2025-02-10,81320,2024-03-31,3,,,,,,,,,,,,,,,,,,,,,,,,,,,,,75.00,,,,13046591,2169811,,false,false,12,2023-04-01,2024-03-31,-1
2025-02-10,81320,2025-03-31,3,,,,,,,,,,,,,,,,,,,,,,,,,,,,,75.00,,,,,,,false,true,12,2024-04-01,2025-03-31,0
2025-02-10,81320,2025-03-31,3,,,,,,,,,,,,,,,,,,,,,,,,,,,,,,,,,13046591,2167186,10878287,false,false,9,2024-04-01,2024-12-31,0
2025-02-10,81320,2024-03-31,3,,,,,,,,,,,,,,,,,,,,,,,,,,,,,,,,,,,10885840,false,false,9,2023-04-01,2023-12-31,-1
2025-03-31,81320,2025-03-31,,314800000000,-0.074,,,,,3600000000,0.286,4300000000,0.387,3000000000,,0.667,275.77,,,,,,,,,,,,,,,,,,,,,,true,true,12,2024-04-01,2025-03-31,0
2025-03-31,81320,2024-03-31,,348282000000,,,,,,-711000000,,93000000,,-1039000000,,,-95.53,,,,,,,,,,,,,,,,,,,,,,true,false,12,2023-04-01,2024-03-31,-1
2025-05-14,81320,2025-03-31,,317118000000,-0.089,,,,,4009000000,,4483000000,,,3153000000,,289.93,,0.058,0.042,0.013,,105934000000,55230000000,0.521,5075.05,55210000000,10531000000,-2762000000,-7594000000,11705000000,,0.310,,,,,,true,false,12,2024-04-01,2025-03-31,0
2025-05-14,81320,2024-03-31,,348282000000,0.018,,,,,-711000000,,93000000,-0.924,,-1039000000,,-95.53,,-0.019,0.001,-0.002,,108480000000,53315000000,0.491,4900.02,53296000000,-945000000,-1667000000,4275000000,11583000000,,,,,,,,true,false,12,2023-04-01,2024-03-31,-1
2025-05-14,81320,2026-03-31,,367300000000,0.158,,,,,4400000000,0.097,4900000000,0.093,,3000000000,,275.77,,,,,,,,,,,,,,,,0.326,,,,,,true,true,12,2025-04-01,2026-03-31,1
2025-05-14,81320,2025-03-31,,3345000000,0.151,,,,,-407000000,,-169000000,,-1199000000,,,-110.28,,,,,,39482000000,25605000000,0.649,2353.73,25605000000,,,,,90.00,,,,11946591,1067826,10878559,false,false,12,2024-04-01,2025-03-31,0
2025-05-14,81320,2024-03-31,,2906000000,0.013,,,,,-499000000,,1274000000,1.629,1028000000,,-0.594,94.50,,,,,,46093000000,28118000000,0.610,2585.23,28118000000,,,,,75.00,,,,13046591,2169811,10883614,false,false,12,2023-04-01,2024-03-31,-1
2025-05-14,81320,2026-03-31,,,,,,,,,,,,,,,,,,,,,,,,,,,,,,90.00,,,,,,,false,true,12,2025-04-01,2026-03-31,1
