filing_date,code,fiscal_year_end,quarterly_period,net_sales,net_sales_change,revenue,revenue_change,operating_revenue,operating_revenue_change,operating_profit,operating_profit_change,ordinary_profit,ordinary_profit_change,net_income,net_income_of_parent,net_income_change,eps,diluted_eps,roe,roa,operating_profit_to_net_sales,operating_profit_to_revenue,total_assets,net_assets,equity_ratio,bps,owner_equity,operating_cash_flow,investing_cash_flow,financing_cash_flow,cash,dividend_per_share,payout_ratio,commemorative_dividend,extra_dividend,number_of_shares,number_of_treqsury_shares,avg_number_of_shares,is_consolidated,is_forecast,duration,period_start,period_end,period_pos
2015-07-30,81330,2016-03-31,1,284999000000,-0.152,,,,,2758000000,0.690,,,,1339000000,,11.85,,,,,,320232000000,,,,,,,,,,,,,,,,true,false,3,2015-04-01,2015-06-30,0
2015-07-30,81330,2015-03-31,1,335972000000,0.015,,,,,1632000000,-0.348,,,,763000000,,6.75,,,,,,,,,,,,,,,,,,,,,,true,false,3,2014-04-01,2014-06-30,-1
2015-07-30,81330,2016-03-31,1,1350000000000,-0.017,,,,,16800000000,0.282,,,,8200000000,,72.57,,,,,,,,,,,,,,,,,,,,,,true,true,12,2015-04-01,2016-03-31,0
2015-07-30,81330,2015-03-31,1,,,,,,,,,,,,,,,,,,,,329059000000,,,,,,,,,,,,,,,,true,false,12,2014-04-01,2015-03-31,-1
2015-07-30,81330,2015-03-31,1,,,,,,,,,,,,,,,,,,,,,,,,,,,,,22.00,,,,116881106,3891149,,false,false,12,2014-04-01,2015-03-31,-1
2015-07-30,81330,2016-03-31,1,,,,,,,,,,,,,,,,,,,,,,,,,,,,,24.00,,,,,,,false,true,12,2015-04-01,2016-03-31,0
2015-07-30,81330,2016-03-31,1,,,,,,,,,,,,,,,,,,,,,,,,,,,,,,,,,116881106,3891268,112989902,false,false,3,2015-04-01,2015-06-30,0
2015-07-30,81330,2015-03-31,1,,,,,,,,,,,,,,,,,,,,,,,,,,,,,,,,,,,112991081,false,false,3,2014-04-01,2014-06-30,-1
2015-11-04,81330,2016-03-31,2,564118000000,-0.190,,,,,7384000000,0.236,,,,3209000000,,28.40,,,,,,313654000000,,,,,,,,,,,,,,,,true,false,6,2015-04-01,2015-09-30,0
2015-11-04,81330,2015-03-31,2,696637000000,0.008,,,,,5972000000,0.249,,,,2807000000,,24.84,,,,,,,,,,,,,,,,,,,,,,true,false,6,2014-04-01,2014-09-30,-1
2015-11-04,81330,2016-03-31,2,1350000000000,-0.017,,,,,16800000000,0.282,,,,8200000000,,72.57,,,,,,,,,,,,,,,,,,,,,,true,true,12,2015-04-01,2016-03-31,0
2015-11-04,81330,2015-03-31,2,,,,,,,,,,,,,,,,,,,,329059000000,,,,,,,,,,,,,,,,true,false,12,2014-04-01,2015-03-31,-1
2015-11-04,81330,2015-03-31,2,,,,,,,,,,,,,,,,,,,,,,,,,,,,,22.00,,,,116881106,3891149,,false,false,12,2014-04-01,2015-03-31,-1
2015-11-04,81330,2016-03-31,2,,,,,,,,,,,,,,,,,,,,,,,,,,,,,12.00,,,,,,,false,false,12,2015-04-01,2016-03-31,0
2015-11-04,81330,2016-03-31,2,,,,,,,,,,,,,,,,,,,,,,,,,,,,,24.00,,,,,,,false,true,12,2015-04-01,2016-03-31,0
2015-11-04,81330,2016-03-31,2,,,,,,,,,,,,,,,,,,,,,,,,,,,,,,,,,116881106,3891675,112989742,false,false,6,2015-04-01,2015-09-30,0
2015-11-04,81330,2015-03-31,2,,,,,,,,,,,,,,,,,,,,,,,,,,,,,,,,,,,112990865,false,false,6,2014-04-01,2014-09-30,-1
2016-01-28,81330,2016-03-31,3,829925000000,-0.221,,,,,11520000000,0.195,,,,5791000000,,51.26,,,,,,325237000000,,,,,,,,,,,,,,,,true,false,9,2015-04-01,2015-12-31,0
2016-01-28,81330,2015-03-31,3,1064849000000,-0.022,,,,,9638000000,0.165,,,,4664000000,,41.28,,,,,,,,,,,,,,,,,,,,,,true,false,9,2014-04-01,2014-12-31,-1
2016-01-28,81330,2016-03-31,3,1350000000000,-0.017,,,,,16800000000,0.282,,,,8200000000,,72.57,,,,,,,,,,,,,,,,,,,,,,true,true,12,2015-04-01,2016-03-31,0
2016-01-28,81330,2015-03-31,3,,,,,,,,,,,,,,,,,,,,329059000000,,,,,,,,,,,,,,,,true,false,12,2014-04-01,2015-03-31,-1
2016-01-28,81330,2015-03-31,3,,,,,,,,,,,,,,,,,,,,,,,,,,,,,22.00,,,,116881106,3891149,,false,false,12,2014-04-01,2015-03-31,-1
2016-01-28,81330,2016-03-31,3,,,,,,,,,,,,,,,,,,,,,,,,,,,,,12.00,,,,,,,false,false,12,2015-04-01,2016-03-31,0
2016-01-28,81330,2016-03-31,3,,,,,,,,,,,,,,,,,,,,,,,,,,,,,24.00,,,,,,,false,true,12,2015-04-01,2016-03-31,0
2016-01-28,81330,2016-03-31,3,,,,,,,,,,,,,,,,,,,,,,,,,,,,,,,,,116881106,3891769,112989631,false,false,9,2015-04-01,2015-12-31,0
2016-01-28,81330,2015-03-31,3,,,,,,,,,,,,,,,,,,,,,,,,,,,,,,,,,,,112990718,false,false,9,2014-04-01,2014-12-31,-1
2016-04-19,81330,2016-03-31,,1070000000000,-0.207,,,,,16400000000,-0.024,,,,7500000000,,66.38,,,,,,,,,,,,,,,,,,,,,,true,true,12,2015-04-01,2016-03-31,0
2016-04-19,81330,2015-03-31,,1373393000000,,,,,,13100000000,,,,,5503000000,,48.71,,,,,,,,,,,,,,,,,,,,,,true,false,12,2014-04-01,2015-03-31,-1
2016-04-28,81330,2016-03-31,,1071629000000,-0.220,,,,,16384000000,0.251,,,,7469000000,,66.10,,,,0.015,,308985000000,,,,,30322000000,-16673000000,-9059000000,,,0.363,,,,,,true,false,12,2015-04-01,2016-03-31,0
2016-04-28,81330,2015-03-31,,1373393000000,-0.088,,,,,13100000000,0.103,,,,5503000000,,48.71,,,,0.010,,329059000000,,,,,34336000000,-20410000000,-12115000000,,,0.452,,,,,,true,false,12,2014-04-01,2015-03-31,-1
2016-04-28,81330,2017-03-31,,1060000000000,-0.011,,,,,17500000000,0.068,,,,10000000000,,88.5,,,,,,,,,,,,,,,,0.305,,,,,,true,true,12,2016-04-01,2017-03-31,1
2016-04-28,81330,2016-03-31,,776457000000,-0.277,,,,,4575000000,0.277,6023000000,0.171,3799000000,,1.046,33.62,,,,,,199346000000,84628000000,0.425,748.99,84628000000,,,,,24.00,,,,116881106,3891809,112989557,false,false,12,2015-04-01,2016-03-31,0
2016-04-28,81330,2015-03-31,,1073214000000,-0.161,,,,,3582000000,0.044,5144000000,0.132,1857000000,,-0.503,16.43,,,,,,224272000000,83738000000,0.373,741.11,83738000000,,,,,22.00,,,,116881106,3891149,112990565,false,false,12,2014-04-01,2015-03-31,-1
2016-04-28,81330,2017-03-31,,,,,,,,,,,,,,,,,,,,,,,,,,,,,,27.00,,,,,,,false,true,12,2016-04-01,2017-03-31,1
2016-04-28,81330,2016-03-31,,1071629000000,-0.220,,,,,16384000000,0.251,,,,7469000000,,66.10,,,,0.015,,304053000000,,,,,30322000000,-16673000000,-9059000000,,,0.363,,,,,,true,false,12,2015-04-01,2016-03-31,0
2016-04-28,81330,2015-03-31,,1373393000000,-0.088,,,,,13100000000,0.103,,,,5503000000,,48.71,,,,0.010,,329059000000,,,,,34336000000,-20410000000,-12115000000,,,0.452,,,,,,true,false,12,2014-04-01,2015-03-31,-1
2016-04-28,81330,2017-03-31,,1060000000000,-0.011,,,,,17500000000,0.068,,,,10000000000,,88.5,,,,,,,,,,,,,,,,0.305,,,,,,true,true,12,2016-04-01,2017-03-31,1
2016-04-28,81330,2016-03-31,,776457000000,-0.277,,,,,4575000000,0.277,6023000000,0.171,3799000000,,1.046,33.62,,,,,,194746000000,84628000000,0.435,748.99,84628000000,,,,,24.00,,,,116881106,3891809,112989557,false,false,12,2015-04-01,2016-03-31,0
2016-04-28,81330,2015-03-31,,1073214000000,-0.161,,,,,3582000000,0.044,5144000000,0.132,1857000000,,-0.503,16.43,,,,,,224272000000,83738000000,0.373,741.11,83738000000,,,,,22.00,,,,116881106,3891149,112990565,false,false,12,2014-04-01,2015-03-31,-1
2016-04-28,81330,2017-03-31,,,,,,,,,,,,,,,,,,,,,,,,,,,,,,27.00,,,,,,,false,true,12,2016-04-01,2017-03-31,1
2016-07-28,81330,2017-03-31,1,222091000000,-0.221,,,,,2328000000,-0.156,,,,1077000000,,9.53,,,,,,303376000000,,,,,,,,,,,,,,,,true,false,3,2016-04-01,2016-06-30,0
2016-07-28,81330,2016-03-31,1,284999000000,-0.152,,,,,2758000000,0.690,,,,1339000000,,11.85,,,,,,,,,,,,,,,,,,,,,,true,false,3,2015-04-01,2015-06-30,-1
2016-07-28,81330,2017-03-31,1,1060000000000,-0.011,,,,,17500000000,0.068,,,,10000000000,,88.50,,,,,,,,,,,,,,,,,,,,,,true,true,12,2016-04-01,2017-03-31,0
2016-07-28,81330,2016-03-31,1,,,,,,,,,,,,,,,,,,,,304053000000,,,,,,,,,,,,,,,,true,false,12,2015-04-01,2016-03-31,-1
2016-07-28,81330,2016-03-31,1,,,,,,,,,,,,,,,,,,,,,,,,,,,,,24.00,,,,116881106,3891809,,false,false,12,2015-04-01,2016-03-31,-1
2016-07-28,81330,2017-03-31,1,,,,,,,,,,,,,,,,,,,,,,,,,,,,,27.00,,,,,,,false,true,12,2016-04-01,2017-03-31,0
2016-07-28,81330,2017-03-31,1,,,,,,,,,,,,,,,,,,,,,,,,,,,,,,,,,116881106,3891891,112989260,false,false,3,2016-04-01,2016-06-30,0
2016-07-28,81330,2016-03-31,1,,,,,,,,,,,,,,,,,,,,,,,,,,,,,,,,,,,112989902,false,false,3,2015-04-01,2015-06-30,-1
2016-10-31,81330,2017-03-31,2,466313000000,-0.173,,,,,7755000000,0.050,,,,3707000000,,32.81,,,,,,310658000000,,,,,,,,,,,,,,,,true,false,6,2016-04-01,2016-09-30,0
2016-10-31,81330,2016-03-31,2,564118000000,-0.190,,,,,7384000000,0.236,,,,3209000000,,28.40,,,,,,,,,,,,,,,,,,,,,,true,false,6,2015-04-01,2015-09-30,-1
2016-10-31,81330,2017-03-31,2,1060000000000,-0.011,,,,,17500000000,0.068,,,,10000000000,,88.50,,,,,,,,,,,,,,,,,,,,,,true,true,12,2016-04-01,2017-03-31,0
2016-10-31,81330,2016-03-31,2,,,,,,,,,,,,,,,,,,,,304053000000,,,,,,,,,,,,,,,,true,false,12,2015-04-01,2016-03-31,-1
2016-10-31,81330,2016-03-31,2,,,,,,,,,,,,,,,,,,,,,,,,,,,,,24.00,,,,116881106,3891809,,false,false,12,2015-04-01,2016-03-31,-1
2016-10-31,81330,2017-03-31,2,,,,,,,,,,,,,,,,,,,,,,,,,,,,,13.50,,,,,,,false,false,12,2016-04-01,2017-03-31,0
2016-10-31,81330,2017-03-31,2,,,,,,,,,,,,,,,,,,,,,,,,,,,,,27.00,,,,,,,false,true,12,2016-04-01,2017-03-31,0
2016-10-31,81330,2017-03-31,2,,,,,,,,,,,,,,,,,,,,,,,,,,,,,,,,,116881106,3892147,112989196,false,false,6,2016-04-01,2016-09-30,0
2016-10-31,81330,2016-03-31,2,,,,,,,,,,,,,,,,,,,,,,,,,,,,,,,,,,,112989742,false,false,6,2015-04-01,2015-09-30,-1
2017-01-31,81330,2017-03-31,3,730108000000,-0.120,,,,,13621000000,0.182,,,,6912000000,,61.17,,,,,,333869000000,,,,,,,,,,,,,,,,true,false,9,2016-04-01,2016-12-31,0
2017-01-31,81330,2016-03-31,3,829925000000,-0.221,,,,,11520000000,0.195,,,,5791000000,,51.26,,,,,,,,,,,,,,,,,,,,,,true,false,9,2015-04-01,2015-12-31,-1
2017-01-31,81330,2017-03-31,3,1060000000000,-0.011,,,,,17500000000,0.068,,,,10000000000,,88.50,,,,,,,,,,,,,,,,,,,,,,true,true,12,2016-04-01,2017-03-31,0
2017-01-31,81330,2016-03-31,3,,,,,,,,,,,,,,,,,,,,304053000000,,,,,,,,,,,,,,,,true,false,12,2015-04-01,2016-03-31,-1
2017-01-31,81330,2016-03-31,3,,,,,,,,,,,,,,,,,,,,,,,,,,,,,24.00,,,,116881106,3891809,,false,false,12,2015-04-01,2016-03-31,-1
2017-01-31,81330,2017-03-31,3,,,,,,,,,,,,,,,,,,,,,,,,,,,,,13.50,,,,,,,false,false,12,2016-04-01,2017-03-31,0
2017-01-31,81330,2017-03-31,3,,,,,,,,,,,,,,,,,,,,,,,,,,,,,27.00,,,,,,,false,true,12,2016-04-01,2017-03-31,0
2017-01-31,81330,2017-03-31,3,,,,,,,,,,,,,,,,,,,,,,,,,,,,,,,,,116881106,3892298,112989108,false,false,9,2016-04-01,2016-12-31,0
2017-01-31,81330,2016-03-31,3,,,,,,,,,,,,,,,,,,,,,,,,,,,,,,,,,,,112989631,false,false,9,2015-04-01,2015-12-31,-1
2017-04-28,81330,2017-03-31,,1028939000000,-0.040,,,,,19678000000,0.201,,,,10405000000,,92.09,,,,0.019,,344603000000,,,,,17831000000,-14712000000,-1195000000,,,0.348,,,,,,true,false,12,2016-04-01,2017-03-31,0
2017-04-28,81330,2016-03-31,,1071629000000,-0.220,,,,,16384000000,0.251,,,,7469000000,,66.10,,,,0.015,,304053000000,,,,,30322000000,-16673000000,-9059000000,,,0.363,,,,,,true,false,12,2015-04-01,2016-03-31,-1
2017-04-28,81330,2018-03-31,,1150000000000,0.118,,,,,16500000000,-0.162,,,,10400000000,,92.05,,,,,,,,,,,,,,,,0.348,,,,,,true,true,12,2017-04-01,2018-03-31,1
2017-04-28,81330,2017-03-31,,739589000000,-0.047,,,,,5523000000,0.207,7362000000,0.222,4727000000,,0.244,41.84,,,,,,217646000000,86484000000,0.397,765.42,86484000000,,,,,32.00,,,,116881106,3892374,112989021,false,false,12,2016-04-01,2017-03-31,0
2017-04-28,81330,2016-03-31,,776457000000,-0.277,,,,,4575000000,0.277,6023000000,0.171,3799000000,,1.046,33.62,,,,,,194746000000,84628000000,0.435,748.99,84628000000,,,,,24.00,,,,116881106,3891809,112989557,false,false,12,2015-04-01,2016-03-31,-1
2017-04-28,81330,2018-03-31,,,,,,,,,,,,,,,,,,,,,,,,,,,,,,32.00,,,,,,,false,true,12,2017-04-01,2018-03-31,1
,81330,2017-03-31,,,,,,,,,,,,,,,,,,,,,,,,,,,,,,32.00,,,,,,,false,true,12,2016-04-01,2017-03-31,0
,81330,2017-03-31,,,,,,,,,,,,,,,,,,,,,,,,,,,,,,13.50,,,,,,,false,false,12,2016-04-01,2017-03-31,0
,81330,2016-03-31,,,,,,,,,,,,,,,,,,,,,,,,,,,,,,24.00,,,,,,,false,false,12,2015-04-01,2016-03-31,-1
2017-08-02,81330,2018-03-31,1,245395000000,0.105,,,,,4664000000,1.004,,,,2523000000,,22.33,,,,,,319353000000,,,,,,,,,,,,,,,,true,false,3,2017-04-01,2017-06-30,0
2017-08-02,81330,2017-03-31,1,222091000000,-0.221,,,,,2328000000,-0.156,,,,1077000000,,9.53,,,,,,,,,,,,,,,,,,,,,,true,false,3,2016-04-01,2016-06-30,-1
2017-08-02,81330,2018-03-31,1,1150000000000,0.118,,,,,16500000000,-0.162,,,,10400000000,,92.05,,,,,,,,,,,,,,,,,,,,,,true,true,12,2017-04-01,2018-03-31,0
2017-08-02,81330,2017-03-31,1,,,,,,,,,,,,,,,,,,,,344603000000,,,,,,,,,,,,,,,,true,false,12,2016-04-01,2017-03-31,-1
2017-08-02,81330,2017-03-31,1,,,,,,,,,,,,,,,,,,,,,,,,,,,,,32.00,,,,116881106,3892374,,false,false,12,2016-04-01,2017-03-31,-1
2017-08-02,81330,2018-03-31,1,,,,,,,,,,,,,,,,,,,,,,,,,,,,,32.00,,,,,,,false,true,12,2017-04-01,2018-03-31,0
2017-08-02,81330,2018-03-31,1,,,,,,,,,,,,,,,,,,,,,,,,,,,,,,,,,116881106,3892440,112988683,false,false,3,2017-04-01,2017-06-30,0
2017-08-02,81330,2017-03-31,1,,,,,,,,,,,,,,,,,,,,,,,,,,,,,,,,,,,112989260,false,false,3,2016-04-01,2016-06-30,-1
2017-10-31,81330,2018-03-31,2,507990000000,0.089,,,,,9421000000,0.215,,,,3969000000,,35.14,,,,,,334165000000,,,,,,,,,,,,,,,,true,false,6,2017-04-01,2017-09-30,0
2017-10-31,81330,2017-03-31,2,466313000000,-0.173,,,,,7755000000,0.050,,,,3707000000,,32.81,,,,,,,,,,,,,,,,,,,,,,true,false,6,2016-04-01,2016-09-30,-1
2017-10-31,81330,2018-03-31,2,1150000000000,0.118,,,,,16500000000,-0.162,,,,10400000000,,92.05,,,,,,,,,,,,,,,,,,,,,,true,true,12,2017-04-01,2018-03-31,0
2017-10-31,81330,2017-03-31,2,,,,,,,,,,,,,,,,,,,,344603000000,,,,,,,,,,,,,,,,true,false,12,2016-04-01,2017-03-31,-1
2017-10-31,81330,2017-03-31,2,,,,,,,,,,,,,,,,,,,,,,,,,,,,,32.00,,,,116881106,3892374,,false,false,12,2016-04-01,2017-03-31,-1
2017-10-31,81330,2018-03-31,2,,,,,,,,,,,,,,,,,,,,,,,,,,,,,16.00,,,,,,,false,false,12,2017-04-01,2018-03-31,0
2017-10-31,81330,2018-03-31,2,,,,,,,,,,,,,,,,,,,,,,,,,,,,,32.00,,,,,,,false,true,12,2017-04-01,2018-03-31,0
2017-10-31,81330,2018-03-31,2,,,,,,,,,,,,,,,,,,,,,,,,,,,,,,,,,116881106,4001906,112957384,false,false,6,2017-04-01,2017-09-30,0
2017-10-31,81330,2017-03-31,2,,,,,,,,,,,,,,,,,,,,,,,,,,,,,,,,,,,112989196,false,false,6,2016-04-01,2016-09-30,-1
2018-01-31,81330,2018-03-31,3,814044000000,0.115,,,,,14299000000,0.050,,,,9278000000,,82.15,,,,,,375531000000,,,,,,,,,,,,,,,,true,false,9,2017-04-01,2017-12-31,0
2018-01-31,81330,2017-03-31,3,730108000000,-0.120,,,,,13621000000,0.182,,,,6912000000,,61.17,,,,,,,,,,,,,,,,,,,,,,true,false,9,2016-04-01,2016-12-31,-1
2018-01-31,81330,2018-03-31,3,1150000000000,0.118,,,,,16500000000,-0.162,,,,10400000000,,92.05,,,,,,,,,,,,,,,,,,,,,,true,true,12,2017-04-01,2018-03-31,0
2018-01-31,81330,2017-03-31,3,,,,,,,,,,,,,,,,,,,,344603000000,,,,,,,,,,,,,,,,true,false,12,2016-04-01,2017-03-31,-1
2018-01-31,81330,2017-03-31,3,,,,,,,,,,,,,,,,,,,,,,,,,,,,,32.00,,,,116881106,3892374,,false,false,12,2016-04-01,2017-03-31,-1
2018-01-31,81330,2018-03-31,3,,,,,,,,,,,,,,,,,,,,,,,,,,,,,16.00,,,,,,,false,false,12,2017-04-01,2018-03-31,0
2018-01-31,81330,2018-03-31,3,,,,,,,,,,,,,,,,,,,,,,,,,,,,,32.00,,,,,,,false,true,12,2017-04-01,2018-03-31,0
2018-01-31,81330,2018-03-31,3,,,,,,,,,,,,,,,,,,,,,,,,,,,,,,,,,116881106,4001968,112933910,false,false,9,2017-04-01,2017-12-31,0
2018-01-31,81330,2017-03-31,3,,,,,,,,,,,,,,,,,,,,,,,,,,,,,,,,,,,112989108,false,false,9,2016-04-01,2016-12-31,-1
2018-04-27,81330,2018-03-31,,1156344000000,0.124,,,,,17153000000,-0.128,,,,11025000000,,97.63,,,,0.015,,382621000000,,,,,24239000000,-18458000000,-5850000000,,,0.410,,,,,,true,false,12,2017-04-01,2018-03-31,0
2018-04-27,81330,2017-03-31,,1028939000000,-0.040,,,,,19678000000,0.201,,,,10405000000,,92.09,,,,0.019,,344603000000,,,,,17831000000,-14712000000,-1195000000,,,0.348,,,,,,true,false,12,2016-04-01,2017-03-31,-1
2018-04-27,81330,2019-03-31,,1250000000000,0.081,,,,,18700000000,0.090,,,,11300000000,,100.11,,,,,,,,,,,,,,,,0.400,,,,,,true,true,12,2018-04-01,2019-03-31,1
2018-04-27,81330,2018-03-31,,861760000000,0.165,,,,,5096000000,-0.077,7805000000,0.060,4794000000,,0.014,42.45,,,,,,230391000000,88245000000,0.383,781.77,88245000000,,,,,40.00,,,,116881106,4002135,112921238,false,false,12,2017-04-01,2018-03-31,0
2018-04-27,81330,2017-03-31,,739589000000,-0.047,,,,,5523000000,0.207,7362000000,0.222,4727000000,,0.244,41.84,,,,,,217646000000,86484000000,0.397,765.42,86484000000,,,,,32.00,,,,116881106,3892374,112989021,false,false,12,2016-04-01,2017-03-31,-1
2018-04-27,81330,2019-03-31,,,,,,,,,,,,,,,,,,,,,,,,,,,,,,40.00,,,,,,,false,true,12,2018-04-01,2019-03-31,1
2018-07-31,81330,2019-03-31,1,288762000000,0.177,,,,,3938000000,-0.156,,,,2544000000,,22.54,,,,,,364197000000,,,,,,,,,,,,,,,,true,false,3,2018-04-01,2018-06-30,0
2018-07-31,81330,2018-03-31,1,245395000000,0.105,,,,,4664000000,1.004,,,,2523000000,,22.33,,,,,,,,,,,,,,,,,,,,,,true,false,3,2017-04-01,2017-06-30,-1
2018-07-31,81330,2019-03-31,1,1250000000000,0.081,,,,,18700000000,0.090,,,,11300000000,,100.11,,,,,,,,,,,,,,,,,,,,,,true,true,12,2018-04-01,2019-03-31,0
2018-07-31,81330,2018-03-31,1,,,,,,,,,,,,,,,,,,,,382621000000,,,,,,,,,,,,,,,,true,false,12,2017-04-01,2018-03-31,-1
2018-07-31,81330,2018-03-31,1,,,,,,,,,,,,,,,,,,,,,,,,,,,,,40.00,,,,116881106,4002135,,false,false,12,2017-04-01,2018-03-31,-1
2018-07-31,81330,2019-03-31,1,,,,,,,,,,,,,,,,,,,,,,,,,,,,,40.00,,,,,,,false,true,12,2018-04-01,2019-03-31,0
2018-07-31,81330,2019-03-31,1,,,,,,,,,,,,,,,,,,,,,,,,,,,,,,,,,116881106,4002135,112878971,false,false,3,2018-04-01,2018-06-30,0
2018-07-31,81330,2018-03-31,1,,,,,,,,,,,,,,,,,,,,,,,,,,,,,,,,,,,112988683,false,false,3,2017-04-01,2017-06-30,-1
2018-10-31,81330,2019-03-31,2,606834000000,0.195,,,,,8884000000,-0.057,,,,5447000000,,48.25,,,,,,377608000000,,,,,,,,,,,,,,,,true,false,6,2018-04-01,2018-09-30,0
2018-10-31,81330,2018-03-31,2,507990000000,0.089,,,,,9421000000,0.215,,,,3969000000,,35.14,,,,,,,,,,,,,,,,,,,,,,true,false,6,2017-04-01,2017-09-30,-1
2018-10-31,81330,2019-03-31,2,1250000000000,0.081,,,,,18700000000,0.090,,,,11300000000,,100.11,,,,,,,,,,,,,,,,,,,,,,true,true,12,2018-04-01,2019-03-31,0
2018-10-31,81330,2018-03-31,2,,,,,,,,,,,,,,,,,,,,382621000000,,,,,,,,,,,,,,,,true,false,12,2017-04-01,2018-03-31,-1
2018-10-31,81330,2018-03-31,2,,,,,,,,,,,,,,,,,,,,,,,,,,,,,40.00,,,,116881106,4002135,,false,false,12,2017-04-01,2018-03-31,-1
2018-10-31,81330,2019-03-31,2,,,,,,,,,,,,,,,,,,,,,,,,,,,,,20.00,,,,,,,false,false,12,2018-04-01,2019-03-31,0
2018-10-31,81330,2019-03-31,2,,,,,,,,,,,,,,,,,,,,,,,,,,,,,40.00,,,,,,,false,true,12,2018-04-01,2019-03-31,0
2018-10-31,81330,2019-03-31,2,,,,,,,,,,,,,,,,,,,,,,,,,,,,,,,,,116881106,4002255,112878931,false,false,6,2018-04-01,2018-09-30,0
2018-10-31,81330,2018-03-31,2,,,,,,,,,,,,,,,,,,,,,,,,,,,,,,,,,,,112957384,false,false,6,2017-04-01,2017-09-30,-1
2019-01-31,81330,2019-03-31,3,931822000000,0.145,,,,,13267000000,-0.072,,,,7812000000,,69.21,,,,,,375809000000,,,,,,,,,,,,,,,,true,false,9,2018-04-01,2018-12-31,0
2019-01-31,81330,2018-03-31,3,814044000000,0.115,,,,,14299000000,0.050,,,,9278000000,,82.15,,,,,,,,,,,,,,,,,,,,,,true,false,9,2017-04-01,2017-12-31,-1
2019-01-31,81330,2019-03-31,3,1250000000000,0.081,,,,,18700000000,0.090,,,,11300000000,,100.11,,,,,,,,,,,,,,,,,,,,,,true,true,12,2018-04-01,2019-03-31,0
2019-01-31,81330,2018-03-31,3,,,,,,,,,,,,,,,,,,,,382621000000,,,,,,,,,,,,,,,,true,false,12,2017-04-01,2018-03-31,-1
2019-01-31,81330,2018-03-31,3,,,,,,,,,,,,,,,,,,,,,,,,,,,,,40.00,,,,116881106,4002135,,false,false,12,2017-04-01,2018-03-31,-1
2019-01-31,81330,2019-03-31,3,,,,,,,,,,,,,,,,,,,,,,,,,,,,,20.00,,,,,,,false,false,12,2018-04-01,2019-03-31,0
2019-01-31,81330,2019-03-31,3,,,,,,,,,,,,,,,,,,,,,,,,,,,,,40.00,,,,,,,false,true,12,2018-04-01,2019-03-31,0
2019-01-31,81330,2019-03-31,3,,,,,,,,,,,,,,,,,,,,,,,,,,,,,,,,,116881106,4002381,112878888,false,false,9,2018-04-01,2018-12-31,0
2019-01-31,81330,2018-03-31,3,,,,,,,,,,,,,,,,,,,,,,,,,,,,,,,,,,,112933910,false,false,9,2017-04-01,2017-12-31,-1
2019-04-26,81330,2019-03-31,,1244260000000,0.076,,,,,17851000000,0.041,,,,11559000000,,102.40,,,,0.014,,374373000000,,,,,25403000000,-13410000000,-15857000000,,,0.410,,,,,,true,false,12,2018-04-01,2019-03-31,0
2019-04-26,81330,2018-03-31,,1156344000000,0.124,,,,,17153000000,-0.128,,,,11025000000,,97.63,,,,0.015,,382621000000,,,,,24239000000,-18458000000,-5850000000,,,0.410,,,,,,true,false,12,2017-04-01,2018-03-31,-1
2019-04-26,81330,2019-03-31,,941404000000,0.092,,,,,2332000000,-0.542,8869000000,0.136,7918000000,,0.652,70.15,,,,,,240587000000,90583000000,0.377,802.48,90583000000,,,,,42.00,,,,116881106,4002462,112878838,false,false,12,2018-04-01,2019-03-31,0
2019-04-26,81330,2018-03-31,,861760000000,0.165,,,,,5096000000,-0.077,7805000000,0.060,4794000000,,0.014,42.45,,,,,,230391000000,88245000000,0.383,781.77,88245000000,,,,,40.00,,,,116881106,4002135,112921238,false,false,12,2017-04-01,2018-03-31,-1
2019-04-26,81330,2020-03-31,,,,,,,,16500000000,-0.076,,,,11800000000,,104.54,,,,,,,,,,,,,,,,0.402,,,,,,true,true,12,2019-04-01,2020-03-31,1
2019-04-26,81330,2020-03-31,,,,,,,,,,,,,,,,,,,,,,,,,,,,,,42.00,,,,,,,false,true,12,2019-04-01,2020-03-31,1
2019-07-31,81330,2020-03-31,1,,,,,,,4312000000,0.095,,,,2701000000,,23.93,,,,,,400018000000,,,,,,,,,,,,,,,,true,false,3,2019-04-01,2019-06-30,0
2019-07-31,81330,2019-03-31,1,,,,,,,3938000000,-0.156,,,,2544000000,,22.54,,,,,,,,,,,,,,,,,,,,,,true,false,3,2018-04-01,2018-06-30,-1
2019-07-31,81330,2020-03-31,1,,,,,,,16500000000,-0.076,,,,11800000000,,104.54,,,,,,,,,,,,,,,,,,,,,,true,true,12,2019-04-01,2020-03-31,0
2019-07-31,81330,2019-03-31,1,,,,,,,,,,,,,,,,,,,,374373000000,,,,,,,,,,,,,,,,true,false,12,2018-04-01,2019-03-31,-1
2019-07-31,81330,2019-03-31,1,,,,,,,,,,,,,,,,,,,,,,,,,,,,,42.00,,,,116881106,4002462,,false,false,12,2018-04-01,2019-03-31,-1
2019-07-31,81330,2020-03-31,1,,,,,,,,,,,,,,,,,,,,,,,,,,,,,42.00,,,,,,,false,true,12,2019-04-01,2020-03-31,0
2019-07-31,81330,2020-03-31,1,,,,,,,,,,,,,,,,,,,,,,,,,,,,,,,,,116881106,4002462,112878644,false,false,3,2019-04-01,2019-06-30,0
2019-07-31,81330,2019-03-31,1,,,,,,,,,,,,,,,,,,,,,,,,,,,,,,,,,,,112878971,false,false,3,2018-04-01,2018-06-30,-1
2019-10-31,81330,2020-03-31,2,,,,,,,9527000000,0.072,,,,5184000000,,45.93,,,,,,409579000000,,,,,,,,,,,,,,,,true,false,6,2019-04-01,2019-09-30,0
2019-10-31,81330,2019-03-31,2,,,,,,,8884000000,-0.057,,,,5447000000,,48.25,,,,,,,,,,,,,,,,,,,,,,true,false,6,2018-04-01,2018-09-30,-1
2019-10-31,81330,2020-03-31,2,,,,,,,16500000000,-0.076,,,,11800000000,,104.54,,,,,,,,,,,,,,,,,,,,,,true,true,12,2019-04-01,2020-03-31,0
2019-10-31,81330,2019-03-31,2,,,,,,,,,,,,,,,,,,,,374373000000,,,,,,,,,,,,,,,,true,false,12,2018-04-01,2019-03-31,-1
2019-10-31,81330,2019-03-31,2,,,,,,,,,,,,,,,,,,,,,,,,,,,,,42.00,,,,116881106,4002462,,false,false,12,2018-04-01,2019-03-31,-1
2019-10-31,81330,2020-03-31,2,,,,,,,,,,,,,,,,,,,,,,,,,,,,,21.00,,,,,,,false,false,12,2019-04-01,2020-03-31,0
2019-10-31,81330,2020-03-31,2,,,,,,,,,,,,,,,,,,,,,,,,,,,,,42.00,,,,,,,false,true,12,2019-04-01,2020-03-31,0
2019-10-31,81330,2020-03-31,2,,,,,,,,,,,,,,,,,,,,,,,,,,,,,,,,,116881106,3999980,112879351,false,false,6,2019-04-01,2019-09-30,0
2019-10-31,81330,2019-03-31,2,,,,,,,,,,,,,,,,,,,,,,,,,,,,,,,,,,,112878931,false,false,6,2018-04-01,2018-09-30,-1
2020-01-31,81330,2020-03-31,3,,,,,,,15219000000,0.147,,,,9282000000,,82.23,,,,,,408799000000,,,,,,,,,,,,,,,,true,false,9,2019-04-01,2019-12-31,0
2020-01-31,81330,2019-03-31,3,,,,,,,13267000000,-0.072,,,,7812000000,,69.21,,,,,,,,,,,,,,,,,,,,,,true,false,9,2018-04-01,2018-12-31,-1
2020-01-31,81330,2020-03-31,3,,,,,,,16500000000,-0.076,,,,11800000000,,104.54,,,,,,,,,,,,,,,,,,,,,,true,true,12,2019-04-01,2020-03-31,0
2020-01-31,81330,2019-03-31,3,,,,,,,,,,,,,,,,,,,,374373000000,,,,,,,,,,,,,,,,true,false,12,2018-04-01,2019-03-31,-1
2020-01-31,81330,2019-03-31,3,,,,,,,,,,,,,,,,,,,,,,,,,,,,,42.00,,,,116881106,4002462,,false,false,12,2018-04-01,2019-03-31,-1
2020-01-31,81330,2020-03-31,3,,,,,,,,,,,,,,,,,,,,,,,,,,,,,21.00,,,,,,,false,false,12,2019-04-01,2020-03-31,0
2020-01-31,81330,2020-03-31,3,,,,,,,,,,,,,,,,,,,,,,,,,,,,,42.00,,,,,,,false,true,12,2019-04-01,2020-03-31,0
2020-01-31,81330,2020-03-31,3,,,,,,,,,,,,,,,,,,,,,,,,,,,,,,,,,116881106,4000476,112879808,false,false,9,2019-04-01,2019-12-31,0
2020-01-31,81330,2019-03-31,3,,,,,,,,,,,,,,,,,,,,,,,,,,,,,,,,,,,112878888,false,false,9,2018-04-01,2018-12-31,-1
2020-04-30,81330,2020-03-31,,818270000000,-0.131,,,,,5176000000,1.220,8545000000,-0.037,6990000000,,-0.117,61.93,,,,,,210038000000,92654000000,0.441,820.81,92654000000,,,,,44.00,,,,116881106,4000584,112879973,false,false,12,2019-04-01,2020-03-31,0
2020-04-30,81330,2019-03-31,,941404000000,0.092,,,,,2332000000,-0.542,8869000000,0.136,7918000000,,0.652,70.15,,,,,,240587000000,90583000000,0.377,802.48,90583000000,,,,,42.00,,,,116881106,4002462,112878838,false,false,12,2018-04-01,2019-03-31,-1
2020-04-30,81330,2020-03-31,,,,,,,,19257000000,0.079,,,,12056000000,,106.81,,,,,,387657000000,,,,,28106000000,-1411000000,-26196000000,,,0.412,,,,,,true,false,12,2019-04-01,2020-03-31,0
2020-04-30,81330,2019-03-31,,,,,,,,17851000000,0.041,,,,11559000000,,102.40,,,,,,374373000000,,,,,25403000000,-13410000000,-15857000000,,,0.410,,,,,,true,false,12,2018-04-01,2019-03-31,-1
2020-05-15,81330,2021-03-31,,,,,,,,16000000000,,,,,11000000000,,97.45,,,,,,,,,,,,,,,,,,,,,,true,true,12,2020-04-01,2021-03-31,0
2020-05-15,81330,2020-03-31,,,,,,,,19257000000,,,,,12056000000,,106.81,,,,,,,,,,,,,,,,,,,,,,true,false,12,2019-04-01,2020-03-31,-1
2020-05-15,81330,2021-03-31,,,,,,,,,,,,,,,,,,,,,,,,,,,,,,44.00,,,,,,,false,true,12,2020-04-01,2021-03-31,0
2020-05-15,81330,2020-03-31,,,,,,,,,,,,,,,,,,,,,,,,,,,,,,44.00,,,,,,,false,false,12,2019-04-01,2020-03-31,-1
2020-07-31,81330,2021-03-31,1,,,,,,,4447000000,0.031,,,,3578000000,,31.70,,,,,,381701000000,,,,,,,,,,,,,,,,true,false,3,2020-04-01,2020-06-30,0
2020-07-31,81330,2020-03-31,1,,,,,,,4312000000,0.095,,,,2701000000,,23.93,,,,,,,,,,,,,,,,,,,,,,true,false,3,2019-04-01,2019-06-30,-1
2020-07-31,81330,2021-03-31,1,,,,,,,16000000000,-0.169,,,,11000000000,,97.45,,,,,,,,,,,,,,,,,,,,,,true,true,12,2020-04-01,2021-03-31,0
2020-07-31,81330,2020-03-31,1,,,,,,,,,,,,,,,,,,,,387657000000,,,,,,,,,,,,,,,,true,false,12,2019-04-01,2020-03-31,-1
2020-07-31,81330,2020-03-31,1,,,,,,,,,,,,,,,,,,,,,,,,,,,,,44.00,,,,116881106,4000584,,false,false,12,2019-04-01,2020-03-31,-1
2020-07-31,81330,2021-03-31,1,,,,,,,,,,,,,,,,,,,,,,,,,,,,,44.00,,,,,,,false,true,12,2020-04-01,2021-03-31,0
2020-07-31,81330,2021-03-31,1,,,,,,,,,,,,,,,,,,,,,,,,,,,,,,,,,116881106,4000584,112880522,false,false,3,2020-04-01,2020-06-30,0
2020-07-31,81330,2020-03-31,1,,,,,,,,,,,,,,,,,,,,,,,,,,,,,,,,,,,112878644,false,false,3,2019-04-01,2019-06-30,-1
2020-10-30,81330,2021-03-31,2,,,,,,,10163000000,0.067,,,,6234000000,,55.22,,,,,,376704000000,,,,,,,,,,,,,,,,true,false,6,2020-04-01,2020-09-30,0
2020-10-30,81330,2020-03-31,2,,,,,,,9527000000,0.072,,,,5184000000,,45.93,,,,,,,,,,,,,,,,,,,,,,true,false,6,2019-04-01,2019-09-30,-1
2020-10-30,81330,2021-03-31,2,,,,,,,16000000000,-0.169,,,,11000000000,,97.45,,,,,,,,,,,,,,,,,,,,,,true,true,12,2020-04-01,2021-03-31,0
2020-10-30,81330,2020-03-31,2,,,,,,,,,,,,,,,,,,,,387657000000,,,,,,,,,,,,,,,,true,false,12,2019-04-01,2020-03-31,-1
2020-10-30,81330,2020-03-31,2,,,,,,,,,,,,,,,,,,,,,,,,,,,,,44.00,,,,116881106,4000584,,false,false,12,2019-04-01,2020-03-31,-1
2020-10-30,81330,2021-03-31,2,,,,,,,,,,,,,,,,,,,,,,,,,,,,,22.00,,,,,,,false,false,12,2020-04-01,2021-03-31,0
2020-10-30,81330,2021-03-31,2,,,,,,,,,,,,,,,,,,,,,,,,,,,,,44.00,,,,,,,false,true,12,2020-04-01,2021-03-31,0
2020-10-30,81330,2021-03-31,2,,,,,,,,,,,,,,,,,,,,,,,,,,,,,,,,,116881106,4000059,112880657,false,false,6,2020-04-01,2020-09-30,0
2020-10-30,81330,2020-03-31,2,,,,,,,,,,,,,,,,,,,,,,,,,,,,,,,,,,,112879351,false,false,6,2019-04-01,2019-09-30,-1
2021-01-29,81330,2021-03-31,3,,,,,,,15944000000,0.048,,,,9525000000,,84.38,,,,,,399676000000,,,,,,,,,,,,,,,,true,false,9,2020-04-01,2020-12-31,0
2021-01-29,81330,2020-03-31,3,,,,,,,15219000000,0.147,,,,9282000000,,82.23,,,,,,,,,,,,,,,,,,,,,,true,false,9,2019-04-01,2019-12-31,-1
2021-01-29,81330,2021-03-31,3,,,,,,,16000000000,-0.169,,,,11000000000,,97.45,,,,,,,,,,,,,,,,,,,,,,true,true,12,2020-04-01,2021-03-31,0
2021-01-29,81330,2020-03-31,3,,,,,,,,,,,,,,,,,,,,387657000000,,,,,,,,,,,,,,,,true,false,12,2019-04-01,2020-03-31,-1
2021-01-29,81330,2020-03-31,3,,,,,,,,,,,,,,,,,,,,,,,,,,,,,44.00,,,,116881106,4000584,,false,false,12,2019-04-01,2020-03-31,-1
2021-01-29,81330,2021-03-31,3,,,,,,,,,,,,,,,,,,,,,,,,,,,,,22.00,,,,,,,false,false,12,2020-04-01,2021-03-31,0
2021-01-29,81330,2021-03-31,3,,,,,,,,,,,,,,,,,,,,,,,,,,,,,44.00,,,,,,,false,true,12,2020-04-01,2021-03-31,0
2021-01-29,81330,2021-03-31,3,,,,,,,,,,,,,,,,,,,,,,,,,,,,,,,,,116881106,4000303,112880722,false,false,9,2020-04-01,2020-12-31,0
2021-01-29,81330,2020-03-31,3,,,,,,,,,,,,,,,,,,,,,,,,,,,,,,,,,,,112879808,false,false,9,2019-04-01,2019-12-31,-1
2021-04-30,81330,2021-03-31,,653843000000,-0.201,,,,,4392000000,-0.152,8173000000,-0.044,5922000000,,-0.153,52.46,,,,,,229472000000,93795000000,0.409,830.92,93795000000,,,,,50.00,,,,116881106,4000323,112880739,false,false,12,2020-04-01,2021-03-31,0
2021-04-30,81330,2020-03-31,,818270000000,-0.131,,,,,5176000000,1.220,8545000000,-0.037,6990000000,,-0.117,61.93,,,,,,210038000000,92654000000,0.441,820.81,92654000000,,,,,44.00,,,,116881106,4000584,112879973,false,false,12,2019-04-01,2020-03-31,-1
2021-04-30,81330,2021-03-31,,,,,,,,19346000000,0.005,,,,12168000000,,107.79,,,,,,408327000000,,,,,40214000000,-125000000,-24528000000,,,0.464,,,,,,true,false,12,2020-04-01,2021-03-31,0
2021-04-30,81330,2020-03-31,,,,,,,,19257000000,0.079,,,,12056000000,,106.81,,,,,,387657000000,,,,,28106000000,-1411000000,-26196000000,,,0.412,,,,,,true,false,12,2019-04-01,2020-03-31,-1
2021-04-30,81330,2022-03-31,,,,,,,,20500000000,0.060,,,,12500000000,,110.74,,,,,,,,,,,,,,,,0.415,,,,,,true,true,12,2021-04-01,2022-03-31,1
2021-04-30,81330,2022-03-31,,,,,,,,,,,,,,,,,,,,,,,,,,,,,,46.00,,,,,,,false,true,12,2021-04-01,2022-03-31,1
2021-07-30,81330,2022-03-31,1,,,,,,,4325000000,-0.027,,,,2666000000,,23.62,,,,,,390227000000,,,,,,,,,,,,,,,,true,false,3,2021-04-01,2021-06-30,0
2021-07-30,81330,2021-03-31,1,,,,,,,4447000000,0.031,,,,3578000000,,31.70,,,,,,,,,,,,,,,,,,,,,,true,false,3,2020-04-01,2020-06-30,-1
2021-07-30,81330,2022-03-31,1,,,,,,,20500000000,0.060,,,,12500000000,,110.74,,,,,,,,,,,,,,,,,,,,,,true,true,12,2021-04-01,2022-03-31,0
2021-07-30,81330,2021-03-31,1,,,,,,,,,,,,,,,,,,,,408327000000,,,,,,,,,,,,,,,,true,false,12,2020-04-01,2021-03-31,-1
2021-07-30,81330,2021-03-31,1,,,,,,,,,,,,,,,,,,,,,,,,,,,,,50.00,,,,116881106,4000323,,false,false,12,2020-04-01,2021-03-31,-1
2021-07-30,81330,2022-03-31,1,,,,,,,,,,,,,,,,,,,,,,,,,,,,,46.00,,,,,,,false,true,12,2021-04-01,2022-03-31,0
2021-07-30,81330,2022-03-31,1,,,,,,,,,,,,,,,,,,,,,,,,,,,,,,,,,116881106,4000463,112880697,false,false,3,2021-04-01,2021-06-30,0
2021-07-30,81330,2021-03-31,1,,,,,,,,,,,,,,,,,,,,,,,,,,,,,,,,,,,112880522,false,false,3,2020-04-01,2020-06-30,-1
2021-10-29,8133,2022-03-31,2,,,,,,,9139000000,-0.101,,,,5527000000,,48.96,,,,,,391169000000,,,,,,,,,,,,,,,,true,false,6,2021-04-01,2021-09-30,0
2021-10-29,8133,2021-03-31,2,,,,,,,10163000000,0.067,,,,6234000000,,55.22,,,,,,,,,,,,,,,,,,,,,,true,false,6,2020-04-01,2020-09-30,-1
2021-10-29,8133,2022-03-31,2,,,,,,,20500000000,0.060,,,,12500000000,,110.74,,,,,,,,,,,,,,,,,,,,,,true,true,12,2021-04-01,2022-03-31,0
2021-10-29,8133,2021-03-31,2,,,,,,,,,,,,,,,,,,,,408327000000,,,,,,,,,,,,,,,,true,false,12,2020-04-01,2021-03-31,-1
2021-10-29,8133,2021-03-31,2,,,,,,,,,,,,,,,,,,,,,,,,,,,,,50.00,,,,116881106,4000323,,false,false,12,2020-04-01,2021-03-31,-1
2021-10-29,8133,2022-03-31,2,,,,,,,,,,,,,,,,,,,,,,,,,,,,,23.00,,,,,,,false,false,12,2021-04-01,2022-03-31,0
2021-10-29,8133,2022-03-31,2,,,,,,,,,,,,,,,,,,,,,,,,,,,,,46.00,,,,,,,false,true,12,2021-04-01,2022-03-31,0
2021-10-29,8133,2022-03-31,2,,,,,,,,,,,,,,,,,,,,,,,,,,,,,,,,,116881106,4000599,112880640,false,false,6,2021-04-01,2021-09-30,0
2021-10-29,8133,2021-03-31,2,,,,,,,,,,,,,,,,,,,,,,,,,,,,,,,,,,,112880657,false,false,6,2020-04-01,2020-09-30,-1
2022-01-31,8133,2022-03-31,3,,,,,,,17929000000,0.125,,,,11331000000,,100.38,,,,,,440856000000,,,,,,,,,,,,,,,,true,false,9,2021-04-01,2021-12-31,0
2022-01-31,8133,2021-03-31,3,,,,,,,15944000000,0.048,,,,9525000000,,84.38,,,,,,,,,,,,,,,,,,,,,,true,false,9,2020-04-01,2020-12-31,-1
2022-01-31,8133,2022-03-31,3,,,,,,,20500000000,0.060,,,,12500000000,,110.74,,,,,,,,,,,,,,,,,,,,,,true,true,12,2021-04-01,2022-03-31,0
2022-01-31,8133,2021-03-31,3,,,,,,,,,,,,,,,,,,,,408327000000,,,,,,,,,,,,,,,,true,false,12,2020-04-01,2021-03-31,-1
2022-01-31,8133,2021-03-31,3,,,,,,,,,,,,,,,,,,,,,,,,,,,,,50.00,,,,116881106,4000323,,false,false,12,2020-04-01,2021-03-31,-1
2022-01-31,8133,2022-03-31,3,,,,,,,,,,,,,,,,,,,,,,,,,,,,,23.00,,,,,,,false,false,12,2021-04-01,2022-03-31,0
2022-01-31,8133,2022-03-31,3,,,,,,,,,,,,,,,,,,,,,,,,,,,,,46.00,,,,,,,false,true,12,2021-04-01,2022-03-31,0
2022-01-31,8133,2022-03-31,3,,,,,,,,,,,,,,,,,,,,,,,,,,,,,,,,,116881106,4000795,112880577,false,false,9,2021-04-01,2021-12-31,0
2022-01-31,8133,2021-03-31,3,,,,,,,,,,,,,,,,,,,,,,,,,,,,,,,,,,,112880722,false,false,9,2020-04-01,2020-12-31,-1
2022-04-28,8133,2022-03-31,,772276000000,0.181,,,,,995000000,-0.774,5867000000,-0.282,5071000000,,-0.144,44.93,,,,,,260250000000,92915000000,0.357,823.13,92915000000,,,,,48.00,,,,116881106,4000969,112880475,false,false,12,2021-04-01,2022-03-31,0
2022-04-28,8133,2021-03-31,,653843000000,-0.201,,,,,4392000000,-0.152,8173000000,-0.044,5922000000,,-0.153,52.46,,,,,,229472000000,93795000000,0.409,830.92,93795000000,,,,,50.00,,,,116881106,4000323,112880739,false,false,12,2020-04-01,2021-03-31,-1
2022-04-28,8133,2022-03-31,,,,,,,,20929000000,0.082,,,,13194000000,,116.89,,,,,,447017000000,,,,,39955000000,-19113000000,-17625000000,,,0.411,,,,,,true,false,12,2021-04-01,2022-03-31,0
2022-04-28,8133,2021-03-31,,,,,,,,19346000000,0.005,,,,12168000000,,107.79,,,,,,408327000000,,,,,40214000000,-125000000,-24528000000,,,0.464,,,,,,true,false,12,2020-04-01,2021-03-31,-1
2022-04-28,8133,2023-03-31,,,,,,,,19400000000,-0.073,,,,13000000000,,115.17,,,,,,,,,,,,,,,,0.417,,,,,,true,true,12,2022-04-01,2023-03-31,1
2022-04-28,8133,2023-03-31,,,,,,,,,,,,,,,,,,,,,,,,,,,,,,48.00,,,,,,,false,true,12,2022-04-01,2023-03-31,1
2022-07-29,8133,2023-03-31,1,,,,,,,5696000000,0.317,,,,4442000000,,39.35,,,,,,440784000000,,,,,,,,,,,,,,,,true,false,3,2022-04-01,2022-06-30,0
2022-07-29,8133,2022-03-31,1,,,,,,,4325000000,-0.027,,,,2666000000,,23.62,,,,,,,,,,,,,,,,,,,,,,true,false,3,2021-04-01,2021-06-30,-1
2022-07-29,8133,2023-03-31,1,,,,,,,19400000000,-0.073,,,,13000000000,,115.17,,,,,,,,,,,,,,,,,,,,,,true,true,12,2022-04-01,2023-03-31,0
2022-07-29,8133,2022-03-31,1,,,,,,,,,,,,,,,,,,,,447017000000,,,,,,,,,,,,,,,,true,false,12,2021-04-01,2022-03-31,-1
2022-07-29,8133,2022-03-31,1,,,,,,,,,,,,,,,,,,,,,,,,,,,,,48.00,,,,116881106,4000969,,false,false,12,2021-04-01,2022-03-31,-1
2022-07-29,8133,2023-03-31,1,,,,,,,,,,,,,,,,,,,,,,,,,,,,,48.00,,,,,,,false,true,12,2022-04-01,2023-03-31,0
2022-07-29,8133,2023-03-31,1,,,,,,,,,,,,,,,,,,,,,,,,,,,,,,,,,116881106,4001043,112880090,false,false,3,2022-04-01,2022-06-30,0
2022-07-29,8133,2022-03-31,1,,,,,,,,,,,,,,,,,,,,,,,,,,,,,,,,,,,112880697,false,false,3,2021-04-01,2021-06-30,-1
2022-10-31,8133,2023-03-31,2,,,,,,,10830000000,0.185,,,,6939000000,,61.47,,,,,,430638000000,,,,,,,,,,,,,,,,true,false,6,2022-04-01,2022-09-30,0
2022-10-31,8133,2022-03-31,2,,,,,,,9139000000,-0.101,,,,5527000000,,48.96,,,,,,,,,,,,,,,,,,,,,,true,false,6,2021-04-01,2021-09-30,-1
2022-10-31,8133,2023-03-31,2,,,,,,,19400000000,-0.073,,,,13000000000,,115.17,,,,,,,,,,,,,,,,,,,,,,true,true,12,2022-04-01,2023-03-31,0
2022-10-31,8133,2022-03-31,2,,,,,,,,,,,,,,,,,,,,447017000000,,,,,,,,,,,,,,,,true,false,12,2021-04-01,2022-03-31,-1
2022-10-31,8133,2022-03-31,2,,,,,,,,,,,,,,,,,,,,,,,,,,,,,48.00,,,,116881106,4000969,,false,false,12,2021-04-01,2022-03-31,-1
2022-10-31,8133,2023-03-31,2,,,,,,,,,,,,,,,,,,,,,,,,,,,,,24.00,,,,,,,false,false,12,2022-04-01,2023-03-31,0
2022-10-31,8133,2023-03-31,2,,,,,,,,,,,,,,,,,,,,,,,,,,,,,48.00,,,,,,,false,true,12,2022-04-01,2023-03-31,0
2022-10-31,8133,2023-03-31,2,,,,,,,,,,,,,,,,,,,,,,,,,,,,,,,,,116881106,3985387,112884531,false,false,6,2022-04-01,2022-09-30,0
2022-10-31,8133,2022-03-31,2,,,,,,,,,,,,,,,,,,,,,,,,,,,,,,,,,,,112880640,false,false,6,2021-04-01,2021-09-30,-1
2023-01-31,8133,2023-03-31,3,,,,,,,16950000000,-0.055,,,,10799000000,,95.67,,,,,,442081000000,,,,,,,,,,,,,,,,true,false,9,2022-04-01,2022-12-31,0
2023-01-31,8133,2022-03-31,3,,,,,,,17929000000,0.125,,,,11331000000,,100.38,,,,,,,,,,,,,,,,,,,,,,true,false,9,2021-04-01,2021-12-31,-1
2023-01-31,8133,2023-03-31,3,,,,,,,19400000000,-0.073,,,,13000000000,,115.17,,,,,,,,,,,,,,,,,,,,,,true,true,12,2022-04-01,2023-03-31,0
2023-01-31,8133,2022-03-31,3,,,,,,,,,,,,,,,,,,,,447017000000,,,,,,,,,,,,,,,,true,false,12,2021-04-01,2022-03-31,-1
2023-01-31,8133,2022-03-31,3,,,,,,,,,,,,,,,,,,,,,,,,,,,,,48.00,,,,116881106,4000969,,false,false,12,2021-04-01,2022-03-31,-1
2023-01-31,8133,2023-03-31,3,,,,,,,,,,,,,,,,,,,,,,,,,,,,,24.00,,,,,,,false,false,12,2022-04-01,2023-03-31,0
2023-01-31,8133,2023-03-31,3,,,,,,,,,,,,,,,,,,,,,,,,,,,,,48.00,,,,,,,false,true,12,2022-04-01,2023-03-31,0
2023-01-31,8133,2023-03-31,3,,,,,,,,,,,,,,,,,,,,,,,,,,,,,,,,,116881106,4025512,112879862,false,false,9,2022-04-01,2022-12-31,0
2023-01-31,8133,2022-03-31,3,,,,,,,,,,,,,,,,,,,,,,,,,,,,,,,,,,,112880577,false,false,9,2021-04-01,2021-12-31,-1
2023-04-28,8133,2023-03-31,,,,811692000000,0.051,,,6388000000,5.423,12653000000,1.157,9674000000,,0.907,85.70,,,,,,241109000000,96712000000,0.401,856.96,96712000000,,,,,50.00,,,,116881106,4025827,112874211,false,false,12,2022-04-01,2023-03-31,0
2023-04-28,8133,2022-03-31,,,,772276000000,0.181,,,995000000,-0.774,5867000000,-0.282,5071000000,,-0.144,44.93,,,,,,260250000000,92915000000,0.357,823.13,92915000000,,,,,48.00,,,,116881106,4000969,112880475,false,false,12,2021-04-01,2022-03-31,-1
2023-04-28,8133,2023-03-31,,,,,,,,21368000000,0.021,,,,13832000000,,122.54,,,,,,433024000000,,,,,34799000000,-3190000000,-37747000000,,,0.408,,,,,,true,false,12,2022-04-01,2023-03-31,0
2023-04-28,8133,2022-03-31,,,,,,,,20929000000,0.082,,,,13194000000,,116.89,,,,,,447017000000,,,,,39955000000,-19113000000,-17625000000,,,0.411,,,,,,true,false,12,2021-04-01,2022-03-31,-1
2023-04-28,8133,2024-03-31,,,,,,,,20900000000,-0.022,,,,13500000000,,119.62,,,,,,,,,,,,,,,,0.435,,,,,,true,true,12,2023-04-01,2024-03-31,1
2023-04-28,8133,2024-03-31,,,,,,,,,,,,,,,,,,,,,,,,,,,,,,52.00,,,,,,,false,true,12,2023-04-01,2024-03-31,1
2023-07-31,8133,2024-03-31,1,,,,,,,9246000000,0.623,,,,5139000000,,45.54,,,,,,406312000000,,,,,,,,,,,,,,,,true,false,3,2023-04-01,2023-06-30,0
2023-07-31,8133,2023-03-31,1,,,,,,,5696000000,0.317,,,,4442000000,,39.35,,,,,,,,,,,,,,,,,,,,,,true,false,3,2022-04-01,2022-06-30,-1
2023-07-31,8133,2024-03-31,1,,,,,,,20900000000,-0.022,,,,13500000000,,119.62,,,,,,,,,,,,,,,,,,,,,,true,true,12,2023-04-01,2024-03-31,0
2023-07-31,8133,2023-03-31,1,,,,,,,,,,,,,,,,,,,,433024000000,,,,,,,,,,,,,,,,true,false,12,2022-04-01,2023-03-31,-1
2023-07-31,8133,2023-03-31,1,,,,,,,,,,,,,,,,,,,,,,,,,,,,,50.00,,,,116881106,4025827,,false,false,12,2022-04-01,2023-03-31,-1
2023-07-31,8133,2024-03-31,1,,,,,,,,,,,,,,,,,,,,,,,,,,,,,52.00,,,,,,,false,true,12,2023-04-01,2024-03-31,0
2023-07-31,8133,2024-03-31,1,,,,,,,,,,,,,,,,,,,,,,,,,,,,,,,,,116881106,4025977,112855202,false,false,3,2023-04-01,2023-06-30,0
2023-07-31,8133,2023-03-31,1,,,,,,,,,,,,,,,,,,,,,,,,,,,,,,,,,,,112880090,false,false,3,2022-04-01,2022-06-30,-1
2023-10-31,8133,2024-03-31,2,,,,,,,15885000000,0.467,,,,8917000000,,79.01,,,,,,426551000000,,,,,,,,,,,,,,,,true,false,6,2023-04-01,2023-09-30,0
2023-10-31,8133,2023-03-31,2,,,,,,,10830000000,0.185,,,,6939000000,,61.47,,,,,,,,,,,,,,,,,,,,,,true,false,6,2022-04-01,2022-09-30,-1
2023-10-31,8133,2024-03-31,2,,,,,,,20900000000,-0.022,,,,13500000000,,119.62,,,,,,,,,,,,,,,,,,,,,,true,true,12,2023-04-01,2024-03-31,0
2023-10-31,8133,2023-03-31,2,,,,,,,,,,,,,,,,,,,,433024000000,,,,,,,,,,,,,,,,true,false,12,2022-04-01,2023-03-31,-1
2023-10-31,8133,2023-03-31,2,,,,,,,,,,,,,,,,,,,,,,,,,,,,,50.00,,,,116881106,4025827,,false,false,12,2022-04-01,2023-03-31,-1
2023-10-31,8133,2024-03-31,2,,,,,,,,,,,,,,,,,,,,,,,,,,,,,26.00,,,,,,,false,false,12,2023-04-01,2024-03-31,0
2023-10-31,8133,2024-03-31,2,,,,,,,,,,,,,,,,,,,,,,,,,,,,,52.00,,,,,,,false,true,12,2023-04-01,2024-03-31,0
2023-10-31,8133,2024-03-31,2,,,,,,,,,,,,,,,,,,,,,,,,,,,,,,,,,116881106,3996873,112863483,false,false,6,2023-04-01,2023-09-30,0
2023-10-31,8133,2023-03-31,2,,,,,,,,,,,,,,,,,,,,,,,,,,,,,,,,,,,112884531,false,false,6,2022-04-01,2022-09-30,-1
2024-01-31,8133,2024-03-31,3,,,,,,,22490000000,0.327,,,,13236000000,,117.27,,,,,,435060000000,,,,,,,,,,,,,,,,true,false,9,2023-04-01,2023-12-31,0
2024-01-31,8133,2023-03-31,3,,,,,,,16950000000,-0.055,,,,10799000000,,95.67,,,,,,,,,,,,,,,,,,,,,,true,false,9,2022-04-01,2022-12-31,-1
2024-01-31,8133,2024-03-31,3,,,,,,,20900000000,-0.022,,,,13500000000,,119.62,,,,,,,,,,,,,,,,,,,,,,true,true,12,2023-04-01,2024-03-31,0
2024-01-31,8133,2023-03-31,3,,,,,,,,,,,,,,,,,,,,433024000000,,,,,,,,,,,,,,,,true,false,12,2022-04-01,2023-03-31,-1
2024-01-31,8133,2023-03-31,3,,,,,,,,,,,,,,,,,,,,,,,,,,,,,50.00,,,,116881106,4025827,,false,false,12,2022-04-01,2023-03-31,-1
2024-01-31,8133,2024-03-31,3,,,,,,,,,,,,,,,,,,,,,,,,,,,,,26.00,,,,,,,false,false,12,2023-04-01,2024-03-31,0
2024-01-31,8133,2024-03-31,3,,,,,,,,,,,,,,,,,,,,,,,,,,,,,52.00,,,,,,,false,true,12,2023-04-01,2024-03-31,0
2024-01-31,8133,2024-03-31,3,,,,,,,,,,,,,,,,,,,,,,,,,,,,,,,,,116881106,3996999,112869674,false,false,9,2023-04-01,2023-12-31,0
2024-01-31,8133,2023-03-31,3,,,,,,,,,,,,,,,,,,,,,,,,,,,,,,,,,,,112879862,false,false,9,2022-04-01,2022-12-31,-1
2024-01-31,81330,2024-03-31,,,,,,,,20900000000,0.000,,,,13500000000,,119.62,,,,,,,,,,,,,,,,,,,,,,true,true,12,2023-04-01,2024-03-31,0
2024-01-31,81330,2023-03-31,,,,,,,,21368000000,,,,,13832000000,,122.54,,,,,,,,,,,,,,,,,,,,,,true,false,12,2022-04-01,2023-03-31,-1
2024-04-30,8133,2024-03-31,,,,745216000000,-0.082,,,-1047000000,,11734000000,-0.073,9243000000,,-0.044,81.89,,,,,,254902000000,100840000000,0.396,893.30,100840000000,,,,,54.00,,,,116881106,3997287,112872979,false,false,12,2023-04-01,2024-03-31,0
2024-04-30,8133,2023-03-31,,,,811692000000,0.051,,,6388000000,5.423,12653000000,1.157,9674000000,,0.907,85.70,,,,,,241109000000,96712000000,0.401,856.96,96712000000,,,,,50.00,,,,116881106,4025827,112874211,false,false,12,2022-04-01,2023-03-31,-1
2024-04-30,8133,2024-03-31,,,,,,,,23587000000,0.104,,,,13887000000,,123.03,,,,,,444304000000,,,,,34538000000,-6603000000,-29916000000,,,0.439,,,,,,true,false,12,2023-04-01,2024-03-31,0
2024-04-30,8133,2023-03-31,,,,,,,,21368000000,0.021,,,,13832000000,,122.54,,,,,,433024000000,,,,,34799000000,-3190000000,-37747000000,,,0.408,,,,,,true,false,12,2022-04-01,2023-03-31,-1
2024-04-30,8133,2025-03-31,,,,,,,,21500000000,-0.088,,,,13500000000,,119.59,,,,,,,,,,,,,,,,0.468,,,,,,true,true,12,2024-04-01,2025-03-31,1
2024-04-30,8133,2025-03-31,,,,,,,,,,,,,,,,,,,,,,,,,,,,,,56.00,,,,,,,false,true,12,2024-04-01,2025-03-31,1
2024-07-31,8133,2025-03-31,1,,,,,,,5415000000,-0.414,,,,3686000000,,32.67,,,,,,413582000000,,,,,,,,,,,,,,,,true,false,3,2024-04-01,2024-06-30,0
2024-07-31,8133,2024-03-31,1,,,,,,,9246000000,0.623,,,,5139000000,,45.54,,,,,,,,,,,,,,,,,,,,,,true,false,3,2023-04-01,2023-06-30,-1
2024-07-31,8133,2025-03-31,1,,,,,,,21500000000,-0.088,,,,13500000000,,119.59,,,,,,,,,,,,,,,,,,,,,,true,true,12,2024-04-01,2025-03-31,0
2024-07-31,8133,2024-03-31,1,,,,,,,,,,,,,,,,,,,,444304000000,,,,,,,,,,,,,,,,true,false,12,2023-04-01,2024-03-31,-1
2024-07-31,8133,2024-03-31,1,,,,,,,,,,,,,,,,,,,,,,,,,,,,,54.00,,,,116881106,3997287,,false,false,12,2023-04-01,2024-03-31,-1
2024-07-31,8133,2025-03-31,1,,,,,,,,,,,,,,,,,,,,,,,,,,,,,56.00,,,,,,,false,true,12,2024-04-01,2025-03-31,0
2024-07-31,8133,2025-03-31,1,,,,,,,,,,,,,,,,,,,,,,,,,,,,,,,,,116881106,4129864,112817511,false,false,3,2024-04-01,2024-06-30,0
2024-07-31,8133,2024-03-31,1,,,,,,,,,,,,,,,,,,,,,,,,,,,,,,,,,,,112855202,false,false,3,2023-04-01,2023-06-30,-1
2024-08-07,8133,2025-03-31,1,,,,,,,5415000000,-0.414,,,,3686000000,,32.67,,,,,,413582000000,,,,,,,,,,,,,,,,true,false,3,2024-04-01,2024-06-30,0
2024-08-07,8133,2024-03-31,1,,,,,,,9246000000,0.623,,,,5139000000,,45.54,,,,,,,,,,,,,,,,,,,,,,true,false,3,2023-04-01,2023-06-30,-1
2024-08-07,8133,2025-03-31,1,,,,,,,21500000000,-0.088,,,,13500000000,,119.59,,,,,,,,,,,,,,,,,,,,,,true,true,12,2024-04-01,2025-03-31,0
2024-08-07,8133,2024-03-31,1,,,,,,,,,,,,,,,,,,,,444304000000,,,,,,,,,,,,,,,,true,false,12,2023-04-01,2024-03-31,-1
2024-08-07,8133,2024-03-31,1,,,,,,,,,,,,,,,,,,,,,,,,,,,,,54.00,,,,116881106,3997287,,false,false,12,2023-04-01,2024-03-31,-1
2024-08-07,8133,2025-03-31,1,,,,,,,,,,,,,,,,,,,,,,,,,,,,,56.00,,,,,,,false,true,12,2024-04-01,2025-03-31,0
2024-08-07,8133,2025-03-31,1,,,,,,,,,,,,,,,,,,,,,,,,,,,,,,,,,116881106,4129864,112817511,false,false,3,2024-04-01,2024-06-30,0
2024-08-07,8133,2024-03-31,1,,,,,,,,,,,,,,,,,,,,,,,,,,,,,,,,,,,112855202,false,false,3,2023-04-01,2023-06-30,-1
2024-10-31,8133,2025-03-31,2,,,,,,,12680000000,-0.202,,,,7837000000,,69.48,,,,,,422862000000,,,,,,,,,,,,,,,,true,false,6,2024-04-01,2024-09-30,0
2024-10-31,8133,2024-03-31,2,,,,,,,15885000000,0.467,,,,8917000000,,79.01,,,,,,,,,,,,,,,,,,,,,,true,false,6,2023-04-01,2023-09-30,-1
2024-10-31,8133,2025-03-31,2,,,,,,,21500000000,-0.088,,,,13500000000,,119.59,,,,,,,,,,,,,,,,,,,,,,true,true,12,2024-04-01,2025-03-31,0
2024-10-31,8133,2024-03-31,2,,,,,,,,,,,,,,,,,,,,444304000000,,,,,,,,,,,,,,,,true,false,12,2023-04-01,2024-03-31,-1
2024-10-31,8133,2024-03-31,2,,,,,,,,,,,,,,,,,,,,,,,,,,,,,54.00,,,,116881106,3997287,,false,false,12,2023-04-01,2024-03-31,-1
2024-10-31,8133,2025-03-31,2,,,,,,,,,,,,,,,,,,,,,,,,,,,,,28.00,,,,,,,false,false,12,2024-04-01,2025-03-31,0
2024-10-31,8133,2025-03-31,2,,,,,,,,,,,,,,,,,,,,,,,,,,,,,56.00,,,,,,,false,true,12,2024-04-01,2025-03-31,0
2024-10-31,8133,2025-03-31,2,,,,,,,,,,,,,,,,,,,,,,,,,,,,,,,,,116881106,4102670,112796876,false,false,6,2024-04-01,2024-09-30,0
2024-10-31,8133,2024-03-31,2,,,,,,,,,,,,,,,,,,,,,,,,,,,,,,,,,,,112863483,false,false,6,2023-04-01,2023-09-30,-1
2025-01-31,8133,2025-03-31,3,,,,,,,22989000000,0.022,,,,13933000000,,123.53,,,,,,444615000000,,,,,,,,,,,,,,,,true,false,9,2024-04-01,2024-12-31,0
2025-01-31,8133,2024-03-31,3,,,,,,,22490000000,0.327,,,,13236000000,,117.27,,,,,,,,,,,,,,,,,,,,,,true,false,9,2023-04-01,2023-12-31,-1
2025-01-31,8133,2025-03-31,3,,,,,,,25000000000,0.060,,,,15500000000,,137.31,,,,,,,,,,,,,,,,,,,,,,true,true,12,2024-04-01,2025-03-31,0
2025-01-31,8133,2024-03-31,3,,,,,,,,,,,,,,,,,,,,444304000000,,,,,,,,,,,,,,,,true,false,12,2023-04-01,2024-03-31,-1
2025-01-31,8133,2024-03-31,3,,,,,,,,,,,,,,,,,,,,,,,,,,,,,54.00,,,,116881106,3997287,,false,false,12,2023-04-01,2024-03-31,-1
2025-01-31,8133,2025-03-31,3,,,,,,,,,,,,,,,,,,,,,,,,,,,,,28.00,,,,,,,false,false,12,2024-04-01,2025-03-31,0
2025-01-31,8133,2025-03-31,3,,,,,,,,,,,,,,,,,,,,,,,,,,,,,58.00,,,,,,,false,true,12,2024-04-01,2025-03-31,0
2025-01-31,8133,2025-03-31,3,,,,,,,,,,,,,,,,,,,,,,,,,,,,,,,,,116881106,4102749,112791335,false,false,9,2024-04-01,2024-12-31,0
2025-01-31,8133,2024-03-31,3,,,,,,,,,,,,,,,,,,,,,,,,,,,,,,,,,,,112869674,false,false,9,2023-04-01,2023-12-31,-1
2025-01-31,81330,2025-03-31,,,,,,,,25000000000,0.163,,,,15500000000,,137.31,,,,,,,,,,,,,,,,,,,,,,true,true,12,2024-04-01,2025-03-31,0
2025-01-31,81330,2024-03-31,,,,,,,,23587000000,,,,,13887000000,,123.03,,,,,,,,,,,,,,,,,,,,,,true,false,12,2023-04-01,2024-03-31,-1
2025-01-31,81330,2025-03-31,,,,,,,,,,,,,,,,,,,,,,,,,,,,,,58.00,,,,,,,false,true,12,2024-04-01,2025-03-31,0
2025-01-31,81330,2025-03-31,,,,,,,,,,,,,,,,,,,,,,,,,,,,,,28.00,,,,,,,false,false,12,2024-04-01,2025-03-31,0
2025-01-31,81330,2024-03-31,,,,,,,,,,,,,,,,,,,,,,,,,,,,,,54.00,,,,,,,false,false,12,2023-04-01,2024-03-31,-1
2025-02-12,8133,2025-03-31,3,,,,,,,22989000000,0.022,,,,13933000000,,123.53,,,,,,444615000000,,,,,,,,,,,,,,,,true,false,9,2024-04-01,2024-12-31,0
2025-02-12,8133,2024-03-31,3,,,,,,,22490000000,0.327,,,,13236000000,,117.27,,,,,,,,,,,,,,,,,,,,,,true,false,9,2023-04-01,2023-12-31,-1
2025-02-12,8133,2025-03-31,3,,,,,,,25000000000,0.060,,,,15500000000,,137.31,,,,,,,,,,,,,,,,,,,,,,true,true,12,2024-04-01,2025-03-31,0
2025-02-12,8133,2024-03-31,3,,,,,,,,,,,,,,,,,,,,444304000000,,,,,,,,,,,,,,,,true,false,12,2023-04-01,2024-03-31,-1
2025-02-12,8133,2024-03-31,3,,,,,,,,,,,,,,,,,,,,,,,,,,,,,54.00,,,,116881106,3997287,,false,false,12,2023-04-01,2024-03-31,-1
2025-02-12,8133,2025-03-31,3,,,,,,,,,,,,,,,,,,,,,,,,,,,,,28.00,,,,,,,false,false,12,2024-04-01,2025-03-31,0
2025-02-12,8133,2025-03-31,3,,,,,,,,,,,,,,,,,,,,,,,,,,,,,58.00,,,,,,,false,true,12,2024-04-01,2025-03-31,0
2025-02-12,8133,2025-03-31,3,,,,,,,,,,,,,,,,,,,,,,,,,,,,,,,,,116881106,4102749,112791335,false,false,9,2024-04-01,2024-12-31,0
2025-02-12,8133,2024-03-31,3,,,,,,,,,,,,,,,,,,,,,,,,,,,,,,,,,,,112869674,false,false,9,2023-04-01,2023-12-31,-1
2025-04-30,8133,2025-03-31,,,,686279000000,-0.079,,,5431000000,,15125000000,0.289,11205000000,,0.212,99.35,,,,,,248447000000,104507000000,0.421,926.66,104507000000,,,,,62.00,,,,116881106,4102791,112788337,false,false,12,2024-04-01,2025-03-31,0
2025-04-30,8133,2024-03-31,,,,745216000000,-0.082,,,-1047000000,,11734000000,-0.073,9243000000,,-0.044,81.89,,,,,,254902000000,100840000000,0.396,893.30,100840000000,,,,,54.00,,,,116881106,3997287,112872979,false,false,12,2023-04-01,2024-03-31,-1
2025-04-30,8133,2025-03-31,,,,,,,,26896000000,0.140,,,,17102000000,,151.63,,,,,,442150000000,,,,,31709000000,-28334000000,-19431000000,,,0.409,,,,,,true,false,12,2024-04-01,2025-03-31,0
2025-04-30,8133,2024-03-31,,,,,,,,23587000000,0.104,,,,13887000000,,123.03,,,,,,444304000000,,,,,34538000000,-6603000000,-29916000000,,,0.439,,,,,,true,false,12,2023-04-01,2024-03-31,-1
2025-04-30,8133,2026-03-31,,,,,,,,24500000000,-0.089,,,,16000000000,,141.87,,,,,,,,,,,,,,,,0.437,,,,,,true,true,12,2025-04-01,2026-03-31,1
2025-04-30,8133,2026-03-31,,,,,,,,,,,,,,,,,,,,,,,,,,,,,,62.00,,,,,,,false,true,12,2025-04-01,2026-03-31,1
2025-07-31,8133,2026-03-31,1,,,,,,,5967000000,0.102,,,,3653000000,,32.40,,,,,,412676000000,,,,,,,,,,,,,,,,true,false,3,2025-04-01,2025-06-30,0
2025-07-31,8133,2025-03-31,1,,,,,,,5415000000,-0.414,,,,3686000000,,32.67,,,,,,,,,,,,,,,,,,,,,,true,false,3,2024-04-01,2024-06-30,-1
2025-07-31,8133,2026-03-31,1,,,,,,,24500000000,-0.089,,,,16000000000,,141.87,,,,,,,,,,,,,,,,,,,,,,true,true,12,2025-04-01,2026-03-31,0
2025-07-31,8133,2025-03-31,1,,,,,,,,,,,,,,,,,,,,442150000000,,,,,,,,,,,,,,,,true,false,12,2024-04-01,2025-03-31,-1
2025-07-31,8133,2025-03-31,1,,,,,,,,,,,,,,,,,,,,,,,,,,,,,62.00,,,,116881106,4102791,,false,false,12,2024-04-01,2025-03-31,-1
2025-07-31,8133,2026-03-31,1,,,,,,,,,,,,,,,,,,,,,,,,,,,,,62.00,,,,,,,false,true,12,2025-04-01,2026-03-31,0
2025-07-31,8133,2026-03-31,1,,,,,,,,,,,,,,,,,,,,,,,,,,,,,,,,,116881106,4102877,112778272,false,false,3,2025-04-01,2025-06-30,0
2025-07-31,8133,2025-03-31,1,,,,,,,,,,,,,,,,,,,,,,,,,,,,,,,,,,,112817511,false,false,3,2024-04-01,2024-06-30,-1
2025-08-06,8133,2026-03-31,1,,,,,,,5967000000,0.102,,,,3653000000,,32.40,,,,,,412676000000,,,,,,,,,,,,,,,,true,false,3,2025-04-01,2025-06-30,0
2025-08-06,8133,2025-03-31,1,,,,,,,5415000000,-0.414,,,,3686000000,,32.67,,,,,,,,,,,,,,,,,,,,,,true,false,3,2024-04-01,2024-06-30,-1
2025-08-06,8133,2026-03-31,1,,,,,,,24500000000,-0.089,,,,16000000000,,141.87,,,,,,,,,,,,,,,,,,,,,,true,true,12,2025-04-01,2026-03-31,0
2025-08-06,8133,2025-03-31,1,,,,,,,,,,,,,,,,,,,,442150000000,,,,,,,,,,,,,,,,true,false,12,2024-04-01,2025-03-31,-1
2025-08-06,8133,2025-03-31,1,,,,,,,,,,,,,,,,,,,,,,,,,,,,,62.00,,,,116881106,4102791,,false,false,12,2024-04-01,2025-03-31,-1
2025-08-06,8133,2026-03-31,1,,,,,,,,,,,,,,,,,,,,,,,,,,,,,62.00,,,,,,,false,true,12,2025-04-01,2026-03-31,0
2025-08-06,8133,2026-03-31,1,,,,,,,,,,,,,,,,,,,,,,,,,,,,,,,,,116881106,4102877,112778272,false,false,3,2025-04-01,2025-06-30,0
2025-08-06,8133,2025-03-31,1,,,,,,,,,,,,,,,,,,,,,,,,,,,,,,,,,,,112817511,false,false,3,2024-04-01,2024-06-30,-1
