filing_date,code,fiscal_year_end,quarterly_period,net_sales,net_sales_change,revenue,revenue_change,operating_revenue,operating_revenue_change,operating_profit,operating_profit_change,ordinary_profit,ordinary_profit_change,net_income,net_income_of_parent,net_income_change,eps,diluted_eps,roe,roa,operating_profit_to_net_sales,operating_profit_to_revenue,total_assets,net_assets,equity_ratio,bps,owner_equity,operating_cash_flow,investing_cash_flow,financing_cash_flow,cash,dividend_per_share,payout_ratio,commemorative_dividend,extra_dividend,number_of_shares,number_of_treqsury_shares,avg_number_of_shares,is_consolidated,is_forecast,duration,period_start,period_end,period_pos
2015-05-08,81370,2015-03-31,,111276000000,0.098,,,,,3471000000,0.081,3761000000,0.094,2466000000,,0.138,171.83,,0.122,0.067,0.031,,58748000000,21951000000,0.374,1529.00,21951000000,1353000000,-444000000,-470000000,7100000000,,0.151,,,,,,true,false,12,2014-04-01,2015-03-31,0
2015-05-08,81370,2014-03-31,,101378000000,0.149,,,,,3211000000,0.415,3438000000,0.365,2168000000,,0.426,162.98,,0.132,0.068,0.032,,53698000000,18654000000,0.347,1299.29,18654000000,-1374000000,-127000000,769000000,6453000000,,0.135,,,,,,true,false,12,2013-04-01,2014-03-31,-1
2015-05-08,81370,2016-03-31,,58000000000,0.142,,,,,1600000000,0.030,1750000000,0.023,,1150000000,,80.10,,,,,,,,,,,,,,,,,,,,,,true,true,6,2015-04-01,2015-09-30,1
2015-05-08,81370,2016-03-31,,119000000000,0.069,,,,,3500000000,0.008,3800000000,0.010,,2500000000,,174.13,,,,,,,,,,,,,,,,0.161,,,,,,true,true,12,2015-04-01,2016-03-31,1
2015-05-08,81370,2015-03-31,,81749000000,0.055,,,,,2128000000,-0.011,2694000000,0.064,1627000000,,0.096,113.34,,,,,,49171000000,17193000000,0.350,1197.53,17193000000,,,,,26.00,,,,14438000,80910,14357198,false,false,12,2014-04-01,2015-03-31,0
2015-05-08,81370,2014-03-31,,77477000000,0.125,,,,,2151000000,0.353,2533000000,0.278,1484000000,,0.271,111.60,,,,,,46782000000,15281000000,0.327,1064.39,15281000000,,,,,22.00,,,,14438000,80570,13304574,false,false,12,2013-04-01,2014-03-31,-1
2015-05-08,81370,2016-03-31,,,,,,,,,,,,,,,,,,,,,,,,,,,,,,28.00,,,,,,,false,true,12,2015-04-01,2016-03-31,1
2015-07-28,81370,2016-03-31,1,25478000000,0.093,,,,,366000000,-0.127,489000000,-0.021,,344000000,,24.02,,,,,,56712000000,22031000000,0.388,1534.56,22031000000,,,,,,,,,,,,true,false,3,2015-04-01,2015-06-30,0
2015-07-28,81370,2015-03-31,1,23318000000,0.054,,,,,420000000,0.119,500000000,0.088,,306000000,,21.34,,,,,,,,,,,,,,,,,,,,,,true,false,3,2014-04-01,2014-06-30,-1
2015-07-28,81370,2016-03-31,1,58000000000,0.142,,,,,1600000000,0.030,1750000000,0.023,,1150000000,,80.10,,,,,,,,,,,,,,,,,,,,,,true,true,6,2015-04-01,2015-09-30,0
2015-07-28,81370,2016-03-31,1,119000000000,0.069,,,,,3500000000,0.008,3800000000,0.010,,2500000000,,174.13,,,,,,,,,,,,,,,,,,,,,,true,true,12,2015-04-01,2016-03-31,0
2015-07-28,81370,2015-03-31,1,,,,,,,,,,,,,,,,,,,,58748000000,21951000000,0.374,1529.00,21951000000,,,,,,,,,,,,true,false,12,2014-04-01,2015-03-31,-1
2015-07-28,81370,2015-03-31,1,,,,,,,,,,,,,,,,,,,,,,,,,,,,,26.00,,,,14438000,80910,,false,false,12,2014-04-01,2015-03-31,-1
2015-07-28,81370,2016-03-31,1,,,,,,,,,,,,,,,,,,,,,,,,,,,,,28.00,,,,,,,false,true,12,2015-04-01,2016-03-31,0
2015-07-28,81370,2016-03-31,1,,,,,,,,,,,,,,,,,,,,,,,,,,,,,,,,,14438000,81030,14357017,false,false,3,2015-04-01,2015-06-30,0
2015-07-28,81370,2015-03-31,1,,,,,,,,,,,,,,,,,,,,,,,,,,,,,,,,,,,14357355,false,false,3,2014-04-01,2014-06-30,-1
2015-10-28,81370,2016-03-31,2,54457000000,0.072,,,,,1417000000,-0.087,1545000000,-0.097,,1033000000,,71.97,,,,,,56463000000,22103000000,0.391,1539.59,22103000000,,,,,,,,,,,,true,false,6,2015-04-01,2015-09-30,0
2015-10-28,81370,2015-03-31,2,50784000000,0.067,,,,,1552000000,0.137,1710000000,0.147,,1108000000,,77.23,,,,,,,,,,,,,,,,,,,,,,true,false,6,2014-04-01,2014-09-30,-1
2015-10-28,81370,2016-03-31,2,112000000000,0.007,,,,,2800000000,-0.194,3000000000,-0.202,,2000000000,,139.31,,,,,,,,,,,,,,,,,,,,,,true,true,12,2015-04-01,2016-03-31,0
2015-10-28,81370,2015-03-31,2,,,,,,,,,,,,,,,,,,,,58748000000,21951000000,0.374,1529.00,21951000000,,,,,,,,,,,,true,false,12,2014-04-01,2015-03-31,-1
2015-10-28,81370,2015-03-31,2,,,,,,,,,,,,,,,,,,,,,,,,,,,,,26.00,,,,14438000,80910,,false,false,12,2014-04-01,2015-03-31,-1
2015-10-28,81370,2016-03-31,2,,,,,,,,,,,,,,,,,,,,,,,,,,,,,14.00,,,,,,,false,false,12,2015-04-01,2016-03-31,0
2015-10-28,81370,2016-03-31,2,,,,,,,,,,,,,,,,,,,,,,,,,,,,,28.00,,,,,,,false,true,12,2015-04-01,2016-03-31,0
2015-10-28,81370,2016-03-31,2,,,,,,,,,,,,,,,,,,,,,,,,,,,,,,,,,14438000,81142,14356937,false,false,6,2015-04-01,2015-09-30,0
2015-10-28,81370,2015-03-31,2,,,,,,,,,,,,,,,,,,,,,,,,,,,,,,,,,,,14357279,false,false,6,2014-04-01,2014-09-30,-1
2016-01-29,81370,2016-03-31,3,77211000000,-0.006,,,,,1603000000,-0.286,1829000000,-0.263,,1157000000,,80.63,,,,,,56485000000,22162000000,0.392,1543.69,22162000000,,,,,,,,,,,,true,false,9,2015-04-01,2015-12-31,0
2016-01-29,81370,2015-03-31,3,77709000000,0.098,,,,,2245000000,0.145,2480000000,0.146,,1616000000,,112.56,,,,,,,,,,,,,,,,,,,,,,true,false,9,2014-04-01,2014-12-31,-1
2016-01-29,81370,2016-03-31,3,107000000000,-0.038,,,,,2300000000,-0.338,2600000000,-0.309,,1650000000,,114.93,,,,,,,,,,,,,,,,,,,,,,true,true,12,2015-04-01,2016-03-31,0
2016-01-29,81370,2015-03-31,3,,,,,,,,,,,,,,,,,,,,58748000000,21951000000,0.374,1529.00,21951000000,,,,,,,,,,,,true,false,12,2014-04-01,2015-03-31,-1
2016-01-29,81370,2015-03-31,3,,,,,,,,,,,,,,,,,,,,,,,,,,,,,26.00,,,,14438000,80910,,false,false,12,2014-04-01,2015-03-31,-1
2016-01-29,81370,2016-03-31,3,,,,,,,,,,,,,,,,,,,,,,,,,,,,,14.00,,,,,,,false,false,12,2015-04-01,2016-03-31,0
2016-01-29,81370,2016-03-31,3,,,,,,,,,,,,,,,,,,,,,,,,,,,,,28.00,,,,,,,false,true,12,2015-04-01,2016-03-31,0
2016-01-29,81370,2016-03-31,3,,,,,,,,,,,,,,,,,,,,,,,,,,,,,,,,,14438000,81182,14356898,false,false,9,2015-04-01,2015-12-31,0
2016-01-29,81370,2015-03-31,3,,,,,,,,,,,,,,,,,,,,,,,,,,,,,,,,,,,14357234,false,false,9,2014-04-01,2014-12-31,-1
2016-05-10,81370,2016-03-31,,105748000000,-0.050,,,,,2444000000,-0.296,2645000000,-0.297,,1690000000,,117.76,,0.076,0.046,0.023,,55439000000,22263000000,0.402,1550.73,22263000000,-60000000,-384000000,-654000000,5875000000,,0.238,,,,,,true,false,12,2015-04-01,2016-03-31,0
2016-05-10,81370,2015-03-31,,111276000000,0.098,,,,,3471000000,0.081,3761000000,0.094,,2466000000,,171.83,,0.122,0.067,0.031,,58748000000,21951000000,0.374,1529.00,21951000000,1353000000,-444000000,-470000000,7100000000,,0.151,,,,,,true,false,12,2014-04-01,2015-03-31,-1
2016-05-10,81370,2017-03-31,,55000000000,0.010,,,,,1050000000,-0.259,1150000000,-0.256,,800000000,,55.72,,,,,,,,,,,,,,,,,,,,,,true,true,6,2016-04-01,2016-09-30,1
2016-05-10,81370,2017-03-31,,114500000000,0.083,,,,,2500000000,0.023,2700000000,0.021,,1800000000,,125.38,,,,,,,,,,,,,,,,0.223,,,,,,true,true,12,2016-04-01,2017-03-31,1
2016-05-10,81370,2016-03-31,,79995000000,-0.021,,,,,1579000000,-0.258,1885000000,-0.300,1162000000,,-0.286,80.97,,,,,,46319000000,17246000000,0.372,1201.29,17246000000,,,,,28.00,,,,14438000,81182,14356878,false,false,12,2015-04-01,2016-03-31,0
2016-05-10,81370,2015-03-31,,81749000000,0.055,,,,,2128000000,-0.011,2694000000,0.064,1627000000,,0.096,113.34,,,,,,49171000000,17193000000,0.350,1197.53,17193000000,,,,,26.00,,,,14438000,80910,14357198,false,false,12,2014-04-01,2015-03-31,-1
2016-05-10,81370,2017-03-31,,,,,,,,,,,,,,,,,,,,,,,,,,,,,,28.00,,,,,,,false,true,12,2016-04-01,2017-03-31,1
2016-07-28,81370,2017-03-31,1,22654000000,-0.111,,,,,37000000,-0.897,5000000,-0.988,,8000000,,0.60,,,,,,53933000000,21091000000,0.391,1521.88,21091000000,,,,,,,,,,,,true,false,3,2016-04-01,2016-06-30,0
2016-07-28,81370,2016-03-31,1,25478000000,0.093,,,,,366000000,-0.127,489000000,-0.021,,344000000,,24.02,,,,,,,,,,,,,,,,,,,,,,true,false,3,2015-04-01,2015-06-30,-1
2016-07-28,81370,2017-03-31,1,51000000000,-0.063,,,,,800000000,-0.436,850000000,-0.450,,600000000,,42.28,,,,,,,,,,,,,,,,,,,,,,true,true,6,2016-04-01,2016-09-30,0
2016-07-28,81370,2017-03-31,1,111000000000,0.050,,,,,2250000000,-0.080,2450000000,-0.074,,1650000000,,116.27,,,,,,,,,,,,,,,,,,,,,,true,true,12,2016-04-01,2017-03-31,0
2016-07-28,81370,2016-03-31,1,,,,,,,,,,,,,,,,,,,,55439000000,22263000000,0.402,1550.73,22263000000,,,,,,,,,,,,true,false,12,2015-04-01,2016-03-31,-1
2016-07-28,81370,2016-03-31,1,,,,,,,,,,,,,,,,,,,,,,,,,,,,,28.00,,,,14438000,81182,,false,false,12,2015-04-01,2016-03-31,-1
2016-07-28,81370,2017-03-31,1,,,,,,,,,,,,,,,,,,,,,,,,,,,,,28.00,,,,,,,false,true,12,2016-04-01,2017-03-31,0
2016-07-28,81370,2017-03-31,1,,,,,,,,,,,,,,,,,,,,,,,,,,,,,,,,,14438000,579333,14190768,false,false,3,2016-04-01,2016-06-30,0
2016-07-28,81370,2016-03-31,1,,,,,,,,,,,,,,,,,,,,,,,,,,,,,,,,,,,14357017,false,false,3,2015-04-01,2015-06-30,-1
2016-10-28,81370,2017-03-31,2,50006000000,-0.082,,,,,1082000000,-0.236,1102000000,-0.287,,763000000,,54.47,,,,,,55113000000,21640000000,0.393,1561.50,21640000000,,,,,,,,,,,,true,false,6,2016-04-01,2016-09-30,0
2016-10-28,81370,2016-03-31,2,54457000000,0.072,,,,,1417000000,-0.087,1545000000,-0.097,,1033000000,,71.97,,,,,,,,,,,,,,,,,,,,,,true,false,6,2015-04-01,2015-09-30,-1
2016-10-28,81370,2017-03-31,2,111000000000,0.050,,,,,2250000000,-0.080,2450000000,-0.074,,1650000000,,117.65,,,,,,,,,,,,,,,,,,,,,,true,true,12,2016-04-01,2017-03-31,0
2016-10-28,81370,2016-03-31,2,,,,,,,,,,,,,,,,,,,,55439000000,22263000000,0.402,1550.73,22263000000,,,,,,,,,,,,true,false,12,2015-04-01,2016-03-31,-1
2016-10-28,81370,2016-03-31,2,,,,,,,,,,,,,,,,,,,,,,,,,,,,,28.00,,,,14438000,81182,,false,false,12,2015-04-01,2016-03-31,-1
2016-10-28,81370,2017-03-31,2,,,,,,,,,,,,,,,,,,,,,,,,,,,,,14.00,,,,,,,false,false,12,2016-04-01,2017-03-31,0
2016-10-28,81370,2017-03-31,2,,,,,,,,,,,,,,,,,,,,,,,,,,,,,28.00,,,,,,,false,true,12,2016-04-01,2017-03-31,0
2016-10-28,81370,2017-03-31,2,,,,,,,,,,,,,,,,,,,,,,,,,,,,,,,,,14438000,579353,14024707,false,false,6,2016-04-01,2016-09-30,0
2016-10-28,81370,2016-03-31,2,,,,,,,,,,,,,,,,,,,,,,,,,,,,,,,,,,,14356937,false,false,6,2015-04-01,2015-09-30,-1
2017-01-30,81370,2017-03-31,3,76807000000,-0.005,,,,,1530000000,-0.046,1843000000,0.008,,1259000000,,90.13,,,,,,57759000000,22369000000,0.387,1614.09,22369000000,,,,,,,,,,,,true,false,9,2016-04-01,2016-12-31,0
2017-01-30,81370,2016-03-31,3,77211000000,-0.006,,,,,1603000000,-0.286,1829000000,-0.263,,1157000000,,80.63,,,,,,,,,,,,,,,,,,,,,,true,false,9,2015-04-01,2015-12-31,-1
2017-01-30,81370,2017-03-31,3,111000000000,0.050,,,,,2250000000,-0.080,2450000000,-0.074,,1650000000,,118.12,,,,,,,,,,,,,,,,,,,,,,true,true,12,2016-04-01,2017-03-31,0
2017-01-30,81370,2016-03-31,3,,,,,,,,,,,,,,,,,,,,55439000000,22263000000,0.402,1550.73,22263000000,,,,,,,,,,,,true,false,12,2015-04-01,2016-03-31,-1
2017-01-30,81370,2016-03-31,3,,,,,,,,,,,,,,,,,,,,,,,,,,,,,28.00,,,,14438000,81182,,false,false,12,2015-04-01,2016-03-31,-1
2017-01-30,81370,2017-03-31,3,,,,,,,,,,,,,,,,,,,,,,,,,,,,,14.00,,,,,,,false,false,12,2016-04-01,2017-03-31,0
2017-01-30,81370,2017-03-31,3,,,,,,,,,,,,,,,,,,,,,,,,,,,,,28.00,,,,,,,false,true,12,2016-04-01,2017-03-31,0
2017-01-30,81370,2017-03-31,3,,,,,,,,,,,,,,,,,,,,,,,,,,,,,,,,,14438000,579429,13969341,false,false,9,2016-04-01,2016-12-31,0
2017-01-30,81370,2016-03-31,3,,,,,,,,,,,,,,,,,,,,,,,,,,,,,,,,,,,14356898,false,false,9,2015-04-01,2015-12-31,-1
2017-04-25,81370,2017-03-31,,116611000000,0.051,,,,,3014000000,0.340,3215000000,0.312,,1584000000,,113.64,,,,,,,,,,,,,,,,,,,,,,true,true,12,2016-04-01,2017-03-31,0
2017-04-25,81370,2016-03-31,,105748000000,,,,,,2444000000,,2645000000,,,1690000000,,117.76,,,,,,,,,,,,,,,,,,,,,,true,false,12,2015-04-01,2016-03-31,-1
2017-05-10,81370,2017-03-31,,116611000000,0.103,,,,,3014000000,0.233,3215000000,0.216,,1584000000,,113.64,,0.069,0.053,0.026,,64816000000,23637000000,0.365,1705.66,23637000000,1679000000,-235000000,-818000000,6275000000,,0.246,,,,,,true,false,12,2016-04-01,2017-03-31,0
2017-05-10,81370,2016-03-31,,105748000000,-0.050,,,,,2444000000,-0.296,2645000000,-0.297,,1690000000,,117.76,,0.076,0.046,0.023,,55439000000,22263000000,0.402,1550.73,22263000000,-60000000,-384000000,-654000000,5875000000,,0.238,,,,,,true,false,12,2015-04-01,2016-03-31,-1
2017-05-10,81370,2018-03-31,,61500000000,0.230,,,,,1550000000,0.432,1700000000,0.541,,1050000000,,75.77,,,,,,,,,,,,,,,,,,,,,,true,true,6,2017-04-01,2017-09-30,1
2017-05-10,81370,2018-03-31,,126000000000,0.081,,,,,3200000000,0.062,3450000000,0.073,,2150000000,,155.14,,,,,,,,,,,,,,,,0.180,,,,,,true,true,12,2017-04-01,2018-03-31,1
2017-05-10,81370,2017-03-31,,92213000000,0.153,,,,,2162000000,0.369,2446000000,0.297,1052000000,,-0.095,75.49,,,,,,54645000000,18498000000,0.339,1334.84,18498000000,,,,,28.00,,,,14438000,579533,13941622,false,false,12,2016-04-01,2017-03-31,0
2017-05-10,81370,2016-03-31,,79995000000,-0.021,,,,,1579000000,-0.258,1885000000,-0.300,1162000000,,-0.286,80.97,,,,,,46319000000,17246000000,0.372,1201.29,17246000000,,,,,28.00,,,,14438000,81182,14356878,false,false,12,2015-04-01,2016-03-31,-1
2017-05-10,81370,2018-03-31,,,,,,,,,,,,,,,,,,,,,,,,,,,,,,28.00,,,,,,,false,true,12,2017-04-01,2018-03-31,1
2017-07-28,81370,2018-03-31,1,31355000000,0.384,,,,,663000000,,771000000,,,548000000,,39.55,,,,,,66181000000,24129000000,0.365,1741.14,24129000000,,,,,,,,,,,,true,false,3,2017-04-01,2017-06-30,0
2017-07-28,81370,2017-03-31,1,22654000000,-0.111,,,,,37000000,-0.897,5000000,-0.988,,8000000,,0.60,,,,,,,,,,,,,,,,,,,,,,true,false,3,2016-04-01,2016-06-30,-1
2017-07-28,81370,2018-03-31,1,65000000000,0.300,,,,,1550000000,0.432,1700000000,0.541,,1050000000,,75.77,,,,,,,,,,,,,,,,,,,,,,true,true,6,2017-04-01,2017-09-30,0
2017-07-28,81370,2018-03-31,1,130000000000,0.115,,,,,3350000000,0.111,3650000000,0.135,,2300000000,,165.96,,,,,,,,,,,,,,,,,,,,,,true,true,12,2017-04-01,2018-03-31,0
2017-07-28,81370,2017-03-31,1,,,,,,,,,,,,,,,,,,,,64816000000,23637000000,0.365,1705.66,23637000000,,,,,,,,,,,,true,false,12,2016-04-01,2017-03-31,-1
2017-07-28,81370,2017-03-31,1,,,,,,,,,,,,,,,,,,,,,,,,,,,,,28.00,,,,14438000,579533,,false,false,12,2016-04-01,2017-03-31,-1
2017-07-28,81370,2018-03-31,1,,,,,,,,,,,,,,,,,,,,,,,,,,,,,28.00,,,,,,,false,true,12,2017-04-01,2018-03-31,0
2017-07-28,81370,2018-03-31,1,,,,,,,,,,,,,,,,,,,,,,,,,,,,,,,,,14438000,579713,13858374,false,false,3,2017-04-01,2017-06-30,0
2017-07-28,81370,2017-03-31,1,,,,,,,,,,,,,,,,,,,,,,,,,,,,,,,,,,,14190768,false,false,3,2016-04-01,2016-06-30,-1
2017-10-30,81370,2018-03-31,2,67348000000,0.347,,,,,1773000000,0.639,1951000000,0.769,,1359000000,,98.11,,,,,,70805000000,25737000000,0.363,1857.20,25737000000,,,,,,,,,,,,true,false,6,2017-04-01,2017-09-30,0
2017-10-30,81370,2017-03-31,2,50006000000,-0.082,,,,,1082000000,-0.236,1102000000,-0.287,,763000000,,54.47,,,,,,,,,,,,,,,,,,,,,,true,false,6,2016-04-01,2016-09-30,-1
2017-10-30,81370,2018-03-31,2,139000000000,0.192,,,,,3500000000,0.161,3800000000,0.182,,2650000000,,191.22,,,,,,,,,,,,,,,,,,,,,,true,true,12,2017-04-01,2018-03-31,0
2017-10-30,81370,2017-03-31,2,,,,,,,,,,,,,,,,,,,,64816000000,23637000000,0.365,1705.66,23637000000,,,,,,,,,,,,true,false,12,2016-04-01,2017-03-31,-1
2017-10-30,81370,2017-03-31,2,,,,,,,,,,,,,,,,,,,,,,,,,,,,,28.00,,,,14438000,579533,,false,false,12,2016-04-01,2017-03-31,-1
2017-10-30,81370,2018-03-31,2,,,,,,,,,,,,,,,,,,,,,,,,,,,,,14.00,,,,,,,false,false,12,2017-04-01,2018-03-31,0
2017-10-30,81370,2018-03-31,2,,,,,,,,,,,,,,,,,,,,,,,,,,,,,28.00,,,,,,,false,true,12,2017-04-01,2018-03-31,0
2017-10-30,81370,2018-03-31,2,,,,,,,,,,,,,,,,,,,,,,,,,,,,,,,,,14438000,579893,13858254,false,false,6,2017-04-01,2017-09-30,0
2017-10-30,81370,2017-03-31,2,,,,,,,,,,,,,,,,,,,,,,,,,,,,,,,,,,,14024707,false,false,6,2016-04-01,2016-09-30,-1
2018-01-30,81370,2018-03-31,3,104052000000,0.355,,,,,2687000000,0.756,2976000000,0.615,,2084000000,,150.44,,,,,,75949000000,27359000000,0.360,1974.30,27359000000,,,,,,,,,,,,true,false,9,2017-04-01,2017-12-31,0
2018-01-30,81370,2017-03-31,3,76807000000,-0.005,,,,,1530000000,-0.046,1843000000,0.008,,1259000000,,90.13,,,,,,,,,,,,,,,,,,,,,,true,false,9,2016-04-01,2016-12-31,-1
2018-01-30,81370,2018-03-31,3,144500000000,0.239,,,,,3800000000,0.261,4200000000,0.306,,2900000000,,209.26,,,,,,,,,,,,,,,,,,,,,,true,true,12,2017-04-01,2018-03-31,0
2018-01-30,81370,2017-03-31,3,,,,,,,,,,,,,,,,,,,,64816000000,23637000000,0.365,1705.66,23637000000,,,,,,,,,,,,true,false,12,2016-04-01,2017-03-31,-1
2018-01-30,81370,2017-03-31,3,,,,,,,,,,,,,,,,,,,,,,,,,,,,,28.00,,,,14438000,579533,,false,false,12,2016-04-01,2017-03-31,-1
2018-01-30,81370,2018-03-31,3,,,,,,,,,,,,,,,,,,,,,,,,,,,,,14.00,,,,,,,false,false,12,2017-04-01,2018-03-31,0
2018-01-30,81370,2018-03-31,3,,,,,,,,,,,,,,,,,,,,,,,,,,,,,30.00,,,,,,,false,true,12,2017-04-01,2018-03-31,0
2018-01-30,81370,2018-03-31,3,,,,,,,,,,,,,,,,,,,,,,,,,,,,,,,,,14438000,579973,13858183,false,false,9,2017-04-01,2017-12-31,0
2018-01-30,81370,2017-03-31,3,,,,,,,,,,,,,,,,,,,,,,,,,,,,,,,,,,,13969341,false,false,9,2016-04-01,2016-12-31,-1
2018-05-10,81370,2018-03-31,,146759000000,0.259,,,,,4135000000,0.372,4349000000,0.353,,3085000000,,222.65,,0.120,0.061,0.028,,77613000000,27993000000,0.361,2020.05,27993000000,-2221000000,29000000,3962000000,8112000000,,0.135,,,,,,true,false,12,2017-04-01,2018-03-31,0
2018-05-10,81370,2017-03-31,,116611000000,0.103,,,,,3014000000,0.233,3215000000,0.216,,1584000000,,113.64,,0.069,0.053,0.026,,64816000000,23637000000,0.365,1705.66,23637000000,1679000000,-235000000,-818000000,6275000000,,0.246,,,,,,true,false,12,2016-04-01,2017-03-31,-1
2018-05-10,81370,2019-03-31,,78500000000,0.166,,,,,2250000000,0.269,2300000000,0.179,,1600000000,,99.73,,,,,,,,,,,,,,,,,,,,,,true,true,6,2018-04-01,2018-09-30,1
2018-05-10,81370,2019-03-31,,157500000000,0.073,,,,,4450000000,0.076,4500000000,0.035,,3150000000,,196.35,,,,,,,,,,,,,,,,0.173,,,,,,true,true,12,2018-04-01,2019-03-31,1
2018-05-10,81370,2018-03-31,,115002000000,0.247,,,,,2354000000,0.089,2587000000,0.058,1724000000,,0.638,124.44,,,,,,64680000000,21368000000,0.330,1541.98,21368000000,,,,,30.00,,,,14438000,579973,13858144,false,false,12,2017-04-01,2018-03-31,0
2018-05-10,81370,2017-03-31,,92213000000,0.153,,,,,2162000000,0.369,2446000000,0.297,1052000000,,-0.095,75.49,,,,,,54645000000,18498000000,0.339,1334.84,18498000000,,,,,28.00,,,,14438000,579533,13941622,false,false,12,2016-04-01,2017-03-31,-1
2018-05-10,81370,2019-03-31,,,,,,,,,,,,,,,,,,,,,,,,,,,,,,34.00,,,,,,,false,true,12,2018-04-01,2019-03-31,1
2018-07-30,81370,2019-03-31,1,34292000000,0.094,,,,,887000000,0.338,1075000000,0.394,,786000000,,49.34,,,,,,78176000000,30950000000,0.396,,30950000000,,,,,,,,,,,,true,false,3,2018-04-01,2018-06-30,0
2018-07-30,81370,2018-03-31,1,31355000000,0.384,,,,,663000000,,771000000,,,548000000,,39.55,,,,,,,,,,,,,,,,,,,,,,true,false,3,2017-04-01,2017-06-30,-1
2018-07-30,81370,2019-03-31,1,78500000000,0.166,,,,,2250000000,0.269,2300000000,0.179,,1600000000,,100.33,,,,,,,,,,,,,,,,,,,,,,true,true,6,2018-04-01,2018-09-30,0
2018-07-30,81370,2019-03-31,1,157500000000,0.073,,,,,4450000000,0.076,4500000000,0.035,,3150000000,,197.52,,,,,,,,,,,,,,,,,,,,,,true,true,12,2018-04-01,2019-03-31,0
2018-07-30,81370,2018-03-31,1,,,,,,,,,,,,,,,,,,,,77254000000,27993000000,0.362,,27993000000,,,,,,,,,,,,true,false,12,2017-04-01,2018-03-31,-1
2018-07-30,81370,2018-03-31,1,,,,,,,,,,,,,,,,,,,,,,,,,,,,,30.00,,,,14438000,579973,,false,false,12,2017-04-01,2018-03-31,-1
2018-07-30,81370,2019-03-31,1,,,,,,,,,,,,,,,,,,,,,,,,,,,,,34.00,,,,,,,false,true,12,2018-04-01,2019-03-31,0
2018-07-30,81370,2019-03-31,1,,,,,,,,,,,,,,,,,,,,,,,,,,,,,,,,,16044000,973,15948027,false,false,3,2018-04-01,2018-06-30,0
2018-07-30,81370,2018-03-31,1,,,,,,,,,,,,,,,,,,,,,,,,,,,,,,,,,,,13858374,false,false,3,2017-04-01,2017-06-30,-1
2018-10-30,81370,2019-03-31,2,72164000000,0.072,,,,,2129000000,0.201,2312000000,0.185,,1651000000,,103.23,,,,,,75554000000,31611000000,0.418,,31611000000,,,,,,,,,,,,true,false,6,2018-04-01,2018-09-30,0
2018-10-30,81370,2018-03-31,2,67348000000,0.347,,,,,1773000000,0.639,1951000000,0.769,,1359000000,,98.11,,,,,,,,,,,,,,,,,,,,,,true,false,6,2017-04-01,2017-09-30,-1
2018-10-30,81370,2019-03-31,2,150000000000,0.022,,,,,4400000000,0.064,4500000000,0.035,,3150000000,,196.93,,,,,,,,,,,,,,,,,,,,,,true,true,12,2018-04-01,2019-03-31,0
2018-10-30,81370,2018-03-31,2,,,,,,,,,,,,,,,,,,,,77254000000,27993000000,0.362,,27993000000,,,,,,,,,,,,true,false,12,2017-04-01,2018-03-31,-1
2018-10-30,81370,2018-03-31,2,,,,,,,,,,,,,,,,,,,,,,,,,,,,,30.00,,,,14438000,579973,,false,false,12,2017-04-01,2018-03-31,-1
2018-10-30,81370,2019-03-31,2,,,,,,,,,,,,,,,,,,,,,,,,,,,,,17.00,,,,,,,false,false,12,2018-04-01,2019-03-31,0
2018-10-30,81370,2019-03-31,2,,,,,,,,,,,,,,,,,,,,,,,,,,,,,34.00,,,,,,,false,true,12,2018-04-01,2019-03-31,0
2018-10-30,81370,2019-03-31,2,,,,,,,,,,,,,,,,,,,,,,,,,,,,,,,,,16044000,997,15995515,false,false,6,2018-04-01,2018-09-30,0
2018-10-30,81370,2018-03-31,2,,,,,,,,,,,,,,,,,,,,,,,,,,,,,,,,,,,13858254,false,false,6,2017-04-01,2017-09-30,-1
2019-01-30,81370,2019-03-31,3,108179000000,0.040,,,,,2629000000,-0.021,2836000000,-0.047,,2016000000,,125.95,,,,,,73695000000,30871000000,0.419,,30871000000,,,,,,,,,,,,true,false,9,2018-04-01,2018-12-31,0
2019-01-30,81370,2018-03-31,3,104052000000,0.355,,,,,2687000000,0.756,2976000000,0.615,,2084000000,,150.44,,,,,,,,,,,,,,,,,,,,,,true,false,9,2017-04-01,2017-12-31,-1
2019-01-30,81370,2019-03-31,3,142000000000,-0.032,,,,,2700000000,-0.347,3000000000,-0.310,,2100000000,,131.16,,,,,,,,,,,,,,,,,,,,,,true,true,12,2018-04-01,2019-03-31,0
2019-01-30,81370,2018-03-31,3,,,,,,,,,,,,,,,,,,,,77254000000,27993000000,0.362,,27993000000,,,,,,,,,,,,true,false,12,2017-04-01,2018-03-31,-1
2019-01-30,81370,2018-03-31,3,,,,,,,,,,,,,,,,,,,,,,,,,,,,,30.00,,,,14438000,579973,,false,false,12,2017-04-01,2018-03-31,-1
2019-01-30,81370,2019-03-31,3,,,,,,,,,,,,,,,,,,,,,,,,,,,,,17.00,,,,,,,false,false,12,2018-04-01,2019-03-31,0
2019-01-30,81370,2019-03-31,3,,,,,,,,,,,,,,,,,,,,,,,,,,,,,34.00,,,,,,,false,true,12,2018-04-01,2019-03-31,0
2019-01-30,81370,2019-03-31,3,,,,,,,,,,,,,,,,,,,,,,,,,,,,,,,,,16044000,998,16011344,false,false,9,2018-04-01,2018-12-31,0
2019-01-30,81370,2018-03-31,3,,,,,,,,,,,,,,,,,,,,,,,,,,,,,,,,,,,13858183,false,false,9,2017-04-01,2017-12-31,-1
2019-01-30,81370,2019-03-31,,142000000000,-0.053,,,,,2700000000,-0.386,3000000000,-0.333,,2100000000,,131.16,,,,,,,,,,,,,,,,,,,,,,true,true,12,2018-04-01,2019-03-31,0
2019-01-30,81370,2018-03-31,,146759000000,,,,,,4135000000,,4349000000,,,3085000000,,222.65,,,,,,,,,,,,,,,,,,,,,,true,false,12,2017-04-01,2018-03-31,-1
2019-05-10,81370,2019-03-31,,145410000000,-0.009,,,,,3410000000,-0.175,3627000000,-0.166,,2628000000,,164.08,,0.088,0.048,0.023,,74114000000,31944000000,0.431,1991.19,31944000000,1636000000,-153000000,28000000,9521000000,,0.207,,,,,,true,false,12,2018-04-01,2019-03-31,0
2019-05-10,81370,2018-03-31,,146759000000,0.259,,,,,4135000000,0.372,4349000000,0.353,,3085000000,,222.65,,0.120,0.061,0.028,,77254000000,27993000000,0.362,2020.05,27993000000,-2221000000,29000000,3962000000,8112000000,,0.135,,,,,,true,false,12,2017-04-01,2018-03-31,-1
2019-05-10,81370,2020-03-31,,74000000000,0.025,,,,,1500000000,-0.296,1600000000,-0.308,,1150000000,,71.68,,,,,,,,,,,,,,,,,,,,,,true,true,6,2019-04-01,2019-09-30,1
2019-05-10,81370,2020-03-31,,150000000000,0.032,,,,,3100000000,-0.091,3300000000,-0.090,,2400000000,,149.60,,,,,,,,,,,,,,,,0.227,,,,,,true,true,12,2019-04-01,2020-03-31,1
2019-05-10,81370,2019-03-31,,115993000000,0.009,,,,,1937000000,-0.177,2218000000,-0.142,1609000000,,-0.067,100.47,,,,,,60960000000,24677000000,0.405,1538.19,24677000000,,,,,34.00,,,,16044000,1022,16019256,false,false,12,2018-04-01,2019-03-31,0
2019-05-10,81370,2018-03-31,,115002000000,0.247,,,,,2354000000,0.089,2587000000,0.058,1724000000,,0.638,124.44,,,,,,64324000000,21368000000,0.332,1541.98,21368000000,,,,,30.00,,,,14438000,579973,13858144,false,false,12,2017-04-01,2018-03-31,-1
2019-05-10,81370,2020-03-31,,,,,,,,,,,,,,,,,,,,,,,,,,,,,,34.00,,,,,,,false,true,12,2019-04-01,2020-03-31,1
2019-07-30,81370,2020-03-31,1,31292000000,-0.087,,,,,61000000,-0.931,152000000,-0.858,,121000000,,7.56,,,,,,70464000000,31979000000,0.454,,31979000000,,,,,,,,,,,,true,false,3,2019-04-01,2019-06-30,0
2019-07-30,81370,2019-03-31,1,34292000000,0.094,,,,,887000000,0.338,1075000000,0.394,,786000000,,49.34,,,,,,,,,,,,,,,,,,,,,,true,false,3,2018-04-01,2018-06-30,-1
2019-07-30,81370,2020-03-31,1,64000000000,-0.113,,,,,300000000,-0.859,400000000,-0.827,,350000000,,21.82,,,,,,,,,,,,,,,,,,,,,,true,true,6,2019-04-01,2019-09-30,0
2019-07-30,81370,2020-03-31,1,140000000000,-0.037,,,,,1200000000,-0.648,1400000000,-0.614,,1000000000,,62.33,,,,,,,,,,,,,,,,,,,,,,true,true,12,2019-04-01,2020-03-31,0
2019-07-30,81370,2019-03-31,1,,,,,,,,,,,,,,,,,,,,74114000000,31944000000,0.431,,31944000000,,,,,,,,,,,,true,false,12,2018-04-01,2019-03-31,-1
2019-07-30,81370,2019-03-31,1,,,,,,,,,,,,,,,,,,,,,,,,,,,,,34.00,,,,16044000,1022,,false,false,12,2018-04-01,2019-03-31,-1
2019-07-30,81370,2020-03-31,1,,,,,,,,,,,,,,,,,,,,,,,,,,,,,34.00,,,,,,,false,true,12,2019-04-01,2020-03-31,0
2019-07-30,81370,2020-03-31,1,,,,,,,,,,,,,,,,,,,,,,,,,,,,,,,,,16044000,1022,16042978,false,false,3,2019-04-01,2019-06-30,0
2019-07-30,81370,2019-03-31,1,,,,,,,,,,,,,,,,,,,,,,,,,,,,,,,,,,,15948027,false,false,3,2018-04-01,2018-06-30,-1
2019-07-29,81370,2020-03-31,,64000000000,-0.135,,,,,300000000,-0.800,400000000,-0.750,,350000000,,21.82,,,,,,,,,,,,,,,,,,,,,,true,true,6,2019-04-01,2019-09-30,0
2019-07-29,81370,2019-03-31,,72164000000,,,,,,2129000000,,2312000000,,,1651000000,,103.23,,,,,,,,,,,,,,,,,,,,,,true,false,6,2018-04-01,2018-09-30,-1
2019-07-29,81370,2020-03-31,,140000000000,-0.067,,,,,1200000000,-0.613,1400000000,-0.576,,1000000000,,62.33,,,,,,,,,,,,,,,,,,,,,,true,true,12,2019-04-01,2020-03-31,0
2019-07-29,81370,2019-03-31,,145410000000,,,,,,3410000000,,3627000000,,,2628000000,,164.08,,,,,,,,,,,,,,,,,,,,,,true,false,12,2018-04-01,2019-03-31,-1
2019-10-30,81370,2020-03-31,2,67608000000,-0.063,,,,,909000000,-0.573,1036000000,-0.552,,689000000,,42.97,,,,,,72036000000,32385000000,0.450,,32385000000,,,,,,,,,,,,true,false,6,2019-04-01,2019-09-30,0
2019-10-30,81370,2019-03-31,2,72164000000,0.072,,,,,2129000000,0.201,2312000000,0.185,,1651000000,,103.23,,,,,,,,,,,,,,,,,,,,,,true,false,6,2018-04-01,2018-09-30,-1
2019-10-30,81370,2020-03-31,2,140000000000,-0.037,,,,,1600000000,-0.531,1900000000,-0.476,,1400000000,,87.27,,,,,,,,,,,,,,,,,,,,,,true,true,12,2019-04-01,2020-03-31,0
2019-10-30,81370,2019-03-31,2,,,,,,,,,,,,,,,,,,,,74114000000,31944000000,0.431,,31944000000,,,,,,,,,,,,true,false,12,2018-04-01,2019-03-31,-1
2019-10-30,81370,2019-03-31,2,,,,,,,,,,,,,,,,,,,,,,,,,,,,,34.00,,,,16044000,1022,,false,false,12,2018-04-01,2019-03-31,-1
2019-10-30,81370,2020-03-31,2,,,,,,,,,,,,,,,,,,,,,,,,,,,,,17.00,,,,,,,false,false,12,2019-04-01,2020-03-31,0
2019-10-30,81370,2020-03-31,2,,,,,,,,,,,,,,,,,,,,,,,,,,,,,34.00,,,,,,,false,true,12,2019-04-01,2020-03-31,0
2019-10-30,81370,2020-03-31,2,,,,,,,,,,,,,,,,,,,,,,,,,,,,,,,,,16044000,1044,16042971,false,false,6,2019-04-01,2019-09-30,0
2019-10-30,81370,2019-03-31,2,,,,,,,,,,,,,,,,,,,,,,,,,,,,,,,,,,,15995515,false,false,6,2018-04-01,2018-09-30,-1
2020-01-30,81370,2020-03-31,3,99866000000,-0.077,,,,,1020000000,-0.612,1243000000,-0.561,,879000000,,54.94,,,,,,72676000000,32307000000,0.445,,32307000000,,,,,,,,,,,,true,false,9,2019-04-01,2019-12-31,0
2020-01-30,81370,2019-03-31,3,108179000000,0.040,,,,,2629000000,-0.021,2836000000,-0.047,,2016000000,,125.95,,,,,,,,,,,,,,,,,,,,,,true,false,9,2018-04-01,2018-12-31,-1
2020-01-30,81370,2020-03-31,3,140000000000,-0.037,,,,,1600000000,-0.531,1900000000,-0.476,,1400000000,,87.78,,,,,,,,,,,,,,,,,,,,,,true,true,12,2019-04-01,2020-03-31,0
2020-01-30,81370,2019-03-31,3,,,,,,,,,,,,,,,,,,,,74114000000,31944000000,0.431,,31944000000,,,,,,,,,,,,true,false,12,2018-04-01,2019-03-31,-1
2020-01-30,81370,2019-03-31,3,,,,,,,,,,,,,,,,,,,,,,,,,,,,,34.00,,,,16044000,1022,,false,false,12,2018-04-01,2019-03-31,-1
2020-01-30,81370,2020-03-31,3,,,,,,,,,,,,,,,,,,,,,,,,,,,,,17.00,,,,,,,false,false,12,2019-04-01,2020-03-31,0
2020-01-30,81370,2020-03-31,3,,,,,,,,,,,,,,,,,,,,,,,,,,,,,34.00,,,,,,,false,true,12,2019-04-01,2020-03-31,0
2020-01-30,81370,2020-03-31,3,,,,,,,,,,,,,,,,,,,,,,,,,,,,,,,,,16044000,214544,16003671,false,false,9,2019-04-01,2019-12-31,0
2020-01-30,81370,2019-03-31,3,,,,,,,,,,,,,,,,,,,,,,,,,,,,,,,,,,,16011344,false,false,9,2018-04-01,2018-12-31,-1
2020-05-08,81370,2020-03-31,,137943000000,-0.051,,,,,1846000000,-0.458,2144000000,-0.409,,1341000000,,84.11,,0.042,0.029,0.013,,71738000000,31726000000,0.442,2010.98,31726000000,3238000000,-200000000,-945000000,11568000000,,0.404,,,,,,true,false,12,2019-04-01,2020-03-31,0
2020-05-08,81370,2019-03-31,,145410000000,-0.009,,,,,3410000000,-0.175,3627000000,-0.166,,2628000000,,164.08,,0.088,0.048,0.023,,74114000000,31944000000,0.431,1991.19,31944000000,1636000000,-153000000,28000000,9521000000,,0.207,,,,,,true,false,12,2018-04-01,2019-03-31,-1
2020-05-08,81370,2021-03-31,,70000000000,0.035,,,,,750000000,-0.176,800000000,-0.228,,500000000,,31.69,,,,,,,,,,,,,,,,,,,,,,true,true,6,2020-04-01,2020-09-30,1
2020-05-08,81370,2020-03-31,,110335000000,-0.049,,,,,1286000000,-0.336,1608000000,-0.275,1002000000,,-0.377,62.84,,,,,,59187000000,24237000000,0.409,1536.24,24237000000,,,,,34.00,,,,16044000,267144,15948981,false,false,12,2019-04-01,2020-03-31,0
2020-05-08,81370,2019-03-31,,115993000000,0.009,,,,,1937000000,-0.177,2218000000,-0.142,1609000000,,-0.067,100.47,,,,,,60960000000,24677000000,0.405,1538.19,24677000000,,,,,34.00,,,,16044000,1022,16019256,false,false,12,2018-04-01,2019-03-31,-1
2020-05-08,81370,2021-03-31,,,,,,,,,,,,,,,,,,,,,,,,,,,,,,34.00,,,,,,,false,true,12,2020-04-01,2021-03-31,1
2020-07-30,81370,2021-03-31,1,27920000000,-0.108,,,,,74000000,0.214,142000000,-0.064,,99000000,,6.29,,,,,,70091000000,32060000000,0.457,,32060000000,,,,,,,,,,,,true,false,3,2020-04-01,2020-06-30,0
2020-07-30,81370,2020-03-31,1,31292000000,-0.087,,,,,61000000,-0.931,152000000,-0.858,,121000000,,7.56,,,,,,,,,,,,,,,,,,,,,,true,false,3,2019-04-01,2019-06-30,-1
2020-07-30,81370,2021-03-31,1,62000000000,-0.083,,,,,500000000,-0.450,650000000,-0.373,,400000000,,25.35,,,,,,,,,,,,,,,,,,,,,,true,true,6,2020-04-01,2020-09-30,0
2020-07-30,81370,2021-03-31,1,130000000000,-0.058,,,,,1100000000,-0.404,1400000000,-0.347,,900000000,,57.05,,,,,,,,,,,,,,,,,,,,,,true,true,12,2020-04-01,2021-03-31,0
2020-07-30,81370,2020-03-31,1,,,,,,,,,,,,,,,,,,,,71738000000,31726000000,0.442,,31726000000,,,,,,,,,,,,true,false,12,2019-04-01,2020-03-31,-1
2020-07-30,81370,2020-03-31,1,,,,,,,,,,,,,,,,,,,,,,,,,,,,,34.00,,,,16044000,267144,,false,false,12,2019-04-01,2020-03-31,-1
2020-07-30,81370,2021-03-31,1,,,,,,,,,,,,,,,,,,,,,,,,,,,,,34.00,,,,,,,false,true,12,2020-04-01,2021-03-31,0
2020-07-30,81370,2021-03-31,1,,,,,,,,,,,,,,,,,,,,,,,,,,,,,,,,,16044000,267144,15776856,false,false,3,2020-04-01,2020-06-30,0
2020-07-30,81370,2020-03-31,1,,,,,,,,,,,,,,,,,,,,,,,,,,,,,,,,,,,16042978,false,false,3,2019-04-01,2019-06-30,-1
2020-07-30,81370,2021-03-31,,62000000000,-0.114,,,,,500000000,-0.333,650000000,-0.188,,400000000,,25.35,,,,,,,,,,,,,,,,,,,,,,true,true,6,2020-04-01,2020-09-30,0
2020-07-30,81370,2020-03-31,,67608000000,,,,,,909000000,,1036000000,,,689000000,,42.97,,,,,,,,,,,,,,,,,,,,,,true,false,6,2019-04-01,2019-09-30,-1
2020-07-30,81370,2021-03-31,,130000000000,,,,,,1100000000,,1400000000,,,900000000,,57.05,,,,,,,,,,,,,,,,,,,,,,true,true,12,2020-04-01,2021-03-31,0
2020-07-30,81370,2020-03-31,,137943000000,,,,,,1846000000,,2144000000,,,1341000000,,84.11,,,,,,,,,,,,,,,,,,,,,,true,false,12,2019-04-01,2020-03-31,-1
2020-10-30,81370,2021-03-31,2,61813000000,-0.086,,,,,900000000,-0.010,1020000000,-0.015,,705000000,,44.75,,,,,,71943000000,33038000000,0.459,,33038000000,,,,,,,,,,,,true,false,6,2020-04-01,2020-09-30,0
2020-10-30,81370,2020-03-31,2,67608000000,-0.063,,,,,909000000,-0.573,1036000000,-0.552,,689000000,,42.97,,,,,,,,,,,,,,,,,,,,,,true,false,6,2019-04-01,2019-09-30,-1
2020-10-30,81370,2021-03-31,2,130000000000,-0.058,,,,,1800000000,-0.025,2100000000,-0.021,,1400000000,,88.74,,,,,,,,,,,,,,,,,,,,,,true,true,12,2020-04-01,2021-03-31,0
2020-10-30,81370,2020-03-31,2,,,,,,,,,,,,,,,,,,,,71738000000,31726000000,0.442,,31726000000,,,,,,,,,,,,true,false,12,2019-04-01,2020-03-31,-1
2020-10-30,81370,2020-03-31,2,,,,,,,,,,,,,,,,,,,,,,,,,,,,,34.00,,,,16044000,267144,,false,false,12,2019-04-01,2020-03-31,-1
2020-10-30,81370,2021-03-31,2,,,,,,,,,,,,,,,,,,,,,,,,,,,,,17.00,,,,,,,false,false,12,2020-04-01,2021-03-31,0
2020-10-30,81370,2021-03-31,2,,,,,,,,,,,,,,,,,,,,,,,,,,,,,34.00,,,,,,,false,true,12,2020-04-01,2021-03-31,0
2020-10-30,81370,2021-03-31,2,,,,,,,,,,,,,,,,,,,,,,,,,,,,,,,,,16044000,267144,15776856,false,false,6,2020-04-01,2020-09-30,0
2020-10-30,81370,2020-03-31,2,,,,,,,,,,,,,,,,,,,,,,,,,,,,,,,,,,,16042971,false,false,6,2019-04-01,2019-09-30,-1
2021-01-29,81370,2021-03-31,3,94184000000,-0.057,,,,,1135000000,0.113,1338000000,0.077,,934000000,,59.23,,,,,,72757000000,33819000000,0.465,,33819000000,,,,,,,,,,,,true,false,9,2020-04-01,2020-12-31,0
2021-01-29,81370,2020-03-31,3,99866000000,-0.077,,,,,1020000000,-0.612,1243000000,-0.561,,879000000,,54.94,,,,,,,,,,,,,,,,,,,,,,true,false,9,2019-04-01,2019-12-31,-1
2021-01-29,81370,2021-03-31,3,130000000000,-0.058,,,,,1800000000,-0.025,2100000000,-0.021,,1400000000,,88.74,,,,,,,,,,,,,,,,,,,,,,true,true,12,2020-04-01,2021-03-31,0
2021-01-29,81370,2020-03-31,3,,,,,,,,,,,,,,,,,,,,71738000000,31726000000,0.442,,31726000000,,,,,,,,,,,,true,false,12,2019-04-01,2020-03-31,-1
2021-01-29,81370,2020-03-31,3,,,,,,,,,,,,,,,,,,,,,,,,,,,,,34.00,,,,16044000,267144,,false,false,12,2019-04-01,2020-03-31,-1
2021-01-29,81370,2021-03-31,3,,,,,,,,,,,,,,,,,,,,,,,,,,,,,17.00,,,,,,,false,false,12,2020-04-01,2021-03-31,0
2021-01-29,81370,2021-03-31,3,,,,,,,,,,,,,,,,,,,,,,,,,,,,,34.00,,,,,,,false,true,12,2020-04-01,2021-03-31,0
2021-01-29,81370,2021-03-31,3,,,,,,,,,,,,,,,,,,,,,,,,,,,,,,,,,16044000,267312,15776819,false,false,9,2020-04-01,2020-12-31,0
2021-01-29,81370,2020-03-31,3,,,,,,,,,,,,,,,,,,,,,,,,,,,,,,,,,,,16003671,false,false,9,2019-04-01,2019-12-31,-1
2021-05-07,81370,2021-03-31,,134769000000,-0.023,,,,,2152000000,0.165,2567000000,0.197,,1786000000,,113.23,,0.054,0.035,0.016,,76381000000,35030000000,0.459,2220.42,35030000000,1589000000,-141000000,-309000000,12629000000,,0.300,,,,,,true,false,12,2020-04-01,2021-03-31,0
2021-05-07,81370,2020-03-31,,137943000000,-0.051,,,,,1846000000,-0.458,2144000000,-0.409,,1341000000,,84.11,,0.042,0.029,0.013,,71738000000,31726000000,0.442,2010.98,31726000000,3238000000,-200000000,-945000000,11568000000,,0.404,,,,,,true,false,12,2019-04-01,2020-03-31,-1
2021-05-07,81370,2022-03-31,,66500000000,0.076,,,,,1620000000,0.799,1635000000,0.602,,1055000000,,66.87,,,,,,,,,,,,,,,,,,,,,,true,true,6,2021-04-01,2021-09-30,1
2021-05-07,81370,2022-03-31,,135800000000,0.008,,,,,3430000000,0.594,3500000000,0.363,,2250000000,,142.62,,,,,,,,,,,,,,,,0.238,,,,,,true,true,12,2021-04-01,2022-03-31,1
2021-05-07,81370,2021-03-31,,108252000000,-0.019,,,,,1197000000,-0.070,1656000000,0.029,1108000000,,0.106,70.26,,,,,,62932000000,26908000000,0.428,1705.56,26908000000,,,,,34.00,,,,16044000,267312,15776786,false,false,12,2020-04-01,2021-03-31,0
2021-05-07,81370,2020-03-31,,110335000000,-0.049,,,,,1286000000,-0.336,1608000000,-0.275,1002000000,,-0.377,62.84,,,,,,59187000000,24237000000,0.409,1536.24,24237000000,,,,,34.00,,,,16044000,267144,15948981,false,false,12,2019-04-01,2020-03-31,-1
2021-05-07,81370,2022-03-31,,,,,,,,,,,,,,,,,,,,,,,,,,,,,,34.00,,,,,,,false,true,12,2021-04-01,2022-03-31,1
2021-07-29,81370,2022-03-31,1,33489000000,0.199,,,,,974000000,,1011000000,6.091,,709000000,,45.00,,,,,,79988000000,35997000000,0.450,,35997000000,,,,,,,,,,,,true,false,3,2021-04-01,2021-06-30,0
2021-07-29,81370,2021-03-31,1,27920000000,-0.108,,,,,74000000,0.214,142000000,-0.064,,99000000,,6.29,,,,,,,,,,,,,,,,,,,,,,true,false,3,2020-04-01,2020-06-30,-1
2021-07-29,81370,2022-03-31,1,66500000000,0.076,,,,,1620000000,0.799,1635000000,0.602,,1055000000,,66.87,,,,,,,,,,,,,,,,,,,,,,true,true,6,2021-04-01,2021-09-30,0
2021-07-29,81370,2022-03-31,1,135800000000,0.008,,,,,3430000000,0.594,3500000000,0.363,,2250000000,,142.62,,,,,,,,,,,,,,,,,,,,,,true,true,12,2021-04-01,2022-03-31,0
2021-07-29,81370,2021-03-31,1,,,,,,,,,,,,,,,,,,,,76381000000,35030000000,0.459,,35030000000,,,,,,,,,,,,true,false,12,2020-04-01,2021-03-31,-1
2021-07-29,81370,2021-03-31,1,,,,,,,,,,,,,,,,,,,,,,,,,,,,,34.00,,,,16044000,267312,,false,false,12,2020-04-01,2021-03-31,-1
2021-07-29,81370,2022-03-31,1,,,,,,,,,,,,,,,,,,,,,,,,,,,,,34.00,,,,,,,false,true,12,2021-04-01,2022-03-31,0
2021-07-29,81370,2022-03-31,1,,,,,,,,,,,,,,,,,,,,,,,,,,,,,,,,,16044000,267332,15776681,false,false,3,2021-04-01,2021-06-30,0
2021-07-29,81370,2021-03-31,1,,,,,,,,,,,,,,,,,,,,,,,,,,,,,,,,,,,15776856,false,false,3,2020-04-01,2020-06-30,-1
2021-10-29,81370,2022-03-31,2,70978000000,0.148,,,,,2108000000,1.342,2195000000,1.150,,1551000000,,98.23,,,,,,85924000000,37097000000,0.432,,37097000000,,,,,,,,,,,,true,false,6,2021-04-01,2021-09-30,0
2021-10-29,81370,2021-03-31,2,61813000000,-0.086,,,,,900000000,-0.010,1020000000,-0.015,,705000000,,44.75,,,,,,,,,,,,,,,,,,,,,,true,false,6,2020-04-01,2020-09-30,-1
2021-10-29,81370,2022-03-31,2,148700000000,0.103,,,,,4200000000,0.951,4340000000,0.690,,3040000000,,192.51,,,,,,,,,,,,,,,,,,,,,,true,true,12,2021-04-01,2022-03-31,0
2021-10-29,81370,2021-03-31,2,,,,,,,,,,,,,,,,,,,,76381000000,35030000000,0.459,,35030000000,,,,,,,,,,,,true,false,12,2020-04-01,2021-03-31,-1
2021-10-29,81370,2021-03-31,2,,,,,,,,,,,,,,,,,,,,,,,,,,,,,34.00,,,,16044000,267312,,false,false,12,2020-04-01,2021-03-31,-1
2021-10-29,81370,2022-03-31,2,,,,,,,,,,,,,,,,,,,,,,,,,,,,,17.00,,,,,,,false,false,12,2021-04-01,2022-03-31,0
2021-10-29,81370,2022-03-31,2,,,,,,,,,,,,,,,,,,,,,,,,,,,,,34.00,,,,,,,false,true,12,2021-04-01,2022-03-31,0
2021-10-29,81370,2022-03-31,2,,,,,,,,,,,,,,,,,,,,,,,,,,,,,,,,,16044000,237332,15791675,false,false,6,2021-04-01,2021-09-30,0
2021-10-29,81370,2021-03-31,2,,,,,,,,,,,,,,,,,,,,,,,,,,,,,,,,,,,15776856,false,false,6,2020-04-01,2020-09-30,-1
2022-01-28,81370,2022-03-31,3,109192000000,0.159,,,,,3307000000,1.912,3504000000,1.617,,2502000000,,158.99,,,,,,86730000000,37273000000,0.430,,37273000000,,,,,,,,,,,,true,false,9,2021-04-01,2021-12-31,0
2022-01-28,81370,2021-03-31,3,94184000000,-0.057,,,,,1135000000,0.113,1338000000,0.077,,934000000,,59.23,,,,,,,,,,,,,,,,,,,,,,true,false,9,2020-04-01,2020-12-31,-1
2022-01-28,81370,2022-03-31,3,156500000000,0.161,,,,,4300000000,0.998,4600000000,0.792,,3240000000,,205.82,,,,,,,,,,,,,,,,,,,,,,true,true,12,2021-04-01,2022-03-31,0
2022-01-28,81370,2021-03-31,3,,,,,,,,,,,,,,,,,,,,76381000000,35030000000,0.459,,35030000000,,,,,,,,,,,,true,false,12,2020-04-01,2021-03-31,-1
2022-01-28,81370,2021-03-31,3,,,,,,,,,,,,,,,,,,,,,,,,,,,,,34.00,,,,16044000,267312,,false,false,12,2020-04-01,2021-03-31,-1
2022-01-28,81370,2022-03-31,3,,,,,,,,,,,,,,,,,,,,,,,,,,,,,17.00,,,,,,,false,false,12,2021-04-01,2022-03-31,0
2022-01-28,81370,2022-03-31,3,,,,,,,,,,,,,,,,,,,,,,,,,,,,,37.00,,,,,,,false,true,12,2021-04-01,2022-03-31,0
2022-01-28,81370,2022-03-31,3,,,,,,,,,,,,,,,,,,,,,,,,,,,,,,,,,16044000,600419,15741795,false,false,9,2021-04-01,2021-12-31,0
2022-01-28,81370,2021-03-31,3,,,,,,,,,,,,,,,,,,,,,,,,,,,,,,,,,,,15776819,false,false,9,2020-04-01,2020-12-31,-1
2022-05-09,81370,2022-03-31,,154414000000,0.146,,,,,4804000000,1.232,5195000000,1.024,,3577000000,,228.33,,0.098,0.061,0.031,,93078000000,38023000000,0.409,2462.10,38023000000,792000000,244000000,-580000000,13565000000,,0.162,,,,,,true,false,12,2021-04-01,2022-03-31,0
2022-05-09,81370,2021-03-31,,134769000000,-0.023,,,,,2152000000,0.165,2567000000,0.197,,1786000000,,113.23,,0.054,0.035,0.016,,76381000000,35030000000,0.459,2220.42,35030000000,1589000000,-141000000,-309000000,12629000000,,0.300,,,,,,true,false,12,2020-04-01,2021-03-31,-1
2022-05-09,81370,2023-03-31,,83100000000,0.171,,,,,2600000000,0.233,2700000000,0.230,,1900000000,,123.03,,,,,,,,,,,,,,,,,,,,,,true,true,6,2022-04-01,2022-09-30,1
2022-05-09,81370,2023-03-31,,164700000000,0.067,,,,,5000000000,0.041,5200000000,0.001,,3600000000,,233.11,,,,,,,,,,,,,,,,0.172,,,,,,true,true,12,2022-04-01,2023-03-31,1
2022-05-09,81370,2022-03-31,,115811000000,0.070,,,,,3046000000,1.545,3944000000,1.382,2759000000,,1.490,176.14,,,,,,73584000000,28050000000,0.381,1816.31,28050000000,,,,,37.00,,,,16044000,600439,15668261,false,false,12,2021-04-01,2022-03-31,0
2022-05-09,81370,2021-03-31,,108252000000,-0.019,,,,,1197000000,-0.070,1656000000,0.029,1108000000,,0.106,70.26,,,,,,62932000000,26908000000,0.428,1705.56,26908000000,,,,,34.00,,,,16044000,267312,15776786,false,false,12,2020-04-01,2021-03-31,-1
2022-05-09,81370,2023-03-31,,,,,,,,,,,,,,,,,,,,,,,,,,,,,,40.00,,,,,,,false,true,12,2022-04-01,2023-03-31,1
2022-07-29,81370,2023-03-31,1,39108000000,0.168,,,,,1341000000,0.377,1596000000,0.578,,1134000000,,73.47,,,,,,89414000000,39257000000,0.439,,39257000000,,,,,,,,,,,,true,false,3,2022-04-01,2022-06-30,0
2022-07-29,81370,2022-03-31,1,33489000000,0.199,,,,,974000000,,1011000000,6.091,,709000000,,45.00,,,,,,,,,,,,,,,,,,,,,,true,false,3,2021-04-01,2021-06-30,-1
2022-07-29,81370,2023-03-31,1,83100000000,0.171,,,,,2600000000,0.233,2700000000,0.230,,1900000000,,123.03,,,,,,,,,,,,,,,,,,,,,,true,true,6,2022-04-01,2022-09-30,0
2022-07-29,81370,2023-03-31,1,164700000000,0.067,,,,,5000000000,0.041,5200000000,0.001,,3600000000,,233.11,,,,,,,,,,,,,,,,,,,,,,true,true,12,2022-04-01,2023-03-31,0
2022-07-29,81370,2022-03-31,1,,,,,,,,,,,,,,,,,,,,93078000000,38023000000,0.409,,38023000000,,,,,,,,,,,,true,false,12,2021-04-01,2022-03-31,-1
2022-07-29,81370,2022-03-31,1,,,,,,,,,,,,,,,,,,,,,,,,,,,,,37.00,,,,16044000,600439,,false,false,12,2021-04-01,2022-03-31,-1
2022-07-29,81370,2023-03-31,1,,,,,,,,,,,,,,,,,,,,,,,,,,,,,40.00,,,,,,,false,true,12,2022-04-01,2023-03-31,0
2022-07-29,81370,2023-03-31,1,,,,,,,,,,,,,,,,,,,,,,,,,,,,,,,,,16044000,600439,15443561,false,false,3,2022-04-01,2022-06-30,0
2022-07-29,81370,2022-03-31,1,,,,,,,,,,,,,,,,,,,,,,,,,,,,,,,,,,,15776681,false,false,3,2021-04-01,2021-06-30,-1
2022-10-28,81370,2023-03-31,2,84356000000,0.188,,,,,3299000000,0.565,3575000000,0.629,,2528000000,,163.50,,,,,,99251000000,41480000000,0.418,,41480000000,,,,,,,,,,,,true,false,6,2022-04-01,2022-09-30,0
2022-10-28,81370,2022-03-31,2,70978000000,0.148,,,,,2108000000,1.342,2195000000,1.150,,1551000000,,98.23,,,,,,,,,,,,,,,,,,,,,,true,false,6,2021-04-01,2021-09-30,-1
2022-10-28,81370,2023-03-31,2,174000000000,0.127,,,,,6500000000,0.353,6650000000,0.280,,4650000000,,300.72,,,,,,,,,,,,,,,,,,,,,,true,true,12,2022-04-01,2023-03-31,0
2022-10-28,81370,2022-03-31,2,,,,,,,,,,,,,,,,,,,,93078000000,38023000000,0.409,,38023000000,,,,,,,,,,,,true,false,12,2021-04-01,2022-03-31,-1
2022-10-28,81370,2022-03-31,2,,,,,,,,,,,,,,,,,,,,,,,,,,,,,37.00,,,,16044000,600439,,false,false,12,2021-04-01,2022-03-31,-1
2022-10-28,81370,2023-03-31,2,,,,,,,,,,,,,,,,,,,,,,,,,,,,,20.00,,,,,,,false,false,12,2022-04-01,2023-03-31,0
2022-10-28,81370,2023-03-31,2,,,,,,,,,,,,,,,,,,,,,,,,,,,,,40.00,,,,,,,false,true,12,2022-04-01,2023-03-31,0
2022-10-28,81370,2023-03-31,2,,,,,,,,,,,,,,,,,,,,,,,,,,,,,,,,,16044000,562307,15462672,false,false,6,2022-04-01,2022-09-30,0
2022-10-28,81370,2022-03-31,2,,,,,,,,,,,,,,,,,,,,,,,,,,,,,,,,,,,15791675,false,false,6,2021-04-01,2021-09-30,-1
2023-01-30,81370,2023-03-31,3,131130000000,0.201,,,,,5421000000,0.639,5468000000,0.560,,3854000000,,249.16,,,,,,102206000000,42754000000,0.418,,42754000000,,,,,,,,,,,,true,false,9,2022-04-01,2022-12-31,0
2023-01-30,81370,2022-03-31,3,109192000000,0.159,,,,,3307000000,1.912,3504000000,1.617,,2502000000,,158.99,,,,,,,,,,,,,,,,,,,,,,true,false,9,2021-04-01,2021-12-31,-1
2023-01-30,81370,2023-03-31,3,174000000000,0.127,,,,,6500000000,0.353,6650000000,0.280,,4650000000,,300.60,,,,,,,,,,,,,,,,,,,,,,true,true,12,2022-04-01,2023-03-31,0
2023-01-30,81370,2022-03-31,3,,,,,,,,,,,,,,,,,,,,93078000000,38023000000,0.409,,38023000000,,,,,,,,,,,,true,false,12,2021-04-01,2022-03-31,-1
2023-01-30,81370,2022-03-31,3,,,,,,,,,,,,,,,,,,,,,,,,,,,,,37.00,,,,16044000,600439,,false,false,12,2021-04-01,2022-03-31,-1
2023-01-30,81370,2023-03-31,3,,,,,,,,,,,,,,,,,,,,,,,,,,,,,20.00,,,,,,,false,false,12,2022-04-01,2023-03-31,0
2023-01-30,81370,2023-03-31,3,,,,,,,,,,,,,,,,,,,,,,,,,,,,,90.00,,,,,,,false,true,12,2022-04-01,2023-03-31,0
2023-01-30,81370,2023-03-31,3,,,,,,,,,,,,,,,,,,,,,,,,,,,,,,,,,16044000,562307,15469013,false,false,9,2022-04-01,2022-12-31,0
2023-01-30,81370,2022-03-31,3,,,,,,,,,,,,,,,,,,,,,,,,,,,,,,,,,,,15741795,false,false,9,2021-04-01,2021-12-31,-1
2023-05-08,81370,2023-03-31,,181013000000,0.172,,,,,7630000000,0.588,7675000000,0.477,,5493000000,,355.08,,0.133,0.077,0.042,,106581000000,44484000000,0.417,2873.36,44484000000,-545000000,-731000000,906000000,13661000000,,0.253,,,,,,true,false,12,2022-04-01,2023-03-31,0
2023-05-08,81370,2022-03-31,,154414000000,0.146,,,,,4804000000,1.232,5195000000,1.024,,3577000000,,228.33,,0.098,0.061,0.031,,93078000000,38023000000,0.409,2462.10,38023000000,792000000,244000000,-580000000,13565000000,,0.162,,,,,,true,false,12,2021-04-01,2022-03-31,-1
2023-05-08,81370,2024-03-31,,85300000000,0.011,,,,,2600000000,-0.212,2700000000,-0.245,,1870000000,,120.79,,,,,,,,,,,,,,,,,,,,,,true,true,6,2023-04-01,2023-09-30,1
2023-05-08,81370,2024-03-31,,175800000000,-0.029,,,,,5510000000,-0.278,5690000000,-0.259,,3950000000,,255.14,,,,,,,,,,,,,,,,0.353,,,,,,true,true,12,2023-04-01,2024-03-31,1
2023-05-08,81370,2023-03-31,,133712000000,0.155,,,,,5351000000,0.757,6307000000,0.599,4577000000,,0.659,295.86,,,,,,82844000000,32649000000,0.394,2108.89,32649000000,,,,,90.00,,,,16044000,562331,15472177,false,false,12,2022-04-01,2023-03-31,0
2023-05-08,81370,2022-03-31,,115811000000,0.070,,,,,3046000000,1.545,3944000000,1.382,2759000000,,1.490,176.14,,,,,,73584000000,28050000000,0.381,1816.31,28050000000,,,,,37.00,,,,16044000,600439,15668261,false,false,12,2021-04-01,2022-03-31,-1
2023-05-08,81370,2024-03-31,,,,,,,,,,,,,,,,,,,,,,,,,,,,,,90.00,,,,,,,false,true,12,2023-04-01,2024-03-31,1
2023-07-28,81370,2024-03-31,1,42262000000,0.081,,,,,1693000000,0.262,1957000000,0.227,,1382000000,,89.97,,,,,,105364000000,45075000000,0.428,,45075000000,,,,,,,,,,,,true,false,3,2023-04-01,2023-06-30,0
2023-07-28,81370,2023-03-31,1,39108000000,0.168,,,,,1341000000,0.377,1596000000,0.578,,1134000000,,73.47,,,,,,,,,,,,,,,,,,,,,,true,false,3,2022-04-01,2022-06-30,-1
2023-07-28,81370,2024-03-31,1,85300000000,0.011,,,,,2600000000,-0.212,2700000000,-0.245,,1870000000,,121.67,,,,,,,,,,,,,,,,,,,,,,true,true,6,2023-04-01,2023-09-30,0
2023-07-28,81370,2024-03-31,1,175800000000,-0.029,,,,,5510000000,-0.278,5690000000,-0.259,,3950000000,,257.00,,,,,,,,,,,,,,,,,,,,,,true,true,12,2023-04-01,2024-03-31,0
2023-07-28,81370,2023-03-31,1,,,,,,,,,,,,,,,,,,,,106581000000,44484000000,0.417,,44484000000,,,,,,,,,,,,true,false,12,2022-04-01,2023-03-31,-1
2023-07-28,81370,2023-03-31,1,,,,,,,,,,,,,,,,,,,,,,,,,,,,,90.00,,,,16044000,562331,,false,false,12,2022-04-01,2023-03-31,-1
2023-07-28,81370,2024-03-31,1,,,,,,,,,,,,,,,,,,,,,,,,,,,,,90.00,,,,,,,false,true,12,2023-04-01,2024-03-31,0
2023-07-28,81370,2024-03-31,1,,,,,,,,,,,,,,,,,,,,,,,,,,,,,,,,,16044000,858691,15369948,false,false,3,2023-04-01,2023-06-30,0
2023-07-28,81370,2023-03-31,1,,,,,,,,,,,,,,,,,,,,,,,,,,,,,,,,,,,15443561,false,false,3,2022-04-01,2022-06-30,-1
2023-10-30,81370,2024-03-31,2,88867000000,0.053,,,,,3442000000,0.043,3700000000,0.035,,3075000000,,201.75,,,,,,105671000000,46188000000,0.437,,46188000000,,,,,,,,,,,,true,false,6,2023-04-01,2023-09-30,0
2023-10-30,81370,2023-03-31,2,84356000000,0.188,,,,,3299000000,0.565,3575000000,0.629,,2528000000,,163.50,,,,,,,,,,,,,,,,,,,,,,true,false,6,2022-04-01,2022-09-30,-1
2023-10-30,81370,2024-03-31,2,166500000000,-0.080,,,,,5510000000,-0.278,5860000000,-0.236,,4570000000,,299.74,,,,,,,,,,,,,,,,,,,,,,true,true,12,2023-04-01,2024-03-31,0
2023-10-30,81370,2023-03-31,2,,,,,,,,,,,,,,,,,,,,106581000000,44484000000,0.417,,44484000000,,,,,,,,,,,,true,false,12,2022-04-01,2023-03-31,-1
2023-10-30,81370,2023-03-31,2,,,,,,,,,,,,,,,,,,,,,,,,,,,,,90.00,,,,16044000,562331,,false,false,12,2022-04-01,2023-03-31,-1
2023-10-30,81370,2024-03-31,2,,,,,,,,,,,,,,,,,,,,,,,,,,,,,45.00,,,,,,,false,false,12,2023-04-01,2024-03-31,0
2023-10-30,81370,2024-03-31,2,,,,,,,,,,,,,,,,,,,,,,,,,,,,,90.00,,,,,,,false,true,12,2023-04-01,2024-03-31,0
2023-10-30,81370,2024-03-31,2,,,,,,,,,,,,,,,,,,,,,,,,,,,,,,,,,16044000,932391,15246437,false,false,6,2023-04-01,2023-09-30,0
2023-10-30,81370,2023-03-31,2,,,,,,,,,,,,,,,,,,,,,,,,,,,,,,,,,,,15462672,false,false,6,2022-04-01,2022-09-30,-1
2024-01-30,81370,2024-03-31,3,128131000000,-0.023,,,,,4714000000,-0.130,4924000000,-0.099,,3911000000,,257.30,,,,,,102537000000,47011000000,0.458,,47011000000,,,,,,,,,,,,true,false,9,2023-04-01,2023-12-31,0
2024-01-30,81370,2023-03-31,3,131130000000,0.201,,,,,5421000000,0.639,5468000000,0.560,,3854000000,,249.16,,,,,,,,,,,,,,,,,,,,,,true,false,9,2022-04-01,2022-12-31,-1
2024-01-30,81370,2024-03-31,3,165000000000,-0.088,,,,,5700000000,-0.253,6000000000,-0.218,,4800000000,,315.76,,,,,,,,,,,,,,,,,,,,,,true,true,12,2023-04-01,2024-03-31,0
2024-01-30,81370,2023-03-31,3,,,,,,,,,,,,,,,,,,,,106581000000,44484000000,0.417,,44484000000,,,,,,,,,,,,true,false,12,2022-04-01,2023-03-31,-1
2024-01-30,81370,2023-03-31,3,,,,,,,,,,,,,,,,,,,,,,,,,,,,,90.00,,,,16044000,562331,,false,false,12,2022-04-01,2023-03-31,-1
2024-01-30,81370,2024-03-31,3,,,,,,,,,,,,,,,,,,,,,,,,,,,,,45.00,,,,,,,false,false,12,2023-04-01,2024-03-31,0
2024-01-30,81370,2024-03-31,3,,,,,,,,,,,,,,,,,,,,,,,,,,,,,95.00,,,,,,,false,true,12,2023-04-01,2024-03-31,0
2024-01-30,81370,2024-03-31,3,,,,,,,,,,,,,,,,,,,,,,,,,,,,,,,,,16044000,932459,15201322,false,false,9,2023-04-01,2023-12-31,0
2024-01-30,81370,2023-03-31,3,,,,,,,,,,,,,,,,,,,,,,,,,,,,,,,,,,,15469013,false,false,9,2022-04-01,2022-12-31,-1
2024-05-10,81370,2024-03-31,,166138000000,-0.082,,,,,6215000000,-0.185,6631000000,-0.136,,5007000000,,329.87,,0.108,0.065,0.037,,98707000000,47966000000,0.486,3174.19,47966000000,4226000000,883000000,-608000000,18597000000,,0.288,,,,,,true,false,12,2023-04-01,2024-03-31,0
2024-05-10,81370,2023-03-31,,181013000000,0.172,,,,,7630000000,0.588,7675000000,0.477,,5493000000,,355.08,,0.133,0.077,0.042,,106581000000,44484000000,0.417,2873.36,44484000000,-545000000,-731000000,906000000,13661000000,,0.253,,,,,,true,false,12,2022-04-01,2023-03-31,-1
2024-05-10,81370,2025-03-31,,67600000000,-0.239,,,,,780000000,-0.773,840000000,-0.773,,760000000,,50.29,,,,,,,,,,,,,,,,,,,,,,true,true,6,2024-04-01,2024-09-30,1
2024-05-10,81370,2025-03-31,,155070000000,-0.067,,,,,3080000000,-0.504,3220000000,-0.514,,2410000000,,159.48,,,,,,,,,,,,,,,,0.690,,,,,,true,true,12,2024-04-01,2025-03-31,1
2024-05-10,81370,2024-03-31,,114562000000,-0.143,,,,,3647000000,-0.319,4710000000,-0.253,3749000000,,-0.181,247.00,,,,,,76318000000,34053000000,0.446,2253.49,34053000000,,,,,95.00,,,,16044000,932459,15179000,false,false,12,2023-04-01,2024-03-31,0
2024-05-10,81370,2023-03-31,,133712000000,0.155,,,,,5351000000,0.757,6307000000,0.599,4577000000,,0.659,295.86,,,,,,82844000000,32649000000,0.394,2108.89,32649000000,,,,,90.00,,,,16044000,562331,15472177,false,false,12,2022-04-01,2023-03-31,-1
2024-05-10,81370,2025-03-31,,,,,,,,,,,,,,,,,,,,,,,,,,,,,,110.00,,,,,,,false,true,12,2024-04-01,2025-03-31,1
2024-07-29,81370,2025-03-31,1,31848000000,-0.246,,,,,652000000,-0.615,785000000,-0.599,,605000000,,40.07,,,,,,96742000000,48312000000,0.499,,48312000000,,,,,,,,,,,,true,false,3,2024-04-01,2024-06-30,0
2024-07-29,81370,2024-03-31,1,42262000000,0.081,,,,,1693000000,0.262,1957000000,0.227,,1382000000,,89.97,,,,,,,,,,,,,,,,,,,,,,true,false,3,2023-04-01,2023-06-30,-1
2024-07-29,81370,2025-03-31,1,67600000000,-0.239,,,,,1030000000,-0.701,1230000000,-0.668,,1000000000,,66.17,,,,,,,,,,,,,,,,,,,,,,true,true,6,2024-04-01,2024-09-30,0
2024-07-29,81370,2025-03-31,1,155070000000,-0.067,,,,,3080000000,-0.504,3220000000,-0.514,,2410000000,,159.48,,,,,,,,,,,,,,,,,,,,,,true,true,12,2024-04-01,2025-03-31,0
2024-07-29,81370,2024-03-31,1,,,,,,,,,,,,,,,,,,,,98707000000,47966000000,0.486,,47966000000,,,,,,,,,,,,true,false,12,2023-04-01,2024-03-31,-1
2024-07-29,81370,2024-03-31,1,,,,,,,,,,,,,,,,,,,,,,,,,,,,,95.00,,,,16044000,932459,,false,false,12,2023-04-01,2024-03-31,-1
2024-07-29,81370,2025-03-31,1,,,,,,,,,,,,,,,,,,,,,,,,,,,,,110.00,,,,,,,false,true,12,2024-04-01,2025-03-31,0
2024-07-29,81370,2025-03-31,1,,,,,,,,,,,,,,,,,,,,,,,,,,,,,,,,,16044000,932599,15111494,false,false,3,2024-04-01,2024-06-30,0
2024-07-29,81370,2024-03-31,1,,,,,,,,,,,,,,,,,,,,,,,,,,,,,,,,,,,15369948,false,false,3,2023-04-01,2023-06-30,-1
2024-10-30,81370,2025-03-31,2,69426000000,-0.219,,,,,1650000000,-0.521,1681000000,-0.546,,1271000000,,83.97,,,,,,95616000000,49595000000,0.519,,49595000000,,,,,,,,,,,,true,false,6,2024-04-01,2024-09-30,0
2024-10-30,81370,2024-03-31,2,88867000000,0.053,,,,,3442000000,0.043,3700000000,0.035,,3075000000,,201.75,,,,,,,,,,,,,,,,,,,,,,true,false,6,2023-04-01,2023-09-30,-1
2024-10-30,81370,2025-03-31,2,155070000000,-0.067,,,,,3080000000,-0.504,3220000000,-0.514,,2410000000,,159.12,,,,,,,,,,,,,,,,,,,,,,true,true,12,2024-04-01,2025-03-31,0
2024-10-30,81370,2024-03-31,2,,,,,,,,,,,,,,,,,,,,98707000000,47966000000,0.486,,47966000000,,,,,,,,,,,,true,false,12,2023-04-01,2024-03-31,-1
2024-10-30,81370,2024-03-31,2,,,,,,,,,,,,,,,,,,,,,,,,,,,,,95.00,,,,16044000,932459,,false,false,12,2023-04-01,2024-03-31,-1
2024-10-30,81370,2025-03-31,2,,,,,,,,,,,,,,,,,,,,,,,,,,,,,50.00,,,,,,,false,false,12,2024-04-01,2025-03-31,0
2024-10-30,81370,2025-03-31,2,,,,,,,,,,,,,,,,,,,,,,,,,,,,,120.00,,,,,,,false,true,12,2024-04-01,2025-03-31,0
2024-10-30,81370,2025-03-31,2,,,,,,,,,,,,,,,,,,,,,,,,,,,,,,,,,16044000,864019,15145738,false,false,6,2024-04-01,2024-09-30,0
2024-10-30,81370,2024-03-31,2,,,,,,,,,,,,,,,,,,,,,,,,,,,,,,,,,,,15246437,false,false,6,2023-04-01,2023-09-30,-1
2025-01-30,81370,2025-03-31,3,102333000000,-0.201,,,,,2196000000,-0.534,2484000000,-0.495,,1833000000,,120.98,,,,,,90577000000,47286000000,0.522,,47286000000,,,,,,,,,,,,true,false,9,2024-04-01,2024-12-31,0
2025-01-30,81370,2024-03-31,3,128131000000,-0.023,,,,,4714000000,-0.130,4924000000,-0.099,,3911000000,,257.30,,,,,,,,,,,,,,,,,,,,,,true,false,9,2023-04-01,2023-12-31,-1
2025-01-30,81370,2025-03-31,3,140000000000,-0.157,,,,,3200000000,-0.485,3600000000,-0.457,,2600000000,,171.54,,,,,,,,,,,,,,,,,,,,,,true,true,12,2024-04-01,2025-03-31,0
2025-01-30,81370,2024-03-31,3,,,,,,,,,,,,,,,,,,,,98707000000,47966000000,0.486,,47966000000,,,,,,,,,,,,true,false,12,2023-04-01,2024-03-31,-1
2025-01-30,81370,2024-03-31,3,,,,,,,,,,,,,,,,,,,,,,,,,,,,,95.00,,,,16044000,932459,,false,false,12,2023-04-01,2024-03-31,-1
2025-01-30,81370,2025-03-31,3,,,,,,,,,,,,,,,,,,,,,,,,,,,,,50.00,,,,,,,false,false,12,2024-04-01,2025-03-31,0
2025-01-30,81370,2025-03-31,3,,,,,,,,,,,,,,,,,,,,,,,,,,,,,120.00,,,,,,,false,true,12,2024-04-01,2025-03-31,0
2025-01-30,81370,2025-03-31,3,,,,,,,,,,,,,,,,,,,,,,,,,,,,,,,,,16044000,864083,15157131,false,false,9,2024-04-01,2024-12-31,0
2025-01-30,81370,2024-03-31,3,,,,,,,,,,,,,,,,,,,,,,,,,,,,,,,,,,,15201322,false,false,9,2023-04-01,2023-12-31,-1
2025-05-09,8137,2025-03-31,,139581000000,-0.160,,,,,3507000000,-0.436,3815000000,-0.425,,2443000000,,161.15,,0.050,0.040,0.025,,93078000000,49112000000,0.528,3235.39,49112000000,9095000000,-389000000,-5222000000,22869000000,,0.745,,,,,,true,false,12,2024-04-01,2025-03-31,0
2025-05-09,8137,2024-03-31,,166138000000,-0.082,,,,,6215000000,-0.185,6631000000,-0.136,,5007000000,,329.87,,0.108,0.065,0.037,,98707000000,47966000000,0.486,3174.19,47966000000,4226000000,883000000,-608000000,18597000000,,0.288,,,,,,true,false,12,2023-04-01,2024-03-31,-1
2025-05-09,8137,2026-03-31,,71700000000,0.033,,,,,1080000000,-0.346,1220000000,-0.274,,845000000,,55.67,,,,,,,,,,,,,,,,,,,,,,true,true,6,2025-04-01,2025-09-30,1
2025-05-09,8137,2026-03-31,,155000000000,0.110,,,,,3500000000,-0.002,3760000000,-0.015,,2610000000,,171.94,,,,,,,,,,,,,,,,0.698,,,,,,true,true,12,2025-04-01,2026-03-31,1
2025-05-09,8137,2025-03-31,,101703000000,-0.112,,,,,2171000000,-0.405,2710000000,-0.425,1725000000,,-0.540,113.77,,,,,,68293000000,32815000000,0.481,2161.77,32815000000,,,,,120.00,,,,16044000,864164,15162807,false,false,12,2024-04-01,2025-03-31,0
2025-05-09,8137,2024-03-31,,114562000000,-0.143,,,,,3647000000,-0.319,4710000000,-0.253,3749000000,,-0.181,247.00,,,,,,76318000000,34053000000,0.446,2253.49,34053000000,,,,,95.00,,,,16044000,932459,15179000,false,false,12,2023-04-01,2024-03-31,-1
2025-05-09,8137,2026-03-31,,,,,,,,,,,,,,,,,,,,,,,,,,,,,,120.00,,,,,,,false,true,12,2025-04-01,2026-03-31,1
