filing_date,code,fiscal_year_end,quarterly_period,net_sales,net_sales_change,revenue,revenue_change,operating_revenue,operating_revenue_change,operating_profit,operating_profit_change,ordinary_profit,ordinary_profit_change,net_income,net_income_of_parent,net_income_change,eps,diluted_eps,roe,roa,operating_profit_to_net_sales,operating_profit_to_revenue,total_assets,net_assets,equity_ratio,bps,owner_equity,operating_cash_flow,investing_cash_flow,financing_cash_flow,cash,dividend_per_share,payout_ratio,commemorative_dividend,extra_dividend,number_of_shares,number_of_treqsury_shares,avg_number_of_shares,is_consolidated,is_forecast,duration,period_start,period_end,period_pos
2015-05-14,81410,2015-03-31,,145704000000,0.036,,,,,4272000000,0.048,4155000000,0.016,2474000000,,-0.090,104.34,,0.045,0.050,0.029,,85461000000,57524000000,0.667,2403.96,57022000000,4095000000,-741000000,-950000000,25143000000,,0.383,,,,,,true,false,12,2014-04-01,2015-03-31,0
2015-05-14,81410,2014-03-31,,140652000000,-0.088,,,,,4075000000,0.030,4088000000,-0.041,2718000000,,0.175,114.62,,0.053,0.051,0.029,,80086000000,53566000000,0.663,2238.14,53090000000,-1075000000,1061000000,-860000000,21931000000,,0.349,,,,,,true,false,12,2013-04-01,2014-03-31,-1
2015-05-14,81410,2016-03-31,,68000000000,-0.071,,,,,1400000000,-0.439,1400000000,-0.414,,800000000,,33.73,,,,,,,,,,,,,,,,,,,,,,true,true,6,2015-04-01,2015-09-30,1
2015-05-14,81410,2016-03-31,,135000000000,-0.073,,,,,3500000000,-0.181,3500000000,-0.158,,2000000000,,84.32,,,,,,,,,,,,,,,,0.474,,,,,,true,true,12,2015-04-01,2016-03-31,1
2015-05-14,81410,2015-03-31,,79787000000,-0.068,,,,,2038000000,-0.105,2144000000,-0.098,1244000000,,-0.231,52.44,,,,,,59752000000,42441000000,0.710,1789.25,42441000000,,,,,40.00,,,,24855283,1135065,23720306,false,false,12,2014-04-01,2015-03-31,0
2015-05-14,81410,2014-03-31,,85651000000,-0.206,,,,,2277000000,-0.082,2378000000,-0.082,1617000000,,0.053,68.20,,,,,,59114000000,41587000000,0.704,1753.24,41587000000,,,,,40.00,,,,24855283,1134731,23720874,false,false,12,2013-04-01,2014-03-31,-1
2015-05-14,81410,2016-03-31,,,,,,,,,,,,,,,,,,,,,,,,,,,,,,40.00,,,,,,,false,true,12,2015-04-01,2016-03-31,1
2015-07-30,81410,2016-03-31,1,31692000000,-0.102,,,,,732000000,-0.410,670000000,-0.445,,436000000,,18.40,,,,,,84424000000,57617000000,0.677,2407.89,57115000000,,,,,,,,,,,,true,false,3,2015-04-01,2015-06-30,0
2015-07-30,81410,2015-03-31,1,35294000000,0.107,,,,,1240000000,0.402,1206000000,0.381,,779000000,,32.85,,,,,,,,,,,,,,,,,,,,,,true,false,3,2014-04-01,2014-06-30,-1
2015-07-30,81410,2016-03-31,1,68000000000,-0.071,,,,,1400000000,-0.439,1400000000,-0.414,,800000000,,33.73,,,,,,,,,,,,,,,,,,,,,,true,true,6,2015-04-01,2015-09-30,0
2015-07-30,81410,2016-03-31,1,135000000000,-0.073,,,,,3500000000,-0.181,3500000000,-0.158,,2000000000,,84.32,,,,,,,,,,,,,,,,,,,,,,true,true,12,2015-04-01,2016-03-31,0
2015-07-30,81410,2015-03-31,1,,,,,,,,,,,,,,,,,,,,85461000000,57524000000,0.667,2403.96,57022000000,,,,,,,,,,,,true,false,12,2014-04-01,2015-03-31,-1
2015-07-30,81410,2015-03-31,1,,,,,,,,,,,,,,,,,,,,,,,,,,,,,40.00,,,,24855283,1135065,,false,false,12,2014-04-01,2015-03-31,-1
2015-07-30,81410,2016-03-31,1,,,,,,,,,,,,,,,,,,,,,,,,,,,,,40.00,,,,,,,false,true,12,2015-04-01,2016-03-31,0
2015-07-30,81410,2016-03-31,1,,,,,,,,,,,,,,,,,,,,,,,,,,,,,,,,,24855283,1135316,23720106,false,false,3,2015-04-01,2015-06-30,0
2015-07-30,81410,2015-03-31,1,,,,,,,,,,,,,,,,,,,,,,,,,,,,,,,,,,,23720462,false,false,3,2014-04-01,2014-06-30,-1
2015-10-30,81410,2016-03-31,2,63158000000,-0.137,,,,,1207000000,-0.516,1195000000,-0.499,,772000000,,32.57,,,,,,80284000000,57366000000,0.708,2397.27,56862000000,,,,,,,,,,,,true,false,6,2015-04-01,2015-09-30,0
2015-10-30,81410,2015-03-31,2,73163000000,0.055,,,,,2494000000,0.225,2387000000,0.183,,1470000000,,62.00,,,,,,,,,,,,,,,,,,,,,,true,false,6,2014-04-01,2014-09-30,-1
2015-10-30,81410,2016-03-31,2,123000000000,-0.156,,,,,2400000000,-0.438,2400000000,-0.423,,1450000000,,61.13,,,,,,,,,,,,,,,,,,,,,,true,true,12,2015-04-01,2016-03-31,0
2015-10-30,81410,2015-03-31,2,,,,,,,,,,,,,,,,,,,,85461000000,57524000000,0.667,2403.96,57022000000,,,,,,,,,,,,true,false,12,2014-04-01,2015-03-31,-1
2015-10-30,81410,2015-03-31,2,,,,,,,,,,,,,,,,,,,,,,,,,,,,,40.00,,,,24855283,1135065,,false,false,12,2014-04-01,2015-03-31,-1
2015-10-30,81410,2016-03-31,2,,,,,,,,,,,,,,,,,,,,,,,,,,,,,20.00,,,,,,,false,false,12,2015-04-01,2016-03-31,0
2015-10-30,81410,2016-03-31,2,,,,,,,,,,,,,,,,,,,,,,,,,,,,,40.00,,,,,,,false,true,12,2015-04-01,2016-03-31,0
2015-10-30,81410,2016-03-31,2,,,,,,,,,,,,,,,,,,,,,,,,,,,,,,,,,24855283,1135576,23719954,false,false,6,2015-04-01,2015-09-30,0
2015-10-30,81410,2015-03-31,2,,,,,,,,,,,,,,,,,,,,,,,,,,,,,,,,,,,23720380,false,false,6,2014-04-01,2014-09-30,-1
2016-01-29,81410,2016-03-31,3,91061000000,-0.164,,,,,1725000000,-0.518,1655000000,-0.482,,1027000000,,43.57,,,,,,79587000000,56239000000,0.700,2421.70,55734000000,,,,,,,,,,,,true,false,9,2015-04-01,2015-12-31,0
2016-01-29,81410,2015-03-31,3,108977000000,-0.010,,,,,3577000000,0.051,3199000000,-0.054,,1902000000,,80.20,,,,,,,,,,,,,,,,,,,,,,true,false,9,2014-04-01,2014-12-31,-1
2016-01-29,81410,2016-03-31,3,123000000000,-0.156,,,,,2400000000,-0.438,2400000000,-0.423,1450000000,,-0.414,61.64,,,,,,,,,,,,,,,,,,,,,,true,true,12,2015-04-01,2016-03-31,0
2016-01-29,81410,2015-03-31,3,,,,,,,,,,,,,,,,,,,,85461000000,57524000000,0.667,2403.96,57022000000,,,,,,,,,,,,true,false,12,2014-04-01,2015-03-31,-1
2016-01-29,81410,2015-03-31,3,,,,,,,,,,,,,,,,,,,,,,,,,,,,,40.00,,,,24855283,1135065,,false,false,12,2014-04-01,2015-03-31,-1
2016-01-29,81410,2016-03-31,3,,,,,,,,,,,,,,,,,,,,,,,,,,,,,20.00,,,,,,,false,false,12,2015-04-01,2016-03-31,0
2016-01-29,81410,2016-03-31,3,,,,,,,,,,,,,,,,,,,,,,,,,,,,,40.00,,,,,,,false,true,12,2015-04-01,2016-03-31,0
2016-01-29,81410,2016-03-31,3,,,,,,,,,,,,,,,,,,,,,,,,,,,,,,,,,24855283,1840788,23589327,false,false,9,2015-04-01,2015-12-31,0
2016-01-29,81410,2015-03-31,3,,,,,,,,,,,,,,,,,,,,,,,,,,,,,,,,,,,23720332,false,false,9,2014-04-01,2014-12-31,-1
2016-05-16,81410,2016-03-31,,116617000000,-0.200,,,,,2171000000,-0.492,2172000000,-0.477,,1768000000,,75.53,,0.032,0.027,0.019,,77965000000,55746000000,0.709,2418.23,55246000000,1454000000,890000000,-2180000000,24762000000,,0.530,,,,,,true,false,12,2015-04-01,2016-03-31,0
2016-05-16,81410,2015-03-31,,145704000000,0.036,,,,,4272000000,0.048,4155000000,0.016,,2474000000,,104.34,,0.045,0.050,0.029,,85461000000,57524000000,0.667,2403.96,57022000000,4095000000,-741000000,-950000000,25143000000,,0.383,,,,,,true,false,12,2014-04-01,2015-03-31,-1
2016-05-16,81410,2017-03-31,,53700000000,-0.150,,,,,550000000,-0.545,550000000,-0.540,330000000,,-0.573,14.09,,,,,,,,,,,,,,,,,,,,,,true,true,6,2016-04-01,2016-09-30,1
2016-05-16,81410,2017-03-31,,127000000000,0.089,,,,,2300000000,0.059,2300000000,0.059,1500000000,,-0.152,64.05,,,,,,,,,,,,,,,,0.624,,,,,,true,true,12,2016-04-01,2017-03-31,1
2016-05-16,81410,2016-03-31,,68358000000,-0.143,,,,,1120000000,-0.450,1133000000,-0.472,978000000,,-0.214,41.78,,,,,,55928000000,40800000000,0.730,1785.91,40800000000,,,,,40.00,,,,24855283,2009356,23417773,false,false,12,2015-04-01,2016-03-31,0
2016-05-16,81410,2015-03-31,,79787000000,-0.068,,,,,2038000000,-0.105,2144000000,-0.098,1244000000,,-0.231,52.44,,,,,,59752000000,42441000000,0.710,1789.25,42441000000,,,,,40.00,,,,24855283,1135065,23720306,false,false,12,2014-04-01,2015-03-31,-1
2016-05-16,81410,2017-03-31,,,,,,,,,,,,,,,,,,,,,,,,,,,,,,40.00,,,,,,,false,true,12,2016-04-01,2017-03-31,1
2016-07-29,81410,2017-03-31,1,25126000000,-0.207,,,,,326000000,-0.554,354000000,-0.472,,209000000,,9.18,,,,,,75486000000,54183000000,0.711,2349.82,53683000000,,,,,,,,,,,,true,false,3,2016-04-01,2016-06-30,0
2016-07-29,81410,2016-03-31,1,31692000000,-0.102,,,,,732000000,-0.410,670000000,-0.445,,436000000,,18.40,,,,,,,,,,,,,,,,,,,,,,true,false,3,2015-04-01,2015-06-30,-1
2016-07-29,81410,2017-03-31,1,53700000000,-0.150,,,,,550000000,-0.545,550000000,-0.540,,330000000,,14.44,,,,,,,,,,,,,,,,,,,,,,true,true,6,2016-04-01,2016-09-30,0
2016-07-29,81410,2017-03-31,1,127000000000,0.089,,,,,2300000000,0.059,2300000000,0.059,,1500000000,,65.66,,,,,,,,,,,,,,,,,,,,,,true,true,12,2016-04-01,2017-03-31,0
2016-07-29,81410,2016-03-31,1,,,,,,,,,,,,,,,,,,,,77965000000,55746000000,0.709,2418.23,55246000000,,,,,,,,,,,,true,false,12,2015-04-01,2016-03-31,-1
2016-07-29,81410,2016-03-31,1,,,,,,,,,,,,,,,,,,,,,,,,,,,,,40.00,,,,24855283,2009356,,false,false,12,2015-04-01,2016-03-31,-1
2016-07-29,81410,2017-03-31,1,,,,,,,,,,,,,,,,,,,,,,,,,,,,,40.00,,,,,,,false,true,12,2016-04-01,2017-03-31,0
2016-07-29,81410,2017-03-31,1,,,,,,,,,,,,,,,,,,,,,,,,,,,,,,,,,24855283,2009454,22845898,false,false,3,2016-04-01,2016-06-30,0
2016-07-29,81410,2016-03-31,1,,,,,,,,,,,,,,,,,,,,,,,,,,,,,,,,,,,23720106,false,false,3,2015-04-01,2015-06-30,-1
2016-10-27,81410,2017-03-31,,51946000000,-0.033,,,,,865000000,0.574,879000000,0.598,,520000000,,22.77,,,,,,,,,,,,,,,,,,,,,,true,true,6,2016-04-01,2016-09-30,0
2016-10-27,81410,2016-03-31,,63158000000,,,,,,1207000000,,1195000000,,,772000000,,32.57,,,,,,,,,,,,,,,,,,,,,,true,false,6,2015-04-01,2015-09-30,-1
2016-10-28,81410,2017-03-31,2,51946000000,-0.178,,,,,865000000,-0.283,879000000,-0.265,,520000000,,22.77,,,,,,75534000000,54224000000,0.711,2351.12,53717000000,,,,,,,,,,,,true,false,6,2016-04-01,2016-09-30,0
2016-10-28,81410,2016-03-31,2,63158000000,-0.137,,,,,1207000000,-0.516,1195000000,-0.499,,772000000,,32.57,,,,,,,,,,,,,,,,,,,,,,true,false,6,2015-04-01,2015-09-30,-1
2016-10-28,81410,2017-03-31,2,127000000000,0.089,,,,,2300000000,0.059,2300000000,0.059,,1500000000,,65.65,,,,,,,,,,,,,,,,,,,,,,true,true,12,2016-04-01,2017-03-31,0
2016-10-28,81410,2016-03-31,2,,,,,,,,,,,,,,,,,,,,77965000000,55746000000,0.709,2418.23,55246000000,,,,,,,,,,,,true,false,12,2015-04-01,2016-03-31,-1
2016-10-28,81410,2016-03-31,2,,,,,,,,,,,,,,,,,,,,,,,,,,,,,40.00,,,,24855283,2009356,,false,false,12,2015-04-01,2016-03-31,-1
2016-10-28,81410,2017-03-31,2,,,,,,,,,,,,,,,,,,,,,,,,,,,,,20.00,,,,,,,false,false,12,2016-04-01,2017-03-31,0
2016-10-28,81410,2017-03-31,2,,,,,,,,,,,,,,,,,,,,,,,,,,,,,40.00,,,,,,,false,true,12,2016-04-01,2017-03-31,0
2016-10-28,81410,2017-03-31,2,,,,,,,,,,,,,,,,,,,,,,,,,,,,,,,,,24855283,2007654,22846640,false,false,6,2016-04-01,2016-09-30,0
2016-10-28,81410,2016-03-31,2,,,,,,,,,,,,,,,,,,,,,,,,,,,,,,,,,,,23719954,false,false,6,2015-04-01,2015-09-30,-1
2017-01-31,81410,2017-03-31,3,80528000000,-0.116,,,,,1472000000,-0.147,1374000000,-0.170,,777000000,,34.05,,,,,,79479000000,55778000000,0.695,2418.52,55257000000,,,,,,,,,,,,true,false,9,2016-04-01,2016-12-31,0
2017-01-31,81410,2016-03-31,3,91061000000,-0.164,,,,,1725000000,-0.518,1655000000,-0.482,,1027000000,,43.57,,,,,,,,,,,,,,,,,,,,,,true,false,9,2015-04-01,2015-12-31,-1
2017-01-31,81410,2017-03-31,3,110500000000,-0.052,,,,,2030000000,-0.065,1960000000,-0.098,,1010000000,,44.21,,,,,,,,,,,,,,,,,,,,,,true,true,12,2016-04-01,2017-03-31,0
2017-01-31,81410,2016-03-31,3,,,,,,,,,,,,,,,,,,,,77965000000,55746000000,0.709,2418.23,55246000000,,,,,,,,,,,,true,false,12,2015-04-01,2016-03-31,-1
2017-01-31,81410,2016-03-31,3,,,,,,,,,,,,,,,,,,,,,,,,,,,,,40.00,,,,24855283,2009356,,false,false,12,2015-04-01,2016-03-31,-1
2017-01-31,81410,2017-03-31,3,,,,,,,,,,,,,,,,,,,,,,,,,,,,,20.00,,,,,,,false,false,12,2016-04-01,2017-03-31,0
2017-01-31,81410,2017-03-31,3,,,,,,,,,,,,,,,,,,,,,,,,,,,,,40.00,,,,,,,false,true,12,2016-04-01,2017-03-31,0
2017-01-31,81410,2017-03-31,3,,,,,,,,,,,,,,,,,,,,,,,,,,,,,,,,,24855283,2007733,22846921,false,false,9,2016-04-01,2016-12-31,0
2017-01-31,81410,2016-03-31,3,,,,,,,,,,,,,,,,,,,,,,,,,,,,,,,,,,,23589327,false,false,9,2015-04-01,2015-12-31,-1
2017-01-31,81410,2017-03-31,,110500000000,-0.130,,,,,2030000000,-0.117,1960000000,-0.148,,1010000000,,44.21,,,,,,,,,,,,,,,,,,,,,,true,true,12,2016-04-01,2017-03-31,0
2017-01-31,81410,2016-03-31,,116617000000,,,,,,2171000000,,2172000000,,,1768000000,,75.53,,,,,,,,,,,,,,,,,,,,,,true,false,12,2015-04-01,2016-03-31,-1
2017-05-15,81410,2017-03-31,,112458000000,-0.036,,,,,2135000000,-0.017,2139000000,-0.015,,1271000000,,55.83,,0.023,0.027,0.019,,79687000000,55515000000,0.690,2460.64,54989000000,1354000000,-1192000000,-1585000000,23210000000,,0.716,,,,,,true,false,12,2016-04-01,2017-03-31,0
2017-05-15,81410,2016-03-31,,116617000000,-0.200,,,,,2171000000,-0.492,2172000000,-0.477,,1768000000,,75.53,,0.032,0.027,0.019,,77965000000,55746000000,0.709,2418.23,55246000000,1454000000,890000000,-2180000000,24762000000,,0.530,,,,,,true,false,12,2015-04-01,2016-03-31,-1
2017-05-15,81410,2018-03-31,,61000000000,0.174,,,,,1200000000,0.386,1200000000,0.365,,800000000,,35.80,,,,,,,,,,,,,,,,,,,,,,true,true,6,2017-04-01,2017-09-30,1
2017-05-15,81410,2018-03-31,,123000000000,0.094,,,,,2500000000,0.171,2500000000,0.169,,1700000000,,76.07,,,,,,,,,,,,,,,,0.526,,,,,,true,true,12,2017-04-01,2018-03-31,1
2017-05-15,81410,2016-03-31,,,,,,,,,,,,,,,,,,,,,,,,,,,,,,40.00,,,,24855283,2009356,23417773,false,false,12,2015-04-01,2016-03-31,-1
2017-05-15,81410,2017-03-31,,,,,,,,,,,,,,,,,,,,,,,,,,,,,,40.00,,,,24855283,2507766,22770886,false,false,12,2016-04-01,2017-03-31,0
2017-05-15,81410,2018-03-31,,,,,,,,,,,,,,,,,,,,,,,,,,,,,,40.00,,,,,,,false,true,12,2017-04-01,2018-03-31,1
2017-07-31,81410,2018-03-31,1,34867000000,0.388,,,,,1064000000,2.256,1131000000,2.196,,749000000,,33.55,,,,,,86012000000,55831000000,0.643,2474.53,55299000000,,,,,,,,,,,,true,false,3,2017-04-01,2017-06-30,0
2017-07-31,81410,2017-03-31,1,25126000000,-0.207,,,,,326000000,-0.554,354000000,-0.472,,209000000,,9.18,,,,,,,,,,,,,,,,,,,,,,true,false,3,2016-04-01,2016-06-30,-1
2017-07-31,81410,2018-03-31,1,65000000000,0.251,,,,,1600000000,0.848,1700000000,0.934,,1200000000,,53.70,,,,,,,,,,,,,,,,,,,,,,true,true,6,2017-04-01,2017-09-30,0
2017-07-31,81410,2018-03-31,1,129000000000,0.147,,,,,2900000000,0.358,3000000000,0.402,,2100000000,,93.97,,,,,,,,,,,,,,,,,,,,,,true,true,12,2017-04-01,2018-03-31,0
2017-07-31,81410,2017-03-31,1,,,,,,,,,,,,,,,,,,,,79687000000,55515000000,0.690,2460.64,54989000000,,,,,,,,,,,,true,false,12,2016-04-01,2017-03-31,-1
2017-07-31,81410,2017-03-31,1,,,,,,,,,,,,,,,,,,,,,,,,,,,,,40.00,,,,24855283,2507766,,false,false,12,2016-04-01,2017-03-31,-1
2017-07-31,81410,2018-03-31,1,,,,,,,,,,,,,,,,,,,,,,,,,,,,,40.00,,,,,,,false,true,12,2017-04-01,2018-03-31,0
2017-07-31,81410,2018-03-31,1,,,,,,,,,,,,,,,,,,,,,,,,,,,,,,,,,24855283,2507936,22347419,false,false,3,2017-04-01,2017-06-30,0
2017-07-31,81410,2017-03-31,1,,,,,,,,,,,,,,,,,,,,,,,,,,,,,,,,,,,22845898,false,false,3,2016-04-01,2016-06-30,-1
2017-07-31,81410,2018-03-31,,65000000000,0.066,,,,,1600000000,0.333,1700000000,0.417,,1200000000,,53.70,,,,,,,,,,,,,,,,,,,,,,true,true,6,2017-04-01,2017-09-30,0
2017-07-31,81410,2017-03-31,,51946000000,,,,,,865000000,,879000000,,,520000000,,22.77,,,,,,,,,,,,,,,,,,,,,,true,false,6,2016-04-01,2016-09-30,-1
2017-07-31,81410,2018-03-31,,129000000000,0.049,,,,,2900000000,0.160,3000000000,0.200,,2100000000,,93.97,,,,,,,,,,,,,,,,,,,,,,true,true,12,2017-04-01,2018-03-31,0
2017-07-31,81410,2017-03-31,,112458000000,,,,,,2135000000,,2139000000,,,1271000000,,55.83,,,,,,,,,,,,,,,,,,,,,,true,false,12,2016-04-01,2017-03-31,-1
2017-10-31,81410,2018-03-31,2,67971000000,0.308,,,,,2038000000,1.355,2118000000,1.410,,1437000000,,64.63,,,,,,84885000000,55771000000,0.651,2526.18,55231000000,,,,,,,,,,,,true,false,6,2017-04-01,2017-09-30,0
2017-10-31,81410,2017-03-31,2,51946000000,-0.178,,,,,865000000,-0.283,879000000,-0.265,,520000000,,22.77,,,,,,,,,,,,,,,,,,,,,,true,false,6,2016-04-01,2016-09-30,-1
2017-10-31,81410,2018-03-31,2,129000000000,0.147,,,,,2900000000,0.358,3000000000,0.402,,2100000000,,96.05,,,,,,,,,,,,,,,,,,,,,,true,true,12,2017-04-01,2018-03-31,0
2017-10-31,81410,2017-03-31,2,,,,,,,,,,,,,,,,,,,,79687000000,55515000000,0.690,2460.64,54989000000,,,,,,,,,,,,true,false,12,2016-04-01,2017-03-31,-1
2017-10-31,81410,2017-03-31,2,,,,,,,,,,,,,,,,,,,,,,,,,,,,,40.00,,,,24855283,2507766,,false,false,12,2016-04-01,2017-03-31,-1
2017-10-31,81410,2018-03-31,2,,,,,,,,,,,,,,,,,,,,,,,,,,,,,20.00,,,,,,,false,false,12,2017-04-01,2018-03-31,0
2017-10-31,81410,2018-03-31,2,,,,,,,,,,,,,,,,,,,,,,,,,,,,,40.00,,,,,,,false,true,12,2017-04-01,2018-03-31,0
2017-10-31,81410,2018-03-31,2,,,,,,,,,,,,,,,,,,,,,,,,,,,,,,,,,24855283,2991530,22236875,false,false,6,2017-04-01,2017-09-30,0
2017-10-31,81410,2017-03-31,2,,,,,,,,,,,,,,,,,,,,,,,,,,,,,,,,,,,22846640,false,false,6,2016-04-01,2016-09-30,-1
2018-01-31,81410,2018-03-31,3,99923000000,0.241,,,,,3040000000,1.065,2981000000,1.168,,2007000000,,91.29,,,,,,82608000000,54855000000,0.657,2559.42,54307000000,,,,,,,,,,,,true,false,9,2017-04-01,2017-12-31,0
2018-01-31,81410,2017-03-31,3,80528000000,-0.116,,,,,1472000000,-0.147,1374000000,-0.170,,777000000,,34.05,,,,,,,,,,,,,,,,,,,,,,true,false,9,2016-04-01,2016-12-31,-1
2018-01-31,81410,2018-03-31,3,130000000000,0.156,,,,,3300000000,0.545,3500000000,0.636,,2200000000,,100.86,,,,,,,,,,,,,,,,,,,,,,true,true,12,2017-04-01,2018-03-31,0
2018-01-31,81410,2017-03-31,3,,,,,,,,,,,,,,,,,,,,79687000000,55515000000,0.690,2460.64,54989000000,,,,,,,,,,,,true,false,12,2016-04-01,2017-03-31,-1
2018-01-31,81410,2017-03-31,3,,,,,,,,,,,,,,,,,,,,,,,,,,,,,40.00,,,,24855283,2507766,,false,false,12,2016-04-01,2017-03-31,-1
2018-01-31,81410,2018-03-31,3,,,,,,,,,,,,,,,,,,,,,,,,,,,,,20.00,,,,,,,false,false,12,2017-04-01,2018-03-31,0
2018-01-31,81410,2018-03-31,3,,,,,,,,,,,,,,,,,,,,,,,,,,,,,50.00,,,,,,,false,true,12,2017-04-01,2018-03-31,0
2018-01-31,81410,2018-03-31,3,,,,,,,,,,,,,,,,,,,,,,,,,,,,,,,,,24855283,3636730,21991568,false,false,9,2017-04-01,2017-12-31,0
2018-01-31,81410,2017-03-31,3,,,,,,,,,,,,,,,,,,,,,,,,,,,,,,,,,,,22846921,false,false,9,2016-04-01,2016-12-31,-1
2018-05-15,81410,2018-03-31,,127926000000,0.138,,,,,3435000000,0.609,3592000000,0.679,,2276000000,,104.75,,0.042,0.046,0.027,,76586000000,53394000000,0.690,2563.92,52832000000,-3899000000,1881000000,-4613000000,16493000000,,0.477,,,,,,true,false,12,2017-04-01,2018-03-31,0
2018-05-15,81410,2017-03-31,,112458000000,-0.036,,,,,2135000000,-0.017,2139000000,-0.015,,1271000000,,55.83,,0.023,0.027,0.019,,79687000000,55515000000,0.690,2460.64,54989000000,1354000000,-1192000000,-1585000000,23210000000,,0.716,,,,,,true,false,12,2016-04-01,2017-03-31,-1
2018-05-15,81410,2019-03-31,,58000000000,-0.147,,,,,900000000,-0.559,1000000000,-0.528,,600000000,,29.26,,,,,,,,,,,,,,,,,,,,,,true,true,6,2018-04-01,2018-09-30,1
2018-05-15,81410,2019-03-31,,120000000000,-0.062,,,,,2200000000,-0.360,2300000000,-0.360,,1500000000,,73.15,,,,,,,,,,,,,,,,0.684,,,,,,true,true,12,2018-04-01,2019-03-31,1
2018-05-15,81410,2017-03-31,,,,,,,,,,,,,,,,,,,,,,,,,,,,,,40.00,,,,24855283,2507766,22770886,false,false,12,2016-04-01,2017-03-31,-1
2018-05-15,81410,2018-03-31,,,,,,,,,,,,,,,,,,,,,,,,,,,,,,50.00,,,,24855283,4249216,21730387,false,false,12,2017-04-01,2018-03-31,0
2018-05-15,81410,2019-03-31,,,,,,,,,,,,,,,,,,,,,,,,,,,,,,50.00,,,,,,,false,true,12,2018-04-01,2019-03-31,1
2018-07-31,81410,2019-03-31,1,32535000000,-0.067,,,,,653000000,-0.386,704000000,-0.377,,446000000,,21.76,,,,,,79514000000,53249000000,0.663,2569.12,52680000000,,,,,,,,,,,,true,false,3,2018-04-01,2018-06-30,0
2018-07-31,81410,2018-03-31,1,34867000000,0.388,,,,,1064000000,2.256,1131000000,2.196,,749000000,,33.55,,,,,,,,,,,,,,,,,,,,,,true,false,3,2017-04-01,2017-06-30,-1
2018-07-31,81410,2019-03-31,1,58000000000,-0.147,,,,,900000000,-0.559,1000000000,-0.528,,600000000,,29.25,,,,,,,,,,,,,,,,,,,,,,true,true,6,2018-04-01,2018-09-30,0
2018-07-31,81410,2019-03-31,1,120000000000,-0.062,,,,,2200000000,-0.360,2300000000,-0.360,,1500000000,,73.12,,,,,,,,,,,,,,,,,,,,,,true,true,12,2018-04-01,2019-03-31,0
2018-07-31,81410,2018-03-31,1,,,,,,,,,,,,,,,,,,,,76373000000,53394000000,0.692,2563.92,52832000000,,,,,,,,,,,,true,false,12,2017-04-01,2018-03-31,-1
2018-07-31,81410,2018-03-31,1,,,,,,,,,,,,,,,,,,,,,,,,,,,,,50.00,,,,24855283,4249216,,false,false,12,2017-04-01,2018-03-31,-1
2018-07-31,81410,2019-03-31,1,,,,,,,,,,,,,,,,,,,,,,,,,,,,,50.00,,,,,,,false,true,12,2018-04-01,2019-03-31,0
2018-07-31,81410,2019-03-31,1,,,,,,,,,,,,,,,,,,,,,,,,,,,,,,,,,24855283,4349915,20530543,false,false,3,2018-04-01,2018-06-30,0
2018-07-31,81410,2018-03-31,1,,,,,,,,,,,,,,,,,,,,,,,,,,,,,,,,,,,22347419,false,false,3,2017-04-01,2017-06-30,-1
2018-10-31,81410,2019-03-31,2,59131000000,-0.130,,,,,1187000000,-0.418,1063000000,-0.498,,642000000,,31.32,,,,,,77293000000,53713000000,0.687,2591.25,53134000000,,,,,,,,,,,,true,false,6,2018-04-01,2018-09-30,0
2018-10-31,81410,2018-03-31,2,67971000000,0.308,,,,,2038000000,1.355,2118000000,1.410,,1437000000,,64.63,,,,,,,,,,,,,,,,,,,,,,true,false,6,2017-04-01,2017-09-30,-1
2018-10-31,81410,2019-03-31,2,120000000000,-0.062,,,,,2200000000,-0.360,2300000000,-0.360,,1500000000,,73.12,,,,,,,,,,,,,,,,,,,,,,true,true,12,2018-04-01,2019-03-31,0
2018-10-31,81410,2018-03-31,2,,,,,,,,,,,,,,,,,,,,76373000000,53394000000,0.692,2563.92,52832000000,,,,,,,,,,,,true,false,12,2017-04-01,2018-03-31,-1
2018-10-31,81410,2018-03-31,2,,,,,,,,,,,,,,,,,,,,,,,,,,,,,50.00,,,,24855283,4249216,,false,false,12,2017-04-01,2018-03-31,-1
2018-10-31,81410,2019-03-31,2,,,,,,,,,,,,,,,,,,,,,,,,,,,,,25.00,,,,,,,false,false,12,2018-04-01,2019-03-31,0
2018-10-31,81410,2019-03-31,2,,,,,,,,,,,,,,,,,,,,,,,,,,,,,50.00,,,,,,,false,true,12,2018-04-01,2019-03-31,0
2018-10-31,81410,2019-03-31,2,,,,,,,,,,,,,,,,,,,,,,,,,,,,,,,,,24855283,4350033,20519703,false,false,6,2018-04-01,2018-09-30,0
2018-10-31,81410,2018-03-31,2,,,,,,,,,,,,,,,,,,,,,,,,,,,,,,,,,,,22236875,false,false,6,2017-04-01,2017-09-30,-1
2019-01-31,81410,2019-03-31,3,89820000000,-0.101,,,,,1996000000,-0.343,1909000000,-0.359,,1199000000,,58.72,,,,,,77282000000,52019000000,0.666,2586.05,51434000000,,,,,,,,,,,,true,false,9,2018-04-01,2018-12-31,0
2019-01-31,81410,2018-03-31,3,99923000000,0.241,,,,,3040000000,1.065,2981000000,1.168,,2007000000,,91.29,,,,,,,,,,,,,,,,,,,,,,true,false,9,2017-04-01,2017-12-31,-1
2019-01-31,81410,2019-03-31,3,120000000000,-0.062,,,,,2200000000,-0.360,2300000000,-0.360,,1500000000,,73.90,,,,,,,,,,,,,,,,,,,,,,true,true,12,2018-04-01,2019-03-31,0
2019-01-31,81410,2018-03-31,3,,,,,,,,,,,,,,,,,,,,76373000000,53394000000,0.692,2563.92,52832000000,,,,,,,,,,,,true,false,12,2017-04-01,2018-03-31,-1
2019-01-31,81410,2018-03-31,3,,,,,,,,,,,,,,,,,,,,,,,,,,,,,50.00,,,,24855283,4249216,,false,false,12,2017-04-01,2018-03-31,-1
2019-01-31,81410,2019-03-31,3,,,,,,,,,,,,,,,,,,,,,,,,,,,,,25.00,,,,,,,false,false,12,2018-04-01,2019-03-31,0
2019-01-31,81410,2019-03-31,3,,,,,,,,,,,,,,,,,,,,,,,,,,,,,50.00,,,,,,,false,true,12,2018-04-01,2019-03-31,0
2019-01-31,81410,2019-03-31,3,,,,,,,,,,,,,,,,,,,,,,,,,,,,,,,,,24855283,4966035,20420297,false,false,9,2018-04-01,2018-12-31,0
2019-01-31,81410,2018-03-31,3,,,,,,,,,,,,,,,,,,,,,,,,,,,,,,,,,,,21991568,false,false,9,2017-04-01,2017-12-31,-1
2019-05-15,81410,2019-03-31,,116405000000,-0.090,,,,,2442000000,-0.289,2299000000,-0.360,,1460000000,,72.28,,0.028,0.030,0.021,,75295000000,51453000000,0.676,2628.63,50862000000,6768000000,-102000000,-3071000000,20124000000,,0.761,,,,,,true,false,12,2018-04-01,2019-03-31,0
2019-05-15,81410,2018-03-31,,127926000000,0.138,,,,,3435000000,0.609,3592000000,0.679,,2276000000,,104.75,,0.042,0.046,0.027,,76373000000,53394000000,0.692,2563.92,52832000000,-3899000000,1881000000,-4613000000,16493000000,,0.477,,,,,,true,false,12,2017-04-01,2018-03-31,-1
2019-05-15,81410,2020-03-31,,53000000000,-0.104,,,,,550000000,-0.537,600000000,-0.436,,380000000,,19.75,,,,,,,,,,,,,,,,,,,,,,true,true,6,2019-04-01,2019-09-30,1
2019-05-15,81410,2020-03-31,,110000000000,-0.055,,,,,1500000000,-0.386,1560000000,-0.322,,1000000000,,51.97,,,,,,,,,,,,,,,,1.058,,,,,,true,true,12,2019-04-01,2020-03-31,1
2019-05-15,81410,2018-03-31,,,,,,,,,,,,,,,,,,,,,,,,,,,,,,50.00,,,,24855283,4249216,21730387,false,false,12,2017-04-01,2018-03-31,-1
2019-05-15,81410,2019-03-31,,,,,,,,,,,,,,,,,,,,,,,,,,,,,,55.00,,,,24855283,5505853,20203759,false,false,12,2018-04-01,2019-03-31,0
2019-05-15,81410,2020-03-31,,,,,,,,,,,,,,,,,,,,,,,,,,,,,,55.00,,,,,,,false,true,12,2019-04-01,2020-03-31,1
2019-07-31,81410,2020-03-31,1,26212000000,-0.194,,,,,355000000,-0.456,430000000,-0.389,,320000000,,16.72,,,,,,73762000000,50459000000,0.676,2621.31,49864000000,,,,,,,,,,,,true,false,3,2019-04-01,2019-06-30,0
2019-07-31,81410,2019-03-31,1,32535000000,-0.067,,,,,653000000,-0.386,704000000,-0.377,,446000000,,21.76,,,,,,,,,,,,,,,,,,,,,,true,false,3,2018-04-01,2018-06-30,-1
2019-07-31,81410,2020-03-31,1,53000000000,-0.104,,,,,550000000,-0.537,600000000,-0.436,,380000000,,19.75,,,,,,,,,,,,,,,,,,,,,,true,true,6,2019-04-01,2019-09-30,0
2019-07-31,81410,2020-03-31,1,110000000000,-0.055,,,,,1500000000,-0.386,1560000000,-0.322,,1000000000,,51.97,,,,,,,,,,,,,,,,,,,,,,true,true,12,2019-04-01,2020-03-31,0
2019-07-31,81410,2019-03-31,1,,,,,,,,,,,,,,,,,,,,75295000000,51453000000,0.676,2628.63,50862000000,,,,,,,,,,,,true,false,12,2018-04-01,2019-03-31,-1
2019-07-31,81410,2019-03-31,1,,,,,,,,,,,,,,,,,,,,,,,,,,,,,55.00,,,,24855283,5505853,,false,false,12,2018-04-01,2019-03-31,-1
2019-07-31,81410,2020-03-31,1,,,,,,,,,,,,,,,,,,,,,,,,,,,,,55.00,,,,,,,false,true,12,2019-04-01,2020-03-31,0
2019-07-31,81410,2020-03-31,1,,,,,,,,,,,,,,,,,,,,,,,,,,,,,,,,,24855283,5832753,19186905,false,false,3,2019-04-01,2019-06-30,0
2019-07-31,81410,2019-03-31,1,,,,,,,,,,,,,,,,,,,,,,,,,,,,,,,,,,,20530543,false,false,3,2018-04-01,2018-06-30,-1
,81410,2020-03-31,,,,,,,,,,,,,,,,,,,,,,,,,,,,,,14.00,,,,,,,false,true,12,2019-04-01,2020-03-31,0
,81410,2019-03-31,,,,,,,,,,,,,,,,,,,,,,,,,,,,,,55.00,,,,,,,false,false,12,2018-04-01,2019-03-31,-1
2019-10-30,81410,2020-03-31,,51060000000,-0.037,,,,,721000000,0.311,706000000,0.177,,488000000,,12.86,,,,,,,,,,,,,,,,,,,,,,true,true,6,2019-04-01,2019-09-30,0
2019-10-30,81410,2019-03-31,,59131000000,,,,,,1187000000,,1063000000,,,642000000,,15.66,,,,,,,,,,,,,,,,,,,,,,true,false,6,2018-04-01,2018-09-30,-1
2019-10-31,81410,2020-03-31,2,51060000000,-0.136,,,,,721000000,-0.392,706000000,-0.336,,488000000,,12.86,,,,,,72139000000,49840000000,0.683,1320.93,49238000000,,,,,,,,,,,,true,false,6,2019-04-01,2019-09-30,0
2019-10-31,81410,2019-03-31,2,59131000000,-0.130,,,,,1187000000,-0.418,1063000000,-0.498,,642000000,,15.66,,,,,,,,,,,,,,,,,,,,,,true,false,6,2018-04-01,2018-09-30,-1
2019-10-31,81410,2020-03-31,2,110000000000,-0.055,,,,,1500000000,-0.386,1560000000,-0.322,,1000000000,,25.99,,,,,,,,,,,,,,,,,,,,,,true,true,12,2019-04-01,2020-03-31,0
2019-10-31,81410,2019-03-31,2,,,,,,,,,,,,,,,,,,,,75295000000,51453000000,0.676,1314.32,50862000000,,,,,,,,,,,,true,false,12,2018-04-01,2019-03-31,-1
2019-10-31,81410,2019-03-31,2,,,,,,,,,,,,,,,,,,,,,,,,,,,,,55.00,,,,49710566,11011706,,false,false,12,2018-04-01,2019-03-31,-1
2019-10-31,81410,2020-03-31,2,,,,,,,,,,,,,,,,,,,,,,,,,,,,,27.00,,,,,,,false,false,12,2019-04-01,2020-03-31,0
2019-10-31,81410,2020-03-31,2,,,,,,,,,,,,,,,,,,,,,,,,,,,,,14.00,,,,,,,false,true,12,2019-04-01,2020-03-31,0
2019-10-31,81410,2020-03-31,2,,,,,,,,,,,,,,,,,,,,,,,,,,,,,,,,,49710566,12434706,38021203,false,false,6,2019-04-01,2019-09-30,0
2019-10-31,81410,2019-03-31,2,,,,,,,,,,,,,,,,,,,,,,,,,,,,,,,,,,,41039406,false,false,6,2018-04-01,2018-09-30,-1
2020-01-31,81410,2020-03-31,3,76072000000,-0.153,,,,,1203000000,-0.397,1172000000,-0.386,,623000000,,16.52,,,,,,72359000000,49642000000,0.678,1324.61,49035000000,,,,,,,,,,,,true,false,9,2019-04-01,2019-12-31,0
2020-01-31,81410,2019-03-31,3,89820000000,-0.101,,,,,1996000000,-0.343,1909000000,-0.359,,1199000000,,29.36,,,,,,,,,,,,,,,,,,,,,,true,false,9,2018-04-01,2018-12-31,-1
2020-01-31,81410,2020-03-31,3,110000000000,-0.055,,,,,1500000000,-0.386,1560000000,-0.322,,1000000000,,25.99,,,,,,,,,,,,,,,,,,,,,,true,true,12,2019-04-01,2020-03-31,0
2020-01-31,81410,2019-03-31,3,,,,,,,,,,,,,,,,,,,,75295000000,51453000000,0.676,1314.32,50862000000,,,,,,,,,,,,true,false,12,2018-04-01,2019-03-31,-1
2020-01-31,81410,2019-03-31,3,,,,,,,,,,,,,,,,,,,,,,,,,,,,,55.00,,,,49710566,11011706,,false,false,12,2018-04-01,2019-03-31,-1
2020-01-31,81410,2020-03-31,3,,,,,,,,,,,,,,,,,,,,,,,,,,,,,27.00,,,,,,,false,false,12,2019-04-01,2020-03-31,0
2020-01-31,81410,2020-03-31,3,,,,,,,,,,,,,,,,,,,,,,,,,,,,,14.00,,,,,,,false,true,12,2019-04-01,2020-03-31,0
2020-01-31,81410,2020-03-31,3,,,,,,,,,,,,,,,,,,,,,,,,,,,,,,,,,49710566,12691908,37720310,false,false,9,2019-04-01,2019-12-31,0
2020-01-31,81410,2019-03-31,3,,,,,,,,,,,,,,,,,,,,,,,,,,,,,,,,,,,40840593,false,false,9,2018-04-01,2018-12-31,-1
2020-05-15,81410,2020-03-31,,101627000000,-0.127,,,,,1611000000,-0.340,1771000000,-0.230,,1236000000,,32.93,,0.025,0.024,0.016,,71993000000,49544000000,0.680,1321.73,48932000000,6643000000,45000000,-2678000000,23924000000,,0.835,,,,,,true,false,12,2019-04-01,2020-03-31,0
2020-05-15,81410,2019-03-31,,116405000000,-0.090,,,,,2442000000,-0.289,2299000000,-0.360,,1460000000,,36.14,,0.028,0.030,0.021,,75295000000,51453000000,0.676,1314.32,50862000000,6768000000,-102000000,-3071000000,20124000000,,0.761,,,,,,true,false,12,2018-04-01,2019-03-31,-1
2020-05-15,81410,2021-03-31,,44000000000,-0.138,,,,,200000000,-0.723,200000000,-0.717,,100000000,,2.70,,,,,,,,,,,,,,,,,,,,,,true,true,6,2020-04-01,2020-09-30,1
2020-05-15,81410,2021-03-31,,89000000000,-0.124,,,,,500000000,-0.690,500000000,-0.718,,300000000,,8.10,,,,,,,,,,,,,,,,3.455,,,,,,true,true,12,2020-04-01,2021-03-31,1
2020-05-15,81410,2019-03-31,,,,,,,,,,,,,,,,,,,,,,,,,,,,,,55.00,,,,49710566,11011706,40407517,false,false,12,2018-04-01,2019-03-31,-1
2020-05-15,81410,2020-03-31,,,,,,,,,,,,,,,,,,,,,,,,,,,,,,14.00,,,,49710566,12688620,37558873,false,false,12,2019-04-01,2020-03-31,0
2020-05-15,81410,2021-03-31,,,,,,,,,,,,,,,,,,,,,,,,,,,,,,28.00,,,,,,,false,true,12,2020-04-01,2021-03-31,1
2020-07-31,81410,2021-03-31,1,20814000000,-0.206,,,,,66000000,-0.813,67000000,-0.843,,28000000,,0.77,,,,,,73304000000,49137000000,0.662,1310.79,48529000000,,,,,,,,,,,,true,false,3,2020-04-01,2020-06-30,0
2020-07-31,81410,2020-03-31,1,26212000000,-0.194,,,,,355000000,-0.456,430000000,-0.389,,320000000,,8.36,,,,,,,,,,,,,,,,,,,,,,true,false,3,2019-04-01,2019-06-30,-1
2020-07-31,81410,2021-03-31,1,44000000000,-0.138,,,,,200000000,-0.723,200000000,-0.717,,100000000,,2.70,,,,,,,,,,,,,,,,,,,,,,true,true,6,2020-04-01,2020-09-30,0
2020-07-31,81410,2021-03-31,1,89000000000,-0.124,,,,,500000000,-0.690,500000000,-0.718,,300000000,,8.10,,,,,,,,,,,,,,,,,,,,,,true,true,12,2020-04-01,2021-03-31,0
2020-07-31,81410,2020-03-31,1,,,,,,,,,,,,,,,,,,,,71993000000,49544000000,0.680,1321.73,48932000000,,,,,,,,,,,,true,false,12,2019-04-01,2020-03-31,-1
2020-07-31,81410,2020-03-31,1,,,,,,,,,,,,,,,,,,,,,,,,,,,,,14.00,,,,49710566,12688620,,false,false,12,2019-04-01,2020-03-31,-1
2020-07-31,81410,2021-03-31,1,,,,,,,,,,,,,,,,,,,,,,,,,,,,,28.00,,,,,,,false,true,12,2020-04-01,2021-03-31,0
2020-07-31,81410,2021-03-31,1,,,,,,,,,,,,,,,,,,,,,,,,,,,,,,,,,49710566,12687220,37022996,false,false,3,2020-04-01,2020-06-30,0
2020-07-31,81410,2020-03-31,1,,,,,,,,,,,,,,,,,,,,,,,,,,,,,,,,,,,38373810,false,false,3,2019-04-01,2019-06-30,-1
2020-10-29,81410,2021-03-31,,43924000000,-0.002,,,,,305000000,0.529,345000000,0.730,,188000000,,5.07,,,,,,,,,,,,,,,,,,,,,,true,true,6,2020-04-01,2020-09-30,0
2020-10-29,81410,2020-03-31,,51060000000,,,,,,721000000,,706000000,,,488000000,,12.86,,,,,,,,,,,,,,,,,,,,,,true,false,6,2019-04-01,2019-09-30,-1
2020-10-29,81410,2021-03-31,,90000000000,0.011,,,,,600000000,0.200,600000000,0.200,,380000000,,10.24,,,,,,,,,,,,,,,,,,,,,,true,true,12,2020-04-01,2021-03-31,0
2020-10-29,81410,2020-03-31,,101627000000,,,,,,1611000000,,1771000000,,,1236000000,,32.93,,,,,,,,,,,,,,,,,,,,,,true,false,12,2019-04-01,2020-03-31,-1
2020-10-30,81410,2021-03-31,2,43924000000,-0.140,,,,,305000000,-0.576,345000000,-0.510,,188000000,,5.07,,,,,,69298000000,49219000000,0.701,1310.34,48608000000,,,,,,,,,,,,true,false,6,2020-04-01,2020-09-30,0
2020-10-30,81410,2020-03-31,2,51060000000,-0.136,,,,,721000000,-0.392,706000000,-0.336,,488000000,,12.86,,,,,,,,,,,,,,,,,,,,,,true,false,6,2019-04-01,2019-09-30,-1
2020-10-30,81410,2021-03-31,2,90000000000,-0.114,,,,,600000000,-0.628,600000000,-0.661,,380000000,,10.24,,,,,,,,,,,,,,,,,,,,,,true,true,12,2020-04-01,2021-03-31,0
2020-10-30,81410,2020-03-31,2,,,,,,,,,,,,,,,,,,,,71993000000,49544000000,0.680,1321.73,48932000000,,,,,,,,,,,,true,false,12,2019-04-01,2020-03-31,-1
2020-10-30,81410,2020-03-31,2,,,,,,,,,,,,,,,,,,,,,,,,,,,,,14.00,,,,49710566,12688620,,false,false,12,2019-04-01,2020-03-31,-1
2020-10-30,81410,2021-03-31,2,,,,,,,,,,,,,,,,,,,,,,,,,,,,,14.00,,,,,,,false,false,12,2020-04-01,2021-03-31,0
2020-10-30,81410,2021-03-31,2,,,,,,,,,,,,,,,,,,,,,,,,,,,,,28.00,,,,,,,false,true,12,2020-04-01,2021-03-31,0
2020-10-30,81410,2021-03-31,2,,,,,,,,,,,,,,,,,,,,,,,,,,,,,,,,,47510566,10414120,37053746,false,false,6,2020-04-01,2020-09-30,0
2020-10-30,81410,2020-03-31,2,,,,,,,,,,,,,,,,,,,,,,,,,,,,,,,,,,,38021203,false,false,6,2019-04-01,2019-09-30,-1
2021-01-29,81410,2021-03-31,3,70941000000,-0.067,,,,,782000000,-0.350,780000000,-0.335,,472000000,,12.74,,,,,,70447000000,49004000000,0.687,1304.43,48394000000,,,,,,,,,,,,true,false,9,2020-04-01,2020-12-31,0
2021-01-29,81410,2020-03-31,3,76072000000,-0.153,,,,,1203000000,-0.397,1172000000,-0.386,,623000000,,16.52,,,,,,,,,,,,,,,,,,,,,,true,false,9,2019-04-01,2019-12-31,-1
2021-01-29,81410,2021-03-31,3,90000000000,-0.114,,,,,600000000,-0.628,600000000,-0.661,,380000000,,10.24,,,,,,,,,,,,,,,,,,,,,,true,true,12,2020-04-01,2021-03-31,0
2021-01-29,81410,2020-03-31,3,,,,,,,,,,,,,,,,,,,,71993000000,49544000000,0.680,1321.73,48932000000,,,,,,,,,,,,true,false,12,2019-04-01,2020-03-31,-1
2021-01-29,81410,2020-03-31,3,,,,,,,,,,,,,,,,,,,,,,,,,,,,,14.00,,,,49710566,12688620,,false,false,12,2019-04-01,2020-03-31,-1
2021-01-29,81410,2021-03-31,3,,,,,,,,,,,,,,,,,,,,,,,,,,,,,14.00,,,,,,,false,false,12,2020-04-01,2021-03-31,0
2021-01-29,81410,2021-03-31,3,,,,,,,,,,,,,,,,,,,,,,,,,,,,,28.00,,,,,,,false,true,12,2020-04-01,2021-03-31,0
2021-01-29,81410,2021-03-31,3,,,,,,,,,,,,,,,,,,,,,,,,,,,,,,,,,47510566,10410718,37067267,false,false,9,2020-04-01,2020-12-31,0
2021-01-29,81410,2020-03-31,3,,,,,,,,,,,,,,,,,,,,,,,,,,,,,,,,,,,37720310,false,false,9,2019-04-01,2019-12-31,-1
2021-03-12,81410,2021-03-31,,100000000000,0.111,,,,,1300000000,1.167,1300000000,1.167,,900000000,,24.26,,,,,,,,,,,,,,,,,,,,,,true,true,12,2020-04-01,2021-03-31,0
2021-03-12,81410,2020-03-31,,101627000000,,,,,,1611000000,,1771000000,,,1236000000,,32.93,,,,,,,,,,,,,,,,,,,,,,true,false,12,2019-04-01,2020-03-31,-1
2021-05-14,81410,2021-03-31,,102898000000,0.013,,,,,1543000000,-0.042,1561000000,-0.118,,1255000000,,33.86,,0.025,0.021,0.015,,73489000000,50340000000,0.677,1340.06,49723000000,-4527000000,-714000000,-1232000000,17596000000,,1.004,,,,,,true,false,12,2020-04-01,2021-03-31,0
2021-05-14,81410,2020-03-31,,101627000000,-0.127,,,,,1611000000,-0.340,1771000000,-0.230,,1236000000,,32.93,,0.025,0.024,0.016,,71993000000,49544000000,0.680,1321.73,48932000000,6643000000,45000000,-2678000000,23924000000,,0.835,,,,,,true,false,12,2019-04-01,2020-03-31,-1
2021-05-14,81410,2022-03-31,,110000000000,0.069,,,,,1600000000,0.036,1600000000,0.024,1260000000,,0.004,33.96,,,,,,,,,,,,,,,,1.001,,,,,,true,true,12,2021-04-01,2022-03-31,1
2021-05-14,81410,2020-03-31,,,,,,,,,,,,,,,,,,,,,,,,,,,,,,14.00,,,,49710566,12688620,37558873,false,false,12,2019-04-01,2020-03-31,-1
2021-05-14,81410,2021-03-31,,,,,,,,,,,,,,,,,,,,,,,,,,,,,,34.00,,,,47510566,10405318,37075769,false,false,12,2020-04-01,2021-03-31,0
2021-05-14,81410,2022-03-31,,,,,,,,,,,,,,,,,,,,,,,,,,,,,,34.00,,,,,,,false,true,12,2021-04-01,2022-03-31,1
2021-07-30,81410,2022-03-31,1,30358000000,0.459,,,,,667000000,9.046,644000000,8.566,,464000000,,12.51,,,,,,76512000000,50049000000,0.647,1334.25,49523000000,,,,,,,,,,,,true,false,3,2021-04-01,2021-06-30,0
2021-07-30,81410,2021-03-31,1,20814000000,-0.206,,,,,66000000,-0.813,67000000,-0.843,,28000000,,0.77,,,,,,,,,,,,,,,,,,,,,,true,false,3,2020-04-01,2020-06-30,-1
2021-07-30,81410,2022-03-31,1,110000000000,0.069,,,,,1600000000,0.036,1600000000,0.024,,1260000000,,33.96,,,,,,,,,,,,,,,,,,,,,,true,true,12,2021-04-01,2022-03-31,0
2021-07-30,81410,2021-03-31,1,,,,,,,,,,,,,,,,,,,,73489000000,50340000000,0.677,1340.06,49723000000,,,,,,,,,,,,true,false,12,2020-04-01,2021-03-31,-1
2021-07-30,81410,2021-03-31,1,,,,,,,,,,,,,,,,,,,,,,,,,,,,,34.00,,,,47510566,10405318,,false,false,12,2020-04-01,2021-03-31,-1
2021-07-30,81410,2022-03-31,1,,,,,,,,,,,,,,,,,,,,,,,,,,,,,34.00,,,,,,,false,true,12,2021-04-01,2022-03-31,0
2021-07-30,81410,2022-03-31,1,,,,,,,,,,,,,,,,,,,,,,,,,,,,,,,,,47510566,10393418,37112798,false,false,3,2021-04-01,2021-06-30,0
2021-07-30,81410,2021-03-31,1,,,,,,,,,,,,,,,,,,,,,,,,,,,,,,,,,,,37022996,false,false,3,2020-04-01,2020-06-30,-1
2021-10-13,81410,2022-03-31,,130000000000,0.182,,,,,2600000000,0.625,2600000000,0.625,,1700000000,,45.79,,,,,,,,,,,,,,,,,,,,,,true,true,12,2021-04-01,2022-03-31,0
2021-10-13,81410,2021-03-31,,102898000000,,,,,,1543000000,,1561000000,,,1255000000,,33.86,,,,,,,,,,,,,,,,,,,,,,true,false,12,2020-04-01,2021-03-31,-1
2021-10-13,81410,2022-03-31,,,,,,,,,,,,,,,,,,,,,,,,,,,,,,46.00,,,,,,,false,true,12,2021-04-01,2022-03-31,0
2021-10-13,81410,2021-03-31,,,,,,,,,,,,,,,,,,,,,,,,,,,,,,34.00,,,,,,,false,false,12,2020-04-01,2021-03-31,-1
2021-10-29,81410,2022-03-31,2,58590000000,0.334,,,,,1132000000,2.705,1145000000,2.312,,800000000,,21.56,,,,,,75566000000,50252000000,0.658,1338.61,49715000000,,,,,,,,,,,,true,false,6,2021-04-01,2021-09-30,0
2021-10-29,81410,2021-03-31,2,43924000000,-0.140,,,,,305000000,-0.576,345000000,-0.510,,188000000,,5.07,,,,,,,,,,,,,,,,,,,,,,true,false,6,2020-04-01,2020-09-30,-1
2021-10-29,81410,2022-03-31,2,130000000000,0.263,,,,,2600000000,0.684,2600000000,0.665,,1700000000,,45.79,,,,,,,,,,,,,,,,,,,,,,true,true,12,2021-04-01,2022-03-31,0
2021-10-29,81410,2021-03-31,2,,,,,,,,,,,,,,,,,,,,73489000000,50340000000,0.677,1340.06,49723000000,,,,,,,,,,,,true,false,12,2020-04-01,2021-03-31,-1
2021-10-29,81410,2021-03-31,2,,,,,,,,,,,,,,,,,,,,,,,,,,,,,34.00,,,,47510566,10405318,,false,false,12,2020-04-01,2021-03-31,-1
2021-10-29,81410,2022-03-31,2,,,,,,,,,,,,,,,,,,,,,,,,,,,,,23.00,,,,,,,false,false,12,2021-04-01,2022-03-31,0
2021-10-29,81410,2022-03-31,2,,,,,,,,,,,,,,,,,,,,,,,,,,,,,46.00,,,,,,,false,true,12,2021-04-01,2022-03-31,0
2021-10-29,81410,2022-03-31,2,,,,,,,,,,,,,,,,,,,,,,,,,,,,,,,,,47510566,10371036,37124265,false,false,6,2021-04-01,2021-09-30,0
2021-10-29,81410,2021-03-31,2,,,,,,,,,,,,,,,,,,,,,,,,,,,,,,,,,,,37053746,false,false,6,2020-04-01,2020-09-30,-1
2022-01-31,81410,2022-03-31,3,92033000000,0.297,,,,,2014000000,1.573,2082000000,1.670,,1424000000,,38.37,,,,,,85553000000,50555000000,0.584,1346.07,49999000000,,,,,,,,,,,,true,false,9,2021-04-01,2021-12-31,0
2022-01-31,81410,2021-03-31,3,70941000000,-0.067,,,,,782000000,-0.350,780000000,-0.335,,472000000,,12.74,,,,,,,,,,,,,,,,,,,,,,true,false,9,2020-04-01,2020-12-31,-1
2022-01-31,81410,2022-03-31,3,135000000000,0.312,,,,,3300000000,1.137,3400000000,1.177,,2300000000,,61.94,,,,,,,,,,,,,,,,,,,,,,true,true,12,2021-04-01,2022-03-31,0
2022-01-31,81410,2021-03-31,3,,,,,,,,,,,,,,,,,,,,73489000000,50340000000,0.677,1340.06,49723000000,,,,,,,,,,,,true,false,12,2020-04-01,2021-03-31,-1
2022-01-31,81410,2021-03-31,3,,,,,,,,,,,,,,,,,,,,,,,,,,,,,34.00,,,,47510566,10405318,,false,false,12,2020-04-01,2021-03-31,-1
2022-01-31,81410,2022-03-31,3,,,,,,,,,,,,,,,,,,,,,,,,,,,,,23.00,,,,,,,false,false,12,2021-04-01,2022-03-31,0
2022-01-31,81410,2022-03-31,3,,,,,,,,,,,,,,,,,,,,,,,,,,,,,46.00,,,,,,,false,true,12,2021-04-01,2022-03-31,0
2022-01-31,81410,2022-03-31,3,,,,,,,,,,,,,,,,,,,,,,,,,,,,,,,,,38010566,866072,37130064,false,false,9,2021-04-01,2021-12-31,0
2022-01-31,81410,2021-03-31,3,,,,,,,,,,,,,,,,,,,,,,,,,,,,,,,,,,,37067267,false,false,9,2020-04-01,2020-12-31,-1
2022-05-16,81410,2022-03-31,,135205000000,0.314,,,,,4163000000,1.697,4103000000,1.628,,2821000000,,76.11,,0.056,0.051,0.031,,88951000000,51945000000,0.578,1409.01,51369000000,-11631000000,-407000000,4253000000,10579000000,,0.782,,,,,,true,false,12,2021-04-01,2022-03-31,0
2022-05-16,81410,2021-03-31,,102898000000,0.013,,,,,1543000000,-0.042,1561000000,-0.118,,1255000000,,33.86,,0.025,0.021,0.015,,73489000000,50340000000,0.677,1340.06,49723000000,-4527000000,-714000000,-1232000000,17596000000,,1.004,,,,,,true,false,12,2020-04-01,2021-03-31,-1
2022-05-16,81410,2023-03-31,,160000000000,0.183,,,,,4300000000,0.033,4300000000,0.048,,3000000000,,82.29,,,,,,,,,,,,,,,,,,,,,,true,true,12,2022-04-01,2023-03-31,1
2022-05-16,81410,2022-03-31,,93224000000,0.463,,,,,2512000000,,4066000000,,3269000000,,,88.22,,,,,,65131000000,36656000000,0.563,1005.45,36656000000,,,,,59.50,,,,38010566,1552612,37064410,false,false,12,2021-04-01,2022-03-31,0
2022-05-16,81410,2021-03-31,,63729000000,0.010,,,,,216000000,-0.250,181000000,-0.414,126000000,,-0.673,3.41,,,,,,52725000000,35775000000,0.679,964.17,35775000000,,,,,34.00,,,,47510566,10405318,37075769,false,false,12,2020-04-01,2021-03-31,-1
2022-05-16,81410,2023-03-31,,,,,,,,,,,,,,,,,,,,,,,,,,,,,,42.00,,,,,,,false,true,12,2022-04-01,2023-03-31,1
2022-07-29,81410,2023-03-31,1,41360000000,0.362,,,,,1549000000,1.321,1614000000,1.506,,1054000000,,29.52,,,,,,98116000000,50666000000,0.510,,50057000000,,,,,,,,,,,,true,false,3,2022-04-01,2022-06-30,0
2022-07-29,81410,2022-03-31,1,30358000000,0.459,,,,,667000000,9.046,644000000,8.566,,464000000,,12.51,,,,,,,,,,,,,,,,,,,,,,true,false,3,2021-04-01,2021-06-30,-1
2022-07-29,81410,2023-03-31,1,160000000000,0.183,,,,,4300000000,0.033,4300000000,0.048,,3000000000,,82.29,,,,,,,,,,,,,,,,,,,,,,true,true,12,2022-04-01,2023-03-31,0
2022-07-29,81410,2022-03-31,1,,,,,,,,,,,,,,,,,,,,88951000000,51945000000,0.578,,51369000000,,,,,,,,,,,,true,false,12,2021-04-01,2022-03-31,-1
2022-07-29,81410,2022-03-31,1,,,,,,,,,,,,,,,,,,,,,,,,,,,,,59.50,,,,38010566,1552612,,false,false,12,2021-04-01,2022-03-31,-1
2022-07-29,81410,2023-03-31,1,,,,,,,,,,,,,,,,,,,,,,,,,,,,,42.00,,,,,,,false,true,12,2022-04-01,2023-03-31,0
2022-07-29,81410,2023-03-31,1,,,,,,,,,,,,,,,,,,,,,,,,,,,,,,,,,38010566,3988510,35703455,false,false,3,2022-04-01,2022-06-30,0
2022-07-29,81410,2022-03-31,1,,,,,,,,,,,,,,,,,,,,,,,,,,,,,,,,,,,37112798,false,false,3,2021-04-01,2021-06-30,-1
2022-10-31,81410,2023-03-31,2,89449000000,0.527,,,,,3174000000,1.802,3408000000,1.975,,2266000000,,64.93,,,,,,99095000000,52536000000,0.524,,51901000000,,,,,,,,,,,,true,false,6,2022-04-01,2022-09-30,0
2022-10-31,81410,2022-03-31,2,58590000000,0.334,,,,,1132000000,2.705,1145000000,2.312,,800000000,,21.56,,,,,,,,,,,,,,,,,,,,,,true,false,6,2021-04-01,2021-09-30,-1
2022-10-31,81410,2023-03-31,2,170000000000,0.257,,,,,5600000000,0.345,5600000000,0.365,,3900000000,,111.73,,,,,,,,,,,,,,,,,,,,,,true,true,12,2022-04-01,2023-03-31,0
2022-10-31,81410,2022-03-31,2,,,,,,,,,,,,,,,,,,,,88951000000,51945000000,0.578,,51369000000,,,,,,,,,,,,true,false,12,2021-04-01,2022-03-31,-1
2022-10-31,81410,2022-03-31,2,,,,,,,,,,,,,,,,,,,,,,,,,,,,,59.50,,,,38010566,1552612,,false,false,12,2021-04-01,2022-03-31,-1
2022-10-31,81410,2023-03-31,2,,,,,,,,,,,,,,,,,,,,,,,,,,,,,29.00,,,,,,,false,false,12,2022-04-01,2023-03-31,0
2022-10-31,81410,2023-03-31,2,,,,,,,,,,,,,,,,,,,,,,,,,,,,,58.00,,,,,,,false,true,12,2022-04-01,2023-03-31,0
2022-10-31,81410,2023-03-31,2,,,,,,,,,,,,,,,,,,,,,,,,,,,,,,,,,38010566,4283310,34906813,false,false,6,2022-04-01,2022-09-30,0
2022-10-31,81410,2022-03-31,2,,,,,,,,,,,,,,,,,,,,,,,,,,,,,,,,,,,37124265,false,false,6,2021-04-01,2021-09-30,-1
2023-02-13,81410,2023-03-31,3,133174000000,0.447,,,,,5280000000,1.621,5211000000,1.502,,3493000000,,101.31,,,,,,99380000000,51615000000,0.513,,50946000000,,,,,,,,,,,,true,false,9,2022-04-01,2022-12-31,0
2023-02-13,81410,2022-03-31,3,92033000000,0.297,,,,,2014000000,1.573,2082000000,1.670,,1424000000,,38.37,,,,,,,,,,,,,,,,,,,,,,true,false,9,2021-04-01,2021-12-31,-1
2023-02-13,81410,2023-03-31,3,170000000000,0.257,,,,,5600000000,0.345,5600000000,0.365,,3900000000,,111.73,,,,,,,,,,,,,,,,,,,,,,true,true,12,2022-04-01,2023-03-31,0
2023-02-13,81410,2022-03-31,3,,,,,,,,,,,,,,,,,,,,88951000000,51945000000,0.578,,51369000000,,,,,,,,,,,,true,false,12,2021-04-01,2022-03-31,-1
2023-02-13,81410,2022-03-31,3,,,,,,,,,,,,,,,,,,,,,,,,,,,,,59.50,,,,38010566,1552612,,false,false,12,2021-04-01,2022-03-31,-1
2023-02-13,81410,2023-03-31,3,,,,,,,,,,,,,,,,,,,,,,,,,,,,,29.00,,,,,,,false,false,12,2022-04-01,2023-03-31,0
2023-02-13,81410,2023-03-31,3,,,,,,,,,,,,,,,,,,,,,,,,,,,,,58.00,,,,,,,false,true,12,2022-04-01,2023-03-31,0
2023-02-13,81410,2023-03-31,3,,,,,,,,,,,,,,,,,,,,,,,,,,,,,,,,,38010566,4718942,34478286,false,false,9,2022-04-01,2022-12-31,0
2023-02-13,81410,2022-03-31,3,,,,,,,,,,,,,,,,,,,,,,,,,,,,,,,,,,,37131764,false,false,9,2021-04-01,2021-12-31,-1
2023-05-15,81410,2023-03-31,,179076000000,0.324,,,,,7128000000,0.712,6841000000,0.667,,4706000000,,137.77,,0.091,0.073,0.040,,98827000000,52560000000,0.525,1567.87,51860000000,-905000000,9000000,682000000,10746000000,,0.501,,,,,,true,false,12,2022-04-01,2023-03-31,0
2023-05-15,81410,2022-03-31,,135205000000,0.314,,,,,4163000000,1.697,4103000000,1.628,,2821000000,,76.11,,0.056,0.051,0.031,,88951000000,51945000000,0.578,1409.01,51369000000,-11628000000,-407000000,4250000000,10579000000,,0.782,,,,,,true,false,12,2021-04-01,2022-03-31,-1
2023-05-15,81410,2024-03-31,,170000000000,-0.051,,,,,5000000000,-0.299,5000000000,-0.269,,3500000000,,105.81,,,,,,,,,,,,,,,,0.501,,,,,,true,true,12,2023-04-01,2024-03-31,1
2023-05-15,81410,2023-03-31,,118830000000,0.275,,,,,4025000000,0.602,3753000000,-0.077,2656000000,,-0.188,77.76,,,,,,69432000000,33860000000,0.488,1023.68,33860000000,,,,,69.00,,,,38010566,4933439,34160007,false,false,12,2022-04-01,2023-03-31,0
2023-05-15,81410,2022-03-31,,93224000000,0.463,,,,,2512000000,,4066000000,,3269000000,,,88.22,,,,,,65131000000,36656000000,0.563,1005.45,36656000000,,,,,59.50,,,,38010566,1552612,37064410,false,false,12,2021-04-01,2022-03-31,-1
2023-05-15,81410,2024-03-31,,,,,,,,,,,,,,,,,,,,,,,,,,,,,,53.00,,,,,,,false,true,12,2023-04-01,2024-03-31,1
2023-07-31,81410,2024-03-31,1,45432000000,0.098,,,,,1730000000,0.116,1700000000,0.053,,1083000000,,32.76,,,,,,109057000000,53672000000,0.485,,52942000000,,,,,,,,,,,,true,false,3,2023-04-01,2023-06-30,0
2023-07-31,81410,2023-03-31,1,41360000000,0.362,,,,,1549000000,1.321,1614000000,1.506,,1054000000,,29.52,,,,,,,,,,,,,,,,,,,,,,true,false,3,2022-04-01,2022-06-30,-1
2023-07-31,81410,2024-03-31,1,170000000000,-0.051,,,,,5000000000,-0.299,5000000000,-0.269,,3500000000,,105.81,,,,,,,,,,,,,,,,,,,,,,true,true,12,2023-04-01,2024-03-31,0
2023-07-31,81410,2023-03-31,1,,,,,,,,,,,,,,,,,,,,98827000000,52560000000,0.525,,51860000000,,,,,,,,,,,,true,false,12,2022-04-01,2023-03-31,-1
2023-07-31,81410,2023-03-31,1,,,,,,,,,,,,,,,,,,,,,,,,,,,,,69.00,,,,38010566,4933439,,false,false,12,2022-04-01,2023-03-31,-1
2023-07-31,81410,2024-03-31,1,,,,,,,,,,,,,,,,,,,,,,,,,,,,,53.00,,,,,,,false,true,12,2023-04-01,2024-03-31,0
2023-07-31,81410,2024-03-31,1,,,,,,,,,,,,,,,,,,,,,,,,,,,,,,,,,38010566,4919405,33083985,false,false,3,2023-04-01,2023-06-30,0
2023-07-31,81410,2023-03-31,1,,,,,,,,,,,,,,,,,,,,,,,,,,,,,,,,,,,35703455,false,false,3,2022-04-01,2022-06-30,-1
2023-10-31,81410,2024-03-31,2,93629000000,0.047,,,,,3388000000,0.067,3387000000,-0.006,,2267000000,,68.53,,,,,,109243000000,55527000000,0.501,,54768000000,,,,,,,,,,,,true,false,6,2023-04-01,2023-09-30,0
2023-10-31,81410,2023-03-31,2,89449000000,0.527,,,,,3174000000,1.802,3408000000,1.975,,2266000000,,64.93,,,,,,,,,,,,,,,,,,,,,,true,false,6,2022-04-01,2022-09-30,-1
2023-10-31,81410,2024-03-31,2,170000000000,-0.051,,,,,5000000000,-0.299,5000000000,-0.269,,3500000000,,105.81,,,,,,,,,,,,,,,,,,,,,,true,true,12,2023-04-01,2024-03-31,0
2023-10-31,81410,2023-03-31,2,,,,,,,,,,,,,,,,,,,,98827000000,52560000000,0.525,,51860000000,,,,,,,,,,,,true,false,12,2022-04-01,2023-03-31,-1
2023-10-31,81410,2023-03-31,2,,,,,,,,,,,,,,,,,,,,,,,,,,,,,69.00,,,,38010566,4933439,,false,false,12,2022-04-01,2023-03-31,-1
2023-10-31,81410,2024-03-31,2,,,,,,,,,,,,,,,,,,,,,,,,,,,,,26.50,,,,,,,false,false,12,2023-04-01,2024-03-31,0
2023-10-31,81410,2024-03-31,2,,,,,,,,,,,,,,,,,,,,,,,,,,,,,53.00,,,,,,,false,true,12,2023-04-01,2024-03-31,0
2023-10-31,81410,2024-03-31,2,,,,,,,,,,,,,,,,,,,,,,,,,,,,,,,,,38010566,4909105,33091475,false,false,6,2023-04-01,2023-09-30,0
2023-10-31,81410,2023-03-31,2,,,,,,,,,,,,,,,,,,,,,,,,,,,,,,,,,,,34906813,false,false,6,2022-04-01,2022-09-30,-1
2024-01-31,81410,2024-03-31,3,133208000000,0.000,,,,,4878000000,-0.076,4751000000,-0.088,,3212000000,,97.08,,,,,,102352000000,55320000000,0.533,,54545000000,,,,,,,,,,,,true,false,9,2023-04-01,2023-12-31,0
2024-01-31,81410,2023-03-31,3,133174000000,0.447,,,,,5280000000,1.621,5211000000,1.502,,3493000000,,101.31,,,,,,,,,,,,,,,,,,,,,,true,false,9,2022-04-01,2022-12-31,-1
2024-01-31,81410,2024-03-31,3,170000000000,-0.051,,,,,5000000000,-0.299,5000000000,-0.269,,3500000000,,105.81,,,,,,,,,,,,,,,,,,,,,,true,true,12,2023-04-01,2024-03-31,0
2024-01-31,81410,2023-03-31,3,,,,,,,,,,,,,,,,,,,,98827000000,52560000000,0.525,,51860000000,,,,,,,,,,,,true,false,12,2022-04-01,2023-03-31,-1
2024-01-31,81410,2023-03-31,3,,,,,,,,,,,,,,,,,,,,,,,,,,,,,69.00,,,,38010566,4933439,,false,false,12,2022-04-01,2023-03-31,-1
2024-01-31,81410,2024-03-31,3,,,,,,,,,,,,,,,,,,,,,,,,,,,,,26.50,,,,,,,false,false,12,2023-04-01,2024-03-31,0
2024-01-31,81410,2024-03-31,3,,,,,,,,,,,,,,,,,,,,,,,,,,,,,53.00,,,,,,,false,true,12,2023-04-01,2024-03-31,0
2024-01-31,81410,2024-03-31,3,,,,,,,,,,,,,,,,,,,,,,,,,,,,,,,,,38010566,4906951,33095117,false,false,9,2023-04-01,2023-12-31,0
2024-01-31,81410,2023-03-31,3,,,,,,,,,,,,,,,,,,,,,,,,,,,,,,,,,,,34478286,false,false,9,2022-04-01,2022-12-31,-1
2024-05-15,81410,2024-03-31,,175847000000,-0.018,,,,,4878000000,-0.316,4768000000,-0.303,,3194000000,,96.53,,0.060,0.048,0.028,,99813000000,56119000000,0.554,1671.25,55328000000,4697000000,105000000,-2757000000,13157000000,,0.502,,,,,,true,false,12,2023-04-01,2024-03-31,0
2024-05-15,81410,2023-03-31,,179076000000,0.324,,,,,7128000000,0.712,6841000000,0.667,,4706000000,,137.77,,0.091,0.073,0.040,,98827000000,52560000000,0.525,1567.87,51860000000,-905000000,9000000,682000000,10746000000,,0.501,,,,,,true,false,12,2022-04-01,2023-03-31,-1
2024-05-15,81410,2025-03-31,,112000000000,-0.363,,,,,1000000000,-0.795,1000000000,-0.790,,1000000000,,30.21,,,,,,,,,,,,,,,,0.513,,,,,,true,true,12,2024-04-01,2025-03-31,1
2024-05-15,81410,2023-03-31,,,,,,,,,,,,,,,,,,,,,,,,,,,,,,69.00,,,,38010566,4933439,34160007,false,false,12,2022-04-01,2023-03-31,-1
2024-05-15,81410,2024-03-31,,,,,,,,,,,,,,,,,,,,,,,,,,,,,,48.50,,,,38010566,4904651,33097255,false,false,12,2023-04-01,2024-03-31,0
2024-05-15,81410,2025-03-31,,,,,,,,,,,,,,,,,,,,,,,,,,,,,,15.50,,,,,,,false,true,12,2024-04-01,2025-03-31,1
,81410,2024-03-31,,,,,,,,,,,,,,,,,,,,,,,,,,,,,,48.50,,,,,,,false,true,12,2023-04-01,2024-03-31,0
,81410,2024-03-31,,,,,,,,,,,,,,,,,,,,,,,,,,,,,,26.50,,,,,,,false,false,12,2023-04-01,2024-03-31,0
,81410,2023-03-31,,,,,,,,,,,,,,,,,,,,,,,,,,,,,,69.00,,,,,,,false,false,12,2022-04-01,2023-03-31,-1
2024-07-31,81410,2025-03-31,1,32574000000,-0.283,,,,,747000000,-0.568,953000000,-0.440,,321000000,,9.73,,,,,,95373000000,57159000000,0.591,,56356000000,,,,,,,,,,,,true,false,3,2024-04-01,2024-06-30,0
2024-07-31,81410,2024-03-31,1,45432000000,0.098,,,,,1730000000,0.116,1700000000,0.053,,1083000000,,32.76,,,,,,,,,,,,,,,,,,,,,,true,false,3,2023-04-01,2023-06-30,-1
2024-07-31,81410,2025-03-31,1,112000000000,-0.363,,,,,1000000000,-0.795,1000000000,-0.790,,1000000000,,30.21,,,,,,,,,,,,,,,,,,,,,,true,true,12,2024-04-01,2025-03-31,0
2024-07-31,81410,2024-03-31,1,,,,,,,,,,,,,,,,,,,,99813000000,56119000000,0.554,,55328000000,,,,,,,,,,,,true,false,12,2023-04-01,2024-03-31,-1
2024-07-31,81410,2024-03-31,1,,,,,,,,,,,,,,,,,,,,,,,,,,,,,48.50,,,,38010566,4904651,,false,false,12,2023-04-01,2024-03-31,-1
2024-07-31,81410,2025-03-31,1,,,,,,,,,,,,,,,,,,,,,,,,,,,,,15.50,,,,,,,false,true,12,2024-04-01,2025-03-31,0
2024-07-31,81410,2025-03-31,1,,,,,,,,,,,,,,,,,,,,,,,,,,,,,,,,,38010566,4904723,33105888,false,false,3,2024-04-01,2024-06-30,0
2024-07-31,81410,2024-03-31,1,,,,,,,,,,,,,,,,,,,,,,,,,,,,,,,,,,,33083985,false,false,3,2023-04-01,2023-06-30,-1
2024-10-31,81410,2025-03-31,2,64883000000,-0.307,,,,,1358000000,-0.599,1169000000,-0.655,,325000000,,9.83,,,,,,84811000000,55899000000,0.649,,55083000000,,,,,,,,,,,,true,false,6,2024-04-01,2024-09-30,0
2024-10-31,81410,2024-03-31,2,93629000000,0.047,,,,,3388000000,0.067,3387000000,-0.006,,2267000000,,68.53,,,,,,,,,,,,,,,,,,,,,,true,false,6,2023-04-01,2023-09-30,-1
2024-10-31,81410,2025-03-31,2,112000000000,-0.363,,,,,1800000000,-0.631,1600000000,-0.664,,1000000000,,31.28,,,,,,,,,,,,,,,,,,,,,,true,true,12,2024-04-01,2025-03-31,0
2024-10-31,81410,2024-03-31,2,,,,,,,,,,,,,,,,,,,,99813000000,56119000000,0.554,,55328000000,,,,,,,,,,,,true,false,12,2023-04-01,2024-03-31,-1
2024-10-31,81410,2024-03-31,2,,,,,,,,,,,,,,,,,,,,,,,,,,,,,48.50,,,,38010566,4904651,,false,false,12,2023-04-01,2024-03-31,-1
2024-10-31,81410,2025-03-31,2,,,,,,,,,,,,,,,,,,,,,,,,,,,,,7.50,,,,,,,false,false,12,2024-04-01,2025-03-31,0
2024-10-31,81410,2025-03-31,2,,,,,,,,,,,,,,,,,,,,,,,,,,,,,15.50,,,,,,,false,true,12,2024-04-01,2025-03-31,0
2024-10-31,81410,2025-03-31,2,,,,,,,,,,,,,,,,,,,,,,,,,,,,,,,,,38010566,4897623,33106883,false,false,6,2024-04-01,2024-09-30,0
2024-10-31,81410,2024-03-31,2,,,,,,,,,,,,,,,,,,,,,,,,,,,,,,,,,,,33091475,false,false,6,2023-04-01,2023-09-30,-1
2024-10-31,81410,2025-03-31,,112000000000,0.000,,,,,1800000000,0.800,1600000000,0.600,1000000000,,0.000,31.28,,,,,,,,,,,,,,,,,,,,,,true,true,12,2024-04-01,2025-03-31,0
2024-10-31,81410,2024-03-31,,175847000000,,,,,,4878000000,,4768000000,,3194000000,,,96.53,,,,,,,,,,,,,,,,,,,,,,true,false,12,2023-04-01,2024-03-31,-1
2025-01-31,81410,2025-03-31,3,92905000000,-0.303,,,,,1686000000,-0.654,1727000000,-0.636,,1040000000,,31.73,,,,,,83200000000,54044000000,0.640,,53216000000,,,,,,,,,,,,true,false,9,2024-04-01,2024-12-31,0
2025-01-31,81410,2024-03-31,3,133208000000,0.000,,,,,4878000000,-0.076,4751000000,-0.088,,3212000000,,97.08,,,,,,,,,,,,,,,,,,,,,,true,false,9,2023-04-01,2023-12-31,-1
2025-01-31,81410,2025-03-31,3,112000000000,-0.363,,,,,1800000000,-0.631,1600000000,-0.664,,1000000000,,31.28,,,,,,,,,,,,,,,,,,,,,,true,true,12,2024-04-01,2025-03-31,0
2025-01-31,81410,2024-03-31,3,,,,,,,,,,,,,,,,,,,,99813000000,56119000000,0.554,,55328000000,,,,,,,,,,,,true,false,12,2023-04-01,2024-03-31,-1
2025-01-31,81410,2024-03-31,3,,,,,,,,,,,,,,,,,,,,,,,,,,,,,48.50,,,,38010566,4904651,,false,false,12,2023-04-01,2024-03-31,-1
2025-01-31,81410,2025-03-31,3,,,,,,,,,,,,,,,,,,,,,,,,,,,,,7.50,,,,,,,false,false,12,2024-04-01,2025-03-31,0
2025-01-31,81410,2025-03-31,3,,,,,,,,,,,,,,,,,,,,,,,,,,,,,15.50,,,,,,,false,true,12,2024-04-01,2025-03-31,0
2025-01-31,81410,2025-03-31,3,,,,,,,,,,,,,,,,,,,,,,,,,,,,,,,,,38010566,8276125,32780838,false,false,9,2024-04-01,2024-12-31,0
2025-01-31,81410,2024-03-31,3,,,,,,,,,,,,,,,,,,,,,,,,,,,,,,,,,,,33095117,false,false,9,2023-04-01,2023-12-31,-1
2025-04-14,81410,2025-03-31,,116000000000,0.036,,,,,680000000,-0.622,640000000,-0.600,500000000,,-0.500,15.59,,,,,,,,,,,,,,,,,,,,,,true,true,12,2024-04-01,2025-03-31,0
2025-04-14,81410,2024-03-31,,175847000000,,,,,,4878000000,,4768000000,,3194000000,,,96.53,,,,,,,,,,,,,,,,,,,,,,true,false,12,2023-04-01,2024-03-31,-1
2025-05-15,81410,2025-03-31,,116008000000,-0.340,,,,,637000000,-0.869,578000000,-0.879,,505000000,,15.75,,0.009,0.006,0.005,,80051000000,52539000000,0.646,1737.80,51701000000,31718000000,-3087000000,-11565000000,30359000000,,0.984,,,,,,true,false,12,2024-04-01,2025-03-31,0
2025-05-15,81410,2024-03-31,,175847000000,-0.018,,,,,4878000000,-0.316,4768000000,-0.303,,3194000000,,96.53,,0.060,0.048,0.028,,99813000000,56119000000,0.554,1671.25,55328000000,4697000000,105000000,-2757000000,13157000000,,0.502,,,,,,true,false,12,2023-04-01,2024-03-31,-1
2025-05-15,81410,2026-03-31,,100000000000,-0.138,,,,,700000000,0.098,700000000,0.210,,550000000,,18.49,,,,,,,,,,,,,,,,0.514,,,,,,true,true,12,2025-04-01,2026-03-31,1
2025-05-15,81410,2025-03-31,,68628000000,-0.410,,,,,-2000000,,-99000000,,346000000,,-0.812,10.79,,,,,,49628000000,29866000000,0.602,1003.88,29866000000,,,,,15.50,,,,38010566,8259548,32081041,false,false,12,2024-04-01,2025-03-31,0
2025-05-15,81410,2024-03-31,,116403000000,-0.020,,,,,2924000000,-0.274,2690000000,-0.283,1842000000,,-0.306,55.67,,,,,,66380000000,34254000000,0.516,1034.70,34254000000,,,,,48.50,,,,38010566,4904651,33097255,false,false,12,2023-04-01,2024-03-31,-1
2025-05-15,81410,2026-03-31,,,,,,,,,,,,,,,,,,,,,,,,,,,,,,9.50,,,,,,,false,true,12,2025-04-01,2026-03-31,1
2025-05-30,81410,2026-03-31,,107500000000,0.075,,,,,1000000000,0.429,1000000000,0.429,730000000,,0.327,24.54,,,,,,,,,,,,,,,,,,,,,,true,true,12,2025-04-01,2026-03-31,0
2025-05-30,81410,2025-03-31,,116008000000,,,,,,637000000,,578000000,,505000000,,,15.75,,,,,,,,,,,,,,,,,,,,,,true,false,12,2024-04-01,2025-03-31,-1
2025-05-30,81410,2026-03-31,,,,,,,,,,,,,,,,,,,,,,,,,,,,,,12.50,,,,,,,false,true,12,2025-04-01,2026-03-31,0
2025-05-30,81410,2025-03-31,,,,,,,,,,,,,,,,,,,,,,,,,,,,,,15.50,,,,,,,false,false,12,2024-04-01,2025-03-31,-1
2025-07-31,81410,2026-03-31,1,21691000000,-0.334,,,,,213000000,-0.715,385000000,-0.596,,394000000,,13.27,,,,,,80264000000,52267000000,0.641,,51420000000,,,,,,,,,,,,true,false,3,2025-04-01,2025-06-30,0
2025-07-31,81410,2025-03-31,1,32574000000,-0.283,,,,,747000000,-0.568,953000000,-0.440,,321000000,,9.73,,,,,,,,,,,,,,,,,,,,,,true,false,3,2024-04-01,2024-06-30,-1
2025-07-31,81410,2026-03-31,1,107500000000,-0.073,,,,,1000000000,0.568,1000000000,0.729,,730000000,,24.54,,,,,,,,,,,,,,,,,,,,,,true,true,12,2025-04-01,2026-03-31,0
2025-07-31,81410,2025-03-31,1,,,,,,,,,,,,,,,,,,,,80051000000,52539000000,0.646,,51701000000,,,,,,,,,,,,true,false,12,2024-04-01,2025-03-31,-1
2025-07-31,81410,2025-03-31,1,,,,,,,,,,,,,,,,,,,,,,,,,,,,,15.50,,,,38010566,8259548,,false,false,12,2024-04-01,2025-03-31,-1
2025-07-31,81410,2026-03-31,1,,,,,,,,,,,,,,,,,,,,,,,,,,,,,12.50,,,,,,,false,true,12,2025-04-01,2026-03-31,0
2025-07-31,81410,2026-03-31,1,,,,,,,,,,,,,,,,,,,,,,,,,,,,,,,,,38010566,8322048,29749843,false,false,3,2025-04-01,2025-06-30,0
2025-07-31,81410,2025-03-31,1,,,,,,,,,,,,,,,,,,,,,,,,,,,,,,,,,,,33105888,false,false,3,2024-04-01,2024-06-30,-1
