filing_date,code,fiscal_year_end,quarterly_period,net_sales,net_sales_change,revenue,revenue_change,operating_revenue,operating_revenue_change,operating_profit,operating_profit_change,ordinary_profit,ordinary_profit_change,net_income,net_income_of_parent,net_income_change,eps,diluted_eps,roe,roa,operating_profit_to_net_sales,operating_profit_to_revenue,total_assets,net_assets,equity_ratio,bps,owner_equity,operating_cash_flow,investing_cash_flow,financing_cash_flow,cash,dividend_per_share,payout_ratio,commemorative_dividend,extra_dividend,number_of_shares,number_of_treqsury_shares,avg_number_of_shares,is_consolidated,is_forecast,duration,period_start,period_end,period_pos
2015-05-11,81570,2015-03-31,,105339000000,-0.048,,,,,1439000000,-0.303,1633000000,-0.209,466000000,,-0.525,38.40,,0.023,0.023,0.014,,69649000000,21240000000,0.305,1739.93,21240000000,1833000000,468000000,-787000000,14661000000,,0.260,,,,,,true,false,12,2014-04-01,2015-03-31,0
2015-05-11,81570,2014-03-31,,110670000000,0.100,,,,,2065000000,1.183,2065000000,1.497,982000000,,1.202,81.79,,0.053,0.031,0.019,,70048000000,18984000000,0.271,1572.53,18984000000,-4321000000,211000000,288000000,13016000000,,0.147,,,,,,true,false,12,2013-04-01,2014-03-31,-1
2015-05-11,81570,2016-03-31,,48000000000,0.013,,,,,180000000,0.865,140000000,0.202,,40000000,,3.28,,,,,,,,,,,,,,,,,,,,,,true,true,6,2015-04-01,2015-09-30,1
2015-05-11,81570,2016-03-31,,106000000000,0.006,,,,,1700000000,0.181,1800000000,0.102,,1000000000,,81.92,,,,,,,,,,,,,,,,0.122,,,,,,true,true,12,2015-04-01,2016-03-31,1
2015-05-11,81570,2014-03-31,,,,,,,,,,,,,,,,,,,,,,,,,,,,,,12.00,,,,25677894,13605005,12008376,false,false,12,2013-04-01,2014-03-31,-1
2015-05-11,81570,2015-03-31,,,,,,,,,,,,,,,,,,,,,,,,,,,,,,10.00,,,,25677894,13470327,12150693,false,false,12,2014-04-01,2015-03-31,0
2015-05-11,81570,2016-03-31,,,,,,,,,,,,,,,,,,,,,,,,,,,,,,10.00,,,,,,,false,true,12,2015-04-01,2016-03-31,1
2015-07-31,81570,2016-03-31,1,20872000000,0.024,,,,,-848000000,,-834000000,,,-588000000,,-48.13,,,,,,63651000000,20797000000,0.327,1701.35,20797000000,,,,,,,,,,,,true,false,3,2015-04-01,2015-06-30,0
2015-07-31,81570,2015-03-31,1,20374000000,0.009,,,,,-909000000,,-890000000,,,-404000000,,-33.48,,,,,,,,,,,,,,,,,,,,,,true,false,3,2014-04-01,2014-06-30,-1
2015-07-31,81570,2016-03-31,1,48000000000,0.013,,,,,180000000,0.865,140000000,0.202,,40000000,,3.27,,,,,,,,,,,,,,,,,,,,,,true,true,6,2015-04-01,2015-09-30,0
2015-07-31,81570,2016-03-31,1,106000000000,0.006,,,,,1700000000,0.181,1800000000,0.102,,1000000000,,81.81,,,,,,,,,,,,,,,,,,,,,,true,true,12,2015-04-01,2016-03-31,0
2015-07-31,81570,2015-03-31,1,,,,,,,,,,,,,,,,,,,,69649000000,21240000000,0.305,1739.93,21240000000,,,,,,,,,,,,true,false,12,2014-04-01,2015-03-31,-1
2015-07-31,81570,2015-03-31,1,,,,,,,,,,,,,,,,,,,,,,,,,,,,,10.00,,,,25677894,13470327,,false,false,12,2014-04-01,2015-03-31,-1
2015-07-31,81570,2016-03-31,1,,,,,,,,,,,,,,,,,,,,,,,,,,,,,10.00,,,,,,,false,true,12,2015-04-01,2016-03-31,0
2015-07-31,81570,2016-03-31,1,,,,,,,,,,,,,,,,,,,,,,,,,,,,,,,,,25677894,13453728,12218600,false,false,3,2015-04-01,2015-06-30,0
2015-07-31,81570,2015-03-31,1,,,,,,,,,,,,,,,,,,,,,,,,,,,,,,,,,,,12089506,false,false,3,2014-04-01,2014-06-30,-1
2015-10-30,81570,2016-03-31,2,48730000000,0.028,,,,,437000000,3.538,462000000,2.973,,39000000,,3.22,,,,,,64348000000,20990000000,0.326,1709.94,20990000000,,,,,,,,,,,,true,false,6,2015-04-01,2015-09-30,0
2015-10-30,81570,2015-03-31,2,47382000000,-0.093,,,,,96000000,-0.077,116000000,,,112000000,,9.25,,,,,,,,,,,,,,,,,,,,,,true,false,6,2014-04-01,2014-09-30,-1
2015-10-30,81570,2016-03-31,2,106000000000,0.006,,,,,1700000000,0.181,1800000000,0.102,,1000000000,,81.56,,,,,,,,,,,,,,,,,,,,,,true,true,12,2015-04-01,2016-03-31,0
2015-10-30,81570,2015-03-31,2,,,,,,,,,,,,,,,,,,,,69649000000,21240000000,0.305,1739.93,21240000000,,,,,,,,,,,,true,false,12,2014-04-01,2015-03-31,-1
2015-10-30,81570,2015-03-31,2,,,,,,,,,,,,,,,,,,,,,,,,,,,,,10.00,,,,25677894,13470327,,false,false,12,2014-04-01,2015-03-31,-1
2015-10-30,81570,2016-03-31,2,,,,,,,,,,,,,,,,,,,,,,,,,,,,,5.00,,,,,,,false,false,12,2015-04-01,2016-03-31,0
2015-10-30,81570,2016-03-31,2,,,,,,,,,,,,,,,,,,,,,,,,,,,,,10.00,,,,,,,false,true,12,2015-04-01,2016-03-31,0
2015-10-30,81570,2016-03-31,2,,,,,,,,,,,,,,,,,,,,,,,,,,,,,,,,,25677894,13402144,12245328,false,false,6,2015-04-01,2015-09-30,0
2015-10-30,81570,2015-03-31,2,,,,,,,,,,,,,,,,,,,,,,,,,,,,,,,,,,,12115556,false,false,6,2014-04-01,2014-09-30,-1
2015-10-30,81570,2016-03-31,,48730000000,0.015,,,,,437000000,1.433,462000000,2.306,39000000,,-0.014,3.22,,,,,,,,,,,,,,,,,,,,,,false,true,6,2015-04-01,2015-09-30,0
2015-10-30,81570,2015-03-31,,47382000000,,,,,,96000000,,116000000,,112000000,,,9.25,,,,,,,,,,,,,,,,,,,,,,false,false,6,2014-04-01,2014-09-30,-1
2016-01-29,81570,2016-03-31,3,70175000000,0.007,,,,,-564000000,,-440000000,,,-552000000,,-45.06,,,,,,61927000000,20598000000,0.333,1675.89,20598000000,,,,,,,,,,,,true,false,9,2015-04-01,2015-12-31,0
2016-01-29,81570,2015-03-31,3,69707000000,-0.044,,,,,-724000000,,-582000000,,,-376000000,,-31.04,,,,,,,,,,,,,,,,,,,,,,true,false,9,2014-04-01,2014-12-31,-1
2016-01-29,81570,2016-03-31,3,106000000000,0.006,,,,,1700000000,0.181,1800000000,0.102,,1000000000,,81.52,,,,,,,,,,,,,,,,,,,,,,true,true,12,2015-04-01,2016-03-31,0
2016-01-29,81570,2015-03-31,3,,,,,,,,,,,,,,,,,,,,69649000000,21240000000,0.305,1739.93,21240000000,,,,,,,,,,,,true,false,12,2014-04-01,2015-03-31,-1
2016-01-29,81570,2015-03-31,3,,,,,,,,,,,,,,,,,,,,,,,,,,,,,10.00,,,,25677894,13470327,,false,false,12,2014-04-01,2015-03-31,-1
2016-01-29,81570,2016-03-31,3,,,,,,,,,,,,,,,,,,,,,,,,,,,,,5.00,,,,,,,false,false,12,2015-04-01,2016-03-31,0
2016-01-29,81570,2016-03-31,3,,,,,,,,,,,,,,,,,,,,,,,,,,,,,10.00,,,,,,,false,true,12,2015-04-01,2016-03-31,0
2016-01-29,81570,2016-03-31,3,,,,,,,,,,,,,,,,,,,,,,,,,,,,,,,,,25677894,13386600,12259133,false,false,9,2015-04-01,2015-12-31,0
2016-01-29,81570,2015-03-31,3,,,,,,,,,,,,,,,,,,,,,,,,,,,,,,,,,,,12132799,false,false,9,2014-04-01,2014-12-31,-1
2016-05-13,81570,2016-03-31,,105619000000,0.003,,,,,1773000000,0.233,1851000000,0.133,,717000000,,58.40,,0.034,0.027,0.017,,68785000000,21088000000,0.307,1707.31,21088000000,1903000000,-586000000,-896000000,15034000000,,0.257,,,,,,true,false,12,2015-04-01,2016-03-31,0
2016-05-13,81570,2015-03-31,,105339000000,-0.048,,,,,1439000000,-0.303,1633000000,-0.209,,466000000,,38.40,,0.023,0.023,0.014,,69649000000,21240000000,0.305,1739.93,21240000000,1833000000,468000000,-787000000,14661000000,,0.260,,,,,,true,false,12,2014-04-01,2015-03-31,-1
2016-05-13,81570,2017-03-31,,50000000000,0.026,,,,,350000000,-0.201,380000000,-0.179,,200000000,,16.19,,,,,,,,,,,,,,,,,,,,,,true,true,6,2016-04-01,2016-09-30,1
2016-05-13,81570,2017-03-31,,106000000000,0.004,,,,,1800000000,0.015,1900000000,0.026,,1100000000,,89.06,,,,,,,,,,,,,,,,0.168,,,,,,true,true,12,2016-04-01,2017-03-31,1
2016-05-13,81570,2015-03-31,,,,,,,,,,,,,,,,,,,,,,,,,,,,,,10.00,,,,25677894,13470327,12150693,false,false,12,2014-04-01,2015-03-31,-1
2016-05-13,81570,2016-03-31,,,,,,,,,,,,,,,,,,,,,,,,,,,,,,15.00,,,,25677894,13326100,12279999,false,false,12,2015-04-01,2016-03-31,0
2016-05-13,81570,2017-03-31,,,,,,,,,,,,,,,,,,,,,,,,,,,,,,15.00,,,,,,,false,true,12,2016-04-01,2017-03-31,1
2016-07-28,81570,2017-03-31,1,20493000000,-0.018,,,,,-902000000,,-908000000,,,-648000000,,-52.45,,,,,,61377000000,20086000000,0.327,1624.76,20086000000,,,,,,,,,,,,true,false,3,2016-04-01,2016-06-30,0
2016-07-28,81570,2016-03-31,1,20872000000,0.024,,,,,-848000000,,-834000000,,,-588000000,,-48.13,,,,,,,,,,,,,,,,,,,,,,true,false,3,2015-04-01,2015-06-30,-1
2016-07-28,81570,2017-03-31,1,50000000000,0.026,,,,,350000000,-0.201,380000000,-0.179,,200000000,,16.18,,,,,,,,,,,,,,,,,,,,,,true,true,6,2016-04-01,2016-09-30,0
2016-07-28,81570,2017-03-31,1,106000000000,0.004,,,,,1800000000,0.015,1900000000,0.026,,1100000000,,88.98,,,,,,,,,,,,,,,,,,,,,,true,true,12,2016-04-01,2017-03-31,0
2016-07-28,81570,2016-03-31,1,,,,,,,,,,,,,,,,,,,,68785000000,21088000000,0.307,1707.31,21088000000,,,,,,,,,,,,true,false,12,2015-04-01,2016-03-31,-1
2016-07-28,81570,2016-03-31,1,,,,,,,,,,,,,,,,,,,,,,,,,,,,,15.00,,,,25677894,13326100,,false,false,12,2015-04-01,2016-03-31,-1
2016-07-28,81570,2017-03-31,1,,,,,,,,,,,,,,,,,,,,,,,,,,,,,15.00,,,,,,,false,true,12,2016-04-01,2017-03-31,0
2016-07-28,81570,2017-03-31,1,,,,,,,,,,,,,,,,,,,,,,,,,,,,,,,,,25677894,13315023,12356784,false,false,3,2016-04-01,2016-06-30,0
2016-07-28,81570,2016-03-31,1,,,,,,,,,,,,,,,,,,,,,,,,,,,,,,,,,,,12218600,false,false,3,2015-04-01,2015-06-30,-1
2016-10-28,81570,2017-03-31,2,48704000000,-0.001,,,,,442000000,0.010,437000000,-0.055,,227000000,,18.37,,,,,,64589000000,21151000000,0.327,1702.35,21151000000,,,,,,,,,,,,true,false,6,2016-04-01,2016-09-30,0
2016-10-28,81570,2016-03-31,2,48730000000,0.028,,,,,437000000,3.538,462000000,2.973,,39000000,,3.22,,,,,,,,,,,,,,,,,,,,,,true,false,6,2015-04-01,2015-09-30,-1
2016-10-28,81570,2017-03-31,2,106000000000,0.004,,,,,1800000000,0.015,1900000000,0.026,,1100000000,,82.31,,,,,,,,,,,,,,,,,,,,,,true,true,12,2016-04-01,2017-03-31,0
2016-10-28,81570,2016-03-31,2,,,,,,,,,,,,,,,,,,,,68785000000,21088000000,0.307,1707.31,21088000000,,,,,,,,,,,,true,false,12,2015-04-01,2016-03-31,-1
2016-10-28,81570,2016-03-31,2,,,,,,,,,,,,,,,,,,,,,,,,,,,,,15.00,,,,25677894,13326100,,false,false,12,2015-04-01,2016-03-31,-1
2016-10-28,81570,2017-03-31,2,,,,,,,,,,,,,,,,,,,,,,,,,,,,,7.50,,,,,,,false,false,12,2016-04-01,2017-03-31,0
2016-10-28,81570,2017-03-31,2,,,,,,,,,,,,,,,,,,,,,,,,,,,,,15.00,,,,,,,false,true,12,2016-04-01,2017-03-31,0
2016-10-28,81570,2017-03-31,2,,,,,,,,,,,,,,,,,,,,,,,,,,,,,,,,,25677894,13252868,12385237,false,false,6,2016-04-01,2016-09-30,0
2016-10-28,81570,2016-03-31,2,,,,,,,,,,,,,,,,,,,,,,,,,,,,,,,,,,,12245328,false,false,6,2015-04-01,2015-09-30,-1
2017-01-27,81570,2017-03-31,3,70717000000,0.008,,,,,-106000000,,-3000000,,,-114000000,,-9.25,,,,,,63223000000,21295000000,0.337,1711.51,21295000000,,,,,,,,,,,,true,false,9,2016-04-01,2016-12-31,0
2017-01-27,81570,2016-03-31,3,70175000000,0.007,,,,,-564000000,,-440000000,,,-552000000,,-45.06,,,,,,,,,,,,,,,,,,,,,,true,false,9,2015-04-01,2015-12-31,-1
2017-01-27,81570,2017-03-31,3,106000000000,0.004,,,,,1800000000,0.015,1900000000,0.026,,1100000000,,84.70,,,,,,,,,,,,,,,,,,,,,,true,true,12,2016-04-01,2017-03-31,0
2017-01-27,81570,2016-03-31,3,,,,,,,,,,,,,,,,,,,,68785000000,21088000000,0.307,1707.31,21088000000,,,,,,,,,,,,true,false,12,2015-04-01,2016-03-31,-1
2017-01-27,81570,2016-03-31,3,,,,,,,,,,,,,,,,,,,,,,,,,,,,,15.00,,,,25677894,13326100,,false,false,12,2015-04-01,2016-03-31,-1
2017-01-27,81570,2017-03-31,3,,,,,,,,,,,,,,,,,,,,,,,,,,,,,7.50,,,,,,,false,false,12,2016-04-01,2017-03-31,0
2017-01-27,81570,2017-03-31,3,,,,,,,,,,,,,,,,,,,,,,,,,,,,,15.00,,,,,,,false,true,12,2016-04-01,2017-03-31,0
2017-01-27,81570,2017-03-31,3,,,,,,,,,,,,,,,,,,,,,,,,,,,,,,,,,25677894,13235384,12402428,false,false,9,2016-04-01,2016-12-31,0
2017-01-27,81570,2016-03-31,3,,,,,,,,,,,,,,,,,,,,,,,,,,,,,,,,,,,12259133,false,false,9,2015-04-01,2015-12-31,-1
2017-05-12,81570,2017-03-31,,105149000000,-0.004,,,,,2142000000,0.208,2240000000,0.210,,1321000000,,101.65,,0.059,0.032,0.020,,71068000000,24059000000,0.339,1625.60,24059000000,4148000000,-554000000,-1056000000,17562000000,,0.177,,,,,,true,false,12,2016-04-01,2017-03-31,0
2017-05-12,81570,2016-03-31,,105619000000,0.003,,,,,1773000000,0.233,1851000000,0.133,,717000000,,58.40,,0.034,0.027,0.017,,68785000000,21088000000,0.307,1707.31,21088000000,1903000000,-586000000,-896000000,15034000000,,0.257,,,,,,true,false,12,2015-04-01,2016-03-31,-1
2017-05-12,81570,2018-03-31,,49000000000,0.006,,,,,450000000,0.017,500000000,0.148,,240000000,,16.22,,,,,,,,,,,,,,,,,,,,,,true,true,6,2017-04-01,2017-09-30,1
2017-05-12,81570,2018-03-31,,105500000000,0.003,,,,,2400000000,0.120,2500000000,0.116,,1400000000,,94.59,,,,,,,,,,,,,,,,0.211,,,,,,true,true,12,2017-04-01,2018-03-31,1
2017-05-12,81570,2016-03-31,,,,,,,,,,,,,,,,,,,,,,,,,,,,,,15.00,,,,25677894,13326100,12279999,false,false,12,2015-04-01,2016-03-31,-1
2017-05-12,81570,2017-03-31,,,,,,,,,,,,,,,,,,,,,,,,,,,,,,18.00,,,,25677894,10877704,12999741,false,false,12,2016-04-01,2017-03-31,0
2017-05-12,81570,2018-03-31,,,,,,,,,,,,,,,,,,,,,,,,,,,,,,20.00,,,,,,,false,true,12,2017-04-01,2018-03-31,1
2017-07-28,81570,2018-03-31,1,21048000000,0.027,,,,,-919000000,,-915000000,,,-684000000,,-46.23,,,,,,64572000000,23481000000,0.364,1585.50,23481000000,,,,,,,,,,,,true,false,3,2017-04-01,2017-06-30,0
2017-07-28,81570,2017-03-31,1,20493000000,-0.018,,,,,-902000000,,-908000000,,,-648000000,,-52.45,,,,,,,,,,,,,,,,,,,,,,true,false,3,2016-04-01,2016-06-30,-1
2017-07-28,81570,2018-03-31,1,49000000000,0.006,,,,,450000000,0.017,500000000,0.148,,240000000,,16.21,,,,,,,,,,,,,,,,,,,,,,true,true,6,2017-04-01,2017-09-30,0
2017-07-28,81570,2018-03-31,1,105500000000,0.003,,,,,2400000000,0.120,2500000000,0.116,,1400000000,,94.54,,,,,,,,,,,,,,,,,,,,,,true,true,12,2017-04-01,2018-03-31,0
2017-07-28,81570,2017-03-31,1,,,,,,,,,,,,,,,,,,,,71068000000,24059000000,0.339,1625.60,24059000000,,,,,,,,,,,,true,false,12,2016-04-01,2017-03-31,-1
2017-07-28,81570,2017-03-31,1,,,,,,,,,,,,,,,,,,,,,,,,,,,,,18.00,,,,25677894,10877704,,false,false,12,2016-04-01,2017-03-31,-1
2017-07-28,81570,2018-03-31,1,,,,,,,,,,,,,,,,,,,,,,,,,,,,,20.00,,,,,,,false,true,12,2017-04-01,2018-03-31,0
2017-07-28,81570,2018-03-31,1,,,,,,,,,,,,,,,,,,,,,,,,,,,,,,,,,25677894,10867752,14806821,false,false,3,2017-04-01,2017-06-30,0
2017-07-28,81570,2017-03-31,1,,,,,,,,,,,,,,,,,,,,,,,,,,,,,,,,,,,12356784,false,false,3,2016-04-01,2016-06-30,-1
2017-10-20,81570,2018-03-31,,48900000000,-0.002,,,,,130000000,-0.711,125000000,-0.750,-15000000,,,-1.01,,,,,,,,,,,,,,,,,,,,,,true,true,6,2017-04-01,2017-09-30,0
2017-10-20,81570,2017-03-31,,48704000000,,,,,,442000000,,437000000,,227000000,,,18.37,,,,,,,,,,,,,,,,,,,,,,true,false,6,2016-04-01,2016-09-30,-1
2017-10-27,81570,2018-03-31,2,48930000000,0.005,,,,,131000000,-0.703,127000000,-0.708,,-16000000,,-1.13,,,,,,67418000000,24246000000,0.360,1631.96,24246000000,,,,,,,,,,,,true,false,6,2017-04-01,2017-09-30,0
2017-10-27,81570,2017-03-31,2,48704000000,-0.001,,,,,442000000,0.010,437000000,-0.055,,227000000,,18.37,,,,,,,,,,,,,,,,,,,,,,true,false,6,2016-04-01,2016-09-30,-1
2017-10-27,81570,2018-03-31,2,105500000000,0.003,,,,,2400000000,0.120,2500000000,0.116,,1400000000,,88.84,,,,,,,,,,,,,,,,,,,,,,true,true,12,2017-04-01,2018-03-31,0
2017-10-27,81570,2017-03-31,2,,,,,,,,,,,,,,,,,,,,71068000000,24059000000,0.339,1625.60,24059000000,,,,,,,,,,,,true,false,12,2016-04-01,2017-03-31,-1
2017-10-27,81570,2017-03-31,2,,,,,,,,,,,,,,,,,,,,,,,,,,,,,18.00,,,,25677894,10877704,,false,false,12,2016-04-01,2017-03-31,-1
2017-10-27,81570,2018-03-31,2,,,,,,,,,,,,,,,,,,,,,,,,,,,,,10.00,,,,,,,false,false,12,2017-04-01,2018-03-31,0
2017-10-27,81570,2018-03-31,2,,,,,,,,,,,,,,,,,,,,,,,,,,,,,20.00,,,,,,,false,true,12,2017-04-01,2018-03-31,0
2017-10-27,81570,2018-03-31,2,,,,,,,,,,,,,,,,,,,,,,,,,,,,,,,,,25677894,10820781,14827555,false,false,6,2017-04-01,2017-09-30,0
2017-10-27,81570,2017-03-31,2,,,,,,,,,,,,,,,,,,,,,,,,,,,,,,,,,,,12385237,false,false,6,2016-04-01,2016-09-30,-1
2018-01-31,81570,2018-03-31,3,73152000000,0.034,,,,,3000000,,102000000,,,-38000000,,-2.53,,,,,,66524000000,26394000000,0.397,1546.41,26394000000,,,,,,,,,,,,true,false,9,2017-04-01,2017-12-31,0
2018-01-31,81570,2017-03-31,3,70717000000,0.008,,,,,-106000000,,-3000000,,,-114000000,,-9.25,,,,,,,,,,,,,,,,,,,,,,true,false,9,2016-04-01,2016-12-31,-1
2018-01-31,81570,2018-03-31,3,105500000000,0.003,,,,,2400000000,0.120,2500000000,0.116,,1400000000,,88.81,,,,,,,,,,,,,,,,,,,,,,true,true,12,2017-04-01,2018-03-31,0
2018-01-31,81570,2017-03-31,3,,,,,,,,,,,,,,,,,,,,71068000000,24059000000,0.339,1625.60,24059000000,,,,,,,,,,,,true,false,12,2016-04-01,2017-03-31,-1
2018-01-31,81570,2017-03-31,3,,,,,,,,,,,,,,,,,,,,,,,,,,,,,18.00,,,,25677894,10877704,,false,false,12,2016-04-01,2017-03-31,-1
2018-01-31,81570,2018-03-31,3,,,,,,,,,,,,,,,,,,,,,,,,,,,,,10.00,,,,,,,false,false,12,2017-04-01,2018-03-31,0
2018-01-31,81570,2018-03-31,3,,,,,,,,,,,,,,,,,,,,,,,,,,,,,20.00,,,,,,,false,true,12,2017-04-01,2018-03-31,0
2018-01-31,81570,2018-03-31,3,,,,,,,,,,,,,,,,,,,,,,,,,,,,,,,,,24677894,7609314,15328827,false,false,9,2017-04-01,2017-12-31,0
2018-01-31,81570,2017-03-31,3,,,,,,,,,,,,,,,,,,,,,,,,,,,,,,,,,,,12402428,false,false,9,2016-04-01,2016-12-31,-1
2018-05-11,81570,2018-03-31,,111973000000,0.065,,,,,2538000000,0.185,2612000000,0.166,,1515000000,,96.10,,0.059,0.035,0.023,,76169000000,27580000000,0.362,1612.54,27580000000,1768000000,-2470000000,-880000000,15968000000,,0.302,,,,,,true,false,12,2017-04-01,2018-03-31,0
2018-05-11,81570,2017-03-31,,105149000000,-0.004,,,,,2142000000,0.208,2240000000,0.210,,1321000000,,101.65,,0.059,0.032,0.020,,71068000000,24059000000,0.339,1625.60,24059000000,4148000000,-554000000,-1056000000,17562000000,,0.177,,,,,,true,false,12,2016-04-01,2017-03-31,-1
2018-05-11,81570,2019-03-31,,50000000000,0.022,,,,,200000000,0.520,150000000,0.173,,40000000,,2.34,,,,,,,,,,,,,,,,,,,,,,true,true,6,2018-04-01,2018-09-30,1
2018-05-11,81570,2019-03-31,,112000000000,0.000,,,,,2700000000,0.064,2700000000,0.033,,1600000000,,93.55,,,,,,,,,,,,,,,,0.310,,,,,,true,true,12,2018-04-01,2019-03-31,1
2018-05-11,81570,2017-03-31,,,,,,,,,,,,,,,,,,,,,,,,,,,,,,18.00,,,,25677894,10877704,12999741,false,false,12,2016-04-01,2017-03-31,-1
2018-05-11,81570,2018-03-31,,,,,,,,,,,,,,,,,,,,,,,,,,,,,,29.00,,,,24677894,7573897,15771903,false,false,12,2017-04-01,2018-03-31,0
2018-05-11,81570,2019-03-31,,,,,,,,,,,,,,,,,,,,,,,,,,,,,,29.00,,,,,,,false,true,12,2018-04-01,2019-03-31,1
2018-07-27,81570,2019-03-31,1,22468000000,0.067,,,,,-685000000,,-599000000,,,-654000000,,-38.27,,,,,,67148000000,26494000000,0.395,1547.77,26494000000,,,,,,,,,,,,true,false,3,2018-04-01,2018-06-30,0
2018-07-27,81570,2018-03-31,1,21048000000,0.027,,,,,-919000000,,-915000000,,,-684000000,,-46.23,,,,,,,,,,,,,,,,,,,,,,true,false,3,2017-04-01,2017-06-30,-1
2018-07-27,81570,2019-03-31,1,50000000000,0.022,,,,,200000000,0.520,150000000,0.173,,40000000,,2.34,,,,,,,,,,,,,,,,,,,,,,true,true,6,2018-04-01,2018-09-30,0
2018-07-27,81570,2019-03-31,1,112000000000,0.000,,,,,2700000000,0.064,2700000000,0.033,,1600000000,,93.47,,,,,,,,,,,,,,,,,,,,,,true,true,12,2018-04-01,2019-03-31,0
2018-07-27,81570,2018-03-31,1,,,,,,,,,,,,,,,,,,,,76169000000,27580000000,0.362,1612.54,27580000000,,,,,,,,,,,,true,false,12,2017-04-01,2018-03-31,-1
2018-07-27,81570,2018-03-31,1,,,,,,,,,,,,,,,,,,,,,,,,,,,,,29.00,,,,24677894,7573897,,false,false,12,2017-04-01,2018-03-31,-1
2018-07-27,81570,2019-03-31,1,,,,,,,,,,,,,,,,,,,,,,,,,,,,,29.00,,,,,,,false,true,12,2018-04-01,2019-03-31,0
2018-07-27,81570,2019-03-31,1,,,,,,,,,,,,,,,,,,,,,,,,,,,,,,,,,24677894,7560162,17114699,false,false,3,2018-04-01,2018-06-30,0
2018-07-27,81570,2018-03-31,1,,,,,,,,,,,,,,,,,,,,,,,,,,,,,,,,,,,14806821,false,false,3,2017-04-01,2017-06-30,-1
2018-10-31,81570,2019-03-31,2,50950000000,0.041,,,,,359000000,1.735,456000000,2.567,,317000000,,18.52,,,,,,72852000000,27537000000,0.378,1604.59,27537000000,,,,,,,,,,,,true,false,6,2018-04-01,2018-09-30,0
2018-10-31,81570,2018-03-31,2,48930000000,0.005,,,,,131000000,-0.703,127000000,-0.708,,-16000000,,-1.13,,,,,,,,,,,,,,,,,,,,,,true,false,6,2017-04-01,2017-09-30,-1
2018-10-31,81570,2019-03-31,2,112000000000,0.000,,,,,2700000000,0.064,2700000000,0.033,,1600000000,,93.31,,,,,,,,,,,,,,,,,,,,,,true,true,12,2018-04-01,2019-03-31,0
2018-10-31,81570,2018-03-31,2,,,,,,,,,,,,,,,,,,,,76169000000,27580000000,0.362,1612.54,27580000000,,,,,,,,,,,,true,false,12,2017-04-01,2018-03-31,-1
2018-10-31,81570,2018-03-31,2,,,,,,,,,,,,,,,,,,,,,,,,,,,,,29.00,,,,24677894,7573897,,false,false,12,2017-04-01,2018-03-31,-1
2018-10-31,81570,2019-03-31,2,,,,,,,,,,,,,,,,,,,,,,,,,,,,,10.00,,,,,,,false,false,12,2018-04-01,2019-03-31,0
2018-10-31,81570,2019-03-31,2,,,,,,,,,,,,,,,,,,,,,,,,,,,,,29.00,,,,,,,false,true,12,2018-04-01,2019-03-31,0
2018-10-31,81570,2019-03-31,2,,,,,,,,,,,,,,,,,,,,,,,,,,,,,,,,,24677894,7516345,17133955,false,false,6,2018-04-01,2018-09-30,0
2018-10-31,81570,2018-03-31,2,,,,,,,,,,,,,,,,,,,,,,,,,,,,,,,,,,,14827555,false,false,6,2017-04-01,2017-09-30,-1
2018-10-31,81570,2019-03-31,,50950000000,0.019,,,,,359000000,0.799,456000000,2.041,317000000,,6.934,18.52,,,,,,,,,,,,,,,,,,,,,,true,true,6,2018-04-01,2018-09-30,0
2018-10-31,81570,2018-03-31,,48930000000,,,,,,131000000,,127000000,,-16000000,,,-1.13,,,,,,,,,,,,,,,,,,,,,,true,false,6,2017-04-01,2017-09-30,-1
2019-01-31,81570,2019-03-31,3,75214000000,0.028,,,,,306000000,,500000000,3.881,,300000000,,17.54,,,,,,69921000000,26754000000,0.383,1557.65,26754000000,,,,,,,,,,,,true,false,9,2018-04-01,2018-12-31,0
2019-01-31,81570,2018-03-31,3,73152000000,0.034,,,,,3000000,,102000000,,,-38000000,,-2.53,,,,,,,,,,,,,,,,,,,,,,true,false,9,2017-04-01,2017-12-31,-1
2019-01-31,81570,2019-03-31,3,112000000000,0.000,,,,,2700000000,0.064,2700000000,0.033,,1600000000,,93.27,,,,,,,,,,,,,,,,,,,,,,true,true,12,2018-04-01,2019-03-31,0
2019-01-31,81570,2018-03-31,3,,,,,,,,,,,,,,,,,,,,76169000000,27580000000,0.362,1612.54,27580000000,,,,,,,,,,,,true,false,12,2017-04-01,2018-03-31,-1
2019-01-31,81570,2018-03-31,3,,,,,,,,,,,,,,,,,,,,,,,,,,,,,29.00,,,,24677894,7573897,,false,false,12,2017-04-01,2018-03-31,-1
2019-01-31,81570,2019-03-31,3,,,,,,,,,,,,,,,,,,,,,,,,,,,,,10.00,,,,,,,false,false,12,2018-04-01,2019-03-31,0
2019-01-31,81570,2019-03-31,3,,,,,,,,,,,,,,,,,,,,,,,,,,,,,29.00,,,,,,,false,true,12,2018-04-01,2019-03-31,0
2019-01-31,81570,2019-03-31,3,,,,,,,,,,,,,,,,,,,,,,,,,,,,,,,,,24677894,7501442,17146859,false,false,9,2018-04-01,2018-12-31,0
2019-01-31,81570,2018-03-31,3,,,,,,,,,,,,,,,,,,,,,,,,,,,,,,,,,,,15328827,false,false,9,2017-04-01,2017-12-31,-1
2019-04-26,81570,2019-03-31,,118800000000,0.061,,,,,3310000000,0.226,3490000000,0.293,2210000000,,0.381,128.74,,,,,,,,,,,,,,,,,,,,,,true,true,12,2018-04-01,2019-03-31,0
2019-04-26,81570,2018-03-31,,111973000000,,,,,,2538000000,,2612000000,,1515000000,,,96.10,,,,,,,,,,,,,,,,,,,,,,true,false,12,2017-04-01,2018-03-31,-1
2019-04-26,81570,2019-03-31,,105580000000,,,,,,,,3010000000,,2010000000,,,117.09,,,,,,,,,,,,,,,,,,,,,,false,true,12,2018-04-01,2019-03-31,0
2019-04-26,81570,2018-03-31,,95403000000,,,,,,,,1952000000,,1105000000,,,70.11,,,,,,,,,,,,,,,,,,,,,,false,false,12,2017-04-01,2018-03-31,-1
,81570,2019-03-31,,,,,,,,,,,,,,,,,,,,,,,,,,,,,,39.00,,,,,,,false,true,12,2018-04-01,2019-03-31,0
,81570,2019-03-31,,,,,,,,,,,,,,,,,,,,,,,,,,,,,,10.00,,,,,,,false,false,12,2018-04-01,2019-03-31,0
,81570,2018-03-31,,,,,,,,,,,,,,,,,,,,,,,,,,,,,,29.00,,,,,,,false,false,12,2017-04-01,2018-03-31,-1
2019-05-10,81570,2019-03-31,,118872000000,0.062,,,,,3318000000,0.307,3494000000,0.337,,2212000000,,128.89,,0.079,0.045,0.028,,78944000000,28716000000,0.364,1666.86,28716000000,852000000,140000000,-1551000000,15409000000,,0.303,,,,,,true,false,12,2018-04-01,2019-03-31,0
2019-05-10,81570,2018-03-31,,111973000000,0.065,,,,,2538000000,0.185,2612000000,0.166,,1515000000,,96.10,,0.059,0.035,0.023,,76169000000,27580000000,0.362,1612.54,27580000000,1768000000,-2470000000,-880000000,15968000000,,0.302,,,,,,true,false,12,2017-04-01,2018-03-31,-1
2019-05-10,81570,2020-03-31,,119000000000,0.001,,,,,3500000000,0.055,3600000000,0.030,,2360000000,,136.99,,,,,,,,,,,,,,,,0.285,,,,,,true,true,12,2019-04-01,2020-03-31,1
2019-05-10,81570,2018-03-31,,,,,,,,,,,,,,,,,,,,,,,,,,,,,,29.00,,,,24677894,7573897,15771903,false,false,12,2017-04-01,2018-03-31,-1
2019-05-10,81570,2019-03-31,,,,,,,,,,,,,,,,,,,,,,,,,,,,,,39.00,,,,24677894,7450094,17166065,false,false,12,2018-04-01,2019-03-31,0
2019-05-10,81570,2020-03-31,,,,,,,,,,,,,,,,,,,,,,,,,,,,,,39.00,,,,,,,false,true,12,2019-04-01,2020-03-31,1
2019-07-26,81570,2020-03-31,1,22057000000,-0.018,,,,,-822000000,,-794000000,,,-575000000,,-33.40,,,,,,70692000000,27462000000,0.388,1592.49,27462000000,,,,,,,,,,,,true,false,3,2019-04-01,2019-06-30,0
2019-07-26,81570,2019-03-31,1,22468000000,0.067,,,,,-685000000,,-599000000,,,-654000000,,-38.27,,,,,,,,,,,,,,,,,,,,,,true,false,3,2018-04-01,2018-06-30,-1
2019-07-26,81570,2020-03-31,1,119000000000,0.001,,,,,3500000000,0.055,3600000000,0.030,,2360000000,,136.86,,,,,,,,,,,,,,,,,,,,,,true,true,12,2019-04-01,2020-03-31,0
2019-07-26,81570,2019-03-31,1,,,,,,,,,,,,,,,,,,,,78944000000,28716000000,0.364,1666.86,28716000000,,,,,,,,,,,,true,false,12,2018-04-01,2019-03-31,-1
2019-07-26,81570,2019-03-31,1,,,,,,,,,,,,,,,,,,,,,,,,,,,,,39.00,,,,24677894,7450094,,false,false,12,2018-04-01,2019-03-31,-1
2019-07-26,81570,2020-03-31,1,,,,,,,,,,,,,,,,,,,,,,,,,,,,,39.00,,,,,,,false,true,12,2019-04-01,2020-03-31,0
2019-07-26,81570,2020-03-31,1,,,,,,,,,,,,,,,,,,,,,,,,,,,,,,,,,24677894,7432932,17241004,false,false,3,2019-04-01,2019-06-30,0
2019-07-26,81570,2019-03-31,1,,,,,,,,,,,,,,,,,,,,,,,,,,,,,,,,,,,17114699,false,false,3,2018-04-01,2018-06-30,-1
2019-10-31,81570,2020-03-31,2,56507000000,0.109,,,,,1054000000,1.930,1057000000,1.318,,658000000,,38.10,,,,,,75285000000,28783000000,0.382,1662.37,28783000000,,,,,,,,,,,,true,false,6,2019-04-01,2019-09-30,0
2019-10-31,81570,2019-03-31,2,50950000000,0.041,,,,,359000000,1.735,456000000,2.567,,317000000,,18.52,,,,,,,,,,,,,,,,,,,,,,true,false,6,2018-04-01,2018-09-30,-1
2019-10-31,81570,2020-03-31,2,119000000000,0.001,,,,,3500000000,0.055,3600000000,0.030,,2360000000,,136.46,,,,,,,,,,,,,,,,,,,,,,true,true,12,2019-04-01,2020-03-31,0
2019-10-31,81570,2019-03-31,2,,,,,,,,,,,,,,,,,,,,78944000000,28716000000,0.364,1666.86,28716000000,,,,,,,,,,,,true,false,12,2018-04-01,2019-03-31,-1
2019-10-31,81570,2019-03-31,2,,,,,,,,,,,,,,,,,,,,,,,,,,,,,39.00,,,,24677894,7450094,,false,false,12,2018-04-01,2019-03-31,-1
2019-10-31,81570,2020-03-31,2,,,,,,,,,,,,,,,,,,,,,,,,,,,,,10.00,,,,,,,false,false,12,2019-04-01,2020-03-31,0
2019-10-31,81570,2020-03-31,2,,,,,,,,,,,,,,,,,,,,,,,,,,,,,39.00,,,,,,,false,true,12,2019-04-01,2020-03-31,0
2019-10-31,81570,2020-03-31,2,,,,,,,,,,,,,,,,,,,,,,,,,,,,,,,,,24677894,7363313,17274076,false,false,6,2019-04-01,2019-09-30,0
2019-10-31,81570,2019-03-31,2,,,,,,,,,,,,,,,,,,,,,,,,,,,,,,,,,,,17133955,false,false,6,2018-04-01,2018-09-30,-1
2020-01-31,81570,2020-03-31,3,85247000000,0.133,,,,,1594000000,4.201,1717000000,2.433,,1121000000,,64.85,,,,,,71382000000,29305000000,0.411,1690.87,29305000000,,,,,,,,,,,,true,false,9,2019-04-01,2019-12-31,0
2020-01-31,81570,2019-03-31,3,75214000000,0.028,,,,,306000000,,500000000,3.881,,300000000,,17.54,,,,,,,,,,,,,,,,,,,,,,true,false,9,2018-04-01,2018-12-31,-1
2020-01-31,81570,2020-03-31,3,123000000000,0.035,,,,,4100000000,0.236,4150000000,0.188,,2600000000,,150.27,,,,,,,,,,,,,,,,,,,,,,true,true,12,2019-04-01,2020-03-31,0
2020-01-31,81570,2019-03-31,3,,,,,,,,,,,,,,,,,,,,78944000000,28716000000,0.364,1666.86,28716000000,,,,,,,,,,,,true,false,12,2018-04-01,2019-03-31,-1
2020-01-31,81570,2019-03-31,3,,,,,,,,,,,,,,,,,,,,,,,,,,,,,39.00,,,,24677894,7450094,,false,false,12,2018-04-01,2019-03-31,-1
2020-01-31,81570,2020-03-31,3,,,,,,,,,,,,,,,,,,,,,,,,,,,,,10.00,,,,,,,false,false,12,2019-04-01,2020-03-31,0
2020-01-31,81570,2020-03-31,3,,,,,,,,,,,,,,,,,,,,,,,,,,,,,39.00,,,,,,,false,true,12,2019-04-01,2020-03-31,0
2020-01-31,81570,2020-03-31,3,,,,,,,,,,,,,,,,,,,,,,,,,,,,,,,,,22177894,4846289,17292081,false,false,9,2019-04-01,2019-12-31,0
2020-01-31,81570,2019-03-31,3,,,,,,,,,,,,,,,,,,,,,,,,,,,,,,,,,,,17146859,false,false,9,2018-04-01,2018-12-31,-1
2020-04-24,81570,2020-03-31,,125200000000,0.018,,,,,4400000000,0.073,4500000000,0.084,3100000000,,0.192,178.90,,,,,,,,,,,,,,,,,,,,,,true,true,12,2019-04-01,2020-03-31,0
2020-04-24,81570,2019-03-31,,118872000000,,,,,,3318000000,,3494000000,,2212000000,,,128.89,,,,,,,,,,,,,,,,,,,,,,true,false,12,2018-04-01,2019-03-31,-1
,81570,2020-03-31,,,,,,,,,,,,,,,,,,,,,,,,,,,,,,55.00,,,,,,,false,true,12,2019-04-01,2020-03-31,0
,81570,2020-03-31,,,,,,,,,,,,,,,,,,,,,,,,,,,,,,10.00,,,,,,,false,false,12,2019-04-01,2020-03-31,0
,81570,2019-03-31,,,,,,,,,,,,,,,,,,,,,,,,,,,,,,39.00,,,,,,,false,false,12,2018-04-01,2019-03-31,-1
2020-05-15,81570,2020-03-31,,125366000000,0.055,,,,,4457000000,0.343,4577000000,0.310,,3155000000,,182.10,,0.108,0.059,0.036,,77448000000,29752000000,0.384,1706.19,29752000000,8025000000,-8000000,-4950000000,18456000000,,0.302,,,,,,true,false,12,2019-04-01,2020-03-31,0
2020-05-15,81570,2019-03-31,,118872000000,0.062,,,,,3318000000,0.307,3494000000,0.337,,2212000000,,128.89,,0.079,0.045,0.028,,78944000000,28716000000,0.364,1666.86,28716000000,852000000,140000000,-1551000000,15409000000,,0.303,,,,,,true,false,12,2018-04-01,2019-03-31,-1
2020-05-15,81570,2021-03-31,,112000000000,-0.107,,,,,2700000000,-0.394,2750000000,-0.399,,1800000000,,103.22,,,,,,,,,,,,,,,,0.300,,,,,,true,true,12,2020-04-01,2021-03-31,1
2020-05-15,81570,2019-03-31,,,,,,,,,,,,,,,,,,,,,,,,,,,,,,39.00,,,,24677894,7450094,17166065,false,false,12,2018-04-01,2019-03-31,-1
2020-05-15,81570,2020-03-31,,,,,,,,,,,,,,,,,,,,,,,,,,,,,,55.00,,,,22177894,4739641,17328507,false,false,12,2019-04-01,2020-03-31,0
2020-05-15,81570,2021-03-31,,,,,,,,,,,,,,,,,,,,,,,,,,,,,,31.00,,,,,,,false,true,12,2020-04-01,2021-03-31,1
2020-07-31,81570,2021-03-31,1,23642000000,0.072,,,,,-869000000,,-841000000,,,-672000000,,-38.53,,,,,,72131000000,28515000000,0.395,1634.98,28515000000,,,,,,,,,,,,true,false,3,2020-04-01,2020-06-30,0
2020-07-31,81570,2020-03-31,1,22057000000,-0.018,,,,,-822000000,,-794000000,,,-575000000,,-33.40,,,,,,,,,,,,,,,,,,,,,,true,false,3,2019-04-01,2019-06-30,-1
2020-07-31,81570,2021-03-31,1,112000000000,-0.107,,,,,2700000000,-0.394,2750000000,-0.399,,1800000000,,103.21,,,,,,,,,,,,,,,,,,,,,,true,true,12,2020-04-01,2021-03-31,0
2020-07-31,81570,2020-03-31,1,,,,,,,,,,,,,,,,,,,,77448000000,29752000000,0.384,1706.19,29752000000,,,,,,,,,,,,true,false,12,2019-04-01,2020-03-31,-1
2020-07-31,81570,2020-03-31,1,,,,,,,,,,,,,,,,,,,,,,,,,,,,,55.00,,,,22177894,4739641,,false,false,12,2019-04-01,2020-03-31,-1
2020-07-31,81570,2021-03-31,1,,,,,,,,,,,,,,,,,,,,,,,,,,,,,31.00,,,,,,,false,true,12,2020-04-01,2021-03-31,0
2020-07-31,81570,2021-03-31,1,,,,,,,,,,,,,,,,,,,,,,,,,,,,,,,,,22177894,4736791,17439953,false,false,3,2020-04-01,2020-06-30,0
2020-07-31,81570,2020-03-31,1,,,,,,,,,,,,,,,,,,,,,,,,,,,,,,,,,,,17241004,false,false,3,2019-04-01,2019-06-30,-1
2020-10-30,81570,2021-03-31,2,53006000000,-0.062,,,,,221000000,-0.790,230000000,-0.782,,149000000,,8.57,,,,,,71518000000,29719000000,0.413,1687.56,29568000000,,,,,,,,,,,,true,false,6,2020-04-01,2020-09-30,0
2020-10-30,81570,2020-03-31,2,56507000000,0.109,,,,,1054000000,1.930,1057000000,1.318,,658000000,,38.10,,,,,,,,,,,,,,,,,,,,,,true,false,6,2019-04-01,2019-09-30,-1
2020-10-30,81570,2021-03-31,2,112000000000,-0.107,,,,,2700000000,-0.394,2750000000,-0.399,,1800000000,,102.92,,,,,,,,,,,,,,,,,,,,,,true,true,12,2020-04-01,2021-03-31,0
2020-10-30,81570,2020-03-31,2,,,,,,,,,,,,,,,,,,,,77448000000,29752000000,0.384,1706.19,29752000000,,,,,,,,,,,,true,false,12,2019-04-01,2020-03-31,-1
2020-10-30,81570,2020-03-31,2,,,,,,,,,,,,,,,,,,,,,,,,,,,,,55.00,,,,22177894,4739641,,false,false,12,2019-04-01,2020-03-31,-1
2020-10-30,81570,2021-03-31,2,,,,,,,,,,,,,,,,,,,,,,,,,,,,,15.00,,,,,,,false,false,12,2020-04-01,2021-03-31,0
2020-10-30,81570,2021-03-31,2,,,,,,,,,,,,,,,,,,,,,,,,,,,,,36.00,,,,,,,false,true,12,2020-04-01,2021-03-31,0
2020-10-30,81570,2021-03-31,2,,,,,,,,,,,,,,,,,,,,,,,,,,,,,,,5.00,,22177894,4656491,17458214,false,false,6,2020-04-01,2020-09-30,0
2020-10-30,81570,2020-03-31,2,,,,,,,,,,,,,,,,,,,,,,,,,,,,,,,,,,,17274076,false,false,6,2019-04-01,2019-09-30,-1
2021-01-29,81570,2021-03-31,3,79858000000,-0.063,,,,,273000000,-0.828,419000000,-0.756,,201000000,,11.53,,,,,,71825000000,29743000000,0.411,1683.21,29542000000,,,,,,,,,,,,true,false,9,2020-04-01,2020-12-31,0
2021-01-29,81570,2020-03-31,3,85247000000,0.133,,,,,1594000000,4.201,1717000000,2.433,,1121000000,,64.85,,,,,,,,,,,,,,,,,,,,,,true,false,9,2019-04-01,2019-12-31,-1
2021-01-29,81570,2021-03-31,3,112000000000,-0.107,,,,,2700000000,-0.394,2750000000,-0.399,,1800000000,,102.86,,,,,,,,,,,,,,,,,,,,,,true,true,12,2020-04-01,2021-03-31,0
2021-01-29,81570,2020-03-31,3,,,,,,,,,,,,,,,,,,,,77448000000,29752000000,0.384,1706.19,29752000000,,,,,,,,,,,,true,false,12,2019-04-01,2020-03-31,-1
2021-01-29,81570,2020-03-31,3,,,,,,,,,,,,,,,,,,,,,,,,,,,,,55.00,,,,22177894,4739641,,false,false,12,2019-04-01,2020-03-31,-1
2021-01-29,81570,2021-03-31,3,,,,,,,,,,,,,,,,,,,,,,,,,,,,,15.00,,,,,,,false,false,12,2020-04-01,2021-03-31,0
2021-01-29,81570,2021-03-31,3,,,,,,,,,,,,,,,,,,,,,,,,,,,,,36.00,,,,,,,false,true,12,2020-04-01,2021-03-31,0
2021-01-29,81570,2021-03-31,3,,,,,,,,,,,,,,,,,,,,,,,,,,,,,,,,,22177894,4626606,17482814,false,false,9,2020-04-01,2020-12-31,0
2021-01-29,81570,2020-03-31,3,,,,,,,,,,,,,,,,,,,,,,,,,,,,,,,,,,,17292081,false,false,9,2019-04-01,2019-12-31,-1
2021-03-26,81570,2021-03-31,,119000000000,0.063,,,,,3000000000,0.111,3100000000,0.127,,2200000000,,125.71,,,,,,,,,,,,,,,,,,,,,,true,true,12,2020-04-01,2021-03-31,0
2021-03-26,81570,2020-03-31,,125366000000,,,,,,4457000000,,4577000000,,,3155000000,,182.10,,,,,,,,,,,,,,,,,,,,,,true,false,12,2019-04-01,2020-03-31,-1
2021-05-14,81570,2021-03-31,,120004000000,-0.043,,,,,3202000000,-0.282,3361000000,-0.266,,2346000000,,134.06,,0.077,0.044,0.027,,76200000000,31171000000,0.406,1760.87,30934000000,749000000,-1271000000,-2029000000,15927000000,,0.343,,,,,,true,false,12,2020-04-01,2021-03-31,0
2021-05-14,81570,2020-03-31,,125366000000,0.055,,,,,4457000000,0.343,4577000000,0.310,,3155000000,,182.10,,0.108,0.059,0.036,,77448000000,29752000000,0.384,1706.19,29752000000,8025000000,-8000000,-4950000000,18456000000,,0.302,,,,,,true,false,12,2019-04-01,2020-03-31,-1
2021-05-14,81570,2022-03-31,,122000000000,0.017,,,,,4000000000,0.249,4050000000,0.205,,2700000000,,153.69,,,,,,,,,,,,,,,,0.306,,,,,,true,true,12,2021-04-01,2022-03-31,1
2021-05-14,81570,2020-03-31,,,,,,,,,,,,,,,,,,,,,,,,,,,,,,55.00,,,,22177894,4739641,17328507,false,false,12,2019-04-01,2020-03-31,-1
2021-05-14,81570,2021-03-31,,,,,,,,,,,,,,,,,,,,,,,,,,,,,,46.00,,,,20177894,2610056,17502032,false,false,12,2020-04-01,2021-03-31,0
2021-05-14,81570,2022-03-31,,,,,,,,,,,,,,,,,,,,,,,,,,,,,,47.00,,,,,,,false,true,12,2021-04-01,2022-03-31,1
2021-07-30,81570,2022-03-31,1,24821000000,0.050,,,,,-262000000,,-230000000,,,-244000000,,-13.89,,,,,,72774000000,30582000000,0.417,1725.07,30365000000,,,,,,,,,,,,true,false,3,2021-04-01,2021-06-30,0
2021-07-30,81570,2021-03-31,1,23642000000,0.072,,,,,-869000000,,-841000000,,,-672000000,,-38.53,,,,,,,,,,,,,,,,,,,,,,true,false,3,2020-04-01,2020-06-30,-1
2021-07-30,81570,2022-03-31,1,122000000000,0.017,,,,,4000000000,0.249,4050000000,0.205,,2700000000,,153.43,,,,,,,,,,,,,,,,,,,,,,true,true,12,2021-04-01,2022-03-31,0
2021-07-30,81570,2021-03-31,1,,,,,,,,,,,,,,,,,,,,76200000000,31171000000,0.406,1760.87,30934000000,,,,,,,,,,,,true,false,12,2020-04-01,2021-03-31,-1
2021-07-30,81570,2021-03-31,1,,,,,,,,,,,,,,,,,,,,,,,,,,,,,46.00,,,,20177894,2610056,,false,false,12,2020-04-01,2021-03-31,-1
2021-07-30,81570,2022-03-31,1,,,,,,,,,,,,,,,,,,,,,,,,,,,,,47.00,,,,,,,false,true,12,2021-04-01,2022-03-31,0
2021-07-30,81570,2022-03-31,1,,,,,,,,,,,,,,,,,,,,,,,,,,,,,,,,,20177894,2575444,17582961,false,false,3,2021-04-01,2021-06-30,0
2021-07-30,81570,2021-03-31,1,,,,,,,,,,,,,,,,,,,,,,,,,,,,,,,,,,,17439953,false,false,3,2020-04-01,2020-06-30,-1
2021-10-29,81570,2022-03-31,2,53100000000,0.002,,,,,798000000,2.609,855000000,2.709,,492000000,,27.95,,,,,,73837000000,31540000000,0.424,1771.45,31284000000,,,,,,,,,,,,true,false,6,2021-04-01,2021-09-30,0
2021-10-29,81570,2021-03-31,2,53006000000,-0.062,,,,,221000000,-0.790,230000000,-0.782,,149000000,,8.57,,,,,,,,,,,,,,,,,,,,,,true,false,6,2020-04-01,2020-09-30,-1
2021-10-29,81570,2022-03-31,2,122000000000,0.017,,,,,4000000000,0.249,4050000000,0.205,,2700000000,,153.08,,,,,,,,,,,,,,,,,,,,,,true,true,12,2021-04-01,2022-03-31,0
2021-10-29,81570,2021-03-31,2,,,,,,,,,,,,,,,,,,,,76200000000,31171000000,0.406,1760.87,30934000000,,,,,,,,,,,,true,false,12,2020-04-01,2021-03-31,-1
2021-10-29,81570,2021-03-31,2,,,,,,,,,,,,,,,,,,,,,,,,,,,,,46.00,,,,20177894,2610056,,false,false,12,2020-04-01,2021-03-31,-1
2021-10-29,81570,2022-03-31,2,,,,,,,,,,,,,,,,,,,,,,,,,,,,,23.00,,,,,,,false,false,12,2021-04-01,2022-03-31,0
2021-10-29,81570,2022-03-31,2,,,,,,,,,,,,,,,,,,,,,,,,,,,,,47.00,,,,,,,false,true,12,2021-04-01,2022-03-31,0
2021-10-29,81570,2022-03-31,2,,,,,,,,,,,,,,,,,,,,,,,,,,,,,,,,,20177894,2517555,17616474,false,false,6,2021-04-01,2021-09-30,0
2021-10-29,81570,2021-03-31,2,,,,,,,,,,,,,,,,,,,,,,,,,,,,,,,,,,,17458214,false,false,6,2020-04-01,2020-09-30,-1
2022-01-28,81570,2022-03-31,3,80941000000,0.014,,,,,1339000000,3.896,1545000000,2.684,,941000000,,53.38,,,,,,73409000000,31587000000,0.426,1767.53,31288000000,,,,,,,,,,,,true,false,9,2021-04-01,2021-12-31,0
2022-01-28,81570,2021-03-31,3,79858000000,-0.063,,,,,273000000,-0.828,419000000,-0.756,,201000000,,11.53,,,,,,,,,,,,,,,,,,,,,,true,false,9,2020-04-01,2020-12-31,-1
2022-01-28,81570,2022-03-31,3,122000000000,0.017,,,,,4000000000,0.249,4050000000,0.205,,2700000000,,152.94,,,,,,,,,,,,,,,,,,,,,,true,true,12,2021-04-01,2022-03-31,0
2022-01-28,81570,2021-03-31,3,,,,,,,,,,,,,,,,,,,,76200000000,31171000000,0.406,1760.87,30934000000,,,,,,,,,,,,true,false,12,2020-04-01,2021-03-31,-1
2022-01-28,81570,2021-03-31,3,,,,,,,,,,,,,,,,,,,,,,,,,,,,,46.00,,,,20177894,2610056,,false,false,12,2020-04-01,2021-03-31,-1
2022-01-28,81570,2022-03-31,3,,,,,,,,,,,,,,,,,,,,,,,,,,,,,23.00,,,,,,,false,false,12,2021-04-01,2022-03-31,0
2022-01-28,81570,2022-03-31,3,,,,,,,,,,,,,,,,,,,,,,,,,,,,,47.00,,,,,,,false,true,12,2021-04-01,2022-03-31,0
2022-01-28,81570,2022-03-31,3,,,,,,,,,,,,,,,,,,,,,,,,,,,,,,,,,20177894,2476163,17637843,false,false,9,2021-04-01,2021-12-31,0
2022-01-28,81570,2021-03-31,3,,,,,,,,,,,,,,,,,,,,,,,,,,,,,,,,,,,17482814,false,false,9,2020-04-01,2020-12-31,-1
2022-05-13,81570,2022-03-31,,119316000000,-0.006,,,,,4012000000,0.253,4227000000,0.258,,2798000000,,158.47,,0.088,0.054,0.034,,79226000000,33199000000,0.415,1853.68,32847000000,5560000000,-4000000,-2413000000,19130000000,,0.303,,,,,,true,false,12,2021-04-01,2022-03-31,0
2022-05-13,81570,2021-03-31,,120004000000,-0.043,,,,,3202000000,-0.282,3361000000,-0.266,,2346000000,,134.06,,0.077,0.044,0.027,,76200000000,31171000000,0.406,1760.87,30934000000,749000000,-1271000000,-2029000000,15927000000,,0.343,,,,,,true,false,12,2020-04-01,2021-03-31,-1
2022-05-13,81570,2023-03-31,,120000000000,0.006,,,,,4000000000,-0.003,4130000000,-0.023,,2760000000,,155.76,,,,,,,,,,,,,,,,0.321,,,,,,true,true,12,2022-04-01,2023-03-31,1
2022-05-13,81570,2021-03-31,,,,,,,,,,,,,,,,,,,,,,,,,,,,,,46.00,,,,20177894,2610056,17502032,false,false,12,2020-04-01,2021-03-31,-1
2022-05-13,81570,2022-03-31,,,,,,,,,,,,,,,,,,,,,,,,,,,,,,48.00,,,,20177894,2457908,17656165,false,false,12,2021-04-01,2022-03-31,0
2022-05-13,81570,2023-03-31,,,,,,,,,,,,,,,,,,,,,,,,,,,,,,50.00,,,,,,,false,true,12,2022-04-01,2023-03-31,1
2022-07-29,81570,2023-03-31,1,24609000000,-0.009,,,,,-202000000,,-109000000,,,-147000000,,-8.30,,,,,,73243000000,32558000000,0.441,1818.21,32280000000,,,,,,,,,,,,true,false,3,2022-04-01,2022-06-30,0
2022-07-29,81570,2022-03-31,1,24821000000,0.050,,,,,-262000000,,-230000000,,,-244000000,,-13.89,,,,,,,,,,,,,,,,,,,,,,true,false,3,2021-04-01,2021-06-30,-1
2022-07-29,81570,2023-03-31,1,120000000000,0.006,,,,,4000000000,-0.003,4130000000,-0.023,,2760000000,,155.49,,,,,,,,,,,,,,,,,,,,,,true,true,12,2022-04-01,2023-03-31,0
2022-07-29,81570,2022-03-31,1,,,,,,,,,,,,,,,,,,,,79226000000,33199000000,0.415,1853.68,32847000000,,,,,,,,,,,,true,false,12,2021-04-01,2022-03-31,-1
2022-07-29,81570,2022-03-31,1,,,,,,,,,,,,,,,,,,,,,,,,,,,,,48.00,,,,20177894,2457908,,false,false,12,2021-04-01,2022-03-31,-1
2022-07-29,81570,2023-03-31,1,,,,,,,,,,,,,,,,,,,,,,,,,,,,,50.00,,,,,,,false,true,12,2022-04-01,2023-03-31,0
2022-07-29,81570,2023-03-31,1,,,,,,,,,,,,,,,,,,,,,,,,,,,,,,,,,20177894,2423670,17737271,false,false,3,2022-04-01,2022-06-30,0
2022-07-29,81570,2022-03-31,1,,,,,,,,,,,,,,,,,,,,,,,,,,,,,,,,,,,17582961,false,false,3,2021-04-01,2021-06-30,-1
2022-10-28,81570,2023-03-31,2,55046000000,0.037,,,,,1021000000,0.278,1154000000,0.349,,700000000,,39.42,,,,,,76729000000,33531000000,0.433,1861.99,33203000000,,,,,,,,,,,,true,false,6,2022-04-01,2022-09-30,0
2022-10-28,81570,2022-03-31,2,53100000000,0.002,,,,,798000000,2.609,855000000,2.709,,492000000,,27.95,,,,,,,,,,,,,,,,,,,,,,true,false,6,2021-04-01,2021-09-30,-1
2022-10-28,81570,2023-03-31,2,121000000000,0.014,,,,,4500000000,0.122,4630000000,0.095,,3090000000,,173.57,,,,,,,,,,,,,,,,,,,,,,true,true,12,2022-04-01,2023-03-31,0
2022-10-28,81570,2022-03-31,2,,,,,,,,,,,,,,,,,,,,79226000000,33199000000,0.415,1853.68,32847000000,,,,,,,,,,,,true,false,12,2021-04-01,2022-03-31,-1
2022-10-28,81570,2022-03-31,2,,,,,,,,,,,,,,,,,,,,,,,,,,,,,48.00,,,,20177894,2457908,,false,false,12,2021-04-01,2022-03-31,-1
2022-10-28,81570,2023-03-31,2,,,,,,,,,,,,,,,,,,,,,,,,,,,,,25.00,,,,,,,false,false,12,2022-04-01,2023-03-31,0
2022-10-28,81570,2023-03-31,2,,,,,,,,,,,,,,,,,,,,,,,,,,,,,50.00,,,,,,,false,true,12,2022-04-01,2023-03-31,0
2022-10-28,81570,2023-03-31,2,,,,,,,,,,,,,,,,,,,,,,,,,,,,,,,,,20177894,2345484,17772808,false,false,6,2022-04-01,2022-09-30,0
2022-10-28,81570,2022-03-31,2,,,,,,,,,,,,,,,,,,,,,,,,,,,,,,,,,,,17616474,false,false,6,2021-04-01,2021-09-30,-1
2023-01-27,81570,2023-03-31,3,82545000000,0.020,,,,,1407000000,0.051,1642000000,0.063,,973000000,,54.68,,,,,,79806000000,33738000000,0.418,1863.52,33351000000,,,,,,,,,,,,true,false,9,2022-04-01,2022-12-31,0
2023-01-27,81570,2022-03-31,3,80941000000,0.014,,,,,1339000000,3.896,1545000000,2.684,,941000000,,53.38,,,,,,,,,,,,,,,,,,,,,,true,false,9,2021-04-01,2021-12-31,-1
2023-01-27,81570,2023-03-31,3,121000000000,0.014,,,,,4500000000,0.122,4630000000,0.095,,3090000000,,173.34,,,,,,,,,,,,,,,,,,,,,,true,true,12,2022-04-01,2023-03-31,0
2023-01-27,81570,2022-03-31,3,,,,,,,,,,,,,,,,,,,,79226000000,33199000000,0.415,1853.68,32847000000,,,,,,,,,,,,true,false,12,2021-04-01,2022-03-31,-1
2023-01-27,81570,2022-03-31,3,,,,,,,,,,,,,,,,,,,,,,,,,,,,,48.00,,,,20177894,2457908,,false,false,12,2021-04-01,2022-03-31,-1
2023-01-27,81570,2023-03-31,3,,,,,,,,,,,,,,,,,,,,,,,,,,,,,25.00,,,,,,,false,false,12,2022-04-01,2023-03-31,0
2023-01-27,81570,2023-03-31,3,,,,,,,,,,,,,,,,,,,,,,,,,,,,,50.00,,,,,,,false,true,12,2022-04-01,2023-03-31,0
2023-01-27,81570,2023-03-31,3,,,,,,,,,,,,,,,,,,,,,,,,,,,,,,,,,20177894,2280617,17803153,false,false,9,2022-04-01,2022-12-31,0
2023-01-27,81570,2022-03-31,3,,,,,,,,,,,,,,,,,,,,,,,,,,,,,,,,,,,17637843,false,false,9,2021-04-01,2021-12-31,-1
2023-02-24,81570,2023-03-31,,122600000000,0.013,,,,,4800000000,0.067,5000000000,0.080,,3300000000,,185.09,,,,,,,,,,,,,,,,,,,,,,true,true,12,2022-04-01,2023-03-31,0
2023-02-24,81570,2022-03-31,,119316000000,,,,,,4012000000,,4227000000,,,2798000000,,158.47,,,,,,,,,,,,,,,,,,,,,,true,false,12,2021-04-01,2022-03-31,-1
2023-02-24,81570,2023-03-31,,,,,,,,,,,,,,,,,,,,,,,,,,,,,,59.00,,,,,,,false,true,12,2022-04-01,2023-03-31,0
2023-02-24,81570,2023-03-31,,,,,,,,,,,,,,,,,,,,,,,,,,,,,,25.00,,,,,,,false,false,12,2022-04-01,2023-03-31,0
2023-02-24,81570,2022-03-31,,,,,,,,,,,,,,,,,,,,,,,,,,,,,,48.00,,,,,,,false,false,12,2021-04-01,2022-03-31,-1
2023-04-28,81570,2023-03-31,,123800000000,0.010,,,,,5100000000,0.063,5300000000,0.060,,3500000000,,196.29,,,,,,,,,,,,,,,,,,,,,,true,true,12,2022-04-01,2023-03-31,0
2023-04-28,81570,2022-03-31,,119316000000,,,,,,4012000000,,4227000000,,,2798000000,,158.47,,,,,,,,,,,,,,,,,,,,,,true,false,12,2021-04-01,2022-03-31,-1
2023-05-12,81570,2023-03-31,,123899000000,0.038,,,,,5118000000,0.276,5355000000,0.267,,3521000000,,197.48,,0.104,0.066,0.041,,83207000000,35387000000,0.420,1950.05,34945000000,4263000000,39000000,-2612000000,20845000000,,0.309,,,,,,true,false,12,2022-04-01,2023-03-31,0
2023-05-12,81570,2022-03-31,,119316000000,-0.006,,,,,4012000000,0.253,4227000000,0.258,,2798000000,,158.47,,0.088,0.054,0.034,,79226000000,33199000000,0.415,1853.68,32847000000,5560000000,-4000000,-2413000000,19130000000,,0.303,,,,,,true,false,12,2021-04-01,2022-03-31,-1
2023-05-12,81570,2024-03-31,,126500000000,0.021,,,,,5300000000,0.036,5250000000,-0.020,,4450000000,,248.32,,,,,,,,,,,,,,,,0.306,,,,,,true,true,12,2023-04-01,2024-03-31,1
2023-05-12,81570,2023-03-31,,82590000000,-0.093,,,,,2966000000,0.247,4077000000,0.310,3168000000,,0.389,177.68,,,,,,54539000000,22333000000,0.409,1246.27,22333000000,,,,,61.00,,,,20177894,2257664,17830371,false,false,12,2022-04-01,2023-03-31,0
2023-05-12,81570,2022-03-31,,91045000000,-0.145,,,,,2379000000,0.045,3111000000,0.017,2281000000,,-0.067,129.20,,,,,,54523000000,20030000000,0.367,1130.37,20030000000,,,,,48.00,,,,20177894,2457908,17656165,false,false,12,2021-04-01,2022-03-31,-1
2023-05-12,81570,2024-03-31,,,,,,,,,,,,,,,,,,,,,,,,,,,,,,76.00,,,,,,,false,true,12,2023-04-01,2024-03-31,1
2023-07-31,81570,2024-03-31,1,28128000000,0.143,,,,,698000000,,673000000,,,448000000,,25.01,,,,,,80405000000,35547000000,0.438,1961.25,35201000000,,,,,,,,,,,,true,false,3,2023-04-01,2023-06-30,0
2023-07-31,81570,2023-03-31,1,24609000000,-0.009,,,,,-202000000,,-109000000,,,-147000000,,-8.30,,,,,,,,,,,,,,,,,,,,,,true,false,3,2022-04-01,2022-06-30,-1
2023-07-31,81570,2024-03-31,1,126500000000,0.021,,,,,5300000000,0.036,5250000000,-0.020,,4450000000,,247.97,,,,,,,,,,,,,,,,,,,,,,true,true,12,2023-04-01,2024-03-31,0
2023-07-31,81570,2023-03-31,1,,,,,,,,,,,,,,,,,,,,83207000000,35387000000,0.420,1950.05,34945000000,,,,,,,,,,,,true,false,12,2022-04-01,2023-03-31,-1
2023-07-31,81570,2023-03-31,1,,,,,,,,,,,,,,,,,,,,,,,,,,,,,61.00,,,,20177894,2257664,,false,false,12,2022-04-01,2023-03-31,-1
2023-07-31,81570,2024-03-31,1,,,,,,,,,,,,,,,,,,,,,,,,,,,,,76.00,,,,,,,false,true,12,2023-04-01,2024-03-31,0
2023-07-31,81570,2024-03-31,1,,,,,,,,,,,,,,,,,,,,,,,,,,,,,,,,,20177894,2229287,17936655,false,false,3,2023-04-01,2023-06-30,0
2023-07-31,81570,2023-03-31,1,,,,,,,,,,,,,,,,,,,,,,,,,,,,,,,,,,,17737271,false,false,3,2022-04-01,2022-06-30,-1
2023-10-31,81570,2024-03-31,2,60887000000,0.106,,,,,2341000000,1.293,2361000000,1.046,,2906000000,,161.94,,,,,,85597000000,38297000000,0.443,2110.94,37905000000,,,,,,,,,,,,true,false,6,2023-04-01,2023-09-30,0
2023-10-31,81570,2023-03-31,2,55046000000,0.037,,,,,1021000000,0.278,1154000000,0.349,,700000000,,39.42,,,,,,,,,,,,,,,,,,,,,,true,false,6,2022-04-01,2022-09-30,-1
2023-10-31,81570,2024-03-31,2,126500000000,0.021,,,,,5300000000,0.036,5250000000,-0.020,,4450000000,,247.90,,,,,,,,,,,,,,,,,,,,,,true,true,12,2023-04-01,2024-03-31,0
2023-10-31,81570,2023-03-31,2,,,,,,,,,,,,,,,,,,,,83207000000,35387000000,0.420,1950.05,34945000000,,,,,,,,,,,,true,false,12,2022-04-01,2023-03-31,-1
2023-10-31,81570,2023-03-31,2,,,,,,,,,,,,,,,,,,,,,,,,,,,,,61.00,,,,20177894,2257664,,false,false,12,2022-04-01,2023-03-31,-1
2023-10-31,81570,2024-03-31,2,,,,,,,,,,,,,,,,,,,,,,,,,,,,,38.00,,,,,,,false,false,12,2023-04-01,2024-03-31,0
2023-10-31,81570,2024-03-31,2,,,,,,,,,,,,,,,,,,,,,,,,,,,,,76.00,,,,,,,false,true,12,2023-04-01,2024-03-31,0
2023-10-31,81570,2024-03-31,2,,,,,,,,,,,,,,,,,,,,,,,,,,,,,,,,,20177894,2221131,17945147,false,false,6,2023-04-01,2023-09-30,0
2023-10-31,81570,2023-03-31,2,,,,,,,,,,,,,,,,,,,,,,,,,,,,,,,,,,,17772808,false,false,6,2022-04-01,2022-09-30,-1
2024-01-31,81570,2024-03-31,3,93013000000,0.127,,,,,3938000000,1.798,3992000000,1.431,,4187000000,,233.19,,,,,,81365000000,39046000000,0.475,2143.82,38617000000,,,,,,,,,,,,true,false,9,2023-04-01,2023-12-31,0
2024-01-31,81570,2023-03-31,3,82545000000,0.020,,,,,1407000000,0.051,1642000000,0.063,,973000000,,54.68,,,,,,,,,,,,,,,,,,,,,,true,false,9,2022-04-01,2022-12-31,-1
2024-01-31,81570,2024-03-31,3,124000000000,0.001,,,,,6000000000,0.172,6000000000,0.120,,4800000000,,267.09,,,,,,,,,,,,,,,,,,,,,,true,true,12,2023-04-01,2024-03-31,0
2024-01-31,81570,2023-03-31,3,,,,,,,,,,,,,,,,,,,,83207000000,35387000000,0.420,1950.05,34945000000,,,,,,,,,,,,true,false,12,2022-04-01,2023-03-31,-1
2024-01-31,81570,2023-03-31,3,,,,,,,,,,,,,,,,,,,,,,,,,,,,,61.00,,,,20177894,2257664,,false,false,12,2022-04-01,2023-03-31,-1
2024-01-31,81570,2024-03-31,3,,,,,,,,,,,,,,,,,,,,,,,,,,,,,38.00,,,,,,,false,false,12,2023-04-01,2024-03-31,0
2024-01-31,81570,2024-03-31,3,,,,,,,,,,,,,,,,,,,,,,,,,,,,,89.00,,,,,,,false,true,12,2023-04-01,2024-03-31,0
2024-01-31,81570,2024-03-31,3,,,,,,,,,,,,,,,,,,,,,,,,,,,,,,,,,20177894,2164582,17957690,false,false,9,2023-04-01,2023-12-31,0
2024-01-31,81570,2023-03-31,3,,,,,,,,,,,,,,,,,,,,,,,,,,,,,,,,,,,17803153,false,false,9,2022-04-01,2022-12-31,-1
2024-05-13,81570,2024-03-31,,124856000000,0.008,,,,,6439000000,0.258,6486000000,0.211,,5477000000,,304.75,,0.145,0.079,0.052,,81066000000,40864000000,0.498,2241.85,40401000000,4954000000,15466000000,-2613000000,38684000000,,0.295,,,,,,true,false,12,2023-04-01,2024-03-31,0
2024-05-13,81570,2023-03-31,,123899000000,0.038,,,,,5118000000,0.276,5355000000,0.267,,3521000000,,197.48,,0.104,0.066,0.041,,83207000000,35387000000,0.420,1950.05,34945000000,4263000000,39000000,-2612000000,20845000000,,0.309,,,,,,true,false,12,2022-04-01,2023-03-31,-1
2024-05-13,81570,2025-03-31,,103000000000,-0.175,,,,,6250000000,-0.029,6250000000,-0.037,,4100000000,,227.51,,,,,,,,,,,,,,,,0.400,,,,,,true,true,12,2024-04-01,2025-03-31,1
2024-05-13,81570,2024-03-31,,85990000000,0.041,,,,,4563000000,0.538,6846000000,0.679,16967000000,,4.356,944.06,,,,,,70007000000,38782000000,0.554,2151.98,38782000000,,,,,90.00,,,,20177894,2156334,17973054,false,false,12,2023-04-01,2024-03-31,0
2024-05-13,81570,2023-03-31,,82590000000,-0.093,,,,,2966000000,0.247,4077000000,0.310,3168000000,,0.389,177.68,,,,,,54539000000,22333000000,0.409,1246.27,22333000000,,,,,61.00,,,,20177894,2257664,17830371,false,false,12,2022-04-01,2023-03-31,-1
2024-05-13,81570,2025-03-31,,,,,,,,,,,,,,,,,,,,,,,,,,,,,,91.00,,,,,,,false,true,12,2024-04-01,2025-03-31,1
2024-07-31,81570,2025-03-31,1,18771000000,-0.333,,,,,1000000,-0.999,41000000,-0.938,,1000000,,0.06,,,,,,73965000000,40007000000,0.536,2197.19,39632000000,,,,,,,,,,,,true,false,3,2024-04-01,2024-06-30,0
2024-07-31,81570,2024-03-31,1,28128000000,0.143,,,,,698000000,,673000000,,,448000000,,25.01,,,,,,,,,,,,,,,,,,,,,,true,false,3,2023-04-01,2023-06-30,-1
2024-07-31,81570,2025-03-31,1,103000000000,-0.175,,,,,6250000000,-0.029,6250000000,-0.037,,4100000000,,227.32,,,,,,,,,,,,,,,,,,,,,,true,true,12,2024-04-01,2025-03-31,0
2024-07-31,81570,2024-03-31,1,,,,,,,,,,,,,,,,,,,,81066000000,40864000000,0.498,2241.85,40401000000,,,,,,,,,,,,true,false,12,2023-04-01,2024-03-31,-1
2024-07-31,81570,2024-03-31,1,,,,,,,,,,,,,,,,,,,,,,,,,,,,,90.00,,,,20177894,2156334,,false,false,12,2023-04-01,2024-03-31,-1
2024-07-31,81570,2025-03-31,1,,,,,,,,,,,,,,,,,,,,,,,,,,,,,91.00,,,,,,,false,true,12,2024-04-01,2025-03-31,0
2024-07-31,81570,2025-03-31,1,,,,,,,,,,,,,,,,,,,,,,,,,,,,,,,,,20177894,2140048,18031900,false,false,3,2024-04-01,2024-06-30,0
2024-07-31,81570,2024-03-31,1,,,,,,,,,,,,,,,,,,,,,,,,,,,,,,,,,,,17936655,false,false,3,2023-04-01,2023-06-30,-1
2024-10-31,81570,2025-03-31,2,41842000000,-0.313,,,,,1394000000,-0.405,1488000000,-0.370,,1036000000,,57.38,,,,,,75067000000,41022000000,0.541,2243.31,40623000000,,,,,,,,,,,,true,false,6,2024-04-01,2024-09-30,0
2024-10-31,81570,2024-03-31,2,60887000000,0.106,,,,,2341000000,1.293,2361000000,1.046,,2906000000,,161.94,,,,,,,,,,,,,,,,,,,,,,true,false,6,2023-04-01,2023-09-30,-1
2024-10-31,81570,2025-03-31,2,103000000000,-0.175,,,,,6250000000,-0.029,6250000000,-0.037,,4100000000,,226.67,,,,,,,,,,,,,,,,,,,,,,true,true,12,2024-04-01,2025-03-31,0
2024-10-31,81570,2024-03-31,2,,,,,,,,,,,,,,,,,,,,81066000000,40864000000,0.498,2241.85,40401000000,,,,,,,,,,,,true,false,12,2023-04-01,2024-03-31,-1
2024-10-31,81570,2024-03-31,2,,,,,,,,,,,,,,,,,,,,,,,,,,,,,90.00,,,,20177894,2156334,,false,false,12,2023-04-01,2024-03-31,-1
2024-10-31,81570,2025-03-31,2,,,,,,,,,,,,,,,,,,,,,,,,,,,,,45.00,,,,,,,false,false,12,2024-04-01,2025-03-31,0
2024-10-31,81570,2025-03-31,2,,,,,,,,,,,,,,,,,,,,,,,,,,,,,91.00,,,,,,,false,true,12,2024-04-01,2025-03-31,0
2024-10-31,81570,2025-03-31,2,,,,,,,,,,,,,,,,,,,,,,,,,,,,,,,,,20177894,2068916,18067249,false,false,6,2024-04-01,2024-09-30,0
2024-10-31,81570,2024-03-31,2,,,,,,,,,,,,,,,,,,,,,,,,,,,,,,,,,,,17945147,false,false,6,2023-04-01,2023-09-30,-1
2025-01-31,81570,2025-03-31,3,65298000000,-0.298,,,,,2400000000,-0.391,2520000000,-0.369,,1736000000,,96.05,,,,,,76026000000,41318000000,0.538,2256.48,40886000000,,,,,,,,,,,,true,false,9,2024-04-01,2024-12-31,0
2025-01-31,81570,2024-03-31,3,93013000000,0.127,,,,,3938000000,1.798,3992000000,1.431,,4187000000,,233.19,,,,,,,,,,,,,,,,,,,,,,true,false,9,2023-04-01,2023-12-31,-1
2025-01-31,81570,2025-03-31,3,103000000000,-0.175,,,,,6250000000,-0.029,6250000000,-0.037,,4100000000,,226.61,,,,,,,,,,,,,,,,,,,,,,true,true,12,2024-04-01,2025-03-31,0
2025-01-31,81570,2024-03-31,3,,,,,,,,,,,,,,,,,,,,81066000000,40864000000,0.498,2241.85,40401000000,,,,,,,,,,,,true,false,12,2023-04-01,2024-03-31,-1
2025-01-31,81570,2024-03-31,3,,,,,,,,,,,,,,,,,,,,,,,,,,,,,90.00,,,,20177894,2156334,,false,false,12,2023-04-01,2024-03-31,-1
2025-01-31,81570,2025-03-31,3,,,,,,,,,,,,,,,,,,,,,,,,,,,,,45.00,,,,,,,false,false,12,2024-04-01,2025-03-31,0
2025-01-31,81570,2025-03-31,3,,,,,,,,,,,,,,,,,,,,,,,,,,,,,91.00,,,,,,,false,true,12,2024-04-01,2025-03-31,0
2025-01-31,81570,2025-03-31,3,,,,,,,,,,,,,,,,,,,,,,,,,,,,,,,,,20177894,2058209,18083786,false,false,9,2024-04-01,2024-12-31,0
2025-01-31,81570,2024-03-31,3,,,,,,,,,,,,,,,,,,,,,,,,,,,,,,,,,,,17957690,false,false,9,2023-04-01,2023-12-31,-1
2025-02-06,81570,2025-03-31,3,65298000000,-0.298,,,,,2400000000,-0.391,2520000000,-0.369,,1736000000,,96.05,,,,,,76026000000,41318000000,0.538,2256.48,40886000000,,,,,,,,,,,,true,false,9,2024-04-01,2024-12-31,0
2025-02-06,81570,2024-03-31,3,93013000000,0.127,,,,,3938000000,1.798,3992000000,1.431,,4187000000,,233.19,,,,,,,,,,,,,,,,,,,,,,true,false,9,2023-04-01,2023-12-31,-1
2025-02-06,81570,2025-03-31,3,103000000000,-0.175,,,,,6250000000,-0.029,6250000000,-0.037,,4100000000,,226.61,,,,,,,,,,,,,,,,,,,,,,true,true,12,2024-04-01,2025-03-31,0
2025-02-06,81570,2024-03-31,3,,,,,,,,,,,,,,,,,,,,81066000000,40864000000,0.498,2241.85,40401000000,,,,,,,,,,,,true,false,12,2023-04-01,2024-03-31,-1
2025-02-06,81570,2024-03-31,3,,,,,,,,,,,,,,,,,,,,,,,,,,,,,90.00,,,,20177894,2156334,,false,false,12,2023-04-01,2024-03-31,-1
2025-02-06,81570,2025-03-31,3,,,,,,,,,,,,,,,,,,,,,,,,,,,,,45.00,,,,,,,false,false,12,2024-04-01,2025-03-31,0
2025-02-06,81570,2025-03-31,3,,,,,,,,,,,,,,,,,,,,,,,,,,,,,91.00,,,,,,,false,true,12,2024-04-01,2025-03-31,0
2025-02-06,81570,2025-03-31,3,,,,,,,,,,,,,,,,,,,,,,,,,,,,,,,,,20177894,2058209,18083786,false,false,9,2024-04-01,2024-12-31,0
2025-02-06,81570,2024-03-31,3,,,,,,,,,,,,,,,,,,,,,,,,,,,,,,,,,,,17957690,false,false,9,2023-04-01,2023-12-31,-1
2025-05-12,81570,2025-03-31,,98263000000,-0.213,,,,,6481000000,0.006,6596000000,0.017,,4764000000,,263.32,,0.113,0.082,0.066,,80063000000,44629000000,0.552,2436.05,44155000000,3407000000,-792000000,-2595000000,38703000000,,0.376,,,,,,true,false,12,2024-04-01,2025-03-31,0
2025-05-12,81570,2024-03-31,,124856000000,0.008,,,,,6439000000,0.258,6486000000,0.211,,5477000000,,304.75,,0.145,0.079,0.052,,81066000000,40864000000,0.498,2241.85,40401000000,4954000000,15466000000,-2613000000,38684000000,,0.295,,,,,,true,false,12,2023-04-01,2024-03-31,-1
2025-05-12,81570,2026-03-31,,102500000000,0.043,,,,,6700000000,0.034,6750000000,0.023,,4500000000,,248.26,,,,,,,,,,,,,,,,0.403,,,,,,true,true,12,2025-04-01,2026-03-31,1
2025-05-12,81570,2025-03-31,,84697000000,-0.015,,,,,5584000000,0.224,6313000000,-0.078,4863000000,,-0.713,268.78,,,,,,69940000000,42274000000,0.604,2332.27,42274000000,,,,,99.00,,,,18977894,851891,18093836,false,false,12,2024-04-01,2025-03-31,0
2025-05-12,81570,2024-03-31,,85990000000,0.041,,,,,4563000000,0.538,6846000000,0.679,16967000000,,4.356,944.06,,,,,,70007000000,38782000000,0.554,2151.98,38782000000,,,,,90.00,,,,20177894,2156334,17973054,false,false,12,2023-04-01,2024-03-31,-1
2025-05-12,81570,2026-03-31,,,,,,,,,,,,,,,,,,,,,,,,,,,,,,100.00,,,,,,,false,true,12,2025-04-01,2026-03-31,1
