filing_date,code,fiscal_year_end,quarterly_period,net_sales,net_sales_change,revenue,revenue_change,operating_revenue,operating_revenue_change,operating_profit,operating_profit_change,ordinary_profit,ordinary_profit_change,net_income,net_income_of_parent,net_income_change,eps,diluted_eps,roe,roa,operating_profit_to_net_sales,operating_profit_to_revenue,total_assets,net_assets,equity_ratio,bps,owner_equity,operating_cash_flow,investing_cash_flow,financing_cash_flow,cash,dividend_per_share,payout_ratio,commemorative_dividend,extra_dividend,number_of_shares,number_of_treqsury_shares,avg_number_of_shares,is_consolidated,is_forecast,duration,period_start,period_end,period_pos
2015-06-26,81660,2016-02-29,1,6764000000,-0.043,,,,,425000000,-0.179,488000000,-0.157,187000000,,-0.420,7.68,,,,,,14232000000,7569000000,0.532,310.63,7569000000,,,,,,,,,24470822,103756,24367184,false,false,3,2015-03-01,2015-05-31,0
2015-06-26,81660,2015-02-28,1,7066000000,0.057,,,,,518000000,-0.094,579000000,-0.105,322000000,,-0.115,13.24,,,,,,,,,,,,,,,,,,,,,24367756,false,false,3,2014-03-01,2014-05-31,-1
2015-06-26,81660,2016-02-29,1,12200000000,-0.013,,,,,-340000000,,-240000000,,-400000000,,,-16.42,,,,,,,,,,,,,,,,,,,,,,false,true,6,2015-03-01,2015-08-31,0
2015-06-26,81660,2016-02-29,1,25700000000,0.002,,,,,200000000,0.300,400000000,0.079,100000000,,,4.10,,,,,,,,,,,,,,,2.00,,,,,,,false,true,12,2015-03-01,2016-02-29,0
2015-06-26,81660,2015-02-28,1,,,,,,,,,,,,,,,,,,,,14146000000,7381000000,0.522,302.94,7381000000,,,,,2.00,,,,24470822,103520,,false,false,12,2014-03-01,2015-02-28,-1
2015-09-30,81660,2016-02-29,2,11700000000,-0.054,,,,,-391000000,,-276000000,,-405000000,,,-16.65,,,,,,11358000000,6995000000,0.616,287.09,6995000000,,,,,,,,,24470822,103974,24367052,false,false,6,2015-03-01,2015-08-31,0
2015-09-30,81660,2015-02-28,2,12361000000,0.011,,,,,-76000000,,37000000,-0.900,-77000000,,,-3.18,,,,,,,,,,,,,,,,,,,,,24367615,false,false,6,2014-03-01,2014-08-31,-1
2015-09-30,81660,2016-02-29,2,25200000000,-0.017,,,,,200000000,0.300,400000000,0.079,100000000,,,4.10,,,,,,,,,,,,,,,2.00,,,,,,,false,true,12,2015-03-01,2016-02-29,0
2015-09-30,81660,2015-02-28,2,,,,,,,,,,,,,,,,,,,,14146000000,7381000000,0.522,302.94,7381000000,,,,,2.00,,,,24470822,103520,,false,false,12,2014-03-01,2015-02-28,-1
2015-09-30,81660,2016-02-29,2,,,,,,,,,,,,,,,,,,,,,,,,,,,,,0.00,,,,,,,false,false,12,2015-03-01,2016-02-29,0
2015-12-28,81660,2016-02-29,3,18099000000,-0.046,,,,,83000000,-0.565,259000000,-0.283,-121000000,,,-4.98,,,,,,13926000000,7290000000,0.523,299.20,7290000000,,,,,,,,,24470822,104123,24366976,false,false,9,2015-03-01,2015-11-30,0
2015-12-28,81660,2015-02-28,3,18965000000,0.006,,,,,191000000,-0.697,362000000,-0.570,82000000,,-0.801,3.38,,,,,,,,,,,,,,,,,,,,,24367543,false,false,9,2014-03-01,2014-11-30,-1
2015-12-28,81660,2016-02-29,3,25200000000,-0.017,,,,,200000000,0.300,400000000,0.079,100000000,,,4.10,,,,,,,,,,,,,,,2.00,,,,,,,false,true,12,2015-03-01,2016-02-29,0
2015-12-28,81660,2015-02-28,3,,,,,,,,,,,,,,,,,,,,14146000000,7381000000,0.522,302.94,7381000000,,,,,2.00,,,,24470822,103520,,false,false,12,2014-03-01,2015-02-28,-1
2015-12-28,81660,2016-02-29,3,,,,,,,,,,,,,,,,,,,,,,,,,,,,,0.00,,,,,,,false,false,12,2015-03-01,2016-02-29,0
2016-03-23,81660,2016-02-29,,24320000000,-0.035,,,,,336000000,0.680,570000000,0.425,15000000,,-0.850,0.64,,,,,,,,,,,,,,,,,,,,,,false,true,12,2015-03-01,2016-02-29,0
2016-03-23,81660,2015-02-28,,25637000000,,,,,,153000000,,370000000,,-30000000,,,-1.24,,,,,,,,,,,,,,,,,,,,,,false,false,12,2014-03-01,2015-02-28,-1
2016-04-07,81660,2016-02-29,,24320000000,-0.051,,,,,336000000,1.188,570000000,0.538,15000000,,,0.64,,0.002,0.043,0.014,,12261000000,7375000000,0.602,302.70,7375000000,-829000000,-220000000,-49000000,1256000000,2.00,3.106,,,24470822,104204,24366902,false,false,12,2015-03-01,2016-02-29,0
2016-04-07,81660,2015-02-28,,25637000000,-0.009,,,,,153000000,-0.811,370000000,-0.654,-30000000,,,-1.24,,-0.004,0.027,0.006,,14146000000,7381000000,0.522,302.94,7381000000,1445000000,-1201000000,-121000000,2356000000,2.00,,,,24470822,103520,24367491,false,false,12,2014-03-01,2015-02-28,-1
2016-04-07,81660,2017-02-28,,11700000000,0.000,,,,,-100000000,,10000000,,-100000000,,,-4.10,,,,,,,,,,,,,,,,,,,,,,false,true,6,2016-03-01,2016-08-31,1
2016-04-07,81660,2017-02-28,,24400000000,0.003,,,,,500000000,0.485,700000000,0.228,200000000,,,8.21,,,,,,,,,,,,,,,3.00,0.366,,,,,,false,true,12,2016-03-01,2017-02-28,1
2016-06-29,81660,2017-02-28,1,6623000000,-0.021,,,,,550000000,0.294,616000000,0.260,361000000,,0.930,14.83,,,,,,13806000000,7715000000,0.559,316.65,7715000000,,,,,,,,,24470822,104204,24366618,false,false,3,2016-03-01,2016-05-31,0
2016-06-29,81660,2016-02-28,1,6764000000,-0.043,,,,,425000000,-0.179,488000000,-0.157,187000000,,-0.420,7.68,,,,,,,,,,,,,,,,,,,,,24367184,false,false,3,2015-03-01,2015-05-31,-1
2016-06-29,81660,2017-02-28,1,11700000000,0.000,,,,,-100000000,,10000000,,-100000000,,,-4.10,,,,,,,,,,,,,,,,,,,,,,false,true,6,2016-03-01,2016-08-31,0
2016-06-29,81660,2017-02-28,1,24400000000,0.003,,,,,500000000,0.485,700000000,0.228,200000000,,,8.21,,,,,,,,,,,,,,,3.00,,,,,,,false,true,12,2016-03-01,2017-02-28,0
2016-06-29,81660,2016-02-28,1,,,,,,,,,,,,,,,,,,,,12261000000,7375000000,0.602,302.70,7375000000,,,,,2.00,,,,24470822,104204,,false,false,12,2015-03-01,2016-02-29,-1
2016-09-27,81660,2017-02-28,,11414000000,-0.024,,,,,-101000000,-0.010,16000000,0.600,-104000000,,-0.040,-4.27,,,,,,,,,,,,,,,,,,,,,,false,true,6,2016-03-01,2016-08-31,0
2016-09-27,81660,2016-02-28,,11700000000,,,,,,-391000000,,-276000000,,-405000000,,,-16.65,,,,,,,,,,,,,,,,,,,,,,false,false,6,2015-03-01,2015-08-31,-1
2016-10-04,81660,2017-02-28,2,11414000000,-0.024,,,,,-101000000,,16000000,,-104000000,,,-4.31,,,,,,11769000000,7217000000,0.613,296.19,7217000000,,,,,,,,,24470822,104204,24366618,false,false,6,2016-03-01,2016-08-31,0
2016-10-04,81660,2016-02-28,2,11700000000,-0.054,,,,,-391000000,,-276000000,,-405000000,,,-16.65,,,,,,,,,,,,,,,,,,,,,24367052,false,false,6,2015-03-01,2015-08-31,-1
2016-10-04,81660,2017-02-28,2,24400000000,0.003,,,,,500000000,0.485,700000000,0.228,200000000,,,8.21,,,,,,,,,,,,,,,3.00,,,,,,,false,true,12,2016-03-01,2017-02-28,0
2016-10-04,81660,2016-02-28,2,,,,,,,,,,,,,,,,,,,,12261000000,7375000000,0.602,302.70,7375000000,,,,,2.00,,,,24470822,104204,,false,false,12,2015-03-01,2016-02-29,-1
2016-10-04,81660,2017-02-28,2,,,,,,,,,,,,,,,,,,,,,,,,,,,,,0.00,,,,,,,false,false,12,2016-03-01,2017-02-28,0
2016-12-28,81660,2017-02-28,3,17765000000,-0.018,,,,,240000000,1.880,415000000,0.601,126000000,,,5.21,,,,,,14079000000,7467000000,0.530,306.48,7467000000,,,,,,,,,24470822,104229,24366616,false,false,9,2016-03-01,2016-11-30,0
2016-12-28,81660,2016-02-28,3,18099000000,-0.046,,,,,83000000,-0.565,259000000,-0.283,-121000000,,,-4.98,,,,,,,,,,,,,,,,,,,,,24366976,false,false,9,2015-03-01,2015-11-30,-1
2016-12-28,81660,2017-02-28,3,24400000000,0.003,,,,,500000000,0.485,700000000,0.228,200000000,,,8.21,,,,,,,,,,,,,,,3.00,,,,,,,false,true,12,2016-03-01,2017-02-28,0
2016-12-28,81660,2016-02-28,3,,,,,,,,,,,,,,,,,,,,12261000000,7375000000,0.602,302.70,7375000000,,,,,2.00,,,,24470822,104204,,false,false,12,2015-03-01,2016-02-29,-1
2016-12-28,81660,2017-02-28,3,,,,,,,,,,,,,,,,,,,,,,,,,,,,,0.00,,,,,,,false,false,12,2016-03-01,2017-02-28,0
2017-03-22,81660,2017-02-28,,24000000000,-0.016,,,,,400000000,-0.200,630000000,-0.100,120000000,,-0.400,4.92,,,,,,,,,,,,,,,,,,,,,,false,true,12,2016-03-01,2017-02-28,0
2017-03-22,81660,2016-02-28,,24320000000,,,,,,336000000,,570000000,,15000000,,,0.64,,,,,,,,,,,,,,,,,,,,,,false,false,12,2015-03-01,2016-02-29,-1
2017-04-07,81660,2017-02-28,,24004000000,-0.013,,,,,382000000,0.136,613000000,0.077,114000000,,6.272,4.68,,0.015,0.048,0.016,,13139000000,7467000000,0.568,306.46,7467000000,617000000,-995000000,-49000000,829000000,3.00,0.641,,,24470822,104319,24366590,false,false,12,2016-03-01,2017-02-28,0
2017-04-07,81660,2016-02-28,,24320000000,-0.051,,,,,336000000,1.188,570000000,0.538,15000000,,,0.64,,0.002,0.043,0.014,,12261000000,7375000000,0.602,302.70,7375000000,-829000000,-220000000,-49000000,1256000000,2.00,3.106,,,24470822,104204,24366902,false,false,12,2015-03-01,2016-02-29,-1
2017-04-07,81660,2018-02-28,,12500000000,0.095,,,,,-190000000,,-80000000,,-200000000,,,-8.21,,,,,,,,,,,,,,,,,,,,,,false,true,6,2017-03-01,2017-08-31,1
2017-04-07,81660,2018-02-28,,26500000000,0.104,,,,,450000000,0.177,650000000,0.059,150000000,,0.315,6.16,,,,,,,,,,,,,,,3.00,0.487,,,,,,false,true,12,2017-03-01,2018-02-28,1
2017-06-30,81660,2018-02-28,1,7184000000,0.085,,,,,400000000,-0.272,457000000,-0.257,268000000,,-0.256,11.04,,,,,,14416000000,7662000000,0.532,314.49,7662000000,,,,,,,,,24470822,104319,24366503,false,false,3,2017-03-01,2017-05-31,0
2017-06-30,81660,2017-02-28,1,6623000000,-0.021,,,,,550000000,0.294,616000000,0.260,361000000,,0.930,14.83,,,,,,,,,,,,,,,,,,,,,24366618,false,false,3,2016-03-01,2016-05-31,-1
2017-06-30,81660,2018-02-28,1,12500000000,0.095,,,,,-190000000,,-80000000,,-200000000,,,-8.21,,,,,,,,,,,,,,,,,,,,,,false,true,6,2017-03-01,2017-08-31,0
2017-06-30,81660,2018-02-28,1,26500000000,0.104,,,,,450000000,0.177,650000000,0.059,150000000,,0.315,6.16,,,,,,,,,,,,,,,3.00,,,,,,,false,true,12,2017-03-01,2018-02-28,0
2017-06-30,81660,2017-02-28,1,,,,,,,,,,,,,,,,,,,,13139000000,7467000000,0.568,306.46,7467000000,,,,,3.00,,,,24470822,104319,,false,false,12,2016-03-01,2017-02-28,-1
2017-09-22,81660,2018-02-28,,12395000000,-0.008,,,,,-342000000,,-232000000,,-274000000,,,-11.26,,,,,,,,,,,,,,,,,,,,,,false,true,6,2017-03-01,2017-08-31,0
2017-09-22,81660,2017-02-28,,11414000000,,,,,,-101000000,,16000000,,-104000000,,,-4.31,,,,,,,,,,,,,,,,,,,,,,false,false,6,2016-03-01,2016-08-31,-1
2017-09-22,81660,2018-02-28,,26500000000,,,,,,300000000,-0.333,500000000,-0.231,50000000,,-0.667,2.05,,,,,,,,,,,,,,,,,,,,,,false,true,12,2017-03-01,2018-02-28,0
2017-09-22,81660,2017-02-28,,24004000000,,,,,,382000000,,613000000,,114000000,,,4.68,,,,,,,,,,,,,,,,,,,,,,false,false,12,2016-03-01,2017-02-28,-1
2017-09-29,81660,2018-02-28,2,12395000000,0.086,,,,,-342000000,,-232000000,,-274000000,,,-11.26,,,,,,11722000000,7113000000,0.607,291.93,7113000000,,,,,,,,,24470822,104319,24366503,false,false,6,2017-03-01,2017-08-31,0
2017-09-29,81660,2017-02-28,2,11414000000,-0.024,,,,,-101000000,,16000000,,-104000000,,,-4.31,,,,,,,,,,,,,,,,,,,,,24366618,false,false,6,2016-03-01,2016-08-31,-1
2017-09-29,81660,2018-02-28,2,26500000000,0.104,,,,,300000000,-0.216,500000000,-0.186,50000000,,-0.562,2.05,,,,,,,,,,,,,,,3.00,,,,,,,false,true,12,2017-03-01,2018-02-28,0
2017-09-29,81660,2017-02-28,2,,,,,,,,,,,,,,,,,,,,13139000000,7467000000,0.568,306.46,7467000000,,,,,3.00,,,,24470822,104319,,false,false,12,2016-03-01,2017-02-28,-1
2017-09-29,81660,2018-02-28,2,,,,,,,,,,,,,,,,,,,,,,,,,,,,,0.00,,,,,,,false,false,12,2017-03-01,2018-02-28,0
2017-12-27,81660,2018-02-28,3,19403000000,0.092,,,,,-69000000,,115000000,-0.722,-79000000,,,-3.24,,,,,,14842000000,7333000000,0.494,300.97,7333000000,,,,,,,,,24470822,104400,24366484,false,false,9,2017-03-01,2017-11-30,0
2017-12-27,81660,2017-02-28,3,17765000000,-0.018,,,,,240000000,1.880,415000000,0.601,126000000,,,5.21,,,,,,,,,,,,,,,,,,,,,24366616,false,false,9,2016-03-01,2016-11-30,-1
2017-12-27,81660,2018-02-28,3,26500000000,0.104,,,,,300000000,-0.216,500000000,-0.186,50000000,,-0.562,2.05,,,,,,,,,,,,,,,3.00,,,,,,,false,true,12,2017-03-01,2018-02-28,0
2017-12-27,81660,2017-02-28,3,,,,,,,,,,,,,,,,,,,,13139000000,7467000000,0.568,306.46,7467000000,,,,,3.00,,,,24470822,104319,,false,false,12,2016-03-01,2017-02-28,-1
2017-12-27,81660,2018-02-28,3,,,,,,,,,,,,,,,,,,,,,,,,,,,,,0.00,,,,,,,false,false,12,2017-03-01,2018-02-28,0
2018-03-22,81660,2018-02-28,,26100000000,-0.015,,,,,60000000,-0.800,300000000,-0.400,50000000,,,2.05,,,,,,,,,,,,,,,,,,,,,,false,true,12,2017-03-01,2018-02-28,0
2018-03-22,81660,2017-02-28,,24004000000,,,,,,382000000,,613000000,,114000000,,,4.68,,,,,,,,,,,,,,,,,,,,,,false,false,12,2016-03-01,2017-02-28,-1
2018-04-06,81660,2018-02-28,,26134000000,0.089,,,,,65000000,-0.829,304000000,-0.504,51000000,,-0.547,2.12,,0.007,0.023,0.003,,12993000000,7462000000,0.574,306.24,7462000000,159000000,-288000000,-73000000,626000000,3.00,1.415,,,24470822,104425,24366466,false,false,12,2017-03-01,2018-02-28,0
2018-04-06,81660,2017-02-28,,24004000000,-0.013,,,,,382000000,0.136,613000000,0.077,114000000,,6.272,4.68,,0.015,0.048,0.016,,13139000000,7467000000,0.568,306.46,7467000000,617000000,-995000000,-49000000,829000000,3.00,0.641,,,24470822,104319,24366590,false,false,12,2016-03-01,2017-02-28,-1
2018-04-06,81660,2019-02-28,,12500000000,0.008,,,,,-400000000,,-300000000,,-400000000,,,-16.42,,,,,,,,,,,,,,,,,,,,,,false,true,6,2018-03-01,2018-08-31,1
2018-04-06,81660,2019-02-28,,26300000000,0.006,,,,,200000000,2.051,400000000,0.312,100000000,,0.936,4.10,,,,,,,,,,,,,,,3.00,0.731,,,,,,false,true,12,2018-03-01,2019-02-28,1
2018-06-29,81660,2019-02-28,1,6822000000,-0.050,,,,,245000000,-0.387,299000000,-0.346,176000000,,-0.342,7.26,,,,,,14408000000,7609000000,0.528,312.29,7609000000,,,,,,,,,24470822,104512,24366332,false,false,3,2018-03-01,2018-05-31,0
2018-06-29,81660,2018-02-28,1,7184000000,0.085,,,,,400000000,-0.272,457000000,-0.257,268000000,,-0.256,11.04,,,,,,,,,,,,,,,,,,,,,24366503,false,false,3,2017-03-01,2017-05-31,-1
2018-06-29,81660,2019-02-28,1,12500000000,0.008,,,,,-400000000,,-300000000,,-400000000,,,-16.42,,,,,,,,,,,,,,,,,,,,,,false,true,6,2018-03-01,2018-08-31,0
2018-06-29,81660,2019-02-28,1,26300000000,0.006,,,,,200000000,2.051,400000000,0.312,100000000,,0.936,4.10,,,,,,,,,,,,,,,3.00,,,,,,,false,true,12,2018-03-01,2019-02-28,0
2018-06-29,81660,2018-02-28,1,,,,,,,,,,,,,,,,,,,,12993000000,7462000000,0.574,306.24,7462000000,,,,,3.00,,,,24470822,104425,,false,false,12,2017-03-01,2018-02-28,-1
2018-09-26,81660,2019-02-28,,11790000000,-0.057,,,,,-674000000,,-568000000,,-497000000,,,-20.40,,,,,,,,,,,,,,,,,,,,,,false,true,6,2018-03-01,2018-08-31,0
2018-09-26,81660,2018-02-28,,12395000000,,,,,,-342000000,,-232000000,,-274000000,,,-11.26,,,,,,,,,,,,,,,,,,,,,,false,false,6,2017-03-01,2017-08-31,-1
2018-10-03,81660,2019-02-28,2,11790000000,-0.049,,,,,-674000000,,-568000000,,-497000000,,,-20.41,,,,,,11709000000,6965000000,0.595,285.88,6965000000,,,,,,,,,24470822,104772,24366223,false,false,6,2018-03-01,2018-08-31,0
2018-10-03,81660,2018-02-28,2,12395000000,0.086,,,,,-342000000,,-232000000,,-274000000,,,-11.26,,,,,,,,,,,,,,,,,,,,,24366503,false,false,6,2017-03-01,2017-08-31,-1
2018-10-03,81660,2019-02-28,2,25600000000,-0.020,,,,,30000000,-0.542,250000000,-0.180,10000000,,-0.806,0.41,,,,,,,,,,,,,,,3.00,,,,,,,false,true,12,2018-03-01,2019-02-28,0
2018-10-03,81660,2018-02-28,2,,,,,,,,,,,,,,,,,,,,12993000000,7462000000,0.574,306.24,7462000000,,,,,3.00,,,,24470822,104425,,false,false,12,2017-03-01,2018-02-28,-1
2018-10-03,81660,2019-02-28,2,,,,,,,,,,,,,,,,,,,,,,,,,,,,,0.00,,,,,,,false,false,12,2018-03-01,2019-02-28,0
2018-12-27,81660,2019-02-28,3,18384000000,-0.052,,,,,-627000000,,-461000000,,-458000000,,,-18.83,,,,,,14198000000,7042000000,0.496,289.05,7042000000,,,,,,,,,24470822,104908,24366142,false,false,9,2018-03-01,2018-11-30,0
2018-12-27,81660,2018-02-28,3,19403000000,0.092,,,,,-69000000,,115000000,-0.722,-79000000,,,-3.24,,,,,,,,,,,,,,,,,,,,,24366484,false,false,9,2017-03-01,2017-11-30,-1
2018-12-27,81660,2019-02-28,3,24900000000,-0.047,,,,,-750000000,,-500000000,,-550000000,,,-22.57,,,,,,,,,,,,,,,0.00,,,,,,,false,true,12,2018-03-01,2019-02-28,0
2018-12-27,81660,2018-02-28,3,,,,,,,,,,,,,,,,,,,,12993000000,7462000000,0.574,306.24,7462000000,,,,,3.00,,,,24470822,104425,,false,false,12,2017-03-01,2018-02-28,-1
2018-12-27,81660,2019-02-28,3,,,,,,,,,,,,,,,,,,,,,,,,,,,,,0.00,,,,,,,false,false,12,2018-03-01,2019-02-28,0
2019-03-22,81660,2019-02-28,,24900000000,,,,,,-1650000000,,-1400000000,,-2000000000,,,-82.08,,,,,,,,,,,,,,,,,,,,,,false,true,12,2018-03-01,2019-02-28,0
2019-03-22,81660,2018-02-28,,26134000000,,,,,,65000000,,304000000,,51000000,,,2.12,,,,,,,,,,,,,,,,,,,,,,false,false,12,2017-03-01,2018-02-28,-1
2019-04-09,81660,2019-02-28,,24997000000,-0.044,,,,,-1623000000,,-1385000000,,-2013000000,,,-82.64,,-0.312,-0.111,-0.065,,11961000000,5441000000,0.455,223.34,5441000000,-116000000,333000000,-73000000,769000000,0.00,,,,24470822,105001,24366072,false,false,12,2018-03-01,2019-02-28,0
2019-04-09,81660,2018-02-28,,26134000000,0.089,,,,,65000000,-0.829,304000000,-0.504,51000000,,-0.547,2.12,,0.007,0.023,0.003,,12993000000,7462000000,0.574,306.24,7462000000,159000000,-288000000,-73000000,626000000,3.00,1.415,,,24470822,104425,24366466,false,false,12,2017-03-01,2018-02-28,-1
2019-04-09,81660,2020-02-28,,24000000000,-0.040,,,,,100000000,,300000000,,100000000,,,4.10,,,,,,,,,,,,,,,2.00,0.487,,,,,,false,true,12,2019-03-01,2020-02-29,1
2019-06-28,81660,2020-02-29,1,6415000000,-0.060,,,,,356000000,0.448,423000000,0.414,258000000,,0.463,10.62,,,,,,12416000000,5642000000,0.454,231.59,5642000000,,,,,,,,,24470822,105082,24365773,false,false,3,2019-03-01,2019-05-31,0
2019-06-28,81660,2019-02-28,1,6822000000,-0.050,,,,,245000000,-0.387,299000000,-0.346,176000000,,-0.342,7.26,,,,,,,,,,,,,,,,,,,,,24366332,false,false,3,2018-03-01,2018-05-31,-1
2019-06-28,81660,2020-02-29,1,24000000000,-0.040,,,,,100000000,,300000000,,100000000,,,4.10,,,,,,,,,,,,,,,2.00,,,,,,,false,true,12,2019-03-01,2020-02-29,0
2019-06-28,81660,2019-02-28,1,,,,,,,,,,,,,,,,,,,,11951000000,5441000000,0.455,223.34,5441000000,,,,,0.00,,,,24470822,105001,,false,false,12,2018-03-01,2019-02-28,-1
2019-10-02,81660,2020-02-29,2,10940000000,-0.072,,,,,-279000000,,-163000000,,-351000000,,,-14.41,,,,,,11126000000,5028000000,0.452,206.39,5028000000,,,,,,,,,24470822,105094,24365757,false,false,6,2019-03-01,2019-08-31,0
2019-10-02,81660,2019-02-28,2,11790000000,-0.049,,,,,-674000000,,-568000000,,-497000000,,,-20.41,,,,,,,,,,,,,,,,,,,,,24366223,false,false,6,2018-03-01,2018-08-31,-1
2019-10-02,81660,2020-02-29,2,24000000000,-0.040,,,,,100000000,,300000000,,100000000,,,4.10,,,,,,,,,,,,,,,2.00,,,,,,,false,true,12,2019-03-01,2020-02-29,0
2019-10-02,81660,2019-02-28,2,,,,,,,,,,,,,,,,,,,,11951000000,5441000000,0.455,223.34,5441000000,,,,,0.00,,,,24470822,105001,,false,false,12,2018-03-01,2019-02-28,-1
2019-10-02,81660,2020-02-29,2,,,,,,,,,,,,,,,,,,,,,,,,,,,,,0.00,,,,,,,false,false,12,2019-03-01,2020-02-29,0
2019-12-27,81660,2020-02-29,3,16504000000,-0.102,,,,,-346000000,,-174000000,,-449000000,,,-18.47,,,,,,13192000000,4977000000,0.377,204.30,4977000000,,,,,,,,,24470822,105094,24365748,false,false,9,2019-03-01,2019-11-30,0
2019-12-27,81660,2019-02-28,3,18384000000,-0.052,,,,,-627000000,,-461000000,,-458000000,,,-18.83,,,,,,,,,,,,,,,,,,,,,24366142,false,false,9,2018-03-01,2018-11-30,-1
2019-12-27,81660,2020-02-29,3,24000000000,-0.040,,,,,100000000,,300000000,,100000000,,,4.10,,,,,,,,,,,,,,,2.00,,,,,,,false,true,12,2019-03-01,2020-02-29,0
2019-12-27,81660,2019-02-28,3,,,,,,,,,,,,,,,,,,,,11951000000,5441000000,0.455,223.34,5441000000,,,,,0.00,,,,24470822,105001,,false,false,12,2018-03-01,2019-02-28,-1
2019-12-27,81660,2020-02-29,3,,,,,,,,,,,,,,,,,,,,,,,,,,,,,0.00,,,,,,,false,false,12,2019-03-01,2020-02-29,0
2020-02-19,81660,2020-02-29,,22400000000,-0.067,,,,,-550000000,,-350000000,,-950000000,,,-38.99,,,,,,,,,,,,,,,0.00,,,,,,,false,true,12,2019-03-01,2020-02-29,0
2020-02-19,81660,2019-02-28,,24997000000,,,,,,-1623000000,,-1385000000,,-2013000000,,,-82.64,,,,,,,,,,,,,,,0.00,,,,,,,false,false,12,2018-03-01,2019-02-28,-1
2020-02-19,81660,2020-02-29,,,,,,,,,,,,,,,,,,,,,,,,,,,,,,0.00,,,,,,,false,false,12,2019-03-01,2020-02-29,0
2020-04-14,81660,2020-02-29,,22380000000,-0.105,,,,,-431000000,,-219000000,,-1051000000,,,-43.16,,-0.215,-0.019,-0.019,,11128000000,4349000000,0.391,178.50,4349000000,-128000000,-262000000,417000000,795000000,0.00,,,,24470822,105111,24365740,false,false,12,2019-03-01,2020-02-29,0
2020-04-14,81660,2019-02-28,,24997000000,-0.044,,,,,-1623000000,,-1385000000,,-2013000000,,,-82.64,,-0.312,-0.111,-0.065,,11951000000,5441000000,0.455,223.34,5441000000,-116000000,333000000,-73000000,769000000,0.00,,,,24470822,105001,24366072,false,false,12,2018-03-01,2019-02-28,-1
2020-06-30,81660,2021-02-28,1,2760000000,-0.570,,,,,-1066000000,,-1016000000,,-1049000000,,,-43.06,,,,,,10584000000,3334000000,0.315,136.84,3334000000,,,,,,,,,24470822,105173,24365680,false,false,3,2020-03-01,2020-05-31,0
2020-06-30,81660,2020-02-28,1,6415000000,-0.060,,,,,356000000,0.448,423000000,0.414,258000000,,0.463,10.62,,,,,,,,,,,,,,,,,,,,,24365773,false,false,3,2019-03-01,2019-05-31,-1
2020-06-30,81660,2020-02-28,1,,,,,,,,,,,,,,,,,,,,11128000000,4349000000,0.391,178.50,4349000000,,,,,0.00,,,,24470822,105111,,false,false,12,2019-03-01,2020-02-29,-1
2020-10-02,81660,2021-02-28,2,6389000000,-0.416,,,,,-2031000000,,-1857000000,,-1952000000,,,-80.14,,,,,,9844000000,2459000000,0.250,100.94,2459000000,,,,,,,,,24470822,105251,24365656,false,false,6,2020-03-01,2020-08-31,0
2020-10-02,81660,2020-02-28,2,10940000000,-0.072,,,,,-279000000,,-163000000,,-351000000,,,-14.41,,,,,,,,,,,,,,,,,,,,,24365757,false,false,6,2019-03-01,2019-08-31,-1
2020-10-02,81660,2021-02-28,2,16000000000,-0.285,,,,,-2950000000,,-2700000000,,-2950000000,,,-121.07,,,,,,,,,,,,,,,0.00,,,,,,,false,true,12,2020-03-01,2021-02-28,0
2020-10-02,81660,2020-02-28,2,,,,,,,,,,,,,,,,,,,,11128000000,4349000000,0.391,178.50,4349000000,,,,,0.00,,,,24470822,105111,,false,false,12,2019-03-01,2020-02-29,-1
2020-10-02,81660,2021-02-28,2,,,,,,,,,,,,,,,,,,,,,,,,,,,,,0.00,,,,,,,false,false,12,2020-03-01,2021-02-28,0
2020-12-25,81660,2021-02-28,3,10713000000,-0.351,,,,,-2544000000,,-2319000000,,-2439000000,,,-100.11,,,,,,11239000000,2028000000,0.180,83.24,2028000000,,,,,,,,,24470822,105251,24365630,false,false,9,2020-03-01,2020-11-30,0
2020-12-25,81660,2020-02-28,3,16504000000,-0.102,,,,,-346000000,,-174000000,,-449000000,,,-18.47,,,,,,,,,,,,,,,,,,,,,24365748,false,false,9,2019-03-01,2019-11-30,-1
2020-12-25,81660,2021-02-28,3,16000000000,-0.285,,,,,-2950000000,,-2700000000,,-2950000000,,,-121.07,,,,,,,,,,,,,,,0.00,,,,,,,false,true,12,2020-03-01,2021-02-28,0
2020-12-25,81660,2020-02-28,3,,,,,,,,,,,,,,,,,,,,11128000000,4349000000,0.391,178.50,4349000000,,,,,0.00,,,,24470822,105111,,false,false,12,2019-03-01,2020-02-29,-1
2020-12-25,81660,2021-02-28,3,,,,,,,,,,,,,,,,,,,,,,,,,,,,,0.00,,,,,,,false,false,12,2020-03-01,2021-02-28,0
2021-04-14,81660,2021-02-28,,14601000000,-0.348,,,,,-3400000000,,-3107000000,,-3139000000,,,-128.83,,-1.104,-0.305,-0.233,,9264000000,1339000000,0.145,54.99,1339000000,-1398000000,109000000,1124000000,631000000,0.00,,,,24470822,105287,24365614,false,false,12,2020-03-01,2021-02-28,0
2021-04-14,81660,2020-02-28,,22380000000,-0.105,,,,,-431000000,,-219000000,,-1051000000,,,-43.16,,-0.215,-0.019,-0.019,,11128000000,4349000000,0.391,178.50,4349000000,-128000000,-262000000,417000000,795000000,0.00,,,,24470822,105111,24365740,false,false,12,2019-03-01,2020-02-29,-1
2021-04-14,81660,2021-02-28,,14601000000,-0.348,,,,,-3400000000,,-3107000000,,-3139000000,,,-128.83,,-1.104,-0.305,-0.233,,9264000000,1339000000,0.145,54.99,1339000000,-1457000000,112000000,1180000000,631000000,0.00,,,,24470822,105287,24365614,false,false,12,2020-03-01,2021-02-28,0
2021-04-14,81660,2020-02-28,,22380000000,-0.105,,,,,-431000000,,-219000000,,-1051000000,,,-43.16,,-0.215,-0.019,-0.019,,11128000000,4349000000,0.391,178.50,4349000000,-128000000,-262000000,417000000,795000000,0.00,,,,24470822,105111,24365740,false,false,12,2019-03-01,2020-02-29,-1
2021-07-15,81660,2022-02-28,1,3212000000,0.164,,,,,-482000000,,-429000000,,-514000000,,,-21.12,,,,,,8884000000,793000000,0.089,32.58,793000000,,,,,,,,,24470822,105353,24365514,false,false,3,2021-03-01,2021-05-31,0
2021-07-15,81660,2021-02-28,1,2760000000,-0.570,,,,,-1066000000,,-1016000000,,-1049000000,,,-43.06,,,,,,,,,,,,,,,,,,,,,24365680,false,false,3,2020-03-01,2020-05-31,-1
2021-07-15,81660,2021-02-28,1,,,,,,,,,,,,,,,,,,,,9264000000,1339000000,0.145,54.99,1339000000,,,,,0.00,,,,24470822,105287,,false,false,12,2020-03-01,2021-02-28,-1
2021-10-14,81660,2022-02-28,2,5458000000,-0.146,,,,,-1279000000,,-1122000000,,-1294000000,,,-53.14,,,,,,7801000000,11000000,0.002,0.49,11000000,,,,,,,,,24470822,105409,24365478,false,false,6,2021-03-01,2021-08-31,0
2021-10-14,81660,2021-02-28,2,6389000000,-0.416,,,,,-2031000000,,-1857000000,,-1952000000,,,-80.14,,,,,,,,,,,,,,,,,,,,,24365656,false,false,6,2020-03-01,2020-08-31,-1
2021-10-14,81660,2021-02-28,2,,,,,,,,,,,,,,,,,,,,9264000000,1339000000,0.145,54.99,1339000000,,,,,0.00,,,,24470822,105287,,false,false,12,2020-03-01,2021-02-28,-1
2021-10-14,81660,2022-02-28,2,,,,,,,,,,,,,,,,,,,,,,,,,,,,,0.00,,,,,,,false,false,12,2021-03-01,2022-02-28,0
2022-01-13,81660,2022-02-28,3,8710000000,-0.187,,,,,-1589000000,,-1380000000,,-1570000000,,,-64.47,,,,,,9066000000,-296000000,-0.033,-12.15,-296000000,,,,,,,,,24470822,105546,24365423,false,false,9,2021-03-01,2021-11-30,0
2022-01-13,81660,2021-02-28,3,10713000000,-0.351,,,,,-2544000000,,-2319000000,,-2439000000,,,-100.11,,,,,,,,,,,,,,,,,,,,,24365630,false,false,9,2020-03-01,2020-11-30,-1
2022-01-13,81660,2021-02-28,3,,,,,,,,,,,,,,,,,,,,9264000000,1339000000,0.145,54.99,1339000000,,,,,0.00,,,,24470822,105287,,false,false,12,2020-03-01,2021-02-28,-1
2022-01-13,81660,2022-02-28,3,,,,,,,,,,,,,,,,,,,,,,,,,,,,,0.00,,,,,,,false,false,12,2021-03-01,2022-02-28,0
2022-04-13,81660,2022-02-28,,12139000000,-0.169,,,,,-2153000000,,-1919000000,,-2146000000,,,-88.09,,-9.273,-0.222,-0.177,,8009000000,-876000000,-0.109,-35.99,-876000000,-2219000000,653000000,2521000000,1585000000,0.00,,,,24470822,105546,24365389,false,false,12,2021-03-01,2022-02-28,0
2022-04-13,81660,2021-02-28,,14601000000,-0.348,,,,,-3400000000,,-3107000000,,-3139000000,,,-128.83,,-1.104,-0.305,-0.233,,9264000000,1339000000,0.145,54.99,1339000000,-1457000000,112000000,1180000000,631000000,0.00,,,,24470822,105287,24365614,false,false,12,2020-03-01,2021-02-28,-1
2022-04-13,81660,2023-02-28,,,,,,,,,,,,,,,,,,,,,,,,,,,,,,0.00,,,,,,,false,true,12,2022-03-01,2023-02-28,1
2022-07-12,81660,2023-02-28,1,3393000000,0.056,,,,,-145000000,,-119000000,,-139000000,,,-5.74,,,,,,7872000000,-1044000000,-0.133,-42.88,-1044000000,,,,,,,,,24470822,105558,24365270,false,false,3,2022-03-01,2022-05-31,0
2022-07-12,81660,2022-02-28,1,3212000000,0.164,,,,,-482000000,,-429000000,,-514000000,,,-21.12,,,,,,,,,,,,,,,,,,,,,24365514,false,false,3,2021-03-01,2021-05-31,-1
2022-07-12,81660,2022-02-28,1,,,,,,,,,,,,,,,,,,,,8009000000,-876000000,-0.109,-35.99,-876000000,,,,,0.00,,,,24470822,105546,,false,false,12,2021-03-01,2022-02-28,-1
2022-07-12,81660,2023-02-28,1,,,,,,,,,,,,,,,,,,,,,,,,,,,,,0.00,,,,,,,false,true,12,2022-03-01,2023-02-28,0
2022-10-05,81660,2023-02-28,2,5716000000,0.047,,,,,-724000000,,-673000000,,-713000000,,,-29.29,,,,,,6697000000,-1575000000,-0.235,-64.68,-1575000000,,,,,,,,,24470822,105583,24365257,false,false,6,2022-03-01,2022-08-31,0
2022-10-05,81660,2022-02-28,2,5458000000,-0.146,,,,,-1279000000,,-1122000000,,-1294000000,,,-53.14,,,,,,,,,,,,,,,,,,,,,24365478,false,false,6,2021-03-01,2021-08-31,-1
2022-10-05,81660,2022-02-28,2,,,,,,,,,,,,,,,,,,,,8009000000,-876000000,-0.109,-35.99,-876000000,,,,,0.00,,,,24470822,105546,,false,false,12,2021-03-01,2022-02-28,-1
2022-10-05,81660,2023-02-28,2,,,,,,,,,,,,,,,,,,,,,,,,,,,,,0.00,,,,,,,false,false,12,2022-03-01,2023-02-28,0
2023-01-10,81660,2023-02-28,3,8803000000,0.011,,,,,-691000000,,-619000000,,-676000000,,,-27.75,,,,,,7475000000,-1526000000,-0.204,-62.66,-1526000000,,,,,,,,,24470822,105670,24365243,false,false,9,2022-03-01,2022-11-30,0
2023-01-10,81660,2022-02-28,3,8710000000,-0.187,,,,,-1589000000,,-1380000000,,-1570000000,,,-64.47,,,,,,,,,,,,,,,,,,,,,24365423,false,false,9,2021-03-01,2021-11-30,-1
2023-01-10,81660,2022-02-28,3,,,,,,,,,,,,,,,,,,,,8009000000,-876000000,-0.109,-35.99,-876000000,,,,,0.00,,,,24470822,105546,,false,false,12,2021-03-01,2022-02-28,-1
2023-01-10,81660,2023-02-28,3,,,,,,,,,,,,,,,,,,,,,,,,,,,,,0.00,,,,,,,false,false,12,2022-03-01,2023-02-28,0
2023-04-12,81660,2023-02-28,,11975000000,-0.013,,,,,-785000000,,-706000000,,-1050000000,,,-43.11,,,-0.098,-0.066,,6406000000,-1933000000,-0.302,-79.37,-1933000000,149000000,45000000,-292000000,1488000000,0.00,,,,24470822,105695,24365216,false,false,12,2022-03-01,2023-02-28,0
2023-04-12,81660,2022-02-28,,12139000000,-0.169,,,,,-2153000000,,-1919000000,,-2146000000,,,-88.09,,-9.273,-0.222,-0.177,,8009000000,-876000000,-0.109,-35.99,-876000000,-2219000000,653000000,2521000000,1585000000,0.00,,,,24470822,105546,24365389,false,false,12,2021-03-01,2022-02-28,-1
2023-04-12,81660,2024-02-28,,10000000000,-0.164,,,,,40000000,,130000000,,40000000,,,1.64,,,,,,,,,,,,,,,0.00,,,,,,,false,true,12,2023-03-01,2024-02-29,1
2023-07-11,81660,2024-02-29,1,2939000000,-0.134,,,,,139000000,,157000000,,137000000,,,5.63,,,,,,6230000000,-1771000000,-0.284,-72.70,-1771000000,,,,,,,,,24470822,105695,24365127,false,false,3,2023-03-01,2023-05-31,0
2023-07-11,81660,2023-02-28,1,3393000000,,,,,,-145000000,,-119000000,,-139000000,,,-5.74,,,,,,,,,,,,,,,,,,,,,24365270,false,false,3,2022-03-01,2022-05-31,-1
2023-07-11,81660,2024-02-29,1,10000000000,-0.164,,,,,40000000,,130000000,,40000000,,,1.64,,,,,,,,,,,,,,,0.00,,,,,,,false,true,12,2023-03-01,2024-02-29,0
2023-07-11,81660,2023-02-28,1,,,,,,,,,,,,,,,,,,,,6406000000,-1933000000,-0.302,-79.37,-1933000000,,,,,0.00,,,,24470822,105695,,false,false,12,2022-03-01,2023-02-28,-1
2023-10-11,81660,2024-02-29,2,4970000000,-0.131,,,,,-98000000,,-55000000,,-93000000,,,-3.85,,,,,,5365000000,-1971000000,-0.368,-80.93,-1971000000,,,,,,,,,24470822,105695,24365127,false,false,6,2023-03-01,2023-08-31,0
2023-10-11,81660,2023-02-28,2,5716000000,,,,,,-724000000,,-673000000,,-713000000,,,-29.29,,,,,,,,,,,,,,,,,,,,,24365257,false,false,6,2022-03-01,2022-08-31,-1
2023-10-11,81660,2024-02-29,2,10000000000,-0.164,,,,,40000000,,130000000,,40000000,,,1.64,,,,,,,,,,,,,,,0.00,,,,,,,false,true,12,2023-03-01,2024-02-29,0
2023-10-11,81660,2023-02-28,2,,,,,,,,,,,,,,,,,,,,6406000000,-1933000000,-0.302,-79.37,-1933000000,,,,,0.00,,,,24470822,105695,,false,false,12,2022-03-01,2023-02-28,-1
2023-10-11,81660,2024-02-29,2,,,,,,,,,,,,,,,,,,,,,,,,,,,,,0.00,,,,,,,false,false,12,2023-03-01,2024-02-29,0
2024-01-09,81660,2024-02-29,3,7475000000,-0.151,,,,,7000000,,83000000,,28000000,,,1.15,,,,,,5779000000,-1845000000,-0.319,-75.73,-1845000000,,,,,,,,,24470822,105695,24365127,false,false,9,2023-03-01,2023-11-30,0
2024-01-09,81660,2023-02-28,3,8803000000,,,,,,-691000000,,-619000000,,-676000000,,,-27.75,,,,,,,,,,,,,,,,,,,,,24365243,false,false,9,2022-03-01,2022-11-30,-1
2024-01-09,81660,2024-02-29,3,10000000000,-0.164,,,,,40000000,,130000000,,40000000,,,1.64,,,,,,,,,,,,,,,0.00,,,,,,,false,true,12,2023-03-01,2024-02-29,0
2024-01-09,81660,2023-02-28,3,,,,,,,,,,,,,,,,,,,,6406000000,-1933000000,-0.302,-79.37,-1933000000,,,,,0.00,,,,24470822,105695,,false,false,12,2022-03-01,2023-02-28,-1
2024-01-09,81660,2024-02-29,3,,,,,,,,,,,,,,,,,,,,,,,,,,,,,0.00,,,,,,,false,false,12,2023-03-01,2024-02-29,0
2024-01-25,81660,2024-02-29,,10200000000,0.020,,,,,-30000000,,50000000,-0.615,-120000000,,,-4.92,,,,,,,,,,,,,,,,,,,,,,false,true,12,2023-03-01,2024-02-29,0
2024-01-25,81660,2023-02-28,,11975000000,,,,,,-785000000,,-706000000,,-1050000000,,,-43.11,,,,,,,,,,,,,,,,,,,,,,false,false,12,2022-03-01,2023-02-28,-1
2024-04-10,81660,2024-02-29,,10026000000,-0.163,,,,,-40000000,,52000000,,-102000000,,,-4.19,,,0.009,-0.004,,5610000000,-1915000000,-0.341,-78.62,-1915000000,-258000000,66000000,-166000000,1130000000,0.00,,,,24470822,105695,24365127,false,false,12,2023-03-01,2024-02-29,0
2024-04-10,81660,2023-02-28,,11975000000,-0.013,,,,,-785000000,,-706000000,,-1050000000,,,-43.11,,,-0.098,-0.066,,6406000000,-1933000000,-0.302,-79.37,-1933000000,149000000,45000000,-292000000,1488000000,0.00,,,,24470822,105695,24365216,false,false,12,2022-03-01,2023-02-28,-1
2024-04-10,81660,2025-02-28,,9800000000,-0.023,,,,,50000000,,230000000,3.389,1700000000,,,69.77,,,,,,,,,,,,,,,0.00,,,,,,,false,true,12,2024-03-01,2025-02-28,1
2024-04-10,81660,2024-02-29,,10026000000,-0.017,,,,,-40000000,,52000000,0.040,-102000000,,,-4.19,,,,,,,,,,,,,,,,,,,,,,false,true,12,2023-03-01,2024-02-29,0
2024-04-10,81660,2023-02-28,,11975000000,,,,,,-785000000,,-706000000,,-1050000000,,,-43.11,,,,,,,,,,,,,,,,,,,,,,false,false,12,2022-03-01,2023-02-28,-1
2024-07-10,81660,2025-02-28,1,2655000000,-0.096,,,,,201000000,0.443,228000000,0.450,1710000000,,,70.18,55.29,,,,,5900000000,782000000,0.131,-9.32,772000000,,,,,,,,,24470822,105776,24365087,false,false,3,2024-03-01,2024-05-31,0
2024-07-10,81660,2024-02-28,1,2939000000,-0.134,,,,,139000000,,157000000,,137000000,,,5.63,,,,,,,,,,,,,,,,,,,,,24365127,false,false,3,2023-03-01,2023-05-31,-1
2024-07-10,81660,2025-02-28,1,9800000000,-0.023,,,,,50000000,,230000000,3.389,1700000000,,,69.15,,,,,,,,,,,,,,,0.00,,,,,,,false,true,12,2024-03-01,2025-02-28,0
2024-07-10,81660,2024-02-28,1,,,,,,,,,,,,,,,,,,,,5610000000,-1915000000,-0.341,-78.62,-1915000000,,,,,0.00,,,,24470822,105695,,false,false,12,2023-03-01,2024-02-29,-1
2024-10-09,81660,2025-02-28,2,4691000000,-0.056,,,,,101000000,,166000000,,1632000000,,,66.72,26.41,,,,,5507000000,734000000,0.132,,724000000,,,,,,,,,24470822,105801,24365058,false,false,6,2024-03-01,2024-08-31,0
2024-10-09,81660,2024-02-28,2,4970000000,-0.131,,,,,-98000000,,-55000000,,-93000000,,,-3.85,,,,,,,,,,,,,,,,,,,,,24365127,false,false,6,2023-03-01,2023-08-31,-1
2024-10-09,81660,2025-02-28,2,9700000000,-0.033,,,,,200000000,,380000000,6.251,1800000000,,,73.25,,,,,,,,,,,,,,,0.00,,,,,,,false,true,12,2024-03-01,2025-02-28,0
2024-10-09,81660,2024-02-28,2,,,,,,,,,,,,,,,,,,,,5610000000,-1915000000,-0.341,,-1915000000,,,,,0.00,,,,24470822,105695,,false,false,12,2023-03-01,2024-02-29,-1
2024-10-09,81660,2025-02-28,2,,,,,,,,,,,,,,,,,,,,,,,,,,,,,0.00,,,,,,,false,false,12,2024-03-01,2025-02-28,0
2025-01-10,81660,2025-02-28,3,7106000000,-0.049,,,,,193000000,,293000000,2.517,1741000000,,,71.04,24.12,,,,,5998000000,838000000,0.138,-7.68,828000000,,,,,,,,,24470822,105801,24365047,false,false,9,2024-03-01,2024-11-30,0
2025-01-10,81660,2024-02-28,3,7475000000,-0.151,,,,,7000000,,83000000,,28000000,,,1.15,,,,,,,,,,,,,,,,,,,,,24365127,false,false,9,2023-03-01,2023-11-30,-1
2025-01-10,81660,2025-02-28,3,9700000000,-0.033,,,,,200000000,,380000000,6.251,1800000000,,,73.25,,,,,,,,,,,,,,,0.00,,,,,,,false,true,12,2024-03-01,2025-02-28,0
2025-01-10,81660,2024-02-28,3,,,,,,,,,,,,,,,,,,,,5610000000,-1915000000,-0.341,-78.62,-1915000000,,,,,0.00,,,,24470822,105695,,false,false,12,2023-03-01,2024-02-29,-1
2025-01-10,81660,2025-02-28,3,,,,,,,,,,,,,,,,,,,,,,,,,,,,,0.00,,,,,,,false,false,12,2024-03-01,2025-02-28,0
2025-04-09,81660,2025-02-28,,9650000000,-0.038,,,,,203000000,,355000000,5.786,1968000000,,,80.18,21.17,,0.063,0.021,,5691000000,1075000000,0.187,2.08,1065000000,-98000000,-65000000,412000000,1378000000,0.00,,,,24470822,105801,24365041,false,false,12,2024-03-01,2025-02-28,0
2025-04-09,81660,2024-02-28,,10026000000,-0.163,,,,,-40000000,,52000000,,-102000000,,,-4.19,,,0.009,-0.004,,5610000000,-1915000000,-0.341,-78.62,-1915000000,-258000000,66000000,-166000000,1130000000,0.00,,,,24470822,105695,24365127,false,false,12,2023-03-01,2024-02-29,-1
2025-04-09,81660,2026-02-28,,9300000000,-0.036,,,,,210000000,0.031,330000000,-0.072,260000000,,-0.868,9.87,,,,,,,,,,,,,,,0.00,,,,,,,false,true,12,2025-03-01,2026-02-28,1
2025-04-09,81660,2025-02-28,,9650000000,-0.038,,,,,203000000,,355000000,5.786,1968000000,,,80.18,25.44,,0.063,0.021,,5691000000,1075000000,0.187,2.08,1065000000,-98000000,-65000000,412000000,1378000000,0.00,,,,24470822,105801,24365041,false,false,12,2024-03-01,2025-02-28,0
2025-04-09,81660,2024-02-28,,10026000000,-0.163,,,,,-40000000,,52000000,,-102000000,,,-4.19,,,0.009,-0.004,,5610000000,-1915000000,-0.341,-78.62,-1915000000,-258000000,66000000,-166000000,1130000000,0.00,,,,24470822,105695,24365127,false,false,12,2023-03-01,2024-02-29,-1
2025-04-09,81660,2026-02-28,,9300000000,-0.036,,,,,210000000,0.031,330000000,-0.072,260000000,,-0.868,9.87,,,,,,,,,,,,,,,0.00,,,,,,,false,true,12,2025-03-01,2026-02-28,1
2025-07-09,81660,2026-02-28,1,2410000000,-0.092,,,,,150000000,-0.254,182000000,-0.202,176000000,,-0.897,7.06,4.24,,,,,6208000000,1319000000,0.211,11.88,1308000000,,,,,,,,,24470822,105801,24365021,false,false,3,2025-03-01,2025-05-31,0
2025-07-09,81660,2025-02-28,1,2655000000,-0.096,,,,,201000000,0.443,228000000,0.450,1710000000,,,70.18,55.29,,,,,,,,,,,,,,,,,,,,24365087,false,false,3,2024-03-01,2024-05-31,-1
2025-07-09,81660,2026-02-28,1,9300000000,-0.036,,,,,210000000,0.031,330000000,-0.072,260000000,,-0.868,9.87,,,,,,,,,,,,,,,0.00,,,,,,,false,true,12,2025-03-01,2026-02-28,0
2025-07-09,81660,2025-02-28,1,,,,,,,,,,,,,,,,,,,,5691000000,1075000000,0.187,2.08,1065000000,,,,,0.00,,,,24470822,105801,,false,false,12,2024-03-01,2025-02-28,-1
