filing_date,code,fiscal_year_end,quarterly_period,net_sales,net_sales_change,revenue,revenue_change,operating_revenue,operating_revenue_change,operating_profit,operating_profit_change,ordinary_profit,ordinary_profit_change,net_income,net_income_of_parent,net_income_change,eps,diluted_eps,roe,roa,operating_profit_to_net_sales,operating_profit_to_revenue,total_assets,net_assets,equity_ratio,bps,owner_equity,operating_cash_flow,investing_cash_flow,financing_cash_flow,cash,dividend_per_share,payout_ratio,commemorative_dividend,extra_dividend,number_of_shares,number_of_treqsury_shares,avg_number_of_shares,is_consolidated,is_forecast,duration,period_start,period_end,period_pos
2015-07-29,81740,2016-03-31,1,28790000000,-0.069,,,,,3561000000,0.650,3438000000,0.666,,2215000000,,63.79,,,,,,118972000000,36970000000,0.311,,36966000000,,,,,,,,,,,,true,false,3,2015-04-01,2015-06-30,0
2015-07-29,81740,2015-03-31,1,30929000000,0.044,,,,,2158000000,-0.266,2063000000,-0.313,,1239000000,,28.15,,,,,,,,,,,,,,,,,,,,,,true,false,3,2014-04-01,2014-06-30,-1
2015-07-29,81740,2016-03-31,1,55000000000,-0.010,,,,,3000000000,0.559,2800000000,0.751,,1600000000,,46.07,,,,,,,,,,,,,,,,,,,,,,true,true,6,2015-04-01,2015-09-30,0
2015-07-29,81740,2016-03-31,1,119000000000,-0.054,,,,,11000000000,0.098,10400000000,0.103,,6200000000,,178.50,,,,,,,,,,,,,,,,,,,,,,true,true,12,2015-04-01,2016-03-31,0
2015-07-29,81740,2015-03-31,1,,,,,,,,,,,,,,,,,,,,123910000000,34969000000,0.282,,34964000000,,,,,,,,,,,,true,false,12,2014-04-01,2015-03-31,-1
2015-07-29,81740,2015-03-31,1,,,,,,,,,,,,,,,,,,,,,,,,,,,,,26.00,,,,48561525,13828252,,false,false,12,2014-04-01,2015-03-31,-1
2015-07-29,81740,2016-03-31,1,,,,,,,,,,,,,,,,,,,,,,,,,,,,,26.00,,,,,,,false,true,12,2015-04-01,2016-03-31,0
2015-07-29,81740,2016-03-31,1,,,,,,,,,,,,,,,,,,,,,,,,,,,,,,,,,48561525,13828502,34733141,false,false,3,2015-04-01,2015-06-30,0
2015-07-29,81740,2015-03-31,1,,,,,,,,,,,,,,,,,,,,,,,,,,,,,,,,,,,44031078,false,false,3,2014-04-01,2014-06-30,-1
2015-10-28,81740,2016-03-31,2,51545000000,-0.072,,,,,3690000000,0.918,3451000000,1.158,,2079000000,,59.87,,,,,,117733000000,36567000000,0.311,,36563000000,,,,,,,,,,,,true,false,6,2015-04-01,2015-09-30,0
2015-10-28,81740,2015-03-31,2,55555000000,0.037,,,,,1924000000,-0.260,1599000000,-0.381,,730000000,,18.30,,,,,,,,,,,,,,,,,,,,,,true,false,6,2014-04-01,2014-09-30,-1
2015-10-28,81740,2016-03-31,2,116000000000,-0.077,,,,,11700000000,0.168,11100000000,0.177,,6600000000,,190.02,,,,,,,,,,,,,,,,,,,,,,true,true,12,2015-04-01,2016-03-31,0
2015-10-28,81740,2015-03-31,2,,,,,,,,,,,,,,,,,,,,123910000000,34969000000,0.282,,34964000000,,,,,,,,,,,,true,false,12,2014-04-01,2015-03-31,-1
2015-10-28,81740,2015-03-31,2,,,,,,,,,,,,,,,,,,,,,,,,,,,,,26.00,,,,48561525,13828252,,false,false,12,2014-04-01,2015-03-31,-1
2015-10-28,81740,2016-03-31,2,,,,,,,,,,,,,,,,,,,,,,,,,,,,,13.00,,,,,,,false,false,12,2015-04-01,2016-03-31,0
2015-10-28,81740,2016-03-31,2,,,,,,,,,,,,,,,,,,,,,,,,,,,,,30.00,,,,,,,false,true,12,2015-04-01,2016-03-31,0
2015-10-28,81740,2016-03-31,2,,,,,,,,,,,,,,,,,,,,,,,,,,,,,,,,,48561525,13828552,34733076,false,false,6,2015-04-01,2015-09-30,0
2015-10-28,81740,2015-03-31,2,,,,,,,,,,,,,,,,,,,,,,,,,,,,,,,,,,,39945986,false,false,6,2014-04-01,2014-09-30,-1
2015-10-28,81740,2016-03-31,,116000000000,-0.025,,,,,11700000000,0.064,11100000000,0.067,,6600000000,,190.02,,,,,,,,,,,,,,,,,,,,,,true,true,12,2015-04-01,2016-03-31,0
2015-10-28,81740,2015-03-31,,125733000000,,,,,,10015000000,,9427000000,,,5528000000,,148.26,,,,,,,,,,,,,,,,,,,,,,true,false,12,2014-04-01,2015-03-31,-1
2015-10-28,81740,2016-03-31,,70600000000,-0.033,,,,,,,8400000000,0.091,5400000000,,0.080,155.47,,,,,,,,,,,,,,,,,,,,,,false,true,12,2015-04-01,2016-03-31,0
2015-10-28,81740,2015-03-31,,75722000000,,,,,,,,7084000000,,4310000000,,,114.44,,,,,,,,,,,,,,,,,,,,,,false,false,12,2014-04-01,2015-03-31,-1
2016-01-27,81740,2016-03-31,3,80153000000,-0.077,,,,,5416000000,0.559,5099000000,0.565,,3143000000,,88.49,,,,,,139551000000,56708000000,0.406,,56703000000,,,,,,,,,,,,true,false,9,2015-04-01,2015-12-31,0
2016-01-27,81740,2015-03-31,3,86869000000,0.023,,,,,3475000000,-0.085,3258000000,-0.171,,1909000000,,49.83,,,,,,,,,,,,,,,,,,,,,,true,false,9,2014-04-01,2014-12-31,-1
2016-01-27,81740,2016-03-31,3,116000000000,-0.077,,,,,11700000000,0.168,11100000000,0.177,,6600000000,,177.52,,,,,,,,,,,,,,,,,,,,,,true,true,12,2015-04-01,2016-03-31,0
2016-01-27,81740,2015-03-31,3,,,,,,,,,,,,,,,,,,,,123910000000,34969000000,0.282,,34964000000,,,,,,,,,,,,true,false,12,2014-04-01,2015-03-31,-1
2016-01-27,81740,2015-03-31,3,,,,,,,,,,,,,,,,,,,,,,,,,,,,,26.00,,,,48561525,13828252,,false,false,12,2014-04-01,2015-03-31,-1
2016-01-27,81740,2016-03-31,3,,,,,,,,,,,,,,,,,,,,,,,,,,,,,13.00,,,,,,,false,false,12,2015-04-01,2016-03-31,0
2016-01-27,81740,2016-03-31,3,,,,,,,,,,,,,,,,,,,,,,,,,,,,,30.00,,,,,,,false,true,12,2015-04-01,2016-03-31,0
2016-01-27,81740,2016-03-31,3,,,,,,,,,,,,,,,,,,,,,,,,,,,,,,,,,48561525,5877566,35528142,false,false,9,2015-04-01,2015-12-31,0
2016-01-27,81740,2015-03-31,3,,,,,,,,,,,,,,,,,,,,,,,,,,,,,,,,,,,38315748,false,false,9,2014-04-01,2014-12-31,-1
2016-04-27,81740,2016-03-31,,114691000000,-0.088,,,,,11810000000,0.179,11331000000,0.202,,7090000000,,190.71,,0.149,0.086,0.103,,139097000000,60316000000,0.434,1412.96,60310000000,20717000000,-11073000000,7568000000,34233000000,,0.157,,,,,,true,false,12,2015-04-01,2016-03-31,0
2016-04-27,81740,2015-03-31,,125733000000,-0.009,,,,,10015000000,0.109,9427000000,0.025,,5528000000,,148.26,,0.139,0.076,0.080,,123910000000,34969000000,0.282,1006.67,34964000000,17699000000,-11230000000,-3856000000,17067000000,,0.175,,,,,,true,false,12,2014-04-01,2015-03-31,-1
2016-04-27,81740,2017-03-31,,52800000000,0.024,,,,,3900000000,0.057,3900000000,0.130,,2400000000,,56.23,,,,,,,,,,,,,,,,,,,,,,true,true,6,2016-04-01,2016-09-30,1
2016-04-27,81740,2017-03-31,,115500000000,0.007,,,,,12200000000,0.033,12100000000,0.068,,7600000000,,178.05,,,,,,,,,,,,,,,,0.168,,,,,,true,true,12,2016-04-01,2017-03-31,1
2016-04-27,81740,2016-03-31,,66851000000,-0.117,,,,,8006000000,0.198,8178000000,0.154,5432000000,,0.260,146.12,,,,,,107090000000,45242000000,0.422,1059.95,45242000000,,,,,30.00,,,,48561525,5877635,37179479,false,false,12,2015-04-01,2016-03-31,0
2016-04-27,81740,2015-03-31,,75722000000,-0.042,,,,,6681000000,0.103,7084000000,0.108,4310000000,,0.594,114.44,,,,,,89411000000,21587000000,0.241,621.52,21587000000,,,,,26.00,,,,48561525,13828252,37285326,false,false,12,2014-04-01,2015-03-31,-1
2016-04-27,81740,2017-03-31,,31600000000,0.066,,,,,,,3250000000,-0.034,2200000000,,-0.057,51.54,,,,,,,,,,,,,,,,,,,,,,false,true,6,2016-04-01,2016-09-30,1
2016-04-27,81740,2017-03-31,,71000000000,0.062,,,,,,,8300000000,0.015,5450000000,,0.003,127.68,,,,,,,,,,,,,,,30.00,,,,,,,false,true,12,2016-04-01,2017-03-31,1
2016-07-28,81740,2017-03-31,1,27751000000,-0.036,,,,,4474000000,0.256,4310000000,0.254,,2915000000,,68.31,,,,,,133283000000,62469000000,0.469,,62464000000,,,,,,,,,,,,true,false,3,2016-04-01,2016-06-30,0
2016-07-28,81740,2016-03-31,1,28790000000,-0.069,,,,,3561000000,0.650,3438000000,0.666,,2215000000,,63.79,,,,,,,,,,,,,,,,,,,,,,true,false,3,2015-04-01,2015-06-30,-1
2016-07-28,81740,2017-03-31,1,52800000000,0.024,,,,,3900000000,0.057,3900000000,0.130,,2400000000,,56.23,,,,,,,,,,,,,,,,,,,,,,true,true,6,2016-04-01,2016-09-30,0
2016-07-28,81740,2017-03-31,1,115500000000,0.007,,,,,12200000000,0.033,12100000000,0.068,,7600000000,,178.05,,,,,,,,,,,,,,,,,,,,,,true,true,12,2016-04-01,2017-03-31,0
2016-07-28,81740,2016-03-31,1,,,,,,,,,,,,,,,,,,,,139097000000,60316000000,0.434,,60310000000,,,,,,,,,,,,true,false,12,2015-04-01,2016-03-31,-1
2016-07-28,81740,2016-03-31,1,,,,,,,,,,,,,,,,,,,,,,,,,,,,,30.00,,,,48561525,5877635,,false,false,12,2015-04-01,2016-03-31,-1
2016-07-28,81740,2017-03-31,1,,,,,,,,,,,,,,,,,,,,,,,,,,,,,30.00,,,,,,,false,true,12,2016-04-01,2017-03-31,0
2016-07-28,81740,2017-03-31,1,,,,,,,,,,,,,,,,,,,,,,,,,,,,,,,,,48561525,5869731,42686648,false,false,3,2016-04-01,2016-06-30,0
2016-07-28,81740,2016-03-31,1,,,,,,,,,,,,,,,,,,,,,,,,,,,,,,,,,,,34733141,false,false,3,2015-04-01,2015-06-30,-1
2016-10-27,81740,2017-03-31,2,48865000000,-0.052,,,,,4753000000,0.288,4626000000,0.340,,3110000000,,72.86,,,,,,130887000000,62874000000,0.480,,62869000000,,,,,,,,,,,,true,false,6,2016-04-01,2016-09-30,0
2016-10-27,81740,2016-03-31,2,51545000000,-0.072,,,,,3690000000,0.918,3451000000,1.158,,2079000000,,59.87,,,,,,,,,,,,,,,,,,,,,,true,false,6,2015-04-01,2015-09-30,-1
2016-10-27,81740,2017-03-31,2,115500000000,0.007,,,,,12200000000,0.033,12100000000,0.068,,7600000000,,178.05,,,,,,,,,,,,,,,,,,,,,,true,true,12,2016-04-01,2017-03-31,0
2016-10-27,81740,2016-03-31,2,,,,,,,,,,,,,,,,,,,,139097000000,60316000000,0.434,,60310000000,,,,,,,,,,,,true,false,12,2015-04-01,2016-03-31,-1
2016-10-27,81740,2016-03-31,2,,,,,,,,,,,,,,,,,,,,,,,,,,,,,30.00,,,,48561525,5877635,,false,false,12,2015-04-01,2016-03-31,-1
2016-10-27,81740,2017-03-31,2,,,,,,,,,,,,,,,,,,,,,,,,,,,,,17.00,,,,,,,false,false,12,2016-04-01,2017-03-31,0
2016-10-27,81740,2017-03-31,2,,,,,,,,,,,,,,,,,,,,,,,,,,,,,34.00,,,,,,,false,true,12,2016-04-01,2017-03-31,0
2016-10-27,81740,2017-03-31,2,,,,,,,,,,,,,,,,,,,,,,,,,,,,,,,,,48561525,5866351,42690340,false,false,6,2016-04-01,2016-09-30,0
2016-10-27,81740,2016-03-31,2,,,,,,,,,,,,,,,,,,,,,,,,,,,,,,,,,,,34733076,false,false,6,2015-04-01,2015-09-30,-1
2017-01-30,81740,2017-03-31,3,75968000000,-0.052,,,,,6751000000,0.246,6776000000,0.329,,4494000000,,105.28,,,,,,135618000000,64862000000,0.478,,64856000000,,,,,,,,,,,,true,false,9,2016-04-01,2016-12-31,0
2017-01-30,81740,2016-03-31,3,80153000000,-0.077,,,,,5416000000,0.559,5099000000,0.565,,3143000000,,88.49,,,,,,,,,,,,,,,,,,,,,,true,false,9,2015-04-01,2015-12-31,-1
2017-01-30,81740,2017-03-31,3,115500000000,0.007,,,,,12200000000,0.033,12100000000,0.068,,7600000000,,178.05,,,,,,,,,,,,,,,,,,,,,,true,true,12,2016-04-01,2017-03-31,0
2017-01-30,81740,2016-03-31,3,,,,,,,,,,,,,,,,,,,,139097000000,60316000000,0.434,,60310000000,,,,,,,,,,,,true,false,12,2015-04-01,2016-03-31,-1
2017-01-30,81740,2016-03-31,3,,,,,,,,,,,,,,,,,,,,,,,,,,,,,30.00,,,,48561525,5877635,,false,false,12,2015-04-01,2016-03-31,-1
2017-01-30,81740,2017-03-31,3,,,,,,,,,,,,,,,,,,,,,,,,,,,,,17.00,,,,,,,false,false,12,2016-04-01,2017-03-31,0
2017-01-30,81740,2017-03-31,3,,,,,,,,,,,,,,,,,,,,,,,,,,,,,34.00,,,,,,,false,true,12,2016-04-01,2017-03-31,0
2017-01-30,81740,2017-03-31,3,,,,,,,,,,,,,,,,,,,,,,,,,,,,,,,,,48561525,5866501,42691770,false,false,9,2016-04-01,2016-12-31,0
2017-01-30,81740,2016-03-31,3,,,,,,,,,,,,,,,,,,,,,,,,,,,,,,,,,,,35528142,false,false,9,2015-04-01,2015-12-31,-1
2017-04-27,81740,2017-03-31,,109536000000,-0.045,,,,,12201000000,0.033,12176000000,0.075,,6913000000,,161.93,,0.109,0.088,0.111,,139157000000,66641000000,0.479,1560.73,66635000000,16630000000,-10743000000,-8717000000,31396000000,,0.210,,,,,,true,false,12,2016-04-01,2017-03-31,0
2017-04-27,81740,2016-03-31,,114691000000,-0.088,,,,,11810000000,0.179,11331000000,0.202,,7090000000,,190.71,,0.149,0.086,0.103,,139097000000,60316000000,0.434,1412.96,60310000000,20717000000,-11073000000,7568000000,34233000000,,0.157,,,,,,true,false,12,2015-04-01,2016-03-31,-1
2017-04-27,81740,2018-03-31,,51300000000,0.050,,,,,1500000000,-0.684,1600000000,-0.654,,1000000000,,23.42,,,,,,,,,,,,,,,,,,,,,,true,true,6,2017-04-01,2017-09-30,1
2017-04-27,81740,2018-03-31,,117000000000,0.068,,,,,10500000000,-0.139,10500000000,-0.138,,7000000000,,163.95,,,,,,,,,,,,,,,,0.232,,,,,,true,true,12,2017-04-01,2018-03-31,1
2017-04-27,81740,2017-03-31,,65923000000,-0.014,,,,,7888000000,-0.015,7940000000,-0.029,4251000000,,-0.217,99.57,,,,,,108694000000,48839000000,0.449,1143.90,48839000000,,,,,34.00,,,,48561525,5866468,42692524,false,false,12,2016-04-01,2017-03-31,0
2017-04-27,81740,2016-03-31,,66851000000,-0.117,,,,,8006000000,0.198,8178000000,0.154,5432000000,,0.260,146.12,,,,,,107090000000,45242000000,0.422,1059.95,45242000000,,,,,30.00,,,,48561525,5877635,37179479,false,false,12,2015-04-01,2016-03-31,-1
2017-04-27,81740,2018-03-31,,38400000000,0.337,,,,,,,1400000000,-0.631,1000000000,,-0.632,23.42,,,,,,,,,,,,,,,,,,,,,,false,true,6,2017-04-01,2017-09-30,1
2017-04-27,81740,2018-03-31,,88000000000,0.335,,,,,,,6400000000,-0.194,4500000000,,0.059,105.40,,,,,,,,,,,,,,,38.00,,,,,,,false,true,12,2017-04-01,2018-03-31,1
2017-07-27,81740,2018-03-31,1,26749000000,-0.036,,,,,2135000000,-0.523,2240000000,-0.480,,1646000000,,38.56,,,,,,132145000000,67548000000,0.511,,67542000000,,,,,,,,,,,,true,false,3,2017-04-01,2017-06-30,0
2017-07-27,81740,2017-03-31,1,27751000000,-0.036,,,,,4474000000,0.256,4310000000,0.254,,2915000000,,68.31,,,,,,,,,,,,,,,,,,,,,,true,false,3,2016-04-01,2016-06-30,-1
2017-07-27,81740,2018-03-31,1,51300000000,0.050,,,,,1500000000,-0.684,1600000000,-0.654,,1000000000,,23.42,,,,,,,,,,,,,,,,,,,,,,true,true,6,2017-04-01,2017-09-30,0
2017-07-27,81740,2018-03-31,1,117000000000,0.068,,,,,10500000000,-0.139,10500000000,-0.138,,7000000000,,163.95,,,,,,,,,,,,,,,,,,,,,,true,true,12,2017-04-01,2018-03-31,0
2017-07-27,81740,2017-03-31,1,,,,,,,,,,,,,,,,,,,,139157000000,66641000000,0.479,,66635000000,,,,,,,,,,,,true,false,12,2016-04-01,2017-03-31,-1
2017-07-27,81740,2017-03-31,1,,,,,,,,,,,,,,,,,,,,,,,,,,,,,34.00,,,,48561525,5866468,,false,false,12,2016-04-01,2017-03-31,-1
2017-07-27,81740,2018-03-31,1,,,,,,,,,,,,,,,,,,,,,,,,,,,,,38.00,,,,,,,false,true,12,2017-04-01,2018-03-31,0
2017-07-27,81740,2018-03-31,1,,,,,,,,,,,,,,,,,,,,,,,,,,,,,,,,,48561525,5857872,42697930,false,false,3,2017-04-01,2017-06-30,0
2017-07-27,81740,2017-03-31,1,,,,,,,,,,,,,,,,,,,,,,,,,,,,,,,,,,,42686648,false,false,3,2016-04-01,2016-06-30,-1
2017-10-27,81740,2018-03-31,2,48465000000,-0.008,,,,,1508000000,-0.683,1595000000,-0.655,,1087000000,,25.47,,,,,,128988000000,66647000000,0.517,,66643000000,,,,,,,,,,,,true,false,6,2017-04-01,2017-09-30,0
2017-10-27,81740,2017-03-31,2,48865000000,-0.052,,,,,4753000000,0.288,4626000000,0.340,,3110000000,,72.86,,,,,,,,,,,,,,,,,,,,,,true,false,6,2016-04-01,2016-09-30,-1
2017-10-27,81740,2018-03-31,2,117000000000,0.068,,,,,10500000000,-0.139,10500000000,-0.138,,7000000000,,163.95,,,,,,,,,,,,,,,,,,,,,,true,true,12,2017-04-01,2018-03-31,0
2017-10-27,81740,2017-03-31,2,,,,,,,,,,,,,,,,,,,,139157000000,66641000000,0.479,,66635000000,,,,,,,,,,,,true,false,12,2016-04-01,2017-03-31,-1
2017-10-27,81740,2017-03-31,2,,,,,,,,,,,,,,,,,,,,,,,,,,,,,34.00,,,,48561525,5866468,,false,false,12,2016-04-01,2017-03-31,-1
2017-10-27,81740,2018-03-31,2,,,,,,,,,,,,,,,,,,,,,,,,,,,,,19.00,,,,,,,false,false,12,2017-04-01,2018-03-31,0
2017-10-27,81740,2018-03-31,2,,,,,,,,,,,,,,,,,,,,,,,,,,,,,42.00,,,,,,,false,true,12,2017-04-01,2018-03-31,0
2017-10-27,81740,2018-03-31,2,,,,,,,,,,,,,,,,,,,,,,,,,,,,,,,,,48561525,5858105,42700322,false,false,6,2017-04-01,2017-09-30,0
2017-10-27,81740,2017-03-31,2,,,,,,,,,,,,,,,,,,,,,,,,,,,,,,,,,,,42690340,false,false,6,2016-04-01,2016-09-30,-1
2018-01-30,81740,2018-03-31,3,77792000000,0.024,,,,,3557000000,-0.473,4297000000,-0.366,,3149000000,,73.76,,,,,,133557000000,67738000000,0.507,,67733000000,,,,,,,,,,,,true,false,9,2017-04-01,2017-12-31,0
2018-01-30,81740,2017-03-31,3,75968000000,-0.052,,,,,6751000000,0.246,6776000000,0.329,,4494000000,,105.28,,,,,,,,,,,,,,,,,,,,,,true,false,9,2016-04-01,2016-12-31,-1
2018-01-30,81740,2018-03-31,3,117000000000,0.068,,,,,10500000000,-0.139,10500000000,-0.138,,7000000000,,163.95,,,,,,,,,,,,,,,,,,,,,,true,true,12,2017-04-01,2018-03-31,0
2018-01-30,81740,2017-03-31,3,,,,,,,,,,,,,,,,,,,,139157000000,66641000000,0.479,,66635000000,,,,,,,,,,,,true,false,12,2016-04-01,2017-03-31,-1
2018-01-30,81740,2017-03-31,3,,,,,,,,,,,,,,,,,,,,,,,,,,,,,34.00,,,,48561525,5866468,,false,false,12,2016-04-01,2017-03-31,-1
2018-01-30,81740,2018-03-31,3,,,,,,,,,,,,,,,,,,,,,,,,,,,,,19.00,,,,,,,false,false,12,2017-04-01,2018-03-31,0
2018-01-30,81740,2018-03-31,3,,,,,,,,,,,,,,,,,,,,,,,,,,,,,42.00,,,,,,,false,true,12,2017-04-01,2018-03-31,0
2018-01-30,81740,2018-03-31,3,,,,,,,,,,,,,,,,,,,,,,,,,,,,,,,,,48561525,5858361,42701208,false,false,9,2017-04-01,2017-12-31,0
2018-01-30,81740,2017-03-31,3,,,,,,,,,,,,,,,,,,,,,,,,,,,,,,,,,,,42691770,false,false,9,2016-04-01,2016-12-31,-1
2018-04-26,81740,2018-03-31,,114725000000,0.047,,,,,10689000000,-0.124,11093000000,-0.089,,7798000000,,182.62,,0.112,0.080,0.093,,137953000000,72076000000,0.522,1687.70,72069000000,15597000000,-7059000000,-8454000000,31437000000,,0.230,,,,,,true,false,12,2017-04-01,2018-03-31,0
2018-04-26,81740,2017-03-31,,109536000000,-0.045,,,,,12201000000,0.033,12176000000,0.075,,6913000000,,161.93,,0.109,0.088,0.111,,139157000000,66641000000,0.479,1560.73,66635000000,16630000000,-10743000000,-8717000000,31396000000,,0.210,,,,,,true,false,12,2016-04-01,2017-03-31,-1
2018-04-26,81740,2019-03-31,,53000000000,0.094,,,,,2000000000,0.326,2300000000,0.442,,1400000000,,32.78,,,,,,,,,,,,,,,,,,,,,,true,true,6,2018-04-01,2018-09-30,1
2018-04-26,81740,2019-03-31,,130000000000,0.133,,,,,13400000000,0.254,13800000000,0.244,,9200000000,,215.44,,,,,,,,,,,,,,,,0.214,,,,,,true,true,12,2018-04-01,2019-03-31,1
2018-04-26,81740,2018-03-31,,82831000000,0.256,,,,,6061000000,-0.232,6318000000,-0.204,4066000000,,-0.043,95.22,,,,,,108148000000,51033000000,0.472,1195.08,51033000000,,,,,42.00,,,,48561525,5858603,42701625,false,false,12,2017-04-01,2018-03-31,0
2018-04-26,81740,2017-03-31,,65923000000,-0.014,,,,,7888000000,-0.015,7940000000,-0.029,4251000000,,-0.217,99.57,,,,,,108694000000,48839000000,0.449,1143.90,48839000000,,,,,34.00,,,,48561525,5866468,42692524,false,false,12,2016-04-01,2017-03-31,-1
2018-04-26,81740,2019-03-31,,43000000000,0.264,,,,,,,1900000000,0.614,1300000000,,0.180,30.44,,,,,,,,,,,,,,,,,,,,,,false,true,6,2018-04-01,2018-09-30,1
2018-04-26,81740,2019-03-31,,101000000000,0.219,,,,,,,9100000000,0.440,6300000000,,0.549,147.53,,,,,,,,,,,,,,,46.00,,,,,,,false,true,12,2018-04-01,2019-03-31,1
2018-07-26,81740,2019-03-31,1,28676000000,0.072,,,,,1804000000,-0.155,1585000000,-0.292,,1017000000,,23.83,,,,,,131388000000,72092000000,0.549,,72087000000,,,,,,,,,,,,true,false,3,2018-04-01,2018-06-30,0
2018-07-26,81740,2018-03-31,1,26749000000,-0.036,,,,,2135000000,-0.523,2240000000,-0.480,,1646000000,,38.56,,,,,,,,,,,,,,,,,,,,,,true,false,3,2017-04-01,2017-06-30,-1
2018-07-26,81740,2019-03-31,1,53000000000,0.094,,,,,2000000000,0.326,2300000000,0.442,,1400000000,,32.78,,,,,,,,,,,,,,,,,,,,,,true,true,6,2018-04-01,2018-09-30,0
2018-07-26,81740,2019-03-31,1,130000000000,0.133,,,,,13400000000,0.254,13800000000,0.244,,9200000000,,215.44,,,,,,,,,,,,,,,,,,,,,,true,true,12,2018-04-01,2019-03-31,0
2018-07-26,81740,2018-03-31,1,,,,,,,,,,,,,,,,,,,,137953000000,72076000000,0.522,,72069000000,,,,,,,,,,,,true,false,12,2017-04-01,2018-03-31,-1
2018-07-26,81740,2018-03-31,1,,,,,,,,,,,,,,,,,,,,,,,,,,,,,42.00,,,,48561525,5858603,,false,false,12,2017-04-01,2018-03-31,-1
2018-07-26,81740,2019-03-31,1,,,,,,,,,,,,,,,,,,,,,,,,,,,,,46.00,,,,,,,false,true,12,2018-04-01,2019-03-31,0
2018-07-26,81740,2019-03-31,1,,,,,,,,,,,,,,,,,,,,,,,,,,,,,,,,,48561525,5853237,42704201,false,false,3,2018-04-01,2018-06-30,0
2018-07-26,81740,2018-03-31,1,,,,,,,,,,,,,,,,,,,,,,,,,,,,,,,,,,,42697930,false,false,3,2017-04-01,2017-06-30,-1
2018-10-25,81740,2019-03-31,2,51932000000,0.072,,,,,1258000000,-0.165,851000000,-0.466,,382000000,,8.97,,,,,,127403000000,71340000000,0.560,,71335000000,,,,,,,,,,,,true,false,6,2018-04-01,2018-09-30,0
2018-10-25,81740,2018-03-31,2,48465000000,-0.008,,,,,1508000000,-0.683,1595000000,-0.655,,1087000000,,25.47,,,,,,,,,,,,,,,,,,,,,,true,false,6,2017-04-01,2017-09-30,-1
2018-10-25,81740,2019-03-31,2,125000000000,0.090,,,,,9000000000,-0.158,8000000000,-0.279,,5100000000,,119.38,,,,,,,,,,,,,,,,,,,,,,true,true,12,2018-04-01,2019-03-31,0
2018-10-25,81740,2018-03-31,2,,,,,,,,,,,,,,,,,,,,137953000000,72076000000,0.522,,72069000000,,,,,,,,,,,,true,false,12,2017-04-01,2018-03-31,-1
2018-10-25,81740,2018-03-31,2,,,,,,,,,,,,,,,,,,,,,,,,,,,,,42.00,,,,48561525,5858603,,false,false,12,2017-04-01,2018-03-31,-1
2018-10-25,81740,2019-03-31,2,,,,,,,,,,,,,,,,,,,,,,,,,,,,,23.00,,,,,,,false,false,12,2018-04-01,2019-03-31,0
2018-10-25,81740,2019-03-31,2,,,,,,,,,,,,,,,,,,,,,,,,,,,,,70.00,,,,,,,false,true,12,2018-04-01,2019-03-31,0
2018-10-25,81740,2019-03-31,2,,,,,,,,,,,,,,,,,,,,,,,,,,,,,,,,,48561525,5840524,42711443,false,false,6,2018-04-01,2018-09-30,0
2018-10-25,81740,2018-03-31,2,,,,,,,,,,,,,,,,,,,,,,,,,,,,,,,,,,,42700322,false,false,6,2017-04-01,2017-09-30,-1
2018-10-25,81740,2019-03-31,,96700000000,-0.043,,,,,,,4300000000,-0.527,3000000000,,-0.524,70.22,,,,,,,,,,,,,,,,,,,,,,false,true,12,2018-04-01,2019-03-31,0
2018-10-25,81740,2018-03-31,,82831000000,,,,,,,,6318000000,,4066000000,,,95.22,,,,,,,,,,,,,,,,,,,,,,false,false,12,2017-04-01,2018-03-31,-1
2019-01-31,81740,2019-03-31,3,82677000000,0.063,,,,,2821000000,-0.207,2005000000,-0.533,,989000000,,23.17,,,,,,138725000000,69562000000,0.501,,69558000000,,,,,,,,,,,,true,false,9,2018-04-01,2018-12-31,0
2019-01-31,81740,2018-03-31,3,77792000000,0.024,,,,,3557000000,-0.473,4297000000,-0.366,,3149000000,,73.76,,,,,,,,,,,,,,,,,,,,,,true,false,9,2017-04-01,2017-12-31,-1
2019-01-31,81740,2019-03-31,3,125000000000,0.090,,,,,9000000000,-0.158,8000000000,-0.279,,5100000000,,119.38,,,,,,,,,,,,,,,,,,,,,,true,true,12,2018-04-01,2019-03-31,0
2019-01-31,81740,2018-03-31,3,,,,,,,,,,,,,,,,,,,,137953000000,72076000000,0.522,,72069000000,,,,,,,,,,,,true,false,12,2017-04-01,2018-03-31,-1
2019-01-31,81740,2018-03-31,3,,,,,,,,,,,,,,,,,,,,,,,,,,,,,42.00,,,,48561525,5858603,,false,false,12,2017-04-01,2018-03-31,-1
2019-01-31,81740,2019-03-31,3,,,,,,,,,,,,,,,,,,,,,,,,,,,,,23.00,,,,,,,false,false,12,2018-04-01,2019-03-31,0
2019-01-31,81740,2019-03-31,3,,,,,,,,,,,,,,,,,,,,,,,,,,,,,70.00,,,,,,,false,true,12,2018-04-01,2019-03-31,0
2019-01-31,81740,2019-03-31,3,,,,,,,,,,,,,,,,,,,,,,,,,,,,,,,,,42973466,421615,42689190,false,false,9,2018-04-01,2018-12-31,0
2019-01-31,81740,2018-03-31,3,,,,,,,,,,,,,,,,,,,,,,,,,,,,,,,,,,,42701208,false,false,9,2017-04-01,2017-12-31,-1
2019-04-25,81740,2019-03-31,,122577000000,0.068,,,,,8927000000,-0.165,7375000000,-0.335,,4328000000,,101.69,,0.061,0.053,0.073,,141267000000,69064000000,0.489,1665.08,69059000000,15151000000,-26846000000,-1570000000,18193000000,,0.688,,,,,,true,false,12,2018-04-01,2019-03-31,0
2019-04-25,81740,2018-03-31,,114725000000,0.047,,,,,10689000000,-0.124,11093000000,-0.089,,7798000000,,182.62,,0.112,0.080,0.093,,137953000000,72076000000,0.522,1687.70,72069000000,15597000000,-7059000000,-8454000000,31437000000,,0.230,,,,,,true,false,12,2017-04-01,2018-03-31,-1
2019-04-25,81740,2020-03-31,,56000000000,0.078,,,,,2100000000,0.668,1400000000,0.644,,600000000,,14.47,,,,,,,,,,,,,,,,,,,,,,true,true,6,2019-04-01,2019-09-30,1
2019-04-25,81740,2020-03-31,,135000000000,0.101,,,,,10500000000,0.176,9000000000,0.220,,5600000000,,135.02,,,,,,,,,,,,,,,,0.518,,,,,,true,true,12,2019-04-01,2020-03-31,1
2019-04-25,81740,2019-03-31,,91859000000,0.109,,,,,5125000000,-0.154,5218000000,-0.174,3266000000,,-0.197,76.75,,,,,,115906000000,47017000000,0.406,1133.64,47017000000,,,,,70.00,,,,42973466,1498332,42562918,false,false,12,2018-04-01,2019-03-31,0
2019-04-25,81740,2018-03-31,,82831000000,0.256,,,,,6061000000,-0.232,6318000000,-0.204,4066000000,,-0.043,95.22,,,,,,108148000000,51033000000,0.472,1195.08,51033000000,,,,,42.00,,,,48561525,5858603,42701625,false,false,12,2017-04-01,2018-03-31,-1
2019-04-25,81740,2020-03-31,,44700000000,0.173,,,,,,,1500000000,0.332,1100000000,,0.097,26.52,,,,,,,,,,,,,,,,,,,,,,false,true,6,2019-04-01,2019-09-30,1
2019-04-25,81740,2020-03-31,,110000000000,0.197,,,,,,,6200000000,0.188,4300000000,,0.316,103.68,,,,,,,,,,,,,,,70.00,,,,,,,false,true,12,2019-04-01,2020-03-31,1
2019-07-30,81740,2020-03-31,1,32768000000,0.143,,,,,3436000000,0.904,3065000000,0.933,,2151000000,,51.90,,,,,,137898000000,68882000000,0.499,,68877000000,,,,,,,,,,,,true,false,3,2019-04-01,2019-06-30,0
2019-07-30,81740,2019-03-31,1,28676000000,0.072,,,,,1804000000,-0.155,1585000000,-0.292,,1017000000,,23.83,,,,,,,,,,,,,,,,,,,,,,true,false,3,2018-04-01,2018-06-30,-1
2019-07-30,81740,2020-03-31,1,56000000000,0.078,,,,,2100000000,0.668,1400000000,0.644,,600000000,,14.47,,,,,,,,,,,,,,,,,,,,,,true,true,6,2019-04-01,2019-09-30,0
2019-07-30,81740,2020-03-31,1,135000000000,0.101,,,,,10500000000,0.176,9000000000,0.220,,5600000000,,135.02,,,,,,,,,,,,,,,,,,,,,,true,true,12,2019-04-01,2020-03-31,0
2019-07-30,81740,2019-03-31,1,,,,,,,,,,,,,,,,,,,,141267000000,69064000000,0.489,,69059000000,,,,,,,,,,,,true,false,12,2018-04-01,2019-03-31,-1
2019-07-30,81740,2019-03-31,1,,,,,,,,,,,,,,,,,,,,,,,,,,,,,70.00,,,,42973466,1498332,,false,false,12,2018-04-01,2019-03-31,-1
2019-07-30,81740,2020-03-31,1,,,,,,,,,,,,,,,,,,,,,,,,,,,,,70.00,,,,,,,false,true,12,2019-04-01,2020-03-31,0
2019-07-30,81740,2020-03-31,1,,,,,,,,,,,,,,,,,,,,,,,,,,,,,,,,,41773466,362616,41459879,false,false,3,2019-04-01,2019-06-30,0
2019-07-30,81740,2019-03-31,1,,,,,,,,,,,,,,,,,,,,,,,,,,,,,,,,,,,42704201,false,false,3,2018-04-01,2018-06-30,-1
2019-10-31,81740,2020-03-31,2,59294000000,0.142,,,,,3210000000,1.550,2917000000,2.425,,2013000000,,48.76,,,,,,132673000000,66990000000,0.505,,66985000000,,,,,,,,,,,,true,false,6,2019-04-01,2019-09-30,0
2019-10-31,81740,2019-03-31,2,51932000000,0.072,,,,,1258000000,-0.165,851000000,-0.466,,382000000,,8.97,,,,,,,,,,,,,,,,,,,,,,true,false,6,2018-04-01,2018-09-30,-1
2019-10-31,81740,2020-03-31,2,135000000000,,,,,,11000000000,,10000000000,,,6500000000,,157.41,,,,,,,,,,,,,,,,,,,,,,true,true,12,2019-04-01,2020-03-31,0
2019-10-31,81740,2019-03-31,2,,,,,,,,,,,,,,,,,,,,141267000000,69064000000,0.489,,69059000000,,,,,,,,,,,,true,false,12,2018-04-01,2019-03-31,-1
2019-10-31,81740,2019-03-31,2,,,,,,,,,,,,,,,,,,,,,,,,,,,,,70.00,,,,42973466,1498332,,false,false,12,2018-04-01,2019-03-31,-1
2019-10-31,81740,2020-03-31,2,,,,,,,,,,,,,,,,,,,,,,,,,,,,,35.00,,,,,,,false,false,12,2019-04-01,2020-03-31,0
2019-10-31,81740,2020-03-31,2,,,,,,,,,,,,,,,,,,,,,,,,,,,,,70.00,,,,,,,false,true,12,2019-04-01,2020-03-31,0
2019-10-31,81740,2020-03-31,2,,,,,,,,,,,,,,,,,,,,,,,,,,,,,,,,,41773466,938036,41293928,false,false,6,2019-04-01,2019-09-30,0
2019-10-31,81740,2019-03-31,2,,,,,,,,,,,,,,,,,,,,,,,,,,,,,,,,,,,42711443,false,false,6,2018-04-01,2018-09-30,-1
2019-10-31,81740,2020-03-31,,59294000000,0.059,,,,,3210000000,0.529,2917000000,1.084,2013000000,,2.355,48.76,,,,,,,,,,,,,,,,,,,,,,true,true,6,2019-04-01,2019-09-30,0
2019-10-31,81740,2019-03-31,,51932000000,,,,,,1258000000,,851000000,,382000000,,,8.97,,,,,,,,,,,,,,,,,,,,,,true,false,6,2018-04-01,2018-09-30,-1
2019-10-31,81740,2020-03-31,,135000000000,,,,,,11000000000,0.048,10000000000,0.111,6500000000,,0.161,157.41,,,,,,,,,,,,,,,,,,,,,,true,true,12,2019-04-01,2020-03-31,0
2019-10-31,81740,2019-03-31,,122577000000,,,,,,8927000000,,7375000000,,4328000000,,,101.69,,,,,,,,,,,,,,,,,,,,,,true,false,12,2018-04-01,2019-03-31,-1
2019-10-31,81740,2020-03-31,,44601000000,-0.002,,,,,,,2888000000,0.925,2474000000,,1.250,59.93,,,,,,,,,,,,,,,,,,,,,,false,true,6,2019-04-01,2019-09-30,0
2019-10-31,81740,2019-03-31,,38100000000,,,,,,,,1125000000,,1002000000,,,23.47,,,,,,,,,,,,,,,,,,,,,,false,false,6,2018-04-01,2018-09-30,-1
2019-10-31,81740,2020-03-31,,110000000000,,,,,,,,7400000000,0.194,5200000000,,0.209,125.93,,,,,,,,,,,,,,,,,,,,,,false,true,12,2019-04-01,2020-03-31,0
2019-10-31,81740,2019-03-31,,91859000000,,,,,,,,5218000000,,3266000000,,,76.75,,,,,,,,,,,,,,,,,,,,,,false,false,12,2018-04-01,2019-03-31,-1
2020-02-04,81740,2020-03-31,3,91325000000,0.105,,,,,5519000000,0.956,5062000000,1.525,,3235000000,,78.88,,,,,,139355000000,64420000000,0.462,,64416000000,,,,,,,,,,,,true,false,9,2019-04-01,2019-12-31,0
2020-02-04,81740,2019-03-31,3,82677000000,0.063,,,,,2821000000,-0.207,2005000000,-0.533,,989000000,,23.17,,,,,,,,,,,,,,,,,,,,,,true,false,9,2018-04-01,2018-12-31,-1
2020-02-04,81740,2020-03-31,3,135000000000,,,,,,11000000000,,10000000000,,,6500000000,,157.41,,,,,,,,,,,,,,,,,,,,,,true,true,12,2019-04-01,2020-03-31,0
2020-02-04,81740,2019-03-31,3,,,,,,,,,,,,,,,,,,,,141267000000,69064000000,0.489,,69059000000,,,,,,,,,,,,true,false,12,2018-04-01,2019-03-31,-1
2020-02-04,81740,2019-03-31,3,,,,,,,,,,,,,,,,,,,,,,,,,,,,,70.00,,,,42973466,1498332,,false,false,12,2018-04-01,2019-03-31,-1
2020-02-04,81740,2020-03-31,3,,,,,,,,,,,,,,,,,,,,,,,,,,,,,35.00,,,,,,,false,false,12,2019-04-01,2020-03-31,0
2020-02-04,81740,2020-03-31,3,,,,,,,,,,,,,,,,,,,,,,,,,,,,,70.00,,,,,,,false,true,12,2019-04-01,2020-03-31,0
2020-02-04,81740,2020-03-31,3,,,,,,,,,,,,,,,,,,,,,,,,,,,,,,,,,41773466,1665195,41011829,false,false,9,2019-04-01,2019-12-31,0
2020-02-04,81740,2019-03-31,3,,,,,,,,,,,,,,,,,,,,,,,,,,,,,,,,,,,42711443,false,false,9,2018-04-01,2018-12-31,-1
2020-04-30,81740,2020-03-31,,132496000000,0.081,,,,,11519000000,0.290,10682000000,0.448,,7742000000,,189.98,,0.113,0.078,0.087,,132521000000,68355000000,0.516,1712.64,68350000000,15975000000,4679000000,-22330000000,16528000000,,0.369,,,,,,true,false,12,2019-04-01,2020-03-31,0
2020-04-30,81740,2019-03-31,,122577000000,0.068,,,,,8927000000,-0.165,7375000000,-0.335,,4328000000,,101.69,,0.061,0.053,0.073,,141267000000,69064000000,0.489,1665.08,69059000000,15151000000,-26846000000,-1570000000,18193000000,,0.688,,,,,,true,false,12,2018-04-01,2019-03-31,-1
2020-04-30,81740,2021-03-31,,63000000000,0.063,,,,,2900000000,-0.097,2850000000,-0.023,,1800000000,,45.10,,,,,,,,,,,,,,,,,,,,,,true,true,6,2020-04-01,2020-09-30,1
2020-04-30,81740,2021-03-31,,140000000000,0.057,,,,,12500000000,0.085,12200000000,0.142,,8000000000,,200.45,,,,,,,,,,,,,,,,0.499,,,,,,true,true,12,2020-04-01,2021-03-31,1
2020-04-30,81740,2020-03-31,,101706000000,0.107,,,,,7435000000,0.451,8472000000,0.624,5624000000,,0.722,137.99,,,,,,106354000000,44190000000,0.415,1107.26,44190000000,,,,,70.00,,,,41773466,1863980,40757442,false,false,12,2019-04-01,2020-03-31,0
2020-04-30,81740,2019-03-31,,91859000000,0.109,,,,,5125000000,-0.154,5218000000,-0.174,3266000000,,-0.197,76.75,,,,,,115906000000,47017000000,0.406,1133.64,47017000000,,,,,70.00,,,,42973466,1498332,42562918,false,false,12,2018-04-01,2019-03-31,-1
2020-04-30,81740,2021-03-31,,47000000000,0.054,,,,,,,2650000000,-0.082,2000000000,,-0.192,50.10,,,,,,,,,,,,,,,,,,,,,,false,true,6,2020-04-01,2020-09-30,1
2020-04-30,81740,2021-03-31,,107000000000,0.052,,,,,,,9800000000,0.157,7000000000,,0.245,175.40,,,,,,,,,,,,,,,100.00,,,,,,,false,true,12,2020-04-01,2021-03-31,1
2020-07-30,81740,2021-03-31,1,33620000000,0.026,,,,,3722000000,0.083,3803000000,0.241,,2642000000,,66.21,,,,,,132741000000,69793000000,0.526,,69788000000,,,,,,,,,,,,true,false,3,2020-04-01,2020-06-30,0
2020-07-30,81740,2020-03-31,1,32768000000,0.143,,,,,3436000000,0.904,3065000000,0.933,,2151000000,,51.90,,,,,,,,,,,,,,,,,,,,,,true,false,3,2019-04-01,2019-06-30,-1
2020-07-30,81740,2021-03-31,1,63000000000,0.063,,,,,2900000000,-0.097,2850000000,-0.023,,1800000000,,45.10,,,,,,,,,,,,,,,,,,,,,,true,true,6,2020-04-01,2020-09-30,0
2020-07-30,81740,2021-03-31,1,140000000000,0.057,,,,,12500000000,0.085,12200000000,0.142,,8000000000,,200.45,,,,,,,,,,,,,,,,,,,,,,true,true,12,2020-04-01,2021-03-31,0
2020-07-30,81740,2020-03-31,1,,,,,,,,,,,,,,,,,,,,132521000000,68355000000,0.516,,68350000000,,,,,,,,,,,,true,false,12,2019-04-01,2020-03-31,-1
2020-07-30,81740,2020-03-31,1,,,,,,,,,,,,,,,,,,,,,,,,,,,,,70.00,,,,41773466,1863980,,false,false,12,2019-04-01,2020-03-31,-1
2020-07-30,81740,2021-03-31,1,,,,,,,,,,,,,,,,,,,,,,,,,,,,,100.00,,,,,,,false,true,12,2020-04-01,2021-03-31,0
2020-07-30,81740,2021-03-31,1,,,,,,,,,,,,,,,,,,,,,,,,,,,,,,,,,41773466,1854454,39912521,false,false,3,2020-04-01,2020-06-30,0
2020-07-30,81740,2020-03-31,1,,,,,,,,,,,,,,,,,,,,,,,,,,,,,,,,,,,41459879,false,false,3,2019-04-01,2019-06-30,-1
2020-11-02,81740,2021-03-31,2,61489000000,0.037,,,,,3745000000,0.167,3925000000,0.346,,2421000000,,60.77,,,,,,132756000000,68432000000,0.515,,68428000000,,,,,,,,,,,,true,false,6,2020-04-01,2020-09-30,0
2020-11-02,81740,2020-03-31,2,59294000000,0.142,,,,,3210000000,1.550,2917000000,2.425,,2013000000,,48.76,,,,,,,,,,,,,,,,,,,,,,true,false,6,2019-04-01,2019-09-30,-1
2020-11-02,81740,2021-03-31,2,140000000000,0.057,,,,,13000000000,0.129,13100000000,0.226,,8500000000,,213.35,,,,,,,,,,,,,,,,,,,,,,true,true,12,2020-04-01,2021-03-31,0
2020-11-02,81740,2020-03-31,2,,,,,,,,,,,,,,,,,,,,132521000000,68355000000,0.516,,68350000000,,,,,,,,,,,,true,false,12,2019-04-01,2020-03-31,-1
2020-11-02,81740,2020-03-31,2,,,,,,,,,,,,,,,,,,,,,,,,,,,,,70.00,,,,41773466,1863980,,false,false,12,2019-04-01,2020-03-31,-1
2020-11-02,81740,2021-03-31,2,,,,,,,,,,,,,,,,,,,,,,,,,,,,,62.50,,,,,,,false,false,12,2020-04-01,2021-03-31,0
2020-11-02,81740,2021-03-31,2,,,,,,,,,,,,,,,,,,,,,,,,,,,,,125.00,,,,,,,false,true,12,2020-04-01,2021-03-31,0
2020-11-02,81740,2021-03-31,2,,,,,,,,,,,,,,,,,,,,,,,,,,,,,,,,,41773466,2115198,39841352,false,false,6,2020-04-01,2020-09-30,0
2020-11-02,81740,2020-03-31,2,,,,,,,,,,,,,,,,,,,,,,,,,,,,,,,,,,,41293928,false,false,6,2019-04-01,2019-09-30,-1
2020-11-02,81740,2021-03-31,,61489000000,-0.024,,,,,3745000000,0.291,3925000000,0.377,2421000000,,0.345,60.77,,,,,,,,,,,,,,,,,,,,,,true,true,6,2020-04-01,2020-09-30,0
2020-11-02,81740,2020-03-31,,59294000000,,,,,,3210000000,,2917000000,,2013000000,,,48.76,,,,,,,,,,,,,,,,,,,,,,true,false,6,2019-04-01,2019-09-30,-1
2020-11-02,81740,2021-03-31,,140000000000,,,,,,13000000000,0.040,13100000000,0.074,8500000000,,0.063,213.35,,,,,,,,,,,,,,,,,,,,,,true,true,12,2020-04-01,2021-03-31,0
2020-11-02,81740,2020-03-31,,132496000000,,,,,,11519000000,,10682000000,,7742000000,,,189.98,,,,,,,,,,,,,,,,,,,,,,true,false,12,2019-04-01,2020-03-31,-1
2021-01-28,81740,2021-03-31,3,95042000000,0.041,,,,,6831000000,0.238,7120000000,0.407,,4484000000,,112.82,,,,,,135223000000,65684000000,0.486,,65681000000,,,,,,,,,,,,true,false,9,2020-04-01,2020-12-31,0
2021-01-28,81740,2020-03-31,3,91325000000,0.105,,,,,5519000000,0.956,5062000000,1.525,,3235000000,,78.88,,,,,,,,,,,,,,,,,,,,,,true,false,9,2019-04-01,2019-12-31,-1
2021-01-28,81740,2021-03-31,3,140000000000,0.057,,,,,13500000000,0.172,13600000000,0.273,,8800000000,,221.40,,,,,,,,,,,,,,,,,,,,,,true,true,12,2020-04-01,2021-03-31,0
2021-01-28,81740,2020-03-31,3,,,,,,,,,,,,,,,,,,,,132521000000,68355000000,0.516,,68350000000,,,,,,,,,,,,true,false,12,2019-04-01,2020-03-31,-1
2021-01-28,81740,2020-03-31,3,,,,,,,,,,,,,,,,,,,,,,,,,,,,,70.00,,,,41773466,1863980,,false,false,12,2019-04-01,2020-03-31,-1
2021-01-28,81740,2021-03-31,3,,,,,,,,,,,,,,,,,,,,,,,,,,,,,62.50,,,,,,,false,false,12,2020-04-01,2021-03-31,0
2021-01-28,81740,2021-03-31,3,,,,,,,,,,,,,,,,,,,,,,,,,,,,,125.00,,,,,,,false,true,12,2020-04-01,2021-03-31,0
2021-01-28,81740,2021-03-31,3,,,,,,,,,,,,,,,,,,,,,,,,,,,,,,,,,40197166,946148,39746530,false,false,9,2020-04-01,2020-12-31,0
2021-01-28,81740,2020-03-31,3,,,,,,,,,,,,,,,,,,,,,,,,,,,,,,,,,,,41011829,false,false,9,2019-04-01,2019-12-31,-1
2021-04-27,81740,2021-03-31,,143490000000,0.083,,,,,13627000000,0.183,14062000000,0.316,,9373000000,,78.94,,0.136,0.103,0.095,,140120000000,69342000000,0.495,592.64,69338000000,16068000000,-14513000000,-5706000000,12411000000,,0.528,,,,,,true,false,12,2020-04-01,2021-03-31,0
2021-04-27,81740,2020-03-31,,132496000000,0.081,,,,,11519000000,0.290,10682000000,0.448,,7742000000,,63.33,,0.113,0.078,0.087,,132521000000,68355000000,0.516,570.88,68350000000,15975000000,4679000000,-22330000000,16528000000,,0.369,,,,,,true,false,12,2019-04-01,2020-03-31,-1
2021-04-27,81740,2022-03-31,,64000000000,0.040,,,,,2800000000,-0.252,2900000000,-0.268,,1900000000,,16.24,,,,,,,,,,,,,,,,,,,,,,true,true,6,2021-04-01,2021-09-30,1
2021-04-27,81740,2022-03-31,,150000000000,0.042,,,,,14500000000,0.064,14600000000,0.038,,10000000000,,85.47,,,,,,,,,,,,,,,,0.585,,,,,,true,true,12,2021-04-01,2022-03-31,1
2021-04-27,81740,2021-03-31,,110853000000,0.090,,,,,8808000000,0.185,10538000000,0.244,7762000000,,0.380,65.37,,,,,,115486000000,43573000000,0.377,372.43,43573000000,,,,,125.00,,,,120591498,3592506,118739763,false,false,12,2020-04-01,2021-03-31,0
2021-04-27,81740,2020-03-31,,101706000000,0.107,,,,,7435000000,0.451,8472000000,0.624,5624000000,,0.722,46.00,,,,,,106354000000,44190000000,0.415,369.09,44190000000,,,,,70.00,,,,125320398,5591940,122272326,false,false,12,2019-04-01,2020-03-31,-1
2021-04-27,81740,2022-03-31,,,,,,,,,,,,,,,,,,,,,,,,,,,,,,50.00,,,,,,,false,true,12,2021-04-01,2022-03-31,1
2021-07-29,81740,2022-03-31,1,34697000000,,,,,,2565000000,,2577000000,,,1772000000,,15.18,,,,,,140489000000,69462000000,0.494,,69458000000,,,,,,,,,,,,true,false,3,2021-04-01,2021-06-30,0
2021-07-29,81740,2021-03-31,1,33620000000,0.026,,,,,3722000000,0.083,3803000000,0.241,,2642000000,,22.07,,,,,,,,,,,,,,,,,,,,,,true,false,3,2020-04-01,2020-06-30,-1
2021-07-29,81740,2022-03-31,1,64000000000,0.040,,,,,2800000000,-0.252,2800000000,-0.287,,2700000000,,23.21,,,,,,,,,,,,,,,,,,,,,,true,true,6,2021-04-01,2021-09-30,0
2021-07-29,81740,2022-03-31,1,150000000000,0.042,,,,,14500000000,0.064,14500000000,0.031,,10500000000,,90.25,,,,,,,,,,,,,,,,,,,,,,true,true,12,2021-04-01,2022-03-31,0
2021-07-29,81740,2021-03-31,1,,,,,,,,,,,,,,,,,,,,140120000000,69342000000,0.495,,69338000000,,,,,,,,,,,,true,false,12,2020-04-01,2021-03-31,-1
2021-07-29,81740,2021-03-31,1,,,,,,,,,,,,,,,,,,,,,,,,,,,,,125.00,,,,120591498,3592506,,false,false,12,2020-04-01,2021-03-31,-1
2021-07-29,81740,2022-03-31,1,,,,,,,,,,,,,,,,,,,,,,,,,,,,,50.00,,,,,,,false,true,12,2021-04-01,2022-03-31,0
2021-07-29,81740,2022-03-31,1,,,,,,,,,,,,,,,,,,,,,,,,,,,,,,,,,118603698,2263585,116806315,false,false,3,2021-04-01,2021-06-30,0
2021-07-29,81740,2021-03-31,1,,,,,,,,,,,,,,,,,,,,,,,,,,,,,,,,,,,119737563,false,false,3,2020-04-01,2020-06-30,-1
2021-10-28,81740,2022-03-31,2,65410000000,,,,,,2322000000,,2342000000,,,2448000000,,21.08,,,,,,140701000000,67668000000,0.481,,67665000000,,,,,,,,,,,,true,false,6,2021-04-01,2021-09-30,0
2021-10-28,81740,2021-03-31,2,61489000000,0.037,,,,,3745000000,0.167,3925000000,0.346,,2421000000,,20.26,,,,,,,,,,,,,,,,,,,,,,true,false,6,2020-04-01,2020-09-30,-1
2021-10-28,81740,2022-03-31,2,150000000000,0.042,,,,,14500000000,0.064,14500000000,0.031,,10500000000,,91.27,,,,,,,,,,,,,,,,,,,,,,true,true,12,2021-04-01,2022-03-31,0
2021-10-28,81740,2021-03-31,2,,,,,,,,,,,,,,,,,,,,140120000000,69342000000,0.495,,69338000000,,,,,,,,,,,,true,false,12,2020-04-01,2021-03-31,-1
2021-10-28,81740,2021-03-31,2,,,,,,,,,,,,,,,,,,,,,,,,,,,,,125.00,,,,120591498,3592506,,false,false,12,2020-04-01,2021-03-31,-1
2021-10-28,81740,2022-03-31,2,,,,,,,,,,,,,,,,,,,,,,,,,,,,,25.00,,,,,,,false,false,12,2021-04-01,2022-03-31,0
2021-10-28,81740,2022-03-31,2,,,,,,,,,,,,,,,,,,,,,,,,,,,,,50.00,,,,,,,false,true,12,2021-04-01,2022-03-31,0
2021-10-28,81740,2022-03-31,2,,,,,,,,,,,,,,,,,,,,,,,,,,,,,,,,,118603698,3558019,116141744,false,false,6,2021-04-01,2021-09-30,0
2021-10-28,81740,2021-03-31,2,,,,,,,,,,,,,,,,,,,,,,,,,,,,,,,,,,,119524056,false,false,6,2020-04-01,2020-09-30,-1
2022-01-27,81740,2022-03-31,3,107134000000,,,,,,6291000000,,6354000000,,,5161000000,,44.56,,,,,,149453000000,67432000000,0.451,,67429000000,,,,,,,,,,,,true,false,9,2021-04-01,2021-12-31,0
2022-01-27,81740,2021-03-31,3,95042000000,0.041,,,,,6831000000,0.238,7120000000,0.407,,4484000000,,37.61,,,,,,,,,,,,,,,,,,,,,,true,false,9,2020-04-01,2020-12-31,-1
2022-01-27,81740,2022-03-31,3,160000000000,0.115,,,,,13000000000,-0.046,13000000000,-0.076,,10000000000,,86.47,,,,,,,,,,,,,,,,,,,,,,true,true,12,2021-04-01,2022-03-31,0
2022-01-27,81740,2021-03-31,3,,,,,,,,,,,,,,,,,,,,140120000000,69342000000,0.495,,69338000000,,,,,,,,,,,,true,false,12,2020-04-01,2021-03-31,-1
2022-01-27,81740,2021-03-31,3,,,,,,,,,,,,,,,,,,,,,,,,,,,,,125.00,,,,120591498,3592506,,false,false,12,2020-04-01,2021-03-31,-1
2022-01-27,81740,2022-03-31,3,,,,,,,,,,,,,,,,,,,,,,,,,,,,,25.00,,,,,,,false,false,12,2021-04-01,2022-03-31,0
2022-01-27,81740,2022-03-31,3,,,,,,,,,,,,,,,,,,,,,,,,,,,,,50.00,,,,,,,false,true,12,2021-04-01,2022-03-31,0
2022-01-27,81740,2022-03-31,3,,,,,,,,,,,,,,,,,,,,,,,,,,,,,,,,,118603698,3544363,115817095,false,false,9,2021-04-01,2021-12-31,0
2022-01-27,81740,2021-03-31,3,,,,,,,,,,,,,,,,,,,,,,,,,,,,,,,,,,,119239590,false,false,9,2020-04-01,2020-12-31,-1
2022-04-27,81740,2022-03-31,,162552000000,0.133,,,,,12786000000,-0.062,12930000000,-0.081,,9972000000,,86.24,,0.141,0.088,0.079,,153811000000,71890000000,0.467,624.79,71887000000,20694000000,-8792000000,-7407000000,16912000000,,0.580,,,,,,true,false,12,2021-04-01,2022-03-31,0
2022-04-27,81740,2021-03-31,,143490000000,0.083,,,,,13627000000,0.183,14062000000,0.316,,9373000000,,78.94,,0.136,0.103,0.095,,140120000000,69342000000,0.495,592.64,69338000000,16068000000,-14513000000,-5706000000,12411000000,,0.528,,,,,,true,false,12,2020-04-01,2021-03-31,-1
2022-04-27,81740,2023-03-31,,80000000000,0.223,,,,,2500000000,0.077,2500000000,0.068,,1700000000,,14.88,,,,,,,,,,,,,,,,,,,,,,true,true,6,2022-04-01,2022-09-30,1
2022-04-27,81740,2023-03-31,,190000000000,0.169,,,,,16500000000,0.291,16500000000,0.276,,11000000000,,96.79,,,,,,,,,,,,,,,,0.672,,,,,,true,true,12,2022-04-01,2023-03-31,1
2022-04-27,81740,2022-03-31,,103351000000,-0.068,,,,,6960000000,-0.210,9835000000,-0.067,8706000000,,0.122,75.29,,,,,,128750000000,44681000000,0.347,388.33,44681000000,,,,,50.00,,,,118603698,3544616,115642189,false,false,12,2021-04-01,2022-03-31,0
2022-04-27,81740,2021-03-31,,110853000000,0.090,,,,,8808000000,0.185,10538000000,0.244,7762000000,,0.380,65.37,,,,,,115486000000,43573000000,0.377,372.43,43573000000,,,,,125.00,,,,120591498,3592506,118739763,false,false,12,2020-04-01,2021-03-31,-1
2022-04-27,81740,2023-03-31,,,,,,,,,,,,,,,,,,,,,,,,,,,,,,65.00,,,,,,,false,true,12,2022-04-01,2023-03-31,1
2022-08-02,81740,2023-03-31,1,44789000000,0.291,,,,,3804000000,0.483,3838000000,0.489,,2658000000,,23.18,,,,,,143325000000,69805000000,0.487,,69802000000,,,,,,,,,,,,true,false,3,2022-04-01,2022-06-30,0
2022-08-02,81740,2022-03-31,1,34697000000,,,,,,2565000000,,2577000000,,,1772000000,,15.18,,,,,,,,,,,,,,,,,,,,,,true,false,3,2021-04-01,2021-06-30,-1
2022-08-02,81740,2023-03-31,1,80000000000,0.223,,,,,3200000000,0.378,3200000000,0.366,,2200000000,,19.26,,,,,,,,,,,,,,,,,,,,,,true,true,6,2022-04-01,2022-09-30,0
2022-08-02,81740,2023-03-31,1,190000000000,0.169,,,,,16500000000,0.291,16500000000,0.276,,11000000000,,96.67,,,,,,,,,,,,,,,,,,,,,,true,true,12,2022-04-01,2023-03-31,0
2022-08-02,81740,2022-03-31,1,,,,,,,,,,,,,,,,,,,,153811000000,71890000000,0.467,,71887000000,,,,,,,,,,,,true,false,12,2021-04-01,2022-03-31,-1
2022-08-02,81740,2022-03-31,1,,,,,,,,,,,,,,,,,,,,,,,,,,,,,50.00,,,,118603698,3544616,,false,false,12,2021-04-01,2022-03-31,-1
2022-08-02,81740,2023-03-31,1,,,,,,,,,,,,,,,,,,,,,,,,,,,,,65.00,,,,,,,false,true,12,2022-04-01,2023-03-31,0
2022-08-02,81740,2023-03-31,1,,,,,,,,,,,,,,,,,,,,,,,,,,,,,,,,,116603698,2393599,114689077,false,false,3,2022-04-01,2022-06-30,0
2022-08-02,81740,2022-03-31,1,,,,,,,,,,,,,,,,,,,,,,,,,,,,,,,,,,,116806315,false,false,3,2021-04-01,2021-06-30,-1
2022-11-01,81740,2023-03-31,2,85115000000,0.301,,,,,2737000000,0.179,2800000000,0.195,,1875000000,,16.40,,,,,,141979000000,68408000000,0.482,,68405000000,,,,,,,,,,,,true,false,6,2022-04-01,2022-09-30,0
2022-11-01,81740,2022-03-31,2,65410000000,,,,,,2322000000,,2342000000,,,2448000000,,21.08,,,,,,,,,,,,,,,,,,,,,,true,false,6,2021-04-01,2021-09-30,-1
2022-11-01,81740,2023-03-31,2,190000000000,0.169,,,,,16500000000,0.291,16500000000,0.276,,11000000000,,96.52,,,,,,,,,,,,,,,,,,,,,,true,true,12,2022-04-01,2023-03-31,0
2022-11-01,81740,2022-03-31,2,,,,,,,,,,,,,,,,,,,,153811000000,71890000000,0.467,,71887000000,,,,,,,,,,,,true,false,12,2021-04-01,2022-03-31,-1
2022-11-01,81740,2022-03-31,2,,,,,,,,,,,,,,,,,,,,,,,,,,,,,50.00,,,,118603698,3544616,,false,false,12,2021-04-01,2022-03-31,-1
2022-11-01,81740,2023-03-31,2,,,,,,,,,,,,,,,,,,,,,,,,,,,,,32.50,,,,,,,false,false,12,2022-04-01,2023-03-31,0
2022-11-01,81740,2023-03-31,2,,,,,,,,,,,,,,,,,,,,,,,,,,,,,65.00,,,,,,,false,true,12,2022-04-01,2023-03-31,0
2022-11-01,81740,2023-03-31,2,,,,,,,,,,,,,,,,,,,,,,,,,,,,,,,,,116603698,2694699,114358172,false,false,6,2022-04-01,2022-09-30,0
2022-11-01,81740,2022-03-31,2,,,,,,,,,,,,,,,,,,,,,,,,,,,,,,,,,,,116141744,false,false,6,2021-04-01,2021-09-30,-1
2023-01-31,81740,2023-03-31,3,140422000000,0.311,,,,,6043000000,-0.039,6132000000,-0.035,,4195000000,,36.73,,,,,,154349000000,66789000000,0.433,,66787000000,,,,,,,,,,,,true,false,9,2022-04-01,2022-12-31,0
2023-01-31,81740,2022-03-31,3,107134000000,,,,,,6291000000,,6354000000,,,5161000000,,44.56,,,,,,,,,,,,,,,,,,,,,,true,false,9,2021-04-01,2021-12-31,-1
2023-01-31,81740,2023-03-31,3,190000000000,0.169,,,,,16500000000,0.291,16500000000,0.276,,11000000000,,96.44,,,,,,,,,,,,,,,,,,,,,,true,true,12,2022-04-01,2023-03-31,0
2023-01-31,81740,2022-03-31,3,,,,,,,,,,,,,,,,,,,,153811000000,71890000000,0.467,,71887000000,,,,,,,,,,,,true,false,12,2021-04-01,2022-03-31,-1
2023-01-31,81740,2022-03-31,3,,,,,,,,,,,,,,,,,,,,,,,,,,,,,50.00,,,,118603698,3544616,,false,false,12,2021-04-01,2022-03-31,-1
2023-01-31,81740,2023-03-31,3,,,,,,,,,,,,,,,,,,,,,,,,,,,,,32.50,,,,,,,false,false,12,2022-04-01,2023-03-31,0
2023-01-31,81740,2023-03-31,3,,,,,,,,,,,,,,,,,,,,,,,,,,,,,65.00,,,,,,,false,true,12,2022-04-01,2023-03-31,0
2023-01-31,81740,2023-03-31,3,,,,,,,,,,,,,,,,,,,,,,,,,,,,,,,,,116603698,2756387,114211921,false,false,9,2022-04-01,2022-12-31,0
2023-01-31,81740,2022-03-31,3,,,,,,,,,,,,,,,,,,,,,,,,,,,,,,,,,,,115817095,false,false,9,2021-04-01,2021-12-31,-1
2023-04-27,81740,2023-03-31,,207890000000,0.279,,,,,15215000000,0.190,15401000000,0.191,,10628000000,,93.13,,0.146,0.100,0.073,,153429000000,73525000000,0.479,645.82,73524000000,19594000000,-7581000000,-16070000000,12863000000,,0.698,,,,,,true,false,12,2022-04-01,2023-03-31,0
2023-04-27,81740,2022-03-31,,162552000000,0.133,,,,,12786000000,-0.062,12930000000,-0.081,,9972000000,,86.24,,0.141,0.088,0.079,,153811000000,71890000000,0.467,624.79,71887000000,20694000000,-8792000000,-7407000000,16912000000,,0.580,,,,,,true,false,12,2021-04-01,2022-03-31,-1
2023-04-27,81740,2024-03-31,,100000000000,0.175,,,,,5000000000,0.826,5000000000,0.786,,3300000000,,29.14,,,,,,,,,,,,,,,,,,,,,,true,true,6,2023-04-01,2023-09-30,1
2023-04-27,81740,2024-03-31,,230000000000,0.106,,,,,18700000000,0.229,18700000000,0.214,,11000000000,,97.69,,,,,,,,,,,,,,,,0.768,,,,,,true,true,12,2023-04-01,2024-03-31,1
2023-04-27,81740,2023-03-31,,129513000000,0.253,,,,,8410000000,0.208,11605000000,0.180,8990000000,,0.033,78.77,,,,,,128960000000,44598000000,0.346,391.74,44598000000,,,,,65.00,,,,116603698,2757077,114127650,false,false,12,2022-04-01,2023-03-31,0
2023-04-27,81740,2022-03-31,,103351000000,-0.068,,,,,6960000000,-0.210,9835000000,-0.067,8706000000,,0.122,75.29,,,,,,128750000000,44681000000,0.347,388.33,44681000000,,,,,50.00,,,,118603698,3544616,115642189,false,false,12,2021-04-01,2022-03-31,-1
2023-04-27,81740,2024-03-31,,,,,,,,,,,,,,,,,,,,,,,,,,,,,,75.00,,,,,,,false,true,12,2023-04-01,2024-03-31,1
2023-07-27,81740,2024-03-31,1,47131000000,0.052,,,,,4033000000,0.060,4105000000,0.070,,2874000000,,25.25,,,,,,141076000000,72587000000,0.515,,72587000000,,,,,,,,,,,,true,false,3,2023-04-01,2023-06-30,0
2023-07-27,81740,2023-03-31,1,44789000000,0.291,,,,,3804000000,0.483,3838000000,0.489,,2658000000,,23.18,,,,,,,,,,,,,,,,,,,,,,true,false,3,2022-04-01,2022-06-30,-1
2023-07-27,81740,2024-03-31,1,100000000000,0.175,,,,,5000000000,0.826,5000000000,0.786,,3300000000,,29.04,,,,,,,,,,,,,,,,,,,,,,true,true,6,2023-04-01,2023-09-30,0
2023-07-27,81740,2024-03-31,1,230000000000,0.106,,,,,18700000000,0.229,18700000000,0.214,,11000000000,,97.70,,,,,,,,,,,,,,,,,,,,,,true,true,12,2023-04-01,2024-03-31,0
2023-07-27,81740,2023-03-31,1,,,,,,,,,,,,,,,,,,,,153429000000,73525000000,0.479,,73524000000,,,,,,,,,,,,true,false,12,2022-04-01,2023-03-31,-1
2023-07-27,81740,2023-03-31,1,,,,,,,,,,,,,,,,,,,,,,,,,,,,,65.00,,,,116603698,2757077,,false,false,12,2022-04-01,2023-03-31,-1
2023-07-27,81740,2024-03-31,1,,,,,,,,,,,,,,,,,,,,,,,,,,,,,75.00,,,,,,,false,true,12,2023-04-01,2024-03-31,0
2023-07-27,81740,2024-03-31,1,,,,,,,,,,,,,,,,,,,,,,,,,,,,,,,,,115317098,1393755,113871332,false,false,3,2023-04-01,2023-06-30,0
2023-07-27,81740,2023-03-31,1,,,,,,,,,,,,,,,,,,,,,,,,,,,,,,,,,,,114689077,false,false,3,2022-04-01,2022-06-30,-1
2023-10-31,81740,2024-03-31,2,86821000000,0.020,,,,,4983000000,0.820,5126000000,0.831,,3570000000,,31.40,,,,,,142152000000,72353000000,0.509,,72353000000,,,,,,,,,,,,true,false,6,2023-04-01,2023-09-30,0
2023-10-31,81740,2023-03-31,2,85115000000,0.301,,,,,2737000000,0.179,2800000000,0.195,,1875000000,,16.40,,,,,,,,,,,,,,,,,,,,,,true,false,6,2022-04-01,2022-09-30,-1
2023-10-31,81740,2024-03-31,2,210000000000,0.010,,,,,18700000000,0.229,18700000000,0.214,,11000000000,,97.28,,,,,,,,,,,,,,,,,,,,,,true,true,12,2023-04-01,2024-03-31,0
2023-10-31,81740,2023-03-31,2,,,,,,,,,,,,,,,,,,,,153429000000,73525000000,0.479,,73524000000,,,,,,,,,,,,true,false,12,2022-04-01,2023-03-31,-1
2023-10-31,81740,2023-03-31,2,,,,,,,,,,,,,,,,,,,,,,,,,,,,,65.00,,,,116603698,2757077,,false,false,12,2022-04-01,2023-03-31,-1
2023-10-31,81740,2024-03-31,2,,,,,,,,,,,,,,,,,,,,,,,,,,,,,37.50,,,,,,,false,false,12,2023-04-01,2024-03-31,0
2023-10-31,81740,2024-03-31,2,,,,,,,,,,,,,,,,,,,,,,,,,,,,,75.00,,,,,,,false,true,12,2023-04-01,2024-03-31,0
2023-10-31,81740,2024-03-31,2,,,,,,,,,,,,,,,,,,,,,,,,,,,,,,,,,115317098,2134040,113707767,false,false,6,2023-04-01,2023-09-30,0
2023-10-31,81740,2023-03-31,2,,,,,,,,,,,,,,,,,,,,,,,,,,,,,,,,,,,114358172,false,false,6,2022-04-01,2022-09-30,-1
2024-02-01,81740,2024-03-31,3,134673000000,-0.041,,,,,9253000000,0.531,9374000000,0.529,,6681000000,,58.89,,,,,,148902000000,70157000000,0.471,,70157000000,,,,,,,,,,,,true,false,9,2023-04-01,2023-12-31,0
2024-02-01,81740,2023-03-31,3,140422000000,0.311,,,,,6043000000,-0.039,6132000000,-0.035,,4195000000,,36.73,,,,,,,,,,,,,,,,,,,,,,true,false,9,2022-04-01,2022-12-31,-1
2024-02-01,81740,2024-03-31,3,210000000000,0.010,,,,,18700000000,0.229,18700000000,0.214,,11000000000,,97.18,,,,,,,,,,,,,,,,,,,,,,true,true,12,2023-04-01,2024-03-31,0
2024-02-01,81740,2023-03-31,3,,,,,,,,,,,,,,,,,,,,153429000000,73525000000,0.479,,73524000000,,,,,,,,,,,,true,false,12,2022-04-01,2023-03-31,-1
2024-02-01,81740,2023-03-31,3,,,,,,,,,,,,,,,,,,,,,,,,,,,,,65.00,,,,116603698,2757077,,false,false,12,2022-04-01,2023-03-31,-1
2024-02-01,81740,2024-03-31,3,,,,,,,,,,,,,,,,,,,,,,,,,,,,,37.50,,,,,,,false,false,12,2023-04-01,2024-03-31,0
2024-02-01,81740,2024-03-31,3,,,,,,,,,,,,,,,,,,,,,,,,,,,,,75.00,,,,,,,false,true,12,2023-04-01,2024-03-31,0
2024-02-01,81740,2024-03-31,3,,,,,,,,,,,,,,,,,,,,,,,,,,,,,,,,,115317098,2452801,113451703,false,false,9,2023-04-01,2023-12-31,0
2024-02-01,81740,2023-03-31,3,,,,,,,,,,,,,,,,,,,,,,,,,,,,,,,,,,,114211921,false,false,9,2022-04-01,2022-12-31,-1
2024-04-30,81740,2024-03-31,,194364000000,-0.065,,,,,17442000000,0.153,17604000000,0.150,,10825000000,,95.64,,0.147,0.112,0.090,,159219000000,72723000000,0.457,650.53,72723000000,23440000000,-9190000000,-8711000000,18713000000,,0.784,,,,,,true,false,12,2023-04-01,2024-03-31,0
2024-04-30,81740,2023-03-31,,207942000000,0.279,,,,,15127000000,0.183,15314000000,0.184,,10568000000,,92.60,,0.140,0.099,0.073,,154883000000,74299000000,0.480,652.62,74298000000,19594000000,-7581000000,-16070000000,12863000000,,0.702,,,,,,true,false,12,2022-04-01,2023-03-31,-1
2024-04-30,81740,2025-03-31,,90000000000,0.037,,,,,3200000000,-0.358,3200000000,-0.376,,2200000000,,19.79,,,,,,,,,,,,,,,,,,,,,,true,true,6,2024-04-01,2024-09-30,1
2024-04-30,81740,2025-03-31,,200000000000,0.029,,,,,20000000000,0.147,20000000000,0.136,,14000000000,,126.71,,,,,,,,,,,,,,,,0.730,,,,,,true,true,12,2024-04-01,2025-03-31,1
2024-04-30,81740,2024-03-31,,141690000000,0.094,,,,,11888000000,0.404,18787000000,0.611,20252000000,,1.243,178.92,,,,,,124740000000,53538000000,0.429,478.91,53538000000,,,,,75.00,,,,115317098,3525481,113194316,false,false,12,2023-04-01,2024-03-31,0
2024-04-30,81740,2023-03-31,,129502000000,0.253,,,,,8467000000,0.216,11662000000,0.186,9029000000,,0.037,79.12,,,,,,129708000000,44833000000,0.346,393.80,44833000000,,,,,65.00,,,,116603698,2757077,114127650,false,false,12,2022-04-01,2023-03-31,-1
2024-04-30,81740,2025-03-31,,,,,,,,,,,,,,,,,,,,,,,,,,,,,,92.50,,,,,,,false,true,12,2024-04-01,2025-03-31,1
2024-07-30,81740,2025-03-31,1,44601000000,-0.032,,,,,2088000000,-0.440,2147000000,-0.435,,1453000000,,13.03,,,,,,143432000000,68655000000,0.479,,68655000000,,,,,,,,,,,,true,false,3,2024-04-01,2024-06-30,0
2024-07-30,81740,2024-03-31,1,46053000000,0.051,,,,,3725000000,0.094,3797000000,0.104,,2661000000,,23.37,,,,,,,,,,,,,,,,,,,,,,true,false,3,2023-04-01,2023-06-30,-1
2024-07-30,81740,2025-03-31,1,90000000000,0.037,,,,,3200000000,-0.358,3200000000,-0.376,,2200000000,,19.79,,,,,,,,,,,,,,,,,,,,,,true,true,6,2024-04-01,2024-09-30,0
2024-07-30,81740,2025-03-31,1,200000000000,0.029,,,,,20000000000,0.147,20000000000,0.136,,14000000000,,126.71,,,,,,,,,,,,,,,,,,,,,,true,true,12,2024-04-01,2025-03-31,0
2024-07-30,81740,2024-03-31,1,,,,,,,,,,,,,,,,,,,,159219000000,72723000000,0.457,,72723000000,,,,,,,,,,,,true,false,12,2023-04-01,2024-03-31,-1
2024-07-30,81740,2024-03-31,1,,,,,,,,,,,,,,,,,,,,,,,,,,,,,75.00,,,,115317098,3525481,,false,false,12,2023-04-01,2024-03-31,-1
2024-07-30,81740,2025-03-31,1,,,,,,,,,,,,,,,,,,,,,,,,,,,,,92.50,,,,,,,false,true,12,2024-04-01,2025-03-31,0
2024-07-30,81740,2025-03-31,1,,,,,,,,,,,,,,,,,,,,,,,,,,,,,,,,,115317098,3788070,111576778,false,false,3,2024-04-01,2024-06-30,0
2024-07-30,81740,2024-03-31,1,,,,,,,,,,,,,,,,,,,,,,,,,,,,,,,,,,,113871332,false,false,3,2023-04-01,2023-06-30,-1
2024-10-29,81740,2025-03-31,2,86049000000,0.006,,,,,2307000000,-0.495,2412000000,-0.488,,1609000000,,14.49,,,,,,142388000000,65265000000,0.458,,65265000000,,,,,,,,,,,,true,false,6,2024-04-01,2024-09-30,0
2024-10-29,81740,2024-03-31,2,85497000000,0.016,,,,,4567000000,0.928,4710000000,0.938,,3282000000,,28.86,,,,,,,,,,,,,,,,,,,,,,true,false,6,2023-04-01,2023-09-30,-1
2024-10-29,81740,2025-03-31,2,200000000000,0.029,,,,,20000000000,0.147,20000000000,0.136,,14000000000,,126.71,,,,,,,,,,,,,,,,,,,,,,true,true,12,2024-04-01,2025-03-31,0
2024-10-29,81740,2024-03-31,2,,,,,,,,,,,,,,,,,,,,159219000000,72723000000,0.457,,72723000000,,,,,,,,,,,,true,false,12,2023-04-01,2024-03-31,-1
2024-10-29,81740,2024-03-31,2,,,,,,,,,,,,,,,,,,,,,,,,,,,,,75.00,,,,115317098,3525481,,false,false,12,2023-04-01,2024-03-31,-1
2024-10-29,81740,2025-03-31,2,,,,,,,,,,,,,,,,,,,,,,,,,,,,,46.25,,,,,,,false,false,12,2024-04-01,2025-03-31,0
2024-10-29,81740,2025-03-31,2,,,,,,,,,,,,,,,,,,,,,,,,,,,,,92.50,,,,,,,false,true,12,2024-04-01,2025-03-31,0
2024-10-29,81740,2025-03-31,2,,,,,,,,,,,,,,,,,,,,,,,,,,,,,,,,,112827198,2460132,111057576,false,false,6,2024-04-01,2024-09-30,0
2024-10-29,81740,2024-03-31,2,,,,,,,,,,,,,,,,,,,,,,,,,,,,,,,,,,,113707767,false,false,6,2023-04-01,2023-09-30,-1
2025-01-28,81740,2025-03-31,3,137919000000,0.021,,,,,8446000000,-0.115,8571000000,-0.113,,5900000000,,53.23,,,,,,151992000000,65007000000,0.428,,65007000000,,,,,,,,,,,,true,false,9,2024-04-01,2024-12-31,0
2025-01-28,81740,2024-03-31,3,135085000000,-0.046,,,,,9540000000,0.519,9661000000,0.517,,6880000000,,60.65,,,,,,,,,,,,,,,,,,,,,,true,false,9,2023-04-01,2023-12-31,-1
2025-01-28,81740,2025-03-31,3,200000000000,0.029,,,,,20000000000,0.147,20000000000,0.136,,14000000000,,126.61,,,,,,,,,,,,,,,,,,,,,,true,true,12,2024-04-01,2025-03-31,0
2025-01-28,81740,2024-03-31,3,,,,,,,,,,,,,,,,,,,,159219000000,72723000000,0.457,,72723000000,,,,,,,,,,,,true,false,12,2023-04-01,2024-03-31,-1
2025-01-28,81740,2024-03-31,3,,,,,,,,,,,,,,,,,,,,,,,,,,,,,75.00,,,,115317098,3525481,,false,false,12,2023-04-01,2024-03-31,-1
2025-01-28,81740,2025-03-31,3,,,,,,,,,,,,,,,,,,,,,,,,,,,,,46.25,,,,,,,false,false,12,2024-04-01,2025-03-31,0
2025-01-28,81740,2025-03-31,3,,,,,,,,,,,,,,,,,,,,,,,,,,,,,92.50,,,,,,,false,true,12,2024-04-01,2025-03-31,0
2025-01-28,81740,2025-03-31,3,,,,,,,,,,,,,,,,,,,,,,,,,,,,,,,,,112827198,2454932,110851983,false,false,9,2024-04-01,2024-12-31,0
2025-01-28,81740,2024-03-31,3,,,,,,,,,,,,,,,,,,,,,,,,,,,,,,,,,,,113451703,false,false,9,2023-04-01,2023-12-31,-1
2025-05-01,81740,2025-03-31,,200057000000,0.029,,,,,18546000000,0.063,18581000000,0.056,,11548000000,,104.46,,0.165,0.118,0.093,,156018000000,67446000000,0.432,618.67,67445000000,27924000000,-8812000000,-18385000000,19431000000,,0.886,,,,,,true,false,12,2024-04-01,2025-03-31,0
2025-05-01,81740,2024-03-31,,194364000000,-0.065,,,,,17442000000,0.153,17604000000,0.150,,10825000000,,95.64,,0.147,0.112,0.090,,159219000000,72723000000,0.457,650.53,72723000000,23440000000,-9190000000,-8711000000,18713000000,,0.784,,,,,,true,false,12,2023-04-01,2024-03-31,-1
2025-05-01,81740,2025-03-31,,192540000000,0.359,,,,,13349000000,0.123,16426000000,-0.126,11733000000,,-0.421,106.13,,,,,,121982000000,48450000000,0.397,444.43,48450000000,,,,,92.50,,,,112827198,3809581,110551622,false,false,12,2024-04-01,2025-03-31,0
2025-05-01,81740,2024-03-31,,141690000000,0.094,,,,,11888000000,0.404,18787000000,0.611,20252000000,,1.243,178.92,,,,,,124740000000,53538000000,0.429,478.91,53538000000,,,,,75.00,,,,115317098,3525481,113194316,false,false,12,2023-04-01,2024-03-31,-1
2025-05-01,81740,2026-03-31,,,,,,,,3800000000,0.647,3800000000,0.575,,2600000000,,24.05,,,,,,,,,,,,,,,,,,,,,,true,true,6,2025-04-01,2025-09-30,1
2025-05-01,81740,2026-03-31,,,,,,,,20000000000,0.078,20000000000,0.076,,14000000000,,130.58,,,,,,,,,,,,,,,,0.789,,,,,,true,true,12,2025-04-01,2026-03-31,1
2025-05-01,81740,2026-03-31,,,,,,,,,,,,,,,,,,,,,,,,,,,,,,103.00,,,,,,,false,true,12,2025-04-01,2026-03-31,1
2025-07-29,81740,2026-03-31,1,45859000000,0.028,,,,,3655000000,0.750,3666000000,0.708,,2631000000,,24.12,,,,,,141658000000,65213000000,0.460,,65213000000,,,,,,,,,,,,true,false,3,2025-04-01,2025-06-30,0
2025-07-29,81740,2025-03-31,1,44601000000,-0.032,,,,,2088000000,-0.440,2147000000,-0.435,,1453000000,,13.03,,,,,,,,,,,,,,,,,,,,,,true,false,3,2024-04-01,2024-06-30,-1
2025-07-29,81740,2026-03-31,1,,,,,,,4700000000,1.037,4700000000,0.949,,3300000000,,30.25,,,,,,,,,,,,,,,,,,,,,,true,true,6,2025-04-01,2025-09-30,0
2025-07-29,81740,2026-03-31,1,,,,,,,20000000000,0.078,20000000000,0.076,,14000000000,,130.58,,,,,,,,,,,,,,,,,,,,,,true,true,12,2025-04-01,2026-03-31,0
2025-07-29,81740,2025-03-31,1,,,,,,,,,,,,,,,,,,,,156018000000,67446000000,0.432,,67445000000,,,,,,,,,,,,true,false,12,2024-04-01,2025-03-31,-1
2025-07-29,81740,2025-03-31,1,,,,,,,,,,,,,,,,,,,,,,,,,,,,,92.50,,,,112827198,3809581,,false,false,12,2024-04-01,2025-03-31,-1
2025-07-29,81740,2026-03-31,1,,,,,,,,,,,,,,,,,,,,,,,,,,,,,103.00,,,,,,,false,true,12,2025-04-01,2026-03-31,0
2025-07-29,81740,2026-03-31,1,,,,,,,,,,,,,,,,,,,,,,,,,,,,,,,,,112827198,3569975,109080952,false,false,3,2025-04-01,2025-06-30,0
2025-07-29,81740,2025-03-31,1,,,,,,,,,,,,,,,,,,,,,,,,,,,,,,,,,,,111576778,false,false,3,2024-04-01,2024-06-30,-1
