filing_date,code,fiscal_year_end,quarterly_period,net_sales,net_sales_change,revenue,revenue_change,operating_revenue,operating_revenue_change,operating_profit,operating_profit_change,ordinary_profit,ordinary_profit_change,net_income,net_income_of_parent,net_income_change,eps,diluted_eps,roe,roa,operating_profit_to_net_sales,operating_profit_to_revenue,total_assets,net_assets,equity_ratio,bps,owner_equity,operating_cash_flow,investing_cash_flow,financing_cash_flow,cash,dividend_per_share,payout_ratio,commemorative_dividend,extra_dividend,number_of_shares,number_of_treqsury_shares,avg_number_of_shares,is_consolidated,is_forecast,duration,period_start,period_end,period_pos
2015-05-13,82080,2015-03-31,,41494000000,-0.106,,,,,281000000,-0.633,85000000,-0.826,11000000,,-0.969,0.83,,0.001,0.002,0.007,,39939000000,9277000000,0.232,678.18,9277000000,-673000000,8000000,124000000,1831000000,,,,,,,,true,false,12,2014-04-01,2015-03-31,0
2015-05-13,82080,2014-03-31,,46432000000,0.020,,,,,766000000,-0.220,493000000,-0.287,371000000,,-0.102,27.16,,0.039,0.012,0.017,,40486000000,9657000000,0.239,705.87,9657000000,493000000,-225000000,-85000000,2369000000,,0.368,,,,,,true,false,12,2013-04-01,2014-03-31,-1
2015-05-13,82080,2016-03-31,,21580000000,0.015,,,,,280000000,8.766,120000000,,,80000000,,5.85,,,,,,,,,,,,,,,,,,,,,,true,true,6,2015-04-01,2015-09-30,1
2015-05-13,82080,2016-03-31,,42230000000,0.018,,,,,580000000,1.061,300000000,2.494,,180000000,,13.16,,,,,,,,,,,,,,,,0.760,,,,,,true,true,12,2015-04-01,2016-03-31,1
2015-05-13,82080,2015-03-31,,37201000000,-0.112,,,,,265000000,-0.634,84000000,-0.813,25000000,,-0.930,1.84,,,,,,37817000000,9157000000,0.242,669.36,9157000000,,,,,10.00,,,,13714995,34805,13680878,false,false,12,2014-04-01,2015-03-31,0
2015-05-13,82080,2014-03-31,,41872000000,0.020,,,,,724000000,-0.185,453000000,-0.241,358000000,,0.012,26.23,,,,,,38518000000,9406000000,0.244,687.53,9406000000,,,,,10.00,,,,13714995,33503,13681779,false,false,12,2013-04-01,2014-03-31,-1
2015-05-13,82080,2016-03-31,,19410000000,0.020,,,,,260000000,7.642,110000000,,70000000,,,5.12,,,,,,,,,,,,,,,,,,,,,,false,true,6,2015-04-01,2015-09-30,1
2015-05-13,82080,2016-03-31,,37870000000,0.018,,,,,510000000,0.924,240000000,1.824,150000000,,4.959,10.96,,,,,,,,,,,,,,,10.00,,,,,,,false,true,12,2015-04-01,2016-03-31,1
2015-07-31,82080,2016-03-31,1,10518000000,-0.012,,,,,220000000,8.136,182000000,,,117000000,,8.62,,,,,,40942000000,9379000000,0.229,685.63,9379000000,,,,,,,,,,,,true,false,3,2015-04-01,2015-06-30,0
2015-07-31,82080,2015-03-31,1,10649000000,-0.096,,,,,24000000,-0.871,-9000000,,,-11000000,,-0.83,,,,,,,,,,,,,,,,,,,,,,true,false,3,2014-04-01,2014-06-30,-1
2015-07-31,82080,2016-03-31,1,21580000000,0.015,,,,,280000000,8.766,120000000,,,80000000,,5.85,,,,,,,,,,,,,,,,,,,,,,true,true,6,2015-04-01,2015-09-30,0
2015-07-31,82080,2016-03-31,1,42230000000,0.018,,,,,580000000,1.061,300000000,2.494,,180000000,,13.16,,,,,,,,,,,,,,,,,,,,,,true,true,12,2015-04-01,2016-03-31,0
2015-07-31,82080,2015-03-31,1,,,,,,,,,,,,,,,,,,,,39939000000,9277000000,0.232,678.18,9277000000,,,,,,,,,,,,true,false,12,2014-04-01,2015-03-31,-1
2015-07-31,82080,2015-03-31,1,,,,,,,,,,,,,,,,,,,,,,,,,,,,,10.00,,,,13714995,34805,,false,false,12,2014-04-01,2015-03-31,-1
2015-07-31,82080,2016-03-31,1,,,,,,,,,,,,,,,,,,,,,,,,,,,,,10.00,,,,,,,false,true,12,2015-04-01,2016-03-31,0
2015-07-31,82080,2016-03-31,1,,,,,,,,,,,,,,,,,,,,,,,,,,,,,,,,,13714995,34905,13680170,false,false,3,2015-04-01,2015-06-30,0
2015-07-31,82080,2015-03-31,1,,,,,,,,,,,,,,,,,,,,,,,,,,,,,,,,,,,13681492,false,false,3,2014-04-01,2014-06-30,-1
2015-10-30,82080,2016-03-31,2,20753000000,-0.024,,,,,279000000,8.764,137000000,,,82000000,,6.04,,,,,,39652000000,9284000000,0.234,678.72,9284000000,,,,,,,,,,,,true,false,6,2015-04-01,2015-09-30,0
2015-10-30,82080,2015-03-31,2,21253000000,-0.076,,,,,28000000,-0.904,-73000000,,,-74000000,,-5.45,,,,,,,,,,,,,,,,,,,,,,true,false,6,2014-04-01,2014-09-30,-1
2015-10-30,82080,2016-03-31,2,42230000000,0.018,,,,,580000000,1.061,300000000,2.494,,180000000,,13.16,,,,,,,,,,,,,,,,,,,,,,true,true,12,2015-04-01,2016-03-31,0
2015-10-30,82080,2015-03-31,2,,,,,,,,,,,,,,,,,,,,39939000000,9277000000,0.232,678.18,9277000000,,,,,,,,,,,,true,false,12,2014-04-01,2015-03-31,-1
2015-10-30,82080,2015-03-31,2,,,,,,,,,,,,,,,,,,,,,,,,,,,,,10.00,,,,13714995,34805,,false,false,12,2014-04-01,2015-03-31,-1
2015-10-30,82080,2016-03-31,2,,,,,,,,,,,,,,,,,,,,,,,,,,,,,5.00,,,,,,,false,false,12,2015-04-01,2016-03-31,0
2015-10-30,82080,2016-03-31,2,,,,,,,,,,,,,,,,,,,,,,,,,,,,,10.00,,,,,,,false,true,12,2015-04-01,2016-03-31,0
2015-10-30,82080,2016-03-31,2,,,,,,,,,,,,,,,,,,,,,,,,,,,,,,,,,13714995,35743,13679837,false,false,6,2015-04-01,2015-09-30,0
2015-10-30,82080,2015-03-31,2,,,,,,,,,,,,,,,,,,,,,,,,,,,,,,,,,,,13681377,false,false,6,2014-04-01,2014-09-30,-1
2016-01-29,82080,2016-03-31,3,31516000000,-0.030,,,,,499000000,0.563,318000000,0.862,,223000000,,16.30,,,,,,41245000000,9346000000,0.227,683.24,9346000000,,,,,,,,,,,,true,false,9,2015-04-01,2015-12-31,0
2016-01-29,82080,2015-03-31,3,32494000000,-0.080,,,,,319000000,-0.502,170000000,-0.610,,78000000,,5.73,,,,,,,,,,,,,,,,,,,,,,true,false,9,2014-04-01,2014-12-31,-1
2016-01-29,82080,2016-03-31,3,42230000000,0.015,,,,,580000000,1.061,300000000,2.494,,180000000,,13.16,,,,,,,,,,,,,,,,,,,,,,true,true,12,2015-04-01,2016-03-31,0
2016-01-29,82080,2015-03-31,3,,,,,,,,,,,,,,,,,,,,39939000000,9277000000,0.232,678.18,9277000000,,,,,,,,,,,,true,false,12,2014-04-01,2015-03-31,-1
2016-01-29,82080,2015-03-31,3,,,,,,,,,,,,,,,,,,,,,,,,,,,,,10.00,,,,13714995,34805,,false,false,12,2014-04-01,2015-03-31,-1
2016-01-29,82080,2016-03-31,3,,,,,,,,,,,,,,,,,,,,,,,,,,,,,5.00,,,,,,,false,false,12,2015-04-01,2016-03-31,0
2016-01-29,82080,2016-03-31,3,,,,,,,,,,,,,,,,,,,,,,,,,,,,,10.00,,,,,,,false,true,12,2015-04-01,2016-03-31,0
2016-01-29,82080,2016-03-31,3,,,,,,,,,,,,,,,,,,,,,,,,,,,,,,,,,13714995,35843,13679612,false,false,9,2015-04-01,2015-12-31,0
2016-01-29,82080,2015-03-31,3,,,,,,,,,,,,,,,,,,,,,,,,,,,,,,,,,,,13681103,false,false,9,2014-04-01,2014-12-31,-1
2016-04-25,82080,2016-03-31,,40340000000,-0.045,,,,,425000000,-0.267,205000000,-0.317,,90000000,,6.58,,,,,,,,,,,,,,,,,,,,,,true,true,12,2015-04-01,2016-03-31,0
2016-04-25,82080,2015-03-31,,41494000000,,,,,,281000000,,85000000,,,11000000,,0.83,,,,,,,,,,,,,,,,,,,,,,true,false,12,2014-04-01,2015-03-31,-1
2016-04-25,82080,2016-03-31,,36065000000,-0.048,,,,,430000000,-0.157,200000000,-0.167,115000000,,-0.233,8.41,,,,,,,,,,,,,,,,,,,,,,false,true,12,2015-04-01,2016-03-31,0
2016-04-25,82080,2015-03-31,,37201000000,,,,,,265000000,,84000000,,25000000,,,1.84,,,,,,,,,,,,,,,,,,,,,,false,false,12,2014-04-01,2015-03-31,-1
2016-05-13,82080,2016-03-31,,40343000000,-0.028,,,,,425000000,0.510,209000000,1.439,,90000000,,6.64,,0.010,0.005,0.011,,39223000000,9039000000,0.230,660.82,9039000000,861000000,-114000000,-315000000,2259000000,,1.506,,,,,,true,false,12,2015-04-01,2016-03-31,0
2016-05-13,82080,2015-03-31,,41494000000,-0.106,,,,,281000000,-0.633,85000000,-0.826,,11000000,,0.83,,0.001,0.002,0.007,,39939000000,9277000000,0.232,678.18,9277000000,-673000000,8000000,124000000,1831000000,,,,,,,,true,false,12,2014-04-01,2015-03-31,-1
2016-05-13,82080,2017-03-31,,20580000000,-0.008,,,,,320000000,0.143,180000000,0.306,,100000000,,7.31,,,,,,,,,,,,,,,,,,,,,,true,true,6,2016-04-01,2016-09-30,1
2016-05-13,82080,2017-03-31,,40440000000,0.002,,,,,650000000,0.529,400000000,0.910,,230000000,,16.81,,,,,,,,,,,,,,,,0.595,,,,,,true,true,12,2016-04-01,2017-03-31,1
2016-05-13,82080,2016-03-31,,36068000000,-0.030,,,,,430000000,0.624,200000000,1.362,115000000,,3.605,8.47,,,,,,37117000000,9054000000,0.244,661.91,9054000000,,,,,10.00,,,,13714995,35843,13679498,false,false,12,2015-04-01,2016-03-31,0
2016-05-13,82080,2015-03-31,,37201000000,-0.112,,,,,265000000,-0.634,84000000,-0.813,25000000,,-0.930,1.84,,,,,,37817000000,9157000000,0.242,669.36,9157000000,,,,,10.00,,,,13714995,34805,13680878,false,false,12,2014-04-01,2015-03-31,-1
2016-05-13,82080,2017-03-31,,18520000000,0.000,,,,,280000000,0.133,140000000,0.404,90000000,,0.557,6.58,,,,,,,,,,,,,,,,,,,,,,false,true,6,2016-04-01,2016-09-30,1
2016-05-13,82080,2017-03-31,,36400000000,0.009,,,,,600000000,0.394,360000000,0.793,220000000,,0.898,16.08,,,,,,,,,,,,,,,10.00,,,,,,,false,true,12,2016-04-01,2017-03-31,1
2016-07-29,82080,2017-03-31,1,10371000000,-0.014,,,,,248000000,0.130,207000000,0.135,,138000000,,10.13,,,,,,39191000000,9093000000,0.232,664.75,9093000000,,,,,,,,,,,,true,false,3,2016-04-01,2016-06-30,0
2016-07-29,82080,2016-03-31,1,10518000000,-0.012,,,,,220000000,8.136,182000000,,,117000000,,8.62,,,,,,,,,,,,,,,,,,,,,,true,false,3,2015-04-01,2015-06-30,-1
2016-07-29,82080,2017-03-31,1,20580000000,-0.008,,,,,320000000,0.143,180000000,0.306,,100000000,,7.31,,,,,,,,,,,,,,,,,,,,,,true,true,6,2016-04-01,2016-09-30,0
2016-07-29,82080,2017-03-31,1,40440000000,0.002,,,,,650000000,0.529,400000000,0.910,,230000000,,16.81,,,,,,,,,,,,,,,,,,,,,,true,true,12,2016-04-01,2017-03-31,0
2016-07-29,82080,2016-03-31,1,,,,,,,,,,,,,,,,,,,,39223000000,9039000000,0.230,660.82,9039000000,,,,,,,,,,,,true,false,12,2015-04-01,2016-03-31,-1
2016-07-29,82080,2016-03-31,1,,,,,,,,,,,,,,,,,,,,,,,,,,,,,10.00,,,,13714995,35843,,false,false,12,2015-04-01,2016-03-31,-1
2016-07-29,82080,2017-03-31,1,,,,,,,,,,,,,,,,,,,,,,,,,,,,,10.00,,,,,,,false,true,12,2016-04-01,2017-03-31,0
2016-07-29,82080,2017-03-31,1,,,,,,,,,,,,,,,,,,,,,,,,,,,,,,,,,13714995,35896,13679127,false,false,3,2016-04-01,2016-06-30,0
2016-07-29,82080,2016-03-31,1,,,,,,,,,,,,,,,,,,,,,,,,,,,,,,,,,,,13680170,false,false,3,2015-04-01,2015-06-30,-1
2016-10-28,82080,2017-03-31,2,19900000000,-0.041,,,,,332000000,0.188,219000000,0.592,,129000000,,9.45,,,,,,38504000000,9094000000,0.236,664.87,9094000000,,,,,,,,,,,,true,false,6,2016-04-01,2016-09-30,0
2016-10-28,82080,2016-03-31,2,20753000000,-0.024,,,,,279000000,8.764,137000000,,,82000000,,6.04,,,,,,,,,,,,,,,,,,,,,,true,false,6,2015-04-01,2015-09-30,-1
2016-10-28,82080,2017-03-31,2,40440000000,0.002,,,,,650000000,0.529,400000000,0.910,,230000000,,16.81,,,,,,,,,,,,,,,,,,,,,,true,true,12,2016-04-01,2017-03-31,0
2016-10-28,82080,2016-03-31,2,,,,,,,,,,,,,,,,,,,,39223000000,9039000000,0.230,660.82,9039000000,,,,,,,,,,,,true,false,12,2015-04-01,2016-03-31,-1
2016-10-28,82080,2016-03-31,2,,,,,,,,,,,,,,,,,,,,,,,,,,,,,10.00,,,,13714995,35843,,false,false,12,2015-04-01,2016-03-31,-1
2016-10-28,82080,2017-03-31,2,,,,,,,,,,,,,,,,,,,,,,,,,,,,,5.00,,,,,,,false,false,12,2016-04-01,2017-03-31,0
2016-10-28,82080,2017-03-31,2,,,,,,,,,,,,,,,,,,,,,,,,,,,,,10.00,,,,,,,false,true,12,2016-04-01,2017-03-31,0
2016-10-28,82080,2017-03-31,2,,,,,,,,,,,,,,,,,,,,,,,,,,,,,,,,,13714995,35896,13679113,false,false,6,2016-04-01,2016-09-30,0
2016-10-28,82080,2016-03-31,2,,,,,,,,,,,,,,,,,,,,,,,,,,,,,,,,,,,13679837,false,false,6,2015-04-01,2015-09-30,-1
2017-01-31,82080,2017-03-31,3,30080000000,-0.046,,,,,558000000,0.118,399000000,0.257,,254000000,,18.58,,,,,,39709000000,9219000000,0.232,674.03,9219000000,,,,,,,,,,,,true,false,9,2016-04-01,2016-12-31,0
2017-01-31,82080,2016-03-31,3,31516000000,-0.030,,,,,499000000,0.563,318000000,0.862,,223000000,,16.30,,,,,,,,,,,,,,,,,,,,,,true,false,9,2015-04-01,2015-12-31,-1
2017-01-31,82080,2017-03-31,3,40440000000,0.002,,,,,650000000,0.529,400000000,0.910,,230000000,,16.81,,,,,,,,,,,,,,,,,,,,,,true,true,12,2016-04-01,2017-03-31,0
2017-01-31,82080,2016-03-31,3,,,,,,,,,,,,,,,,,,,,39223000000,9039000000,0.230,660.82,9039000000,,,,,,,,,,,,true,false,12,2015-04-01,2016-03-31,-1
2017-01-31,82080,2016-03-31,3,,,,,,,,,,,,,,,,,,,,,,,,,,,,,10.00,,,,13714995,35843,,false,false,12,2015-04-01,2016-03-31,-1
2017-01-31,82080,2017-03-31,3,,,,,,,,,,,,,,,,,,,,,,,,,,,,,5.00,,,,,,,false,false,12,2016-04-01,2017-03-31,0
2017-01-31,82080,2017-03-31,3,,,,,,,,,,,,,,,,,,,,,,,,,,,,,10.00,,,,,,,false,true,12,2016-04-01,2017-03-31,0
2017-01-31,82080,2017-03-31,3,,,,,,,,,,,,,,,,,,,,,,,,,,,,,,,,,13714995,36496,13679021,false,false,9,2016-04-01,2016-12-31,0
2017-01-31,82080,2016-03-31,3,,,,,,,,,,,,,,,,,,,,,,,,,,,,,,,,,,,13679612,false,false,9,2015-04-01,2015-12-31,-1
2017-04-24,82080,2017-03-31,,38565000000,-0.046,,,,,520000000,-0.200,330000000,-0.175,,95000000,,6.95,,,,,,,,,,,,,,,,,,,,,,true,true,12,2016-04-01,2017-03-31,0
2017-04-24,82080,2016-03-31,,40343000000,,,,,,425000000,,209000000,,,90000000,,6.64,,,,,,,,,,,,,,,,,,,,,,true,false,12,2015-04-01,2016-03-31,-1
2017-04-24,82080,2017-03-31,,34655000000,-0.048,,,,,430000000,-0.283,245000000,-0.319,90000000,,-0.591,6.58,,,,,,,,,,,,,,,,,,,,,,false,true,12,2016-04-01,2017-03-31,0
2017-04-24,82080,2016-03-31,,36068000000,,,,,,430000000,,200000000,,115000000,,,8.47,,,,,,,,,,,,,,,,,,,,,,false,false,12,2015-04-01,2016-03-31,-1
2017-05-12,82080,2017-03-31,,38568000000,-0.044,,,,,524000000,0.233,331000000,0.582,,99000000,,7.29,,0.011,0.009,0.014,,38034000000,9077000000,0.239,663.68,9077000000,1661000000,-364000000,-1366000000,2187000000,,1.371,,,,,,true,false,12,2016-04-01,2017-03-31,0
2017-05-12,82080,2016-03-31,,40343000000,-0.028,,,,,425000000,0.510,209000000,1.439,,90000000,,6.64,,0.010,0.005,0.011,,39223000000,9039000000,0.230,660.82,9039000000,861000000,-114000000,-315000000,2259000000,,1.506,,,,,,true,false,12,2015-04-01,2016-03-31,-1
2017-05-12,82080,2018-03-31,,19500000000,-0.020,,,,,320000000,-0.038,200000000,-0.089,,130000000,,9.50,,,,,,,,,,,,,,,,,,,,,,true,true,6,2017-04-01,2017-09-30,1
2017-05-12,82080,2018-03-31,,38000000000,-0.015,,,,,550000000,0.049,360000000,0.087,,200000000,,14.62,,,,,,,,,,,,,,,,0.684,,,,,,true,true,12,2017-04-01,2018-03-31,1
2017-05-12,82080,2017-03-31,,34656000000,-0.039,,,,,431000000,0.003,248000000,0.237,91000000,,-0.210,6.69,,,,,,36288000000,9050000000,0.249,661.66,9050000000,,,,,10.00,,,,13714995,37258,13678874,false,false,12,2016-04-01,2017-03-31,0
2017-05-12,82080,2016-03-31,,36068000000,-0.030,,,,,430000000,0.624,200000000,1.362,115000000,,3.605,8.47,,,,,,37117000000,9054000000,0.244,661.91,9054000000,,,,,10.00,,,,13714995,35843,13679498,false,false,12,2015-04-01,2016-03-31,-1
2017-05-12,82080,2018-03-31,,17700000000,-0.012,,,,,280000000,-0.019,175000000,-0.003,120000000,,0.068,8.77,,,,,,,,,,,,,,,,,,,,,,false,true,6,2017-04-01,2017-09-30,1
2017-05-12,82080,2018-03-31,,34400000000,-0.007,,,,,450000000,0.042,270000000,0.087,170000000,,0.857,12.43,,,,,,,,,,,,,,,10.00,,,,,,,false,true,12,2017-04-01,2018-03-31,1
2017-07-28,82080,2018-03-31,1,9987000000,-0.037,,,,,191000000,-0.229,152000000,-0.266,,97000000,,7.12,,,,,,38144000000,9135000000,0.239,667.91,9135000000,,,,,,,,,,,,true,false,3,2017-04-01,2017-06-30,0
2017-07-28,82080,2017-03-31,1,10371000000,-0.014,,,,,248000000,0.130,207000000,0.135,,138000000,,10.13,,,,,,,,,,,,,,,,,,,,,,true,false,3,2016-04-01,2016-06-30,-1
2017-07-28,82080,2018-03-31,1,19500000000,-0.020,,,,,320000000,-0.038,200000000,-0.089,,130000000,,9.50,,,,,,,,,,,,,,,,,,,,,,true,true,6,2017-04-01,2017-09-30,0
2017-07-28,82080,2018-03-31,1,38000000000,-0.015,,,,,550000000,0.049,360000000,0.087,,200000000,,14.62,,,,,,,,,,,,,,,,,,,,,,true,true,12,2017-04-01,2018-03-31,0
2017-07-28,82080,2017-03-31,1,,,,,,,,,,,,,,,,,,,,38034000000,9077000000,0.239,663.68,9077000000,,,,,,,,,,,,true,false,12,2016-04-01,2017-03-31,-1
2017-07-28,82080,2017-03-31,1,,,,,,,,,,,,,,,,,,,,,,,,,,,,,10.00,,,,13714995,37258,,false,false,12,2016-04-01,2017-03-31,-1
2017-07-28,82080,2018-03-31,1,,,,,,,,,,,,,,,,,,,,,,,,,,,,,10.00,,,,,,,false,true,12,2017-04-01,2018-03-31,0
2017-07-28,82080,2018-03-31,1,,,,,,,,,,,,,,,,,,,,,,,,,,,,,,,,,13714995,37258,13677737,false,false,3,2017-04-01,2017-06-30,0
2017-07-28,82080,2017-03-31,1,,,,,,,,,,,,,,,,,,,,,,,,,,,,,,,,,,,13679127,false,false,3,2016-04-01,2016-06-30,-1
2017-10-27,82080,2018-03-31,2,19510000000,-0.020,,,,,332000000,0.001,229000000,0.048,,140000000,,10.29,,,,,,37789000000,9194000000,0.243,672.26,9194000000,,,,,,,,,,,,true,false,6,2017-04-01,2017-09-30,0
2017-10-27,82080,2017-03-31,2,19900000000,-0.041,,,,,332000000,0.188,219000000,0.592,,129000000,,9.45,,,,,,,,,,,,,,,,,,,,,,true,false,6,2016-04-01,2016-09-30,-1
2017-10-27,82080,2018-03-31,2,38000000000,-0.015,,,,,550000000,0.049,360000000,0.087,,200000000,,14.62,,,,,,,,,,,,,,,,,,,,,,true,true,12,2017-04-01,2018-03-31,0
2017-10-27,82080,2017-03-31,2,,,,,,,,,,,,,,,,,,,,38034000000,9077000000,0.239,663.68,9077000000,,,,,,,,,,,,true,false,12,2016-04-01,2017-03-31,-1
2017-10-27,82080,2017-03-31,2,,,,,,,,,,,,,,,,,,,,,,,,,,,,,10.00,,,,13714995,37258,,false,false,12,2016-04-01,2017-03-31,-1
2017-10-27,82080,2018-03-31,2,,,,,,,,,,,,,,,,,,,,,,,,,,,,,5.00,,,,,,,false,false,12,2017-04-01,2018-03-31,0
2017-10-27,82080,2018-03-31,2,,,,,,,,,,,,,,,,,,,,,,,,,,,,,10.00,,,,,,,false,true,12,2017-04-01,2018-03-31,0
2017-10-27,82080,2018-03-31,2,,,,,,,,,,,,,,,,,,,,,,,,,,,,,,,,,13714995,37958,13677530,false,false,6,2017-04-01,2017-09-30,0
2017-10-27,82080,2017-03-31,2,,,,,,,,,,,,,,,,,,,,,,,,,,,,,,,,,,,13679113,false,false,6,2016-04-01,2016-09-30,-1
2018-01-30,82080,2018-03-31,3,29455000000,-0.021,,,,,573000000,0.027,429000000,0.073,,326000000,,23.85,,,,,,39095000000,9355000000,0.239,684.03,9355000000,,,,,,,,,,,,true,false,9,2017-04-01,2017-12-31,0
2018-01-30,82080,2017-03-31,3,30080000000,-0.046,,,,,558000000,0.118,399000000,0.257,,254000000,,18.58,,,,,,,,,,,,,,,,,,,,,,true,false,9,2016-04-01,2016-12-31,-1
2018-01-30,82080,2018-03-31,3,38000000000,-0.015,,,,,550000000,0.049,360000000,0.087,,200000000,,14.62,,,,,,,,,,,,,,,,,,,,,,true,true,12,2017-04-01,2018-03-31,0
2018-01-30,82080,2017-03-31,3,,,,,,,,,,,,,,,,,,,,38034000000,9077000000,0.239,663.68,9077000000,,,,,,,,,,,,true,false,12,2016-04-01,2017-03-31,-1
2018-01-30,82080,2017-03-31,3,,,,,,,,,,,,,,,,,,,,,,,,,,,,,10.00,,,,13714995,37258,,false,false,12,2016-04-01,2017-03-31,-1
2018-01-30,82080,2018-03-31,3,,,,,,,,,,,,,,,,,,,,,,,,,,,,,5.00,,,,,,,false,false,12,2017-04-01,2018-03-31,0
2018-01-30,82080,2018-03-31,3,,,,,,,,,,,,,,,,,,,,,,,,,,,,,10.00,,,,,,,false,true,12,2017-04-01,2018-03-31,0
2018-01-30,82080,2018-03-31,3,,,,,,,,,,,,,,,,,,,,,,,,,,,,,,,,,13714995,38026,13677349,false,false,9,2017-04-01,2017-12-31,0
2018-01-30,82080,2017-03-31,3,,,,,,,,,,,,,,,,,,,,,,,,,,,,,,,,,,,13679021,false,false,9,2016-04-01,2016-12-31,-1
2018-04-23,82080,2018-03-31,,37892000000,-0.002,,,,,560000000,0.018,375000000,0.041,,275000000,,20.37,,,,,,,,,,,,,,,,,,,,,,true,true,12,2017-04-01,2018-03-31,0
2018-04-23,82080,2017-03-31,,38569000000,,,,,,524000000,,331000000,,,100000000,,7.29,,,,,,,,,,,,,,,,,,,,,,true,false,12,2016-04-01,2017-03-31,-1
2018-05-11,82080,2018-03-31,,37892000000,-0.018,,,,,562000000,0.074,379000000,0.145,,278000000,,20.37,,0.030,0.010,0.015,,37825000000,9294000000,0.246,679.55,9294000000,916000000,0,-894000000,2207000000,,0.491,,,,,,true,false,12,2017-04-01,2018-03-31,0
2018-05-11,82080,2017-03-31,,38568000000,-0.044,,,,,524000000,0.233,331000000,0.582,,99000000,,7.29,,0.011,0.009,0.014,,38034000000,9077000000,0.239,663.68,9077000000,1661000000,-364000000,-1366000000,2187000000,,1.371,,,,,,true,false,12,2016-04-01,2017-03-31,-1
2018-05-11,82080,2019-03-31,,19750000000,0.012,,,,,340000000,0.022,240000000,0.044,,150000000,,10.97,,,,,,,,,,,,,,,,,,,,,,true,true,6,2018-04-01,2018-09-30,1
2018-05-11,82080,2019-03-31,,38300000000,0.011,,,,,570000000,0.012,390000000,0.028,,260000000,,19.01,,,,,,,,,,,,,,,,0.526,,,,,,true,true,12,2018-04-01,2019-03-31,1
2018-05-11,82080,2017-03-31,,,,,,,,,,,,,,,,,,,,,,,,,,,,,,10.00,,,,13714995,37258,13678874,false,false,12,2016-04-01,2017-03-31,-1
2018-05-11,82080,2018-03-31,,,,,,,,,,,,,,,,,,,,,,,,,,,,,,10.00,,,,13714995,38026,13677256,false,false,12,2017-04-01,2018-03-31,0
2018-05-11,82080,2019-03-31,,,,,,,,,,,,,,,,,,,,,,,,,,,,,,10.00,,,,,,,false,true,12,2018-04-01,2019-03-31,1
,82080,2019-03-31,,,,,,,,,,,,,,,,,,,,,,,,,,,,,,10.00,,,,,,,false,true,12,2018-04-01,2019-03-31,0
,82080,2018-03-31,,,,,,,,,,,,,,,,,,,,,,,,,,,,,,10.00,,,,,,,false,false,12,2017-04-01,2018-03-31,-1
2018-07-31,82080,2019-03-31,1,9879000000,-0.011,,,,,162000000,-0.152,135000000,-0.111,,87000000,,6.41,,,,,,37649000000,9309000000,0.247,680.67,9309000000,,,,,,,,,,,,true,false,3,2018-04-01,2018-06-30,0
2018-07-31,82080,2018-03-31,1,9987000000,-0.037,,,,,191000000,-0.229,152000000,-0.266,,97000000,,7.12,,,,,,,,,,,,,,,,,,,,,,true,false,3,2017-04-01,2017-06-30,-1
2018-07-31,82080,2019-03-31,1,19750000000,0.012,,,,,340000000,0.022,240000000,0.044,,150000000,,10.97,,,,,,,,,,,,,,,,,,,,,,true,true,6,2018-04-01,2018-09-30,0
2018-07-31,82080,2019-03-31,1,38300000000,0.011,,,,,570000000,0.012,390000000,0.028,,260000000,,38.02,,,,,,,,,,,,,,,,,,,,,,true,true,12,2018-04-01,2019-03-31,0
2018-07-31,82080,2018-03-31,1,,,,,,,,,,,,,,,,,,,,37825000000,9294000000,0.246,679.55,9294000000,,,,,,,,,,,,true,false,12,2017-04-01,2018-03-31,-1
2018-07-31,82080,2018-03-31,1,,,,,,,,,,,,,,,,,,,,,,,,,,,,,10.00,,,,13714995,38026,,false,false,12,2017-04-01,2018-03-31,-1
2018-07-31,82080,2019-03-31,1,,,,,,,,,,,,,,,,,,,,,,,,,,,,,10.00,,,,,,,false,true,12,2018-04-01,2019-03-31,0
2018-07-31,82080,2019-03-31,1,,,,,,,,,,,,,,,,,,,,,,,,,,,,,,,,,13714995,38026,13676969,false,false,3,2018-04-01,2018-06-30,0
2018-07-31,82080,2018-03-31,1,,,,,,,,,,,,,,,,,,,,,,,,,,,,,,,,,,,13677737,false,false,3,2017-04-01,2017-06-30,-1
2018-10-30,82080,2019-03-31,2,19480000000,-0.002,,,,,359000000,0.082,267000000,0.162,,168000000,,24.64,,,,,,36826000000,9384000000,0.255,1372.39,9384000000,,,,,,,,,,,,true,false,6,2018-04-01,2018-09-30,0
2018-10-30,82080,2018-03-31,2,19510000000,-0.020,,,,,332000000,0.001,229000000,0.048,,140000000,,20.57,,,,,,,,,,,,,,,,,,,,,,true,false,6,2017-04-01,2017-09-30,-1
2018-10-30,82080,2019-03-31,2,38300000000,0.011,,,,,570000000,0.012,390000000,0.028,,260000000,,38.02,,,,,,,,,,,,,,,,,,,,,,true,true,12,2018-04-01,2019-03-31,0
2018-10-30,82080,2018-03-31,2,,,,,,,,,,,,,,,,,,,,37825000000,9294000000,0.246,1359.10,9294000000,,,,,,,,,,,,true,false,12,2017-04-01,2018-03-31,-1
2018-10-30,82080,2018-03-31,2,,,,,,,,,,,,,,,,,,,,,,,,,,,,,10.00,,,,6857497,19013,,false,false,12,2017-04-01,2018-03-31,-1
2018-10-30,82080,2019-03-31,2,,,,,,,,,,,,,,,,,,,,,,,,,,,,,5.00,,,,,,,false,false,12,2018-04-01,2019-03-31,0
2018-10-30,82080,2019-03-31,2,,,,,,,,,,,,,,,,,,,,,,,,,,,,,10.00,,,,,,,false,true,12,2018-04-01,2019-03-31,0
2018-10-30,82080,2019-03-31,2,,,,,,,,,,,,,,,,,,,,,,,,,,,,,,,,,6857497,19113,6838439,false,false,6,2018-04-01,2018-09-30,0
2018-10-30,82080,2018-03-31,2,,,,,,,,,,,,,,,,,,,,,,,,,,,,,,,,,,,6838765,false,false,6,2017-04-01,2017-09-30,-1
2019-01-29,82080,2019-03-31,3,29763000000,0.010,,,,,687000000,0.199,553000000,0.290,,364000000,,53.26,,,,,,38191000000,9441000000,0.247,1380.65,9441000000,,,,,,,,,,,,true,false,9,2018-04-01,2018-12-31,0
2019-01-29,82080,2018-03-31,3,29455000000,-0.021,,,,,573000000,0.027,429000000,0.073,,326000000,,47.70,,,,,,,,,,,,,,,,,,,,,,true,false,9,2017-04-01,2017-12-31,-1
2019-01-29,82080,2019-03-31,3,38300000000,0.011,,,,,570000000,0.012,390000000,0.028,,260000000,,38.02,,,,,,,,,,,,,,,,,,,,,,true,true,12,2018-04-01,2019-03-31,0
2019-01-29,82080,2018-03-31,3,,,,,,,,,,,,,,,,,,,,37825000000,9294000000,0.246,1359.10,9294000000,,,,,,,,,,,,true,false,12,2017-04-01,2018-03-31,-1
2019-01-29,82080,2018-03-31,3,,,,,,,,,,,,,,,,,,,,,,,,,,,,,10.00,,,,6857497,19013,,false,false,12,2017-04-01,2018-03-31,-1
2019-01-29,82080,2019-03-31,3,,,,,,,,,,,,,,,,,,,,,,,,,,,,,5.00,,,,,,,false,false,12,2018-04-01,2019-03-31,0
2019-01-29,82080,2019-03-31,3,,,,,,,,,,,,,,,,,,,,,,,,,,,,,10.00,,,,,,,false,true,12,2018-04-01,2019-03-31,0
2019-01-29,82080,2019-03-31,3,,,,,,,,,,,,,,,,,,,,,,,,,,,,,,,,,6857497,19206,6838404,false,false,9,2018-04-01,2018-12-31,0
2019-01-29,82080,2018-03-31,3,,,,,,,,,,,,,,,,,,,,,,,,,,,,,,,,,,,6838674,false,false,9,2017-04-01,2017-12-31,-1
2019-04-22,82080,2019-03-31,,38087000000,-0.006,,,,,665000000,0.167,495000000,0.269,,115000000,,16.81,,,,,,,,,,,,,,,,,,,,,,true,true,12,2018-04-01,2019-03-31,0
2019-04-22,82080,2018-03-31,,37892000000,,,,,,562000000,,379000000,,,278000000,,40.74,,,,,,,,,,,,,,,,,,,,,,true,false,12,2017-04-01,2018-03-31,-1
2019-05-08,82080,2019-03-31,,38087000000,0.005,,,,,667000000,0.186,498000000,0.315,,116000000,,17.04,,0.013,0.013,0.018,,36623000000,9218000000,0.252,1348.10,9218000000,1270000000,-230000000,-956000000,2290000000,,1.174,,,,,,true,false,12,2018-04-01,2019-03-31,0
2019-05-08,82080,2018-03-31,,37892000000,-0.018,,,,,562000000,0.074,379000000,0.145,,278000000,,40.74,,0.030,0.010,0.015,,37825000000,9294000000,0.246,1359.10,9294000000,916000000,0,-894000000,2207000000,,0.491,,,,,,true,false,12,2017-04-01,2018-03-31,-1
2019-05-08,82080,2020-03-31,,19800000000,0.016,,,,,380000000,0.056,275000000,0.029,,170000000,,24.86,,,,,,,,,,,,,,,,,,,,,,true,true,6,2019-04-01,2019-09-30,1
2019-05-08,82080,2020-03-31,,37650000000,-0.011,,,,,400000000,-0.401,220000000,-0.559,,100000000,,14.62,,,,,,,,,,,,,,,,1.368,,,,,,true,true,12,2019-04-01,2020-03-31,1
2019-05-08,82080,2018-03-31,,,,,,,,,,,,,,,,,,,,,,,,,,,,,,10.00,,,,6857497,19013,6838628,false,false,12,2017-04-01,2018-03-31,-1
2019-05-08,82080,2019-03-31,,,,,,,,,,,,,,,,,,,,,,,,,,,,,,10.00,,,,6857497,19206,6838376,false,false,12,2018-04-01,2019-03-31,0
2019-05-08,82080,2020-03-31,,,,,,,,,,,,,,,,,,,,,,,,,,,,,,20.00,,,,,,,false,true,12,2019-04-01,2020-03-31,1
2019-07-30,82080,2020-03-31,1,9648000000,-0.023,,,,,108000000,-0.333,83000000,-0.385,,43000000,,6.32,,,,,,36971000000,9166000000,0.248,1340.54,9166000000,,,,,,,,,,,,true,false,3,2019-04-01,2019-06-30,0
2019-07-30,82080,2019-03-31,1,9879000000,-0.011,,,,,162000000,-0.152,135000000,-0.111,,87000000,,12.83,,,,,,,,,,,,,,,,,,,,,,true,false,3,2018-04-01,2018-06-30,-1
2019-07-30,82080,2020-03-31,1,19800000000,0.016,,,,,380000000,0.056,275000000,0.029,,170000000,,24.86,,,,,,,,,,,,,,,,,,,,,,true,true,6,2019-04-01,2019-09-30,0
2019-07-30,82080,2020-03-31,1,37650000000,-0.011,,,,,400000000,-0.401,220000000,-0.559,,100000000,,14.62,,,,,,,,,,,,,,,,,,,,,,true,true,12,2019-04-01,2020-03-31,0
2019-07-30,82080,2019-03-31,1,,,,,,,,,,,,,,,,,,,,36623000000,9218000000,0.252,1348.10,9218000000,,,,,,,,,,,,true,false,12,2018-04-01,2019-03-31,-1
2019-07-30,82080,2019-03-31,1,,,,,,,,,,,,,,,,,,,,,,,,,,,,,10.00,,,,6857497,19206,,false,false,12,2018-04-01,2019-03-31,-1
2019-07-30,82080,2020-03-31,1,,,,,,,,,,,,,,,,,,,,,,,,,,,,,20.00,,,,,,,false,true,12,2019-04-01,2020-03-31,0
2019-07-30,82080,2020-03-31,1,,,,,,,,,,,,,,,,,,,,,,,,,,,,,,,,,6857497,19241,6838278,false,false,3,2019-04-01,2019-06-30,0
2019-07-30,82080,2019-03-31,1,,,,,,,,,,,,,,,,,,,,,,,,,,,,,,,,,,,6838485,false,false,3,2018-04-01,2018-06-30,-1
2019-10-29,82080,2020-03-31,2,19677000000,0.010,,,,,320000000,-0.108,220000000,-0.175,,115000000,,16.92,,,,,,36830000000,9229000000,0.251,1349.75,9229000000,,,,,,,,,,,,true,false,6,2019-04-01,2019-09-30,0
2019-10-29,82080,2019-03-31,2,19480000000,-0.002,,,,,359000000,0.082,267000000,0.162,,168000000,,24.64,,,,,,,,,,,,,,,,,,,,,,true,false,6,2018-04-01,2018-09-30,-1
2019-10-29,82080,2020-03-31,2,37500000000,-0.015,,,,,340000000,-0.491,165000000,-0.669,,50000000,,7.31,,,,,,,,,,,,,,,,,,,,,,true,true,12,2019-04-01,2020-03-31,0
2019-10-29,82080,2019-03-31,2,,,,,,,,,,,,,,,,,,,,36623000000,9218000000,0.252,1348.10,9218000000,,,,,,,,,,,,true,false,12,2018-04-01,2019-03-31,-1
2019-10-29,82080,2019-03-31,2,,,,,,,,,,,,,,,,,,,,,,,,,,,,,10.00,,,,6857497,19206,,false,false,12,2018-04-01,2019-03-31,-1
2019-10-29,82080,2020-03-31,2,,,,,,,,,,,,,,,,,,,,,,,,,,,,,10.00,,,,,,,false,false,12,2019-04-01,2020-03-31,0
2019-10-29,82080,2020-03-31,2,,,,,,,,,,,,,,,,,,,,,,,,,,,,,20.00,,,,,,,false,true,12,2019-04-01,2020-03-31,0
2019-10-29,82080,2020-03-31,2,,,,,,,,,,,,,,,,,,,,,,,,,,,,,,,,,6857497,19291,6838256,false,false,6,2019-04-01,2019-09-30,0
2019-10-29,82080,2019-03-31,2,,,,,,,,,,,,,,,,,,,,,,,,,,,,,,,,,,,6838439,false,false,6,2018-04-01,2018-09-30,-1
2020-01-28,82080,2020-03-31,3,28936000000,-0.028,,,,,367000000,-0.466,235000000,-0.574,,118000000,,17.38,,,,,,37721000000,9181000000,0.243,1342.70,9181000000,,,,,,,,,,,,true,false,9,2019-04-01,2019-12-31,0
2020-01-28,82080,2019-03-31,3,29763000000,0.010,,,,,687000000,0.199,553000000,0.290,,364000000,,53.26,,,,,,,,,,,,,,,,,,,,,,true,false,9,2018-04-01,2018-12-31,-1
2020-01-28,82080,2020-03-31,3,37500000000,-0.015,,,,,340000000,-0.491,165000000,-0.669,,50000000,,7.31,,,,,,,,,,,,,,,,,,,,,,true,true,12,2019-04-01,2020-03-31,0
2020-01-28,82080,2019-03-31,3,,,,,,,,,,,,,,,,,,,,36623000000,9218000000,0.252,1348.10,9218000000,,,,,,,,,,,,true,false,12,2018-04-01,2019-03-31,-1
2020-01-28,82080,2019-03-31,3,,,,,,,,,,,,,,,,,,,,,,,,,,,,,10.00,,,,6857497,19291,,false,false,12,2018-04-01,2019-03-31,-1
2020-01-28,82080,2020-03-31,3,,,,,,,,,,,,,,,,,,,,,,,,,,,,,10.00,,,,,,,false,false,12,2019-04-01,2020-03-31,0
2020-01-28,82080,2020-03-31,3,,,,,,,,,,,,,,,,,,,,,,,,,,,,,20.00,,,,,,,false,true,12,2019-04-01,2020-03-31,0
2020-01-28,82080,2020-03-31,3,,,,,,,,,,,,,,,,,,,,,,,,,,,,,,,,,6857497,19291,6838240,false,false,9,2019-04-01,2019-12-31,0
2020-01-28,82080,2019-03-31,3,,,,,,,,,,,,,,,,,,,,,,,,,,,,,,,,,,,6838404,false,false,9,2018-04-01,2018-12-31,-1
2020-05-11,82080,2020-03-31,,37036000000,-0.012,,,,,274000000,-0.191,113000000,-0.315,,-391000000,,-57.30,,,,,,,,,,,,,,,,,,,,,,true,true,12,2019-04-01,2020-03-31,0
2020-05-11,82080,2019-03-31,,38087000000,,,,,,667000000,,498000000,,,116000000,,17.04,,,,,,,,,,,,,,,,,,,,,,true,false,12,2018-04-01,2019-03-31,-1
2020-05-19,82080,2020-03-31,,37036000000,-0.028,,,,,274000000,-0.588,113000000,-0.773,,-391000000,,-57.30,,-0.044,0.003,0.007,,35839000000,8534000000,0.238,1248.10,8534000000,-173000000,-10000000,48000000,2154000000,,-0.262,,,,,,true,false,12,2019-04-01,2020-03-31,0
2020-05-19,82080,2019-03-31,,38087000000,0.005,,,,,667000000,0.186,498000000,0.315,,116000000,,17.04,,0.013,0.013,0.018,,36623000000,9218000000,0.252,1348.10,9218000000,1270000000,-230000000,-956000000,2290000000,,1.174,,,,,,true,false,12,2018-04-01,2019-03-31,-1
2020-05-19,82080,2019-03-31,,,,,,,,,,,,,,,,,,,,,,,,,,,,,,10.00,,,,6857497,19206,6838376,false,false,12,2018-04-01,2019-03-31,-1
2020-05-19,82080,2020-03-31,,,,,,,,,,,,,,,,,,,,,,,,,,,,,,15.00,,,,6857497,19341,6838229,false,false,12,2019-04-01,2020-03-31,0
2020-05-19,82080,2020-03-31,,35961000000,,,,,,186000000,,37000000,,-436000000,,,-63.78,,,,,,,,,,,,,,,,,,,,,,false,true,12,2019-04-01,2020-03-31,0
2020-05-19,82080,2019-03-31,,37086000000,,,,,,565000000,,410000000,,63000000,,,9.25,,,,,,,,,,,,,,,,,,,,,,false,false,12,2018-04-01,2019-03-31,-1
2020-07-29,82080,2021-03-31,1,10277000000,0.065,,,,,450000000,3.155,426000000,4.124,,457000000,,66.89,,,,,,37279000000,9026000000,0.242,1320.00,9026000000,,,,,,,,,,,,true,false,3,2020-04-01,2020-06-30,0
2020-07-29,82080,2020-03-31,1,9648000000,-0.023,,,,,108000000,-0.333,83000000,-0.385,,43000000,,6.32,,,,,,,,,,,,,,,,,,,,,,true,false,3,2019-04-01,2019-06-30,-1
2020-07-29,82080,2020-03-31,1,,,,,,,,,,,,,,,,,,,,35839000000,8534000000,0.238,1248.10,8534000000,,,,,,,,,,,,true,false,12,2019-04-01,2020-03-31,-1
2020-07-29,82080,2020-03-31,1,,,,,,,,,,,,,,,,,,,,,,,,,,,,,15.00,,,,6857497,19341,,false,false,12,2019-04-01,2020-03-31,-1
2020-07-29,82080,2021-03-31,1,,,,,,,,,,,,,,,,,,,,,,,,,,,,,,,,,6857497,19341,6838156,false,false,3,2020-04-01,2020-06-30,0
2020-07-29,82080,2020-03-31,1,,,,,,,,,,,,,,,,,,,,,,,,,,,,,,,,,,,6838278,false,false,3,2019-04-01,2019-06-30,-1
2020-09-23,82080,2021-03-31,,20180000000,,,,,,800000000,,710000000,,,660000000,,96.52,,,,,,,,,,,,,,,,,,,,,,true,true,6,2020-04-01,2020-09-30,0
2020-09-23,82080,2020-03-31,,19677000000,,,,,,320000000,,220000000,,,115000000,,16.92,,,,,,,,,,,,,,,,,,,,,,true,false,6,2019-04-01,2019-09-30,-1
2020-09-23,82080,2021-03-31,,37500000000,,,,,,850000000,,700000000,,,600000000,,87.74,,,,,,,,,,,,,,,,,,,,,,true,true,12,2020-04-01,2021-03-31,0
2020-09-23,82080,2020-03-31,,37036000000,,,,,,274000000,,113000000,,,-391000000,,-57.30,,,,,,,,,,,,,,,,,,,,,,true,false,12,2019-04-01,2020-03-31,-1
2020-09-23,82080,2021-03-31,,,,,,,,,,,,,,,,,,,,,,,,,,,,,,20.00,,,,,,,false,true,12,2020-04-01,2021-03-31,0
2020-09-23,82080,2020-03-31,,,,,,,,,,,,,,,,,,,,,,,,,,,,,,15.00,,,,,,,false,false,12,2019-04-01,2020-03-31,-1
2020-10-28,82080,2021-03-31,2,20200000000,0.027,,,,,855000000,1.664,769000000,2.491,,639000000,,93.57,,,,,,36223000000,9231000000,0.255,1349.95,9231000000,,,,,,,,,,,,true,false,6,2020-04-01,2020-09-30,0
2020-10-28,82080,2020-03-31,2,19677000000,0.010,,,,,320000000,-0.108,220000000,-0.175,,115000000,,16.92,,,,,,,,,,,,,,,,,,,,,,true,false,6,2019-04-01,2019-09-30,-1
2020-10-28,82080,2021-03-31,2,37500000000,0.013,,,,,850000000,2.092,700000000,5.194,600000000,,,87.74,,,,,,,,,,,,,,,,,,,,,,true,true,12,2020-04-01,2021-03-31,0
2020-10-28,82080,2020-03-31,2,,,,,,,,,,,,,,,,,,,,35839000000,8534000000,0.238,1248.10,8534000000,,,,,,,,,,,,true,false,12,2019-04-01,2020-03-31,-1
2020-10-28,82080,2020-03-31,2,,,,,,,,,,,,,,,,,,,,,,,,,,,,,15.00,,,,6857497,19341,,false,false,12,2019-04-01,2020-03-31,-1
2020-10-28,82080,2021-03-31,2,,,,,,,,,,,,,,,,,,,,,,,,,,,,,10.00,,,,,,,false,false,12,2020-04-01,2021-03-31,0
2020-10-28,82080,2021-03-31,2,,,,,,,,,,,,,,,,,,,,,,,,,,,,,20.00,,,,,,,false,true,12,2020-04-01,2021-03-31,0
2020-10-28,82080,2021-03-31,2,,,,,,,,,,,,,,,,,,,,,,,,,,,,,,,,,6857497,19369,6838148,false,false,6,2020-04-01,2020-09-30,0
2020-10-28,82080,2020-03-31,2,,,,,,,,,,,,,,,,,,,,,,,,,,,,,,,,,,,6838256,false,false,6,2019-04-01,2019-09-30,-1
2021-01-29,82080,2021-03-31,3,30072000000,0.039,,,,,1189000000,2.239,1080000000,3.583,,888000000,,129.92,,,,,,37846000000,9389000000,0.248,1373.18,9389000000,,,,,,,,,,,,true,false,9,2020-04-01,2020-12-31,0
2021-01-29,82080,2020-03-31,3,28936000000,-0.028,,,,,367000000,-0.466,235000000,-0.574,,118000000,,17.38,,,,,,,,,,,,,,,,,,,,,,true,false,9,2019-04-01,2019-12-31,-1
2021-01-29,82080,2021-03-31,3,37500000000,0.013,,,,,850000000,2.092,700000000,5.194,600000000,,,87.74,,,,,,,,,,,,,,,,,,,,,,true,true,12,2020-04-01,2021-03-31,0
2021-01-29,82080,2020-03-31,3,,,,,,,,,,,,,,,,,,,,35839000000,8534000000,0.238,1248.10,8534000000,,,,,,,,,,,,true,false,12,2019-04-01,2020-03-31,-1
2021-01-29,82080,2020-03-31,3,,,,,,,,,,,,,,,,,,,,,,,,,,,,,15.00,,,,6857497,19341,,false,false,12,2019-04-01,2020-03-31,-1
2021-01-29,82080,2021-03-31,3,,,,,,,,,,,,,,,,,,,,,,,,,,,,,10.00,,,,,,,false,false,12,2020-04-01,2021-03-31,0
2021-01-29,82080,2021-03-31,3,,,,,,,,,,,,,,,,,,,,,,,,,,,,,20.00,,,,,,,false,true,12,2020-04-01,2021-03-31,0
2021-01-29,82080,2021-03-31,3,,,,,,,,,,,,,,,,,,,,,,,,,,,,,,,,,6857497,19469,6838119,false,false,9,2020-04-01,2020-12-31,0
2021-01-29,82080,2020-03-31,3,,,,,,,,,,,,,,,,,,,,,,,,,,,,,,,,,,,6838240,false,false,9,2019-04-01,2019-12-31,-1
2021-04-27,82080,2021-03-31,,38608000000,0.030,,,,,1145000000,0.347,1005000000,0.436,,830000000,,121.37,,,,,,,,,,,,,,,,,,,,,,true,true,12,2020-04-01,2021-03-31,0
2021-04-27,82080,2020-03-31,,37036000000,,,,,,274000000,,113000000,,,-391000000,,-57.30,,,,,,,,,,,,,,,,,,,,,,true,false,12,2019-04-01,2020-03-31,-1
2021-04-27,82080,2021-03-31,,37434000000,,,,,,1000000000,,900000000,,760000000,,,111.14,,,,,,,,,,,,,,,,,,,,,,false,true,12,2020-04-01,2021-03-31,0
2021-04-27,82080,2020-03-31,,35961000000,,,,,,186000000,,37000000,,-436000000,,,-63.78,,,,,,,,,,,,,,,,,,,,,,false,false,12,2019-04-01,2020-03-31,-1
2021-05-12,82080,2021-03-31,,38608000000,0.042,,,,,1147000000,3.174,1006000000,7.906,,833000000,,121.89,,0.092,0.028,0.030,,36255000000,9572000000,0.264,1399.91,9572000000,2630000000,-779000000,-1921000000,2084000000,,0.164,,,,,,true,false,12,2020-04-01,2021-03-31,0
2021-05-12,82080,2020-03-31,,37036000000,-0.028,,,,,274000000,-0.588,113000000,-0.773,,-391000000,,-57.30,,-0.044,0.003,0.007,,35839000000,8534000000,0.238,1248.10,8534000000,-173000000,-10000000,48000000,2154000000,,-0.262,,,,,,true,false,12,2019-04-01,2020-03-31,-1
2021-05-12,82080,2022-03-31,,19830000000,-0.008,,,,,580000000,-0.322,510000000,-0.337,,320000000,,46.80,,,,,,,,,,,,,,,,,,,,,,true,true,6,2021-04-01,2021-09-30,1
2021-05-12,82080,2022-03-31,,38170000000,0.000,,,,,780000000,-0.320,640000000,-0.363,,410000000,,59.96,,,,,,,,,,,,,,,,0.360,,,,,,true,true,12,2021-04-01,2022-03-31,1
2021-05-12,82080,2020-03-31,,,,,,,,,,,,,,,,,,,,,,,,,,,,,,15.00,,,,6857497,19341,6838229,false,false,12,2019-04-01,2020-03-31,-1
2021-05-12,82080,2021-03-31,,,,,,,,,,,,,,,,,,,,,,,,,,,,,,20.00,,,,6857497,19469,6838097,false,false,12,2020-04-01,2021-03-31,0
2021-05-12,82080,2022-03-31,,,,,,,,,,,,,,,,,,,,,,,,,,,,,,20.00,,,,,,,false,true,12,2021-04-01,2022-03-31,1
2021-07-28,82080,2022-03-31,1,9541000000,-0.062,,,,,258000000,-0.426,237000000,-0.444,,158000000,,23.24,,,,,,36341000000,9610000000,0.264,1405.45,9610000000,,,,,,,,,,,,true,false,3,2021-04-01,2021-06-30,0
2021-07-28,82080,2021-03-31,1,10169000000,,,,,,450000000,,426000000,,,457000000,,66.95,,,,,,,,,,,,,,,,,,,,,,true,false,3,2020-04-01,2020-06-30,-1
2021-07-28,82080,2022-03-31,1,19830000000,-0.008,,,,,580000000,-0.322,510000000,-0.337,,320000000,,46.80,,,,,,,,,,,,,,,,,,,,,,true,true,6,2021-04-01,2021-09-30,0
2021-07-28,82080,2022-03-31,1,38170000000,0.000,,,,,780000000,-0.320,640000000,-0.363,,410000000,,59.96,,,,,,,,,,,,,,,,,,,,,,true,true,12,2021-04-01,2022-03-31,0
2021-07-28,82080,2021-03-31,1,,,,,,,,,,,,,,,,,,,,36255000000,9572000000,0.264,1399.96,9572000000,,,,,,,,,,,,true,false,12,2020-04-01,2021-03-31,-1
2021-07-28,82080,2021-03-31,1,,,,,,,,,,,,,,,,,,,,,,,,,,,,,22.00,,,,6857497,19469,,false,false,12,2020-04-01,2021-03-31,-1
2021-07-28,82080,2022-03-31,1,,,,,,,,,,,,,,,,,,,,,,,,,,,,,20.00,,,,,,,false,true,12,2021-04-01,2022-03-31,0
2021-07-28,82080,2022-03-31,1,,,,,,,,,,,,,,,,,,,,,,,,,,,,,,,,,6857497,19469,6838028,false,false,3,2021-04-01,2021-06-30,0
2021-07-28,82080,2021-03-31,1,,,,,,,,,,,,,,,,,,,,,,,,,,,,,,,,,,,6838156,false,false,3,2020-04-01,2020-06-30,-1
2021-10-27,82080,2022-03-31,2,18924000000,-0.053,,,,,464000000,-0.456,385000000,-0.499,,277000000,,40.56,,,,,,36096000000,9735000000,0.270,1423.72,9735000000,,,,,,,,,,,,true,false,6,2021-04-01,2021-09-30,0
2021-10-27,82080,2021-03-31,2,19979000000,,,,,,854000000,,768000000,,,639000000,,93.52,,,,,,,,,,,,,,,,,,,,,,true,false,6,2020-04-01,2020-09-30,-1
2021-10-27,82080,2022-03-31,2,36950000000,-0.032,,,,,665000000,-0.420,515000000,-0.488,,335000000,,48.99,,,,,,,,,,,,,,,,,,,,,,true,true,12,2021-04-01,2022-03-31,0
2021-10-27,82080,2021-03-31,2,,,,,,,,,,,,,,,,,,,,36255000000,9572000000,0.264,1399.96,9572000000,,,,,,,,,,,,true,false,12,2020-04-01,2021-03-31,-1
2021-10-27,82080,2021-03-31,2,,,,,,,,,,,,,,,,,,,,,,,,,,,,,22.00,,,,6857497,19469,,false,false,12,2020-04-01,2021-03-31,-1
2021-10-27,82080,2022-03-31,2,,,,,,,,,,,,,,,,,,,,,,,,,,,,,10.00,,,,,,,false,false,12,2021-04-01,2022-03-31,0
2021-10-27,82080,2022-03-31,2,,,,,,,,,,,,,,,,,,,,,,,,,,,,,20.00,,,,,,,false,true,12,2021-04-01,2022-03-31,0
2021-10-27,82080,2022-03-31,2,,,,,,,,,,,,,,,,,,,,,,,,,,,,,,,,,6857497,19569,6837995,false,false,6,2021-04-01,2021-09-30,0
2021-10-27,82080,2021-03-31,2,,,,,,,,,,,,,,,,,,,,,,,,,,,,,,,,,,,6838148,false,false,6,2020-04-01,2020-09-30,-1
2022-01-26,82080,2022-03-31,3,28789000000,-0.032,,,,,720000000,-0.394,618000000,-0.427,,446000000,,65.32,,,,,,37322000000,9803000000,0.263,1433.69,9803000000,,,,,,,,,,,,true,false,9,2021-04-01,2021-12-31,0
2022-01-26,82080,2021-03-31,3,29739000000,,,,,,1188000000,,1079000000,,,887000000,,129.84,,,,,,,,,,,,,,,,,,,,,,true,false,9,2020-04-01,2020-12-31,-1
2022-01-26,82080,2022-03-31,3,36950000000,-0.032,,,,,665000000,-0.420,515000000,-0.488,,335000000,,48.99,,,,,,,,,,,,,,,,,,,,,,true,true,12,2021-04-01,2022-03-31,0
2022-01-26,82080,2021-03-31,3,,,,,,,,,,,,,,,,,,,,36255000000,9572000000,0.264,1399.96,9572000000,,,,,,,,,,,,true,false,12,2020-04-01,2021-03-31,-1
2022-01-26,82080,2021-03-31,3,,,,,,,,,,,,,,,,,,,,,,,,,,,,,22.00,,,,6857497,19469,,false,false,12,2020-04-01,2021-03-31,-1
2022-01-26,82080,2022-03-31,3,,,,,,,,,,,,,,,,,,,,,,,,,,,,,10.00,,,,,,,false,false,12,2021-04-01,2022-03-31,0
2022-01-26,82080,2022-03-31,3,,,,,,,,,,,,,,,,,,,,,,,,,,,,,20.00,,,,,,,false,true,12,2021-04-01,2022-03-31,0
2022-01-26,82080,2022-03-31,3,,,,,,,,,,,,,,,,,,,,,,,,,,,,,,,,,6857497,19569,6837973,false,false,9,2021-04-01,2021-12-31,0
2022-01-26,82080,2021-03-31,3,,,,,,,,,,,,,,,,,,,,,,,,,,,,,,,,,,,6838119,false,false,9,2020-04-01,2020-12-31,-1
2022-05-11,82080,2022-03-31,,37277000000,-0.023,,,,,703000000,-0.386,571000000,-0.431,,406000000,,59.51,,0.042,0.016,0.019,,36243000000,9802000000,0.270,1433.55,9802000000,-88000000,-109000000,-84000000,1806000000,,0.336,,,,,,true,false,12,2021-04-01,2022-03-31,0
2022-05-11,82080,2021-03-31,,38166000000,,,,,,1145000000,,1004000000,,,832000000,,121.72,,0.092,0.028,0.030,,36255000000,9572000000,0.264,1399.96,9572000000,2630000000,-779000000,-1921000000,2084000000,,0.181,,,,,,true,false,12,2020-04-01,2021-03-31,-1
2022-05-11,82080,2023-03-31,,19400000000,0.025,,,,,400000000,-0.139,330000000,-0.143,,200000000,,29.25,,,,,,,,,,,,,,,,,,,,,,true,true,6,2022-04-01,2022-09-30,1
2022-05-11,82080,2023-03-31,,38200000000,0.025,,,,,710000000,0.010,580000000,0.015,,410000000,,59.96,,,,,,,,,,,,,,,,0.334,,,,,,true,true,12,2022-04-01,2023-03-31,1
2022-05-11,82080,2021-03-31,,,,,,,,,,,,,,,,,,,,,,,,,,,,,,22.00,,,,6857497,19469,6838097,false,false,12,2020-04-01,2021-03-31,-1
2022-05-11,82080,2022-03-31,,,,,,,,,,,,,,,,,,,,,,,,,,,,,,20.00,,,,6857497,19569,6837962,false,false,12,2021-04-01,2022-03-31,0
2022-05-11,82080,2023-03-31,,,,,,,,,,,,,,,,,,,,,,,,,,,,,,20.00,,,,,,,false,true,12,2022-04-01,2023-03-31,1
2022-05-11,82080,2022-03-31,,36103000000,,,,,,579000000,,470000000,,348000000,,,51.00,,,,,,,,,,,,,,,,,,,,,,false,true,12,2021-04-01,2022-03-31,0
2022-05-11,82080,2021-03-31,,36991000000,,,,,,1022000000,,899000000,,763000000,,,111.68,,,,,,,,,,,,,,,,,,,,,,false,false,12,2020-04-01,2021-03-31,-1
2022-07-28,82080,2023-03-31,1,9361000000,-0.019,,,,,145000000,-0.439,110000000,-0.533,,74000000,,10.87,,,,,,36383000000,9776000000,0.269,1429.77,9776000000,,,,,,,,,,,,true,false,3,2022-04-01,2022-06-30,0
2022-07-28,82080,2022-03-31,1,9541000000,-0.062,,,,,258000000,-0.426,237000000,-0.444,,158000000,,23.24,,,,,,,,,,,,,,,,,,,,,,true,false,3,2021-04-01,2021-06-30,-1
2022-07-28,82080,2023-03-31,1,19400000000,0.025,,,,,400000000,-0.139,330000000,-0.143,,200000000,,29.25,,,,,,,,,,,,,,,,,,,,,,true,true,6,2022-04-01,2022-09-30,0
2022-07-28,82080,2023-03-31,1,38200000000,0.025,,,,,710000000,0.010,580000000,0.015,,410000000,,59.96,,,,,,,,,,,,,,,,,,,,,,true,true,12,2022-04-01,2023-03-31,0
2022-07-28,82080,2022-03-31,1,,,,,,,,,,,,,,,,,,,,36243000000,9802000000,0.270,1433.55,9802000000,,,,,,,,,,,,true,false,12,2021-04-01,2022-03-31,-1
2022-07-28,82080,2022-03-31,1,,,,,,,,,,,,,,,,,,,,,,,,,,,,,20.00,,,,6857497,19569,,false,false,12,2021-04-01,2022-03-31,-1
2022-07-28,82080,2023-03-31,1,,,,,,,,,,,,,,,,,,,,,,,,,,,,,20.00,,,,,,,false,true,12,2022-04-01,2023-03-31,0
2022-07-28,82080,2023-03-31,1,,,,,,,,,,,,,,,,,,,,,,,,,,,,,,,,,6857497,19569,6837928,false,false,3,2022-04-01,2022-06-30,0
2022-07-28,82080,2022-03-31,1,,,,,,,,,,,,,,,,,,,,,,,,,,,,,,,,,,,6838028,false,false,3,2021-04-01,2021-06-30,-1
2022-11-04,82080,2023-03-31,,18320000000,-0.056,,,,,165000000,-0.588,65000000,-0.803,,-200000000,,-29.25,,,,,,,,,,,,,,,,,,,,,,true,true,6,2022-04-01,2022-09-30,0
2022-11-04,82080,2022-03-31,,18924000000,,,,,,464000000,,385000000,,,277000000,,40.56,,,,,,,,,,,,,,,,,,,,,,true,false,6,2021-04-01,2021-09-30,-1
2022-11-04,82080,2023-03-31,,36340000000,-0.049,,,,,300000000,-0.577,130000000,-0.776,,-100000000,,-14.62,,,,,,,,,,,,,,,,,,,,,,true,true,12,2022-04-01,2023-03-31,0
2022-11-04,82080,2022-03-31,,37277000000,,,,,,703000000,,571000000,,,406000000,,59.51,,,,,,,,,,,,,,,,,,,,,,true,false,12,2021-04-01,2022-03-31,-1
2022-11-10,82080,2023-03-31,2,18321000000,-0.032,,,,,165000000,-0.643,68000000,-0.823,,-198000000,,-29.06,,,,,,36216000000,9494000000,0.262,1388.46,9494000000,,,,,,,,,,,,true,false,6,2022-04-01,2022-09-30,0
2022-11-10,82080,2022-03-31,2,18924000000,-0.053,,,,,464000000,-0.456,385000000,-0.499,,277000000,,40.56,,,,,,,,,,,,,,,,,,,,,,true,false,6,2021-04-01,2021-09-30,-1
2022-11-10,82080,2023-03-31,2,36340000000,-0.049,,,,,300000000,-0.577,130000000,-0.776,,-100000000,,-14.62,,,,,,,,,,,,,,,,,,,,,,true,true,12,2022-04-01,2023-03-31,0
2022-11-10,82080,2022-03-31,2,,,,,,,,,,,,,,,,,,,,36243000000,9802000000,0.270,1433.55,9802000000,,,,,,,,,,,,true,false,12,2021-04-01,2022-03-31,-1
2022-11-10,82080,2022-03-31,2,,,,,,,,,,,,,,,,,,,,,,,,,,,,,20.00,,,,6857497,19569,,false,false,12,2021-04-01,2022-03-31,-1
2022-11-10,82080,2023-03-31,2,,,,,,,,,,,,,,,,,,,,,,,,,,,,,10.00,,,,,,,false,false,12,2022-04-01,2023-03-31,0
2022-11-10,82080,2023-03-31,2,,,,,,,,,,,,,,,,,,,,,,,,,,,,,20.00,,,,,,,false,true,12,2022-04-01,2023-03-31,0
2022-11-10,82080,2023-03-31,2,,,,,,,,,,,,,,,,,,,,,,,,,,,,,,,,,6857497,19569,6837928,false,false,6,2022-04-01,2022-09-30,0
2022-11-10,82080,2022-03-31,2,,,,,,,,,,,,,,,,,,,,,,,,,,,,,,,,,,,6837995,false,false,6,2021-04-01,2021-09-30,-1
2023-01-31,82080,2023-03-31,3,27958000000,-0.029,,,,,335000000,-0.535,220000000,-0.644,,16000000,,2.45,,,,,,37535000000,9681000000,0.258,1415.81,9681000000,,,,,,,,,,,,true,false,9,2022-04-01,2022-12-31,0
2023-01-31,82080,2022-03-31,3,28789000000,-0.032,,,,,720000000,-0.394,618000000,-0.427,,446000000,,65.32,,,,,,,,,,,,,,,,,,,,,,true,false,9,2021-04-01,2021-12-31,-1
2023-01-31,82080,2023-03-31,3,36340000000,-0.049,,,,,300000000,-0.577,130000000,-0.776,,-100000000,,-14.62,,,,,,,,,,,,,,,,,,,,,,true,true,12,2022-04-01,2023-03-31,0
2023-01-31,82080,2022-03-31,3,,,,,,,,,,,,,,,,,,,,36243000000,9802000000,0.270,1433.55,9802000000,,,,,,,,,,,,true,false,12,2021-04-01,2022-03-31,-1
2023-01-31,82080,2022-03-31,3,,,,,,,,,,,,,,,,,,,,,,,,,,,,,20.00,,,,6857497,19569,,false,false,12,2021-04-01,2022-03-31,-1
2023-01-31,82080,2023-03-31,3,,,,,,,,,,,,,,,,,,,,,,,,,,,,,10.00,,,,,,,false,false,12,2022-04-01,2023-03-31,0
2023-01-31,82080,2023-03-31,3,,,,,,,,,,,,,,,,,,,,,,,,,,,,,20.00,,,,,,,false,true,12,2022-04-01,2023-03-31,0
2023-01-31,82080,2023-03-31,3,,,,,,,,,,,,,,,,,,,,,,,,,,,,,,,,,6857497,19619,6837924,false,false,9,2022-04-01,2022-12-31,0
2023-01-31,82080,2022-03-31,3,,,,,,,,,,,,,,,,,,,,,,,,,,,,,,,,,,,6837973,false,false,9,2021-04-01,2021-12-31,-1
2023-04-25,82080,2023-03-31,,36068000000,-0.007,,,,,235000000,-0.217,100000000,-0.231,,-215000000,,-31.44,,,,,,,,,,,,,,,,,,,,,,true,true,12,2022-04-01,2023-03-31,0
2023-04-25,82080,2022-03-31,,37277000000,,,,,,703000000,,571000000,,,406000000,,59.51,,,,,,,,,,,,,,,,,,,,,,true,false,12,2021-04-01,2022-03-31,-1
2023-05-10,82080,2023-03-31,,36068000000,-0.032,,,,,238000000,-0.660,100000000,-0.824,,-216000000,,-31.64,,-0.023,0.003,0.007,,36726000000,9419000000,0.256,1377.59,9419000000,-294000000,-235000000,552000000,1830000000,,,,,,,,true,false,12,2022-04-01,2023-03-31,0
2023-05-10,82080,2022-03-31,,37277000000,-0.023,,,,,703000000,-0.386,571000000,-0.431,,406000000,,59.51,,0.042,0.016,0.019,,36243000000,9802000000,0.270,1433.55,9802000000,-88000000,-109000000,-84000000,1806000000,,0.336,,,,,,true,false,12,2021-04-01,2022-03-31,-1
2023-05-10,82080,2024-03-31,,18400000000,0.004,,,,,200000000,0.208,100000000,0.467,,60000000,,8.77,,,,,,,,,,,,,,,,,,,,,,true,true,6,2023-04-01,2023-09-30,1
2023-05-10,82080,2024-03-31,,36300000000,0.006,,,,,340000000,0.424,180000000,0.788,,100000000,,14.62,,,,,,,,,,,,,,,,1.368,,,,,,true,true,12,2023-04-01,2024-03-31,1
2023-05-10,82080,2022-03-31,,,,,,,,,,,,,,,,,,,,,,,,,,,,,,20.00,,,,6857497,19569,6837962,false,false,12,2021-04-01,2022-03-31,-1
2023-05-10,82080,2023-03-31,,,,,,,,,,,,,,,,,,,,,,,,,,,,,,15.00,,,,6857497,19619,6837913,false,false,12,2022-04-01,2023-03-31,0
2023-05-10,82080,2024-03-31,,,,,,,,,,,,,,,,,,,,,,,,,,,,,,20.00,,,,,,,false,true,12,2023-04-01,2024-03-31,1
2023-07-27,82080,2024-03-31,1,8801000000,-0.060,,,,,40000000,-0.723,16000000,-0.850,,9000000,,1.38,,,,,,36595000000,9443000000,0.258,1381.13,9443000000,,,,,,,,,,,,true,false,3,2023-04-01,2023-06-30,0
2023-07-27,82080,2023-03-31,1,9361000000,-0.019,,,,,145000000,-0.439,110000000,-0.533,,74000000,,10.87,,,,,,,,,,,,,,,,,,,,,,true,false,3,2022-04-01,2022-06-30,-1
2023-07-27,82080,2024-03-31,1,18400000000,0.004,,,,,200000000,0.208,100000000,0.467,,60000000,,8.77,,,,,,,,,,,,,,,,,,,,,,true,true,6,2023-04-01,2023-09-30,0
2023-07-27,82080,2024-03-31,1,36300000000,0.006,,,,,340000000,0.424,180000000,0.788,,100000000,,14.62,,,,,,,,,,,,,,,,,,,,,,true,true,12,2023-04-01,2024-03-31,0
2023-07-27,82080,2023-03-31,1,,,,,,,,,,,,,,,,,,,,36726000000,9419000000,0.256,1377.59,9419000000,,,,,,,,,,,,true,false,12,2022-04-01,2023-03-31,-1
2023-07-27,82080,2023-03-31,1,,,,,,,,,,,,,,,,,,,,,,,,,,,,,15.00,,,,6857497,19619,,false,false,12,2022-04-01,2023-03-31,-1
2023-07-27,82080,2024-03-31,1,,,,,,,,,,,,,,,,,,,,,,,,,,,,,20.00,,,,,,,false,true,12,2023-04-01,2024-03-31,0
2023-07-27,82080,2024-03-31,1,,,,,,,,,,,,,,,,,,,,,,,,,,,,,,,,,6857497,19619,6837878,false,false,3,2023-04-01,2023-06-30,0
2023-07-27,82080,2023-03-31,1,,,,,,,,,,,,,,,,,,,,,,,,,,,,,,,,,,,6837928,false,false,3,2022-04-01,2022-06-30,-1
2023-10-24,82080,2024-03-31,,17485000000,-0.050,,,,,15000000,-0.925,-45000000,,,-40000000,,-5.85,,,,,,,,,,,,,,,,,,,,,,true,true,6,2023-04-01,2023-09-30,0
2023-10-24,82080,2023-03-31,,18321000000,,,,,,165000000,,68000000,,,-198000000,,-29.06,,,,,,,,,,,,,,,,,,,,,,true,false,6,2022-04-01,2022-09-30,-1
2023-10-24,82080,2024-03-31,,34330000000,-0.054,,,,,120000000,-0.647,-60000000,,,-100000000,,-14.62,,,,,,,,,,,,,,,,,,,,,,true,true,12,2023-04-01,2024-03-31,0
2023-10-24,82080,2023-03-31,,36068000000,,,,,,238000000,,100000000,,,-216000000,,-31.64,,,,,,,,,,,,,,,,,,,,,,true,false,12,2022-04-01,2023-03-31,-1
2023-10-24,82080,2024-03-31,,,,,,,,,,,,,,,,,,,,,,,,,,,,,,2.50,,,,,,,false,true,12,2023-04-01,2024-03-31,0
2023-10-24,82080,2023-03-31,,,,,,,,,,,,,,,,,,,,,,,,,,,,,,15.00,,,,,,,false,false,12,2022-04-01,2023-03-31,-1
2023-10-31,82080,2024-03-31,2,17487000000,-0.046,,,,,15000000,-0.909,-45000000,,,-43000000,,-6.36,,,,,,36486000000,9447000000,0.259,1381.59,9447000000,,,,,,,,,,,,true,false,6,2023-04-01,2023-09-30,0
2023-10-31,82080,2023-03-31,2,18321000000,-0.032,,,,,165000000,-0.643,68000000,-0.823,,-198000000,,-29.06,,,,,,,,,,,,,,,,,,,,,,true,false,6,2022-04-01,2022-09-30,-1
2023-10-31,82080,2024-03-31,2,34330000000,-0.048,,,,,120000000,-0.497,-60000000,,,-100000000,,-14.62,,,,,,,,,,,,,,,,,,,,,,true,true,12,2023-04-01,2024-03-31,0
2023-10-31,82080,2023-03-31,2,,,,,,,,,,,,,,,,,,,,36726000000,9419000000,0.256,1377.59,9419000000,,,,,,,,,,,,true,false,12,2022-04-01,2023-03-31,-1
2023-10-31,82080,2023-03-31,2,,,,,,,,,,,,,,,,,,,,,,,,,,,,,15.00,,,,6857497,19619,,false,false,12,2022-04-01,2023-03-31,-1
2023-10-31,82080,2024-03-31,2,,,,,,,,,,,,,,,,,,,,,,,,,,,,,0.00,,,,,,,false,false,12,2023-04-01,2024-03-31,0
2023-10-31,82080,2024-03-31,2,,,,,,,,,,,,,,,,,,,,,,,,,,,,,2.50,,,,,,,false,true,12,2023-04-01,2024-03-31,0
2023-10-31,82080,2024-03-31,2,,,,,,,,,,,,,,,,,,,,,,,,,,,,,,,,,6857497,19669,6837870,false,false,6,2023-04-01,2023-09-30,0
2023-10-31,82080,2023-03-31,2,,,,,,,,,,,,,,,,,,,,,,,,,,,,,,,,,,,6837928,false,false,6,2022-04-01,2022-09-30,-1
2024-01-31,82080,2024-03-31,3,26496000000,-0.052,,,,,216000000,-0.354,90000000,-0.589,,36000000,,5.30,,,,,,37888000000,9550000000,0.252,1396.64,9550000000,,,,,,,,,,,,true,false,9,2023-04-01,2023-12-31,0
2024-01-31,82080,2023-03-31,3,27958000000,-0.029,,,,,335000000,-0.535,220000000,-0.644,,16000000,,2.45,,,,,,,,,,,,,,,,,,,,,,true,false,9,2022-04-01,2022-12-31,-1
2024-01-31,82080,2024-03-31,3,34330000000,-0.048,,,,,120000000,-0.497,-60000000,,,-100000000,,-14.62,,,,,,,,,,,,,,,,,,,,,,true,true,12,2023-04-01,2024-03-31,0
2024-01-31,82080,2023-03-31,3,,,,,,,,,,,,,,,,,,,,36726000000,9419000000,0.256,1377.59,9419000000,,,,,,,,,,,,true,false,12,2022-04-01,2023-03-31,-1
2024-01-31,82080,2023-03-31,3,,,,,,,,,,,,,,,,,,,,,,,,,,,,,15.00,,,,6857497,19619,,false,false,12,2022-04-01,2023-03-31,-1
2024-01-31,82080,2024-03-31,3,,,,,,,,,,,,,,,,,,,,,,,,,,,,,0.00,,,,,,,false,false,12,2023-04-01,2024-03-31,0
2024-01-31,82080,2024-03-31,3,,,,,,,,,,,,,,,,,,,,,,,,,,,,,2.50,,,,,,,false,true,12,2023-04-01,2024-03-31,0
2024-01-31,82080,2024-03-31,3,,,,,,,,,,,,,,,,,,,,,,,,,,,,,,,,,6857497,19669,6837856,false,false,9,2023-04-01,2023-12-31,0
2024-01-31,82080,2023-03-31,3,,,,,,,,,,,,,,,,,,,,,,,,,,,,,,,,,,,6837924,false,false,9,2022-04-01,2022-12-31,-1
2024-04-23,82080,2024-03-31,,34330000000,0.000,,,,,200000000,0.667,50000000,,,-415000000,,-60.51,,,,,,,,,,,,,,,,,,,,,,true,true,12,2023-04-01,2024-03-31,0
2024-04-23,82080,2023-03-31,,36068000000,,,,,,238000000,,100000000,,,-216000000,,-31.64,,,,,,,,,,,,,,,,,,,,,,true,false,12,2022-04-01,2023-03-31,-1
2024-05-08,82080,2024-03-31,,34326000000,-0.048,,,,,205000000,-0.141,53000000,-0.471,,-413000000,,-60.51,,-0.044,0.001,0.006,,36547000000,9306000000,0.255,1361.07,9306000000,461000000,-159000000,-66000000,2067000000,,,,,,,,true,false,12,2023-04-01,2024-03-31,0
2024-05-08,82080,2023-03-31,,36068000000,-0.032,,,,,238000000,-0.660,100000000,-0.824,,-216000000,,-31.64,,-0.023,0.003,0.007,,36726000000,9419000000,0.256,1377.59,9419000000,-294000000,-235000000,552000000,1830000000,,,,,,,,true,false,12,2022-04-01,2023-03-31,-1
2024-05-08,82080,2025-03-31,,17500000000,0.001,,,,,170000000,,75000000,,,60000000,,8.77,,,,,,,,,,,,,,,,,,,,,,true,true,6,2024-04-01,2024-09-30,1
2024-05-08,82080,2025-03-31,,34400000000,0.002,,,,,340000000,0.658,170000000,2.188,,100000000,,14.62,,,,,,,,,,,,,,,,1.368,,,,,,true,true,12,2024-04-01,2025-03-31,1
2024-05-08,82080,2023-03-31,,,,,,,,,,,,,,,,,,,,,,,,,,,,,,15.00,,,,6857497,19619,6837913,false,false,12,2022-04-01,2023-03-31,-1
2024-05-08,82080,2024-03-31,,,,,,,,,,,,,,,,,,,,,,,,,,,,,,2.50,,,,6857497,19669,6837849,false,false,12,2023-04-01,2024-03-31,0
2024-05-08,82080,2025-03-31,,,,,,,,,,,,,,,,,,,,,,,,,,,,,,20.00,,,,,,,false,true,12,2024-04-01,2025-03-31,1
2024-08-08,82080,2025-03-31,1,8581000000,-0.025,,,,,50000000,0.259,29000000,0.773,,34000000,,5.10,,,,,,36725000000,9388000000,0.256,1372.97,9388000000,,,,,,,,,,,,true,false,3,2024-04-01,2024-06-30,0
2024-08-08,82080,2024-03-31,1,8801000000,-0.060,,,,,40000000,-0.723,16000000,-0.850,,9000000,,1.38,,,,,,,,,,,,,,,,,,,,,,true,false,3,2023-04-01,2023-06-30,-1
2024-08-08,82080,2025-03-31,1,17500000000,0.001,,,,,170000000,,75000000,,,60000000,,8.77,,,,,,,,,,,,,,,,,,,,,,true,true,6,2024-04-01,2024-09-30,0
2024-08-08,82080,2025-03-31,1,34400000000,0.002,,,,,340000000,0.658,170000000,2.188,,100000000,,14.62,,,,,,,,,,,,,,,,,,,,,,true,true,12,2024-04-01,2025-03-31,0
2024-08-08,82080,2024-03-31,1,,,,,,,,,,,,,,,,,,,,36547000000,9306000000,0.255,1361.07,9306000000,,,,,,,,,,,,true,false,12,2023-04-01,2024-03-31,-1
2024-08-08,82080,2024-03-31,1,,,,,,,,,,,,,,,,,,,,,,,,,,,,,2.50,,,,6857497,19669,,false,false,12,2023-04-01,2024-03-31,-1
2024-08-08,82080,2025-03-31,1,,,,,,,,,,,,,,,,,,,,,,,,,,,,,20.00,,,,,,,false,true,12,2024-04-01,2025-03-31,0
2024-08-08,82080,2025-03-31,1,,,,,,,,,,,,,,,,,,,,,,,,,,,,,,,,,6857497,19669,6837828,false,false,3,2024-04-01,2024-06-30,0
2024-08-08,82080,2024-03-31,1,,,,,,,,,,,,,,,,,,,,,,,,,,,,,,,,,,,6837878,false,false,3,2023-04-01,2023-06-30,-1
2024-10-22,82080,2025-03-31,,17050000000,-0.026,,,,,55000000,-0.676,-32000000,,,-9000000,,-1.32,,,,,,,,,,,,,,,,,,,,,,true,true,6,2024-04-01,2024-09-30,0
2024-10-22,82080,2024-03-31,,17487000000,,,,,,15000000,,-45000000,,,-43000000,,-6.36,,,,,,,,,,,,,,,,,,,,,,true,false,6,2023-04-01,2023-09-30,-1
2024-10-22,82080,2025-03-31,,33940000000,-0.013,,,,,220000000,-0.353,60000000,-0.647,,30000000,,4.39,,,,,,,,,,,,,,,,,,,,,,true,true,12,2024-04-01,2025-03-31,0
2024-10-22,82080,2024-03-31,,34326000000,,,,,,205000000,,53000000,,,-413000000,,-60.51,,,,,,,,,,,,,,,,,,,,,,true,false,12,2023-04-01,2024-03-31,-1
2024-10-22,82080,2025-03-31,,,,,,,,,,,,,,,,,,,,,,,,,,,,,,12.50,,,,,,,false,true,12,2024-04-01,2025-03-31,0
2024-10-22,82080,2024-03-31,,,,,,,,,,,,,,,,,,,,,,,,,,,,,,2.50,,,,,,,false,false,12,2023-04-01,2024-03-31,-1
2024-11-07,82080,2025-03-31,2,17055000000,-0.025,,,,,55000000,2.670,-32000000,,,-9000000,,-1.45,,,,,,35723000000,9263000000,0.259,1354.75,9263000000,,,,,,,,,,,,true,false,6,2024-04-01,2024-09-30,0
2024-11-07,82080,2024-03-31,2,17487000000,-0.046,,,,,15000000,-0.909,-45000000,,,-43000000,,-6.36,,,,,,,,,,,,,,,,,,,,,,true,false,6,2023-04-01,2023-09-30,-1
2024-11-07,82080,2025-03-31,2,33940000000,-0.011,,,,,220000000,0.073,60000000,0.125,,30000000,,4.39,,,,,,,,,,,,,,,,,,,,,,true,true,12,2024-04-01,2025-03-31,0
2024-11-07,82080,2024-03-31,2,,,,,,,,,,,,,,,,,,,,36547000000,9306000000,0.255,1361.07,9306000000,,,,,,,,,,,,true,false,12,2023-04-01,2024-03-31,-1
2024-11-07,82080,2024-03-31,2,,,,,,,,,,,,,,,,,,,,,,,,,,,,,2.50,,,,6857497,19669,,false,false,12,2023-04-01,2024-03-31,-1
2024-11-07,82080,2025-03-31,2,,,,,,,,,,,,,,,,,,,,,,,,,,,,,2.50,,,,,,,false,false,12,2024-04-01,2025-03-31,0
2024-11-07,82080,2025-03-31,2,,,,,,,,,,,,,,,,,,,,,,,,,,,,,12.50,,,,,,,false,true,12,2024-04-01,2025-03-31,0
2024-11-07,82080,2025-03-31,2,,,,,,,,,,,,,,,,,,,,,,,,,,,,,,,,,6857497,19669,6837828,false,false,6,2024-04-01,2024-09-30,0
2024-11-07,82080,2024-03-31,2,,,,,,,,,,,,,,,,,,,,,,,,,,,,,,,,,,,6837870,false,false,6,2023-04-01,2023-09-30,-1
2025-02-05,82080,2025-03-31,3,25805000000,-0.026,,,,,158000000,-0.266,27000000,-0.692,,-23000000,,-3.44,,,,,,36822000000,9180000000,0.249,1342.67,9180000000,,,,,,,,,,,,true,false,9,2024-04-01,2024-12-31,0
2025-02-05,82080,2024-03-31,3,26496000000,-0.052,,,,,216000000,-0.354,90000000,-0.589,,36000000,,5.30,,,,,,,,,,,,,,,,,,,,,,true,false,9,2023-04-01,2023-12-31,-1
2025-02-05,82080,2025-03-31,3,33940000000,-0.011,,,,,220000000,0.073,60000000,0.125,,30000000,,4.39,,,,,,,,,,,,,,,,,,,,,,true,true,12,2024-04-01,2025-03-31,0
2025-02-05,82080,2024-03-31,3,,,,,,,,,,,,,,,,,,,,36547000000,9306000000,0.255,1361.07,9306000000,,,,,,,,,,,,true,false,12,2023-04-01,2024-03-31,-1
2025-02-05,82080,2024-03-31,3,,,,,,,,,,,,,,,,,,,,,,,,,,,,,2.50,,,,6857497,19669,,false,false,12,2023-04-01,2024-03-31,-1
2025-02-05,82080,2025-03-31,3,,,,,,,,,,,,,,,,,,,,,,,,,,,,,2.50,,,,,,,false,false,12,2024-04-01,2025-03-31,0
2025-02-05,82080,2025-03-31,3,,,,,,,,,,,,,,,,,,,,,,,,,,,,,12.50,,,,,,,false,true,12,2024-04-01,2025-03-31,0
2025-02-05,82080,2025-03-31,3,,,,,,,,,,,,,,,,,,,,,,,,,,,,,,,,,6857497,19669,6837828,false,false,9,2024-04-01,2024-12-31,0
2025-02-05,82080,2024-03-31,3,,,,,,,,,,,,,,,,,,,,,,,,,,,,,,,,,,,6837856,false,false,9,2023-04-01,2023-12-31,-1
2025-05-09,82080,2025-03-31,,33228000000,-0.032,,,,,120000000,-0.411,-55000000,,,-48000000,,-7.08,,-0.005,-0.002,0.004,,34911000000,9039000000,0.259,1321.99,9039000000,507000000,430000000,-961000000,2043000000,,,,,,,,true,false,12,2024-04-01,2025-03-31,0
2025-05-09,82080,2024-03-31,,34326000000,-0.048,,,,,205000000,-0.141,53000000,-0.471,,-413000000,,-60.51,,-0.044,0.001,0.006,,36547000000,9306000000,0.255,1361.07,9306000000,461000000,-159000000,-66000000,2067000000,,,,,,,,true,false,12,2023-04-01,2024-03-31,-1
2025-05-09,82080,2024-03-31,,,,,,,,,,,,,,,,,,,,,,,,,,,,,,2.50,,,,6857497,19669,6837849,false,false,12,2023-04-01,2024-03-31,-1
2025-05-09,82080,2025-03-31,,,,,,,,,,,,,,,,,,,,,,,,,,,,,,7.50,,,,6857497,19669,6837828,false,false,12,2024-04-01,2025-03-31,0
