filing_date,code,fiscal_year_end,quarterly_period,net_sales,net_sales_change,revenue,revenue_change,operating_revenue,operating_revenue_change,operating_profit,operating_profit_change,ordinary_profit,ordinary_profit_change,net_income,net_income_of_parent,net_income_change,eps,diluted_eps,roe,roa,operating_profit_to_net_sales,operating_profit_to_revenue,total_assets,net_assets,equity_ratio,bps,owner_equity,operating_cash_flow,investing_cash_flow,financing_cash_flow,cash,dividend_per_share,payout_ratio,commemorative_dividend,extra_dividend,number_of_shares,number_of_treqsury_shares,avg_number_of_shares,is_consolidated,is_forecast,duration,period_start,period_end,period_pos
2015-05-12,82830,2015-03-31,,821074000000,-0.013,,,,,10420000000,0.020,16332000000,0.035,10268000000,,0.118,161.59,,0.074,0.051,0.013,,318128000000,143395000000,0.451,2256.50,143395000000,23204000000,365000000,-15464000000,21507000000,45.00,0.278,,,63553485,5758,63548847,false,false,12,2014-04-01,2015-03-31,0
2015-05-12,82830,2014-03-31,,831899000000,0.059,,,,,10216000000,0.110,15779000000,0.060,9185000000,,0.094,144.54,,0.071,0.050,0.012,,325189000000,132427000000,0.407,2083.86,132427000000,3340000000,-11686000000,1191000000,13402000000,43.00,0.297,,,63553485,4408,63549560,false,false,12,2013-04-01,2014-03-31,-1
2015-05-12,82830,2016-03-31,,428000000000,0.032,,,,,4200000000,-0.201,7000000000,-0.126,4600000000,,-0.078,72.39,,,,,,,,,,,,,,,,,,,,,,false,true,6,2015-04-01,2015-09-30,1
2015-05-12,82830,2016-03-31,,850000000000,0.035,,,,,9300000000,-0.108,15400000000,-0.057,10100000000,,-0.016,158.94,,,,,,,,,,,,,,,46.00,0.289,,,,,,false,true,12,2015-04-01,2016-03-31,1
2015-07-29,82830,2016-03-31,1,209958000000,0.084,,,,,3806000000,0.360,4345000000,0.344,2879000000,,0.636,45.31,,,,,,328719000000,146517000000,0.446,2305.63,146517000000,,,,,,,,,63553485,5858,63547713,false,false,3,2015-04-01,2015-06-30,0
2015-07-29,82830,2015-03-31,1,193619000000,,,,,,2799000000,,3234000000,,1760000000,,,27.70,,,,,,,,,,,,,,,,,,,,,63549077,false,false,3,2014-04-01,2014-06-30,-1
2015-07-29,82830,2016-03-31,1,414100000000,0.032,,,,,6100000000,-0.148,7000000000,-0.122,4600000000,,-0.073,72.39,,,,,,,,,,,,,,,,,,,,,,false,true,6,2015-04-01,2015-09-30,0
2015-07-29,82830,2016-03-31,1,822300000000,0.035,,,,,13000000000,-0.083,15400000000,-0.057,10100000000,,-0.016,158.94,,,,,,,,,,,,,,,46.00,,,,,,,false,true,12,2015-04-01,2016-03-31,0
2015-07-29,82830,2015-03-31,1,,,,,,,,,,,,,,,,,,,,318186000000,143535000000,0.451,2258.71,143535000000,,,,,45.00,,,,63553485,5758,,false,false,12,2014-04-01,2015-03-31,-1
2015-07-29,82830,2016-03-31,,414100000000,-0.032,,,,,6100000000,0.452,7000000000,,4600000000,,,72.39,,,,,,,,,,,,,,,,,,,,,,false,true,6,2015-04-01,2015-09-30,0
2015-07-29,82830,2015-03-31,,401341000000,,,,,,7161000000,,7968000000,,4964000000,,,78.13,,,,,,,,,,,,,,,,,,,,,,false,false,6,2014-04-01,2014-09-30,-1
2015-07-29,82830,2016-03-31,,822300000000,-0.033,,,,,13000000000,0.398,15400000000,,10100000000,,,158.94,,,,,,,,,,,,,,,,,,,,,,false,true,12,2015-04-01,2016-03-31,0
2015-07-29,82830,2015-03-31,,794221000000,,,,,,14177000000,,16322000000,,10267000000,,,161.58,,,,,,,,,,,,,,,,,,,,,,false,false,12,2014-04-01,2015-03-31,-1
2015-10-29,82830,2016-03-31,2,425492000000,0.060,,,,,8431000000,0.177,9403000000,0.180,6223000000,,0.253,97.93,,,,,,349186000000,149669000000,0.429,2355.23,149669000000,,,,,,,,,63553485,5858,63547670,false,false,6,2015-04-01,2015-09-30,0
2015-10-29,82830,2015-03-31,2,401341000000,,,,,,7161000000,,7968000000,,4964000000,,,78.13,,,,,,,,,,,,,,,,,,,,,63549030,false,false,6,2014-04-01,2014-09-30,-1
2015-10-29,82830,2016-03-31,2,850000000000,0.070,,,,,15000000000,0.058,17500000000,0.072,11000000000,,0.071,173.10,,,,,,,,,,,,,,,48.00,,,,,,,false,true,12,2015-04-01,2016-03-31,0
2015-10-29,82830,2015-03-31,2,,,,,,,,,,,,,,,,,,,,318186000000,143535000000,0.451,2258.71,143535000000,,,,,45.00,,,,63553485,5758,,false,false,12,2014-04-01,2015-03-31,-1
2015-10-29,82830,2016-03-31,2,,,,,,,,,,,,,,,,,,,,,,,,,,,,,24.00,,,,,,,false,false,12,2015-04-01,2016-03-31,0
2016-01-29,82830,2016-03-31,3,652163000000,0.076,,,,,12691000000,0.149,14279000000,0.154,9381000000,,0.206,147.63,,,,,,373508000000,153149000000,0.410,2409.99,153149000000,,,,,,,,,63553485,5858,63547655,false,false,9,2015-04-01,2015-12-31,0
2016-01-29,82830,2015-03-31,3,606299000000,,,,,,11042000000,,12376000000,,7781000000,,,122.44,,,,,,,,,,,,,,,,,,,,,63548970,false,false,9,2014-04-01,2014-12-31,-1
2016-01-29,82830,2016-03-31,3,850000000000,0.070,,,,,15000000000,0.058,17500000000,0.072,11000000000,,0.071,173.10,,,,,,,,,,,,,,,48.00,,,,,,,false,true,12,2015-04-01,2016-03-31,0
2016-01-29,82830,2015-03-31,3,,,,,,,,,,,,,,,,,,,,318186000000,143535000000,0.451,2258.71,143535000000,,,,,45.00,,,,63553485,5758,,false,false,12,2014-04-01,2015-03-31,-1
2016-01-29,82830,2016-03-31,3,,,,,,,,,,,,,,,,,,,,,,,,,,,,,24.00,,,,,,,false,false,12,2015-04-01,2016-03-31,0
2016-05-12,82830,2016-03-31,,860350000000,0.083,,,,,16101000000,0.136,18556000000,0.137,11929000000,,0.162,187.73,,0.080,0.055,0.019,,351880000000,154976000000,0.440,2438.74,154976000000,5226000000,-19327000000,10675000000,18082000000,50.00,0.266,,,63553485,5858,63547649,false,false,12,2015-04-01,2016-03-31,0
2016-05-12,82830,2015-03-31,,794221000000,,,,,,14177000000,,16322000000,,10267000000,,,161.58,,0.074,0.051,0.018,,318186000000,143535000000,0.451,2258.71,143535000000,23204000000,365000000,-15464000000,21507000000,45.00,0.278,,,63553485,5758,63548847,false,false,12,2014-04-01,2015-03-31,-1
2016-05-12,82830,2017-03-31,,460000000000,0.081,,,,,9200000000,0.091,10200000000,0.085,6900000000,,0.109,108.58,,,,,,,,,,,,,,,,,,,,,,false,true,6,2016-04-01,2016-09-30,1
2016-05-12,82830,2017-03-31,,900000000000,0.046,,,,,17500000000,0.087,19500000000,0.051,13200000000,,0.106,207.72,,,,,,,,,,,,,,,54.00,0.260,,,,,,false,true,12,2016-04-01,2017-03-31,1
2016-07-29,82830,2017-03-31,1,234677000000,0.118,,,,,4717000000,0.239,5328000000,0.226,3623000000,,0.258,57.02,,,,,,366338000000,156915000000,0.428,2469.25,156915000000,,,,,,,,,63553485,5858,63547627,false,false,3,2016-04-01,2016-06-30,0
2016-07-29,82830,2016-03-31,1,209958000000,0.084,,,,,3806000000,0.360,4345000000,0.344,2879000000,,0.636,45.31,,,,,,,,,,,,,,,,,,,,,63547713,false,false,3,2015-04-01,2015-06-30,-1
2016-07-29,82830,2017-03-31,1,460000000000,0.081,,,,,9200000000,0.091,10200000000,0.085,6900000000,,0.109,108.58,,,,,,,,,,,,,,,,,,,,,,false,true,6,2016-04-01,2016-09-30,0
2016-07-29,82830,2017-03-31,1,900000000000,0.046,,,,,17500000000,0.087,19500000000,0.051,13200000000,,0.106,207.72,,,,,,,,,,,,,,,54.00,,,,,,,false,true,12,2016-04-01,2017-03-31,0
2016-07-29,82830,2016-03-31,1,,,,,,,,,,,,,,,,,,,,351880000000,154976000000,0.440,2438.74,154976000000,,,,,50.00,,,,63553485,5858,,false,false,12,2015-04-01,2016-03-31,-1
2016-10-28,82830,2017-03-31,2,475080000000,0.117,,,,,10695000000,0.269,11923000000,0.268,8128000000,,0.306,127.92,,,,,,381509000000,160678000000,0.421,2528.47,160678000000,,,,,,,,,63553485,5858,63547627,false,false,6,2016-04-01,2016-09-30,0
2016-10-28,82830,2016-03-31,2,425492000000,0.060,,,,,8431000000,0.177,9403000000,0.180,6223000000,,0.253,97.93,,,,,,,,,,,,,,,,,,,,,63547670,false,false,6,2015-04-01,2015-09-30,-1
2016-10-28,82830,2017-03-31,2,915000000000,0.064,,,,,19000000000,0.180,21000000000,0.132,14500000000,,0.215,228.18,,,,,,,,,,,,,,,56.00,,,,,,,false,true,12,2016-04-01,2017-03-31,0
2016-10-28,82830,2016-03-31,2,,,,,,,,,,,,,,,,,,,,351880000000,154976000000,0.440,2438.74,154976000000,,,,,50.00,,,,63553485,5858,,false,false,12,2015-04-01,2016-03-31,-1
2016-10-28,82830,2017-03-31,2,,,,,,,,,,,,,,,,,,,,,,,,,,,,,28.00,,,,,,,false,false,12,2016-04-01,2017-03-31,0
2016-10-28,82830,2017-03-31,,475080000000,0.033,,,,,10695000000,0.163,11923000000,0.169,8128000000,,0.178,127.92,,,,,,,,,,,,,,,,,,,,,,false,true,6,2016-04-01,2016-09-30,0
2016-10-28,82830,2016-03-31,,425492000000,,,,,,8431000000,,9403000000,,6223000000,,,97.93,,,,,,,,,,,,,,,,,,,,,,false,false,6,2015-04-01,2015-09-30,-1
2016-10-28,82830,2017-03-31,,915000000000,0.017,,,,,19000000000,0.086,21000000000,0.077,14500000000,,0.098,228.18,,,,,,,,,,,,,,,56.00,,,,,,,false,true,12,2016-04-01,2017-03-31,0
2016-10-28,82830,2016-03-31,,860350000000,,,,,,16101000000,,18556000000,,11929000000,,,187.73,,,,,,,,,,,,,,,50.00,,,,,,,false,false,12,2015-04-01,2016-03-31,-1
2016-10-28,82830,2017-03-31,,,,,,,,,,,,,,,,,,,,,,,,,,,,,,28.00,,,,,,,false,false,12,2016-04-01,2017-03-31,0
2017-01-31,82830,2017-03-31,3,708324000000,0.086,,,,,15870000000,0.250,17672000000,0.238,11995000000,,0.279,188.77,,,,,,379951000000,164045000000,0.432,2581.46,164045000000,,,,,,,,,63553485,5958,63547616,false,false,9,2016-04-01,2016-12-31,0
2017-01-31,82830,2016-03-31,3,652163000000,0.076,,,,,12691000000,0.149,14279000000,0.154,9381000000,,0.206,147.63,,,,,,,,,,,,,,,,,,,,,63547655,false,false,9,2015-04-01,2015-12-31,-1
2017-01-31,82830,2017-03-31,3,915000000000,0.064,,,,,19000000000,0.180,21000000000,0.132,14500000000,,0.215,228.18,,,,,,,,,,,,,,,56.00,,,,,,,false,true,12,2016-04-01,2017-03-31,0
2017-01-31,82830,2016-03-31,3,,,,,,,,,,,,,,,,,,,,351880000000,154976000000,0.440,2438.74,154976000000,,,,,50.00,,,,63553485,5858,,false,false,12,2015-04-01,2016-03-31,-1
2017-01-31,82830,2017-03-31,3,,,,,,,,,,,,,,,,,,,,,,,,,,,,,28.00,,,,,,,false,false,12,2016-04-01,2017-03-31,0
2017-05-12,82830,2017-03-31,,922095000000,0.072,,,,,19129000000,0.188,21573000000,0.163,14605000000,,0.224,229.84,,0.091,0.060,0.021,,361363000000,166921000000,0.462,2626.72,166921000000,24721000000,-6413000000,-17876000000,18513000000,56.00,0.244,,,63553485,5958,63547594,false,false,12,2016-04-01,2017-03-31,0
2017-05-12,82830,2016-03-31,,860350000000,0.083,,,,,16101000000,0.136,18556000000,0.137,11929000000,,0.162,187.73,,0.080,0.055,0.019,,351880000000,154976000000,0.440,2438.74,154976000000,5226000000,-19327000000,10675000000,18082000000,50.00,0.266,,,63553485,5858,63547649,false,false,12,2015-04-01,2016-03-31,-1
2017-05-12,82830,2018-03-31,,490000000000,0.031,,,,,11000000000,0.029,12000000000,0.007,8200000000,,0.009,129.04,,,,,,,,,,,,,,,,,,,,,,false,true,6,2017-04-01,2017-09-30,1
2017-05-12,82830,2018-03-31,,960000000000,0.041,,,,,20500000000,0.072,23000000000,0.066,15500000000,,0.061,243.91,,,,,,,,,,,,,,,60.00,0.246,,,,,,false,true,12,2017-04-01,2018-03-31,1
2017-07-28,82830,2018-03-31,1,242836000000,0.035,,,,,5882000000,0.247,6505000000,0.221,4461000000,,0.231,70.21,,,,,,381973000000,170715000000,0.447,2686.42,170715000000,,,,,,,,,63553485,6008,63547511,false,false,3,2017-04-01,2017-06-30,0
2017-07-28,82830,2017-03-31,1,234677000000,0.118,,,,,4717000000,0.239,5328000000,0.226,3623000000,,0.258,57.02,,,,,,,,,,,,,,,,,,,,,63547627,false,false,3,2016-04-01,2016-06-30,-1
2017-07-28,82830,2018-03-31,1,490000000000,0.031,,,,,11000000000,0.029,12000000000,0.007,8200000000,,0.009,129.04,,,,,,,,,,,,,,,,,,,,,,false,true,6,2017-04-01,2017-09-30,0
2017-07-28,82830,2018-03-31,1,960000000000,0.041,,,,,20500000000,0.072,23000000000,0.066,15500000000,,0.061,243.91,,,,,,,,,,,,,,,60.00,,,,,,,false,true,12,2017-04-01,2018-03-31,0
2017-07-28,82830,2017-03-31,1,,,,,,,,,,,,,,,,,,,,361363000000,166921000000,0.462,2626.72,166921000000,,,,,56.00,,,,63553485,5958,,false,false,12,2016-04-01,2017-03-31,-1
2017-10-27,82830,2018-03-31,2,494838000000,0.042,,,,,12450000000,0.164,13645000000,0.144,9355000000,,0.151,147.22,,,,,,393685000000,176012000000,0.447,2769.79,176012000000,,,,,,,,,63553485,6058,63547493,false,false,6,2017-04-01,2017-09-30,0
2017-10-27,82830,2017-03-31,2,475080000000,0.117,,,,,10695000000,0.269,11923000000,0.268,8128000000,,0.306,127.92,,,,,,,,,,,,,,,,,,,,,63547627,false,false,6,2016-04-01,2016-09-30,-1
2017-10-27,82830,2018-03-31,2,960000000000,0.041,,,,,21500000000,0.124,24000000000,0.112,16000000000,,0.095,251.78,,,,,,,,,,,,,,,62.00,,,,,,,false,true,12,2017-04-01,2018-03-31,0
2017-10-27,82830,2017-03-31,2,,,,,,,,,,,,,,,,,,,,361363000000,166921000000,0.462,2626.72,166921000000,,,,,56.00,,,,63553485,5958,,false,false,12,2016-04-01,2017-03-31,-1
2017-10-27,82830,2018-03-31,2,,,,,,,,,,,,,,,,,,,,,,,,,,,,,31.00,,,,,,,false,false,12,2017-04-01,2018-03-31,0
2018-01-31,82830,2018-03-31,3,738390000000,0.042,,,,,18826000000,0.186,20638000000,0.168,14100000000,,0.175,221.89,,,,,,406989000000,180143000000,0.443,2834.78,180143000000,,,,,,,,,63553485,6058,63547470,false,false,9,2017-04-01,2017-12-31,0
2018-01-31,82830,2017-03-31,3,708324000000,0.086,,,,,15870000000,0.250,17672000000,0.238,11995000000,,0.279,188.77,,,,,,,,,,,,,,,,,,,,,63547616,false,false,9,2016-04-01,2016-12-31,-1
2018-01-31,82830,2018-03-31,3,960000000000,0.041,,,,,21500000000,0.124,24000000000,0.112,16000000000,,0.095,251.78,,,,,,,,,,,,,,,62.00,,,,,,,false,true,12,2017-04-01,2018-03-31,0
2018-01-31,82830,2017-03-31,3,,,,,,,,,,,,,,,,,,,,361363000000,166921000000,0.462,2626.72,166921000000,,,,,56.00,,,,63553485,5958,,false,false,12,2016-04-01,2017-03-31,-1
2018-01-31,82830,2018-03-31,3,,,,,,,,,,,,,,,,,,,,,,,,,,,,,31.00,,,,,,,false,false,12,2017-04-01,2018-03-31,0
2018-05-08,82830,2018-03-31,,966684000000,0.048,,,,,23006000000,0.203,25498000000,0.182,17453000000,,0.195,274.65,,0.100,0.068,0.024,,388629000000,183435000000,0.472,2886.59,183435000000,24107000000,-15830000000,-5142000000,21648000000,64.00,0.233,,,63553485,6158,63547439,false,false,12,2017-04-01,2018-03-31,0
2018-05-08,82830,2017-03-31,,922095000000,0.072,,,,,19129000000,0.188,21573000000,0.163,14605000000,,0.224,229.84,,0.091,0.060,0.021,,361363000000,166921000000,0.462,2626.72,166921000000,24721000000,-6413000000,-17876000000,18513000000,56.00,0.244,,,63553485,5958,63547594,false,false,12,2016-04-01,2017-03-31,-1
2018-05-08,82830,2019-03-31,,512000000000,0.035,,,,,12800000000,0.028,14000000000,0.026,9500000000,,0.015,149.49,,,,,,,,,,,,,,,,,,,,,,false,true,6,2018-04-01,2018-09-30,1
2018-05-08,82830,2019-03-31,,1000000000000,0.034,,,,,24500000000,0.065,27500000000,0.078,18500000000,,0.060,291.12,,,,,,,,,,,,,,,66.00,0.227,,,,,,false,true,12,2018-04-01,2019-03-31,1
2018-07-27,82830,2019-03-31,1,260511000000,0.073,,,,,6912000000,0.175,7609000000,0.170,5239000000,,0.174,82.46,,,,,,407403000000,187639000000,0.461,2952.76,187639000000,,,,,,,,,63553485,6237,63547283,false,false,3,2018-04-01,2018-06-30,0
2018-07-27,82830,2018-03-31,1,242836000000,0.035,,,,,5882000000,0.247,6505000000,0.221,4461000000,,0.231,70.21,,,,,,,,,,,,,,,,,,,,,63547511,false,false,3,2017-04-01,2017-06-30,-1
2018-07-27,82830,2019-03-31,1,512000000000,0.035,,,,,12800000000,0.028,14000000000,0.026,9500000000,,0.015,149.49,,,,,,,,,,,,,,,,,,,,,,false,true,6,2018-04-01,2018-09-30,0
2018-07-27,82830,2019-03-31,1,1000000000000,0.034,,,,,24500000000,0.065,27500000000,0.078,18500000000,,0.060,291.12,,,,,,,,,,,,,,,66.00,,,,,,,false,true,12,2018-04-01,2019-03-31,0
2018-07-27,82830,2018-03-31,1,,,,,,,,,,,,,,,,,,,,387399000000,183435000000,0.474,2886.59,183435000000,,,,,64.00,,,,63553485,6158,,false,false,12,2017-04-01,2018-03-31,-1
2018-10-26,82830,2019-03-31,2,521804000000,0.054,,,,,13750000000,0.104,15019000000,0.101,10251000000,,0.096,161.32,,,,,,407922000000,193513000000,0.474,3045.18,193513000000,,,,,,,,,63553485,6237,63547266,false,false,6,2018-04-01,2018-09-30,0
2018-10-26,82830,2018-03-31,2,494838000000,0.042,,,,,12450000000,0.164,13645000000,0.144,9355000000,,0.151,147.22,,,,,,,,,,,,,,,,,,,,,63547493,false,false,6,2017-04-01,2017-09-30,-1
2018-10-26,82830,2019-03-31,2,1010000000000,0.045,,,,,25500000000,0.108,28500000000,0.118,19000000000,,0.089,298.99,,,,,,,,,,,,,,,68.00,,,,,,,false,true,12,2018-04-01,2019-03-31,0
2018-10-26,82830,2018-03-31,2,,,,,,,,,,,,,,,,,,,,387399000000,183435000000,0.474,2886.59,183435000000,,,,,64.00,,,,63553485,6158,,false,false,12,2017-04-01,2018-03-31,-1
2018-10-26,82830,2019-03-31,2,,,,,,,,,,,,,,,,,,,,,,,,,,,,,34.00,,,,,,,false,false,12,2018-04-01,2019-03-31,0
2019-01-30,82830,2019-03-31,3,779591000000,0.056,,,,,20484000000,0.088,22942000000,0.112,15811000000,,0.121,248.81,,,,,,418641000000,193468000000,0.462,3044.49,193468000000,,,,,,,,,63553485,6237,63547260,false,false,9,2018-04-01,2018-12-31,0
2019-01-30,82830,2018-03-31,3,738390000000,0.042,,,,,18826000000,0.186,20638000000,0.168,14100000000,,0.175,221.89,,,,,,,,,,,,,,,,,,,,,63547470,false,false,9,2017-04-01,2017-12-31,-1
2019-01-30,82830,2019-03-31,3,1010000000000,0.045,,,,,25500000000,0.108,28500000000,0.118,19000000000,,0.089,298.99,,,,,,,,,,,,,,,68.00,,,,,,,false,true,12,2018-04-01,2019-03-31,0
2019-01-30,82830,2018-03-31,3,,,,,,,,,,,,,,,,,,,,387399000000,183435000000,0.474,2886.59,183435000000,,,,,64.00,,,,63553485,6158,,false,false,12,2017-04-01,2018-03-31,-1
2019-01-30,82830,2019-03-31,3,,,,,,,,,,,,,,,,,,,,,,,,,,,,,34.00,,,,,,,false,false,12,2018-04-01,2019-03-31,0
2019-05-08,82830,2019-03-31,,1015253000000,0.050,,,,,25399000000,0.104,28528000000,0.119,19767000000,,0.133,311.07,,0.104,0.073,0.025,,393603000000,197237000000,0.501,3103.80,197237000000,23565000000,-9531000000,-17323000000,18359000000,68.00,0.219,,,63553485,6237,63547256,false,false,12,2018-04-01,2019-03-31,0
2019-05-08,82830,2018-03-31,,966684000000,0.048,,,,,23006000000,0.203,25498000000,0.182,17453000000,,0.195,274.65,,0.100,0.068,0.024,,387399000000,183435000000,0.474,2886.59,183435000000,24107000000,-15830000000,-5142000000,21648000000,64.00,0.233,,,63553485,6158,63547439,false,false,12,2017-04-01,2018-03-31,-1
2019-05-08,82830,2020-03-31,,540000000000,0.035,,,,,14000000000,0.018,15300000000,0.019,10500000000,,0.024,165.23,,,,,,,,,,,,,,,,,,,,,,false,true,6,2019-04-01,2019-09-30,1
2019-05-08,82830,2020-03-31,,1050000000000,0.034,,,,,25000000000,-0.016,27500000000,-0.036,19000000000,,-0.039,298.99,,,,,,,,,,,,,,,70.00,0.234,,,,,,false,true,12,2019-04-01,2020-03-31,1
2019-07-26,82830,2020-03-31,1,262633000000,0.008,,,,,6259000000,-0.095,6964000000,-0.085,4780000000,,-0.088,75.23,,,,,,411137000000,198803000000,0.484,3128.43,198803000000,,,,,,,,,63553485,6237,63547248,false,false,3,2019-04-01,2019-06-30,0
2019-07-26,82830,2019-03-31,1,260511000000,0.073,,,,,6912000000,0.175,7609000000,0.170,5239000000,,0.174,82.46,,,,,,,,,,,,,,,,,,,,,63547283,false,false,3,2018-04-01,2018-06-30,-1
2019-07-26,82830,2020-03-31,1,540000000000,0.035,,,,,14000000000,0.018,15300000000,0.019,10500000000,,0.024,165.23,,,,,,,,,,,,,,,,,,,,,,false,true,6,2019-04-01,2019-09-30,0
2019-07-26,82830,2020-03-31,1,1050000000000,0.034,,,,,25000000000,-0.016,27500000000,-0.036,25500000000,,0.290,401.28,,,,,,,,,,,,,,,70.00,,,,,,,false,true,12,2019-04-01,2020-03-31,0
2019-07-26,82830,2019-03-31,1,,,,,,,,,,,,,,,,,,,,393603000000,197237000000,0.501,3103.80,197237000000,,,,,68.00,,,,63553485,6237,,false,false,12,2018-04-01,2019-03-31,-1
2019-10-29,82830,2020-03-31,2,544986000000,0.044,,,,,13794000000,0.003,15126000000,0.007,10399000000,,0.014,163.65,,,,,,425276000000,204962000000,0.482,3225.35,204962000000,,,,,,,,,63553485,6287,63547225,false,false,6,2019-04-01,2019-09-30,0
2019-10-29,82830,2019-03-31,2,521804000000,0.054,,,,,13750000000,0.104,15019000000,0.101,10251000000,,0.096,161.32,,,,,,,,,,,,,,,,,,,,,63547266,false,false,6,2018-04-01,2018-09-30,-1
2019-10-29,82830,2020-03-31,2,1050000000000,0.034,,,,,25000000000,-0.016,27500000000,-0.036,25500000000,,0.290,401.28,,,,,,,,,,,,,,,70.00,,,,,,,false,true,12,2019-04-01,2020-03-31,0
2019-10-29,82830,2019-03-31,2,,,,,,,,,,,,,,,,,,,,393603000000,197237000000,0.501,3103.80,197237000000,,,,,68.00,,,,63553485,6237,,false,false,12,2018-04-01,2019-03-31,-1
2019-10-29,82830,2020-03-31,2,,,,,,,,,,,,,,,,,,,,,,,,,,,,,35.00,,,,,,,false,false,12,2019-04-01,2020-03-31,0
2020-01-29,82830,2020-03-31,3,798396000000,0.024,,,,,19409000000,-0.052,21448000000,-0.065,14974000000,,-0.053,235.64,,,,,,429473000000,208314000000,0.485,3278.10,208314000000,,,,,,,,,63553485,6287,63547216,false,false,9,2019-04-01,2019-12-31,0
2020-01-29,82830,2019-03-31,3,779591000000,0.056,,,,,20484000000,0.088,22942000000,0.112,15811000000,,0.121,248.81,,,,,,,,,,,,,,,,,,,,,63547260,false,false,9,2018-04-01,2018-12-31,-1
2020-01-29,82830,2020-03-31,3,1050000000000,0.034,,,,,25000000000,-0.016,27500000000,-0.036,25500000000,,0.290,401.28,,,,,,,,,,,,,,,70.00,,,,,,,false,true,12,2019-04-01,2020-03-31,0
2020-01-29,82830,2019-03-31,3,,,,,,,,,,,,,,,,,,,,393603000000,197237000000,0.501,3103.80,197237000000,,,,,68.00,,,,63553485,6237,,false,false,12,2018-04-01,2019-03-31,-1
2020-01-29,82830,2020-03-31,3,,,,,,,,,,,,,,,,,,,,,,,,,,,,,35.00,,,,,,,false,false,12,2019-04-01,2020-03-31,0
2020-05-12,82830,2020-03-31,,1046412000000,0.031,,,,,24708000000,-0.027,27316000000,-0.042,25412000000,,0.286,399.90,,0.122,0.067,0.024,,418756000000,218297000000,0.521,3435.20,218297000000,21005000000,-3788000000,-13001000000,22575000000,70.00,0.175,,,63553485,6287,63547211,false,false,12,2019-04-01,2020-03-31,0
2020-05-12,82830,2019-03-31,,1015253000000,0.050,,,,,25399000000,0.104,28528000000,0.119,19767000000,,0.133,311.07,,0.104,0.073,0.025,,393603000000,197237000000,0.501,3103.80,197237000000,23565000000,-9531000000,-17323000000,18359000000,68.00,0.219,,,63553485,6237,63547256,false,false,12,2018-04-01,2019-03-31,-1
2020-07-29,82830,2021-03-31,1,260099000000,-0.010,,,,,6089000000,-0.027,6726000000,-0.034,4655000000,,-0.026,73.27,,,,,,423924000000,222478000000,0.525,3501.00,222478000000,,,,,,,,,63553485,6287,63547198,false,false,3,2020-04-01,2020-06-30,0
2020-07-29,82830,2020-03-31,1,262633000000,0.008,,,,,6259000000,-0.095,6964000000,-0.085,4780000000,,-0.088,75.23,,,,,,,,,,,,,,,,,,,,,63547248,false,false,3,2019-04-01,2019-06-30,-1
2020-07-29,82830,2021-03-31,1,1047000000000,0.001,,,,,25000000000,0.012,27500000000,0.007,19000000000,,-0.252,298.99,,,,,,,,,,,,,,,72.00,,,,,,,false,true,12,2020-04-01,2021-03-31,0
2020-07-29,82830,2020-03-31,1,,,,,,,,,,,,,,,,,,,,418756000000,218297000000,0.521,3435.20,218297000000,,,,,70.00,,,,63553485,6287,,false,false,12,2019-04-01,2020-03-31,-1
2020-10-29,82830,2021-03-31,2,525595000000,-0.036,,,,,13045000000,-0.054,14313000000,-0.054,9907000000,,-0.047,155.91,,,,,,433209000000,228459000000,0.527,3595.12,228459000000,,,,,,,,,63553485,6287,63547198,false,false,6,2020-04-01,2020-09-30,0
2020-10-29,82830,2020-03-31,2,544986000000,0.044,,,,,13794000000,0.003,15126000000,0.007,10399000000,,0.014,163.65,,,,,,,,,,,,,,,,,,,,,63547225,false,false,6,2019-04-01,2019-09-30,-1
2020-10-29,82830,2021-03-31,2,1047000000000,0.001,,,,,25000000000,0.012,27500000000,0.007,19000000000,,-0.252,298.99,,,,,,,,,,,,,,,72.00,,,,,,,false,true,12,2020-04-01,2021-03-31,0
2020-10-29,82830,2020-03-31,2,,,,,,,,,,,,,,,,,,,,418756000000,218297000000,0.521,3435.20,218297000000,,,,,70.00,,,,63553485,6287,,false,false,12,2019-04-01,2020-03-31,-1
2020-10-29,82830,2021-03-31,2,,,,,,,,,,,,,,,,,,,,,,,,,,,,,36.00,,,,,,,false,false,12,2020-04-01,2021-03-31,0
2021-01-28,82830,2021-03-31,3,792543000000,-0.007,,,,,19944000000,0.028,21872000000,0.020,15402000000,,0.029,242.38,,,,,,443957000000,231870000000,0.522,3648.80,231870000000,,,,,,,,,63553485,6337,63547183,false,false,9,2020-04-01,2020-12-31,0
2021-01-28,82830,2020-03-31,3,798396000000,0.024,,,,,19409000000,-0.052,21448000000,-0.065,14974000000,,-0.053,235.64,,,,,,,,,,,,,,,,,,,,,63547216,false,false,9,2019-04-01,2019-12-31,-1
2021-01-28,82830,2021-03-31,3,1047000000000,0.001,,,,,25000000000,0.012,27500000000,0.007,19000000000,,-0.252,298.99,,,,,,,,,,,,,,,72.00,,,,,,,false,true,12,2020-04-01,2021-03-31,0
2021-01-28,82830,2020-03-31,3,,,,,,,,,,,,,,,,,,,,418756000000,218297000000,0.521,3435.20,218297000000,,,,,70.00,,,,63553485,6287,,false,false,12,2019-04-01,2020-03-31,-1
2021-01-28,82830,2021-03-31,3,,,,,,,,,,,,,,,,,,,,,,,,,,,,,36.00,,,,,,,false,false,12,2020-04-01,2021-03-31,0
2021-05-12,82830,2021-03-31,,1033275000000,-0.013,,,,,25487000000,0.032,28053000000,0.027,19317000000,,-0.240,303.98,,0.085,0.066,0.025,,435501000000,235428000000,0.541,3704.78,235428000000,28745000000,-5471000000,-8225000000,37623000000,72.00,0.237,,,63553485,6387,63547167,false,false,12,2020-04-01,2021-03-31,0
2021-05-12,82830,2020-03-31,,1046412000000,0.031,,,,,24708000000,-0.027,27316000000,-0.042,25412000000,,0.286,399.90,,0.122,0.067,0.024,,418756000000,218297000000,0.521,3435.20,218297000000,21005000000,-3788000000,-13001000000,22575000000,70.00,0.175,,,63553485,6287,63547211,false,false,12,2019-04-01,2020-03-31,-1
2021-05-12,82830,2022-03-31,,1060000000000,,,,,,26500000000,,29000000000,,20000000000,,,314.73,,,,,,,,,,,,,,,78.00,0.248,,,,,,false,true,12,2021-04-01,2022-03-31,1
2021-07-29,82830,2022-03-31,1,269689000000,,,,,,7005000000,,7752000000,,5439000000,,,85.60,,,,,,434638000000,237479000000,0.546,3737.06,237479000000,,,,,,,,,63553485,6387,63547098,false,false,3,2021-04-01,2021-06-30,0
2021-07-29,82830,2021-03-31,1,260099000000,-0.010,,,,,6089000000,-0.027,6726000000,-0.034,4655000000,,-0.026,73.27,,,,,,,,,,,,,,,,,,,,,63547198,false,false,3,2020-04-01,2020-06-30,-1
2021-07-29,82830,2022-03-31,1,1060000000000,,,,,,26500000000,,29000000000,,20000000000,,,314.73,,,,,,,,,,,,,,,78.00,,,,,,,false,true,12,2021-04-01,2022-03-31,0
2021-07-29,82830,2021-03-31,1,,,,,,,,,,,,,,,,,,,,435501000000,235428000000,0.541,3704.78,235428000000,,,,,72.00,,,,63553485,6387,,false,false,12,2020-04-01,2021-03-31,-1
2021-10-28,82830,2022-03-31,2,531555000000,,,,,,13341000000,,14718000000,,10482000000,,,164.96,,,,,,451114000000,242886000000,0.538,3822.15,242886000000,,,,,,,,,63553485,6387,63547098,false,false,6,2021-04-01,2021-09-30,0
2021-10-28,82830,2021-03-31,2,525595000000,-0.036,,,,,13045000000,-0.054,14313000000,-0.054,9907000000,,-0.047,155.91,,,,,,,,,,,,,,,,,,,,,63547198,false,false,6,2020-04-01,2020-09-30,-1
2021-10-28,82830,2022-03-31,2,1060000000000,,,,,,26500000000,,29000000000,,20000000000,,,314.73,,,,,,,,,,,,,,,78.00,,,,,,,false,true,12,2021-04-01,2022-03-31,0
2021-10-28,82830,2021-03-31,2,,,,,,,,,,,,,,,,,,,,435501000000,235428000000,0.541,3704.78,235428000000,,,,,72.00,,,,63553485,6387,,false,false,12,2020-04-01,2021-03-31,-1
2021-10-28,82830,2022-03-31,2,,,,,,,,,,,,,,,,,,,,,,,,,,,,,39.00,,,,,,,false,false,12,2021-04-01,2022-03-31,0
2022-01-31,82830,2022-03-31,3,802102000000,,,,,,20232000000,,22336000000,,15735000000,,,248.09,,,,,,454693000000,240286000000,0.528,3823.35,240286000000,,,,,,,,,63553485,706472,63427359,false,false,9,2021-04-01,2021-12-31,0
2022-01-31,82830,2021-03-31,3,792543000000,-0.007,,,,,19944000000,0.028,21872000000,0.020,15402000000,,0.029,242.38,,,,,,,,,,,,,,,,,,,,,63547183,false,false,9,2020-04-01,2020-12-31,-1
2022-01-31,82830,2022-03-31,3,1060000000000,,,,,,26500000000,,29000000000,,20000000000,,,316.03,,,,,,,,,,,,,,,78.00,,,,,,,false,true,12,2021-04-01,2022-03-31,0
2022-01-31,82830,2021-03-31,3,,,,,,,,,,,,,,,,,,,,435501000000,235428000000,0.541,3704.78,235428000000,,,,,72.00,,,,63553485,6387,,false,false,12,2020-04-01,2021-03-31,-1
2022-01-31,82830,2022-03-31,3,,,,,,,,,,,,,,,,,,,,,,,,,,,,,39.00,,,,,,,false,false,12,2021-04-01,2022-03-31,0
2022-05-11,82830,2022-03-31,,1045735000000,,,,,,25921000000,,28637000000,,19639000000,,,310.34,,0.082,0.064,0.025,,448877000000,243741000000,0.543,3878.33,243741000000,21949000000,-10170000000,-8731000000,40670000000,78.00,0.251,,,63553485,706549,63284254,false,false,12,2021-04-01,2022-03-31,0
2022-05-11,82830,2021-03-31,,1033275000000,-0.013,,,,,25487000000,0.032,28053000000,0.027,19317000000,,-0.240,303.98,,0.085,0.066,0.025,,435501000000,235428000000,0.541,3704.78,235428000000,28745000000,-5471000000,-8225000000,37623000000,72.00,0.237,,,63553485,6387,63547167,false,false,12,2020-04-01,2021-03-31,-1
2022-05-11,82830,2023-03-31,,548000000000,0.031,,,,,12500000000,-0.063,13900000000,-0.056,9600000000,,-0.084,152.75,,,,,,,,,,,,,,,,,,,,,,false,true,6,2022-04-01,2022-09-30,1
2022-05-11,82830,2023-03-31,,1080000000000,0.033,,,,,24700000000,-0.047,27400000000,-0.043,19000000000,,-0.033,302.32,,,,,,,,,,,,,,,82.00,0.271,,,,,,false,true,12,2022-04-01,2023-03-31,1
2022-07-28,82830,2023-03-31,1,276247000000,0.024,,,,,6514000000,-0.070,7335000000,-0.054,5060000000,,-0.070,80.53,,,,,,445207000000,246422000000,0.554,3920.99,246422000000,,,,,,,,,63553485,706549,62846936,false,false,3,2022-04-01,2022-06-30,0
2022-07-28,82830,2022-03-31,1,269689000000,,,,,,7005000000,,7752000000,,5439000000,,,85.60,,,,,,,,,,,,,,,,,,,,,63547098,false,false,3,2021-04-01,2021-06-30,-1
2022-07-28,82830,2023-03-31,1,548000000000,0.031,,,,,12500000000,-0.063,13900000000,-0.056,9600000000,,-0.084,152.75,,,,,,,,,,,,,,,,,,,,,,false,true,6,2022-04-01,2022-09-30,0
2022-07-28,82830,2023-03-31,1,1080000000000,0.033,,,,,24700000000,-0.047,27400000000,-0.043,19000000000,,-0.033,302.32,,,,,,,,,,,,,,,82.00,,,,,,,false,true,12,2022-04-01,2023-03-31,0
2022-07-28,82830,2022-03-31,1,,,,,,,,,,,,,,,,,,,,448877000000,243741000000,0.543,3878.33,243741000000,,,,,78.00,,,,63553485,706549,,false,false,12,2021-04-01,2022-03-31,-1
2022-10-28,82830,2023-03-31,2,554898000000,0.044,,,,,11959000000,-0.104,13469000000,-0.085,9293000000,,-0.113,147.87,,,,,,469657000000,251820000000,0.536,4006.89,251820000000,,,,,,,,,63553485,706599,62846919,false,false,6,2022-04-01,2022-09-30,0
2022-10-28,82830,2022-03-31,2,531555000000,,,,,,13341000000,,14718000000,,10482000000,,,164.96,,,,,,,,,,,,,,,,,,,,,63547098,false,false,6,2021-04-01,2021-09-30,-1
2022-10-28,82830,2023-03-31,2,1080000000000,0.033,,,,,24700000000,-0.047,27400000000,-0.043,19000000000,,-0.033,302.32,,,,,,,,,,,,,,,82.00,,,,,,,false,true,12,2022-04-01,2023-03-31,0
2022-10-28,82830,2022-03-31,2,,,,,,,,,,,,,,,,,,,,448877000000,243741000000,0.543,3878.33,243741000000,,,,,78.00,,,,63553485,706549,,false,false,12,2021-04-01,2022-03-31,-1
2022-10-28,82830,2023-03-31,2,,,,,,,,,,,,,,,,,,,,,,,,,,,,,41.00,,,,,,,false,false,12,2022-04-01,2023-03-31,0
2023-01-31,82830,2023-03-31,3,848195000000,0.057,,,,,19110000000,-0.055,21413000000,-0.041,14756000000,,-0.062,234.80,,,,,,485926000000,255174000000,0.525,4060.27,255174000000,,,,,,,,,63553485,706649,62846902,false,false,9,2022-04-01,2022-12-31,0
2023-01-31,82830,2022-03-31,3,802102000000,,,,,,20232000000,,22336000000,,15735000000,,,248.09,,,,,,,,,,,,,,,,,,,,,63427359,false,false,9,2021-04-01,2021-12-31,-1
2023-01-31,82830,2023-03-31,3,1080000000000,0.033,,,,,24700000000,-0.047,27400000000,-0.043,19000000000,,-0.033,302.32,,,,,,,,,,,,,,,82.00,,,,,,,false,true,12,2022-04-01,2023-03-31,0
2023-01-31,82830,2022-03-31,3,,,,,,,,,,,,,,,,,,,,448877000000,243741000000,0.543,3878.33,243741000000,,,,,78.00,,,,63553485,706549,,false,false,12,2021-04-01,2022-03-31,-1
2023-01-31,82830,2023-03-31,3,,,,,,,,,,,,,,,,,,,,,,,,,,,,,41.00,,,,,,,false,false,12,2022-04-01,2023-03-31,0
2023-05-11,82830,2023-03-31,,1104152000000,0.056,,,,,24472000000,-0.056,27440000000,-0.042,19251000000,,-0.020,306.33,,0.076,0.059,0.022,,476936000000,259700000000,0.545,4132.28,259700000000,16594000000,-6093000000,-5177000000,45993000000,82.00,0.268,,,63553485,706698,62846881,false,false,12,2022-04-01,2023-03-31,0
2023-05-11,82830,2022-03-31,,1045735000000,,,,,,25921000000,,28637000000,,19639000000,,,310.34,,0.082,0.064,0.025,,448877000000,243741000000,0.543,3878.33,243741000000,21949000000,-10170000000,-8731000000,40670000000,78.00,0.251,,,63553485,706549,63284254,false,false,12,2021-04-01,2022-03-31,-1
2023-05-11,82830,2024-03-31,,577000000000,0.040,,,,,12900000000,0.079,14400000000,0.069,9900000000,,0.065,157.53,,,,,,,,,,,,,,,,,,,,,,false,true,6,2023-04-01,2023-09-30,1
2023-05-11,82830,2024-03-31,,1142000000000,0.034,,,,,26500000000,0.083,29500000000,0.075,20300000000,,0.054,323.01,,,,,,,,,,,,,,,90.00,0.279,,,,,,false,true,12,2023-04-01,2024-03-31,1
2023-07-31,82830,2024-03-31,1,293519000000,0.063,,,,,6972000000,0.070,7840000000,0.069,5525000000,,0.092,87.92,,,,,,478157000000,263923000000,0.552,4199.48,263923000000,,,,,,,,,63553485,706748,62846766,false,false,3,2023-04-01,2023-06-30,0
2023-07-31,82830,2023-03-31,1,276247000000,0.024,,,,,6514000000,-0.070,7335000000,-0.054,5060000000,,-0.070,80.53,,,,,,,,,,,,,,,,,,,,,62846936,false,false,3,2022-04-01,2022-06-30,-1
2023-07-31,82830,2024-03-31,1,577000000000,0.040,,,,,12900000000,0.079,14400000000,0.069,9900000000,,0.065,157.53,,,,,,,,,,,,,,,,,,,,,,false,true,6,2023-04-01,2023-09-30,0
2023-07-31,82830,2024-03-31,1,1142000000000,0.034,,,,,26500000000,0.083,29500000000,0.075,20300000000,,0.054,323.01,,,,,,,,,,,,,,,90.00,,,,,,,false,true,12,2023-04-01,2024-03-31,0
2023-07-31,82830,2023-03-31,1,,,,,,,,,,,,,,,,,,,,476936000000,259700000000,0.545,4132.28,259700000000,,,,,82.00,,,,63553485,706698,,false,false,12,2022-04-01,2023-03-31,-1
2023-10-30,82830,2024-03-31,2,583420000000,0.051,,,,,13769000000,0.151,15613000000,0.159,10892000000,,0.172,173.32,,,,,,495155000000,269782000000,0.545,4292.71,269782000000,,,,,,,,,63553485,706796,62846745,false,false,6,2023-04-01,2023-09-30,0
2023-10-30,82830,2023-03-31,2,554898000000,0.044,,,,,11959000000,-0.104,13469000000,-0.085,9293000000,,-0.113,147.87,,,,,,,,,,,,,,,,,,,,,62846919,false,false,6,2022-04-01,2022-09-30,-1
2023-10-30,82830,2024-03-31,2,1142000000000,0.034,,,,,26500000000,0.083,29500000000,0.075,20300000000,,0.054,323.01,,,,,,,,,,,,,,,90.00,,,,,,,false,true,12,2023-04-01,2024-03-31,0
2023-10-30,82830,2023-03-31,2,,,,,,,,,,,,,,,,,,,,476936000000,259700000000,0.545,4132.28,259700000000,,,,,82.00,,,,63553485,706698,,false,false,12,2022-04-01,2023-03-31,-1
2023-10-30,82830,2024-03-31,2,,,,,,,,,,,,,,,,,,,,,,,,,,,,,45.00,,,,,,,false,false,12,2023-04-01,2024-03-31,0
2024-01-31,82830,2024-03-31,3,883042000000,0.041,,,,,21968000000,0.150,24659000000,0.152,17144000000,,0.162,272.80,,,,,,504443000000,271735000000,0.539,4323.78,271735000000,,,,,,,,,63553485,706796,62846726,false,false,9,2023-04-01,2023-12-31,0
2024-01-31,82830,2023-03-31,3,848195000000,0.057,,,,,19110000000,-0.055,21413000000,-0.041,14756000000,,-0.062,234.80,,,,,,,,,,,,,,,,,,,,,62846902,false,false,9,2022-04-01,2022-12-31,-1
2024-01-31,82830,2024-03-31,3,1142000000000,0.034,,,,,26500000000,0.083,29500000000,0.075,20300000000,,0.054,323.01,,,,,,,,,,,,,,,90.00,,,,,,,false,true,12,2023-04-01,2024-03-31,0
2024-01-31,82830,2023-03-31,3,,,,,,,,,,,,,,,,,,,,476936000000,259700000000,0.545,4132.28,259700000000,,,,,82.00,,,,63553485,706698,,false,false,12,2022-04-01,2023-03-31,-1
2024-01-31,82830,2024-03-31,3,,,,,,,,,,,,,,,,,,,,,,,,,,,,,45.00,,,,,,,false,false,12,2023-04-01,2024-03-31,0
2024-04-25,82830,2024-03-31,,1151966000000,0.009,,,,,27172000000,0.025,30545000000,0.035,20638000000,,0.017,328.40,,,,,,,,,,,,,,,94.00,,,,,,,false,true,12,2023-04-01,2024-03-31,0
2024-04-25,82830,2023-03-31,,1104152000000,,,,,,24472000000,,27440000000,,19251000000,,,306.33,,,,,,,,,,,,,,,82.00,,,,,,,false,false,12,2022-04-01,2023-03-31,-1
2024-04-25,82830,2024-03-31,,,,,,,,,,,,,,,,,,,,,,,,,,,,,,45.00,,,,,,,false,false,12,2023-04-01,2024-03-31,0
2024-05-13,82830,2024-03-31,,1151966000000,0.043,,,,,27172000000,0.110,30545000000,0.113,20638000000,,0.072,328.40,,0.077,0.063,0.024,,495697000000,277962000000,0.561,4422.87,277962000000,26790000000,-6268000000,-5520000000,60994000000,94.00,0.286,,,63553485,706796,62846717,false,false,12,2023-04-01,2024-03-31,0
2024-05-13,82830,2023-03-31,,1104152000000,0.056,,,,,24472000000,-0.056,27440000000,-0.042,19251000000,,-0.020,306.33,,0.076,0.059,0.022,,476936000000,259700000000,0.545,4132.28,259700000000,16594000000,-6093000000,-5177000000,45993000000,82.00,0.268,,,63553485,706698,62846881,false,false,12,2022-04-01,2023-03-31,-1
2024-05-13,82830,2025-03-31,,604000000000,0.035,,,,,13900000000,0.010,16100000000,0.031,11200000000,,0.028,178.21,,,,,,,,,,,,,,,,,,,,,,false,true,6,2024-04-01,2024-09-30,1
2024-05-13,82830,2025-03-31,,1190000000000,0.033,,,,,28000000000,0.030,31700000000,0.038,22000000000,,0.066,350.06,,,,,,,,,,,,,,,105.00,0.300,,,,,,false,true,12,2024-04-01,2025-03-31,1
2024-07-29,82830,2025-03-31,1,302914000000,0.032,,,,,7428000000,0.065,8305000000,0.059,6076000000,,0.100,96.68,,,,,,497926000000,280467000000,0.563,4462.73,280467000000,,,,,,,,,63000000,153311,62846689,false,false,3,2024-04-01,2024-06-30,0
2024-07-29,82830,2024-03-31,1,293519000000,0.063,,,,,6972000000,0.070,7840000000,0.069,5525000000,,0.092,87.92,,,,,,,,,,,,,,,,,,,,,62846766,false,false,3,2023-04-01,2023-06-30,-1
2024-07-29,82830,2025-03-31,1,604000000000,0.035,,,,,13900000000,0.010,16100000000,0.031,11200000000,,0.028,178.21,,,,,,,,,,,,,,,,,,,,,,false,true,6,2024-04-01,2024-09-30,0
2024-07-29,82830,2025-03-31,1,1190000000000,0.033,,,,,28000000000,0.030,31700000000,0.038,22000000000,,0.066,350.06,,,,,,,,,,,,,,,105.00,,,,,,,false,true,12,2024-04-01,2025-03-31,0
2024-07-29,82830,2024-03-31,1,,,,,,,,,,,,,,,,,,,,495697000000,277962000000,0.561,4422.87,277962000000,,,,,94.00,,,,63553485,706796,,false,false,12,2023-04-01,2024-03-31,-1
2024-08-01,82830,2025-03-31,1,302914000000,0.032,,,,,7428000000,0.065,8305000000,0.059,6076000000,,0.100,96.68,,,,,,497926000000,280467000000,0.563,4462.73,280467000000,,,,,,,,,63000000,153311,62846689,false,false,3,2024-04-01,2024-06-30,0
2024-08-01,82830,2024-03-31,1,293519000000,0.063,,,,,6972000000,0.070,7840000000,0.069,5525000000,,0.092,87.92,,,,,,,,,,,,,,,,,,,,,62846766,false,false,3,2023-04-01,2023-06-30,-1
2024-08-01,82830,2025-03-31,1,604000000000,0.035,,,,,13900000000,0.010,16100000000,0.031,11200000000,,0.028,178.21,,,,,,,,,,,,,,,,,,,,,,false,true,6,2024-04-01,2024-09-30,0
2024-08-01,82830,2025-03-31,1,1190000000000,0.033,,,,,28000000000,0.030,31700000000,0.038,22000000000,,0.066,350.06,,,,,,,,,,,,,,,105.00,,,,,,,false,true,12,2024-04-01,2025-03-31,0
2024-08-01,82830,2024-03-31,1,,,,,,,,,,,,,,,,,,,,495697000000,277962000000,0.561,4422.87,277962000000,,,,,94.00,,,,63553485,706796,,false,false,12,2023-04-01,2024-03-31,-1
2024-10-28,82830,2025-03-31,2,600427000000,0.029,,,,,13977000000,0.015,16180000000,0.036,11896000000,,0.092,189.50,,,,,,510094000000,285474000000,0.560,,285474000000,,,,,,,,,63000000,500611,62778999,false,false,6,2024-04-01,2024-09-30,0
2024-10-28,82830,2024-03-31,2,583420000000,0.051,,,,,13769000000,0.151,15613000000,0.159,10892000000,,0.172,173.32,,,,,,,,,,,,,,,,,,,,,62846745,false,false,6,2023-04-01,2023-09-30,-1
2024-10-28,82830,2025-03-31,2,1190000000000,0.033,,,,,28000000000,0.030,31700000000,0.038,22000000000,,0.066,350.06,,,,,,,,,,,,,,,105.00,,,,,,,false,true,12,2024-04-01,2025-03-31,0
2024-10-28,82830,2024-03-31,2,,,,,,,,,,,,,,,,,,,,495697000000,277962000000,0.561,,277962000000,,,,,94.00,,,,63553485,706796,,false,false,12,2023-04-01,2024-03-31,-1
2024-10-28,82830,2025-03-31,2,,,,,,,,,,,,,,,,,,,,,,,,,,,,,50.00,,,,,,,false,false,12,2024-04-01,2025-03-31,0
2025-02-03,82830,2025-03-31,3,911064000000,0.032,,,,,22439000000,0.021,25417000000,0.031,18282000000,,0.066,292.09,,,,,,523038000000,284957000000,0.545,4597.11,284957000000,,,,,,,,,63000000,1013711,62591726,false,false,9,2024-04-01,2024-12-31,0
2025-02-03,82830,2024-03-31,3,883042000000,0.041,,,,,21968000000,0.150,24659000000,0.152,17144000000,,0.162,272.80,,,,,,,,,,,,,,,,,,,,,62846726,false,false,9,2023-04-01,2023-12-31,-1
2025-02-03,82830,2025-03-31,3,1190000000000,0.033,,,,,28000000000,0.030,31700000000,0.038,22000000000,,0.066,350.06,,,,,,,,,,,,,,,105.00,,,,,,,false,true,12,2024-04-01,2025-03-31,0
2025-02-03,82830,2024-03-31,3,,,,,,,,,,,,,,,,,,,,495697000000,277962000000,0.561,4422.87,277962000000,,,,,94.00,,,,63553485,706796,,false,false,12,2023-04-01,2024-03-31,-1
2025-02-03,82830,2025-03-31,3,,,,,,,,,,,,,,,,,,,,,,,,,,,,,50.00,,,,,,,false,false,12,2024-04-01,2025-03-31,0
2025-02-10,82830,2025-03-31,3,911064000000,0.032,,,,,22439000000,0.021,25417000000,0.031,18282000000,,0.066,292.09,,,,,,523038000000,284957000000,0.545,4597.11,284957000000,,,,,,,,,63000000,1013711,62591726,false,false,9,2024-04-01,2024-12-31,0
2025-02-10,82830,2024-03-31,3,883042000000,0.041,,,,,21968000000,0.150,24659000000,0.152,17144000000,,0.162,272.80,,,,,,,,,,,,,,,,,,,,,62846726,false,false,9,2023-04-01,2023-12-31,-1
2025-02-10,82830,2025-03-31,3,1190000000000,0.033,,,,,28000000000,0.030,31700000000,0.038,22000000000,,0.066,350.06,,,,,,,,,,,,,,,105.00,,,,,,,false,true,12,2024-04-01,2025-03-31,0
2025-02-10,82830,2024-03-31,3,,,,,,,,,,,,,,,,,,,,495697000000,277962000000,0.561,4422.87,277962000000,,,,,94.00,,,,63553485,706796,,false,false,12,2023-04-01,2024-03-31,-1
2025-02-10,82830,2025-03-31,3,,,,,,,,,,,,,,,,,,,,,,,,,,,,,50.00,,,,,,,false,false,12,2024-04-01,2025-03-31,0
2025-05-12,82830,2025-03-31,,1188097000000,0.031,,,,,28008000000,0.031,31684000000,0.037,22864000000,,0.108,366.46,,0.081,0.063,0.024,,507048000000,287669000000,0.567,4664.19,287669000000,20675000000,-428000000,-11324000000,69916000000,105.00,0.287,,,63000000,1323911,62392761,false,false,12,2024-04-01,2025-03-31,0
2025-05-12,82830,2024-03-31,,1151966000000,0.043,,,,,27172000000,0.110,30545000000,0.113,20638000000,,0.072,328.40,,0.077,0.063,0.024,,495697000000,277962000000,0.561,4422.87,277962000000,26790000000,-6268000000,-5520000000,60994000000,94.00,0.286,,,63553485,706796,62846717,false,false,12,2023-04-01,2024-03-31,-1
2025-05-12,82830,2026-03-31,,622000000000,0.036,,,,,14600000000,0.045,16200000000,0.001,11100000000,,-0.067,179.97,,,,,,,,,,,,,,,,,,,,,,false,true,6,2025-04-01,2025-09-30,1
2025-05-12,82830,2026-03-31,,1230000000000,0.035,,,,,29000000000,0.035,32200000000,0.016,22000000000,,-0.038,356.70,,,,,,,,,,,,,,,120.00,0.336,,,,,,false,true,12,2025-04-01,2026-03-31,1
