filing_date,code,fiscal_year_end,quarterly_period,net_sales,net_sales_change,revenue,revenue_change,operating_revenue,operating_revenue_change,operating_profit,operating_profit_change,ordinary_profit,ordinary_profit_change,net_income,net_income_of_parent,net_income_change,eps,diluted_eps,roe,roa,operating_profit_to_net_sales,operating_profit_to_revenue,total_assets,net_assets,equity_ratio,bps,owner_equity,operating_cash_flow,investing_cash_flow,financing_cash_flow,cash,dividend_per_share,payout_ratio,commemorative_dividend,extra_dividend,number_of_shares,number_of_treqsury_shares,avg_number_of_shares,is_consolidated,is_forecast,duration,period_start,period_end,period_pos
2015-05-12,83080,2015-03-31,,,,,,128333000000,-0.717,121106000000,-0.729,121374000000,-0.727,121722000000,,-0.727,50.15,46.75,,,,,1458116000000,1071955000000,0.735,299.47,1071955000000,,,,,17.00,,,,2324118091,5999097,2193242258,false,false,12,2014-04-01,2015-03-31,0
2015-05-12,83080,2014-03-31,,,,,,452476000000,0.854,446623000000,0.881,444623000000,0.870,445456000000,,0.873,187.34,134.28,,,,,1561549000000,1177184000000,0.754,260.24,1177184000000,,,,,15.00,,,,2324118091,137204297,2302727340,false,false,12,2013-04-01,2014-03-31,-1
2015-05-12,83080,2016-03-31,,,,,,101000000000,2.680,97000000000,3.060,97000000000,3.015,97000000000,,3.000,40.25,,,,,,,,,,,,,,,,,,,,,,false,true,6,2015-04-01,2015-09-30,1
2015-05-12,83080,2016-03-31,,,,,,202000000000,0.574,194000000000,0.602,194000000000,0.598,194000000000,,0.594,80.50,,,,,,,,,,,,,,,17.00,,,,,,,false,true,12,2015-04-01,2016-03-31,1
2015-05-12,83080,2015-03-31,,,,,,,,,,333316000000,0.068,211477000000,,-0.042,91.07,84.28,0.111,0.007,,,46586565000000,2143379000000,0.042,690.66,1978778000000,1103471000000,2328201000000,-290120000000,9456393000000,,0.187,,,,,,true,false,12,2014-04-01,2015-03-31,0
2015-05-12,83080,2014-03-31,,,,,,,,,,312169000000,0.095,220642000000,,-0.198,89.71,64.97,0.114,0.007,,,44719434000000,1956412000000,0.041,552.89,1817180000000,2243206000000,1315192000000,-480536000000,6314735000000,,0.167,,,,,,true,false,12,2013-04-01,2014-03-31,-1
2015-05-12,83080,2016-03-31,,,,,,,,,,131000000000,-0.302,,91000000000,,37.66,,,,,,,,,,,,,,,,,,,,,,true,true,6,2015-04-01,2015-09-30,1
2015-05-12,83080,2016-03-31,,,,,,,,,,254000000000,-0.238,,175000000000,,72.31,,,,,,,,,,,,,,,,0.235,,,,,,true,true,12,2015-04-01,2016-03-31,1
2015-07-31,83080,2016-03-31,1,,,,,,,,,74994000000,0.009,,53707000000,,23.16,,,,,,46542781000000,2043759000000,0.040,706.13,1875192000000,,,,,,,,,,,,true,false,3,2015-04-01,2015-06-30,0
2015-07-31,83080,2015-03-31,1,,,,,,,,,74318000000,-0.137,,53394000000,,24.41,20.16,,,,,,,,,,,,,,,,,,,,,true,false,3,2014-04-01,2014-06-30,-1
2015-07-31,83080,2016-03-31,1,,,,,,,,,131000000000,-0.302,,91000000000,,37.66,,,,,,,,,,,,,,,,,,,,,,true,true,6,2015-04-01,2015-09-30,0
2015-07-31,83080,2016-03-31,1,,,,,,,,,254000000000,-0.238,,175000000000,,72.31,,,,,,,,,,,,,,,,,,,,,,true,true,12,2015-04-01,2016-03-31,0
2015-07-31,83080,2015-03-31,1,,,,,,,,,,,,,,,,,,,,46586565000000,2143379000000,0.042,690.66,1978778000000,,,,,,,,,,,,true,false,12,2014-04-01,2015-03-31,-1
2015-07-31,83080,2015-03-31,1,,,,,,,,,,,,,,,,,,,,,,,,,,,,,17.00,,,,2324118091,5999097,,false,false,12,2014-04-01,2015-03-31,-1
2015-07-31,83080,2016-03-31,1,,,,,,,,,,,,,,,,,,,,,,,,,,,,,17.00,,,,,,,false,true,12,2015-04-01,2016-03-31,0
2015-07-31,83080,2016-03-31,1,,,,,,,,,,,,,,,,,,,,,,,,,,,,,,,,,2324118091,5585073,2318207284,false,false,3,2015-04-01,2015-06-30,0
2015-07-31,83080,2015-03-31,1,,,,,,,,,,,,,,,,,,,,,,,,,,,,,,,,,,,2187027608,false,false,3,2014-04-01,2014-06-30,-1
2015-11-11,83080,2016-03-31,2,,,,,101174000000,2.686,97317000000,3.074,97655000000,3.042,97817000000,,3.034,40.23,,,,,,1310384000000,926975000000,0.707,,926975000000,,,,,,,,,2324118091,5278193,2318425827,false,false,6,2015-04-01,2015-09-30,0
2015-11-11,83080,2015-03-31,2,,,,,27446000000,-0.786,23890000000,-0.809,24160000000,-0.803,24250000000,,-0.803,11.08,,,,,,,,,,,,,,,,,,,,,2187249368,false,false,6,2014-04-01,2014-09-30,-1
2015-11-11,83080,2016-03-31,2,,,,,202000000000,0.574,194000000000,0.602,194000000000,0.598,194000000000,,0.594,80.12,,,,,,,,,,,,,,,17.00,,,,,,,false,true,12,2015-04-01,2016-03-31,0
2015-11-11,83080,2016-03-31,2,,,,,,,,,121846000000,-0.351,,85701000000,,35.01,,,,,,46745948000000,1791344000000,0.038,,1770827000000,,,,,,,,,,,,true,false,6,2015-04-01,2015-09-30,0
2015-11-11,83080,2015-03-31,2,,,,,,,,,187725000000,0.076,,132704000000,,60.67,52.81,,,,,,,,,,,,,,,,,,,,,true,false,6,2014-04-01,2014-09-30,-1
2015-11-11,83080,2016-03-31,2,,,,,,,,,250000000000,-0.250,,175000000000,,71.92,,,,,,,,,,,,,,,,,,,,,,true,true,12,2015-04-01,2016-03-31,0
2015-11-11,83080,2015-03-31,2,,,,,,,,,,,,,,,,,,,,46586565000000,2143379000000,0.042,,1978778000000,,,,,,,,,,,,true,false,12,2014-04-01,2015-03-31,-1
2015-11-11,83080,2015-03-31,2,,,,,,,,,,,,,,,,,,,,1458116000000,1071955000000,0.735,,1071955000000,,,,,17.00,,,,2324118091,5999097,,false,false,12,2014-04-01,2015-03-31,-1
2015-11-11,83080,2016-03-31,2,,,,,,,,,,,,,,,,,,,,,,,,,,,,,8.50,,,,,,,false,false,12,2015-04-01,2016-03-31,0
2016-01-29,83080,2016-03-31,3,,,,,,,,,185369000000,-0.334,,130140000000,,54.17,,,,,,46797225000000,1852637000000,0.039,,1838120000000,,,,,,,,,,,,true,false,9,2015-04-01,2015-12-31,0
2016-01-29,83080,2015-03-31,3,,,,,,,,,278285000000,0.081,,191250000000,,87.43,78.77,,,,,,,,,,,,,,,,,,,,,true,false,9,2014-04-01,2014-12-31,-1
2016-01-29,83080,2016-03-31,3,,,,,,,,,250000000000,-0.250,,175000000000,,71.92,,,,,,,,,,,,,,,,,,,,,,true,true,12,2015-04-01,2016-03-31,0
2016-01-29,83080,2015-03-31,3,,,,,,,,,,,,,,,,,,,,46586565000000,2143379000000,0.042,,1978778000000,,,,,,,,,,,,true,false,12,2014-04-01,2015-03-31,-1
2016-01-29,83080,2015-03-31,3,,,,,,,,,,,,,,,,,,,,,,,,,,,,,17.00,,,,2324118091,5999097,,false,false,12,2014-04-01,2015-03-31,-1
2016-01-29,83080,2016-03-31,3,,,,,,,,,,,,,,,,,,,,,,,,,,,,,8.50,,,,,,,false,false,12,2015-04-01,2016-03-31,0
2016-01-29,83080,2016-03-31,3,,,,,,,,,,,,,,,,,,,,,,,,,,,,,17.00,,,,,,,false,true,12,2015-04-01,2016-03-31,0
2016-01-29,83080,2016-03-31,3,,,,,,,,,,,,,,,,,,,,,,,,,,,,,,,,,2324118091,4847168,2318603784,false,false,9,2015-04-01,2015-12-31,0
2016-01-29,83080,2015-03-31,3,,,,,,,,,,,,,,,,,,,,,,,,,,,,,,,,,,,2187405795,false,false,9,2014-04-01,2014-12-31,-1
2016-05-12,83080,2016-03-31,,,,,,196739000000,0.533,189241000000,0.563,189768000000,0.563,190036000000,,0.561,78.40,,,,,,1379348000000,996077000000,0.722,352.36,996077000000,,,,,17.00,,,,2324118091,4379191,2318808945,false,false,12,2015-04-01,2016-03-31,0
2016-05-12,83080,2015-03-31,,,,,,128333000000,-0.717,121106000000,-0.729,121374000000,-0.727,121722000000,,-0.727,50.15,46.75,,,,,1458116000000,1071955000000,0.735,299.47,1071955000000,,,,,17.00,,,,2324118091,5999097,2193242258,false,false,12,2014-04-01,2015-03-31,-1
2016-05-12,83080,2016-03-31,,,,,,,,,,251705000000,-0.245,,183840000000,,75.73,,0.097,0.005,,,49126435000000,1833470000000,0.037,705.81,1816002000000,3065728000000,1293625000000,-464969000000,13350719000000,,0.224,,,,,,true,false,12,2015-04-01,2016-03-31,0
2016-05-12,83080,2015-03-31,,,,,,,,,,333316000000,0.068,,211477000000,,91.07,84.28,0.111,0.007,,,46586565000000,2143379000000,0.042,690.66,1978778000000,1103471000000,2328201000000,-290120000000,9456393000000,,0.187,,,,,,true,false,12,2014-04-01,2015-03-31,-1
2016-05-12,83080,2017-03-31,,,,,,,,,,,,,82000000000,,33.76,,,,,,,,,,,,,,,,,,,,,,true,true,6,2016-04-01,2016-09-30,1
2016-05-12,83080,2017-03-31,,,,,,,,,,,,,160000000000,,65.79,,,,,,,,,,,,,,,,0.289,,,,,,true,true,12,2016-04-01,2017-03-31,1
2016-05-12,83080,2017-03-31,,,,,,,,,,,,,,,,,,,,,,,,,,,,,,19.00,,,,,,,false,true,12,2016-04-01,2017-03-31,1
2016-07-29,83080,2017-03-31,1,,,,,,,,,66225000000,-0.117,,47796000000,,20.60,,,,,,46381987000000,1841623000000,0.039,,1823441000000,,,,,,,,,,,,true,false,3,2016-04-01,2016-06-30,0
2016-07-29,83080,2016-03-31,1,,,,,,,,,74994000000,0.009,,53707000000,,23.16,,,,,,,,,,,,,,,,,,,,,,true,false,3,2015-04-01,2015-06-30,-1
2016-07-29,83080,2017-03-31,1,,,,,,,,,,,,82000000000,,33.76,,,,,,,,,,,,,,,,,,,,,,true,true,6,2016-04-01,2016-09-30,0
2016-07-29,83080,2017-03-31,1,,,,,,,,,,,,160000000000,,65.79,,,,,,,,,,,,,,,,,,,,,,true,true,12,2016-04-01,2017-03-31,0
2016-07-29,83080,2016-03-31,1,,,,,,,,,,,,,,,,,,,,49126435000000,1833470000000,0.037,,1816002000000,,,,,,,,,,,,true,false,12,2015-04-01,2016-03-31,-1
2016-07-29,83080,2016-03-31,1,,,,,,,,,,,,,,,,,,,,,,,,,,,,,17.00,,,,2324118091,4379191,,false,false,12,2015-04-01,2016-03-31,-1
2016-07-29,83080,2017-03-31,1,,,,,,,,,,,,,,,,,,,,,,,,,,,,,19.00,,,,,,,false,true,12,2016-04-01,2017-03-31,0
2016-07-29,83080,2017-03-31,1,,,,,,,,,,,,,,,,,,,,,,,,,,,,,,,,,2324118091,3718683,2319922794,false,false,3,2016-04-01,2016-06-30,0
2016-07-29,83080,2016-03-31,1,,,,,,,,,,,,,,,,,,,,,,,,,,,,,,,,,,,2318207284,false,false,3,2015-04-01,2015-06-30,-1
2016-11-11,83080,2017-03-31,2,,,,,,,,,133086000000,0.092,,96914000000,,40.17,,,,,,47101115000000,1895054000000,0.040,,1878139000000,,,,,,,,,,,,true,false,6,2016-04-01,2016-09-30,0
2016-11-11,83080,2016-03-31,2,,,,,,,,,121846000000,-0.351,,85701000000,,35.01,,,,,,,,,,,,,,,,,,,,,,true,false,6,2015-04-01,2015-09-30,-1
2016-11-11,83080,2017-03-31,2,,,,,,,,,,,,170000000000,,70.56,,,,,,,,,,,,,,,,,,,,,,true,true,12,2016-04-01,2017-03-31,0
2016-11-11,83080,2016-03-31,2,,,,,,,,,,,,,,,,,,,,49126435000000,1833470000000,0.037,,1816002000000,,,,,,,,,,,,true,false,12,2015-04-01,2016-03-31,-1
2016-11-11,83080,2016-03-31,2,,,,,,,,,,,,,,,,,,,,,,,,,,,,,17.00,,,,2324118091,4379191,,false,false,12,2015-04-01,2016-03-31,-1
2016-11-11,83080,2017-03-31,2,,,,,,,,,,,,,,,,,,,,,,,,,,,,,9.50,,,,,,,false,false,12,2016-04-01,2017-03-31,0
2016-11-11,83080,2017-03-31,2,,,,,,,,,,,,,,,,,,,,,,,,,,,,,19.00,,,,,,,false,true,12,2016-04-01,2017-03-31,0
2016-11-11,83080,2017-03-31,2,,,,,,,,,,,,,,,,,,,,,,,,,,,,,,,,,2324118091,3239289,2320255201,false,false,6,2016-04-01,2016-09-30,0
2016-11-11,83080,2016-03-31,2,,,,,,,,,,,,,,,,,,,,,,,,,,,,,,,,,,,2318425827,false,false,6,2015-04-01,2015-09-30,-1
2017-01-31,83080,2017-03-31,3,,,,,,,,,179868000000,-0.030,,129813000000,,54.04,,,,,,47902331000000,1879114000000,0.039,,1863126000000,,,,,,,,,,,,true,false,9,2016-04-01,2016-12-31,0
2017-01-31,83080,2016-03-31,3,,,,,,,,,185369000000,-0.334,,130140000000,,54.17,,,,,,,,,,,,,,,,,,,,,,true,false,9,2015-04-01,2015-12-31,-1
2017-01-31,83080,2017-03-31,3,,,,,,,,,,,,170000000000,,70.56,,,,,,,,,,,,,,,,,,,,,,true,true,12,2016-04-01,2017-03-31,0
2017-01-31,83080,2016-03-31,3,,,,,,,,,,,,,,,,,,,,49126435000000,1833470000000,0.037,,1816002000000,,,,,,,,,,,,true,false,12,2015-04-01,2016-03-31,-1
2017-01-31,83080,2016-03-31,3,,,,,,,,,,,,,,,,,,,,,,,,,,,,,17.00,,,,2324118091,4379191,,false,false,12,2015-04-01,2016-03-31,-1
2017-01-31,83080,2017-03-31,3,,,,,,,,,,,,,,,,,,,,,,,,,,,,,9.50,,,,,,,false,false,12,2016-04-01,2017-03-31,0
2017-01-31,83080,2017-03-31,3,,,,,,,,,,,,,,,,,,,,,,,,,,,,,19.00,,,,,,,false,true,12,2016-04-01,2017-03-31,0
2017-01-31,83080,2017-03-31,3,,,,,,,,,,,,,,,,,,,,,,,,,,,,,,,,,2324118091,2705862,2320520652,false,false,9,2016-04-01,2016-12-31,0
2017-01-31,83080,2016-03-31,3,,,,,,,,,,,,,,,,,,,,,,,,,,,,,,,,,,,2318603784,false,false,9,2015-04-01,2015-12-31,-1
2017-04-28,83080,2017-03-31,,,,,,,,,,,,,161000000000,,66.69,,,,,,,,,,,,,,,,,,,,,,true,true,12,2016-04-01,2017-03-31,0
2017-04-28,83080,2016-03-31,,,,,,,,,,,,,183840000000,,89.71,,,,,,,,,,,,,,,,,,,,,,true,false,12,2015-04-01,2016-03-31,-1
2017-05-12,83080,2017-03-31,,,,,,,,,,226278000000,-0.101,,161485000000,,66.89,,0.086,0.005,,,48456133000000,1946779000000,0.040,786.94,1928924000000,-757454000000,212667000000,-316808000000,12489100000000,,0.284,,,,,,true,false,12,2016-04-01,2017-03-31,0
2017-05-12,83080,2016-03-31,,,,,,,,,,251705000000,-0.245,,183840000000,,75.73,,0.097,0.005,,,49126435000000,1833470000000,0.037,705.81,1816002000000,3065728000000,1293625000000,-464969000000,13350719000000,,0.224,,,,,,true,false,12,2015-04-01,2016-03-31,-1
2017-05-12,83080,2018-03-31,,,,,,,,,,,,,73000000000,,30.65,,,,,,,,,,,,,,,,,,,,,,true,true,6,2017-04-01,2017-09-30,1
2017-05-12,83080,2018-03-31,,,,,,,,,,,,,150000000000,,63.02,,,,,,,,,,,,,,,,0.317,,,,,,true,true,12,2017-04-01,2018-03-31,1
2017-05-12,83080,2016-03-31,,,,,,,,,,,,,,,,,,,,,,,,,,,,,,17.00,,,,2324118091,4379191,2318808945,false,false,12,2015-04-01,2016-03-31,-1
2017-05-12,83080,2017-03-31,,,,,,,,,,,,,,,,,,,,,,,,,,,,,,19.00,,,,2324118091,2372831,2320770353,false,false,12,2016-04-01,2017-03-31,0
2017-05-12,83080,2018-03-31,,,,,,,,,,,,,,,,,,,,,,,,,,,,,,20.00,,,,,,,false,true,12,2017-04-01,2018-03-31,1
2017-07-31,83080,2018-03-31,1,,,,,,,,,51491000000,-0.222,,37242000000,,16.05,,,,,,49049640000000,1976524000000,0.040,,1959129000000,,,,,,,,,,,,true,false,3,2017-04-01,2017-06-30,0
2017-07-31,83080,2017-03-31,1,,,,,,,,,66225000000,-0.117,,47796000000,,20.60,,,,,,,,,,,,,,,,,,,,,,true,false,3,2016-04-01,2016-06-30,-1
2017-07-31,83080,2018-03-31,1,,,,,,,,,,,,73000000000,,30.65,,,,,,,,,,,,,,,,,,,,,,true,true,6,2017-04-01,2017-09-30,0
2017-07-31,83080,2018-03-31,1,,,,,,,,,,,,150000000000,,63.02,,,,,,,,,,,,,,,,,,,,,,true,true,12,2017-04-01,2018-03-31,0
2017-07-31,83080,2017-03-31,1,,,,,,,,,,,,,,,,,,,,48456133000000,1946779000000,0.040,,1928924000000,,,,,,,,,,,,true,false,12,2016-04-01,2017-03-31,-1
2017-07-31,83080,2017-03-31,1,,,,,,,,,,,,,,,,,,,,,,,,,,,,,19.00,,,,2324118091,2372831,,false,false,12,2016-04-01,2017-03-31,-1
2017-07-31,83080,2018-03-31,1,,,,,,,,,,,,,,,,,,,,,,,,,,,,,20.00,,,,,,,false,true,12,2017-04-01,2018-03-31,0
2017-07-31,83080,2018-03-31,1,,,,,,,,,,,,,,,,,,,,,,,,,,,,,,,,,2324118091,10313981,2318994760,false,false,3,2017-04-01,2017-06-30,0
2017-07-31,83080,2017-03-31,1,,,,,,,,,,,,,,,,,,,,,,,,,,,,,,,,,,,2319922794,false,false,3,2016-04-01,2016-06-30,-1
2017-10-31,83080,2018-03-31,,,,,,,,,,,,,94000000000,,39.79,,,,,,,,,,,,,,,,,,,,,,true,true,6,2017-04-01,2017-09-30,0
2017-10-31,83080,2017-03-31,,,,,,,,,,,,,96914000000,,40.17,,,,,,,,,,,,,,,,,,,,,,true,false,6,2016-04-01,2016-09-30,-1
2017-11-10,83080,2018-03-31,2,,,,,,,,,114194000000,-0.142,,94093000000,,39.82,,,,,,48757908000000,2047638000000,0.042,,2029843000000,,,,,,,,,,,,true,false,6,2017-04-01,2017-09-30,0
2017-11-10,83080,2017-03-31,2,,,,,,,,,133086000000,0.092,,96914000000,,40.17,,,,,,,,,,,,,,,,,,,,,,true,false,6,2016-04-01,2016-09-30,-1
2017-11-10,83080,2018-03-31,2,,,,,,,,,,,,165000000000,,69.71,,,,,,,,,,,,,,,,,,,,,,true,true,12,2017-04-01,2018-03-31,0
2017-11-10,83080,2017-03-31,2,,,,,,,,,,,,,,,,,,,,48456133000000,1946779000000,0.040,,1928924000000,,,,,,,,,,,,true,false,12,2016-04-01,2017-03-31,-1
2017-11-10,83080,2017-03-31,2,,,,,,,,,,,,,,,,,,,,,,,,,,,,,19.00,,,,2324118091,2372831,,false,false,12,2016-04-01,2017-03-31,-1
2017-11-10,83080,2018-03-31,2,,,,,,,,,,,,,,,,,,,,,,,,,,,,,10.00,,,,,,,false,false,12,2017-04-01,2018-03-31,0
2017-11-10,83080,2018-03-31,2,,,,,,,,,,,,,,,,,,,,,,,,,,,,,20.00,,,,,,,false,true,12,2017-04-01,2018-03-31,0
2017-11-10,83080,2018-03-31,2,,,,,,,,,,,,,,,,,,,,,,,,,,,,,,,,,2324118091,9950651,2316452938,false,false,6,2017-04-01,2017-09-30,0
2017-11-10,83080,2017-03-31,2,,,,,,,,,,,,,,,,,,,,,,,,,,,,,,,,,,,2320255201,false,false,6,2016-04-01,2016-09-30,-1
2018-01-31,83080,2018-03-31,3,,,,,,,,,168034000000,-0.066,,202760000000,,86.76,,,,,,48970710000000,2210590000000,0.045,,2193583000000,,,,,,,,,,,,true,false,9,2017-04-01,2017-12-31,0
2018-01-31,83080,2017-03-31,3,,,,,,,,,179868000000,-0.030,,129813000000,,54.04,,,,,,,,,,,,,,,,,,,,,,true,false,9,2016-04-01,2016-12-31,-1
2018-01-31,83080,2018-03-31,3,,,,,,,,,,,,235000000000,,99.96,,,,,,,,,,,,,,,,,,,,,,true,true,12,2017-04-01,2018-03-31,0
2018-01-31,83080,2017-03-31,3,,,,,,,,,,,,,,,,,,,,48456133000000,1946779000000,0.040,,1928924000000,,,,,,,,,,,,true,false,12,2016-04-01,2017-03-31,-1
2018-01-31,83080,2017-03-31,3,,,,,,,,,,,,,,,,,,,,,,,,,,,,,19.00,,,,2324118091,2372831,,false,false,12,2016-04-01,2017-03-31,-1
2018-01-31,83080,2018-03-31,3,,,,,,,,,,,,,,,,,,,,,,,,,,,,,10.00,,,,,,,false,false,12,2017-04-01,2018-03-31,0
2018-01-31,83080,2018-03-31,3,,,,,,,,,,,,,,,,,,,,,,,,,,,,,20.00,,,,,,,false,true,12,2017-04-01,2018-03-31,0
2018-01-31,83080,2018-03-31,3,,,,,,,,,,,,,,,,,,,,,,,,,,,,,,,,,2324118091,9476831,2315733617,false,false,9,2017-04-01,2017-12-31,0
2018-01-31,83080,2017-03-31,3,,,,,,,,,,,,,,,,,,,,,,,,,,,,,,,,,,,2320520652,false,false,9,2016-04-01,2016-12-31,-1
2018-05-11,83080,2018-03-31,,,,,,,,,,217777000000,-0.038,,236251000000,,100.51,,0.118,0.004,,,50243789000000,2102936000000,0.042,900.72,2085147000000,923028000000,110518000000,-265843000000,13256798000000,,0.199,,,,,,true,false,12,2017-04-01,2018-03-31,0
2018-05-11,83080,2017-03-31,,,,,,,,,,226278000000,-0.101,,161485000000,,66.89,,0.086,0.005,,,48456133000000,1946779000000,0.040,786.94,1928924000000,-757454000000,212667000000,-316808000000,12489100000000,,0.284,,,,,,true,false,12,2016-04-01,2017-03-31,-1
2018-05-11,83080,2019-03-31,,,,,,,,,,,,,113000000000,,48.81,,,,,,,,,,,,,,,,,,,,,,true,true,6,2018-04-01,2018-09-30,1
2018-05-11,83080,2019-03-31,,,,,,,,,,,,,200000000000,,86.39,,,,,,,,,,,,,,,,0.243,,,,,,true,true,12,2018-04-01,2019-03-31,1
2018-05-11,83080,2017-03-31,,,,,,,,,,,,,,,,,,,,,,,,,,,,,,19.00,,,,2324118091,2372831,2320770353,false,false,12,2016-04-01,2017-03-31,-1
2018-05-11,83080,2018-03-31,,,,,,,,,,,,,,,,,,,,,,,,,,,,,,20.00,,,,2324118091,9153062,2315491365,false,false,12,2017-04-01,2018-03-31,0
2018-05-11,83080,2019-03-31,,,,,,,,,,,,,,,,,,,,,,,,,,,,,,21.00,,,,,,,false,true,12,2018-04-01,2019-03-31,1
2018-07-31,83080,2019-03-31,1,,,,,,,,,46479000000,-0.097,,69946000000,,30.21,30.21,,,,,58175913000000,2351341000000,0.036,,2108501000000,,,,,,,,,,,,true,false,3,2018-04-01,2018-06-30,0
2018-07-31,83080,2018-03-31,1,,,,,,,,,51491000000,-0.222,,37242000000,,16.05,,,,,,,,,,,,,,,,,,,,,,true,false,3,2017-04-01,2017-06-30,-1
2018-07-31,83080,2019-03-31,1,,,,,,,,,,,,113000000000,,48.81,,,,,,,,,,,,,,,,,,,,,,true,true,6,2018-04-01,2018-09-30,0
2018-07-31,83080,2019-03-31,1,,,,,,,,,,,,200000000000,,86.39,,,,,,,,,,,,,,,,,,,,,,true,true,12,2018-04-01,2019-03-31,0
2018-07-31,83080,2018-03-31,1,,,,,,,,,,,,,,,,,,,,50243789000000,2102936000000,0.042,,2085147000000,,,,,,,,,,,,true,false,12,2017-04-01,2018-03-31,-1
2018-07-31,83080,2018-03-31,1,,,,,,,,,,,,,,,,,,,,,,,,,,,,,20.00,,,,2324118091,9153062,,false,false,12,2017-04-01,2018-03-31,-1
2018-07-31,83080,2019-03-31,1,,,,,,,,,,,,,,,,,,,,,,,,,,,,,21.00,,,,,,,false,true,12,2018-04-01,2019-03-31,0
2018-07-31,83080,2019-03-31,1,,,,,,,,,,,,,,,,,,,,,,,,,,,,,,,,,2324118091,8653145,2315095036,false,false,3,2018-04-01,2018-06-30,0
2018-07-31,83080,2018-03-31,1,,,,,,,,,,,,,,,,,,,,,,,,,,,,,,,,,,,2318994760,false,false,3,2017-04-01,2017-06-30,-1
2018-11-09,83080,2019-03-31,2,,,,,,,,,123260000000,0.079,,122137000000,,52.75,52.74,,,,,60474505000000,2397873000000,0.036,,2152274000000,,,,,,,,,,,,true,false,6,2018-04-01,2018-09-30,0
2018-11-09,83080,2018-03-31,2,,,,,,,,,114194000000,-0.142,,94093000000,,39.82,,,,,,,,,,,,,,,,,,,,,,true,false,6,2017-04-01,2017-09-30,-1
2018-11-09,83080,2019-03-31,2,,,,,,,,,,,,200000000000,,86.36,,,,,,,,,,,,,,,,,,,,,,true,true,12,2018-04-01,2019-03-31,0
2018-11-09,83080,2018-03-31,2,,,,,,,,,,,,,,,,,,,,50243789000000,2102936000000,0.042,,2085147000000,,,,,,,,,,,,true,false,12,2017-04-01,2018-03-31,-1
2018-11-09,83080,2018-03-31,2,,,,,,,,,,,,,,,,,,,,,,,,,,,,,20.00,,,,2324118091,9153062,,false,false,12,2017-04-01,2018-03-31,-1
2018-11-09,83080,2019-03-31,2,,,,,,,,,,,,,,,,,,,,,,,,,,,,,10.50,,,,,,,false,false,12,2018-04-01,2019-03-31,0
2018-11-09,83080,2019-03-31,2,,,,,,,,,,,,,,,,,,,,,,,,,,,,,21.00,,,,,,,false,true,12,2018-04-01,2019-03-31,0
2018-11-09,83080,2019-03-31,2,,,,,,,,,,,,,,,,,,,,,,,,,,,,,,,,,2324118091,8291755,2315348984,false,false,6,2018-04-01,2018-09-30,0
2018-11-09,83080,2018-03-31,2,,,,,,,,,,,,,,,,,,,,,,,,,,,,,,,,,,,2316452938,false,false,6,2017-04-01,2017-09-30,-1
2019-01-31,83080,2019-03-31,3,,,,,,,,,154207000000,-0.082,,141125000000,,60.94,60.94,,,,,58959994000000,2318623000000,0.035,,2074509000000,,,,,,,,,,,,true,false,9,2018-04-01,2018-12-31,0
2019-01-31,83080,2018-03-31,3,,,,,,,,,168034000000,-0.066,,202760000000,,86.76,,,,,,,,,,,,,,,,,,,,,,true,false,9,2017-04-01,2017-12-31,-1
2019-01-31,83080,2019-03-31,3,,,,,,,,,,,,200000000000,,86.36,,,,,,,,,,,,,,,,,,,,,,true,true,12,2018-04-01,2019-03-31,0
2019-01-31,83080,2018-03-31,3,,,,,,,,,,,,,,,,,,,,50243789000000,2102936000000,0.042,,2085147000000,,,,,,,,,,,,true,false,12,2017-04-01,2018-03-31,-1
2019-01-31,83080,2018-03-31,3,,,,,,,,,,,,,,,,,,,,,,,,,,,,,20.00,,,,2324118091,9153062,,false,false,12,2017-04-01,2018-03-31,-1
2019-01-31,83080,2019-03-31,3,,,,,,,,,,,,,,,,,,,,,,,,,,,,,10.50,,,,,,,false,false,12,2018-04-01,2019-03-31,0
2019-01-31,83080,2019-03-31,3,,,,,,,,,,,,,,,,,,,,,,,,,,,,,21.00,,,,,,,false,true,12,2018-04-01,2019-03-31,0
2019-01-31,83080,2019-03-31,3,,,,,,,,,,,,,,,,,,,,,,,,,,,,,,,,,2324118091,7715480,2315558867,false,false,9,2018-04-01,2018-12-31,0
2019-01-31,83080,2018-03-31,3,,,,,,,,,,,,,,,,,,,,,,,,,,,,,,,,,,,2315733617,false,false,9,2017-04-01,2017-12-31,-1
2019-04-05,83080,2019-03-31,,,,,,,,,,,,,170000000000,,73.41,,,,,,,,,,,,,,,,,,,,,,true,true,12,2018-04-01,2019-03-31,0
2019-04-05,83080,2018-03-31,,,,,,,,,,,,,236251000000,,100.51,,,,,,,,,,,,,,,,,,,,,,true,false,12,2017-04-01,2018-03-31,-1
2019-04-26,83080,2019-03-31,,,,,,,,,,2000000000,,,,,,,,,,,,,,,,,,,,,,,,,,,true,true,12,2018-04-01,2019-03-31,0
2019-04-26,83080,2018-03-31,,,,,,,,,,2177000000,,,,,,,,,,,,,,,,,,,,,,,,,,,true,false,12,2017-04-01,2018-03-31,-1
2019-05-10,83080,2019-03-31,,,,,,,,,,203018000000,-0.068,,175162000000,,75.63,75.63,0.083,0.004,,,59110075000000,2356178000000,0.036,911.17,2111030000000,324420000000,243591000000,-53636000000,14707458000000,,0.278,,,,,,true,false,12,2018-04-01,2019-03-31,0
2019-05-10,83080,2018-03-31,,,,,,,,,,217777000000,-0.038,,236251000000,,100.51,,0.118,0.004,,,50243789000000,2102936000000,0.042,900.72,2085147000000,923028000000,110518000000,-265843000000,13256798000000,,0.199,,,,,,true,false,12,2017-04-01,2018-03-31,-1
2019-05-10,83080,2020-03-31,,,,,,,,,,,,,76000000000,,32.80,,,,,,,,,,,,,,,,,,,,,,true,true,6,2019-04-01,2019-09-30,1
2019-05-10,83080,2020-03-31,,,,,,,,,,,,,160000000000,,69.06,,,,,,,,,,,,,,,,0.304,,,,,,true,true,12,2019-04-01,2020-03-31,1
2019-05-10,83080,2018-03-31,,,,,,,,,,,,,,,,,,,,,,,,,,,,,,20.00,,,,2324118091,9153062,2315491365,false,false,12,2017-04-01,2018-03-31,-1
2019-05-10,83080,2019-03-31,,,,,,,,,,,,,,,,,,,,,,,,,,,,,,21.00,,,,2324118091,7296614,2315804375,false,false,12,2018-04-01,2019-03-31,0
2019-05-10,83080,2020-03-31,,,,,,,,,,,,,,,,,,,,,,,,,,,,,,21.00,,,,,,,false,true,12,2019-04-01,2020-03-31,1
2019-07-31,83080,2020-03-31,1,,,,,,,,,50702000000,0.091,,36706000000,,15.89,15.89,,,,,58956877000000,2311584000000,0.035,,2069827000000,,,,,,,,,,,,true,false,3,2019-04-01,2019-06-30,0
2019-07-31,83080,2019-03-31,1,,,,,,,,,46479000000,-0.097,,69946000000,,30.21,30.21,,,,,,,,,,,,,,,,,,,,,true,false,3,2018-04-01,2018-06-30,-1
2019-07-31,83080,2020-03-31,1,,,,,,,,,,,,76000000000,,33.00,,,,,,,,,,,,,,,,,,,,,,true,true,6,2019-04-01,2019-09-30,0
2019-07-31,83080,2020-03-31,1,,,,,,,,,,,,160000000000,,69.48,,,,,,,,,,,,,,,,,,,,,,true,true,12,2019-04-01,2020-03-31,0
2019-07-31,83080,2019-03-31,1,,,,,,,,,,,,,,,,,,,,59110075000000,2356178000000,0.036,,2111030000000,,,,,,,,,,,,true,false,12,2018-04-01,2019-03-31,-1
2019-07-31,83080,2019-03-31,1,,,,,,,,,,,,,,,,,,,,,,,,,,,,,21.00,,,,2324118091,7296614,,false,false,12,2018-04-01,2019-03-31,-1
2019-07-31,83080,2020-03-31,1,,,,,,,,,,,,,,,,,,,,,,,,,,,,,21.00,,,,,,,false,true,12,2019-04-01,2020-03-31,0
2019-07-31,83080,2020-03-31,1,,,,,,,,,,,,,,,,,,,,,,,,,,,,,,,,,2324118091,28316376,2309810178,false,false,3,2019-04-01,2019-06-30,0
2019-07-31,83080,2019-03-31,1,,,,,,,,,,,,,,,,,,,,,,,,,,,,,,,,,,,2315095036,false,false,3,2018-04-01,2018-06-30,-1
2019-11-08,83080,2020-03-31,2,,,,,,,,,112589000000,-0.087,,76977000000,,33.42,33.42,,,,,59142300000000,2363425000000,0.036,,2116342000000,,,,,,,,,,,,true,false,6,2019-04-01,2019-09-30,0
2019-11-08,83080,2019-03-31,2,,,,,,,,,123260000000,0.079,,122137000000,,52.75,52.74,,,,,,,,,,,,,,,,,,,,,true,false,6,2018-04-01,2018-09-30,-1
2019-11-08,83080,2020-03-31,2,,,,,,,,,,,,160000000000,,69.68,,,,,,,,,,,,,,,,,,,,,,true,true,12,2019-04-01,2020-03-31,0
2019-11-08,83080,2019-03-31,2,,,,,,,,,,,,,,,,,,,,59110075000000,2356178000000,0.036,,2111030000000,,,,,,,,,,,,true,false,12,2018-04-01,2019-03-31,-1
2019-11-08,83080,2019-03-31,2,,,,,,,,,,,,,,,,,,,,,,,,,,,,,21.00,,,,2324118091,7296614,,false,false,12,2018-04-01,2019-03-31,-1
2019-11-08,83080,2020-03-31,2,,,,,,,,,,,,,,,,,,,,,,,,,,,,,10.50,,,,,,,false,false,12,2019-04-01,2020-03-31,0
2019-11-08,83080,2020-03-31,2,,,,,,,,,,,,,,,,,,,,,,,,,,,,,21.00,,,,,,,false,true,12,2019-04-01,2020-03-31,0
2019-11-08,83080,2020-03-31,2,,,,,,,,,,,,,,,,,,,,,,,,,,,,,,,,,2324118091,27832598,2302863857,false,false,6,2019-04-01,2019-09-30,0
2019-11-08,83080,2019-03-31,2,,,,,,,,,,,,,,,,,,,,,,,,,,,,,,,,,,,2315348984,false,false,6,2018-04-01,2018-09-30,-1
2020-01-31,83080,2020-03-31,3,,,,,,,,,153845000000,-0.002,,106255000000,,46.18,46.18,,,,,59718665000000,2433688000000,0.037,,2186401000000,,,,,,,,,,,,true,false,9,2019-04-01,2019-12-31,0
2020-01-31,83080,2019-03-31,3,,,,,,,,,154207000000,-0.082,,141125000000,,60.94,60.94,,,,,,,,,,,,,,,,,,,,,true,false,9,2018-04-01,2018-12-31,-1
2020-01-31,83080,2020-03-31,3,,,,,,,,,,,,160000000000,,69.68,,,,,,,,,,,,,,,,,,,,,,true,true,12,2019-04-01,2020-03-31,0
2020-01-31,83080,2019-03-31,3,,,,,,,,,,,,,,,,,,,,59110075000000,2356178000000,0.036,,2111030000000,,,,,,,,,,,,true,false,12,2018-04-01,2019-03-31,-1
2020-01-31,83080,2019-03-31,3,,,,,,,,,,,,,,,,,,,,,,,,,,,,,21.00,,,,2324118091,7296614,,false,false,12,2018-04-01,2019-03-31,-1
2020-01-31,83080,2020-03-31,3,,,,,,,,,,,,,,,,,,,,,,,,,,,,,10.50,,,,,,,false,false,12,2019-04-01,2020-03-31,0
2020-01-31,83080,2020-03-31,3,,,,,,,,,,,,,,,,,,,,,,,,,,,,,21.00,,,,,,,false,true,12,2019-04-01,2020-03-31,0
2020-01-31,83080,2020-03-31,3,,,,,,,,,,,,,,,,,,,,,,,,,,,,,,,,,2324118091,27162333,2300726905,false,false,9,2019-04-01,2019-12-31,0
2020-01-31,83080,2019-03-31,3,,,,,,,,,,,,,,,,,,,,,,,,,,,,,,,,,,,2315558867,false,false,9,2018-04-01,2018-12-31,-1
2020-04-30,83080,2020-03-31,,,,,,,,,,,,,152000000000,,66.09,,,,,,,,,,,,,,,,,,,,,,true,true,12,2019-04-01,2020-03-31,0
2020-04-30,83080,2019-03-31,,,,,,,,,,,,,175162000000,,75.63,,,,,,,,,,,,,,,,,,,,,,true,false,12,2018-04-01,2019-03-31,-1
2020-05-12,83080,2020-03-31,,,,,,,,,,214290000000,0.056,,152426000000,,66.27,66.27,0.073,0.004,,,60512454000000,2316543000000,0.034,904.60,2078335000000,974556000000,-278818000000,-167734000000,15235443000000,,0.317,,,,,,true,false,12,2019-04-01,2020-03-31,0
2020-05-12,83080,2019-03-31,,,,,,,,,,203018000000,-0.068,,175162000000,,75.63,75.63,0.083,0.004,,,59110075000000,2356178000000,0.036,911.17,2111030000000,324420000000,243591000000,-53636000000,14707458000000,,0.278,,,,,,true,false,12,2018-04-01,2019-03-31,-1
2020-05-12,83080,2021-03-31,,,,,,,,,,,,,120000000000,,52.23,,,,,,,,,,,,,,,,0.402,,,,,,true,true,12,2020-04-01,2021-03-31,1
2020-05-12,83080,2019-03-31,,,,,,,,,,,,,,,,,,,,,,,,,,,,,,21.00,,,,2324118091,7296614,2315804375,false,false,12,2018-04-01,2019-03-31,-1
2020-05-12,83080,2020-03-31,,,,,,,,,,,,,,,,,,,,,,,,,,,,,,21.00,,,,2324118091,26619119,2299835451,false,false,12,2019-04-01,2020-03-31,0
2020-05-12,83080,2021-03-31,,,,,,,,,,,,,,,,,,,,,,,,,,,,,,21.00,,,,,,,false,true,12,2020-04-01,2021-03-31,1
2020-07-31,83080,2021-03-31,1,,,,,,,,,31769000000,-0.373,,21821000000,,9.49,9.49,,,,,63541920000000,2401198000000,0.034,,2164031000000,,,,,,,,,,,,true,false,3,2020-04-01,2020-06-30,0
2020-07-31,83080,2020-03-31,1,,,,,,,,,50702000000,0.091,,36706000000,,15.89,15.89,,,,,,,,,,,,,,,,,,,,,true,false,3,2019-04-01,2019-06-30,-1
2020-07-31,83080,2021-03-31,1,,,,,,,,,,,,120000000000,,52.21,,,,,,,,,,,,,,,,,,,,,,true,true,12,2020-04-01,2021-03-31,0
2020-07-31,83080,2020-03-31,1,,,,,,,,,,,,,,,,,,,,60512454000000,2316543000000,0.034,,2078335000000,,,,,,,,,,,,true,false,12,2019-04-01,2020-03-31,-1
2020-07-31,83080,2020-03-31,1,,,,,,,,,,,,,,,,,,,,,,,,,,,,,21.00,,,,2324118091,26619119,,false,false,12,2019-04-01,2020-03-31,-1
2020-07-31,83080,2021-03-31,1,,,,,,,,,,,,,,,,,,,,,,,,,,,,,21.00,,,,,,,false,true,12,2020-04-01,2021-03-31,0
2020-07-31,83080,2021-03-31,1,,,,,,,,,,,,,,,,,,,,,,,,,,,,,,,,,2302411491,4016592,2297754588,false,false,3,2020-04-01,2020-06-30,0
2020-07-31,83080,2020-03-31,1,,,,,,,,,,,,,,,,,,,,,,,,,,,,,,,,,,,2309810178,false,false,3,2019-04-01,2019-06-30,-1
2020-11-10,83080,2021-03-31,2,,,,,,,,,84488000000,-0.250,,56395000000,,24.54,24.54,,,,,69329953000000,2471558000000,0.032,,2228942000000,,,,,,,,,,,,true,false,6,2020-04-01,2020-09-30,0
2020-11-10,83080,2020-03-31,2,,,,,,,,,112589000000,-0.087,,76977000000,,33.42,33.42,,,,,,,,,,,,,,,,,,,,,true,false,6,2019-04-01,2019-09-30,-1
2020-11-10,83080,2021-03-31,2,,,,,,,,,,,,120000000000,,52.27,,,,,,,,,,,,,,,,,,,,,,true,true,12,2020-04-01,2021-03-31,0
2020-11-10,83080,2020-03-31,2,,,,,,,,,,,,,,,,,,,,60512454000000,2316543000000,0.034,,2078335000000,,,,,,,,,,,,true,false,12,2019-04-01,2020-03-31,-1
2020-11-10,83080,2020-03-31,2,,,,,,,,,,,,,,,,,,,,,,,,,,,,,21.00,,,,2324118091,26619119,,false,false,12,2019-04-01,2020-03-31,-1
2020-11-10,83080,2021-03-31,2,,,,,,,,,,,,,,,,,,,,,,,,,,,,,10.50,,,,,,,false,false,12,2020-04-01,2021-03-31,0
2020-11-10,83080,2021-03-31,2,,,,,,,,,,,,,,,,,,,,,,,,,,,,,21.00,,,,,,,false,true,12,2020-04-01,2021-03-31,0
2020-11-10,83080,2021-03-31,2,,,,,,,,,,,,,,,,,,,,,,,,,,,,,,,,,2302829191,7249204,2297365790,false,false,6,2020-04-01,2020-09-30,0
2020-11-10,83080,2020-03-31,2,,,,,,,,,,,,,,,,,,,,,,,,,,,,,,,,,,,2302863857,false,false,6,2019-04-01,2019-09-30,-1
2021-01-29,83080,2021-03-31,3,,,,,,,,,146872000000,-0.045,,97160000000,,42.30,42.29,,,,,70465109000000,2493283000000,0.033,,2292655000000,,,,,,,,,,,,true,false,9,2020-04-01,2020-12-31,0
2021-01-29,83080,2020-03-31,3,,,,,,,,,153845000000,-0.002,,106255000000,,46.18,46.18,,,,,,,,,,,,,,,,,,,,,true,false,9,2019-04-01,2019-12-31,-1
2021-01-29,83080,2021-03-31,3,,,,,,,,,,,,120000000000,,52.25,,,,,,,,,,,,,,,,,,,,,,true,true,12,2020-04-01,2021-03-31,0
2021-01-29,83080,2020-03-31,3,,,,,,,,,,,,,,,,,,,,60512454000000,2316543000000,0.034,,2078335000000,,,,,,,,,,,,true,false,12,2019-04-01,2020-03-31,-1
2021-01-29,83080,2020-03-31,3,,,,,,,,,,,,,,,,,,,,,,,,,,,,,21.00,,,,2324118091,26619119,,false,false,12,2019-04-01,2020-03-31,-1
2021-01-29,83080,2021-03-31,3,,,,,,,,,,,,,,,,,,,,,,,,,,,,,10.50,,,,,,,false,false,12,2020-04-01,2021-03-31,0
2021-01-29,83080,2021-03-31,3,,,,,,,,,,,,,,,,,,,,,,,,,,,,,21.00,,,,,,,false,true,12,2020-04-01,2021-03-31,0
2021-01-29,83080,2021-03-31,3,,,,,,,,,,,,,,,,,,,,,,,,,,,,,,,,,2302829191,6326339,2296847504,false,false,9,2020-04-01,2020-12-31,0
2021-01-29,83080,2020-03-31,3,,,,,,,,,,,,,,,,,,,,,,,,,,,,,,,,,,,2300726905,false,false,9,2019-04-01,2019-12-31,-1
2021-05-11,83080,2021-03-31,,,,,,,,,,190960000000,-0.109,,124481000000,,54.19,54.19,0.057,0.003,,,73697682000000,2519645000000,0.031,1008.82,2317265000000,11394771000000,-1390998000000,-114365000000,25124886000000,,0.388,,,,,,true,false,12,2020-04-01,2021-03-31,0
2021-05-11,83080,2020-03-31,,,,,,,,,,214290000000,0.056,,152426000000,,66.27,66.27,0.073,0.004,,,60512454000000,2316543000000,0.034,904.60,2078335000000,974556000000,-278818000000,-167734000000,15235443000000,,0.317,,,,,,true,false,12,2019-04-01,2020-03-31,-1
2021-05-11,83080,2022-03-31,,,,,,,,,,,,,145000000000,,63.13,,,,,,,,,,,,,,,,0.333,,,,,,true,true,12,2021-04-01,2022-03-31,1
2021-05-11,83080,2020-03-31,,,,,,,,,,,,,,,,,,,,,,,,,,,,,,21.00,,,,2324118091,26619119,2299835451,false,false,12,2019-04-01,2020-03-31,-1
2021-05-11,83080,2021-03-31,,,,,,,,,,,,,,,,,,,,,,,,,,,,,,21.00,,,,2302829191,5837458,2296812728,false,false,12,2020-04-01,2021-03-31,0
2021-05-11,83080,2022-03-31,,,,,,,,,,,,,,,,,,,,,,,,,,,,,,21.00,,,,,,,false,true,12,2021-04-01,2022-03-31,1
2021-07-30,83080,2022-03-31,1,,,,,,,,,49201000000,0.549,,34230000000,,13.88,13.88,,,,,74690817000000,2520603000000,0.034,,2502902000000,,,,,,,,,,,,true,false,3,2021-04-01,2021-06-30,0
2021-07-30,83080,2021-03-31,1,,,,,,,,,31769000000,-0.373,,21821000000,,9.49,9.49,,,,,,,,,,,,,,,,,,,,,true,false,3,2020-04-01,2020-06-30,-1
2021-07-30,83080,2022-03-31,1,,,,,,,,,,,,145000000000,,59.66,,,,,,,,,,,,,,,,,,,,,,true,true,12,2021-04-01,2022-03-31,0
2021-07-30,83080,2021-03-31,1,,,,,,,,,,,,,,,,,,,,73697682000000,2519645000000,0.031,,2317265000000,,,,,,,,,,,,true,false,12,2020-04-01,2021-03-31,-1
2021-07-30,83080,2021-03-31,1,,,,,,,,,,,,,,,,,,,,,,,,,,,,,21.00,,,,2302829191,5837458,,false,false,12,2020-04-01,2021-03-31,-1
2021-07-30,83080,2022-03-31,1,,,,,,,,,,,,,,,,,,,,,,,,,,,,,21.00,,,,,,,false,true,12,2021-04-01,2022-03-31,0
2021-07-30,83080,2022-03-31,1,,,,,,,,,,,,,,,,,,,,,,,,,,,,,,,,,2512049555,93082452,2464922530,false,false,3,2021-04-01,2021-06-30,0
2021-07-30,83080,2021-03-31,1,,,,,,,,,,,,,,,,,,,,,,,,,,,,,,,,,,,2297754588,false,false,3,2020-04-01,2020-06-30,-1
2021-11-09,83080,2022-03-31,2,,,,,,,,,117598000000,0.392,,80837000000,,33.10,33.09,,,,,75309781000000,2572918000000,0.034,,2555852000000,,,,,,,,,,,,true,false,6,2021-04-01,2021-09-30,0
2021-11-09,83080,2021-03-31,2,,,,,,,,,84488000000,-0.250,,56395000000,,24.54,24.54,,,,,,,,,,,,,,,,,,,,,true,false,6,2020-04-01,2020-09-30,-1
2021-11-09,83080,2022-03-31,2,,,,,,,,,,,,145000000000,,59.66,,,,,,,,,,,,,,,,,,,,,,true,true,12,2021-04-01,2022-03-31,0
2021-11-09,83080,2021-03-31,2,,,,,,,,,,,,,,,,,,,,73697682000000,2519645000000,0.031,,2317265000000,,,,,,,,,,,,true,false,12,2020-04-01,2021-03-31,-1
2021-11-09,83080,2021-03-31,2,,,,,,,,,,,,,,,,,,,,,,,,,,,,,21.00,,,,2302829191,5837458,,false,false,12,2020-04-01,2021-03-31,-1
2021-11-09,83080,2022-03-31,2,,,,,,,,,,,,,,,,,,,,,,,,,,,,,10.50,,,,,,,false,false,12,2021-04-01,2022-03-31,0
2021-11-09,83080,2022-03-31,2,,,,,,,,,,,,,,,,,,,,,,,,,,,,,21.00,,,,,,,false,true,12,2021-04-01,2022-03-31,0
2021-11-09,83080,2022-03-31,2,,,,,,,,,,,,,,,,,,,,,,,,,,,,,,,,,2424042866,4764664,2441911879,false,false,6,2021-04-01,2021-09-30,0
2021-11-09,83080,2021-03-31,2,,,,,,,,,,,,,,,,,,,,,,,,,,,,,,,,,,,2297365790,false,false,6,2020-04-01,2020-09-30,-1
2022-01-31,83080,2022-03-31,3,,,,,,,,,180723000000,0.230,,126549000000,,52.04,52.03,,,,,76257801000000,2532252000000,0.033,,2515555000000,,,,,,,,,,,,true,false,9,2021-04-01,2021-12-31,0
2022-01-31,83080,2021-03-31,3,,,,,,,,,146872000000,-0.045,,97160000000,,42.30,42.29,,,,,,,,,,,,,,,,,,,,,true,false,9,2020-04-01,2020-12-31,-1
2022-01-31,83080,2022-03-31,3,,,,,,,,,,,,145000000000,,59.84,,,,,,,,,,,,,,,,,,,,,,true,true,12,2021-04-01,2022-03-31,0
2022-01-31,83080,2021-03-31,3,,,,,,,,,,,,,,,,,,,,73697682000000,2519645000000,0.031,,2317265000000,,,,,,,,,,,,true,false,12,2020-04-01,2021-03-31,-1
2022-01-31,83080,2021-03-31,3,,,,,,,,,,,,,,,,,,,,,,,,,,,,,21.00,,,,2302829191,5837458,,false,false,12,2020-04-01,2021-03-31,-1
2022-01-31,83080,2022-03-31,3,,,,,,,,,,,,,,,,,,,,,,,,,,,,,10.50,,,,,,,false,false,12,2021-04-01,2022-03-31,0
2022-01-31,83080,2022-03-31,3,,,,,,,,,,,,,,,,,,,,,,,,,,,,,21.00,,,,,,,false,true,12,2021-04-01,2022-03-31,0
2022-01-31,83080,2022-03-31,3,,,,,,,,,,,,,,,,,,,,,,,,,,,,,,,,,2424042866,27786962,2431656262,false,false,9,2021-04-01,2021-12-31,0
2022-01-31,83080,2021-03-31,3,,,,,,,,,,,,,,,,,,,,,,,,,,,,,,,,,,,2296847504,false,false,9,2020-04-01,2020-12-31,-1
2022-04-28,83080,2022-03-31,,,,,,,,,,,,,1090000000,,45.02,,,,,,,,,,,,,,,,,,,,,,true,true,12,2021-04-01,2022-03-31,0
2022-04-28,83080,2021-03-31,,,,,,,,,,,,,1244000000,,54.19,,,,,,,,,,,,,,,,,,,,,,true,false,12,2020-04-01,2021-03-31,-1
2022-05-12,83080,2022-03-31,,,,,,,,,,158775000000,-0.169,,109974000000,,45.42,45.41,0.046,0.002,,,78155071000000,2459023000000,0.031,1025.01,2442188000000,3890942000000,-925984000000,-170307000000,27919539000000,,0.462,,,,,,true,false,12,2021-04-01,2022-03-31,0
2022-05-12,83080,2021-03-31,,,,,,,,,,190960000000,-0.109,,124481000000,,54.19,54.19,0.057,0.003,,,73697682000000,2519645000000,0.031,1008.82,2317265000000,11394771000000,-1390998000000,-114365000000,25124886000000,,0.388,,,,,,true,false,12,2020-04-01,2021-03-31,-1
2022-05-12,83080,2023-03-31,,,,,,,,,,,,,150000000000,,62.96,,,,,,,,,,,,,,,,0.334,,,,,,true,true,12,2022-04-01,2023-03-31,1
2022-05-12,83080,2021-03-31,,,,,,,,,,,,,,,,,,,,,,,,,,,,,,21.00,,,,2302829191,5837458,2296812728,false,false,12,2020-04-01,2021-03-31,-1
2022-05-12,83080,2022-03-31,,,,,,,,,,,,,,,,,,,,,,,,,,,,,,21.00,,,,2400980366,18392224,2421048204,false,false,12,2021-04-01,2022-03-31,0
2022-05-12,83080,2023-03-31,,,,,,,,,,,,,,,,,,,,,,,,,,,,,,21.00,,,,,,,false,true,12,2022-04-01,2023-03-31,1
2022-07-29,83080,2023-03-31,1,,,,,,,,,46584000000,-0.053,,33910000000,,14.23,14.22,,,,,78636777000000,2414075000000,0.030,,2397695000000,,,,,,,,,,,,true,false,3,2022-04-01,2022-06-30,0
2022-07-29,83080,2022-03-31,1,,,,,,,,,49201000000,0.549,,34230000000,,13.88,13.88,,,,,,,,,,,,,,,,,,,,,true,false,3,2021-04-01,2021-06-30,-1
2022-07-29,83080,2023-03-31,1,,,,,,,,,,,,150000000000,,62.94,,,,,,,,,,,,,,,,,,,,,,true,true,12,2022-04-01,2023-03-31,0
2022-07-29,83080,2022-03-31,1,,,,,,,,,,,,,,,,,,,,78155071000000,2459023000000,0.031,,2442188000000,,,,,,,,,,,,true,false,12,2021-04-01,2022-03-31,-1
2022-07-29,83080,2022-03-31,1,,,,,,,,,,,,,,,,,,,,,,,,,,,,,21.00,,,,2400980366,18392224,,false,false,12,2021-04-01,2022-03-31,-1
2022-07-29,83080,2023-03-31,1,,,,,,,,,,,,,,,,,,,,,,,,,,,,,21.00,,,,,,,false,true,12,2022-04-01,2023-03-31,0
2022-07-29,83080,2023-03-31,1,,,,,,,,,,,,,,,,,,,,,,,,,,,,,,,,,2400980366,17580707,2382770354,false,false,3,2022-04-01,2022-06-30,0
2022-07-29,83080,2022-03-31,1,,,,,,,,,,,,,,,,,,,,,,,,,,,,,,,,,,,2464922530,false,false,3,2021-04-01,2021-06-30,-1
2022-11-11,83080,2023-03-31,2,,,,,,,,,115801000000,-0.015,,82677000000,,34.69,34.68,,,,,72182378000000,2444269000000,0.034,,2425935000000,,,,,,,,,,,,true,false,6,2022-04-01,2022-09-30,0
2022-11-11,83080,2022-03-31,2,,,,,,,,,117598000000,0.392,,80837000000,,33.10,33.09,,,,,,,,,,,,,,,,,,,,,true,false,6,2021-04-01,2021-09-30,-1
2022-11-11,83080,2023-03-31,2,,,,,,,,,,,,150000000000,,62.93,,,,,,,,,,,,,,,,,,,,,,true,true,12,2022-04-01,2023-03-31,0
2022-11-11,83080,2022-03-31,2,,,,,,,,,,,,,,,,,,,,78155071000000,2459023000000,0.031,,2442188000000,,,,,,,,,,,,true,false,12,2021-04-01,2022-03-31,-1
2022-11-11,83080,2022-03-31,2,,,,,,,,,,,,,,,,,,,,,,,,,,,,,21.00,,,,2400980366,18392224,,false,false,12,2021-04-01,2022-03-31,-1
2022-11-11,83080,2023-03-31,2,,,,,,,,,,,,,,,,,,,,,,,,,,,,,10.50,,,,,,,false,false,12,2022-04-01,2023-03-31,0
2022-11-11,83080,2023-03-31,2,,,,,,,,,,,,,,,,,,,,,,,,,,,,,21.00,,,,,,,false,true,12,2022-04-01,2023-03-31,0
2022-11-11,83080,2023-03-31,2,,,,,,,,,,,,,,,,,,,,,,,,,,,,,,,,,2400980366,17071455,2383193707,false,false,6,2022-04-01,2022-09-30,0
2022-11-11,83080,2022-03-31,2,,,,,,,,,,,,,,,,,,,,,,,,,,,,,,,,,,,2441911879,false,false,6,2021-04-01,2021-09-30,-1
2023-01-31,83080,2023-03-31,3,,,,,,,,,174421000000,-0.035,,123734000000,,51.96,51.95,,,,,73465925000000,2434292000000,0.033,,2412636000000,,,,,,,,,,,,true,false,9,2022-04-01,2022-12-31,0
2023-01-31,83080,2022-03-31,3,,,,,,,,,180723000000,0.230,,126549000000,,52.04,52.03,,,,,,,,,,,,,,,,,,,,,true,false,9,2021-04-01,2021-12-31,-1
2023-01-31,83080,2023-03-31,3,,,,,,,,,,,,150000000000,,63.13,,,,,,,,,,,,,,,,,,,,,,true,true,12,2022-04-01,2023-03-31,0
2023-01-31,83080,2022-03-31,3,,,,,,,,,,,,,,,,,,,,78155071000000,2459023000000,0.031,,2442188000000,,,,,,,,,,,,true,false,12,2021-04-01,2022-03-31,-1
2023-01-31,83080,2022-03-31,3,,,,,,,,,,,,,,,,,,,,,,,,,,,,,21.00,,,,2400980366,18392224,,false,false,12,2021-04-01,2022-03-31,-1
2023-01-31,83080,2023-03-31,3,,,,,,,,,,,,,,,,,,,,,,,,,,,,,10.50,,,,,,,false,false,12,2022-04-01,2023-03-31,0
2023-01-31,83080,2023-03-31,3,,,,,,,,,,,,,,,,,,,,,,,,,,,,,21.00,,,,,,,false,true,12,2022-04-01,2023-03-31,0
2023-01-31,83080,2023-03-31,3,,,,,,,,,,,,,,,,,,,,,,,,,,,,,,,,,2400980366,39723685,2381030653,false,false,9,2022-04-01,2022-12-31,0
2023-01-31,83080,2022-03-31,3,,,,,,,,,,,,,,,,,,,,,,,,,,,,,,,,,,,2431656262,false,false,9,2021-04-01,2021-12-31,-1
2023-05-12,83080,2023-03-31,,,,,,,,,,227690000000,0.434,,160400000000,,67.49,67.48,0.065,0.003,,,74812710000000,2534052000000,0.034,1065.31,2515883000000,-5207582000000,-390365000000,-64034000000,22257558000000,,0.311,,,,,,true,false,12,2022-04-01,2023-03-31,0
2023-05-12,83080,2022-03-31,,,,,,,,,,158775000000,-0.169,,109974000000,,45.42,45.41,0.046,0.002,,,78155071000000,2459023000000,0.031,1025.01,2442188000000,3890942000000,-925984000000,-170307000000,27919539000000,,0.462,,,,,,true,false,12,2021-04-01,2022-03-31,-1
2023-05-12,83080,2024-03-31,,,,,,,,,,,,,150000000000,,63.52,,,,,,,,,,,,,,,,0.346,,,,,,true,true,12,2023-04-01,2024-03-31,1
2023-05-12,83080,2022-03-31,,,,,,,,,,,,,,,,,,,,,,,,,,,,,,21.00,,,,2400980366,18392224,2421048204,false,false,12,2021-04-01,2022-03-31,-1
2023-05-12,83080,2023-03-31,,,,,,,,,,,,,,,,,,,,,,,,,,,,,,21.00,,,,2377665966,16030166,2376370335,false,false,12,2022-04-01,2023-03-31,0
2023-05-12,83080,2024-03-31,,,,,,,,,,,,,,,,,,,,,,,,,,,,,,22.00,,,,,,,false,true,12,2023-04-01,2024-03-31,1
2023-07-31,83080,2024-03-31,1,,,,,,,,,46822000000,0.005,,35406000000,,15.01,15.01,,,,,73593177000000,2610920000000,0.035,,2593055000000,,,,,,,,,,,,true,false,3,2023-04-01,2023-06-30,0
2023-07-31,83080,2023-03-31,1,,,,,,,,,46584000000,-0.053,,33910000000,,14.23,14.22,,,,,,,,,,,,,,,,,,,,,true,false,3,2022-04-01,2022-06-30,-1
2023-07-31,83080,2024-03-31,1,,,,,,,,,,,,150000000000,,63.82,,,,,,,,,,,,,,,,,,,,,,true,true,12,2023-04-01,2024-03-31,0
2023-07-31,83080,2023-03-31,1,,,,,,,,,,,,,,,,,,,,74812710000000,2534052000000,0.034,,2515883000000,,,,,,,,,,,,true,false,12,2022-04-01,2023-03-31,-1
2023-07-31,83080,2023-03-31,1,,,,,,,,,,,,,,,,,,,,,,,,,,,,,21.00,,,,2377665966,16030166,,false,false,12,2022-04-01,2023-03-31,-1
2023-07-31,83080,2024-03-31,1,,,,,,,,,,,,,,,,,,,,,,,,,,,,,22.00,,,,,,,false,true,12,2023-04-01,2024-03-31,0
2023-07-31,83080,2024-03-31,1,,,,,,,,,,,,,,,,,,,,,,,,,,,,,,,,,2377665966,29819093,2357341023,false,false,3,2023-04-01,2023-06-30,0
2023-07-31,83080,2023-03-31,1,,,,,,,,,,,,,,,,,,,,,,,,,,,,,,,,,,,2382770354,false,false,3,2022-04-01,2022-06-30,-1
2023-11-10,83080,2024-03-31,2,,,,,,,,,114481000000,-0.011,,82509000000,,35.06,35.06,,,,,73392313000000,2609487000000,0.035,,2588753000000,,,,,,,,,,,,true,false,6,2023-04-01,2023-09-30,0
2023-11-10,83080,2023-03-31,2,,,,,,,,,115801000000,-0.015,,82677000000,,34.69,34.68,,,,,,,,,,,,,,,,,,,,,true,false,6,2022-04-01,2022-09-30,-1
2023-11-10,83080,2024-03-31,2,,,,,,,,,,,,150000000000,,63.82,,,,,,,,,,,,,,,,,,,,,,true,true,12,2023-04-01,2024-03-31,0
2023-11-10,83080,2023-03-31,2,,,,,,,,,,,,,,,,,,,,74812710000000,2534052000000,0.034,,2515883000000,,,,,,,,,,,,true,false,12,2022-04-01,2023-03-31,-1
2023-11-10,83080,2023-03-31,2,,,,,,,,,,,,,,,,,,,,,,,,,,,,,21.00,,,,2377665966,16030166,,false,false,12,2022-04-01,2023-03-31,-1
2023-11-10,83080,2024-03-31,2,,,,,,,,,,,,,,,,,,,,,,,,,,,,,11.00,,,,,,,false,false,12,2023-04-01,2024-03-31,0
2023-11-10,83080,2024-03-31,2,,,,,,,,,,,,,,,,,,,,,,,,,,,,,22.00,,,,,,,false,true,12,2023-04-01,2024-03-31,0
2023-11-10,83080,2024-03-31,2,,,,,,,,,,,,,,,,,,,,,,,,,,,,,,,,,2362314666,14238816,2352869600,false,false,6,2023-04-01,2023-09-30,0
2023-11-10,83080,2023-03-31,2,,,,,,,,,,,,,,,,,,,,,,,,,,,,,,,,,,,2383193707,false,false,6,2022-04-01,2022-09-30,-1
2024-01-31,83080,2024-03-31,3,,,,,,,,,159342000000,-0.086,,114125000000,,48.58,48.57,,,,,74134556000000,2653484000000,0.036,,2632550000000,,,,,,,,,,,,true,false,9,2023-04-01,2023-12-31,0
2024-01-31,83080,2023-03-31,3,,,,,,,,,174421000000,-0.035,,123734000000,,51.96,51.95,,,,,,,,,,,,,,,,,,,,,true,false,9,2022-04-01,2022-12-31,-1
2024-01-31,83080,2024-03-31,3,,,,,,,,,,,,150000000000,,63.99,,,,,,,,,,,,,,,,,,,,,,true,true,12,2023-04-01,2024-03-31,0
2024-01-31,83080,2023-03-31,3,,,,,,,,,,,,,,,,,,,,74812710000000,2534052000000,0.034,,2515883000000,,,,,,,,,,,,true,false,12,2022-04-01,2023-03-31,-1
2024-01-31,83080,2023-03-31,3,,,,,,,,,,,,,,,,,,,,,,,,,,,,,21.00,,,,2377665966,16030166,,false,false,12,2022-04-01,2023-03-31,-1
2024-01-31,83080,2024-03-31,3,,,,,,,,,,,,,,,,,,,,,,,,,,,,,11.00,,,,,,,false,false,12,2023-04-01,2024-03-31,0
2024-01-31,83080,2024-03-31,3,,,,,,,,,,,,,,,,,,,,,,,,,,,,,22.00,,,,,,,false,true,12,2023-04-01,2024-03-31,0
2024-01-31,83080,2024-03-31,3,,,,,,,,,,,,,,,,,,,,,,,,,,,,,,,,,2362314666,32895276,2349174551,false,false,9,2023-04-01,2023-12-31,0
2024-01-31,83080,2023-03-31,3,,,,,,,,,,,,,,,,,,,,,,,,,,,,,,,,,,,2381030653,false,false,9,2022-04-01,2022-12-31,-1
2024-05-14,83080,2024-03-31,,,,,,,,,,222962000000,-0.021,,158930000000,,67.78,67.77,0.060,0.003,,,76150887000000,2778173000000,0.036,1184.76,2760343000000,-733790000000,-711473000000,-74964000000,20738072000000,,0.325,,,,,,true,false,12,2023-04-01,2024-03-31,0
2024-05-14,83080,2023-03-31,,,,,,,,,,227690000000,0.434,,160400000000,,67.49,67.48,0.065,0.003,,,74812710000000,2534052000000,0.034,1065.31,2515883000000,-5207582000000,-390365000000,-64034000000,22257558000000,,0.311,,,,,,true,false,12,2022-04-01,2023-03-31,-1
2024-05-14,83080,2025-03-31,,,,,,,,,,,,,165000000000,,70.82,,,,,,,,,,,,,,,,0.325,,,,,,true,true,12,2024-04-01,2025-03-31,1
2024-05-14,83080,2023-03-31,,,,,,,,,,,,,,,,,,,,,,,,,,,,,,21.00,,,,2377665966,16030166,2376370335,false,false,12,2022-04-01,2023-03-31,-1
2024-05-14,83080,2024-03-31,,,,,,,,,,,,,,,,,,,,,,,,,,,,,,22.00,,,,2342989566,13119982,2344557207,false,false,12,2023-04-01,2024-03-31,0
2024-05-14,83080,2025-03-31,,,,,,,,,,,,,,,,,,,,,,,,,,,,,,23.00,,,,,,,false,true,12,2024-04-01,2025-03-31,1
2024-07-31,83080,2025-03-31,1,,,,,,,,,77038000000,0.645,,55377000000,,23.83,23.83,,,,,76611283000000,2739836000000,0.035,,2718577000000,,,,,,,,,,,,true,false,3,2024-04-01,2024-06-30,0
2024-07-31,83080,2024-03-31,1,,,,,,,,,46822000000,0.005,,35406000000,,15.01,15.01,,,,,,,,,,,,,,,,,,,,,true,false,3,2023-04-01,2023-06-30,-1
2024-07-31,83080,2025-03-31,1,,,,,,,,,,,,165000000000,,71.11,,,,,,,,,,,,,,,,,,,,,,true,true,12,2024-04-01,2025-03-31,0
2024-07-31,83080,2024-03-31,1,,,,,,,,,,,,,,,,,,,,76150887000000,2778173000000,0.036,,2760343000000,,,,,,,,,,,,true,false,12,2023-04-01,2024-03-31,-1
2024-07-31,83080,2024-03-31,1,,,,,,,,,,,,,,,,,,,,,,,,,,,,,22.00,,,,2342989566,13119982,,false,false,12,2023-04-01,2024-03-31,-1
2024-07-31,83080,2025-03-31,1,,,,,,,,,,,,,,,,,,,,,,,,,,,,,23.00,,,,,,,false,true,12,2024-04-01,2025-03-31,0
2024-07-31,83080,2025-03-31,1,,,,,,,,,,,,,,,,,,,,,,,,,,,,,,,,,2342989566,32149687,2323180729,false,false,3,2024-04-01,2024-06-30,0
2024-07-31,83080,2024-03-31,1,,,,,,,,,,,,,,,,,,,,,,,,,,,,,,,,,,,2357341023,false,false,3,2023-04-01,2023-06-30,-1
2024-11-12,83080,2025-03-31,2,,,,,,,,,161486000000,0.411,,114244000000,,49.30,49.30,,,,,75009960000000,2796345000000,0.037,,2773404000000,,,,,,,,,,,,true,false,6,2024-04-01,2024-09-30,0
2024-11-12,83080,2024-03-31,2,,,,,,,,,114481000000,-0.011,,82509000000,,35.06,35.06,,,,,,,,,,,,,,,,,,,,,true,false,6,2023-04-01,2023-09-30,-1
2024-11-12,83080,2025-03-31,2,,,,,,,,,,,,175000000000,,75.62,,,,,,,,,,,,,,,,,,,,,,true,true,12,2024-04-01,2025-03-31,0
2024-11-12,83080,2024-03-31,2,,,,,,,,,,,,,,,,,,,,76150887000000,2778173000000,0.036,,2760343000000,,,,,,,,,,,,true,false,12,2023-04-01,2024-03-31,-1
2024-11-12,83080,2024-03-31,2,,,,,,,,,,,,,,,,,,,,,,,,,,,,,22.00,,,,2342989566,13119982,,false,false,12,2023-04-01,2024-03-31,-1
2024-11-12,83080,2025-03-31,2,,,,,,,,,,,,,,,,,,,,,,,,,,,,,11.50,,,,,,,false,false,12,2024-04-01,2025-03-31,0
2024-11-12,83080,2025-03-31,2,,,,,,,,,,,,,,,,,,,,,,,,,,,,,23.00,,,,,,,false,true,12,2024-04-01,2025-03-31,0
2024-11-12,83080,2025-03-31,2,,,,,,,,,,,,,,,,,,,,,,,,,,,,,,,,,2323409766,12213242,2317050557,false,false,6,2024-04-01,2024-09-30,0
2024-11-12,83080,2024-03-31,2,,,,,,,,,,,,,,,,,,,,,,,,,,,,,,,,,,,2352869600,false,false,6,2023-04-01,2023-09-30,-1
2025-01-31,83080,2025-03-31,3,,,,,,,,,237543000000,0.491,,169181000000,,73.15,73.14,,,,,77215257000000,2765738000000,0.036,,2743991000000,,,,,,,,,,,,true,false,9,2024-04-01,2024-12-31,0
2025-01-31,83080,2024-03-31,3,,,,,,,,,159342000000,-0.086,,114125000000,,48.58,48.57,,,,,,,,,,,,,,,,,,,,,true,false,9,2023-04-01,2023-12-31,-1
2025-01-31,83080,2025-03-31,3,,,,,,,,,,,,175000000000,,75.81,,,,,,,,,,,,,,,,,,,,,,true,true,12,2024-04-01,2025-03-31,0
2025-01-31,83080,2024-03-31,3,,,,,,,,,,,,,,,,,,,,76150887000000,2778173000000,0.036,,2760343000000,,,,,,,,,,,,true,false,12,2023-04-01,2024-03-31,-1
2025-01-31,83080,2024-03-31,3,,,,,,,,,,,,,,,,,,,,,,,,,,,,,22.00,,,,2342989566,13119982,,false,false,12,2023-04-01,2024-03-31,-1
2025-01-31,83080,2025-03-31,3,,,,,,,,,,,,,,,,,,,,,,,,,,,,,11.50,,,,,,,false,false,12,2024-04-01,2025-03-31,0
2025-01-31,83080,2025-03-31,3,,,,,,,,,,,,,,,,,,,,,,,,,,,,,23.00,,,,,,,false,true,12,2024-04-01,2025-03-31,0
2025-01-31,83080,2025-03-31,3,,,,,,,,,,,,,,,,,,,,,,,,,,,,,,,,,2323409766,27954270,2312785027,false,false,9,2024-04-01,2024-12-31,0
2025-01-31,83080,2024-03-31,3,,,,,,,,,,,,,,,,,,,,,,,,,,,,,,,,,,,2349174551,false,false,9,2023-04-01,2023-12-31,-1
2025-04-30,83080,2025-03-31,,,,,,,,,,,,,210000000000,,,,,,,,,,,,,,,,,,,,,,,,true,true,12,2024-04-01,2025-03-31,0
2025-05-13,83080,2025-03-31,,,,,,,,,,292160000000,0.310,,213324000000,,92.40,92.39,0.078,0.004,,,77370816000000,2752815000000,0.035,1188.70,2729157000000,-293370000000,-1045466000000,-88998000000,19316880000000,,0.271,,,,,,true,false,12,2024-04-01,2025-03-31,0
2025-05-13,83080,2024-03-31,,,,,,,,,,222962000000,-0.021,,158930000000,,67.78,67.77,0.060,0.003,,,76150887000000,2778173000000,0.036,1184.76,2760343000000,-733790000000,-711473000000,-74964000000,20738072000000,,0.325,,,,,,true,false,12,2023-04-01,2024-03-31,-1
2025-05-13,83080,2026-03-31,,,,,,,,,,,,,240000000000,,104.53,,,,,,,,,,,,,,,,0.277,,,,,,true,true,12,2025-04-01,2026-03-31,1
2025-05-13,83080,2024-03-31,,,,,,,,,,,,,,,,,,,,,,,,,,,,,,22.00,,,,2342989566,13119982,2344557207,false,false,12,2023-04-01,2024-03-31,-1
2025-05-13,83080,2025-03-31,,,,,,,,,,,,,,,,,,,,,,,,,,,,,,25.00,,,,2307136666,11233569,2308544889,false,false,12,2024-04-01,2025-03-31,0
2025-05-13,83080,2026-03-31,,,,,,,,,,,,,,,,,,,,,,,,,,,,,,29.00,,,,,,,false,true,12,2025-04-01,2026-03-31,1
2025-07-31,83080,2026-03-31,1,,,,,,,,,97401000000,0.264,,70530000000,,30.77,30.76,,,,,76790622000000,2815434000000,0.036,,2793015000000,,,,,,,,,,,,true,false,3,2025-04-01,2025-06-30,0
2025-07-31,83080,2025-03-31,1,,,,,,,,,77038000000,0.645,,55377000000,,23.83,23.83,,,,,,,,,,,,,,,,,,,,,true,false,3,2024-04-01,2024-06-30,-1
2025-07-31,83080,2026-03-31,1,,,,,,,,,,,,240000000000,,105.03,,,,,,,,,,,,,,,,,,,,,,true,true,12,2025-04-01,2026-03-31,0
2025-07-31,83080,2025-03-31,1,,,,,,,,,,,,,,,,,,,,77370816000000,2752815000000,0.035,,2729157000000,,,,,,,,,,,,true,false,12,2024-04-01,2025-03-31,-1
2025-07-31,83080,2025-03-31,1,,,,,,,,,,,,,,,,,,,,,,,,,,,,,25.00,,,,2307136666,11233569,,false,false,12,2024-04-01,2025-03-31,-1
2025-07-31,83080,2026-03-31,1,,,,,,,,,,,,,,,,,,,,,,,,,,,,,29.00,,,,,,,false,true,12,2025-04-01,2026-03-31,0
2025-07-31,83080,2026-03-31,1,,,,,,,,,,,,,,,,,,,,,,,,,,,,,,,,,2307136666,24321077,2292154174,false,false,3,2025-04-01,2025-06-30,0
2025-07-31,83080,2025-03-31,1,,,,,,,,,,,,,,,,,,,,,,,,,,,,,,,,,,,2323180729,false,false,3,2024-04-01,2024-06-30,-1
