filing_date,code,fiscal_year_end,quarterly_period,net_sales,net_sales_change,revenue,revenue_change,operating_revenue,operating_revenue_change,operating_profit,operating_profit_change,ordinary_profit,ordinary_profit_change,net_income,net_income_of_parent,net_income_change,eps,diluted_eps,roe,roa,operating_profit_to_net_sales,operating_profit_to_revenue,total_assets,net_assets,equity_ratio,bps,owner_equity,operating_cash_flow,investing_cash_flow,financing_cash_flow,cash,dividend_per_share,payout_ratio,commemorative_dividend,extra_dividend,number_of_shares,number_of_treqsury_shares,avg_number_of_shares,is_consolidated,is_forecast,duration,period_start,period_end,period_pos
2015-05-13,83090,2015-03-31,,,,,,59918000000,0.735,57550000000,0.829,51168000000,1.059,51173000000,,1.095,12.54,12.54,,,,,1654043000000,1503048000000,0.909,389.02,1502802000000,,,,,12.00,,,,3903486408,40446221,3896562260,false,false,12,2014-04-01,2015-03-31,0
2015-05-13,83090,2014-03-31,,,,,,34530000000,-0.398,31467000000,-0.408,24856000000,-0.461,24431000000,,-0.470,5.13,5.13,,,,,1755995000000,1622731000000,0.924,387.32,1622684000000,,,,,10.00,,,,3903486408,1359952,3858217427,false,false,12,2013-04-01,2014-03-31,-1
2015-05-13,83090,2015-03-31,,,,,,,,,,292483000000,0.134,159665000000,,0.160,40.38,40.38,0.072,0.007,,,46235949000000,2716973000000,0.052,618.63,2389824000000,1349631000000,1646991000000,-409452000000,8022017000000,,0.297,,,,,,true,false,12,2014-04-01,2015-03-31,0
2015-05-13,83090,2014-03-31,,,,,,,,,,258021000000,0.012,137675000000,,0.029,34.48,34.48,0.071,0.006,,,41889413000000,2441043000000,0.050,511.02,2105375000000,2258701000000,734169000000,-262800000000,5400503000000,,0.290,,,,,,true,false,12,2013-04-01,2014-03-31,-1
2015-05-13,83090,2016-03-31,,,,,,,,,,130000000000,-0.146,,80000000000,,20.71,,,,,,,,,,,,,,,,,,,,,,true,true,6,2015-04-01,2015-09-30,1
2015-05-13,83090,2016-03-31,,,,,,,,,,270000000000,-0.077,,165000000000,,42.71,,,,,,,,,,,,,,,,0.304,,,,,,true,true,12,2015-04-01,2016-03-31,1
2015-05-13,83090,2016-03-31,,,,,,,,,,,,,,,,,,,,,,,,,,,,,,13.00,,,,,,,false,true,12,2015-04-01,2016-03-31,1
2015-07-30,83090,2016-03-31,1,,,,,,,,,66855000000,0.011,,42220000000,,10.93,10.93,,,,,47527969000000,2761076000000,0.051,,2430810000000,,,,,,,,,,,,true,false,3,2015-04-01,2015-06-30,0
2015-07-30,83090,2015-03-31,1,,,,,,,,,66114000000,0.008,,39324000000,,10.07,10.07,,,,,,,,,,,,,,,,,,,,,true,false,3,2014-04-01,2014-06-30,-1
2015-07-30,83090,2016-03-31,1,,,,,,,,,130000000000,-0.146,,80000000000,,20.71,,,,,,,,,,,,,,,,,,,,,,true,true,6,2015-04-01,2015-09-30,0
2015-07-30,83090,2016-03-31,1,,,,,,,,,270000000000,-0.077,,165000000000,,42.71,,,,,,,,,,,,,,,,,,,,,,true,true,12,2015-04-01,2016-03-31,0
2015-07-30,83090,2015-03-31,1,,,,,,,,,,,,,,,,,,,,46235949000000,2716973000000,0.052,,2389824000000,,,,,,,,,,,,true,false,12,2014-04-01,2015-03-31,-1
2015-07-30,83090,2015-03-31,1,,,,,,,,,,,,,,,,,,,,,,,,,,,,,12.00,,,,3903486408,40446221,,false,false,12,2014-04-01,2015-03-31,-1
2015-07-30,83090,2016-03-31,1,,,,,,,,,,,,,,,,,,,,,,,,,,,,,13.00,,,,,,,false,true,12,2015-04-01,2016-03-31,0
2015-07-30,83090,2016-03-31,1,,,,,,,,,,,,,,,,,,,,,,,,,,,,,,,,,3903486408,40474852,3863022803,false,false,3,2015-04-01,2015-06-30,0
2015-07-30,83090,2015-03-31,1,,,,,,,,,,,,,,,,,,,,,,,,,,,,,,,,,,,3902120513,false,false,3,2014-04-01,2014-06-30,-1
2015-11-12,83090,2016-03-31,2,,,,,37711000000,0.144,36580000000,0.156,32649000000,0.153,32649000000,,0.153,8.46,,,,,,1801153000000,1500740000000,0.833,,1500316000000,,,,,,,,,3903486408,57959178,3858533859,false,false,6,2015-04-01,2015-09-30,0
2015-11-12,83090,2015-03-31,2,,,,,32965000000,0.097,31646000000,0.123,28308000000,0.146,28307000000,,0.166,6.66,,,,,,,,,,,,,,,,,,,,,3902112928,false,false,6,2014-04-01,2014-09-30,-1
2015-11-12,83090,2016-03-31,2,,,,,,,,,137276000000,-0.099,,86001000000,,22.29,22.28,,,,,49412216000000,2730582000000,0.049,624.83,2402783000000,,,,,,,,,,,,true,false,6,2015-04-01,2015-09-30,0
2015-11-12,83090,2015-03-31,2,,,,,,,,,152306000000,0.223,,83750000000,,20.87,20.86,,,,,,,,,,,,,,,,,,,,,true,false,6,2014-04-01,2014-09-30,-1
2015-11-12,83090,2016-03-31,2,,,,,,,,,280000000000,-0.043,,175000000000,,45.51,,,,,,,,,,,,,,,,,,,,,,true,true,12,2015-04-01,2016-03-31,0
2015-11-12,83090,2015-03-31,2,,,,,,,,,,,,,,,,,,,,46235949000000,2716973000000,0.052,618.63,2389824000000,,,,,,,,,,,,true,false,12,2014-04-01,2015-03-31,-1
2015-11-12,83090,2015-03-31,2,,,,,,,,,,,,,,,,,,,,1654043000000,1503048000000,0.909,,1502802000000,,,,,12.00,,,,3903486408,40446221,,false,false,12,2014-04-01,2015-03-31,-1
2015-11-12,83090,2016-03-31,2,,,,,,,,,,,,,,,,,,,,,,,,,,,,,6.50,,,,,,,false,false,12,2015-04-01,2016-03-31,0
2015-11-12,83090,2016-03-31,2,,,,,,,,,,,,,,,,,,,,,,,,,,,,,13.00,,,,,,,false,true,12,2015-04-01,2016-03-31,0
2016-01-28,83090,2016-03-31,3,,,,,,,,,206686000000,-0.111,,129223000000,,33.53,33.52,,,,,50249719000000,2776440000000,0.049,,2446063000000,,,,,,,,,,,,true,false,9,2015-04-01,2015-12-31,0
2016-01-28,83090,2015-03-31,3,,,,,,,,,232561000000,0.203,,126511000000,,31.83,31.82,,,,,,,,,,,,,,,,,,,,,true,false,9,2014-04-01,2014-12-31,-1
2016-01-28,83090,2016-03-31,3,,,,,,,,,280000000000,-0.043,,175000000000,,45.51,,,,,,,,,,,,,,,,,,,,,,true,true,12,2015-04-01,2016-03-31,0
2016-01-28,83090,2015-03-31,3,,,,,,,,,,,,,,,,,,,,46235949000000,2716973000000,0.052,,2389824000000,,,,,,,,,,,,true,false,12,2014-04-01,2015-03-31,-1
2016-01-28,83090,2015-03-31,3,,,,,,,,,,,,,,,,,,,,,,,,,,,,,12.00,,,,3903486408,40446221,,false,false,12,2014-04-01,2015-03-31,-1
2016-01-28,83090,2016-03-31,3,,,,,,,,,,,,,,,,,,,,,,,,,,,,,6.50,,,,,,,false,false,12,2015-04-01,2016-03-31,0
2016-01-28,83090,2016-03-31,3,,,,,,,,,,,,,,,,,,,,,,,,,,,,,13.00,,,,,,,false,true,12,2015-04-01,2016-03-31,0
2016-01-28,83090,2016-03-31,3,,,,,,,,,,,,,,,,,,,,,,,,,,,,,,,,,3903486408,57984609,3854180684,false,false,9,2015-04-01,2015-12-31,0
2016-01-28,83090,2015-03-31,3,,,,,,,,,,,,,,,,,,,,,,,,,,,,,,,,,,,3902106734,false,false,9,2014-04-01,2014-12-31,-1
2016-05-12,83090,2016-03-31,,,,,,59926000000,0.000,57611000000,0.001,50504000000,-0.013,50503000000,,-0.013,13.11,13.11,,,,,1824180000000,1493582000000,0.819,388.29,1493160000000,,,,,13.00,,,,3903486408,57991784,3852022549,false,false,12,2015-04-01,2016-03-31,0
2016-05-12,83090,2015-03-31,,,,,,59918000000,0.735,57550000000,0.829,51168000000,1.059,51173000000,,1.095,12.54,12.54,,,,,1654043000000,1503048000000,0.909,389.02,1502802000000,,,,,12.00,,,,3903486408,40446221,3896562260,false,false,12,2014-04-01,2015-03-31,-1
2016-05-12,83090,2016-03-31,,,,,,,,,,278061000000,-0.049,,166909000000,,43.33,43.32,0.070,0.005,,,58229948000000,2704511000000,0.041,618.12,2376973000000,9752429000000,-380627000000,-64122000000,17323915000000,,0.300,,,,,,true,false,12,2015-04-01,2016-03-31,0
2016-05-12,83090,2015-03-31,,,,,,,,,,292483000000,0.134,,159665000000,,40.38,40.38,0.072,0.007,,,46235949000000,2716973000000,0.052,618.63,2389824000000,1349631000000,1646991000000,-409452000000,8022017000000,,0.297,,,,,,true,false,12,2014-04-01,2015-03-31,-1
2016-05-12,83090,2017-03-31,,,,,,,,,,120000000000,-0.126,,80000000000,,20.80,,,,,,,,,,,,,,,,,,,,,,true,true,6,2016-04-01,2016-09-30,1
2016-05-12,83090,2017-03-31,,,,,,,,,,255000000000,-0.083,,170000000000,,44.21,,,,,,,,,,,,,,,,0.294,,,,,,true,true,12,2016-04-01,2017-03-31,1
2016-05-12,83090,2017-03-31,,,,,,,,,,,,,,,,,,,,,,,,,,,,,,13.00,,,,,,,false,true,12,2016-04-01,2017-03-31,1
2016-07-28,83090,2017-03-31,1,,,,,,,,,48825000000,-0.270,,32259000000,,8.41,8.41,,,,,59642931000000,2668597000000,0.039,,2338548000000,,,,,,,,,,,,true,false,3,2016-04-01,2016-06-30,0
2016-07-28,83090,2016-03-31,1,,,,,,,,,66855000000,0.011,,42220000000,,10.93,10.93,,,,,,,,,,,,,,,,,,,,,true,false,3,2015-04-01,2015-06-30,-1
2016-07-28,83090,2017-03-31,1,,,,,,,,,120000000000,-0.126,,80000000000,,20.80,,,,,,,,,,,,,,,,,,,,,,true,true,6,2016-04-01,2016-09-30,0
2016-07-28,83090,2017-03-31,1,,,,,,,,,255000000000,-0.083,,170000000000,,44.21,,,,,,,,,,,,,,,,,,,,,,true,true,12,2016-04-01,2017-03-31,0
2016-07-28,83090,2016-03-31,1,,,,,,,,,,,,,,,,,,,,58229948000000,2704511000000,0.041,,2376973000000,,,,,,,,,,,,true,false,12,2015-04-01,2016-03-31,-1
2016-07-28,83090,2016-03-31,1,,,,,,,,,,,,,,,,,,,,,,,,,,,,,13.00,,,,3903486408,57991784,,false,false,12,2015-04-01,2016-03-31,-1
2016-07-28,83090,2017-03-31,1,,,,,,,,,,,,,,,,,,,,,,,,,,,,,13.00,,,,,,,false,true,12,2016-04-01,2017-03-31,0
2016-07-28,83090,2017-03-31,1,,,,,,,,,,,,,,,,,,,,,,,,,,,,,,,,,3903486408,77994403,3836471681,false,false,3,2016-04-01,2016-06-30,0
2016-07-28,83090,2016-03-31,1,,,,,,,,,,,,,,,,,,,,,,,,,,,,,,,,,,,3863022803,false,false,3,2015-04-01,2015-06-30,-1
2016-11-14,83090,2017-03-31,2,,,,,36652000000,-0.028,35560000000,-0.028,32426000000,-0.007,32425000000,,-0.007,84.64,,,,,,1924619000000,1494246000000,0.776,,1493661000000,,,,,,,,,390348640,7800869,383094938,false,false,6,2016-04-01,2016-09-30,0
2016-11-14,83090,2016-03-31,2,,,,,37711000000,0.144,36580000000,0.156,32649000000,0.153,32649000000,,0.153,84.62,,,,,,,,,,,,,,,,,,,,,385853385,false,false,6,2015-04-01,2015-09-30,-1
2016-11-14,83090,2017-03-31,2,,,,,,,,,137467000000,0.001,,87922000000,,229.51,229.45,,,,,59479751000000,2695744000000,0.040,6190.16,2368033000000,,,,,,,,,,,,true,false,6,2016-04-01,2016-09-30,0
2016-11-14,83090,2016-03-31,2,,,,,,,,,137276000000,-0.099,,86001000000,,222.89,222.84,,,,,,,,,,,,,,,,,,,,,true,false,6,2015-04-01,2015-09-30,-1
2016-11-14,83090,2017-03-31,2,,,,,,,,,265000000000,-0.047,,170000000000,,444.39,,,,,,,,,,,,,,,,,,,,,,true,true,12,2016-04-01,2017-03-31,0
2016-11-14,83090,2016-03-31,2,,,,,,,,,,,,,,,,,,,,58229948000000,2704511000000,0.041,6181.19,2376973000000,,,,,,,,,,,,true,false,12,2015-04-01,2016-03-31,-1
2016-11-14,83090,2016-03-31,2,,,,,,,,,,,,,,,,,,,,1824180000000,1493582000000,0.819,,1493160000000,,,,,13.00,,,,390348640,5799178,,false,false,12,2015-04-01,2016-03-31,-1
2016-11-14,83090,2017-03-31,2,,,,,,,,,,,,,,,,,,,,,,,,,,,,,6.50,,,,,,,false,false,12,2016-04-01,2017-03-31,0
2016-11-14,83090,2017-03-31,2,,,,,,,,,,,,,,,,,,,,,,,,,,,,,65.00,,,,,,,false,true,12,2016-04-01,2017-03-31,0
2017-01-31,83090,2017-03-31,3,,,,,,,,,201573000000,-0.025,,130155000000,,339.91,339.82,,,,,63936805000000,2719384000000,0.037,,2388022000000,,,,,,,,,,,,true,false,9,2016-04-01,2016-12-31,0
2017-01-31,83090,2016-03-31,3,,,,,,,,,206686000000,-0.111,,129223000000,,335.28,335.21,,,,,,,,,,,,,,,,,,,,,true,false,9,2015-04-01,2015-12-31,-1
2017-01-31,83090,2017-03-31,3,,,,,,,,,265000000000,-0.047,,170000000000,,444.40,,,,,,,,,,,,,,,,,,,,,,true,true,12,2016-04-01,2017-03-31,0
2017-01-31,83090,2016-03-31,3,,,,,,,,,,,,,,,,,,,,58229948000000,2704511000000,0.041,,2376973000000,,,,,,,,,,,,true,false,12,2015-04-01,2016-03-31,-1
2017-01-31,83090,2016-03-31,3,,,,,,,,,,,,,,,,,,,,,,,,,,,,,13.00,,,,390348640,5799178,,false,false,12,2015-04-01,2016-03-31,-1
2017-01-31,83090,2017-03-31,3,,,,,,,,,,,,,,,,,,,,,,,,,,,,,6.50,,,,,,,false,false,12,2016-04-01,2017-03-31,0
2017-01-31,83090,2017-03-31,3,,,,,,,,,,,,,,,,,,,,,,,,,,,,,65.00,,,,,,,false,true,12,2016-04-01,2017-03-31,0
2017-01-31,83090,2017-03-31,3,,,,,,,,,,,,,,,,,,,,,,,,,,,,,,,,,390348640,7809960,382910291,false,false,9,2016-04-01,2016-12-31,0
2017-01-31,83090,2016-03-31,3,,,,,,,,,,,,,,,,,,,,,,,,,,,,,,,,,,,385418068,false,false,9,2015-04-01,2015-12-31,-1
2017-04-28,83090,2017-03-31,,,,,,,,,,196000000000,-0.260,,121000000000,,,,,,,,,,,,,,,,,,,,,,,,true,true,12,2016-04-01,2017-03-31,0
2017-04-28,83090,2016-03-31,,,,,,,,,,278061000000,,,166909000000,,,,,,,,,,,,,,,,,,,,,,,,true,false,12,2015-04-01,2016-03-31,-1
2017-05-15,83090,2017-03-31,,,,,,58218000000,-0.028,56183000000,-0.025,50378000000,-0.003,50376000000,,-0.003,131.59,131.56,,,,,1968108000000,1487288000000,0.755,3886.44,1486710000000,,,,,65.00,,,,390348640,7810724,382818502,false,false,12,2016-04-01,2017-03-31,0
2017-05-15,83090,2016-03-31,,,,,,59926000000,0.000,57611000000,0.001,50504000000,-0.013,50503000000,,-0.013,131.11,131.08,,,,,1824180000000,1493582000000,0.819,3882.88,1493160000000,,,,,13.00,,,,390348640,5799178,385202254,false,false,12,2015-04-01,2016-03-31,-1
2017-05-15,83090,2017-03-31,,,,,,,,,,196383000000,-0.294,,121446000000,,317.24,317.16,0.050,0.003,,,65453725000000,2791682000000,0.038,6437.58,2462616000000,7533343000000,-339358000000,26026000000,24531391000000,,0.410,,,,,,true,false,12,2016-04-01,2017-03-31,0
2017-05-15,83090,2016-03-31,,,,,,,,,,278061000000,-0.049,,166909000000,,433.30,433.23,0.070,0.005,,,58229948000000,2704511000000,0.041,6181.19,2376973000000,9752429000000,-380627000000,-64122000000,17323915000000,,0.300,,,,,,true,false,12,2015-04-01,2016-03-31,-1
2017-05-15,83090,2018-03-31,,,,,,,,,,110000000000,-0.200,,70000000000,,182.99,,,,,,,,,,,,,,,,,,,,,,true,true,6,2017-04-01,2017-09-30,1
2017-05-15,83090,2018-03-31,,,,,,,,,,235000000000,0.197,,150000000000,,392.12,,,,,,,,,,,,,,,,0.332,,,,,,true,true,12,2017-04-01,2018-03-31,1
2017-05-15,83090,2018-03-31,,,,,,,,,,,,,,,,,,,,,,,,,,,,,,130.00,,,,,,,false,true,12,2017-04-01,2018-03-31,1
2017-07-27,83090,2018-03-31,1,,,,,,,,,61418000000,0.258,,40123000000,,104.89,104.85,,,,,63379539000000,2813456000000,0.039,,2481124000000,,,,,,,,,,,,true,false,3,2017-04-01,2017-06-30,0
2017-07-27,83090,2017-03-31,1,,,,,,,,,48825000000,-0.270,,32259000000,,84.09,84.07,,,,,,,,,,,,,,,,,,,,,true,false,3,2016-04-01,2016-06-30,-1
2017-07-27,83090,2018-03-31,1,,,,,,,,,110000000000,-0.200,,70000000000,,182.99,,,,,,,,,,,,,,,,,,,,,,true,true,6,2017-04-01,2017-09-30,0
2017-07-27,83090,2018-03-31,1,,,,,,,,,235000000000,0.197,,150000000000,,392.12,,,,,,,,,,,,,,,,,,,,,,true,true,12,2017-04-01,2018-03-31,0
2017-07-27,83090,2017-03-31,1,,,,,,,,,,,,,,,,,,,,65453725000000,2791682000000,0.038,,2462616000000,,,,,,,,,,,,true,false,12,2016-04-01,2017-03-31,-1
2017-07-27,83090,2017-03-31,1,,,,,,,,,,,,,,,,,,,,,,,,,,,,,65.00,,,,390348640,7810724,,false,false,12,2016-04-01,2017-03-31,-1
2017-07-27,83090,2018-03-31,1,,,,,,,,,,,,,,,,,,,,,,,,,,,,,130.00,,,,,,,false,true,12,2017-04-01,2018-03-31,0
2017-07-27,83090,2018-03-31,1,,,,,,,,,,,,,,,,,,,,,,,,,,,,,,,,,390348640,7809754,382539134,false,false,3,2017-04-01,2017-06-30,0
2017-07-27,83090,2017-03-31,1,,,,,,,,,,,,,,,,,,,,,,,,,,,,,,,,,,,383647168,false,false,3,2016-04-01,2016-06-30,-1
2017-11-14,83090,2018-03-31,2,,,,,35668000000,-0.027,34137000000,-0.040,31281000000,-0.035,31279000000,,-0.035,81.90,,,,,,2042917000000,1485787000000,0.727,,1484984000000,,,,,,,,,390348640,9811936,381922964,false,false,6,2017-04-01,2017-09-30,0
2017-11-14,83090,2017-03-31,2,,,,,36652000000,-0.028,35560000000,-0.028,32426000000,-0.007,32425000000,,-0.007,84.64,,,,,,,,,,,,,,,,,,,,,383094938,false,false,6,2016-04-01,2016-09-30,-1
2017-11-14,83090,2018-03-31,2,,,,,,,,,117712000000,-0.144,,75427000000,,197.49,197.42,,,,,65529618000000,2775804000000,0.039,6645.15,2528724000000,,,,,,,,,,,,true,false,6,2017-04-01,2017-09-30,0
2017-11-14,83090,2017-03-31,2,,,,,,,,,137467000000,0.001,,87922000000,,229.51,229.45,,,,,,,,,,,,,,,,,,,,,true,false,6,2016-04-01,2016-09-30,-1
2017-11-14,83090,2018-03-31,2,,,,,,,,,235000000000,0.197,,150000000000,,394.18,,,,,,,,,,,,,,,,,,,,,,true,true,12,2017-04-01,2018-03-31,0
2017-11-14,83090,2017-03-31,2,,,,,,,,,,,,,,,,,,,,65453725000000,2791682000000,0.038,6437.58,2462616000000,,,,,,,,,,,,true,false,12,2016-04-01,2017-03-31,-1
2017-11-14,83090,2017-03-31,2,,,,,,,,,,,,,,,,,,,,1968108000000,1487288000000,0.755,,1486710000000,,,,,65.00,,,,390348640,7810724,,false,false,12,2016-04-01,2017-03-31,-1
2017-11-14,83090,2018-03-31,2,,,,,,,,,,,,,,,,,,,,,,,,,,,,,65.00,,,,,,,false,false,12,2017-04-01,2018-03-31,0
2017-11-14,83090,2018-03-31,2,,,,,,,,,,,,,,,,,,,,,,,,,,,,,130.00,,,,,,,false,true,12,2017-04-01,2018-03-31,0
2018-01-31,83090,2018-03-31,3,,,,,,,,,189493000000,-0.060,,122814000000,,321.96,321.83,,,,,64214040000000,2833794000000,0.040,,2584117000000,,,,,,,,,,,,true,false,9,2017-04-01,2017-12-31,0
2018-01-31,83090,2017-03-31,3,,,,,,,,,201573000000,-0.025,,130155000000,,339.91,339.82,,,,,,,,,,,,,,,,,,,,,true,false,9,2016-04-01,2016-12-31,-1
2018-01-31,83090,2018-03-31,3,,,,,,,,,235000000000,0.197,,150000000000,,394.18,,,,,,,,,,,,,,,,,,,,,,true,true,12,2017-04-01,2018-03-31,0
2018-01-31,83090,2017-03-31,3,,,,,,,,,,,,,,,,,,,,65453725000000,2791682000000,0.038,,2462616000000,,,,,,,,,,,,true,false,12,2016-04-01,2017-03-31,-1
2018-01-31,83090,2017-03-31,3,,,,,,,,,,,,,,,,,,,,,,,,,,,,,65.00,,,,390348640,7810724,,false,false,12,2016-04-01,2017-03-31,-1
2018-01-31,83090,2018-03-31,3,,,,,,,,,,,,,,,,,,,,,,,,,,,,,65.00,,,,,,,false,false,12,2017-04-01,2018-03-31,0
2018-01-31,83090,2018-03-31,3,,,,,,,,,,,,,,,,,,,,,,,,,,,,,130.00,,,,,,,false,true,12,2017-04-01,2018-03-31,0
2018-01-31,83090,2018-03-31,3,,,,,,,,,,,,,,,,,,,,,,,,,,,,,,,,,390348640,9815268,381458864,false,false,9,2017-04-01,2017-12-31,0
2018-01-31,83090,2017-03-31,3,,,,,,,,,,,,,,,,,,,,,,,,,,,,,,,,,,,382910291,false,false,9,2016-04-01,2016-12-31,-1
2018-05-11,83090,2018-03-31,,,,,,,,,,232661000000,0.185,,153986000000,,403.92,403.75,0.061,0.003,,,68356798000000,2872325000000,0.038,6897.36,2624667000000,2840458000000,-745854000000,-76869000000,26540249000000,,0.322,,,,,,true,false,12,2017-04-01,2018-03-31,0
2018-05-11,83090,2017-03-31,,,,,,,,,,196383000000,-0.294,,121446000000,,317.24,317.16,0.050,0.003,,,65453725000000,2791682000000,0.038,6437.58,2462616000000,7533343000000,-339358000000,26026000000,24531391000000,,0.410,,,,,,true,false,12,2016-04-01,2017-03-31,-1
2018-05-11,83090,2019-03-31,,,,,,,,,,,,,165000000000,,433.60,,,,,,,,,,,,,,,,0.300,,,,,,true,true,12,2018-04-01,2019-03-31,1
2018-05-11,83090,2017-03-31,,,,,,,,,,,,,,,,,,,,,,,,,,,,,,65.00,,,,390348640,7810724,382818502,false,false,12,2016-04-01,2017-03-31,-1
2018-05-11,83090,2018-03-31,,,,,,,,,,,,,,,,,,,,,,,,,,,,,,130.00,,,,390348640,9816662,381230365,false,false,12,2017-04-01,2018-03-31,0
2018-05-11,83090,2019-03-31,,,,,,,,,,,,,,,,,,,,,,,,,,,,,,130.00,,,,,,,false,true,12,2018-04-01,2019-03-31,1
2018-07-27,83090,2019-03-31,1,,,,,,,,,66608000000,0.085,,44490000000,,117.12,117.06,,,,,67345518000000,2870917000000,0.039,,2620976000000,,,,,,,,,,,,true,false,3,2018-04-01,2018-06-30,0
2018-07-27,83090,2018-03-31,1,,,,,,,,,61418000000,0.258,,40123000000,,104.89,104.85,,,,,,,,,,,,,,,,,,,,,true,false,3,2017-04-01,2017-06-30,-1
2018-07-27,83090,2019-03-31,1,,,,,,,,,,,,165000000000,,435.82,,,,,,,,,,,,,,,,,,,,,,true,true,12,2018-04-01,2019-03-31,0
2018-07-27,83090,2018-03-31,1,,,,,,,,,,,,,,,,,,,,68356798000000,2872325000000,0.038,,2624667000000,,,,,,,,,,,,true,false,12,2017-04-01,2018-03-31,-1
2018-07-27,83090,2018-03-31,1,,,,,,,,,,,,,,,,,,,,,,,,,,,,,130.00,,,,390348640,9816662,,false,false,12,2017-04-01,2018-03-31,-1
2018-07-27,83090,2019-03-31,1,,,,,,,,,,,,,,,,,,,,,,,,,,,,,130.00,,,,,,,false,true,12,2018-04-01,2019-03-31,0
2018-07-27,83090,2019-03-31,1,,,,,,,,,,,,,,,,,,,,,,,,,,,,,,,,,390348640,11753426,379874696,false,false,3,2018-04-01,2018-06-30,0
2018-07-27,83090,2018-03-31,1,,,,,,,,,,,,,,,,,,,,,,,,,,,,,,,,,,,382539134,false,false,3,2017-04-01,2017-06-30,-1
2018-11-14,83090,2019-03-31,2,,,,,,,,,140329000000,0.192,,91510000000,,241.31,241.18,,,,,70001204000000,2752440000000,0.038,7014.77,2655787000000,,,,,,,,,,,,true,false,6,2018-04-01,2018-09-30,0
2018-11-14,83090,2018-03-31,2,,,,,,,,,117712000000,-0.144,,75427000000,,197.49,197.42,,,,,,,,,,,,,,,,,,,,,true,false,6,2017-04-01,2017-09-30,-1
2018-11-14,83090,2019-03-31,2,,,,,,,,,,,,175000000000,,462.23,,,,,,,,,,,,,,,,,,,,,,true,true,12,2018-04-01,2019-03-31,0
2018-11-14,83090,2018-03-31,2,,,,,,,,,,,,,,,,,,,,68356798000000,2872325000000,0.038,6897.36,2624667000000,,,,,,,,,,,,true,false,12,2017-04-01,2018-03-31,-1
2018-11-14,83090,2018-03-31,2,,,,,,,,,,,,,,,,,,,,,,,,,,,,,130.00,,,,390348640,9816662,,false,false,12,2017-04-01,2018-03-31,-1
2018-11-14,83090,2019-03-31,2,,,,,,,,,,,,,,,,,,,,,,,,,,,,,65.00,,,,,,,false,false,12,2018-04-01,2019-03-31,0
2018-11-14,83090,2019-03-31,2,,,,,,,,,,,,,,,,,,,,,,,,,,,,,140.00,,,,,,,false,true,12,2018-04-01,2019-03-31,0
2018-11-14,83090,2019-03-31,2,,,,,,,,,,,,,,,,,,,,,,,,,,,,,,,,,390348640,11749433,379231187,false,false,6,2018-04-01,2018-09-30,0
2018-11-14,83090,2018-03-31,2,,,,,,,,,,,,,,,,,,,,,,,,,,,,,,,,,,,381922964,false,false,6,2017-04-01,2017-09-30,-1
2019-01-30,83090,2019-03-31,3,,,,,,,,,202495000000,0.069,,134332000000,,354.42,354.22,,,,,57069112000000,2709784000000,0.046,,2632789000000,,,,,,,,,,,,true,false,9,2018-04-01,2018-12-31,0
2019-01-30,83090,2018-03-31,3,,,,,,,,,189493000000,-0.060,,122814000000,,321.96,321.83,,,,,,,,,,,,,,,,,,,,,true,false,9,2017-04-01,2017-12-31,-1
2019-01-30,83090,2019-03-31,3,,,,,,,,,,,,175000000000,,462.23,,,,,,,,,,,,,,,,,,,,,,true,true,12,2018-04-01,2019-03-31,0
2019-01-30,83090,2018-03-31,3,,,,,,,,,,,,,,,,,,,,68356798000000,2872325000000,0.038,,2624667000000,,,,,,,,,,,,true,false,12,2017-04-01,2018-03-31,-1
2019-01-30,83090,2018-03-31,3,,,,,,,,,,,,,,,,,,,,,,,,,,,,,130.00,,,,390348640,9816662,,false,false,12,2017-04-01,2018-03-31,-1
2019-01-30,83090,2019-03-31,3,,,,,,,,,,,,,,,,,,,,,,,,,,,,,65.00,,,,,,,false,false,12,2018-04-01,2019-03-31,0
2019-01-30,83090,2019-03-31,3,,,,,,,,,,,,,,,,,,,,,,,,,,,,,140.00,,,,,,,false,true,12,2018-04-01,2019-03-31,0
2019-01-30,83090,2019-03-31,3,,,,,,,,,,,,,,,,,,,,,,,,,,,,,,,,,390348640,11751068,379019630,false,false,9,2018-04-01,2018-12-31,0
2019-01-30,83090,2018-03-31,3,,,,,,,,,,,,,,,,,,,,,,,,,,,,,,,,,,,381458864,false,false,9,2017-04-01,2017-12-31,-1
2019-05-15,83090,2019-03-31,,,,,,,,,,256411000000,0.102,,173889000000,,458.91,458.65,0.066,0.004,,,57029113000000,2730356000000,0.047,7008.67,2653461000000,374318000000,-225399000000,-136766000000,14079768000000,,0.305,,,,,,true,false,12,2018-04-01,2019-03-31,0
2019-05-15,83090,2018-03-31,,,,,,,,,,232661000000,0.185,,153986000000,,403.92,403.75,0.061,0.003,,,68356798000000,2872325000000,0.038,6897.36,2624667000000,2840458000000,-745854000000,-76869000000,26540249000000,,0.322,,,,,,true,false,12,2017-04-01,2018-03-31,-1
2019-05-15,83090,2020-03-31,,,,,,,,,,,,,180000000000,,475.44,,,,,,,,,,,,,,,,0.315,,,,,,true,true,12,2019-04-01,2020-03-31,1
2019-05-15,83090,2018-03-31,,,,,,,,,,,,,,,,,,,,,,,,,,,,,,130.00,,,,390348640,9816662,381230365,false,false,12,2017-04-01,2018-03-31,-1
2019-05-15,83090,2019-03-31,,,,,,,,,,,,,,,,,,,,,,,,,,,,,,140.00,,,,390348640,11751722,378915552,false,false,12,2018-04-01,2019-03-31,0
2019-05-15,83090,2020-03-31,,,,,,,,,,,,,,,,,,,,,,,,,,,,,,150.00,,,,,,,false,true,12,2019-04-01,2020-03-31,1
2019-07-30,83090,2020-03-31,1,,,,,,,,,60995000000,-0.084,,42596000000,,112.75,112.67,,,,,56056133000000,2703250000000,0.047,,2625881000000,,,,,,,,,,,,true,false,3,2019-04-01,2019-06-30,0
2019-07-30,83090,2019-03-31,1,,,,,,,,,66608000000,0.085,,44490000000,,117.12,117.06,,,,,,,,,,,,,,,,,,,,,true,false,3,2018-04-01,2018-06-30,-1
2019-07-30,83090,2020-03-31,1,,,,,,,,,,,,180000000000,,479.56,,,,,,,,,,,,,,,,,,,,,,true,true,12,2019-04-01,2020-03-31,0
2019-07-30,83090,2019-03-31,1,,,,,,,,,,,,,,,,,,,,57029113000000,2730356000000,0.047,,2653461000000,,,,,,,,,,,,true,false,12,2018-04-01,2019-03-31,-1
2019-07-30,83090,2019-03-31,1,,,,,,,,,,,,,,,,,,,,,,,,,,,,,140.00,,,,390348640,11751722,,false,false,12,2018-04-01,2019-03-31,-1
2019-07-30,83090,2020-03-31,1,,,,,,,,,,,,,,,,,,,,,,,,,,,,,150.00,,,,,,,false,true,12,2019-04-01,2020-03-31,0
2019-07-30,83090,2020-03-31,1,,,,,,,,,,,,,,,,,,,,,,,,,,,,,,,,,390348640,15002684,377805923,false,false,3,2019-04-01,2019-06-30,0
2019-07-30,83090,2019-03-31,1,,,,,,,,,,,,,,,,,,,,,,,,,,,,,,,,,,,379874696,false,false,3,2018-04-01,2018-06-30,-1
2019-11-13,83090,2020-03-31,2,,,,,,,,,151102000000,0.077,,106039000000,,281.86,281.68,,,,,57095352000000,2707721000000,0.047,7133.81,2671879000000,,,,,,,,,,,,true,false,6,2019-04-01,2019-09-30,0
2019-11-13,83090,2019-03-31,2,,,,,,,,,140329000000,0.192,,91510000000,,241.31,241.18,,,,,,,,,,,,,,,,,,,,,true,false,6,2018-04-01,2018-09-30,-1
2019-11-13,83090,2020-03-31,2,,,,,,,,,,,,180000000000,,480.59,,,,,,,,,,,,,,,,,,,,,,true,true,12,2019-04-01,2020-03-31,0
2019-11-13,83090,2019-03-31,2,,,,,,,,,,,,,,,,,,,,57029113000000,2730356000000,0.047,7008.67,2653461000000,,,,,,,,,,,,true,false,12,2018-04-01,2019-03-31,-1
2019-11-13,83090,2019-03-31,2,,,,,,,,,,,,,,,,,,,,,,,,,,,,,140.00,,,,390348640,11751722,,false,false,12,2018-04-01,2019-03-31,-1
2019-11-13,83090,2020-03-31,2,,,,,,,,,,,,,,,,,,,,,,,,,,,,,75.00,,,,,,,false,false,12,2019-04-01,2020-03-31,0
2019-11-13,83090,2020-03-31,2,,,,,,,,,,,,,,,,,,,,,,,,,,,,,150.00,,,,,,,false,true,12,2019-04-01,2020-03-31,0
2019-11-13,83090,2020-03-31,2,,,,,,,,,,,,,,,,,,,,,,,,,,,,,,,,,375291440,753650,376209611,false,false,6,2019-04-01,2019-09-30,0
2019-11-13,83090,2019-03-31,2,,,,,,,,,,,,,,,,,,,,,,,,,,,,,,,,,,,379231187,false,false,6,2018-04-01,2018-09-30,-1
2020-01-30,83090,2020-03-31,3,,,,,,,,,217844000000,0.076,,153973000000,,409.88,409.62,,,,,55346961000000,2700621000000,0.048,,2664523000000,,,,,,,,,,,,true,false,9,2019-04-01,2019-12-31,0
2020-01-30,83090,2019-03-31,3,,,,,,,,,202495000000,0.069,,134332000000,,354.42,354.22,,,,,,,,,,,,,,,,,,,,,true,false,9,2018-04-01,2018-12-31,-1
2020-01-30,83090,2020-03-31,3,,,,,,,,,,,,180000000000,,480.59,,,,,,,,,,,,,,,,,,,,,,true,true,12,2019-04-01,2020-03-31,0
2020-01-30,83090,2019-03-31,3,,,,,,,,,,,,,,,,,,,,57029113000000,2730356000000,0.047,,2653461000000,,,,,,,,,,,,true,false,12,2018-04-01,2019-03-31,-1
2020-01-30,83090,2019-03-31,3,,,,,,,,,,,,,,,,,,,,,,,,,,,,,140.00,,,,390348640,11751722,,false,false,12,2018-04-01,2019-03-31,-1
2020-01-30,83090,2020-03-31,3,,,,,,,,,,,,,,,,,,,,,,,,,,,,,75.00,,,,,,,false,false,12,2019-04-01,2020-03-31,0
2020-01-30,83090,2020-03-31,3,,,,,,,,,,,,,,,,,,,,,,,,,,,,,150.00,,,,,,,false,true,12,2019-04-01,2020-03-31,0
2020-01-30,83090,2020-03-31,3,,,,,,,,,,,,,,,,,,,,,,,,,,,,,,,,,375291440,755260,375650195,false,false,9,2019-04-01,2019-12-31,0
2020-01-30,83090,2019-03-31,3,,,,,,,,,,,,,,,,,,,,,,,,,,,,,,,,,,,379019630,false,false,9,2018-04-01,2018-12-31,-1
2020-05-14,83090,2020-03-31,,,,,,,,,,257658000000,0.005,,163028000000,,434.31,434.03,0.063,0.005,,,56500552000000,2590907000000,0.045,6822.48,2555266000000,-2395306000000,-631459000000,-85323000000,10960024000000,,0.345,,,,,,true,false,12,2019-04-01,2020-03-31,0
2020-05-14,83090,2019-03-31,,,,,,,,,,256411000000,0.102,,173889000000,,458.91,458.65,0.066,0.004,,,57029113000000,2730356000000,0.047,7008.67,2653461000000,374318000000,-225399000000,-136766000000,14079768000000,,0.305,,,,,,true,false,12,2018-04-01,2019-03-31,-1
2020-05-14,83090,2021-03-31,,,,,,,,,,,,,140000000000,,373.80,,,,,,,,,,,,,,,,0.402,,,,,,true,true,12,2020-04-01,2021-03-31,1
2020-05-14,83090,2019-03-31,,,,,,,,,,,,,,,,,,,,,,,,,,,,,,140.00,,,,390348640,11751722,378915552,false,false,12,2018-04-01,2019-03-31,-1
2020-05-14,83090,2020-03-31,,,,,,,,,,,,,,,,,,,,,,,,,,,,,,150.00,,,,375291440,755159,375373265,false,false,12,2019-04-01,2020-03-31,0
2020-05-14,83090,2021-03-31,,,,,,,,,,,,,,,,,,,,,,,,,,,,,,150.00,,,,,,,false,true,12,2020-04-01,2021-03-31,1
2020-07-30,83090,2021-03-31,1,,,,,,,,,40374000000,-0.338,,28507000000,,76.11,76.07,,,,,57599218000000,2575055000000,0.044,,2539529000000,,,,,,,,,,,,true,false,3,2020-04-01,2020-06-30,0
2020-07-30,83090,2020-03-31,1,,,,,,,,,60995000000,-0.084,,42596000000,,112.75,112.67,,,,,,,,,,,,,,,,,,,,,true,false,3,2019-04-01,2019-06-30,-1
2020-07-30,83090,2021-03-31,1,,,,,,,,,,,,140000000000,,373.79,,,,,,,,,,,,,,,,,,,,,,true,true,12,2020-04-01,2021-03-31,0
2020-07-30,83090,2020-03-31,1,,,,,,,,,,,,,,,,,,,,56500552000000,2590907000000,0.045,,2555266000000,,,,,,,,,,,,true,false,12,2019-04-01,2020-03-31,-1
2020-07-30,83090,2020-03-31,1,,,,,,,,,,,,,,,,,,,,,,,,,,,,,150.00,,,,375291440,755159,,false,false,12,2019-04-01,2020-03-31,-1
2020-07-30,83090,2021-03-31,1,,,,,,,,,,,,,,,,,,,,,,,,,,,,,150.00,,,,,,,false,true,12,2020-04-01,2021-03-31,0
2020-07-30,83090,2021-03-31,1,,,,,,,,,,,,,,,,,,,,,,,,,,,,,,,,,375291440,752718,374536799,false,false,3,2020-04-01,2020-06-30,0
2020-07-30,83090,2020-03-31,1,,,,,,,,,,,,,,,,,,,,,,,,,,,,,,,,,,,377805923,false,false,3,2019-04-01,2019-06-30,-1
2020-11-12,83090,2021-03-31,2,,,,,,,,,113435000000,-0.249,,80091000000,,213.84,213.70,,,,,59843624000000,2637847000000,0.043,6948.10,2602378000000,,,,,,,,,,,,true,false,6,2020-04-01,2020-09-30,0
2020-11-12,83090,2020-03-31,2,,,,,,,,,151102000000,0.077,,106039000000,,281.86,281.68,,,,,,,,,,,,,,,,,,,,,true,false,6,2019-04-01,2019-09-30,-1
2020-11-12,83090,2021-03-31,2,,,,,,,,,,,,140000000000,,373.79,,,,,,,,,,,,,,,,,,,,,,true,true,12,2020-04-01,2021-03-31,0
2020-11-12,83090,2020-03-31,2,,,,,,,,,,,,,,,,,,,,56500552000000,2590907000000,0.045,6822.48,2555266000000,,,,,,,,,,,,true,false,12,2019-04-01,2020-03-31,-1
2020-11-12,83090,2020-03-31,2,,,,,,,,,,,,,,,,,,,,,,,,,,,,,150.00,,,,375291440,755159,,false,false,12,2019-04-01,2020-03-31,-1
2020-11-12,83090,2021-03-31,2,,,,,,,,,,,,,,,,,,,,,,,,,,,,,75.00,,,,,,,false,false,12,2020-04-01,2021-03-31,0
2020-11-12,83090,2021-03-31,2,,,,,,,,,,,,,,,,,,,,,,,,,,,,,150.00,,,,,,,false,true,12,2020-04-01,2021-03-31,0
2020-11-12,83090,2021-03-31,2,,,,,,,,,,,,,,,,,,,,,,,,,,,,,,,,,375291440,746100,374539273,false,false,6,2020-04-01,2020-09-30,0
2020-11-12,83090,2020-03-31,2,,,,,,,,,,,,,,,,,,,,,,,,,,,,,,,,,,,376209611,false,false,6,2019-04-01,2019-09-30,-1
2021-01-28,83090,2021-03-31,3,,,,,,,,,180024000000,-0.174,,126613000000,,338.05,337.84,,,,,60698082000000,2615079000000,0.042,,2579214000000,,,,,,,,,,,,true,false,9,2020-04-01,2020-12-31,0
2021-01-28,83090,2020-03-31,3,,,,,,,,,217844000000,0.076,,153973000000,,409.88,409.62,,,,,,,,,,,,,,,,,,,,,true,false,9,2019-04-01,2019-12-31,-1
2021-01-28,83090,2021-03-31,3,,,,,,,,,,,,140000000000,,373.79,,,,,,,,,,,,,,,,,,,,,,true,true,12,2020-04-01,2021-03-31,0
2021-01-28,83090,2020-03-31,3,,,,,,,,,,,,,,,,,,,,56500552000000,2590907000000,0.045,,2555266000000,,,,,,,,,,,,true,false,12,2019-04-01,2020-03-31,-1
2021-01-28,83090,2020-03-31,3,,,,,,,,,,,,,,,,,,,,,,,,,,,,,150.00,,,,375291440,755159,,false,false,12,2019-04-01,2020-03-31,-1
2021-01-28,83090,2021-03-31,3,,,,,,,,,,,,,,,,,,,,,,,,,,,,,75.00,,,,,,,false,false,12,2020-04-01,2021-03-31,0
2021-01-28,83090,2021-03-31,3,,,,,,,,,,,,,,,,,,,,,,,,,,,,,150.00,,,,,,,false,true,12,2020-04-01,2021-03-31,0
2021-01-28,83090,2021-03-31,3,,,,,,,,,,,,,,,,,,,,,,,,,,,,,,,,,375291440,747259,374541365,false,false,9,2020-04-01,2020-12-31,0
2021-01-28,83090,2020-03-31,3,,,,,,,,,,,,,,,,,,,,,,,,,,,,,,,,,,,375650195,false,false,9,2019-04-01,2019-12-31,-1
2021-05-13,83090,2021-03-31,,,,,,,,,,183155000000,-0.289,,142196000000,,379.65,379.42,0.054,0.003,,,62163876000000,2722556000000,0.043,7192.07,2693760000000,6553089000000,-475494000000,-219723000000,16799146000000,,0.395,,,,,,true,false,12,2020-04-01,2021-03-31,0
2021-05-13,83090,2020-03-31,,,,,,,,,,257658000000,0.005,,163028000000,,434.31,434.03,0.063,0.005,,,56500552000000,2590907000000,0.045,6822.48,2555266000000,-2395306000000,-631459000000,-85323000000,10960024000000,,0.345,,,,,,true,false,12,2019-04-01,2020-03-31,-1
2021-05-13,83090,2022-03-31,,,,,,,,,,,,,155000000000,,413.83,,,,,,,,,,,,,,,,0.387,,,,,,true,true,12,2021-04-01,2022-03-31,1
2021-05-13,83090,2020-03-31,,,,,,,,,,,,,,,,,,,,,,,,,,,,,,150.00,,,,375291440,755159,375373265,false,false,12,2019-04-01,2020-03-31,-1
2021-05-13,83090,2021-03-31,,,,,,,,,,,,,,,,,,,,,,,,,,,,,,150.00,,,,375291440,745818,374542241,false,false,12,2020-04-01,2021-03-31,0
2021-05-13,83090,2022-03-31,,,,,,,,,,,,,,,,,,,,,,,,,,,,,,160.00,,,,,,,false,true,12,2021-04-01,2022-03-31,1
2021-07-29,83090,2022-03-31,1,,,,,,,,,67883000000,0.681,,50751000000,,135.50,135.42,,,,,62573352000000,2721035000000,0.043,,2692515000000,,,,,,,,,,,,true,false,3,2021-04-01,2021-06-30,0
2021-07-29,83090,2021-03-31,1,,,,,,,,,40374000000,-0.338,,28507000000,,76.11,76.07,,,,,,,,,,,,,,,,,,,,,true,false,3,2020-04-01,2020-06-30,-1
2021-07-29,83090,2022-03-31,1,,,,,,,,,,,,155000000000,,413.83,,,,,,,,,,,,,,,,,,,,,,true,true,12,2021-04-01,2022-03-31,0
2021-07-29,83090,2021-03-31,1,,,,,,,,,,,,,,,,,,,,63368573000000,2722556000000,0.043,,2693760000000,,,,,,,,,,,,true,false,12,2020-04-01,2021-03-31,-1
2021-07-29,83090,2021-03-31,1,,,,,,,,,,,,,,,,,,,,,,,,,,,,,150.00,,,,375291440,745818,,false,false,12,2020-04-01,2021-03-31,-1
2021-07-29,83090,2022-03-31,1,,,,,,,,,,,,,,,,,,,,,,,,,,,,,160.00,,,,,,,false,true,12,2021-04-01,2022-03-31,0
2021-07-29,83090,2022-03-31,1,,,,,,,,,,,,,,,,,,,,,,,,,,,,,,,,,375291440,745187,374545765,false,false,3,2021-04-01,2021-06-30,0
2021-07-29,83090,2021-03-31,1,,,,,,,,,,,,,,,,,,,,,,,,,,,,,,,,,,,374536799,false,false,3,2020-04-01,2020-06-30,-1
2021-11-11,83090,2022-03-31,2,,,,,,,,,152096000000,0.341,,111029000000,,296.43,296.25,,,,,63334654000000,2792634000000,0.044,7378.57,2763813000000,,,,,,,,,,,,true,false,6,2021-04-01,2021-09-30,0
2021-11-11,83090,2021-03-31,2,,,,,,,,,113435000000,-0.249,,80091000000,,213.84,213.70,,,,,,,,,,,,,,,,,,,,,true,false,6,2020-04-01,2020-09-30,-1
2021-11-11,83090,2022-03-31,2,,,,,,,,,,,,155000000000,,413.80,,,,,,,,,,,,,,,,,,,,,,true,true,12,2021-04-01,2022-03-31,0
2021-11-11,83090,2021-03-31,2,,,,,,,,,,,,,,,,,,,,63368573000000,2722556000000,0.043,7192.07,2693760000000,,,,,,,,,,,,true,false,12,2020-04-01,2021-03-31,-1
2021-11-11,83090,2021-03-31,2,,,,,,,,,,,,,,,,,,,,,,,,,,,,,150.00,,,,375291440,745818,,false,false,12,2020-04-01,2021-03-31,-1
2021-11-11,83090,2022-03-31,2,,,,,,,,,,,,,,,,,,,,,,,,,,,,,80.00,,,,,,,false,false,12,2021-04-01,2022-03-31,0
2021-11-11,83090,2022-03-31,2,,,,,,,,,,,,,,,,,,,,,,,,,,,,,160.00,,,,,,,false,true,12,2021-04-01,2022-03-31,0
2021-11-11,83090,2022-03-31,2,,,,,,,,,,,,,,,,,,,,,,,,,,,,,,,,,375291440,718557,374551682,false,false,6,2021-04-01,2021-09-30,0
2021-11-11,83090,2021-03-31,2,,,,,,,,,,,,,,,,,,,,,,,,,,,,,,,,,,,374539273,false,false,6,2020-04-01,2020-09-30,-1
2022-01-27,83090,2022-03-31,3,,,,,,,,,193921000000,0.077,,141867000000,,378.76,378.52,,,,,63770975000000,2789000000000,0.043,,2759867000000,,,,,,,,,,,,true,false,9,2021-04-01,2021-12-31,0
2022-01-27,83090,2021-03-31,3,,,,,,,,,180024000000,-0.174,,126613000000,,338.05,337.84,,,,,,,,,,,,,,,,,,,,,true,false,9,2020-04-01,2020-12-31,-1
2022-01-27,83090,2022-03-31,3,,,,,,,,,,,,155000000000,,413.80,,,,,,,,,,,,,,,,,,,,,,true,true,12,2021-04-01,2022-03-31,0
2022-01-27,83090,2021-03-31,3,,,,,,,,,,,,,,,,,,,,63368573000000,2722556000000,0.043,,2693760000000,,,,,,,,,,,,true,false,12,2020-04-01,2021-03-31,-1
2022-01-27,83090,2021-03-31,3,,,,,,,,,,,,,,,,,,,,,,,,,,,,,150.00,,,,375291440,745818,,false,false,12,2020-04-01,2021-03-31,-1
2022-01-27,83090,2022-03-31,3,,,,,,,,,,,,,,,,,,,,,,,,,,,,,80.00,,,,,,,false,false,12,2021-04-01,2022-03-31,0
2022-01-27,83090,2022-03-31,3,,,,,,,,,,,,,,,,,,,,,,,,,,,,,160.00,,,,,,,false,true,12,2021-04-01,2022-03-31,0
2022-01-27,83090,2022-03-31,3,,,,,,,,,,,,,,,,,,,,,,,,,,,,,,,,,375291440,717917,374559057,false,false,9,2021-04-01,2021-12-31,0
2022-01-27,83090,2021-03-31,3,,,,,,,,,,,,,,,,,,,,,,,,,,,,,,,,,,,374541365,false,false,9,2020-04-01,2020-12-31,-1
2022-02-24,83090,2022-03-31,,,,,,,,,,,,,170000000000,,453.85,,,,,,,,,,,,,,,,,,,,,,true,true,12,2021-04-01,2022-03-31,0
2022-02-24,83090,2021-03-31,,,,,,,,,,,,,142196000000,,379.65,,,,,,,,,,,,,,,,,,,,,,true,false,12,2020-04-01,2021-03-31,-1
2022-02-24,83090,2022-03-31,,,,,,,,,,,,,,,,,,,,,,,,,,,,,,170.00,,,,,,,false,true,12,2021-04-01,2022-03-31,0
2022-02-24,83090,2022-03-31,,,,,,,,,,,,,,,,,,,,,,,,,,,,,,80.00,,,,,,,false,false,12,2021-04-01,2022-03-31,0
2022-02-24,83090,2021-03-31,,,,,,,,,,,,,,,,,,,,,,,,,,,,,,150.00,,,,,,,false,false,12,2020-04-01,2021-03-31,-1
2022-05-12,83090,2022-03-31,,,,,,,,,,229704000000,0.254,,169078000000,,451.40,451.13,0.063,0.004,,,64633220000000,2745288000000,0.042,7249.71,2715556000000,-120263000000,-879205000000,-125079000000,15733650000000,,0.377,,,,,,true,false,12,2021-04-01,2022-03-31,0
2022-05-12,83090,2021-03-31,,,,,,,,,,183155000000,-0.289,,142196000000,,379.65,379.42,0.054,0.003,,,63368573000000,2722556000000,0.043,7192.07,2693760000000,6553089000000,-475494000000,-219723000000,16799146000000,,0.395,,,,,,true,false,12,2020-04-01,2021-03-31,-1
2022-05-12,83090,2023-03-31,,,,,,,,,,,,,190000000000,,507.24,,,,,,,,,,,,,,,,0.395,,,,,,true,true,12,2022-04-01,2023-03-31,1
2022-05-12,83090,2021-03-31,,,,,,,,,,,,,,,,,,,,,,,,,,,,,,150.00,,,,375291440,745818,374542241,false,false,12,2020-04-01,2021-03-31,-1
2022-05-12,83090,2022-03-31,,,,,,,,,,,,,,,,,,,,,,,,,,,,,,170.00,,,,375291440,716750,374562607,false,false,12,2021-04-01,2022-03-31,0
2022-05-12,83090,2023-03-31,,,,,,,,,,,,,,,,,,,,,,,,,,,,,,200.00,,,,,,,false,true,12,2022-04-01,2023-03-31,1
2022-07-28,83090,2023-03-31,1,,,,,,,,,88706000000,0.307,,64556000000,,172.49,172.38,,,,,67570226000000,2752563000000,0.040,,2722894000000,,,,,,,,,,,,true,false,3,2022-04-01,2022-06-30,0
2022-07-28,83090,2022-03-31,1,,,,,,,,,67883000000,0.681,,50751000000,,135.50,135.42,,,,,,,,,,,,,,,,,,,,,true,false,3,2021-04-01,2021-06-30,-1
2022-07-28,83090,2023-03-31,1,,,,,,,,,,,,190000000000,,507.24,,,,,,,,,,,,,,,,,,,,,,true,true,12,2022-04-01,2023-03-31,0
2022-07-28,83090,2022-03-31,1,,,,,,,,,,,,,,,,,,,,64633220000000,2745288000000,0.042,,2715556000000,,,,,,,,,,,,true,false,12,2021-04-01,2022-03-31,-1
2022-07-28,83090,2022-03-31,1,,,,,,,,,,,,,,,,,,,,,,,,,,,,,170.00,,,,375291440,716750,,false,false,12,2021-04-01,2022-03-31,-1
2022-07-28,83090,2023-03-31,1,,,,,,,,,,,,,,,,,,,,,,,,,,,,,200.00,,,,,,,false,true,12,2022-04-01,2023-03-31,0
2022-07-28,83090,2023-03-31,1,,,,,,,,,,,,,,,,,,,,,,,,,,,,,,,,,375291440,2971750,374266594,false,false,3,2022-04-01,2022-06-30,0
2022-07-28,83090,2022-03-31,1,,,,,,,,,,,,,,,,,,,,,,,,,,,,,,,,,,,374545765,false,false,3,2021-04-01,2021-06-30,-1
2022-11-11,83090,2023-03-31,2,,,,,,,,,145119000000,-0.046,,104032000000,,279.82,279.65,,,,,68838019000000,2751956000000,0.040,7406.89,2721944000000,,,,,,,,,,,,true,false,6,2022-04-01,2022-09-30,0
2022-11-11,83090,2022-03-31,2,,,,,,,,,152096000000,0.341,,111029000000,,296.43,296.25,,,,,,,,,,,,,,,,,,,,,true,false,6,2021-04-01,2021-09-30,-1
2022-11-11,83090,2023-03-31,2,,,,,,,,,,,,190000000000,,514.01,,,,,,,,,,,,,,,,,,,,,,true,true,12,2022-04-01,2023-03-31,0
2022-11-11,83090,2022-03-31,2,,,,,,,,,,,,,,,,,,,,64633220000000,2745288000000,0.042,7249.71,2715556000000,,,,,,,,,,,,true,false,12,2021-04-01,2022-03-31,-1
2022-11-11,83090,2022-03-31,2,,,,,,,,,,,,,,,,,,,,,,,,,,,,,170.00,,,,375291440,716750,,false,false,12,2021-04-01,2022-03-31,-1
2022-11-11,83090,2023-03-31,2,,,,,,,,,,,,,,,,,,,,,,,,,,,,,100.00,,,,,,,false,false,12,2022-04-01,2023-03-31,0
2022-11-11,83090,2023-03-31,2,,,,,,,,,,,,,,,,,,,,,,,,,,,,,200.00,,,,,,,false,true,12,2022-04-01,2023-03-31,0
2022-11-11,83090,2023-03-31,2,,,,,,,,,,,,,,,,,,,,,,,,,,,,,,,,,375291440,7803140,371779179,false,false,6,2022-04-01,2022-09-30,0
2022-11-11,83090,2022-03-31,2,,,,,,,,,,,,,,,,,,,,,,,,,,,,,,,,,,,374551682,false,false,6,2021-04-01,2021-09-30,-1
2023-01-31,83090,2023-03-31,3,,,,,,,,,203254000000,0.048,,145690000000,,393.49,393.26,,,,,68155710000000,2756718000000,0.040,,2726471000000,,,,,,,,,,,,true,false,9,2022-04-01,2022-12-31,0
2023-01-31,83090,2022-03-31,3,,,,,,,,,193921000000,0.077,,141867000000,,378.76,378.52,,,,,,,,,,,,,,,,,,,,,true,false,9,2021-04-01,2021-12-31,-1
2023-01-31,83090,2023-03-31,3,,,,,,,,,,,,190000000000,,514.22,,,,,,,,,,,,,,,,,,,,,,true,true,12,2022-04-01,2023-03-31,0
2023-01-31,83090,2022-03-31,3,,,,,,,,,,,,,,,,,,,,64633220000000,2745288000000,0.042,,2715556000000,,,,,,,,,,,,true,false,12,2021-04-01,2022-03-31,-1
2023-01-31,83090,2022-03-31,3,,,,,,,,,,,,,,,,,,,,,,,,,,,,,170.00,,,,375291440,716750,,false,false,12,2021-04-01,2022-03-31,-1
2023-01-31,83090,2023-03-31,3,,,,,,,,,,,,,,,,,,,,,,,,,,,,,100.00,,,,,,,false,false,12,2022-04-01,2023-03-31,0
2023-01-31,83090,2023-03-31,3,,,,,,,,,,,,,,,,,,,,,,,,,,,,,200.00,,,,,,,false,true,12,2022-04-01,2023-03-31,0
2023-01-31,83090,2023-03-31,3,,,,,,,,,,,,,,,,,,,,,,,,,,,,,,,,,368172440,1009611,370250957,false,false,9,2022-04-01,2022-12-31,0
2023-01-31,83090,2022-03-31,3,,,,,,,,,,,,,,,,,,,,,,,,,,,,,,,,,,,374559057,false,false,9,2021-04-01,2021-12-31,-1
2023-05-12,83090,2023-03-31,,,,,,,,,,285840000000,0.244,,191000000000,,517.15,516.84,0.069,0.004,,,69022746000000,2822574000000,0.040,7686.52,2792083000000,2616213000000,960275000000,-217509000000,19172638000000,,0.406,,,,,,true,false,12,2022-04-01,2023-03-31,0
2023-05-12,83090,2022-03-31,,,,,,,,,,229704000000,0.254,,169078000000,,451.40,451.13,0.063,0.004,,,64633220000000,2745288000000,0.042,7249.71,2715556000000,-120263000000,-879205000000,-125079000000,15733650000000,,0.377,,,,,,true,false,12,2021-04-01,2022-03-31,-1
2023-05-12,83090,2024-03-31,,,,,,,,,,,,,200000000000,,541.51,,,,,,,,,,,,,,,,0.400,,,,,,true,true,12,2023-04-01,2024-03-31,1
2023-05-12,83090,2022-03-31,,,,,,,,,,,,,,,,,,,,,,,,,,,,,,170.00,,,,375291440,716750,374562607,false,false,12,2021-04-01,2022-03-31,-1
2023-05-12,83090,2023-03-31,,,,,,,,,,,,,,,,,,,,,,,,,,,,,,210.00,,,,368172440,4928473,369334543,false,false,12,2022-04-01,2023-03-31,0
2023-05-12,83090,2024-03-31,,,,,,,,,,,,,,,,,,,,,,,,,,,,,,220.00,,,,,,,false,true,12,2023-04-01,2024-03-31,1
2023-07-28,83090,2024-03-31,1,,,,,,,,,43068000000,-0.514,,36736000000,,101.17,101.11,,,,,71254295000000,2879921000000,0.040,,2849606000000,,,,,,,,,,,,true,false,3,2023-04-01,2023-06-30,0
2023-07-28,83090,2023-03-31,1,,,,,,,,,88706000000,0.307,,64556000000,,172.49,172.38,,,,,,,,,,,,,,,,,,,,,true,false,3,2022-04-01,2022-06-30,-1
2023-07-28,83090,2024-03-31,1,,,,,,,,,,,,200000000000,,550.81,,,,,,,,,,,,,,,,,,,,,,true,true,12,2023-04-01,2024-03-31,0
2023-07-28,83090,2023-03-31,1,,,,,,,,,,,,,,,,,,,,69022746000000,2822574000000,0.040,,2792083000000,,,,,,,,,,,,true,false,12,2022-04-01,2023-03-31,-1
2023-07-28,83090,2023-03-31,1,,,,,,,,,,,,,,,,,,,,,,,,,,,,,210.00,,,,368172440,4928473,,false,false,12,2022-04-01,2023-03-31,-1
2023-07-28,83090,2024-03-31,1,,,,,,,,,,,,,,,,,,,,,,,,,,,,,220.00,,,,,,,false,true,12,2023-04-01,2024-03-31,0
2023-07-28,83090,2024-03-31,1,,,,,,,,,,,,,,,,,,,,,,,,,,,,,,,,,364025840,925654,363100963,false,false,3,2023-04-01,2023-06-30,0
2023-07-28,83090,2023-03-31,1,,,,,,,,,,,,,,,,,,,,,,,,,,,,,,,,,,,374266594,false,false,3,2022-04-01,2022-06-30,-1
2023-10-30,83090,2024-03-31,,,,,,,,,,,,,85000000000,,234.08,,,,,,,,,,,,,,,,,,,,,,true,true,12,2023-04-01,2024-03-31,0
2023-10-30,83090,2023-03-31,,,,,,,,,,,,,191000000000,,517.15,,,,,,,,,,,,,,,,,,,,,,true,false,12,2022-04-01,2023-03-31,-1
2023-11-14,83090,2024-03-31,2,,,,,,,,,51574000000,-0.645,,44063000000,,121.35,121.28,,,,,73145154000000,2974955000000,0.040,8107.79,2944271000000,,,,,,,,,,,,true,false,6,2023-04-01,2023-09-30,0
2023-11-14,83090,2023-03-31,2,,,,,,,,,145119000000,-0.046,,104032000000,,279.82,279.65,,,,,,,,,,,,,,,,,,,,,true,false,6,2022-04-01,2022-09-30,-1
2023-11-14,83090,2024-03-31,2,,,,,,,,,,,,85000000000,,234.08,,,,,,,,,,,,,,,,,,,,,,true,true,12,2023-04-01,2024-03-31,0
2023-11-14,83090,2023-03-31,2,,,,,,,,,,,,,,,,,,,,69022746000000,2822574000000,0.040,7686.52,2792083000000,,,,,,,,,,,,true,false,12,2022-04-01,2023-03-31,-1
2023-11-14,83090,2023-03-31,2,,,,,,,,,,,,,,,,,,,,,,,,,,,,,210.00,,,,368172440,4928473,,false,false,12,2022-04-01,2023-03-31,-1
2023-11-14,83090,2024-03-31,2,,,,,,,,,,,,,,,,,,,,,,,,,,,,,110.00,,,,,,,false,false,12,2023-04-01,2024-03-31,0
2023-11-14,83090,2024-03-31,2,,,,,,,,,,,,,,,,,,,,,,,,,,,,,220.00,,,,,,,false,true,12,2023-04-01,2024-03-31,0
2023-11-14,83090,2024-03-31,2,,,,,,,,,,,,,,,,,,,,,,,,,,,,,,,,,364025840,884818,363112976,false,false,6,2023-04-01,2023-09-30,0
2023-11-14,83090,2023-03-31,2,,,,,,,,,,,,,,,,,,,,,,,,,,,,,,,,,,,371779179,false,false,6,2022-04-01,2022-09-30,-1
,83090,2024-03-31,,,,,,,,,,,,,,,,,,,,,,,,,,,,,,55.00,,,,,,,false,true,12,2023-04-01,2024-03-31,0
,83090,2024-03-31,,,,,,,,,,,,,,,,,,,,,,,,,,,,,,110.00,,,,,,,false,false,12,2023-04-01,2024-03-31,0
,83090,2023-03-31,,,,,,,,,,,,,,,,,,,,,,,,,,,,,,210.00,,,,,,,false,false,12,2022-04-01,2023-03-31,-1
2024-01-31,83090,2024-03-31,3,,,,,,,,,55783000000,-0.726,,49281000000,,67.86,67.82,,,,,73348171000000,3010291000000,0.041,,2979460000000,,,,,,,,,,,,true,false,9,2023-04-01,2023-12-31,0
2024-01-31,83090,2023-03-31,3,,,,,,,,,203254000000,0.048,,145690000000,,196.75,196.63,,,,,,,,,,,,,,,,,,,,,true,false,9,2022-04-01,2022-12-31,-1
2024-01-31,83090,2024-03-31,3,,,,,,,,,,,,85000000000,,117.04,,,,,,,,,,,,,,,,,,,,,,true,true,12,2023-04-01,2024-03-31,0
2024-01-31,83090,2023-03-31,3,,,,,,,,,,,,,,,,,,,,69022746000000,2822574000000,0.040,,2792083000000,,,,,,,,,,,,true,false,12,2022-04-01,2023-03-31,-1
2024-01-31,83090,2023-03-31,3,,,,,,,,,,,,,,,,,,,,,,,,,,,,,210.00,,,,736344880,9856946,,false,false,12,2022-04-01,2023-03-31,-1
2024-01-31,83090,2024-03-31,3,,,,,,,,,,,,,,,,,,,,,,,,,,,,,110.00,,,,,,,false,false,12,2023-04-01,2024-03-31,0
2024-01-31,83090,2024-03-31,3,,,,,,,,,,,,,,,,,,,,,,,,,,,,,55.00,,,,,,,false,true,12,2023-04-01,2024-03-31,0
2024-01-31,83090,2024-03-31,3,,,,,,,,,,,,,,,,,,,,,,,,,,,,,,,,,728051680,1767552,726244664,false,false,9,2023-04-01,2023-12-31,0
2024-01-31,83090,2023-03-31,3,,,,,,,,,,,,,,,,,,,,,,,,,,,,,,,,,,,740501914,false,false,9,2022-04-01,2022-12-31,-1
2024-05-14,83090,2024-03-31,,,,,,,,,,101327000000,-0.646,,79199000000,,109.16,109.10,0.027,0.001,,,75876905000000,3137686000000,0.041,4316.77,3106327000000,4294547000000,-2584194000000,-85751000000,20837852000000,,1.008,,,,,,true,false,12,2023-04-01,2024-03-31,0
2024-05-14,83090,2023-03-31,,,,,,,,,,285840000000,0.244,,191000000000,,258.57,258.42,0.069,0.004,,,69022746000000,2822574000000,0.040,3843.26,2792083000000,2616213000000,960275000000,-217509000000,19172638000000,,0.406,,,,,,true,false,12,2022-04-01,2023-03-31,-1
2024-05-14,83090,2025-03-31,,,,,,,,,,,,,240000000000,,330.79,,,,,,,,,,,,,,,,0.435,,,,,,true,true,12,2024-04-01,2025-03-31,1
2024-05-14,83090,2023-03-31,,,,,,,,,,,,,,,,,,,,,,,,,,,,,,210.00,,,,736344880,9856946,738669086,false,false,12,2022-04-01,2023-03-31,-1
2024-05-14,83090,2024-03-31,,,,,,,,,,,,,,,,,,,,,,,,,,,,,,55.00,,,,728051680,8456388,725527228,false,false,12,2023-04-01,2024-03-31,0
2024-05-14,83090,2025-03-31,,,,,,,,,,,,,,,,,,,,,,,,,,,,,,145.00,,,,,,,false,true,12,2024-04-01,2025-03-31,1
2024-07-30,83090,2025-03-31,1,,,,,,,,,91485000000,1.124,,66699000000,,92.71,92.66,,,,,77190518000000,3157568000000,0.041,,3126263000000,,,,,,,,,,,,true,false,3,2024-04-01,2024-06-30,0
2024-07-30,83090,2024-03-31,1,,,,,,,,,43068000000,-0.514,,36736000000,,50.59,50.56,,,,,,,,,,,,,,,,,,,,,true,false,3,2023-04-01,2023-06-30,-1
2024-07-30,83090,2025-03-31,1,,,,,,,,,,,,240000000000,,333.81,,,,,,,,,,,,,,,,,,,,,,true,true,12,2024-04-01,2025-03-31,0
2024-07-30,83090,2024-03-31,1,,,,,,,,,,,,,,,,,,,,75876905000000,3137686000000,0.041,,3106327000000,,,,,,,,,,,,true,false,12,2023-04-01,2024-03-31,-1
2024-07-30,83090,2024-03-31,1,,,,,,,,,,,,,,,,,,,,,,,,,,,,,55.00,,,,728051680,8456388,,false,false,12,2023-04-01,2024-03-31,-1
2024-07-30,83090,2025-03-31,1,,,,,,,,,,,,,,,,,,,,,,,,,,,,,145.00,,,,,,,false,true,12,2024-04-01,2025-03-31,0
2024-07-30,83090,2025-03-31,1,,,,,,,,,,,,,,,,,,,,,,,,,,,,,,,,,721355380,2548848,719455495,false,false,3,2024-04-01,2024-06-30,0
2024-07-30,83090,2024-03-31,1,,,,,,,,,,,,,,,,,,,,,,,,,,,,,,,,,,,726201926,false,false,3,2023-04-01,2023-06-30,-1
2024-11-12,83090,2025-03-31,2,,,,,,,,,183003000000,2.548,,132824000000,,184.69,184.58,,,,,76949032000000,3208370000000,0.041,4419.58,3177757000000,,,,,,,,,,,,true,false,6,2024-04-01,2024-09-30,0
2024-11-12,83090,2024-03-31,2,,,,,,,,,51574000000,-0.645,,44063000000,,60.67,60.64,,,,,,,,,,,,,,,,,,,,,true,false,6,2023-04-01,2023-09-30,-1
2024-11-12,83090,2025-03-31,2,,,,,,,,,,,,240000000000,,333.75,,,,,,,,,,,,,,,,,,,,,,true,true,12,2024-04-01,2025-03-31,0
2024-11-12,83090,2024-03-31,2,,,,,,,,,,,,,,,,,,,,75876905000000,3137686000000,0.041,4316.77,3106327000000,,,,,,,,,,,,true,false,12,2023-04-01,2024-03-31,-1
2024-11-12,83090,2024-03-31,2,,,,,,,,,,,,,,,,,,,,,,,,,,,,,55.00,,,,728051680,8456388,,false,false,12,2023-04-01,2024-03-31,-1
2024-11-12,83090,2025-03-31,2,,,,,,,,,,,,,,,,,,,,,,,,,,,,,72.50,,,,,,,false,false,12,2024-04-01,2025-03-31,0
2024-11-12,83090,2025-03-31,2,,,,,,,,,,,,,,,,,,,,,,,,,,,,,145.00,,,,,,,false,true,12,2024-04-01,2025-03-31,0
2024-11-12,83090,2025-03-31,2,,,,,,,,,,,,,,,,,,,,,,,,,,,,,,,,,721355380,2337122,719186426,false,false,6,2024-04-01,2024-09-30,0
2024-11-12,83090,2024-03-31,2,,,,,,,,,,,,,,,,,,,,,,,,,,,,,,,,,,,726225952,false,false,6,2023-04-01,2023-09-30,-1
2025-01-31,83090,2025-03-31,3,,,,,,,,,312581000000,4.603,,225990000000,,314.61,314.43,,,,,78320305000000,3145143000000,0.040,,3114194000000,,,,,,,,,,,,true,false,9,2024-04-01,2024-12-31,0
2025-01-31,83090,2024-03-31,3,,,,,,,,,55783000000,-0.726,,49281000000,,67.86,67.82,,,,,,,,,,,,,,,,,,,,,true,false,9,2023-04-01,2023-12-31,-1
2025-01-31,83090,2025-03-31,3,,,,,,,,,,,,250000000000,,348.90,,,,,,,,,,,,,,,,,,,,,,true,true,12,2024-04-01,2025-03-31,0
2025-01-31,83090,2024-03-31,3,,,,,,,,,,,,,,,,,,,,75876905000000,3137686000000,0.041,,3106327000000,,,,,,,,,,,,true,false,12,2023-04-01,2024-03-31,-1
2025-01-31,83090,2024-03-31,3,,,,,,,,,,,,,,,,,,,,,,,,,,,,,55.00,,,,728051680,8456388,,false,false,12,2023-04-01,2024-03-31,-1
2025-01-31,83090,2025-03-31,3,,,,,,,,,,,,,,,,,,,,,,,,,,,,,72.50,,,,,,,false,false,12,2024-04-01,2025-03-31,0
2025-01-31,83090,2025-03-31,3,,,,,,,,,,,,,,,,,,,,,,,,,,,,,155.00,,,,,,,false,true,12,2024-04-01,2025-03-31,0
2025-01-31,83090,2025-03-31,3,,,,,,,,,,,,,,,,,,,,,,,,,,,,,,,,,721355380,10243951,718325643,false,false,9,2024-04-01,2024-12-31,0
2025-01-31,83090,2024-03-31,3,,,,,,,,,,,,,,,,,,,,,,,,,,,,,,,,,,,726244664,false,false,9,2023-04-01,2023-12-31,-1
2025-05-14,83090,2025-03-31,,,,,,,,,,367694000000,2.629,,257635000000,,359.57,359.37,0.083,0.005,,,78247102000000,3127317000000,0.040,4354.92,3096168000000,3976669000000,-1763839000000,-47585000000,23062373000000,,0.431,,,,,,true,false,12,2024-04-01,2025-03-31,0
2025-05-14,83090,2024-03-31,,,,,,,,,,101327000000,-0.646,,79199000000,,109.16,109.10,0.027,0.001,,,75876905000000,3137686000000,0.041,4316.77,3106327000000,4294547000000,-2584194000000,-85751000000,20837852000000,,1.008,,,,,,true,false,12,2023-04-01,2024-03-31,-1
2025-05-14,83090,2026-03-31,,,,,,,,,,,,,280000000000,,390.78,,,,,,,,,,,,,,,,0.402,,,,,,true,true,12,2025-04-01,2026-03-31,1
2025-05-14,83090,2024-03-31,,,,,,,,,,,,,,,,,,,,,,,,,,,,,,55.00,,,,728051680,8456388,725527228,false,false,12,2023-04-01,2024-03-31,-1
2025-05-14,83090,2025-03-31,,,,,,,,,,,,,,,,,,,,,,,,,,,,,,155.00,,,,721355380,10396037,716510349,false,false,12,2024-04-01,2025-03-31,0
2025-05-14,83090,2026-03-31,,,,,,,,,,,,,,,,,,,,,,,,,,,,,,160.00,,,,,,,false,true,12,2025-04-01,2026-03-31,1
