filing_date,code,fiscal_year_end,quarterly_period,net_sales,net_sales_change,revenue,revenue_change,operating_revenue,operating_revenue_change,operating_profit,operating_profit_change,ordinary_profit,ordinary_profit_change,net_income,net_income_of_parent,net_income_change,eps,diluted_eps,roe,roa,operating_profit_to_net_sales,operating_profit_to_revenue,total_assets,net_assets,equity_ratio,bps,owner_equity,operating_cash_flow,investing_cash_flow,financing_cash_flow,cash,dividend_per_share,payout_ratio,commemorative_dividend,extra_dividend,number_of_shares,number_of_treqsury_shares,avg_number_of_shares,is_consolidated,is_forecast,duration,period_start,period_end,period_pos
2015-05-12,83430,2015-03-31,,,,,,,,,,11645000000,0.185,6916000000,,0.032,37.27,37.22,0.044,0.004,,,2883621000000,174444000000,0.058,912.36,168611000000,103865000000,-3077000000,-1800000000,216233000000,,0.160,,,,,,true,false,12,2014-04-01,2015-03-31,0
2015-05-12,83430,2014-03-31,,,,,,,,,,9826000000,0.425,6699000000,,0.782,35.64,35.60,0.046,0.003,,,2772671000000,150788000000,0.052,775.73,145168000000,106305000000,-129989000000,-1736000000,117238000000,,0.168,,,,,,true,false,12,2013-04-01,2014-03-31,-1
2015-05-12,83430,2016-03-31,,,,,,,,,,3900000000,-0.272,,2400000000,,12.98,,,,,,,,,,,,,,,,,,,,,,true,true,6,2015-04-01,2015-09-30,1
2015-05-12,83430,2016-03-31,,,,,,,,,,7800000000,-0.330,,4700000000,,25.43,,,,,,,,,,,,,,,,0.235,,,,,,true,true,12,2015-04-01,2016-03-31,1
2015-05-12,83430,2015-03-31,,,,,,,,,,11013000000,0.242,6706000000,,0.084,36.14,36.09,,,,,2873825000000,166857000000,0.058,902.53,166795000000,,,,,6.00,,,,186936439,2129665,185547159,false,false,12,2014-04-01,2015-03-31,0
2015-05-12,83430,2014-03-31,,,,,,,,,,8865000000,0.449,6186000000,,0.804,32.91,32.88,,,,,2764548000000,144964000000,0.052,774.38,144915000000,,,,,6.00,,,,193936439,6800413,187960327,false,false,12,2013-04-01,2014-03-31,-1
2015-05-12,83430,2016-03-31,,,,,,,,,,3600000000,-0.269,2200000000,,-0.330,11.90,,,,,,,,,,,,,,,,,,,,,,false,true,6,2015-04-01,2015-09-30,1
2015-05-12,83430,2016-03-31,,,,,,,,,,7300000000,-0.337,4500000000,,-0.328,24.34,,,,,,,,,,,,,,,6.00,,,,,,,false,true,12,2015-04-01,2016-03-31,1
2015-07-30,83430,2016-03-31,1,,,,,,,,,3316000000,0.632,,2249000000,,12.16,12.15,,,,,2934722000000,176802000000,0.058,,170946000000,,,,,,,,,,,,true,false,3,2015-04-01,2015-06-30,0
2015-07-30,83430,2015-03-31,1,,,,,,,,,2031000000,-0.451,,1600000000,,8.54,8.53,,,,,,,,,,,,,,,,,,,,,true,false,3,2014-04-01,2014-06-30,-1
2015-07-30,83430,2016-03-31,1,,,,,,,,,3900000000,-0.272,,2400000000,,12.98,,,,,,,,,,,,,,,,,,,,,,true,true,6,2015-04-01,2015-09-30,0
2015-07-30,83430,2016-03-31,1,,,,,,,,,7800000000,-0.330,,4700000000,,25.43,,,,,,,,,,,,,,,,,,,,,,true,true,12,2015-04-01,2016-03-31,0
2015-07-30,83430,2015-03-31,1,,,,,,,,,,,,,,,,,,,,2883621000000,174444000000,0.058,,168611000000,,,,,,,,,,,,true,false,12,2014-04-01,2015-03-31,-1
2015-07-30,83430,2015-03-31,1,,,,,,,,,,,,,,,,,,,,,,,,,,,,,6.00,,,,186936439,2129665,,false,false,12,2014-04-01,2015-03-31,-1
2015-07-30,83430,2016-03-31,1,,,,,,,,,,,,,,,,,,,,,,,,,,,,,6.00,,,,,,,false,true,12,2015-04-01,2016-03-31,0
2015-07-30,83430,2016-03-31,1,,,,,,,,,,,,,,,,,,,,,,,,,,,,,,,,,186936439,1758041,184893442,false,false,3,2015-04-01,2015-06-30,0
2015-07-30,83430,2015-03-31,1,,,,,,,,,,,,,,,,,,,,,,,,,,,,,,,,,,,187215464,false,false,3,2014-04-01,2014-06-30,-1
2015-10-29,83430,2016-03-31,,,,,,,,,,5600000000,0.435,,3600000000,,19.47,,,,,,,,,,,,,,,,,,,,,,true,true,6,2015-04-01,2015-09-30,0
2015-10-29,83430,2015-03-31,,,,,,,,,,5359000000,,,3499000000,,18.77,,,,,,,,,,,,,,,,,,,,,,true,false,6,2014-04-01,2014-09-30,-1
2015-10-29,83430,2016-03-31,,,,,,,,,,5200000000,0.444,3500000000,,0.590,18.93,,,,,,,,,,,,,,,,,,,,,,false,true,6,2015-04-01,2015-09-30,0
2015-10-29,83430,2015-03-31,,,,,,,,,,4929000000,,3286000000,,,17.63,,,,,,,,,,,,,,,,,,,,,,false,false,6,2014-04-01,2014-09-30,-1
2015-11-11,83430,2016-03-31,2,,,,,,,,,5599000000,0.044,,3602000000,,19.50,19.48,,,,,2935899000000,171395000000,0.056,,165503000000,,,,,,,,,,,,true,false,6,2015-04-01,2015-09-30,0
2015-11-11,83430,2015-03-31,2,,,,,,,,,5359000000,-0.110,,3499000000,,18.77,18.75,,,,,,,,,,,,,,,,,,,,,true,false,6,2014-04-01,2014-09-30,-1
2015-11-11,83430,2016-03-31,2,,,,,,,,,9300000000,-0.201,,6000000000,,32.83,,,,,,,,,,,,,,,,,,,,,,true,true,12,2015-04-01,2016-03-31,0
2015-11-11,83430,2016-03-31,2,,,,,,,,,5254000000,0.065,3509000000,,0.067,19.00,,,,,,2925878000000,163509000000,0.055,,163452000000,,,,,,,,,186936439,4191900,184678533,false,false,6,2015-04-01,2015-09-30,0
2015-11-11,83430,2015-03-31,2,,,,,,,,,4929000000,-0.103,3286000000,,0.080,17.63,,,,,,,,,,,,,,,,,,,,,186415858,false,false,6,2014-04-01,2014-09-30,-1
2015-11-11,83430,2016-03-31,2,,,,,,,,,8900000000,-0.191,5800000000,,-0.135,31.73,,,,,,,,,,,,,,,6.00,,,,,,,false,true,12,2015-04-01,2016-03-31,0
2015-11-11,83430,2015-03-31,2,,,,,,,,,,,,,,,,,,,,2883621000000,174444000000,0.058,,168611000000,,,,,,,,,,,,true,false,12,2014-04-01,2015-03-31,-1
2015-11-11,83430,2015-03-31,2,,,,,,,,,,,,,,,,,,,,2873825000000,166857000000,0.058,,166795000000,,,,,6.00,,,,186936439,2129665,,false,false,12,2014-04-01,2015-03-31,-1
2015-11-11,83430,2016-03-31,2,,,,,,,,,,,,,,,,,,,,,,,,,,,,,3.00,,,,,,,false,false,12,2015-04-01,2016-03-31,0
2016-01-29,83430,2016-03-31,3,,,,,,,,,7420000000,-0.222,,4885000000,,26.55,26.52,,,,,3014568000000,176240000000,0.056,,170214000000,,,,,,,,,,,,true,false,9,2015-04-01,2015-12-31,0
2016-01-29,83430,2015-03-31,3,,,,,,,,,9540000000,0.079,,6178000000,,33.25,33.21,,,,,,,,,,,,,,,,,,,,,true,false,9,2014-04-01,2014-12-31,-1
2016-01-29,83430,2016-03-31,3,,,,,,,,,9300000000,-0.201,,6000000000,,32.83,,,,,,,,,,,,,,,,,,,,,,true,true,12,2015-04-01,2016-03-31,0
2016-01-29,83430,2015-03-31,3,,,,,,,,,,,,,,,,,,,,2883621000000,174444000000,0.058,,168611000000,,,,,,,,,,,,true,false,12,2014-04-01,2015-03-31,-1
2016-01-29,83430,2015-03-31,3,,,,,,,,,,,,,,,,,,,,,,,,,,,,,6.00,,,,186936439,2129665,,false,false,12,2014-04-01,2015-03-31,-1
2016-01-29,83430,2016-03-31,3,,,,,,,,,,,,,,,,,,,,,,,,,,,,,3.00,,,,,,,false,false,12,2015-04-01,2016-03-31,0
2016-01-29,83430,2016-03-31,3,,,,,,,,,,,,,,,,,,,,,,,,,,,,,6.00,,,,,,,false,true,12,2015-04-01,2016-03-31,0
2016-01-29,83430,2016-03-31,3,,,,,,,,,,,,,,,,,,,,,,,,,,,,,,,,,183936439,1434718,183965066,false,false,9,2015-04-01,2015-12-31,0
2016-01-29,83430,2015-03-31,3,,,,,,,,,,,,,,,,,,,,,,,,,,,,,,,,,,,185802073,false,false,9,2014-04-01,2014-12-31,-1
2016-05-12,83430,2016-03-31,,,,,,,,,,9837000000,-0.155,,6578000000,,35.82,35.78,0.038,0.003,,,2992961000000,177221000000,0.057,938.25,171230000000,101796000000,-22341000000,-1866000000,293817000000,,0.181,,,,,,true,false,12,2015-04-01,2016-03-31,0
2016-05-12,83430,2015-03-31,,,,,,,,,,11645000000,0.185,,6916000000,,37.27,37.22,0.044,0.004,,,2883621000000,174444000000,0.058,912.36,168611000000,103865000000,-3077000000,-1800000000,216233000000,,0.160,,,,,,true,false,12,2014-04-01,2015-03-31,-1
2016-05-12,83430,2017-03-31,,,,,,,,,,2900000000,-0.482,,1900000000,,10.41,,,,,,,,,,,,,,,,,,,,,,true,true,6,2016-04-01,2016-09-30,1
2016-05-12,83430,2017-03-31,,,,,,,,,,6300000000,-0.359,,4100000000,,22.46,,,,,,,,,,,,,,,,0.311,,,,,,true,true,12,2016-04-01,2017-03-31,1
2016-05-12,83430,2016-03-31,,,,,,,,,,9280000000,-0.157,6416000000,,-0.043,34.94,34.90,,,,,2985725000000,171160000000,0.057,937.56,171103000000,,,,,6.50,,,,183936439,1438765,183600639,false,false,12,2015-04-01,2016-03-31,0
2016-05-12,83430,2015-03-31,,,,,,,,,,11013000000,0.242,6706000000,,0.084,36.14,36.09,,,,,2873825000000,166857000000,0.058,902.53,166795000000,,,,,6.00,,,,186936439,2129665,185547159,false,false,12,2014-04-01,2015-03-31,-1
2016-05-12,83430,2017-03-31,,,,,,,,,,2800000000,-0.467,1900000000,,-0.458,10.41,,,,,,,,,,,,,,,,,,,,,,false,true,6,2016-04-01,2016-09-30,1
2016-05-12,83430,2017-03-31,,,,,,,,,,6100000000,-0.342,4000000000,,-0.376,21.91,,,,,,,,,,,,,,,7.00,,,,,,,false,true,12,2016-04-01,2017-03-31,1
2016-07-29,83430,2017-03-31,1,,,,,,,,,2316000000,-0.301,,1710000000,,9.37,9.35,,,,,3100203000000,179750000000,0.056,,173733000000,,,,,,,,,,,,true,false,3,2016-04-01,2016-06-30,0
2016-07-29,83430,2016-03-31,1,,,,,,,,,3316000000,0.632,,2249000000,,12.16,12.15,,,,,,,,,,,,,,,,,,,,,true,false,3,2015-04-01,2015-06-30,-1
2016-07-29,83430,2017-03-31,1,,,,,,,,,2900000000,-0.482,,1900000000,,10.41,,,,,,,,,,,,,,,,,,,,,,true,true,6,2016-04-01,2016-09-30,0
2016-07-29,83430,2017-03-31,1,,,,,,,,,6300000000,-0.359,,4100000000,,22.46,,,,,,,,,,,,,,,,,,,,,,true,true,12,2016-04-01,2017-03-31,0
2016-07-29,83430,2016-03-31,1,,,,,,,,,,,,,,,,,,,,2992961000000,177221000000,0.057,,171230000000,,,,,,,,,,,,true,false,12,2015-04-01,2016-03-31,-1
2016-07-29,83430,2016-03-31,1,,,,,,,,,,,,,,,,,,,,,,,,,,,,,6.50,,,,183936439,1438765,,false,false,12,2015-04-01,2016-03-31,-1
2016-07-29,83430,2017-03-31,1,,,,,,,,,,,,,,,,,,,,,,,,,,,,,7.00,,,,,,,false,true,12,2016-04-01,2017-03-31,0
2016-07-29,83430,2017-03-31,1,,,,,,,,,,,,,,,,,,,,,,,,,,,,,,,,,183936439,1428742,182497594,false,false,3,2016-04-01,2016-06-30,0
2016-07-29,83430,2016-03-31,1,,,,,,,,,,,,,,,,,,,,,,,,,,,,,,,,,,,184893442,false,false,3,2015-04-01,2015-06-30,-1
2016-10-28,83430,2017-03-31,,,,,,,,,,4100000000,0.413,,2800000000,,15.34,,,,,,,,,,,,,,,,,,,,,,true,true,6,2016-04-01,2016-09-30,0
2016-10-28,83430,2016-03-31,,,,,,,,,,5599000000,,,3602000000,,19.50,,,,,,,,,,,,,,,,,,,,,,true,false,6,2015-04-01,2015-09-30,-1
2016-10-28,83430,2017-03-31,,,,,,,,,,3800000000,0.357,2800000000,,0.473,15.34,,,,,,,,,,,,,,,,,,,,,,false,true,6,2016-04-01,2016-09-30,0
2016-10-28,83430,2016-03-31,,,,,,,,,,5254000000,,3509000000,,,19.00,,,,,,,,,,,,,,,,,,,,,,false,false,6,2015-04-01,2015-09-30,-1
2016-11-10,83430,2017-03-31,2,,,,,,,,,4150000000,-0.258,,2863000000,,15.68,15.66,,,,,3037583000000,178041000000,0.056,,171939000000,,,,,,,,,,,,true,false,6,2016-04-01,2016-09-30,0
2016-11-10,83430,2016-03-31,2,,,,,,,,,5599000000,0.044,,3602000000,,19.50,19.48,,,,,,,,,,,,,,,,,,,,,true,false,6,2015-04-01,2015-09-30,-1
2016-11-10,83430,2017-03-31,2,,,,,,,,,6500000000,-0.339,,4700000000,,25.75,,,,,,,,,,,,,,,,,,,,,,true,true,12,2016-04-01,2017-03-31,0
2016-11-10,83430,2017-03-31,2,,,,,,,,,3889000000,-0.259,2844000000,,-0.189,15.58,,,,,,3030082000000,171682000000,0.056,,171612000000,,,,,,,,,183936439,1431539,182501686,false,false,6,2016-04-01,2016-09-30,0
2016-11-10,83430,2016-03-31,2,,,,,,,,,5254000000,0.065,3509000000,,0.067,19.00,,,,,,,,,,,,,,,,,,,,,184678533,false,false,6,2015-04-01,2015-09-30,-1
2016-11-10,83430,2017-03-31,2,,,,,,,,,6200000000,-0.331,4600000000,,-0.283,25.20,,,,,,,,,,,,,,,7.00,,,,,,,false,true,12,2016-04-01,2017-03-31,0
2016-11-10,83430,2016-03-31,2,,,,,,,,,,,,,,,,,,,,2992961000000,177221000000,0.057,,171230000000,,,,,,,,,,,,true,false,12,2015-04-01,2016-03-31,-1
2016-11-10,83430,2016-03-31,2,,,,,,,,,,,,,,,,,,,,2985725000000,171160000000,0.057,,171103000000,,,,,6.50,,,,183936439,1438765,,false,false,12,2015-04-01,2016-03-31,-1
2016-11-10,83430,2017-03-31,2,,,,,,,,,,,,,,,,,,,,,,,,,,,,,3.50,,,,,,,false,false,12,2016-04-01,2017-03-31,0
2017-01-30,83430,2017-03-31,3,,,,,,,,,5558000000,-0.250,,4014000000,,22.03,22.01,,,,,3176354000000,176100000000,0.053,,169920000000,,,,,,,,,,,,true,false,9,2016-04-01,2016-12-31,0
2017-01-30,83430,2016-03-31,3,,,,,,,,,7420000000,-0.222,,4885000000,,26.55,26.52,,,,,,,,,,,,,,,,,,,,,true,false,9,2015-04-01,2015-12-31,-1
2017-01-30,83430,2017-03-31,3,,,,,,,,,6500000000,-0.339,,4700000000,,25.75,,,,,,,,,,,,,,,,,,,,,,true,true,12,2016-04-01,2017-03-31,0
2017-01-30,83430,2016-03-31,3,,,,,,,,,,,,,,,,,,,,2992961000000,177221000000,0.057,,171230000000,,,,,,,,,,,,true,false,12,2015-04-01,2016-03-31,-1
2017-01-30,83430,2016-03-31,3,,,,,,,,,,,,,,,,,,,,,,,,,,,,,6.50,,,,183936439,1438765,,false,false,12,2015-04-01,2016-03-31,-1
2017-01-30,83430,2017-03-31,3,,,,,,,,,,,,,,,,,,,,,,,,,,,,,3.50,,,,,,,false,false,12,2016-04-01,2017-03-31,0
2017-01-30,83430,2017-03-31,3,,,,,,,,,,,,,,,,,,,,,,,,,,,,,7.00,,,,,,,false,true,12,2016-04-01,2017-03-31,0
2017-01-30,83430,2017-03-31,3,,,,,,,,,,,,,,,,,,,,,,,,,,,,,,,,,180936439,1438320,182148483,false,false,9,2016-04-01,2016-12-31,0
2017-01-30,83430,2016-03-31,3,,,,,,,,,,,,,,,,,,,,,,,,,,,,,,,,,,,183965066,false,false,9,2015-04-01,2015-12-31,-1
2017-05-11,83430,2017-03-31,,,,,,,,,,6498000000,-0.339,,4741000000,,26.12,26.09,0.027,0.002,,,2980211000000,175258000000,0.056,941.61,169011000000,-48953000000,53312000000,-2422000000,295753000000,,0.267,,,,,,true,false,12,2016-04-01,2017-03-31,0
2017-05-11,83430,2016-03-31,,,,,,,,,,9837000000,-0.155,,6578000000,,35.82,35.78,0.038,0.003,,,2992961000000,177221000000,0.057,938.25,171230000000,101796000000,-22341000000,-1866000000,293817000000,,0.181,,,,,,true,false,12,2015-04-01,2016-03-31,-1
2017-05-11,83430,2018-03-31,,,,,,,,,,2700000000,-0.349,,1800000000,,10.02,,,,,,,,,,,,,,,,,,,,,,true,true,6,2017-04-01,2017-09-30,1
2017-05-11,83430,2018-03-31,,,,,,,,,,5600000000,-0.138,,3700000000,,20.61,,,,,,,,,,,,,,,,0.339,,,,,,true,true,12,2017-04-01,2018-03-31,1
2017-05-11,83430,2017-03-31,,,,,,,,,,5800000000,-0.375,4502000000,,-0.298,24.80,24.77,,,,,2971829000000,167654000000,0.056,933.66,167584000000,,,,,7.00,,,,180936439,1444645,181494101,false,false,12,2016-04-01,2017-03-31,0
2017-05-11,83430,2016-03-31,,,,,,,,,,9280000000,-0.157,6416000000,,-0.043,34.94,34.90,,,,,2985725000000,171160000000,0.057,937.56,171103000000,,,,,6.50,,,,183936439,1438765,183600639,false,false,12,2015-04-01,2016-03-31,-1
2017-05-11,83430,2018-03-31,,,,,,,,,,2500000000,-0.357,1800000000,,-0.367,10.02,,,,,,,,,,,,,,,,,,,,,,false,true,6,2017-04-01,2017-09-30,1
2017-05-11,83430,2018-03-31,,,,,,,,,,5200000000,-0.103,3600000000,,-0.200,20.05,,,,,,,,,,,,,,,7.00,,,,,,,false,true,12,2017-04-01,2018-03-31,1
,83430,2018-03-31,,,,,,,,,,,,,,,,,,,,,,,,,,,,,,35.00,,,,,,,false,true,12,2017-04-01,2018-03-31,0
,83430,2017-03-31,,,,,,,,,,,,,,,,,,,,,,,,,,,,,,7.00,,,,,,,false,false,12,2016-04-01,2017-03-31,-1
2017-07-28,83430,2018-03-31,1,,,,,,,,,2019000000,-0.128,,2092000000,,11.65,11.63,,,,,3069244000000,179152000000,0.056,,172871000000,,,,,,,,,,,,true,false,3,2017-04-01,2017-06-30,0
2017-07-28,83430,2017-03-31,1,,,,,,,,,2316000000,-0.301,,1710000000,,9.37,9.35,,,,,,,,,,,,,,,,,,,,,true,false,3,2016-04-01,2016-06-30,-1
2017-07-28,83430,2018-03-31,1,,,,,,,,,2700000000,-0.349,,1800000000,,10.02,,,,,,,,,,,,,,,,,,,,,,true,true,6,2017-04-01,2017-09-30,0
2017-07-28,83430,2018-03-31,1,,,,,,,,,5600000000,-0.138,,3700000000,,206.13,,,,,,,,,,,,,,,,,,,,,,true,true,12,2017-04-01,2018-03-31,0
2017-07-28,83430,2017-03-31,1,,,,,,,,,,,,,,,,,,,,2980211000000,175258000000,0.056,,169011000000,,,,,,,,,,,,true,false,12,2016-04-01,2017-03-31,-1
2017-07-28,83430,2017-03-31,1,,,,,,,,,,,,,,,,,,,,,,,,,,,,,7.00,,,,180936439,1444645,,false,false,12,2016-04-01,2017-03-31,-1
2017-07-28,83430,2018-03-31,1,,,,,,,,,,,,,,,,,,,,,,,,,,,,,35.00,,,,,,,false,true,12,2017-04-01,2018-03-31,0
2017-07-28,83430,2018-03-31,1,,,,,,,,,,,,,,,,,,,,,,,,,,,,,,,,,180936439,1391632,179491740,false,false,3,2017-04-01,2017-06-30,0
2017-07-28,83430,2017-03-31,1,,,,,,,,,,,,,,,,,,,,,,,,,,,,,,,,,,,182497594,false,false,3,2016-04-01,2016-06-30,-1
2017-10-30,83430,2018-03-31,,,,,,,,,,3500000000,0.296,,3100000000,,172.70,,,,,,,,,,,,,,,,,,,,,,true,true,6,2017-04-01,2017-09-30,0
2017-10-30,83430,2017-03-31,,,,,,,,,,4150000000,,,2863000000,,156.88,,,,,,,,,,,,,,,,,,,,,,true,false,6,2016-04-01,2016-09-30,-1
2017-10-30,83430,2018-03-31,,,,,,,,,,3200000000,0.280,2700000000,,0.500,150.42,,,,,,,,,,,,,,,,,,,,,,false,true,6,2017-04-01,2017-09-30,0
2017-10-30,83430,2017-03-31,,,,,,,,,,3889000000,,2844000000,,,155.86,,,,,,,,,,,,,,,,,,,,,,false,false,6,2016-04-01,2016-09-30,-1
2017-11-13,83430,2018-03-31,2,,,,,,,,,3570000000,-0.139,,3145000000,,175.20,174.97,,,,,3041592000000,181288000000,0.057,,174930000000,,,,,,,,,,,,true,false,6,2017-04-01,2017-09-30,0
2017-11-13,83430,2017-03-31,2,,,,,,,,,4150000000,-0.258,,2863000000,,156.88,156.69,,,,,,,,,,,,,,,,,,,,,true,false,6,2016-04-01,2016-09-30,-1
2017-11-13,83430,2018-03-31,2,,,,,,,,,5000000000,-0.230,,4000000000,,222.78,,,,,,,,,,,,,,,,,,,,,,true,true,12,2017-04-01,2018-03-31,0
2017-11-13,83430,2018-03-31,2,,,,,,,,,3242000000,-0.166,2774000000,,-0.024,154.57,,,,,,3032322000000,172863000000,0.056,,172793000000,,,,,,,,,18093643,139474,17951783,false,false,6,2017-04-01,2017-09-30,0
2017-11-13,83430,2017-03-31,2,,,,,,,,,3889000000,-0.259,2844000000,,-0.189,155.86,,,,,,,,,,,,,,,,,,,,,18250168,false,false,6,2016-04-01,2016-09-30,-1
2017-11-13,83430,2018-03-31,2,,,,,,,,,4600000000,-0.206,3600000000,,-0.200,200.51,,,,,,,,,,,,,,,35.00,,,,,,,false,true,12,2017-04-01,2018-03-31,0
2017-11-13,83430,2017-03-31,2,,,,,,,,,,,,,,,,,,,,2980211000000,175258000000,0.056,,169011000000,,,,,,,,,,,,true,false,12,2016-04-01,2017-03-31,-1
2017-11-13,83430,2017-03-31,2,,,,,,,,,,,,,,,,,,,,2971829000000,167654000000,0.056,,167584000000,,,,,7.00,,,,18093643,144464,,false,false,12,2016-04-01,2017-03-31,-1
2017-11-13,83430,2018-03-31,2,,,,,,,,,,,,,,,,,,,,,,,,,,,,,3.50,,,,,,,false,false,12,2017-04-01,2018-03-31,0
2018-01-30,83430,2018-03-31,3,,,,,,,,,5355000000,-0.036,,4337000000,,241.62,241.30,,,,,3113795000000,185245000000,0.057,,178815000000,,,,,,,,,,,,true,false,9,2017-04-01,2017-12-31,0
2018-01-30,83430,2017-03-31,3,,,,,,,,,5558000000,-0.250,,4014000000,,220.37,220.10,,,,,,,,,,,,,,,,,,,,,true,false,9,2016-04-01,2016-12-31,-1
2018-01-30,83430,2018-03-31,3,,,,,,,,,5000000000,-0.230,,4000000000,,222.78,,,,,,,,,,,,,,,,,,,,,,true,true,12,2017-04-01,2018-03-31,0
2018-01-30,83430,2017-03-31,3,,,,,,,,,,,,,,,,,,,,2980211000000,175258000000,0.056,,169011000000,,,,,,,,,,,,true,false,12,2016-04-01,2017-03-31,-1
2018-01-30,83430,2017-03-31,3,,,,,,,,,,,,,,,,,,,,,,,,,,,,,7.00,,,,18093643,144464,,false,false,12,2016-04-01,2017-03-31,-1
2018-01-30,83430,2018-03-31,3,,,,,,,,,,,,,,,,,,,,,,,,,,,,,3.50,,,,,,,false,false,12,2017-04-01,2018-03-31,0
2018-01-30,83430,2018-03-31,3,,,,,,,,,,,,,,,,,,,,,,,,,,,,,35.00,,,,,,,false,true,12,2017-04-01,2018-03-31,0
2018-01-30,83430,2018-03-31,3,,,,,,,,,,,,,,,,,,,,,,,,,,,,,,,,,18093643,141633,17952126,false,false,9,2017-04-01,2017-12-31,0
2018-01-30,83430,2017-03-31,3,,,,,,,,,,,,,,,,,,,,,,,,,,,,,,,,,,,18214848,false,false,9,2016-04-01,2016-12-31,-1
2018-04-26,83430,2018-03-31,,,,,,,,,,7100000000,0.420,,4700000000,,261.77,,,,,,,,,,,,,,,,,,,,,,true,true,12,2017-04-01,2018-03-31,0
2018-04-26,83430,2017-03-31,,,,,,,,,,6498000000,,,4741000000,,261.26,,,,,,,,,,,,,,,,,,,,,,true,false,12,2016-04-01,2017-03-31,-1
2018-04-26,83430,2018-03-31,,,,,,,,,,5200000000,0.130,4000000000,,0.111,222.78,,,,,,,,,,,,,,,,,,,,,,false,true,12,2017-04-01,2018-03-31,0
2018-04-26,83430,2017-03-31,,,,,,,,,,5800000000,,4502000000,,,248.07,,,,,,,,,,,,,,,,,,,,,,false,false,12,2016-04-01,2017-03-31,-1
2018-05-10,83430,2018-03-31,,,,,,,,,,7104000000,0.093,,4733000000,,263.65,263.29,0.027,0.002,,,3146827000000,178509000000,0.056,9904.97,177810000000,98620000000,176087000000,-4821000000,565635000000,,0.265,,,,,,true,false,12,2017-04-01,2018-03-31,0
2018-05-10,83430,2017-03-31,,,,,,,,,,6498000000,-0.339,,4741000000,,261.26,260.92,0.027,0.002,,,2980211000000,175258000000,0.056,9416.13,169011000000,-48953000000,53312000000,-2422000000,295753000000,,0.267,,,,,,true,false,12,2016-04-01,2017-03-31,-1
2018-05-10,83430,2019-03-31,,,,,,,,,,2800000000,-0.215,,1800000000,,100.26,,,,,,,,,,,,,,,,,,,,,,true,true,6,2018-04-01,2018-09-30,1
2018-05-10,83430,2019-03-31,,,,,,,,,,6000000000,-0.155,,4100000000,,228.39,,,,,,,,,,,,,,,,0.330,,,,,,true,true,12,2018-04-01,2019-03-31,1
2018-05-10,83430,2018-03-31,,,,,,,,,,5283000000,-0.089,4002000000,,-0.111,222.95,222.66,,,,,3139945000000,171872000000,0.054,9570.31,171803000000,,,,,35.00,,,,18093643,141969,17952057,false,false,12,2017-04-01,2018-03-31,0
2018-05-10,83430,2017-03-31,,,,,,,,,,5800000000,-0.375,4502000000,,-0.298,248.07,247.75,,,,,2971829000000,167654000000,0.056,9336.62,167584000000,,,,,7.00,,,,18093643,144464,18149410,false,false,12,2016-04-01,2017-03-31,-1
2018-05-10,83430,2019-03-31,,,,,,,,,,2900000000,-0.105,2000000000,,-0.279,111.41,,,,,,,,,,,,,,,,,,,,,,false,true,6,2018-04-01,2018-09-30,1
2018-05-10,83430,2019-03-31,,,,,,,,,,5800000000,0.097,4000000000,,-0.000,222.82,,,,,,,,,,,,,,,70.00,,,,,,,false,true,12,2018-04-01,2019-03-31,1
2018-07-30,83430,2019-03-31,1,,,,,,,,,1207000000,-0.402,,776000000,,43.22,43.16,,,,,3070893000000,180242000000,0.058,,179539000000,,,,,,,,,,,,true,false,3,2018-04-01,2018-06-30,0
2018-07-30,83430,2018-03-31,1,,,,,,,,,2019000000,-0.128,,2092000000,,116.55,116.39,,,,,,,,,,,,,,,,,,,,,true,false,3,2017-04-01,2017-06-30,-1
2018-07-30,83430,2019-03-31,1,,,,,,,,,2800000000,-0.215,,1800000000,,100.26,,,,,,,,,,,,,,,,,,,,,,true,true,6,2018-04-01,2018-09-30,0
2018-07-30,83430,2019-03-31,1,,,,,,,,,6000000000,-0.155,,4100000000,,228.39,,,,,,,,,,,,,,,,,,,,,,true,true,12,2018-04-01,2019-03-31,0
2018-07-30,83430,2018-03-31,1,,,,,,,,,,,,,,,,,,,,3146827000000,178509000000,0.056,,177810000000,,,,,,,,,,,,true,false,12,2017-04-01,2018-03-31,-1
2018-07-30,83430,2018-03-31,1,,,,,,,,,,,,,,,,,,,,,,,,,,,,,35.00,,,,18093643,141969,,false,false,12,2017-04-01,2018-03-31,-1
2018-07-30,83430,2019-03-31,1,,,,,,,,,,,,,,,,,,,,,,,,,,,,,70.00,,,,,,,false,true,12,2018-04-01,2019-03-31,0
2018-07-30,83430,2019-03-31,1,,,,,,,,,,,,,,,,,,,,,,,,,,,,,,,,,18093643,142366,17951438,false,false,3,2018-04-01,2018-06-30,0
2018-07-30,83430,2018-03-31,1,,,,,,,,,,,,,,,,,,,,,,,,,,,,,,,,,,,17949174,false,false,3,2017-04-01,2017-06-30,-1
2018-11-12,83430,2019-03-31,2,,,,,,,,,2874000000,-0.194,,2015000000,,112.27,112.11,,,,,3070561000000,182890000000,0.059,,182166000000,,,,,,,,,,,,true,false,6,2018-04-01,2018-09-30,0
2018-11-12,83430,2018-03-31,2,,,,,,,,,3570000000,-0.139,,3145000000,,175.20,174.97,,,,,,,,,,,,,,,,,,,,,true,false,6,2017-04-01,2017-09-30,-1
2018-11-12,83430,2019-03-31,2,,,,,,,,,6000000000,-0.155,,4100000000,,228.40,,,,,,,,,,,,,,,,,,,,,,true,true,12,2018-04-01,2019-03-31,0
2018-11-12,83430,2019-03-31,2,,,,,,,,,3021000000,-0.068,2257000000,,-0.186,125.76,,,,,,3063369000000,176182000000,0.057,,176098000000,,,,,,,,,18093643,142715,17951268,false,false,6,2018-04-01,2018-09-30,0
2018-11-12,83430,2018-03-31,2,,,,,,,,,3242000000,-0.166,2774000000,,-0.024,154.57,,,,,,,,,,,,,,,,,,,,,17951783,false,false,6,2017-04-01,2017-09-30,-1
2018-11-12,83430,2019-03-31,2,,,,,,,,,5800000000,0.097,4000000000,,-0.000,222.82,,,,,,,,,,,,,,,70.00,,,,,,,false,true,12,2018-04-01,2019-03-31,0
2018-11-12,83430,2018-03-31,2,,,,,,,,,,,,,,,,,,,,3146827000000,178509000000,0.056,,177810000000,,,,,,,,,,,,true,false,12,2017-04-01,2018-03-31,-1
2018-11-12,83430,2018-03-31,2,,,,,,,,,,,,,,,,,,,,3139945000000,171872000000,0.054,,171803000000,,,,,35.00,,,,18093643,141969,,false,false,12,2017-04-01,2018-03-31,-1
2018-11-12,83430,2019-03-31,2,,,,,,,,,,,,,,,,,,,,,,,,,,,,,35.00,,,,,,,false,false,12,2018-04-01,2019-03-31,0
2019-01-30,83430,2019-03-31,3,,,,,,,,,4565000000,-0.147,,3043000000,,169.56,169.30,,,,,3066237000000,173858000000,0.056,,173134000000,,,,,,,,,,,,true,false,9,2018-04-01,2018-12-31,0
2019-01-30,83430,2018-03-31,3,,,,,,,,,5355000000,-0.036,,4337000000,,241.62,241.30,,,,,,,,,,,,,,,,,,,,,true,false,9,2017-04-01,2017-12-31,-1
2019-01-30,83430,2019-03-31,3,,,,,,,,,6000000000,-0.155,,4100000000,,228.40,,,,,,,,,,,,,,,,,,,,,,true,true,12,2018-04-01,2019-03-31,0
2019-01-30,83430,2018-03-31,3,,,,,,,,,,,,,,,,,,,,3146827000000,178509000000,0.056,,177810000000,,,,,,,,,,,,true,false,12,2017-04-01,2018-03-31,-1
2019-01-30,83430,2018-03-31,3,,,,,,,,,,,,,,,,,,,,,,,,,,,,,35.00,,,,18093643,141969,,false,false,12,2017-04-01,2018-03-31,-1
2019-01-30,83430,2019-03-31,3,,,,,,,,,,,,,,,,,,,,,,,,,,,,,35.00,,,,,,,false,false,12,2018-04-01,2019-03-31,0
2019-01-30,83430,2019-03-31,3,,,,,,,,,,,,,,,,,,,,,,,,,,,,,70.00,,,,,,,false,true,12,2018-04-01,2019-03-31,0
2019-01-30,83430,2019-03-31,3,,,,,,,,,,,,,,,,,,,,,,,,,,,,,,,,,18093643,142817,17951143,false,false,9,2018-04-01,2018-12-31,0
2019-01-30,83430,2018-03-31,3,,,,,,,,,,,,,,,,,,,,,,,,,,,,,,,,,,,17952126,false,false,9,2017-04-01,2017-12-31,-1
2019-05-14,83430,2019-03-31,,,,,,,,,,6313000000,-0.111,,4142000000,,230.77,230.41,0.023,0.002,,,3024615000000,178393000000,0.058,9897.33,177662000000,-94679000000,119722000000,-1260000000,589422000000,,0.303,,,,,,true,false,12,2018-04-01,2019-03-31,0
2019-05-14,83430,2018-03-31,,,,,,,,,,7104000000,0.093,,4733000000,,263.65,263.29,0.027,0.002,,,3146827000000,178509000000,0.056,9904.97,177810000000,98620000000,176087000000,-4821000000,565635000000,,0.265,,,,,,true,false,12,2017-04-01,2018-03-31,-1
2019-05-14,83430,2020-03-31,,,,,,,,,,2100000000,-0.269,,1500000000,,83.56,,,,,,,,,,,,,,,,,,,,,,true,true,6,2019-04-01,2019-09-30,1
2019-05-14,83430,2020-03-31,,,,,,,,,,4800000000,-0.239,,3000000000,,167.12,,,,,,,,,,,,,,,,0.478,,,,,,true,true,12,2019-04-01,2020-03-31,1
2019-05-14,83430,2019-03-31,,,,,,,,,,6045000000,0.144,4102000000,,0.024,228.52,228.16,,,,,3017750000000,171843000000,0.056,9568.42,171758000000,,,,,70.00,,,,18093643,143074,17951020,false,false,12,2018-04-01,2019-03-31,0
2019-05-14,83430,2018-03-31,,,,,,,,,,5283000000,-0.089,4002000000,,-0.111,222.95,222.66,,,,,3139945000000,171872000000,0.054,9570.31,171803000000,,,,,35.00,,,,18093643,141969,17952057,false,false,12,2017-04-01,2018-03-31,-1
2019-05-14,83430,2020-03-31,,,,,,,,,,2200000000,-0.271,1600000000,,-0.291,89.13,,,,,,,,,,,,,,,,,,,,,,false,true,6,2019-04-01,2019-09-30,1
2019-05-14,83430,2020-03-31,,,,,,,,,,4700000000,-0.222,3000000000,,-0.268,167.12,,,,,,,,,,,,,,,80.00,,,,,,,false,true,12,2019-04-01,2020-03-31,1
2019-07-29,83430,2020-03-31,1,,,,,,,,,993000000,-0.177,,617000000,,34.40,34.34,,,,,3063745000000,178924000000,0.058,,178196000000,,,,,,,,,,,,true,false,3,2019-04-01,2019-06-30,0
2019-07-29,83430,2019-03-31,1,,,,,,,,,1207000000,-0.402,,776000000,,43.22,43.16,,,,,,,,,,,,,,,,,,,,,true,false,3,2018-04-01,2018-06-30,-1
2019-07-29,83430,2020-03-31,1,,,,,,,,,2100000000,-0.269,,1500000000,,83.56,,,,,,,,,,,,,,,,,,,,,,true,true,6,2019-04-01,2019-09-30,0
2019-07-29,83430,2020-03-31,1,,,,,,,,,4800000000,-0.239,,3000000000,,167.12,,,,,,,,,,,,,,,,,,,,,,true,true,12,2019-04-01,2020-03-31,0
2019-07-29,83430,2019-03-31,1,,,,,,,,,,,,,,,,,,,,3024615000000,178393000000,0.058,,177662000000,,,,,,,,,,,,true,false,12,2018-04-01,2019-03-31,-1
2019-07-29,83430,2019-03-31,1,,,,,,,,,,,,,,,,,,,,,,,,,,,,,70.00,,,,18093643,143074,,false,false,12,2018-04-01,2019-03-31,-1
2019-07-29,83430,2020-03-31,1,,,,,,,,,,,,,,,,,,,,,,,,,,,,,80.00,,,,,,,false,true,12,2019-04-01,2020-03-31,0
2019-07-29,83430,2020-03-31,1,,,,,,,,,,,,,,,,,,,,,,,,,,,,,,,,,18093643,140320,17950672,false,false,3,2019-04-01,2019-06-30,0
2019-07-29,83430,2019-03-31,1,,,,,,,,,,,,,,,,,,,,,,,,,,,,,,,,,,,17951438,false,false,3,2018-04-01,2018-06-30,-1
2019-10-30,83430,2020-03-31,,,,,,,,,,2750000000,0.309,,1600000000,,89.13,,,,,,,,,,,,,,,,,,,,,,true,true,6,2019-04-01,2019-09-30,0
2019-10-30,83430,2019-03-31,,,,,,,,,,2874000000,,,2015000000,,112.27,,,,,,,,,,,,,,,,,,,,,,true,false,6,2018-04-01,2018-09-30,-1
2019-10-30,83430,2020-03-31,,,,,,,,,,2800000000,0.272,1700000000,,0.062,94.70,,,,,,,,,,,,,,,,,,,,,,false,true,6,2019-04-01,2019-09-30,0
2019-10-30,83430,2019-03-31,,,,,,,,,,3021000000,,2257000000,,,125.76,,,,,,,,,,,,,,,,,,,,,,false,false,6,2018-04-01,2018-09-30,-1
2019-11-11,83430,2020-03-31,2,,,,,,,,,2745000000,-0.044,,1632000000,,91.03,,,,,,3063306000000,181252000000,0.058,,180523000000,,,,,,,,,,,,true,false,6,2019-04-01,2019-09-30,0
2019-11-11,83430,2019-03-31,2,,,,,,,,,2874000000,-0.194,,2015000000,,112.27,112.11,,,,,,,,,,,,,,,,,,,,,true,false,6,2018-04-01,2018-09-30,-1
2019-11-11,83430,2020-03-31,2,,,,,,,,,5000000000,-0.207,,3000000000,,167.92,,,,,,,,,,,,,,,,,,,,,,true,true,12,2019-04-01,2020-03-31,0
2019-11-11,83430,2020-03-31,2,,,,,,,,,2801000000,-0.072,1783000000,,-0.210,99.48,,,,,,3055671000000,174724000000,0.057,,174648000000,,,,,,,,,18093643,228573,17930169,false,false,6,2019-04-01,2019-09-30,0
2019-11-11,83430,2019-03-31,2,,,,,,,,,3021000000,-0.068,2257000000,,-0.186,125.76,,,,,,,,,,,,,,,,,,,,,17951268,false,false,6,2018-04-01,2018-09-30,-1
2019-11-11,83430,2020-03-31,2,,,,,,,,,4800000000,-0.205,3000000000,,-0.268,167.92,,,,,,,,,,,,,,,80.00,,,,,,,false,true,12,2019-04-01,2020-03-31,0
2019-11-11,83430,2019-03-31,2,,,,,,,,,,,,,,,,,,,,3024615000000,178393000000,0.058,,177662000000,,,,,,,,,,,,true,false,12,2018-04-01,2019-03-31,-1
2019-11-11,83430,2019-03-31,2,,,,,,,,,,,,,,,,,,,,3017750000000,171843000000,0.056,,171758000000,,,,,70.00,,,,18093643,143074,,false,false,12,2018-04-01,2019-03-31,-1
2019-11-11,83430,2020-03-31,2,,,,,,,,,,,,,,,,,,,,,,,,,,,,,40.00,,,,,,,false,false,12,2019-04-01,2020-03-31,0
2020-01-30,83430,2020-03-31,3,,,,,,,,,4631000000,0.014,,2934000000,,163.85,,,,,,3123840000000,182788000000,0.058,,182131000000,,,,,,,,,,,,true,false,9,2019-04-01,2019-12-31,0
2020-01-30,83430,2019-03-31,3,,,,,,,,,4565000000,-0.147,,3043000000,,169.56,169.30,,,,,,,,,,,,,,,,,,,,,true,false,9,2018-04-01,2018-12-31,-1
2020-01-30,83430,2020-03-31,3,,,,,,,,,5000000000,-0.207,,3000000000,,167.92,,,,,,,,,,,,,,,,,,,,,,true,true,12,2019-04-01,2020-03-31,0
2020-01-30,83430,2019-03-31,3,,,,,,,,,,,,,,,,,,,,3024615000000,178393000000,0.058,,177662000000,,,,,,,,,,,,true,false,12,2018-04-01,2019-03-31,-1
2020-01-30,83430,2019-03-31,3,,,,,,,,,,,,,,,,,,,,,,,,,,,,,70.00,,,,18093643,143074,,false,false,12,2018-04-01,2019-03-31,-1
2020-01-30,83430,2020-03-31,3,,,,,,,,,,,,,,,,,,,,,,,,,,,,,40.00,,,,,,,false,false,12,2019-04-01,2020-03-31,0
2020-01-30,83430,2020-03-31,3,,,,,,,,,,,,,,,,,,,,,,,,,,,,,80.00,,,,,,,false,true,12,2019-04-01,2020-03-31,0
2020-01-30,83430,2020-03-31,3,,,,,,,,,,,,,,,,,,,,,,,,,,,,,,,,,18093643,228728,17908376,false,false,9,2019-04-01,2019-12-31,0
2020-01-30,83430,2019-03-31,3,,,,,,,,,,,,,,,,,,,,,,,,,,,,,,,,,,,17951143,false,false,9,2018-04-01,2018-12-31,-1
2020-05-13,83430,2020-03-31,,,,,,,,,,5225000000,-0.172,,3128000000,,174.78,,0.018,0.001,,,3030786000000,165830000000,0.054,9245.80,165173000000,79333000000,-54556000000,-1518000000,612679000000,,0.457,,,,,,true,false,12,2019-04-01,2020-03-31,0
2020-05-13,83430,2019-03-31,,,,,,,,,,6313000000,-0.111,,4142000000,,230.77,230.41,0.023,0.002,,,3024615000000,178393000000,0.058,9897.33,177662000000,-94679000000,119722000000,-1260000000,589422000000,,0.303,,,,,,true,false,12,2018-04-01,2019-03-31,-1
2020-05-13,83430,2021-03-31,,,,,,,,,,2200000000,-0.198,,1400000000,,78.36,,,,,,,,,,,,,,,,,,,,,,true,true,6,2020-04-01,2020-09-30,1
2020-05-13,83430,2021-03-31,,,,,,,,,,4300000000,-0.177,,2500000000,,139.94,,,,,,,,,,,,,,,,0.500,,,,,,true,true,12,2020-04-01,2021-03-31,1
2020-05-13,83430,2020-03-31,,,,,,,,,,4948000000,-0.181,3050000000,,-0.256,170.44,,,,,,3024787000000,160433000000,0.053,8980.50,160433000000,,,,,80.00,,,,18093643,228990,17897523,false,false,12,2019-04-01,2020-03-31,0
2020-05-13,83430,2019-03-31,,,,,,,,,,6045000000,0.144,4102000000,,0.024,228.52,228.16,,,,,3017750000000,171843000000,0.056,9568.42,171758000000,,,,,70.00,,,,18093643,143074,17951020,false,false,12,2018-04-01,2019-03-31,-1
2020-05-13,83430,2021-03-31,,,,,,,,,,2300000000,-0.178,1500000000,,-0.158,83.96,,,,,,,,,,,,,,,,,,,,,,false,true,6,2020-04-01,2020-09-30,1
2020-05-13,83430,2021-03-31,,,,,,,,,,4200000000,-0.151,2500000000,,-0.180,139.94,,,,,,,,,,,,,,,70.00,,,,,,,false,true,12,2020-04-01,2021-03-31,1
2020-07-30,83430,2021-03-31,1,,,,,,,,,868000000,-0.125,,822000000,,46.04,,,,,,3199868000000,169220000000,0.052,,168558000000,,,,,,,,,,,,true,false,3,2020-04-01,2020-06-30,0
2020-07-30,83430,2020-03-31,1,,,,,,,,,993000000,-0.177,,617000000,,34.40,34.34,,,,,,,,,,,,,,,,,,,,,true,false,3,2019-04-01,2019-06-30,-1
2020-07-30,83430,2021-03-31,1,,,,,,,,,2200000000,-0.198,,1400000000,,78.36,,,,,,,,,,,,,,,,,,,,,,true,true,6,2020-04-01,2020-09-30,0
2020-07-30,83430,2021-03-31,1,,,,,,,,,4300000000,-0.177,,2500000000,,139.94,,,,,,,,,,,,,,,,,,,,,,true,true,12,2020-04-01,2021-03-31,0
2020-07-30,83430,2020-03-31,1,,,,,,,,,,,,,,,,,,,,3030786000000,165830000000,0.054,,165173000000,,,,,,,,,,,,true,false,12,2019-04-01,2020-03-31,-1
2020-07-30,83430,2020-03-31,1,,,,,,,,,,,,,,,,,,,,,,,,,,,,,80.00,,,,18093643,228990,,false,false,12,2019-04-01,2020-03-31,-1
2020-07-30,83430,2021-03-31,1,,,,,,,,,,,,,,,,,,,,,,,,,,,,,70.00,,,,,,,false,true,12,2020-04-01,2021-03-31,0
2020-07-30,83430,2021-03-31,1,,,,,,,,,,,,,,,,,,,,,,,,,,,,,,,,,18093643,223560,17865541,false,false,3,2020-04-01,2020-06-30,0
2020-07-30,83430,2020-03-31,1,,,,,,,,,,,,,,,,,,,,,,,,,,,,,,,,,,,17950672,false,false,3,2019-04-01,2019-06-30,-1
2020-11-11,83430,2021-03-31,2,,,,,,,,,2229000000,-0.187,,1645000000,,92.06,,,,,,3262931000000,171494000000,0.052,,170829000000,,,,,,,,,,,,true,false,6,2020-04-01,2020-09-30,0
2020-11-11,83430,2020-03-31,2,,,,,,,,,2745000000,-0.044,,1632000000,,91.03,,,,,,,,,,,,,,,,,,,,,,true,false,6,2019-04-01,2019-09-30,-1
2020-11-11,83430,2021-03-31,2,,,,,,,,,3400000000,-0.349,,2400000000,,134.21,,,,,,,,,,,,,,,,,,,,,,true,true,12,2020-04-01,2021-03-31,0
2020-11-11,83430,2021-03-31,2,,,,,,,,,2392000000,-0.146,1877000000,,0.052,105.06,,,,,,3257848000000,166022000000,0.050,,166022000000,,,,,,,,,18093643,211812,17872806,false,false,6,2020-04-01,2020-09-30,0
2020-11-11,83430,2020-03-31,2,,,,,,,,,2801000000,-0.072,1783000000,,-0.210,99.48,,,,,,,,,,,,,,,,,,,,,17930169,false,false,6,2019-04-01,2019-09-30,-1
2020-11-11,83430,2021-03-31,2,,,,,,,,,3400000000,-0.312,2500000000,,-0.180,139.80,,,,,,,,,,,,,,,70.00,,,,,,,false,true,12,2020-04-01,2021-03-31,0
2020-11-11,83430,2020-03-31,2,,,,,,,,,,,,,,,,,,,,3030786000000,165830000000,0.054,,165173000000,,,,,,,,,,,,true,false,12,2019-04-01,2020-03-31,-1
2020-11-11,83430,2020-03-31,2,,,,,,,,,,,,,,,,,,,,3024787000000,160433000000,0.053,,160433000000,,,,,80.00,,,,18093643,228990,,false,false,12,2019-04-01,2020-03-31,-1
2020-11-11,83430,2021-03-31,2,,,,,,,,,,,,,,,,,,,,,,,,,,,,,35.00,,,,,,,false,false,12,2020-04-01,2021-03-31,0
2021-01-29,83430,2021-03-31,3,,,,,,,,,2967000000,-0.359,,2070000000,,115.84,,,,,,3490387000000,176174000000,0.050,,175502000000,,,,,,,,,,,,true,false,9,2020-04-01,2020-12-31,0
2021-01-29,83430,2020-03-31,3,,,,,,,,,4631000000,0.014,,2934000000,,163.85,,,,,,,,,,,,,,,,,,,,,,true,false,9,2019-04-01,2019-12-31,-1
2021-01-29,83430,2021-03-31,3,,,,,,,,,3400000000,-0.349,,2400000000,,134.21,,,,,,,,,,,,,,,,,,,,,,true,true,12,2020-04-01,2021-03-31,0
2021-01-29,83430,2020-03-31,3,,,,,,,,,,,,,,,,,,,,3030786000000,165830000000,0.054,,165173000000,,,,,,,,,,,,true,false,12,2019-04-01,2020-03-31,-1
2021-01-29,83430,2020-03-31,3,,,,,,,,,,,,,,,,,,,,,,,,,,,,,80.00,,,,18093643,228990,,false,false,12,2019-04-01,2020-03-31,-1
2021-01-29,83430,2021-03-31,3,,,,,,,,,,,,,,,,,,,,,,,,,,,,,35.00,,,,,,,false,false,12,2020-04-01,2021-03-31,0
2021-01-29,83430,2021-03-31,3,,,,,,,,,,,,,,,,,,,,,,,,,,,,,70.00,,,,,,,false,true,12,2020-04-01,2021-03-31,0
2021-01-29,83430,2021-03-31,3,,,,,,,,,,,,,,,,,,,,,,,,,,,,,,,,,18093643,211832,17875816,false,false,9,2020-04-01,2020-12-31,0
2021-01-29,83430,2020-03-31,3,,,,,,,,,,,,,,,,,,,,,,,,,,,,,,,,,,,17908376,false,false,9,2019-04-01,2019-12-31,-1
2021-05-13,83430,2021-03-31,,,,,,,,,,4341000000,-0.169,,2716000000,,151.97,,0.015,0.001,,,3488741000000,176594000000,0.050,9838.06,175919000000,210896000000,-40249000000,-1349000000,781978000000,,0.460,,,,,,true,false,12,2020-04-01,2021-03-31,0
2021-05-13,83430,2020-03-31,,,,,,,,,,5225000000,-0.172,,3128000000,,174.78,,0.018,0.001,,,3030786000000,165830000000,0.054,9245.80,165173000000,79333000000,-54556000000,-1518000000,612679000000,,0.457,,,,,,true,false,12,2019-04-01,2020-03-31,-1
2021-05-13,83430,2022-03-31,,,,,,,,,,1900000000,-0.147,,1000000000,,55.92,,,,,,,,,,,,,,,,,,,,,,true,true,6,2021-04-01,2021-09-30,1
2021-05-13,83430,2022-03-31,,,,,,,,,,3900000000,-0.101,,2300000000,,128.62,,,,,,,,,,,,,,,,0.544,,,,,,true,true,12,2021-04-01,2022-03-31,1
2021-05-13,83430,2021-03-31,,,,,,,,,,4243000000,-0.142,2763000000,,-0.094,154.58,,,,,,3480732000000,168829000000,0.048,9441.56,168829000000,,,,,70.00,,,,18093643,212100,17877257,false,false,12,2020-04-01,2021-03-31,0
2021-05-13,83430,2020-03-31,,,,,,,,,,4948000000,-0.181,3050000000,,-0.256,170.44,,,,,,3024787000000,160433000000,0.053,8980.50,160433000000,,,,,80.00,,,,18093643,228990,17897523,false,false,12,2019-04-01,2020-03-31,-1
2021-05-13,83430,2022-03-31,,,,,,,,,,2100000000,-0.122,1300000000,,-0.307,72.70,,,,,,,,,,,,,,,,,,,,,,false,true,6,2021-04-01,2021-09-30,1
2021-05-13,83430,2022-03-31,,,,,,,,,,4000000000,-0.057,2500000000,,-0.095,139.80,,,,,,,,,,,,,,,70.00,,,,,,,false,true,12,2021-04-01,2022-03-31,1
2021-07-29,83430,2022-03-31,1,,,,,,,,,628000000,-0.276,,354000000,,19.83,,,,,,3666604000000,177849000000,0.048,,177173000000,,,,,,,,,,,,true,false,3,2021-04-01,2021-06-30,0
2021-07-29,83430,2021-03-31,1,,,,,,,,,868000000,-0.125,,822000000,,46.04,,,,,,,,,,,,,,,,,,,,,,true,false,3,2020-04-01,2020-06-30,-1
2021-07-29,83430,2022-03-31,1,,,,,,,,,1900000000,-0.147,,1000000000,,55.92,,,,,,,,,,,,,,,,,,,,,,true,true,6,2021-04-01,2021-09-30,0
2021-07-29,83430,2022-03-31,1,,,,,,,,,3900000000,-0.101,,2300000000,,128.62,,,,,,,,,,,,,,,,,,,,,,true,true,12,2021-04-01,2022-03-31,0
2021-07-29,83430,2021-03-31,1,,,,,,,,,,,,,,,,,,,,3488741000000,176594000000,0.050,,175919000000,,,,,,,,,,,,true,false,12,2020-04-01,2021-03-31,-1
2021-07-29,83430,2021-03-31,1,,,,,,,,,,,,,,,,,,,,,,,,,,,,,70.00,,,,18093643,212100,,false,false,12,2020-04-01,2021-03-31,-1
2021-07-29,83430,2022-03-31,1,,,,,,,,,,,,,,,,,,,,,,,,,,,,,70.00,,,,,,,false,true,12,2021-04-01,2022-03-31,0
2021-07-29,83430,2022-03-31,1,,,,,,,,,,,,,,,,,,,,,,,,,,,,,,,,,18093643,208801,17881915,false,false,3,2021-04-01,2021-06-30,0
2021-07-29,83430,2021-03-31,1,,,,,,,,,,,,,,,,,,,,,,,,,,,,,,,,,,,17865541,false,false,3,2020-04-01,2020-06-30,-1
2021-10-27,83430,2022-03-31,,,,,,,,,,3000000000,0.578,,1900000000,,106.22,,,,,,,,,,,,,,,,,,,,,,true,true,6,2021-04-01,2021-09-30,0
2021-10-27,83430,2021-03-31,,,,,,,,,,2229000000,,,1645000000,,92.06,,,,,,,,,,,,,,,,,,,,,,true,false,6,2020-04-01,2020-09-30,-1
2021-10-27,83430,2022-03-31,,,,,,,,,,3200000000,0.523,2100000000,,0.615,117.40,,,,,,,,,,,,,,,,,,,,,,false,true,6,2021-04-01,2021-09-30,0
2021-10-27,83430,2021-03-31,,,,,,,,,,2392000000,,1877000000,,,105.06,,,,,,,,,,,,,,,,,,,,,,false,false,6,2020-04-01,2020-09-30,-1
2021-11-10,83430,2022-03-31,2,,,,,,,,,3093000000,0.387,,1946000000,,108.83,,,,,,3586274000000,178390000000,0.049,,177706000000,,,,,,,,,,,,true,false,6,2021-04-01,2021-09-30,0
2021-11-10,83430,2021-03-31,2,,,,,,,,,2229000000,-0.187,,1645000000,,92.06,,,,,,,,,,,,,,,,,,,,,,true,false,6,2020-04-01,2020-09-30,-1
2021-11-10,83430,2022-03-31,2,,,,,,,,,4200000000,-0.032,,2600000000,,145.31,,,,,,,,,,,,,,,,,,,,,,true,true,12,2021-04-01,2022-03-31,0
2021-11-10,83430,2022-03-31,2,,,,,,,,,3202000000,0.338,2155000000,,0.148,120.49,,,,,,3577819000000,170714000000,0.047,,170714000000,,,,,,,,,18093643,201154,17887071,false,false,6,2021-04-01,2021-09-30,0
2021-11-10,83430,2021-03-31,2,,,,,,,,,2392000000,-0.146,1877000000,,0.052,105.06,,,,,,,,,,,,,,,,,,,,,17872806,false,false,6,2020-04-01,2020-09-30,-1
2021-11-10,83430,2022-03-31,2,,,,,,,,,4300000000,0.013,2800000000,,0.013,156.49,,,,,,,,,,,,,,,70.00,,,,,,,false,true,12,2021-04-01,2022-03-31,0
2021-11-10,83430,2021-03-31,2,,,,,,,,,,,,,,,,,,,,3488741000000,176594000000,0.050,,175919000000,,,,,,,,,,,,true,false,12,2020-04-01,2021-03-31,-1
2021-11-10,83430,2021-03-31,2,,,,,,,,,,,,,,,,,,,,3480732000000,168829000000,0.048,,168829000000,,,,,70.00,,,,18093643,212100,,false,false,12,2020-04-01,2021-03-31,-1
2021-11-10,83430,2022-03-31,2,,,,,,,,,,,,,,,,,,,,,,,,,,,,,35.00,,,,,,,false,false,12,2021-04-01,2022-03-31,0
2022-01-28,83430,2022-03-31,3,,,,,,,,,4565000000,0.538,,2984000000,,166.85,,,,,,3695365000000,178858000000,0.048,,178172000000,,,,,,,,,,,,true,false,9,2021-04-01,2021-12-31,0
2022-01-28,83430,2021-03-31,3,,,,,,,,,2967000000,-0.359,,2070000000,,115.84,,,,,,,,,,,,,,,,,,,,,,true,false,9,2020-04-01,2020-12-31,-1
2022-01-28,83430,2022-03-31,3,,,,,,,,,4200000000,-0.032,,2600000000,,145.31,,,,,,,,,,,,,,,,,,,,,,true,true,12,2021-04-01,2022-03-31,0
2022-01-28,83430,2021-03-31,3,,,,,,,,,,,,,,,,,,,,3488741000000,176594000000,0.050,,175919000000,,,,,,,,,,,,true,false,12,2020-04-01,2021-03-31,-1
2022-01-28,83430,2021-03-31,3,,,,,,,,,,,,,,,,,,,,,,,,,,,,,70.00,,,,18093643,212100,,false,false,12,2020-04-01,2021-03-31,-1
2022-01-28,83430,2022-03-31,3,,,,,,,,,,,,,,,,,,,,,,,,,,,,,35.00,,,,,,,false,false,12,2021-04-01,2022-03-31,0
2022-01-28,83430,2022-03-31,3,,,,,,,,,,,,,,,,,,,,,,,,,,,,,70.00,,,,,,,false,true,12,2021-04-01,2022-03-31,0
2022-01-28,83430,2022-03-31,3,,,,,,,,,,,,,,,,,,,,,,,,,,,,,,,,,18093643,201650,17888804,false,false,9,2021-04-01,2021-12-31,0
2022-01-28,83430,2021-03-31,3,,,,,,,,,,,,,,,,,,,,,,,,,,,,,,,,,,,17875816,false,false,9,2020-04-01,2020-12-31,-1
2022-05-12,83430,2022-03-31,,,,,,,,,,4716000000,0.086,,3184000000,,178.02,,0.018,0.001,,,3665682000000,167872000000,0.045,9344.19,167184000000,203306000000,-145539000000,-1251000000,838498000000,,0.393,,,,,,true,false,12,2021-04-01,2022-03-31,0
2022-05-12,83430,2021-03-31,,,,,,,,,,4341000000,-0.169,,2716000000,,151.97,,0.015,0.001,,,3488741000000,176594000000,0.050,9838.06,175919000000,210896000000,-40249000000,-1349000000,781978000000,,0.460,,,,,,true,false,12,2020-04-01,2021-03-31,-1
2022-05-12,83430,2023-03-31,,,,,,,,,,2800000000,-0.094,,1700000000,,95.01,,,,,,,,,,,,,,,,,,,,,,true,true,6,2022-04-01,2022-09-30,1
2022-05-12,83430,2023-03-31,,,,,,,,,,4700000000,-0.003,,3100000000,,173.26,,,,,,,,,,,,,,,,0.404,,,,,,true,true,12,2022-04-01,2023-03-31,1
2022-05-12,83430,2022-03-31,,,,,,,,,,4731000000,0.115,3340000000,,0.208,186.71,,,,,,3655987000000,159425000000,0.043,8910.53,159425000000,,,,,70.00,,,,18093643,201847,17889561,false,false,12,2021-04-01,2022-03-31,0
2022-05-12,83430,2021-03-31,,,,,,,,,,4243000000,-0.142,2763000000,,-0.094,154.58,,,,,,3480732000000,168829000000,0.048,9441.56,168829000000,,,,,70.00,,,,18093643,212100,17877257,false,false,12,2020-04-01,2021-03-31,-1
2022-05-12,83430,2023-03-31,,,,,,,,,,3000000000,-0.063,1900000000,,-0.118,106.19,,,,,,,,,,,,,,,,,,,,,,false,true,6,2022-04-01,2022-09-30,1
2022-05-12,83430,2023-03-31,,,,,,,,,,4800000000,0.014,3200000000,,-0.041,178.85,,,,,,,,,,,,,,,70.00,,,,,,,false,true,12,2022-04-01,2023-03-31,1
2022-07-28,83430,2023-03-31,1,,,,,,,,,516000000,-0.178,,368000000,,20.59,,,,,,3756646000000,156564000000,0.041,,155877000000,,,,,,,,,,,,true,false,3,2022-04-01,2022-06-30,0
2022-07-28,83430,2022-03-31,1,,,,,,,,,628000000,-0.276,,354000000,,19.83,,,,,,,,,,,,,,,,,,,,,,true,false,3,2021-04-01,2021-06-30,-1
2022-07-28,83430,2023-03-31,1,,,,,,,,,2800000000,-0.094,,1700000000,,95.01,,,,,,,,,,,,,,,,,,,,,,true,true,6,2022-04-01,2022-09-30,0
2022-07-28,83430,2023-03-31,1,,,,,,,,,4700000000,-0.003,,3100000000,,173.26,,,,,,,,,,,,,,,,,,,,,,true,true,12,2022-04-01,2023-03-31,0
2022-07-28,83430,2022-03-31,1,,,,,,,,,,,,,,,,,,,,3665682000000,167872000000,0.045,,167184000000,,,,,,,,,,,,true,false,12,2021-04-01,2022-03-31,-1
2022-07-28,83430,2022-03-31,1,,,,,,,,,,,,,,,,,,,,,,,,,,,,,70.00,,,,18093643,201847,,false,false,12,2021-04-01,2022-03-31,-1
2022-07-28,83430,2023-03-31,1,,,,,,,,,,,,,,,,,,,,,,,,,,,,,70.00,,,,,,,false,true,12,2022-04-01,2023-03-31,0
2022-07-28,83430,2023-03-31,1,,,,,,,,,,,,,,,,,,,,,,,,,,,,,,,,,18093643,200538,17891966,false,false,3,2022-04-01,2022-06-30,0
2022-07-28,83430,2022-03-31,1,,,,,,,,,,,,,,,,,,,,,,,,,,,,,,,,,,,17881915,false,false,3,2021-04-01,2021-06-30,-1
2022-10-28,83430,2023-03-31,,,,,,,,,,3800000000,0.357,,2600000000,,145.41,,,,,,,,,,,,,,,,,,,,,,true,true,6,2022-04-01,2022-09-30,0
2022-10-28,83430,2022-03-31,,,,,,,,,,3093000000,,,1946000000,,108.83,,,,,,,,,,,,,,,,,,,,,,true,false,6,2021-04-01,2021-09-30,-1
2022-10-28,83430,2023-03-31,,,,,,,,,,3900000000,0.300,2900000000,,0.526,162.19,,,,,,,,,,,,,,,,,,,,,,false,true,6,2022-04-01,2022-09-30,0
2022-10-28,83430,2022-03-31,,,,,,,,,,3202000000,,2155000000,,,120.49,,,,,,,,,,,,,,,,,,,,,,false,false,6,2021-04-01,2021-09-30,-1
2022-11-10,83430,2023-03-31,2,,,,,,,,,3830000000,0.238,,2685000000,,150.20,,,,,,3546896000000,149908000000,0.042,,149221000000,,,,,,,,,,,,true,false,6,2022-04-01,2022-09-30,0
2022-11-10,83430,2022-03-31,2,,,,,,,,,3093000000,0.387,,1946000000,,108.83,,,,,,,,,,,,,,,,,,,,,,true,false,6,2021-04-01,2021-09-30,-1
2022-11-10,83430,2023-03-31,2,,,,,,,,,4700000000,-0.003,,3100000000,,173.26,,,,,,,,,,,,,,,,,,,,,,true,true,12,2022-04-01,2023-03-31,0
2022-11-10,83430,2023-03-31,2,,,,,,,,,3971000000,0.240,2909000000,,0.349,162.70,,,,,,3537215000000,141690000000,0.040,,141690000000,,,,,,,,,18093643,256164,17879305,false,false,6,2022-04-01,2022-09-30,0
2022-11-10,83430,2022-03-31,2,,,,,,,,,3202000000,0.338,2155000000,,0.148,120.49,,,,,,,,,,,,,,,,,,,,,17887071,false,false,6,2021-04-01,2021-09-30,-1
2022-11-10,83430,2023-03-31,2,,,,,,,,,4800000000,0.014,3200000000,,-0.041,178.85,,,,,,,,,,,,,,,70.00,,,,,,,false,true,12,2022-04-01,2023-03-31,0
2022-11-10,83430,2022-03-31,2,,,,,,,,,,,,,,,,,,,,3665682000000,167872000000,0.045,,167184000000,,,,,,,,,,,,true,false,12,2021-04-01,2022-03-31,-1
2022-11-10,83430,2022-03-31,2,,,,,,,,,,,,,,,,,,,,3655987000000,159425000000,0.043,,159425000000,,,,,70.00,,,,18093643,201847,,false,false,12,2021-04-01,2022-03-31,-1
2022-11-10,83430,2023-03-31,2,,,,,,,,,,,,,,,,,,,,,,,,,,,,,35.00,,,,,,,false,false,12,2022-04-01,2023-03-31,0
2023-01-30,83430,2023-03-31,3,,,,,,,,,5037000000,0.103,,3647000000,,204.23,,,,,,3561221000000,144138000000,0.040,,143449000000,,,,,,,,,,,,true,false,9,2022-04-01,2022-12-31,0
2023-01-30,83430,2022-03-31,3,,,,,,,,,4565000000,0.538,,2984000000,,166.85,,,,,,,,,,,,,,,,,,,,,,true,false,9,2021-04-01,2021-12-31,-1
2023-01-30,83430,2023-03-31,3,,,,,,,,,4700000000,-0.003,,3100000000,,173.26,,,,,,,,,,,,,,,,,,,,,,true,true,12,2022-04-01,2023-03-31,0
2023-01-30,83430,2022-03-31,3,,,,,,,,,,,,,,,,,,,,3665682000000,167872000000,0.045,,167184000000,,,,,,,,,,,,true,false,12,2021-04-01,2022-03-31,-1
2023-01-30,83430,2022-03-31,3,,,,,,,,,,,,,,,,,,,,,,,,,,,,,70.00,,,,18093643,201847,,false,false,12,2021-04-01,2022-03-31,-1
2023-01-30,83430,2023-03-31,3,,,,,,,,,,,,,,,,,,,,,,,,,,,,,35.00,,,,,,,false,false,12,2022-04-01,2023-03-31,0
2023-01-30,83430,2023-03-31,3,,,,,,,,,,,,,,,,,,,,,,,,,,,,,70.00,,,,,,,false,true,12,2022-04-01,2023-03-31,0
2023-01-30,83430,2023-03-31,3,,,,,,,,,,,,,,,,,,,,,,,,,,,,,,,,,18093643,493872,17856569,false,false,9,2022-04-01,2022-12-31,0
2023-01-30,83430,2022-03-31,3,,,,,,,,,,,,,,,,,,,,,,,,,,,,,,,,,,,17888804,false,false,9,2021-04-01,2021-12-31,-1
2023-05-11,83430,2023-03-31,,,,,,,,,,4935000000,0.046,,3295000000,,185.35,,0.020,0.001,,,3526176000000,149952000000,0.042,8503.10,149257000000,-167139000000,80247000000,-1881000000,749728000000,,0.377,,,,,,true,false,12,2022-04-01,2023-03-31,0
2023-05-11,83430,2022-03-31,,,,,,,,,,4716000000,0.086,,3184000000,,178.02,,0.018,0.001,,,3665682000000,167872000000,0.045,9344.19,167184000000,203306000000,-145539000000,-1251000000,838498000000,,0.393,,,,,,true,false,12,2021-04-01,2022-03-31,-1
2023-05-11,83430,2024-03-31,,,,,,,,,,2500000000,-0.347,,1400000000,,79.75,,,,,,,,,,,,,,,,,,,,,,true,true,6,2023-04-01,2023-09-30,1
2023-05-11,83430,2024-03-31,,,,,,,,,,5600000000,0.134,,3500000000,,199.39,,,,,,,,,,,,,,,,0.351,,,,,,true,true,12,2023-04-01,2024-03-31,1
2023-05-11,83430,2023-03-31,,,,,,,,,,4833000000,0.021,3366000000,,0.007,189.33,,,,,,3515460000000,141416000000,0.040,8056.43,141416000000,,,,,70.00,,,,18093643,540384,17782303,false,false,12,2022-04-01,2023-03-31,0
2023-05-11,83430,2022-03-31,,,,,,,,,,4731000000,0.115,3340000000,,0.208,186.71,,,,,,3655987000000,159425000000,0.043,8910.53,159425000000,,,,,70.00,,,,18093643,201847,17889561,false,false,12,2021-04-01,2022-03-31,-1
2023-05-11,83430,2024-03-31,,,,,,,,,,2600000000,-0.345,1600000000,,-0.449,91.15,,,,,,,,,,,,,,,,,,,,,,false,true,6,2023-04-01,2023-09-30,1
2023-05-11,83430,2024-03-31,,,,,,,,,,5500000000,0.138,3600000000,,0.069,205.09,,,,,,,,,,,,,,,70.00,,,,,,,false,true,12,2023-04-01,2024-03-31,1
2023-07-28,83430,2024-03-31,1,,,,,,,,,798000000,0.546,,597000000,,34.05,,,,,,3630543000000,159175000000,0.043,,158467000000,,,,,,,,,,,,true,false,3,2023-04-01,2023-06-30,0
2023-07-28,83430,2023-03-31,1,,,,,,,,,516000000,-0.178,,368000000,,20.59,,,,,,,,,,,,,,,,,,,,,,true,false,3,2022-04-01,2022-06-30,-1
2023-07-28,83430,2024-03-31,1,,,,,,,,,2500000000,-0.347,,1400000000,,79.75,,,,,,,,,,,,,,,,,,,,,,true,true,6,2023-04-01,2023-09-30,0
2023-07-28,83430,2024-03-31,1,,,,,,,,,5600000000,0.134,,3500000000,,199.39,,,,,,,,,,,,,,,,,,,,,,true,true,12,2023-04-01,2024-03-31,0
2023-07-28,83430,2023-03-31,1,,,,,,,,,,,,,,,,,,,,3526176000000,149952000000,0.042,,149257000000,,,,,,,,,,,,true,false,12,2022-04-01,2023-03-31,-1
2023-07-28,83430,2023-03-31,1,,,,,,,,,,,,,,,,,,,,,,,,,,,,,70.00,,,,18093643,540384,,false,false,12,2022-04-01,2023-03-31,-1
2023-07-28,83430,2024-03-31,1,,,,,,,,,,,,,,,,,,,,,,,,,,,,,70.00,,,,,,,false,true,12,2023-04-01,2024-03-31,0
2023-07-28,83430,2024-03-31,1,,,,,,,,,,,,,,,,,,,,,,,,,,,,,,,,,18093643,523026,17556798,false,false,3,2023-04-01,2023-06-30,0
2023-07-28,83430,2023-03-31,1,,,,,,,,,,,,,,,,,,,,,,,,,,,,,,,,,,,17891966,false,false,3,2022-04-01,2022-06-30,-1
2023-10-30,83430,2024-03-31,,,,,,,,,,3100000000,0.240,,2200000000,,125.33,,,,,,,,,,,,,,,,,,,,,,true,true,6,2023-04-01,2023-09-30,0
2023-10-30,83430,2023-03-31,,,,,,,,,,3830000000,,,2685000000,,150.20,,,,,,,,,,,,,,,,,,,,,,true,false,6,2022-04-01,2022-09-30,-1
2023-10-30,83430,2024-03-31,,,,,,,,,,3300000000,0.269,2400000000,,0.500,136.72,,,,,,,,,,,,,,,,,,,,,,false,true,6,2023-04-01,2023-09-30,0
2023-10-30,83430,2023-03-31,,,,,,,,,,3971000000,,2909000000,,,162.70,,,,,,,,,,,,,,,,,,,,,,false,false,6,2022-04-01,2022-09-30,-1
2023-11-09,83430,2024-03-31,2,,,,,,,,,3177000000,-0.170,,2267000000,,129.04,,,,,,3589604000000,150949000000,0.041,,150240000000,,,,,,,,,,,,true,false,6,2023-04-01,2023-09-30,0
2023-11-09,83430,2023-03-31,2,,,,,,,,,3830000000,0.238,,2685000000,,150.20,,,,,,,,,,,,,,,,,,,,,,true,false,6,2022-04-01,2022-09-30,-1
2023-11-09,83430,2024-03-31,2,,,,,,,,,5600000000,0.134,,3500000000,,199.39,,,,,,,,,,,,,,,,,,,,,,true,true,12,2023-04-01,2024-03-31,0
2023-11-09,83430,2024-03-31,2,,,,,,,,,3313000000,-0.165,2495000000,,-0.142,142.02,,,,,,3578195000000,142555000000,0.039,,142555000000,,,,,,,,,18093643,499307,17571339,false,false,6,2023-04-01,2023-09-30,0
2023-11-09,83430,2023-03-31,2,,,,,,,,,3971000000,0.240,2909000000,,0.349,162.70,,,,,,,,,,,,,,,,,,,,,17879305,false,false,6,2022-04-01,2022-09-30,-1
2023-11-09,83430,2024-03-31,2,,,,,,,,,5500000000,0.138,3600000000,,0.069,205.09,,,,,,,,,,,,,,,70.00,,,,,,,false,true,12,2023-04-01,2024-03-31,0
2023-11-09,83430,2023-03-31,2,,,,,,,,,,,,,,,,,,,,3526176000000,149952000000,0.042,,149257000000,,,,,,,,,,,,true,false,12,2022-04-01,2023-03-31,-1
2023-11-09,83430,2023-03-31,2,,,,,,,,,,,,,,,,,,,,3515460000000,141416000000,0.040,,141416000000,,,,,70.00,,,,18093643,540384,,false,false,12,2022-04-01,2023-03-31,-1
2023-11-09,83430,2024-03-31,2,,,,,,,,,,,,,,,,,,,,,,,,,,,,,35.00,,,,,,,false,false,12,2023-04-01,2024-03-31,0
2024-01-30,83430,2024-03-31,3,,,,,,,,,4567000000,-0.093,,3219000000,,183.11,,,,,,3625989000000,160114000000,0.043,,159400000000,,,,,,,,,,,,true,false,9,2023-04-01,2023-12-31,0
2024-01-30,83430,2023-03-31,3,,,,,,,,,5037000000,0.103,,3647000000,,204.23,,,,,,,,,,,,,,,,,,,,,,true,false,9,2022-04-01,2022-12-31,-1
2024-01-30,83430,2024-03-31,3,,,,,,,,,5600000000,0.134,,3500000000,,199.39,,,,,,,,,,,,,,,,,,,,,,true,true,12,2023-04-01,2024-03-31,0
2024-01-30,83430,2023-03-31,3,,,,,,,,,,,,,,,,,,,,3526176000000,149952000000,0.042,,149257000000,,,,,,,,,,,,true,false,12,2022-04-01,2023-03-31,-1
2024-01-30,83430,2023-03-31,3,,,,,,,,,,,,,,,,,,,,,,,,,,,,,70.00,,,,18093643,540384,,false,false,12,2022-04-01,2023-03-31,-1
2024-01-30,83430,2024-03-31,3,,,,,,,,,,,,,,,,,,,,,,,,,,,,,35.00,,,,,,,false,false,12,2023-04-01,2024-03-31,0
2024-01-30,83430,2024-03-31,3,,,,,,,,,,,,,,,,,,,,,,,,,,,,,70.00,,,,,,,false,true,12,2023-04-01,2024-03-31,0
2024-01-30,83430,2024-03-31,3,,,,,,,,,,,,,,,,,,,,,,,,,,,,,,,,,18093643,467219,17581979,false,false,9,2023-04-01,2023-12-31,0
2024-01-30,83430,2023-03-31,3,,,,,,,,,,,,,,,,,,,,,,,,,,,,,,,,,,,17856569,false,false,9,2022-04-01,2022-12-31,-1
2024-04-25,83430,2024-03-31,,,,,,,,,,6500000000,0.160,,4500000000,,256.36,,,,,,,,,,,,,,,,,,,,,,true,true,12,2023-04-01,2024-03-31,0
2024-04-25,83430,2023-03-31,,,,,,,,,,4935000000,,,3295000000,,185.35,,,,,,,,,,,,,,,,,,,,,,true,false,12,2022-04-01,2023-03-31,-1
2024-04-25,83430,2024-03-31,,,,,,,,,,6400000000,0.163,4500000000,,0.250,256.36,,,,,,,,,,,,,,,80.00,,,,,,,false,true,12,2023-04-01,2024-03-31,0
2024-04-25,83430,2023-03-31,,,,,,,,,,4833000000,,3366000000,,,189.33,,,,,,,,,,,,,,,70.00,,,,,,,false,false,12,2022-04-01,2023-03-31,-1
2024-04-25,83430,2024-03-31,,,,,,,,,,,,,,,,,,,,,,,,,,,,,,35.00,,,,,,,false,false,12,2023-04-01,2024-03-31,0
2024-05-10,83430,2024-03-31,,,,,,,,,,6597000000,0.336,,4541000000,,258.15,,0.028,0.001,,,3584190000000,172793000000,0.048,9756.89,172072000000,-52386000000,-12570000000,-1108000000,683668000000,,0.309,,,,,,true,false,12,2023-04-01,2024-03-31,0
2024-05-10,83430,2023-03-31,,,,,,,,,,4935000000,0.046,,3295000000,,185.35,,0.020,0.001,,,3526176000000,149952000000,0.042,8503.10,149257000000,-167139000000,80247000000,-1881000000,749728000000,,0.377,,,,,,true,false,12,2022-04-01,2023-03-31,-1
2024-05-10,83430,2025-03-31,,,,,,,,,,3200000000,0.007,,2000000000,,113.40,,,,,,,,,,,,,,,,,,,,,,true,true,6,2024-04-01,2024-09-30,1
2024-05-10,83430,2025-03-31,,,,,,,,,,7700000000,0.167,,5000000000,,283.51,,,,,,,,,,,,,,,,0.317,,,,,,true,true,12,2024-04-01,2025-03-31,1
2024-05-10,83430,2024-03-31,,,,,,,,,,6443000000,0.333,4576000000,,0.359,260.13,,,,,,3567118000000,159151000000,0.044,9024.21,159151000000,,,,,80.00,,,,18093643,457636,17594153,false,false,12,2023-04-01,2024-03-31,0
2024-05-10,83430,2023-03-31,,,,,,,,,,4833000000,0.021,3366000000,,0.007,189.33,,,,,,3515460000000,141416000000,0.040,8056.43,141416000000,,,,,70.00,,,,18093643,540384,17782303,false,false,12,2022-04-01,2023-03-31,-1
2024-05-10,83430,2025-03-31,,,,,,,,,,3400000000,0.026,2300000000,,-0.078,130.41,,,,,,,,,,,,,,,,,,,,,,false,true,6,2024-04-01,2024-09-30,1
2024-05-10,83430,2025-03-31,,,,,,,,,,7700000000,0.195,5000000000,,0.092,283.51,,,,,,,,,,,,,,,90.00,,,,,,,false,true,12,2024-04-01,2025-03-31,1
2024-07-30,8343,2025-03-31,1,,,,,,,,,2361000000,1.958,,1687000000,,95.65,,,,,,3684721000000,170393000000,0.046,,169671000000,,,,,,,,,,,,true,false,3,2024-04-01,2024-06-30,0
2024-07-30,8343,2024-03-31,1,,,,,,,,,798000000,0.546,,597000000,,34.05,,,,,,,,,,,,,,,,,,,,,,true,false,3,2023-04-01,2023-06-30,-1
2024-07-30,8343,2025-03-31,1,,,,,,,,,3200000000,0.007,,2000000000,,113.40,,,,,,,,,,,,,,,,,,,,,,true,true,6,2024-04-01,2024-09-30,0
2024-07-30,8343,2025-03-31,1,,,,,,,,,7700000000,0.167,,5000000000,,283.51,,,,,,,,,,,,,,,,,,,,,,true,true,12,2024-04-01,2025-03-31,0
2024-07-30,8343,2024-03-31,1,,,,,,,,,,,,,,,,,,,,3584190000000,172793000000,0.048,,172072000000,,,,,,,,,,,,true,false,12,2023-04-01,2024-03-31,-1
2024-07-30,8343,2024-03-31,1,,,,,,,,,,,,,,,,,,,,,,,,,,,,,80.00,,,,18093643,457636,,false,false,12,2023-04-01,2024-03-31,-1
2024-07-30,8343,2025-03-31,1,,,,,,,,,,,,,,,,,,,,,,,,,,,,,90.00,,,,,,,false,true,12,2024-04-01,2025-03-31,0
2024-07-30,8343,2025-03-31,1,,,,,,,,,,,,,,,,,,,,,,,,,,,,,,,,,18093643,440593,17642201,false,false,3,2024-04-01,2024-06-30,0
2024-07-30,8343,2024-03-31,1,,,,,,,,,,,,,,,,,,,,,,,,,,,,,,,,,,,17556798,false,false,3,2023-04-01,2023-06-30,-1
2024-11-08,8343,2025-03-31,2,,,,,,,,,3718000000,0.170,,1923000000,,108.92,,,,,,3576241000000,169094000000,0.047,,168372000000,,,,,,,,,,,,true,false,6,2024-04-01,2024-09-30,0
2024-11-08,8343,2024-03-31,2,,,,,,,,,3177000000,-0.170,,2267000000,,129.04,,,,,,,,,,,,,,,,,,,,,,true,false,6,2023-04-01,2023-09-30,-1
2024-11-08,8343,2025-03-31,2,,,,,,,,,7700000000,0.167,,5000000000,,283.51,,,,,,,,,,,,,,,,,,,,,,true,true,12,2024-04-01,2025-03-31,0
2024-11-08,8343,2025-03-31,2,,,,,,,,,4152000000,0.253,2438000000,,-0.022,138.10,,,,,,3561014000000,156278000000,0.043,,156278000000,,,,,,,,,18093643,420417,17654417,false,false,6,2024-04-01,2024-09-30,0
2024-11-08,8343,2024-03-31,2,,,,,,,,,3313000000,-0.165,2495000000,,-0.142,142.02,,,,,,,,,,,,,,,,,,,,,17571339,false,false,6,2023-04-01,2023-09-30,-1
2024-11-08,8343,2025-03-31,2,,,,,,,,,7700000000,0.195,5000000000,,0.092,283.51,,,,,,,,,,,,,,,90.00,,,,,,,false,true,12,2024-04-01,2025-03-31,0
2024-11-08,8343,2024-03-31,2,,,,,,,,,,,,,,,,,,,,3584190000000,172793000000,0.048,,172072000000,,,,,,,,,,,,true,false,12,2023-04-01,2024-03-31,-1
2024-11-08,8343,2024-03-31,2,,,,,,,,,,,,,,,,,,,,3567118000000,159151000000,0.044,,159151000000,,,,,80.00,,,,18093643,457636,,false,false,12,2023-04-01,2024-03-31,-1
2024-11-08,8343,2025-03-31,2,,,,,,,,,,,,,,,,,,,,,,,,,,,,,45.00,,,,,,,false,false,12,2024-04-01,2025-03-31,0
2025-01-30,8343,2025-03-31,3,,,,,,,,,5648000000,0.236,,3296000000,,186.63,,,,,,3566042000000,166927000000,0.046,,166193000000,,,,,,,,,,,,true,false,9,2024-04-01,2024-12-31,0
2025-01-30,8343,2024-03-31,3,,,,,,,,,4567000000,-0.093,,3219000000,,183.11,,,,,,,,,,,,,,,,,,,,,,true,false,9,2023-04-01,2023-12-31,-1
2025-01-30,8343,2025-03-31,3,,,,,,,,,7700000000,0.167,,5000000000,,283.51,,,,,,,,,,,,,,,,,,,,,,true,true,12,2024-04-01,2025-03-31,0
2025-01-30,8343,2024-03-31,3,,,,,,,,,,,,,,,,,,,,3584190000000,172793000000,0.048,,172072000000,,,,,,,,,,,,true,false,12,2023-04-01,2024-03-31,-1
2025-01-30,8343,2024-03-31,3,,,,,,,,,,,,,,,,,,,,,,,,,,,,,80.00,,,,18093643,457636,,false,false,12,2023-04-01,2024-03-31,-1
2025-01-30,8343,2025-03-31,3,,,,,,,,,,,,,,,,,,,,,,,,,,,,,45.00,,,,,,,false,false,12,2024-04-01,2025-03-31,0
2025-01-30,8343,2025-03-31,3,,,,,,,,,,,,,,,,,,,,,,,,,,,,,90.00,,,,,,,false,true,12,2024-04-01,2025-03-31,0
2025-01-30,8343,2025-03-31,3,,,,,,,,,,,,,,,,,,,,,,,,,,,,,,,,,18093643,390257,17663272,false,false,9,2024-04-01,2024-12-31,0
2025-01-30,8343,2024-03-31,3,,,,,,,,,,,,,,,,,,,,,,,,,,,,,,,,,,,17581979,false,false,9,2023-04-01,2023-12-31,-1
,83430,2025-03-31,,,,,,,,,,,,,,,,,,,,,,,,,,,,,,105.00,,,,,,,false,true,12,2024-04-01,2025-03-31,0
,83430,2025-03-31,,,,,,,,,,,,,,,,,,,,,,,,,,,,,,45.00,,,,,,,false,false,12,2024-04-01,2025-03-31,0
,83430,2024-03-31,,,,,,,,,,,,,,,,,,,,,,,,,,,,,,80.00,,,,,,,false,false,12,2023-04-01,2024-03-31,-1
2025-05-12,8343,2025-03-31,,,,,,,,,,9121000000,0.382,,5662000000,,320.37,,0.034,0.002,,,3460341000000,157094000000,0.045,8828.16,156357000000,-145513000000,-72821000000,-1483000000,463850000000,,0.327,,,,,,true,false,12,2024-04-01,2025-03-31,0
2025-05-12,8343,2024-03-31,,,,,,,,,,6597000000,0.336,,4541000000,,258.15,,0.028,0.001,,,3584190000000,172793000000,0.048,9756.89,172072000000,-52386000000,-12570000000,-1108000000,683668000000,,0.309,,,,,,true,false,12,2023-04-01,2024-03-31,-1
2025-05-12,8343,2026-03-31,,,,,,,,,,5100000000,0.371,,3400000000,,191.96,,,,,,,,,,,,,,,,,,,,,,true,true,6,2025-04-01,2025-09-30,1
2025-05-12,8343,2026-03-31,,,,,,,,,,9800000000,0.074,,6500000000,,366.99,,,,,,,,,,,,,,,,0.408,,,,,,true,true,12,2025-04-01,2026-03-31,1
2025-05-12,8343,2025-03-31,,,,,,,,,,9372000000,0.454,6037000000,,0.319,341.60,,,,,,3443096000000,142526000000,0.041,8047.22,142526000000,,,,,105.00,,,,18093643,382432,17674052,false,false,12,2024-04-01,2025-03-31,0
2025-05-12,8343,2024-03-31,,,,,,,,,,6443000000,0.333,4576000000,,0.359,260.13,,,,,,3567118000000,159151000000,0.044,9024.21,159151000000,,,,,80.00,,,,18093643,457636,17594153,false,false,12,2023-04-01,2024-03-31,-1
2025-05-12,8343,2026-03-31,,,,,,,,,,5400000000,0.300,3700000000,,0.517,208.90,,,,,,,,,,,,,,,,,,,,,,false,true,6,2025-04-01,2025-09-30,1
2025-05-12,8343,2026-03-31,,,,,,,,,,9800000000,0.045,6500000000,,0.076,366.99,,,,,,,,,,,,,,,150.00,,,,,,,false,true,12,2025-04-01,2026-03-31,1
2025-06-24,8343,2025-03-31,,,,,,,,,,9121000000,0.382,,5662000000,,320.37,,0.034,0.002,,,3460341000000,157094000000,0.045,8828.16,156357000000,-130487000000,-87846000000,-1483000000,463850000000,,0.327,,,,,,true,false,12,2024-04-01,2025-03-31,0
2025-06-24,8343,2024-03-31,,,,,,,,,,6597000000,0.336,,4541000000,,258.15,,0.028,0.001,,,3584190000000,172793000000,0.048,9756.89,172072000000,-52386000000,-12570000000,-1108000000,683668000000,,0.309,,,,,,true,false,12,2023-04-01,2024-03-31,-1
2025-06-24,8343,2026-03-31,,,,,,,,,,5100000000,0.371,,3400000000,,191.96,,,,,,,,,,,,,,,,,,,,,,true,true,6,2025-04-01,2025-09-30,1
2025-06-24,8343,2026-03-31,,,,,,,,,,9800000000,0.074,,6500000000,,366.99,,,,,,,,,,,,,,,,0.408,,,,,,true,true,12,2025-04-01,2026-03-31,1
2025-06-24,8343,2025-03-31,,,,,,,,,,9372000000,0.454,6037000000,,0.319,341.60,,,,,,3443096000000,142526000000,0.041,8047.22,142526000000,,,,,105.00,,,,18093643,382432,17674052,false,false,12,2024-04-01,2025-03-31,0
2025-06-24,8343,2024-03-31,,,,,,,,,,6443000000,0.333,4576000000,,0.359,260.13,,,,,,3567118000000,159151000000,0.044,9024.21,159151000000,,,,,80.00,,,,18093643,457636,17594153,false,false,12,2023-04-01,2024-03-31,-1
2025-06-24,8343,2026-03-31,,,,,,,,,,5400000000,0.300,3700000000,,0.517,208.90,,,,,,,,,,,,,,,,,,,,,,false,true,6,2025-04-01,2025-09-30,1
2025-06-24,8343,2026-03-31,,,,,,,,,,9800000000,0.045,6500000000,,0.076,366.99,,,,,,,,,,,,,,,150.00,,,,,,,false,true,12,2025-04-01,2026-03-31,1
2025-07-30,8343,2026-03-31,1,,,,,,,,,3071000000,0.300,,2388000000,,134.83,,,,,,3567010000000,167402000000,0.046,,166663000000,,,,,,,,,,,,true,false,3,2025-04-01,2025-06-30,0
2025-07-30,8343,2025-03-31,1,,,,,,,,,2361000000,1.958,,1687000000,,95.65,,,,,,,,,,,,,,,,,,,,,,true,false,3,2024-04-01,2024-06-30,-1
2025-07-30,8343,2026-03-31,1,,,,,,,,,5100000000,0.371,,3400000000,,191.96,,,,,,,,,,,,,,,,,,,,,,true,true,6,2025-04-01,2025-09-30,0
2025-07-30,8343,2026-03-31,1,,,,,,,,,9800000000,0.074,,6500000000,,366.99,,,,,,,,,,,,,,,,,,,,,,true,true,12,2025-04-01,2026-03-31,0
2025-07-30,8343,2025-03-31,1,,,,,,,,,,,,,,,,,,,,3460341000000,157094000000,0.045,,156357000000,,,,,,,,,,,,true,false,12,2024-04-01,2025-03-31,-1
2025-07-30,8343,2025-03-31,1,,,,,,,,,,,,,,,,,,,,,,,,,,,,,105.00,,,,18093643,382432,,false,false,12,2024-04-01,2025-03-31,-1
2025-07-30,8343,2026-03-31,1,,,,,,,,,,,,,,,,,,,,,,,,,,,,,150.00,,,,,,,false,true,12,2025-04-01,2026-03-31,0
2025-07-30,8343,2026-03-31,1,,,,,,,,,,,,,,,,,,,,,,,,,,,,,,,,,18093643,359392,17717522,false,false,3,2025-04-01,2025-06-30,0
2025-07-30,8343,2025-03-31,1,,,,,,,,,,,,,,,,,,,,,,,,,,,,,,,,,,,17642201,false,false,3,2024-04-01,2024-06-30,-1
