filing_date,code,fiscal_year_end,quarterly_period,net_sales,net_sales_change,revenue,revenue_change,operating_revenue,operating_revenue_change,operating_profit,operating_profit_change,ordinary_profit,ordinary_profit_change,net_income,net_income_of_parent,net_income_change,eps,diluted_eps,roe,roa,operating_profit_to_net_sales,operating_profit_to_revenue,total_assets,net_assets,equity_ratio,bps,owner_equity,operating_cash_flow,investing_cash_flow,financing_cash_flow,cash,dividend_per_share,payout_ratio,commemorative_dividend,extra_dividend,number_of_shares,number_of_treqsury_shares,avg_number_of_shares,is_consolidated,is_forecast,duration,period_start,period_end,period_pos
2015-05-13,83490,2015-03-31,,,,,,,,,,2244000000,0.317,1347000000,,0.360,14.05,8.85,0.038,0.003,,,845812000000,37941000000,0.043,281.71,36701000000,18353000000,-18810000000,-2694000000,16125000000,,0.356,,,,,,true,false,12,2014-04-01,2015-03-31,0
2015-05-13,83490,2014-03-31,,,,,,,,,,1704000000,-0.038,990000000,,0.100,10.24,6.06,0.030,0.002,,,804766000000,35081000000,0.042,251.80,33872000000,37054000000,-31470000000,-1496000000,19274000000,,0.488,,,,,,true,false,12,2013-04-01,2014-03-31,-1
2015-05-13,83490,2016-03-31,,,,,,,,,,830000000,-0.171,,520000000,,5.40,,,,,,,,,,,,,,,,,,,,,,true,true,6,2015-04-01,2015-09-30,1
2015-05-13,83490,2016-03-31,,,,,,,,,,1660000000,-0.260,,1030000000,,10.70,,,,,,,,,,,,,,,,0.467,,,,,,true,true,12,2015-04-01,2016-03-31,1
2015-05-13,83490,2015-03-31,,,,,,,,,,2131000000,0.457,1368000000,,0.564,14.28,8.99,,,,,843055000000,35096000000,0.042,264.77,35096000000,,,,,5.00,,,,95099631,344145,94760982,false,false,12,2014-04-01,2015-03-31,0
2015-05-13,83490,2014-03-31,,,,,,,,,,1462000000,0.046,875000000,,0.215,9.02,5.36,,,,,801808000000,32317000000,0.040,235.39,32317000000,,,,,5.00,,,,95099631,333855,94770991,false,false,12,2013-04-01,2014-03-31,-1
2015-05-13,83490,2016-03-31,,,,,,,,,,770000000,-0.105,500000000,,-0.043,5.19,,,,,,,,,,,,,,,,,,,,,,false,true,6,2015-04-01,2015-09-30,1
2015-05-13,83490,2016-03-31,,,,,,,,,,1540000000,-0.277,1000000000,,-0.269,10.39,,,,,,,,,,,,,,,5.00,,,,,,,false,true,12,2015-04-01,2016-03-31,1
2015-07-30,83490,2016-03-31,1,,,,,,,,,616000000,0.100,,386000000,,4.07,2.50,,,,,869510000000,37733000000,0.042,,36489000000,,,,,,,,,,,,true,false,3,2015-04-01,2015-06-30,0
2015-07-30,83490,2015-03-31,1,,,,,,,,,560000000,-0.092,,341000000,,3.60,2.11,,,,,,,,,,,,,,,,,,,,,true,false,3,2014-04-01,2014-06-30,-1
2015-07-30,83490,2016-03-31,1,,,,,,,,,830000000,-0.171,,520000000,,5.40,,,,,,,,,,,,,,,,,,,,,,true,true,6,2015-04-01,2015-09-30,0
2015-07-30,83490,2016-03-31,1,,,,,,,,,1660000000,-0.260,,1030000000,,10.70,,,,,,,,,,,,,,,,,,,,,,true,true,12,2015-04-01,2016-03-31,0
2015-07-30,83490,2015-03-31,1,,,,,,,,,,,,,,,,,,,,845812000000,37941000000,0.043,,36701000000,,,,,,,,,,,,true,false,12,2014-04-01,2015-03-31,-1
2015-07-30,83490,2015-03-31,1,,,,,,,,,,,,,,,,,,,,,,,,,,,,,5.00,,,,95099631,344145,,false,false,12,2014-04-01,2015-03-31,-1
2015-07-30,83490,2016-03-31,1,,,,,,,,,,,,,,,,,,,,,,,,,,,,,5.00,,,,,,,false,true,12,2015-04-01,2016-03-31,0
2015-07-30,83490,2016-03-31,1,,,,,,,,,,,,,,,,,,,,,,,,,,,,,,,,,95099631,344165,94755471,false,false,3,2015-04-01,2015-06-30,0
2015-07-30,83490,2015-03-31,1,,,,,,,,,,,,,,,,,,,,,,,,,,,,,,,,,,,94764119,false,false,3,2014-04-01,2014-06-30,-1
2015-10-30,83490,2016-03-31,,,,,,,,,,1320000000,0.590,,870000000,,9.10,,,,,,,,,,,,,,,,,,,,,,true,true,6,2015-04-01,2015-09-30,0
2015-10-30,83490,2015-03-31,,,,,,,,,,1001000000,,,574000000,,5.98,,,,,,,,,,,,,,,,,,,,,,true,false,6,2014-04-01,2014-09-30,-1
2015-10-30,83490,2016-03-31,,,,,,,,,,1220000000,0.584,820000000,,0.640,8.57,,,,,,,,,,,,,,,,,,,,,,false,true,6,2015-04-01,2015-09-30,0
2015-10-30,83490,2015-03-31,,,,,,,,,,860000000,,522000000,,,5.43,,,,,,,,,,,,,,,,,,,,,,false,false,6,2014-04-01,2014-09-30,-1
2015-11-13,83490,2016-03-31,2,,,,,,,,,1321000000,0.319,,875000000,,9.15,5.48,,,,,872453000000,37936000000,0.042,,36676000000,,,,,,,,,,,,true,false,6,2015-04-01,2015-09-30,0
2015-11-13,83490,2015-03-31,2,,,,,,,,,1001000000,-0.016,,574000000,,5.98,3.59,,,,,,,,,,,,,,,,,,,,,true,false,6,2014-04-01,2014-09-30,-1
2015-11-13,83490,2016-03-31,2,,,,,,,,,2000000000,-0.109,,1250000000,,13.03,,,,,,,,,,,,,,,,,,,,,,true,true,12,2015-04-01,2016-03-31,0
2015-11-13,83490,2016-03-31,2,,,,,,,,,1226000000,0.425,821000000,,0.572,8.58,,,,,,869616000000,35012000000,0.040,,35012000000,,,,,,,,,95099631,348955,94754915,false,false,6,2015-04-01,2015-09-30,0
2015-11-13,83490,2015-03-31,2,,,,,,,,,860000000,-0.085,522000000,,-0.184,5.43,,,,,,,,,,,,,,,,,,,,,94763048,false,false,6,2014-04-01,2014-09-30,-1
2015-11-13,83490,2016-03-31,2,,,,,,,,,1850000000,-0.132,1200000000,,-0.123,12.50,,,,,,,,,,,,,,,5.00,,,,,,,false,true,12,2015-04-01,2016-03-31,0
2015-11-13,83490,2015-03-31,2,,,,,,,,,,,,,,,,,,,,845812000000,37941000000,0.043,,36701000000,,,,,,,,,,,,true,false,12,2014-04-01,2015-03-31,-1
2015-11-13,83490,2015-03-31,2,,,,,,,,,,,,,,,,,,,,843055000000,35096000000,0.042,,35096000000,,,,,5.00,,,,95099631,344145,,false,false,12,2014-04-01,2015-03-31,-1
2015-11-13,83490,2016-03-31,2,,,,,,,,,,,,,,,,,,,,,,,,,,,,,2.50,,,,,,,false,false,12,2015-04-01,2016-03-31,0
2016-01-29,83490,2016-03-31,3,,,,,,,,,2090000000,0.331,,1394000000,,14.64,8.78,,,,,872644000000,38624000000,0.043,,37348000000,,,,,,,,,,,,true,false,9,2015-04-01,2015-12-31,0
2016-01-29,83490,2015-03-31,3,,,,,,,,,1570000000,0.202,,928000000,,9.71,5.78,,,,,,,,,,,,,,,,,,,,,true,false,9,2014-04-01,2014-12-31,-1
2016-01-29,83490,2016-03-31,3,,,,,,,,,2000000000,-0.109,,1250000000,,13.03,,,,,,,,,,,,,,,,,,,,,,true,true,12,2015-04-01,2016-03-31,0
2016-01-29,83490,2015-03-31,3,,,,,,,,,,,,,,,,,,,,845812000000,37941000000,0.043,,36701000000,,,,,,,,,,,,true,false,12,2014-04-01,2015-03-31,-1
2016-01-29,83490,2015-03-31,3,,,,,,,,,,,,,,,,,,,,,,,,,,,,,5.00,,,,95099631,344145,,false,false,12,2014-04-01,2015-03-31,-1
2016-01-29,83490,2016-03-31,3,,,,,,,,,,,,,,,,,,,,,,,,,,,,,2.50,,,,,,,false,false,12,2015-04-01,2016-03-31,0
2016-01-29,83490,2016-03-31,3,,,,,,,,,,,,,,,,,,,,,,,,,,,,,5.00,,,,,,,false,true,12,2015-04-01,2016-03-31,0
2016-01-29,83490,2016-03-31,3,,,,,,,,,,,,,,,,,,,,,,,,,,,,,,,,,95099631,349895,94753445,false,false,9,2015-04-01,2015-12-31,0
2016-01-29,83490,2015-03-31,3,,,,,,,,,,,,,,,,,,,,,,,,,,,,,,,,,,,94762228,false,false,9,2014-04-01,2014-12-31,-1
2016-04-28,83490,2016-03-31,,,,,,,,,,2800000000,0.400,,1900000000,,19.89,,,,,,,,,,,,,,,,,,,,,,true,true,12,2015-04-01,2016-03-31,0
2016-04-28,83490,2015-03-31,,,,,,,,,,2244000000,,,1347000000,,14.05,,,,,,,,,,,,,,,,,,,,,,true,false,12,2014-04-01,2015-03-31,-1
2016-04-28,83490,2016-03-31,,,,,,,,,,2590000000,0.400,1780000000,,0.483,18.62,,,,,,,,,,,,,,,,,,,,,,false,true,12,2015-04-01,2016-03-31,0
2016-04-28,83490,2015-03-31,,,,,,,,,,2131000000,,1368000000,,,14.28,,,,,,,,,,,,,,,,,,,,,,false,false,12,2014-04-01,2015-03-31,-1
2016-05-13,83490,2016-03-31,,,,,,,,,,2813000000,0.254,,1908000000,,19.97,11.58,0.051,0.003,,,841083000000,39966000000,0.046,302.56,38675000000,26627000000,-26192000000,-491000000,16067000000,,0.250,,,,,,true,false,12,2015-04-01,2016-03-31,0
2016-05-13,83490,2015-03-31,,,,,,,,,,2244000000,0.317,,1347000000,,14.05,8.85,0.038,0.003,,,845812000000,37941000000,0.043,281.71,36701000000,18353000000,-18810000000,-2694000000,16125000000,,0.356,,,,,,true,false,12,2014-04-01,2015-03-31,-1
2016-05-13,83490,2017-03-31,,,,,,,,,,860000000,-0.349,,630000000,,6.56,,,,,,,,,,,,,,,,,,,,,,true,true,6,2016-04-01,2016-09-30,1
2016-05-13,83490,2017-03-31,,,,,,,,,,1750000000,-0.378,,1260000000,,13.13,,,,,,,,,,,,,,,,0.381,,,,,,true,true,12,2016-04-01,2017-03-31,1
2016-05-13,83490,2016-03-31,,,,,,,,,,2592000000,0.217,1783000000,,0.303,18.66,10.83,,,,,837871000000,36812000000,0.044,282.91,36812000000,,,,,5.00,,,,95099631,351425,94752472,false,false,12,2015-04-01,2016-03-31,0
2016-05-13,83490,2015-03-31,,,,,,,,,,2131000000,0.457,1368000000,,0.564,14.28,8.99,,,,,843055000000,35096000000,0.042,264.77,35096000000,,,,,5.00,,,,95099631,344145,94760982,false,false,12,2014-04-01,2015-03-31,-1
2016-05-13,83490,2017-03-31,,,,,,,,,,800000000,-0.348,600000000,,-0.269,6.25,,,,,,,,,,,,,,,,,,,,,,false,true,6,2016-04-01,2016-09-30,1
2016-05-13,83490,2017-03-31,,,,,,,,,,1600000000,-0.383,1200000000,,-0.327,12.50,,,,,,,,,,,,,,,5.00,,,,,,,false,true,12,2016-04-01,2017-03-31,1
2016-07-29,83490,2017-03-31,1,,,,,,,,,643000000,0.045,,438000000,,4.62,2.60,,,,,867810000000,40237000000,0.045,,38937000000,,,,,,,,,,,,true,false,3,2016-04-01,2016-06-30,0
2016-07-29,83490,2016-03-31,1,,,,,,,,,616000000,0.100,,386000000,,4.07,2.50,,,,,,,,,,,,,,,,,,,,,true,false,3,2015-04-01,2015-06-30,-1
2016-07-29,83490,2017-03-31,1,,,,,,,,,860000000,-0.349,,630000000,,6.59,,,,,,,,,,,,,,,,,,,,,,true,true,6,2016-04-01,2016-09-30,0
2016-07-29,83490,2017-03-31,1,,,,,,,,,1750000000,-0.378,,1260000000,,13.18,,,,,,,,,,,,,,,,,,,,,,true,true,12,2016-04-01,2017-03-31,0
2016-07-29,83490,2016-03-31,1,,,,,,,,,,,,,,,,,,,,841083000000,39966000000,0.046,,38675000000,,,,,,,,,,,,true,false,12,2015-04-01,2016-03-31,-1
2016-07-29,83490,2016-03-31,1,,,,,,,,,,,,,,,,,,,,,,,,,,,,,5.00,,,,95099631,351425,,false,false,12,2015-04-01,2016-03-31,-1
2016-07-29,83490,2017-03-31,1,,,,,,,,,,,,,,,,,,,,,,,,,,,,,5.00,,,,,,,false,true,12,2016-04-01,2017-03-31,0
2016-07-29,83490,2017-03-31,1,,,,,,,,,,,,,,,,,,,,,,,,,,,,,,,,,95099631,352655,94747489,false,false,3,2016-04-01,2016-06-30,0
2016-07-29,83490,2016-03-31,1,,,,,,,,,,,,,,,,,,,,,,,,,,,,,,,,,,,94755471,false,false,3,2015-04-01,2015-06-30,-1
2016-10-31,83490,2017-03-31,,,,,,,,,,1260000000,0.465,,890000000,,9.33,,,,,,,,,,,,,,,,,,,,,,true,true,6,2016-04-01,2016-09-30,0
2016-10-31,83490,2016-03-31,,,,,,,,,,1321000000,,,875000000,,9.15,,,,,,,,,,,,,,,,,,,,,,true,false,6,2015-04-01,2015-09-30,-1
2016-10-31,83490,2017-03-31,,,,,,,,,,1180000000,0.475,990000000,,0.650,10.38,,,,,,,,,,,,,,,,,,,,,,false,true,6,2016-04-01,2016-09-30,0
2016-10-31,83490,2016-03-31,,,,,,,,,,1226000000,,821000000,,,8.58,,,,,,,,,,,,,,,,,,,,,,false,false,6,2015-04-01,2015-09-30,-1
2016-11-11,83490,2017-03-31,2,,,,,,,,,1268000000,-0.040,,892000000,,9.36,5.41,,,,,866350000000,39862000000,0.045,,38555000000,,,,,,,,,,,,true,false,6,2016-04-01,2016-09-30,0
2016-11-11,83490,2016-03-31,2,,,,,,,,,1321000000,0.319,,875000000,,9.15,5.48,,,,,,,,,,,,,,,,,,,,,true,false,6,2015-04-01,2015-09-30,-1
2016-11-11,83490,2017-03-31,2,,,,,,,,,1750000000,-0.378,,1260000000,,13.18,,,,,,,,,,,,,,,,,,,,,,true,true,12,2016-04-01,2017-03-31,0
2016-11-11,83490,2017-03-31,2,,,,,,,,,1183000000,-0.035,991000000,,0.208,10.40,,,,,,863198000000,36816000000,0.043,,36816000000,,,,,,,,,95099631,357335,94746191,false,false,6,2016-04-01,2016-09-30,0
2016-11-11,83490,2016-03-31,2,,,,,,,,,1226000000,0.425,821000000,,0.572,8.58,,,,,,,,,,,,,,,,,,,,,94754915,false,false,6,2015-04-01,2015-09-30,-1
2016-11-11,83490,2017-03-31,2,,,,,,,,,1600000000,-0.383,1200000000,,-0.327,12.54,,,,,,,,,,,,,,,5.00,,,,,,,false,true,12,2016-04-01,2017-03-31,0
2016-11-11,83490,2016-03-31,2,,,,,,,,,,,,,,,,,,,,841083000000,39966000000,0.046,,38675000000,,,,,,,,,,,,true,false,12,2015-04-01,2016-03-31,-1
2016-11-11,83490,2016-03-31,2,,,,,,,,,,,,,,,,,,,,837871000000,36812000000,0.044,,36812000000,,,,,5.00,,,,95099631,351425,,false,false,12,2015-04-01,2016-03-31,-1
2016-11-11,83490,2017-03-31,2,,,,,,,,,,,,,,,,,,,,,,,,,,,,,2.50,,,,,,,false,false,12,2016-04-01,2017-03-31,0
2017-01-31,83490,2017-03-31,3,,,,,,,,,1623000000,-0.223,,1116000000,,11.72,6.95,,,,,883735000000,38717000000,0.042,,37392000000,,,,,,,,,,,,true,false,9,2016-04-01,2016-12-31,0
2017-01-31,83490,2016-03-31,3,,,,,,,,,2090000000,0.331,,1394000000,,14.64,8.78,,,,,,,,,,,,,,,,,,,,,true,false,9,2015-04-01,2015-12-31,-1
2017-01-31,83490,2017-03-31,3,,,,,,,,,1750000000,-0.378,,1260000000,,13.18,,,,,,,,,,,,,,,,,,,,,,true,true,12,2016-04-01,2017-03-31,0
2017-01-31,83490,2016-03-31,3,,,,,,,,,,,,,,,,,,,,841083000000,39966000000,0.046,,38675000000,,,,,,,,,,,,true,false,12,2015-04-01,2016-03-31,-1
2017-01-31,83490,2016-03-31,3,,,,,,,,,,,,,,,,,,,,,,,,,,,,,5.00,,,,95099631,351425,,false,false,12,2015-04-01,2016-03-31,-1
2017-01-31,83490,2017-03-31,3,,,,,,,,,,,,,,,,,,,,,,,,,,,,,2.50,,,,,,,false,false,12,2016-04-01,2017-03-31,0
2017-01-31,83490,2017-03-31,3,,,,,,,,,,,,,,,,,,,,,,,,,,,,,5.00,,,,,,,false,true,12,2016-04-01,2017-03-31,0
2017-01-31,83490,2017-03-31,3,,,,,,,,,,,,,,,,,,,,,,,,,,,,,,,,,95099631,359495,94744464,false,false,9,2016-04-01,2016-12-31,0
2017-01-31,83490,2016-03-31,3,,,,,,,,,,,,,,,,,,,,,,,,,,,,,,,,,,,94753445,false,false,9,2015-04-01,2015-12-31,-1
2017-04-28,83490,2017-03-31,,,,,,,,,,2350000000,0.343,,1690000000,,17.71,,,,,,,,,,,,,,,,,,,,,,true,true,12,2016-04-01,2017-03-31,0
2017-04-28,83490,2016-03-31,,,,,,,,,,2813000000,,,1908000000,,19.97,,,,,,,,,,,,,,,,,,,,,,true,false,12,2015-04-01,2016-03-31,-1
2017-04-28,83490,2017-03-31,,,,,,,,,,2140000000,0.338,1860000000,,0.550,19.51,,,,,,,,,,,,,,,,,,,,,,false,true,12,2016-04-01,2017-03-31,0
2017-04-28,83490,2016-03-31,,,,,,,,,,2592000000,,1783000000,,,18.66,,,,,,,,,,,,,,,,,,,,,,false,false,12,2015-04-01,2016-03-31,-1
2017-05-12,83490,2017-03-31,,,,,,,,,,2358000000,-0.162,,1697000000,,17.80,10.77,0.044,0.003,,,853831000000,38018000000,0.045,295.68,38018000000,-8281000000,8237000000,-1033000000,14985000000,,0.281,,,,,,true,false,12,2016-04-01,2017-03-31,0
2017-05-12,83490,2016-03-31,,,,,,,,,,2813000000,0.254,,1908000000,,19.97,11.58,0.051,0.003,,,841083000000,39966000000,0.046,302.56,38675000000,26627000000,-26192000000,-491000000,16067000000,,0.250,,,,,,true,false,12,2015-04-01,2016-03-31,-1
2017-05-12,83490,2018-03-31,,,,,,,,,,700000000,-0.448,,500000000,,5.21,,,,,,,,,,,,,,,,,,,,,,true,true,6,2017-04-01,2017-09-30,1
2017-05-12,83490,2018-03-31,,,,,,,,,,1400000000,-0.406,,1000000000,,10.43,,,,,,,,,,,,,,,,0.479,,,,,,true,true,12,2017-04-01,2018-03-31,1
2017-05-12,83490,2017-03-31,,,,,,,,,,2141000000,-0.174,1865000000,,0.045,19.56,11.83,,,,,851365000000,35539000000,0.042,269.52,35539000000,,,,,5.00,,,,95099631,361715,94743199,false,false,12,2016-04-01,2017-03-31,0
2017-05-12,83490,2016-03-31,,,,,,,,,,2592000000,0.217,1783000000,,0.303,18.66,10.83,,,,,837871000000,36812000000,0.044,282.91,36812000000,,,,,5.00,,,,95099631,351425,94752472,false,false,12,2015-04-01,2016-03-31,-1
2017-05-12,83490,2018-03-31,,,,,,,,,,900000000,-0.239,700000000,,-0.294,7.32,,,,,,,,,,,,,,,,,,,,,,false,true,6,2017-04-01,2017-09-30,1
2017-05-12,83490,2018-03-31,,,,,,,,,,1800000000,-0.159,1400000000,,-0.249,14.65,,,,,,,,,,,,,,,5.00,,,,,,,false,true,12,2017-04-01,2018-03-31,1
2017-07-31,83490,2018-03-31,1,,,,,,,,,348000000,-0.459,,221000000,,2.33,1.37,,,,,874466000000,38504000000,0.044,,38504000000,,,,,,,,,,,,true,false,3,2017-04-01,2017-06-30,0
2017-07-31,83490,2017-03-31,1,,,,,,,,,643000000,0.045,,438000000,,4.62,2.60,,,,,,,,,,,,,,,,,,,,,true,false,3,2016-04-01,2016-06-30,-1
2017-07-31,83490,2018-03-31,1,,,,,,,,,700000000,-0.448,,500000000,,5.24,,,,,,,,,,,,,,,,,,,,,,true,true,6,2017-04-01,2017-09-30,0
2017-07-31,83490,2018-03-31,1,,,,,,,,,1400000000,-0.406,,1000000000,,104.92,,,,,,,,,,,,,,,,,,,,,,true,true,12,2017-04-01,2018-03-31,0
2017-07-31,83490,2017-03-31,1,,,,,,,,,,,,,,,,,,,,853831000000,38018000000,0.045,,38018000000,,,,,,,,,,,,true,false,12,2016-04-01,2017-03-31,-1
2017-07-31,83490,2017-03-31,1,,,,,,,,,,,,,,,,,,,,,,,,,,,,,5.00,,,,95099631,361715,,false,false,12,2016-04-01,2017-03-31,-1
2017-07-31,83490,2018-03-31,1,,,,,,,,,,,,,,,,,,,,,,,,,,,,,25.00,,,,,,,false,true,12,2017-04-01,2018-03-31,0
2017-07-31,83490,2018-03-31,1,,,,,,,,,,,,,,,,,,,,,,,,,,,,,,,,,95099631,363175,94737459,false,false,3,2017-04-01,2017-06-30,0
2017-07-31,83490,2017-03-31,1,,,,,,,,,,,,,,,,,,,,,,,,,,,,,,,,,,,94747489,false,false,3,2016-04-01,2016-06-30,-1
2017-11-10,83490,2018-03-31,2,,,,,,,,,757000000,-0.403,,451000000,,47.34,27.88,,,,,880276000000,38846000000,0.044,,38846000000,,,,,,,,,,,,true,false,6,2017-04-01,2017-09-30,0
2017-11-10,83490,2017-03-31,2,,,,,,,,,1268000000,-0.040,,892000000,,93.60,54.17,,,,,,,,,,,,,,,,,,,,,true,false,6,2016-04-01,2016-09-30,-1
2017-11-10,83490,2018-03-31,2,,,,,,,,,1400000000,-0.406,,1000000000,,104.92,,,,,,,,,,,,,,,,,,,,,,true,true,12,2017-04-01,2018-03-31,0
2017-11-10,83490,2018-03-31,2,,,,,,,,,993000000,-0.161,715000000,,-0.278,75.21,,,,,,877820000000,36654000000,0.042,,36654000000,,,,,,,,,9509963,36750,9473577,false,false,6,2017-04-01,2017-09-30,0
2017-11-10,83490,2017-03-31,2,,,,,,,,,1183000000,-0.035,991000000,,0.208,104.07,,,,,,,,,,,,,,,,,,,,,9474619,false,false,6,2016-04-01,2016-09-30,-1
2017-11-10,83490,2018-03-31,2,,,,,,,,,1800000000,-0.159,1400000000,,-0.249,147.15,,,,,,,,,,,,,,,25.00,,,,,,,false,true,12,2017-04-01,2018-03-31,0
2017-11-10,83490,2017-03-31,2,,,,,,,,,,,,,,,,,,,,853831000000,38018000000,0.045,,38018000000,,,,,,,,,,,,true,false,12,2016-04-01,2017-03-31,-1
2017-11-10,83490,2017-03-31,2,,,,,,,,,,,,,,,,,,,,851365000000,35539000000,0.042,,35539000000,,,,,5.00,,,,9509963,36171,,false,false,12,2016-04-01,2017-03-31,-1
2017-11-10,83490,2018-03-31,2,,,,,,,,,,,,,,,,,,,,,,,,,,,,,2.50,,,,,,,false,false,12,2017-04-01,2018-03-31,0
2018-01-31,83490,2018-03-31,3,,,,,,,,,1122000000,-0.309,,692000000,,72.82,43.42,,,,,887517000000,38888000000,0.044,,38888000000,,,,,,,,,,,,true,false,9,2017-04-01,2017-12-31,0
2018-01-31,83490,2017-03-31,3,,,,,,,,,1623000000,-0.223,,1116000000,,117.25,69.53,,,,,,,,,,,,,,,,,,,,,true,false,9,2016-04-01,2016-12-31,-1
2018-01-31,83490,2018-03-31,3,,,,,,,,,1400000000,-0.406,,1000000000,,104.93,,,,,,,,,,,,,,,,,,,,,,true,true,12,2017-04-01,2018-03-31,0
2018-01-31,83490,2017-03-31,3,,,,,,,,,,,,,,,,,,,,853831000000,38018000000,0.045,,38018000000,,,,,,,,,,,,true,false,12,2016-04-01,2017-03-31,-1
2018-01-31,83490,2017-03-31,3,,,,,,,,,,,,,,,,,,,,,,,,,,,,,5.00,,,,9509963,36171,,false,false,12,2016-04-01,2017-03-31,-1
2018-01-31,83490,2018-03-31,3,,,,,,,,,,,,,,,,,,,,,,,,,,,,,2.50,,,,,,,false,false,12,2017-04-01,2018-03-31,0
2018-01-31,83490,2018-03-31,3,,,,,,,,,,,,,,,,,,,,,,,,,,,,,25.00,,,,,,,false,true,12,2017-04-01,2018-03-31,0
2018-01-31,83490,2018-03-31,3,,,,,,,,,,,,,,,,,,,,,,,,,,,,,,,,,9509963,37057,9473417,false,false,9,2017-04-01,2017-12-31,0
2018-01-31,83490,2017-03-31,3,,,,,,,,,,,,,,,,,,,,,,,,,,,,,,,,,,,9474446,false,false,9,2016-04-01,2016-12-31,-1
2018-04-27,83490,2018-03-31,,,,,,,,,,960000000,-0.314,,610000000,,63.75,,,,,,,,,,,,,,,,,,,,,,true,true,12,2017-04-01,2018-03-31,0
2018-04-27,83490,2017-03-31,,,,,,,,,,2358000000,,,1697000000,,178.02,,,,,,,,,,,,,,,,,,,,,,true,false,12,2016-04-01,2017-03-31,-1
2018-04-27,83490,2018-03-31,,,,,,,,,,1360000000,-0.244,1080000000,,-0.229,113.37,,,,,,,,,,,,,,,,,,,,,,false,true,12,2017-04-01,2018-03-31,0
2018-04-27,83490,2017-03-31,,,,,,,,,,2141000000,,1865000000,,,195.67,,,,,,,,,,,,,,,,,,,,,,false,false,12,2016-04-01,2017-03-31,-1
2018-05-14,83490,2018-03-31,,,,,,,,,,963000000,-0.592,,618000000,,64.62,37.83,0.016,0.001,,,857776000000,38238000000,0.045,2980.69,38238000000,-33700000000,65339000000,-484000000,46140000000,,0.774,,,,,,true,false,12,2017-04-01,2018-03-31,0
2018-05-14,83490,2017-03-31,,,,,,,,,,2358000000,-0.162,,1697000000,,178.02,107.68,0.044,0.003,,,853831000000,38018000000,0.045,2956.85,38018000000,-8281000000,8237000000,-1033000000,14985000000,,0.281,,,,,,true,false,12,2016-04-01,2017-03-31,-1
2018-05-14,83490,2019-03-31,,,,,,,,,,500000000,-0.340,,300000000,,31.35,,,,,,,,,,,,,,,,,,,,,,true,true,6,2018-04-01,2018-09-30,1
2018-05-14,83490,2019-03-31,,,,,,,,,,1000000000,0.038,,700000000,,73.26,,,,,,,,,,,,,,,,0.683,,,,,,true,true,12,2018-04-01,2019-03-31,1
2018-05-14,83490,2018-03-31,,,,,,,,,,1365000000,-0.362,1085000000,,-0.418,113.97,66.44,,,,,855256000000,36284000000,0.042,2774.50,36284000000,,,,,25.00,,,,9509963,37308,9473249,false,false,12,2017-04-01,2018-03-31,0
2018-05-14,83490,2017-03-31,,,,,,,,,,2141000000,-0.174,1865000000,,0.045,195.67,118.28,,,,,851365000000,35539000000,0.042,2695.21,35539000000,,,,,5.00,,,,9509963,36171,9474320,false,false,12,2016-04-01,2017-03-31,-1
2018-05-14,83490,2019-03-31,,,,,,,,,,800000000,-0.194,600000000,,-0.162,63.02,,,,,,,,,,,,,,,,,,,,,,false,true,6,2018-04-01,2018-09-30,1
2018-05-14,83490,2019-03-31,,,,,,,,,,1500000000,0.098,1200000000,,0.105,126.04,,,,,,,,,,,,,,,50.00,,,,,,,false,true,12,2018-04-01,2019-03-31,1
2018-07-31,83490,2019-03-31,1,,,,,,,,,173000000,-0.504,,130000000,,13.78,7.87,,,,,884883000000,38241000000,0.043,,38241000000,,,,,,,,,,,,true,false,3,2018-04-01,2018-06-30,0
2018-07-31,83490,2018-03-31,1,,,,,,,,,348000000,-0.459,,221000000,,23.39,13.76,,,,,,,,,,,,,,,,,,,,,true,false,3,2017-04-01,2017-06-30,-1
2018-07-31,83490,2019-03-31,1,,,,,,,,,500000000,-0.340,,300000000,,31.67,,,,,,,,,,,,,,,,,,,,,,true,true,6,2018-04-01,2018-09-30,0
2018-07-31,83490,2019-03-31,1,,,,,,,,,1000000000,0.038,,700000000,,73.89,,,,,,,,,,,,,,,,,,,,,,true,true,12,2018-04-01,2019-03-31,0
2018-07-31,83490,2018-03-31,1,,,,,,,,,,,,,,,,,,,,857776000000,38238000000,0.045,,38238000000,,,,,,,,,,,,true,false,12,2017-04-01,2018-03-31,-1
2018-07-31,83490,2018-03-31,1,,,,,,,,,,,,,,,,,,,,,,,,,,,,,25.00,,,,9509963,37308,,false,false,12,2017-04-01,2018-03-31,-1
2018-07-31,83490,2019-03-31,1,,,,,,,,,,,,,,,,,,,,,,,,,,,,,50.00,,,,,,,false,true,12,2018-04-01,2019-03-31,0
2018-07-31,83490,2019-03-31,1,,,,,,,,,,,,,,,,,,,,,,,,,,,,,,,,,9509963,37525,9472532,false,false,3,2018-04-01,2018-06-30,0
2018-07-31,83490,2018-03-31,1,,,,,,,,,,,,,,,,,,,,,,,,,,,,,,,,,,,9473746,false,false,3,2017-04-01,2017-06-30,-1
2018-10-31,83490,2019-03-31,,,,,,,,,,1010000000,1.020,,810000000,,85.51,,,,,,,,,,,,,,,,,,,,,,true,true,6,2018-04-01,2018-09-30,0
2018-10-31,83490,2018-03-31,,,,,,,,,,757000000,,,451000000,,47.34,,,,,,,,,,,,,,,,,,,,,,true,false,6,2017-04-01,2017-09-30,-1
2018-10-31,83490,2019-03-31,,,,,,,,,,1190000000,0.488,1020000000,,0.700,107.68,,,,,,,,,,,,,,,,,,,,,,false,true,6,2018-04-01,2018-09-30,0
2018-10-31,83490,2018-03-31,,,,,,,,,,993000000,,715000000,,,75.21,,,,,,,,,,,,,,,,,,,,,,false,false,6,2017-04-01,2017-09-30,-1
2018-11-12,83490,2019-03-31,2,,,,,,,,,1019000000,0.346,,814000000,,85.95,48.42,,,,,885308000000,38943000000,0.044,,38943000000,,,,,,,,,,,,true,false,6,2018-04-01,2018-09-30,0
2018-11-12,83490,2018-03-31,2,,,,,,,,,757000000,-0.403,,451000000,,47.34,27.88,,,,,,,,,,,,,,,,,,,,,true,false,6,2017-04-01,2017-09-30,-1
2018-11-12,83490,2019-03-31,2,,,,,,,,,1000000000,0.038,,700000000,,73.90,,,,,,,,,,,,,,,,,,,,,,true,true,12,2018-04-01,2019-03-31,0
2018-11-12,83490,2019-03-31,2,,,,,,,,,1198000000,0.207,1021000000,,0.428,107.87,,,,,,883050000000,37216000000,0.042,,37216000000,,,,,,,,,9509963,37869,9472396,false,false,6,2018-04-01,2018-09-30,0
2018-11-12,83490,2018-03-31,2,,,,,,,,,993000000,-0.161,715000000,,-0.278,75.21,,,,,,,,,,,,,,,,,,,,,9473577,false,false,6,2017-04-01,2017-09-30,-1
2018-11-12,83490,2019-03-31,2,,,,,,,,,1500000000,0.098,1200000000,,0.105,126.68,,,,,,,,,,,,,,,50.00,,,,,,,false,true,12,2018-04-01,2019-03-31,0
2018-11-12,83490,2018-03-31,2,,,,,,,,,,,,,,,,,,,,857776000000,38238000000,0.045,,38238000000,,,,,,,,,,,,true,false,12,2017-04-01,2018-03-31,-1
2018-11-12,83490,2018-03-31,2,,,,,,,,,,,,,,,,,,,,855256000000,36284000000,0.042,,36284000000,,,,,25.00,,,,9509963,37308,,false,false,12,2017-04-01,2018-03-31,-1
2018-11-12,83490,2019-03-31,2,,,,,,,,,,,,,,,,,,,,,,,,,,,,,25.00,,,,,,,false,false,12,2018-04-01,2019-03-31,0
2019-01-31,83490,2019-03-31,3,,,,,,,,,953000000,-0.150,,756000000,,79.85,42.58,,,,,890473000000,38041000000,0.043,,38041000000,,,,,,,,,,,,true,false,9,2018-04-01,2018-12-31,0
2019-01-31,83490,2018-03-31,3,,,,,,,,,1122000000,-0.309,,692000000,,72.82,43.42,,,,,,,,,,,,,,,,,,,,,true,false,9,2017-04-01,2017-12-31,-1
2019-01-31,83490,2019-03-31,3,,,,,,,,,1000000000,0.038,,700000000,,73.90,,,,,,,,,,,,,,,,,,,,,,true,true,12,2018-04-01,2019-03-31,0
2019-01-31,83490,2018-03-31,3,,,,,,,,,,,,,,,,,,,,857776000000,38238000000,0.045,,38238000000,,,,,,,,,,,,true,false,12,2017-04-01,2018-03-31,-1
2019-01-31,83490,2018-03-31,3,,,,,,,,,,,,,,,,,,,,,,,,,,,,,25.00,,,,9509963,37308,,false,false,12,2017-04-01,2018-03-31,-1
2019-01-31,83490,2019-03-31,3,,,,,,,,,,,,,,,,,,,,,,,,,,,,,25.00,,,,,,,false,false,12,2018-04-01,2019-03-31,0
2019-01-31,83490,2019-03-31,3,,,,,,,,,,,,,,,,,,,,,,,,,,,,,50.00,,,,,,,false,true,12,2018-04-01,2019-03-31,0
2019-01-31,83490,2019-03-31,3,,,,,,,,,,,,,,,,,,,,,,,,,,,,,,,,,9509963,38154,9472240,false,false,9,2018-04-01,2018-12-31,0
2019-01-31,83490,2018-03-31,3,,,,,,,,,,,,,,,,,,,,,,,,,,,,,,,,,,,9473417,false,false,9,2017-04-01,2017-12-31,-1
2019-05-13,83490,2019-03-31,,,,,,,,,,1285000000,0.334,,908000000,,95.92,48.72,0.024,0.001,,,863500000000,39069000000,0.045,3069.14,39069000000,-12394000000,23959000000,-477000000,57227000000,,0.521,,,,,,true,false,12,2018-04-01,2019-03-31,0
2019-05-13,83490,2018-03-31,,,,,,,,,,963000000,-0.592,,618000000,,64.62,37.83,0.016,0.001,,,857776000000,38238000000,0.045,2980.69,38238000000,-33700000000,65339000000,-484000000,46140000000,,0.774,,,,,,true,false,12,2017-04-01,2018-03-31,-1
2019-05-13,83490,2020-03-31,,,,,,,,,,700000000,-0.313,,500000000,,52.78,,,,,,,,,,,,,,,,,,,,,,true,true,6,2019-04-01,2019-09-30,1
2019-05-13,83490,2020-03-31,,,,,,,,,,1400000000,0.089,,900000000,,95.02,,,,,,,,,,,,,,,,0.526,,,,,,true,true,12,2019-04-01,2020-03-31,1
2019-05-13,83490,2019-03-31,,,,,,,,,,1599000000,0.171,1297000000,,0.195,136.98,69.58,,,,,861046000000,37583000000,0.044,2912.27,37583000000,,,,,50.00,,,,9509963,38375,9472115,false,false,12,2018-04-01,2019-03-31,0
2019-05-13,83490,2018-03-31,,,,,,,,,,1365000000,-0.362,1085000000,,-0.418,113.97,66.44,,,,,855256000000,36284000000,0.042,2774.50,36284000000,,,,,25.00,,,,9509963,37308,9473249,false,false,12,2017-04-01,2018-03-31,-1
2019-05-13,83490,2020-03-31,,,,,,,,,,900000000,-0.249,700000000,,-0.315,73.90,,,,,,,,,,,,,,,,,,,,,,false,true,6,2019-04-01,2019-09-30,1
2019-05-13,83490,2020-03-31,,,,,,,,,,1800000000,0.125,1300000000,,0.002,137.25,,,,,,,,,,,,,,,50.00,,,,,,,false,true,12,2019-04-01,2020-03-31,1
2019-07-31,83490,2020-03-31,1,,,,,,,,,556000000,2.217,,375000000,,39.66,20.09,,,,,895865000000,39168000000,0.044,,39168000000,,,,,,,,,,,,true,false,3,2019-04-01,2019-06-30,0
2019-07-31,83490,2019-03-31,1,,,,,,,,,173000000,-0.504,,130000000,,13.78,7.87,,,,,,,,,,,,,,,,,,,,,true,false,3,2018-04-01,2018-06-30,-1
2019-07-31,83490,2020-03-31,1,,,,,,,,,700000000,-0.313,,500000000,,52.73,,,,,,,,,,,,,,,,,,,,,,true,true,6,2019-04-01,2019-09-30,0
2019-07-31,83490,2020-03-31,1,,,,,,,,,1400000000,0.089,,900000000,,94.91,,,,,,,,,,,,,,,,,,,,,,true,true,12,2019-04-01,2020-03-31,0
2019-07-31,83490,2019-03-31,1,,,,,,,,,,,,,,,,,,,,863500000000,39069000000,0.045,,39069000000,,,,,,,,,,,,true,false,12,2018-04-01,2019-03-31,-1
2019-07-31,83490,2019-03-31,1,,,,,,,,,,,,,,,,,,,,,,,,,,,,,50.00,,,,9509963,38375,,false,false,12,2018-04-01,2019-03-31,-1
2019-07-31,83490,2020-03-31,1,,,,,,,,,,,,,,,,,,,,,,,,,,,,,50.00,,,,,,,false,true,12,2019-04-01,2020-03-31,0
2019-07-31,83490,2020-03-31,1,,,,,,,,,,,,,,,,,,,,,,,,,,,,,,,,,9509963,38389,9471580,false,false,3,2019-04-01,2019-06-30,0
2019-07-31,83490,2019-03-31,1,,,,,,,,,,,,,,,,,,,,,,,,,,,,,,,,,,,9472532,false,false,3,2018-04-01,2018-06-30,-1
2019-10-31,83490,2020-03-31,,,,,,,,,,1140000000,0.629,,810000000,,85.46,,,,,,,,,,,,,,,,,,,,,,true,true,6,2019-04-01,2019-09-30,0
2019-10-31,83490,2019-03-31,,,,,,,,,,1019000000,,,814000000,,85.95,,,,,,,,,,,,,,,,,,,,,,true,false,6,2018-04-01,2018-09-30,-1
2019-10-31,83490,2020-03-31,,,,,,,,,,1240000000,0.378,950000000,,0.357,100.24,,,,,,,,,,,,,,,,,,,,,,false,true,6,2019-04-01,2019-09-30,0
2019-10-31,83490,2019-03-31,,,,,,,,,,1198000000,,1021000000,,,107.87,,,,,,,,,,,,,,,,,,,,,,false,false,6,2018-04-01,2018-09-30,-1
2019-11-11,83490,2020-03-31,2,,,,,,,,,1144000000,0.123,,817000000,,86.25,43.07,,,,,885772000000,39971000000,0.045,,39971000000,,,,,,,,,,,,true,false,6,2019-04-01,2019-09-30,0
2019-11-11,83490,2019-03-31,2,,,,,,,,,1019000000,0.346,,814000000,,85.95,48.42,,,,,,,,,,,,,,,,,,,,,true,false,6,2018-04-01,2018-09-30,-1
2019-11-11,83490,2020-03-31,2,,,,,,,,,1400000000,0.089,,900000000,,94.91,,,,,,,,,,,,,,,,,,,,,,true,true,12,2019-04-01,2020-03-31,0
2019-11-11,83490,2020-03-31,2,,,,,,,,,1246000000,0.040,958000000,,-0.062,101.15,,,,,,883524000000,38636000000,0.044,,38636000000,,,,,,,,,9509963,38674,9471494,false,false,6,2019-04-01,2019-09-30,0
2019-11-11,83490,2019-03-31,2,,,,,,,,,1198000000,0.207,1021000000,,0.428,107.87,,,,,,,,,,,,,,,,,,,,,9472396,false,false,6,2018-04-01,2018-09-30,-1
2019-11-11,83490,2020-03-31,2,,,,,,,,,1800000000,0.125,1300000000,,0.002,137.15,,,,,,,,,,,,,,,50.00,,,,,,,false,true,12,2019-04-01,2020-03-31,0
2019-11-11,83490,2019-03-31,2,,,,,,,,,,,,,,,,,,,,863500000000,39069000000,0.045,,39069000000,,,,,,,,,,,,true,false,12,2018-04-01,2019-03-31,-1
2019-11-11,83490,2019-03-31,2,,,,,,,,,,,,,,,,,,,,861046000000,37583000000,0.044,,37583000000,,,,,50.00,,,,9509963,38375,,false,false,12,2018-04-01,2019-03-31,-1
2019-11-11,83490,2020-03-31,2,,,,,,,,,,,,,,,,,,,,,,,,,,,,,25.00,,,,,,,false,false,12,2019-04-01,2020-03-31,0
2020-01-31,83490,2020-03-31,3,,,,,,,,,1429000000,0.499,,1007000000,,106.29,53.12,,,,,899975000000,39583000000,0.044,,39583000000,,,,,,,,,,,,true,false,9,2019-04-01,2019-12-31,0
2020-01-31,83490,2019-03-31,3,,,,,,,,,953000000,-0.150,,756000000,,79.85,42.58,,,,,,,,,,,,,,,,,,,,,true,false,9,2018-04-01,2018-12-31,-1
2020-01-31,83490,2020-03-31,3,,,,,,,,,1400000000,0.089,,900000000,,94.92,,,,,,,,,,,,,,,,,,,,,,true,true,12,2019-04-01,2020-03-31,0
2020-01-31,83490,2019-03-31,3,,,,,,,,,,,,,,,,,,,,863500000000,39069000000,0.045,,39069000000,,,,,,,,,,,,true,false,12,2018-04-01,2019-03-31,-1
2020-01-31,83490,2019-03-31,3,,,,,,,,,,,,,,,,,,,,,,,,,,,,,50.00,,,,9509963,38375,,false,false,12,2018-04-01,2019-03-31,-1
2020-01-31,83490,2020-03-31,3,,,,,,,,,,,,,,,,,,,,,,,,,,,,,25.00,,,,,,,false,false,12,2019-04-01,2020-03-31,0
2020-01-31,83490,2020-03-31,3,,,,,,,,,,,,,,,,,,,,,,,,,,,,,50.00,,,,,,,false,true,12,2019-04-01,2020-03-31,0
2020-01-31,83490,2020-03-31,3,,,,,,,,,,,,,,,,,,,,,,,,,,,,,,,,,9509963,39103,9471357,false,false,9,2019-04-01,2019-12-31,0
2020-01-31,83490,2019-03-31,3,,,,,,,,,,,,,,,,,,,,,,,,,,,,,,,,,,,9472240,false,false,9,2018-04-01,2018-12-31,-1
2020-05-13,83490,2020-03-31,,,,,,,,,,1599000000,0.244,,1111000000,,117.30,51.35,0.029,0.002,,,866543000000,37977000000,0.044,2954.08,37977000000,-3229000000,-22348000000,-474000000,31175000000,,0.426,,,,,,true,false,12,2019-04-01,2020-03-31,0
2020-05-13,83490,2019-03-31,,,,,,,,,,1285000000,0.334,,908000000,,95.92,48.72,0.024,0.001,,,863500000000,39069000000,0.045,3069.14,39069000000,-12394000000,23959000000,-477000000,57227000000,,0.521,,,,,,true,false,12,2018-04-01,2019-03-31,-1
2020-05-13,83490,2021-03-31,,,,,,,,,,700000000,-0.388,,400000000,,42.18,,,,,,,,,,,,,,,,,,,,,,true,true,6,2020-04-01,2020-09-30,1
2020-05-13,83490,2021-03-31,,,,,,,,,,1400000000,-0.125,,900000000,,94.92,,,,,,,,,,,,,,,,0.527,,,,,,true,true,12,2020-04-01,2021-03-31,1
2020-05-13,83490,2020-03-31,,,,,,,,,,1811000000,0.132,1388000000,,0.070,146.50,64.13,,,,,864522000000,36915000000,0.043,2841.94,36915000000,,,,,50.00,,,,9509963,39212,9471227,false,false,12,2019-04-01,2020-03-31,0
2020-05-13,83490,2019-03-31,,,,,,,,,,1599000000,0.171,1297000000,,0.195,136.98,69.58,,,,,861046000000,37583000000,0.044,2912.27,37583000000,,,,,50.00,,,,9509963,38375,9472115,false,false,12,2018-04-01,2019-03-31,-1
2020-05-13,83490,2021-03-31,,,,,,,,,,700000000,-0.438,500000000,,-0.478,52.74,,,,,,,,,,,,,,,,,,,,,,false,true,6,2020-04-01,2020-09-30,1
2020-05-13,83490,2021-03-31,,,,,,,,,,1500000000,-0.172,1000000000,,-0.280,105.48,,,,,,,,,,,,,,,50.00,,,,,,,false,true,12,2020-04-01,2021-03-31,1
2020-07-31,83490,2021-03-31,1,,,,,,,,,632000000,0.136,,424000000,,44.79,21.06,,,,,970525000000,38492000000,0.040,,38492000000,,,,,,,,,,,,true,false,3,2020-04-01,2020-06-30,0
2020-07-31,83490,2020-03-31,1,,,,,,,,,556000000,2.217,,375000000,,39.66,20.09,,,,,,,,,,,,,,,,,,,,,true,false,3,2019-04-01,2019-06-30,-1
2020-07-31,83490,2021-03-31,1,,,,,,,,,700000000,-0.388,,400000000,,42.23,,,,,,,,,,,,,,,,,,,,,,true,true,6,2020-04-01,2020-09-30,0
2020-07-31,83490,2021-03-31,1,,,,,,,,,1400000000,-0.125,,900000000,,95.03,,,,,,,,,,,,,,,,,,,,,,true,true,12,2020-04-01,2021-03-31,0
2020-07-31,83490,2020-03-31,1,,,,,,,,,,,,,,,,,,,,866543000000,37977000000,0.044,,37977000000,,,,,,,,,,,,true,false,12,2019-04-01,2020-03-31,-1
2020-07-31,83490,2020-03-31,1,,,,,,,,,,,,,,,,,,,,,,,,,,,,,50.00,,,,9509963,39212,,false,false,12,2019-04-01,2020-03-31,-1
2020-07-31,83490,2021-03-31,1,,,,,,,,,,,,,,,,,,,,,,,,,,,,,50.00,,,,,,,false,true,12,2020-04-01,2021-03-31,0
2020-07-31,83490,2021-03-31,1,,,,,,,,,,,,,,,,,,,,,,,,,,,,,,,,,9509963,39287,9470734,false,false,3,2020-04-01,2020-06-30,0
2020-07-31,83490,2020-03-31,1,,,,,,,,,,,,,,,,,,,,,,,,,,,,,,,,,,,9471580,false,false,3,2019-04-01,2019-06-30,-1
2020-11-10,83490,2021-03-31,2,,,,,,,,,756000000,-0.339,,383000000,,40.43,20.47,,,,,1019405000000,38688000000,0.038,,38688000000,,,,,,,,,,,,true,false,6,2020-04-01,2020-09-30,0
2020-11-10,83490,2020-03-31,2,,,,,,,,,1144000000,0.123,,817000000,,86.25,43.07,,,,,,,,,,,,,,,,,,,,,true,false,6,2019-04-01,2019-09-30,-1
2020-11-10,83490,2021-03-31,2,,,,,,,,,1400000000,-0.125,,900000000,,94.95,,,,,,,,,,,,,,,,,,,,,,true,true,12,2020-04-01,2021-03-31,0
2020-11-10,83490,2021-03-31,2,,,,,,,,,771000000,-0.382,430000000,,-0.551,45.45,,,,,,1017455000000,37665000000,0.037,,37665000000,,,,,,,,,9509963,31843,9473611,false,false,6,2020-04-01,2020-09-30,0
2020-11-10,83490,2020-03-31,2,,,,,,,,,1246000000,0.040,958000000,,-0.062,101.15,,,,,,,,,,,,,,,,,,,,,9471494,false,false,6,2019-04-01,2019-09-30,-1
2020-11-10,83490,2021-03-31,2,,,,,,,,,1500000000,-0.172,1000000000,,-0.280,105.50,,,,,,,,,,,,,,,50.00,,,,,,,false,true,12,2020-04-01,2021-03-31,0
2020-11-10,83490,2020-03-31,2,,,,,,,,,,,,,,,,,,,,866543000000,37977000000,0.044,,37977000000,,,,,,,,,,,,true,false,12,2019-04-01,2020-03-31,-1
2020-11-10,83490,2020-03-31,2,,,,,,,,,,,,,,,,,,,,864522000000,36915000000,0.043,,36915000000,,,,,50.00,,,,9509963,39212,,false,false,12,2019-04-01,2020-03-31,-1
2020-11-10,83490,2021-03-31,2,,,,,,,,,,,,,,,,,,,,,,,,,,,,,25.00,,,,,,,false,false,12,2020-04-01,2021-03-31,0
2021-01-29,83490,2021-03-31,3,,,,,,,,,1183000000,-0.172,,674000000,,71.14,36.59,,,,,1041105000000,38953000000,0.037,,38953000000,,,,,,,,,,,,true,false,9,2020-04-01,2020-12-31,0
2021-01-29,83490,2020-03-31,3,,,,,,,,,1429000000,0.499,,1007000000,,106.29,53.12,,,,,,,,,,,,,,,,,,,,,true,false,9,2019-04-01,2019-12-31,-1
2021-01-29,83490,2021-03-31,3,,,,,,,,,1400000000,-0.125,,900000000,,94.95,,,,,,,,,,,,,,,,,,,,,,true,true,12,2020-04-01,2021-03-31,0
2021-01-29,83490,2020-03-31,3,,,,,,,,,,,,,,,,,,,,866543000000,37977000000,0.044,,37977000000,,,,,,,,,,,,true,false,12,2019-04-01,2020-03-31,-1
2021-01-29,83490,2020-03-31,3,,,,,,,,,,,,,,,,,,,,,,,,,,,,,50.00,,,,9509963,39212,,false,false,12,2019-04-01,2020-03-31,-1
2021-01-29,83490,2021-03-31,3,,,,,,,,,,,,,,,,,,,,,,,,,,,,,25.00,,,,,,,false,false,12,2020-04-01,2021-03-31,0
2021-01-29,83490,2021-03-31,3,,,,,,,,,,,,,,,,,,,,,,,,,,,,,50.00,,,,,,,false,true,12,2020-04-01,2021-03-31,0
2021-01-29,83490,2021-03-31,3,,,,,,,,,,,,,,,,,,,,,,,,,,,,,,,,,9509963,32020,9475097,false,false,9,2020-04-01,2020-12-31,0
2021-01-29,83490,2020-03-31,3,,,,,,,,,,,,,,,,,,,,,,,,,,,,,,,,,,,9471357,false,false,9,2019-04-01,2019-12-31,-1
2021-05-13,83490,2021-03-31,,,,,,,,,,1743000000,0.090,,1149000000,,121.34,65.23,0.029,0.002,,,1021517000000,40100000000,0.039,3175.82,40100000000,127674000000,-3090000000,-474000000,155284000000,,0.412,,,,,,true,false,12,2020-04-01,2021-03-31,0
2021-05-13,83490,2020-03-31,,,,,,,,,,1599000000,0.244,,1111000000,,117.30,51.35,0.029,0.002,,,866543000000,37977000000,0.044,2954.08,37977000000,-3229000000,-22348000000,-474000000,31175000000,,0.426,,,,,,true,false,12,2019-04-01,2020-03-31,-1
2021-05-13,83490,2022-03-31,,,,,,,,,,900000000,0.189,,500000000,,52.75,,,,,,,,,,,,,,,,,,,,,,true,true,6,2021-04-01,2021-09-30,1
2021-05-13,83490,2022-03-31,,,,,,,,,,1700000000,-0.025,,1100000000,,116.05,,,,,,,,,,,,,,,,0.431,,,,,,true,true,12,2021-04-01,2022-03-31,1
2021-05-13,83490,2021-03-31,,,,,,,,,,1700000000,-0.061,1182000000,,-0.149,124.75,67.07,,,,,1019372000000,38889000000,0.038,3048.11,38889000000,,,,,50.00,,,,9509963,32068,9475795,false,false,12,2020-04-01,2021-03-31,0
2021-05-13,83490,2020-03-31,,,,,,,,,,1811000000,0.132,1388000000,,0.070,146.50,64.13,,,,,864522000000,36915000000,0.043,2841.94,36915000000,,,,,50.00,,,,9509963,39212,9471227,false,false,12,2019-04-01,2020-03-31,-1
2021-05-13,83490,2022-03-31,,,,,,,,,,800000000,0.038,400000000,,-0.071,42.20,,,,,,,,,,,,,,,,,,,,,,false,true,6,2021-04-01,2021-09-30,1
2021-05-13,83490,2022-03-31,,,,,,,,,,1600000000,-0.059,1000000000,,-0.154,105.50,,,,,,,,,,,,,,,50.00,,,,,,,false,true,12,2021-04-01,2022-03-31,1
2021-07-29,83490,2022-03-31,1,,,,,,,,,1020000000,0.614,,709000000,,74.82,36.85,,,,,1065810000000,40759000000,0.038,,40759000000,,,,,,,,,,,,true,false,3,2021-04-01,2021-06-30,0
2021-07-29,83490,2021-03-31,1,,,,,,,,,632000000,0.136,,424000000,,44.79,21.06,,,,,,,,,,,,,,,,,,,,,true,false,3,2020-04-01,2020-06-30,-1
2021-07-29,83490,2022-03-31,1,,,,,,,,,900000000,0.189,,500000000,,52.75,,,,,,,,,,,,,,,,,,,,,,true,true,6,2021-04-01,2021-09-30,0
2021-07-29,83490,2022-03-31,1,,,,,,,,,1700000000,-0.025,,1100000000,,116.06,,,,,,,,,,,,,,,,,,,,,,true,true,12,2021-04-01,2022-03-31,0
2021-07-29,83490,2021-03-31,1,,,,,,,,,,,,,,,,,,,,1021517000000,40100000000,0.039,,40100000000,,,,,,,,,,,,true,false,12,2020-04-01,2021-03-31,-1
2021-07-29,83490,2021-03-31,1,,,,,,,,,,,,,,,,,,,,,,,,,,,,,50.00,,,,9509963,32068,,false,false,12,2020-04-01,2021-03-31,-1
2021-07-29,83490,2022-03-31,1,,,,,,,,,,,,,,,,,,,,,,,,,,,,,50.00,,,,,,,false,true,12,2021-04-01,2022-03-31,0
2021-07-29,83490,2022-03-31,1,,,,,,,,,,,,,,,,,,,,,,,,,,,,,,,,,9509963,32125,9477872,false,false,3,2021-04-01,2021-06-30,0
2021-07-29,83490,2021-03-31,1,,,,,,,,,,,,,,,,,,,,,,,,,,,,,,,,,,,9470734,false,false,3,2020-04-01,2020-06-30,-1
2021-10-28,83490,2022-03-31,,,,,,,,,,1780000000,0.978,,1510000000,,159.27,,,,,,,,,,,,,,,,,,,,,,true,true,6,2021-04-01,2021-09-30,0
2021-10-28,83490,2021-03-31,,,,,,,,,,756000000,,,383000000,,40.43,,,,,,,,,,,,,,,,,,,,,,true,false,6,2020-04-01,2020-09-30,-1
2021-10-28,83490,2022-03-31,,,,,,,,,,1670000000,1.088,1430000000,,2.575,150.83,,,,,,,,,,,,,,,,,,,,,,false,true,6,2021-04-01,2021-09-30,0
2021-10-28,83490,2021-03-31,,,,,,,,,,771000000,,430000000,,,45.45,,,,,,,,,,,,,,,,,,,,,,false,false,6,2020-04-01,2020-09-30,-1
2021-11-15,8349,2022-03-31,2,,,,,,,,,1782000000,1.355,,1510000000,,159.30,80.03,,,,,1055195000000,41508000000,0.039,,41508000000,,,,,,,,,,,,true,false,6,2021-04-01,2021-09-30,0
2021-11-15,8349,2021-03-31,2,,,,,,,,,756000000,-0.339,,383000000,,40.43,20.47,,,,,,,,,,,,,,,,,,,,,true,false,6,2020-04-01,2020-09-30,-1
2021-11-15,8349,2022-03-31,2,,,,,,,,,2200000000,0.262,,1700000000,,179.23,,,,,,,,,,,,,,,,,,,,,,true,true,12,2021-04-01,2022-03-31,0
2021-11-15,8349,2022-03-31,2,,,,,,,,,1671000000,1.168,1438000000,,2.339,151.69,,,,,,1053142000000,40254000000,0.038,,40254000000,,,,,,,,,9509963,24964,9480306,false,false,6,2021-04-01,2021-09-30,0
2021-11-15,8349,2021-03-31,2,,,,,,,,,771000000,-0.382,430000000,,-0.551,45.45,,,,,,,,,,,,,,,,,,,,,9473611,false,false,6,2020-04-01,2020-09-30,-1
2021-11-15,8349,2022-03-31,2,,,,,,,,,2100000000,0.235,1600000000,,0.353,168.68,,,,,,,,,,,,,,,50.00,,,,,,,false,true,12,2021-04-01,2022-03-31,0
2021-11-15,8349,2021-03-31,2,,,,,,,,,,,,,,,,,,,,1021517000000,40100000000,0.039,,40100000000,,,,,,,,,,,,true,false,12,2020-04-01,2021-03-31,-1
2021-11-15,8349,2021-03-31,2,,,,,,,,,,,,,,,,,,,,1019372000000,38889000000,0.038,,38889000000,,,,,50.00,,,,9509963,32068,,false,false,12,2020-04-01,2021-03-31,-1
2021-11-15,8349,2022-03-31,2,,,,,,,,,,,,,,,,,,,,,,,,,,,,,25.00,,,,,,,false,false,12,2021-04-01,2022-03-31,0
2021-11-15,83490,2022-03-31,,,,,,,,,,2200000000,0.294,,1700000000,,179.23,,,,,,,,,,,,,,,,,,,,,,true,true,12,2021-04-01,2022-03-31,0
2021-11-15,83490,2021-03-31,,,,,,,,,,1743000000,,,1149000000,,121.34,,,,,,,,,,,,,,,,,,,,,,true,false,12,2020-04-01,2021-03-31,-1
2021-11-15,83490,2022-03-31,,,,,,,,,,2100000000,0.313,1600000000,,0.600,168.68,,,,,,,,,,,,,,,,,,,,,,false,true,12,2021-04-01,2022-03-31,0
2021-11-15,83490,2021-03-31,,,,,,,,,,1700000000,,1182000000,,,124.75,,,,,,,,,,,,,,,,,,,,,,false,false,12,2020-04-01,2021-03-31,-1
2022-02-10,8349,2022-03-31,3,,,,,,,,,1993000000,0.684,,1669000000,,176.05,85.46,,,,,1064298000000,41525000000,0.039,,41525000000,,,,,,,,,,,,true,false,9,2021-04-01,2021-12-31,0
2022-02-10,8349,2021-03-31,3,,,,,,,,,1183000000,-0.172,,674000000,,71.14,36.59,,,,,,,,,,,,,,,,,,,,,true,false,9,2020-04-01,2020-12-31,-1
2022-02-10,8349,2022-03-31,3,,,,,,,,,2200000000,0.262,,1700000000,,179.23,,,,,,,,,,,,,,,,,,,,,,true,true,12,2021-04-01,2022-03-31,0
2022-02-10,8349,2021-03-31,3,,,,,,,,,,,,,,,,,,,,1021517000000,40100000000,0.039,,40100000000,,,,,,,,,,,,true,false,12,2020-04-01,2021-03-31,-1
2022-02-10,8349,2021-03-31,3,,,,,,,,,,,,,,,,,,,,,,,,,,,,,50.00,,,,9509963,32068,,false,false,12,2020-04-01,2021-03-31,-1
2022-02-10,8349,2022-03-31,3,,,,,,,,,,,,,,,,,,,,,,,,,,,,,25.00,,,,,,,false,false,12,2021-04-01,2022-03-31,0
2022-02-10,8349,2022-03-31,3,,,,,,,,,,,,,,,,,,,,,,,,,,,,,50.00,,,,,,,false,true,12,2021-04-01,2022-03-31,0
2022-02-10,8349,2022-03-31,3,,,,,,,,,,,,,,,,,,,,,,,,,,,,,,,,,9509963,25195,9481855,false,false,9,2021-04-01,2021-12-31,0
2022-02-10,8349,2021-03-31,3,,,,,,,,,,,,,,,,,,,,,,,,,,,,,,,,,,,9475097,false,false,9,2020-04-01,2020-12-31,-1
2022-05-12,8349,2022-03-31,,,,,,,,,,2118000000,0.215,,1337000000,,141.08,69.22,0.033,0.002,,,1026975000000,39923000000,0.039,3154.96,39923000000,11063000000,-916000000,-474000000,164956000000,,0.354,,,,,,true,false,12,2021-04-01,2022-03-31,0
2022-05-12,8349,2021-03-31,,,,,,,,,,1743000000,0.090,,1149000000,,121.34,65.23,0.029,0.002,,,1021517000000,40100000000,0.039,3175.82,40100000000,127674000000,-3090000000,-474000000,155284000000,,0.412,,,,,,true,false,12,2020-04-01,2021-03-31,-1
2022-05-12,8349,2023-03-31,,,,,,,,,,1000000000,-0.439,,700000000,,73.80,,,,,,,,,,,,,,,,,,,,,,true,true,6,2022-04-01,2022-09-30,1
2022-05-12,8349,2023-03-31,,,,,,,,,,2000000000,-0.056,,1400000000,,147.60,,,,,,,,,,,,,,,,0.339,,,,,,true,true,12,2022-04-01,2023-03-31,1
2022-05-12,8349,2022-03-31,,,,,,,,,,1982000000,0.166,1280000000,,0.083,135.07,66.27,,,,,1024987000000,38679000000,0.038,3023.75,38679000000,,,,,50.00,,,,9509963,25278,9482555,false,false,12,2021-04-01,2022-03-31,0
2022-05-12,8349,2021-03-31,,,,,,,,,,1700000000,-0.061,1182000000,,-0.149,124.75,67.07,,,,,1019372000000,38889000000,0.038,3048.11,38889000000,,,,,50.00,,,,9509963,32068,9475795,false,false,12,2020-04-01,2021-03-31,-1
2022-05-12,8349,2023-03-31,,,,,,,,,,900000000,-0.462,600000000,,-0.583,63.25,,,,,,,,,,,,,,,,,,,,,,false,true,6,2022-04-01,2022-09-30,1
2022-05-12,8349,2023-03-31,,,,,,,,,,1900000000,-0.042,1300000000,,0.015,137.06,,,,,,,,,,,,,,,50.00,,,,,,,false,true,12,2022-04-01,2023-03-31,1
2022-07-29,8349,2023-03-31,1,,,,,,,,,654000000,-0.359,,474000000,,49.98,24.10,,,,,1029640000000,39488000000,0.038,,39488000000,,,,,,,,,,,,true,false,3,2022-04-01,2022-06-30,0
2022-07-29,8349,2022-03-31,1,,,,,,,,,1020000000,0.614,,709000000,,74.82,36.85,,,,,,,,,,,,,,,,,,,,,true,false,3,2021-04-01,2021-06-30,-1
2022-07-29,8349,2023-03-31,1,,,,,,,,,1000000000,-0.439,,700000000,,73.75,,,,,,,,,,,,,,,,,,,,,,true,true,6,2022-04-01,2022-09-30,0
2022-07-29,8349,2023-03-31,1,,,,,,,,,2000000000,-0.056,,1400000000,,147.50,,,,,,,,,,,,,,,,,,,,,,true,true,12,2022-04-01,2023-03-31,0
2022-07-29,8349,2022-03-31,1,,,,,,,,,,,,,,,,,,,,1026975000000,39923000000,0.039,,39923000000,,,,,,,,,,,,true,false,12,2021-04-01,2022-03-31,-1
2022-07-29,8349,2022-03-31,1,,,,,,,,,,,,,,,,,,,,,,,,,,,,,50.00,,,,9509963,25278,,false,false,12,2021-04-01,2022-03-31,-1
2022-07-29,8349,2023-03-31,1,,,,,,,,,,,,,,,,,,,,,,,,,,,,,50.00,,,,,,,false,true,12,2022-04-01,2023-03-31,0
2022-07-29,8349,2023-03-31,1,,,,,,,,,,,,,,,,,,,,,,,,,,,,,,,,,9509963,25380,9484623,false,false,3,2022-04-01,2022-06-30,0
2022-07-29,8349,2022-03-31,1,,,,,,,,,,,,,,,,,,,,,,,,,,,,,,,,,,,9477872,false,false,3,2021-04-01,2021-06-30,-1
2022-10-28,83490,2023-03-31,,,,,,,,,,1450000000,0.450,,1060000000,,111.67,,,,,,,,,,,,,,,,,,,,,,true,true,6,2022-04-01,2022-09-30,0
2022-10-28,83490,2022-03-31,,,,,,,,,,1782000000,,,1510000000,,159.30,,,,,,,,,,,,,,,,,,,,,,true,false,6,2021-04-01,2021-09-30,-1
2022-10-28,83490,2023-03-31,,,,,,,,,,1260000000,0.400,920000000,,0.533,96.91,,,,,,,,,,,,,,,,,,,,,,false,true,6,2022-04-01,2022-09-30,0
2022-10-28,83490,2022-03-31,,,,,,,,,,1671000000,,1438000000,,,151.69,,,,,,,,,,,,,,,,,,,,,,false,false,6,2021-04-01,2021-09-30,-1
2022-11-11,8349,2023-03-31,2,,,,,,,,,1454000000,-0.184,,1067000000,,112.43,53.94,,,,,980561000000,39613000000,0.040,,39613000000,,,,,,,,,,,,true,false,6,2022-04-01,2022-09-30,0
2022-11-11,8349,2022-03-31,2,,,,,,,,,1782000000,1.355,,1510000000,,159.30,80.03,,,,,,,,,,,,,,,,,,,,,true,false,6,2021-04-01,2021-09-30,-1
2022-11-11,8349,2023-03-31,2,,,,,,,,,2000000000,-0.056,,1400000000,,147.38,,,,,,,,,,,,,,,,,,,,,,true,true,12,2022-04-01,2023-03-31,0
2022-11-11,8349,2023-03-31,2,,,,,,,,,1268000000,-0.241,922000000,,-0.359,97.14,,,,,,978365000000,38222000000,0.039,,38222000000,,,,,,,,,9509963,17985,9487513,false,false,6,2022-04-01,2022-09-30,0
2022-11-11,8349,2022-03-31,2,,,,,,,,,1671000000,1.168,1438000000,,2.339,151.69,,,,,,,,,,,,,,,,,,,,,9480306,false,false,6,2021-04-01,2021-09-30,-1
2022-11-11,8349,2023-03-31,2,,,,,,,,,1900000000,-0.042,1300000000,,0.015,136.85,,,,,,,,,,,,,,,50.00,,,,,,,false,true,12,2022-04-01,2023-03-31,0
2022-11-11,8349,2022-03-31,2,,,,,,,,,,,,,,,,,,,,1026975000000,39923000000,0.039,,39923000000,,,,,,,,,,,,true,false,12,2021-04-01,2022-03-31,-1
2022-11-11,8349,2022-03-31,2,,,,,,,,,,,,,,,,,,,,1024987000000,38679000000,0.038,,38679000000,,,,,50.00,,,,9509963,25278,,false,false,12,2021-04-01,2022-03-31,-1
2022-11-11,8349,2023-03-31,2,,,,,,,,,,,,,,,,,,,,,,,,,,,,,25.00,,,,,,,false,false,12,2022-04-01,2023-03-31,0
2023-01-31,8349,2023-03-31,3,,,,,,,,,1843000000,-0.075,,1174000000,,123.68,59.62,,,,,994135000000,37324000000,0.038,,37324000000,,,,,,,,,,,,true,false,9,2022-04-01,2022-12-31,0
2023-01-31,8349,2022-03-31,3,,,,,,,,,1993000000,0.684,,1669000000,,176.05,85.46,,,,,,,,,,,,,,,,,,,,,true,false,9,2021-04-01,2021-12-31,-1
2023-01-31,8349,2023-03-31,3,,,,,,,,,2000000000,-0.056,,1400000000,,147.38,,,,,,,,,,,,,,,,,,,,,,true,true,12,2022-04-01,2023-03-31,0
2023-01-31,8349,2022-03-31,3,,,,,,,,,,,,,,,,,,,,1026975000000,39923000000,0.039,,39923000000,,,,,,,,,,,,true,false,12,2021-04-01,2022-03-31,-1
2023-01-31,8349,2022-03-31,3,,,,,,,,,,,,,,,,,,,,,,,,,,,,,50.00,,,,9509963,25278,,false,false,12,2021-04-01,2022-03-31,-1
2023-01-31,8349,2023-03-31,3,,,,,,,,,,,,,,,,,,,,,,,,,,,,,25.00,,,,,,,false,false,12,2022-04-01,2023-03-31,0
2023-01-31,8349,2023-03-31,3,,,,,,,,,,,,,,,,,,,,,,,,,,,,,50.00,,,,,,,false,true,12,2022-04-01,2023-03-31,0
2023-01-31,8349,2023-03-31,3,,,,,,,,,,,,,,,,,,,,,,,,,,,,,,,,,9509963,18087,9488989,false,false,9,2022-04-01,2022-12-31,0
2023-01-31,8349,2022-03-31,3,,,,,,,,,,,,,,,,,,,,,,,,,,,,,,,,,,,9481855,false,false,9,2021-04-01,2021-12-31,-1
2023-05-12,8349,2023-03-31,,,,,,,,,,2505000000,0.183,,1526000000,,160.80,77.73,0.039,0.003,,,968133000000,38741000000,0.040,3028.00,38741000000,-110899000000,-11276000000,-475000000,42304000000,,0.311,,,,,,true,false,12,2022-04-01,2023-03-31,0
2023-05-12,8349,2022-03-31,,,,,,,,,,2118000000,0.215,,1337000000,,141.08,69.22,0.033,0.002,,,1026975000000,39923000000,0.039,3154.96,39923000000,11063000000,-916000000,-474000000,164956000000,,0.354,,,,,,true,false,12,2021-04-01,2022-03-31,-1
2023-05-12,8349,2024-03-31,,,,,,,,,,1000000000,-0.312,,700000000,,73.69,,,,,,,,,,,,,,,,,,,,,,true,true,6,2023-04-01,2023-09-30,1
2023-05-12,8349,2024-03-31,,,,,,,,,,2100000000,-0.162,,1400000000,,147.39,,,,,,,,,,,,,,,,0.339,,,,,,true,true,12,2023-04-01,2024-03-31,1
2023-05-12,8349,2023-03-31,,,,,,,,,,2326000000,0.174,1420000000,,0.109,149.58,72.32,,,,,965845000000,37524000000,0.039,2899.77,37524000000,,,,,50.00,,,,9509963,18358,9489662,false,false,12,2022-04-01,2023-03-31,0
2023-05-12,8349,2022-03-31,,,,,,,,,,1982000000,0.166,1280000000,,0.083,135.07,66.27,,,,,1024987000000,38679000000,0.038,3023.75,38679000000,,,,,50.00,,,,9509963,25278,9482555,false,false,12,2021-04-01,2022-03-31,-1
2023-05-12,8349,2024-03-31,,,,,,,,,,1000000000,-0.212,700000000,,-0.241,73.69,,,,,,,,,,,,,,,,,,,,,,false,true,6,2023-04-01,2023-09-30,1
2023-05-12,8349,2024-03-31,,,,,,,,,,2000000000,-0.140,1400000000,,-0.014,147.39,,,,,,,,,,,,,,,50.00,,,,,,,false,true,12,2023-04-01,2024-03-31,1
2023-07-31,8349,2024-03-31,1,,,,,,,,,468000000,-0.284,,315000000,,33.26,16.23,,,,,1007149000000,39657000000,0.039,,39657000000,,,,,,,,,,,,true,false,3,2023-04-01,2023-06-30,0
2023-07-31,8349,2023-03-31,1,,,,,,,,,654000000,-0.359,,474000000,,49.98,24.10,,,,,,,,,,,,,,,,,,,,,true,false,3,2022-04-01,2022-06-30,-1
2023-07-31,8349,2024-03-31,1,,,,,,,,,1000000000,-0.312,,700000000,,73.64,,,,,,,,,,,,,,,,,,,,,,true,true,6,2023-04-01,2023-09-30,0
2023-07-31,8349,2024-03-31,1,,,,,,,,,2100000000,-0.162,,1400000000,,147.28,,,,,,,,,,,,,,,,,,,,,,true,true,12,2023-04-01,2024-03-31,0
2023-07-31,8349,2023-03-31,1,,,,,,,,,,,,,,,,,,,,968133000000,38741000000,0.040,,38741000000,,,,,,,,,,,,true,false,12,2022-04-01,2023-03-31,-1
2023-07-31,8349,2023-03-31,1,,,,,,,,,,,,,,,,,,,,,,,,,,,,,50.00,,,,9509963,18358,,false,false,12,2022-04-01,2023-03-31,-1
2023-07-31,8349,2024-03-31,1,,,,,,,,,,,,,,,,,,,,,,,,,,,,,50.00,,,,,,,false,true,12,2023-04-01,2024-03-31,0
2023-07-31,8349,2024-03-31,1,,,,,,,,,,,,,,,,,,,,,,,,,,,,,,,,,9509963,18471,9491582,false,false,3,2023-04-01,2023-06-30,0
2023-07-31,8349,2023-03-31,1,,,,,,,,,,,,,,,,,,,,,,,,,,,,,,,,,,,9484623,false,false,3,2022-04-01,2022-06-30,-1
2023-10-30,83490,2024-03-31,,,,,,,,,,1000000000,,,700000000,,73.62,,,,,,,,,,,,,,,,,,,,,,true,true,6,2023-04-01,2023-09-30,0
2023-10-30,83490,2023-03-31,,,,,,,,,,1454000000,,,1067000000,,112.43,,,,,,,,,,,,,,,,,,,,,,true,false,6,2022-04-01,2022-09-30,-1
2023-10-30,83490,2024-03-31,,,,,,,,,,1000000000,,700000000,,,73.62,,,,,,,,,,,,,,,,,,,,,,false,true,6,2023-04-01,2023-09-30,0
2023-10-30,83490,2023-03-31,,,,,,,,,,1268000000,,922000000,,,97.14,,,,,,,,,,,,,,,,,,,,,,false,false,6,2022-04-01,2022-09-30,-1
2023-11-10,8349,2024-03-31,2,,,,,,,,,1058000000,-0.272,,676000000,,71.18,37.92,,,,,1025563000000,37578000000,0.037,,37578000000,,,,,,,,,,,,true,false,6,2023-04-01,2023-09-30,0
2023-11-10,8349,2023-03-31,2,,,,,,,,,1454000000,-0.184,,1067000000,,112.43,53.94,,,,,,,,,,,,,,,,,,,,,true,false,6,2022-04-01,2022-09-30,-1
2023-11-10,8349,2024-03-31,2,,,,,,,,,2100000000,-0.162,,1400000000,,147.20,,,,,,,,,,,,,,,,,,,,,,true,true,12,2023-04-01,2024-03-31,0
2023-11-10,8349,2024-03-31,2,,,,,,,,,1056000000,-0.167,714000000,,-0.225,75.16,,,,,,1022997000000,36384000000,0.036,,36384000000,,,,,,,,,9509963,12803,9493819,false,false,6,2023-04-01,2023-09-30,0
2023-11-10,8349,2023-03-31,2,,,,,,,,,1268000000,-0.241,922000000,,-0.359,97.14,,,,,,,,,,,,,,,,,,,,,9487513,false,false,6,2022-04-01,2022-09-30,-1
2023-11-10,8349,2024-03-31,2,,,,,,,,,2000000000,-0.140,1400000000,,-0.014,147.20,,,,,,,,,,,,,,,50.00,,,,,,,false,true,12,2023-04-01,2024-03-31,0
2023-11-10,8349,2023-03-31,2,,,,,,,,,,,,,,,,,,,,968133000000,38741000000,0.040,,38741000000,,,,,,,,,,,,true,false,12,2022-04-01,2023-03-31,-1
2023-11-10,8349,2023-03-31,2,,,,,,,,,,,,,,,,,,,,965845000000,37524000000,0.039,,37524000000,,,,,50.00,,,,9509963,18358,,false,false,12,2022-04-01,2023-03-31,-1
2023-11-10,8349,2024-03-31,2,,,,,,,,,,,,,,,,,,,,,,,,,,,,,25.00,,,,,,,false,false,12,2023-04-01,2024-03-31,0
2024-01-31,8349,2024-03-31,3,,,,,,,,,1446000000,-0.216,,944000000,,99.40,52.43,,,,,1028216000000,38735000000,0.038,,38735000000,,,,,,,,,,,,true,false,9,2023-04-01,2023-12-31,0
2024-01-31,8349,2023-03-31,3,,,,,,,,,1843000000,-0.075,,1174000000,,123.68,59.62,,,,,,,,,,,,,,,,,,,,,true,false,9,2022-04-01,2022-12-31,-1
2024-01-31,8349,2024-03-31,3,,,,,,,,,2100000000,-0.162,,1400000000,,147.20,,,,,,,,,,,,,,,,,,,,,,true,true,12,2023-04-01,2024-03-31,0
2024-01-31,8349,2023-03-31,3,,,,,,,,,,,,,,,,,,,,968133000000,38741000000,0.040,,38741000000,,,,,,,,,,,,true,false,12,2022-04-01,2023-03-31,-1
2024-01-31,8349,2023-03-31,3,,,,,,,,,,,,,,,,,,,,,,,,,,,,,50.00,,,,9509963,18358,,false,false,12,2022-04-01,2023-03-31,-1
2024-01-31,8349,2024-03-31,3,,,,,,,,,,,,,,,,,,,,,,,,,,,,,25.00,,,,,,,false,false,12,2023-04-01,2024-03-31,0
2024-01-31,8349,2024-03-31,3,,,,,,,,,,,,,,,,,,,,,,,,,,,,,50.00,,,,,,,false,true,12,2023-04-01,2024-03-31,0
2024-01-31,8349,2024-03-31,3,,,,,,,,,,,,,,,,,,,,,,,,,,,,,,,,,9509963,12926,9494909,false,false,9,2023-04-01,2023-12-31,0
2024-01-31,8349,2023-03-31,3,,,,,,,,,,,,,,,,,,,,,,,,,,,,,,,,,,,9488989,false,false,9,2022-04-01,2022-12-31,-1
2024-05-14,8349,2024-03-31,,,,,,,,,,2148000000,-0.142,,1376000000,,144.70,79.22,0.035,0.002,,,1012696000000,39438000000,0.039,3099.69,39438000000,59910000000,-19266000000,-477000000,82471000000,,0.346,,,,,,true,false,12,2023-04-01,2024-03-31,0
2024-05-14,8349,2023-03-31,,,,,,,,,,2505000000,0.183,,1526000000,,160.80,77.73,0.039,0.003,,,968133000000,38741000000,0.040,3028.00,38741000000,-110899000000,-11276000000,-475000000,42304000000,,0.311,,,,,,true,false,12,2022-04-01,2023-03-31,-1
2024-05-14,8349,2025-03-31,,,,,,,,,,900000000,-0.150,,600000000,,63.07,,,,,,,,,,,,,,,,,,,,,,true,true,6,2024-04-01,2024-09-30,1
2024-05-14,8349,2025-03-31,,,,,,,,,,2300000000,0.070,,1500000000,,157.73,,,,,,,,,,,,,,,,0.317,,,,,,true,true,12,2024-04-01,2025-03-31,1
2024-05-14,8349,2024-03-31,,,,,,,,,,2016000000,-0.133,1327000000,,-0.065,139.63,76.45,,,,,1009809000000,37875000000,0.038,2935.14,37875000000,,,,,50.00,,,,9509963,13137,9495398,false,false,12,2023-04-01,2024-03-31,0
2024-05-14,8349,2023-03-31,,,,,,,,,,2326000000,0.174,1420000000,,0.109,149.58,72.32,,,,,965845000000,37524000000,0.039,2899.77,37524000000,,,,,50.00,,,,9509963,18358,9489662,false,false,12,2022-04-01,2023-03-31,-1
2024-05-14,8349,2025-03-31,,,,,,,,,,800000000,-0.243,600000000,,-0.160,63.07,,,,,,,,,,,,,,,,,,,,,,false,true,6,2024-04-01,2024-09-30,1
2024-05-14,8349,2025-03-31,,,,,,,,,,2200000000,0.091,1600000000,,0.205,168.26,,,,,,,,,,,,,,,50.00,,,,,,,false,true,12,2024-04-01,2025-03-31,1
2024-07-31,8349,2025-03-31,1,,,,,,,,,735000000,0.572,,510000000,,53.80,28.56,,,,,1028447000000,37774000000,0.037,,37774000000,,,,,,,,,,,,true,false,3,2024-04-01,2024-06-30,0
2024-07-31,8349,2024-03-31,1,,,,,,,,,468000000,-0.284,,315000000,,33.26,16.23,,,,,,,,,,,,,,,,,,,,,true,false,3,2023-04-01,2023-06-30,-1
2024-07-31,8349,2025-03-31,1,,,,,,,,,900000000,-0.150,,600000000,,63.12,,,,,,,,,,,,,,,,,,,,,,true,true,6,2024-04-01,2024-09-30,0
2024-07-31,8349,2025-03-31,1,,,,,,,,,2300000000,0.070,,1500000000,,157.84,,,,,,,,,,,,,,,,,,,,,,true,true,12,2024-04-01,2025-03-31,0
2024-07-31,8349,2024-03-31,1,,,,,,,,,,,,,,,,,,,,1012696000000,39438000000,0.039,,39438000000,,,,,,,,,,,,true,false,12,2023-04-01,2024-03-31,-1
2024-07-31,8349,2024-03-31,1,,,,,,,,,,,,,,,,,,,,,,,,,,,,,50.00,,,,9509963,13137,,false,false,12,2023-04-01,2024-03-31,-1
2024-07-31,8349,2025-03-31,1,,,,,,,,,,,,,,,,,,,,,,,,,,,,,50.00,,,,,,,false,true,12,2024-04-01,2025-03-31,0
2024-07-31,8349,2025-03-31,1,,,,,,,,,,,,,,,,,,,,,,,,,,,,,,,,,9509963,13329,9496704,false,false,3,2024-04-01,2024-06-30,0
2024-07-31,8349,2024-03-31,1,,,,,,,,,,,,,,,,,,,,,,,,,,,,,,,,,,,9491582,false,false,3,2023-04-01,2023-06-30,-1
2024-11-11,8349,2025-03-31,2,,,,,,,,,979000000,-0.075,,648000000,,68.19,35.37,,,,,1027799000000,38909000000,0.038,,38909000000,,,,,,,,,,,,true,false,6,2024-04-01,2024-09-30,0
2024-11-11,8349,2024-03-31,2,,,,,,,,,1058000000,-0.272,,676000000,,71.18,37.92,,,,,,,,,,,,,,,,,,,,,true,false,6,2023-04-01,2023-09-30,-1
2024-11-11,8349,2025-03-31,2,,,,,,,,,2300000000,0.070,,1500000000,,157.73,,,,,,,,,,,,,,,,,,,,,,true,true,12,2024-04-01,2025-03-31,0
2024-11-11,8349,2025-03-31,2,,,,,,,,,851000000,-0.194,680000000,,-0.047,71.62,,,,,,1024658000000,37396000000,0.036,,37396000000,,,,,,,,,9509963,6785,9499060,false,false,6,2024-04-01,2024-09-30,0
2024-11-11,8349,2024-03-31,2,,,,,,,,,1056000000,-0.167,714000000,,-0.225,75.16,,,,,,,,,,,,,,,,,,,,,9493819,false,false,6,2023-04-01,2023-09-30,-1
2024-11-11,8349,2025-03-31,2,,,,,,,,,2200000000,0.091,1600000000,,0.205,168.25,,,,,,,,,,,,,,,50.00,,,,,,,false,true,12,2024-04-01,2025-03-31,0
2024-11-11,8349,2024-03-31,2,,,,,,,,,,,,,,,,,,,,1012696000000,39438000000,0.039,,39438000000,,,,,,,,,,,,true,false,12,2023-04-01,2024-03-31,-1
2024-11-11,8349,2024-03-31,2,,,,,,,,,,,,,,,,,,,,1009809000000,37875000000,0.038,,37875000000,,,,,50.00,,,,9509963,13137,,false,false,12,2023-04-01,2024-03-31,-1
2024-11-11,8349,2025-03-31,2,,,,,,,,,,,,,,,,,,,,,,,,,,,,,25.00,,,,,,,false,false,12,2024-04-01,2025-03-31,0
2025-01-31,8349,2025-03-31,3,,,,,,,,,1549000000,0.071,,1040000000,,109.50,57.22,,,,,1033775000000,37508000000,0.036,,37508000000,,,,,,,,,,,,true,false,9,2024-04-01,2024-12-31,0
2025-01-31,8349,2024-03-31,3,,,,,,,,,1446000000,-0.216,,944000000,,99.40,52.43,,,,,,,,,,,,,,,,,,,,,true,false,9,2023-04-01,2023-12-31,-1
2025-01-31,8349,2025-03-31,3,,,,,,,,,2300000000,0.070,,1500000000,,157.74,,,,,,,,,,,,,,,,,,,,,,true,true,12,2024-04-01,2025-03-31,0
2025-01-31,8349,2024-03-31,3,,,,,,,,,,,,,,,,,,,,1012696000000,39438000000,0.039,,39438000000,,,,,,,,,,,,true,false,12,2023-04-01,2024-03-31,-1
2025-01-31,8349,2024-03-31,3,,,,,,,,,,,,,,,,,,,,,,,,,,,,,50.00,,,,9509963,13137,,false,false,12,2023-04-01,2024-03-31,-1
2025-01-31,8349,2025-03-31,3,,,,,,,,,,,,,,,,,,,,,,,,,,,,,25.00,,,,,,,false,false,12,2024-04-01,2025-03-31,0
2025-01-31,8349,2025-03-31,3,,,,,,,,,,,,,,,,,,,,,,,,,,,,,50.00,,,,,,,false,true,12,2024-04-01,2025-03-31,0
2025-01-31,8349,2025-03-31,3,,,,,,,,,,,,,,,,,,,,,,,,,,,,,,,,,9509963,7125,9500394,false,false,9,2024-04-01,2024-12-31,0
2025-01-31,8349,2024-03-31,3,,,,,,,,,,,,,,,,,,,,,,,,,,,,,,,,,,,9494909,false,false,9,2023-04-01,2023-12-31,-1
2025-05-12,8349,2025-03-31,,,,,,,,,,1974000000,-0.081,,1069000000,,112.58,58.98,0.029,0.002,,,1009613000000,35376000000,0.035,2684.57,35376000000,-15086000000,-4451000000,-534000000,62398000000,,0.444,,,,,,true,false,12,2024-04-01,2025-03-31,0
2025-05-12,8349,2024-03-31,,,,,,,,,,2148000000,-0.142,,1376000000,,144.70,79.22,0.035,0.002,,,1012696000000,39438000000,0.039,3099.69,39438000000,59910000000,-19266000000,-477000000,82471000000,,0.346,,,,,,true,false,12,2023-04-01,2024-03-31,-1
2025-05-12,8349,2026-03-31,,,,,,,,,,1300000000,0.327,,800000000,,84.58,,,,,,,,,,,,,,,,,,,,,,true,true,6,2025-04-01,2025-09-30,1
2025-05-12,8349,2026-03-31,,,,,,,,,,2600000000,0.317,,1700000000,,179.74,,,,,,,,,,,,,,,,0.278,,,,,,true,true,12,2025-04-01,2026-03-31,1
2025-05-12,8349,2025-03-31,,,,,,,,,,2013000000,-0.002,1535000000,,0.156,161.64,84.66,,,,,1005909000000,34372000000,0.034,2578.42,34372000000,,,,,50.00,,,,9509963,57577,9493156,false,false,12,2024-04-01,2025-03-31,0
2025-05-12,8349,2024-03-31,,,,,,,,,,2016000000,-0.133,1327000000,,-0.065,139.63,76.45,,,,,1009809000000,37875000000,0.038,2935.14,37875000000,,,,,50.00,,,,9509963,13137,9495398,false,false,12,2023-04-01,2024-03-31,-1
2025-05-12,8349,2026-03-31,,,,,,,,,,1300000000,0.526,800000000,,0.175,84.58,,,,,,,,,,,,,,,,,,,,,,false,true,6,2025-04-01,2025-09-30,1
2025-05-12,8349,2026-03-31,,,,,,,,,,2500000000,0.242,1600000000,,0.042,169.16,,,,,,,,,,,,,,,50.00,,,,,,,false,true,12,2025-04-01,2026-03-31,1
2025-07-30,8349,2026-03-31,1,,,,,,,,,860000000,0.169,,596000000,,63.10,31.86,,,,,1045519000000,36751000000,0.035,,36751000000,,,,,,,,,,,,true,false,3,2025-04-01,2025-06-30,0
2025-07-30,8349,2025-03-31,1,,,,,,,,,735000000,0.572,,510000000,,53.80,28.56,,,,,,,,,,,,,,,,,,,,,true,false,3,2024-04-01,2024-06-30,-1
2025-07-30,8349,2026-03-31,1,,,,,,,,,1300000000,0.327,,800000000,,83.41,,,,,,,,,,,,,,,,,,,,,,true,true,6,2025-04-01,2025-09-30,0
2025-07-30,8349,2026-03-31,1,,,,,,,,,2600000000,0.317,,1700000000,,177.41,,,,,,,,,,,,,,,,,,,,,,true,true,12,2025-04-01,2026-03-31,0
2025-07-30,8349,2025-03-31,1,,,,,,,,,,,,,,,,,,,,1009613000000,35376000000,0.035,,35376000000,,,,,,,,,,,,true,false,12,2024-04-01,2025-03-31,-1
2025-07-30,8349,2025-03-31,1,,,,,,,,,,,,,,,,,,,,,,,,,,,,,50.00,,,,9509963,57577,,false,false,12,2024-04-01,2025-03-31,-1
2025-07-30,8349,2026-03-31,1,,,,,,,,,,,,,,,,,,,,,,,,,,,,,50.00,,,,,,,false,true,12,2025-04-01,2026-03-31,0
2025-07-30,8349,2026-03-31,1,,,,,,,,,,,,,,,,,,,,,,,,,,,,,,,,,9509963,57612,9452373,false,false,3,2025-04-01,2025-06-30,0
2025-07-30,8349,2025-03-31,1,,,,,,,,,,,,,,,,,,,,,,,,,,,,,,,,,,,9496704,false,false,3,2024-04-01,2024-06-30,-1
