filing_date,code,fiscal_year_end,quarterly_period,net_sales,net_sales_change,revenue,revenue_change,operating_revenue,operating_revenue_change,operating_profit,operating_profit_change,ordinary_profit,ordinary_profit_change,net_income,net_income_of_parent,net_income_change,eps,diluted_eps,roe,roa,operating_profit_to_net_sales,operating_profit_to_revenue,total_assets,net_assets,equity_ratio,bps,owner_equity,operating_cash_flow,investing_cash_flow,financing_cash_flow,cash,dividend_per_share,payout_ratio,commemorative_dividend,extra_dividend,number_of_shares,number_of_treqsury_shares,avg_number_of_shares,is_consolidated,is_forecast,duration,period_start,period_end,period_pos
2015-05-14,83810,2015-03-31,,,,,,,,,,23126000000,0.157,12161000000,,0.088,76.00,75.54,0.037,0.004,,,4782030000000,353710000000,0.070,2103.82,335481000000,210736000000,-70324000000,-2826000000,409176000000,,0.171,,,,,,true,false,12,2014-04-01,2015-03-31,0
2015-05-14,83810,2014-03-31,,,,,,,,,,19981000000,0.020,11175000000,,0.133,69.21,68.86,0.036,0.004,,,4478739000000,322281000000,0.068,1896.27,305009000000,118954000000,-33419000000,-3054000000,271585000000,,0.158,,,,,,true,false,12,2013-04-01,2014-03-31,-1
2015-05-14,83810,2016-03-31,,,,,,,,,,9800000000,0.011,,6100000000,,38.25,,,,,,,,,,,,,,,,,,,,,,true,true,6,2015-04-01,2015-09-30,1
2015-05-14,83810,2016-03-31,,,,,,,,,,20400000000,-0.117,,12800000000,,80.26,,,,,,,,,,,,,,,,0.174,,,,,,true,true,12,2015-04-01,2016-03-31,1
2015-05-14,83810,2015-03-31,,,,,,,,,,21373000000,0.154,11753000000,,0.070,73.45,73.00,,,,,4760617000000,334455000000,0.070,2093.19,333788000000,,,,,13.00,,,,160527472,1064341,160013372,false,false,12,2014-04-01,2015-03-31,0
2015-05-14,83810,2014-03-31,,,,,,,,,,18507000000,0.050,10977000000,,0.152,67.98,67.64,,,,,4448860000000,303742000000,0.068,1885.00,303196000000,,,,,11.00,,,,161927472,1080702,161469110,false,false,12,2013-04-01,2014-03-31,-1
2015-05-14,83810,2016-03-31,,,,,,,,,,9000000000,0.019,6000000000,,0.070,37.62,,,,,,,,,,,,,,,,,,,,,,false,true,6,2015-04-01,2015-09-30,1
2015-05-14,83810,2016-03-31,,,,,,,,,,18800000000,-0.120,12600000000,,0.072,79.01,,,,,,,,,,,,,,,14.00,,,,,,,false,true,12,2015-04-01,2016-03-31,1
2015-07-31,83810,2016-03-31,1,,,,,,,,,7383000000,0.221,,4771000000,,29.92,29.72,,,,,4806028000000,355044000000,0.070,,336783000000,,,,,,,,,,,,true,false,3,2015-04-01,2015-06-30,0
2015-07-31,83810,2015-03-31,1,,,,,,,,,6043000000,0.100,,3852000000,,23.95,23.81,,,,,,,,,,,,,,,,,,,,,true,false,3,2014-04-01,2014-06-30,-1
2015-07-31,83810,2016-03-31,1,,,,,,,,,9800000000,0.011,,6100000000,,38.25,,,,,,,,,,,,,,,,,,,,,,true,true,6,2015-04-01,2015-09-30,0
2015-07-31,83810,2016-03-31,1,,,,,,,,,20400000000,-0.117,,12800000000,,80.26,,,,,,,,,,,,,,,,,,,,,,true,true,12,2015-04-01,2016-03-31,0
2015-07-31,83810,2015-03-31,1,,,,,,,,,,,,,,,,,,,,4782030000000,353710000000,0.070,,335481000000,,,,,,,,,,,,true,false,12,2014-04-01,2015-03-31,-1
2015-07-31,83810,2015-03-31,1,,,,,,,,,,,,,,,,,,,,,,,,,,,,,13.00,,,,160527472,1064341,,false,false,12,2014-04-01,2015-03-31,-1
2015-07-31,83810,2016-03-31,1,,,,,,,,,,,,,,,,,,,,,,,,,,,,,14.00,,,,,,,false,true,12,2015-04-01,2016-03-31,0
2015-07-31,83810,2016-03-31,1,,,,,,,,,,,,,,,,,,,,,,,,,,,,,,,,,160527472,843221,159464888,false,false,3,2015-04-01,2015-06-30,0
2015-07-31,83810,2015-03-31,1,,,,,,,,,,,,,,,,,,,,,,,,,,,,,,,,,,,160849110,false,false,3,2014-04-01,2014-06-30,-1
2015-11-12,83810,2016-03-31,2,,,,,,,,,10031000000,0.034,,6193000000,,38.83,38.62,,,,,4894355000000,351921000000,0.068,,333649000000,,,,,,,,,,,,true,false,6,2015-04-01,2015-09-30,0
2015-11-12,83810,2015-03-31,2,,,,,,,,,9692000000,0.023,,5867000000,,36.54,36.34,,,,,,,,,,,,,,,,,,,,,true,false,6,2014-04-01,2014-09-30,-1
2015-11-12,83810,2016-03-31,2,,,,,,,,,19700000000,-0.148,,12400000000,,77.79,,,,,,,,,,,,,,,,,,,,,,true,true,12,2015-04-01,2016-03-31,0
2015-11-12,83810,2016-03-31,2,,,,,,,,,10003000000,0.132,6537000000,,0.166,40.99,,,,,,4873411000000,332317000000,0.068,,331867000000,,,,,,,,,160527472,1239713,159496996,false,false,6,2015-04-01,2015-09-30,0
2015-11-12,83810,2015-03-31,2,,,,,,,,,8832000000,0.014,5605000000,,0.040,34.91,,,,,,,,,,,,,,,,,,,,,160545846,false,false,6,2014-04-01,2014-09-30,-1
2015-11-12,83810,2016-03-31,2,,,,,,,,,19400000000,-0.092,12800000000,,0.089,80.30,,,,,,,,,,,,,,,14.00,,,,,,,false,true,12,2015-04-01,2016-03-31,0
2015-11-12,83810,2015-03-31,2,,,,,,,,,,,,,,,,,,,,4782030000000,353710000000,0.070,,335481000000,,,,,,,,,,,,true,false,12,2014-04-01,2015-03-31,-1
2015-11-12,83810,2015-03-31,2,,,,,,,,,,,,,,,,,,,,4760617000000,334455000000,0.070,,333788000000,,,,,13.00,,,,160527472,1064341,,false,false,12,2014-04-01,2015-03-31,-1
2015-11-12,83810,2016-03-31,2,,,,,,,,,,,,,,,,,,,,,,,,,,,,,4.50,,,,,,,false,false,12,2015-04-01,2016-03-31,0
2016-01-29,83810,2016-03-31,3,,,,,,,,,16035000000,-0.011,,9993000000,,62.68,62.36,,,,,4858699000000,359509000000,0.070,,340997000000,,,,,,,,,,,,true,false,9,2015-04-01,2015-12-31,0
2016-01-29,83810,2015-03-31,3,,,,,,,,,16228000000,0.056,,9876000000,,61.65,61.30,,,,,,,,,,,,,,,,,,,,,true,false,9,2014-04-01,2014-12-31,-1
2016-01-29,83810,2016-03-31,3,,,,,,,,,19700000000,-0.148,,12400000000,,77.87,,,,,,,,,,,,,,,,,,,,,,true,true,12,2015-04-01,2016-03-31,0
2016-01-29,83810,2015-03-31,3,,,,,,,,,,,,,,,,,,,,4782030000000,353710000000,0.070,,335481000000,,,,,,,,,,,,true,false,12,2014-04-01,2015-03-31,-1
2016-01-29,83810,2015-03-31,3,,,,,,,,,,,,,,,,,,,,,,,,,,,,,13.00,,,,160527472,1064341,,false,false,12,2014-04-01,2015-03-31,-1
2016-01-29,83810,2016-03-31,3,,,,,,,,,,,,,,,,,,,,,,,,,,,,,4.50,,,,,,,false,false,12,2015-04-01,2016-03-31,0
2016-01-29,83810,2016-03-31,3,,,,,,,,,,,,,,,,,,,,,,,,,,,,,14.00,,,,,,,false,true,12,2015-04-01,2016-03-31,0
2016-01-29,83810,2016-03-31,3,,,,,,,,,,,,,,,,,,,,,,,,,,,,,,,,,160527472,1240199,159426921,false,false,9,2015-04-01,2015-12-31,0
2016-01-29,83810,2015-03-31,3,,,,,,,,,,,,,,,,,,,,,,,,,,,,,,,,,,,160190781,false,false,9,2014-04-01,2014-12-31,-1
2016-05-13,83810,2016-03-31,,,,,,,,,,22486000000,-0.027,,12911000000,,81.08,80.67,0.037,0.004,,,5160556000000,373728000000,0.068,2239.19,355108000000,285927000000,-107246000000,-3629000000,584225000000,,0.185,,,,,,true,false,12,2015-04-01,2016-03-31,0
2016-05-13,83810,2015-03-31,,,,,,,,,,23126000000,0.157,,12161000000,,76.00,75.54,0.037,0.004,,,4782030000000,353710000000,0.070,2103.82,335481000000,210736000000,-70324000000,-2826000000,409176000000,,0.171,,,,,,true,false,12,2014-04-01,2015-03-31,-1
2016-05-13,83810,2017-03-31,,,,,,,,,,10000000000,-0.003,,6300000000,,39.72,,,,,,,,,,,,,,,,,,,,,,true,true,6,2016-04-01,2016-09-30,1
2016-05-13,83810,2017-03-31,,,,,,,,,,20500000000,-0.088,,13300000000,,83.86,,,,,,,,,,,,,,,,0.178,,,,,,true,true,12,2016-04-01,2017-03-31,1
2016-05-13,83810,2016-03-31,,,,,,,,,,21927000000,0.025,13260000000,,0.128,83.27,82.84,,,,,5138148000000,355518000000,0.069,2238.49,354996000000,,,,,15.00,,,,159227472,640197,159239197,false,false,12,2015-04-01,2016-03-31,0
2016-05-13,83810,2015-03-31,,,,,,,,,,21373000000,0.154,11753000000,,0.070,73.45,73.00,,,,,4760617000000,334455000000,0.070,2093.19,333788000000,,,,,13.00,,,,160527472,1064341,160013372,false,false,12,2014-04-01,2015-03-31,-1
2016-05-13,83810,2017-03-31,,,,,,,,,,9600000000,-0.040,6300000000,,-0.036,39.72,,,,,,,,,,,,,,,,,,,,,,false,true,6,2016-04-01,2016-09-30,1
2016-05-13,83810,2017-03-31,,,,,,,,,,19700000000,-0.101,13300000000,,0.003,83.86,,,,,,,,,,,,,,,15.00,,,,,,,false,true,12,2016-04-01,2017-03-31,1
2016-07-29,83810,2017-03-31,1,,,,,,,,,4661000000,-0.368,,3230000000,,20.36,20.27,,,,,5068452000000,380809000000,0.071,,362570000000,,,,,,,,,,,,true,false,3,2016-04-01,2016-06-30,0
2016-07-29,83810,2016-03-31,1,,,,,,,,,7383000000,0.221,,4771000000,,29.92,29.72,,,,,,,,,,,,,,,,,,,,,true,false,3,2015-04-01,2015-06-30,-1
2016-07-29,83810,2017-03-31,1,,,,,,,,,10000000000,-0.003,,6300000000,,39.72,,,,,,,,,,,,,,,,,,,,,,true,true,6,2016-04-01,2016-09-30,0
2016-07-29,83810,2017-03-31,1,,,,,,,,,20500000000,-0.088,,13300000000,,83.86,,,,,,,,,,,,,,,,,,,,,,true,true,12,2016-04-01,2017-03-31,0
2016-07-29,83810,2016-03-31,1,,,,,,,,,,,,,,,,,,,,5160556000000,373728000000,0.068,,355108000000,,,,,,,,,,,,true,false,12,2015-04-01,2016-03-31,-1
2016-07-29,83810,2016-03-31,1,,,,,,,,,,,,,,,,,,,,,,,,,,,,,15.00,,,,159227472,640197,,false,false,12,2015-04-01,2016-03-31,-1
2016-07-29,83810,2017-03-31,1,,,,,,,,,,,,,,,,,,,,,,,,,,,,,15.00,,,,,,,false,true,12,2016-04-01,2017-03-31,0
2016-07-29,83810,2017-03-31,1,,,,,,,,,,,,,,,,,,,,,,,,,,,,,,,,,159227472,513201,158625297,false,false,3,2016-04-01,2016-06-30,0
2016-07-29,83810,2016-03-31,1,,,,,,,,,,,,,,,,,,,,,,,,,,,,,,,,,,,159464888,false,false,3,2015-04-01,2015-06-30,-1
2016-11-11,83810,2017-03-31,2,,,,,,,,,11380000000,0.134,,7318000000,,46.26,46.06,,,,,5371017000000,374182000000,0.067,,361244000000,,,,,,,,,,,,true,false,6,2016-04-01,2016-09-30,0
2016-11-11,83810,2016-03-31,2,,,,,,,,,10031000000,0.034,,6193000000,,38.83,38.62,,,,,,,,,,,,,,,,,,,,,true,false,6,2015-04-01,2015-09-30,-1
2016-11-11,83810,2017-03-31,2,,,,,,,,,20400000000,-0.092,,13400000000,,85.12,,,,,,,,,,,,,,,,,,,,,,true,true,12,2016-04-01,2017-03-31,0
2016-11-11,83810,2017-03-31,2,,,,,,,,,10689000000,0.068,7435000000,,0.137,47.00,,,,,,5348009000000,356186000000,0.066,,355715000000,,,,,,,,,159227472,2612707,158199536,false,false,6,2016-04-01,2016-09-30,0
2016-11-11,83810,2016-03-31,2,,,,,,,,,10003000000,0.132,6537000000,,0.166,40.99,,,,,,,,,,,,,,,,,,,,,159496996,false,false,6,2015-04-01,2015-09-30,-1
2016-11-11,83810,2017-03-31,2,,,,,,,,,19400000000,-0.115,13400000000,,0.010,85.12,,,,,,,,,,,,,,,15.00,,,,,,,false,true,12,2016-04-01,2017-03-31,0
2016-11-11,83810,2016-03-31,2,,,,,,,,,,,,,,,,,,,,5160556000000,373728000000,0.068,,355108000000,,,,,,,,,,,,true,false,12,2015-04-01,2016-03-31,-1
2016-11-11,83810,2016-03-31,2,,,,,,,,,,,,,,,,,,,,5138148000000,355518000000,0.069,,354996000000,,,,,15.00,,,,159227472,640197,,false,false,12,2015-04-01,2016-03-31,-1
2016-11-11,83810,2017-03-31,2,,,,,,,,,,,,,,,,,,,,,,,,,,,,,4.50,,,,,,,false,false,12,2016-04-01,2017-03-31,0
2017-01-31,83810,2017-03-31,3,,,,,,,,,18766000000,0.170,,12292000000,,78.02,77.69,,,,,5928857000000,353192000000,0.059,,351445000000,,,,,,,,,,,,true,false,9,2016-04-01,2016-12-31,0
2017-01-31,83810,2016-03-31,3,,,,,,,,,16035000000,-0.011,,9993000000,,62.68,62.36,,,,,,,,,,,,,,,,,,,,,true,false,9,2015-04-01,2015-12-31,-1
2017-01-31,83810,2017-03-31,3,,,,,,,,,20400000000,-0.092,,13400000000,,85.27,,,,,,,,,,,,,,,,,,,,,,true,true,12,2016-04-01,2017-03-31,0
2017-01-31,83810,2016-03-31,3,,,,,,,,,,,,,,,,,,,,5160556000000,373728000000,0.068,,355108000000,,,,,,,,,,,,true,false,12,2015-04-01,2016-03-31,-1
2017-01-31,83810,2016-03-31,3,,,,,,,,,,,,,,,,,,,,,,,,,,,,,15.00,,,,159227472,640197,,false,false,12,2015-04-01,2016-03-31,-1
2017-01-31,83810,2017-03-31,3,,,,,,,,,,,,,,,,,,,,,,,,,,,,,4.50,,,,,,,false,false,12,2016-04-01,2017-03-31,0
2017-01-31,83810,2017-03-31,3,,,,,,,,,,,,,,,,,,,,,,,,,,,,,15.00,,,,,,,false,true,12,2016-04-01,2017-03-31,0
2017-01-31,83810,2017-03-31,3,,,,,,,,,,,,,,,,,,,,,,,,,,,,,,,,,159227472,3363048,157546594,false,false,9,2016-04-01,2016-12-31,0
2017-01-31,83810,2016-03-31,3,,,,,,,,,,,,,,,,,,,,,,,,,,,,,,,,,,,159426921,false,false,9,2015-04-01,2015-12-31,-1
2017-05-12,83810,2017-03-31,,,,,,,,,,20562000000,-0.085,,13399000000,,85.27,84.91,0.037,0.003,,,5411472000000,352846000000,0.064,2252.53,351088000000,71178000000,-90520000000,-14976000000,549907000000,,0.175,,,,,,true,false,12,2016-04-01,2017-03-31,0
2017-05-12,83810,2016-03-31,,,,,,,,,,22486000000,-0.027,,12911000000,,81.08,80.67,0.037,0.004,,,5160556000000,373728000000,0.068,2239.19,355108000000,285927000000,-107246000000,-3629000000,584225000000,,0.185,,,,,,true,false,12,2015-04-01,2016-03-31,-1
2017-05-12,83810,2018-03-31,,,,,,,,,,9200000000,-0.191,,6200000000,,39.77,,,,,,,,,,,,,,,,,,,,,,true,true,6,2017-04-01,2017-09-30,1
2017-05-12,83810,2018-03-31,,,,,,,,,,19400000000,-0.056,,13300000000,,85.33,,,,,,,,,,,,,,,,0.304,,,,,,true,true,12,2017-04-01,2018-03-31,1
2017-05-12,83810,2017-03-31,,,,,,,,,,19450000000,-0.112,13385000000,,0.009,85.18,84.82,,,,,5391748000000,344242000000,0.063,2205.58,343772000000,,,,,15.00,,,,156977472,1113381,157131778,false,false,12,2016-04-01,2017-03-31,0
2017-05-12,83810,2016-03-31,,,,,,,,,,21927000000,0.025,13260000000,,0.128,83.27,82.84,,,,,5138148000000,355518000000,0.069,2238.49,354996000000,,,,,15.00,,,,159227472,640197,159239197,false,false,12,2015-04-01,2016-03-31,-1
2017-05-12,83810,2018-03-31,,,,,,,,,,9300000000,-0.129,6400000000,,-0.139,41.06,,,,,,,,,,,,,,,,,,,,,,false,true,6,2017-04-01,2017-09-30,1
2017-05-12,83810,2018-03-31,,,,,,,,,,19200000000,-0.012,13300000000,,-0.006,85.33,,,,,,,,,,,,,,,26.00,,,,,,,false,true,12,2017-04-01,2018-03-31,1
2017-07-31,83810,2018-03-31,1,,,,,,,,,6807000000,0.460,,4769000000,,30.59,30.47,,,,,5406129000000,358435000000,0.065,,356793000000,,,,,,,,,,,,true,false,3,2017-04-01,2017-06-30,0
2017-07-31,83810,2017-03-31,1,,,,,,,,,4661000000,-0.368,,3230000000,,20.36,20.27,,,,,,,,,,,,,,,,,,,,,true,false,3,2016-04-01,2016-06-30,-1
2017-07-31,83810,2018-03-31,1,,,,,,,,,9200000000,-0.191,,6200000000,,39.77,,,,,,,,,,,,,,,,,,,,,,true,true,6,2017-04-01,2017-09-30,0
2017-07-31,83810,2018-03-31,1,,,,,,,,,19400000000,-0.056,,13300000000,,85.33,,,,,,,,,,,,,,,,,,,,,,true,true,12,2017-04-01,2018-03-31,0
2017-07-31,83810,2017-03-31,1,,,,,,,,,,,,,,,,,,,,5411472000000,352846000000,0.064,,351088000000,,,,,,,,,,,,true,false,12,2016-04-01,2017-03-31,-1
2017-07-31,83810,2017-03-31,1,,,,,,,,,,,,,,,,,,,,,,,,,,,,,15.00,,,,156977472,1113381,,false,false,12,2016-04-01,2017-03-31,-1
2017-07-31,83810,2018-03-31,1,,,,,,,,,,,,,,,,,,,,,,,,,,,,,26.00,,,,,,,false,true,12,2017-04-01,2018-03-31,0
2017-07-31,83810,2018-03-31,1,,,,,,,,,,,,,,,,,,,,,,,,,,,,,,,,,156977472,946107,155878543,false,false,3,2017-04-01,2017-06-30,0
2017-07-31,83810,2017-03-31,1,,,,,,,,,,,,,,,,,,,,,,,,,,,,,,,,,,,158625297,false,false,3,2016-04-01,2016-06-30,-1
2017-11-10,83810,2018-03-31,2,,,,,,,,,10531000000,-0.074,,7333000000,,47.01,46.85,,,,,5398352000000,363274000000,0.066,,361614000000,,,,,,,,,,,,true,false,6,2017-04-01,2017-09-30,0
2017-11-10,83810,2017-03-31,2,,,,,,,,,11380000000,0.134,,7318000000,,46.26,46.06,,,,,,,,,,,,,,,,,,,,,true,false,6,2016-04-01,2016-09-30,-1
2017-11-10,83810,2018-03-31,2,,,,,,,,,19700000000,-0.041,,13600000000,,87.17,,,,,,,,,,,,,,,,,,,,,,true,true,12,2017-04-01,2018-03-31,0
2017-11-10,83810,2018-03-31,2,,,,,,,,,10209000000,-0.044,7194000000,,-0.032,46.12,,,,,,5379241000000,353922000000,0.065,,353572000000,,,,,,,,,156977472,921336,155964654,false,false,6,2017-04-01,2017-09-30,0
2017-11-10,83810,2017-03-31,2,,,,,,,,,10689000000,0.068,7435000000,,0.137,47.00,,,,,,,,,,,,,,,,,,,,,158199536,false,false,6,2016-04-01,2016-09-30,-1
2017-11-10,83810,2018-03-31,2,,,,,,,,,19100000000,-0.017,13300000000,,-0.006,85.25,,,,,,,,,,,,,,,26.00,,,,,,,false,true,12,2017-04-01,2018-03-31,0
2017-11-10,83810,2017-03-31,2,,,,,,,,,,,,,,,,,,,,5411472000000,352846000000,0.064,,351088000000,,,,,,,,,,,,true,false,12,2016-04-01,2017-03-31,-1
2017-11-10,83810,2017-03-31,2,,,,,,,,,,,,,,,,,,,,5391748000000,344242000000,0.063,,343772000000,,,,,15.00,,,,156977472,1113381,,false,false,12,2016-04-01,2017-03-31,-1
2017-11-10,83810,2018-03-31,2,,,,,,,,,,,,,,,,,,,,,,,,,,,,,7.00,,,,,,,false,false,12,2017-04-01,2018-03-31,0
2018-01-31,83810,2018-03-31,3,,,,,,,,,16519000000,-0.119,,11493000000,,73.67,73.43,,,,,5558232000000,369227000000,0.066,,367540000000,,,,,,,,,,,,true,false,9,2017-04-01,2017-12-31,0
2018-01-31,83810,2017-03-31,3,,,,,,,,,18766000000,0.170,,12292000000,,78.02,77.69,,,,,,,,,,,,,,,,,,,,,true,false,9,2016-04-01,2016-12-31,-1
2018-01-31,83810,2018-03-31,3,,,,,,,,,19700000000,-0.041,,13600000000,,87.17,,,,,,,,,,,,,,,,,,,,,,true,true,12,2017-04-01,2018-03-31,0
2018-01-31,83810,2017-03-31,3,,,,,,,,,,,,,,,,,,,,5411472000000,352846000000,0.064,,351088000000,,,,,,,,,,,,true,false,12,2016-04-01,2017-03-31,-1
2018-01-31,83810,2017-03-31,3,,,,,,,,,,,,,,,,,,,,,,,,,,,,,15.00,,,,156977472,1113381,,false,false,12,2016-04-01,2017-03-31,-1
2018-01-31,83810,2018-03-31,3,,,,,,,,,,,,,,,,,,,,,,,,,,,,,7.00,,,,,,,false,false,12,2017-04-01,2018-03-31,0
2018-01-31,83810,2018-03-31,3,,,,,,,,,,,,,,,,,,,,,,,,,,,,,26.00,,,,,,,false,true,12,2017-04-01,2018-03-31,0
2018-01-31,83810,2018-03-31,3,,,,,,,,,,,,,,,,,,,,,,,,,,,,,,,,,156977472,921452,155995233,false,false,9,2017-04-01,2017-12-31,0
2018-01-31,83810,2017-03-31,3,,,,,,,,,,,,,,,,,,,,,,,,,,,,,,,,,,,157546594,false,false,9,2016-04-01,2016-12-31,-1
2018-05-11,83810,2018-03-31,,,,,,,,,,19867000000,-0.033,,13692000000,,87.76,87.47,0.038,0.003,,,5548604000000,362415000000,0.065,2311.15,360668000000,-27517000000,42831000000,-2741000000,562478000000,,0.296,,,,,,true,false,12,2017-04-01,2018-03-31,0
2018-05-11,83810,2017-03-31,,,,,,,,,,20562000000,-0.085,,13399000000,,85.27,84.91,0.037,0.003,,,5411472000000,352846000000,0.064,2252.53,351088000000,71178000000,-90520000000,-14976000000,549907000000,,0.175,,,,,,true,false,12,2016-04-01,2017-03-31,-1
2018-05-11,83810,2019-03-31,,,,,,,,,,9300000000,-0.116,,6500000000,,41.65,,,,,,,,,,,,,,,,,,,,,,true,true,6,2018-04-01,2018-09-30,1
2018-05-11,83810,2019-03-31,,,,,,,,,,18900000000,-0.048,,13100000000,,83.94,,,,,,,,,,,,,,,,0.309,,,,,,true,true,12,2018-04-01,2019-03-31,1
2018-05-11,83810,2018-03-31,,,,,,,,,,19262000000,-0.009,13357000000,,-0.002,85.61,85.33,,,,,5534909000000,352310000000,0.063,2255.35,351960000000,,,,,26.00,,,,156977472,921843,156010174,false,false,12,2017-04-01,2018-03-31,0
2018-05-11,83810,2017-03-31,,,,,,,,,,19450000000,-0.112,13385000000,,0.009,85.18,84.82,,,,,5391748000000,344242000000,0.063,2205.58,343772000000,,,,,15.00,,,,156977472,1113381,157131778,false,false,12,2016-04-01,2017-03-31,-1
2018-05-11,83810,2019-03-31,,,,,,,,,,8800000000,-0.138,6100000000,,-0.152,39.08,,,,,,,,,,,,,,,,,,,,,,false,true,6,2018-04-01,2018-09-30,1
2018-05-11,83810,2019-03-31,,,,,,,,,,18300000000,-0.049,12800000000,,-0.041,82.02,,,,,,,,,,,,,,,26.00,,,,,,,false,true,12,2018-04-01,2019-03-31,1
2018-07-31,83810,2019-03-31,1,,,,,,,,,4516000000,-0.336,,3197000000,,20.48,20.42,,,,,5492230000000,364070000000,0.065,,362306000000,,,,,,,,,,,,true,false,3,2018-04-01,2018-06-30,0
2018-07-31,83810,2018-03-31,1,,,,,,,,,6807000000,0.460,,4769000000,,30.59,30.47,,,,,,,,,,,,,,,,,,,,,true,false,3,2017-04-01,2017-06-30,-1
2018-07-31,83810,2019-03-31,1,,,,,,,,,9300000000,-0.116,,6500000000,,41.65,,,,,,,,,,,,,,,,,,,,,,true,true,6,2018-04-01,2018-09-30,0
2018-07-31,83810,2019-03-31,1,,,,,,,,,18900000000,-0.048,,13100000000,,83.94,,,,,,,,,,,,,,,,,,,,,,true,true,12,2018-04-01,2019-03-31,0
2018-07-31,83810,2018-03-31,1,,,,,,,,,,,,,,,,,,,,5548604000000,362415000000,0.065,,360668000000,,,,,,,,,,,,true,false,12,2017-04-01,2018-03-31,-1
2018-07-31,83810,2018-03-31,1,,,,,,,,,,,,,,,,,,,,,,,,,,,,,26.00,,,,156977472,921843,,false,false,12,2017-04-01,2018-03-31,-1
2018-07-31,83810,2019-03-31,1,,,,,,,,,,,,,,,,,,,,,,,,,,,,,26.00,,,,,,,false,true,12,2018-04-01,2019-03-31,0
2018-07-31,83810,2019-03-31,1,,,,,,,,,,,,,,,,,,,,,,,,,,,,,,,,,156977472,909151,156056081,false,false,3,2018-04-01,2018-06-30,0
2018-07-31,83810,2018-03-31,1,,,,,,,,,,,,,,,,,,,,,,,,,,,,,,,,,,,155878543,false,false,3,2017-04-01,2017-06-30,-1
2018-11-12,83810,2019-03-31,2,,,,,,,,,9659000000,-0.082,,6668000000,,42.71,42.59,,,,,5399835000000,362247000000,0.066,,360539000000,,,,,,,,,,,,true,false,6,2018-04-01,2018-09-30,0
2018-11-12,83810,2018-03-31,2,,,,,,,,,10531000000,-0.074,,7333000000,,47.01,46.85,,,,,,,,,,,,,,,,,,,,,true,false,6,2017-04-01,2017-09-30,-1
2018-11-12,83810,2019-03-31,2,,,,,,,,,19300000000,-0.028,,13200000000,,84.53,,,,,,,,,,,,,,,,,,,,,,true,true,12,2018-04-01,2019-03-31,0
2018-11-12,83810,2019-03-31,2,,,,,,,,,9168000000,-0.101,6292000000,,-0.125,40.30,,,,,,5380989000000,351098000000,0.065,,350805000000,,,,,,,,,156977472,806493,156110680,false,false,6,2018-04-01,2018-09-30,0
2018-11-12,83810,2018-03-31,2,,,,,,,,,10209000000,-0.044,7194000000,,-0.032,46.12,,,,,,,,,,,,,,,,,,,,,155964654,false,false,6,2017-04-01,2017-09-30,-1
2018-11-12,83810,2019-03-31,2,,,,,,,,,19000000000,-0.013,13200000000,,-0.011,84.53,,,,,,,,,,,,,,,26.00,,,,,,,false,true,12,2018-04-01,2019-03-31,0
2018-11-12,83810,2018-03-31,2,,,,,,,,,,,,,,,,,,,,5548604000000,362415000000,0.065,,360668000000,,,,,,,,,,,,true,false,12,2017-04-01,2018-03-31,-1
2018-11-12,83810,2018-03-31,2,,,,,,,,,,,,,,,,,,,,5534909000000,352310000000,0.063,,351960000000,,,,,26.00,,,,156977472,921843,,false,false,12,2017-04-01,2018-03-31,-1
2018-11-12,83810,2019-03-31,2,,,,,,,,,,,,,,,,,,,,,,,,,,,,,7.00,,,,,,,false,false,12,2018-04-01,2019-03-31,0
2019-01-31,83810,2019-03-31,3,,,,,,,,,13448000000,-0.185,,9268000000,,59.36,59.20,,,,,5724446000000,356898000000,0.062,,355225000000,,,,,,,,,,,,true,false,9,2018-04-01,2018-12-31,0
2019-01-31,83810,2018-03-31,3,,,,,,,,,16519000000,-0.119,,11493000000,,73.67,73.43,,,,,,,,,,,,,,,,,,,,,true,false,9,2017-04-01,2017-12-31,-1
2019-01-31,83810,2019-03-31,3,,,,,,,,,19300000000,-0.028,,13200000000,,84.55,,,,,,,,,,,,,,,,,,,,,,true,true,12,2018-04-01,2019-03-31,0
2019-01-31,83810,2018-03-31,3,,,,,,,,,,,,,,,,,,,,5548604000000,362415000000,0.065,,360668000000,,,,,,,,,,,,true,false,12,2017-04-01,2018-03-31,-1
2019-01-31,83810,2018-03-31,3,,,,,,,,,,,,,,,,,,,,,,,,,,,,,26.00,,,,156977472,921843,,false,false,12,2017-04-01,2018-03-31,-1
2019-01-31,83810,2019-03-31,3,,,,,,,,,,,,,,,,,,,,,,,,,,,,,7.00,,,,,,,false,false,12,2018-04-01,2019-03-31,0
2019-01-31,83810,2019-03-31,3,,,,,,,,,,,,,,,,,,,,,,,,,,,,,26.00,,,,,,,false,true,12,2018-04-01,2019-03-31,0
2019-01-31,83810,2019-03-31,3,,,,,,,,,,,,,,,,,,,,,,,,,,,,,,,,,156977472,806698,156130807,false,false,9,2018-04-01,2018-12-31,0
2019-01-31,83810,2018-03-31,3,,,,,,,,,,,,,,,,,,,,,,,,,,,,,,,,,,,155995233,false,false,9,2017-04-01,2017-12-31,-1
2019-05-13,83810,2019-03-31,,,,,,,,,,19294000000,-0.028,,13205000000,,84.58,84.35,0.036,0.003,,,5599597000000,372498000000,0.066,2377.12,370879000000,-63349000000,269952000000,-4193000000,764889000000,,0.307,,,,,,true,false,12,2018-04-01,2019-03-31,0
2019-05-13,83810,2018-03-31,,,,,,,,,,19867000000,-0.033,,13692000000,,87.76,87.47,0.038,0.003,,,5548604000000,362415000000,0.065,2311.15,360668000000,-27517000000,42831000000,-2741000000,562478000000,,0.296,,,,,,true,false,12,2017-04-01,2018-03-31,-1
2019-05-13,83810,2020-03-31,,,,,,,,,,9100000000,-0.057,,6300000000,,40.37,,,,,,,,,,,,,,,,,,,,,,true,true,6,2019-04-01,2019-09-30,1
2019-05-13,83810,2020-03-31,,,,,,,,,,17500000000,-0.092,,12100000000,,77.55,,,,,,,,,,,,,,,,0.309,,,,,,true,true,12,2019-04-01,2020-03-31,1
2019-05-13,83810,2019-03-31,,,,,,,,,,19259000000,-0.000,13495000000,,0.010,86.44,86.21,,,,,5584011000000,363006000000,0.064,2324.78,362713000000,,,,,26.00,,,,156977472,957176,156119227,false,false,12,2018-04-01,2019-03-31,0
2019-05-13,83810,2018-03-31,,,,,,,,,,19262000000,-0.009,13357000000,,-0.002,85.61,85.33,,,,,5534909000000,352310000000,0.063,2255.35,351960000000,,,,,26.00,,,,156977472,921843,156010174,false,false,12,2017-04-01,2018-03-31,-1
2019-05-13,83810,2020-03-31,,,,,,,,,,8900000000,-0.029,6100000000,,-0.030,39.09,,,,,,,,,,,,,,,,,,,,,,false,true,6,2019-04-01,2019-09-30,1
2019-05-13,83810,2020-03-31,,,,,,,,,,17100000000,-0.112,11800000000,,-0.125,75.63,,,,,,,,,,,,,,,24.00,,,,,,,false,true,12,2019-04-01,2020-03-31,1
2019-07-31,83810,2020-03-31,1,,,,,,,,,5457000000,0.208,,3767000000,,24.14,24.08,,,,,5604614000000,377012000000,0.066,,375408000000,,,,,,,,,,,,true,false,3,2019-04-01,2019-06-30,0
2019-07-31,83810,2019-03-31,1,,,,,,,,,4516000000,-0.336,,3197000000,,20.48,20.42,,,,,,,,,,,,,,,,,,,,,true,false,3,2018-04-01,2018-06-30,-1
2019-07-31,83810,2020-03-31,1,,,,,,,,,9100000000,-0.057,,6300000000,,40.37,,,,,,,,,,,,,,,,,,,,,,true,true,6,2019-04-01,2019-09-30,0
2019-07-31,83810,2020-03-31,1,,,,,,,,,17500000000,-0.092,,12100000000,,77.55,,,,,,,,,,,,,,,,,,,,,,true,true,12,2019-04-01,2020-03-31,0
2019-07-31,83810,2019-03-31,1,,,,,,,,,,,,,,,,,,,,5599597000000,372498000000,0.066,,370879000000,,,,,,,,,,,,true,false,12,2018-04-01,2019-03-31,-1
2019-07-31,83810,2019-03-31,1,,,,,,,,,,,,,,,,,,,,,,,,,,,,,26.00,,,,156977472,957176,,false,false,12,2018-04-01,2019-03-31,-1
2019-07-31,83810,2020-03-31,1,,,,,,,,,,,,,,,,,,,,,,,,,,,,,24.00,,,,,,,false,true,12,2019-04-01,2020-03-31,0
2019-07-31,83810,2020-03-31,1,,,,,,,,,,,,,,,,,,,,,,,,,,,,,,,,,156977472,947747,156020744,false,false,3,2019-04-01,2019-06-30,0
2019-07-31,83810,2019-03-31,1,,,,,,,,,,,,,,,,,,,,,,,,,,,,,,,,,,,156056081,false,false,3,2018-04-01,2018-06-30,-1
2019-11-11,83810,2020-03-31,2,,,,,,,,,9354000000,-0.031,,6356000000,,40.73,40.63,,,,,5632157000000,385110000000,0.068,,383498000000,,,,,,,,,,,,true,false,6,2019-04-01,2019-09-30,0
2019-11-11,83810,2019-03-31,2,,,,,,,,,9659000000,-0.082,,6668000000,,42.71,42.59,,,,,,,,,,,,,,,,,,,,,true,false,6,2018-04-01,2018-09-30,-1
2019-11-11,83810,2020-03-31,2,,,,,,,,,18200000000,-0.056,,12100000000,,77.53,,,,,,,,,,,,,,,,,,,,,,true,true,12,2019-04-01,2020-03-31,0
2019-11-11,83810,2020-03-31,2,,,,,,,,,9229000000,0.006,6303000000,,0.001,40.39,,,,,,5613067000000,375096000000,0.066,,374815000000,,,,,,,,,156977472,896432,156044351,false,false,6,2019-04-01,2019-09-30,0
2019-11-11,83810,2019-03-31,2,,,,,,,,,9168000000,-0.101,6292000000,,-0.125,40.30,,,,,,,,,,,,,,,,,,,,,156110680,false,false,6,2018-04-01,2018-09-30,-1
2019-11-11,83810,2020-03-31,2,,,,,,,,,18100000000,-0.060,12300000000,,-0.088,78.81,,,,,,,,,,,,,,,24.00,,,,,,,false,true,12,2019-04-01,2020-03-31,0
2019-11-11,83810,2019-03-31,2,,,,,,,,,,,,,,,,,,,,5599597000000,372498000000,0.066,,370879000000,,,,,,,,,,,,true,false,12,2018-04-01,2019-03-31,-1
2019-11-11,83810,2019-03-31,2,,,,,,,,,,,,,,,,,,,,5584011000000,363006000000,0.064,,362713000000,,,,,26.00,,,,156977472,957176,,false,false,12,2018-04-01,2019-03-31,-1
2019-11-11,83810,2020-03-31,2,,,,,,,,,,,,,,,,,,,,,,,,,,,,,7.00,,,,,,,false,false,12,2019-04-01,2020-03-31,0
2020-01-31,83810,2020-03-31,3,,,,,,,,,13213000000,-0.017,,8692000000,,55.70,55.56,,,,,6007903000000,380706000000,0.063,,379090000000,,,,,,,,,,,,true,false,9,2019-04-01,2019-12-31,0
2020-01-31,83810,2019-03-31,3,,,,,,,,,13448000000,-0.185,,9268000000,,59.36,59.20,,,,,,,,,,,,,,,,,,,,,true,false,9,2018-04-01,2018-12-31,-1
2020-01-31,83810,2020-03-31,3,,,,,,,,,18200000000,-0.056,,12100000000,,77.53,,,,,,,,,,,,,,,,,,,,,,true,true,12,2019-04-01,2020-03-31,0
2020-01-31,83810,2019-03-31,3,,,,,,,,,,,,,,,,,,,,5599597000000,372498000000,0.066,,370879000000,,,,,,,,,,,,true,false,12,2018-04-01,2019-03-31,-1
2020-01-31,83810,2019-03-31,3,,,,,,,,,,,,,,,,,,,,,,,,,,,,,26.00,,,,156977472,957176,,false,false,12,2018-04-01,2019-03-31,-1
2020-01-31,83810,2020-03-31,3,,,,,,,,,,,,,,,,,,,,,,,,,,,,,7.00,,,,,,,false,false,12,2019-04-01,2020-03-31,0
2020-01-31,83810,2020-03-31,3,,,,,,,,,,,,,,,,,,,,,,,,,,,,,24.00,,,,,,,false,true,12,2019-04-01,2020-03-31,0
2020-01-31,83810,2020-03-31,3,,,,,,,,,,,,,,,,,,,,,,,,,,,,,,,,,156977472,896818,156056558,false,false,9,2019-04-01,2019-12-31,0
2020-01-31,83810,2019-03-31,3,,,,,,,,,,,,,,,,,,,,,,,,,,,,,,,,,,,156130807,false,false,9,2018-04-01,2018-12-31,-1
2020-05-13,83810,2020-03-31,,,,,,,,,,16256000000,-0.157,,10467000000,,67.07,66.91,0.028,0.002,,,5691460000000,361650000000,0.063,2314.51,360045000000,-107251000000,-85927000000,-4072000000,567637000000,,0.298,,,,,,true,false,12,2019-04-01,2020-03-31,0
2020-05-13,83810,2019-03-31,,,,,,,,,,19294000000,-0.028,,13205000000,,84.58,84.35,0.036,0.003,,,5599597000000,372498000000,0.066,2377.12,370879000000,-63349000000,269952000000,-4193000000,764889000000,,0.307,,,,,,true,false,12,2018-04-01,2019-03-31,-1
2020-05-13,83810,2021-03-31,,,,,,,,,,7000000000,-0.251,,4700000000,,30.21,,,,,,,,,,,,,,,,,,,,,,true,true,6,2020-04-01,2020-09-30,1
2020-05-13,83810,2021-03-31,,,,,,,,,,13000000000,-0.200,,8700000000,,55.92,,,,,,,,,,,,,,,,0.286,,,,,,true,true,12,2020-04-01,2021-03-31,1
2020-05-13,83810,2020-03-31,,,,,,,,,,15906000000,-0.174,10478000000,,-0.223,67.15,66.98,,,,,5672201000000,352692000000,0.062,2265.44,352411000000,,,,,20.00,,,,156977472,1417865,156043051,false,false,12,2019-04-01,2020-03-31,0
2020-05-13,83810,2019-03-31,,,,,,,,,,19259000000,-0.000,13495000000,,0.010,86.44,86.21,,,,,5584011000000,363006000000,0.064,2324.78,362713000000,,,,,26.00,,,,156977472,957176,156119227,false,false,12,2018-04-01,2019-03-31,-1
2020-05-13,83810,2021-03-31,,,,,,,,,,6800000000,-0.263,3600000000,,-0.428,23.14,,,,,,,,,,,,,,,,,,,,,,false,true,6,2020-04-01,2020-09-30,1
2020-05-13,83810,2021-03-31,,,,,,,,,,12700000000,-0.201,7500000000,,-0.284,48.21,,,,,,,,,,,,,,,16.00,,,,,,,false,true,12,2020-04-01,2021-03-31,1
2020-07-31,83810,2021-03-31,1,,,,,,,,,3643000000,-0.332,,2450000000,,15.75,15.71,,,,,6555487000000,371050000000,0.056,,369543000000,,,,,,,,,,,,true,false,3,2020-04-01,2020-06-30,0
2020-07-31,83810,2020-03-31,1,,,,,,,,,5457000000,0.208,,3767000000,,24.14,24.08,,,,,,,,,,,,,,,,,,,,,true,false,3,2019-04-01,2019-06-30,-1
2020-07-31,83810,2021-03-31,1,,,,,,,,,7000000000,-0.251,,4700000000,,30.21,,,,,,,,,,,,,,,,,,,,,,true,true,6,2020-04-01,2020-09-30,0
2020-07-31,83810,2021-03-31,1,,,,,,,,,13000000000,-0.200,,8700000000,,55.92,,,,,,,,,,,,,,,,,,,,,,true,true,12,2020-04-01,2021-03-31,0
2020-07-31,83810,2020-03-31,1,,,,,,,,,,,,,,,,,,,,5691460000000,361650000000,0.063,,360045000000,,,,,,,,,,,,true,false,12,2019-04-01,2020-03-31,-1
2020-07-31,83810,2020-03-31,1,,,,,,,,,,,,,,,,,,,,,,,,,,,,,20.00,,,,156977472,1417865,,false,false,12,2019-04-01,2020-03-31,-1
2020-07-31,83810,2021-03-31,1,,,,,,,,,,,,,,,,,,,,,,,,,,,,,16.00,,,,,,,false,true,12,2020-04-01,2021-03-31,0
2020-07-31,83810,2021-03-31,1,,,,,,,,,,,,,,,,,,,,,,,,,,,,,,,,,156977472,1261346,155568087,false,false,3,2020-04-01,2020-06-30,0
2020-07-31,83810,2020-03-31,1,,,,,,,,,,,,,,,,,,,,,,,,,,,,,,,,,,,156020744,false,false,3,2019-04-01,2019-06-30,-1
2020-11-11,83810,2021-03-31,2,,,,,,,,,7954000000,-0.149,,5307000000,,34.08,34.02,,,,,6024952000000,378264000000,0.062,,376784000000,,,,,,,,,,,,true,false,6,2020-04-01,2020-09-30,0
2020-11-11,83810,2020-03-31,2,,,,,,,,,9354000000,-0.031,,6356000000,,40.73,40.63,,,,,,,,,,,,,,,,,,,,,true,false,6,2019-04-01,2019-09-30,-1
2020-11-11,83810,2021-03-31,2,,,,,,,,,13200000000,-0.187,,8700000000,,55.85,,,,,,,,,,,,,,,,,,,,,,true,true,12,2020-04-01,2021-03-31,0
2020-11-11,83810,2021-03-31,2,,,,,,,,,8036000000,-0.129,4376000000,,-0.305,28.11,,,,,,6007854000000,367740000000,0.061,,367569000000,,,,,,,,,156977472,1142461,155688700,false,false,6,2020-04-01,2020-09-30,0
2020-11-11,83810,2020-03-31,2,,,,,,,,,9229000000,0.006,6303000000,,0.001,40.39,,,,,,,,,,,,,,,,,,,,,156044351,false,false,6,2019-04-01,2019-09-30,-1
2020-11-11,83810,2021-03-31,2,,,,,,,,,12800000000,-0.195,7500000000,,-0.284,48.15,,,,,,,,,,,,,,,16.00,,,,,,,false,true,12,2020-04-01,2021-03-31,0
2020-11-11,83810,2020-03-31,2,,,,,,,,,,,,,,,,,,,,5691460000000,361650000000,0.063,,360045000000,,,,,,,,,,,,true,false,12,2019-04-01,2020-03-31,-1
2020-11-11,83810,2020-03-31,2,,,,,,,,,,,,,,,,,,,,5672201000000,352692000000,0.062,,352411000000,,,,,20.00,,,,156977472,1417865,,false,false,12,2019-04-01,2020-03-31,-1
2020-11-11,83810,2021-03-31,2,,,,,,,,,,,,,,,,,,,,,,,,,,,,,7.00,,,,,,,false,false,12,2020-04-01,2021-03-31,0
2021-01-29,83810,2021-03-31,3,,,,,,,,,10721000000,-0.188,,7216000000,,46.33,46.25,,,,,6281264000000,384241000000,0.060,,382748000000,,,,,,,,,,,,true,false,9,2020-04-01,2020-12-31,0
2021-01-29,83810,2020-03-31,3,,,,,,,,,13213000000,-0.017,,8692000000,,55.70,55.56,,,,,,,,,,,,,,,,,,,,,true,false,9,2019-04-01,2019-12-31,-1
2021-01-29,83810,2021-03-31,3,,,,,,,,,13200000000,-0.187,,8700000000,,55.85,,,,,,,,,,,,,,,,,,,,,,true,true,12,2020-04-01,2021-03-31,0
2021-01-29,83810,2020-03-31,3,,,,,,,,,,,,,,,,,,,,5691460000000,361650000000,0.063,,360045000000,,,,,,,,,,,,true,false,12,2019-04-01,2020-03-31,-1
2021-01-29,83810,2020-03-31,3,,,,,,,,,,,,,,,,,,,,,,,,,,,,,20.00,,,,156977472,1417865,,false,false,12,2019-04-01,2020-03-31,-1
2021-01-29,83810,2021-03-31,3,,,,,,,,,,,,,,,,,,,,,,,,,,,,,7.00,,,,,,,false,false,12,2020-04-01,2021-03-31,0
2021-01-29,83810,2021-03-31,3,,,,,,,,,,,,,,,,,,,,,,,,,,,,,16.00,,,,,,,false,true,12,2020-04-01,2021-03-31,0
2021-01-29,83810,2021-03-31,3,,,,,,,,,,,,,,,,,,,,,,,,,,,,,,,,,156977472,1142643,155737618,false,false,9,2020-04-01,2020-12-31,0
2021-01-29,83810,2020-03-31,3,,,,,,,,,,,,,,,,,,,,,,,,,,,,,,,,,,,156056558,false,false,9,2019-04-01,2019-12-31,-1
2021-05-13,83810,2021-03-31,,,,,,,,,,14439000000,-0.111,,9679000000,,62.14,62.03,0.026,0.002,,,6370285000000,379852000000,0.059,2433.02,379149000000,439075000000,-133006000000,-3236000000,870471000000,,0.289,,,,,,true,false,12,2020-04-01,2021-03-31,0
2021-05-13,83810,2020-03-31,,,,,,,,,,16256000000,-0.157,,10467000000,,67.07,66.91,0.028,0.002,,,5691460000000,361650000000,0.063,2314.51,360045000000,-107251000000,-85927000000,-4072000000,567637000000,,0.298,,,,,,true,false,12,2019-04-01,2020-03-31,-1
2021-05-13,83810,2022-03-31,,,,,,,,,,8300000000,0.043,,6000000000,,38.50,,,,,,,,,,,,,,,,,,,,,,true,true,6,2021-04-01,2021-09-30,1
2021-05-13,83810,2022-03-31,,,,,,,,,,16500000000,0.142,,11600000000,,74.43,,,,,,,,,,,,,,,,0.349,,,,,,true,true,12,2021-04-01,2022-03-31,1
2021-05-13,83810,2021-03-31,,,,,,,,,,13891000000,-0.126,8325000000,,-0.205,53.45,53.35,,,,,6356422000000,367242000000,0.057,2355.52,367072000000,,,,,18.00,,,,156977472,1142966,155761537,false,false,12,2020-04-01,2021-03-31,0
2021-05-13,83810,2020-03-31,,,,,,,,,,15906000000,-0.174,10478000000,,-0.223,67.15,66.98,,,,,5672201000000,352692000000,0.062,2265.44,352411000000,,,,,20.00,,,,156977472,1417865,156043051,false,false,12,2019-04-01,2020-03-31,-1
2021-05-13,83810,2022-03-31,,,,,,,,,,8200000000,0.020,6000000000,,0.371,38.50,,,,,,,,,,,,,,,,,,,,,,false,true,6,2021-04-01,2021-09-30,1
2021-05-13,83810,2022-03-31,,,,,,,,,,16100000000,0.159,11400000000,,0.369,73.15,,,,,,,,,,,,,,,26.00,,,,,,,false,true,12,2021-04-01,2022-03-31,1
2021-07-30,83810,2022-03-31,1,,,,,,,,,4643000000,0.274,,3443000000,,22.09,22.06,,,,,6668423000000,385198000000,0.057,,384543000000,,,,,,,,,,,,true,false,3,2021-04-01,2021-06-30,0
2021-07-30,83810,2021-03-31,1,,,,,,,,,3643000000,-0.332,,2450000000,,15.75,15.71,,,,,,,,,,,,,,,,,,,,,true,false,3,2020-04-01,2020-06-30,-1
2021-07-30,83810,2022-03-31,1,,,,,,,,,8300000000,0.043,,6000000000,,38.50,,,,,,,,,,,,,,,,,,,,,,true,true,6,2021-04-01,2021-09-30,0
2021-07-30,83810,2022-03-31,1,,,,,,,,,16500000000,0.142,,11600000000,,74.43,,,,,,,,,,,,,,,,,,,,,,true,true,12,2021-04-01,2022-03-31,0
2021-07-30,83810,2021-03-31,1,,,,,,,,,,,,,,,,,,,,6370285000000,379852000000,0.059,,379149000000,,,,,,,,,,,,true,false,12,2020-04-01,2021-03-31,-1
2021-07-30,83810,2021-03-31,1,,,,,,,,,,,,,,,,,,,,,,,,,,,,,18.00,,,,156977472,1142966,,false,false,12,2020-04-01,2021-03-31,-1
2021-07-30,83810,2022-03-31,1,,,,,,,,,,,,,,,,,,,,,,,,,,,,,26.00,,,,,,,false,true,12,2021-04-01,2022-03-31,0
2021-07-30,83810,2022-03-31,1,,,,,,,,,,,,,,,,,,,,,,,,,,,,,,,,,156977472,1082703,155839712,false,false,3,2021-04-01,2021-06-30,0
2021-07-30,83810,2021-03-31,1,,,,,,,,,,,,,,,,,,,,,,,,,,,,,,,,,,,155568087,false,false,3,2020-04-01,2020-06-30,-1
2021-10-22,83810,2022-03-31,,,,,,,,,,11700000000,0.409,,8300000000,,53.20,,,,,,,,,,,,,,,,,,,,,,true,true,6,2021-04-01,2021-09-30,0
2021-10-22,83810,2021-03-31,,,,,,,,,,7954000000,,,5307000000,,34.08,,,,,,,,,,,,,,,,,,,,,,true,false,6,2020-04-01,2020-09-30,-1
2021-10-22,83810,2022-03-31,,,,,,,,,,11600000000,0.414,8300000000,,0.383,53.20,,,,,,,,,,,,,,,,,,,,,,false,true,6,2021-04-01,2021-09-30,0
2021-10-22,83810,2021-03-31,,,,,,,,,,8036000000,,4376000000,,,28.11,,,,,,,,,,,,,,,,,,,,,,false,false,6,2020-04-01,2020-09-30,-1
2021-11-11,83810,2022-03-31,2,,,,,,,,,11789000000,0.482,,8353000000,,53.58,53.51,,,,,6811178000000,389218000000,0.057,,388581000000,,,,,,,,,,,,true,false,6,2021-04-01,2021-09-30,0
2021-11-11,83810,2021-03-31,2,,,,,,,,,7954000000,-0.149,,5307000000,,34.08,34.02,,,,,,,,,,,,,,,,,,,,,true,false,6,2020-04-01,2020-09-30,-1
2021-11-11,83810,2022-03-31,2,,,,,,,,,20600000000,0.426,,14300000000,,91.69,,,,,,,,,,,,,,,,,,,,,,true,true,12,2021-04-01,2022-03-31,0
2021-11-11,83810,2022-03-31,2,,,,,,,,,11679000000,0.453,8326000000,,0.902,53.40,,,,,,6796838000000,376117000000,0.055,,375994000000,,,,,,,,,156977472,988778,155904428,false,false,6,2021-04-01,2021-09-30,0
2021-11-11,83810,2021-03-31,2,,,,,,,,,8036000000,-0.129,4376000000,,-0.305,28.11,,,,,,,,,,,,,,,,,,,,,155688700,false,false,6,2020-04-01,2020-09-30,-1
2021-11-11,83810,2022-03-31,2,,,,,,,,,20000000000,0.439,14000000000,,0.681,89.77,,,,,,,,,,,,,,,32.00,,,,,,,false,true,12,2021-04-01,2022-03-31,0
2021-11-11,83810,2021-03-31,2,,,,,,,,,,,,,,,,,,,,6370285000000,379852000000,0.059,,379149000000,,,,,,,,,,,,true,false,12,2020-04-01,2021-03-31,-1
2021-11-11,83810,2021-03-31,2,,,,,,,,,,,,,,,,,,,,6356422000000,367242000000,0.057,,367072000000,,,,,18.00,,,,156977472,1142966,,false,false,12,2020-04-01,2021-03-31,-1
2021-11-11,83810,2022-03-31,2,,,,,,,,,,,,,,,,,,,,,,,,,,,,,11.00,,,,,,,false,false,12,2021-04-01,2022-03-31,0
2022-01-31,83810,2022-03-31,3,,,,,,,,,17438000000,0.626,,12164000000,,78.01,77.91,,,,,7002553000000,386990000000,0.055,,386361000000,,,,,,,,,,,,true,false,9,2021-04-01,2021-12-31,0
2022-01-31,83810,2021-03-31,3,,,,,,,,,10721000000,-0.188,,7216000000,,46.33,46.25,,,,,,,,,,,,,,,,,,,,,true,false,9,2020-04-01,2020-12-31,-1
2022-01-31,83810,2022-03-31,3,,,,,,,,,20600000000,0.426,,14300000000,,91.69,,,,,,,,,,,,,,,,,,,,,,true,true,12,2021-04-01,2022-03-31,0
2022-01-31,83810,2021-03-31,3,,,,,,,,,,,,,,,,,,,,6370285000000,379852000000,0.059,,379149000000,,,,,,,,,,,,true,false,12,2020-04-01,2021-03-31,-1
2022-01-31,83810,2021-03-31,3,,,,,,,,,,,,,,,,,,,,,,,,,,,,,18.00,,,,156977472,1142966,,false,false,12,2020-04-01,2021-03-31,-1
2022-01-31,83810,2022-03-31,3,,,,,,,,,,,,,,,,,,,,,,,,,,,,,11.00,,,,,,,false,false,12,2021-04-01,2022-03-31,0
2022-01-31,83810,2022-03-31,3,,,,,,,,,,,,,,,,,,,,,,,,,,,,,32.00,,,,,,,false,true,12,2021-04-01,2022-03-31,0
2022-01-31,83810,2022-03-31,3,,,,,,,,,,,,,,,,,,,,,,,,,,,,,,,,,156977472,989112,155932572,false,false,9,2021-04-01,2021-12-31,0
2022-01-31,83810,2021-03-31,3,,,,,,,,,,,,,,,,,,,,,,,,,,,,,,,,,,,155737618,false,false,9,2020-04-01,2020-12-31,-1
2022-05-12,83810,2022-03-31,,,,,,,,,,20791000000,0.439,,14485000000,,92.88,92.77,0.039,0.003,,,6775158000000,353191000000,0.052,2260.27,352576000000,76199000000,-169720000000,-3451000000,773499000000,,0.344,,,,,,true,false,12,2021-04-01,2022-03-31,0
2022-05-12,83810,2021-03-31,,,,,,,,,,14439000000,-0.111,,9679000000,,62.14,62.03,0.026,0.002,,,6370285000000,379852000000,0.059,2433.02,379149000000,439075000000,-133006000000,-3236000000,870471000000,,0.289,,,,,,true,false,12,2020-04-01,2021-03-31,-1
2022-05-12,83810,2023-03-31,,,,,,,,,,9900000000,-0.160,,6800000000,,43.59,,,,,,,,,,,,,,,,,,,,,,true,true,6,2022-04-01,2022-09-30,1
2022-05-12,83810,2023-03-31,,,,,,,,,,22100000000,0.062,,15100000000,,96.80,,,,,,,,,,,,,,,,0.351,,,,,,true,true,12,2022-04-01,2023-03-31,1
2022-05-12,83810,2022-03-31,,,,,,,,,,20346000000,0.464,14222000000,,0.708,91.20,91.09,,,,,6752805000000,339723000000,0.050,2177.08,339599000000,,,,,32.00,,,,156977472,989297,155946298,false,false,12,2021-04-01,2022-03-31,0
2022-05-12,83810,2021-03-31,,,,,,,,,,13891000000,-0.126,8325000000,,-0.205,53.45,53.35,,,,,6356422000000,367242000000,0.057,2355.52,367072000000,,,,,18.00,,,,156977472,1142966,155761537,false,false,12,2020-04-01,2021-03-31,-1
2022-05-12,83810,2023-03-31,,,,,,,,,,9800000000,-0.160,6700000000,,-0.195,42.95,,,,,,,,,,,,,,,,,,,,,,false,true,6,2022-04-01,2022-09-30,1
2022-05-12,83810,2023-03-31,,,,,,,,,,21300000000,0.046,14700000000,,0.033,94.23,,,,,,,,,,,,,,,34.00,,,,,,,false,true,12,2022-04-01,2023-03-31,1
2022-07-29,83810,2023-03-31,1,,,,,,,,,7114000000,0.532,,4950000000,,31.73,31.69,,,,,6518305000000,324498000000,0.049,,323908000000,,,,,,,,,,,,true,false,3,2022-04-01,2022-06-30,0
2022-07-29,83810,2022-03-31,1,,,,,,,,,4643000000,0.274,,3443000000,,22.09,22.06,,,,,,,,,,,,,,,,,,,,,true,false,3,2021-04-01,2021-06-30,-1
2022-07-29,83810,2023-03-31,1,,,,,,,,,9900000000,-0.160,,6800000000,,43.59,,,,,,,,,,,,,,,,,,,,,,true,true,6,2022-04-01,2022-09-30,0
2022-07-29,83810,2023-03-31,1,,,,,,,,,22100000000,0.062,,15100000000,,96.80,,,,,,,,,,,,,,,,,,,,,,true,true,12,2022-04-01,2023-03-31,0
2022-07-29,83810,2022-03-31,1,,,,,,,,,,,,,,,,,,,,6775158000000,353191000000,0.052,,352576000000,,,,,,,,,,,,true,false,12,2021-04-01,2022-03-31,-1
2022-07-29,83810,2022-03-31,1,,,,,,,,,,,,,,,,,,,,,,,,,,,,,32.00,,,,156977472,989297,,false,false,12,2021-04-01,2022-03-31,-1
2022-07-29,83810,2023-03-31,1,,,,,,,,,,,,,,,,,,,,,,,,,,,,,34.00,,,,,,,false,true,12,2022-04-01,2023-03-31,0
2022-07-29,83810,2023-03-31,1,,,,,,,,,,,,,,,,,,,,,,,,,,,,,,,,,156977472,969471,155989801,false,false,3,2022-04-01,2022-06-30,0
2022-07-29,83810,2022-03-31,1,,,,,,,,,,,,,,,,,,,,,,,,,,,,,,,,,,,155839712,false,false,3,2021-04-01,2021-06-30,-1
2022-10-24,83810,2023-03-31,,,,,,,,,,12800000000,0.292,,8890000000,,56.97,,,,,,,,,,,,,,,,,,,,,,true,true,6,2022-04-01,2022-09-30,0
2022-10-24,83810,2022-03-31,,,,,,,,,,11789000000,,,8353000000,,53.58,,,,,,,,,,,,,,,,,,,,,,true,false,6,2021-04-01,2021-09-30,-1
2022-10-24,83810,2023-03-31,,,,,,,,,,12500000000,0.275,8750000000,,0.305,56.07,,,,,,,,,,,,,,,,,,,,,,false,true,6,2022-04-01,2022-09-30,0
2022-10-24,83810,2022-03-31,,,,,,,,,,11679000000,,8326000000,,,53.40,,,,,,,,,,,,,,,,,,,,,,false,false,6,2021-04-01,2021-09-30,-1
2022-11-10,83810,2023-03-31,2,,,,,,,,,12846000000,0.089,,8892000000,,56.99,56.93,,,,,6630345000000,306683000000,0.046,,306112000000,,,,,,,,,,,,true,false,6,2022-04-01,2022-09-30,0
2022-11-10,83810,2022-03-31,2,,,,,,,,,11789000000,0.482,,8353000000,,53.58,53.51,,,,,,,,,,,,,,,,,,,,,true,false,6,2021-04-01,2021-09-30,-1
2022-11-10,83810,2023-03-31,2,,,,,,,,,22100000000,0.062,,15200000000,,97.38,,,,,,,,,,,,,,,,,,,,,,true,true,12,2022-04-01,2023-03-31,0
2022-11-10,83810,2023-03-31,2,,,,,,,,,12592000000,0.078,8748000000,,0.050,56.06,,,,,,6606745000000,292735000000,0.044,,292631000000,,,,,,,,,156977472,837228,156032099,false,false,6,2022-04-01,2022-09-30,0
2022-11-10,83810,2022-03-31,2,,,,,,,,,11679000000,0.453,8326000000,,0.902,53.40,,,,,,,,,,,,,,,,,,,,,155904428,false,false,6,2021-04-01,2021-09-30,-1
2022-11-10,83810,2023-03-31,2,,,,,,,,,21400000000,0.051,14800000000,,0.040,94.81,,,,,,,,,,,,,,,34.00,,,,,,,false,true,12,2022-04-01,2023-03-31,0
2022-11-10,83810,2022-03-31,2,,,,,,,,,,,,,,,,,,,,6775158000000,353191000000,0.052,,352576000000,,,,,,,,,,,,true,false,12,2021-04-01,2022-03-31,-1
2022-11-10,83810,2022-03-31,2,,,,,,,,,,,,,,,,,,,,6752805000000,339723000000,0.050,,339599000000,,,,,32.00,,,,156977472,989297,,false,false,12,2021-04-01,2022-03-31,-1
2022-11-10,83810,2023-03-31,2,,,,,,,,,,,,,,,,,,,,,,,,,,,,,17.00,,,,,,,false,false,12,2022-04-01,2023-03-31,0
2023-01-31,83810,2023-03-31,3,,,,,,,,,19491000000,0.117,,13540000000,,86.79,86.70,,,,,6537903000000,299443000000,0.045,,298877000000,,,,,,,,,,,,true,false,9,2022-04-01,2022-12-31,0
2023-01-31,83810,2022-03-31,3,,,,,,,,,17438000000,0.626,,12164000000,,78.01,77.91,,,,,,,,,,,,,,,,,,,,,true,false,9,2021-04-01,2021-12-31,-1
2023-01-31,83810,2023-03-31,3,,,,,,,,,22100000000,0.062,,15200000000,,97.38,,,,,,,,,,,,,,,,,,,,,,true,true,12,2022-04-01,2023-03-31,0
2023-01-31,83810,2022-03-31,3,,,,,,,,,,,,,,,,,,,,6775158000000,353191000000,0.052,,352576000000,,,,,,,,,,,,true,false,12,2021-04-01,2022-03-31,-1
2023-01-31,83810,2022-03-31,3,,,,,,,,,,,,,,,,,,,,,,,,,,,,,32.00,,,,156977472,989297,,false,false,12,2021-04-01,2022-03-31,-1
2023-01-31,83810,2023-03-31,3,,,,,,,,,,,,,,,,,,,,,,,,,,,,,17.00,,,,,,,false,false,12,2022-04-01,2023-03-31,0
2023-01-31,83810,2023-03-31,3,,,,,,,,,,,,,,,,,,,,,,,,,,,,,34.00,,,,,,,false,true,12,2022-04-01,2023-03-31,0
2023-01-31,83810,2023-03-31,3,,,,,,,,,,,,,,,,,,,,,,,,,,,,,,,,,156977472,1473863,156014671,false,false,9,2022-04-01,2022-12-31,0
2023-01-31,83810,2022-03-31,3,,,,,,,,,,,,,,,,,,,,,,,,,,,,,,,,,,,155932572,false,false,9,2021-04-01,2021-12-31,-1
2023-05-12,83810,2023-03-31,,,,,,,,,,21722000000,0.044,,15463000000,,99.28,99.18,0.046,0.003,,,6877489000000,313208000000,0.045,2023.95,312649000000,-256547000000,309655000000,-6960000000,819646000000,,0.342,,,,,,true,false,12,2022-04-01,2023-03-31,0
2023-05-12,83810,2022-03-31,,,,,,,,,,20791000000,0.439,,14485000000,,92.88,92.77,0.039,0.003,,,6775158000000,353191000000,0.052,2260.27,352576000000,76199000000,-169720000000,-3451000000,773499000000,,0.344,,,,,,true,false,12,2021-04-01,2022-03-31,-1
2023-05-12,83810,2024-03-31,,,,,,,,,,7700000000,-0.400,,5200000000,,33.66,,,,,,,,,,,,,,,,,,,,,,true,true,6,2023-04-01,2023-09-30,1
2023-05-12,83810,2024-03-31,,,,,,,,,,23300000000,0.072,,16000000000,,103.57,,,,,,,,,,,,,,,,0.347,,,,,,true,true,12,2023-04-01,2024-03-31,1
2023-05-12,83810,2023-03-31,,,,,,,,,,21017000000,0.032,14517000000,,0.020,93.20,93.11,,,,,6850754000000,297128000000,0.043,1922.80,297024000000,,,,,34.00,,,,156977472,2502655,155758054,false,false,12,2022-04-01,2023-03-31,0
2023-05-12,83810,2022-03-31,,,,,,,,,,20346000000,0.464,14222000000,,0.708,91.20,91.09,,,,,6752805000000,339723000000,0.050,2177.08,339599000000,,,,,32.00,,,,156977472,989297,155946298,false,false,12,2021-04-01,2022-03-31,-1
2023-05-12,83810,2024-03-31,,,,,,,,,,7400000000,-0.412,5000000000,,-0.428,32.36,,,,,,,,,,,,,,,,,,,,,,false,true,6,2023-04-01,2023-09-30,1
2023-05-12,83810,2024-03-31,,,,,,,,,,22400000000,0.065,15500000000,,0.067,100.33,,,,,,,,,,,,,,,36.00,,,,,,,false,true,12,2023-04-01,2024-03-31,1
2023-07-31,83810,2024-03-31,1,,,,,,,,,3579000000,-0.496,,2311000000,,14.98,14.96,,,,,6768095000000,318867000000,0.047,,318383000000,,,,,,,,,,,,true,false,3,2023-04-01,2023-06-30,0
2023-07-31,83810,2023-03-31,1,,,,,,,,,7114000000,0.532,,4950000000,,31.73,31.69,,,,,,,,,,,,,,,,,,,,,true,false,3,2022-04-01,2022-06-30,-1
2023-07-31,83810,2024-03-31,1,,,,,,,,,7700000000,-0.400,,5200000000,,33.66,,,,,,,,,,,,,,,,,,,,,,true,true,6,2023-04-01,2023-09-30,0
2023-07-31,83810,2024-03-31,1,,,,,,,,,23300000000,0.072,,16000000000,,103.57,,,,,,,,,,,,,,,,,,,,,,true,true,12,2023-04-01,2024-03-31,0
2023-07-31,83810,2023-03-31,1,,,,,,,,,,,,,,,,,,,,6877489000000,313208000000,0.045,,312649000000,,,,,,,,,,,,true,false,12,2022-04-01,2023-03-31,-1
2023-07-31,83810,2023-03-31,1,,,,,,,,,,,,,,,,,,,,,,,,,,,,,34.00,,,,156977472,2502655,,false,false,12,2022-04-01,2023-03-31,-1
2023-07-31,83810,2024-03-31,1,,,,,,,,,,,,,,,,,,,,,,,,,,,,,36.00,,,,,,,false,true,12,2023-04-01,2024-03-31,0
2023-07-31,83810,2024-03-31,1,,,,,,,,,,,,,,,,,,,,,,,,,,,,,,,,,156977472,3077041,154288906,false,false,3,2023-04-01,2023-06-30,0
2023-07-31,83810,2023-03-31,1,,,,,,,,,,,,,,,,,,,,,,,,,,,,,,,,,,,155989801,false,false,3,2022-04-01,2022-06-30,-1
2023-11-10,83810,2024-03-31,2,,,,,,,,,9944000000,-0.225,,6627000000,,43.04,43.02,,,,,6909358000000,305389000000,0.044,,304889000000,,,,,,,,,,,,true,false,6,2023-04-01,2023-09-30,0
2023-11-10,83810,2023-03-31,2,,,,,,,,,12846000000,0.089,,8892000000,,56.99,56.93,,,,,,,,,,,,,,,,,,,,,true,false,6,2022-04-01,2022-09-30,-1
2023-11-10,83810,2024-03-31,2,,,,,,,,,23300000000,0.072,,16000000000,,104.08,,,,,,,,,,,,,,,,,,,,,,true,true,12,2023-04-01,2024-03-31,0
2023-11-10,83810,2024-03-31,2,,,,,,,,,8637000000,-0.314,6238000000,,-0.286,40.51,,,,,,6884192000000,290018000000,0.042,,289988000000,,,,,,,,,156977472,3488778,153966639,false,false,6,2023-04-01,2023-09-30,0
2023-11-10,83810,2023-03-31,2,,,,,,,,,12592000000,0.078,8748000000,,0.050,56.06,,,,,,,,,,,,,,,,,,,,,156032099,false,false,6,2022-04-01,2022-09-30,-1
2023-11-10,83810,2024-03-31,2,,,,,,,,,21600000000,0.027,15300000000,,0.053,99.52,,,,,,,,,,,,,,,36.00,,,,,,,false,true,12,2023-04-01,2024-03-31,0
2023-11-10,83810,2023-03-31,2,,,,,,,,,,,,,,,,,,,,6877489000000,313208000000,0.045,,312649000000,,,,,,,,,,,,true,false,12,2022-04-01,2023-03-31,-1
2023-11-10,83810,2023-03-31,2,,,,,,,,,,,,,,,,,,,,6850754000000,297128000000,0.043,,297024000000,,,,,34.00,,,,156977472,2502655,,false,false,12,2022-04-01,2023-03-31,-1
2023-11-10,83810,2024-03-31,2,,,,,,,,,,,,,,,,,,,,,,,,,,,,,18.00,,,,,,,false,false,12,2023-04-01,2024-03-31,0
2024-01-31,83810,2024-03-31,3,,,,,,,,,15559000000,-0.201,,10420000000,,67.33,67.30,,,,,7035809000000,314407000000,0.044,,313908000000,,,,,,,,,,,,true,false,9,2023-04-01,2023-12-31,0
2024-01-31,83810,2023-03-31,3,,,,,,,,,19491000000,0.117,,13540000000,,86.79,86.70,,,,,,,,,,,,,,,,,,,,,true,false,9,2022-04-01,2022-12-31,-1
2024-01-31,83810,2024-03-31,3,,,,,,,,,23300000000,0.072,,16000000000,,104.08,,,,,,,,,,,,,,,,,,,,,,true,true,12,2023-04-01,2024-03-31,0
2024-01-31,83810,2023-03-31,3,,,,,,,,,,,,,,,,,,,,6877489000000,313208000000,0.045,,312649000000,,,,,,,,,,,,true,false,12,2022-04-01,2023-03-31,-1
2024-01-31,83810,2023-03-31,3,,,,,,,,,,,,,,,,,,,,,,,,,,,,,34.00,,,,156977472,2502655,,false,false,12,2022-04-01,2023-03-31,-1
2024-01-31,83810,2024-03-31,3,,,,,,,,,,,,,,,,,,,,,,,,,,,,,18.00,,,,,,,false,false,12,2023-04-01,2024-03-31,0
2024-01-31,83810,2024-03-31,3,,,,,,,,,,,,,,,,,,,,,,,,,,,,,36.00,,,,,,,false,true,12,2023-04-01,2024-03-31,0
2024-01-31,83810,2024-03-31,3,,,,,,,,,,,,,,,,,,,,,,,,,,,,,,,,,156977472,3489189,154751283,false,false,9,2023-04-01,2023-12-31,0
2024-01-31,83810,2023-03-31,3,,,,,,,,,,,,,,,,,,,,,,,,,,,,,,,,,,,156014671,false,false,9,2022-04-01,2022-12-31,-1
,83810,2024-03-31,,,,,,,,,,,,,,,,,,,,,,,,,,,,,,39.00,,,,,,,false,true,12,2023-04-01,2024-03-31,0
,83810,2024-03-31,,,,,,,,,,,,,,,,,,,,,,,,,,,,,,18.00,,,,,,,false,false,12,2023-04-01,2024-03-31,0
,83810,2023-03-31,,,,,,,,,,,,,,,,,,,,,,,,,,,,,,34.00,,,,,,,false,false,12,2022-04-01,2023-03-31,-1
2024-05-13,83810,2024-03-31,,,,,,,,,,24727000000,0.138,,16800000000,,109.28,109.24,0.052,0.003,,,7360564000000,325089000000,0.044,2114.72,324584000000,63473000000,8302000000,-6425000000,884996000000,,0.356,,,,,,true,false,12,2023-04-01,2024-03-31,0
2024-05-13,83810,2023-03-31,,,,,,,,,,21722000000,0.044,,15463000000,,99.28,99.18,0.046,0.003,,,6877489000000,313208000000,0.045,2023.95,312649000000,-256547000000,309655000000,-6960000000,819646000000,,0.342,,,,,,true,false,12,2022-04-01,2023-03-31,-1
2024-05-13,83810,2025-03-31,,,,,,,,,,11300000000,0.136,,7800000000,,50.81,,,,,,,,,,,,,,,,,,,,,,true,true,6,2024-04-01,2024-09-30,1
2024-05-13,83810,2025-03-31,,,,,,,,,,26400000000,0.067,,18200000000,,118.57,,,,,,,,,,,,,,,,0.404,,,,,,true,true,12,2024-04-01,2025-03-31,1
2024-05-13,83810,2024-03-31,,,,,,,,,,22955000000,0.092,15975000000,,0.100,103.92,103.87,,,,,7333169000000,307125000000,0.041,2000.77,307095000000,,,,,39.00,,,,156977472,3489463,153727489,false,false,12,2023-04-01,2024-03-31,0
2024-05-13,83810,2023-03-31,,,,,,,,,,21017000000,0.032,14517000000,,0.020,93.20,93.11,,,,,6850754000000,297128000000,0.043,1922.80,297024000000,,,,,34.00,,,,156977472,2502655,155758054,false,false,12,2022-04-01,2023-03-31,-1
2024-05-13,83810,2025-03-31,,,,,,,,,,11000000000,0.273,7600000000,,0.218,49.51,,,,,,,,,,,,,,,,,,,,,,false,true,6,2024-04-01,2024-09-30,1
2024-05-13,83810,2025-03-31,,,,,,,,,,25700000000,0.119,17800000000,,0.114,115.96,,,,,,,,,,,,,,,48.00,,,,,,,false,true,12,2024-04-01,2025-03-31,1
2024-07-31,83810,2025-03-31,1,,,,,,,,,6573000000,0.836,,4666000000,,30.43,30.43,,,,,7895156000000,315927000000,0.039,,315420000000,,,,,,,,,,,,true,false,3,2024-04-01,2024-06-30,0
2024-07-31,83810,2024-03-31,1,,,,,,,,,3579000000,-0.496,,2311000000,,14.98,14.96,,,,,,,,,,,,,,,,,,,,,true,false,3,2023-04-01,2023-06-30,-1
2024-07-31,83810,2025-03-31,1,,,,,,,,,11300000000,0.136,,7800000000,,50.81,,,,,,,,,,,,,,,,,,,,,,true,true,6,2024-04-01,2024-09-30,0
2024-07-31,83810,2025-03-31,1,,,,,,,,,26400000000,0.067,,18200000000,,118.57,,,,,,,,,,,,,,,,,,,,,,true,true,12,2024-04-01,2025-03-31,0
2024-07-31,83810,2024-03-31,1,,,,,,,,,,,,,,,,,,,,7360564000000,325089000000,0.044,,324584000000,,,,,,,,,,,,true,false,12,2023-04-01,2024-03-31,-1
2024-07-31,83810,2024-03-31,1,,,,,,,,,,,,,,,,,,,,,,,,,,,,,39.00,,,,156977472,3489463,,false,false,12,2023-04-01,2024-03-31,-1
2024-07-31,83810,2025-03-31,1,,,,,,,,,,,,,,,,,,,,,,,,,,,,,48.00,,,,,,,false,true,12,2024-04-01,2025-03-31,0
2024-07-31,83810,2025-03-31,1,,,,,,,,,,,,,,,,,,,,,,,,,,,,,,,,,156977472,4245554,153285882,false,false,3,2024-04-01,2024-06-30,0
2024-07-31,83810,2024-03-31,1,,,,,,,,,,,,,,,,,,,,,,,,,,,,,,,,,,,154288906,false,false,3,2023-04-01,2023-06-30,-1
2024-11-11,83810,2025-03-31,2,,,,,,,,,12070000000,0.213,,8356000000,,54.69,54.67,,,,,7549675000000,323498000000,0.042,,323007000000,,,,,,,,,,,,true,false,6,2024-04-01,2024-09-30,0
2024-11-11,83810,2024-03-31,2,,,,,,,,,9944000000,-0.225,,6627000000,,43.04,43.02,,,,,,,,,,,,,,,,,,,,,true,false,6,2023-04-01,2023-09-30,-1
2024-11-11,83810,2025-03-31,2,,,,,,,,,26400000000,0.067,,18200000000,,119.36,,,,,,,,,,,,,,,,,,,,,,true,true,12,2024-04-01,2025-03-31,0
2024-11-11,83810,2025-03-31,2,,,,,,,,,12053000000,0.395,8368000000,,0.341,54.77,,,,,,7522858000000,305452000000,0.040,,305422000000,,,,,,,,,156977472,4836517,152794176,false,false,6,2024-04-01,2024-09-30,0
2024-11-11,83810,2024-03-31,2,,,,,,,,,8637000000,-0.314,6238000000,,-0.286,40.51,,,,,,,,,,,,,,,,,,,,,153966639,false,false,6,2023-04-01,2023-09-30,-1
2024-11-11,83810,2025-03-31,2,,,,,,,,,25500000000,0.110,17600000000,,0.101,115.43,,,,,,,,,,,,,,,48.00,,,,,,,false,true,12,2024-04-01,2025-03-31,0
2024-11-11,83810,2024-03-31,2,,,,,,,,,,,,,,,,,,,,7360564000000,325089000000,0.044,,324584000000,,,,,,,,,,,,true,false,12,2023-04-01,2024-03-31,-1
2024-11-11,83810,2024-03-31,2,,,,,,,,,,,,,,,,,,,,7333169000000,307125000000,0.041,,307095000000,,,,,39.00,,,,156977472,3489463,,false,false,12,2023-04-01,2024-03-31,-1
2024-11-11,83810,2025-03-31,2,,,,,,,,,,,,,,,,,,,,,,,,,,,,,24.00,,,,,,,false,false,12,2024-04-01,2025-03-31,0
2025-01-31,83810,2025-03-31,3,,,,,,,,,19392000000,0.246,,13147000000,,86.17,86.15,,,,,8081943000000,317499000000,0.039,,317000000000,,,,,,,,,,,,true,false,9,2024-04-01,2024-12-31,0
2025-01-31,83810,2024-03-31,3,,,,,,,,,15559000000,-0.201,,10420000000,,67.33,67.30,,,,,,,,,,,,,,,,,,,,,true,false,9,2023-04-01,2023-12-31,-1
2025-01-31,83810,2025-03-31,3,,,,,,,,,26400000000,0.067,,18200000000,,119.36,,,,,,,,,,,,,,,,,,,,,,true,true,12,2024-04-01,2025-03-31,0
2025-01-31,83810,2024-03-31,3,,,,,,,,,,,,,,,,,,,,7360564000000,325089000000,0.044,,324584000000,,,,,,,,,,,,true,false,12,2023-04-01,2024-03-31,-1
2025-01-31,83810,2024-03-31,3,,,,,,,,,,,,,,,,,,,,,,,,,,,,,39.00,,,,156977472,3489463,,false,false,12,2023-04-01,2024-03-31,-1
2025-01-31,83810,2025-03-31,3,,,,,,,,,,,,,,,,,,,,,,,,,,,,,24.00,,,,,,,false,false,12,2024-04-01,2025-03-31,0
2025-01-31,83810,2025-03-31,3,,,,,,,,,,,,,,,,,,,,,,,,,,,,,48.00,,,,,,,false,true,12,2024-04-01,2025-03-31,0
2025-01-31,83810,2025-03-31,3,,,,,,,,,,,,,,,,,,,,,,,,,,,,,,,,,156977472,4837065,152575536,false,false,9,2024-04-01,2024-12-31,0
2025-01-31,83810,2024-03-31,3,,,,,,,,,,,,,,,,,,,,,,,,,,,,,,,,,,,154751283,false,false,9,2023-04-01,2023-12-31,-1
2025-05-13,83810,2025-03-31,,,,,,,,,,26716000000,0.080,,18737000000,,122.89,122.86,0.058,0.003,,,8549438000000,312568000000,0.036,2053.29,312387000000,872171000000,-528145000000,-8995000000,1220027000000,,0.390,,,,,,true,false,12,2024-04-01,2025-03-31,0
2025-05-13,83810,2024-03-31,,,,,,,,,,24727000000,0.138,,16800000000,,109.28,109.24,0.052,0.003,,,7360564000000,325089000000,0.044,2114.72,324584000000,63473000000,8302000000,-6425000000,884996000000,,0.356,,,,,,true,false,12,2023-04-01,2024-03-31,-1
2025-05-13,83810,2026-03-31,,,,,,,,,,15100000000,0.251,,10400000000,,68.35,,,,,,,,,,,,,,,,,,,,,,true,true,6,2025-04-01,2025-09-30,1
2025-05-13,83810,2026-03-31,,,,,,,,,,30400000000,0.137,,21000000000,,138.03,,,,,,,,,,,,,,,,0.405,,,,,,true,true,12,2025-04-01,2026-03-31,1
2025-05-13,83810,2025-03-31,,,,,,,,,,25990000000,0.132,18224000000,,0.140,119.53,119.49,,,,,8521764000000,293028000000,0.034,1925.84,292997000000,,,,,48.00,,,,156977472,4837415,152468211,false,false,12,2024-04-01,2025-03-31,0
2025-05-13,83810,2024-03-31,,,,,,,,,,22955000000,0.092,15975000000,,0.100,103.92,103.87,,,,,7333169000000,307125000000,0.041,2000.77,307095000000,,,,,39.00,,,,156977472,3489463,153727489,false,false,12,2023-04-01,2024-03-31,-1
2025-05-13,83810,2026-03-31,,,,,,,,,,14800000000,0.227,10200000000,,0.218,67.04,,,,,,,,,,,,,,,,,,,,,,false,true,6,2025-04-01,2025-09-30,1
2025-05-13,83810,2026-03-31,,,,,,,,,,29400000000,0.131,20400000000,,0.119,134.08,,,,,,,,,,,,,,,56.00,,,,,,,false,true,12,2025-04-01,2026-03-31,1
