filing_date,code,fiscal_year_end,quarterly_period,net_sales,net_sales_change,revenue,revenue_change,operating_revenue,operating_revenue_change,operating_profit,operating_profit_change,ordinary_profit,ordinary_profit_change,net_income,net_income_of_parent,net_income_change,eps,diluted_eps,roe,roa,operating_profit_to_net_sales,operating_profit_to_revenue,total_assets,net_assets,equity_ratio,bps,owner_equity,operating_cash_flow,investing_cash_flow,financing_cash_flow,cash,dividend_per_share,payout_ratio,commemorative_dividend,extra_dividend,number_of_shares,number_of_treqsury_shares,avg_number_of_shares,is_consolidated,is_forecast,duration,period_start,period_end,period_pos
2015-05-14,83830,2015-03-31,,,,,,,,,,3367000000,0.230,2137000000,,0.348,22.69,,0.045,0.003,,,974969000000,50687000000,0.051,540.20,50602000000,-21145000000,15610000000,-708000000,54883000000,,0.264,,,,,,true,false,12,2014-04-01,2015-03-31,0
2015-05-14,83830,2014-03-31,,,,,,,,,,2736000000,0.398,1584000000,,0.595,16.79,,0.036,0.002,,,962723000000,44005000000,0.045,465.78,43918000000,362000000,-6797000000,-487000000,61125000000,,0.327,,,,,,true,false,12,2013-04-01,2014-03-31,-1
2015-05-14,83830,2016-03-31,,,,,,,,,,1400000000,-0.426,,1000000000,,10.61,,,,,,,,,,,,,,,,,,,,,,true,true,6,2015-04-01,2015-09-30,1
2015-05-14,83830,2016-03-31,,,,,,,,,,2700000000,-0.198,,1800000000,,19.11,,,,,,,,,,,,,,,,0.313,,,,,,true,true,12,2015-04-01,2016-03-31,1
2015-05-14,83830,2015-03-31,,,,,,,,,,3329000000,0.246,2185000000,,0.422,23.20,,,,,,971586000000,48080000000,0.049,513.26,48080000000,,,,,6.00,,,,96199386,2526361,94173178,false,false,12,2014-04-01,2015-03-31,0
2015-05-14,83830,2014-03-31,,,,,,,,,,2670000000,0.398,1536000000,,0.587,16.28,,,,,,960462000000,42352000000,0.044,449.16,42352000000,,,,,5.50,,,,96199386,1911046,94368472,false,false,12,2013-04-01,2014-03-31,-1
2015-05-14,83830,2016-03-31,,,,,,,,,,1400000000,-0.425,1000000000,,-0.472,10.61,,,,,,,,,,,,,,,,,,,,,,false,true,6,2015-04-01,2015-09-30,1
2015-05-14,83830,2016-03-31,,,,,,,,,,2700000000,-0.188,1800000000,,-0.176,19.11,,,,,,,,,,,,,,,6.00,,,,,,,false,true,12,2015-04-01,2016-03-31,1
2015-07-30,83830,2016-03-31,1,,,,,,,,,943000000,-0.255,,628000000,,6.71,,,,,,989328000000,50970000000,0.051,,50887000000,,,,,,,,,,,,true,false,3,2015-04-01,2015-06-30,0
2015-07-30,83830,2015-03-31,1,,,,,,,,,1266000000,0.131,,1090000000,,11.56,,,,,,,,,,,,,,,,,,,,,,true,false,3,2014-04-01,2014-06-30,-1
2015-07-30,83830,2016-03-31,1,,,,,,,,,1400000000,-0.426,,1000000000,,10.61,,,,,,,,,,,,,,,,,,,,,,true,true,6,2015-04-01,2015-09-30,0
2015-07-30,83830,2016-03-31,1,,,,,,,,,2700000000,-0.198,,1800000000,,19.11,,,,,,,,,,,,,,,,,,,,,,true,true,12,2015-04-01,2016-03-31,0
2015-07-30,83830,2015-03-31,1,,,,,,,,,,,,,,,,,,,,974969000000,50687000000,0.051,,50602000000,,,,,,,,,,,,true,false,12,2014-04-01,2015-03-31,-1
2015-07-30,83830,2015-03-31,1,,,,,,,,,,,,,,,,,,,,,,,,,,,,,6.00,,,,96199386,2526361,,false,false,12,2014-04-01,2015-03-31,-1
2015-07-30,83830,2016-03-31,1,,,,,,,,,,,,,,,,,,,,,,,,,,,,,6.00,,,,,,,false,true,12,2015-04-01,2016-03-31,0
2015-07-30,83830,2016-03-31,1,,,,,,,,,,,,,,,,,,,,,,,,,,,,,,,,,96199386,2527911,93672329,false,false,3,2015-04-01,2015-06-30,0
2015-07-30,83830,2015-03-31,1,,,,,,,,,,,,,,,,,,,,,,,,,,,,,,,,,,,94275007,false,false,3,2014-04-01,2014-06-30,-1
2015-10-30,83830,2016-03-31,,,,,,,,,,2150000000,0.535,,1400000000,,14.94,,,,,,,,,,,,,,,,,,,,,,true,true,6,2015-04-01,2015-09-30,0
2015-10-30,83830,2015-03-31,,,,,,,,,,2441000000,,,1833000000,,19.44,,,,,,,,,,,,,,,,,,,,,,true,false,6,2014-04-01,2014-09-30,-1
2015-10-30,83830,2016-03-31,,,,,,,,,,2150000000,0.535,1500000000,,0.500,16.01,,,,,,,,,,,,,,,,,,,,,,false,true,6,2015-04-01,2015-09-30,0
2015-10-30,83830,2015-03-31,,,,,,,,,,2439000000,,1895000000,,,20.11,,,,,,,,,,,,,,,,,,,,,,false,false,6,2014-04-01,2014-09-30,-1
2015-11-13,83830,2016-03-31,2,,,,,,,,,2174000000,-0.109,,1418000000,,15.14,,,,,,979871000000,50390000000,0.051,,50309000000,,,,,,,,,,,,true,false,6,2015-04-01,2015-09-30,0
2015-11-13,83830,2015-03-31,2,,,,,,,,,2441000000,1.339,,1833000000,,19.44,,,,,,,,,,,,,,,,,,,,,,true,false,6,2014-04-01,2014-09-30,-1
2015-11-13,83830,2016-03-31,2,,,,,,,,,3000000000,-0.108,,2000000000,,21.23,,,,,,,,,,,,,,,,,,,,,,true,true,12,2015-04-01,2016-03-31,0
2015-11-13,83830,2016-03-31,2,,,,,,,,,2180000000,-0.106,1527000000,,-0.194,16.30,,,,,,976878000000,47986000000,0.049,,47986000000,,,,,,,,,96199386,2531371,93671167,false,false,6,2015-04-01,2015-09-30,0
2015-11-13,83830,2015-03-31,2,,,,,,,,,2439000000,1.402,1895000000,,2.025,20.11,,,,,,,,,,,,,,,,,,,,,94270906,false,false,6,2014-04-01,2014-09-30,-1
2015-11-13,83830,2016-03-31,2,,,,,,,,,3000000000,-0.098,2000000000,,-0.084,21.23,,,,,,,,,,,,,,,6.00,,,,,,,false,true,12,2015-04-01,2016-03-31,0
2015-11-13,83830,2015-03-31,2,,,,,,,,,,,,,,,,,,,,974969000000,50687000000,0.051,,50602000000,,,,,,,,,,,,true,false,12,2014-04-01,2015-03-31,-1
2015-11-13,83830,2015-03-31,2,,,,,,,,,,,,,,,,,,,,971586000000,48080000000,0.049,,48080000000,,,,,6.00,,,,96199386,2526361,,false,false,12,2014-04-01,2015-03-31,-1
2015-11-13,83830,2016-03-31,2,,,,,,,,,,,,,,,,,,,,,,,,,,,,,3.00,,,,,,,false,false,12,2015-04-01,2016-03-31,0
2016-01-29,83830,2016-03-31,3,,,,,,,,,2756000000,-0.295,,1811000000,,19.34,,,,,,958642000000,51026000000,0.053,,50943000000,,,,,,,,,,,,true,false,9,2015-04-01,2015-12-31,0
2016-01-29,83830,2015-03-31,3,,,,,,,,,3911000000,0.852,,2816000000,,29.87,,,,,,,,,,,,,,,,,,,,,,true,false,9,2014-04-01,2014-12-31,-1
2016-01-29,83830,2016-03-31,3,,,,,,,,,3000000000,-0.108,,2000000000,,21.23,,,,,,,,,,,,,,,,,,,,,,true,true,12,2015-04-01,2016-03-31,0
2016-01-29,83830,2015-03-31,3,,,,,,,,,,,,,,,,,,,,974969000000,50687000000,0.051,,50602000000,,,,,,,,,,,,true,false,12,2014-04-01,2015-03-31,-1
2016-01-29,83830,2015-03-31,3,,,,,,,,,,,,,,,,,,,,,,,,,,,,,6.00,,,,96199386,2526361,,false,false,12,2014-04-01,2015-03-31,-1
2016-01-29,83830,2016-03-31,3,,,,,,,,,,,,,,,,,,,,,,,,,,,,,3.00,,,,,,,false,false,12,2015-04-01,2016-03-31,0
2016-01-29,83830,2016-03-31,3,,,,,,,,,,,,,,,,,,,,,,,,,,,,,6.00,,,,,,,false,true,12,2015-04-01,2016-03-31,0
2016-01-29,83830,2016-03-31,3,,,,,,,,,,,,,,,,,,,,,,,,,,,,,,,,,96199386,2531785,93669955,false,false,9,2015-04-01,2015-12-31,0
2016-01-29,83830,2015-03-31,3,,,,,,,,,,,,,,,,,,,,,,,,,,,,,,,,,,,94268144,false,false,9,2014-04-01,2014-12-31,-1
2016-05-13,83830,2016-03-31,,,,,,,,,,3359000000,-0.002,,1997000000,,21.32,,0.039,0.003,,,994225000000,51279000000,0.051,546.62,51200000000,3646000000,29919000000,-564000000,87884000000,,0.281,,,,,,true,false,12,2015-04-01,2016-03-31,0
2016-05-13,83830,2015-03-31,,,,,,,,,,3367000000,0.230,,2137000000,,22.69,,0.045,0.003,,,974969000000,50687000000,0.051,540.20,50602000000,-21145000000,15610000000,-708000000,54883000000,,0.264,,,,,,true,false,12,2014-04-01,2015-03-31,-1
2016-05-13,83830,2017-03-31,,,,,,,,,,1100000000,-0.494,,800000000,,8.54,,,,,,,,,,,,,,,,,,,,,,true,true,6,2016-04-01,2016-09-30,1
2016-05-13,83830,2017-03-31,,,,,,,,,,2000000000,-0.404,,1300000000,,13.87,,,,,,,,,,,,,,,,0.432,,,,,,true,true,12,2016-04-01,2017-03-31,1
2016-05-13,83830,2016-03-31,,,,,,,,,,3363000000,0.010,2107000000,,-0.036,22.49,,,,,,991358000000,49105000000,0.049,524.24,49105000000,,,,,6.00,,,,96199386,2533255,93669115,false,false,12,2015-04-01,2016-03-31,0
2016-05-13,83830,2015-03-31,,,,,,,,,,3329000000,0.246,2185000000,,0.422,23.20,,,,,,971586000000,48080000000,0.049,513.26,48080000000,,,,,6.00,,,,96199386,2526361,94173178,false,false,12,2014-04-01,2015-03-31,-1
2016-05-13,83830,2017-03-31,,,,,,,,,,1100000000,-0.495,800000000,,-0.476,8.54,,,,,,,,,,,,,,,,,,,,,,false,true,6,2016-04-01,2016-09-30,1
2016-05-13,83830,2017-03-31,,,,,,,,,,2000000000,-0.405,1300000000,,-0.383,13.87,,,,,,,,,,,,,,,6.00,,,,,,,false,true,12,2016-04-01,2017-03-31,1
2016-07-29,83830,2017-03-31,1,,,,,,,,,901000000,-0.044,,620000000,,6.62,,,,,,961030000000,50963000000,0.052,,50885000000,,,,,,,,,,,,true,false,3,2016-04-01,2016-06-30,0
2016-07-29,83830,2016-03-31,1,,,,,,,,,943000000,-0.255,,628000000,,6.71,,,,,,,,,,,,,,,,,,,,,,true,false,3,2015-04-01,2015-06-30,-1
2016-07-29,83830,2017-03-31,1,,,,,,,,,1100000000,-0.494,,800000000,,8.54,,,,,,,,,,,,,,,,,,,,,,true,true,6,2016-04-01,2016-09-30,0
2016-07-29,83830,2017-03-31,1,,,,,,,,,2000000000,-0.404,,1300000000,,13.87,,,,,,,,,,,,,,,,,,,,,,true,true,12,2016-04-01,2017-03-31,0
2016-07-29,83830,2016-03-31,1,,,,,,,,,,,,,,,,,,,,994225000000,51279000000,0.051,,51200000000,,,,,,,,,,,,true,false,12,2015-04-01,2016-03-31,-1
2016-07-29,83830,2016-03-31,1,,,,,,,,,,,,,,,,,,,,,,,,,,,,,6.00,,,,96199386,2533255,,false,false,12,2015-04-01,2016-03-31,-1
2016-07-29,83830,2017-03-31,1,,,,,,,,,,,,,,,,,,,,,,,,,,,,,6.00,,,,,,,false,true,12,2016-04-01,2017-03-31,0
2016-07-29,83830,2017-03-31,1,,,,,,,,,,,,,,,,,,,,,,,,,,,,,,,,,96199386,2534614,93665623,false,false,3,2016-04-01,2016-06-30,0
2016-07-29,83830,2016-03-31,1,,,,,,,,,,,,,,,,,,,,,,,,,,,,,,,,,,,93672329,false,false,3,2015-04-01,2015-06-30,-1
2016-10-31,83830,2017-03-31,,,,,,,,,,1430000000,0.300,,910000000,,97.15,,,,,,,,,,,,,,,,,,,,,,true,true,6,2016-04-01,2016-09-30,0
2016-10-31,83830,2016-03-31,,,,,,,,,,2174000000,,,1418000000,,151.47,,,,,,,,,,,,,,,,,,,,,,true,false,6,2015-04-01,2015-09-30,-1
2016-10-31,83830,2017-03-31,,,,,,,,,,1420000000,0.290,900000000,,0.125,96.08,,,,,,,,,,,,,,,,,,,,,,false,true,6,2016-04-01,2016-09-30,0
2016-10-31,83830,2016-03-31,,,,,,,,,,2180000000,,1527000000,,,163.08,,,,,,,,,,,,,,,,,,,,,,false,false,6,2015-04-01,2015-09-30,-1
2016-11-11,83830,2017-03-31,2,,,,,,,,,1432000000,-0.341,,913000000,,97.48,,,,,,984609000000,50378000000,0.051,,50300000000,,,,,,,,,,,,true,false,6,2016-04-01,2016-09-30,0
2016-11-11,83830,2016-03-31,2,,,,,,,,,2174000000,-0.109,,1418000000,,151.47,,,,,,,,,,,,,,,,,,,,,,true,false,6,2015-04-01,2015-09-30,-1
2016-11-11,83830,2017-03-31,2,,,,,,,,,2000000000,-0.404,,1300000000,,138.78,,,,,,,,,,,,,,,,,,,,,,true,true,12,2016-04-01,2017-03-31,0
2016-11-11,83830,2017-03-31,2,,,,,,,,,1429000000,-0.344,910000000,,-0.403,97.22,,,,,,981877000000,48235000000,0.049,,48235000000,,,,,,,,,9619938,253860,9366425,false,false,6,2016-04-01,2016-09-30,0
2016-11-11,83830,2016-03-31,2,,,,,,,,,2180000000,-0.106,1527000000,,-0.194,163.08,,,,,,,,,,,,,,,,,,,,,9367116,false,false,6,2015-04-01,2015-09-30,-1
2016-11-11,83830,2017-03-31,2,,,,,,,,,2000000000,-0.405,1300000000,,-0.383,138.78,,,,,,,,,,,,,,,30.00,,,,,,,false,true,12,2016-04-01,2017-03-31,0
2016-11-11,83830,2016-03-31,2,,,,,,,,,,,,,,,,,,,,994225000000,51279000000,0.051,,51200000000,,,,,,,,,,,,true,false,12,2015-04-01,2016-03-31,-1
2016-11-11,83830,2016-03-31,2,,,,,,,,,,,,,,,,,,,,991358000000,49105000000,0.049,,49105000000,,,,,6.00,,,,9619938,253325,,false,false,12,2015-04-01,2016-03-31,-1
2016-11-11,83830,2017-03-31,2,,,,,,,,,,,,,,,,,,,,,,,,,,,,,3.00,,,,,,,false,false,12,2016-04-01,2017-03-31,0
2017-01-30,83830,2017-03-31,3,,,,,,,,,2234000000,-0.189,,1537000000,,164.11,,,,,,983646000000,50351000000,0.051,,50270000000,,,,,,,,,,,,true,false,9,2016-04-01,2016-12-31,0
2017-01-30,83830,2016-03-31,3,,,,,,,,,2756000000,-0.295,,1811000000,,193.41,,,,,,,,,,,,,,,,,,,,,,true,false,9,2015-04-01,2015-12-31,-1
2017-01-30,83830,2017-03-31,3,,,,,,,,,2000000000,-0.404,,1300000000,,138.78,,,,,,,,,,,,,,,,,,,,,,true,true,12,2016-04-01,2017-03-31,0
2017-01-30,83830,2016-03-31,3,,,,,,,,,,,,,,,,,,,,994225000000,51279000000,0.051,,51200000000,,,,,,,,,,,,true,false,12,2015-04-01,2016-03-31,-1
2017-01-30,83830,2016-03-31,3,,,,,,,,,,,,,,,,,,,,,,,,,,,,,6.00,,,,9619938,253325,,false,false,12,2015-04-01,2016-03-31,-1
2017-01-30,83830,2017-03-31,3,,,,,,,,,,,,,,,,,,,,,,,,,,,,,3.00,,,,,,,false,false,12,2016-04-01,2017-03-31,0
2017-01-30,83830,2017-03-31,3,,,,,,,,,,,,,,,,,,,,,,,,,,,,,30.00,,,,,,,false,true,12,2016-04-01,2017-03-31,0
2017-01-30,83830,2017-03-31,3,,,,,,,,,,,,,,,,,,,,,,,,,,,,,,,,,9619938,254144,9366282,false,false,9,2016-04-01,2016-12-31,0
2017-01-30,83830,2016-03-31,3,,,,,,,,,,,,,,,,,,,,,,,,,,,,,,,,,,,9366995,false,false,9,2015-04-01,2015-12-31,-1
2017-05-12,83830,2017-03-31,,,,,,,,,,1950000000,-0.419,,1308000000,,139.66,,0.025,0.001,,,1009490000000,49879000000,0.049,5317.22,49797000000,418000000,-18191000000,-5563000000,64547000000,,0.429,,,,,,true,false,12,2016-04-01,2017-03-31,0
2017-05-12,83830,2016-03-31,,,,,,,,,,3359000000,-0.002,,1997000000,,213.27,,0.039,0.003,,,994225000000,51279000000,0.051,5466.29,51200000000,3646000000,29919000000,-564000000,87884000000,,0.281,,,,,,true,false,12,2015-04-01,2016-03-31,-1
2017-05-12,83830,2018-03-31,,,,,,,,,,800000000,-0.441,,600000000,,64.06,,,,,,,,,,,,,,,,,,,,,,true,true,6,2017-04-01,2017-09-30,1
2017-05-12,83830,2018-03-31,,,,,,,,,,1500000000,-0.230,,1000000000,,106.76,,,,,,,,,,,,,,,,0.562,,,,,,true,true,12,2017-04-01,2018-03-31,1
2017-05-12,83830,2017-03-31,,,,,,,,,,1931000000,-0.425,1294000000,,-0.385,138.24,,,,,,1006419000000,47450000000,0.047,5066.43,47450000000,,,,,30.00,,,,9619938,254561,9366121,false,false,12,2016-04-01,2017-03-31,0
2017-05-12,83830,2016-03-31,,,,,,,,,,3363000000,0.010,2107000000,,-0.036,224.93,,,,,,991358000000,49105000000,0.049,5242.43,49105000000,,,,,6.00,,,,9619938,253325,9366911,false,false,12,2015-04-01,2016-03-31,-1
2017-05-12,83830,2018-03-31,,,,,,,,,,800000000,-0.440,600000000,,-0.340,64.05,,,,,,,,,,,,,,,,,,,,,,false,true,6,2017-04-01,2017-09-30,1
2017-05-12,83830,2018-03-31,,,,,,,,,,1500000000,-0.223,1000000000,,-0.227,106.76,,,,,,,,,,,,,,,60.00,,,,,,,false,true,12,2017-04-01,2018-03-31,1
2017-07-28,83830,2018-03-31,1,,,,,,,,,664000000,-0.262,,455000000,,48.66,,,,,,1022910000000,50324000000,0.049,,50243000000,,,,,,,,,,,,true,false,3,2017-04-01,2017-06-30,0
2017-07-28,83830,2017-03-31,1,,,,,,,,,901000000,-0.044,,620000000,,66.20,,,,,,,,,,,,,,,,,,,,,,true,false,3,2016-04-01,2016-06-30,-1
2017-07-28,83830,2018-03-31,1,,,,,,,,,800000000,-0.441,,600000000,,64.06,,,,,,,,,,,,,,,,,,,,,,true,true,6,2017-04-01,2017-09-30,0
2017-07-28,83830,2018-03-31,1,,,,,,,,,1500000000,-0.230,,1000000000,,106.76,,,,,,,,,,,,,,,,,,,,,,true,true,12,2017-04-01,2018-03-31,0
2017-07-28,83830,2017-03-31,1,,,,,,,,,,,,,,,,,,,,1009490000000,49879000000,0.049,,49797000000,,,,,,,,,,,,true,false,12,2016-04-01,2017-03-31,-1
2017-07-28,83830,2017-03-31,1,,,,,,,,,,,,,,,,,,,,,,,,,,,,,30.00,,,,9619938,254561,,false,false,12,2016-04-01,2017-03-31,-1
2017-07-28,83830,2018-03-31,1,,,,,,,,,,,,,,,,,,,,,,,,,,,,,60.00,,,,,,,false,true,12,2017-04-01,2018-03-31,0
2017-07-28,83830,2018-03-31,1,,,,,,,,,,,,,,,,,,,,,,,,,,,,,,,,,9619938,254810,9365188,false,false,3,2017-04-01,2017-06-30,0
2017-07-28,83830,2017-03-31,1,,,,,,,,,,,,,,,,,,,,,,,,,,,,,,,,,,,9366562,false,false,3,2016-04-01,2016-06-30,-1
2017-10-30,83830,2018-03-31,,,,,,,,,,1310000000,0.637,,890000000,,95.02,,,,,,,,,,,,,,,,,,,,,,true,true,6,2017-04-01,2017-09-30,0
2017-10-30,83830,2017-03-31,,,,,,,,,,1432000000,,,913000000,,97.48,,,,,,,,,,,,,,,,,,,,,,true,false,6,2016-04-01,2016-09-30,-1
2017-10-30,83830,2018-03-31,,,,,,,,,,1300000000,0.625,880000000,,0.466,93.95,,,,,,,,,,,,,,,,,,,,,,false,true,6,2017-04-01,2017-09-30,0
2017-10-30,83830,2017-03-31,,,,,,,,,,1429000000,,910000000,,,97.22,,,,,,,,,,,,,,,,,,,,,,false,false,6,2016-04-01,2016-09-30,-1
2017-11-10,83830,2018-03-31,2,,,,,,,,,1310000000,-0.085,,890000000,,95.11,,,,,,993590000000,50307000000,0.050,,50225000000,,,,,,,,,,,,true,false,6,2017-04-01,2017-09-30,0
2017-11-10,83830,2017-03-31,2,,,,,,,,,1432000000,-0.341,,913000000,,97.48,,,,,,,,,,,,,,,,,,,,,,true,false,6,2016-04-01,2016-09-30,-1
2017-11-10,83830,2018-03-31,2,,,,,,,,,1500000000,-0.230,,1000000000,,106.76,,,,,,,,,,,,,,,,,,,,,,true,true,12,2017-04-01,2018-03-31,0
2017-11-10,83830,2018-03-31,2,,,,,,,,,1304000000,-0.087,886000000,,-0.026,94.68,,,,,,990600000000,47919000000,0.048,,47919000000,,,,,,,,,9619938,255037,9365092,false,false,6,2017-04-01,2017-09-30,0
2017-11-10,83830,2017-03-31,2,,,,,,,,,1429000000,-0.344,910000000,,-0.403,97.22,,,,,,,,,,,,,,,,,,,,,9366425,false,false,6,2016-04-01,2016-09-30,-1
2017-11-10,83830,2018-03-31,2,,,,,,,,,1500000000,-0.223,1000000000,,-0.227,106.76,,,,,,,,,,,,,,,60.00,,,,,,,false,true,12,2017-04-01,2018-03-31,0
2017-11-10,83830,2017-03-31,2,,,,,,,,,,,,,,,,,,,,1009490000000,49879000000,0.049,,49797000000,,,,,,,,,,,,true,false,12,2016-04-01,2017-03-31,-1
2017-11-10,83830,2017-03-31,2,,,,,,,,,,,,,,,,,,,,1006419000000,47450000000,0.047,,47450000000,,,,,30.00,,,,9619938,254561,,false,false,12,2016-04-01,2017-03-31,-1
2017-11-10,83830,2018-03-31,2,,,,,,,,,,,,,,,,,,,,,,,,,,,,,30.00,,,,,,,false,false,12,2017-04-01,2018-03-31,0
2018-01-30,83830,2018-03-31,3,,,,,,,,,2098000000,-0.061,,1438000000,,153.57,,,,,,975847000000,51029000000,0.052,,50945000000,,,,,,,,,,,,true,false,9,2017-04-01,2017-12-31,0
2018-01-30,83830,2017-03-31,3,,,,,,,,,2234000000,-0.189,,1537000000,,164.11,,,,,,,,,,,,,,,,,,,,,,true,false,9,2016-04-01,2016-12-31,-1
2018-01-30,83830,2018-03-31,3,,,,,,,,,1500000000,-0.230,,1000000000,,106.76,,,,,,,,,,,,,,,,,,,,,,true,true,12,2017-04-01,2018-03-31,0
2018-01-30,83830,2017-03-31,3,,,,,,,,,,,,,,,,,,,,1009490000000,49879000000,0.049,,49797000000,,,,,,,,,,,,true,false,12,2016-04-01,2017-03-31,-1
2018-01-30,83830,2017-03-31,3,,,,,,,,,,,,,,,,,,,,,,,,,,,,,30.00,,,,9619938,254561,,false,false,12,2016-04-01,2017-03-31,-1
2018-01-30,83830,2018-03-31,3,,,,,,,,,,,,,,,,,,,,,,,,,,,,,30.00,,,,,,,false,false,12,2017-04-01,2018-03-31,0
2018-01-30,83830,2018-03-31,3,,,,,,,,,,,,,,,,,,,,,,,,,,,,,60.00,,,,,,,false,true,12,2017-04-01,2018-03-31,0
2018-01-30,83830,2018-03-31,3,,,,,,,,,,,,,,,,,,,,,,,,,,,,,,,,,9619938,255176,9365008,false,false,9,2017-04-01,2017-12-31,0
2018-01-30,83830,2017-03-31,3,,,,,,,,,,,,,,,,,,,,,,,,,,,,,,,,,,,9366282,false,false,9,2016-04-01,2016-12-31,-1
2018-05-11,83830,2018-03-31,,,,,,,,,,1848000000,-0.052,,1105000000,,118.00,,0.022,0.001,,,1012550000000,49959000000,0.049,5325.76,49873000000,-11834000000,21639000000,-563000000,73788000000,,0.508,,,,,,true,false,12,2017-04-01,2018-03-31,0
2018-05-11,83830,2017-03-31,,,,,,,,,,1950000000,-0.419,,1308000000,,139.66,,0.025,0.001,,,1009490000000,49879000000,0.049,5317.22,49797000000,418000000,-18191000000,-5563000000,64547000000,,0.429,,,,,,true,false,12,2016-04-01,2017-03-31,-1
2018-05-11,83830,2019-03-31,,,,,,,,,,1000000000,-0.236,,600000000,,64.06,,,,,,,,,,,,,,,,,,,,,,true,true,6,2018-04-01,2018-09-30,1
2018-05-11,83830,2019-03-31,,,,,,,,,,1500000000,-0.188,,900000000,,96.10,,,,,,,,,,,,,,,,0.624,,,,,,true,true,12,2018-04-01,2019-03-31,1
2018-05-11,83830,2018-03-31,,,,,,,,,,1832000000,-0.051,1094000000,,-0.155,116.83,,,,,,1009485000000,47555000000,0.047,5078.10,47555000000,,,,,60.00,,,,9619938,255369,9364927,false,false,12,2017-04-01,2018-03-31,0
2018-05-11,83830,2017-03-31,,,,,,,,,,1931000000,-0.425,1294000000,,-0.385,138.24,,,,,,1006419000000,47450000000,0.047,5066.43,47450000000,,,,,30.00,,,,9619938,254561,9366121,false,false,12,2016-04-01,2017-03-31,-1
2018-05-11,83830,2019-03-31,,,,,,,,,,1000000000,-0.233,600000000,,-0.322,64.06,,,,,,,,,,,,,,,,,,,,,,false,true,6,2018-04-01,2018-09-30,1
2018-05-11,83830,2019-03-31,,,,,,,,,,1500000000,-0.181,900000000,,-0.177,96.10,,,,,,,,,,,,,,,60.00,,,,,,,false,true,12,2018-04-01,2019-03-31,1
2018-07-30,83830,2019-03-31,1,,,,,,,,,688000000,0.036,,408000000,,43.59,,,,,,1028057000000,49952000000,0.048,,49866000000,,,,,,,,,,,,true,false,3,2018-04-01,2018-06-30,0
2018-07-30,83830,2018-03-31,1,,,,,,,,,664000000,-0.262,,455000000,,48.66,,,,,,,,,,,,,,,,,,,,,,true,false,3,2017-04-01,2017-06-30,-1
2018-07-30,83830,2019-03-31,1,,,,,,,,,1000000000,-0.236,,600000000,,64.06,,,,,,,,,,,,,,,,,,,,,,true,true,6,2018-04-01,2018-09-30,0
2018-07-30,83830,2019-03-31,1,,,,,,,,,1500000000,-0.188,,900000000,,96.10,,,,,,,,,,,,,,,,,,,,,,true,true,12,2018-04-01,2019-03-31,0
2018-07-30,83830,2018-03-31,1,,,,,,,,,,,,,,,,,,,,1012550000000,49959000000,0.049,,49873000000,,,,,,,,,,,,true,false,12,2017-04-01,2018-03-31,-1
2018-07-30,83830,2018-03-31,1,,,,,,,,,,,,,,,,,,,,,,,,,,,,,60.00,,,,9619938,255369,,false,false,12,2017-04-01,2018-03-31,-1
2018-07-30,83830,2019-03-31,1,,,,,,,,,,,,,,,,,,,,,,,,,,,,,60.00,,,,,,,false,true,12,2018-04-01,2019-03-31,0
2018-07-30,83830,2019-03-31,1,,,,,,,,,,,,,,,,,,,,,,,,,,,,,,,,,9619938,255611,9364487,false,false,3,2018-04-01,2018-06-30,0
2018-07-30,83830,2018-03-31,1,,,,,,,,,,,,,,,,,,,,,,,,,,,,,,,,,,,9365188,false,false,3,2017-04-01,2017-06-30,-1
2018-10-30,83830,2019-03-31,,,,,,,,,,1340000000,0.340,,730000000,,77.95,,,,,,,,,,,,,,,,,,,,,,true,true,6,2018-04-01,2018-09-30,0
2018-10-30,83830,2018-03-31,,,,,,,,,,1310000000,,,890000000,,95.11,,,,,,,,,,,,,,,,,,,,,,true,false,6,2017-04-01,2017-09-30,-1
2018-10-30,83830,2019-03-31,,,,,,,,,,1330000000,0.330,720000000,,0.200,76.88,,,,,,,,,,,,,,,,,,,,,,false,true,6,2018-04-01,2018-09-30,0
2018-10-30,83830,2018-03-31,,,,,,,,,,1304000000,,886000000,,,94.68,,,,,,,,,,,,,,,,,,,,,,false,false,6,2017-04-01,2017-09-30,-1
2018-11-09,83830,2019-03-31,2,,,,,,,,,1343000000,0.025,,734000000,,78.44,,,,,,1002480000000,49904000000,0.049,,49817000000,,,,,,,,,,,,true,false,6,2018-04-01,2018-09-30,0
2018-11-09,83830,2018-03-31,2,,,,,,,,,1310000000,-0.085,,890000000,,95.11,,,,,,,,,,,,,,,,,,,,,,true,false,6,2017-04-01,2017-09-30,-1
2018-11-09,83830,2019-03-31,2,,,,,,,,,1500000000,-0.188,,900000000,,96.10,,,,,,,,,,,,,,,,,,,,,,true,true,12,2018-04-01,2019-03-31,0
2018-11-09,83830,2019-03-31,2,,,,,,,,,1336000000,0.024,729000000,,-0.177,77.91,,,,,,999597000000,47640000000,0.047,,47640000000,,,,,,,,,9619938,255892,9364346,false,false,6,2018-04-01,2018-09-30,0
2018-11-09,83830,2018-03-31,2,,,,,,,,,1304000000,-0.087,886000000,,-0.026,94.68,,,,,,,,,,,,,,,,,,,,,9365092,false,false,6,2017-04-01,2017-09-30,-1
2018-11-09,83830,2019-03-31,2,,,,,,,,,1500000000,-0.181,900000000,,-0.177,96.10,,,,,,,,,,,,,,,60.00,,,,,,,false,true,12,2018-04-01,2019-03-31,0
2018-11-09,83830,2018-03-31,2,,,,,,,,,,,,,,,,,,,,1012550000000,49959000000,0.049,,49873000000,,,,,,,,,,,,true,false,12,2017-04-01,2018-03-31,-1
2018-11-09,83830,2018-03-31,2,,,,,,,,,,,,,,,,,,,,1009485000000,47555000000,0.047,,47555000000,,,,,60.00,,,,9619938,255369,,false,false,12,2017-04-01,2018-03-31,-1
2018-11-09,83830,2019-03-31,2,,,,,,,,,,,,,,,,,,,,,,,,,,,,,30.00,,,,,,,false,false,12,2018-04-01,2019-03-31,0
2019-01-28,83830,2019-03-31,3,,,,,,,,,1630000000,-0.222,,916000000,,97.85,,,,,,1040664000000,48952000000,0.046,,48861000000,,,,,,,,,,,,true,false,9,2018-04-01,2018-12-31,0
2019-01-28,83830,2018-03-31,3,,,,,,,,,2098000000,-0.061,,1438000000,,153.57,,,,,,,,,,,,,,,,,,,,,,true,false,9,2017-04-01,2017-12-31,-1
2019-01-28,83830,2019-03-31,3,,,,,,,,,1500000000,-0.188,,900000000,,96.10,,,,,,,,,,,,,,,,,,,,,,true,true,12,2018-04-01,2019-03-31,0
2019-01-28,83830,2018-03-31,3,,,,,,,,,,,,,,,,,,,,1012550000000,49959000000,0.049,,49873000000,,,,,,,,,,,,true,false,12,2017-04-01,2018-03-31,-1
2019-01-28,83830,2018-03-31,3,,,,,,,,,,,,,,,,,,,,,,,,,,,,,60.00,,,,9619938,255369,,false,false,12,2017-04-01,2018-03-31,-1
2019-01-28,83830,2019-03-31,3,,,,,,,,,,,,,,,,,,,,,,,,,,,,,30.00,,,,,,,false,false,12,2018-04-01,2019-03-31,0
2019-01-28,83830,2019-03-31,3,,,,,,,,,,,,,,,,,,,,,,,,,,,,,60.00,,,,,,,false,true,12,2018-04-01,2019-03-31,0
2019-01-28,83830,2019-03-31,3,,,,,,,,,,,,,,,,,,,,,,,,,,,,,,,,,9619938,256156,9364215,false,false,9,2018-04-01,2018-12-31,0
2019-01-28,83830,2018-03-31,3,,,,,,,,,,,,,,,,,,,,,,,,,,,,,,,,,,,9365008,false,false,9,2017-04-01,2017-12-31,-1
2019-05-10,83830,2019-03-31,,,,,,,,,,1625000000,-0.120,,952000000,,101.73,,0.019,0.001,,,1019339000000,49188000000,0.048,5243.39,49097000000,-8683000000,22208000000,-3564000000,83749000000,,0.589,,,,,,true,false,12,2018-04-01,2019-03-31,0
2019-05-10,83830,2018-03-31,,,,,,,,,,1848000000,-0.052,,1105000000,,118.00,,0.022,0.001,,,1012550000000,49959000000,0.049,5325.76,49873000000,-11834000000,21639000000,-563000000,73788000000,,0.508,,,,,,true,false,12,2017-04-01,2018-03-31,-1
2019-05-10,83830,2020-03-31,,,,,,,,,,650000000,-0.516,,400000000,,42.71,,,,,,,,,,,,,,,,,,,,,,true,true,6,2019-04-01,2019-09-30,1
2019-05-10,83830,2020-03-31,,,,,,,,,,1630000000,0.003,,1000000000,,106.79,,,,,,,,,,,,,,,,0.468,,,,,,true,true,12,2019-04-01,2020-03-31,1
2019-05-10,83830,2019-03-31,,,,,,,,,,1599000000,-0.126,938000000,,-0.142,100.17,,,,,,1016768000000,47328000000,0.046,5054.35,47328000000,,,,,60.00,,,,9619938,256304,9364090,false,false,12,2018-04-01,2019-03-31,0
2019-05-10,83830,2018-03-31,,,,,,,,,,1832000000,-0.051,1094000000,,-0.155,116.83,,,,,,1009485000000,47555000000,0.047,5078.10,47555000000,,,,,60.00,,,,9619938,255369,9364927,false,false,12,2017-04-01,2018-03-31,-1
2019-05-10,83830,2020-03-31,,,,,,,,,,650000000,-0.513,400000000,,-0.451,42.71,,,,,,,,,,,,,,,,,,,,,,false,true,6,2019-04-01,2019-09-30,1
2019-05-10,83830,2020-03-31,,,,,,,,,,1600000000,0.000,1000000000,,0.066,106.78,,,,,,,,,,,,,,,50.00,,,,,,,false,true,12,2019-04-01,2020-03-31,1
2019-07-30,83830,2020-03-31,1,,,,,,,,,974000000,0.414,,676000000,,72.25,,,,,,1000690000000,49295000000,0.049,,49204000000,,,,,,,,,,,,true,false,3,2019-04-01,2019-06-30,0
2019-07-30,83830,2019-03-31,1,,,,,,,,,688000000,0.036,,408000000,,43.59,,,,,,,,,,,,,,,,,,,,,,true,false,3,2018-04-01,2018-06-30,-1
2019-07-30,83830,2020-03-31,1,,,,,,,,,650000000,-0.516,,400000000,,42.71,,,,,,,,,,,,,,,,,,,,,,true,true,6,2019-04-01,2019-09-30,0
2019-07-30,83830,2020-03-31,1,,,,,,,,,1630000000,0.003,,1000000000,,106.79,,,,,,,,,,,,,,,,,,,,,,true,true,12,2019-04-01,2020-03-31,0
2019-07-30,83830,2019-03-31,1,,,,,,,,,,,,,,,,,,,,1019339000000,49188000000,0.048,,49097000000,,,,,,,,,,,,true,false,12,2018-04-01,2019-03-31,-1
2019-07-30,83830,2019-03-31,1,,,,,,,,,,,,,,,,,,,,,,,,,,,,,60.00,,,,9619938,256304,,false,false,12,2018-04-01,2019-03-31,-1
2019-07-30,83830,2020-03-31,1,,,,,,,,,,,,,,,,,,,,,,,,,,,,,50.00,,,,,,,false,true,12,2019-04-01,2020-03-31,0
2019-07-30,83830,2020-03-31,1,,,,,,,,,,,,,,,,,,,,,,,,,,,,,,,,,9619938,256677,9363445,false,false,3,2019-04-01,2019-06-30,0
2019-07-30,83830,2019-03-31,1,,,,,,,,,,,,,,,,,,,,,,,,,,,,,,,,,,,9364487,false,false,3,2018-04-01,2018-06-30,-1
2019-10-29,83830,2020-03-31,,,,,,,,,,1160000000,0.784,,750000000,,80.09,,,,,,,,,,,,,,,,,,,,,,true,true,6,2019-04-01,2019-09-30,0
2019-10-29,83830,2019-03-31,,,,,,,,,,1343000000,,,734000000,,78.44,,,,,,,,,,,,,,,,,,,,,,true,false,6,2018-04-01,2018-09-30,-1
2019-10-29,83830,2020-03-31,,,,,,,,,,1160000000,0.784,740000000,,0.850,79.02,,,,,,,,,,,,,,,,,,,,,,false,true,6,2019-04-01,2019-09-30,0
2019-10-29,83830,2019-03-31,,,,,,,,,,1336000000,,729000000,,,77.91,,,,,,,,,,,,,,,,,,,,,,false,false,6,2018-04-01,2018-09-30,-1
2019-11-08,83830,2020-03-31,2,,,,,,,,,1169000000,-0.129,,752000000,,80.36,,,,,,993638000000,49627000000,0.049,,49536000000,,,,,,,,,,,,true,false,6,2019-04-01,2019-09-30,0
2019-11-08,83830,2019-03-31,2,,,,,,,,,1343000000,0.025,,734000000,,78.44,,,,,,,,,,,,,,,,,,,,,,true,false,6,2018-04-01,2018-09-30,-1
2019-11-08,83830,2020-03-31,2,,,,,,,,,1630000000,0.003,,1000000000,,106.79,,,,,,,,,,,,,,,,,,,,,,true,true,12,2019-04-01,2020-03-31,0
2019-11-08,83830,2020-03-31,2,,,,,,,,,1164000000,-0.128,749000000,,0.027,80.08,,,,,,991186000000,47870000000,0.048,,47870000000,,,,,,,,,9619938,256906,9363289,false,false,6,2019-04-01,2019-09-30,0
2019-11-08,83830,2019-03-31,2,,,,,,,,,1336000000,0.024,729000000,,-0.177,77.91,,,,,,,,,,,,,,,,,,,,,9364346,false,false,6,2018-04-01,2018-09-30,-1
2019-11-08,83830,2020-03-31,2,,,,,,,,,1600000000,0.000,1000000000,,0.066,106.78,,,,,,,,,,,,,,,50.00,,,,,,,false,true,12,2019-04-01,2020-03-31,0
2019-11-08,83830,2019-03-31,2,,,,,,,,,,,,,,,,,,,,1019339000000,49188000000,0.048,,49097000000,,,,,,,,,,,,true,false,12,2018-04-01,2019-03-31,-1
2019-11-08,83830,2019-03-31,2,,,,,,,,,,,,,,,,,,,,1016768000000,47328000000,0.046,,47328000000,,,,,60.00,,,,9619938,256304,,false,false,12,2018-04-01,2019-03-31,-1
2019-11-08,83830,2020-03-31,2,,,,,,,,,,,,,,,,,,,,,,,,,,,,,25.00,,,,,,,false,false,12,2019-04-01,2020-03-31,0
2020-01-30,83830,2020-03-31,3,,,,,,,,,1381000000,-0.152,,957000000,,102.27,,,,,,1003690000000,49255000000,0.048,,49163000000,,,,,,,,,,,,true,false,9,2019-04-01,2019-12-31,0
2020-01-30,83830,2019-03-31,3,,,,,,,,,1630000000,-0.222,,916000000,,97.85,,,,,,,,,,,,,,,,,,,,,,true,false,9,2018-04-01,2018-12-31,-1
2020-01-30,83830,2020-03-31,3,,,,,,,,,1630000000,0.003,,1000000000,,106.79,,,,,,,,,,,,,,,,,,,,,,true,true,12,2019-04-01,2020-03-31,0
2020-01-30,83830,2019-03-31,3,,,,,,,,,,,,,,,,,,,,1019339000000,49188000000,0.048,,49097000000,,,,,,,,,,,,true,false,12,2018-04-01,2019-03-31,-1
2020-01-30,83830,2019-03-31,3,,,,,,,,,,,,,,,,,,,,,,,,,,,,,60.00,,,,9619938,256304,,false,false,12,2018-04-01,2019-03-31,-1
2020-01-30,83830,2020-03-31,3,,,,,,,,,,,,,,,,,,,,,,,,,,,,,25.00,,,,,,,false,false,12,2019-04-01,2020-03-31,0
2020-01-30,83830,2020-03-31,3,,,,,,,,,,,,,,,,,,,,,,,,,,,,,50.00,,,,,,,false,true,12,2019-04-01,2020-03-31,0
2020-01-30,83830,2020-03-31,3,,,,,,,,,,,,,,,,,,,,,,,,,,,,,,,,,9619938,257094,9363175,false,false,9,2019-04-01,2019-12-31,0
2020-01-30,83830,2019-03-31,3,,,,,,,,,,,,,,,,,,,,,,,,,,,,,,,,,,,9364215,false,false,9,2018-04-01,2018-12-31,-1
2020-05-13,83830,2020-03-31,,,,,,,,,,1454000000,-0.105,,897000000,,95.88,,0.018,0.001,,,1004933000000,47728000000,0.047,5088.01,47636000000,-14191000000,16077000000,-516000000,85119000000,,0.521,,,,,,true,false,12,2019-04-01,2020-03-31,0
2020-05-13,83830,2019-03-31,,,,,,,,,,1625000000,-0.120,,952000000,,101.73,,0.019,0.001,,,1019339000000,49188000000,0.048,5243.39,49097000000,-8683000000,22208000000,-3564000000,83749000000,,0.589,,,,,,true,false,12,2018-04-01,2019-03-31,-1
2020-05-13,83830,2021-03-31,,,,,,,,,,500000000,-0.572,,300000000,,32.04,,,,,,,,,,,,,,,,,,,,,,true,true,6,2020-04-01,2020-09-30,1
2020-05-13,83830,2021-03-31,,,,,,,,,,1100000000,-0.243,,700000000,,74.76,,,,,,,,,,,,,,,,0.668,,,,,,true,true,12,2020-04-01,2021-03-31,1
2020-05-13,83830,2020-03-31,,,,,,,,,,1449000000,-0.093,894000000,,-0.046,95.49,,,,,,1003176000000,46671000000,0.046,4984.76,46671000000,,,,,50.00,,,,9619938,257348,9363070,false,false,12,2019-04-01,2020-03-31,0
2020-05-13,83830,2019-03-31,,,,,,,,,,1599000000,-0.126,938000000,,-0.142,100.17,,,,,,1016768000000,47328000000,0.046,5054.35,47328000000,,,,,60.00,,,,9619938,256304,9364090,false,false,12,2018-04-01,2019-03-31,-1
2020-05-13,83830,2021-03-31,,,,,,,,,,500000000,-0.570,300000000,,-0.599,32.03,,,,,,,,,,,,,,,,,,,,,,false,true,6,2020-04-01,2020-09-30,1
2020-05-13,83830,2021-03-31,,,,,,,,,,1100000000,-0.240,700000000,,-0.217,74.75,,,,,,,,,,,,,,,50.00,,,,,,,false,true,12,2020-04-01,2021-03-31,1
2020-07-30,83830,2021-03-31,1,,,,,,,,,404000000,-0.585,,278000000,,29.72,,,,,,1046764000000,47748000000,0.045,,47656000000,,,,,,,,,,,,true,false,3,2020-04-01,2020-06-30,0
2020-07-30,83830,2020-03-31,1,,,,,,,,,974000000,0.414,,676000000,,72.25,,,,,,,,,,,,,,,,,,,,,,true,false,3,2019-04-01,2019-06-30,-1
2020-07-30,83830,2021-03-31,1,,,,,,,,,500000000,-0.572,,300000000,,32.04,,,,,,,,,,,,,,,,,,,,,,true,true,6,2020-04-01,2020-09-30,0
2020-07-30,83830,2021-03-31,1,,,,,,,,,1100000000,-0.243,,700000000,,74.76,,,,,,,,,,,,,,,,,,,,,,true,true,12,2020-04-01,2021-03-31,0
2020-07-30,83830,2020-03-31,1,,,,,,,,,,,,,,,,,,,,1004933000000,47728000000,0.047,,47636000000,,,,,,,,,,,,true,false,12,2019-04-01,2020-03-31,-1
2020-07-30,83830,2020-03-31,1,,,,,,,,,,,,,,,,,,,,,,,,,,,,,50.00,,,,9619938,257348,,false,false,12,2019-04-01,2020-03-31,-1
2020-07-30,83830,2021-03-31,1,,,,,,,,,,,,,,,,,,,,,,,,,,,,,50.00,,,,,,,false,true,12,2020-04-01,2021-03-31,0
2020-07-30,83830,2021-03-31,1,,,,,,,,,,,,,,,,,,,,,,,,,,,,,,,,,9619938,257512,9362520,false,false,3,2020-04-01,2020-06-30,0
2020-07-30,83830,2020-03-31,1,,,,,,,,,,,,,,,,,,,,,,,,,,,,,,,,,,,9363445,false,false,3,2019-04-01,2019-06-30,-1
2020-10-27,83830,2021-03-31,,,,,,,,,,660000000,0.320,,380000000,,40.58,,,,,,,,,,,,,,,,,,,,,,true,true,6,2020-04-01,2020-09-30,0
2020-10-27,83830,2020-03-31,,,,,,,,,,1169000000,,,752000000,,80.36,,,,,,,,,,,,,,,,,,,,,,true,false,6,2019-04-01,2019-09-30,-1
2020-10-27,83830,2021-03-31,,,,,,,,,,630000000,0.260,370000000,,0.233,39.51,,,,,,,,,,,,,,,,,,,,,,false,true,6,2020-04-01,2020-09-30,0
2020-10-27,83830,2020-03-31,,,,,,,,,,1164000000,,749000000,,,80.08,,,,,,,,,,,,,,,,,,,,,,false,false,6,2019-04-01,2019-09-30,-1
2020-11-13,83830,2021-03-31,2,,,,,,,,,663000000,-0.432,,385000000,,41.12,,,,,,1052781000000,47820000000,0.045,,47723000000,,,,,,,,,,,,true,false,6,2020-04-01,2020-09-30,0
2020-11-13,83830,2020-03-31,2,,,,,,,,,1169000000,-0.129,,752000000,,80.36,,,,,,,,,,,,,,,,,,,,,,true,false,6,2019-04-01,2019-09-30,-1
2020-11-13,83830,2021-03-31,2,,,,,,,,,1100000000,-0.243,,700000000,,74.76,,,,,,,,,,,,,,,,,,,,,,true,true,12,2020-04-01,2021-03-31,0
2020-11-13,83830,2021-03-31,2,,,,,,,,,636000000,-0.453,371000000,,-0.504,39.66,,,,,,1051108000000,46804000000,0.044,,46804000000,,,,,,,,,9619938,257599,9362442,false,false,6,2020-04-01,2020-09-30,0
2020-11-13,83830,2020-03-31,2,,,,,,,,,1164000000,-0.128,749000000,,0.027,80.08,,,,,,,,,,,,,,,,,,,,,9363289,false,false,6,2019-04-01,2019-09-30,-1
2020-11-13,83830,2021-03-31,2,,,,,,,,,1100000000,-0.240,700000000,,-0.217,74.75,,,,,,,,,,,,,,,50.00,,,,,,,false,true,12,2020-04-01,2021-03-31,0
2020-11-13,83830,2020-03-31,2,,,,,,,,,,,,,,,,,,,,1004933000000,47728000000,0.047,,47636000000,,,,,,,,,,,,true,false,12,2019-04-01,2020-03-31,-1
2020-11-13,83830,2020-03-31,2,,,,,,,,,,,,,,,,,,,,1003176000000,46671000000,0.046,,46671000000,,,,,50.00,,,,9619938,257348,,false,false,12,2019-04-01,2020-03-31,-1
2020-11-13,83830,2021-03-31,2,,,,,,,,,,,,,,,,,,,,,,,,,,,,,25.00,,,,,,,false,false,12,2020-04-01,2021-03-31,0
2021-01-28,83830,2021-03-31,3,,,,,,,,,1241000000,-0.101,,841000000,,89.91,,,,,,1087257000000,48083000000,0.044,,47983000000,,,,,,,,,,,,true,false,9,2020-04-01,2020-12-31,0
2021-01-28,83830,2020-03-31,3,,,,,,,,,1381000000,-0.152,,957000000,,102.27,,,,,,,,,,,,,,,,,,,,,,true,false,9,2019-04-01,2019-12-31,-1
2021-01-28,83830,2021-03-31,3,,,,,,,,,1100000000,-0.243,,700000000,,74.76,,,,,,,,,,,,,,,,,,,,,,true,true,12,2020-04-01,2021-03-31,0
2021-01-28,83830,2020-03-31,3,,,,,,,,,,,,,,,,,,,,1004933000000,47728000000,0.047,,47636000000,,,,,,,,,,,,true,false,12,2019-04-01,2020-03-31,-1
2021-01-28,83830,2020-03-31,3,,,,,,,,,,,,,,,,,,,,,,,,,,,,,50.00,,,,9619938,257348,,false,false,12,2019-04-01,2020-03-31,-1
2021-01-28,83830,2021-03-31,3,,,,,,,,,,,,,,,,,,,,,,,,,,,,,25.00,,,,,,,false,false,12,2020-04-01,2021-03-31,0
2021-01-28,83830,2021-03-31,3,,,,,,,,,,,,,,,,,,,,,,,,,,,,,50.00,,,,,,,false,true,12,2020-04-01,2021-03-31,0
2021-01-28,83830,2021-03-31,3,,,,,,,,,,,,,,,,,,,,,,,,,,,,,,,,,9619938,257652,9362405,false,false,9,2020-04-01,2020-12-31,0
2021-01-28,83830,2020-03-31,3,,,,,,,,,,,,,,,,,,,,,,,,,,,,,,,,,,,9363175,false,false,9,2019-04-01,2019-12-31,-1
2021-04-27,83830,2021-03-31,,,,,,,,,,1610000000,0.463,,990000000,,105.73,,,,,,,,,,,,,,,,,,,,,,true,true,12,2020-04-01,2021-03-31,0
2021-04-27,83830,2020-03-31,,,,,,,,,,1454000000,,,897000000,,95.88,,,,,,,,,,,,,,,,,,,,,,true,false,12,2019-04-01,2020-03-31,-1
2021-04-27,83830,2021-03-31,,,,,,,,,,1570000000,0.427,960000000,,0.371,102.52,,,,,,,,,,,,,,,,,,,,,,false,true,12,2020-04-01,2021-03-31,0
2021-04-27,83830,2020-03-31,,,,,,,,,,1449000000,,894000000,,,95.49,,,,,,,,,,,,,,,,,,,,,,false,false,12,2019-04-01,2020-03-31,-1
2021-05-14,83830,2021-03-31,,,,,,,,,,1618000000,0.112,,996000000,,106.47,,0.020,0.001,,,1085907000000,49444000000,0.045,5270.33,49341000000,29461000000,-17479000000,-467000000,96634000000,,0.469,,,,,,true,false,12,2020-04-01,2021-03-31,0
2021-05-14,83830,2020-03-31,,,,,,,,,,1454000000,-0.105,,897000000,,95.88,,0.018,0.001,,,1004933000000,47728000000,0.047,5088.01,47636000000,-14191000000,16077000000,-516000000,85119000000,,0.521,,,,,,true,false,12,2019-04-01,2020-03-31,-1
2021-05-14,83830,2022-03-31,,,,,,,,,,500000000,-0.245,,300000000,,32.04,,,,,,,,,,,,,,,,,,,,,,true,true,6,2021-04-01,2021-09-30,1
2021-05-14,83830,2022-03-31,,,,,,,,,,1350000000,-0.165,,900000000,,96.12,,,,,,,,,,,,,,,,0.520,,,,,,true,true,12,2021-04-01,2022-03-31,1
2021-05-14,83830,2021-03-31,,,,,,,,,,1571000000,0.084,969000000,,0.084,103.53,,,,,,1083396000000,47642000000,0.043,5088.71,47642000000,,,,,50.00,,,,9619938,257860,9362338,false,false,12,2020-04-01,2021-03-31,0
2021-05-14,83830,2020-03-31,,,,,,,,,,1449000000,-0.093,894000000,,-0.046,95.49,,,,,,1003176000000,46671000000,0.046,4984.76,46671000000,,,,,50.00,,,,9619938,257348,9363070,false,false,12,2019-04-01,2020-03-31,-1
2021-05-14,83830,2022-03-31,,,,,,,,,,500000000,-0.213,300000000,,-0.191,32.04,,,,,,,,,,,,,,,,,,,,,,false,true,6,2021-04-01,2021-09-30,1
2021-05-14,83830,2022-03-31,,,,,,,,,,1350000000,-0.140,900000000,,-0.071,96.12,,,,,,,,,,,,,,,50.00,,,,,,,false,true,12,2021-04-01,2022-03-31,1
2021-07-30,83830,2022-03-31,1,,,,,,,,,683000000,0.691,,472000000,,50.45,,,,,,1115696000000,49441000000,0.044,,49350000000,,,,,,,,,,,,true,false,3,2021-04-01,2021-06-30,0
2021-07-30,83830,2021-03-31,1,,,,,,,,,404000000,-0.585,,278000000,,29.72,,,,,,,,,,,,,,,,,,,,,,true,false,3,2020-04-01,2020-06-30,-1
2021-07-30,83830,2022-03-31,1,,,,,,,,,500000000,-0.245,,300000000,,32.04,,,,,,,,,,,,,,,,,,,,,,true,true,6,2021-04-01,2021-09-30,0
2021-07-30,83830,2022-03-31,1,,,,,,,,,1350000000,-0.165,,900000000,,96.12,,,,,,,,,,,,,,,,,,,,,,true,true,12,2021-04-01,2022-03-31,0
2021-07-30,83830,2021-03-31,1,,,,,,,,,,,,,,,,,,,,1085907000000,49444000000,0.045,,49341000000,,,,,,,,,,,,true,false,12,2020-04-01,2021-03-31,-1
2021-07-30,83830,2021-03-31,1,,,,,,,,,,,,,,,,,,,,,,,,,,,,,50.00,,,,9619938,257860,,false,false,12,2020-04-01,2021-03-31,-1
2021-07-30,83830,2022-03-31,1,,,,,,,,,,,,,,,,,,,,,,,,,,,,,50.00,,,,,,,false,true,12,2021-04-01,2022-03-31,0
2021-07-30,83830,2022-03-31,1,,,,,,,,,,,,,,,,,,,,,,,,,,,,,,,,,9619938,257969,9362043,false,false,3,2021-04-01,2021-06-30,0
2021-07-30,83830,2021-03-31,1,,,,,,,,,,,,,,,,,,,,,,,,,,,,,,,,,,,9362520,false,false,3,2020-04-01,2020-06-30,-1
2021-10-29,83830,2022-03-31,,,,,,,,,,950000000,0.900,,620000000,,66.22,,,,,,,,,,,,,,,,,,,,,,true,true,6,2021-04-01,2021-09-30,0
2021-10-29,83830,2021-03-31,,,,,,,,,,663000000,,,385000000,,41.12,,,,,,,,,,,,,,,,,,,,,,true,false,6,2020-04-01,2020-09-30,-1
2021-10-29,83830,2022-03-31,,,,,,,,,,950000000,0.900,620000000,,1.066,66.22,,,,,,,,,,,,,,,,,,,,,,false,true,6,2021-04-01,2021-09-30,0
2021-10-29,83830,2021-03-31,,,,,,,,,,636000000,,371000000,,,39.66,,,,,,,,,,,,,,,,,,,,,,false,false,6,2020-04-01,2020-09-30,-1
2021-11-12,83830,2022-03-31,2,,,,,,,,,957000000,0.443,,627000000,,67.03,,,,,,1098290000000,49550000000,0.045,,49459000000,,,,,,,,,,,,true,false,6,2021-04-01,2021-09-30,0
2021-11-12,83830,2021-03-31,2,,,,,,,,,663000000,-0.432,,385000000,,41.12,,,,,,,,,,,,,,,,,,,,,,true,false,6,2020-04-01,2020-09-30,-1
2021-11-12,83830,2022-03-31,2,,,,,,,,,1350000000,-0.165,,900000000,,96.12,,,,,,,,,,,,,,,,,,,,,,true,true,12,2021-04-01,2022-03-31,0
2021-11-12,83830,2022-03-31,2,,,,,,,,,950000000,0.493,622000000,,0.677,66.52,,,,,,1095768000000,47920000000,0.043,,47920000000,,,,,,,,,9619938,258288,9361910,false,false,6,2021-04-01,2021-09-30,0
2021-11-12,83830,2021-03-31,2,,,,,,,,,636000000,-0.453,371000000,,-0.504,39.66,,,,,,,,,,,,,,,,,,,,,9362442,false,false,6,2020-04-01,2020-09-30,-1
2021-11-12,83830,2022-03-31,2,,,,,,,,,1350000000,-0.140,900000000,,-0.071,96.12,,,,,,,,,,,,,,,50.00,,,,,,,false,true,12,2021-04-01,2022-03-31,0
2021-11-12,83830,2021-03-31,2,,,,,,,,,,,,,,,,,,,,1085907000000,49444000000,0.045,,49341000000,,,,,,,,,,,,true,false,12,2020-04-01,2021-03-31,-1
2021-11-12,83830,2021-03-31,2,,,,,,,,,,,,,,,,,,,,1083396000000,47642000000,0.043,,47642000000,,,,,50.00,,,,9619938,257860,,false,false,12,2020-04-01,2021-03-31,-1
2021-11-12,83830,2022-03-31,2,,,,,,,,,,,,,,,,,,,,,,,,,,,,,25.00,,,,,,,false,false,12,2021-04-01,2022-03-31,0
2022-01-28,83830,2022-03-31,3,,,,,,,,,1521000000,0.225,,1026000000,,109.64,,,,,,1109795000000,49469000000,0.044,,49375000000,,,,,,,,,,,,true,false,9,2021-04-01,2021-12-31,0
2022-01-28,83830,2021-03-31,3,,,,,,,,,1241000000,-0.101,,841000000,,89.91,,,,,,,,,,,,,,,,,,,,,,true,false,9,2020-04-01,2020-12-31,-1
2022-01-28,83830,2022-03-31,3,,,,,,,,,1350000000,-0.165,,900000000,,96.12,,,,,,,,,,,,,,,,,,,,,,true,true,12,2021-04-01,2022-03-31,0
2022-01-28,83830,2021-03-31,3,,,,,,,,,,,,,,,,,,,,1085907000000,49444000000,0.045,,49341000000,,,,,,,,,,,,true,false,12,2020-04-01,2021-03-31,-1
2022-01-28,83830,2021-03-31,3,,,,,,,,,,,,,,,,,,,,,,,,,,,,,50.00,,,,9619938,257860,,false,false,12,2020-04-01,2021-03-31,-1
2022-01-28,83830,2022-03-31,3,,,,,,,,,,,,,,,,,,,,,,,,,,,,,25.00,,,,,,,false,false,12,2021-04-01,2022-03-31,0
2022-01-28,83830,2022-03-31,3,,,,,,,,,,,,,,,,,,,,,,,,,,,,,50.00,,,,,,,false,true,12,2021-04-01,2022-03-31,0
2022-01-28,83830,2022-03-31,3,,,,,,,,,,,,,,,,,,,,,,,,,,,,,,,,,9619938,258367,9361806,false,false,9,2021-04-01,2021-12-31,0
2022-01-28,83830,2021-03-31,3,,,,,,,,,,,,,,,,,,,,,,,,,,,,,,,,,,,9362405,false,false,9,2020-04-01,2020-12-31,-1
2022-04-28,83830,2022-03-31,,,,,,,,,,460000000,-0.659,,890000000,,95.06,,,,,,,,,,,,,,,,,,,,,,true,true,12,2021-04-01,2022-03-31,0
2022-04-28,83830,2021-03-31,,,,,,,,,,1618000000,,,996000000,,106.47,,,,,,,,,,,,,,,,,,,,,,true,false,12,2020-04-01,2021-03-31,-1
2022-04-28,83830,2022-03-31,,,,,,,,,,420000000,-0.688,860000000,,-0.044,91.85,,,,,,,,,,,,,,,,,,,,,,false,true,12,2021-04-01,2022-03-31,0
2022-04-28,83830,2021-03-31,,,,,,,,,,1571000000,,969000000,,,103.53,,,,,,,,,,,,,,,,,,,,,,false,false,12,2020-04-01,2021-03-31,-1
2022-05-13,83830,2022-03-31,,,,,,,,,,463000000,-0.713,,891000000,,95.18,,0.018,0.000,,,1108350000000,48768000000,0.043,5199.03,48670000000,12000000000,-8647000000,-467000000,99519000000,,0.525,,,,,,true,false,12,2021-04-01,2022-03-31,0
2022-05-13,83830,2021-03-31,,,,,,,,,,1618000000,0.112,,996000000,,106.47,,0.020,0.001,,,1085907000000,49444000000,0.045,5270.33,49341000000,29461000000,-17479000000,-467000000,96634000000,,0.469,,,,,,true,false,12,2020-04-01,2021-03-31,-1
2022-05-13,83830,2023-03-31,,,,,,,,,,650000000,-0.320,,450000000,,48.06,,,,,,,,,,,,,,,,,,,,,,true,true,6,2022-04-01,2022-09-30,1
2022-05-13,83830,2023-03-31,,,,,,,,,,1500000000,2.239,,1000000000,,106.81,,,,,,,,,,,,,,,,0.468,,,,,,true,true,12,2022-04-01,2023-03-31,1
2022-05-13,83830,2022-03-31,,,,,,,,,,429000000,-0.726,868000000,,-0.103,92.78,,,,,,1106798000000,47918000000,0.043,5118.61,47918000000,,,,,50.00,,,,9619938,258554,9361721,false,false,12,2021-04-01,2022-03-31,0
2022-05-13,83830,2021-03-31,,,,,,,,,,1571000000,0.084,969000000,,0.084,103.53,,,,,,1083396000000,47642000000,0.043,5088.71,47642000000,,,,,50.00,,,,9619938,257860,9362338,false,false,12,2020-04-01,2021-03-31,-1
2022-05-13,83830,2023-03-31,,,,,,,,,,650000000,-0.315,450000000,,-0.277,48.06,,,,,,,,,,,,,,,,,,,,,,false,true,6,2022-04-01,2022-09-30,1
2022-05-13,83830,2023-03-31,,,,,,,,,,1500000000,2.496,1000000000,,0.152,106.81,,,,,,,,,,,,,,,50.00,,,,,,,false,true,12,2022-04-01,2023-03-31,1
2022-07-29,83830,2023-03-31,1,,,,,,,,,618000000,-0.094,,427000000,,45.67,,,,,,1106120000000,48450000000,0.043,,48349000000,,,,,,,,,,,,true,false,3,2022-04-01,2022-06-30,0
2022-07-29,83830,2022-03-31,1,,,,,,,,,683000000,0.691,,472000000,,50.45,,,,,,,,,,,,,,,,,,,,,,true,false,3,2021-04-01,2021-06-30,-1
2022-07-29,83830,2023-03-31,1,,,,,,,,,650000000,-0.320,,450000000,,48.06,,,,,,,,,,,,,,,,,,,,,,true,true,6,2022-04-01,2022-09-30,0
2022-07-29,83830,2023-03-31,1,,,,,,,,,1500000000,2.239,,1000000000,,106.81,,,,,,,,,,,,,,,,,,,,,,true,true,12,2022-04-01,2023-03-31,0
2022-07-29,83830,2022-03-31,1,,,,,,,,,,,,,,,,,,,,1108350000000,48768000000,0.043,,48670000000,,,,,,,,,,,,true,false,12,2021-04-01,2022-03-31,-1
2022-07-29,83830,2022-03-31,1,,,,,,,,,,,,,,,,,,,,,,,,,,,,,50.00,,,,9619938,258554,,false,false,12,2021-04-01,2022-03-31,-1
2022-07-29,83830,2023-03-31,1,,,,,,,,,,,,,,,,,,,,,,,,,,,,,50.00,,,,,,,false,true,12,2022-04-01,2023-03-31,0
2022-07-29,83830,2023-03-31,1,,,,,,,,,,,,,,,,,,,,,,,,,,,,,,,,,9619938,258715,9361285,false,false,3,2022-04-01,2022-06-30,0
2022-07-29,83830,2022-03-31,1,,,,,,,,,,,,,,,,,,,,,,,,,,,,,,,,,,,9362043,false,false,3,2021-04-01,2021-06-30,-1
2022-10-28,83830,2023-03-31,,,,,,,,,,950000000,0.461,,580000000,,61.95,,,,,,,,,,,,,,,,,,,,,,true,true,6,2022-04-01,2022-09-30,0
2022-10-28,83830,2022-03-31,,,,,,,,,,957000000,,,627000000,,67.03,,,,,,,,,,,,,,,,,,,,,,true,false,6,2021-04-01,2021-09-30,-1
2022-10-28,83830,2023-03-31,,,,,,,,,,910000000,0.400,550000000,,0.222,58.74,,,,,,,,,,,,,,,,,,,,,,false,true,6,2022-04-01,2022-09-30,0
2022-10-28,83830,2022-03-31,,,,,,,,,,950000000,,622000000,,,66.52,,,,,,,,,,,,,,,,,,,,,,false,false,6,2021-04-01,2021-09-30,-1
2022-11-11,83830,2023-03-31,2,,,,,,,,,958000000,0.000,,582000000,,62.23,,,,,,1089473000000,48075000000,0.044,,47968000000,,,,,,,,,,,,true,false,6,2022-04-01,2022-09-30,0
2022-11-11,83830,2022-03-31,2,,,,,,,,,957000000,0.443,,627000000,,67.03,,,,,,,,,,,,,,,,,,,,,,true,false,6,2021-04-01,2021-09-30,-1
2022-11-11,83830,2023-03-31,2,,,,,,,,,1500000000,2.239,,1000000000,,106.81,,,,,,,,,,,,,,,,,,,,,,true,true,12,2022-04-01,2023-03-31,0
2022-11-11,83830,2023-03-31,2,,,,,,,,,911000000,-0.040,553000000,,-0.111,59.09,,,,,,1087786000000,47206000000,0.043,,47206000000,,,,,,,,,9619938,259005,9361151,false,false,6,2022-04-01,2022-09-30,0
2022-11-11,83830,2022-03-31,2,,,,,,,,,950000000,0.493,622000000,,0.677,66.52,,,,,,,,,,,,,,,,,,,,,9361910,false,false,6,2021-04-01,2021-09-30,-1
2022-11-11,83830,2023-03-31,2,,,,,,,,,1500000000,2.496,1000000000,,0.152,106.81,,,,,,,,,,,,,,,50.00,,,,,,,false,true,12,2022-04-01,2023-03-31,0
2022-11-11,83830,2022-03-31,2,,,,,,,,,,,,,,,,,,,,1108350000000,48768000000,0.043,,48670000000,,,,,,,,,,,,true,false,12,2021-04-01,2022-03-31,-1
2022-11-11,83830,2022-03-31,2,,,,,,,,,,,,,,,,,,,,1106798000000,47918000000,0.043,,47918000000,,,,,50.00,,,,9619938,258554,,false,false,12,2021-04-01,2022-03-31,-1
2022-11-11,83830,2023-03-31,2,,,,,,,,,,,,,,,,,,,,,,,,,,,,,25.00,,,,,,,false,false,12,2022-04-01,2023-03-31,0
2023-01-27,83830,2023-03-31,3,,,,,,,,,1568000000,0.030,,1049000000,,112.07,,,,,,1120582000000,47624000000,0.042,,47516000000,,,,,,,,,,,,true,false,9,2022-04-01,2022-12-31,0
2023-01-27,83830,2022-03-31,3,,,,,,,,,1521000000,0.225,,1026000000,,109.64,,,,,,,,,,,,,,,,,,,,,,true,false,9,2021-04-01,2021-12-31,-1
2023-01-27,83830,2023-03-31,3,,,,,,,,,1500000000,2.239,,1000000000,,106.81,,,,,,,,,,,,,,,,,,,,,,true,true,12,2022-04-01,2023-03-31,0
2023-01-27,83830,2022-03-31,3,,,,,,,,,,,,,,,,,,,,1108350000000,48768000000,0.043,,48670000000,,,,,,,,,,,,true,false,12,2021-04-01,2022-03-31,-1
2023-01-27,83830,2022-03-31,3,,,,,,,,,,,,,,,,,,,,,,,,,,,,,50.00,,,,9619938,258554,,false,false,12,2021-04-01,2022-03-31,-1
2023-01-27,83830,2023-03-31,3,,,,,,,,,,,,,,,,,,,,,,,,,,,,,25.00,,,,,,,false,false,12,2022-04-01,2023-03-31,0
2023-01-27,83830,2023-03-31,3,,,,,,,,,,,,,,,,,,,,,,,,,,,,,50.00,,,,,,,false,true,12,2022-04-01,2023-03-31,0
2023-01-27,83830,2023-03-31,3,,,,,,,,,,,,,,,,,,,,,,,,,,,,,,,,,9619938,259366,9361030,false,false,9,2022-04-01,2022-12-31,0
2023-01-27,83830,2022-03-31,3,,,,,,,,,,,,,,,,,,,,,,,,,,,,,,,,,,,9361806,false,false,9,2021-04-01,2021-12-31,-1
2023-05-12,83830,2023-03-31,,,,,,,,,,1711000000,2.692,,1044000000,,111.57,,0.021,0.001,,,1097072000000,47879000000,0.043,5103.00,47767000000,-38201000000,11732000000,-471000000,72579000000,,0.448,,,,,,true,false,12,2022-04-01,2023-03-31,0
2023-05-12,83830,2022-03-31,,,,,,,,,,463000000,-0.713,,891000000,,95.18,,0.018,0.000,,,1108350000000,48768000000,0.043,5199.03,48670000000,12000000000,-8647000000,-467000000,99519000000,,0.525,,,,,,true,false,12,2021-04-01,2022-03-31,-1
2023-05-12,83830,2024-03-31,,,,,,,,,,850000000,-0.113,,550000000,,58.75,,,,,,,,,,,,,,,,,,,,,,true,true,6,2023-04-01,2023-09-30,1
2023-05-12,83830,2024-03-31,,,,,,,,,,1500000000,-0.123,,1000000000,,106.82,,,,,,,,,,,,,,,,0.468,,,,,,true,true,12,2023-04-01,2024-03-31,1
2023-05-12,83830,2023-03-31,,,,,,,,,,1642000000,2.821,1004000000,,0.156,107.32,,,,,,1095607000000,47192000000,0.043,5041.53,47192000000,,,,,50.00,,,,9619938,259368,9360917,false,false,12,2022-04-01,2023-03-31,0
2023-05-12,83830,2022-03-31,,,,,,,,,,429000000,-0.726,868000000,,-0.103,92.78,,,,,,1106798000000,47918000000,0.043,5118.61,47918000000,,,,,50.00,,,,9619938,258554,9361721,false,false,12,2021-04-01,2022-03-31,-1
2023-05-12,83830,2024-03-31,,,,,,,,,,850000000,-0.067,550000000,,-0.006,58.75,,,,,,,,,,,,,,,,,,,,,,false,true,6,2023-04-01,2023-09-30,1
2023-05-12,83830,2024-03-31,,,,,,,,,,1500000000,-0.086,1000000000,,-0.004,106.82,,,,,,,,,,,,,,,50.00,,,,,,,false,true,12,2023-04-01,2024-03-31,1
2023-07-28,83830,2024-03-31,1,,,,,,,,,664000000,0.073,,445000000,,47.59,,,,,,1114510000000,49028000000,0.043,,48915000000,,,,,,,,,,,,true,false,3,2023-04-01,2023-06-30,0
2023-07-28,83830,2023-03-31,1,,,,,,,,,618000000,-0.094,,427000000,,45.67,,,,,,,,,,,,,,,,,,,,,,true,false,3,2022-04-01,2022-06-30,-1
2023-07-28,83830,2024-03-31,1,,,,,,,,,850000000,-0.113,,550000000,,58.75,,,,,,,,,,,,,,,,,,,,,,true,true,6,2023-04-01,2023-09-30,0
2023-07-28,83830,2024-03-31,1,,,,,,,,,1500000000,-0.123,,1000000000,,106.82,,,,,,,,,,,,,,,,,,,,,,true,true,12,2023-04-01,2024-03-31,0
2023-07-28,83830,2023-03-31,1,,,,,,,,,,,,,,,,,,,,1097072000000,47879000000,0.043,,47767000000,,,,,,,,,,,,true,false,12,2022-04-01,2023-03-31,-1
2023-07-28,83830,2023-03-31,1,,,,,,,,,,,,,,,,,,,,,,,,,,,,,50.00,,,,9619938,259368,,false,false,12,2022-04-01,2023-03-31,-1
2023-07-28,83830,2024-03-31,1,,,,,,,,,,,,,,,,,,,,,,,,,,,,,50.00,,,,,,,false,true,12,2023-04-01,2024-03-31,0
2023-07-28,83830,2024-03-31,1,,,,,,,,,,,,,,,,,,,,,,,,,,,,,,,,,9619938,259417,9360544,false,false,3,2023-04-01,2023-06-30,0
2023-07-28,83830,2023-03-31,1,,,,,,,,,,,,,,,,,,,,,,,,,,,,,,,,,,,9361285,false,false,3,2022-04-01,2022-06-30,-1
2023-10-27,83830,2024-03-31,,,,,,,,,,1150000000,0.352,,750000000,,80.12,,,,,,,,,,,,,,,,,,,,,,true,true,6,2023-04-01,2023-09-30,0
2023-10-27,83830,2023-03-31,,,,,,,,,,958000000,,,582000000,,62.23,,,,,,,,,,,,,,,,,,,,,,true,false,6,2022-04-01,2022-09-30,-1
2023-10-27,83830,2024-03-31,,,,,,,,,,1120000000,0.317,730000000,,0.327,77.98,,,,,,,,,,,,,,,,,,,,,,false,true,6,2023-04-01,2023-09-30,0
2023-10-27,83830,2023-03-31,,,,,,,,,,911000000,,553000000,,,59.09,,,,,,,,,,,,,,,,,,,,,,false,false,6,2022-04-01,2022-09-30,-1
2023-11-10,83830,2024-03-31,2,,,,,,,,,1150000000,0.199,,750000000,,80.22,,,,,,1103231000000,48560000000,0.043,,48444000000,,,,,,,,,,,,true,false,6,2023-04-01,2023-09-30,0
2023-11-10,83830,2023-03-31,2,,,,,,,,,958000000,0.000,,582000000,,62.23,,,,,,,,,,,,,,,,,,,,,,true,false,6,2022-04-01,2022-09-30,-1
2023-11-10,83830,2024-03-31,2,,,,,,,,,1500000000,-0.123,,1000000000,,106.82,,,,,,,,,,,,,,,,,,,,,,true,true,12,2023-04-01,2024-03-31,0
2023-11-10,83830,2024-03-31,2,,,,,,,,,1122000000,0.231,739000000,,0.336,78.95,,,,,,1101632000000,47846000000,0.043,,47846000000,,,,,,,,,9619938,259531,9360518,false,false,6,2023-04-01,2023-09-30,0
2023-11-10,83830,2023-03-31,2,,,,,,,,,911000000,-0.040,553000000,,-0.111,59.09,,,,,,,,,,,,,,,,,,,,,9361151,false,false,6,2022-04-01,2022-09-30,-1
2023-11-10,83830,2024-03-31,2,,,,,,,,,1500000000,-0.086,1000000000,,-0.004,106.82,,,,,,,,,,,,,,,50.00,,,,,,,false,true,12,2023-04-01,2024-03-31,0
2023-11-10,83830,2023-03-31,2,,,,,,,,,,,,,,,,,,,,1097072000000,47879000000,0.043,,47767000000,,,,,,,,,,,,true,false,12,2022-04-01,2023-03-31,-1
2023-11-10,83830,2023-03-31,2,,,,,,,,,,,,,,,,,,,,1095607000000,47192000000,0.043,,47192000000,,,,,50.00,,,,9619938,259368,,false,false,12,2022-04-01,2023-03-31,-1
2023-11-10,83830,2024-03-31,2,,,,,,,,,,,,,,,,,,,,,,,,,,,,,25.00,,,,,,,false,false,12,2023-04-01,2024-03-31,0
2024-01-26,83830,2024-03-31,3,,,,,,,,,1457000000,-0.071,,952000000,,101.80,,,,,,1108185000000,49008000000,0.044,,48892000000,,,,,,,,,,,,true,false,9,2023-04-01,2023-12-31,0
2024-01-26,83830,2023-03-31,3,,,,,,,,,1568000000,0.030,,1049000000,,112.07,,,,,,,,,,,,,,,,,,,,,,true,false,9,2022-04-01,2022-12-31,-1
2024-01-26,83830,2024-03-31,3,,,,,,,,,1500000000,-0.123,,1000000000,,106.82,,,,,,,,,,,,,,,,,,,,,,true,true,12,2023-04-01,2024-03-31,0
2024-01-26,83830,2023-03-31,3,,,,,,,,,,,,,,,,,,,,1097072000000,47879000000,0.043,,47767000000,,,,,,,,,,,,true,false,12,2022-04-01,2023-03-31,-1
2024-01-26,83830,2023-03-31,3,,,,,,,,,,,,,,,,,,,,,,,,,,,,,50.00,,,,9619938,259368,,false,false,12,2022-04-01,2023-03-31,-1
2024-01-26,83830,2024-03-31,3,,,,,,,,,,,,,,,,,,,,,,,,,,,,,25.00,,,,,,,false,false,12,2023-04-01,2024-03-31,0
2024-01-26,83830,2024-03-31,3,,,,,,,,,,,,,,,,,,,,,,,,,,,,,50.00,,,,,,,false,true,12,2023-04-01,2024-03-31,0
2024-01-26,83830,2024-03-31,3,,,,,,,,,,,,,,,,,,,,,,,,,,,,,,,,,9619938,259772,9360465,false,false,9,2023-04-01,2023-12-31,0
2024-01-26,83830,2023-03-31,3,,,,,,,,,,,,,,,,,,,,,,,,,,,,,,,,,,,9361030,false,false,9,2022-04-01,2022-12-31,-1
2024-05-13,83830,2024-03-31,,,,,,,,,,1613000000,-0.057,,1056000000,,112.83,,0.021,0.001,,,1145623000000,50023000000,0.043,5331.70,49904000000,56655000000,-4002000000,-468000000,124764000000,,0.443,,,,,,true,false,12,2023-04-01,2024-03-31,0
2024-05-13,83830,2023-03-31,,,,,,,,,,1711000000,2.692,,1044000000,,111.57,,0.021,0.001,,,1097072000000,47879000000,0.043,5103.00,47767000000,-38201000000,11732000000,-471000000,72579000000,,0.448,,,,,,true,false,12,2022-04-01,2023-03-31,-1
2024-05-13,83830,2025-03-31,,,,,,,,,,1000000000,-0.130,,700000000,,74.78,,,,,,,,,,,,,,,,,,,,,,true,true,6,2024-04-01,2024-09-30,1
2024-05-13,83830,2025-03-31,,,,,,,,,,1500000000,-0.070,,1050000000,,112.17,,,,,,,,,,,,,,,,0.445,,,,,,true,true,12,2024-04-01,2025-03-31,1
2024-05-13,83830,2024-03-31,,,,,,,,,,1573000000,-0.041,1038000000,,0.033,110.96,,,,,,1143792000000,49027000000,0.042,5237.92,49027000000,,,,,50.00,,,,9619938,260004,9360376,false,false,12,2023-04-01,2024-03-31,0
2024-05-13,83830,2023-03-31,,,,,,,,,,1642000000,2.821,1004000000,,0.156,107.32,,,,,,1095607000000,47192000000,0.043,5041.53,47192000000,,,,,50.00,,,,9619938,259368,9360917,false,false,12,2022-04-01,2023-03-31,-1
2024-05-13,83830,2025-03-31,,,,,,,,,,1000000000,-0.109,700000000,,-0.053,74.78,,,,,,,,,,,,,,,,,,,,,,false,true,6,2024-04-01,2024-09-30,1
2024-05-13,83830,2025-03-31,,,,,,,,,,1500000000,-0.047,1050000000,,0.010,112.17,,,,,,,,,,,,,,,50.00,,,,,,,false,true,12,2024-04-01,2025-03-31,1
2024-08-01,83830,2025-03-31,1,,,,,,,,,837000000,0.261,,569000000,,60.87,,,,,,1129779000000,49809000000,0.043,,49690000000,,,,,,,,,,,,true,false,3,2024-04-01,2024-06-30,0
2024-08-01,83830,2024-03-31,1,,,,,,,,,664000000,0.073,,445000000,,47.59,,,,,,,,,,,,,,,,,,,,,,true,false,3,2023-04-01,2023-06-30,-1
2024-08-01,83830,2025-03-31,1,,,,,,,,,1000000000,-0.130,,700000000,,74.78,,,,,,,,,,,,,,,,,,,,,,true,true,6,2024-04-01,2024-09-30,0
2024-08-01,83830,2025-03-31,1,,,,,,,,,1500000000,-0.070,,1050000000,,112.17,,,,,,,,,,,,,,,,,,,,,,true,true,12,2024-04-01,2025-03-31,0
2024-08-01,83830,2024-03-31,1,,,,,,,,,,,,,,,,,,,,1145623000000,50023000000,0.043,,49904000000,,,,,,,,,,,,true,false,12,2023-04-01,2024-03-31,-1
2024-08-01,83830,2024-03-31,1,,,,,,,,,,,,,,,,,,,,,,,,,,,,,50.00,,,,9619938,260004,,false,false,12,2023-04-01,2024-03-31,-1
2024-08-01,83830,2025-03-31,1,,,,,,,,,,,,,,,,,,,,,,,,,,,,,50.00,,,,,,,false,true,12,2024-04-01,2025-03-31,0
2024-08-01,83830,2025-03-31,1,,,,,,,,,,,,,,,,,,,,,,,,,,,,,,,,,9619938,260176,9359857,false,false,3,2024-04-01,2024-06-30,0
2024-08-01,83830,2024-03-31,1,,,,,,,,,,,,,,,,,,,,,,,,,,,,,,,,,,,9360544,false,false,3,2023-04-01,2023-06-30,-1
2024-11-08,83830,2025-03-31,2,,,,,,,,,1042000000,-0.093,,713000000,,76.19,,,,,,1113212000000,49167000000,0.044,,49044000000,,,,,,,,,,,,true,false,6,2024-04-01,2024-09-30,0
2024-11-08,83830,2024-03-31,2,,,,,,,,,1150000000,0.199,,750000000,,80.22,,,,,,,,,,,,,,,,,,,,,,true,false,6,2023-04-01,2023-09-30,-1
2024-11-08,83830,2025-03-31,2,,,,,,,,,1500000000,-0.070,,1050000000,,112.18,,,,,,,,,,,,,,,,,,,,,,true,true,12,2024-04-01,2025-03-31,0
2024-11-08,83830,2025-03-31,2,,,,,,,,,1011000000,-0.098,696000000,,-0.058,74.38,,,,,,1111455000000,48200000000,0.043,,48200000000,,,,,,,,,9619938,260239,9359786,false,false,6,2024-04-01,2024-09-30,0
2024-11-08,83830,2024-03-31,2,,,,,,,,,1122000000,0.231,739000000,,0.336,78.95,,,,,,,,,,,,,,,,,,,,,9360518,false,false,6,2023-04-01,2023-09-30,-1
2024-11-08,83830,2025-03-31,2,,,,,,,,,1500000000,-0.047,1050000000,,0.010,112.17,,,,,,,,,,,,,,,50.00,,,,,,,false,true,12,2024-04-01,2025-03-31,0
2024-11-08,83830,2024-03-31,2,,,,,,,,,,,,,,,,,,,,1145623000000,50023000000,0.043,,49904000000,,,,,,,,,,,,true,false,12,2023-04-01,2024-03-31,-1
2024-11-08,83830,2024-03-31,2,,,,,,,,,,,,,,,,,,,,1143792000000,49027000000,0.042,,49027000000,,,,,50.00,,,,9619938,260004,,false,false,12,2023-04-01,2024-03-31,-1
2024-11-08,83830,2025-03-31,2,,,,,,,,,,,,,,,,,,,,,,,,,,,,,25.00,,,,,,,false,false,12,2024-04-01,2025-03-31,0
2025-01-31,83830,2025-03-31,3,,,,,,,,,1734000000,0.190,,1180000000,,126.12,,,,,,1105037000000,48985000000,0.044,,48862000000,,,,,,,,,,,,true,false,9,2024-04-01,2024-12-31,0
2025-01-31,83830,2024-03-31,3,,,,,,,,,1457000000,-0.071,,952000000,,101.80,,,,,,,,,,,,,,,,,,,,,,true,false,9,2023-04-01,2023-12-31,-1
2025-01-31,83830,2025-03-31,3,,,,,,,,,1500000000,-0.070,,1050000000,,112.18,,,,,,,,,,,,,,,,,,,,,,true,true,12,2024-04-01,2025-03-31,0
2025-01-31,83830,2024-03-31,3,,,,,,,,,,,,,,,,,,,,1145623000000,50023000000,0.043,,49904000000,,,,,,,,,,,,true,false,12,2023-04-01,2024-03-31,-1
2025-01-31,83830,2024-03-31,3,,,,,,,,,,,,,,,,,,,,,,,,,,,,,50.00,,,,9619938,260004,,false,false,12,2023-04-01,2024-03-31,-1
2025-01-31,83830,2025-03-31,3,,,,,,,,,,,,,,,,,,,,,,,,,,,,,25.00,,,,,,,false,false,12,2024-04-01,2025-03-31,0
2025-01-31,83830,2025-03-31,3,,,,,,,,,,,,,,,,,,,,,,,,,,,,,50.00,,,,,,,false,true,12,2024-04-01,2025-03-31,0
2025-01-31,83830,2025-03-31,3,,,,,,,,,,,,,,,,,,,,,,,,,,,,,,,,,9619938,260280,9359746,false,false,9,2024-04-01,2024-12-31,0
2025-01-31,83830,2024-03-31,3,,,,,,,,,,,,,,,,,,,,,,,,,,,,,,,,,,,9360465,false,false,9,2023-04-01,2023-12-31,-1
2025-05-12,83830,2025-03-31,,,,,,,,,,1901000000,0.178,,1313000000,,140.28,,0.026,0.001,,,1106482000000,48115000000,0.043,5127.31,47989000000,-37641000000,6612000000,-466000000,93268000000,,0.356,,,,,,true,false,12,2024-04-01,2025-03-31,0
2025-05-12,83830,2024-03-31,,,,,,,,,,1613000000,-0.057,,1056000000,,112.83,,0.021,0.001,,,1145623000000,50023000000,0.043,5331.70,49904000000,56655000000,-4002000000,-468000000,124764000000,,0.443,,,,,,true,false,12,2023-04-01,2024-03-31,-1
2025-05-12,83830,2026-03-31,,,,,,,,,,1000000000,-0.040,,700000000,,74.78,,,,,,,,,,,,,,,,,,,,,,true,true,6,2025-04-01,2025-09-30,1
2025-05-12,83830,2026-03-31,,,,,,,,,,1800000000,-0.053,,1250000000,,133.55,,,,,,,,,,,,,,,,0.374,,,,,,true,true,12,2025-04-01,2026-03-31,1
2025-05-12,83830,2025-03-31,,,,,,,,,,1802000000,0.145,1246000000,,0.199,133.13,,,,,,1104834000000,47347000000,0.042,5058.62,47347000000,,,,,50.00,,,,9619938,260397,9359709,false,false,12,2024-04-01,2025-03-31,0
2025-05-12,83830,2024-03-31,,,,,,,,,,1573000000,-0.041,1038000000,,0.033,110.96,,,,,,1143792000000,49027000000,0.042,5237.92,49027000000,,,,,50.00,,,,9619938,260004,9360376,false,false,12,2023-04-01,2024-03-31,-1
2025-05-12,83830,2026-03-31,,,,,,,,,,1000000000,-0.011,700000000,,0.005,74.78,,,,,,,,,,,,,,,,,,,,,,false,true,6,2025-04-01,2025-09-30,1
2025-05-12,83830,2026-03-31,,,,,,,,,,1800000000,-0.001,1250000000,,0.003,133.54,,,,,,,,,,,,,,,,,,,,,,false,true,12,2025-04-01,2026-03-31,1
,83830,2026-03-31,,,,,,,,,,,,,,,,,,,,,,,,,,,,,,50.00,,,,,,,false,true,12,2025-04-01,2026-03-31,0
,83830,2025-03-31,,,,,,,,,,,,,,,,,,,,,,,,,,,,,,50.00,,,,,,,false,false,12,2024-04-01,2025-03-31,-1
