filing_date,code,fiscal_year_end,quarterly_period,net_sales,net_sales_change,revenue,revenue_change,operating_revenue,operating_revenue_change,operating_profit,operating_profit_change,ordinary_profit,ordinary_profit_change,net_income,net_income_of_parent,net_income_change,eps,diluted_eps,roe,roa,operating_profit_to_net_sales,operating_profit_to_revenue,total_assets,net_assets,equity_ratio,bps,owner_equity,operating_cash_flow,investing_cash_flow,financing_cash_flow,cash,dividend_per_share,payout_ratio,commemorative_dividend,extra_dividend,number_of_shares,number_of_treqsury_shares,avg_number_of_shares,is_consolidated,is_forecast,duration,period_start,period_end,period_pos
2015-05-13,85510,2015-03-31,,,,,,,,,,4627000000,-0.115,4335000000,,0.573,506.92,505.22,0.067,0.003,,,1467137000000,69880000000,0.048,8163.11,69805000000,70997000000,-27086000000,-515000000,117836000000,,0.118,,,,,,true,false,12,2014-04-01,2015-03-31,0
2015-05-13,85510,2014-03-31,,,,,,,,,,5226000000,0.249,2756000000,,0.312,322.33,321.84,0.047,0.004,,,1431842000000,60434000000,0.042,7062.22,60397000000,93724000000,-48480000000,-514000000,74437000000,,0.186,,,,,,true,false,12,2013-04-01,2014-03-31,-1
2015-05-13,85510,2016-03-31,,,,,,,,,,2300000000,0.082,,1350000000,,157.86,,,,,,,,,,,,,,,,,,,,,,true,true,6,2015-04-01,2015-09-30,1
2015-05-13,85510,2016-03-31,,,,,,,,,,4300000000,-0.071,,2600000000,,304.04,,,,,,,,,,,,,,,,0.197,,,,,,true,true,12,2015-04-01,2016-03-31,1
2015-05-13,85510,2015-03-31,,,,,,,,,,4397000000,-0.117,4157000000,,0.584,486.16,484.53,,,,,1465290000000,68049000000,0.046,7948.98,67974000000,,,,,60.00,,,,8793776,242403,8551790,false,false,12,2014-04-01,2015-03-31,0
2015-05-13,85510,2014-03-31,,,,,,,,,,4981000000,0.236,2625000000,,0.305,306.97,306.50,,,,,1430667000000,59220000000,0.041,6920.21,59182000000,,,,,60.00,,,,8793776,241603,8552611,false,false,12,2013-04-01,2014-03-31,-1
2015-05-13,85510,2016-03-31,,,,,,,,,,2200000000,0.086,1300000000,,0.091,152.02,,,,,,,,,,,,,,,,,,,,,,false,true,6,2015-04-01,2015-09-30,1
2015-05-13,85510,2016-03-31,,,,,,,,,,4100000000,-0.068,2500000000,,-0.399,292.35,,,,,,,,,,,,,,,60.00,,,,,,,false,true,12,2015-04-01,2016-03-31,1
2015-07-31,85510,2016-03-31,1,,,,,,,,,1901000000,1.559,,1243000000,,145.39,144.83,,,,,1505789000000,70291000000,0.047,,70216000000,,,,,,,,,,,,true,false,3,2015-04-01,2015-06-30,0
2015-07-31,85510,2015-03-31,1,,,,,,,,,743000000,-0.145,,471000000,,55.08,54.97,,,,,,,,,,,,,,,,,,,,,true,false,3,2014-04-01,2014-06-30,-1
2015-07-31,85510,2016-03-31,1,,,,,,,,,2300000000,0.082,,1350000000,,157.86,,,,,,,,,,,,,,,,,,,,,,true,true,6,2015-04-01,2015-09-30,0
2015-07-31,85510,2016-03-31,1,,,,,,,,,4300000000,-0.071,,2600000000,,304.04,,,,,,,,,,,,,,,,,,,,,,true,true,12,2015-04-01,2016-03-31,0
2015-07-31,85510,2015-03-31,1,,,,,,,,,,,,,,,,,,,,1467137000000,69880000000,0.048,,69805000000,,,,,,,,,,,,true,false,12,2014-04-01,2015-03-31,-1
2015-07-31,85510,2015-03-31,1,,,,,,,,,,,,,,,,,,,,,,,,,,,,,60.00,,,,8793776,242403,,false,false,12,2014-04-01,2015-03-31,-1
2015-07-31,85510,2016-03-31,1,,,,,,,,,,,,,,,,,,,,,,,,,,,,,60.00,,,,,,,false,true,12,2015-04-01,2016-03-31,0
2015-07-31,85510,2016-03-31,1,,,,,,,,,,,,,,,,,,,,,,,,,,,,,,,,,8793776,242686,8551223,false,false,3,2015-04-01,2015-06-30,0
2015-07-31,85510,2015-03-31,1,,,,,,,,,,,,,,,,,,,,,,,,,,,,,,,,,,,8552053,false,false,3,2014-04-01,2014-06-30,-1
2015-11-13,85510,2016-03-31,2,,,,,,,,,2864000000,0.347,,1714000000,,200.45,199.56,,,,,1502910000000,69121000000,0.046,,69011000000,,,,,,,,,,,,true,false,6,2015-04-01,2015-09-30,0
2015-11-13,85510,2015-03-31,2,,,,,,,,,2126000000,-0.154,,1290000000,,150.93,150.50,,,,,,,,,,,,,,,,,,,,,true,false,6,2014-04-01,2014-09-30,-1
2015-11-13,85510,2016-03-31,2,,,,,,,,,4300000000,-0.071,,2600000000,,304.06,,,,,,,,,,,,,,,,,,,,,,true,true,12,2015-04-01,2016-03-31,0
2015-11-13,85510,2016-03-31,2,,,,,,,,,2741000000,0.354,1638000000,,0.374,191.56,,,,,,1501316000000,67193000000,0.045,,67083000000,,,,,,,,,8793776,243062,8551035,false,false,6,2015-04-01,2015-09-30,0
2015-11-13,85510,2015-03-31,2,,,,,,,,,2025000000,-0.157,1192000000,,-0.040,139.38,,,,,,,,,,,,,,,,,,,,,8551945,false,false,6,2014-04-01,2014-09-30,-1
2015-11-13,85510,2016-03-31,2,,,,,,,,,4100000000,-0.068,2500000000,,-0.399,292.37,,,,,,,,,,,,,,,60.00,,,,,,,false,true,12,2015-04-01,2016-03-31,0
2015-11-13,85510,2015-03-31,2,,,,,,,,,,,,,,,,,,,,1467137000000,69880000000,0.048,,69805000000,,,,,,,,,,,,true,false,12,2014-04-01,2015-03-31,-1
2015-11-13,85510,2015-03-31,2,,,,,,,,,,,,,,,,,,,,1465290000000,68049000000,0.046,,67974000000,,,,,60.00,,,,8793776,242403,,false,false,12,2014-04-01,2015-03-31,-1
2015-11-13,85510,2016-03-31,2,,,,,,,,,,,,,,,,,,,,,,,,,,,,,30.00,,,,,,,false,false,12,2015-04-01,2016-03-31,0
2016-01-29,85510,2016-03-31,3,,,,,,,,,4598000000,0.232,,2841000000,,332.34,330.79,,,,,1492506000000,71162000000,0.048,,71052000000,,,,,,,,,,,,true,false,9,2015-04-01,2015-12-31,0
2016-01-29,85510,2015-03-31,3,,,,,,,,,3731000000,-0.146,,2255000000,,263.78,262.94,,,,,,,,,,,,,,,,,,,,,true,false,9,2014-04-01,2014-12-31,-1
2016-01-29,85510,2016-03-31,3,,,,,,,,,4300000000,-0.071,,2600000000,,304.06,,,,,,,,,,,,,,,,,,,,,,true,true,12,2015-04-01,2016-03-31,0
2016-01-29,85510,2015-03-31,3,,,,,,,,,,,,,,,,,,,,1467137000000,69880000000,0.048,,69805000000,,,,,,,,,,,,true,false,12,2014-04-01,2015-03-31,-1
2016-01-29,85510,2015-03-31,3,,,,,,,,,,,,,,,,,,,,,,,,,,,,,60.00,,,,8793776,242403,,false,false,12,2014-04-01,2015-03-31,-1
2016-01-29,85510,2016-03-31,3,,,,,,,,,,,,,,,,,,,,,,,,,,,,,30.00,,,,,,,false,false,12,2015-04-01,2016-03-31,0
2016-01-29,85510,2016-03-31,3,,,,,,,,,,,,,,,,,,,,,,,,,,,,,60.00,,,,,,,false,true,12,2015-04-01,2016-03-31,0
2016-01-29,85510,2016-03-31,3,,,,,,,,,,,,,,,,,,,,,,,,,,,,,,,,,8793776,243395,8550898,false,false,9,2015-04-01,2015-12-31,0
2016-01-29,85510,2015-03-31,3,,,,,,,,,,,,,,,,,,,,,,,,,,,,,,,,,,,8551869,false,false,9,2014-04-01,2014-12-31,-1
2016-05-13,85510,2016-03-31,,,,,,,,,,4306000000,-0.069,,2819000000,,329.70,328.13,0.040,0.003,,,1481148000000,71247000000,0.048,8319.85,71137000000,26515000000,-35625000000,-3516000000,105210000000,,0.182,,,,,,true,false,12,2015-04-01,2016-03-31,0
2016-05-13,85510,2015-03-31,,,,,,,,,,4627000000,-0.115,,4335000000,,506.92,505.22,0.067,0.003,,,1467137000000,69880000000,0.048,8163.11,69805000000,70997000000,-27086000000,-515000000,117836000000,,0.118,,,,,,true,false,12,2014-04-01,2015-03-31,-1
2016-05-13,85510,2017-03-31,,,,,,,,,,1500000000,-0.476,,850000000,,99.41,,,,,,,,,,,,,,,,,,,,,,true,true,6,2016-04-01,2016-09-30,1
2016-05-13,85510,2017-03-31,,,,,,,,,,3800000000,-0.118,,2400000000,,280.69,,,,,,,,,,,,,,,,0.214,,,,,,true,true,12,2016-04-01,2017-03-31,1
2016-05-13,85510,2016-03-31,,,,,,,,,,4079000000,-0.072,2681000000,,-0.355,313.63,312.13,,,,,1480293000000,69984000000,0.047,8172.22,69875000000,,,,,60.00,,,,8793776,243474,8550754,false,false,12,2015-04-01,2016-03-31,0
2016-05-13,85510,2015-03-31,,,,,,,,,,4397000000,-0.117,4157000000,,0.584,486.16,484.53,,,,,1465290000000,68049000000,0.046,7948.98,67974000000,,,,,60.00,,,,8793776,242403,8551790,false,false,12,2014-04-01,2015-03-31,-1
2016-05-13,85510,2017-03-31,,,,,,,,,,1400000000,-0.489,800000000,,-0.512,93.56,,,,,,,,,,,,,,,,,,,,,,false,true,6,2016-04-01,2016-09-30,1
2016-05-13,85510,2017-03-31,,,,,,,,,,3600000000,-0.118,2300000000,,-0.142,268.99,,,,,,,,,,,,,,,60.00,,,,,,,false,true,12,2016-04-01,2017-03-31,1
2016-07-29,85510,2017-03-31,1,,,,,,,,,829000000,-0.564,,559000000,,65.39,65.08,,,,,1490187000000,70454000000,0.047,,70356000000,,,,,,,,,,,,true,false,3,2016-04-01,2016-06-30,0
2016-07-29,85510,2016-03-31,1,,,,,,,,,1901000000,1.559,,1243000000,,145.39,144.83,,,,,,,,,,,,,,,,,,,,,true,false,3,2015-04-01,2015-06-30,-1
2016-07-29,85510,2017-03-31,1,,,,,,,,,1500000000,-0.476,,850000000,,99.36,,,,,,,,,,,,,,,,,,,,,,true,true,6,2016-04-01,2016-09-30,0
2016-07-29,85510,2017-03-31,1,,,,,,,,,3800000000,-0.118,,2400000000,,280.55,,,,,,,,,,,,,,,,,,,,,,true,true,12,2016-04-01,2017-03-31,0
2016-07-29,85510,2016-03-31,1,,,,,,,,,,,,,,,,,,,,1481148000000,71247000000,0.048,,71137000000,,,,,,,,,,,,true,false,12,2015-04-01,2016-03-31,-1
2016-07-29,85510,2016-03-31,1,,,,,,,,,,,,,,,,,,,,,,,,,,,,,60.00,,,,8793776,243474,,false,false,12,2015-04-01,2016-03-31,-1
2016-07-29,85510,2017-03-31,1,,,,,,,,,,,,,,,,,,,,,,,,,,,,,60.00,,,,,,,false,true,12,2016-04-01,2017-03-31,0
2016-07-29,85510,2017-03-31,1,,,,,,,,,,,,,,,,,,,,,,,,,,,,,,,,,8793776,238496,8552601,false,false,3,2016-04-01,2016-06-30,0
2016-07-29,85510,2016-03-31,1,,,,,,,,,,,,,,,,,,,,,,,,,,,,,,,,,,,8551223,false,false,3,2015-04-01,2015-06-30,-1
2016-11-11,85510,2017-03-31,2,,,,,,,,,1801000000,-0.371,,1078000000,,126.12,125.43,,,,,1480885000000,69737000000,0.047,,69602000000,,,,,,,,,,,,true,false,6,2016-04-01,2016-09-30,0
2016-11-11,85510,2016-03-31,2,,,,,,,,,2864000000,0.347,,1714000000,,200.45,199.56,,,,,,,,,,,,,,,,,,,,,true,false,6,2015-04-01,2015-09-30,-1
2016-11-11,85510,2017-03-31,2,,,,,,,,,3700000000,-0.141,,2300000000,,268.84,,,,,,,,,,,,,,,,,,,,,,true,true,12,2016-04-01,2017-03-31,0
2016-11-11,85510,2017-03-31,2,,,,,,,,,1647000000,-0.399,981000000,,-0.401,114.76,,,,,,1479417000000,68269000000,0.046,,68134000000,,,,,,,,,8793776,238559,8553922,false,false,6,2016-04-01,2016-09-30,0
2016-11-11,85510,2016-03-31,2,,,,,,,,,2741000000,0.354,1638000000,,0.374,191.56,,,,,,,,,,,,,,,,,,,,,8551035,false,false,6,2015-04-01,2015-09-30,-1
2016-11-11,85510,2017-03-31,2,,,,,,,,,3500000000,-0.142,2200000000,,-0.180,257.15,,,,,,,,,,,,,,,60.00,,,,,,,false,true,12,2016-04-01,2017-03-31,0
2016-11-11,85510,2016-03-31,2,,,,,,,,,,,,,,,,,,,,1481148000000,71247000000,0.048,,71137000000,,,,,,,,,,,,true,false,12,2015-04-01,2016-03-31,-1
2016-11-11,85510,2016-03-31,2,,,,,,,,,,,,,,,,,,,,1480293000000,69984000000,0.047,,69875000000,,,,,60.00,,,,8793776,243474,,false,false,12,2015-04-01,2016-03-31,-1
2016-11-11,85510,2017-03-31,2,,,,,,,,,,,,,,,,,,,,,,,,,,,,,30.00,,,,,,,false,false,12,2016-04-01,2017-03-31,0
2017-01-31,85510,2017-03-31,3,,,,,,,,,3313000000,-0.279,,2115000000,,247.27,245.85,,,,,1475865000000,70278000000,0.048,,70143000000,,,,,,,,,,,,true,false,9,2016-04-01,2016-12-31,0
2017-01-31,85510,2016-03-31,3,,,,,,,,,4598000000,0.232,,2841000000,,332.34,330.79,,,,,,,,,,,,,,,,,,,,,true,false,9,2015-04-01,2015-12-31,-1
2017-01-31,85510,2017-03-31,3,,,,,,,,,3700000000,-0.141,,2300000000,,268.84,,,,,,,,,,,,,,,,,,,,,,true,true,12,2016-04-01,2017-03-31,0
2017-01-31,85510,2016-03-31,3,,,,,,,,,,,,,,,,,,,,1481148000000,71247000000,0.048,,71137000000,,,,,,,,,,,,true,false,12,2015-04-01,2016-03-31,-1
2017-01-31,85510,2016-03-31,3,,,,,,,,,,,,,,,,,,,,,,,,,,,,,60.00,,,,8793776,243474,,false,false,12,2015-04-01,2016-03-31,-1
2017-01-31,85510,2017-03-31,3,,,,,,,,,,,,,,,,,,,,,,,,,,,,,30.00,,,,,,,false,false,12,2016-04-01,2017-03-31,0
2017-01-31,85510,2017-03-31,3,,,,,,,,,,,,,,,,,,,,,,,,,,,,,60.00,,,,,,,false,true,12,2016-04-01,2017-03-31,0
2017-01-31,85510,2017-03-31,3,,,,,,,,,,,,,,,,,,,,,,,,,,,,,,,,,8793776,238724,8554324,false,false,9,2016-04-01,2016-12-31,0
2017-01-31,85510,2016-03-31,3,,,,,,,,,,,,,,,,,,,,,,,,,,,,,,,,,,,8550898,false,false,9,2015-04-01,2015-12-31,-1
2017-05-12,85510,2017-03-31,,,,,,,,,,4301000000,-0.001,,2724000000,,318.48,316.61,0.039,0.003,,,1444000000000,69854000000,0.048,8149.52,69719000000,-32947000000,45623000000,-514000000,117372000000,,0.188,,,,,,true,false,12,2016-04-01,2017-03-31,0
2017-05-12,85510,2016-03-31,,,,,,,,,,4306000000,-0.069,,2819000000,,329.70,328.13,0.040,0.003,,,1481148000000,71247000000,0.048,8319.85,71137000000,26515000000,-35625000000,-3516000000,105210000000,,0.182,,,,,,true,false,12,2015-04-01,2016-03-31,-1
2017-05-12,85510,2018-03-31,,,,,,,,,,1300000000,-0.279,,750000000,,87.66,,,,,,,,,,,,,,,,,,,,,,true,true,6,2017-04-01,2017-09-30,1
2017-05-12,85510,2018-03-31,,,,,,,,,,3300000000,-0.233,,2100000000,,245.47,,,,,,,,,,,,,,,,0.244,,,,,,true,true,12,2017-04-01,2018-03-31,1
2017-05-12,85510,2017-03-31,,,,,,,,,,3964000000,-0.028,2509000000,,-0.064,293.30,291.57,,,,,1441707000000,68005000000,0.047,7933.44,67870000000,,,,,60.00,,,,8793776,238774,8554498,false,false,12,2016-04-01,2017-03-31,0
2017-05-12,85510,2016-03-31,,,,,,,,,,4079000000,-0.072,2681000000,,-0.355,313.63,312.13,,,,,1480293000000,69984000000,0.047,8172.22,69875000000,,,,,60.00,,,,8793776,243474,8550754,false,false,12,2015-04-01,2016-03-31,-1
2017-05-12,85510,2018-03-31,,,,,,,,,,1200000000,-0.272,700000000,,-0.287,81.82,,,,,,,,,,,,,,,,,,,,,,false,true,6,2017-04-01,2017-09-30,1
2017-05-12,85510,2018-03-31,,,,,,,,,,3100000000,-0.218,2000000000,,-0.203,233.78,,,,,,,,,,,,,,,60.00,,,,,,,false,true,12,2017-04-01,2018-03-31,1
2017-07-31,85510,2018-03-31,1,,,,,,,,,600000000,-0.276,,400000000,,46.87,46.57,,,,,1459952000000,70438000000,0.048,,70303000000,,,,,,,,,,,,true,false,3,2017-04-01,2017-06-30,0
2017-07-31,85510,2017-03-31,1,,,,,,,,,829000000,-0.564,,559000000,,65.39,65.08,,,,,,,,,,,,,,,,,,,,,true,false,3,2016-04-01,2016-06-30,-1
2017-07-31,85510,2018-03-31,1,,,,,,,,,1300000000,-0.279,,750000000,,87.66,,,,,,,,,,,,,,,,,,,,,,true,true,6,2017-04-01,2017-09-30,0
2017-07-31,85510,2018-03-31,1,,,,,,,,,3300000000,-0.233,,2100000000,,245.47,,,,,,,,,,,,,,,,,,,,,,true,true,12,2017-04-01,2018-03-31,0
2017-07-31,85510,2017-03-31,1,,,,,,,,,,,,,,,,,,,,1444000000000,69854000000,0.048,,69719000000,,,,,,,,,,,,true,false,12,2016-04-01,2017-03-31,-1
2017-07-31,85510,2017-03-31,1,,,,,,,,,,,,,,,,,,,,,,,,,,,,,60.00,,,,8793776,238774,,false,false,12,2016-04-01,2017-03-31,-1
2017-07-31,85510,2018-03-31,1,,,,,,,,,,,,,,,,,,,,,,,,,,,,,60.00,,,,,,,false,true,12,2017-04-01,2018-03-31,0
2017-07-31,85510,2018-03-31,1,,,,,,,,,,,,,,,,,,,,,,,,,,,,,,,,,8793776,238874,8554944,false,false,3,2017-04-01,2017-06-30,0
2017-07-31,85510,2017-03-31,1,,,,,,,,,,,,,,,,,,,,,,,,,,,,,,,,,,,8552601,false,false,3,2016-04-01,2016-06-30,-1
2017-10-27,85510,2018-03-31,,,,,,,,,,1700000000,0.308,,1000000000,,116.86,,,,,,,,,,,,,,,,,,,,,,true,true,6,2017-04-01,2017-09-30,0
2017-10-27,85510,2017-03-31,,,,,,,,,,1801000000,,,1078000000,,126.12,,,,,,,,,,,,,,,,,,,,,,true,false,6,2016-04-01,2016-09-30,-1
2017-10-27,85510,2018-03-31,,,,,,,,,,1500000000,0.250,900000000,,0.286,105.18,,,,,,,,,,,,,,,,,,,,,,false,true,6,2017-04-01,2017-09-30,0
2017-10-27,85510,2017-03-31,,,,,,,,,,1647000000,,981000000,,,114.76,,,,,,,,,,,,,,,,,,,,,,false,false,6,2016-04-01,2016-09-30,-1
2017-11-10,85510,2018-03-31,2,,,,,,,,,1711000000,-0.050,,1043000000,,121.92,121.09,,,,,1475324000000,71357000000,0.048,,71186000000,,,,,,,,,,,,true,false,6,2017-04-01,2017-09-30,0
2017-11-10,85510,2017-03-31,2,,,,,,,,,1801000000,-0.371,,1078000000,,126.12,125.43,,,,,,,,,,,,,,,,,,,,,true,false,6,2016-04-01,2016-09-30,-1
2017-11-10,85510,2018-03-31,2,,,,,,,,,3300000000,-0.233,,2100000000,,245.35,,,,,,,,,,,,,,,,,,,,,,true,true,12,2017-04-01,2018-03-31,0
2017-11-10,85510,2018-03-31,2,,,,,,,,,1563000000,-0.051,947000000,,-0.034,110.77,,,,,,1473192000000,69310000000,0.047,,69140000000,,,,,,,,,8793776,234828,8556980,false,false,6,2017-04-01,2017-09-30,0
2017-11-10,85510,2017-03-31,2,,,,,,,,,1647000000,-0.399,981000000,,-0.401,114.76,,,,,,,,,,,,,,,,,,,,,8553922,false,false,6,2016-04-01,2016-09-30,-1
2017-11-10,85510,2018-03-31,2,,,,,,,,,3100000000,-0.218,2000000000,,-0.203,233.67,,,,,,,,,,,,,,,60.00,,,,,,,false,true,12,2017-04-01,2018-03-31,0
2017-11-10,85510,2017-03-31,2,,,,,,,,,,,,,,,,,,,,1444000000000,69854000000,0.048,,69719000000,,,,,,,,,,,,true,false,12,2016-04-01,2017-03-31,-1
2017-11-10,85510,2017-03-31,2,,,,,,,,,,,,,,,,,,,,1441707000000,68005000000,0.047,,67870000000,,,,,60.00,,,,8793776,238774,,false,false,12,2016-04-01,2017-03-31,-1
2017-11-10,85510,2018-03-31,2,,,,,,,,,,,,,,,,,,,,,,,,,,,,,30.00,,,,,,,false,false,12,2017-04-01,2018-03-31,0
2018-01-31,85510,2018-03-31,3,,,,,,,,,3129000000,-0.056,,1995000000,,233.22,231.58,,,,,1465226000000,72317000000,0.049,,72147000000,,,,,,,,,,,,true,false,9,2017-04-01,2017-12-31,0
2018-01-31,85510,2017-03-31,3,,,,,,,,,3313000000,-0.279,,2115000000,,247.27,245.85,,,,,,,,,,,,,,,,,,,,,true,false,9,2016-04-01,2016-12-31,-1
2018-01-31,85510,2018-03-31,3,,,,,,,,,3300000000,-0.233,,2100000000,,245.35,,,,,,,,,,,,,,,,,,,,,,true,true,12,2017-04-01,2018-03-31,0
2018-01-31,85510,2017-03-31,3,,,,,,,,,,,,,,,,,,,,1444000000000,69854000000,0.048,,69719000000,,,,,,,,,,,,true,false,12,2016-04-01,2017-03-31,-1
2018-01-31,85510,2017-03-31,3,,,,,,,,,,,,,,,,,,,,,,,,,,,,,60.00,,,,8793776,238774,,false,false,12,2016-04-01,2017-03-31,-1
2018-01-31,85510,2018-03-31,3,,,,,,,,,,,,,,,,,,,,,,,,,,,,,30.00,,,,,,,false,false,12,2017-04-01,2018-03-31,0
2018-01-31,85510,2018-03-31,3,,,,,,,,,,,,,,,,,,,,,,,,,,,,,60.00,,,,,,,false,true,12,2017-04-01,2018-03-31,0
2018-01-31,85510,2018-03-31,3,,,,,,,,,,,,,,,,,,,,,,,,,,,,,,,,,8793776,234933,8557624,false,false,9,2017-04-01,2017-12-31,0
2018-01-31,85510,2017-03-31,3,,,,,,,,,,,,,,,,,,,,,,,,,,,,,,,,,,,8554324,false,false,9,2016-04-01,2016-12-31,-1
2018-05-14,85510,2018-03-31,,,,,,,,,,2472000000,-0.425,,1622000000,,189.54,188.18,0.023,0.002,,,1426039000000,71022000000,0.050,8278.27,70851000000,-39403000000,54301000000,-515000000,131754000000,,0.317,,,,,,true,false,12,2017-04-01,2018-03-31,0
2018-05-14,85510,2017-03-31,,,,,,,,,,4301000000,-0.001,,2724000000,,318.48,316.61,0.039,0.003,,,1444000000000,69854000000,0.048,8149.52,69719000000,-32947000000,45623000000,-514000000,117372000000,,0.188,,,,,,true,false,12,2016-04-01,2017-03-31,-1
2018-05-14,85510,2019-03-31,,,,,,,,,,1100000000,-0.357,,600000000,,70.10,,,,,,,,,,,,,,,,,,,,,,true,true,6,2018-04-01,2018-09-30,1
2018-05-14,85510,2019-03-31,,,,,,,,,,2600000000,0.051,,1700000000,,198.62,,,,,,,,,,,,,,,,0.302,,,,,,true,true,12,2018-04-01,2019-03-31,1
2018-05-14,85510,2018-03-31,,,,,,,,,,2142000000,-0.460,1409000000,,-0.438,164.64,163.46,,,,,1424923000000,68678000000,0.048,8004.42,68507000000,,,,,60.00,,,,8793776,235049,8557914,false,false,12,2017-04-01,2018-03-31,0
2018-05-14,85510,2017-03-31,,,,,,,,,,3964000000,-0.028,2509000000,,-0.064,293.30,291.57,,,,,1441707000000,68005000000,0.047,7933.44,67870000000,,,,,60.00,,,,8793776,238774,8554498,false,false,12,2016-04-01,2017-03-31,-1
2018-05-14,85510,2019-03-31,,,,,,,,,,1000000000,-0.360,500000000,,-0.473,58.41,,,,,,,,,,,,,,,,,,,,,,false,true,6,2018-04-01,2018-09-30,1
2018-05-14,85510,2019-03-31,,,,,,,,,,2300000000,0.074,1500000000,,0.065,175.25,,,,,,,,,,,,,,,60.00,,,,,,,false,true,12,2018-04-01,2019-03-31,1
2018-07-31,85510,2019-03-31,1,,,,,,,,,459000000,-0.235,,284000000,,33.24,32.99,,,,,1461111000000,71190000000,0.049,,71019000000,,,,,,,,,,,,true,false,3,2018-04-01,2018-06-30,0
2018-07-31,85510,2018-03-31,1,,,,,,,,,600000000,-0.276,,400000000,,46.87,46.57,,,,,,,,,,,,,,,,,,,,,true,false,3,2017-04-01,2017-06-30,-1
2018-07-31,85510,2019-03-31,1,,,,,,,,,1100000000,-0.357,,600000000,,70.10,,,,,,,,,,,,,,,,,,,,,,true,true,6,2018-04-01,2018-09-30,0
2018-07-31,85510,2019-03-31,1,,,,,,,,,2600000000,0.051,,1700000000,,198.62,,,,,,,,,,,,,,,,,,,,,,true,true,12,2018-04-01,2019-03-31,0
2018-07-31,85510,2018-03-31,1,,,,,,,,,,,,,,,,,,,,1426039000000,71022000000,0.050,,70851000000,,,,,,,,,,,,true,false,12,2017-04-01,2018-03-31,-1
2018-07-31,85510,2018-03-31,1,,,,,,,,,,,,,,,,,,,,,,,,,,,,,60.00,,,,8793776,235049,,false,false,12,2017-04-01,2018-03-31,-1
2018-07-31,85510,2019-03-31,1,,,,,,,,,,,,,,,,,,,,,,,,,,,,,60.00,,,,,,,false,true,12,2018-04-01,2019-03-31,0
2018-07-31,85510,2019-03-31,1,,,,,,,,,,,,,,,,,,,,,,,,,,,,,,,,,8793776,235183,8558609,false,false,3,2018-04-01,2018-06-30,0
2018-07-31,85510,2018-03-31,1,,,,,,,,,,,,,,,,,,,,,,,,,,,,,,,,,,,8554944,false,false,3,2017-04-01,2017-06-30,-1
2018-10-31,85510,2019-03-31,,,,,,,,,,1700000000,0.545,,900000000,,105.15,,,,,,,,,,,,,,,,,,,,,,true,true,6,2018-04-01,2018-09-30,0
2018-10-31,85510,2018-03-31,,,,,,,,,,1711000000,,,1043000000,,121.92,,,,,,,,,,,,,,,,,,,,,,true,false,6,2017-04-01,2017-09-30,-1
2018-10-31,85510,2019-03-31,,,,,,,,,,1900000000,0.900,1100000000,,1.200,128.52,,,,,,,,,,,,,,,,,,,,,,false,true,6,2018-04-01,2018-09-30,0
2018-10-31,85510,2018-03-31,,,,,,,,,,1563000000,,947000000,,,110.77,,,,,,,,,,,,,,,,,,,,,,false,false,6,2017-04-01,2017-09-30,-1
2018-11-12,85510,2019-03-31,2,,,,,,,,,1776000000,0.038,,913000000,,106.77,105.86,,,,,1451816000000,71547000000,0.049,,71333000000,,,,,,,,,,,,true,false,6,2018-04-01,2018-09-30,0
2018-11-12,85510,2018-03-31,2,,,,,,,,,1711000000,-0.050,,1043000000,,121.92,121.09,,,,,,,,,,,,,,,,,,,,,true,false,6,2017-04-01,2017-09-30,-1
2018-11-12,85510,2019-03-31,2,,,,,,,,,2900000000,0.173,,1700000000,,198.63,,,,,,,,,,,,,,,,,,,,,,true,true,12,2018-04-01,2019-03-31,0
2018-11-12,85510,2019-03-31,2,,,,,,,,,1928000000,0.234,1108000000,,0.169,129.51,,,,,,1449859000000,69348000000,0.048,,69134000000,,,,,,,,,8793776,235542,8558497,false,false,6,2018-04-01,2018-09-30,0
2018-11-12,85510,2018-03-31,2,,,,,,,,,1563000000,-0.051,947000000,,-0.034,110.77,,,,,,,,,,,,,,,,,,,,,8556980,false,false,6,2017-04-01,2017-09-30,-1
2018-11-12,85510,2019-03-31,2,,,,,,,,,2900000000,0.354,1800000000,,0.277,210.32,,,,,,,,,,,,,,,60.00,,,,,,,false,true,12,2018-04-01,2019-03-31,0
2018-11-12,85510,2018-03-31,2,,,,,,,,,,,,,,,,,,,,1426039000000,71022000000,0.050,,70851000000,,,,,,,,,,,,true,false,12,2017-04-01,2018-03-31,-1
2018-11-12,85510,2018-03-31,2,,,,,,,,,,,,,,,,,,,,1424923000000,68678000000,0.048,,68507000000,,,,,60.00,,,,8793776,235049,,false,false,12,2017-04-01,2018-03-31,-1
2018-11-12,85510,2019-03-31,2,,,,,,,,,,,,,,,,,,,,,,,,,,,,,30.00,,,,,,,false,false,12,2018-04-01,2019-03-31,0
2019-01-31,85510,2019-03-31,3,,,,,,,,,2832000000,-0.095,,1630000000,,190.56,188.87,,,,,1444362000000,70854000000,0.049,,70640000000,,,,,,,,,,,,true,false,9,2018-04-01,2018-12-31,0
2019-01-31,85510,2018-03-31,3,,,,,,,,,3129000000,-0.056,,1995000000,,233.22,231.58,,,,,,,,,,,,,,,,,,,,,true,false,9,2017-04-01,2017-12-31,-1
2019-01-31,85510,2019-03-31,3,,,,,,,,,2900000000,0.173,,1700000000,,198.63,,,,,,,,,,,,,,,,,,,,,,true,true,12,2018-04-01,2019-03-31,0
2019-01-31,85510,2018-03-31,3,,,,,,,,,,,,,,,,,,,,1426039000000,71022000000,0.050,,70851000000,,,,,,,,,,,,true,false,12,2017-04-01,2018-03-31,-1
2019-01-31,85510,2018-03-31,3,,,,,,,,,,,,,,,,,,,,,,,,,,,,,60.00,,,,8793776,235049,,false,false,12,2017-04-01,2018-03-31,-1
2019-01-31,85510,2019-03-31,3,,,,,,,,,,,,,,,,,,,,,,,,,,,,,30.00,,,,,,,false,false,12,2018-04-01,2019-03-31,0
2019-01-31,85510,2019-03-31,3,,,,,,,,,,,,,,,,,,,,,,,,,,,,,60.00,,,,,,,false,true,12,2018-04-01,2019-03-31,0
2019-01-31,85510,2019-03-31,3,,,,,,,,,,,,,,,,,,,,,,,,,,,,,,,,,8793776,235730,8558393,false,false,9,2018-04-01,2018-12-31,0
2019-01-31,85510,2018-03-31,3,,,,,,,,,,,,,,,,,,,,,,,,,,,,,,,,,,,8557624,false,false,9,2017-04-01,2017-12-31,-1
2019-05-14,85510,2019-03-31,,,,,,,,,,2539000000,0.027,,1304000000,,152.42,151.04,0.018,0.002,,,1434615000000,71921000000,0.050,8379.14,71708000000,-8379000000,2153000000,-3515000000,122014000000,,0.394,,,,,,true,false,12,2018-04-01,2019-03-31,0
2019-05-14,85510,2018-03-31,,,,,,,,,,2472000000,-0.425,,1622000000,,189.54,188.18,0.023,0.002,,,1426039000000,71022000000,0.050,8278.27,70851000000,-39403000000,54301000000,-515000000,131754000000,,0.317,,,,,,true,false,12,2017-04-01,2018-03-31,-1
2019-05-14,85510,2020-03-31,,,,,,,,,,1000000000,-0.437,,500000000,,58.42,,,,,,,,,,,,,,,,,,,,,,true,true,6,2019-04-01,2019-09-30,1
2019-05-14,85510,2020-03-31,,,,,,,,,,2500000000,-0.015,,1500000000,,175.27,,,,,,,,,,,,,,,,0.342,,,,,,true,true,12,2019-04-01,2020-03-31,1
2019-05-14,85510,2019-03-31,,,,,,,,,,2582000000,0.206,1433000000,,0.017,167.45,165.94,,,,,1432341000000,69821000000,0.049,8133.72,69608000000,,,,,60.00,,,,8793776,235810,8558297,false,false,12,2018-04-01,2019-03-31,0
2019-05-14,85510,2018-03-31,,,,,,,,,,2142000000,-0.460,1409000000,,-0.438,164.64,163.46,,,,,1424923000000,68678000000,0.048,8004.42,68507000000,,,,,60.00,,,,8793776,235049,8557914,false,false,12,2017-04-01,2018-03-31,-1
2019-05-14,85510,2020-03-31,,,,,,,,,,1000000000,-0.482,500000000,,-0.549,58.42,,,,,,,,,,,,,,,,,,,,,,false,true,6,2019-04-01,2019-09-30,1
2019-05-14,85510,2020-03-31,,,,,,,,,,2300000000,-0.109,1400000000,,-0.023,163.59,,,,,,,,,,,,,,,60.00,,,,,,,false,true,12,2019-04-01,2020-03-31,1
2019-07-31,85510,2020-03-31,1,,,,,,,,,443000000,-0.036,,269000000,,31.45,31.15,,,,,1442410000000,71621000000,0.050,,71437000000,,,,,,,,,,,,true,false,3,2019-04-01,2019-06-30,0
2019-07-31,85510,2019-03-31,1,,,,,,,,,459000000,-0.235,,284000000,,33.24,32.99,,,,,,,,,,,,,,,,,,,,,true,false,3,2018-04-01,2018-06-30,-1
2019-07-31,85510,2020-03-31,1,,,,,,,,,1000000000,-0.437,,500000000,,58.42,,,,,,,,,,,,,,,,,,,,,,true,true,6,2019-04-01,2019-09-30,0
2019-07-31,85510,2020-03-31,1,,,,,,,,,2500000000,-0.015,,1500000000,,175.27,,,,,,,,,,,,,,,,,,,,,,true,true,12,2019-04-01,2020-03-31,0
2019-07-31,85510,2019-03-31,1,,,,,,,,,,,,,,,,,,,,1434615000000,71921000000,0.050,,71708000000,,,,,,,,,,,,true,false,12,2018-04-01,2019-03-31,-1
2019-07-31,85510,2019-03-31,1,,,,,,,,,,,,,,,,,,,,,,,,,,,,,60.00,,,,8793776,235810,,false,false,12,2018-04-01,2019-03-31,-1
2019-07-31,85510,2020-03-31,1,,,,,,,,,,,,,,,,,,,,,,,,,,,,,60.00,,,,,,,false,true,12,2019-04-01,2020-03-31,0
2019-07-31,85510,2020-03-31,1,,,,,,,,,,,,,,,,,,,,,,,,,,,,,,,,,8793776,324666,8555118,false,false,3,2019-04-01,2019-06-30,0
2019-07-31,85510,2019-03-31,1,,,,,,,,,,,,,,,,,,,,,,,,,,,,,,,,,,,8558609,false,false,3,2018-04-01,2018-06-30,-1
2019-10-31,85510,2020-03-31,,,,,,,,,,1500000000,0.500,,700000000,,82.32,,,,,,,,,,,,,,,,,,,,,,true,true,6,2019-04-01,2019-09-30,0
2019-10-31,85510,2019-03-31,,,,,,,,,,1776000000,,,913000000,,105.86,,,,,,,,,,,,,,,,,,,,,,true,false,6,2018-04-01,2018-09-30,-1
2019-10-31,85510,2020-03-31,,,,,,,,,,1500000000,0.500,700000000,,0.400,82.32,,,,,,,,,,,,,,,,,,,,,,false,true,6,2019-04-01,2019-09-30,0
2019-10-31,85510,2019-03-31,,,,,,,,,,1928000000,,1108000000,,,129.51,,,,,,,,,,,,,,,,,,,,,,false,false,6,2018-04-01,2018-09-30,-1
2019-11-11,85510,2020-03-31,2,,,,,,,,,1577000000,-0.112,,748000000,,88.03,87.25,,,,,1440529000000,72742000000,0.050,,72557000000,,,,,,,,,,,,true,false,6,2019-04-01,2019-09-30,0
2019-11-11,85510,2019-03-31,2,,,,,,,,,1776000000,0.038,,913000000,,106.77,105.86,,,,,,,,,,,,,,,,,,,,,true,false,6,2018-04-01,2018-09-30,-1
2019-11-11,85510,2020-03-31,2,,,,,,,,,2500000000,-0.015,,1500000000,,178.19,,,,,,,,,,,,,,,,,,,,,,true,true,12,2019-04-01,2020-03-31,0
2019-11-11,85510,2020-03-31,2,,,,,,,,,1494000000,-0.225,729000000,,-0.341,85.84,,,,,,1437989000000,70618000000,0.049,,70433000000,,,,,,,,,8793776,376014,8502772,false,false,6,2019-04-01,2019-09-30,0
2019-11-11,85510,2019-03-31,2,,,,,,,,,1928000000,0.234,1108000000,,0.169,129.51,,,,,,,,,,,,,,,,,,,,,8558497,false,false,6,2018-04-01,2018-09-30,-1
2019-11-11,85510,2020-03-31,2,,,,,,,,,2300000000,-0.109,1400000000,,-0.023,166.31,,,,,,,,,,,,,,,60.00,,,,,,,false,true,12,2019-04-01,2020-03-31,0
2019-11-11,85510,2019-03-31,2,,,,,,,,,,,,,,,,,,,,1434615000000,71921000000,0.050,,71708000000,,,,,,,,,,,,true,false,12,2018-04-01,2019-03-31,-1
2019-11-11,85510,2019-03-31,2,,,,,,,,,,,,,,,,,,,,1432341000000,69821000000,0.049,,69608000000,,,,,60.00,,,,8793776,235810,,false,false,12,2018-04-01,2019-03-31,-1
2019-11-11,85510,2020-03-31,2,,,,,,,,,,,,,,,,,,,,,,,,,,,,,30.00,,,,,,,false,false,12,2019-04-01,2020-03-31,0
2020-01-31,85510,2020-03-31,3,,,,,,,,,2459000000,-0.132,,1651000000,,194.84,193.13,,,,,1440484000000,73239000000,0.051,,73055000000,,,,,,,,,,,,true,false,9,2019-04-01,2019-12-31,0
2020-01-31,85510,2019-03-31,3,,,,,,,,,2832000000,-0.095,,1630000000,,190.56,188.87,,,,,,,,,,,,,,,,,,,,,true,false,9,2018-04-01,2018-12-31,-1
2020-01-31,85510,2020-03-31,3,,,,,,,,,2500000000,-0.015,,1500000000,,178.19,,,,,,,,,,,,,,,,,,,,,,true,true,12,2019-04-01,2020-03-31,0
2020-01-31,85510,2019-03-31,3,,,,,,,,,,,,,,,,,,,,1434615000000,71921000000,0.050,,71708000000,,,,,,,,,,,,true,false,12,2018-04-01,2019-03-31,-1
2020-01-31,85510,2019-03-31,3,,,,,,,,,,,,,,,,,,,,,,,,,,,,,60.00,,,,8793776,235810,,false,false,12,2018-04-01,2019-03-31,-1
2020-01-31,85510,2020-03-31,3,,,,,,,,,,,,,,,,,,,,,,,,,,,,,30.00,,,,,,,false,false,12,2019-04-01,2020-03-31,0
2020-01-31,85510,2020-03-31,3,,,,,,,,,,,,,,,,,,,,,,,,,,,,,60.00,,,,,,,false,true,12,2019-04-01,2020-03-31,0
2020-01-31,85510,2020-03-31,3,,,,,,,,,,,,,,,,,,,,,,,,,,,,,,,,,8793776,376173,8474317,false,false,9,2019-04-01,2019-12-31,0
2020-01-31,85510,2019-03-31,3,,,,,,,,,,,,,,,,,,,,,,,,,,,,,,,,,,,8558393,false,false,9,2018-04-01,2018-12-31,-1
2020-05-14,85510,2020-03-31,,,,,,,,,,2388000000,-0.060,,1291000000,,152.60,151.31,0.018,0.002,,,1405248000000,69422000000,0.049,8217.38,69269000000,-23549000000,4811000000,-810000000,102466000000,,0.393,,,,,,true,false,12,2019-04-01,2020-03-31,0
2020-05-14,85510,2019-03-31,,,,,,,,,,2539000000,0.027,,1304000000,,152.42,151.04,0.018,0.002,,,1434615000000,71921000000,0.050,8379.14,71708000000,-8379000000,2153000000,-3515000000,122014000000,,0.394,,,,,,true,false,12,2018-04-01,2019-03-31,-1
2020-05-14,85510,2021-03-31,,,,,,,,,,700000000,-0.556,,500000000,,59.31,,,,,,,,,,,,,,,,,,,,,,true,true,6,2020-04-01,2020-09-30,1
2020-05-14,85510,2021-03-31,,,,,,,,,,2100000000,-0.121,,1300000000,,154.21,,,,,,,,,,,,,,,,0.324,,,,,,true,true,12,2020-04-01,2021-03-31,1
2020-05-14,85510,2020-03-31,,,,,,,,,,2115000000,-0.181,1148000000,,-0.198,135.76,134.61,,,,,1402668000000,67213000000,0.048,7955.31,67060000000,,,,,60.00,,,,8793776,364140,8462060,false,false,12,2019-04-01,2020-03-31,0
2020-05-14,85510,2019-03-31,,,,,,,,,,2582000000,0.206,1433000000,,0.017,167.45,165.94,,,,,1432341000000,69821000000,0.049,8133.72,69608000000,,,,,60.00,,,,8793776,235810,8558297,false,false,12,2018-04-01,2019-03-31,-1
2020-05-14,85510,2021-03-31,,,,,,,,,,700000000,-0.531,500000000,,-0.315,59.31,,,,,,,,,,,,,,,,,,,,,,false,true,6,2020-04-01,2020-09-30,1
2020-05-14,85510,2021-03-31,,,,,,,,,,1900000000,-0.102,1200000000,,0.045,142.35,,,,,,,,,,,,,,,50.00,,,,,,,false,true,12,2020-04-01,2021-03-31,1
2020-07-31,85510,2021-03-31,1,,,,,,,,,511000000,0.154,,297000000,,35.33,35.08,,,,,1488742000000,70621000000,0.047,,70468000000,,,,,,,,,,,,true,false,3,2020-04-01,2020-06-30,0
2020-07-31,85510,2020-03-31,1,,,,,,,,,443000000,-0.036,,269000000,,31.45,31.15,,,,,,,,,,,,,,,,,,,,,true,false,3,2019-04-01,2019-06-30,-1
2020-07-31,85510,2021-03-31,1,,,,,,,,,700000000,-0.556,,500000000,,59.31,,,,,,,,,,,,,,,,,,,,,,true,true,6,2020-04-01,2020-09-30,0
2020-07-31,85510,2021-03-31,1,,,,,,,,,2100000000,-0.121,,1300000000,,154.21,,,,,,,,,,,,,,,,,,,,,,true,true,12,2020-04-01,2021-03-31,0
2020-07-31,85510,2020-03-31,1,,,,,,,,,,,,,,,,,,,,1405248000000,69422000000,0.049,,69269000000,,,,,,,,,,,,true,false,12,2019-04-01,2020-03-31,-1
2020-07-31,85510,2020-03-31,1,,,,,,,,,,,,,,,,,,,,,,,,,,,,,60.00,,,,8793776,364140,,false,false,12,2019-04-01,2020-03-31,-1
2020-07-31,85510,2021-03-31,1,,,,,,,,,,,,,,,,,,,,,,,,,,,,,50.00,,,,,,,false,true,12,2020-04-01,2021-03-31,0
2020-07-31,85510,2021-03-31,1,,,,,,,,,,,,,,,,,,,,,,,,,,,,,,,,,8793776,364330,8429512,false,false,3,2020-04-01,2020-06-30,0
2020-07-31,85510,2020-03-31,1,,,,,,,,,,,,,,,,,,,,,,,,,,,,,,,,,,,8555118,false,false,3,2019-04-01,2019-06-30,-1
2020-10-27,85510,2021-03-31,,,,,,,,,,1300000000,0.857,,700000000,,82.96,,,,,,,,,,,,,,,,,,,,,,true,true,6,2020-04-01,2020-09-30,0
2020-10-27,85510,2020-03-31,,,,,,,,,,1577000000,,,748000000,,88.03,,,,,,,,,,,,,,,,,,,,,,true,false,6,2019-04-01,2019-09-30,-1
2020-10-27,85510,2021-03-31,,,,,,,,,,1300000000,0.857,800000000,,0.600,94.81,,,,,,,,,,,,,,,,,,,,,,false,true,6,2020-04-01,2020-09-30,0
2020-10-27,85510,2020-03-31,,,,,,,,,,1494000000,,729000000,,,85.84,,,,,,,,,,,,,,,,,,,,,,false,false,6,2019-04-01,2019-09-30,-1
2020-11-12,85510,2021-03-31,2,,,,,,,,,1323000000,-0.161,,775000000,,91.92,91.27,,,,,1545422000000,71486000000,0.046,,71333000000,,,,,,,,,,,,true,false,6,2020-04-01,2020-09-30,0
2020-11-12,85510,2020-03-31,2,,,,,,,,,1577000000,-0.112,,748000000,,88.03,87.25,,,,,,,,,,,,,,,,,,,,,true,false,6,2019-04-01,2019-09-30,-1
2020-11-12,85510,2021-03-31,2,,,,,,,,,2400000000,0.005,,1400000000,,165.67,,,,,,,,,,,,,,,,,,,,,,true,true,12,2020-04-01,2021-03-31,0
2020-11-12,85510,2021-03-31,2,,,,,,,,,1339000000,-0.104,854000000,,0.171,101.26,,,,,,1542840000000,69330000000,0.045,,69177000000,,,,,,,,,8793776,343269,8437675,false,false,6,2020-04-01,2020-09-30,0
2020-11-12,85510,2020-03-31,2,,,,,,,,,1494000000,-0.225,729000000,,-0.341,85.84,,,,,,,,,,,,,,,,,,,,,8502772,false,false,6,2019-04-01,2019-09-30,-1
2020-11-12,85510,2021-03-31,2,,,,,,,,,2300000000,0.087,1400000000,,0.219,165.67,,,,,,,,,,,,,,,50.00,,,,,,,false,true,12,2020-04-01,2021-03-31,0
2020-11-12,85510,2020-03-31,2,,,,,,,,,,,,,,,,,,,,1405248000000,69422000000,0.049,,69269000000,,,,,,,,,,,,true,false,12,2019-04-01,2020-03-31,-1
2020-11-12,85510,2020-03-31,2,,,,,,,,,,,,,,,,,,,,1402668000000,67213000000,0.048,,67060000000,,,,,60.00,,,,8793776,364140,,false,false,12,2019-04-01,2020-03-31,-1
2020-11-12,85510,2021-03-31,2,,,,,,,,,,,,,,,,,,,,,,,,,,,,,25.00,,,,,,,false,false,12,2020-04-01,2021-03-31,0
2021-01-29,85510,2021-03-31,3,,,,,,,,,2424000000,-0.014,,1485000000,,176.00,174.77,,,,,1681663000000,72779000000,0.043,,72627000000,,,,,,,,,,,,true,false,9,2020-04-01,2020-12-31,0
2021-01-29,85510,2020-03-31,3,,,,,,,,,2459000000,-0.132,,1651000000,,194.84,193.13,,,,,,,,,,,,,,,,,,,,,true,false,9,2019-04-01,2019-12-31,-1
2021-01-29,85510,2021-03-31,3,,,,,,,,,2400000000,0.005,,1400000000,,165.67,,,,,,,,,,,,,,,,,,,,,,true,true,12,2020-04-01,2021-03-31,0
2021-01-29,85510,2020-03-31,3,,,,,,,,,,,,,,,,,,,,1405248000000,69422000000,0.049,,69269000000,,,,,,,,,,,,true,false,12,2019-04-01,2020-03-31,-1
2021-01-29,85510,2020-03-31,3,,,,,,,,,,,,,,,,,,,,,,,,,,,,,60.00,,,,8793776,364140,,false,false,12,2019-04-01,2020-03-31,-1
2021-01-29,85510,2021-03-31,3,,,,,,,,,,,,,,,,,,,,,,,,,,,,,25.00,,,,,,,false,false,12,2020-04-01,2021-03-31,0
2021-01-29,85510,2021-03-31,3,,,,,,,,,,,,,,,,,,,,,,,,,,,,,50.00,,,,,,,false,true,12,2020-04-01,2021-03-31,0
2021-01-29,85510,2021-03-31,3,,,,,,,,,,,,,,,,,,,,,,,,,,,,,,,,,8793776,343390,8441962,false,false,9,2020-04-01,2020-12-31,0
2021-01-29,85510,2020-03-31,3,,,,,,,,,,,,,,,,,,,,,,,,,,,,,,,,,,,8474317,false,false,9,2019-04-01,2019-12-31,-1
2021-05-14,85510,2021-03-31,,,,,,,,,,2811000000,0.177,,1522000000,,180.33,179.07,0.021,0.002,,,1665633000000,74476000000,0.045,8795.72,74476000000,213670000000,-837000000,-465000000,314834000000,,0.277,,,,,,true,false,12,2020-04-01,2021-03-31,0
2021-05-14,85510,2020-03-31,,,,,,,,,,2388000000,-0.060,,1291000000,,152.60,151.31,0.018,0.002,,,1405248000000,69422000000,0.049,8217.38,69269000000,-23549000000,4811000000,-810000000,102466000000,,0.393,,,,,,true,false,12,2019-04-01,2020-03-31,-1
2021-05-14,85510,2022-03-31,,,,,,,,,,1000000000,-0.244,,600000000,,70.98,,,,,,,,,,,,,,,,,,,,,,true,true,6,2021-04-01,2021-09-30,1
2021-05-14,85510,2022-03-31,,,,,,,,,,2400000000,-0.146,,1300000000,,153.80,,,,,,,,,,,,,,,,0.325,,,,,,true,true,12,2021-04-01,2022-03-31,1
2021-05-14,85510,2021-03-31,,,,,,,,,,2617000000,0.237,1463000000,,0.274,173.30,172.08,,,,,1662154000000,71752000000,0.043,8473.38,71600000000,,,,,50.00,,,,8793776,343780,8444000,false,false,12,2020-04-01,2021-03-31,0
2021-05-14,85510,2020-03-31,,,,,,,,,,2115000000,-0.181,1148000000,,-0.198,135.76,134.61,,,,,1402668000000,67213000000,0.048,7955.31,67060000000,,,,,60.00,,,,8793776,364140,8462060,false,false,12,2019-04-01,2020-03-31,-1
2021-05-14,85510,2022-03-31,,,,,,,,,,1100000000,-0.179,700000000,,-0.181,82.82,,,,,,,,,,,,,,,,,,,,,,false,true,6,2021-04-01,2021-09-30,1
2021-05-14,85510,2022-03-31,,,,,,,,,,2200000000,-0.159,1300000000,,-0.112,153.80,,,,,,,,,,,,,,,50.00,,,,,,,false,true,12,2021-04-01,2022-03-31,1
2021-07-30,85510,2022-03-31,1,,,,,,,,,931000000,0.822,,585000000,,69.29,68.82,,,,,1713547000000,75494000000,0.044,,75372000000,,,,,,,,,,,,true,false,3,2021-04-01,2021-06-30,0
2021-07-30,85510,2021-03-31,1,,,,,,,,,511000000,0.154,,297000000,,35.33,35.08,,,,,,,,,,,,,,,,,,,,,true,false,3,2020-04-01,2020-06-30,-1
2021-07-30,85510,2022-03-31,1,,,,,,,,,1000000000,-0.244,,600000000,,70.98,,,,,,,,,,,,,,,,,,,,,,true,true,6,2021-04-01,2021-09-30,0
2021-07-30,85510,2022-03-31,1,,,,,,,,,2400000000,-0.146,,1300000000,,153.80,,,,,,,,,,,,,,,,,,,,,,true,true,12,2021-04-01,2022-03-31,0
2021-07-30,85510,2021-03-31,1,,,,,,,,,,,,,,,,,,,,1665633000000,74476000000,0.045,,74323000000,,,,,,,,,,,,true,false,12,2020-04-01,2021-03-31,-1
2021-07-30,85510,2021-03-31,1,,,,,,,,,,,,,,,,,,,,,,,,,,,,,50.00,,,,8793776,343780,,false,false,12,2020-04-01,2021-03-31,-1
2021-07-30,85510,2022-03-31,1,,,,,,,,,,,,,,,,,,,,,,,,,,,,,50.00,,,,,,,false,true,12,2021-04-01,2022-03-31,0
2021-07-30,85510,2022-03-31,1,,,,,,,,,,,,,,,,,,,,,,,,,,,,,,,,,8793776,332194,8452055,false,false,3,2021-04-01,2021-06-30,0
2021-07-30,85510,2021-03-31,1,,,,,,,,,,,,,,,,,,,,,,,,,,,,,,,,,,,8429512,false,false,3,2020-04-01,2020-06-30,-1
2021-10-28,85510,2022-03-31,,,,,,,,,,1800000000,0.800,,1200000000,,141.76,,,,,,,,,,,,,,,,,,,,,,true,true,6,2021-04-01,2021-09-30,0
2021-10-28,85510,2021-03-31,,,,,,,,,,1323000000,,,775000000,,91.92,,,,,,,,,,,,,,,,,,,,,,true,false,6,2020-04-01,2020-09-30,-1
2021-10-28,85510,2022-03-31,,,,,,,,,,2000000000,0.818,1400000000,,1.000,165.39,,,,,,,,,,,,,,,,,,,,,,false,true,6,2021-04-01,2021-09-30,0
2021-10-28,85510,2021-03-31,,,,,,,,,,1339000000,,854000000,,,101.26,,,,,,,,,,,,,,,,,,,,,,false,false,6,2020-04-01,2020-09-30,-1
2021-11-12,85510,2022-03-31,2,,,,,,,,,1866000000,0.411,,1263000000,,149.27,148.34,,,,,1706922000000,76654000000,0.045,,76531000000,,,,,,,,,,,,true,false,6,2021-04-01,2021-09-30,0
2021-11-12,85510,2021-03-31,2,,,,,,,,,1323000000,-0.161,,775000000,,91.92,91.27,,,,,,,,,,,,,,,,,,,,,true,false,6,2020-04-01,2020-09-30,-1
2021-11-12,85510,2022-03-31,2,,,,,,,,,3200000000,0.138,,1800000000,,212.20,,,,,,,,,,,,,,,,,,,,,,true,true,12,2021-04-01,2022-03-31,0
2021-11-12,85510,2022-03-31,2,,,,,,,,,2030000000,0.516,1474000000,,0.726,174.17,,,,,,1703997000000,74143000000,0.043,,74020000000,,,,,,,,,8793776,311526,8464969,false,false,6,2021-04-01,2021-09-30,0
2021-11-12,85510,2021-03-31,2,,,,,,,,,1339000000,-0.104,854000000,,0.171,101.26,,,,,,,,,,,,,,,,,,,,,8437675,false,false,6,2020-04-01,2020-09-30,-1
2021-11-12,85510,2022-03-31,2,,,,,,,,,3200000000,0.223,1900000000,,0.298,223.99,,,,,,,,,,,,,,,50.00,,,,,,,false,true,12,2021-04-01,2022-03-31,0
2021-11-12,85510,2021-03-31,2,,,,,,,,,,,,,,,,,,,,1665633000000,74476000000,0.045,,74323000000,,,,,,,,,,,,true,false,12,2020-04-01,2021-03-31,-1
2021-11-12,85510,2021-03-31,2,,,,,,,,,,,,,,,,,,,,1662154000000,71752000000,0.043,,71600000000,,,,,50.00,,,,8793776,343780,,false,false,12,2020-04-01,2021-03-31,-1
2021-11-12,85510,2022-03-31,2,,,,,,,,,,,,,,,,,,,,,,,,,,,,,25.00,,,,,,,false,false,12,2021-04-01,2022-03-31,0
2021-11-12,85510,2022-03-31,,,,,,,,,,3200000000,0.333,,1800000000,,212.20,,,,,,,,,,,,,,,,,,,,,,true,true,12,2021-04-01,2022-03-31,0
2021-11-12,85510,2021-03-31,,,,,,,,,,2811000000,,,1522000000,,180.33,,,,,,,,,,,,,,,,,,,,,,true,false,12,2020-04-01,2021-03-31,-1
2021-11-12,85510,2022-03-31,,,,,,,,,,3200000000,0.455,1900000000,,0.462,223.99,,,,,,,,,,,,,,,,,,,,,,false,true,12,2021-04-01,2022-03-31,0
2021-11-12,85510,2021-03-31,,,,,,,,,,2617000000,,1463000000,,,173.30,,,,,,,,,,,,,,,,,,,,,,false,false,12,2020-04-01,2021-03-31,-1
,85510,2022-03-31,,,,,,,,,,,,,,,,,,,,,,,,,,,,,,60.00,,,,,,,false,true,12,2021-04-01,2022-03-31,0
,85510,2022-03-31,,,,,,,,,,,,,,,,,,,,,,,,,,,,,,25.00,,,,,,,false,false,12,2021-04-01,2022-03-31,0
,85510,2021-03-31,,,,,,,,,,,,,,,,,,,,,,,,,,,,,,50.00,,,,,,,false,false,12,2020-04-01,2021-03-31,-1
2022-01-31,85510,2022-03-31,3,,,,,,,,,3354000000,0.384,,2278000000,,268.94,267.32,,,,,1719979000000,77582000000,0.045,,77459000000,,,,,,,,,,,,true,false,9,2021-04-01,2021-12-31,0
2022-01-31,85510,2021-03-31,3,,,,,,,,,2424000000,-0.014,,1485000000,,176.00,174.77,,,,,,,,,,,,,,,,,,,,,true,false,9,2020-04-01,2020-12-31,-1
2022-01-31,85510,2022-03-31,3,,,,,,,,,3200000000,0.138,,1800000000,,212.20,,,,,,,,,,,,,,,,,,,,,,true,true,12,2021-04-01,2022-03-31,0
2022-01-31,85510,2021-03-31,3,,,,,,,,,,,,,,,,,,,,1665633000000,74476000000,0.045,,74323000000,,,,,,,,,,,,true,false,12,2020-04-01,2021-03-31,-1
2022-01-31,85510,2021-03-31,3,,,,,,,,,,,,,,,,,,,,,,,,,,,,,50.00,,,,8793776,343780,,false,false,12,2020-04-01,2021-03-31,-1
2022-01-31,85510,2022-03-31,3,,,,,,,,,,,,,,,,,,,,,,,,,,,,,25.00,,,,,,,false,false,12,2021-04-01,2022-03-31,0
2022-01-31,85510,2022-03-31,3,,,,,,,,,,,,,,,,,,,,,,,,,,,,,60.00,,,,,,,false,true,12,2021-04-01,2022-03-31,0
2022-01-31,85510,2022-03-31,3,,,,,,,,,,,,,,,,,,,,,,,,,,,,,,,,,8793776,311615,8470743,false,false,9,2021-04-01,2021-12-31,0
2022-01-31,85510,2021-03-31,3,,,,,,,,,,,,,,,,,,,,,,,,,,,,,,,,,,,8441962,false,false,9,2020-04-01,2020-12-31,-1
2022-05-13,85510,2022-03-31,,,,,,,,,,2779000000,-0.011,,2111000000,,249.44,247.96,0.028,0.002,,,1677417000000,75369000000,0.045,8977.27,75247000000,-30530000000,-5779000000,-591000000,277932000000,,0.241,,,,,,true,false,12,2021-04-01,2022-03-31,0
2022-05-13,85510,2021-03-31,,,,,,,,,,2811000000,0.177,,1522000000,,180.33,179.07,0.021,0.002,,,1665633000000,74476000000,0.045,8795.72,74323000000,213670000000,-837000000,-465000000,314834000000,,0.277,,,,,,true,false,12,2020-04-01,2021-03-31,-1
2022-05-13,85510,2023-03-31,,,,,,,,,,1800000000,-0.036,,1200000000,,143.16,,,,,,,,,,,,,,,,,,,,,,true,true,6,2022-04-01,2022-09-30,1
2022-05-13,85510,2023-03-31,,,,,,,,,,3600000000,0.295,,2400000000,,286.32,,,,,,,,,,,,,,,,0.210,,,,,,true,true,12,2022-04-01,2023-03-31,1
2022-05-13,85510,2022-03-31,,,,,,,,,,2802000000,0.071,2229000000,,0.524,263.41,261.85,,,,,1674066000000,72684000000,0.043,8656.87,72561000000,,,,,60.00,,,,8793776,411824,8464767,false,false,12,2021-04-01,2022-03-31,0
2022-05-13,85510,2021-03-31,,,,,,,,,,2617000000,0.237,1463000000,,0.274,173.30,172.08,,,,,1662154000000,71752000000,0.043,8473.38,71600000000,,,,,50.00,,,,8793776,343780,8444000,false,false,12,2020-04-01,2021-03-31,-1
2022-05-13,85510,2023-03-31,,,,,,,,,,1900000000,-0.064,1300000000,,-0.118,155.09,,,,,,,,,,,,,,,,,,,,,,false,true,6,2022-04-01,2022-09-30,1
2022-05-13,85510,2023-03-31,,,,,,,,,,3500000000,0.249,2400000000,,0.076,286.32,,,,,,,,,,,,,,,60.00,,,,,,,false,true,12,2022-04-01,2023-03-31,1
2022-07-29,85510,2023-03-31,1,,,,,,,,,1269000000,0.362,,842000000,,100.57,100.00,,,,,1599417000000,74554000000,0.047,,74432000000,,,,,,,,,,,,true,false,3,2022-04-01,2022-06-30,0
2022-07-29,85510,2022-03-31,1,,,,,,,,,931000000,0.822,,585000000,,69.29,68.82,,,,,,,,,,,,,,,,,,,,,true,false,3,2021-04-01,2021-06-30,-1
2022-07-29,85510,2023-03-31,1,,,,,,,,,1800000000,-0.036,,1200000000,,143.16,,,,,,,,,,,,,,,,,,,,,,true,true,6,2022-04-01,2022-09-30,0
2022-07-29,85510,2023-03-31,1,,,,,,,,,3600000000,0.295,,2400000000,,286.32,,,,,,,,,,,,,,,,,,,,,,true,true,12,2022-04-01,2023-03-31,0
2022-07-29,85510,2022-03-31,1,,,,,,,,,,,,,,,,,,,,1677417000000,75369000000,0.045,,75247000000,,,,,,,,,,,,true,false,12,2021-04-01,2022-03-31,-1
2022-07-29,85510,2022-03-31,1,,,,,,,,,,,,,,,,,,,,,,,,,,,,,60.00,,,,8793776,411824,,false,false,12,2021-04-01,2022-03-31,-1
2022-07-29,85510,2023-03-31,1,,,,,,,,,,,,,,,,,,,,,,,,,,,,,60.00,,,,,,,false,true,12,2022-04-01,2023-03-31,0
2022-07-29,85510,2023-03-31,1,,,,,,,,,,,,,,,,,,,,,,,,,,,,,,,,,8793776,411907,8381929,false,false,3,2022-04-01,2022-06-30,0
2022-07-29,85510,2022-03-31,1,,,,,,,,,,,,,,,,,,,,,,,,,,,,,,,,,,,8452055,false,false,3,2021-04-01,2021-06-30,-1
2022-10-28,85510,2023-03-31,,,,,,,,,,2300000000,0.278,,1600000000,,190.69,,,,,,,,,,,,,,,,,,,,,,true,true,6,2022-04-01,2022-09-30,0
2022-10-28,85510,2022-03-31,,,,,,,,,,1866000000,,,1263000000,,149.27,,,,,,,,,,,,,,,,,,,,,,true,false,6,2021-04-01,2021-09-30,-1
2022-10-28,85510,2023-03-31,,,,,,,,,,2300000000,0.211,1600000000,,0.231,190.69,,,,,,,,,,,,,,,,,,,,,,false,true,6,2022-04-01,2022-09-30,0
2022-10-28,85510,2022-03-31,,,,,,,,,,2030000000,,1474000000,,,174.17,,,,,,,,,,,,,,,,,,,,,,false,false,6,2021-04-01,2021-09-30,-1
2022-11-11,85510,2023-03-31,2,,,,,,,,,2381000000,0.276,,1654000000,,197.15,196.03,,,,,1583519000000,73927000000,0.047,,73804000000,,,,,,,,,,,,true,false,6,2022-04-01,2022-09-30,0
2022-11-11,85510,2022-03-31,2,,,,,,,,,1866000000,0.411,,1263000000,,149.27,148.34,,,,,,,,,,,,,,,,,,,,,true,false,6,2021-04-01,2021-09-30,-1
2022-11-11,85510,2023-03-31,2,,,,,,,,,3900000000,0.403,,2700000000,,321.28,,,,,,,,,,,,,,,,,,,,,,true,true,12,2022-04-01,2023-03-31,0
2022-11-11,85510,2023-03-31,2,,,,,,,,,2352000000,0.159,1679000000,,0.139,200.17,,,,,,1580388000000,71279000000,0.045,,71157000000,,,,,,,,,8793776,390049,8390501,false,false,6,2022-04-01,2022-09-30,0
2022-11-11,85510,2022-03-31,2,,,,,,,,,2030000000,0.516,1474000000,,0.726,174.17,,,,,,,,,,,,,,,,,,,,,8464969,false,false,6,2021-04-01,2021-09-30,-1
2022-11-11,85510,2023-03-31,2,,,,,,,,,3800000000,0.356,2600000000,,0.166,309.38,,,,,,,,,,,,,,,60.00,,,,,,,false,true,12,2022-04-01,2023-03-31,0
2022-11-11,85510,2022-03-31,2,,,,,,,,,,,,,,,,,,,,1677417000000,75369000000,0.045,,75247000000,,,,,,,,,,,,true,false,12,2021-04-01,2022-03-31,-1
2022-11-11,85510,2022-03-31,2,,,,,,,,,,,,,,,,,,,,1674066000000,72684000000,0.043,,72561000000,,,,,60.00,,,,8793776,411824,,false,false,12,2021-04-01,2022-03-31,-1
2022-11-11,85510,2023-03-31,2,,,,,,,,,,,,,,,,,,,,,,,,,,,,,30.00,,,,,,,false,false,12,2022-04-01,2023-03-31,0
2023-01-31,85510,2023-03-31,3,,,,,,,,,3701000000,0.104,,2543000000,,302.93,301.21,,,,,1565873000000,72019000000,0.046,,71896000000,,,,,,,,,,,,true,false,9,2022-04-01,2022-12-31,0
2023-01-31,85510,2022-03-31,3,,,,,,,,,3354000000,0.384,,2278000000,,268.94,267.32,,,,,,,,,,,,,,,,,,,,,true,false,9,2021-04-01,2021-12-31,-1
2023-01-31,85510,2023-03-31,3,,,,,,,,,3900000000,0.403,,2700000000,,321.28,,,,,,,,,,,,,,,,,,,,,,true,true,12,2022-04-01,2023-03-31,0
2023-01-31,85510,2022-03-31,3,,,,,,,,,,,,,,,,,,,,1677417000000,75369000000,0.045,,75247000000,,,,,,,,,,,,true,false,12,2021-04-01,2022-03-31,-1
2023-01-31,85510,2022-03-31,3,,,,,,,,,,,,,,,,,,,,,,,,,,,,,60.00,,,,8793776,411824,,false,false,12,2021-04-01,2022-03-31,-1
2023-01-31,85510,2023-03-31,3,,,,,,,,,,,,,,,,,,,,,,,,,,,,,30.00,,,,,,,false,false,12,2022-04-01,2023-03-31,0
2023-01-31,85510,2023-03-31,3,,,,,,,,,,,,,,,,,,,,,,,,,,,,,60.00,,,,,,,false,true,12,2022-04-01,2023-03-31,0
2023-01-31,85510,2023-03-31,3,,,,,,,,,,,,,,,,,,,,,,,,,,,,,,,,,8793776,390157,8394923,false,false,9,2022-04-01,2022-12-31,0
2023-01-31,85510,2022-03-31,3,,,,,,,,,,,,,,,,,,,,,,,,,,,,,,,,,,,8470743,false,false,9,2021-04-01,2021-12-31,-1
2023-05-12,85510,2023-03-31,,,,,,,,,,3500000000,0.259,,2659000000,,316.68,314.88,0.035,0.002,,,1495481000000,75270000000,0.050,8942.49,75147000000,-210951000000,22787000000,-546000000,89222000000,,0.189,,,,,,true,false,12,2022-04-01,2023-03-31,0
2023-05-12,85510,2022-03-31,,,,,,,,,,2779000000,-0.011,,2111000000,,249.44,247.96,0.028,0.002,,,1677417000000,75369000000,0.045,8977.27,75247000000,-30530000000,-5779000000,-591000000,277932000000,,0.241,,,,,,true,false,12,2021-04-01,2022-03-31,-1
2023-05-12,85510,2024-03-31,,,,,,,,,,1300000000,-0.454,,800000000,,95.19,,,,,,,,,,,,,,,,,,,,,,true,true,6,2023-04-01,2023-09-30,1
2023-05-12,85510,2024-03-31,,,,,,,,,,3300000000,-0.057,,2300000000,,273.69,,,,,,,,,,,,,,,,0.219,,,,,,true,true,12,2023-04-01,2024-03-31,1
2023-05-12,85510,2023-03-31,,,,,,,,,,3298000000,0.177,2576000000,,0.156,306.84,305.10,,,,,1491700000000,72424000000,0.048,8603.89,72301000000,,,,,60.00,,,,8793776,390385,8397031,false,false,12,2022-04-01,2023-03-31,0
2023-05-12,85510,2022-03-31,,,,,,,,,,2802000000,0.071,2229000000,,0.524,263.41,261.85,,,,,1674066000000,72684000000,0.043,8656.87,72561000000,,,,,60.00,,,,8793776,411824,8464767,false,false,12,2021-04-01,2022-03-31,-1
2023-05-12,85510,2024-03-31,,,,,,,,,,1300000000,-0.447,800000000,,-0.524,95.19,,,,,,,,,,,,,,,,,,,,,,false,true,6,2023-04-01,2023-09-30,1
2023-05-12,85510,2024-03-31,,,,,,,,,,3100000000,-0.060,2200000000,,-0.146,261.79,,,,,,,,,,,,,,,60.00,,,,,,,false,true,12,2023-04-01,2024-03-31,1
2023-07-31,85510,2024-03-31,1,,,,,,,,,985000000,-0.223,,646000000,,76.86,76.43,,,,,1535733000000,79718000000,0.052,,79651000000,,,,,,,,,,,,true,false,3,2023-04-01,2023-06-30,0
2023-07-31,85510,2023-03-31,1,,,,,,,,,1269000000,0.362,,842000000,,100.57,100.00,,,,,,,,,,,,,,,,,,,,,true,false,3,2022-04-01,2022-06-30,-1
2023-07-31,85510,2024-03-31,1,,,,,,,,,1300000000,-0.454,,800000000,,95.19,,,,,,,,,,,,,,,,,,,,,,true,true,6,2023-04-01,2023-09-30,0
2023-07-31,85510,2024-03-31,1,,,,,,,,,3300000000,-0.057,,2300000000,,273.69,,,,,,,,,,,,,,,,,,,,,,true,true,12,2023-04-01,2024-03-31,0
2023-07-31,85510,2023-03-31,1,,,,,,,,,,,,,,,,,,,,1495481000000,75270000000,0.050,,75147000000,,,,,,,,,,,,true,false,12,2022-04-01,2023-03-31,-1
2023-07-31,85510,2023-03-31,1,,,,,,,,,,,,,,,,,,,,,,,,,,,,,60.00,,,,8793776,390385,,false,false,12,2022-04-01,2023-03-31,-1
2023-07-31,85510,2024-03-31,1,,,,,,,,,,,,,,,,,,,,,,,,,,,,,60.00,,,,,,,false,true,12,2023-04-01,2024-03-31,0
2023-07-31,85510,2024-03-31,1,,,,,,,,,,,,,,,,,,,,,,,,,,,,,,,,,8793776,368552,8404004,false,false,3,2023-04-01,2023-06-30,0
2023-07-31,85510,2023-03-31,1,,,,,,,,,,,,,,,,,,,,,,,,,,,,,,,,,,,8381929,false,false,3,2022-04-01,2022-06-30,-1
2023-10-31,85510,2024-03-31,,,,,,,,,,1400000000,0.077,,900000000,,106.88,,,,,,,,,,,,,,,,,,,,,,true,true,6,2023-04-01,2023-09-30,0
2023-10-31,85510,2023-03-31,,,,,,,,,,2381000000,,,1654000000,,197.15,,,,,,,,,,,,,,,,,,,,,,true,false,6,2022-04-01,2022-09-30,-1
2023-10-31,85510,2024-03-31,,,,,,,,,,1500000000,0.154,900000000,,0.125,106.88,,,,,,,,,,,,,,,,,,,,,,false,true,6,2023-04-01,2023-09-30,0
2023-10-31,85510,2023-03-31,,,,,,,,,,2352000000,,1679000000,,,200.17,,,,,,,,,,,,,,,,,,,,,,false,false,6,2022-04-01,2022-09-30,-1
2023-11-10,85510,2024-03-31,2,,,,,,,,,1456000000,-0.388,,893000000,,106.16,105.70,,,,,1513881000000,79136000000,0.052,,79069000000,,,,,,,,,,,,true,false,6,2023-04-01,2023-09-30,0
2023-11-10,85510,2023-03-31,2,,,,,,,,,2381000000,0.276,,1654000000,,197.15,196.03,,,,,,,,,,,,,,,,,,,,,true,false,6,2022-04-01,2022-09-30,-1
2023-11-10,85510,2024-03-31,2,,,,,,,,,3600000000,0.029,,2300000000,,272.52,,,,,,,,,,,,,,,,,,,,,,true,true,12,2023-04-01,2024-03-31,0
2023-11-10,85510,2024-03-31,2,,,,,,,,,1496000000,-0.364,951000000,,-0.434,112.95,,,,,,1510247000000,76371000000,0.051,,76304000000,,,,,,,,,8793776,354063,8420467,false,false,6,2023-04-01,2023-09-30,0
2023-11-10,85510,2023-03-31,2,,,,,,,,,2352000000,0.159,1679000000,,0.139,200.17,,,,,,,,,,,,,,,,,,,,,8390501,false,false,6,2022-04-01,2022-09-30,-1
2023-11-10,85510,2024-03-31,2,,,,,,,,,3500000000,0.061,2200000000,,-0.146,260.67,,,,,,,,,,,,,,,60.00,,,,,,,false,true,12,2023-04-01,2024-03-31,0
2023-11-10,85510,2023-03-31,2,,,,,,,,,,,,,,,,,,,,1495481000000,75270000000,0.050,,75147000000,,,,,,,,,,,,true,false,12,2022-04-01,2023-03-31,-1
2023-11-10,85510,2023-03-31,2,,,,,,,,,,,,,,,,,,,,1491700000000,72424000000,0.048,,72301000000,,,,,60.00,,,,8793776,390385,,false,false,12,2022-04-01,2023-03-31,-1
2023-11-10,85510,2024-03-31,2,,,,,,,,,,,,,,,,,,,,,,,,,,,,,30.00,,,,,,,false,false,12,2023-04-01,2024-03-31,0
2023-11-10,85510,2024-03-31,,,,,,,,,,3600000000,0.091,,2300000000,,272.52,,,,,,,,,,,,,,,,,,,,,,true,true,12,2023-04-01,2024-03-31,0
2023-11-10,85510,2023-03-31,,,,,,,,,,3500000000,,,2659000000,,316.68,,,,,,,,,,,,,,,,,,,,,,true,false,12,2022-04-01,2023-03-31,-1
2023-11-10,85510,2024-03-31,,,,,,,,,,3500000000,0.129,2200000000,,,260.67,,,,,,,,,,,,,,,,,,,,,,false,true,12,2023-04-01,2024-03-31,0
2023-11-10,85510,2023-03-31,,,,,,,,,,3298000000,,2576000000,,,306.84,,,,,,,,,,,,,,,,,,,,,,false,false,12,2022-04-01,2023-03-31,-1
2024-01-31,85510,2024-03-31,3,,,,,,,,,3378000000,-0.087,,2213000000,,262.70,261.68,,,,,1520301000000,80465000000,0.053,,80398000000,,,,,,,,,,,,true,false,9,2023-04-01,2023-12-31,0
2024-01-31,85510,2023-03-31,3,,,,,,,,,3701000000,0.104,,2543000000,,302.93,301.21,,,,,,,,,,,,,,,,,,,,,true,false,9,2022-04-01,2022-12-31,-1
2024-01-31,85510,2024-03-31,3,,,,,,,,,3600000000,0.029,,2300000000,,272.52,,,,,,,,,,,,,,,,,,,,,,true,true,12,2023-04-01,2024-03-31,0
2024-01-31,85510,2023-03-31,3,,,,,,,,,,,,,,,,,,,,1495481000000,75270000000,0.050,,75147000000,,,,,,,,,,,,true,false,12,2022-04-01,2023-03-31,-1
2024-01-31,85510,2023-03-31,3,,,,,,,,,,,,,,,,,,,,,,,,,,,,,60.00,,,,8793776,390385,,false,false,12,2022-04-01,2023-03-31,-1
2024-01-31,85510,2024-03-31,3,,,,,,,,,,,,,,,,,,,,,,,,,,,,,30.00,,,,,,,false,false,12,2023-04-01,2024-03-31,0
2024-01-31,85510,2024-03-31,3,,,,,,,,,,,,,,,,,,,,,,,,,,,,,60.00,,,,,,,false,true,12,2023-04-01,2024-03-31,0
2024-01-31,85510,2024-03-31,3,,,,,,,,,,,,,,,,,,,,,,,,,,,,,,,,,8793776,354258,8426874,false,false,9,2023-04-01,2023-12-31,0
2024-01-31,85510,2023-03-31,3,,,,,,,,,,,,,,,,,,,,,,,,,,,,,,,,,,,8394923,false,false,9,2022-04-01,2022-12-31,-1
2024-04-25,85510,2024-03-31,,,,,,,,,,4000000000,0.111,,3000000000,,355.87,,,,,,,,,,,,,,,,,,,,,,true,true,12,2023-04-01,2024-03-31,0
2024-04-25,85510,2023-03-31,,,,,,,,,,3500000000,,,2659000000,,316.68,,,,,,,,,,,,,,,,,,,,,,true,false,12,2022-04-01,2023-03-31,-1
2024-04-25,85510,2024-03-31,,,,,,,,,,3900000000,0.114,3000000000,,0.364,355.87,,,,,,,,,,,,,,,80.00,,,,,,,false,true,12,2023-04-01,2024-03-31,0
2024-04-25,85510,2023-03-31,,,,,,,,,,3298000000,,2576000000,,,306.84,,,,,,,,,,,,,,,60.00,,,,,,,false,false,12,2022-04-01,2023-03-31,-1
2024-04-25,85510,2024-03-31,,,,,,,,,,,,,,,,,,,,,,,,,,,,,,30.00,,,,,,,false,false,12,2023-04-01,2024-03-31,0
2024-05-14,85510,2024-03-31,,,,,,,,,,4098000000,0.171,,3073000000,,364.62,363.27,0.038,0.003,,,1522676000000,86040000000,0.056,10187.48,85973000000,-27356000000,71826000000,-507000000,133184000000,,0.219,,,,,,true,false,12,2023-04-01,2024-03-31,0
2024-05-14,85510,2023-03-31,,,,,,,,,,3500000000,0.259,,2659000000,,316.68,314.88,0.035,0.002,,,1495481000000,75270000000,0.050,8942.49,75147000000,-210951000000,22787000000,-546000000,89222000000,,0.189,,,,,,true,false,12,2022-04-01,2023-03-31,-1
2024-05-14,85510,2025-03-31,,,,,,,,,,1600000000,0.098,,1100000000,,130.34,,,,,,,,,,,,,,,,,,,,,,true,true,6,2024-04-01,2024-09-30,1
2024-05-14,85510,2025-03-31,,,,,,,,,,3900000000,-0.048,,2800000000,,331.78,,,,,,,,,,,,,,,,0.241,,,,,,true,true,12,2024-04-01,2025-03-31,1
2024-05-14,85510,2024-03-31,,,,,,,,,,3960000000,0.201,3016000000,,0.171,357.80,356.48,,,,,1518208000000,82560000000,0.054,9775.07,82493000000,,,,,80.00,,,,8793776,354635,8429962,false,false,12,2023-04-01,2024-03-31,0
2024-05-14,85510,2023-03-31,,,,,,,,,,3298000000,0.177,2576000000,,0.156,306.84,305.10,,,,,1491700000000,72424000000,0.048,8603.89,72301000000,,,,,60.00,,,,8793776,390385,8397031,false,false,12,2022-04-01,2023-03-31,-1
2024-05-14,85510,2025-03-31,,,,,,,,,,1500000000,0.003,1000000000,,0.051,118.49,,,,,,,,,,,,,,,,,,,,,,false,true,6,2024-04-01,2024-09-30,1
2024-05-14,85510,2025-03-31,,,,,,,,,,3700000000,-0.066,2800000000,,-0.072,331.78,,,,,,,,,,,,,,,80.00,,,,,,,false,true,12,2024-04-01,2025-03-31,1
2024-07-31,85510,2025-03-31,1,,,,,,,,,1626000000,0.650,,1112000000,,131.86,131.46,,,,,1576038000000,88657000000,0.056,,88621000000,,,,,,,,,,,,true,false,3,2024-04-01,2024-06-30,0
2024-07-31,85510,2024-03-31,1,,,,,,,,,985000000,-0.223,,646000000,,76.86,76.43,,,,,,,,,,,,,,,,,,,,,true,false,3,2023-04-01,2023-06-30,-1
2024-07-31,85510,2025-03-31,1,,,,,,,,,1600000000,0.098,,1100000000,,130.34,,,,,,,,,,,,,,,,,,,,,,true,true,6,2024-04-01,2024-09-30,0
2024-07-31,85510,2025-03-31,1,,,,,,,,,3900000000,-0.048,,2800000000,,331.78,,,,,,,,,,,,,,,,,,,,,,true,true,12,2024-04-01,2025-03-31,0
2024-07-31,85510,2024-03-31,1,,,,,,,,,,,,,,,,,,,,1522676000000,86040000000,0.056,,85973000000,,,,,,,,,,,,true,false,12,2023-04-01,2024-03-31,-1
2024-07-31,85510,2024-03-31,1,,,,,,,,,,,,,,,,,,,,,,,,,,,,,80.00,,,,8793776,354635,,false,false,12,2023-04-01,2024-03-31,-1
2024-07-31,85510,2025-03-31,1,,,,,,,,,,,,,,,,,,,,,,,,,,,,,80.00,,,,,,,false,true,12,2024-04-01,2025-03-31,0
2024-07-31,85510,2025-03-31,1,,,,,,,,,,,,,,,,,,,,,,,,,,,,,,,,,8793776,342867,8439356,false,false,3,2024-04-01,2024-06-30,0
2024-07-31,85510,2024-03-31,1,,,,,,,,,,,,,,,,,,,,,,,,,,,,,,,,,,,8404004,false,false,3,2023-04-01,2023-06-30,-1
2024-10-30,85510,2025-03-31,,,,,,,,,,2800000000,0.750,,2200000000,,260.38,,,,,,,,,,,,,,,,,,,,,,true,true,6,2024-04-01,2024-09-30,0
2024-10-30,85510,2024-03-31,,,,,,,,,,1456000000,,,893000000,,106.16,,,,,,,,,,,,,,,,,,,,,,true,false,6,2023-04-01,2023-09-30,-1
2024-10-30,85510,2025-03-31,,,,,,,,,,2900000000,0.933,2200000000,,1.200,260.38,,,,,,,,,,,,,,,,,,,,,,false,true,6,2024-04-01,2024-09-30,0
2024-10-30,85510,2024-03-31,,,,,,,,,,1496000000,,951000000,,,112.95,,,,,,,,,,,,,,,,,,,,,,false,false,6,2023-04-01,2023-09-30,-1
2024-11-12,85510,2025-03-31,2,,,,,,,,,2977000000,1.044,,2266000000,,268.27,267.65,,,,,1554973000000,86538000000,0.056,,86502000000,,,,,,,,,,,,true,false,6,2024-04-01,2024-09-30,0
2024-11-12,85510,2024-03-31,2,,,,,,,,,1456000000,-0.388,,893000000,,106.16,105.70,,,,,,,,,,,,,,,,,,,,,true,false,6,2023-04-01,2023-09-30,-1
2024-11-12,85510,2025-03-31,2,,,,,,,,,5400000000,0.318,,3800000000,,449.11,,,,,,,,,,,,,,,,,,,,,,true,true,12,2024-04-01,2025-03-31,0
2024-11-12,85510,2025-03-31,2,,,,,,,,,2904000000,0.941,2242000000,,1.358,265.43,,,,,,1551380000000,83076000000,0.054,,83040000000,,,,,,,,,8793776,332720,8449003,false,false,6,2024-04-01,2024-09-30,0
2024-11-12,85510,2024-03-31,2,,,,,,,,,1496000000,-0.364,951000000,,-0.434,112.95,,,,,,,,,,,,,,,,,,,,,8420467,false,false,6,2023-04-01,2023-09-30,-1
2024-11-12,85510,2025-03-31,2,,,,,,,,,5200000000,0.313,3700000000,,0.227,437.29,,,,,,,,,,,,,,,80.00,,,,,,,false,true,12,2024-04-01,2025-03-31,0
2024-11-12,85510,2024-03-31,2,,,,,,,,,,,,,,,,,,,,1522676000000,86040000000,0.056,,85973000000,,,,,,,,,,,,true,false,12,2023-04-01,2024-03-31,-1
2024-11-12,85510,2024-03-31,2,,,,,,,,,,,,,,,,,,,,1518208000000,82560000000,0.054,,82493000000,,,,,80.00,,,,8793776,354635,,false,false,12,2023-04-01,2024-03-31,-1
2024-11-12,85510,2025-03-31,2,,,,,,,,,,,,,,,,,,,,,,,,,,,,,40.00,,,,,,,false,false,12,2024-04-01,2025-03-31,0
2024-11-12,85510,2025-03-31,,,,,,,,,,5400000000,0.385,,3800000000,,449.11,,,,,,,,,,,,,,,,,,,,,,true,true,12,2024-04-01,2025-03-31,0
2024-11-12,85510,2024-03-31,,,,,,,,,,4098000000,,,3073000000,,364.62,,,,,,,,,,,,,,,,,,,,,,true,false,12,2023-04-01,2024-03-31,-1
2024-11-12,85510,2025-03-31,,,,,,,,,,5200000000,0.405,3700000000,,0.321,437.29,,,,,,,,,,,,,,,,,,,,,,false,true,12,2024-04-01,2025-03-31,0
2024-11-12,85510,2024-03-31,,,,,,,,,,3960000000,,3016000000,,,357.80,,,,,,,,,,,,,,,,,,,,,,false,false,12,2023-04-01,2024-03-31,-1
2025-01-31,85510,2025-03-31,3,,,,,,,,,4826000000,0.429,,3479000000,,411.62,410.75,,,,,1561197000000,88749000000,0.057,,88712000000,,,,,,,,,,,,true,false,9,2024-04-01,2024-12-31,0
2025-01-31,85510,2024-03-31,3,,,,,,,,,3378000000,-0.087,,2213000000,,262.70,261.68,,,,,,,,,,,,,,,,,,,,,true,false,9,2023-04-01,2023-12-31,-1
2025-01-31,85510,2025-03-31,3,,,,,,,,,5400000000,0.318,,3800000000,,449.11,,,,,,,,,,,,,,,,,,,,,,true,true,12,2024-04-01,2025-03-31,0
2025-01-31,85510,2024-03-31,3,,,,,,,,,,,,,,,,,,,,1522676000000,86040000000,0.056,,85973000000,,,,,,,,,,,,true,false,12,2023-04-01,2024-03-31,-1
2025-01-31,85510,2024-03-31,3,,,,,,,,,,,,,,,,,,,,,,,,,,,,,80.00,,,,8793776,354635,,false,false,12,2023-04-01,2024-03-31,-1
2025-01-31,85510,2025-03-31,3,,,,,,,,,,,,,,,,,,,,,,,,,,,,,40.00,,,,,,,false,false,12,2024-04-01,2025-03-31,0
2025-01-31,85510,2025-03-31,3,,,,,,,,,,,,,,,,,,,,,,,,,,,,,100.00,,,,,,,false,true,12,2024-04-01,2025-03-31,0
2025-01-31,85510,2025-03-31,3,,,,,,,,,,,,,,,,,,,,,,,,,,,,,,,,,8793776,332954,8453016,false,false,9,2024-04-01,2024-12-31,0
2025-01-31,85510,2024-03-31,3,,,,,,,,,,,,,,,,,,,,,,,,,,,,,,,,,,,8426874,false,false,9,2023-04-01,2023-12-31,-1
2025-05-14,85510,2025-03-31,,,,,,,,,,5578000000,0.361,,4011000000,,475.57,474.62,0.047,0.004,,,1526336000000,86460000000,0.057,10405.06,86424000000,-17070000000,-4986000000,-1262000000,109865000000,,0.210,,,,,,true,false,12,2024-04-01,2025-03-31,0
2025-05-14,85510,2024-03-31,,,,,,,,,,4098000000,0.171,,3073000000,,364.62,363.27,0.038,0.003,,,1522676000000,86040000000,0.056,10187.48,85973000000,-27356000000,71826000000,-507000000,133184000000,,0.219,,,,,,true,false,12,2023-04-01,2024-03-31,-1
2025-05-14,85510,2026-03-31,,,,,,,,,,1900000000,-0.362,,1200000000,,144.47,,,,,,,,,,,,,,,,,,,,,,true,true,6,2025-04-01,2025-09-30,1
2025-05-14,85510,2026-03-31,,,,,,,,,,4700000000,-0.158,,3100000000,,373.22,,,,,,,,,,,,,,,,0.268,,,,,,true,true,12,2025-04-01,2026-03-31,1
2025-05-14,85510,2025-03-31,,,,,,,,,,5300000000,0.338,3844000000,,0.275,455.78,454.87,,,,,1522378000000,82864000000,0.054,9972.07,82828000000,,,,,100.00,,,,8793776,487757,8434543,false,false,12,2024-04-01,2025-03-31,0
2025-05-14,85510,2024-03-31,,,,,,,,,,3960000000,0.201,3016000000,,0.171,357.80,356.48,,,,,1518208000000,82560000000,0.054,9775.07,82493000000,,,,,80.00,,,,8793776,354635,8429962,false,false,12,2023-04-01,2024-03-31,-1
2025-05-14,85510,2026-03-31,,,,,,,,,,1800000000,-0.380,1200000000,,-0.465,144.47,,,,,,,,,,,,,,,,,,,,,,false,true,6,2025-04-01,2025-09-30,1
2025-05-14,85510,2026-03-31,,,,,,,,,,4500000000,-0.151,3000000000,,-0.220,361.18,,,,,,,,,,,,,,,100.00,,,,,,,false,true,12,2025-04-01,2026-03-31,1
2025-07-31,85510,2026-03-31,1,,,,,,,,,1665000000,0.024,,1129000000,,136.00,135.77,,,,,1546531000000,87724000000,0.057,,87688000000,,,,,,,,,,,,true,false,3,2025-04-01,2025-06-30,0
2025-07-31,85510,2025-03-31,1,,,,,,,,,1626000000,0.650,,1112000000,,131.86,131.46,,,,,,,,,,,,,,,,,,,,,true,false,3,2024-04-01,2024-06-30,-1
2025-07-31,85510,2026-03-31,1,,,,,,,,,1900000000,-0.362,,1200000000,,144.47,,,,,,,,,,,,,,,,,,,,,,true,true,6,2025-04-01,2025-09-30,0
2025-07-31,85510,2026-03-31,1,,,,,,,,,4700000000,-0.158,,3100000000,,373.22,,,,,,,,,,,,,,,,,,,,,,true,true,12,2025-04-01,2026-03-31,0
2025-07-31,85510,2025-03-31,1,,,,,,,,,,,,,,,,,,,,1526336000000,86460000000,0.057,,86424000000,,,,,,,,,,,,true,false,12,2024-04-01,2025-03-31,-1
2025-07-31,85510,2025-03-31,1,,,,,,,,,,,,,,,,,,,,,,,,,,,,,100.00,,,,8793776,487757,,false,false,12,2024-04-01,2025-03-31,-1
2025-07-31,85510,2026-03-31,1,,,,,,,,,,,,,,,,,,,,,,,,,,,,,100.00,,,,,,,false,true,12,2025-04-01,2026-03-31,0
2025-07-31,85510,2026-03-31,1,,,,,,,,,,,,,,,,,,,,,,,,,,,,,,,,,8593776,288076,8305897,false,false,3,2025-04-01,2025-06-30,0
2025-07-31,85510,2025-03-31,1,,,,,,,,,,,,,,,,,,,,,,,,,,,,,,,,,,,8439356,false,false,3,2024-04-01,2024-06-30,-1
